4198 6444
746 398 882 464 12ιὶ

2044 402 2079 463 J
2086 403 2182 464 US
2218 404 2664 468 CANONICUM

3866 412 4009 477 12ιὲ

737 518 828 587 jus
861 514 1209 584 percolantia,
1242 523 1299 571 et
1330 513 1730 583 iniquissimam
1764 515 1905 572 banc
1937 518 2306 585 appellantia;

2414 520 2588 585 οὐδεὶς
2617 521 2692 593 μὴ
2727 522 3157 595 σκαρδαςιὺττων
3183 523 3322 595 πρὸς
3354 506 3461 595 τὴν
3494 524 3812 596 ἐνάργειαν,
3859 531 4012 583 ἐκεῖ·

739 622 903 661 nemo
934 621 1085 671 sane,
1111 606 1201 675 qui
1234 609 1299 658 ad
1333 606 1635 661 evidentem
1689 607 1956 661 rationem
1993 623 2100 663 non
2134 610 2316 663 conni-

2428 630 2534 666 νων
2590 616 2690 684 μὲν
2738 614 3163 686 καταψηφιεῖται
3213 615 3445 687 σχολὴν,
3500 619 3598 672 καὶ
3638 619 3817 672 ταῦτα
3870 623 4010 691 μηδὲ

737 706 885 761 veat,
915 698 1002 752 illa
1036 697 1253 767 quidem
1284 698 1429 752 velut
1456 699 1653 754 abolita
1682 698 1982 764 damnabit,
2024 702 2323 770 praesertim

744 804 867 844 cum
900 804 997 843 nec
1028 789 1240 844 sublata
1296 789 1409 844 sint
1459 790 1680 845 disertis
1739 792 1923 846 verbis
1986 807 2015 846 a
2074 794 2325 863 prasenti

743 883 992 952 synodali
1050 882 1306 949 scripto;
1365 896 1485 950 qua:
1534 890 1715 935 autem
1794 882 1899 937 hoc
1950 884 2321 947 continentur,

742 974 971 1027 Canonis
1000 981 1054 1026 et
1107 974 1371 1043 legalibus
1439 974 1705 1029 doctrinis
1764 976 2089 1044 exaequabit.
2138 975 2326 1044 Itaque

743 1065 1053 1131 respiciens
1102 1066 1155 1116 in
1204 1071 1497 1117 auctorem
1548 1075 1602 1120 et
1654 1078 2153 1124 consummatorem
2201 1070 2322 1125 ﬁdei

743 1162 966 1218 nostrae,
1008 1154 1296 1208 Dominum
1326 1170 1390 1210 ac
1440 1155 1607 1211 Deum
1666 1171 1911 1215 nostrum
1962 1161 2323 1219 Jesumeri-

740 1255 908 1307 stum,
949 1259 1142 1297 rursus
1192 1243 1324 1298 aio:
1363 1246 1507 1314 quod
1543 1236 1665 1301 cum
1695 1263 1924 1319 magnus
1972 1252 2065 1305 ille
2123 1253 2322 1307 Paulus

741 1335 911 1400 dicat,
943 1338 1135 1392 Mulier
1158 1341 1393 1408 corporis
1438 1342 1521 1394 sui
1578 1353 1890 1409 potestatem
1944 1362 2047 1399 non
2122 1347 2308 1411 liabet,

742 1430 833 1483 sed
861 1431 1087 1482 maritus
1122 1446 1139 1483 :
1169 1447 1230 1483 ac
1249 1431 1498 1485 similiter
1522 1433 1746 1486 maritus
1771 1444 2083 1500 potestatem
2131 1452 2318 1506 corpo-

740 1521 817 1572 ris
841 1520 925 1572 sui
952 1538 1054 1573 non
1081 1521 1255 1589 habet,
1282 1522 1371 1575 sed
1404 1539 1536 1576 uxor
1565 1541 1583 1577 :
1646 1525 1944 1594 itidemque
1995 1541 2118 1581 cum
2174 1529 2321 1583 sacri

743 1622 984 1663 canones
1016 1620 1070 1663 et
1103 1612 1234 1664 tomi
1288 1627 1410 1665 cum
1440 1612 1603 1664 vidua
1632 1614 1981 1669 matrimonio
2005 1618 2320 1686 copulatum

742 1713 843 1768 pro
865 1700 1082 1769 digamo
1111 1701 1399 1765 habentes,
1427 1702 1494 1756 ad
1532 1706 1758 1773 gradum
1792 1706 2028 1775 aliquem
2063 1710 2320 1765 ecclesia-

742 1791 938 1844 sticum
978 1792 1259 1859 pervenire
1289 1807 1396 1845 non
1448 1793 1630 1847 sinant
1660 1811 1675 1847 :
1704 1810 1766 1849 ac
1802 1811 1869 1849 ne
1890 1796 2135 1853 defuncti
2191 1800 2319 1869 qui-

747 1880 870 1935 dem
924 1882 1231 1938 sacerdotis
1274 1886 1569 1955 conjugem
1634 1886 1699 1939 ad
1751 1887 2025 1944 secundas
2086 1892 2323 1948 transire

739 1972 964 2041 nuptias
997 1975 1337 2042 permittant,
1372 1976 1533 2045 idque
1566 1977 1791 2031 omnino
1854 1988 2077 2048 propter
2126 1983 2324 2038 identi-

740 2070 905 2115 tatem
930 2078 1216 2131 corporum
1244 2067 1508 2135 ipsorum,
1538 2069 1999 2136 quemadmodum
2028 2074 2320 2130 manifesto

741 2151 915 2221 liquet
967 2167 1032 2206 ex
1072 2169 1203 2209 xm
1245 2163 1298 2210 et
1368 2172 1514 2211 usu
1567 2159 1745 2228 capite
1800 2162 1940 2217 tituli
1984 2163 2141 2232 primi
2193 2164 2317 2220 libri

742 2244 811 2298 ΠΙ
856 2244 1237 2313 Basilicarum,
1292 2259 1348 2303 et
1421 2266 1549 2305 κων
1607 2267 1817 2309 canone
1873 2257 2048 2310 sancti
2110 2257 2319 2324 Basilii,

738 2337 898 2406 cujus
922 2338 974 2391 in
1007 2339 1111 2393 line
1138 2338 1363 2405 dicitur,
1404 2340 1516 2399 Nos
1559 2344 1807 2401 diacona:
1854 2362 2079 2418 corpus,
2143 2350 2313 2405 veluti

742 2441 868 2495 qua:
899 2438 1219 2483 consecrata
1259 2432 1442 2496 fuerit,
1476 2448 1586 2488 non
1627 2437 1862 2505 amplius
1890 2438 1944 2492 in
1974 2453 2076 2494 usu
2104 2442 2313 2495 carnali

739 2532 863 2573 esse
890 2522 1302 2588 permittimus:
1356 2526 1608 2594 equidem
1659 2526 1849 2596 judico
1910 2531 2235 2586 canonicum
2262 2540 2316 2589 et

739 2608 1039 2676 legitimum
1076 2626 1218 2674 esse,
1256 2620 1315 2667 ut
1362 2618 1688 2671 auctoritate
1728 2620 2086 2689 prohibeatur
2136 2626 2317 2681 eccle-

740 2699 984 2762 siastica,
1019 2705 1313 2771 quominus
1346 2720 1490 2760 unus
1515 2715 1569 2760 et
1620 2708 1759 2763 idem
1807 2712 2022 2770 duabus
2073 2716 2316 2775 sobrinis

742 2792 1047 2859 copuletur,
1081 2808 1144 2849 ac
1196 2796 1316 2851 vice
1369 2813 1572 2853 versa:
1633 2802 1790 2871 sique
1843 2804 1980 2859 clam
2044 2808 2313 2877 ejusmodi

739 2883 870 2950 quid
910 2883 1111 2938 factum
1146 2885 1331 2950 fuerit,
1369 2886 1436 2942 de
1473 2890 1743 2946 industria
1776 2893 2089 2965 dirimatur,
2146 2907 2201 2956 et
2224 2902 2311 2956 in-

741 2974 1074 3030 tervcnicnte
1130 2992 1289 3046 parua
1323 2982 1653 3048 corrigatur.

1362 3091 1431 3147 Ε]
1442 3091 1672 3148 USDEM

739 3196 981 3266 Epistola
1019 3206 1082 3256 de
1106 3204 1355 3276 incensis.
1386 3224 1503 3275 aute
1535 3224 1567 3261 a
1602 3210 1912 3276 patriarcha
1963 3214 2087 3269 dari
2135 3216 2307 3273 solent

1073 3290 1133 3326 eo
1165 3275 1251 3328 die
1271 3292 1372 3344 quo
1419 3279 1701 3333 catechesis
1729 3281 1971 3338 habetur.

807 3422 887 3477 Tu
920 3426 1161 3494 quidem,
1197 3427 1518 3487 charissime
1550 3430 1648 3497 fili,
1687 3434 2079 3504 gloriosissime
2109 3440 2304 3509 judex,

734 3522 789 3567 et
816 3516 1069 3585 praefecte
1119 3518 1500 3587 judiciorum,
1561 3538 1685 3577 cum
1746 3524 1949 3583 Davide
2024 3534 2303 3600 psallens:

733 3604 1011 3677 interroga
1039 3618 1246 3678 patrem
1280 3619 1453 3676 tuum,
1484 3628 1548 3668 ac
1584 3615 1732 3671 dicet
1783 3619 1877 3673 tibi
1904 3638 1919 3688 ;
1952 3624 2198 3682 seniores
2231 3638 2304 3694 te,

736 3710 801 3748 ac
824 3699 1214 3752 renuntiabunt
1243 3701 1338 3754 tibi
1366 3718 1381 3767 ;
1428 3714 1575 3758 recte
1614 3720 1943 3777 cognoscere
1959 3714 2211 3782 cupivisti
2238 3732 2306 3772 ex

733 3786 911 3851 nobis,
953 3803 1061 3857 qua
1089 3787 1157 3844 de
1185 3804 1349 3846 causa
1372 3793 1490 3848 dari
1519 3799 1720 3865 populo
1742 3802 1955 3857 soleant
1983 3819 2012 3857 a
2038 3808 2308 3878 cujusque

733 3879 1000 3945 temporis
1056 3880 1419 3938 sanctissimis
1476 3888 1806 3955 patriarchis
1866 3894 2121 3961 incensa,
2181 3908 2306 3967 post

731 3966 973 4021 habitam
1036 3972 1374 4030 catechesin.
1424 3974 1538 4045 Ego
1601 3994 1731 4034 vero
1798 3981 1945 4039 faces
1998 3966 2305 4047 afﬂictionis

730 4054 991 4112 hauriens
1028 4058 1084 4112 in
1111 4061 1326 4127 exsilio,
1358 4067 1659 4121 cunctabar
1695 4069 1961 4130 hactenus
1988 4075 2041 4129 in
2075 4093 2306 4149 respon-

730 4147 931 4204 dendo.
986 4148 1091 4205 Sed
1145 4154 1404 4221 quoniam
1460 4159 1645 4214 cuivis
1703 4166 1926 4231 petenti,
1978 4175 2031 4221 et
2092 4147 2307 4240 semper

730 4238 973 4307 quidem,
1028 4249 1138 4297 tam
1202 4245 1411 4315 lingua,
1472 4264 1636 4318 quam
1704 4268 1867 4310 manu
1921 4258 2055 4313 dare
2108 4238 2306 4320 debere

729 4328 935 4399 didici,
990 4334 1105 4389 haec
1152 4336 1219 4391 ad
1276 4339 1763 4413 interrogationem
1806 4363 1873 4403 ex
1936 4357 2180 4422 tempore
2220 4370 2306 4412 re-

730 4424 996 4492 spondeo.

801 4513 1175 4571 Celsissimam
1236 4532 1523 4574 sacrorum
1602 4523 1994 4594 imperatorum
2068 4533 2307 4589 circurn-

731 4606 1091 4672 spectiouem,
1125 4615 1179 4663 et
1204 4613 1654 4679 patriarcharum
1689 4621 2131 4689 amplitudinem,
2164 4627 2306 4682 inter

730 4694 836 4747 alia
893 4695 1191 4754 reddebant
1248 4702 1378 4755 olim
1439 4707 1811 4773 augustiorem
1868 4714 2035 4766 etiam
2109 4730 2305 4773 annuae

730 4799 893 4855 rogas,
957 4803 1021 4843 ac
1073 4790 1321 4847 baiorum
1360 4796 1701 4865 largitiones.
1753 4800 1965 4873 Quippe
2039 4806 2305 4864 sedebant

731 4877 891 4930 annis
940 4878 1169 4947 singulis
1220 4883 1491 4953 cujusque
1553 4892 1815 4957 temporis
1872 4896 2193 4961 patriarchae
2240 4914 2303 4955 ac

731 4965 1106 5035 imperatores,
1171 4980 1226 5025 et
1259 4988 1356 5042 per
1405 4977 1520 5031 haec
1562 4980 1815 5037 subditos
1856 4984 1923 5039 ad
1970 4986 2303 5043 benevolen-

732 5055 861 5109 tiam
915 5060 1236 5116 invitabant.
1268 5062 1427 5119 Novit
1482 5069 1585 5123 hoc
1615 5080 1827 5136 patrum
1860 5080 2299 5147 conscriptorum

733 5149 1106 5216 amplissimus
1129 5153 1287 5219 ordo,
1318 5170 1383 5210 ac
1432 5156 1685 5216 fortassis
1714 5163 1877 5217 etiam
1906 5167 2175 5230 nonnulli.
2205 5171 2300 5239 qui

734 5235 838 5291 hac
866 5248 1027 5295 aetate
1077 5252 1264 5298 nostra
1306 5246 1518 5301 vivunt.
1545 5248 1668 5304 Non
1709 5252 1852 5306 enim
1886 5264 2013 5310 ante
2056 5235 2301 5326 tempora

732 5326 974 5386 Euclidis
1028 5336 1238 5401 prodita
1286 5344 1415 5391 sunt
1477 5342 1674 5409 gerris,
1736 5357 1837 5396 nec
1910 5347 2298 5402 somniantium

734 5423 1038 5477 vetularum
1083 5425 1293 5481 fabellae
1346 5438 1520 5484 sunt:
1570 5434 1664 5487 sed
1701 5450 1874 5503 usque
1905 5435 1970 5490 ad
2013 5438 2299 5507 imperium

735 5509 940 5565 domini
991 5513 1335 5573 Constantini
1395 5518 1554 5577 Ducat
1612 5524 1831 5579 duravit
1885 5537 2148 5597 augustos
2211 5531 2302 5587 ille

736 5617 858 5658 mos
886 5614 994 5657 tam
1050 5606 1100 5659 in
1134 5608 1304 5674 ipsius
1343 5609 1455 5677 Dei,
1493 5629 1655 5681 quam
1709 5616 2098 5686 imperatorum
2130 5623 2296 5691 regia,

736 5700 791 5747 et
824 5696 1048 5750 omnino
1083 5698 1281 5753 bonum
1313 5701 1415 5756 hoc
1456 5703 1522 5756 ad
1566 5720 1665 5761 nos
1697 5720 1914 5777 quoque
1944 5718 2297 5781 propagatum

739 5785 858 5853 fuit,
915 5803 943 5844 a
993 5790 1290 5861 majoribus
1340 5794 1406 5850 ad
1457 5805 1703 5866 nepotes,
1748 5814 1776 5855 a
1834 5805 2184 5872 generatione
2231 5803 2296 5858 ad

2347 1848 2397 1909 B

2426 705 2823 776 ἀναιρεθέντων
2879 709 3061 778 ῥητῶς
3117 708 3220 761 ὑπὸ
3259 708 3353 761 τοῦ
3408 712 3679 780 παρόντος
3715 712 4010 767 συνοδικοῦ

2428 797 2846 866 σημειώματος·
2876 801 2945 851 τὰ
2968 798 3025 851 δὲ
3056 801 3113 852 ὲν
3142 798 3318 869 τούτῳ
3365 802 3760 871 περιεχόμενα,
3793 820 4015 855 κανονι-

2425 890 2541 951 κοῖς
2567 889 2661 940 καὶ
2688 889 2941 959 νομίμοις
2967 889 3222 954 ἐξισώσει
3246 892 3594 962 διδάγμασιν.
3633 895 3889 963 ’Δφορῶν
3916 892 4012 949 οὖν

2426 979 2504 1039 εἰς
2533 980 2624 1030 τὸν
2652 982 2749 1049 τῆς
2791 980 3028 1042 πίστεως
3074 982 3318 1051 ἀρχηγὸν
3342 984 3437 1036 καὶ
3469 983 3767 1055 τελειωτὴν
3799 988 4015 1054 Κύριον

2424 1068 2521 1121 καὶ
2568 1069 2703 1121 Θεὸν
2747 1070 2904 1139 ήμῶν
2958 1071 3168 1140 Ἰησοῦν
3208 1073 3466 1144 Χριστὸν,
3499 1074 3645 1143 λέγω
3672 1078 3769 1129 καὶ
3810 1077 4007 1141 αὖθις·

2424 1159 2501 1221 ὠς
2525 1160 2646 1212 ἐπεὶ
2676 1162 2704 1212 ό
2728 1161 2901 1230 μέγας
2936 1162 3149 1225 Παῦλός
3201 1180 3388 1231 φησιν’
3431 1166 3492 1221 Ἡ
3522 1165 3680 1234 γυνὴ
3716 1166 3828 1220 τοῦ
3852 1166 4012 1220 ἰδίου

2421 1246 2695 1315 σώματος
2727 1251 2840 1303 οὐκ
2868 1249 3220 1314 ἐξουσιάζει,
3244 1253 3383 1305 ἀλλ’
3415 1256 3450 1307 ὀ
3476 1254 3631 1321 ἀνήρ
3650 1269 3665 1283 ·
3694 1256 3920 1321 ὁμοίως
3947 1256 4013 1308 δὲ

2424 1340 2520 1393 καὶ
2549 1342 2582 1393 ὀ
2615 1338 2772 1407 ἀνὴρ
2828 1340 2935 1394 τοῦ
2984 1341 3137 1395 (Nov
3161 1341 3438 1410 σώματος
3484 1345 3597 1397 οὐκ
3646 1344 4010 1410 ἐξουσιάζει,

2421 1430 2559 1484 ἀλλ’
2597 1429 2635 1497 ἠ
2677 1429 2858 1499 γυνή.
2911 1432 2974 1484 Οί
3011 1432 3068 1484 δὲ
3119 1432 3252 1485 θεῖοι
3293 1433 3389 1485 καὶ
3442 1434 3578 1506 ἱεροὶ
3634 1436 3865 1497 κανόνες
3919 1437 4012 1489 καὶ

2421 1521 2577 1591 τόμοι
2618 1522 2707 1575 τὸν
2747 1522 2887 1592 μετὰ
2916 1524 3092 1594 χήρας
3126 1524 3384 1595 γαμικῶς
3409 1525 3752 1593 συναφθέντα
3783 1527 4004 1595 λογιζό-

2425 1633 2576 1687 μενοι
2608 1617 2861 1686 δίγαμον,
2910 1619 2991 1679 εις
3025 1619 3489 1688 ἐκκλησιαστικὸν
3522 1619 3735 1690 βαθμὸν
3773 1624 3882 1675 οὑκ
3916 1624 4011 1676 εὑο

2420 1707 2671 1762 δοκοῦσιν
2716 1710 2911 1771 ἐλθεῖν,
2969 1710 3084 1763 ἀλλ’
3137 1711 3259 1764 οὑδὲ
3308 1714 3408 1783 τὴν
3447 1714 3543 1767 τοῦ
3579 1716 4011 1787 τελευτήσαντος

2425 1798 2618 1869 ἱερέως
2687 1800 2953 1869 όμόζυγον
3037 1801 3516 1874 δευτερογαμῆσαι
3582 1807 4007 1877 παραχωροῦσι,

2425 1888 2645 1950 πάντως
2693 1888 2783 1942 διὰ
2835 1891 2937 1960 τὴν
2991 1892 3300 1962 ταυτότητα
3328 1893 3438 1946 τῶν
3497 1897 3772 1965 σωμάτων
3800 1898 4009 1963 αὐτῶν,

2425 1976 2607 2041 καθὼς
2635 1978 2702 2032 τα
2737 1980 2869 2049 περὶ
2924 1980 3117 2035 τούτου
3170 1983 3504 2054 παρίσταται
3546 1986 3613 2039 ὲκ
3656 1986 3753 2039 τοῦ
3799 1988 3885 2041 λα’
3914 1989 4009 2042 καὶ

2423 2069 2501 2139 λβ¹
2533 2070 2854 2138 κεφαλαίου,
2899 2072 2995 2125 τοῦ
3054 2072 3274 2143 πρώτου
3308 2076 3516 2141 τίτλου,
3566 2077 3661 2131 τοῦ
3714 2084 3768 2145 γ’
3797 2078 4008 2149 βιϐλίου

2421 2162 2532 2216 τῶν
2562 2163 2886 2232 Βασιλικῶν,
2916 2167 3010 2219 καὶ
3042 2167 3138 2220 τοῦ
3172 2168 3255 2237 μδν
3292 2170 3520 2233 κανόνος
3552 2171 3649 2224 τοῦ
3693 2173 3857 2239 ἁγίου
3894 2175 4005 2227 Βα-

2423 2253 2645 2320 σιλείου,
2698 2254 2947 2324 λέγοντος
2999 2258 3130 2329 περὶ
3173 2259 3235 2312 τὸ
3286 2259 3464 2325 τέλοςο
3525 2262 3719 2332 Ἦμεῖς
3762 2259 3859 2317 οὖν
3907 2266 4008 2333 τῆς

2418 2344 2669 2399 διακόνου
2696 2346 2755 2399 τὸ
2786 2347 2966 2417 σῶμα,
2984 2348 3061 2411 ὡς
3092 2349 3535 2422 καθιερωμένης,
3566 2353 3750 2407 οὐκέτι
3781 2356 4008 2427 ἐπιτρέ-

2419 2450 2595 2504 πομεν
2635 2440 2692 2489 ἐν
2734 2440 2925 2507 χρήσει
2960 2435 3100 2492 εἶναι
3152 2444 3422 2513 σαρκικῇ·
3456 2443 3805 2511 διαγινώσκω
3836 2463 4003 2499 κανο-

2417 2528 2566 2581 νικὸν
2616 2523 2758 2583 εἶναι
2808 2532 2900 2582 καὶ
2942 2533 3196 2601 νὸμιμον,
3259 2534 3322 2586 τὸ
3378 2535 3517 2604 μετὰ
3572 2536 3864 2601 αὖθεντίας
3904 2540 4002 2591 ἑκ-

2417 2619 2811 2689 κ).ησιαστικῆς
2863 2621 3165 2677 κωλύεσθαι
3213 2625 3306 2678 τὸν
3361 2626 3526 2679 αὑτὸν
3582 2629 3678 2681 καὶ
3734 2628 3831 2680 ἕνα
3876 2629 4001 2682 δυσὶ

2414 2709 2818 2779 δισεξαδέλφαις
2858 2714 3265 2781 συνάπτεσθαι,
3320 2718 3415 2769 καὶ
3460 2718 3524 2770 τό
3561 2719 3865 2773 ἀνάπαλιν·
3904 2722 3999 2773 καὶ

2419 2802 2465 2852 εἰ
2495 2800 2645 2854 λάθοι
2668 2802 2920 2869 γενέσθαι
2947 2804 3189 2859 τοιοῦτόν
3210 2823 3284 2869 τι,
3314 2808 3617 2872 σπουδαίως
3634 2810 3994 2878 διασπᾶσθαι,

2419 2891 2513 2943 καὶ
2542 2893 2656 2960 μετ’
2680 2892 2956 2962 ἐπιτιμίου
2982 2893 3344 2965 διορθοῦσθαι.

2994 3090 3134 3143 ΤΟΥ
3170 3092 3404 3145 ΑΥΤΟΥ

2429 3198 2779 3281 ’Emc'roJiL,
2834 3202 3030 3281 χάριν·⁸
3062 3203 3181 3260 τῶν
3214 3204 3542 3281 διδομένων
3603 3214 3993 3281 θυμιαμάτων

2483 3269 2643 3336 παρὰ
2669 3271 2776 3351 τοῦ
2817 3269 3208 3343 πατριάρχου,
3247 3269 3399 3331 κατὰ
3443 3278 3560 3347 τὴν
3602 3269 3835 3350 ᾐῖἐρᾰν
3880 3285 3993 3353 τῆς

2482 3356 2894 3408 κατηχησεως.

2482 3432 2555 3485 Σὺ
2637 3432 2757 3501 μὲν,
2835 3432 3164 3501 τριπόθητον
3242 3436 3452 3505 τέκνον,
3513 3440 3975 3509 μεγαλοδοξότατε

2410 3521 2591 3593 κριτὰ,
2652 3524 2745 3575 καὶ
2791 3522 2913 3591 ἐπὶ,
2942 3523 3053 3575 τῶν
3107 3525 3344 3594 κρίσεων
3375 3568 3391 3593 ,
3442 3527 3658 3597 ψάλλων
3708 3535 3851 3601 μετὰ
3883 3535 3980 3589 τοῦ

2411 3613 2760 3685 θεοπάτορος,
2834 3614 3142 3687 Ἐρώτησον
3187 3621 3283 3671 τὸν
3324 3618 3539 3688 πατέρα
3588 3637 3707 3683 σου,
3746 3624 3839 3677 καὶ
3873 3628 3994 3696 ἐρεῖ

2412 3720 2514 3767 σοι,
2546 3705 2671 3766 τοὺς
2717 3704 3120 3775 πρεσϐυτέρους
3175 3723 3270 3760 σου
3318 3710 3414 3762 καὶ
3445 3712 3819 3779 ἁπαγγελοῦσί
3876 3733 3985 3769 σοι·

2410 3794 2590 3857 καλῶς
2624 3796 2893 3866 ἐζήτησας
2921 3796 3114 3867 μαθεῖν
3141 3796 3203 3863 ἐξ
3229 3799 3410 3868 ἡμῶν,
3441 3801 3583 3862 τίνος
3606 3804 3767 3875 χάριν
3812 3808 3991 3860 δίδον·

2407 3902 2498 3940 ται
2526 3887 2605 3955 τῷ
2630 3887 2744 3957 λαῷ
2773 3889 2925 3957 παρα
2947 3888 3056 3941 τῶν
3091 3889 3233 3943 κατὰ
3260 3895 3487 3962 καιροὺς
3527 3895 3855 3962 ἁγιωτάτων
3882 3915 3989 3954 πα-

2407 3979 2683 4048 τριαρχῶν
2736 3979 2875 4049 μετὰ
2926 3979 3027 4051 τὴν
3077 3982 3375 4051 κατήχησιν
3433 3984 3776 4055 θυμιάματα.
3845 3990 3989 4060 Ἐγὼ

2408 4068 2465 4121 δὲ
2495 4068 2663 4121 πίνων
2683 4072 2909 4139 τρυγίαν
2933 4070 3164 4139 θλίψεως
3207 4073 3518 4143 ὑπερόριον,
3576 4060 3787 4131 ὤκνουν
3848 4083 3989 4152 πρὸς

2409 4159 2506 4230 τὴν
2529 4162 2842 4231 ἀπόκρισιν.
2899 4161 3053 4215 Ἐπεὶ
3105 4163 3162 4216 δὲ
3214 4162 3379 4217 παντὶ
3434 4165 3513 4236 τῷ
3567 4168 3829 4236 αἰτοῦντι,
3891 4174 3991 4227 καὶ

2410 4251 2661 4317 πάντοτε,
2697 4252 2794 4305 καὶ
2817 4252 3033 4326 γλώττῃ
3065 4255 3160 4307 καὶ⁵
3184 4257 3330 4325 χειρὶ
3350 4257 3586 4326 ὀφείλειν
3638 4260 3839 4315 διδόναι
3887 4281 3990 4333 μου

2411 4342 2654 4414 μαθηκα,
2686 4344 2947 4413 σχεδιάζω
2968 4362 3051 4398 σοι
3084 4345 3259 4401 ταῦτα
3292 4347 3429 4418 πρὸς
3465 4348 3565 4420 τὴν
3592 4351 3890 4422 ἐρώτησιν.

2330 4516 2379 4577 1)
2475 4530 2585 4598 Τὴν
2610 4528 2949 4600 ὑψηλοτάτην
2970 4529 3079 4583 τῶν
3108 4529 3268 4583 θείων
3306 4530 3734 4601 αὐτοκρατόρων
3781 4552 3989 4605 περιω.

2409 4620 2535 4691 πὴν,
2572 4619 2796 4673 καὶτῶν
2826 4620 3182 4690 πατριαρχῶν
3220 4624 3320 4689 τὴν
3374 4624 3801 4694 μεγαλειότητα,
3844 4630 3987 4695 μετά

2404 4709 2514 4761 τῶν
2554 4708 2727 4763 ἄλλων
2774 4709 3033 4779 ἑσέμνουν
3074 4713 3169 4763 καλ⁵
3223 4710 3431 4780 ἐτήσιοι
3486 4714 3642 4782 ρόγαι
3694 4718 3854 4780 ποτε,
3890 4721 3987 4772 καὶ

2408 4804 2578 4875 βαῖων
2633 4804 3066 4874 φιλοτιμήματα.
3131 4803 3428 4872 Ἐκάθηντο
3482 4807 3592 4875 γὰρ
3651 4809 3890 4877 ἐτησίοις
3935 4812 3985 4863 οῖ

2404 4895 2546 4949 κατὰ
2567 4896 2789 4965 καιροὺς
2815 4895 3153 4965 πατριάρχαι
3171 4895 3265 4946 καὶ
3302 4893 3565 4964 βασιλεῖς,
3614 4900 3711 4951 καὶ
3747 4916 3985 4968 μετεκα-

2403 4982 2591 5036 λοῦντο
2624 4986 2750 5048 τοὺς
2815 4985 3089 5052 ὑπηκόους
3129 4983 3219 5036 διὰ
3271 4983 3477 5037 τούτων
3546 4987 3681 5056 πρὸς
3743 4988 3983 5045 εὖνοιαν.

2404 5070 2524 5127 Οἵδε
2550 5074 2720 5127 ταῦτα
2740 5074 2839 5137 τῆς
2863 5074 3163 5143 συγκλήτου
3195 5075 3388 5146 βουλῆς
3410 5076 3470 5128 τὸ
3504 5078 3832 5148 ὑπέρτατον,
3852 5084 3982 5146 ἴσως

2401 5167 2456 5219 δὲ
2488 5167 2578 5220 καί
2606 5183 2751 5229 τινες
2781 5166 2888 5219 τῶν
2908 5168 3007 5237 τῆς
3033 5168 3155 5221 καθ’
3206 5170 3355 5239 ἡμᾶς
3402 5172 3619 5238 γενεᾶς.
3670 5174 3810 5226 Οὐδὲ
3869 5176 3982 5246 γὰρ

2406 5257 2506 5324 πρὸ
2595 5257 2882 5310 Εὐκλείδου
2937 5257 3435 5328 μεμυθολόγηνται,
3511 5260 3632 5313 οὑδὲ
3710 5264 3981 5332 γραῖδΞων

2402 5348 2549 5401 ἐστὶν
2579 5346 3065 5419 όνειροπολοὺντων
3107 5348 3405 5418 λογὺδριαο
3465 5351 3601 5404 ἀλλὰ
3655 5353 3825 5423 μέχρι
3879 5355 3983 5423 τῆς

2404 5438 2681 5509 βασιλείας
2712 5439 2806 5492 τοῦ
2840 5439 3017 5491 Δοὺκα
3049 5440 3217 5510 κυροῦ
3246 5442 3658 5495 Κωνσταντὲνου
3703 5445 3799 5496 καὶ
3842 5445 3979 5498 ταὺ-

2400 5544 2501 5599 την
2529 5524 2672 5599 εἶχον
2710 5528 2808 5599 τὴν
2832 5530 3272 5600 σεμνοπρέπειαν
3299 5532 3366 5583 τὰ
3388 5531 3483 5583 τοῦ
3514 5531 3651 5584 Θεοῦ
3717 5534 3815 5585 καὶ
3870 5534 3981 5587 τῶν

2405 5622 2669 5692 βασιλέων
2699 5622 2998 5690 ἀνάκτορα,
3028 5624 3121 5674 καὶ
3145 5622 3364 5683 παντως
3396 5622 3619 5690 γέγονε-ι
3638 5623 3782 5677 ᾶντὸ
3814 5625 3982 5679 καλὸν

2404 5712 2541 5779 πρὸς
2564 5715 2594 5779 ἦ
2608 5714 2713 5780 μᾶς
2751 5712 3064 5782 διαδόσιμον
3083 5712 3146 5766 ὲκ
3170 5713 3451 5782 προγόνων
3488 5714 3570 5775 εἰς
3599 5713 3821 5775 παῖδας,
3884 5718 3983 5766 καὶ

2399 5804 2465 5856 ὲκ
2493 5803 2665 5873 φυλῆς
2704 5805 2781 5865 εἰς
2808 5803 2980 5873 φυλὴν
3028 5804 3488 5875 πτερνςτόμενον.
3536 5804 3596 5857 ΕΞ
3648 5804 3716 5869 δ’,
3741 5805 3884 5874 ὅπερ
3912 5806 3979 5857 οι
