4198 6444
192 393 336 462 1⁵213

1473 406 2185 477 ϐΗΕΟΟ-ΒΟΜΑΝΠΜ.

3320 420 3462 487 1214

180 514 515 579 πέπεισμαι,
535 510 631 564 καὶ
655 510 815 565 τοῦτο
841 512 1012 584 λήθης
1035 514 1183 587 βυθῷ
1213 518 1761 588 κατακέχωσται,καὶ

1874 529 2275 597 generationem
2324 528 2620 584 transiens.
2662 528 2782 597 Sin,
2835 529 2982 600 quod
3032 532 3285 601 equidem
3350 552 3457 591 non

179 602 503 666 Κασταλίας
534 602 678 673 ὕδωρ
701 603 1025 674 εὐχάριστον
1062 607 1174 659 τῶν
1229 608 1352 660 τότε
1419 612 1771 681 κρατούντων

177 693 239 744 οὐ
264 694 533 762 κηρύττει
562 693 663 764 τὴν
696 696 972 764 πρόνοιαν,
1013 696 1149 750 ἀλλὰ
1209 699 1523 770 μεμϐράναι
1577 702 1774 772 βίϐλων

182 784 501 851 ἱστορικῶν,
535 785 628 836 xal
692 788 1008 855 συγγραφαὶ
1062 789 1343 841 τακτικῶν
1394 792 1775 862 άνακτορικῶν

180 873 545 941 κεκράξονται
585 877 726 928 κατα
764 875 1055 947 Στέντορα.
1090 879 1199 931 Καὶ
1225 880 1289 933 σὺ
1329 880 1385 933 δὲ
1417 886 1622 946 παντὸς
1643 902 1775 937 συν-

178 965 464 1031 τάγματος
489 965 710 1030 λογικοῦ
759 966 929 1019 τελῶν
994 968 1282 1039 ὑφηγητὴς
1330 974 1773 1041 νουνεχέστατος,

179 1057 285 1109 κάν
326 1058 500 1123 τούτῳ
528 1058 605 1126 τῷ
624 1060 904 1129 σπουδαίῳ
946 1061 1295 1131 προόλήματι
1357 1064 1774 1135 πλεονεκτήσεις

184 1145 443 1206 πολλοὺς,
477 1148 570 1198 καί
605 1164 695 1215 μοι
724 1148 1086 1219 συλλαλήσεις
1102 1150 1180 1220 τῷ
1211 1152 1453 1223 γέροντι.
1502 1156 1660 1208 Ἀλλὰ
1680 1157 1774 1211 καὶ

180 1238 275 1288 τοῦ
310 1236 576 1305 βασιλέως
606 1239 775 1306 κυροῦ
828 1243 1243 1296 Κωνσταντίνου
1292 1245 1384 1298 τοῦ
1447 1248 1772 1318 Μονομάχου

180 1330 252 1381 τὰ
294 1330 715 1384 θεσπεσιὼτατα
752 1332 1127 1402 διατάγματα,
1175 1336 1249 1389 τὰ
1292 1338 1774 1411 τελεσφορήσαντα

182 1423 250 1474 τὰ.
304 1424 542 1491 ὸςφίκια
574 1422 667 1475 τοῦ
696 1423 917 1479 ἐπὶτῶν
950 1428 1208 1494 κρίσεων,
1248 1430 1343 1483 καὶ
1372 1430 1466 1484 τοῦ
1529 1433 1774 1502 νομοφύ-

181 1513 859 1583 λακος,καὶδιοριζὸμενα
888 1516 1113 1579 τούτους
1176 1520 1407 1587 ἑτησίως
1468 1524 1607 1592 μετὰ
1678 1524 1775 1578 καὶ

183 1604 364 1656 ἄλλων
388 1605 599 1656 πολλῶν
622 1606 999 1675 ἀποφέρεσθαι
1024 1609 1186 1679 χάριν
1216 1612 1382 1682 ρόγας
1412 1614 1517 1667 ἀνὰ
1548 1617 1771 1687 χρυσίου

181 1696 410 1767 τοσήνδε
433 1698 731 1765 ποσότητα,
762 1699 855 1750 καὶ
897 1699 967 1753 τὰ
1000 1701 1205 1770 συνήθη
1262 1702 1412 1772 βαΐα,
1471 1705 1573 1758 οὐκ
1632 1710 1771 1760 εἰσὶν

180 1787 240 1837 ὲν
280 1784 359 1853 τῷ
386 1785 621 1853 οὐρανῷ,
644 1786 767 1840 οὐδὲ
795 1787 969 1857 πέραν
992 1788 1290 1859 θαλάσσης.
1330 1791 1417 1844 ἵνα
1474 1810 1559 1856 τις
1614 1796 1767 1867 εῐτιῃ,

178 1872 277 1935 τίς
311 1872 484 1926 ταῦτα
511 1874 869 1943 μετακομίσει
900 1894 1026 1944 μοι;
1060 1878 1219 1948 Παρὰ
1248 1879 1306 1931 δὲ
1356 1883 1421 1950 τῇ
1466 1884 1608 1951 χειρί
1653 1859 1769 1951 σου,
1805 1859 1848 1915 Β

178 1964 275 2014 καὶ
300 1965 367 2033 τῇ
395 1963 590 2034 καρδίᾳ
624 1980 741 2025 σου,
799 1966 893 2017 καὶ
937 1966 1015 2035 τῷ
1063 1967 1292 2037 στόματί
1338 1968 1431 2023 σού
1488 1973 1618 2024 alat.
1663 1973 1772 2025 Καὶ

176 2053 403 2115 πάντως
435 2054 879 2123 γνωμολογήσεις
918 2054 983 2109 ὲκ
1046 2056 1254 2111 τούτων
1302 2059 1397 2112 τοῦ
1444 2061 1772 2131 πράγματος

176 2146 278 2214 τὴν
318 2144 601 2213 ἀλήθειαν.
634 2145 757 2197 Τῶν
788 2148 921 2213 γοῦν
940 2145 1207 2216 βασιλέων
1232 2150 1325 2202 καὶ
1354 2150 1464 2201 τῶν
1494 2168 1770 2221 πατριαρ-

175 2237 292 2307 χῶν
330 2238 808 2307 μεγαλυνομένων,
839 2239 917 2301 ὡς
943 2239 1187 2310 εἴρηται,
1237 2242 1326 2295 διὰ
1353 2243 1462 2296 τῶν
1495 2243 1663 2312 βαῖων
1677 2244 1772 2297 καὶ

173 2329 289 2381 τῶν
314 2330 515 2401 ῥογῶν,
553 2329 661 2383 ἔδει
688 2331 829 2394 τέως
855 2332 983 2396 τοὺς
1015 2334 1361 2405 πατριάρχας
1391 2337 1517 2398 τοὺς
1542 2336 1641 2406 τὴν
1670 2338 1770 2406 ἁρ-

177 2422 344 2489 χαίαν
383 2423 551 2491 μέχρι
578 2421 674 2476 τοῦ
703 2422 799 2477 νῦν
848 2425 1251 2497 συντηροῦντας
1302 2428 1614 2497 συνήθειαν,
1677 2431 1773 2483 καὶ

178 2513 480 2583 χρυσίνους
515 2516 1014 2584 παραμετροῦντας
1043 2520 1163 2581 τοῖς
1210 2518 1516 2588 κληρικοτς,
1568 2521 1773 2575 διδόναι

176 2609 277 2661 καὶ
328 2608 481 2678 βαΐα,
516 2609 703 2673 καθὼς
742 2614 1183 2687 προτετιὴτωται.
1234 2615 1385 2668 Ἐπεὶ
1426 2616 1471 2669 δ’
1513 2616 1616 2670 οὐκ
1672 2611 1769 2670 οἶδ’

175 2701 333 2765 ὅπως
366 2702 427 2753 οὗ
468 2700 719 2769 φαίνεταί
753 2720 885 2756 ποτε
947 2703 1107 2759 τοῦτο
1173 2708 1457 2776 γινόμενον
1485 2746 1501 2770 ,
1551 2707 1667 2760 ἀλλ’
1714 2710 1771 2761 ὲν

177 2794 303 2854 ταῖς
337 2793 574 2863 ἡμέραις
598 2794 705 2846 τῶν
724 2797 1085 2865 κατηχήσεων
1115 2798 1235 2850 ἀντὶ
1266 2798 1441 2867 ρογῶν
1468 2798 1564 2850 καὶ
1597 2798 1770 2867 βαῖων

181 2884 325 2953 μόνα
383 2884 588 2937 διδόασι
615 2884 695 2955 τῷ
740 2886 851 2955 λαῷ
891 2886 1209 2958 θυμιάματα
1247 2904 1260 2918 '
1309 2888 1612 2955 σκοπητέον
1668 2890 1773 2959 πρὸ

178 2974 429 3037 πάντων,
452 2977 512 3027 τὸ
533 2978 937 3047 σημαινόμενον
966 2978 1075 3031 τῶν
1109 2978 1300 3048 βαῖων,
1353 2980 1450 3032 καὶ
1507 2978 1772 3049 ζητητέον

181 3066 287 3134 τὴν
318 3068 524 3125 αἰτίαν,
548 3067 617 3119 δι’
641 3069 708 3136 ἦν
740 3068 1065 3139 θυμιάματα
1108 3071 1208 3139 μὲν
1234 3070 1469 3124 δίδονται
1498 3071 1641 3124 κατὰ
1671 3073 1770 3141 τὴν

1876 617 2132 683 arbitror,
2167 619 2270 673 hoc
2302 620 2467 673 etiam
2500 619 2792 676 oblivionis
2835 637 3035 691 gurges
3064 623 3373 690 absorbuit,
3407 635 3460 679 et

1874 706 2118 776 gratiosa
2140 708 2331 763 isthmc
2379 721 2519 775 aqua
2558 708 2815 764 Castaliae
2845 712 3250 779 providentiam
3299 730 3463 784 supe-

1877 796 2039 850 rioris
2080 798 2358 851 memoria;
2396 799 2703 868 principum
2751 815 2857 853 non
2908 803 3164 869 praedicat
3222 806 3461 859 :salteiu

1876 889 2203 941 membrana:
2232 888 2494 942 libroruin
2527 889 2940 955 historicorum,
2969 899 3022 944 et
3044 894 3456 948 ordinationum

1876 976 2180 1029 aulicarunt
2238 990 2592 1032 monumenta
2652 980 2927 1033 Stcutoris
2972 980 3025 1033 in
3080 996 3285 1035 morem
3350 985 3461 1036 Ii:i-c

1877 1064 2312 1135 proclamabunt.
2369 1065 2450 1120 Tu
2505 1082 2745 1137 quoque,
2803 1070 2898 1134 qui
2953 1069 3204 1135 cujusvis
3258 1070 3460 1124 eruditi

1876 1155 2069 1223 scripti
2105 1157 2459 1209 acutissimus
2490 1171 2551 1210 es
2579 1146 2876 1225 interpres,
2911 1158 3076 1210 etiam
3122 1158 3175 1209 in
3215 1165 3317 1211 hac
3352 1177 3458 1211 tum

1876 1245 2011 1301 levis
2041 1247 2296 1299 momenti
2321 1247 2621 1315 quaestione
2644 1248 3019 1316 compluribus
3051 1249 3163 1300 eris
3185 1252 3458 1314 superior,

1874 1352 1938 1391 ac
1978 1354 2064 1392 me
2117 1352 2302 1392 senem
2336 1339 2390 1390 in
2423 1338 2658 1391 dicendo
2712 1340 2954 1406 juvahis.
2999 1340 3314 1406 Quinetiam
3355 1344 3459 1393 ini-

1872 1430 2165 1499 peratoris,
2218 1430 2428 1484 domini
2482 1429 2832 1485 Constantini
2871 1432 3221 1485 Monomaclii
3275 1433 3457 1486 edicta

1874 1523 2274 1585 sacratissima,
2300 1524 2502 1589 quibus
2547 1523 2799 1575 ordinata
2835 1532 2963 1576 sunt
3008 1523 3182 1576 ofﬁcia
3217 1524 3459 1591 praefecti

1870 1611 2233 1677 Judiciorum,
2257 1622 2312 1667 et
2351 1615 2801 1686 no:n0phylacis,
2830 1623 2886 1667 et
2912 1630 3033 1683 qua:
3060 1622 3329 1677 statuunt,
3365 1631 3460 1669 eos

1872 1704 2071 1760 debere
2103 1706 2347 1778 singulos
2404 1708 2459 1761 iu
2504 1723 2703 1769 annos.
2741 1718 2941 1777 praeter
2984 1708 3091 1759 alia
3124 1748 3139 1772 ,
3191 1707 3458 1777 consequi

1873 1797 2083 1852 ratione
2117 1812 2283 1867 roga,
2309 1798 2608 1867 quemlibet
2634 1798 2755 1850 auri
2790 1798 2949 1849 talem
2986 1812 3049 1849 ac
3082 1798 3243 1850 talem
3284 1811 3461 1865 quan-

1874 1891 2105 1953 titatem,
2139 1905 2248 1944 una
2293 1905 2420 1944 cum
2471 1890 2755 1945 consuetis
2801 1888 2981 1951 baiis;
3037 1903 3145 1940 non
3208 1889 3263 1940 in
3316 1887 3459 1941 celo

1874 1992 2026 2045 sunt,
2080 1995 2184 2037 nec
2232 1990 2386 2037 trans
2441 1996 2614 2045 mare,
2676 1982 2754 2034 uti
2814 1981 2998 2035 dicere
3046 1978 3173 2048 quis
3241 1979 3457 2046 debeat,

1873 2072 2140 2137 Quisnam
2177 2071 2295 2127 haec
2328 2073 2519 2128 aﬂ'eret
2552 2072 2731 2126 mihi?
2762 2071 2868 2125 Sed
2905 2082 3035 2128 sunt
3067 2074 3120 2125 in
3148 2087 3311 2125 manu
3343 2083 3457 2136 tua,

1872 2162 2004 2216 etin
2044 2163 2212 2218 corde
2261 2171 2379 2228 tuo,
2438 2170 2493 2217 et
2554 2164 2607 2217 in
2650 2177 2747 2217 ore
2812 2170 2928 2215 tuo.
2991 2163 3171 2231 Atque
3234 2163 3461 2215 omnino

1874 2254 1950 2310 rei
2016 2254 2301 2309 veritatem
2360 2270 2428 2310 ex
2482 2254 2567 2308 his
2620 2254 2821 2310 mentis
2897 2254 3150 2307 acumine
3210 2255 3453 2322 colliges.

1872 2342 2007 2398 Cum
2062 2353 2242 2399 autem
2292 2344 2651 2413 imperatores
2729 2354 2783 2398 et
2843 2344 3167 2413 patriarchae
3245 2345 3455 2412 magni-

1874 2435 2146 2489 ficentiam
2217 2450 2315 2490 ceu
2381 2436 2588 2489 dictum
2648 2443 2776 2497 est,
2845 2449 2999 2489 suam
3074 2434 3459 2488 demonstrent

1874 2540 1972 2595 per
2001 2526 2118 2580 haia
2171 2536 2225 2581 et
2274 2539 2456 2595 rogas,
2514 2539 2646 2580 sane
2678 2540 2777 2593 par
2810 2535 2950 2590 erat,
3004 2533 3065 2579 ut
3105 2527 3454 2593 patriarchae,

1873 2613 1965 2682 qui
2004 2614 2240 2682 priscam
2286 2612 2552 2667 hactenus
2588 2614 3047 2667 consuetudinem
3098 2622 3452 2675 conservant,

1872 2710 1924 2754 et
1983 2715 2180 2755 aureos
2230 2700 2449 2754 clericis
2506 2716 2762 2756 nummos
2836 2704 3228 2763 adinetinntnr,
3288 2703 3453 2758 etiam

1874 2792 2006 2861 ipsis
2062 2793 2181 2845 baia
2230 2792 2444 2855 darent,
2493 2792 2953 2861 quemadmodum
2986 2795 3308 2853 ,intlicatnin
3360 2806 3450 2849 est

1874 2894 2055 2939 antea.
2102 2881 2206 2936 Sed
2234 2883 2489 2951 quoniam
2522 2884 2642 2948 hos,
2678 2886 2862 2937 nescio
2890 2900 2997 2954 qua
3023 2887 3089 2939 de
3122 2902 3310 2949 causa,
3344 2902 3451 2940 non

1875 2975 2109 3043 amplius
2170 2972 2283 3029 fieri
2365 2973 2635 3037 videmus,
2687 2973 2785 3028 sed
2854 2976 2921 3031 iis
2970 2977 3186 3043 diebus,
3253 2979 3454 3045 quibus

1875 3066 2186 3119 catecheses
2220 3065 2509 3129 habentur,
2544 3067 2664 3119 loco
2689 3082 2941 3134 rogarunt
2974 3076 3028 3121 et
3053 3069 3300 3121 baiorum
3332 3070 3445 3122 μυιιι

178 3155 401 3226 ἡμέραν
422 3158 523 3227 τῆς
557 3161 937 3227 κατηχήσεως,
967 3164 1062 3214 καὶ
1089 3160 1233 3214 κατὰ
1265 3162 1362 3230 τὴν
1392 3164 1638 3232 μεγάλην
1684 3181 1771 3216 τε·

1876 3158 2075 3226 populo
2108 3157 2241 3209 dant
2272 3156 2498 3210 incensa
2529 3174 2543 3210 :
2578 3158 3038 3211 Considerandum
3074 3174 3197 3213 ante
3248 3162 3452 3225 ouinizi,

174 3248 353 3317 τράδα
381 3250 552 3318 κηρία
576 3253 669 3302 καὶ
698 3250 1022 3319 θυμιάματα
1050 3268 1066 3282 θ
1114 3254 1283 3321 κηρία
1304 3252 1361 3307 δὲ
1385 3254 1481 3308 καὶ
1534 3255 1765 3327 σταυρὸς

175 3340 324 3391 κατὰ
350 3340 450 3407 τῆς
481 3340 742 3410 βαῖφόρου
768 3340 816 3373 ⁶⁴
846 3341 946 3413 τὴν
975 3343 1359 3414 Κυριὼνυμον.

1873 3250 2148 3320 quodnam
2171 3249 2323 3303 vocis
2366 3249 2622 3303 baiorum
2655 3249 3022 3319 significatum
3055 3250 3144 3313 sil,
3181 3259 3234 3303 et
3275 3252 3455 3318 inqui-

1870 3344 2061 3407 renda,
2096 3352 2321 3413 propter
2364 3358 2529 3413 quam
2580 3343 2805 3397 incensa
2849 3343 3052 3397 dantur
3098 3344 3151 3396 in
3195 3345 3281 3397 die
3309 3355 3456 3397 cato-

176 3432 362 3486 ihesis
386 3471 403 3496 ,
443 3446 496 3485 et
557 3449 753 3502 magna
805 3433 940 3489 feria
968 3446 1185 3505 quarta,
1213 3438 1359 3493 cerei
1397 3452 1520 3491 cum
1561 3435 1845 3501 incensis;
1877 3435 2020 3489 cerei
2056 3434 2294 3504 denique
2332 3447 2461 3488 cum
2527 3435 2789 3488 crucibus
2846 3448 2912 3488 ea
2978 3433 3277 3503 llominica,
3345 3451 3451 3506 qua

177 3523 304 3576 baia
340 3533 651 3589 gestantur.

250 3608 357 3666 Οἴα
392 3614 489 3682 μὲν
529 3611 621 3668 οὖν
651 3612 792 3686 ἦσαν
815 3616 885 3669 τά
909 3617 1039 3687 βαΐα
1065 3619 1269 3685 ἐκεῖνα,
1294 3618 1447 3690 παρὰ
1501 3618 1766 3689 βασιλέων

177 3705 441 3773 διδόμενα
484 3722 613 3758 ποτε
673 3708 768 3759 καὶ⁵
811 3709 1189 3779 πατριαρχῶν,
1230 3710 1368 3773 τέως
1418 3709 1531 3777 ἐγὼ
1562 3712 1765 3778 ἀγνοῶ.

179 3793 322 3847 Οὔτε
359 3795 469 3865 γάρ
523 3796 633 3848 άπὸ
680 3798 861 3866 χειρὸς
921 3798 1211 3867 βασιλικῆς
1275 3800 1309 3869 ἢ
1362 3801 1770 3870 πατριάρχικῆς

181 3886 339 3956 βαῖον
381 3887 412 3953 ἠ
459 3887 582 3955 χείρ
609 3903 711 3955 μου
741 3888 881 3956 μετά
932 3888 1101 3957 ῥόγας
1142 3888 1381 3956 ἐδέξατο,
1451 3894 1545 3944 καὶ
1595 3890 1771 3945 ταῦτα

180 3975 590 4046 πλουτιξομένη
615 3978 738 4030 καθ’
770 3979 1008 4045 ἑκάστην
1039 3980 1223 4048 σχεδὸν
1248 3980 1340 4032 ὑπ’
1375 3980 1579 4047 αὐτῶν,
1638 3982 1767 4036 οὕτε

178 4068 281 4138 τὴν
297 4068 505 4121 τούτων
545 4070 808 4139 ποιότητα
842 4073 974 4139 παρ’
1004 4072 1206 4139 ἑτέρων
1268 4072 1585 4141 μεμάθηκα.
1621 4074 1768 4128 Κλά-

179 4160 307 4222 δους
336 4159 393 4211 δὲ
433 4160 696 4225 φοινίκων
727 4161 823 4212 καὶ
862 4160 1142 4231 μυρσινῶν
1184 4161 1368 4231 βλέπω
1399 4164 1527 4226 τοὺς
1552 4164 1768 4234 ἀνθρώ-

182 4268 323 4311 πους
384 4251 743 4319 κατέχοντας,
802 4254 897 4305 καὶ
960 4252 1056 4321 τὴν
1109 4253 1366 4323 βαῐφόρον
1419 4253 1764 4320 δοξάζοντας.

185 4342 357 4403 Ποίας
382 4341 439 4394 δὲ
470 4342 757 4395 διαλέκτου
800 4343 860 4395 τὸ
896 4344 1050 4413 βαῖον
1087 4346 1221 4409 ἐστὶ,
1257 4346 1353 4398 καὶ
1378 4348 1518 4408 ,τίνα
1582 4363 1767 4416 σημα-

180 4434 307 4485 σίαν
324 4434 434 4502 ἔχει
464 4436 605 4487 κατὰ
635 4436 937 4503 Ῥωμαίους
951 4436 1044 4489 καὶ
1060 4436 1351 4504 Ἕλληνας,
1370 4437 1766 4508 δηλωθήσεται.

180 4524 348 4577 Βαῖον
378 4526 519 4578 κατα
578 4526 883 4596 Ῥωμαίους
938 4526 1062 4580 οὔτε
1103 4528 1296 4591 κλάδος
1356 4532 1503 4582 ἐστὶν
1533 4533 1596 4583 ἐκ
1654 4530 1764 4584 δέν-

179 4614 312 4682 δρου
337 4616 692 4683 κοπτόμενος,
716 4618 836 4670 οὔτε
858 4618 1011 4688 ῥόδον
1048 4620 1112 4672 ἑκ
1159 4619 1427 4688 ῥοδωνιᾶς
1459 4621 1767 4691 συναγόμε-

181 4720 299 4767 νον,
322 4704 447 4759 οὗτε
479 4707 667 4774 κρίνον
693 4709 760 4761 ὲκ
790 4711 1081 4777 κρινωνιᾶς
1102 4710 1496 4777 συλλεγόμενον
1520 4726 1533 4741 ⁸
1553 4713 1769 4782 ἀνθρω-

183 4801 318 4866 πίνη
339 4798 386 4828 ⁸³
408 4798 462 4850 δὲ
487 4801 702 4869 γνώμη,
734 4802 801 4853 ὲκ
830 4800 983 4853 τοῦδε
1008 4804 1086 4864 είς
1111 4803 1230 4855 τόδε
1251 4803 1572 4872 μεταδασις,
1593 4804 1771 4876 ἀγαθὴ

180 4890 433 4959 δηλονότι
464 4892 497 4961 ἦ
533 4894 768 4962 πονηρά.
821 4894 1102 4946 Ἐντεῦθεν
1156 4896 1266 4963 γάρ
1303 4896 1427 4958 τοὺς
1484 4900 1765 4965 παιδοτρί-

184 4982 288 5043 ϐας
332 4981 616 5050 βαῖοὑὶους
646 4984 1111 5052 κατονομάζομεν,
1142 4985 1219 5047 ὡς
1258 4988 1327 5038 τα
1362 4986 1607 5056 νηπιώδη
1659 4986 1767 5039 τῶν

184 5072 401 5124 παίδων
477 5075 805 5142 φρονήματα
867 5075 1203 5143 μετάγοντας
1256 5076 1393 5145 πρὸς
1438 5077 1764 5146 ἀρῤἑνωσιν.

185 5164 300 5216 Καὶ
341 5164 861 5234 πραεθαρικάτορας
890 5165 1141 5234 λέγομεν,
1176 5166 1300 5229 τους
1328 5166 1770 5235 ποικιλλομένους

186 5252 332 5303 κατὰ
386 5251 485 5319 τὴν
529 5252 638 5318 ἶριν
705 5254 1028 5322 συνεργοὺς,
1087 5256 1180 5306 καὶ
1238 5254 1591 5324 προδιδόντας
1643 5258 1773 5316 τους

186 5340 535 5409 πρὸσςρυγας.
559 5340 668 5409 Τῆς
699 5342 829 5407 γοῦν
870 5340 1127 5405 Ἰουδαίας
1155 5342 1248 5395 καὶ
1292 5343 1643 5412 Ἰερουσαλὴμ
1675 5359 1770 5411 γε·

187 5432 427 5500 νομένης
469 5434 791 5503 ὑποχειρίας
848 5434 956 5487 τῶν
1009 5434 1294 5502 Ῥωμαίων
1342 5432 1419 5502 τῷ
1474 5434 1771 5502 “Win”!

194 5526 338 5592 μετὰ
361 5524 423 5575 τὸ
458 5525 799 5595 μοναρχῆσαι
849 5526 941 5579 τὸν
994 5526 1213 5580 Ἰούλιον
1266 5526 1540 5596 Καίσαρα,
1602 5525 1769 5596 (οὕτω

1942 3617 2234 3673 Enimvero
2281 3617 2587 3688 cujusmodi
2621 3617 2822 3673 fuerint
2871 3619 2962 3674 illa
3012 3619 3157 3685 baia,
3208 3636 3328 3689 qua:
3381 3621 3452 3675 ab

1873 3709 2302 3779 imperatoribus
2333 3720 2387 3764 et
2426 3711 2756 3780 patriarchis
2782 3712 2913 3765 olim
2960 3712 3261 3775 dabantur,
3292 3715 3454 3781 equi-

1872 3799 1996 3856 dem
2024 3802 2291 3856 hactenus
2324 3802 2536 3873 ignoro.
2565 3802 2678 3857 Nec
2708 3806 2855 3857 enim
2888 3804 2959 3858 ah
2986 3806 3341 3873 imperatoria
3371 3806 3451 3860 vel

1870 3892 2219 3963 patriarchali
2252 3907 2416 3946 manu
2458 3894 2638 3947 baium
2670 3894 2889 3962 aliquod
2931 3910 3054 3946 cum
3097 3910 3224 3961 roga
3256 3910 3454 3950 manus

1873 3998 1992 4037 mea
2032 3998 2273 4053 unquam
2328 3985 2560 4053 accepit.
2595 3986 2722 4037 licet
2762 3985 2830 4037 ab
2856 3984 2937 4037 eis
2987 3984 3192 4052 alioqui
3238 3994 3451 4039 tantum

1871 4088 1983 4127 non
2016 4073 2260 4143 quotidie
2304 4075 2781 4142 collocupletetur,
2836 4088 2938 4127 nec
2975 4072 3170 4127 horum
3219 4078 3455 4142 qualita-

1873 4173 1979 4217 tem
2017 4179 2085 4219 ει
2125 4166 2250 4221 aliis
2299 4167 2559 4220 intellexi.
2613 4164 2922 4218 Palmarum
2961 4175 3163 4229 tamen,
3217 4181 3280 4219 ac
3308 4182 3455 4237 myr-

1874 4262 2055 4310 torum
2106 4272 2293 4312 ramos
2350 4266 2535 4312 tenere
2584 4271 2749 4309 manu
2802 4256 3052 4310 homines
3114 4256 3291 4317 video.
3328 4274 3453 4310 cum

1875 4344 2019 4399 dietn
2058 4347 2363 4409 celebrant,
2395 4362 2504 4415 qua
2559 4346 2681 4400 baia
2713 4355 3021 4414 gestantur.
3056 4345 3123 4399 Et
3162 4348 3453 4409 cuiusnam

1878 4436 2075 4507 lingua:
2104 4438 2430 4491 vocabulum
2463 4438 2537 4491 sit
2570 4437 2773 4495 baium,
2820 4451 3051 4504 quamve
3096 4436 3455 4505 significatio-

1877 4544 2001 4582 nem
2030 4529 2227 4583 habeat
2253 4532 2557 4583 secundum
2589 4526 2868 4580 Romanos
2891 4536 2943 4580 et
2971 4524 3211 4587 ϐιαιως,
3248 4528 3458 4580 indu-a-

1874 4619 2040 4674 bitur.
2069 4619 2259 4673 Baium
2290 4621 2473 4688 lingua
2505 4616 2752 4671 Romana
2778 4632 2954 4686 neque
3002 4632 3213 4671 ramum
3244 4617 3459 4686 signifi-

1876 4719 1987 4775 cat,
2021 4726 2088 4765 εκ
2132 4712 2330 4765 arbore
2356 4725 2578 4774 caesum,
2615 4725 2792 4778 neque
2827 4723 3006 4763 rosam
3040 4723 3104 4762 ex
3137 4718 3321 4761 roseto
3347 4710 3458 4761 i-ol-

1879 4799 2101 4863 lectam,
2156 4816 2334 4869 neque
2379 4800 2552 4853 lilium
2595 4798 2731 4853 :sed
2780 4805 2863 4852 est
2913 4798 3083 4851 animi
3128 4798 3350 4850 humani
3387 4798 3455 4851 ab

1874 4908 1984 4948 una
2019 4894 2293 4948 sententia
2334 4894 2386 4943 in
2437 4890 2601 4943 aliam
2648 4889 2946 4952 traductio,
2984 4890 3123 4942 bona
3178 4888 3453 4949 videlicet,

1872 4985 1956 5038 vel
2013 4998 2200 5052 prava.
2249 4981 2517 5034 Nimirum
2578 4980 2705 5033 hinc
2745 4980 2826 5042 fit,
2882 4989 2940 5032 ut
3016 4992 3308 5048 puerorum
3352 4992 3458 5028 nia-

1873 5074 2074 5145 gistros
2130 5074 2466 5141 appellemus
2526 5072 2757 5137 baiulos,
2805 5070 2970 5125 veluti
3018 5070 3110 5138 qui
3160 5083 3454 5136 puerorum

1879 5166 2095 5219 animos
2171 5164 2410 5218 infantes
2482 5163 2548 5217 ad
2625 5162 2941 5217 virilitatem
3013 5160 3319 5213 traducant.
3387 5156 3453 5210 Et

1876 5256 2333 5324 praevaricatores
2413 5254 2647 5307 dicimus
2722 5267 2818 5307 eos
2888 5254 3285 5320 cooperarios,
3358 5250 3452 5318 qui

1876 5348 2164 5399 variantur
2189 5346 2361 5399 instar
2401 5343 2579 5410 iridis,
2614 5352 2669 5396 et
2701 5344 2931 5397 clientes
2977 5341 3236 5411 produnt.
3266 5339 3452 5406 Itaque

1875 5450 1999 5488 cuni
2030 5432 2217 5487 Judaa
2250 5441 2304 5489 et
2338 5432 2715 5502 Hierosolyma
2757 5432 2900 5487 facta
2926 5430 3121 5485 fuisset
3178 5429 3453 5481 Romano-

1876 5542 1997 5582 rum
2055 5525 2287 5595 imperio
2360 5523 2597 5590 subdita,
2662 5524 2779 5580 solo
2840 5537 3018 5577 rerum
3075 5519 3252 5590 potito
3298 5516 3459 5573 Julio

1469 5688 1553 5739 VA
1567 5685 1707 5741 ῐὶΙᾹΞ
1745 5684 2148 5743 LECTIONES.

260 5809 306 5838 ⁸⁸
342 5808 563 5877 σταλροὶ
593 5810 725 5860 aut}:
750 5807 845 5876 τὴν
885 5806 910 5875 β

885 5806 1143 5875 βαῖίέιερλο
1178 5839 1196 5859 .
1273 5808 1312 5835 "’
1349 5805 1691 5875 ἀνθρωπίνης
1722 5804 1775 5858 δὲ
1801 5804 2048 5875 γνώμης.
