4198 6444
204 414 344 480 ῙῖῙἸ

1494 407 2064 471 ΟΒᾸΞΕΟ-ΒΟΜΑΝ
2074 410 2205 473 UM.

3336 410 3473 475 1218

196 525 306 592 πρὸ
328 524 533 592 χρόνων
570 522 891 593 ἐσχόλασαν,
908 524 975 577 δι’
994 522 1062 594 ην
1082 520 1261 575 αἰτίαν
1291 520 1498 576 ἄνωθεν
1520 520 1771 590 εἴπομεν·

1879 534 2022 589 roga:
2040 520 2399 589 baiorumque
2426 519 2605 585 ﬂores,
2632 521 2725 592 qui
2749 536 2872 578 cum
2898 522 3045 593 rogis
3062 522 3469 579 exoriebantur.

194 616 313 668 τῶν
343 616 399 668 δὲ
423 615 584 668 θείων
619 616 977 685 πατριαρχῶν
1007 618 1063 667 al
1116 614 1277 683 ρόγαι
1333 612 1781 683 δημοσιεύονται,

196 709 296 761 καὶ
333 710 363 775 ἡ
402 710 647 775 συνήθως
679 708 930 779 διδομένη
962 708 1098 779 ρόγα
1123 708 1263 760 κατὰ
1285 708 1385 777 τὴν
1414 707 1620 777 κυρίως
1642 706 1783 759 ἀπό-

192 813 371 865 κρεω,
398 799 478 859 είς
508 797 604 863 τὴν
659 798 895 863 ἐτησίως
954 796 1358 865 προϐαίνουσαν
1391 797 1785 864 ὲκκλησιαστι·

197 888 308 956 κῆν
339 890 508 957 ρὀαν
539 888 681 940 κατὰ
711 889 808 957 τὴν
851 888 1097 956 μεγάλην
1124 889 1314 958 τρίτην
1362 888 1655 959 μετέπεσε,
1685 904 1785 939 κα-

195 977 332 1039 θὼς,
384 979 453 1029 τὰ
488 977 692 1030 παλαιά
743 978 965 1031 λαλοῦσι
1015 978 1264 1047 ρογάλια,
1300 979 1539 1031 διδόασιν
1581 978 1631 1029 οί
1679 994 1785 1030 πα-

194 1071 456 1138 τριάρχαι
516 1069 656 1138 μετά
700 1069 799 1139 τὴν
842 1070 1145 1139 κατήχησιν
1176 1070 1254 1140 τῷ
1287 1069 1402 1140 λαῷ
1432 1070 1507 1130 ὡς
1554 1070 1681 1137 βαΐα
1714 1070 1783 1123 τὰ

195 1161 559 1227 ίυμιάματα’
615 1160 1073 1229 παρεγγυώμενοι
1115 1161 1181 1213 δι’
1229 1161 1412 1214 αὐτῶν
1438 1160 1638 1213 ὡσανεὶ
1670 1164 1783 1225 τοῖς

198 1253 565 1321 λαμϐάνουσι,
612 1256 945 1322 μεταπεσεῖν
1000 1255 1065 1307 ὲκ
1104 1255 1204 1324 τῆς
1236 1253 1450 1325 φαύλης
1481 1253 1779 1325 διαγωγῆς,

194 1344 384 1405 καθώς
413 1362 515 1397 που
564 1345 660 1397 καὶ
691 1344 1104 1415 καθηγήθησαν,
1138 1346 1230 1398 καὶ
1290 1345 1358 1397 δι’
1415 1345 1778 1415 ὀλιγοημέρου

193 1434 536 1503 ἐπιστροφῆς
568 1434 845 1502 βασιλείαν
875 1436 1094 1487 αἰώνιον
1122 1434 1576 1501 ἀνταλλάξασθαι.
1609 1437 1781 1488 Εὐτε-

192 1525 311 1579 λέσι
343 1526 400 1579 δὲ
439 1527 745 1595 θυμιάμασι
767 1526 907 1579 κατά
938 1526 1339 1595 σμικρολόγους
1366 1529 1463 1580 καὶ
1496 1527 1772 1597 κίμϐικας

192 1621 295 1670 οὐκ
319 1618 665 1671 ὲ).αττογοῦσι
690 1619 751 1670 τὸ
786 1618 1074 1687 μεγαλεῖον
1108 1618 1203 1671 τοῦ
1241 1618 1592 1688 Πνεύματος·
1636 1619 1779 1689 (πῶς

192 1711 304 1775 γὰρ
349 1710 397 1761 οἰ
434 1711 611 1761 πᾶσαν
643 1707 741 1777 τὴν
787 1708 1116 1777 οἰκουμένην
1175 1706 1609 1777 φιλανθρωπίαις
1645 1725 1780 1761 παν-

192 1799 459 1862 τοδαπαῖς
515 1801 933 1868 σαγηνεύοντες,
990 1801 1084 1853 καὶ
1128 1802 1311 1852 πᾶσαν
1364 1799 1773 1869 πενητεύουσαν

194 1890 581 1954 αὐλακίζοντες
642 1892 905 1961 ἄρουραν,
962 1893 1057 1945 καὶ
1128 1891 1399 1960 πολύχουν
1454 1891 1774 1961 εὐεργεσίας

192 1979 501 2050 θερίζοντες
522 1983 805 2052 ἄσταχυνς)
844 1982 981 2035 ἀλλὰ
1014 1983 1113 2051 τῆς
1144 1984 1359 2053 ἡμέρας
1393 1983 1493 2053 τὴν
1544 1983 1773 2052 δύναμιν

192 2071 576 2139 αἰνιττόμενοι,
601 2074 695 2125 καὶ
722 2072 1067 2136 διδάσκοντες
1087 2072 1327 2144 ὡσπερεὶ
1344 2075 1413 2127 δι’
1442 2074 1620 2126 αὐτῶν
1644 2076 1773 2135 τοὺς

191 2162 256 2213 λα
266 2163 591 2231 μὸανοντας,
620 2166 807 2217 ὁποῖον
840 2160 982 2218 εἷναι
1003 2165 1085 2218 δεῖ
1108 2165 1167 2217 τὸ
1188 2164 1417 2234 ψυχικὸν
1444 2165 1773 2234 κατάστημα

193 2254 290 2305 τοῦ
314 2254 686 2321 νηστεύοντος,
721 2256 815 2308 καὶ
850 2258 949 2324 τῆς
979 2255 1270 2324 μετανοίας
1304 2256 1365 2307 τὸ
1386 2256 1770 2325 ὁλοκαύτωμα,

194 2345 287 2396 καὶ
322 2347 421 2412 τῆς
454 2347 761 2414 προσευχῆς
788 2346 850 2398 τὸ
880 2346 1154 2416 θυμίαμα.
1188 2347 1297 2399 Καὶ
1328 2349 1451 2400 τότε
1499 2348 1598 2417 μὲν
1631 2347 1774 2401 οὔτω

191 2433 588 2485 κατευθύνουσι
612 2434 709 2501 τῆς
743 2436 997 2505 νηστείας
1029 2436 1092 2488 τὸ
1117 2436 1355 2490 στάδιον.
1398 2438 1555 2490 Κατά
1579 2437 1635 2491 δὲ
1670 2439 1770 2508 τὴν

190 2521 291 2589 τῆς
334 2520 628 2593 βαῖοφὸρυυ
661 2525 1006 2593 χαρμόσυνον
1037 2524 1407 2596 κυριώνυμον,
1435 2528 1508 2590 ὡς
1541 2527 1771 2581 ἀθλοθέ-

188 2625 281 2661 ται
310 2610 654 2674 καθίσαντες,
686 2612 959 2680 (suam
994 2613 1123 2683 γὰρ,
1158 2615 1348 2683 φησὶν,
1380 2615 1407 2666 ὁ
1465 2615 1666 2684 κρῖνων
1695 2615 1775 2668 δι-

193 2697 545 2766 καιοσύνην,)
587 2700 891 2764 δεξιοῦνται
921 2705 1045 2766 τοὺς
1072 2703 1132 2756 τὸ
1167 2706 1509 2773 παγκράτιον
1536 2706 1634 2774 τῆς
1674 2725 1772 2777 νη-

195 2791 384 2854 στείας
438 2793 791 2863 νικήσαντας,
872 2794 1067 2864 τιμίων
1133 2797 1228 2848 καὶ
1289 2796 1458 2863 ἁγίων
1524 2799 1774 2866 σταυρῶν

192 2878 523 2949 ἁγιάσμασι,
578 2884 671 2936 καὶ
726 2882 931 2953 κηρίων
1006 2884 1327 2953 φωτοὸύλων
1396 2887 1771 2957 χαρίσμασιν.

194 2971 335 3024 Οὐδὲ
374 2972 480 3042 γαρ
513 2974 728 3027 θέλουσι
798 2980 1124 3046 σκιαμαχεῖν
1172 2978 1299 3040 τους
1362 2979 1589 3041 πιστοὺς
1649 2979 1770 3033 κατ’

192 3063 436 3126 ἐκείνους
463 3066 586 3127 τοὺς
611 3066 998 3136 νἠπιὸφρονας,
1034 3067 1147 3118 ἀλλ’
1176 3066 1251 3131 ὼς
1283 3068 1384 3138 ήδη
1442 3069 1541 3137 τῆς
1570 3068 1773 3124 δικαιο-

195 3153 367 3224 σύνης
395 3156 484 3207 τὸν
527 3156 677 3225 ἥλιον
724 3157 1044 3225 βλέποντας,
1074 3156 1173 3228 τὴν
1213 3158 1341 3213 νέαν
1372 3158 1508 3213 Σιὼν
1528 3161 1616 3214 διὰ
1658 3162 1772 3216 πὼ-

191 3244 289 3297 λου
328 3246 653 3313 φωτὲζοντα,
713 3248 1117 3317 προτρέπονται
1162 3249 1231 3301 δι⁹
1270 3250 1450 3303 αὐτῶν
1499 3254 1613 3314 τοῖς
1671 3253 1771 3325 ήδη

190 3338 520 3407 νηστεύουσι
551 3340 806 3409 νηστείαν
834 3340 1123 3411 Κυριακὴν
1163 3343 1770 3413 τεσσαρακονθήμερον,

191 3430 438 3483 καὶτῶν
489 3431 678 3484 παθῶν
730 3432 798 3485 τά
833 3433 968 3503 νέφη
1037 3433 1303 3499 διώξασι,
1357 3437 1774 3491 συνανατέλλειν

195 3521 339 3590 μετά
367 3522 463 3575 τοῦ
492 3523 773 3590 γίγαντος.
799 3523 937 3576 Βαῖα
963 3524 1063 3593 μὲν
1100 3526 1391 3595 κατέχουσι
1418 3531 1538 3590 ταῖς
1588 3530 1772 3599 χερσὶ,

189 3611 281 3665 διὰ
313 3612 375 3665 τὸ
407 3616 735 3681 μεταπεσεῖν
762 3613 822 3678 ἐξ
852 3614 1134 3683 ὲμπαθοῦς
1157 3620 1250 3669 καὶ
1283 3620 1602 3689 κοινοτέρας
1641 3621 1772 3683 ἴσως

189 3701 474 3773 διαγωγῆς
530 3706 669 3774 πρὸς
706 3704 1051 3775 ὑψηλοτέραν
1108 3706 1204 3760 καὶ
1260 3707 1488 3779 ἀπαθῆ·
1526 3709 1773 3780 κηρίαδὲ

191 3794 289 3847 καὶ
322 3797 615 3864 σταυροὺς,
644 3795 734 3849 διά
756 3799 817 3849 τὺ
852 3796 1183 3850 καταϐαλεῖν
1210 3798 1348 3867 μετά
1384 3798 1478 3852 τοῦ
1509 3800 1606 3869 τῆς
1638 3800 1773 3872 άλη-

192 3882 349 3946 θείας
377 3884 557 3952 φωτὸς
610 3885 672 3938 τὸ
739 3887 1054 3957 ἀρχέκακον
1102 3888 1277 3941 Σαταν
1317 3888 1414 3942 καὶ
1457 3890 1771 3943 ἀντίπαλον.

188 3974 305 4027 Καὶ
328 3976 379 4026 τί
402 3975 509 4045 γάρ
529 3974 658 4028 ἄλλο
686 3975 860 4045 δῶρον
882 3975 1170 4044 δοθήσεται
1201 3978 1313 4039 τοῖς
1344 3976 1412 4029 δι’
1444 3977 1773 4048 ἐγκρατείας

190 4069 452 4135 νικήσασι
505 4066 566 4119 τὺ
605 4066 748 4135 μέγα
798 4067 896 4135 τῆς
953 4068 1208 4136 νηστείας
1255 4068 1618 4139 παγκράτιον,
1675 4060 1770 4123 τού

189 4156 525 4228 τριποθήτου
563 4156 709 4210 θείου
758 4155 995 4225 σταυροῦ
1046 4156 1395 4228 τιμιώτερον,
1453 4158 1544 4212 τοῦ
1599 4159 1772 4229 μύλας

198 4248 328 4319 ᾆδον
363 4248 663 4317 παμφάγου
693 4247 1103 4318 συντρίψαντος,
1137 4248 1234 4301 καὶ
1272 4248 1445 4312 πύλας
1502 4248 1648 4320 ζωῆς
1692 4250 1769 4321 τῷ

192 4342 345 4409 γένει
401 4340 842 4410 τῶνάνθρώπων
903 4339 1257 4407 ἀνοίξαντοςς
1309 4341 1534 4401 Πάντως
1587 4341 1768 4394 οὐδέν’

189 4432 243 4485 ιι
299 4431 372 4500 μή
411 4446 492 4491 τις
534 4431 674 4482 είποι
728 4430 817 4482 τὸν
850 4428 916 4481 δι’
952 4428 1117 4481 αὑτοῦ
1173 4428 1271 4499 τὴν
1314 4430 1589 4500 σωτηρίαν
1637 4431 1770 4499 ἡμῖν

1891 618 2019 663 ante
2060 610 2267 664 multos
2305 625 2479 663 annos
2536 612 2820 666 desierunt
2862 627 2930 668 ex
2982 628 3043 667 ca
3072 628 3263 675 causa,
3309 630 3470 680 quam

1889 702 2301 770 indicavimus;
2364 719 2490 757 cum
2566 720 2712 775 rogze
2797 709 3235 777 patriarcharum
3290 709 3469 761 adhuc

1890 795 1943 849 in
1976 810 2080 850 usu
2142 798 2366 865 publico
2393 798 2529 861 sint,
2570 810 2801 865 quaeque
2836 814 2936 867 pro
2962 815 3112 854 more
3143 800 3305 853 datur
3334 813 3467 869 roga

1886 886 1977 940 die
2008 888 2192 941 carnis
2221 888 2407 957 privii,
2432 888 2514 943 sic
2539 888 2829 941 immutata
2865 890 2959 953 sit,
2980 900 3039 942 ut
3071 892 3470 946 iuanniversa-

1887 978 2027 1031 riam
2070 994 2255 1048 regam
2316 980 2751 1035 ecclesiasticam
2814 996 3027 1049 magna:
3084 982 3231 1036 feria:
3286 985 3462 1038 tertia:

1884 1068 2114 1134 incidat,
2148 1070 2608 1138 quemadmodum
2628 1072 2852 1140 antiqua
2879 1071 3103 1141 Regalis
3132 1073 3463 1141 loquuntur:

1886 1160 2096 1213 idcirco
2149 1160 2283 1214 dant
2335 1162 2664 1230 patriarchae
2716 1164 2919 1231 pupulo
2975 1172 3098 1233 post
3145 1166 3464 1219 catechesin

1885 1252 2130 1317 incensa,
2154 1252 2277 1305 loco
2310 1253 2558 1307 baiorum
2584 1271 2599 1316 ;
2630 1254 2779 1307 velut
2803 1256 3158 1311 admonentes
3197 1258 3341 1321 illos,
3368 1258 3465 1327 qui

1883 1357 1945 1396 ea
1977 1354 2221 1408 sumunt,
2251 1351 2311 1397 ut
2335 1347 2599 1398 rationem
2626 1345 2842 1398 vivendi
2874 1361 3093 1414 pravam
3120 1348 3463 1417 relinquant,

1882 1431 2026 1485 sicut
2060 1433 2239 1487 edocti
2276 1434 2406 1497 sint,
2437 1449 2502 1488 ac
2535 1450 2632 1504 per
2680 1436 3099 1490 conversionem
3152 1453 3464 1506 paucorum

1881 1522 2096 1578 dierum
2159 1525 2264 1578 sibi
2335 1540 2561 1591 regnum
2596 1526 2729 1580 illud
2791 1536 3056 1581 aeternum
3110 1542 3461 1599 comparent.

1879 1614 2150 1670 Caeterum
2188 1631 2285 1685 per
2309 1616 2423 1669 haec
2448 1618 2673 1672 incensa
2704 1619 2836 1673 vilis
2868 1619 3053 1688 pretii,
3094 1635 3245 1675 more
3270 1636 3467 1691 parco-

1879 1721 2001 1761 rum
2038 1708 2321 1760 hominum
2362 1716 2417 1761 et
2471 1723 2792 1774 avarorum,
2851 1709 3194 1777 majestatem
3222 1712 3462 1780 spiritus

1881 1814 1988 1851 non
2046 1799 2408 1863 deminuunt,
2444 1798 2573 1867 (quo
2630 1800 2775 1854 enim
2824 1800 2875 1854 id
2916 1810 3075 1870 pacto
3131 1802 3369 1856 facerent
3398 1802 3458 1870 ii,

1881 1890 1974 1957 qui
2025 1900 2297 1943 terrarum
2349 1890 2538 1943 orbem
2594 1891 2914 1944 universum
2952 1892 3127 1946 variis
3176 1893 3458 1949 beneficiis

1884 1982 2159 2044 irretiunt,
2193 1990 2246 2036 et
2267 1996 2428 2036 omne
2454 1997 2641 2035 arvum
2668 1982 2856 2037 sterile
2879 1983 3112 2047 sulcant,
3139 1984 3459 2052 opimasque

1884 2072 2257 2127 beneficentia}
2313 2074 2494 2141 spicas
2548 2073 2816 2143 metunt?)
2878 2072 2971 2126 sed
3018 2074 3289 2127 occultam
3341 2073 3462 2142 ejus

1881 2164 1990 2219 diei
2020 2165 2127 2217 vim
2156 2165 2396 2219 indicare
2425 2165 2634 2228 volunt,
2669 2167 2927 2233 quasiquo.
2962 2165 3163 2219 docere
3198 2181 3291 2233 per
3344 2166 3463 2221 hanc

1880 2264 1995 2313 eos,
2051 2250 2144 2318 qui
2175 2265 2234 2303 ea
2273 2258 2518 2316 sumunt,
2553 2252 2730 2320 qualis
2763 2266 2885 2305 esse
2920 2251 3118 2305 debeat
3153 2252 3321 2306 animi
3352 2265 3464 2307 sta-

1881 2350 1968 2395 tus
1999 2344 2050 2395 in
2069 2356 2155 2407 eo,
2174 2342 2267 2411 qui
2286 2343 2557 2411 jejunium
2588 2343 2865 2406 observat,
2893 2345 3053 2412 quale
3079 2345 3459 2399 holocaustum

1880 2434 2250 2501 paenitentiae,
2313 2443 2368 2488 et
2424 2435 2757 2503 precationis
2814 2438 3121 2490 incensum.
3195 2438 3273 2491 Ac
3327 2444 3459 2491 tunc

1879 2523 2100 2591 quidem
2159 2524 2232 2576 ita
2289 2522 2483 2591 jejuuii
2516 2522 2856 2576 curriculum
2912 2508 3177 2593 dirigunt.
3204 2523 3273 2578 At
3322 2538 3451 2578 vero

1879 2614 2000 2668 beta
2034 2615 2121 2668 illa
2145 2614 2235 2667 die
2263 2612 2546 2667 Dominica
2577 2614 2826 2667 haiorum
2861 2616 3205 2684 gestationis,
3261 2617 3459 2671 seden-

1883 2712 1967 2760 tes
1996 2721 2098 2772 pro
2133 2720 2285 2759 more
2310 2705 2759 2759 distribuentinm
2818 2706 3039 2774 pr:emia
3074 2708 3297 2776 (quippe.
3325 2722 3459 2763 con-

1881 2797 2039 2859 sedit,
2058 2795 2543 2865 inquiuntLiltera:
2570 2812 2763 2860 sacrm,
2791 2797 2882 2864 qui
2901 2796 3112 2863 judicat
3132 2797 3454 2866 justitiam),

1881 2886 2125 2941 victores
2188 2887 2240 2939 in
2290 2887 2591 2941 certamine
2613 2887 2806 2953 jejunii
2840 2888 3200 2956 pretiosarum
3236 2897 3456 2943 sancta-

1880 2993 2112 3045 rumque
2193 2979 2440 3032 crucium
2530 2978 2978 3042 lustrationibus,
3040 2987 3096 3033 et
3169 2994 3455 3033 cereorum

1878 3071 2176 3124 lucentium
2210 3068 2371 3122 donis
2399 3069 2707 3137 excipiunt.
2731 3069 2942 3139 Quippe
2965 3085 3074 3123 non
3103 3085 3224 3122 cum
3244 3071 3454 3126 umbris

1880 3161 2151 3216 dimicare
2184 3160 2373 3215 ﬁdeles
2406 3161 2617 3224 volunt,
2652 3160 2928 3214 fatuorum
2982 3176 3174 3228 more,
3216 3162 3309 3216 sed
3356 3176 3455 3217 eos

1881 3254 2048 3309 veluti
2074 3254 2187 3322 jam
2240 3251 2575 3316 aSpicientes
2603 3251 2835 3319 justitia:
2888 3252 3083 3315 solem,
3117 3252 3212 3320 qui
3257 3267 3452 3306 novam

1884 3342 2104 3398 Sionem
2139 3358 2235 3412 per
2264 3344 2469 3411 pullum
2489 3342 2784 3404 illuminat,
2817 3356 2912 3410 per
2937 3341 3051 3395 baac
3072 3343 3453 3407 exhortantur,

1874 3443 1935 3488 ut
1967 3434 2222 3488 absoluto
2256 3431 2541 3485 Dominico
2569 3431 2778 3484 dierum
2806 3430 3166 3499 quadraginta
3220 3430 3455 3499 jejunio,

1874 3534 1930 3579 et
1958 3526 2201 3580 nubibus
2230 3524 2485 3577 vitiorum
2520 3522 2787 3591 expulsis,
2817 3538 2921 3575 una
2946 3536 3070 3575 cum
3107 3522 3208 3575 hoc
3239 3523 3455 3592 gigante

1876 3612 2049 3684 (dicto
2084 3614 2344 3668 nimirum
2378 3612 2515 3684 sole)
2548 3614 2889 3666 exoriantur.
2950 3610 3014 3664 Et
3050 3612 3173 3666 baia
3229 3613 3450 3682 quidem

1872 3707 2133 3760 manibus
2158 3714 2453 3775 propterea
2511 3713 2718 3769 tenent,
2774 3703 2919 3773 quod
2986 3703 3223 3758 traducti
3280 3705 3452 3758 sinta

1871 3796 2069 3850 vitiosa
2097 3795 2435 3864 profanaque
2460 3793 2697 3849 fortasse
2725 3794 2859 3857 vita,
2890 3794 2955 3849 ad
2984 3796 3363 3850 sublimiorem
3396 3805 3451 3850 et

1872 3888 2136 3944 vitiorum
2191 3896 2511 3957 expertem:
2565 3902 2757 3942 cereos
2808 3902 2938 3941 vero
2991 3902 3114 3943 cum
3166 3889 3450 3953 crucibus,

1873 3977 2020 4048 quod
2058 3994 2183 4034 cum
2214 3980 2420 4033 lumine
2442 3979 2694 4034 veritatis
2718 3986 2995 4033 auctorem
3037 3979 3217 4033 omnis
3248 3980 3377 4034 mali
3398 3988 3454 4034 et

1875 4071 2259 4127 adversariam
2320 4086 2482 4126 suum
2566 4070 2825 4124 Satanam
2889 4071 3327 4139 prostraverint.
3389 4072 3453 4125 Et

1873 4165 2146 4234 quodnam
2180 4165 2325 4218 aliud
2358 4166 2563 4218 donum
2592 4162 2681 4229 iis,
2705 4163 2799 4232 qui
2834 4178 2930 4232 per
2980 4163 3369 4217 continentiam
3395 4163 3450 4218 in

1873 4254 1968 4308 illo
2003 4268 2197 4323 magno
2224 4253 2418 4321 jejunii
2478 4252 2781 4307 certamine
2828 4253 3064 4307 victores
3119 4253 3449 4320 exstiterint,

1873 4344 1994 4398 dari
2048 4344 2343 4413 pretiosius
2423 4344 2599 4412 possit
2652 4343 2993 4411 Optatissima
3047 4358 3205 4397 sacra
3263 4359 3447 4410 cruce,

1872 4449 1996 4503 qua:
2018 4434 2202 4488 omnia
2227 4433 2546 4489 devorantis
2575 4431 2774 4487 inferni
2803 4433 3075 4502 genuinos
3101 4433 3446 4499 comminuit,

188 4522 546 4593 σχεδιάσαντα
586 4518 793 4589 Ἰησοῦν
823 4520 1058 4590 Χριστὸν
1090 4521 1183 4573 καὶ
1224 4519 1356 4573 Θεὸν
1386 4520 1564 4589 ἡμῶν.
1611 4521 1765 4575 Ἐπεὶ

1878 4534 1925 4579 et
1981 4524 2221 4577 humano
2284 4524 2466 4592 generi
2520 4523 2645 4577 vitae
2679 4532 2863 4591 portas
2911 4523 3175 4591 aperuit?
3225 4524 3449 4578 omnino

186 4613 245 4666 δὲ
275 4614 371 4664 καὶ
402 4612 625 4681 βασιλέα
658 4612 880 4670 πολλαῖς
905 4610 1379 4681 δορυφορούμενον
1411 4613 1763 4682 κυριότησιν,

184 4704 412 4774 ἀμέσως
448 4702 479 4773 ἧ
513 4706 655 4756 κατά
682 4703 929 4773 ῥυπαροῦ
963 4704 1392 4773 καταστήματος
1420 4702 1520 4756 οὒκ
1553 4703 1766 4767 ἔξεστιν

187 4794 578 4859 ὐποδέξασθαι,
612 4795 726 4848 Νῦν
761 4796 885 4865 μὲν,
929 4795 1093 4863 φησὶν
1142 4796 1169 4846 ὁ
1226 4796 1401 4863 μέγας
1452 4795 1762 4864 ἀρχιερεὺς,

182 4890 301 4948 τοῖς
335 4888 668 4957 ἀγχεμάχοις
699 4885 1167 4956 συναριθμήθητε,
1221 4888 1332 4947 τοῖς
1383 4886 1768 4954 σφενδονήταις

188 4978 668 5048 συστοιχειώθητε,
698 4980 814 5040 τοῖς
849 4979 1197 5040 ἀκοντισταῖς
1260 4978 1622 5047 συνανάὅητε,
1672 4975 1769 5030 καὶ

186 5072 308 5132 τοῖς
342 5071 762 5138 τροπαιοφόροις
797 5068 1245 5138 συνανακλίθητε.
1286 5068 1440 5122 Μετὰ
1480 5068 1534 5120 δὲ
1571 5069 1769 5138 μικρὸν

186 5162 609 5232 ἀνοιχθησονται
641 5164 767 5231 ὑμῖν
800 5162 868 5213 τὰ
901 5162 1200 5229 ἀνάκτορα,
1250 5167 1341 5213 καὶ
1366 5161 1512 5229 ἴδητε
1557 5160 1645 5213 τὸν
1676 5162 1767 5214 ού-

190 5256 361 5328 ρανοῦ
401 5257 495 5307 καὶ
524 5256 627 5323 γῆς
677 5252 1031 5322 βασιλεύοντα
1081 5251 1498 5321 ἀπερίγραπτον
1558 5251 1765 5322 Κύριον

187 5348 286 5399 καὶ
320 5343 455 5397 Θεὸν
479 5344 633 5413 ἡμῶν
659 5342 935 5412 σαρκικῶς
965 5343 1120 5412 χερσὶ
1154 5341 1383 5393 δικαίων
1429 5342 1768 5411 περιγραφό-

190 5454 378 5509 μενον,
412 5437 504 5488 καὶ
529 5434 673 5504 ζωὴν
701 5435 1060 5504 ἀτελεύτητον
1089 5434 1209 5487 ἀντὶ
1247 5432 1416 5501 βαῖων
1458 5433 1771 5504 φιλοτιμού-

191 5545 378 5598 μενον.
424 5528 533 5580 Καὶ
573 5526 713 5578 κατά
746 5526 844 5595 μὲν
892 5524 991 5595 τὴν
1026 5525 1369 5595 χαρμόσυνον
1418 5525 1767 5593 κυριώνυμον

185 5621 285 5687 τῆς
343 5618 452 5671 τῶν
509 5616 677 5686 βαῒων
735 5617 937 5685 σεπτῆς
986 5614 1368 5685 πανηγύρεως,
1448 5615 1618 5684 κτῑρί³ν⁸
1675 5615 1769 5668 καὶ

188 5710 460 5777 σταυροὺς
487 5707 854 5774 λαμϐάνοντες
881 5708 929 5758 οἱ
954 5708 1092 5768 λαοὶ,
1126 5707 1221 5776 τὴν
1249 5705 1390 5759 κα.τά
1411 5705 1503 5757 τοῦ
1535 5705 1767 5759 θανάτου

187 5802 346 5871 νίκην
379 5801 590 5862 ἑαυτοῖς
627 5798 1152 5869 πρνιμνηστεύονται,
1182 5799 1275 5855 καὶ
1307 5799 1380 5862 ὡς
1406 5797 1639 5868 ἀστέρες
1669 5814 1767 5853 κα-

1870 4614 2108 4675 ιιυΙΙιιιη,
2136 4613 2242 4666 nisi
2267 4612 2390 4681 quis
2415 4610 2597 4666 dicere
2616 4613 2742 4666 velit
2762 4612 2948 4667 Jesum
2974 4612 3249 4666 Christum
3276 4611 3445 4666 Deum

1870 4716 2140 4765 nostrum,
2176 4704 2267 4772 qui
2304 4718 2399 4773 per
2438 4718 2657 4757 crucem
2687 4704 2845 4757 nobis
2869 4704 3098 4758 salutem
3130 4704 3444 4772 acquisivit.

1870 4795 1930 4849 Et
1966 4797 2223 4863 quoniam
2279 4812 2457 4863 regem
2496 4797 2794 4849 multorum
2822 4795 3202 4849 dominatuum
3241 4795 3450 4850 satelli-

1873 4890 1949 4945 tio
1991 4892 2251 4957 Stipatum
2290 4890 2411 4942 sine
2443 4889 2649 4952 medio,
2703 4888 2789 4940 vel
2845 4902 2970 4941 cum
3026 4895 3168 4940 statu
3226 4887 3449 4941 sordido

1871 4995 1981 5036 non
2016 4980 2139 5033 licet
2172 4980 2465 5047 excipere;
2496 4976 2653 5031 Nunc
2704 4978 2947 5046 quidem,
2995 4977 3170 5043 inquit
3222 4993 3448 5045 magnus

1873 5071 1963 5124 ille
2011 5069 2275 5138 pontifex,
2302 5070 2445 5122 inter
2482 5068 2669 5136 pedem
2690 5069 3036 5123 conferentes
3064 5068 3445 5127 numeremini,

1873 5161 2219 5214 lunditorum
2251 5159 2445 5213 ordine
2474 5160 2787 5224 consistite,
2821 5174 2944 5212 cum
2982 5159 3283 5226 sagittariis
3326 5173 3447 5225 per-

1872 5252 2005 5319 gite,
2036 5266 2160 5305 cum
2212 5252 2556 5320 gestantibus
2592 5258 2795 5318 tropaea
2825 5250 3189 5318 procumbite.
3244 5246 3447 5302 Verum

1872 5352 1999 5414 post
2027 5343 2286 5415 exiguum
2315 5342 2580 5412 temporis
2604 5343 2946 5395 intervallum
2972 5342 3087 5410 ipsa
3116 5340 3259 5409 regia
3292 5339 3447 5394 vobis

1871 5436 2166 5504 aperietur,
2203 5449 2266 5488 ac
2296 5434 2547 5488 videbitis
2572 5434 2695 5486 coeli
2722 5441 2989 5500 terraeque
3026 5432 3248 5499 Regem,
3281 5430 3447 5484 nullis

1872 5525 2350 5595 circumscriptum
2385 5525 2634 5579 terminis
2664 5524 2954 5577 Dominum
2997 5523 3277 5591 Deumque
3319 5538 3449 5577 uos-

1873 5626 2017 5672 trum
2062 5617 2356 5671 carnaliter
2393 5617 2667 5685 justorum
2725 5616 2978 5668 manibus
3036 5614 3444 5680 circumscribi,

1871 5710 2150 5777 vitamque
2182 5708 2334 5761 vobis
2369 5710 2474 5761 line
2509 5716 2787 5760 carentem
2810 5706 3056 5758 baiorum
3090 5704 3207 5755 loco
3244 5703 3446 5772 largiri.

1873 5800 2093 5857 Achata
2123 5798 2344 5869 quidem
2371 5799 2463 5855 illa
2498 5798 2587 5856 die
2625 5796 2909 5855 Dominica
2945 5794 3275 5855 venerabilis
3297 5795 3449 5853 baio-
