4198 6444
736 412 874 477 12ίὲ

2042 412 2179 472 JUS
2215 411 2663 474 CANONICUM

3855 420 4002 488 12Ξῦ

733 542 852 579 rum
880 524 1221 590 lestivitatis,
1258 524 1386 578 dum
1427 524 1613 594 populi
1647 538 1837 580 cereos
1867 534 1920 579 et
1944 539 2140 580 cruces
2161 525 2307 579 acci-

2418 526 2783 595 ταφωτίζουσι
2808 528 2909 600 τὴν
2930 531 3197 599 ἄναστρον
3221 534 3457 602 σφαῖραν
3485 534 3582 603 τῆς
3605 534 4002 603 ἀπογνώσεως,

732 616 880 685 pium
917 654 932 679 ,
980 617 1265 668 victoriam
1310 613 1575 669 adversus
1602 623 1835 668 mortem
1866 616 1970 670 sibi
2007 624 2157 670 certe
2190 615 2315 670 dcs~

736 707 1079 774 pondeiit,et
1134 709 1311 762 instar
1364 708 1606 761 siderum
1662 706 1974 761 illuminant
2026 713 2306 776 expertem

734 808 1006 852 .tstrnruut
1080 800 1350 867 sphaeram
1410 797 1857 865 desperationis;
1911 799 1993 853 vel
2053 806 2313 867 tanquam

736 889 880 943 servi
931 889 1132 953 lideles,
1175 891 1266 959 qui
1292 891 1432 942 faces
1462 899 1700 959 gestant,
1734 906 1829 959 per
1863 891 2023 944 trivia
2068 890 2317 943 circum-

734 989 946 1045 euntes,
990 983 1277 1035 adventum
1345 984 1532 1050 sponsi
1602 983 2023 1051 splendidiorem
2056 984 2313 1047 reddunt,

734 1072 913 1138 deque
944 1075 1089 1141 lepra
1133 1074 1490 1126 sectariorum
1516 1077 1567 1127 in
1592 1074 1822 1141 caligine
1853 1074 2158 1127 sedentium
2181 1090 2315 1145 qua-

734 1170 779 1216 si
814 1165 1177 1230 triumphant.
1213 1164 1340 1219 Post
1370 1165 1511 1218 diem
1544 1180 1672 1217 vero
1706 1166 1927 1217 tertium
1972 1174 2193 1219 curator
2223 1167 2313 1221 ille

737 1253 1099 1307 humanarum
1161 1256 1490 1318 animarum,
1534 1255 1791 1309 videlicet
1822 1257 1943 1325 ipse
1972 1258 2311 1326 patriarcha,

736 1345 897 1413 quasi
965 1346 1271 1399 rationibus
1322 1361 1507 1399 secum
1571 1348 1849 1412 expensis,
1903 1348 2128 1415 nequis
2167 1349 2307 1401 clam

743 1437 862 1504 ipso
920 1438 1176 1490 salutaris
1231 1437 1503 1505 passionis
1562 1441 1783 1507 praemia
1850 1448 2045 1492 tractet
2095 1439 2315 1509 indigne

737 1524 886 1593 (nam
924 1524 1101 1591 ipsum
1134 1527 1238 1578 mel
1270 1542 1488 1595 quoque
1539 1529 1738 1597 sapius
1767 1528 2110 1582 dulcedinem
2161 1545 2314 1582 suam

736 1614 791 1667 in
829 1618 1088 1667 vomitum
1131 1626 1454 1670 convertere
1482 1618 1640 1682 solet,
1673 1619 1717 1670 si
1772 1618 1931 1671 aliter
1955 1634 2118 1686 quam
2156 1635 2317 1689 cxpe-

722 1704 874 1764 ‘diat.
905 1715 1181 1774 sumptum
1213 1708 1336 1775 sit),
1375 1708 1550 1760 instar
1585 1709 1832 1762 custodis
1862 1709 2104 1778 vigilacis
2139 1721 2319 1765 matu-

739 1796 858 1850 rius
890 1812 1143 1865 surgens,
1197 1799 1407 1851 incensi
1458 1798 1555 1853 dat
1604 1798 1880 1861 fidelibus.
1924 1799 2171 1855 indicare
2215 1817 2314 1871 per

2419 623 2452 690 ἢ
2484 623 2558 685 ὠς
2583 623 2757 676 δοῦλοι
2793 626 2969 678 πιστοὶ
2997 625 3414 696 λαμπαδηφὸροι
3443 628 3544 689 τὰς
3570 628 3819 699 τριόδους
3843 647 4000 698 περι-

2426 713 2713 781 ερχόμενοι
2743 751 2758 775 ,
2804 712 2896 764 τοῦ
2962 714 3197 781 νυμφίου
3245 715 3343 784 τὴν
3399 715 3659 785 ἐνδημίαν
3712 716 4003 783 καταλαμ-

2418 804 2710 874 πρύνουσι,
2743 806 2838 857 καὶ
2869 804 2966 873 τὴν
2995 805 3179 874 λώϐην
3204 807 3315 857 τῶν
3347 807 3407 859 ἐν
3454 812 3636 860 σκότει
3662 807 4001 874 καθημένων

2418 897 2758 964 αἰρεσιωτῶν
2789 895 3204 965 θριαμϐεύουσι.
3240 896 3396 950 Μετά
3426 897 3483 951 δὲ
3533 901 3728 968 τρίτην
3759 902 3999 967 ἡμέραν,

2415 990 2443 1039 ὀ
2471 985 2578 1038 τῶν
2608 985 2967 1056 ἀνθρωπίνων
3000 988 3190 1057 ψυχῶν
3232 988 3509 1057 κηδεμὼν,
3562 991 3589 1042 ὁ
3639 994 4000 1059 πατριάρχςς

2417 1078 2581 1148 φημὶ,
2606 1078 2730 1130 καθ’
2772 1079 2966 1131 ἑαυτὸν
3001 1079 3192 1148 ὥσπερ
3224 1080 3702 1148 συλλογισάμενος,
3754 1083 3831 1151 μὴ
3856 1083 3997 1152 λαθη

2422 1185 2514 1231 τις
2573 1169 2872 1239 ἀχρειῶσαι
2925 1170 3019 1223 τοῦ
3071 1171 3341 1241 σωτηρίου
3387 1171 3596 1233 πάθους
3643 1172 3711 1223 τὰ
3764 1173 4003 1235 ἔπαθλα,

2421 1260 2538 1330 (καὶ
2581 1263 2702 1331 μέλι
2735 1263 2841 1331 γὰρ
2869 1262 3025 1314 εἴωθε
3049 1262 3311 1325 πολλάκις
3332 1262 3429 1332 τὴν
3459 1262 3704 1331 ἡδύτητα
3734 1268 4004 1333 μετάγειν

2417 1352 2497 1412 εἰς
2520 1350 2732 1420 ἔμετον,
2768 1353 2814 1405 εί
2852 1352 3220 1421 μεταληφθείη
3280 1354 3433 1421 παρά
3468 1355 3528 1407 τὸ
3561 1354 3885 1423 χρήσιμον,)
3930 1356 4005 1415 ὡς

2424 1442 2701 1511 ἄγρυπνος
2732 1444 2905 1511 φύλαξ
2937 1444 3175 1506 ἀναστὰς
3200 1444 3602 1516 ὀρθριαίτερον,
3647 1447 3835 1501 δίδωσι
3890 1453 4005 1509 τοῖς

2417 1536 2631 1597 πιστοῖς
2666 1534 3007 1604 θυμιάματα,
3039 1535 3247 1605 ὁμιλῶν
3281 1532 3393 1587 οἷον
3435 1537 3521 1589 δια
3551 1538 3762 1590 τούτοιν
3785 1540 4002 1601 αὖτοίς,

2420 1625 2514 1677 καὶ
2553 1624 2967 1695 ὑποτιθέμενος,
3024 1626 3098 1697 μὴ
3148 1626 3567 1697 πανηγυρικῶς,
3613 1628 3754 1681 ἀλλά
3804 1632 4006 1696 ἀγωνι-

2419 1717 2623 1780 στικῶς
2653 1717 2764 1770 τῶν
2796 1717 2995 1787 ἐφεξῆς
3026 1718 3191 1785 τριῶν
3230 1719 3456 1789 ἡμερῶν
3493 1720 3556 1771 τὸ
3599 1720 3818 1772 στάδιον
3867 1725 4002 1774 ἀνα-

2418 1807 2695 1872 δέξασθαι.
2744 1808 2860 1862 Κᾶν
2907 1811 3018 1878 γὰρ
3071 1810 3396 1873 ἀκινδύνως,
3425 1812 3579 1880 φησὶ,
3610 1812 3672 1864 τὸ
3722 1813 3872 1881 μέγα
3901 1814 4003 1879 τῆς

743 1887 857 1939 haec
891 1889 1104 1950 volens,
1156 1899 1213 1941 et
1268 1888 1563 1944 admonere
1598 1929 1613 1956 ,
1646 1906 1714 1943 ne
1762 1890 1959 1945 festivo
2018 1906 2188 1957 more,
2221 1891 2315 1945 sed

2418 1901 2672 1968 νηστείας
2733 1900 3168 1971 διεπεραιώθητε
3228 1903 3465 1970 πέλαγος
3524 1903 3603 1972 τῷ
3679 1903 3837 1972 ἱστίῳ
3911 1905 4003 1956 τοῦ

744 1977 991 2046 pugilum
1026 1980 1131 2032 ritu
1196 1976 1455 2049 deinceps
1499 1980 1710 2033 dierum
1757 1981 2093 2034 curriculum
2143 1982 2320 2037 susci-

742 2067 914 2134 piant.
950 2064 1100 2119 Licet
1129 2068 1299 2130 enim,
1325 2068 1525 2135 inquit,
1560 2070 1768 2136 absque
1793 2070 2037 2137 periculo
2060 2086 2314 2140 magnum

745 2158 878 2209 illud
912 2157 1107 2227 jejunii
1142 2159 1369 2227 pelagus
1401 2174 1429 2211 a
1464 2160 1648 2214 crucis
1680 2162 1799 2215 velo
1830 2161 2102 2215 sublevati
2150 2164 2315 2231 traje-

745 2248 924 2308 cistis,
966 2258 1021 2302 et
1080 2249 1147 2303 ad
1206 2249 1449 2303 divinum
1485 2262 1699 2319 portum
1757 2261 2075 2307 sanctorum
2110 2254 2314 2308 Christi

749 2337 953 2405 Deique
994 2340 1168 2392 nostri
1205 2343 1508 2394 cruciatqu
1553 2343 1883 2411 appulistis:
1923 2354 2102 2399 tamen
2142 2346 2315 2400 instar

749 2427 898 2481 illius
931 2429 1215 2497 prudentis
1246 2431 1626 2500 negotiatoris,
1677 2432 2115 2488 inaestimabilem
2164 2436 2314 2490 illum

749 2521 1005 2574 unionem
1031 2526 1311 2576 consecuti
1339 2538 1445 2575 non
1473 2524 1627 2577 estis.
1652 2523 1845 2578 Adhuc
1869 2526 2013 2578 enim
2036 2529 2316 2594 praedones

747 2625 810 2662 ac
843 2610 1082 2664 latrones
1110 2612 1355 2665 studiose
1387 2612 1609 2665 domino
1640 2630 1734 2680 per
1770 2614 2023 2671 tenebras
2047 2617 2315 2673 insidian-

748 2706 860 2761 tur,
893 2708 943 2752 et
996 2701 1097 2753 reti
1135 2700 1373 2769 quodam
1438 2703 1713 2757 homicidii
1756 2716 2009 2771 consuto,
2065 2710 2315 2778 capiendi

746 2788 863 2856 ejus
901 2791 1245 2846 occasionem
1299 2804 1571 2861 quaerunt.
1622 2793 1795 2865 Igitur
1848 2798 2011 2851 etiam
2056 2798 2314 2872 deinceps

745 2882 1056 2952 \igiletnus,
1095 2894 1147 2937 et
1172 2901 1293 2938 cum
1317 2884 1519 2941 Juda'is
1551 2891 1809 2945 excubias
1838 2893 2122 2961 agentibus
2156 2910 2319 2949 excu-

747 2974 960 3028 bcmus.
1001 2972 1103 3042 1ρεί
1135 2976 1354 3045 quidem
1385 2979 1437 3031 in
1477 2980 1718 3035 tenebris
1752 2997 1848 3050 per
1871 2998 2019 3039 mare
2046 2987 2320 3056 vagabun-

750 3069 861 3123 tur,
899 3064 1175 3117 incassum
1204 3066 1339 3119 retia
1374 3067 1655 3122 laxantes:
1700 3084 1802 3124 nos
1849 3080 2030 3128 autem
2069 3076 2315 3131 ambule-

751 3167 873 3205 mus
910 3155 962 3206 in
993 3156 1102 3218 die,
1137 3171 1200 3209 ac
1223 3158 1360 3212 lucis
1378 3174 1541 3228 opera
1570 3165 2127 3234 consequemurzipsi
2155 3168 2316 3224 sudes

757 3243 937 3301 hamis
970 3249 1329 3313 uncinabunt,
1376 3267 1477 3306 nos
1506 3253 1747 3321 praedam
1808 3255 2177 3314 lucrabimur:
2217 3261 2321 3330 ipsi

749 3338 1005 3393 unionem
1044 3342 1098 3394 in
1148 3342 1327 3410 lapide
1392 3354 1596 3413 tegent,
1636 3360 1737 3401 nos
1787 3363 1908 3401 eum
1951 3350 2005 3402 in
2065 3356 2320 3409 testaceis

748 3431 895 3482 vasis
936 3432 1318 3489 recondemus.
1354 3433 1646 3504 Postquam
1686 3438 1738 3490 in
1765 3436 1907 3493 hunc
1931 3442 2151 3497 modum
2192 3444 2319 3499 data

748 3527 877 3575 sunt
909 3522 1153 3586 incensa,
1218 3533 1273 3578 et
1304 3526 1538 3594 populus
1595 3542 1810 3582 rursum
1848 3545 2042 3588 manus
2073 3549 2201 3590 suas
2252 3536 2321 3591 ad

742 3607 933 3680 ieiunii
956 3613 1181 3681 pelagus
1224 3627 1487 3683 prospero
1531 3631 1698 3671 cursu
1733 3618 1956 3684 direxit,
1994 3633 2321 3693 noctemque

749 3712 1069 3757 sanctorqu
1120 3701 1328 3757 Christi
1402 3707 1748 3761 cruciatuum
1808 3710 2005 3767 faculis
2076 3716 2321 3773 accensis

749 3791 1093 3849 collustravit
1133 3797 1282 3867 (nam
1338 3796 1393 3853 in
1447 3795 1535 3852 die
1588 3800 1953 3868 ambulantes,
2013 3811 2071 3858 ut
2131 3820 2318 3861 eorum

751 3898 922 3946 more,
951 3888 1045 3954 qui
1092 3887 1371 3942 ambulant
1409 3890 1462 3943 in
1523 3890 1783 3955 tenebris,
1819 3900 2085 3949 nocturna
2119 3894 2322 3953 faciant

749 3973 949 4027 itinera
989 3975 1107 4031 ﬁeri
1139 3979 1290 4032 nullo
1309 3979 1471 4035 modo
1498 3980 1726 4053 potest):
1777 3991 1891 4036 tutu
1921 4000 2049 4040 vero
2083 4003 2321 4057 sponsus

751 4063 1006 4119 Ecclesia!
1026 4082 1217 4122 rursus
1243 4072 1497 4125 exoriens
1523 4073 1693 4126 instar
1722 4077 1973 4130 matutini
1992 4087 2083 4131 aut
2108 4095 2322 4146 vesper-

748 4157 846 4209 tini
874 4157 1112 4222 Arcturi,
1154 4159 1243 4213 die
1287 4158 1466 4215 fausto
1496 4165 1670 4217 sancti
1701 4165 1987 4222 Paschalis
2038 4168 2320 4228 Dominico

753 4246 898 4301 velut
924 4249 1065 4301 alter
1087 4249 1305 4304 divinus
1335 4250 1514 4308 Moses
1541 4255 1665 4309 sinu
1699 4271 1801 4310 suo
1826 4256 2033 4314 Christi
2060 4264 2318 4330 populum

753 4335 979 4403 excipit,
1020 4340 1287 4406 quasique
1347 4346 1739 4413 congratularis
1803 4350 1905 4414 eis,
1957 4354 2048 4421 qui
2103 4369 2317 4410 omnem

750 4426 1118 4479 scclcritatem
1153 4426 1531 4499 Egyptiacam
1576 4441 1945 4504 excusserint,
1993 4450 2045 4497 et
2076 4442 2317 4500 Pharao-

752 4527 872 4565 nem
938 4526 1346 4583 persecutorem
1407 4524 1544 4576 mari
1611 4528 2010 4585 submerserint
2048 4536 2314 4598 :Adeste,

2425 4547 2680 4613 νηστείας
2718 4548 3019 4611 ἀκινδύνως
3074 4553 3410 4620 περάσαντες

746 4604 945 4672 inquit,
983 4608 1208 4676 aspicite
1234 4626 1329 4664 vos
1350 4623 1676 4671 mercatores
1697 4621 2010 4676 orthodoxa:
2033 4625 2315 4692 doctrinae,

744 4694 840 4760 qui
907 4696 1041 4747 citra
1104 4700 1408 4765 periculum
1470 4704 1693 4772 pelagus
1746 4707 1935 4775 iejunii
1997 4713 2311 4780 trajecistis,

749 4797 989 4849 quonam
1026 4786 1241 4839 invidias
1273 4789 1468 4845 lluctus
1494 4794 1615 4848 vitm
1640 4796 1957 4853 thesaurum
1987 4802 2311 4870 jactaverit:

747 4867 965 4919 ubinam
1004 4869 1300 4928 insomnem
1364 4878 1515 4932 illum
1566 4883 1823 4939 unionem
1879 4867 2114 4946 turbinis
2148 4906 2314 4949 aestus

746 4956 1034 5026 abreptum
1072 4963 1126 5016 iu
1194 4967 1469 5033 sepulcro,
1497 4977 1752 5037 tanquam
1777 4974 1827 5027 in
1856 4985 2058 5043 ostreo,
2084 4985 2312 5039 caelave-

750 5047 840 5099 rit.
897 5048 1145 5120 Cumque
1194 5056 1444 5112 videritis
1467 5062 1678 5116 saniem
1748 5065 1799 5117 \‘i
1857 5066 2088 5138 fulguris
2138 5074 2310 5131 divini

744 5150 1097 5205 commotam,
1127 5153 1182 5199 et
1210 5148 1469 5201 unionem
1491 5154 1708 5221 prepria
1746 5167 2014 5223 potestate
2036 5167 2309 5231 prodeun-

751 5241 878 5291 tem,
915 5244 977 5284 ac
1004 5237 1309 5302 expositum
1342 5245 1684 5311 emptoribus
1704 5251 1841 5303 citra
1868 5253 2034 5306 ullum
2054 5259 2306 5327 pretium;

747 5318 980 5387 accipite
1008 5337 1130 5378 eum
1168 5328 1433 5400 vobisque
1482 5336 1813 5403 peculiarem
1855 5341 2035 5409 facite,
2054 5318 2137 5402 'ac
2186 5318 2309 5405 vita;

744 5416 963 5464 αξιοι-ηαξ
1003 5415 1319 5474 thesaurum
1371 5423 1778 5499 vobistnetipsis
1836 5434 2119 5502 acquiritc.
2176 5435 2309 5492 For-

742 5504 909 5559 tassis
960 5507 1121 5563 etiam
1186 5529 1336 5571 more
1387 5520 1559 5588 patris
1618 5522 1851 5581 iibcrum
1901 5529 2160 5594 amantis,
2213 5532 2306 5601 qui

2421 1990 2654 2060 σταυροῦ
2700 1993 3109 2063 κουφιζόμενοι,
3177 1992 3271 2046 καὶ
3322 1996 3475 2064 παρά
3518 1994 3597 2062 τῷ
3622 1994 3754 2062 θείῳ
3813 1994 4001 2062 λιμένι

2420 2082 2528 2133 τῶν
2560 2082 2731 2149 ἁγίων
2759 2083 2947 2135 παθῶν
2976 2083 3072 2136 τοῦ
3107 2083 3349 2154 Χριστοῦ
3382 2086 3478 2137 καὶ
3503 2085 3637 2137 θεοῦ
3676 2086 3835 2154 ἡμῶν
3868 2103 4004 2137 κατ’

2423 2175 2729 2243 ηντὴσατε,
2788 2173 2923 2227 ἀλλά
2975 2175 3067 2228 τὸν
3133 2176 3402 2246 ἀτίμητον
3476 2178 3575 2230 οὐκ
3623 2178 4003 2246 ἐπλουτήσατε

2423 2269 2729 2337 μάργαρον,
2780 2268 2856 2332 ὡς
2912 2271 3119 2334 ἐκεῖνος
3163 2273 3193 2324 ὁ
3228 2272 3494 2342 φρόνιμος
3548 2272 3814 2343 ἔμπορος.
3878 2272 4004 2325 Ἐτι

2418 2358 2525 2428 γάρ
2556 2359 2804 2429 ἅρπαγες
2839 2362 2932 2414 καὶ
2958 2362 3156 2431 λῃσταὶ
3182 2363 3489 2427 σπουδαίως
3518 2364 3883 2434 ὲρεδοδιφῶει
3912 2364 4004 2416 τδν

2419 2448 2646 2518 Κύριον,
2682 2453 2775 2504 καὶ
2808 2454 3052 2521 σαγήνην
3088 2455 3402 2523 μιαιφονίας
3433 2456 3839 2525 συρράψαντες,
3882 2474 4005 2510 και·

2421 2542 2751 2609 ροσκοποῦσι
2776 2542 2963 2595 τούτου
2987 2544 3085 2614 τὴν
3108 2544 3333 2599 ἅλωσιν.
3354 2546 3801 2617 Γρηγορήσωμεν
3818 2550 4004 2600 τοίνυν

2422 2634 2517 2685 καὶ
2546 2632 2764 2703 ἐφεξῆς,
2818 2636 2915 2687 καὶ
2972 2638 3085 2698 τοῖς
3117 2636 3491 2705 ἀγρυπνοῦσιν
3553 2638 3829 2700 Ἰουδαίοις
3876 2656 4003 2689 συν-

2422 2724 2884 2794 αγρυπνήσωμεν.
2918 2726 3082 2778 Αὐτοὶ
3126 2726 3227 2796 μὲν
3272 2728 3382 2797 γὰρ
3424 2730 3483 2779 ὲν
3523 2729 3702 2781 σκότει
3732 2745 4006 2781 ποντοπο-

2422 2816 2668 2886 ρήσουσι,
2724 2819 2911 2878 κεναῖς
2944 2816 3174 2879 ὠλέναις
3232 2819 3533 2886 ὰφάσοντες
3554 2820 3778 2872 δίκτυα·
3836 2824 4005 2891 ἡμεῖς

2419 2905 2463 2958 δ’
2486 2907 2544 2957 ὲν
2575 2904 2755 2976 ἡμέρᾳ
2782 2909 3264 2977 περιπατήσωμεν,
3297 2910 3390 2960 καὶ
3417 2910 3510 2962 τοῦ
3544 2914 3719 2977 φωτὸς
3752 2914 3821 2965 τὰ
3849 2914 3994 2983 ἔργα

2420 2995 2722 3064 ληψόμεθα.
2758 2997 2923 3049 Αὐτοὶ
2981 3000 3107 3061 τοὺς
3155 3000 3429 3064 σκόλοπας
3478 3004 3998 3072 ἀγκιστρεύσουσιν,

2423 3089 2589 3155 ἡμεῖς
2621 3087 2675 3139 δὲ
2704 3087 2801 3157 τὴν
2836 3087 3010 3157 ἄγραν
3040 3090 3413 3160 κερδήσωμεν.
3437 3095 3599 3146 Αὐτοὶ
3638 3096 3729 3148 τὸν
3774 3098 4001 3167 μαργα-

2348 3206 2391 3265 C
2426 3195 2516 3249 ρον
2555 3180 2612 3230 ὲν
2638 3177 2769 3248 λίθῳ
2799 3178 3155 3249 καλύψουσιν,
3191 3184 3353 3253 ἡμεῖς
3377 3185 3433 3237 δὲ
3472 3186 3661 3239 τοῦτον
3707 3190 3765 3240 ὲν
3796 3189 4003 3259 ὀστρα-

2426 3266 2595 3329 κίνοις
2626 3268 3161 3340 ἀποθησαυρίσωμεν
3198 3273 3468 3328 σκεύεσιν.
3507 3275 3664 3329 Οὕτω
3696 3280 4002 3349 γινομένης

2424 3358 2517 3411 καὶ
2537 3359 2738 3429 ταύτης
2774 3361 2885 3414 τῶν
2907 3361 3269 3433 θυμιαμάτων
3295 3365 3395 3435 τῆς
3424 3368 3735 3432 διαδόσεως,
3769 3372 3868 3424 καὶ
3896 3372 3996 3425 τοῦ

2422 3448 2551 3501 λαοῦ
2578 3450 2675 3512 τὰς
2703 3452 2891 3520 χεῖρας
2923 3453 3083 3506 πάλιν
3104 3455 3197 3507 ἐπὶ
3218 3456 3279 3508 τδ
3312 3460 3409 3525 τῆς
3441 3459 3696 3526 νηστείας
3722 3461 4003 3531 οὐριοδρο-

2427 3542 2700 3609 μήσαντος
2729 3542 2986 3610 πέλαγος,
3012 3545 3105 3598 καὶ
3135 3545 3233 3617 τὴν
3261 3548 3432 3600 νύκτα
3459 3548 3567 3601 τῶν
3600 3550 3774 3618 ἁγίων
3806 3552 4002 3606 παθῶν

2420 3632 2516 3686 τοῦ
2537 3633 2773 3703 Χριστοῦ
2805 3634 3055 3704 λαμπάσι
3089 3639 3666 3708 καταπυρσεύσαντος,
3702 3642 3853 3711 (τοὺς
3884 3646 4001 3714 γὰρ

2422 3722 2481 3775 ὲν
2533 3725 2717 3794 ἡμέρᾳ
2764 3726 3203 3795 περιπατοῦντας
3255 3729 3606 3783 νυκτοσατεῖν
3665 3732 3813 3785 κατὰ
3867 3735 4001 3798 τοὺς

2422 3816 2840 3885 ισκοτισμένους
2869 3817 3178 3887 dativi-110v.)
3211 3822 3239 3872 ὀ
3266 3821 3364 3889 τῆς
3409 3820 3739 3893 Ἐκκλησίας
3758 3826 4001 3893 νυμνςίος

2422 3906 2710 3966 ἀνατείλας
2741 3908 2832 3959 καὶ
2856 3908 3039 3969 πάλιν,
3068 3910 3214 3964 καθά
3243 3928 3325 3973 τις
3347 3912 3494 3982 εἴπῃ,
3525 3914 3656 3981 ἑῷος
3686 3916 3997 3985 ἀρκτοῦρος

2422 3998 2514 4049 καὶ
2533 3998 2949 4067 ἀκροκνέφαιος,
2972 4001 3111 4052 κατά
3134 4003 3233 4070 τὴν
3257 4002 3487 4072 φαιδρὰν
3503 4005 3594 4056 τοῦ
3621 4005 3775 4071 ἁγίου
3797 4008 3995 4078 usq:

2420 4090 2634 4158 ἡμέραν
2660 4088 2757 4159 τὴν
2792 4091 3133 4161 κυριώνυμον
3163 4095 3237 4155 ὡς
3272 4094 3431 4159 ἀλλος
3454 4096 3743 4163 θεσπέσιος
3777 4102 3992 4171 Μωσῆς

2420 4178 2509 4232 τὸν
2537 4180 2630 4232 τοῦ
2667 4182 2907 4250 Χριστοῦ
2943 4184 3069 4235 λαὸν
3093 4186 3639 4250 ὲγκο).πίζεται.ἶίαὶ
3673 4194 3997 4264 συγχαίρων

2420 4263 2531 4321 οἷον
2569 4270 2772 4333 αὐτοῖς,
2828 4273 3008 4325 πᾶσαν
3059 4276 3440 4349 Αἰγυπτιακὴν
3501 4281 3997 4353 ἀποτιναξαμένοις

2422 4361 2699 4430 κακότητα
2722 4364 2814 4415 καὶ
2834 4365 3033 4434 Φαραὼ
3053 4367 3288 4438 διώκτην
3311 4374 3744 4425 καταποντίσασι
3765 4392 3778 4404 ·
3800 4376 3993 4441 Δεῦτε,

2424 4456 2611 4521 φησὶν,
2648 4455 2785 4508 ἴδετε
2816 4458 2916 4526 τῆς
2942 4458 3249 4527 ὀρθοδοξίας
3288 4463 3337 4514 οί
3402 4463 3654 4533 ἔμποροι,
3693 4467 3742 4517 οἱ
3778 4468 3838 4519 τί)
3889 4470 3994 4537 τῆς

3459 4556 3730 4625 πέλαγος.
3784 4559 3889 4612 ποῦ
3935 4563 3996 4613 τί)

2427 4635 2568 4702 μέγα
2595 4637 2744 4706 κῦμα
2768 4638 2861 4690 τοῦ
2894 4640 3089 4706 φθόνου
3123 4642 3214 4693 τὸν
3243 4642 3341 4711 τῆς
3388 4645 3533 4714 ζωῆς
3564 4644 3839 4728 θιζσαυρὲν
3877 4652 3994 4703 ἀπ-

2424 4724 2641 4777 εκύλισε
2664 4742 2676 4756 ·
2718 4728 2818 4780 ποῦ
2858 4728 2949 4781 τὸν
2982 4731 3283 4800 ἀκοίμητον
3332 4733 3615 4804 μάργαρον
3638 4724 3995 4807 εὑροκλύδων

2422 4818 2729 4883 τυφωνικὸς
2759 4819 2834 4878 ὠς
2866 4823 2922 4872 ὲν
2970 4821 3178 4892 ὀστρέῳ
3214 4824 3290 4893 τῷ
3331 4826 3486 4893 τάφῳ
3511 4830 3846 4898 κατέκρυιξε.
3880 4833 3993 4887 Κιὶ

2425 4906 2624 4969 ἰδόντες
2652 4908 2711 4961 τὸ
2743 4910 2840 4978 μὲν
2867 4911 3090 4982 ἔλυτρον
3127 4916 3526 4982 μετασαλευθὲν
3550 4919 3779 4986 δυνάμει
3802 4921 3993 4989 θεῖκῖζς

2423 4995 2734 5066 ἀστραπῆς,
2774 5000 2865 5050 τὶν
2899 5000 2953 5052 δὲ
3002 5001 3283 5073 μάργαρον
3322 5005 3680 5070 αὐτεξουσίως
3709 5008 3993 5074 ὲξανατεῐ-

2418 5082 2726 5151 λαντα,καὶ
2754 5092 2831 5151 είς
2871 5092 3141 5161 ἐμπορίαν
3183 5096 3543 5163 προκείμενον
3586 5099 3989 5168 ἀπραγματευ-

2416 5192 2527 5238 τον,
2579 5175 2772 5231 λάϐετε
2821 5180 3009 5233 τοῦτον
3057 5183 3149 5235 καὶ
3201 5184 3515 5239 ἰδιώσασθαι
3566 5188 3643 5251 ⁸⁸,
3699 5192 3796 5243 καὶ
3848 5191 3991 5259 ζωὴν

2423 5266 2641 5320 αἰώνιον
2673 5270 2884 5333 ἑαυτοῖς
2919 5273 3417 5345 ἀποθησαυρίσατε.
3455 5277 3606 5347 Τάχα
3632 5278 3688 5331 δὲ
3722 5281 3815 5333 καὶ
3849 5282 3989 5337 κατά

2420 5359 2629 5427 πατέρα
2679 5360 3055 5431 φιλόστοργον,
3120 5364 3211 5415 νῦν
3262 5366 3491 5434 πρώτως
3554 5369 3732 5423 ίδόντα
3790 5376 3989 5434 παῖἰας

2418 5449 2721 5516 ἀμύμονας,
2757 5453 2863 5503 ἀπὸ
2901 5456 3115 5524 μακρᾶς
3142 5457 3235 5509 καὶ
3277 5457 3625 5524 κινδυνώδους
3672 5464 3988 5533 ἀποδημίας

2419 5539 2671 5605 ἀῦλαεῶς
2712 5543 3138 5615 ὲνδημήσαντας,
3189 5547 3248 5600 ἐν
3277 5549 3542 5622 φιλήματι
3576 5555 3718 5625 ἁγίῳ
3752 5572 3990 5629 περιχα-

1982 5728 2217 5785 νΑῐιιΑε
2258 5732 2634 5793 LECTIONES

808 5795 852 5828 ⁸⁸
894 5796 1197 5858 ἱδιὼσασθε.
