4198 6444
167 413 306 481 1221

1456 425 1503 486 G
1514 420 1729 490 RECO
1741 419 2165 481 'BOMANUM.

3273 424 3414 492 1’22?

162 531 277 602 ρῶς
308 513 742 594 κατασπάζεται,
774 533 867 588 καὶ
899 534 1119 602 ἀνοίξας
1143 536 1271 600 τοὺς
1299 536 1609 609 θησαυροὺς
1638 539 1725 606 τῆς

1839 536 1949 605 jam
1984 535 2222 605 primum
2248 533 2388 590 ﬁlios
2419 534 2565 590 videt
2596 550 2660 590 ex
2708 534 2968 607 ioginqua
3002 546 3058 592 et
3109 540 3419 608 periculosa

158 625 415 693 εὐλογίας
446 624 634 687 αὐτοῦ,
665 625 959 692 δεξιοῦνται
989 627 1214 692 τούτους
1243 631 1596 700 νομίσμασιν,
1626 631 1737 682 ὀλί-

154 731 282 783 γοις
340 717 441 784 μὲν
505 716 649 769 κατά
678 716 741 769 τὸ
797 720 1143 788 φαινόμενον,
1177 720 1393 783 πολλοῖς
1419 721 1476 774 δὲ
1500 720 1639 774 κατά
1677 722 1738 773 τὸ

155 806 475 874 νοούμενον.
513 807 762 877 Ἀφορῶν
793 808 903 877 γὰρ
938 811 1019 872 είς
1042 810 1133 862 τὸν
1165 812 1265 878 τῆς
1305 811 1543 872 πίστεως
1569 812 1739 880 ἀρχη-

154 896 254 963 γὸν
282 897 379 950 καὶ
401 897 689 968 τελειωτὴν
726 898 934 966 Ἰησοῦν
957 900 1191 968 Χριστὸν
1216 900 1308 953 τὸν
1337 900 1587 969 ἀληθινὸν
1606 901 1739 953 Θεὸν

153 987 339 1055 ἡμῶν,
371 988 810 1058 ἀρῤαὸωνίζεται
831 989 919 1041 δια
947 989 1152 1043 τούτων
1180 992 1366 1054 αὐτοῖς
1400 991 1495 1043 καὶ
1522 991 1619 1061 τὴν
1644 989 1738 1044 τοῦ

155 1077 321 1144 ἁγίου
360 1079 499 1132 11νεύ
507 1096 676 1147 ματος
714 1080 1083 1151 ἐπιφοίτησιν.
1406 1094 1409 1097 ’

153 1171 466 1235 Christum,
524 1188 713 1227 verum
772 1175 925 1229 illum
1000 1177 1170 1231 Deum
1241 1188 1530 1244 nostrum;
1582 1179 1732 1235 velut

156 1262 407 1331 Spiritus
468 1275 700 1321 sanctus
731 1282 898 1336 super
944 1283 1041 1323 eos
1072 1272 1277 1325 veniat.

224 1354 416 1409 Ταῦτα
453 1358 613 1425 ἡμεῖς
645 1360 721 1422 ὼς
746 1360 1126 1429 ἀρχιτέκτονες
1155 1364 1415 1433 γέροντες
1443 1364 1731 1435 γεγράφα-

154 1448 257 1514 μέν
292 1464 398 1511 σοι,
424 1449 727 1515 σοφώτατε,
763 1452 856 1504 καὶ
889 1452 1251 1522 ὑπεδείξαμεν
1306 1470 1390 1506 σοι
1438 1455 1734 1523 ἀπολογίας

153 1541 433 1608 θεμέλιον.
462 1541 535 1594 Σὺ
564 1542 622 1594 δὲ
655 1541 731 1606 ὡς
757 1542 916 1604 ἄλλος
949 1546 1239 1615 Βεσελεὴλ,
1277 1548 1734 1618 ἐποικοδομήσας

148 1632 212 1684 ea
233 1631 459 1697 ἀληθές.
483 1634 748 1702 Θεμέλιον
770 1637 878 1705 γὰρ
908 1636 1068 1690 ἄλλον
1095 1639 1293 1705 οὐδεὶς,
1322 1641 1478 1709 φησὶ,
1506 1640 1732 1693 δύναται

150 1722 333 1774 θεῖναι
364 1726 517 1792 παρὰ
562 1725 653 1777 τὸν
707 1728 978 1797 κείμενον,
1051 1731 1262 1800 Ἰησοῦν
1312 1734 1571 1804 Χριστὸν,
1605 1728 1651 1804 ᾧ
1698 1736 1733 1806 η

147 1812 279 1879 δόξα
312 1816 408 1867 καὶ
443 1815 506 1869 τὸ
533 1818 734 1888 κράτος
765 1821 847 1883 είς
879 1820 1008 1885 τοὺς
1051 1823 1276 1887 αἰῶνας.
1322 1826 1519 1897 Ἀμήν.

711 2023 849 2078 ΤΟΥ
904 2028 1140 2082 ΑΥΤΟΥ

147 2130 407 2198 Μελέτη.
451 2132 628 2207 χάριν
674 2134 787 2203 τῆς
844 2139 928 2201 εἰς
986 2139 1130 2205 τοὺς
1172 2140 1371 2205 θείους
1397 2140 1584 2207 ναοὺς
1612 2141 1728 2195 τῶν

212 2205 639 2279 paratum/tor
732 2207 1054 2279 ytt‘oyérnc
1129 2205 1572 2279 μετακλήσεως(
1628 2211 1729 2265 διὰ

216 2274 648 2339 cultor-tanm
683 2274 879 2342 τριῶνζ

216 2362 446 2415 Βλέπων
476 2365 877 2435 ἀπειροκάλους
924 2369 1099 2431 τινας,
1131 2369 1229 2422 καὶ
1267 2372 1404 2442 πρὸς
1436 2372 1601 2440 μηδὲν
1632 2374 1725 2426 εῦ-

149 2454 481 2523 καιροῦντας
510 2459 807 2525 ἑτιωφελὲς,
842 2458 1016 2529 ἀλλ’ἢ
1055 2460 1234 2527 λέγειν
1264 2478 1317 2514 τι
1368 2466 1460 2515 καὶ
1504 2464 1726 2516 ἀκούειν

146 2547 487 2616 καινότερον,
541 2550 778 2615 ματαίαν
817 2550 1227 2614 ἀποκαλοῦντας
1284 2554 1375 2604 καὶ
1431 2554 1726 2606 σκανδαλο-

146 2637 303 2690 ποιὸν
333 2639 433 2707 τὴν
482 2639 570 2691 διὰ
622 2642 1008 2711 σημαντηρίων
1038 2643 1206 2711 τριῶν
1264 2646 1344 2705 είς
1391 2645 1516 2708 τοὺς
1564 2648 1722 2706 ναοὺς

146 2731 446 2800 γινομένην
476 2731 585 2783 τῶν
611 2733 957 2800 μοναζόντων
1018 2736 1377 2805 μετάκλησιν,
1415 2737 1577 2807 χάριν
1621 2737 1724 2805 τῆς

145 2822 256 2874 τῶν
278 2821 443 2875 θεέων
460 2824 777 2891 δοξολογιῶν
804 2827 1141 2896 ἀκροάσεως·
1162 2826 1389 2899 (Ἤρκει
1411 2829 1540 2896 γὰρ,
1568 2831 1721 2899 φησὶ,

144 2910 212 2961 δι’
267 2912 389 2973 ἑνὸς
451 2913 649 2974 αὐτοὺς
698 2914 1176 2981 μεταστέλλεσθαι,
1210 2917 1305 2968 καὶ
1365 2918 1441 2987 μὴ
1479 2918 1723 2985 γίνεσθαι

145 3003 291 3055 κατά
322 3005 433 3055 τῶν
457 3005 628 3071 ἁγίων
674 2998 1013 3076 Ἐκκλησιῶν
1034 3008 1129 3060 τοῦ
1166 3008 1303 3061 Θεοῦ
1343 3011 1725 3080 μυκτηρισμὺν

146 3098 244 3148 καὶ
273 3097 584 3166 χλευασμὸν
610 3116 680 3149 πα
692 3099 759 3167 ρὰ
785 3102 893 3152 τῶν
926 3102 1277 3154 κυκλούντων
1315 3103 1463 3171 ἡμᾶς
1486 3103 1722 3169 ἀσεϐῶν,

144 3188 444 3239 κάντεῦθεν
472 3190 567 3241 καὶ
586 3190 901 3260 παραϐολὴν
920 3193 976 3243 ὲν
1001 3195 1114 3253 τοῖς
1140 3192 1338 3257 ἔθνεσι,
1372 3193 1505 3263 μηδὲ
1525 3193 1725 3264 θριαμ-

1843 624 2284 695 peregrinatione
2335 624 2557 679 domum
2646 625 2848 681 illasos
2905 626 3220 689 redeuntes.
3271 631 3424 683 laeta-

1844 718 2066 773 bundus
2096 730 2194 770 eos
2253 731 2378 769 cum
2409 716 2601 769 osculo
2634 727 2827 770 sani-to
2862 718 3088 782 salutat,
3127 726 3183 773 et
3212 722 3420 788 apertis

1848 809 2131 863 thesauris
2161 792 2563 861 benedictionis
2598 823 2733 870 suae,
2761 809 3109 864 numistnatis
3140 824 3236 863 eos
3271 812 3421 863 exci-

1844 901 1941 969 pit,
1978 901 2192 968 exiguis
2242 898 2460 969 quidem
2494 900 2603 954 illis
2635 900 2690 952 in
2744 901 3017 967 speciem;
3070 902 3167 956 sed
3195 902 3410 973 magnis

1846 993 1968 1063 ejus
2000 994 2240 1055 ratione,
2280 991 2429 1062 quod
2464 990 2811 1059 intelligitur.
2861 991 3071 1060 Quippe
3118 994 3420 1063 respiciens

1844 1084 1900 1139 iu
1973 1093 2255 1136 auctorem
2338 1091 2392 1135 et
2458 1090 2962 1137 consutnmatorem
3024 1082 3172 1145 ﬁdei.
3230 1086 3418 1141 Jesutn

1819 1179 1984 1235 art-ha
2037 1180 2162 1234 data
2216 1192 2313 1248 per
2365 1177 2479 1232 haec
2530 1180 2611 1233 eis
2684 1178 2976 1248 pollicetur
3036 1177 3302 1248 futurum,
3357 1184 3421 1238 ut

1914 1359 2167 1416 Haeciios
2221 1362 2388 1415 veluti
2445 1361 2822 1430 provectiores
2856 1362 3146 1417 architecti
3192 1362 3419 1433 scripsi-

1840 1468 1964 1506 mus
1991 1455 2110 1514 tibi,
2144 1454 2226 1507 vir
2256 1454 2650 1517 eruditissime,
2688 1468 2752 1508 ac
2810 1454 3223 1509 fundamentum
3257 1457 3421 1511 satis-

1840 1543 2101 1601 factiouis
2140 1546 2296 1614 quasi
2334 1546 2507 1616 digito
2536 1547 3117 1601 commonstravimus.
3147 1545 3227 1600 Tu
3266 1549 3417 1603 velut

1841 1636 1977 1689 alter
2012 1637 2277 1700 Beseleel,
2314 1653 2503 1690 verum
2536 1648 2914 1706 superstrues.
2952 1636 3166 1705 Quippe
3209 1638 3412 1692 funda-

1839 1737 2084 1782 mentum
2115 1728 2285 1792 aliud,
2322 1738 2379 1782 ut
2408 1730 2498 1782 ille
2529 1729 2730 1797 inquit.
2764 1744 2927 1782 nemo
2988 1743 3192 1798 ponere
3241 1736 3416 1796 potest

1839 1830 2034 1891 praeter
2059 1819 2136 1878 id.
2161 1820 2306 1889 quod
2338 1822 2581 1889 positum
2617 1832 2721 1883 est,
2744 1819 2932 1874 Jesum
2965 1822 3176 1875 scilicet
3216 1820 3414 1875 Chris-

1835 1919 1951 1966 tum
1975 1951 1990 1974 ,
2025 1911 2116 1966 cui
2148 1911 2321 1984 gloria
2347 1918 2402 1965 et
2435 1912 2722 1978 imperium
2758 1913 2811 1965 in
2837 1913 3060 1967 secula.
3081 1913 3273 1967 Amen.

2469 2022 2785 2079 EIUSDEM

1898 2135 2240 2200 Meditatum,
2288 2136 2353 2189 de
2383 2139 2774 2197 conrocatinne.
2809 2153 2925 2205 quw
2989 2137 3051 2203 fit
3104 2136 3177 2189 ad
3224 2150 3410 2193 ueras

2107 2209 2544 2260 monasteriorum
2574 2208 2958 2276 a'des,pertria
2986 2208 3158 2275 signa.

1894 2363 2170 2429 Quoniam
2201 2362 2359 2416 video
2388 2364 2656 2431 quosdam
2688 2360 2995 2431 imperitos.
3020 2370 3075 2415 et
3100 2362 3317 2418 nullam
3338 2364 3407 2420 ad

1826 2470 1943 2508 rem
1983 2455 2176 2508 utilem
2215 2455 2464 2516 idoneos,
2494 2467 2658 2521 quam
2701 2458 2764 2505 ut
2812 2452 3018 2520 aliquid
3072 2454 3197 2507 novi
3220 2454 3411 2510 dicant

1831 2556 1879 2599 et
1909 2546 2134 2598 audiant
2166 2546 2391 2599 stultam
2429 2559 2494 2598 ac
2526 2541 2769 2597 scaudali
2797 2543 3008 2611 plenam
3044 2557 3242 2599 vocare
3273 2560 3407 2600 con-

1826 2638 2172 2691 vocationem
2238 2635 2632 2690 monachorum
2689 2633 2756 2686 ad
2823 2648 3016 2688 sacras
3064 2634 3230 2701 aedes,
3284 2651 3407 2706 qua

1826 2728 2001 2782 tribus
2060 2727 2118 2779 ﬁt
2178 2727 2374 2794 sigu's.
2426 2726 2821 2780 celebrationes
2874 2725 3090 2781 divinas
3146 2728 3404 2782 audiendi

1824 2833 1991 2872 causa
2046 2816 2577 2888 (Suﬂiciebatenim,
2639 2817 2926 2885 inquiunt.
2991 2832 3099 2870 uuo
3140 2816 3406 2873 duntaxat

1831 2926 1927 2963 eos
1958 2911 2119 2978 signo
2180 2906 2525 2977 congregari,
2585 2922 2686 2961 nec
2738 2907 2964 2976 praeberi
3022 2922 3244 2963 causam
3274 2911 3407 2963 sub-

1828 3002 2097 3055 sannandi
2121 3009 2176 3054 et
2205 2998 2468 3053 irriueudi
2496 3010 2716 3053 sanctas
2743 2997 2833 3052 Dei
2868 2997 3140 3054 Ecclrsias
3168 3000 3406 3054 circum-

1827 3092 2088 3147 dantibus
2140 3106 2242 3145 nos
2278 3091 2482 3159 impiis,
2531 3098 2589 3143 ut
2617 3088 2878 3158 parobola
2912 3089 3041 3143 [iant
3068 3088 3210 3145 inter
3240 3106 3397 3161 paga-

1831 3198 1955 3245 nos,
2026 3198 2126 3237 nec
2162 3192 2362 3236 statum
2416 3180 2779 3235 monasticum
2813 3180 2959 3234 velut
3023 3182 3076 3234 in
3130 3181 3406 3248 triumpho

144 3276 403 3330 σεύεσθαι
439 3281 500 3330 τὸ
562 3283 877 3349 μοναχικὺν,
931 3283 1008 3345 ὡς
1034 3284 1197 3352 δῆθεν
1236 3288 1316 3347 είς
1349 3285 1478 3352 μίαν
1528 3286 1719 3339 διαλα-

1827 3276 2186 3346 spectandum
2217 3273 2491 3333 exhiberi.
2522 3272 2682 3341 quasi
2720 3271 2786 3325 ad
2820 3285 2983 3324 unam
3010 3272 3402 3325 commonitio-

144 3368 268 3421 Αιάν
304 3369 379 3439 μὴ
426 3371 831 3441 εὒσυνθετοῦνο)
869 3376 1120 3442 παριστῶ
1163 3375 1253 3430 διὰ
1297 3376 1400 3445 τῆς
1439 3378 1721 3448 παρούσης

1827 3379 1952 3419 nem
1989 3379 2051 3419 se
2092 3372 2242 3417 recte
2268 3377 2375 3416 non
2404 3359 2744 3430 componat);
2773 3360 3026 3428 equidem
3064 3359 3168 3414 hoc
3195 3360 3405 3429 scripto

145 3476 250 3527 μου
280 3462 522 3529 γραφῆς,
565 3462 641 3525 ὡς
673 3462 797 3516 οῦτε
828 3464 916 3517 διὰ
939 3464 1039 3527 τὰς
1079 3465 1393 3535 φληναφίας
1448 3467 1559 3521 τῶν
1590 3470 1722 3521 ἀσε-

142 3550 278 3613 6ῶν,
306 3552 431 3604 οὔτε
453 3553 539 3606 διὰ
556 3554 654 3617 τὰς
675 3555 962 3618 δυσκολίας
982 3556 1092 3609 τῶν
1121 3558 1401 3626 μοναστῶν
1424 3559 1718 3631 ἐπενοήθη,

140 3643 230 3696 διὰ
257 3645 649 3714 σημαντηρίων
674 3646 843 3717 τριῶν
863 3647 961 3711 τὰς
995 3647 1153 3711 θείας
1182 3648 1493 3715 δοξολογίας
1522 3652 1722 3721 ἐπικη-

145 3735 446 3805 ρὺττεσθαι
474 3753 486 3765 -
521 3736 659 3791 ἀλλά
698 3738 786 3792 διὰ
840 3738 999 3807 λόγον
1026 3740 1530 3810 ἀρχαιοπαοάδοτον
1554 3759 1722 3806 σπου-

141 3826 450 3882 δαιότατον.

211 3999 340 4052 Τῶν
369 3998 479 4070 γὰρ
510 3997 596 4051 ἐπ’
641 3998 973 4070 Ἐκκλησίας
998 4003 1306 4072 γινομένων
1323 4006 1601 4076 ἡμερινῶν
1622 4010 1720 4063 καὶ⁸

141 4090 480 4158 νυκτερινῶν
514 4089 852 4158 δοξολογιῶν,
886 4095 1024 4145 κατά
1049 4093 1111 4145 τὸ
1129 4095 1225 4146 τοῦ
1245 4098 1525 4167 προφήτον
1556 4101 1721 4155 Δαειδ

143 4179 533 4246 θεσπιώδημα,
562 4179 624 4230 τὸ
658 4179 814 4245 λέγον
846 4194 859 4207 °
908 4180 995 4232 Ἐν
1036 4182 1265 4254 ἑσπέρᾳ,
1297 4187 1390 4237 καὶ
1439 4188 1601 4255 πρωῒ,
1626 4190 1719 4242 καὶ

145 4269 470 4339 μεσημϐρίᾳ
520 4270 873 4340 διηγήσομαι,
926 4272 1024 4323 καὶ
1084 4274 1403 4339 ἀπαγγελῶ,
1456 4279 1550 4329 καὶ
1604 4282 1719 4331 εισ-

141 4360 440 4414 αιοῦσεται
464 4358 565 4425 τῆς
590 4360 771 4427 φωνῆς
801 4377 902 4429 μου
924 4364 951 4413 ὁ
973 4363 1199 4430 Κύριος·
1222 4364 1329 4415 ἀπὸ
1351 4366 1457 4418 τῶν
1476 4367 1569 4421 δύο
1597 4386 1720 4423 συν-

137 4449 483 4518 τελουμένων
503 4451 809 4520 Διαθηκῶν,
841 4452 947 4503 ἀπὸ
980 4456 1076 4521 τῆς
1099 4454 1244 4518 Νέας
1273 4455 1472 4528 δηλαδὴ
1504 4460 1719 4529 καὶτῆς

141 4540 412 4601 Παλαιᾶς,
447 4540 588 4592 κατά
628 4540 737 4590 τῶν
765 4540 939 4605 ἁγίων
982 4541 1075 4593 καὶ
1132 4541 1407 4613 θεοσόρων
1459 4548 1719 4617 Πατέρων

1826 3455 2089 3527 probabo.
2116 3467 2217 3508 nec
2251 3464 2470 3523 propter
2522 3452 2645 3506 illas
2691 3451 2986 3520 inpiorum
3041 3464 3240 3520 nugas,
3299 3464 3402 3504 nec

1823 3555 2059 3618 pr0pter
2147 3546 2546 3599 monachorum
2607 3542 2963 3597 morositates
3033 3541 3402 3611 excogitatum

1816 3630 1965 3703 esse,
1998 3644 2057 3690 ut
2107 3637 2284 3690 tribus
2314 3636 2486 3705 signis
2513 3632 2943 3703 gloriﬁcationes
2972 3631 3172 3687 divinae
3188 3633 3403 3687 denun-

1822 3728 2079 3783 tientur:
2146 3725 2243 3780 sed
2312 3733 2535 3795 propter
2564 3724 2749 3792 magni
2805 3721 3067 3777 momenti
3134 3722 3401 3777 rationem

1830 3815 2155 3889 quamdam,
2189 3816 2258 3871 ab
2281 3815 2528 3887 antiquis
2587 3813 2806 3871 seculis
2840 3828 2940 3884 per
2988 3827 3186 3868 manus
3225 3812 3401 3866 tradi-

1821 3917 1959 3965 tam.

1889 3998 2101 4069 Quippe
2124 4013 2249 4054 cum
2291 3997 2383 4052 Dei
2431 3997 2856 4062 celebrationes,
2885 4010 3006 4066 quae
3046 3995 3287 4051 interdiu
3336 4003 3392 4049 et

1823 4098 1987 4150 noctu
2027 4093 2163 4144 ﬁunt
2214 4090 2268 4143 in
2315 4088 2583 4154 Ecclesia,
2628 4090 2786 4157 juxta
2840 4086 3061 4141 Davidis
3117 4087 3399 4154 prophetae

1821 4183 2132 4245 oraculum,
2164 4179 2326 4249 cujus
2363 4179 2524 4231 verba
2569 4188 2738 4232 sunt:
2773 4176 3020 4244 Vesperi,
3054 4182 3108 4229 et
3143 4189 3320 4239 mane,
3347 4182 3428 4239 et,

1822 4273 1877 4327 in
1950 4273 2177 4327 meridie
2254 4271 2509 4330 narrabo.
2579 4277 2633 4324 et
2694 4267 3040 4326 renuntiabo.
3102 4281 3405 4334 vocemque

1822 4378 1999 4417 meam
2040 4361 2308 4415 Dominus
2350 4360 2533 4413 audiet
2567 4379 2579 4413 :
2612 4372 2736 4411 cum
2792 4359 2959 4426 igitur
2998 4358 3081 4412 b2
3118 4356 3407 4423 periiciau-
3476 4385 3487 4397 ο

1822 4462 1912 4506 ιιιι·
1940 4468 2007 4505 ex
2030 4452 2245 4505 duobus
2272 4450 2665 4513 Testamentis,
2690 4447 2842 4502 Novo
2866 4448 3077 4502 scilicet
3102 4462 3163 4500 ac
3194 4445 3402 4510 Veteri,

1816 4543 1971 4611 juxta
2026 4551 2345 4595 sanctorum
2399 4548 2454 4594 et
2504 4539 2765 4593 divinitus
2818 4538 3119 4591 atﬂatorum
3176 4536 3400 4590 Patrum

141 4630 470 4700 παράδοσιν,
503 4628 711 4698 ὡρίσθη
734 4630 839 4697 πρὸ
873 4632 1092 4683 πάντων
1123 4631 1441 4696 δοξάζεσθαι
1463 4637 1553 4688 τὸν
1586 4639 1717 4691 Θεὸν

1826 4630 2169 4685 traditionem
2204 4649 2217 4683 :
2253 4638 2379 4684 ante
2402 4629 2581 4683 omnia
2612 4629 2881 4682 sancitum
2911 4636 2996 4683 est
3042 4638 3098 4680 ut
3126 4628 3401 4697 gloriﬁce-

140 4722 249 4776 ἀπὸ
276 4721 379 4788 τῆς
397 4720 544 4782 θείας
567 4722 822 4789 κιννύρας
850 4722 941 4772 τοῦ
964 4722 1291 4790 θεοπάτορος
1314 4724 1569 4794 (Ἀνοίξω
1588 4729 1718 4799 γὰρ,

140 4814 332 4881 φησὶν,
372 4812 430 4861 ἐν
449 4812 733 4879 ψαλτηρίῳ
762 4812 823 4863 τὸ
848 4813 1142 4881 προϐλημά
1179 4816 1301 4885 μου)
1328 4817 1421 4867 καὶ
1457 4818 1594 4885 μετὰ
1624 4820 1721 4890 τὴν

135 4903 335 4955 τοῦτον
363 4899 682 4963 ἀνάπτυξιν,
706 4901 797 4951 τὸν
842 4900 985 4954 θεῖον
1019 4902 1325 4970 μελισσῶνα
1357 4905 1457 4972 τῆς
1496 4908 1723 4978 Ἐκκλη-

138 4998 260 5057 σίας
288 4991 735 5057 ἐξαγωνίζεσθαι.
763 4992 849 5043 διὰ
872 4994 1068 5059 κηρίον
1099 4993 1462 5047 διδασκαλιῶν
1493 4999 1722 5065 εὐαγγε-

136 5086 330 5148 λικῶν,
357 5084 451 5136 τοῦ
474 5084 696 5151 κέντρου
726 5082 1048 5149 φωτίζοντος
1068 5084 1166 5152 τὴν
1190 5085 1559 5152 σκοτόμαιναν
1582 5105 1593 5117 ·
1630 5089 1716 5141 διὰ

140 5178 364 5247 μέλιτος
379 5174 605 5242 γραφῶν
620 5172 1013 5237 ἀποπολικῶν,
1029 5173 1411 5240 γλυκαίνοντος
1424 5176 1524 5246 τῆς
1538 5178 1717 5231 οἰκου-

142 5270 315 5339 μένης
340 5266 411 5318 τά
430 5266 645 5335 πέρατα
671 5280 684 5294 ·
721 5265 815 5318 καὶ
848 5266 935 5320 διὰ
971 5267 1326 5338 μαρτυρικῶν
1359 5270 1712 5339 ἀφηγήσεων,

142 5357 569 5431 μεγαλυνονσῶν
598 5357 689 5411 τὸν
707 5358 971 5429 ἐνσαρκον
991 5360 1304 5429 οίκονομίαν
1346 5360 1441 5414 τοῦ
1478 5362 1715 5431 Χριστοῦ

140 5454 236 5504 καὶ
276 5449 415 5503 Θεοῦ
450 5449 630 5519 ἡμῶν.
663 5450 754 5503 Διὸ
794 5452 890 5503 καὶ
921 5453 1082 5521 χάριν
1114 5451 1212 5521 μὲν
1252 5452 1362 5506 τῶν
1384 5452 1445 5517 ἒξ
1474 5453 1709 5524 ψαλμῶν

138 5541 234 5595 τοῦ
261 5540 612 5610 θεοπάτορος,
641 5540 737 5593 καὶ
790 5540 1015 5606 λοιπῶν,
1050 5541 1159 5594 τῶν
1192 5543 1250 5594 ὲν
1279 5545 1344 5613 τῇ
1369 5544 1595 5615 ὀρθρινῇ
1627 5546 1713 5596 60-

143 5629 362 5700 ξολογία
407 5630 512 5701 πρὸ
541 5631 634 5684 τοῦ
665 5631 1014 5699 ἀγιοπολίτου
1046 5631 1400 5701 ψαλλομὲνων
1426 5632 1710 5699 ἑκάστοτε,

140 5722 369 5783 καὶταῖς
398 5719 753 5790 ψαλλομένων
786 5720 1033 5791 συνήθως
1082 5722 1140 5774 ἐν
1190 5723 1309 5784 ταῖς
1354 5723 1525 5786 θείαις
1574 5725 1715 5793 ίερο-

141 5813 461 5880 τελεστεαις,
496 5814 589 5866 καὶ
644 5814 763 5879 ταῖς
806 5814 1122 5883 ἑσπερινατς
1191 5816 1543 5885 προσευχαῖς,
1608 5813 1715 5889 πρὸ

1823 4728 1915 4774 tur
1945 4721 2088 4776 Deus
2119 4736 2214 4790 per
2263 4736 2474 4775 sacram
2523 4720 2745 4774 Davidis
2793 4720 3082 4783 citharam,
3123 4720 3401 4785 (Aperiam

1823 4813 1993 4878 enim,
2039 4813 2236 4878 inquit,
2276 4812 2329 4863 iu
2395 4812 2653 4879 psalterio
2693 4811 3045 4879 quaestionem
3103 4810 3303 4878 meam)
3350 4818 3401 4864 et

1824 4912 1947 4974 post
1984 4905 2403 4973 explicationem
2446 4902 2589 4971 ejus,
2644 4911 2701 4954 ut
2751 4917 2967 4955 sacrum
3016 4916 3241 4955 examen
3298 4900 3403 4953 Ec-

1823 4994 2007 5048 clesia:
2036 5004 2208 5049 semet
2235 5003 2489 5047 exerceat
2518 5007 2613 5061 per
2643 4993 3081 5059 evangelicarum
3112 4992 3398 5045 doctrina-

1827 5101 1945 5139 tum
2026 5084 2252 5147 fartim,
2338 5086 2567 5139 stimulo
2639 5065 2926 5153 caliginem
3012 5084 3401 5149 illuntiuante;

1822 5194 2030 5249 perque
2062 5180 2167 5233 mel
2199 5181 2629 5248 apostolicorum
2658 5180 3011 5247 scriptorum,
3042 5177 3187 5246 quod
3213 5177 3403 5231 dulce-

1823 5272 2006 5326 dinem
2043 5272 2245 5327 iinibus
2295 5272 2453 5326 orbis
2496 5282 2762 5326 terrarum
2794 5268 2991 5333 oll‘ert;
3026 5282 3091 5322 ac
3140 5283 3235 5337 per
3272 5282 3399 5321 nar.

1825 5363 2069 5416 rationes
2116 5362 2353 5430 denique
2397 5361 2465 5415 de
2514 5359 2844 5429 martyribus
2876 5372 3000 5427 quae
3048 5357 3401 5411 administra-

1822 5454 2027 5508 tionem
2079 5453 2134 5507 in
2168 5467 2332 5507 carne
2360 5452 2564 5507 Christi
2604 5451 2812 5521 Deique
2840 5449 3013 5503 nostri
3046 5448 3399 5515 ampliﬁcaut.

1823 5542 2062 5612 Ideoque
2133 5550 2357 5612 propter
2412 5557 2504 5597 se:
2559 5541 2683 5596 illus
2745 5539 2968 5593 Davidis
3029 5539 3291 5606 psalmos,
3346 5545 3402 5590 ct

1820 5635 2088 5704 reliquos,
2150 5635 2243 5704 qui
2298 5633 2524 5688 assidue
2575 5634 2630 5687 in
2686 5630 3078 5701 glorificatioue
3134 5628 3401 5683 matutina

1819 5732 2090 5777 canuntur
2137 5734 2265 5777 ante
2319 5722 2747 5793 hagiopolitam;
2801 5730 2854 5772 et
2894 5724 3115 5787 propter
3143 5732 3265 5781 eos,
3303 5717 3399 5786 qui

1819 5829 1920 5886 pro
1950 5829 2100 5870 more
2154 5822 2447 5881 canuntur,
2492 5828 2615 5869 cum
2647 5826 2736 5866 res
2782 5809 2964 5866 divina
3004 5809 3298 5880 peragitur,
3346 5817 3401 5862 et
