4198 6444
791 411 932 477 1293

2088 397 2224 458 JUS
2261 392 2704 456 CANONICUM

3912 388 4048 452 liis

786 539 838 584 tn
869 522 1128 594 precibus
1161 517 1506 588 vespertinis,
1534 523 1660 570 ante
1693 514 1958 568 lectiones
1991 510 2349 582 apostolicas,

2465 507 2561 558 τῶν
2588 505 2962 559 ἀποστολικῶν
3009 503 3457 574 ἀναγνωσμάτων
3509 503 3600 555 καὶ
3645 501 4045 570 εὖαγγελικῶν,

785 623 840 670 et
893 611 1258 680 evangelicas,
1327 619 1491 673 atque
1549 607 1711 659 etiam
1780 603 2028 658 versibus
2093 601 2356 664 inclusas,

782 712 1143 761 arcessuntur
1199 698 1452 752 monachi
1511 713 1606 766 per
1650 696 1864 766 signum
1918 694 2189 764 quoddam
2249 693 2359 748 cxi-

783 812 974 865 guum,
1010 793 1280 863 quasique
1314 791 1581 845 humilius
1634 799 1688 844 et
1726 789 2040 844 obscurius.
2069 786 2202 839 Nam
2237 799 2359 855 qua:

785 885 966 940 Veteri
1015 884 1364 938 Testamento
1401 883 1565 935 veluti
1599 897 1693 951 per
1730 881 1951 933 umbras
1993 879 2355 942 delineantur,

787 978 956 1047 ﬁgura
1016 975 1325 1028 futurorum
1396 982 1571 1036 erant,
1630 980 1683 1025 et
1744 971 2057 1025 simulacra.
2127 969 2359 1040 PrOpter

786 1070 1097 1123 divinorum
1131 1075 1310 1120 autem
1357 1065 1766 1132 Evangeliorum
1816 1063 2274 1132 praedicationem,
2305 1073 2358 1117 et

786 1175 997 1214 sacram
1039 1159 1372 1227 reliquorum
1431 1155 1496 1208 ad
1543 1165 1848 1209 conventus
1891 1155 2136 1224 publicos
2188 1153 2358 1223 perti-

786 1251 1030 1303 nentium
1068 1250 1328 1301 librorum
1363 1247 1672 1309 lectionem,
1706 1253 1758 1298 et
1790 1254 2008 1314 propter
2035 1245 2354 1298 universum

785 1339 1107 1406 simpliciter
1143 1336 1489 1406 liagiopolitze
1528 1335 1799 1399 ordinem,
1843 1351 2097 1404 magnum
2136 1336 2354 1404 signum

784 1429 1066 1481 inventum
1121 1436 1223 1480 est.
1263 1427 1316 1477 In
1378 1425 1690 1477 universam
1740 1424 1884 1476 enim
1939 1434 2161 1485 tcrrant,
2188 1431 2242 1476 et
2291 1423 2357 1476 ad

785 1517 922 1571 ﬁnes
981 1517 1132 1570 orbis
1192 1525 1463 1571 terrarum
1510 1516 1722 1569 utilitas
1779 1531 1843 1568 ex
1898 1514 1977 1568 eis
2032 1515 2358 1583 proveniens

785 1610 1107 1677 penetravit.
1160 1607 1290 1673 Qua:
1325 1624 1450 1661 cum
1505 1608 1578 1660 ita
1609 1609 1768 1660 modo
1791 1606 2024 1676 quodam
2057 1605 2167 1660 Deo
2205 1614 2358 1676 grato

784 1714 847 1754 ac
886 1701 1143 1769 religiose
1193 1711 1544 1769 pPragnnlur,
1601 1699 1885 1769 oportebat
1939 1700 2196 1768 p0pnlum
2249 1698 2356 1752 Do-

784 1793 918 1845 mini
959 1796 1121 1846 etiam
1179 1792 1246 1845 de
1287 1794 1468 1844 l’uturo
1500 1792 1904 1845 commoneﬁeri
1933 1793 2162 1861 judicio,
2196 1793 2356 1860 cujus

784 1898 953 1937 causa
983 1884 1036 1935 in
1069 1897 1244 1952 genua
1277 1883 1714 1952 procunibinius,
1749 1898 1812 1936 ac
1838 1899 2026 1951 preces
2055 1883 2354 1937 fundimus.
2388 1858 2434 1916 Β

788 1973 976 2041 Itaque
1047 1983 1312 2027 statutum
1401 1983 1509 2038 est,
1585 1974 1782 2029 debere
1843 1974 2188 2029 Christianos
2263 1989 2359 2042 per

788 2064 1005 2132 signum
1071 2064 1338 2117 alienenm
1407 2065 1553 2117 illius
1636 2065 1812 2117 ultimi
1888 2065 1994 2119 diei
2055 2065 2357 2120 admoneri.

789 2153 1065 2223 Scriptum
1117 2163 1202 2208 est
1237 2156 1384 2209 enim
1418 2174 1432 2209 :
1461 2156 1718 2210 Ascendit
1750 2155 1889 2211 Deus
1921 2156 1974 2211 in
2012 2156 2357 2227 jubilatione,

787 2243 1053 2299 Dominus
1093 2246 1143 2298 in
1206 2262 1337 2300 voce
1366 2247 1526 2300 tuba.
1558 2246 1710 2311 lteni,
1740 2249 2002 2316 Clangent
2059 2250 2230 2318 angeli
2269 2247 2362 2301 Dei

785 2336 941 2397 tuba,
995 2344 1049 2387 et
1096 2337 1296 2388 mortui
1345 2347 1652 2404 resnrgeut,
1699 2344 1752 2389 et
1789 2338 2122 2390 retribuctur
2165 2338 2362 2405 cuique

789 2422 1092 2476 secundum
1127 2438 1290 2492 opera
1325 2439 1444 2478 sua.
1491 2424 1644 2489 Quod
1691 2434 1871 2478 autem
1922 2426 1974 2478 in
2017 2426 2362 2495 generalibus

789 2513 1004 2567 urbium
1063 2515 1313 2568 ecclesiis
1359 2515 1543 2584 plebes
1600 2530 1707 2569 non
1770 2526 2144 2569 convocentnr
2189 2515 2362 2569 tribus

787 2606 981 2674 signis,
1029 2606 1120 2659 sed
1174 2621 1285 2660 uno
1317 2608 1552 2675 quodam
1596 2623 1791 2677 magno
1841 2625 1853 2660 :
1897 2623 2005 2662 non
2041 2607 2250 2662 ordinis
2276 2621 2365 2661 ec-

788 2698 1082 2750 Clesiastiei
1119 2699 1406 2753 subversio
1431 2707 1536 2753 est.
1575 2699 1924 2754 Convocatur
1951 2700 2095 2754 enim
2134 2700 2365 2768 populus

789 2790 1093 2843 manuariis
1124 2789 1358 2858 opiﬁciis
1389 2790 1629 2853 deditus,
1667 2793 1868 2860 quique
1896 2791 2065 2861 ligoni
2100 2799 2153 2844 et
2183 2799 2366 2845 aratro

787 2889 965 2933 vacat.
1013 2879 1195 2948 Itaque
1247 2881 1373 2934 boni
1447 2883 1735 2936 consulere
1794 2883 1976 2950 debet,
2042 2883 2088 2938 si
2151 2883 2367 2952 publico

788 2972 1008 3025 intersit
1049 2972 1236 3033 coetui,
1265 2987 1387 3025 cum
1419 2974 1551 3027 Novi
1578 2974 1910 3029 Tcstamenti
1943 2976 2199 3030 lcetiones
2230 2977 2369 3030 reci-

787 3070 993 3116 tantur.
1055 3062 1133 3116 Ac
1198 3064 1360 3118 nobis
1412 3064 1656 3133 quidem,
1713 3066 1805 3134 qui
1865 3082 1960 3134 per
1997 3065 2089 3120 Dei
2135 3066 2368 3136 gratiam

2461 597 2596 650 ἀλλὰ
2623 597 2730 664 μὴν
2761 596 2853 649 καὶ
2889 594 3000 646 τῶν
3037 593 3334 663 στιχηρῶν,
3371 593 3806 662 μετακαλοῦνται
3844 593 3895 644 cl
3953 609 4048 660 μο-

2460 688 2714 758 ναχοὶδιὰ
2742 686 3115 755 σημαντηρίου
3133 684 3353 756 μικροῦ,
3374 686 3468 738 καὶ
3497 679 3607 737 ὀῖον
3630 685 3922 740 ταπεινοτέ
3932 702 4050 753 pou,

2461 781 2556 832 καὶ
2581 778 2880 832 σκοτεινοῦ.
2911 777 2994 830 Τὰ
3031 778 3141 848 γὰρ
3159 780 3227 847 τῇ
3253 777 3468 847 Παλαιᾷ
3494 778 3741 848 Διαθήκῃ
3774 795 4047 845 σκιαγρα-

2461 869 2732 939 φούμενα,
2767 869 2939 931 τύπος
2970 868 3079 921 τῶν
3124 869 3429 938 μελλόντων
3493 864 3656 938 ἦσαν,
3711 868 3808 920 καὶ
3848 869 4048 920 εἰκονί-

2463 977 2665 1030 σματα.
2706 961 2880 1030 Χάριν
2907 959 2964 1011 δὲ
2987 961 3085 1028 τῆς
3136 959 3246 1012 τῶν
3295 958 3639 1026 θεοφθόγγων
3693 959 4051 1025 Εὖαγγελίων

2461 1052 2874 1122 ἀνακηρύξεως,
2893 1051 2988 1104 καὶ
3008 1050 3208 1103 λοιπῶν
3229 1050 3620 1119 πανηγυρικῶν
3643 1048 3870 1118 βιϐλίων
3895 1051 4048 1118 ἱερᾶς

2461 1147 2848 1216 ἀναγνώσεως,
2874 1147 2970 1200 καὶ
3001 1150 3097 1216 τῆς
3118 1145 3250 1215 ὅλης
3275 1146 3600 1208 ἀκολουθίας
3634 1145 3728 1197 τοῦ
3762 1146 4048 1212 ἀγιοπολε-

2459 1257 2552 1293 του
2578 1239 2786 1303 ἁπλῶς,
2817 1239 2879 1291 τὸ
2903 1239 3048 1308 μέγα
3083 1241 3453 1308 σημαντήριον
3469 1238 3832 1310 εὓρηται.Είς
3867 1241 4049 1288 πᾶσιν

2460 1332 2569 1402 γὰρ
2616 1331 2717 1401 τὴν
2773 1329 2880 1399 γῆν
2916 1330 3012 1382 καλ⁵
3037 1332 3116 1391 είς
3171 1333 3270 1399 τῆς
3332 1331 3658 1399 οἰκουμένης
3697 1329 3768 1380 τα
3831 1329 4046 1396 πέρατα

2460 1426 2494 1495 ὴ
2526 1425 2588 1476 ἐκ
2605 1423 2811 1476 τούτων
2835 1421 3048 1491 διῆλθεν
3081 1421 3340 1490 ὠφέλεια.
3376 1421 3532 1474 Οὕτω
3575 1422 3631 1474 δὲ
3690 1420 3903 1473 τούτων
3962 1437 4050 1470 τε-

2460 1515 2740 1584 λουμένων
2774 1513 3084 1583 Θεαρέστως
3119 1514 3215 1566 καὶ
3246 1512 3512 1577 εὐσεϐῶς,
3549 1513 3765 1564 East.th
3812 1511 3910 1564 τοῦ
3936 1513 4046 1563 Κυ-

2465 1607 2580 1677 ρίου
2611 1607 2740 1660 λαὸν
2777 1607 3020 1675 καὶπερὶ
3053 1606 3152 1673 τῆς
3191 1604 3491 1674 μελλούσης
3529 1602 4049 1672 ὑπομιμνήσκεσθαι

2462 1698 2719 1766 κρίσεως,
2751 1697 2816 1750 δι’
2847 1697 2914 1768 ἦν
2966 1696 3398 1766 γονυκλισοῦμεν
3459 1699 3554 1748 καὶ
3601 1694 4046 1765 προσευχόμεθα.

2463 1789 2787 1842 Τετυπωται
2841 1789 2994 1857 γοῦν,
3051 1789 3140 1842 διὰ
3195 1788 3568 1858 σημαντηρίου
3627 1786 3856 1856 χαλκοῦ,
3921 1787 4049 1854 περὶ

2465 1881 2561 1949 τῆς
2629 1882 2949 1945 τελευταίας
3005 1881 3218 1950 ἡμέρας
3271 1880 3488 1948 ἐκείνης
3547 1879 3675 1940 τοὺς
3736 1876 4046 1948 χριστωνύ-

2467 1991 2597 2043 μους
2642 1972 3186 2044 ὑπομιμνήσκεσθαι.
3227 1971 3421 2042 ’Δνέὄη
3453 1970 3584 2039 γὰρ,
3616 1973 3802 2040 φησὶν,
3835 1971 3865 2021 ὀ
3914 1969 4048 2031 Bst;

2465 2069 2523 2121 ὲν
2578 2067 2838 2136 ἀλαγμῷ,
2903 2067 3108 2136 Κύριος
3159 2069 3216 2119 ὲν
3271 2068 3422 2135 φωνῇ
3465 2065 3786 2131 σάλπιγγος.
3841 2063 4050 2115 Σαλπί-

2467 2175 2650 2210 σουσιν
2682 2159 2728 2210 οί
2764 2158 2985 2226 ἄγγελοι
3035 2157 3128 2210 τοῦ
3176 2157 3451 2221 Θεοῦ,καὶ
3503 2157 3553 2208 οἱ
3575 2157 3756 2226 νεκροὶ
3803 2156 4048 2223 ἀναστῇ

2466 2267 2669 2314 σονται,
2712 2251 2806 2302 καὶ
2863 2249 3078 2319 ἑκάστῳ
3129 2248 3526 2318 ἀποδοθήσεται
3584 2246 3726 2299 κατὰ
3783 2247 3854 2298 τὰ
3907 2248 4046 2315 ἔργα

2463 2342 2652 2397 αὐτοῦ.
2717 2343 2789 2394 Τὸ
2862 2341 2919 2394 δὲ
2994 2341 3136 2394 κατὰ
3208 2342 3308 2403 τὰς
3379 2340 3674 2402 καθολικὰς
3747 2339 4052 2408 ἐκκλησίας

2465 2433 2571 2486 τῶν
2619 2433 2828 2485 πόλεων
2881 2433 2956 2501 μὴ
2993 2431 3418 2500 μετακαλεῖσθαι
3476 2432 3545 2484 τὰ
3595 2430 3776 2501 πλήθη
3820 2430 3912 2483 διὰ
3954 2448 4051 2499 ση-

2469 2525 2784 2595 μαντηρίων
2814 2525 3002 2593 τριῶν,
3038 2525 3173 2577 ἀλλὰ
3216 2523 3305 2576 διὰ
3352 2523 3589 2593 μεγάλου
3625 2524 3764 2585 ἑνὸς,
3801 2525 3908 2575 οὐκ
3935 2523 4052 2574 ἔστι

2466 2620 2564 2688 τῆς
2631 2618 3093 2688 ὲκκλησιαστικῆς
3152 2618 3474 2680 ἀκολουθίας
3537 2617 3842 2686 ἀνατροπὴ.
3905 2616 4050 2677 Aab;

2467 2712 2575 2780 γὰρ
2605 2710 2996 2778 μετακαλεῖται
3052 2709 3343 2780 χειρῶναξ,
3398 2709 3494 2761 καὶ
3559 2708 3690 2777 περὶ
3758 2707 4056 2776 catamier

2469 2801 2838 2871 ἠσχολημὲνος
2886 2801 2980 2854 καὶ
3031 2801 3281 2871 ἄροτρον.
3333 2801 3494 2854 Ἐστι
3533 2800 3712 2852 τοίνυν
3762 2800 4055 2869 ἀγαπητὸν

2468 2895 2827 2964 ἐκκλησιάσαι
2860 2893 3048 2947 τοῦτον
3103 2894 3206 2947 κᾶν
3249 2896 3329 2956 είς
3363 2893 3463 2963 τῆς
3486 2893 3632 2955 Νέας
3665 2891 3948 2960 Διαειήκης
3991 2891 4056 2942 τὰ

2469 2986 2896 3056 ψαλτῳδήματα.
2928 2984 3037 3037 Καὶ
3090 2986 3225 3055 ἡμῖν
3281 2983 3382 3054 μὲν
3438 2987 3552 3045 τοῖς
3592 2981 3926 3050 φυλάττουσι
3987 2981 4056 3049 τῇ

2470 3081 2654 3150 χάριτι
2680 3080 2774 3132 τοῦ
2801 3080 2938 3131 Θεοῦ
2995 3080 3176 3132 πᾶσαν
3220 3076 3684 3144 ἑκκλησιαστικὴν
3746 3074 4058 3143 παράδοσιν

787 3166 1074 3207 servamus
1141 3155 1422 3206 immotam
1492 3170 1710 3209 onmem
1778 3156 2126 3211 traditionem
2185 3156 2367 3211 eccle-

2473 3171 2889 3241 ἀμετάπτωτον,
2911 3168 3058 3223 οὕτω
3087 3167 3764 3222 πολιτεύεσθαιδὲδοκταμ
3815 3167 3947 3229 Τοῖς
4002 3167 4060 3218 δὲ

792 3245 1092 3309 siasticam,
1119 3244 1264 3297 hunc
1296 3245 1542 3298 ordinem
1598 3247 1752 3316 sequi
1800 3247 1977 3300 visum
2025 3258 2129 3302 est.
2156 3246 2366 3302 Latinis

792 3350 940 3400 vero,
979 3335 1119 3388 male
1144 3352 1173 3387 a
1199 3337 1358 3389 nobis
1379 3336 1592 3400 divisis.
1628 3347 1681 3391 et
1721 3353 1954 3407 quorum
2005 3353 2103 3393 cor
2128 3339 2368 3393 obdura-

790 3437 905 3482 tum
944 3438 1026 3484 est
1065 3444 1094 3482 a
1151 3430 1376 3494 Satana,
1442 3432 1566 3485 licet
1614 3432 1666 3485 in
1715 3433 2061 3488 sermonibus
2103 3433 2225 3488 oleo
2253 3434 2366 3488 sint

786 3519 1092 3586 molliores,
1151 3521 1258 3574 alia
1329 3523 1574 3590 quantam
1625 3524 1965 3578 consuetudo
2027 3523 2364 3578 convocandi

791 3613 1052 3680 populum
1134 3626 1323 3667 sacras
1367 3615 1430 3666 ad
1484 3614 1628 3669 a-dcs
1670 3623 1754 3670 est
1807 3613 2026 3669 tradita.
2057 3615 2193 3669 Nam
2254 3629 2363 3672 uno

791 3704 1059 3757 duntaxat
1115 3711 1343 3758 utuntur
1391 3705 1576 3773 signo,
1613 3721 1880 3775 campana
1923 3708 2155 3772 scilicet,
2183 3723 2304 3777 qua:
2333 3722 2365 3763 a

790 3807 985 3863 campo
1032 3794 1112 3847 sic
1149 3795 1377 3850 dicitur.
1434 3795 1903 3862 Quemadmodum
1946 3799 2090 3854 enim
2138 3813 2363 3868 campus

789 3883 1036 3952 cujusvis
1072 3886 1257 3940 itineri
1289 3888 1450 3953 citra,
1487 3889 1656 3943 ullum
1691 3890 1975 3960 expositus
1996 3898 2081 3947 est
2131 3891 2363 3962 impedi-

788 3983 1054 4040 mentum,
1107 3977 1188 4030 sic
1217 3985 1273 4031 et
1322 3978 1473 4033 illius
1498 3979 1690 4033 abenei
1732 3982 2081 4036 tintinnabuli
2111 3983 2363 4039 sublimis

787 4079 914 4132 vox,
965 4068 1238 4122 universis
1287 4084 1514 4125 accessu
1555 4070 1731 4127 facilis
1764 4083 1928 4142 patet.
1984 4073 2063 4129 Ac
2114 4075 2365 4143 pluribus

787 4170 920 4212 sane
943 4159 1116 4226 signis
1155 4159 1340 4217 Latini
1374 4170 1428 4218 et
1473 4164 1593 4219 ltali
1630 4177 1919 4236 propterea
1948 4180 2060 4221 non
2098 4166 2363 4238 indigent,

789 4252 937 4320 quod
987 4254 1337 4311 cantionibus
1372 4257 1774 4331 hagiopoliticis
1823 4276 1930 4316 non
1983 4273 2224 4329 utantur,
2271 4263 2366 4321 sed

789 4344 908 4399 sola
940 4343 1160 4403 Davidis
1192 4347 1423 4405 cithara.

2472 3262 2725 3323 Λατίνοις
2755 3261 3060 3332 μερισθεῖσι
3077 3261 3262 3323 κακῶς
3282 3261 3375 3329 ἀφ’
3399 3259 3579 3329 ἡμῶν,
3610 3261 3702 3312 καὶ
3735 3259 4058 3328 πωρωθεῖσι

2471 3355 2570 3424 τὴν
2596 3353 2826 3424 καρδίαν
2864 3353 2968 3407 ὑπὸ
2994 3352 3088 3404 τοῦ
3121 3355 3360 3417 Σατανᾶ,
3388 3352 3494 3406 κᾶν
3525 3353 3636 3414 τοῖς
3681 3350 3867 3416 λόγοις
3910 3350 4058 3418 ὑπὲρ

2472 3442 2650 3496 ἔλαιον
2699 3442 3100 3510 ἁπαλύνωνται,
3144 3443 3277 3512 άλλη
3333 3459 3417 3506 τις
3462 3441 3735 3512 παρεδόθη
3767 3440 4056 3511 συνήθεια,

2473 3538 2600 3608 περὶ
2629 3537 2730 3607 τῆς
2794 3538 2875 3598 εις
2924 3537 3052 3599 τοὺς
3095 3537 3256 3599 ναοῦς
3304 3535 3690 3605 μετακλήσεως
3734 3534 3832 3586 τοῦ
3895 3533 4056 3588 λαοῦ.

2483 3626 2597 3680 Ἑνὶ
2662 3627 2767 3696 γὰρ
2822 3627 3120 3696 κέχρηνται
3184 3626 3565 3696 σημαντηρίῳ,
3633 3627 3701 3694 τῇ
3784 3625 4061 3695 καμπὰνα

2473 3719 2638 3790 φημὶ,
2668 3720 2790 3788 ἥτις
2826 3720 2892 3772 ὲκ
2915 3719 3009 3772 τοῦ
3039 3719 3262 3788 κὰμπου
3310 3718 3759 3788 μετονομάζεται.
3822 3717 3914 3780 Ὡς
3945 3718 4058 3788 γὰρ

2470 3811 2500 3864 ὁ
2538 3811 2755 3879 κάμπος
2794 3809 2970 3879 (φασὶ)
3017 3808 3361 3878 βουλομένοις
3406 3810 3482 3871 είς
3515 3807 3824 3878 ὁδοιπορίαν
3881 3809 4059 3877 ἀνεμ-

2471 3901 2718 3963 πόδιστος
2744 3901 3053 3969 πρόκειται,
3090 3898 3232 3952 οὕτω
3265 3901 3360 3952 καὶ
3382 3900 3481 3968 τῆς
3511 3900 3886 3970 χαλκοστόμου
3937 3901 4055 3952 κώ-

2461 3989 2684 4057 δωνοςή
2719 3990 2992 4058 μετέωρος
3042 3987 3291 4042 διαλαλιὰ
3347 3990 3458 4050 τοῖς
3513 3991 3678 4042 πᾶσιν
3721 3989 4055 4058 εὐπρόσιτος

2462 4081 2737 4151 ἥπλωται.
2788 4081 3006 4135 Πολλῶν
3057 4081 3113 4133 δὲ
3167 4081 3555 4151 σημαντηρίων
3579 4082 3682 4134 οὐκ
3727 4081 3842 4133 ἔστι
3884 4081 4052 4150 χρεία

2461 4173 2716 4236 Λατίνοις
2779 4175 2872 4228 καὶ
2938 4173 3184 4239 Ἰταλοῖς,
3239 4175 3322 4227 ὅτι
3393 4173 3528 4244 μηδὲ
3595 4174 4051 4245 ψαλτῳδημὰτων

2465 4264 2910 4333 ἁγιοπολιτικῶν,
2989 4265 3124 4321 ἀλλὰ
3192 4265 3361 4336 μόνης
3426 4265 3525 4334 τῆς
3611 4265 3872 4336 κιννύρας
3958 4265 4046 4318 τοῦ

2467 4356 2816 4427 θεοπάτορος.

3958 4282 4051 4318 του
