4198 6444
214 454 357 520 1225

219 606 679 621 P—ﬁ—ﬁ

1472 445 2036 510 Gni’ECO-ROMAN
2048 448 2176 509 ΗΜ.

3318 444 3455 510 129.6

690 762 1593 899 ΜΑΤΘΑΙΟΥ
1709 762 2056 893 ΤΟΥ
2146 756 2987 892 ΜΟΝΑΧΟΥ

784 1018 1393 1115 ΖΗΤΗΜΑΤΑ
1466 1026 1661 1111 ΚΑΙ
1727 1024 2367 1113 ΥΠΟΘΕΣΕΙΣ
2440 1018 2943 1115 ΓᾸΜΙΚΑΙ.

1063 1346 1852 1478 ΜΑΤΤΗᾸΕΙ
1914 1339 2645 1473 MONACHI

470 1626 1272 1737 QUIESTIONES
1380 1629 1532 1718 ET
1651 1625 2055 1720 CAUSE
2167 1572 3214 1717 MATBIMONIALES.

552 1955 690 2024 Περὶ
722 1955 843 2011 τῶν
864 1956 1119 2026 ,ϐαθμῶν
1155 1957 1262 2012 τοῦ
1298 1956 1509 2026 γάμου.

284 2070 401 2122 Οὐκ
431 2071 494 2125 ἄν
525 2088 626 2134 τις,
652 2068 826 2140 οἶμαι,
849 2072 957 2125 τῶν
987 2068 1045 2125 εὖ
1067 2071 1404 2141 φρονούντων
1428 2072 1795 2144 ἀωρίαςήμᾶς

213 2164 510 2235 γράψαιτο,
547 2166 690 2218 κατά
721 2182 783 2234 γε
817 2167 879 2217 τὸ
912 2166 1007 2218 νῦν
1027 2165 1323 2231 διεξιόντας
1366 2167 1457 2219 καὶ
1484 2166 1551 2219 τά
1572 2166 1683 2219 τῶν
1708 2167 1798 2219 λεο

216 2256 468 2325 γομένων
505 2257 599 2310 τοῦ
616 2258 795 2325 γάμου
834 2255 1082 2326 βαθμῶν,
1115 2258 1334 2325 καὶτῆς
1388 2259 1567 2312 αὐτῶν
1595 2274 1795 2326 συγγε-

213 2350 365 2411 νείας
396 2352 496 2418 τήν
526 2366 585 2401 τε
632 2350 909 2418 ἐγγύτητα
940 2350 1036 2403 καὶ
1064 2350 1385 2414 ἀπόστασιν,
1440 2351 1561 2404 ὅθεν
1590 2350 1653 2420 δὴ
1687 2350 1796 2403 τῶν

216 2442 739 2510 συγκεχωρημένων
772 2441 821 2492 oi
881 2442 980 2510 τὴν
1033 2440 1271 2495 κώλυσιν
1332 2442 1546 2511 ἔχοντες
1610 2441 1797 2509 σαφῶς

211 2528 581 2599 διακρίνονται
612 2532 706 2583 καὶ
734 2530 1069 2601 ιλέγχονται.
1108 2531 1249 2594 Τοὺς
1284 2533 1382 2600 μὲν
1416 2531 1507 2585 οὖν
1556 2532 1798 2601 βαθμοὺς

212 2621 324 2673 ἀπὸ
345 2623 661 2691 μεταφορᾶς
692 2622 945 2692 εἰρῆσθαι
978 2624 1111 2690 φασί
1135 2639 1279 2685 τινες
1312 2622 1421 2675 τῶν
1473 2624 1570 2691 τῆς
1602 2622 1799 2692 κλίμα-

214 2728 312 2772 κος
358 2712 691 2782 ἀναϐαθμῶν
707 2712 773 2767 ⁸⁷.
810 2714 896 2774 Ὠς
946 2714 1055 2783 γάρ
1117 2714 1343 2767 έκείνων
1379 2716 1412 2783 ἠ
1439 2714 1620 2773 ἄνοδος
1643 2714 1735 2768 xui.
1763 2715 1801 2784 ή“

216 2801 442 2864 κάθοδος
473 2801 704 2869 γίνεται,
729 2801 873 2855 οὕτω
899 2803 989 2857 διά
1028 2803 1137 2857 τῶν
1179 2806 1279 2874 τῆς
1325 2806 1638 2872 συγγενείας
1701 2804 1800 2874 βα-

214 2892 373 2960 θμῶν
414 2894 469 2945 οἵ
513 2911 572 2946 τε
618 2896 860 2958 ἀνιέντες
916 2896 1012 2949 καὶ
1065 2896 1114 2948 οε
1165 2896 1445 2960 κατιόντες
1514 2898 1798 2969 εὑρίσκον-

213 2997 327 3034 ται.
356 2983 417 3034 Οἱ
436 2981 490 3035 δὲ
519 2983 593 3054 μὴ
613 2982 784 3047 οὕτως
817 2984 1051 3054 ἔχοντες.
1087 2985 1153 3039 lx
1173 2984 1399 3053 πλαγίου
1419 2986 1796 3054 γινώσκονται,

216 3074 543 3143 Προὸαίνειν
610 3077 799 3144 μέντοι
852 3075 1134 3146 πεφύκασι
1188 3078 1333 3131 κατὰ
1386 3078 1485 3149 τὴν
1528 3077 1638 3132 τῶν
1678 3096 1802 3146 γεν-

215 3168 430 3236 νήσεων
453 3166 624 3231 τάξιν.
670 3168 937 3238 Ἐκάστην
960 3168 1069 3239 γὰρ
1087 3169 1343 3240 γέννησιν
1374 3168 1581 3239 βαθμὸν
1607 3172 1801 3225 ἀποτε-

214 3257 331 3310 λεῖν
356 3258 452 3311 ἕνα
473 3258 807 3329 νενόμισται.
838 3260 1057 3314 Τούτων
1113 3263 1160 3314 oi
1214 3262 1314 3330 μὲν
1366 3263 1447 3324 εις
1503 3262 1801 3326 πλάτος,οι

214 3350 275 3403 δὲ
309 3352 390 3412 εις
409 3349 572 3418 βάθος
589 3350 944 3405 ὶκτείνονται.
970 3353 1079 3406 Καὶ
1103 3353 1153 3405 οἱ
1185 3352 1283 3423 μὲν
1310 3352 1403 3405 τοῦ
1429 3353 1686 3418 πλάτους,
1702 3354 1802 3425 τὴν

216 3441 393 3511 αὐτὴν
444 3441 578 3507 πρὸς
619 3441 882 3513 ἀλλήλους
911 3442 1258 3507 άποσὼζουσι
1295 3443 1470 3510 τάξιν.
1539 3444 1655 3497 Υἱοὶ
1701 3446 1800 3515 μὲν

216 3531 330 3601 γὰρ
384 3531 561 3595 ὄντες,
628 3532 719 3587 τὸν
767 3532 982 3603 πρῶτον
1058 3533 1298 3596 ἅπαντες
1383 3533 1651 3604 πληροῦσι
1704 3534 1801 3603 βα-

216 3622 378 3689 θμόν·
403 3622 623 3692 ἀδελφοὶ
649 3624 727 3687 δὶ,
755 3624 888 3695 πρὸς
920 3624 1185 3695 ἀλλήλους
1212 3624 1305 3676 τὸν
1331 3623 1731 3695 δεύτερον,τῶν
1756 3625 1802 3657 ³⁸

216 3714 480 3768 ἐπέκεινα
516 3709 618 3769 ὦσι
659 3717 767 3769 τῶν
813 3717 966 3769 δέκα.
1017 3717 1162 3769 Διότι
1216 3718 1345 3779 τοὺς
1388 3717 1642 3786 γαμικῶς
1681 3734 1802 3770 συν-

215 3809 559 3876 απτομένους
592 3812 655 3862 ἐκ
679 3808 772 3861 τοῦ
802 3810 1051 3880 ᾳῖμᾳξτος,
1078 3809 1290 3879 ἀνάγκη
1322 3809 1398 3879 μὴ
1423 3810 1639 3871 πλείους
1659 3806 1799 3862 εἶναι

215 3895 327 3948 τῶν
368 3897 481 3951 δύο.
537 3898 721 3970 Ταύτῃ
778 3895 1030 3955 τῡιΝιιὶ
1098 3901 1287 3953 τούσδε
1340 3900 1535 3969 μόνους
1573 3902 1638 3952 ὲκ
1691 3900 1800 3972 τῶν

219 3988 472 4057 ἀδελφῶν
507 3989 864 4061 θεωροῦντες,
894 3992 1149 4063 δευτέρου
1174 3993 1355 4061 φαμὲν
1387 3990 1527 4046 εἶναι
1566 3992 1799 4063 βαθμοῦ,

219 4080 363 4131 κατὰ
389 4080 487 4149 τὴν
516 4080 708 4151 διπλῆν
727 4082 905 4135 αὐτῶν
927 4082 1142 4141 πάντων
1162 4083 1207 4116 ⁸⁸
1226 4084 1499 4151 γέννησιν.
1518 4085 1796 4147 Ὡσαύτως

217 4174 268 4225 οἱ
300 4172 513 4239 ἀνεψιοὶ
545 4174 635 4226 τὸν
667 4175 849 4243 τρίτον
874 4175 1150 4243 έπέχουσι,
1182 4175 1276 4228 καὶ
1292 4176 1340 4227 οἱ
1365 4174 1799 4245 πρωτεξάδελφοι

217 4264 312 4316 τὸν
346 4264 628 4335 τέταρτον,
674 4267 767 4319 καὶ
819 4267 909 4319 τὸν
951 4268 1109 4321 ῑκτον
1169 4268 1219 4319 οἱ
1267 4266 1654 4334 δισεξάδελφοι,
1706 4267 1801 4321 καὶ

220 4352 420 4420 ἐφεξῆς
456 4354 755 4421 ἀναλόγως.
790 4355 853 4407 Ol
877 4352 933 4407 δι
964 4355 1103 4408 κατὰ
1148 4354 1333 4424 βάθος,
1360 4356 1421 4408 ού
1470 4355 1671 4413 πάντες
1711 4358 1799 4409 τὸν

219 4442 386 4494 αὑτὸν
422 4440 629 4510 βαθμὸν
663 4441 899 4512 ίχουσιν,
936 4444 1053 4496 ἀλλ’
1078 4446 1127 4496 οἱ
1166 4444 1265 4511 μὲν
1309 4442 1413 4495 υἱοὶ
1447 4443 1537 4522 τὸν
1562 4444 1797 4513 πρῶτον,

217 4535 265 4585 οἱ
294 4532 510 4601 ἔγγονοι
538 4533 628 4585 τὸν
647 4533 919 4604 δεύτερον,
954 4535 1049 4587 καὶ
1077 4535 1128 4585 οἱ
1148 4534 1450 4601 δισέγγονοι
1480 4534 1568 4586 τὸν
1593 4534 1798 4603 τρίτον,

1821 1962 1868 2019 Δ

2119 2017 2142 2046 ⁸
2253 1956 2330 2011 De
2359 1955 2615 2028 gradibus
2651 1956 2705 2010 in
2753 1957 3114 2012 matrimonio.

1970 2069 2138 2125 Nemo
2216 2084 2321 2125 nos
2391 2068 2760 2135 accusaverit,
2817 2070 3034 2140 Opinor,
3097 2070 3189 2138 qui
3250 2069 3470 2141 quidem

1898 2161 2097 2231 sapiat,
2150 2162 2319 2217 veluti
2356 2177 2471 2217 rem
2525 2162 2759 2217 alienam
2816 2169 3066 2231 agentes,
3111 2164 3156 2217 si
3203 2164 3307 2218 hoc
3354 2164 3472 2219 loco

1899 2255 2165 2323 graduum
2207 2254 2566 2318 matrimonii,
2601 2269 2741 2323 quos
2790 2262 3012 2319 vocant,
3043 2264 3098 2311 et
3131 2256 3475 2327 cognationis

1898 2343 2214 2399 eorumdem
2249 2354 2361 2399 tam
2397 2345 2886 2416 propinquitatem,
2911 2360 3075 2414 quam
3114 2347 3475 2401 remolion--m

1899 2450 2241 2506 exponamus
2296 2452 2312 2491 :
2373 2437 2520 2492 unde
2581 2436 2692 2501 ﬁet,
2730 2438 2810 2491 uti
2858 2439 2951 2506 qui
3013 2438 3217 2505 aliquid
3275 2438 3479 2492 habent

1901 2528 2305 2598 impedimenti,
2335 2542 2365 2582 a
2399 2528 2682 2598 permissis
2714 2527 2861 2583 clare
2892 2527 3130 2583 discerni
3157 2532 3391 2598 possint,
3426 2539 3477 2583 et

1901 2617 2259 2687 deprehendi.
2290 2616 2580 2672 Enimvero
2614 2617 2815 2688 gradus
2856 2618 3023 2685 aliqui
3079 2619 3258 2676 dictos
3294 2622 3481 2687 periri-

1903 2708 2032 2763 bent
2070 2722 2101 2762 a
2145 2709 2512 2764 translatione
2536 2709 2803 2778 graduum
2847 2710 3032 2765 scalae.
3065 2708 3277 2781 Quippe
3316 2711 3480 2766 sicuti

1901 2814 1998 2870 per
2037 2814 2133 2856 eos
2166 2800 2486 2855 ascenditur
2513 2815 2577 2855 ac
2620 2800 2994 2866 descenditur,
3037 2802 3109 2856 ila
3141 2817 3235 2872 per
3276 2803 3481 2873 gradus

1901 2893 2246 2962 cognationis
2290 2900 2403 2947 tam
2460 2893 2818 2949 ascendentes
2863 2909 3028 2964 quam
3086 2895 3483 2950 descendentes

1904 2983 2278 3040 inveniuntur.
2335 2982 2440 3051 Qui
2496 3000 2622 3039 vero
2678 2986 2758 3039 sic
2812 2986 2994 3041 aﬂ‘ecti
3066 3001 3175 3040 non
3232 2998 3379 3052 sunt,
3416 3003 3482 3042 cx

1902 3086 2223 3132 transverso
2297 3085 2733 3146 cognoscuntur.
2813 3078 3083 3133 Caeterum
3148 3079 3351 3148 gradus
3407 3081 3482 3132 ita

1903 3167 2207 3237 comparati
2240 3175 2390 3232 sunt,
2424 3177 2483 3220 ut
2537 3167 2838 3222 secundum
2872 3168 3120 3224 ordinem
3173 3171 3485 3239 generatio-

1906 3275 2034 3315 num
2071 3259 2394 3328 procedant.
2429 3258 2642 3329 Quippe
2675 3268 2957 3329 receptum
2986 3270 3092 3325 est,
3130 3270 3188 3315 ut
3226 3264 3484 3332 quaelibet

1904 3351 2184 3421 generatio
2209 3350 2437 3422 gradum
2466 3366 2634 3405 unum
2689 3352 2962 3406 absolvat.
3005 3353 3206 3408 Deinde
3257 3354 3481 3423 quidam

1904 3443 1960 3497 in
1988 3442 2361 3505 latitudinem,
2392 3442 2615 3511 quidam
2648 3442 2903 3497 deorsum
2952 3442 3341 3499 extenduntur.
3373 3445 3481 3512 Qui

1903 3538 1958 3591 in
1990 3536 2357 3601 latitudinem,
2410 3536 2662 3590 eumdem
2716 3535 2862 3588 inter
2909 3549 2968 3589 se
3025 3534 3201 3591 locum
3236 3548 3479 3593 servant.

1902 3626 2035 3681 Nam
2071 3627 2161 3696 qui
2198 3627 2354 3681 liberi
2403 3636 2556 3689 sunt,
2588 3625 2827 3692 primum
2885 3641 3076 3681 omnes
3105 3628 3332 3696 gradum
3376 3630 3482 3681 in:-

1905 3720 2054 3786 plent
2089 3735 2102 3770 :
2137 3719 2229 3787 qui
2286 3716 2504 3780 fratres,
2547 3716 2793 3771 secundo
2836 3718 2979 3770 inter
3026 3734 3084 3772 se
3137 3719 3305 3787 gradu
3350 3719 3480 3788 jun-

1903 3816 2127 3877 guntur,
2176 3808 2301 3862 licet
2350 3809 2533 3877 plures
2584 3822 2812 3861 numero
2861 3808 2990 3867 sint.
3038 3824 3200 3877 quam
3266 3815 3480 3866 decem.

1902 3898 2113 3969 Quippe
2138 3899 2229 3968 qui
2262 3899 2600 3953 matrimonii
2632 3899 2750 3967 lege
2783 3899 2926 3953 inter
2956 3915 3015 3953 se
3046 3902 3375 3969 copulantur
3413 3918 3483 3956 ex

1904 3992 2093 4045 eodem
2159 3991 2423 4059 sanguine
2459 4029 2476 4055 ,
2535 3990 2851 4045 necessario
2914 3992 3098 4060 plures
3161 4006 3268 4046 non
3356 4001 3485 4047 sunt

1904 4095 2067 4150 quam
2102 4082 2230 4136 duo.
2265 4081 2384 4147 Qua
2424 4083 2589 4150 etiam
2625 4082 2694 4136 de
2727 4098 2893 4138 causa
2928 4084 3026 4138 bos
3071 4084 3219 4139 solos
3254 4100 3321 4138 ex
3375 4083 3484 4136 fra-

1903 4172 2084 4225 tribus
2110 4148 2547 4232 considerantes“.
2581 4172 2808 4226 secundi
2840 4173 3043 4242 gradus
3073 4189 3195 4228 esse
3226 4173 3482 4235 dicimus.

1905 4264 2131 4315 omnino
2168 4263 2377 4315 ratione
2407 4262 2645 4329 duplicis
2684 4277 2875 4316 eorum
2920 4265 3313 4332 generationis.
3343 4262 3489 4318 Con-

1906 4353 2157 4407 simililer
2230 4351 2457 4405 fratrum
2508 4367 2832 4407 sorormnvc
2881 4353 3035 4408 liberi
3070 4354 3296 4422 gradum
3355 4369 3486 4425 erga

1907 4456 2133 4510 patruos
2177 4452 2231 4498 et
2278 4443 2581 4498 avunculos
2626 4445 2841 4497 tertium
2871 4444 3141 4508 obtinent,
3169 4447 3487 4500 consobrini

1903 4543 2155 4603 quartum
2181 4534 2321 4588 inter
2348 4548 2429 4597 se,
2463 4535 2670 4588 sobrini
2696 4544 2932 4601 sextum,
2974 4537 3159 4590 eadem
3194 4536 3246 4589 in
3275 4539 3489 4590 caeteris

221 4624 315 4676 καὶ
344 4623 547 4692 ἐφεξῆς
578 4625 801 4692 ὁμοίως.
837 4625 986 4690 [lupo
1018 4626 1112 4678 xui.
1138 4626 1200 4678 οὐ
1240 4626 1378 4678 κατὰ
1407 4625 1504 4686 τάς
1536 4624 1797 4691 γενέσεις,

1908 4624 2118 4678 ratione
2150 4625 2463 4679 observata.
2495 4623 2600 4690 Qui
2638 4640 2696 4679 se
2732 4627 3020 4695 porrigunt
3054 4626 3336 4687 deorsum,
3375 4642 3484 4679 non

221 4714 297 4776 ὥς
324 4731 391 4780 γε
423 4715 570 4778 ἔδοξε
592 4717 706 4778 τοῖς
729 4716 1126 4788 ἀρχαιοτέροις,
1155 4716 1289 4769 ἀλλὰ
1318 4717 1459 4769 κατὰ
1479 4716 1577 4786 τὴν
1603 4716 1801 4769 οἰκειό-

217 4822 379 4871 τητα,
422 4805 520 4858 καὶ
553 4806 651 4874 τὴν
692 4808 787 4860 τοῦ
827 4808 1016 4874 γένους
1057 4806 1360 4875 έγγύτητα,
1398 4807 1489 4858 καὶ
1531 4805 1629 4876 τὴν
1666 4806 1803 4859 άπόο

218 4912 414 4948 στάσιν
456 4897 614 4961 αὖθις
652 4899 785 4968 πρὸς
831 4898 931 4968 τὴν
976 4898 1201 4969 πρώτην
1239 4899 1335 4949 τοῦ
1380 4899 1571 4965 γένους
1603 4898 1799 4967 ἀρχὴν,

217 4987 440 5041 κάλλιον
488 4990 617 5051 τοὺς
683 4989 926 5060 βαθμοὺς
974 4988 1360 5058 ὀνομάζεσθαι.
1413 4989 1635 5054 Μεταξὺ
1693 4991 1801 5058 γάρ

220 5080 433 5151 πατρὸς
461 5082 561 5133 καὶ
592 5080 711 5133 υἱοῦ
776 5080 949 5150 μικρά
994 5098 1076 5141 τις
1117 5080 1418 5143 διάστασις.
1469 5081 1702 5135 Πάππου
1746 5082 1804 5134 δὲ

219 5169 316 5219 καὶ
347 5169 573 5235 ἐγγόνου
610 5170 831 5238 μείζων.
870 5170 1193 5236 Δισεγγόνου
1219 5172 1274 5223 δὲ
1322 5173 1459 5241 πρὸς
1516 5174 1605 5225 τὸν
1635 5174 1798 5225 αὑτὸν

218 5262 301 5314 ἔτι
335 5263 559 5331 μείζων.
589 5263 745 5316 Οὕτω
771 5265 1006 5334 σχέσεως
1044 5265 1228 5336 ἔχουσι
1256 5267 1348 5318 καὶ
1375 5267 1422 5317 oi
1447 5269 1511 5319 ἐκ
1543 5267 1797 5335 πλαγίου.

1904 4731 2099 4769 omnes
2120 4715 2370 4769 eumdem
2402 4716 2629 4784 gradum
2665 4716 2867 4771 habent
2894 4734 2907 4781 ;
2937 4716 3031 4771 sed
3064 4716 3156 4770 filii
3209 4719 3441 4788 primum
3470 4736 3484 4780 ;

1906 4816 2149 4877 nepotes,
2200 4808 2466 4872 alterum;
2522 4818 2874 4877 pronepotes,
2950 4810 3212 4873 tertium;
3282 4812 3485 4871 cieteri,

1911 4896 2297 4949 consimiliter.
2335 4895 2569 4965 Ideoque
2604 4911 2714 4949 non
2746 4896 3051 4950 secundum
3080 4898 3483 4964 generationes,

1909 4990 1982 5043 uti
2022 4989 2219 5058 priscis
2244 4988 2469 5058 placuit,
2498 4988 2593 5042 sed
2634 4988 2936 5043 secundum
2970 4987 3432 5044 necessitudinem
3468 5007 3483 5052 ;

1909 5091 1962 5135 et
2001 5080 2218 5149 generis
2269 5079 2757 5149 propinquitatem,
2797 5083 2879 5135 vel
2925 5083 3089 5135 etiam
3126 5082 3485 5134 rernotionem

1912 5190 1938 5225 a
1970 5174 2144 5242 primo
2168 5172 2386 5239 generis
2418 5173 2712 5242 principio,
2759 5172 2962 5243 gradus
2999 5175 3163 5227 hosce
3208 5186 3485 5241 numerari

1911 5276 2151 5336 prastat.
2208 5265 2343 5319 Nam
2405 5266 2549 5321 inter
2601 5254 2806 5335 patrem
2867 5273 2921 5319 et
2980 5265 3170 5330 (ilium,
3227 5267 3483 5335 exiguum

218 5358 497 5429 quoddam
548 5357 896 5410 intervallum
939 5365 1043 5410 est.
1111 5355 1289 5425 Majus
1344 5358 1488 5409 inter
1536 5373 1696 5411 avum
1784 5367 1839 5412 et
1878 5368 2150 5427 nepotem.
2188 5356 2332 5412 Inter
2362 5372 2523 5409 avum
2573 5367 2625 5410 et
2668 5367 3041 5426 pronepotem,
3069 5358 3246 5411 adhuc
3282 5358 3483 5426 majus.

217 5448 420 5502 Eadem
455 5448 509 5501 in
545 5447 653 5501 illis
686 5447 849 5501 etiam
880 5445 1093 5500 obtinet
1126 5446 1286 5508 ratio,
1313 5445 1405 5514 qui
1437 5455 1564 5499 sunt
1595 5462 1656 5501 cx
1696 5457 2033 5500 transverso.

1528 5586 1762 5644 VARle
1806 5590 2208 5650 LECTIONES.

296 5704 718 5775 ⁸’άνα6ασμῶν.
797 5703 843 5735 ⁸⁸
863 5703 984 5758 κάν.
1063 5705 1107 5736 ⁸⁸
1160 5703 1400 5765 πάντως.

293 5836 320 5875 ιι
349 5824 386 5879 ι.
421 5824 508 5885 10,
542 5820 568 5891 §
599 5819 810 5875 Gradus
842 5834 1037 5877 autem.
1080 5821 1137 5874 D.
1178 5822 1240 5875 de
1262 5819 1511 5890 gradibus
1546 5826 1594 5871 et
1629 5819 1769 5886 alﬁu.

467 5916 736 5976 PATROL.
774 5919 889 5978 Gn.
924 5914 1148 5980 CXIX.
