4198 6444
739 399 872 472 122Ἱ

1217 511 1417 565 Divisio
1456 510 1805 580 cognationis.

794 606 930 661 Cum
948 613 1127 660 autem
1156 602 1408 674 generale
1437 616 1633 656 nomen
1660 601 1726 655 sil
1750 602 2003 671 cognatio
2037 602 2211 670 prima
2243 602 2325 655 di-

723 697 1002 754 visionein
1026 696 1133 749 duo
1158 694 1431 749 scinditur
1448 712 1461 748 :
1479 694 1532 747 in
1552 692 1930 763 cognationem
1946 700 2218 748 naturaet
2241 707 2329 747 ar-

723 790 1084 862 rogatiouem.
1116 784 1322 842 Natura
1349 792 1616 856 cognatus
1634 795 1717 840 est
1749 792 1921 855 pater,
1944 786 2092 840 verbi
2132 799 2323 853 causa,

728 886 901 950 ﬁlius,
935 889 1132 947 mater,
1193 880 1323 946 ﬁlia,
1382 879 1570 944 frater,
1627 878 2015 943 consobrinus,
2044 879 2322 937 sobrinus.

725 974 935 1028 solirini
987 973 1152 1040 ﬁlius,
1176 981 1338 1041 atque
1366 970 1459 1024 alii
1487 969 1644 1025 tales.
1671 970 2034 1040 Arrogatione
2052 984 2203 1035 vero,
2235 985 2306 1025 so.

726 1082 840 1130 cer,
869 1081 1056 1138 gener,
1078 1065 1244 1118 frater
1266 1062 1541 1131 conjugis.
1578 1063 1719 1117 ﬁlius
1745 1063 2052 1133 adoptivus.
2084 1061 2320 1115 Rursum

728 1156 982 1227 cognatio
1015 1152 1286 1209 naturalis
1320 1151 1573 1206 bifariam
1625 1151 1912 1216 dividitur,
1977 1153 2229 1208 videlicet
2263 1152 2317 1206 in

729 1254 1049 1318 procreatos
1076 1260 1141 1300 ex
1180 1243 1386 1313 nuptiis
1420 1244 1699 1312 legitimis,
1732 1255 1785 1298 et
1821 1244 1982 1315 vulgo
2031 1245 2318 1315 quaesitos.

734 1339 1023 1410 Arrogatio
1082 1351 1305 1407 quoque
1356 1333 1726 1391 subdividitur
1787 1335 1840 1388 in
1892 1334 2211 1391 affinitatem
2264 1343 2319 1390 et

731 1431 1100 1500 adeptionem.
1139 1429 1387 1482 Aﬁinitas
1418 1435 1502 1483 est
1552 1428 1925 1493 necessitudo,
1956 1444 2079 1497 quae
2123 1444 2317 1498 prove-

726 1524 807 1577 nit
838 1536 906 1576 ex
930 1519 1319 1575 matrimoniali
1353 1518 1729 1587 copulatione.
1766 1519 2029 1588 Adoptio,
2074 1520 2315 1589 alicujus

727 1615 779 1667 in
808 1613 977 1668 filium
1011 1610 1306 1680 cooptatio,
1339 1610 1479 1662 citra
1531 1610 1976 1679 conjunctionem
2002 1612 2306 1666 carnalem.

724 1706 1065 1761 Fraternitas
1121 1712 1303 1757 autem
1344 1701 1487 1756 facta
1542 1718 1638 1770 per
1700 1702 2048 1773 adoptionem
2102 1704 2315 1774 legibus

731 1805 1017 1866 repugnat.
1053 1794 1263 1865 Quippe
1294 1794 1480 1848 liberis
1503 1792 1772 1856 destituti,
1794 1794 2139 1860 adOptionem
2166 1808 2318 1848 com-

728 1884 894 1937 menti
910 1898 1122 1944 sumus,
1144 1884 1409 1935 bonorum
1431 1881 1973 1937 transmittendorum
1989 1896 2174 1936 causa.
2189 1882 2324 1936 Fra-

732 1974 1045 2029 ternitatem
1088 1989 1219 2028 vero
1280 1991 1377 2045 per
1401 1973 1744 2043 adoptionem
1778 1974 1975 2029 factam
2012 1975 2142 2045 (6η),
2172 1975 2321 2030 nulla

730 2069 871 2123 ratio
896 2068 1197 2139 probabilis
1230 2068 1554 2122 introducit.
1595 2065 1714 2122 Jam
1784 2068 1828 2125 si
1888 2084 2009 2137 quae
2055 2070 2319 2124 rationem

724 2160 1063 2228 probabilem
1101 2161 1327 2223 habent,
1362 2174 1424 2215 ea
1455 2158 1540 2214 lex
1570 2159 1734 2214 etiam
1760 2160 2039 2216 admittit:
2071 2176 2193 2231 qua:
2222 2169 2319 2215 ta-

726 2252 796 2304 lia
833 2268 944 2307 non
972 2263 1119 2318 sunt,
1157 2252 1358 2321 rcjicit.

800 2342 1038 2398 Rursum
1064 2357 1161 2412 per
1182 2340 1637 2406 subdivisionem,
1677 2339 1912 2398 aflinitas
1952 2343 2036 2398 vel
2072 2358 2140 2399 ex
2176 2342 2318 2400 duo-

724 2438 827 2492 bus
858 2434 1158 2507 generibus
1197 2433 1477 2498 consistit,
1512 2433 1591 2487 uti
1631 2446 1756 2486 cum
1791 2443 2024 2503 patruus
2044 2444 2098 2489 et
2126 2434 2313 2491 fratris

724 2526 892 2589 ﬁlius,
926 2539 1050 2578 cum
1106 2522 1273 2577 amita
1320 2522 1551 2594 ejusque
1611 2522 1801 2579 fratris
1854 2525 2136 2581 sororich
2204 2525 2315 2582 ﬁlia

728 2617 967 2687 copulati
1009 2624 1138 2672 sunt
1170 2631 1185 2682 ;
1215 2617 1298 2671 vel
1331 2615 1652 2671 consobrini
1710 2617 1841 2682 duo,
1913 2632 2036 2672 cum
2096 2618 2315 2676 duabus

725 2709 1074 2766 consobrinis
1104 2726 1119 2776 ;
1152 2724 1274 2779 qua:
1306 2709 1526 2779 proprie
1555 2708 1760 2763 dicitur
1794 2709 2027 2766 aflinitas
2054 2728 2067 2764 :
2098 2712 2181 2766 vel
2209 2713 2314 2766 alia

734 2816 955 2872 quoque
976 2815 1209 2870 persona
1234 2801 1449 2855 duobus
1476 2798 1632 2855 hisce
1659 2800 1955 2871 generibus
1992 2801 2312 2865 intervenit,

725 2904 780 2948 et
803 2899 1032 2947 vocatur
1060 2892 1173 2946 haec
1206 2892 1371 2946 trium
1403 2904 1667 2961 generum
1698 2906 1797 2960 per
1844 2889 2162 2947 afﬁnitatem
2221 2908 2315 2948 co-

724 2983 953 3054 pulatio.
988 2981 1052 3037 Et
1083 2990 1214 3038 sunt
1246 2982 1359 3035 haec
1387 2981 1583 3050 partim
1640 2980 1939 3051 prohibita,
1966 2981 2164 3053 partim
2202 2997 2312 3037 non

726 3076 1029 3149 prohibita,
1064 3076 1206 3131 sicut
1240 3075 1297 3128 in
1333 3072 1693 3143 sequentibus
1722 3072 2066 3128 ostendetur.

800 3170 1037 3240 Adoptio
1052 3167 1136 3223 vel
1166 3167 1225 3221 ﬁt
1263 3182 1354 3235 per
1377 3167 1777 3236 cooptationem
1804 3166 1857 3220 in
1889 3165 2081 3233 ﬁlium,
2105 3181 2316 3223 succes-
2340 3184 2388 3247 ρ

727 3262 900 3318 sionis
927 3274 1093 3316 causa
1122 3275 1135 3323 ;
1176 3261 1259 3313 vel
1288 3274 1384 3327 per
1424 3258 1830 3326 susceptionem
1862 3272 1927 3311 ex
1991 3258 2317 3328 baptismate

726 3369 917 3417 sacro,
983 3349 1424 3407 conﬁrmationis
1471 3358 1524 3403 et
1582 3348 1870 3410 doctrinae,
1926 3357 2091 3418 atque
2147 3350 2312 3404 etiam

725 3444 1030 3503 testimonii
1063 3456 1254 3498 causa.
1287 3438 1396 3496 Sed
1439 3438 1658 3509 adoptio
1689 3453 1749 3494 se
1778 3439 2008 3509 porrigit
2038 3439 2104 3494 ad
2145 3438 2317 3494 haere-

726 3539 951 3595 ditatem
975 3533 1303 3592 adeundam.
1333 3532 1488 3587 Hunc
1510 3532 1653 3587 enim
1677 3534 1743 3585 ad
1771 3530 1929 3584 ﬁnem
1958 3529 2100 3585 facta
2114 3538 2219 3587 est.
2238 3530 2317 3586 Ex

726 3631 1057 3702 baptismate
1110 3625 1409 3695 susceptio,
1446 3624 1716 3679 duntaxat
1778 3622 1835 3676 in
1879 3620 2142 3693 gradibus
2196 3635 2315 3677 ma-

724 3724 1117 3781 trimoniorum
1146 3725 1446 3790 spectatur.
1478 3715 1543 3770 Et
1578 3715 1691 3769 haec
1731 3713 1952 3784 quidem
2009 3713 2317 3785 generalior

725 3816 1071 3889 cognationis
1095 3822 1179 3869 est
1215 3811 1433 3867 divisio.
1472 3807 1738 3879 Deinceps
1770 3807 1936 3862 etiam
1974 3807 2043 3862 de
2071 3808 2314 3881 particu-

725 3911 933 3966 laribus
974 3907 1243 3963 dicemus.

1041 3998 1113 4053 De
1140 3994 1527 4051 necessitudine
1549 4010 1641 4063 per
1664 3994 1995 4063 sanguinem.

794 4092 1088 4149 Gentilitas
1118 4093 1237 4147 sive
1264 4087 1716 4160 consanguinitas
1745 4085 2012 4141 dividitur
2036 4084 2091 4139 in
2123 4100 2315 4141 ascen-

725 4187 921 4243 dentes
948 4193 1004 4241 et
1033 4181 1454 4245 descendentes,
1489 4187 1543 4234 et
1568 4194 1686 4245 eos,
1720 4177 1814 4247 qui
1871 4185 1998 4232 sunt
2034 4192 2099 4233 ex
2128 4185 2310 4231 trans-

726 4293 909 4333 verso.
934 4274 1311 4331 Ascendentcs
1340 4279 1490 4334 sunt,
1518 4270 1611 4339 qui
1650 4284 1749 4323 nos
1804 4277 2131 4337 genuerunt,
2166 4267 2311 4322 verbi

725 4369 920 4439 gratia,
948 4373 1100 4438 pater
1129 4373 1183 4419 et
1211 4373 1400 4428 mater,
1443 4377 1579 4417 avus
1602 4368 1655 4415 et
1695 4360 1837 4425 avia,
1864 4368 1917 4414 et
1947 4360 2039 4430 qui
2072 4369 2200 4415 sunt
2230 4358 2316 4413 bis

726 4460 1060 4532 superiores.
1091 4455 1523 4519 Descendentes,
1552 4454 1647 4518 qui
1686 4467 1751 4508 ex
1787 4451 1945 4505 nobis
1992 4462 2121 4506 sunt
2175 4466 2312 4520 pro-

723 4518 917 4615 creati,
952 4548 1103 4604 verbi
1156 4547 1351 4618 gratia,
1386 4547 1550 4610 filius,
1578 4545 1704 4607 tilia,
1734 4558 1921 4614 nepos,
1953 4544 2151 4612 neptis.
2177 4518 2315 4613 Vpro-
2340 4518 2392 4578 Β

726 4656 919 4713 nepos,
966 4641 1270 4711 proneptis,
1332 4649 1385 4693 et
1448 4640 1541 4709 qui
1582 4638 1684 4693 hos
1737 4638 1929 4691 ordine
1980 4644 2309 4706 sequuntur.

726 4735 804 4791 Ex
834 4743 1154 4789 transverso
1177 4738 1323 4793 sunt,
1352 4731 1446 4801 qui
1469 4746 1643 4802 neque
1666 4745 1765 4786 nos
1785 4740 2109 4799 genuerunt,
2135 4744 2313 4799 neque

728 4825 1002 4895 procreati
1037 4833 1165 4880 sunt
1193 4839 1259 4879 ex
1295 4823 1453 4879 nobis
1493 4840 1506 4876 :
1544 4822 1640 4876 sed
1668 4822 1735 4875 ad
1763 4821 2011 4876 eamdem
2041 4822 2309 4892 originem

727 4934 790 4973 ac
816 4917 1129 4989 progeniem
1162 4915 1448 4971 nobiscum
1496 4913 1835 4977 referuntur,
1904 4913 2054 4967 verbi
2112 4913 2309 4984 gratia,

728 5012 918 5077 frater,
948 5024 1127 5075 soror,
1162 5015 1412 5079 patruus,
1448 5005 1636 5070 amita,
1680 5005 1868 5060 fratris
1914 5004 2056 5059 ﬁlius
2092 5014 2145 5059 et
2177 5004 2307 5068 ﬁlia,

725 5104 1111 5169 consobrinus,
1143 5101 1499 5166 consobrina,
1526 5108 1578 5153 et
1599 5100 1689 5168 qui
1726 5099 1826 5154 bos
1850 5098 2041 5153 ordine
2069 5113 2307 5171 sequun-

726 5204 836 5260 tur,
871 5195 1128 5249 nimirum
1155 5208 1219 5248 ex
1250 5191 1475 5261 obliquo
1510 5187 1750 5259 cognati.

868 5285 943 5343 De
970 5284 1370 5340 ascendentibus
1413 5291 1462 5337 et
1516 5278 1944 5337 descendentibus
2007 5279 2139 5350 (68).

798 5379 1086 5433 Enimvero
1134 5375 1494 5432 ascendentes
1547 5390 1577 5427 a
1638 5373 2122 5436 descendentibus,
2186 5373 2311 5427 licet

2037 398 2173 459 JUS
2212 399 2657 461 CANONICUM

3863 397 4012 460 1223

2771 508 3067 576 Διαίρεσις
3100 506 3213 574 τῆς
3262 507 3622 576 συγγενείας

2506 600 2761 653 Γεννικὸν
2792 600 2846 651 δὲ
2882 600 3052 670 ὄνομα
3078 598 3215 653 οὖσα
3242 602 3275 669 ἠ
3311 602 3621 668 συγγένεια,
3648 603 3727 664 εἰς
3749 600 3845 654 δύο
3876 606 4023 656 κατά

2430 687 2655 760 πρώτην
2698 687 2965 759 διαίρεσιν
3016 689 3296 759 τέμνεται,
3329 690 3410 752 είς
3441 706 3499 742 τε
3543 691 3607 743 τὸ
3636 691 3798 760 φύσει
3831 693 3929 746 καὶ
3960 697 4025 748 τὸ

2428 779 2596 834 θέσει.
2635 780 2746 833 Καὶ
2780 779 2942 848 φύσει
2989 780 3091 850 μὲν
3129 781 3402 852 συγγενής
3433 783 3552 835 ἐστι
3582 786 3788 854 πατὴρ,
3830 785 4021 855 τυχὸν,

2426 872 2562 934 υίὸς,
2599 870 2807 941 μήτηρ,
2831 870 3100 943 Θυγάτηρ,
3131 871 3387 941 ἀδελφὸς,
3423 872 3663 941 ἀνεψιὸς,
3712 875 4021 944 ὲξανεῴιδς,

2424 965 2453 1017 ό
2489 965 2554 1015 ὲκ
2593 963 2689 1017 τοῦ
2725 962 2950 1033 ἀνεψιοῦ
2978 964 3287 1036 γεννηθεὶς,
3314 966 3410 1020 καὶ
3435 966 3533 1019 ὅσα
3558 966 3804 1022 τοιαῦτα.
3860 969 4023 1022 Θέσει

2423 1055 2501 1119 δὲ,
2538 1056 2820 1127 πενθερὸς,
2866 1055 3137 1127 γαμϐρὸς,
3181 1058 3636 1128 γυναικάδελφος,
3684 1059 3841 1123 θετὸς
3885 1062 4020 1123 υἱός.

2424 1146 2498 1199 Τὸ
2530 1145 2692 1215 φύσει
2724 1148 2782 1200 δὲ
2832 1148 3000 1201 πάλιν
3034 1147 3433 1219 ὑποδιαιρεὴαι
3466 1152 3546 1212 είς
3584 1150 3695 1204 δύο.
3735 1153 3829 1215 Εἷς
3864 1169 3926 1205 τε
3962 1155 4022 1205 re

2426 1239 2568 1305 μετά
2599 1238 2780 1309 γάμου
2827 1239 3085 1311 νομίμου,
3124 1241 3221 1294 καὶ
3260 1241 3324 1294 τὸ
3354 1241 3419 1294 ὲκ
3467 1242 3723 1311 πορνείας
3760 1244 4008 1311 γεγονός.

2423 1331 2496 1384 To
2523 1332 2579 1384 δὲ
2615 1331 2763 1386 θέσει
2794 1332 3195 1403 ὑποδιαιρεϊται
3217 1337 3312 1386 καὶ
3335 1333 3470 1387 αὐτὸ
3502 1335 3582 1397 είς
3604 1352 3661 1387 τε
3691 1336 4017 1405 ἀγχιστείαν

2421 1422 2713 1477 καὶθέσιν.
2747 1423 2859 1477 Καὶ
2906 1422 3057 1477 ἔστιν
3096 1424 3389 1494 ἀγχιστεία
3441 1426 3560 1493 μὲν,
3603 1426 3635 1495 ἡ
3673 1426 3731 1490 ἐξ
3768 1429 4013 1496 ἐπιγαμ-

2423 1513 2585 1584 6ρίας
2614 1515 2941 1582 συγγένειαο
2980 1516 3133 1578 θέσις
3164 1517 3244 1580 δὲ,
3280 1518 3314 1588 ἡ
3355 1518 3527 1588 χωρὶς
3575 1520 3847 1589 σαρκικῆς
3886 1538 4015 1572 συν-

2420 1603 2616 1673 αφείας
2647 1606 2912 1663 υἱοθεσία.
2953 1607 3016 1661 Ἦ
3054 1608 3239 1679 μέντοι
3268 1609 3641 1677 ἀδελφοποιία,
3669 1610 3731 1663 οὗ
3771 1611 4008 1680 νόμιμόν

2422 1699 2591 1751 ἔστιν.
2633 1699 2898 1763 Ἀπαιδες
2942 1701 3042 1769 μὲν
3106 1700 3217 1772 γὰρ
3268 1702 3448 1767 δντες,
3492 1701 3869 1772 mammae:
3914 1704 4014 1770 τὴν

2430 1787 2723 1853 υἱοθεσίαν,
2781 1794 2861 1853 εἰς
2905 1791 3157 1863 διαδοχὴν
3205 1794 3315 1846 τῶν
3380 1795 3747 1864 πραγμάτιον.
3799 1795 3915 1866 Τὴν
3962 1796 4015 1849 ἃ

2429 1878 2819 1948 ἀδελφοποιῖαν
2844 1882 3071 1952 οὐδεμία
3112 1883 3325 1951 είσάγει
3359 1882 3580 1949 εὔλογος
3605 1886 3903 1953 πρόφασις.
3939 1886 4018 1937 Ti

2428 1968 2531 2040 μὲν
2558 1966 2655 2024 οὖν
2680 1972 2741 2024 τὸ
2774 1970 2998 2040 εὔλογον
3023 1972 3235 2043 ἔχοντα,
3268 1974 3362 2027 καὶ
3388 1976 3416 2027 δ
3446 1975 3613 2045 νόμος
3653 1975 3896 2038 ἐδέξατο.
3937 1976 4017 2029 Ti

2422 2061 2479 2115 δὲ
2505 2061 2580 2133 μὴ
2611 2062 2834 2117 τοιαῦτα
2862 2064 2924 2117 οὐ
2956 2064 3313 2133 παρεδέξατο.

2492 2338 2665 2395 Πάλιν
2714 2339 2839 2393 καθ’
2885 2340 3263 2412 ὑποδιαίρεσιν
3307 2340 3378 2394 τά
3410 2340 3468 2409 ἐξ
3502 2343 3824 2413 ἀγχιστείας
3869 2344 3903 2414 ἦ
3950 2347 4015 2398 ἐκ

2417 2433 2512 2489 δύο
2551 2432 2730 2502 γενῶν
2781 2434 3102 2490 συνίσταται
3129 2451 3144 2466 ο
3186 2434 3261 2500 ὡς
3293 2435 3435 2499 θεῖος
3485 2437 3578 2489 καὶ
3618 2437 3840 2506 ἀνεψιὸς
3885 2455 4016 2491 σνν-

2418 2525 2687 2594 αςρθὲντες
2735 2524 2858 2595 θεία
2918 2526 3012 2578 καὶ
3066 2525 3302 2595 ἀνεψιᾷο
3343 2526 3378 2596 ἦ
3426 2526 3521 2579 δύο
3556 2528 4005 2598 πρωτεξάὀελςοι

2418 2616 2540 2671 δυσὶ
2578 2615 3080 2687 πρωτεξαδέλφαις.
3130 2618 3236 2669 Καὶ
3275 2616 3522 2671 καλεῖται
3583 2619 3900 2687 ἀγχιστεεα.
3942 2621 4012 2671 Ἦ

2421 2708 2842 2779 παραϐέϐληται
2867 2711 2959 2763 καὶ
2986 2708 3176 2779 ἕτερον
3209 2709 3502 2780 πρόσωπον
3534 2711 3740 2781 μεταξὺ
3772 2710 3885 2762 τῶν
3924 2711 4019 2764 δίο

2416 2800 2625 2854 τούτων
2653 2799 2849 2868 γενῶν,
2876 2800 2970 2853 καὶ
2998 2801 3244 2854 καλεῖται
3279 2801 3337 2868 ἐξ
3362 2802 3681 2873 ἀγχιστείας
3708 2804 4013 2873 τριγένεια.

2418 2891 2542 2946 Εἰσὶ
2576 2891 2632 2944 δὲ
2670 2890 2848 2945 ταῦτα
2879 2893 2974 2943 καὶ
3009 2892 3227 2945 κωλυτά
3258 2893 3354 2946 καὶ
3382 2893 3663 2958 ἀκώλυτα,
3689 2894 3767 2958 ὡς
3798 2896 3858 2948 ἐν
3892 2896 4005 2958 τοῖς

2417 2983 2707 3054 ἑπομένοις
2733 2983 3108 3055 δειχθήσεται.

2501 3166 2569 3219 Ἦ
2610 3166 2666 3219 δὲ
2714 3166 2860 3228 θέσις
2917 3167 2950 3237 ἢ
3006 3167 3147 3220 κατά
3202 3166 3479 3221 υἱοθεσίαν
3514 3168 3729 3237 γίνεται
3758 3170 4014 3242 διαδοχῆς

2421 3260 2604 3332 χάριν,
2647 3260 2679 3331 ἢ
2731 3262 2874 3314 κατὰ
2918 3261 3185 3333 ἀναδοχὴν
3219 3261 3318 3333 τὴν
3352 3264 3461 3316 ἀπὸ
3501 3262 3594 3317 τοῦ
3625 3266 3785 3334 ἀγίου
3814 3266 4014 3336 βαπτί-

2424 3367 2652 3422 σματος.
2705 3352 3014 3422 στηριγμοῦ
3060 3353 3155 3404 καὶ
3199 3352 3581 3420 διδασκαλίας,
3645 3356 3727 3409 ἔτι
3804 3359 3861 3410 δὲ
3913 3362 4012 3412 καὶ

2425 3442 2737 3513 μαρτυρίας
2773 3442 2959 3497 ἕνεκα.
3019 3443 3160 3497 Ἀλλ’
3211 3445 3343 3516 ἡμῖν
3364 3447 3411 3479 ’⁸
3466 3448 3722 3507 υἱοθεσία,
3784 3453 3883 3503 καὶ
3933 3449 4017 3515 εις

2420 3533 2791 3606 κληρονομίαν
2835 3536 3163 3606 εἰσέρχεται.
3196 3537 3297 3591 Διά
3339 3539 3498 3593 τοῦτο
3542 3543 3638 3594 καὶ
3674 3542 3784 3611 γὰρ
3816 3544 4012 3611 ἐγεγό-

2418 3641 2520 3679 νει.
2568 3624 2631 3679 Ἦ
2656 3625 2713 3678 δι
2742 3625 2849 3678 ἀπὸ
2874 3625 2969 3679 τοῦ
2997 3627 3158 3695 ἁγίου
3201 3627 3603 3700 βαπτίσματος,
3630 3633 3709 3695 είς
3740 3635 3870 3698 τοὺς
3906 3652 4010 3701 γα-

2423 3721 2615 3791 μικοῦς
2661 3720 2858 3789 μόνους
2899 3721 3145 3793 ζητεῖται
3193 3723 3459 3795 βαθμούς.
3511 3728 3619 3780 Καὶ
3670 3729 3810 3799 αὕτη
3847 3730 4013 3802 μὲνὴ

2419 3810 2830 3883 καθολικωτέρα
2856 3814 2954 3883 τῆς
2996 3815 3322 3882 συγγενείας
3355 3817 3644 3887 διαίρεσις.
3688 3820 3922 3891 Ἕφεξῆς
3954 3823 4015 3877 δὲ

2419 3904 2512 3955 καὶ
2546 3904 2677 3977 περὶ
2703 3904 2815 3958 τῶν
2841 3906 2980 3958 κατά
3010 3906 3177 3975 μέρος
3208 3908 3465 3979 ἐροῦμεν.

2668 3995 2808 4063 Περὶ
2841 3994 2950 4063 τῆς
2979 3996 3048 4059 ἐξ
3068 3997 3318 4066 αἵματος
3349 4002 3731 4069 συγγενείας.

2489 4086 2791 4155 Διαιρεῖται
2836 4086 3019 4138 τοίνυν
3056 4087 3117 4139 τὸ
3167 4089 3427 4157 ὁμογενὲς
3459 4092 3555 4143 καὶ
3586 4091 3643 4155 ἐξ
3668 4093 3899 4161 αἵματος
3935 4094 4015 4158 εἷς

2419 4194 2476 4228 τε
2525 4177 2799 4240 ἀνιόντας,
2853 4178 2945 4230 καὶ
2988 4179 3299 4242 κατιόντας.
3357 4180 3452 4233 καὶ
3491 4183 3617 4243 τοὺς
3660 4184 3726 4235 ἐκ
3756 4185 4015 4253 πλαγίου.

2420 4269 2529 4321 Καὶ
2570 4268 2817 4332 ἀνιόντες
2856 4268 2958 4338 μὲν
2994 4270 3133 4322 εἰσὶν
3172 4271 3221 4323 οἱ
3259 4273 3407 4341 ἡμᾶς
3434 4274 3853 4345 γεγεννηκότες.
3887 4274 4015 4331 υἷον

2420 4360 2605 4430 πατὴρ
2632 4361 2727 4413 καὶ
2758 4363 2960 4434 μήτηρ.
2982 4362 3203 4425 πάππος
3232 4365 3327 4416 καὶ
3356 4365 3578 4434 piem.
3609 4368 3703 4419 καὶ
3733 4370 3781 4420 οι
3806 4370 4013 4423 τούτων

2420 4450 3034 4521 ἀνωτέρω..Κατιόντες
3076 4453 3155 4515 δὲ,
3207 4455 3257 4507 οἱ
3302 4455 3359 4522 ἐξ
3408 4456 3566 4525 ἡμῶν
3619 4461 4009 4528 γεννηθέντες,

2418 4536 2531 4595 οἷον
2585 4543 2722 4605 υίὸς,
2775 4542 3058 4614 θυγάτηρ,
3102 4545 3352 4612 ἔγγονος,
3395 4547 3595 4618 ἐγγόνη
3621 4587 3635 4609 ,
3672 4548 4013 4617 δισέγγονος,

2420 4635 2730 4705 δισεγγόνη,
2766 4636 2859 4688 καὶ
2895 4637 2944 4689 οἱ
2981 4636 3187 4689 τούτων
3230 4636 3450 4705 ἐφεξῆς.
3505 4638 3601 4691 Ἐκ
3634 4639 3869 4706 πλαγίου
3933 4642 4011 4706 δὲ,

2419 4729 2469 4781 ot
2506 4728 2641 4798 μήτε
2684 4727 2827 4796 ἡμᾶς
2864 4726 3279 4795 γεγεννηκότες,
3320 4727 3459 4797 μήτε
3494 4727 3554 4793 ἐξ
3588 4728 3747 4798 ἡμῶν
3808 4747 4007 4799 γεινοη-

2420 4818 2625 4883 θέντες,
2646 4817 2752 4870 ὑπὸ
2779 4816 2837 4871 δὲ
2864 4817 2966 4887 τὴν
2997 4815 3169 4887 αὐτὴν
3202 4817 3299 4869 καὶ
3339 4818 3470 4888 μίαν
3500 4818 3676 4889 ἀρχὴν
3710 4822 3803 4871 καὶ
3842 4824 4011 4889 γονὴν

2420 4910 2553 4979 ἡμῖν
2591 4908 2944 4978 ἀναγόμενοι,
2967 4900 3079 4959 οἷον
3122 4906 3373 4976 ἀδελφὸς,
3403 4906 3630 4977 ἀδελφὴ,
3664 4908 3831 4973 θεῖος,
3865 4911 4011 4977 θεία,

2419 5001 2662 5070 ἀνεψιὸς,
2686 4999 2907 5069 ἀνεψιὰ,
2934 4999 3247 5068 ἐξάδελφος,
3276 5000 3565 5070 ἑξαδῦφη,
3596 5002 3687 5054 καὶ
3721 5004 3771 5054 οἱ
3802 5003 4009 5055 τούτων

2416 5094 2694 5155 ἐπέκεινα,
2733 5093 2781 5145 οί
2810 5092 2919 5145 ἀπὸ
2943 5092 3225 5161 λοξότητος
3252 5091 3456 5163 δηλαδὴ
3485 5096 3789 5159 συγγενεῖς.

2704 5272 2845 5340 Περὶ
2868 5272 3161 5326 ἀνιόντων
3192 5271 3289 5323 καὶ
3324 5273 3667 5325 κατιόντων.

2503 5366 2642 5420 Ἀλλ’
2685 5368 2732 5420 οξ
2772 5366 2871 5435 μὲν
2904 5366 3145 5427 ἀνιόντες
3197 5366 3330 5434 πρὸς

3382 5366 3505 5426 τοὶς
3554 5368 3838 5419 uorti-2:1;
3853 5408 3870 5429 ,
3906 5370 4009 5421 κὲν

2021 5488 2258 5546 VARI/li
2300 5486 2703 5545 LECTIONES.

798 5589 843 5620 ⁹⁹
884 5591 915 5658 ἡ
963 5589 1082 5657 μέν.

2249 5675 2478 5732 NOTAE.

802 5777 911 5840 (67)
946 5775 1017 5826 De
1068 5774 1410 5843 fraternitate
1440 5788 1533 5841 per
1567 5771 1917 5843 adoptionem
1973 5769 2138 5835 facta,
2169 5770 2292 5827 vide
2320 5768 2538 5824 Basilic.
2582 5769 2679 5824 lib.
2718 5785 2880 5834 xxxv,
2908 5770 2992 5822 tit.
3030 5768 3111 5821 I3.
3146 5778 3199 5821 et
3235 5769 3268 5821 l.
3306 5768 3357 5823 7.
3394 5768 3454 5822 C.
3504 5766 3575 5821 De
3614 5769 4009 5823 δια-θάλειαι.

802 5848 911 5915 (68)
942 5846 977 5899 l.
1002 5843 1091 5900 ‘25.
1133 5844 1190 5897 υ.
1233 5842 1308 5897 De
1330 5844 1419 5896 rit.
1452 5854 1602 5910 nnpt.
