4198 6444
205 432 348 495 1⁸229

1490 428 1533 483 G
1547 425 1757 486 RECO
1794 426 1947 485 110M
1962 426 2053 483 ΑΝ
2068 426 2197 486 UM.

3315 416 3453 481 1230

210 550 290 620 μὴ
325 547 383 612 ἐξ
412 544 653 615 ὲννὸμων
683 538 787 597 ὦσι
818 545 1033 615 γάμων,
1084 543 1172 596 ἐπ’
1206 544 1433 610 ἀπειρον
1462 540 1778 594 κωλύονται.

1895 555 1949 593 ex
1982 538 2239 607 legitimis
2275 551 2381 588 non
2420 536 2531 589 nati
2562 536 2673 590 sint
2699 532 2927 602 nuptiis.
2964 531 3016 586 in
3049 528 3321 586 inﬁnitum
3374 542 3461 583 ar-

203 641 282 691 οὐ
314 638 425 706 γὰρ
450 630 560 689 οἷον
588 652 644 688 τε
682 638 773 688 τδν
812 637 1040 690 πάππον
1066 636 1131 705 τῇ
1181 633 1347 686 αὐτοῦ
1378 632 1576 700 ὲγγόνῃ
1617 648 1787 699 γαμι-

200 728 317 791 κῶς
350 725 711 795 συναφθῆναι.
750 727 1009 796 Ἄπειρον
1040 726 1096 779 δέ
1124 741 1328 793 φαμεν,
1371 725 1515 776 κατὰ
1542 722 1604 775 τὸ
1628 721 1788 774 δυνα-

200 819 317 883 τὸν,
352 819 415 871 ού
446 818 507 870 τὸ
538 817 698 886 φύσει
726 818 983 887 ἄπειρον.
1012 818 1087 870 Ού
1113 817 1223 887 γὰρ
1252 815 1500 869 ἀθάνατα
1530 813 1601 867 τὰ
1629 814 1783 883 γίνη.

509 994 646 1061 Περὶ
671 993 778 1048 τοῦ
802 994 870 1058 ἐξ
892 994 1137 1062 αἵματος
1156 992 1397 1061 ,ϐαθμοῦ
1421 991 1466 1053 ζ’
1489 1032 1503 1045 .

276 1085 391 1154 Τὴν
418 1084 537 1137 se"
584 1087 648 1136 ἑκ
699 1084 933 1150 πλαγίου
976 1086 1004 1137 ὁ
1051 1084 1235 1152 ὄγδοος
1280 1084 1466 1153 ἐφίησι
1491 1084 1583 1136 τὸν
1610 1083 1789 1152 γάμον

203 1172 441 1242 βαθμδς,
466 1171 560 1226 τοῦ
606 1172 837 1243 ἑϐδόμου
874 1172 1063 1225 τοῦτον
1113 1174 1461 1227 παντάπασιν
1489 1174 1787 1243 εἴργοντος.

203 1265 284 1315 Οὐ
317 1263 425 1333 γὰρ
454 1262 677 1316 δύναταί
720 1281 803 1326 τις
832 1265 931 1333 τὴν
975 1264 1070 1317 τοῦ
1107 1262 1484 1332 δισεξαδέλφου
1517 1263 1789 1333 θυγατέρα

201 1355 399 1408 λαϐεῖν
424 1370 438 1386 ο
479 1354 615 1409 ἀλλὰ
652 1356 919 1425 πρότερον
970 1357 1068 1425 μὲν
1101 1356 1162 1409 τὸ
1187 1355 1282 1409 τοῦ
1312 1354 1542 1424 ἑϐδόμου
1577 1354 1787 1424 βαθμοῦ

203 1445 266 1509 ἐξ
302 1446 532 1512 αἵματος
571 1444 874 1514 ὲρωτὼμην
908 1446 1005 1514 μὲν
1040 1447 1088 1479 ⁸⁸
1107 1443 1396 1509 ἐκωλύετο,
1433 1444 1788 1513 ὁπωσδήποτε

199 1534 260 1587 δὲ
285 1533 577 1604 προϐαῖνον
596 1534 696 1586 οὐκ
721 1535 990 1588 ἐκωλύετο
1024 1534 1145 1603 μὲν,
1172 1536 1473 1605 ὲπετιμᾶτο
1504 1535 1580 1597 δὲ,
1612 1534 1703 1586 διά
1729 1537 1790 1588 τὸ

205 1624 551 1691 σιωπηθῆναι
599 1624 677 1693 τῷ
717 1624 865 1693 νόμῳ
891 1664 905 1687 ,
946 1628 1107 1695 μέχρι
1141 1624 1236 1678 τοῦ
1289 1625 1448 1677 ἕκτου
1520 1624 1789 1678 κωλύοντι

207 1716 394 1783 μένον,
455 1714 594 1781 Φησὶ
648 1714 788 1785 γάρ·
843 1716 998 1785 «Τὴν
1047 1715 1141 1767 τοῦ
1193 1715 1426 1783 ἀδελφοῦ
1481 1732 1583 1785 μου
1625 1716 1791 1785 ἢτῆς

202 1804 441 1872 ἀδελφῆς
469 1819 569 1872 μου
595 1802 868 1875 θυγατέρα
894 1804 1192 1874 λαμϐάνειν
1221 1805 1299 1865 εἰς
1317 1804 1494 1872 γάμον
1519 1805 1579 1857 ού
1605 1804 1786 1872 θέμις,

204 1897 332 1949 οὐδὲ
369 1895 468 1964 τὴν
516 1894 724 1948 τούτων
759 1896 990 1965 ὲγγόνην
1027 1901 1290 1964 τετάρτου
1340 1894 1505 1949 οὖσαν
1552 1895 1784 1964 βαθμοῦ.
1821 1876 1861 1930 Β

205 1987 345 2040 Οὐδὲ
381 1986 479 2057 τὴν
512 1986 787 2057 θυγατέρα
811 1986 905 2040 τοῦ
934 1987 1098 2051 θείου,
1127 1988 1294 2058 ἧγουν
1323 1988 1642 2059 ἒξαδέλφην,
1664 1987 1787 2041 οὐδὲ

202 2082 232 2132 ὁ
263 2079 381 2140 υἱός
410 2096 510 2147 μου
544 2078 641 2148 τὴν
671 2078 904 2147 ἐγγόνην
933 2078 1133 2141 αὐτῶν,
1153 2078 1350 2140 οἵτινες
1390 2078 1639 2147 λέγονται
1671 2079 1788 2131 δισ-

206 2169 515 2237 ιξάδελφοι.
544 2188 564 2221 ι
617 2170 768 2223 Ἐπεὶ
830 2168 885 2222 δέ
925 2187 1069 2233 τινες
1118 2169 1197 2240 τῷ
1248 2169 1403 2240 βάρει
1457 2187 1566 2225 των
1616 2171 1792 2223 ἐπιτι-

210 2269 356 2337 μίων
394 2266 580 2337 κρύφα
620 2266 746 2329 τοὺς
788 2265 1063 2327 τοιούτους
1102 2266 1395 2319 ἐπετέλουν
1438 2264 1671 2335 γάμους,
1700 2266 1792 2319 ἀν-

212 2355 423 2428 ηνέχθη
445 2357 514 2409 τὰ
543 2358 672 2427 περὶ
697 2355 888 2409 τούτου
924 2359 991 2426 τῇ
1041 2355 1262 2425 συνόδῳ,
1298 2356 1484 2409 Δουκᾶ
1516 2355 1610 2408 τοῦ
1644 2356 1789 2409 θείου

212 2447 309 2500 τὸν
354 2446 755 2516 πατριαρχικδν
800 2444 1069 2508 ίθύνοντος
1098 2445 1310 2517 θρόνον,
1343 2446 1438 2499 καὶ
1481 2446 1541 2510 ἐξ
1571 2445 1784 2499 ἐκείνου

210 2537 386 2607 ὥρισε
435 2538 531 2591 καὶ
579 2536 805 2607 ἔστησεν
843 2540 876 2607 ἡ
932 2537 1066 2602 ἁγία
1115 2536 1353 2600 σύνοδος,
1404 2535 1650 2605 μηδόλως
1698 2535 1792 2589 τὸν

208 2627 456 2680 τοιοῦτον
489 2627 809 2696 προϐαίνειν
837 2626 869 2697 ἢ
906 2625 1157 2679 ἵστασθαι
1188 2625 1389 2695 γάμον,
1416 2624 1532 2678 ἀλλ’
1574 2624 1791 2695 ἐρωτῶ-

219 2733 385 2786 μενον
422 2716 524 2785 μὲν
574 2716 903 2779 κωλύεσθαι,
951 2714 1312 2783 προϐαίνοντα
1345 2714 1402 2767 δὲ
1438 2712 1793 2778 διασπᾶσθαι,

212 2810 311 2863 καὶ.
345 2808 472 2870 τοὺς
506 2808 821 2877 πράξαντας
850 2806 1242 2878 ἀφορίσασθαι,
1266 2807 1361 2859 καὶ
1389 2804 1481 2857 τὸν
1506 2804 1787 2874 ἱερολογή-

214 2915 389 2953 σαντα
434 2898 606 2968 ἱερέα,
659 2898 787 2967 εἰμὴ
834 2898 1029 2969 ἀγνοίᾳ
1091 2897 1344 2967 ὲκλάπη,
1393 2894 1791 2965 καθαιρεῖσθαι.

228 2991 583 3061 Ἐπεκύρωσε
646 2990 701 3043 δὲ
744 2992 843 3061 τὴν
904 2990 1187 3061 συνοδικὴν
1231 2988 1440 3060 ταύτην
1472 2986 1671 3053 πρᾶξιν
1698 2987 1796 3041 καὶ

214 3083 501 3151 θέσπισμα
537 3080 631 3134 τοῦ
676 3084 733 3134 ὲν
778 3080 1091 3151 βασιλεῦσιν
1126 3080 1372 3149 ἀοιδίμου
1419 3077 1676 3148 Μανουὴλ
1699 3076 1795 3131 τοῦ

215 3172 757 3242 πορφυρογεννήτου.
814 3172 1003 3244 Ταύτῃ
1043 3189 1125 3224 τοι
1164 3172 1260 3224 καὶ
1309 3170 1410 3224 ούκ
1450 3169 1660 3238 ἐφεῖταί
1689 3186 1795 3223 τινι

213 3265 318 3332 τὴν
344 3263 437 3314 τοῦ
469 3262 848 3329 δισεξαδὲλφου
896 3261 1062 3316 αὑτοῦ
1104 3262 1380 3331 θυγατέρα
1427 3261 1633 3327 λαϐεῖν,
1668 3262 1795 3315 ἀνε-

216 3352 351 3421 ψιὰν
371 3352 563 3405 τούτου
599 3354 999 3422 τυγχάνουσαν.
1028 3352 1104 3407 Τὸ
1129 3354 1239 3421 γὰρ
1261 3352 1425 3419 φύσει
1459 3351 1670 3405 δίκαιον
1696 3350 1793 3405 καὶ

217 3444 496 3511 εὐπρεπὲς
546 3443 641 3496 καλ⁵
687 3442 902 3511 σεμνὸν,
941 3442 1131 3513 ὥσπερ
1172 3443 1295 3495 τινὰ
1325 3442 1539 3512 χαλινὸν
1559 3444 1671 3505 τοῖς
1698 3441 1797 3510 γά-

218 3549 342 3601 μοις
365 3532 636 3599 ἑπέθηκεν
661 3531 727 3585 ³³.

1895 634 2111 682 centur.
2145 625 2264 681 Non
2307 629 2452 683 enim
2487 626 2601 681 ﬁeri
2632 632 2834 692 potest,
2867 631 2928 676 ut
2964 630 3125 691 nepte
3149 635 3246 674 sua
3277 620 3466 674 matri-

1894 717 2065 772 monii
2094 719 2211 791 Iege
2241 719 2548 790 c0pttletur.
2595 714 2873 769 Inﬁnitum
2896 729 3024 769 vero
3052 713 3312 776 dicimus,
3344 710 3464 780 ejus

1893 808 2128 875 ratione,
2163 810 2310 880 quod
2344 810 2460 865 ﬁeri
2492 815 2709 879 potest;
2768 819 2875 859 non
2925 803 3194 857 inﬁnitum
3246 810 3467 857 natura;

1891 898 2104 970 Quippe
2142 917 2341 971 genera
2369 919 2477 956 non
2508 908 2639 956 sunt
2686 895 3040 953 immortalia.

2140 995 2218 1047 De
2249 995 2420 1063 gradu
2450 993 2670 1060 septimo
2717 988 3213 1058 consanguinitatis.

1966 1086 2059 1148 lis,
2114 1087 2205 1156 qui
2255 1095 2385 1141 sunt
2436 1102 2502 1141 ex
2572 1092 2910 1145 transverso,
2976 1080 3181 1151 gradus
3241 1087 3467 1134 octavus

1893 1177 2301 1231 matrimonium
2332 1176 2617 1247 pertnittit,
2657 1190 2781 1229 cum
2817 1175 3082 1243 septimus
3111 1175 3180 1227 ab
3217 1188 3282 1226 eo
3314 1188 3469 1241 pror-

1892 1284 1990 1325 sns
2012 1277 2215 1323 art-eat.
2252 1270 2462 1338 Quippe
2489 1283 2599 1323 non
2632 1276 2812 1337 potest
2835 1266 3032 1335 aliquis
3061 1265 3268 1319 sobrini
3299 1266 3464 1319 tiliam

1893 1376 2118 1417 uxorem
2154 1362 2373 1416 dueere.
2410 1360 2682 1415 Caeterum
2713 1367 2873 1413 antea
2904 1357 3107 1428 gradus
3138 1359 3470 1427 consangui-

1891 1454 2079 1507 nitatis
2101 1450 2393 1520 septimus,
2423 1450 2469 1503 si
2508 1450 2576 1504 de
2612 1464 2679 1504 eo
2704 1448 3115 1509 consuleretur,
3145 1445 3474 1516 prohibeba-

1890 1551 1981 1598 tur
2012 1544 2102 1597 ille
2139 1541 2397 1612 quidem:
2448 1540 2543 1597 sed
2583 1541 2630 1595 si
2678 1554 2787 1610 quo
2820 1538 2986 1593 modo
3019 1552 3106 1592 res
3145 1544 3292 1591 esset
3324 1544 3467 1601 acta,

1893 1647 2000 1685 non
2028 1631 2438 1700 prohibebatur,
2492 1642 2651 1698 pinna
2682 1638 2863 1683 tamen
2902 1626 3270 1696 irrogabatur,
3307 1625 3471 1694 idque

1893 1734 2207 1793 propterea,
2260 1720 2400 1791 quod
2445 1721 2665 1776 silentio
2724 1722 2811 1775 lex
2856 1718 2911 1774 id
2952 1718 3295 1788 praeterierit,
3350 1732 3472 1787 qua:

1892 1814 2164 1869 duntaxat
2196 1814 2264 1868 ad
2294 1822 2508 1868 sertum
2542 1811 2657 1882 (69)
2700 1826 2877 1880 usque
2915 1810 3146 1879 gradum
3196 1809 3471 1878 prohibet.

1891 1904 2052 1975 Legis
2088 1905 2204 1960 haec
2252 1905 2413 1959 verba
2463 1910 2593 1959 sunt
2626 1920 2639 1957 :
2682 1921 2701 1954 ι
2750 1900 2961 1956 Fratris
3000 1901 3129 1965 mei,
3158 1902 3243 1955 vel
3267 1902 3474 1955 sororis

1893 2010 2027 2050 mea:
2058 1995 2245 2056 tiliam,
2284 2008 2510 2049 uxorem
2542 1993 2766 2057 ducere,
2803 1991 2887 2047 fas
2930 2005 3043 2047 non
3079 2000 3199 2056 est;
3236 2004 3339 2045 nec
3374 1989 3476 2042 lm-

1892 2099 2013 2137 rum
2043 2094 2281 2155 neptem,
2303 2099 2426 2155 qua:
2450 2083 2620 2153 gradu
2642 2089 2839 2151 quarto
2866 2088 2969 2137 est.
2997 2078 3106 2135 Nec
3129 2081 3256 2135 item
3291 2078 3474 2149 patrui

1895 2172 2084 2236 ﬁliam,
2141 2188 2263 2242 quae
2314 2172 2645 2228 consobrina
2704 2183 2790 2227 est
2841 2190 2855 2226 :
2906 2186 3081 2239 neque
3128 2170 3272 2223 ﬁlius
3316 2184 3476 2224 mens

1893 2277 2083 2318 eorum
2118 2270 2333 2332 neptem
2366 2263 2539 2328 ducit,
2573 2263 2665 2333 qui
2710 2262 2919 2317 sobrini
2962 2262 3243 2317 dicuntur.
3298 2279 3316 2311 ι
3368 2258 3475 2313 ευ

1894 2353 2021 2422 quia
2063 2353 2314 2407 nonnulli
2367 2362 2587 2423 propter
2630 2353 2956 2424 gravitatem
3006 2364 3292 2421 pinnarum
3332 2349 3475 2403 clam

1896 2443 2213 2512 hujusmodi
2252 2446 2471 2513 nuptias
2503 2444 2922 2506 contrahebant,
2959 2442 3130 2497 relata
3162 2456 3251 2495 res
3283 2450 3370 2495 est
3406 2442 3474 2494 ad

1896 2534 2187 2604 synodum,
2216 2549 2326 2604 quo
2363 2543 2607 2605 tempore
2645 2533 2866 2589 divinus
2911 2532 3002 2587 ille
3037 2532 3213 2587 Lucas
3242 2531 3477 2601 patriar-

1896 2626 2108 2679 chalem
2153 2624 2414 2680 thronum
2445 2628 2688 2694 regebat,
2736 2639 2801 2679 ac
2844 2622 3104 2693 deinceps
3138 2623 3385 2678 deﬁnivit
3420 2630 3476 2678 et

1898 2716 2088 2770 statuit
2127 2728 2318 2772 sancta
2364 2716 2629 2787 synodus,
2670 2729 3012 2785 nequaquam
3064 2714 3337 2784 ejusmodi
3374 2730 3477 2768 ttu-

1896 2806 2037 2876 ptias
2068 2804 2265 2861 debere
2295 2806 2592 2876 procedere
2624 2806 2707 2861 vel
2732 2806 3079 2870 consistere;
3106 2805 3202 2860 sed
3240 2804 3284 2859 si
3316 2804 3385 2859 de
3408 2804 3477 2861 iis

1897 2896 2237 2963 consulatur,
2266 2897 2638 2965 prohibendas
2661 2912 2784 2953 esse
2808 2914 2825 2964 ;
2865 2896 2950 2952 sin
2982 2896 3305 2966 procedant,
3333 2896 3475 2951 diri-

1898 2987 2144 3054 mendas,
2189 2997 2245 3043 et
2274 2994 2645 3060 segregandos
2704 2989 2799 3059 qui
2832 2990 3246 3052 contraxerint;
3282 3004 3348 3043 ac
3386 3004 3479 3043 sa-

1899 3079 2202 3144 cerdotem,
2251 3081 2344 3150 qui
2380 3080 2638 3150 precibus
2667 3080 2844 3136 sacris
2893 3080 3147 3142 initiarit,
3190 3081 3298 3135 nisi
3336 3082 3477 3133 forte

1902 3182 1998 3239 per
2043 3169 2410 3237 ignorantiam
2462 3178 2754 3241 surreptus
2813 3169 2998 3235 fuerit,
3064 3170 3475 3240 deponendum.

1896 3262 2073 3330 Atque
2102 3261 2244 3316 hanc
2271 3277 2386 3317 rem
2418 3273 2594 3316 actam
2625 3262 2678 3315 in
2710 3261 2916 3333 synodo
2938 3261 3282 3317 conﬁrmavit
3310 3262 3475 3317 etiam

1904 3355 2229 3408 constitutio
2259 3354 2392 3410 clari
2434 3356 2578 3409 inter
2614 3356 2975 3425 imperatores
3007 3352 3285 3409 Manuelis
3330 3353 3477 3407 illius

1905 3444 1960 3497 in
1989 3445 2266 3517 porphyra
2309 3445 2448 3500 nati.
2490 3445 2640 3501 lianc
2678 3445 2748 3499 ob
2786 3458 3009 3499 causam
3060 3458 3170 3498 non
3207 3445 3479 3514 permitti-

1904 3534 2147 3606 tur(70),
2190 3537 2269 3589 uti
2306 3537 2431 3606 quis
2461 3537 2671 3590 sobrini
2705 3533 2791 3592 sui
2837 3533 3001 3592 ﬁliam
3045 3533 3210 3588 ducat
3249 3550 3475 3589 uxorem

216 3638 341 3691 quae
371 3624 475 3692 ipsi
505 3624 624 3676 Ioeo
656 3622 895 3676 sobrina:
927 3632 1033 3676 est.
1076 3622 1285 3693 Quippe
1314 3622 1562 3677 naturale
1584 3622 1697 3693 jus,
1736 3629 1791 3678 et
1829 3624 2167 3684 honestatem
2192 3638 2248 3685 et
2276 3628 2563 3699 pudorem,
2589 3627 2748 3697 quasi
2782 3625 2999 3682 frenum
3038 3624 3343 3697 quoddam,
3376 3640 3486 3680 nu—

218 3715 349 3783 ptiis
376 3716 459 3768 lex
486 3714 766 3781 imposuit.

419 3802 561 3871 Περὶ
588 3800 694 3855 τοῦ
723 3800 791 3865 ἐξ
821 3801 1067 3869 αἵματος
1094 3801 1310 3869 ὀγδόου
1332 3802 1593 3871 βαθμοῦ.

291 3916 389 3977 Εἷς
417 3931 480 3983 γε
519 3914 625 3984 μὴν
651 3914 743 3965 τὸν
769 3913 954 3979 ὄγδοον
987 3912 1192 3983 βαθμὸν
1222 3913 1529 3984 προϐαίνων
1556 3915 1584 3966 ὀ
1617 3914 1675 3981 ἐξ
1710 3914 1795 3968 αἴ-

222 4024 394 4079 ματος
418 4008 615 4074 γάμος,
644 4003 1078 4073 συγκεχώρηται.
1108 4005 1216 4074 Τὴν
1241 4007 1349 4074 γὰρ
1378 4004 1797 4075 τρισεξαδέλφην

218 4103 253 4168 ἧ
280 4101 381 4167 τὴν
402 4099 632 4165 ὲγγόνην
652 4096 746 4148 τοῦ
773 4095 881 4147 δισε
892 4094 1149 4161 ξαδέλφου
1177 4095 1494 4163 λαμϐάνειν,
1518 4096 1627 4148 οὐδ’
1647 4098 1799 4165 ἠντι-

218 4189 387 4243 ναοῦν
414 4190 524 4257 ἔχει
557 4185 811 4239 κώλυσιν.

452 4278 589 4347 Περὶ
618 4277 736 4331 τῶν
759 4278 827 4330 ἐκ
859 4276 1138 4344 πορνείας
1170 4277 1573 4346 γεννωμένων.

294 4373 370 4424 Τδ
400 4370 455 4422 δὲ
494 4371 559 4421 ὲκ
599 4368 876 4437 πορνείας,
910 4368 1008 4420 ούκ
1044 4367 1155 4437 ἔχει
1190 4366 1336 4421 ἀπαν
1368 4369 1541 4436 ὄνομα
1573 4367 1651 4430 ἓν,
1686 4368 1802 4420 ἀλλ’

220 4462 618 4530 ύποδιαιρεῖται
650 4458 946 4512 καὶτοῦτο.
978 4459 1040 4510 Ei
1076 4461 1173 4527 μὲν
1199 4459 1306 4527 γάρ
1337 4457 1594 4525 γυναικὸς
1622 4476 1800 4512 συνοι-

2162 3808 2241 3863 De
2280 3810 2448 3880 gradu
2490 3809 2971 3880 consanguinitatis
3011 3816 3214 3862 octavo.

1976 3921 2209 3992 Nuptiae,
2241 3938 2363 3993 qua:
2403 3922 2545 3978 inter
2582 3923 3021 3994 consanguineos
3048 3920 3476 3986 contrahuntur,

1905 4014 1952 4071 si
2001 4014 2066 4068 ad
2112 4023 2363 4070 octavum
2396 4031 2568 4086 usque
2614 4017 2841 4086 gradum
2881 4014 3206 4084 procedant,
3248 4015 3482 4080 permis-

1902 4119 1978 4160 sae
2010 4113 2157 4159 sunt.
2193 4104 2403 4175 Quippe
2426 4107 2537 4159 nati
2563 4120 2627 4159 ex
2660 4104 2885 4160 sobrino
2915 4103 3101 4169 ﬁliam,
3135 4104 3220 4158 vel
3262 4112 3476 4171 neptem

1904 4195 2112 4251 sobt'ini
2146 4197 2348 4250 ducere
2380 4198 2530 4251 nullo
2563 4196 2725 4250 modo
2755 4196 2878 4265 quis
2914 4194 3261 4264 prohibetur.

2416 4285 2490 4338 De
2525 4285 2675 4354 vulgo
2709 4284 2967 4353 qumitis.

1977 4372 2153 4445 Vulgo
2183 4376 2397 4444 quaesiti
2445 4392 2551 4429 non
2598 4377 2745 4429 idem
2790 4388 2982 4428 omnes
3016 4388 3214 4428 nomen
3253 4374 3475 4435 habent,

1906 4464 1999 4519 sed
2022 4464 2470 4524 subdividuntur.
2507 4464 2640 4519 Nam
2675 4465 2719 4519 si
2760 4464 2846 4518 cui
2891 4462 3168 4517 mulierem
3202 4464 3255 4515 in
3285 4472 3481 4517 contu-

219 4554 429 4621 κούσης
468 4551 574 4602 τινὶ
618 4549 866 4618 φανερῶς
883 4548 929 4581 ’⁸
973 4549 1067 4600 καὶ
1106 4548 1172 4600 δι’
1193 4548 1375 4615 ὀλίγου
1420 4548 1608 4615 γέγονε
1650 4551 1795 4612 παῖς,

1908 4554 2099 4608 bernio
2145 4555 2386 4619 habenti,
2434 4556 2609 4623 palam
2660 4562 2842 4617 natus,
2896 4554 2964 4608 sit
3012 4553 3157 4608 ﬁlius
3211 4554 3476 4607 naturalis

221 4643 455 4711 φυσικὸς
488 4635 641 4701 οὗτος
674 4640 1015 4707 ὀνομάζεται.
1046 4640 1157 4692 Καὶ
1191 4638 1303 4707 ἔχει
1336 4638 1599 4707 δευτέραν
1628 4640 1801 4702 τάξιν,

221 4736 299 4796 ὡς
330 4732 466 4799 προς
497 4732 585 4782 τὶν
612 4730 771 4797 φύσει
800 4731 1049 4798 νόμιμον,
1077 4730 1170 4782 καὶ
1200 4731 1538 4799 προτιμᾶται
1568 4730 1646 4792 είς
1680 4729 1797 4799 κλη-

224 4822 487 4894 ρονομίαν
522 4822 617 4874 καὶ
649 4822 759 4872 τῶν
797 4821 1078 4884 ἀνιόντων,
1115 4821 1214 4891 ούχ
1255 4821 1403 4883 ὅπως
1435 4820 1541 4873 τῶν
1574 4821 1639 4873 ἐκ
1678 4820 1810 4874 πλα-

221 4918 367 4981 γίου.
407 4914 469 4965 Ei
506 4913 561 4966 δὲ
597 4913 829 4982 φανερὺς
868 4913 966 4982 μὲν
1010 4913 1177 4973 ἔστιν,
1214 4913 1273 4964 ού
1316 4914 1496 4981 μέντοι
1532 4912 1595 4965 ἐκ
1635 4930 1808 4965 συνοι-

222 5006 429 5074 κούσης
460 5003 537 5070 τῷ
573 5004 727 5072 ἀνδρὶ
760 5006 1047 5071 γυναικὸς,
1083 5002 1409 5073 ὀνομάζεται
1444 5003 1614 5067 νόθος.
1652 5004 1715 5057 Et
1748 5004 1803 5057 δὲ

224 5095 511 5157 παντελῶς
536 5093 768 5163 ἀφανὴς,
797 5094 1016 5161 λέγεται
1067 5096 1297 5157 σκότιος,
1332 5093 1405 5157 ὥς
1435 5111 1598 5165 φησιν
1622 5095 1802 5165 Ὅμη-

227 5203 352 5258 ρος·

517 5298 880 5351 ...μσκότιον
909 5298 975 5350 δὲ
1016 5300 1284 5367 ἐγείνατο
1305 5300 1502 5368 μήτηρ
1524 5317 1538 5331 ·

1908 4660 2153 4716 vocatur,
2195 4659 2243 4705 et
2287 4651 2585 4705 secundum
2644 4652 2820 4705 locum
2879 4650 3089 4705 obtinet
3141 4650 3208 4704 ab
3252 4664 3338 4713 eo,
3382 4652 3475 4717 qui

1907 4748 2097 4793 natura
2138 4740 2409 4809 legitimus
2453 4752 2556 4805 est,
2607 4748 2662 4795 et
2705 4742 2758 4794 in
2800 4741 3151 4795 successione
3187 4740 3477 4809 praefertur

1904 4831 2069 4884 etiam
2106 4830 2548 4896 ascendentibus,
2585 4832 2784 4887 nedum
2817 4848 2880 4887 ex
2920 4840 3238 4887 transverso
3269 4834 3461 4887 consti-

1907 4922 2060 4975 tutis.
2110 4921 2205 4975 Sin
2246 4923 2573 4978 manifestus
2611 4924 2829 4993 quidem
2878 4933 2984 4988 est,
3028 4939 3135 4978 non
3185 4934 3363 4975 tamen
3409 4940 3475 4977 ex

1910 5012 2136 5065 muliere
2173 5020 2355 5075 natus,
2383 5028 2504 5081 quae
2535 5015 2587 5069 in
2615 5015 2973 5069 contubernio
2997 5016 3099 5069 viri
3132 5016 3234 5080 sit;
3269 5016 3473 5068 nothus

1910 5102 2025 5155 sive
2077 5102 2296 5169 spurius
2346 5103 2671 5171 appellatur.
2724 5102 2817 5158 Sin
2865 5106 3090 5159 omnino
3138 5106 3379 5159 incertus
3424 5115 3474 5157 et

1911 5190 2202 5255 obscurus,
2224 5192 2545 5249 tenebrosus
2562 5196 2783 5257 dicitur,
2810 5196 2885 5248 uti
2912 5210 3034 5247 cum
3059 5194 3329 5248 Homerus
3349 5196 3421 5247 ait
3460 5210 3471 5241 τ

2349 5315 2629 5360 .....mater
2662 5306 2855 5376 peperit
2887 5307 3251 5372 tenebrosum;

1485 5438 1719 5494 VARIE
1771 5438 2061 5495 LECTION
2070 5439 2167 5495 ES.

296 5528 342 5559 ⁸⁸
368 5530 479 5591 τοῖς
509 5527 583 5580 δέ.
661 5528 708 5559 ⁹⁹
734 5527 1082 5598 ἐρωτώμενον
1119 5533 1234 5597 μέν.
1310 5532 1356 5563 ³³
1385 5532 1600 5601 χαλινὸν
1629 5534 1657 5585 ὁ
1690 5533 1847 5602 νόμος
1868 5536 1978 5595 τοῖς
2000 5551 2129 5603 γαμ.
2206 5536 2251 5567 ’δ
2274 5537 2523 5607 φανερός.

1730 5642 1958 5700 NOTAE.

299 5738 412 5801 (69l
450 5736 475 5803 §
510 5735 644 5804 Ergo
682 5753 782 5789 non
833 5754 1029 5792 omnes.
1070 5739 1237 5792 lnstit.
1278 5738 1349 5791 De
1393 5746 1541 5803 nupt.
1568 5738 1785 5793 Basilio.

228 5807 324 5862 lib.
363 5822 559 5863 nvttt.
596 5809 678 5859 tit.
715 5807 767 5861 5.

1974 5744 2081 5813 (70)
2110 5745 2142 5799 1.
2182 5747 2315 5812 14.§
2369 5746 2613 5800 Serriles.
2654 5746 2714 5800 D.
2746 5748 2805 5798 de
2832 5750 2918 5799 iit.
2948 5758 3094 5815 nupt.
