4198 6444
195 402 342 466 1233

1492 402 2198 464 G'R.ECO-RO.\1ANUM.

3311 400 3452 487 1934

192 517 339 586 ὕροι.
364 514 461 568 καὶ
485 513 801 583 συγχέονται
824 511 1071 568 ἐντεῦθεν
1096 511 1161 564 τά
1184 511 1281 580 τῆς
1310 516 1626 581 συγγενείας
1648 516 1764 568 ὀνό-

1881 515 2136 583 tiquidem
2173 514 2241 569 sit
2274 512 2545 574 cnnfusio,
2578 511 2775 583 nuptize
2806 513 3138 584 posteriores
3159 515 3448 582 prohiben-

194 622 365 674 ματα.
400 605 538 671 Φησὶ
568 604 625 657 δὲ
654 608 684 658 6
719 604 862 674 ἱερὸς
899 604 993 657 καὶ
1031 602 1201 671 μέγας
1237 603 1546 666 Βασίλειοςο
1573 605 1662 657 Ἔν
1692 599 1774 667 οἷς

191 698 261 750 τὰ
290 696 385 750 τοῦ
416 696 605 760 γένους
635 696 874 765 ὀνόματα
908 693 1255 761 συγχέονται,
1289 695 1347 746 ἐν
1377 693 1586 756 τούτοις
1617 694 1646 745 6
1674 693 1774 760 γά-

195 806 297 858 μος
330 787 606 857 ἀθέμιτος.
638 785 701 840 Εἰ
728 787 785 840 δὲ
814 786 874 838 οὐ
904 786 1113 853 γίνεται
1143 786 1420 854 σύγχυσις,
1448 784 1539 837 καὶ
1563 785 1591 835 6
1617 783 1774 847 ἕκτος

195 878 479 942 ἀκώλυτός
516 880 653 932 ἐστι.
687 879 916 931 Πάππον
949 875 1057 946 γὰρ
1093 876 1188 929 καὶ
1224 875 1464 943 ἔγγονον,
1500 875 1775 928 ἀκώλυτον

198 969 541 1037 συναιρθῆναι
575 969 789 1041 μεγάλῃ
820 967 943 1038 θείᾳ
978 968 1073 1020 καὶ
1100 966 1296 1035 ἀνεψιᾷ
1318 984 1329 997 ·
1360 966 1521 1018 ἕκτου
1539 966 1649 1033 γάρ
1678 970 1773 1021 καὶ

195 1065 361 1116 τοῦτο
400 1063 630 1133 βαθμοῦ.

1880 619 1988 661 tur.
2006 604 2139 659 Nam
2167 604 2281 658 fieri
2304 605 2511 674 nequit,
2542 614 2599 657 ut
2619 606 2725 659 duo
2742 607 2983 672 germani
3005 604 3205 659 fratres
3232 604 3450 658 duabus

1878 693 2229 750 consobrinis
2251 696 2599 764 copulentur,
2624 704 2714 748 aut
2742 694 2857 748 vice
2886 710 3062 749 versa.
3099 693 3263 748 Fiunt
3298 696 3442 749 enim

1885 788 2002 843 loco
2041 788 2291 851 fratrum,
2323 787 2617 855 congeneri
2652 786 2735 839 vel
2779 785 3060 848 coamncs;
3088 787 3263 840 ethoc
3292 785 3453 837 modo

1881 879 2102 931 nomina
2138 878 2482 947 cognationis
2506 876 2940 932 confunduntur.
2986 880 3072 929 Ait
3119 889 3296 930 autem
3329 893 3456 930 san.

1882 976 2003 1023 ctus
2028 976 2081 1022 et
2108 971 2439 1038 magnusille
2465 970 2697 1023 Basilius
2732 985 2744 1019 :
2780 969 2836 1021 ln
2871 985 2939 1036 qu
2972 966 3071 1021 bus
3104 970 3315 1035 generis
3359 983 3455 1033 ap-

1870 1062 2188 1128 pellationes
2215 1061 2714 1129 coul'unduntur,in
2734 1064 2815 1117 his
2848 1062 2940 1115 illit
2964 1061 3050 1113 itm.
3079 1071 3198 1116 Slllll
3236 1065 3454 1128 nuptm.

196 1157 295 1209 Sin
316 1157 562 1210 eoiifusio
587 1154 731 1210 nulla
761 1158 853 1219 sit,
872 1156 1033 1210 etiam
1056 1164 1245 1213 sextus
1270 1170 1376 1211 non
1394 1156 1732 1225 prohibetur.
1761 1153 1971 1225 Quippe
1987 1170 2093 1209 non
2129 1166 2360 1220 velatur,
2379 1156 2672 1226 quominus
2697 1171 2831 1211 avus
2857 1166 2910 1208 et
2960 1170 3105 1224 :epos
3132 1156 3456 1222 copuiantur

194 1264 325 1301 cum
356 1250 520 1303 amita
554 1265 766 1319 magna,
808 1250 1108 1319 etejusdem
1142 1266 1204 1305 ex
1239 1250 1407 1304 fratre
1427 1261 1585 1319 nepte
1625 1267 1637 1315 ;
1675 1266 1797 1304 nam
1827 1251 1928 1305 hoc
1962 1264 2181 1319 quoque
2210 1251 2348 1305 sexti
2388 1250 2591 1320 gradus
2620 1258 2724 1313 est,
2762 1259 2814 1302 at
2840 1250 3183 1303 confusionis
3218 1264 3436 1316 expers.

284 1361 426 1414 Ἀλλ’
494 1362 641 1414 ἐστιν
696 1362 1022 1433 ἀσύγχυτον.
1068 1363 1238 1417 Πάλιν
1297 1362 1400 1433 γὰρ
1463 1362 1599 1431 μετά
1648 1365 1775 1426 τοὺς

198 1457 417 1523 γάμους
467 1456 688 1508 πάππον
733 1459 828 1507 καὶ
877 1458 1101 1523 ὲγγὸνου
1166 1455 1506 1519 ἀποσώζοι-σι
1556 1458 1774 1518 τόπους.

200 1546 314 1614 Τὴν
348 1547 453 1615 γὰρ
492 1549 734 1617 μεγάλην
770 1548 922 1600 Οεὶαν
954 1548 1047 1600 καὶ
1075 1548 1166 1599 τὸν
1221 1548 1393 1616 μέγαν
1444 1547 1608 1610 Οεῖον,
1663 1550 1780 1618 ἤτοι

202 1636 297 1687 to?
335 1638 560 1690 πάππου
594 1638 691 1708 τὴν
730 1638 965 1708 ἀδελφὴν
1001 1639 1095 1691 καὶ
1126 1639 1214 1690 τὸν
1248 1639 1507 1706 ἀδελφὸν,
1550 1638 1783 1707 μάμμην

200 1727 298 1777 καὶ
354 1728 577 1779 πάππον
627 1731 674 1781 οἱ
722 1729 906 1782 πολλοὶ
939 1730 1285 1799 ὀνομάζουσι.
1326 1729 1425 1782 Διά
1470 1728 1627 1782 τοῦτο
1661 1730 1784 1783 οὔτε

202 1818 314 1868 ἀπὸ
345 1817 437 1869 τοῦ
467 1821 632 1887 νόμον
659 1820 718 1872 τὸ
754 1821 929 1889 παρὸν
959 1821 1267 1874 κεκώλυται
1304 1821 1547 1893 ζήτημα,
1581 1824 1675 1877 καὶ
1703 1824 1781 1895 τῷ

1946 1362 2161 1416 Rursus
2199 1362 2343 1416 enim
2377 1361 2614 1431 peractis
2646 1361 2852 1430 nuptiis
2884 1362 2967 1412 avi
2996 1368 3049 1415 et
3081 1360 3298 1428 nepotis
3333 1361 3455 1415 loca

1879 1465 2119 1510 servant.
2159 1455 2371 1523 Quippe
2424 1467 2672 1523 magnam
2721 1455 2941 1506 amitam
2975 1460 3029 1505 et
3064 1462 3317 1522 patruum
3343 1468 3456 1506 ma-

1881 1561 2069 1614 gnum,
2097 1546 2199 1599 hoc
2225 1555 2327 1609 est,
2366 1546 2450 1597 avi
2506 1559 2748 1599 sororem
2789 1552 2844 1597 et
2911 1544 3155 1610 fratrem,
3210 1544 3457 1612 plerique

1886 1636 2060 1688 aviam
2097 1643 2151 1688 et
2174 1649 2331 1688 avum
2357 1636 2642 1690 nominare
2671 1637 2866 1690 solent.
2889 1634 3100 1690 Idcirco
3123 1648 3223 1689 nec
3244 1634 3456 1712 legibus

1892 1734 2177 1788 hiceasus
2214 1740 2294 1787 est
2327 1731 2659 1803 prohibitus,
2692 1742 2748 1789 et
2788 1748 2819 1788 a
2870 1741 3018 1790 tomo
3069 1733 3296 1790 Sisiunii
3328 1750 3457 1805 per-

1887 1825 2145 1890 mittitur,
2178 1839 2277 1878 ceu
2311 1823 2532 1879 minime
2584 1824 2826 1879 vetitus:
2878 1838 3003 1879 cum
3044 1824 3175 1880 illud
3224 1824 3456 1879 alterum

200 1908 353 1977 νόμῳ
378 1908 419 1937 ν
456 1913 710 1978 παρεῖται
739 1911 831 1964 τοῦ
859 1912 1101 1966 Σισινίου
1132 1915 1217 1978 ὡς’
1238 1916 1538 1970 ἀκώλυτον.
1578 1918 1784 1972 Ἐκεῖνο

1886 1916 1955 1971 sit
1988 1916 2319 1985 prohibitum
2346 1915 2494 1971 velut
2527 1914 2826 1971 obnoxium
2868 1915 3203 1974 confusioni.
3238 1916 3332 1971 Sin
3385 1930 3455 1971 ex

198 1998 256 2051 δὲ
294 2000 370 2062 ὡς
408 2001 668 2071 σύγχυσιν
706 2002 814 2073 ἔχω
846 2002 892 2037 ⁸⁸
932 2005 1261 2061 κεκώλυται.
1308 2008 1371 2060 Εἰ
1413 2009 1470 2063 δὲ
1514 2012 1577 2062 ὲκ
1615 2012 1782 2079 τριῶν

200 2094 324 2143 ἐστι
356 2092 448 2153 καὶ
472 2092 667 2160 τριῶν,
694 2096 742 2147 εἰ
776 2095 872 2165 μὲν
906 2097 1004 2149 οὐκ
1042 2097 1156 2169 ἔχει
1194 2099 1478 2167 σύγχυσιν,
1510 2101 1785 2154 ἀκώλυτον

200 2186 378 2238 ἐστιν.
416 2180 542 2238 Οἷον
582 2186 710 2239 ὅταν
742 2188 839 2256 μὲν
875 2189 1017 2250 θεῖος
1058 2191 1152 2243 καὶ
1190 2190 1406 2258 ἀνεψιὸς
1453 2190 1604 2244 Οείαν
1645 2192 1785 2267 λάϐῃ

206 2276 300 2326 καὶ
344 2275 596 2344 ἀνεψιὰν,
632 2277 859 2347 οὐδεμία
893 2280 1106 2347 γίνεται
1146 2280 1427 2350 σύγχυσις.
1477 2283 1645 2337 Πάλιν
1676 2286 1785 2355 γὰρ

204 2364 354 2417 θειον
406 2368 497 2419 καὶ
553 2366 774 2436 ἀνεψιοῦ
820 2367 1047 2432 σώζουσι
1094 2370 1275 2423 τόπον.
1320 2372 1425 2425 Διά
1483 2374 1642 2428 τοῦτο
1688 2375 1784 2429 καὶ

202 2455 488 2510 ἀκώλυτον
514 2454 653 2511 εἶναι
688 2460 1051 2525 παντάπασιν,
1072 2462 1107 2531 ἦ
1132 2479 1190 2514 τε
1216 2462 1312 2516 τοῦ
1338 2464 1594 2533 ῥηθέντος
1619 2466 1784 2534 νόμου

206 2547 414 2617 σιωπὴ,
444 2550 505 2601 οὐ
531 2551 640 2619 μὴν
670 2552 806 2604 ἀλλὰ
844 2552 938 2606 καὶ
992 2553 1342 2624 θεσπίσματα
1394 2556 1648 2624 βασιλικά
1694 2558 1787 2610 καὶ

208 2640 445 2707 πράξεις
480 2644 755 2697 συνοδικαὶ
788 2646 955 2698 πᾶσιν
985 2645 1306 2718 αἰγώρισαν.
1344 2651 1508 2704 Ὅταν
1537 2651 1595 2705 δὲ
1627 2653 1655 2704 6
1688 2653 1787 2723 μὲν

208 2730 352 2793 θεῖος
383 2732 673 2802 προλαὸὼν
697 2734 821 2804 ἔσχε
856 2736 954 2810 τὴν
984 2738 1234 2807 ἀνεψιὰν,
1264 2740 1293 2791 6
1325 2740 1381 2792 δὲ
1417 2740 1632 2809 ἀνεψιὸς
1664 2742 1787 2810 βού-

208 2821 369 2890 ληται
402 2827 720 2892 συνοικῆσαι
750 2828 814 2895 τῇ
860 2826 999 2896 Θείᾳ,
1039 2829 1099 2879 τὸ
1138 2829 1521 2900 ἐπιγενόμενον
1562 2832 1649 2885 διὰ
1687 2832 1786 2903 τὴν

212 2910 477 2979 σύγχυσιν
514 2915 840 2969 κεκώλυται.
891 2917 1136 2971 Γενονται
1187 2919 1293 2990 γὰρ
1319 2923 1395 2984 ὼς
1423 2923 1529 2975 ἀπὸ
1559 2926 1668 2977 τῶν
1702 2926 1789 2978 νό-

216 3020 353 3069 μων,
405 3006 434 3056 6
469 3006 569 3073 μὲν
605 3005 747 3068 Gaio;
791 3009 1031 3076 ἀνεψιὸς,
1064 3013 1091 3063 ὁ
1122 3011 1178 3063 δὲ
1219 3013 1437 3081 ἀνεψιὸς
1481 3014 1641 3078 θεῖος.
1678 3018 1788 3070 Καὶ

212 3094 329 3145 ἔστι
376 3094 534 3147 τοῦτο
575 3099 751 3164 σαφὴς
781 3098 890 3150 τῶν
922 3101 1202 3169 ὀνομάτων
1230 3102 1324 3155 τοῦ
1360 3105 1550 3169 γένους
1584 3106 1787 3177 σύγχυ-

216 3198 322 3243 σις.
373 3184 537 3238 Ἀλλὰ
565 3187 658 3238 καὶ
700 3188 728 3238 ὁ
775 3189 966 3258 μέχρις
1011 3191 1236 3260 ἑϐδόμου
1290 3193 1501 3261 βαθμοῦ
1555 3196 1789 3266 θεωρού-

215 3290 377 3340 μενος
416 3273 476 3339 ὲΞ
510 3276 820 3347 ἀγχιστείας
860 3283 1058 3349 γάμος,
1093 3285 1139 3335 εἰ
1178 3285 1277 3352 μὲν
1324 3285 1383 3349 ἐξ
1430 3288 1548 3349 ἑνὸς
1580 3291 1664 3359 εἴη
1697 3293 1789 3345 καὶ
1816 3268 1857 3324 c

210 3364 292 3426 ἒξ,
350 3366 673 3423 κεκώλυται.
721 3372 796 3422 Οὐ
835 3373 943 3442 γὰρ
993 3368 1104 3425 οἷόν
1147 3392 1205 3428 τε
1267 3378 1480 3447 πατέρα
1541 3381 1629 3433 καὶ
1678 3383 1789 3435 υἱὸν

211 3455 619 3528 ὃισεξαδέλφαις
658 3464 994 3534 πναφθῆναι
1049 3467 1206 3518 δυσί·
1236 3468 1474 3535 γίνονται
1517 3471 1624 3541 γὰρ
1670 3475 1789 3527 ἀντὶ

213 3549 421 3614 πατρὸς
458 3552 549 3603 καὶ
581 3553 696 3606 υἱοῦ
725 3557 1089 3626 σύγγαμόροι.
1118 3560 1178 3611 Εἰ
1207 3562 1264 3615 δὲ
1292 3566 1355 3614 ἐκ
1379 3562 1471 3615 δύο
1492 3566 1583 3617 καὶ
1606 3568 1787 3631 πέντε,

216 3641 486 3712 μηδαμῶς
515 3661 530 3675 ·
566 3646 677 3700 εἴτε
708 3647 817 3719 γὰρ
858 3650 1082 3714 πάππος
1128 3653 1223 3707 καὶ
1268 3654 1508 3722 ἔγγονος,
1553 3659 1658 3710 εἴτε
1698 3658 1790 3711 δύο

212 3732 542 3803 αὖτάδελῳοι
577 3739 901 3806 συναφθεῖεν
953 3740 1125 3814 μικρᾷ
1172 3743 1293 3815 Θεία
1343 3747 1437 3800 καὶ
1492 3748 1708 3820 ἀνεψιᾷ,
1759 3751 1788 3802 6

210 3823 468 3894 δεύτερος
500 3829 676 3897 γάμος
720 3832 1053 3902 ἀνέγκλητός
1096 3838 1260 3890 ἔστιν.
1308 3839 1369 3890 Εἰ
1410 3838 1467 3891 δὲ
1508 3841 1573 3893 ὲκ
1619 3842 1789 3911 τριῶν

213 3917 312 3968 καὶ
362 3919 663 3988 τεσσάρων,
694 3922 856 3976 πάλιν
895 3926 943 3976 εἰ
987 3928 1085 3991 μέν
1118 3928 1262 3982 ἐστιν
1299 3931 1623 4000 ἀσύγχυτον,
1661 3950 1791 4000 συγ-

214 4005 549 4077 κεχώρηται.
588 4010 740 4076 Θείος
795 4014 903 4082 γὰρ
962 4016 1056 4068 καὶ
1097 4018 1350 4087 ἀνεψιὸς,
1401 4022 1494 4074 δύο
1547 4025 1788 4093 πρωτεξ-

215 4096 455 4163 αδέλφας
488 4099 786 4165 ἀκωλύτως
822 4102 1172 4174 λαμϐάνοντι.
1204 4110 1265 4161 Ei
1287 4110 1343 4161 δὲ
1368 4111 1625 4181 σύγχυσιν
1650 4113 1789 4182 ἔχων

212 4187 427 4255 ὁρᾶται,
445 4191 503 4243 οὐ
525 4192 679 4261 δῆτα·
703 4194 923 4259 πάππος
937 4200 1043 4267 γὰρ
1069 4201 1162 4253 καὶ
1177 4200 1482 4268 δισέγγονος
1501 4203 1592 4256 δύο
1605 4221 1790 4274 πρωτ-

218 4280 519 4350 εξαδὲλφας
552 4284 1053 4357 λαόεῐνυεῖργονταιο
1073 4290 1158 4343 ἶνα
1178 4292 1254 4361 μὴ
1270 4293 1364 4344 καὶ
1380 4289 1522 4347 οὗτοι
1538 4295 1788 4367 σύγγαμ-

213 4371 336 4441 6ροι
369 4372 682 4439 λογισθεῖεν.
727 4377 865 4430 Ἀλλ’
896 4380 923 4431 ὁ
959 4382 1059 4447 μὲν
1118 4381 1419 4451 προλαϐὼν,
1481 4387 1630 4456 μένει
1664 4388 1786 4441 ἀκί-

211 4481 372 4533 νητος
406 4480 420 4494 ·
480 4467 744 4522 κωλύεται
792 4470 846 4525 δὲ
909 4475 936 4525 ὁ
985 4475 1409 4543 ἐπιγενόμενος,
1478 4480 1510 4549 ἢ
1582 4479 1789 4551 προϐὰς

1885 2015 2062 2071 tribus
2125 2024 2179 2071 et
2234 2017 2409 2072 tribus
2469 2026 2707 2079 constat,
2759 2017 3027 2087 siquidem
3105 2009 3451 2072 confusionis

1882 2121 2081 2175 expers
2107 2118 2213 2172 est,
2239 2122 2346 2162 non
2381 2115 2617 2163 velatur.
2648 2105 2809 2164 Verbi
2834 2108 3032 2178 gratia,
3070 2123 3192 2162 cum
3227 2115 3456 2175 patruus

1883 2210 1939 2254 et
1968 2198 2154 2254 fratris
2176 2199 2296 2267 ejus
2329 2198 2497 2264 ﬁlius,
2530 2200 2756 2253 amitam
2806 2200 3037 2265 ducunt,
3094 2207 3150 2253 et
3207 2198 3455 2269 ejusdem

1885 2286 2075 2345 fratris
2128 2289 2333 2350 ﬁliam:
2391 2291 2539 2345 nulla
2600 2290 2660 2345 fit
2714 2290 2987 2346 confusio.
3046 2290 3257 2345 Rursus
3312 2290 3456 2346 enim

1883 2382 2066 2448 patrui
2090 2389 2143 2436 et
2172 2380 2361 2437 fratris
2391 2381 2487 2436 filii
2517 2381 2697 2437 locum
2732 2390 2976 2438 servant.
3022 2380 3319 2452 Propterea
3355 2382 3459 2437 hoc

1886 2472 2047 2542 plane
2110 2488 2221 2528 non
2270 2473 2573 2545 prohiberi,
2629 2489 2741 2530 non
2799 2474 2963 2531 modo
3002 2475 3139 2544 legis
3202 2476 3460 2530 indicata

1887 2563 2165 2619 silentium
2192 2605 2208 2630 ,
2240 2567 2335 2621 sed
2366 2566 2530 2622 etiam
2562 2566 2870 2638 principum
2896 2569 3232 2633 sanctiones,
3258 2578 3309 2622 et
3339 2577 3459 2621 acta

1887 2657 2171 2727 synodalia
2244 2661 2462 2715 cunctis
2521 2659 2918 2729 signiticarunt.
2988 2662 3058 2714 At
3130 2677 3279 2725 vero,
3334 2675 3460 2715 cum

1890 2757 2119 2820 patruus
2146 2749 2258 2818 jam
2304 2758 2464 2805 antea
2521 2752 2710 2807 fratris
2740 2752 2902 2807 habet
2937 2753 3125 2817 filiam,
3176 2756 3461 2823 patruique

1891 2826 2077 2894 fratris
2104 2838 2249 2894 filius
2274 2855 2398 2894 eum
2424 2840 2548 2909 ejus
2570 2841 2815 2897 mulieris
2872 2842 3038 2895 amita
3075 2843 3223 2896 coire
3260 2843 3372 2895 vult
3406 2843 3460 2895 in

1888 2931 2352 2997 matrimonium;
2380 2935 2721 3003 posteriores
2774 2934 2857 2988 hac
2886 2935 3087 3003 nuptiae
3120 2935 3461 2988 confusionis

1888 3039 2055 3080 causa
2089 3025 2471 3095 prohibentur.
2503 3025 2715 3096 Quippe
2742 3026 2891 3081 velut
2917 3028 3036 3096 ipso
3078 3027 3202 3095 jure
3232 3039 3462 3096 patruus

1892 3118 1949 3170 lit
1974 3117 2158 3171 fratris
2182 3116 2345 3180 ﬁlius,
2375 3127 2428 3172 et
2460 3117 2815 3195 fratristilius
2837 3119 2897 3171 fit
2920 3128 3186 3188 patruus;
3218 3121 3462 3187 adeoque

1893 3208 2181 3263 manifesta
2209 3210 2426 3279 generis
2457 3210 2884 3279 appellationum
2916 3214 3028 3264 haec
3063 3213 3314 3266 conlusio
3355 3222 3459 3266 est.

1894 3300 2037 3366 Quin
2093 3301 2253 3355 etiam
2319 3302 2726 3356 matrimonium
2756 3302 2897 3357 inter
2924 3302 3129 3366 affines,
3188 3304 3254 3356 ad
3291 3306 3460 3371 septi-

1893 3408 2041 3447 mum
2075 3408 2246 3462 usque
2278 3394 2506 3464 gradum
2541 3409 2663 3449 sese
2694 3395 3000 3463 porrigens,
3052 3396 3095 3449 si
3151 3404 3364 3450 constet
3395 3413 3461 3449 ex

1894 3497 1999 3536 uno
2021 3493 2072 3538 et
2099 3498 2224 3546 sex,
2259 3482 2605 3551 prohibetur,
2636 3482 2769 3536 Nam
2802 3483 2915 3536 fieri
2954 3484 3163 3551 nequit,
3220 3495 3276 3537 ut
3311 3494 3465 3552 pater

1892 3584 1943 3629 et
1976 3574 2119 3627 filius
2150 3573 2361 3629 duabus
2409 3574 2651 3629 sobrinis
2687 3575 3032 3644 copulentur.
3086 3573 3264 3628 Patris
3316 3575 3458 3628 enim

1890 3674 1943 3720 et
1977 3666 2069 3720 filii
2110 3666 2250 3731 loco,
2284 3664 2421 3720 fiunt
2451 3665 2739 3735 congeneri
2777 3665 2858 3719 vel
2914 3664 3187 3719 coal'lines.
3243 3663 3450 3732 Nequa-

1889 3772 2050 3827 quam
2092 3758 2194 3812 hoc
2226 3757 2504 3823 usuvenit,
2540 3758 2585 3811 si
2622 3772 2687 3811 ex
2725 3757 2936 3811 duobus
2963 3765 3017 3811 et
3068 3757 3301 3827 quinth
3332 3772 3462 3809 Coll--

1890 3858 2015 3905 stet.
2051 3848 2184 3903 Nam
2221 3849 2335 3904 sive
2363 3863 2497 3902 avus
2529 3856 2581 3901 et
2628 3863 2824 3917 nepos,
2881 3851 2997 3904 sive
3050 3848 3157 3901 duo
3209 3849 3451 3916 gerumni

1892 3940 2090 3995 fratres
2122 3940 2361 4010 cepulati
2396 3938 2601 3994 fuerint
2632 3955 2756 3995 cum
2781 3940 2945 3993 amita
2974 3954 3160 4009 parva,
3199 3947 3251 3993 et
3279 3939 3461 3991 fratris

1889 4033 2011 4103 ejus
2045 4033 2176 4093 lilia,
2234 4032 2489 4088 secundae
2539 4034 2739 4100 nuptiae
2800 4032 2932 4086 vitio
2989 4039 3198 4086 carent.
3264 4030 3359 4083 Siu
3395 4046 3459 4084 ex

1891 4122 2067 4178 tribus
2094 4130 2148 4177 et
2180 4131 2439 4193 quatuor,
2468 4139 2661 4178 rursus
2710 4124 2977 4191 siquidem
3028 4122 3280 4178 confusio
3312 4124 3459 4175 nulla

1891 4215 2203 4279 intervenit,
2249 4216 2607 4285 permittitur.
2662 4214 2896 4270 Patruus
2946 4215 3112 4279 enim,
3161 4225 3217 4268 et
3272 4214 3460 4267 fratris

1890 4306 2011 4376 ejus
2038 4307 2202 4372 filius,
2233 4306 2371 4360 duas
2424 4306 2788 4361 consobrinas
2846 4307 2983 4361 citra
3034 4305 3457 4374 prohibitionem

1890 4398 2120 4454 ducunt.
2157 4396 2274 4452 Non
2308 4398 2459 4458 item,
2502 4398 2545 4451 si
2598 4397 2851 4451 confusio
2903 4396 3152 4466 quaedam
3194 4404 3457 4465 ettiergat.

1890 4491 2037 4545 Avus
2071 4491 2213 4545 enim
2265 4498 2320 4544 et
2383 4505 2681 4559 pronepos,
2734 4505 2764 4543 a
2817 4490 3174 4543 matrimonio
3224 4489 3457 4549 duarum

208 4556 540 4610 διασπᾶται·
574 4562 642 4613 τά
669 4562 724 4616 δὲ
768 4564 902 4635 ὑπὲρ
940 4566 1028 4619 τὸν
1084 4568 1307 4640 ἕϐδομον
1356 4573 1412 4638 ἐξ
1450 4572 1783 4642 ἀγχιστείας,

1892 4580 2342 4636 consobrinarum
2368 4589 2644 4643 arcentur,
2687 4594 2755 4633 ne
2784 4580 3075 4649 congeneri
3105 4580 3185 4634 vel
3206 4578 3461 4634 coullines

209 4649 753 4724 ἀπολυπραγμὸνητά
771 4658 874 4710 εἱσι
893 4660 981 4709 καὶ
1009 4659 1278 4726 ἀκώλυτα,
1300 4662 1487 4733 ὥσπερ
1512 4668 1569 4717 ἐν
1598 4669 1707 4728 τοῖς
1728 4669 1787 4732 ἐξ

211 4742 445 4807 αἵματος
464 4744 528 4794 τά
552 4745 687 4815 ὑπὲρ
703 4746 1008 4814 τὶνὸγδοον.
1030 4751 1103 4801 Οὐ
1124 4751 1300 4815 καλῶς
1314 4753 1369 4806 δέ
1388 4771 1526 4808 τισιν
1547 4759 1783 4827 εἴρηται,

210 4833 294 4883 ὅτι
328 4832 395 4884 τὰ
419 4835 785 4904 εὑρισκόμενα
810 4841 869 4902 ἐξ
894 4842 1207 4909 ἀγχιστείας
1232 4844 1388 4897 ἕκτου
1428 4848 1661 4916 βαθμοῦ,
1700 4852 1785 4904 ὅτε

215 4922 320 4991 μὲν
349 4924 529 4995 ἐξίτης
558 4928 716 4990 εἰςιν,
751 4929 824 4992 ὡς
861 4930 919 4996 ἐξ
949 4933 1210 5001 ἑκατέρου
1246 4935 1443 5003 μέρους
1476 4941 1623 5007 τρεῖς
1647 4935 1785 4993 εἶναι

215 5015 483 5085 βαθμοὺς,
515 5017 768 5073 άκώλυτά
820 5023 924 5072 εἱσι
957 5036 971 5051 ’
1016 5022 1372 5091 κεκωλυμένα
1413 5026 1490 5090 δὲ,
1525 5028 1612 5081 ὅτε
1649 5030 1786 5081 εἰσιν

212 5108 411 5160 ἄνισα·
449 5111 512 5161 ἐκ
541 5110 649 5179 γὰρ
690 5109 797 5163 τῶν
844 5113 1149 5183 εἰρημένων
1198 5118 1453 5187 ἀνωτέρω
1494 5118 1781 5185 δέδεικται,

215 5198 294 5266 μὴ
322 5198 385 5250 τὸ
414 5198 527 5253 ἴσον
554 5202 649 5255 καὶ
674 5202 735 5256 τὸ
760 5204 960 5270 ἄνισον,
1000 5206 1135 5260 ἀλλά
1163 5208 1223 5261 τδ
1254 5212 1657 5281 συγκεχυμένον
1690 5216 1783 5269 καὶ

211 5287 538 5359 ἀσύγχυτον,
575 5293 607 5361 ἢ
642 5293 880 5364 ἀφιέναι,
909 5296 943 5367 ἢ
979 5298 1265 5369 ἀπείργειν
1305 5300 1367 5353 τὸ
1408 5302 1780 5375 συνάλλαγμα.

1890 4674 2214 4727 habeantur.
2241 4671 2515 4726 Nimirum
2555 4673 2706 4739 prius
2763 4680 3107 4726 contractmn
3165 4672 3462 4725 matrimo-

1889 4765 2063 4827 nium,
2098 4772 2278 4818 manet
2302 4766 2625 4818 immbtum:
2661 4764 2931 4832 posterius
2981 4762 3322 4830 prohibetur,
3376 4763 3460 4815 vel

1889 4857 1931 4909 si
1959 4855 2070 4924 jam
2100 4857 2450 4927 processerit.
2482 4855 2779 4910 dirimitur.
2817 4856 2948 4921 Quae
2978 4870 3106 4910 vero
3159 4869 3267 4909 mat
3286 4857 3458 4909 rimo-

1892 4946 1980 4999 nia
2013 4947 2241 5015 gradum
2268 4947 2547 5001 affinitatis
2596 4947 2887 5017 septimum
2934 4947 3226 5010 excedunt,
3274 4946 3328 4999 in
3394 4961 3468 5001 ea.

1890 5038 2109 5090 curiose
2144 5051 2252 5091 non
2286 5036 2676 5106 inquirendum
2712 5046 2829 5103 est,
2873 5052 2973 5093 nec
3027 5036 3295 5092 faciunda:
3329 5052 3458 5107 pro-

1891 5125 2205 5191 hibitiones,
2240 5126 2404 5182 sicuti
2428 5127 2542 5182 fieri
2575 5126 2823 5184 videmus
2852 5137 2906 5184 et
2928 5129 2981 5182 in
3016 5129 3103 5192 iis,
3129 5128 3220 5197 qui
3248 5129 3458 5184 ratione

1887 5218 2384 5289 consanguinitatis
2416 5228 2668 5275 octavum
2698 5220 2993 5276 excedunt.
3044 5221 3312 5275 Caeterum
3346 5235 3458 5275 non
3546 5275 3550 5279 ι

1887 5316 2036 5364 recte
2088 5308 2347 5364 traditum
2392 5325 2420 5364 a
2450 5309 2727 5365 nonnullis
2756 5320 2861 5377 est,
2916 5310 3261 5365 matrimonia
3313 5309 3457 5364 sexti

212 5398 278 5472 ex
324 5385 583 5441 aﬂinitate
633 5388 855 5457 gradus,
919 5404 1043 5444 cum
1095 5406 1255 5461 pares
1313 5394 1567 5465 utrinque
1624 5397 1826 5468 gradus
1866 5400 2089 5465 habent,
2123 5416 2230 5455 non
2283 5401 2599 5472 prohiberi:
2646 5417 2770 5456 cum
2816 5401 3074 5472 impares,
3150 5401 3449 5471 prohiberi.

217 5471 514 5529 Ostensum
568 5484 653 5530 est
711 5478 857 5531 enim
908 5492 974 5533 ex
1035 5481 1290 5538 indicatis
1338 5486 1613 5554 superius,
1675 5502 1783 5543 non
1824 5492 2186 5561 aequalitatem
2236 5504 2285 5547 et
2348 5493 2807 5564 inaequalitatem,
2899 5471 2991 5550 sed
3041 5492 3447 5555 confusionem,

215 5582 270 5627 et
297 5570 640 5627 confusionis
668 5575 993 5642 absentiam,
1030 5578 1111 5634 vel
1134 5580 1469 5649 permittere,
1495 5580 1577 5636 vel
1604 5582 1867 5652 impedire
1896 5594 2257 5640 contractum.

1579 5673 1809 5732 VARle
1838 5677 2238 5734 LECTIONES.

289 5754 331 5788 θ’
365 5756 442 5825 τῷ
476 5757 644 5827 τόμῳ.
722 5760 765 5791 ’⁸
808 5761 948 5830 ἕχον.
