4198 6444
747 333 880 396 1235

881 443 1140 496 Eumdem
1170 461 1271 497 non
1301 445 1482 496 debere
1518 445 1652 497 duas
1677 447 1918 499 sobrinus
1948 446 2158 501 ducere.

807 615 1096 674 Prohibuit
1124 621 1288 675 etiam
1324 618 1588 687 Ecclesia,
1623 638 1689 678 ne
1723 638 1863 677 unus
1893 630 1947 676 ct
1993 621 2132 675 idem
2166 625 2306 675 duas

737 711 1417 769 sobrinasducatuxores.
1443 712 1560 768 Non
1601 716 1746 768 enim
1783 714 1871 768 hic
1917 714 2183 784 septimus
2239 731 2302 769 ex

739 800 1021 864 aliinitate,
1052 816 1153 856 ceu
1186 803 1432 872 plerique
1469 811 1684 872 putant,
1736 804 1939 873 gradus
2002 806 2301 874 colligitur,

739 890 831 944 sed
863 901 1088 947 sextus:
1125 901 1434 964 propterea,
1483 894 1629 964 quod
1659 896 1890 950 maritus
1923 906 1977 950 et
2022 912 2160 950 uxor
2198 911 2307 949 uno

737 984 907 1052 gradu
937 986 1210 1041 contineri
1233 985 1532 1040 ducantur.
1569 986 1682 1040 lloc
1729 988 1874 1041 enim
1911 1003 2035 1042 cum
2091 988 2144 1041 in
2174 1003 2306 1041 con-

741 1077 1092 1132 sultationem
1127 1077 1368 1132 venisset
1424 1087 1668 1146 tempore
1699 1077 1910 1132 Nicolai
1959 1080 2304 1148 patriarchae,

739 1167 1072 1234 prohibitum
1109 1168 1178 1223 ab
1213 1167 1459 1223 Ecclesia
1487 1169 1624 1223 fuit:
1657 1169 1931 1238 simulque
1964 1170 2305 1240 promulgata

737 1258 842 1312 l'uit
875 1260 1088 1314 sanctio
1119 1259 1254 1312 clari
1292 1259 1557 1328 principis
1588 1260 1877 1324 Manuelis,
1915 1276 2036 1329 qua:
2089 1261 2304 1323 statuit,

737 1364 808 1403 ne
838 1352 944 1404 tale
969 1349 1098 1418 quid
1129 1366 1367 1420 unquam
1405 1350 1518 1406 ﬁat.
1553 1349 1658 1405 Sed
1687 1367 1792 1420 qua
1827 1350 1895 1406 de
1930 1366 2098 1406 causa
2124 1351 2203 1413 ﬁt,
2247 1360 2307 1404 ut

739 1440 879 1495 inter
922 1440 1132 1505 allines,
1190 1443 1271 1496 vel
1320 1442 1432 1497 duo
1488 1443 1705 1496 diversa
1760 1457 1957 1512 genera
2009 1450 2308 1495 contractae

738 1533 962 1601 nuptiae,
990 1533 1160 1600 gradu
1185 1535 1419 1602 septimo
1447 1534 1628 1587 libera:
1654 1532 1799 1587 sint?
1825 1531 1981 1598 Quod
2008 1549 2175 1586 unum
2201 1545 2306 1597 εει,

739 1627 818 1677 vel
856 1636 939 1678 est
968 1634 1184 1691 natura,
1213 1627 1296 1678 vel
1333 1626 1706 1692 arrogatione.
1757 1625 1962 1678 Natura
2004 1640 2171 1678 unum
2201 1632 2306 1690 est,

736 1716 886 1768 verbi
922 1717 1116 1782 gratia,
1143 1731 1284 1770 unus
1321 1716 1501 1768 homo.
1535 1714 1712 1769 Unum
1741 1715 2110 1785 arrogatione,
2145 1722 2200 1768 ut
2227 1714 2308 1767 vir

2031 339 2166 398 JUS
2210 338 2649 396 CANONltIlI-M

3852 335 3993 396 1236

2330 461 2382 518 Α
2409 446 2539 498 ’Ὁτι
2579 446 2649 497 οὐ
2681 443 2768 496 δεῖ
2812 443 2920 497 τὸν
2951 443 3139 518 αὐτὸῂ
3168 443 3277 518 δύο
3329 443 3612 511 δευτέρας
3651 443 3999 512 ἐξαδέλςειις

3091 512 3319 565 λαϐεῖν.

2482 626 2808 680 Κεκώλυκεν
2849 627 2881 694 ἡ
2929 624 3223 694 Ἐκκλησία
3253 623 3350 677 καὶ
3397 624 3489 677 τὸν
3537 624 3703 678 αὑτὸν
3752 625 3847 676 καὶ
3903 625 4000 675 ἶνα

2410 716 2503 770 δύο
2541 716 2799 788 δευτέρας
2852 715 3148 785 ὲξαδέλςας
3181 717 3497 787 λαμϐάνειν.
3526 717 3601 770 Ού
3628 715 3736 786 γὰρ
3766 715 4001 782 ἕϐδομος

2407 808 2466 872 ἐξ
2508 809 2844 878 ἀγχιστείας,
2877 807 2951 868 ὡς
2983 806 3184 859 οἴονταί
3226 826 3390 871 τινες,
3423 809 3714 874 συνάγεται
3760 805 3997 876 βαθμὸς,

2412 899 2528 950 ἀλλ’
2552 898 2730 959 ἕκτος.
2768 897 2866 950 Διά
2904 898 2964 950 τὸ
3012 899 3127 961 ἐνὸς
3181 899 3391 970 βαθμοῦ
3440 899 3754 966 λογέζεσθαι
3786 901 3878 952 τὸν
3909 904 3998 952 ἀνι

2411 989 2512 1057 δρα
2539 989 2676 1058 μετά
2705 993 2803 1058 τῆς
2836 989 3116 1056 γυναικός.
3151 991 3323 1042 Τοῦτο
3354 991 3462 1060 γὰρ
3490 991 3725 1060 ζητηθὲν
3765 993 3862 1043 ἐπὶ
3888 991 3995 1042 τῶν

2406 1078 2629 1147 ἡμερῶν
2646 1077 2736 1130 τοῦ
2763 1081 3102 1150 πατριάρχου
3126 1080 3419 1145 Νικολάου,
3441 1082 3688 1150 ἐκωλύθη
3717 1083 3871 1150 παρά
3898 1085 3997 1150 τῆς

2418 1167 2776 1237 Ἑκκλησίας·
2818 1167 3032 1238 προῦϐη
3067 1169 3125 1222 δὲ
3171 1171 3263 1222 καὶ
3296 1170 3576 1239 θέσπισμα
3602 1175 3697 1222 τοῦ
3741 1173 3800 1222 ὲν
3838 1172 3994 1240 βασιο

2405 1256 2591 1310 λεῦσιν
2622 1258 2870 1327 ἀοιδίμου
2902 1259 3178 1328 Μανουὴλ,
3218 1261 3293 1329 μὴ
3347 1260 3593 1328 γίνεσθαί
3650 1278 3783 1313 ποτε
3837 1261 3998 1312 τοῦτο

2409 1348 2802 1419 διοριζόμενον.
2845 1349 2994 1402 Διατί
3020 1349 3075 1401 δὲ
3113 1349 3182 1401 τὰ
3217 1350 3276 1415 ἐξ
3307 1351 3641 1420 ἀγχιστείας,
3675 1354 3848 1420 ἤγουν
3876 1369 3996 1420 τρι-

2408 1442 2620 1507 γενείας
2651 1443 2741 1504 ⁸⁸⁸,
2788 1443 2866 1504 είς
2899 1442 2986 1493 τὸν
3016 1442 3245 1512 ἓὸδομον
3277 1443 3464 1494 λύεται
3511 1443 3755 1512 βαθμὸνς
3809 1444 3883 1496 Τὸ
3913 1445 3991 1506 Ξ),

2408 1533 2440 1602 ἢ
2474 1533 2632 1600 φύσει
2668 1535 2834 1596 ἐστιν,
2863 1534 2894 1602 ἦ
2929 1534 3078 1586 θέσει
3107 1550 3121 1564 ·
3154 1535 3249 1588 καὶ
3281 1535 3442 1602 φύσει
3485 1536 3604 1605 μὲν,
3641 1535 3716 1597 ὡς
3761 1531 3844 1597 εἷς
3905 1539 3996 1588 ἆλ-

2405 1623 2654 1692 θρωπος·
2685 1624 2832 1676 θέσει
2861 1625 2939 1692 δὲ,
2975 1625 3051 1688 ὡς
3077 1627 3104 1677 ὁ
3132 1626 3271 1696 ἀνὴρ
3311 1626 3451 1696 μετά
3488 1630 3585 1697 τῆς
3626 1627 3859 1694 νομίμου
3892 1643 3995 1693 γυ-

2407 1714 2612 1776 ναικὸς,
2640 1713 2733 1775 οὓς
2764 1716 2949 1782 σχέσις
2976 1715 3156 1783 ἣνωσε
3192 1718 3289 1767 καὶ
3329 1715 3591 1783 συνάφεια
3616 1717 3878 1782 σαρκικὴ,
3916 1717 3994 1775 ὡς

735 1815 789 1858 et
821 1821 956 1859 uxor
981 1806 1245 1875 legitima,
1273 1821 1411 1875 quos
1437 1807 1608 1858 univit
1641 1806 1857 1859 aﬂ‘ectio
1904 1816 1957 1859 et
1986 1805 2302 1873 coniunctio
2335 1810 2377 1868 Β

2410 1806 2640 1875 εἴρηται,
2672 1806 2772 1858 καὶ
2803 1806 3016 1858 ἔσονται
3045 1807 3095 1857 οἱ
3121 1805 3216 1858 δύο
3267 1809 3348 1868 είς
3398 1809 3578 1878 σάρκα
3629 1807 3781 1876 μίαν.
3823 1809 3998 1858 Ὀταυ

741 1899 1003 1960 «arttaiis,
1043 1897 1203 1950 sicuti
1230 1897 1591 1966 perscriptum
1641 1896 1870 1965 legimus
1915 1915 1928 1950 :
1967 1895 2030 1950 Et
2059 1904 2219 1950 erunt
2250 1897 2302 1949 hi

736 1988 845 2040 duo
900 1989 953 2039 in
1000 2002 1222 2040 carnem
1292 2002 1477 2040 unam.
1541 1984 1723 2053 Itaque
1766 2001 1889 2040 cum
1954 1985 2303 2040 necessitudo

736 2079 956 2133 exsistit
994 2093 1057 2131 ex
1085 2079 1372 2146 sanguine,
1410 2087 1465 2132 et
1522 2094 1587 2131 ex
1613 2079 1804 2132 eodem
1837 2093 2035 2148 genere
2079 2089 2302 2132 natura-

734 2167 800 2219 lis
839 2176 925 2221 est
951 2167 1301 2221 necessitudo
1335 2177 1389 2220 et
1421 2166 1600 2220 unitas
1650 2185 1660 2218 :
1723 2180 1848 2219 cum
1898 2181 1962 2221 ex
2022 2167 2304 2232 aliinitate,

739 2278 801 2314 ac
827 2262 1048 2316 duobus
1074 2263 1389 2331 generibus,
1442 2263 1792 2329 arrogatione
1838 2263 1896 2315 [it
1949 2263 2132 2316 unitas
2164 2263 2305 2316 inter

732 2369 827 2407 eos
857 2363 910 2406 et
939 2355 1308 2416 necessitudo,
1367 2367 1396 2404 a
1443 2354 1948 2422 consanguinitatis
1999 2355 2305 2408 necessitu-

735 2446 863 2499 dine
906 2445 1147 2498 diversa.
1183 2442 1478 2512 Propterea
1539 2458 1663 2497 mox
1723 2443 1985 2498 inferiore
2033 2443 2307 2513 gradu,et

733 2543 861 2589 ante
913 2544 1188 2597 octavum.
1225 2533 1532 2602 hujusmodi
1588 2535 1932 2588 necessitudo
1976 2545 2030 2588 et
2075 2536 2307 2603 conjun-

734 2627 845 2682 ctio
877 2627 1126 2681 solvitur.
1151 2626 1393 2691 Quorum
1421 2626 1566 2679 enim
1587 2626 1834 2681 strictior
1863 2627 2301 2695 estconjunctio,

737 2736 798 2771 ea
878 2718 1106 2789 majoris
1147 2719 1307 2772 etiam
1363 2717 1608 2787 indigent
1667 2719 1938 2772 intervalli
1993 2719 2057 2771 ad
2113 2719 2236 2784 hoc,
2315 2727 2373 2772 ut
2411 2722 2660 2790 exspiret
2705 2737 2717 2773 :

736 2817 883 2861 sunt.

839 2897 916 2950 De
950 2899 1308 2952 matrimoniis
1343 2913 1408 2952 ea:
1438 2899 1604 2952 tribus
1629 2899 1849 2952 diversis
1881 2900 2186 2969 generibus.

807 2989 1162 3043 Matrimonia
1192 3003 1256 3042 ex
1290 2989 1468 3044 tribus
1506 2989 1739 3044 diversis
1777 2991 2090 3058 generibus,
2131 2989 2302 3058 perti-

2415 1899 2512 1966 μὲν
2541 1897 2634 1950 οὖν
2661 1896 2719 1962 ἐξ
2747 1897 2978 1966 αἵματος
3099 1899 3133 1967 ἠ
3175 1897 3453 1960 οἰκείωσις
3494 1900 3589 1951 καὶ
3629 1898 3822 1964 γένους
3851 1897 3996 1956 ἑνὸς.

2409 1990 2472 2041 τὸ
2501 1989 2700 2041 οἰκεῖόν
2727 2006 2788 2041 τε
2837 1991 2930 2041 καὶ
2973 1989 3034 2041 τὸ
3063 1989 3143 2050 ἓν,
3181 1988 3343 2057 φύσει
3387 1989 3555 2041 ἐστίν.
3607 1988 3777 2040 Ὅταν
3827 1989 3884 2040 δὲ
3938 1986 4000 2048 ἐξ

2412 2080 2733 2148 ἀγχιστείας
2766 2080 2860 2132 καὶ
2891 2079 2984 2130 δύο
3013 2080 3208 2146 γενῶν,
3247 2079 3393 2132 θέσει
3421 2081 3483 2131 τὸ
3535 2079 3614 2141 ἓν,
3677 2081 3769 2131 καὶ
3824 2079 3858 2142 ἡ
3916 2081 3998 2129 οἰ-

2413 2171 2630 2238 κειότης
2653 2171 2859 2232 αὐτοῖς,
2891 2171 2953 2223 οὐ
2995 2171 3136 2223 κατὰ
3170 2170 3272 2239 τὴν
3300 2170 3360 2234 ἐξ
3397 2171 3629 2239 αἵματος
3655 2171 3995 2238 οίκειὰτητα.

2413 2261 2506 2312 Διὸ
2537 2262 2628 2314 καὶ
2651 2262 2727 2331 τῷ
2755 2261 3119 2329 ὑποϐεϐηκὸτι
3155 2260 3370 2330 βαθμῷ,
3403 2262 3495 2314 καὶ
3517 2262 3623 2330 πρὸ
3653 2261 3749 2313 τοῦ
3777 2261 3995 2326 ὀγδόου,

2411 2353 2570 2417 εὐθὺς
2619 2355 2651 2423 ἡ
2704 2355 2927 2423 τοιαύτη
2971 2354 3241 2424 οἰκειότης
3284 2371 3346 2406 τε
3390 2356 3485 2408 καὶ
3537 2354 3731 2416 ἓνωσις
3781 2353 3993 2406 λύεται.

2411 2445 2494 2497 Τὰ
2523 2445 2632 2513 γὰρ
2677 2444 2880 2513 μᾶλλον
2932 2445 3029 2514 τὴν
3087 2445 3283 2497 ἕνωσιν
3325 2445 3540 2514 ἔχοντα,
3598 2444 3846 2506 πλείονος
3900 2445 4001 2497 καὶ

2413 2536 2510 2604 τῆς
2537 2536 2890 2598 ἀποστάσεως
2930 2536 3066 2605 πρὸς
3113 2538 3213 2607 τὴν
3238 2537 3482 2592 διάλυσιν
3509 2538 3720 2590 δέονται
3752 2553 3766 2568 ο
3801 2536 3999 2606 ὥσπερ

2410 2628 2480 2680 τὰ
2505 2625 2667 2697 ἦττον
2705 2629 2987 2698 ἡνωμένα,
3025 2629 3330 2693 ἐλάττονος.

2800 2721 2960 2774 sicuti
3039 2722 3306 2788 minoris,
3380 2738 3505 2792 qua:
3573 2723 3758 2777 minus
3839 2723 3997 2776 unita

2801 2899 2940 2965 Περὶ
2981 2897 3100 2950 τῶν
3140 2898 3209 2951 ἐκ
3249 2901 3595 2967 τριγενειάς.

2483 2989 2561 3040 Τὰ
2602 2989 2647 3040 δ’
2681 2992 2745 3041 ἐκ
2772 2990 3080 3057 τριγενείας
3106 2992 3319 3058 γαμικᾶ
3370 2990 3676 3059 ζητήματα,
3741 2991 3850 3041 εἰσὶ
3897 2991 4000 3058 μὲν

734 3090 864 3141 nent
893 3089 945 3139 et
976 3079 1093 3154 ipsa
1152 3094 1372 3149 quoque
1404 3079 1470 3133 ad
1522 3081 1762 3134 rationes
1827 3079 2144 3134 aﬂinitatis:
2205 3079 2303 3134 scd
2333 3109 2375 3165 ο

2413 3083 2504 3132 καὶ
2540 3081 2709 3133 ταῦτα
2736 3082 2797 3144 ἐξ
2826 3082 3167 3150 ἀγχιστείας,
3205 3081 3340 3134 ἀλλὰ
3363 3085 3428 3151 τῇ
3464 3082 3556 3134 τοῦ
3584 3082 3771 3149 τρίτου
3803 3083 3998 3146 γένους

735 3178 877 3232 tertii
909 3176 1125 3247 generis
1156 3175 1492 3238 interventu,
1524 3171 1740 3229 facilius
1764 3170 2112 3237 libera-ﬁunt,
2139 3186 2301 3243 quam

734 3281 798 3319 ex
829 3265 1044 3319 duobus
1101 3277 1370 3318 connexa.
1431 3263 1645 3332 Quippe
1700 3264 1842 3318 sicut
1877 3264 1994 3317 haec
2043 3263 2302 3331 gradibus

735 3354 955 3409 duobus
993 3354 1252 3409 inferiora
1279 3362 1409 3407 sunt
1443 3355 1746 3408 contractis
1795 3370 1860 3407 ex
1910 3353 2302 3422 consanguini-

734 3455 864 3510 tate,
923 3461 1045 3514 qua:
1096 3444 1269 3515 gradu
1332 3451 1525 3498 octavo
1585 3444 1754 3498 libera
1820 3446 1977 3507 liunt,
2041 3460 2162 3498 cum
2209 3457 2303 3512 per

737 3534 1054 3587 allinitatem
1087 3549 1152 3587 ex
1177 3533 1396 3587 duobus
1427 3541 1714 3586 contracta
1741 3533 2032 3600 generibus
2059 3547 2305 3585 nonnun-

735 3640 900 3691 quam
928 3625 1099 3692 gradu
1132 3632 1289 3678 sexto
1323 3623 1492 3677 libere
1545 3622 1971 3690 permittantur:
2005 3623 2076 3674 ita
2111 3637 2303 3676 rursus

737 3733 799 3769 ex
827 3716 1002 3768 tribus
1025 3715 1322 3768 constituta
1347 3712 1665 3783 generibus.
1722 3713 1887 3764 etiam
1932 3711 2151 3766 duobus
2181 3727 2305 3781 gra-

743 3805 907 3857 dibus
944 3802 1232 3866 inl'eriora,
1263 3816 1426 3870 quam
1460 3815 1581 3868 quae
1635 3798 1853 3852 duobus
1901 3813 1964 3853 ex
2009 3801 2303 3870 generibus

735 3903 1013 3960 constant,
1047 3895 1378 3964 principium
1410 3891 1793 3961 permissionis
1824 3891 1878 3944 in
1903 3899 2096 3960 quarto
2120 3892 2301 3944 statim

736 3988 906 4055 gradu
939 3992 1386 4054 consequuntur:
1446 3983 1570 4036 licet
1635 3982 1688 4036 in
1759 3981 1842 4036 his
1895 3983 2068 4034 multo
2132 3982 2305 4051 magis

736 4077 1006 4145 graduum
1039 4075 1260 4130 vitanda
1292 4073 1652 4141 computatio,
1702 4072 1796 4126 sed
1833 4073 2211 4141 quaerendum,
2236 4088 2304 4125 an

739 4171 961 4223 disertis
1000 4169 1181 4223 verbis
1213 4182 1242 4219 a
1277 4167 1394 4233 lege
1428 4165 1698 4234 probibita
1730 4164 1860 4219 sint.
1904 4165 2138 4219 Maxime
2177 4180 2305 4219 vero

2411 3172 2674 3241 ἔπιπλοῷ,
2714 3174 2842 3242 ῥᾷον
2879 3175 2910 3241 ἢ
2953 3174 3020 3225 τα
3045 3176 3109 3225 ἐκ
3162 3174 3254 3225 δύο
3305 3171 3772 3242 συμπεπλεγμένα
3817 3173 3998 3238 γενῶν

2409 3266 2648 3318 λύονται.
2677 3265 2887 3332 Ὥσπερ
2918 3266 3029 3334 γὰρ
3053 3265 3223 3317 ταῦτα
3258 3266 3377 3318 δυσὶ
3417 3264 3644 3334 βαθμοῖς
3681 3265 3999 3330 ὑποϐέϐηκε

2409 3356 2518 3408 τῶν
2543 3355 2601 3420 ἐξ
2627 3356 2856 3426 αἵματος
2879 3357 2970 3424 (τὰ
3021 3356 3121 3425 μὲν
3144 3357 3258 3423 γὰρ
3289 3357 3368 3416 εἰς
3399 3357 3492 3407 τὸν
3519 3355 3732 3420 ὃγδοον,
3773 3355 3842 3406 τα
3870 3355 3914 3406 ὁ·
3938 3355 4000 3418 ἐξ

2411 3447 2730 3518 ἀγχιστείας
2786 3449 2849 3500 ἐκ
2898 3447 3044 3501 δυοῖν
3089 3449 3268 3515 γενοίν
3331 3445 3444 3498 ἔσθ’
3479 3447 3570 3497 ὅτε
3620 3446 3715 3496 καὶ
3778 3448 3859 3508 εἰς
3902 3446 4001 3496 τὸν

2411 3539 2568 3590 ἕκτον
2597 3538 2859 3604 λύονται),
2893 3538 3035 3590 οὕτω
3068 3539 3231 3590 πάλιν
3273 3537 3341 3588 τὰ
3393 3539 3456 3589 ἐκ
3510 3537 3813 3606 τριτενείας
3845 3536 4002 3587 δυσὶν

2413 3626 2849 3681 ύποὸιὸασθέντα
2883 3626 3112 3695 βαθμοῖς
3152 3626 3264 3677 τῶν
3296 3628 3360 3678 ἐκ
3402 3626 3497 3678 δύο
3525 3625 3721 3692 γενῶν,
3760 3624 3860 3692 τὴν
3897 3625 4004 3690 ἀρ·

2412 3720 2511 3790 χὴν
2554 3722 2651 3789 τῆς
2709 3718 2914 3780 λύσεως
2944 3717 3086 3771 κατὰ
3115 3718 3203 3771 τὸν
3232 3719 3490 3787 τέταρτον
3533 3716 3694 3777 εὐθὺς
3726 3715 4002 3782 λαμίανῖι

2416 3810 2644 3880 βαθμὸν,
2681 3811 2729 3861 εί
2768 3809 2864 3861 καὶ
2923 3809 3102 3877 πολλῷ
3157 3808 3357 3876 μᾶλλον
3411 3810 3492 3868 είς
3547 3806 3719 3858 ταῦτα
3753 3804 4002 3872 βαθμοῖς

2414 3903 2716 3971 λαμϐάνειν
2745 3903 2807 3954 ού
2839 3902 2938 3966 δεῖ,
2961 3901 3099 3956 ἀλλά
3127 3901 3332 3968 ζητεῖν,
3364 3902 3411 3950 εἰ
3437 3900 3537 3950 οὐκ
3567 3897 3817 3964 ἐκωλύθη
3847 3899 4002 3964 παρὰ

2413 3985 2508 4039 τοῦ
2559 3987 2719 4056 νόμου
2775 3987 2996 4056 ῥητῶς·
3056 3989 3170 4047 τοῖς
3223 3987 3280 4038 δὲ
3336 3986 3571 4054 μαλιστα
3626 3986 3929 4045 ἀκωλύτοις
3973 3987 4004 4036 ὁ

2413 4078 2672 4149 τέταρτος
2701 4080 3030 4132 ἑπακολυθεῐ
3089 4078 3318 4148 βαθμδς,
3365 4073 3477 4130 οἷον
3522 4078 3578 4130 δὲ
3627 4079 3720 4129 ἐπὶ
3761 4077 3857 4129 τοῦ
3894 4095 4004 4128 πα-

2416 4170 2677 4240 τριάρχου
2723 4170 2908 4239 Στυπῆ
2963 4170 3281 4240 ἀποβρηθέν
3312 4186 3372 4222 τε
3403 4171 3452 4200 ”
3485 4167 3621 4237 ὁμοῦ
3676 4171 3771 4219 καὶ
3811 4169 3998 4227 λυθὲν,

738 4260 1122 4330 prohibitionis
1175 4259 1416 4325 expertia
1469 4258 1718 4326 sequitur
1771 4265 2001 4325 quartus
2073 4257 2294 4326 gradus.
2337 4257 2932 4331 Cujusmodiquiddam
2962 4273 3065 4326 est,
3098 4261 3243 4330 quod
3303 4260 3404 4314 sub
3459 4260 3765 4329 patriarcha
3830 4260 4002 4327 Stupa

739 4364 988 4407 vocatum
1024 4351 1076 4404 in
1105 4349 1331 4402 dubium
1372 4346 1493 4411 fuit,
1525 4358 1579 4402 et
1614 4363 1711 4416 per
1748 4350 2070 4402 sententiam
2115 4347 2480 4408 declaratum.

810 4442 1040 4508 Quidam
1091 4442 1235 4493 enim
1277 4438 1668 4494 Constantinus
1712 4454 1935 4492 uxorem
1981 4440 2134 4493 duxit
2189 4439 2300 4492 An-
2335 4445 2379 4506 1)

2477 4445 2884 4506 Κωνσταντίνος
2932 4444 3040 4512 γάρ
3062 4460 3145 4505 τις
3174 4443 3365 4496 ἔλαϐεν
3393 4446 3472 4504 εἷς
3519 4444 3753 4508 γυναῖκα
3786 4441 4000 4492 Θεοδώ-

743 4551 890 4596 nam,
923 4531 1195 4585 Theodori
1247 4527 1531 4595 cujusdam
1568 4543 1813 4582 sororem
1856 4544 2190 4598 germanam.
2240 4529 2313 4585 Ea

743 4637 982 4685 mortua,
1030 4622 1376 4676 matrimonio
1394 4620 1633 4674 secundo
1657 4620 1814 4673 duxit
1843 4619 2077 4686 lrenam,
2107 4621 2305 4690 conju-

663 4749 670 4754 -
741 4715 826 4783 gis
861 4711 1132 4765 Theodori
1167 4723 1434 4762 sororem.
1468 4707 1587 4773 Qun
1621 4709 1802 4772 ﬁebat,
1835 4717 1890 4760 ut
1920 4707 2313 4762 Constantinus

742 4811 798 4856 et
833 4800 1008 4854 aﬂinis
1038 4809 1184 4854 esset
1213 4796 1507 4860 Theodori,
1547 4808 1598 4852 et
1640 4797 1904 4854 coalﬁnis.
1952 4796 2092 4852 Sunt
2132 4810 2313 4853 autem

744 4891 800 4945 in
836 4890 936 4944 hoc
969 4889 1169 4958 gradus
1201 4898 1456 4956 quatuor.
1487 4885 1807 4942 Theodorus
1847 4890 1992 4942 enim
2039 4898 2094 4944 et
2137 4892 2315 4952 Anna,

744 4981 916 5050 gradu
955 4978 1194 5032 secundo
1238 4993 1296 5031 se
1328 4980 1669 5048 contingunt.
1705 4979 1834 5032 Item
1879 4996 2014 5034 uxor
2046 4979 2317 5035 Theodm-i

745 5082 800 5126 et
857 5073 1030 5134 lrena,
1081 5071 1252 5140 gradu
1301 5071 1559 5134 secundo,
1599 5072 1689 5140 qui
1744 5071 1945 5142 gradus
1977 5075 2139 5128 simul
2190 5085 2319 5128 sunt

748 5171 1003 5231 quatuor.
1038 5161 1246 5230 Quippe
1285 5162 1364 5214 lex
1405 5163 1513 5215 duo
1563 5161 1828 5216 duntaxat
1855 5179 1918 5217 ex
1957 5166 2118 5218 trium
2150 5182 2312 5235 gene-

749 5268 869 5305 rum
931 5251 1295 5305 matrimoniis
1337 5251 1634 5318 probibuit,
1684 5268 1804 5320 qua:
1845 5253 2007 5307 unius
2048 5256 2316 5308 duntaxat

747 5343 952 5413 gradus
977 5352 1125 5404 sunt,
1161 5357 1267 5395 non
1306 5341 1580 5410 plurium:
1619 5343 1890 5408 videlicet,
1931 5346 2076 5413 quod
2119 5347 2317 5398 ducere

752 5448 861 5487 non
893 5447 1114 5503 possunt
1145 5449 1286 5496 eam,
1333 5448 1453 5500 quae
1487 5435 1757 5502 quondam
1801 5438 2030 5509 privigni
2074 5439 2175 5492 mei
2218 5439 2319 5491 fuit

2427 4551 2521 4604 ρου
2557 4536 2701 4598 τινὸς
2730 4535 3070 4604 αὑταδέλφην
3108 4536 3330 4588 Ἅνναν,
3403 4533 3685 4599 Θανούσης
3755 4533 3997 4601 ἐκείνης,

2422 4626 2613 4679 ἔλαϐεν
2646 4628 2726 4689 εἰς
2755 4627 3006 4695 δεύτερον
3036 4627 3371 4679 συωικὲσιον
3407 4627 3506 4692 τὴν
3561 4625 3652 4676 τοῦ
3714 4623 3999 4690 Θεοδώρου

2423 4717 2856 4785 γυναικαδέλφην
2913 4718 3168 4786 Εἰρήνην.
3237 4716 3324 4777 Ὠς
3378 4716 3633 4781 γενέσθαι
3699 4716 3794 4766 τον
3845 4717 3999 4767 Κων-

2420 4809 2698 4860 σταντίνον
2730 4809 2821 4860 καὶ
2843 4807 3093 4876 γαμϐρὸν
3121 4807 3216 4860 τού
3280 4807 3558 4875 Θεοδώρου
3608 4809 3704 4858 καὶ
3748 4807 4000 4874 σύγγαμ·

2419 4896 2567 4966 ερον.
2632 4897 2749 4948 Είσὶ
2780 4896 2835 4947 δὲ
2865 4897 2922 4948 ἐν
2950 4896 3126 4965 τούτῳ
3163 4894 3361 4964 βαθμοὶ
3391 4894 3676 4960 τέσσαρες.
3754 4893 3814 4943 Ὀ
3869 4891 4002 4943 Θεό-

2421 4981 2588 5050 δωρος
2621 4980 2725 5050 γὰρ
2753 4981 2844 5034 καὶ
2895 4983 2926 5050 ή
2966 4983 3155 5040 Ἅννα,
3195 4978 3403 5048 βαθμοῦ
3437 4979 3720 5047 δευτέρου.
3759 4980 3825 5030 'H
3862 4996 4000 5047 γυιη

2420 5074 2510 5126 τοῦ
2568 5074 2839 5143 θεοδώρου
2896 5073 2989 5124 καὶ
3045 5075 3077 5139 ἡ
3121 5072 3344 5139 Εἰρήνη,
3428 5068 3638 5136 βαθμοῦ
3713 5067 3997 5134 δευτέρου.

2433 5165 2601 5233 Ὀμοῦ
2665 5166 2949 5233 τέσσαρες.
3004 5164 3063 5214 Ὀ
3115 5163 3212 5231 μὲν
3268 5161 3375 5228 γαρ
3423 5160 3583 5228 νὸμος
3611 5159 3702 5209 δύο
3759 5159 3899 5226 μόνα
3935 5160 3997 5208 ἐκ

2421 5257 2727 5327 τριγενείας
2798 5255 3096 5316 ἐκώλυσεν,
3147 5253 3183 5307 ἃ
3228 5255 3320 5306 καὶ
3369 5251 3488 5312 ἑνὸς

2424 5347 2769 5412 τυγχάνουσι,
2826 5344 2917 5396 καὶ
2947 5343 3008 5396 οὐ
3050 5341 3310 5402 πλείονος.
3355 5335 3501 5396 Οἷον.
3534 5338 3615 5389 ὅτι
3665 5338 3724 5388 οὐ
3764 5335 3997 5400 δύναμαι

2425 5439 2726 5505 λαϐεῖντὴν
2760 5435 2884 5489 ποτὲ
2935 5436 3172 5487 νυναὶξκα
3237 5430 3328 5484 τοῦ
3387 5429 3653 5499 προγόνου
3707 5443 3834 5495 μου,
3891 5424 3998 5476 οἱ.Ξ’

3559 5251 3722 5318 μόνου
3788 5249 3999 5316 βαθμοῦ

2020 5617 2246 5671 Vilile
2285 5614 2683 5670 LECTIONES.

853 5705 923 5739 ’δ’
957 5706 1240 5770 διγενείας.
1324 5706 1367 5736 θ’
1397 5701 1669 5767 ἀπορηθεν
1701 5719 1780 5754 τε.
