4198 6444
707 392 851 455 1239

2013 394 2150 453 JUS
2184 394 2624 453 CANUNICUM

3834 387 3974 451 12m

702 510 1054 578 conjunctam
1109 512 1431 565 intermedio
1508 514 1721 582 generi;
1789 529 2033 568 sororem
2102 524 2281 566 tamen

2401 528 2492 563 τιν.
2525 504 2599 563 Οὖ
2631 510 2687 561 δὲ
2722 508 3111 577 τετελεύτηκεν
3163 527 3195 578 η
3243 509 3395 575 γυνὴ.
3450 506 3746 574 λαμϐάνειν
3798 508 3975 575 τούτῳ

698 600 818 665 o-jns
869 599 1015 653 licite
1061 601 1222 654 duco.
1266 598 1408 665 Quin
1449 603 1613 655 etiam
1643 618 1810 671 gener
1845 613 1898 657 et
1935 604 2125 657 uxoris
2165 602 2278 656 fra-

699 699 804 753 Ier,
838 691 881 743 si
918 690 1060 742 tidui
1087 688 1217 743 facti
1248 692 1380 755 sint,
1416 694 1641 747 amitani
1666 702 1719 748 et
1760 695 1944 748 fratris
1967 694 2085 763 ejus
2116 696 2279 749 filiam

701 792 1049 848 nequaquam
1106 778 1333 834 ducunt.
1391 782 1557 849 Cujus
1622 793 1800 836 autem
1872 783 2130 837 defuncta
2200 794 2284 836 est

702 886 858 934 uxor,
912 870 962 924 ei
1019 872 1374 939 permittitur,
1429 884 1486 924 ut
1519 887 1744 925 uxorem
1784 873 1950 927 ducat
1986 874 2281 942 congeneri

700 961 787 1015 vel
815 960 1059 1017 coaﬂinis
1093 964 1179 1018 sui
1214 978 1456 1018 sororem
1490 974 1685 1032 :atque
1717 964 1880 1019 etiam
1914 964 2079 1017 filiam
2102 964 2278 1018 sobri-

703 1065 788 1104 na:
837 1051 1040 1120 prioris
1094 1053 1305 1116 uxoris,
1359 1053 1463 1106 hoc
1504 1062 1611 1119 est,
1666 1055 2051 1108 consobrinam
2088 1069 2283 1109 socrus

703 1157 837 1197 suae.
865 1141 1065 1198 Verum
1105 1143 1269 1196 filiam
1308 1144 1656 1199 consobrina:
1683 1145 1881 1213 prioris
1902 1146 2154 1214 conjugis
2182 1146 2283 1199 du-

704 1249 830 1289 cere
857 1235 1195 1304 prohibetur.
1222 1235 1472 1291 Fratrem
1504 1245 1559 1292 et
1591 1252 1834 1292 sororem
1863 1252 2051 1292 earum
2087 1238 2284 1292 mulie-

701 1340 847 1390 rum,
883 1341 1006 1394 quae
1051 1325 1267 1380 duobus
1318 1326 1582 1382 fratribus
1622 1338 1803 1398 nupta:
1844 1338 1995 1393 sunt,
2043 1330 2184 1383 inter
2226 1345 2285 1385 se

704 1417 950 1484 copulari
990 1416 1070 1469 fas
1101 1429 1203 1471 est.
1230 1417 1515 1472 Sententia
1548 1434 1679 1472 vero
1719 1420 2050 1489 patriarcha:
2083 1420 2285 1475 Leonis

706 1506 892 1577 Stypaz
930 1507 1203 1569 concedit,
1248 1518 1307 1564 ut
1339 1525 1505 1579 gener
1540 1519 1595 1565 et
1626 1511 1815 1565 uxoris
1860 1510 2030 1567 frater
2067 1528 2286 1568 sorores

703 1598 842 1653 duas
898 1600 1122 1665 ducant,
1162 1618 1287 1655 cum
1348 1604 1550 1675 gradus
1609 1607 1835 1673 quintus
1891 1607 2283 1662 constituatur.

704 1691 848 1745 Idem
890 1692 1194 1758 decretum,
1231 1709 1296 1749 ac
1330 1706 1589 1764 praeterea
1623 1696 1903 1753 decretum
1932 1699 2148 1754 Arsenii
2186 1715 2285 1770 pa-

2389 604 2598 668 ὲφεῖται
2626 602 2722 669 τὴν
2753 599 2845 652 τοῦ
2874 600 3232 669 συγγάμϐρου
3280 597 3449 651 αὐτοῦ
3502 597 3760 665 aenei”.
3809 598 3973 649 Ἀλλά

2389 693 2452 763 δὴ
2487 692 2579 744 καλ⁵
2604 692 2702 761 τὴν
2730 692 3004 760 θυγατέρα
3039 691 3134 758 τῆς
3158 689 3548 758 δισεξαδέλφης
3614 692 3715 757 τῆς
3774 689 3977 757 προτέ-

2392 802 2490 855 ρας
2521 784 2683 837 αὑτοῦ
2718 784 3000 852 γυναικὸς,
3057 784 3175 853 ἦτοι
3238 782 3335 851 τὴν
3385 781 3847 851 πρωτεξαδέλφην
3879 782 3977 849 τῆς

2388 878 2655 947 πενθερᾶς
2689 877 2875 932 αὐτοῦ.
2910 875 3229 928 Κεκώλυται
3261 874 3317 927 δὲ
3347 876 3529 926 λαϐεῖν
3556 875 3653 943 τὴν
3697 873 3981 941 θυγατέρα

2387 972 2485 1039 τῆς
2546 970 2771 1041 πρώτης
2793 969 3091 1037 ὲξαδέλφης
3128 969 3225 1037 τῆς
3258 969 3528 1036 προτέρας
3558 964 3723 1017 αὐτοῦ
3781 981 3981 1030 γυναιο

2388 1063 2503 1123 κός.
2552 1063 2655 1113 Δύο
2680 1060 2737 1113 δὲ
2757 1059 3003 1128 ἀδελφῶν
3033 1057 3455 1127 γυναικάὸελφον
3479 1056 3573 1107 καὶ
3616 1053 3984 1120 γυναικαδέλ-

2389 1170 2496 1223 φην
2550 1152 2915 1205 συνάπτεσθαι
2998 1150 3240 1219 θεμιτόν.
3308 1146 3381 1199 Τὸ
3442 1145 3498 1197 δὲ
3568 1144 3834 1212 ψήφισμα
3886 1141 3981 1194 τσῦ

2390 1244 2730 1313 πατριάρχου
2760 1243 2985 1303 Λέοντος
3010 1240 3103 1293 τοῦ
3140 1238 3347 1306 Στυπῆ,
3378 1236 3564 1305 ἐφίησι
3606 1235 3795 1286 λαϐεῖν
3831 1250 3978 1301 γαμ-

2390 1333 2521 1404 ϐρὸν
2552 1335 2645 1386 καὶ
2676 1332 3104 1400 γυναικάδελφον
3150 1330 3244 1382 δύο
3308 1326 3562 1395 ἀδελφάς,
3596 1320 3685 1379 οἷα
3710 1325 3976 1392 πέμπτου

2391 1424 2682 1491 γινομένου
2712 1421 2945 1492 βαθμοῦ.
2977 1421 3051 1473 Τὸ
3084 1420 3140 1473 δὲ
3172 1418 3301 1471 αὐτὸ
3330 1417 3611 1486 ψήςισμα,
3649 1414 3731 1465 ἔτι
3775 1412 3834 1464 δὲ
3888 1414 3980 1464 καὶ

2387 1515 2451 1568 τὸ
2483 1514 2579 1567 τοῦ
2614 1515 2955 1583 πατριάρχου
3002 1511 3300 1580 Ἀρσενξου,
3347 1507 3442 1561 δύο
3472 1505 3737 1571 ἀδελφοὺς
3758 1505 3979 1572 νύμφην

2390 1602 2576 1657 λαϐεῖν
2612 1603 2705 1655 καὶ
2734 1601 3123 1671 ἀνδραδέλᾳην,
3167 1599 3443 1651 ἀκώλυτον
3491 1592 3627 1647 εἶναι
3675 1592 3979 1660 κρίνουσιν.

2404 1694 2463 1747 '0
2490 1695 2634 1758 θεῖος
2664 1696 2758 1748 καὶ
2800 1692 3051 1764 γαμϐρὸς
3090 1690 3401 1759 sidusque;
3460 1685 3673 1757 πρώτῃ.
3718 1684 3814 1737 δύο
3880 1684 3980 1736 λα·

705 1782 978 1845 triarchte,
1028 1791 1283 1837 statuunt
1328 1785 1554 1841 minime
1595 1786 1930 1855 prohibitum
1972 1804 2117 1852 esse,
2153 1803 2289 1857 quo-

2401 1786 2505 1839 δεῖν
2534 1786 2769 1855 ἀδελφὰς
2800 1788 2860 1838 οὐ
2909 1784 3231 1848 κωλύονται,
3288 1782 3337 1833 εί
3406 1779 3497 1832 καὶ
3559 1778 3717 1837 ἕκτος
3764 1775 3980 1841 γίνεται

704 1873 890 1928 minus
924 1873 1032 1927 duo
1058 1874 1257 1929 fratres
1280 1875 1482 1929 ducant
1511 1893 1707 1932 nurum
1737 1895 1799 1933 ac
1831 1896 2074 1935 sororem
2108 1882 2289 1936 mariti

707 1963 850 2028 ejus.
889 1963 1128 2018 Patruus
1161 1974 1215 2019 et
1256 1967 1489 2021 maritus
1526 1966 1651 2021 filiae
1683 1968 1874 2023 fratris
1901 1971 2039 2035 ejus,
2071 1986 2291 2026 sorores

706 2056 847 2107 duas
873 2053 1076 2107 ducere
1102 2068 1209 2107 non
1245 2054 1607 2122 prohibentur
1646 2071 1659 2107 :
1701 2057 1826 2111 licet
1860 2058 2064 2127 gradus
2098 2070 2292 2114 sextus

705 2145 1096 2198 constituatur.
1150 2144 1466 2210 Quinetiam
1522 2162 1686 2217 gener
1743 2157 1799 2203 et
1853 2148 2022 2202 frater
2078 2149 2289 2216 uxoris,

704 2233 845 2285 duas
907 2232 1274 2287 consobrinas
1316 2232 1520 2287 ducere
1564 2248 1671 2287 non
1724 2235 2104 2303 prohibentur,
2167 2237 2292 2293 licet

702 2324 907 2392 gradus
936 2325 1206 2393 septimus
1237 2333 1502 2395 emergat.
1530 2323 1811 2381 Michaelis
1842 2337 2023 2382 autem
2054 2329 2291 2396 patriar-

704 2413 826 2468 cha:
851 2414 1121 2469 sententia
1147 2415 1439 2485 permittit,
1467 2426 1523 2469 ut
1550 2414 1779 2471 Joannis
1810 2416 1943 2481 filia,
1967 2428 2022 2472 et
2048 2419 2292 2488 ejusdem

709 2505 903 2560 uxoris
941 2521 1005 2560 ex
1038 2505 1205 2560 fratre
1250 2506 1453 2575 neptis,
1490 2504 1755 2562 fratribus
1799 2507 2011 2563 duobus
2038 2511 2295 2579 copulen-

707 2606 821 2651 tur.
880 2595 1134 2651 Nonnulli
1183 2605 1364 2652 tamen
1420 2599 1670 2669 quaedam
1720 2616 1784 2655 ex
1842 2601 2097 2658 indicatis
2144 2604 2297 2659 hisce

710 2687 1083 2742 matrimoniis
1142 2687 1334 2742 illicita
1386 2689 1815 2757 pronuntiarunt
1866 2706 1879 2743 :
1938 2692 2192 2747 videlicet
2237 2703 2297 2747 ut

709 2794 984 2848 congener
1012 2780 1275 2850 deinceps
1305 2794 1553 2835 sororem
1589 2780 1712 2850 ejus
1739 2781 1927 2846 ducat,
1958 2784 2053 2853 qui
2094 2800 2296 2854 conge-

710 2886 812 2925 ner
846 2871 1021 2940 ipsius
1049 2870 1215 2927 fuerit
1244 2889 1256 2925 :
1287 2886 1351 2927 ac
1384 2880 1645 2942 praeterea
1669 2874 1841 2929 frater
1872 2877 2060 2931 uxoris
2089 2886 2147 2930 ut
2176 2892 2297 2933 eam

710 2960 898 3025 ducat,
932 2976 1053 3030 quae
1086 2963 1270 3031 generi
1302 2963 1389 3018 sui
1454 2962 1682 3020 fratrem
1722 2965 1777 3020 in
1810 2967 2164 3021 matrimonio
2205 2970 2303 3021 lia-

712 3052 840 3108 beat
876 3070 891 3107 :
923 3055 1070 3109 sicut
1101 3053 1237 3109 illud
1265 3058 1455 3120 etiam,
1481 3058 1626 3127 quod
1648 3059 1965 3128 episcopum
1998 3059 2296 3115 Thessalo-

2399 1877 2627 1946 βαθμὸς.
2676 1876 2838 1929 Ἀλλά
2899 1876 2993 1929 καὶ
3048 1874 3297 1943 γαμϐρὸς
3356 1871 3451 1923 καὶ
3517 1867 3977 1935 γυναικάδελςξος,

2394 1968 2485 2021 δύο
2508 1969 2732 2039 πρώτας
2764 1968 3058 2034 ἐξαδέλιρας
3088 1966 3271 2019 λαϐεῖν
3317 1963 3377 2016 οὗ
3434 1961 3760 2022 κωλύονται,
3814 1960 3865 2012 sl
3890 1962 3982 2010 καὶ

2394 2057 2620 2128 ἒὸδομος
2647 2058 2855 2124 γίνεται
2887 2056 3112 2125 βαθμός.
3183 2056 3256 2107 Τὸ
3310 2055 3365 2107 δὲ
3423 2054 3680 2123 ψήφισμά
3732 2052 3827 2103 τοῦ
3879 2068 3981 2102 πα-

2394 2152 2655 2220 τριάρχου
2676 2149 2927 2219 Μιχαὴλ,
2944 2150 3043 2213 τὴν
3072 2149 3366 2217 θυγατέρα,
3390 2146 3482 2199 τοῦ
3506 2146 3756 2198 Ἰωάννου
3790 2146 3980 2212 τυχὸν,

2395 2244 2490 2296 καὶ
2509 2244 2607 2312 τὴν
2628 2243 2855 2309 ἀνεψιάν
2877 2243 2976 2310 τῆς
3010 2240 3274 2309 γυναικὸς
3295 2238 3481 2300 αὑτοῦ,
3539 2240 3691 2291 δυσὶν
3726 2237 3983 2303 ἀδελφοῖς

2395 2333 2681 2402 ἑπιτρέπει
2717 2332 3101 2402 συζευχθῆναι.
3160 2331 3423 2399 Ἀθέμιτα
3462 2329 3646 2398 μέντοι
3689 2326 3798 2378 τῶν
3830 2329 3986 2395 εἰρη-

2398 2425 2574 2493 μένων
2612 2423 2728 2476 ἔνια
2755 2424 2897 2485 τινὲς
2956 2424 3314 2491 ἐψηφίσαντο.
3384 2421 3457 2472 Τό
3515 2437 3573 2471 τι
3641 2418 3831 2471 λαϐεῖν
3890 2418 3983 2468 τὸν

2399 2514 2746 2584 σύγγραρον³
2767 2515 2867 2583 τὴν
2893 2514 3130 2584 ἀδελφὴν
3163 2512 3387 2581 ὕστερον
3445 2510 3538 2563 τοῦ
3607 2510 3985 2577 συγγάμϐρου

2398 2605 2589 2660 αὐτοῦ.
2650 2605 2768 2657 ’ἔτι
2823 2605 2877 2657 δὲ
2940 2605 3037 2656 καὶ
3090 2604 3182 2656 τὸν
3227 2601 3672 2669 γυναικάδελυον,
3725 2602 3827 2667 τὴν
3892 2598 3984 2651 ἐπ’

2398 2694 2613 2767 ἀδελφῷ
2648 2696 2861 2764 νύμφην
2891 2694 2985 2747 τοῦ
3014 2693 3144 2748 ἰδίου
3171 2693 3335 2746 αὐτοῦ
3367 2690 3642 2759 γαμϐροῦ.
3672 2691 3846 2742 Ὠσπε
3857 2707 3887 2758 ρ
3918 2689 3989 2758 δὴ

2401 2788 2498 2842 καὶ
2539 2789 2733 2851 έκεῖνο,
2792 2787 2930 2855 ὅπερ
2972 2786 3064 2838 τὸν
3113 2783 3363 2853 Χοῦμνον
3417 2780 3823 2849 Θεσσαλονίκης
3870 2780 3989 2849 ἰδίῳ

2402 2880 2610 2951 ἔφημεν
2643 2880 2802 2933 λῦσαι
2844 2879 3180 2949 ψηφίσματι,
3222 2876 3303 2941 τὸ,
3338 2875 3551 2944 πατέρα
3594 2873 3690 2926 καὶ
3742 2874 3861 2924 υἱὸν
3894 2872 3991 2923 λα-

2404 2971 2518 3024 ϐεῖν
2552 2972 2753 3041 μικράν
2779 2971 2929 3023 θείαν
2967 2970 3061 3022 καὶ
3112 2965 3359 3037 ἀνεψιάν.
3416 2963 3554 3034 Φησὶ
3578 2964 3687 3031 γάρ
3726 2962 3757 3014 ὸ
3789 2961 3986 3029 νόμος.

2404 3062 2495 3115 Ἐν
2521 3065 2634 3125 τοῖς
2663 3064 2862 3132 γάμοις
2907 3061 2969 3113 οὐ
3007 3061 3168 3128 μόνον
3191 3059 3254 3111 τὸ
3298 3056 3795 3127 ἐπιτετραμμένον,
3848 3053 3990 3107 ἀλλά

711 3146 851 3200 nica:
888 3146 1197 3201 Chumnum
1222 3146 1493 3202 sententia
1512 3162 1613 3203 sua
1645 3148 1877 3204 solvisse
1912 3148 2194 3215 diximus;
2228 3150 2294 3205 vi-

2411 3152 2505 3205 καὶ
2536 3151 2593 3202 τὸ
2625 3152 2901 3220 εὐπρεπὲς
2940 3148 3236 3219 ζητοῦμεν.

714 3240 915 3297 deLicet
949 3249 1006 3295 ut
1032 3249 1184 3311 pater
1207 3249 1261 3297 et
1287 3239 1431 3298 illius
1450 3241 1654 3298 ducant
1698 3244 1923 3298 amitam
1963 3245 2227 3299 minorem
2256 3255 2310 3301 et
2350 3245 2536 3300 fratris
2571 3244 2689 3313 ejus
2741 3246 2927 3299 filiam.
2970 3245 3184 3314 Quippe
3220 3242 3354 3312 legis
3384 3242 3544 3297 verba
3585 3249 3713 3297 sunt
3732 3238 3870 3309 (75).
3927 3236 3995 3295 In

712 3335 923 3405 nuptiis
955 3348 1063 3388 non
1111 3334 1291 3388 solum
1321 3334 1453 3403 quid
1481 3335 1811 3404 permissum
1852 3336 1946 3400 sit,
1973 3336 2396 3393 consideramus
2425 3354 2439 3393 :
2471 3336 2569 3393 sed
2602 3346 2656 3392 et
2686 3338 2813 3407 quid
2842 3338 2914 3392 sit
2944 3338 3264 3391 honestum.

1300 3426 1376 3482 De
1431 3428 1734 3498 adoptione.

792 3517 859 3572 Et
888 3518 1003 3571 haec
1027 3517 1247 3585 quidem
1274 3526 1356 3571 est
1390 3519 1533 3573 ratio
1570 3520 2049 3577 matrimoniorum
2097 3539 2161 3578 ex
2210 3523 2305 3577 tri-

717 3611 825 3667 bus
859 3609 1098 3665 diversis
1152 3608 1398 3667 familiis.
1439 3611 1712 3667 Caeterum
1744 3614 2061 3685 adoptionis
2110 3617 2301 3679 etiam,

720 3718 843 3773 qua:
863 3702 1233 3758 successionis
1256 3716 1426 3757 causa
1456 3702 1533 3765 fit,
1567 3705 1792 3773 perinde
1808 3708 2075 3761 rationem
2099 3707 2306 3762 haben-

722 3795 872 3857 dam,
914 3801 974 3846 ut
1006 3793 1541 3863 consanguinitatis;
1576 3811 1673 3866 per
1723 3812 1915 3852 sacros
1959 3812 2216 3862 canones,
2250 3807 2306 3854 et

722 3885 1009 3953 religiosas
1039 3889 1185 3955 leges
1218 3885 1398 3939 edocti
1433 3900 1627 3941 sumus
1656 3903 1669 3939 :
1711 3887 1877 3957 idque
1907 3898 2023 3943 tum
2054 3901 2307 3958 respectu

724 3975 990 4044 graduum
1028 3974 1540 4039 mattintonialium.
1569 3983 1683 4030 tum
1722 3978 1986 4033 adeundae
2024 3989 2308 4046 parentum

724 4063 1074 4117 hereditatis.
1121 4062 1279 4132 Legis
1319 4065 1464 4119 enim
1503 4067 1618 4121 haec
1646 4068 1808 4121 verba
1834 4067 2098 4137 sunt(76)
2138 4085 2152 4121 :
2186 4067 2306 4124 Non

724 4165 952 4221 possum
990 4152 1072 4205 vel
1125 4154 1369 4214 amitam,
1407 4155 1489 4207 vel
1533 4165 1910 4220 materteram,
1944 4172 2168 4212 uxorem
2205 4158 2308 4211 du-

726 4257 888 4303 cere,
934 4242 1061 4297 licet
1103 4258 1198 4312 per
1249 4244 1597 4313 adoptionem
1644 4246 1779 4300 mihi
1822 4252 2131 4315 conjuncta:
2170 4251 2302 4313 sint,

726 4336 929 4406 qnippe
960 4345 1196 4389 matrum
1238 4336 1411 4392 vicem
1455 4338 1728 4403 obtinent,
1763 4353 1888 4393 cum
1920 4340 1991 4395 ab
2023 4355 2126 4394 avo
2154 4341 2303 4394 scili-

729 4436 816 4482 cet
845 4427 1115 4497 adoptatae
1151 4429 1283 4491 sint,
1321 4438 1374 4483 et
1406 4431 1548 4498 patri
1583 4445 1704 4485 meo
1738 4446 1993 4486 sororum
2035 4433 2157 4486 loco
2183 4431 2302 4486 fue-

2911 3429 3051 3497 Περὶ
3105 3428 3431 3492 υἱοθεσίας.

2478 3522 2589 3575 Καὶ
2612 3520 2755 3575 οὕτω
2792 3521 2891 3588 μὲν
2930 3519 2999 3572 τά
3024 3521 3087 3572 ὲκ
3118 3519 3447 3588 τριγενεεας.
3481 3516 3685 3585 Τήνλγε
3720 3514 3830 3583 μὴν
3869 3514 3995 3565 6t:-

2406 3614 2566 3685 δοχῆς
2613 3615 2778 3667 ’ἑνεκα
2832 3612 3121 3681 γινομένην
3201 3608 3473 3662 υἱοθεσίαν
3516 3606 3997 3675 παραφυλάττειν,

2406 3708 2548 3761 καθά
2578 3705 2643 3777 δὴ
2696 3706 2793 3758 καὶ
2816 3706 2917 3773 τὴν
2967 3703 3027 3767 ἐξ
3053 3703 3316 3772 αἵματος,
3373 3700 3508 3770 πρὸς
3544 3698 3652 3750 τῶν
3697 3698 3861 3767 ἱερῶν
3901 3713 4004 3750 u-

2406 3798 2575 3851 νόνων
2604 3796 2699 3851 καὶ
2727 3794 3062 3865 φιλευσεϐὦν
3094 3791 3455 3861 δεδιδάγμεθα
3485 3790 3695 3858 νόμων·
3749 3788 3894 3840 κατά
3935 3803 4000 3838 τε

2407 3890 2532 3951 τοὺς
2563 3889 2833 3957 γαμικοὺς
2858 3884 3066 3954 δηλαδὴ
3100 3884 3365 3952 βαθμοὺς.
3412 3882 3503 3933 καὶ
3562 3878 3661 3947 τὴν
3723 3878 3833 3929 τῶν
3895 3893 3999 3943 γο-

2407 3980 2545 4033 νέων
2573 3976 2959 4048 κληρονομίαν.
2992 3976 3129 4044 Φησὶ
3154 3974 3263 4041 γάρ
3291 3974 3319 4025 ὀ
3364 3972 3529 4040 νόμος
3565 3986 3579 4000 ·
3639 3969 3715 4021 Οὐ
3750 3966 3999 4034 δύναμαι

2407 4068 2505 4139 τὴν
2538 4068 2675 4138 πρὸς
2716 4066 2986 4136 πατρὸςῆ
3033 4064 3238 4134 μητρὸς
3297 4062 3449 4115 θείαν
3516 4061 3706 4115 λαϐεῖν
3756 4063 3841 4124 είς
3900 4077 4001 4128 γυ·

2409 4162 2679 4223 ναίκα,εί
2733 4160 2829 4211 καὶ
2885 4159 2992 4210 εἰσὶ
3050 4158 3239 4211 θεταί·
3285 4155 3471 4226 ἐπειδὴ
3523 4154 3778 4224 μητέρων
3841 4154 4005 4218 τάξιν

2414 4254 2670 4324 ἔχουσιν·
2732 4252 2856 4320 ἥτις
2911 4251 3090 4318 τυχὸν,
3151 4249 3232 4319 τῷ
3287 4248 3497 4316 πάππῳ
3545 4246 3646 4316 μὲν
3678 4245 4003 4315 υίοθετήθη,

2413 4346 2649 4414 ἀδελφῆς
2672 4360 2731 4395 τε
2766 4343 2930 4395 τόπον
2983 4342 3169 4409 ἐπεῖχε
3222 4340 3358 4410 πρὸς
3417 4339 3510 4390 τὸν
3562 4337 3802 4406 πατέρα,
3858 4338 4001 4405 πρὸς

2414 4439 2511 4507 ἐμὲ
2558 4436 2615 4488 δὲ
2676 4434 2844 4497 θείας.
2915 4431 3051 4485 Οὔτε
3116 4432 3145 4483 ὁ
3172 4430 3327 4491 θετὸς
3355 4428 3537 4499 πατὴρ
3562 4429 3661 4497 τὴν
3695 4428 3795 4480 τοῦ
3832 4427 3997 4481 θετοῦ

727 4520 862 4585 rint,
895 4520 1025 4573 mihi
1072 4519 1367 4573 amitarum
1403 4530 1458 4575 et
1495 4530 1942 4577 materterarum.
1976 4522 2086 4579 Nec
2131 4532 2294 4592 pater.

2412 4527 2531 4580 υἱοῦ
2567 4525 2845 4593 θυγατέρα
2871 4524 2903 4592 ἢ
2935 4522 3034 4593 τὴν
3065 4522 3318 4590 ὲγγόνην.
3347 4518 3469 4572 οὔτε
3501 4521 3530 4571 ὁ
3569 4518 3725 4581 θετὸς
3754 4519 3877 4581 υίὸς
3898 4522 4001 4588 τὴν

728 4614 824 4684 qui
869 4612 1038 4667 filium
1081 4612 1513 4682 adoptavit(77),
1562 4614 1657 4667 filii
1698 4614 1941 4684 adoptivi
1984 4615 2174 4679 filiam,
2226 4616 2309 4668 vel

730 4711 949 4772 Leptem
1001 4702 1201 4756 ducere
1255 4709 1477 4771 potest:
1509 4717 1610 4757 nec
1660 4704 1803 4758 filius
1845 4704 2152 4773 adoptivus,
2211 4704 2309 4758 ad-

734 4793 908 4866 optivi
939 4794 1109 4863 patris
1137 4808 1391 4859 uxorem,
1422 4794 1509 4849 vel
1533 4798 1885 4859 matrem,ve|
1915 4811 2162 4851 sororem
2191 4811 2309 4851 ma-

733 4888 861 4952 tris,
911 4885 993 4940 vel
1046 4897 1261 4955 neptem
1309 4902 1374 4942 ex
1419 4886 1686 4957 filio(78).
1723 4888 1876 4953 Quod
1917 4889 1961 4943 si
2004 4896 2171 4954 tutor,
2224 4890 2311 4943 vel

733 4980 824 5043 qui
860 4987 1080 5031 curator
1107 4977 1306 5041 fuerit,
1334 4978 1595 5048 adoptare
1626 4980 1856 5033 voluerit
1883 4981 2136 5034 maritum
2168 4981 2313 5049 ejus,

736 5070 897 5136 cujus
929 5070 1155 5123 tutelam
1202 5069 1287 5122 vel
1320 5085 1508 5124 curam
1553 5072 1715 5139 gerit,
1750 5072 1900 5126 irrita
1952 5074 2172 5140 quidem
2223 5080 2307 5128 est

739 5160 976 5228 adoptio.
1008 5174 1115 5213 non
1154 5172 1333 5214 tamen
1368 5161 1573 5231 nuptiae
1604 5162 2042 5232 solvuntur(79).
2071 5163 2306 5217 Solvun-

741 5259 829 5303 tur
861 5262 1062 5315 antem,
1107 5267 1230 5305 eum
1266 5252 1388 5321 quis
1417 5266 1674 5322 generum
1711 5269 1869 5308 suum
1918 5254 2300 5323 adoptaret-it:

2410 4616 2507 4670 τοῦ
2541 4616 2696 4670 θετοῦ
2726 4613 2931 4683 πατρὸς
2972 4611 3239 4681 γαμετὴν,
3282 4610 3315 4679 ἢ
3390 4610 3489 4679 τὴν
3543 4611 3781 4679 μητέρα,
3820 4611 3855 4677 ἦ
3906 4612 4008 4680 τὴν

2414 4706 2648 4776 ἀδελφὴν
2680 4705 2870 4774 αὐτῆς,
2904 4703 2937 4773 ἢ
2968 4702 3067 4773 τὴν
3098 4701 3206 4754 ἀπὸ
3262 4699 3379 4753 υἱοῦ
3440 4701 3695 4768 ὲγγόνην.
3752 4700 3886 4752 Ἐὰν
3948 4702 4008 4753 δὲ

2414 4801 2443 4851 6
2490 4798 2814 4865 ἐπίτροπος,
2861 4794 2895 4865 ἢ
2958 4796 2987 4847 ὁ
3033 4792 3328 4863 λεγόμενος
3363 4791 3655 4860 κουράτωρ
3685 4792 4008 4859 υἱώετῆσαι

2420 4888 2654 4959 βουληθῇ
2703 4886 2797 4939 τὸν
2828 4884 3000 4953 ἄνδρα
3028 4884 3128 4953 τῆς
3170 4882 3680 4951 ὲπιτροπευομένης
3712 4881 3746 4951 ἦ
3799 4899 4009 4952 scopa.-

2418 4977 2803 5048 τορευομένης,
2831 4976 2865 5045 ἢ
2901 4975 2992 5028 τὸν
3040 4974 3249 5044 πατέρα
3319 4972 3506 5042 αὐτῆς,
3543 4974 3577 5041 ἡ
3611 4973 3761 5036 θέσις
3799 4976 4010 5044 ἄκυρὸς

2414 5074 2581 5136 ἐστιν,
2614 5071 2673 5122 οὐ
2720 5069 2825 5139 μὴν
2883 5070 2911 5121 ὁ
2972 5067 3148 5135 γάμος
3206 5065 3413 5119 λύεται.
3444 5064 3649 5118 Λύεται
3700 5066 3781 5125 δὲ.
3836 5067 4010 5135 ἡνίκα

2412 5178 2495 5224 τις
2523 5162 2615 5213 τὸν
2649 5160 2777 5213 ίδιον
2810 5158 3061 5228 γαμϐρὸν
3122 5156 3516 5226 εἰσποιήσαιτο.
3562 5155 3623 5207 'H
3672 5155 3729 5207 δὲ
3776 5154 3853 5209 κδ’
3908 5157 4006 5210 τοῦ

2422 5252 2687 5321 βασιλέως
2734 5251 2959 5313 Λέοντος
3021 5247 3116 5301 τοῦ
3179 5246 3373 5315 Σοφοῦ,
3440 5246 3651 5317 Νεαρά,
3713 5248 4011 5303 κωλύουσα

2022 5390 2252 5445 VARIAE
2290 5389 2695 5448 LECTIONES.

842 5481 865 5513 ³
896 5480 1268 5551 σύγγαμϐρον.

2256 5567 2491 5627 NOTAE.

816 5667 926 5731 (75)
951 5666 988 5719 1.
1005 5664 1094 5719 ιε.
1113 5666 1172 5719 D.
1199 5663 1269 5716 De
1288 5664 1377 5715 rit.
1401 5671 1545 5730 nupt.
1574 5661 1607 5715 Ι.
1630 5659 1860 5727 Semper.
1885 5660 1943 5715 D.
1970 5660 2041 5715 De
2061 5678 2165 5731 reg.
2192 5664 2296 5728 iur.

810 5730 924 5803 (76)
962 5737 999 5788 I.
1037 5736 1119 5788 f7.
1157 5734 1183 5803 ᾗ
1227 5734 1481 5786 Αυιὶιοηι.
1611 5732 1674 5803 {lg
1700 5734 1790 5803 rit.
1826 5742 1975 5803 nupt.

816 5802 929 5869 (77)
962 5807 995 5860 I.
1161 5801 1230 5859 υ.
1265 5804 1477 5859 eodem.
1518 5802 1553 5855 ι.
1612 5801 1692 5854 l7.
1744 5801 1802 5855 υ.
1860 5802 1978 5856 eod.
2032 5812 2083 5856 et
2134 5803 2169 5857 1.
2235 5802 2297 5857 Η

2414 5663 2596 5804 Θοῗθ8)
2631 5734 2671 5804 l.
2700 5735 2909 5799 penult.
2950 5734 2976 5804 ᾗ
3004 5733 3112 5804 Sed
3144 5744 3192 5787 ct
3224 5734 3290 5789 si.
3322 5734 3380 5787 D.
3406 5736 3530 5788 cod.

2482 5801 2591 5871 (79)
2624 5802 2647 5873 ς
2681 5803 2783 5857 Sed
2814 5807 2852 5857 si
2885 5801 2965 5858 tu.
3000 5803 3129 5859 Inst.
3178 5805 3240 5857 de
3274 5813 3446 5873 mq’L,
3482 5805 3572 5858 ubi
3625 5802 3920 5874 Theophil.
