4198 6444
216 376 353 442 1241

1511 380 2220 442 ϐΒΕΟΟ-ΒΟΜΛΝΗΜ.

3348 378 3489 444 12ίὲ

208 492 342 553 τοὺς
401 490 849 558 είσποιουμὲνους
908 492 1040 558 πρὸς
1090 489 1335 559 γαμικὴν
1389 490 1606 559 ὁμιλίαν
1668 507 1793 541 συν-

1902 490 2173 545 Caeterum
2196 490 2417 544 Novella
2446 505 2607 543 uxtv
2633 488 2897 559 principis
2921 487 3139 548 Leonis,
3166 492 3488 558 cognomine

212 581 489 635 ἅπτεσθαι
516 584 627 643 τοῖς
674 580 766 633 τοῦ
798 581 1255 649 εἰσποιησαμένου
1308 580 1519 643 παισὶν,
1554 580 1747 648 ἐπάγει
1777 596 1789 609 ·

211 674 380 726 Ἀλλὰ
399 673 567 725 πάλαι
610 674 711 741 μὲν
758 672 832 742 μὴ
860 673 1002 726 κατᾶ
1040 672 1218 740 λόγον,
1272 672 1365 724 νῦν
1392 673 1449 725 δὲ
1514 676 1657 724 κατὰ
1702 674 1795 725 τὸν

211 765 500 834 πρέποντα
529 764 730 829 θεσμὸν
755 764 851 817 καὶ
899 765 1107 817 δίκαιον
1153 767 1252 833 τῆς
1324 763 1601 825 υἱοθεσίας
1646 781 1793 829 γινο-

213 857 412 925 μένης,
466 858 560 909 καὶ
595 856 682 910 διὰ
712 857 936 927 τελετῆς
964 858 1138 925 ίερᾶς,
1187 857 1293 910 τῶν
1346 857 1447 925 μὲν
1480 856 1559 918 είς
1590 855 1797 920 γονέων

209 948 370 1010 τάξιν
406 947 841 1017 καθισταμένων,
893 950 1004 1003 τῶν
1032 950 1089 1003 δὲ
1120 952 1200 1012 είς
1250 949 1348 1021 τὴν
1399 948 1508 1001 τῶν
1564 946 1795 1007 παίδων,

212 1038 402 1090 οὐγέτι
438 1037 810 1107 περιλείπεται
865 1040 1022 1110 λόγος
1060 1042 1139 1105 είς
1186 1042 1368 1110 γάμον
1425 1037 1797 1094 συνάπτεσθαι

211 1131 331 1190 τοῖς
368 1129 511 1182 κατὰ
564 1130 729 1198 φύσιν
782 1132 875 1185 τοῦ
930 1132 1392 1203 εἰσποιησαμένου
1461 1132 1618 1184 παισὶ
1672 1132 1799 1193 τοὺς

212 1222 565 1290 εἰσποιητοὺς
595 1222 810 1284 παῖδας,
850 1223 987 1291 μηδὲ
1043 1222 1104 1276 τὸ
1167 1222 1277 1277 τῶν
1326 1221 1571 1290 ἀδελφῶν
1626 1220 1797 1288 ὄνομα

212 1310 353 1377 πρὸς
387 1311 450 1363 τὸ
478 1311 579 1379 τῆς
623 1314 887 1379 συζυγίας
929 1314 1398 1383 μεθαρμόζεσθαι,
1467 1312 1608 1365 ὥστε
1648 1327 1795 1380 γαμ-

209 1397 380 1465 6ροῦς
414 1400 538 1453 ἀντὶ
564 1400 811 1470 ἀδελφῶν
862 1400 1168 1457 καλεῖσθαι.

503 1575 629 1627 Ὅτι
669 1576 1008 1632 υιοθετοῦσι
1052 1577 1153 1632 καί
1211 1575 1518 1645 εὐνοῦχοι.

287 1661 395 1715 Τοῦ
420 1663 477 1717 δὲ
506 1666 671 1734 νόμου
712 1667 989 1735 λέγοντος,
1039 1670 1123 1722 ὃτι
1161 1668 1368 1740 ὴθέσις
1423 1668 1669 1737 μιμεῖται
1699 1668 1797 1738 τὴν

210 1754 400 1820 φύσιν,
456 1760 549 1808 καὶ
600 1757 687 1810 διά
743 1757 901 1812 τοῦτο
962 1761 1265 1823 κωλύοντος
1320 1758 1446 1821 τοὺς
1509 1758 1798 1828 εὐνούχους

1900 579 2197 648 Sapientis,
2252 595 2373 633 eum
2410 581 2677 645 prohibet,
2724 595 2789 633 ne
2830 580 2922 648 qui
2964 580 3319 647 adoptantur,
3362 598 3484 634 cum

1898 670 2086 725 liberis
2109 671 2251 739 ejus,
2286 671 2377 738 qui
2398 671 2703 738 adoptavit,
2737 672 3089 725 matrimonio
3116 672 3445 740 copulentur
3468 714 3481 735 ,

1899 761 2011 816 inec
2047 763 2283 830 subjicit.
2322 762 2425 816 Sed
2463 762 2593 814 olim
2644 761 2863 829 quidem
2910 776 3019 815 non
3061 763 3359 815 secundum
3396 780 3487 815 iu-

1897 852 2121 914 tionem,
2166 868 2311 906 nunc
2353 866 2479 905 vero
2530 865 2653 904 cum
2697 848 2993 903 decentiet
3030 849 3179 914 justa
3226 852 3343 920 lege
3391 854 3484 904 liat

1897 942 2159 1011 adoptio;
2199 958 2471 1013 sacroque
2510 944 2615 996 ritu
2667 942 2739 995 illi
2794 949 3109 1011 parentum,
3150 942 3202 994 lii
3248 943 3482 997 lilinrtnn

1899 1035 1952 1088 in
1982 1035 2161 1087 locum
2200 1034 2743 1103 constituantur(80)
2778 1052 2793 1088 :
2834 1048 2941 1087 non
2978 1032 3216 1100 amplius
3252 1035 3356 1085 ulla
3400 1050 3486 1086 re-

1898 1125 2043 1193 liqua
2078 1123 2214 1178 ratio
2254 1132 2361 1189 est,
2406 1140 2512 1189 qua
2545 1125 2638 1177 lilii
2680 1124 2922 1192 adoptivi
2966 1139 3089 1177 cum
3140 1123 3484 1178 naturalibus

1896 1216 2086 1271 liberis
2143 1216 2302 1284 ejus,
2348 1215 2439 1282 qui
2490 1215 2749 1283 adoptat.
2811 1214 3160 1266 matrimonio
3217 1215 3481 1283 ('ﬂptiit‘ll-

1897 1317 1983 1361 tur
2006 1308 2116 1375 (8|)
2168 1324 2181 1359 :
2240 1322 2339 1361 nec
2387 1315 2439 1360 ut
2496 1307 2728 1359 fratrum
2791 1322 3015 1367 nomen,
3067 1321 3191 1356 cum
3259 1307 3484 1358 numine

1897 1399 2137 1468 conjugii
2183 1398 2264 1452 sic
2303 1405 2694 1463 commutetur,
2740 1405 2798 1450 ut
2841 1396 3073 1449 fratrum
3123 1397 3244 1449 loco
3295 1398 3482 1466 generi

1897 1502 2183 1545 VOCCIIHII'.

2278 1582 2455 1635 Etiam
2498 1580 2780 1636 Eunuchos
2819 1576 3095 1644 adoptare.

1966 1673 2100 1728 Cum
2123 1680 2305 1728 autem
2338 1672 2423 1726 lex
2456 1672 2605 1726 dicat
2627 1671 2865 1741 (82-33),
2905 1672 3251 1741 ad0ptionem
3278 1670 3480 1726 imitari

1900 1777 2185 1830 naturam,
2221 1765 2452 1832 ideoque
2477 1765 2783 1834 prohibeat,
2820 1779 2887 1819 ne
2912 1765 3024 1833 (84)
3053 1780 3213 1833 quem
3237 1766 3478 1819 eunuchi

208 1848 477 1899 είσποιείν
526 1865 675 1912 τινα,
730 1850 823 1902 καὶ
863 1850 1008 1921 ἔχειν
1047 1853 1212 1905 αὑτὸν
1243 1850 1589 1917 ὑπεξούσιον,
1623 1852 1657 1921 ἡ
1717 1851 1793 1915 κς¹

1901 1858 2175 1919 aduptent,
2215 1866 2271 1909 ut
2300 1871 2487 1909 eorum
2525 1855 2578 1909 in
2614 1863 2882 1925 potestate
2909 1856 2981 1909 sit
3015 1871 3026 1906 :
3060 1855 3304 1923 ejusdem
3335 1857 3482 1924 prin-

208 1938 402 2006 Νεαρὰ
430 1939 520 1991 τοῦ
555 1940 714 1992 αὐτοῦ
763 1940 1025 2009 βασιλέως
1070 1942 1327 1995 ἐθέσπισε
1348 1980 1363 2007 ,
1400 1940 1492 1993 καὶ
1522 1940 1679 1994 τοῦτο
1707 1942 1794 2010 γίο

209 2044 269 2080 νε
280 2026 401 2079 σθαι
447 2028 761 2092 ἀκωλύτως.

521 2121 638 2172 Ὅτι
677 2124 1015 2177 υίοθετοῦσι
1072 2124 1167 2177 καί
1193 2124 1495 2193 παρθένοι.

296 2208 361 2261 Ἦ
387 2209 442 2261 δὲ
495 2210 715 2280 εἰκοστὴ
772 2213 976 2282 ἑϐδόμη
1038 2214 1133 2266 καὶ
1178 2216 1296 2271 ταῖς
1342 2216 1631 2286 παρθένοις
1682 2215 1795 2266 είσ-

209 2302 394 2351 ποιεῖν
417 2299 622 2363 δίδωσι,
652 2302 745 2355 καὶ
791 2304 921 2365 τοὺς
976 2303 1395 2373 είσποιηθέντας
1442 2304 1797 2369 ὑπεξουσίους

208 2388 242 2455 ἦ
268 2389 668 2456 αὐτεξουσίως,
699 2392 881 2445 δίκαια
909 2393 1275 2463 κληρονομίας
1301 2394 1447 2466 ἔχειν
1472 2396 1559 2449 ἐπ’
1580 2397 1791 2459 αὑταῖς.

208 2480 325 2531 Καὶ
354 2483 425 2551 μὴ
454 2481 659 2537 δεῖσθαι
718 2484 999 2553 βασιλικοῦ
1035 2487 1430 2557 ἐπιτάγματος,
1472 2491 1506 2559 ἢ
1546 2488 1796 2559 πράξεως

207 2569 507 2626 δικαστῶν.

208 2664 351 2728 Περὶ
394 2661 504 2731 τῆς
541 2664 661 2717 ἀπὸ
694 2665 799 2720 τοῦ
819 2667 992 2735 ἁγίου
1009 2668 1432 2737 βαπτίσματος
1462 2665 1789 2732 ἀναδυχῆς.

300 2752 364 2803 Ἢ
397 2752 453 2804 δὲ
493 2753 602 2807 ἀπὸ
633 2754 727 2807 τοῦ
749 2757 907 2823 ἁγίου
960 2757 1334 2826 βαπτίσματος
1362 2756 1487 2810 κατ’
1530 2755 1795 2824 ἁναδοχὴν

212 2842 472 2911 γινομένη
500 2844 761 2911 υἱοθεσία,
797 2848 896 2901 ούκ
935 2850 1017 2912 εἰς
1061 2848 1427 2920 κληρονομίαν
1462 2848 1791 2917 εἰσέρχεται,

211 2933 332 2986 ἀλλ’
362 2934 444 2996 είς
467 2936 592 2997 τοὺς
622 2938 894 3004 γαμικους
931 2938 1144 3007 μόνους,
1205 2938 1279 3002 ὡς
1318 2940 1557 3010 εἴρηται,
1615 2937 1796 3005 ζητεῖ-

211 3043 308 3079 ται
341 3023 604 3094 βαθμούς.
648 3028 785 3095 Φησὶ
814 3028 923 3096 γὰρ
952 3031 979 3083 ὁ
1012 3030 1379 3099 πεντηκοστὸς
1407 3030 1587 3102 τρίτος
1616 3027 1795 3082 κανὼν

211 3117 315 3187 τῆς
363 3113 527 3186 ἕκτης
563 3118 781 3171 συνόδου
813 3135 825 3147 ·
873 3120 1089 3191 Ἐπειδὴ
1152 3120 1357 3190 μείζων
1381 3122 1526 3173 ἐστὶν
1572 3122 1604 3189 ἡ
1653 3119 1794 3172 κατὰ

213 3206 436 3274 πνεῦμα
466 3209 735 3277 οἰκειότης
760 3209 858 3279 τῆς
889 3211 997 3262 τῶν
1023 3212 1295 3281 σωμάτων
1328 3214 1641 3281 συναφείας,
1669 3214 1795 3277 τοὺς

212 3298 279 3350 ἐκ
308 3296 405 3351 τοῦ
434 3298 592 3364 ἁγίου
624 3299 719 3351 καὶ
771 3301 1145 3369 σωτηριὼδους
1190 3302 1565 3372 βαπτίσματος
1600 3305 1798 3367 παῖδας

213 3388 668 3457 ἀναδεχομένους,
690 3391 782 3442 καὶ
808 3393 945 3461 μετά
974 3392 1132 3446 τοῦτο
1154 3396 1273 3456 ταῖς
1302 3395 1527 3448 ἐκείνων
1560 3396 1799 3466 μητράσι

216 3478 587 3547 χηρευούσαις
615 3481 868 3549 γαμικῶς
905 3484 1364 3553 συναπτομένους,
1389 3485 1644 3555 ὁρίζομεν
1698 3489 1801 3555 ἁφ-

216 3570 473 3623 ίστασθαι
514 3573 613 3640 μὲν
643 3571 737 3625 τοῦ
780 3574 1022 3629 τοιούτου
1062 3579 1433 3629 συνοικεσίουο
1483 3576 1673 3629 ἔπειτα
1704 3580 1799 3631 καὶ

213 3664 332 3723 τοῖς
414 3663 521 3716 τῶν
572 3665 943 3735 πορνευόντων
1014 3667 1312 3739 ἐπιτιμίοις
1377 3667 1795 3724 ύποΰάλλεσθαι.

223 3751 288 3806 '0
318 3753 427 3822 γάρ
488 3754 564 3823 μὴ
622 3756 852 3826 ἑτοίμως
898 3757 991 3809 τοῦ
1052 3757 1225 3811 κακοῦ
1272 3760 1659 3828 ἀφιστάμενος,
1706 3761 1800 3814 καὶ

213 3844 732 3915 ἐξομολογούμενος,
794 3848 870 3911 ὡς
925 3850 1230 3919 ὲμομίκτης
1273 3850 1293 3880 ’⁵
1330 3851 1615 3921 κρίνεται.
1658 3852 1717 3904 Ὀ
1742 3851 1800 3903 δὲ

213 3937 381 4006 νόμος
407 3936 569 4003 φησίν
604 3952 617 3965 ·
657 3938 714 3989 ὐ
744 3937 926 4005 μέντοι
966 3940 1072 3992 ἀπὸ
1102 3941 1195 3993 τοῦ
1229 3943 1384 4006 ἁγίου
1427 3943 1801 4014 βαπτίσματος

214 4028 344 4078 τινὰ
381 4025 699 4091 δεξάμενος,
729 4027 789 4078 οὐ
824 4026 1043 4081 δύναται
1074 4030 1242 4099 αὐτὴν
1278 4030 1505 4102 ὕστερον
1532 4034 1666 4104 πρὸς
1697 4035 1795 4102 γά-

220 4132 325 4183 μον
350 4117 683 4183 ἀγαγέσθαι,
712 4116 788 4180 ὡς
817 4118 916 4188 ήδη
949 4121 1249 4190 γενομένην
1290 4122 1455 4175 αὐτοῦ
1500 4123 1797 4194 θυγατέρα.

216 4208 357 4260 Οὐδὲ
388 4208 485 4278 τὴν
516 4208 721 4277 ταύτης
755 4209 971 4279 μητέρα
1007 4212 1037 4280 ἦ
1072 4212 1371 4284 θυγατέρα.
1413 4214 1555 4266 Ἀλλ’
1612 4214 1734 4268 οὐδὲ
1771 4218 1801 4267 ὁ

216 4299 335 4361 υίὸς
357 4299 545 4353 αὑτοῦ.
591 4301 742 4355 Ἐπεὶ
790 4303 943 4356 οὐδὲν
1000 4304 1129 4356 ἄλλο
1167 4304 1387 4359 δύναται
1463 4307 1640 4371 οὕτως
1688 4310 1801 4361 είσ-

216 4391 449 4454 αγαγείν
476 4390 746 4459 πατρικὴν
803 4391 1041 4445 διάθεσιν
1084 4396 1179 4446 καὶ
1224 4395 1435 4449 δικαίαν
1479 4397 1659 4467 γάμου
1691 4396 1803 4450 κὼ-

1898 1949 2032 2012 ripis
2066 1947 2279 2001 Novella
2313 1963 2435 2000 xxvn
2462 1947 2683 2013 statuit,
2716 1956 2777 2002 ut
2802 1948 2902 2001 hoc
2931 1963 3151 2017 quoque
3180 1947 3320 2002 citra
3353 1964 3481 2018 pro-

1900 2038 2217 2093 hibitionem
2253 2038 2417 2090 ullam
2457 2039 2570 2091 iiat.

2242 2127 2483 2198 Virgines
2522 2127 2683 2180 etiam
2723 2126 2979 2195 adoptare
3005 2127 3146 2195 (83).

1969 2220 2226 2289 Ejusdem
2291 2234 2438 2273 xxv"
2504 2219 2830 2274 constitutio
2889 2220 3198 2288 virginibus
3258 2234 3479 2288 quoque

1898 2318 2221 2378 potesmtem
2253 2308 2548 2376 adoptandi
2573 2309 2851 2370 ceucedit,
2887 2317 2942 2361 et
2980 2318 3036 2360 ut
3071 2308 3335 2376 adoptati,
3369 2317 3477 2360 tam

1898 2402 1991 2455 ﬁlii
2044 2399 2302 2459 familias.
2351 2413 2519 2467 quam
2554 2398 2885 2468 emancipati
2931 2399 3239 2467 virginibus
3283 2414 3479 2454 succe-

1897 2492 2057 2548 dendi
2093 2490 2184 2559 jus
2215 2490 2492 2545 habeant:
2525 2506 2627 2545 nec
2657 2492 2723 2544 ad
2760 2492 2865 2545 hoc
2898 2488 3181 2561 indigeant
3213 2491 3481 2561 principis

1896 2581 2191 2651 rescripto,
2217 2581 2301 2634 vel
2343 2589 2468 2633 actu
2502 2580 2776 2648 judicum.

2024 2662 2027 2663 ⁷
2136 2670 2214 2724 De
2251 2671 2577 2738 susceptione
2613 2685 2678 2724 ea:
2713 2686 2868 2724 sacro
2910 2670 3244 2737 baptismate.

1962 2757 2223 2829 Adoptio,
2261 2776 2381 2829 qua:
2412 2761 2470 2813 ﬁt
2511 2775 2607 2829 per
2656 2761 3064 2829 susceptionem
3096 2776 3160 2815 ex
3196 2775 3357 2814 sacro
3384 2761 3482 2815 ba-

1896 2844 2167 2913 ptismate,
2188 2864 2296 2904 non
2319 2849 2385 2903 ad
2406 2848 2778 2903 Itaercditatent
2805 2848 3109 2902 adeundam
3140 2864 3199 2904 se
3221 2850 3479 2919 porrigit,

1897 2938 1996 2994 sed
2048 2939 2316 2994 duntaxat
2382 2940 2437 2994 in
2501 2940 2769 3009 gradibus
2838 2942 3334 3003 matrimoniorum,
3380 2956 3482 2995 ceu

1897 3030 2105 3085 dictum
2154 3041 2264 3093 est,
2314 3040 2615 3099 spectatur.
2663 3030 2870 3099 Quippe
2914 3046 3091 3085 canon
3146 3047 3236 3085 Ltlt
3286 3032 3483 3102 synodi

1900 3131 2068 3179 sextae
2090 3122 2166 3176 ait
2196 3138 2207 3172 :
2242 3121 2515 3187 Quoniam
2564 3122 2871 3189 spiritualis
2920 3123 3271 3176 necessitudo
3303 3121 3477 3188 major

1898 3222 1984 3269 est
2025 3214 2411 3282 conjunctione
2447 3229 2765 3281 corporum,
2811 3216 3128 3275 statuimus,
3179 3224 3236 3265 ut
3279 3215 3370 3280 qui
3414 3229 3481 3267 ex

1900 3319 2061 3361 sacro
2090 3313 2144 3358 et
2175 3305 2400 3357 salutari
2439 3305 2769 3372 baptismate
2820 3318 3019 3371 pueros
3060 3303 3393 3372 suscipiunt,
3430 3311 3485 3357 et

1903 3404 2085 3465 postea
2113 3404 2238 3448 eum
2268 3394 2540 3449 matribus
2562 3409 2752 3447 eorum
2781 3394 2960 3447 viduis
2986 3394 3037 3446 in
3070 3393 3484 3446 matrimonium

1900 3495 2122 3552 coeunt,
2186 3488 2422 3555 primum
2493 3501 2521 3538 a
2578 3485 2669 3539 tali
2734 3486 3098 3539 contubernio
3152 3484 3484 3545 abstineant,

1902 3575 2095 3630 deinde
2150 3584 2518 3629 scortatorum
2573 3589 2795 3643 quoque
2860 3573 3037 3643 poenis
3100 3571 3483 3639 subjiciantur.

1902 3666 2111 3734 Quippe
2147 3664 2239 3733 qui
2274 3666 2341 3715 ab
2371 3663 2475 3717 hoc
2515 3665 2657 3716 malo
2689 3674 2937 3733 prompte
2969 3677 3076 3715 non
3102 3670 3277 3715 semet
3312 3661 3485 3715 absti-

1902 3765 2016 3821 net,
2037 3765 2089 3809 et
2122 3756 2414 3809 conﬁtetur
2448 3762 2707 3823 tanquam
2741 3755 2968 3807 lIICcSliS
3004 3754 3212 3821 nuptiis
3244 3752 3486 3822 pollutus

1903 3849 2213 3902 damnatur.
2236 3846 2397 3915 Legis
2420 3855 2601 3901 autem
2637 3848 2751 3900 haec
2781 3846 2941 3899 verba
2974 3852 3100 3899 sunt
3123 3844 3239 3915 (86)
3270 3859 3285 3896 :
3321 3843 3425 3906 Oui
3457 3857 3488 3897 e

1904 3953 2063 3993 sacro
2086 3938 2413 4004 baptismate
2440 3953 2602 4007 quam
2633 3938 2899 4005 suscepit,
2923 3951 3042 3990 eam
3074 3945 3264 4005 postea
3299 3937 3490 3987 matri-

1906 4029 2087 4082 monio
2124 4028 2228 4083 sibi
2273 4028 2503 4097 jungere
2551 4043 2658 4080 non
2700 4037 2901 4095 potest,
2940 4036 3126 4095 utpote
3161 4042 3281 4094 qua:
3317 4027 3487 4093 ipsius

1906 4119 2013 4172 lilia
2075 4120 2214 4173 facta
2262 4122 2353 4174 sit.
2397 4117 2508 4174 Nec
2556 4120 2683 4173 item
2730 4118 2955 4190 [ducere
3010 4116 3211 4185 potest]
3255 4125 3483 4169 matrem

1904 4210 2045 4277 ejus,
2091 4218 2183 4262 aut
2231 4210 2396 4263 ﬁliam
2435 4227 2447 4263 :
2488 4212 2601 4264 imo
2647 4225 2714 4264 ne
2760 4210 2935 4277 ipsius
2968 4207 3190 4277 quidem
3243 4207 3385 4259 tilius
3435 4205 3488 4258 id

1910 4296 2085 4351 facere
2120 4306 2318 4367 potest.
2361 4298 2572 4367 Quippe
2621 4297 2769 4350 nulla
2821 4312 2908 4350 res
2937 4296 3041 4348 alia
3088 4300 3167 4349 sic
3203 4304 3485 4363 ροισι-ηοω

1908 4388 2247 4445 all'ectionem
2325 4390 2585 4444 inducere
2627 4398 2826 4459 potest,
2858 4400 2911 4443 et
2937 4388 3144 4456 justam
3170 4387 3484 4454 nuptiarum

218 4476 396 4540 λυσιν,
425 4475 501 4537 ὡς
527 4479 555 4531 ὁ
584 4478 831 4547 τοιοῦτος,
856 4480 1075 4549 δεσμὸς,
1120 4481 1186 4534 δι’
1210 4477 1272 4537 οὗ
1322 4483 1458 4536 Θεοῦ
1494 4486 1797 4554 μεσιτεύον-

1909 4481 2358 4551 prohibitionem,
2396 4488 2454 4533 ut
2478 4480 2795 4547 bujusmodi
2828 4495 3020 4543 nexus,
3047 4493 3141 4545 per
3164 4492 3358 4544 quem,
3384 4475 3490 4527 Deo

216 4583 311 4627 τος
344 4569 365 4599 ⁸
418 4567 473 4618 αἱ
516 4567 687 4636 ψυχαὶ
721 4568 903 4621 αὐτῶν
964 4572 1346 4627 συνάπτονται.
1410 4572 1803 4643 ’ἰσχυρίζονται

216 4655 405 4706 τοίνυν
437 4656 603 4719 τινες,
628 4656 702 4718 ὡς
741 4657 863 4710 ἐπεὶ
901 4659 1008 4711 ἀπὸ
1044 4659 1138 4711 τοῦ
1169 4661 1392 4723 κανόνος
1420 4664 1512 4713 καὶ
1567 4662 1676 4714 ἀπὸ
1707 4663 1801 4715 τοῦ

218 4746 391 4814 νόμον
436 4746 705 4817 μείζωνή
757 4750 1103 4819 πνευματικὴ
1159 4752 1259 4818 τῆς
1315 4752 1492 4821 σάρκα
1526 4754 1546 4783 ⁸
1602 4770 1804 4820 συγγε-

218 4838 374 4899 νείας
418 4837 685 4903 ὁρίζεται,
725 4839 924 4909 χρῆναι
977 4841 1102 4901 τοὺς
1157 4840 1326 4912 ταύτῃ
1385 4843 1802 4912 συνδεδεμένους

221 4930 570 4995 παρατηρεῖν
616 4930 745 4991 τοὺς
786 4931 1199 4998 κεκωλυμένους
1254 4933 1495 5002 βαθμοὺς
1549 4934 1676 5003 ἄχρι
1706 4935 1803 4988 τοῦ

220 5016 477 5087 ἑϐδόμου,
506 5019 663 5081 ὅσους
702 5018 906 5091 δηλαδὴ
937 5023 1030 5074 καὶ
1061 5024 1141 5086 είς
1165 5023 1264 5093 τὴν
1291 5025 1579 5095 καθ’ήμᾶς
1615 5028 1635 5058 ⁷
1674 5044 1806 5096 συγ-

1910 4572 2199 4633 ntediante,
2242 4570 2435 4623 animae
2459 4571 3035 4637 eorumjc0pulautur.
3074 4566 3361 4619 Aliinnant
3392 4564 3493 4633 igi-

1910 4671 1997 4715 tur
2041 4663 2231 4729 aliqui,
2266 4661 2412 4725 quod
2457 4677 2581 4715 cum
2628 4672 2737 4713 tam
2775 4674 2841 4713 ex
2872 4673 3105 4722 canone,
3138 4671 3301 4725 quam
3351 4656 3488 4722 iege,

1910 4752 2083 4821 major
2106 4767 2229 4807 esse
2257 4754 2347 4806 illa
2387 4751 2711 4821 spiritualis,
2753 4764 2918 4817 quam
2956 4748 3201 4801 carnalis
3234 4745 3492 4814 cognatio

1911 4852 2220 4908 statuatur;
2270 4845 2564 4897 observare
2601 4842 2840 4895 debeant
2885 4840 2988 4893 hac
3035 4838 3275 4907 colligati
3314 4835 3493 4903 probi-

1911 4936 2056 4990 bitos
2105 4936 2329 5004 gradus,
2394 4950 2568 5002 usque
2628 4932 2693 4985 ad
2750 4932 3043 5000 septimum
3090 4948 3104 4983 :
3156 4938 3237 4981 tot
3281 4927 3492 4981 scilicet

1916 5040 2169 5082 numero.
2201 5034 2333 5092 quot
2367 5026 2532 5079 etiam
2568 5023 2623 5076 in
2654 5022 3138 5092 consanguinitate
3164 5020 3374 5090 soleant
3394 5019 3491 5073 ob-

1526 5158 1614 5211 VA
1624 5158 1759 5213 81Ᾰί
1786 5158 2190 5216 LECTIONES.

301 5268 319 5298 δ
348 5266 705 5338 αίμομίκτης.
816 5270 836 5299 ³
870 5266 1214 5337 μεσάξοντος.

1290 5274 1309 5303 ⁸
1339 5273 1436 5344 τῆς
1454 5274 1594 5327 κατὰ
1626 5276 1829 5345 σάρκα.

1937 5278 1958 5309 ⁷
1996 5275 2116 5329 καθ’
2145 5271 2305 5345 αἷμα.

1691 5406 1923 5465 ΝΟΤιΕ.

300 5492 414 5565 (80)
449 5493 749 5565 Abrogatio
785 5492 939 5565 L717.
972 5492 1031 5565 Ι),
1064 5496 1129 5549 de
1164 5496 1253 5551 rit.
1292 5506 1440 5565 nupt.

297 5563 412 5634 (8i)
445 5564 472 5635 §
512 5563 788 5635 Minorem.
825 5564 959 5619 Inst.
993 5564 1057 5616 de
1085 5565 1264 5630 adopt.
1308 5563 1370 5619 l.‘
1405 5570 1491 5622 15,
1556 5571 1618 5623 D.
1673 5572 1799 5627 eod.

228 5633 364 5689 Item
422 5633 465 5687 |._
525 5633 771 5701 Adoptio.
820 5643 875 5688 et
928 5635 965 5688 I.
1027 5634 1341 5704 Adrogatio.
1402 5647 1455 5691 et.
1499 5641 1533 5693 Ι.
1593 5642 1683 5695 57.
1742 5641 1805 5695 D.

227 5706 511 5843 θοῗέε-εδ)
542 5773 568 5843 ς
601 5772 704 5829 Sed
756 5783 805 5827 et
832 5773 985 5829 illud.
1032 5776 1207 5833 lnstit.
1241 5776 1305 5830 de
1340 5776 1516 5844 adopt.

1987 5504 2145 5584 (84_)'§
2166 5503 2313 5558 Illud
2335 5502 2398 5557 D.
2417 5502 2541 5559 eod.
2572 5512 2626 5557 et
2657 5502 2854 5556 horum
2889 5501 3170 5570 abrogatio
3192 5518 3254 5555 es
3278 5501 3489 5556 novella

1913 5573 2419 5713 Le(%gl)s:kbrogatio
2444 5641 2469 5713 ᾗ
2500 5641 2757 5696 Feminw.
2784 5640 2913 5695 Inst.
2936 5642 2997 5694 de
3022 5643 3202 5708 (clupt.

1987 5714 2099 5783 (86)
2135 5716 2169 5769 Ι.
2202 5714 2291 5769 26.
2328 5715 2387 5769 C.
2429 5714 2502 5766 De
2526 5720 2671 5779 nupt.
