4198 6444
733 382 873 447 12B

2024 381 2158 439 JUS
2193 377 2629 436 CANONICUM

3845 380 3982 444 1244

731 501 960 558 servari.
1013 500 1211 554 Verum
1257 501 1501 568 pluribus
1552 502 1653 554 hoc
1712 499 1938 554 mininte
1979 499 2150 549 νίδιιιιι
2191 507 2294 557 est,
2329 502 2372 554 Α

2329 502 2372 554 Α
2403 493 2638 558 γένειαν.
2708 493 2830 553 Τοῖς
2879 492 2936 544 δέ
2978 491 3184 544 πλείοσι
3218 490 3379 544 τοῦτο
3439 492 3540 546 οὐκ
3585 493 3784 559 ἔδοξεν,
3849 498 3983 548 ἀλλα

729 594 824 646 sed
857 592 921 645 ad
953 607 1047 645 eas
1101 591 1386 655 duntaxat,
1416 605 1680 658 personas
1714 589 2140 658 prohibitionem
2179 604 2301 654 per-

730 681 926 744 tint-re,
960 695 1079 746 qua:
1109 681 1252 733 dicta
1289 682 1402 748 lege
1441 681 1846 734 contineantur.
1881 679 2149 734 Caeterum
2181 693 2302 748 gra-

729 771 834 824 dus
874 771 1162 836 utriusque
1206 770 1539 837 adoptionis,
1582 770 1800 824 diverso
1835 785 1958 822 cum
1996 769 2102 820 illis
2141 768 2300 822 modo

730 871 1115 923 numerantur,
1144 860 1234 928 qui
1265 870 1392 913 sunt
1437 861 1490 912 in
1529 862 2026 930 consanguinitate.
2061 857 2191 912 Nam
2224 859 2296 912 ibi

730 959 884 1017 pater
911 967 1034 1019 erga
1074 951 1269 1004 fratres
1303 952 1615 1013 universos,
1650 953 1875 1004 omnino
1914 950 2080 1020 gradu
2124 949 2300 1018 primo

729 1053 815 1096 est
870 1061 883 1098 :
927 1044 1015 1098 hic
1065 1054 1382 1112 veropater
1428 1045 1527 1097 iste
1567 1044 1871 1113 spiritualis
1919 1059 2045 1112 erga
2106 1043 2296 1108 ﬁlium,

729 1150 889 1202 quem
923 1136 1220 1204 adeptavit,
1251 1136 1420 1204 gradu
1456 1145 1538 1188 est
1572 1139 1746 1204 primo
1778 1154 1788 1188 :
1823 1135 1915 1187 sed
1945 1151 2070 1202 erga
2101 1150 2297 1188 carna-

729 1219 832 1272 lem
873 1222 994 1288 ejus
1026 1222 1118 1274 lilii
1153 1233 1358 1290 patrem
1381 1264 1392 1285 ,
1435 1225 1697 1277 secundo.
1729 1224 1940 1291 Quippe
1977 1225 2143 1277 frater
2179 1225 2297 1290 ejus

727 1326 848 1363 esse
879 1313 1102 1365 dicitur.
1140 1314 1276 1382 Erga
1319 1315 1514 1367 fratres
1549 1322 1728 1368 autem
1763 1330 2053 1384 germanos
2089 1315 2179 1368 lilii
2213 1315 2296 1368 sui

727 1403 1052 1469 Spiritnalis,
1084 1403 1252 1471 gradu
1296 1405 1456 1456 tertio
1498 1417 1774 1459 censetur.
1822 1405 1938 1459 Non
1983 1408 2128 1460 enim
2175 1406 2296 1459 Illos

727 1508 945 1560 quoque
995 1494 1134 1548 ﬁlios
1172 1495 1379 1547 habuit.
1434 1494 1604 1549 Filius
1657 1509 1857 1558 autem,
1921 1511 2049 1564 erga
2103 1499 2296 1550 l'ratrcs

728 1599 858 1636 suos
891 1586 1141 1638 carnales
1171 1589 1340 1654 gradu
1389 1588 1628 1639 secundo
1668 1597 1751 1640 est
1782 1603 1795 1638 :
1830 1595 1881 1640 et
1915 1604 2045 1658 erga
2089 1598 2293 1655 patrem

727 1690 886 1728 suum
927 1678 1226 1742 carnalem,
1271 1679 1487 1746 primo;
1525 1680 1665 1733 sicut
1701 1681 1863 1733 etiam
1915 1696 2042 1750 erga
2087 1690 2293 1750 patrem

727 1767 1090 1834 spiritualem.
1125 1767 1331 1822 Idcirco
1361 1771 1484 1824 licet
1520 1772 1589 1832 ei,
1637 1774 1726 1841 qui
1763 1773 1871 1826 vult
1937 1787 2160 1825 uxorem
2204 1772 2296 1824 du-

727 1874 850 1911 eere
887 1860 1183 1927 compatris
1215 1861 1299 1914 sui
1333 1878 1599 1916 sororem.
1631 1865 1728 1928 Qui
1767 1880 1892 1918 vero
1931 1865 2096 1917 ﬁlium
2135 1881 2292 1919 suum

727 1964 792 2002 ex
833 1964 989 2002 sacro
1023 1951 1345 2020 baptismate
1383 1955 1638 2021 suscipit,
1675 1955 1742 2006 ab
1788 1971 1955 2008 uxore
2001 1970 2097 2008 sua
2145 1971 2300 2024 sepa-

725 2049 900 2093 ralur.

801 2237 875 2291 De
908 2239 1103 2306 nuptiis
1142 2256 1256 2305 qua:
1294 2240 1631 2321 prohibentur
1673 2246 1830 2296 etiam
1865 2246 2000 2296 citra
2037 2255 2231 2312 cogita-

1410 2321 1618 2366 tionem.

809 2398 1207 2468 Nonnunquam
1241 2401 1404 2452 etiam
1434 2402 1571 2455 citra
1619 2404 2086 2458 necessitudinem
2131 2404 2297 2457 ullam

729 2492 1099 2546 iudicatarum
1125 2493 1373 2546 omnium
1410 2497 1828 2564 cognationum,
1858 2500 2133 2551 .matrimo
2148 2498 2296 2552 nium

732 2584 1216 2652 prohibetnr(87).
1249 2585 1410 2640 Verbi
1474 2588 1670 2656 gratia,
1727 2589 1819 2657 qui
1860 2598 2152 2644 accusatus
2210 2597 2300 2643 est

731 2675 1009 2739 adulterii,
1050 2676 1175 2728 licet
1199 2675 1496 2733 manifesto
1529 2694 1636 2732 non
1674 2682 1746 2734 sit
1774 2682 2083 2743 convictus,
2110 2684 2299 2750 nequit

729 2781 846 2820 eam
880 2767 1163 2821 mulierem
1197 2783 1420 2822 uxorein
1485 2769 1705 2824 ducere.
1765 2770 1875 2825 Nec
1927 2773 2152 2827 libertus
2185 2774 2298 2843 (88')

732 2874 956 2912 uxorem
989 2860 1201 2927 patroni
1235 2861 1319 2914 sui
1350 2859 1520 2922 ducit,
1562 2873 1687 2931 post
1711 2863 1830 2930 ejus
1862 2873 2111 2919 mortem.
2156 2867 2298 2920 Prat-

733 2948 820 3000 bet
849 2949 992 3002 enim
1028 2951 1422 3018 suspicionem,
1456 2953 1601 3021 quod
1630 2954 1794 3005 etiam
1847 2955 1940 3008 illo
1975 2957 2098 3009 vivo
2148 2973 2298 3011 com-

732 3042 944 3093 miserit
976 3043 1027 3094 in
1065 3057 1182 3094 eam
1220 3042 1571 3096 adulterimn.
1603 3045 1711 3098 Nec
1735 3048 2012 3115 tntor(89)
2037 3050 2294 3115 pupillam

2409 584 2546 652 μόνα
2578 583 2650 634 τὰ
2704 583 2779 651 τῷ
2813 582 3032 652 ῥηθέντι
3061 584 3212 652 νόμῳ
3261 585 3629 652 περιεχόμενα
3667 587 3980 643 κωλύεσθαι

2406 673 2697 740 πρόσωπα.
2729 672 2792 723 Ol.
2829 671 3013 741 μέντοι
3039 672 3238 741 βαθμοὶ
3261 672 3376 725 τῶν
3399 673 3458 736 ἐξ
3484 676 3763 736 υἱοθεσίας
3799 680 3981 745 ἀμφο-

2403 765 2595 832 τέρας,
2672 762 3088 833 ἐνηλλαγμένως
3138 765 3500 834 ἀριθμοῦνται
3542 770 3679 834 πρὸς
3719 773 3849 832 τοὺς
3892 772 3980 839 βα·

2405 850 2574 919 θμοὺς
2607 854 2714 906 τῶν
2764 854 2822 920 ἐξ
2869 854 3118 922 αἵματος.
3186 855 3333 907 Ἐκεῖ
3386 856 3485 922 μὲν
3534 857 3644 926 γὰρ
3706 862 3736 913 6
3795 865 3980 930 πατὴρ

2407 941 2543 1011 πρὸς
2580 944 2789 1005 πάντας
2837 944 2963 1007 τοὺς
3008 944 3286 1011 ἀδελφοὺς,
3345 946 3564 1014 πρώτου
3621 950 3844 1014 παντως
3876 953 3978 1004 ὑπο

2409 1035 2566 1101 ἁρχει
2601 1034 2811 1102 βαθμοῦ
2836 1052 2846 1064 ·
2885 1035 3120 1088 ἐνταῦθα
3148 1037 3204 1089 δὲ
3234 1045 3262 1089 6
3292 1041 3661 1109 πνευματικὸς
3688 1035 3850 1104 οὗτος
3879 1061 3977 1096 πα-

2400 1125 2503 1194 τὴρ
2535 1125 2670 1195 πρὸς
2709 1127 2808 1193 μὲν
2835 1125 2927 1178 τὸν
2962 1128 3149 1191 παῖδα,
3196 1130 3257 1182 ὃν
3295 1132 3700 1200 εἰσεποιήσατο,
3757 1135 3977 1203 πρώτου

2400 1217 2518 1267 ἐστὶ
2591 1216 2840 1286 βαθμοῦ·
2916 1219 3054 1288 πρὸς
3079 1221 3135 1272 δὲ
3176 1222 3268 1273 τὸν
3334 1223 3594 1291 σαρκικὸν
3649 1224 3746 1276 τοῦ
3790 1228 3979 1291 παιδος

2402 1307 2633 1376 πατέρα,
2680 1309 2958 1380 δευτέρου.
3009 1311 3262 1379 Ἀδελφὸς
3306 1314 3414 1382 γὰρ
3465 1314 3631 1368 αὐτοῦ
3677 1316 3975 1381 λογίζεται.

2402 1399 2543 1467 Πρὸς
2601 1399 2657 1452 δὲ
2703 1403 2829 1464 τοὺς
2891 1403 3258 1470 αὑταδέλφους
3308 1405 3406 1457 τοῦ
3449 1408 3826 1476 πνευματικοῦ
3865 1410 3978 1461 υἱοῦ

2401 1487 2588 1552 αὑτοῦ,
2639 1491 2843 1560 τρίτου.
2892 1493 2964 1544 Οὐ
2991 1494 3102 1563 γὰρ
3153 1495 3443 1556 κάκείνους
3493 1496 3652 1565 ἔσχεν
3699 1497 3876 1559 υἱούς.
3922 1501 3975 1552 Ὀ

2401 1581 2515 1640 υἱὸς
2553 1580 2608 1631 δὲ
2639 1582 2772 1651 πρὸς
2800 1583 2925 1645 τοὺς
2955 1586 3252 1653 σαρκικοὺς
3293 1585 3554 1652 ἀδελφοὺς
3586 1588 3774 1651 αὑτοῦ,
3800 1589 3980 1642 δευτέ·

2405 1689 2519 1744 pou.
2555 1673 2664 1726 Καὶ
2696 1674 2830 1743 πρὸς
2853 1675 2940 1727 τὸν
2967 1676 3228 1744 σαρκικὸν
3257 1676 3422 1729 αὐτοῦ
3454 1679 3685 1747 πατέρα,
3720 1678 3940 1747 πριὲιτου
3963 1697 3974 1709 ο

2400 1765 2590 1834 ὥσπερ
2621 1769 2712 1818 καὶ
2743 1769 2875 1836 προς
2909 1769 2998 1818 τὸν
3050 1769 3436 1838 πνευματικόν.
3493 1769 3590 1820 Διά
3611 1769 3770 1822 τοῦτο
3801 1769 3977 1833 ἔξεστι

2403 1857 2480 1926 τῷ
2539 1857 2846 1926 βουλομένῳ
2920 1857 3102 1912 λαὸεῖν
3151 1862 3230 1921 είς
3274 1863 3512 1924 γυναῖκα
3564 1861 3664 1928 τὴν
3707 1861 3802 1912 τοῦ
3859 1878 3978 1910 συν-

2402 1949 2590 2000 τέκνου
2622 1948 2784 2000 αὑτοῦ
2820 1948 3079 2018 ἀδελφήν.
3127 1951 3185 2001 '0
3210 1951 3266 2000 δὲ
3296 1951 3390 2001 τὸν
3417 1951 3533 2002 υίὸν
3555 1949 3720 2001 αὑτοῦ
3749 1952 3859 2002 ἀπὸ
3885 1951 3976 2002 τοῦ

2402 2041 2556 2107 ἁγίου
2603 2039 2976 2108 βαπτίσματος
3021 2042 3434 2111 ἀνιδεχὸμενος,
3463 2043 3561 2113 τῆς
3592 2044 3854 2111 γυναικὸς
3882 2044 3975 2095 αὖ·

2400 2129 2492 2181 τοῦ
2525 2130 2880 2197 διαξεύγνυτα
2893 2149 2930 2186 ι.

2401 2241 2541 2308 Περὶ
2602 2241 2720 2294 τῶν
2746 2244 3220 2330 κεκωλυμένωνξ
3257 2245 3460 2315 γάμων
3489 2247 3588 2300 καὶ
3618 2248 3799 2315 χωρὶς
3825 2265 3975 2315 συγ-

3059 2331 3317 2382 metae.

2474 2402 2628 2454 Ἐστι
2666 2402 2708 2454 δ’
2741 2405 2830 2455 ὅτε
2859 2406 2954 2456 καὶ⁵
2986 2407 3152 2475 χωρὶς
3197 2407 3520 2474 συγγενείας
3545 2407 3842 2460 ὁποιασοῦν
3874 2409 3979 2457 τὼν

2401 2491 2708 2560 εἰρημένων
2735 2494 2891 2545 πέντε
2916 2495 2935 2525 ⁸
2963 2495 3314 2562 συγγενειῶν,
3343 2497 3611 2550 κωλύεται
3641 2499 3704 2548 τὸ
3726 2498 3980 2550 συναλλα-

2401 2597 2435 2647 γ
2445 2599 2537 2648 μα.
2561 2575 2708 2645 υἷον,
2729 2585 2756 2634 ὁ
2783 2585 3179 2653 κατηγορηθεὶς
3196 2587 3406 2654 μοιχὸς,
3420 2589 3468 2639 εί
3485 2589 3576 2639 καὶ
3595 2587 3672 2657 μὴ
3688 2588 3979 2656 προφανῷς

2401 2671 2682 2741 ἀπηλὲχθη
2716 2673 2782 2734 ³⁸,
2827 2675 2888 2725 οὐ
2916 2673 3138 2727 δύναται
3167 2676 3374 2745 ταύτην
3393 2678 3472 2740 εἰς
3510 2679 3748 2744 γυναῖκα
3771 2678 3976 2729 λαϐεῖν.

2401 2762 2532 2814 Οὐδὲ
2567 2763 2929 2834 ἀπελεύθερος
2957 2765 3054 2834 τὴν
3082 2769 3314 2833 γυναῖκα
3343 2766 3438 2819 τοῦ
3461 2768 3743 2836 πάτρωνος
3788 2769 3978 2824 αὑτοῦ,

2404 2855 2539 2921 μετὰ
2570 2853 2662 2905 τὸν
2705 2854 2918 2907 ἐκείνου
2951 2855 3198 2909 θάνατον.
3227 2858 3423 2908 Δίεωσι
3449 2857 3557 2927 γὰρ
3597 2858 3860 2926 ὑποψίαν,
3900 2860 3982 2929 ὅτι

2401 2946 2494 2997 καὶ
2531 2945 2731 3009 ζῶντος
2771 2948 3005 3012 ἐκείνου,
3059 2948 3264 3017 ταύτην
3311 2949 3583 3017 μοιχεύων
3628 2945 3720 3017 ἦν.
3772 2950 3908 3001 Οὐδὲ
3954 2953 3984 2999 6

2402 3038 2694 3108 ἐπίτροπος
2724 3040 2762 3068 ¹¹
2803 3039 2902 3108 τὴν
2932 3041 3195 3110 ὀρφανὴν,
3232 3040 3264 3108 ἦ
3304 3044 3332 3091 6
3372 3041 3488 3102 υίὸς
3521 3039 3708 3104 αὑτοῦ,
3748 3042 3857 3110 πρὸ
3885 3041 3983 3092 τοῦ

731 3129 885 3197 prius
913 3131 1064 3184 ducit
1102 3145 1349 3196 uxorem,
1379 3133 1459 3186 vel
1519 3134 1663 3189 [ilius
1719 3136 1857 3204 ejus,
1911 3153 2074 3207 quam
2128 3141 2294 3194 tutela
2326 3150 2370 3209 ο

2326 3150 2370 3209 c
2403 3129 2624 3197 λυθῆναι
2650 3129 2748 3199 τὴν
2797 3130 3121 3199 ἐπιτροπήν.
3172 3131 3372 3183 Λύεται
3410 3132 3466 3182 δὲ
3507 3133 3539 3200 ἠ
3573 3133 3850 3201 ἐπιτροπὴ
3891 3134 3984 3184 τὸν

730 3221 848 3274 sive
877 3221 1087 3274 curatio
1125 3222 1441 3290 perimatur.
1476 3223 1769 3280 Perimitur
1796 3239 1975 3282 autem
2014 3232 2295 3299 trigesimo

731 3325 896 3365 anno.
928 3311 1140 3380 Quippe
1165 3329 1268 3365 xxv
1297 3316 1423 3368 anni
1453 3325 1582 3368 sunt
1607 3318 1786 3371 artatis
1816 3317 2035 3382 adultze,
2059 3333 2298 3388 quatuor

737 3403 790 3454 in
834 3403 1104 3471 integrum
1172 3404 1559 3468 restitutionis,
1611 3417 1664 3459 ct
1722 3408 1994 3478 principio
2029 3410 2294 3479 trigesimi

730 3492 912 3545 statim
950 3492 1211 3562 obligatio
1250 3494 1526 3547 curatoris
1571 3496 1894 3561 perimitur:
1939 3507 1998 3549 nt
2055 3508 2296 3566 potesta-

729 3591 838 3638 tem
868 3598 932 3637 ex
967 3599 1030 3638 eo
1065 3593 1305 3654 tempore
1365 3587 1563 3640 habeat
1597 3603 1718 3641 cum
1775 3603 1838 3642 ea
1879 3605 1938 3643 se
1983 3591 2295 3658 capulandi,

733 3673 896 3742 cujus
921 3683 1004 3727 est
1040 3683 1295 3740 curator;
1334 3685 1494 3730 antea
1530 3693 1680 3743 vero,
1729 3694 2095 3747 nequaquam.
2132 3679 2299 3732 Mater

733 3774 912 3818 autem
960 3765 1079 3830 ejus
1116 3765 1249 3834 (90),
1304 3766 1462 3834 cujus
1521 3769 1734 3838 negotia
1780 3779 2062 3838 geruntur,
2121 3779 2299 3838 potest

731 3863 860 3908 ante
886 3857 989 3907 boc
1013 3855 1177 3907 etiam
1211 3864 1426 3924 tempus
1457 3860 1696 3911 curatori
1733 3861 1854 3913 tiliae
1908 3875 2022 3914 sua:
2067 3862 2294 3914 nubere.

730 3946 869 4010 Quia
905 3961 1034 3998 vero
1068 3946 1394 4014 simpliciter
1421 3947 1730 4009 domestici,
1786 3950 1877 4018 qui
1905 3959 2031 4004 sunt
2068 3953 2120 4005 in
2143 3961 2294 4020 pote-

731 4047 894 4099 state,
935 4037 1059 4089 licet
1091 4038 1230 4089 servi
1285 4052 1390 4089 non
1424 4038 1554 4101 sint,
1606 4053 1703 4092 nec
1733 4039 2024 4107 aliquando
2077 4041 2296 4103 fuerint,

731 4128 854 4179 loco
879 4127 1200 4180 libertorum
1245 4137 1409 4180 sunt:
1456 4143 1524 4181 ne
1549 4129 1601 4181 bi
1645 4130 1862 4197 quidem
1916 4140 2037 4199 post
2071 4141 2298 4186 mortem

731 4219 1080 4272 dominorum
1111 4233 1357 4282 suorum,
1425 4235 1624 4272 uxores
1677 4236 1866 4274 eorum
1919 4222 2118 4276 ducere
2171 4239 2298 4292 pos-

733 4316 885 4368 sunt,
911 4321 978 4360 ne
1005 4308 1376 4374 suspicionem
1410 4309 1662 4363 adulterii
1696 4311 1975 4379 przebeant
1997 4313 2128 4381 (9l),
2155 4315 2298 4381 quod

734 4399 1095 4466 lirwcesserit.
1165 4397 1276 4452 Nec
1337 4400 1612 4462 scenicus,
1670 4401 1774 4455 hoc
1826 4411 1929 4467 est,
1983 4404 2074 4472 qui
2130 4417 2297 4459 artem

2400 3223 2717 3289 τριακοστὸν
2755 3221 2964 3290 χρόνον.
2998 3221 3166 3274 Πέντε
3195 3223 3303 3289 γὰρ
3336 3223 3432 3272 καὶ
3460 3221 3631 3273 εἴκοςι
3655 3221 3837 3288 χρόνοι
3883 3220 3987 3289 τῆς

2400 3311 2815 3378 ἐνηλικιώσεως,
2860 3315 2952 3364 καὶ
2997 3313 3260 3380 τέσσαρες
3299 3314 3399 3381 τῆς
3449 3313 3983 3374 ἀποκαταστάσεως,

2401 3403 2492 3454 καὶ
2524 3406 2590 3472 τῇ
2623 3405 2760 3472 ἀρχῇ
2803 3403 2896 3455 τοῦ
2924 3403 3246 3470 τριακοστοῦ
3287 3404 3480 3472 χρόνου
3522 3403 3720 3456 αὐτίκα
3753 3406 3788 3472 ἡ
3823 3404 3988 3472 ἐνοχὴ

2399 3492 2491 3544 τοῦ
2519 3495 2815 3562 ἐπιτρόπου
2865 3495 3072 3547 λὺεται.
3129 3495 3237 3546 Καὶ
3291 3494 3404 3563 ἔχει
3451 3497 3637 3547 ἄδειαν
3676 3495 3733 3559 ἐξ
3767 3495 3988 3546 ἐκείνου

2401 3585 2704 3653 συζυγῆναι
2762 3590 2828 3656 τῇ
2902 3586 3399 3656 ἐπιτροπευομένῃ.
3459 3585 3574 3656 Πρδ
3635 3585 3833 3638 τούτου
3886 3586 3986 3647 δὲ,

2399 3677 2673 3745 οὐδαμῶς.
2747 3678 2810 3730 Ἢ
2866 3679 2922 3730 δὲ
2966 3680 3150 3748 μήτηρ
3183 3679 3286 3745 τῆς
3341 3677 3838 3747 ἐπιτροπευθεέσης
3890 3677 3990 3728 δύο

2399 3784 2556 3820 ναται
2585 3769 2680 3820 καὶ
2715 3769 2819 3838 πρὸ
2867 3770 3055 3821 τούτου
3116 3768 3195 3836 τῷ
3240 3771 3522 3838 ἐπιτρόπῳ
3567 3768 3666 3836 τῆς
3708 3768 3989 3834 θυγατρὸς

2401 3858 2568 3927 αὐτῆς
2597 3858 2929 3927 γαμηθῆναι.
2978 3859 3131 3910 Ἐπεὶ
3181 3859 3237 3910 δὲ
3291 3857 3473 3918 ἁπλῶς
3513 3857 3606 3909 καὶ
3629 3857 3682 3908 oi.
3712 3857 3990 3908 οἰκειακοὶ

2403 3948 2725 4018 ὑποχείριοι,
2756 3950 2804 4000 εἰ
2843 3949 2936 4000 καὶ
2968 3949 3044 4016 μὴ
3073 3947 3248 3999 δοῦλοί
3297 3949 3437 3999 εἰσιν
3463 3947 3498 4016 ἢ
3535 3948 3787 4012 ἐγένοντό
3827 3963 3986 4007 ποτε,

2402 4040 2553 4102 τάξιν
2585 4039 2948 4106 ἀπελευθέρου
2979 4040 3216 4106 ἔχουσιν,
3245 4039 3364 4089 οὐδὲ
3395 4033 3539 4090 οὗτοι
3576 4038 3714 4104 μετά
3748 4038 3988 4090 θάνατον

2402 4130 2510 4182 τῶν
2534 4130 2679 4181 ἰδίων
2701 4129 2999 4189 δεσποτῶν,
3028 4128 3126 4191 τὰς
3153 4130 3377 4180 ἐκείνων
3406 4128 3702 4195 λαμὸἀνειν
3723 4127 3989 4179 δύνανται

2403 4220 2671 4289 γαμετὰς,
2709 4219 2796 4271 ἵνα
2834 4219 2908 4286 μὴ
2949 4218 3090 4269 δοῖεν
3131 4216 3512 4286 προλαεούσης
3564 4215 3814 4282 μοιχείας
3853 4216 3989 4268 ὑπὸ·

2405 4330 2569 4365 νοιαν.
2597 4312 2731 4363 Οὐδὲ
2756 4313 2782 4362 6
2816 4309 3092 4377 σκηνικὸς,
3125 4309 3243 4378 ἦτοι
3270 4309 3298 4359 6
3325 4308 3583 4374 δημόσιος
3614 4307 3985 4374 παιγνιώττις,

2405 4406 2438 4474 ἦ
2486 4407 2514 4456 6
2561 4403 2752 4456 τούτου
2815 4401 2949 4464 υίὸς,
3016 4399 3387 4469 συγκλητικοῦ
3428 4399 3702 4466 θυγατέρα
3756 4396 3989 4450 δύναται

733 4488 998 4541 ludicram
1034 4487 1247 4555 publice
1290 4487 1440 4552 facit,
1472 4498 1566 4542 aut
1627 4489 1768 4545 (ilius
1824 4493 1968 4560 ejus,
2027 4498 2298 4552 senatoris
2330 4485 2378 4544 Ῐ)

2330 4485 2378 4544 Β
2405 4496 2608 4549 λαϐεῖν.
2644 4497 2781 4564 Φησὶ
2814 4497 2922 4562 γὰρ
2959 4495 2988 4545 6
3025 4493 3208 4562 νόμος,
3259 4492 3343 4544 ὅτι
3381 4489 3473 4542 Ἐν
3520 4492 3632 4551 τοῖς
3665 4490 3872 4556 γάμοις
3925 4490 3987 4540 οὖ

734 4577 900 4630 tiliam
927 4579 1125 4631 ducere
1157 4585 1353 4646 potest.
1391 4579 1547 4649 Legis
1571 4582 1714 4635 enim
1758 4585 1922 4636 verba
1969 4596 2095 4638 sunt
2127 4586 2240 4656 (99.)
2280 4606 2291 4640 :

732 4666 790 4720 lu
829 4669 1032 4736 nuptiis
1063 4683 1170 4722 non
1205 4670 1381 4723 solum
1424 4673 1552 4740 quid
1588 4675 1915 4740 permissum
1979 4677 2070 4741 sit,
2104 4679 2197 4732 sed
2249 4689 2303 4734 et

733 4759 865 4824 quid
897 4759 1210 4822 honestum,
1260 4760 1718 4816 considerandum
1753 4774 1853 4819 est.
1890 4765 2023 4818 Nam
2071 4768 2124 4821 in
2170 4784 2304 4824 con-

738 4848 1132 4917 sanguinitate,
1170 4857 1224 4901 et
1257 4852 1608 4920 susceptione
1647 4868 1714 4906 ex
1751 4869 1911 4907 sacro
1941 4856 2297 4923 baptismate,

736 4950 790 4994 et
824 4940 1138 5008 adoptione,
1171 4942 1372 5012 gradus
1395 4944 1786 4997 considerandi
1825 4954 1976 5006 Sttttl,
2009 4955 2062 4999 et
2097 4951 2295 5002 matri-

737 5030 918 5084 monia
940 5031 1167 5101 gradum
1210 5033 1266 5085 in
1303 5032 1386 5086 his
1427 5035 1742 5088 excedentia
1775 5036 2064 5104 septimmn
2116 5041 2305 5107 probi-

2410 4591 2571 4658 μόνον
2619 4588 2678 4638 τὸ
2715 4585 3207 4655 ἐπιτετραμμένον,
3256 4583 3390 4636 ἀλλὰ
3444 4582 3539 4632 καὶ
3593 4579 3651 4630 τι
3706 4580 3989 4646 εὐπρεπὲς

2405 4681 2485 4732 δεῖ
2516 4680 2716 4748 ζητεῖν.
2761 4677 2884 4728 Ἐπὶ
2921 4678 3018 4744 μὲν
3049 4675 3157 4742 γὰρ
3193 4673 3301 4725 τῶν
3339 4673 3397 4737 ἐξ
3427 4672 3678 4740 αἷματκ,
3729 4672 3827 4720 καὶ
3879 4672 3988 4721 τιΞν

2406 4769 2500 4823 τοῦ
2557 4768 2712 4834 ἁγίου
2768 4767 3174 4835 βαπτίσματος,
3240 4764 3333 4815 καὶ
3384 4763 3491 4813 τῶν
3551 4761 3609 4824 ἐξ
3665 4760 3986 4819 υἱοθεσίας.

2413 4859 2653 4928 βαθμοὺς
2681 4858 2797 4910 δέον
2821 4856 3024 4925 ζητεῖν,
3043 4856 3134 4906 καὶ
3157 4853 3224 4906 τὰ
3249 4855 3388 4921 ὑπὲρ
3413 4853 3501 4904 τὸν
3523 4851 3750 4918 ἕϐδομον
3772 4849 3990 4908 τούτοις

2409 4953 2679 5005 ἀκώλυτα.
2739 4951 2861 5004 Ἐπὶ
2899 4949 2955 5001 δὲ
2993 4947 3101 4999 τῶν
3140 4946 3198 5009 ἐξ
3256 4944 3573 5012 ἀγχιστείας
3621 4944 3716 4994 καὶ
3770 4941 3883 4992 τῶν
3928 4942 3990 4992 ἐκ

2411 5044 2738 5112 τριγενείας,
2761 5042 2827 5093 τὰ
2863 5040 3038 5109 ῥητῶς
3071 5037 3378 5091 κωλυθέντα
3414 5037 3445 5106 ἢ
3477 5035 3738 5102 σύγχυσιν
3769 5034 3987 5101 ἔχοντα,

2011 5173 2243 5231 ΥΑΒΙᾸΞ
2287 5179 2694 5236 LECTIONES.

848 5280 868 5309 ⁸
903 5281 1275 5350 κωλυομένων.
1353 5287 1372 5318 ⁹
1408 5288 1639 5338 πάντων.
1756 5289 1796 5318 ¹⁰
1825 5288 2167 5358 ἀπηλέγχθη.

2283 5296 2320 5324 ¹¹
2353 5298 2480 5365 περὶ
2511 5298 2822 5364 ἐπιτρόπου.

2205 5426 2427 5484 NOTJ'.

823 5540 929 5601 (‘47)
989 5542 1021 5591 l.
1081 5540 1168 5594 49..
1222 5539 1246 5607 ᾗ
1316 5539 1445 5604 Qun:
1512 5541 1562 5590 in
1620 5540 1904 5590 adulterio.
1971 5537 2030 5591 D.
2092 5539 2161 5591 De
2227 5543 2310 5593 rit.

749 5618 876 5668 im!!!

824 5682 969 5730 uth
1035 5683 1116 5729 li-j,
1148 5685 1167 5734 ξ
1195 5678 1401 5729 :‘Iulicr.
1442 5679 1478 5729 Ι)
1535 5695 1561 5730 ι’
1588 5680 1632 5731 HI

870 5756 931 5800 ᾆξ’)
958 5753 987 5802 i.
1015 5758 1094 5799 'J‘v.
1137 5751 1192 5799 i‘.
1227 5751 1344 5801 tuti.
1378 5760 1422 5798 "l
1461 5753 1490 5798 Ι.
1535 5751 1610 5800 ἷίί,
1647 5747 1702 5799 1³.
1745 5747 1812 5800 ίῖι
1857 5765 1907 5814 ‘f‘
1934 5766 2025 5800 Ἠδ.

2501 5547 2610 5602 (μθ)
2639 5547 2670 5595 l.
2703 5545 2753 5594 ‘2.
2804 5543 2862 5593 C.
2902 5542 2969 5592 De
3012 5542 3248 5592 interdiu.
3293 5542 3518 5592 mulrim.

2500 5618 2660 5670 .lliH.
2698 5615 2780 5664 Η.
2821 5612 2876 5662 Ι).
2918 5613 2983 5661 Ile
3008 5613 3070 5660 ii:
3102 5621 3246 5674 ηυντ.

2499 5683 2604 5734 :02‘t
2643 5685 2658 5740 ἱ
2825 5680 2880 5730 υ.
2917 5684 3035 5731 ιύιῗ.
