  <div class='ocr_page' id='page_1' title='image "/cluster/home/n/w/nwhite01/storage/ocr_20150623/119/nnc1.0046980091/630.png"; bbox 0 0 4198 6444; ppageno 0'>
   <div class='ocr_carea' id='block_1_1' title="bbox 195 410 343 473">
    <p class='ocr_par' dir='ltr' id='par_1_1' title="bbox 195 410 343 473">
     <span class='ocr_line' id='line_1_1' title="bbox 195 410 343 473; baseline 0 0"><span class='ocrx_word' id='word_1_1' title='bbox 195 410 343 473; x_wconf 73' lang='grc'><strong>1245</strong></span> 
     </span>
    </p>
   </div>
   <div class='ocr_carea' id='block_1_2' title="bbox 1484 407 2193 471">
    <p class='ocr_par' dir='ltr' id='par_1_2' title="bbox 1484 407 2193 471">
     <span class='ocr_line' id='line_1_2' title="bbox 1484 407 2193 471; baseline 0.006 -6"><span class='ocrx_word' id='word_1_2' title='bbox 1484 410 1529 465; x_wconf 84' lang='lat' dir='ltr'><strong>G</strong></span> <span class='ocrx_word' id='word_1_3' title='bbox 1544 407 2193 471; x_wconf 60' lang='lat' dir='ltr'><strong>RxECO-liOMANUM.</strong></span> 
     </span>
    </p>
   </div>
   <div class='ocr_carea' id='block_1_3' title="bbox 3322 414 3459 478">
    <p class='ocr_par' dir='ltr' id='par_1_3' title="bbox 3322 414 3459 478">
     <span class='ocr_line' id='line_1_3' title="bbox 3322 414 3459 478; baseline 0 0"><span class='ocrx_word' id='word_1_4' title='bbox 3322 414 3459 478; x_wconf 73' lang='grc' dir='ltr'><strong>12-ίό</strong></span> 
     </span>
    </p>
   </div>
   <div class='ocr_carea' id='block_1_4' title="bbox 191 514 1777 591">
    <p class='ocr_par' dir='ltr' id='par_1_4' title="bbox 191 514 1777 590">
     <span class='ocr_line' id='line_1_4' title="bbox 191 514 1777 590; baseline -0.004 -16"><span class='ocrx_word' id='word_1_5' title='bbox 191 518 570 589; x_wconf 75' lang='grc' dir='ltr'>φυλάττεσθαι</span> <span class='ocrx_word' id='word_1_6' title='bbox 608 519 738 590; x_wconf 74' lang='grc' dir='ltr'>χρή.</span> <span class='ocrx_word' id='word_1_7' title='bbox 787 517 914 572; x_wconf 72' lang='grc' dir='ltr'><strong>Ἐπὶ</strong></span> <span class='ocrx_word' id='word_1_8' title='bbox 945 517 1001 571; x_wconf 77' lang='grc' dir='ltr'>δὲ</span> <span class='ocrx_word' id='word_1_9' title='bbox 1040 516 1149 569; x_wconf 82' lang='grc' dir='ltr'><strong>τῶν</strong></span> <span class='ocrx_word' id='word_1_10' title='bbox 1186 514 1292 579; x_wconf 75' lang='grc' dir='ltr'><strong>ἔξω</strong></span> <span class='ocrx_word' id='word_1_11' title='bbox 1344 516 1679 583; x_wconf 77' lang='grc' dir='ltr'><strong>συγγενείας,</strong></span> <span class='ocrx_word' id='word_1_12' title='bbox 1720 516 1777 568; x_wconf 79' lang='grc' dir='ltr'>τὸ</span> 
     </span>
    </p>
   </div>
   <div class='ocr_carea' id='block_1_5' title="bbox 1881 514 3459 591">
    <p class='ocr_par' dir='ltr' id='par_1_5' title="bbox 1886 516 3459 591">
     <span class='ocr_line' id='line_1_5' title="bbox 1886 516 3459 591; baseline 0.008 -23"><span class='ocrx_word' id='word_1_13' title='bbox 1886 516 2096 569; x_wconf 78' lang='lat' dir='ltr'><strong>bitione</strong></span> <span class='ocrx_word' id='word_1_14' title='bbox 2161 529 2373 572; x_wconf 80' lang='lat' dir='ltr'><strong>carent.</strong></span> <span class='ocrx_word' id='word_1_15' title='bbox 2431 516 2486 571; x_wconf 91' lang='lat' dir='ltr'><strong>In</strong></span> <span class='ocrx_word' id='word_1_16' title='bbox 2547 518 2804 574; x_wconf 86' lang='lat' dir='ltr'><strong>aﬂinitate</strong></span> <span class='ocrx_word' id='word_1_17' title='bbox 2866 523 3145 591; x_wconf 80' lang='lat' dir='ltr'><strong>triumque</strong></span> <span class='ocrx_word' id='word_1_18' title='bbox 3197 540 3459 591; x_wconf 78' lang='lat' dir='ltr'><strong>generum</strong></span> 
     </span>
    </p>
   </div>
   <div class='ocr_carea' id='block_1_6' title="bbox 187 607 1779 682">
    <p class='ocr_par' dir='ltr' id='par_1_6' title="bbox 187 607 1779 682">
     <span class='ocr_line' id='line_1_6' title="bbox 187 607 1779 682; baseline -0.004 -17"><span class='ocrx_word' id='word_1_19' title='bbox 187 612 494 682; x_wconf 75' lang='grc' dir='ltr'>εὐπρεπές.</span> <span class='ocrx_word' id='word_1_20' title='bbox 546 610 609 663; x_wconf 82' lang='lat' dir='ltr'><strong>&#39;H</strong></span> <span class='ocrx_word' id='word_1_21' title='bbox 640 610 736 664; x_wconf 77' lang='grc' dir='ltr'>οὖν</span> <span class='ocrx_word' id='word_1_22' title='bbox 778 610 1115 680; x_wconf 81' lang='grc' dir='ltr'><strong>παρανόμως</strong></span> <span class='ocrx_word' id='word_1_23' title='bbox 1168 607 1503 677; x_wconf 73' lang='grc' dir='ltr'>γαμηθεῖσα,</span> <span class='ocrx_word' id='word_1_24' title='bbox 1554 607 1779 660; x_wconf 87' lang='grc' dir='ltr'>δύναται</span> 
     </span>
    </p>
   </div>
   <div class='ocr_carea' id='block_1_7' title="bbox 186 696 1778 770">
    <p class='ocr_par' dir='ltr' id='par_1_7' title="bbox 186 696 1778 770">
     <span class='ocr_line' id='line_1_7' title="bbox 186 696 1778 770; baseline -0.003 -15"><span class='ocrx_word' id='word_1_25' title='bbox 186 702 435 756; x_wconf 68' lang='grc' dir='ltr'>διαλύειν</span> <span class='ocrx_word' id='word_1_26' title='bbox 466 701 559 753; x_wconf 81' lang='grc' dir='ltr'>τὸν</span> <span class='ocrx_word' id='word_1_27' title='bbox 605 701 807 770; x_wconf 83' lang='grc' dir='ltr'><strong>γάμον,</strong></span> <span class='ocrx_word' id='word_1_28' title='bbox 858 700 953 753; x_wconf 74' lang='grc' dir='ltr'>καὶ</span> <span class='ocrx_word' id='word_1_29' title='bbox 997 697 1297 767; x_wconf 76' lang='grc' dir='ltr'><strong>γαμεῖσθαι</strong></span> <span class='ocrx_word' id='word_1_30' title='bbox 1334 698 1484 767; x_wconf 82' lang='grc' dir='ltr'>ἄλλῳ</span> <span class='ocrx_word' id='word_1_31' title='bbox 1531 696 1778 765; x_wconf 75' lang='grc' dir='ltr'>ὕστερον.</span> 
     </span>
    </p>
   </div>
   <div class='ocr_carea' id='block_1_8' title="bbox 186 788 1781 861">
    <p class='ocr_par' dir='ltr' id='par_1_8' title="bbox 186 788 1781 861">
     <span class='ocr_line' id='line_1_8' title="bbox 186 788 1781 861; baseline -0.004 -13"><span class='ocrx_word' id='word_1_32' title='bbox 186 795 259 848; x_wconf 83' lang='grc' dir='ltr'><strong>Οἱ</strong></span> <span class='ocrx_word' id='word_1_33' title='bbox 290 794 347 848; x_wconf 73' lang='grc' dir='ltr'>δὲ</span> <span class='ocrx_word' id='word_1_34' title='bbox 401 794 511 846; x_wconf 73' lang='grc' dir='ltr'><strong>ἀπὸ</strong></span> <span class='ocrx_word' id='word_1_35' title='bbox 543 792 944 861; x_wconf 79' lang='grc' dir='ltr'><strong>κεκωλυμένων</strong></span> <span class='ocrx_word' id='word_1_36' title='bbox 990 789 1185 859; x_wconf 84' lang='grc' dir='ltr'>γάμων</span> <span class='ocrx_word' id='word_1_37' title='bbox 1226 791 1537 860; x_wconf 84' lang='grc' dir='ltr'>τικτόμενοι</span> <span class='ocrx_word' id='word_1_38' title='bbox 1569 788 1781 853; x_wconf 84' lang='grc' dir='ltr'>παῖδες,</span> 
     </span>
    </p>
   </div>
   <div class='ocr_carea' id='block_1_9' title="bbox 185 879 1780 955">
    <p class='ocr_par' dir='ltr' id='par_1_9' title="bbox 185 879 1780 955">
     <span class='ocr_line' id='line_1_9' title="bbox 185 879 1780 955; baseline -0.004 -17"><span class='ocrx_word' id='word_1_39' title='bbox 185 886 314 939; x_wconf 59' lang='grc' dir='ltr'>οὐδὲ</span> <span class='ocrx_word' id='word_1_40' title='bbox 362 888 460 955; x_wconf 80' lang='grc' dir='ltr'>τῆς</span> <span class='ocrx_word' id='word_1_41' title='bbox 499 883 607 938; x_wconf 86' lang='grc' dir='ltr'>τῶν</span> <span class='ocrx_word' id='word_1_42' title='bbox 656 882 827 937; x_wconf 89' lang='grc' dir='ltr'>νόθων</span> <span class='ocrx_word' id='word_1_43' title='bbox 881 880 1159 947; x_wconf 78' lang='grc' dir='ltr'><strong>ἀξιοῦνται</strong></span> <span class='ocrx_word' id='word_1_44' title='bbox 1211 880 1607 951; x_wconf 79' lang='grc' dir='ltr'><strong>προσηγορίας,</strong></span> <span class='ocrx_word' id='word_1_45' title='bbox 1659 879 1780 932; x_wconf 72' lang='grc' dir='ltr'>οὐδὲ</span> 
     </span>
    </p>
   </div>
   <div class='ocr_carea' id='block_1_10' title="bbox 184 960 1782 1044">
    <p class='ocr_par' dir='ltr' id='par_1_10' title="bbox 184 960 1782 1044">
     <span class='ocr_line' id='line_1_10' title="bbox 184 960 1782 1044; baseline -0.004 -16"><span class='ocrx_word' id='word_1_46' title='bbox 184 976 529 1044; x_wconf 75' lang='grc' dir='ltr'><strong>διαδέχονται</strong></span> <span class='ocrx_word' id='word_1_47' title='bbox 584 974 731 1027; x_wconf 82' lang='grc' dir='ltr'>κατά</span> <span class='ocrx_word' id='word_1_48' title='bbox 770 990 894 1026; x_wconf 89' lang='grc' dir='ltr'>τινα</span> <span class='ocrx_word' id='word_1_49' title='bbox 937 971 1031 1025; x_wconf 77' lang='grc' dir='ltr'><strong>τὸν</strong></span> <span class='ocrx_word' id='word_1_50' title='bbox 1075 971 1209 1025; x_wconf 86' lang='grc' dir='ltr'>ῐδιον</span> <span class='ocrx_word' id='word_1_51' title='bbox 1256 972 1491 1042; x_wconf 83' lang='grc' dir='ltr'>πατέρα.</span> <span class='ocrx_word' id='word_1_52' title='bbox 1550 971 1610 1023; x_wconf 92' lang='lat'><strong>&#39;0</strong></span> <span class='ocrx_word' id='word_1_53' title='bbox 1644 960 1782 1041; x_wconf 82' lang='grc' dir='ltr'>πρὸς</span> 
     </span>
    </p>
   </div>
   <div class='ocr_carea' id='block_1_11' title="bbox 188 1061 1782 1136">
    <p class='ocr_par' dir='ltr' id='par_1_11' title="bbox 188 1061 1782 1136">
     <span class='ocr_line' id='line_1_11' title="bbox 188 1061 1782 1136; baseline -0.004 -17"><span class='ocrx_word' id='word_1_54' title='bbox 188 1066 490 1136; x_wconf 76' lang='grc' dir='ltr'><strong>ἐλευθέραν</strong></span> <span class='ocrx_word' id='word_1_55' title='bbox 527 1065 601 1133; x_wconf 79' lang='grc' dir='ltr'>μὴ</span> <span class='ocrx_word' id='word_1_56' title='bbox 656 1063 1037 1134; x_wconf 75' lang='grc' dir='ltr'>ποιησαμένην</span> <span class='ocrx_word' id='word_1_57' title='bbox 1089 1063 1257 1133; x_wconf 83' lang='grc' dir='ltr'>πόρον</span> <span class='ocrx_word' id='word_1_58' title='bbox 1295 1064 1361 1116; x_wconf 86' lang='grc' dir='ltr'>ὲκ</span> <span class='ocrx_word' id='word_1_59' title='bbox 1397 1061 1491 1115; x_wconf 87' lang='grc' dir='ltr'><strong>τοῦ</strong></span> <span class='ocrx_word' id='word_1_60' title='bbox 1527 1061 1782 1131; x_wconf 85' lang='grc' dir='ltr'>σώματος</span> 
     </span>
    </p>
   </div>
   <div class='ocr_carea' id='block_1_12' title="bbox 187 1153 1781 1227">
    <p class='ocr_par' dir='ltr' id='par_1_12' title="bbox 187 1153 1781 1227">
     <span class='ocr_line' id='line_1_12' title="bbox 187 1153 1781 1227; baseline -0.003 -17"><span class='ocrx_word' id='word_1_61' title='bbox 187 1159 334 1227; x_wconf 71' lang='grc' dir='ltr'>ἔχων</span> <span class='ocrx_word' id='word_1_62' title='bbox 380 1155 695 1226; x_wconf 79' lang='grc' dir='ltr'>συνήθειαν,</span> <span class='ocrx_word' id='word_1_63' title='bbox 746 1156 806 1209; x_wconf 89' lang='grc' dir='ltr'><strong>ού</strong></span> <span class='ocrx_word' id='word_1_64' title='bbox 849 1154 1156 1225; x_wconf 76' lang='grc' dir='ltr'>παλλακὴν,</span> <span class='ocrx_word' id='word_1_65' title='bbox 1190 1154 1324 1208; x_wconf 82' lang='grc' dir='ltr'>ἀλλὰ</span> <span class='ocrx_word' id='word_1_66' title='bbox 1353 1153 1599 1224; x_wconf 81' lang='grc' dir='ltr'>γαμετὴν</span> <span class='ocrx_word' id='word_1_67' title='bbox 1638 1153 1781 1223; x_wconf 71' lang='grc' dir='ltr'>ἔχειν</span> 
     </span>
    </p>
   </div>
   <div class='ocr_carea' id='block_1_13' title="bbox 184 1240 1783 1313">
    <p class='ocr_par' dir='ltr' id='par_1_13' title="bbox 184 1240 1783 1313">
     <span class='ocr_line' id='line_1_13' title="bbox 184 1240 1783 1313; baseline -0.003 -15"><span class='ocrx_word' id='word_1_68' title='bbox 184 1246 361 1300; x_wconf 87' lang='grc' dir='ltr'>δοκεῖ.</span> <span class='ocrx_word' id='word_1_69' title='bbox 414 1245 652 1299; x_wconf 84' lang='grc' dir='ltr'>Δύναται</span> <span class='ocrx_word' id='word_1_70' title='bbox 697 1244 728 1297; x_wconf 99' lang='lat'><strong>6</strong></span> <span class='ocrx_word' id='word_1_71' title='bbox 767 1242 1058 1313; x_wconf 83' lang='grc' dir='ltr'>κουράτωρ</span> <span class='ocrx_word' id='word_1_72' title='bbox 1105 1243 1346 1311; x_wconf 85' lang='grc' dir='ltr'>συνάψαι</span> <span class='ocrx_word' id='word_1_73' title='bbox 1373 1243 1473 1310; x_wconf 80' lang='grc' dir='ltr'>τὴν</span> <span class='ocrx_word' id='word_1_74' title='bbox 1502 1240 1641 1295; x_wconf 75' lang='grc' dir='ltr'>ἰδίαν</span> <span class='ocrx_word' id='word_1_75' title='bbox 1687 1240 1783 1294; x_wconf 85' lang='grc' dir='ltr'>θυ-</span> 
     </span>
    </p>
   </div>
   <div class='ocr_carea' id='block_1_14' title="bbox 186 1332 1781 1406">
    <p class='ocr_par' dir='ltr' id='par_1_14' title="bbox 186 1332 1781 1406">
     <span class='ocr_line' id='line_1_14' title="bbox 186 1332 1781 1406; baseline 0 -17"><span class='ocrx_word' id='word_1_76' title='bbox 186 1337 407 1405; x_wconf 77' lang='grc' dir='ltr'>γατέρα</span> <span class='ocrx_word' id='word_1_77' title='bbox 445 1335 522 1406; x_wconf 81' lang='grc' dir='ltr'><strong>τῷ</strong></span> <span class='ocrx_word' id='word_1_78' title='bbox 570 1335 1025 1405; x_wconf 84' lang='grc' dir='ltr'>κουρατευομένῳ</span> <span class='ocrx_word' id='word_1_79' title='bbox 1058 1333 1367 1387; x_wconf 79' lang='grc' dir='ltr'>ὑπἀὐτοῦ.</span> <span class='ocrx_word' id='word_1_80' title='bbox 1408 1333 1513 1386; x_wconf 75' lang='grc' dir='ltr'><strong>Τὸν</strong></span> <span class='ocrx_word' id='word_1_81' title='bbox 1556 1332 1613 1386; x_wconf 79' lang='grc' dir='ltr'>δὲ</span> <span class='ocrx_word' id='word_1_82' title='bbox 1668 1332 1781 1389; x_wconf 82' lang='grc' dir='ltr'>υἱὸν</span> 
     </span>
    </p>
   </div>
   <div class='ocr_carea' id='block_1_15' title="bbox 186 1424 1791 1498">
    <p class='ocr_par' dir='ltr' id='par_1_15' title="bbox 186 1424 1791 1498">
     <span class='ocr_line' id='line_1_15' title="bbox 186 1424 1791 1498; baseline -0.002 -17"><span class='ocrx_word' id='word_1_83' title='bbox 186 1428 363 1481; x_wconf 65' lang='grc' dir='ltr'>αἰτοῦ</span> <span class='ocrx_word' id='word_1_84' title='bbox 387 1431 453 1498; x_wconf 77' lang='grc' dir='ltr'>τῇ</span> <span class='ocrx_word' id='word_1_85' title='bbox 483 1426 931 1498; x_wconf 80' lang='grc' dir='ltr'>κουρατιυομένῃ</span> <span class='ocrx_word' id='word_1_86' title='bbox 967 1428 1029 1480; x_wconf 80' lang='grc' dir='ltr'><strong>ού</strong></span> <span class='ocrx_word' id='word_1_87' title='bbox 1073 1426 1299 1480; x_wconf 87' lang='grc' dir='ltr'>δύναται</span> <span class='ocrx_word' id='word_1_88' title='bbox 1342 1427 1513 1497; x_wconf 84' lang='grc' dir='ltr'>χωρὶς</span> <span class='ocrx_word' id='word_1_89' title='bbox 1570 1424 1791 1496; x_wconf 66' lang='grc' dir='ltr'>βασιλιδο</span> 
     </span>
    </p>
   </div>
   <div class='ocr_carea' id='block_1_16' title="bbox 187 1518 1781 1590">
    <p class='ocr_par' dir='ltr' id='par_1_16' title="bbox 187 1518 1781 1590">
     <span class='ocr_line' id='line_1_16' title="bbox 187 1518 1781 1590; baseline -0.002 -16"><span class='ocrx_word' id='word_1_90' title='bbox 187 1523 300 1588; x_wconf 61' lang='lat' dir='ltr'><strong>xi;</strong></span> <span class='ocrx_word' id='word_1_91' title='bbox 340 1520 665 1583; x_wconf 87' lang='grc' dir='ltr'>κελεύσεως.</span> <span class='ocrx_word' id='word_1_92' title='bbox 747 1519 903 1573; x_wconf 80' lang='grc' dir='ltr'>Ἐπεὶ</span> <span class='ocrx_word' id='word_1_93' title='bbox 954 1519 1270 1590; x_wconf 80' lang='grc' dir='ltr'>ἀτιμοῦται.</span> <span class='ocrx_word' id='word_1_94' title='bbox 1326 1518 1465 1572; x_wconf 75' lang='grc' dir='ltr'>Οὔτε</span> <span class='ocrx_word' id='word_1_95' title='bbox 1510 1521 1540 1572; x_wconf 92' lang='lat'><strong>6</strong></span> <span class='ocrx_word' id='word_1_96' title='bbox 1601 1519 1781 1588; x_wconf 80' lang='grc' dir='ltr'>πατὴρ</span> 
     </span>
    </p>
   </div>
   <div class='ocr_carea' id='block_1_17' title="bbox 183 1608 1781 1683">
    <p class='ocr_par' dir='ltr' id='par_1_17' title="bbox 183 1608 1781 1683">
     <span class='ocr_line' id='line_1_17' title="bbox 183 1608 1781 1683; baseline -0.004 -16"><span class='ocrx_word' id='word_1_97' title='bbox 183 1613 288 1667; x_wconf 84' lang='grc' dir='ltr'><strong>τοῦ</strong></span> <span class='ocrx_word' id='word_1_98' title='bbox 354 1614 654 1683; x_wconf 73' lang='grc' dir='ltr'>ἐπιτρόπου</span> <span class='ocrx_word' id='word_1_99' title='bbox 714 1611 1041 1675; x_wconf 71' lang='grc' dir='ltr'><strong>ἐπισκόπου,</strong></span> <span class='ocrx_word' id='word_1_100' title='bbox 1094 1610 1219 1663; x_wconf 75' lang='grc' dir='ltr'>οὔτε</span> <span class='ocrx_word' id='word_1_101' title='bbox 1271 1612 1301 1663; x_wconf 93' lang='lat'><strong>6</strong></span> <span class='ocrx_word' id='word_1_102' title='bbox 1359 1608 1781 1675; x_wconf 81' lang='grc' dir='ltr'>συνυπεξούσιος</span> 
     </span>
    </p>
   </div>
   <div class='ocr_carea' id='block_1_18' title="bbox 185 1701 1781 1773">
    <p class='ocr_par' dir='ltr' id='par_1_18' title="bbox 185 1701 1781 1773">
     <span class='ocr_line' id='line_1_18' title="bbox 185 1701 1781 1773; baseline -0.002 -16"><span class='ocrx_word' id='word_1_103' title='bbox 185 1702 361 1758; x_wconf 78' lang='grc' dir='ltr'>αὐτοῦ</span> <span class='ocrx_word' id='word_1_104' title='bbox 393 1704 620 1772; x_wconf 76' lang='grc' dir='ltr'>ἁδελφὸς</span> <span class='ocrx_word' id='word_1_105' title='bbox 650 1702 875 1757; x_wconf 82' lang='grc' dir='ltr'>δύναται</span> <span class='ocrx_word' id='word_1_106' title='bbox 917 1704 1116 1771; x_wconf 82' lang='grc' dir='ltr'>γαμεῖν</span> <span class='ocrx_word' id='word_1_107' title='bbox 1158 1702 1259 1771; x_wconf 75' lang='grc' dir='ltr'>τὴν</span> <span class='ocrx_word' id='word_1_108' title='bbox 1286 1702 1551 1773; x_wconf 78' lang='grc' dir='ltr'>ὀρφανήν.</span> <span class='ocrx_word' id='word_1_109' title='bbox 1578 1701 1645 1754; x_wconf 79' lang='lat' dir='ltr'><strong>Ai</strong></span> <span class='ocrx_word' id='word_1_110' title='bbox 1672 1701 1781 1754; x_wconf 82' lang='grc' dir='ltr'><strong>τῶν</strong></span> 
     </span>
    </p>
   </div>
   <div class='ocr_carea' id='block_1_19' title="bbox 185 1794 1780 1866">
    <p class='ocr_par' dir='ltr' id='par_1_19' title="bbox 185 1794 1780 1866">
     <span class='ocr_line' id='line_1_19' title="bbox 185 1794 1780 1866; baseline -0.002 -17"><span class='ocrx_word' id='word_1_111' title='bbox 185 1796 577 1866; x_wconf 70' lang='grc' dir='ltr'>πενθουμένων</span> <span class='ocrx_word' id='word_1_112' title='bbox 602 1794 843 1865; x_wconf 80' lang='grc' dir='ltr'>γαμεταὶ</span> <span class='ocrx_word' id='word_1_113' title='bbox 866 1794 1166 1847; x_wconf 73' lang='grc' dir='ltr'>κωλύονται</span> <span class='ocrx_word' id='word_1_114' title='bbox 1193 1796 1251 1847; x_wconf 83' lang='grc' dir='ltr'>ὲν</span> <span class='ocrx_word' id='word_1_115' title='bbox 1278 1794 1358 1865; x_wconf 78' lang='grc' dir='ltr'>τῷ</span> <span class='ocrx_word' id='word_1_116' title='bbox 1384 1794 1632 1864; x_wconf 77' lang='grc' dir='ltr'>πενθίμῳ</span> <span class='ocrx_word' id='word_1_117' title='bbox 1655 1795 1780 1863; x_wconf 76' lang='grc' dir='ltr'>χρό-</span> 
     </span>
    </p>
   </div>
   <div class='ocr_carea' id='block_1_20' title="bbox 184 1884 1776 1957">
    <p class='ocr_par' dir='ltr' id='par_1_20' title="bbox 184 1884 1776 1957">
     <span class='ocr_line' id='line_1_20' title="bbox 184 1884 1776 1957; baseline 0.003 -22"><span class='ocrx_word' id='word_1_118' title='bbox 184 1905 268 1957; x_wconf 84' lang='grc' dir='ltr'><strong>νῳ</strong></span> <span class='ocrx_word' id='word_1_119' title='bbox 331 1886 630 1955; x_wconf 75' lang='grc' dir='ltr'><strong>γαμεῖσθαι</strong></span> <span class='ocrx_word' id='word_1_120' title='bbox 659 1900 673 1915; x_wconf 90' lang='grc'><strong>·</strong></span> <span class='ocrx_word' id='word_1_121' title='bbox 729 1888 780 1940; x_wconf 86' lang='grc' dir='ltr'><strong>εί</strong></span> <span class='ocrx_word' id='word_1_122' title='bbox 840 1886 916 1955; x_wconf 80' lang='grc' dir='ltr'>μὴ</span> <span class='ocrx_word' id='word_1_123' title='bbox 973 1886 1116 1939; x_wconf 69' lang='grc' dir='ltr'>κατὰ</span> <span class='ocrx_word' id='word_1_124' title='bbox 1182 1885 1428 1938; x_wconf 75' lang='grc' dir='ltr'>κέλευσιν</span> <span class='ocrx_word' id='word_1_125' title='bbox 1490 1884 1776 1955; x_wconf 82' lang='grc' dir='ltr'>βασιλέως.</span> 
     </span>
    </p>
   </div>
   <div class='ocr_carea' id='block_1_21' title="bbox 184 1975 1779 2049">
    <p class='ocr_par' dir='ltr' id='par_1_21' title="bbox 184 1975 1779 2049">
     <span class='ocr_line' id='line_1_21' title="bbox 184 1975 1779 2049; baseline -0.003 -16"><span class='ocrx_word' id='word_1_126' title='bbox 184 1980 256 2033; x_wconf 86' lang='grc' dir='ltr'><strong>Αἱ</strong></span> <span class='ocrx_word' id='word_1_127' title='bbox 288 1978 344 2031; x_wconf 76' lang='grc' dir='ltr'>δὲ</span> <span class='ocrx_word' id='word_1_128' title='bbox 370 1977 479 2031; x_wconf 84' lang='grc' dir='ltr'><strong>τῶν</strong></span> <span class='ocrx_word' id='word_1_129' title='bbox 506 1978 580 2049; x_wconf 85' lang='grc' dir='ltr'>μὴ</span> <span class='ocrx_word' id='word_1_130' title='bbox 612 1977 1017 2047; x_wconf 85' lang='grc' dir='ltr'>πενθουμένων,</span> <span class='ocrx_word' id='word_1_131' title='bbox 1049 1978 1168 2046; x_wconf 76' lang='grc' dir='ltr'>ἦτοι</span> <span class='ocrx_word' id='word_1_132' title='bbox 1205 1976 1313 2029; x_wconf 83' lang='grc' dir='ltr'><strong>τῶν</strong></span> <span class='ocrx_word' id='word_1_133' title='bbox 1335 1976 1429 2029; x_wconf 72' lang='grc' dir='ltr'><strong>ἐπὶ</strong></span> <span class='ocrx_word' id='word_1_134' title='bbox 1457 1975 1779 2029; x_wconf 83' lang='grc' dir='ltr'>καθοσιώσει</span> 
     </span>
    </p>
   </div>
   <div class='ocr_carea' id='block_1_22' title="bbox 185 2067 1779 2139">
    <p class='ocr_par' dir='ltr' id='par_1_22' title="bbox 185 2067 1779 2139">
     <span class='ocr_line' id='line_1_22' title="bbox 185 2067 1779 2139; baseline -0.002 -17"><span class='ocrx_word' id='word_1_135' title='bbox 185 2068 720 2133; x_wconf 76' lang='grc' dir='ltr'>καταδικασθέντων,</span> <span class='ocrx_word' id='word_1_136' title='bbox 751 2069 815 2121; x_wconf 85' lang='grc' dir='ltr'><strong>ού</strong></span> <span class='ocrx_word' id='word_1_137' title='bbox 868 2068 1191 2122; x_wconf 86' lang='grc' dir='ltr'>κωλύονται.</span> <span class='ocrx_word' id='word_1_138' title='bbox 1262 2068 1326 2121; x_wconf 78' lang='grc' dir='ltr'><strong>Ἦ</strong></span> <span class='ocrx_word' id='word_1_139' title='bbox 1362 2071 1425 2121; x_wconf 81' lang='grc' dir='ltr'>ὲν</span> <span class='ocrx_word' id='word_1_140' title='bbox 1454 2067 1531 2139; x_wconf 83' lang='grc' dir='ltr'>τῷ</span> <span class='ocrx_word' id='word_1_141' title='bbox 1560 2069 1779 2121; x_wconf 77' lang='grc' dir='ltr'>πενθεῖν</span> 
     </span>
    </p>
   </div>
   <div class='ocr_carea' id='block_1_23' title="bbox 184 2160 1777 2231">
    <p class='ocr_par' dir='ltr' id='par_1_23' title="bbox 184 2160 1777 2231">
     <span class='ocr_line' id='line_1_23' title="bbox 184 2160 1777 2231; baseline -0.001 -19"><span class='ocrx_word' id='word_1_142' title='bbox 184 2163 285 2213; x_wconf 74' lang='grc' dir='ltr'><strong>τὸν</strong></span> <span class='ocrx_word' id='word_1_143' title='bbox 311 2160 481 2227; x_wconf 78' lang='grc' dir='ltr'>ἄνδρα</span> <span class='ocrx_word' id='word_1_144' title='bbox 520 2162 855 2230; x_wconf 79' lang='grc' dir='ltr'>γεννήσασα,</span> <span class='ocrx_word' id='word_1_145' title='bbox 900 2161 981 2213; x_wconf 76' lang='grc' dir='ltr'>ἔτι</span> <span class='ocrx_word' id='word_1_146' title='bbox 1017 2160 1287 2213; x_wconf 74' lang='grc' dir='ltr'>κωλύεται</span> <span class='ocrx_word' id='word_1_147' title='bbox 1331 2160 1496 2230; x_wconf 86' lang='grc' dir='ltr'>γάμῳ</span> <span class='ocrx_word' id='word_1_148' title='bbox 1545 2160 1777 2231; x_wconf 82' lang='grc' dir='ltr'>προσελ-</span> 
     </span>
    </p>
   </div>
   <div class='ocr_carea' id='block_1_24' title="bbox 184 2252 1777 2322">
    <p class='ocr_par' dir='ltr' id='par_1_24' title="bbox 184 2252 1777 2322">
     <span class='ocr_line' id='line_1_24' title="bbox 184 2252 1777 2322; baseline -0.001 -16"><span class='ocrx_word' id='word_1_149' title='bbox 184 2254 327 2306; x_wconf 81' lang='grc' dir='ltr'>θεῖν.</span> <span class='ocrx_word' id='word_1_150' title='bbox 372 2254 435 2307; x_wconf 82' lang='grc' dir='ltr'><strong>Ἦ</strong></span> <span class='ocrx_word' id='word_1_151' title='bbox 458 2253 514 2305; x_wconf 79' lang='grc' dir='ltr'>δὲ</span> <span class='ocrx_word' id='word_1_152' title='bbox 545 2255 604 2306; x_wconf 84' lang='grc' dir='ltr'>ὲν</span> <span class='ocrx_word' id='word_1_153' title='bbox 633 2253 713 2322; x_wconf 85' lang='grc' dir='ltr'>τῷ</span> <span class='ocrx_word' id='word_1_154' title='bbox 740 2253 991 2321; x_wconf 80' lang='grc' dir='ltr'>πενθίμῳ</span> <span class='ocrx_word' id='word_1_155' title='bbox 1022 2252 1200 2321; x_wconf 85' lang='grc' dir='ltr'>χρόνῳ</span> <span class='ocrx_word' id='word_1_156' title='bbox 1248 2252 1503 2318; x_wconf 86' lang='grc' dir='ltr'>τεκοῦσα,</span> <span class='ocrx_word' id='word_1_157' title='bbox 1553 2254 1616 2305; x_wconf 79' lang='grc' dir='ltr'><strong>ού</strong></span> <span class='ocrx_word' id='word_1_158' title='bbox 1665 2270 1777 2305; x_wconf 86' lang='grc' dir='ltr'>κω-</span> 
     </span>
    </p>
   </div>
   <div class='ocr_carea' id='block_1_25' title="bbox 182 2344 1775 2417">
    <p class='ocr_par' dir='ltr' id='par_1_25' title="bbox 182 2344 1775 2417">
     <span class='ocr_line' id='line_1_25' title="bbox 182 2344 1775 2417; baseline 0.001 -21"><span class='ocrx_word' id='word_1_159' title='bbox 182 2345 402 2401; x_wconf 78' lang='grc' dir='ltr'>λύεται.</span> <span class='ocrx_word' id='word_1_160' title='bbox 463 2346 622 2399; x_wconf 74' lang='grc' dir='ltr'>Κατὰ</span> <span class='ocrx_word' id='word_1_161' title='bbox 669 2344 763 2398; x_wconf 89' lang='grc' dir='ltr'><strong>δύο</strong></span> <span class='ocrx_word' id='word_1_162' title='bbox 793 2344 902 2413; x_wconf 82' lang='grc' dir='ltr'>γὰρ</span> <span class='ocrx_word' id='word_1_163' title='bbox 933 2344 1110 2407; x_wconf 85' lang='grc' dir='ltr'>αίτίας</span> <span class='ocrx_word' id='word_1_164' title='bbox 1140 2346 1169 2397; x_wconf 96' lang='lat'><strong>6</strong></span> <span class='ocrx_word' id='word_1_165' title='bbox 1203 2344 1469 2413; x_wconf 70' lang='grc' dir='ltr'>πένθιμος</span> <span class='ocrx_word' id='word_1_166' title='bbox 1522 2344 1775 2417; x_wconf 80' lang='grc' dir='ltr'>ὲτυπὼθη</span> 
     </span>
    </p>
   </div>
   <div class='ocr_carea' id='block_1_26' title="bbox 184 2436 1775 2507">
    <p class='ocr_par' dir='ltr' id='par_1_26' title="bbox 184 2436 1775 2507">
     <span class='ocr_line' id='line_1_26' title="bbox 184 2436 1775 2507; baseline 0.001 -19"><span class='ocrx_word' id='word_1_167' title='bbox 184 2438 405 2507; x_wconf 80' lang='grc' dir='ltr'>καιρὸς,</span> <span class='ocrx_word' id='word_1_168' title='bbox 462 2438 553 2491; x_wconf 71' lang='grc' dir='ltr'><strong>διὰ</strong></span> <span class='ocrx_word' id='word_1_169' title='bbox 602 2436 665 2489; x_wconf 84' lang='grc' dir='ltr'>τὸ</span> <span class='ocrx_word' id='word_1_170' title='bbox 720 2436 796 2507; x_wconf 83' lang='grc' dir='ltr'>μὴ</span> <span class='ocrx_word' id='word_1_171' title='bbox 857 2436 1121 2505; x_wconf 88' lang='grc' dir='ltr'>σύγχυσιν</span> <span class='ocrx_word' id='word_1_172' title='bbox 1173 2436 1417 2503; x_wconf 87' lang='grc' dir='ltr'>γίνεσθαι</span> <span class='ocrx_word' id='word_1_173' title='bbox 1451 2436 1549 2505; x_wconf 78' lang='grc' dir='ltr'>τῆς</span> <span class='ocrx_word' id='word_1_174' title='bbox 1590 2437 1775 2506; x_wconf 85' lang='grc' dir='ltr'>γονῆς,</span> 
     </span>
    </p>
   </div>
   <div class='ocr_carea' id='block_1_27' title="bbox 183 2524 1774 2599">
    <p class='ocr_par' dir='ltr' id='par_1_27' title="bbox 183 2524 1774 2599">
     <span class='ocr_line' id='line_1_27' title="bbox 183 2524 1774 2599; baseline -0.001 -16"><span class='ocrx_word' id='word_1_175' title='bbox 183 2532 283 2583; x_wconf 82' lang='grc' dir='ltr'>καὶ</span> <span class='ocrx_word' id='word_1_176' title='bbox 317 2530 406 2583; x_wconf 75' lang='grc' dir='ltr'><strong>διὰ</strong></span> <span class='ocrx_word' id='word_1_177' title='bbox 435 2529 536 2598; x_wconf 85' lang='grc' dir='ltr'>τὴν</span> <span class='ocrx_word' id='word_1_178' title='bbox 568 2524 926 2598; x_wconf 71' lang='grc' dir='ltr'>ὀφειλομένην</span> <span class='ocrx_word' id='word_1_179' title='bbox 969 2528 1104 2581; x_wconf 82' lang='grc' dir='ltr'>αίδὼ</span> <span class='ocrx_word' id='word_1_180' title='bbox 1136 2530 1231 2581; x_wconf 72' lang='grc' dir='ltr'>καὶ</span> <span class='ocrx_word' id='word_1_181' title='bbox 1259 2528 1425 2598; x_wconf 79' lang='grc' dir='ltr'>τιμὴν</span> <span class='ocrx_word' id='word_1_182' title='bbox 1452 2528 1531 2598; x_wconf 82' lang='grc' dir='ltr'>τῷ</span> <span class='ocrx_word' id='word_1_183' title='bbox 1566 2529 1725 2599; x_wconf 81' lang='grc' dir='ltr'>ἀνδρί</span> <span class='ocrx_word' id='word_1_184' title='bbox 1758 2543 1774 2559; x_wconf 75' lang='grc'><strong><em>⁸</em></strong></span> 
     </span>
    </p>
   </div>
   <div class='ocr_carea' id='block_1_28' title="bbox 182 2619 1779 2689">
    <p class='ocr_par' dir='ltr' id='par_1_28' title="bbox 182 2619 1779 2689">
     <span class='ocr_line' id='line_1_28' title="bbox 182 2619 1779 2689; baseline 0 -15"><span class='ocrx_word' id='word_1_185' title='bbox 182 2623 240 2674; x_wconf 77' lang='grc' dir='ltr'>αἱ</span> <span class='ocrx_word' id='word_1_186' title='bbox 271 2620 367 2673; x_wconf 78' lang='grc' dir='ltr'>οὖν</span> <span class='ocrx_word' id='word_1_187' title='bbox 397 2623 659 2687; x_wconf 80' lang='grc' dir='ltr'>γυναῖκες</span> <span class='ocrx_word' id='word_1_188' title='bbox 688 2619 799 2673; x_wconf 84' lang='grc' dir='ltr'><strong>τῶν</strong></span> <span class='ocrx_word' id='word_1_189' title='bbox 833 2619 909 2689; x_wconf 74' lang='grc' dir='ltr'>μὴ</span> <span class='ocrx_word' id='word_1_190' title='bbox 953 2619 1123 2685; x_wconf 78' lang='grc' dir='ltr'>ἀξίων</span> <span class='ocrx_word' id='word_1_191' title='bbox 1181 2619 1525 2685; x_wconf 82' lang='grc' dir='ltr'>πενθεῖσθαι,</span> <span class='ocrx_word' id='word_1_192' title='bbox 1578 2620 1669 2675; x_wconf 84' lang='grc' dir='ltr'><strong>διὰ</strong></span> <span class='ocrx_word' id='word_1_193' title='bbox 1716 2620 1779 2674; x_wconf 81' lang='grc' dir='ltr'>τὸ</span> 
     </span>
    </p>
   </div>
   <div class='ocr_carea' id='block_1_29' title="bbox 181 2711 1778 2783">
    <p class='ocr_par' dir='ltr' id='par_1_29' title="bbox 181 2711 1778 2783">
     <span class='ocr_line' id='line_1_29' title="bbox 181 2711 1778 2783; baseline -0.001 -16"><span class='ocrx_word' id='word_1_194' title='bbox 181 2716 266 2768; x_wconf 78' lang='grc' dir='ltr'><strong>είς</strong></span> <span class='ocrx_word' id='word_1_195' title='bbox 296 2712 534 2782; x_wconf 83' lang='grc' dir='ltr'>δημόσια</span> <span class='ocrx_word' id='word_1_196' title='bbox 568 2711 732 2780; x_wconf 75' lang='grc' dir='ltr'>τυχὸν</span> <span class='ocrx_word' id='word_1_197' title='bbox 770 2715 1091 2781; x_wconf 81' lang='grc' dir='ltr'>περιπεσεῖν</span> <span class='ocrx_word' id='word_1_198' title='bbox 1126 2713 1472 2782; x_wconf 77' lang='grc' dir='ltr'>ἐγκλήματα,</span> <span class='ocrx_word' id='word_1_199' title='bbox 1516 2713 1654 2783; x_wconf 70' lang='grc' dir='ltr'>μετὰ</span> <span class='ocrx_word' id='word_1_200' title='bbox 1686 2715 1778 2767; x_wconf 75' lang='grc' dir='ltr'>τὸν</span> 
     </span>
    </p>
   </div>
   <div class='ocr_carea' id='block_1_30' title="bbox 180 2803 1774 2875">
    <p class='ocr_par' dir='ltr' id='par_1_30' title="bbox 180 2803 1774 2875">
     <span class='ocr_line' id='line_1_30' title="bbox 180 2803 1774 2875; baseline 0.002 -18"><span class='ocrx_word' id='word_1_201' title='bbox 180 2805 347 2858; x_wconf 81' lang='grc' dir='ltr'>τόκον</span> <span class='ocrx_word' id='word_1_202' title='bbox 395 2805 457 2856; x_wconf 83' lang='grc' dir='ltr'><strong>ού</strong></span> <span class='ocrx_word' id='word_1_203' title='bbox 495 2804 797 2856; x_wconf 80' lang='grc' dir='ltr'>κωλύονται</span> <span class='ocrx_word' id='word_1_204' title='bbox 827 2803 921 2855; x_wconf 72' lang='grc' dir='ltr'>καὶ</span> <span class='ocrx_word' id='word_1_205' title='bbox 958 2805 1017 2856; x_wconf 81' lang='grc' dir='ltr'>ὲν</span> <span class='ocrx_word' id='word_1_206' title='bbox 1047 2803 1125 2873; x_wconf 78' lang='grc' dir='ltr'>τῷ</span> <span class='ocrx_word' id='word_1_207' title='bbox 1165 2804 1415 2875; x_wconf 90' lang='grc' dir='ltr'>πενθίμῳ</span> <span class='ocrx_word' id='word_1_208' title='bbox 1456 2806 1774 2875; x_wconf 76' lang='grc' dir='ltr'>γαμεῖσθαι.</span> 
     </span>
    </p>
   </div>
   <div class='ocr_carea' id='block_1_31' title="bbox 193 2892 1774 2966">
    <p class='ocr_par' dir='ltr' id='par_1_31' title="bbox 193 2892 1774 2966">
     <span class='ocr_line' id='line_1_31' title="bbox 193 2892 1774 2966; baseline 0.001 -20"><span class='ocrx_word' id='word_1_209' title='bbox 193 2892 267 2946; x_wconf 83' lang='grc' dir='ltr'><strong>Ἦ</strong></span> <span class='ocrx_word' id='word_1_210' title='bbox 301 2894 409 2961; x_wconf 63' lang='grc' dir='ltr'><strong>πρὸ</strong></span> <span class='ocrx_word' id='word_1_211' title='bbox 442 2892 537 2946; x_wconf 90' lang='grc' dir='ltr'><strong>τοῦ</strong></span> <span class='ocrx_word' id='word_1_212' title='bbox 571 2893 837 2960; x_wconf 84' lang='grc' dir='ltr'>πενθίμου</span> <span class='ocrx_word' id='word_1_213' title='bbox 866 2893 1061 2962; x_wconf 85' lang='grc' dir='ltr'>χρόνου</span> <span class='ocrx_word' id='word_1_214' title='bbox 1094 2895 1575 2965; x_wconf 84' lang='grc' dir='ltr'>δευτερογαμοῦσα</span> <span class='ocrx_word' id='word_1_215' title='bbox 1616 2897 1774 2966; x_wconf 76' lang='grc' dir='ltr'>γυνὴ,</span> 
     </span>
    </p>
   </div>
   <div class='ocr_carea' id='block_1_32' title="bbox 184 2984 1775 3056">
    <p class='ocr_par' dir='ltr' id='par_1_32' title="bbox 184 2984 1775 3056">
     <span class='ocr_line' id='line_1_32' title="bbox 184 2984 1775 3056; baseline 0.001 -18"><span class='ocrx_word' id='word_1_216' title='bbox 184 2984 501 3054; x_wconf 81' lang='grc' dir='ltr'>ἀτιμοῦται,</span> <span class='ocrx_word' id='word_1_217' title='bbox 530 2984 699 3053; x_wconf 81' lang='grc' dir='ltr'>μηδὲν</span> <span class='ocrx_word' id='word_1_218' title='bbox 727 2986 792 3036; x_wconf 83' lang='grc' dir='ltr'>ἐκ</span> <span class='ocrx_word' id='word_1_219' title='bbox 818 2984 915 3036; x_wconf 89' lang='grc' dir='ltr'><strong>τοῦ</strong></span> <span class='ocrx_word' id='word_1_220' title='bbox 947 2984 1167 3056; x_wconf 85' lang='grc' dir='ltr'>πρώτου</span> <span class='ocrx_word' id='word_1_221' title='bbox 1191 2988 1371 3054; x_wconf 85' lang='grc' dir='ltr'>γάμου</span> <span class='ocrx_word' id='word_1_222' title='bbox 1396 3004 1453 3039; x_wconf 82' lang='grc' dir='ltr'><strong>κε</strong></span> <span class='ocrx_word' id='word_1_223' title='bbox 1466 2988 1775 3056; x_wconf 77' lang='grc' dir='ltr'>ρδαίνουσα,</span> 
     </span>
    </p>
   </div>
   <div class='ocr_carea' id='block_1_33' title="bbox 183 3076 1776 3146">
    <p class='ocr_par' dir='ltr' id='par_1_33' title="bbox 183 3076 1776 3146">
     <span class='ocr_line' id='line_1_33' title="bbox 183 3076 1776 3146; baseline 0.003 -18"><span class='ocrx_word' id='word_1_224' title='bbox 183 3078 285 3131; x_wconf 80' lang='grc' dir='ltr'>καὶ</span> <span class='ocrx_word' id='word_1_225' title='bbox 319 3076 488 3146; x_wconf 76' lang='grc' dir='ltr'>μηδὲν</span> <span class='ocrx_word' id='word_1_226' title='bbox 518 3076 681 3130; x_wconf 72' lang='grc' dir='ltr'>πλέον</span> <span class='ocrx_word' id='word_1_227' title='bbox 706 3076 799 3128; x_wconf 91' lang='grc' dir='ltr'><strong>τοῦ</strong></span> <span class='ocrx_word' id='word_1_228' title='bbox 831 3076 1017 3146; x_wconf 89' lang='grc' dir='ltr'>τρίτου</span> <span class='ocrx_word' id='word_1_229' title='bbox 1057 3077 1259 3146; x_wconf 81' lang='grc' dir='ltr'>μέρους</span> <span class='ocrx_word' id='word_1_230' title='bbox 1292 3079 1390 3145; x_wconf 74' lang='grc' dir='ltr'>τῆς</span> <span class='ocrx_word' id='word_1_231' title='bbox 1425 3078 1560 3141; x_wconf 84' lang='grc' dir='ltr'>ίδίας</span> <span class='ocrx_word' id='word_1_232' title='bbox 1590 3080 1776 3141; x_wconf 78' lang='grc' dir='ltr'>ούσίας</span> 
     </span>
    </p>
   </div>
   <div class='ocr_carea' id='block_1_34' title="bbox 1886 608 3455 679">
    <p class='ocr_par' dir='ltr' id='par_1_34' title="bbox 1886 608 3455 679">
     <span class='ocr_line' id='line_1_34' title="bbox 1886 608 3455 679; baseline 0.006 -19"><span class='ocrx_word' id='word_1_233' title='bbox 1886 608 2264 677; x_wconf 85' lang='lat' dir='ltr'><strong>copulatione,</strong></span> <span class='ocrx_word' id='word_1_234' title='bbox 2296 624 2417 677; x_wconf 83' lang='lat' dir='ltr'><strong>qua:</strong></span> <span class='ocrx_word' id='word_1_235' title='bbox 2443 609 2647 665; x_wconf 89' lang='lat' dir='ltr'><strong>diserte</strong></span> <span class='ocrx_word' id='word_1_236' title='bbox 2683 613 2957 679; x_wconf 85' lang='lat' dir='ltr'><strong>prohibita</strong></span> <span class='ocrx_word' id='word_1_237' title='bbox 2998 624 3150 674; x_wconf 88' lang='lat' dir='ltr'><strong>sunt,</strong></span> <span class='ocrx_word' id='word_1_238' title='bbox 3202 614 3285 667; x_wconf 81' lang='lat' dir='ltr'><strong>vel</strong></span> <span class='ocrx_word' id='word_1_239' title='bbox 3319 631 3455 669; x_wconf 92' lang='lat' dir='ltr'><strong>con-</strong></span> 
     </span>
    </p>
   </div>
   <div class='ocr_carea' id='block_1_35' title="bbox 1885 696 3464 776">
    <p class='ocr_par' dir='ltr' id='par_1_35' title="bbox 1885 696 3464 776">
     <span class='ocr_line' id='line_1_35' title="bbox 1885 696 3464 776; baseline 0.006 -25"><span class='ocrx_word' id='word_1_240' title='bbox 1885 696 2157 753; x_wconf 75' lang='lat' dir='ltr'><strong>l&#39;usionetn</strong></span> <span class='ocrx_word' id='word_1_241' title='bbox 2208 700 2514 767; x_wconf 66' lang='lat' dir='ltr'><strong>continent,</strong></span> <span class='ocrx_word' id='word_1_242' title='bbox 2575 703 2757 756; x_wconf 76' lang='lat' dir='ltr'><strong>caveri</strong></span> <span class='ocrx_word' id='word_1_243' title='bbox 2814 703 3032 759; x_wconf 74' lang='lat' dir='ltr'><strong>debent.</strong></span> <span class='ocrx_word' id='word_1_244' title='bbox 3083 705 3137 758; x_wconf 80' lang='lat' dir='ltr'><strong>in</strong></span> <span class='ocrx_word' id='word_1_245' title='bbox 3190 707 3279 766; x_wconf 86' lang='lat' dir='ltr'><strong>iis.</strong></span> <span class='ocrx_word' id='word_1_246' title='bbox 3342 724 3464 776; x_wconf 76' lang='lat' dir='ltr'><strong>qua:</strong></span> 
     </span>
    </p>
   </div>
   <div class='ocr_carea' id='block_1_36' title="bbox 1883 792 3462 862">
    <p class='ocr_par' dir='ltr' id='par_1_36' title="bbox 1883 792 3462 862">
     <span class='ocr_line' id='line_1_36' title="bbox 1883 792 3462 862; baseline 0.006 -19"><span class='ocrx_word' id='word_1_247' title='bbox 1883 800 2037 844; x_wconf 80' lang='lat' dir='ltr'><strong>extra</strong></span> <span class='ocrx_word' id='word_1_248' title='bbox 2078 792 2464 860; x_wconf 77' lang='lat' dir='ltr'><strong>cognationem</strong></span> <span class='ocrx_word' id='word_1_249' title='bbox 2504 794 2683 862; x_wconf 91' lang='lat' dir='ltr'><strong>posita</strong></span> <span class='ocrx_word' id='word_1_250' title='bbox 2715 802 2864 856; x_wconf 85' lang='lat' dir='ltr'><strong>sunt,</strong></span> <span class='ocrx_word' id='word_1_251' title='bbox 2915 797 3098 849; x_wconf 85' lang='lat' dir='ltr'><strong>decori</strong></span> <span class='ocrx_word' id='word_1_252' title='bbox 3154 808 3208 851; x_wconf 90' lang='lat' dir='ltr'><strong>et</strong></span> <span class='ocrx_word' id='word_1_253' title='bbox 3239 800 3462 852; x_wconf 68' lang='lat' dir='ltr'><strong>honesti</strong></span> 
     </span>
    </p>
   </div>
   <div class='ocr_carea' id='block_1_37' title="bbox 1882 879 3463 953">
    <p class='ocr_par' dir='ltr' id='par_1_37' title="bbox 1882 879 3463 953">
     <span class='ocr_line' id='line_1_37' title="bbox 1882 879 3463 953; baseline 0.006 -21"><span class='ocrx_word' id='word_1_254' title='bbox 1882 879 2130 933; x_wconf 83' lang='lat' dir='ltr'><strong>habenda</strong></span> <span class='ocrx_word' id='word_1_255' title='bbox 2172 884 2331 936; x_wconf 70' lang='lat' dir='ltr'><strong>ratio.</strong></span> <span class='ocrx_word' id='word_1_256' title='bbox 2370 884 2663 948; x_wconf 65' lang='lat' dir='ltr'><strong>ueterum,</strong></span> <span class='ocrx_word' id='word_1_257' title='bbox 2707 899 2829 953; x_wconf 67' lang='lat' dir='ltr'><strong>quae</strong></span> <span class='ocrx_word' id='word_1_258' title='bbox 2877 883 3118 940; x_wconf 82' lang='lat' dir='ltr'><strong>nefarias</strong></span> <span class='ocrx_word' id='word_1_259' title='bbox 3182 892 3463 944; x_wconf 74' lang='lat' dir='ltr'><strong>contraxit</strong></span> 
     </span>
    </p>
   </div>
   <div class='ocr_carea' id='block_1_38' title="bbox 1885 973 3463 1045">
    <p class='ocr_par' dir='ltr' id='par_1_38' title="bbox 1885 973 3463 1045">
     <span class='ocr_line' id='line_1_38' title="bbox 1885 973 3463 1045; baseline 0.004 -20"><span class='ocrx_word' id='word_1_260' title='bbox 1885 974 2125 1040; x_wconf 82' lang='lat' dir='ltr'><strong>nuptias,</strong></span> <span class='ocrx_word' id='word_1_261' title='bbox 2165 973 2375 1027; x_wconf 79' lang='lat' dir='ltr'><strong>solvere</strong></span> <span class='ocrx_word' id='word_1_262' title='bbox 2399 976 2819 1031; x_wconf 91' lang='lat' dir='ltr'><strong>matrimonium</strong></span> <span class='ocrx_word' id='word_1_263' title='bbox 2858 984 3062 1045; x_wconf 85' lang='lat' dir='ltr'><strong>potest,</strong></span> <span class='ocrx_word' id='word_1_264' title='bbox 3097 985 3152 1031; x_wconf 89' lang='lat' dir='ltr'><strong>ct</strong></span> <span class='ocrx_word' id='word_1_265' title='bbox 3181 978 3270 1031; x_wconf 85' lang='lat' dir='ltr'><strong>alii</strong></span> <span class='ocrx_word' id='word_1_266' title='bbox 3310 979 3463 1032; x_wconf 87' lang='lat' dir='ltr'><strong>dein-</strong></span> 
     </span>
    </p>
   </div>
   <div class='ocr_carea' id='block_1_39' title="bbox 1884 1066 3465 1139">
    <p class='ocr_par' dir='ltr' id='par_1_39' title="bbox 1884 1066 3465 1139">
     <span class='ocr_line' id='line_1_39' title="bbox 1884 1066 3465 1139; baseline 0.004 -21"><span class='ocrx_word' id='word_1_267' title='bbox 1884 1078 2012 1133; x_wconf 74' lang='lat' dir='ltr'><strong>ceps</strong></span> <span class='ocrx_word' id='word_1_268' title='bbox 2049 1066 2275 1119; x_wconf 83' lang='lat' dir='ltr'><strong>nubere.</strong></span> <span class='ocrx_word' id='word_1_269' title='bbox 2305 1066 2409 1131; x_wconf 89' lang='lat' dir='ltr'><strong>Qui</strong></span> <span class='ocrx_word' id='word_1_270' title='bbox 2447 1077 2632 1121; x_wconf 92' lang='lat' dir='ltr'><strong>autem</strong></span> <span class='ocrx_word' id='word_1_271' title='bbox 2671 1083 2738 1123; x_wconf 79' lang='lat' dir='ltr'><strong>ex</strong></span> <span class='ocrx_word' id='word_1_272' title='bbox 2776 1069 3075 1138; x_wconf 81' lang='lat' dir='ltr'><strong>prohibitis</strong></span> <span class='ocrx_word' id='word_1_273' title='bbox 3105 1071 3314 1139; x_wconf 75' lang='lat' dir='ltr'><strong>[nuptiis</strong></span> <span class='ocrx_word' id='word_1_274' title='bbox 3336 1086 3465 1139; x_wconf 87' lang='lat' dir='ltr'><strong>pro-</strong></span> 
     </span>
    </p>
   </div>
   <div class='ocr_carea' id='block_1_40' title="bbox 1882 1160 3466 1233">
    <p class='ocr_par' dir='ltr' id='par_1_40' title="bbox 1882 1160 3466 1233">
     <span class='ocr_line' id='line_1_40' title="bbox 1882 1160 3466 1233; baseline 0.001 -20"><span class='ocrx_word' id='word_1_275' title='bbox 1882 1167 2147 1213; x_wconf 82' lang='lat' dir='ltr'><strong>creantur</strong></span> <span class='ocrx_word' id='word_1_276' title='bbox 2228 1160 2407 1222; x_wconf 82' lang='lat' dir='ltr'><strong>liberi,</strong></span> <span class='ocrx_word' id='word_1_277' title='bbox 2491 1177 2592 1215; x_wconf 89' lang='lat' dir='ltr'><strong>nec</strong></span> <span class='ocrx_word' id='word_1_278' title='bbox 2653 1161 2971 1231; x_wconf 89' lang='lat' dir='ltr'><strong>spuriorum</strong></span> <span class='ocrx_word' id='word_1_279' title='bbox 3035 1163 3466 1233; x_wconf 80' lang='lat' dir='ltr'><strong>appellationem</strong></span> 
     </span>
    </p>
   </div>
   <div class='ocr_carea' id='block_1_41' title="bbox 1884 1253 3467 1324">
    <p class='ocr_par' dir='ltr' id='par_1_41' title="bbox 1884 1253 3467 1324">
     <span class='ocr_line' id='line_1_41' title="bbox 1884 1253 3467 1324; baseline 0.001 -18"><span class='ocrx_word' id='word_1_280' title='bbox 1884 1262 2325 1317; x_wconf 85' lang='lat' dir='ltr'><strong>consequuntur,</strong></span> <span class='ocrx_word' id='word_1_281' title='bbox 2367 1268 2467 1305; x_wconf 85' lang='lat' dir='ltr'><strong>nec</strong></span> <span class='ocrx_word' id='word_1_282' title='bbox 2490 1253 2617 1306; x_wconf 87' lang='lat' dir='ltr'><strong>ullis</strong></span> <span class='ocrx_word' id='word_1_283' title='bbox 2672 1254 2726 1307; x_wconf 90' lang='lat' dir='ltr'><strong>in</strong></span> <span class='ocrx_word' id='word_1_284' title='bbox 2760 1254 2920 1310; x_wconf 87' lang='lat' dir='ltr'><strong>bonis</strong></span> <span class='ocrx_word' id='word_1_285' title='bbox 2982 1256 3126 1324; x_wconf 87' lang='lat' dir='ltr'><strong>patri</strong></span> <span class='ocrx_word' id='word_1_286' title='bbox 3185 1270 3285 1308; x_wconf 86' lang='lat' dir='ltr'><strong>suo</strong></span> <span class='ocrx_word' id='word_1_287' title='bbox 3339 1268 3467 1307; x_wconf 87' lang='lat' dir='ltr'><strong>suc-</strong></span> 
     </span>
    </p>
   </div>
   <div class='ocr_carea' id='block_1_42' title="bbox 1882 1342 3465 1413">
    <p class='ocr_par' dir='ltr' id='par_1_42' title="bbox 1882 1342 3465 1413">
     <span class='ocr_line' id='line_1_42' title="bbox 1882 1342 3465 1413; baseline -0.001 -14"><span class='ocrx_word' id='word_1_288' title='bbox 1882 1343 2085 1399; x_wconf 89' lang='lat' dir='ltr'><strong>cedunt</strong></span> <span class='ocrx_word' id='word_1_289' title='bbox 2124 1343 2261 1412; x_wconf 80' lang='lat'><strong>(95).</strong></span> <span class='ocrx_word' id='word_1_290' title='bbox 2297 1342 2399 1407; x_wconf 90' lang='lat' dir='ltr'><strong>Qui</strong></span> <span class='ocrx_word' id='word_1_291' title='bbox 2442 1359 2567 1397; x_wconf 88' lang='lat' dir='ltr'><strong>cum</strong></span> <span class='ocrx_word' id='word_1_292' title='bbox 2594 1345 2825 1400; x_wconf 84' lang='lat' dir='ltr'><strong>muliere</strong></span> <span class='ocrx_word' id='word_1_293' title='bbox 2850 1346 3048 1410; x_wconf 89' lang='lat' dir='ltr'><strong>libera,</strong></span> <span class='ocrx_word' id='word_1_294' title='bbox 3082 1361 3204 1413; x_wconf 66' lang='lat' dir='ltr'><strong>quae</strong></span> <span class='ocrx_word' id='word_1_295' title='bbox 3233 1359 3465 1413; x_wconf 88' lang='lat' dir='ltr'><strong>corpore</strong></span> 
     </span>
    </p>
   </div>
   <div class='ocr_carea' id='block_1_43' title="bbox 1881 1434 3461 1501">
    <p class='ocr_par' dir='ltr' id='par_1_43' title="bbox 1881 1434 3461 1501">
     <span class='ocr_line' id='line_1_43' title="bbox 1881 1434 3461 1501; baseline 0.001 -17"><span class='ocrx_word' id='word_1_296' title='bbox 1881 1445 2152 1501; x_wconf 65' lang='lat' dir='ltr'><strong>qumstum</strong></span> <span class='ocrx_word' id='word_1_297' title='bbox 2189 1449 2295 1488; x_wconf 92' lang='lat' dir='ltr'><strong>non</strong></span> <span class='ocrx_word' id='word_1_298' title='bbox 2331 1434 2541 1498; x_wconf 80' lang='lat' dir='ltr'><strong>fecerit,</strong></span> <span class='ocrx_word' id='word_1_299' title='bbox 2603 1436 3061 1490; x_wconf 87' lang='lat' dir='ltr'><strong>consuetudinem</strong></span> <span class='ocrx_word' id='word_1_300' title='bbox 3109 1436 3298 1499; x_wconf 75' lang='lat' dir='ltr'><strong>hahet,</strong></span> <span class='ocrx_word' id='word_1_301' title='bbox 3354 1450 3461 1487; x_wconf 78' lang='lat' dir='ltr'><strong>non</strong></span> 
     </span>
    </p>
   </div>
   <div class='ocr_carea' id='block_1_44' title="bbox 1884 1523 3461 1593">
    <p class='ocr_par' dir='ltr' id='par_1_44' title="bbox 1884 1523 3461 1593">
     <span class='ocr_line' id='line_1_44' title="bbox 1884 1523 3461 1593; baseline -0.001 -17"><span class='ocrx_word' id='word_1_302' title='bbox 1884 1523 2272 1589; x_wconf 85' lang='lat' dir='ltr'><strong>concubinam,</strong></span> <span class='ocrx_word' id='word_1_303' title='bbox 2320 1524 2417 1580; x_wconf 88' lang='lat' dir='ltr'><strong>sed</strong></span> <span class='ocrx_word' id='word_1_304' title='bbox 2483 1541 2711 1580; x_wconf 75' lang='lat' dir='ltr'><strong>uxorem</strong></span> <span class='ocrx_word' id='word_1_305' title='bbox 2783 1526 2983 1578; x_wconf 80' lang='lat' dir='ltr'><strong>habere</strong></span> <span class='ocrx_word' id='word_1_306' title='bbox 3051 1525 3271 1577; x_wconf 65' lang='lat' dir='ltr'><strong>videtur</strong></span> <span class='ocrx_word' id='word_1_307' title='bbox 3324 1525 3461 1593; x_wconf 64' lang='lat'><strong>(95).</strong></span> 
     </span>
    </p>
   </div>
   <div class='ocr_carea' id='block_1_45' title="bbox 1884 1614 3461 1685">
    <p class='ocr_par' dir='ltr' id='par_1_45' title="bbox 1884 1614 3461 1685">
     <span class='ocr_line' id='line_1_45' title="bbox 1884 1614 3461 1685; baseline 0.001 -17"><span class='ocrx_word' id='word_1_308' title='bbox 1884 1614 2073 1671; x_wconf 85' lang='lat' dir='ltr'><strong>Potest</strong></span> <span class='ocrx_word' id='word_1_309' title='bbox 2098 1626 2325 1671; x_wconf 88' lang='lat' dir='ltr'><strong>curator</strong></span> <span class='ocrx_word' id='word_1_310' title='bbox 2368 1618 2722 1672; x_wconf 88' lang='lat' dir='ltr'><strong>matrimonio</strong></span> <span class='ocrx_word' id='word_1_311' title='bbox 2768 1617 3028 1685; x_wconf 88' lang='lat' dir='ltr'><strong>copulare</strong></span> <span class='ocrx_word' id='word_1_312' title='bbox 3076 1617 3245 1671; x_wconf 80' lang='lat' dir='ltr'><strong>ﬁliam</strong></span> <span class='ocrx_word' id='word_1_313' title='bbox 3303 1631 3461 1670; x_wconf 85' lang='lat' dir='ltr'><strong>suam</strong></span> 
     </span>
    </p>
   </div>
   <div class='ocr_carea' id='block_1_46' title="bbox 1884 1706 3463 1777">
    <p class='ocr_par' dir='ltr' id='par_1_46' title="bbox 1884 1706 3463 1777">
     <span class='ocr_line' id='line_1_46' title="bbox 1884 1706 3463 1777; baseline 0 -16"><span class='ocrx_word' id='word_1_314' title='bbox 1884 1706 1957 1774; x_wconf 85' lang='lat' dir='ltr'><strong>ei,</strong></span> <span class='ocrx_word' id='word_1_315' title='bbox 1990 1707 2153 1776; x_wconf 86' lang='lat' dir='ltr'><strong>cujus</strong></span> <span class='ocrx_word' id='word_1_316' title='bbox 2194 1718 2417 1764; x_wconf 90' lang='lat' dir='ltr'><strong>curator</strong></span> <span class='ocrx_word' id='word_1_317' title='bbox 2451 1717 2534 1763; x_wconf 88' lang='lat' dir='ltr'><strong>est</strong></span> <span class='ocrx_word' id='word_1_318' title='bbox 2566 1709 2715 1777; x_wconf 71' lang='lat'><strong>(95):</strong></span> <span class='ocrx_word' id='word_1_319' title='bbox 2750 1718 2806 1763; x_wconf 86' lang='lat' dir='ltr'><strong>at</strong></span> <span class='ocrx_word' id='word_1_320' title='bbox 2841 1709 3013 1761; x_wconf 80' lang='lat' dir='ltr'><strong>tilium</strong></span> <span class='ocrx_word' id='word_1_321' title='bbox 3044 1724 3207 1763; x_wconf 88' lang='lat' dir='ltr'><strong>suum</strong></span> <span class='ocrx_word' id='word_1_322' title='bbox 3242 1722 3366 1761; x_wconf 87' lang='lat' dir='ltr'><strong>cum</strong></span> <span class='ocrx_word' id='word_1_323' title='bbox 3398 1723 3463 1761; x_wconf 84' lang='lat' dir='ltr'><strong>ca</strong></span> 
     </span>
    </p>
   </div>
   <div class='ocr_carea' id='block_1_47' title="bbox 1885 1797 3465 1867">
    <p class='ocr_par' dir='ltr' id='par_1_47' title="bbox 1885 1797 3465 1867">
     <span class='ocr_line' id='line_1_47' title="bbox 1885 1797 3465 1867; baseline -0.002 -16"><span class='ocrx_word' id='word_1_324' title='bbox 1885 1798 2166 1867; x_wconf 81' lang='lat' dir='ltr'><strong>copulare,</strong></span> <span class='ocrx_word' id='word_1_325' title='bbox 2206 1798 2364 1866; x_wconf 85' lang='lat' dir='ltr'><strong>cujus</strong></span> <span class='ocrx_word' id='word_1_326' title='bbox 2396 1800 2615 1867; x_wconf 72' lang='lat' dir='ltr'><strong>negotia</strong></span> <span class='ocrx_word' id='word_1_327' title='bbox 2652 1800 2816 1865; x_wconf 69' lang='lat' dir='ltr'><strong>gerit,</strong></span> <span class='ocrx_word' id='word_1_328' title='bbox 2852 1800 3058 1866; x_wconf 83' lang='lat' dir='ltr'><strong>absque</strong></span> <span class='ocrx_word' id='word_1_329' title='bbox 3108 1798 3265 1866; x_wconf 71' lang='lat' dir='ltr'><strong>jussu</strong></span> <span class='ocrx_word' id='word_1_330' title='bbox 3315 1797 3465 1866; x_wconf 89' lang='lat' dir='ltr'><strong>prin-</strong></span> 
     </span>
    </p>
   </div>
   <div class='ocr_carea' id='block_1_48' title="bbox 1885 1886 3464 1958">
    <p class='ocr_par' dir='ltr' id='par_1_48' title="bbox 1885 1886 3464 1958">
     <span class='ocr_line' id='line_1_48' title="bbox 1885 1886 3464 1958; baseline -0.002 -17"><span class='ocrx_word' id='word_1_331' title='bbox 1885 1888 2026 1958; x_wconf 83' lang='lat' dir='ltr'><strong>cipis</strong></span> <span class='ocrx_word' id='word_1_332' title='bbox 2055 1886 2167 1957; x_wconf 84' lang='lat'><strong>(96)</strong></span> <span class='ocrx_word' id='word_1_333' title='bbox 2200 1888 2410 1956; x_wconf 81' lang='lat' dir='ltr'><strong>nequit.</strong></span> <span class='ocrx_word' id='word_1_334' title='bbox 2451 1886 2586 1940; x_wconf 85' lang='lat' dir='ltr'><strong>Nam</strong></span> <span class='ocrx_word' id='word_1_335' title='bbox 2615 1888 2843 1941; x_wconf 79' lang='lat' dir='ltr'><strong>infantia</strong></span> <span class='ocrx_word' id='word_1_336' title='bbox 2873 1896 3117 1942; x_wconf 88' lang='lat' dir='ltr'><strong>notatur.</strong></span> <span class='ocrx_word' id='word_1_337' title='bbox 3169 1887 3276 1941; x_wconf 73' lang='lat' dir='ltr'><strong>Nec</strong></span> <span class='ocrx_word' id='word_1_338' title='bbox 3308 1899 3464 1955; x_wconf 84' lang='lat' dir='ltr'><strong>pater</strong></span> 
     </span>
    </p>
   </div>
   <div class='ocr_carea' id='block_1_49' title="bbox 1881 1978 3464 2049">
    <p class='ocr_par' dir='ltr' id='par_1_49' title="bbox 1881 1978 3464 2049">
     <span class='ocr_line' id='line_1_49' title="bbox 1881 1978 3464 2049; baseline -0.002 -16"><span class='ocrx_word' id='word_1_339' title='bbox 1881 1981 2102 2044; x_wconf 84' lang='lat' dir='ltr'><strong>tutoris,</strong></span> <span class='ocrx_word' id='word_1_340' title='bbox 2142 1995 2243 2032; x_wconf 88' lang='lat' dir='ltr'><strong>nec</strong></span> <span class='ocrx_word' id='word_1_341' title='bbox 2282 1978 2452 2032; x_wconf 79' lang='lat' dir='ltr'><strong>frater</strong></span> <span class='ocrx_word' id='word_1_342' title='bbox 2487 1980 2630 2047; x_wconf 89' lang='lat' dir='ltr'><strong>ejus,</strong></span> <span class='ocrx_word' id='word_1_343' title='bbox 2694 1979 2788 2049; x_wconf 85' lang='lat' dir='ltr'><strong>qui</strong></span> <span class='ocrx_word' id='word_1_344' title='bbox 2844 1980 3028 2033; x_wconf 77' lang='lat' dir='ltr'><strong>adhuc</strong></span> <span class='ocrx_word' id='word_1_345' title='bbox 3059 1987 3145 2033; x_wconf 87' lang='lat' dir='ltr'><strong>est</strong></span> <span class='ocrx_word' id='word_1_346' title='bbox 3201 1980 3252 2032; x_wconf 91' lang='lat' dir='ltr'><strong>in</strong></span> <span class='ocrx_word' id='word_1_347' title='bbox 3312 1986 3464 2046; x_wconf 87' lang='lat' dir='ltr'><strong>pote-</strong></span> 
     </span>
    </p>
   </div>
   <div class='ocr_carea' id='block_1_50' title="bbox 1882 2068 3464 2141">
    <p class='ocr_par' dir='ltr' id='par_1_50' title="bbox 1882 2068 3464 2141">
     <span class='ocr_line' id='line_1_50' title="bbox 1882 2068 3464 2141; baseline -0.004 -15"><span class='ocrx_word' id='word_1_348' title='bbox 1882 2080 2051 2137; x_wconf 79' lang='lat' dir='ltr'><strong>state,</strong></span> <span class='ocrx_word' id='word_1_349' title='bbox 2078 2072 2337 2141; x_wconf 86' lang='lat' dir='ltr'><strong>pupillam</strong></span> <span class='ocrx_word' id='word_1_350' title='bbox 2369 2071 2571 2126; x_wconf 89' lang='lat' dir='ltr'><strong>dueere</strong></span> <span class='ocrx_word' id='word_1_351' title='bbox 2602 2080 2778 2138; x_wconf 80' lang='lat' dir='ltr'><strong>potest</strong></span> <span class='ocrx_word' id='word_1_352' title='bbox 2824 2070 2959 2139; x_wconf 73' lang='lat'><strong>(9&#39;1).</strong></span> <span class='ocrx_word' id='word_1_353' title='bbox 2988 2068 3198 2125; x_wconf 79' lang='lat' dir='ltr'><strong>Uxores</strong></span> <span class='ocrx_word' id='word_1_354' title='bbox 3248 2083 3464 2130; x_wconf 85' lang='lat' dir='ltr'><strong>eorum,</strong></span> 
     </span>
    </p>
   </div>
   <div class='ocr_carea' id='block_1_51' title="bbox 1881 2162 3464 2234">
    <p class='ocr_par' dir='ltr' id='par_1_51' title="bbox 1881 2162 3464 2234">
     <span class='ocr_line' id='line_1_51' title="bbox 1881 2162 3464 2234; baseline -0.004 -17"><span class='ocrx_word' id='word_1_355' title='bbox 1881 2164 1974 2234; x_wconf 91' lang='lat' dir='ltr'><strong>qui</strong></span> <span class='ocrx_word' id='word_1_356' title='bbox 2009 2164 2322 2233; x_wconf 77' lang='lat' dir='ltr'><strong>elngentur,</strong></span> <span class='ocrx_word' id='word_1_357' title='bbox 2360 2162 2503 2214; x_wconf 85' lang='lat' dir='ltr'><strong>intra</strong></span> <span class='ocrx_word' id='word_1_358' title='bbox 2538 2172 2754 2232; x_wconf 85' lang='lat' dir='ltr'><strong>tempus</strong></span> <span class='ocrx_word' id='word_1_359' title='bbox 2784 2164 2967 2216; x_wconf 88' lang='lat' dir='ltr'><strong>luctus</strong></span> <span class='ocrx_word' id='word_1_360' title='bbox 3027 2162 3233 2214; x_wconf 71' lang='lat' dir='ltr'><strong>nubere</strong></span> <span class='ocrx_word' id='word_1_361' title='bbox 3268 2170 3464 2212; x_wconf 69' lang='lat' dir='ltr'><strong>retan-</strong></span> 
     </span>
    </p>
   </div>
   <div class='ocr_carea' id='block_1_52' title="bbox 1882 2250 3464 2323">
    <p class='ocr_par' dir='ltr' id='par_1_52' title="bbox 1882 2250 3464 2323">
     <span class='ocr_line' id='line_1_52' title="bbox 1882 2250 3464 2323; baseline -0.004 -13"><span class='ocrx_word' id='word_1_362' title='bbox 1882 2258 2003 2320; x_wconf 70' lang='lat' dir='ltr'><strong>turi,</strong></span> <span class='ocrx_word' id='word_1_363' title='bbox 2044 2254 2150 2308; x_wconf 86' lang='lat' dir='ltr'><strong>nisi</strong></span> <span class='ocrx_word' id='word_1_364' title='bbox 2175 2254 2335 2323; x_wconf 89' lang='lat' dir='ltr'><strong>jussu</strong></span> <span class='ocrx_word' id='word_1_365' title='bbox 2369 2254 2658 2322; x_wconf 85' lang='lat' dir='ltr'><strong>principis.</strong></span> <span class='ocrx_word' id='word_1_366' title='bbox 2692 2254 2763 2307; x_wconf 80' lang='lat' dir='ltr'><strong>At</strong></span> <span class='ocrx_word' id='word_1_367' title='bbox 2805 2268 2997 2306; x_wconf 89' lang='lat' dir='ltr'><strong>eorum</strong></span> <span class='ocrx_word' id='word_1_368' title='bbox 3052 2252 3337 2320; x_wconf 81' lang='lat' dir='ltr'><strong>conjuges,</strong></span> <span class='ocrx_word' id='word_1_369' title='bbox 3370 2250 3464 2320; x_wconf 89' lang='lat' dir='ltr'><strong>qui</strong></span> 
     </span>
    </p>
   </div>
   <div class='ocr_carea' id='block_1_53' title="bbox 1879 2342 3463 2418">
    <p class='ocr_par' dir='ltr' id='par_1_53' title="bbox 1879 2342 3463 2418">
     <span class='ocr_line' id='line_1_53' title="bbox 1879 2342 3463 2418; baseline -0.006 -16"><span class='ocrx_word' id='word_1_370' title='bbox 1879 2345 2051 2418; x_wconf 82' lang='lat' dir='ltr'><strong>lugeri</strong></span> <span class='ocrx_word' id='word_1_371' title='bbox 2077 2361 2185 2399; x_wconf 91' lang='lat' dir='ltr'><strong>non</strong></span> <span class='ocrx_word' id='word_1_372' title='bbox 2218 2345 2418 2407; x_wconf 86' lang='lat' dir='ltr'><strong>solent,</strong></span> <span class='ocrx_word' id='word_1_373' title='bbox 2463 2345 2565 2397; x_wconf 86' lang='lat' dir='ltr'><strong>hoc</strong></span> <span class='ocrx_word' id='word_1_374' title='bbox 2604 2355 2709 2409; x_wconf 83' lang='lat' dir='ltr'><strong>est,</strong></span> <span class='ocrx_word' id='word_1_375' title='bbox 2736 2345 2828 2411; x_wconf 89' lang='lat' dir='ltr'><strong>qui</strong></span> <span class='ocrx_word' id='word_1_376' title='bbox 2869 2344 3176 2411; x_wconf 75' lang='lat' dir='ltr'><strong>maiestatis</strong></span> <span class='ocrx_word' id='word_1_377' title='bbox 3216 2342 3463 2396; x_wconf 78' lang='lat' dir='ltr'><strong>damnati</strong></span> 
     </span>
    </p>
   </div>
   <div class='ocr_carea' id='block_1_54' title="bbox 1879 2434 3462 2505">
    <p class='ocr_par' dir='ltr' id='par_1_54' title="bbox 1879 2434 3462 2505">
     <span class='ocr_line' id='line_1_54' title="bbox 1879 2434 3462 2505; baseline -0.006 -11"><span class='ocrx_word' id='word_1_378' title='bbox 1879 2447 2030 2502; x_wconf 84' lang='lat' dir='ltr'><strong>sunt,</strong></span> <span class='ocrx_word' id='word_1_379' title='bbox 2056 2453 2161 2491; x_wconf 92' lang='lat' dir='ltr'><strong>non</strong></span> <span class='ocrx_word' id='word_1_380' title='bbox 2185 2436 2573 2505; x_wconf 73' lang='lat' dir='ltr'><strong>prohibentur.</strong></span> <span class='ocrx_word' id='word_1_381' title='bbox 2606 2434 2739 2500; x_wconf 67' lang='lat' dir='ltr'><strong>Quae</strong></span> <span class='ocrx_word' id='word_1_382' title='bbox 2758 2436 2941 2490; x_wconf 91' lang='lat' dir='ltr'><strong>luctus</strong></span> <span class='ocrx_word' id='word_1_383' title='bbox 2971 2446 3219 2503; x_wconf 90' lang='lat' dir='ltr'><strong>tempore</strong></span> <span class='ocrx_word' id='word_1_384' title='bbox 3244 2447 3462 2487; x_wconf 83' lang='lat' dir='ltr'><strong>uterum</strong></span> 
     </span>
    </p>
   </div>
   <div class='ocr_carea' id='block_1_55' title="bbox 1879 2520 3462 2597">
    <p class='ocr_par' dir='ltr' id='par_1_55' title="bbox 1879 2520 3462 2597">
     <span class='ocr_line' id='line_1_55' title="bbox 1879 2520 3462 2597; baseline -0.005 -16"><span class='ocrx_word' id='word_1_385' title='bbox 1879 2526 2042 2597; x_wconf 78' lang='lat' dir='ltr'><strong>gerit,</strong></span> <span class='ocrx_word' id='word_1_386' title='bbox 2072 2524 2253 2579; x_wconf 90' lang='lat' dir='ltr'><strong>adhuc</strong></span> <span class='ocrx_word' id='word_1_387' title='bbox 2286 2522 2609 2595; x_wconf 84' lang='lat' dir='ltr'><strong>prohibetur</strong></span> <span class='ocrx_word' id='word_1_388' title='bbox 2636 2523 2705 2577; x_wconf 85' lang='lat' dir='ltr'><strong>ad</strong></span> <span class='ocrx_word' id='word_1_389' title='bbox 2740 2523 2879 2577; x_wconf 89' lang='lat' dir='ltr'><strong>alias</strong></span> <span class='ocrx_word' id='word_1_390' title='bbox 2926 2523 3166 2577; x_wconf 89' lang='lat' dir='ltr'><strong>transire</strong></span> <span class='ocrx_word' id='word_1_391' title='bbox 3219 2520 3462 2590; x_wconf 82' lang='lat' dir='ltr'><strong>nuptias.</strong></span> 
     </span>
    </p>
   </div>
   <div class='ocr_carea' id='block_1_56' title="bbox 1880 2613 3461 2686">
    <p class='ocr_par' dir='ltr' id='par_1_56' title="bbox 1880 2613 3461 2686">
     <span class='ocr_line' id='line_1_56' title="bbox 1880 2613 3461 2686; baseline -0.006 -13"><span class='ocrx_word' id='word_1_392' title='bbox 1880 2619 2013 2686; x_wconf 76' lang='lat' dir='ltr'><strong>Qua:</strong></span> <span class='ocrx_word' id='word_1_393' title='bbox 2040 2633 2167 2673; x_wconf 82' lang='lat' dir='ltr'><strong>vero</strong></span> <span class='ocrx_word' id='word_1_394' title='bbox 2196 2617 2339 2671; x_wconf 89' lang='lat' dir='ltr'><strong>intra</strong></span> <span class='ocrx_word' id='word_1_395' title='bbox 2366 2626 2582 2685; x_wconf 89' lang='lat' dir='ltr'><strong>tempus</strong></span> <span class='ocrx_word' id='word_1_396' title='bbox 2611 2618 2793 2669; x_wconf 89' lang='lat' dir='ltr'><strong>luctus</strong></span> <span class='ocrx_word' id='word_1_397' title='bbox 2851 2623 3069 2685; x_wconf 87' lang='lat' dir='ltr'><strong>partum</strong></span> <span class='ocrx_word' id='word_1_398' title='bbox 3118 2613 3312 2675; x_wconf 83' lang='lat' dir='ltr'><strong>edidit,</strong></span> <span class='ocrx_word' id='word_1_399' title='bbox 3354 2629 3461 2666; x_wconf 89' lang='lat' dir='ltr'><strong>non</strong></span> 
     </span>
    </p>
   </div>
   <div class='ocr_carea' id='block_1_57' title="bbox 1883 2706 3464 2781">
    <p class='ocr_par' dir='ltr' id='par_1_57' title="bbox 1883 2706 3464 2781">
     <span class='ocr_line' id='line_1_57' title="bbox 1883 2706 3464 2781; baseline -0.003 -17"><span class='ocrx_word' id='word_1_400' title='bbox 1883 2710 2230 2781; x_wconf 86' lang='lat' dir='ltr'><strong>prohibetur.</strong></span> <span class='ocrx_word' id='word_1_401' title='bbox 2258 2709 2392 2762; x_wconf 86' lang='lat' dir='ltr'><strong>Nam</strong></span> <span class='ocrx_word' id='word_1_402' title='bbox 2426 2710 2566 2763; x_wconf 90' lang='lat' dir='ltr'><strong>duas</strong></span> <span class='ocrx_word' id='word_1_403' title='bbox 2592 2708 2669 2779; x_wconf 33' lang='lat' dir='ltr'><strong>&#39;ob</strong></span> <span class='ocrx_word' id='word_1_404' title='bbox 2704 2722 2905 2762; x_wconf 88' lang='lat' dir='ltr'><strong>causas</strong></span> <span class='ocrx_word' id='word_1_405' title='bbox 2940 2707 3246 2775; x_wconf 83' lang='lat' dir='ltr'><strong>legitimum</strong></span> <span class='ocrx_word' id='word_1_406' title='bbox 3283 2706 3464 2760; x_wconf 85' lang='lat' dir='ltr'><strong>luctus</strong></span> 
     </span>
    </p>
   </div>
   <div class='ocr_carea' id='block_1_58' title="bbox 1882 2794 3466 2869">
    <p class='ocr_par' dir='ltr' id='par_1_58' title="bbox 1882 2794 3466 2869">
     <span class='ocr_line' id='line_1_58' title="bbox 1882 2794 3466 2869; baseline -0.004 -16"><span class='ocrx_word' id='word_1_407' title='bbox 1882 2810 2096 2869; x_wconf 86' lang='lat' dir='ltr'><strong>tempus</strong></span> <span class='ocrx_word' id='word_1_408' title='bbox 2119 2808 2203 2855; x_wconf 83' lang='lat' dir='ltr'><strong>est</strong></span> <span class='ocrx_word' id='word_1_409' title='bbox 2235 2801 2624 2862; x_wconf 79' lang='lat' dir='ltr'><strong>constitutum,</strong></span> <span class='ocrx_word' id='word_1_410' title='bbox 2682 2815 2758 2853; x_wconf 87' lang='lat' dir='ltr'><strong>ne</strong></span> <span class='ocrx_word' id='word_1_411' title='bbox 2794 2798 3047 2852; x_wconf 77' lang='lat' dir='ltr'><strong>videlicet</strong></span> <span class='ocrx_word' id='word_1_412' title='bbox 3083 2796 3313 2851; x_wconf 90' lang='lat' dir='ltr'><strong>seminis</strong></span> <span class='ocrx_word' id='word_1_413' title='bbox 3370 2794 3466 2848; x_wconf 78' lang='lat' dir='ltr'><strong>ﬁat</strong></span> 
     </span>
    </p>
   </div>
   <div class='ocr_carea' id='block_1_59' title="bbox 1885 2886 3463 2959">
    <p class='ocr_par' dir='ltr' id='par_1_59' title="bbox 1885 2886 3463 2959">
     <span class='ocr_line' id='line_1_59' title="bbox 1885 2886 3463 2959; baseline -0.004 -13"><span class='ocrx_word' id='word_1_414' title='bbox 1885 2892 2161 2953; x_wconf 82' lang='lat' dir='ltr'><strong>confusio,</strong></span> <span class='ocrx_word' id='word_1_415' title='bbox 2197 2906 2261 2944; x_wconf 87' lang='lat' dir='ltr'><strong>ac</strong></span> <span class='ocrx_word' id='word_1_416' title='bbox 2288 2899 2512 2959; x_wconf 87' lang='lat' dir='ltr'><strong>propter</strong></span> <span class='ocrx_word' id='word_1_417' title='bbox 2543 2891 2912 2945; x_wconf 80' lang='lat' dir='ltr'><strong>reverentiam</strong></span> <span class='ocrx_word' id='word_1_418' title='bbox 2944 2900 2997 2944; x_wconf 88' lang='lat' dir='ltr'><strong>et</strong></span> <span class='ocrx_word' id='word_1_419' title='bbox 3044 2890 3328 2951; x_wconf 86' lang='lat' dir='ltr'><strong>honorem,</strong></span> <span class='ocrx_word' id='word_1_420' title='bbox 3369 2886 3463 2955; x_wconf 88' lang='lat' dir='ltr'><strong>qui</strong></span> 
     </span>
    </p>
   </div>
   <div class='ocr_carea' id='block_1_60' title="bbox 1881 2978 3463 3049">
    <p class='ocr_par' dir='ltr' id='par_1_60' title="bbox 1881 2978 3463 3049">
     <span class='ocr_line' id='line_1_60' title="bbox 1881 2978 3463 3049; baseline -0.003 -13"><span class='ocrx_word' id='word_1_421' title='bbox 1881 2984 2085 3036; x_wconf 88' lang='lat' dir='ltr'><strong>marito</strong></span> <span class='ocrx_word' id='word_1_422' title='bbox 2140 2981 2392 3035; x_wconf 79' lang='lat' dir='ltr'><strong>debetur.</strong></span> <span class='ocrx_word' id='word_1_423' title='bbox 2460 2981 2632 3049; x_wconf 73' lang='lat' dir='ltr'><strong>Igitur</strong></span> <span class='ocrx_word' id='word_1_424' title='bbox 2682 2995 2872 3035; x_wconf 90' lang='lat' dir='ltr'><strong>eorum</strong></span> <span class='ocrx_word' id='word_1_425' title='bbox 2940 2995 3159 3044; x_wconf 78' lang='lat' dir='ltr'><strong>uxores,</strong></span> <span class='ocrx_word' id='word_1_426' title='bbox 3208 2978 3299 3048; x_wconf 90' lang='lat' dir='ltr'><strong>qui</strong></span> <span class='ocrx_word' id='word_1_427' title='bbox 3354 2994 3463 3031; x_wconf 86' lang='lat' dir='ltr'><strong>non</strong></span> 
     </span>
    </p>
   </div>
   <div class='ocr_carea' id='block_1_61' title="bbox 1879 3069 3459 3141">
    <p class='ocr_par' dir='ltr' id='par_1_61' title="bbox 1879 3069 3459 3141">
     <span class='ocr_line' id='line_1_61' title="bbox 1879 3069 3459 3141; baseline -0.002 -16"><span class='ocrx_word' id='word_1_428' title='bbox 1879 3072 2031 3140; x_wconf 76' lang='lat' dir='ltr'><strong>digni</strong></span> <span class='ocrx_word' id='word_1_429' title='bbox 2061 3078 2211 3133; x_wconf 88' lang='lat' dir='ltr'><strong>sunt,</strong></span> <span class='ocrx_word' id='word_1_430' title='bbox 2237 3077 2298 3124; x_wconf 91' lang='lat' dir='ltr'><strong>ut</strong></span> <span class='ocrx_word' id='word_1_431' title='bbox 2343 3070 2632 3141; x_wconf 74' lang='lat' dir='ltr'><strong>lugeantur</strong></span> <span class='ocrx_word' id='word_1_432' title='bbox 2675 3080 2961 3139; x_wconf 83' lang='lat' dir='ltr'><strong>propterea</strong></span> <span class='ocrx_word' id='word_1_433' title='bbox 2987 3069 3130 3139; x_wconf 84' lang='lat' dir='ltr'><strong>quod</strong></span> <span class='ocrx_word' id='word_1_434' title='bbox 3154 3069 3205 3122; x_wconf 90' lang='lat' dir='ltr'><strong>in</strong></span> <span class='ocrx_word' id='word_1_435' title='bbox 3240 3069 3459 3138; x_wconf 66' lang='lat' dir='ltr'><strong>publica</strong></span> 
     </span>
    </p>
   </div>
   <div class='ocr_carea' id='block_1_62' title="bbox 181 3160 1777 3239">
    <p class='ocr_par' dir='ltr' id='par_1_62' title="bbox 181 3168 1773 3239">
     <span class='ocr_line' id='line_1_62' title="bbox 181 3168 1773 3239; baseline 0.003 -18"><span class='ocrx_word' id='word_1_436' title='bbox 181 3168 375 3222; x_wconf 84' lang='grc' dir='ltr'>δοῦναι</span> <span class='ocrx_word' id='word_1_437' title='bbox 433 3168 710 3238; x_wconf 80' lang='grc' dir='ltr'>δυναμένη</span> <span class='ocrx_word' id='word_1_438' title='bbox 770 3169 850 3238; x_wconf 85' lang='grc' dir='ltr'>τῷ</span> <span class='ocrx_word' id='word_1_439' title='bbox 904 3169 1145 3238; x_wconf 81' lang='grc' dir='ltr'>δευτέρῳ</span> <span class='ocrx_word' id='word_1_440' title='bbox 1210 3170 1387 3239; x_wconf 77' lang='grc' dir='ltr'>ἀνδρὶ,</span> <span class='ocrx_word' id='word_1_441' title='bbox 1437 3172 1526 3224; x_wconf 76' lang='grc' dir='ltr'>ὅτε</span> <span class='ocrx_word' id='word_1_442' title='bbox 1580 3172 1773 3236; x_wconf 85' lang='grc' dir='ltr'>παῖδας</span> 
     </span>
    </p>
   </div>
   <div class='ocr_carea' id='block_1_63' title="bbox 1881 3160 3449 3239">
    <p class='ocr_par' dir='ltr' id='par_1_63' title="bbox 1881 3160 3449 3230">
     <span class='ocr_line' id='line_1_63' title="bbox 1881 3160 3449 3230; baseline -0.002 -14"><span class='ocrx_word' id='word_1_443' title='bbox 1881 3161 2020 3217; x_wconf 83' lang='lat' dir='ltr'><strong>forte</strong></span> <span class='ocrx_word' id='word_1_444' title='bbox 2047 3162 2277 3216; x_wconf 90' lang='lat' dir='ltr'><strong>crimina</strong></span> <span class='ocrx_word' id='word_1_445' title='bbox 2307 3161 2441 3230; x_wconf 84' lang='lat' dir='ltr'><strong>lapsi</strong></span> <span class='ocrx_word' id='word_1_446' title='bbox 2490 3163 2601 3215; x_wconf 90' lang='lat' dir='ltr'><strong>sint</strong></span> <span class='ocrx_word' id='word_1_447' title='bbox 2637 3162 2769 3229; x_wconf 77' lang='lat'><strong>(98),</strong></span> <span class='ocrx_word' id='word_1_448' title='bbox 2840 3169 2963 3230; x_wconf 77' lang='lat' dir='ltr'><strong>post</strong></span> <span class='ocrx_word' id='word_1_449' title='bbox 3010 3170 3223 3228; x_wconf 77' lang='lat' dir='ltr'><strong>partum</strong></span> <span class='ocrx_word' id='word_1_450' title='bbox 3284 3160 3449 3213; x_wconf 81' lang='lat' dir='ltr'><strong>etiam</strong></span> 
     </span>
    </p>
   </div>
   <div class='ocr_carea' id='block_1_64' title="bbox 182 3257 1774 3330">
    <p class='ocr_par' dir='ltr' id='par_1_64' title="bbox 182 3257 1774 3330">
     <span class='ocr_line' id='line_1_64' title="bbox 182 3257 1774 3330; baseline 0 -18"><span class='ocrx_word' id='word_1_451' title='bbox 182 3258 387 3327; x_wconf 80' lang='grc' dir='ltr'>δηλαδὴ</span> <span class='ocrx_word' id='word_1_452' title='bbox 416 3260 515 3311; x_wconf 86' lang='grc' dir='ltr'>οὑκ</span> <span class='ocrx_word' id='word_1_453' title='bbox 544 3259 680 3327; x_wconf 75' lang='grc' dir='ltr'>ἔχει.</span> <span class='ocrx_word' id='word_1_454' title='bbox 725 3258 849 3311; x_wconf 82' lang='grc' dir='ltr'><strong>Ἐὰν</strong></span> <span class='ocrx_word' id='word_1_455' title='bbox 883 3260 1021 3326; x_wconf 86' lang='grc' dir='ltr'>μετὰ</span> <span class='ocrx_word' id='word_1_456' title='bbox 1050 3258 1151 3328; x_wconf 78' lang='grc' dir='ltr'>τὴν</span> <span class='ocrx_word' id='word_1_457' title='bbox 1180 3257 1275 3311; x_wconf 89' lang='grc' dir='ltr'><strong>τοῦ</strong></span> <span class='ocrx_word' id='word_1_458' title='bbox 1304 3259 1496 3326; x_wconf 73' lang='grc' dir='ltr'>ἀνδρὸς</span> <span class='ocrx_word' id='word_1_459' title='bbox 1517 3259 1774 3330; x_wconf 82' lang='grc' dir='ltr'>τελευτὴν</span> 
     </span>
    </p>
   </div>
   <div class='ocr_carea' id='block_1_65' title="bbox 184 3350 1776 3421">
    <p class='ocr_par' dir='ltr' id='par_1_65' title="bbox 184 3350 1776 3421">
     <span class='ocr_line' id='line_1_65' title="bbox 184 3350 1776 3421; baseline 0.003 -19"><span class='ocrx_word' id='word_1_460' title='bbox 184 3351 318 3418; x_wconf 72' lang='grc' dir='ltr'>περὶ</span> <span class='ocrx_word' id='word_1_461' title='bbox 360 3350 453 3403; x_wconf 79' lang='grc' dir='ltr'>τὸν</span> <span class='ocrx_word' id='word_1_462' title='bbox 508 3350 793 3404; x_wconf 75' lang='grc' dir='ltr'>ἑνδέκατον</span> <span class='ocrx_word' id='word_1_463' title='bbox 848 3350 992 3418; x_wconf 84' lang='grc' dir='ltr'>μῆνα</span> <span class='ocrx_word' id='word_1_464' title='bbox 1049 3350 1183 3419; x_wconf 80' lang='grc' dir='ltr'>τέκῃ</span> <span class='ocrx_word' id='word_1_465' title='bbox 1240 3351 1273 3419; x_wconf 77' lang='grc' dir='ltr'>ἡ</span> <span class='ocrx_word' id='word_1_466' title='bbox 1320 3350 1477 3419; x_wconf 79' lang='grc' dir='ltr'>γυνὴ,</span> <span class='ocrx_word' id='word_1_467' title='bbox 1546 3352 1776 3421; x_wconf 80' lang='grc' dir='ltr'>πορνεία</span> 
     </span>
    </p>
   </div>
   <div class='ocr_carea' id='block_1_66' title="bbox 182 3441 1771 3511">
    <p class='ocr_par' dir='ltr' id='par_1_66' title="bbox 182 3441 1771 3511">
     <span class='ocr_line' id='line_1_66' title="bbox 182 3441 1771 3511; baseline 0.002 -18"><span class='ocrx_word' id='word_1_468' title='bbox 182 3443 305 3493; x_wconf 68' lang='grc' dir='ltr'>ἐστὶ</span> <span class='ocrx_word' id='word_1_469' title='bbox 333 3441 397 3494; x_wconf 87' lang='grc' dir='ltr'><strong>τδ</strong></span> <span class='ocrx_word' id='word_1_470' title='bbox 433 3442 681 3509; x_wconf 73' lang='grc' dir='ltr'>γεγονός,</span> <span class='ocrx_word' id='word_1_471' title='bbox 710 3442 807 3494; x_wconf 72' lang='grc' dir='ltr'>καὶ</span> <span class='ocrx_word' id='word_1_472' title='bbox 834 3444 948 3503; x_wconf 86' lang='grc' dir='ltr'>τοῖς</span> <span class='ocrx_word' id='word_1_473' title='bbox 974 3441 1160 3503; x_wconf 80' lang='grc' dir='ltr'>αὐτοῖς</span> <span class='ocrx_word' id='word_1_474' title='bbox 1191 3442 1490 3509; x_wconf 71' lang='grc' dir='ltr'>ἐπιτιμίοις</span> <span class='ocrx_word' id='word_1_475' title='bbox 1510 3442 1771 3511; x_wconf 75' lang='grc' dir='ltr'>ἐνέχεται,</span> 
     </span>
    </p>
   </div>
   <div class='ocr_carea' id='block_1_67' title="bbox 183 3525 1772 3601">
    <p class='ocr_par' dir='ltr' id='par_1_67' title="bbox 183 3525 1772 3601">
     <span class='ocr_line' id='line_1_67' title="bbox 183 3525 1772 3601; baseline 0.001 -18"><span class='ocrx_word' id='word_1_476' title='bbox 183 3525 268 3594; x_wconf 73' lang='grc' dir='ltr'>οἷς</span> <span class='ocrx_word' id='word_1_477' title='bbox 309 3533 344 3601; x_wconf 84' lang='grc' dir='ltr'>ὴ</span> <span class='ocrx_word' id='word_1_478' title='bbox 394 3532 525 3601; x_wconf 76' lang='grc' dir='ltr'>περὶ</span> <span class='ocrx_word' id='word_1_479' title='bbox 575 3530 670 3583; x_wconf 84' lang='grc' dir='ltr'>τὸν</span> <span class='ocrx_word' id='word_1_480' title='bbox 716 3530 981 3599; x_wconf 77' lang='grc' dir='ltr'>πένθιμον</span> <span class='ocrx_word' id='word_1_481' title='bbox 1030 3529 1223 3599; x_wconf 88' lang='grc' dir='ltr'>χρόνον</span> <span class='ocrx_word' id='word_1_482' title='bbox 1253 3528 1733 3600; x_wconf 82' lang='grc' dir='ltr'>δευτερογαμοῦσα</span> <span class='ocrx_word' id='word_1_483' title='bbox 1758 3548 1772 3563; x_wconf 93' lang='grc'><strong>·</strong></span> 
     </span>
    </p>
   </div>
   <div class='ocr_carea' id='block_1_68' title="bbox 183 3618 1793 3692">
    <p class='ocr_par' dir='ltr' id='par_1_68' title="bbox 183 3618 1793 3692">
     <span class='ocr_line' id='line_1_68' title="bbox 183 3618 1793 3692; baseline -0.002 -16"><span class='ocrx_word' id='word_1_484' title='bbox 183 3624 539 3676; x_wconf 79' lang='grc' dir='ltr'>ἐκπίπτουσα</span> <span class='ocrx_word' id='word_1_485' title='bbox 642 3621 891 3690; x_wconf 80' lang='grc' dir='ltr'>δηλονότι</span> <span class='ocrx_word' id='word_1_486' title='bbox 950 3618 1051 3687; x_wconf 69' lang='grc' dir='ltr'>τῆς</span> <span class='ocrx_word' id='word_1_487' title='bbox 1091 3635 1148 3671; x_wconf 89' lang='grc' dir='ltr'>τε</span> <span class='ocrx_word' id='word_1_488' title='bbox 1179 3618 1385 3689; x_wconf 75' lang='grc' dir='ltr'>προικά</span> <span class='ocrx_word' id='word_1_489' title='bbox 1402 3635 1541 3682; x_wconf 78' lang='grc' dir='ltr'>σεως</span> <span class='ocrx_word' id='word_1_490' title='bbox 1578 3622 1793 3692; x_wconf 80' lang='grc' dir='ltr'>πάσης,</span> 
     </span>
    </p>
   </div>
   <div class='ocr_carea' id='block_1_69' title="bbox 183 3712 1025 3782">
    <p class='ocr_par' dir='ltr' id='par_1_69' title="bbox 183 3712 1025 3782">
     <span class='ocr_line' id='line_1_69' title="bbox 183 3712 1025 3782; baseline -0.001 -19"><span class='ocrx_word' id='word_1_491' title='bbox 183 3713 283 3767; x_wconf 77' lang='grc' dir='ltr'><strong>καὶ</strong></span> <span class='ocrx_word' id='word_1_492' title='bbox 307 3712 558 3782; x_wconf 81' lang='grc' dir='ltr'>ἁνδρώας</span> <span class='ocrx_word' id='word_1_493' title='bbox 577 3712 620 3743; x_wconf 81' lang='lat'>&quot;</span> <span class='ocrx_word' id='word_1_494' title='bbox 643 3712 1025 3780; x_wconf 80' lang='grc' dir='ltr'>ὑποστάσεως.</span> 
     </span>
    </p>
   </div>
   <div class='ocr_carea' id='block_1_70' title="bbox 1882 3249 3465 3323">
    <p class='ocr_par' dir='ltr' id='par_1_70' title="bbox 1882 3249 3465 3323">
     <span class='ocr_line' id='line_1_70' title="bbox 1882 3249 3465 3323; baseline -0.004 -12"><span class='ocrx_word' id='word_1_495' title='bbox 1882 3256 2028 3311; x_wconf 86' lang='lat' dir='ltr'><strong>intra</strong></span> <span class='ocrx_word' id='word_1_496' title='bbox 2061 3261 2279 3323; x_wconf 86' lang='lat' dir='ltr'><strong>tempus</strong></span> <span class='ocrx_word' id='word_1_497' title='bbox 2316 3253 2498 3308; x_wconf 86' lang='lat' dir='ltr'><strong>luetus</strong></span> <span class='ocrx_word' id='word_1_498' title='bbox 2530 3252 2738 3307; x_wconf 90' lang='lat' dir='ltr'><strong>nubere</strong></span> <span class='ocrx_word' id='word_1_499' title='bbox 2770 3269 2879 3306; x_wconf 93' lang='lat' dir='ltr'><strong>non</strong></span> <span class='ocrx_word' id='word_1_500' title='bbox 2906 3252 3293 3320; x_wconf 85' lang='lat' dir='ltr'><strong>prohibentur.</strong></span> <span class='ocrx_word' id='word_1_501' title='bbox 3333 3249 3465 3315; x_wconf 60' lang='lat' dir='ltr'><strong>Quae</strong></span> 
     </span>
    </p>
   </div>
   <div class='ocr_carea' id='block_1_71' title="bbox 1884 3342 3464 3414">
    <p class='ocr_par' dir='ltr' id='par_1_71' title="bbox 1884 3342 3464 3414">
     <span class='ocr_line' id='line_1_71' title="bbox 1884 3342 3464 3414; baseline -0.003 -13"><span class='ocrx_word' id='word_1_502' title='bbox 1884 3357 2013 3402; x_wconf 89' lang='lat' dir='ltr'><strong>ante</strong></span> <span class='ocrx_word' id='word_1_503' title='bbox 2039 3347 2253 3401; x_wconf 84' lang='lat' dir='ltr'><strong>[initum</strong></span> <span class='ocrx_word' id='word_1_504' title='bbox 2288 3346 2471 3399; x_wconf 90' lang='lat' dir='ltr'><strong>luctus</strong></span> <span class='ocrx_word' id='word_1_505' title='bbox 2524 3352 2741 3414; x_wconf 83' lang='lat' dir='ltr'><strong>tempus</strong></span> <span class='ocrx_word' id='word_1_506' title='bbox 2800 3344 3072 3399; x_wconf 68' lang='lat' dir='ltr'><strong>secundas</strong></span> <span class='ocrx_word' id='word_1_507' title='bbox 3107 3342 3174 3395; x_wconf 91' lang='lat' dir='ltr'><strong>ad</strong></span> <span class='ocrx_word' id='word_1_508' title='bbox 3244 3343 3464 3410; x_wconf 85' lang='lat' dir='ltr'><strong>nuptias</strong></span> 
     </span>
    </p>
   </div>
   <div class='ocr_carea' id='block_1_72' title="bbox 1883 3432 3462 3497">
    <p class='ocr_par' dir='ltr' id='par_1_72' title="bbox 1883 3432 3462 3497">
     <span class='ocr_line' id='line_1_72' title="bbox 1883 3432 3462 3497; baseline -0.004 -6"><span class='ocrx_word' id='word_1_509' title='bbox 1883 3437 2139 3491; x_wconf 81' lang='lat' dir='ltr'><strong>convolat</strong></span> <span class='ocrx_word' id='word_1_510' title='bbox 2178 3435 2399 3497; x_wconf 86' lang='lat' dir='ltr'><strong>mulier,</strong></span> <span class='ocrx_word' id='word_1_511' title='bbox 2444 3432 2672 3487; x_wconf 78' lang='lat' dir='ltr'><strong>infamia</strong></span> <span class='ocrx_word' id='word_1_512' title='bbox 2731 3441 2973 3495; x_wconf 89' lang='lat' dir='ltr'><strong>notatur,</strong></span> <span class='ocrx_word' id='word_1_513' title='bbox 3035 3444 3087 3488; x_wconf 92' lang='lat' dir='ltr'><strong>et</strong></span> <span class='ocrx_word' id='word_1_514' title='bbox 3131 3434 3342 3486; x_wconf 90' lang='lat' dir='ltr'><strong>nullum</strong></span> <span class='ocrx_word' id='word_1_515' title='bbox 3396 3447 3462 3485; x_wconf 79' lang='lat' dir='ltr'><strong>ex</strong></span> 
     </span>
    </p>
   </div>
   <div class='ocr_carea' id='block_1_73' title="bbox 1881 3522 3465 3599">
    <p class='ocr_par' dir='ltr' id='par_1_73' title="bbox 1881 3522 3465 3599">
     <span class='ocr_line' id='line_1_73' title="bbox 1881 3522 3465 3599; baseline -0.004 -17"><span class='ocrx_word' id='word_1_516' title='bbox 1881 3528 2056 3599; x_wconf 90' lang='lat' dir='ltr'><strong>priori</strong></span> <span class='ocrx_word' id='word_1_517' title='bbox 2082 3524 2440 3580; x_wconf 88' lang='lat' dir='ltr'><strong>matrimonio</strong></span> <span class='ocrx_word' id='word_1_518' title='bbox 2473 3525 2685 3579; x_wconf 91' lang='lat' dir='ltr'><strong>lucrum</strong></span> <span class='ocrx_word' id='word_1_519' title='bbox 2718 3526 2888 3594; x_wconf 88' lang='lat' dir='ltr'><strong>capit,</strong></span> <span class='ocrx_word' id='word_1_520' title='bbox 2924 3538 3022 3578; x_wconf 84' lang='lat' dir='ltr'><strong>nec</strong></span> <span class='ocrx_word' id='word_1_521' title='bbox 3062 3523 3204 3575; x_wconf 81' lang='lat' dir='ltr'><strong>ultra</strong></span> <span class='ocrx_word' id='word_1_522' title='bbox 3244 3522 3465 3577; x_wconf 88' lang='lat' dir='ltr'><strong>tertiam</strong></span> 
     </span>
    </p>
   </div>
   <div class='ocr_carea' id='block_1_74' title="bbox 1882 3613 3467 3692">
    <p class='ocr_par' dir='ltr' id='par_1_74' title="bbox 1882 3613 3467 3692">
     <span class='ocr_line' id='line_1_74' title="bbox 1882 3613 3467 3692; baseline -0.006 -18"><span class='ocrx_word' id='word_1_523' title='bbox 1882 3629 2095 3692; x_wconf 88' lang='lat' dir='ltr'><strong>partem</strong></span> <span class='ocrx_word' id='word_1_524' title='bbox 2173 3617 2495 3687; x_wconf 89' lang='lat' dir='ltr'><strong>patrimonii</strong></span> <span class='ocrx_word' id='word_1_525' title='bbox 2569 3618 2655 3671; x_wconf 88' lang='lat' dir='ltr'><strong>sui</strong></span> <span class='ocrx_word' id='word_1_526' title='bbox 2727 3616 2859 3672; x_wconf 88' lang='lat' dir='ltr'><strong>dare</strong></span> <span class='ocrx_word' id='word_1_527' title='bbox 2938 3616 3182 3671; x_wconf 82' lang='lat' dir='ltr'><strong>secundo</strong></span> <span class='ocrx_word' id='word_1_528' title='bbox 3266 3613 3467 3667; x_wconf 83' lang='lat' dir='ltr'><strong>marito</strong></span> 
     </span>
    </p>
   </div>
   <div class='ocr_carea' id='block_1_75' title="bbox 1881 3704 3465 3783">
    <p class='ocr_par' dir='ltr' id='par_1_75' title="bbox 1881 3704 3465 3783">
     <span class='ocr_line' id='line_1_75' title="bbox 1881 3704 3465 3783; baseline -0.005 -16"><span class='ocrx_word' id='word_1_529' title='bbox 1881 3718 2063 3783; x_wconf 87' lang='lat' dir='ltr'><strong>potest</strong></span> <span class='ocrx_word' id='word_1_530' title='bbox 2103 3708 2238 3779; x_wconf 85' lang='lat'><strong>(99),</strong></span> <span class='ocrx_word' id='word_1_531' title='bbox 2282 3724 2409 3764; x_wconf 92' lang='lat' dir='ltr'><strong>cum</strong></span> <span class='ocrx_word' id='word_1_532' title='bbox 2446 3708 2700 3763; x_wconf 82' lang='lat' dir='ltr'><strong>videlicet</strong></span> <span class='ocrx_word' id='word_1_533' title='bbox 2722 3709 2926 3762; x_wconf 84' lang='lat' dir='ltr'><strong>liberos</strong></span> <span class='ocrx_word' id='word_1_534' title='bbox 2969 3707 3150 3760; x_wconf 93' lang='lat' dir='ltr'><strong>nullos</strong></span> <span class='ocrx_word' id='word_1_535' title='bbox 3184 3706 3367 3760; x_wconf 84' lang='lat' dir='ltr'><strong>habet.</strong></span> <span class='ocrx_word' id='word_1_536' title='bbox 3404 3704 3465 3760; x_wconf 82' lang='lat' dir='ltr'><strong>Si</strong></span> 
     </span>
    </p>
   </div>
   <div class='ocr_carea' id='block_1_76' title="bbox 181 3796 3466 3871">
    <p class='ocr_par' dir='ltr' id='par_1_76' title="bbox 181 3796 3466 3871">
     <span class='ocr_line' id='line_1_76' title="bbox 181 3796 3466 3871; baseline -0.001 -18"><span class='ocrx_word' id='word_1_537' title='bbox 181 3809 313 3871; x_wconf 84' lang='lat' dir='ltr'><strong>post</strong></span> <span class='ocrx_word' id='word_1_538' title='bbox 329 3799 542 3856; x_wconf 82' lang='lat' dir='ltr'><strong>obitum</strong></span> <span class='ocrx_word' id='word_1_539' title='bbox 576 3798 756 3853; x_wconf 82' lang='lat' dir='ltr'><strong>mariti</strong></span> <span class='ocrx_word' id='word_1_540' title='bbox 785 3799 982 3853; x_wconf 85' lang='lat' dir='ltr'><strong>mulier</strong></span> <span class='ocrx_word' id='word_1_541' title='bbox 1011 3796 1305 3853; x_wconf 87' lang='lat' dir='ltr'><strong>undecimo</strong></span> <span class='ocrx_word' id='word_1_542' title='bbox 1329 3812 1523 3853; x_wconf 86' lang='lat' dir='ltr'><strong>mense</strong></span> <span class='ocrx_word' id='word_1_543' title='bbox 1544 3808 1758 3869; x_wconf 89' lang='lat' dir='ltr'><strong>partum</strong></span> <span class='ocrx_word' id='word_1_544' title='bbox 1798 3800 2053 3862; x_wconf 89' lang='lat' dir='ltr'><strong>ediderit,</strong></span> <span class='ocrx_word' id='word_1_545' title='bbox 2085 3799 2294 3852; x_wconf 77' lang='lat' dir='ltr'><strong>factum</strong></span> <span class='ocrx_word' id='word_1_546' title='bbox 2345 3799 2450 3854; x_wconf 92' lang='lat' dir='ltr'><strong>hoc</strong></span> <span class='ocrx_word' id='word_1_547' title='bbox 2502 3814 2654 3854; x_wconf 89' lang='lat' dir='ltr'><strong>mera</strong></span> <span class='ocrx_word' id='word_1_548' title='bbox 2707 3800 2973 3855; x_wconf 80' lang='lat' dir='ltr'><strong>scortatio</strong></span> <span class='ocrx_word' id='word_1_549' title='bbox 3007 3805 3112 3862; x_wconf 89' lang='lat' dir='ltr'><strong>est,</strong></span> <span class='ocrx_word' id='word_1_550' title='bbox 3188 3806 3242 3851; x_wconf 88' lang='lat' dir='ltr'><strong>et</strong></span> <span class='ocrx_word' id='word_1_551' title='bbox 3344 3797 3466 3866; x_wconf 84' lang='lat' dir='ltr'><strong>ipsa</strong></span> 
     </span>
    </p>
   </div>
   <div class='ocr_carea' id='block_1_77' title="bbox 188 3888 3464 3966">
    <p class='ocr_par' dir='ltr' id='par_1_77' title="bbox 188 3888 3464 3966">
     <span class='ocr_line' id='line_1_77' title="bbox 188 3888 3464 3966; baseline -0.002 -19"><span class='ocrx_word' id='word_1_552' title='bbox 188 3895 375 3964; x_wconf 66' lang='lat' dir='ltr'><strong>pinnis</strong></span> <span class='ocrx_word' id='word_1_553' title='bbox 433 3894 641 3949; x_wconf 87' lang='lat' dir='ltr'><strong>eisdem</strong></span> <span class='ocrx_word' id='word_1_554' title='bbox 708 3900 952 3957; x_wconf 87' lang='lat' dir='ltr'><strong>tenetur,</strong></span> <span class='ocrx_word' id='word_1_555' title='bbox 994 3894 1197 3964; x_wconf 87' lang='lat' dir='ltr'><strong>quibus</strong></span> <span class='ocrx_word' id='word_1_556' title='bbox 1241 3908 1325 3959; x_wconf 88' lang='lat' dir='ltr'><strong>ea,</strong></span> <span class='ocrx_word' id='word_1_557' title='bbox 1374 3910 1496 3962; x_wconf 69' lang='lat' dir='ltr'><strong>quae</strong></span> <span class='ocrx_word' id='word_1_558' title='bbox 1564 3897 1711 3951; x_wconf 85' lang='lat' dir='ltr'><strong>circa</strong></span> <span class='ocrx_word' id='word_1_559' title='bbox 1777 3906 1993 3966; x_wconf 89' lang='lat' dir='ltr'><strong>tempus</strong></span> <span class='ocrx_word' id='word_1_560' title='bbox 2057 3895 2237 3951; x_wconf 88' lang='lat' dir='ltr'><strong>luctus</strong></span> <span class='ocrx_word' id='word_1_561' title='bbox 2299 3894 2577 3950; x_wconf 88' lang='lat' dir='ltr'><strong>secundas</strong></span> <span class='ocrx_word' id='word_1_562' title='bbox 2645 3892 2922 3949; x_wconf 91' lang='lat' dir='ltr'><strong>contrahit</strong></span> <span class='ocrx_word' id='word_1_563' title='bbox 2989 3891 3245 3961; x_wconf 85' lang='lat' dir='ltr'><strong>nuptias:</strong></span> <span class='ocrx_word' id='word_1_564' title='bbox 3317 3888 3464 3959; x_wconf 90' lang='lat' dir='ltr'><strong>quod</strong></span> 
     </span>
    </p>
   </div>
   <div class='ocr_carea' id='block_1_78' title="bbox 183 3984 2235 4056">
    <p class='ocr_par' dir='ltr' id='par_1_78' title="bbox 183 3984 2235 4056">
     <span class='ocr_line' id='line_1_78' title="bbox 183 3984 2235 4056; baseline 0 -16"><span class='ocrx_word' id='word_1_565' title='bbox 183 3986 447 4040; x_wconf 87' lang='lat' dir='ltr'><strong>nimirum</strong></span> <span class='ocrx_word' id='word_1_566' title='bbox 479 3994 590 4038; x_wconf 86' lang='lat' dir='ltr'><strong>tam</strong></span> <span class='ocrx_word' id='word_1_567' title='bbox 629 3986 924 4050; x_wconf 87' lang='lat' dir='ltr'><strong>dotalibus,</strong></span> <span class='ocrx_word' id='word_1_568' title='bbox 952 4001 1116 4056; x_wconf 87' lang='lat' dir='ltr'><strong>quam</strong></span> <span class='ocrx_word' id='word_1_569' title='bbox 1139 3984 1395 4040; x_wconf 90' lang='lat' dir='ltr'><strong>omnibus</strong></span> <span class='ocrx_word' id='word_1_570' title='bbox 1424 3987 1550 4041; x_wconf 87' lang='lat' dir='ltr'><strong>aliis</strong></span> <span class='ocrx_word' id='word_1_571' title='bbox 1578 3989 1761 4043; x_wconf 88' lang='lat' dir='ltr'><strong>mariti</strong></span> <span class='ocrx_word' id='word_1_572' title='bbox 1803 3989 1964 4044; x_wconf 82' lang='lat' dir='ltr'><strong>bonis</strong></span> <span class='ocrx_word' id='word_1_573' title='bbox 1994 3987 2235 4043; x_wconf 80' lang='lat' dir='ltr'><strong>excidat.</strong></span> 
     </span>
    </p>
   </div>
   <div class='ocr_carea' id='block_1_79' title="bbox 259 4100 1768 4172">
    <p class='ocr_par' dir='ltr' id='par_1_79' title="bbox 259 4100 1768 4172">
     <span class='ocr_line' id='line_1_79' title="bbox 259 4100 1768 4172; baseline 0 -16"><span class='ocrx_word' id='word_1_574' title='bbox 259 4101 402 4169; x_wconf 76' lang='grc' dir='ltr'><strong>Περὶ</strong></span> <span class='ocrx_word' id='word_1_575' title='bbox 434 4100 554 4153; x_wconf 80' lang='grc' dir='ltr'><strong>τῶν</strong></span> <span class='ocrx_word' id='word_1_576' title='bbox 590 4100 1117 4172; x_wconf 66' lang='grc' dir='ltr'>,βδελυσσομένωγ</span> <span class='ocrx_word' id='word_1_577' title='bbox 1152 4100 1296 4172; x_wconf 72' lang='grc' dir='ltr'>τοὺς</span> <span class='ocrx_word' id='word_1_578' title='bbox 1333 4100 1632 4172; x_wconf 75' lang='grc' dir='ltr'><strong>ἐννόμους</strong></span> <span class='ocrx_word' id='word_1_579' title='bbox 1663 4102 1768 4172; x_wconf 68' lang='grc' dir='ltr'><strong>τά·</strong></span> 
     </span>
    </p>
   </div>
   <div class='ocr_carea' id='block_1_80' title="bbox 362 4170 1590 4239">
    <p class='ocr_par' dir='ltr' id='par_1_80' title="bbox 362 4170 1590 4239">
     <span class='ocr_line' id='line_1_80' title="bbox 362 4170 1590 4239; baseline 0 -14"><span class='ocrx_word' id='word_1_580' title='bbox 362 4189 538 4239; x_wconf 83' lang='grc' dir='ltr'>μους,</span> <span class='ocrx_word' id='word_1_581' title='bbox 570 4172 678 4224; x_wconf 82' lang='grc' dir='ltr'><strong>τὸν</strong></span> <span class='ocrx_word' id='word_1_582' title='bbox 731 4171 921 4235; x_wconf 79' lang='grc' dir='ltr'>οἶνον,</span> <span class='ocrx_word' id='word_1_583' title='bbox 963 4170 1035 4223; x_wconf 85' lang='grc' dir='ltr'>τὰ</span> <span class='ocrx_word' id='word_1_584' title='bbox 1068 4170 1234 4238; x_wconf 80' lang='grc' dir='ltr'>κρέα,</span> <span class='ocrx_word' id='word_1_585' title='bbox 1263 4171 1361 4224; x_wconf 75' lang='grc' dir='ltr'>καὶ</span> <span class='ocrx_word' id='word_1_586' title='bbox 1396 4172 1590 4239; x_wconf 80' lang='grc' dir='ltr'>ἕτερα.</span> 
     </span>
    </p>
   </div>
   <div class='ocr_carea' id='block_1_81' title="bbox 269 4260 1769 4330">
    <p class='ocr_par' dir='ltr' id='par_1_81' title="bbox 269 4260 1769 4330">
     <span class='ocr_line' id='line_1_81' title="bbox 269 4260 1769 4330; baseline 0 -13"><span class='ocrx_word' id='word_1_587' title='bbox 269 4264 334 4317; x_wconf 83' lang='lat'><strong>&#39;0</strong></span> <span class='ocrx_word' id='word_1_588' title='bbox 371 4264 480 4316; x_wconf 80' lang='grc' dir='ltr'><strong>τῶν</strong></span> <span class='ocrx_word' id='word_1_589' title='bbox 511 4264 684 4330; x_wconf 80' lang='grc' dir='ltr'>ἁγίων</span> <span class='ocrx_word' id='word_1_590' title='bbox 712 4263 1025 4315; x_wconf 76' lang='grc' dir='ltr'>ἀποστόλων</span> <span class='ocrx_word' id='word_1_591' title='bbox 1051 4260 1130 4317; x_wconf 73' lang='lat' dir='ltr'><strong>va’</strong></span> <span class='ocrx_word' id='word_1_592' title='bbox 1156 4262 1339 4316; x_wconf 85' lang='grc' dir='ltr'>κανών</span> <span class='ocrx_word' id='word_1_593' title='bbox 1362 4278 1377 4293; x_wconf 77' lang='grc'><strong><em>⁸</em></strong></span> <span class='ocrx_word' id='word_1_594' title='bbox 1419 4262 1769 4327; x_wconf 85' lang='grc' dir='ltr'>Ἐπίσκοπος,</span> 
     </span>
    </p>
   </div>
   <div class='ocr_carea' id='block_1_82' title="bbox 184 4354 1771 4427">
    <p class='ocr_par' dir='ltr' id='par_1_82' title="bbox 184 4354 1771 4427">
     <span class='ocr_line' id='line_1_82' title="bbox 184 4354 1771 4427; baseline 0.001 -19"><span class='ocrx_word' id='word_1_595' title='bbox 184 4356 379 4425; x_wconf 71' lang='grc' dir='ltr'>φησὶν,</span> <span class='ocrx_word' id='word_1_596' title='bbox 420 4354 455 4425; x_wconf 79' lang='grc' dir='ltr'>ἢ</span> <span class='ocrx_word' id='word_1_597' title='bbox 497 4354 889 4424; x_wconf 75' lang='grc' dir='ltr'>πρεσϐύτερος,</span> <span class='ocrx_word' id='word_1_598' title='bbox 923 4355 956 4425; x_wconf 80' lang='grc' dir='ltr'>ἢ</span> <span class='ocrx_word' id='word_1_599' title='bbox 988 4355 1147 4419; x_wconf 80' lang='grc' dir='ltr'>ἄλλος</span> <span class='ocrx_word' id='word_1_600' title='bbox 1175 4355 1271 4408; x_wconf 90' lang='grc' dir='ltr'><strong>τοῦ</strong></span> <span class='ocrx_word' id='word_1_601' title='bbox 1306 4356 1535 4427; x_wconf 85' lang='grc' dir='ltr'>κλήρου,</span> <span class='ocrx_word' id='word_1_602' title='bbox 1571 4356 1633 4409; x_wconf 86' lang='grc' dir='ltr'><strong>ού</strong></span> <span class='ocrx_word' id='word_1_603' title='bbox 1663 4356 1771 4425; x_wconf 83' lang='grc' dir='ltr'>μὴν</span> 
     </span>
    </p>
   </div>
   <div class='ocr_carea' id='block_1_83' title="bbox 181 4444 1771 4515">
    <p class='ocr_par' dir='ltr' id='par_1_83' title="bbox 181 4444 1771 4515">
     <span class='ocr_line' id='line_1_83' title="bbox 181 4444 1771 4515; baseline -0.002 -15"><span class='ocrx_word' id='word_1_604' title='bbox 181 4448 248 4500; x_wconf 85' lang='grc' dir='ltr'>δι’</span> <span class='ocrx_word' id='word_1_605' title='bbox 276 4446 526 4511; x_wconf 62' lang='grc' dir='ltr'>*ἄσκησιν</span> <span class='ocrx_word' id='word_1_606' title='bbox 580 4447 675 4498; x_wconf 71' lang='grc' dir='ltr'>καὶ</span> <span class='ocrx_word' id='word_1_607' title='bbox 724 4445 1077 4515; x_wconf 70' lang='grc' dir='ltr'>ἐγκράτειαν,</span> <span class='ocrx_word' id='word_1_608' title='bbox 1130 4445 1248 4497; x_wconf 82' lang='grc' dir='ltr'>ἀλλ’</span> <span class='ocrx_word' id='word_1_609' title='bbox 1281 4445 1359 4508; x_wconf 89' lang='grc' dir='ltr'>ὼς</span> <span class='ocrx_word' id='word_1_610' title='bbox 1408 4445 1695 4515; x_wconf 78' lang='grc' dir='ltr'>βδελυκτὸν</span> <span class='ocrx_word' id='word_1_611' title='bbox 1728 4444 1771 4477; x_wconf 82' lang='grc'><strong>³⁸</strong></span> 
     </span>
    </p>
   </div>
   <div class='ocr_carea' id='block_1_84' title="bbox 180 4535 1771 4606">
    <p class='ocr_par' dir='ltr' id='par_1_84' title="bbox 180 4535 1771 4606">
     <span class='ocr_line' id='line_1_84' title="bbox 180 4535 1771 4606; baseline -0.003 -14"><span class='ocrx_word' id='word_1_612' title='bbox 180 4538 529 4606; x_wconf 77' lang='grc' dir='ltr'>ἀπεχόμενος</span> <span class='ocrx_word' id='word_1_613' title='bbox 567 4537 747 4605; x_wconf 81' lang='grc' dir='ltr'>γάμου</span> <span class='ocrx_word' id='word_1_614' title='bbox 794 4552 853 4589; x_wconf 89' lang='grc' dir='ltr'><strong>τε</strong></span> <span class='ocrx_word' id='word_1_615' title='bbox 899 4538 992 4588; x_wconf 79' lang='grc' dir='ltr'>καὶ</span> <span class='ocrx_word' id='word_1_616' title='bbox 1038 4535 1220 4605; x_wconf 82' lang='grc' dir='ltr'>κριῶν</span> <span class='ocrx_word' id='word_1_617' title='bbox 1252 4536 1348 4589; x_wconf 75' lang='grc' dir='ltr'><strong>καὶ</strong></span> <span class='ocrx_word' id='word_1_618' title='bbox 1380 4536 1548 4601; x_wconf 71' lang='grc' dir='ltr'>οἴνου,</span> <span class='ocrx_word' id='word_1_619' title='bbox 1584 4536 1771 4606; x_wconf 65' lang='grc' dir='ltr'>ἐπιλε-</span> 
     </span>
    </p>
   </div>
   <div class='ocr_carea' id='block_1_85' title="bbox 1880 4095 3463 4173">
    <p class='ocr_par' dir='ltr' id='par_1_85' title="bbox 1880 4095 3463 4173">
     <span class='ocr_line' id='line_1_85' title="bbox 1880 4095 3463 4173; baseline -0.008 -16"><span class='ocrx_word' id='word_1_620' title='bbox 1880 4102 1959 4157; x_wconf 86' lang='lat' dir='ltr'><strong>De</strong></span> <span class='ocrx_word' id='word_1_621' title='bbox 1989 4103 2095 4168; x_wconf 74' lang='lat' dir='ltr'><strong>Itis,</strong></span> <span class='ocrx_word' id='word_1_622' title='bbox 2127 4102 2216 4173; x_wconf 84' lang='lat' dir='ltr'><strong>qui</strong></span> <span class='ocrx_word' id='word_1_623' title='bbox 2254 4102 2634 4155; x_wconf 83' lang='lat' dir='ltr'><strong>abominantur</strong></span> <span class='ocrx_word' id='word_1_624' title='bbox 2674 4100 2934 4173; x_wconf 70' lang='lat' dir='ltr'><strong>legitimus</strong></span> <span class='ocrx_word' id='word_1_625' title='bbox 2977 4098 3211 4165; x_wconf 76' lang='lat' dir='ltr'><strong>nuptias,</strong></span> <span class='ocrx_word' id='word_1_626' title='bbox 3261 4095 3463 4161; x_wconf 70' lang='lat' dir='ltr'><strong>uirttun,</strong></span> 
     </span>
    </p>
   </div>
   <div class='ocr_carea' id='block_1_86' title="bbox 2433 4170 2911 4235">
    <p class='ocr_par' dir='ltr' id='par_1_86' title="bbox 2433 4170 2911 4235">
     <span class='ocr_line' id='line_1_86' title="bbox 2433 4170 2911 4235; baseline -0.004 -12"><span class='ocrx_word' id='word_1_627' title='bbox 2433 4188 2644 4235; x_wconf 80' lang='lat' dir='ltr'><strong>carnes,</strong></span> <span class='ocrx_word' id='word_1_628' title='bbox 2690 4182 2738 4224; x_wconf 88' lang='lat' dir='ltr'><strong>et</strong></span> <span class='ocrx_word' id='word_1_629' title='bbox 2779 4170 2911 4223; x_wconf 81' lang='lat' dir='ltr'><strong>alia.</strong></span> 
     </span>
    </p>
   </div>
   <div class='ocr_carea' id='block_1_87' title="bbox 1948 4257 3455 4333">
    <p class='ocr_par' dir='ltr' id='par_1_87' title="bbox 1948 4257 3455 4333">
     <span class='ocr_line' id='line_1_87' title="bbox 1948 4257 3455 4333; baseline -0.007 -14"><span class='ocrx_word' id='word_1_630' title='bbox 1948 4262 2137 4319; x_wconf 89' lang='lat' dir='ltr'><strong>Canon</strong></span> <span class='ocrx_word' id='word_1_631' title='bbox 2172 4280 2224 4318; x_wconf 85' lang='lat' dir='ltr'><strong>LI</strong></span> <span class='ocrx_word' id='word_1_632' title='bbox 2268 4274 2588 4318; x_wconf 85' lang='lat' dir='ltr'><strong>sanctorum</strong></span> <span class='ocrx_word' id='word_1_633' title='bbox 2650 4263 3067 4333; x_wconf 83' lang='lat' dir='ltr'><strong>apostolorum:</strong></span> <span class='ocrx_word' id='word_1_634' title='bbox 3126 4257 3455 4328; x_wconf 82' lang='lat' dir='ltr'><strong>Episcopus,</strong></span> 
     </span>
    </p>
   </div>
   <div class='ocr_carea' id='block_1_88' title="bbox 1879 4350 3456 4426">
    <p class='ocr_par' dir='ltr' id='par_1_88' title="bbox 1879 4350 3456 4426">
     <span class='ocr_line' id='line_1_88' title="bbox 1879 4350 3456 4426; baseline -0.003 -19"><span class='ocrx_word' id='word_1_635' title='bbox 1879 4354 2081 4424; x_wconf 89' lang='lat' dir='ltr'><strong>inquit,</strong></span> <span class='ocrx_word' id='word_1_636' title='bbox 2110 4363 2207 4409; x_wconf 88' lang='lat' dir='ltr'><strong>aut</strong></span> <span class='ocrx_word' id='word_1_637' title='bbox 2228 4357 2543 4426; x_wconf 86' lang='lat' dir='ltr'><strong>presbyter,</strong></span> <span class='ocrx_word' id='word_1_638' title='bbox 2576 4362 2670 4409; x_wconf 90' lang='lat' dir='ltr'><strong>aut</strong></span> <span class='ocrx_word' id='word_1_639' title='bbox 2698 4356 2837 4409; x_wconf 88' lang='lat' dir='ltr'><strong>alius</strong></span> <span class='ocrx_word' id='word_1_640' title='bbox 2873 4352 3145 4423; x_wconf 72' lang='lat' dir='ltr'><strong>quispiam</strong></span> <span class='ocrx_word' id='word_1_641' title='bbox 3189 4365 3256 4404; x_wconf 84' lang='lat' dir='ltr'><strong>ex</strong></span> <span class='ocrx_word' id='word_1_642' title='bbox 3284 4350 3456 4413; x_wconf 78' lang='lat' dir='ltr'><strong>clero,</strong></span> 
     </span>
    </p>
   </div>
   <div class='ocr_carea' id='block_1_89' title="bbox 1886 4439 3457 4516">
    <p class='ocr_par' dir='ltr' id='par_1_89' title="bbox 1886 4439 3457 4516">
     <span class='ocr_line' id='line_1_89' title="bbox 1886 4439 3457 4516; baseline -0.004 -17"><span class='ocrx_word' id='word_1_643' title='bbox 1886 4448 1978 4516; x_wconf 89' lang='lat' dir='ltr'><strong>qui</strong></span> <span class='ocrx_word' id='word_1_644' title='bbox 2016 4463 2123 4502; x_wconf 91' lang='lat' dir='ltr'><strong>non</strong></span> <span class='ocrx_word' id='word_1_645' title='bbox 2153 4449 2570 4503; x_wconf 81' lang='lat' dir='ltr'><strong>exercitationis</strong></span> <span class='ocrx_word' id='word_1_646' title='bbox 2615 4456 2670 4502; x_wconf 90' lang='lat' dir='ltr'><strong>et</strong></span> <span class='ocrx_word' id='word_1_647' title='bbox 2722 4445 3075 4501; x_wconf 61' lang='lat' dir='ltr'><strong>continentur:</strong></span> <span class='ocrx_word' id='word_1_648' title='bbox 3120 4457 3307 4506; x_wconf 89' lang='lat' dir='ltr'><strong>causa,</strong></span> <span class='ocrx_word' id='word_1_649' title='bbox 3364 4439 3457 4493; x_wconf 78' lang='lat' dir='ltr'><strong>sed</strong></span> 
     </span>
    </p>
   </div>
   <div class='ocr_carea' id='block_1_90' title="bbox 1881 4533 3458 4602">
    <p class='ocr_par' dir='ltr' id='par_1_90' title="bbox 1881 4533 3458 4602">
     <span class='ocr_line' id='line_1_90' title="bbox 1881 4533 3458 4602; baseline -0.004 -11"><span class='ocrx_word' id='word_1_650' title='bbox 1881 4538 2330 4602; x_wconf 86' lang='lat' dir='ltr'><strong>abominationis,</strong></span> <span class='ocrx_word' id='word_1_651' title='bbox 2361 4538 2603 4593; x_wconf 89' lang='lat' dir='ltr'><strong>abstinet</strong></span> <span class='ocrx_word' id='word_1_652' title='bbox 2632 4552 2661 4591; x_wconf 92' lang='lat' dir='ltr'><strong>a</strong></span> <span class='ocrx_word' id='word_1_653' title='bbox 2691 4537 3069 4599; x_wconf 82' lang='lat' dir='ltr'><strong>matrimonio,</strong></span> <span class='ocrx_word' id='word_1_654' title='bbox 3093 4546 3149 4588; x_wconf 83' lang='lat' dir='ltr'><strong>et</strong></span> <span class='ocrx_word' id='word_1_655' title='bbox 3171 4533 3458 4593; x_wconf 81' lang='lat' dir='ltr'><strong>earnihus,</strong></span> 
     </span>
    </p>
   </div>
   <div class='ocr_carea' id='block_1_91' title="bbox 183 4623 1777 4719">
    <p class='ocr_par' dir='ltr' id='par_1_91' title="bbox 183 4626 1771 4697">
     <span class='ocr_line' id='line_1_91' title="bbox 183 4626 1771 4697; baseline 0.001 -18"><span class='ocrx_word' id='word_1_656' title='bbox 183 4628 460 4696; x_wconf 77' lang='grc' dir='ltr'>λησμένος</span> <span class='ocrx_word' id='word_1_657' title='bbox 507 4627 591 4680; x_wconf 84' lang='grc' dir='ltr'>ὅτι</span> <span class='ocrx_word' id='word_1_658' title='bbox 640 4628 805 4695; x_wconf 68' lang='grc' dir='ltr'>ἄρσεν</span> <span class='ocrx_word' id='word_1_659' title='bbox 842 4628 935 4679; x_wconf 69' lang='grc' dir='ltr'>καὶ</span> <span class='ocrx_word' id='word_1_660' title='bbox 966 4626 1101 4695; x_wconf 76' lang='grc' dir='ltr'>θῆλυ</span> <span class='ocrx_word' id='word_1_661' title='bbox 1132 4626 1390 4697; x_wconf 76' lang='grc' dir='ltr'>ἐποίησεν</span> <span class='ocrx_word' id='word_1_662' title='bbox 1422 4629 1453 4680; x_wconf 95' lang='lat'><strong>6</strong></span> <span class='ocrx_word' id='word_1_663' title='bbox 1504 4628 1636 4692; x_wconf 80' lang='grc' dir='ltr'>Θεὸς</span> <span class='ocrx_word' id='word_1_664' title='bbox 1680 4629 1771 4682; x_wconf 81' lang='grc' dir='ltr'>τὸν</span> 
     </span>
    </p>
   </div>
   <div class='ocr_carea' id='block_1_92' title="bbox 1881 4623 3459 4719">
    <p class='ocr_par' dir='ltr' id='par_1_92' title="bbox 1881 4623 3459 4690">
     <span class='ocr_line' id='line_1_92' title="bbox 1881 4623 3459 4690; baseline -0.006 -7"><span class='ocrx_word' id='word_1_665' title='bbox 1881 4637 1933 4683; x_wconf 89' lang='lat' dir='ltr'><strong>et</strong></span> <span class='ocrx_word' id='word_1_666' title='bbox 1953 4628 2107 4690; x_wconf 82' lang='lat' dir='ltr'><strong>vino,</strong></span> <span class='ocrx_word' id='word_1_667' title='bbox 2143 4628 2315 4683; x_wconf 90' lang='lat' dir='ltr'><strong>Deum</strong></span> <span class='ocrx_word' id='word_1_668' title='bbox 2344 4629 2552 4683; x_wconf 82' lang='lat' dir='ltr'><strong>oblitus</strong></span> <span class='ocrx_word' id='word_1_669' title='bbox 2578 4628 2857 4683; x_wconf 89' lang='lat' dir='ltr'><strong>hominem</strong></span> <span class='ocrx_word' id='word_1_670' title='bbox 2907 4626 3107 4681; x_wconf 82' lang='lat' dir='ltr'><strong>fecisse</strong></span> <span class='ocrx_word' id='word_1_671' title='bbox 3152 4623 3459 4677; x_wconf 82' lang='lat' dir='ltr'><strong>masculqu</strong></span> 
     </span>
    </p>
   </div>
   <div class='ocr_carea' id='block_1_93' title="bbox 183 4716 1776 4789">
    <p class='ocr_par' dir='ltr' id='par_1_93' title="bbox 183 4716 1776 4789">
     <span class='ocr_line' id='line_1_93' title="bbox 183 4716 1776 4789; baseline 0.002 -20"><span class='ocrx_word' id='word_1_672' title='bbox 183 4717 495 4785; x_wconf 77' lang='grc' dir='ltr'>ἄνθρωπόν,</span> <span class='ocrx_word' id='word_1_673' title='bbox 535 4717 631 4769; x_wconf 73' lang='grc' dir='ltr'>καὶ</span> <span class='ocrx_word' id='word_1_674' title='bbox 659 4719 742 4769; x_wconf 77' lang='grc' dir='ltr'>ὅτι</span> <span class='ocrx_word' id='word_1_675' title='bbox 776 4717 953 4769; x_wconf 86' lang='grc' dir='ltr'>πάντα</span> <span class='ocrx_word' id='word_1_676' title='bbox 980 4716 1119 4770; x_wconf 76' lang='grc' dir='ltr'>καλὰ</span> <span class='ocrx_word' id='word_1_677' title='bbox 1144 4716 1287 4781; x_wconf 85' lang='grc' dir='ltr'>λίαν,</span> <span class='ocrx_word' id='word_1_678' title='bbox 1314 4719 1411 4771; x_wconf 68' lang='grc' dir='ltr'>καὶ</span> <span class='ocrx_word' id='word_1_679' title='bbox 1436 4718 1776 4789; x_wconf 70' lang='grc' dir='ltr'>βλασφημῶν</span> 
     </span>
    </p>
   </div>
   <div class='ocr_carea' id='block_1_94' title="bbox 184 4807 1773 4881">
    <p class='ocr_par' dir='ltr' id='par_1_94' title="bbox 184 4807 1773 4881">
     <span class='ocr_line' id='line_1_94' title="bbox 184 4807 1773 4881; baseline 0.001 -19"><span class='ocrx_word' id='word_1_680' title='bbox 184 4808 463 4862; x_wconf 79' lang='grc' dir='ltr'>διαϐάλλει</span> <span class='ocrx_word' id='word_1_681' title='bbox 490 4807 583 4860; x_wconf 82' lang='grc' dir='ltr'><strong>τοῦ</strong></span> <span class='ocrx_word' id='word_1_682' title='bbox 621 4807 759 4859; x_wconf 86' lang='grc' dir='ltr'>Θεοῦ</span> <span class='ocrx_word' id='word_1_683' title='bbox 803 4807 899 4876; x_wconf 80' lang='grc' dir='ltr'>τὴν</span> <span class='ocrx_word' id='word_1_684' title='bbox 930 4807 1317 4879; x_wconf 73' lang='grc' dir='ltr'>δημιουργίαν,</span> <span class='ocrx_word' id='word_1_685' title='bbox 1353 4809 1385 4878; x_wconf 78' lang='grc' dir='ltr'><strong>ἢ</strong></span> <span class='ocrx_word' id='word_1_686' title='bbox 1417 4810 1773 4881; x_wconf 78' lang='grc' dir='ltr'>διορθούσοω,</span> 
     </span>
    </p>
   </div>
   <div class='ocr_carea' id='block_1_95' title="bbox 184 4899 1778 4972">
    <p class='ocr_par' dir='ltr' id='par_1_95' title="bbox 184 4899 1778 4972">
     <span class='ocr_line' id='line_1_95' title="bbox 184 4899 1778 4972; baseline 0.002 -19"><span class='ocrx_word' id='word_1_687' title='bbox 184 4900 217 4970; x_wconf 82' lang='grc' dir='ltr'>ἢ</span> <span class='ocrx_word' id='word_1_688' title='bbox 252 4899 654 4969; x_wconf 84' lang='grc' dir='ltr'>καθαιρείσθω,</span> <span class='ocrx_word' id='word_1_689' title='bbox 688 4900 784 4951; x_wconf 82' lang='grc' dir='ltr'>καὶ</span> <span class='ocrx_word' id='word_1_690' title='bbox 813 4899 910 4967; x_wconf 83' lang='grc' dir='ltr'>τῆς</span> <span class='ocrx_word' id='word_1_691' title='bbox 946 4900 1289 4972; x_wconf 85' lang='grc' dir='ltr'>Ἐκκλησίας,</span> <span class='ocrx_word' id='word_1_692' title='bbox 1316 4903 1391 4965; x_wconf 86' lang='grc' dir='ltr'>ὼς</span> <span class='ocrx_word' id='word_1_693' title='bbox 1439 4903 1778 4972; x_wconf 69' lang='grc' dir='ltr'>πορῥωτὰτω</span> 
     </span>
    </p>
   </div>
   <div class='ocr_carea' id='block_1_96' title="bbox 183 4989 1777 5062">
    <p class='ocr_par' dir='ltr' id='par_1_96' title="bbox 183 4989 1777 5062">
     <span class='ocr_line' id='line_1_96' title="bbox 183 4989 1777 5062; baseline 0.003 -19"><span class='ocrx_word' id='word_1_694' title='bbox 183 4991 452 5057; x_wconf 82' lang='grc' dir='ltr'>γενέσθω,</span> <span class='ocrx_word' id='word_1_695' title='bbox 482 4989 559 5053; x_wconf 79' lang='grc' dir='ltr'>ὡς</span> <span class='ocrx_word' id='word_1_696' title='bbox 615 4990 948 5053; x_wconf 85' lang='grc' dir='ltr'>ἀπεναντίας</span> <span class='ocrx_word' id='word_1_697' title='bbox 998 4993 1112 5054; x_wconf 82' lang='grc' dir='ltr'>τοῖς</span> <span class='ocrx_word' id='word_1_698' title='bbox 1164 4992 1345 5062; x_wconf 76' lang='grc' dir='ltr'>ὀρθοῖς</span> <span class='ocrx_word' id='word_1_699' title='bbox 1387 4993 1590 5062; x_wconf 79' lang='grc' dir='ltr'>ταύτης</span> <span class='ocrx_word' id='word_1_700' title='bbox 1627 4994 1777 5048; x_wconf 84' lang='grc' dir='ltr'>ἱστά-</span> 
     </span>
    </p>
   </div>
   <div class='ocr_carea' id='block_1_97' title="bbox 186 5082 1763 5155">
    <p class='ocr_par' dir='ltr' id='par_1_97' title="bbox 186 5082 1763 5155">
     <span class='ocr_line' id='line_1_97' title="bbox 186 5082 1763 5155; baseline 0 -18"><span class='ocrx_word' id='word_1_701' title='bbox 186 5100 349 5153; x_wconf 84' lang='grc' dir='ltr'>μενος</span> <span class='ocrx_word' id='word_1_702' title='bbox 370 5082 660 5151; x_wconf 74' lang='grc' dir='ltr'>δόγμασιν.</span> <span class='ocrx_word' id='word_1_703' title='bbox 686 5082 749 5135; x_wconf 87' lang='grc' dir='ltr'><strong>Εί</strong></span> <span class='ocrx_word' id='word_1_704' title='bbox 774 5082 831 5136; x_wconf 84' lang='grc' dir='ltr'>δὲ</span> <span class='ocrx_word' id='word_1_705' title='bbox 861 5084 955 5137; x_wconf 75' lang='grc' dir='ltr'>καὶ</span> <span class='ocrx_word' id='word_1_706' title='bbox 988 5083 1176 5148; x_wconf 83' lang='grc' dir='ltr'>λαῖκδς</span> <span class='ocrx_word' id='word_1_707' title='bbox 1203 5085 1374 5137; x_wconf 85' lang='grc' dir='ltr'>ταῦτα</span> <span class='ocrx_word' id='word_1_708' title='bbox 1412 5085 1625 5155; x_wconf 79' lang='grc' dir='ltr'>φρονῶν</span> <span class='ocrx_word' id='word_1_709' title='bbox 1658 5085 1763 5154; x_wconf 83' lang='grc' dir='ltr'>εἴη,</span> 
     </span>
    </p>
   </div>
   <div class='ocr_carea' id='block_1_98' title="bbox 1883 4714 3460 4791">
    <p class='ocr_par' dir='ltr' id='par_1_98' title="bbox 1883 4714 3460 4791">
     <span class='ocr_line' id='line_1_98' title="bbox 1883 4714 3460 4791; baseline -0.007 -15"><span class='ocrx_word' id='word_1_710' title='bbox 1883 4727 1937 4776; x_wconf 92' lang='lat' dir='ltr'><strong>et</strong></span> <span class='ocrx_word' id='word_1_711' title='bbox 1960 4716 2251 4787; x_wconf 81' lang='lat' dir='ltr'><strong>feminam,</strong></span> <span class='ocrx_word' id='word_1_712' title='bbox 2288 4730 2451 4791; x_wconf 90' lang='lat' dir='ltr'><strong>atque</strong></span> <span class='ocrx_word' id='word_1_713' title='bbox 2506 4721 2691 4777; x_wconf 90' lang='lat' dir='ltr'><strong>omnia</strong></span> <span class='ocrx_word' id='word_1_714' title='bbox 2727 4720 2871 4773; x_wconf 80' lang='lat' dir='ltr'><strong>facta</strong></span> <span class='ocrx_word' id='word_1_715' title='bbox 2922 4733 3047 4773; x_wconf 87' lang='lat' dir='ltr'><strong>esse</strong></span> <span class='ocrx_word' id='word_1_716' title='bbox 3090 4714 3247 4769; x_wconf 74' lang='lat' dir='ltr'><strong>valde</strong></span> <span class='ocrx_word' id='word_1_717' title='bbox 3293 4716 3460 4774; x_wconf 86' lang='lat' dir='ltr'><strong>bona,</strong></span> 
     </span>
    </p>
   </div>
   <div class='ocr_carea' id='block_1_99' title="bbox 1884 4802 3463 4888">
    <p class='ocr_par' dir='ltr' id='par_1_99' title="bbox 1884 4802 3463 4888">
     <span class='ocr_line' id='line_1_99' title="bbox 1884 4802 3463 4888; baseline -0.013 -14"><span class='ocrx_word' id='word_1_718' title='bbox 1884 4820 2091 4888; x_wconf 86' lang='lat' dir='ltr'><strong>quique</strong></span> <span class='ocrx_word' id='word_1_719' title='bbox 2115 4813 2495 4870; x_wconf 88' lang='lat' dir='ltr'><strong>maledicendo</strong></span> <span class='ocrx_word' id='word_1_720' title='bbox 2528 4813 2857 4867; x_wconf 92' lang='lat' dir='ltr'><strong>criminatur</strong></span> <span class='ocrx_word' id='word_1_721' title='bbox 2878 4809 3159 4878; x_wconf 88' lang='lat' dir='ltr'><strong>opilicium</strong></span> <span class='ocrx_word' id='word_1_722' title='bbox 3210 4804 3345 4869; x_wconf 88' lang='lat' dir='ltr'><strong>Dei,</strong></span> <span class='ocrx_word' id='word_1_723' title='bbox 3378 4802 3463 4857; x_wconf 81' lang='lat' dir='ltr'><strong>vel</strong></span> 
     </span>
    </p>
   </div>
   <div class='ocr_carea' id='block_1_100' title="bbox 1884 4894 3464 4979">
    <p class='ocr_par' dir='ltr' id='par_1_100' title="bbox 1884 4894 3464 4979">
     <span class='ocr_line' id='line_1_100' title="bbox 1884 4894 3464 4979; baseline -0.013 -13"><span class='ocrx_word' id='word_1_724' title='bbox 1884 4910 2199 4979; x_wconf 77' lang='lat' dir='ltr'><strong>corrigitor,</strong></span> <span class='ocrx_word' id='word_1_725' title='bbox 2232 4907 2314 4961; x_wconf 74' lang='lat' dir='ltr'><strong>vel</strong></span> <span class='ocrx_word' id='word_1_726' title='bbox 2342 4904 2652 4969; x_wconf 85' lang='lat' dir='ltr'><strong>abdicator,</strong></span> <span class='ocrx_word' id='word_1_727' title='bbox 2685 4915 2737 4958; x_wconf 89' lang='lat' dir='ltr'><strong>et</strong></span> <span class='ocrx_word' id='word_1_728' title='bbox 2771 4903 2839 4956; x_wconf 88' lang='lat' dir='ltr'><strong>ab</strong></span> <span class='ocrx_word' id='word_1_729' title='bbox 2865 4900 3110 4954; x_wconf 76' lang='lat' dir='ltr'><strong>Ecclesia</strong></span> <span class='ocrx_word' id='word_1_730' title='bbox 3146 4894 3464 4964; x_wconf 79' lang='lat' dir='ltr'><strong>longissime</strong></span> 
     </span>
    </p>
   </div>
   <div class='ocr_carea' id='block_1_101' title="bbox 1840 4982 3463 5061">
    <p class='ocr_par' dir='ltr' id='par_1_101' title="bbox 1840 4982 3463 5061">
     <span class='ocr_line' id='line_1_101' title="bbox 1840 4982 3463 5061; baseline -0.012 -9"><span class='ocrx_word' id='word_1_731' title='bbox 1840 5036 1841 5039; x_wconf 60' lang='grc' dir='ltr'><strong>η</strong></span> <span class='ocrx_word' id='word_1_732' title='bbox 1886 5004 2219 5057; x_wconf 86' lang='lat' dir='ltr'><strong>removetor,</strong></span> <span class='ocrx_word' id='word_1_733' title='bbox 2260 4993 2426 5047; x_wconf 79' lang='lat' dir='ltr'><strong>veluti</strong></span> <span class='ocrx_word' id='word_1_734' title='bbox 2460 4992 2553 5061; x_wconf 88' lang='lat' dir='ltr'><strong>qui</strong></span> <span class='ocrx_word' id='word_1_735' title='bbox 2582 4991 2747 5045; x_wconf 90' lang='lat' dir='ltr'><strong>rectis</strong></span> <span class='ocrx_word' id='word_1_736' title='bbox 2801 4990 2922 5059; x_wconf 81' lang='lat' dir='ltr'><strong>ejus</strong></span> <span class='ocrx_word' id='word_1_737' title='bbox 2947 4987 3182 5043; x_wconf 82' lang='lat' dir='ltr'><strong>decretis</strong></span> <span class='ocrx_word' id='word_1_738' title='bbox 3206 4982 3463 5038; x_wconf 80' lang='lat' dir='ltr'><strong>adverse-</strong></span> 
     </span>
    </p>
   </div>
   <div class='ocr_carea' id='block_1_102' title="bbox 1879 5073 3463 5152">
    <p class='ocr_par' dir='ltr' id='par_1_102' title="bbox 1879 5073 3463 5152">
     <span class='ocr_line' id='line_1_102' title="bbox 1879 5073 3463 5152; baseline -0.011 -10"><span class='ocrx_word' id='word_1_739' title='bbox 1879 5097 1983 5142; x_wconf 90' lang='lat' dir='ltr'><strong>tur.</strong></span> <span class='ocrx_word' id='word_1_740' title='bbox 2011 5086 2165 5152; x_wconf 85' lang='lat' dir='ltr'><strong>Quod</strong></span> <span class='ocrx_word' id='word_1_741' title='bbox 2194 5086 2241 5140; x_wconf 86' lang='lat' dir='ltr'><strong>si</strong></span> <span class='ocrx_word' id='word_1_742' title='bbox 2271 5084 2443 5139; x_wconf 82' lang='lat' dir='ltr'><strong>laicus</strong></span> <span class='ocrx_word' id='word_1_743' title='bbox 2463 5083 2520 5138; x_wconf 91' lang='lat' dir='ltr'><strong>in</strong></span> <span class='ocrx_word' id='word_1_744' title='bbox 2546 5082 2737 5138; x_wconf 87' lang='lat' dir='ltr'><strong>eadem</strong></span> <span class='ocrx_word' id='word_1_745' title='bbox 2772 5080 3051 5137; x_wconf 81' lang='lat' dir='ltr'><strong>sententia</strong></span> <span class='ocrx_word' id='word_1_746' title='bbox 3076 5079 3169 5143; x_wconf 88' lang='lat' dir='ltr'><strong>sit,</strong></span> <span class='ocrx_word' id='word_1_747' title='bbox 3192 5076 3259 5129; x_wconf 88' lang='lat' dir='ltr'><strong>ab</strong></span> <span class='ocrx_word' id='word_1_748' title='bbox 3280 5073 3463 5127; x_wconf 75' lang='lat' dir='ltr'><strong>Eccle-</strong></span> 
     </span>
    </p>
   </div>
   <div class='ocr_carea' id='block_1_103' title="bbox 1467 5236 2155 5296">
    <p class='ocr_par' dir='ltr' id='par_1_103' title="bbox 1467 5236 2155 5296">
     <span class='ocr_line' id='line_1_103' title="bbox 1467 5236 2155 5296; baseline 0.007 -5"><span class='ocrx_word' id='word_1_749' title='bbox 1467 5236 1702 5293; x_wconf 70' lang='lat' dir='ltr'><strong>\&#39;Alll/E</strong></span> <span class='ocrx_word' id='word_1_750' title='bbox 1748 5237 2155 5296; x_wconf 80' lang='lat' dir='ltr'><strong>LECTIONES.</strong></span> 
     </span>
    </p>
   </div>
   <div class='ocr_carea' id='block_1_104' title="bbox 295 5351 1281 5425">
    <p class='ocr_par' dir='ltr' id='par_1_104' title="bbox 295 5351 1281 5425">
     <span class='ocr_line' id='line_1_104' title="bbox 295 5351 1281 5425; baseline 0.004 -21"><span class='ocrx_word' id='word_1_751' title='bbox 295 5354 339 5383; x_wconf 73' lang='grc' dir='ltr'>υ</span> <span class='ocrx_word' id='word_1_752' title='bbox 372 5351 654 5423; x_wconf 79' lang='grc' dir='ltr'>προικώας</span> <span class='ocrx_word' id='word_1_753' title='bbox 686 5352 781 5406; x_wconf 83' lang='grc' dir='ltr'>καὶ</span> <span class='ocrx_word' id='word_1_754' title='bbox 814 5352 995 5423; x_wconf 84' lang='grc' dir='ltr'>πάσης</span> <span class='ocrx_word' id='word_1_755' title='bbox 1017 5352 1281 5425; x_wconf 81' lang='grc' dir='ltr'>ἁνδρὼας.</span> 
     </span>
    </p>
   </div>
   <div class='ocr_carea' id='block_1_105' title="bbox 1399 5356 1800 5426">
    <p class='ocr_par' dir='ltr' id='par_1_105' title="bbox 1399 5356 1800 5426">
     <span class='ocr_line' id='line_1_105' title="bbox 1399 5356 1800 5426; baseline 0.007 -16"><span class='ocrx_word' id='word_1_756' title='bbox 1399 5356 1440 5386; x_wconf 67' lang='grc'><strong><em>’³</em></strong></span> <span class='ocrx_word' id='word_1_757' title='bbox 1472 5356 1800 5426; x_wconf 80' lang='grc' dir='ltr'>βδελυκτῶν.</span> 
     </span>
    </p>
   </div>
   <div class='ocr_carea' id='block_1_106' title="bbox 1701 5492 1931 5550">
    <p class='ocr_par' dir='ltr' id='par_1_106' title="bbox 1701 5492 1931 5550">
     <span class='ocr_line' id='line_1_106' title="bbox 1701 5492 1931 5550; baseline -0.004 -1"><span class='ocrx_word' id='word_1_758' title='bbox 1701 5492 1931 5550; x_wconf 74' lang='grc' dir='ltr'><strong>ΝΟΓΛΞ.</strong></span> 
     </span>
    </p>
   </div>
   <div class='ocr_carea' id='block_1_107' title="bbox 253 5600 1070 5671">
    <p class='ocr_par' dir='ltr' id='par_1_107' title="bbox 253 5600 1070 5671">
     <span class='ocr_line' id='line_1_107' title="bbox 253 5600 1070 5671; baseline 0.005 -17"><span class='ocrx_word' id='word_1_759' title='bbox 253 5601 370 5671; x_wconf 76' lang='lat'><strong>(93)</strong></span> <span class='ocrx_word' id='word_1_760' title='bbox 395 5601 433 5657; x_wconf 89' lang='grc' dir='ltr'><strong>ι.</strong></span> <span class='ocrx_word' id='word_1_761' title='bbox 466 5601 556 5657; x_wconf 71' lang='grc'><strong>24.</strong></span> <span class='ocrx_word' id='word_1_762' title='bbox 582 5600 646 5655; x_wconf 90' lang='lat' dir='ltr'><strong>D.</strong></span> <span class='ocrx_word' id='word_1_763' title='bbox 670 5601 752 5671; x_wconf 4' lang='lat' dir='ltr'><strong>(De</strong></span> <span class='ocrx_word' id='word_1_764' title='bbox 790 5603 879 5657; x_wconf 82' lang='lat' dir='ltr'><strong>rit.</strong></span> <span class='ocrx_word' id='word_1_765' title='bbox 920 5612 1070 5671; x_wconf 82' lang='lat' dir='ltr'><strong>uupt.</strong></span> 
     </span>
    </p>
   </div>
   <div class='ocr_carea' id='block_1_108' title="bbox 251 5669 1298 5738">
    <p class='ocr_par' dir='ltr' id='par_1_108' title="bbox 251 5669 1298 5738">
     <span class='ocr_line' id='line_1_108' title="bbox 251 5669 1298 5738; baseline 0.004 -13"><span class='ocrx_word' id='word_1_766' title='bbox 251 5669 368 5738; x_wconf 68' lang='grc'><strong>(94)</strong></span> <span class='ocrx_word' id='word_1_767' title='bbox 404 5672 438 5724; x_wconf 93' lang='lat' dir='ltr'><strong>I.</strong></span> <span class='ocrx_word' id='word_1_768' title='bbox 464 5670 597 5727; x_wconf 86' lang='lat' dir='ltr'><strong>5.C.</strong></span> <span class='ocrx_word' id='word_1_769' title='bbox 649 5670 724 5726; x_wconf 83' lang='lat' dir='ltr'><strong>De</strong></span> <span class='ocrx_word' id='word_1_770' title='bbox 755 5669 1021 5727; x_wconf 69' lang='lat' dir='ltr'><strong>interdici.</strong></span> <span class='ocrx_word' id='word_1_771' title='bbox 1063 5676 1298 5729; x_wconf 84' lang='lat' dir='ltr'><strong>matrint.</strong></span> 
     </span>
    </p>
   </div>
   <div class='ocr_carea' id='block_1_109' title="bbox 256 5731 768 5807">
    <p class='ocr_par' dir='ltr' id='par_1_109' title="bbox 256 5731 768 5807">
     <span class='ocr_line' id='line_1_109' title="bbox 256 5731 768 5807; baseline 0.006 -14"><span class='ocrx_word' id='word_1_772' title='bbox 256 5731 369 5807; x_wconf 81' lang='lat'><strong>(95)</strong></span> <span class='ocrx_word' id='word_1_773' title='bbox 400 5741 437 5795; x_wconf 93' lang='lat' dir='ltr'><strong>l.</strong></span> <span class='ocrx_word' id='word_1_774' title='bbox 470 5742 523 5795; x_wconf 90' lang='lat' dir='ltr'><strong>&#39;l.</strong></span> <span class='ocrx_word' id='word_1_775' title='bbox 557 5739 619 5794; x_wconf 92' lang='lat' dir='ltr'><strong>C.</strong></span> <span class='ocrx_word' id='word_1_776' title='bbox 646 5744 768 5796; x_wconf 86' lang='lat' dir='ltr'><strong>cod.</strong></span> 
     </span>
    </p>
   </div>
   <div class='ocr_carea' id='block_1_110' title="bbox 255 5810 1139 5881">
    <p class='ocr_par' dir='ltr' id='par_1_110' title="bbox 255 5810 1139 5881">
     <span class='ocr_line' id='line_1_110' title="bbox 255 5810 1139 5881; baseline 0.002 -15"><span class='ocrx_word' id='word_1_777' title='bbox 255 5810 369 5881; x_wconf 84' lang='lat'><strong>(96)</strong></span> <span class='ocrx_word' id='word_1_778' title='bbox 394 5810 431 5867; x_wconf 93' lang='lat' dir='ltr'><strong>l.</strong></span> <span class='ocrx_word' id='word_1_779' title='bbox 464 5811 551 5866; x_wconf 83' lang='grc'>67.</span> <span class='ocrx_word' id='word_1_780' title='bbox 587 5810 612 5881; x_wconf 84' lang='lat'><strong>§</strong></span> <span class='ocrx_word' id='word_1_781' title='bbox 643 5810 744 5867; x_wconf 74' lang='lat' dir='ltr'><strong>Sed</strong></span> <span class='ocrx_word' id='word_1_782' title='bbox 762 5824 809 5867; x_wconf 83' lang='lat' dir='ltr'><strong>ct</strong></span> <span class='ocrx_word' id='word_1_783' title='bbox 836 5814 902 5868; x_wconf 71' lang='lat' dir='ltr'><strong>si.</strong></span> <span class='ocrx_word' id='word_1_784' title='bbox 926 5813 987 5867; x_wconf 79' lang='grc' dir='ltr'><strong>υ.</strong></span> <span class='ocrx_word' id='word_1_785' title='bbox 1017 5815 1139 5871; x_wconf 81' lang='lat' dir='ltr'><strong>cod.</strong></span> 
     </span>
    </p>
   </div>
   <div class='ocr_carea' id='block_1_111' title="bbox 1948 5603 2695 5685">
    <p class='ocr_par' dir='ltr' id='par_1_111' title="bbox 1948 5603 2695 5685">
     <span class='ocr_line' id='line_1_111' title="bbox 1948 5603 2695 5685; baseline -0.011 -26"><span class='ocrx_word' id='word_1_786' title='bbox 1948 5604 2145 5685; x_wconf 84' lang='lat' dir='ltr'><strong>(97)_l_._</strong></span> <span class='ocrx_word' id='word_1_787' title='bbox 2191 5604 2279 5659; x_wconf 79' lang='lat' dir='ltr'><strong>to.</strong></span> <span class='ocrx_word' id='word_1_788' title='bbox 2346 5604 2404 5655; x_wconf 80' lang='grc' dir='ltr'><strong>ο.</strong></span> <span class='ocrx_word' id='word_1_789' title='bbox 2486 5603 2558 5657; x_wconf 76' lang='grc' dir='ltr'>οιε</span> <span class='ocrx_word' id='word_1_790' title='bbox 2621 5607 2695 5657; x_wconf 60' lang='lat' dir='ltr'><strong>tua.</strong></span> 
     </span>
    </p>
   </div>
   <div class='ocr_carea' id='block_1_112' title="bbox 1875 5675 2700 5823">
    <p class='ocr_par' dir='ltr' id='par_1_112' title="bbox 1875 5675 2700 5823">
     <span class='ocr_line' id='line_1_112' title="bbox 1875 5675 2186 5742; baseline -0.006 -13"><span class='ocrx_word' id='word_1_791' title='bbox 1875 5675 2186 5742; x_wconf 87' lang='lat' dir='ltr'><strong>scquentih.</strong></span> 
     </span>
     <span class='ocr_line' id='line_1_113' title="bbox 1945 5743 2700 5823; baseline 0 0"><span class='ocrx_word' id='word_1_792' title='bbox 1945 5745 2059 5823; x_wconf 59' lang='grc' dir='ltr'><strong>(ἓξ)</strong></span> <span class='ocrx_word' id='word_1_793' title='bbox 2083 5743 2305 5823; x_wconf 42' lang='lat' dir='ltr'><strong>lim!!!&quot;</strong></span> <span class='ocrx_word' id='word_1_794' title='bbox 2331 5743 2421 5823; x_wconf 56' lang='grc' dir='ltr'>εξέν</span> <span class='ocrx_word' id='word_1_795' title='bbox 2444 5760 2467 5823; x_wconf 71' lang='grc' dir='ltr'><strong>,ι</strong></span> <span class='ocrx_word' id='word_1_796' title='bbox 2488 5760 2581 5823; x_wconf 53' lang='lat' dir='ltr'><strong>at}</strong></span> <span class='ocrx_word' id='word_1_797' title='bbox 2606 5746 2700 5797; x_wconf 63' lang='lat'><strong>&#39;3&#39;!-</strong></span> 
     </span>
    </p>
   </div>
   <div class='ocr_carea' id='block_1_113' title="bbox 1947 5814 2656 5882">
    <p class='ocr_par' dir='ltr' id='par_1_113' title="bbox 1947 5814 2656 5882">
     <span class='ocr_line' id='line_1_114' title="bbox 1947 5814 2656 5882; baseline -0.001 -14"><span class='ocrx_word' id='word_1_798' title='bbox 1947 5814 2058 5882; x_wconf 79' lang='lat'><strong>(99)</strong></span> <span class='ocrx_word' id='word_1_799' title='bbox 2091 5814 2309 5869; x_wconf 67' lang='lat' dir='ltr'><strong>Novella</strong></span> <span class='ocrx_word' id='word_1_800' title='bbox 2340 5814 2407 5867; x_wconf 72' lang='lat'><strong>59</strong></span> <span class='ocrx_word' id='word_1_801' title='bbox 2443 5816 2493 5866; x_wconf 92' lang='lat' dir='ltr'><strong>in</strong></span> <span class='ocrx_word' id='word_1_802' title='bbox 2527 5815 2656 5869; x_wconf 83' lang='lat' dir='ltr'><strong>line.</strong></span> 
     </span>
    </p>
   </div>
   <div class='ocr_carea' id='block_1_114' title="bbox 2775 5603 3456 5671">
    <p class='ocr_par' dir='ltr' id='par_1_114' title="bbox 2775 5603 3456 5671">
     <span class='ocr_line' id='line_1_115' title="bbox 2775 5603 3456 5671; baseline -0.001 -14"><span class='ocrx_word' id='word_1_803' title='bbox 2775 5607 2862 5671; x_wconf 81' lang='lat' dir='ltr'><strong>qui</strong></span> <span class='ocrx_word' id='word_1_804' title='bbox 2928 5613 3033 5656; x_wconf 80' lang='lat' dir='ltr'><strong>not.</strong></span> <span class='ocrx_word' id='word_1_805' title='bbox 3080 5603 3294 5670; x_wconf 74' lang='lat' dir='ltr'><strong>infam.,</strong></span> <span class='ocrx_word' id='word_1_806' title='bbox 3330 5619 3456 5656; x_wconf 70' lang='lat' dir='ltr'><strong>rum</strong></span> 
     </span>
    </p>
   </div>
  </div>
