4198 6444
194 429 335 498 1249

1487 421 2198 487 (ΞΗᾸζΟΟ-ΒΟΜΛΝΗΜ.

3316 437 3454 504 1250

181 538 319 604 Περὶ
376 533 570 604 μίμων
612 546 729 586 των
770 526 1071 607 κληρικῶγ
1110 526 1627 596 ἐπιτετραμμένων
1668 526 1763 578 καί

1961 532 2035 583 De
2083 534 2281 601 nuptiis
2332 535 2645 592 clericorum
2688 540 2949 594 concessis
2990 552 3037 595 et
3082 543 3378 607 prohibitis.

748 596 1200 666 κεκωλυμένων.

260 716 320 767 Ὀ
363 715 468 766 τῶν
511 713 679 778 ἁγίων
723 709 1037 763 ἀποστόλων
1081 707 1323 770 εἰκοστὸς
1367 706 1523 770 ἕκτος
1566 708 1767 771 κανὼν,

173 808 273 859 καὶ
307 806 335 857 ὁ
367 805 521 866 ἕκτος
553 804 650 872 τῆς
680 804 843 870 ἕκτης
876 800 1117 861 συνόδου,
1148 800 1239 851 καὶ
1268 800 1295 851 ὀ
1326 799 1425 865 τῆς
1453 799 1511 849 ἐν
1543 796 1768 866 Καρθα-

172 896 309 969 γένῃ
355 893 451 958 ις’,
489 896 601 956 τοῖς
641 894 719 963 τῷ
759 894 945 963 κλήρῳ
985 890 1427 959 κατειλεγμένοις
1451 929 1463 951 ,
1502 888 1595 939 καὶ
1636 889 1769 940 ἁνα-

174 988 429 1053 γνώστας
449 986 526 1037 ἔτι
554 984 649 1037 καὶ
669 983 878 1052 ψάλτας
895 980 1131 1048 τελοῦσι,
1153 980 1401 1050 νομίμοις
1424 979 1768 1048 συγχωροῦσι

170 1078 396 1144 γαμεῖν.
428 1075 583 1127 Μετὰ
617 1072 670 1124 δέ
706 1088 767 1139 γε
802 1072 862 1123 τὸ
896 1073 973 1133 εἰς
1012 1069 1216 1139 βαθμὸν
1252 1068 1599 1137 προαχθῆναι
1634 1068 1767 1118 ύπο-

170 1166 425 1218 διακόνου
465 1165 498 1233 ἥ
538 1163 808 1225 διακόνου,
852 1162 883 1231 ἦ
928 1161 1321 1231 πρεσϐυτέρου,
1363 1162 1462 1212 οὐκ
1507 1160 1606 1212 ἔτι.
1650 1158 1768 1210 Τῶν

170 1256 283 1324 γὰρ
317 1255 630 1323 ἱερωμένων
660 1256 784 1317 τοὺς
822 1254 956 1321 πρὸς
985 1252 1161 1321 γάμον
1192 1250 1538 1311 ἐκκλίνοντας
1569 1248 1764 1302 καθαιι

172 1350 364 1417 ροῦσιν
398 1347 579 1411 εὐθύς.
622 1348 729 1400 Καὶ
765 1350 793 1400 ὁ
831 1347 1045 1416 πρῶτος
1086 1346 1193 1413 γὰρ
1229 1346 1325 1413 τῆς
1363 1347 1419 1397 ἐν
1458 1345 1764 1396 Νεοιταισα-

172 1443 321 1511 ρείςι,
350 1442 440 1492 τὸν
464 1439 623 1508 δῆθεν
646 1437 893 1509 νομίμως
919 1438 1138 1505 γυναικὶ
1165 1436 1501 1503 συναφθέντα
1527 1434 1765 1505 πρεσϐύ-

170 1549 332 1601 τερον
358 1532 455 1598 τῆς
485 1529 782 1600 ἱερωσύνης
810 1530 1137 1597 ἀπογυμνοῖ.
1164 1526 1230 1581 Οί
1258 1528 1313 1579 δὲ
1339 1526 1435 1595 τῆς
1469 1524 1520 1590 ς’
1544 1526 1762 1578 συνόδου

170 1626 309 1677 θεῖοι
338 1622 577 1691 Πατέρες
604 1620 1003 1689 ἀνατρέποντες
1023 1618 1085 1670 τὸ
1109 1619 1165 1669 ὲν
1188 1621 1252 1688 τῇ
1280 1617 1522 1670 Λατίνων
1538 1616 1774 1685 Ἐκκλητ

172 1713 265 1780 σία
299 1712 578 1779 κρατῆσαν
610 1708 760 1769 ἔθος.
793 1708 852 1760 τὸ
882 1709 1005 1770 τοὺς
1045 1708 1554 1778 χειροτονουμένους
1586 1706 1767 1775 ἱερέας

169 1819 227 1853 τε
258 1803 354 1853 καὶ
381 1801 656 1863 διακόνους
684 1800 897 1860 πίστεις
925 1799 1190 1868 πρότερον
1214 1800 1415 1851 διδόναι
1439 1840 1452 1863 ,
1481 1793 1517 1867 ἦ
1548 1799 1653 1867 μὴν
1677 1814 1765 1849 τε-

1940 706 2131 761 Canon
2186 725 2312 765 xxvt
2363 720 2681 767 sanctorum
2728 718 3121 786 apostolorum,
3161 732 3215 774 et
3265 736 3452 779 srxfus

1869 796 2058 863 synodi
2090 806 2276 862 sextae,
2309 810 2364 853 et
2395 816 2485 854 xvr
2522 803 2747 857 concilii
2792 804 3285 873 Carthaginiensis,
3326 828 3450 877 pcr-

1870 887 2095 940 utittunt
2125 888 2214 952 iis,
2235 890 2327 959 qui
2359 891 2508 945 clero
2535 894 2982 960 continentur,et
3010 899 3189 951 adhuc
3220 902 3451 956 lectores

1871 984 1922 1028 et
1969 989 2222 1036 cantores
2261 991 2412 1047 sunt,
2451 992 2511 1037 ut
2550 985 2821 1053 legitimas
2854 991 3073 1058 nuptias
3100 996 3447 1051 contrahant.

1874 1066 2070 1122 Verum
2142 1088 2251 1126 non
2304 1077 2562 1145 amplius,
2626 1089 2914 1150 postquam
2966 1085 3203 1148 provecti
3253 1087 3450 1140 l'netizt

1869 1159 1933 1209 ad
1967 1165 2196 1225 gradum
2233 1166 2579 1232 subdiaconi,
2618 1170 2699 1224 vel
2730 1172 2968 1238 diaconi,
3004 1175 3084 1226 vt-l
3124 1177 3447 1246 presbyteri.

1868 1243 2002 1300 Nam
2037 1249 2285 1305 initiatos
2329 1257 2664 1317 sacerdotio.
2692 1259 2783 1325 qui
2817 1262 2881 1313 ad
2916 1243 3326 1320 matrimonium
3355 1270 3451 1323 dc-

1868 1336 2113 1402 ﬂectunt,
2139 1345 2323 1397 statim
2361 1346 2639 1402 abdicant.
2667 1350 2840 1403 Etiam
2879 1355 3087 1420 primus
3114 1372 3289 1410 canon
3320 1377 3451 1412 cou-

1871 1432 1984 1483 cilii
2047 1431 2512 1492 Neocaesariensis
2570 1441 2996 1510 presbyterum,
3052 1447 3145 1513 qui
3210 1448 3449 1515 legitime

1867 1520 2155 1587 copulatus
2205 1526 2361 1578 uxori
2412 1524 2599 1587 fuerit,
2658 1528 2976 1581 sacerdotio
3023 1530 3194 1583 exuit.
3250 1530 3445 1586 Verum

1870 1611 2010 1663 sexti
2064 1615 2287 1667 concilii
2342 1615 2516 1670 divini
2579 1616 2770 1673 Patres
2826 1634 2943 1672 eam
2996 1624 3447 1678 consuetudinem

1870 1695 2176 1762 abolentes,
2205 1716 2327 1769 quae
2363 1703 2415 1755 in
2453 1703 2695 1759 Ecclesia
2729 1704 3045 1760 Latinorum
3083 1710 3333 1774 invaluit,
3368 1713 3448 1765 vi-

1868 1787 2068 1842 delicet
2117 1800 2175 1844 ut
2215 1794 2532 1849 sacerdotes
2568 1807 2623 1850 et
2668 1798 2909 1863 diaconi,
2954 1801 3047 1868 qui
3098 1804 3446 1867 ordinantur,

168 1892 308 1953 λείως
351 1895 486 1959 μετὰ
519 1892 616 1959 τὴν
650 1891 987 1959 χειροτονίαν
1020 1890 1313 1959 ἀφέξεσθαι
1345 1889 1453 1941 τῶν
1489 1889 1596 1959 πρὸ
1629 1887 1763 1941 ταύ-

1870 1878 2023 1945 prius
2060 1881 2217 1934 tidem
2257 1882 2409 1946 dent,
2446 1885 2589 1953 quod
2621 1887 2847 1941 ontuiuo
2884 1866 3008 1956 post
3042 1866 3445 1947 ordinationem

167 1999 269 2045 τίς
301 1982 545 2051 νομίμως
579 1980 974 2049 συζευχθεισῶν
1000 1983 1185 2044 αὐτοῖς
1213 1980 1487 2048 γυναικῶν
1510 1996 1523 2009 ⁸
1552 1981 1762 2051 Ἡμεῖς,

172 2076 332 2137 φασὶ,
367 2073 461 2124 καὶ
500 2070 640 2139 μετὰ
670 2071 768 2140 τὴν
801 2072 1139 2142 χειροτονίαν
1172 2071 1447 2144 ἐρρῶσθαι
1480 2072 1547 2125 τὰ
1585 2090 1762 2125 συνοι-

171 2164 335 2213 κέσια
373 2160 677 2231 βουλόμεθα
711 2162 819 2214 τῶν
853 2164 1017 2227 ἀξίως
1048 2163 1151 2232 τῆς
1189 2164 1486 2232 ἱερωσύνης
1523 2164 1765 2233 ἠξιωμέ-

170 2271 301 2317 νων,
330 2254 418 2307 ῖνα
444 2255 521 2325 μὴ
546 2255 635 2307 τὸν
662 2255 1022 2324 εύλογηθέντα
1046 2258 1111 2325 τῇ
1137 2256 1230 2308 τοῦ
1261 2256 1464 2326 Κυρίου
1497 2258 1767 2328 παρουσίᾳ

168 2346 350 2415 γάμον
380 2344 632 2413 λάθωμεν
662 2344 997 2415 ύόρίζοντες,
1026 2346 1120 2398 καὶ
1151 2346 1376 2418 προσέτι
1408 2347 1765 2417 ἀποφηναμέ-

168 2452 287 2501 νου,
323 2434 359 2488 ά
396 2437 424 2489 ὁ
459 2434 589 2498 Θεὸς
631 2436 973 2501 συνέζευξεν,
1014 2436 1301 2507 ἄνθρωπος
1342 2437 1418 2508 μὴ
1458 2438 1759 2509 χωριζέτω.

171 2528 283 2581 Καὶ
320 2528 426 2597 μὴν
454 2526 550 2580 καὶ
580 2530 609 2581 ό
628 2526 947 2591 Ἀπόστολος
977 2529 1156 2599 τίμιον
1188 2522 1328 2582 εἶναι
1362 2529 1510 2596 λέγει
1539 2531 1630 2582 τὸν
1660 2530 1762 2596 γά-

174 2635 302 2688 μον,
344 2619 439 2671 καὶ
478 2617 576 2689 τὴν
617 2618 805 2687 κοίτην
840 2619 1123 2689 ἀμίαντον.
1164 2620 1274 2674 Καὶ
1321 2620 1505 2675 πάλινο
1546 2620 1764 2675 Δέδεσαι

172 2711 435 2777 γυναικίς
475 2711 551 2781 μὴ
585 2711 739 2779 ζήτει
772 2710 947 2763 λύσιν.
984 2712 1043 2763 '0
1077 2711 1259 2764 τοίνυν
1290 2711 1612 2785 ἀποστερῶν
1646 2712 1764 2765 διά-

171 2821 353 2869 κονον,
388 2803 420 2873 ἢ
457 2803 831 2867 ύποδιάκονον,
864 2803 896 2871 ἢ
934 2802 1326 2874 πρεσϐύτερον,
1359 2805 1459 2867 τῆς
1495 2806 1630 2875 πρὸς
1661 2804 1761 2876 τὴν

173 2897 409 2964 νόμιμον
462 2897 698 2961 γυναῖκα
754 2895 1089 2963 συναφείας,
1140 2893 1533 2965 καθαιρείσθω.
1578 2895 1765 2958 Ἐκτδς

171 2988 483 3057 ὡρισμένου
530 2986 595 3055 δή
646 3001 790 3047 τινος
839 2985 1062 3055 καιροῦ,
1112 2986 1200 3037 ὅτε
1251 2983 1651 3053 μεταχειρίζειν
1696 2985 1766 3038 τὰ

174 3077 308 3145 am
345 3075 592 3143 μέὶλοιεν
615 3090 630 3105 ο
663 3074 749 3126 ἴνα
783 3074 1016 3143 καθαροὶ
1048 3071 1125 3142 τῷ
1157 3071 1385 3140 καθαρῷ
1420 3074 1763 3143 προσιόντες,

171 3170 281 3221 τῶν
312 3166 634 3235 αἰτημάτων
673 3163 749 3235 μὴ
782 3164 1158 3234 διαμάρτοιεν.
1191 3163 1351 3215 Ἀλλά
1386 3162 1479 3216 καί
1514 3178 1625 3215 τισι
1657 3163 1765 3216 τῶν

174 3257 306 3325 περὶ
329 3257 430 3325 τὴν
453 3255 688 3308 Νίκαιαν
711 3254 811 3323 τὴν
838 3255 1061 3323 πρώτην
1090 3252 1519 3323 συστησαμένων
1544 3252 1763 3307 σύνοδον

175 3350 355 3402 ὶδόκει
400 3349 590 3415 μῶμον
626 3347 961 3413 ἐπεισάγειν,
1000 3346 1360 3409 ἐπισκόπους,
1398 3344 1491 3396 καὶ
1527 3344 1765 3413 πρεσϐυ-

172 3442 389 3511 τέρους,
415 3439 694 3500 διακόνους
721 3454 779 3490 τε
808 3439 904 3489 καὶ
934 3436 1325 3498 ὑποδιακόνους
1356 3435 1431 3506 μὴ
1458 3436 1763 3502 συγκαθεύο

173 3534 281 3585 δειν
311 3532 449 3593 ὅλως
480 3533 599 3592 ταῖς
627 3532 917 3599 γαμεταῖς,
945 3528 1010 3591 ἃς
1038 3528 1204 3599 πρινὴ
1238 3526 1483 3599 ἱερᾶσθαι
1516 3528 1763 3595 νομίμως

174 3623 464 3690 ἠγάγοντο.
498 3619 559 3673 '0
592 3622 773 3687 μέντοι
811 3620 1167 3687 Παυνούτιος,
1206 3619 1336 3686 μιᾶς
1363 3616 1474 3669 τῶν
1501 3618 1639 3671 κατὰ
1668 3619 1765 3680 τάς

174 3712 358 3778 Θήϐας
408 3710 617 3762 πόλεων
663 3711 960 3771 ἐπίσκοπος
1006 3709 1116 3773 ῶν,
1164 3708 1303 3778 ἀνὴρ
1354 3709 1417 3761 ὲκ
1466 3708 1655 3771 παιδὸς
1706 3712 1763 3761 ὲν

173 3801 499 3871 ἁσκητηρίῳ
549 3801 966 3869 τεθραμμένος,
1019 3801 1115 3854 καὶ
1167 3802 1346 3852 πᾶσαν
1398 3798 1764 3869 κατορθωκὼς

174 3890 398 3961 ἀρετὴν,
428 3892 523 3942 ἐπὶ
553 3891 879 3960 σωφροσύνῃ
908 3891 965 3942 δὲ
998 3892 1092 3944 καὶ
1126 3892 1358 3960 μάλιστα
1388 3890 1628 3958 γεγονὼς
1661 3902 1761 3941 πε-

177 3979 453 4048 ριϐόητος,
486 3981 547 4031 ού
594 3979 701 4048 μὴν
742 3979 877 4031 ἀλλὰ
920 3983 1011 4031 καὶ
1050 3980 1126 4049 τῷ
1166 3982 1263 4047 τῆς
1307 3979 1598 4049 ὁμολογίας
1640 3996 1764 4032 στε-

178 4071 333 4137 φάνῳ
376 4073 789 4138 κεκοσμημένος
828 4071 1039 4141 ιδιτερος
1081 4073 1188 4140 γὰρ
1230 4070 1378 4138 αὐτῷ
1415 4069 1521 4122 τῶν
1561 4070 1763 4137 ὀφθαλ-

179 4159 296 4223 μῶν
335 4158 401 4209 δι’
428 4150 707 4211 εὐσέϐειαν
744 4161 1145 4229 ἐξωρώρυκτο),
1186 4162 1405 4213 ἀντεῖπε
1443 4163 1555 4222 τοῖς
1592 4159 1763 4223 οὕτως

176 4248 361 4317 ἔχουσι
396 4247 651 4317 γνώμης,
686 4251 865 4317 τίμιόν
900 4267 957 4302 τε
988 4251 1081 4302 τὸν
1110 4253 1287 4318 γάμον
1318 4249 1636 4313 ἀποκαλῶν,
1670 4248 1761 4301 καὶ

177 4340 538 4407 σωφροσύνην
584 4341 681 4410 τὴν
730 4345 865 4409 πρὸς
908 4344 1006 4403 τὰς
1059 4343 1193 4403 ἰδίας
1240 4344 1483 4410 γαμετὰς
1524 4340 1760 4408 ὁμιλίαν.

175 4434 574 4486 Συνεδού>.ευσὲ
609 4452 664 4487 τε
702 4439 765 4505 τῇ
802 4438 1035 4506 συνόδῳ,
1072 4438 1147 4505 μὴ
1181 4436 1423 4488 τοιοῦτον
1457 4435 1645 4486 θέσθαι
1678 4433 1763 4485 νό-

1869 1972 2148 2026 abstinere
2181 1976 2348 2028 velint
2388 1977 2457 2030 ab
2492 1980 2777 2043 uxoribus,
2818 1996 2939 2048 quae
2978 1991 3107 2039 aute
3139 1984 3446 2040 ordinatio-

1868 2077 1991 2115 nem
2044 2078 2168 2117 cum
2224 2066 2304 2121 cis
2358 2069 2629 2137 c0pttlattc
2683 2068 2937 2127 fuerint:
2981 2074 3115 2136 Nos,
3168 2076 3446 2144 inquiunt,

1869 2155 2034 2206 etiam
2091 2166 2214 2221 post
2268 2158 2669 2225 ordinationem
2725 2176 2949 2217 manere
2999 2164 3148 2217 arma
3198 2167 3447 2221 volumus

1866 2261 2055 2299 eorum
2092 2250 2460 2309 matrimonia,
2492 2251 2586 2317 qui
2629 2252 2792 2321 digne
2838 2256 3202 2309 sacerdotium
3241 2272 3439 2313 c0use-

1867 2337 1981 2388 cuti
2016 2344 2164 2399 sunt,
2199 2353 2265 2389 ne
2299 2338 2609 2392 benedictas
2650 2339 2861 2393 Domini
2896 2344 3181 2410 praesentia
3221 2348 3443 2411 nuptias

1867 2428 2202 2480 contumelia
2249 2428 2557 2482 clanculum
2624 2429 2961 2495 aﬂiciamus;
3030 2434 3121 2501 qui
3186 2446 3444 2503 praeterea

1869 2520 2265 2587 pronuntiavit,
2317 2519 2588 2574 hominem
2636 2536 2895 2591 separare
2930 2538 3035 2577 non
3069 2526 3267 2579 debere
3329 2544 3448 2595 qua:

1868 2608 2010 2663 Deus
2041 2610 2413 2679 coniunxerit.
2449 2609 2761 2676 Quinetiam
2795 2613 3087 2683 Apostolus
3123 2615 3445 2672 honorabilc

1867 2698 2001 2753 dicit
2028 2715 2153 2754 esse
2189 2704 2624 2766 matrimonium,
2651 2711 2707 2757 et
2737 2703 2936 2758 lectum
2971 2708 3334 2774 impollutum.
3370 2712 3446 2764 Ac

1866 2804 2113 2855 rursum,
2147 2791 2413 2861 Alligatus
2452 2809 2511 2849 es
2544 2794 2806 2848 mulieri?
2847 2796 3172 2853 solutionem
3205 2815 3271 2854 ne
3299 2817 3447 2871 qua:—

1867 2882 1993 2937 rito.
2021 2880 2389 2948 Quamobrem
2422 2885 2512 2953 qui
2548 2886 2861 2951 diaconum,
2904 2891 2986 2943 vel
3018 2892 3442 2961 subdiaconnnt,

1864 2971 1949 3023 vel
1986 2972 2363 3042 presbyterum
2404 2973 2795 3042 conjunctione
2828 2991 2951 3032 cum
2988 2994 3155 3034 uxore
3197 2981 3443 3049 legitima

1867 3063 2071 3133 privat,
2107 3063 2423 3134 deponitor.
2456 3065 2696 3136 Excepto
2727 3076 2907 3125 tamen
2943 3070 3171 3126 deﬁnito
3199 3074 3437 3142 quodam

1791 3188 1835 3248 ϐ
1870 3162 2140 3223 tempore,
2182 3168 2306 3209 cum
2343 3170 2503 3209 sacra
2540 3167 2668 3211 sunt
2709 3161 2993 3213 tractaturi
3025 3179 3041 3215 :
3085 3169 3145 3214 ut
3176 3164 3299 3227 puri
3340 3177 3443 3232 pu-

1870 3259 1990 3296 rum
2021 3244 2310 3307 adeuntes,
2346 3261 2537 3315 preces
2564 3262 2693 3302 suas
2727 3249 3036 3304 obtineant.
3084 3251 3257 3306 Etiam
3298 3269 3441 3307 non.

1868 3334 2033 3388 nullis
2056 3350 2268 3398 eorum,
2288 3336 2379 3403 qui
2405 3338 2545 3404 apud
2574 3336 2806 3393 Nicaeam
2833 3339 3068 3409 primum
3094 3344 3446 3399 celebrabant

1867 3425 2197 3488 concilium,
2236 3427 2521 3481 videbatur
2558 3429 2919 3483 invehendam
2951 3445 3065 3483 rem
3100 3434 3444 3501 vituperabi-

1868 3515 1995 3579 lem,
2031 3527 2086 3570 ut
2121 3518 2383 3587 episcopi,
2413 3528 2464 3572 et
2507 3519 2835 3590 presbyteri,
2864 3527 2918 3574 et
2944 3521 3190 3587 diaconi,
3225 3533 3278 3577 et
3311 3525 3445 3579 sub-

1866 3607 2103 3671 diaconi,
2141 3624 2266 3662 cum
2300 3612 2560 3664 uxoribus
2593 3612 2710 3665 suis
2739 3612 2963 3665 omnino
3000 3628 3109 3666 non
3155 3615 3442 3679 cubarent,

1866 3718 2006 3772 quas
2050 3706 2203 3773 prius
2236 3706 2541 3770 duxissent,
2573 3722 2735 3774 quam
2798 3707 3124 3762 sacerdotiis
3162 3710 3415 3763 initiarett

1867 3802 1976 3849 tur.
2034 3794 2234 3850 Verum
2297 3796 2661 3866 Paphnutius,
2717 3799 2879 3853 unius
2930 3799 2997 3853 ad
3056 3798 3269 3855 Thebas
3322 3802 3442 3855 sita:

1868 3887 2103 3942 civitatis
2134 3888 2452 3956 episcopus,
2490 3891 2580 3956 qui
2622 3890 2704 3942 vir
2743 3904 2773 3942 a
2820 3905 2991 3957 puero
3025 3892 3290 3944 educatus
3324 3902 3443 3945 erat

1870 3979 1920 4031 in
1961 3978 2081 4032 loco
2124 3979 2227 4046 piis
2261 3982 2536 4034 exercitiis
2579 3982 2782 4044 dicato,
2827 3989 2880 4033 et
2927 3996 3140 4033 onmem
3189 3987 3440 4037 vittntom

1866 4067 2107 4135 perfecte
2152 4068 2419 4133 coluerat,
2463 4084 2527 4121 ac
2575 4070 2628 4121 itt
2679 4069 2868 4136 primis
2914 4068 3134 4123 nomine
3170 4075 3441 4125 castitatis

1866 4158 2286 4224 celebrabatur;
2338 4159 2449 4211 into
2488 4160 2577 4227 qui
2621 4161 2985 4214 confessionis
3029 4160 3191 4214 c:iain
3239 4178 3439 4216 corona

1867 4245 2041 4298 fuerat
2078 4258 2326 4309 ornatus,
2364 4250 2505 4316 quod
2540 4249 2678 4302 alter
2706 4250 2899 4303 oculus
2933 4250 2980 4303 ei
3019 4260 3239 4318 prrpter
3274 4254 3441 4319 pieta-

1869 4346 1975 4391 tem
2015 4338 2250 4393 eﬂ‘ossus
2292 4350 2474 4403 esset;
2520 4341 2662 4394 hanc
2707 4342 3033 4394 sententiam
3080 4346 3439 4410 probantibus

1867 4429 2217 4493 contradixit,
2250 4445 2373 4483 cum
2413 4430 2761 4485 honorabiles
2800 4445 2921 4485 esse
2955 4432 3159 4487 diceret
3193 4446 3431 4501 uttpttas,

179 4542 302 4592 μον,
336 4525 597 4596 δυσχερὲς
630 4522 767 4579 εἶναι
800 4530 909 4589 τοῖς
944 4530 1000 4578 ἐν
1032 4527 1221 4595 κόσμῳ
1254 4526 1502 4592 διάγουσι
1536 4526 1595 4576 τὸ
1627 4526 1763 4594 πρᾶ-

1868 4529 1919 4575 ct
1953 4522 2408 4575 consuetudinem
2439 4536 2562 4574 cum
2597 4523 2863 4576 uxoribus
2890 4525 3186 4591 appellant
3216 4534 3439 4579 castita-

173 4632 293 4684 γμα
335 4615 525 4683 φέρειν
557 4618 1013 4686 ἀποςαινόμενος.
1046 4620 1203 4680 Ἴσως
1237 4617 1344 4687 γὰρ
1377 4616 1470 4669 τοῦ
1504 4616 1627 4683 τόγε
1668 4616 1762 4670 καὶ

176 4704 366 4765 αὐτοῖς
400 4706 519 4767 ταῖς
552 4704 757 4757 τούτων
790 4709 1058 4775 γαμεταῖς
1092 4705 1188 4759 τοῦ
1230 4704 1303 4775 μὴ
1345 4708 1642 4775 σωφρονεῖν
1676 4708 1763 4759 at-

175 4793 267 4845 τία
306 4794 597 4861 γενήσεται
623 4796 688 4848 ¹⁷.
725 4798 881 4850 Κατὰ
920 4799 976 4850 δὲ
1008 4798 1105 4866 τὴν
1137 4797 1369 4865 ἀρχαίαν
1403 4799 1501 4867 τῆς
1534 4796 1763 4867 Ἐκκλη-

178 4884 303 4946 σίας
354 4886 688 4954 παράδοσιν,
738 4888 863 4949 τοὺς
910 4888 1008 4955 μὲν
1047 4887 1293 4955 ἀγάμους
1338 4886 1431 4939 τοῦ
1485 4886 1760 4955 ίερατικοῦ

175 4976 461 5042 τάγματος
504 4978 972 5045 κοινωνήσαντας,
1021 4977 1219 5046 μηκέτι
1261 4979 1491 5045 γαμεῖν
1534 4977 1658 5039 τοὺς
1701 4977 1758 5030 δὲ

181 5064 326 5131 μετὰ
362 5064 454 5115 τὶν
491 5062 668 5132 γάμον
704 5067 782 5127 είς
827 5066 1127 5135 ίερωσύνην
1163 5065 1643 5136 προδιδασθέντας,
1682 5060 1759 5119 ῶν

179 5154 368 5222 ἔχουσι
412 5156 665 5222 γαμετῶν
707 5156 783 5227 μὴ
829 5158 1182 5227 χωρίζεσθαι.
1226 5160 1332 5210 Καὶ
1378 5158 1545 5211 ταῦτα
1592 5158 1689 5227 μὲν
1733 5159 1762 5210 ό

180 5243 541 5312 Παφνούτιος,
575 5245 776 5314 καίπερ
807 5248 984 5316 γάμου
1021 5247 1243 5316 ἄπειρος
1277 5245 1371 5302 ῶν.
1406 5247 1667 5317 Ἑπῄνεσε
1700 5246 1756 5299 δὲ

179 5333 279 5401 τὴν
310 5333 404 5385 τοῦ
440 5333 729 5388 θεσπεσίου
765 5337 953 5407 ἀνδρὸς
988 5339 1274 5407 εἰσήγησιν
1304 5337 1398 5390 καὶ
1431 5338 1462 5406 ἡ
1502 5338 1753 5401 σύνοδος,

180 5427 279 5477 καί
311 5424 464 5477 οὐδὲν
496 5428 624 5496 περὶ
656 5427 845 5481 τούτου
876 5430 1330 5499 νενομοθέτηκεν,
1365 5429 1499 5481 ἀλλὰ
1530 5432 1593 5497 τῇ
1631 5429 1758 5482 ἑκά-

182 5527 311 5565 στου
338 5513 532 5584 γνώμῃ
555 5517 615 5567 τὸ
643 5519 895 5587 πρᾶγμα,
923 5520 1014 5572 καὶ
1041 5519 1139 5572 οὑκ
1166 5519 1375 5587 ἀνάγκη
1403 5518 1591 5570 θέσθαι
1618 5519 1759 5571 νενόο

1872 4618 2001 4661 tem.
2038 4608 2299 4676 Adeoque
2334 4608 2543 4677 synodo
2582 4617 2776 4660 auctor
2810 4617 2950 4670 erat,
2982 4625 3049 4663 ne
3091 4611 3261 4680 legem
3300 4614 3437 4666 hanc

1868 4697 2280 4767 promulgarent
2322 4713 2333 4747 :
2372 4698 2516 4765 quod
2553 4697 2695 4751 hanc
2729 4712 2840 4751 rem
2874 4700 2927 4752 in
2962 4701 3164 4753 mundo
3197 4702 3439 4766 degenti-

1870 4787 1971 4842 bus
2016 4787 2247 4842 toleratu
2295 4784 2567 4839 dimcilem
2603 4786 2827 4842 diceret.
2861 4786 2994 4841 Nam
3043 4790 3293 4845 fortassis
3335 4794 3438 4849 hoc

1868 4886 1975 4933 tant
2011 4879 2166 4949 ipsis,
2200 4893 2360 4948 quam
2401 4878 2645 4947 ipsorum
2683 4879 2967 4944 uxoribus,
2992 4895 3220 4936 causam
3254 4885 3435 4939 minus

1866 4978 2016 5025 caste
2043 4970 2255 5023 vivendi
2286 4970 2659 5039 praebiturum.
2686 4970 2764 5024 Ex
2799 4972 2975 5040 prisca
2999 4974 3215 5042 quidem
3248 4976 3434 5030 Eccle-

1862 5062 1957 5115 sia:
1998 5063 2314 5125 traditione,
2359 5070 2625 5131 quotquot
2674 5071 2926 5132 expertes
2975 5067 3307 5120 matrimonii
3348 5084 3437 5122 sa-

1862 5155 2193 5211 cerdotalem
2239 5156 2292 5209 iu
2335 5156 2585 5210 ordinem
2616 5156 2855 5224 cooptati
2890 5156 3141 5221 fuissent,
3176 5174 3281 5211 non
3316 5176 3435 5213 am-

1864 5246 2007 5316 plius
2055 5260 2254 5299 uxores
2302 5245 2500 5299 ducere
2541 5262 2555 5298 :
2600 5246 2690 5315 qtti
2735 5260 2865 5299 vero
2917 5254 3040 5313 post
3090 5256 3434 5303 contractum

1864 5336 2277 5390 matrimonium
2311 5336 2482 5390 everti
2514 5343 2695 5389 essent
2724 5335 2790 5388 ad
2823 5336 3215 5399 sacerdotium,
3242 5352 3335 5392 eos
3364 5341 3433 5393 ab

1867 5427 2149 5490 uxoribus,
2181 5440 2319 5495 quas
2354 5424 2608 5487 habeant,
2645 5437 2751 5477 non
2785 5424 3049 5494 separari.
3086 5424 3149 5477 Et
3180 5424 3294 5478 ha‘c
3321 5426 3436 5495 qui-

1864 5519 1985 5573 dem
2011 5516 2369 5587 Paphnutius,
2410 5530 2722 5586 quanquam
2746 5517 2863 5586 ipse
2884 5516 3216 5571 matrimonii
3243 5533 3437 5587 expers

1444 5697 1677 5754 VARIE
1736 5697 2135 5754 LECTIONES.

290 5790 330 5821 "
366 5792 558 5863 γενήσε
570 5792 711 5846 σθαι.
