4198 6444
767 455 901 524 ῙΞΒῙ

2054 444 2189 505 JUS
2217 442 2464 503 CANON
2478 443 2662 502 [CUM

3865 436 4010 498 12.32

762 572 930 621 esset.
970 560 1310 619 Collaudavit
1342 558 1640 611 orationem
1680 554 1917 610 hominis
1950 552 2121 607 divini
2158 565 2325 620 syno-

2437 565 2615 618 μικεν.
2640 547 2795 601 Οὕτω
2824 548 3078 616 θεοφιλὴς
3101 550 3129 601 ὁ
3156 549 3492 617 Παφνούτιος
3516 543 3671 611 οὗτος
3697 545 3783 618 ἦν,
3815 551 3892 612 ὡς
3923 548 4018 602 καὶ

755 657 883 720 dus,
918 670 1092 724 neque
1121 652 1187 704 de
1215 652 1315 704 hoc
1342 650 1634 719 quidquam
1670 644 2051 715 promulgavit,
2084 643 2176 697 sed
2211 656 2321 693 rem

758 748 985 800 arbitrio
1038 740 1282 812 cujusvis
1329 737 1806 799 committendam,
1869 750 1976 789 non
2030 731 2324 793 coactioni,

760 834 975 891 statuit.
1009 832 1157 886 Adeo
1188 845 1320 884 vero
1350 828 1640 897 religiosus
1671 834 1789 881 erat
1824 827 1927 880 iste
1960 822 2325 892 Paphnutius,

758 940 816 983 ut
845 929 1008 982 etiam
1043 922 1361 979 admiranda
1394 920 1639 989 quaedam
1670 918 1913 989 prodigia
1949 931 2044 986 per
2070 928 2195 970 eum
2230 911 2327 965 tie-

2434 642 2632 709 σημεῖα
2674 640 2961 694 θα·.›·ι.αστὰ
3001 643 3092 694 ὑπ’
3120 641 3284 694 αὐτοῦ
3328 642 3593 709 γίνεσθαι.
3636 643 3851 711 Σιρὸδρα
3892 644 3949 695 δὲ
3990 644 4020 694 ὀ

2435 728 2686 793 βασιλεὺς
2731 731 3135 793 Κωνσταντῖνος
3179 730 3342 799 ἐτίμα
3387 731 3478 782 τὸν
3521 732 3709 798 ἄνδρα,
3750 732 3844 782 καὶ
3894 747 4018 781 συν-

2434 821 2574 888 εχῶς
2612 822 2703 873 ἐπὶ
2732 822 2799 873 τά
2837 820 3081 890 βασίλεια
3118 821 3530 891 μετεπέμπετο,
3566 824 3659 874 καὶ
3694 823 3782 873 τὸν
3818 822 4019 890 ἐξορω-

2439 914 2708 981 ρυγμένον
2742 911 3022 981 ὀντιθαλμδν
3053 913 3333 979 κατεφίλει

758 1028 899 1073 rent.
934 1019 999 1071 Et
1029 1013 1424 1071 Constantinus
1475 1011 1774 1079 imperator
1818 1007 2090 1061 hominem
2133 1017 2329 1072 magno
2367 1000 2603 1057 habebat
2634 1004 2687 1057 in
2720 1004 2918 1073 pretio,
2947 1014 3001 1057 et
3033 1002 3333 1074 frequentet
3374 1002 3441 1054 ad
3514 1003 3695 1055 aulam
3764 1018 4016 1059 arcesse-

757 1112 868 1173 bat,
901 1114 1234 1174 erutumque‘
1256 1102 1474 1157 oculum
1503 1100 1942 1157 exosculabatur.

832 1200 1098 1254 Caeterum
1149 1193 1342 1266 synodi
1404 1192 1706 1262 Ancyram}:
1760 1190 1956 1245 canoni
2007 1186 2332 1242 duodecimo

760 1306 865 1342 non
915 1285 1327 1348 attendendum,
1360 1283 1452 1351 qui
1488 1296 1651 1349 posse
1684 1280 1817 1334 dicit
1865 1280 2154 1333 diaconum
2191 1288 2331 1329 uxo-

757 1396 873 1434 rem
915 1379 1119 1431 ducere
1150 1376 1312 1428 etiam
1348 1382 1473 1444 post
1514 1372 1942 1436 ordinationem,
1968 1368 2211 1439 episcopi
2245 1366 2332 1423 sui

762 1466 1058 1536 peruissu.
1104 1462 1314 1530 Quippe
1364 1460 1602 1524 Leonis,
1645 1460 1969 1527 cognomine
2016 1455 2330 1524 Sapientis,

755 1557 979 1612 Novella
1044 1554 1178 1608 dicit
1225 1553 1338 1623 (ι),
1376 1553 1592 1606 tametsi
1648 1567 1712 1605 ex
1772 1549 2173 1604 consuetudine
2219 1561 2328 1600 non

756 1650 960 1716 scripta
1022 1646 1233 1699 licuerit.
1259 1644 1634 1700 sacerdotibus
1670 1644 1809 1697 intra
1847 1643 2169 1697 decennium
2208 1640 2331 1712 (i‘),

760 1748 883 1807 post
907 1737 1307 1790 ordinationem
1341 1737 1798 1804 computandum,
1836 1736 2105 1803 legitimas
2131 1748 2333 1787 uxores

763 1832 970 1883 ducere
997 1846 1012 1881 :
1043 1837 1220 1880 tamen
1267 1827 1391 1887 hoc,
1422 1837 1679 1895 tanquam
1716 1825 2050 1895 prohibitum
2096 1839 2125 1877 a
2165 1837 2333 1878 cano-

2506 1182 2596 1253 Τῷ
2639 1183 2926 1252 δωδεκάτῳ
2976 1183 3162 1235 κανόνι
3203 1182 3301 1249 τῆς
3349 1184 3403 1234 ἓν
3480 1180 3724 1251 ’Δγκύρα
3772 1181 4017 1249 μηδολως

2435 1272 2683 1343 πρόσχῃς
2732 1273 2825 1325 τὶν
2880 1272 3042 1334 νοῦν,
3091 1271 3350 1325 δύνασθαι.
3400 1269 3610 1337 λέγοντι
3669 1274 3875 1338 γαμεῖν
3925 1273 4017 1323 τὸν

2433 1365 2677 1419 διάκονον
2713 1365 2806 1416 καὶ
2852 1364 2991 1432 μετὰ
3026 1362 3126 1431 τὴν
3160 1362 3517 1432 χειροτονίαν,
3559 1366 3622 1431 τῇ
3673 1361 3769 1415 τοῦ
3809 1364 4014 1415 οξκείιυ

2432 1455 2733 1509 ἐπισκόπου
2782 1455 3091 1525 ὲπιτροπῇο
3142 1453 3278 1520 φησὶ
3324 1453 3435 1522 γάρ
3484 1455 3517 1522 ἡ
3564 1454 3750 1523 Νεαρᾶ
3785 1454 4017 1516 Λέοντος

2436 1548 2532 1601 τοῦ
2566 1548 2768 1614 Σοφοῢ,
2809 1546 2885 1611 ὡς
2917 1549 2966 1599 εἰ
2998 1547 3091 1600 καὶ
3128 1544 3237 1599 ἀπὸ
3270 1544 3555 1614 συνηθείας
3594 1546 3846 1613 ἀγράφου
3882 1545 4013 1611 ὲξῆν

2438 1642 2549 1702 τοῖς
2587 1640 2901 1710 ίερωμὲνοις
2935 1637 3085 1701 ἐντὸς
3116 1637 3427 1697 δεκαετείας
3468 1638 3542 1698 ¹⁸,
3583 1637 3722 1705 μετὰ
3761 1638 3864 1706 τὴν
3896 1653 4015 1705 χει·

2441 1730 2685 1799 ροτονίαν
2726 1729 3146 1798 ψηψιζομένης,
3180 1728 3480 1799 λαμόάνειν
3523 1728 3787 1797 νομίμους
3827 1730 4016 1793 γυναῖ-

2438 1836 2562 1881 κας,
2594 1817 2727 1870 ἀλλὰ
2766 1819 2925 1872 τοῦτο
2947 1819 3024 1880 ὡς
3055 1817 3161 1873 ὑπὸ
3186 1819 3295 1871 τῶν
3331 1818 3575 1871 κανόνων
3606 1817 4013 1887 κεκωλυμένον,

760 1921 948 1980 nibus,
980 1918 1161 1971 valere
1211 1920 1317 1971 non
1354 1918 1572 1972 debere.
1604 1918 1709 1983 Qui
1735 1925 2011 1986 expertem
2048 1916 2331 1970 matrimo-

2437 1911 2537 1962 οὐκ
2572 1910 2776 1979 ὀφείλει
2822 1913 3063 1980 κρατεῖν.
3114 1909 3174 1962 '0
3211 1910 3533 1980 χειροτονῶν
3579 1911 3825 1978 ἄγαμον,
3872 1910 4017 1979 ἐρω-

759 2007 836 2060 nii
870 2007 947 2074 (ἓ)
976 2005 1217 2068 ordinat,
1252 2004 1550 2075 interroget
1577 2020 1725 2068 eum,
1759 2019 1825 2057 an
1858 2004 2063 2071 absque
2095 2003 2329 2073 legitima

760 2111 931 2151 uxore
972 2097 1139 2149 vitam
1179 2106 1386 2151 castam
1424 2111 1585 2165 agere
1621 2095 1812 2166 possit.
1847 2095 1904 2149 Si
1926 2095 2031 2150 hoc
2064 2095 2330 2149 facturum

760 2201 820 2240 se
866 2195 1138 2249 testetur,
1175 2186 1449 2240 hominem
1490 2186 1727 2241 ordinet.
1778 2186 1882 2253 Qui
1931 2186 2165 2240 diacono
2215 2199 2335 2255 per-

762 2279 950 2342 mittit,
983 2288 1041 2333 ttt
1093 2288 1216 2348 post
1264 2277 1667 2333 ordinationem
1713 2279 1875 2333 ducat
1914 2293 2162 2340 uxorem,
2223 2277 2337 2346 epi-

762 2378 991 2438 scopatu
1034 2369 1346 2439 expellitur.
1399 2367 1717 2441 Presbyter,
1766 2377 1861 2424 aut
1917 2369 2203 2431 diaconus,
2245 2378 2338 2424 aut

764 2461 1181 2527 subdiaconus,
1229 2461 1325 2530 qui
1399 2468 1523 2528 post
1599 2461 2000 2516 ordinationem
2062 2460 2337 2515 contrahit

762 2553 1028 2621 nuptias;
1069 2567 1098 2606 e
1152 2561 1297 2607 coetu
1348 2552 1481 2607 cleri
1533 2552 1772 2622 ejieitur.
1824 2553 2056 2607 Clericis
2092 2561 2177 2606 est
2222 2566 2338 2621 per-

764 2646 1017 2706 missum,
1052 2651 1112 2697 ttt
1160 2643 1432 2712 legitimas
1477 2643 1709 2697 habeant
1740 2657 1957 2697 uxores.
1990 2644 2254 2697 Cantores
2284 2647 2337 2694 et

764 2732 1000 2788 lectores
1050 2732 1272 2801 nuptias
1319 2732 1593 2804 legitimas
1629 2731 1956 2787 contrahere
2002 2738 2252 2801 possunt,
2283 2739 2337 2782 at

766 2822 1109 2883 subdiaconi,
1135 2831 1189 2876 et
1231 2822 1469 2882 diaconi.
1516 2829 1572 2876 et
1632 2822 1960 2890 presbyteri,
2006 2822 2228 2875 omnino
2260 2819 2336 2892 [id

768 2911 969 2984 facere]
1017 2913 1394 2980 prohibentur.
1445 2912 1564 2978 Quo
1610 2914 1686 2978 tit,
1736 2923 1793 2966 ut
1835 2923 2101 2982 quotquot
2145 2928 2334 2966 eorum

767 3005 1102 3059 matrimonii
1153 3004 1452 3074 participes
1508 3005 1665 3068 iiunt,
1699 3004 1957 3057 excidant
2008 3003 2332 3057 sacerdotio.

1240 3095 1571 3152 Matrimonii
1612 3096 1867 3163 deﬁnitio.

2434 2003 2579 2057 τάτω
2628 2002 2822 2066 αὐτον,
2870 2005 2920 2055 εἰ
2970 2004 3196 2057 δύναται
3249 2005 3418 2074 χωρὶς
3465 2002 3701 2071 νομίμου
3756 2006 4014 2073 γαμετῆς

2439 2096 2649 2163 σεμνὼς
2698 2093 2869 2163 βιοῦν.
2920 2094 3029 2147 Καὶ
3075 2095 3124 2147 εί
3168 2093 3493 2157 κατάθοιτο,
3545 2092 3733 2146 τοῦτον
3770 2109 4017 2163 χειροτο-

2436 2185 2613 2239 νείτω.
2658 2185 2718 2239 ’0
2748 2186 2803 2239 δὲ
2850 2186 3163 2254 ἐπιτρέπων
3202 2186 3442 2255 διακόνῳ
3475 2186 3710 2252 γυναῖκα
3744 2186 3888 2253 μετὰ
3916 2186 4017 2255 τὴν

2436 2277 2769 2346 χειροτονίαν
2829 2276 3050 2336 λαϐεῖν,
3105 2276 3206 2345 τῆς
3268 2279 3574 2344 ἐπισκοπῆς
3637 2275 4013 2331 ἑκϐαλλέσθω.

2438 2366 2815 2437 Πρεσϐύτερος
2859 2366 2946 2431 δὲ,
2996 2366 3029 2438 ἢ
3064 2366 3339 2432 διάκονος,
3382 2367 3418 2437 ἦ
3448 2365 3833 2428 ὑποδιάκονος,
3878 2367 4019 2435 μετὰ

2436 2458 2534 2528 τὴν
2586 2458 2922 2527 χειροτονίαν
2968 2457 3201 2528 γαμῶν,
3255 2457 3581 2511 ἐκϐάλλεται
3627 2455 3721 2509 τοῦ
3780 2458 4013 2527 κλήρου.

2437 2549 2561 2611 Τοῖς
2597 2550 2877 2617 κληρικοῖς
2922 2549 3316 2619 ἐπιτέτραπται
3347 2549 3612 2618 νομίμους
3648 2548 3795 2618 ἔχειν
3833 2566 4018 2617 γαμε-

2436 2640 2554 2703 τάς.
2579 2640 2642 2693 Οί
2674 2640 2871 2708 ψάλται
2900 2640 2996 2693 καὶ
3019 2642 3069 2693 οἱ
3106 2639 3452 2709 ἀναγνῶσται
3480 2639 3734 2692 δύνανται
3762 2642 4018 2709 νομίμως

2438 2733 2657 2798 γαμεῖν.
2686 2732 2748 2783 Οἱ
2782 2730 2835 2783 δὲ
2882 2731 3261 2791 ὐποδιάκονοι,
3298 2731 3392 2783 καὶ
3430 2731 3699 2789 διάκονοι,
3750 2732 3847 2782 καὶ
3880 2748 4018 2799 πρε-

2441 2821 2719 2890 σϐύτεροι,
2774 2820 3028 2886 καθάπαξ
3081 2821 3435 2875 κεκώλυνται.
3486 2819 3651 2874 Ὅθεν
3702 2820 3915 2873 τούτων
3965 2823 4015 2873 οἱ

2438 2913 2601 2982 γάμῳ
2630 2914 3075 2981 κοινωνήσαντες,
3103 2912 3426 2965 ἐκπίπτουσι
3449 2913 3547 2981 τῆς
3575 2913 3901 2981 ἱερωσύνης.

3015 3091 3191 3158 Ὄρος
3228 3088 3442 3158 γάμου.

842 3188 1247 3243 Matrimonium
1296 3188 1405 3259 (5)
1456 3196 1543 3244 est
1582 3187 1899 3257 conjunctio
1948 3189 2115 3243 maris
2158 3197 2212 3243 et
2257 3188 2337 3242 i'e-

2510 3185 2691 3254 Γάμος
2738 3185 2883 3235 ἐστὶν
2922 3184 3112 3251 ἀνδρὸς
3152 3183 3247 3234 καὶ
3299 3181 3561 3249 γυναικὸς
3596 3181 3887 3249 συνάφεια,
3923 3182 4017 3232 καὶ

768 3280 950 3342 minae,
980 3287 1033 3333 et
1067 3280 1247 3333 omnis
1278 3280 1401 3334 vita:
1438 3279 1800 3343 consortium,
1830 3277 2000 3333 divini
2033 3286 2086 3333 et
2116 3279 2337 3332 humani

765 3370 908 3439 juris
940 3370 1369 3425 communicatio
1401 3388 1414 3424 :
1445 3371 1561 3426 sive
1590 3385 1687 3439 per
1722 3370 2187 3433 benedictionem,
2227 3368 2340 3424 sive

768 3476 867 3530 per
898 3462 1334 3521 coronationem.
1365 3463 1480 3516 sive
1512 3477 1610 3533 per
1655 3450 2083 3515 instrumentum
2115 3469 2339 3514 contra-

773 3551 953 3604 hatur.
987 3550 1117 3616 Qua:
1146 3562 1325 3604 autem
1356 3560 1560 3619 prater
1598 3551 1763 3605 hosce
1797 3550 1987 3605 modos
2018 3549 2159 3604 facta
2190 3558 2339 3611 sunt,

772 3655 872 3711 pro
902 3655 1011 3694 non
1053 3641 1351 3694 contractis
1384 3641 1675 3695 habentur.
1712 3640 2006 3711 Legitimas
2050 3648 2229 3694 autem
2263 3640 2339 3709 (ι)

770 3731 994 3798 nuptias
1038 3731 1180 3783 inter
1216 3745 1275 3784 se
1316 3729 1546 3784 Romani
1588 3730 1941 3789 contrahunt,
1972 3745 2094 3785 cum
2125 3744 2185 3783 ea
2222 3744 2341 3784 ser-

767 3830 920 3882 vant,
962 3834 1080 3887 quae
1121 3820 1329 3888 legibus
1355 3821 1421 3871 d-e
1455 3820 1660 3890 nuptiis
1695 3830 1962 3888 praecepta
2002 3830 2146 3875 sunt.
2172 3819 2343 3888 Opor-

770 3916 848 3961 tet
891 3918 1070 3960 autem
1132 3922 1315 3960 mares
1372 3908 1591 3976 quidem
1634 3922 1759 3962 esse
1803 3908 2068 3975 puberes,
2114 3907 2341 3963 feminas

771 4014 903 4052 vero
958 3999 1058 4050 viri
1108 4006 1379 4066 potentes,
1444 3999 1548 4052 hoc
1595 4010 1700 4061 est,
1732 3999 1856 4054 illos
1903 3998 2166 4054 excedere
2196 3998 2343 4053 deci-

769 4104 919 4141 mum
952 4096 1206 4156 quattum
1245 4102 1470 4150 annum,
1507 4088 1606 4142 has
1638 4088 1876 4157 majores
1904 4104 2025 4143 esse
2052 4088 2339 4142 duodecim
2380 4076 2381 4079 “

771 4180 953 4232 annis.
993 4178 1114 4231 litec
1152 4186 1333 4231 autem
1366 4178 1621 4241 dicimus,
1648 4178 1762 4233 sive
1796 4188 1976 4248 patres
2010 4179 2340 4233 familiarum

772 4271 906 4330 sint,
948 4270 1063 4327 sive
1099 4270 1191 4323 ﬁlii
1221 4268 1548 4324 familiarum
1592 4272 1652 4334 ii,
1700 4271 1792 4340 qui
1832 4280 2029 4325 coeunt
2066 4272 2118 4324 in
2154 4271 2342 4324 matri-

774 4359 1015 4414 monium
1064 4359 1165 4427 (ὅ).
1214 4359 1429 4428 Nuptize
1484 4375 1593 4414 non
1643 4360 1801 4422 iiunt,
1843 4360 1948 4414 nisi
1994 4359 2343 4414 consentiant

773 4458 880 4502 tam
932 4449 987 4511 ii,
1031 4449 1125 4517 qui
1168 4450 1519 4518 copulantur,
1563 4464 1725 4518 quam
1775 4452 1868 4519 qui
1915 4466 2009 4505 eos
2042 4450 2245 4505 habent
2288 4450 2339 4503 in

2443 3276 2823 3347 συγκλήρωσις
2853 3274 3033 3344 πάσης
3063 3275 3228 3341 ζωῆς,
3270 3273 3418 3325 θείου
3444 3280 3504 3325 τε
3534 3273 3628 3323 καὶ
3668 3273 4018 3337 ἀνθρωπίνου

2439 3367 2647 3420 δικαίου
2685 3368 2957 3428 κοινωνία,
2990 3366 3098 3418 εἴτε
3120 3364 3203 3417 ’δι’
3245 3364 3517 3431 εὐλογίας,
3547 3364 3655 3415 εἶτε
3695 3363 3787 3414 διὰ
3819 3378 4021 3429 στεφα-

2440 3460 2711 3528 νώματος,
2752 3458 2785 3526 ἢ
2823 3456 2911 3510 διὰ
2955 3455 3304 3524 συμϐολαίου.
3340 3453 3423 3506 Τά
3454 3455 3511 3506 δὲ
3539 3454 3691 3521 παρὰ
3718 3453 3897 3506 ταῦτα
3926 3471 4022 3520 γε·

2442 3551 2677 3619 νόμενα,
2725 3548 2800 3611 ὡς
2844 3548 2917 3617 μὴ
2950 3548 3212 3613 γεγονότα
3260 3545 3585 3613 λογίζονται.
3634 3546 3933 3613 Ἑννὸμους
3964 3546 4021 3597 δὲ

2443 3644 2653 3713 γάμους
2688 3641 2888 3711 μεταξὺ
2915 3640 3159 3706 ἀλλήλων
3196 3636 3487 3689 συνιστῶσι
3528 3637 3792 3701 Ῥωμαῖοι
3816 3676 3830 3699 ,
3855 3636 4021 3705 ἡνίκα

2441 3736 2509 3788 τὰ
2538 3751 2601 3785 πε
2613 3735 2665 3803 pi.
2692 3734 2802 3783 τῶν
2837 3732 3029 3801 γάμων
3060 3731 3171 3792 τοῖς
3195 3729 3378 3797 νόμοις
3412 3727 3817 3796 διηγορευμένα
3847 3727 4021 3793 φυλάς

2444 3827 2613 3892 ξουσι.
2642 3826 2733 3875 Δεῖ
2748 3822 2804 3875 δὲ
2826 3823 2951 3884 τοὺς
2980 3821 3078 3888 μὲν
3109 3820 3346 3889 άρῤενας
3371 3817 3607 3886 ὲφήὸους
3638 3812 3804 3876 εἶναι,
3834 3818 3936 3877 τὰς
3965 3817 4018 3868 δὲ

2444 3916 2662 3986 θηλείας
2694 3914 2884 3982 ἀνδρὸς
2931 3912 3205 3971 δεκτικάς.
3245 3910 3505 3961 Τουτέστι
3548 3908 3674 3969 τοῦς
3713 3908 3817 3976 μὲν
3848 3909 4023 3975 ὕπερ-

2446 4006 2731 4072 ϐεὕηκέναι
2756 3998 2846 4053 ὢν
2878 4002 2937 4053 ιδ’
2984 4001 3202 4069 χρόνον,
3237 3998 3336 4058 τὰς
3366 3998 3421 4050 δὲ
3470 3996 3687 4065 μείζους
3724 3993 3867 4049 εἶναι
3912 3997 4020 4048 τῶν

2444 4094 2647 4147 δώδεκα
2692 4089 2971 4144 ἐνιαυτῶν.
3014 4088 3197 4143 Ταῦτα
3229 4086 3285 4139 δὲ
3331 4087 3563 4155 λέγομεν
3610 4086 3719 4137 εντε
3764 4087 4018 4151 αὐτεξού-

2446 4202 2577 4249 σιοι,
2605 4184 2712 4236 εἴτε
2746 4179 3053 4245 ὑπεξούσιοί
3079 4181 3235 4239 εἰσιν,
3267 4178 3317 4229 oi
3353 4177 3489 4246 πρὸς
3514 4177 3693 4244 γάμον
3723 4178 4017 4237 συνιόντες.

2446 4278 2520 4329 Οὐ
2550 4277 2759 4343 γίνεται
2801 4273 2999 4341 γάμος,
3032 4273 3081 4323 εί
3122 4268 3197 4340 μὴ
3234 4268 3638 4321 συναινέτουσιν
3661 4269 3710 4317 οί
3748 4269 4018 4319 cavat-.6.

2451 4385 2620 4437 μενοι,
2661 4367 2755 4418 καὶ
2792 4366 2839 4417 οἱ
2871 4365 3083 4432 ἔχοντες
3126 4361 3326 4422 αὐτοὺς
3354 4358 3732 4421 ὗπεξουσίους.
3771 4358 3880 4411 Τὸν
3921 4363 4017 4425 γά-

2452 4479 2577 4529 μον,
2610 4459 2669 4510 οὑ
2719 4457 2779 4509 τδ
2824 4453 3253 4522 ωγκαθευδῆσαι
3298 4452 3548 4521 ἀλλήλοις
3580 4451 3673 4502 τον
3714 4449 3893 4518 ἄνδρα
3931 4449 4018 4501 καὶ

774 4546 1067 4609 potestate.
1111 4538 1343 4608 Nuptias
1370 4554 1478 4593 non
1512 4540 1615 4594 viri
1655 4557 1777 4595 cum
1816 4543 2045 4597 muliere
2082 4543 2342 4597 concubi-

2446 4527 2545 4619 τὴν
2574 4549 2809 4616 γυναῖκα
2850 4544 3180 4613 συνίστησιν,
3212 4542 3325 4595 ἀλλ’
3357 4544 3390 4611 ἡ
3424 4543 3638 4610 γαμική
3664 4540 3854 4591 αὐτῶν
3903 4556 4020 4591 συνο

774 4640 861 4683 tus
897 4630 995 4698 (6),
1028 4629 1123 4683 sed
1164 4630 1586 4684 matrimonialis
1623 4646 1812 4685 eorum
1846 4647 2149 4687 consensus
2195 4632 2344 4687 facit.

775 4716 947 4774 Filius
1014 4723 1392 4788 emancipatus
1462 4720 1539 4790 (7)
1596 4721 1812 4790 plenam
1873 4736 2039 4791 agens
2091 4730 2347 4784 aetatem,

775 4812 937 4864 etiam
984 4812 1104 4866 sine
1154 4826 1429 4866 consensu
1472 4812 1643 4881 patris
1681 4827 1904 4865 uxorem
1942 4813 2110 4867 ducit.
2144 4813 2349 4868 Luctus

775 4903 1187 4957 ascendentium
1226 4917 1332 4955 non
1389 4903 1617 4972 impedit
1667 4904 1885 4973 nuptias
1929 4919 2117 4958 earum
2160 4921 2350 4974 perso-

777 5006 991 5055 narum,
1017 5007 1136 5061 qttte
1163 4993 1368 5062 lugent.
1408 4993 1511 5057 Qui
1552 4994 1682 5046 vivit
1738 4994 1788 5046 in
1822 4995 2069 5049 castitate
2106 4995 2202 5064 (8),
2240 5011 2347 5051 non

778 5092 1005 5153 cogatur
1058 5100 1087 5138 a
1141 5094 1293 5154 patre
1329 5100 1431 5139 suo
1475 5086 2084 5158 contraherenuptias.
2130 5092 2345 5145 tametsi

2450 4640 2676 4700 αίνεσις.
2725 4638 2786 4690 '0
2836 4632 3179 4698 αὸτεξούσιος
3223 4632 3437 4684 τελείαν
3469 4630 3619 4697 ἄγων
3648 4629 3748 4697 τὴν
3783 4629 4015 4696 ἠλικίαν,

2451 4732 2545 4783 καὶ
2586 4729 2755 4798 χωρὶς
2791 4726 2889 4791 τῆς
2916 4723 3009 4777 τοῦ
3041 4723 3249 4792 πατρὸς
3292 4720 3654 4782 συναινέσεως
3704 4722 3901 4788 γαμεῖ.
3946 4717 4019 4767 Τὰ

2453 4821 2621 4891 πένθη
2674 4818 2783 4872 τῶν
2839 4817 3132 4879 ἀνιόντων,
3166 4814 3265 4868 οὐκ
3308 4812 3589 4882 ἐμποδίζει
3636 4813 3764 4871 τοὺς
3812 4811 4016 4877 γάμους

2451 4912 2559 4965 τῶν
2603 4908 2939 4962 πενθούντων
2967 4906 3293 4974 προσώπων.
3341 4904 3431 4955 Ἐν
3468 4900 3791 4972 σωιρροτύνῃ
3824 4900 4016 4965 διάγων

2461 5003 2535 5073 μὴ
2565 4998 2956 5068 ἀναγκαζέσθω
2990 4996 3126 5065 πρὸς
3154 4995 3332 5064 γάμον
3366 4993 3543 5046 ἐλθεῖν
3570 4995 3721 5059 παρα
3753 4990 3853 5042 τοῦ
3896 4990 4015 5041 tam

2457 5093 2698 5163 πατρὸς,
2741 5088 2844 5142 κᾶν
2884 5086 3203 5151 ὑπεξούσιος
3334 5082 3540 5153 Μηδεὶς
3589 5078 3874 5151 μυστικῶς
3904 5093 4015 5129 στε-

2090 5197 2323 5256 VARI/8
2361 5201 2754 5259 LECTIONES.

888 5283 930 5313 ¹⁸
965 5283 1184 5346 διετίας.

2282 5374 2508 5433 NOTAE.

851 5467 928 5533 (I)
954 5464 1175 5519 Novella
1207 5464 1259 5516 5.

862 5538 956 5603 (Γ)
984 5536 1062 5587 ΑΙ.
1100 5534 1383 5603 biennium.

852 5600 932 5671 (r2)
960 5604 1179 5657 Novi-lla
1221 5600 1428 5671 .ittstin.
1476 5601 1595 5660 l23.
1624 5617 1674 5655 c.
1715 5603 1798 5654 Η.

861 5669 937 5739 (δ’)
971 5676 1007 5727 l.
1046 5675 1091 5726 1.
1125 5674 1183 5724 D.
1220 5670 1286 5723 De
1307 5673 1399 5723 rit.
1457 5680 1602 5738 nupt.
1649 5681 1697 5723 et
1740 5672 1767 5739 ξ
1829 5670 1851 5722 1
1893 5669 2064 5722 Instlt.
2091 5670 2162 5723 De
2211 5680 2349 5739 part.

779 5754 975 5803 noscat.

781 5808 789 5821 ’
854 5818 927 5881 id)
965 5811 1194 5884 §lnstit.
1231 5808 1301 5862 De
1331 5819 1480 5878 nupt.

2528 5470 2602 5531 (5)
2642 5469 2678 5521 I.
2709 5469 2762 5522 2.
2792 5470 2852 5521 ὓ.
2882 5467 2956 5522 De
2978 5470 3069 5522 rit.
3098 5479 3244 5536 nupt.

2529 5540 2605 5603 (6)
2643 5540 2675 5592 Ι.
2705 5539 2794 5592 50.
2823 5538 2883 5591 D.
2918 5538 2995 5591 De
3025 5541 3263 5605 reg.jur.

2525 5609 2601 5676 (7)
2637 5610 2670 5660 l.
2698 5608 2789 5661 25.
2833 5608 2895 5659 D.
2931 5608 3005 5661 De
3036 5610 3124 5659 rit.
3149 5604 3307 5675 πυρί.
3360 5616 3411 5661 et
3445 5609 3480 5659 ι.
3518 5605 3617 5675 τις
3668 5604 3728 5658 Si
3761 5606 4001 5669 entmtrip.

2456 5675 2516 5730 D.
2565 5678 2637 5729 De
2666 5677 2785 5731 bon.
2810 5693 2949 5743 pass.
2982 5690 3119 5729 cont.
3152 5679 3258 5731 tab.

2525 5748 2601 5813 (8)
2637 5749 2671 5799 I.
2700 5749 2783 5810 11,
2814 5749 2871 5801 ιιι
2909 5748 3084 5815 princ.
3114 5746 3262 5801 D.De
3296 5748 3373 5799 his
3406 5748 3497 5815 qui
3518 5757 3627 5798 not.
3655 5747 3845 5813 infant.
