4198 6444
770 419 919 490 1255

2072 416 2210 475 JUS
2242 370 2617 479 CANONICU
2635 419 2688 477 Μ

3897 423 4032 485 1256

770 528 920 585 diuis
952 525 1155 591 cessio,
1189 524 1377 597 quoin
1405 522 1599 580 ordine
1626 530 1751 577 ante
1783 530 2095 578 contractas
2123 526 2344 593 nuptias
2385 528 2883 596 conspiciebantur.
2963 527 3041 582 Ad
3094 528 3312 584 habitus
3364 540 3545 584 autem
3597 528 3894 591 clericalis.
3976 534 4031 584 et

769 618 998 688 reliquae
1053 618 1352 675 functionis
1400 616 1455 671 in
1507 614 1769 671 Ecclesiis
1820 615 2202 685 privationem,
2248 630 2359 671 non
2398 621 2623 673 omnino
2662 618 3123 687 condemnentur,

770 711 857 767 fas
899 712 1085 767 fuerit.

894 826 972 880 De
996 826 1149 881 faicis
1181 825 1253 879 ad
1282 824 1542 879 secundas
1575 828 1787 895 nuptias
1823 827 2237 882 transeuntibus.

841 939 1134 993 Enimvero
1156 937 1378 993 divinus
1401 939 1490 993 ille
1508 939 1802 1008 Apostolus
1814 938 1992 994 viduis
2009 937 2337 1009 junioribus

771 1037 829 1081 ut
882 1030 1087 1081 alteras
1122 1028 1188 1081 ad
1223 1027 1445 1096 nuptias
1476 1032 1776 1091 transeant,
1826 1025 2099 1096 siquidem
2150 1029 2224 1081 ita
2254 1045 2349 1083 ve-

770 1119 890 1179 lint,
958 1117 1248 1185 permisit:
1291 1131 1475 1169 earum
1508 1122 1719 1170 natura:
1752 1116 2122 1172 lubricitatem
2181 1119 2345 1174 inte!-

767 1207 967 1277 iigens.
1018 1206 1193 1260 Divini
1224 1220 1353 1260 vero
1387 1204 1577 1261 Patres
1625 1208 1787 1261 etiam
1820 1208 1989 1271 viros,
2020 1209 2113 1278 qui
2143 1225 2343 1265 secun-

768 1300 865 1351 das
887 1297 1107 1366 nuptias
1137 1297 1421 1364 eligerent,
1447 1296 1673 1350 minime
1704 1298 1964 1367 putabant
1995 1298 2342 1364 inhibendos,

770 1388 1218 1458 quandoquidem
1289 1388 1536 1443 libidinis
1603 1389 1843 1443 carnalis
1902 1390 2161 1458 impetum
2235 1405 2345 1444 non

768 1481 1116 1550 ignorabant.
1164 1479 1280 1534 Non
1314 1489 1495 1535 tamen
1527 1481 1630 1534 hoc
1687 1481 1909 1549 impune
1956 1481 2071 1534 fieri
2122 1481 2346 1549 permit-

768 1574 977 1627 tebant.
1028 1571 1239 1641 Quippe
1293 1572 1455 1640 primi
1507 1574 1737 1625 canonis
1792 1570 1984 1640 synodi
2024 1569 2346 1624 Laodicenat

768 1663 881 1716 lucc
930 1663 1094 1715 verba
1125 1671 1293 1717 sunt:
1332 1662 1435 1727 Qui
1461 1662 1697 1729 legitime
1730 1660 2000 1716 secundas
2032 1662 2096 1714 ad
2125 1662 2345 1729 nuptias

768 1754 1126 1813 transierunt,
1155 1753 1245 1805 tibi
1289 1768 1381 1818 per
1408 1753 1662 1822 exiguum
1701 1752 1969 1821 temporis
2004 1751 2346 1820 spatiumin-

770 1844 1109 1906 terei-sseril,
1168 1857 1232 1896 ac
1302 1844 1556 1910 precibus
1621 1851 1674 1896 et
1727 1843 1953 1911 jejuniis
2009 1844 2342 1906 vacaverint,

768 1931 1157 1982 communione
1189 1945 1281 1999 per
1299 1929 1701 1999 indulgentiam
1737 1933 2007 1987 fruantur.
2037 1931 2132 1985 Sin
2169 1933 2341 2001 prius,

768 2034 931 2089 quam
971 2021 1243 2087 legitimas
1300 2023 1690 2075 contraherent
1724 2022 1959 2090 nuptias,
2001 2023 2344 2079 clandestino

771 2111 1064 2165 concubitu
1097 2111 1349 2171 coierint,
1398 2112 1561 2165 etiam
1595 2113 1893 2180 puniantur
1919 2126 2018 2167 ceu
2053 2116 2344 2171 scortatio-

3207 629 3480 689 quatenus
3523 628 3580 673 ut
3645 634 3768 675 eam
3812 618 4010 674 obeant

2888 828 3028 896 Περὶ
3056 825 3317 895 διγάμων
3340 824 3589 879 λατκὼν.

2537 939 2674 993 Ἀλλ’
2705 942 2733 993 ὁ
2771 940 2873 1008 μὲν
2902 938 3041 1000 θεῖος
3084 936 3405 1000 ’Δπόστολος
3436 937 3535 999 τὰς
3563 936 3837 1005 νεωτέρας
3863 939 4033 1006 χήρας

2450 1029 2649 1099 γάμοις
2681 1024 2837 1090 αὖθις
2897 1027 3277 1097 προσομιλεῖν,
3332 1027 3379 1079 εί
3423 1024 3721 1095 βούλοιντο,
3790 1026 4033 1094 συνεχὼ-

2454 1133 2619 1187 ρησεν
2657 1131 2671 1145 ’
2727 1115 2787 1168 τὸ
2834 1114 3112 1169 εὖόλισθον
3141 1114 3243 1184 τῆς
3272 1114 3488 1183 φύσεως
3540 1115 3916 1183 ὑπειδόμενος.
3970 1115 4031 1166 ΟΞ

2447 1208 2503 1262 δὲ
2542 1208 2677 1261 θεῖοι
2705 1207 2950 1278 Πατέρες
2983 1208 3078 1260 καὶ
3106 1205 3217 1259 τῶν
3249 1205 3456 1274 ἀνδρῶν
3478 1207 3605 1268 τοὺς
3652 1205 3911 1275 διγαμεῖν
3944 1208 4031 1259 αξ-

2451 1300 2771 1371 ρουμένους,
2804 1297 2977 1368 ᾤοντο
2997 1297 3109 1350 δεῖν
3142 1297 3203 1349 οὒ
3232 1296 3308 1367 μὴ
3338 1294 3589 1359 κωλύειν,
3628 1294 3724 1348 τοῦ
3763 1294 4031 1365 σαρκικοῦ

2450 1389 2794 1459 φρονήματος
2844 1388 2919 1457 μὴ
2971 1385 3294 1453 ἀγνοοῦντες
3346 1386 3445 1455 τὴν
3501 1385 3898 1439 ἐπανάστασιν.
3955 1386 4030 1439 Οὐ

2450 1480 2557 1550 μὴν
2582 1480 2993 1549 ἁνεπιτιμήτως
3029 1477 3219 1531 εῐασαν
3258 1476 3424 1546 ἔχειν.
3456 1478 3595 1546 Φησὶ
3631 1478 3741 1547 γὰρ
3762 1479 3790 1530 ὁ
3816 1476 4033 1547 πρῶτος

2450 1570 2547 1638 τῆς
2575 1570 2632 1620 ὲν
2666 1567 2958 1638 Λαοδικείᾳ
2984 1565 3203 1619 συνόδου
3247 1562 3426 1618 κανών
3457 1580 3471 1595 ο
3505 1564 3569 1616 Οἱ
3623 1562 3880 1632 νομίμως
3911 1562 4030 1614 δευ-

2446 1662 2627 1729 τέροις
2646 1661 3005 1731 ὁμιλήσαντες
3035 1660 3260 1730 γάμοις,
3298 1657 3481 1726 όλίγου
3502 1656 3570 1709 δι’
3591 1653 4031 1716 ὲττπεὺσαντος¹³

2446 1751 2663 1820 χρόνου,
2710 1751 2804 1802 καὶ
2840 1752 2960 1812 ταῖς
3008 1750 3194 1817 εὐχαῖς
3230 1748 3323 1799 καὶ
3354 1748 3473 1808 ταῖς
3528 1744 3803 1813 νηστείαις
3841 1742 4031 1813 σχολα-

2453 1859 2668 1906 σαντες,
2722 1842 2820 1912 τῆς
2852 1841 3137 1903 κοινωνίας
3191 1839 3332 1893 κατὰ
3382 1840 3720 1910 συγγνώμην
3755 1838 4032 1891 ἀπολαυέ-

2450 1936 2682 1989 σθωσαν.
2711 1935 2774 1989 Εἰ
2797 1934 2855 1988 δὲ
2879 1934 3007 2004 πρὶν
3030 1936 3099 1987 τὰ
3126 1932 3221 1986 τοῦ
3242 1934 3473 2004 νομίμου
3505 1934 3684 2001 γάμου
3706 1931 4033 1985 τελέσασθαι

2448 2025 2687 2096 λαθραία
2740 2024 2882 2094 μίξει
2952 2024 3235 2093 συνῆλθον,
3297 2026 3389 2078 καὶ
3453 2025 3528 2087 ὡς
3588 2022 4034 2098 πεπορνευκότες

2447 2114 2910 2186 ἐπιτιμᾶσθωσανη
2951 2114 3009 2168 Ὀ
3025 2115 3077 2167 δὲ
3107 2116 3278 2184 μέγας
3298 2112 3575 2175 Βασίλειος
3597 2115 3653 2167 ἐν
3686 2112 3766 2182 τῷ
3783 2111 4033 2181 τετάρτῳ

770 2202 857 2254 nis
888 2202 987 2255 rei.
1042 2204 1267 2268 Magnus
1297 2210 1477 2255 autem
1514 2202 1603 2256 ille
1634 2201 1873 2257 Basilius
1923 2204 1976 2257 in
2023 2214 2223 2274 quarto
2253 2221 2345 2260 ca-

2455 2209 2622 2261 αὑτοῦ
2676 2208 2885 2270 κανόνι,
2921 2207 2983 2259 Oi
3021 2207 3139 2275 μὲν,
3182 2206 3367 2274 φησιν,
3425 2205 3510 2256 ἐπ’
3544 2205 3792 2259 ενιαυτδν
3825 2204 3944 2268 ἕνα,
3980 2204 4031 2253 οἱ

769 2304 913 2343 ncne
964 2305 1065 2343 SIIO
1124 2307 1136 2342 Ζ

770 2380 991 2450 quidam
1024 2380 1089 2433 ad
1129 2381 1267 2434 duos
1314 2388 1502 2434 arcent
1554 2397 1678 2435 eum
1739 2398 1769 2436 a
1824 2386 2214 2443 communione
2251 2403 2331 2443 sa-

769 2487 882 2538 cra,
918 2472 1010 2543 qui
1042 2474 1314 2527 secundas
1362 2475 1580 2541 nuptias
1610 2476 1905 2533 contrahit.
1938 2477 2105 2543 Idem,
2136 2494 2346 2536 canone

768 2577 856 2615 ιιι
890 2581 902 2615 :
948 2561 1144 2627 Vidua,
1187 2562 1383 2632 inquit,
1422 2564 1468 2619 si
1510 2566 1773 2635 proximis
1798 2569 2114 2635 parentibus
2136 2580 2342 2636 careat,

769 2655 933 2706 etiam
970 2652 1035 2705 ad
1075 2653 1345 2709 secundas
1374 2656 1644 2710 arbitratu
1671 2670 1772 2712 suo
1804 2660 2021 2728 nuptias
2054 2664 2345 2720 convolare

772 2759 877 2799 nou
910 2745 1248 2813 prohibetur.
1301 2745 1434 2800 Nam
1493 2749 1739 2817 Apostoli
1777 2752 1938 2807 verba
1973 2760 2103 2808 sunt
2139 2755 2234 2809 :Si
2264 2758 2346 2810 vir

770 2845 1023 2892 mortuus
1082 2835 1265 2901 fuerit,
1297 2836 1469 2892 libera
1501 2846 1620 2901 est,
1647 2848 1707 2893 ut
1745 2841 1795 2895 ei
1861 2842 2049 2909 nubat,
2080 2844 2167 2898 cui
2204 2848 2339 2900 vult.

769 2922 1033 2978 Parentes
1096 2935 1277 2979 autem
1329 2925 1461 2991 vivi,
1537 2941 1771 2996 quorum
1825 2938 1909 2984 est
1950 2932 2005 2984 in
2055 2940 2341 3001 potestate,

770 3013 817 3068 si
875 3029 982 3067 non
1036 3015 1437 3081 consenserint,
1520 3018 1834 3086 nuptiarum
1898 3022 2341 3089 coniunctionem

771 3102 1030 3157 dirimere
1060 3112 1312 3173 possunt.
1343 3105 1553 3175 Quippe
1576 3107 1659 3161 lex
1683 3109 1886 3179 ait(|‘2)
1924 3128 1937 3168 :
1988 3110 2340 3183 Emancipata

774 3195 952 3247 minor
992 3198 1149 3247 annis
1182 3211 1285 3249 xxv
1311 3237 1326 3259 ,
1371 3199 1642 3253 secundas
1673 3199 1738 3253 ad
1769 3203 1988 3269 nuptias
2020 3207 2338 3273 transitura,

773 3284 839 3338 de
870 3285 1039 3353 patris
1091 3287 1360 3342 sententia
1394 3290 1580 3342 nubat.
1634 3288 1826 3345 Mulier
1856 3293 2015 3347 vidua
2049 3296 2181 3364 (12⁸)
2204 3306 2339 3351 tem-

772 3389 872 3442 pus
904 3376 1082 3429 luctus
1105 3386 1427 3446 exspectare
1452 3382 1683 3450 cogitur,
1714 3391 1931 3449 propter
1963 3385 2335 3440 confusionem

770 3465 1016 3531 seminis,
1057 3466 1205 3535 quod
1234 3468 1286 3520 in
1333 3469 1454 3523 viro
1484 3470 1660 3524 locum
1694 3486 1804 3525 non
1844 3473 2026 3528 habet.
2058 3474 2191 3540 Qum
2214 3492 2338 3531 vero

770 3556 1019 3625 nupserit
1073 3566 1199 3611 ante
1266 3572 1428 3623 quam
1499 3562 1806 3629 completus
1864 3562 2026 3617 fuerit
2084 3580 2257 3621 annus
2311 3583 2343 3623 a

774 3657 945 3701 morte
968 3648 1174 3711 mariti,
1208 3657 1262 3702 et
1298 3648 1518 3705 infamia
1536 3661 1777 3717 notatur,
1812 3668 1911 3708 nec
1944 3659 2088 3710 ultra
2129 3659 2343 3713 tertiam

772 3736 1095 3791 facultatum
1129 3755 1353 3793 suarum
1393 3751 1601 3811 partem
1658 3743 1812 3797 alteri
1864 3746 2062 3802 marito
2140 3748 2345 3805 donare

770 3837 968 3897 potest,
1000 3831 1082 3883 vel
1119 3830 1173 3885 in
1222 3840 1548 3888 testamento
1604 3835 1931 3904 relinquere,
1967 3852 2089 3892 cum
2144 3841 2344 3898 liberos

770 3919 981 3972 scilicet
1037 3922 1221 3975 nullos
1268 3921 1427 3975 habet
1471 3938 1484 3973 :
1524 3938 1623 3977 nec
1648 3923 1766 3992 ipsa
1802 3926 2096 3995 quidquam
2123 3928 2345 3985 habebit

1197 2290 1452 2354 Quidam,
1510 2291 1705 2359 inquit,
1764 2291 1831 2344 ad
1887 2306 2089 2346 annum
2154 2309 2343 2357 unum,

772 4020 837 4059 ex
866 4008 1199 4073 haereditate,
1235 4010 1317 4063 vel
1346 4010 1542 4080 legato,
1579 4013 1663 4067 vel
1721 4016 1915 4069 mortis
1976 4032 2142 4072 causa
2179 4020 2347 4075 dona.

771 4102 953 4148 tione:
982 4096 1076 4149 sed
1114 4098 1388 4166 accipiunt
1418 4100 1532 4153 hanc
1565 4100 1711 4155 illius
1757 4101 1873 4155 haec
1931 4105 2191 4170 heredes,
2252 4112 2344 4178 qui

773 4198 835 4236 ea
890 4186 1131 4254 reliquit.
1168 4184 1222 4240 Si
1255 4188 1387 4257 quid
1423 4192 1583 4244 etiam
1648 4193 1867 4261 reliquit
1914 4196 1961 4251 ei
1999 4200 2148 4266 prior
2177 4203 2343 4256 mari-

776 4282 885 4338 tus,
916 4292 1102 4331 secum
1139 4281 1340 4348 gradus
1389 4281 1575 4334 decem
1642 4298 1891 4352 persona:
1946 4290 2187 4358 capiunt,
2242 4294 2345 4350 hoc

770 4376 879 4430 est,
912 4370 1272 4425 ascendentes
1299 4381 1352 4425 et
1418 4371 1833 4440 descendentes,
1885 4389 1937 4433 et
1966 4384 2056 4448 qui
2110 4392 2238 4437 sunt
2278 4400 2342 4439 ex

771 4466 1105 4525 transverso,
1142 4476 1314 4531 usque
1368 4462 1433 4515 ad
1470 4464 1771 4519 secundum
1822 4469 2073 4537 gradum.
2122 4474 2204 4527 Ab
2260 4475 2344 4528 in-

770 4552 965 4602 testato
998 4559 1201 4611 autem,
1245 4552 1485 4608 haeredes
1514 4564 1869 4625 cognatorum
1900 4559 2139 4630 ipsorum
2168 4580 2344 4635 usque

772 4636 838 4689 ad
878 4640 1093 4693 tertium
1146 4641 1413 4696 duntaxat
1458 4646 1706 4712 gradum.
1749 4648 1891 4713 Quin
1967 4652 2131 4707 etiam
2195 4657 2342 4710 Omni

772 4728 1039 4797 dignitate
1096 4732 1366 4801 privatur,
1394 4743 1447 4787 et
1484 4734 1571 4798 iis,
1620 4753 1741 4805 qua:
1783 4754 1812 4792 a
1858 4744 2053 4795 marito
2076 4745 2241 4812 priori
2275 4749 2341 4802 ad

2445 2298 2490 2350 δ’
2523 2298 2615 2349 ἐπὶ
2662 2296 2756 2349 δύο
2808 2298 2908 2364 τῆς
2950 2295 3101 2366 ἱερᾶς
3151 2296 3395 2366 εἴργουσι
3427 2294 3714 2356 κοινωνίας
3743 2292 3837 2346 τὸν
3877 2292 4037 2359 διγα-

2450 2389 2676 2457 μοῦντα.
2720 2390 2810 2441 Ἐν
2849 2387 2903 2440 δὲ
2942 2386 3020 2456 τῷ
3048 2394 3155 2455 μα’,
3196 2386 3260 2438 Ἦ
3290 2387 3457 2456 χήρα,
3484 2384 3673 2453 φησὶν,
3704 2385 3754 2435 εί
3796 2385 3898 2435 καὶ
3920 2382 4033 2433 τῶν

2446 2478 2730 2548 προσεχῶν
2762 2478 2963 2545 γονέων
2999 2477 3303 2546 ἀφῄρηται,
3327 2475 3421 2527 καὶ
3450 2477 3530 2538 είς
3560 2474 3815 2543 δεύτερον
3852 2471 4032 2524 ἑλθεῖν

2448 2568 2790 2638 αὐθαιρέτως
2832 2566 2892 2619 οὐ
2922 2566 3227 2620 κεκώλυται
3262 2566 3615 2619 συνοικίσιον.
3648 2564 3786 2632 Φησὶ
3843 2566 3956 2633 γὰρ
4004 2564 4033 2614 ὁ

2446 2658 2786 2720 Ἀπόστολος’
2827 2658 2954 2710 Ἐὰν
2983 2658 3040 2709 δὲ
3071 2657 3317 2727 ἀποθάνῃ
3348 2657 3377 2709 ὁ
3402 2656 3564 2726 ἀνὴρ,
3588 2655 3853 2721 ἐλευθέρα
3886 2656 4029 2715 εστὶ,

2445 2745 2489 2818 ᾧ
2520 2750 2690 2815 θέλει,
2724 2749 3060 2820 γαμηθῆναι.
3116 2748 3327 2811 Ζῶντες
3360 2749 3417 2801 δὲ
3461 2749 3511 2799 οἱ
3558 2748 3757 2814 γονεῖς,
3802 2740 3881 2799 ὧν
3920 2746 4032 2797 ὕπ-

2446 2841 2687 2907 εξούσιος
2710 2840 2843 2896 οὖσα
2876 2843 3157 2911 τυγχάνει,
3194 2842 3286 2894 καὶ
3320 2840 3395 2910 μὴ
3441 2840 3876 2904 συναινέσαντες,
3905 2838 4030 2891 δια-

2449 2935 2656 2985 σπᾶσαι
2685 2931 2933 2985 δύνανται
2957 2932 3051 3001 τὴν
3078 2931 3171 2983 τοῦ
3202 2931 3381 2999 γάμου
3404 2932 3717 2997 συνάψειαν.
3754 2931 3897 2998 Φησὶ
3916 2930 4031 2997 γὰρ

2446 3024 2473 3071 ὁ
2496 3025 2659 3092 νόμος
2683 3039 2697 3053 ⁸
2750 3024 2815 3076 Ἠ
2846 3024 3079 3077 ἐλάττων
3109 3023 3218 3076 τῶν
3250 3019 3329 3075 κε’
3379 3023 3640 3075 ἐνιαυτῶν
3695 3022 4027 3088 αὖτεξουσία

2450 3116 2722 3185 μέλλουσα
2768 3115 3210 3186 δει›ζτρογαμεῖν,
3267 3112 3460 3183 γνώμῃ
3508 3112 3601 3165 τοῦ
3648 3113 3857 3182 πατρὸς
3919 3129 4029 3177 γα·

2451 3206 2677 3276 μεὶσθω.
2719 3207 2783 3258 Ἥ
2814 3209 2960 3276 χήρα
2987 3208 3123 3273 γυνὴ
3155 3203 3525 3272 ἀνεγκάζεται
3568 3206 3753 3271 μεῖναι
3783 3205 3875 3255 τὸν
3900 3204 4034 3254 πέν-

2450 3299 2610 3368 θιμον
2642 3298 2837 3367 χρόνον
2860 3297 2950 3349 διὰ
2980 3295 3079 3365 τὴν
3104 3298 3366 3363 σύγχυσιν
3397 3296 3497 3363 τῆς
3536 3296 3723 3362 γονῆς,
3761 3296 3902 3363 ὅπερ
3932 3296 4032 3346 ἐπὶ

2450 3390 2544 3442 τοῦ
2587 3388 2778 3459 ἀνδρὸς
2822 3388 2921 3439 οὐκ
2960 3385 3095 3439 ἔστι.
3145 3386 3459 3453 Γαμηθεῖσα
3497 3385 3553 3435 δὲ
3589 3384 3753 3452 πρινὴ
3803 3386 4032 3453 πληρω-

2452 3482 2611 3550 θῆναι
2648 3480 2739 3531 τὸν
2773 3479 2911 3548 μετὰ
2956 3476 3185 3529 θάνατον
3230 3474 3324 3527 τοῦ
3358 3474 3550 3544 ἀνδρὸς
3598 3475 3868 3534 ἐνιαυτὸν,
3908 3476 4032 3526 ἀτιο

2451 3568 2667 3639 μοῠται,
2704 3567 2796 3620 καὶ
2828 3566 2889 3618 οὐ
2920 3565 3142 3617 δύναται
3172 3564 3333 3616 πλέον
3372 3563 3466 3616 τοῦ
3501 3566 3685 3633 τρίτου
3707 3567 3806 3632 τῆς
3838 3564 4034 3625 οὐσίας

2444 3661 2613 3731 αὐτῆς
2637 3659 2836 3712 διδόναι
2867 3656 2943 3725 τῷ
2970 3656 3209 3725 δευτέρῳ
3237 3654 3416 3723 ἀνδρὶ,
3440 3653 3473 3723 ἢ
3505 3658 3563 3707 ἐν
3589 3654 3827 3724 διαθήκῃ
3856 3670 4034 3706 κατα-

2444 3754 2644 3819 λιπεῖν,
2675 3753 2763 3805 ὄτε
2804 3750 3000 3813 παῖδας
3030 3749 3231 3818 δηλαδὴ
3255 3749 3356 3801 οὐκ
3386 3748 3520 3817 εχει.
3558 3748 3653 3800 καὶ
3699 3749 3843 3816 αὐτὴ
3876 3747 4035 3799 οῦδὲν

2444 3846 2557 3913 {Est
2582 3843 2688 3898 ἀπὸ
2722 3842 3105 3912 κληρονομίας,
3147 3840 3180 3910 ἦ
3210 3840 3471 3908 ληγάτου,
3508 3839 3541 3907 ἢ
3566 3841 3771 3907 μόρτις
3802 3840 4033 3901 καύσει,

2446 3936 2615 4007 ἤγουν
2642 3932 3013 3986 ὲπιτελευτίου
3028 3931 3237 4000 δωρεᾶς
3263 3946 3276 3960 ο
3298 3930 3434 3983 ἀλλὰ
3454 3931 3626 3981 ταῦτα
3654 3929 4033 3997 λαμϐάνουσιν

2445 4027 2494 4079 οι
2527 4024 2853 4095 κληρονόμοι
2880 4022 2973 4075 τοῦ
2999 4022 3408 4084 καταλιπόντος.
3436 4020 3545 4074 Καὶ
3576 4020 3700 4073 εἴτι
3728 4022 4033 4073 κατέλιπεν

2446 4118 2584 4188 αὐτῇ
2611 4120 2638 4169 ό
2673 4115 2888 4185 πρῶτος
2924 4114 3085 4184 ἀνὴρ,
3136 4112 3473 4184 λαμϐάνουσι
3520 4115 3660 4165 κατὰ
3696 4111 3915 4181 βαθμὸν
3964 4114 4031 4165 τὰ

2442 4208 2577 4262 δέκα
2608 4206 2898 4277 πρόσωπα,
2949 4204 3255 4268 τουτέστιν,
3291 4204 3536 4266 ἀνιόντες
3586 4203 3683 4255 καὶ
3719 4205 4029 4265 κατιόντες,

2446 4300 2540 4353 καὶ
2574 4300 2637 4351 ὲκ
2673 4298 2904 4365 πλαγίου
2941 4297 3103 4366 μέχρι
3146 4297 3401 4366 δευτέρου
3453 4294 3687 4364 βαθμοῦ.
3730 4295 3823 4360 Ἐξ
3868 4296 4030 4347 ἁδιαο

2446 4390 2602 4443 θέτου
2635 4390 2711 4454 δὲ,
2749 4388 3075 4458 κληρονόμοι
3130 4387 3241 4439 τῶν
3284 4387 3563 4454 συγγενῶν
3622 4387 3807 4439 αὐτῶν
3864 4389 4031 4457 μέχρι

2444 4478 2627 4547 τρίτου
2653 4476 2815 4547 μόνου
2852 4476 3084 4546 βαθμοῦ.
3120 4478 3282 4529 Ἀλλὰ
3313 4481 3407 4529 καὶ
3466 4477 3645 4543 πάσης
3705 4476 3867 4540 ἀξίας
3906 4495 4030 4530 στε-

2446 4570 2643 4639 ρεῖται,
2668 4568 2763 4620 καὶ
2802 4568 2911 4620 τῶν
2943 4568 3047 4620 ὑπὸ
3077 4566 3171 4620 τοῦ
3200 4568 3244 4597 ’⁸
3277 4566 3495 4638 πρώτου
3520 4567 3709 4637 ἀνδρὸς
3742 4571 3825 4631 εἰς
3857 4570 4031 4638 αὐτὴν

2444 4659 2705 4712 ἐλθόντων
2745 4661 3017 4729 προφάσει
3043 4660 3355 4729 μνήστρων,
3388 4659 3588 4729 ἢκατα
3625 4658 3888 4728 βούλησιν
3929 4661 4028 4715 τοῦ

2446 4750 2895 4820 τελευτήσαντος.
2934 4751 3091 4804 Κατά
3122 4748 3377 4801 κέλευσιν
3406 4750 3463 4802 δὲ
3498 4749 3765 4817 βασιλέως
3796 4750 4029 4805 δύναται

773 4834 893 4873 eam
928 4833 1291 4889 pervenerunt
1331 4839 1398 4878 ex
1428 4840 1595 4880 causa
1620 4831 1983 4897 sponsalium.
2020 4837 2106 4890 vel
2132 4852 2337 4893 secun—

2447 4842 2580 4911 γυνὴ
2616 4842 2673 4893 ιν
2700 4840 2778 4911 τῷ
2808 4840 3057 4910 πενθίμῳ
3085 4840 3261 4909 χρόνῳ
3291 4839 3543 4910 δεύτερον
3571 4842 3811 4910 νυμφίον
3852 4843 4025 4911 ἑαυτῇ

771 4909 900 4962 dmn
954 4914 1287 4968 voluntatem
1319 4914 1615 4972 defunctis.
1665 4918 1935 4990 Principis
1963 4934 2147 4979 autem
2175 4928 2336 4996 jussu

771 5008 948 5067 potest
975 5002 1165 5056 mulier
1223 5005 1363 5057 intra
1440 5016 1653 5076 tempus
1717 5009 1899 5067 luctus
1946 5014 2177 5071 alterum
2233 5019 2337 5074 sibi

770 5107 1029 5182 sponsum
1057 5096 1333 5152 inducere.
1357 5099 1487 5163 Qua:
1511 5110 1723 5168 partum
1755 5105 1923 5160 edidit
1954 5110 2094 5164 intra
2117 5121 2331 5182 tempus

771 5181 949 5235 luctus
984 5184 1115 5251 (l3),
1159 5186 1344 5239 statim
1405 5198 1631 5257 nuptum
1686 5206 1743 5245 se
1778 5194 2048 5252 collocare
2100 5181 2276 5269 potest
2314 5221 2325 5254 :

2446 4933 2783 4999 ιπεισαγειν.
2830 4932 2896 4983 Ἦ
2940 4931 2997 4983 δὲ
3034 4930 3271 4985 τεκοῦσα
3296 4933 3353 4985 δν
3382 4932 3460 5000 τῷ
3496 4933 3751 5002 πενθίμῳ
3819 4936 4024 5004 χρόνῳ,

2444 5026 2787 5093 παραχρῆμα
2816 5023 3041 5076 δύναται
3064 5023 3403 5092 γαμηθῆναι.
3431 5024 3621 5087 Οὐδεὶς
3649 5024 3881 5079 δύναται
3920 5028 4026 5080 ὑπὸ

2441 5116 2540 5185 τὴν
2575 5116 2851 5170 πολιτείαν
2904 5115 2980 5168 ὢν
3014 5116 3124 5169 τῶν
3193 5116 3480 5185 Ῥωμαίων
3534 5117 3629 5171 δύο
3659 5122 3919 5187 γαμετὰς
3964 5124 4022 5173 ἐν

2438 5207 2621 5275 ταυτῷ
2652 5206 2812 5275 ἔχειν.
2858 5206 2914 5259 '0
2956 5206 3050 5259 δύο
3088 5209 3333 5275 γαμετὰς
3388 5209 3445 5259 εν
3506 5209 3691 5276 ταυτῷ
3722 5210 3881 5279 ιχων,
3925 5228 4023 5264 τυ·

2018 5332 2245 5390 VARIAS
2279 5338 2681 5396 LECTIONES.

840 5402 884 5433 ³³
909 5403 1346 5470 ὁιῖππεύσαντος.
1425 5410 1468 5440 ’⁸
1499 5410 1606 5466 ἀπὸ
1637 5412 1754 5470 τοῦ.

2277 5536 2507 5599 NOTAE.

837 5638 947 5714 (12)
978 5640 1123 5714 1718.
1154 5644 1212 5714 (ἶ,
1247 5645 1316 5697 De
1343 5658 1492 5714 nupt.

1086 5715 1163 5765 Ii.
1195 5713 1249 5765 υ.
1282 5715 1350 5767 De
1386 5710 1465 5771 Ιιίε
1492 5720 1579 5785 qui
1604 5727 1711 5775 not.
1751 5721 1935 5790 tufam.
1970 5722 2195 5781 Novella
2230 5728 2320 5795 22,

2513 5665 2625 5742 (15)
2674 5667 2710 5719 Ι.
2776 5668 2853 5720 ll.
2907 5676 2930 5735 ᾗ
2991 5669 3328 5731 Poittpouiux.
3378 5676 3438 5733 1).
3498 5678 3575 5731 De
3620 5682 3701 5733 his
3758 5685 3848 5749 qui
3900 5698 4013 5739 not.

2434 5737 2620 5799 tufam.
