4198 6444
160 460 298 525 125Ἱ

1445 451 1909 515 θΒᾸΞΟΟ·ΗΟΜ
1919 451 2158 514 ANUM.

3280 444 3416 511 19.53

157 568 400 635 πτέσθω,
456 564 861 636 ὲκδιωκομένης
920 564 1023 633 τῆς
1086 564 1416 617 ἐπεισάκτου
1474 564 1734 629 γυναικὸς

1859 559 2009 615 temo
2039 560 2173 632 (14),
2202 560 2295 629 qui
2352 559 2453 615 sub
2502 558 2871 614 Romanorum
2904 557 3111 613 ditione
3133 559 3226 623 sit,
3258 560 3417 617 binas

156 662 302 730 μετά
364 659 472 712 τῶν
506 657 810 727 τεχθέντων
862 657 919 723 ἐξ
970 656 1139 723 αὐτῆς
1175 655 1405 712 παίδων.
1468 656 1526 709 Ὀ
1563 656 1737 725 μέγας

155 749 439 810 Βασίλειος
487 748 546 799 ἐν
571 746 647 816 τῷ
681 745 722 799 δ’
754 747 958 813 κανόνι,
1008 746 1129 799 Ἐπί
1156 744 1265 799 τῶν
1292 746 1576 818 τριγάμων
1611 761 1735 797 συν-

154 843 372 910 ήϋειαν,
410 840 567 908 φησὶ,
603 837 1000 908 κατελάϐομεν,
1036 839 1361 901 πενταετίας
1384 837 1689 909 άιρορισμόν

154 932 253 985 τοῦ
281 934 462 1003 γάμου
484 932 686 1002 δηλαδὴ
723 932 798 1001 μὴ
827 931 1231 1001 διασπωμένου.
1280 929 1520 983 Καλοῦσι
1561 929 1616 982 δὲ
1649 928 1740 981 τὸν

153 1023 406 1076 τοιοῦτον
437 1024 620 1075 οὐκέτι
654 1024 850 1091 γάμον,
912 1021 1048 1075 ἀλλὰ
1097 1021 1466 1091 πολυγαμίαν.
1523 1021 1741 1075 Μᾶλλον

154 1116 211 1167 δὲ
280 1116 537 1185 πορνείαν
584 1114 1020 1184 κεκολασμένην,
1079 1112 1325 1166 τουτέστι
1364 1114 1439 1183 μὴ
1490 1114 1742 1182 διακεχυ-

160 1207 357 1275 μένην,
382 1205 520 1259 ἀλλὰ
551 1206 1014 1275 συνεσταλμένην,
1040 1205 1134 1257 καὶ
1177 1207 1234 1258 ὲν
1272 1206 1373 1275 μιᾷ
1406 1220 1745 1275 περιγραφο-

159 1300 337 1367 μένην
371 1298 613 1365 γυναικί.
665 1298 755 1350 Διὸ
812 1297 905 1349 καὶ
935 1298 963 1349 6
1010 1296 1215 1366 Κύριος
1264 1298 1332 1366 τῇ
1386 1295 1740 1364 Σαμαρείτιδι

158 1394 322 1444 πέντε
349 1392 548 1462 ἄνδρας
568 1390 927 1461 διαμειψάσῃ.
962 1391 1058 1443 Ὃν
1090 1389 1205 1455 νῦνν
1230 1390 1419 1457 φ’ἱσὶνν
1445 1388 1612 1459 ἔχειςο
1639 1389 1740 1441 οὐκ

156 1484 277 1535 ἐστι
311 1500 405 1535 σου
434 1484 597 1553 ἁνήρ.
651 1482 737 1546 Ὠς
767 1482 868 1535 οὐκ
917 1482 1065 1533 ἔστιν
1097 1480 1251 1546 ἄξιον
1284 1480 1394 1533 τῶν
1437 1481 1743 1548 ὑπερεκπε-

161 1576 367 1627 σόντων
402 1574 495 1626 τοῦ
526 1573 745 1642 μετρίου
777 1573 877 1641 τῆς
909 1571 1190 1642 διγαμίας,
1223 1570 1301 1641 τῷ
1325 1570 1419 1623 τοῦ
1477 1569 1669 1639 ἀνδρὸς
1708 1570 1741 1637 ἢ

157 1667 259 1735 τῆς
294 1666 555 1733 γυναικὸς
598 1664 884 1717 καλεῖσθαι
916 1666 1290 1735 προσρήματι.
1336 1665 1425 1715 Δεῖ
1456 1663 1533 1723 δὲι
1585 1662 1741 1731 φησὶν

162 1759 238 1824 μὴ
279 1756 457 1822 πάντη
479 1756 701 1818 τούτους
758 1756 1049 1825 ἀπείργειν
1096 1758 1194 1826 τῆς
1238 1754 1584 1824 Ἐκκλησίας,
1628 1753 1744 1807 ἀλλ’

160 1850 218 1898 ἐν
250 1850 364 1909 τοῖς
394 1849 581 1910 τόποις
611 1848 793 1916 μόνοις
820 1849 931 1901 τῶν
956 1848 1348 1918 ἀκροωμένων,
1375 1849 1473 1900 καὶ¹
1498 1865 1745 1901 συνιστα-

1844 668 2045 710 uxores
2094 652 2281 708 eodem
2347 660 2590 722 tempore
2635 660 2811 721 potest
2863 653 3082 708 habere.
3143 652 3246 718 Qui
3282 654 3420 711 duas

1843 758 2043 800 uxores
2066 744 2254 800 eodem
2288 744 2450 798 habet
2488 753 2730 813 tempore
2783 745 2916 813 (15),
2969 745 3328 801 verberator:
3364 755 3415 801 et

1846 838 2232 909 superinducta
2276 838 2472 892 mulier
2506 836 2721 906 ejicitor
2756 851 2863 888 una
2912 850 3035 890 cum
3090 841 3234 893 nalis
3264 854 3328 893 ex
3355 855 3418 894 ea

1847 931 2055 986 liberis.
2123 932 2356 1000 Magnus
2392 930 2482 984 ille
2536 929 2770 985 Basilius
2826 928 2879 981 in
2922 938 3117 997 quarto
3150 948 3361 986 canone
3400 950 3414 986 :

1845 1021 2329 1085 Consuetudinem,
2408 1020 2607 1091 inquit,
2674 1022 2727 1076 in
2786 1020 3240 1076 contrahentibus
3310 1030 3424 1076 tera

1848 1111 1956 1164 tias
2031 1111 2253 1180 nuptias
2310 1111 2645 1179 accepimus,
2710 1110 2764 1164 in
2796 1110 3200 1181 quinquiennio
3240 1126 3421 1181 segre-

1848 1210 2045 1271 gentur
2101 1219 2114 1257 :
2160 1203 2232 1257 ita
2267 1212 2471 1267 tamen,
2521 1210 2578 1256 ut
2614 1206 2792 1273 ipsum
2840 1204 3252 1257 matrimonium
3312 1218 3422 1257 non

1848 1296 2163 1351 dirimatur.
2250 1295 2457 1351 Vocant
2538 1304 2720 1350 autem
2818 1296 2917 1350 has
3008 1312 3118 1350 non
3190 1299 3423 1366 amplius

1848 1391 2089 1459 nuptias,
2149 1390 2241 1446 sed
2292 1393 2605 1461 nuptiarum
2650 1390 3042 1458 pluralitatem,
3108 1388 3217 1442 imo
3276 1406 3421 1444 scor-

1848 1482 2110 1535 tationem
2173 1484 2506 1546 coercitam,
2567 1481 2671 1534 hoc
2739 1488 2853 1547 est,
2921 1496 3030 1534 non
3096 1481 3204 1533 late
3260 1480 3424 1533 ditiu-

1848 1587 1989 1636 sam,
2037 1576 2130 1627 sed
2156 1582 2513 1639 contractam,
2583 1581 2637 1628 et
2712 1589 2834 1643 qua:
2905 1573 2957 1626 in
3030 1588 3135 1625 una
3201 1574 3428 1627 muliere

1850 1661 2345 1716 circumscribitur.
2378 1664 2589 1717 ldcirco
2628 1662 2894 1717 Dominus
2927 1661 3090 1716 etiam
3139 1663 3206 1715 ad
3229 1664 3426 1716 mulir-

1850 1766 1965 1805 rem
2025 1752 2170 1806 illam
2255 1754 2683 1819 Samaritanam,
2758 1770 2877 1823 qua:
2946 1755 3091 1809 viros
3163 1755 3424 1824 quinque,

1852 1858 2016 1896 unum
2059 1852 2185 1914 post
2214 1847 2405 1910 alium,
2471 1846 2778 1899 habuerat:
2824 1845 2996 1911 Quem
3032 1861 3179 1900 nunc
3236 1846 3427 1909 habes,

164 1937 347 2004 μένων
402 1936 722 2007 μετρεῖσθαι
762 1937 976 2000 τούτοις
1027 1938 1128 2009 τὴν
1179 1938 1499 2007 καταδίκην,
1536 1940 1595 1991 ού
1636 1940 1743 2008 μὴν

1859 1944 2054 2015 inquit,
2087 1955 2200 1994 non
2234 1939 2329 1993 tibi
2378 1940 2611 1994 maritus
2667 1945 2772 1993 est.
2832 1938 2983 1992 Adeo
3058 1953 3165 1991 non
3210 1954 3425 2007 :equuzn

163 2026 260 2076 καὶ
299 2024 409 2077 τῶν
444 2026 912 2096 προσκλαιόντων.
956 2025 1115 2079 Ἀλλά
1181 2029 1276 2080 καὶ
1310 2024 1465 2091 αὖθις
1489 2032 1546 2083 ὲν
1569 2030 1645 2099 τῷ
1679 2037 1744 2095 ν’,

163 2115 481 2186 Τριγαμίας
510 2117 694 2187 νόμος,
734 2118 919 2187 φησὶν,
954 2118 1055 2172 οὐκ
1089 2118 1258 2179 ἐστιν,
1292 2121 1749 2191 ὲκκλησιαστικδς

159 2207 389 2278 δηλαδή.
421 2209 502 2262 Τά
533 2209 720 2279 μέντοι
752 2210 999 2275 τοιαῦτα,
1048 2206 1138 2264 οἷα
1183 2211 1331 2282 ρύπη
1375 2213 1472 2281 τῆς
1516 2213 1747 2281 Ἐκκλη-

164 2301 291 2361 σίας
320 2301 559 2370 ὁρῶμεν.
586 2301 886 2370 Δημοσίαις
920 2300 976 2353 δὲ
1013 2302 1330 2364 καταδίκαις
1355 2302 1455 2373 οὐχ
1511 2302 1751 2355 ὑποϐάλ-

164 2388 357 2459 λομεν,
386 2388 462 2451 ὡς
491 2389 591 2459 τῆς
619 2390 917 2459 ἀνειμένης
970 2391 1229 2460 πορνείας
1280 2393 1639 2465 αἱρετώτερα.
1673 2395 1749 2447 Οὐ

164 2481 278 2550 γάρ
309 2479 748 2551 καταδικάζομεν
778 2482 877 2553 τὴν
912 2485 1135 2555 πρᾶξιν,
1166 2483 1308 2538 ὥστε
1358 2484 1455 2539 καὶ
1485 2486 1745 2558 διασπᾷνο

164 2578 313 2625 κατα
332 2573 393 2626 δὲ
410 2573 501 2627 τὸν
545 2573 749 2628 αὐτίκα
784 2575 1158 2647 ῥηθησόμενον
1175 2579 1272 2646 τῆς
1294 2578 1541 2642 ἑνώσεως
1563 2579 1749 2650 τόμον,

167 2666 265 2718 καὶ
298 2664 398 2734 τὴν
423 2666 709 2737 διαστολὴν
750 2669 845 2720 καὶ
872 2667 1053 2737 ψῆφον
1078 2668 1268 2733 αὑτοῦ,
1313 2670 1538 2732 τούτους
1605 2671 1755 2740 δεχό-

173 2755 337 2822 μεθα.
380 2754 439 2809 Ὀ
491 2756 549 2809 δὲ
605 2756 704 2825 τῆς
762 2757 1041 2827 θεολογίας
1098 2758 1387 2831 ἐπώνυμος
1422 2762 1517 2814 καὶ
1579 2762 1756 2831 μέγας

168 2849 208 2901 Γ
216 2850 497 2919 ρηγόριος,
532 2848 607 2901 Τὸ
649 2848 887 2919 πρῶτον,
931 2851 1089 2921 φησὶ,
1124 2852 1457 2906 συνοικέσιον
1481 2852 1666 2923 νόμος,
1695 2853 1757 2907 τὸ

169 2939 430 3009 δεύτερον
476 2938 846 3012 συγχώρησις,
892 2942 954 2996 τὸ
986 2943 1173 3014 τρίτον
1215 2946 1555 3016 παρανομία.
1596 2945 1671 2998 Τὸ
1714 2943 1756 2998 δ’

171 3030 319 3102 ὑπὲρ
352 3029 532 3095 τοῦτο,
559 3033 824 3105 χοιρώδης
875 3035 1011 3106 βίος,
1072 3037 1196 3091 οὐδὲ
1245 3036 1416 3091 πολλὰ
1469 3038 1608 3107 ἔχων
1660 3037 1758 3107 τῆς

172 3124 376 3188 κακίας
410 3125 479 3179 τά
504 3127 949 3198 παραδείγματα.
1005 3128 1065 3182 ὐ
1106 3128 1162 3182 δὲ
1212 3129 1315 3199 τῆς
1365 3132 1424 3183 ὲν
1452 3130 1760 3183 Νεοκαισα-

1849 2042 1955 2100 est,
2000 2044 2058 2089 ut
2084 2033 2175 2104 qui
2205 2032 2345 2087 ultra
2404 2029 2838 2084 mediocritatem
2900 2027 3266 2083 secundarum
3324 2044 3430 2081 nu-

1852 2125 2087 2195 ptiarum
2119 2122 2363 2193 prolapsi
2396 2129 2546 2183 sunt,
2602 2120 2827 2173 nomine
2860 2119 3041 2172 mariti
3110 2119 3192 2172 vel
3240 2118 3428 2174 uxoris

1853 2215 2215 2286 appellentur.
2257 2212 2485 2283 Oportet
2541 2217 2747 2273 autem,
2804 2208 3003 2279 inquit,
3059 2225 3165 2264 non
3200 2225 3429 2280 prorsus

1854 2306 1953 2361 bos
1984 2321 2172 2362 arcere
2224 2305 2293 2359 ab
2351 2302 2616 2365 Ecclesia,
2680 2301 2773 2357 sed
2804 2302 2877 2355 ita
2908 2300 3142 2371 mitigari
3213 2317 3427 2371 pinnam

1853 2411 2068 2463 eorum,
2148 2404 2208 2450 ut
2266 2396 2321 2450 in
2385 2394 2522 2448 locis
2590 2392 2929 2447 audientium
3018 2392 3307 2456 duntaxat,
3378 2402 3433 2447 ct

1855 2504 1963 2544 una
1988 2487 2272 2550 stantium,
2326 2485 2667 2549 consistant;
2705 2498 2812 2538 non
2863 2484 3025 2537 etiam
3060 2499 3273 2548 eorum,
3333 2485 3429 2555 qui

1856 2579 2089 2650 plorant.
2149 2579 2366 2633 Rursus
2396 2576 2576 2647 inquit
2608 2575 2661 2629 in
2695 2590 2909 2630 canone
2946 2576 3428 2645 quinquagesimo.

1858 2671 1934 2726 De
1998 2669 2177 2724 tertiis
2231 2667 2441 2739 nuptiis
2512 2665 2658 2720 nulla
2707 2665 2791 2719 lex
2831 2672 2935 2729 est,
2967 2663 3223 2719 videlicet
3250 2665 3433 2719 cccle-

1859 2759 2105 2815 siastica.
2168 2756 2439 2812 Nimirum
2512 2755 2786 2824 ejusmodi
2855 2762 3114 2823 tanquam
3178 2754 3438 2811 Ecclesia:

1860 2851 2053 2907 sordes
2095 2852 2396 2905 intuemur.
2475 2845 2720 2902 Publicis
2744 2854 2925 2901 autem
2959 2847 3138 2916 ptenis
3165 2862 3275 2901 non
3309 2847 3440 2903 sub-

1856 2944 2103 3015 jicimus,
2139 2942 2306 2998 veluti
2357 2956 2479 3011 qua:
2524 2940 2692 2995 libera
2743 2941 3075 2994 scortatione
3122 2939 3295 3010 magis
3331 2940 3442 2995 sint

1860 3035 2136 3106 optabilia.
2169 3033 2291 3087 Non
2342 3032 2487 3086 enim
2544 3046 2658 3085 rem
2707 3031 2780 3084 ita
2831 3030 3179 3096 damnamus,
3219 3038 3276 3082 ut
3319 3044 3446 3083 ma.-

1862 3126 2181 3181 trimonium
2224 3126 2401 3195 ipsum
2438 3122 2815 3177 dirimamus:
2869 3122 2965 3176 sed
3015 3121 3168 3189 juxta
3230 3130 3438 3175 tomum

176 3216 303 3286 ρείᾳ
338 3217 558 3270 συνόδου
623 3218 805 3289 τρίτος
856 3218 1059 3284 κανὼν,
1119 3220 1257 3290 Περὶ
1290 3220 1400 3272 τῶν
1453 3220 1753 3284 πλείστοις,

1864 3220 2107 3283 unionis,
2135 3233 2294 3288 quem
2333 3232 2455 3271 mox
2491 3232 2679 3271 sumus
2734 3215 3061 3285 exposituri,
3118 3225 3173 3269 et
3241 3215 3444 3268 distin~

174 3308 335 3377 φησι,
369 3308 568 3378 γάμοις
606 3310 1037 3381 περιπεσόντων,
1061 3310 1136 3373 ὡς
1186 3311 1281 3363 καὶ
1331 3311 1431 3379 τῆς
1462 3311 1759 3379 τριγαμίας

170 3400 464 3469 προελθεῖν
532 3402 907 3471 παρετέρω¹⁸,
967 3404 994 3455 6
1053 3402 1151 3471 μὲν
1210 3400 1514 3473 ὡρισμένος
1568 3402 1759 3471 χρόνος

178 3492 381 3561 σαφὴς»
414 3494 445 3559 ἦ
488 3495 579 3545 καί
615 3494 857 3563 ἀτεχνῶς
883 3494 1121 3565 ἀσαφὴς,
1150 3496 1221 3563 μή
1255 3511 1396 3557 τινος
1424 3494 1533 3545 τῶν
1564 3494 1760 3547 παλαι-

175 3585 355 3653 τέρων
390 3585 753 3656 δηλώσαντος.
795 3588 861 3639 ’11
900 3588 953 3640 δὲ
1002 3588 1183 3650 πίστις
1211 3590 1306 3640 καὶ
1361 3589 1394 3656 ἡ
1444 3585 1759 3657 ἀναστρθφὴ

175 3674 289 3727 τῶν
350 3678 760 3745 μετανοούντων
825 3679 1146 3748 συντέμνειν
1209 3676 1317 3731 οἶδε
1382 3678 1472 3730 τὸν
1546 3680 1759 3747 χρόνον,

178 3766 365 3833 φησίν.

176 3860 382 3915 riensis
431 3878 444 3912 :

1864 3311 2104 3366 clionem
2168 3318 2331 3379 atque
2409 3307 2734 3362 sententiam
2787 3306 2932 3375 ejus,
3006 3307 3170 3361 hasce
3225 3306 3445 3375 nuptias

1878 3402 2246 3455 admittimus.
2287 3399 2514 3468 Magnus
2542 3407 2722 3452 autem
2760 3398 2847 3452 ille
2895 3396 3214 3466 Gregorius,
3244 3413 3448 3467 cogno-

1867 3493 2015 3549 mine
2064 3490 2683 3562 TheologuszPrimum
2739 3488 3052 3559 coniugium
3082 3489 3191 3554 lex,
3246 3488 3443 3558 inquit.

1871 3587 2101 3639 alterum
2154 3585 2463 3654 permissio,
2523 3583 2742 3637 tertium
2790 3582 2922 3650 legis
2994 3581 3234 3636 violatio.
3292 3580 3449 3646 Quod

1871 3679 2011 3730 ultra
2050 3680 2171 3740 huc,
2220 3677 2445 3746 porcina
2479 3676 2588 3730 vita
2621 3684 2727 3739 est,
2771 3689 2877 3729 noc
2914 3673 3085 3728 multa
3113 3674 3229 3725 vitii
3284 3673 3449 3729 habet

1870 3771 2138 3839 exempla.
2200 3771 2389 3824 Canon
2421 3781 2600 3822 autem
2645 3769 2841 3823 tertius
2899 3765 3119 3821 concilii
3160 3762 3449 3819 Neocaesa-

502 3861 577 3915 De
644 3863 730 3927 iis,
775 3864 875 3929 ait,
924 3863 1012 3932 qui
1070 3864 1256 3934 plures
1305 3866 1378 3917 ita
1434 3867 2038 3938 rontraxerenuptias,
2076 3868 2322 3922 utetiam
2355 3868 2497 3921 ultra
2544 3867 2738 3921 tertias
2808 3866 3083 3935 progressi
3153 3865 3287 3927 sint,
3351 3860 3453 3917 de-

179 3953 401 4008 ﬁnitum
439 3964 653 4024 tempus
702 3956 862 4023 plane
924 3966 1161 4022 constat,
1215 3958 1298 4009 vel
1341 3958 1523 4025 potius
1578 3960 1844 4012 incertum
1878 3968 2131 4025 est,cun.
2195 3975 2224 4013 a
2291 3961 2509 4014 nemine
2573 3960 2925 4026 antiquorum
2994 3956 3065 4009 sit
3128 3954 3448 4010 indicatum.

176 4048 344 4105 Fides
400 4059 603 4117 autem,
654 4062 708 4107 et
750 4053 1099 4108 conversatio
1164 4053 1544 4121 paenitentiam
1595 4056 1897 4123 agentium,
1952 4065 2164 4125 tempus
2197 4056 2375 4126 ipsum
2420 4053 2706 4109 imminere
2735 4051 2894 4113 solet,
2928 4050 3129 4120 inquit.

437 4192 579 4259 Περὶ
618 4190 721 4245 τοῦ
766 4192 954 4259 νόμου
994 4192 1039 4223 ’⁸
1067 4190 1175 4260 τῆς
1222 4191 1511 4256 ἐνώσεως.

256 4306 400 4375 Ἤδη
426 4305 524 4376 μὲν
547 4301 640 4358 οὖν
674 4308 785 4368 τοῖς
814 4305 1062 4369 παλαιοῖς
1100 4306 1286 4375 νόμοις
1316 4308 1462 4375 τρεῖς
1494 4306 1763 4373 ὲπεγινὼ-

183 4416 381 4454 σκοντο
410 4398 597 4466 γάμοι.
647 4396 705 4449 '0
729 4396 783 4450 δὲ
816 4396 1071 4467 βασιλεὺς
1116 4398 1267 4450 Λέων
1295 4398 1322 4449 6
1359 4396 1527 4467 Σοφὸς
1562 4399 1656 4451 καὶ
1685 4401 1765 4460 είς

182 4494 449 4560 τέταρτον
502 4488 672 4541 ἐλθὼν
729 4492 1085 4555 συνοικέσιον,
1139 4490 1432 4559 ἀφορισμῷ
1486 4492 1638 4560 παρὰ
1670 4491 1764 4544 τοῦ

2392 4194 2470 4248 De
2510 4203 2648 4248 toruo
2690 4190 2918 4245 unionis.

1944 4310 2237 4364 Enimvero
2283 4308 2481 4378 priscis
2533 4306 2747 4377 legibus
2802 4303 2960 4356 trinae
3012 4308 3454 4369 agnosceoantur

1876 4403 2100 4472 nuptiaz.
2156 4400 2261 4455 Sed
2307 4402 2606 4469 imperator
2656 4396 2788 4461 Leo,
2825 4394 3153 4463 cognomine
3199 4391 3452 4461 Sapiens,

1875 4507 1999 4548 cum
2029 4492 2098 4546 ad
2134 4499 2390 4561 quartum
2424 4504 2642 4560 quoque
2678 4485 3093 4541 matrimonium
3130 4498 3455 4552 progressus

188 4579 532 4650 πατριάρχου
577 4577 845 4632 Νικολάου
900 4578 1315 4649 καθυπεόλήθη.
1344 4574 1417 4631 Οὗ
1464 4581 1556 4632 καὶ
1597 4580 1753 4633 έδείτι

1875 4591 2043 4647 esset,
2064 4582 2461 4653 segregrationi
2486 4581 2766 4651 subjectus
2796 4578 2897 4631 fuit
2920 4590 2949 4629 a
2967 4576 3194 4630 Nicolao
3230 4576 3458 4645 patriar-

186 4672 214 4722 ὁ
246 4669 506 4741 βασιλεὺς
568 4669 794 4738 λυθῆναι
850 4668 944 4722 τοῦ
994 4669 1217 4739 δεσμοῦ.
1267 4670 1353 4732 Ὠς
1398 4670 1441 4722 δ’
1473 4672 1679 4733 ἐκεῖνος
1709 4672 1770 4725 τὸ

189 4762 459 4829 παράπαν
492 4760 847 4831 ἀδυσώπητος
874 4756 1077 4831 ἦν,τῆς
1108 4760 1436 4830 Ἐκκλησίας
1462 4761 1649 4815 τοῦτον
1680 4764 1769 4815 ὲκο

187 4853 403 4916 εάλλει,
441 4854 535 4906 καὶ
575 4852 665 4906 τὸν
707 4852 986 4921 Εύθύμιον
1028 4853 1321 4921 σύγγελλον
1356 4855 1397 4886 ³⁷
1426 4855 1594 4925 ἄνδρα
1627 4856 1771 4925 ἱερὸν

189 4945 607 5017 προχειρίζεται
634 4949 1001 5017 πατριάρχην,
1026 4946 1083 5009 ὃς
1107 4947 1199 4999 καὶ
1230 4946 1561 5016 τὸνβασιλέα
1581 4948 1771 5000 θεσπί-

190 5060 283 5096 οαι
313 5041 662 5111 βουλόμενον,
704 5040 988 5111 καὶμέχρι
1030 5040 1124 5094 τοῦ
1158 5040 1423 5109 τετάρτου
1461 5040 1641 5110 γάμου
1666 5058 1772 5093 πα-

190 5134 538 5205 ρατείνεσθαι
589 5138 700 5196 τοῖς
744 5133 1091 5202 βουλομένοις
1142 5133 1209 5185 τὰ
1236 5134 1567 5193 συνοικέσια,
1620 5133 1769 5202 πάσῃ

193 5228 400 5297 σπουδῇ
435 5223 781 5286 διεκώλυσεν,
817 5224 915 5293 οὐχ
947 5225 1093 5289 ὅπως
1122 5225 1218 5293 τὴν
1252 5224 1650 5293 τετραγαμέαν,
1678 5224 1770 5276 ἀλα

192 5320 262 5374 λά
296 5320 393 5373 καὶ
427 5320 527 5387 τὴν
588 5318 893 5387 τριγαμίαν
963 5316 1223 5386 ἀθέμιτον
1275 5311 1415 5369 εἶναι
1478 5316 1617 5385 μετὰ
1662 5313 1771 5367 τῶν

1876 4676 1978 4730 cha
2014 4692 2027 4730 :
2061 4691 2219 4744 quem
2246 4674 2444 4729 deinde
2479 4672 2704 4743 rogabat
2727 4671 3005 4741 princeps,
3032 4675 3089 4722 ut
3116 4681 3184 4723 eo
3214 4668 3453 4733 vinculo,

1876 4781 1934 4821 se
1987 4766 2263 4820 liberaret.
2306 4764 2439 4820 Cum
2470 4764 2561 4817 ille
2614 4776 2840 4831 prorsus
2873 4766 3019 4815 esset
3070 4756 3451 4818 inexorabilis,

1879 4857 2153 4912 hominem
2207 4855 2355 4922 ejicit
2417 4862 2571 4909 extra
2634 4850 2952 4913 Ecclesiam,
3000 4857 3056 4903 ct
3102 4846 3453 4917 Euthymium

1878 4950 2214 5021 syncellum,
2270 4950 2448 5002 virum
2509 4954 2800 5010 sanctum,
2848 4942 3215 5014 patriarcham
3266 4939 3449 4996 facit:

1878 5044 1969 5112 qui
2025 5058 2147 5097 cum
2198 5042 2493 5111 imperator
2541 5039 2754 5096 sancire
2802 5036 3013 5101 vellet,
3054 5042 3113 5087 ut
3166 5034 3330 5088 etiam
3385 5033 3452 5086 ad

1880 5139 2108 5201 quartas
2136 5145 2308 5199 usque
2337 5129 2558 5198 nuptias
2584 5126 3009 5183 extenderentur
3042 5123 3109 5177 ah
3141 5123 3208 5176 iis
3256 5120 3453 5175 matri-

1883 5222 2085 5286 monia,
2116 5222 2315 5291 quibus
2360 5221 2434 5275 ita
2471 5221 2701 5284 luberet,
2738 5233 2860 5272 eum
2893 5215 3041 5270 omni
3096 5213 3277 5268 studio
3313 5211 3457 5265 inhi-

1882 5313 2021 5379 buit,
2074 5314 2347 5369 aliirmans
2402 5328 2525 5368 cum
2579 5310 2823 5397 pluribus
2872 5305 3238 5379 pontiﬁcibus,
3288 5301 3455 5358 etiam

1492 5476 1720 5531 VARIA'J
1759 5476 2161 5534 LECTIONES.

262 5598 311 5633 ⁵⁵
341 5598 676 5670 περαιτέρω.
754 5596 797 5626 ⁸⁸
824 5594 1014 5663 τόμον.
1091 5595 1137 5626 ’⁸
1178 5592 1502 5661 σύγκελλον.

1742 5707 1977 5764 ΝΟΤᾸΕ.

271 5830 382 5893 (Η)
422 5830 457 5881 l.
486 5829 542 5883 ἓ.
574 5827 633 5880 C.
668 5828 743 5881 De
767 5828 947 5879 incest.
978 5835 1031 5879 et
1064 5828 1114 5879 in
1146 5828 1236 5880 rit.
1271 5838 1418 5893 nupt.

270 5902 381 5971 (l5)
416 5900 697 5955 Correctiu
732 5901 766 5951 l.
799 5896 935 5951 Eum
970 5898 1056 5963 qui
1104 5898 1260 5950 duas.
1296 5899 1355 5951 (ὲ.
1387 5896 1452 5950 tul
1482 5897 1517 5948 l.
1548 5894 1658 5950 Jul.
1692 5894 1765 5949 Dc
1794 5894 1970 5947 adull.

523 5998 790 6054 l‘n'nii!“
840 5994 957 6053 Gn.
1002 5993 1205 6051 (IXlX.

3015 5977 3093 6037 40
