4198 6444
769 358 901 420 1259

2062 353 2195 411 JUS
2235 351 2674 411 CANONICUM

3895 346 4049 409 1260

766 470 954 523 tettias
1013 465 1252 534 nuptias,
1309 462 1506 517 nedum
1592 470 1840 531 quartas,
1911 461 2136 516 illicitas
2196 477 2337 517 esse.

2449 459 2714 512 πλειόνων
2741 459 3044 530 ἀρχιερέων
3074 459 3494 530 διατεινόμενος.
3528 457 3627 512 Διά
3653 459 3718 528 δὴ
3736 456 3905 512 τοῦτο
3933 458 4049 510 καὶ

765 559 1132 626 Quamobrem
1223 554 1518 610 discidium
1606 554 1818 608 exstitit
1918 555 1972 608 in
2064 552 2331 608 Ecclesia.

762 665 938 720 eaque
967 646 1166 704 seditio
1194 645 1411 699 duravit
1461 660 1635 716 usque
1664 644 1731 699 ad
1768 644 2056 714 imperium
2092 642 2188 696 ﬁlii
2215 643 2335 711 ejus

761 738 1104 799 Coastantini
1152 739 1263 792 nati
1307 737 1359 790 in
1405 735 1706 807 Porpltyra,
1766 743 1820 789 et
1869 734 2119 797 llomani,
2171 734 2335 802 hujus

763 831 962 887 soceri.
1015 829 1136 895 Quo
1192 840 1433 895 tempore
1489 826 1801 894 publicatus
1848 831 1933 877 est
1993 829 2199 886 tomus,
2240 820 2332 890 qui

766 923 987 978 unionis
1013 920 1236 980 dicitur,
1270 926 1324 970 et
1365 916 1458 986 qui
1505 915 1690 978 tradit,
1741 913 1984 982 quando,
2040 920 2093 966 et
2133 912 2334 980 quibus

765 1017 936 1071 tertia:
974 1014 1173 1082 nuptiae
1203 1010 1575 1078 permittenda:
1608 1007 1737 1069 sint,
1765 1005 2113 1060 liberioribus
2147 1019 2335 1057 amna.

767 1112 897 1163 tium
956 1104 1280 1160 libidinibus
1327 1102 1601 1172 egregium
1655 1103 1867 1156 frenum
1921 1103 2228 1169 imponens.
2287 1095 2336 1150 ls

769 1210 947 1252 tomus
985 1211 1170 1251 mense
1213 1194 1359 1249 Julio
1405 1194 1697 1263 quotannis
1748 1195 1800 1246 in
1851 1192 2082 1246 amboue
2115 1191 2334 1260 legitur,

761 1299 816 1342 ct
847 1288 912 1341 ad
948 1287 1104 1341 linem
1149 1287 1260 1339 haec
1297 1286 1458 1339 verba
1509 1285 1791 1339 continet;
1827 1284 1953 1347 Eos,
2000 1284 2090 1351 qui
2135 1298 2334 1334 annmn

763 1380 1240 1449 quadragesimum
1295 1376 1610 1445 attigerunt,
1672 1384 1724 1428 et
1775 1375 1964 1428 tertias
2002 1373 2067 1426 ad
2118 1374 2338 1440 nuptias

762 1486 886 1527 sese
936 1469 1258 1540 projiciunt,
1288 1467 1457 1521 veluti
1508 1468 1597 1536 qui
1638 1465 1898 1520 Ecclesiae
1930 1467 2040 1520 sint
2084 1464 2340 1533 inquina-

767 1573 964 1622 menta,
1025 1561 1407 1630 quinquennio
1464 1560 1868 1614 communionis
1919 1567 2167 1611 exsortes
2219 1571 2340 1609 esse

764 1655 962 1708 debere
990 1653 1266 1707 sancimus
1292 1670 1304 1715 ;
1337 1666 1507 1719 eoque
1533 1659 1776 1717 tempore
1803 1649 2135 1716 cxspirante,
2172 1650 2338 1701 semel

763 1747 816 1798 in
870 1759 1016 1797 anno
1073 1742 1138 1795 ad
1198 1741 1638 1794 communionem
1695 1739 1978 1801 accedere,
2042 1727 2338 1790 venerabili

2443 554 2645 622 σχίσμα
2677 553 2927 622 περἰτὴν
2970 553 3298 623 Ἐκκλησίαν
3373 553 3639 619 ἐγεγόνει,
3672 553 3769 603 καὶ
3817 552 3890 604 τὰ
3929 551 4048 617 τῆς

2441 645 2752 706 συστάσεως
2779 643 2823 674 ⁸⁸
2848 644 3007 713 μέχρι
3038 646 3136 714 τῆς
3172 643 3472 713 ,βασιὶείας
3532 643 3626 696 τοῦ
3687 644 3808 697 υἱοῦ
3861 642 4048 696 αὐτοῦ

2440 737 2854 790 Κωνσταντίνου
2897 737 2992 788 τοῦ
3030 738 3573 807 Πορφυρογεννήτου,
3599 739 3689 790 καὶ
3737 736 4046 805 Ῥώμανῡῦ

2438 827 2532 881 τοῦ
2561 827 2824 896 πενθεροῦ
2887 828 3080 880 τούτου
3125 830 3403 899 διήρκεσε.
3445 830 3554 880 Καὶ
3599 830 3911 898 τηνικαῦτα
3943 828 4042 891 ἐξ·

2440 917 2643 986 ηνὲχθη
2675 918 2860 983 τόμος,
2891 918 2919 970 ὁ
2949 917 3243 986 λεγόμενος
3280 919 3379 987 τῆς
3412 919 3682 981 ἐνώσεως,
3709 919 4044 986 διακαμὸσὶ-

2441 1026 2546 1061 νων
2576 1007 2705 1060 πότε
2736 1009 2828 1060 καὶ
2851 1009 2960 1061 τίσι
2984 1011 3074 1061 τὸν
3104 1011 3285 1080 τρίτον
3312 1009 3394 1061 δεῖ
3426 1012 3604 1078 γάμον
3645 1012 4039 1076 παραχωρεῖν,

2439 1103 2559 1163 ταῖς
2591 1102 2902 1169 ἀνειμέναις
2938 1103 3048 1154 τῶν
3069 1103 3321 1171 ἐρώντων
3357 1103 3682 1171 ἐπιθυμίαις
3723 1106 3789 1154 ἐκ
3825 1101 4038 1153 πολ).ιῦ

2440 1192 2533 1245 τοῦ
2574 1194 2856 1262 περιόντος
2903 1194 3170 1257 ἐπιτιθεὶς
3239 1195 3475 1264 χαλινὸν,
3507 1195 3564 1256 ὃς
3619 1196 3712 1246 καὶ
3760 1195 3906 1244 κατά
3933 1194 4038 1244 τὸν

2441 1285 2660 1337 Ἰούλιον
2697 1286 2840 1354 μῆνα
2870 1287 3100 1356 ἐτησίως
3144 1287 3231 1338 ἐπ’
3262 1287 3514 1352 ἀμόωνος
3557 1288 4036 1352 ἀναγινώσκεται.

2443 1379 2585 1447 Πρὸς
2615 1378 2746 1445 γοῦν
2781 1379 2858 1446 τῷ
2879 1380 3042 1442 τέλει,
3077 1379 3249 1432 ταῦτά
3284 1397 3414 1447 φησι
3444 1395 3456 1408 ’
3486 1379 3623 1440 Τοὺς
3652 1382 3729 1440 είς
3751 1379 3872 1439 ἔτος
3902 1381 4045 1429 ανα-

2443 1474 2744 1542 ϐεϐηκότας
2785 1473 3241 1542 τεσσαρακοστὸν,
3288 1475 3380 1524 καὶ
3405 1471 3540 1539 πρὸς
3579 1471 3762 1539 τρίτον
3792 1469 4038 1529 ἑαυτοὺς

2445 1566 2836 1635 ἐπιρίπτοντας
2866 1565 3062 1633 γάμον,
3091 1561 3176 1616 οἷα
3208 1564 3354 1633 ρύπη
3394 1563 3493 1629 τῆς
3530 1563 3862 1631 Ἐκκλησίας
3891 1577 4039 1626 τυγ-

2442 1656 2725 1725 χάνοντας,
2767 1662 2929 1726 μέχρι
2953 1657 3273 1716 πενταετίας
3299 1657 3700 1721 ἁκοινωνήτους
3733 1649 3876 1704 εἶναι
3936 1652 4038 1705 θε-

2448 1747 2733 1816 σπίζομεν,
2775 1754 2867 1802 καὶ
2896 1747 2992 1798 τοῦ
3024 1747 3281 1798 τοσούτου
3311 1746 3503 1815 χρόνου
3534 1747 3846 1814 ἐξήκοντος,
3879 1745 4045 1807 ἅπαξ

764 1837 1022 1892 salutaris
1053 1833 1337 1890 Paschalis
1378 1834 1486 1898 die,
1518 1832 1728 1902 jejunio
1760 1832 1902 1885 diem
1938 1830 2088 1884 illum
2139 1843 2338 1898 βιαιως

2444 1838 2534 1892 τοῦ
2561 1839 2716 1902 ἔτους
2748 1843 2813 1908 τῇ
2862 1839 3119 1908 κοινωνίᾳ
3163 1838 3470 1906 προσιέναι,
3521 1837 3660 1889 κατὰ
3702 1837 3803 1904 τὴν
3861 1837 4036 1887 σίδα-

762 1931 946 1992 dente,
1004 1934 1269 1998 quantum
1335 1927 1454 1995 ejus
1509 1925 1625 1981 ﬁeri
1689 1934 1867 1995 potest
1915 1933 2087 1979 semet
2134 1939 2338 1994 expur-

763 2034 972 2093 gantes.
1025 2019 1292 2074 Sacerdos
1341 2026 1546 2082 autem,
1575 2019 1666 2088 qui
1723 2025 1917 2088 praeter
1968 2018 2045 2080 id,
2097 2019 2240 2086 quod
2309 2032 2336 2070 a

762 2118 921 2171 nobis
951 2125 1032 2170 est
1066 2123 1351 2176 statutum,
1388 2111 1451 2166 ad
1490 2125 1702 2165 sacram
1750 2111 1986 2180 aliquam
2023 2111 2342 2180 prarceptio-

765 2226 886 2265 nem
916 2223 1011 2264 eos
1047 2209 1208 2261 audet
1231 2204 1539 2265 admittere,
1574 2203 1639 2258 de
1671 2205 1840 2273 gradu
1876 2219 1977 2256 suo
2001 2204 2338 2271 periclitabi-

765 2310 874 2353 tur.
903 2297 1026 2351 llzec
1057 2303 1236 2350 autem
1268 2295 1526 2357 dicimus,
1561 2306 1684 2344 cum
1720 2291 1855 2344 nulli
1889 2298 2016 2344 sunt
2057 2289 2137 2343 eis
2183 2287 2337 2342 liberi

767 2393 1045 2462 prioribus
1091 2405 1157 2443 ex
1213 2387 1438 2456 nuptiis.
1477 2384 1572 2437 Sin
1613 2391 1819 2448 autem,
1876 2382 2094 2436 tertium
2154 2382 2341 2434 matri-

767 2483 1009 2537 monium
1046 2480 1125 2534 eis
1170 2493 1274 2532 non
1327 2478 1691 2547 permittetur.
1739 2473 1892 2539 Quod
1931 2474 1976 2529 si
2006 2474 2128 2547 quis
2165 2487 2340 2526 annos

769 2575 989 2642 triginta
1022 2582 1206 2637 natus,
1253 2580 1304 2624 et
1336 2569 1580 2622 hreredes
1614 2582 1678 2621 ex
1725 2565 2002 2635 prioribus
2065 2564 2339 2633 conjugiis

767 2666 996 2727 habens,
1019 2662 1379 2717 nihilominus
1410 2660 1480 2714 ob
1510 2658 1746 2712 carnalis
1796 2658 2040 2713 libidinis
2076 2658 2342 2725 intempe-

769 2757 1002 2811 rantiam
1068 2753 1242 2808 tertiae
1287 2751 1575 2822 copulatus
1632 2749 1786 2803 uxori
1842 2747 2007 2802 fuerit
2055 2747 2340 2802 :triennio

767 2843 1169 2899 communionis
1197 2857 1390 2896 exsors
1423 2849 1559 2894 esto.
1586 2841 1763 2908 Atque
1797 2842 1866 2892 ita
1893 2838 2150 2907 deinceps
2173 2846 2253 2891 ter
2286 2838 2338 2890 in

768 2953 911 2992 anno
933 2935 1214 3007 percipiat,
1235 2935 1322 2990 die
1345 2934 1598 2988 videlicet
1617 2933 1858 3003 paschali
1894 2933 2340 2996 resurrectionis,

765 3038 819 3084 et
870 3032 925 3083 in
983 3029 1381 3083 obdormitione
1437 3026 1796 3080 immaculata
1853 3026 2116 3094 Deiparaa,
2168 3032 2221 3078 et
2286 3025 2338 3076 in

769 3125 908 3176 festo
939 3121 1302 3174 natalitiurum
1331 3118 1546 3173 Domini
1584 3136 1596 3170 :
1633 3134 1754 3172 cum
1779 3118 1986 3187 jejunia
2017 3117 2134 3170 dies
2177 3117 2339 3170 hosce

769 3213 1132 3281 preeeedentia
1167 3210 1425 3280 majorem
1454 3217 1660 3280 partem
1677 3211 1960 3264 exstinctae
1983 3209 2035 3261 in
2057 3209 2175 3276 ipso
2206 3208 2342 3261 labis

770 3313 1085 3369 eastergere
1140 3302 1456 3355 credantur.
1508 3299 1606 3353 Sin
1666 3299 1852 3352 liberis
1901 3305 2072 3362 caret,
2132 3300 2342 3351 veniam

793 3411 893 3462 mpt
919 3392 1207 3462 trat,quod
1245 3392 1541 3446 liberorum
1576 3389 2038 3460 procreandorum
2075 3389 2345 3444 desiderio

769 3497 957 3538 tertias
1004 3484 1274 3553 optaverit
1330 3482 1588 3550 nuptias;
1635 3488 2006 3549 consuetaque
2053 3493 2212 3548 pmna
2257 3493 2344 3532 re-

767 3579 1003 3631 medium
1029 3577 1078 3630 ei
1116 3575 1488 3637 adhibebitur,
1530 3582 1590 3627 ut
1622 3573 1801 3627 tribus
1846 3572 2006 3625 annis
2044 3585 2072 3623 a
2103 3586 2343 3622 commu-

769 3673 931 3722 nione
970 3676 1238 3721 arceatur.
1287 3666 1558 3720 Caeterum
1599 3666 1849 3718 eruditus
1880 3664 1967 3717 ille
2009 3665 2062 3716 in
2092 3661 2344 3715 omnibus

770 3762 1043 3823 Basilius,
1109 3758 1447 3826 octogesimo
1515 3770 1724 3809 canone
1783 3769 1884 3808 suo
1948 3771 1961 3807 :
2021 3750 2344 3821 Nuptiarum

769 3853 1159 3922 pluralitatem.
1219 3849 1418 3916 inquit,
1457 3848 1660 3900 silentii
1693 3845 1924 3914 caligine
1952 3842 2144 3896 Patres
2176 3842 2344 3895 obve-

767 3946 966 4006 larunt,
1022 3940 1186 3994 veluti
1243 3939 1544 3999 bestialem,
1593 3946 1646 3989 ct
1695 3938 1929 3989 alienam
1989 3934 2056 3986 ab
2105 3933 2344 3987 humana

766 4029 1186 4086 consuetudine.
1240 4027 1409 4081 Nobis
1457 4036 1637 4080 autem
1696 4026 1764 4078 ad
1817 4028 2058 4078 animum
2119 4024 2344 4086 accidit,

768 4124 869 4176 hoc
904 4132 1005 4183 est,
1051 4121 1263 4174 videtur
1304 4126 1360 4173 et
1413 4118 1589 4188 placet
1637 4117 1847 4185 judicio
1902 4125 2113 4180 nostro,
2172 4115 2345 4183 magis

762 4218 908 4268 hanc
952 4212 1348 4283 castigandam,
1391 4225 1554 4279 quam
1608 4212 1783 4278 ipsam
1836 4209 2244 4264 scortationem.
2281 4205 2345 4260 Et

769 4305 1083 4374 nuptiarum
1141 4302 1424 4371 pluralitas
1478 4308 1585 4363 est,
1633 4316 1740 4353 non
1799 4316 1921 4354 cum
1982 4300 2168 4354 multis
2221 4313 2347 4368 pro-

767 4399 978 4451 miscue
1036 4410 1149 4448 rem
1201 4394 1425 4458 habere,
1474 4393 1567 4446 sed
1616 4390 1866 4444 eumdem
1911 4392 2094 4459 plures
2143 4405 2343 4444 uxores

764 4489 988 4551 ducere,
1018 4487 1145 4541 licet
1191 4500 1300 4538 non
1355 4498 1460 4536 una
1493 4491 1545 4536 et
1581 4484 1770 4537 eadem
1805 4483 1941 4536 rice.
1977 4482 2108 4534 Nam
2136 4481 2342 4549 nuptiaa

2444 1945 2602 1998 σμιον
2621 1930 2714 1982 τοῦ
2750 1930 3018 1999 σωτηρίου
3047 1930 3236 1996 Πάσχα
3272 1931 3508 1997 ἡμέραν,
3557 1928 3616 1978 ἐν
3662 1930 3726 1995 τῇ
3763 1927 3868 1995 προ
3894 1927 4037 1977 ταύο

2439 2038 2538 2088 της
2560 2022 2783 2090 νηστείᾳ
2816 2021 2937 2072 καθ’
2972 2022 3096 2073 ὅσον
3131 2016 3241 2072 οἶόν
3282 2037 3340 2071 τε
3383 2019 3861 2087 ἀποκαθαὲροντας
3899 2022 4036 2070 ἑαυο

2441 2111 2587 2175 τούς.
2635 2111 2692 2164 '0
2722 2111 2779 2163 δέ
2808 2111 3019 2180 τολμῶν
3057 2112 3232 2179 ἱερεὺς
3265 2111 3412 2178 παρά
3468 2110 3555 2161 τὸν
3596 2109 4034 2176 διατεταγμέιον

2441 2205 2564 2272 ὅρον
2603 2205 2956 2274 μεταλήψεως
2981 2205 3128 2266 θείας
3158 2205 3302 2264 τινος
3350 2203 3570 2265 τούτους
3601 2203 3859 2265 ἀξιῶσαι,
3899 2220 3962 2252 πε
3978 2207 4035 2269 ρί

2439 2298 2531 2349 τὸν
2563 2298 2694 2348 ῐόιον
2726 2296 3060 2348 κινδυνεύσει
3086 2296 3313 2364 βαθμόν.
3347 2295 3533 2347 Ταῦτα
3566 2294 3622 2345 δέ
3651 2311 3858 2360 φαμεν,
3895 2294 4035 2344 ὅταν

2445 2390 2520 2458 μὴ
2549 2389 2710 2440 τέκνα
2766 2388 2977 2449 τούτοις
3012 2389 3076 2438 ἐκ
3121 2387 3230 2439 τῶν
3283 2387 3564 2456 προτέρων
3598 2387 3797 2454 γάμων
3836 2388 3988 2454 παρῇ
4015 2403 4032 2416 ·

2445 2482 2493 2532 εί
2531 2480 2576 2532 δ’
2605 2476 2718 2539 οὖν,
2752 2480 3145 2549 ἀσυγχώρητος
3173 2480 3354 2540 αὐτοῖς
3380 2481 3530 2530 ἔσται
3567 2481 3919 2547 ἠτριγαμία.
3968 2478 4033 2528 El

2441 2570 2497 2622 δὲ
2521 2588 2600 2632 τις
2633 2570 3057 2639 τριακοντούτης
3083 2570 3178 2634 ὢν,
3206 2571 3411 2623 καὶτοῦ
3442 2571 3632 2637 γένους
3655 2570 3795 2638 ἔχων
3821 2573 3886 2622 ἐκ
3918 2570 4035 2621 τῶν

2444 2662 2770 2730 φθασάντων
2797 2665 2992 2730 γάμων
3025 2661 3297 2730 διαδοχὴν,
3327 2661 3478 2728 ὅμως
3507 2677 3568 2728 γε
3598 2660 3704 2729 μὴν
3733 2660 3822 2711 διὰ
3850 2661 3910 2712 τὸ
3929 2660 4036 2727 τῆς

2445 2753 2715 2822 σαρκικῆς
2742 2752 3038 2818 ἐπιθυμίας
3065 2752 3363 2804 ἀκόλαστον
3398 2753 3559 2823 τρίτῃ
3587 2751 3889 2818 συνασθείη
3932 2767 4034 2818 γυ-

2443 2843 2614 2907 ναικὶ,
2654 2844 2746 2896 ἐπὶ
2782 2844 3100 2913 τετραετίαν
3139 2843 3503 2912 ἀκοινώνητος
3542 2843 3703 2896 ἔστω.
3743 2840 3861 2894 Εἶθ’
3884 2842 4034 2894 οὓτω

2442 2935 2565 3004 τρὶς
2611 2935 2703 2986 τοῦ
2753 2933 3001 2987 ἐνιαυτοῦ
3056 2934 3539 3004 μεταλαμϐανέτω,
3575 2935 3631 2984 ἐν
3679 2937 3744 3002 τῇ
3784 2935 4033 2986 ἀναστα-

2447 3027 2593 3096 σίμῳ
2627 3028 2809 3098 ἡμέρᾳ
2835 3027 2930 3080 τοῦ
2964 3027 3174 3096 Πάσχα,
3204 3028 3262 3079 ἐν
3284 3031 3351 3097 τῇ
3385 3030 3644 3096 κοιμήσει
3675 3028 3775 3094 τῆς
3815 3028 4030 3097 ἀχράν-

2445 3137 2538 3172 του
2565 3120 2848 3183 Θεοτόκου,
2879 3121 3040 3172 καὶέν
3061 3122 3126 3187 τῇ
3153 3119 3441 3187 γενεθλίων
3471 3120 3563 3170 τοῦ
3589 3119 3800 3188 Κυρίου
3820 3121 3986 3188 ἑορτῇ
4017 3135 4028 3145 ·

2444 3212 2552 3265 τῶν
2586 3213 2689 3282 πρὸ
2719 3212 2924 3264 τούτων
2949 3213 3220 3281 νηστειῶν
3269 3213 3329 3264 τὸ
3363 3213 3610 3264 πλεῖστον
3644 3213 3745 3280 τῆς
3776 3215 4034 3265 ἐκτακεί-

2447 3322 2543 3374 σης
2587 3305 2735 3373 αὐτῷ
2771 3305 2990 3374 κηλίδος
3026 3309 3371 3376 ἀποσμήχειν
3405 3308 3840 3374 πιστευομένων.
3873 3307 3934 3358 ΕΞ
3972 3303 4032 3358 δὲ

2444 3397 2612 3458 ἄπαις
2642 3396 2716 3448 ὢν
2741 3398 3020 3466 τυγχάνει,
3066 3398 3400 3468 συγγνώμην
3440 3399 3708 3462 ἀξιοῦται.
3738 3399 3806 3451 δι’
3839 3400 4034 3466 ἔφεσιν

2448 3489 2800 3552 παιδοποιίας
2851 3490 2943 3543 τὸν
2996 3492 3180 3560 τρίτον
3218 3493 3392 3559 γάμον
3445 3491 3794 3561 αίρούμενος,
3825 3495 3918 3544 και
3951 3494 4032 3561 τῷ

2447 3582 2670 3651 συνήθει
2711 3583 2975 3652 ἐπιτιμίῳ
3005 3584 3499 3652 θεραπευθήσεται,
3636 3587 3783 3650 τρισὶ
3811 3586 4032 3651 χρόνοις

2443 3671 2541 3737 τῆς
2580 3673 2870 3733 κοινωνίας
2928 3673 3266 3742 εἰργόμενος.
3313 3675 3370 3725 Ὀ
3405 3673 3458 3724 δὲ
3513 3679 3687 3724 πέντε.
3721 3677 3886 3739 cos—ﬂ;
3921 3675 4032 3726 Βα-

2448 3762 2646 3824 σίνειος
2686 3767 2742 3815 ἐν
2770 3765 2848 3832 τῷ
2875 3772 2926 3815 π’
2956 3767 3175 3817 κανόνι·
3228 3767 3339 3832 Τὴν
3375 3767 3720 3834 πο>.υγα;ιὶαν
3761 3770 3810 3818 οἱ
3849 3767 4030 3820 Πατέ-

2449 3872 2561 3924 ρες.
2599 3858 2754 3922 φησὶ,
2810 3856 2892 3925 τῷ
2939 3857 3042 3922 τῆς
3098 3858 3336 3923 ἀφασίας
3395 3859 3779 3926 συνεκάλυψαν
3822 3862 4030 3920 σκότει,

2456 3941 2544 3998 οἶα
2579 3948 2826 4014 κτηνώδη
2856 3949 2948 3999 καὶ
2975 3950 3071 4014 τῆς
3098 3949 3444 4018 ἀνθρωπίνης
3475 3953 3801 4002 ἀπεοικυῖαν
3829 3952 4033 4014 δία-,οω-

2444 4040 2568 4108 γῆς.
2613 4039 2776 4105 Ἡμῖν
2815 4039 2872 4091 δὲ
2903 4040 3257 4108 παρίσταται.
3292 4042 3410 4110 ἦτοι
3440 4043 3587 4092 δοκεῖ
3627 4045 3720 4093 καὶ
3748 4045 4024 4109 κρῖνεται,

2445 4132 2666 4200 πλέονῆ
2699 4133 2795 4199 τὴν
2835 4134 3092 4198 πορνείαν
3141 4133 3342 4201 ταύτην
3393 4133 3736 4196 κολάζεσθαι.
3779 4137 4032 4200 Hal-J7:-

2448 4223 2546 4292 μία
2575 4225 2632 4274 δέ
2680 4226 2850 4287 ἐστιν,
2874 4225 2932 4276 ού
2979 4225 3039 4276 τὸ
3083 4226 3305 4287 πολλαῖς
3346 4226 3652 4296 ἀδιαφόρως
3703 4228 4027 4295 μίγνυσθαι,

2445 4313 2582 4366 ἀλλά
2611 4312 2810 4375 πολλὰς
2839 4315 3143 4380 ἀγαγέσθαι
3174 4319 3265 4367 τδν
3304 4319 3487 4379 αὑτὸν,
3530 4320 3684 4370 είκα“ι
3711 4321 3785 4388 μὴ
3806 4322 4028 4390 ἀθρόον.

2445 4402 2628 4470 Γάμος
2654 4405 2784 4472 γὰρ,
2811 4406 2872 4456 οὐ
2901 4405 2962 4456 τὸ
3008 4408 3227 4473 γυναικὶ
3282 4407 3664 4477 συμφθαρῆναι
3720 4411 3885 4476 μόνον
3936 4414 4032 4463 ἐπὶ

2450 4493 2952 4563 καταχυδαιοτέραν
2986 4495 3287 4558 διάλεκτον,
3308 4495 3444 4548 ἀλλά
3487 4498 3678 4566 ἀνδρὸς
3718 4503 3813 4550 καὶ
3835 4518 4029 4566 γυναι-

767 4591 874 4630 non
940 4582 1148 4628 tantum
1208 4583 1334 4626 sunt
1383 4571 1705 4624 concubitus
1752 4584 1876 4623 cum
1934 4570 2159 4621 muliere
2206 4568 2339 4638 (l6),

2457 4583 2550 4643 κὸς
2587 4584 2848 4650 συνάφεια
2882 4586 2976 4635 καὶ
3037 4587 3414 4655 συγκλήρωσις
3474 4589 3568 4641 τοῦ
3626 4589 3743 4656 βίου
3795 4595 4025 4657 παντὸς,

766 4671 908 4722 sicut
947 4666 1139 4733 vulgus
1176 4663 1454 4716 hominum
1509 4660 1653 4728 loqui
1691 4661 1850 4723 solet,
1883 4658 1978 4714 sed
2014 4659 2338 4728 conjunctio

769 4756 934 4808 tnaris
965 4763 1018 4805 et
1049 4751 1281 4814 leminaa,
1313 4759 1369 4803 et
1400 4752 1580 4804 oumis
1614 4750 1738 4803 vitae
1770 4751 2136 4816 consortium,
2163 4751 2336 4804 divini

766 4857 819 4900 et
875 4844 1098 4899 humani
1150 4845 1292 4913 juris
1355 4843 1803 4906 communicatio,
1880 4843 2338 4912 quemadmodum

770 4936 912 5004 leges
961 4933 1207 4986 tradunt.
1261 4931 1376 4985 Non
1420 4934 1562 4986 enim
1624 4948 1689 4987 ex
1765 4933 2156 5000 conjunctione
2201 4935 2339 4987 dun-

773 5035 1335 5094 taxatagnoscnntur,
1394 5041 1578 5078 verum
1627 5027 1791 5078 etiam
1848 5042 1913 5080 ex
1961 5027 2178 5081 illorutn
2212 5027 2340 5080 alle-

771 5121 972 5178 Cllutle,
1019 5118 1110 5184 qui
1143 5127 1559 5171 contraxerunt.
1597 5116 1736 5170 Dicit
1791 5126 1971 5171 autem
2022 5121 2334 5188 nuptiarum

776 5209 1141 5273 pluralitatem
1173 5222 1200 5258 a
1241 5204 1494 5261 Patribus
1537 5206 1752 5262 silentio
1805 5211 2161 5277 prazteritam,
2211 5208 2340 5276 quia

775 5289 963 5351 ιςξιιιιιε
997 5295 1216 5365 quidem
1251 5297 1473 5365 nuptias
1497 5297 1580 5352 lex
1613 5300 1862 5370 agnoscit
1899 5317 1909 5353 :
1948 5310 2000 5354 at
2030 5306 2344 5359 earumdem

2451 4671 2594 4724 θείου
2639 4689 2696 4723 τε
2764 4676 2857 4725 καὶ
2893 4675 3234 4744 ἀνθρωπίνου
3291 4678 3503 4730 δικαίου
3551 4683 3829 4747 κοινωνία,
3862 4685 3939 4747 ὡς
3978 4688 4028 4738 οἱ

2447 4765 2600 4830 νόμοι
2653 4764 3082 4832 διαγορεὺουσιν.
3115 4769 3190 4819 Ού
3239 4771 3346 4837 γὰρ
3399 4772 3506 4824 ἀπὸ
3558 4774 3727 4840 μόνης
3773 4776 3878 4842 τῆς
3907 4795 4029 4830 συν-

2449 4855 2645 4921 αρείας
2668 4855 3018 4921 γινώσκεται,
3048 4858 3181 4911 ἀλλά
3214 4862 3307 4912 καί
3341 4862 3448 4913 ἀπὸ
3465 4862 3564 4928 τῆς
3589 4863 3887 4928 διαθέσεως
3917 4867 4028 4920 τῶν

2451 4946 2912 5010 συναλλαξαντων.
2956 4950 3461 5019 Ἀποσεσιωττῆσθαι
3498 4954 3552 5005 δέ
3601 4973 3732 5024 φησι
3765 4960 3878 5018 τοῖς
3918 4960 4027 5011 Πα-

2449 5040 2665 5107 τράσιν,
2699 5041 2780 5092 ὅτι
2813 5043 2844 5110 η
2877 5041 2974 5109 μὲν
3001 5046 3269 5112 τριγαμία
3294 5046 3368 5113 τῷ
3386 5048 3536 5114 νόμῳ
3557 5050 4025 5113 ἐπιγινώσκεται·

2451 5133 2563 5198 ἡδὲ
2598 5133 2910 5201 πολυγαμία
2949 5138 3040 5187 καὶ
3090 5139 3200 5196 τοῖς
3250 5141 3454 5206 νόμοις,
3504 5141 3596 5190 καὶ
3636 5144 3749 5202 τοῖς
3801 5145 4026 5194 κανόσιν

2451 5223 2765 5292 ἀπείρηται.
2803 5227 2915 5277 Πᾶν
2948 5228 3056 5296 γὰρ
3091 5229 3464 5297 συνάλλαγμα,
3498 5232 3621 5292 τοὺς
3665 5234 3824 5300 ὅρους
3860 5235 4027 5304 ιζπερ-

2457 5311 2634 5364 εαῐνον
2657 5315 2754 5383 τῆς
2774 5317 3088 5386 τριγαμίας,
3111 5320 3423 5386 πολ-σγαμία
3459 5321 3648 5387 σαψῶς
3671 5322 4026 5390 ὀνομάζεται.

2077 5469 2301 5524 ΥΑΙΗᾹΞ
2353 5471 2758 5532 LECTIONES.

851 5548 892 5577 "
920 5551 1176 5613 στάσεως.

2287 5678 2520 5737 ΝΟΤκΕ.

848 5763 953 5826 illi;
992 5764 1021 5815 l.
1065 5765 1108 5817 l.
1145 5765 1202 5818 Π.
1229 5766 1299 5820 De
1325 5768 1410 5820 rit.
1439 5779 1587 5836 nttpt.
