4198 6444
197 412 340 477 1261

1468 400 1734 461 αῙὶιΕΟΟ
1748 428 1754 432 ·
1770 396 2154 458 ROMANUM
2165 444 2177 457 .

3311 388 3450 459 i262

188 522 306 574 Καὶ
329 518 427 585 τῆς
458 514 710 585 πορνείας
733 512 788 567 δὲ
817 512 1007 584 εἴρηκα
1052 508 1291 579 χείρονα,
1318 504 1463 577 μάλα
1512 506 1761 565 είκότως.

1874 500 2159 568 pluraliias
2193 505 2307 552 tum
2350 495 2583 569 legibus,
2634 504 2748 551 tum
2794 495 3101 552 canonibus
3128 504 3215 554 est
3258 496 3450 567 prohi-

197 610 265 664 Ὀ
299 609 397 678 μὲν
421 608 529 678 γὰρ
556 605 861 677 πορνεύων,
888 606 967 668 είς
1009 602 1202 659 ἑαυτὸν
1242 601 1401 671 μόνον
1423 598 1523 667 τὴν
1551 597 1766 650 ἀδικίαν

194 702 569 773 περιίστησιν,
603 700 781 753 ἑκοντὶ
802 698 881 769 τῷ
911 696 1171 769 βαράθρῳ
1196 695 1296 763 τῆς
1318 689 1611 753 ἀκολασίας
1642 690 1770 741 ἑαυ-

184 791 285 843 τὸν
329 790 692 860 ὲπιρρίπτων.
735 787 794 839 Ὁ
818 786 875 839 δὲ
929 786 1187 856 τέταρτον
1230 782 1544 853 ἧπὲμπτον
1588 781 1767 848 γάμον

185 883 353 952 δῆθεν
377 881 557 953 ἑαυτῷ
603 880 963 947 συναλλάξας,
998 879 1347 952 κατορχεῖται
1391 875 1491 946 μὲν
1520 874 1630 927 τῶν
1661 890 1770 927 κω-

187 977 428 1030 λυόντων
461 977 648 1030 τοῦτον
680 976 841 1030 θείων
873 975 1136 1035 κανόνων,
1167 972 1343 1025 ἀδικεῖ
1375 972 1432 1024 δὲ
1471 970 1598 1031 τοὺς
1638 983 1770 1037 γνη-

190 1069 344 1131 σίους
378 1068 547 1122 αὑτοῦ
604 1068 820 1133 παῖδας,
868 1064 1262 1136 παρασπείρων
1313 1062 1521 1123 τούτοις
1551 1061 1646 1114 καὶ
1677 1059 1768 1111 νόο

190 1161 344 1222 θους.
371 1161 462 1212 Διὸ
490 1160 579 1212 καὶ
611 1161 747 1230 μετά
769 1160 869 1229 τὴν
909 1160 1009 1227 τῆς
1051 1154 1395 1226 παρανομίας
1425 1152 1765 1221 ἀπαλλαγὴν,

192 1250 292 1301 καὶ
328 1248 427 1318 τὴν
449 1249 680 1319 γνησίαν
723 1247 1130 1316 ἐξομολόγησιν,
1179 1247 1271 1298 καὶ
1299 1244 1461 1295 πλέον
1498 1244 1607 1295 τῶν
1636 1258 1768 1312 πορ-

190 1339 506 1392 νευσάντων
545 1339 864 1392 εὐθύνεσθαι
896 1338 1057 1403 ἀξιοῖ.
1078 1337 1216 1398 Τοὺς
1241 1335 1339 1405 μὲν
1365 1336 1469 1407 γὰρ
1499 1335 1578 1397 είς
1597 1335 1766 1385 ἐπταο

188 1432 364 1495 ετίαν,
395 1431 612 1494 τούτους
637 1432 693 1483 δὲ
747 1432 826 1494 είς
874 1431 1021 1484 ὀκτὼ
1075 1427 1393 1497 παρατείνει
1439 1428 1684 1496 χρόνους,
1716 1428 1769 1478 εἰ

186 1522 441 1591 ἀκριϐῶς
464 1522 555 1574 τὸν
586 1522 710 1575 νοῦν
751 1522 1075 1592 ὲπιστήσαις
1102 1521 1215 1582 τοῖς
1256 1518 1351 1572 τοῦ
1401 1520 1555 1587 ἁγίου
1583 1517 1771 1570 θεσπί·

190 1628 419 1681 σμασιν.
460 1613 524 1665 Εί
554 1614 663 1680 γάρ
697 1614 806 1666 τῶν
836 1614 929 1666 δύο
954 1614 1136 1665 τόπων
1164 1612 1261 1681 τῆς
1286 1612 1575 1680 μετανοίας
1612 1610 1770 1678 μόνον

192 1705 481 1773 μνησθεὶς,
513 1707 785 1775 τέσσαρας
813 1707 870 1758 ὲν
920 1706 1106 1768 αὐτοῖς
1154 1705 1383 1757 διελθεῖν
1417 1703 1585 1772 ὥρισε
1648 1702 1770 1772 χρό-

189 1811 344 1857 νους,
398 1791 543 1865 ἦπου
597 1797 695 1849 καὶ
737 1797 795 1847 ὲν
836 1797 951 1858 τοῖς
983 1795 1133 1848 δυσὶν
1168 1797 1396 1863 ἑτέροις,
1425 1792 1517 1855 οὓς
1558 1795 1772 1863 παρῆκε

1873 590 2006 645 bita.
2081 589 2275 645 Omnis
2320 589 2465 644 enim
2528 596 2849 646 contractus
2894 588 3314 643 niatrimonialis
3354 589 3446 659 qui

1874 687 2159 740 tertiarum
2248 685 2563 753 nuptiarum
2637 684 2774 738 ﬁnes
2846 683 3069 747 transit,
3134 684 3447 752 nuptiarum

1871 777 2161 847 pluralitas
2190 775 2334 828 haud
2367 774 2538 829 dubio
2564 773 2787 828 dicitur.
2825 771 3081 826 Eamdein
3116 773 3451 828 scortatione

1871 870 2112 940 pejorcm
2154 883 2261 923 non
2292 867 2392 922 abs
2418 882 2477 921 re
2507 867 2904 935 pronuntiavit.
2948 865 3082 919 Nam
3112 867 3204 935 qui
3239 876 3450 922 scorta-

1870 975 1982 1027 tur,
2022 964 2075 1017 in
2112 978 2172 1018 se
2211 962 2387 1017 solum
2428 961 2769 1015 facinushoc
2801 960 3063 1024 admittit,
3091 961 3219 1015 dum
3255 968 3452 1030 sponte

1872 1071 1973 1112 sua
2007 1063 2178 1110 semet
2210 1055 2264 1108 in
2290 1053 2604 1122 voraginem
2636 1052 3074 1122 intemperantiae
3107 1052 3407 1121 prtecipitat
3435 1069 3448 1104 :

1872 1148 1965 1219 qui
1996 1161 2124 1200 vero
2150 1154 2374 1214 quartas
2403 1154 2498 1198 aut
2525 1144 2767 1214 .quintas
2816 1145 3158 1199 contraxerit
3204 1143 3429 1211 nuptias

1872 1242 1920 1295 is
1947 1246 2199 1292 etsacros
2227 1250 2489 1295 canones,
2516 1236 2607 1302 qui
2639 1249 2732 1287 eas
2768 1234 3086 1302 prohibent,
3118 1232 3408 1302 proculcat
3432 1271 3446 1295 ,

1872 1337 1927 1383 et
1957 1340 2248 1398 germanos
2280 1339 2411 1379 suos
2439 1324 2639 1377 liberos
2660 1323 2823 1377 afﬁcit
2853 1323 3076 1390 injuria,
3104 1323 3232 1377 dum
3259 1332 3451 1391 praeter

1874 1436 1968 1475 eos
1997 1421 2158 1473 etiam
2199 1419 2420 1488 spurios
2467 1424 2735 1488 procreat.
2774 1414 3068 1485 l‘rOpterea
3107 1425 3230 1484 post
3277 1415 3453 1485 ipsius

1876 1512 2141 1567 facinoris
2173 1510 2554 1572 amissionem,
2596 1515 2647 1562 et
2676 1522 2858 1563 veram
2892 1507 3318 1569 confessionem,
3338 1506 3451 1558 vult

1873 1604 2035 1657 etiam
2093 1604 2315 1671 gravius
2376 1605 2526 1670 ipsos
2588 1601 2810 1670 puniri,
2864 1614 3028 1668 quam
3081 1599 3173 1667 qui
3229 1597 3452 1653 scortati

1877 1695 2101 1750 fuerint.
2135 1693 2233 1749 llis
2259 1694 2402 1747 enim
2438 1691 2934 1763 septenniuin,illis
2963 1704 3137 1745 annos
3168 1700 3289 1743 octo
3320 1704 3454 1744 con-

1876 1787 2053 1842 stituit
2083 1803 2096 1850 ;
2140 1786 2183 1837 si
2217 1793 2474 1838 accurate
2498 1791 2731 1835 mentem
2764 1782 2818 1835 in
2845 1796 2930 1845 ea,
2974 1796 3095 1850 qua:
3125 1781 3208 1833 vir
3230 1790 3453 1834 sanctus

185 1886 281 1938 διὰ
316 1887 720 1957 συντομίαν,ὠς
749 1888 963 1957 δήλους,
1001 1888 1228 1956 ἐτέρους
1256 1887 1337 1939 δεῖ
1360 1887 1632 1953 τέσσαρας
1692 1885 1770 1937 διο

1877 1879 2088 1943 statuit,
2130 1876 2404 1929 delixeris.
2430 1875 2563 1927 Nam
2589 1875 2633 1928 si
2659 1874 2891 1927 duorum
2920 1874 3185 1928 duntaxat
3209 1875 3452 1929 locorum

187 1981 423 2044 αγαγεῖν
462 1979 568 2048 πρὸ
602 1980 699 2047 τῆς
722 1980 830 2031 τῶν
878 1979 1241 2047 ἁγιασμάτων
1298 1977 1587 2046 μεθέξεως.
1633 1979 1689 2029 ὐ
1716 1978 1772 2030 δὲ

186 2066 356 2134 νόμος
384 2069 580 2137 φησίν·
604 2070 783 2120 Ἔστω
821 2063 913 2120 οὖν
951 2068 1109 2119 τοῦτο
1156 2067 1291 2118 πᾶσι
1350 2066 1665 2135 κατάδηλον,
1698 2066 1773 2128 ὡς

191 2158 249 2209 εί
270 2175 355 2220 τις
383 2159 674 2228 τολμήσειε
707 2159 843 2229 πρὸς
863 2161 1124 2229 τέταρτον
1148 2162 1347 2224 γάμον,
1377 2157 1470 2209 τὸν
1509 2158 1569 2209 οὑ
1596 2158 1773 2224 γάμον

189 2248 388 2308 ἐλθεῖν,
419 2251 478 2301 οὑ
516 2252 677 2318 μόνον
718 2250 833 2303 ἀντ’
886 2250 1098 2310 οὐδενὸς
1130 2252 1157 2301 ὁ
1186 2249 1433 2308 τοιοῦτος
1482 2246 1773 2317 νομιζόμεο

186 2356 279 2400 νος
316 2339 699 2409 λογισθήσεται
721 2340 917 2409 γάμος,
945 2340 1062 2392 ἀλλ’
1094 2339 1214 2392 οὐδὲ
1260 2341 1309 2391 oi
1350 2338 1409 2402 ἐξ
1451 2337 1627 2391 αὐτοῦ
1681 2353 1768 2388 τε-

188 2429 417 2500 χθέντες
446 2432 658 2501 γνήσιοι
688 2431 1105 2500 λογισθὴσονται
1127 2430 1338 2493 παῖδες,
1368 2429 1459 2482 καὶ
1492 2431 1610 2489 ταῖς
1646 2444 1767 2480 ποι-

187 2524 311 2583 ναῖς
344 2521 400 2574 δὲ
437 2522 546 2575 τῶν
590 2523 1015 2593 μεμολυσμένων
1065 2526 1133 2594 τῇ
1186 2520 1412 2592 πορνείᾳ
1458 2518 1769 2588 ὐποὸληθή-

191 2628 381 2663 σονται
409 2614 457 2665 oi
504 2613 758 2679 τοιοῦτοι,
792 2614 887 2668 ἀπ’
948 2613 1195 2683 ἀλλήλων
1244 2610 1508 2680 πρότερον
1563 2610 1767 2680 διαιρε-

190 2701 401 2765 θέντες.

1877 1968 2214 2038 pmnilenliae
2255 1967 2533 2019 mentione
2588 1964 2752 2030 facta,
2785 1975 3029 2035 quatuor
3070 1966 3125 2019 in
3168 1966 3249 2020 eis
3280 1981 3455 2020 annos

1880 2058 2157 2127 przrterire
2189 2056 2387 2111 debere
2415 2057 2662 2111 deliniit:
2700 2058 2923 2110 omnino
2959 2057 3012 2110 in
3046 2056 3262 2111 duobus
3291 2058 3453 2110 etiam

1880 2150 2025 2212 aliis,
2066 2164 2206 2217 quos
2236 2148 2544 2216 compendii
2568 2163 2731 2203 causa
2762 2150 2925 2203 veluti
2965 2149 3285 2205 manifestos
3315 2148 3454 2202 omi-

1881 2240 1971 2303 sit,
2020 2240 2111 2292 alii
2156 2248 2395 2307 quatuor
2442 2238 2756 2293 aunicrunt
2798 2240 3045 2308 exigendi
3097 2248 3221 2292 ante
3270 2254 3457 2292 sacra-

1876 2341 2183 2387 mentorum
2232 2331 2654 2400 perceptionem.
2704 2328 2864 2399 Legis
2902 2338 3082 2383 autem
3134 2331 3246 2383 lnec
3292 2332 3456 2384 verba

1875 2433 2041 2479 sunt:
2084 2421 2365 2476 Universis
2435 2420 2781 2475 manifestum
2830 2428 2971 2484 esto,
3033 2420 3176 2488 quod
3230 2420 3276 2473 si
3330 2419 3455 2488 quis

1876 2531 2045 2569 ausus
2106 2514 2270 2568 fuerit
2326 2512 2391 2565 ad
2428 2522 2652 2581 quartas
2703 2513 2994 2565 convolare
3050 2512 3294 2579 nuptias,
3335 2526 3456 2579 qu:e

1875 2606 2079 2673 nuptiae
2107 2619 2212 2658 non
2261 2611 2413 2667 sunt,
2448 2617 2553 2655 non
2591 2604 2751 2656 modo
2787 2601 3120 2664 l‘utnrum,ut
3150 2617 3227 2656 ere
3252 2602 3458 2669 nuptiae

1874 2712 1971 2767 pro
2018 2696 2182 2751 nullis
2222 2695 2528 2750 habeantur
2562 2716 2575 2749 :
2610 2693 2703 2751 sed
2734 2710 2798 2749 ne
2827 2694 2983 2748 liberi
3011 2694 3229 2764 quidem
3263 2708 3328 2748 ex
3374 2694 3456 2749 eis

192 2797 489 2862 Drocreali,
536 2812 635 2866 pro
687 2797 943 2867 legitimis
973 2798 1283 2865 ducantur;
1326 2799 1569 2867 adeoque
1598 2792 1775 2866 poenis
1822 2790 1983 2845 etiam
2016 2788 2345 2859 pollutorum
2395 2787 2728 2843 scortatione
2761 2787 2896 2841 tales
2948 2786 3329 2856 subjicientur,
3360 2784 3457 2842 ubi

190 2883 432 2949 primum
479 2900 509 2938 a
547 2902 606 2941 se
642 2886 869 2941 invicem
902 2888 1156 2957 dirempti
1199 2888 1421 2943 fuerint.

192 2996 335 3064 Περὶ
373 2997 485 3062 τῆς
510 2999 596 3062 είς
620 2998 903 3066 δεύτερον
938 3000 1128 3068 τάμον
1168 3001 1367 3055 ἐλθεῖν
1390 3000 1770 3068 βουλομένης

1575 3070 1599 3082 ο

264 3068 678 3138 γυναικὸς.ᾼέιρ
736 3068 1059 3136 ἀποδημίᾳ,
1105 3072 1143 3137 ἢ
1174 3072 1453 3138 στρατείᾳ
1498 3070 1603 3125 τοῦ
1661 3071 1772 3124 dr-

263 3136 413 3202 δρὸς
448 3136 638 3204 αὐτῆς
660 3139 1120 3207 ἀφανισθέντος.

280 3252 342 3305 ’0
358 3250 443 3303 λα’
462 3252 553 3303 τοῦ
581 3250 814 3320 μεγάλου
847 3253 1127 3305 Βασιλείου
1160 3254 1363 3310 κανών.
1395 3256 1459 3307 Ἠ
1482 3254 1770 3325 ἀναχωρη-

204 3361 419 3407 σαντος,
437 3346 593 3413 φησὶ,
616 3343 711 3396 τοῦ
732 3344 944 3411 ἀνδρὸς,
971 3346 1063 3395 καὶ
1085 3344 1322 3412 ἀφανοῦς
1342 3346 1514 3409 ὄντος,
1532 3348 1604 3417 μὴ
1636 3348 1770 3398 ἀνα-

198 3435 429 3505 μείνασκ
474 3433 572 3503 τὴν
616 3433 895 3498 ἐπάνοδον,
933 3434 1061 3502 μήτ’
1102 3431 1168 3488 αὖ
1214 3436 1352 3503 πρὸς
1382 3437 1489 3487 τῶν
1528 3436 1771 3505 ἀκριϐῶς

195 3528 263 3577 τά
316 3522 441 3576 κατ’
469 3523 513 3553 ³⁸
546 3523 724 3575 αὐτῶν
770 3524 1088 3590 ἐγνωκότων
1145 3525 1391 3593 μαθοῦσα
1451 3527 1498 3578 εί
1556 3526 1773 3596 άληθῶς

191 3616 501 3684 ἐτεθνήκει,
536 3617 629 3668 καὶ
666 3617 988 3685 γαμουμένη
1042 3616 1230 3686 ἑτέρῳ,
1267 3617 1342 3685 τῷ
1392 3618 1490 3686 τῆς
1528 3618 1770 3686 μοιχείας

192 3703 439 3771 ἐνέχεται
466 3704 721 3773 κρίματι.
761 3703 821 3755 Ὀ
850 3703 904 3756 δὲ
938 3704 1102 3767 λςάί
1143 3706 1252 3756 τῶν
1282 3706 1373 3756 ἐπὶ
1403 3708 1612 3775 μακρὸν
1636 3708 1774 3760 ἀπο·

192 3796 517 3865 δημούντων
540 3797 885 3864 στρατιωτῶν
899 3796 1161 3857 σύνευνοι,
1191 3796 1268 3865 τῷ
1296 3798 1463 3866 αὐτῷ,
1489 3800 1647 3866 φησὶ,
1672 3799 1772 3866 τῆς

196 3888 449 3955 μοιχείας
479 3887 785 3953 ἐγκλήματι
817 3888 1264 3956 περιπίπτουσιν.
1303 3889 1527 3957 Ἔχουσι
1567 3888 1623 3940 δέ
1651 3905 1774 3941 τινα

196 3968 560 4046 συγγνώμην,
617 3978 695 4049 τῷ
752 3980 809 4030 ἔν
841 3981 1017 4049 χρόνῳ
1068 3979 1301 4033 Θανάτου
1332 3982 1417 4032 ἀεὶ
1445 3982 1569 4042 τοὺς
1607 3997 1772 4049 στρα-

192 4070 398 4130 τιῶτας
427 4069 857 4133 ὑποπτεύεσθαι,
889 4069 986 4123 ἆτε
1034 4070 1161 4139 περὶ
1206 4070 1496 4139 πολέμους,
1540 4073 1635 4123 καὶ
1662 4090 1774 4125 κιν-

193 4157 412 4222 δύνους,
444 4161 536 4211 καὶ
569 4161 785 4228 σφαγὰς
809 4163 1337 4229 ἀναστρεφομένους.
1361 4162 1484 4223 Τοῖς
1509 4161 1627 4213 δυσὶ
1654 4162 1775 4215 τού-

195 4265 311 4311 τοις
346 4248 440 4301 τοῦ
468 4250 707 4318 μεγάλου
737 4250 925 4303 κανόσι
956 4253 1048 4303 καὶ
1081 4253 1113 4319 ή
1151 4249 1204 4316 ς’
1240 4252 1456 4314 σύνοδος
1480 4252 1773 4321 άρεσθεῖσα

203 4341 557 4406 ἐνενηκοστὸν
600 4342 782 4409 τρίτον
823 4341 1021 4393 κανόνα
1060 4342 1262 4411 ἑαυτῆς
1305 4344 1617 4411 ἐποιήσατο,
1678 4345 1774 4396 αὑ-

196 4431 311 4490 τοῖς
336 4430 449 4489 τοῖς
474 4429 639 4482 αὑτοῦ
667 4432 873 4500 ῥήμασι
900 4433 1247 4501 χρησαμένη,
1276 4432 1367 4484 καὶ
1392 4434 1749 4503 προστίθησιν

194 4516 273 4579 ὡς
290 4518 612 4586 Ἐπανήκων
630 4522 656 4571 ό
672 4521 1004 4592 στρατιώτης
1025 4523 1087 4574 ἐκ
1098 4522 1200 4590 τῆς
1215 4524 1431 4593 χρονίας
1443 4525 1772 4595 ἀποδημίας,

196 4609 249 4661 ιι
283 4608 598 4680 βουληθείη,
627 4610 857 4680 λήψεται
894 4612 993 4683 τὴν
1025 4613 1160 4667 ἰδίαν
1208 4616 1447 4682 γυναῖκα.
1470 4631 1483 4645 ⁸
1523 4618 1772 4683 συγγνώ-

202 4719 278 4770 μη
310 4701 368 4753 δὲ
414 4702 507 4753 καὶ
536 4703 708 4773 ταύτῃ
742 4702 930 4773 καὶτῷ
956 4704 1203 4775 νομίμως
1228 4706 1554 4771 συναφθέντι
1574 4706 1773 4760 δίδοται

195 4790 375 4857 ἀνδρί.
406 4792 481 4842 Οὐ
515 4791 622 4864 γὰρ
647 4792 1031 4863 ὲπιτιμῶνται,
1083 4795 1172 4847 διά
1201 4796 1301 4865 τὴν
1345 4798 1588 4863 ἄγνοιαν.
1631 4796 1775 4849 Ἡδὲ

197 4880 293 4933 τοῦ
334 4881 409 4950 μὴ
431 4880 581 4944 ὄντος
617 4884 973 4953 στρατιώτου,
1006 4885 1395 4953 ἀσύγγνωστος
1430 4887 1503 4955 μὴ
1542 4888 1774 4957 ἀναμεί-

197 4989 337 5025 νασα
360 4974 459 5042 τὴν
483 4972 757 5027 ἐπάνοδον.
792 4976 852 5028 Ei
906 4977 962 5029 δὲ
1016 4977 1111 5047 οὐχ
1161 4979 1395 5047 αἱρεῖται
1441 4980 1471 5047 ἡ
1504 4978 1639 5048 γυνὴ
1674 4979 1772 5048 τὴν

199 5063 343 5131 μετὰ
371 5063 466 5116 τοῦ
498 5065 889 5127 ἐπανελθόντος
917 5069 1251 5135 στρατιώτου
1301 5070 1625 5139 συμϐίωσιν,
1650 5071 1770 5124 οὐδὲ

197 5153 290 5205 τοῦ
321 5153 576 5223 δευτέρου
612 5156 929 5226 άνδρὸςκαὶ
982 5158 1279 5231 βουλομένη
1314 5165 1580 5215 συνοικεῖν
1606 5162 1771 5231 ἐαθή-

200 5257 376 5295 σεται.
412 5243 475 5295 Εί
504 5244 611 5314 γάρ
644 5245 933 5317 βουληθείη
960 5249 1096 5313 ὅλως
1128 5251 1265 5318 μετὰ
1306 5251 1404 5320 τὴν
1427 5252 1635 5305 ἐκείνου
1672 5256 1771 5304 ὲπ-

200 5331 411 5397 άνοῖον,
454 5335 502 5385 εἰ
531 5337 626 5387 καὶ
685 5336 758 5407 μὴ
794 5339 1079 5408 προσίεται
1134 5340 1356 5411 ταύτην,
1388 5341 1466 5393 ἔτι
1500 5344 1769 5394 συνοικεῖν

198 5423 277 5490 τῷ
300 5423 565 5493 δευτέρῳ,
600 5426 676 5488 ὡς
700 5428 949 5497 μοιχαλὶς
990 5431 1456 5500 τιμωρηθήσεται,
1496 5434 1591 5485 καὶ
1623 5435 1650 5485 ὁ
1675 5434 1770 5501 γά-

206 5530 303 5582 μος
338 5514 534 5568 αὐτίκα
566 5517 1046 5588 διασπασθήσεται.
1087 5523 1333 5586 Ἐκείνας
1380 5525 1487 5594 γὰρ
1518 5525 1769 5592 συγγνώ-

1796 3141 1842 3201 C

1756 4476 1771 4501 ’
1806 4477 1850 4531 Ι)

1883 2991 1959 3045 De
1992 2990 2207 3044 muliere
2264 2989 2519 3044 secundas
2556 2991 2624 3043 ad
2682 2992 2894 3059 nuptias
2952 2993 3181 3045 transire
3228 2991 3450 3053 volente,

1948 3064 2102 3143 cujus
2137 3062 2364 3141 maritus
2411 3063 2464 3113 in
2509 3062 2949 3131 peregrinatione,
2992 3065 3069 3116 vel
3125 3064 3454 3131 expeditiora:

1941 3143 2230 3185 tntertertl.

1954 3240 2142 3297 Canon
2183 3258 2315 3295 xm
2376 3241 2562 3297 Basilii
2618 3246 2796 3312 magnl
2849 3259 2863 3296 :
2911 3240 3126 3308 Mulier,
3180 3244 3277 3309 ait,
3332 3258 3454 3313 qua

1876 3334 2078 3388 marito
2131 3348 2355 3404 peregre.
2411 3331 2674 3402 profecto,
2709 3348 2807 3387 nec
2857 3333 3033 3388 adhuc
3082 3345 3453 3405 comparente,

1872 3428 2109 3483 reditum
2154 3427 2273 3495 ejus
2325 3442 2435 3480 non
2487 3428 2928 3496 exspectaverit;
2974 3443 3076 3483 nec
3114 3430 3182 3484 ab
3226 3431 3311 3495 iis,
3357 3429 3453 3502 qui

1873 3519 1993 3588 ejus
2038 3518 2257 3587 negotia
2305 3523 2508 3571 norunt
2560 3527 2813 3572 accurate
2843 3558 2858 3582 ,
2914 3533 3042 3573 vere
3089 3535 3157 3573 ne
3206 3529 3452 3577 mortuus

1874 3611 2000 3673 sit,
2061 3610 2447 3675 intellexerit;
2522 3618 2685 3678 atque
2769 3610 2843 3663 ita
2929 3612 3183 3680 nupserit
3257 3613 3450 3676 alteri,

1875 3702 2128 3757 adulterii
2204 3700 2415 3768 judicio
2496 3709 2733 3755 tenetur.
2812 3701 2947 3755 Item
3011 3718 3185 3757 canon
3263 3718 3449 3759 xxxvi.

1874 3794 2085 3849 Uxores
2135 3793 2367 3845 militum
2405 3792 2595 3860 procul
2643 3793 2831 3861 aliquo
2873 3793 3364 3862 proficiscentium,
3396 3794 3450 3849 in

1874 3886 2016 3942 idem
2059 3887 2313 3940 adulterii
2343 3885 2546 3940 crimen
2575 3885 2822 3939 incidunt
2856 3901 2872 3943 :
2902 3886 2994 3940 sed
3031 3887 3243 3939 veniam
3269 3894 3454 3940 tamen

1875 3978 2109 4045 aliquam
2146 3985 2432 4046 proriterea
2488 3984 2788 4037 merentur,
2822 3975 2970 4044 quod
3012 3991 3233 4045 semper
3265 3975 3454 4029 existi-

1876 4075 2093 4120 mentur
2125 4071 2178 4119 in
2213 4066 2447 4119 articulo
2486 4068 2679 4119 mortis
2725 4082 2848 4120 esse
2899 4067 3121 4128 milites,
3158 4066 3325 4120 veluti
3357 4067 3451 4135 qui

1876 4153 1930 4205 in
1984 4154 2212 4222 prmliis,
2274 4162 2329 4208 et
2386 4154 2666 4222 periculis,
2729 4162 2783 4209 et
2848 4156 3087 4209 caedibus
3140 4165 3449 4210 versentur.

1876 4241 2098 4297 Duobus
2151 4243 2303 4298 hisce
2349 4243 2533 4298 Basilii
2586 4244 2891 4299 canonihus
2940 4248 3246 4300 assentieus
3286 4246 3451 4299 etiam

1875 4338 2025 4383 sexta
2074 4330 2335 4401 synodus,
2393 4343 2524 4382 xcui
2576 4344 2841 4382 canonem
2892 4344 3051 4383 suum
3106 4330 3256 4393 fecit,
3318 4331 3453 4399 ipsis

1877 4419 1996 4486 ejus
2041 4417 2219 4471 verbis
2266 4433 2385 4482 usa,
2440 4425 2494 4469 et
2543 4416 2741 4470 deinde
2792 4418 3058 4486 adjiciens
3089 4433 3105 4471 :
3139 4418 3314 4482 Miles,
3358 4425 3451 4489 qui

1880 4524 1944 4562 ex
2005 4509 2267 4562 diuturna
2335 4506 2678 4577 profectione
2729 4508 3041 4573 revertitur,
3096 4511 3140 4563 si
3196 4512 3450 4578 voluerit,

1882 4611 2108 4649 uxorem
2162 4610 2317 4649 suam
2376 4596 2620 4663 recipiet.
2652 4593 2822 4649 Venia
2863 4612 2992 4651 vero
3047 4605 3156 4651 tam
3194 4600 3297 4671 ipsi
3333 4617 3454 4655 mu-

1878 4686 2019 4751 lieri,
2048 4701 2213 4754 quam
2270 4686 2387 4739 viro
2438 4686 2678 4754 legitime
2725 4701 2847 4741 cum
2884 4702 2945 4742 ea
2982 4691 3233 4758 copulato
3269 4691 3449 4746 datur.

1880 4782 1993 4836 Non
2030 4783 2173 4836 enim
2228 4784 2556 4851 puniuntur,
2602 4796 2824 4853 pr0pler
2870 4785 3258 4854 ignorantiam.
3320 4786 3451 4856 Ejus

1881 4881 2062 4926 autem
2133 4890 2291 4937 uxnr,
2336 4873 2430 4943 qui
2489 4890 2593 4927 non
2635 4884 2717 4928 est
2748 4875 2924 4938 miles,
2970 4877 3015 4930 si
3063 4877 3297 4930 reditum
3340 4892 3450 4932 non

1877 4964 2292 5032 exspectaverit,
2352 4965 2564 5016 veniam
2612 4978 2723 5017 non
2761 4964 3032 5034 impetrat.
3066 4965 3219 5031 Quod
3251 4967 3296 5020 si
3334 4982 3454 5021 mu-

1876 5051 1977 5104 lier
2024 5051 2228 5105 reversi
2301 5051 2489 5106 militis
2545 5054 2970 5108 contubernium
3024 5058 3293 5125 repudiet.
3351 5072 3451 5111 nec

1877 5139 2034 5192 alteri
2085 5140 2314 5202 marito,
2376 5142 2501 5194 licet
2551 5142 2605 5195 id
2656 5151 2912 5212 expetat,
2964 5148 3278 5199 cohabitare
3324 5162 3448 5215 per-

1881 5232 2146 5285 mittetur.
2205 5230 2339 5285 Nam
2393 5231 2437 5286 si
2486 5234 2718 5287 voluerit
2765 5236 2994 5289 omnino
3044 5248 3166 5304 post
3220 5240 3448 5291 reditum

1879 5321 2108 5386 militis,
2162 5324 2288 5376 licet
2339 5338 2456 5376 eam
2504 5340 2612 5379 non
2674 5326 2969 5391 admittat,
3040 5330 3216 5383 adhuc
3268 5342 3449 5385 tamen

1881 5412 2197 5466 cohabitare
2229 5414 2471 5467 secundo
2515 5415 2744 5479 marito,
2781 5425 3033 5485 tanquam
3066 5420 3305 5472 adultera
3352 5435 3453 5489 pu-

1881 5504 2084 5567 nietur,
2140 5515 2193 5558 et
2247 5504 2654 5558 matrimonium
2706 5509 2886 5559 statim
2954 5509 3258 5563 (illlme'llll'.
3314 5511 3444 5564 Nam

1476 5700 1704 5756 VARIJE
1758 5701 2157 5761 ιιιξατιοκιὶε.

277 5788 321 5819 ’⁷
362 5786 688 5843 κατ’λαῦτόν.
