4198 6444
713 372 850 432 1⁸263

2016 367 2047 426 Ι
2055 367 2151 427 US
2179 363 2619 427 CANONICUM

3847 370 3988 436 1265

702 484 828 536 illas
895 479 1194 550 impetrare
1263 475 1478 530 veniam
1550 474 1775 528 tradunt
1851 473 2084 540 Patres,
2163 492 2287 547 quae

2398 493 2504 546 μης
2540 471 2824 538 ἀξιοῦσθαί
2850 488 3016 540 φασιν
3044 473 3090 525 οἱ
3120 473 3386 543 Πατέρες,
3446 475 3546 540 τὰς
3603 478 3842 550 ἑτοίμως
3878 485 3988 550 ἀφ-

704 577 954 640 prompte
1008 566 1251 623 secundo
1319 580 1349 618 a
1417 565 1771 619 matrimonio
1847 566 2158 630 discedunt,
2234 580 2286 622 et

702 670 989 732 peccatum
1021 674 1086 713 ex
1120 656 1432 728 ignorantia
1468 657 1771 726 profectum
1807 672 1914 711 non
1934 659 2282 727 approbant:

707 771 814 808 non
845 768 964 824 qua:
1005 757 1332 821 repugnant,
1383 757 1436 804 ct
1485 749 1734 803 adulterii
1785 752 2068 820 proposito
2117 751 2286 804 iuba:-

704 855 850 902 rent.
884 846 940 900 Si
973 843 1130 900 miles
1178 845 1234 897 in
1265 840 1614 912 expeditione
1655 843 1816 913 degat
1851 842 1990 911 (17),
2031 843 2133 897 hoc
2176 851 2281 909 est,

704 943 761 994 in
793 941 911 994 utili
939 939 1157 1009 publice
1187 945 1476 1006 apparatu,
1511 944 1864 1004 quotcunque
1910 934 2124 989 tandem
2154 934 2282 989 anni

702 1032 943 1093 fuerint,
994 1042 1135 1084 uxor
1185 1027 1304 1095 ejus
1350 1025 1624 1079 hominem
1677 1031 2010 1094 exspectet,
2059 1025 2282 1080 tametsi

704 1125 883 1178 nullas
931 1123 999 1175 ab
1040 1136 1105 1175 eo
1142 1119 1356 1173 litteras
1391 1117 1685 1187 acceperit.
1723 1114 1878 1180 Quod
1905 1117 1950 1170 si
1979 1116 2144 1170 etiam
2185 1117 2282 1170 de-

701 1217 956 1267 functum
996 1212 1213 1276 audiat,
1245 1226 1313 1264 ne
1352 1210 1424 1263 ita
1456 1208 1675 1279 quidem
1725 1209 1908 1264 statim
1957 1210 2146 1262 nubat.
2185 1208 2281 1263 Sin

705 1317 904 1374 praeter
933 1313 1199 1358 statutum
1237 1304 1338 1356 hoc
1374 1302 1641 1370 nupserit,
1680 1310 1788 1354 tam
1825 1302 1962 1371 ipsa,
1991 1317 2154 1371 quam
2185 1301 2280 1370 qui

703 1414 822 1450 eam
870 1394 1048 1459 duxit,
1095 1397 1352 1462 tanquam
1401 1391 1632 1446 adulteri
1667 1393 1986 1461 puniuntur.
2033 1391 2188 1457 Quod
2233 1391 2277 1444 si

704 1489 993 1556 probatum
1043 1482 1230 1544 fuerit,
1264 1497 1356 1536 eos
1412 1483 1504 1552 qui
1555 1481 1622 1536 de
1671 1496 1841 1536 morte
1902 1480 2278 1550 deposuerint,

703 1579 987 1640 mentitus,
1012 1585 1462 1630 exauctorantur.
1488 1573 1552 1626 Et
1585 1575 1678 1643 qui
1714 1589 1966 1628 reversus
1990 1582 2070 1627 cst
2103 1573 2278 1638 miles,

705 1667 982 1720 licentiam
1020 1663 1184 1718 habet
1217 1678 1468 1727 uxorem,
1506 1663 1550 1715 si
1596 1662 1744 1726 velit,
1770 1678 1924 1714 suam
1962 1663 2278 1731 recipiendi.

706 1759 782 1813 De
807 1757 1038 1825 captivis
1077 1765 1261 1809 autem
1311 1753 1526 1809 novella
1565 1753 1786 1818 Leonis,
1819 1755 2143 1823 cognomine
2177 1753 2282 1808 Sa-

705 1852 905 1919 pientis
968 1849 1104 1918 (18),
1171 1846 1390 1911 sancit;
1471 1845 1880 1898 matrimonium
1971 1861 2034 1898 ex
2117 1861 2283 1899 causa

707 1941 1038 2011 captivitatis
1097 1955 1205 1993 non
1254 1939 1437 1993 solvi:
1483 1953 1579 1991 nec
1634 1938 1682 1991 ei
1740 1937 1904 2006 parti,
1944 1953 2061 2006 quae
2114 1938 2282 1992 libera

706 2033 992 2094 manserit,
1052 2032 1256 2094 licere;
1321 2037 1379 2082 ut
1445 2028 1676 2081 alterum
1731 2028 1798 2080 ad
1873 2029 2284 2084 matrimonium

710 2123 983 2190 respiciat.
1009 2119 1163 2184 Quod
1197 2114 1243 2171 si
1274 2118 1437 2172 etiam
1466 2117 1557 2170 alii
1607 2131 1665 2171 se
1697 2116 2066 2185 conjunxerit,
2115 2118 2285 2172 licen-

704 2216 839 2267 tiam
903 2212 1106 2265 habere
1164 2219 1372 2279 partem
1441 2224 1584 2272 eam,
1628 2225 1745 2278 quae
1801 2223 2020 2263 reversa
2081 2210 2154 2264 sit
2219 2224 2287 2264 ex

707 2302 1045 2372 captivitate,
1077 2299 1383 2353 membrum
1431 2312 1592 2351 suum
1640 2297 1953 2363 revocandi,
1984 2305 2038 2353 et
2087 2312 2288 2354 secun-

707 2397 836 2448 dum
872 2391 1278 2444 matrimonium
1309 2389 1620 2444 dirimendi.

715 2504 866 2567 Quod
893 2502 1184 2571 presbyter,
1207 2501 1292 2570 qui
1313 2500 1508 2568 nuptiis
1535 2500 1795 2554 benedixit
1823 2502 2048 2555 alterum
2073 2509 2287 2555 contra-

764 2578 933 2627 hentis
969 2571 1388 2632 matrimonium,
1411 2586 1526 2622 cum
1543 2586 1601 2623 eo
1625 2573 1891 2625 convioari
1910 2588 2010 2625 non
2036 2571 2241 2626 debeat.

786 2665 969 2717 (ianon
1036 2660 1255 2714 concilii
1320 2656 1784 2715 Neocwsariensis
1856 2661 2122 2731 septimus
2177 2674 2288 2716 n0n

714 2762 871 2824 putat
905 2753 1100 2807 debere
1132 2752 1508 2820 presbyterum
1539 2751 1768 2818 nuptiali
1808 2751 2111 2807 secundum
2153 2767 2288 2807 eon-

713 2846 986 2902 trahentis
1030 2843 1443 2898 matrimonium
1489 2845 1738 2899 convivio
1794 2845 2081 2900 interesse.
2118 2843 2289 2910 Quem

718 2941 864 2994 enim
912 2936 1305 3006 objurgaturus
1355 2943 1461 2999 est,
1492 2943 1547 2989 et
1597 2933 1664 2988 ad
1697 2937 1828 2990 anni
1855 2936 2090 3006 spatium
2134 2951 2293 2991 sacra

719 3030 1045 3085 exclusurus
1132 3025 1519 3096 perceptione,
1584 3039 1710 3078 cum
1768 3042 1833 3080 eo
1890 3027 2114 3095 quinam
2176 3024 2293 3080 ﬁeri

623 3153 627 3157 «
718 3131 920 3194 potest,
968 3121 1213 3192 ejusdem
1260 3128 1320 3172 ut
1379 3129 1509 3174 tunc
1560 3135 1764 3174 mensa
1817 3120 1890 3175 sit
1935 3134 2191 3186 consors,
2241 3127 2296 3175 et

718 3216 1030 3285 opinionem
1066 3210 1133 3265 de
1165 3223 1224 3265 se
1261 3209 1518 3278 praebeat,
1548 3211 1703 3281 quasi
1726 3211 2021 3280 participes
2048 3212 2120 3267 sit
2151 3210 2294 3278 ejus,

716 3309 860 3378 quod
916 3305 1141 3377 agitur?
1187 3303 1319 3362 Post
1369 3304 1590 3375 nuptias
1644 3312 1826 3358 tamen
1863 3301 2008 3359 vesci
2057 3318 2183 3357 cum
2232 3317 2298 3359 eo

723 3417 831 3453 nun
859 3398 1267 3468 prohibebitur.

721 3517 1074 3576 Christianos,
1104 3515 1190 3584 qui
1221 3513 1288 3566 ad
1321 3513 1531 3593 nuptias
1562 3523 1705 3577 eunt,
1733 3528 1834 3566 non
1863 3510 2047 3566 debere
2079 3512 2297 3566 ludicris

1315 3593 1537 3636 intentos
1565 3599 1695 3636 εεεε.

790 3700 976 3755 Canon
1060 3699 1376 3753 Laodicena:
1443 3698 1636 3767 synodi
1711 3712 1805 3750 Llll
1891 3696 2185 3766 praecipit,
2241 3705 2300 3748 ut

718 3789 1038 3854 Christiani,
1094 3789 1187 3860 qui
1247 3797 1379 3842 eunt
1432 3787 1499 3841 ad
1547 3788 1765 3856 nuptias
1818 3789 2140 3856 gravitatem
2198 3787 2300 3840 sibi

719 3889 1136 3942 convenientem
1170 3895 1424 3948 servent,
1457 3893 1509 3938 et
1545 3885 1892 3947 saltantibus,
1929 3894 2024 3936 aut
2058 3884 2301 3938 ludicras

720 3996 808 4035 res
849 3981 1161 4049 agentibus,
1191 3977 1434 4031 animum
1473 3993 1579 4032 non
1617 3979 1929 4030 advertant.
1964 3976 2120 4042 Quod
2161 3992 2304 4046 prae-

724 4075 940 4140 ceptum
968 4071 1198 4125 canonis
1227 4070 1393 4138 hujus
1434 4069 1594 4122 modo
1634 4070 1936 4138 neglectum
1959 4069 2123 4137 jacet.

723 4182 800 4237 De
837 4180 1120 4252 virginibus
1172 4189 1370 4250 printer
1416 4189 1692 4301 ﬂorentium
1730 4195 1946 4234 suorum
1979 4182 2301 4234 voluntatem

1351 4267 1419 4301 nu
1459 4261 1563 4301 ent:
1606 4267 1684 4301 us.

1351 4261 1684 4302 nubentibus.

796 4346 984 4400 Canon
1021 4341 1209 4396 Basilii
1265 4340 1446 4409 magni
1506 4354 1732 4405 xxxvtn,
1780 4341 1986 4409 puellas
2035 4340 2176 4394 ﬁlias
2219 4342 2298 4394 t‘a-

727 4438 1025 4497 miliarum,
1056 4451 1176 4503 quae
1222 4443 1419 4503 praeter
1452 4433 1784 4486 voluntatem
1820 4442 2036 4501 patrum
2076 4449 2300 4487 suorum

727 4527 950 4581 amasiis
987 4534 1159 4580 semet
1197 4526 1250 4577 in
1289 4523 1626 4578 matrimonii
1679 4524 2020 4578 consortium
2065 4525 2301 4579 tradide-

730 4619 861 4674 rint,
885 4627 1148 4684 tanquam
1195 4612 1514 4667 meretrices
1553 4612 1728 4680 punit.
1762 4611 1820 4664 Si
1870 4620 2073 4674 tamen,
2103 4613 2302 4681 inquit,

728 4707 1068 4762 reconciliati
1122 4720 1244 4758 cum
1277 4705 1356 4760 eis
1411 4713 1662 4773 parentes
1709 4703 1929 4767 iuerint,
1977 4714 2031 4758 ct
2071 4704 2303 4758 filiarum

727 4815 852 4853 cum
886 4799 1094 4852 amasio
1118 4805 1172 4849 et
1197 4805 1504 4866 stupratorc
1537 4811 1638 4850 suo
1673 4795 2062 4850 commercium
2110 4797 2306 4863 proba-

731 4891 928 4954 vcrint,
985 4889 1131 4956 quod
1169 4889 1235 4941 ab
1270 4888 1426 4940 initio
1450 4897 1642 4940 contra
1680 4889 1823 4954 leges
1846 4886 2028 4950 ﬁebat,
2050 4887 2306 4957 deinceps

731 4989 1013 5052 parentum
1043 4993 1313 5033 consensu
1347 4978 1542 5045 corrigi
1566 4978 1818 5030 etsanari
1844 4977 2073 5030 videtur.
2100 4977 2307 5032 Nihilo-

731 5070 913 5124 minus
961 5071 1123 5124 etiam
1161 5069 1261 5121 hoc
1324 5066 1485 5121 modo
1527 5078 1745 5135 propter
1800 5066 2095 5119 admissum
2156 5071 2306 5134 prius

729 5162 970 5222 facinus,
1005 5161 1194 5214 saltem
1236 5168 1354 5227 post
1408 5159 1724 5221 triennium,
1771 5158 2025 5226 precibus
2077 5158 2308 5212 interve-

734 5252 1030 5314 nientibus,
1085 5251 1518 5304 connnunionem
1564 5250 1949 5318 impetrabunt.
2008 5248 2301 5302 Enimvero

733 5357 867 5400 tunc
906 5343 1167 5412 temporis
1212 5345 1412 5412 nuptiae
1470 5345 1588 5397 solo
1643 5358 1917 5397 consensu
1946 5343 2187 5397 coibant.
2240 5347 2305 5394 At

2397 565 2691 636 ισταμὲνας
2747 564 2840 617 τοῦ
2895 565 3150 634 δευτέρου
3203 566 3566 632 συνοικεσίου,
3620 572 3716 623 καὶ
3779 574 3861 644 τῷ
3926 575 3986 638 ἐξ

2395 657 2622 724 ἀγνοίας
2658 657 2732 727 μὴ
2779 656 3171 726 συντιθεμένας
3219 657 3605 730 ἁμαρτήματι,
3645 664 3707 715 οὺ
3746 663 3859 734 μὴν
3886 666 3982 728 τὰς

2390 747 2813 815 ἀνθισταμένας,
2833 748 2926 800 καὶ
2946 747 3044 818 τὴν
3071 749 3316 818 μοιχείαν
3341 753 3817 820 προαιρουμένοις.
3873 755 3986 806 Εὰν

2392 842 2731 912 στρατιώτης
2761 843 2819 894 ὲν
2887 842 3149 912 ὲξπεδίτῳ
3194 844 3377 913 διάγῃ,
3426 845 3597 912 ἤγουν
3626 846 3684 896 ἐν
3713 844 3985 913 δημωφε-

2389 935 2472 986 ὶεῖ
2512 935 3024 1002 κατασκευάσματι,
3059 936 3218 999 ὅσους
3242 936 3444 1005 δήποτε
3478 940 3791 1002 ἐνιαυτοὺς,
3821 957 3978 1009 περι-

2391 1026 2599 1094 μενέτω
2625 1024 2814 1077 τοῦτον
2845 1025 2876 1092 ή
2902 1025 3069 1078 αὐτοῦ
3091 1026 3327 1098 γαμετὴ,
3356 1027 3461 1080 κᾶν
3487 1031 3535 1082 εί
3561 1030 3636 1101 μὴ
3665 1031 3974 1102 γράμματα

2387 1114 2605 1178 ἐδέξατο
2632 1115 2762 1186 παρ’
2784 1114 2971 1168 αὑτοῦ.
3005 1116 3067 1168 Ei
3103 1116 3159 1168 δὲ
3181 1117 3275 1170 καὶ
3299 1116 3702 1188 τελευτήσαντα
3726 1122 3982 1183 πύεοιτο,

2392 1205 2515 1275 μηδ’
2535 1204 2707 1266 οὕτως
2759 1205 2962 1268 εὐθέως
2989 1207 3296 1275 γαμείσθω.
3327 1209 3388 1261 Εἰ
3419 1209 3478 1262 δὲ
3519 1212 3671 1280 παρὰ
3693 1213 3788 1264 τὸν
3813 1229 3980 1282 προσ-

2387 1293 2666 1363 διορισμὸν
2697 1293 2975 1363 γαμηθείη
3012 1293 3224 1359 τοῦτον,
3278 1295 3373 1347 καὶ
3405 1296 3569 1366 αὐτὴ,
3610 1299 3705 1350 καὶ⁵
3740 1299 3771 1350 ὁ
3798 1298 3982 1350 λαϐὼν

2389 1386 2576 1456 αὐτὴν,
2602 1385 2677 1448 ὡς
2706 1386 2887 1453 μοιχοὶ
2909 1386 3303 1456 τιμωροῦνται.
3335 1387 3394 1439 Εἰ
3427 1389 3483 1441 δὲ
3522 1390 3572 1441 οἱ
3605 1392 3975 1459 καταθέμενοι

2389 1475 2761 1546 ἀποδειχθεῖεν
2791 1475 3151 1544 ψευσάμενοι,
3182 1479 3705 1549 ἀ-ποστρατείονται.
3732 1482 3844 1534 Καὶ
3865 1482 3977 1550 ἔχει

2388 1567 2573 1620 ἄδειαν
2602 1569 2629 1620 ό
2661 1567 2979 1621 ἐπανελθὼν
3027 1570 3390 1638 στρατιώτης,
3416 1571 3516 1642 τὴν
3579 1573 3714 1625 ἰδίαν
3765 1573 3974 1638 λαεεῖν,

2388 1662 2436 1713 εί
2469 1660 2735 1730 βούλοιτο,
2779 1660 3049 1729 γαμετήν.
3083 1661 3220 1730 Περὶ
3248 1662 3310 1714 δὲ
3339 1663 3704 1732 αἰχμαλώτων
3739 1667 3772 1735 ἡ
3807 1671 3976 1734 νεαρὰ

2390 1752 2619 1813 Λέοντος
2646 1751 2739 1803 τοῦ
2766 1751 2962 1819 Σοφοῦ,
2999 1751 3076 1820 μὴ
3102 1750 3326 1805 λύεσθαι
3356 1752 3652 1822 διορίζεται
3695 1756 3968 1825 προφάσει

2319 1829 2358 1882 Β
2387 1841 2488 1910 τῆς
2523 1842 2898 1910 αἰχμαλωσίας
2933 1843 3133 1912 γάμον,
3173 1844 3309 1913 μηδὲ
3345 1843 3423 1913 τῷ
3464 1845 3736 1916 ἐλευθέρῳ
3782 1864 3980 1918 συντη-

2391 1933 2613 2004 ρηθέντι
2649 1935 2805 2005 μέρει
2842 1935 3046 2001 ἐξεῖναι
3077 1936 3217 2006 πρὸς
3248 1936 3439 2007 ἕτερον
3482 1939 3697 1990 ἀπιδεῖν
3731 1927 3978 1992 συνοικέ-

2390 2041 2522 2077 σιον.
2554 2023 2615 2076 Εί
2639 2024 2696 2077 δὲ
2726 2026 2819 2078 καὶ
2852 2027 3148 2097 συναφθείη
3174 2028 3364 2098 ἑτέρῳ,
3386 2028 3571 2082 ἄδειαν
3605 2032 3718 2100 ἔχει
3746 2033 3808 2082 το
3837 2033 3976 2083 ὑποο

2389 2113 2628 2184 στρέψαν
2667 2117 2831 2186 μέρος
2870 2118 2935 2171 ὲκ
2959 2117 3058 2188 τῆς
3087 2119 3490 2188 αἰχμαλωσίας,
3527 2121 3588 2172 τδ
3608 2124 3812 2174 οίκεῖον
3835 2124 3969 2176 ἀνα-

2388 2207 2668 2263 καλεῖσθαι
2730 2209 2909 2279 μέλος,
2972 2211 3067 2264 καὶ
3123 2211 3216 2263 τὸν
3287 2209 3547 2282 δεύτερον
3619 2213 3798 2282 γάμον
3859 2213 3977 2267 δια-

2393 2299 2559 2368 σπᾷν.

2391 2501 2513 2555 Ὀτι
2544 2503 2615 2555 οὐ
2679 2500 2772 2553 δεῖ
2821 2499 2901 2566 τῷ
2955 2501 3310 2571 διταμοῦντι
3354 2504 3797 2562 συνεστιᾶσθαι
3863 2506 3975 2562 τὸν

2701 2570 3178 2640 ἱερολοτήσαντα
3205 2577 3639 2644 πρεσϐύτερον.

2473 2663 2532 2717 '0
2557 2662 2782 2733 ἕϐδομος
2843 2663 2942 2733 τῆς
2997 2663 3055 2715 ὲν
3085 2664 3488 2739 Νεοκαισαρείᾳ
3515 2669 3738 2722 συνόδου
3770 2668 3974 2733 κανὼν,

2392 2755 2766 2824 πρεσῆύτερον
2833 2754 2894 2807 ἐν
2951 2753 3030 2822 τῷ
3083 2755 3248 2825 γάμῳ
3298 2756 3393 2809 τοῦ
3439 2758 3980 2829 δευτερογαμοῦντος

2393 2846 2678 2899 ἔσθιᾶσθσι
2714 2845 2760 2877 ³⁸
2791 2845 2892 2898 οὐκ
2912 2844 3089 2899 οἴεται
3115 2846 3245 2901 δεῖν.
3281 2849 3377 2901 ’ον
3397 2849 3508 2918 γὰρ
3540 2851 3809 2920 ἐπιτιμᾷν
3847 2853 3978 2921 μὲλ-

2391 2937 2496 3002 λει,
2532 2937 2628 2990 καὶ
2665 2939 2752 2989 ἐπ’
2784 2936 3034 2989 ἐνιαυτὸν
3059 2940 3158 3007 τῆς
3185 2937 3336 3002 θείας
3358 2939 3568 3010 εἴργειν
3593 2942 3982 3012 μεταλήψεως,

2395 3028 2512 3092 πῶς
2539 3021 2653 3082 οἶόν
2682 3044 2739 3081 τε
2771 3030 3048 3081 κοινωνεῖν
3102 3029 3275 3098 τούτῳ
3322 3032 3602 3101 τραπέζης
3649 3034 3980 3104 τηνικαῦτα,

2397 3120 2663 3174 καὶκατὰ
2685 3118 2845 3172 τοῦτο
2880 3119 3062 3172 δοκεῖν
3098 3117 3176 3189 τῷ
3226 3123 3500 3191 γινομένῳ
3560 3124 3979 3193 συμπράττειν;

2397 3211 2555 3266 Μετὰ
2581 3210 2766 3280 μέντοι
2793 3210 2888 3265 τὸν
2917 3209 3115 3281 γάμον,
3163 3210 3312 3281 αὑτῷ
3362 3213 3668 3267 συνεσθίειν
3708 3217 3774 3268 οὐ
3805 3217 3987 3269 κωλυ-

2400 3304 2645 3374 θήσεται.

2401 3509 2529 3562 Ὀτι
2558 3508 2698 3576 τοὺς
2719 3510 2806 3573 εις
2837 3509 3032 3576 γάμον
3057 3510 3345 3575 ἀπιόντας
3370 3511 3767 3578 Χριστιανοὺς
3799 3513 3872 3564 οὐ
3895 3509 3989 3563 δεῖ

2827 3581 3125 3647 παιγνίοις
3168 3581 3517 3648 προσέχειν.

2487 3692 2545 3745 '0
2578 3694 2942 3761 πεντηκοστὸς
2990 3693 3170 3763 τρίτος
3220 3696 3319 3761 τῆς
3366 3693 3422 3743 ἐν
3449 3693 3740 3762 Λαοδικείᾳ
3774 3691 3987 3744 κελεύει

2403 3784 2765 3850 κανὼν,τοὺς
2811 3788 2891 3848 είς
2945 3787 3122 3854 γάμον
3165 3786 3430 3845 ἀπιόντας
3461 3783 3827 3851 Χριστιανοὺς
3884 3788 3984 3852 τῆς

2404 3875 2793 3944 προσηκούσης
2822 3877 3007 3938 αὐτοῖς
3053 3875 3456 3927 ἀντιποιεῖσθαι
3507 3875 3860 3942 σεμνότητος,
3894 3875 3993 3927 καὶ

2407 3963 2481 4034 μὴ
2511 3967 2625 4026 τοῖς
2643 3966 2996 4034 ὀρχουμένοις
3023 3965 3054 4034 ἢ
3095 3966 3350 4027 παίζουσι
3385 3966 3679 4034 προσέχειν
3706 3964 3802 4018 τὸν
3835 3964 3990 4018 νοῦν.

2416 4053 2715 4122 Ἥμέληται
2765 4054 2820 4105 δὲ
2853 4053 3018 4106 τανῦν
3042 4057 3108 4106 τὰ
3145 4056 3367 4116 κανόνος
3390 4054 3603 4108 τούτου.

2403 4163 2543 4230 Περὶ
2579 4162 2698 4215 τῶν
2733 4164 3122 4247 γαμουμένων
3149 4165 3464 4247 πμρᾷἐνων
3493 4164 3802 4246 γενναικῶν
3826 4167 3992 4236 παρὰ

2705 4236 2949 4301 γνώμην
2975 4236 3094 4285 τῶν
3144 4238 3386 4286 οἰκείων
3420 4236 3662 4303 γονέων.

2483 4348 2544 4400 Ὀ
2585 4347 2906 4418 τριακοστὸς
2954 4346 3136 4413 δγδοος
3172 4345 3264 4399 τοῦ
3316 4346 3551 4415 μεγάλου
3581 4347 3867 4400 Βασιλείω
3894 4366 3990 4401 κα-

2407 4438 2513 4492 νὼν
2546 4439 2642 4503 τὰς
2702 4438 3029 4504 ὑπεξουσίας
3069 4437 3260 4508 κόρας,
3297 4439 3353 4490 αἳ
3417 4439 3567 4509 παρὰ
3617 4439 3852 4510 γνώμην
3879 4441 3990 4493 τῶν

2413 4531 2555 4584 ἰδίων
2589 4531 2844 4600 πατέρων
2873 4532 2987 4589 τοῖς
3017 4531 3277 4597 ἐρασταῖς
3328 4531 3408 4592 είς
3466 4533 3648 4598 γάμου
3699 4533 3992 4585 κοινωνίαν

2409 4621 2776 4675 ὲκδεδώκασιν
2835 4619 3056 4683 ἑαυτὰς,
3099 4618 3172 4681 ὡς
3226 4619 3434 4689 πόρνας
3495 4622 3878 4684 καταδικάζει.
3930 4624 3991 4674 ΕΞ

2415 4714 2619 4781 μέντοι,
2670 4712 2825 4781 φησὶ,
2894 4711 3230 4777 διαλλαγείεν
3280 4711 3475 4774 αὑταῖς
3533 4713 3581 4763 οἱ
3633 4716 3838 4777 γονεῖς,
3898 4717 3990 4766 καὶ

2415 4805 2552 4872 μετὰ,
2581 4805 2622 4835 ³³
2654 4805 2752 4874 τὴν
2777 4802 2870 4855 τοῦ
2904 4801 3135 4873 ἐραστοῦ
3164 4803 3257 4854 καὶ
3309 4801 3552 4872 φθορέως
3591 4804 3772 4854 αὐτῶν
3811 4806 3991 4856 συνοί-

2413 4910 2572 4962 κησιν
2602 4893 3013 4956 καταδέξαιντο,
3052 4892 3111 4945 τὸ
3138 4892 3196 4956 ἐξ
3221 4893 3396 4961 ἀρχῆς
3423 4894 3751 4962 παράνομον
3780 4898 3847 4961 τῇ
3883 4893 3989 4944 τῶν

2413 4985 2612 5052 γονέων
2642 4983 2865 5052 ὕστερον
2888 4986 3191 5037 συναινέσει
3219 4985 3366 5035 δοκεῖ
3390 4985 3817 5054 θεραπεύεσθαι.
3847 4986 3992 5053 Πλὴν

2415 5078 2507 5128 καὶ
2547 5077 2689 5127 οὕτω
2743 5093 2804 5143 γε
2864 5076 2952 5128 διὰ
3004 5075 3102 5145 τὴν
3146 5077 3421 5146 προτέραν
3473 5077 3826 5145 παρανομίαν
3857 5095 3993 5147 μετ]

2415 5168 2541 5234 τρία
2586 5166 2680 5236 ἐτη
2734 5168 2831 5235 τῆς
2883 5167 3166 5229 κοινωνίας
3237 5166 3513 5229 αἰτοῦντες
3569 5168 3989 5234 εξιιυῡήσονται,

2432 5257 2592 5309 Ἀλλὰ
2631 5260 2752 5309 τότε
2809 5259 2906 5324 μὲν
2956 5259 3263 5310 συναινέσει
3305 5261 3442 5328 μόνῃ
3496 5263 3522 5310 ὁ
3551 5261 3729 5327 γάμος
3783 5261 3990 5309 ἵστατο.

2427 5347 2541 5414 Ἐφ’
2574 5349 2732 5417 ἡμῶν
2788 5349 2844 5401 δὲ
2893 5350 2991 5402 οὐκ
3051 5349 3118 5402 ἂν
3170 5351 3398 5419 συσταίη
3447 5352 3614 5421 χωρὶς
3666 5351 3993 5417 ἱερολογίας.

2026 5481 2254 5535 ὶἈΙῖΙιΕ
2295 5481 2692 5537 LECTIONES.

809 5570 856 5607 ³⁸
877 5571 1174 5627 ἑστιᾶσθαι.
1289 5574 1327 5603 ³¹
1367 5576 1459 5624 καὶ
1483 5572 1578 5641 τὴν
1613 5572 1745 5639 μετὰ
1767 5570 1879 5622 τοῦ.

2287 5686 2514 5740 NO'I'AL.

810 5781 921 5850 (ιτ)
949 5779 1172 5834 novena
1211 5782 1328 5846 m,
1369 5797 1488 5850 cap.
1529 5782 1611 5833 il.

2485 5781 2948 5850 (13)Νυνυ.ί;ι55.
