4198 6444
724 409 855 472 2267

2013 417 2042 474 J
2058 417 2150 475 US
2185 417 2271 476 CA
2285 418 2632 480 NONICUM

3846 425 3981 486 1253

718 533 884 573 tiatur
917 523 980 582 is,
1017 520 1110 587 qui
1157 519 1372 587 propria
1404 535 1598 575 sanare
1639 523 1864 577 vulnera
1891 523 2091 588 debet,
2127 541 2287 594 neque

2401 544 2508 580 των
2543 529 2602 580 οὐ
2639 529 2858 597 μέτεστι
2888 530 2975 582 διά
3005 529 3064 581 τό
3091 531 3374 598 ἁνόμημα,
3401 532 3448 582 εἰ
3483 531 3575 582 καὶ
3598 531 3740 582 κατὰ
3759 533 3984 597 ἄγνοιαν

717 615 991 683 privatim,
1059 627 1237 680 neque
1262 614 1481 682 publice
1524 615 1821 671 convenire
1866 617 2016 671 dicit.
2074 620 2142 670 At
2199 620 2292 688 qui

712 713 932 774 propter
968 703 1268 759 admissum
1296 705 1754 776 facinusipsemct
1784 710 1976 765 horum
2007 711 2282 780 particeps

711 811 832 852 esse
901 797 1110 866 nequit,
1182 798 1307 852 licet
1363 815 1457 866 per
1538 799 1902 869 ignorantiam
1952 804 2152 856 factum
2200 805 2289 867 sit,

713 904 952 955 quonam
1031 889 1195 944 modo
1255 893 1667 948 communicare
1720 911 1842 948 cum
1903 896 2008 948 alio
2076 895 2295 964 possit?

711 980 866 1043 Quod
933 995 1062 1033 sane
1115 981 1160 1033 si
1232 997 1418 1035 verum
1474 994 1576 1048 est,
1637 987 1806 1037 multo
1862 987 2046 1040 minus
2094 1000 2293 1055 corpus

713 1071 932 1124 Domini
992 1072 1310 1129 distribuet.
1368 1074 1512 1129 Satis
1567 1078 1711 1129 enim
1765 1093 1960 1145 magna
2023 1078 2136 1131 haec
2191 1079 2290 1146 ipsi

708 1164 863 1215 venia
909 1173 990 1218 est
1031 1173 1255 1234 propter
1291 1167 1690 1234 ignorantiam,
1726 1169 1872 1237 quod
1917 1186 2024 1224 non
2067 1171 2290 1238 punitus

709 1255 802 1317 sit,
839 1255 948 1308 imo
974 1257 1134 1308 etiam
1173 1257 1447 1311 cathedra!
1491 1259 1562 1312 sit
1603 1259 1782 1313 adhuc
1813 1262 2105 1330 particeps.
2133 1260 2287 1315 llunc

708 1353 888 1397 autem
947 1360 1211 1398 canonem
1277 1347 1482 1415 optime
1547 1348 1962 1417 pronuntiatum
2037 1349 2288 1402 arbitrati

707 1434 883 1485 sam-ti
910 1431 1104 1486 Patres
1133 1435 1328 1504 synodi
1361 1446 1543 1496 sextae,
1579 1437 1904 1505 vigesimum
1937 1447 2150 1492 sextum
2185 1439 2287 1491 sibi

707 1522 975 1588 fecerunt,
1021 1524 1273 1592 ipsismet
1306 1526 1424 1593 ejus
1469 1528 1652 1583 verbis
1710 1530 1818 1594 usi,
1853 1530 1956 1584 hoc
2005 1531 2285 1596 duntaxat,

706 1613 938 1680 adjecto,
1009 1615 1154 1683 quod
1213 1616 1482 1671 incestum
1546 1621 1816 1689 ejusmodi
1877 1624 2285 1678 matrimonium

707 1705 848 1759 haud
876 1706 1039 1761 dubie
1073 1709 1440 1763 dirimendum
1467 1713 1557 1776 sit,
1596 1728 1695 1766 nec
1746 1715 2192 1783 permittendum,
2228 1724 2287 1769 ut

707 1797 819 1849 ullo
852 1799 1014 1853 modo
1065 1800 1150 1852 vir
1166 1815 1228 1853 ea
1273 1799 1508 1862 fruatur,
1548 1811 1774 1872 propter
1799 1819 1963 1871 quam
1997 1804 2279 1861 iunctione

2395 623 2605 688 γέγονε,
2638 623 2748 684 πῶς
2789 618 2940 684 οὗτος
2994 621 3168 690 ἑτέρῳ
3219 620 3472 690 δυνηθείη
3521 621 3885 690 μεταδούναις
3923 623 3981 674 EE

2393 714 2448 765 δὲ
2474 712 2651 775 τοῦτο,
2683 714 2842 784 σχολῇ
2877 715 2927 782 γ’
2953 714 3018 766 ἂν
3041 713 3101 766 τὸ
3138 712 3300 781 σῶμα
3339 712 3434 764 τοῦ
3464 714 3668 782 Κυρίου
3709 714 3982 782 διανεμεῖ.

2407 804 2730 872 Ἀποχρῶσα
2779 805 2887 873 γὰρ
2921 805 3072 873 αὑτῷ
3131 804 3433 873 συγγνώμη
3465 805 3555 856 διὰ
3592 807 3692 875 τὴν
3724 809 3978 873 ἄγνοιαν,

2395 894 2456 946 τὸ
2493 895 2567 964 μὴ
2600 895 2997 964 ἐπιτιμηθῆναι
3037 895 3177 948 ἀλλὰ
3208 898 3304 947 καὶ
3358 898 3459 964 τῆς
3494 895 3770 966 καθέδρας
3815 897 3983 949 εἰσέτι

2397 988 2671 1056 μετέχειν.
2699 988 2802 1040 Τὸν
2844 989 2898 1040 δὲ
2936 989 3140 1040 κανόνα
3181 987 3372 1040 τοῦτον
3409 988 3468 1039 ἐν
3512 988 3680 1040 καλοῦ
3713 990 3886 1060 μοίρᾳ
3917 992 3980 1058 τῇ

2395 1077 2585 1148 πρώτῃ
2617 1077 2872 1146 λεχθῆναι
2903 1078 3226 1147 νομίσαντες
3269 1079 3318 1130 oi.
3349 1079 3446 1146 τῆς
3497 1077 3555 1142 ς’
3583 1079 3807 1130 συνόδου
3853 1078 3983 1130 θεῖοι

2401 1167 2645 1237 Πατέρες
2699 1169 2947 1221 εἰκοστὸν
2985 1168 3146 1221 ἕκτον
3188 1170 3399 1229 ἑαυτοῖς
3431 1170 3828 1238 πεποιήκασιν,
3886 1170 3985 1220 αὐ-

2392 1262 2512 1322 ταῖς
2534 1261 2653 1322 ταῖς
2670 1260 2835 1312 αὐτοῦ
2854 1262 3193 1329 χρησάμενοι
3213 1259 3416 1323 λέξεσι,
3439 1259 3772 1329 προσθέντες
3797 1260 3980 1328 μόνον,

2394 1351 2470 1414 ὡς
2524 1352 2551 1404 6
2607 1350 2851 1413 τοιοῦτος
2907 1352 3146 1420 ἄθεσμος
3182 1350 3362 1419 γάμος
3392 1350 3678 1418 προδήλως
3723 1348 3982 1417 διαλυθή-

2396 1461 2571 1508 σεται,
2619 1445 2714 1497 καὶ
2765 1443 3022 1512 οὐδαμῶς
3061 1443 3089 1494 6
3127 1444 3268 1513 ἀνὴρ
3321 1441 3616 1511 μετουσίαν
3674 1442 3788 1506 ἕξει
3848 1441 3983 1509 πρὸς

2390 1535 2512 1605 τὴν,
2545 1535 2611 1587 δι’
2632 1536 2700 1604 ἢν
2725 1536 2824 1603 τῆς
2854 1535 3005 1604 ἱερᾶς
3045 1534 3328 1603 ἐνεργείας
3379 1533 3668 1601 ἐστέρηται
3699 1549 3712 1561 ·
3776 1533 3824 1584 εί
3873 1531 3983 1601 γὰρ

2395 1626 2469 1696 μὴ
2512 1626 2873 1694 διασπασθείη
2909 1626 2971 1678 τὸ
3009 1625 3248 1695 ἄθεσμον
3302 1625 3658 1686 συνοικίσιον,
3712 1623 3839 1675 οὔτε
3882 1622 3983 1690 τὴν

2391 1718 2664 1787 καθέδραν
2687 1715 2820 1781 ἕξει,
2852 1716 2987 1770 ἀλλὰ
3009 1717 3103 1768 καὶ
3125 1716 3223 1784 τῆς
3246 1715 3575 1785 Ἐκκλησίας
3605 1713 3981 1782 ὲξωσθήτεται

2394 1807 2535 1875 μετὰ
2574 1807 2676 1874 τῆς
2729 1807 3062 1875 παρανόμως
3123 1804 3272 1875 αὑτῷ
3317 1805 3680 1874 μιγνυμένης,
3742 1817 3839 1854 και
3892 1799 3983 1852 διὰ

705 1902 860 1941 sacra
905 1891 1149 1958 privatus
1189 1892 1280 1945 sit.
1325 1891 1534 1962 Quippe
1591 1896 1636 1948 si
1671 1898 2082 1950 matrimonium
2126 1898 2280 1952 ince-

2393 1897 2490 1965 τῆς
2517 1897 2625 1949 τῶν
2659 1896 2939 1966 ἀρχόντων
2978 1895 3232 1960 ἐξουσίας
3275 1897 3304 1947 6
3334 1895 3515 1964 γάμος
3568 1893 3978 1960 διαλυθήσεται.

704 1990 849 2035 ειυιιι
876 1997 984 2035 non
1019 1983 1181 2037 fuerit
1210 1985 1558 2054 diremptum,
1580 2002 1756 2056 neque
1779 1988 2095 2042 cathedram
2113 1989 2281 2045 habe-

708 2069 810 2136 bit,
867 2078 1032 2140 atque
1077 2075 1244 2127 etiam
1280 2077 1583 2144 expelletur
1631 2093 1695 2129 ex
1753 2078 1984 2132 ecclesia
2037 2093 2162 2132 cum
2221 2095 2283 2132 ea

2409 1987 2468 2040 '0
2493 1989 2600 2057 γάρ
2625 1988 2765 2055 μετά
2795 1987 2894 2057 τὴν
2925 1988 3228 2054 ἐπίγνωσιν
3285 1987 3567 2056 ἐπιμένων
3594 1989 3659 2055 τῇ
3708 1983 3979 2053 ἁμαρτία,

2393 2079 2467 2142 ὡς
2492 2080 2829 2150 αίαομίκτης
2867 2080 3108 2149 ἀτεχνῶς
3137 2079 3611 2149 τιμωρηθήσεται.

703 2180 937 2234 quacum
993 2165 1198 2219 nefarie
1233 2167 1563 2226 concubuit;
1597 2176 1651 2222 et
1703 2171 2030 2225 auctoritate
2097 2173 2517 2241 magistratuum
2553 2174 2756 2242 nuptiae
2808 2172 3110 2228 solventur.
3178 2171 3314 2226 Nam
3382 2171 3476 2242 qui
3562 2180 3685 2241 post
3753 2169 3982 2239 agnitio-

701 2274 826 2314 nem
861 2261 914 2316 in
953 2269 1176 2330 peccato
1209 2270 1539 2328 perseverat,
1579 2263 1722 2316 haud
1788 2263 1953 2318 dubie
2006 2273 2264 2336 tanquam
2307 2269 2529 2339 proprio
2554 2269 2807 2337 sanguini
2841 2283 2900 2323 se
2940 2270 3178 2323 miscens
3203 2269 3476 2337 punietur.

878 2375 957 2429 De
993 2375 1144 2428 Iaict’s
1175 2378 1398 2430 incestas
1427 2377 2107 2448 contrahentibusnuptias.

775 2494 1013 2562 Epistola
1068 2493 1253 2550 Basilii
1290 2498 1468 2566 magni
1527 2498 1595 2551 ad
1627 2497 1921 2553 Diodorum
1952 2500 2283 2556 Tarsensem

700 2588 1040 2655 episcopum,
1057 2588 1205 2640 omni
1223 2589 1488 2657 sapientia
1512 2589 1663 2656 plena
1689 2598 1792 2649 est.
1816 2601 1870 2644 et
1893 2594 2142 2646 susoaria
2165 2608 2288 2648 ora-

704 2686 885 2730 torum
923 2687 1039 2730 arte
1087 2689 1304 2732 ornata.
1370 2677 1592 2732 Tractat
1651 2689 1831 2732 autem
1873 2695 1957 2741 ea,
2022 2699 2142 2750 quae
2187 2698 2282 2752 per

705 2768 796 2821 Dei
834 2767 1062 2834 gratiam
1090 2767 1356 2822 hodierno
1383 2768 1470 2823 die
1509 2770 1642 2822 nulli
1692 2771 1902 2824 homini
1959 2771 2281 2829 Christiano

703 2861 756 2909 in
792 2866 1027 2910 mentem
1082 2857 1333 2911 veniunt.
1400 2856 1611 2927 Quippe
1663 2857 1937 2913 Diodorus
1971 2864 2279 2932 aquopiam

703 2950 1094 3018 interrogatus,
1129 2959 1399 3017 possetne
1452 2949 1712 3004 defuncta
1757 2967 1925 3007 uxore
1955 2968 2081 3018 sua,
2122 2970 2271 3009 soro-

706 3058 816 3095 rem
865 3041 983 3111 ejus
1011 3043 1063 3094 in
1096 3044 1506 3096 matrimonium
1559 3045 1807 3112 accipere
1843 3085 1856 3108 ,
1924 3061 2019 3115 per
2075 3047 2283 3104 litteras

706 3135 1082 3202 responderat,
1162 3134 1212 3186 id
1273 3135 1495 3187 minime
1556 3135 1853 3204 prohiberi.
1902 3138 2034 3191 Cum
2103 3150 2281 3193 autem

710 3241 939 3296 magnus
981 3227 1071 3281 ille
1109 3224 1270 3280 Pater
1302 3226 1536 3281 Basilius
1568 3228 1839 3296 ejusmodi
1877 3233 2092 3299 nuptias
2145 3243 2283 3283 veta-

703 3329 808 3381 l'et,
839 3319 1021 3371 oblata
1073 3330 1156 3372 est
1191 3320 1237 3372 ei
1266 3320 1468 3388 scripta
1537 3320 1649 3373 ba'c
1698 3320 1919 3374 Diodori
1989 3326 2278 3376 sententia.

703 3411 876 3469 Onam
915 3425 1039 3465 cum
1092 3426 1149 3465 se
1183 3411 1422 3478 graviter
1459 3411 1794 3478 molesteque
1829 3411 1969 3466 ferre
2028 3414 2108 3466 vir
2150 3429 2278 3467 san-

2393 3411 2658 3479 Ξγγραφος
2715 3413 2990 3480 ἀπόφασις
3054 3415 3440 3483 ἐμφανίζεται.

710 3513 834 3556 etus
885 3500 1238 3563 ostendissel,
1273 3499 1560 3568 epistolam
1612 3499 1750 3552 hanc
1779 3515 1972 3569 magna
2029 3501 2284 3556 refertam

702 3591 937 3644 utilitate
953 3590 1299 3659 composuit,
1346 3604 1452 3658 qua
1479 3604 1588 3642 non
1619 3589 1714 3642 has
1736 3598 1974 3654 tantum,
2001 3592 2095 3645 sed
2120 3595 2284 3646 etiam

705 3699 898 3738 omnes
956 3683 1175 3737 illicitas
1233 3682 1456 3751 nuptias
1495 3683 1711 3735 evertit.
1779 3683 1989 3752 Quippe
2049 3686 2284 3750 generali

709 3775 1077 3844 appellatione
1138 3773 1470 3843 impuritatis
1526 3789 1678 3839 ttsus,
1733 3789 1921 3828 omnes
1974 3774 2286 3838 hnjnsmodi

703 3866 922 3934 nuptias
956 3865 1191 3919 breviter
1213 3873 1299 3919 est
1321 3866 1657 3932 complexus.
1702 3866 1972 3919 Caeterum
2004 3867 2287 3921 incanone

702 3971 833 4010 χχιιι
861 3974 876 4010 :
905 3957 979 4009 De
1009 3957 1096 4018 iis,
1122 3957 1219 4019 ait,
1260 3955 1353 4022 qui
1393 3957 1532 4009 duas
1581 3971 1800 4008 sorores
1837 3958 2065 4022 ducunt,
2124 3959 2285 4025 quale

709 4049 781 4100 sit
831 4056 1080 4100 nostrum
1115 4046 1429 4116 judicium;
1495 4061 1558 4099 ex
1616 4047 1846 4115 epistola
1890 4064 1986 4117 per
2033 4049 2202 4112 brevi,
2257 4062 2285 4101 a

704 4137 864 4190 nobis
887 4136 1113 4199 dictata,
1159 4138 1315 4204 cujus
1340 4139 1650 4204 exemplum
1687 4139 2004 4193 reverentiae
2041 4148 2145 4193 tua:
2184 4141 2286 4193 tni-

704 4230 901 4294 simus,
945 4238 1091 4282 recte
1137 4229 1423 4296 intelliges.
1460 4227 1674 4292 Quibus
1731 4231 1782 4282 in
1840 4231 2023 4285 verbis
2050 4231 2190 4284 hanc
2215 4231 2282 4284 ad

706 4320 1006 4374 Diodorum
1039 4321 1272 4390 epistola
1318 4320 1610 4387 signiﬁcat,
1637 4335 1800 4388 quam
1857 4320 2032 4389 ipsam
2065 4337 2286 4390 quoque

706 4409 775 4463 ad
814 4421 1062 4464 sanctum
1101 4409 1534 4478 Amphilochium
1570 4411 1739 4466 misit.
1787 4410 1850 4464 Et
1881 4428 2034 4476 vero,
2085 4414 2283 4482 inquit,

705 4499 790 4552 sui
839 4500 931 4568 qni
962 4498 1149 4552 fratris
1196 4515 1427 4552 uxorein
1485 4499 1723 4564 duxerit,
1759 4515 1868 4554 non
1896 4504 2050 4571 prius
2105 4508 2285 4572 paeni-

708 4595 888 4644 tentiae
925 4592 1080 4644 locus
1116 4589 1358 4653 dabitur,
1397 4605 1560 4659 quam
1595 4591 1661 4644 ab
1690 4607 1752 4644 ea
1781 4591 2084 4647 diverterit.
2111 4576 2284 4663 Hujus

705 4682 947 4750 epistolae
974 4682 1458 4752 quinquagesitnns
1471 4683 1633 4736 etiam
1649 4691 1876 4752 quartus
1906 4687 2096 4753 synodi
2121 4698 2286 4740 sextae

708 4788 883 4828 canon
915 4777 1184 4837 meminit,
1232 4791 1354 4829 cunt
1400 4775 1474 4827 ait
1516 4791 1530 4830 :
1563 4773 1802 4828 Tametsi
1840 4791 2040 4844 paucas
2071 4792 2133 4830 ex
2156 4793 2282 4846 pro-
2310 4752 2363 4810 D

712 4864 905 4920 hibitis
939 4866 1148 4934 nuptiis
1175 4867 1256 4919 vir
1293 4875 1518 4920 sanctus
1547 4868 2043 4929 enumeraverit,et
2068 4870 2286 4923 silentio

708 4958 1023 5024 complures
1047 4972 1234 5011 earum
1283 4957 1630 5026 praeterierit,
1688 4972 1753 5010 ne
1785 4972 1937 5010 suam
1979 4961 2281 5012 orationem

707 5048 956 5116 profanis
982 5049 1262 5104 vocabulis
1293 5048 1623 5113 sordidaret,
1658 5064 1752 5117 per
1777 5051 2084 5117 generalem
2145 5052 2286 5103 dun-

707 5148 865 5193 taxat
897 5141 1235 5210 impuritatis
1266 5141 1680 5210 appellationem
1745 5140 1969 5196 nefariis
2027 5145 2284 5198 omnibus

709 5230 918 5298 nuptiis
940 5231 1195 5286 indicatis
1227 5247 1240 5281 :
1279 5248 1378 5286 nos
1445 5239 1628 5284 tamen
1662 5231 1949 5286 deﬁnimus
1985 5248 2134 5294 eum,
2186 5237 2277 5302 qui

708 5335 833 5376 cum
865 5324 1198 5379 consobrina
1240 5339 1338 5378 sua
1374 5325 1593 5393 nuptias
1621 5325 1919 5388 contrahit,
1961 5327 2039 5379 vel
2073 5337 2279 5394 patrem

711 5422 767 5470 et
817 5416 987 5470 lilium
1020 5432 1144 5472 cum
1175 5429 1349 5471 matre
1383 5430 1445 5470 ac
1496 5415 1630 5479 lilia,
1664 5417 1744 5470 vel
1778 5425 1984 5485 patrem
2023 5428 2077 5472 et
2112 5420 2279 5474 lilium

712 5523 841 5564 cum
897 5510 1113 5566 duabus
1144 5512 1448 5574 sororibus,
1496 5510 1737 5565 velduos
1763 5509 1962 5567 fratres
1997 5529 2120 5566 cum
2150 5515 2282 5568 dua-

713 5599 820 5656 bus
869 5604 1173 5667 sororibus,
1221 5606 1323 5660 sub
1347 5617 1610 5659 canonem
1647 5604 1916 5672 septennii
1960 5607 2174 5672 cadere;
2205 5609 2282 5662 sic

2647 2387 2786 2456 Περὶ
2813 2385 3042 2441 λαῑκῶν
3075 2386 3694 2454 ἀθεμιτογαμούντων.

2476 2501 2538 2553 Ἠ
2576 2500 2632 2554 δὲ
2663 2501 2798 2570 πρὸς
2825 2501 3090 2571 Διόδωρον
3140 2501 3229 2553 τὸν
3270 2499 3573 2552 ἐπίσκοπον
3602 2497 3822 2568 Ταρσοῦ
3876 2496 3970 2550 τοῦ

2391 2592 2630 2661 μεγάλου
2667 2591 2946 2645 Βασιλείου
2976 2592 3260 2660 ἐπιστολὴ,
3296 2592 3479 2660 πάσης
3520 2590 3618 2659 μὲν
3651 2589 3851 2656 σοφίας
3882 2605 3978 2639 πε-

2397 2685 2705 2754 πλήρωται,
2756 2685 2861 2737 καὶ
2908 2687 3169 2755 ῥητορικῇ
3215 2683 3594 2753 περιήνθισται
3628 2681 3974 2748 πιθανότητι.

2389 2775 2774 2837 ’Λνασκευάζει
2801 2775 2879 2838 δὲ,
2909 2775 3044 2828 ἅττα
3069 2775 3244 2836 οὐδεὶς
3279 2774 3355 2835 είς
3374 2773 3418 2803 ³⁸
3439 2773 3680 2824 διάνοιαν
3697 2770 3977 2839 ἀνθρώπῳ

2388 2866 2696 2935 Χριστιανῴ
2723 2871 2787 2936 τῇ
2819 2867 2911 2920 τοῦ
2943 2868 3077 2919 Θεοῦ
3106 2867 3289 2936 χάριτι
3322 2868 3427 2933 τὴν
3456 2868 3695 2934 τήμερον
3727 2864 3973 2931 ἔρχεται.

2401 2958 2729 3028 Ἐρωτηθεὶς
2763 2958 2872 3027 γὰρ
2900 2958 3037 3027 πρός
3061 2976 3210 3020 τινος
3241 2961 3267 3010 ὁ
3317 2957 3606 3027 Διόδωρος,
3657 2958 3705 3007 εί
3754 2956 3978 3006 δύναιτο

2388 3049 2484 3116 τῆς
2507 3050 2764 3114 γυναικὸς
2798 3048 2963 3100 αὐτοῦ
3014 3049 3285 3118 θανούσης
3332 3047 3432 3118 τὴν
3463 3047 3680 3114 ἐκείνης
3733 3045 3976 3114 eastra-1

2393 3140 2698 3206 ἀγαγέσθαι
2772 3141 2908 3210 πρὸς
2980 3139 3180 3209 γάμον,
3251 3141 3590 3210 ἁπεκρίνατο
3653 3140 3976 3208 ἐγγράφως,

2391 3230 2549 3282 τοῦτο
2585 3231 2658 3301 μὴ
2687 3231 3011 3284 κωλύεσθαι.
3038 3231 3126 3302 Τῷ
3162 3234 3219 3285 δὲ
3242 3233 3460 3301 μεγάλῳ
3497 3232 3669 3300 Πατρ“ι
3704 3229 3976 3297 Βασιλείῳ

2392 3322 2481 3373 τὶν
2502 3321 2739 3374 τοιοῦτον
2759 3323 3161 3393 ἀπαγορεύοντι
3182 3325 3345 3392 νόμον
3365 3325 3430 3388 ⁸⁸⁵,
3459 3325 3491 3393 ἡ
3519 3321 3612 3374 τοῦ
3624 3321 3912 3391 Θεοδώρου
3933 3321 3976 3350 ³⁷

3507 3413 3520 3431 '
3533 3412 3683 3480 Υπὲρ
3741 3408 3810 3481 ἧς
3879 3410 3976 3463 καὶ

2390 3505 2787 3572 δεινοπαθήσας
2827 3507 2853 3556 ό
2920 3507 3092 3572 ἅγιος,
3153 3506 3252 3576 τὴν
3288 3505 3489 3575 πολλῆς
3558 3504 3836 3571 ὡφελείας
3891 3504 3978 3570 γέ·

2394 3610 2600 3662 μουσαν
2634 3594 2892 3659 συνέταξε
2924 3597 3132 3663 ταύτην
3197 3596 3512 3664 ἐπιστολὴν,
3559 3595 3635 3664 μὴ
3680 3595 3843 3663 μόνον
3883 3593 3975 3645 τὸν

2391 3684 2654 3746 τοιοῦτον,
2706 3685 2842 3738 ἀλλὰ
2880 3688 2974 3737 καὶ
3021 3688 3201 3739 πάντα
3265 3687 3508 3755 ἄθεσμον
3559 3687 3980 3754 ἀνατρέπουσαν

2392 3777 2586 3844 γάμον.
2629 3775 2717 3845 Τῷ
2739 3779 2846 3846 γὰρ
2881 3778 3083 3846 γενικῷ
3106 3779 3452 3848 χρησάμενος
3485 3779 3584 3846 τῆς
3624 3778 3979 3844 ἀκαθαρσίας

2390 3868 2634 3934 ὀνόματι.
2670 3867 2893 3930 τούτους
2921 3867 3169 3929 ἅπαντας
3208 3867 3636 3936 ἐμπεριείληερεν
3670 3868 3726 3916 ἐν
3757 3866 3974 3934 βραχεῖ.

2404 3959 2579 4010 Ἐν·δέ
2609 3959 2684 4028 τῷ
2719 3958 2805 4026 κγ’
2829 3959 3034 4023 κανόνι,
3073 3961 3205 4028 Περὶ
3235 3959 3343 4010 τῶν
3376 3958 3488 4023 δύο,
3525 3961 3710 4026 grav,
3740 3958 3979 4022 d6:l;;i;

2392 4050 2721 4118 γαμούντων
2755 4051 2901 4112 ὅπως
2959 4050 3157 4119 ἔχομεν
3195 4051 3452 4120 κρίσεως,
3512 4051 3619 4101 ἀπὸ
3667 4049 3762 4100 τοῦ
3805 4052 3976 4100 ἐκπε-

2392 4144 2717 4211 φωνημένου
2781 4145 2924 4212 ἡμῖν.
2961 4143 3347 4204 ἐπιστολιδίου,
3398 4137 3458 4195 οὗ
3521 4142 3579 4193 τὸ
3639 4143 3975 4209 ἀντίγραφον

2392 4234 2818 4301 ἀπεστάλκαμέν
2835 4251 2928 4286 σου
2951 4238 3016 4303 τῇ
3043 4235 3319 4303 εὐλαϐείᾳ,
3341 4234 3397 4286 εὖ
3418 4234 3560 4303 μάλα
3581 4235 3702 4302 εἴσῃ
3728 4249 3742 4262 ο
3767 4233 3976 4296 ταύτην

2392 4327 2456 4394 δὴ
2485 4327 2657 4392 λέγων
2682 4327 2781 4392 τὴν
2813 4326 2949 4396 πρὸς
2975 4326 3240 4395 Διόδωρον
3283 4326 3595 4394 ἐπιστολὴν,
3619 4326 3687 4394 ἢν
3718 4329 3814 4377 καὶ
3843 4329 3972 4392 πρὸς

2392 4418 2482 4469 τὸν
2537 4420 2698 4484 ᾰγιον
2738 4417 3033 4485 πέπομφεν
3095 4417 3464 4485 Ἀμφιλόχιον.
3499 4415 3589 4484 Τῷ
3623 4416 3679 4467 δὲ
3730 4416 3972 4476 ὶαδόντι,

2393 4509 2547 4575 φησὶ,
2576 4507 2670 4558 τοῦ
2706 4507 2835 4558 ίδίου
2869 4507 3098 4574 αδελφοῦ
3145 4510 3242 4574 τὴν
3275 4509 3530 4574 γυναῖκα,
3586 4507 3646 4557 ού
3703 4507 3974 4573 πρότερον

2391 4600 2556 4660 τόπος
2583 4601 2874 4667 μετανοίας
2896 4599 3208 4667 δοθήσεται,
3248 4600 3376 4669 πρὶν
3412 4599 3477 4650 ἂν
3505 4597 3712 4664 ταύτης
3735 4599 3973 4664 ἀποστῇ.

2392 4690 2612 4759 Ταύτης
2643 4694 2740 4759 τῆς
2764 4691 3054 4757 ἐπιστολῆς
3086 4690 3183 4742 καὶ
3213 4691 3240 4740 6
3275 4688 3346 4741 νδ⁹
3392 4689 3493 4758 τῆς
3544 4690 3712 4758 ἕκτης
3749 4687 3974 4740 συνόδου

2392 4781 2573 4834 κανὼν
2606 4782 2901 4850 μέμνηται,
2960 4781 3052 4833 καί
3098 4798 3261 4849 φησιν
3293 4799 3305 4811 ·
3342 4781 3402 4833 Ei
3464 4782 3557 4833 καὶ
3593 4780 3816 4846 ὀλίγους
3867 4780 3972 4830 τιέκ

2393 4876 2782 4944 ἀπειρημένων
2815 4874 3011 4943 γάμων
3042 4876 3069 4925 ό
3106 4875 3262 4939 ’ἅγιος
3294 4872 3663 4941 ἠριθμήσατο,
3703 4874 3887 4939 σιωπῇ
3922 4871 3974 4921 δὲ

2393 4969 2517 5029 τοὺς
2549 4967 2743 5028 πλέους
2776 4966 2983 5019 τούτων
3035 4966 3415 5034 παρέδραμεν,
3456 4965 3542 5016 ἵνα
3580 4964 3654 5030 μὴ
3677 4966 3770 5014 τὸν
3814 4963 3972 5028 λόγον

2393 5058 2757 5130 καταρυπάνῃ
2789 5060 2896 5118 τοῖς
2941 5056 3188 5125 βεϐήλοις
3212 5057 3458 5125 ὀνόμασι,
3487 5057 3552 5123 τῇ
3599 5056 3698 5120 τῆς
3726 5052 3974 5121 ἀκαθαρ-

2396 5149 2516 5208 σίας
2567 5149 2729 5217 μόνον
2780 5151 2973 5218 γενικῇ
3031 5149 3378 5217 προσηγορία
3439 5147 3565 5206 τοὺς
3620 5145 3978 5213 παρανόμους

2394 5240 2716 5308 σύμπαντας
2749 5240 3032 5303 ὑποδείξας
3068 5241 3296 5310 γάμους.
3340 5237 3478 5292 Ἀλλ’
3510 5238 3668 5306 ἡμεῖς
3691 5235 3974 5302 ὁρίζομεν,

2393 5333 2482 5383 τὸν
2521 5335 2585 5400 τῇ
2623 5333 2802 5400 οἰκεία
2845 5331 3110 5400 ἑξαδέλφῃ
3149 5330 3402 5398 γαμικῶς
3461 5328 3894 5395 συναπτόμενον,
3943 5329 3973 5394 ἦ

2396 5424 2606 5491 πατέρα
2642 5423 2737 5475 καὶ
2765 5423 2880 5474 υίὺν
2910 5423 3101 5492 μητρὶ,
3133 5423 3228 5474 καὶ
3248 5421 3501 5490 θυγατρὶ,
3535 5419 3567 5488 ἦ
3593 5418 3687 5471 δύο
3715 5418 3976 5484 ἀδελ-,ταῖς

2398 5515 2612 5583 πατέρα
2656 5514 2750 5566 καὶ
2787 5513 2920 5577 υἱὸν,
2979 5513 3012 5581 ἢ
3049 5511 3312 5578 ἀδελφοὺς
3382 5510 3476 5562 δύο
3498 5509 3653 5561 δυσὶν
3686 5506 3976 5573 ἀδελςαίς,

2392 5605 2496 5657 ὑπὸ
2515 5608 2606 5658 τὸν
2626 5605 2724 5675 τῆς
2759 5607 3050 5666 ἑπταετίας
3070 5606 3293 5656 πίπτειν
3311 5604 3530 5664 κανόνα,
3564 5601 3975 5670 ἀφισταμένους

2001 5742 2229 5797 νΑΙῖΙᾸΞ
2277 5746 2674 5804 LECTIONES.

787 5828 827 5858 ‘"
858 5827 992 5883 ἆττα
1024 5831 1139 5882 οὐδὲ
1165 5835 1263 5894 εἰς.
1378 5835 1419 5864 ³⁸
1455 5834 1644 5901 γάμον.
1765 5835 1806 5864 ³⁸
1847 5834 2130 5906 Διοδώρου.
