4198 6444
222 407 363 481 19159

1487 416 1753 475 (iit-EGO
1787 414 1992 472 ROJlA
2005 416 2043 472 Χ
2062 415 2192 479 UM.

3371 410 3478 475 ξεττ)

222 526 497 591 πρότερον
550 520 644 573 τοῦ
698 523 1019 590 παρανόμου
1079 523 1442 574 συνοικεσίου.
1489 524 1545 575 '0
1593 524 1649 575 δὲ
1701 521 1793 575 τοῦ

1902 531 2102 586 tannn,
2173 533 2229 576 ut
2268 540 2304 576 τι
2370 522 2579 577 nefario
2650 523 2905 592 coujttgio
2964 522 3117 591 prius
3170 522 3473 579 discedant.

222 620 465 688 μεγάλου
497 617 776 671 Βασιλείου
820 616 893 683 ξζ¹
935 620 1033 686 τὴν
1073 618 1459 687 ἀδελφομιξὲαν
1489 620 1570 680 είς
1620 618 1793 670 εἴκοσι

218 711 468 780 χρόνους,
491 710 565 772 ὡς
586 713 677 762 καὶ
697 711 787 761 τὸν
814 711 973 779 φόνον
990 712 1055 774 ³⁸,
1087 710 1187 779 τῆς
1207 712 1492 774 κοινωνίας
1522 711 1791 763 ἐκϐάλλει.

228 802 289 853 Ὀ
307 801 365 853 δέ
395 819 459 869 γε
490 800 591 870 ξη’.
633 802 696 853 Ἥ
718 801 816 869 τῆς
850 801 1228 871 ἀπειρημένης
1260 804 1414 869 φησὶ,
1472 803 1796 868 συγγενείας

215 894 355 963 πρὸς
387 896 565 963 γάμον
604 895 867 957 σύστασις
896 896 945 947 εί
992 894 1296 963 φωραθείη,
1330 895 1400 947 τὰ
1448 894 1555 946 τῶν
1591 894 1798 964 μοιχῶν

216 988 475 1055 ἐπιτίμια
503 986 737 1053 δέξεται.
775 988 955 1056 “Amp
987 987 1150 1049 εἰσιν,
1179 987 1212 1057 ἡ
1241 988 1321 1050 είς
1351 986 1411 1039 ιε’
1442 990 1668 1056 χρόνους
1698 988 1799 1056 τῆς

211 1078 499 1141 κοινωνίας
530 1078 810 1150 στέρησις,
878 1078 1145 1149 πρότερον
1196 1080 1291 1133 τοῦ
1338 1081 1519 1150 γάμου
1552 1079 1797 1133 διασπω-

216 1165 407 1228 μένου.

301 1254 362 1308 Ὀ
378 1255 435 1309 δέ
463 1254 555 1320 σε’,
595 1257 655 1309 ’0
682 1257 883 1328 ἀδελφῇ
912 1258 1015 1328 ἰδία
1043 1261 1107 1312 ἐκ
1132 1260 1338 1329 πατρὸς
1364 1261 1397 1331 ἢ
1427 1261 1633 1331 μητρὸς
1657 1278 1797 1330 συμ-

217 1344 492 1414 μιανθείς,
527 1346 623 1398 καὶ
656 1345 751 1398 τοῦ
782 1347 933 1400 οἴκου
967 1349 1066 1417 τῆς
1104 1352 1414 1420 προσευχῆς
1456 1350 1796 1414 ἐξωθείσθω,

214 1437 417 1505 φησιν,
452 1436 555 1499 ἕως
590 1435 656 1491 ἂν
694 1438 803 1491 ἀπὸ
831 1442 897 1509 τῇ
929 1441 1027 1508 τῆς
1053 1442 1096 1474 ³⁸
1130 1441 1391 1510 ἀθεμίτου
1424 1446 1519 1494 καὶ
1558 1442 1800 1511 παρανό-

217 1543 324 1596 μου
367 1528 583 1596 μίξεως.
630 1529 1031 1600 Ἀποσχόμενος
1061 1531 1153 1596 δέ,
1198 1532 1293 1586 καὶ
1326 1532 1493 1598 ἀξίως
1532 1534 1799 1602 μετανοήη

214 1633 339 1680 σας,
372 1618 511 1685 μετὰ
533 1617 739 1671 δώδεκα
769 1619 863 1691 ἐτη
889 1621 989 1691 τῆς
1019 1622 1169 1685 θείας
1193 1623 1463 1688 ἀξιούσθω
1490 1624 1795 1685 κοινωνίας.

223 1707 287 1761 Ὀ
316 1708 373 1759 δέ
414 1706 528 1778 οη’·
570 1711 634 1761 Οἱ
670 1710 765 1763 δύο
814 1712 1051 1781 ἀδελφὰς
1088 1715 1167 1776 εἰς
1206 1715 1543 1767 συνοικέσιον
1584 1713 1796 1781 λαμῦἀ.

213 1815 431 1863 νοντες,
482 1802 529 1851 εξ
584 1802 679 1853 καὶ
731 1803 871 1855 κατὰ
917 1803 1207 1873 διαφόρους
1246 1806 1504 1874 χρόνους,
1556 1806 1692 1875 μετά
1738 1805 1799 1857 τὸ

208 1890 620 1959 διασπασθῆναι
654 1894 742 1944 τὸν
776 1894 1038 1962 ἀθέμιτον
1067 1897 1274 1965 γάμον,
1308 1896 1383 1966 τῷ
1413 1898 1508 1966 τῆς
1552 1899 1794 1967 μοιχείας

210 1983 531 2037 ὑπόκεινται
569 1985 821 2055 κρίματι.
869 1986 927 2040 '0
946 1988 1002 2040 δὲ
1033 1986 1137 2052 ος¹⁸
1181 1988 1238 2042 ὐ
1262 1990 1420 2051 αὐτὸς
1452 1990 1609 2053 ἔστω,
1640 1991 1795 2060 φησὶ,

212 2076 386 2139 τύπος
422 2079 516 2129 καὶ
554 2078 684 2147 περὶ
721 2079 828 2132 τῶν
871 2079 970 2141 τὰς
1005 2081 1222 2148 νύμφας
1268 2082 1448 2135 αὐτῶν
1495 2083 1799 2151 λαμϐανόι-

210 2184 341 2221 των.
385 2168 444 2219 ’0
474 2170 528 2220 δὲ
554 2169 631 2221 00'
655 2184 668 2198 '
702 2172 810 2224 Καὶ
839 2172 888 2223 οἱ
909 2175 1026 2235 ταῖς
1061 2176 1330 2243 μητρυαῖς
1364 2174 1543 2227 αὐτῶν
1576 2176 1798 2243 ἐπιμαι-

210 2259 432 2327 νόμενοι
452 2259 517 2323 ⁵⁸,
554 2259 631 2328 τῷ
662 2263 848 2314 κανόνι
882 2264 1221 2328 ὑπόκεινται,
1327 2267 1419 2319 καὶ
1444 2267 1493 2319 oi
1520 2268 1641 2330 ταῖς
1669 2269 1796 2320 ἐαυ-

212 2352 323 2404 τῶν
358 2350 613 2417 ἀδελφαῖς
647 2355 1122 2423 συμμιαινόμενοι.
1168 2358 1227 2409 Ὀ
1269 2358 1323 2410 δὲ
1354 2359 1453 2426 τῆς
1483 2360 1540 2411 ἐν
1567 2360 1801 2413 Νεοκαι-

213 2446 416 2514 σαρεεα
443 2446 659 2498 συνόδου
694 2445 759 2515 β’,
792 2446 888 2498 σὺν
920 2446 1071 2499 δυσὶν
1112 2449 1359 2517 ἀδελφοῖς
1399 2452 1799 2521 γεγαμημένην

212 2536 541 2598 ἐξωθεῖσθαι
568 2538 669 2605 τῆς
710 2537 1033 2607 Ἐκκλησίας
1060 2539 1165 2603 ἕως
1192 2540 1426 2594 θανάτου
1458 2542 1686 2601 κελεύει,
1724 2544 1798 2615 μὴ

214 2628 548 2697 πειθομένην
578 2629 738 2682 λῦσαι
774 2630 976 2699 δηλαδὴ
1010 2632 1103 2684 τὸν
1133 2634 1333 2703 γάμον.
1364 2636 1524 2705 Νόσῳ
1557 2637 1611 2690 δέ
1644 2654 1797 2706 περι-

212 2718 461 2771 πεσοῦσα
494 2722 560 2788 τῇ
597 2719 827 2773 θάνατον
855 2721 1177 2793 ἀπειλούση,
1216 2725 1262 2775 εί
1304 2726 1701 2795 ἐπαγγέλλεται
1725 2727 1799 2790 ὡς

212 2810 454 2877 ραἲσασα
487 2808 640 2863 λύσει
673 2812 765 2862 τὸν
809 2811 1024 2880 γάμον,
1066 2815 1459 2885 προσδέχεσθαι
1514 2820 1592 2882 είς
1636 2820 1798 2888 μετά·

211 2915 383 2952 νοιαν.
419 2899 480 2951 Εί
529 2899 584 2952 δὲ
619 2902 713 2953 καὶ
754 2901 852 2971 τὴν
882 2906 1117 2969 γυναῖκα
1150 2906 1470 2977 τελευτῆσαι
1516 2912 1755 2980 συμὸαίη
1782 2953 1796 2976 ,

213 2988 244 3057 ἦ
279 2990 376 3041 καὶ
409 2991 501 3043 τὸν
531 2990 733 3061 ἄνδρα,
774 2994 854 3047 ἔτι
882 2998 948 3065 τῇ
980 2998 1201 3071 τοιαύτῃ
1237 3003 1553 3072 παρανομία
1590 3004 1797 3074 ἑνισχηο

216 3079 446 3144 μένους,
496 3081 763 3151 δυσχερὴς
816 3084 848 3152 ἡ
905 3086 1165 3152 μετάνοια
1217 3088 1294 3157 τῷ
1351 3090 1791 3159 περιλειφθέντισ

213 3165 495 3237 ἐλέγχεται
525 3169 655 3239 γὰρ,
686 3171 760 3234 ὠς
802 3172 903 3225 οὐκ
936 3173 1001 3226 ἂν
1026 3175 1239 3245 ἀπέστη
1280 3177 1381 3247 τῆς
1412 3180 1704 3248 ἁμαρτίας,
1746 3183 1793 3234 εί
1824 3192 1868 3251 c

214 3257 295 3309 ἔτι
330 3259 526 3326 περιῆν
563 3260 625 3311 τὸ
672 3262 1035 3331 ἀποιχόμενον
1073 3264 1388 3333 πρόσωπον.
1434 3269 1491 3319 Ὀ
1517 3268 1571 3321 δέ
1610 3270 1708 3337 τῆς
1739 3272 1795 3323 ἐν

224 3349 473 3418 Ἀγκύρῃ
522 3349 599 3402 κε’
659 3352 843 3415 ὶδικῶς
893 3355 1021 3423 περί
1075 3372 1222 3418 τινος
1263 3357 1681 3427 ἐκπεφώνηται,
1737 3361 1797 3425 ὃς

214 3439 386 3511 κόρην
422 3442 521 3509 μέν
551 3458 673 3495 τινα
706 3445 1137 3513 ἐμνηστεύσατο,
1174 3450 1238 3517 τῇ
1268 3450 1325 3500 δὲ
1353 3450 1559 3519 ταύτης
1596 3451 1794 3523 ἀδελφῇ

214 3530 591 3601 συμφθαρεὶς,
648 3532 925 3602 ἐγκύμονα
975 3537 1289 3605 ἐποιήσατο.
1338 3540 1492 3592 Μετά
1538 3541 1595 3593 δέ
1640 3542 1798 3595 τοῦτο

214 3621 492 3689 γήμαντος
533 3622 701 3675 αὑτοῦ
732 3625 831 3691 τὴν
878 3626 1145 3696 μνηστὴν,
1186 3629 1218 3697 η
1257 3628 1522 3697 φθαρεῖσα
1553 3631 1656 3683 ὑπὸ
1699 3632 1799 3702 τῆς

213 3709 393 3779 λύπης
427 3713 732 3783 ἀπήγξατο.
779 3715 918 3779 Τοὺς
967 3712 1062 3772 οὖν
1112 3720 1420 3784 συνειδότας
1461 3722 1799 3791 ἐψηφίσαντο

212 3803 259 3854 oi
300 3803 548 3872 Πατέρες
574 3807 669 3857 ἐπὶ
693 3807 829 3859 δέκα
858 3807 952 3876 ἐτη
981 3808 1057 3880 μὴ
1091 3812 1450 3881 κοινωνῆσαι·
1497 3816 1797 3879 συνειδότες

210 3892 264 3945 δέ
296 3896 459 3959 εἰσιν,
489 3897 537 3947 οἱ
568 3899 1016 3966 συμπράξαντες,
1050 3903 1110 3954 ού
1144 3902 1252 3972 μὴν
1280 3906 1328 3956 oi
1367 3905 1581 3973 ἔχοντες
1606 3908 1797 3973 ἁπλῶς

213 3986 451 4055 εἴδησιν,
485 3988 580 4039 καὶ
619 3990 863 4043 κωλῦσαι
917 3992 991 4061 μὴ
1042 3992 1367 4063 δυνάμενοιο
1421 3998 1514 4049 ἐπὶ
1548 4000 1656 4069 γὰρ
1689 4000 1797 4055 τῶν

214 4077 490 4147 ἀθεμίτων
525 4081 778 4149 πράξεων
812 4083 909 4153 ούχ
954 4079 1119 4154 ἦττον
1165 4088 1214 4138 oi
1264 4088 1654 4158 συνεργοῦντες
1687 4091 1797 4145 τῶν

212 4170 531 4241 αύτουργῶν
580 4174 970 4242 τιμωροῦνται.
1037 4176 1097 4229 '0
1154 4178 1209 4231 δὲ
1264 4178 1333 4233 ια’
1385 4180 1480 4233 τοῦ
1533 4184 1573 4233 Τ
1580 4184 1796 4251 ιμοοέου

222 4258 637 4330 Ἀλεξανδρείας
676 4266 803 4328 τοὺς
848 4268 1146 4339 κληρικοῦς
1191 4271 1404 4325 κελεύει
1466 4274 1539 4343 μὴ
1582 4276 1797 4329 ἀπιέναι

212 4352 585 4422 καλουμένους
609 4357 691 4417 είς
717 4358 918 4427 γάμον,
948 4362 996 4413 εί
1019 4361 1272 4414 πύθοιντο
1297 4359 1434 4416 εἶναι
1461 4366 1795 4437 παράνομον,

212 4447 378 4513 εὖχῆς
424 4447 587 4516 χάριν
638 4451 734 4501 καὶ
781 4455 1121 4522 προσψοράς.
1175 4454 1376 4506 Πολλοῦ
1421 4472 1483 4521 γε
1552 4457 1633 4508 δεῖ
1677 4458 1798 4527 μεθ’

1899 615 2083 668 Canou
2133 626 2312 669 autem
2375 632 2512 670 XLVtI
2570 614 2755 668 Basilii
2794 614 2973 682 magni
3032 613 3329 674 hominem,
3381 613 3476 681 qtti

1900 722 2024 759 enm
2062 722 2258 761 sorore
2282 721 2380 759 sua
2420 722 2534 759 rem
2595 705 2874 766 habuerit,
2917 704 2970 756 in
3030 718 3205 757 annos
3264 701 3476 772 viginti,

1900 798 2043 853 sicut
2073 809 2127 853 et
2181 799 2535 860 homicidam,
2574 813 2603 849 a
2637 794 3029 852 communione
3091 795 3291 864 rejicit.
3343 793 3476 848 Item

1900 905 2060 944 Lxrnt
2097 905 2273 944 canon
2311 905 2323 940 :
2367 888 2423 941 Si
2473 888 2875 957 deprehensum
2913 884 3102 947 fuerit,
3136 887 3336 955 inquit,
3366 901 3481 939 ma-

1902 988 1939 1031 ιι
1957 980 2219 1032 imonium
2240 976 2494 1033 contrahi
2523 991 2591 1030 ex
2611 977 2945 1047 cognatione
2971 975 3271 1043 prohibita,
3304 990 3478 1043 preme

1901 1072 2267 1125 adulterorum
2296 1067 2705 1139 irrogabuntur.

1973 1250 2104 1316 Qure
2154 1248 2374 1320 quidem
2420 1254 2571 1309 sunt,
2605 1260 2635 1300 a
2676 1243 3066 1301 communione
3099 1242 3166 1295 ad
3203 1258 3269 1295 xv
3308 1256 3482 1297 annos

1898 1343 2200 1405 exclusio,
2278 1340 2628 1394 matrimonio
2703 1338 2858 1407 prius
2928 1337 3222 1406 dirempto.
3292 1335 3480 1389 Canon

1903 1451 2030 1490 vero
2081 1450 2220 1489 Lxxv
2264 1434 2337 1485 ait
2371 1450 2383 1485 :
2413 1430 2517 1497 Qui
2564 1445 2684 1485 cum
2728 1444 2921 1484 sorore
2966 1444 3088 1493 sua,
3122 1430 3312 1483 eodem
3355 1433 3480 1479 uata

1903 1538 2055 1597 patre
2100 1525 2184 1579 vel
2230 1534 2422 1585 matre,
2456 1538 2578 1576 sese
2614 1521 2846 1589 polluit,
2888 1522 3053 1574 etiam
3095 1530 3245 1573 extra
3294 1532 3483 1587 preca-

1904 1619 2067 1673 tionis
2116 1616 2287 1672 redeat
2342 1615 2651 1685 expcllitor,
2693 1614 2891 1683 inquit,
2941 1613 3119 1666 donec
3166 1612 3234 1666 ab
3272 1612 3483 1664 incesto

1900 1718 1954 1766 et
2006 1708 2216 1763 nefario
2252 1707 2544 1761 concubitu
2595 1706 2939 1761 discesserit.
2972 1706 3109 1759 Cum
3156 1714 3337 1756 autem
3381 1703 3482 1756 ab-

1904 1800 2181 1861 stinuerit,
2230 1809 2277 1853 et
2329 1809 2477 1853 recte
2523 1800 2900 1868 paenitentiam
2941 1798 3148 1866 egerit;
3191 1796 3479 1849 duodecim

1902 1894 2060 1947 annis
2116 1893 2356 1956 exactis,
2421 1893 2868 1946 communionem
2930 1905 3142 1945 sacram
3207 1890 3479 1954 impetret.

1901 1989 2087 2041 sznon
2122 2002 2325 2040 LXXVIII
2360 2004 2372 2041 :
2403 1985 2506 2051 Qui
2539 1986 2677 2041 duas
2718 2000 2939 2040 sorores
2971 1985 3025 2039 in
3068 1984 3480 2037 matrimonimn

1903 2080 2200 2147 accipiunt.
2234 2080 2363 2132 licet
2402 2078 2637 2133 diversis
2668 2079 3027 2147 temporibus.
3072 2086 3359 2145 postquam
3398 2076 3484 2129 di-

1903 2182 2128 2241 remptae
2167 2168 2373 2224 fuerint
2416 2170 2643 2224 incesta:
2698 2171 2936 2240 nuptiae,
2981 2169 3231 2223 adulterii
3275 2168 3484 2233 judicio

1902 2268 2175 2313 tt-ncntur.
2210 2259 2401 2313 Canon
2443 2275 2606 2312 Lxxvr
2651 2276 2666 2314 :
2714 2259 2936 2322 Eadem,
2985 2258 3182 2326 inquit,
3236 2260 3376 2309 ratio
3412 2245 3482 2310 sit

1900 2353 2065 2406 etiam
2110 2352 2165 2404 in
2216 2352 2305 2416 iis,
2349 2352 2441 2419 qui
2490 2367 2663 2405 nurus
2708 2366 2839 2406 suas
2879 2350 3090 2405 ducunt
3133 2366 3349 2403 uxores.
3380 2350 3483 2403 Ca-

1904 2460 2013 2499 non
2053 2459 2220 2497 LXXI);
2267 2460 2280 2497 :
2331 2440 2506 2495 Etiam
2543 2442 2600 2504 ii,
2635 2442 2725 2509 qui
2763 2457 2887 2497 cum
2919 2442 3176 2496 novercis
3207 2443 3323 2496 suis
3364 2457 3485 2496 sese.

1902 2537 2173 2607 polluunt,
2207 2549 2421 2589 canone
2469 2544 2726 2588 tenentur
2757 2534 2978 2597 eodem,
3010 2548 3121 2603 quo
3162 2544 3214 2588 et
3276 2535 3351 2587 illi
3389 2536 3481 2603 qui

1900 2642 2025 2681 cum
2074 2626 2193 2680 suis
2236 2638 2357 2678 sese.
2403 2624 2689 2677 sororibus
2739 2623 3051 2692 inquinant.
3092 2621 3324 2676 Concilii
3355 2637 3484 2677 vero

1900 2715 2360 2770 Neocaesariensis
2418 2729 2596 2767 canon
2672 2712 2948 2767 secundus
3007 2712 3293 2766 mulierem
3358 2727 3485 2766 cum

1902 2808 2118 2862 duobus
2149 2814 2373 2874 nuptam
2418 2803 2683 2859 fratribus
2717 2819 2888 2872 usque
2925 2802 2993 2856 ad
3026 2811 3254 2857 mortem
3288 2803 3484 2872 expelli

1902 2896 2149 2949 Ecclesia
2180 2894 2355 2965 jubet,
2388 2894 2433 2947 si
2465 2908 2655 2963 parere
2684 2895 2894 2948 scilicet
2922 2894 3059 2949 nolit
3092 2895 3144 2947 in
3177 2893 3485 2948 dirimendo

1901 2988 2274 3041 matrimonio.
2328 2985 2383 3041 Si
2440 2995 2621 3041 tamen
2669 2987 2722 3039 in
2774 2987 3026 3041 morbum
3074 2986 3347 3049 inciderit,
3392 2991 3482 3055 qui

1902 3085 2132 3151 mortem
2186 3077 2511 3140 minitetur,
2569 3092 2634 3131 ac
2688 3078 3016 3145 polliceatur
3062 3092 3141 3139 se,
3193 3091 3482 3147 postquam

1903 3165 2262 3227 convaluerit,
2300 3166 2524 3234 nuptias
2577 3166 3018 3236 dirempturam,
3090 3167 3482 3223 admittendam

1900 3270 2021 3309 esse
2068 3254 2137 3307 ad
2184 3256 2587 3323 jzmnitentiam.
2632 3256 2788 3322 Quod
2842 3258 2889 3311 si
2933 3258 3013 3312 vel
3057 3258 3365 3322 mulierem,
3403 3262 3482 3313 vel

1899 3348 2103 3413 virum,
2147 3349 2301 3402 obire
2353 3360 2580 3403 tnottem
2628 3350 2936 3418 contingat,
2991 3352 3122 3404 dum
3168 3352 3347 3405 adhuc
3391 3354 3485 3405 tal't

1899 3438 2148 3493 facinore
2204 3449 2332 3494 sunt
2386 3440 2673 3509 implicati,
2739 3440 2973 3495 dillicilis
3020 3442 3341 3510 pmoitentia
3390 3456 3485 3495 su-

1902 3532 2119 3601 perstiti
2163 3547 2411 3600 personae
2450 3534 2800 3602 relinquitur.
2845 3533 3111 3603 Arguitur
3139 3539 3308 3597 enim,
3340 3536 3484 3603 quod

1900 3638 1927 3677 a
1968 3633 2191 3693 peceato
2220 3625 2535 3679 discessura
2592 3641 2699 3677 non
2741 3625 2923 3691 fuerit,
2979 3626 3025 3680 si
3074 3627 3251 3680 adhuc
3297 3642 3487 3698 super-

1898 3722 2011 3768 stes
2085 3724 2232 3768 esset
2283 3728 2512 3781 persona
2555 3716 2839 3769 defuncta.
2913 3716 3102 3769 Canon
3152 3724 3333 3771 autem
3380 3734 3485 3771 xxv

1898 3803 2200 3872 Ancyram}:
2244 3803 2440 3872 synodi
2473 3803 2541 3857 de
2584 3806 2818 3871 quodam
2869 3806 3221 3874 peculiariter
3248 3819 3329 3861 est
3361 3823 3487 3877 pro-

1901 3894 2202 3957 nuntiatus,
2255 3894 2345 3961 qtti
2388 3896 2622 3963 puellam
2670 3896 2775 3949 sibi
2836 3896 3131 3965 quamdam
3175 3898 3487 3967 desponde-

1898 3995 2013 4051 rat,
2072 3997 2126 4041 et
2186 3998 2433 4055 προσίοι)
2490 4002 2615 4041 cum
2662 3988 2780 4055 ejus
2828 4003 3021 4042 sorore
3079 3991 3284 4053 habita,
3344 4006 3485 4060 prte-

1896 4087 2154 4147 gnantem
2219 4078 2360 4131 hanc
2441 4076 2661 4132 fecerat.
2725 4078 2930 4133 Deinde
3005 4082 3296 4135 celebratis
3355 4098 3479 4135 cum

1898 4185 2100 4241 sponsa
2133 4172 2359 4239 nuptiis,
2393 4180 2637 4239 stuprata
2690 4186 2850 4225 soror
2899 4174 3065 4225 animi
3102 4173 3293 4227 dolore
3341 4183 3485 4229 mota

1902 4266 2095 4331 laqueo
2144 4263 2307 4315 vitam
2369 4263 2602 4316 finierat.
2644 4261 2831 4331 Itaque
2869 4266 3124 4319 conscios
3188 4266 3241 4318 iu
3308 4282 3485 4323 annos

1900 4357 2087 4411 decem
2129 4357 2397 4408 arcendos
2432 4370 2459 4406 a
2496 4358 2906 4415 communione,
2934 4354 3126 4410 Patres
3152 4367 3483 4413 statuerunt.

1902 4448 2123 4501 Couscii
2185 4463 2317 4500 vero
2364 4456 2513 4510 sunt,
2566 4449 2823 4500 lacinoris
2875 4450 3186 4518 participes,
3237 4466 3343 4504 non
3392 4452 3483 4520 qui

214 4534 516 4603 ίερολογίας
537 4537 826 4603 ζευγνύναι
852 4540 977 4602 τοὺς
1001 4540 1143 4593 οὕτω
1171 4542 1348 4610 γῆμαι
1369 4544 1791 4613 προελομένους,

1909 4542 2232 4609 simpliciter
2291 4541 2366 4593 rei
2435 4539 2684 4591 notitiam
2737 4540 3050 4607 habebant,
3097 4549 3151 4596 et
3200 4543 3487 4611 prohibere

212 4626 297 4677 ενα
331 4626 407 4695 μὴ
430 4627 741 4697 ἀλλοτρίαις
773 4631 1177 4701 κοινωνήσωσιν
1212 4635 1531 4702 ἁμαρτίαις.
1576 4636 1633 4687 '0
1665 4637 1795 4690 ἀοέο

216 4734 370 4784 μιτος
401 4720 463 4770 ού
503 4719 821 4787 βεϐαιοῦται
849 4723 1046 4791 γάμος.
1083 4726 1180 4777 Διά
1214 4726 1371 4777 τοῦτο
1397 4726 1492 4777 ἐὰν
1528 4727 1634 4797 πρὸ
1665 4746 1798 4781 κατ-

212 4812 443 4879 ηγορίας
498 4812 663 4883 λυθῇ,
727 4820 1095 4885 συγχωρεῑται
1143 4820 1391 4887 ήποινή.
1438 4820 1563 4871 Ἐπὶ
1616 4822 1707 4873 τοῦ
1739 4824 1799 4876 ἐν

209 4902 406 4971 ἀγνοίᾳ
449 4905 744 4973 γενομένου
796 4907 1055 4977 ἀθεμίτου
1085 4910 1299 4977 γάμου,
1337 4910 1520 4963 δίδωσι
1554 4914 1798 4979 συγγνώ-

216 5009 323 5061 μην
353 4995 450 5047 καὶ
486 4996 518 5065 ή
560 4996 882 5067 Ἐκκλησία,
912 5001 1007 5052 καὶ
1032 5002 1065 5069 η
1098 5002 1472 5071 ἐπανόρθωσις
1495 5002 1589 5055 τοῦ
1618 5007 1800 5075 ἀμαρ-

212 5086 480 5155 τήματος.
523 5088 633 5140 Καὶ
671 5090 924 5157 μάλιστα,
965 5092 1013 5143 εί
1046 5093 1117 5162 μή
1151 5110 1238 5145 πω
1260 5094 1305 5124 ⁵⁸
1336 5095 1435 5163 τῆς
1462 5096 1626 5147 αὑτοῦ
1662 5113 1796 5149 κατ⁴

214 5179 511 5247 ηγνὶρησεν.
546 5181 609 5233 Ol
638 5182 993 5251 αἱμομίκται,
1034 5186 1142 5236 εἴτε
1194 5188 1371 5253 γονεῖς
1415 5188 1553 5251 πρὸς
1592 5189 1757 5239 τέκνα
1781 5228 1795 5250 ,

214 5269 250 5340 ἢ
280 5268 449 5322 τέκνα
480 5271 617 5340 πρὸς
647 5277 844 5341 γονεῖς,
880 5275 913 5343 ἢ
946 5275 1166 5345 ἀδελφοὶ
1198 5278 1334 5347 πρὸς
1364 5278 1617 5347 ἀδελφὰς,
1655 5280 1795 5347 ξίφει

212 5360 692 5429 τιμωρείσθωσαν.
742 5366 804 5417 Οἱ
840 5365 895 5417 δὲ
922 5366 1062 5420 κατά
1097 5367 1264 5437 ἄλλην
1310 5370 1634 5437 συγγένειαν
1662 5372 1795 5440 πρὸς

214 5450 482 5521 ἀλλήλους
534 5454 1033 5527 συμφθειρόμενοι,
1064 5460 1311 5511 τουτέστι
1348 5461 1531 5531 πατὴρ
1578 5461 1657 5522 εἰς
1699 5477 1797 5527 γυ-

1907 4649 2015 4686 non
2066 4640 2339 4700 poterant.
2384 4630 2517 4683 Nam
2561 4633 2612 4683 in
2647 4632 2869 4685 nefariis
2902 4633 3211 4687 actionibus
3242 4649 3346 4687 non
3381 4635 3485 4688 mi-

1906 4742 2009 4779 nus
2037 4726 2137 4785 illi,
2169 4725 2260 4794 qui
2295 4724 2495 4777 factum
2528 4724 2811 4791 adjuvant,
2843 4742 3005 4793 quam
3034 4727 3123 4794 qui
3153 4726 3271 4793 ejus
3300 4734 3490 4779 aucto-

1906 4834 1995 4873 res
2046 4825 2198 4878 sunt,
2230 4816 2550 4883 puniuntur.
2587 4818 2773 4869 Canon
2830 4832 2959 4870 vero
3009 4818 3337 4870 undecimus
3398 4816 3487 4869 Ti-

1912 4910 2116 4964 mothei
2165 4908 2522 4961 Alexandrini
2571 4910 2811 4977 episcopi
2862 4910 3126 4979 praecipit.
3179 4922 3236 4962 ut
3278 4911 3485 4970 clerici,

1908 5016 2029 5055 eum
2063 5000 2381 5061 imitantur,
2423 4999 2647 5051 minime
2680 5001 2898 5068 nuptias
2932 5001 3148 5060 adeant,
3177 5004 3220 5053 si
3254 5000 3488 5052 nefarias

1906 5106 2031 5145 esse
2066 5097 2421 5157 cognoscant,
2468 5104 2692 5157 precum
2723 5100 2778 5144 et
2804 5091 3098 5145 oblationis
3128 5104 3314 5144 causa.
3342 5087 3489 5143 Tan-

1906 5195 2020 5239 tum
2074 5186 2262 5247 abest,
2314 5191 2371 5235 ut
2420 5182 2563 5235 votis
2610 5183 2783 5236 sacris
2845 5182 3341 5236 intervenientibus
3394 5197 3488 5236 eos

1904 5275 2240 5346 conjungere
2284 5274 2519 5327 debeant
2564 5274 2699 5343 (:20),
2749 5274 2842 5343 qui
2895 5274 3114 5342 nuptias
3172 5273 3486 5341 hujusmodi

1906 5366 2237 5420 contrahere
2266 5366 2489 5426 volunt,
2522 5379 2590 5418 ne
2627 5365 2922 5433 participes
2957 5365 3259 5419 alienorum
3296 5377 3487 5431 pecca-

1910 5469 2089 5511 torum
2128 5456 2277 5512 fiant.
2305 5456 2576 5512 lncestum
2609 5455 3019 5510 matrimonium
3049 5470 3155 5511 non
3188 5454 3485 5511 continea-

1486 5568 1717 5624 νικιιιλε
1757 5568 2159 5623 LEC'l'lONES.

324 5657 372 5691 ⁸⁸
394 5658 579 5729 φονέα.
659 5660 702 5692 ³⁹
728 5660 920 5731 ἀπωθῇ
952 5664 1068 5732 τῆς.
1146 5663 1189 5693 ⁸⁸
1216 5664 1674 5732 ἐτιμιαινόμενοι.

1755 5666 1795 5694 ⁸¹
1844 5666 1886 5714 εἰ
2030 5680 2113 5715 πω
2149 5663 2263 5726 τάς.

1771 5718 2001 5815 ικοτξιέ.

290 5848 405 5918 (ευ)
436 5850 471 5903 l.
526 5850 613 5905 as.
667 5849 693 5919 ξ
734 5850 875 5906 Idem
922 5851 1169 5906 tutum.
1214 5853 1273 5908 υ.
1329 5854 1391 5907 μοι
1432 5853 1465 5907 l.
1514 5851 1623 5905 Jul.
1658 5852 1725 5906 ιιι
1757 5855 1925 5905 alii.
