4198 6444
703 376 833 440 ῙΞἸῙ

703 608 862 662 pmna
915 592 1228 646 remittitur.
1277 591 1332 646 In
1373 596 1577 663 nuptiis
1621 596 1840 650 incestis
1887 613 1982 659 per
2015 601 2270 668 ignoran-

702 686 831 738 tiam
881 687 1202 751 contractis,
1251 688 1460 740 veniam
1510 688 1600 740 dat
1642 696 1750 741 tam
1794 689 2058 752 Ecclesia,
2106 707 2268 761 quam

704 778 907 848 peceati
949 781 1234 832 correctio.
1270 780 1602 845 Praasertim,
1634 781 1678 833 si
1715 796 1812 834 nec
1856 783 1983 835 dum
2025 785 2149 850 quis
2179 800 2273 839 eas

707 870 1003 923 accusavit.
1045 868 1148 935 Qui
1199 887 1257 925 se
1305 872 1524 940 proprio
1571 875 1818 941 sanguini
1862 877 2088 928 miscent
2135 875 2272 944 (2i),

709 961 823 1015 sive
850 968 1106 1028 parentes
1132 976 1253 1014 cum
1294 961 1502 1027 liberis,
1540 963 1652 1016 sive
1685 964 1837 1018 liberi
1872 981 1992 1019 cum
2035 967 2277 1033 parenti-

707 1049 831 1114 bus,
867 1050 950 1102 vel
998 1049 1194 1103 fratres
1233 1065 1356 1102 cum
1404 1052 1710 1114 sororibus,
1745 1053 1924 1121 gladio
1956 1055 2273 1122 puniuntor.

705 1139 810 1205 Qui
848 1148 1026 1193 autem
1065 1157 1132 1193 ex
1166 1141 1274 1194 alio
1304 1144 1648 1212 cognationis
1695 1144 1864 1214 gradu
1911 1144 2141 1199 invicem
2174 1147 2274 1200 sibi

707 1240 956 1298 Stuprum
1021 1232 1327 1295 intulerint,
1365 1234 1528 1287 veluti
1571 1243 1722 1302 pater
1770 1235 1954 1300 nurui,
2003 1237 2085 1290 vel
2137 1235 2280 1291 filius

713 1323 865 1376 uxori
919 1325 1111 1391 patris.
1153 1325 1253 1378 hoc
1285 1333 1388 1386 est,
1433 1340 1702 1388 novercae,
1734 1327 1818 1379 vel
1850 1326 2078 1379 vitricus
2113 1327 2280 1395 privi-

710 1427 852 1480 gnae,
913 1413 995 1465 vel
1066 1413 1234 1466 frater
1293 1412 1447 1466 uxori
1510 1412 1718 1477 fratris,
1773 1416 1853 1469 vel
1909 1425 2136 1485 patruus
2189 1427 2284 1470 aut

712 1503 1016 1556 avunculus
1085 1502 1208 1556 ﬁliae
1274 1501 1461 1560 fratris
1519 1513 1610 1558 aut
1671 1507 1913 1568 sororis,
1978 1508 2061 1560 vel
2139 1507 2282 1564 [ilius

710 1594 893 1649 fratris
924 1603 1018 1647 aut
1077 1595 1306 1661 sororis,
1371 1596 1549 1650 amitae
1582 1597 2014 1662 velmaterterm,
2057 1600 2140 1652 vel
2191 1601 2283 1668 qui

707 1685 918 1740 duabus
1003 1687 1310 1751 sororibus,
1381 1696 1475 1740 aut
1549 1688 1708 1741 matri
1792 1697 2032 1743 externae
2087 1705 2152 1744 ac
2221 1689 2287 1742 il-

709 1775 814 1828 lius
872 1775 993 1830 filia:
1043 1777 1222 1831 sciens
1291 1778 1362 1830 ita
1443 1793 1501 1832 se
1548 1779 1789 1843 miscet;
1853 1780 1939 1835 his
1993 1781 2174 1847 simul,
2234 1789 2288 1835 et

1961 384 2097 443 JUS
2139 384 2580 444 CANONICUM

703 513 811 554 tur.
860 497 1095 566 ideoque
1144 499 1190 552 si
1246 510 1370 554 ante
1419 505 1828 559 aci’usationem
1875 508 2112 562 solutum
2161 509 2315 578 sit“

2398 514 2538 563 ιαῖκα
2575 513 2721 571 υἱοῦ,
2760 513 2790 580 ἢ
2827 511 2936 573 υίὸς
2969 512 3047 572 είς
3085 511 3319 576 γυναῖκα
3355 510 3589 578 πατρὸς,

3807 377 3942 438 12τὲ

3858 527 3962 577 μη-

2375 602 2586 668 τρυιὲιν,
2624 601 2654 667 ἦ
2688 599 2939 668 πατρῳὸς
2971 601 3046 661 εἰς
3081 599 3389 668 προγονὴν,
3427 599 3458 666 ἦ
3490 597 3715 663 ἁδελφὸς
3745 599 3828 658 εἰς
3861 615 3957 663 γυο

2376 693 2535 743 ναῖκα
2590 690 2837 757 ἀδελφοῦ,
2885 691 2918 759 ἢ
2970 691 3109 753 θεῖος
3161 690 3238 750 εἰς
3277 688 3524 756 ἀνεψιὰν,
3562 689 3595 758 ἦ
3627 689 3850 755 ἀνεψιὸς
3877 691 3958 750 είς

2379 779 2528 832 θείαν
2550 820 2563 842 ,
2596 781 2627 848 ἢ
2677 782 2755 840 εἰς
2793 779 2885 831 δύο
2915 780 3180 847 ἀδελφὰς,
3230 778 3262 846 ἢ
3307 779 3388 839 είς
3425 778 3638 846 μητέρα
3671 776 3835 847 ξένην
3863 779 3957 830 καὶ

2379 871 2477 938 τὴν
2507 872 2676 936 αὐτῆς
2711 871 3006 940 θυγατέρα,
3041 872 3133 922 καὶ
3180 873 3237 923 ὲν
3275 870 3478 937 είδὴσει
3507 863 3653 921 οὗτοι
3683 870 3728 900 ⁵⁸
3769 869 3958 938 μιγνύ-

2383 980 2570 1030 μενοι,
2607 964 2934 1032 τυπτόμενοι
2990 962 3524 1032 ρινοκοπείσθωσαν,
3559 963 3716 1014 αὐτοί
3764 979 3826 1014 τε
3867 965 3960 1015 καὶ

2383 1053 2471 1116 αἷς
2507 1055 2941 1125 συνεφθάρησαν.
2993 1059 3053 1109 0i
3099 1056 3237 1125 πρὸς
3267 1055 3446 1123 γάμον
3483 1055 3884 1123 στι-θαπτόμενοι
3924 1055 3959 1123 ἢ

2383 1146 2555 1207 ἄλλως
2608 1147 2884 1216 σαρκικῶς
2938 1147 3401 1216 συμφθειρόμενοι
3440 1143 3740 1212 ἐξάδελςροι,
3780 1146 3873 1196 καὶ
3909 1144 3961 1195 oi

2385 1236 2445 1300 ἐξ
2477 1235 2656 1288 αὐτῶν
2683 1239 2988 1307 τικτόμενοι
3025 1237 3214 1298 παῖδες
3244 1237 3338 1288 καὶ
3374 1236 3552 1304 μόνον,
3581 1236 3612 1302 ἦ
3655 1236 3750 1286 καὶ¹
3779 1234 3960 1302 πατὴρ

2387 1331 2479 1381 καὶ
2519 1330 2632 1391 υίὸς
2664 1329 2801 1398 πρὸς
2854 1329 3065 1399 μητέρα
3111 1325 3414 1399 [εἰσιόντες]
3448 1327 3538 1377 καὶ
3570 1326 3869 1393 θυγατέρα,
3916 1326 3950 1395 ἢ

2386 1420 2479 1473 δύο
2518 1420 2736 1488 ἀδελφοὶ
2785 1422 2864 1482 είς
2900 1421 2994 1473 δύο
3036 1420 3306 1488 ἀδελφὰς,
3356 1417 3388 1487 ἢ
3437 1416 3531 1468 δύο
3564 1417 3784 1481 ἀδελφοὶ
3826 1415 3961 1484 πρὸς

2393 1514 2607 1582 μητέρα
2638 1514 2730 1566 καὶ
2777 1512 3056 1582 θυγατέρα
3079 1550 3093 1574 ,
3129 1513 3264 1582 πρὸς
3295 1510 3376 1580 τῷ
3405 1507 3669 1578 χωρισμῷ
3721 1508 3813 1559 καὶ
3871 1525 3960 1557 τυ·

2391 1602 2731 1657 πτέσθωσαν.
2775 1605 2834 1657 ’0
2885 1605 2951 1672 τῇ
2987 1603 3092 1670 ἰδία
3143 1599 3478 1668 συντέκνῳῆ
3515 1597 3738 1664 ὀνόματι
3779 1595 3962 1661 γάμου

2392 1694 2746 1762 μιγνύμενος,
2776 1694 2809 1764 ἦ
2842 1696 2938 1747 καὶ
2967 1695 3141 1756 ἄλλως
3178 1691 3452 1759 λαθραίως
3490 1688 3963 1755 συμπλεκόμενος,

2391 1785 2506 1854 ἅμα
2536 1788 2601 1855 τῇ
2634 1787 2770 1856 αὐτῇ
2807 1784 3219 1856 ῥινοκοπείσθω.
3251 1783 3313 1834 Ei
3343 1781 3400 1833 δὲ
3427 1779 3695 1848 ὕπανδρος
3727 1777 3837 1846 εἴη,
3869 1776 3967 1828 καὶ

709 1866 1050 1932 mulieribus,
1120 1882 1258 1936 quas
1333 1876 1675 1938 stuprarunt,
1749 1871 2072 1936 verberatis,
2127 1888 2288 1927 nares

2398 1875 2674 1928 τυπτέσθω
2683 1893 2779 1929 σαν
2810 1876 2941 1944 πρὸς
2971 1877 3166 1944 τούτῳ.

709 1956 1106 2011 abscinduntor
1168 1958 1303 2025 ('22).
1366 1958 1465 2022 Qui
1533 1959 1889 2012 matrimonio
1954 1961 2385 2031 coniunguntur,
2457 1966 2540 2018 vel
2615 1966 2774 2019 aliter
2853 1965 3145 2032 complexu
3228 1962 3416 2017 carnis
3501 1973 3623 2014 sese
3705 1947 3966 2024 stupratit

710 2050 1012 2118 patrueles,
1053 2060 1106 2104 et
1152 2051 1328 2105 exeis
1381 2051 1630 2120 prognati
1681 2053 1836 2106 liberi
1883 2053 2177 2120 duntaxat,
2237 2057 2318 2110 vel
2384 2067 2537 2126 pater
2570 2067 2625 2113 et
2670 2059 2812 2114 filius
2845 2073 2971 2112 cum
3008 2066 3183 2111 matre
3221 2071 3283 2110 ac
3320 2055 3449 2118 filia,
3483 2055 3566 2107 vel
3612 2050 3723 2104 duo
3764 2048 3969 2102 fratres

709 2158 833 2195 cum
867 2143 1079 2197 duabus
1118 2142 1423 2206 sororibus,
1467 2143 1548 2196 vel
1579 2143 1689 2197 duo
1720 2143 1918 2200 fratres
1947 2161 2073 2200 cum
2111 2157 2284 2202 matre
2327 2165 2389 2202 ac
2415 2151 2543 2213 ﬁlia,
2563 2161 2758 2219 praeter
2779 2149 3182 2220 separationem
3203 2149 3366 2200 etiam
3423 2145 3774 2200 verberantor
3828 2139 3967 2208 (ἳὸ).

710 2234 811 2299 Qui
861 2248 984 2286 cum
1021 2248 1117 2288 sua
1167 2241 1466 2286 commatre
1507 2234 1589 2286 vel
1638 2235 1857 2288 nomine
1899 2237 2161 2305 coniugii,
2206 2239 2283 2292 vel
2319 2239 2486 2292 etiam
2529 2240 2687 2294 aliter
2725 2240 2865 2294 clam
2907 2253 3024 2294 rem
3072 2239 3253 2302 habet,
3300 2249 3408 2288 una
3487 2246 3609 2287 cum
3661 2245 3724 2285 ea
3803 2244 3970 2283 nares

713 2325 946 2380 amittat.
975 2322 1130 2388 Quod
1180 2323 1227 2378 si
1275 2331 1574 2379 commater
1628 2326 1782 2380 alteri
1831 2325 1947 2381 viro
1995 2339 2163 2397 nupta
2201 2331 2291 2394 sit,
2333 2331 2436 2388 hoc
2470 2335 2633 2387 etiam
2663 2334 2897 2402 amplius
2932 2334 3302 2388 verberautor.

715 2436 790 2490 De
811 2437 889 2490 his
925 2439 1012 2507 qui
1034 2439 1370 2492 matrimonio
1394 2440 1495 2492 sibi
1518 2441 1764 2493 couulant
1785 2438 1892 2493 Deo
1915 2451 2271 2494 consecratas.

791 2595 977 2649 Canon
1016 2603 1225 2663 quartae
1272 2596 1464 2666 synodi
1508 2597 1754 2651 decimus
1786 2605 1972 2652 sextus
2002 2600 2098 2662 ait,
2127 2600 2288 2666 virgi-

719 2701 864 2749 nem,
898 2702 1015 2754 quae
1045 2685 1274 2740 Domino
1314 2686 1422 2741 Deo
1448 2703 1506 2740 se
1529 2687 1814 2749 dicaverit,
1839 2687 2135 2756 itidemque
2157 2689 2288 2742 soli-

722 2779 945 2839 tarium,
978 2791 1086 2830 non
1117 2777 1318 2832 habere
1343 2777 1618 2832 licentiam
1653 2778 2014 2832 contrahendi
2049 2779 2286 2848 nuptias.

718 2867 876 2933 Quod
906 2869 950 2922 si
985 2867 1255 2937 promissa
1307 2868 1582 2933 violarint,
1622 2883 1652 2921 a
1687 2869 2073 2922 communione
2133 2882 2291 2922 sacra

721 2961 1104 3032 aegregandos.
1135 2961 1374 3033 Tempus
1417 2972 1599 3019 autem
1646 2964 1981 3034 paenitentia:
2023 2963 2288 3031 ipsorum,

725 3055 830 3108 loci
864 3054 1154 3122 episcopus
1179 3069 1275 3122 pro
1298 3054 1566 3123 cujusque
1589 3053 1953 3124 dispositione
1976 3055 2292 3108 constituet.

722 3147 857 3202 Nam
882 3158 932 3202 et
957 3145 1251 3216 Gregorius
1282 3146 1372 3200 ille
1403 3139 1807 3215 Theologus'ait
1834 3162 1850 3199 :
1883 3144 1939 3199 Si
1969 3145 2294 3214 sponsiones

725 3253 856 3309 erga
919 3236 1169 3293 homines
1229 3236 1399 3294 factas
1459 3237 1639 3293 firmat
1692 3235 1835 3291 Deus
1888 3236 2292 3300 interveniens,

725 3338 989 3400 quantum
1032 3331 1333 3400 periculum
1372 3331 1554 3392 fuerit,
1587 3331 1632 3386 si
1681 3338 1989 3400 pactorum,
2021 3344 2142 3399 qua
2177 3343 2299 3383 cum
2329 3316 2372 3373 C

727 3424 847 3492 ipso
890 3420 999 3476 Deo
1043 3421 1294 3484 fecimus,
1342 3423 1636 3476 violatores
1679 3421 2063 3475 inveniamur?
2106 3419 2294 3473 Canon

731 3523 910 3564 autem
943 3528 1016 3574 iv,
1048 3512 1237 3580 synodi
1266 3520 1453 3574 sextae,
1487 3527 1632 3575 eum,
1664 3511 1756 3580 qui
1785 3525 1910 3566 cum
1940 3509 2166 3565 muliere
2191 3508 2300 3563 Deo

727 3610 1049 3655 consecrata
1080 3603 1210 3664 coit,
1245 3606 1360 3657 sive
1391 3603 1600 3658 scilicet
1633 3603 1721 3656 illa
1763 3604 1836 3658 sit
1866 3603 2039 3674 virgo,
2067 3605 2182 3658 sive
2222 3602 2298 3655 vi-

731 3693 861 3755 dua,
892 3693 1110 3746 abdicat
1143 3693 1341 3757 oliicio,
1373 3695 1417 3748 si
1451 3695 1524 3749 sit
1565 3695 1830 3759 clericus;
1864 3694 1950 3749 sin
1981 3693 2176 3756 laicus,
2218 3709 2303 3745 re-

732 3785 893 3853 legat.
943 3783 1052 3838 Lex
1089 3785 1308 3853 quidem
1341 3785 1501 3839 aliam
1532 3801 1745 3856 ptenam
1785 3785 1997 3854 inﬂigit.
2034 3783 2301 3838 Caeterum

733 3888 855 3942 quae
886 3887 1034 3926 nunc
1067 3874 1267 3927 dicturi
1299 3889 1489 3929 sumus
1522 3890 1586 3928 ex
1619 3875 1975 3943 sequentibus
2017 3873 2105 3926 hic
2149 3887 2305 3926 cano-

737 3966 923 4027 nibus,
955 3967 1027 4018 ita
1061 3966 1278 4034 quidem
1311 3965 1590 4019 damnavit
1620 3982 1796 4020 rerum
1824 3964 2171 4029 vicissitudo,
2197 3979 2302 4017 non

734 4055 970 4123 amplius
1001 4066 1058 4108 ut
1102 4057 1155 4108 in
1192 4071 1291 4109 usu
1331 4055 1472 4119 sint,
1505 4054 1598 4110 sed
1629 4065 1970 4123 exponantur
2001 4064 2202 4108 tamen.
2240 4071 2304 4107 xv

736 4161 912 4200 canon
948 4145 1138 4216 synodi
1180 4153 1388 4215 quartae
1421 4165 1434 4200 :
1468 4145 1585 4200 Non
1613 4148 1918 4206 ordinatur,
1955 4146 2152 4215 inquit,
2185 4163 2305 4198 mu.

739 4240 835 4291 lit‘l
869 4238 1178 4292 diaconissa
1224 4239 1372 4306 prius
1411 4253 1572 4306 quam
1607 4240 1671 4291 ad
1711 4254 1911 4290 annum
1955 4239 2306 4306 quadragesi-

741 4349 887 4385 mum
927 4331 1253 4400 pervenerit.
1291 4329 1422 4395 Qua:
1452 4345 1580 4383 vero
1604 4339 1723 4397 post
1753 4331 2149 4383 ordinationem
2180 4345 2308 4382 con-

742 4422 964 4476 tumelia
1005 4422 1236 4490 gratiam
1284 4422 1524 4476 divinam
1567 4420 1828 4483 affecerit,
1862 4429 1915 4474 et
1951 4421 2158 4489 nuptiis
2191 4435 2310 4474 sese

743 4515 1031 4568 tradiderit
1070 4531 1084 4570 :
1119 4522 1226 4566 tam
1269 4513 1382 4581 ipsa
1421 4516 1724 4580 percutitur
1752 4513 2122 4574 anathemate,
2147 4527 2307 4579 quam

2401 2444 2536 2511 Περί
2573 2443 2690 2498 τῶν
2726 2442 2825 2496 ἐπὶ
2857 2441 3022 2510 γάμῳ
3059 2439 3488 2564 λαιέὅανόντων
3524 2435 3602 2499 τῷ
3639 2430 3760 2496 Θεῷ
3805 2432 3971 2498 ἀφιε-

3042 2530 3162 2564 οωιι
3199 2527 3328 2564 νας.

3035 2527 3328 2579 ρωμενιις.

2479 2605 2538 2656 ’0
2593 2612 2666 2669 ις’
2714 2606 2813 2673 τῆς
2863 2603 2903 2657 δ’
2961 2603 3180 2655 συνόδου
3245 2597 3426 2651 κανὼν
3477 2593 3742 2664 παρθένον
3806 2593 3977 2660 φησὶν

2405 2696 2702 2750 ἀναθεῖσαν
2737 2694 2939 2764 ἑαυτὴν
2971 2691 3049 2761 τῷ
3084 2690 3328 2759 Δεσπότῃ
3358 2686 3479 2756 Θεῷ
3501 2725 3516 2748 ,
3563 2684 3828 2743 ὡσαύτως
3878 2682 3977 2734 καὶ

2401 2785 2736 2855 μονάζοντα,
2800 2784 2876 2855 μὴ
2923 2783 3122 2848 ἐξεῖναι
3171 2779 3336 2850 γάμῳ
3383 2773 3773 2846 προσομιλεῖν·
3827 2775 3875 2824 εἰ
3921 2771 3982 2823 δὲ

2400 2877 2707 2944 παραϐαῖεν
2731 2876 2802 2929 τὰ
2848 2872 3266 2944 ὡμολογημένα,
3297 2870 3395 2937 τῆς
3431 2866 3583 2926 θείας
3612 2859 3977 2931 ἀφορίζεσθαι

2400 2969 2704 3031 κοινωνίας.
2761 2967 2863 3020 Τὸν
2913 2966 2971 3019 δὲ
3019 2965 3214 3036 χρόνον
3254 2961 3352 3028 τῆς
3395 2957 3576 3011 αὐτῶν
3625 2953 3916 3024 μετανοίας
3950 2953 3980 3004 ό

2400 3060 2544 3115 κατά
2587 3061 2751 3114 τόπον
2790 3058 3087 3120 ἐπίσκοπος
3116 3055 3253 3124 πρὸς
3287 3050 3528 3104 διάθεσιν
3561 3046 3795 3100 ἑκάστου
3833 3044 3981 3096 οἱκο-

2401 3158 2651 3225 νομήσει.
2677 3155 2816 3225 Φησὶ
2844 3153 2952 3222 γάρ
2975 3152 3071 3204 καὶ
3095 3152 3127 3219 ἡ
3154 3146 3407 3213 θεολόγος
3439 3141 3747 3214 Γρηγορίου
3778 3138 3936 3207 φωνή
3961 3151 3977 3166 ο

2403 3247 2466 3299 Εί
2487 3246 2596 3314 γὰρ
2625 3246 2721 3307 τὰς
2755 3243 2892 3316 πρὸς
2919 3240 3240 3311 ἀνθρώπους
3267 3236 3559 3302 ὁμολογίας
3589 3230 3818 3301 ἑμπεδοῖ
3845 3228 3984 3290 Θεὸς

2410 3339 2572 3407 μέσος
2599 3332 2999 3404 παραληφθεὶς,
3031 3330 3195 3391 πόσος
3217 3330 3245 3381 ὁ
3271 3327 3516 3386 κίνδυνος
3540 3317 3616 3376 ὧν
3643 3320 3783 3391 πρὸς
3818 3317 3986 3371 αὑτδν

2405 3427 2643 3495 ἐθέμεθα
2693 3426 2785 3479 τὸν
2836 3423 2970 3476 Θεὸν
3026 3420 3345 3490 συνθηκῶν,
3394 3417 3604 3470 τούτων
3651 3410 3987 3483 παραϐάτας

2403 3515 2792 3589 εὐρίσκεσθαις
2840 3515 2899 3568 Ὀ
2957 3514 3013 3565 δὲ
3054 3513 3093 3564 δ’
3128 3512 3230 3578 τῆς
3279 3507 3330 3572 ς’
3366 3506 3584 3560 συνόδου
3623 3503 3717 3557 τὸν
3760 3503 3986 3570 γυναικὶ

2409 3611 2738 3681 μιγνύμενον
2788 3603 3143 3676 ἁφιερωμένῃ
3192 3600 3345 3670 Θεῷ,
3400 3597 3513 3650 εἴτε
3557 3593 3830 3665 παρθένος
3894 3591 3984 3660 εἴη

2403 3700 2637 3770 δηλαδὴ,
2675 3699 2783 3751 εἴτε
2836 3698 3018 3766 χήρα,
3063 3691 3326 3763 κληρικδν
3379 3689 3478 3758 μὲν
3525 3686 3656 3739 ὄντα
3690 3683 3983 3751 καθαιρεῖ,

2405 3792 2591 3844 mm
2619 3791 2675 3842 δὲ
2699 3791 2970 3857 ἀφορίζει.
3009 3785 3218 3847 ’Δλλως
3243 3784 3300 3836 δὲ
3333 3784 3361 3834 ό
3390 3780 3552 3849 νόμος
3590 3776 3836 3838 κολάζει.
3862 3774 3988 3826 Τῶν

2411 3886 2593 3954 μέντοι
2649 3884 2760 3944 τοῖς
2797 3881 2924 3945 ἑξῆς
2976 3876 3366 3948 ῥηθησομένων
3415 3871 3659 3930 κανόσιν,
3710 3865 3987 3936 ἀπραξίαν

2413 3977 2508 4045 μὲν
2547 3978 2580 4044 ἡ
2615 3975 2722 4026 τῶν
2753 3971 3094 4042 πραγμάτων
3125 3964 3536 4034 κατεψηφίσατο
3573 3959 3869 4030 μεταϐολὴ,
3897 3957 3984 4007 λε-

2409 4065 2589 4130 γέσθω
2639 4081 2700 4130 γε
2755 4063 2883 4132 μήν.
2942 4062 3008 4112 '0
3041 4058 3104 4110 ιε’
3146 4057 3244 4124 τῆς
3277 4054 3318 4107 δ’
3353 4052 3569 4104 συνόδου
3621 4049 3842 4111 κανὼν,
3891 4045 3988 4115 Μὴ

2409 4153 2839 4224 χειροτονείσθω,
2869 4152 3026 4221 φησὶ,
3055 4148 3192 4218 γυνὴ
3231 4147 3495 4208 διάκονος,
3526 4142 3654 4211 πρὶν
3685 4144 3764 4202 εἰς
3791 4157 3850 4191 τε
3863 4155 3986 4190 :3:-

2413 4246 2674 4317 ρακοστδν
2715 4244 2884 4312 αὐτὴν
2912 4242 3069 4310 ἥκειν
3099 4237 3314 4307 χρόνον.
3344 4235 3455 4303 Τὴν
3479 4234 3535 4285 δὲ
3575 4231 3714 4299 μετὰ
3741 4231 3841 4296 τὴν
3872 4246 3984 4297 χει-

2416 4339 2657 4409 ροτονίαν
2697 4338 2775 4398 είς
2809 4336 2908 4404 τὴν
2963 4333 3118 4386 θείαν
3147 4329 3448 4400 ὑδρίσασαν
3480 4325 3662 4394 χάριν,
3699 4322 3793 4373 καὶ
3824 4321 3987 4388 γάμῳ

2414 4431 2610 4498 ἑαυτὴν
2658 4426 2970 4488 ἐπιδοῦσαν,
3000 4424 3207 4493 ταύτην
3249 4437 3310 4473 τε
3342 4413 3865 4484 ἁναθεματίζεσθαι,
3899 4414 3988 4463 καὶ

2414 4520 2503 4570 τὸν
2544 4519 2677 4587 αὑτῇ
2735 4513 3144 4585 συμφθαρέντα.
3195 4510 3254 4563 '0
3285 4508 3342 4560 δὲ
3382 4508 3553 4575 μέγας
3597 4499 3882 4561 Βασίλειος
3935 4501 3991 4550 ὲν

741 4609 834 4677 qui
867 4606 1039 4677 stupri
1076 4620 1198 4659 cum
1239 4619 1300 4658 ea
1343 4603 1794 4657 consuetudinem
1834 4602 2040 4655 habuit.
2079 4603 2308 4654 Basilius

2416 4605 2493 4672 τῷ
2517 4605 2592 4656 κδ’
2625 4604 2832 4665 κανόνι,
2855 4602 2918 4653 Ei
2951 4601 3045 4654 καὶ
3071 4599 3248 4667 ἀνδρὶ,
3267 4597 3421 4664 φησὶ,
3453 4591 3782 4664 χηρεύσαντι
3816 4589 3995 4694 οὐδεὶς

743 4715 975 4769 magnus
1022 4699 1075 4752 in
1130 4711 1340 4750 canone
1375 4712 1494 4749 xxrv
1526 4714 1540 4748 :
1578 4694 1752 4756 Licet,
1790 4694 1985 4762 inquit.
2018 4694 2131 4746 viro
2167 4693 2309 4747 facto

745 4793 908 4846 viduo
938 4791 1087 4845 nulla
1130 4791 1212 4844 lex
1249 4789 1535 4854 incumbit,
1565 4803 1683 4857 quae
1714 4784 1981 4841 secundas
2013 4785 2060 4839 ei
2091 4787 2309 4852 nuptias

744 4883 1050 4952 prohibeat,
1118 4891 1341 4950 excepta
1385 4878 1651 4933 duntaxat
1701 4891 1860 4945 paena
1908 4876 2246 4945 digamorum
2293 4893 2304 4928 :

745 4983 926 5026 tamen
970 4986 1088 5026 eam
1135 4971 1442 5034 mulierem,
1493 4985 1613 5039 quae
1644 4969 1926 5023 viduarum
1976 4968 2029 5020 in
2063 4966 2308 5020 ordinem

745 5073 1022 5135 cooptata,
1071 5065 1327 5133 deinceps
1373 5063 1652 5132 nupserit,
1698 5061 1973 5116 vitandam
2018 5059 2311 5128 Apostolus

746 5155 959 5218 statuit,
996 5169 1095 5208 nec
1123 5154 1369 5208 alendam
1406 5152 1474 5207 ab
1504 5151 1766 5207 Ecclesia.

819 5246 1111 5318 Sexaginta
1142 5260 1268 5300 vero
1314 5260 1579 5301 annorum
1611 5244 1826 5310 mulier,
1862 5244 1909 5298 si
1941 5242 2209 5299 secundas
2240 5241 2308 5294 ad

2416 4699 2686 4749 ἐπίκειται
2723 4696 2906 4762 νόμος,
2939 4694 2967 4744 ὁ
3007 4690 3233 4743 κωλύων
3262 4687 3707 4755 δευτερογαμεῖν,
3741 4683 3795 4733 εἰ
3829 4679 3904 4750 μὴ
3936 4679 3996 4730 τὸ

2415 4788 2524 4840 τῶν
2555 4787 2800 4856 διγάμων
2829 4785 3101 4855 ἐπιτίμιον
3135 4782 3325 4852 μόνον·
3359 4778 3494 4833 ἁλλά
3526 4793 3589 4844 γε
3621 4775 3720 4843 τὴν
3753 4773 3832 4841 τῷ
3858 4771 3994 4838 τάγ-

2423 4896 2552 4946 ματι
2606 4879 2712 4931 τῶν
2767 4876 2951 4947 χηρῶν
3005 4875 3399 4941 καταλεγεῖσαν
3448 4871 3706 4936 γυναῖκα,
3764 4865 3995 4932 ὕστερον

2419 4970 2769 5038 γαμουμένην
2796 4968 3008 5037 ἔκρινεν
3037 4968 3065 5019 ό
3124 4961 3447 5024 ’Δπόστολος
3486 4956 3859 5030 παρορᾶσθαι,
3901 4954 3995 5006 καὶ

2422 5061 2495 5130 μὴ
2525 5059 2821 5130 τρέφεσθαι
2857 5057 3007 5128 παρά
3030 5057 3128 5126 τῆς
3170 5053 3513 5123 Ἐκκλησίας.

2497 5240 2562 5292 Ἦ
2612 5241 2792 5308 μέντοι
2847 5234 3234 5304 ἑξηκοντούτης
3270 5234 3317 5284 εί
3371 5229 3504 5300 πρὸς
3553 5227 3806 5295 δεύτερον
3857 5225 3994 5275 απο-

2021 5397 2256 5454 VARUS
2300 5393 2704 5451 LECTIONES.

859 5489 903 5524 δ.
939 5491 998 5544 οὗ
1007 5509 1106 5554 τως
1115 5526 1132 5546 ο

2252 5599 2478 5658 NOTAE.

827 5699 938 5760 (ﬁl)
971 5699 1188 5750 Basilio.
1224 5699 1316 5752 lib.
1353 5713 1439 5760 Ls,
1479 5697 1563 5750 tit.
1623 5695 1712 5759 57,
1757 5711 1872 5764 cap.
1919 5695 2004 5751 69.
2066 5712 2130 5752 ex
2175 5697 2306 5764 imp.

753 5771 987 5840 anicujus
1014 5769 1330 5823 rccentioris
1354 5766 1853 5821 constitutionibus.

2491 5694 2600 5758 (ἑὲ)
2651 5694 2784 5746 υίςιὶ
2811 5692 2903 5743 lib.
2934 5702 2982 5742 et
3019 5691 3100 5744 tit.
3138 5705 3253 5759 cap.
3288 5689 3371 5741 70.

2497 5765 2606 5830 ('25.)
2631 5764 2759 5830 Cap.
2783 5762 2842 5813 7i
2877 5761 3006 5815 ibid.
