4198 6444
232 396 371 462 ῙΞῚΒ

1509 401 1776 460 CII/EGO
1792 400 2073 460 'ROMAN
2085 402 2213 461 [ΠΙ.

3352 389 3491 452 1274

228 507 428 562 κλίνειε
461 511 658 580 γάμον,
692 510 789 577 τῆς
823 511 1109 573 κοινωνίας
1159 511 1672 581 ἁποκλεισθήσεται,
1707 510 1801 579 μέ-

1923 513 2131 579 :iuptias
2157 513 2436 576 respiciat,
2475 505 2800 562 excludetur
2825 518 2853 558 a
2882 501 3291 561 communione.
3319 500 3495 554 donec

229 618 354 671 χρις
387 603 452 654 ἂν
479 600 573 653 τοῦ
606 602 811 666 πάθους
853 603 1089 672 ἀποστῇ,
1124 603 1183 655 τὸ
1211 604 1403 668 ἐναγὲς
1433 602 1622 655 τούτου
1653 602 1813 672 μισή-

233 708 379 746 σασα
411 694 503 745 καὶ
538 693 867 765 ἀκάθαρτον.
905 695 967 747 Εἰ
998 696 1181 765 μέντοι
1218 695 1322 765 πρὸ
1351 694 1614 762 ἐξήκοντά
1649 709 1812 761 φησιν

228 783 371 835 ἑτῶν
415 786 534 847 ταῖς
566 785 764 853 χήραις
808 786 979 855 αὐτὴν
1020 786 1419 856 άριθμήσομεν,
1456 785 1724 855 ἡμέτερον
1754 786 1815 838 τὸ

229 870 511 942 ίγκλημα,
570 875 629 926 ού
667 874 763 927 τοῦ
792 877 1037 943 γυναίου.
1073 877 1135 929 Oi
1184 879 1303 941 ταῖς
1354 876 1735 946 μοναζούσαις,
1778 877 1812 947 ἢ

228 964 353 1024 ταῖς
383 962 683 1030 διακόνοις,
716 966 748 1035 ἦ
786 969 907 1029 ταῖς
945 968 1271 1038 ἀσκητρίαις
1315 968 1811 1034 ὲνασελγαίνοντες,

227 1054 307 1118 ὡς
339 1057 422 1120 εἰς
465 1056 563 1127 τὴν
611 1058 829 1129 νύμφην
877 1060 1111 1130 Χριστοῦ
1150 1060 1248 1130 τὴν
1290 1060 1618 1127 Ἐκκλησίαν
1658 1059 1814 1129 ὑϐρί-

229 1145 455 1213 ζοντες,
517 1151 1015 1218 ῥινοκοπείσθωσαν
1066 1151 1220 1204 αὐτοί
1275 1168 1371 1215 τε,
1423 1152 1517 1203 καὶ
1569 1144 1658 1213 αἷς
1722 1145 1812 1203 οὗ·

227 1253 314 1290 τοι
370 1239 805 1309 συνεφθάρησαν.
856 1242 921 1294 Αἱ
972 1241 1449 1311 χειροτονούμεναι
1485 1239 1722 1293 διάκονοι
1763 1241 1813 1293 εξ

229 1328 563 1398 τολμήσαιεν
610 1330 973 1401 καταισχῦναι
1006 1332 1101 1402 τὴν
1147 1333 1504 1402 χειροτονίαν,
1545 1349 1813 1401 προσομι-

229 1420 423 1474 λοῦσαι
446 1423 672 1493 γάμῳῆ
718 1425 850 1494 ἄλλῃ
902 1424 1019 1494 βίου
1078 1425 1245 1495 πορίᾳ
1271 1424 1337 1488 ⁸³,
1384 1423 1617 1479 θανάτου
1650 1424 1813 1493 γενή-

233 1528 419 1565 σονται
442 1513 638 1583 ἔνοχοι,
668 1516 903 1578 καὶτοῖς
941 1515 1121 1570 αὐτῶν
1166 1518 1574 1585 μοναστηρὶοις,
1609 1515 1642 1585 ἢ
1694 1518 1814 1577 ταῖς

230 1603 415 1657 αὐτῶν
447 1604 765 1674 ἐκκλησίαις
811 1610 866 1660 αί
912 1607 1093 1662 αὐτῶν
1134 1609 1445 1677 περιουσίαι
1483 1623 1813 1676 προσκυρω-

230 1696 526 1765 θήσονται’
557 1698 604 1749 οἱ
650 1698 706 1750 δὲ
756 1702 932 1769 γῆμαι
985 1700 1078 1752 καὶ
1119 1699 1339 1768 φθεῖραι
1390 1698 1563 1760 αὑτὰς
1605 1696 1813 1760 τολμή-

232 1803 448 1850 σαντες,
479 1788 768 1841 ὑπεύθυνοί
811 1792 916 1842 εἰσι
953 1788 1117 1860 ξίφει,
1160 1790 1256 1843 καὶ
1284 1789 1382 1861 τὴν
1414 1789 1603 1842 οὐσίαν
1633 1787 1812 1842 αὐτῶν

228 1879 292 1930 τὸ
322 1878 578 1949 δημόσιον
607 1879 858 1950 λήψεται.

377 2082 507 2134 Ὀτι
541 2084 612 2136 οὺ
646 2082 740 2136 δεῖ
775 2082 1002 2154 γάμους
1034 2080 1483 2154 σῳκιίλὰττειν
1520 2080 1671 2150 μετὰ

859 2151 1188 2221 αἱρετικῶν.

316 2241 376 2296 Ὅ
403 2244 503 2312 μὲν
534 2243 596 2297 ιδ’
625 2246 723 2314 τῆς
752 2245 797 2298 δ’
840 2246 1061 2299 συνόδου
1099 2243 1279 2297 κανὼν
1322 2243 1637 2314 όρθοδόξους
1679 2241 1814 2313 κλη-

232 2337 421 2405 ρικοὶις
448 2339 755 2406 αίρετικαῖς
794 2336 1162 2391 συνάπτεσθαι
1198 2337 1412 2404 γυναιξὶ
1451 2337 1628 2403 πάντη
1652 2333 1813 2388 ἀπεί-

232 2443 392 2496 ρηκε.
413 2428 533 2480 Ίῖῶν
571 2428 626 2481 δὲ
649 2429 752 2498 ἠδη
797 2429 1189 2497 συνῳκηκότων
1214 2428 1336 2489 τοὺς
1366 2428 1564 2489 παῖδας
1586 2429 1653 2497 τῇ
1684 2424 1816 2478 καθο

228 2516 390 2587 ολικῇ
436 2518 731 2589 Ἐκκλησία
768 2518 981 2571 κελεύει
1017 2517 1411 2589 προσάγεσθαι.
1455 2517 1567 2571 Καὶ
1615 2519 1663 2569 εἰ
1718 2516 1816 2585 μὲν

228 2609 341 2662 ὑπὸ
371 2610 666 2680 αίρετικῶν
692 2610 883 2680 ἔτυχον
912 2611 1330 2680 βαπτισάμενοι.
1353 2605 1429 2663 ὦν
1450 2612 1510 2663 τὸ
1535 2610 1818 2680 βάπτισμα

230 2702 348 2762 τοῖς
393 2699 562 2768 ὑγιῶς
596 2701 889 2772 φρονοῦσιν
945 2702 1279 2772 ἀπόϐλητον,
1324 2702 1531 2755 ἀνωθεν
1563 2700 1820 2771 βαπτίζε-

236 2787 386 2841 σθαι·
422 2792 473 2842 εί
515 2789 562 2843 δ’
584 2789 696 2856 οὖν,
730 2792 878 2862 μόνῳ
905 2791 982 2861 τῷ
1015 2791 1144 2860 θείῳ
1180 2792 1429 2864 χρίεσθαι
1458 2791 1634 2862 μύρῳ.
1670 2792 1733 2844 Εἰ
1761 2792 1819 2844 δὲ

239 2880 408 2951 μήπω
437 2879 813 2951 βαπτίσματος
840 2882 1096 2951 σφραγῖδι
1123 2882 1590 2951 ὲνεσημάνθησαν,
1619 2880 1818 2951 μηκέτι

237 2968 347 3022 ὑπὸ
368 2970 663 3040 αίρετικῶν
693 2969 1078 3041 βαπτίζεσθαι
1129 2971 1292 3025 Ἀλλά
1322 2973 1430 3041 μὴν
1480 2972 1615 3042 μηδὲ
1646 2989 1811 3041 γαμι-

218 3057 352 3146 .κῶς
396 3060 689 3112 συνάπτειν
727 3059 951 3123 τούτους
996 3062 1315 3131 αἱρετικοίς,
1356 3062 1496 3131 μήτε
1542 3061 1647 3131 μὴν
1683 3062 1821 3114 Ἰου-

234 3147 433 3214 δαίοις,
469 3146 597 3219 μήθ’
629 3148 912 3219 Ἕλλησιν.
963 3150 1287 3219 Αίρετικοὺς
1326 3149 1424 3219 μὲν
1452 3149 1578 3213 τοὺς
1603 3150 1663 3203 τὸ
1697 3149 1819 3203 καθ’

236 3238 387 3306 ἡμᾶς
416 3237 737 3307 δεχομένους
779 3241 1079 3311 μυστήριον
1119 3240 1285 3307 λέγω,
1320 3240 1377 3292 ἓν
1411 3256 1521 3293 τισι
1548 3239 1605 3292 δὲ
1647 3240 1818 3309 σφαλ-
1850 3224 1892 3281 (ἶ

236 3327 499 3399 λομενους
546 3332 659 3394 τοῖς
698 3331 1022 3401 ὁρθοδόξοις.
1072 3332 1360 3395 Ἰουδαίους
1406 3331 1486 3396 δὲ,
1532 3333 1659 3394 τοὺς
1704 3350 1824 3401 χρι-

239 3421 562 3485 στοκτόνους
582 3436 596 3449 ·
626 3421 720 3475 καί
743 3422 1037 3493 Ἕλληνας,
1064 3424 1188 3486 τοὺς
1216 3421 1535 3492 περιφανῶς
1562 3423 1825 3487 ἀπίστους

237 3517 336 3565 καὶ
366 3512 759 3583 εἰδωλομανίαν
788 3514 1102 3578 νοσοῦντας.
1136 3517 1197 3568 Ei
1236 3515 1281 3568 δ’
1317 3515 1446 3579 ῐσως
1478 3516 1507 3569 ὁ
1550 3514 1825 3584 αίρετικδς

237 3602 271 3672 ἢ
303 3604 332 3654 ὁ
380 3603 608 3668 ἄπιστος
652 3607 942 3659 συνθέσθαι
994 3610 1059 3675 τῇ
1111 3607 1377 3677 ὀρθοδόξῳ
1426 3607 1823 3675 ἐπαγγέλλεται

240 3695 448 3760 πίστει,
470 3697 531 3749 τὸ
564 3698 665 3767 μὲν
686 3698 1060 3770 συνάλλαγμα,
1104 3700 1260 3769 φησὶ,
1314 3698 1676 3765 προδαινέτω,
1711 3698 1824 3769 ήδέ

236 3802 300 3850 γε
334 3787 603 3852 συνάφεια
654 3788 1066 3858 ὑπερτιθέσθω,
1105 3789 1298 3858 μέχρις
1344 3787 1409 3841 ἂν
1457 3789 1551 3841 καὶ
1599 3788 1667 3839 τὰ
1727 3788 1825 3855 τῆς

237 3878 574 3942 ἐπαγγελίας
619 3877 799 3945 ἔργοις
850 3879 1145 3949 βεϐαιωθῇ.
1200 3878 1387 3931 Ταῦτα
1435 3879 1530 3931 καὶ
1573 3877 1680 3931 τῶν
1711 3879 1824 3930 Λα-

236 3968 401 4021 τίνων
434 3972 607 4021 ποιεῖν
642 3971 1061 4040 εἰσπράττονται
1089 3973 1137 4023 οἱ
1174 3969 1489 4040 όρθοδὸξους
1521 3969 1824 4037 ἀγαγέσθαι

240 4062 505 4126 γυναῖκας
543 4061 883 4130 αἱρούμενοι.
922 4063 984 4114 Οἱ
1021 4061 1077 4114 δὲ
1124 4062 1200 4133 μὴ
1242 4060 1556 4130 πειθόμενοι
1588 4060 1823 4126 τούτοις,

240 4153 547 4214 κανονικοῖς
602 4153 901 4221 ἐπιτιμίοις
943 4153 1297 4205 ὑπόκεινται’
1336 4152 1432 4205 σὺν
1466 4154 1531 4222 τῇ
1581 4150 1825 4205 διαλύσει

244 4243 354 4310 γὰρ
379 4241 473 4294 τοῦ
508 4242 687 4311 γάμου
737 4245 833 4295 καὶ
870 4244 1237 4313 ἐπιτιμῶνται
1272 4246 1320 4294 οἱ
1370 4242 1824 4312 παραῦαίνοντες.

250 4335 310 4387 Ὀ
344 4334 401 4388 δὲ
438 4335 538 4403 τῆς
573 4336 631 4386 ὲν
662 4336 957 4404 Λαοδικείᾳ
985 4336 1234 4399 δέκατος,
1260 4336 1336 4388 Οὐ
1364 4336 1463 4402 δεῖ,
1517 4335 1667 4405 φησὶ,
1702 4336 1827 4396 τοὺς

240 4427 340 4492 τῆς
371 4423 702 4493 Ἐκκλησίας
734 4424 1043 4495 ἀδιαφόρως
1074 4426 1210 4495 πρὸς
1232 4429 1521 4477 κοινωνίαν
1549 4426 1727 4494 γάμου
1763 4425 1829 4477 τὰ

241 4514 451 4567 ἑαυτῶν
481 4516 651 4569 τέκνα
698 4516 991 4569 συνάπτειν
1036 4518 1360 4586 αἱρητικοῖς.
1405 4518 1465 4568 ’0
1511 4517 1569 4568 δὲ
1603 4522 1687 4567 κα¹
1731 4516 1826 4585 τῆς

242 4609 301 4660 ὲν
363 4606 697 4678 Καρθαγὲνῃ
756 4607 980 4660 συνόδου
1051 4607 1117 4659 τὰ
1170 4608 1336 4659 τέκνα
1390 4608 1499 4659 τῶν
1548 4606 1827 4675 κληρικῶν

243 4698 517 4762 ὲθνικοίς,
576 4699 745 4767 ἥγουν
797 4699 1083 4762 ἀπίστοις,
1142 4699 1174 4768 ἢ
1229 4701 1526 4768 αἱρετικοῑς
1574 4701 1829 4769 γαμικῶς

243 4790 581 4858 ἀπαγορεύει
613 4790 1003 4848 συνάπτεσθαι.
1064 4794 1122 4847 '0
1157 4794 1213 4847 δὲ
1248 4794 1499 4862 δεύτερος
1532 4800 1631 4865 τῆς
1665 4797 1829 4865 ’ἐκτης

246 4881 470 4933 συνόδου
533 4880 678 4934 οὕτω
742 4883 883 4936 κατά
948 4886 1096 4955 ῥῆμα
1157 4884 1403 4950 θεσπίζει
1483 4887 1576 4956 Μὴ
1628 4887 1830 4951 ἐξέστω

243 4972 530 5042 όρθόδοξον
601 4973 768 5043 ἄνδρα
834 4976 1085 5045 αἱρετικῇ
1142 4978 1509 5031 συνάπτεσθαι
1570 4979 1824 5046 γυναικί’

250 5065 391 5134 μήτε
434 5066 541 5133 μὴν
575 5066 839 5137 αἱρετικῷ
866 5067 1021 5136 ἀνδρὶ
1050 5073 1285 5135 γυναῖκα
1321 5069 1599 5139 ὸρθόδοξον
1633 5069 1828 5133 συζεύ-

246 5155 506 5225 γνυσθαι.
546 5157 684 5210 Ἀλλ’
728 5161 775 5212 εί
808 5165 902 5213 καὶ
929 5163 1127 5232 φανείη
1161 5180 1214 5215 τι
1244 5163 1488 5217 τοιοῦτον
1538 5165 1641 5217 ύπό
1685 5181 1829 5229 τινος

250 5248 359 5301 τῶν
393 5250 650 5303 ἁπάντων
694 5254 1008 5322 γενόμενον,
1062 5255 1266 5324 ἄκυρον
1316 5255 1569 5324 ἡγεῖσθαι
1616 5256 1708 5308 τὸν
1732 5257 1805 5324 γά

252 5358 375 5410 μον⁹
406 5344 502 5393 καὶ
533 5342 593 5395 τὸ
624 5344 862 5415 ἄθεσμον
888 5346 1199 5400 διαλύεσθαι
1239 5348 1592 5402 συνοικέσιον.
1627 5349 1701 5401 Οὐ
1723 5348 1828 5418 γάρ

249 5433 357 5502 χρὴ
406 5434 474 5486 τά
508 5434 717 5505 ἄμικτα
769 5438 1052 5508 μιγνύναι,
1095 5440 1213 5494 οὐδὲ
1252 5439 1327 5509 τῷ
1372 5441 1630 5511 προϐάτῳ
1669 5441 1832 5493 λύκον

249 5523 691 5594 συμπλέκεσθαι,
725 5533 818 5585 καὶ
850 5534 915 5602 τῇ
948 5533 1042 5589 τοῦ
1096 5532 1331 5603 Χριστοῦ
1370 5532 1548 5603 μερίδι
1587 5532 1677 5585 τὸν
1716 5530 1824 5583 τῶν

1918 603 1986 656 ab
2015 602 2118 654 hoc
2140 601 2273 654 vitio
2297 607 2469 655 semet
2500 596 2849 657 abstinuerit,
2875 593 3151 663 piaculum
3184 600 3237 645 et
3263 589 3495 658 impuri-

1916 700 2083 747 tatcm
2119 693 2239 762 ejus
2267 698 2572 746 exsecrata.
2601 687 2758 752 Quod
2808 688 2852 739 si
2889 684 3211 753 nosmetipsi
3246 692 3374 737 ante
3400 696 3500 736 an-

1918 799 2045 838 num
2081 782 2483 853 sexagesimum
2519 779 2663 834 inter
2696 776 2889 832 viduas
2940 789 3059 827 eam
3089 773 3446 828 retulerimus
3479 787 3497 838 ;

1917 875 2125 931 crimen
2154 882 2405 929 nostrum
2444 879 2552 937 est,
2589 886 2695 924 non
2750 866 3109 922 mulierculae.
3152 866 3255 930 Qui
3308 866 3501 921 solita-

1916 967 2055 1020 riam
2094 968 2258 1020 vitam
2294 963 2606 1031 agentibus,
2640 968 2734 1014 aut
2759 958 3116 1020 diaconissis,
3158 964 3252 1009 aut
3280 956 3500 1023 pietatis

1916 1057 2181 1112 exercitia
2213 1054 2583 1109 tractantibus
2608 1063 2864 1120 stuprum
2896 1048 3225 1111 intulerint;
3266 1046 3416 1098 velut
3442 1046 3496 1099 in

1920 1148 2227 1203 Ecclesiam
2268 1147 2383 1209 Dei,
2426 1160 2551 1215 qua:
2591 1143 2800 1197 Christi
2833 1156 3040 1210 sponsa
3099 1147 3205 1204 est,
3272 1136 3498 1204 injurii;

1920 1248 2030 1294 tam
2060 1238 2290 1293 naribus
2322 1237 2425 1305 ipsi
2455 1236 2767 1306 priventur.
2795 1248 2959 1301 quam
2992 1246 3113 1300 quae
3154 1230 3333 1298 stupri
3362 1243 3499 1283 con-

1917 1330 2265 1387 suetudinem
2305 1344 2431 1384 cum
2483 1327 2567 1382 eis
2605 1324 2924 1379 habuerint.
2977 1322 3339 1383 Diaconissm,
3378 1333 3502 1389 quae

1918 1423 2268 1488 ordinantur,
2303 1422 2347 1475 si
2373 1434 2524 1475 ausas
2553 1417 2761 1473 fuerint
2794 1414 3198 1469 ordinationem
3234 1412 3301 1466 de
3330 1412 3503 1465 hone-

1919 1523 2088 1577 stare,
2123 1514 2207 1567 vel
2242 1509 2678 1575 matrimonium,
2743 1507 2830 1563 vel
2890 1504 3038 1559 aliud
3096 1503 3200 1557 iter
3242 1502 3367 1555 vita:
3426 1514 3505 1554 se-

1919 1605 2142 1668 ctando,
2180 1605 2376 1658 mortis
2406 1618 2513 1659 reas
2581 1602 2734 1664 ﬁent,
2792 1606 2846 1655 et
2880 1596 3235 1653 monasteriis
3288 1606 3501 1655 earum,

1918 1699 2005 1753 vel
2054 1712 2242 1752 earum
2295 1695 2567 1760 ecclesiis,
2638 1693 2928 1748 facultates
2984 1688 3331 1743 addicentur.
3398 1682 3503 1749 Qui

1919 1800 2105 1846 autem
2163 1791 2314 1859 ipsas
2351 1803 2549 1843 uxores
2603 1785 2827 1845 ducere,
2868 1782 2954 1837 vel
2990 1793 3241 1849 stuprare
3294 1775 3503 1830 fuerint

1840 1885 1887 1943 B
1919 1883 2075 1943 ausi:
2111 1882 2277 1954 gladii
2312 1894 2528 1951 poenam
2562 1883 2867 1937 merentur,
2904 1880 2961 1928 et
2990 1871 3285 1926 facultates
3307 1878 3500 1924 eorum

1916 1978 2084 2034 ﬁscus
2128 1976 2383 2046 accipiet.

1991 2090 2223 2159 Nuptias
2272 2104 2392 2141 cum
2436 2085 2698 2140 hwrcticis
2732 2098 2832 2136 non
2859 2097 2973 2136 esse
3021 2075 3431 2133 contrahendas.

1989 2239 2178 2295 Canou
2204 2254 2257 2292 iv
2290 2236 2485 2307 synodi
2516 2243 2725 2304 quartae
2754 2239 2920 2296 vetat,
2963 2244 3062 2284 nec
3095 2228 3281 2284 clerici
3316 2225 3508 2281 ortho-

1917 2334 2046 2389 doxi
2080 2347 2206 2387 cum
2249 2329 2577 2384 mulieribus
2616 2324 2899 2381 bzereticis
2936 2324 3048 2376 ullo
3093 2319 3258 2374 modo
3310 2318 3507 2372 matri-

1919 2428 2105 2482 monia
2133 2425 2487 2479 contrahant.
2530 2421 2738 2473 Eorum
2781 2433 2913 2473 vero
2968 2418 3197 2475 liberos.
3253 2413 3346 2483 qui
3390 2413 3502 2481 jam

1918 2519 2112 2574 eodem
2147 2516 2203 2571 in
2234 2514 2603 2570 contubernio
2630 2510 2894 2572 vixerint,
2945 2508 3013 2562 ad
3072 2506 3373 2561 Ecelesiam
3421 2518 3509 2558 ca-

1921 2609 2183 2663 tholicam
2226 2605 2425 2661 adduci
2452 2604 2630 2673 jubet.
2669 2602 2748 2655 Ac
2780 2600 2829 2656 si
2869 2600 3090 2669 quidem
3123 2597 3192 2650 ab
3232 2594 3509 2650 haereticis

1918 2700 2032 2772 jam
2071 2698 2340 2770 baptisati
2401 2695 2630 2759 fuerint,
2683 2706 2917 2761 quorum
2975 2689 3265 2759 baptisma!
3314 2700 3507 2742 sanam

1921 2791 2254 2847 sententiam
2279 2786 2641 2858 sequentibus
2668 2782 2960 2852 rejiculum
2986 2786 3093 2844 est,
3121 2778 3303 2833 denuo
3329 2775 3510 2845 bapti-

1923 2883 2032 2939 sari
2071 2883 2201 2938 :sin
2227 2889 2439 2944 autem,
2497 2884 2782 2946 unguento
2826 2885 2987 2928 sacro
3033 2870 3301 2925 duntaxat
3352 2866 3507 2938 ungi.

1922 2974 2079 3041 Quod
2125 2975 2168 3028 si
2226 2971 2460 3027 necdum
2495 2969 2677 3037 sigillo
2727 2963 3081 3035 baptismatis
3124 2960 3350 3031 signati,
3396 2973 3507 3013 non

1925 3065 2164 3133 amplius
2194 3065 2264 3118 ab
2296 3063 2573 3119 haereticis
2600 3075 2700 3116 eos
2744 3056 3106 3126 baptisandos
3159 3068 3307 3109 esse.
3362 3050 3507 3116 Quin

1926 3159 2088 3211 etiam
2134 3172 2202 3210 ne
2235 3154 2491 3224 conjugis
2523 3151 2746 3224 quidem
2782 3149 2884 3202 hos
2940 3144 3273 3202 contrahere
3302 3143 3508 3198 debere

1928 3261 2052 3301 cum
2092 3245 2388 3307 haereticis,
2422 3258 2524 3298 nec
2558 3256 2684 3296 cum
2706 3237 2936 3299 Judaiis,
2972 3250 3074 3291 nec
3103 3249 3229 3289 cum
3256 3230 3507 3302 paganis.

1927 3337 2227 3392 llazrcticos
2251 3335 2489 3407 appello,
2520 3332 2615 3403 qui
2644 3330 2767 3386 lldei
2800 3337 3005 3383 nostra;
3036 3325 3358 3396 mysterium
3386 3320 3512 3390 qui-

1927 3433 2049 3486 dem
2102 3429 2514 3498 amplecluntur
2554 3446 2567 3481 :
2610 3425 2706 3482 sed
2737 3424 2791 3478 in
2829 3419 3158 3492 quibusdam
3199 3417 3271 3471 ab
3323 3414 3515 3469 ortho-

1926 3521 2086 3576 doxis
2117 3524 2375 3575 aberrant
2412 3515 2915 3579 :Judaeos,Christi
2949 3511 3251 3582 parricidas
3292 3524 3305 3563 :
3340 3520 3512 3576 paga-

1926 3626 2050 3674 nos,
2082 3610 2175 3679 qui
2206 3610 2505 3664 manifesto
2532 3615 2663 3663 sunt
2704 3604 2995 3667 increduli,
3021 3610 3075 3657 et
3104 3601 3159 3654 in
3197 3614 3328 3653 sane
3359 3597 3511 3650 cultu

1929 3705 2201 3759 idolorum
2240 3702 2451 3756 inlecti.
2503 3699 2662 3766 Quod
2697 3697 2742 3753 si
2778 3695 2919 3751 forte
2957 3695 3041 3749 vel
3080 3693 3392 3749 haereticus,
3423 3687 3513 3741 vel

1927 3800 2244 3855 incredulus
2278 3793 2575 3863 quispiam,
2622 3789 2688 3844 ad
2728 3789 2889 3843 ﬁdem
2923 3783 3287 3840 orthodoxam
3323 3792 3513 3833 acces-

1928 3906 2117 3943 surum
2154 3904 2214 3944 se
2238 3885 2603 3955 polliceatur;
2640 3881 2756 3949 ipse
2783 3876 3029 3946 quidem,
3062 3871 3261 3941 inquit,
3294 3877 3515 3923 contra-

1928 3990 2050 4035 (‘tus
2083 3979 2344 4050 procedat
2379 3996 2391 4031 :
2429 3974 2526 4029 sed
2557 3970 2839 4042 copulatio
2874 3960 3292 4023 matriinonialis
3343 3960 3514 4015 tantis

1928 4088 2026 4141 per
2055 4072 2397 4129 extrahatur,
2442 4066 2618 4120 donec
2668 4063 2952 4133 praemissa
2988 4059 3150 4114 factis
3190 4055 3513 4110 conﬁrmata

1931 4162 2113 4217 fuerit.
2146 4160 2189 4212 Δ
2216 4158 2429 4212 Latinis
2471 4156 2661 4218 etiam,
2700 4162 2759 4207 ut
2787 4152 2976 4206 eadem
3005 4150 3119 4203 haec
3154 4146 3379 4207 faciant,
3416 4158 3517 4197 ειμ-

1931 4248 2217 4319 igitur;si
2247 4248 2339 4316 qui
2398 4260 2589 4300 eorum
2655 4243 2996 4297 orthodoxae
3056 4252 3261 4292 uxores
3312 4236 3516 4288 ducere

1934 4343 2127 4395 velint.
2187 4338 2291 4404 Qui
2336 4346 2522 4391 autem
2579 4335 2664 4389 his
2712 4348 2822 4387 non
2879 4331 3282 4398 obtemperant,
3335 4324 3517 4393 pinnis

1933 4428 2216 4486 canonicis
2255 4426 2479 4481 obnoxii
2514 4431 2663 4478 sunt.
2729 4420 2863 4475 Nam
2928 4426 3126 4489 prazter
3180 4415 3516 4471 solutionem

1936 4518 2296 4583 matrimonii,
2322 4516 2617 4570 violatores
2647 4513 2811 4567 etiam
2835 4511 3163 4580 puniuntur.
3200 4506 3519 4559 Laodiceam

1932 4630 2062 4671 vero
2114 4613 2309 4685 synodi
2345 4612 2595 4665 decimus
2629 4623 2808 4663 canon
2837 4625 2849 4660 :
2881 4606 3144 4661 Ecclesiae
3200 4610 3517 4664 consortes,

1933 4706 2134 4777 inquit,
2193 4702 2576 4759 indifferenter
2617 4700 2823 4754 liberos
2885 4712 3018 4751 suos
3064 4695 3131 4750 ad
3181 4691 3517 4749 matrimonii

1934 4799 2259 4855 societatem
2288 4810 2413 4848 cum
2445 4791 2725 4846 haereticis
2784 4789 3051 4858 copulare
3110 4802 3219 4841 non
3278 4791 3512 4853 oportet.

1933 4893 2122 4946 (lanon
2160 4904 2248 4942 xxn
2282 4885 2504 4941 concilii
2544 4880 3042 4953 Carthaginiensis,
3067 4896 3135 4933 ne
3163 4878 3323 4933 liberi
3354 4874 3518 4931 cleri-

1932 4996 2121 5037 corum
2154 4994 2277 5033 cum
2307 4977 2555 5047 paganis,
2584 4976 2689 5029 hoc
2707 4980 2815 5036 est,
2850 4972 3187 5034 inﬁdelibus,
3218 4977 3312 5023 aut
3342 4968 3518 5021 haere-

1932 5077 2057 5129 ticis
2091 5072 2428 5126 matrimonii
2458 5070 2579 5136 lege
2613 5066 3053 5134 conjungantur,
3094 5061 3374 5131 prohibet.
3420 5058 3520 5112 Se-

1934 5164 2145 5219 cundas
2178 5170 2358 5216 autem
2390 5170 2556 5215 sextae
2579 5156 2796 5226 synodi,
2828 5155 2908 5209 sic
2936 5153 3000 5207 ad
3031 5153 3256 5207 verbum
3288 5148 3510 5204 sancit:

1936 5256 2053 5311 Non
2091 5254 2173 5309 fas
2206 5253 2299 5319 sit,
2334 5258 2394 5305 ut
2424 5265 2549 5304 cum
2579 5247 2841 5301 hmretica
2878 5244 3113 5299 muliere
3144 5242 3230 5296 vir
3254 5238 3518 5295 orthodo-

1938 5364 2043 5403 xus
2078 5343 2494 5400 matrimonium
2547 5347 2703 5395 coeat
2755 5356 2768 5393 :
2826 5352 2928 5392 nec
2976 5345 3037 5391 ut
3089 5335 3349 5390 haeretico
3398 5331 3518 5382 viro

1938 5440 2134 5493 mulier
2177 5434 2485 5491 orthodoxa
2515 5431 2709 5486 nubat.
2747 5428 2886 5493 lmo,
2929 5428 2976 5483 si
3009 5428 3187 5481 visum
3223 5422 3390 5477 fuerit
3416 5418 3518 5473 ali-

1936 5530 2062 5599 quid
2099 5526 2410 5599 hujusmodi
2454 5541 2480 5579 a
2509 5538 2842 5595 quocunque
2864 5520 3089 5584 factum,
3114 5516 3280 5572 irrita:
3304 5513 3516 5567 ducanv

1553 5711 1785 5766 ΥΛΒΙᾸΕ
1826 5705 2230 5765 ἰλΕιῖΤΙΟλΚΞ.

323 5797 369 5832 ⁸⁸
396 5800 616 5871 πορεία.
