4198 6444
194 441 333 505 1281

1492 424 2196 489 GMCO-ROMANUM.

3323 417 3462 482 1282

189 552 285 621 ζῇ·
323 550 385 602 Εἰ
416 546 473 601 δὲ
511 541 663 615 παρὰ
707 541 804 605 τὰς
852 540 943 611 ὑφ’
984 539 1165 611 ἡμῶν,
1222 537 1378 609 φησὶ,
1414 533 1778 606 διωρισμένας

1886 530 2105 601 quidam
2173 528 2375 583 fuerint
2433 527 2845 583 matrimonium
2907 527 3160 583 solvere:
3198 530 3463 601 iubemus

188 640 372 702 αΐτίας
420 632 754 707 τολμήσουσί
818 648 962 696 τινες
1013 629 1251 684 διαλύειν
1299 628 1390 680 τὸν
1437 628 1635 694 γάμον,
1679 640 1771 676 κε·

188 730 445 799 λεύομεν,
480 727 528 779 εί
559 725 657 795 μὲν
688 722 982 785 κατιόντας
1008 719 1182 790 ἔχοιεν
1207 717 1316 770 εἴτε
1348 716 1407 781 ἐξ
1445 713 1633 777 αὑτοῦ,
1665 713 1775 765 εἴτε

189 822 254 887 te
281 820 446 876 άλλου
479 818 680 887 γάμου,
700 814 798 878 τάς
830 813 1011 867 αὐτῶν
1033 811 1222 872 οὐσίας
1246 809 1477 870 ἐκείνοις
1506 805 1774 867 δίδοσθαι,

191 916 293 968 καὶ
323 912 519 972 αὐτοὺς
542 911 621 971 είς
656 906 1020 978 μοναστήριον
1041 902 1301 974 (56)....η
1329 897 1568 953 δίδοσθαι
1591 899 1655 949 ὲκ
1675 894 1776 965 τῆς

187 1003 384 1066 οὐσίας
431 1000 635 1055 αὐτῶν.
696 997 761 1051 Ei
813 997 870 1051 δὲ
928 995 1004 1066 μὴ
1054 994 1228 1064 ἔχοιεν
1278 993 1590 1053 κατιόντας,
1639 988 1774 1041 ἀλλὰ

189 1096 470 1156 ἀνιόντας,
508 1091 736 1154 τούτους
759 1089 821 1142 τὸ
850 1088 1031 1159 τρίτον
1055 1087 1220 1156 μέρος
1247 1083 1346 1153 τῆς
1380 1080 1565 1142 οὐσίας
1594 1080 1775 1133 αὐτῶν

192 1185 527 1255 λαμϐάνειν,
563 1184 613 1235 εί
649 1181 726 1251 μὴ
775 1183 842 1251 τῇ
892 1178 1047 1231 λύσει
1098 1176 1189 1229 τοῦ
1231 1175 1414 1244 γάμου
1453 1171 1770 1243 συνῄνεσαν.

197 1279 267 1330 Εἰ
296 1277 354 1329 δὲ
385 1277 521 1345 μήτε
544 1273 811 1333 ἀνιόντες,
846 1269 981 1339 μήτε
1017 1268 1295 1329 κατιόντες
1316 1260 1447 1329 εἷεν,
1482 1262 1775 1331 κελεύομεν

193 1370 382 1420 πᾶσαν
428 1366 526 1435 τὴν
555 1362 745 1417 οὐσίαν
788 1361 900 1423 τοῖς
935 1358 1342 1429 μοναστηρίοις,
1373 1351 1451 1417 οἷς
1482 1353 1775 1423 ἐνεϐλήθη-

197 1477 323 1525 σαν,
354 1457 615 1510 δίδοσθαι.
647 1454 807 1507 Ἀλλὰ
827 1454 920 1507 καὶ
943 1454 1069 1513 τοὺς
1092 1451 1161 1504 τὰ
1190 1450 1413 1503 τοιαῦτα
1432 1447 1776 1507 συντιθέντας

197 1550 439 1618 ἀθέμιτα
495 1546 801 1615 συμϐόλαια
867 1542 1160 1611 κελεύομεν
1222 1543 1341 1603 ταῖς
1380 1540 1460 1601 είς
1509 1538 1570 1590 τὸ
1618 1537 1778 1605 σῶμα

198 1643 420 1703 ποιναῖς
465 1636 889 1691 ύποϐάλλεσθαι.
929 1634 1042 1689 Καὶ
1070 1634 1150 1697 είς
1176 1632 1391 1703 ἐξορίαν
1438 1628 1774 1699 πέμπεσθαι.

199 1730 268 1784 Εἰ
293 1732 351 1784 δὲ
377 1732 425 1783 oi
451 1729 542 1783 τὸν
568 1730 749 1799 γάμον
780 1726 928 1780 λύειν
974 1728 1424 1796 ἐπιχειρήσαντες
1468 1722 1779 1792 βουληθεῖεν

197 1821 365 1872 πάλιν
416 1822 632 1882 ἑαυτοῖς
683 1817 981 1883 συνελθεῖν,
1038 1817 1166 1885 πρὶν
1197 1815 1263 1867 ἂν
1308 1812 1626 1883 ὲμϐληθῶσι
1683 1828 1776 1881 μο-

1876 620 2149 689 siquidem
2186 619 2422 673 habeant
2445 618 2839 675 descendentes
2864 620 2945 674 vel
2970 636 3033 673 ex
3060 621 3165 675 hoc
3210 621 3350 691 ipso,
3376 624 3463 676 vel

1875 727 1939 766 ex
1967 712 2074 764 alio
2092 711 2463 775 matrimonio,
2490 718 2547 763 ut
2565 711 2631 766 iis
2649 712 2891 780 ipsorum
2927 711 3213 766 facultates
3237 713 3461 777 dentur,

1876 812 1932 856 et
1971 802 2024 855 in
2053 801 2457 855 monasterium
2497 800 2694 871 ipsi....
2732 818 2799 855 ex
2857 803 3103 871 ipsorum
3168 804 3331 859 bonis
3364 804 3467 858 tri-

1877 893 2134 949 buantur.
2169 891 2265 946 Sin
2331 892 2723 948 descendentes
2782 895 2966 949 nullos
3022 896 3282 960 habeant,
3335 906 3395 952 ut
3424 899 3467 956 ii

1878 987 2090 1041 tertiam
2112 985 2380 1039 bonorum
2404 995 2613 1054 partem
2634 996 3069 1056 consequantur,
3104 990 3149 1043 si
3200 992 3465 1046 solutioni

1875 1079 2206 1131 matrimonii
2231 1093 2338 1132 non
2362 1079 2762 1134 consenserint.
2784 1078 2941 1146 Quod
2964 1082 3007 1135 si
3029 1095 3130 1135 nec
3158 1084 3467 1137 ascenden-

1876 1178 1979 1235 tes,
2006 1185 2107 1224 nec
2131 1171 2527 1225 descendentes
2558 1182 2803 1227 exstent:
2825 1174 3087 1243 iubemus
3108 1176 3292 1229 omnia
3318 1177 3459 1230 bona

1876 1264 2248 1325 monasteriis,
2274 1262 2328 1315 in
2354 1278 2474 1331 quae
2499 1264 2742 1318 conclusi
2780 1264 3003 1330 fuerint,
3032 1268 3287 1320 attribui.
3314 1266 3461 1332 Quin

1876 1354 2041 1408 etiam
2071 1360 2185 1409 haec
2250 1356 2615 1408 instrumenta
2667 1356 2875 1409 nefaria
2922 1359 3301 1418 conficientes.
3335 1359 3468 1413 sub-

1872 1446 1965 1516 iici
1999 1447 2171 1516 pinnis
2206 1448 2605 1517 corporalibus,
2631 1455 2685 1502 et
2720 1448 2773 1502 in
2814 1448 3065 1503 essilium
3118 1450 3256 1503 mitti
3278 1450 3468 1518 pl'tBCi-

1834 1558 1835 1561 η
1878 1540 2076 1608 pinms.
2104 1540 2199 1594 Sin
2251 1550 2429 1594 autem
2464 1540 2521 1605 ii,
2549 1540 2643 1609 qui
2704 1542 2997 1595 divortium
3051 1540 3229 1596 facere
3281 1543 3464 1597 conati

1880 1629 2123 1694 fuerunt,
2182 1646 2376 1685 rursus
2400 1633 2455 1685 in
2511 1626 2921 1686 matrimonium
2978 1632 3127 1687 coire
3182 1634 3461 1690 voluerint

1878 1729 2173 1789 antequam
2210 1723 2265 1775 in
2295 1725 2624 1777 monasteria
2676 1724 2831 1778 missi
2883 1724 3014 1789 sint,
3066 1724 3115 1776 id
3160 1724 3354 1793 agendi
3402 1727 3465 1777 li-

1882 1814 2113 1868 centiam
2171 1814 2305 1882 ipsis
2350 1814 2723 1878 concedimus,
2746 1824 2800 1869 et
2845 1816 3129 1885 pra-dictas
3165 1832 3354 1886 pmnas
3384 1819 3466 1872 eis

198 1912 541 1981 ναστηρίοις,
587 1910 742 1963 ἄδεια
773 1908 984 1969 τούτοις
1021 1907 1223 1959 δίδοται
1279 1906 1409 1975 παρ’
1450 1904 1631 1974 ἡμῶν,
1684 1903 1778 1955 καὶ

1884 1905 2233 1970 remittimus,
2273 1907 2519 1975 adeoque
2552 1905 2845 1963 facultates
2890 1923 3019 1962 suas
3044 1910 3279 1963 retinere
3312 1918 3467 1979 pote-

196 2003 299 2065 τας
327 2002 735 2072 προειρημένας
774 1999 964 2060 ποινὰς
996 1996 1389 2067 συγχωροῦμεν
1446 1996 1652 2057 αὐτοῖς,
1685 1994 1779 2046 καὶ

198 2094 301 2155 τας
336 2092 470 2155 ἰδίας
520 2092 666 2160 ἔχειν
704 2091 1044 2163 περιουσίας.
1074 2088 1182 2141 Τοῦ
1239 2088 1282 2141 δ’
1318 2087 1434 2149 ἐνὸς
1482 2085 1777 2156 προσώπου

200 2183 527 2254 βουλομένου
575 2184 663 2237 τὸν
711 2183 888 2252 γάμον
931 2178 1391 2245 ἀνακαλέσασθαι,
1425 2179 1474 2231 εί
1525 2179 1598 2248 μὴ
1654 2193 1778 2231 συν-

200 2275 436 2328 αενέσειε
480 2273 575 2326 καὶ
621 2273 683 2326 τδ
728 2273 938 2343 ἕτερον,
982 2271 1126 2323 κατα
1166 2270 1261 2323 τοῦ
1330 2270 1405 2339 μὴ
1453 2268 1779 2338 βουλομένου

189 2369 435 2434 ,κρατεῖν
480 2368 580 2428 τας
621 2365 833 2429 ποινάς.
874 2362 1064 2419 Ταῦτα
1102 2363 1160 2416 δὲ
1208 2361 1507 2431 κελεύομεν
1536 2361 1781 2429 γίνεσθαι

204 2458 302 2510 καὶ
332 2458 475 2511 κατὰ
520 2459 779 2529 πρόνοιαν
808 2456 917 2509 τῶν
962 2454 1396 2523 θεοφιλεστάτων
1442 2454 1779 2509 ἐπισκόπων.

203 2549 269 2601 Εί
298 2548 355 2601 δὲ
384 2548 526 2602 κατὰ
552 2548 855 2601 συναίνεσιν
881 2546 1206 2616 ἀμφοτέρων
1238 2544 1345 2595 τῶν
1368 2543 1573 2613 μερῶν,
1598 2542 1631 2613 ἢ
1663 2542 1781 2594 κατ’

204 2640 385 2709 ιρωτα
435 2638 788 2711 σωφροσύνης
827 2637 1017 2707 λυθείη
1064 2638 1261 2705 γάμος,
1300 2634 1597 2704 κελεύομεν
1623 2634 1784 2697 εὐθὺς

206 2732 448 2799 ἑκάτερα
512 2728 581 2782 τὰ
616 2729 758 2798 μέρη
802 2725 1210 2797 προσέρχεσθαι
1257 2724 1335 2794 τῷ
1378 2725 1608 2794 μονήρει
1659 2724 1782 2794 βίῳ,

205 2820 464 2889 ἀξημίων
508 2816 752 2887 δηλονότι
802 2816 1224 2885 φυλαττομένων
1269 2813 1468 2868 αὐτῶν.
1520 2815 1582 2865 Ei
1612 2814 1667 2866 δέ
1701 2831 1786 2877 τις

205 2912 413 2966 τούτων
444 2911 479 2983 ἢ
523 2910 687 2980 γάμῳ
722 2906 1031 2979 προσέλθοι,
1061 2908 1095 2979 ἦ
1145 2906 1305 2978 πενίᾳ
1345 2904 1654 2977 περιπέσοι,
1687 2904 1786 2975 τὴν

208 3004 392 3057 πᾶσαν
420 3001 587 3055 αὑτοῦ
632 3001 952 3071 περιουσίαν
980 3000 1030 3051 oi
1074 2998 1260 3061 παῖδας
1302 2997 1598 3069 λήψονται·
1638 2998 1687 3050 εί
1730 2996 1787 3050 δὲ

207 3094 407 3157 παῖδας
434 3094 536 3147 οὐκ
556 3091 692 3163 εχει,
720 3092 783 3146 τὸ
802 3091 1061 3162 δημόσιον
1088 3091 1252 3146 αὑτὸν
1273 3090 1595 3156 διαδέξεται.
1629 3090 1686 3143 ’0
1712 3086 1787 3154 ξθ⁹

1882 2002 2029 2047 runt.
2062 1996 2131 2047 At
2167 2009 2272 2047 una
2324 2009 2556 2065 persona
2581 1997 2992 2051 matrimonium
3050 2011 3306 2051 revocare
3366 2012 3463 2049 vo-

1881 2086 2045 2150 lente,
2087 2086 2133 2140 si
2191 2087 2362 2139 altera
2391 2102 2610 2157 quoque
2645 2103 2881 2157 persona
2943 2102 3051 2141 non
3080 2088 3464 2151 consenserit,

1881 2177 2144 2231 adversus
2170 2192 2288 2231 eam
2315 2194 2488 2247 poenae
2520 2188 2649 2232 rata:
2678 2181 2807 2243 sint,
2838 2194 2962 2249 qua:
2985 2182 3187 2233 renuit.
3217 2179 3341 2233 Haec
3364 2194 3465 2233 au-

1882 2277 1991 2322 tem
2022 2268 2135 2321 fieri
2185 2268 2443 2337 iubemus
2494 2270 2896 2323 interveniente
2956 2269 3300 2339 providentia
3332 2270 3466 2324 reli-

1880 2358 2316 2429 giosissimorum
2350 2361 2762 2430 episcOporum.
2798 2361 2954 2427 Quod
2990 2362 3037 2415 si
3090 2378 3189 2432 per
3227 2378 3464 2417 consen-

1882 2464 2005 2505 sum
2036 2449 2326 2520 utriusque
2358 2452 2527 2520 partis
2546 2451 2629 2507 vel
2656 2466 2843 2507 amore
2879 2453 3157 2521 pudicitia:
3185 2454 3470 2507 matrimo-

1883 2542 2034 2595 nium
2067 2542 2308 2594 solutum
2370 2540 2535 2595 fuerit
2559 2558 2572 2595 :
2595 2541 2876 2610 iubetnus,
2936 2551 2995 2595 ut
3025 2544 3208 2598 statim
3238 2555 3470 2614 utraque

1886 2647 2013 2701 pars
2033 2632 2101 2685 ad
2129 2632 2297 2686 vitam
2359 2632 2661 2689 solitariam
2692 2633 2941 2697 accedat,
2972 2634 3045 2687 ita
3096 2633 3319 2704 quidem
3352 2611 3419 2690 uit.
3434 2650 3465 2689 a

1886 2726 2064 2796 pontis
2085 2726 2358 2780 immunes
2385 2735 2661 2781 maneant.
2685 2725 2844 2791 Quod
2866 2729 2913 2782 si
2931 2727 3056 2796 quis
3078 2744 3268 2783 eorum
3292 2731 3373 2785 vel
3394 2728 3466 2785 ad

1886 2818 2023 2872 alias
2054 2817 2275 2886 nuptias
2324 2817 2653 2881 convolarit,
2682 2817 2764 2872 vel
2818 2820 2873 2871 in
2925 2828 3299 2889 paupertatem
3332 2822 3473 2877 inci-

1887 2909 2079 2964 derit:
2128 2906 2313 2961 omnia
2368 2907 2609 2975 ipsorum
2662 2907 2803 2962 bona
2838 2908 2997 2964 liberi
3030 2911 3325 2980 accipient.
3374 2911 3471 2968 Sin

1889 2998 2043 3054 liberi
2073 3000 2205 3055 nulli
2252 3007 2496 3064 exstent,
2529 2999 2695 3055 fiscus
2714 3000 2991 3055 succedet.
3033 3000 3302 3057 Caeterum
3340 3016 3475 3059 ut:

1888 3090 2073 3147 Basilii
2122 3092 2305 3160 magni
2372 3106 2607 3147 canon:
2680 3091 2740 3146 Si
2811 3093 3027 3156 lector,
3087 3094 3299 3164 inquit,
3345 3108 3470 3149 cum

205 3184 304 3238 τοῦ
364 3183 602 3255 μεγάλου
666 3182 952 3236 Βασιλείου
1025 3180 1224 3234 κανώνο
1299 3182 1362 3234 Ei
1408 3180 1781 3249 ἀναγνώστης,

1888 3182 2162 3253 desponsa
2188 3182 2295 3237 sibi
2316 3181 2542 3237 muliere
2567 3189 2693 3237 ante
2720 3183 3025 3238 celebratas
3062 3186 3286 3253 nuptias
3325 3186 3476 3240 coie-

209 3276 370 3344 φησὶ,
424 3277 493 3345 τῇ
550 3273 717 3328 αὐτοῦ
780 3272 1239 3345 μεμνηστευμένῃ
1294 3271 1401 3341 πρὸ
1452 3270 1548 3324 τοῦ
1605 3271 1784 3338 γάμου

213 3364 465 3435 μιχθείη,
524 3364 783 3434 κάκείνης
843 3362 1001 3416 τοῦτο
1059 3363 1341 3432 ἑλομένης,
1398 3360 1484 3414 ἐπ’
1542 3360 1786 3414 ἐνιαυτὸν

209 3455 605 3525 ἀφοριζόμενος
638 3458 715 3517 είς
771 3454 831 3506 τὸ
866 3452 1261 3521 ἀναγινώσκειν
1286 3453 1446 3506 πάλιν
1482 3453 1784 3519 ἐπάνεισιν,

211 3549 292 3609 είς
325 3548 548 3616 μείζονα
585 3548 659 3617 μὴ
690 3546 1020 3617 προκόπτων
1049 3543 1279 3615 βαθμόν.
1302 3544 1369 3595 El
1396 3542 1453 3595 δὲ
1490 3543 1787 3612 μνηστείας

210 3641 385 3710 χωρὶς
419 3638 661 3692 συνέλθοι
717 3634 960 3704 γυναικὶ,
1018 3636 1116 3689 καὶ
1165 3636 1213 3687 εί
1270 3634 1454 3687 λαϐεῖν
1496 3634 1667 3703 αὐτὴν
1710 3637 1789 3696 είς

211 3734 449 3798 γυναῖκα
494 3730 684 3797 λόγους
731 3730 862 3790 ίσως
895 3728 1012 3797 μετ’
1052 3727 1222 3795 αὐτῆς
1272 3728 1527 3787 ἐποιεῖτο,
1564 3726 1659 3778 καὶ
1693 3724 1790 3791 τῆς

210 3821 311 3875 τοῦ
345 3823 698 3889 ἀναγνώστου
737 3822 1040 3889 ὑπηρεσίας
1082 3819 1355 3871 ἐκπίπτει.
1397 3816 1460 3868 Et
1494 3817 1549 3869 δὲ
1582 3817 1789 3887 ὑπηρέ-

211 3927 313 3979 της
346 3911 463 3980 ἤτοι
508 3909 858 3970 ὑποδιάκονος
908 3906 983 3976 τῷ
1018 3908 1257 3975 δευτέρῳ
1289 3905 1453 3957 πάθει
1488 3905 1665 3973 ἁλοίη,
1691 3905 1790 3973 τῆς

214 4000 524 4069 ὑπηρεσίας
549 3997 868 4051 ἐκϐάλλεται
900 3997 1118 4058 τελέως.
1164 3998 1223 4048 '0
1264 3996 1319 4047 δὲ
1354 3996 1571 4057 ἔννατος
1604 3996 1701 4065 τῆς
1737 4001 1789 4058 ς’

216 4092 461 4154 συνόδου,
517 4091 607 4142 τὸν
666 4092 744 4152 εἰς
792 4088 971 4156 γάμου
1030 4087 1317 4139 κοινωνίαν
1368 4088 1638 4156 ἀγόμενον
1688 4086 1790 4154 τὴν

216 4184 392 4252 ἑτέρῳ
452 4183 964 4251 μεμνηστευμένην,
1026 4178 1105 4230 ἔτι
1162 4178 1255 4230 τοῦ
1312 4177 1790 4247 μνηστευσαμένου

221 4277 527 4345 περιόντο;,
555 4276 665 4335 τοῖς
696 4273 792 4340 τῆς
818 4271 1060 4341 μοιχείας
1090 4269 1382 4321 ὑποϐάλλει
1430 4269 1787 4338 ἐγκλήμασιν.

215 4366 283 4418 Εἰ
314 4367 372 4418 δὲ
419 4365 493 4435 μὴ
528 4363 802 4432 γαμικῶς,
854 4362 991 4414 ἀλλὰ
1039 4359 1314 4428 πορνικῶς
1362 4361 1499 4428 μετᾶ
1540 4357 1791 4427 τοιαύτης

216 4473 303 4517 τις
342 4453 713 4524 συμφθαρείη,
761 4452 855 4505 καὶ
902 4445 1056 4511 οὗτος
1108 4450 1183 4511 ώς
1222 4450 1407 4518 μοιχὸς
1445 4451 1791 4517 τιμωρεῖται,

1891 3276 1983 3341 rit,
2004 3275 2167 3329 etiam
2193 3272 2306 3343 ipsa
2331 3274 2710 3330 consentiente
2734 3314 2750 3339 ,
2774 3275 2841 3329 ad
2870 3275 3001 3329 anni
3032 3276 3265 3344 spatium
3286 3291 3475 3345 segre-

1890 3374 2069 3436 gatur,
2098 3375 2151 3420 et
2170 3364 2238 3417 ad
2275 3366 2497 3419 lectoris
2547 3366 2767 3434 quidem
2806 3381 3009 3421 munus
3041 3368 3205 3431 redit,
3227 3368 3321 3421 sed
3354 3382 3474 3420 ma-

1886 3456 2060 3526 iorem
2088 3456 2153 3509 ad
2185 3455 2412 3524 gradum
2440 3470 2549 3508 non
2569 3456 2905 3524 provehitur.
2934 3456 3028 3510 Sin
3064 3458 3275 3524 absque
3301 3472 3465 3526 spon-

1890 3546 2099 3603 salibus
2128 3561 2252 3599 cnm
2283 3546 2506 3600 muliere
2521 3547 2973 3601 consuetudinem
3000 3548 3218 3612 habeat,
3254 3548 3471 3604 tametsi

1892 3638 2032 3693 forte
2060 3638 2241 3692 verbis
2269 3648 2318 3692 et
2347 3637 2702 3706 signiticarit,
2742 3653 2803 3693 se
2838 3639 2986 3693 illam
3012 3639 3308 3694 ducturum
3335 3655 3475 3693 uxo-

1892 3745 2040 3784 rem:
2075 3731 2239 3784 etiam
2267 3729 2574 3783 ministerio
2600 3731 2818 3785 lectoris
2839 3731 3062 3785 excidit.
3098 3732 3250 3797 Quod
3287 3732 3330 3785 si
3370 3731 3473 3785 mi-

1892 3823 2063 3876 nister
2090 3821 2205 3876 sive
2224 3821 2490 3875 diaconus
2529 3821 2634 3874 hoc
2664 3822 2836 3875 altero
2863 3823 2998 3876 vitio
3023 3823 3337 3890 deliquerit,
3371 3822 3479 3875 mi-

1892 3913 2119 3967 nisterio
2142 3928 2242 3967 suo
2298 3926 2527 3981 prorsus
2550 3912 2791 3977 eiicitur.
2842 3911 3033 3968 Nonus
3090 3923 3271 3967 autem
3308 3922 3476 3967 sexta

1892 4005 2083 4075 synodi
2114 4019 2289 4058 canon
2323 4019 2473 4068 eum,
2508 4008 2600 4073 qui
2623 4005 2779 4059 alteri
2820 4004 3153 4074 desponsam
3189 4006 3242 4058 in
3278 4007 3471 4057 matri-

1894 4096 2060 4148 monii
2105 4096 2444 4147 consortium
2502 4095 2745 4159 aseiscit,
2781 4094 2959 4148 adlmc
3019 4095 3111 4148 illo
3147 4095 3467 4163 superstite,

1893 4185 1985 4253 qui
2019 4183 2294 4251 sponsalia
2326 4184 2634 4246 contraxit;
2687 4184 2904 4235 crimini
2938 4182 3191 4235 adulterii
3224 4183 3473 4251 subiicit.

1894 4276 2048 4341 Quod
2083 4275 2255 4328 sinon
2302 4275 2639 4328 matrimonii
2671 4276 2806 4344 lege,
2859 4274 2953 4326 sed
2984 4274 3285 4327 scortztndo
3344 4287 3470 4327 cum

1896 4366 1990 4419 tali
2041 4366 2310 4434 quispiam
2359 4380 2473 4419 rem
2509 4365 2795 4426 habuerit,
2856 4370 2972 4417 tum
3040 4365 3157 4431 ipse
3211 4371 3473 4430 tanquam

1900 4456 2134 4517 adulter,
2164 4465 2278 4509 tum
2309 4457 2504 4510 mulier
2532 4466 2587 4509 ut
2645 4455 2891 4509 adultera
2917 4454 3175 4523 punitur:
3198 4456 3291 4523 qui
3347 4468 3478 4509 vero

217 4548 315 4599 καὶ
334 4549 365 4613 ἡ
394 4523 532 4613 γυνὴ
560 4544 634 4607 ώς
660 4542 926 4612 μοιχαλίς.
960 4541 1018 4593 Ὀ
1035 4540 1093 4593 δὲ
1111 4540 1209 4610 τὴν
1242 4540 1538 4608 μνηστείαν
1564 4536 1781 4606 ἀγνοῶν,

1902 4546 2179 4618 sponsalia
2204 4546 2477 4601 celebrata
2504 4544 2808 4617 ignorabat,
2864 4553 3125 4614 tanquam
3181 4551 3475 4599 scortator.

218 4638 295 4701 ὡς
325 4640 543 4707 πόρνος.

751 4766 887 4835 Περὶ
914 4765 1268 4835 μνηστείας.

294 4882 406 4950 Τὴν
439 4882 549 4950 γὰρ
580 4878 875 4949 μνηστείαν
916 4878 966 4931 si
1009 4875 1297 4945 νομοθέται
1328 4874 1617 4945 ὁρίζονται,
1660 4877 1797 4946 μνή-

2456 4764 2535 4819 De
2555 4765 2911 4833 sponsalibus.

1974 4878 2263 4948 Sponsalia
2300 4877 2415 4947 ('57)
2454 4892 2691 4946 namque
2734 4877 2874 4945 iuris
2915 4884 3171 4945 auctores
3193 4874 3477 4940 deﬁciunt,

228 4991 339 5043 μην
388 4972 485 5025 καὶ
513 4969 850 5038 ἐπαγγελίαν
894 4967 1005 5019 τῶν
1053 4964 1353 5035 μελλόντων
1385 4964 1597 5034 γάμων.
1632 4968 1781 5020 Καὶέ

1898 4970 2226 5024 mentionem
2246 4976 2299 5022 et
2322 4968 2736 5036 promissionem
2786 4966 3094 5020 futurarum
3128 4967 3472 5035 nuptiarum.

225 5066 328 5135 μὲν
366 5063 659 5124 Μωσαῖκδς
697 5061 860 5128 νόμος
892 5059 967 5119 ὡς
998 5058 1175 5125 γάμον
1203 5055 1301 5125 τὴν
1337 5057 1630 5124 μνηστείαν
1680 5058 1792 5109 ἑλο-

224 5155 429 5222 γίξετο.
476 5154 585 5207 Καὶ
636 5153 665 5205 ό
704 5152 805 5220 τὴν
834 5150 978 5217 ἄλλῳ
1015 5144 1499 5217 μεμνηστευμένην
1530 5147 1788 5215 φθείρων,

220 5247 299 5310 ὡς
337 5244 522 5316 μοιχὸς
552 5240 860 5305 ἐκολάζετο.
900 5240 1009 5292 Καὶ
1046 5239 1231 5307 ἐπειδὴ
1270 5238 1338 5290 τά
1366 5240 1464 5307 τῆς
1501 5239 1792 5307 μνηστείας

222 5342 408 5401 αὐτοῖς
447 5338 783 5405 συνήρμοττε
826 5330 1093 5399 σύμϐολα,
1134 5331 1227 5382 καὶ
1253 5333 1485 5397 γυναῖκα
1529 5330 1625 5400 τὴν
1658 5347 1793 5398 μνη-

226 5432 359 5501 στὴν
411 5426 830 5498 προσαγορεύει.
896 5422 1254 5476 Ἐταπείνωσε
1300 5422 1429 5491 γὰρ,
1486 5424 1640 5492 φησὶ,
1693 5423 1793 5489 τὴν

1893 5063 1972 5115 Ac
2007 5061 2089 5114 lex
2120 5060 2337 5129 quidem
2374 5058 2611 5112 Mosaica
2646 5058 2979 5111 matrimonii
3020 5058 3140 5111 loco
3192 5057 3471 5125 sponsalia

1892 5152 2144 5208 habebat.
2190 5152 2255 5206 Et
2313 5152 2407 5221 qui
2462 5151 2789 5220 desponsam
2854 5150 3011 5205 alteri
3062 5150 3307 5214 vitiabat,
3357 5159 3479 5204 tau-

1892 5260 2056 5315 quam
2085 5244 2301 5297 adulter
2324 5244 2670 5312 puniebatur.
2696 5244 3044 5311 Sponsalium
3072 5255 3296 5311 quoque
3328 5250 3477 5310 sym-

1895 5335 2037 5390 bolis
2095 5336 2257 5397 datis,
2292 5349 2493 5403 sponsa
2549 5348 2745 5387 nomen
2772 5333 2961 5387 uxoris
3012 5331 3333 5399 accipiebat.
3360 5327 3475 5381 liu-

1896 5427 2149 5492 miliarii,
2187 5429 2388 5497 inquit,
2459 5440 2684 5481 uxorem
2752 5425 3021 5495 proximi:
3053 5424 3156 5480 hoc
3188 5433 3292 5489 est,
3319 5436 3476 5493 spor-

1732 5590 1960 5648 NOTAE.

302 5707 414 5775 (36)
445 5707 536 5761 Sic
572 5706 837 5775 restitue:
887 5703 971 5775 είς
1003 5702 1379 5775 μοναστήριον-
1400 5699 1789 5775 ἐμϐάλλεσθαι,

224 5770 325 5835 xui.
357 5770 469 5839 τοῖς
508 5774 887 5845 μοναστηρίοις
917 5772 1187 5845 τέσσαρας
1225 5770 1445 5837 οὺγκίας
1473 5770 1706 5845 δίδοσθαι
1731 5775 1793 5825 ἐκ

226 5854 348 5920 τῆς,
382 5851 472 5899 καὶ
500 5841 680 5916 ἕτερα·
702 5841 799 5912 ipsi
827 5841 1257 5909 conjiciartlur,et
1278 5843 1607 5894 monasteriis
1625 5844 1793 5895 uncia:

1898 5717 2124 5778 quatuor
2156 5724 2218 5760 ex
2243 5707 2493 5778 ipsorum,
2521 5712 2628 5757 etc.

1972 5776 2083 5847 (57)
2121 5780 2157 5831 I.
2187 5779 2206 5830 l
2245 5777 2306 5831 υ.
2340 5774 2411 5829 De
2437 5773 2795 5842 sponsalibus.
