4198 6444
734 431 873 494 1283

2040 427 2176 488 JUS
2213 425 2661 487 CANONICUM

3859 425 3991 487 1255

726 559 841 602 sum
888 543 1061 614 ipsius
1086 542 1477 615 devirginavit.
1517 540 1608 595 Sic
1670 552 1724 595 et
1758 540 1846 595 illa
1897 550 2089 596 sancta
2121 536 2308 609 Virgo,

2418 542 2652 607 γυναῖκα
2732 541 2823 595 τού
2884 542 3138 613 πλησίον,
3209 542 3377 612 ἤγουν
3442 542 3866 611 διεπαρθένευσε
3898 544 3992 612 την

723 632 946 703 Josepbi
975 636 1119 690 dicta
1163 636 1262 689 l'uit
1287 650 1445 689 uxor.
1499 630 1577 688 Ne
1605 632 1869 695 verearis,
1930 631 2131 699 inquit,
2162 631 2311 682 acci-

724 742 855 796 pere
892 727 1114 781 Mariam
1147 741 1370 780 uxorem
1395 734 1567 779 tuam.
1597 724 1864 779 Caeterum
1896 723 2035 792 apud
2064 737 2163 774 nos
2182 722 2311 775 olim

724 834 936 877 eorum,
962 819 1051 887 qui
1083 819 1304 872 coibant
1342 819 1396 871 in
1430 816 1863 875 matrimonium,
1890 814 2171 883 sponsalia
2211 830 2307 883 per

724 914 970 963 osculum
1008 909 1117 981 (38)
1150 919 1203 965 et
1234 912 1454 964 arrham
1488 909 1879 979 procedebant.
1921 906 1998 961 Ac
2030 906 2229 960 licebat
2251 920 2313 959 ea

726 1002 960 1064 solvere,
998 1002 1042 1054 si
1078 1001 1289 1067 adjecta
1337 1016 1494 1071 poena
1528 1008 1903 1067 praestaretur.
1935 996 2189 1051 Nondum
2215 1014 2315 1051 au-

724 1098 831 1143 tem
856 1091 1050 1145 solutis
1076 1093 1441 1161 sponsalibus,
1478 1090 1619 1144 haud
1635 1091 1734 1143 abs
1764 1105 1821 1145 re
1857 1100 2116 1159 tanquam
2157 1089 2314 1143 adul-

722 1191 804 1236 ter
863 1184 1349 1247 condemnabatur,
1405 1183 1499 1253 qui
1562 1198 1819 1252 sponsam
1855 1182 2083 1236 alterius
2116 1181 2313 1235 matri-

722 1274 910 1326 monio
944 1274 1047 1328 sibi
1103 1276 1415 1343 copulabat,
1442 1275 1901 1343 quemadmodum
1959 1290 2133 1328 canon
2168 1274 2313 1329 indi-

721 1372 879 1417 catus
944 1363 1153 1416 statuit.
1183 1363 1397 1417 Nedum
1454 1365 1542 1419 ubi
1579 1380 1681 1419 nec
1713 1365 1988 1433 sponsalia
2036 1380 2318 1434 processe-

719 1462 869 1518 runt,
916 1469 1015 1508 nec
1063 1456 1314 1509 osculum
1367 1457 1612 1512 arrbaave
1634 1457 1783 1510 datio
1839 1464 2026 1511 secuta
2066 1464 2169 1520 est,
2217 1455 2313 1510 sed

723 1544 993 1598 nudorum
1047 1545 1355 1612 duntaxat,
1427 1555 1484 1600 ut
1546 1547 1805 1614 appellari
1862 1546 2060 1607 solent,
2122 1546 2315 1599 verbo-

720 1647 844 1686 rum
880 1634 1102 1689 vincula
1138 1676 1152 1700 ,
1186 1636 1327 1690 licet
1360 1636 1500 1691 alius
1529 1650 1647 1691 eam
1680 1650 1904 1691 uxorem
1945 1638 2129 1699 ducat,
2164 1636 2317 1689 adul-

720 1724 845 1776 terii
884 1724 1113 1778 crimine
1136 1741 1245 1779 non
1310 1736 1547 1782 tenetur.
1604 1728 1872 1783 Caeterum
1909 1744 1975 1783 ex
2034 1730 2311 1798 publicata

721 1813 997 1879 posterius
1037 1815 1249 1867 novella
1306 1814 1549 1884 religiosi
1594 1817 1861 1887 principis
1907 1818 2083 1871 Alexii
2147 1817 2312 1873 Com-

2416 634 2608 687 τούτου
2652 636 2919 705 μνηστήν.
2960 635 3118 687 Οὕτω
3162 634 3257 687 καὶ
3296 637 3328 705 ή
3360 634 3489 701 ἁγία
3520 635 3821 703 Παρθένος,
3856 638 3992 704 γυνὴ

2414 725 2509 781 τοῦ
2564 728 2761 797 Ἰωσὴφ
2810 728 3169 798 ἐχρημάτισε.
3206 726 3297 797 Μὴ
3343 726 3587 798 φοϐηθῇς
3639 726 3773 797 γάρ,
3829 728 3985 795 φησὶ,

2418 821 2753 891 παραλαϐεῖν
2783 821 3018 891 Μαριάμ
3056 820 3156 890 τὴν
3192 820 3426 888 γυναῖκά
3455 837 3570 874 σου.
3606 821 3743 890 Παρ⁹
3774 820 3912 889 ήμῖν
3938 819 3994 872 δὶ

2419 913 2612 983 πρώην
2643 913 2743 982 μὲν
2765 912 3030 983 φιλήματι
3047 914 3155 965 τῶν
3178 911 3601 981 συναπτομένων
3628 913 3723 964 καὶ
3744 911 3993 981 ἀραϐὦνι

2418 1004 2747 1075 προῦϐαινεν
2779 1006 2810 1074 ή
2856 1004 3145 1072 μνηστεία.
3179 1004 3289 1056 Καὶ
3314 1004 3441 1073 ἐξῆν
3474 1002 3679 1072 ταύτην
3701 1002 3874 1064 λύειν,
3900 1001 3996 1069 τῆς

2418 1096 2611 1165 ποινῆς
2649 1095 2745 1148 τοῦ
2790 1094 3095 1166 προστίμου
3136 1095 3540 1165 παρεχομένης.
3586 1095 3770 1163 Μήπω
3810 1093 3869 1145 δὲ
3898 1094 3996 1159 τῆς

2421 1188 2720 1258 μνηστείας
2770 1187 3329 1256 λυθείσης,.εἱκότως
3383 1188 3459 1249 ὠς
3515 1187 3701 1256 μοιχὸς
3751 1188 3781 1239 6
3832 1186 3995 1255 τὴν³¹

2416 1283 2652 1347 γυναῖκα
2701 1279 2993 1348 λαμϐάνων
3051 1279 3321 1348 ἐκρίνετο,
3379 1278 3455 1340 ὡς
3497 1279 3525 1330 6
3580 1277 3772 1347 ῥηθεὶς
3816 1276 3996 1329 κανὼν

2416 1374 2733 1444 διορίζεται.
2784 1374 2958 1425 Ὅπου
3009 1371 3063 1424 δὲ
3103 1370 3227 1424 οὔτε
3272 1371 3539 1440 μνηστεία
3574 1369 3814 1441 προῦϐη,
3867 1368 3994 1421 οὔτε

2419 1468 2649 1537 φίλημα,
2684 1466 2804 1519 οὔτε
2834 1466 2981 1529 δόσις
3015 1464 3333 1535 άρραϐὦνος
3372 1464 3805 1533 ἐπηκολούθησε,
3843 1461 3995 1532 μόνοι

2417 1559 2471 1612 δὲ
2496 1560 2544 1612 οἱ
2581 1559 2865 1626 λεγόμενοι
2893 1558 2980 1611 διὰ
3011 1557 3184 1625 ψιλῶν
3221 1557 3567 1627 γραμμάτων
3583 1558 3629 1587 ⁸³
3651 1555 3867 1622 δεσμοὶ,
3893 1555 3997 1606 κᾶν

2416 1651 2605 1721 ἕτερος
2637 1649 2775 1720 λάϐῃ
2820 1649 2918 1719 τὴν
2965 1650 3226 1717 γυναῖκα,
3257 1647 3335 1717 τῷ
3376 1648 3475 1716 τῆς
3516 1646 3760 1717 μοιχείας
3797 1645 3998 1715 ἐγκλή-

2420 1760 2551 1813 ματι
2576 1743 2674 1812 οὐχ
2714 1740 3033 1793 ὑπόκειται·
3068 1740 3177 1792 άπὸ
3209 1739 3266 1791 δὲ
3296 1739 3393 1808 τῆς
3425 1738 3800 1807 ἐξενεχθείσης
3835 1736 3966 1789 ὓστε

2422 1852 2513 1905 ρον
2560 1835 2762 1904 νεαρᾶς
2809 1833 2903 1887 τοῦ
2960 1831 3221 1893 εὐσεϐοῦς
3278 1830 3542 1900 βασιλέως
3610 1829 3852 1893 Ἀλεξίου
3902 1827 3997 1881 τοῦ

720 1905 868 1965 neni,
937 1919 1084 1958 anno
1120 1913 1497 1973 versum",
1540 1912 1933 1978 propemodum
1993 1926 2090 1980 par
2120 1910 2203 1965 vis
2230 1918 2308 1964 est

2420 1898 2710 1997 ίίομνηνόῦ
2745 1925 2886 1979 κατὰ
2930 1925 2991 1978 τὸ
3020 1923 3192 1994 ςιρὶβ
3238 1898 3379 1989 ἔτος,
3424 1923 3494 1976 τὰ
3536 1924 3626 1976 ίσα
3658 1921 3885 1974 δύναται
3920 1918 3997 1990 τῷ

720 1995 1058 2059 sponsalium
1092 2006 1142 2049 et
1204 1996 1486 2064 plenarum
1543 2002 1890 2066 nuptiarum,
1928 2016 2050 2053 cum
2086 2009 2141 2055 ct
2193 2002 2307 2070 ipsa

719 2085 974 2153 precibus
1016 2086 1191 2140 sacris
1238 2088 1741 2144 intervenientibus
1772 2090 2151 2159 perficiantur,
2206 2106 2307 2145 nec

723 2176 846 2229 aliis
878 2176 1052 2230 modis
1086 2178 1390 2240 solvantur,
1412 2194 1577 2248 quam
1607 2180 1810 2249 quibus
1841 2180 2143 2250 perfectum
2172 2198 2308 2252 quo-

720 2281 829 2335 que
862 2268 1271 2323 matrimonium
1312 2271 1606 2325 dirimitur.
1668 2272 1982 2325 Suntenim
2043 2273 2157 2328 haec
2189 2275 2307 2343 ejus

724 2358 885 2410 verba
910 2373 924 2411 :

724 2446 944 2503 Novella
975 2450 1307 2519 imperatoris
1363 2452 1533 2506 Alexii
1563 2452 1813 2509 Conmeni
1843 2454 1907 2508 de
1936 2454 2297 2523 sponsalibus.

793 2613 1078 2680 Sponsalia
1121 2629 1245 2668 vera
1280 2617 1490 2668 sancita
1555 2625 1685 2669 sunt
1718 2631 1748 2671 a
1803 2618 1984 2683 nobis,
2041 2634 2303 2690 quaecun-

721 2716 826 2769 que
853 2717 974 2755 cum
1032 2703 1413 2758 benedictione
1479 2720 1657 2769 saera,
1716 2715 1769 2759 et
1824 2716 2090 2762 statutoa
2146 2711 2305 2766 nobis

723 2798 968 2863 tempore
1030 2809 1124 2862 per
1188 2806 1307 2848 acta
1368 2803 1695 2851 noscuntur.
1746 2796 1943 2863 Aptum
2013 2813 2143 2852 vero
2196 2809 2303 2855 tam

722 2883 1092 2950 sponsalibus,
1118 2898 1283 2952 quam
1320 2885 1528 2953 nuptiis
1584 2893 1801 2954 tempus
1852 2884 2036 2951 fuerit,
2094 2888 2292 2942 femina

720 2973 940 3039 quidem
981 2973 1365 3029 duodecimum
1423 2986 1791 3044 transgressa,
1840 2978 2083 3032 masculo
2123 2988 2303 3035 autem

719 3061 990 3117 decimum
1011 3072 1065 3118 et
1086 3074 1343 3133 quartum
1367 3080 1568 3118 annum
1588 3067 1905 3121 excedente.
1940 3066 2066 3121 Post
2087 3083 2304 3123 sacrum

719 3163 854 3202 vero
876 3164 1097 3217 precum
1126 3167 1369 3214 carmen,
1403 3161 1457 3205 et
1483 3163 1801 3207 consuetam
1821 3156 1999 3209 arrbre
2025 3167 2187 3227 atque
2216 3174 2306 3213 os-

720 3239 831 3293 culi
875 3240 1334 3305 observationem,
1394 3245 1594 3313 exiguo
1626 3247 1707 3300 vel
1764 3248 1927 3300 etiam
1966 3248 2310 3317 longiusculo
2338 3248 2379 3305 Β

721 3331 897 3397 spatio
932 3334 1194 3401 temporis
1227 3334 1538 3403 interjecto,
1576 3345 1734 3404 prout
1785 3338 1920 3406 ipsis
1975 3342 2309 3396 contrahen-

717 3418 868 3473 tibus
882 3420 1057 3475 visunt
1077 3422 1262 3488 interit,
1296 3424 1430 3478 citra
1456 3426 1857 3480 recusationem
1877 3428 2142 3497 legitimas
2164 3445 2307 3498 quo-

719 3524 827 3579 que
855 3514 1077 3580 nuptias
1104 3513 1400 3570 succedere
1419 3516 1698 3584 jubemus,
1746 3533 1849 3571 nec
1868 3519 2031 3572 simul
2067 3519 2311 3576 incidere

722 3616 889 3657 unum
951 3618 1093 3673 Saepe
1128 3605 1270 3659 diem
1304 3614 1356 3660 et
1426 3607 1637 3661 horam.
1698 3608 1853 3673 Quod
1893 3610 1960 3673 si,
1993 3612 2307 3680 priusquam

718 3698 985 3746 statutum
1028 3710 1057 3747 a
1100 3696 1257 3751 nobis
1283 3698 1547 3765 temporis
1603 3699 1913 3766 appetierit,
1965 3709 2019 3753 et
2048 3702 2307 3756 indicatis

716 3784 1196 3841 observationibus
1218 3804 1325 3841 non
1374 3790 1654 3851 adhibitis,
1683 3791 1959 3857 Sponsalia
2015 3790 2159 3845 facta
2196 3793 2311 3847 lue-

717 3874 847 3934 rint,
880 3883 934 3927 et
973 3876 1337 3931 instrumenta
1368 3919 1381 3942 ,
1436 3892 1779 3946 nequaquam
1819 3878 1931 3932 Ita'c
1980 3894 2107 3934 vera
2138 3896 2307 3949 spon-

716 3965 854 4018 salia
886 3966 967 4018 vel
1004 3981 1147 4031 esse,
1182 3968 1267 4022 vel
1326 3968 1587 4037 appellari
1633 3968 1852 4031 debere,
1888 3971 2101 4023 tametsi
2135 3985 2308 4039 pinnas

713 4052 872 4107 luitio
900 4056 971 4108 sit
1004 4056 1235 4124 adjecta.
1271 4056 1403 4109 Nam
1436 4072 1557 4125 qua
1589 4059 1805 4125 prOprie
1843 4066 1971 4112 sunt
1999 4061 2305 4127 sponsalia,

715 4156 1003 4211 prunarum
1043 4144 1482 4212 praestationibus
1530 4159 1638 4197 non
1703 4144 2009 4206 solventur,
2073 4145 2306 4208 quando

714 4247 783 4287 ne
804 4234 1020 4302 quidem
1054 4234 1432 4289 instrumentis
1466 4235 1519 4287 in
1552 4244 1831 4303 posterum
1874 4234 2293 4289 adscribentur:

715 4339 840 4379 cum
903 4340 997 4393 per
1022 4339 1118 4379 eas
1172 4326 1380 4379 nullum
1420 4325 1777 4393 sponsalibus
1813 4324 1982 4377 robur
2044 4327 2293 4388 accedat,

714 4413 812 4469 sed
865 4428 960 4482 per
1018 4415 1413 4468 invocationem
1450 4412 1583 4469 Dei:
1642 4412 1949 4481 cujusmodi
2010 4416 2293 4482 sponsalia

715 4519 947 4573 prorsus
989 4505 1397 4560 indissolubilia
1460 4511 1704 4566 manent,
1753 4519 1815 4557 ex
1877 4504 1985 4558 illis
2038 4506 2303 4559 duntaxat

2416 2019 2605 2088 τελείῳ
2640 2020 2805 2089 γάμῳ
2828 2019 3013 2089 σχεδὸν
3043 2020 3075 2088 ή
3116 2018 3400 2089 μνηστεία,
3430 2016 3526 2070 ἅτε
3556 2015 3692 2086 μετὰ
3718 2018 3871 2083 ἱερᾶς
3900 2015 3998 2068 καὶ.

2418 2112 2557 2183 αὕτη
2589 2112 2888 2181 τελουμένη
2925 2111 3112 2181 εὐχῆς,
3160 2111 3251 2163 καὶ
3286 2110 3461 2173 ἄλλως
3489 2110 3548 2162 ού
3583 2108 3791 2176 λύεται,
3838 2110 3887 2159 εί
3922 2104 3998 2175 μὴ

2418 2205 2536 2260 καθ’
2573 2205 2666 2271 οὓς
2688 2208 2924 2277 τρόπους
2963 2207 3058 2259 καὶ
3091 2204 3153 2259 τὸ
3176 2205 3388 2259 τέλειον
3409 2203 3707 2257 διασπᾶται
3746 2200 3995 2256 συνοικὲ⁶

2416 2317 2532 2354 σιον
2553 2317 2569 2330 ·
2602 2300 2735 2370 φησι
2768 2301 2896 2370 γάρ·

2414 2481 2615 2551 Νεαρὰ
2664 2481 2773 2535 τοῦ
2815 2480 3125 2546 ,βασιλέως
3184 2479 3458 2541 Ἀλεξίου
3516 2478 3622 2533 τοῦ
3674 2478 3997 2547 Κομνηνοῦ

2946 2551 3079 2619 περὶ
3098 2552 3455 2620 μνηστείας.

2486 2645 2792 2714 Μνηστείαι
2842 2642 2973 2713 παρ’
3012 2642 3171 2712 ήμῶν
3200 2641 3561 2712 ἐτυπώθησαν
3594 2641 3841 2711 ἀληθείς,
3871 2643 3996 2696 ὅσαι

2419 2736 2558 2804 μετὰ
2589 2736 2686 2806 τῆς
2734 2736 2886 2803 ἱερᾶς
2929 2734 3183 2800 εὐλογίας
3217 2734 3312 2786 καὶ
3354 2734 3497 2785 κατὰ
3545 2733 3637 2785 τὸν
3686 2733 3998 2803 ὡρισμένον

2414 2830 2547 2899 ήμῖν
2576 2826 2766 2897 καιρὸν
2798 2824 3135 2879 τελεσθεῖσαι
3174 2824 3553 2894 γνωρίζονται.
3618 2824 3909 2894 Ἁρμόδιος
3951 2823 3999 2877 δ’

2415 2920 2479 2973 ἂν
2509 2920 2593 2989 είη
2631 2918 2925 2989 μνηστείας
2949 2920 3041 2972 καὶ
3069 2920 3251 2989 γάμου
3275 2918 3489 2987 καιρὸς,
3520 2919 3619 2985 τῆς
3643 2917 3743 2987 μὲν
3770 2917 3997 2986 θηλείας

2413 3012 2506 3063 τὸν
2533 3010 2841 3079 δωδεκαετῆ
2872 3010 3064 3080 χρόνον
3094 3007 3511 3077 διατρεχούσης,
3545 3006 3641 3059 τοῦ
3675 3006 3732 3058 δὲ
3765 3007 3998 3077 ἇρρενος

2414 3102 2505 3155 τὸν
2554 3102 2615 3155 ιδ’
2644 3101 3041 3171 διαμείϐοντος.
3075 3102 3230 3154 Meti
3258 3100 3313 3153 δὲ
3353 3101 3453 3168 τήν
3490 3099 3642 3169 ἱερὰν
3676 3098 3789 3151 τῶν
3819 3097 3997 3169 εὐχῶν

2416 3194 2653 3264 ἐπῳδὴν,
2702 3192 2799 3246 καὶ
2836 3193 2935 3263 τὴν
2985 3192 3187 3262 συνήθη
3238 3190 3333 3243 τοῦ
3387 3191 3704 3261 ἁρῤαϐὦνος
3757 3190 3856 3242 καὶ
3902 3189 3996 3242 τοῦ

2416 3284 2722 3355 φιλήματος
2767 3288 3172 3355 παρατήρησιν,
3224 3284 3474 3353 βραχέος,
3526 3283 3560 3351 ἦ
3610 3284 3703 3335 καὶ
3746 3282 3995 3344 πλείονος

2414 3376 2607 3445 καιροῦ
2651 3375 3041 3437 διαλείποντας.
3080 3375 3157 3437 ὼς
3206 3376 3272 3427 ἄν
3312 3374 3483 3437 δόξειε
3528 3376 3641 3435 τοῖς
3692 3372 3997 3425 συναλλάτ-

2415 3485 2624 3529 τουσιν,
2674 3470 3064 3537 ἀπαραιτήτως
3108 3467 3201 3520 καὶ
3236 3467 3329 3519 τὸν
3376 3467 3603 3535 ἔννομον
3633 3466 3814 3535 γάμον
3856 3483 3997 3534 προ-

2413 3558 2621 3612 ϐαίνειν
2644 3559 2961 3627 κελεύομεν,
2978 3559 3071 3610 καὶ
3094 3558 3328 3629 μὴκατὰ
3344 3558 3511 3609 ταυτδ
3533 3557 3918 3620 συμϐαίνει-1⁵³
3936 3558 3994 3607 ἐν

2413 3655 2595 3725 ἡμέρα
2640 3656 2739 3723 μιᾷ
2770 3653 3033 3716 πολλάκις
3075 3654 3171 3705 καὶ
3202 3652 3342 3723 ὥρα.
3378 3652 3440 3703 Ei
3484 3651 3539 3703 δὲ
3572 3652 3701 3721 πρὶν
3731 3652 3827 3703 τὸν
3865 3649 3994 3719 παρ’

2412 3746 2568 3816 ήμῶν
2611 3747 2899 3816 ὁρισθέντα
2949 3745 3240 3814 ἐπιστῆναι
3288 3744 3502 3815 καιρὸν,
3540 3746 3635 3797 καί
3669 3744 3783 3796 τῶν
3838 3746 3995 3814 είρηο

2415 3839 2595 3905 μένων
2662 3838 2736 3907 μὴ
2792 3840 3102 3907 γενομένων
3167 3839 3633 3907 παρατηρήσεων,
3700 3840 3995 3907 μνηστείαι

2411 3929 2780 3999 προϐήσονται
2852 3930 2945 3981 καὶ
3020 3928 3345 3998 συμϐόλαια,
3416 3928 3620 3990 ταύτας
3691 3930 3997 3997 μνηστείας

2410 4020 2630 4087 ἀληθεῖς
2676 4021 2810 4089 μηδὲ
2850 4016 2985 4071 εἶναι
3017 4020 3151 4088 μηδὲ
3189 4020 3577 4088 ὀνομάζεσθαι,
3609 4024 3658 4073 εἰ
3691 4021 3788 4071 καὶ
3819 4036 3991 4089 προσ-

2407 4111 2568 4180 τίμου
2604 4113 2762 4181 ποινὴ
2814 4112 3132 4181 πρόσκειται
3163 4128 3177 4142 ·
3214 4113 3271 4165 αί
3297 4114 3404 4180 γὰρ
3435 4113 3641 4182 κυρίως
3696 4116 3991 4182 μνηστείαι

2406 4205 2466 4257 οὗ
2520 4206 2840 4275 προστίμων
2882 4203 3211 4273 λυθήσονται
3261 4204 3492 4266 δόσεσιν,
3535 4204 3683 4274 ἅπερ
3720 4204 3845 4256 οὐδὲ
3877 4208 3991 4267 τοῖς

2410 4296 2758 4365 συμϐολαίοις
2802 4296 2863 4347 τὸ
2913 4296 3099 4347 λοιπὸν
3161 4296 3645 4364 ὲγγραφήσονται·
3708 4295 3793 4348 ὅτι
3852 4295 3991 4365 μηδι

2408 4390 2541 4457 παρ’
2577 4387 2756 4441 αὐτῶν
2808 4388 2861 4440 αί
2915 4389 3202 4456 μνηστείαι
3256 4387 3643 4453 κρατύνονται,
3698 4386 3839 4439 ἀλλὰ
3898 4386 3987 4441 διὰ

2407 4481 2506 4549 τῆς
2535 4480 2628 4532 τού
2661 4478 2796 4532 Θεοῦ
2832 4478 3193 4548 ἐπικλήσεως,
3222 4479 3389 4547 αἴπερ
3413 4479 3507 4531 καὶ
3537 4478 3723 4531 ἄλυτυι
3754 4479 3819 4531 τὸ
3842 4496 3987 4549 παρ·

714 4565 901 4649 causis
943 4595 1269 4659 dirimenda,
1303 4594 1505 4664 quibus
1539 4595 1807 4662 etnuptize
1831 4594 2140 4648 solvuntur.
2165 4594 2304 4660 Quia

2413 4572 2552 4624 άπαν
2611 4573 2855 4641 μένουσι,
2905 4572 3094 4639 μόναις
3141 4569 3401 4639 λυόμεναι
3448 4571 3567 4632 ταῖς
3615 4570 3846 4632 αἰτίαις,
3899 4565 3985 4632 αἷς

714 4700 868 4747 vero,
896 4685 1198 4740 secundum
1225 4687 1459 4755 priscam
1481 4686 1657 4753 legunt
1678 4685 2155 4750 consuetudinem,
2179 4696 2302 4754 post

716 4790 919 4829 annum
973 4777 1165 4845 puella:
1190 4777 1480 4845 septimum
1517 4791 1624 4830 non
1657 4784 1803 4830 recte
1856 4777 2131 4845 sponsalia
2164 4791 2296 4846 pro-

716 4866 983 4921 cedebant
1015 4867 1159 4937 (nam
1191 4868 1357 4922 libere
1397 4866 1598 4937 singuli
1628 4865 1694 4920 ad
1732 4867 2094 4935 desponsatas
2139 4881 2303 4921 acce-

718 4960 934 5022 dentes,
967 4975 1064 5030 per
1091 4961 1348 5014 intuitum
1377 4962 1724 5021 continuum,
1754 4967 1806 5013 et
1833 4960 2139 5012 libertatem
2164 4974 2297 5012 con-

716 5053 1065 5111 versationis.
1097 5052 1271 5121 ipsam
1298 5051 1501 5106 amoris
1523 5050 1797 5105 ﬂammam
1826 5050 2002 5120 magis
2031 5052 2301 5105 accende-

722 5143 899 5211 bant),
932 5144 985 5197 in
1011 5143 1113 5197 boc
1138 5158 1355 5212 quoque
1403 5144 1717 5206 statuimus,
1756 5150 1816 5194 ut
1839 5156 1959 5209 quae
1991 5155 2137 5194 anno
2166 5156 2296 5195 con-

721 5228 1055 5281 tralientium
1112 5229 1363 5292 septimo,
1421 5244 1595 5297 usque
1629 5228 1695 5283 ad
1730 5244 1819 5281 xiv
1846 5229 1927 5282 vel
1986 5244 2063 5282 xu
2119 5231 2297 5285 aetatis

719 5329 912 5369 eorum
960 5331 1186 5379 annum,
1218 5318 1374 5384 quasi
1430 5318 1535 5372 sub
1562 5317 1733 5370 forma
1781 5318 2119 5385 sponsalium
2168 5316 2305 5371 ﬁunt

722 5404 1125 5473 instrumenta;
1187 5421 1411 5476 prorsus
1476 5408 1845 5477 legitimorum
1909 5408 2300 5477 lirmorumque

2410 4666 2502 4716 καὶ
2530 4664 2579 4714 οί
2605 4664 2798 4731 γάμοι.
2838 4662 2991 4713 Ἑπεὶ
3018 4660 3073 4713 δὲ
3102 4660 3247 4713 κατὰ
3274 4660 3371 4731 τὴν
3404 4660 3643 4713 παλαιάν
3665 4661 3776 4712 τῶν
3803 4662 3985 4730 νόμων

2418 4754 2712 4821 συνήθειαν
2764 4752 2903 4820 μετὰ
2930 4752 3022 4802 τὸν
3066 4750 3304 4819 ἑπταετῆ
3349 4750 3539 4820 χρόνον
3576 4754 3677 4821 τῆς
3723 4752 3899 4821 κόρης
3924 4751 3983 4803 οὐ

2415 4842 2595 4905 κλλῶς
2620 4844 2675 4895 αἱ
2704 4844 2992 4913 μνηστεῖαι
3027 4840 3357 4911 προῦϐαινον
3395 4841 3591 4913 (ἀδεῶς
3625 4841 3733 4911 γὰρ
3763 4843 3860 4894 ἐπὶ
3891 4843 3984 4910 τῆς

2413 4937 2853 5005 μνηστευομένης
2871 4936 2917 4966 ⁵³
2950 4935 3325 5004 εἰσερχόμενοι
3355 4934 3610 4998 ἕκαστος,
3658 4937 3725 5004 τῇ
3775 4936 3990 5003 συνεχεῖ

2410 5027 2509 5097 es;
2555 5030 2647 5079 καὶ
2695 5027 2771 5095 τῷ
2815 5026 3107 5095 ἐλευθερίῳ
3138 5026 3237 5095 τῆς
3282 5026 3498 5093 ὁμιλίας
3548 5026 3608 5077 τὸ
3638 5025 3731 5077 τοῦ
3782 5026 3987 5093 ἔρωτος

2406 5125 2735 5193 φλεγμαῖνον
2772 5120 3213 5196 προσανέκαιογ),
3263 5122 3423 5189 tusi;
3460 5122 3553 5171 καὶ
3595 5119 3755 5171 τούτο
3792 5119 3983 5172 θεσπί-

2405 5219 2591 5284 ζομεν,
2628 5216 2697 5267 τὰ
2728 5215 2828 5281 μὲν
2857 5214 2998 5266 κατά
3036 5212 3125 5265 τὸν
3153 5211 3393 5279 ἑπταετῆ
3424 5212 3533 5263 τῶν
3563 5211 3986 5279 συμϐαλλόντων

2405 5309 2595 5379 χρόνον
2625 5307 2752 5376 ἄχρι
2798 5306 2892 5359 τού
2931 5303 2989 5357 ιδ’
3038 5306 3070 5373 ἢ
3116 5304 3181 5371 ιβ’
3206 5304 3305 5373 τῆς
3350 5304 3569 5372 ἡλικίας
3608 5304 3807 5372 χρόνου
3839 5304 3986 5370 τινός

2417 5420 2551 5473 μενα
2580 5403 2654 5464 ὡς
2687 5403 2745 5453 ἐν
2792 5402 2951 5470 τύπῳ
2996 5400 3291 5470 μνηστείας
3336 5400 3658 5467 συμϐόλαια,
3708 5398 3787 5470 μὴ
3835 5397 3987 5461 τάξιν

2057 5540 2291 5596 ΥΑΠΙᾸΞ
2322 5538 2723 5593 LECTIHNES.

790 5636 831 5667 δ’
868 5638 895 5688 6
924 5639 1115 5705 αὑτήν.
1190 5640 1237 5670 ⁸³
1256 5638 1535 5709 ῥημάτων.
1611 5638 1657 5669 ⁵³
1688 5639 2043 5709 συμπῖπτειν.

2122 5638 2169 5669 ⁵⁵
2194 5640 2290 5698 τὰς
2334 5635 2800 5705 μνηστευομένη.

2222 5730 2449 5785 NOTAE.

802 5823 911 5896 ('58)
950 5824 983 5876 Ι.
1015 5824 1098 5879 10.
1124 5823 1186 5877 C.
1220 5824 1292 5877 De
1316 5825 1500 5879 dannt.
1536 5835 1657 5878 ante
1684 5834 1832 5881 nunt.
