4198 6444
228 327 369 394 1255

1514 331 2225 396 ϐΒᾸΞΟΟ-ΒΟΜΑΝῸΜ.

3350 328 3486 393 Ῑὲἓϐ

222 440 365 501 ὅλως
390 435 613 509 ἐννόμου
636 434 931 507 μνηστείας
958 434 1053 489 καὶ
1074 433 1354 505 ἀσφαλοῦς
1379 436 1757 508 ἀποφέρεσθαι
1776 453 1789 465 ·

1909 442 2240 509 sponsalium
2277 440 2454 494 locum
2489 453 2596 495 non
2628 439 2933 504 obtineant,
2968 438 3061 492 sed
3126 445 3332 493 tantum
3370 439 3482 493 vel-

224 527 347 582 ἀλλ’
377 528 453 591 ὡς
478 528 850 597 ἐπερωτήσεις
888 527 1050 597 μόνον
1080 526 1495 597 ἠσφαλισμένας
1523 528 1803 599 κρίνεσθαί

227 635 296 672 τε
350 618 449 672 καὶ
481 619 729 687 ἐνεργεῖν
772 616 915 671 κατά
964 613 1025 670 τὸ
1075 617 1195 681 ἔθος
1244 618 1357 671 τῶν
1389 618 1563 673 ἄλλων
1615 618 1806 671 συναλ-

220 710 524 778 λαγμάτων
548 725 564 740 ⁸
596 705 845 780 ἐνεργεῖν
888 710 943 763 δὲ
974 710 1067 763 τὸν
1101 710 1333 762 παλαιὸν
1381 710 1543 779 νόμον
1583 710 1674 763 τόν
1713 710 1806 763 ἐπὶ

219 804 299 872 τῇ
348 800 614 871 μνηστείᾳ
664 800 1075 869 ὲκφωνηθέντα,
1128 800 1187 853 ιν
1237 801 1351 862 τοῖς
1399 799 1805 869 κεκωλυμένοις

222 891 545 965 προσώποις
616 892 962 963 εἰσέρχεσθαι
1056 892 1146 944 ἐπὶ
1208 892 1307 962 τὴν
1369 893 1804 961 ἀποζευχθείσαν

226 983 496 1054 μνηστὴν,
527 984 613 1037 διὰ
661 984 723 1035 τὸ
763 983 1077 1050 περιούσιον
1118 982 1217 1051 τῆς
1268 984 1419 1053 παρᾶ
1456 985 1806 1054 Χριστιανοῖς

220 1075 724 1146 ὲμπολιτευομένης
759 1074 1169 1137 καταστάσεως.
1199 1074 1262 1126 Εἰ
1293 1076 1403 1144 γὰρ
1437 1076 1528 1127 καὶ
1557 1074 1632 1145 μὴ
1669 1092 1807 1144 μνη-

224 1170 387 1221 στεία
431 1169 549 1219 εστὶ
591 1166 733 1218 κατὰ
766 1167 827 1218 τὸ
882 1166 1107 1235 ἀκριϐὲς
1139 1166 1358 1235 ἐντελὴς
1406 1166 1467 1218 τὸ
1498 1169 1802 1236 γινόμενον,

220 1260 343 1313 ἀλλ’
394 1260 476 1311 ὅτι
522 1259 724 1311 σκοπὴν
777 1258 923 1327 ἔχειν
977 1258 1275 1327 μνηστείας
1311 1256 1483 1321 δοκεῖ,
1518 1260 1609 1309 καὶ
1640 1258 1804 1328 θεμέ-

218 1351 337 1412 λιος
384 1351 562 1419 γάμου
613 1349 863 1403 ἐντεῦθεν
925 1348 1457 1419 προκαταϐάλλεται,
1508 1350 1688 1412 καλῶς
1740 1350 1805 1403 ἂν

222 1440 341 1507 ἔχοι
395 1440 462 1490 τά
503 1439 863 1507 κεκωλυμένα
907 1438 984 1507 τῷ
1024 1438 1174 1507 νόμῳ
1217 1438 1483 1507 πρόσωπα
1528 1441 1621 1490 καὶ
1650 1437 1806 1501 αὖθις

222 1531 559 1594 κιιιλύεσθαι,
627 1532 725 1583 καὶ
786 1531 991 1600 μηδένα
1049 1532 1128 1592 εἰς
1196 1532 1431 1599 γυναῖκα
1486 1529 1801 1598 λαμϐάνειν,

220 1622 290 1690 ῆν
321 1623 349 1673 ὁ
397 1619 621 1683 παλαιὸς
669 1620 830 1688 νόμος
882 1621 1123 1690 μνηστήν
1162 1637 1309 1682 τινος
1344 1622 1671 1690 γενομένην,
1704 1621 1804 1690 τῆς

226 1710 524 1777 μνηστείας
557 1708 828 1779 λυομένης
857 1709 955 1760 οὐκ
994 1709 1206 1777 ἀφῆκεν
1242 1708 1413 1778 ἑτέρῳ
1448 1709 1589 1761 κατά
1623 1708 1804 1780 γάμον

224 1802 615 1872 συνέρχεσθαι.

581 1914 717 1982 Περὶ
746 1914 1084 1983 μνηστείας
1119 1913 1455 1981 κληρικῶν.

313 2024 530 2094 Ἀμέλει
582 2028 680 2077 καὶ
733 2025 831 2077 οὐκ
878 2025 1089 2092 ἐφεῖταί
1134 2042 1241 2078 τινι
1289 2025 1397 2080 τῶν
1426 2024 1522 2078 τοῦ
1556 2024 1800 2095 βήματος

226 2115 447 2184 θανάτῳ
498 2115 531 2185 ἢ
610 2114 743 2185 άλλη
802 2116 953 2186 αἰτίᾳ
1015 2114 1117 2183 τῆς
1170 2116 1379 2178 οἰκείας
1432 2114 1805 2185 διαξευχθέντι

228 2211 478 2277 μνηστῇς
530 2208 637 2274 πρὸ
679 2206 775 2259 τοῦ
822 2208 1025 2275 γάμου,
1077 2207 1243 2277 ἑτέρα
1292 2207 1660 2260 συνάπτεσθαι
1706 2223 1804 2271 γυο

223 2300 399 2352 ναικί.
463 2300 520 2351 ὐ
577 2301 686 2369 γάρ
749 2300 1111 2368 πεποιηκέναι
1170 2300 1329 2353 τοῦτο
1384 2300 1679 2370 φωραθεὶς,
1728 2299 1803 2363 ὡς

225 2390 711 2459 δευτερογαμήσας
753 2390 1119 2461 καθαιρεῖται.
1150 2392 1257 2443 Καὶ
1288 2394 1315 2444 ὁ
1364 2390 1619 2459 ἐμπεσὼν
1644 2390 1725 2453 εἷς
1754 2407 1805 2443 τι

224 2480 471 2533 τοιοῦτον
533 2480 908 2548 ἀναγνώστης,
986 2483 1066 2543 εἱς
1126 2482 1316 2551 ἕτερον
1376 2481 1438 2533 ού
1504 2481 1807 2548 προκόπτει

229 2572 460 2641 βαθμὸν.
508 2573 571 2624 Et
616 2573 672 2625 δὲ
714 2572 1021 2635 ἀσύστατός
1052 2576 1201 2625 ἐστιν
1232 2572 1593 2643 ή·μνηστεια,
1628 2574 1676 2625 ει
1710 2572 1808 2640 μὲν

231 2664 297 2714 τὸ
352 2662 732 2732 κατεγγυηθὲν
788 2664 1083 2735 πρόσωπον
1131 2663 1210 2732 τῷ
1254 2664 1461 2717 θέλοντι
1494 2664 1804 2734 ἱερωθῆναι,

228 2755 326 2806 τὸν
371 2754 532 2806 ἕκτον
575 2755 818 2825 ὑπερέϐη
863 2756 1074 2824 χρόνον,
1105 2758 1164 2808 οὐ
1198 2756 1733 2827 παραχωρηθήσεται
1779 2758 1808 2809 ὁ

233 2845 723 2913 μνηστευσάμενος
790 2846 955 2916 ἑτέρᾳ
1021 2845 1363 2914 ωναφθῆναι
1421 2847 1661 2915 γυναικὶ,
1715 2847 1807 2901 καὶ

229 2935 406 2999 οὕτως
458 2936 775 3005 ἱερωθῆναι.
821 2938 1062 3007 Δίγαμος
1102 2938 1211 3008 γὰρ
1261 2937 1537 3005 λογίζεται
1579 2938 1667 2992 διά
1709 2940 1809 3007 τὴν

230 3016 550 3092 ἐπιθυμίαν,
576 3042 653 3092 τῳ
701 3028 959 3097 δεκτικὴν
985 3028 1187 3099 ἔρωτος
1217 3027 1355 3084 εἶναι
1381 3032 1683 3097 τηνικαῦτα
1709 3030 1808 3100 τὴν

1828 1796 1876 1855 Β

1909 534 1984 584 ttti
2029 533 2362 586 confirmata:
2385 532 2763 600 stipulationes
2813 530 3143 593 habeantur,
3193 538 3248 584 et
3284 545 3485 583 secun-

1904 623 2033 675 dum
2072 624 2303 677 aliorutn
2326 631 2669 676 contractum
2724 623 3171 677 consuetudinem
3204 620 3481 691 obligant:

1904 712 2071 766 veteri
2112 713 2242 782 lege,
2278 728 2399 781 quae
2429 711 2496 765 dc
2514 712 2862 779 sponsalibus
2887 721 2965 765 est
2995 712 3270 781 publicata
3318 711 3489 763 robur

1903 805 1959 858 in
2015 805 2081 858 iis
2104 804 2336 857 habente
2401 805 2673 873 personis,
2734 803 2937 870 quibus
2987 817 3111 854 cum
3175 800 3484 869 repudiata.

1906 909 2104 963 sponsa
2153 894 2206 946 in
2234 893 2639 947 matrimonium
2674 892 2825 946 coire
2887 892 3223 960 prohibitum
3262 900 3367 955 est,
3399 891 3486 943 id-

1905 1002 2011 1055 que
2042 994 2260 1055 propter
2282 987 2399 1054 ejus
2430 997 2627 1049 status,
2648 987 2737 1053 qni
2766 983 2907 1053 apud
2949 984 3293 1036 Christianos
3318 984 3484 1051 viget,

1906 1080 2325 1133 incrementum.
2362 1075 2514 1130 Licet
2555 1077 2699 1130 enim
2737 1076 2925 1129 subtili
2983 1076 3194 1128 ratione
3237 1090 3343 1126 non
3377 1076 3488 1127 sint

1906 1171 2020 1224 haec
2053 1168 2290 1235 perfecta
2317 1170 2615 1236 sponsalia,
2671 1180 2853 1221 tamen
2880 1168 3003 1235 quia
3057 1166 3398 1236 Sponsalium
3430 1167 3488 1219 li-

1909 1275 2028 1314 nem
2082 1259 2281 1312 habere
2320 1261 2592 1320 videntur,
2634 1268 2686 1311 et
2721 1260 3032 1326 nuptiarum
3095 1260 3224 1312 ltinc
3292 1257 3489 1310 inuida-

1907 1353 2149 1399 mentum
2186 1344 2426 1414 ponitur,
2461 1360 2567 1397 non
2610 1345 2707 1396 abs
2742 1359 2797 1396 re
2831 1346 3118 1411 prohibita:
3172 1360 3265 1412 per
3317 1346 3486 1410 legem

1906 1455 2150 1510 personze
2186 1456 2379 1494 rursus
2411 1436 2855 1505 impedimentum
2896 1436 3192 1498 habebunt,
3220 1451 3317 1489 nec
3342 1435 3494 1502 Quis-

1908 1547 2068 1601 quam
2097 1547 2215 1584 eam
2243 1544 2464 1584 uxorem
2490 1529 2673 1587 ducet.
2698 1544 2858 1598 quam
2893 1529 3071 1595 prisca
3114 1529 3195 1581 lex
3227 1541 3485 1595 sponsam

1908 1624 2140 1692 alicujus
2173 1622 2396 1686 iactam,
2464 1622 2660 1675 solutis
2723 1620 3075 1689 sponsalibus
3113 1621 3167 1673 in
3201 1619 3491 1674 matrimo-

1909 1714 2055 1767 nium
2087 1728 2212 1767 cum
2244 1712 2417 1766 altero
2450 1711 2597 1765 coire
2627 1725 2734 1764 non
2762 1709 3029 1781 permisit.

2330 1915 2407 1969 De
2428 1915 2735 1969 c!ericorum
2764 1912 3118 1980 sponsalibus.

1981 2030 2122 2084 Sane
2143 2044 2246 2083 non
2272 2029 2607 2097 permittitur
2623 2028 2785 2080 alieni
2803 2026 3120 2094 dignitatem
3149 2022 3492 2079 ecclesiasti-

1909 2138 2025 2178 cam
2062 2125 2293 2192 gerenti,
2316 2121 2409 2190 qui
2437 2121 2630 2174 mortis
2654 2120 2951 2173 alteriusve
2977 2132 3161 2171 causae
3180 2118 3489 2171 interventu

1907 2220 2192 2282 separatus
2241 2210 2365 2262 sita
2423 2222 2625 2277 sponsa
2659 2222 2756 2261 sna
2785 2214 2913 2259 ante
2975 2207 3217 2275 nuptias,
3289 2213 3346 2258 ut
3383 2206 3490 2259 alia

1908 2320 2030 2358 cum
2055 2302 2278 2356 muliere
2337 2302 2645 2370 copuletur.
2705 2298 2835 2351 Nam
2868 2298 2961 2368 qui
3029 2298 3132 2351 hoc
3178 2297 3373 2351 lecisse
3397 2296 3493 2351 de-

1908 2397 2210 2467 prehensus
2259 2393 2444 2454 fuerit,
2519 2402 2778 2459 tanquam
2805 2388 3048 2443 secundo
3104 2388 3346 2458 illigatus
3377 2402 3495 2442 ma-

1909 2487 2194 2549 trimonio,
2247 2484 2560 2553 deponitur.
2592 2481 2791 2536 Lector
2826 2482 3013 2543 etiam,
3055 2481 3147 2548 qui
3183 2481 3289 2534 tale
3325 2479 3491 2548 quid-

1908 2592 2070 2649 quam
2130 2576 2381 2638 incnrrit,
2407 2576 2473 2627 ad
2535 2575 2698 2626 alium
2736 2572 2964 2643 gradqu
2995 2586 3099 2625 non
3148 2572 3488 2640 provehitur.

1908 2668 2064 2734 Quod
2104 2669 2148 2721 si
2198 2676 2455 2721 constare
2486 2666 2766 2735 sponsalia
2797 2682 2904 2719 non
2938 2674 3192 2735 possunt,
3216 2664 3488 2733 siquidem

1909 2771 1963 2816 et
1991 2761 2265 2829 desponsa
2316 2772 2571 2828 persona,
2624 2756 2718 2827 qui
2754 2754 3015 2811 sacerdos
3040 2754 3155 2808 ﬁeri
3221 2755 3358 2814 vult,
3385 2767 3485 2806 an-

1910 2868 2036 2907 num
2070 2860 2283 2905 sextum
2328 2848 2508 2903 atatis
2542 2848 2781 2902 excessit
2808 2887 2823 2911 ,
2870 2861 2980 2900 non
3033 2845 3381 2914 permittetur
3415 2841 3489 2906 ei,

1910 2946 2002 3015 qui
2036 2959 2155 2998 eam
2188 2942 2293 2997 sibi
2325 2940 2639 3009 despondit,
2679 2947 2737 2992 ut
2768 2939 2874 2992 alia
2903 2952 3027 2992 cum
3058 2936 3289 2991 muliere
3318 2950 3484 3004 copu-

1910 3038 2070 3098 letur,
2103 3040 2266 3103 atque
2282 3034 2354 3086 ita
2372 3032 2630 3086 sacerdos
2657 3030 2766 3083 ﬁat.
2793 3027 2924 3081 Nam
2946 3029 3199 3097 digamus
3222 3041 3343 3081 esse
3372 3024 3479 3079 du-

232 3121 494 3183 γυναῐκα.
526 3115 591 3168 Εἰ
641 3116 696 3168 δὲ
727 3117 904 3186 ἥττων
932 3116 1040 3170 τῶν
1078 3118 1136 3182 ἒξ
1164 3119 1372 3189 χρόνων
1406 3114 1475 3189 ἦν
1502 3118 1562 3171 τὸ
1602 3136 1805 3187 κατεγ-

1909 3127 2072 3192 citur,
2105 3126 2314 3179 ratione
2353 3121 2847 3191 concupiscentia,
2892 3135 3016 3174 cum
3049 3120 3148 3172 hac
3178 3128 3336 3173 aetate
3366 3132 3490 3171 mu-

233 3205 438 3275 γυηθὶν
468 3206 619 3275 αύτῷ
648 3206 965 3275 πρόσωπον,
991 3208 1079 3260 ὅτε
1107 3210 1140 3278 ἡ
1169 3209 1428 3278 ἀθέτησις
1453 3208 1561 3261 τῶν
1586 3209 1808 3277 συμφὼο

231 3315 342 3350 νων
392 3296 625 3363 ἐγίνετο,
669 3295 892 3350 δύναται
921 3298 949 3350 ὁ
981 3298 1223 3362 τοιοῦτος
1258 3302 1353 3353 καὶ
1382 3300 1548 3369 ἑτέρα
1591 3300 1812 3367 γυναικὶ

232 3386 579 3455 συζευχθεὶς,
614 3386 913 3448 ἀκωλύτως
945 3389 1025 3448 εἰς
1073 3388 1371 3457 ἱερωσύνην
1413 3388 1606 3441 ἐλθεῖν.
1637 3388 1810 3440 Τοῦτο

230 3477 290 3531 at
357 3479 449 3529 ἐπὶ
499 3478 704 3531 ὶαῖκῶν
762 3479 822 3530 οὐ
876 3481 1086 3548 κρατεῖ.
1151 3482 1359 3543 Μόνους
1414 3480 1522 3549 γὰρ
1555 3480 1677 3541 τοὺς
1715 3479 1807 3531 τοῦ

235 3569 503 3640 βήματος,
562 3572 689 3639 μιᾶς
749 3572 1032 3636 γυναικὸς,
1090 3574 1183 3623 καὶ
1240 3572 1441 3641 ταύτης
1501 3571 1797 3639 παρθένον,

230 3660 432 3729 ἄνδρας
467 3655 604 3712 εἶναι
636 3663 733 3713 δεῖ.
780 3655 883 3714 Οἷα
908 3662 1000 3713 καὶ
1038 3663 1236 3724 αὐτοὺς
1264 3664 1484 3724 πάντως
1511 3665 1576 3731 τῇ
1604 3661 1808 3732 παρθε-

230 3753 323 3821 νίᾳ
354 3752 459 3820 πρὸ
483 3752 674 3804 τούτου
709 3754 1162 3821 σεμνυνομένους.
1197 3754 1420 3816 Τελείας
1458 3754 1512 3806 δὲ
1549 3756 1645 3823 τῆς
1677 3771 1808 3824 μνη-

231 3843 417 3903 στείας
458 3843 644 3912 οὔσης,
691 3845 785 3896 καὶ
830 3845 878 3896 εἱ
936 3846 1043 3914 πρὸ
1088 3845 1181 3896 τοῦ
1216 3848 1559 3914 συμμιγῆναι
1592 3848 1658 3913 τῇ
1709 3862 1810 3913 με·

238 3936 627 4003 μνηστευμένῃ
660 3936 751 3986 τδν
782 3935 974 4004 ἄνδρα,
1002 3936 1219 4004 θανάτῳ
1246 3936 1448 4003 ταύτης
1476 3936 1807 4000 διέζευκται,

230 4027 403 4079 ossae
427 4026 612 4087 λαῖκὸς
645 4026 830 4079 λαϐεῖν
862 4026 1083 4079 δύναται
1110 4027 1142 4097 ἢ
1177 4026 1476 4095 ἑξαδέλφην
1515 4026 1739 4096 ταύτης,
1773 4028 1807 4096 ἦ

231 4115 422 4183 ἕτερον
457 4118 750 4185 πρόσωπον
794 4117 858 4168 ὲκ
906 4115 1001 4168 τοῦ
1047 4118 1215 4183 νόμου
1267 4116 1684 4184 κεκωλυμένων.
1734 4117 1808 4168 Ού

233 4207 347 4277 γάρ
373 4210 406 4276 ἡ
442 4208 733 4274 συνάφεια,
770 4208 887 4259 ἀλλ’
919 4210 951 4275 ὴ
1000 4207 1097 4275 τῆς
1125 4208 1293 4277 εὐχῆς
1320 4206 1508 4277 τελετὴ
1542 4209 1685 4259 ποιεῖ
1713 4208 1812 4275 τὴν

235 4296 532 4368 μνηστεξαν
578 4299 653 4359 ὼς
702 4298 880 4367 γάμον
927 4298 1255 4365 λογίζεσθαι.
1308 4299 1367 4350 Ei
1437 4300 1618 4368 μέντοι
1696 4298 1808 4367 πρὸ

232 4391 449 4453 τελεὶας
503 4390 917 4459 ἱεροτελεστίας,
972 4391 1139 4459 μόνης
1196 4391 1254 4441 δὲ
1307 4391 1602 4459 μνηστείας
1675 4406 1795 4442 συνσ

1911 3219 2011 3273 lier
2037 3218 2240 3272 amoris
2271 3231 2441 3286 capax
2493 3216 2585 3270 sit.
2618 3215 2686 3267 At
2709 3229 2838 3268 vero
2861 3214 2907 3267 si
2965 3213 3146 3266 minor
3180 3228 3275 3266 sex
3330 3211 3490 3265 annis

1910 3309 1980 3362 sit
2012 3321 2238 3377 persona
2268 3307 2562 3376 desponsa,
2590 3320 2699 3375 quo
2750 3313 2992 3372 tempore
3016 3310 3173 3371 pacta
3212 3302 3489 3369 sponsalia

1908 3396 2277 3451 reddebantur
2319 3397 2498 3460 irrita,
2535 3404 2713 3464 potest
2737 3396 2859 3448 talis
2884 3396 3047 3448 etiam
3087 3393 3193 3446 alia
3220 3408 3345 3445 cum
3374 3407 3493 3446 mtt-

1912 3486 2041 3540 Iiere
2064 3486 2371 3554 copulatus,
2402 3487 2621 3538 nomine
2637 3485 2960 3552 prohibente
2980 3483 3289 3536 sacerdotio
3302 3481 3458 3550 fungi
3476 3522 3489 3534 .

1913 3579 2017 3634 Sed
2046 3582 2147 3633 hoc
2190 3582 2244 3634 in
2278 3580 2433 3635 laicis
2463 3582 2639 3634 locum
2671 3594 2778 3633 non
2815 3579 2995 3632 habet.
3024 3578 3317 3631 Duutaxat
3347 3579 3490 3628 enim

1910 3671 2286 3725 ecclesiastica
2311 3672 2363 3723 in
2392 3672 2659 3740 dignitate
2678 3672 3010 3725 constitutos
3035 3670 3199 3721 ttnius
3220 3669 3491 3728 mulieris,

1910 3774 1963 3817 et
1988 3763 2217 3832 virginis
2235 3763 2479 3830 quidem,
2525 3763 2749 3814 maritos
2781 3776 2904 3814 esse
2931 3767 3145 3826 oportet
3168 3767 3251 3811 :ct
3275 3772 3398 3810 cum
3439 3766 3494 3808 et

1910 3854 2012 3923 ipsi
2053 3853 2277 3905 omnino
2307 3861 2433 3905 ante
2496 3853 2906 3904 matrimonium
2954 3859 3297 3902 contractum
3328 3849 3493 3914 virgi-

1910 3943 2103 3996 nitatis
2151 3941 2315 3994 laude
2375 3940 2599 4010 gloriari
2650 3940 2907 3992 debeant.
2946 3936 3213 3992 Caeterum
3249 3937 3338 3988 ubi
3372 3949 3495 4000 prr-

1911 4032 2050 4086 fecta
2098 4042 2226 4087 sunt
2252 4032 2551 4101 sponsalia,
2584 4032 2709 4085 licet
2772 4040 3061 4098 antequam
3098 4043 3222 4080 cum
3257 4026 3495 4093 despair-

1912 4132 2027 4177 sata
2057 4120 2162 4175 sibi
2190 4121 2268 4172 vir
2297 4129 2474 4179 coeat,
2508 4135 2601 4187 per
2628 4127 2854 4171 mortem
2880 4117 2947 4169 ab
2972 4131 3033 4169 ea
3057 4114 3360 4181 diremptus
3380 4112 3494 4163 l'ne-

1911 4213 2005 4275 rit,
2047 4226 2114 4265 ne
2149 4212 2322 4264 laicus
2365 4209 2582 4279 quidem
2636 4209 2837 4261 ducere
2875 4213 3052 4276 potest
3094 4204 3177 4257 vel
3206 4200 3495 4255 consobri-

1914 4318 2038 4355 nam
2070 4300 2210 4368 ejus,
2252 4301 2336 4354 vel
2393 4300 2553 4352 aliam
2607 4313 2893 4367 personam
2967 4296 3082 4363 lege
3140 4292 3492 4363 prohilntam.

1913 4390 2029 4445 Non
2061 4393 2205 4446 enint
2236 4391 2352 4460 ipsa
2398 4389 2738 4457 conjunctio,
2771 4388 2865 4442 sed
2899 4400 3019 4456 qua
3078 4399 3300 4453 precum
3326 4382 3495 4433 inter-

234 4481 557 4547 ισταμένης.
592 4481 681 4533 τὶν
730 4478 961 4548 νυμφίον
1009 4482 1074 4549 τῇ
1132 4479 1369 4548 πενθερᾷ
1420 4479 1804 4548 συμφθαρῆναι

1911 4493 2075 4538 ventu
2103 4483 2161 4535 lit
2189 4483 2551 4546 consecratio,
2600 4480 2870 4548 spensalia
2910 4491 3009 4545 pro
3042 4474 3248 4541 nuptiis
3303 4470 3493 4524 haberi

238 4567 464 4634 συνέϐη,
503 4566 535 4637 ἢ
569 4566 741 4637 ἑτέρῳ
782 4568 1089 4635 συγγενικῴ
1130 4569 1406 4635 προσώπῳ
1431 4567 1527 4635 τῆς
1569 4569 1809 4636 μνηστῆς

234 4659 429 4722 αὐτοῦ,
466 4659 842 4729 κωλυθήσεται
878 4659 907 4710 ὁ
936 4662 1134 4728 γάμος.
1168 4659 1243 4711 Οὐ
1273 4658 1382 4727 γὰρ
1410 4656 1629 4726 θεμιτὸν
1654 4658 1813 4726 αἱμο-

236 4752 422 4824 μιξίαν
483 4753 959 4822 ποιήσαντας......
991 4751 1130 4818 Φησὶ
1160 4749 1269 4819 γὰρ
1309 4748 1339 4800 ὁ
1379 4749 1566 4817 νόμος’
1610 4746 1690 4798 Τὰ
1721 4747 1811 4811 εξ-

236 4846 414 4915 αρχῆς
455 4844 671 4915 βέϐαια,
723 4848 787 4897 ἐκ
838 4845 948 4897 τῶν
983 4843 1491 4914 ὲπισυμϐαινόντων
1534 4842 1633 4893 οὐκ
1681 4842 1816 4893 ἀκυ-

239 4954 482 5007 ρουνται.

234 5034 611 5086 commiserint
683 5032 1043 5086 incestum...

237 5124 612 5182 inﬁrmantur.

413 5242 482 5294 At
517 5240 718 5299 αἰτίαι,
756 5236 828 5290 δι’
861 5235 933 5301 ἀς
995 5236 1201 5289 λύεται
1233 5235 1265 5302 ἡ
1303 5233 1624 5303 μνηστεία.

310 5355 511 5407 Λύεται
534 5353 587 5406 δὲ
621 5356 654 5423 ὴ
682 5352 943 5424 μνηστεία
970 5351 1158 5419 ὥσπερ
1191 5350 1239 5402 οι
1268 5350 1457 5419 γάμοι,
1481 5347 1549 5401 δι’
1573 5346 1814 5418 εὐπροσ-

240 5450 424 5509 ώπους
455 5446 657 5506 ταύτας
694 5446 896 5508 αίτίας·

1918 4572 2067 4626 facit.
2098 4571 2388 4625 Enimvero
2419 4570 2465 4625 si
2498 4580 2623 4623 ante
2647 4570 2938 4637 perfectam
2962 4567 3271 4633 nuptiarum
3294 4575 3495 4615 conse-

1914 4662 2593 4732 crationem,sponsalibus
2645 4659 2910 4714 duntaxat
2957 4656 3277 4715 contractis.
3324 4667 3490 4719 spon-

1917 4766 2036 4805 sum
2069 4765 2191 4805 cum
2224 4766 2383 4806 socru
2410 4750 2585 4819 stupri
2642 4747 3097 4803 consuetudinem
3127 4744 3328 4798 habere
3359 4757 3490 4795 con-

1919 4843 2121 4911 tigerit,
2156 4844 2236 4896 vel
2260 4858 2382 4896 cum
2412 4842 2515 4895 alia
2572 4855 2787 4910 sponsae
2819 4854 2934 4892 suae
2979 4845 3209 4906 cognata
3235 4846 3487 4900 persona,

1921 4936 2327 4987 matrimonium
2352 4934 2639 4986 vetabitur.
2672 4931 2790 4985 Non
2829 4930 2972 4984 enim
3003 4928 3084 4982 fas
3125 4936 3229 4988 est,
3288 4939 3347 4978 ut
3397 4923 3492 4991 qui

1121 5028 1279 5107 Legis
1358 5030 1502 5085 enim
1573 5029 1735 5080 verba
1789 5035 1917 5081 sunt
1943 5026 2116 5096 (39):
2162 5025 2294 5090 Quae
2325 5027 2394 5081 ab
2430 5026 2587 5079 initio
2610 5024 2813 5087 valent,
2882 5037 2948 5076 ex
2986 5030 3109 5090 post
3161 5019 3324 5074 factis
3385 5031 3493 5072 non

2092 5230 2302 5294 Causa,
2334 5238 2545 5298 propter
2572 5243 2700 5294 quas
2736 5225 3007 5291 sponsaira
3053 5224 3347 5277 solvuntur.

1985 5345 2269 5416 Sponsalia
2292 5344 2595 5411 nuptiarum
2632 5356 2780 5395 more
2807 5339 3111 5402 solvuntur,
3146 5348 3367 5409 propter
3393 5334 3500 5392 h0-

1925 5446 2110 5494 nestas
2146 5438 2308 5493 hasce
2340 5452 2559 5493 causas.

1741 5611 1949 5665 NOTA".
1960 5652 1972 5664 .

312 5714 423 5781 (39)
450 5714 488 5766 l.
524 5713 612 5767 29.
636 5722 689 5768 et
721 5711 780 5765 D.
825 5710 895 5765 De
924 5727 1028 5780 reg.
1049 5711 1163 5779 jur.
1194 5708 1229 5761 Ι.
1262 5708 1365 5772 Qui
1396 5725 1425 5761 α
1453 5706 1707 5777 φιίιέἱένει.
1745 5703 1804 5757 D.

1909 5706 2193 5757 :conlrnh.
2236 5712 2395 5769 cntpt.
2433 5710 2484 5755 et
2518 5701 2552 5752 l.
2586 5700 2638 5753 5·
2687 5697 2744 5751 υ.
2780 5697 3008 5750 Dcaurt.
3042 5704 3142 5748 tut.
