4198 6444
209 449 351 518 1289

1468 442 1734 505 GRsECO
1749 440 2175 502 -ROMANU.\1.

3325 452 3459 515 1Ξ90

204 569 239 637 ὴ
267 567 346 638 μὴ
374 565 511 622 οὖσα
536 566 715 639 ἥττων
760 560 869 621 τῶν
910 561 1053 619 ἐπτά
1088 560 1251 616 ἐτῶν.
1279 560 1342 614 Ei
1403 559 1653 631 μέντοιγε
1684 556 1780 625 τῆς

1896 562 1995 617 tur,
2022 555 2320 627 intelligere
2382 557 2625 626 videtur;
2658 570 2807 617 recte
2857 562 3130 632 sponsalia
3189 572 3468 621 contrahit

206 657 509 726 μνηστείας
553 656 929 727 γεγενημένης
975 651 1181 707 ισωθεν
1237 649 1333 705 τοῦ
1376 652 1792 722 τρισκαιδεκαε-

201 744 337 809 ’.τοῦς
358 745 575 816 χρόνον,
599 744 935 815 τολμήσαιέν
972 759 1118 807 τινες
1138 744 1252 805 τοῖς
1290 741 1793 812 μνηστευσαμένοις

206 836 242 906 ἦ
271 837 372 905 τὴν
396 836 698 907 λεγομένην
744 836 1055 906 εὖλόγησιν,
1097 834 1133 909 ἢ
1162 833 1224 888 τὸ
1285 833 1617 903 στεφάνωμα
1639 851 1795 905 περι..

209 926 410 992 θεῖναι,
434 926 510 987 ὡς
538 925 645 978 τῶν
669 927 831 979 θείων
856 925 1038 996 νόμων
1061 923 1375 995 παραϐάται
1405 925 1789 995 γεγενημένοι,

209 1018 413 1071 αὐτίκα
443 1018 542 1089 τὴν
575 1019 676 1088 μὲν
716 1017 1084 1087 προελθοῦσαν
1119 1018 1416 1089 μνηστείαν
1468 1017 1584 1084 ἅμα
1615 1018 1680 1087 τῇ
1709 1016 1794 1069 δο-

207 1112 386 1180 κούσῃ
425 1110 695 1180 συναφεία
735 1108 1071 1172 διαλύεσθαι,
1112 1110 1207 1161 καὶ
1246 1109 1312 1160 τὰ
1348 1108 1479 1177 παρ’
1529 1109 1790 1177 ἐκατέρου

206 1200 306 1254 τοῦ
339 1202 538 1270 μέρους
577 1204 633 1255 ἐν
663 1204 731 1272 τῇ
769 1202 1037 1273 μνηστείᾳ
1070 1200 1452 1272 συμϐληθέντα
1490 1201 1789 1271 πρόστιμα,

210 1290 312 1344 τοῦ
344 1291 701 1361 τολμήματος
727 1290 934 1361 ζημίαν
963 1291 1264 1362 ὑπέχοντας
1295 1291 1373 1362 τῷ
1402 1291 1494 1344 τοῦ
1533 1291 1791 1361 δημοσίου

207 1383 626 1453 εἰσκομίζεσθαι
683 1383 861 1453 μέρει.
909 1383 1059 1452 Μηδὲ
1110 1382 1205 1434 τοῦ
1241 1381 1550 1451 τολμῶντος
1601 1382 1791 1451 ίερέως

209 1476 306 1526 ἐπὶ
330 1478 394 1545 τῇ
430 1474 658 1546 τοιαύτῃ
680 1476 936 1544 παρεῖναι
957 1472 1154 1544 πράξει
1185 1473 1483 1527 ἁνευθύνου
1519 1474 1792 1545 καθεστη-

208 1568 392 1631 κότος,
424 1566 561 1621 ἀλλὰ
604 1570 670 1636 τῇ
704 1565 981 1636 αὐστηρίςι
1029 1566 1141 1619 τῶν
1198 1565 1362 1636 ἱερῶν
1427 1564 1791 1635 ὑποκειμένου

208 1660 414 1728 νόμων.
471 1658 531 1712 Ὀ
568 1657 1047 1728 μνηστευσάμενος
1094 1657 1264 1728 κόρην
1309 1656 1533 1727 ἔφηϐον,
1587 1656 1682 1710 καὶ
1717 1658 1791 1728 μὴ

214 1751 590 1820 συμφωνήσας
613 1750 809 1820 χρόνον
846 1752 905 1804 ἐν
927 1753 994 1819 τῇ
1033 1749 1321 1820 μνηστείᾳ,
1349 1749 1557 1818 ὀφείλει
1587 1750 1792 1821 ταύτην

207 1845 260 1896 εί
305 1842 406 1912 μὲν
436 1844 494 1895 ἐν
517 1845 583 1913 τῇ
629 1842 770 1911 αὐτῇ
801 1842 1040 1913 ἐπαρχίᾳ
1063 1842 1263 1909 διάγει,
1300 1840 1434 1895 εἴσω
1462 1840 1664 1905 διετίας
1694 1860 1791 1911 γαο

212 1937 339 2003 μεῖν
361 1950 375 1965 ·
422 1936 471 1987 εί
500 1934 556 1987 δ’
592 1935 650 1986 ἐν
696 1933 958 2004 ἀπουσίᾳ,
981 1932 1112 1986 εἵσω
1138 1934 1404 2003 τριετίας.
1433 1933 1496 1987 Εἰ
1538 1934 1594 1986 δὲ
1618 1935 1787 2006 ὑπέρ-

209 2027 375 2095 ῡηται
402 2025 570 2095 χωρὶς
602 2024 824 2093 εὐλόγου
868 2024 1071 2088 αἰτίας,
1107 2024 1330 2078 δύναται
1376 2027 1409 2094 ἡ
1444 2026 1583 2098 κόρη
1617 2027 1789 2097 ἑτέρῳ

210 2115 605 2169 συνάπτεσθαι.
635 2116 711 2169 Οὐ
743 2117 851 2187 χρὴ
886 2115 1012 2179 τοὺς
1041 2116 1309 2185 ἄρχοντας
1351 2116 1411 2181 ἐξ
1459 2117 1676 2188 ἐκείνης
1692 2116 1792 2186 τῆς

209 2206 500 2276 ἐπαρχίας,
540 2202 607 2277 ἦς
654 2206 904 2275 ἄρχουσι,
961 2206 1383 2277 μνηστεύεσθαι.
1435 2208 1500 2261 Εἰ
1540 2209 1596 2261 δὲ
1632 2207 1792 2261 τοῦτο

212 2298 555 2366 ποιήσουσιν,
588 2295 767 2359 ἔξεστι
790 2299 854 2367 τῇ
883 2298 1023 2367 κόρῃ
1052 2298 1148 2351 καὶ
1182 2301 1295 2361 τοῖς
1316 2298 1567 2364 γονεῦσιν
1598 2300 1789 2369 αὐτῆς,

211 2388 249 2459 ἢ
277 2386 619 2458 ἐπιτρόποις,
660 2388 693 2458 ἢ
717 2390 1072 2458 κουράτορσι,
1100 2390 1487 2457 παραιτεῖσθαι
1508 2393 1597 2444 τὸν
1615 2391 1793 2460 γάμον

215 2482 315 2536 καὶ
340 2483 644 2551 κερδαίνειν
665 2482 791 2545 τοὺς
814 2482 1163 2553 ἀρραϐῶνας.
1210 2482 1318 2535 Τοῦ
1342 2482 1507 2536 αὑτοῦ
1532 2484 1794 2555 κρατοῦν·

210 2591 306 2639 τος
347 2575 441 2628 καὶ
468 2576 561 2627 ἐπὶ
594 2574 705 2627 τῶν
742 2575 899 2639 υἱῶν,
932 2577 1028 2629 καὶ
1061 2575 1324 2642 ἐγγόνων,
1356 2577 1451 2629 καὶ
1492 2578 1792 2645 συγγενῶν,

216 2671 313 2719 καὶ
346 2650 708 2737 δομεστίκων,
744 2666 841 2718 καὶ
883 2665 1286 2736 συγκαθέδρων,
1319 2666 1415 2721 καὶ
1456 2666 1550 2720 ἐπὶ
1579 2668 1795 2723 πάντων

213 2758 277 2810 ἐν
303 2759 368 2825 τῇ
394 2757 545 2819 τάξει
594 2756 689 2809 καὶ
733 2757 841 2809 τῶν
872 2756 1091 2810 οίκείων
1126 2758 1313 2821 αὐτοῦ,
1344 2758 1438 2812 ἐὰν
1468 2759 1610 2813 κατὰ
1640 2776 1797 2813 σπου⁹

212 2848 313 2915 δὴν
330 2847 422 2900 τοῦ
441 2848 701 2918 ἄρχοντος
725 2847 1186 2918 ἐμνηστεύσαντο.
1217 2842 1277 2902 Εἰ
1317 2851 1503 2919 μέντοι
1531 2854 1626 2906 καὶ
1654 2854 1794 2921 μετὰ

213 2935 313 3007 τὴν
346 2937 520 3008 ἀρχὴν
547 2936 796 3006 βούλεται
826 2939 860 3007 ἡ
886 2938 1025 3008 κόρη
1054 2939 1397 3007 συναφθῆναι
1423 2940 1594 3010 αὐτῷ,
1615 2942 1792 3013 ἐρρω-

212 3032 358 3082 ταιό
397 3029 595 3098 γάμος.
671 3030 988 3100 Σημείωται
1046 3025 1162 3094 οὖν,
1211 3031 1294 3083 ὅτι
1314 3031 1433 3084 τότε
1479 3033 1677 3086 κωλύει
1736 3036 1795 3087 τὸ

216 3120 577 3189 συνάλλαγμα
600 3122 630 3174 ό
656 3120 844 3190 νόμος,
874 3120 964 3173 ὅτε
1008 3120 1070 3173 τὺ
1102 3120 1355 3188 ὁφφίκιον
1397 3124 1425 3174 6
1464 3121 1645 3193 ἄρχων
1676 3124 1793 3179 δ.αο

210 3210 473 3281 χειρίζει,
500 3211 593 3264 καὶ
624 3210 850 3265 δύναται
884 3211 1118 3281 φοϐερὸς
1142 3207 1282 3265 εἶναι
1305 3215 1418 3276 τοῖς
1448 3214 1668 3280 γονεῦσι
1696 3220 1791 3285 τῆς
1818 3244 1861 3302 C

215 3301 409 3372 κόρης,
438 3302 600 3356 Ὥστε
630 3300 745 3371 είγε
776 3303 959 3371 ἄρχων
996 3303 1094 3371 μέν
1123 3298 1215 3373 ἦν,
1252 3303 1354 3356 οὐκ
1386 3300 1453 3374 ἦν
1496 3304 1553 3357 δὲ
1609 3308 1792 3370 ἱκανὸς

216 3392 527 3462 ἐκφοϐῆσαι
581 3393 710 3457 τοὺς
758 3395 935 3463 γονεῖς
964 3394 1065 3463 τῆς
1090 3394 1279 3463 κόρης,
1337 3396 1397 3446 οὐ
1431 3396 1793 3468 κεκώλυταιή

218 3482 511 3553 μνηστεία.

216 3669 361 3737 Περὶ
413 3666 533 3721 τῶν
578 3668 687 3734 τὰς
732 3667 884 3733 ιδίας
940 3668 1231 3737 γυναῖκας
1274 3669 1568 3737 προφάσει
1609 3675 1791 3726 εὐία-

506 3740 666 3803 6είας
717 3739 1137 3791 ἐκϐαλλόντων
1188 3739 1509 3808 κληρικὼν.

305 3832 367 3885 '0
388 3830 429 3883 ε’
479 3830 587 3883 τῶν
633 3829 803 3897 ἁγίων
836 3829 1149 3883 ἀποστόλων
1204 3831 1382 3884 κανὼν
1431 3832 1788 3905 ἐπίσκοπονῆ

218 3925 595 3996 πρεσϐύτερον
638 3924 673 3994 ἢ
724 3924 970 3977 διάκονον
1018 3922 1117 3994 τὴν
1172 3923 1367 3976 ἑαυτοῦ
1402 3930 1633 3994 γυναῖκα
1656 3944 1789 3999 προ-ν

217 4018 385 4085 φάσει
427 4016 715 4078 εῶλαϐείας
775 4014 1105 4068 ἐκϐάλλοντα
1148 4001 1421 4086 ἀφορίζει,
1487 4022 1679 4089 μέχρις
1726 4021 1794 4073 ἂν

216 4106 375 4171 αὖθις
408 4107 819 4179 προσλάϐηταιο
848 4106 1179 4174 ἐπιμένοντα
1204 4107 1280 4170 δὲ,
1313 4107 1583 4178 καθαιρεῖ.
1624 4111 1794 4164 Τοῦτο

216 4201 329 4270 γὰρ
352 4201 450 4252 καὶ
474 4200 503 4250 6
532 4198 736 4267 Κύριος
787 4198 846 4248 ἐν
874 4200 985 4259 τοῖς
1030 4197 1383 4265 Εὐαγγελίοις
1407 4199 1686 4265 ἐθέσπισε,
1718 4202 1791 4271 μὴ

217 4292 422 4356 ἐξεῖναι
459 4308 567 4344 τινι
597 4290 674 4360 τῷ
712 4289 928 4360 παλαιῷ
970 4295 1289 4361 προσέχοντι
1344 4292 1513 4362 νόμῳ,
1548 4293 1635 4345 ὅτε
1672 4295 1793 4363 βού.

220 4387 367 4435 λοιτο
392 4384 491 4451 τὴν
536 4381 672 4434 ἰδίαν
700 4381 983 4433 ἐκϐάλλειν
1030 4382 1286 4445 γυναῖκα,
1334 4382 1506 4450 χωρὶς
1559 4385 1790 4454 ἀπειρη-

222 4475 397 4545 μένης
438 4472 637 4533 αἰτίας.
672 4472 856 4524 Ἐοικε
881 4471 990 4538 γὰρ
1018 4471 1111 4524 τὸν
1144 4471 1320 4541 γάμον
1359 4472 1682 4539 διαϐάλλειν,
1717 4476 1791 4537 ὡς

1897 643 2033 715 (48),
2060 645 2159 700 hoc
2184 656 2287 714 est,
2316 657 2525 718 septem
2570 651 2748 707 annis.
2792 652 3082 710 Enimvero
3129 658 3174 712 si
3202 661 3476 729 sponsali-

1895 733 1994 789 bus
2022 734 2176 791 factis
2206 736 2343 792 intra
2373 739 2669 804 decimum,
2703 744 2923 797 tertium
2952 761 3176 813 annum,
3205 749 3323 804 ausi
3351 750 3475 819 qui-

1894 824 2018 881 dam
2034 826 2595 899 fuerinttlesponsatis
2616 833 2697 887 vel
2719 833 3177 901 benedictionem,
3193 856 3357 909 quam
3375 859 3472 895 vo-

1895 928 2044 984 cant,
2081 920 2163 973 vel
2190 936 2449 975 coronam
2480 922 2743 991 impertiri
2777 939 2790 977 ε
2820 940 2941 978 cum
2962 941 3246 984 sacrarum
3295 932 3472 1001 legum

1895 1017 2331 1080 transgressores
2385 1012 2510 1067 facti
2547 1016 2677 1079 sint,
2706 1016 2893 1071 statim
2931 1026 3216 1075 contracta
3245 1036 3477 1091 sponsa-

1894 1097 1987 1159 lia.
2018 1116 2141 1156 cum
2189 1119 2250 1156 ea
2301 1105 2703 1172 conjunCtique,
2760 1124 2881 1177 quae
2932 1112 3167 1178 speciem
3208 1112 3477 1168 duntaxat

1896 1192 2137 1261 aliquam
2168 1194 2352 1260 liabet,
2387 1197 2791 1265 dissolventur;
2835 1211 2887 1255 et
2935 1203 3003 1256 ab
3029 1214 3257 1273 utraque
3322 1216 3476 1276 parte

1896 1285 2122 1341 collatas
2185 1287 2238 1341 in
2274 1288 2645 1357 sponsalibus,
2677 1304 2893 1361 pinnas,
2946 1291 3209 1351 facinoris
3252 1298 3476 1353 admissi

1895 1389 2063 1429 eausa
2123 1376 2397 1445 jacturam
2457 1377 2599 1433 banc
2630 1379 2968 1436 sustinentes
3005 1383 3135 1437 ﬁsco
3190 1384 3474 1439 iufercnt:

1897 1481 1963 1520 ne
1987 1468 2271 1523 sacerdote
2290 1468 2533 1539 quidem,
2561 1470 2654 1539 qui
2691 1471 2785 1524 tali
2819 1488 2986 1527 ausus
3015 1474 3180 1528 fuerit
3214 1475 3479 1532 interesse

1896 1562 2064 1623 actui,
2094 1568 2246 1615 extra
2278 1563 2495 1631 culpam
2543 1565 2889 1630 constituto;
2931 1567 3023 1621 sed
3069 1568 3247 1634 legum
3288 1584 3478 1626 sacra-

1896 1663 2015 1702 rum
2052 1651 2329 1705 severitati
2388 1652 2749 1722 subjicienda.
2804 1654 2905 1721 Qui
2938 1657 3169 1725 puellam
3237 1660 3476 1715 adultam

1896 1739 1999 1793 sibi
2022 1738 2311 1808 despondit
2327 1739 2459 1811 (49),
2480 1756 2580 1796 nec
2597 1752 2811 1813 tempus
2836 1746 2889 1799 in
2907 1749 3255 1814 sponsalibus
3274 1755 3479 1809 consu-

1896 1832 1998 1883 tuit
2024 1868 2039 1893 ,
2078 1831 2298 1899 nuptias
2327 1832 2577 1902 exsequi,
2611 1832 2657 1888 si
2690 1833 2959 1889 eademin
2988 1839 3269 1906 provincia
3305 1842 3473 1914 degit.

1895 1922 2035 1972 intra
2054 1920 2333 1974 biennium
2351 1920 2539 1977 debet:
2562 1924 2644 1979 sin
2664 1923 2860 1980 absens
2877 1937 2979 1991 est,
3001 1928 3140 1983 intra
3160 1929 3475 1989 triennium.

1895 2010 2047 2074 Quod
2094 2012 2138 2064 si
2157 2008 2337 2065 facere
2374 2013 2744 2081 supersederit
2772 2015 2979 2084 absque
3014 2018 3281 2086 probabili
3315 2037 3478 2079 causa

1894 2104 2048 2157 alteri
2121 2105 2299 2172 puella
2330 2104 2588 2173 conjungi
2643 2115 2843 2174 potest.
2869 2107 3137 2168 Pratsitles
3158 2116 3232 2166 ~in
3258 2130 3321 2169 ea
3354 2132 3481 2185 pro-

1896 2193 2071 2247 vincia
2099 2194 2230 2265 (50).
2263 2209 2427 2264 quam
2460 2194 2919 2263 administrarint,
2949 2204 3227 2271 sponsalia
3253 2221 3476 2262 contra—

1896 2284 2025 2339 bere
2056 2300 2163 2339 non
2202 2285 2421 2341 debent.
2457 2286 2514 2338 Si
2566 2302 2694 2341 vero
2724 2290 2773 2342 itl
2811 2290 3063 2353 fecerint.
3099 2296 3224 2351 licet
3256 2302 3471 2369 puellas,

1894 2391 1959 2430 ae
1999 2376 2317 2445 parentibus
2351 2377 2600 2446 ejus,aut
2638 2380 2929 2449 tutoribus,
2983 2395 3075 2440 aut
3109 2394 3476 2456 curatoribus,

1896 2466 2198 2523 detrectare
2255 2468 2688 2534 matrimonium,
2749 2480 2803 2527 et
2858 2475 3051 2531 arrbas
3095 2478 3294 2535 lucrari
3335 2499 3477 2538 :eo-

1897 2560 2016 2613 dem
2074 2561 2251 2614 locum
2284 2559 2540 2616 habituro
2575 2570 2628 2617 et
2700 2562 2754 2618 in
2787 2566 2938 2633 ﬁliis,
2974 2578 3029 2623 et
3076 2574 3385 2642 nepotibus,
3425 2589 3480 2632 et

1898 2648 2243 2719 propinquis,
2273 2655 2326 2701 et
2358 2650 2694 2717 domesticis,
2722 2662 2775 2708 et
2796 2660 3192 2727 assessoribus,
3228 2671 3282 2719 et
3302 2668 3481 2722 omni-

1897 2741 2019 2806 bus,
2046 2742 2138 2812 qni
2165 2742 2422 2811 suntejus
2448 2745 2810 2829 apparitores,
2853 2758 2906 2802 et
2938 2753 3270 2825 participes:
3302 2761 3482 2829 siqui-

1897 2833 2020 2889 dem
2069 2848 2235 2902 opera
2287 2834 2535 2903 praesidis
2573 2825 2881 2906 ‘spunsaiia
2944 2825 3385 2904 contraxerunt.-
3416 2853 3474 2909 Si

1894 2934 2080 2980 tamen
2109 2929 2155 2979 ei
2193 2929 2395 2995 puella,
2430 2936 2718 2999 postquam
2763 2935 3079 3002 magistratu
3108 2940 3327 3007 abierit,
3378 2962 3478 3001 nu-

1896 3019 2025 3074 bere
2056 3019 2187 3083 vult;
2220 3021 2627 3075 matrimonium
2663 3032 2839 3080 ratum
2870 3037 2973 3084 est.
3014 3030 3201 3101 Itaque
3236 3039 3480 3109 notabis,

1896 3110 2039 3180 quod
2116 3119 2245 3165 tunc
2274 3121 2612 3167 contractum
2665 3113 2809 3171 hunc
2836 3118 2920 3172 lex
2981 3124 3287 3191 prohibeat,
3353 3144 3480 3186 cum

1897 3204 2077 3258 adhuc
2133 3218 2334 3272 praeses
2382 3203 2617 3258 oﬂicium
2648 3207 3019 3276 administrat,
3053 3224 3108 3269 et
3158 3222 3477 3286 parentibus

1901 3294 2089 3365 puellre
2120 3294 2482 3349 formidabilis
2521 3311 2643 3351 esse
2669 3309 2846 3367 patest
2877 3319 2891 3355 :
2932 3300 3052 3367 Quo
3074 3306 3151 3373 (it,
3184 3317 3239 3361 ut
3265 3312 3310 3365 si
3342 3327 3482 3382 pm.

1896 3402 1986 3441 ses
2025 3385 2242 3456 quidem
2270 3394 2409 3451 erat,
2436 3387 2529 3441 sed
2584 3390 2722 3443 satis
2758 3391 2954 3445 virium
2986 3409 3095 3448 non
3153 3397 3388 3457 habebat
3412 3406 3480 3459 ad

1898 3479 2231 3533 territando:
2256 3478 2450 3547 puellae
2493 3490 2793 3549 parentes,
2862 3488 3142 3553 sponsalia
3192 3507 3299 3547 non
3361 3494 3481 3553 fue-

1898 3571 2006 3624 rint
2036 3571 2331 3639 prohibita.

1896 3662 1973 3717 De
2012 3664 2215 3717 clericis
2269 3678 2458 3719 uxores
2507 3678 2940 3787 sitas'tprclcxtu
2967 3675 3472 3749 religionisejicien-

2612 3749 2649 3787 ιι
2674 3756 2771 3787 οιιε-

2612 3749 2771 3794 ιιιοιιε.

1965 3830 2150 3884 Canon
2196 3841 2515 3885 sanctorum
2571 3835 2943 3900 apostolorum
3007 3839 3228 3906 quintus
3260 3845 3479 3913 episco-

1897 3936 2048 3990 pum,
2094 3922 2174 3975 ve!
2208 3923 2608 3993 presbyterum,
2643 3925 2723 3978 vel
2777 3925 3066 3982 diaconum
3121 3933 3214 3999 qui
3247 3951 3473 3992 uxorem

1896 4027 2048 4067 suam
2077 4021 2338 4082 praetextu
2372 4013 2650 4083 religionis
2670 4015 2840 4082 ejicit,
2868 4018 3135 4087 tantiSper
3185 4038 3471 4096 segregat,

1895 4106 2068 4159 donec
2088 4120 2207 4159 eam
2236 4105 2304 4159 ad
2326 4121 2383 4160 se
2404 4106 2703 4175 receperit:
2735 4120 3174 4175 perseverantem
3194 4131 3345 4184 vero,
3376 4123 3473 4175 dc-

1898 4194 2075 4264 ponit.
2115 4194 2381 4249 Dominus
2399 4196 2563 4249 etiam
2588 4196 2642 4249 in
2662 4194 2972 4266 Evangeliis
2990 4204 3242 4269 sancivit,
3270 4222 3377 4263 non
3407 4212 3474 4263 li-

1895 4300 2023 4339 cere
2068 4286 2459 4355 alicuiprisca:
2514 4286 2618 4356 legi
2648 4287 3070 4359 obtemperanti,
3135 4304 3193 4349 ut
3256 4311 3356 4365 pro
3411 4300 3477 4355 li-

1896 4377 2011 4432 bitu
2030 4391 2131 4432 suo
2163 4392 2387 4431 uxorem
2451 4392 2607 4431 suam
2635 4378 2844 4447 ejiciat,
2898 4380 3104 4453 absque
3122 4398 3287 4442 causa
3338 4389 3472 4462 legis

1896 4469 2188 4524 interdicto
2226 4468 2639 4538 comprehensa.
2669 4468 2878 4539 Quippe
2906 4475 3314 4532 matrimonium
3365 4483 3472 4535 cri-

218 4563 535 4633 άκάθαρτον
583 4562 645 4615 ’ὸν
669 4561 728 4615 τὸ
772 4562 1019 4631 νομίμως
1057 4561 1370 4630 μίγνυσθαι.
1402 4564 1595 4632 Τίμιον
1617 4565 1673 4617 δὲ
1703 4565 1793 4617 τον

1900 4561 2094 4642 minari
2126 4559 2360 4625 videtur,
2396 4560 2556 4629 quasi
2580 4560 2759 4615 coitus
2787 4561 3063 4631 legitimus
3116 4567 3363 4635 quadam
3399 4571 3473 4625 sit

220 4656 402 4724 ⁸γάμον
434 4656 468 4724 ἡ
493 4654 685 4724 Γραφὴ
726 4653 1064 4723 ἀπεφήνατο,
1094 4652 1194 4705 καὶ
1229 4654 1329 4723 τὴν
1370 4654 1560 4725 κοίτην
1588 4655 1789 4725 ἀμίαν-

214 4764 332 4800 τον.
360 4744 563 4800 Τούτου
590 4744 687 4798 καὶ
724 4746 754 4798 6
797 4745 1023 4807 δέκατος
1055 4744 1239 4814 τρίτος
1255 4745 1352 4814 τῆς
1386 4745 1551 4813 ἕκτης
1573 4746 1792 4798 συνόδου

214 4838 399 4892 κανὼν
432 4838 616 4901 αὐτοῖς
646 4839 853 4908 ῥήμασι
881 4838 1170 4907 μέμνηται,
1212 4837 1338 4889 ἄνευ
1385 4837 1486 4905 τῆς
1524 4838 1617 4889 τοῦ
1670 4839 1790 4891 ἐπι-

217 4930 425 4984 σκόπου
463 4927 805 4998 προσθήκης.
859 4926 1008 4997 Αὕτη
1080 4928 1190 4997 γὰρ
1243 4928 1277 4998 ἡ
1326 4926 1543 4989 σύνοδος
1597 4929 1790 4998 πρώτη

217 5022 340 5083 ταῖς
370 5021 640 5089 γαμεταῖς
668 5018 1076 5072 ἁποτάττεσθαι
1131 5018 1256 5081 τοὺς
1287 5020 1617 5081 ἐπισκόπους
1672 5019 1789 5072 ἐθέ-

218 5128 437 5167 σπισεν.

217 5205 361 5273 Περὶ
422 5202 540 5256 τῶν
610 5205 717 5269 τὰς
773 5201 930 5281 ιδίας
967 5201 1305 5281 Λγμναὶκας
1368 5203 1792 5258 ἐκϐαλλόντων

884 5276 1148 5327 latrator.-

300 5369 359 5423 ὀ
395 5368 453 5421 δέ
502 5364 859 5428 ἀποστολικδς
919 5370 1031 5435 μη¹,
1078 5364 1171 5417 τὸν
1231 5363 1562 5418 ἐκϐάλλοντα
1594 5362 1790 5419 ’λαῐκὸν

224 5460 557 5531 παραλόγως
600 5459 699 5529 τὴν
743 5456 939 5511 ἐαυτοῦ
990 5455 1226 5524 γυναῖκα
1283 5457 1375 5509 καὶ
1415 5458 1607 5527 ἑτέραν
1651 5463 1787 5528 λαμ-

217 5554 478 5619 ϐάνοντα,
536 5553 629 5605 καὶ
675 5550 766 5603 τον
810 5547 1239 5616 ὑποποιούμενον
1290 5548 1388 5618 τὴν
1429 5549 1557 5619 παρ’
1622 5550 1782 5604 ἄλλον

1897 4632 2203 4719 impdritas.
2237 4648 2595 4705 l'lonorabiles
2617 4660 2799 4706 autem
2828 4654 3050 4722 nuptias
3102 4632 3225 4712 esse
3279 4659 3468 4731 Scrip-

1897 4748 2018 4792 tura
2040 4739 2391 4809 pronuntiat,
2412 4747 2466 4793 et
2493 4739 2691 4793 lectum
2712 4740 3080 4809 impollutum.
3106 4743 3281 4817 Hujus
3299 4754 3465 4807 etiam

1896 4833 2142 4889 decimus
2175 4832 2365 4888 tertius
2388 4839 2555 4887 sexta:
2605 4833 2799 4903 synodi
2850 4849 3027 4889 canon
3060 4838 3307 4907 ipsismet
3342 4860 3468 4898 ver-

1896 4924 1979 4981 bis
2010 4925 2280 4991 meminit,
2334 4924 2543 4994 absque
2568 4933 2749 4979 tamen
2776 4925 2930 4982 vocis
2987 4928 3230 5001 cpiscOpi
3288 4934 3473 5004 adjec-

1895 5016 2063 5071 tione.
2097 5014 2223 5070 Haec
2253 5017 2397 5069 enim
2430 5013 2675 5085 synodus
2699 5015 2876 5086 prima
2904 5016 3027 5084 fuit,
3051 5035 3173 5090 qua:
3206 5025 3464 5089 sancit-it,

1893 5116 1951 5161 ut
1976 5108 2239 5163 uxoribus
2270 5110 2386 5163 suis
2406 5109 2649 5179 episcopi
2674 5111 3072 5166 renuntiarent.

2150 5200 2218 5254 De
2249 5200 2401 5254 laici:
2441 5216 2629 5255 uxores
2690 5217 2816 5256 sua:
2839 5202 3187 5271 ejicieutibus.

1960 5358 2146 5412 Canon
2184 5358 2572 5428 apostolorum,
2601 5374 2729 5413 xvnt
2767 5359 2987 5426 laicum,
3026 5363 3118 5432 qui
3153 5371 3351 5434 praeter
3380 5383 3468 5421 ra-

1896 5453 2097 5505 tionem
2130 5451 2279 5518 cjicit
2328 5465 2551 5504 uxorem
2578 5464 2754 5517 suam,
2777 5462 2829 5506 et
2857 5452 3018 5506 aliam
3054 5453 3227 5523 ducit,
3247 5457 3340 5527 qui
3381 5456 3469 5518 vel

1896 5546 2161 5619 pertrahit
2185 5546 2250 5599 ad
2286 5560 2344 5598 se
2401 5542 2635 5596 divortio
2658 5554 2964 5611 separatam
2998 5546 3067 5602 ab
3090 5546 3218 5615 alio,
3249 5563 3356 5605 non
3382 5564 3471 5605 se-

1720 5684 1955 5739 NOTAE.

283 5781 399 5853 (t8)
433 5781 471 5835 I.
497 5780 584 5853 tt.
618 5779 678 5833 υ.
710 5779 844 5853 eod.

280 5849 397 5925 (69}
431 5852 465 5905 I.
488 5850 577 5904 22.
611 5853 674 5904 (ὲ.
713 5849 785 5903 De
808 5849 1039 5915 sponsal.

501 5943 769 6004 ΡΑτιιοι..
803 5943 921 6003 Gn.
968 5940 1198 6004 CXIX.

1977 5781 2087 5851 (30}
2121 5782 2153 5833 I.
2201 5779 2301 5834 Un.
2334 5780 2394 5834 C.
2426 5780 2480 5834 Si
2508 5789 2635 5832 ieci.
2672 5779 2904 5845 ιιι-θείης.

3009 5948 3082 6005 41
