4198 6444
677 376 813 441 1299

1571 385 1608 447 Ι
1613 385 1708 448 US
1747 383 2191 448 CANONICUM
2227 387 2934 450 GRECO-ROMANUM-

3805 384 3937 446 1300

672 488 848 548 Habet
873 493 961 547 bic
987 491 1370 550 asCendentes.
1393 495 1671 564 genitores
1700 512 1854 559 suos,
1881 511 2019 566 quos
2046 511 2244 566 paren-
2278 502 2299 556 Α

2358 497 2601 558 ἀνιόντας
2632 495 2744 566 ἔχει
2773 497 2900 558 τοὺς
2933 492 3098 548 αὖτοῦ
3129 493 3479 561 γεννήτορας,
3514 492 3606 554 οὖς
3640 493 3820 560 γονεῖς
3843 493 3937 543 καὶ

675 595 758 641 tes
781 597 834 639 et
860 600 990 642 avos
1025 588 1364 656 appellamus
1397 607 1410 643 :
1444 590 1694 645 videlicet
1731 601 1936 658 patrem
1973 592 2248 656 lsaacum,

674 688 728 729 rt
760 685 984 730 matrem
1020 677 1320 732 Rebeccam
1354 698 1368 734 :
1403 694 1562 733 avum
1624 681 2016 745 Alirabamutn,
2071 683 2244 734 aviam

677 767 920 832 Sarram,
954 778 1008 821 et
1040 770 1125 822 bis
1180 769 1342 823 etiam
1389 771 1701 827 ulteriores.
1735 769 1939 824 Omnes
1973 771 2140 840 igitur
2193 770 2246 823 bi

673 861 890 928 cognati
947 859 1158 924 Jacobi,
1207 861 1468 913 dicuntur
1503 861 1865 917 ascendentes
1895 878 1914 917 :
1952 865 2101 917 velut
2153 879 2251 916 au»-

675 960 856 1005 ctores
914 953 1310 1020 procreationis
1371 954 1562 1021 ipsius.
1606 953 2010 1008 Descendentes
2065 963 2246 1009 autem

672 1040 878 1095 Jacobo
927 1054 1077 1105 sum,
1112 1043 1203 1112 qui
1235 1059 1299 1097 ex
1336 1061 1402 1097 eo
1440 1044 1763 1099 derivantur
1821 1047 2000 1111 liberi,
2053 1046 2247 1111 Judas,

674 1135 822 1185 verbi
860 1136 1053 1202 gratia,
1088 1135 1238 1198 Levi,
1281 1134 1536 1205 Symeon,
1565 1136 1693 1201 filia,
1717 1154 1836 1206 qure
1865 1137 2012 1191 Dina:
2045 1153 2247 1192 nomen

677 1223 932 1282 habebat.
972 1235 1028 1279 et
1083 1236 1357 1296 quotquot
1401 1229 1484 1282 bis
1527 1230 1691 1282 etiam
1750 1237 1879 1282 sunt
1934 1228 2246 1284 inferiores.

678 1314 859 1369 Veluti
896 1333 1084 1382 nepos,
1119 1322 1294 1383 neptis
1330 1339 1342 1371 :
1381 1322 1474 1386 qui
1521 1322 1780 1373 dicuntur
1831 1323 2247 1386 descendentes,

675 1409 830 1477 quasi
857 1411 948 1476 qui
979 1424 1043 1461 ex
1075 1409 1278 1463 Jacobo
1313 1413 1656 1466 deriventur.
1691 1411 1762 1465 Ex
1795 1422 2112 1468 transverso
2134 1429 2247 1466 au-

677 1507 781 1553 tem
823 1503 1038 1565 cognati
1067 1509 1218 1564 sunt,
1255 1503 1347 1572 qui
1396 1520 1569 1572 neque
1600 1513 1904 1573 genuerunt
1958 1503 2246 1570 Jacobum,

675 1605 852 1658 neque
883 1599 1010 1643 sunt
1037 1607 1102 1644 ex
1134 1609 1198 1646 eo
1229 1594 1336 1648 nati
1364 1610 1376 1648 :
1402 1594 1495 1648 sed
1521 1611 1645 1650 cum
1670 1611 1734 1648 eo
1751 1597 2082 1665 participant
2104 1597 2244 1652 idem

674 1697 882 1744 semen,
921 1691 972 1736 et
1003 1685 1246 1739 eamdem
1282 1687 1541 1741 radicem.
1577 1687 1739 1742 Verbi
1793 1689 1993 1757 gratia,
2029 1689 2245 1744 Ismael.

677 1773 889 1842 Quippe
927 1773 1135 1830 Jacobo
1164 1790 1391 1844 patruus
1423 1790 1508 1833 est
1537 1778 1749 1834 Ismael.
1788 1779 1854 1832 Et
1888 1781 2248 1833 ascendentes

2351 587 2648 653 προγόνους
2677 585 3015 653 ὀνομάζομεν
3031 601 3044 613 ·
3065 585 3231 653 ἤγουν
3254 582 3342 634 τὸν
3365 583 3576 652 πατέρα
3597 583 3812 640 Ἰσαάκ,
3847 584 3938 633 καὶ

2351 676 2446 745 τὴν
2476 678 2689 745 μητέρα
2734 675 3028 728 Ῥεϐέκκαν
3051 692 3064 705 ⁸
3099 674 3323 726 πάππον
3352 673 3440 724 τὸν
3475 673 3751 740 Ἀϐραάμ,
3790 674 3940 740 μάμο

2359 783 2466 836 μην
2500 766 2598 835 τὴν
2651 766 2887 836 Σάρραν,
2919 765 3013 817 καὶ
3045 765 3169 825 τοὺς
3201 764 3281 815 ἐτι
3305 763 3590 832 ἀνωτέρωο
3626 757 3772 813 οὗτοι
3806 761 3938 817 irva

2352 859 2574 921 πάντες,
2627 859 2910 924 συγγενεῖς
2943 854 3036 906 τοῦ
3084 854 3301 917 Ἰακὼϐ,
3355 855 3603 922 λέγονται
3645 856 3894 913 ἀνιόντες
3922 871 3937 883 ·

2349 946 2423 1010 ὡς
2455 949 2618 999 αἴτιοι
2643 947 2742 1014 τῆς
2771 947 2934 999 αὑτοῦ
2965 947 3288 1015 γεννήσεως.
3321 947 3610 1008 Κατιόντες
3637 947 3690 998 δέ
3719 947 3828 998 εἱσι
3861 946 3939 1013 τῷ

2351 1038 2570 1103 Ἰακὼϐ,
2595 1040 2641 1090 οἱ
2671 1037 2910 1105 ἐξαύτοῦ
2945 1038 3312 1105 καταγόμενοι
3344 1039 3472 1097 υἱοὶ,
3521 1039 3722 1100 Ἰούδας
3747 1039 3938 1106 τυχίν,

2350 1129 2377 1179 6
2408 1129 2562 1190 Λευὶ,
2589 1131 2615 1181 ό
2645 1129 2893 1196 Συμεὼν,
2920 1130 2952 1196 ἡ
2981 1128 3231 1196 θυγάτηρ
3263 1127 3405 1180 οὕτω
3441 1128 3752 1194 καλουμένη
3781 1130 3936 1188 Δίνα,

2350 1220 2442 1271 καὶ
2479 1219 2525 1270 οἱ
2561 1219 2644 1270 ἔτι
2670 1219 2873 1272 τούτων
2919 1221 3211 1288 κατωτέρω
3239 1229 3252 1244 ⁸
3284 1212 3395 1269 οἷον
3421 1218 3662 1284 ἔγγονος,
3693 1218 3901 1283 ἐγγόντι
3924 1234 3936 1245 ·

2350 1311 2402 1362 οἱ
2431 1310 2710 1373 κατιόντες
2745 1312 3018 1378 λέγονται,
3055 1311 3130 1373 ὡς
3159 1312 3223 1362 ὲκ
3253 1308 3350 1362 τοῦ
3397 1310 3589 1361 Ἰακὼϐ
3619 1311 3940 1377 καταγέμει

2350 1419 2453 1460 νοι,
2491 1404 2586 1455 Ἐκ
2621 1403 2854 1470 πλαγίου
2895 1404 2952 1455 δέ
2977 1406 3083 1456 εἰσι
3128 1404 3444 1470 συγγενεῖς,
3474 1404 3522 1453 οἱ
3553 1404 3690 1469 μήτε
3738 1403 3940 1469 γεν-.ή-

2351 1512 2541 1558 σαντες
2565 1495 2654 1548 τὸν
2695 1493 2912 1557 Ἰακὼϐ,
2948 1496 3085 1564 μήτε
3112 1495 3170 1560 ἐξ
3201 1494 3368 1547 αὐτοῦ
3395 1494 3748 1561 γεννηθέντες
3774 1506 3788 1519 ·
3821 1510 3937 1543 κοι-

2351 1587 2647 1646 νωνοῦντες
2675 1588 2730 1640 δὲ
2768 1586 2917 1655 αὑτῷ
2950 1586 3043 1639 τοῦ
3077 1586 3244 1638 αὑτοῦ
3276 1587 3468 1651 γένους
3504 1585 3597 1636 καὶ
3626 1585 3726 1651 τῆς
3763 1582 3938 1646 αὐτῆς

2354 1678 2531 1748 ῥίζης.
2565 1672 2710 1742 υἴον,
2740 1681 2768 1729 6
2797 1677 3050 1746 Ἰσμαήλ.
3101 1676 3257 1738 Θεῖος
3288 1677 3395 1745 γὰρ
3426 1676 3563 1742 πρὸς
3616 1673 3822 1742 πατρὸς
3857 1673 3942 1740 τῷ

2352 1769 2548 1822 Ἰακὼϐ
2581 1770 2610 1821 6
2637 1768 2888 1836 Ἰσμαήλ.
2928 1769 3036 1820 Καὶ
3064 1768 3304 1829 ἀνιόντες
3334 1767 3435 1835 μὲν
3472 1765 3641 1833 αὐτῷ.
3678 1766 3752 1826 ὡς
3779 1766 3938 1834 εἰρή·

675 1837 895 1926 quidem
940 1864 1042 1930 ipsi
1077 1837 1227 1925 sunt,
1285 1868 1358 1918 uti
1413 1867 1676 1930 diximus,
1728 1867 1950 1922 lsaaeus
1988 1876 2247 1938 tanquam
2284 1837 2299 1889 1

2358 1878 2552 1930 καμεν,
2585 1863 2613 1914 6
2644 1859 2829 1912 Ἰσαάκ
2857 1861 2932 1922 ὼς
2959 1859 3166 1928 πατὴρ,
3202 1859 3297 1912 καὶ
3319 1861 3348 1911 6
3374 1857 3647 1927 Ἀϐραάμ,
3677 1856 3751 1919 ὼς
3785 1858 3939 1909 πάπ-

676 1959 850 2019 pater,
892 1963 945 2005 et
996 1954 1342 2010 Abrahamus
1384 1965 1646 2025 tanquam
1682 1973 1846 2020 avus,
1881 1961 2140 2028 quoniam
2181 1976 2244 2014 ex

674 2056 865 2095 eorum
919 2044 1119 2098 lumbis
1151 2044 1390 2102 Jacobus
1446 2050 1680 2103 exstitit.
1738 2049 1933 2104 Ismael
1972 2066 2098 2106 vero
2149 2067 2250 2105 nee

677 2144 775 2196 pro
810 2141 1047 2199 cognato
1102 2137 1436 2190 ascendente
1500 2137 1686 2190 haberi
1747 2137 1957 2193 Iacobo
2023 2142 2247 2208 poterit,

678 2220 802 2285 quia
865 2238 973 2275 non
1029 2234 1107 2277 est
1173 2235 1369 2279 auctor
1423 2231 1818 2296 procreationis
1871 2232 1918 2283 ei
1955 2249 1968 2285 :
2002 2247 2101 2285 nec
2151 2248 2251 2301 pro

677 2309 1067 2375 descendente,
1101 2316 1229 2382 quia
1262 2331 1366 2368 non
1400 2319 1616 2385 genitus
1655 2330 1740 2374 est
1772 2337 1834 2373 ex
1865 2319 2068 2375 Jacobo
2101 2341 2114 2375 :
2158 2323 2249 2375 sed

679 2409 761 2454 est
791 2411 1057 2470 cognatus
1089 2421 1152 2458 ex
1186 2414 1522 2469 transverso,
1553 2410 1715 2463 veluti
1745 2412 1838 2476 qui
1874 2420 1927 2464 et
1955 2413 2069 2480 ipse
2095 2413 2249 2481 geni-

681 2500 770 2545 tus
803 2492 965 2546 fuerit
995 2509 1055 2547 ex
1094 2496 1388 2549 Abrahami
1415 2499 1636 2563 lumbis,
1673 2511 1722 2555 et
1753 2501 2121 2555 Abrahamum
2157 2519 2250 2572 pa-

681 2589 818 2634 trem
856 2583 1072 2648 babeat,
1108 2600 1135 2636 a
1176 2601 1284 2653 quo
1317 2589 1478 2640 etiam
1534 2587 1792 2654 Iacobus,
1844 2591 2076 2660 ideoque
2126 2608 2249 2646 cum

680 2670 882 2728 Jacobo
915 2680 1186 2744 particeps
1221 2679 1291 2730 sit
1324 2679 1568 2748 ejusdem
1630 2683 1858 2736 seminis
1913 2699 1975 2736 ac
2016 2682 2242 2738 radicis.

683 2759 920 2816 Omnino
939 2766 1081 2816 enim
1105 2766 1196 2834 qui
1219 2783 1391 2836 neque
1416 2769 1593 2823 locum
1625 2772 1962 2839 superiorem
1984 2773 2254 2838 obtinent,

683 2857 1093 2911 ascendentium
1123 2860 1368 2912 ordinem
1396 2901 1409 2921 ,
1435 2861 1679 2929 inquam,
1711 2877 1888 2932 neque
1918 2865 2142 2932 gradum
2169 2864 2254 2916 in-

687 2947 941 2999 feriorem
975 2948 1218 3015 explent,
1251 2965 1317 3003 ex
1348 2959 1667 3007 transverso
1697 2961 1862 3006 erunt
1898 2971 1909 3004 :
1944 2968 2068 3006 cum
2107 2955 2253 3006 loca-

685 3039 766 3091 les
788 3038 950 3089 etiam
984 3039 1258 3093 distantia:
1294 3041 1682 3108 quadrifariam
1736 3041 2070 3103 dividantur,
2104 3043 2157 3094 in
2203 3043 2255 3094 id

686 3127 831 3194 quod
856 3145 1044 3198 supra,
1071 3140 1124 3184 ct
1153 3130 1295 3200 quod
1322 3131 1487 3195 infra,
1512 3133 1566 3186 in
1597 3134 1846 3186 dextrum
1866 3141 1920 3186 et
1951 3133 2252 3186 sinistrum.
2285 3169 2326 3224 ε

685 3221 804 3286 Quo
840 3223 915 3281 lit,
954 3231 1011 3275 ut
1041 3226 1291 3278 dextrum
1319 3233 1372 3279 et
1407 3225 1692 3280 sinistrum
1751 3227 1862 3280 sint
1921 3235 2253 3279 transversa.

686 3313 952 3366 (Jmterum
994 3331 1101 3383 quo
1140 3325 1299 3385 pacto
1334 3326 1518 3387 partes
1548 3317 1630 3371 hac
1652 3317 1975 3370 dextrorum
2009 3333 2071 3371 ac
2116 3319 2255 3370 sini-

689 3412 952 3468 strorum,
996 3416 1356 3474 cognatorum
1405 3408 1625 3462 ordines
1670 3407 1986 3472 conficiant,
2031 3409 2260 3462 ulterius

691 3504 977 3559 progressa
1015 3492 1234 3546 docebit
1297 3496 1496 3549 oratio.
1545 3496 1617 3548 Ex
1670 3505 1988 3551 transverso
2041 3511 2262 3564 quoque

688 3577 892 3635 Jacobo
930 3593 1192 3652 cognatus
1219 3598 1302 3640 est
1332 3586 1554 3641 Batbucl
1578 3587 1714 3655 (52),
1740 3587 2034 3640 Abraliami
2073 3586 2259 3639 frater.

694 3670 749 3724 Si
776 3673 900 3740 quis
929 3690 1057 3741 ergo
1092 3687 1318 3744 qnmrat,
1364 3679 1436 3730 sit
1480 3693 1548 3732 ne
1575 3676 1783 3731 Jacobo
1841 3685 2107 3746 cognatus
2160 3675 2264 3729 Ba-

694 3763 867 3824 tbuel,
903 3764 1194 3818 Abraltami
1243 3765 1431 3833 frater,
1486 3777 1542 3820 et
1596 3767 1787 3822 Ismael
1849 3768 2016 3822 lsaaci
2049 3766 2213 3820 frater
2247 3804 2262 3828 ,

696 3855 1146 3918 respondebimus
1177 3865 1438 3923 cognatos
1487 3857 1712 3926 quidem
1769 3859 1890 3912 illos
1957 3874 2098 3919 esse.
2155 3872 2264 3910 non

696 3949 876 3992 tamen
905 3941 1286 4004 ascendentes,
1309 3944 1437 4011 quia
1469 3943 1534 3997 de
1566 3945 1766 3997 lutnbis
1794 3960 1982 3997 eorum
2019 3945 2132 4012 ipse
2157 3957 2264 3996 non

697 4029 946 4083 exsistat.
971 4028 1084 4081 Non
1113 4032 1276 4083 etiam
1300 4032 1879 4088 descendentes-erunt
1909 4034 2138 4086 Batbuel
2171 4039 2266 4084 aut

700 4119 914 4174 Ismael.
971 4121 1156 4175 Restat
1191 4123 1375 4191 igitur,
1413 4132 1471 4177 ut
1515 4123 1719 4179 Jacobo
1780 4126 1993 4194 cognati
2043 4125 2155 4179 sint
2201 4139 2268 4177 ex

701 4221 1016 4266 transverso
1053 4230 1064 4264 :
1099 4221 1152 4266 et
1182 4222 1238 4266 ut
1275 4213 1464 4269 Ismael
1491 4217 1712 4285 quidem
1762 4217 1934 4285 patris
1964 4215 2037 4269 sit
2078 4215 2265 4278 frater,

703 4301 805 4356 boc
840 4311 923 4355 est
953 4318 1178 4370 patruus
1213 4323 1225 4356 :
1257 4305 1486 4360 Bathuel
1521 4317 1724 4368 autem,
1760 4307 1842 4360 avi
1886 4316 2130 4376 respectu
2177 4321 2270 4376 pa-

702 4403 884 4453 truus.
929 4413 1088 4465 quem
1130 4406 1184 4451 et
1219 4408 1472 4466 patruum
1523 4415 1777 4468 magnum
1821 4401 1932 4469 (55)
1967 4401 2047 4453 lex
2087 4399 2268 4468 appel-

2351 1969 2472 2015 πος,
2505 1953 2587 2004 ὃτι
2617 1950 2678 2014 ἐξ
2708 1951 2908 2020 ὀσφύος
2957 1949 3140 2002 αὐτῶν
3169 1950 3198 2001 6
3238 1949 3453 2001 Ἰακώϐ.
3503 1949 3562 2000 Ὃ
3593 1948 3647 2000 δὲ
3703 1950 3940 2019 Ἰσμαὴλ

2350 2044 2474 2097 οὗτε
2520 2043 2684 2096 ἀνιὼν
2732 2044 3012 2112 λογισθείη
3053 2044 3321 2112 συγγενὴς
3363 2042 3440 2110 τῷ
3467 2041 3686 2104 Ἰακὼϐ,
3720 2042 3802 2094 ὅτι
3835 2043 3942 2094 οὐκ

2351 2136 2498 2187 ἔστιν
2531 2137 2701 2195 αῖτιος
2735 2134 2832 2202 τῆς
2862 2133 3026 2186 αὑτοῦ
3055 2136 3394 2203 γεννήσεωςο
3419 2133 3542 2185 οὔτε
3569 2133 3676 2202 μὴν
3707 2134 3940 2198 κατιὼν,

2352 2227 2434 2277 ὅτι
2461 2226 2560 2276 οὐκ
2591 2227 2652 2276 ἐκ
2681 2225 2773 2276 τοῦ
2801 2225 2993 2278 Ἰακὼϐ
3023 2225 3287 2294 ἐγεννήθη
3309 2240 3323 2253 ο
3366 2228 3429 2275 εκ
3458 2225 3686 2290 πλαγὲου
3718 2224 3774 2276 δέ
3818 2227 3943 2276 ἐστι

2354 2317 2640 2382 συγγενὴς,
2671 2317 2745 2378 ὡς
2775 2316 2866 2367 καὶ
2890 2316 3056 2376 αὐτὸς
3082 2314 3139 2380 ἐξ
3169 2314 3368 2381 ὀσφύος
3403 2313 3496 2365 τοῦ
3529 2313 3783 2382 Ἀϐραὰμ
3810 2333 3939 2383 γεν-

2354 2409 2554 2476 νηθεὶς,
2587 2408 2681 2458 καὶ
2727 2407 2818 2458 τὸν
2849 2407 3104 2475 Ἀϐραάμ
3139 2407 3278 2474 ἔχων
3305 2407 3598 2474 γενήτορα,
3631 2407 3724 2472 ἀφ’
3749 2404 3810 2460 οὗ
3843 2411 3941 2460 καὶ

2353 2499 2381 2550 6
2409 2497 2629 2561 Ἰακὼϐ,
2673 2496 2967 2550 κάντεῦθεν
3014 2499 3356 2566 κοινωνήσας
3386 2496 3464 2564 τῷ
3497 2493 3691 2547 Ἰακὼϐ
3715 2499 3811 2564 τῆς
3838 2500 3940 2549 αό-

2353 2589 2451 2655 τῆς
2482 2587 2642 2654 γονῆς
2674 2589 2766 2639 καὶ
2816 2586 2992 2655 ῥίζης.
3029 2587 3252 2647 Πάντως
3297 2585 3406 2654 γάρ
3433 2586 3481 2636 οξ
3526 2586 3661 2652 μήτε
3704 2586 3796 2637 τὸν
3825 2587 3945 2638 ἀίω

2355 2681 2517 2732 τόπον
2549 2680 2784 2750 ἔχοντες,
2823 2679 2921 2748 τὴν
2964 2678 3072 2729 τῶν
3110 2679 3369 2730 ἀνιόντων
3400 2679 3544 2746 λέγω
3587 2678 3760 2742 τάξιν,
3798 2681 3942 2747 μήτε

2354 2772 2444 2824 τὸν
2478 2772 2627 2823 κάτω
2662 2771 2870 2841 βαθμὸν
2916 2769 3382 2838 ἀποπληροῦντες.
3416 2772 3479 2822 ἐκ
3511 2770 3741 2838 πλαγίου
3783 2773 3941 2823 {sov-

2355 2880 2444 2914 ται
2468 2879 2480 2892 ο
2516 2864 2597 2915 ὅτι
2650 2865 2744 2914 καὶ
2774 2866 2828 2914 αἱ
2860 2864 3083 2914 τοπικαὶ
3131 2863 3445 2924 διαστάσεις
3482 2863 3762 2931 τετραχῶς
3801 2863 3947 2915 διαι-

2361 2955 2602 3023 ροῦνται,
2639 2957 2718 3016 εἰς
2747 2954 2805 3006 τὸ
2828 2954 2940 3006 ἄνω
2976 2955 3068 3004 καὶ
3099 2955 3270 3016 κάτω,
3296 2953 3469 3018 δεξιὸν
3501 2955 3595 3006 καὶ
3619 2955 3939 3023 ἀριστερόν.

2359 3044 2630 3112 Ταύτητοι
2665 3045 2725 3093 τὸ
2771 3043 2945 3106 δεξιὸν
2992 3044 3088 3095 καὶ
3129 3045 3444 3113 ἀριστερὸν,
3489 3044 3695 3110 πλάγια
3737 3046 3947 3112 τυγχά-

2360 3154 2566 3188 νουσινέ
2601 3136 2789 3197 Ὅπως
2835 3135 2967 3202 γοῦν
3009 3136 3184 3188 ταῦτα
3213 3137 3279 3188 τὰ
3313 3138 3454 3205 μέρη
3479 3137 3590 3188 τῶν
3621 3137 3811 3201 δεξιῶν
3851 3139 3946 3188 καὶ

2361 3228 2685 3296 ἀριστερῶν,
2723 3226 2998 3294 συγγενῶν
3031 3227 3212 3291 τάξεις
3261 3221 3608 3296 ἀποπληροῖ.
3674 3229 3886 3297 προῖὼν
3915 3231 3947 3279 6

2361 3317 2514 3381 λόγος
2547 3318 2683 3384 ἐρεῖ.
2719 3316 2814 3366 Ἐκ
2865 3317 3098 3382 πλαγιιου
3129 3315 3184 3368 δὲ
3216 3318 3482 3386 συγγενὴς
3511 3317 3588 3384 τῷ
3619 3317 3820 3369 Ἰακὼϐ
3848 3318 3946 3369 καὶ

2362 3409 2390 3459 6
2422 3407 2668 3473 Βαθουὴλ
2699 3406 2726 3457 6
2755 3407 2849 3459 τοῦ
2895 3407 3149 3476 ’Δϐραὰμ
3185 3408 3435 3476 ἀδελφός.
3486 3408 3547 3460 ΕΞ
3581 3407 3710 3474 γοῦν
3744 3407 3944 3476 ζητοίη

2363 3514 2470 3561 τις,
2500 3499 2547 3548 εἰ
2578 3497 2657 3566 τῷ
2707 3497 2903 3548 Ἰακὼϐ
2941 3499 3215 3565 συγγενής
3264 3499 3413 3550 ἐστιν
3439 3501 3467 3550 ό
3498 3497 3748 3566 Βαθουήλ
3795 3502 3822 3550 ό
3850 3498 3945 3550 τοῦ

2365 3585 2616 3654 Ἀϐραάμ
2647 3586 2898 3654 άδτλςτὸς.
2935 3588 3026 3638 καὶ
3061 3587 3288 3657 Ἰσμαὴλ
3311 3590 3340 3640 6
3360 3587 3587 3653 ἀδελ-,τὸς
3611 3589 3704 3640 τοῦ
3735 3589 3946 3650 Ἰσαάκ,

2366 3676 2603 3746 ἐροῦμεν
2630 3694 2642 3705 ⁸
2683 3679 2766 3729 ὅτι
2797 3681 3082 3745 συγγενεῖς
3116 3679 3214 3741 μέν
3235 3681 3396 3740 εἰσιν,
3433 3679 3630 3732 οὔκουν
3673 3681 3948 3743 ἀνιόντες,

2367 3765 2448 3816 ὅτι
2481 3767 2556 3834 μὴ
2582 3765 2640 3828 ἐξ
2670 3766 2869 3832 ὀσςύος
2909 3768 3111 3822 αὐτῶν.
3143 3769 3284 3820 ’Δλὶδ
3320 3770 3440 3822 οὐδὲ
3476 3771 3761 3832 κατιόντες
3788 3775 3814 3823 6
3840 3771 3948 3822 Βα-

2368 3853 2530 3922 θουὴλ
2561 3854 2592 3922 ἢ
2625 3855 2925 3923 ὁῚσμαήλ.
3002 3856 3264 3910 Λεξπεται
3332 3857 3542 3919 λοιπὸν,
3594 3860 3658 3910 ἐκ
3713 3859 3946 3925 πλαγίου

2371 3948 2648 4010 συγγενεῖς
2672 3945 2746 4013 τῷ
2778 3945 2978 3997 Ἰακὼϐ
3006 3948 3227 4010 τούτους
3253 3950 3564 4017 τυγχάνειν.
3599 3949 3707 4001 Καὶ
3733 3951 3826 4000 τὸν
3851 3951 3950 4018 μὲν

2368 4034 2593 4101 Ἰσμαὴλ
2612 4034 2980 4102 πατράδελιρον
3000 4031 3162 4100 εἶναι,
3189 4039 3357 4105 ἤγουν
3383 4037 3526 4089 θεῖον
3546 4036 3682 4104 πρὸς
3703 4041 3913 4107 πατρός
3933 4055 3947 4068 ·

2368 4122 2456 4173 τὸν
2489 4123 2543 4173 δὲ
2591 4122 2851 4190 Βαθουὴλ,
2905 4123 3049 4175 θεῖον
3100 4125 3206 4176 ἀπὸ
3238 4127 3486 4188 πάππου,
3529 4125 3588 4177 ὃν
3623 4128 3717 4178 καὶ
3770 4127 3949 4196 μέγαν

2371 4211 2514 4263 θεῖον
2543 4215 2570 4264 6
2597 4213 2756 4281 νόμος
2797 4213 3074 4281 ὀνομάζει.
3107 4214 3183 4265 Τὸ
3215 4215 3346 4266 αὐτὸ
3375 4215 3431 4266 δέ
3459 4217 3572 4266 ἐστι
3603 4216 3692 4267 καὶ
3723 4216 3817 4266 ἐπὶ
3842 4218 3950 4266 τῶν

2374 4301 2578 4372 θηὶεων
2630 4303 2958 4373 προσώπων.
3002 4305 3093 4374 Τῷ
3141 4308 3249 4374 γὰρ
3282 4305 3481 4358 Ἰακὼϐ
3535 4308 3796 4358 ἀνιόντων
3849 4309 3952 4376 μὲν

2373 4396 2531 4460 τάξιν
2570 4395 2804 4464 ἔχουσιν.
2842 4397 2938 4466 ἦτε
2992 4399 3174 4466 μήτηρ
3213 4397 3498 4457 Ῥεϐέκκα,
3545 4399 3639 4449 καὶ
3675 4399 3710 4465 ή
3745 4398 3947 4467 μάμμη

704 4487 798 4539 lat.
833 4488 972 4541 Idem
1004 4493 1054 4542 in
1092 4489 1341 4544 femineis
1373 4493 1620 4560 personis
1678 4493 1910 4545 obtinet.
1944 4492 2152 4560 Quippe
2179 4488 2268 4543 Ja-

2375 4485 2579 4554 Σάρῤα.
2633 4485 2945 4537 Κατιόντων
2971 4487 3024 4538 δὲ
3053 4487 3207 4552 τάξιν
3242 4487 3656 4556 ἀποπληροῦσιν
3704 4488 3880 4557 αὐτῷ.
3915 4493 3946 4557 ἡ

703 4579 839 4632 robo
865 4590 992 4634 sunt
1045 4583 1458 4636 ascendentium
1519 4584 1639 4637 loco
1689 4582 1931 4639 Rebecca
1981 4595 2174 4644 mater,
2219 4588 2274 4634 et

704 4670 820 4722 avia
859 4673 1044 4725 Sarra.
1083 4673 1534 4726 Descendeutium
1596 4689 1722 4727 vero
1773 4675 1951 4728 locum
2022 4674 2272 4740 implent,

707 4758 812 4811 tilia
852 4759 1082 4821 l)ina,et
1131 4762 1308 4830 neptis
1343 4778 1406 4816 ex
1435 4778 1496 4816 ea
1541 4773 1688 4816 nata.
1743 4763 1897 4828 Quod
1939 4764 1982 4815 si
2027 4762 2272 4814 Rebecca

709 4849 905 4905 fratres
938 4853 1121 4916 habet,
1171 4854 1333 4906 etiam
1371 4854 1447 4906 illi
1482 4853 1687 4908 Jacobo
1735 4855 1952 4924 eosnati
1990 4869 2054 4906 ex
2090 4862 2273 4905 trans-

707 4957 866 4996 verso
890 4945 1296 4998 existimantur.
1323 4945 1580 5014 Adeoque
1616 4945 1821 5010 inban,
1856 4946 2118 4999 Rebecca:
2168 4945 2277 4997 fra-

709 5042 813 5098 ter,
849 5031 1054 5087 Jacobo
1087 5043 1351 5104 cognatus
1375 5046 1478 5090 est.
1512 5033 1646 5087 Nam
1683 5037 1891 5088 ratione
1944 5035 2135 5087 matris
2193 5039 2276 5085 est

710 5126 1033 5180 avunculus.

2375 4577 2620 4646 θυγάτηρ
2646 4577 2796 4641 Δίνα,
2833 4579 2926 4630 καὶ
2958 4580 2992 4647 ἡ
3030 4577 3090 4641 ἐξ
3118 4580 3287 4648 αὐτῆς
3315 4580 3478 4647 τυχὸν
3508 4579 3856 4648 γεννηθεῖσα.
3890 4580 3951 4632 ΕΞ

2405 4668 2428 4718 ὲ
2454 4669 2518 4736 τῇ
2559 4666 2823 4738 Ῥεδέκκᾳ
2854 4670 2995 4720 εἰσιν
3025 4670 3266 4736 ἀδελφοὶ,
3306 4672 3400 4722 καὶ
3447 4664 3592 4724 οὗτοι
3625 4674 3688 4722 ὲκ
3717 4672 3952 4737 πλαγίου

2376 4761 2656 4826 συγγενεῖς
2685 4759 2762 4828 τῷ
2788 4758 2988 4811 Ἰακὼϐ
3019 4761 3345 4828 λογίζονται.
3385 4763 3592 4814 Λύτίκα
3621 4763 3646 4812 6
3680 4763 3893 4824 Λάϐαν,
3926 4764 3951 4812 6

2375 4849 2472 4916 τῆς
2521 4849 2815 4912 Ῥεϐέκκας
2841 4851 3088 4919 ἀδελφὸς,
3125 4855 3397 4924 συγγενής
3433 4853 3511 4922 τῷ
3544 4853 3764 4906 Ἰακὼϐ.
3798 4854 3952 4914 Gaio;

2385 4938 2494 5008 γάρ
2522 4941 2656 5009 πρὸς
2685 4942 2910 5010 μητρός.

787 5324 1116 5400 Sequebatur
1141 5326 1279 5394 apud
1308 5325 1680 5381 Leuuclurium
1706 5326 1739 5378 .1
1748 5329 2001 5405 ιριὶηἰᾳιιὶ
2011 5329 2153 5405 _imp.
2181 5326 2621 5405 confessfqrcrtrc
2651 5331 2792 5397 νῖόωί
2815 5347 2911 5405 seu
2935 5331 3164 5405 cdirtum
3183 5343 3245 5389 de
3277 5334 3378 5403 ﬁde
3400 5335 3718 5394 orthodoxa,
3744 5339 3882 5405 quod

1559 5409 1727 5450 exuat
1753 5398 2069 5466 Patrologia:
2103 5397 2229 5449 ιονιιί
2259 5395 2567 5465 LXXXVI,
2587 5395 2736 5467 parte
2766 5419 2800 5466 ι,
2830 5402 2931 5455 col.
2973 5402 3096 5457 995.

2291 5532 2358 5549 ἀ

2251 5600 2486 5657 ΝΟΤίΕ.

936 5688 1176 5763 Rectius,
1205 5691 1501 5746 Nnc/torem
1532 5696 1828 5762 posuisset,
1863 5694 2142 5746 Batltnelis
2193 5702 2424 5763 patrem.

801 5759 908 5830 (ὅῦ)
935 5762 966 5812 Ι-
1007 5761 1052 5814 1.
1149 5762 1324 5815 Primo
1350 5759 1542 5833 gradu.
1578 5765 1632 5818 ί).
1663 5765 1735 5820 De
1758 5766 1910 5833 grad.
1937 5775 1984 5816 et
2018 5765 2156 5830 a/ﬁn.
