4188 6412
1396 438 2013 533 TRADITIO
2139 396 2869 533 CATHOLICA

1621 717 2020 784 SECULUM
2062 718 2138 783 X.
2182 717 2450 784 ANNUS
2488 715 2630 781 995.

1730 992 2535 1140 ELENCHUS

578 1270 1097 1349 AUGTOBUM
1149 1271 1266 1347 ET
1320 1271 1714 1346 OPEBUM
1766 1272 1919 1357 QUI
1984 1273 2072 1347 IN
2122 1271 2232 1345 HO

2017 1273 2072 1347 N
2122 1271 2309 1345 HOC
2355 1270 2628 1346 TOMO
2671 1269 2904 1347 οχιχ
2963 1270 3671 1349 οοκτικεκτυη.

1649 1582 1708 1592 —
1733 1582 2598 1592 ~-__——_————~—

1180 1769 1653 1835 (ECUMENIUS
1693 1768 1998 1835 TRICCAE
2039 1768 2120 1834 IN
2158 1768 2587 1835 THESSALIA
2625 1765 3059 1833 EPISCOPUS?
3098 1782 3105 1785 ‘

474 1929 910 1994 Commentaria
936 1932 998 1993 in
1029 1927 1262 1995 Novum
1286 1928 1754 1994 Testamentum.
1800 1929 2301 2013 (Continuatio.).
2360 1977 2377 1995 .
2441 1977 2457 1993 .
2520 1977 2537 1994 .
2598 1976 2615 1994 .
2680 1977 2695 1993 .
2762 1982 2776 1995 .
2839 1971 2857 1991 .
2919 1978 2936 1993 .
3001 1976 3017 1992 .
3079 1978 3097 1995 .
3159 1974 3177 1992 .
3239 1975 3256 1992 .
3390 1926 3525 1994 Col.
3730 1927 3772 1993 9

472 2060 749 2144 Sinopu’s
773 2062 1080 2143 Anonymi
1110 2079 1189 2126 ex
1224 2061 1588 2127 (Ecumenio
1622 2064 1692 2126 in
1728 2060 2161 2145 Apocalypsin,
2194 2079 2273 2127 ea:
2308 2080 2429 2144 qua
2454 2062 2739 2126 discimus
2769 2059 2961 2125 locum
2997 2059 3155 2125 sedis
3182 2059 3535 2144 episcopalis

3649 2191 3771 2257 722

969 2332 975 2339 ’
1334 2412 1339 2415 λ
1614 2332 2140 2420 ΡΑΤΒῐΑιωΗιιΕ
2187 2343 2609 2419 cponmm.
2724 2390 2731 2399 .

470 2536 789 2602 Sententia
816 2538 1127 2618 synodales
1155 2544 1214 2602 et
1242 2538 1579 2603 sanctiones
1605 2538 1913 2621 pontiﬁcim
1965 2587 1983 2605 .
2042 2580 2067 2606 .
2128 2587 2141 2602 .
2205 2586 2221 2602 .
2287 2586 2301 2602 .
2370 2589 2385 2604 .
2450 2586 2466 2602 .
2534 2588 2548 2602 .
2609 2586 2627 2604 .
2690 2587 2705 2602 .
2774 2592 2785 2604 .
2851 2586 2870 2605 .
2931 2587 2948 2604 .
3013 2587 3029 2605 .
3094 2587 3110 2604 .
3175 2587 3189 2603 .
3257 2587 3271 2601 .
3336 2583 3355 2603 .
3414 2586 3432 2605 .
3494 2587 3511 2604 .
3645 2535 3765 2602 726

471 2670 661 2736 Index
702 2690 908 2735 rerum
950 2678 1008 2735 et
1048 2673 1491 2737 sententiarum
1532 2674 1600 2736 in
1644 2672 2009 2759 (Ecumeniil
2041 2673 2239 2756 Opera
2294 2719 2311 2735 .
2371 2718 2388 2735 .
2452 2722 2467 2736 .
2531 2720 2548 2738 .
2612 2720 2627 2734 .
2691 2720 2706 2735 .
2772 2720 2787 2737 .
2853 2725 2867 2740 .
2931 2716 2950 2736 .
3011 2716 3030 2736 .
3096 2720 3112 2736 .
3176 2719 3193 2737 .
3256 2718 3273 2735 .
3336 2719 3353 2734 .
3418 2723 3433 2737 .
3496 2718 3515 2737 .
3607 2669 3759 2734 i301

1617 3453 2627 3492 κου-σψ-
