4188 6412
518 231 584 295 Η
1634 231 2046 296 CECUMENII
2097 232 2156 295 Τ]

2238 231 2393 294 ϐΟιΕ
2434 225 2765 295 EPISCOPI
3819 219 3890 284 12

1093 362 1596 428 THEODORETI.

600 457 662 520 [n
683 456 956 539 pluribus
975 455 1256 538 Epistolis
1272 457 1565 538 signiﬁcat
1594 461 1637 521 Α
1650 457 1914 540 postolus
1935 456 2157 518 media-

515 548 741 610 tionem
773 545 846 607 ad
877 545 1062 606 Deum
1107 565 1178 607 ac
1230 549 1462 610 Patrem
1515 555 1572 609 et
1607 545 2154 609 reconciliationem

515 636 836 715 contigisse
858 633 1198 696 hominibus
1217 635 1574 716 perFilium.
1591 635 1784 699 «Unus
1800 634 1959 697 enim
1973 633 2152 706 Deus,

515 726 729 807 inquit,
764 733 823 786 et
857 742 1010 786 unus
1061 724 1354 786 mediator
1392 724 1498 786 Dei
1531 733 1593 788 et
1623 725 1931 789 hominum
1979 724 2156 785 homo

513 812 780 878 Christus
823 814 992 876 Jesus
1021 813 1066 875 ί.
1108 836 1130 870 υ
1168 814 1548 895 Rursumque
1582 835 1595 877 :
1625 840 1648 869 α
1678 815 1792 874 Per
1829 830 2006 893 quem
2053 829 2156 872 re-

513 901 994 966 conciliationem
1025 901 1362 981 accepimus
1380 902 1467 966 9.»
1496 901 1567 964 Et
1588 901 1877 964 Dominus
1893 901 2156 980 seipsum

513 992 730 1054 ostium
763 996 826 1054 et
852 990 1004 1052 viam
1037 990 1295 1072 appellat
1326 992 1381 1052 3.
1418 989 1624 1072 Neque
1654 994 1814 1052 enim
1843 989 1961 1051 alio
1982 988 2158 1049 modo

514 1079 631 1142 nisi
663 1099 770 1162 per
795 1079 990 1161 ipsum
1012 1078 1148 1141 etin
1179 1078 1308 1160 ipso
1331 1078 1618 1158 contingit
1645 1079 1919 1160 cuiquam
1949 1095 2156 1140 acces-

516 1188 617 1232 sus
642 1170 713 1231 ad
749 1171 981 1233 Patrem
1010 1167 1062 1228 4.
1096 1166 1346 1248 Propter
1396 1169 1509 1230 hoc
1551 1186 1808 1248 namque
1839 1185 1972 1228 cum
2003 1165 2160 1228 Deus

2828 367 3293 422 ΘΕΟΔΩΡΗΤΟΥ.

2319 457 2410 516 Ἐν
2437 457 2664 529 πολλοῖς
2693 460 2721 513 ὁ
2766 453 3091 518 Ἀπόστολος
3121 451 3281 521 δηλοῖ
3307 453 3406 521 τὴν
3456 455 3586 532 πρὸς
3633 453 3726 508 τὸν
3757 452 3887 506 Θεὸν

2237 545 2326 601 καὶ
2381 544 2586 623 Πατέρα
2643 543 2910 618 μεσιτείαν
2964 542 3052 598 καὶ
3107 539 3450 619 καταλλαγὴν
3505 553 3622 604 τοῖς
3680 539 3886 619 ἀνθρώ-

2240 655 2360 697 ποις
2391 631 2475 688 διὰ
2517 639 2606 689 τοῦ
2661 635 2784 690 Υἱοῧ
2843 629 3141 709 γεγονέναι,
3209 648 3238 689 ε
3294 633 3390 692 Εἷς
3418 630 3518 709 γὰρ
3547 629 3700 708 Θεὸς,
3732 629 3884 707 φησὶ,

2238 723 2328 778 καὶ
2384 725 2465 784 εἷς
2526 722 2746 798 μεσίτης
2799 727 2932 776 Θεοῦ
2973 719 3061 775 καὶ
3096 717 3382 798 ἀνθρώπων
3444 717 3712 796 ἅνθρωπος
3769 716 3885 783 Ἰη-

2241 814 2363 872 σοῦς
2421 811 2666 886 Χριστός,
2731 831 2758 863 »
2828 807 2927 864 Καὶ
2982 804 3139 863 πάλιν
3173 825 3190 842 ⁸
3257 830 3284 861 ι
3340 803 3420 862 Δι’
3465 809 3544 879 0-5,
3593 806 3744 886 φησὶ,
3789 805 3889 872 τὴν

2237 895 2582 975 καταλλαγὴν
2612 896 2949 976 ἐσχήκαμεν.
3001 918 3026 952 ι
3076 896 3175 952 Καὶ
3234 898 3262 951 ὁ
3317 897 3500 975 Κύριος
3555 896 3708 975 θύραν
3759 895 3886 951 ἑαυ-

2238 989 2329 1042 τὸν
2358 987 2445 1042 καὶ
2474 983 2591 1042 ὁδὸν
2649 983 2830 1044 καλεῖ.
2890 986 2962 1042 Οὐ
3013 984 3114 1062 γὰρ
3158 984 3349 1063 ἑτέρως
3393 987 3438 1040 εί
3498 985 3578 1058 μὴ
3633 982 3700 1040 δι’
3732 987 3890 1043 αὐτοῦ

2239 1075 2327 1130 καὶ
2378 1074 2432 1130 ἐν
2486 1078 2628 1150 αὐτῷ
2697 1071 2912 1130 ἀπέλθοι
2977 1095 3058 1136 τις
3131 1076 3264 1153 πρὸς
3340 1075 3430 1130 τὸν
3498 1073 3730 1152 Πατέρα.
3792 1075 3889 1133 Διὰ

2239 1173 2392 1222 τοῦτο
2424 1164 2523 1243 γὰρ
2569 1164 2643 1221 ὢν
2701 1164 2853 1234 Θεὸς,
2901 1165 2988 1220 καὶ
3043 1162 3312 1242 ἅνθρωπος
3354 1163 3594 1242 γέγονεν,
3651 1163 3744 1220 ’ίνα
3773 1171 3890 1239 Θεῴ

514 1268 696 1334 esset,
739 1258 916 1319 homo
948 1275 1184 1338 quoque
1233 1257 1420 1320 factus
1449 1266 1558 1340 est,
1589 1265 1655 1319 ut
1684 1257 1838 1318 inter
1884 1255 2069 1317 Deum
2104 1263 2156 1316 et

2239 1254 2328 1309 καὶ
2375 1253 2670 1331 ἀνθρώποις
2737 1253 3045 1332 μεσιτεύσῃ,
3131 1253 3286 1309 τοῦτό
3366 1275 3424 1310 τε
3503 1253 3577 1310 ὥν
3640 1255 3884 1312 κάκεῖνο.

515 1348 787 1410 homines
817 1346 1108 1407 mediator
1135 1345 1468 1422 exsisteret,
1515 1347 1617 1428 qui
1659 1355 1717 1409 et
1767 1346 1880 1407 hoc
1929 1355 1986 1406 et
2013 1344 2156 1405 illud

2238 1341 2390 1398 Ἀλλ’
2423 1345 2470 1398 οἱ
2523 1341 2870 1414 Κολοσσαεϊς,
2927 1343 3028 1397 ὑπὸ
3085 1341 3328 1419 ἀγγέλων
3370 1342 3539 1418 ᾤοντο
3579 1345 3678 1412 τὴν
3716 1366 3887 1423 προσ-

515 1437 922 1499 esset.Verum
949 1433 1365 1496 existimabant
1395 1434 1778 1499 Colossenses
1821 1452 1930 1515 per
1971 1451 2154 1510 ange—

2240 1431 2459 1510 αγωγὴν
2507 1430 2745 1515 γενέσθαι
2787 1432 2920 1510 πρὸς
2970 1432 3062 1486 τὸν
3111 1431 3343 1510 Πατέρα,
3401 1435 3488 1489 καὶ
3545 1433 3604 1490 οὒ
3660 1430 3744 1490 διὰ
3798 1440 3891 1490 τοῦ

515 1525 606 1587 los
635 1542 941 1586 accessum
973 1522 1179 1584 haberi
1208 1523 1282 1584 ad
1313 1527 1545 1586 Patrem
1577 1531 1635 1585 et
1665 1542 1782 1585 non
1821 1505 1927 1604 por
1951 1505 2156 1585 Chris-

2243 1505 2492 1604 Χριστοῦ.
2521 1505 2742 1578 Ἔπειτα
2772 1505 2976 1582 πολλὰς
2994 1519 3154 1599 εἶχον
3183 1505 3577 1601 παρατηρήσεις
3597 1519 3889 1586 Ἰουδαϊκὰς

515 1622 663 1677 tum.
701 1611 929 1676 Deinde
963 1611 1178 1673 multas
1206 1611 1506 1674 habebant
1525 1612 1800 1676 Judaicas
1823 1601 1892 1674 ac
1923 1611 2156 1675 Graecas

2239 1611 2327 1666 καὶ
2361 1601 2695 1682 Ἑλληνικὰς,
2727 1608 2931 1687 ἡμέρας
2956 1609 3414 1687 παρατηρούμενοι
3445 1612 3532 1668 καὶ
3560 1613 3772 1691 καιροὺς
3804 1614 3892 1668 καὶ

517 1703 998 1778 observationes,
1020 1702 1150 1764 dies
1170 1703 1554 1766 observantes
1581 1711 1641 1765 et
1670 1712 2006 1784 temporum
2045 1723 2156 1784 op-

2241 1697 2341 1754 ὅσα
2381 1705 2622 1760 τοιαῦτα.
2675 1708 2838 1754 Λτινα
2896 1698 3089 1770 πάντα,
3153 1698 3366 1778 γράφων
3414 1699 3514 1766 τὴν
3545 1698 3888 1781 Ἐπιστολὴν,

516 1794 909 1876 portunitates
935 1799 992 1853 et
1012 1810 1381 1873 quaecunque
1412 1793 1756 1872 hujusmodi
1787 1799 1997 1868 erant;
2029 1809 2156 1873 quae

2242 1786 2528 1866 διορθοῦται
2558 1791 2586 1845 ὁ
2618 1785 2843 1853 Παῦλος.

517 1882 718 1946 omnia
747 1880 1067 1944 scribendo
1096 1880 1419 1962 Epistolam
1440 1881 1684 1960 corrigit
1710 1881 1944 1943 Paulus.

557 1987 976 2054 EPISTOLxE
1017 1988 1128 2052 AD
1172 1986 1773 2053 COLOSSENSES
1815 1987 1907 2050 CA
1926 1987 2130 2051 PITA.

2453 2007 2480 2038 α
2515 1989 2856 2042 ΚΕΦΛΔΑΙΛ
2888 1989 3020 2042 ΤΗΣ
3051 1991 3223 2042 ΠΡΟΣ
3258 1991 3680 2044 ΚΟΛΟΣΣΑΕΙΣ

2831 2079 3241 2135 ΕΠΙΣΤΟΔΗΣ.
3280 2095 3306 2130 ι

518 2189 576 2251 1.
611 2186 974 2251 Gratiarum
1003 2191 1161 2248 actio
1187 2187 1265 2248 de
1298 2184 1885 2265 Colossensibus,qui
1917 2190 2152 2265 proptei

2249 2170 2322 2242 α’,
2365 2199 2390 2236 ε
2429 2181 2750 2259 Εὐχαριστία
2779 2181 2906 2257 ὑπὲρ
2963 2179 3312 2238 Κολοσσαέων
3361 2183 3734 2242 οἷκειωθέντων
3779 2192 3894 2260 Θεῷ

775 2293 966 2355 spem,
998 2276 1117 2338 Deo
1149 2274 1491 2353 familiares
1520 2279 1714 2352 effecti
1740 2280 1909 2336 sunt.
2289 2347 2300 2355 _
2327 2269 2411 2326 ἐπ’
2449 2267 2642 2328 ἐλπίδι.

518 2365 580 2428 2.
603 2347 886 2428 Precatio
905 2347 1022 2446 pro
1039 2347 1284 2445 ipsis,ut
1308 2347 1690 2445 recipiantur
1705 2361 2156 2441 adsapientiam

2245 2347 2319 2434 β’,
2375 2378 2396 2411 ιι
2435 2356 2590 2436 Εὒχὴ
2619 2358 2750 2436 ὑπὲρ
2780 2357 2949 2414 αὐτῶν
2977 2359 3049 2422 εἷς
3081 2359 3265 2440 σοφίαν
3292 2364 3608 2440 πρακτικὴν,
3642 2367 3716 2428 εἰς
3731 2363 3889 2425 δυνά-

597 2454 1083 2534 operativam,ad
1104 2455 1388 2517 virtutem
1410 2452 1745 2516 toleranlice
1766 2469 1902 2516 cum
1921 2451 2156 2531 gratia-

2329 2469 2418 2521 μιν
2449 2447 2741 2527 ὅπομονῆς,
2788 2450 2879 2504 σὺν
2937 2449 3245 2528 εὐχαριστίᾳ
3298 2453 3397 2518 τῆς
3451 2452 3765 2518 οἱκειώσεως
3795 2453 3891 2522 τῆς

599 2560 742 2605 rum
755 2543 999 2607 actione
1010 2542 1498 2621 familiaritatis,
1518 2559 1651 2622 quae
1668 2550 1753 2605 est
1773 2560 1854 2604 ea:
1871 2539 2156 2622 puriﬁca-

2330 2536 2384 2592 ὲν
2413 2536 2683 2615 καθάρσει.
2736 2559 2760 2592 ι

600 2634 776 2697 tione.

517 2723 580 2786 3.
639 2723 724 2786 De
771 2723 1081 2784 creatione
1125 2737 1235 2802 per
1298 2721 1603 2784 Christum
1627 2770 1642 2797 ,
1693 2727 1747 2784 et
1797 2719 2156 2783 reconcilia-

2247 2703 2322 2792 γ’,
2363 2736 2385 2771 α
2426 2716 2546 2795 Περὶ
2572 2715 2667 2783 τῆς
2700 2715 2754 2772 ἐν
2783 2723 2990 2794 Χριστῷ
3031 2716 3250 2781 κτίσεως
3307 2719 3396 2774 καὶ
3437 2719 3754 2788 ἆνακτίσεως
3797 2728 3918 2790 τῆς

855 2812 1016 2874 tione
1039 2827 1152 2890 per
1180 2810 1669 2888 conjunctionem
1699 2810 1840 2872 Dei.

2290 2882 2300 2890 _
2327 2805 2464 2860 κατὰ
2493 2805 2772 2885 συνάφειαν
2815 2812 2966 2867 Θεοῦ.
3005 2828 3032 2860 ι

519 2901 578 2962 4.
615 2899 705 2962 De
731 2902 1002 2981 gentium
1031 2882 1416 2975 adductione,
1450 2899 1778 2981 quatfacta
1821 2907 1909 2964 est
1938 2901 2003 2962 in
2030 2917 2156 2963 cor-

2251 2882 2320 2956 δ’,
2361 2916 2388 2948 ι
2423 2895 2548 2974 Περὶ
2577 2882 2737 2952 ἐθνῶν
2783 2899 3144 2975 προσαγωγῆς
3187 2897 3284 2963 τῆς
3328 2897 3382 2954 ὲν
3438 2899 3644 2975 σώματι
3676 2909 3901 2982 Χριστοῦ

757 3007 905 3071 pore
931 2997 986 3053 et
1011 2995 1296 3070 passione
1328 2989 1559 3052 Christi
1581 3007 1693 3072 per
1720 2989 1923 3072 ﬁdem.

2328 2984 2416 3040 καὶ
2457 2984 2610 3039 πάθει
2653 2981 2737 3039 διὰ
2764 2984 3015 3048 πίστεως,
3057 3006 3084 3038 ιι

521 3080 582 3145 5.
615 3080 700 3142 De
751 3063 1031 3141 doctrina
1073 3080 1267 3159 ipsius
1313 3080 1548 3143 tradito
1581 3063 1998 3160 per'labores,
2060 3095 2156 3141 re-

2248 3063 2318 3134 ε’.
2369 3096 2393 3128 ιι
2431 3075 2554 3151 Περὶ
2584 3077 2684 3139 τῆς
2714 3071 2797 3129 διὰ
2851 3075 2958 3129 τῶν
3015 3075 3192 3131 πόνων
3235 3077 3392 3133 αὐτοῦ
3447 3075 3699 3160 διδαχῆς,
3761 3081 3895 3139 ἀνα-

641 3169 1035 3230 concitiativa
1065 3167 1147 3229 ad
1175 3166 1606 3230 exhibitionem
1645 3184 1854 3229 coram
1888 3166 2040 3229 Deo.

2323 3165 2588 3241 κτητικῆς
2622 3163 2695 3226 εἷς
2724 3161 3053 3241 παράστασιν
3083 3162 3235 3224 Θεοῦ.
3270 3182 3301 3224 )

519 3255 580 3320 6.
609 3255 782 3331 Quod
797 3273 919 3317 non
934 3261 1202 3335 oporteat
1225 3273 1323 3318 eos
1342 3257 1448 3334 qui
1468 3255 1832 3337 sapientiam
1860 3255 2084 3318 habent
2103 3257 2156 3317 in

2247 3239 2351 3342 C'.
2432 3272 2455 3307 ι
2514 3252 2653 3342 ,Περὶ
2722 3239 2815 3342 τοῦ
2882 3251 2961 3342 μὴ
3035 3251 3324 3331 ὑπάγεσθαι
3383 3255 3680 3337 ἀνθρωπίνῃ
3739 3261 3895 3342 σοφίᾳ

617 3344 886 3418 Christo,
912 3344 1180 3407 humana
1212 3344 1491 3406 incedere
1510 3343 1724 3422 fallaci
1747 3348 2071 3424 sapientia.

2329 3337 2604 3416 ἀπατηλῇ,
2677 3339 2796 3405 τοὺς
2879 3339 2932 3396 ἐν
3003 3347 3211 3420 Χριστῷ
3283 3344 3382 3411 τὴν
3462 3348 3647 3426 σοφίαν
3727 3337 3896 3430 ἕχόν-

2330 3450 2450 3493 τας.
2502 3452 2530 3484 ι

518 3526 582 3589 7.
618 3523 790 3599 Quod
818 3523 1168 3600 coniunctio
1197 3522 1277 3584 ad
1307 3521 1527 3604 Deum,
1560 3521 1975 3603 spiritualiter
2016 3542 2156 3604 quo-

2251 3511 2321 3592 ζ’.
2383 3544 2411 3575 α
2479 3506 2584 3579 τδτι
2641 3523 2675 3589 ἡ
2731 3522 2861 3602 πρὸς
2908 3524 3038 3579 Θεὸν
3081 3523 3330 3604 συνάφεια
3399 3528 3487 3583 καὶ
3541 3528 3605 3590 τὰ
3657 3535 3749 3586 τοῦ
3805 3531 3899 3587 vd-

605 3630 718 3694 que
738 3630 807 3674 ea
836 3629 970 3692 quae
992 3614 1146 3691 legis
1164 3617 1309 3673 sunt
1337 3613 1602 3676 cont-inet
1626 3612 1707 3674 ad
1729 3614 2156 3677 connivendum

2332 3633 2434 3686 μου
2568 3610 2809 3690 περιέχει
2915 3619 3281 3688 πνευματικῶς
3383 3617 3455 3678 εἰς
3564 3618 3626 3674 τὸ
3736 3625 3896 3696 aut-[1v

606 3701 872 3764 Christo.

2303 3779 2312 3782 Α
2337 3707 2564 3782 Χριστῷ.
2616 3723 2645 3756 ι

523 3791 582 3856 8.
620 3791 786 3866 Quod
822 3789 970 3872 legis
1003 3790 1277 3852 carnalis
1319 3792 1448 3871 typi
1478 3791 1840 3853 carnalibus
1878 3791 1945 3852 in
1980 3794 2156 3872 pretii

2251 3779 2332 3858 η’.
2395 3813 2419 3850 ε
2500 3799 2593 3848 Οτι
2640 3793 2687 3846 οἱ
2743 3797 2835 3846 τοῦ
2872 3798 3122 3869 σαρκικοῠ
3171 3793 3337 3868 νόμου
3388 3796 3562 3868 τύποι,
3625 3811 3900 3877 σαρκικοῖς

602 3881 1046 3960 habentur,nan
1066 3879 1488 3958 spiritualibus
1509 3881 1615 3961 qui
1634 3881 1923 3942 virtutem
1941 3881 2156 3945 Christ:

2332 3880 2612 3959 χρήσιμοι,
2705 3881 2765 3938 οὗ
2857 3896 3237 3955 πνευματικοῖς
3338 3896 3457 3948 τοῖς

600 3971 840 4032 vivunt.

2333 3975 2558 4048 Χριστοῦ
2597 3966 2774 4034 ξῶσιν.
2815 3993 2839 4028 ι

520 4059 582 4121 9.
616 4058 981 4122 Exhortatio
1012 4057 1092 4119 ad
1118 4063 1574 4139 purgationem,
1608 4060 2156 4137 sancti/Rationem,

2252 4049 2320 4118 ϐ’,
2408 4082 2435 4112 α
2518 4059 2826 4139 Παραίνεσις
2919 4061 3240 4139 καθάρσεως,

3549 3883 3603 3941 ἐν
3684 3883 3898 3962 δυνάμει

3333 4064 3618 4142 ἀγιασμοῦ,
3706 4064 3862 4145 φιλαν
3872 4097 3902 4112 ο

607 4149 1053 4227 benignitatem,
1087 4153 1396 4227 pietatem,
1422 4148 1695 4210 discendi
1724 4166 2008 4218 amorem,
2032 4167 2156 4212 can-

2330 4147 2585 4229 θρωπίας,
2700 4147 3094 4229 φιλοθεότητος,
3221 4150 3584 4232 φιλομαθείας,
3711 4154 3902 4231 ψαλμ-

603 4245 731 4298 tum
763 4237 1174 4306 Psalmorum,
1209 4235 1580 4298 laudabilem
1609 4238 1943 4300 secundum
1979 4238 2156 4302 Deum

2335 4236 2511 4318 ῳδίας,
2617 4239 2852 4318 εὐφήμου
2962 4241 3033 4304 εἰς
3130 4240 3260 4295 Θεὸν
3346 4239 3642 4321 διαγωγῆς,
3730 4243 3902 4324 εὔχα-

601 4325 1147 4396 conversationem,
1182 4331 1241 4384 et
1269 4327 1616 4402 gratiarum
1645 4327 1968 4392 actionem.

2335 4329 2556 4408 ριστίας.
2597 4349 2621 4384 ι

525 4415 622 4478 10.
665 4415 806 4491 Quae
829 4412 910 4476 ad
930 4413 1317 4476 concordiam
1339 4431 1488 4494 erga
1504 4415 1850 4493 familiares
1869 4425 2156 4497 spectant.

2258 4408 2318 4482 ι’,
2356 4442 2384 4473 ι
2431 4416 2507 4475 Τὰ
2549 4417 2680 4498 πρὸς
2723 4418 2844 4483 τοὺς
2887 4419 3108 4482 οἰκείους
3140 4421 3530 4493 ὁμονοητικῶς.
3569 4440 3596 4481 ι

604 4572 683 4634 ¹Ι
725 4572 881 4635 Tim.
913 4589 978 4648 ιι,
1011 4572 1071 4636 5.
1158 4573 1190 4624 9
1216 4574 1395 4638 Rom.
1427 4590 1487 4649 ν,
1528 4576 1621 4638 14.
1706 4576 1740 4626 5
1764 4579 1934 4637 Joan.
1969 4595 2029 4652 χ,
2061 4579 2120 4640 9.

2238 4603 2243 4628 ι
2269 4579 2475 4641 Matth.
2506 4594 2590 4654 xl,
2621 4578 2723 4639 Ἦ.
