4188 6506
234 412 304 473 Π

1304 414 1701 483 COMMENT.
1751 421 1832 482 IN
1878 419 2120 482 EPIST.
2172 421 2270 482 AD
2312 419 2608 483 COLOSS.

3576 418 3645 482 i8

234 546 322 600 καὶ
372 542 628 622 δόγμασι.
681 555 851 606 Τοῦτο
895 549 997 628 γὰρ
1053 551 1113 606 τὸ
1169 546 1261 605 Ἐν
1302 550 1459 604 παντὶ
1502 547 1640 627 ᾢγῳ
1696 549 1899 628 ἀγαθῷ.

1992 549 2510 633 ἂρέσκειαν,ῐιθῐηρθ
2543 559 2602 614 et
2625 569 2810 632 opere
2834 559 2893 613 et
2923 566 3200 612 sermone
3230 567 3302 612 ac
3323 549 3640 630 dogmatis:

239 658 268 687 ι
349 641 823 714 Καρποοηροροῦντες
911 639 1003 694 καὶ
1085 637 1448 712 αὒξανόμενοι.
1519 661 1543 692 ιι
1619 638 1728 705 Τὴν
1807 637 1903 714 μὲν

233 724 437 794 πίστιν,
500 727 688 802 φησὶν,
747 725 1050 807 ἐσχήκατε.
1125 735 1221 782 Δεῖ
1275 725 1329 782 δὲ
1402 729 1490 784 καὶ
1558 728 1761 807 καρπὸν
1819 729 1905 784 καὶ

236 811 460 880 αὔξησιν
528 815 628 880 τὴν
701 815 878 872 πίστιν
937 817 1248 888 ποιήσαθαι,
1307 819 1404 883 τὴν
1485 814 1568 872 διὰ
1649 822 1906 896 χρηστῶν

237 901 413 980 ἔργων
444 903 611 975 ζωὴν,
661 905 752 960 καὶ
802 907 902 972 τὴν
943 903 1127 972 ἐντελῆ
1182 911 1289 962 τῶν
1331 902 1610 982 δογμάτων
1669 906 1903 984 ἐπίγνω-

236 1014 348 1051 σιν.
411 1000 580 1050 τοῦτο
623 991 678 1048 δξ
735 993 1162 1073 παραδηλοῦντος
1217 993 1352 1067 ἐστι,
1415 993 1495 1050 ὅτι
1551 995 1902 1074 προσαγωγέα

233 1083 332 1137 ττιν
391 1084 510 1138 Γίὸν
572 1084 771 1157 νομίζει
822 1085 910 1139 καὶ
963 1085 1181 1158 μεσίτην
1231 1085 1317 1140 καὶ
1386 1081 1708 1151 διαλλακτὴν
1771 1087 1900 1164 πρὸς

233 1172 331 1226 τον
411 1170 641 1249 Πατέρα,
717 1173 796 1245 τῷ
849 1173 1023 1244 οἰκείῳ
1100 1170 1290 1245 α”ματι
1375 1173 1474 1238 τὴν
1557 1169 1900 1264 ⁴ισιατσιλλαγήν

238 1260 630 1338 ἐργασάμενον.
697 1280 726 1318 (
798 1259 890 1317 Ἐν
947 1261 1092 1336 πάσῃ
1155 1257 1393 1336 δυνάμει.
1467 1283 1489 1316 υ
1565 1257 1690 1340 ἶνα,
1747 1262 1898 1340 φησὶ,

237 1349 374 1427 πρὸς
436 1350 559 1412 τοὺς
622 1350 948 1424 πειρασμοὺς
999 1350 1087 1405 καὶ
1139 1349 1261 1412 τοὺς
1316 1350 1445 1427 ὑπὲρ
1499 1349 1724 1413 πίστεως
1780 1371 1900 1404 κιν-

234 1436 421 1500 δύνους
454 1437 728 1518 ἆντέχητε
759 1436 912 1503 ἀξίως
943 1445 1034 1495 τοῦ
1088 1439 1309 1516 κράτους
1370 1443 1468 1506 τῆς
1527 1436 1679 1505 δόξης
1723 1438 1903 1496 αὐτοῦ.

243 1550 268 1578 ο
338 1529 426 1592 Εἷς
469 1533 644 1583 πᾶσιν
687 1529 985 1602 ὑπομονήν.
1038 1551 1062 1582 ιι
1128 1521 1433 1603 ιΐϊςοιιιρψὲειν
1489 1528 1586 1603 μὲν
1630 1529 1759 1606 πρὸς
1788 1521 1907 1590 τοῦς

239 1615 432 1679 ἔξωθεν
514 1615 900 1695 πολεμοῦντας,
973 1627 1058 1681 οῦς
1129 1614 1245 1674 οῦδὲ
1322 1617 1614 1692 ἀμύνασθαι
1686 1614 1858 1694 ῥᾴδιον
1893 1633 1905 1646 ’

1988 637 2064 699 ob
2088 639 2200 702 hoc
2234 641 2393 702 enim
2425 639 2663 702 additur
2697 639 2802 702 :In
2832 638 2996 702 omni
3025 656 3206 720 opere
3236 637 3456 700 bono.«
3479 637 3638 701 Fru-

1989 727 2319 792 ctiﬁcantes
2350 738 2406 792 et
2440 739 2804 793 crescentes.
2833 754 2860 784 ι
2884 727 3094 791 Fidem
3114 725 3353 808 quidem
3383 725 3642 810 habetis,

1986 817 2216 902 inquit:
2251 839 2460 882 verum
2495 827 2727 902 oportet
2757 827 2819 881 ut
2837 818 2986 880 fides
3015 825 3074 879 et
3091 817 3346 878 fructum
3379 817 3556 880 faciat
3583 825 3643 880 et

1986 907 2426 974 incrementum
2479 928 2736 991 :nempe
2765 908 2945 970 vitam
2979 925 3087 988 per
3135 905 3292 968 bona
3333 925 3538 987 opera,
3585 913 3644 969 et

1987 997 2316 1060 absolutam
2349 999 2692 1077 dogmatum
2715 995 3272 1077 cognitionem.Hoc
3295 1004 3490 1057 autem
3521 1015 3643 1058 ma-

1987 1087 2321 1150 nifestautis
2337 1096 2425 1149 est
2446 1088 2602 1168 quod
2623 1095 3000 1168 sequestrum
3025 1085 3153 1146 sive
3192 1084 3637 1146 conciliatorem

1987 1176 2165 1239 ducat
2191 1175 2406 1238 Filium
2439 1184 2498 1238 et
2543 1176 2930 1238 mediatorem
2961 1193 3030 1236 ac
3060 1172 3475 1254 arbitrum,qui
3496 1192 3636 1254 pro-

1988 1264 2116 1346 prio
2165 1265 2453 1342 sanguine
2502 1263 3052 1327 reconciliationem
3106 1261 3378 1344 perfecit.
3415 1285 3434 1316 α
3464 1261 3640 1324 Omni

1988 1353 2266 1415 robore.»
2297 1352 2388 1434 Ut,
2424 1354 2877 1436 dicit,adversus
2902 1351 3254 1414 affectiones
3284 1369 3353 1412 ac
3374 1351 3642 1431 pericula

1991 1441 2131 1504 ﬁdei
2155 1461 2336 1504 causa
2355 1443 2595 1504 inducta
2615 1441 2902 1505 resistatis
2917 1443 3083 1520 juxta
3095 1440 3415 1522 potentiam
3436 1441 3642 1519 gloriae

1991 1529 2177 1595 illius.
2214 1555 2236 1587 ι
2292 1532 2381 1594 Ad
2435 1551 2671 1594 omnem
2727 1529 3122 1592 tolerantiam.
3165 1554 3192 1585 ι
3238 1527 3638 1591 Tolerantiam

1991 1620 2232 1700 quidem
2263 1621 2334 1681 ad
2367 1628 2735 1700 oppugantes
2776 1617 3040 1680 exterius
3091 1635 3240 1698 quos
3291 1635 3403 1679 nec
3435 1618 3642 1681 ulcisci

239 1707 609 1784 μακροθδμίαν
663 1704 717 1761 δὲ
789 1707 920 1784 πρὸς
978 1707 1099 1769 τοὺς
1157 1705 1207 1772 ἐξ
1275 1708 1422 1781 ὑμῶν
1472 1707 1642 1763 αὐτῶν
1684 1703 1902 1762 ἐπιϐου-

1992 1708 2160 1770 facile
2190 1715 2281 1770 est
2312 1726 2325 1771 :
2363 1709 2706 1790 patientiam
2740 1727 2877 1770 vero
2912 1727 3051 1787 erga
3089 1725 3191 1769 eos
3240 1706 3340 1787 qui
3372 1725 3443 1768 ex
3473 1707 3642 1771 vobis

235 1794 518 1874 λεύοντας,
551 1796 638 1858 οὒς
668 1797 754 1850 καὶ
797 1795 1084 1870 ἀμύνασθαι
1115 1793 1354 1852 δυνατόν.
1405 1815 1433 1853 ‹
1467 1795 1610 1852 Μετὰ
1639 1802 1832 1876 χαρᾶς.
1870 1819 1894 1853 ι

1992 1797 2129 1879 ipsis
2156 1799 2409 1860 tendunt
2440 1798 2710 1880 insidias,
2742 1817 2888 1879 quos
2921 1797 3098 1858 etiam
3129 1795 3338 1858 ulcisci
3363 1795 3638 1876 possetis.

239 1887 334 1950 Μὴ
378 1885 516 1957 μετὰ
559 1883 797 1961 ἀνάγκης
827 1885 965 1940 κατὰ
992 1882 1176 1965 φόϐον,
1209 1883 1346 1940 ἆλλᾶ
1377 1885 1510 1940 μετὰ
1530 1891 1700 1965 χαρᾶς
1726 1888 1896 1965 εὔχα-

1992 1908 2012 1948 ι
2049 1887 2193 1950 Cum
2225 1887 2465 1968 gaudio.
2500 1914 2526 1944 ιι
2560 1886 2692 1950 Non
2721 1907 2854 1950 cum
2884 1886 3232 1948 necessitate
3283 1902 3354 1947 ex
3400 1883 3639 1967 timore,

236 1980 544 2049 ριστοῦντες
576 1980 650 2046 τῷ
680 1980 817 2047 Θεῷ,
857 1974 1092 2030 Δεῖκνυσι
1141 1973 1195 2030 δὲ
1251 1971 1335 2030 διὰ
1363 1976 1583 2044 τούτων,
1621 1975 1897 2053 μεγίστους

1992 1977 2089 2038 sed
2137 1997 2271 2039 cum
2331 1977 2544 2055 gaudio
2597 1978 2814 2057 gratias
2862 1985 3104 2057 agentes
3147 1975 3296 2038 Deo.
3355 1975 3467 2035 Per
3508 1977 3636 2039 haec

235 2062 572 2138 πειρασμοῦς
615 2061 900 2136 ὑπομένειν
946 2063 1152 2128 αὒτούς.

335 2263 359 2294 ι
412 2243 859 2321 Εὖχαριστοῦντες
888 2248 966 2316 τῷ
997 2245 1155 2322 Πατρὶ
1195 2250 1273 2317 τῷ
1314 2243 1630 2300 ἱκανώσαντι
1658 2245 1800 2320 ἡμᾶς
1831 2247 1902 2308 εἱς

239 2333 347 2397 τὴν
377 2327 561 2408 μερίδα
604 2337 695 2386 τοῦ
723 2328 923 2408 κλήρου
953 2332 1057 2388 τῶν
1088 2333 1248 2410 ἁγίων
1279 2331 1333 2388 ἐν
1363 2339 1438 2406 τῷ
1469 2333 1622 2413 φωτὶ,
1665 2333 1722 2396 ὃς
1754 2331 1905 2411 ἐῤῥυ-

245 2442 381 2476 σιτο
435 2421 582 2493 ἡμᾶς
638 2417 697 2474 ὲκ
751 2423 848 2484 τῆς
906 2417 1137 2484 ἐξουσίας
1177 2427 1271 2477 τοῦ
1312 2422 1558 2502 σκότους,
1612 2423 1700 2477 καὶ
1757 2420 1908 2497 μετέ·

246 2531 449 2575 στησεν
523 2510 597 2572 εἰς
668 2508 765 2574 τὴν
834 2507 1106 2584 βασιλείαν
1174 2517 1264 2566 τοῦ
1331 2513 1452 2566 Υἱοῦ
1522 2517 1619 2578 τῆς
1692 2511 1908 2589 ἀγάπης

250 2601 416 2656 αὺτοῦ
427 2647 440 2661 ,
490 2619 520 2652 ι

339 2674 475 2765 αΟτι,
534 2693 687 2773 φησὶ,
743 2691 1068 2762 κατηξίωσεν
1125 2694 1291 2768 ἡμᾶς,
1354 2691 1438 2751 διὰ
1507 2694 1613 2751 τῶν
1685 2693 1904 2771 ὁμοίων,

244 2782 590 2856 παθημάτων
637 2789 732 2838 τσῦ
782 2781 986 2861 κλήρου
1029 2785 1116 2840 καὶ
1156 2789 1256 2851 τῆς
1318 2782 1523 2864 μερίδος
1567 2789 1673 2841 τῶν
1718 2784 1904 2862 ἁγίων,

235 2875 333 2928 καὶ
392 2872 686 2952 ἐχαρίσατο
727 2874 938 2936 ἱκανοὺς
995 2875 1138 2948 ἡμᾶς
1169 2874 1404 2952 γενέσθαι
1449 2871 1532 2938 εἵς
1591 2895 1650 2930 τε
1692 2875 1753 2930 τὸ
1795 2874 1906 2930 πά-

237 2983 425 3041 σχειν,
460 2960 544 3023 εἷς
576 2981 633 3016 τε
677 2962 768 3018 τὸν
799 2961 1012 3018 ἐκείνων
1053 2961 1276 3041 κλῆρον,
1338 2960 1527 3026 Καλῶς
1571 2959 1626 3018 δὲ
1683 2960 1904 3043 κλῆρον,

234 3052 400 3107 οἷονεί
429 3047 790 3127 κληρονομίαν
847 3052 964 3106 τινὰ
1020 3051 1110 3108 καὶ
1151 3049 1372 3132 δωρεάν.
1440 3074 1468 3106 α
1520 3053 1592 3109 Οῦ
1639 3052 1738 3130 γὰρ
1792 3051 1909 3118 ἄξια

1983 2075 2184 2126 autem
2215 2066 2472 2129 ostendit
2498 2066 2658 2148 ipsos
2705 2067 2992 2129 maximas
3039 2065 3312 2146 perferre
3357 2063 3634 2128 afﬂictio-

1987 2173 2095 2216 nes
2110 2203 2120 2214 .

2069 2242 2116 2318 Ι,
2154 2245 2245 2312 12.
2288 2250 2380 2309 13.
2419 2249 2663 2310 Gratias
2715 2253 2958 2325 agentes
3015 2244 3211 2319 Patri,
3246 2249 3357 2325 qui
3396 2247 3643 2310 idoneos

1992 2352 2102 2396 uos
2121 2334 2262 2412 fecit
2293 2335 2374 2397 ad
2405 2343 2643 2414 partem
2687 2337 2866 2397 sortis
2911 2341 3260 2396 sanctorum
3291 2339 3356 2396 in
3388 2333 3640 2410 lumine,

1992 2423 2096 2501 qui
2147 2425 2376 2504 eripuit
2405 2442 2513 2486 nos
2542 2442 2580 2486 a
2608 2430 2901 2504 potestate
2932 2423 3342 2503 tenebrarum,
3376 2429 3434 2486 et
3466 2431 3641 2488 tran-

1991 2512 2166 2574 stulit
2197 2514 2263 2574 in
2283 2531 2538 2594 regnum
2569 2515 2726 2577 Filii
2753 2516 2851 2576 sui
2884 2513 3117 2577 dilecti.

2071 2689 2360 2770 Dignatus
2390 2699 2634 2766 estnos,
2669 2691 2882 2772 inquit,
2921 2708 3026 2771 per
3057 2690 3342 2752 similium
3381 2692 3639 2754 toleran—

1992 2779 2130 2841 tiam
2156 2787 2322 2858 parte
2345 2799 2413 2841 ac
2430 2787 2592 2842 sorte
2615 2789 2956 2842 sanctorum
2983 2799 2997 2840 :
3021 2787 3076 2841 et
3095 2780 3356 2859 gratuito
3375 2780 3640 2859 donavit,

1991 2877 2054 2931 ut
2076 2869 2277 2931 idonei
2303 2869 2682 2932 efﬁceremur
2696 2877 2754 2932 et
2775 2869 3039 2951 patiendi
3062 2878 3119 2931 et
3141 2869 3496 2951 assequendi
3519 2889 3642 2932 sor-

1993 2966 2112 3020 tem
2145 2959 2410 3024 illorum.
2444 2958 2517 3021 Et
2547 2967 2713 3022 recte
2736 2965 2958 3024 sortem
2981 2959 3149 3041 dicit,
3183 2959 3362 3022 veluti
3393 2961 3644 3022 haeredi-

1992 3057 2171 3112 tatem
2191 3049 2508 3130 quamdam
2537 3067 2606 3111 ac
2628 3049 2881 3111 donum.
2898 3051 3140 3130 «Neque
3153 3048 3312 3110 enim
3335 3049 3645 3130 condigna:

238 3142 305 3196 τα
353 3143 652 3214 παθτματα
707 3145 799 3196 τοῦ
870 3149 956 3198 νῦν
1012 3148 1193 3219 καιροῦ
1262 3143 1395 3220 πρὸς
1452 3141 1552 3210 τὴν
1610 3139 1904 3216 μέλλουσαν

1992 3137 2477 3202 suntaﬂ‘ectiones
2501 3138 2680 3218 hujus
2706 3139 2997 3219 temporis
3018 3139 3091 3201 ad
3113 3138 3368 3200 futuram
3383 3139 3635 3218 gloriam

235 3228 716 3286 ἀποκαλύπτεσθαι
772 3227 945 3294 δόξαν.
1025 3251 1054 3284 ε
1124 3232 1212 3295 Εἷς
1271 3231 1371 3298 τὴν
1442 3228 1645 3308 μερίδα.
1709 3253 1737 3286 ιι
1799 3230 1909 3298 Τὴν

237 3321 436 3388 αὐτήν,
499 3317 653 3396 φησὶ,
713 3315 894 3395 μερίδα
963 3324 1069 3374 τῶν
1139 3321 1326 3399 ἁγίων,
1414 3320 1506 3376 τὸν
1563 3321 1719 3376 αῦτὸν
1772 3320 1908 3394 ἡμῖν

237 3409 412 3466 ἔδωκε
441 3408 669 3487 κλῆρον.
709 3406 859 3501 «ξεν
890 3416 968 3485 τῷ
997 3413 1151 3490 φωτί.
1205 3434 1228 3469 ι
1265 3410 1564 3501 Τωτὲστιν,
1597 3409 1651 3468 ὲν
1680 3416 1748 3488 τῇ
1775 3409 1909 3488 γνώ·

236 3521 325 3556 σει
360 3506 456 3556 τοῦ
489 3505 645 3558 Θεοῦ.
689 3520 712 3554 ι
748 3491 841 3562 "Oc
891 3497 1136 3576 ἐρρύσατο
1178 3502 1346 3577 ἡμᾶς.
1399 3524 1424 3552 ιι
1484 3491 1613 3557 ’Υπὸ
1654 3501 1754 3579 γὰρ
1808 3500 1911 3567 τὴν

1993 3247 2125 3308 quae
2151 3227 2513 3290 revelabitur
2529 3229 2582 3291 5.
2613 3253 2636 3283 ι»
2663 3263 2744 3274 -
2770 3253 2797 3284 ‹‹
2821 3226 2912 3289 Ad
2943 3235 3171 3310 partem
3200 3248 3230 3289 »
3264 3236 3300 3286 ι
3319 3235 3426 3288 20
3453 3228 3641 3291 Eam-

1991 3317 2127 3378 dem
2171 3316 2318 3379 dicit
2358 3324 2586 3398 partem
2635 3325 2999 3393 sanctorum,
3035 3319 3226 3398 ipsam
3272 3334 3450 3399 quam
3477 3317 3644 3380 dedit

1991 3405 2163 3468 nobis
2188 3414 2432 3467 sortem.
2472 3429 2501 3462 α
2534 3403 2600 3467 In
2631 3405 2882 3469 lumine.
2907 3429 2930 3465 ι)
2957 3405 3083 3468 Hoc
3113 3412 3226 3487 est,
3258 3405 3321 3468 in
3340 3405 3642 3486 agnitione

1991 3494 2281 3568 Dei-Qui
2311 3494 2528 3576 eripuit
2558 3514 2726 3558 nos.»
2760 3495 2909 3558 Nam
2939 3494 3048 3559 sub
3080 3495 3303 3558 diaboli
3332 3495 3647 3577 tyrannide

1989 3603 2253 3658 eramus,
2279 3603 2312 3646 a
2336 3604 2452 3666 qua
2474 3593 2766 3648 extractos
2786 3585 2860 3648 ad
2883 3603 3133 3665 regnum
3159 3584 3365 3647 dilecti
3387 3583 3524 3648 Filii
3548 3586 3642 3648 sui

1991 3692 2100 3736 nos
2129 3672 2315 3736 duxit.
2349 3676 2476 3738 Hoc
2507 3682 2620 3750 est,
2654 3674 2815 3756 quod
2847 3673 2930 3736 ait
2957 3673 3094 3736 Filii
3141 3673 3482 3736 dilectionis
3513 3673 3637 3738 sive

1989 3762 2192 3826 dilecti
2214 3763 2370 3828 Filii.
2395 3762 2496 3825 Est
2524 3767 2721 3827 auiem
2756 3782 2969 3844 magna
2995 3763 3082 3824 vis
3103 3773 3164 3826 et
3194 3762 3548 3826 excellentia
3575 3764 3638 3825 in

1990 3870 2223 3933 quaque
2256 3851 2565 3915 dictione:
2603 3859 2744 3932 puta
2785 3851 2945 3934 quod
2999 3853 3060 3914 bi
3111 3851 3216 3933 qui
3258 3852 3320 3912 in
3371 3851 3638 3914 tenebris

1989 3952 2158 4005 erant
2184 3950 2240 4004 et
2270 3941 2379 4004 sub
2420 3942 2640 4006 diaboli
2666 3949 2955 4024 potestate
2985 3941 3220 4004 liberati
3248 3940 3368 4002 sint
3402 3959 3416 4004 :
3453 3941 3637 4004 necid

1989 4033 2204 4114 solum,
2226 4051 2431 4095 verum
2455 4032 2630 4094 etiam
2656 4033 2728 4095 ad
2749 4052 3000 4113 regnum
3018 4032 3154 4095 Filii
3177 4031 3636 4114 ipsiustransie-

1991 4121 2589 4186 rint.Periobrastice
2605 4129 2800 4184 autem
2831 4121 2979 4184 dicit
3001 4129 3093 4179 τοῦ
3136 4126 3256 4179 rios
3283 4122 3380 4190 τῆς
3425 4122 3640 4202 ἀγάπης

1991 4216 2148 4271 αὺτοῦ
2200 4210 2331 4274 Filii
2387 4210 2729 4274 dilectionis
2787 4211 2900 4286 sui,
2963 4211 3025 4273 id
3084 4219 3195 4286 est,
3248 4209 3454 4275 dilecti
3502 4209 3639 4274 Filii

1991 4309 2109 4364 sut.

231 3585 523 3668 τυραννίδα
577 3587 715 3661 ἦμεν
781 3594 872 3644 τοῦ
941 3586 1207 3664 διαϐόλου,
1277 3589 1361 3669 ἐφ’
1416 3592 1483 3656 ἧς
1542 3588 1765 3654 ἑλκύσας
1833 3590 1906 3653 εἷς

225 3680 340 3745 τὴν
415 3675 692 3755 βασιλείαν
749 3684 840 3732 τοῦ
927 3677 1204 3756 ἀγαπητοῦ
1280 3683 1404 3738 Υἱοῦ
1482 3679 1639 3737 αὒτοῦ
1705 3677 1906 3757 ἤγαγεν

223 3771 414 3843 ἡμᾶς.
479 3776 648 3826 Τοῦτο
716 3765 885 3848 λέγει,
947 3778 1040 3828 τοῦ
1097 3772 1216 3825 Υίοῦ
1270 3774 1371 3836 τῆς
1442 3769 1683 3848 ἀγάπης,
1740 3767 1907 3846 ἤγουν

222 3865 331 3915 τοῦ
379 3857 668 3934 ἀγαπητοῦ
725 3859 866 3916 Υἱοῦ.
946 3855 1128 3918 Πολλῆ
1186 3856 1240 3914 δὲ
1299 3857 1355 3914 ἐν
1423 3857 1621 3934 ἑκάστῃ
1679 3855 1813 3923 λέξει
1868 3858 1904 3925 ἦ

223 3943 538 4025 ὑπερϐολή.
587 3947 660 4002 Τὸ
712 3946 785 4009 ὡς
830 3942 884 3999 ἒν
937 3946 1113 4002 σκότει
1157 3944 1312 4010 ὄντας
1368 3948 1456 4003 καὶ
1521 3947 1622 4002 ὑπὸ
1669 3945 1766 4013 τὴν
1812 3952 1906 4002 τοῦ

227 4033 493 4092 διαϐόλου
549 4031 783 4099 ἐξουσίαν
865 4035 1135 4112 ῥυσθῆναι,
1215 4038 1304 4093 καὶ
1359 4039 1420 4094 οῦ
1492 4057 1646 4092 τουτο
1715 4034 1899 4110 μόνον,

224 4123 384 4180 ἀλλὰ
427 4124 519 4178 καὶ
575 4125 650 4186 εἷς
701 4125 802 4190 τὴν
843 4133 936 4183 τοῦ
990 4123 1112 4180 Υίοῦ
1154 4125 1312 4184 αὑτοῦ
1366 4129 1692 4200 μεταστῆναι
1742 4125 1902 4200 βασι-

215 4212 411 4274 λείαν.
453 4231 485 4271 (
516 4219 622 4271 τοῦ
667 4216 788 4270 Γίοῦ
828 4214 928 4279 τῆς
957 4211 1175 4291 ἀγάπης
1205 4213 1384 4272 αὐτοῦ.
1426 4237 1450 4269 ι
1496 4222 1599 4272 Τοῦ
1627 4213 1906 4291 ἀγαπητοῦ

219 4307 362 4362 Γίσῦ
394 4307 821 4382 περιφραστικῶς
832 4346 849 4363 .

894 4395 1147 4478 suam:
1188 4386 1268 4457 I".
2616 4394 2863 4460 CAPUT
2913 4394 3020 4459 Ill.

221 4518 250 4547 ε
294 4493 436 4571 Περὶ
464 4495 562 4557 τῆς
594 4489 649 4545 ἐν
682 4496 891 4567 Χριστῷ
910 4491 1138 4572 κτίσεως
1169 4491 1258 4548 καὶ
1289 4491 1612 4555 ἆνακτίσεως
1640 4493 1738 4560 τῆς
1767 4492 1903 4548 κατὰ

1992 4489 2073 4554 De
2100 4493 2405 4555 creatione
2441 4509 2556 4572 per
2593 4490 2900 4554 Christum
2931 4498 2988 4554 et
3018 4489 3509 4554 reconciliatione
3538 4506 3643 4569 per

795 4571 1074 4652 συνάφειαν
1119 4579 1272 4636 Θεοῦ.
1327 4594 1350 4629 ι

2444 4571 2456 4572 ί
2489 4574 2973 4653 conjunctionem
3011 4573 3151 4635 Dei.

313 4691 348 4721 ι
389 4666 482 4724 Ἐν
537 4669 583 4740 ᾧ
654 4663 856 4746 ἔχομεν
913 4667 1011 4721 τὰν
1070 4664 1450 4746 ἀπαλύτρωσνν
1493 4663 1578 4722 διὰ
1603 4671 1696 4748 τοῦ
1725 4665 1901 4741 αἵμα-

2066 4664 2112 4740 Ι,
2149 4667 2362 4731 14-16.
2391 4666 2511 4729 Per
2534 4684 2711 4748 quem
2733 4667 3024 4730 habemus
3037 4666 3515 4746 redemptionem
3531 4681 3643 4745 per

215 4779 317 4820 τος
387 4755 572 4825 αὖτοῦ,
648 4757 742 4822 τὴν
812 4753 993 4833 ἄφεσιν
1059 4760 1165 4812 τῶν
1237 4757 1529 4835 ἁμαρτιῶν.
1609 4738 1692 4820 (ὃς
1763 4754 1901 4812 ἐστιν

1992 4738 2337 4834 sanguinem
2387 4738 2582 4837 ipsius
2624 4757 3043 4819 remissionem
3081 4738 3492 4836 peccatorum,
3531 4738 3645 4834 qui

217 4848 397 4903 εἰκὼν
464 4852 585 4928 τοῦ..
621 4851 754 4901 Θεοῦ
825 4852 918 4902 τοῦ
989 4843 1238 4923 ἀοράτου,
1309 4845 1650 4924 πρωτότοκος
1723 4845 1900 4912 πάσης

1992 4854 2070 4908 est
2130 4849 2326 4924 imago
2381 4846 2499 4908 Dei
2533 4847 2893 4928 invisibilis,
2949 4845 3400 4926 primogenitus
3442 4848 3640 4906 omnis

212 4939 488 4999 κτίσεως.
558 4917 668 4992 νδτι
723 4934 778 4990 ἐν
843 4937 985 5010 αῦτῷ
1053 4935 1265 5002 ἐκτίσθη
1347 4936 1412 4991 τὰ
1467 4935 1662 5014 πάντα,
1722 4935 1788 4992 τὰ
1846 4935 1901 4991 ἐν

1992 4917 2302 5010 creatura},
2343 4935 2500 5016 quod
2523 4953 2640 5016 per
2673 4935 2855 4997 illum
2879 4917 3105 4998 'creata
3153 4917 3281 4994 sint
3335 4934 3640 4996 universa

227 5039 353 5088 τοῖς
418 5029 669 5102 οῦρανοῖς
713 5026 801 5080 καὶ
857 5025 921 5082 τὰ
978 5023 1063 5081 ἰπὶ
1117 5029 1217 5091 τῆς
1276 5028 1403 5104 γῆς,
1460 5025 1526 5080 τὰ
1597 5025 1759 5105 ὁρατᾶ
1813 5027 1902 5082 καὶ

1992 5043 2119 5106 qua:
2151 5027 2213 5087 in
2239 5024 2402 5088 caelis
2435 5032 2575 5089 sunt
2637 5031 2698 5087 et
2733 5041 2864 5103 quat
2911 5029 2980 5086 in
3029 5030 3222 5096 terra,
3274 5021 3546 5086 visibilia
3574 5029 3632 5087 ct

222 5116 293 5170 τα
388 5116 617 5192 ἀόρατα,
705 5113 818 5170 εἴτε
911 5114 1110 5194 θρόνοι,
1197 5111 1311 5170 εἴτε
1381 5113 1714 5192 κυριότητες,
1789 5113 1901 5170 εἴτε

1992 5113 2343 5190 invisibilia,
2403 5119 2534 5177 sive
2588 5112 2793 5177 throni
2837 5113 2967 5176 sive
3020 5111 3483 5185 dominationes,
3516 5116 3642 5174 sive

227 5204 424 5285 ἀρχαὶ,
459 5202 573 5260 εἴτε
608 5203 854 5270 ἐξουσίαι.
901 5205 979 5264 Τὰ
1006 5203 1181 5260 πάντα
1221 5199 1291 5257 δι’
1320 5201 1477 5261 αὑτοῦ
1527 5205 1613 5260 καὶ
1643 5205 1717 5268 εἷς
1746 5203 1902 5261 αὐτὸν

1992 5205 2370 5284 principatus
2395 5205 2524 5266 sive
2548 5208 2895 5285 potestates.
2939 5201 3164 5266 Omnia
3205 5218 3315 5282 per
3360 5199 3542 5264 illum
3590 5209 3646 5265 et

229 5292 472 5351 ἒιτισται
483 5336 502 5353 .

1992 5293 2051 5355 in
2078 5292 2253 5356 illum
2283 5301 2488 5356 creata
2519 5301 2686 5356 sunt.

315 5369 421 5444 ’ἱνα
448 5385 528 5460 μὴ
571 5385 794 5466 νομίσῃς
839 5385 988 5442 εἶναι
1031 5387 1093 5444 τὸ
1149 5389 1254 5444 πᾶν
1297 5396 1390 5446 τοῦ
1445 5385 1675 5465 Πατρὸς,
1707 5406 1892 5442 κοινο-

2056 5386 2144 5450 Ne
2167 5387 2510 5450 universum
2544 5387 2846 5467 negotium
2879 5387 3065 5451 solius
3093 5385 3284 5449 Patris
3316 5404 3448 5448 esse
3465 5384 3635 5448 exis-

232 5488 459 5534 ποιετται
493 5485 585 5550 τὴν
641 5481 836 5564 χάριν.
891 5473 984 5535 Ἐν
1027 5479 1074 5551 ᾧ
1121 5477 1245 5559 γὰρ,
1304 5479 1487 5558 φησὶν.
1561 5477 1690 5551 Ῡῖῷι
1734 5495 1893 5531 τουτ’

1992 5496 2127 5548 nes.
2155 5495 2539 5541 communem
2572 5477 2716 5540 facit
2742 5478 3018 5558 gratiam.
3050 5475 3150 5539 Ait
3183 5476 3347 5539 enim
3375 5495 3388 5539 :
3423 5474 3489 5538 In
3525 5494 3641 5556 quo

240 5565 355 5647 ἐστι,
422 5568 489 5628 δι’
538 5576 602 5633 οὗ
666 5575 799 5630 Υίοῦ
866 5565 1072 5647 ἔχομεν
1131 5567 1224 5636 τὴν
1300 5564 1687 5645 ἀπολύτρωσιν,
1766 5565 1893 5622 ὡσεὶ

1992 5565 2150 5649 Filio,
2171 5566 2231 5630 id
2264 5574 2373 5647 est,
2393 5585 2498 5648 per
2517 5585 2694 5650 quem
2714 5566 2928 5630 Filium
2944 5564 3234 5630 habemus
3262 5564 3636 5646 redemptio-

289 5745 489 5822 ⁸Ιίοιπ.
529 5760 668 5827 πη,
714 5735 830 5803 18-
