4188 6414
560 442 636 503 19

554 671 756 725 autem
780 681 1019 726 causam
1039 664 1344 735 dedit,suo
1377 665 1668 745 sanguine
1696 664 1969 726 efﬁciens
1989 665 2211 727 remis-

556 750 787 814 sionem
822 752 1341 834 peccatorumNisi
1359 753 1520 815 enim
1543 753 1798 816 remissa
1815 753 1990 817 nobis
2008 761 2214 816 eSsent

558 850 1208 925 peccata,nequaquam
1240 842 1299 904 in
1332 861 1584 923 regnum
1618 843 1904 906 caelorum
1938 862 2211 905 essemus

558 931 857 995 translati.
872 957 893 989 ι
911 932 1023 1006 Qui
1050 940 1143 994 est
1165 932 1361 1012 imago
1392 932 1519 995 Dei.
1537 935 1828 1014 uPrOpter
1848 932 2209 994 indifferen-

559 1019 707 1082 tiam
741 1030 798 1083 et
827 1022 1237 1085 cmnimodam
1284 1022 1685 1102 aequalitatem
1734 1041 1806 1085 ac
1854 1021 2208 1084 similitudi-

558 1130 722 1187 nem,
755 1113 1083 1191 imaginem
1112 1120 1282 1175 vocat
1326 1113 1567 1182 Filium.
1622 1123 1899 1196 tanquam
1949 1113 2210 1192 efﬁgiem

560 1202 921 1284 exemplaris
969 1202 1463 1284 pulchritudinis.
1504 1203 1657 1265 Ante
1690 1222 1957 1277 omnem,
1992 1202 2207 1284 inquit,

560 1298 891 1353 creaturam
921 1291 1219 1355 visibilem
1251 1300 1309 1353 et
1331 1291 1719 1364 invisibilem,
1748 1303 2074 1354 cozeternas
2103 1310 2209 1372 ge-

559 1381 745 1444 nitus.
779 1407 797 1437 ι
834 1383 1275 1460 Primogenitus
1305 1380 1499 1444 omnis
1529 1391 1892 1444 creaturae.)
1929 1384 2059 1445 Hoc
2090 1390 2206 1456 est,

559 1478 697 1533 an'e
727 1476 968 1532 omnem
1004 1479 1335 1534 creaturam
1373 1470 1811 1551 primogenitus
1835 1489 1903 1533 ac
1928 1469 2208 1549 unigeni-

561 1569 655 1621 tus
685 1559 1151 1633 natus.Quidam
1183 1558 1257 1621 ab
1282 1559 1641 1640 imaginibus
1700 1570 1730 1618 I
1750 1568 1843 1618 ει
1896 1578 2029 1641 qua:
2056 1558 2214 1621 inter

564 1668 672 1710 nos
701 1657 840 1711 sunt
867 1649 1131 1731 decepti,
1160 1668 1294 1730 quae
1323 1648 1387 1711 in
1419 1648 1634 1711 tabulis
1663 1657 1765 1710 aut
1792 1666 1936 1711 cera
1972 1647 2207 1710 haben-

561 1747 683 1812 tur,
718 1739 1138 1800 existimarunt
1167 1738 1248 1801 ita
1276 1757 1511 1820 quoque
1540 1738 1701 1800 circa
1728 1736 1942 1800 Filium
1970 1737 2103 1800 Dei.

640 1826 1157 1901 Quemadmodum
1217 1827 1378 1889 enim
1434 1826 1576 1908 illae,
1610 1826 1909 1908 inquiunt,
1970 1838 2271 1913 servantB

563 1916 814 1997 quidem
853 1916 1121 1998 speciem
1158 1934 1229 1979 ac
1266 1915 1721 1979 similitudinem
1739 1915 2209 1998 hominis,atnon

561 2014 803 2068 uatuam
836 2024 905 2068 ac
936 2005 1351 2081 substantiam,
1386 2005 1467 2067 ita
1496 2012 1556 2066 et
1592 2004 1778 2068 Filius
1800 2004 2013 2068 Patris.
2045 2004 2212 2067 Aria-

562 2095 698 2157 nica
729 2103 820 2157 est
848 2096 973 2157 llch
1004 2094 1306 2175 impietas.
1343 2094 1461 2156 Sed
1494 2092 1570 2155 iis
1598 2093 1700 2174 qui
1733 2095 1856 2155 haec
1887 2093 2210 2155 dicuntdi-

564 2203 735 2246 vorso
768 2183 1183 2264 objiciendum
1216 2192 1309 2245 est
1340 2182 1498 2264 quod
1530 2192 1739 2244 octavo
1770 2181 2077 2246 Geneseos
2106 2201 2210 2245 ca-

563 2274 685 2355 pite
704 2275 997 2355 scriptum
1012 2281 1132 2336 est:
1154 2272 1341 2336 Adam
1364 2273 1567 2353 genuit
1582 2273 1653 2334 ad
1677 2272 1998 2353 imaginem
2014 2293 2207 2339 suam.

562 2362 744 2426 Multo
778 2363 939 2424 enim
964 2362 1159 2443 aptius
1178 2371 1267 2424 est
1286 2370 1351 2423 ut
1370 2362 1471 2423 illa
1493 2361 1568 2425 de
1587 2361 1845 2441 imagine
1874 2362 2212 2443 suscipian-

565 2464 661 2516 tur
701 2470 1068 2535 qutecunque
1098 2451 1182 2515 ait
1210 2450 1517 2533 Scriptura
1545 2451 1618 2513 de
1639 2450 1792 2513 Filio
1814 2458 1871 2512 et
1898 2450 2072 2515 Patre
2099 2454 2213 2514 ho-

564 2544 791 2607 minum
829 2542 1152 2624 (siquidem
1187 2560 1456 2624 praesens
1485 2541 1662 2605 etiam
1695 2540 1926 2603 axioma
1957 2542 2115 2604 Patri
2145 2562 2214 2604 ac

560 2633 711 2696 Filio
742 2631 852 2695 Dei
895 2631 1217 2711 convenit),
1251 2649 1426 2711 quam
1476 2649 1547 2693 ea
1595 2649 1728 2712 qua:
1786 2630 1863 2691 de
1910 2630 2103 2708 lignea
2145 2650 2213 2693 ac

564 2741 743 2786 cerea
773 2722 1038 2803 imagine
1062 2721 1366 2795 dicuntur,
1403 2737 1534 2801 quae
1564 2719 1803 2801 proprie
1833 2737 1951 2780 non
1984 2720 2212 2800 est,sed

562 2813 893 2895 improprie
924 2810 1143 2873 dicitur
1166 2810 1387 2888 imago.
1429 2835 1454 2865 α
1482 2807 1648 2882 Quod
1683 2826 1791 2889 per
1819 2807 1977 2869 illam
2012 2817 2215 2871 creata

562 2903 681 2966 sint
710 2921 908 2965 omnia
930 2926 973 2963 ,ω
1010 2900 1157 2963 Nam
1190 2898 1394 2961 omnia
1418 2916 1524 2980 per
1548 2897 1744 2979 ipsum
1774 2897 1925 2959 facta
1950 2907 2113 2978 sunt,
2156 2906 2216 2960 et

1676 446 2023 508 (ECUMEN
2033 445 2056 506 Ι
2063 446 2087 506 Ι
2131 445 2428 509 TRICCA'}
2471 444 2807 513 EPISCOPI

558 592 694 636 nem
729 596 742 637 :
775 594 844 637 ac
871 573 1181 637 sidiceret
1209 594 1224 639 :
1253 577 1431 639 Pater
1454 576 1702 658 quidem
1731 574 2001 648 tradidit,
2034 540 2275 638 Filius
2301 576 2481 658 ἔλεγεν
2513 596 2527 610 ·

3856 444 3937 507 20

2596 571 2652 638 Ὀ
2709 583 2806 657 μὲν
2840 583 3021 661 Πατὴρ
3077 584 3356 664 μετέθηκε,
3417 585 3446 641 6
3491 583 3545 640 δὲ
3591 583 3707 646 Υἱὸς
3750 577 3941 637 δέδωκε

2293 667 2393 735 τὴν
2424 669 2613 741 αἰτίαν,
2660 676 2736 745 τῷ
2785 670 2975 747 αἵματι
3031 675 3189 732 αὐτοῦ
3243 669 3423 753 ἄφεσιν
3481 673 3749 751 ἁμαρτιῶν
3777 668 3940 749 ἔργα-

2294 756 2546 848 σάμενος.
2609 760 2667 816 Εἰ
2723 760 2822 838 γὰρ
2884 761 2962 835 μὴ
3019 761 3305 841 ἀφείθημεν
3346 767 3452 819 τῶν
3496 762 3787 841 ἁμαρτιῶν,
3848 761 3941 848 ῗῦκ

2293 844 2353 904 ἄν
2385 850 2458 913 εἰς
2503 849 2600 917 τὴν
2642 854 2749 906 τῶν
2780 850 3013 929 οὖρανῶν
3055 850 3325 928 βασιλείαν
3368 850 3722 927 μετέστημεν.
3774 871 3801 903 ι
3858 844 3941 907 Ὁς

2292 935 2434 992 ἐστιν
2467 939 2621 994 εἰκὼν
2664 944 2755 994 τοῦ
2804 946 2957 1000 Θεοῦ.
3025 962 3049 996 υ
3130 941 3227 996 Διᾶ
3268 941 3329 997 τὸ
3386 937 3792 1020 ἀπαράλλακτον
3856 934 3945 990 καὶ

2291 1025 2547 1083 πάντοθεν
2598 1026 2719 1084 ἴσον
2774 1029 2860 1087 καὶ
2915 1027 3121 1105 ὅμοιον,
3197 1029 3371 1086 εἰκόνα
3440 1028 3602 1086 καλεῖ
3655 1029 3747 1084 τὸν
3800 1026 3942 1096 Υἰὸν,

2294 1115 2449 1171 οἱονεὶ
2504 1115 2796 1195 ἐκμαγεῖον
2850 1124 2943 1174 τοῦ
3000 1118 3302 1199 ἀρχετύπου
3355 1116 3604 1181 κάλλους.
3681 1116 3787 1195 Πρὸ
3844 1113 3946 1170 πά-

2294 1224 2417 1280 σης,
2489 1207 2643 1284 φησὶ,
2713 1208 2813 1272 τῆς
2883 1206 3104 1271 κτίσεως
3174 1209 3368 1286 ὁρατῆς
3422 1229 3481 1263 τε
3535 1207 3624 1263 καὶ
3693 1204 3943 1284 ἀοράτου,

2291 1295 2559 1369 γεννηθεὶς
2595 1291 2899 1359 συναϊδίως.
2940 1318 2966 1348 or
3004 1296 3343 1375 Πρωτότοκος
3392 1297 3569 1363 πάσης
3615 1295 3859 1356 κτίσεως.
3911 1314 3939 1345 ι

2291 1382 2565 1456 Τουτὲστι,
2600 1385 2700 1463 πρὸ
2729 1385 2906 1452 πάσης
2938 1387 3158 1449 κτίσεως
3200 1386 3550 1465 πρωτοτόκως
3592 1386 3681 1441 καὶ
3710 1404 3943 1460 μονογε-

2290 1475 2396 1534 νῶς
2424 1474 2685 1550 γενηθείς.
2718 1473 2865 1538 Τινὲς
2895 1473 2954 1531 ἐκ
2996 1478 3102 1529 τῶν
3129 1474 3345 1532 εἰκόνων
3374 1480 3478 1532 τῶν
3500 1475 3554 1531 ἐν
3573 1476 3709 1549 ἡμτν
3739 1472 3945 1540 πλανη-

2288 1558 2485 1636 θέντες,
2521 1561 2580 1617 αῗ
2626 1563 2752 1618 εἰσιν
2782 1561 2842 1619 ἐκ
2871 1562 3091 1619 σανίδων
3133 1565 3221 1621 καὶ
3245 1574 3432 1643 κηροῦ,
3479 1563 3645 1627 οὕτως
3696 1563 3947 1637 ἐνόμισαν

2290 1650 2379 1707 καὶ
2408 1651 2524 1729 περὶ
2553 1658 2648 1708 τοῦ
2677 1654 2797 1710 Υίοῦ
2838 1658 2931 1708 τοῦ
2974 1658 3128 1715 Θεοῦ,

2380 1812 2571 1908 ε’δὶσαιτερ
2606 1830 2728 1910 γὰρ,
2763 1831 2945 1910 φησὶν,
2976 1852 3147 1906 αυται,
3211 1828 3355 1895 εἶδος
3412 1832 3510 1907 μὲν
3558 1832 3647 1887 καὶ
3699 1831 3948 1905 ὁμοίωμα

2294 1918 2549 1991 σώζουσιν
2606 1920 2900 2000 ἀνθρώπου,
2963 1925 3021 1979 o6
3077 1921 3184 1997 μὴν
3245 1921 3397 2001 φύσιν
3457 1920 3493 1989 ἢ
3551 1920 3752 1991 οὔσίαν,
3809 1918 3950 1975 οὕτω

2294 2009 2381 2065 καὶ
2437 2011 2465 2065 6
2524 2011 2642 2073 Υἱὸς
2698 2016 2791 2069 τοῦ
2836 2011 3060 2091 Πατρός.
3137 2008 3460 2091 Ἀρειανικὸν
3530 2008 3584 2066 δὲ
3641 2011 3702 2066 τὸ
3754 2007 3946 2066 δυσσέ-

2293 2095 2465 2173 ϐημα,
2501 2096 2666 2155 Ἀλλὰ
2692 2113 2810 2165 τοῖς
2860 2108 3016 2158 τοῦτο
3071 2100 3331 2179 λέγουσιν,
3392 2100 3684 2157 ἀντιθετέον
3729 2101 3789 2156 τὸ
3830 2099 3950 2157 κεί-

2295 2208 2452 2263 μενον
2497 2187 2551 2243 ὲν
2608 2195 2674 2265 τῇ
2718 2189 2925 2246 Γενέσει
2983 2196 3080 2257 τῆς
3139 2180 3241 2258 η’·
3305 2189 3411 2264 ὅτι,
3471 2191 3655 2271 φησὶν,
3702 2191 3730 2246 6
3774 2185 3951 2262 Ἀδὰμ

2295 2275 2544 2353 ἐγέννησε
2574 2278 2710 2333 κατὰ
2737 2278 2836 2343 τὴν
2866 2277 3041 2335 εἰκόνα
3085 2281 3262 2338 αὐτοῦ.
3321 2276 3460 2336 Πολὺ
3516 2278 3616 2358 γὰρ
3672 2275 3948 2357 ἁρμοδιώ-

2293 2386 2444 2444 τερον
2514 2364 2694 2422 ἐκεῒνα
2751 2364 2983 2431 δέξασθαι
3052 2368 3172 2446 περὶ
3235 2367 3461 2448 εἰκόνος,
3516 2366 3614 2423 ὅσα
3683 2368 3719 2435 ἡ
3760 2366 3947 2446 Γρασρή

2296 2476 2425 2533 φησι
2495 2455 2613 2533 περὶ
2686 2463 2779 2513 τοῦ
2830 2458 2953 2511 Υἱοῦ
3005 2457 3093 2511 καὶ
3146 2457 3349 2533 Πατρὸς
3391 2456 3678 2536 ἀνθρώπων
3737 2451 3949 2535 (ἐπειδὴ

2294 2544 2385 2599 καὶ
2426 2544 2487 2599 τὸ
2545 2544 2888 2622 προκείμενον
2945 2544 3197 2623 θεώρημα
3256 2546 3329 2609 εἰς
3390 2545 3598 2624 Πατέρα
3667 2546 3755 2601 καὶ
3824 2544 3949 2599 Υἷὸν

2298 2638 2429 2689 Θεοῦ
2470 2631 2705 2711 ἀνήκει),
2765 2633 2802 2702 ἢ
2858 2634 2923 2690 τὰ
2979 2633 3065 2690 ἐπὶ
3128 2640 3226 2701 τῆς
3298 2634 3403 2691 ἀπὸ
3459 2633 3609 2700 ξύλου
3649 2635 3738 2690 καί
3779 2643 3953 2713 κηροῦ

2296 2720 2520 2795 εἰκόνος,
2573 2720 2689 2789 ἥτις
2748 2725 2841 2781 οὐκ
2884 2720 3010 2803 ἔστιῄ
3051 2723 3147 2799 μὲν
3192 2724 3403 2803 κυρίως,
3464 2723 3673 2801 λέγεται
3729 2721 3784 2779 δὲ
3839 2744 3950 2779 κα-

2295 2818 2672 2890 ταχρηστικῶς
2706 2812 2881 2870 εἰκών.
2922 2834 2945 2866 α
2985 2796 3090 2870 ’δτι
3122 2813 3175 2869 ἐν
3233 2816 3373 2888 αὐτῷ
3428 2813 3639 2880 ἐκτίσθη
3696 2813 3759 2869 τά
3807 2812 3951 2868 πάν-

2295 2921 2362 2955 τα
2423 2919 2452 2958 ι
2493 2900 2670 2957 Πάντα
2712 2901 2811 2979 γὰρ
2857 2898 2925 2957 δι’
2977 2905 3131 2961 αὐτοι
3176 2900 3406 2979 ἐγένετο,
3454 2903 3540 2958 καὶ
3594 2902 3760 2983 χωρὶς
3790 2903 3956 2959 αὐτοῦ

561 2964 693 3056 sine
723 2992 854 3074 ipso
882 2991 1105 3053 factum
1157 2995 1247 3049 est
1298 2964 1471 3062 nihil,
1522 2964 1679 3067 quod
1730 2986 1945 3048 factum
2007 2964 2116 3048 est:
2151 2988 2209 3050 Si

2726 2964 2737 2979 .
2784 2964 2794 2979 .
3216 2964 3227 2979 .
3393 2964 3406 2976 ι
3598 2964 3637 2983 ,ς
3686 2964 3695 2979 .
3750 2964 3753 2965 ν

2296 2988 2506 3069 ἐγένετο
2534 2987 2650 3046 οὒδέ
2681 2991 2758 3065 ἓν,
2820 2991 2848 3046 ὃ
2891 2988 3128 3070 γέγονεν.
3188 2992 3245 3049 Εἰ
3288 2989 3342 3047 δὲ
3385 2991 3579 3065 πάντα,
3632 2992 3815 3048 οὒκοῦν
3856 2991 3955 3046 καὶ

560 3092 761 3146 autem
789 3081 1010 3151 omnia,
1046 3079 1226 3159 igitur
1248 3078 1425 3139 etiam
1458 3076 1657 3154 angeli
1692 3093 1705 3138 :
1736 3075 2039 3156 quomodo
2073 3094 2212 3155 ergo

561 3191 670 3254 per
695 3171 940 3252 angelos
951 3167 1301 3231 existimatis
1313 3186 1417 3228 vos
1436 3164 1661 3228 habere
1682 3183 1988 3254 accessum
2022 3174 2078 3228 et
2099 3185 2212 3227 non

564 3253 673 3345 per
701 3260 946 3333 Filium,
978 3258 1081 3339 qui
1111 3256 1404 3319 Dominus
1451 3262 1547 3345 est
1590 3253 1983 3345 angelorum?
2020 3279 2041 3311 α
2080 3254 2216 3318 Sive

561 3342 786 3415 throni.
833 3373 853 3405 ι
894 3350 1210 3429 Postquam
1269 3343 1615 3407 summatim
1663 3342 1982 3405 invisibilia
2043 3345 2212 3420 dixit,

560 3459 801 3505 rursum
835 3438 1016 3501 veluti
1048 3434 1386 3516 singulatim
1421 3451 1704 3496 sermone
1758 3443 2212 3497 commemorat.

565 3556 593 3587 α
618 3529 833 3595 Omnia
866 3545 971 3610 per
1003 3526 1223 3608 ipsum.
1261 3549 1289 3581 »
1326 3525 1472 3588 Cum
1508 3522 1786 3604 superius
1835 3522 2082 3585 dixisset
2111 3542 2219 3603 per

559 3623 751 3702 ipsum
785 3626 984 3680 creata
1015 3633 1149 3677 esse
1179 3612 1403 3690 omnia,
1441 3630 1598 3702 nunc
1627 3612 1798 3702 quasi
1820 3611 2081 3702 seipsum
2115 3613 2211 3673 in-

558 3700 918 3790 terpretans,
952 3704 1074 3768 ait:
1107 3702 1322 3767 Omnia
1353 3720 1460 3784 per
1489 3700 1656 3762 illum
1692 3700 1832 3761 etin
1855 3700 2019 3762 illum
2045 3720 2214 3763 crea-

557 3808 614 3861 ta
639 3806 801 3879 sunt,
833 3794 1180 3875 signiﬁcans
1202 3791 1609 3874 supradictam
1643 3790 2125 3871 prmpositionem
2161 3791 2212 3848 ἐν

555 3907 660 3969 pro
693 3886 777 3944 διά
801 3886 955 3968 capi,
981 3884 1043 3947 id
1069 3892 1182 3958 est,
1213 3882 1278 3945 In
1302 3900 1405 3964 pro
1441 3884 1574 3944 Per.
1602 3904 1624 3937 α
1649 3879 1721 3943 Et
1743 3881 1802 3942 in
1830 3881 1993 3944 illum
2019 3890 2215 3944 creata

553 3985 749 4041 sunt.»
780 3974 905 4038 Hoc
935 3983 1046 4051 est,
1072 3972 1146 4036 ab
1175 3972 1304 4054 ipso
1337 3970 1558 4053 pendet
1587 3970 1853 4032 omnium
1884 3972 2209 4033 consisten-

553 4065 658 4139 tia,
690 4084 808 4126 non
840 4063 1031 4125 solum
1054 4061 1214 4142 quod
1250 4061 1312 4122 in
1346 4078 1477 4123 esse
1523 4059 1867 4140 produxerit
1916 4079 2048 4121 cum
2090 4080 2207 4123 non

554 4163 780 4225 essent,
815 4171 1018 4215 verum
1053 4156 1229 4215 etiam
1261 4151 1415 4231 quod
1447 4152 1573 4228 jam
1605 4149 1757 4211 facta
1787 4149 2109 4213 contineat.

634 4243 682 4317 Ι,
715 4243 925 4307 17-20.
960 4241 1045 4304 Et
1071 4242 1201 4322 ipse
1228 4249 1313 4302 est
1347 4247 1489 4301 ante
1514 4241 1746 4311 omnia,
1780 4246 1834 4301 et
1861 4246 2064 4301 omnia
2091 4259 2203 4320 per

550 4334 731 4398 illum
760 4334 1092 4396 consistant
1112 4348 1132 4394 :
1151 4338 1213 4393 et
1233 4331 1360 4410 ipse
1379 4335 1464 4391 est
1492 4336 1671 4408 caput
1704 4330 1974 4408 corporis
1991 4328 2198 4392 Eccle-

548 4429 679 4495 sia,
713 4423 823 4504 qui
866 4427 954 4485 est
1000 4421 1393 4502 principium.
1442 4418 1881 4498 primogenitus
1911 4435 1987 4479 ea:
2015 4436 2192 4481 mor-

549 4515 694 4595 tuis,
724 4520 791 4575 ut
808 4517 889 4575 si!
918 4514 989 4574 in
1017 4507 1300 4574 omnibus
1330 4510 1460 4588 ipse
1480 4507 1716 4595 primas
1764 4512 2015 4569 tenens:
2047 4526 2197 4589 quo-

547 4594 722 4666 niam
751 4603 818 4665 in
852 4599 959 4664 illo
1007 4597 1438 4679 complacitum
1480 4604 1569 4657 (νει
1621 4594 1797 4657 Patri
1854 4599 2201 4660 universam

542 4690 986 4773 plenitudinem
1018 4687 1385 4758 inhabitare,
1419 4694 1473 4748 et
1502 4703 1610 4765 per
1639 4702 1776 4747 eum
1810 4685 2203 4750 reconciliare

545 4791 766 4845 cuncta
793 4799 938 4862 erga
968 4797 1034 4843 se
1062 4780 1240 4860 (pace
1267 4776 1435 4856 facta
1457 4793 1566 4856 per
1593 4777 1956 4857 sanguinem
2006 4778 2205 4839 crucis

549 4876 697 4944 suae)
720 4888 838 4951 per
865 4870 1157 4952 seipsum,
1202 4868 1328 4930 sive
1359 4882 1496 4946 quae
1546 4865 1609 4926 in
1656 4873 1826 4927 terra
1869 4874 2036 4946 sunt,
2078 4884 2207 4929 Stt'e

549 4977 686 5040 quas
714 4961 782 5022 in
810 4961 1004 5024 caelis.

637 5076 660 5110 ι
698 5051 770 5115 Et
809 5053 938 5133 ipse
978 5060 1069 5115 est
1096 5063 1236 5113 ante
1270 5050 1493 5112 omnia.
1530 5076 1551 5105 η
1585 5048 1712 5111 Νοη
1755 5048 1903 5110 dixit
1936 5071 1950 5111 :
1991 5051 2205 5114 Factus

552 5149 643 5205 est
690 5151 831 5205 ante
879 5141 1100 5217 omnia,
1153 5139 1284 5216 sed,
1339 5139 1442 5202 Est
1499 5147 1636 5201 ante
1677 5138 1899 5216 omnia,
1950 5142 2059 5203 hoc
2091 5149 2201 5217 est,

549 5229 982 5312 Quodcumque
995 5229 1767 5312 ensconeeperis,inven‘es
1781 5230 1974 5309 ipsum
1987 5249 2206 5310 praece-

550 5319 793 5383 dentem
826 5327 885 5382 et
910 5326 1086 5382 antea
1118 5317 1791 5399 productum,perpetuo
1842 5317 2016 5380 simul
2071 5338 2205 5380 cum

551 5412 722 5471 Patre
744 5416 803 5470 et
832 5409 1057 5490 Spiritu
1088 5407 1845 5488 subsistentem.Siquiilem
1882 5409 2207 5489 temporale

549 5516 672 5560 non
696 5496 1103 5579 esse,proprie
1139 5499 1261 5560 Deo
1279 5495 1575 5558 convenit.
1600 5522 1625 5549 α
1654 5499 1767 5559 Per
1792 5496 1953 5557 illum
1970 5498 2201 5559 consis-

552 5593 744 5649 tunt.»
776 5596 805 5647 Ι
827 5594 929 5647 τε
962 5585 1106 5649 Nam
1131 5585 1447 5667 peripsum
1490 5584 1944 5666 productionem
1983 5586 2205 5649 habent

552 5684 611 5738 et
638 5674 1106 5739 subsistentiam.
1143 5698 1166 5732 ι
1203 5673 1276 5736 Et
1315 5674 1445 5754 ipse
1486 5683 1576 5735 est
1619 5683 1793 5756 caput
1843 5676 2136 5757 corporis.
2169 5700 2196 5738 ι

554 5763 669 5829 Ubi
717 5763 878 5828 illius
920 5764 1067 5841 dixit
1095 5784 1163 5829 ac
1192 5762 1618 5827 demonstravit
1658 5763 2005 5844 potentiam,
2060 5765 2207 5827 dicit

2298 3077 2538 3158 ἄγγελοι,
2608 3084 2727 3143 Πῶς
2784 3079 2871 3136 οὖν
2929 3077 2999 3134 δι’
3053 3079 3292 3159 ἀγγέλων
3352 3082 3588 3157 νομίζετε
3644 3078 3792 3160 ἔχειν
3845 3080 3956 3146 τὴν

2296 3169 2676 3249 προσαγωγὴν,
2709 3171 2797 3226 καὶ
2832 3172 2891 3228 οὐ
2933 3166 3017 3225 διὰ
3047 3176 3137 3226 τοῦ
3180 3172 3321 3243 Tim},
3379 3176 3470 3227 τοῦ
3518 3170 3785 3226 Δεσπότου
3842 3174 3960 3224 τῶν

2298 3256 2539 3337 ἀγγέλων
2576 3275 2593 3333 ;
2645 3281 2672 3312 α(
2706 3256 2832 3314 Εῗτε
2876 3257 3071 3338 θρόνοι,
3109 3281 3136 3312 ι
3175 3256 3294 3315 Ἐπὶ
3324 3255 3517 3333 ὁμάδος
3563 3258 3722 3314 εἰπὼν
3766 3258 3830 3313 τα
3874 3256 3956 3311 ἀ-

2299 3349 2483 3429 όρατα,
2516 3344 2676 3403 πάλιν
2706 3345 2885 3425 ὥσπερ
2913 3344 3031 3403 καθ’
3069 3347 3201 3437 ,ἐνὸς
3257 3345 3596 3427 ἐπεξέρχεται
3638 3353 3716 3421 τῷ
3771 3344 3952 3425 λόγῷ,

2305 3461 2333 3493 ι
2365 3438 2441 3496 Τὰ
2469 3437 2641 3493 πάντα
2670 3431 2737 3490 δι’
2769 3438 2947 3498 αὐτοῦ.
2985 3460 3013 3490 ι
3073 3431 3230 3516 Ἃνω,
3265 3433 3351 3493 Ἐν
3374 3436 3517 3511 αὗτῷ
3546 3436 3705 3492 εἰπὼν
3735 3434 3956 3503 ἐκτίσθη

2297 3527 2363 3583 τὰ
2387 3526 2580 3597 πάντα,
2614 3531 2701 3580 νῦν
2744 3523 2923 3597 ὥσπερ
2952 3523 3319 3605 ἐφερμηνεύων
3342 3525 3525 3581 ἑαυτὸν
3554 3547 3683 3605 φησι
3718 3541 3731 3554 ·
3767 3524 3957 3581 Πάντα

2298 3613 2365 3672 δι’
2397 3617 2556 3673 αὐτοῦ
2582 3615 2670 3671 καὶ
2701 3615 2774 3678 εἰς
2807 3614 2961 3671 αὐτὸν
2991 3614 3244 3681 ἔκτισται,
3276 3612 3475 3689 δηλῶν,
3509 3613 3589 3670 ὅτι
3639 3615 3697 3669 τὸ
3735 3614 3959 3693 εἰρημὲο

2296 3728 2385 3762 νον
2426 3705 2559 3785 ἂνω,
2599 3730 2621 3760 α
2657 3703 2735 3785 ἐν,
2767 3702 2850 3762 διὶ
2881 3731 2907 3760 ι
2950 3704 3081 3767 ἐστι.
3123 3731 3148 3760 α
3204 3707 3299 3763 Καὶ
3330 3706 3401 3770 εἰς
3431 3706 3584 3763 αὐτὸν
3616 3702 3870 3765 ἔκτισται.
3916 3729 3949 3760 n

2299 3795 2600 3869 Τουτέστιν,
2635 3797 2709 3858 εἰς
2745 3798 2901 3852 αὐτὸν
2929 3795 3153 3875 ἤρτηται
3184 3797 3218 3863 ἡ
3263 3795 3475 3851 πάντων
3519 3794 3827 3858 ὑπόστασις,
3873 3800 3959 3856 Οὐ

2297 3885 2397 3966 γὰρ
2427 3887 2586 3963 μόνον
2614 3888 2674 3944 ἐκ
2702 3895 2791 3944 τοὺ
2821 3887 2899 3962 μὴ
2928 3883 3077 3949 ὄντος
3109 3886 3179 3949 εἰς
3199 3885 3260 3940 τὸ
3281 3885 3424 3940 εἶναι
3446 3885 3780 3962 παρήγαγεν,
3810 3882 3957 3941 ἀλλὰ

2295 3977 2382 4033 καὶ
2411 3978 2669 4054 γενόμενα
2698 3973 2745 4032 δι
2754 3986 2993 4054 ακρατεϊ.

2374 4263 2403 4302 (
2440 4246 2540 4302 Καὶ
2586 4246 2741 4310 αὐτός
2800 4246 2909 4302 ἐστι
2968 4244 3069 4322 πρὸ
3130 4244 3368 4315 πάντων,
3418 4243 3503 4296 καὶ
3561 4240 3623 4295 τὰ
3680 4242 3853 4296 πάντα
3894 4239 3959 4297 ἐν

2282 4340 2428 4409 αὐτῷ
2485 4335 2796 4410 συνέστηκε,
2870 4336 2957 4391 uti
3042 4330 3196 4393 αὐτός
3274 4332 3413 4387 ἐστιν
3484 4331 3519 4398 ἡ
3578 4326 3784 4407 κεφαλή
3855 4346 3959 4395 τοι)

2288 4429 2540 4503 σώματος
2597 4429 2698 4494 τῆς
2760 4426 3106 4501 Ἐκκλησίας,
3164 4425 3221 4491 ὅς
3289 4434 3428 4491 ἐστιν
3486 4430 3656 4510 ἀρχὴ,
3742 4435 3959 4499 πρωτό-

2282 4540 2441 4583 τοκος
2520 4516 2581 4573 ἐκ
2664 4524 2770 4574 τῶν
2825 4526 3074 4608 ηνεκριῐιν,
3160 4521 3251 4577 Ἵνα
3345 4523 3563 4602 γένηται
3648 4520 3702 4576 ἐν
3786 4526 3957 4579 πᾶσιν

2284 4609 2442 4671 αὐτὸς
2474 4609 2782 4687 πρωτεύων.
2837 4619 2929 4666 Οτι
2961 4609 3015 4665 ἐν
3042 4610 3185 4685 αὒτῷ
3203 4611 3453 4680 εὖδόκησε
3476 4618 3577 4668 πᾶν
3599 4613 3659 4667 τὸ
3680 4610 3957 4689 πλήρωμα

2284 4696 2627 4765 κατοικῆσαι,
2673 4700 2761 4754 καὶ
2809 4696 2876 4754 δι’
2926 4701 3082 4757 αὖτοῦ
3118 4699 3546 4767 ἀποκαταλλάξαι
3575 4703 3641 4757 τὰ
3670 4701 3842 4757 πάντα
3871 4703 3956 4769 εἰς

2287 4789 2468 4860 αὐτὸν,
2525 4788 2934 4866 εἰρηνοποιήσας
2992 4786 3076 4843 διὰ
3128 4800 3221 4849 τοῦ
3276 4789 3507 4866 αἵματος
3558 4796 3651 4845 τοῦ
3722 4799 3956 4868 σταυροῦ

2289 4875 2449 4933 αὖτοῦ
2479 4873 2546 4932 δι’
2576 4875 2753 4950 αὐτοῦ,
2786 4875 2897 4931 εἴτε
2941 4878 3005 4933 τὰ
3063 4876 3146 4933 ἐπὶ
3189 4884 3287 4945 τῆς
3316 4879 3442 4960 γῆς,
3475 4878 3586 4935 εἴτε
3619 4881 3683 4935 τα
3712 4879 3795 4935 ἐπὶ
3822 4894 3954 4947 to”:

2289 4967 2559 5043 οὐρανοῖς.

2377 5076 2400 5111 α
2437 5057 2537 5115 Καὶ
2566 5055 2721 5119 αὐτός
2766 5055 2874 5112 ἐστι
2908 5058 3006 5135 πρὸ
3037 5057 3273 5147 πέντων,
3311 5082 3338 5113 »
3392 5064 3500 5118 Οὐκ
3551 5061 3731 5133 εἶπεν,
3777 5055 3950 5136 Ἐγὲ-

2288 5165 2407 5200 νετο
2454 5145 2557 5223 πρὸ
2599 5145 2834 5212 πάντων,
2888 5144 3006 5201 ἀλλ’
3068 5144 3207 5204 νἘστι
3265 5150 3366 5227 πρὸ
3409 5149 3643 5228 πάντων,
3678 5146 3947 5230 τουτέστι,

2289 5240 2403 5290 Πᾶν
2464 5235 2492 5290 ὃ
2569 5232 2661 5290 ἐὰν
2719 5234 3004 5312 ἐννοήσῃς,
3067 5237 3221 5296 αὑτὸν
3307 5237 3538 5316 προόντα
3592 5238 3681 5292 καὶ
3736 5248 3951 5318 προϋφ-

2288 5328 2493 5380 εστῶτα
2524 5324 2784 5402 εὓρήσείς,
2818 5323 3003 5389 ἀϊδίως
3060 5326 3460 5405 συνυπάρχσοντα
3504 5334 3580 5401 τῷ
3641 5328 3800 5405 [lupi
3858 5332 3953 5387 καὶ

2285 5420 2364 5488 τῷ
2392 5414 2681 5488 Πνεύματι.
2728 5417 2801 5473 T6
2829 5415 2927 5494 γὰρ
2970 5414 3226 5494 ἄχρονον,
3275 5413 3523 5495 ἁρμόδιον
3582 5418 3719 5489 Θεῷ,
3757 5438 3785 5470 υ.
3855 5414 3953 5475 Ἐν

2286 5502 2429 5574 αὐτῷ
2488 5501 2799 5570 συνέστηκε,
2855 5528 2882 5557 ι
2947 5503 3026 5559 Δι’
3081 5506 3239 5562 αὖτοῠ
3284 5504 3383 5570 τὴν
3439 5502 3643 5580 γένεσιν
3698 5505 3786 5560 καὶ
3845 5506 3953 5574 τὴν

2285 5587 2541 5667 διαμονὴν
2570 5590 2711 5672 ἔχει.
2751 5616 2776 5646 α
2814 5593 2910 5649 Καὶ
2936 5592 3090 5656 αὐτὸς
3144 5592 3283 5649 ἐστιν
3342 5593 3376 5660 ἡ
3418 5592 3625 5673 κεφαλή
3681 5604 3773 5652 τοῦ
3828 5596 3953 5651 σώ-

2285 5702 2476 5754 ματος.
2534 5706 2561 5737 n
2602 5681 2782 5748 Δείξας
2822 5684 2909 5738 καὶ
2951 5683 3113 5738 εἰπὼν
3158 5682 3314 5742 αὒτοῦ
3368 5682 3465 5751 τὴν
3522 5680 3761 5763 δύναμιν,
3821 5681 3953 5741 )οι-

2285 5771 2383 5825 πὸν
2428 5768 2570 5850 λέγει
2601 5772 2690 5828 καὶ
2737 5771 2836 5837 τὴν
2883 5768 3296 5853 φιλανθρωπίαν,
3360 5770 3440 5828 ὅτι
3495 5772 3707 5829 πέντων
3775 5773 3957 5854 ὑπεὶρ-
