4188 6426
332 440 398 503 21

1392 444 1789 509 COMMENT.
1838 444 1920 507 IN
1966 440 2208 506 EPIST.
2256 443 2356 504 AD
2383 436 2679 506 COLOSS.

3659 444 3740 508 22

339 596 453 653 χων
509 572 807 650 δεσπότης,
855 591 978 641 τοῖς
1029 580 1177 635 κάτω
1233 584 1465 655 συνῆψεν
1507 577 1714 637 ἑαυτόν.
1755 599 1784 632 α
1836 598 1859 632 ε
1894 581 2002 642 Τῆς

2088 578 2528 652 consequenter
2555 579 2617 634 et
2638 571 3092 652 benignitatem,
3120 576 3279 655 quod
3310 593 3445 636 cum
3471 573 3737 636 omnium

338 659 688 730 ’ἐκκλησίαι
733 690 757 719 ο
794 676 902 726 τοῦ
932 667 1147 725 πάντων
1188 668 1474 746 ἀνθρώπων
1519 666 1720 746 γένους.
1762 687 1785 722 ι
1848 671 2006 743 Πρω·-

342 752 563 817 τότοιιος
632 754 695 810 ἐκ
749 758 855 811 τῶν
923 761 1141 835 νεκρῶν.
1209 780 1233 814 ε
1288 754 1489 838 Ἀρχὴ
1529 757 1709 838 φησὶν,
1770 756 2004 811 ἀναστά-

348 862 480 904 σεως
510 843 601 898 καὶ
630 844 897 924 πρόφασις
928 846 1237 923 γενόμενος.
1301 837 1363 902 Ἢ
1400 837 1625 926 ἀπαρχὴ
1670 844 1746 925 δὲ,
1806 843 2003 912 δηλον-

345 929 429 985 ότι
458 931 546 985 καὶ
600 932 665 987 τὸ
721 938 827 988 πᾶν
883 930 999 1011 ἔχει
1058 933 1341 1009 ἑπόμενον,
1395 930 1649 1013 ’Λπαρχὴ
1678 930 1733 988 δὲ
1775 945 2000 1011 νοεῖται,

347 1020 410 1073 τὸ
492 1017 755 1099 ὶξαίρετον
844 1024 932 1078 καὶ
1009 1030 1125 1097 Θεῷ
1186 1025 1258 1086 εἷς
1325 1023 1503 1082 θυσίαν
1583 1021 2004 1101 προσαγόμενον.

348 1116 513 1165 Τοῦτο
569 1110 670 1187 γὰρ
736 1112 825 1166 καὶ
882 1113 909 1167 ὁ
968 1113 1189 1190 Χριστὸς
1246 1112 1558 1178 πεποίηκεν.
1613 1134 1640 1165 ι
1705 1110 1795 1167 Ἐν
1846 1116 2005 1166 πᾶσιν

346 1197 508 1259 αὖτὸς
556 1199 861 1277 πρωτεύων.
926 1224 953 1254 a
1016 1202 1112 1257 Καὶ
1170 1201 1269 1279 γὰρ
1320 1201 1409 1256 καὶ
1466 1202 1568 1278 πρὸ
1630 1200 1840 1256 πάντων
1896 1205 2004 1254 τῶν

346 1285 553 1342 αίώνων
585 1289 899 1366 γεγέννηται
944 1289 1004 1345 ἐκ
1053 1299 1144 1349 τοῦ
1202 1291 1430 1369 Πατρὸς,
1489 1291 1577 1346 καὶ
1632 1291 1733 1367 πρὸ
1790 1290 2002 1345 πάντων

344 1374 636 1454 ἀνθρώπων
690 1376 887 1444 ἀνέστη
955 1377 1015 1433 ἐκ
1093 1384 1199 1435 τῶν
1269 1384 1491 1458 νεμκρῶν,
1550 1378 1832 1435 ἀνάστασιν
1904 1378 2001 1445 τὴν

345 1466 443 1521 οὒκ
498 1462 575 1519 ἔτι
606 1466 879 1541 ὀψομένην
922 1467 1168 1529 θάνατον.
1223 1490 1250 1522 ι
1312 1451 1416 1525 ’δτι
1467 1468 1521 1523 ἐν
1578 1469 1720 1541 αὐτῷ
1776 1464 1999 1532 εὐδόκη-

345 1573 458 1609 σεν.
506 1576 527 1608 ι
579 1552 829 1633 Θέλησις,
886 1558 1037 1635 φησὶ,
1084 1557 1171 1612 καὶ
1214 1554 1418 1613 εὐδοκία
1474 1555 1689 1634 γέγονεν
1728 1556 1784 1612 ἐν
1839 1558 2001 1635 αὐτῷ,

341 1641 608 1721 τουτέστι,
653 1651 730 1718 τῷ
788 1651 1015 1724 Χριστῷ,
1076 1646 1217 1702 ἅπαν
1285 1647 1345 1702 τὸ
1414 1643 1683 1724 πλήρωμα
1740 1647 2004 1712 κατοικῆ-

344 1753 433 1785 ut
462 1736 562 1797 τῆς
583 1734 860 1812 θεότητος,
895 1736 1019 1791 ὡσεὶ
1050 1736 1203 1791 εἶπεν
1237 1752 1252 1765 ·
1288 1732 1356 1792 Εἴ
1384 1757 1433 1791 τι
1464 1734 1529 1802 ἧν
1561 1737 1589 1791 6
1633 1736 1762 1799 Θεὸς
1808 1734 2003 1813 Λόγος,

2090 657 2167 720 sit
2211 659 2540 737 Dominus,
2591 659 2981 722 inferioribus
3037 661 3297 742 seipsum
3359 663 3741 743 conjunxerit

2092 769 2121 807 ‹
2162 746 2465 810 Ecclesiae.
2499 773 2521 806 ιι
2553 751 2807 811 Generis
2849 750 3116 811 omnium
3166 750 3501 813 hominum.
3536 775 3565 808 ι
3601 750 3738 813 Pri-

2091 838 2426 917 mogenitus
2448 857 2517 900 ex
2542 838 2814 901 mortuis.
2840 864 2866 895 an
2901 838 3135 915 Factus,
3169 840 3385 921 inquit,
3419 841 3656 903 initium
3682 848 3741 903 et

2090 924 2325 986 occasio
2354 926 2812 990 resurrectionis
2863 927 3141 989 Primitiae
3166 946 3326 998 vero,
3356 946 3571 1010 nempe
3601 947 3737 990 om—

2087 1013 2184 1073 nia
2216 1013 2444 1075 habens
2469 1032 2534 1075 se
2564 1014 3269 1096 sequentialntelligitur
3298 1024 3492 1079 autem
3524 1017 3737 1098 primi-

2087 1100 2183 1162 tize
2228 1102 2383 1182 quod
2453 1103 2818 1184 praecipuum
2890 1113 3001 1183 est,
3063 1113 3122 1167 et
3177 1104 3301 1167 Deo
3356 1106 3419 1167 in
3482 1106 3734 1168 hostiam

2085 1191 2350 1252 olfertur.
2403 1190 2527 1253 Hoc
2584 1192 2806 1254 etenim
2862 1194 3138 1256 Christus
3187 1194 3349 1269 fecit,
3405 1220 3431 1250 α
3465 1193 3540 1258 Ut
3569 1194 3644 1259 sit
3674 1194 3738 1256 in

2090 1280 2368 1343 omnibus
2411 1281 2538 1363 ipse
2570 1282 2795 1363 primas
2827 1292 3058 1347 tenens.
3098 1309 3124 1340 ιο
3160 1288 3311 1351 Nam
3343 1296 3402 1349 et
3435 1293 3570 1347 ante
3601 1303 3736 1347 om-

2090 1369 2188 1431 nia
2217 1371 2431 1432 sazcula
2472 1380 2647 1432 natus
2669 1380 2758 1434 est
2780 1391 2847 1434 ex
2874 1374 3070 1449 l‘atre,
3105 1380 3164 1435 et
3194 1382 3330 1436 ante
3360 1392 3569 1436 omnes
3620 1375 3737 1436 ho-

2092 1457 2281 1519 mines
2310 1458 2563 1520 surrexit
2585 1479 2652 1523 ex
2675 1461 2946 1536 mortuis,
2966 1462 3411 1525 resurrectione
3431 1481 3738 1543 quamnon

2089 1548 2166 1608 sit
2177 1547 2301 1627 jam
2326 1548 2717 1611 subsecutura
2748 1568 2932 1614 mors.
2965 1572 2987 1607 α
3024 1550 3313 1623 Quoniam
3346 1552 3407 1613 in
3433 1552 3536 1613 illo
3568 1570 3736 1613 com-

2091 1637 2369 1716 placitum
2403 1646 2515 1700 est.
2552 1665 2576 1694 »
2614 1637 2921 1719 Voluntas,
2946 1639 3162 1721 inquit,
3200 1648 3258 1703 et
3297 1639 3736 1722 beneplacitum

2088 1725 2304 1786 factum
2336 1734 2425 1787 est
2455 1728 2514 1787 in
2538 1727 2689 1807 ipso,
2726 1747 2941 1808 nempe
2971 1728 3225 1805 Christo,
3253 1730 3591 1792 universam
3615 1730 3736 1810 ple-

340 1818 461 1875 ἐκεῖ
487 1819 690 1893 ᾤκησε.
729 1844 758 1880 ί
809 1830 917 1880 Πᾶν
946 1826 1008 1879 τὸ
1056 1824 1325 1904 πλήρωμα
1367 1829 1709 1891 κατοικῆσαι.
1786 1849 1814 1880 ι
1879 1812 2002 1904 [014

2088 1812 2420 1904 nitudinem
2453 1814 2786 1904 inhabitare
2818 1816 3139 1879 divinitatis
3174 1839 3186 1880 :
3221 1838 3291 1880 ac
3319 1818 3371 1880 si
3397 1818 3650 1882 diceret:
3675 1816 3739 1881 Si

344 1913 784 1989 KOt‘AIENlOl‘J
817 1914 890 1969 Οὔ
936 1901 1227 1993 σχετικῶς,
1273 1910 1394 1967 ἀλλ’
1430 1910 1715 1983 οὖσιωδὼς,
1749 1915 1819 1978 ὡς
1848 1901 2001 1992 ψυχὴ

2089 1901 2229 1983 quid
2250 1910 2377 1993 erat
2391 1905 2552 1993 Deus
2586 1903 2854 1980 verbum,
2874 1905 2955 1966 ibi
2980 1906 3420 1969 inhabitabat—
3435 1927 3464 1967 ‹
3480 1905 3736 1970 Univer-

341 1996 397 2050 έν
456 1998 688 2078 σώματι,
723 2005 783 2058 οὗ
812 2005 967 2083 ψυχὴ
1020 2004 1305 2082 γενόμενος
1354 2009 1423 2078 τῇ
1480 2000 1712 2075 σώματι,
1774 1999 1892 2058 ἀλλ’
1949 2002 2003 2057 ἐν

343 2084 556 2159 σώματι
636 2087 1018 2171 ἔμψυχωμένῳ
1087 2092 1317 2165 ἑνωθεὶς,
1400 2090 1458 2145 ὃν
1528 2089 1722 2168 τρόπον
1798 2089 2001 2145 ἑνοῦται

341 2174 501 2252 ψυχὴ
564 2176 795 2251 σώματι.
829 2210 911 2225 —
941 2190 1175 2241 ΙΩΑΝΝ.
1209 2181 1279 2236 Τὸ
1309 2176 1603 2257 πλήρωμα,
1662 2181 1708 2233 οἱ
1766 2179 1863 2253 μὲν
1904 2183 2002 2244 τῆς

340 2263 598 2329 θεότητος
653 2269 803 2346 φασὶ,
863 2271 1096 2348 καθάπερ
1143 2271 1171 2325 6
1243 2267 1494 2333 Ἰωάννης
1558 2266 1757 2346 ἔλεγεν,
1821 2266 1902 2323 ὅτι
1945 2268 2005 2324 ἐκ

342 2357 439 2405 τοῦ
463 2368 481 2385 ·
544 2352 905 2432 πληρώματος
988 2362 1144 2417 αὐτοῦ
1214 2359 1378 2431 ἡμεῖς
1456 2356 1647 2419 πάντες
1719 2354 2000 2434 ἐλάϐομεν,

342 2438 641 2518 τουτέστιν,
688 2443 743 2499 εἴ
782 2468 833 2502 τι
864 2446 930 2515 ἧν
987 2450 1015 2503 6
1062 2448 1200 2518 Υἱὸς,
1245 2444 1372 2508 ὅλος
1403 2448 1431 2501 ὁ
1469 2447 1579 2508 ι’ἱὸς
1626 2445 1741 2500 ἐκεῖ
1766 2444 1999 2521 ᾤκησεν,

340 2525 471 2606 οὗχὶ
525 2528 761 2610 ἐνέργειά
802 2558 908 2613 τις,
956 2533 1075 2592 ἀλλ’
1134 2535 1306 2596 οὐσία.
1369 2532 1478 2592 Οὐκ
1550 2532 1667 2613 ἔχει
1727 2531 1782 2589 δὲ
1836 2536 2002 2591 αἰτίαν

339 2616 515 2673 εἰπεῖν
546 2618 810 2698 οὐδεμίαν,
844 2622 966 2681 ἀλλ’
1014 2624 1050 2693 ἢ
1096 2624 1193 2692 τὴν
1241 2621 1456 2690 θέλησιν
1508 2632 1597 2682 τοῦ
1640 2630 1793 2685 Θεοῦ,
1841 2630 2004 2681 Τοῦτο

338 2706 445 2783 γάρ
489 2707 624 2791 ἐστι,
680 2696 867 2770 δτιήὲν
909 2716 1053 2790 αὖτῷ
1082 2712 1386 2781 εὒδόκησεν.
1421 2733 1445 2768 ε
1483 2713 1930 2792 Εἶρηνοποιήσας.
1971 2734 1994 2770 ι

340 2794 455 2860 Τὴν
497 2798 655 2855 οὖσαν
685 2801 852 2859 πάλαι
894 2802 1088 2884 ἔχθραν
1128 2802 1315 2867 λύσας.
1378 2802 1515 2859 Εἶτα
1556 2801 1648 2857 ἵνα
1706 2802 1784 2877 μὴ
1841 2804 1996 2878 νομί-

2085 2009 2209 2051 sam
2246 1990 2677 2071 plenitudinem
2710 1994 3246 2058 inbabitare.»Non
3269 1995 3330 2057 in
3358 1996 3598 2058 modum
3621 1995 3733 2057 ha-

2086 2078 2381 2154 bitus,sed
2417 2082 2946 2157 substantia},sicut
2974 2083 3174 2145 anima
3196 2086 3257 2145 in
3288 2103 3571 2164 corpore:
3608 2103 3728 2146 non

2085 2169 2283 2229 anima
2313 2168 2500 2231 factus
2528 2172 2790 2251 corpori,
2826 2172 2928 2233 sed
2961 2172 3021 2233 in
3052 2190 3328 2254 corpore,
3356 2172 3418 2233 in
3449 2172 3550 2234 illo
3575 2174 3734 2253 quod

2087 2255 2409 2318 animatum
2450 2267 2577 2320 erat
2631 2260 2851 2340 unitus,
2902 2280 3017 2341 quo
3079 2261 3253 2323 modo
3313 2261 3513 2323 unitur
3540 2262 3737 2323 anima

2088 2345 2343 2425 corpori.
2382 2383 2455 2392 —
2484 2347 2918 2410 Plenitudinem
2952 2349 3275 2412 divinitatis
3316 2351 3561 2432 quidam
3592 2368 3736 2412 sane

2089 2433 2823 2517 dicunt,quamadmodum
2854 2441 3118 2502 Joannes
3140 2439 3288 2501 dixit
3306 2439 3465 2521 quod
3496 2439 3569 2502 de
3602 2439 3733 2520 ple-

2090 2523 2362 2586 nitudine
2394 2526 2524 2604 ejus
2558 2545 2663 2587 nos
2694 2545 2902 2588 omnes
2924 2528 3318 2609 accepimusB
3349 2550 3362 2591 :
3402 2531 3512 2591 hoc
3538 2536 3649 2601 est,
3680 2529 3734 2591 si

2087 2611 2227 2692 quid
2261 2622 2386 2674 erat
2415 2613 2621 2689 Filius,
2649 2623 2809 2676 totus
2833 2616 3019 2678 Filius
3046 2617 3131 2678 ibi
3161 2617 3486 2687 hehitabat.
3514 2637 3630 2680 non
3664 2626 3737 2681 ut

2087 2700 2345 2763 efﬁcacia
2387 2705 2656 2784 quaedam
2709 2722 2815 2765 seu
2868 2705 3159 2786 operatio,
3218 2706 3321 2768 sed
3376 2706 3733 2768 substantia.

2082 2787 2314 2851 Nullam
2349 2801 2547 2853 autem
2582 2799 2775 2873 potest
2803 2793 3072 2857 rzeddere
3103 2813 3338 2856 causam
3363 2793 3477 2856 nisi
3498 2794 3605 2856 Dei
3628 2813 3733 2857 vo-

336 2902 441 2958 σῃς
486 2889 641 2944 αὐτὸν
692 2892 957 2971 ὑπηρέτου
1009 2890 1150 2959 τάξει
1196 2900 1352 2950 τοῦτο
1397 2894 1640 2959 ποιῆσαι,
1698 2892 1880 2969 φησὶν,
1922 2893 2002 2967 Εἷς

2092 2878 2378 2971 luntatem
2436 2882 2585 2944 Nam
2617 2881 2729 2944 hoc
2760 2890 2849 2944 est
2875 2882 3032 2964 quod
3072 2885 3173 2960 ait,
3205 2883 3496 2957 Quoniam
3526 2884 3589 2946 in
3630 2883 3733 2946 illo

338 2976 526 3056 αὐτὸν,
595 2970 887 3061 τουτέστιν,
952 2985 1108 3048 αὐτὸς
1169 2985 1341 3056 ἑαυτῷ
1411 3002 1469 3037 τε
1526 2982 1612 3036 καὶ
1668 2982 1831 3058 Πατρὶ
1888 2982 2002 3048 τοὺς

2091 2970 2510 3061 complacitum
2543 2979 2718 3061 ests:
2755 2973 2909 3035 Pace
2966 2971 3140 3048 facta,
3178 2996 3200 3031 ι)
3239 2973 3429 3035 soluta
3481 2992 3550 3035 ea
3604 2991 3736 3054 qua;

340 3063 649 3143 ἀνθρωπους
706 3056 1008 3143 κατήλλαξε
1044 3091 1059 3108 ·
1106 3071 1268 3136 λύσας
1327 3072 1427 3151 γὰρ
1480 3070 1579 3136 τὴν
1609 3056 2001 3151 πάλαι-ἔχθραν

2089 3056 2231 3119 olim
2264 3067 2390 3120 erat
2413 3059 2748 3121 inimicitia.
2782 3061 3014 3124 Deinde
3058 3080 3135 3125 ne
3172 3062 3369 3143 ipsum
3398 3062 3460 3124 in
3493 3062 3731 3124 modum

339 3154 476 3241 πρὸς
520 3156 649 3213 Θεόν
691 3180 762 3241 ..τε
831 3162 918 3217 καὶ
970 3160 1227 3241 ἀγγέλοπ
1283 3148 1372 3217 καὶ
1401 3148 1726 3237 Ἵᾶνθρώπους
1786 3148 1998 3237 εἰρήνην

2087 3148 2348 3241 ministri
2378 3148 2437 3210 id
2468 3149 2664 3213 facere
2689 3150 3016 3233 existimes,
3041 3152 3151 3214 ait:
3181 3154 3336 3241 Erga
3357 3170 3422 3214 se
3442 3174 3462 3241 γε
3489 3152 3602 3214 hoc
3616 3166 3701 3216 esr
3716 3202 3731 3228 ,

340 3240 620 3310 ἐποίησεν.
690 3230 810 3327 θορα
868 3248 923 3305 δὲ
1142 3248 1333 3316 λέξεων
1394 3248 1488 3311 τὰς
1522 3230 1808 3327 έμφάσεις.
1833 3230 2002 3306 ’Κατ-

2087 3234 2218 3317 [pse
2238 3236 2353 3298 sibi
2372 3237 2486 3319 ipsi
2508 3256 2578 3301 ac
2601 3238 2758 3303 Patri
2776 3230 3050 3303 homines
3074 3230 3502 3317 reconciliavit,
3541 3241 3734 3324 siqui.-

338 3330 563 3410 ἤλλαξε,
609 3338 762 3416 φησὶ,
816 3340 904 3395 καὶ
957 3341 1252 3418 εἰρήνευσεν
1294 3340 1439 3414 ἡμᾶς
1494 3334 1559 3392 δι’
1604 3338 1783 3411 αὐτοῦ,
1843 3358 2002 3393 τουτ-

341 3421 511 3496 ἑσειν,
570 3429 631 3483 οὐ
685 3425 831 3505 λόγῳ
905 3428 1183 3505 κελεύσας,
1265 3426 1403 3485 ἀλλὰ
1468 3428 1787 3503 σωματικῶς
1862 3425 2005 3504 ἐνερ-

342 3512 520 3587 γήσις
556 3530 570 3544 ⁸
629 3518 718 3571 καὶ
789 3518 895 3599 οὐχ
971 3518 1154 3582 ἁπλῶς
1206 3516 1273 3575 δι’
1336 3518 1550 3589 ἑαυτοῦ,
1593 3514 1731 3576 ἀλλᾶ
1774 3513 1859 3571 διὰ
1914 3523 2005 3572 τοῦ

338 3600 575 3688 αἵματος
606 3603 945 3688 ἐκχυθέντος,
1004 3610 1092 3665 καὶ
1135 3605 1450 3688 ἐκχυθέντος
1508 3603 1593 3661 διὰ
1641 3610 1735 3661 τοῦ
1790 3603 2004 3661 ἐπονει-

339 3687 520 3748 δίστου
543 3696 767 3752 θανάτου
808 3704 901 3754 τοῦ
932 3687 1176 3777 σταυροῦ.
1203 3687 1311 3742 νέ-
1368 3692 1584 3777 [ΦΩΤ.]
1644 3696 1715 3752 Τὸ
1769 3691 2003 3773 ὑπερϐα-

338 3782 457 3854 τὸν,
492 3784 918 3861 Εἰρηνοποιήσας
963 3785 1029 3844 δι’
1104 3788 1312 3866 ἑαυτοῦ,
1366 3783 1659 3862 τουτέστιν,
1706 3784 2003 3863 αὐτουργη-

338 3890 468 3947 σας,
500 3868 619 3925 ἀλλ’
650 3875 710 3929 οὗ
761 3872 830 3930 δι’
882 3874 1071 3955 ἑτέρων
1124 3877 1266 3951 ἡμῖν
1314 3872 1857 3953 πραγματευσάμενος
1907 3871 2006 3939 τὴν

336 3960 583 4038 εἰρήνην.
631 3963 774 4038 Ποίῳ
801 3962 856 4021 δὲ
912 3966 1093 4045 τρόπῳ
1132 3966 1329 4031 ταύτην
1384 3962 1712 4042 εἷργάσατος
1760 3962 1857 4017 Διὰ
1911 3967 2006 4018 τοῦ

339 4046 605 4123 α’ἷμιτος,
658 4056 829 4132 φησὶν
877 4060 974 4123 τῆς
1030 4055 1375 4135 σταυρώσεως
1435 4054 1615 4109 αὐτοῦ.
1676 4052 2002 4128 Σταδρωθεὶς

340 4136 446 4214 γὰρ
513 4139 645 4219 ὑπὲρ
715 4144 893 4217 ἡμῶν,
968 4144 1232 4223 είρήνευσε
1305 4142 1394 4200 καὶ
1449 4138 1778 4211 κατήλλαξεν
1833 4140 1998 4214 ἡμᾶς.

344 4250 374 4279 α
416 4226 545 4284 Εἴτε
586 4231 652 4286 τὰ
707 4231 792 4287 ἐπὶ
848 4238 944 4300 τῆς
1001 4238 1126 4311 γῆς.
1163 4256 1190 4287 ι
1254 4232 1351 4291 Καὶ
1408 4231 1507 4309 γὰρ
1561 4231 1648 4286 καὶ
1676 4230 1840 4303 ἡμεῖς
1873 4229 2001 4307 πρὸς

339 4316 560 4381 ἑαυτοὺς
590 4318 992 4401 ἐστασιάζομεν,
1028 4324 1114 4378 ιιαὶ
1175 4322 1307 4401 πρὸς
1354 4321 1475 4382 τοὺς
1525 4316 1781 4396 ἀγγέλους
1839 4316 2002 4397 ἔχθρα

337 4404 432 4480 ἦν,
520 4406 985 4488 ἀπεχθανομένους
1052 4413 1211 4486 ἡμῖν,
1281 4408 1365 4467 διὰ
1433 4409 1495 4464 τὸ
1560 4404 1849 4486 ὑϐρίζεσθαι
1909 4408 2002 4462 τὸν

2086 3328 2224 3391 dem
2254 3330 2450 3392 soluta
2475 3332 2666 3393 veteri
2689 3332 3002 3395 inimicitia
3021 3334 3178 3396 inter
3202 3333 3392 3396 Deum
3413 3342 3472 3395 et
3493 3334 3736 3414 angelos

2087 3436 2155 3479 ac
2177 3418 2452 3481 homines
2480 3438 2684 3499 pacem
2717 3420 3214 3486 fecit.Considera
3236 3441 3374 3485 vero
3406 3423 3733 3486 dictionum

2090 3507 2885 3592 emphasesRcconciliavit,
2921 3511 3134 3593 inquit,
3168 3531 3237 3575 ac
3266 3511 3595 3593 pacificavit
3625 3532 3736 3576 nos

2090 3615 2198 3678 per
2228 3596 2494 3679 seipsum
2522 3616 2535 3662 :
2584 3599 2695 3662 hoc
2727 3609 2837 3678 est,
2871 3620 2992 3663 non
3040 3619 3321 3664 sermone
3353 3602 3594 3682 jubens,
3626 3602 3734 3668 sed

2089 3686 2328 3768 proprio
2357 3705 2613 3767 corpore
2641 3689 3057 3754 elﬁciens.Nec
3088 3690 3443 3773 simpliciter
3472 3709 3579 3773 per
3609 3691 3734 3754 sei-

2090 3793 2283 3856 psum,
2316 3776 2424 3838 sed
2456 3794 2562 3857 per
2585 3779 2937 3858 sanguinem
2987 3781 3238 3842 eﬂ'usum
3275 3798 3288 3843 :
3325 3781 3601 3855 effusum,
3634 3779 3732 3843 in-

2087 3883 2406 3946 quam,per
2434 3865 2676 3928 maximi
2707 3868 3015 3949 opprobrii
3046 3876 3299 3931 mortem
3332 3869 3395 3930 in
3420 3886 3620 3933 cruce.
3653 3903 3734 3918 -—-

2085 3951 2461 4035 Hyperbaton
2484 3963 2595 4028 est,
2627 3953 2778 4018 Pace
2806 3956 2955 4018 facta
2985 3974 3093 4037 per
3121 3957 3380 4038 seipsum
3420 3974 3434 4019 :
3472 3958 3585 4020 hoc
3615 3966 3729 4039 est,

2089 4060 2207 4103 non
2242 4060 2347 4123 per
2376 4041 2525 4104 alios
2553 4042 2869 4107 conciliata
2899 4044 3071 4107 nobis
3100 4063 3269 4127 pace,
3297 4044 3402 4108 sed
3438 4062 3546 4127 per
3574 4045 3733 4129 seip-

2087 4149 2217 4193 sum
2250 4130 2481 4195 elfecta.
2516 4131 2642 4205 Quo
2662 4140 2861 4195 autem
2893 4134 3069 4196 modo
3101 4136 3255 4197 hanc
3287 4134 3534 4197 effecit?
3572 4143 3729 4197 ιιι

2087 4219 2201 4282 Per
2242 4219 2617 4303 sanguinem,
2649 4221 2861 4303 inquit,
2895 4223 3284 4286 crucifixione
3330 4242 3483 4289 sua..
3520 4224 3731 4288 Cruci-

2087 4311 2235 4372 ﬁxus
2274 4310 2432 4372 enim
2482 4328 2588 4393 pro
2615 4310 2789 4373 nobis
2820 4312 3149 4393 paciﬁcavit
3197 4332 3266 4376 ac
3322 4313 3736 4378 reconciliavit

2086 4418 2216 4462 nos.
2256 4424 2284 4455 α
2329 4396 2464 4462 Sive
2518 4417 2654 4481 qua
2708 4400 2769 4462 in
2823 4410 2981 4463 terra
3035 4409 3250 4465 sunt.¢
3279 4402 3587 4485 Siquidem
3621 4422 3731 4466 nos

336 4497 516 4551 αεῖντῶν
563 4499 839 4567 Δεσπότην
880 4502 983 4557 ὑπὸ
1033 4508 1139 4557 τῶν
1183 4499 1490 4577 ἀνθρώπων.
1552 4503 1671 4561 Πῶς
1730 4494 1818 4552 οὖν
1848 4497 1999 4568 εἷΡῆ“

2087 4507 2320 4571 quoque
2349 4479 2637 4552 adversus
2671 4489 2866 4571 ipsum
2887 4490 3324 4555 dissidebamus
3347 4479 3403 4555 et
3424 4492 3737 4555 inimicitia

334 4607 405 4650 νη
455 4584 720 4668 γέγονεν;
766 4588 1074 4669 Ἀπήγαγεν
1131 4588 1185 4646 ἐν
1241 4591 1444 4667 οὐρανῴ
1484 4589 1546 4644 τὸ
1601 4592 1760 4661 σῶμα
1816 4586 1998 4665 αὐτοῦ,

2086 4588 2212 4641 erat
2239 4578 2521 4641 adversus
2552 4580 2811 4658 angelos,
2848 4581 3123 4643 inimicos
3152 4580 3326 4643 nobis
3357 4581 3626 4656 en‘ectos,
3661 4599 3732 4645 eo

331 4674 397 4729 τὸ
442 4672 634 4753 ἐχθρὸν
678 4676 864 4739 πάλαι.
947 4668 1198 4760 Ωφθησαν
1254 4677 1309 4734 δὲ
1350 4678 1440 4734 καὶ
1487 4676 1572 4732 ἐπὶ
1601 4678 1703 4754 γῆς
1748 4671 1987 4751 ἄγγελοι,

2087 4669 2239 4751 quod
2270 4669 2510 4731 illorum
2542 4668 2829 4732 Dominus
2859 4680 3019 4733 esset
3041 4671 3114 4733 ab
3138 4670 3485 4734 hominibus
3514 4671 3736 4753 injuria

329 4763 425 4818 καὶ
456 4764 641 4841 γέγονε
672 4765 818 4847 φιλία
846 4757 1035 4825 λοιπὸν
1063 4770 1152 4826 καὶ
1200 4770 1407 4847 εἰρήνη.
1468 4772 1589 4828 Πῶς
1646 4763 1736 4821 οὖν
1793 4760 1859 4818 δι’
1891 4763 1996 4841 ἀγ-

2087 4759 2349 4822 aﬂ'ectns.
2402 4757 2531 4831 Quo
2578 4758 2755 4847 modo
2814 4777 2954 4839 ergo
3006 4779 3114 4842 pax
3165 4761 3318 4823 facta
3346 4768 3471 4835 est;
3506 4760 3734 4841 Corpus

331 4849 510 4927 γέλων
540 4846 891 4935 προσάγεσθαι
922 4860 1080 4937 φησὶν
1103 4846 1383 4915 ὑπονοεῖτε
1413 4861 1518 4911 τῶν
1548 4851 1997 4927 ἐκπεπολεμωμέ-

2087 4847 2271 4929 ipsius
2303 4850 2363 4909 in
2395 4847 2610 4911 coelum
2642 4846 3004 4912 subductum
3034 4849 3274 4911 abstulit
3316 4856 3576 4912 veterem
3609 4850 3731 4913 ini-

332 4964 469 5019 νων,
500 4944 544 4998 εἰ
581 4945 658 5018 μη
688 4946 843 5010 αότὸς
874 4948 1169 5026 εἰρήνευσεν
1202 4966 1218 5026 ;

2087 4937 2398 5001 micitiam.
2434 4939 2858 5019 Apparuerunt
2884 4947 3081 5000 autem
3114 4946 3176 5002 et
3227 4938 3287 5000 in
3321 4946 3483 5001 terra
3509 4939 3728 5019 angeli,

332 5038 394 5090 et
428 4995 716 5114 deinceps
744 4995 895 5096 fadta
921 4995 1017 5098 2;:
1046 5055 1154 5118 pax
1186 4995 1245 5099 et
1272 5032 1552 5098 amicitia.
1590 5029 1719 5104 Quo
1750 5028 1930 5112 igitur
1958 5028 2133 5092 modo
2167 5046 2272 5109 per
2300 4995 2671 5109 angelorsrqui
2701 5026 2929 5090 inimici
2960 5027 3156 5091 eli‘ecti
3187 5035 3356 5091 erant
3386 5047 3487 5092 vos
3517 4995 3733 5101 adduci

329 5119 604 5201 potuisse
634 5122 1006 5200 existimatis,
1041 5125 1158 5187 nisi
1187 5121 1716 5207 ipsepacificasset
1743 5124 1771 5182 ?

972 5204 1231 5276 ΚΕΦΑΛ.
1264 5204 1355 5277 A'.

2721 5204 2961 5271 CAPUT
3004 5205 3104 5270 IV.

334 5319 367 5359 (
398 5303 527 5385 Περῖ
556 5302 719 5385 ἐθνῶν
748 5311 1108 5385 προσαγωγῆς
1164 5308 1265 5373 τῆς
1313 5304 1367 5360 ἰν
1410 5303 1619 5380 σώματι
1651 5306 1879 5377 Χριστοῦ
1907 5297 1996 5351 καὶ

2087 5293 2173 5357 De
2200 5293 2474 5385 gentium
2502 5293 2887 5385 addactionf,
2921 5313 3055 5385 quae
3079 5299 3243 5385 facta
3262 5304 3359 5385 est
3390 5297 3457 5361 in
3482 5316 3733 5381 corpore

412 5375 571 5439 πάθει
603 5383 689 5442 διὰ
727 5375 980 5451 πίστεως.
1019 5375 1047 5443 λ
1444 5455 1452 5461 .

2419 5380 2477 5436 et
2499 5377 2777 5456 passione
2806 5375 3030 5442 Christi
3054 5375 3167 5461 per
3193 5378 3396 5461 ﬁdem.

421 5499 446 5533 ε
502 5481 603 5538 Καὶ
657 5482 792 5556 ὑμᾶς
862 5503 994 5540 ποτε
1076 5479 1229 5546 ὄντας
1302 5455 1839 5556 ἀπηλλοτριωμένοᾱ
1909 5471 1998 5528 καὶ

2161 5455 2510 5545 [ﬁl-23.51
2524 5486 2627 5532 vos
2647 5475 2756 5552 qui
2773 5455 3081 5550 quondam
3100 5455 3293 5537 eratis
3316 5470 3651 5536 abalienati
3670 5479 3732 5537 et

326 5569 553 5651 ἑχθροὺς
612 5577 680 5648 τῇ
759 5570 989 5650 διανοίᾳ,
1059 5570 1114 5626 iv
1195 5582 1315 5634 τοῖς
1397 5568 1567 5649 ἔργοις
1644 5576 1764 5627 τοῖς
1822 5583 1997 5629 πονη-

2087 5557 2612 5633 inimicimente,in
2635 5559 2916 5641 operibus
2928 5561 3303 5639 malis,nunc
3313 5567 3512 5624 tamen
3533 5579 3732 5624 recon-

405 5729 440 5781 θ
464 5731 635 5796 Joan.
671 5751 713 5819 ι,
751 5735 851 5803 l6.
