4188 6412
329 313 393 376 3'
1439 334 1849 397 OECL'MENII
1897 330 2193 396 Tmcca;
2235 335 2569 398 EPISCOPI

3630 325 3704 388 32

326 459 726 547 est,icrescite
782 481 962 545 super
1023 464 1471 529 fundamentum
1524 468 1763 531 Christi.
1834 491 1860 523 α
1896 466 1972 528 Ac

2057 466 2349 547 τουτέστιν,
2411 464 2649 533 αὔξοντες
2721 468 2777 525 ἐν
2861 475 2937 542 τῷ
3029 467 3256 544 θεμελίῳ
3323 470 3415 524 τοῦ
3456 473 3704 547 Χριστοῦ.

328 546 785 638 confirmemini.
823 573 852 612 ι
889 552 1048 617 Nihil
1078 554 1423 633 ambiguum
1451 556 1528 618 sit
1558 573 1754 638 neque
1794 556 1974 618 vacil-

327 632 477 727 lans.
517 660 543 691 α
577 638 743 701 Sicut
773 642 967 705 edocti
998 645 1165 708 estis.
1205 669 1228 702 ιι
1253 632 1331 707 θΙῐι
1362 645 1481 707 ﬁde
1511 632 1751 727 quidem
1783 644 1978 709 edocti

329 723 506 816 estis:
536 733 793 792 attamen
828 741 1061 813 oportet
1091 734 1152 795 in
1183 734 1316 797 dies
1346 734 1407 796 in
1452 723 1580 816 ipsa
1622 735 1973 813 exuberare,

327 812 598 905 ignitiam
646 812 997 901 accipiendo
1041 822 1243 886 ﬁdem.
1294 848 1319 878 α
1353 812 1496 888 Cum
1526 824 1847 905 gratiarum
1883 812 1977 887 ac-

330 900 507 995 tione.
547 929 573 961 ι)
610 900 789 995 Quod
809 909 959 972 adeo
990 910 1164 991 longe
1216 912 1503 975 distantes
1533 900 1738 995 'prope
1768 915 1976 976 fecerit

328 991 573 1082 Densa:
609 994 822 1060 Videte
854 1000 1077 1082 nequis
1094 1019 1193 1063 vos
1210 991 1614 1081 depraadetnr.
1647 991 1979 1067 {Doctrina

324 1078 706 1146 interdictum
740 1086 916 1150 habet
951 1078 1252 1152 auditores
1293 1078 1627 1154 exterrens.
1664 1094 1977 1174 Deprzede-

331 1174 423 1229 tur
451 1179 647 1233 autem
680 1192 713 1236 a
772 1176 889 1239 ﬁde
948 1179 1164 1240 ocultis
1222 1198 1293 1243 ac
1347 1180 1663 1244 latentibus
1716 1182 1974 1248 insidiis.

332 1281 356 1310 ι
374 1255 496 1351 l’er
508 1261 948 1351 philosophiam
970 1267 1274 1331 etidanem
1292 1269 1735 1351 deceptionem.
1766 1297 1791 1328 υ
1822 1271 1979 1344 Quo-

328 1348 484 1437 niam
499 1350 889 1434 philosophia;
908 1374 1125 1419 nomen
1149 1377 1321 1437 grave
1334 1378 1403 1422 ac
1417 1348 1819 1422 venerandum
1845 1380 1977 1423 esse

328 1435 579 1515 videtur,
602 1440 1020 1524 deceptionem
1045 1435 1354 1527 adiunxit:
1393 1448 1631 1511 inanem
1672 1469 1834 1526 vero,
1868 1450 1972 1525 ait,

327 1544 533 1587 vanam
561 1537 811 1612 antqua;
842 1534 1180 1596 recentiora
1208 1536 1474 1617 quaedam
1499 1538 1826 1601 acdissona
1857 1540 1972 1600 do-

326 1625 477 1707 reat.
518 1642 546 1673 «ι
578 1619 750 1681 Juxta
780 1622 1076 1686 elementa
1107 1625 1334 1688 mundi.
1379 1652 1400 1684 ο
1450 1626 1511 1687 Si
1543 1628 1788 1707 ﬁguram
1836 1628 1971 1689 uui-

2068 572 2092 611 ε
2132 556 2231 613 Καὶ
2286 551 2648 632 βεϐαιούμενοί
2693 600 2709 616 .
2773 575 2803 616 )
2869 552 3070 632 Μηδὲν,
3134 558 3317 638 φησὶν,
3389 551 3706 637 ἀμφιϐολον,

2061 641 2197 720 μηδὲ
2239 643 2294 700 ἐν
2349 643 2645 725 δισταγμῷ.
2714 666 2739 702 ε
2777 645 2963 710 Καθὼς
3026 643 3366 727 ἐδιδάχθητε.
3422 666 3447 704 I
3493 641 3710 703 Ἐδιδά-

2060 736 2231 813 χθητε
2261 734 2360 809 μὲν
2403 735 2501 803 τὴν
2542 736 2740 810 πίστιν,
2798 733 2881 793 δεῖ
2925 734 3106 812 μέντοι
3162 737 3251 792 καὶ
3304 733 3626 814 περισσεύειν
3656 731 3710 788 ἒν

2061 826 2193 900 αὖτῇ
2262 824 2543 904 ὁσημέραι,
2618 823 2866 904 διάπυρον
2938 826 3037 893 τὴν
3114 827 3287 882 πίστιν
3380 822 3706 901 κτωμένους.

2066 934 2095 966 α
2141 912 2243 968 Σὺν
2292 914 2623 994 εὖχαριστίᾳ,
2678 936 2701 972 ο
2768 923 2862 972 Οτι
2913 916 3034 979 τοὺς
3075 915 3213 971 οὕτω
3271 914 3503 993 μακρὰν,
3552 910 3710 990 ἐγγὺς

2060 1002 2351 1068 πεποίηκεν
2379 1005 2407 1059 6
2473 1005 2622 1069 Θεὸς.
2691 1023 2721 1062 (
2781 1001 3013 1060 Βλέπετε
3070 1005 3147 1080 μή
3203 1024 3282 1069 τις
3320 1004 3457 1079 ὑμᾶς
3503 999 3652 1058 ἔσται
3681 1001 3712 1057 6

2060 1091 2411 1173 συλαγωγῶν.
2471 1117 2498 1151 ιι
2578 1093 2895 1151 Διδασκαλίαι
2952 1097 3089 1172 μετὰ
3162 1093 3542 1175 παραγγελίας,
3614 1090 3709 1150 ἐκ-

2060 1177 2294 1259 φοϐοῦσα
2348 1184 2471 1246 τοὺς
2556 1183 2842 1264 ἀκροατὰς.
2924 1183 3256 1263 Ευλαγωγῶν
3327 1180 3407 1258 δὲ,
3453 1182 3561 1238 ἀπὸ
3609 1185 3708 1248 τῆς

2059 1270 2310 1351 πίστεως,
2369 1274 2551 1354 φησὶν,
2610 1272 2829 1353 ἀφανέσι
2886 1274 2974 1329 καὶ
3031 1272 3301 1351 λαθραίαις
3360 1268 3699 1334 ἐπιϐουλαῖς.

2064 1380 2092 1413 α
2125 1359 2222 1416 Διὰ
2270 1360 2366 1428 τῆς
2403 1360 2709 1441 φιλοσοφίας
2762 1362 2850 1417 καὶ
2893 1361 3052 1428 κενῆς
3110 1360 3345 1428 ἀπάτης.
3414 1381 3438 1416 ι
3486 1355 3710 1425 Ἐπειδῆ

2055 1449 2117 1504 τὸ
2170 1454 2269 1516 τῆς
2326 1448 2636 1531 φιλοσοφίας
2692 1448 2859 1526 ὄνομα
2914 1452 3107 1527 σεμνὸν
3164 1450 3308 1507 εἶιαι
3384 1446 3557 1529 δοκεῖ,
3612 1448 3711 1515 τὴν

2055 1535 2265 1604 ἀπάτην
2310 1537 2641 1617 προσέζευζε,
2690 1548 2862 1606 Κενὴν
2917 1537 2973 1595 δέ
3016 1561 3171 1620 φησι,
3224 1538 3322 1607 τὴν
3380 1540 3631 1614 ματαίαν,
3668 1535 3704 1603 ἢ

2054 1625 2155 1692 τὴν
2201 1626 2431 1707 νεώτερά
2472 1650 2591 1685 τινα
2634 1629 2722 1685 καὶ
2777 1625 3045 1700 ἆπᾷδοντα
3090 1625 3461 1688 διδάσκουσαν.
3502 1648 3529 1681 ι
3565 1624 3713 1683 Κατὰ

326 1705 480 1769 versi
510 1710 716 1771 mundi
746 1711 804 1772 in
839 1712 1100 1775 medium
1129 1715 1391 1791 adducit,
1418 1705 1607 1777 multo
1637 1718 1822 1797 magis
1844 1717 1967 1779 ele-

2056 1714 2121 1768 τὰ
2149 1729 2401 1796 στοιχεῖα
2440 1726 2535 1776 τοῦ
2575 1717 2803 1793 κόσμου.
2841 1740 2868 1772 ι
2918 1719 2976 1775 Εἰ
3032 1718 3094 1773 τὸ
3132 1720 3326 1797 σχῆμα
3382 1715 3578 1779 παντὸς
3618 1718 3712 1769 τοῧ

325 1803 660 1895 mentorum
694 1819 825 1895 qua:
855 1802 916 1895 in
948 1802 1091 1895 ipso
1110 1814 1269 1868 sunt.
1311 1828 1333 1861 ι
1354 1810 1442 1895 iEt
1475 1826 1591 1867 non
1614 1808 1785 1887 juxta
1807 1807 1972 1870 Chri-

2057 1802 2259 1895 κόσμου
2312 1806 2562 1885 παράγει,
2623 1805 2810 1882 πολλῷ
2840 1804 3043 1882 μᾶλλον
3086 1805 3214 1895 τῶν,
3247 1804 3301 1895 έν
3372 1805 3517 1895 αὖτῷ
3557 1823 3707 1859 στοι-

324 1895 504 1975 stum.
544 1910 570 1942 υ
607 1886 734 1950 Jam
773 1889 1545 1974 deincepsincrepationem
1569 1886 1872 1957 exorditur
1900 1895 1972 1956 de

2060 1892 2247 1971 χείων.
2290 1916 2315 1950 ι
2364 1896 2464 1952 Καὶ
2502 1898 2561 1952 οὗ
2609 1897 2746 1952 κατὰ
2802 1895 3051 1975 Χριστόν.
3102 1918 3126 1951 ι
3189 1886 3323 1961 "Han
3380 1891 3566 1949 λοιπὸν
3618 1896 3712 1948 τοῦ

318 1974 553 2037 dierum
580 1975 1009 2046 observatione.
1039 1982 1171 2043 150
1218 1983 1526 2045 Elementa
1551 1992 1745 2046 autem
1772 1984 1972 2046 mundi

2060 1979 2289 2061 ἐλέγχου
2358 1980 2607 2064 ἄρχεται,
2663 1988 2762 2055 τῆς
2820 1974 2928 2040 τῶν
2987 1984 3202 2063 ἡμερῶν
3256 1982 3706 2062 παρατηρήσεως.

315 2064 459 2125 dicit
490 2066 678 2129 solem
712 2076 771 2130 et
798 2069 1026 2145 lunam,
1078 2090 1184 2152 per
1233 2092 1365 2153 quae
1415 2073 1569 2155 apud
1626 2073 1972 2152 insipientes

2063 2077 2322 2151 Στοιχεῖα
2364 2069 2422 2130 δέ
2472 2096 2601 2154 φησι
2631 2076 2858 2151 κόσμου,
2910 2071 3065 2140 ἥλιον
3111 2073 3198 2129 καὶ
3239 2070 3490 2145 σελήνην,
3537 2068 3606 2126 δι’
3635 2072 3711 2125 ὦν

318 2162 471 2247 sunt
482 2154 718 2247 dierqu
750 2158 1219 2234 observationes,
1244 2161 1304 2223 in
1331 2154 1672 2243 aspectibus
1702 2164 1839 2226 luce
1864 2181 1968 2225 ea-

2056 2172 2172 2223 τοῖς
2217 2157 2460 2241 ἄφροσιν,
2520 2166 2572 2220 αἱ
2627 2170 2732 2221 τῶν
2788 2164 3004 2244 ἡμερῶν
3064 2162 3460 2247 παρατηρήσεις
3503 2158 3558 2216 ἰν
3586 2170 3710 2220 ταῖς

317 2244 592 2307 rentibus
621 2256 682 2308 et
713 2246 773 2308 in
805 2249 1151 2329 eclipsibus.
1187 2250 1374 2314 Etiam
1408 2251 1456 2312 si
1485 2270 1553 2312 ex
1579 2252 1827 2313 dimidia
1849 2260 1972 2313 tau-

2057 2247 2374 2327 ἀφωτίστοις
2425 2252 2644 2330 φαέσεσι
2693 2252 2783 2308 καί
2836 2244 3155 2327 ἐκλείψεσιν,
3226 2251 3284 2307 Εἰ
3337 2249 3425 2305 καὶ
3479 2246 3531 2313 ἐξ
3572 2247 3710 2322 ἡμι-

321 2340 441 2394 tum
476 2342 666 2414 parte,
692 2336 905 2418 inquit,
939 2339 1284 2419 contingere
1330 2359 1433 2401 vos
1487 2341 1720 2403 Christo
1752 2360 1820 2403 ac
1845 2342 1971 2404 ele-

320 2424 534 2485 mentis
564 2424 896 2501 adhzerere,
932 2447 1007 2489 ne
1037 2428 1115 2489 ita
1147 2429 1389 2510 quidem
1422 2429 1733 2492 ferendum
1775 2438 1972 2509 esset;

320 2532 476 2575 nunc
511 2533 649 2576 vero
682 2515 923 2578 omnino
953 2536 1054 2579 vos
1083 2537 1117 2580 a
1138 2517 1371 2581 Christo
1393 2518 1715 2580 adducunt.
1759 2544 1786 2574 α
1811 2518 1976 2592 Quo-

321 2601 479 2663 niam
514 2603 573 2663 iu
608 2602 708 2664 illo
733 2603 1044 2670 inhabitat.
1079 2632 1106 2663 ι
1129 2606 1436 2680 Quomodo
1462 2616 1658 2669 autem
1689 2606 1979 2687 contingit

320 2699 378 2751 et
410 2693 467 2752 in
499 2711 677 2753 carne
707 2694 1184 2757 suhstautialiter
1212 2696 1545 2758 inhabitare
1603 2696 1787 2759 Deum
1817 2697 1972 2760 Ver-

320 2779 486 2857 lum,
519 2790 577 2843 et
607 2783 933 2845 secundum
974 2803 1284 2864 personam
1307 2785 1420 2865 ipsi
1456 2786 1630 2860 uniti,
1655 2804 1720 2847 ac
1755 2786 1974 2867 ubique

321 2888 453 2931 esse
483 2890 598 2933 non
634 2872 694 2933 in
717 2872 844 2955 ipsa
859 2875 1203 2936 conclusum
1226 2882 1253 2937 ?
1274 2874 1415 2936 Tale
1432 2875 1570 2957 quid
1598 2877 1811 2939 factum
1840 2894 1972 2938 esse

322 2959 740 3039 intelligamus.
777 2962 933 3043 quod
971 2962 1144 3024 etiam
1179 2963 1238 3024 in
1293 2965 1426 3027 luce
1473 2965 1704 3027 accedit
1736 2986 1749 3023 :
1783 2965 1978 3026 omnis

324 3059 520 3149 tamen
552 3050 747 3149 imago
778 3071 1076 3149 qmneque
1098 3054 1436 3135 exemplum
1482 3055 1653 3135 longe
1683 3054 1847 3117 abest
1874 3054 2033 3149 ab-C

323 3140 448 3219 ipsa
479 3141 743 3201 veritate.
779 3140 1086 3215 Quomodo
1118 3143 1276 3205 enim
1300 3143 1430 3204 ﬁeri
1454 3153 1665 3224 potest,
1700 3154 1761 3205 ut
1790 3144 1974 3206 sensi.

323 3230 462 3290 bilia
491 3239 921 3309 repraesentant
952 3232 1199 3293 divina?
1250 3232 1581 3297 Dicendum
1629 3242 1825 3295 tamen
1859 3243 1969 3296 est.

319 3319 831 3393 Quemadmodum
852 3321 949 3383 lux
972 3322 1031 3383 in
1058 3323 1225 3384 initio
1248 3332 1385 3385 ante
1415 3332 1628 3385 caetera
1662 3324 1967 3403 producta,

321 3428 453 3470 cum
482 3428 772 3487 corporea
807 3420 864 3472 et
917 3411 1329 3474 immaterialis
1380 3420 1559 3491 esset,
1613 3412 1670 3472 in
1719 3429 1971 3492 corpore

322 3508 515 3560 tamen
548 3498 729 3560 solari
760 3499 1179 3562 continebatur
1207 3502 1235 3561 ?
1264 3508 1521 3562 attamen
1558 3501 1737 3563 etiam
1763 3531 1777 3557 ι
1797 3519 1893 3560 um
1916 3501 1975 3561 in

320 3588 454 3667 ipso
484 3596 709 3649 estnon
735 3589 1088 3669 prohibetur
1118 3607 1314 3668 neque
1343 3589 1664 3669 impeditur
1686 3589 1831 3667 quin
1854 3610 1979 3651 om-

320 3678 416 3738 nia
436 3676 757 3740 illuminet.
793 3677 876 3740 Ita
897 3687 953 3739 et
976 3679 1136 3740 Deus
1162 3678 1448 3751 Verbum,
1472 3678 1568 3759 qui
1595 3677 1655 3738 in
1682 3677 1976 3760 principio

316 3786 556 3829 carnem
612 3786 730 3829 non
778 3768 1052 3843 habebat,
1098 3768 1439 3831 incarnatus
1484 3786 1600 3829 non
1629 3768 1976 3849 prohibetur

320 3857 494 3918 etiam
530 3857 695 3919 carni
727 3858 884 3919 uniri
947 3858 1274 3921 secundum
1329 3875 1669 3937 personam,
1717 3855 1869 3918 sicut
1913 3859 1971 3918 in

320 3948 443 4027 ipsa
479 3968 595 4009 non
623 3947 1035 4019 Concludatur,
1061 3947 1165 4008 se;
1189 3948 1389 4008 omnia
1412 3947 1675 4027 impleat,
1695 3947 1768 4008 Et
1788 3946 1863 4008 ob
1887 3946 1970 4028 id,

320 4046 381 4097 ut
410 4037 644 4116 opinor,
665 4039 791 4118 ipse
814 4036 1104 4098 Dominus
1128 4037 1390 4119 seipsum
1424 4036 1617 4098 lucem
1644 4037 1859 4116 apellat
1889 4037 1917 4084 7
1953 4054 1967 4100 :

319 4127 720 4189 ctMalachias
745 4126 945 4188 Solem
994 4126 1243 4207 justitiaa
1299 4128 1490 4207 ipsum
1554 4125 1871 4206 appellavit
1916 4128 1970 4189 8.

318 4216 612 4278 Praeterea
642 4224 698 4275 ct
730 4215 1252 4293 Psalmographns,
1278 4213 1380 4294 qui
1412 4215 1528 4275 ait:
1555 4214 1781 4275 Cecidit
1816 4215 1972 4295 ignis

316 4323 497 4385 super
523 4323 625 4365 eos
658 4312 849 4364 etnon
909 4303 1186 4365 viderunt
1242 4304 1429 4365 solem
1453 4303 1506 4366 6.
1568 4338 1641 4348 -
1707 4326 1727 4358 α
1764 4302 1973 4367 Omnis

2061 2336 2223 2411 σείας,
2283 2340 2464 2418 φησὶν,
2511 2339 2634 2407 ἐνῆν
2690 2342 2777 2397 καὶ
2829 2347 2908 2415 τῷ
2968 2342 3178 2419 Χριστῴ
3228 2338 3316 2395 καὶ
3384 2349 3501 2398 τοῖς
3557 2336 3707 2393 στοι-

2067 2426 2238 2504 χείοις
2309 2428 2621 2510 προσέχειν,
2694 2430 2783 2487 καὶ
2865 2428 3033 2493 οὕτως
3096 2428 3363 2509 ἀφόρητον
3394 2442 3409 2456 ⁸
3491 2433 3580 2485 νῦν
3595 2421 3704 2521 νδὲ,

2064 2517 2215 2592 φησὶ,
2274 2516 2545 2583 παντελῶς
2600 2521 2738 2595 ὑμᾶς
2794 2518 3056 2597 ἀπάγουσι
3109 2523 3201 2573 τοῦ
3244 2521 3491 2596 Χριστοῦ.
3530 2532 3562 2575 ι
3595 2516 3706 2573 Ὀτι

2061 2601 2116 2658 ἐν
2145 2609 2287 2680 αὐτῷ
2315 2621 2582 2671 κατοικεῖ,
2621 2632 2648 2663 α
2698 2609 2795 2666 Καὶ
2836 2614 2951 2671 πῶς
3016 2605 3183 2664 ἔνεστι
3226 2608 3315 2663 καὶ
3356 2605 3411 2661 ὲν
3438 2610 3509 2682 τῇ
3550 2605 3705 2682 σαρκὶ

2059 2692 2324 2757 οἲσιωδῶς
2380 2710 2653 2754 κατοικεῖν
2719 2697 2811 2753 τὸν
2864 2698 2994 2753 Θεὸν
3053 2697 3223 2773 Λόγον
3274 2696 3362 2751 καὶ
3400 2691 3517 2751 καθ’
3571 2693 3705 2750 ὑπό-

2059 2803 2241 2838 στασιν
2270 2784 2404 2861 αὐτῇ
2449 2786 2705 2861 ἡνῶσθαι,
2755 2786 2845 2842 καὶ
2904 2792 3185 2866 πανταχοῦ
3243 2785 3387 2841 εἶναι
3443 2783 3522 2859 μὴ
3550 2804 3707 2862 περι-

2054 2869 2364 2947 κλειόμενον
2393 2874 2447 2929 ὲν
2491 2878 2674 2952 αὐτῇς
2727 2875 2975 2933 Τοιοῦτόν
3030 2897 3079 2932 τι
3135 2876 3450 2953 γεγενῆσθαι
3492 2872 3708 2943 νοήσω-

2061 2982 2181 3036 μεν,
2242 2960 2371 3041 ὅπερ
2414 2964 2503 3019 καὶ
2545 2962 2629 3020 ἐπὶ
2685 2970 2779 3021 τοῦ
2831 2963 3029 3044 φωτός.
3091 2960 3433 3020 Ἐλαττοῦται
3479 2958 3535 3017 δὲ
3563 2967 3712 3018 πᾶσα

2059 3049 2215 3105 εἰκὼν
2280 3051 2366 3106 καὶ
2413 3050 2552 3107 ἅπαν
2642 3048 2977 3130 παράδειγμα
3048 3056 3147 3118 τῆς
3262 3048 3534 3117 ἀληθείας.
3589 3052 3712 3111 Πῶς

2057 3138 2156 3216 γὰρ
2212 3139 2274 3193 ἂν
2347 3141 2419 3219 τὰ
2474 3141 2718 3217 αἰσθητὰ,
2790 3138 3116 3217 διασημανεῖ
3174 3140 3241 3197 τὰ
3308 3142 3474 3219 θεῖα,
3562 3135 3711 3203 Πλὴν

2054 3212 2289 3288 λεκτέον.
2345 3212 2538 3309 Ὠσπερ
2579 3232 2641 3287 τὸ
2689 3212 3012 3309 προτόγονὸν
3080 3236 3193 3311 φῶς
3249 3229 3303 3285 ἐν
3338 3212 3510 3309 ἀρχῇ,
3557 3226 3707 3283 ἀσώ-

2054 3338 2219 3391 ματον
2265 3320 2350 3375 καὶ
2396 3317 2553 3376 ἄυλον
2603 3321 2867 3400 ὑπάρχον,
2926 3319 3179 3399 ἐνεκράθη
3237 3321 3314 3394 τῷ
3354 3316 3563 3391 ἧλιακῷ
3592 3315 3706 3372 σώ-

2053 3428 2207 3486 ματι,
2275 3409 2365 3464 καὶ
2458 3408 2643 3487 γέγονε
2725 3408 2919 3489 τρόπον
2942 3410 3065 3465 τενὰ
3152 3407 3484 3483 ἑνσώματον,
3565 3403 3707 3472 πλὴν

2057 3497 2144 3552 καὶ
2174 3495 2228 3551 ἐν
2286 3499 2429 3573 αὐτῷ
2481 3498 2748 3579 ὑπάρχον,
2809 3500 2869 3555 οὗ
2917 3497 3265 3577 περιείργεται
3319 3494 3436 3554 οὔτε
3491 3491 3702 3552 κωλύε-

2057 3606 2143 3639 ται
2212 3585 2593 3664 καταφωτίζειν
2661 3588 2727 3645 τὰ
2798 3586 2970 3645 πάντα
3006 3604 3021 3619 ’
3112 3586 3279 3649 οὕτως
3350 3588 3379 3642 6
3445 3582 3500 3639 ἒν
3557 3583 3707 3663 ἀρχῇ

2057 3669 2284 3752 ἄσαρκος
2357 3674 2488 3737 Θεὸς
2574 3674 2769 3753 Λόγος,
2845 3674 3129 3753 σαρκωθεὶς
3188 3677 3248 3732 οὗ
3300 3670 3562 3730 κωλύεται
3619 3672 3709 3727 καὶ

2056 3763 2207 3841 σαρκὶ
2259 3763 2491 3830 ἡνῶσθαι
2547 3761 2665 3820 καθ’
2721 3763 3033 3842 ὑπόστασιν,
3107 3763 3195 3819 καὶ
3253 3762 3330 3838 μὴ
3387 3758 3706 3841 σνγκεκλεῖ-

2055 3852 2171 3905 σθαι
2201 3849 2256 3904 ἐν
2286 3852 2439 3929 αὐτῇ,
2474 3848 2611 3912 ἀλλὰ
2640 3853 2706 3909 τὰ
2755 3852 2927 3908 πάντα
2978 3849 3203 3931 πληροῖ.
3242 3852 3340 3910 Καὶ
3395 3848 3480 3907 διὰ
3526 3856 3705 3924 τοῦτο,

2055 3937 2240 4019 οἶμαι,
2285 3940 2441 4003 αὑτός
2484 3960 2542 3996 τε
2600 3941 2787 4031 ἑαετὸν
2831 3942 2859 3997 6
2917 3940 3105 4019 Κύριος
3159 3946 3269 4022 φῶς
3313 3940 3710 4031 ὀνομάζει,.καὶ

2055 4030 2083 4083 6
2132 4014 2417 4108 Μαλαχίας
2462 4032 2617 4088 αὖτὸν
2665 4014 2844 4088 Ἥλιον
2900 4014 3132 4108 κέκληκε
3173 4014 3551 4097 ὸικαιοσύνης.
3584 4014 3695 4088 Ἐτι

2054 4115 2109 4173 δὲ
2150 4117 2235 4173 καὶ
2363 4116 2681 4193 Φαλμῳδὸς,
2750 4118 2920 4200 λέγων
2954 4138 2970 4154 ⁸
3024 4142 3051 4174 ι
3101 4102 3288 4178 ιἰίπεσε
3339 4126 3439 4199 πῦρ
3487 4117 3572 4175 ἐπ’
3603 4119 3702 4176 αὖ·

2054 4206 2200 4280 τοὺς,
2232 4207 2321 4263 καὶ
2365 4206 2460 4266 οὒκ
2505 4205 2651 4266 εἶδον
2690 4211 2782 4265 τὸν
2838 4206 3015 4275 ἥλιον,
3053 4231 3081 4263 ι
3129 4241 3210 4253 -
3264 4231 3292 4263 α
3324 4214 3435 4265 Πᾶν
3466 4210 3528 4264 τὸ
3553 4205 3701 4277 πλή-

2055 4317 2207 4374 ρωμα
2248 4295 2346 4363 τῆς
2390 4296 2667 4364 θεότητος.
2702 4315 2732 4356 )
2792 4297 2860 4355 Εἴ
2921 4319 2971 4354 τι
3038 4295 3169 4358 ἐστὶ.
3249 4297 3433 4376 φησὶν,
3491 4298 3519 4353 6
3576 4297 3706 4358 Θεὸς

319 4393 621 4473 plenitudo
678 4392 1087 4454 divinitatis.»
1177 4392 1473 4473 Quidquid
1553 4401 1662 4462 est,
1749 4392 1964 4475 inquit,

2056 4386 2248 4465 Λόγος,
2301 4386 2355 4442 ἐν
2412 4388 2554 4462 αὐτῷ
2604 4400 2869 4445 κατοικεῖ·
2932 4385 3099 4444 Ἀλλὰ
3154 4386 3234 4462 μὴ
3277 4387 3498 4462 νομίσῃς
3550 4386 3705 4444 αὐτὸν

315 4487 474 4545 Dens
504 4482 770 4557 verbum,
817 4483 876 4543 in
908 4481 1036 4563 ipso
1080 4482 1390 4543 inhabitat.
1422 4481 1508 4544 Ne
1540 4492 1733 4544 tamen
1766 4483 1961 4565 ipsum

315 4594 383 4636 ex
417 4574 528 4637 hoc
552 4592 684 4635 esse
714 4573 1059 4633 conclusum
1096 4572 1390 4652 intelligas
1423 4593 1436 4633 :
1483 4572 1778 4653 siquidem
1814 4581 1967 4634 totus

312 4664 657 4725 incarnatus
690 4670 800 4742 est,
855 4674 913 4721 et
964 4670 1117 4721 lotus
1165 4670 1225 4723 et
1273 4681 1406 4722 cum
1461 4665 1674 4723 l'atre:
1712 4681 1967 4743 cumque

313 4771 564 4832 corpore
582 4750 1071 4832 circumscriptus
1094 4750 1191 4823 sit,
1222 4760 1418 4812 tamen
1440 4751 1749 4813 divinitate
1766 4765 1968 4813 manet

313 4840 887 4920 incircumscriptus.
929 4863 951 4894 ιι
989 4840 1412 4920 Corporaliter.
1452 4837 1506 4897 ι’
1542 4839 1666 4902 Hoc
1715 4853 1827 4913 est,
1861 4858 1963 4901 se-

314 4929 573 4993 cundum
607 4927 996 4989 substantiam
1030 4937 1218 4990 etnon
1239 4929 1365 4990 solo
1389 4928 1588 4991 habitu
1622 4937 1720 4990 aut
1752 4929 1960 5008 figura.

316 5020 384 5082 lit
416 5037 486 5080 eo
521 5017 719 5090 modo,
745 5018 958 5097 inquit,
992 5037 1108 5099 quo
1139 5018 1365 5080 habitat
1387 5019 1581 5080 anima
1606 5019 1663 5079 in
1688 5037 1960 5100 corpore,

312 5110 392 5170 ita
422 5109 547 5169 haac
576 5104 943 5168 habitavitin
999 5117 1302 5188 assumpto
1356 5108 1618 5170 homine.
1654 5106 1962 5179 Quomodo

311 5208 507 5258 autem
541 5195 767 5257 habitat
792 5195 989 5257 anima
1015 5195 1074 5257 in
1107 5199 1400 5277 corpore?
1444 5196 1599 5261 Sane
1621 5196 1957 5267 inconlnse,

309 5286 580 5347 indivise.
626 5284 917 5357 Quoniam
978 5286 1137 5346 cnim
1196 5288 1469 5350 dixerat:
1518 5286 1848 5350 Inhabitut:
1888 5305 1964 5347 ne

311 5376 612 5438 existimes
645 5375 796 5455 quod
826 5374 883 5433 in
918 5393 988 5435 eo
1014 5376 1087 5436 sit
1119 5386 1383 5456 operata,
1438 5376 1586 5437 sicut
1619 5384 1678 5440 et
1708 5375 1782 5437 de
1816 5394 1958 5454 pro-

2042 5373 2213 5438 τῖθησι
2269 5370 2353 5445 τὸ,

2051 4473 2110 4530 ἐκ
2163 4476 2347 4531 τούτου
2406 4475 2814 4553 συγκεκλεῗσθαι
2848 4492 2860 4505 ·
2921 4477 3009 4533 καὶ
3065 4476 3164 4555 γὰρ
3222 4474 3495 4555 έσαρκώθη
3537 4473 3702 4548 ἅπας,

2049 4565 2136 4619 καὶ
2186 4567 2320 4638 μετὰ
2376 4575 2469 4623 τοῦ
2525 4565 2729 4645 Πατρός
2787 4564 2928 4622 ἔστιν
2984 4565 3151 4638 ἅπας,
3197 4564 3402 4640 σώματι
3458 4563 3703 4643 περίγρα-

2051 4675 2178 4719 πτος
2208 4653 2306 4710 ὢν⁶
2336 4652 2547 4721 θέοτητι
2606 4652 2662 4709 δὲ
2716 4654 3128 4734 ἀπερίγραπτος.
3195 4678 3219 4708 ε
3279 4658 3627 4728 Σωματικῶς.
3668 4672 3696 4711 ι

2051 4743 2349 4817 Τούτέστιν,
2435 4740 2725 4819 οὖσιωδῶς,
2814 4747 2874 4802 οὖ
2929 4746 3220 4823 σχετικῶς.
3306 4743 3405 4800 Καὶ
3478 4743 3552 4806 ὡς
3641 4741 3702 4797 ἃν

2048 4833 2264 4909 obuiam,
2297 4834 2479 4913 φησὶν,
2513 4833 2565 4890 ἐν
2621 4833 2828 4908 σώματι
2888 4834 3066 4913 ψυχὴ,
3115 4831 3282 4895 οὕτως
3341 4831 3579 4905 ὲνῴκησε
3627 4837 3703 4905 τῷ

2047 4920 2432 5001 προσληφθέν-τι
2478 4923 2760 5002 ἀνθρώπῳ.
2836 4928 2957 4986 Πῶς
3016 4920 3071 4977 δὲ
3127 4920 3326 4978 ἐνοικεῖ
3395 4919 3550 4999 ψυχή
3599 4920 3703 4975 σώ-

2047 5033 2173 5085 ματι
2208 5032 2223 5091 ;
2278 5009 2558 5093 Δηλονότι,
2586 5012 2928 5094 άσυγχύτως,
2962 5010 3293 5091 ἀδιαιρέτως.
3350 5006 3568 5077 Ἐπειδὴ
3600 5010 3701 5087 γὰρ

2050 5117 2165 5176 ῖπε,
2202 5111 2477 5174 Κατοικεῖ,
2535 5102 2628 5159 ἵνα
2671 5105 2749 5178 μὴ
2797 5104 3025 5179 νομίσῃς
3073 5100 3155 5158 ὄτι
3193 5100 3461 5179 ἐνηργῆοη
3505 5100 3580 5163 ὡς
3609 5100 3700 5154 καὶ

2046 5193 2093 5248 οἱ
2158 5196 2426 5270 προφῆται
2485 5190 2692 5271 (ἐνῴκει
2750 5193 2850 5272 γὰρ
2909 5194 3091 5257 αὑτοῖς
3149 5192 3178 5247 6
3235 5193 3366 5254 Θεὸς
3419 5189 3555 5247 κατὰ
3608 5189 3694 5267 τὸ,

2050 5305 2077 5336 α
2125 5280 2424 5351 Ἐνοικήσω
2466 5281 2520 5337 ἐν
2551 5284 2733 5346 αὗτοῖς
2777 5283 2864 5337 καὶ
2905 5281 3323 5359 ἐμπεριπατήσω
3355 5298 3373 5315 ·
3411 5277 3471 5359 ι)
3519 5299 3691 5359 προσ-

2442 5378 2793 5452 Σωματικῶς,
2874 5371 3167 5445 τουτέστιν,
3250 5366 3541 5449 οὗσιωδῶς,
3637 5372 3696 5427 οὗ

312 5466 505 5549 phetis
529 5463 749 5527 dicitur
783 5462 1094 5527 .Inhabitat
1126 5465 1281 5527 enim
1325 5466 1385 5527 iu
1434 5466 1580 5547 ipsis
1615 5465 1961 5546 Deusjuxta

2056 5471 2309 5547 τχετικῶς
2353 5462 2429 5525 ὡς
2472 5461 2526 5518 ἐν
2572 5464 2779 5540 σώματι
2837 5462 3017 5543 ψυχή.
3075 5458 3254 5523 Οὕτως
3307 5460 3395 5515 καὶ
3439 5461 3468 5515 6
3497 5456 3695 5534 Κύριλ-

392 5636 420 5689 7
447 5633 623 5699 Joan.
659 5652 782 5714 vni,
828 5633 917 5700 12.
1006 5637 1037 5685 8
1068 5634 1316 5699 Malach.
1351 5653 1431 5711 IV,
1467 5637 1523 5699 2.

1611 5637 1645 5685 9
1677 5636 1829 5697 l'sal.
1864 5652 2003 5711 Lm,
2038 5635 2098 5699 9.
