4188 6444
432 257 512 319 35

1557 263 1970 327 OECUMENII
2016 259 2314 323 TRICCA}
2358 259 2692 322 EPISCOPI

3750 260 3828 323 36

431 394 678 457 mortuis
710 392 973 461 excitati,
1037 393 1250 475 inquit,
1317 396 1458 456 estis
1513 405 1570 457 et
1621 415 1745 458 vos.
1807 394 2066 458 Potentia

2160 393 2258 470 γὰρ
2307 391 2638 471 ἐγηγέρμεθα
2696 400 2766 470 τῇ
2823 392 3060 468 δυνάμει,
3125 397 3167 450 εἰ
3212 397 3299 450 καὶ
3357 397 3435 470 μη
3466 401 3535 472 τῇ
3565 394 3827 474 ἐνεργείᾳ.

429 505 686 568 namque
704 483 936 545 exritati
960 503 1189 561 sumus,
1225 505 1563 566 quanquam
1585 487 1850 547 nomium
1865 486 2077 546 effectu

428 593 488 644 et
517 576 883 660 operatione.
918 576 1047 633 Jam
1077 585 1274 635 autem
1313 574 1571 636 rationes
1602 594 1733 655 qua:
1763 575 1832 636 de
1867 593 2072 635 resur-

428 670 689 731 rectione
720 671 886 726 erant
941 662 1230 726 dissolvit.
1301 687 1322 718 «ι
1392 668 1458 726 Et
1515 684 1614 725 vos
1675 683 1807 725 cum
1844 665 2072 743 essetis,

428 770 540 822 etc.
575 785 600 812 ι)
623 751 1011 817 Circumcisio
1035 753 1188 832 quod
1218 755 1584 830 superfluum
1612 763 1700 814 est
1729 753 1903 821 tollit.
1940 762 2073 813 tan-

423 867 604 930 quam
638 841 990 926 praaputium
1022 843 1388 919 superfluum
1440 841 1635 903 fuerit.
1674 841 1865 902 Eratis
1895 840 2076 920 igitur

427 946 482 1000 et
511 954 636 1008 vos,
669 931 881 1012 inquit,
908 930 1215 1010 superflui,
1249 950 1382 991 cum
1409 950 1477 993 ea
1498 931 1771 992 faceretis
1795 950 1925 1012 quae
1954 949 2072 991 non

423 1027 725 1087 decerent.
754 1018 1054 1098 Quidquid
1071 1027 1160 1079 est
1182 1038 1320 1098 ergo
1349 1029 1558 1100 praeter
1579 1021 1823 1092 decens,
1850 1038 2070 1100 super-

421 1115 608 1174 ﬂuum
635 1118 744 1172 est.
779 1107 920 1170 Cum
952 1107 1148 1188 itaque
1171 1109 1386 1170 mortui
1414 1109 1624 1170 essetis
1649 1117 1891 1189 propter
1913 1107 2070 1168 inef-

421 1202 676 1264 ficatiam
706 1197 778 1259 ad
821 1197 1067 1268 bonum,
1103 1203 1161 1257 et
1194 1206 1437 1277 promer
1469 1197 1772 1277 przeputia,
1810 1199 2072 1258 circum-

421 1293 531 1353 ci-i
565 1288 707 1351 estis
739 1285 1148 1366 spiritualiter,
1181 1297 1238 1348 et
1274 1287 1586 1349 viviticavit
1616 1306 1739 1347 vos.
1804 1312 1826 1340 α
1886 1284 2071 1347 Simul

419 1400 553 1444 cum
577 1379 676 1440 illo
700 1375 1030 1436 vivificavit.
1061 1401 1084 1430 κ
1117 1375 1416 1437 Christum
1441 1375 1679 1456 quidem
1705 1394 1770 1436 ex
1798 1373 2073 1435 sensibili

421 1479 628 1540 morte,
685 1485 786 1528 vos
843 1473 1042 1526 autem
1132 1483 1204 1525 ex
1295 1464 1566 1526 sensibili
1653 1464 1830 1525 simul
1895 1473 1952 1524 et
2008 1480 2076 1523 ex

418 1555 782 1636 intelligihili
844 1563 1034 1614 morte
1093 1562 1497 1632 peccatorum.
1558 1553 1643 1614 Ne
1704 1572 1840 1615 vero
1891 1551 2077 1612 admi-

2181 483 2291 551 Πδη
2351 483 2407 540 δὲ
2463 487 2584 548 τοὺς
2643 487 2759 566 περὶ
2834 485 3172 550 ἆναστατεως
3225 485 3545 544 καταϐάλλει
3606 485 3823 565 λόγους.

2166 596 2192 626 (ι
2221 574 2318 630 Καὶ
2347 573 2484 649 ὑμῆς
2519 576 2729 653 νεκροὺς
2787 571 2966 650 ὄντας,
3006 599 3032 628 ι
3098 577 3183 630 καὶ
3224 578 3288 630 τὶ
3333 576 3479 640 ἑξῆς.
3547 568 3609 633 ’Π
3662 595 3822 654 περι-

2159 661 2302 736 τομὴ
2359 664 2419 718 τὸ
2443 665 2683 742 περιττὸν
2745 681 3031 743 περιαιρεῖ,
3093 666 3166 728 ὡς
3223 669 3321 731 τῆς
3375 662 3717 744 ἀκροϐυστίας
3761 667 3822 720 τὸ

2161 751 2399 828 περιττὸν
2456 749 2716 831 ἐχούσης,
2803 755 3044 830 Περιττοὶ
3130 753 3240 832 οὖν,
3303 756 3481 832 φησὶν,
3579 754 3673 822 ἦτε
3731 751 3819 809 καὶ

2157 839 2332 911 ὑμεῖς,
2408 839 2472 894 τα
2545 840 2623 913 μὴ
2696 841 2998 908 καθήκοντα
3057 847 3353 906 ποιοῦντες,
3406 848 3514 898 Πᾶν
3603 843 3701 921 γὰρ
3758 843 3818 896 τὸ

2158 923 2256 990 ἔξω
2309 934 2402 983 τοῦ
2471 927 2787 1007 πρέποντος,
2864 930 3107 1007 περιττόν
3207 930 3374 990 ἐστιν.
3493 941 3661 996 Οντας
3729 937 3817 987 οὖν

2158 1015 2368 1092 νεκροὺς
2429 1030 2552 1079 ταῖς
2624 1018 2904 1096 ἁμαρτίαις
2995 1015 3078 1074 διὰ
3149 1020 3246 1086 τὴν
3316 1022 3446 1096 προς
3539 1022 3599 1075 τὸ
3655 1017 3818 1076 καλὸν

2156 1101 2532 1181 ἀνενεργησίαν
2588 1106 2676 1160 καὶ
2763 1103 3137 1184 ἀκροϐύστους,
3226 1109 3508 1187 περιέτεμέ
3556 1130 3612 1164 τε
3682 1130 3816 1176 νοη-

2155 1197 2284 1272 τῶς,
2358 1196 2444 1250 καὶ
2503 1193 2879 1266 ἐζωοποίησεν,
2942 1220 2970 1252 ιι
3018 1201 3476 1270 Συνεζωοποίησεν
3531 1199 3673 1275 ὑμῆς
3727 1200 3818 1253 σὺν

2157 1285 2318 1356 αὐτῷ.
2361 1306 2388 1337 ι
2422 1285 2520 1340 Τὸν
2578 1284 2676 1359 μὲν
2739 1287 2986 1364 Χριστὸν,
3048 1287 3107 1342 ἐκ
3149 1295 3243 1344 τοῦ
3301 1289 3542 1355 εἷσθητοῦ
3571 1288 3816 1366 Θανάτου,

2155 1372 2289 1444 ὑμᾶς
2334 1371 2389 1427 δὲ
2449 1371 2508 1428 ἐκ
2564 1381 2657 1429 τοῦ
2704 1375 2954 1442 αἰσθητοῦ
3011 1379 3098 1432 καὶ
3163 1385 3256 1433 τοῦ
3320 1387 3511 1444 νοητοῦ
3567 1386 3658 1434 τοῦ
3714 1382 3820 1432 τῶν

2163 1460 2453 1538 ἁμαρτιῶν.
2519 1469 2606 1530 Mn
2674 1467 2902 1538 θαύμαζε
2982 1463 3060 1540 δὲ,
3144 1467 3186 1520 εἰ
3262 1469 3350 1522 τὸν
3408 1466 3616 1544 Πατέρα
3674 1463 3816 1542 λέγει

2161 1547 2573 1619 ἐζωοποιηκέναι
2632 1553 2722 1608 τὸν
2769 1553 3015 1630 Χριστόν.
3094 1557 3191 1612 Καὶ
3274 1557 3373 1634 γὰρ
3429 1557 3516 1611 καὶ
3575 1552 3820 1633 ἀλλαχοῦ

425 1650 574 1710 reris
607 1647 655 1708 si
715 1644 948 1706 Patrem
1004 1642 1150 1746 dicit
1205 1643 1532 1704 vivificasse
1566 1643 1891 1746 Christum.
1931 1641 2066 1702 Ete-

2161 1637 2394 1716 εἴρηται,
2428 1638 2508 1696 ὅτι
2557 1641 2740 1697 ἑαυτὸν
2799 1640 3001 1721 ἤγειρε.
3079 1644 3239 1700 Κοινᾶ
3298 1646 3398 1722 γὰρ
3470 1645 3673 1723 Πατρὸς
3731 1643 3820 1698 καὶ

425 1740 547 1800 ηἰιη
610 1735 748 1797 alibi
807 1752 1041 1813 quoque
1098 1732 1317 1794 dictum
1397 1739 1489 1793 rst
1564 1731 1720 1812 quod
1808 1730 2066 1807 seipsum

2161 1728 2276 1783 Υἰού
2333 1729 2418 1784 καὶ
2487 1730 2785 1803 Πνεύματος
2857 1733 2922 1785 τὰ
3007 1731 3282 1808 γινόμενα,
3365 1757 3389 1786 α
3453 1733 3816 1806 Χαρισάμενος

421 1824 885 1890 suscitaverit”.
911 1821 1210 1902 S'quidem
1237 1821 1575 1882 communia
1603 1830 1744 1881 sunt
1768 1819 1979 1881 Patris.
2019 1826 2066 1878 el

2156 1817 2288 1891 ἡμῖν
2360 1819 2529 1872 πάντα
2600 1820 2664 1873 τα
2719 1821 3126 1896 παραπτώματα
3217 1845 3244 1876 ι
3320 1823 3396 1880 Τὰ
3452 1822 3552 1889 τὴν
3610 1820 3811 1887 νοητὴν

425 1915 555 1980 Filii
580 1934 647 1976 ac
684 1913 941 1993 Spiritus
970 1929 1172 1991 opera.
1226 1934 1249 1967 ι(
1288 1911 1645 1973 Condonans
1675 1907 1844 1969 nobis
1874 1905 2066 1967 omnia

2157 1912 2407 1962 ποιοῦντα
2473 1909 2784 1986 νεκρότητα.
2851 1930 2877 1964 τ
2973 1908 3284 1984 Ἐξαλείψας
3358 1913 3419 1966 τὸ
3488 1910 3603 1966 καθ’
3659 1911 3815 1985 ἡμῶν

417 2006 656 2067 delicta.
691 2027 713 2059 ι»
751 2001 893 2074 Quae
924 2001 1394 2062 intellectualem
1430 1998 1729 2060 faciebant
1760 1996 2066 2057 mortifica-

2159 1997 2535 2075 χειρόγραφον.
2605 2021 2624 2054 ι
2687 1995 3002 2072 Ἐξαλείψας
3061 2000 3159 2074 μὲν
3218 2001 3371 2055 οἱονεὶ
3415 1999 3628 2062 τελείως
3673 1999 3813 2077 ἀφα-

415 2096 663 2159 tionem.
735 2117 761 2146 ε
821 2091 1026 2152 Deleto
1072 2090 1228 2170 qnod
1263 2090 1542 2149 adversus
1577 2107 1684 2148 nos
1717 2096 1846 2147 erat
1874 2085 2065 2148 chiro-

2153 2087 2326 2149 νίσας.
2375 2086 2734 2165 Χειρόγραφον
2763 2085 2818 2142 δὲ
2848 2085 3014 2164 λέγει,
3050 2088 3085 2155 ἢ
3144 2088 3351 2155 ἐκείνην
3381 2087 3524 2166 λέγει
3568 2093 3667 2155 τὴν
3699 2092 3816 2144 οἷον

414 2184 660 2263 grapho.
701 2207 719 2236 ι
759 2180 984 2243 Delevit
1012 2179 1276 2258 quidem.
1315 2179 1422 2239 hoc
1456 2186 1565 2251 est,
1603 2179 1838 2257 penitus
1870 2194 1901 2236 e
1935 2193 2066 2234 me-

2149 2171 2440 2254 ξδιόχειρὸν
2607 2173 2864 2254 ἷδιόφονον
2938 2175 3248 2256 ὁμολογίαν,
3326 2180 3391 2246 ἢν
3445 2178 3626 2257 ἔλεγον
3684 2180 3814 2256 πρὸς

417 2261 696 2334 dio—tulit.
723 2269 1200 2347 ChirOgraphum
1229 2285 1369 2326 vero
1393 2266 1538 2327 dicit
1573 2272 1672 2326 aut
1699 2264 1856 2324 illam
1893 2263 2066 2324 veluti

2155 2267 2406 2337 Μωϋσῆν,
2436 2261 2517 2318 ὅτι
2573 2286 2594 2318 ς
2646 2265 2822 2321 Πάντα
2879 2265 2978 2321 ὅσα
3035 2267 3190 2322 εἶπεν
3244 2270 3271 2323 6
3330 2269 3483 2341 Θεὸς,
3517 2268 3813 2341 ποιήσομεν

419 2361 656 2442 propria
681 2377 858 2419 manu
885 2368 942 2418 et
965 2357 1204 2436 pr0pria
1229 2374 1368 2416 voce
1391 2355 1601 2416 factam
1628 2353 2066 2415 confessionem

2154 2351 2242 2406 καὶ
2272 2350 2624 2426 ἀκουσόμεθα,
2677 2376 2703 2407 ι
2768 2353 2800 2420 ἢ
2851 2355 2949 2420 τὴν
3004 2355 3341 2433 ὀφειλομένεν
3408 2362 3484 2430 τῷ
3541 2362 3656 2430 Θεῷ
3704 2355 3811 2410 ύπ-

419 2440 838 2530 quadixernnt
871 2447 939 2506 a'i
977 2449 1177 2508 Mosen
1213 2463 1225 2505 ξ
1269 2466 1293 2502 α
1329 2442 1543 2506 Omnia
1573 2459 1941 2520 qumcunque
1973 2440 2068 2499 di-

420 2539 501 2599 xit
533 2537 691 2600 Deus
724 2537 1028 2607 faciemus,
1066 2543 1122 2593 et
1151 2533 1500 2594 obedientes
1533 2531 1759 2592 erimus
1791 2531 1878 2600 ης
1920 2555 1942 2586 u
1972 2537 2073 2590 aut

417 2646 546 2688 eam
572 2644 701 2707 quae
718 2624 838 2685 Deo
859 2622 1110 2684 debetur
1133 2621 1529 2684 obedientiam
1554 2639 1566 2683 :
1587 2629 1683 2681 aut
1710 2627 2069 2707 praeceptum

417 2715 562 2776 illud
594 2706 721 2795 pra)
744 2712 880 2794 -epit
913 2715 1069 2774 Deus
1099 2711 1211 2792 ipsi
1247 2711 1427 2771 Adam
1457 2729 1469 2768 :
1526 2737 1548 2764 α
1581 2708 1945 2789 Quacunque
1977 2706 2075 2768 die

422 2804 755 2867 comederis
784 2803 861 2864 de
894 2802 1077 2880 ligno,
1113 2801 1392 2863 morieris
1422 2801 1496 2860 l5.
1539 2826 1563 2855 ι)

510 2897 636 2955 155
681 2893 762 2954 Ex
787 2891 1196 2954 incarnatione
1219 2890 1396 2969 igitur
1420 2891 1679 2950 solutum
1729 2889 1838 2949 hoc
1873 2886 2073 2948 chiro-

415 2985 726 3065 graphum.
760 2981 1047 3043 Dominus
1075 2981 1236 3040 enim
1274 2980 1568 3060 susceptis
1590 2976 1811 3040 nostris
1837 2975 2072 3037 delictis

2156 2441 2345 2511 ακοὴν,
2392 2442 2426 2508 ἢ
2496 2440 2705 2524 ἐκεένην
2763 2444 2861 2508 τὴν
2919 2441 3164 2524 ἐντολὴν,
3236 2444 3529 2501 ἐνετείλατο
3587 2447 3615 2500 ὁ
3685 2445 3812 2507 Θεὸς

2158 2536 2234 2604 τῷ
2263 2527 2454 2608 Ἀδὰμ,
2497 2553 2524 2584 α
2572 2519 2636 2599 ’ᾘ
2697 2529 2742 2585 δ’
2801 2530 2860 2586 ἂν
2906 2533 3081 2611 ἡμέρᾳ
3132 2519 3307 2614 ιράγῃς
3363 2534 3467 2590 ἀπὸ
3514 2540 3606 2590 τοῦ
3635 2532 3807 2611 ξύλου,

2158 2618 2456 2693 ἀποθάνῃς,
2501 2644 2523 2672 ο

2235 2886 2332 2943 Ἐκ
2398 2891 2496 2953 τῆς
2593 2887 3038 2969 ἐνανθρωπήσεως
3122 2891 3209 2946 οὖν
3233 2889 3444 2948 λέλυ;αι
3530 2899 3683 2948 τοῦτο
3747 2891 3807 2944 τὸ

2154 2975 2507 3054 χειρόγραφον
2542 3023 2556 3037 .
2605 2979 2708 3042 Τὰς
2765 2980 2865 3058 γὰρ
2908 2979 3163 3057 ἁμαρτίας
3218 2981 3372 3055 ἡμῶν
3442 2974 3718 3034 ἀναλαϐὼν
3779 2978 3806 3032 6

416 3083 472 3136 et
509 3064 784 3153 tanquam
815 3068 1068 3150 propriis
1098 3068 1211 3129 sibi
1244 3068 1430 3141 factis,
1474 3084 1675 3148 poenas
1705 3084 1938 3146 quoque
1963 3082 2066 3153 pro

2155 3064 2336 3153 ξίύριος
2377 3065 2463 3119 καὶ
2507 3065 3056 3142 οἷκειοποιησάμενος.
3122 3069 3221 3135 τὴν
3262 3069 3397 3142 ἡμῖν
3456 3064 3806 3146 ὀφειλομένην

421 3162 507 3224 eis
537 3151 700 3222 dedit
727 3177 859 3239 qum
888 3157 1062 3218 nobis
1091 3156 1481 3229 debebantur,
1535 3153 1760 3217 relictis
1792 3152 1963 3214 nobis
1995 3151 2067 3212 li-

416 3250 601 3312 beris.
637 3267 770 3310 cum
805 3247 1022 3308 hostile
1053 3245 1227 3306 nobis
1275 3255 1432 3306 esset
1486 3251 1543 3305 et
1595 3243 1905 3305 adversum
1961 3259 2069 3302 nos

413 3339 598 3401 debiti
659 3336 1142 3415 chirographum.
1224 3334 1458 3397 Etenim
1521 3351 1654 3394 cum
1716 3341 2070 3410 transgressi

412 3428 732 3489 fuissemus
762 3423 920 3505 quod
953 3423 1207 3484 confessi
1261 3441 1524 3495 eramus,
1555 3419 1798 3483 obnoxii
1830 3436 2071 3484 eramus

413 3515 828 3594 chirographo.
856 3536 882 3567 α
917 3512 1241 3590 Dogmatis.
1274 3535 1297 3569 si
1330 3510 1454 3572 Hoc
1477 3516 1588 3589 est,
1610 3509 1727 3569 ﬁde
1750 3508 1809 3568 in
1838 3507 2056 3587 ipsum;

413 3605 568 3667 Satis
602 3602 758 3664 enim
795 3608 904 3681 est,
955 3600 1164 3680 inquit,
1201 3600 1390 3660 solum
1426 3598 1694 3660 credere.
1730 3596 1800 3658 Et
1828 3596 2057 3677 baptis-

413 3700 567 3754 mate
601 3691 836 3752 deletur
863 3688 1358 3769 Chirographum.
1400 3713 1425 3742 α
1447 3686 1771 3766 Dogmalis.
1807 3710 1828 3743 ο
1857 3684 1917 3746 Id
1943 3692 2053 3759 est,

418 3799 526 3862 per
550 3782 823 3858 dogmata
854 3777 1106 3858 pietatis.
1149 3799 1174 3836 α
1209 3775 1373 3849 Quod
1407 3785 1529 3837 erat
1560 3777 1917 3837 contrarium
1947 3793 2054 3834 no-

417 3868 529 3930 bis.
569 3892 591 3925 ιι
628 3870 838 3930 Sermo
872 3866 965 3926 hic
993 3866 1392 3928 intensiunem
1448 3884 1515 3927 ac
1545 3863 2057 3927 confirmationem

410 3962 592 4019 venia:
621 3957 908 4019 continet.
943 3954 1329 4028 Condonavit,
1391 3955 1604 4035 inquit,
1659 3963 1716 4016 at
1744 3963 1937 4015 metus
1970 3959 2060 4013 est

410 4069 486 4110 ne
519 4047 883 4129 paenitudine
914 4047 1131 4108 ductus
1160 4054 1392 4126 repetat
1420 4065 1433 4106 :
1469 4047 1573 4108 sed
1607 4045 1784 4106 etiam
1817 4043 2055 4106 delevit.

410 4136 585 4217 Atqui
618 4139 728 4198 hoc
755 4135 974 4216 ipsum,
1010 4134 1224 4214 inquit,
1253 4138 1413 4214 quod
1443 4135 1687 4195 omnino
1717 4132 1859 4194 alibi
1880 4132 2055 4192 situm

409 4225 505 4299 sit,
540 4243 874 4305 quanquam
917 4224 1204 4294 deletum,
1269 4223 1546 4285 timorem
1609 4223 1786 4285 nobis
1825 4222 2058 4284 incutit.

407 4315 626 4378 Verum
661 4315 806 4378 illud
838 4315 1012 4376 etiam
1047 4315 1288 4376 sustulit
1347 4332 1378 4378 e
1439 4315 1662 4395 medio,
1698 4334 1818 4375 non
1849 4315 2054 4376 sinens

406 4406 465 4466 in
521 4405 639 4466 ulla
695 4421 827 4466 esse
858 4403 1123 4482 regione,
1188 4413 1364 4484 atque
1424 4403 1684 4465 disc:dit.
1744 4403 1889 4465 Nam
1943 4407 2051 4467 hoc

403 4494 696 4573 significat
725 4493 882 4573 quod
944 4492 1233 4573 sequitur,
1295 4492 1555 4571 Aftigere
1613 4492 1804 4572 ipsum
1861 4494 2047 4555 cruci.

410 4609 436 4639 α
471 4583 673 4645 Exulis
705 4581 1037 4662 principiis.
1099 4606 1120 4638 ι
1179 4582 1391 4643 Multas
1423 4581 1707 4643 adversus
1739 4601 1846 4644 nos
1877 4601 2050 4644 ansas

403 4672 696 4749 malignus
726 4671 829 4751 ille
887 4670 1163 4740 habebat,
1223 4669 1438 4751 quibus
1497 4670 1812 4751 imperinm
1850 4670 1911 4732 in
1943 4690 2049 4732 nos

403 4760 622 4822 habere
654 4759 895 4841 quidem
926 4767 1189 4840 cceperat
1218 4777 1251 4819 a
1283 4758 1757 4836 transgressione
1771 4757 1981 4830 Adam,
2015 4779 2049 4819 a

401 4848 573 4909 nobis
591 4858 788 4910 autem
809 4857 1258 4926 augmentatum
1282 4853 1429 4909 erat.
1460 4847 1576 4908 Has
1596 4845 2052 4927 exuitUnigeni-

403 4945 498 4998 tus
519 4937 703 4998 factus
726 4937 926 5011 homo,
953 4945 1010 4998 et
1031 4937 1300 4998 liberavit
1337 4955 1446 4997 nos
1471 4935 1814 5015 hujusmodi
1838 4937 2048 4998 vincu-

401 5025 495 5087 lis.
521 5025 837 5087 Constricti
865 5026 1024 5086 enim
1047 5027 1287 5088 Catenis
1312 5033 1688 5105 peccatorum
1713 5033 2049 5087 nostrorum

2151 3149 2301 3218 δίκην
2381 3154 2535 3217 αὐτὸς
2608 3152 2799 3212 ἔδωκεν
2855 3157 2985 3234 ὑπὲρ
3043 3161 3238 3236 αὐτῶν,
3305 3158 3448 3231 ἡμᾶς
3507 3154 3806 3232 ἐλευθέρους

2152 3241 2322 3321 ἀφεὶς,
2395 3249 2486 3298 τοῦ
2553 3245 2828 3302 ὑπενατὶου
2895 3249 3032 3320 ἡμῖν
3088 3247 3175 3302 καὶ
3243 3242 3362 3301 καθ’
3439 3245 3593 3318 ἡμῶν
3651 3241 3803 3304 ὄντος

2151 3335 2250 3396 τῆς
2307 3329 2526 3409 ὀφειλῆς
2583 3335 2968 3414 χειραγράφου,
3037 3337 3134 3393 Καὶ
3190 3336 3288 3413 γὰρ
3347 3331 3673 3412 παραϐάντες
3740 3333 3807 3388 τὰ

2152 3418 2705 3502 προσομολογηθὲντα,
2803 3422 2982 3504 ἔνοχοι
3083 3425 3218 3500 ἦμεν
3294 3431 3371 3498 τῷ
3440 3423 3801 3503 χειρογράγῳ.

2159 3530 2187 3563 ιι
2221 3517 2348 3571 Τοῖς
2393 3507 2670 3587 δόγμασιν.
2713 3534 2736 3568 ι
2773 3517 2924 3594 Οἶον,
2958 3520 3028 3590 τῇ
3060 3515 3132 3576 εἰς
3181 3515 3336 3570 αὐτὸν
3393 3514 3586 3571 πίστει.
3619 3513 3805 3590 Ἀρκεῖ

2141 3600 2264 3678 γὰρ,
2319 3602 2468 3682 φησὶ,
2525 3609 2798 3659 πιστεῦσαι
2872 3605 3053 3680 μόνον.
3145 3606 3244 3662 Καὶ
3327 3605 3404 3679 τῷ
3473 3604 3799 3680 βαπτισματι

2142 3687 2461 3766 ἐξαλείφεται
2518 3693 2577 3746 τὸ
2635 3693 3012 3774 χειρόγραφον.
3124 3717 3151 3748 α
3237 3703 3365 3757 Τοῖς
3417 3691 3701 3771 δόγμασιν,
3770 3714 3792 3747 ο

2141 3781 2256 3834 οἷον
2307 3777 2390 3834 διὰ
2432 3785 2538 3835 τῶν
2584 3787 2682 3848 τῆς
2741 3781 3002 3847 εὒσεϐείας
3061 3782 3364 3861 δογμάτων.
3433 3806 3457 3839 ιι
3513 3791 3552 3840 0
3595 3781 3660 3848 ἧν
3703 3783 3801 3836 ὑπ-

2142 3868 2372 3924 εναντίον
2425 3871 2581 3945 ἡμῖν.
2635 3896 2660 3926 ιι
2725 3871 2999 3929 Ἐπίτασιν
3068 3875 3156 3929 καὶ
3236 3870 3516 3948 βεϐαίωσιν
3575 3892 3798 3950 συγχω-

2141 3959 2344 4035 ρήσεως
2377 3960 2403 4014 6
2449 3957 2605 4037 λόγος
2667 3960 2807 4040 ἔχει.
2858 3960 3205 4042 Ἐχαρίσατο,
3267 3965 3448 4041 φησὶν,
3515 3958 3652 4016 ἀλλὰ
3681 3958 3798 4023 δέος

2143 4045 2220 4120 μὴ
2278 4045 2338 4100 ἐκ
2395 4049 2745 4124 μεταμελείας
2800 4051 3098 4130 ἀπαιτήσῃ,
3156 4049 3292 4107 ἀλλὰ
3355 4051 3441 4106 καὶ
3487 4049 3788 4124 ἐξήλειψεν.

2144 4131 2296 4189 Ἀλλ⁴
2354 4135 2482 4192 αὐτὸ
2535 4145 2712 4219 τοῦτο,
2765 4141 2916 4220 φησὶ,
2978 4141 3039 4195 τὸ
3116 4138 3253 4204 ὅλως
3329 4143 3536 4195 κεῖσθαι
3596 4139 3640 4193 εἰ
3700 4141 3789 4194 καὶ

2143 4222 2465 4305 ἐξαλειφθὲν,
2501 4225 2661 4306 φόϐον
2717 4230 2852 4302 ἡμῖν
2909 4229 3147 4303 ἐμποιεῖ.
3207 4227 3373 4285 Ἀλλὰ
3435 4230 3519 4284 καὶ
3573 4226 3789 4306 ἔσχισεν

2083 4307 2269 4370 Παύτὸ
2298 4313 2358 4369 ἐκ
2399 4325 2489 4373 τοῦ
2519 4316 2702 4392 μέσου,
2738 4322 2814 4392 μὴ
2860 4318 3005 4397 ἀφεὶς
3049 4319 3135 4375 ἐπὶ
3183 4319 3388 4399 χώρας,
3437 4319 3524 4374 καὶ
3573 4316 3790 4398 ἔσχισεν

2135 4405 2282 4462 αὐτό.
2357 4413 2520 4462 Τοῦτο
2576 4409 2675 4486 γὰρ
2728 4406 2890 4474 δηλοῖ
2954 4411 3037 4481 τὸ,
3096 4408 3447 4487 Προσηλῶσαι
3533 4410 3658 4465 αὐτὸ
3712 4417 3792 4483 τῷ

2133 4499 2362 4571 σταυρῷ.
2431 4516 2457 4548 α
2523 4492 2980 4571 Ἀπεκδυσάμενος
3068 4499 3156 4562 νὰς
3212 4497 3409 4576 ἀρχάς.
3478 4521 3500 4555 ο
3579 4497 3789 4562 Πολλὰς

2132 4581 2260 4661 εἶχε
2315 4580 2432 4639 καθ’
2505 4585 2658 4659 ἡμῶν
2726 4584 2890 4649 λαϐας
2961 4589 2988 4643 6
3041 4589 3296 4666 πονηρὸς,
3378 4584 3446 4642 δι’
3501 4589 3574 4643 ὦν
3631 4589 3788 4662 ἡμῶν

2131 4668 2427 4727 ἐϐασίλευεν
2455 4671 2742 4751 ἀρξάμενος
2778 4675 2874 4750 μὲν
2906 4676 3010 4733 ἀπὸ
3059 4681 3157 4744 τῆς
3215 4673 3563 4754 παραϐάσεως
3591 4673 3781 4753 Ἀδὰμ,

2130 4759 2255 4840 παρ’
2327 4763 2482 4837 ἡμῶν
2579 4761 2634 4818 δὲ
2733 4763 3134 4832 ἐπαυξηθείσης.
3247 4765 3447 4828 Ταύτας
3517 4762 3790 4830 ἐξεδύσατο

2132 4853 2160 4906 ὁ
2217 4854 2522 4928 Μονογενὴς
2563 4854 2848 4931 γενόμενος
2910 4853 3208 4934 ἅνθρωπος,
3288 4856 3373 4910 καὶ
3431 4853 3785 4934 ἠλευθέρωσεν

2132 4937 2273 5014 ἤμᾶς
2349 4943 2456 4995 τῶν
2511 4952 2759 5000 τοιοῦτων
2817 4941 3047 5019 δεσμῶν,
3137 4941 3476 5023 Ἐσφιγμένοι
3521 4946 3621 5023 γὰρ
3670 4947 3786 5008 ταὶς

2135 5043 2336 5108 σειραῖς
2440 5031 2544 5087 τῶν
2655 5033 2926 5110 ἡμετέρων
3062 5033 3332 5112 ἅμαρτιῶν
3445 5031 3786 5108 ἐδουλεύομεν

398 5111 803 5174 serviabamus
835 5113 940 5174 illi.
969 5113 1170 5193 Itaque
1202 5113 1472 5175 remissis
1507 5113 1683 5174 etiam
1718 5113 1890 5176 nobis
1921 5135 2058 5196 pec-

2149 5119 2338 5193 ἐκείνῳ.
2395 5117 2568 5200 Ἀφεὶς
2610 5121 2708 5196 μὲν
2764 5123 2864 5200 γὰρ
2921 5125 3009 5178 καὶ
3062 5111 3196 5197 ἡμῖν
3261 5123 3477 5200 ταύτας,
3535 5125 3622 5179 καὶ
3677 5125 3784 5181 τῶν

398 5202 565 5292 catis,
597 5201 833 5292 vincula
860 5221 1094 5292 quoque
1142 5201 1396 5277 remisit,
1459 5211 1518 5265 et
1565 5203 1724 5264 illius
1758 5203 1930 5266 solvit
1956 5213 2045 5287 ty-

2149 5207 2343 5283 Ξεσμῶν
2395 5209 2585 5289 ἀφῆκε,
2647 5212 2736 5266 καὶ
2777 5211 2873 5278 τῆς
2916 5212 3113 5268 ἐκείνου
3164 5211 3482 5292 τυραννίδος.
3541 5235 3569 5268 ι
3605 5212 3780 5271 Ἔδει-

401 5289 736 5354 rannidem.
773 5314 794 5347 ιι
821 5291 1104 5381 Traduxit
1127 5293 1339 5381 palam.
1373 5316 1398 5346 n
1436 5290 1744 5381 Siquidem
1776 5292 2046 5358 diabolus

2149 5299 2384 5375 (μάτισεν
2427 5297 2481 5352 ἐν
2538 5297 2826 5377 παρρησίᾳ.
2873 5319 2901 5360 ι
2973 5289 3239 5360 Οὒδέποτε⁷
3289 5303 3389 5381 γὰρ
3444 5301 3608 5368 οὕτως
3644 5325 3783 5359 κατ-

400 5395 702 5458 nunquam
725 5381 808 5442 ita
831 5378 1175 5460 pudefactus
1196 5398 1264 5442 ac
1284 5379 1470 5441 victus
1496 5380 1627 5442 fuit.
1655 5381 1892 5444 Etenim
1907 5402 2040 5448 cum

2149 5386 2368 5465 ᾐσχύνθη
2412 5388 2501 5443 καὶ
2527 5389 2732 5458 ἡττήθη
2777 5387 2806 5443 ὅ
2855 5387 3120 5454 διάϐολος.
3179 5393 3275 5448 Καὶ
3305 5378 3418 5470 ⁷γὰρ
3447 5388 3594 5470 ἔχειν
3624 5392 3782 5448 αὐτὸν

478 5547 540 5598 1³
565 5549 734 5628 ann.
765 5564 829 5632 ιι,
866 5550 962 5611 19.
1053 5549 1112 5600 14
1142 5548 1327 5612 Exod.
1362 5565 1525 5627 xxiv,
1562 5550 1620 5612 3.
1709 5552 1767 5601 ιδ
1795 5553 1944 5618 Gen.
1978 5572 2042 5632 ιι,
2074 5556 2173 5620 17.
