4188 6410
333 239 404 304 37

1398 242 1795 307 COMMENT.
1843 246 1925 307 IN
1976 243 2217 308 EPIST.
2265 245 2364 310 AD
2395 245 2686 308 COLOSS.

3670 251 3750 312 38

352 377 677 450 ἰνποδοήσας,
736 380 827 434 καὶ
899 381 987 444 οῦς
1069 381 1226 459 εἶχεν
1308 377 1573 437 ἀπώλεσε.
1649 378 2010 460 Θριαμϐεύσας

2100 377 2290 457 ipsum
2325 395 2560 457 quoque
2595 394 2660 437 se
2691 375 3031 439 habiturum
3085 387 3373 458 speraret,
3437 399 3540 443 eos
3572 383 3749 444 etiam

342 465 528 529 αὐτοὺς
585 465 640 522 ἒν
691 467 858 542 αύτῷ.
925 491 955 523 ι
991 464 1252 548 Θρίαμϐος
1299 491 1328 523 ι
1363 466 1597 546 λέγεται,
1646 470 1682 536 ἡ
1725 469 1862 525 κατὰ
1902 475 2010 525 τῶν

340 554 666 630 ἡττωμένων
749 556 949 631 πομπὴ
1033 558 1122 612 καὶ
1202 558 1518 635 πανήγυρις.
1608 554 2012 637 Ἐθριάμϐευσεν

344 644 431 701 οὖν
490 646 647 701 αὖτὸν
703 642 789 701 διὰ
851 653 946 702 τοῦ
1017 654 1260 724 σταυροῦ,
1303 645 1596 722 τουτέστιν,
1643 646 1853 713 ἐνίκησε
1927 647 2016 702 καὶ

347 733 467 789 κατ’
517 735 678 791 αὑτοῦ
732 733 985 812 θρίαμϐον
1043 737 1235 802 νοητὸν
1291 734 1624 792 ἐπετέλεσεν.
1687 733 1845 794 Οῦδὲν
1917 737 2017 815 γὰρ

349 822 516 886 οὕτως
545 821 759 891 ἐνίκησε
805 826 897 880 τὸν
952 821 1218 896 διάϐολον,
1265 826 1338 888 ὡς
1398 826 1460 881 τὸ
1503 826 1592 881 καὶ
1647 828 2016 904 σταυρωθῆναι

347 914 441 968 τὸν
500 913 712 990 Κύριον,
783 914 872 969 καὶ
927 911 1192 992 παῤῥησία
1243 919 1400 970 τοῦτο
1458 916 1649 970 παθεῖν
1716 915 1804 970 καὶ
1849 934 2017 994 φανε-

349 1007 481 1078 ρῶς,
540 1002 718 1058 Πάντα
789 1002 890 1080 γὰρ
972 1000 1033 1058 ἂν
1102 1002 1351 1070 ἐποίησεν
1409 1005 1437 1059 ὁ
1495 999 1764 1074 διάϐολος,
1829 1016 2016 1065 πεῖσαι

345 1086 516 1146 θέλων
588 1088 670 1146 ὅτι
739 1088 834 1147 οῦκ
900 1089 1177 1163 ἀπέθανεν,
1253 1092 1296 1146 εἰ
1365 1091 1442 1166 μὴ
1514 1092 1576 1147 τὸ
1650 1091 1814 1170 σαφὲς
1875 1092 2018 1166 αύτῷ

349 1180 686 1248 ἠναντιοῦτο,
733 1181 792 1236 Εἰ
848 1180 949 1258 γὰρ
1006 1180 1082 1256 μὴ
1152 1179 1433 1254 ἀπέθανεν,
1493 1184 1589 1238 οὒκ
1660 1179 1724 1234 ἂν
1796 1179 2012 1246 ἀνέστη,

355 1267 410 1322 Εἰ
465 1266 543 1340 μὴ
615 1265 832 1340 ἀνέστη,
907 1269 1002 1325 οῦκ
1057 1267 1118 1324 ἂν
1173 1267 1470 1348 ἀνελήφθη,
1546 1270 1604 1326 Εἰ
1673 1269 1751 1344 μὴ
1821 1275 2004 1329 ταῦτα.

351 1359 540 1413 οὔκοῦν
597 1358 655 1412 0’;
696 1357 849 1420 Θεός.
911 1348 1065 1436 Ὀρᾷς
1109 1358 1188 1413 ὃτι
1246 1365 1340 1414 τοῦ
1395 1359 1622 1417 θανάτου
1678 1358 1851 1416 πάντα
1905 1356 2007 1436 ἤρ-

350 1466 512 1510 τηται
543 1464 560 1524 ς

2096 466 2357 547 perdidit
2389 485 2543 556 quos
2590 465 2866 528 habebat.
2937 465 3334 548 Triumphans
3391 469 3466 532 de
3493 471 3615 534 illis
3645 495 3753 556 per

2095 557 2310 636 ipsam.
2346 555 2606 636 Τρίαμὸος
2660 557 2840 637 (quod
2896 576 3003 617 nos
3044 557 3408 637 triumphum
3442 555 3745 644 vertimus)

2098 645 2319 707 dicitur
2343 663 2554 725 pompa
2579 665 2648 706 ac
2668 652 2995 706 conventus
3019 644 3292 724 publicus
3327 648 3611 713 adversus
3641 653 3749 715 de-

2098 733 2307 796 victos.
2335 733 2753 813 Triumphavit
2787 732 2964 809 igitur
2993 734 3067 794 de
3098 734 3198 794 illo
3233 745 3751 815 percrucem,hoc

2103 837 2216 895 e51,
2253 822 2470 884 devicit
2517 831 2576 884 et
2631 821 3000 900 spiritualem
3060 822 3425 903 triumphum
3469 828 3751 892 adversus

2104 929 2240 971 eum
2270 910 2609 971 celebravit.
2637 909 2792 972 Nihil
2814 909 2973 971 enim
2997 911 3151 972 adeo
3169 912 3385 974 devicit
3409 934 3475 976 ac
3511 919 3752 997 pudefe-

2101 999 2181 1059 cit
2208 998 2544 1077 Diabolum,
2579 999 2731 1061 sicut
2759 999 3100 1060 crociﬁxum
3155 1019 3290 1062 esse
3315 1000 3654 1084 Dominum,
3691 1020 3751 1071 et

2103 1087 2295 1167 palam
2329 1107 2396 1149 ac
2459 1088 2772 1149 manifeste
2833 1088 2946 1150 hoc
3005 1106 3242 1168 passum
3296 1089 3498 1154 fuisse.
3535 1093 3751 1160 Omnia

2101 1195 2356 1257 namque
2386 1178 2624 1240 fecisset
2645 1176 2915 1238 diabolus
2939 1177 3298 1258 persuadere
3319 1181 3524 1246 volens
3541 1204 3617 1246 ne
3640 1206 3746 1248 oc-

2095 1265 2398 1326 cideretur
2427 1267 2542 1326 nisi
2605 1267 2917 1328 manifeste
2975 1265 3032 1328 ei
3091 1279 3486 1347 repugnatum
3516 1275 3745 1341 fuisset.

2094 1353 2220 1416 Nisi
2278 1353 2436 1416 enim
2484 1363 2750 1415 mortuus
2799 1355 3030 1428 fuisset,
3093 1374 3213 1416 non
3275 1365 3742 1428 resurrexisset:

2093 1443 2247 1524 quod
2279 1445 2331 1505 si
2363 1465 2478 1506 non
2511 1444 2956 1520 resurrexisset,
3005 1463 3376 1526 nequaquam
3412 1465 3748 1535 assumptus

351 1533 586 1624 fuisset.
621 1534 677 1599 Si
711 1536 836 1598 haec
865 1544 996 1599 acta
1025 1555 1144 1598 non
1177 1534 1448 1610 fuissent,
1485 1535 1688 1618 utique
1716 1533 1875 1597 Deus
1904 1554 2021 1597 non
2055 1534 2262 1596 fuisset
2296 1535 2548 1597 habitus.
2588 1534 2764 1597 Vides
2795 1535 2950 1616 quod
2983 1554 3017 1597 a
3045 1542 3237 1597 morte
3268 1540 3467 1600 omnia
3514 1533 3748 1624 depen-

353 1623 601 1690 debanL

987 1723 1234 1780 ΚΕΦΑΔ,
1284 1706 1371 1778 H'.

362 1833 389 1863 ι
477 1818 570 1866 Οτι
631 1812 678 1866 οἱ
732 1816 825 1866 τοῦ
902 1811 1153 1888 σαρκικοῦ
1247 1810 1411 1886 νόμου
1499 1813 1652 1867 τύποι
1740 1822 2019 1888 σαρκικοῖς

435 1890 724 1968 χρήσιμοι,
761 1891 822 1946 οῦ
850 1903 1232 1965 πνευματικοῖς
1289 1904 1406 1956 τοῖς
1456 1891 1509 1948 ἐν
1542 1889 1754 1966 δύναμει
1792 1895 2018 1970 Χριστοῦ

437 1975 621 2039 ζῶσιν.
661 1993 686 2026 ι

441 2082 470 2120 ι
530 2062 621 2130 Μὴ
668 2062 756 2120 οὖν
809 2085 892 2128 τις
951 2065 1085 2136 ὑμᾶς
1141 2063 1362 2142 κρινέτω
1419 2063 1472 2119 ἐν
1528 2065 1720 2141 βρώσει
1765 2065 1799 2133 ἢ
1830 2063 1882 2122 ἐν
1913 2065 2008 2121 πό-

357 2172 460 2217 σει,
522 2151 560 2219 ἢ
604 2150 656 2209 ἐν
715 2151 862 2232 μέρει
908 2154 1114 2232 ἑορτῆς,
1173 2153 1210 2221 ἢ
1263 2155 1570 2233 νουμηνίας,
1629 2152 2002 2229 ἢΣαϐϐάτων,

359 2241 392 2294 ἆ
465 2238 577 2297 ἐστι
661 2242 785 2297 σκιὰ
853 2247 961 2299 τῶν
1043 2240 1370 2320 μελλόντων,
1443 2244 1504 2298 τὸ
1567 2241 1621 2298 δὲ
1705 2244 1862 2319 σῶμα
1916 2249 2008 2300 τοῦ

556 2336 580 2345 ο
832 2329 856 2349 ἢ
885 2333 898 2351 \
1042 2332 1054 2350 ‹
1113 2337 1141 2347 ευ
1427 2328 1458 2352 Ρ
1527 2329 1557 2353 β
1628 2331 1638 2350 ν
1885 2332 1895 2350 Ι

359 2335 606 2407 Χριστου.
736 2337 929 2398 Μηοεις
1037 2353 1173 2404 υμας
1287 2352 1718 2410 καταοραοενετω
1843 2331 2009 2388 θελων

359 2416 413 2472 ἂν
453 2421 907 2499 ταπεινοφροσύνῃ
936 2421 1024 2475 καὶ
1071 2421 1323 2500 θρησκείᾳ
1379 2426 1485 2475 τῶν
1543 2421 1807 2498 ἀγγέλων,
1854 2423 1888 2478 ἃ
1931 2424 2007 2497 μὴ

359 2507 589 2586 ἑώρακεν
621 2505 953 2588 ἐμϐατεύων,
983 2510 1098 2575 εἰκῆ
1127 2509 1472 2589 φυσιούμενος
1500 2511 1602 2566 ὑπὸ
1638 2518 1730 2566 τοῦ
1760 2513 1880 2576 νοὸς
1909 2516 2009 2575 τῆς

359 2596 552 2675 σαρκὸς
587 2596 768 2673 αὐτοῦ,
797 2599 888 2653 καὶ
917 2599 977 2654 οῦ
1028 2603 1235 2677 κρατῶν
1279 2598 1376 2664 τὴν
1434 2597 1693 2678 κεφαλὴν,
1741 2599 1793 2665 ἐξ
1819 2602 1879 2657 οὗ
1906 2606 2010 2658 πᾶν

360 2686 420 2740 τὸ
448 2690 631 2764 σῶμα,
675 2683 760 2741 διὰ
788 2685 895 2742 τῶν
924 2686 1070 2766 ἆφῶν
1111 2687 1199 2742 καὶ
1249 2683 1548 2761 συνδέσμων
1577 2687 2010 2768 ἐπιχορηγούμεο

359 2795 448 2830 νον
519 2776 607 2830 καὶ
675 2771 1144 2851 συμϐιϐαζόμενον,
1232 2774 1370 2840 αὔξει
1455 2798 1551 2842 την
1630 2775 1848 2844 αὔξησιν
1920 2785 2014 2834 τοῦ

362 2869 514 2921 Θεοῦ.
556 2885 580 2917 ι

444 2980 474 3011 ι
510 2957 600 3025 Μὴ
634 2957 724 3014 οὖν
751 2980 832 3022 τις
880 2959 1016 3033 ὑμᾶς
1071 2957 1313 3038 κρινέτω.
1367 2981 1390 3016 ι
1441 2962 1592 3028 Οἷον,
1653 2959 2013 3040 κατακρινέτω

359 3047 433 3110 ὡς
491 3053 670 3111 κακῶς
747 3057 1052 3122 ποιοῦντας,
1125 3047 1179 3103 ἐν
1255 3055 1334 3124 τῷ
1405 3047 1482 3124 μὴ
1538 3045 1816 3130 φυλαττειν
1874 3049 2012 3129 μέρη

360 3136 580 3214 ἑορτῶν,
627 3138 663 3204 ἢ
708 3138 1033 3211 νουμηνιῶν,
1087 3137 1123 3204 ἢ
1182 3138 1372 3217 βρῶμα
1427 3136 1464 3204 ἢ
1522 3136 1693 3211 πόμα.
1757 3139 1856 3196 Καὶ
1912 3139 2012 3218 γὰρ

357 3224 426 3279 τὰ
491 3224 587 3300 μὲν
665 3223 954 3305 ἐφύλαττον
1035 3227 1108 3288 ὡς
1191 3224 1592 3298 Ἰουδα·ίζοντες,
1663 3227 1729 3281 τὰ
1807 3223 1862 3281 δὲ
1920 3229 2014 3283 οὐκ

361 3311 650 3393 ἐφύλαττον
726 3315 801 3377 ὡς
888 3315 1358 3391 Χριστιανίζοντες,
1437 3315 1534 3370 Διὰ
1590 3324 1768 3386 τοῦτο,
1827 3317 2008 3396 φησὶν,

368 3388 414 3458 ι⁷
439 3401 536 3460 Ἔν
578 3401 725 3482 μέρει
756 3388 947 3482 ἑορτῆς
973 3401 1152 3474 τῆσδε,
1196 3427 1220 3461 ι
1285 3403 1322 3472 ἢ
1352 3403 1405 3459 ἐν
1434 3403 1581 3484 μέρει
1611 3401 1798 3463 τῶνδε.
1841 3388 1886 3465 ’(
1956 3388 2012 3462 Ἄ

363 3492 474 3548 ἔστι
534 3493 655 3548 σκιᾶ
699 3494 808 3548 τῶν
863 3491 1191 3568 μελλόντων,
1259 3517 1287 3547 ι
1363 3490 1668 3550 Μέλλουσάν
1711 3515 1876 3572 φησιν
1917 3493 2016 3560 τὴν

365 3583 552 3648 καινὴν
583 3578 862 3661 διαθήκην,
895 3581 992 3639 οὐκ
1019 3579 1204 3650 ἐπειδὴ
1260 3580 1409 3639 οὔπω
1463 3583 1528 3650 ἧν
1601 3581 2015 3661 πολιτευομένη,

364 3669 453 3748 (ἦν
510 3667 660 3749 γὰρ),
716 3668 835 3726 ἀλλ’
903 3673 978 3734 ὡς
1034 3672 1164 3750 πρὸς
1211 3671 1332 3735 τοὺς
1415 3672 1608 3735 τύπους
1663 3673 1879 3735 τούτους
1930 3674 2018 3729 καὶ

2693 1713 2936 1778 CAPUT
2982 1713 3134 1776 Vill.

2106 1805 2276 1889 Quod
2305 1806 2454 1884 legis
2489 1803 2762 1889 carnalis
2785 1807 2922 1885 τῃρί
2941 1804 3292 1889 carnalibus
3313 1811 3377 1871 in
3404 1815 3598 1889 pretio
3627 1815 3748 1876 ha-

2179 1885 2419 1968 bentur,
2490 1904 2612 1946 non
2668 1884 3093 1964 spiritualtbus
3144 1889 3252 1964 qui
3304 1884 3420 1968 per:
3462 1899 3747 1956 virtutem

2179 1965 2409 2027 Christi
2446 1985 2475 2026 ι’
2489 1969 2686 2026 ivunt.

2181 2069 2211 2116 ι
2233 2057 2513 2122 841MB
2551 2059 2640 2122 l9.
2662 2057 2893 2137 Nequis
2910 2060 3102 2139 igitur
3130 2077 3238 2122 nos
3270 2062 3500 2135 iudicet
3528 2072 3593 2128 in
3615 2066 3749 2130 cibo

2093 2155 2204 2208 aut
2218 2157 2382 2224 potu,
2404 2153 2587 2210 autin
2605 2155 2782 2226 parte
2803 2149 2928 2210 diei
2953 2149 3118 2226 festi,
3153 2153 3413 2214 autnovi
3429 2152 3614 2230 Iunii,
3639 2164 3746 2219 aut

2091 2235 2520 2316 Sabbatorum,
2555 2253 2688 2316 quae
2714 2244 2852 2299 sunt
2882 2236 3099 2325 umbra
3125 2240 3502 2316 futurorum,
3529 2261 3747 2325 corpus

2094 2332 2294 2388 autem
2319 2325 2570 2388 Christi.
2595 2325 2689 2387 Ne
2712 2329 2849 2406 quis
2871 2324 3034 2387 vobis
3067 2327 3344 2405 palmam
3380 2324 3744 2395 intervertat

2092 2417 2242 2476 data
2254 2433 2434 2494 opera
2441 2416 2754 2494 ρει-ωιίωὶ
2767 2413 3168 2477 humilitatem
3182 2423 3744 2498 etsuperstitiouem

2094 2503 2478 2582 angelorum,
2498 2506 2562 2564 in
2578 2505 2651 2565 iis
2664 2521 2798 2584 quae
2813 2522 2932 2570 non
2950 2505 3102 2567 vidit
3116 2511 3417 2571 lastuosus
3432 2509 3741 2584 incedens,

2090 2593 2330 2671 frustra
2352 2594 2602 2671 inﬂatus
2625 2611 2660 2653 α
2687 2602 2882 2656 mente
2923 2596 3126 2656 carnis
3167 2614 3314 2671 suae,
3340 2615 3442 2660 nec
3468 2599 3745 2662 obtinens

2095 2687 2295 2761 caput,
2313 2700 2388 2743 ea:
2402 2699 2518 2762 quo
2534 2688 2717 2744 totum
2735 2699 2950 2762 corpus
2960 2686 3512 2763 percommissuras
3524 2696 3580 2749 et
3593 2705 3746 2751 com-

2092 2775 2348 2849 pagines
2373 2771 2907 2833 submittis-tratum
2957 2781 3015 2833 et
3058 2783 3437 2854 compactum
3471 2779 3748 2856 augescit

2095 2867 2418 2939 augmento
2449 2861 2583 2922 Dei.

2183 2973 2210 3004 α
2246 2947 2332 3010 Ne
2361 2949 2494 3029 quis
2524 2949 2702 3028 igitur
2732 2967 2832 3011 vos
2855 2949 3107 3029 judicet.
3166 2974 3189 3008 ι)
3245 2951 3370 3014 Ηοο
3423 2961 3532 3030 est,
3598 2973 3746 3016 con-

2095 3035 2645 3119 demnettanquam
2696 3038 3139 3104 malefacientes
3199 3059 3268 3103 ex
3318 3061 3388 3104 eo
3439 3043 3597 3124 quod
3629 3062 3750 3105 non

2097 3124 2425 3188 observetis
2477 3137 2676 3208 partes
2705 3129 2986 3190 festorum
3019 3138 3120 3192 aut
3147 3131 3614 3207 noviluniorum,
3649 3140 3755 3195 aut

2097 3215 2293 3277 cibum
2317 3226 2414 3277 aut
2433 3226 2658 3296 potum.
2700 3217 2935 3281 Etenim
2960 3219 3173 3298 partim
3199 3220 3440 3301 quidem
3463 3221 3750 3283 observa-

2098 3304 2239 3366 bant
2272 3313 2547 3387 tanquam
2582 3307 2960 3371 .ludaizantes
2997 3331 3009 3367 :
3073 3310 3286 3390 partim
3316 3328 3455 3371 vero
3487 3329 3607 3372 non
3637 3309 3751 3372 ob-

2096 3395 2705 3477 servabanttanquam
2725 3397 3198 3460 Christianorum
3237 3418 3402 3460 more
3439 3400 3700 3462 viventes
3734 3420 3750 3471 ;

2101 3491 2416 3565 propterea
2441 3485 2523 3546 ait
2554 3507 2566 3549 :
2609 3511 2634 3542 α
2666 3485 2729 3547 In
2764 3495 2928 3568 parte
2977 3487 3098 3550 diei
3148 3489 3282 3550 festi
3317 3510 3330 3551 :
3398 3513 3422 3548 ν
3478 3509 3633 3552 unus
3661 3488 3753 3549 vi-

2101 3572 2341 3648 delicet,
2375 3582 2474 3636 aut
2503 3574 2565 3635 in
2597 3584 2762 3655 parte
2794 3577 3008 3637 horum
3034 3577 3324 3639 omnium.
3386 3602 3411 3632 α
3446 3576 3587 3650 Quae
3617 3586 3756 3640 sunt

2102 3661 2313 3723 umbra
2382 3663 2740 3725 futurorum.
2834 3690 2858 3720 ι»
2947 3664 3236 3727 Futurum
3312 3666 3456 3728 dicit
3538 3683 3754 3731 novum

365 3760 461 3823 τὰς
492 3760 664 3832 σκιὰς,
700 3757 964 3836 μέλλουσα
1004 3759 1094 3828 ἦν.
1135 3781 1159 3817 α
1205 3761 1278 3818 Τὸ
1307 3757 1361 3815 δὲ
1390 3767 1546 3836 σῶμα
1573 3767 1666 3817 τοῦ
1698 3768 1947 3841 Χριστοῦ,
1987 3783 2010 3817 »

2102 3759 2544 3824 testamentum,
2605 3771 2726 3814 non
2782 3753 2943 3833 quod
3003 3754 3275 3814 nundum
3333 3755 3444 3816 sub
3504 3772 3575 3816 eo
3642 3756 3757 3817 de-

369 3851 429 3906 Οἱ
488 3849 588 3922 μὲν
631 3846 797 3912 οὕτως
840 3849 1068 3920 στίζουσι
1097 3865 1114 3880 ⁶
1158 3849 1248 3905 ιΤὸ
1291 3845 1344 3904 δὲ
1403 3855 1557 3924 σῶμα
1612 3857 1706 3908 τοῦ
1766 3858 2013 3930 Χριστοῦ,

2100 3849 2332 3930 gerent,
2372 3841 2498 3920 jam
2549 3845 2706 3903 enim
2757 3845 2866 3903 sub
2917 3861 2988 3902 eo
3040 3841 3378 3921 degebant:
3439 3843 3546 3904 sed
3594 3845 3756 3924 quod

367 3936 659 4017 τουτέστιν,
718 3937 754 4004 ἡ
813 3935 1034 4006 ἀλήθεια
1093 3936 1178 3993 ἐπὶ
1255 3944 1481 4017 Χριστοῦ
1551 3928 1822 4017 γέγονενξ
1853 3942 1914 3997 Οἱ
1965 3937 2015 3994 δὲ

2107 3954 2134 3984 ιι
2193 3928 2255 3990 in
2318 3930 2529 3990 ordine
2585 3931 2656 3992 ad
2717 3931 2822 3990 has
2899 3931 3115 4008 ﬁguras
3174 3938 3234 3991 et
3289 3930 3534 3993 umbras
3593 3935 3754 3994 futu-

366 4028 453 4106 τὸ,
522 4030 692 4100 Σῶμα
751 4034 845 4084 τοῦ
899 4032 1148 4104 Χριστοῦ,
1225 4049 1254 4080 α
1329 4025 1522 4094 Μηδεὶς
1575 4029 1713 4103 ὑμᾶς
1755 4025 2015 4106 καταϐρα-

2103 4037 2234 4079 rum
2294 4029 2441 4082 erat.
2509 4043 2535 4074 α
2597 4018 2826 4098 Corpus
2859 4027 3056 4080 autem
3108 4019 3351 4082 Christi.
3391 4041 3417 4080 ι
3478 4021 3584 4080 .tlii
3617 4021 3756 4102 qui-

369 4113 590 4177 6ενέτω,
649 4111 1165 4195 Καταόραϐευθῆναι,
1256 4138 1284 4170 ι
1362 4113 1416 4171 δέ
1472 4116 1638 4185 ἐστιν,
1712 4116 1836 4173 ὅταν
1893 4113 2015 4196 παρ’

2105 4107 2238 4168 dem
2277 4107 2357 4169 ita
2387 4108 2754 4188 distinguunt
2782 4129 2795 4170 :
2831 4109 3062 4188 Corpus
3101 4126 3243 4171 vero
3275 4109 3517 4186 Christi,
3551 4111 3610 4172 id
3641 4119 3756 4185 est,

371 4203 533 4282 ἑτέρῳ
576 4202 673 4278 μέν
729 4204 763 4270 ἡ
806 4203 948 4276 νίκη,
1007 4201 1134 4282 παρ’
1177 4202 1340 4282 ἑτέρῳ
1395 4201 1449 4259 δὲ
1507 4206 1567 4260 τὸ
1625 4203 1898 4284 βραϐεῖον.
1943 4238 2015 4248 —

2105 4196 2322 4259 veritas
2351 4197 2411 4257 in
2471 4197 2706 4260 Christo
2766 4199 2916 4259 facta
2976 4205 3082 4259 est.
3147 4198 3264 4260 Alii
3326 4218 3484 4275 vero,
3532 4199 3760 4280 Corpus

375 4289 592 4371 [mur]
641 4291 840 4355 Διττῶς
869 4290 1110 4372 ἐγχωρεῖ
1144 4292 1428 4372 στίζεσθαι,
1472 4294 1559 4350 καὶ
1612 4292 1664 4350 έν
1693 4300 1792 4368 τῷ,
1841 4299 2015 4373 σῶμα,

2106 4285 2323 4350 Christi
2343 4286 2602 4366 jungunt
2649 4285 3065 4366 sequentibus,
3128 4304 3344 4368 nempe
3391 4287 3576 4364 μηδεὶς
3620 4291 3756 4365 ὑμᾶς

369 4380 767 4454 ὓποστίζοντας,
811 4380 898 4435 καὶ
940 4378 993 4435 ἐν
1062 4386 1160 4454 τῷ,
1236 4387 1484 4460 Χριστοῦ.
1554 4399 1585 4441 (
1646 4379 1844 4448 Μηδεὶς
1888 4382 2022 4457 ὑμᾶς
2046 4374 2541 4454 Βκαταϐραϐεύετω

371 4465 830 4549 καταϐραϐευέτω.
921 4492 950 4524 ι
1032 4467 1228 4538 Μηδεὶς
1297 4471 1433 4545 ὑμᾶς
1527 4471 1908 4551 κατακρινέτω,
1965 4473 2027 4527 τὸ

374 4564 530 4634 σῶμα
573 4565 799 4638 Χριστοῦ
847 4556 1201 4640 δεχομένους.
1262 4566 1427 4618 Τοῦτο
1486 4562 1586 4639 γὰρ
1641 4558 2023 4624 ὑπακουστέον,

373 4647 554 4704 Θέλων
624 4655 780 4705 τοῦτο
847 4661 1048 4724 ποιεῖν,
1148 4650 1332 4730 φησὶν,
1406 4648 1460 4706 ἐν
1547 4650 2020 4730 ταπεινοφροσύνῃ,

373 4735 582 4813 μᾶλλον
608 4734 664 4794 δὲ
691 4736 745 4795 ἑν
773 4739 1022 4818 θρησκείᾳ
1049 4743 1154 4794 τῶν
1186 4737 1452 4817 ἀγγέλων,

2677 4374 2779 4436 Est
2934 4382 3132 4439 autem
3275 4376 3758 4457 καταϐραϐευθῆναι

2112 4465 2288 4546 (quod
2348 4464 2601 4543 palmam
2691 4471 3080 4525 intervertere
3162 4463 3438 4538 diximus)
3526 4465 3760 4546 quando

2108 4553 2261 4636 apud
2293 4553 2546 4616 alterum
2599 4553 2839 4633 quidem
2900 4561 2990 4614 est
3017 4551 3286 4629 victoria,
3319 4553 3476 4635 apud
3506 4555 3761 4616 alterum

2108 4662 2248 4706 vero
2277 4641 2572 4705 bravium.
2627 4641 2957 4723 Dupliciter
2989 4642 3130 4723 poni
3181 4651 3376 4723 potest
3406 4642 3706 4705 distinctio
3744 4663 3758 4703 :

2106 4741 2206 4796 aut
2226 4738 2362 4814 post
2383 4733 2639 4812 Corpus,
2663 4738 2764 4792 aut
2785 4739 2916 4811 post
2936 4729 3193 4793 Christi.
3245 4755 3274 4786 ι
3319 4728 3404 4792 Ne
3437 4732 3569 4813 quis
3598 4729 3764 4792 vobis

372 4825 632 4906 palmam
652 4823 1021 4890 intervertat.
1043 4851 1065 4883 ι
1095 4824 1283 4890 Nemo
1305 4845 1407 4890 vos
1423 4827 1788 4891 condemnet
1807 4829 1910 4910 qui
1925 4824 2146 4892 Christi
2169 4839 2389 4900 corpus
2412 4819 2745 4902 suscipistis
2774 4837 2787 4881 :
2817 4821 2930 4882 hoc
2953 4819 3114 4881 enim
3143 4819 3622 4910 subaudiendum
3644 4828 3761 4884 est.

373 4910 624 5009 Voleps,
651 4913 866 5009 inquit,
899 4916 1014 4978 hoc
1039 4915 1239 5009 facere
1269 4935 1375 5009 per
1403 4915 2039 5009 animihumilitatem,
2076 4912 2212 4977 155
2260 4909 2447 5009 magis
2491 4918 2689 4972 autem
2739 4927 2844 4990 per
2872 4909 3357 5009 superstitionem
3383 4912 3762 5009 angelorum.

385 5074 408 5094 τ
459 5022 493 5064 ε
536 5005 600 5062 ’λ
642 5005 722 5081 μὴ
774 5005 1003 5094 ἑώρακεν
1072 5005 1397 5082 ἐμϐατεύων,
1452 5030 1476 5065 ι
1553 5008 1613 5066 Τί
1665 5007 1775 5064 ἐστι
1817 5016 2020 5088 τοῦιος

394 5092 544 5150 Ησάν
571 5114 709 5157 τινες
748 5092 873 5173 παρ’
912 5097 1119 5172 αὐτοῖς,
1166 5095 1362 5161 οἵτινες
1409 5096 1464 5153 ἐν
1523 5097 1790 5177 ὑποκρίσει
1832 5119 2025 5154 ταπει-

375 5182 696 5263 νοφροσύνης
777 5182 1008 5242 ἐκώλυον
1097 5185 1285 5250 αὐτοὺς
1355 5192 1424 5264 τῇ
1490 5181 1658 5264 δωρεᾷ
1727 5185 2026 5265 προσιένεαι

371 5280 465 5331 τοῦ
509 5279 758 5354 Χριστοῦ,
823 5275 897 5337 ὡς
952 5275 1048 5331 οῦκ
1104 5272 1276 5339 ἀξίους
1345 5277 1454 5330 τῶν
1524 5273 1882 5355 τηλικούτων,
1940 5275 2029 5331 καὶ

371 5360 452 5418 ὅτι
500 5361 761 5443 ἀγγέλους
805 5360 1185 5441 παρακλητέον
1226 5363 1514 5443 προσάγειν
1567 5363 1711 5438 ἡμᾶς
1769 5369 1848 5438 τῷ
1890 5370 2028 5438 Θεῷ,

370 5453 443 5515 ὡς
490 5454 576 5511 καὶ
656 5453 836 5512 αὐτῶν
917 5450 1170 5531 πρότερον
1251 5450 1351 5518 τὴν
1420 5449 1606 5518 κοινὴν
1674 5453 2032 5531 προσαγωγὴν

368 5543 743 5624 ποιησαμένων
786 5547 984 5617 μεῖζον
1040 5539 1078 5608 ἢ
1143 5539 1264 5596 καθ’
1321 5541 1466 5616 ἡμᾶς
1524 5538 1766 5619 λέγοντες
1826 5542 1887 5596 τὸ
1949 5538 2033 5596 διὰ

2197 5028 2220 5058 (ι
2258 5001 2323 5064 In
2351 5000 2428 5061 iis
2484 5016 2616 5080 quae
2673 5017 2792 5060 non
2853 4998 3001 5060 vidit
3055 4998 3350 5060 fastuosus
3380 4999 3694 5064 incedens.
3727 5020 3759 5061 ι

2111 5091 2402 5166 Quidnam
2424 5097 2512 5151 est
2537 5089 2650 5150 hoc
2675 5090 2704 5150 ?
2749 5086 2934 5149 Erant
2973 5087 3248 5150 nonnulli
3289 5089 3444 5170 apud
3476 5088 3638 5169 ipsos
3666 5087 3770 5170 qui

2112 5183 2172 5244 in
2206 5178 2588 5243 simulatione
2633 5176 2890 5239 modesti
2937 5177 3124 5240 animi
3181 5177 3580 5259 prohibebant
3607 5179 3770 5259 ipsos

2114 5289 2222 5352 per
2242 5267 2544 5332 Christum
2567 5265 2882 5348 accedere,
2906 5266 3076 5348 quasi
3109 5272 3287 5328 tantis
3317 5267 3483 5346 digni
3516 5286 3634 5330 non
3666 5285 3767 5329 es-

2116 5367 2284 5422 sent:
2319 5365 2380 5420 et
2408 5354 2567 5439 quod
2597 5355 2792 5435 angeli
2842 5355 3200 5418 obsecrandi
3231 5366 3436 5420 essent
3464 5365 3528 5418 ut
3551 5373 3663 5418 nos
3691 5356 3768 5417 ad

2117 5449 2305 5513 Deum
2325 5446 2721 5522 adducerent,
2754 5444 2937 5507 veluti
2968 5445 3072 5527 qui
3093 5445 3272 5509 etiam
3293 5445 3470 5527 primi
3490 5463 3766 5508 commu-

2117 5538 2182 5602 ni
2210 5553 2456 5600 accessu
2488 5533 2612 5597 sive
2643 5533 3001 5598 adductione
3041 5535 3182 5599 facti
3212 5533 3329 5596 sint
3362 5553 3375 5596 :
3415 5534 3605 5614 maius
3637 5551 3771 5596 esse
