4188 6412
493 365 575 435 48

1633 373 2043 435 (ΕΟΠΜΕΝΙΙ
2089 372 2384 435 ΤΒΙΟΟιΕ
2429 372 2760 438 EPISCOPI

3820 371 3893 433 44

500 504 776 585 ﬁcemus,
805 502 908 565 sed
930 502 1199 577 affectus,
1225 521 1301 565 ne
1320 504 1432 565 vim
1451 512 1693 566 exerant
1716 504 1997 566 adversus
2017 523 2124 566 nos

2236 505 2413 581 μελῶν
2460 510 2795 588 φρονήματα.
2868 531 2890 564 α
2944 508 3215 589 Πορνείαν.
3268 531 3296 563 ι
3346 510 3416 565 Τὸ
3489 504 3722 581 μάλιστα
3764 524 3897 582 παρ-

503 619 530 651 α
564 593 829 657 Membra
857 600 1073 656 vestra.
1108 613 1136 652 ›
1175 591 1300 655 Hoc
1333 601 1443 667 est,
1480 604 1755 655 terrenos
1785 595 2052 675 corporis
2081 613 2150 654 ac

497 681 903 744 membrorum
928 699 1142 742 sensus
1170 689 1231 742 et
1259 681 1461 744 fastus.
1496 707 1523 737 α
1568 684 1880 762 Stuprum.
1920 706 1946 740 ο
1984 681 2150 754 Quod

495 770 932 840 naturaliter,et
958 769 1123 852 quasi
1142 789 1211 831 ex
1236 770 1368 851 ipso
1389 788 1641 852 corpore
1664 771 1920 832 maxime
1950 772 2146 832 mode-

495 867 649 921 stum
684 868 794 934 est,
819 858 1158 940 praeposuit.
1190 858 1415 921 Deinde
1447 858 1671 937 pudore
1704 878 2038 937 repressus,
2073 877 2148 919 ne

496 947 762 1028 singulas
789 946 1126 1027 impietates
1157 947 1504 1008 nominatim
1538 957 1856 1028 retexeret,
1875 948 1956 1008 ait
1986 965 2000 1008 τ
2036 946 2148 1007 Im-

495 1035 856 1100 munditiam
893 1035 991 1097 «In
1015 1036 1168 1097 ﬁlios
1190 1044 1633 1097 contumaces»
1660 1034 1809 1097 Nam
1830 1039 1970 1101 υἱοὺς
2002 1037 2148 1093 ἀπει-

493 1130 633 1194 θείας
652 1127 806 1190 ﬁlios
824 1126 1249 1191 incredulitatis
1268 1127 1357 1187 vel
1374 1126 1797 1189 inobedientiae
1822 1127 1970 1189 dixit
2003 1126 2154 1207 peri-

494 1216 961 1300 phrastice,,pro
981 1233 1052 1277 eo
1070 1215 1225 1296 quod
1244 1223 1335 1277 est
1360 1216 1515 1277 ﬁlios
1536 1215 2048 1296 impersuasibiles
2061 1216 2149 1277 vel

491 1323 612 1368 non
641 1305 1122 1386 obtemperantes
1146 1304 1255 1369 Dei
1286 1303 1537 1383 legibus.
1578 1339 1645 1351 —-
1684 1330 1711 1360 α
1740 1304 2149 1367 Ambulahalis

2234 594 2490 676 ενοχλοῧν
2558 602 2815 677 φυσικῶς,
2874 598 3053 677 ὥσπερ
3121 604 3199 671 τῷ
3258 597 3465 673 σώματι
3536 593 3867 673 προτέθεικεν

2234 685 2372 741 Εἶτα
2406 682 2706 751 ἐπεξελθεῖν
2762 701 2886 751 ταῖς
2942 684 3204 752 ἀσεϐείαις
3261 686 3515 761 ὀνομαστὶ
3560 683 3892 763 ἐρυθριάσας,

2232 776 2412 853 φησὶν,
2489 774 2829 853 ἀκαθαρσίαν,
2897 799 2923 830 α
2999 774 3117 833 Ἐπὶ
3188 776 3307 838 τοὺς
3385 775 3525 836 υἱοὺς
3580 774 3677 839 τῆς
3730 771 3892 828 ἀπει-

2229 864 2391 925 θείας.
2482 865 2633 925 Υίοὺς
2732 864 3020 938 ἀπειθείας,
3091 888 3115 922 ι
3246 869 3667 943 περιφραστικὼς
3768 861 3891 923 τοὺς

2231 951 2574 1016 ἀπειθοῦντας
2622 974 2745 1017 τοτς
2802 961 2897 1010 τοῦ
2950 961 3081 1013 Θεοῦ
3124 955 3307 1030 νόμοις
3350 951 3516 1030 λέγει.
3568 983 3641 994 --
3694 973 3723 1005 κ
3782 956 3884 1005 Πε⁶

2232 1042 2591 1120 ριεπατήσατέ
2620 1063 2772 1101 ποτε.
2815 1065 2837 1096 ι)
2881 1042 3150 1120 [BAZUL]
3205 1040 3333 1099 Μετ’
3384 1041 3648 1120 ἐγκωμίου
3706 1041 3735 1095 ὸ
3789 1037 3889 1095 λό-

2231 1152 2347 1207 γος,
2395 1132 2468 1193 ὡς
2500 1138 2585 1187 νῦν
2630 1131 2689 1187 οὗ
2718 1132 2926 1202 ζώντων
2972 1131 3025 1187 ἐν
3069 1132 3278 1195 αὸτοῖς,
3337 1132 3435 1189 Καὶ
3478 1129 3645 1191 οὕτως
3676 1126 3760 1184 διὰ
3791 1129 3894 1204 μό-

2233 1242 2318 1275 νον
2346 1218 2612 1297 ἐγκώμιον
2643 1220 2823 1292 εἶπεν,
2856 1218 3040 1289 ἐπειδὴ
3072 1221 3411 1301 παρακατιὼν
3442 1217 3724 1275 ἀποθέσθαι
3757 1217 3891 1273 αύτά

2232 1307 2526 1370 ἐπιτάσσει.
2573 1306 2750 1372 03831;
2794 1308 2869 1379 δὲ,
2907 1311 2935 1365 ὃ
2965 1312 3059 1367 οὒκ
3102 1309 3220 1390 ἔχει
3277 1309 3598 1367 ἀποτίθεται.

492 1399 817 1476 quondam.
836 1380 864 1452 ai
882 1392 1028 1458 Cum
1043 1394 1217 1456 laude
1229 1407 1316 1456 est
1332 1380 1429 1455 hic
1440 1412 1638 1456 sermo
1660 1395 1825 1475 quasi
1840 1412 1999 1455 nunc
2015 1413 2132 1455 non
2154 1394 2422 1459 vivantin
2446 1397 2585 1459 illis:
2604 1406 2662 1458 et
2683 1397 2831 1459 adeo
2848 1405 3091 1479 propter
3102 1380 3293 1460 solum
3307 1394 3886 1458 commendationem

490 1494 551 1547 et
577 1485 918 1548 encomium
951 1485 1065 1546 hoc
1095 1483 1266 1548 dixit.
1299 1482 1577 1565 quoniam
1614 1482 1674 1545 in
1709 1502 2021 1565 progressu
2047 1483 2223 1564 jubet
2251 1485 2382 1567 ipsa
2414 1486 2654 1567 deponi,
2676 1487 2874 1548 nullus
2888 1497 3085 1548 autem
3109 1485 3520 1568 deponilquod
3548 1504 3663 1547 non
3682 1482 3882 1554 habet,

575 1575 677 1651 ΙΙΙ,
704 1572 1075 1638 8-11.Nunc
1105 1582 1312 1637 autem
1347 1574 1628 1654 deponite
1656 1580 1713 1636 et
1744 1591 1849 1636 vos
1878 1575 2088 1635 omnia
2123 1591 2140 1635 :

489 1667 676 1736 iram,
704 1664 1211 1745 indignationem,
1242 1663 1573 1737 malitiam,
1620 1663 2141 1736 maledicentiam,

2316 1603 2341 1632 ι
2397 1579 2520 1635 Νυνὶ
2577 1576 2632 1633 δὲ
2689 1577 2941 1634 ἀπόθεσθε
2984 1580 3072 1634 καὶ
3128 1580 3285 1653 ὑμεῖς
3327 1578 3392 1633 τὰ
3449 1577 3646 1648 πάντα,
3695 1575 3882 1655 ὀργὴν,

2226 1668 2409 1742 θυμὸν,
2529 1668 2743 1740 κακίαν,
2853 1666 3219 1747 βλασφημίαν,
3338 1664 3717 1746 αἰσχρολογίαν
3827 1662 3887 1719 ἐκ

491 1754 1039 1835 turpiloquentiam
1086 1754 1164 1815 ab
1210 1770 1316 1815 ore
1363 1752 1713 1816 vestro.1\’e
1753 1755 2135 1816 mentiamim

2226 1764 2320 1813 τοῦ
2375 1756 2639 1832 στόματος
2716 1757 2885 1832 ὑμῶν.
2948 1757 3036 1823 Μὴ
3117 1754 3365 1832 ψεύδεσθε
3450 1756 3523 1817 εἰς
3593 1751 3880 1823 ἀλλήλους.

490 1845 654 1906 alius
675 1844 969 1907 adversus
998 1841 1192 1904 alium
1223 1861 1244 1902 :
1278 1843 1388 1921 qui
1440 1842 1702 1905 exuistis
1749 1849 2001 1905 veterem
2029 1841 2142 1903 ho-

486 1937 712 1998 minem
754 1951 889 1997 cum
938 1934 1117 2012 factis
1161 1938 1311 2008 suis,
1342 1940 1395 1995 et
1447 1932 1735 1996 induistis
1781 1950 2008 1995 novum
2038 1933 2143 2012 qui

484 2029 824 2087 renovatur
852 2023 933 2085 ad
962 2023 1331 2102 agnitionem
1376 2024 1565 2103 juxta
1620 2025 1955 2103 imaginem
2009 2024 2142 2101 ejus

485 2115 593 2195 qui
621 2111 896 2176 condidit
924 2110 1147 2174 illum:
1185 2110 1291 2174 ubi
1339 2130 1464 2174 non
1510 2119 1601 2174 est
1652 2110 1891 2174 Graecus
1941 2112 2137 2174 etJu-

485 2203 693 2279 daeus,
753 2201 1135 2264 circumcisio
1192 2209 1251 2262 et
1304 2202 1712 2282 praeputium,
1782 2199 2134 2280 Barbarus,

482 2290 734 2372 Scytha,
767 2307 1002 2364 servus,
1037 2288 1192 2351 liber
1220 2311 1234 2349 :
1267 2290 1368 2353 sed
1397 2291 1604 2352 omnia
1646 2296 1701 2353 et
1744 2290 1809 2351 in
1857 2288 2138 2352 omnibus

486 2380 784 2444 Christus.

564 2466 1073 2543 Quemadmodum
1106 2467 1265 2528 varia
1296 2476 1434 2528 sunt
1467 2465 1707 2528 nomina
1752 2465 1857 2528 ira;
1886 2472 1943 2527 et
1974 2464 2135 2528 indi-

482 2557 802 2639 gnationis,
827 2556 904 2618 ita
926 2574 1056 2637 quae
1073 2555 1181 2618 sub
1205 2555 1351 2637 ipsis
1381 2555 1789 2635 signiﬁcantur
1816 2553 2135 2635 plurimum

479 2650 639 2711 inter
666 2666 733 2710 se
762 2645 1182 2708 diﬁ'erunt.Est
1209 2653 1405 2707 autem
1437 2647 1598 2720 θυμός
1633 2644 1813 2726 (quod
1854 2643 2131 2722 indigna-

481 2736 707 2799 tionem
728 2734 1030 2800 vertimus.
1072 2734 1252 2795 veluti
1280 2733 1557 2796 accensio
1610 2732 1876 2814 quaedam
1911 2742 1969 2793 et
1998 2749 2135 2793 eva—

479 2825 709 2907 poratio
739 2832 909 2887 acuta
956 2822 1286 2885 affectionis
1327 2843 1341 2880 :
1387 2825 1518 2903 ὀργή
1551 2841 1687 2885 vero
1739 2822 1937 2903 (quam
1980 2820 2127 2881 iram

478 2914 759 2997 diximus)
795 2913 1130 2975 immanens
1178 2912 1351 2974 dolor
1391 2931 1460 2975 ac
1489 2911 1708 2973 durans
1768 2911 2025 2990 impetus
2053 2909 2127 2970 ad

476 3007 897 3088 repensionem
930 3005 1022 3067 his
1049 3004 1379 3067 faciendam
1433 3004 1533 3084 qui
1583 3003 1917 3065 intulerunt
1963 3002 2121 3082 inju-

475 3097 652 3164 riam.
687 3095 870 3159 veluti
915 3094 1130 3157 animae
1179 3093 1515 3175 appetentis
1567 3094 1910 3154 vindictam.
1965 3090 2131 3155 Scire

473 3185 656 3266 igitur
683 3193 920 3265 oportet
950 3184 1107 3265 quod
1155 3183 1314 3245 circa
1342 3191 1659 3263 utrumque
1692 3183 1901 3243 horum
1945 3180 2128 3242 affec-

477 3283 643 3337 tuum
676 3274 1032 3355 delinquunt
1064 3271 1378 3334 homines:
1409 3279 1510 3333 aut
1536 3272 1749 3332 insane
1793 3288 1862 3332 ac
1904 3278 2130 3331 temere

477 3363 758 3426 commoti
787 3362 1076 3424 adversus
1108 3371 1212 3423 ωε
1244 3360 1345 3443 qui
1396 3360 1726 3431 irritarunt,
1777 3367 1877 3421 aut
1924 3360 2128 3421 dolose

473 3470 544 3515 ac
597 3451 885 3514 insidiose
940 3460 1289 3531 appetentes
1340 3468 1445 3513 eos
1500 3449 1600 3530 qui
1653 3447 2123 3510 contristarunt:

482 3559 614 3623 qua;
643 3540 819 3602 ambo
866 3539 1041 3601 nobis
1090 3538 1463 3601 observanda
1493 3550 1551 3601 et
1580 3537 1840 3600 cavenda
1888 3546 2045 3613 sunt,
2079 3538 2129 3598 si

477 3629 643 3712 prius
670 3628 854 3692 animi
900 3627 1251 3689 modestiam
1297 3628 1492 3689 edocti
1542 3627 1750 3689 simus.
1790 3650 1811 3683 α
1848 3625 2125 3706 Turpilo-

474 3718 804 3803 quentiam.
843 3742 870 3773 ο
905 3716 1279 3781 Contaminat
1327 3717 1487 3778 enim
1539 3736 1605 3779 os
1660 3735 1807 3797 quos
1836 3718 1907 3779 ad
1937 3715 2124 3778 Deum

474 3808 833 3872 laudandum
863 3806 1079 3867 factum
1106 3813 1213 3867 est.
1257 3831 1279 3863 ιι
1316 3804 1425 3878 Qui
1457 3805 1703 3867 exuiSIis
1734 3812 1991 3867 veterem
2026 3805 2127 3865 ho-

2148 2989 2187 3038 C

474 3898 761 3960 minem.»
819 3903 972 3955 139
1017 3893 1296 3957 Veterem
1353 3895 1657 3956 hominem
1714 3893 1898 3955 moris
1930 3903 2018 3956 est
2064 3894 2127 3954 in

473 3986 797 4069 Scripturis
826 3984 1124 4066 appellare
1152 3983 1546 4045 inveteratum
1580 3984 1771 4063 etjam
1796 3983 2126 4045 marcidum

473 4095 542 4139 ac
563 4076 939 4155 languentem
960 4092 1065 4154 per
1082 4074 1284 4148 vitam,
1319 4091 1451 4153 quae
1486 4071 1545 4133 in
1581 4074 1842 4152 peccatis
1867 4073 2125 4152 degitur,

473 4171 532 4227 et
562 4165 662 4245 qui
691 4162 953 4224 nondum
990 4180 1098 4242 per
1127 4160 1309 4222 ﬁdem
1341 4161 1401 4222 in
1434 4161 1732 4224 Christum
1780 4162 2131 4242 baptismate

474 4259 863 4329 regeneratus
898 4258 987 4311 est
1030 4268 1097 4311 ac
1146 4258 1463 4311 renovatus
1506 4269 1519 4309 :

472 4350 795 4406 renovatus
827 4346 937 4401 est.
984 4339 1117 4399 Vita
1147 4337 1330 4412 enim,
1366 4357 1497 4418 quae
1542 4338 1600 4398 in
1653 4339 1867 4399 virtute
1913 4338 2124 4419 agitur,

475 4448 715 4511 semper
742 4430 1019 4490 innovat:
1055 4435 1114 4489 et
1143 4427 1192 4487 si
1227 4426 1497 4488 videatur
1546 4446 1864 4489 senescere
1909 4448 2125 4509 corpo-

472 4519 711 4589 raliter,
772 4517 1010 4579 virescit
1069 4525 1265 4578 tamen
1325 4534 1394 4578 ac
1462 4516 1643 4578 ﬂoret
1714 4516 2124 4597 spiritualiter.

481 4632 506 4667 α
540 4606 713 4671 Juxta
743 4607 1066 4687 imaginem
1098 4605 1250 4686 ejus,
1279 4605 1381 4687 qui
1412 4605 1680 4668 condidit
1723 4607 1914 4668 illum.
1951 4630 1977 4667 ι
2015 4606 2125 4680 Qui

474 4698 635 4760 enim
670 4697 803 4760 talis
832 4705 945 4770 est,
992 4694 1101 4757 Dei
1134 4713 1339 4776 puram
1404 4703 1599 4757 servat
1656 4696 1973 4774 imaginem
2028 4697 2127 4778 qui

473 4789 667 4870 ipsum
698 4785 996 4866 condidit,
1024 4785 1829 4848 inl‘eiioribus-caracteribus
1858 4805 1925 4847 ac
1957 4803 2126 4848 erro-

470 4877 639 4940 ribus
670 4897 788 4939 non
820 4875 1186 4958 permistaiu.
1225 4898 1253 4935 ι
1292 4873 1401 4937 Ubi
1434 4891 1553 4936 non
1596 4883 1703 4936 est.
1750 4898 1773 4933 ι
1823 4874 1947 4937 Hoc
2011 4884 2156 4952 est,

471 4967 628 5048 apud
660 4967 986 5041 Christum,
1015 4966 1171 5046 apud
1205 4965 1410 5027 ﬁdem.
1454 4987 1475 5019 α
1506 4961 1720 5027 Omnia
1750 4973 1808 5026 et
1838 4964 1898 5026 in
1929 4966 2128 5027 omni-

476 5054 589 5118 bus
615 5055 904 5119 Christus.
950 5076 978 5114 »
1021 5052 1329 5135 Siquidem
1363 5052 1506 5134 quia
1536 5073 1746 5116 omnes
1777 5074 1957 5114 unum
1992 5074 2129 5116 cor-

476 5162 587 5226 pus
612 5142 1004 5215 l‘actisumus,
1036 5144 1332 5205 Christum
1367 5144 1659 5205 habentes
1690 5152 1885 5222 caput,
1916 5144 2128 5206 merito

477 5234 681 5296 omnia
724 5231 898 5294 nobis
953 5240 1046 5294 est
1109 5231 1400 5312 Christus,
1460 5240 1518 5293 et
1571 5230 1853 5308 Salvator,
1906 5243 1961 5294 et
2005 5233 2126 5295 Do-

475 5323 696 5400 minus,
731 5329 790 5384 et
818 5321 999 5401 Deus,
1035 5329 1091 5383 et
1119 5330 1317 5402 caput,
1349 5332 1410 5384 et
1440 5321 1726 5403 pontifex,
1780 5330 1839 5384 et
1887 5323 2147 5387 victima.

477 5412 616 5475 vitae
642 5418 860 5473 nostra;
893 5433 905 5469 :
942 5417 1047 5471 aut
1077 5410 1139 5471 in
1167 5409 1447 5473 omnibus
1478 5410 1672 5471 nobis.
1708 5413 1838 5475 Non
1873 5420 1964 5474 est
1990 5413 2175 5483 enim,

556 5499 658 5577 III,
689 5499 894 5564 12-15.
914 5500 1066 5565 Sitis
1077 5501 1273 5580 igitur
1292 5500 1498 5562 induti
1516 5507 1805 5580 tanquam
1829 5501 2000 5565 electi
2019 5501 2137 5564 Dei

474 5594 681 5656 sancti
690 5608 765 5654 ac
782 5590 993 5656 dilecti
1010 5592 1242 5654 viscera
1265 5591 1752 5659 miserationum.
1764 5593 2130 5661 comitatem,

481 5681 854 5757 modestiam,
880 5679 1427 5754 mansuetudinem,
1444 5675 2134 5760 lenitatcm,suﬂ'erentes

1579 4269 1798 4311 novum
1845 4268 1983 4311 vero
2027 4250 2128 4331 qui
2154 4243 2195 4293 θ

2228 1843 2672 1923 Ἀπεκδυσάμενοι
2768 1848 2859 1903 τὸν
2942 1844 3172 1902 παλαιὸν
3242 1844 3513 1925 ἄνθρωπον
3599 1844 3691 1901 σὺν
3757 1855 3881 1907 ταῖς

2223 1935 2466 2015 πράξεσιν
2552 1937 2731 2007 αὐτοῦ,
2834 1936 2922 1992 καὶ
3007 1932 3342 2011 ἐνδυσάμενοι
3440 1936 3531 1990 τὸν
3615 1932 3731 1988 νέον
3790 1933 3881 1988 τὸν

2224 2025 2666 2100 ἀνακαινούμενον
2721 2027 2795 2088 εἷς
2866 2024 3148 2102 ἐπίγνωσιν
3193 2021 3322 2102 κατ’
3381 2025 3555 2080 εἶκονα
3608 2028 3703 2079 τοῦ
3757 2023 3876 2078 κτί-

2224 2136 2411 2178 σαντος
2470 2114 2649 2185 «ora»,
2696 2112 2828 2169 ὅπου
2892 2115 2985 2169 οῦκ
3040 2111 3113 2169 ἔνι
3192 2094 3387 2180 εἘλλην
3444 2113 3533 2168 καὶ
3592 2109 3875 2185 Ἰουδαῖος,

2220 2203 2483 2280 περιτομὴ
2593 2204 2682 2258 καὶ
2788 2199 3126 2279 ἀκροϐυστία,
3238 2200 3523 2281 βάρϐαρος,
3645 2202 3871 2275 Σκύθης,

2220 2290 2401 2355 δοῦλος
2500 2290 2786 2370 ἐλεύθερος,
2885 2290 3019 2347 ἀλλά
3141 2291 3312 2348 πάντα
3408 2293 3495 2347 καὶ
3592 2291 3647 2346 ἐν
3745 2296 3869 2345 πᾶσι

2222 2382 2465 2483 Χριστός.

2341 2482 2519 2544 Ωσπερ
2574 2471 2639 2526 τὰ
2700 2470 2937 2545 ὀνόματα
2992 2467 3233 2550 διάφορα,
3308 2473 3473 2544 θυμοῦ
3528 2471 3615 2526 καὶ
3680 2469 3868 2549 ὀργῆς,

2220 2559 2385 2623 οὕτως
2428 2562 2515 2616 καὶ
2558 2561 2622 2615 τὰ
2688 2558 3005 2651 ὑπ’ναῦτῶν
3064 2558 3433 2635 σημαινόμενα
3481 2557 3733 2615 πλεῖστον
3777 2555 3873 2613 ἀλ-

2218 2647 2401 2720 λήλων
2460 2647 2710 2731 διαφέρει.
2790 2644 2930 2704 Ἐστι
2989 2648 3088 2727 γὰρ
3129 2649 3293 2722 θυμὸς
3351 2648 3470 2727 μὲν,
3529 2651 3646 2704 οἷον
3689 2644 3869 2721 ’ἐξαψίς

2218 2759 2299 2801 τις
2329 2740 2417 2795 καὶ
2447 2737 2787 2813 ἀναθυμίασις
2832 2734 2980 2802 ὀξεῖα
3034 2742 3126 2792 τοῦ
3167 2737 3389 2811 πάθους,
3435 2737 3569 2814 ὀργὴ
3625 2732 3701 2811 δέ,
3764 2734 3866 2810 ἔμ-

2212 2848 2373 2903 μονος
2404 2826 2571 2905 λύπη,
2603 2828 2692 2883 καὶ
2750 2826 2891 2905 ὁρμὴ
2934 2822 3177 2905 διαρκὴς,
3241 2827 3373 2905 πρὸς
3403 2825 3501 2893 τὴν
3545 2828 3650 2881 τῶν
3680 2821 3869 2891 ἠδικη-

2210 2917 2381 2973 κότων
2438 2914 2719 2985 ἀντίδοσιν,
2775 2915 2953 2995 ὥσπερ
3010 2915 3251 2994 ὀργώσης
3322 2918 3421 2982 τῆς
3466 2917 3677 2993 ψυχῆς
3731 2914 3865 2991 πρὸς

2210 3006 2311 3074 τὴν
2380 3003 2604 3081 ἄμυναν,
2685 3004 2885 3063 Είδέναι
2943 3002 3031 3060 οὖν
3090 3003 3225 3084 χρὴ,
3272 3002 3351 3059 ὅτι
3396 3001 3518 3059 κατ’
3561 3000 3864 3082 ἀμφοτέρας

2211 3095 2305 3159 τὰς
2360 3092 2614 3159 διαθέσεις
2670 3091 3080 3170 πλημμελοῦσιν
3149 3094 3196 3149 οἱ
3254 3090 3537 3170 ἅνθρωποι,
3603 3090 3640 3159 ἢ
3697 3112 3863 3166 μανι-

2210 3188 2317 3249 κῶς
2374 3185 2460 3241 καὶ
2515 3181 2839 3259 ἐμπλήκτως
2882 3182 3019 3239 κατά
3071 3186 3176 3237 τῶν
3225 3179 3622 3260 παροξυνάντων
3677 3179 3866 3236 κινού-

2211 3293 2382 3348 μενοι,
2440 3272 2475 3341 ἢ
2532 3270 2760 3353 δολερῶς
2818 3273 2907 3329 καὶ
2979 3267 3269 3334 ἐπιϐούλως
3339 3271 3466 3334 τοὺς
3520 3268 3865 3339 λυπήσαντας

2211 3360 2587 3441 ἐνεδρεύοντες,
2648 3361 2782 3441 ἅπερ
2841 3360 3113 3441 ἀμφότερα
3186 3357 3475 3441 φυλακτέον
3533 3360 3690 3438 ἡμῖν,
3763 3357 3865 3425 τὴν

2210 3453 2690 3531 ταπεινοφροσύνην
2732 3448 3229 3530 προπαιδευθέντας.
3298 3472 3324 3503 α
3381 3445 3790 3529 Αἷσχρολογίαν.
3830 3470 3860 3503 ι

2214 3530 2399 3598 Ῥυποϊ
2570 3542 2630 3596 τὸ
2662 3541 2733 3603 εἰς
2777 3537 3078 3617 δοξολογίαν
3137 3544 3269 3595 Θεοῦ
3311 3537 3675 3613 πεποιημένον
3729 3536 3866 3593 στό-

2211 3651 2308 3704 μα.
2349 3653 2375 3684 ι
2425 3626 2872 3703 ’Λπεκδυσάμενοι
2904 3629 2994 3684 τὸν
3038 3626 3268 3685 παλαιὸν
3320 3626 3614 3705 ἄνθρωπον.
3668 3650 3695 3681 ι
3745 3632 3866 3683 Πα-

2210 3718 2360 3775 λαιὸν
2417 3718 2687 3797 ἅνθρωπον
2748 3716 2863 3781 ἔθος
2906 3716 3093 3775 καλεῖν
3153 3723 3221 3795 τῇ
3271 3723 3477 3797 Γραφῇ,
3546 3719 3639 3774 τὸν
3682 3737 3867 3773 πεπα-

2211 3806 2509 3883 λαιωμένον
2557 3809 2645 3864 καὶ
2686 3807 3097 3874 κατασεσηπότα
3148 3808 3237 3863 καὶ
3280 3806 3671 3874 ἐνησθενηκότα
3741 3817 3870 3871 ταῖς

2212 3898 2488 3977 ἁμαρτίαις
2543 3896 2679 3974 βίον,
2726 3898 2817 3953 τὸν
2874 3898 3042 3972 μήπω
3095 3893 3179 3951 διὰ
3230 3897 3329 3963 τῆς
3375 3897 3447 3960 εἷς
3504 3897 3727 3974 Χριστὸν
3769 3895 3868 3950 πί-

2212 4008 2377 4051 στεως
2428 3987 2506 4062 τῷ
2563 3987 2885 4063 βαπτίσματι
2943 3985 3361 4065 ἀναγεννηθέντα
3415 3986 3503 4042 καὶ
3557 4006 3873 4051 καινοποιη-

2211 4074 2387 4137 θέντα.
2463 4077 2564 4134 Τὸν
2625 4075 2761 4148 νέον,
2839 4076 2929 4131 τὸν
3009 4064 3470 4151 ἀνακαὶνούμενον,
3536 4064 3592 4132 Ὀ
3658 4075 3758 4154 γὰρ
3811 4072 3869 4129 ἐν

2215 4165 2377 4243 ἀρετῇ
2406 4165 2542 4245 βίος,
2603 4164 2681 4221 ἀεὶ
2734 4164 2927 4236 νεάζει,
2976 4162 3072 4221 κᾶν
3126 4162 3248 4241 δόξῇ
3292 4169 3461 4243 γηρᾷν
3518 4169 3863 4237 σωματικῶς,

2212 4252 2349 4310 ἀλλά
2374 4253 2554 4311 θάλλει
2600 4254 2995 4329 πνευματικῶς.
3058 4274 3081 4310 α
3131 4251 3263 4311 Κατ’
3306 4253 3480 4309 εἰκόνα
3523 4257 3615 4309 τοῦ
3643 4252 3866 4309 κτίσαν-

2210 4365 2301 4407 τος
2360 4343 2540 4405 αῦτόν.
2596 4367 2617 4398 ι
2656 4335 2712 4402 Ὀ
2744 4344 2843 4422 γὰρ
2885 4350 3149 4416 τοιοῦτος,
3193 4342 3291 4410 τὴν
3322 4342 3495 4399 εἰκόνα
3526 4341 3617 4398 τοῦ
3658 4342 3870 4399 κτίσαν-

2210 4454 2399 4496 σαντος
2452 4435 2607 4489 αύτὸν
2664 4438 2794 4489 Θεοῦ
2863 4431 3259 4511 κειαθαρμένην
3342 4429 3617 4513 φυλάττει,
3691 4430 3866 4508 ἀμιγῆ

2209 4527 2312 4577 τῶν
2370 4521 2518 4595 κάτῳ
2571 4522 2932 4602 χαρακτήρων
3001 4522 3089 4577 καὶ
3142 4518 3527 4596 πλανωμένων.
3592 4543 3620 4575 α
3682 4509 3869 4577 υΟπου

2210 4611 2302 4667 οῦκ
2329 4608 2425 4669 ἔνι.
2462 4630 2491 4669 )
2528 4611 2800 4686 Τουτὲστι,
2845 4612 2987 4690 παρά
3035 4616 3269 4690 Χριστῷ,
3326 4610 3469 4688 παρά
3498 4615 3567 4686 τῇ
3598 4610 3794 4669 πίστει.
3834 4630 3861 4668 ι

2220 4720 2242 4753 α
2305 4700 2381 4755 Τὰ
2433 4699 2605 4759 πάντα
2663 4700 2751 4755 καὶ
2805 4698 2858 4754 ἐν
2902 4704 3029 4755 πᾶσι
3061 4698 3308 4778 Χριστός,
3368 4721 3395 4751 ι
3447 4695 3666 4764 Ἐπειδὴ
3696 4698 3797 4775 γὰρ
3835 4719 3868 4753 ο

2210 4790 2403 4852 πάντες
2436 4789 2489 4845 ἓν
2535 4794 2691 4864 σῶμα
2741 4789 2994 4866 γινόμεθα
3049 4788 3271 4868 Χριστὸν
3327 4784 3546 4868 ἔχοντες
3602 4783 3865 4865 κεφαλὴν,

2212 4878 2430 4941 εἰκότως
2460 4878 2635 4935 πάντα
2664 4881 2802 4947 ἡμῖν
2831 4881 2859 4935 ὁ
2892 4881 3139 4959 Χριστὸς,
3171 4879 3259 4934 καὶ
3289 4878 3503 4958 Σωτὴρ,
3535 4879 3621 4933 καὶ
3653 4876 3868 4955 Κύριος,

2214 4969 2300 5023 καὶ
2345 4968 2499 5041 Θεὸς,
2551 4969 2639 5024 καὶ
2698 4965 2929 5048 κεφαλὴ,
2977 4968 3065 5023 καὶ
3107 4966 3410 5047 ἀρχιερεὺς,
3470 4966 3558 5021 καὶ
3586 4968 3743 5039 θῦμα.
3778 4964 3871 5021 Ἐν

2213 5062 2372 5113 πᾶσιν
2402 5054 2499 5130 ὢν,
2535 5059 2718 5137 φησὶν,
2751 5058 2787 5124 ἢ
2831 5057 3162 5136 πράγμασιν,
3190 5056 3227 5123 ἢ
3259 5068 3376 5118 τοῖς
3407 5059 3505 5121 τῆς
3536 5059 3680 5125 ζωῆς
3710 5053 3873 5128 ἡμῶν

2214 5160 2570 5220 συλιεκτικοῖς,
2603 5147 2638 5214 ἢ
2684 5146 2738 5202 ἐν
2769 5152 2929 5202 πᾶσιν
2960 5149 3120 5223 ἡμῖν,
3155 5145 3263 5202 Οὐκ
3293 5143 3403 5201 ἔστι
3434 5145 3533 5222 γὰρ
3562 5144 3712 5223 φησὶ,
3746 5163 3877 5220 προ-

2214 5233 2537 5311 σωποληψία
2579 5237 2722 5315 παρὰ
2751 5242 2827 5312 τῷ
2857 5242 2997 5310 Θεῷ.

2208 5321 2311 5384 Est
2362 5323 2425 5384 in
2482 5324 2784 5397 omnibus,
2844 5324 3063 5406 inquit,
3095 5332 3236 5405 pnta
3269 5320 3475 5395 rebus,
3509 5329 3608 5383 aut
3635 5318 3874 5384 actibus

2210 5411 2427 5492 inquit,
2464 5430 2747 5492 personae
2776 5422 3091 5495 respectus
3121 5413 3275 5494 apud
3310 5414 3523 5476 Deum.

2305 5527 2332 5557 α
2396 5499 2708 5561 Ἐνδύσασθε
2766 5504 2854 5561 οὗν
2910 5507 2984 5567 ὡς
3042 5503 3279 5561 ἐκλεκτοὶ
3356 5511 3448 5561 τοῦ
3531 5506 3664 5558 Θεοῦ
3729 5499 3873 5579 ἅγιοι

2390 5592 2758 5671 ἠγαπημένοι,
2831 5591 3121 5675 σπλάγχνα
3207 5595 3517 5673 οἰκτιρμῶν,
3623 5589 3874 5671 χρηστό-

2481 5685 2988 5763 ταπεινοφροσύνην,
3088 5684 3386 5763 πρᾳότητα,
3488 5680 3872 5763 μακροθυμίαν,

2216 5593 2303 5648 καὶ

2215 5703 2376 5757 τητα,
