4188 6420
550 349 630 418 ετ
1674 353 2083 420 (EGUMENII
2127 353 2215 418 TE

2298 355 2424 418 iCA'J
2463 349 2801 418 EPISCOPI
3485 399 3503 414 .
3861 348 3945 415 48

633 483 1088 568 Hymnuscantu
1098 486 1362 550 sanctior
1388 495 1781 569 estzsuperna
1801 505 2057 568 namque
2069 486 2192 549 vir-
2214 540 2215 543 η

2298 488 2436 564 ἱμνος
2491 499 2586 549 τοῦ
2627 487 2845 566 ψαλμοῦ
2892 492 3204 568 ἁγιώτερος.
3253 494 3312 546 Αἱ
3350 490 3451 568 γὰρ
3512 486 3622 544 ἅνω
3663 484 3944 564 δυνάμεις,

555 584 712 639 tutes
739 575 925 640 Deum
961 576 1223 650 laudant,
1250 594 1372 639 non
1395 583 1636 639 canunt.
1667 602 1695 632 α
1716 574 1779 638 In
1796 575 2002 657 gratia.
2032 602 2059 632 ι
2087 578 2202 637 Per

2298 587 2496 655 ιμνοῦσι
2537 582 2630 637 τὸν
2690 580 2847 649 Θεὸν,
2893 579 2952 635 οὑ
3005 579 3290 656 ψάλλουσι.
3344 597 3374 638 ι
3406 575 3498 635 Ἐν
3533 577 3740 657 χάριτι.
3781 596 3804 629 ο
3845 573 3945 631 Διά

553 666 805 745 gratiam
834 684 870 728 a
897 663 1118 748 Spiritu
1145 674 1352 728 sancto
1383 665 1580 728 datam
1611 665 1739 728 hac
1760 665 1958 728 facere
1985 664 2195 727 admo-

2298 670 2380 734 τῆς
2453 669 2597 748 παρὰ
2664 674 2759 725 τοῦ
2838 667 2989 746 ἁγίου
3059 669 3366 744 Πνεύματος
3424 663 3660 731 δοθείσης
3720 662 3944 748 χάριτος

554 747 963 830 net,ostendes
986 773 1105 818 non
1137 772 1312 836 posse
1340 753 1472 818 sine
1521 754 1706 835 gratia
1752 753 2006 836 implere
2036 753 2193 816 talia.

2298 763 2446 816 ταῦτα
2476 747 2656 815 ποιεῖν
2697 770 2974 836 παραινεῖ,
3006 753 3208 820 δεικνὺς
3260 754 3389 837 δίχα
3431 754 3654 835 χάριτος
3709 752 3788 826 μὴ
3846 747 3943 806 δύ-

561 863 587 900 ιι
619 840 686 905 In
707 842 889 907 corde
917 851 1135 908 vestro.
1162 868 1186 898 ιι
1223 841 1353 905 Non
1379 842 1734 925 simpliciter
1751 843 1879 905 solo
1901 860 2038 906 ore:
2062 861 2196 904 nam

2298 849 2466 904 μασθαι
2508 844 2744 925 πληροῦν
2775 846 2840 903 τὰ
2898 853 3140 906 τοιαῦτα.
3179 870 3207 902 ε
3241 847 3332 904 Ἐν
3361 850 3430 922 τῇ
3457 842 3642 923 καρδίᾳ
3683 843 3856 916 ὑμῶν.
3908 863 3937 894 ι

553 931 670 994 hoc
700 949 820 994 non
843 939 936 994 est
955 933 1077 997 Deo
1106 949 1350 1006 canere,
1382 931 1488 994 sed
1519 931 1581 993 in
1601 949 1740 994 aere
1770 930 1970 1014 loqui:
2005 949 2200 1012 neque

2298 936 2373 1003 liii
2427 935 2610 1000 ἁπλῶς
2681 934 2829 1010 μόνῳ
2910 935 3158 1010 στόματι.
3229 941 3394 994 Τοῦτο
3463 934 3564 1012 γὰρ
3634 931 3730 988 οὑκ
3800 928 3944 986 ’ἐστιν

555 1018 629 1082 ad
659 1021 1118 1084 ostentationem
1150 1019 1256 1084 sed
1287 1020 1520 1083 occulta
1547 1020 1918 1102 operatione.
1939 1045 1966 1076 α
1986 1018 2204 1084 Omnia

2298 1023 2422 1094 ζδειν
2479 1031 2620 1102 Θεῷ,
2654 1021 2775 1080 ἀλλ’
2813 1025 2886 1088 εἷς
2933 1023 3061 1102 ἀέρα
3104 1022 3317 1086 λαλεῖν,
3373 1023 3473 1082 Καὶ
3521 1021 3600 1096 μὴ
3642 1021 3775 1099 πρὸς
3819 1017 3944 1074 έπί-

555 1105 620 1170 in
642 1107 884 1171 nomine
916 1107 1176 1174 Domini.
1217 1134 1244 1165 ι
1283 1111 1480 1190 Ipsum
1503 1109 1855 1171 salvatorem
1881 1117 1940 1171 et
1959 1106 2203 1170 auxilia-

2298 1111 2460 1194 Ξειξιν,
2505 1112 2643 1170 ἀλλὰ
2670 1110 2756 1168 διὰ
2796 1117 3036 1192 κρτπτῆς
3088 1111 3357 1192 ἐργασίας.
3425 1133 3450 1167 ε
3503 1111 3681 1167 Πάντα
3722 1107 3779 1164 έν
3821 1107 3941 1164 δνόο

558 1203 750 1260 torem
778 1195 842 1259 in
872 1196 1236 1279 omniOpere
1258 1216 1328 1261 ac
1357 1215 1635 1260 sermone
1664 1197 2030 1261 invocantes.
2047 1221 2068 1254 ιι
2093 1202 2204 1259 Per

2298 1224 2416 1259 uti
2495 1203 2703 1282 Κυρίου.
2784 1219 2815 1260 )
2891 1202 3058 1258 Αὑτὸν
3131 1203 3329 1267 παντὸς
3401 1199 3552 1280 ἔργου
3627 1200 3715 1254 καὶ
3783 1195 3946 1275 λόγου

557 1283 747 1347 illum.
779 1309 809 1342 ι
834 1287 1020 1352 Recte
1051 1285 1302 1349 dicitur:
1327 1289 1443 1350 Per
1461 1285 1658 1368 ipsum
1690 1295 1750 1348 et
1777 1305 1912 1348 cum
1931 1286 2207 1367 ipso,hoc

2298 1295 2513 1370 Σωτῆρα
2554 1290 2642 1347 καὶ
2698 1290 2893 1366 βοηθὸν
2945 1287 3374 1366 ἐπικαλούμενοι.
3441 1308 3470 1348 ι
3536 1285 3617 1344 Δι’
3675 1286 3859 1344 αὑτοῦ.
3909 1308 3940 1339 ι

557 1373 797 1454 quidem
833 1383 1080 1456 propter
1108 1375 1500 1458 aequalitatem
1537 1383 1597 1438 et
1621 1375 2205 1439 consubstantialita-

2298 1380 2358 1437 Γὸ
2411 1375 2479 1434 δι’
2535 1378 2694 1436 αὑτοῦ
2753 1378 2842 1434 καὶ
2883 1377 2976 1433 σὺν
3025 1377 3170 1453 αὑτῷ
3221 1375 3398 1442 καλῶς
3457 1375 3696 1454 λέγεται,
3751 1374 3814 1430 τὸ
3845 1371 3947 1448 μὲν

558 1470 680 1525 tem
708 1464 783 1527 ad
812 1464 1046 1528 Patrem
1073 1485 1087 1526 :
1113 1464 1260 1528 illud
1280 1483 1421 1527 vero
1448 1464 1588 1548 quia
1611 1464 1906 1528 mediator
1926 1473 2130 1526 noster
2145 1473 2207 1528 et

2298 1467 2369 1526 ita:
2419 1469 2482 1524 τὸ
2536 1466 2656 1524 ἴσον
2697 1467 2787 1524 καὶ
2844 1466 3124 1542 ὁμοούσιον
3168 1473 3246 1541 τῷ
3303 1467 3488 1545 Πατρὶ,
3543 1466 3606 1521 τὸ
3634 1461 3714 1540 δὲ,
3758 1459 3946 1527 ἐπειδὴ

559 1551 826 1633 pontifex
853 1553 986 1616 ﬁeri
1015 1552 1291 1632 dignatus
1326 1562 1439 1632 est,
1470 1553 1710 1636 quando
1756 1552 2018 1617 Verbum
2063 1573 2200 1616 caro

2298 1559 2508 1625 ιεσίτης
2563 1558 2719 1632 ἡμῶν
2776 1557 2865 1612 καὶ
2934 1554 3220 1636 ἀρχιερεὺς
3287 1554 3476 1623 ἠξίωσε
3534 1552 3794 1633 γενέσθαι,
3855 1549 3949 1606 ὅτε

558 1639 777 1705 factum
815 1651 927 1718 est,
969 1643 1137 1724 juxta
1177 1641 1574 1724 Scripturam.
1611 1667 1639 1698 ι
1675 1643 1924 1724 Uxores,
1951 1641 2207 1706 subdita

2298 1649 2316 1705 5
2363 1645 2532 1724 Λόγος
2576 1643 2702 1724 σὰρξ
2755 1641 2966 1723 ἐγένετο
3023 1645 3160 1724 κατὰ
3209 1644 3308 1713 τὴν
3352 1644 3588 1724 Γραφήν.
3637 1661 3668 1701 ε
3726 1643 3788 1698 Αἱ
3843 1661 3947 1717 γυ-

561 1737 771 1836 estote.
795 1756 822 1789 ιι
855 1720 1005 1794 Cum
1034 1720 1336 1836 enim.ego
1368 1731 1498 1808 tibi,
1535 1741 1717 1836 tuque
1745 1720 2203 1796 mihi'vicissim

2298 1720 2492 1802 ναῖκες,
2554 1720 2967 1793 ὑποστάσσεσθε.
3020 1755 3048 1788 ι
3107 1720 3261 1792 εὃταν
3288 1734 3388 1812 γὰρ
3432 1720 3494 1790 σὺ
3537 1733 3636 1808 μὲν
3664 1731 3807 1836 ξμοξ,
3839 1727 3954 1807 ἑγὼ

558 1818 933 1903 subjicimur,
964 1820 1264 1902 quomodo
1294 1827 1488 1903 potest
1513 1819 1817 1903 quidpiam
1863 1830 2070 1884 contra
2097 1840 2204 1885 vo-

2298 1823 2343 1882 δὲ
2399 1825 2482 1883 σοὶ
2537 1821 2922 1900 ὑποτέταγμαι,
3003 1828 3118 1887 πῶς
3201 1822 3276 1879 ἔνι
3359 1845 3410 1878 τι
3472 1828 3580 1878 τῶν
3636 1817 3952 1889 ἀϐουλήτων

558 1907 849 1972 luntatem
891 1908 1280 1990 contingere?
1323 1908 1774 1991 Subjectionem
1827 1919 2026 1974 autem
2073 1929 2208 1974 esse

2298 1912 2608 1993 συμϐῆναι,
2676 1912 2788 1980 Τὴν
2842 1909 2899 1968 δὲ
2942 1912 3240 1993 ὑποταγὴν,
3303 1913 3364 1969 οὑ
3417 1908 3533 1968 καθ’
3586 1911 3860 1990 ὑπόκρισιν
3916 1905 3956 1974 ἢ

557 1997 704 2076 vult,
736 2017 856 2062 non
879 2016 950 2062 ex
980 1999 1361 2062 simulatione
1389 2004 1493 2063 aut
1514 1999 1587 2061 ad
1621 1999 1974 2081 placendum
2005 1999 2206 2062 homi-

2298 2002 2780 2084 ἀνθρωπαρέσκειαν
2871 2000 3116 2078 βούλεται
3205 2001 3373 2076 εἶναι,
3461 1998 3580 2057 ἀλλ’
3675 1997 3730 2055 ἒν

557 2085 759 2174 nibus,
789 2092 897 2152 sed
929 2088 993 2150 in
1033 2089 1250 2150 timore
1293 2086 1537 2152 Christi.
1587 2112 1615 2144 ι
1643 2087 1815 2152 Sicut
1843 2088 2120 2151 convenit
2145 2089 2209 2152 in

2298 2081 2547 2174 Χριστοῦ,
2591 2114 2615 2147 ι
2681 2081 2773 2156 Ὠς
2817 2091 3014 2157 ἀνῆκεν
3071 2089 3126 2146 ἐν
3186 2091 3379 2170 Κυρίῳ,
3442 2114 3470 2145 ι
3529 2087 3832 2160 Τουτέστιν,
3877 2087 3956 2149 ὡς

559 2173 836 2239 Domino.
871 2201 896 2237 ε
924 2176 1050 2240 Ηοο
1077 2185 1190 2255 est,
1223 2177 1408 2240 veluti
1436 2177 1661 2240 decens
1691 2185 1782 2239 est
1821 2177 1884 2240 in
1926 2178 2210 2242 Domino?

2298 2173 2480 2262 πρέπει
2538 2179 2594 2237 ἐν
2662 2179 2852 2259 Κυρίῳ.
2915 2177 3006 2237 Ἐν
3060 2177 3115 2236 δὲ
3190 2180 3360 2259 Κυρίῳ
3421 2178 3634 2258 πρέπει,
3695 2176 3794 2244 τὴν
3849 2174 3953 2251 μὲν

559 2262 744 2328 Decet
761 2273 958 2328 autem
983 2265 1046 2327 in
1075 2265 1354 2340 Domino,
1381 2273 1447 2326 ut
1492 2283 1641 2328 uxor
1676 2267 1920 2348 quidem
1979 2267 2215 2330 subdita

2298 2285 2522 2351 γυναῖκα
2568 2270 2978 2342 ὑποτάσσεσθαι,
3021 2270 3116 2326 τὸν
3171 2266 3226 2325 δὲ
3269 2267 3429 2349 ἄνδρα
3486 2268 3699 2346 ἀγαπᾷν
3756 2265 3944 2334 αὑτήν.

562 2354 666 2430 sit,
691 2354 780 2416 vir
808 2362 1008 2417 autem
1038 2354 1231 2436 ipsam
1263 2353 1490 2432 diligat.
1533 2379 1560 2412 ιι
1592 2354 1745 2430 Viri,
1792 2356 2019 2437 diligite
2061 2376 2212 2419 uxo-

2300 2383 2329 2417 ιι
2385 2362 2446 2420 Οἱ
2501 2357 2704 2440 ἄνδρες,
2764 2358 3007 2436 ἀγαπᾶτε
3058 2359 3154 2422 τὰς
3213 2371 3500 2436 γυναῖκας.
3549 2381 3577 2413 ι
3661 2365 3755 2414 Οτι
3822 2354 3950 2418 τοὺς

562 2459 723 2506 res.»
748 2440 866 2506 Eos
885 2462 1144 2526 namque
1166 2444 1268 2523 qui
1301 2443 1704 2507 obedientiam
1737 2445 1938 2509 fovere
1965 2443 2210 2520 debent,

2298 2451 2394 2518 τὴν
2449 2447 2690 2515 ὑπακοὴν
2759 2444 3067 2525 ὀφείλοντας
3122 2445 3366 2526 ὑπέχειν,
3437 2445 3618 2524 ἀγαπᾷ
3673 2440 3949 2522 προστάσ-

562 2530 836 2614 ρι-ωεὶρὶι
855 2540 918 2594 ιιι
937 2532 1186 2613 diligant
1206 2550 1446 2614 uxores,
1469 2533 1714 2612 liberos,
1739 2551 1942 2598 servos
1968 2557 1982 2594 :
2007 2552 2215 2616 quem-

2298 2559 2400 2612 σει,
2461 2538 2554 2600 τὰς
2601 2548 2884 2615 γυναῖκας,
2929 2535 2995 2591 τὰ
3053 2534 3236 2615 τέκνα,
3281 2537 3402 2599 τοὺς
3441 2531 3680 2606 δούλους,
3725 2529 3953 2587 ἕκαστον

565 2639 684 2702 que
712 2639 944 2703 ponens
965 2621 1134 2703 juxta
1161 2621 1522 2685 obedientia:
1553 2623 2043 2705 propositionem.
2083 2649 2112 2680 ι
2143 2627 2215 2692 Ει

2298 2629 2454 2691 τιθεὶς
2494 2628 2630 2684 κατὰ
2682 2626 2781 2693 τὴν
2823 2624 3108 2703 ἀναλογίαν
3150 2626 3251 2692 τῆς
3305 2626 3570 2691 ὑπακοῆς.
3623 2645 3651 2677 ι
3713 2621 3812 2680 Καὶ
3866 2617 3952 2695 μὴ

565 2726 644 2771 ne
674 2709 806 2772 sitis
832 2710 1189 2775 amarulenti
1217 2710 1498 2802 adversus
1521 2711 1738 2802 illas._a
1773 2713 1898 2775 Scit
1924 2730 1994 2774 ex
2027 2713 2214 2802 multo

2298 2720 2624 2802 πικραίνεσθε
2681 2720 2810 2800 πρὸς
2877 2717 3061 2782 αὑταίς.
3140 2739 3164 2775 ιι
3242 2715 3371 2776 Οἶδε
3413 2718 3501 2774 καὶ
3571 2715 3677 2772 ἀπὸ
3738 2709 3950 2802 πολλῆς

564 2815 800 2888 quoque
830 2817 1066 2862 amores
1093 2818 1322 2881 pugnas
1350 2799 1495 2862 oriri
1528 2819 1544 2860 :
1583 2800 1808 2863 idcirco
1850 2819 1985 2864 cum
2022 2801 2212 2864 dilec-

2298 2799 2535 2887 ἀγάπης,
2567 2809 2753 2888 μάχας
2801 2805 3138 2882 τικτομένας,
3189 2804 3270 2863 διὸ
3311 2807 3411 2875 τὴν
3454 2806 3670 2885 ἀγάπην
3711 2801 3948 2883 προθεὶς,

565 2886 791 2977 tionem
842 2889 1277 2977 proposuisset,
1309 2888 1613 2971 subjunxit
1637 2910 1652 2950 :
1679 2888 1752 2952 Et
1782 2908 1858 2952 ne
1886 2889 2015 2954 sitis
2042 2910 2208 2953 ama-

2298 2886 2355 2956 τδ
2437 2899 2516 2975 μὴ
2587 2886 2916 2977 πικραίνεσθε
2982 2895 3280 2975 ἒπήγαγεν.
3348 2905 3478 2960 Τοῖς
3546 2899 3756 2974 γονεῦσι
3811 2890 3955 2947 κατά

561 2974 806 3067 rulenti.
831 3002 872 3067 ,ι
896 2976 1249 3067 Parentibus
1278 2977 1341 3040 in
1369 2977 1646 3067 omnibus
1681 2996 1696 3041 :
1744 3002 1771 3067 ιι
1826 2980 2090 3061 exceptis
2119 2981 2214 3043 his

2298 2974 2489 3056 πάντα,
2528 3010 2553 3046 s
2587 2974 2715 3067 Sila
2771 2991 2878 3044 τῶν
2920 2987 2993 3050 εἰς
3051 2974 3296 3043 ἀσέϐειαν
3353 2985 3644 3066 φερόντων.
3706 3006 3735 3037 α
3784 2986 3957 3040 Τοῦτο

563 3082 694 3160 qua
720 3065 796 3160 ad
826 3064 1191 3160 impietatem
1225 3066 1441 3160 ierunt.
1470 3090 1494 3124 ι
1525 3065 1650 3160 ῌοο
1675 3066 2214 3160 εοίηιροιιθριαοει

2298 3077 2394 3156 γάρ
2422 3075 2563 3132 ἐστιν
2593 3064 2869 3155 εὑὰρεστον
2897 3080 2975 3150 τῷ
3012 3073 3206 3152 Κυρίῳ.
3244 3098 3272 3131 ι
3324 3064 3428 3156 ﬁci
3451 3075 3615 3151 νόμον
3655 3072 3828 3138 τίθησι
3857 3069 3954 3126 τὸν

563 3155 849 3221 Domino.
887 3180 916 3213 ι
950 3155 1166 3236 Legem
1194 3156 1374 3219 etiam
1409 3156 1598 3239 ponit,
1651 3175 1784 3239 quae
1809 3155 2212 3221 obedientiam

2298 3155 2396 3234 τὴν
2423 3165 2665 3232 ὑπακοὴν
2715 3166 3120 3243 νομοθετοῦντα,
3169 3155 3345 3220 πλέον
3376 3161 3642 3243 ἐντρέπων
3672 3161 3736 3216 τὰ
3764 3163 3951 3216 τέκνα.

561 3251 805 3322 statuat,
842 3244 1000 3308 ﬁlios
1031 3231 1220 3324 magis
1249 3231 1591 3310 exhortans:
1632 3231 1779 3307 «'Ne
1809 3245 2215 3327 despondeant

2304 3277 2329 3309 ιι
2354 3231 2492 3312 ἰἰνα
2519 3252 2600 3330 μὴ
2630 3231 2914 3329 ἀθυμάηιν.
2981 3273 3006 3309 ε
3067 3231 3247 3310 ’,ἐστιν
3296 3250 3382 3308 ὅτε
3428 3231 3516 3309 καὶ
3544 3255 3781 3329 παρορᾷν
3807 3248 3958 3329 ὀφεί-

560 3331 853 3399 animum.
878 3359 902 3390 ι
929 3333 1034 3397 Est
1059 3333 1160 3396 ubi
1188 3335 1365 3398 etiam
1396 3335 1718 3397 connivere
1735 3333 2213 3418 debetis,inquit,

2298 3341 2440 3423 λετε,
2479 3342 2662 3422 φησιν,
2692 3340 2785 3398 ’ίνα
2815 3347 2894 3417 μὴ
2923 3341 3239 3418 ἀθυμοῦντες
3285 3340 3368 3397 ἀεὶ
3421 3338 3830 3420 φιλονεικότεροι
3858 3335 3957 3416 γέ-

563 3439 642 3485 ne
669 3433 958 3506 perpetuo
987 3423 1214 3500 tristes,
1248 3425 1580 3487 reddantur
1607 3423 2129 3488 contentiosiores.
2299 3455 2515 3496 νωνται.

643 3509 1734 3594 11132-Ξὸ.8ενυί,οὸεάίιερενοηιηία
1745 3513 2006 3577 dominis
2015 3532 2221 3578 secun-

561 3601 1115 3683 dumcarnem,non
1126 3601 1425 3682 obsequiis
1435 3605 1516 3664 ad
1525 3600 1764 3665 oculum
1775 3601 2220 3676 exltibitis,tan-

563 3689 1100 3772 quamhominibus
1119 3691 1364 3771 placere
1381 3691 1822 3761 studentes,sed
1831 3709 1967 3755 cum
1983 3692 2219 3774 simpli-

562 3780 742 3844 citate
763 3781 958 3845 cordis
977 3783 1253 3844 timentes
1274 3780 1493 3844 Deum.
1510 3782 1724 3844 HQEt
1745 3781 2042 3862 quidquid
2060 3785 2216 3861 fece-

561 3870 812 3946 ritis,ea:
825 3871 1035 3933 animo
1050 3871 1707 3952 operemini,tanquam
1735 3871 1998 3934 Domino
2018 3879 2077 3935 et
2093 3889 2218 3934 non

562 3959 798 4022 homini
805 3960 1194 4036 bus,scieates
1214 3960 1374 4041 quod
1391 3979 1428 4023 a
1445 3959 1707 4023 Domino
1734 3961 2041 4039 recipietis
2054 3978 2219 4023 mer-

563 4049 760 4112 cedem
791 4051 1199 4114 havreditatis.
1222 4051 1380 4112 Nam
1410 4048 1674 4113 Domino
1695 4047 1932 4111 Christo
1947 4052 2212 4114 servitis.

2387 3545 2415 3578 ε
2488 3523 2550 3579 Οἱ
2601 3517 2777 3578 δοῦλοι
2843 3519 3132 3578 ὑπακούετε
3202 3520 3338 3577 κατά
3407 3519 3580 3576 πάντα
3647 3529 3768 3580 τοῖς
3811 3515 3956 3598 κατᾲ

2299 3611 2466 3690 σάρκα
2545 3610 2741 3690 κυρίοις
2827 3609 2904 3685 μὴ
2983 3608 3038 3666 ἐν
3122 3605 3622 3690 όφθαλμοδουλείαις
3693 3608 3767 3671 ὡς
3845 3599 3954 3661 ἀνί-

2296 3699 2679 3780 θρωπάρεσκοι,
2729 3694 2851 3754 ἀλλ’
2905 3696 2960 3756 ἐν
3001 3695 3054 3755 έν
3125 3695 3390 3765 ἁπλότητι
3460 3692 3697 3776 καρδίας,
3745 3691 3954 3775 φοϐου-

2298 3810 2447 3866 μενοι
2504 3789 2594 3845 τὸν
2664 3786 2817 3847 Θεόν.
2893 3788 2991 3844 Καὶ
3055 3793 3161 3844 πᾶν
3229 3786 3259 3842 ὅ
3328 3808 3378 3842 τι
3456 3783 3546 3842 ἐὰν
3596 3789 3812 3864 ποιῆτε,
3887 3783 3958 3841 ἐκ

2299 3877 2480 3957 ψυχῆς
2548 3875 2822 3955 ἐργάζεσθε
2881 3877 2951 3940 ὡς
3021 3881 3098 3950 τῷ
3160 3876 3351 3955 Κυρίῳ,
3423 3875 3512 3932 καὶ
3582 3874 3676 3930 οὑκ
3732 3871 3947 3952 ἀνθρώ-

2298 3988 2446 4047 ποις,
2519 3964 2713 4028 εἰδότες
2791 3963 2871 4020 ὅτι
2961 3963 3068 4020 ἀπὸ
3161 3965 3346 4044 Κυρίου
3436 3960 3778 4039 ἀπολήψεσθε
3846 3962 3956 4030 τὴν

2299 4052 2648 4115 ἀνταπόδοσιν
2673 4058 2775 4120 τῆς
2832 4051 3210 4132 κληρονομίας.
3265 4059 3354 4128 Τῷ
3395 4054 3495 4131 γὰρ
3540 4053 3712 4130 Κυρίῳ
3741 4057 3957 4130 Χριστῷ

567 4138 868 4201 Caeterum
895 4139 1004 4218 qui
1028 4140 1234 4218 inique
1261 4140 1387 4218 agit
1415 4138 1646 4219 referet
1670 4149 1986 4219 peccatum
2005 4157 2206 4222 suum,

2298 4142 2582 4204 δουλεύετε.
2616 4134 2675 4201 ’0
2717 4141 2773 4199 δὲ
2801 4139 3020 4217 ἀδικῶν,
3045 4155 3320 4219 κομιεῖται
3363 4142 3393 4198 ὃ
3434 4139 3708 4220 ἠδίκησεν,
3731 4140 3826 4197 παὶ
3853 4142 3956 4199 οῦκ

564 4233 618 4288 et
637 4245 761 4289 non
783 4235 870 4290 est
890 4245 1303 4307 personarum
1328 4236 1652 4308 respectus.

2291 4231 2404 4291 ἔστι
2436 4231 2886 4314 προσωποληψία.
2935 4256 2963 4290 ι

647 4313 861 4378 Servos
888 4317 1251 4390 consolatur,
1274 4316 1484 4378 dicens
1507 4315 1932 4398 propemodum
1956 4336 1970 4381 :
2000 4318 2211 4382 Carnis

2376 4313 2768 4404 Παρσμυθεῐται
2851 4323 2974 4386 τοὺς
3057 4320 3299 4398 δούλους,
3371 4321 3664 4401 μονονουχὶ
3747 4319 3951 4400 λέγων,

566 4403 659 4465 bis
689 4404 930 4469 Domini
959 4404 1296 4478 sunt.Quoll
1326 4406 1387 4467 in
1418 4405 1585 4468 vobis
1614 4406 1830 4469 melius
1857 4415 1968 4482 est,
1995 4425 2214 4489 nempe

565 4493 791 4570 anima,
843 4514 962 4557 non
1015 4494 1332 4574 subjicitur
1378 4495 1640 4557 humano
1701 4494 2000 4557 servitutis
2040 4496 2210 4577 jugo.

571 4606 600 4639 α
633 4581 763 4646 Non
794 4582 1100 4665 obsequiis
1134 4584 1213 4646 ail
1242 4583 1479 4646 oculum
1527 4583 1830 4647 exhibitis.
1869 4610 1896 4641 υ
1934 4583 2063 4648 Non
2111 4605 2214 4647 so-

565 4672 713 4747 lum,
751 4672 966 4754 inquit,
1003 4671 1274 4736 intuente
1321 4671 1576 4735 Domino
1617 4672 1796 4736 facite
1824 4692 1957 4754 qua
1987 4673 2212 4752 dicent,

566 4779 771 4824 verum
801 4764 982 4826 etiam
1012 4780 1130 4824 non
1161 4761 1424 4830 vidente.
1449 4795 1526 4808 —
1557 4787 1584 4818 α
1609 4760 1916 4844 Tanquam
1950 4763 2214 4825 bomini-

566 4849 679 4913 bus
709 4853 944 4932 placere
974 4851 1345 4914 studentes.»
1369 4850 1594 4915 Facere
1621 4851 1782 4914 enim
1812 4871 1947 4934 quae
1973 4852 2213 4933 decent,

566 4938 826 5003 dominis
845 4949 1125 5023 tanquam
1155 4941 1590 5023 spectantibus,
1618 4941 1798 5003 studii
1819 4951 1910 5006 est
1938 4942 2215 5024 placendi

566 5027 933 5111 hominibus,
984 5038 1046 5093 et
1073 5049 1192 5093 non
1224 5030 1456 5096 timoris
1501 5029 1631 5093 Dei.
1678 5031 1996 5110 Siquidem
2028 5031 2082 5093 is
2110 5032 2214 5114 qui

566 5115 755 5182 Deum
785 5129 1027 5183 veretur
1052 5119 1254 5183 omnia
1279 5139 1412 5182 cum
1445 5119 1834 5202 simplicitate
1881 5121 2041 5183 facit.
2077 5146 2103 5178 ι
2130 5121 2214 5184 Ex

566 5206 766 5269 animo
795 5208 1149 5289 operamini.
1187 5234 1215 5266 ι
1269 5207 1396 5272 Non
1446 5217 1676 5272 tantum
1724 5211 2107 5274 simulatione
2145 5231 2214 5274 ac

567 5295 766 5359 studio
797 5297 1070 5378 placendi
1111 5298 1457 5362 hominibus
1485 5299 1610 5362 vult
1647 5319 1753 5363 eos
1798 5319 1934 5364 esse
1964 5300 2210 5383 liberos,

567 5402 772 5450 verum
797 5385 975 5450 etiam
1012 5387 1136 5451 otio
1170 5405 1240 5450 ac
1283 5388 1561 5467 segnitie.
1585 5387 1754 5462 Quod
1775 5399 1970 5454 autem
1989 5390 2102 5454 ait:
2131 5394 2216 5455 Ex

566 5473 796 5562 animo,
821 5475 934 5539 hoc
961 5483 1072 5555 est,
1103 5493 1176 5542 ex
1207 5475 1650 5554 benevolentia,
1683 5486 1743 5542 et
1790 5479 1954 5541 omni
1992 5499 2125 5562 quae
2153 5480 2216 5544 iu

567 5561 744 5631 vobis
779 5565 963 5631 fuerit
1008 5574 1321 5650 potestate.
1365 5588 1390 5626 ι
1425 5565 1730 5649 Tanquam
1782 5561 2066 5632 Domino.
2106 5597 2127 5628 ι
2168 5575 2217 5637 Α

567 5655 874 5731 (muni
906 5672 1089 5722 sanan
1115 5653 1513 5738 supplendum
1540 5665 1664 5722 est:
1700 5655 2079 5738 Operemiui,
2114 5677 2223 5740 per

2295 4412 2496 4493 Σαρκός
2567 4413 2697 4470 είσιν
2752 4413 2892 4469 οὗτοι
2949 4411 3138 4491 κύριοι.
3190 4413 3263 4470 Τὸ
3315 4423 3558 4490 κρεῖττον
3628 4410 3682 4466 ἒν
3737 4410 3841 4484 σοὶ,
3916 4413 3956 4480 ἡ

2295 4502 2476 4583 ψυχὴ,
2520 4503 2624 4582 οὑχ
2651 4500 2923 4558 ὑπόκειται
2967 4501 3273 4581 ἀνθρωπίνῳ
3314 4497 3549 4564 δουλείας
3579 4505 3744 4578 ζυγῷ,
3797 4521 3825 4554 ε
3858 4499 3955 4568 Μὴ

2297 4591 2351 4648 ἒν
2399 4587 2921 4672 ὀφθαλμοδουλείαις.
2986 4613 3014 4646 ι
3079 4590 3169 4658 Μὴ
3229 4589 3416 4669 μόνον,
3489 4589 3671 4670 φησὶν,
3721 4589 3956 4668 δρῶντος

2297 4688 2390 4739 τοῦ
2464 4679 2734 4738 Δεσπότου
2785 4681 3043 4759 πράττετε
3104 4681 3170 4738 τὰ
3240 4676 3446 4756 δέοντα,
3521 4676 3660 4734 ἀλλὰ
3728 4679 3817 4735 καὶ
3869 4679 3958 4753 μὴ

2298 4773 2550 4850 δρῶντος.
2584 4802 2659 4814 —
2697 4791 2725 4824 ε
2769 4759 2863 4834 Ὦς
2891 4769 3344 4850 ἀνθρωπάρεσκοι.
3393 4791 3420 4824 ι
3471 4767 3683 4849 [ΦΩΤ,]
3737 4769 3809 4826 Τὸ
3851 4767 3959 4848 γὰρ

2298 4860 2542 4939 ὁρώντων
2611 4859 2772 4934 μόνον
2816 4860 2922 4916 τῶν
2991 4857 3259 4916 δεσποτῶν
3315 4859 3563 4938 πράττειν
3618 4860 3685 4914 τὰ
3727 4855 3956 4939 δέοντα,

2297 4937 2783 5029 ἀνθρωπαρεσκείας
2851 4949 2961 5006 ἐστὶ
3007 4950 3096 5006 καὶ
3165 4950 3228 5006 οῦ
3285 4937 3450 5029 φόϐου
3508 4953 3662 5007 Θεοῦ.
3723 4937 3781 5005 ’0
3851 4946 3960 5026 γὰρ

2295 5039 2389 5096 τὸν
2439 5040 2571 5096 Θεὸν
2625 5035 2967 5118 φοϐούμενος,
3026 5039 3162 5114 μετὰ
3202 5035 3506 5104 ἁπλότητος
3561 5037 3735 5094 πάντα
3775 5035 3960 5116 πράτ-

2297 5149 2398 5188 τει.
2451 5149 2474 5183 ε
2519 5124 2616 5185 Ἐκ
2658 5131 2840 5207 ψυχῆς
2883 5127 3182 5207 ἐργάζεσθε.
3235 5148 3260 5185 ε
3325 5129 3398 5185 Οὑ
3441 5125 3602 5202 μόνον
3628 5126 3959 5204 ὑποκρίσεως

2297 5218 2385 5274 καὶ
2457 5215 2943 5296 ἀνθρωπαρεσκείας
3024 5214 3264 5292 βούλεται
3364 5214 3551 5278 αὑτοὺς
3653 5212 3961 5292 ἐλευθέρους

2299 5307 2466 5380 εἶναι,
2518 5302 2656 5360 ἀλλὰ
2714 5306 2799 5362 καὶ
2855 5305 3037 5384 ἀγρίας
3102 5305 3191 5361 καὶ
3276 5303 3517 5367 νωθείας.
3597 5305 3669 5360 Τὸ
3726 5301 3806 5384 δὲ,
3856 5299 3961 5360 Ἐκ

2299 5399 2483 5474 ψυχῆς
2531 5393 2825 5474 τουτέστιν,
2887 5394 2940 5460 ἒξ
2989 5393 3192 5459 εὑνοίας
3251 5393 3340 5449 καὶ
3399 5389 3502 5459 ὅση
3549 5388 3794 5468 δύναμις,
3851 5415 3956 5472 φη-

2301 5473 2409 5548 σίν,
2482 5503 2507 5540 ε
2569 5473 2660 5548 Ὠς
2711 5490 2788 5558 τῷ
2811 5473 3020 5564 Κυρίῳ.
3091 5507 3116 5540 s
3179 5480 3317 5540 Ἀπὸ
3359 5488 3536 5538 κοινοῦ
3589 5484 3653 5539 τὸ
3696 5479 3958 5562 ’Λργάζε-

2301 5576 2443 5654 σθαι,
2527 5573 2664 5630 κατὰ
2744 5573 3109 5649 μετάπτωσιν,
3183 5574 3258 5636 ὡς
3315 5578 3395 5646 τῷ
3448 5571 3644 5650 Κυρίῳ,
3718 5574 3806 5629 καὶ
3864 5573 3961 5630 οὑκ

2305 5662 2598 5742 ἀνθρώποις
2655 5663 3022 5740 ὶργαζόμενοι.
3073 5683 3103 5719 ε
3151 5659 3359 5724 Είδότες
3403 5658 3482 5716 ὅτι
3529 5660 3636 5717 ἀπὸ
3677 5661 3884 5741 Κυρίου,
3933 5685 3955 5719 ε
