4188 6420
507 341 573 405 51

1576 381 1584 390 -
1650 341 2060 405 (ECUMENII
2107 340 2402 403 TRIGC/E
2447 337 2785 406 EPISCOPI

3839 340 3914 404 52

505 485 664 537 108.1
692 475 1010 554 Temporis
1051 475 1555 556 opportunitatem
1583 473 2146 538 redimentes.»Bre

2248 477 2276 531 6
2345 478 2528 556 παρὼν
2583 479 2792 557 καιρὸς,
2877 475 3210 556 κερδάνωμεν
3290 476 3474 534 αὗτόν.
3548 480 3668 537 Πῶς
3726 471 3782 530 δὲ
3839 473 3911 530 ἔνι

505 563 591 626 vis
621 571 734 638 est,
767 563 979 646 inquit,
1011 582 1273 645 prensans
1323 564 1726 645 oportunitac,
1760 564 2164 626 lucriﬁcamus

505 651 1044 729 ipsam.Quom0do
1075 661 1276 715 autem
1295 653 1582 732 contingit
1601 661 1952 733 praesentem
1981 652 2166 714 lucri-

504 741 681 804 ﬁcare
715 741 1252 824 opportunitatem?
1267 742 1647 805 Ambulando
1670 743 1949 805 videlicet
1981 743 2042 803 in
2067 761 2163 804 sa-

505 829 730 910 pientia
750 837 812 892 et
839 829 1368 902 observatione,Ac
1399 831 1450 892 si
1479 832 1889 895 diceretzNon
1911 840 2000 894 est
2031 849 2163 892 nos-

504 925 596 980 tra
623 919 910 999 temporis
939 920 1578 1002 opportunitas,neque
1603 931 1870 982 nostrum
1899 929 2160 982 estlem-

507 1026 620 1088 pus
648 1007 843 1088 ipsum
879 1007 1216 1090 (Siquidem
1248 1009 1368 1071 vita
1427 1017 1628 1072 nostra
1681 1009 2032 1072 abscondita
2075 1015 2165 1070 est

507 1116 639 1159 cum
663 1097 895 1161 Christo
927 1100 986 1159 in
1014 1097 1163 1178 Deo)
1193 1097 1298 1161 sed
1333 1098 1567 1176 illorum
1600 1107 1689 1160 est
1727 1116 2032 1160 :emamus
2053 1097 2160 1174 igi-

507 1192 604 1247 tur
628 1185 823 1267 ipsum
857 1194 917 1248 et
947 1187 1125 1249 veluti
1150 1187 1732 1266 lucrifaciamus,per
1761 1193 1984 1248 rectam
2009 1185 2166 1247 hanc

507 1274 684 1336 vitam
742 1275 1120 1338 haereditario
1165 1277 1297 1354 jure
1341 1283 1750 1356 assequenles,
1787 1294 1917 1356 quae
1969 1275 2168 1335 futura

505 1371 663 1426 sunt.
681 1387 708 1419 ι
730 1366 943 1427 Sermo
965 1372 1160 1426 vester
1180 1381 1425 1445 semper
1450 1383 1584 1426 cum
1615 1363 1836 1444 gratia.
1876 1389 1897 1420 ι)
1935 1362 2163 1443 Inepta,

505 1452 719 1534 inquit,
765 1452 1120 1535 loquacitas,
1165 1453 1296 1515 144
1333 1460 1435 1515 aut
1480 1453 1936 1534 intempestivus
1965 1470 2165 1514 sermo

509 1558 628 1603 non
661 1542 1001 1620 egrediatur
1029 1561 1100 1604 ex
1121 1560 1225 1604 ore
1259 1552 1477 1614 vestro,
1514 1541 1617 1602 sed
1651 1546 1804 1602 sicut
1829 1541 2046 1622 cuique
2070 1559 2169 1602 ex-

2243 566 2334 621 τὸν
2364 566 2602 644 παρόντα
2649 563 2892 644 κερδᾶναι
2938 565 3173 646 καιρόνς
3253 562 3510 631 Δηὶονότι
3569 561 3654 618 διὰ
3712 569 3803 619 τοῦ
3858 563 3913 618 ἐν

2244 653 2398 733 σοφίᾳ
2488 654 2575 709 καὶ
2667 653 2982 733 ἐπιτηρήσει
3061 667 3399 734 περιπατεῖν,
3471 653 3598 710 ὡσεὶ
3683 650 3860 729 ἔλεγεν
3893 669 3906 684 °

2245 743 2352 802 Οὔκ
2404 742 2545 799 ἔστιν
2600 744 2758 820 ἡμῶν
2819 746 2847 800 6
2894 744 3079 822 καιρὸς
3141 741 3197 822 (ἡ
3259 744 3359 823 γὰρ
3414 743 3528 814 ζωὴ
3584 743 3738 816 ἡμῶν
3813 740 3908 798 κέ·-

2245 854 2469 910 κρυπται
2525 832 2616 888 σὺν
2673 839 2750 906 τῷ
2797 838 3016 911 Χριστῷ
3068 831 3123 888 ἐν
3178 840 3256 906 τῷ
3313 832 3475 906 Θεῷ),
3535 828 3658 886 ἀλλ’
3698 829 3909 886 ἐκείνων

2246 921 2376 984 ἐστί,
2452 921 2784 996 κτησώμεθα
2865 921 2952 978 οὖν
3021 923 3176 980 αὐτὸν
3232 923 3320 978 καὶ
3375 925 3494 978 οἷον
3548 919 3909 998 κερδάνωμεν,

2245 1008 2329 1067 διὰ
2359 1017 2453 1067 τοῦ
2506 1009 2730 1068 ἒνταὺθα
2787 1009 2966 1076 καλῶς
3022 1011 3170 1086 βιοῦν
3211 1011 3277 1066 τὰ
3331 1008 3593 1086 μέλλοντα
3645 1007 3911 1086 κληρονο-

2247 1105 2494 1174 μοῦντες,
2561 1122 2582 1154 ι
2649 1090 2708 1158 Ὀ
2763 1098 2924 1177 λόγος
2981 1099 3154 1176 ὑμῶν,
3217 1098 3446 1156 πάντοτε
3502 1097 3556 1153 ἰν
3612 1099 3818 1178 χάριτι,
3882 1120 3904 1152 ο

2251 1189 2339 1256 Μὴ
2423 1187 2750 1268 μωρολογία,
2880 1189 3061 1269 φησὶν,
3145 1188 3181 1256 ἢ
3265 1187 3476 1267 ἀκαιρία
3547 1187 3736 1254 ἐξέλθοι
3817 1194 3914 1244 τοῦ

2249 1278 2514 1352 στόματος
2545 1279 2717 1352 ὑμῶν,
2766 1275 2903 1333 ἀλλὰ
2958 1278 3339 1356 προσηκόντως
3399 1278 3608 1350 ἑκάστῳ
3665 1275 3911 1352 λαλεῖτε,

2249 1364 2346 1422 κᾶν
2404 1363 2694 1433 ἐπιπλῆξαι
2736 1362 2869 1445 δέοι,
2931 1364 3028 1422 κᾶν
3085 1369 3398 1446 θεραπεῦσαι
3455 1367 3542 1421 καὶ
3597 1365 3911 1434 ἀνακτήσα-

2249 1458 2390 1535 σθαι,
2435 1456 2571 1529 μεεά
2601 1455 2851 1534 χάριτος,
2883 1455 3038 1535 φησὶ,
3072 1459 3463 1530 πνευματικῆς,
3522 1454 3601 1528 μὴ
3655 1458 3753 1520 τῆς
3807 1454 3914 1534 χά-

2249 1565 2388 1624 ριτος
2469 1545 2543 1607 εἰς
2613 1542 2918 1622 ἀδιαφορίαν
3002 1543 3038 1610 ἢ
3109 1540 3452 1624 εὒτραπελίαν
3521 1541 3907 1611 ἐκπιπτούσης,

509 1630 676 1710 pedit
708 1631 1018 1712 loquimini
1048 1648 1063 1695 :
1089 1631 1222 1693 sive
1254 1630 1568 1711 objurgare
1599 1640 1892 1712 oporteat.
1927 1630 2051 1692 sive
2068 1649 2140 1691 cu

2257 1654 2280 1688 ιι
2339 1623 2397 1690 (Ο
2459 1630 2619 1710 λόγος
2675 1632 2822 1706 ὑμῶν
2878 1632 3108 1690 πάντοτε
3152 1631 3206 1712 ξ]
3266 1633 3472 1712 χάριτι,
3531 1631 3710 1708 ὥσπερ
3753 1631 3910 1689 ἅλατι

505 1702 666 1792 rare,
711 1702 834 1782 siv'e
873 1719 1253 1782 refocillare:
1289 1702 1675 1798 cumvgratia',
1711 1719 1792 1781 ait
1841 1717 2138 1797 spirituali

2250 1721 2386 1778 ἔστω
2442 1702 2724 1799 ἠρυμὲνοςξ
2796 1743 2819 1777 ι
2886 1720 3088 1801 [ΦΩΤΙ.
3163 1702 3360 1800 σρσέἐερ
3429 1702 3530 1801 γὰρ
3600 1702 3748 1778 ὠδὶν
3803 1728 3911 1779 τῶν

507 1826 640 1869 cum
673 1809 882 1885 gratia,
910 1826 1041 1890 quae
1063 1828 1182 1870 non
1204 1818 1440 1871 emanat
1463 1810 1522 1869 in
1545 1808 1675 1870 vitae
1697 1807 2146 1870 indiﬂ‘erentian

2249 1813 2404 1887 σῶμα
2459 1811 2754 1890 τρεφόντων
2812 1810 3006 1891 σχεδόν
3066 1813 3232 1891 χωρὶς
3293 1810 3490 1875 ἅλατος
3563 1809 3764 1886 ἡδύνει,
3821 1816 3912 1869 καὶ

507 1906 610 1959 aut
640 1897 700 1958 in
735 1897 1155 1961 urbanitatem.
1197 1921 1219 1955 α
1255 1896 1469 1961 Sermo
1519 1905 1714 1958 vester
1760 1915 1999 1978 semper
2029 1914 2146 1957 cun

2248 1902 2318 1966 είς
2383 1900 2586 1980 τροφὴν
2641 1897 2872 1980 εὔχυμον
2932 1897 3250 1976 ἀναδίδοται,
3326 1899 3465 1957 οὕτω
3522 1902 3609 1956 καὶ
3672 1903 3701 1957 ὁ
3756 1899 3910 1958 διδα-

503 1985 692 2065 gratia
738 1986 917 2048 veluti
967 1987 1092 2049 sale
1141 1985 1417 2048 conditus
1447 1987 1545 2046 sit.
1588 2012 1614 2041 ι›
1647 1985 2146 2058 Quemadmodun

2247 1988 2499 2052 σκαλικὸς
2522 1987 2678 2066 λόγος
2709 1992 2736 2045 6
2767 1990 2866 2056 τὴν
2898 1990 3085 2068 ψυχὴν
3117 1988 3347 2068 τρέφων,
3381 1987 3441 2044 ἂν
3473 1989 3550 2064 μὴ
3571 1989 3608 2065 ᾗ
3629 1995 3700 2066 τῇ
3726 1991 3909 2069 χάριτι

505 2076 666 2137 enim
693 2075 841 2138 nihil
873 2076 1065 2139 ferme
1094 2094 1302 2138 eorum
1334 2094 1467 2156 qua;
1488 2094 1704 2155 corpus
1747 2075 1914 2137 alunt
1941 2074 2146 2154 absqut

2245 2078 2562 2158 ἠρτυμένος,
2607 2077 2726 2135 οὔτε
2756 2079 2958 2159 θρέψει,
3005 2077 3122 2134 οὔτε
3177 2077 3582 2148 ἀναδοθήσεται.
3622 2100 3646 2134 ο
3705 2076 3911 2138 Είδέναι

501 2164 630 2226 sale
659 2164 931 2227 rodditur
958 2166 1297 2247 opiparum,
1345 2172 1406 2227 et
1431 2165 1504 2226 ad
1536 2165 1884 2226 alimentum
1935 2182 2146 2224 conve-

2246 2169 2380 2242 ὑμᾶς
2413 2169 2528 2232 πῶς
2561 2165 2667 2228 δεῖ.
2708 2191 2732 2222 ιο
2771 2169 2859 2231 Εἷς
2889 2170 2950 2224 τὸ
2980 2165 3195 2247 εἰδέναι,
3245 2169 3400 2248 φησὶ,
3444 2173 3561 2233 πῶς
3590 2165 3674 2224 δεῖ
3703 2168 3914 2242 ἑκάστῳ

499 2252 688 2316 nienti
738 2253 1120 2316 condimento
1170 2253 1372 2315 debite
1419 2253 1480 2315 in
1527 2262 1726 2334 partes
1753 2253 2146 2314 distrahitur:

2241 2256 2632 2338 ἀποκρίνεσθαι.
2685 2255 2873 2321 Αλλως
2906 2258 3005 2336 γὰρ
3029 2269 3145 2321 τοϊς
3169 2255 3448 2338 ἀδελφοῖς,
3475 2258 3564 2316 καὶ
3585 2255 3760 2322 ἄλλως
3790 2271 3913 2325 τοῖς

505 2343 587 2406 ita
611 2352 670 2406 et
699 2345 986 2406 doctrinae
1010 2363 1207 2407 sermo
1240 2345 1341 2426 qui
1370 2328 1629 2406 animam
1656 2345 1865 2421 nutrit,
1901 2343 2017 2406 nisi
2040 2344 2146 2405 fue-

2247 2328 2467 2411 εἘλλησι
2512 2343 2773 2413 λατητέον
2784 2395 2798 2408 ,

501 2433 692 2511 gratia
721 2433 1019 2515 conditus,
1054 2452 1250 2514 neque
1280 2434 1526 2514 nutriet,
1564 2453 1756 2515 neque
1788 2433 1986 2494 debito
2019 2433 2197 2494 modo
2252 2432 2313 2493 in
2372 2440 2572 2513 partes
2629 2431 2958 2496 dividetur.
3026 2457 3054 2484 ι
3111 2431 3192 2497 Ut
3246 2433 3451 2496 sciatis
3477 2433 3776 2516 quomodo
3805 2452 3914 2498 vos

502 2530 794 2604 Oporteat.
831 2548 858 2580 ι
895 2523 982 2586 Ad
1015 2523 1351 2598 sciendum,
1387 2524 1606 2605 inquit,
1636 2525 1933 2605 quomodo
1966 2529 2236 2604 oporteat
2267 2521 2589 2605 unicuique
2624 2523 3018 2605 respondere.
3055 2523 3193 2588 Alio
3218 2521 3379 2586 enim
3403 2523 3580 2587 modo
3600 2522 3908 2606 fratribus,

504 2620 566 2675 et
593 2610 721 2675 alio
752 2613 975 2676 Graecis
1005 2612 1370 2694 loquendum
1404 2621 1516 2674 est.

584 2698 683 2777 IV,
707 2703 882 2768 7-13.
925 2701 1015 2766 De
1043 2702 1323 2766 omnibus
1349 2702 1532 2766 rebus
1563 2709 1713 2765 meis
1746 2703 2039 2765 certiores
2062 2718 2146 2764 vo:

2335 2723 2357 2757 ε
2421 2703 2498 2761 Τὰ
2569 2704 2692 2760 κατ’
2743 2701 2841 2780 ἐμὲ
2897 2704 3070 2761 πάντα
3114 2705 3355 2783 γνωρίσει
3411 2704 3539 2779 ὑμῖν
3601 2704 3831 2783 Τυχικὸς
3874 2705 3912 2760 6

503 2789 698 2868 faciet
733 2789 1027 2872 Tychicus
1047 2790 1306 2854 dilectus
1325 2792 1594 2870 frateret
1606 2791 1768 2871 ﬁdus
1787 2791 2069 2852 minister
2089 2807 2146 2851 at

2245 2791 2524 2868 ἀγαπητὸς
2594 2789 2850 2873 ἀδελφὸς,
2908 2793 2996 2849 καὶ
3074 2793 3262 2855 πιστὸς
3333 2789 3576 2856 διάκονος
3632 2793 3720 2848 καὶ
3774 2792 3912 2848 σύν-

507 2895 839 2943 couserous
862 2881 931 2943 in
954 2880 1232 2943 Domino:
1253 2898 1430 2960 quem
1453 2883 1596 2943 misi
1621 2881 1701 2942 ad
1725 2898 1827 2942 vos
1852 2883 1916 2939 in
1935 2878 2047 2940 hoc
2065 2878 2146 2958 ip-

2245 2877 2427 2943 δουλος
2485 2879 2539 2936 ἐν
2599 2879 2795 2960 Κυρίῳ,
2871 2881 2930 2937 ὃν
2988 2879 3204 2956 ἔπεμψα
3262 2881 3393 2960 πρὸς
3435 2882 3572 2956 ὑμᾶς
3641 2882 3716 2944 εἰς
3777 2880 3916 2938 αὐτὸ

499 2985 660 3049 sum,
693 2976 765 3031 ut
806 2977 1100 3050 cognocat
1140 2971 1288 3050 quid
1306 2970 1511 3051 agatis
1537 2975 1590 3032 et
1613 2969 2146 3032 consoletureorda

2243 2974 2421 3048 τοῦτο,
2477 2965 2572 3024 ἵνα
2631 2976 2741 3047 γνῷ
2818 2969 2885 3026 τὰ
2962 2971 3110 3051 περὶ⁸
3161 2970 3308 3044 ὑμῶν
3390 2970 3478 3027 καὶ
3559 2967 3915 3048 παρακαλέσῇ

497 3047 857 3131 oestro,una
877 3047 1020 3121 cum
1054 3047 1335 3121 Onesimo
1348 3047 1472 3138 ﬁdo
1491 3065 1548 3122 et
1573 3058 1792 3121 dilecto
1809 3059 2030 3136 fratre,
2055 3075 2146 3138 qui

2243 3058 2336 3122 τὰς
2393 3047 2607 3132 καρδίας
2679 3060 2848 3134 ὑμῶν,
2931 3047 3042 3114 σὺν
3097 3047 3367 3135 Ὀνησίμῳ
3434 3059 3513 3134 τῷ
3588 3047 3761 3132 πιστῴ
3817 3061 3916 3115 καὶ

497 3152 584 3210 est
595 3163 673 3210 ea:
689 3147 876 3211 vobis.
887 3147 1106 3212 Omnia
1121 3148 1238 3211 nob
1249 3153 1300 3209 is
1312 3155 1459 3209 nota
1473 3150 1708 3226 lacient
1723 3165 1856 3226 qua:
1871 3147 1968 3210 hic
1978 3164 2146 3226 agan-

2242 3145 2508 3224 ἀγαπητῷ
2620 3145 2853 3229 ἀδελφῷ,
2959 3148 3016 3214 ὃς
3109 3147 3250 3204 ἐστιν
3333 3146 3384 3213 ἐξ
3467 3149 3638 3223 ὑμῶν,
3727 3148 3917 3205 Πάντα

498 3243 629 3298 tur.
660 3235 903 3299 Salutat
937 3256 1038 3299 vos
1051 3239 1461 3313 Aristarchus,
1496 3238 1891 3318 ooncoptivus
1913 3253 2077 3298 meus
2105 3252 2146 3300 ei

2241 3235 2369 3310 ὑμῖν
2452 3246 2732 3316 γνωριοῦσι
2816 3238 2885 3295 τὰ
2938 3234 3066 3299 ὦδε,
3139 3234 3457 3309 Ἀσπάζεται
3540 3239 3676 3312 ὑμᾶς
3752 3234 3907 3316 Ἀρί-

491 3325 733 3388 Marcus
779 3327 1174 3390 consobrinus
1199 3327 1526 3402 Barnobav,
1557 3327 1632 3389 de
1676 3343 1792 3406 quo
1833 3329 2146 3406 accepisti:

2241 3345 2476 3405 σταρχος
2559 3327 2587 3381 6
2670 3323 3116 3405 συναιχμάλωτός
3205 3348 3329 3405 μου,
3400 3327 3491 3382 καὶ
3576 3325 3788 3404 Μάρκος
3873 3328 3909 3380 ὁ

492 3415 890 3478 mandata.Si
909 3417 1147 3480 venerit
1167 3417 1246 3478 ad
1266 3434 1389 3491 vos,
1409 3417 1670 3498 excipite
1691 3433 1827 3478 eum
1853 3432 1869 3476 :
1890 3424 1946 3478 et
1977 3413 2146 3478 Iesus

2239 3412 2460 3489 ἀνεψιὸς
2519 3411 2782 3494 Βαρνάϐα,
2842 3415 2959 3494 περὶ
3038 3417 3098 3471 οὗ
3167 3412 3381 3471 ἐλάϐετε
3463 3412 3678 3478 ἐντολάς
3713 3431 3727 3445 ⁶
3810 3414 3906 3470 ἐὰν

489 3503 604 3582 qui
625 3511 880 3567 vocatur
917 3504 1152 3582 Justus,
1172 3508 1280 3588 qui
1303 3512 1447 3569 sunt
1470 3523 1546 3568 ex
1569 3506 2044 3568 circumcisione.
2072 3505 2146 3568 Hi

2237 3501 2363 3580 ἔλθη
2453 3504 2587 3581 πρὸς
2682 3503 2821 3580 ὒμᾶς
2909 3501 3118 3570 δέξασθε
3229 3505 3388 3560 αὐτόν
3422 3519 3436 3533 ⁹
3524 3505 3613 3560 καὶ
3697 3503 3906 3571 ἰησοῦς

491 3591 610 3654 sati
629 3595 967 3672 cooperurii
985 3603 1127 3658 sunt
1149 3595 1230 3658 ad
1249 3613 1509 3674 regnum
1535 3594 1780 3675 Dei,qui
1803 3595 1982 3671 fuere
1997 3595 2146 3656 mihi

2235 3594 2264 3649 6
2346 3590 2640 3671 λεγόμενος
2731 3593 2986 3668 Ἰοῦστος,
3075 3596 3123 3650 οἱ
3205 3592 3351 3658 ὄντες
3437 3593 3498 3650 ἐκ
3581 3599 3902 3674 περιτομῆς.

490 3678 984 3746 solatio.Satutat
1012 3701 1116 3748 vos
1142 3683 1599 3765 Epaphras,qui
1617 3700 1695 3746 ex
1716 3681 1883 3746 vobis
1909 3689 1995 3745 est
2011 3701 2146 3746 ser-

2235 3682 2391 3738 Οὗτοι
2477 3681 2633 3756 μόνοι
2733 3684 2970 3761 συνεργοὶ
3073 3683 3146 3748 εἷς
3248 3684 3347 3751 τὴν
3451 3680 3722 3758 βασιλείαν
3803 3690 3905 3740 τοῧ

492 3784 600 3830 vos
629 3767 887 3841 Christi,
917 3789 1168 3852 semper
1196 3776 1394 3836 anxie
1422 3771 1708 3835 laborans
1736 3789 1850 3853 pro
1881 3771 2054 3835 vobis
2081 3773 2146 3835 in

2231 3776 2386 3850 Θεοῦ,
2469 3770 2667 3834 οἵτινες
2750 3771 3077 3849 ἐγενήθησάν
3149 3795 3240 3849 μοι
3309 3780 3636 3851 παρηγορία.
3699 3768 3907 3828 Ἀσπά-

483 3859 942 3937 precationibus
971 3867 1038 3923 ut
1058 3863 1234 3925 stetis
1253 3864 1502 3941 perfecti
1521 3869 1579 3924 et
1590 3861 1867 3942 completi
1883 3866 1943 3922 in
1959 3865 2146 3923 omni-

2229 3867 2370 3931 ζεται
2429 3861 2573 3936 ὑμᾶς
2639 3858 2911 3940 Ἐπαφρᾶς
2989 3864 3018 3918 6
3101 3859 3153 3927 ἐξ
3220 3863 3369 3937 ὑμῶν
3426 3858 3610 3924 δοῦλος
3672 3867 3904 3940 Χριστοῦ

491 3945 804 4011 voluntate
833 3950 968 4013 Dei.
1005 3951 1430 4014 Testimonium
1471 3952 1637 4014 enim
1683 3949 1784 4014 illi
1828 3953 1958 4029 fero
1987 3951 2146 4032 quod

2229 3953 2452 4008 πάντοτε
2526 3952 2912 4030 ἀγωνιζόμενος
2983 3953 3114 4031 ὑπὲρ
3182 3954 3326 4028 ὃμῶν
3399 3951 3452 4010 ἐν
3534 3953 3662 4015 ταῖς
3738 3973 3904 4029 προσ-

485 4035 747 4100 multum
762 4037 983 4102 habeat
1009 4042 1276 4104 studium
1316 4059 1426 4123 pro
1454 4039 1644 4121 vobis,
1673 4048 1729 4103 et
1756 4039 1850 4102 his
1872 4045 1978 4118 qui
2000 4048 2142 4103 sunt

2229 4055 2443 4121 ευχαϊς,
2517 4041 2612 4098 ἵνα
2674 4044 2839 4109 στῆτε
2906 4040 3103 4100 τέλειοι
3183 4044 3270 4098 καὶ
3340 4040 3756 4122 πεπληρωμένοι
3843 4041 3901 4098 ἐν

485 4124 824 4198 Laodiceae,
860 4136 921 4190 et
949 4127 1043 4192 his
1071 4131 1180 4210 qui
1211 4127 1550 4209 Hierapoli.

2229 4132 2381 4188 παντὶ
2423 4129 2686 4208 βελήματι
2743 4137 2836 4189 τοῦ
2893 4137 3046 4190 Θεοῦ.
3124 4137 3382 4210 Μαρτυρῶ
3453 4131 3554 4209 γὰρ
3611 4131 3754 4205 αὐτῷ
3811 4130 3899 4186 ὅτι

478 4211 594 4293 ἔχει
626 4214 784 4285 ζῆλον
818 4216 983 4273 πολὺν
1012 4219 1140 4298 ὑπὲρ
1170 4221 1343 4295 ὑμῷν,
1374 4222 1464 4277 καὶ
1493 4226 1600 4275 τῶν
1629 4223 1685 4274 ‘sv
1729 4217 2009 4291 Λαοδικείᾳ
2039 4222 2125 4276 καὶ
2157 4228 2265 4279 τῶν
2294 4219 2346 4278 ἐν
2396 4211 2709 4301 Ἱεραπόλει.
2748 4243 2774 4277 »
3739 4262 3741 4264 η

563 4323 588 4358 ι
627 4305 712 4366 De
742 4304 1021 4367 omnibus
1056 4306 1238 4369 rebus
1269 4306 1679 4370 meisaErant
1709 4326 1839 4388 quae
1873 4307 2144 4370 multitu-

2308 4332 2330 4366 α
2368 4298 2593 4368 ’Τὰ-κατ’
2624 4309 2720 4385 ἐμὲ
2764 4311 2962 4367 πάντα.
3020 4331 3043 4365 s
3095 4298 3189 4366 Ἠν
3243 4310 3396 4366 ἅτινα
3459 4307 3559 4366 ἔδει
3619 4311 3698 4385 μὴ
3758 4310 3899 4389 γρά-

475 4389 634 4453 dinis
674 4392 862 4471 gratia
912 4394 1181 4458 scribere
1229 4415 1349 4459 non
1397 4396 1779 4478 expediebat.
1836 4399 2140 4460 Praeterea

2229 4420 2341 4479 tpEtv
2381 4397 2466 4456 διὰ
2504 4400 2564 4454 τὸ
2622 4397 2850 4467 πλῆθος.
2919 4396 3104 4462 Αλλως
3153 4419 3211 4455 τε
3268 4396 3369 4454 ἔδει
3398 4400 3606 4456 καὶτὸν
3657 4402 3897 4480 Τυχικὸν

472 4479 786 4561 oportebat
815 4483 994 4546 etiam
1023 4485 1350 4566 Tychicum
1393 4486 1615 4548 habere
1638 4505 1771 4567 quae
1799 4504 1905 4548 ore
1936 4487 2134 4550 refer-

2229 4487 2374 4568 ἕχειν
2405 4488 2438 4542 ἃ
2485 4487 2574 4544 καὶ
2630 4487 2737 4544 ἀπὸ
2792 4489 3057 4564 στόματος
3101 4485 3350 4559 λαλήσει,
3412 4485 3493 4545 ὅτι
3554 4489 3638 4545 καὶ
3696 4479 3767 4544 ἐν
3799 4485 3897 4544 δε-

468 4577 585 4642 ret,
611 4571 768 4651 quod
799 4579 861 4633 et
888 4571 950 4632 in
973 4571 1222 4636 vinculis
1272 4583 1332 4636 et
1389 4573 1449 4636 in
1479 4574 1907 4638 afﬂictionibus
1955 4575 2136 4637 fuerit

2229 4590 2386 4652 τμοτς
2417 4577 2505 4631 καὶ
2532 4573 2770 4651 θλίψεσιν
2801 4579 2828 4632 6
2859 4574 3192 4639 διδάσκαλος.
3247 4597 3271 4631 α
3312 4568 3368 4634 Ὀ
3419 4577 3697 4654 ἀγαπητὸς
3725 4574 3892 4632 ἀδελ-

477 4667 833 4740 praeceptor.
872 4685 899 4717 α
928 4661 1196 4725 Dilectus
1223 4664 1426 4726 frater.
1461 4689 1486 4719 »ι
1523 4665 1588 4728 Si
1617 4664 1894 4740 dilectus,
1930 4664 2134 4727 omnia

472 4747 829 4813 novitznihll
858 4753 1017 4814 enim
1041 4753 1155 4836 ipsi
1176 4754 1491 4834 occultavi,
1525 4751 1700 4816 ait.Si
1727 4753 1900 4815 fidus.
1931 4754 2130 4814 omnia

464 4855 606 4901 vera
633 4838 954 4922 loquetur:
988 4842 1040 4904 si
1082 4861 1428 4924 conservus,
1459 4842 1756 4924 particeps
1816 4842 2128 4905 nobiscum

466 4925 578 4989 fuit
606 4937 665 4992 et
695 4930 756 4991 in
779 4931 1232 4996 afﬂictionibus.
1288 4932 1590 5014 Quidquid
1643 4931 1980 5014 Tychycum
2015 4932 2134 4996 ﬁde

461 5015 706 5105 dignum
723 5020 1014 5085 reddebat
1035 5021 1301 5105 undique
1322 5023 1634 5103 conjunxit
1675 5021 1899 5094 «Quem
1930 5021 2127 5084 misi.»

467 5101 819 5186 Exemplum
833 5118 925 5170 est
955 5101 1582 5175 maximédilectionis
1603 5111 1680 5173 ob
1698 5111 1756 5172 id
1777 5111 1970 5173 solum
1997 5110 2134 5172 145

469 5192 713 5256 missum
736 5195 922 5259 fuisse
943 5197 1297 5282 Tychicum,
1326 5209 1392 5263 ut
1425 5200 1796 5263 renuntiaret
1817 5219 1951 5281 quae
1971 5199 2133 5262 circa

465 5282 712 5372 Paulum
733 5285 1458 5372 agebantur,rursumque
1478 5289 1796 5371 Paul0,ubi
1821 5289 2134 5352 didicisset

459 5371 602 5453 quid
653 5373 769 5455 ipsi
821 5387 1090 5455 agerent.
1127 5404 1155 5436 α
1181 5379 1252 5442 Et
1293 5371 1635 5442 consoletur
1685 5399 1809 5441 vos.
1848 5406 1875 5437 »
1911 5379 1976 5441 Id
2009 5397 2122 5442 au-

458 5467 582 5523 tem
616 5465 878 5527 ostendit
908 5468 1068 5548 quod
1097 5468 1160 5530 in
1183 5468 1610 5530 afﬂictionibus
1651 5478 1870 5532 essent.
1913 5493 1940 5526 α
1975 5467 2121 5532 Cum

465 5549 779 5620 Onesimo.
810 5574 840 5617 ι
879 5555 1204 5620 Considera
1233 5559 1390 5641 quod
1416 5577 1657 5621 servum
1689 5559 1949 5639 appellet
1997 5557 2122 5619 fra-

462 5646 636 5704 trem.
696 5645 947 5708 Accedit
992 5656 1212 5724 autem,
1245 5647 1330 5711 Ex
1362 5648 1554 5725 vobis,
1588 5654 1652 5707 ut
1683 5665 1804 5710 non
1833 5648 2026 5710 solum
2058 5644 2122 5709 ei

2215 4666 2343 4746 φός.
2397 4688 2419 4721 ι
2471 4665 2530 4722 Εἰ
2575 4664 2877 4742 ἀγαπητὸς,
2923 4667 3097 4723 πάντα
3158 4664 3328 4728 οἶδεν.
3387 4665 3547 4724 Οὐδὲν
3592 4667 3694 4746 γὰρ
3730 4666 3895 4723 αὐτὸν

2217 4753 2524 4833 ἀπέκρυψα,
2580 4755 2764 4832 φησίν.
2849 4757 2909 4814 Ei
2983 4755 3194 4826 πιστὸς,
3281 4754 3562 4823 ἀληθεύσει
3644 4756 3891 4820 πάντως.

2219 4845 2278 4900 Εἰ
2337 4841 2671 4918 σύνδουλους,
2730 4845 3119 4912 κεκοινώνηκεν
3179 4849 3318 4919 ἡμῖν
3375 4846 3463 4901 καὶ
3546 4851 3654 4901 τῶν
3695 4865 3893 4924 πειρα-

2216 4937 2393 5008 σμῶν.
2457 4935 2528 4992 Τὸ
2598 4931 2903 5014 ἀξιόπιστον
2981 4933 3037 4990 δὲ
3090 4941 3209 5014 ,τοῦ
3291 4940 3547 5014 Τυχικοῦ,
3635 4935 3893 4991 πάντοθεν

2215 5003 2514 5102 συνήγαγεν
2599 5044 2622 5077 ε
2691 5007 2787 5080 “Ον
2878 5003 3118 5099 ἔπεμψα..
3215 5045 3239 5079 ι
3333 5003 3547 5102 Δῖϊγμα
3631 5025 3892 5102 μεγίστης

2215 5109 2435 5189 ἀγάπης
2465 5113 2528 5168 τὸ
2570 5109 2655 5173 διὰ
2698 5119 2852 5170 τοῦτο
2912 5113 3074 5188 μόνον
3131 5111 3454 5172 ἀπεστάλθαι
3505 5114 3596 5170 τὸν
3627 5115 3888 5193 Τυχικὸν,

2213 5199 2311 5258 ἵνα
2384 5224 2442 5259 τε
2511 5202 2814 5283 ἀπαγγείλῃ
2888 5207 2955 5263 τὰ
3021 5205 3160 5262 κατά
3213 5207 3305 5262 τὸν
3371 5203 3604 5279 Παῦλον,
3661 5206 3748 5262 καὶ
3812 5213 3894 5281 τῷ

2215 5291 2414 5368 Παύλῷ
2477 5291 2664 5374 πάλιν,
2708 5296 2890 5369 μαθὼν
2947 5297 3013 5352 τὰ
3077 5291 3198 5353 κατ’
3244 5295 3452 5360 αὐτούς.
3522 5319 3545 5352 ε
3615 5298 3714 5354 Καὶ
3765 5295 3886 5372 ἵνα,

2211 5382 2365 5460 φησὶ,
2443 5381 2792 5463 παρακαλέσῃ
2849 5386 3009 5461 ὑμᾶς.
3089 5407 3113 5442 ι
3177 5391 3417 5442 Δείκνυσι
3476 5383 3530 5441 δὲ
3591 5393 3770 5460 τοῦτο,
3828 5385 3890 5443 ἐν

2206 5485 2533 5549 πειρασμοῖς
2592 5474 2781 5538 αὐτοὺς
2839 5473 3022 5540 ὄντας.
3089 5497 3112 5530 ε
3150 5476 3255 5530 Σὺν
3313 5471 3614 5550 Ὀνησίμῳ,
3663 5496 3694 5530 α
3749 5475 3884 5552 Bia,

2205 5559 2296 5614 τὸν
2324 5559 2506 5619 δοῦλον
2537 5559 2764 5643 ἀδελφὸν
2793 5565 3064 5640 ὀνομάζει,
3098 5567 3171 5622 Τὸ
3201 5561 3276 5638 δὲ,
3337 5561 3424 5629 Ἐξ
3470 5566 3645 5640 ὑμῶν,
3698 5586 3877 5643 προσ-

2206 5645 2417 5724 έθηκεν,
2463 5651 2554 5706 Ἵνα
2602 5651 2680 5726 μὴ
2740 5653 2903 5726 μόνον
2947 5655 3025 5727 μὴ
3083 5653 3450 5722 ἀπιστήσωσιν
3509 5658 3672 5732 αὗτῷ,
3725 5652 3864 5708 ἀλλᾶ
