4188 6478
430 330 508 393 55

435 483 554 526 non
577 463 786 528 scribit
807 463 878 526 ad
911 464 1140 545 ipsum?
1159 462 1451 526 Fortassis
1483 480 1603 524 non
1635 480 1785 543 opus
1814 459 2087 536 erat,nisi
2108 473 2150 522 Α
2169 465 2261 522 τόν
2293 485 2307 545 ;

434 553 620 615 solam
646 553 859 615 nudam
893 551 1026 615 ﬁeri
1056 551 1582 632 mentionem,quo
1614 550 1942 612 studiosius
1982 568 2091 610 cu-

438 652 697 716 raretur,
743 651 804 704 ut
853 641 914 704 bi
961 641 1220 704 maxime
1265 640 1321 702 ei
1372 639 1833 720 subjicerentur.
1888 637 2094 718 Neque

438 731 601 794 enim
640 731 773 794 ﬁeri
803 739 1054 812 poterat,
1085 740 1151 792 ut
1200 748 1338 794 eum
1384 729 1791 810 increpantem
1845 728 2005 806 ipsos
2035 729 2094 787 in

442 819 638 902 aliquo
692 828 1065 894 accusarent,
1101 839 1234 882 cum
1280 818 1602 900 Epistolam
1655 837 1722 879 ac
1755 817 2094 878 mandatum

443 929 621 971 omne
644 909 762 990 ipsi
782 908 1333 991 accepissent,ratio
1366 926 1628 988 namque
1651 927 1769 968 non
1801 905 2094 985 exigebat,

446 1008 510 1061 ut
539 999 817 1081 discipuli
844 999 920 1062 de
947 999 1231 1079 magistro
1256 997 1641 1058 dicerentsed
1663 1015 1765 1057 eos
1795 995 1913 1056 illis
1935 994 2100 1055 ohtu-

443 1105 585 1150 rans
615 1090 740 1151 haec
757 1089 1072 1152 scribit.——
1101 1090 1308 1150 Aliud.
1341 1087 1425 1149 De
1459 1094 1822 1167 praeceptore
1865 1083 2100 1158 scribit,

446 1177 854 1260 utincrepanti
875 1186 935 1240 et
955 1176 1302 1240 admonenti
1325 1173 2106 1256 obtemperarent.scientes

448 1285 580 1350 qua;
609 1267 696 1329 illi
725 1268 1052 1347 signiﬁcata
1079 1275 1278 1328 essent
1307 1264 1381 1328 ab
1410 1265 1716 1346 Apostolo.
1738 1261 2108 1326 —Fortassis

447 1362 646 1417 autem
680 1355 997 1437 episcopus
1037 1355 1302 1436 ipsorum
1334 1363 1483 1433 erat,
1516 1361 1619 1414 aut
1674 1351 1832 1414 aliud
1861 1350 2105 1412 sortitus

450 1451 576 1506 erat
605 1443 1004 1507 ministerium
1035 1442 1540 1507 animarum.ldeo
1560 1441 1676 1503 ait:
1705 1439 2100 1504 Ministerium

452 1550 562 1613 per
589 1531 931 1609 Dominum,
965 1553 1085 1596 non
1134 1533 1293 1595 enim
1335 1539 1466 1594 erat
1496 1533 1569 1593 ab
1603 1531 1868 1593 homine.
1901 1555 1927 1585 α
1951 1527 2102 1589 Vide

453 1621 877 1685 ministerium.
917 1646 939 1680 ιι
977 1620 1242 1685 Verbum
1272 1622 1386 1682 hoc
1417 1621 1698 1682 terrentis
1729 1620 1949 1699 ubique
1993 1624 2105 1700 est,

451 1709 633 1772 veluti
662 1730 796 1772 cum
847 1711 1034 1776 dixit:
1072 1734 1099 1772 ι
1138 1710 1350 1776 Videte
1381 1729 1560 1771 canes
1602 1711 1684 1773 16.
1722 1737 1744 1766 ο
1781 1709 1996 1771 Videte
2033 1725 2108 1768 ne

457 1800 594 1881 quis
639 1818 743 1862 vos
793 1800 1182 1882 depredetur;
1217 1825 1236 1856 ι
1264 1799 1481 1875 videte,
1531 1819 1604 1860 ne
1645 1797 1945 1880 quomodo
1996 1814 2170 1876 po—B

457 1894 641 1950 testas
674 1889 799 1952 haec
843 1898 1038 1953 vestra
1077 1888 1438 1952 oﬂ‘endiculo
1483 1889 1574 1950 ﬁat
1623 1889 1716 1951 his
1748 1886 1848 1969 qui
1885 1884 2108 1948 inﬁrmi

455 1989 593 2041 sunt
611 1980 692 2042 Π.
729 2005 750 2038 ι
786 2014 864 2026 -
902 2005 924 2038 ι
960 1979 1128 2054 Quod
1189 1980 1476 2061 accepisti
1531 1999 1637 2060 per
1693 1978 2036 2041 Dominum.
2073 1997 2102 2034 ι

453 2067 700 2148 Capitur
745 2073 800 2128 ἐν
858 2072 1027 2150 Κυρίῳ
1083 2070 1145 2132 in
1195 2069 1446 2131 Domino
1499 2088 1602 2150 pro
1659 2069 1742 2125 διὰ
1783 2071 1968 2147 Κυρῖο)
2007 2082 2111 2144 per

456 2155 799 2220 Dominum.
862 2155 936 2221 Ut
984 2159 1196 2221 eodem
1250 2158 1445 2219 studio
1503 2166 1560 2219 et
1607 2157 1914 2236 diligentia
1962 2173 2106 2214 con—

457 2245 628 2309 tinue
667 2246 873 2309 utaris.
917 2270 939 2303 α
979 2246 1289 2309 Salutatio.
1348 2272 1372 2302 ι)
1419 2245 1543 2309 Hoc
1596 2244 2002 2323 germanitatis
2053 2253 2111 2302 et

457 2333 737 2396 amicitiae
764 2335 1000 2416 signum
1047 2343 1160 2409 est,
1199 2345 1260 2398 et
1293 2335 1519 2396 litteras
1563 2335 1780 2396 intueri
1832 2344 1889 2396 et
1914 2335 1982 2394 ad
2009 2351 2108 2393 eas

458 2422 901 2504 quodammodo
933 2423 1111 2486 afﬁci.
1153 2448 1174 2477 α
1215 2424 1341 2486 Mea
1373 2443 1549 2486 manu
1597 2425 1788 2487 l’auli.
1837 2446 1864 2483 ιι
1917 2425 2104 2501 Ipsam

461 2511 834 2573 salutationis
864 2513 1185 2574 dictionem
1221 2513 1415 2592 potius
1450 2532 1624 2574 manu
1653 2513 1889 2596 propria
1915 2511 2108 2590 scrip-

460 2599 559 2674 sit,
586 2602 616 2661 Ι
631 2600 717 2660 47
733 2609 794 2662 ut
816 2606 1001 2680 magis
1015 2601 1453 2683 quodammodo
1467 2603 1847 2665 afficerentur
1871 2601 2107 2664 intuen-

461 2697 552 2751 tes
603 2689 765 2752 Pauli
817 2709 1084 2753 manum.
1134 2715 1161 2746 α
1213 2693 1512 2754 Memores
1558 2692 1686 2753 sitis
1735 2691 2107 2752 vinculorum

463 2795 761 2840 meorum.
793 2800 823 2839 ι
886 2779 1079 2860 Papae.
1132 2788 1351 2860 quanta
1403 2781 1782 2842 exhortatio:
1822 2800 1953 2841 nam
2000 2780 2112 2840 hoc

463 2866 830 2930 sufﬁcienter
859 2879 1005 2948 erat,
1029 2876 1093 2930 ut
1112 2866 1274 2949 ipsos
1295 2869 1368 2930 ad
1392 2869 1592 2930 omnia
1615 2872 2026 2932 exhortaretur
2055 2875 2112 2928 et

461 2954 830 3018 robustiores
849 2957 922 3018 ad
955 2957 1282 3018 certamina
1308 2958 1830 3040 redderetllaque
1860 2967 1920 3019 et
1949 2956 2112 3018 fami—

1559 331 1972 395 CECUMENII
2014 331 2312 397 TRICCE
2355 334 2692 398 EPISCOPI

3739 325 3814 386 56

2293 485 2310 547 ;
2349 446 2493 530 "low:
2521 466 2616 524 οὐκ
2645 464 2842 541 ἐδεῖτο,
2883 465 3021 523 ἀλλὰ
3053 465 3216 542 ψιλῆς
3245 465 3416 541 μόνης
3445 462 3817 537 ὑπομνήσεωςν

2175 554 2311 612 ὥστε
2394 554 2797 635 σπουδαιότερον
2887 556 3052 626 εἶναι,
3127 553 3358 631 μάλιστα
3426 553 3612 613 αὐτοὺς
3682 547 3824 606 αὒτῶ

2176 645 2513 707 ὕποτάσσειν.
2549 649 2656 704 Οὒκ
2712 645 2788 701 ’ἐτι
2845 647 2944 722 γὰρ
3004 643 3065 700 ἂν
3120 643 3299 725 ἔχοιεν
3351 641 3600 722 ἐγκαλεῖν
3643 638 3822 710 ἐκείνῳ

2179 733 2488 810 ἐπιτιμῶντι
2573 738 2780 815 αὐτοῖς,
2853 734 2978 791 ὅταν
3038 736 3184 794 αὐτοὶ
3238 735 3368 791 ὦσιν
3426 727 3824 807 ἀναδεδεγμένοι

2180 825 2240 880 τὸ
2283 831 2410 882 πᾶν.
2475 821 2621 882 Ἐπεὶ
2680 824 2774 881 οὒκ
2817 823 2934 905 ἔχει
2983 823 3166 902 λόγον,
3225 837 3341 886 τοῖς
3386 825 3652 899 μαθηταῖς
3709 817 3828 896 περὶ

2182 920 2273 970 τοῦ
2302 911 2618 971 διδασκάλου
2661 911 2859 992 λέγειν,
2895 911 3040 970 Ἀλλ’
3074 913 3423 987 ἐπιστομίζων
3484 909 3668 971 αὖτοὺς
3697 912 3830 962 ταῦ-

2182 1025 2246 1059 τα
2277 1003 2484 1084 γράφει.
2518 1037 2599 1048 -
2646 1025 2668 1058 ε
2716 1001 2901 1067 Αλλως
2941 1025 2964 1058 ι
3002 1001 3214 1082 [ΦΩΤ.]
3246 1002 3369 1078 Περὶ
3397 1006 3487 1055 τοῦ
3517 993 3831 1054 διδασκάλου

2186 1092 2396 1172 γράφει,
2466 1091 2560 1148 ἵνα
2618 1092 2931 1167 ἐπιτιμῶντι
2987 1093 3076 1148 καὶ
3133 1095 3469 1170 παραινοῦντι
3525 1088 3829 1161 πείθωνται,

2188 1179 2380 1260 εἰδότες
2437 1184 2503 1238 τὰ
2571 1179 2872 1249 δηλωθέντα
2940 1181 3082 1256 αὒτῷ
3129 1181 3272 1260 παρὰ
3328 1185 3420 1235 του
3479 1173 3829 1234 Ἀποστόλου.

2189 1253 2335 1335 Ἴσως
2379 1269 2432 1327 δὲ
2476 1271 2761 1334 ἐπίσκοπος
2802 1271 2867 1338 ἦν
2914 1253 3110 1343 αὐτῶν,
3262 1266 3429 1335 ὂίλλην
3472 1265 3832 1345 ἐγκεχείριστο

2186 1365 2378 1440 ψυχῶν
2435 1357 2719 1422 διακονίαν,
2786 1360 2878 1416 Διό
2932 1381 3112 1440 φησιν,
3177 1357 3266 1416 Ἐν
3325 1358 3496 1437 Κυρίῳ
3543 1353 3828 1425 διακονίαν,

2184 1449 2273 1506 καὶ
2303 1448 2360 1506 οὒ
2389 1448 2508 1505 κατ’
2538 1447 2814 1528 ἄνθρωπον
2843 1449 3024 1510 οὖσαν.
3065 1472 3086 1504 ‹
3126 1446 3294 1505 Βλέπε
3323 1448 3422 1515 τὴν
3451 1443 3736 1502 διακονίαν.
3805 1465 3827 1496 ι

2186 1533 2478 1602 Φοϐοῦντός
2525 1537 2632 1592 ἐστι
2691 1539 2750 1594 τὸ
2805 1539 2950 1616 ρἦα
3004 1544 3162 1594 τοῦτο
3216 1545 3518 1616 πανταχοῦ,
3575 1535 3648 1596 ὡς
3708 1530 3834 1587 ὅταν

2188 1625 2322 1705 λέγῃ
2359 1643 2372 1658 ⁶
2413 1650 2439 1683 σ
2475 1626 2703 1684 Βλέπετε
2757 1629 2876 1690 τοὺς
2940 1628 3122 1691 κύνας.
3165 1651 3186 1682 ι
3224 1625 3453 1683 Βλέπετε
3497 1625 3658 1700 μήτις
3697 1623 3833 1696 ὑμᾶς

2189 1715 2333 1773 ἔσται
2391 1719 2419 1772 ὁ
2475 1715 2819 1795 συλαγωγῶν.
2887 1743 2907 1772 ι
2975 1715 3204 1773 Βλέπετε
3261 1717 3338 1792 μή
3383 1734 3511 1772 ποτε
3565 1715 3600 1777 ἡ
3630 1710 3835 1777 ἐξουσία

2191 1806 2338 1880 ὑμῶν
2360 1804 2537 1885 ἀῦτη,
2599 1806 2920 1885 πρόσκομμα
2988 1806 3207 1883 γένηται
3265 1818 3382 1867 τοῖς
3445 1804 3766 1860 ἀσθενοῦσιν.
3811 1821 3832 1853 ι

2189 1877 2268 1938 -έ-
2304 1917 2326 1950 ι
2360 1877 2457 1950 οἨν
2490 1877 2867 1974 παρέλαϐες-έν
2899 1877 3091 1973 Κυρίῳ.
3134 1917 3156 1949 ι
3194 1892 3360 1950 Πάλιν
3400 1893 3482 1966 τὸ,
3540 1889 3634 1948 Ἐν
3668 1890 3838 1967 Κυρίῳ

2190 1981 2273 2039 διὰ
2347 1983 2562 2064 Κυρίου,
2601 1983 2730 2058 ἐστὶ,
2806 1981 3061 2048 διηνεκῶς
3133 1981 3468 2064 κεχρημένος
3564 1985 3632 2056 τῇ
3703 1981 3838 2052 αὖτῇ

2192 2063 2431 2149 σπουδῇ,
2459 2092 2488 2130 (
2551 2063 2608 2130 I0
2663 2073 2970 2148 ἀσπασμός,
3040 2095 3062 2128 ι
3111 2063 3277 2131 Τουτο
3326 2072 3680 2150 γνησιότητος
3751 2067 3840 2122 καὶ

2192 2160 2366 2241 φιλίας
2425 2163 2734 2241 τεκμήριον,
2795 2164 2856 2218 τὸ
2910 2163 2999 2218 καὶ
3067 2163 3134 2218 τὰ
3201 2161 3491 2240 γράμματα
3545 2162 3694 2238 ὁρᾷν,
3754 2156 3844 2212 καὶ

2192 2251 2422 2329 πάσχειν
2451 2273 2501 2305 τι
2531 2253 2662 2330 πρὸς
2704 2259 2894 2313 ταῦτα.
2960 2273 2984 2306 ι
3034 2257 3113 2329 Τῇ
3164 2251 3270 2327 ἐμῇ
3312 2251 3453 2330 χειρὶ
3509 2246 3740 2306 Παύλου.
3808 2268 3834 2299 ι

2192 2337 2405 2394 Μᾶλλον
2463 2340 2626 2406 αὐτὴν
2683 2346 2776 2397 τοῦ
2845 2340 3126 2416 ἀσπασμοῦ
3180 2341 3279 2406 τὴν
3350 2337 3487 2405 λέξιν
3557 2334 3658 2409 ἰδίᾳ
3699 2334 3840 2415 χειρὶ

2192 2426 2441 2507 ἔγραψεν,
2495 2427 2589 2486 ’ίνα
2642 2429 2893 2507 πάσχωσί
2946 2452 2996 2485 τι
3055 2428 3216 2487 πλέον
3275 2429 3374 2496 τὴν
3407 2441 3571 2508 χεῖρα
3613 2429 3838 2505 ὁρῶντες

2191 2527 2284 2577 τοῦ
2333 2517 2558 2580 Παύλου.
2626 2541 2650 2575 ιι
2714 2519 3081 2587 Μνημονεύετέ
3139 2541 3240 2594 μου
3322 2523 3426 2574 τῶν
3500 2514 3730 2590 δεσμῶν,
3813 2535 3836 2570 ιι

2194 2603 2378 2682 Βαϐαῖ,
2436 2607 2578 2674 πόση
2651 2606 3008 2686 παράκλησις.
3095 2615 3258 2666 Τουτο
3329 2607 3429 2685 γὰρ
3511 2605 3688 2660 ἰκανὸν
3773 2603 3845 2667 εἷς

2191 2696 2364 2753 πάντα
2473 2695 2659 2760 αὖτοὺς
2758 2697 3172 2776 προτρέψασθαι,
3283 2697 3371 2752 καὶ
3456 2691 3846 2773 γενναιοτέρους

2193 2789 2416 2852 ποιῆσαι
2455 2786 2586 2864 πρὸς
2643 2786 2766 2850 τοὺς
2809 2786 3041 2865 ἀγῶνας.
3137 2794 3247 2865 Αρα
3329 2785 3418 2841 καὶ
3500 2781 3846 2861 οἰκειοτέρους

2195 2875 2378 2941 αὐτοὺς
2426 2875 2667 2952 ἐποίησε,
2727 2877 2818 2933 καὶ
2870 2877 2960 2931 τὸν
3027 2873 3189 2956 φόϐον
3256 2873 3459 2932 ἔλυσεν.
3543 2874 3601 2930 Εἰ
3660 2872 3760 2950 γὰρ
3818 2873 3847 2927 ὁ

2195 2962 2502 3029 διδάσκαλος
2533 2963 2586 3021 ἐν
2615 2962 2856 3041 δεσμοῖς,
2893 2962 3014 3022 ἀλλ’
3055 2967 3091 3033 ἡ
3149 2964 3308 3044 χάρις
3361 2963 3516 3020 αὐτὸν
3571 2959 3706 3022 λύει,
3746 2961 3848 3018 Καὶ

461 3043 646 3106 liores
697 3064 800 3106 eos
834 3045 1056 3136 ietTecit
1106 3054 1168 3108 et
1221 3045 1496 3108 timorem
1553 3048 1743 3111 solvit.
1804 3045 2109 3128 Siquidem

2199 3061 2352 3111 τοῦτο
2379 3055 2480 3133 γὰρ
2502 3059 2600 3122 τῆς
2631 3055 2877 3136 χάριτος,
2921 3055 2983 3110 τὸ
3011 3043 3316 3134 συγχωρεῖν
3359 3050 3591 3119 δεθῆναι,
3659 3047 3847 3111 Αλλως

468 3143 798 3224 praeceptor
827 3135 886 3197 in
919 3134 1171 3196 vinculis
1202 3143 1349 3208 erat,
1384 3137 1486 3198 sed
1521 3137 1708 3216 gratia
1750 3137 1945 3218 ipsum
1988 3135 2109 3196 sol-

2201 3143 2423 3224 [aut]
2456 3134 2692 3223 Μεγίστη
2745 3144 3020 3224 προτροπὴ
3075 3145 3206 3223 πρὸς
3262 3144 3324 3199 τὸ
3379 3141 3552 3221 φέρειν
3592 3138 3846 3218 γενναίως

466 3222 569 3287 vit.
619 3221 764 3284 Nam
810 3233 868 3286 et
907 3226 1021 3286 hoc
1069 3224 1275 3304 gratia
1324 3225 1431 3287 fuit
1490 3236 1553 3288 ut
1583 3226 1752 3308 ligari
1802 3225 2113 3308 permitte-

468 3320 655 3375 retur.

550 3401 692 3464 Atio
713 3402 910 3464 modo.
958 3403 1203 3464 Mavima
1229 3403 1561 3467 adhortatio
1592 3413 1812 3483 erat,ut
1836 3403 2116 3468 afﬂictio-

468 3507 576 3553 nes
623 3489 849 3551 ferrent
901 3491 1179 3568 viriliter,
1215 3493 1372 3554 scire
1420 3512 1491 3556 ac
1538 3512 1779 3576 semper
1823 3511 2119 3556 memores

466 3579 785 3659 esso,quod
815 3579 912 3642 hic
945 3589 1102 3642 esset
1139 3581 1198 3642 in
1230 3581 1547 3644 vinculis.¢
1567 3579 1766 3646 Gratia
1787 3582 2117 3644 vobiscum.

465 3671 718 3731 Amen.»
753 3669 903 3741 Quia
925 3670 1202 3732 videlicet
1223 3671 1424 3732 omnia
1443 3690 1573 3752 quae
1591 3672 1756 3752 iussa
1783 3670 2121 3734 suntadim-

465 3755 690 3836 pleant.
729 3755 874 3818 Nam
902 3758 1068 3820 chari
1099 3765 1192 3820 ate
1224 3777 1373 3840 opus
1404 3758 1649 3833 habent,
1676 3768 1738 3820 ut
1767 3758 1912 3823 salvi
1943 3759 2113 3820 ﬁant:

471 3845 612 3927 quid
644 3847 805 3908 anim
833 3847 1029 3912 facere
1060 3857 1252 3931 potest
1299 3849 1477 3912 homo
1525 3850 1754 3933 absque
1779 3850 2013 3931 gratia?
2044 3884 2121 3894 —-

467 3936 617 3998 Cum
651 3935 727 3998 ab
759 3939 1085 4020 exemplari
1117 3958 1235 4000 non
1266 3939 1495 4019 integre
1543 3939 1905 4004 invenissem
1967 3939 2119 4000 beati

466 4024 712 4088 Joannis
735 4027 962 4088 scholia
983 4027 1044 4088 in
1077 4028 1395 4109 Epistolam
1431 4029 1504 4092 ad
1538 4027 1946 4105 Colossenscs,
1969 4049 2119 4090 con-

2197 3235 2319 3298 τοὺς
2375 3235 2723 3314 πειρασμοὺς,
2783 3235 2845 3290 τὸ
2901 3231 3087 3291 εἰδέναι
3159 3235 3247 3289 καὶ
3301 3231 3386 3290 διὰ
3441 3231 3638 3292 παντὸς
3697 3251 3845 3304 μνη-

2199 3311 2475 3400 μονεύειν,
2518 3325 2661 3381 εἶναι
2709 3311 2899 3382 τοῦτον
2930 3323 2985 3380 ἐν
3039 3321 3282 3399 δεσμοῖς.
3335 3342 3360 3378 α
3427 3311 3488 3378 Ἠ
3533 3321 3698 3401 χάριᾉσ
3729 3317 3854 3393 μεθ’

2198 3407 2370 3481 ὑμῶν.
2417 3399 2616 3480 Ἀμήν.
2683 3426 2707 3461 ii
2779 3404 3038 3472 Δηλονότι
3083 3401 3198 3479 μεθ’
3226 3406 3292 3470 ἧς
3333 3401 3508 3459 πάνσα
3539 3399 3616 3456 τὰ
3657 3399 3848 3456 ἐπιτα-

2199 3494 2360 3572 γέντα
2408 3493 2772 3574 πληρώσουσι,
2819 3493 3038 3574 χάριτος
3081 3494 3154 3557 εἷς
3210 3494 3272 3549 τὸ
3329 3491 3560 3560 σωθῆναι
3617 3487 3845 3549 δέονται,

2202 3586 2262 3643 Τί
2333 3584 2434 3664 γὰρ
2489 3583 2553 3641 ἃν
2622 3585 2839 3654 ποιήσοι
2911 3582 3181 3663 ἅνθρωπος
3264 3580 3385 3638 ἄνευ
3470 3581 3688 3660 χάριτος
3719 3597 3736 3658 ς
3771 3611 3854 3622 -

2207 3673 2734 3751 101ΚΟΥΜΕΝΙΟΥ.]
2819 3669 2915 3729 Ἐκ
2997 3679 3092 3728 τοῦ
3163 3671 3483 3750 ἀντιγράφου
3545 3668 3623 3743 μὴ
3685 3667 3849 3747 εὑρὼν

2202 3760 2381 3826 καλῶς
2436 3763 2532 3825 τὰς
2580 3761 2930 3842 παραγραφὰς
2987 3767 3080 3816 τοῦ
3137 3760 3394 3839 μακαρίου
3450 3757 3694 3815 Ἰωάννου
3753 3757 3852 3825 τῆς

2201 3853 2333 3930 πρὸς
2394 3849 2720 3914 Κολοσσαεῖς
2780 3848 3098 3918 Ἐπιστολῆς
3157 3849 3456 3927 συνέγραψα
3514 3846 3671 3909 αὐτὰς
3702 3844 3850 3910 ὅπως

2200 3938 2497 4016 ἠδυνάμην,
2530 3940 2585 3997 El
2629 3938 2716 3996 οὖν
2768 3940 2951 4018 εὑρεθῇ
2993 3960 3042 3994 τι
3099 3938 3154 3995 ἐν
3213 3938 3424 4000 αὐταῖς,
3485 3934 3521 4003 ἢ
3563 3940 3780 4016 κοῦφον,
3813 3935 3850 4003 ἢ

2202 4025 2556 4104 ἐπιλήψιμον,
2587 4025 2726 4083 ἵστω
2753 4028 2782 4082 ὁ
2810 4025 3186 4104 ἀναγινώσκων
3219 4023 3345 4100 ἐμὸν
3374 4022 3496 4080 εἶνα
3524 4023 3585 4079 τὸ
3615 4030 3851 4079 τοιοῦτον

464 4113 684 4194 σει-ἱρεί
717 4113 816 4176 illa
849 4123 911 4177 ut
942 4116 1128 4196 potui.
1154 4115 1216 4178 Si
1245 4117 1383 4198 quid
1411 4117 1584 4196 igitur
1605 4119 1667 4179 in
1703 4118 1849 4200 ipsis
1872 4119 1998 4179 love
2021 4125 2125 4179 aut
2205 4128 2474 4192 πταῖσμα.

465 4200 711 4281 dignum
735 4205 1205 4283 reprehensione
1236 4207 1540 4268 inventum
1583 4207 1781 4282 fuerit,
1809 4207 2038 4269 noverit
2071 4207 2121 4269 is

467 4290 568 4370 qui
598 4291 745 4368 legit
777 4311 977 4354 meum
1009 4313 1140 4356 esse
1162 4295 1510 4376 hujusmodi
1539 4297 1792 4378 lapsum.

585 4384 783 4458 Finis,
819 4385 1036 4450 divino
1056 4389 1296 4467 favente
1324 4389 1584 4466 auxilio,
1615 4389 1902 4471 Epistula:
1930 4391 2010 4453 ad

629 4502 634 4508 '
1097 4481 1496 4546 Colossenses.

465 4569 701 4653 Scripta
712 4581 804 4636 est
815 4572 889 4635 ab
903 4573 1238 4638 urbeltoma
1251 4575 1610 4658 perTycbicu
1621 4596 1673 4639 m
1689 4577 2115 4646 etOneslmuni.

545 4749 604 4801 ιο
627 4748 888 4834 Philipp.
924 4770 988 4818 ιιι
1023 4754 1081 4818 '2.
1171 4753 1227 4804 ‘7
1257 4751 1282 4816 Ι
1311 4754 1450 4818 Cor.
1481 4771 1608 4830 vni,
1644 4758 1702 4824 9.

2246 4413 2270 4448 α
2332 4389 2522 4465 Τέλος,
2584 4391 2674 4447 σὺν
2733 4395 2870 4465 Θεῷ,
2926 4390 3023 4459 τῆς
3080 4392 3210 4469 πρὸς
3265 4387 3590 4451 Κολοσσαεϊς
3649 4384 3807 4445 Ἐπι-

2871 4482 3070 4550 στολῆς
3080 4530 3094 4545 .
3147 4506 3171 4538 ii

2280 4582 2518 4666 Ἐγράφη
2549 4576 2653 4635 ἀπὸ
2711 4566 2925 4652 Ῥώμης
2965 4574 3049 4635 διὰ
3105 4576 3339 4656 Τυχικοῦ
3393 4577 3480 4632 καὶ
3533 4572 3847 4647 Ὀνησίμου,
