4188 6412
411 320 488 386 63
1528 326 1940 392 (ECUMENII
1983 325 2280 390 TRICC/E
2326 325 2661 391 EPISCOPI
3733 324 3812 390 64

412 456 654 519 modum
688 458 896 521 nostis.
934 486 958 515 ιο
994 459 1063 523 Ει
1092 458 1235 541 quid
1266 459 1452 522 multa
1484 459 1719 541 loquor,
1777 458 1911 522 ait?
1941 456 2060 539 Ipsi

2148 459 2384 534 νήθημεν
2428 461 2558 540 πρὸς
2590 462 2753 536 ὑμᾶς..
2791 482 2819 515 ε
2856 460 2936 516 Δι’
2963 462 3124 535 ὑμᾶς,
3160 464 3342 541 φησὶν,
3382 486 3407 515 ι
3443 460 3625 529 ἐπειδὴ
3649 462 3805 524 ὕπεῖς

411 564 513 609 vos
541 552 723 611 testes
753 548 896 611 estis
915 548 1202 612 fuerimus
1225 567 1363 629 erga
1379 568 1504 612 vos.
1544 547 1776 612 «Vestri
1800 567 2001 610 causa.
2033 570 2056 606 ι

2145 546 2240 614 ἦτε
2298 545 2534 605 ἐκλεκτοὶ
2592 556 2730 625 Θεῷ,
2780 550 2906 606 ὡσεὶ
2964 548 3113 628 ἔλεγε
3150 570 3166 586 ο
3217 555 3326 617 Τῆς
3385 550 3520 625 ἐμῆς
3574 546 3808 617 σπουδῆς

424 635 673 717 Propter
698 656 820 712 vos,
855 638 1070 721 inquit,
1131 639 1412 720 quoniam
1461 657 1567 702 vos
1618 638 1795 701 electi
1826 637 2003 700 eratis
2029 657 2060 697 a

2144 636 2241 705 τῆς
2284 637 2358 702 εἷς
2412 638 2550 714 ὑμᾶς
2593 639 2629 707 ἡ
2683 639 2832 713 ὑμῶν
2874 660 3019 718 παρα
3102 646 3236 699 Θεοῦ
3289 637 3491 720 ἐκλογὴ
3541 638 3805 720 πρόφασις

411 724 559 797 Deo,
594 744 664 789 ac
685 727 736 788 si
765 727 1033 791 diceret:
1067 728 1267 792 Vestri
1295 747 1330 791 a
1358 728 1479 792 Deo
1511 728 1723 791 electio
1753 728 1863 789 fuit
1882 746 2060 790 occa-

2148 724 2387 805 γέγονεν,
2455 744 2486 787 ε
2519 727 2619 786 Καὶ
2666 728 2824 803 ὑμεῖς
2888 729 3120 803 μιμηταὶ
3185 730 3365 804 ἡμῶν.
3416 752 3445 785 ι
3478 726 3806 786 Διδασκάλου

412 814 502 877 sio
526 816 643 879 mei
666 834 805 897 erga
816 836 921 880 vos
936 818 1139 883 studii.
1169 841 1191 875 ι
1212 817 1284 880 Et
1304 837 1408 880 vos
1437 818 1766 881 imitatores
1789 816 2000 880 nostri.
2035 842 2060 874 ι

2148 813 2217 882 ἦν
2271 817 2333 871 τὸ
2395 813 2696 893 ἀναῤῥῶσαι
2753 815 2943 880 αὖτοὺς
2996 815 3049 883 ἐξ
3104 819 3181 873 ὢν
3236 815 3436 876 ἐκεῖνοι
3490 817 3800 898 ὑπέμειναν,

413 903 799 987 Praeceptoris
836 914 983 983 erat,
1015 926 1293 972 recreare
1324 907 1489 989 ipsos
1517 926 1552 970 a
1581 905 1889 969 laboribus
1917 925 2060 988 quos

2150 904 2239 961 καί
2269 905 2430 984 φησὶν
2463 920 2477 935 ⁶
2513 906 2630 986 Οὐχ
2685 906 2852 981 ἡμεῖς
2895 905 2995 981 μὶν
3044 907 3296 975 τοιαύτην
3352 908 3428 971 εἰς
3477 908 3615 983 ὑμᾶς
3644 928 3809 964 σπου·

413 995 803 1074 pertulerant.
836 995 934 1058 Ait
962 1014 1103 1076 ergo
1130 1020 1143 1059 :
1174 999 1307 1061 Non
1328 1016 1431 1059 vos
1460 1015 1676 1076 segnes
1701 996 2063 1071 fuistis,cum
2114 1052 2121 1057 .

412 1101 521 1144 nos
548 1082 890 1165 hujusmodi
909 1085 1169 1147 studium
1202 1085 1362 1147 inter
1416 1104 1517 1148 vos
1566 1086 2059 1167 suscepissemus.

410 1172 529 1236 Sed
559 1174 702 1255 quid
725 1173 757 1235 ?
785 1174 978 1237 Etiam
1008 1193 1113 1237 vos
1140 1174 1467 1238 imitatores
1498 1175 1684 1237 nostri
1706 1173 1841 1237 facti
1871 1174 2064 1255 fuistis

412 1269 474 1324 et
501 1250 1087 1337 Domini.Quomodo
1108 1263 1257 1337 ‘?Qui
1273 1282 1612 1327 sermonem
1640 1250 2063 1343 excepsistisin

413 1351 733 1414 afﬂictione
763 1353 948 1415 multa
976 1372 1109 1415 cum
1141 1353 1354 1433 gaudio
1383 1354 1651 1435 spiritus.
1676 1352 1869 1433 Papae,
1892 1352 2063 1434 quid-

411 1457 550 1502 nam
581 1449 671 1504 est
698 1442 853 1523 quod
876 1443 1065 1506 dicit?
1088 1440 1274 1505 Simul
1307 1450 1368 1505 et
1396 1460 1736 1505 sermonem
1768 1460 2056 1523 suscepe-

411 1536 573 1611 runt,
645 1530 921 1594 universa
968 1533 1335 1614 supergressi
1393 1540 1552 1611 sunt,
1614 1539 1675 1592 et
1730 1532 2063 1595 imitatores

2147 991 2245 1059 δὴν
2291 990 2686 1070 ἐπεδειξάμεθα,
2749 996 2905 1070 ὑμεῖς
2961 992 3017 1052 δὲ
3075 996 3296 1075 ῥᾴθυμοι
3334 996 3455 1065 ἦτε·
3515 995 3681 1055 Ἀλλά
3709 998 3802 1077 τίς

2151 1083 2249 1140 Καὶ
2303 1084 2484 1158 ὑμεῖς,
2544 1084 2697 1164 φησὶ,
2773 1086 3004 1159 μιμηταὶ
3059 1088 3215 1161 ἡμῶν
3271 1086 3511 1165 ἐγένεσθε
3557 1087 3646 1143 καὶ
3713 1085 3808 1144 τοῦ

2148 1173 2359 1251 Κυρίου.
2386 1178 2550 1253 Πῶς;
2614 1171 2898 1249 Δεξάμενοι
2945 1175 3037 1230 τὸν
3088 1173 3250 1253 λογον
3296 1174 3349 1231 ἐν
3399 1174 3572 1251 θλίψει

2146 1245 2281 1329 μετά
2339 1267 2511 1342 χαρᾶς
2536 1245 2547 1253 ⁷
2569 1245 2957 1338 πνευματικῆς.
3026 1245 3213 1338 Βαϐαἷ,
3287 1268 3403 1322 οἷον
3437 1245 3606 1344 λέγει.

2145 1346 2382 1417 ἐδέξαντο
2429 1351 2521 1408 τὸν
2573 1350 2731 1430 λόγον
2773 1350 3133 1432 ὑπερέπτυσαν
3187 1352 3421 1434 ἅπαντα,
3471 1355 3561 1411 καὶ
3616 1376 3799 1430 μιμη-

2141 1440 2228 1496 ταὶ
2256 1445 2482 1517 Χριστοῦ
2510 1439 2846 1519 γεγένηνται.
2915 1460 2941 1497 ε
2978 1437 3164 1517 Ἠμῶν
3218 1441 3526 1520 ἐγένηθητε.
3564 1466 3592 1498 ι
3626 1448 3794 1522 Πῶς;

2164 1538 2259 1588 Οτι
2312 1528 2458 1587 αὐτοὶ
2523 1532 2901 1606 μαστιζόμενοι
2957 1531 3089 1610 ὑπὲρ
3137 1532 3231 1589 τοῧ
3297 1532 3484 1611 Κυρίου
3553 1531 3799 1614 ἔχαιρον,

411 1618 631 1684 Christi
660 1620 796 1683 iacti
824 1628 984 1686 sunt.
1016 1645 1036 1677 ο
1067 1620 1263 1683 Nostri
1285 1621 1425 1683 facti
1448 1620 1611 1683 estis.
1640 1642 1667 1680 ι
1702 1619 2060 1695 Quomodo?

2148 1618 2229 1676 ὅτι
2286 1618 2691 1687 κατηξιώθησαν
2745 1620 2875 1700 ὑπὲρ
2915 1627 3010 1678 τοῦ
3057 1620 3319 1697 ὀνόματος
3388 1621 3546 1679 αὐτοῦ
3599 1622 3801 1697 ἀτιμα-

408 1706 559 1781 Quia
587 1708 703 1790 ipsi
751 1719 995 1792 propter
1039 1710 1357 1773 Dominum
1409 1709 1687 1790 ﬂagellati
1732 1710 2060 1791 gaudebant

2148 1708 2357 1777 σθῆναι.
2435 1732 2464 1765 ε
2498 1710 2596 1769 Καὶ
2648 1709 2743 1766 τοῦ
2800 1710 3010 1790 Κυρίου.
3049 1732 3077 1766 ι
3114 1709 3275 1792 Πῶςς
3334 1700 3466 1770 ιὈτι
3509 1710 3599 1767 καὶ
3645 1709 3803 1775 αὐτὸς

412 1798 568 1875 quod
601 1797 766 1878 digni
796 1808 995 1861 essent
1024 1808 1088 1862 ut
1119 1818 1229 1882 pro
1274 1800 1517 1863 nomine
1580 1800 1715 1861 154
1757 1801 1888 1881 ejus
1913 1820 2064 1863 con-

414 1886 659 1949 tumelia
683 1886 1083 1951 aﬂicerentur.
1125 1913 1152 1944 α
1198 1887 1270 1950 Et
1319 1889 1577 1951 Domini.
1625 1913 1645 1946 ι
1708 1888 2067 1962 Quomodo?

411 1974 561 2048 Quia
590 1982 649 2038 et
676 1975 807 2056 ipse
835 1977 1021 2060 alapis
1036 1995 1227 2040 cmsus
1250 1986 1307 2041 et
1331 1978 1560 2058 patiens
1583 1978 1899 2056 gaudebat.
1933 1978 2061 2041 Vo-

406 2063 662 2127 luntarie
694 2068 852 2128 enim
905 2085 1118 2144 passus
1167 2076 1279 2141 est,
1313 2077 1372 2131 et
1429 2067 1627 2130 sciens
1686 2067 1826 2129 talia
1870 2068 2062 2130 salvos

407 2153 606 2216 facere
639 2155 831 2218 salute
857 2157 1104 2219 caelesti.
1130 2156 1301 2221 Unde
1318 2160 1493 2218 etiam
1513 2155 1748 2219 dicebat
1773 2175 1786 2219 ε
1810 2180 1835 2212 α
1865 2159 2059 2234 Pater,

407 2242 674 2321 gloriﬁca
704 2245 921 2308 Filium
940 2255 1106 2309 tuum
1129 2248 1178 2322 ί,
1210 2272 1233 2301 ιι
1266 2247 1516 2327 loquens
1536 2246 1612 2309 de
1631 2265 1833 2309 cruce.
1870 2270 1893 2302 α
1912 2247 2061 2311 Cum

410 2333 624 2411 gaudio
657 2332 911 2416 Spiritus
927 2335 1137 2398 sancti.
1174 2360 1199 2390 ιι
1238 2336 1384 2398 Cum
1418 2336 1577 2397 enim
1629 2335 1690 2396 in
1721 2337 2060 2399 carnalibus

410 2422 718 2505 doleretis,
778 2425 836 2487 in
894 2424 1222 2506 spiritualis
1280 2424 1645 2505 gaudebatis.
1713 2450 1737 2481 α
1774 2426 1939 2488 Adeo
1995 2435 2061 2488 ut

409 2512 643 2577 fueritis
673 2513 968 2596 exemplo.
1005 2536 1032 2574 ι
1069 2514 1139 2578 Ει
1164 2514 1465 2596 quomodo
1494 2515 1557 2577 hi
1615 2515 1750 2577 facti
1781 2524 1921 2578 sunt
1944 2516 2063 2578 illis

411 2603 704 2683 exempla.
738 2622 872 2665 cum
905 2603 992 2666 illi
1023 2605 1281 2685 primum
1312 2603 1760 2667 credidissent?
1780 2604 1888 2678 Qui
1912 2606 2063 2668 adeo

414 2691 557 2754 clari
591 2692 806 2768 fuiSIis,
839 2691 1053 2774 inquit,
1088 2693 1281 2756 statim
1310 2692 1384 2756 ab
1441 2694 1710 2767 exordio,
1768 2702 1828 2756 ut
1879 2694 2061 2758 etiam

2145 1798 2493 1875 ῥαπιζόμενος
2522 1799 2611 1855 καὶ
2666 1799 2895 1879 πάσχων
2937 1798 3176 1880 ἔχαιρεν.
3215 1791 3385 1857 Ἐκὼν
3432 1801 3535 1881 γὰρ
3562 1798 3798 1881 ἔπασχε,

2144 1888 2234 1944 καὶ
2281 1885 2430 1953 εἰδὼς
2476 1889 2543 1946 τὰ
2600 1895 2817 1946 τοιαῦτα
2900 1889 3147 1947 σώσαντα
3213 1890 3315 1957 τὴν
3407 1886 3498 1946 ὑπ’
3557 1890 3800 1970 οὒρανόν.

2165 1979 2295 2034 Θθεν
2322 1979 2411 2034 ναὶ
2462 1975 2635 2058 ἐλεγε,
2705 1997 2734 2033 ε
2783 1977 2978 2058 Πάτερ,
3033 1976 3248 2044 δόξασόν
3314 2001 3409 2037 σου
3448 1981 3542 2036 τὸν
3585 1981 3733 2054 Υιὸν,
3769 2002 3797 2035 ι

2144 2068 2263 2146 περὶ
2314 2075 2429 2148 τοῦ,
2450 2074 2674 2147 σταυροῦ
2730 2066 2926 2147 λέγων.
2958 2090 2983 2126 ι
3033 2069 3181 2125 Μετά
3252 2074 3425 2148 χαρᾶς
3496 2068 3801 2144 Πνεύματος

2144 2155 2315 2233 ἁγίου.
2348 2178 2376 2210 ιι
2416 2146 2503 2213 Ἐν
2553 2146 2653 2236 γὰρ
2695 2146 2816 2223 τοῖς
2866 2168 3145 2237 σαρκικοῖς
3201 2146 3545 2237 λυπούμενοι,
3597 2155 3651 2213 ἐν
3682 2171 3800 2221 τοῖς

2142 2259 2525 2320 πνευματικοῖς
2595 2245 2861 2326 ἐχαίρετε,
2903 2236 2947 2300 σν
2984 2236 3160 2303 "non
3214 2245 3452 2325 γίνεσθαι
3520 2236 3658 2322 ὗμᾶς
3711 2246 3802 2303 τύ-

2142 2355 2299 2398 πους.
2352 2351 2381 2392 ι
2450 2336 2548 2393 Καὶ
2602 2339 2716 2399 πῶς
2774 2336 2915 2393 οὗτοι
2981 2337 3137 2393 τύποι
3195 2336 3476 2415 γεγόνασιν
3547 2336 3792 2411 ἐκείνοις,

2143 2420 2356 2479 ἐκείνων
2409 2424 2631 2502 πρώτων
2690 2425 3119 2505 πιστευσάντωνς
3183 2416 3315 2484 "Ott
3375 2423 3564 2498 οὕτως,
3611 2426 3795 2507 φησὶν,

2146 2510 2529 2587 εὗδοκιμήσατε
2584 2512 2645 2572 ἐκ
2698 2516 3015 2593 προοιμίων,
3075 2514 3158 2572 ὅτι
3213 2516 3302 2572 καὶ
3331 2527 3449 2578 τοῖς
3476 2512 3580 2582 ἢδη
3629 2534 3796 2571 πεπι-

2147 2602 2392 2661 στευκόσι
2456 2603 2620 2670 τύπος
2666 2604 2927 2685 ἐγένεσθε,
2960 2609 3054 2662 οἷα
3103 2602 3188 2663 δεῖ
3230 2603 3405 2685 φέρειν
3460 2602 3545 2661 διὰ
3584 2604 3686 2673 τὴν
3714 2606 3801 2661 πί-

2145 2717 2283 2755 στιν.
2321 2720 2345 2750 α
2385 2697 2485 2755 Καὶ
2516 2694 2742 2778 Ἀχαίᾳ.
2781 2720 2808 2754 ε
2844 2697 2935 2757 Ἐν
2964 2703 3034 2775 τῇ
3066 2696 3302 2759 Ἑλλάδι.

407 2778 499 2841 his
541 2781 640 2861 qui
659 2782 784 2861 jam
810 2782 1194 2870 crediderant
1223 2783 1498 2865 exemplo
1529 2783 1785 2862 fueritis,
1822 2784 2211 2847 ostendentes
2239 2784 2441 2866 qualia
2470 2785 2769 2850 sustinere
2812 2794 3081 2868 oporteat
3134 2793 3383 2870 propter
3411 2785 3613 2850 ﬁdem.
3652 2805 3685 2847 ε
3729 2784 3805 2849 Et

412 2870 657 2933 Achaia.
697 2895 719 2929 ι
760 2869 821 2933 Id
853 2884 969 2951 est,
1001 2871 1258 2937 Graecia.

486 2958 532 3022 Ι.
565 2960 742 3024 8-10.
781 2962 827 3023 Α
864 2962 1031 3025 vobis
1061 2964 1228 3025 enim
1255 2965 1565 3045 pertouuit
1594 2981 1793 3027 sermo
1826 2963 2067 3027 Domiai

404 3066 530 3111 non
555 3048 748 3112 solum
779 3052 844 3113 in
872 3049 1230 3116 Macedonio
1259 3061 1321 3115 et
1345 3055 1606 3128 Achaia,
1640 3072 1850 3117 verum
1879 3056 2064 3118 etiam

2232 2986 2255 3019 ε
2296 2962 2412 3045 Ἀφ’
2454 2967 2603 3041 ὑμῶν
2656 2965 2758 3045 γὰρ
2813 2964 3079 3046 ἐξήχηται
3122 2969 3151 3025 ὃ
3207 2966 3368 3046 λόγος
3436 2973 3529 3025 τοῦ
3586 2967 3797 3047 Κυρίου,

2146 3052 2206 3109 οὒ
2234 3053 2393 3129 μόνον
2424 3054 2477 3113 ἐν
2520 3054 2587 3123 τῆ
2652 3053 2948 3129 Μακεδονίᾳ
3004 3057 3092 3113 καὶ
3134 3055 3189 3113 ἐν
3260 3062 3328 3134 τῇ
3373 3055 3605 3136 Ἀχαίᾳ,
3664 3054 3805 3113 ἀλλὰ

406 3144 471 3200 in
503 3141 670 3202 omni
699 3141 826 3203 loco
859 3141 1007 3222 ﬁdes
1036 3152 1261 3217 vestra,
1296 3161 1431 3223 quae
1456 3145 1599 3206 etin
1632 3144 1840 3217 Deum,
1862 3145 2060 3205 dima-

2148 3143 2236 3199 καὶ
2268 3142 2324 3199 ἐν
2353 3144 2509 3200 παντὶ
2554 3142 2714 3224 τόπῳ
2750 3144 2786 3213 ἡ
2843 3144 3018 3208 πίστις
3065 3146 3212 3221 ὑμῶν
3243 3147 3277 3213 ἡ
3329 3143 3463 3224 πρός
3518 3147 3611 3202 τὸν
3666 3146 3798 3202 Θεὸν

382 3231 594 3295 navit.
628 3236 696 3293 ut
724 3214 949 3294 nonvsil
978 3233 1157 3295 nobis
1206 3214 1440 3296 necesse
1486 3214 1835 3313 quidquam
1871 3234 2055 3314 loqui.

2146 3229 2474 3303 ἐξελήλυθεν.
2553 3214 2705 3290 "nec;
2764 3233 2843 3309 μὴ
2907 3214 3109 3315 χρείαν·
3175 3236 3319 3311 ἡμᾶς
3373 3214 3553 3315 ¹ἔχειν
3609 3233 3798 3293 λαλεῖν

404 3317 719 3398 Siquidem
747 3322 869 3401 ipsi
917 3322 988 3383 de
1043 3322 1208 3384 vobis
1261 3326 1638 3385 annuntiant
1685 3324 1923 3402 qualem
1958 3324 2057 3385 iu-

402 3425 670 3486 gressam
698 3407 1093 3472 habuerimus
1120 3412 1202 3471 ad
1216 3429 1340 3491 vos,
1374 3419 1432 3472 et
1452 3412 1753 3492 quomodo
1781 3411 2060 3474 conversi

404 3498 647 3575 fueritis
676 3497 755 3560 ad
792 3497 984 3560 Deum
1014 3518 1049 3559 α
1079 3500 1456 3580 simulacris,
1489 3507 1558 3561 ut
1584 3500 1899 3562 serviretis
1936 3500 2058 3562 Deo

406 3588 638 3650 viventi
665 3603 737 3648 ac
765 3589 1006 3651 veraci:
1069 3590 1128 3650 el
1183 3593 1620 3670 exspectantis
1678 3589 1897 3652 Filium
1927 3592 2058 3667 eius

404 3676 479 3737 de
507 3675 693 3756 caelis,
726 3694 903 3755 quem
958 3679 1247 3742 excitu-it
1296 3698 1334 3740 α
1383 3679 1641 3741 mortuis
1690 3679 1915 3754 Iesum,
1948 3683 2055 3761 qui

401 3765 619 3830 liberat
647 3783 761 3828 uos
789 3764 866 3828 ab
892 3770 990 3829 ira
1022 3777 1312 3832 ventura.

485 3971 506 4000 ιι
540 3944 613 4007 Ει
643 3943 806 4006 vobis
828 3946 989 4007 enim
1012 3956 1313 4026 pertonutt
1339 3965 1557 4010 sermo.
1598 3973 1622 4002 »
1653 3946 1944 4029 Autquod
1968 3947 2046 4010 de

398 4033 584 4106 vobis,
606 4032 742 4095 tidei
764 4052 958 4108 causa,
991 4036 1141 4097 fama
1154 4035 1374 4117 ubique
1398 4035 1698 4113 percurrit
1723 4052 1737 4097 :
1764 4044 1858 4097 aut
1880 4038 2045 4116 quod

396 4123 730 4200 ingressum
761 4121 821 4182 in
849 4123 1158 4185 transitum
1189 4124 1438 4185 dedistis
1484 4123 1665 4186 verbo
1706 4122 1812 4186 Dei
1841 4142 1949 4205 per
1979 4142 2049 4185 ea

397 4229 529 4293 quae
548 4210 863 4275 tolerastis.
884 4212 998 4274 Aut
1037 4213 1192 4295 quod
1241 4213 1463 4294 ubique
1486 4213 1684 4275 audita
1706 4222 1797 4276 est
1827 4212 2048 4293 praedi-

343 4300 349 4306 ’
396 4299 554 4363 catio
585 4310 827 4381 propter
854 4312 1105 4363 vestram
1142 4302 1520 4381 probitatem.
1550 4326 1577 4357 α
1614 4300 1834 4364 Verum
1867 4301 2045 4365 etiam

396 4389 456 4450 in
488 4389 651 4450 omni
681 4389 811 4451 loco
869 4416 894 4444 ιι
942 4387 1246 4472 Siquidem
1301 4390 1462 4465 ﬁdei,
1514 4390 1727 4472 inquit,
1761 4409 2042 4455 sermone

2141 3342 2213 3383 τι.
2273 3323 2431 3381 Αὐτοὶ
2514 3322 2613 3400 γὰρ
2692 3324 2810 3403 περὶ
2886 3324 3037 3399 ὑμῶν
3112 3321 3539 3403 ἀπαγγέλλωσιν
3607 3325 3797 3381 ὁποίαν

2142 3407 2350 3468 εἴσοδον
2416 3410 2615 3491 ἔχομεν
2685 3414 2816 3492 πρὸς
2886 3414 3048 3495 ὑμᾶς,
3112 3415 3201 3470 καὶ
3246 3420 3363 3479 πῶς
3442 3412 3801 3494 ἐπεστρέψατε

2140 3500 2270 3577 πρὸς
2334 3501 2426 3556 τὸν
2496 3501 2626 3558 Θεὸν
2692 3500 2800 3558 ἀπὸ
2864 3507 2970 3557 τῶν
3069 3500 3302 3559 εἰδώλων
3371 3500 3631 3561 δουλεύειν
3681 3509 3799 3578 Θεῷ

2138 3594 2296 3659 ζῶντι
2363 3589 2453 3646 καί
2524 3588 2784 3670 ἀληθινῷ,
2831 3592 2920 3648 καὶ
3000 3592 3279 3668 ἀναμένειν
3350 3593 3441 3649 τὸν
3502 3593 3623 3649 Υίὸν
3694 3592 3798 3649 αὖ-

2137 3682 2229 3733 τοῦ
2317 3677 2378 3733 ἐκ
2464 3684 2571 3735 τῶν
2667 3681 2920 3758 οιόρανεῦν,
3008 3682 3067 3737 ὃν
3153 3681 3367 3761 ἤγειρεν
3455 3679 3517 3738 ἐκ
3602 3684 3802 3760 νεκρῶν

2136 3764 2344 3833 Ἰησοῦν
2412 3768 2503 3824 τὸν
2592 3768 2846 3846 ῥυόμενον
2912 3771 3057 3845 ἡμᾶς
3143 3771 3250 3828 ἀπὸ
3291 3772 3392 3839 τῆς
3474 3769 3635 3851 όργῆς
3700 3776 3800 3838 τῆς

2126 3855 2456 3935 ἐρχομένης.
2502 3879 2526 3912 ο

2213 3930 2409 4024 α-’Λᾷ
2454 3943 2602 4021 ὕμῶν
2656 3947 2755 4025 γὰρ
2815 3945 3079 4029 ἐξήχηται
3139 3952 3168 4006 ὁ
3223 3948 3408 4028 λόγος,
3444 3971 3474 4008 ο
3547 3930 3597 4009 ’ὸ
3653 3949 3735 4006 ὅτι
3764 3950 3800 4019 ἡ

2126 4036 2244 4130 περὶ
2298 4037 2444 4112 ὑμῶν
2474 4039 2622 4130 ντῆς.
2668 4038 2906 4130 πίστεωςΔ
2961 4038 3163 4130 ἕνεκένΔ
3210 4043 3392 4122 φήμη,
3500 4048 3799 4130 πανταχπῦ

2128 4122 2424 4204 διέδραμεν.
2476 4122 2536 4183 Ἠ
2594 4125 2674 4183 ὅτι
2744 4126 2973 4210 πάροδον
3043 4127 3303 4188 δεδώκατε
3372 4132 3449 4207 τῷ
3523 4129 3669 4210 λόγῳ
3699 4138 3796 4188 τοῦ

2132 4220 2287 4293 Θεοῦ,
2334 4212 2385 4279 ἐξ
2415 4215 2488 4270 ὧν
2529 4197 2834 4286 ᾑθλήσατεί
2891 4197 2950 4276 Ἦ
3007 4217 3089 4275 ὅτι
3145 4228 3428 4301 πανταχοῦ
3454 4197 3707 4287 ἤκουσται
3737 4219 3800 4274 τὸ

2132 4302 2404 4381 κήρυγμα,
2464 4302 2525 4360 ἐκ
2572 4305 2672 4371 τῆς
2723 4306 2871 4382 ὑμῶν
2944 4304 3361 4384 εόδοκιμήσεως.
3424 4328 3449 4364 ε
3485 4306 3654 4366 Ἀλλὰ
3708 4313 3800 4365 καὶ

2126 4392 2184 4449 ἐν
2225 4393 2371 4457 ςαντὶ
2399 4392 2565 4466 τόπῳ.
2605 4415 2632 4449 ε
2670 4403 2773 4454 Τοῦ
2812 4396 2910 4469 μὲν
2955 4397 3044 4453 οὗν
3097 4395 3281 4476 λόγου,
3332 4399 3484 4478 φησὶ,
3518 4404 3612 4455 τοῦ
3640 4404 3796 4469 Θεοῦ,

394 4477 621 4540 vicinos
650 4478 927 4560 replestis
957 4499 971 4540 :
1008 4498 1141 4541 nam
1156 4481 1504 4542 temulentos
1538 4498 1637 4541 vos
1655 4493 2043 4544 accurrerunt

2144 4481 2247 4544 τοὺς
2318 4480 2554 4559 γείτονας
2628 4482 2978 4555 ἐνεπλήσατε.
3063 4477 3408 4555 Ζηλώσαντες
3479 4487 3578 4567 γὰρ
3635 4487 3796 4565 ὑμᾶς,

393 4569 465 4630 ad
503 4568 705 4632 ﬁdem.
739 4569 1149 4633 Admiratione
1208 4587 1373 4642 vero,
1438 4588 1506 4633 ex
1567 4588 1639 4631 eo
1694 4568 1850 4651 quod
1900 4571 2050 4635 adeo

2144 4575 2202 4646 τῇ
2269 4571 2440 4628 πίστει
2511 4570 2896 4652 προσέδραμον.
2955 4583 3058 4636 Τοῦ
3104 4574 3162 4632 δέ
3201 4576 3466 4651 θαύματος
3541 4574 3595 4631 ἐν
3660 4572 3799 4631 οὕτω

393 4656 557 4719 brevi
590 4667 858 4740 tempore
887 4666 1104 4720 tantam
1138 4659 1318 4721 tidem
1347 4677 1417 4721 ac
1444 4667 1747 4721 certamen
1781 4659 2045 4740 praebue-

2144 4658 2333 4740 3Ρ⁵¹)(,ε’ί
2421 4661 2600 4741 χρόνον
2671 4664 2933 4732 τοσαύτην
3027 4666 3202 4723 πίστιν
3302 4663 3633 4731 ἐπεδείξασθε
3701 4663 3791 4720 καὶ

392 4746 561 4847 rrtis,
579 4756 654 4847 _ut
676 4748 1015 4810 universum
1042 4748 1326 4811 mundum
1346 4748 1737 4847 repleveritis.
1780 4772 1806 4804 ε
1828 4747 1902 4813 Ut
1924 4768 2039 4813 non

2144 4745 2367 4821 ἱθλησιν,
2413 4752 2485 4816 ὡς
2513 4750 2721 4808 ἅπαντα
2774 4754 2863 4810 τὸν
2910 4754 3136 4847 κόσμονή
3155 4754 3365 4834 γέμειν,
3436 4774 3463 4813 ε
3497 4743 3675 4810 ιὨεητε
3705 4751 3785 4827 μὴ

390 4834 468 4900 sit
497 4836 669 4899 nobis
698 4855 944 4901 necesse
972 4839 1296 4921 quidquam
1322 4837 1508 4917 loqui.
1536 4863 1562 4894 ι
1598 4836 1742 4900 Nam
1775 4857 1907 4919 quae
1929 4859 2039 4902 nos

2144 4839 2316 4917 ίρείαν
2366 4841 2513 4915 ἡμᾶς
2535 4838 2683 4922 ἔχειν
2712 4839 2900 4901 λαλεῖν
2929 4866 2999 4903 τι.
3045 4864 3073 4904 ι
3111 4834 3169 4903 ΠΛ
3215 4845 3316 4924 γὰρ
3386 4845 3544 4921 ὅμᾶς,
3619 4843 3805 4922 φησὶνι

391 4926 467 4987 de
499 4926 666 4989 vobis
696 4926 857 5008 loqui
877 4928 1161 5008 oportuit,
1188 4938 1253 4991 ut
1282 4936 1341 4990 et
1370 4935 1617 4991 caeteras
1649 4927 1721 4989 ad
1754 4929 2042 5010 aequalem

2144 4927 2298 5007 ὲχρῆν
2329 4930 2446 5007 περὶ
2503 4930 2651 5006 ὑμῶν
2707 4928 2919 5013 λαλεῖν,
2981 4933 3075 4991 ἵνα
3130 4934 3384 4997 καὶτοὺς
3438 4931 3657 4998 λοιποὺς
3724 4933 3801 4995 εἷς

391 5014 567 5103 adduc
590 5032 826 5078 eremus
859 5017 1077 5093 zelum,
1110 5018 1237 5080 haec
1259 5016 1792 5098 illipraavenientes
1815 5018 2039 5083 dicunt.

2144 5018 2217 5073 τὸν
2261 5016 2382 5074 ἴσον
2455 5017 2802 5098 ἐναγάγωμεν
2859 5020 3044 5103 ζῆλον,
3123 5021 3319 5081 ἐκεῖνοι
3412 5022 3798 5103 προφθάνοντες

400 5128 426 5159 ι
463 5101 915 5193 Siquidemjpsi
943 5106 1019 5167 de
1049 5107 1218 5169 vobis
1276 5106 1631 5169 annuntiant
1678 5107 1912 5188 qualem
1947 5107 2043 5170 in-

2144 5105 2393 5184 ιέγουσιν.
2474 5130 2502 5163 α
2563 5109 2769 5193 Αὐτοὶ.Δ
2788 5111 2890 5190 γὰρ
2958 5101 3077 5193 περὶ
3147 5113 3298 5189 ὑμῶν
3369 5101 3797 5192 ἀπαγγέλλουσιν

389 5208 681 5282 gressum.
713 5216 741 5248 ι
777 5191 924 5255 Puta
946 5194 1104 5275 quod
1135 5214 1266 5257 cum
1302 5187 1727 5258 tentationibus
1789 5204 1849 5258 et
1879 5196 2041 5277 peri-

2144 5195 2315 5253 istoiav
2354 5194 2587 5261 εἴσοδον,
2623 5220 2652 5253 ι
2731 5187 2769 5211 υ
2796 5187 2916 5275 Ott,
2977 5187 3132 5282 φησὶ,
3178 5187 3314 5278 μετὰ
3370 5206 3679 5281 πειρασμῶν
3708 5202 3798 5259 καὶ

391 5281 562 5373 culis,
594 5298 727 5362 quae
747 5282 1083 5345 resisrendo
1117 5284 1490 5366 pertulimus,
1539 5286 1613 5348 ad
1660 5303 1763 5349 vos
1792 5285 2047 5365 ingressi

2144 5281 2414 5342 ιινδύνωνν
2482 5289 2557 5344 ὧν
2601 5289 2650 5344 οἱ
2697 5281 3069 5366 ἀνθιστάμενοι
3139 5289 3414 5373 ἐπέφερον,
3487 5287 3799 5365 εἳσήλθομεν

393 5368 579 5432 simus
603 5390 617 5433 :
648 5387 753 5432 vos
778 5380 976 5433 autem
997 5391 1190 5454 neque
1212 5382 1455 5454 propter
1477 5375 1603 5437 haec
1622 5374 2044 5438 oliendiculum

2144 5376 2260 5456 πρὸς
2291 5376 2453 5452 ὑμᾶς,
2525 5378 2685 5453 ὑμεῖς
2714 5375 2771 5434 δὲ
2825 5378 2942 5437 οῦδὲ
2995 5378 3082 5440 διὰ
3137 5368 3314 5439 ’ταῦτα⁷
3358 5368 3798 5447 ἐσκανδαλίσθητε

389 5458 547 5539 passi
576 5457 741 5534 estis,
775 5468 875 5521 aut
897 5460 1094 5523 minus
1114 5463 1344 5524 creduli
1368 5463 1532 5525 estis.
1553 5463 1785 5527 Etenim
1811 5465 2045 5544 digres-

2144 5467 2360 5532 ἦῆττον
2430 5464 2790 5528 ἐπιστεύσατε,
2870 5470 2968 5527 Καὶ
3045 5471 3146 5550 γὰρ
3197 5468 3441 5528 ἀπελθὼν
3501 5468 3557 5525 ἐν
3613 5470 3798 5549 Βεροίᾳ

477 5622 491 5665 ¹
527 5620 699 5686 Joan.
736 5640 875 5695 XVII,
919 5627 967 5688 l.
