4188 6428
478 327 556 396 75
1595 339 2008 405 (ECUMENII
2052 336 2350 401 TRICCE
2396 335 2735 402 EPISCOPI
3789 323 3871 389 76

465 465 618 542 latii,
647 477 931 550 quantum
954 468 1236 532 ultionem
1267 469 1422 531 sumi
1453 469 1527 530 de
1550 468 1831 532 inimicis.
1857 462 1918 528 Ἠ
1951 473 2107 551 ὀργή,

2200 471 2424 536 πολλοὺς
2498 471 2646 552 ἔχειν
2721 477 2825 527 τῶν
2896 472 3205 548 πειρασμῶν
3269 465 3554 527 κοινωνοὺς
3613 469 3868 520 τοσοῦτον

465 555 616 636 ipsa,
647 556 864 638 inquit,
897 558 1006 620 ira.
1052 557 1298 621 Articuli
1343 559 1568 620 additio
1598 559 1865 622 ostendit
1916 560 2103 640 ipsam

2200 565 2603 641 πιραμυθεῖται,
2663 562 2737 624 ὡς
2795 561 2854 615 τὸ
2913 555 3233 614 ἐκδικεῖσθαι
3291 555 3398 610 ἀπὸ
3463 559 3567 610 τῶν
3625 552 3858 632 ἐχθρῶν.

463 643 636 722 iram,
667 637 797 728 quae
813 647 938 726 jam
969 647 1110 708 olim
1143 647 1285 726 ipsis
1315 647 1667 710 debebatur.
1708 672 1729 704 «ι
1762 646 1827 709 In
1860 637 2039 709 linem
2081 673 2100 702 ι

2200 671 2223 705 ιι
2260 641 2322 705 Ἢ
2355 651 2510 729 ὀργά,
2558 637 2774 729 ίῳησί,
2806 649 2907 706 Τοῦ
2964 644 3150 726 ἄρθρου
3206 646 3238 712 ἡ
3300 643 3579 722 προσθήκη
3603 637 3860 729 δείκνυσιν

463 733 596 798 Νοη
627 733 879 814 amplius
908 734 988 798 ita
1019 745 1082 797 ut
1111 735 1468 816 quandoque
1515 737 1640 796 162
1665 735 1741 798 sit
1766 736 2019 797 servitus
2052 745 2107 795 et

2200 728 2542 818 ὀφειλομένην
2577 728 2757 799 αὸτοῖς
2817 733 2980 795 πάλαι
3037 734 3134 800 τὴν
3196 732 3382 811 ὀργήν.
3441 759 3462 789 ι
3496 730 3579 796 Ei;
3608 728 3784 792 τέλος.
3837 755 3862 787 3

460 840 698 884 rursum
727 823 993 900 libertas,
1027 825 1288 905 captivas
1315 833 1372 886 et
1399 844 1633 887 rursum
1691 825 2018 904 regressio,
2051 833 2107 885 et

2200 830 2305 884 05/.
2334 825 2430 904 ἔτι,
2464 829 2646 905 φησὶν,
2681 829 2756 888 ὡς
2816 823 2980 881 πάλαι
3033 821 3238 880 δουλεία
3282 821 3370 876 καὶ
3435 819 3595 876 πάλιν
3655 818 3863 874 ἐλευθεο

464 912 550 974 ira
576 910 681 974 Dei
711 931 781 975 ac
809 913 1025 974 iterum
1057 913 1328 975 liberatio
1367 935 1380 974 :
1415 914 1520 975 sed
1552 913 1614 974 in
1645 914 1849 990 finem,
1897 913 2107 994 inquit,

2200 915 2303 994 ρίκ.
2351 915 2694 995 αἰχμαλωσία
2740 915 2828 971 καὶ
2873 911 3032 968 πάλιν
3091 907 3370 984 ἐπάνοδος,
3417 909 3505 964 καὶ
3559 909 3694 986 ὀργὴ
3728 914 3863 964 Θεοῦ

463 999 702 1063 durabit
720 1000 810 1064 ira
838 1001 946 1065 Dei
977 1020 1160 1082 super
1188 1002 1372 1082 ipsos,
1399 1003 1512 1064 hoc
1545 1013 1658 1078 est,
1711 1021 1898 1084 usque
1929 1003 2002 1064 ad
2036 1001 2110 1062 li-

469 1107 608 1152 nem
639 1099 702 1153 ut
727 1092 851 1172 jam
884 1110 1003 1154 non
1033 1093 1110 1154 sit
1135 1092 1350 1156 solutio
1382 1093 1694 1156 malorum.

1113 1275 1352 1339 CAPUT
1397 1275 1475 1344 Il.

541 1367 720 1446 Quod
752 1370 908 1450 ipsos
939 1368 1338 1445 desideraret,
1359 1379 1413 1433 et
1440 1372 1508 1432 in
1538 1373 1623 1432 eis
1644 1368 1932 1448 gauderet
1962 1386 2033 1430 ao

755 1449 1052 1512 sollicitus
1081 1457 1234 1512 esset
1266 1457 1330 1513 ut
1362 1450 1812 1530 perﬁcerentur.

543 1546 847 1608 Caeterum
876 1561 1007 1618 nos,
1043 1544 1292 1622 fratres,
1326 1546 1532 1607 orbati
1561 1543 1730 1606 vobis
1776 1541 1856 1604 ad
1887 1549 2116 1621 tempus

453 1635 639 1709 bone,
672 1641 934 1712 aspectu,
985 1650 1110 1694 non
1156 1635 1362 1708 corde,
1408 1632 1818 1696 vehementius
1873 1631 2117 1692 studui-

456 1741 593 1786 mus
621 1722 822 1785 videre
849 1720 1077 1799 faciem
1109 1729 1380 1784 vestram
1410 1740 1556 1785 eum
1587 1720 1774 1784 multo
1799 1719 2114 1782 desiderio.

2195 993 2282 1060 καὶ
2312 993 2470 1061 πάλιν
2501 1002 2842 1082 καταλλαγὴ,
2903 1000 3020 1057 ἀλλ’
3081 1001 3153 1062 εἰς
3184 997 3360 1072 τέλος,
3423 999 3607 1078 φησὶν,
3639 1000 3672 1066 ἦ
3729 993 3862 1077 ὸργἦ

2193 1101 2286 1151 τοῦ
2330 1101 2460 1150 Θεοῦ
2485 1093 2568 1150 ἐπ’
2614 1094 2828 1165 αὐτοὺς,
2873 1089 3172 1170 τουτέστιν,
3228 1086 3357 1168 ἄχρι
3399 1087 3584 1151 τέλους
3618 1103 3632 1119 ⁸
3667 1087 3763 1143 οὒκ
3792 1086 3867 1143 ἔτι

2199 1181 2352 1250 λύσις
2384 1190 2491 1241 τῶν
2525 1187 2729 1244 κακῶν.

2850 1272 3219 1347 ΚΕΦᾹΛ.Βᾏ

2206 1409 2226 1437 ι
2276 1379 2438 1441 Πάθος
2484 1376 2654 1433 αὖτῶν
2695 1376 2784 1432 καὶ
2813 1375 2956 1454 χαρὰ
2988 1373 3040 1429 ἐν
3087 1375 3270 1433 αὒτοῖς
3299 1371 3386 1426 καὶ
3419 1368 3671 1448 μέριμνα,
3720 1367 3867 1434 ὅπως

2818 1453 3190 1512 τίελειιιθῶσιν.
3239 1471 3260 1499 ι

2288 1574 2309 1602 ι
2363 1535 2552 1620 Ἠμεῖς
2605 1543 2686 1622 δὲ,
2739 1541 2976 1623 ἀδελφοὶ,
3043 1538 3515 1621 ἀπορφανισθέντες
3574 1538 3664 1618 ἀφ’
3722 1540 3870 1614 ὑμῶν

2201 1638 2331 1714 πρὸς
2386 1635 2569 1713 καιρὸν
2637 1633 2801 1712 ὥρας,
2875 1631 3174 1710 προσώπῳ,
3252 1634 3310 1688 οὗ
3378 1626 3586 1707 καρδίᾳ,
3674 1649 3865 1708 περισ-

2203 1723 2430 1803 σοτέρως
2514 1720 2910 1796 ἐσπουδάσαμεν
2993 1722 3053 1775 τὸ
3133 1719 3416 1795 πρόσωπον
3499 1718 3646 1792 ὑμῶν
3730 1715 3864 1774 ἰδεῖν

462 1814 845 1892 Quapropter
862 1808 1168 1873 voluimus
1200 1817 1410 1874 venire
1439 1811 1520 1873 ad
1551 1829 1676 1890 vos,
1721 1827 1833 1889 ego
1877 1808 2107 1889 quidem

2201 1811 2255 1868 ἐν
2315 1810 2490 1889 πολλῇ
2549 1810 2814 1886 ἐπιθυμίᾳ,
2908 1809 3000 1868 Διὸ
3069 1806 3408 1881 ἠθελήσαμεν
3478 1803 3653 1861 ἐλθεῖν
3733 1807 3866 1884 πρὸς

455 1901 683 1965 Paulus
705 1905 762 1962 et
789 1898 970 1960 semel
1013 1906 1074 1960 et
1107 1901 1356 1980 iterum,
1416 1907 1473 1963 et
1509 1899 1748 1963 abstitit
1789 1898 1958 1960 nobis
1989 1901 2107 1959 Sa-

2200 1903 2356 1977 ὒμᾶς,
2432 1899 2576 1979 Ἐγὼ
2645 1901 2742 1975 μὲν
2830 1897 3034 1961 Παῦλος
3098 1897 3185 1952 καὶ
3254 1893 3392 1960 ἅπαξ
3473 1895 3560 1950 καὶ
3628 1892 3728 1968 δὶς,
3775 1898 3866 1951 καὶ

445 1997 643 2054 tonas.
676 1987 836 2050 Nam
866 2005 1000 2068 quae
1022 1995 1113 2050 est
1144 1996 1354 2052 nostra
1381 2007 1515 2070 spes
1548 1996 1660 2051 aut
1688 1988 1982 2067 gaudium
2003 1994 2107 2049 aut

2200 1991 2442 2066 ἐνέκοψεν
2513 1993 2655 2066 ἡμᾶς
2727 1992 2754 2046 ὁ
2828 1993 3092 2061 Σατανᾶς,
3169 1986 3291 2075 Τίςῄ
3331 1986 3430 2063 γὰρ
3499 1985 3645 2058 ὑμῶν
3718 1983 3866 2047 ἐλπὶς

445 2096 670 2142 corona
699 2077 1126 2158 gloriationis?
1155 2096 1236 2142 an
1275 2097 1398 2141 non
1440 2086 1498 2142 et
1547 2096 1653 2141 vos
1682 2079 1750 2140 in
1796 2082 2107 2158 conspectu

2200 2079 2429 2159 ἢχαρὰ,
2464 2079 2497 2147 ἢ
2548 2078 2806 2159 στέφανος
2864 2077 3226 2156 καυχήσεως,
3271 2074 3324 2130 Η
3382 2074 3505 2152 οὐχὶ
3561 2074 3652 2129 καὶ
3702 2074 3860 2148 ὑμεῖς

437 2169 686 2233 Domini
723 2168 864 2227 Iesu
901 2165 1132 2228 Christi
1185 2173 1249 2228 in
1289 2169 1414 2246 ejus
1443 2165 1756 2230 adventu?
1800 2168 1907 2228 Vos
1944 2168 2107 2228 enim

2203 2167 2492 2248 ἔμπροσθεν
2562 2177 2653 2225 τοῦ
2711 2167 2894 2247 Κυρίου
2951 2169 3104 2241 ἡμῶν
3181 2163 3360 2232 Ἰησοῦ
3436 2162 3489 2219 ἐν
3567 2169 3635 2230 τῆ
3698 2167 3858 2223 αὖτοῦ

441 2263 588 2321 estis
619 2255 922 2336 gloriatio
946 2261 1165 2317 nostra
1214 2263 1272 2318 et
1316 2256 1635 2333 gaudium.
1687 2255 1957 2317 Proinde
1987 2271 2107 2317 cum

2206 2257 2501 2337 παρουσίᾳ,
2541 2249 2725 2333 Ὑμεῖς
2755 2257 2855 2336 γὰρ
2885 2255 3006 2312 ἐστε
3035 2257 3070 2322 ἡ
3113 2252 3234 2318 δόξα
3289 2253 3444 2329 ἡμῶν
3492 2253 3642 2320 καὶὴ
3689 2255 3861 2332 χαρά.

447 2363 569 2408 non
590 2341 869 2423 amplius
893 2344 1224 2421 ferremus,
1258 2347 1455 2407 visum
1478 2351 1562 2408 est
1590 2344 1762 2407 nobis
1781 2352 1848 2408 ut
1877 2345 2107 2407 Atheni:

2210 2349 2305 2402 Διὸ
2328 2348 2518 2422 μηκέτι
2574 2347 2870 2426 στέγοντες,
2930 2343 3288 2419 εὖδοκήσαμεν
3341 2340 3754 2422 καταλειφθῆναι
3809 2342 3864 2398 ἐν

456 2432 880 2497 resideremus
914 2430 1058 2494 soli.

2216 2433 2464 2505 Ἀθήναις
2497 2437 2677 2512 μόνοι.

533 2524 820 2604 Superius
859 2523 1024 2599 dixit,
1075 2525 1233 2606 quod
1265 2532 1553 2607 tanquam
1606 2544 1679 2606 pa
1703 2533 1796 2587 ter
1827 2544 1960 2588 cum
1994 2524 2107 2586 ﬁlii:

2310 2534 2430 2581 Ανω
2459 2526 2637 2606 εἶπεν,
2698 2524 2779 2581 ὅτι
2837 2525 2908 2589 ὡς
2977 2523 3154 2602 πατὴρ
3196 2520 3398 2584 τέκνοις
3471 2519 3858 2607 συνεγενόμην,

440 2621 820 2679 conversatus
867 2613 964 2690 sit,
998 2605 1157 2676 nunc
1208 2605 1498 2696 tanquam
1541 2605 1698 2676 ﬁlius
1726 2625 1924 2696 patres
1952 2632 2107 2696 quae.

2205 2622 2292 2673 νῦν
2321 2615 2394 2678 ὡς
2422 2605 2629 2671 τέκνον
2657 2614 2887 2694 πατέρας
2942 2611 3139 2684 ἐζήτει.
3193 2619 3358 2670 Τοῦτο
3388 2610 3488 2689 γὰρ
3537 2611 3619 2683 τὸ,
3654 2605 3855 2689 Ἀπορ-

445 2704 640 2769 rebat.
671 2701 818 2764 Nam
866 2703 980 2764 hoc
1033 2712 1120 2765 est
1175 2703 1337 2784 quod
1382 2703 1550 2785 dicit,
1583 2701 1808 2779 Orbati,
1843 2705 1954 2766 hoc
2003 2713 2107 2778 est1

2203 2704 2559 2783 (ξεινισθέντες,
2617 2704 2731 2760 ἀντὶ
2798 2712 2911 2776 τοῦ,
2980 2702 3193 2781 ὀρφανοὶ
3269 2697 3704 2778 καταλειφθέντες
3763 2699 3857 2780 ἀφ’

443 2793 700 2875 orphani
728 2790 924 2854 relicti
957 2812 992 2854 a
1024 2783 1402 2858 vobis.Vides
1433 2783 1688 2874 quantus
1736 2812 1956 2856 maeror
1983 2793 2095 2854 soli

2203 2793 2371 2867 ὑμῶν,
2435 2783 2587 2872 Ὀρᾷς
2631 2791 2732 2859 ὅση
2789 2798 2881 2849 τοῦ
2931 2796 3210 2871 χωρισμοῦ
3252 2791 3287 2858 ἡ
3332 2787 3517 2867 Nam};
3579 2795 3744 2845 Τοῦτο
3805 2788 3861 2845 δέ

441 2881 670 2946 tudinis
695 2879 727 2940 ?
759 2877 824 2942 Id
854 2886 1053 2942 autem
1081 2889 1320 2963 propter
1351 2883 1770 2944 vehementem
1805 2891 1932 2945 erat
1963 2882 2107 2944 dile-

2203 2882 2287 2939 διὰ
2316 2885 2414 2950 την
2443 2883 2650 2951 πολλὴν
2700 2883 2939 2962 ἀγάπην.
2998 2907 3018 2937 σ
3074 2884 3208 2960 Πρὸς
3265 2902 3445 2959 καιρον
3488 2879 3652 2958 ὥρας.
3692 2901 3718 2939 3
3755 2885 3863 2940 Οὔκ

435 2971 726 3034 ctionem.
778 2992 805 3024 ι
837 2968 926 3030 Ad
960 2977 1194 3050 tempus
1224 2971 1410 3032 horae.
1435 2996 1460 3026 ι
1486 2968 1616 3032 Νοη
1647 2979 1860 3052 potest,
1903 2970 2107 3052 inquit.

2206 2973 2280 3030 ἔνι
2327 2976 2522 3055 εἰπεῖν,
2555 2976 2735 3054 φησὶν,
2793 2972 2872 3030 ὅτι
2931 2976 2960 3030 ὁ
3014 2974 3206 3053 χρόνος
3275 2978 3368 3028 τοῦ
3424 2977 3705 3050 χωρισμοῦ
3759 2972 3862 3039 τὴν

439 3059 560 3122 dici
590 3057 755 3140 quod
791 3056 1154 3121 diuturnitas
1177 3059 1574 3140 separationis
1595 3060 1892 3122 tristitiam
1931 3059 2107 3121 inten-

2205 3064 2424 3140 ἀθυμίαν
2467 3064 2751 3143 ἐπέτεινεν,
2824 3059 2943 3120 ἀλλ’
3001 3064 3037 3131 ἡ
3093 3063 3296 3140 ἀγάπη.
3365 3062 3500 3139 Πρὸς
3571 3059 3714 3140 ὥρας
3759 3063 3863 3140 γὰρ

429 3135 748 3222 ἀεί’ἱιξεθιὶ
782 3146 1030 3208 dilectio
1063 3165 1076 3210 :
1115 3135 1265 3208 nam'
1285 3149 1358 3210 ad
1388 3157 1622 3229 tempus
1649 3151 1829 3220 horse,
1861 3150 1975 3210 hoc
2002 3157 2107 3226 est,

2206 3135 2387 3230 καιρὸν
2442 3135 2834 3234 ἐχωρίσθημεν.
2911 3172 2940 3211 ι
2976 3135 3272 3230 Προσώπν,
3327 3152 3387 3208 οὒ
3413 3135 3637 3229 -καρδίᾳξ
3675 3169 3704 3208 ι

435 3237 509 3301 ad
535 3238 724 3300 breve
755 3235 1013 3316 spatium
1047 3239 1349 3319 temporis.
1383 3240 1638 3320 separati
1666 3240 1908 3302 fuimus.
1951 3263 1979 3294 α
2007 3239 2107 3300 As~

2207 3241 2322 3299 οὒδέ
2408 3240 2594 3322 καρδίᾳ
2665 3243 3061 3322 ἐχωρίσθημεν,
3121 3241 3305 3321 φησὶν,
3385 3236 3520 3322 ἀλλὰ
3589 3239 3864 3318 προσώπῳ

438 3333 638 3409 pectu,
701 3343 824 3386 non
883 3325 1086 3387 corde.
1145 3318 1184 3383 ί
1227 3325 1297 3388 Et
1356 3318 1549 3409 neque
1602 3327 1786 3390 corde
1855 3321 2107 3408 separati

2207 3332 2376 3407 μόνῳ,
2435 3318 2522 3388 καὶ
2581 3318 2736 3407 ὅμως
2785 3318 2952 3395 οὕτως
3007 3318 3377 3406 ἠθδμήσαμεν.
3455 3319 3608 3407 Ὀρᾷς
3667 3326 3768 3395 ὅση
3825 3331 3861 3397 ἡ

437 3415 678 3488 fuimus,
713 3413 819 3476 sed
851 3413 985 3474 solo
1025 3424 1270 3496 aspectu
1303 3434 1316 3478 :
1355 3424 1415 3478 et
1463 3426 1582 3477 tam
1604 3436 1679 3478 en
1710 3417 1860 3479 adeo
1893 3419 2107 3478 contri-

2213 3419 2442 3499 ἆγάπης
2491 3417 2706 3476 Ἢνιᾶτο
2732 3421 2820 3476 καὶ
2861 3421 2992 3500 πρὸς
3045 3417 3185 3498 ὥραν
3240 3418 3328 3473 καὶ
3382 3415 3652 3494 προσώπῳ
3693 3438 3863 3496 χωρι-

441 3503 579 3567 stati
629 3502 873 3566 fuimus.
906 3503 1086 3566 Vides
1137 3515 1357 3586 quanta
1409 3506 1651 3568 dilectio
1687 3505 1718 3566 ?
1769 3507 2107 3586 Angebatut

2207 3509 2365 3568 σθείς.
2437 3506 2528 3566 Ἐν
2585 3509 2685 3589 γὰρ
2739 3506 2921 3588 καρδίᾳ
2969 3510 3124 3583 ἡμῶν
3177 3508 3313 3582 ὖμᾶς
3383 3503 3606 3585 ἔχομεν,
3675 3507 3858 3586 φησὶν,

440 3591 598 3675 quod
628 3593 716 3654 vel
747 3593 819 3652 ad
854 3592 1058 3652 horam
1090 3603 1340 3674 aspectu
1371 3601 1775 3676 separaretur.
1826 3593 1892 3654 In
1925 3594 2107 3656 corde

2209 3622 2235 3651 (ι
2303 3597 2690 3677 Περισσοτέρως
2746 3596 3162 3673 ἐσπουδάσαμεν,
3216 3620 3243 3651 3
3299 3600 3368 3677 ῐξ,
3441 3596 3514 3657 ὡς
3569 3595 3709 3658 εἰκὸς
3765 3594 3859 3668 ἦν,

439 3670 666 3755 nostro,
702 3681 912 3762 inquit,
945 3670 1238 3744 habemus
1272 3701 1395 3744 vos.
1445 3670 1473 3739 ξι
1507 3681 1959 3746 Vehementius
1986 3692 2107 3745 stu-

2201 3688 2326 3750 τοῦς
2378 3670 2530 3766 ’πρὸς
2588 3670 2755 3766 ’ὥραν
2824 3670 3255 3766 ἀπσιλειιρθέντας.
3310 3670 3432 3762 ηΟρα
3496 3681 3562 3751 δὴ
3616 3683 3861 3762 ἀγάπην,

437 3771 700 3834 duimus.
729 3796 754 3826 ι
789 3769 977 3844 Quam
1013 3771 1335 3834 verisimile
1369 3772 1445 3835 sit
1476 3792 1577 3834 eos
1611 3773 1709 3854 qui
1763 3773 1839 3833 ad
1911 3773 2107 3834 horam

2206 3776 2286 3832 ὅτι
2321 3775 2386 3832 δι’
2443 3776 2588 3834 οὐδέν
2633 3775 2811 3858 ἕτερον
2852 3775 3234 3856 παραγενέσθαι
3289 3774 3448 3837 θέλω,
3509 3775 3688 3854 φησὶν,
3736 3771 3861 3829 ἀλλ’

441 3859 711 3922 derelicti
741 3870 900 3922 sunt.
935 3858 1174 3922 Intuere
1206 3879 1350 3924 sane
1381 3865 1930 3942 amorem.Propter
1957 3861 2107 3923 nihil

2204 3865 2296 3922 ’ἕνα
2325 3867 2385 3922 τὸ
2433 3867 2717 3944 πρᾴσωπον
2771 3868 2917 3942 ὑμῶν
2975 3864 3096 3928 ἴδω,
3163 3888 3190 3918 α
3243 3865 3335 3920 Διὸ
3390 3861 3729 3936 ἠθελήσαμεν
3759 3860 3860 3918 ἐλ-

445 3949 631 4030 aliud,
664 3947 767 4025 ait,
800 3949 1088 4011 accedere
1148 3950 1280 4012 volo
1343 3969 1520 4031 quam
1578 3958 1640 4011 ut
1699 3939 1929 4013 videam
1986 3969 2107 4014 vos.

2201 3959 2340 4016 θεῖν.
2414 3979 2442 4010 3
2476 3939 2635 4035 ὝΟρα
2690 3939 2870 4035 αὐτον,
2931 3953 3121 4034 μικροῦ
3177 3955 3264 4009 καὶ
3327 3950 3858 4031 ἐγκαλλωπιζόμενον

450 4062 479 4096 σ
511 4037 885 4120 Quapropter
911 4037 1208 4100 voluimus
1244 4039 1470 4103 venire.
1510 4065 1537 4095 »
1577 4040 1790 4121 Aspice
1826 4040 2019 4120 ipsum
2045 4040 2107 4101 de

2201 4051 2269 4122 τῇ
2311 4044 2517 4123 ἀγάπη.
2554 4046 2750 4109 Πάντες
2798 4045 2918 4120 μὲν,
2977 4044 3158 4122 φησὶν,
3217 4045 3264 4097 οἱ
3319 4040 3436 4116 μετ’
3472 4041 3624 4116 ἐμοῦ,
3658 4039 3862 4096 ἐσπού-

445 4147 650 4191 amore
697 4129 1124 4209 propemodum
1184 4129 1569 4208 gloriantem.
1621 4127 1846 4192 Omnes
1893 4129 2107 4209 inquit,

2206 4132 2356 4205 ὃαζον
2389 4133 2584 4206 ἐλθεῖν,
2635 4135 2741 4213 ἐγὼ
2770 4132 2824 4190 δὲ
2855 4131 2992 4198 ἅπαξ
3038 4134 3127 4188 καὶ
3181 4130 3256 4194 ἂς
3311 4129 3659 4210 ἐπεχείρησα.
3698 4152 3725 4184 ι
3760 4131 3863 4187 Καὶ

449 4218 553 4302 qui
585 4236 821 4280 mecum
840 4227 1010 4279 erant
1039 4219 1245 4280 venire
1277 4219 1666 4299 festinabant,
1709 4238 1816 4298 ego
1841 4237 1979 4280 vero
2013 4239 2107 4280 se-

2205 4223 2454 4299 ἐνέκοψεν
2504 4225 2647 4300 ἡμᾶς
2716 4227 2745 4280 ὂ
2803 4229 3063 4288 Σατανᾶς,
3105 4245 3131 4276 3
3189 4219 3460 4299 Ἐπέσχον
3517 4220 3617 4286 τὴν
3673 4222 3863 4298 προθυ-

439 4307 557 4369 mel
588 4314 766 4387 atque
789 4307 1007 4368 iterum
1033 4308 1274 4369 tentavi.
1311 4333 1337 4364 α
1359 4308 1426 4371 Et
1462 4307 1692 4370 obstitit
1724 4307 1897 4368 nobis
1929 4305 2104 4370 Sata-

2204 4314 2354 4391 μίαν,
2414 4314 2597 4393 φησὶν,
2644 4316 2690 4370 οἱ
2743 4311 3036 4379 ἐπάλληλοι
3093 4311 3395 4389 πειρασμοί.
3457 4309 3680 4371 Τούτους
3717 4305 3771 4363 δὲ
3831 4311 3861 4364 ὁ

441 4415 570 4460 nas.
622 4421 649 4452 π
704 4399 1075 4476 Promptum,
1136 4397 1352 4478 inquit,
1433 4396 1697 4459 animum
1749 4396 2107 4459 cobibebunl

2201 4404 2374 4466 κοινὸς
2406 4415 2572 4460 κινεῖν
2606 4401 2866 4478 πολέμιος
2925 4399 3133 4479 εἴωθεν,
3196 4399 3253 4455 οἷ
3300 4396 3366 4464 δὴ
3421 4397 3580 4477 χάριν
3610 4393 3859 4452 κεκωλῦ-

440 4485 928 4569 supervenientes
975 4485 1328 4548 afﬂictiones
1355 4508 1370 4548 :
1409 4487 1540 4548 I65
1573 4489 1680 4547 has
1709 4495 1906 4548 autem
1939 4506 2107 4549 com-

2202 4492 2317 4546 σθαι
2345 4490 2442 4558 τὴν
2470 4491 2601 4569 πρὸς
2633 4490 2819 4552 αὖτοὺς
2867 4487 3144 4565 ἐκδημίαν.
3205 4486 3265 4544 Τί
3331 4485 3436 4566 φῄς
3462 4505 3478 4566 ;
3522 4483 3775 4560 Ἐνέκοψέ
3802 4481 3860 4539 δὲ

443 4575 640 4640 munis
668 4574 853 4636 hostis
877 4593 1114 4636 movere
1133 4575 1380 4649 solet,ut
1412 4576 1758 4656 prohiberet
1783 4575 2107 4654 profectio-

2200 4583 2225 4636 ὁ
2272 4577 2554 4644 Σατανᾶςε
2594 4583 2714 4661 Ναὶ,
2773 4581 2954 4661 φησίν,
3018 4579 3090 4636 Οὒ
3156 4580 3256 4657 γὰρ
3314 4583 3446 4634 θεοῦ
3487 4580 3639 4631 τοῦτο
3703 4572 3857 4654 ἔργον

440 4683 576 4728 nem
599 4663 674 4726 ad
698 4663 1038 4745 ipsos.Quid
1061 4665 1174 4726 ais?
1218 4665 1458 4727 Obstitit
1485 4664 1769 4727 Satanas?
1800 4666 2102 4739 Profecto,

439 4753 630 4836 inquit
663 4773 679 4815 :
718 4772 910 4834 neque
945 4753 1104 4815 enim
1156 4753 1310 4816 Deus
1361 4773 1512 4836 opus
1559 4763 1708 4830 erat,
1747 4763 1810 4816 ut
1867 4754 1929 4817 in
1961 4761 2100 4817 ten-

445 4845 699 4906 lationes
729 4853 786 4905 et
811 4842 1176 4906 afflictiones
1214 4843 1576 4925 inciderem,
1607 4864 1723 4924 quo
1756 4843 1930 4906 etiam
1966 4863 2106 4925 pro-

439 4933 686 4996 hiberer
734 4933 808 4994 ad
865 4951 966 4994 vos
1015 4933 1347 5014 proﬁcisci;
1383 4951 1518 4994 nam
1553 4934 1666 4994 hoc
1699 4932 1844 4994 dicit
1875 4931 2107 4995 Satanae

434 5022 824 5085 obstaculum.
867 5020 954 5084 Ad
1001 5025 1300 5084 Romanos
1349 5022 1594 5104 quidem
1650 5021 1797 5083 dicit
1833 5042 1846 5084 :
1889 5047 1917 5078 α
1951 5022 2108 5085 Deus

435 5127 532 5175 me
563 5109 861 5191 prohibuit
892 5111 941 5175 4.
974 5135 999 5167 ››
1031 5109 1122 5172 Ad
1154 5111 1501 5173 Corinthios
1541 5129 1680 5172 vero
1721 5133 1734 5173 :
1779 5136 1806 5166 α
1853 5109 2109 5191 Spiritus

435 5199 701 5282 operatio
750 5199 858 5260 fuit
901 5218 975 5261 ne
1025 5199 1389 5263 venirem5:
1423 5200 1517 5261 hic
1569 5211 1769 5262 autem
1825 5203 2105 5282 quoniam

433 5289 498 5352 in
547 5287 899 5350 afﬂictiones
941 5287 1212 5352 incidens
1267 5289 1628 5370 praepeditus
1688 5298 1802 5362 est,
1867 5289 2102 5353 Satanae

437 5377 584 5440 dicit
613 5376 759 5439 illud
790 5395 923 5439 esse
954 5395 1102 5456 opus
1152 5377 1354 5439 divina
1407 5377 1630 5440 factum
1664 5377 2102 5458 promissione.

451 5489 477 5527 ιι
507 5465 657 5531 Nam
689 5485 820 5549 quae
850 5473 940 5528 est
967 5475 1170 5530 nostra
1198 5468 1387 5548 spes?
1419 5491 1446 5523 ι)
1477 5467 1691 5541 Quanti
1721 5469 1943 5531 amoris
1973 5469 2112 5532 sunt

525 5684 557 5734 4
583 5683 839 5763 Rom.1,
879 5681 972 5746 13.
1060 5682 1093 5734 5
1121 5679 1171 5744 ΙΙ
1201 5682 1340 5747 Cor.
1374 5698 1419 5760 ι,
1455 5680 1556 5746 15.

2191 4667 2283 4742 ἧν,
2315 4669 2376 4725 τὸ
2429 4670 2502 4733 εἰς
2561 4671 2882 4748 πειρασμούς
2943 4689 3008 4744 με
3063 4668 3152 4724 καὶ
3191 4666 3394 4741 θλίψεις
3453 4663 3734 4739 ἐμπεσεῖν,
3779 4663 3856 4726 ὡς

2192 4759 2282 4815 καὶ
2313 4757 2614 4825 κωλυθῆναί
2662 4782 2764 4834 μου
2811 4759 2912 4826 τὴν
2968 4758 3099 4835 πρὸς
3160 4757 3296 4832 ὑμᾶς
3341 4753 3463 4835 ὁδόν
3491 4771 3508 4788 ⁸
3559 4758 3715 4808 τοῦτο
3755 4752 3859 4830 γὰρ

2193 4847 2429 4925 ἐγκοπὴν
2473 4853 2568 4903 τοῦ
2625 4833 2836 4905 Σατανᾶ
2893 4833 3058 4925 λέγει,
3118 4845 3242 4903 Ἐπὶ
3299 4843 3396 4921 μὲν
3451 4833 3724 4916 Ῥωμαίων
3757 4839 3856 4896 λέ-

2190 4956 2296 5014 γει,
2335 4958 2362 4990 (
2399 4926 2457 4994 Ὀ
2510 4938 2640 5000 Θεὸς
2697 4935 2930 4993 ἐκώλυσέ
3002 4957 3091 5010 με.
3153 4958 3180 4989 3
3251 4932 3372 4990 Ἐπὶ
3442 4929 3497 4987 δὲ
3543 4929 3856 5009 Κορινθίων,

2197 5048 2220 5106 ιι
2259 5032 2361 5082 Τοῦ
2392 5026 2694 5102 Πνεύματος
2753 5025 2903 5106 ἔργον
2961 5025 3171 5104 ἐγένετο
3213 5025 3274 5079 τὸ
3333 5021 3412 5098 μὴ
3455 5019 3631 5076 ἐλθεῖν
3681 5041 3782 5106 με,
3820 5042 3850 5074 3

2191 5103 2313 5170 ’.ὶὸε
2343 5113 2398 5170 δὲ
2445 5113 2626 5174 ἐπειδὴ
2684 5116 2738 5172 ἐν
2783 5103 3137 5193 -πειρασμως
3206 5112 3456 5189 ἐμπεσὼν
3513 5105 3850 5174 ἐνεποδίσθη.

2191 5211 2281 5260 τοῦ
2308 5211 2518 5260 Σατανᾶ
2565 5203 2708 5283 λέγει
2767 5207 2892 5262 αὒτὸ
2937 5204 3113 5283 ἔργον,
3174 5202 3312 5259 κατᾶ
3369 5198 3716 5280 συγχώρησιν
3759 5207 3858 5258 τοῦ

2193 5300 2322 5350 θεοῦ
2353 5295 2598 5372 γεγονός,
2652 5319 2680 5349 α
2738 5295 2826 5358 Τίς
2885 5295 2985 5374 γὰρ
3039 5296 3194 5370 ἡμῶν
3237 5289 3440 5369 ἐλπὶς;
3491 5311 3518 5343 η
3575 5296 3617 5342 Ω
3675 5287 3854 5352 πόσης

2192 5384 2407 5461 ἀγάπης
2437 5395 2597 5442 ταῦτα
2654 5387 2718 5442 τα
2778 5382 3043 5463 ῥήματι)
3091 5385 3152 5440 Ai
3211 5378 3439 5459 μητέρες
3500 5377 3581 5433 ἀεὶ
3624 5377 3754 5456 πρὸς
3786 5377 3854 5432 τὰ

2189 5472 2368 5529 παιδία
2410 5484 2572 5532 ταῦτα
2601 5473 2870 5537 λαλοῦσιν,
2910 5498 2937 5528 ar
3003 5451 3063 5530 *Η
3110 5472 3364 5552 στέφανος
3420 5466 3774 5546 καυχήσεως.
3817 5489 3847 5519 ³
