4188 6434
419 342 501 410 85
1401 342 1796 406 COMMENT.
1848 341 1930 404 IN
1980 339 2222 404 EPIST.
2271 343 2294 402 Ι
2341 342 2441 404 AD
2487 339 2856 405 THESSAL.
3750 342 3828 408 86

416 480 723 556 ἀγιασμῶν,
770 485 1062 559 Τοιγαροῦν
1115 481 1144 534 ὁ
1194 477 1414 550 ἀθετῶν,
1475 476 1570 532 οὒκ
1599 475 1869 553 ἄνθρωπον
1900 475 2077 534 ἀθετεῖ

2163 471 2469 537 hominem
2494 474 2717 557 reﬁcit,
2768 475 2878 538 sed
2921 475 3142 555 Deum,
3179 485 3290 562 qui
3331 483 3500 548 dedit
3538 483 3832 565 spiritum

417 566 557 624 ἀλλά
575 569 665 624 τὸν
696 569 826 624 Θεὸν
849 569 944 624 τὸν
989 569 1080 625 καὶ
1106 565 1262 624 δόντα
1287 567 1350 622 τὸ
1379 571 1590 640 Πνεῦμα
1620 566 1777 623 αύτοῦ
1824 567 1884 622 τὸ
1929 565 2077 643 ἅγιον

2163 577 2340 626 suum
2364 570 2644 628 sanctum
2666 566 2733 628 in
2760 583 2886 629 vos.

417 657 493 721 εἷς
517 659 678 733 ὕμᾶς,
719 677 740 707 ι

506 774 530 804 ι
563 748 635 805 Τὸ
671 746 857 803 λοιπὸν
881 746 972 834 οὗν
1027 743 1281 834 ἀδελφοί,
1317 765 1340 796 ι
1392 752 1558 804 Τοῦτο
1627 743 1727 823 γὰρ
1770 744 1982 834 λεῖπον,
2016 747 2077 801 τὸ

2252 767 2279 798 α
2304 742 2474 816 Quod
2497 752 2770 824 superest
2793 744 2999 825 igitur,
3028 747 3262 813 fratres.
3304 773 3326 810 ι
3345 750 3514 824 Quod
3530 760 3826 834 superest,

414 837 493 899 είς
521 835 825 914 παραίνεσιν
853 833 1052 896 ἐλθεῖν.
1091 812 1149 892 Ἦ
1171 812 1240 891 ’τὸ
1269 832 1456 891 λοιπὸν
1480 833 1596 889 ἀντὶ
1619 812 1729 927 Δτοῦ
1769 812 2062 914 ἀποχρῶν-

2163 844 2300 916 puta
2319 812 2382 898 ut
2413 836 2498 927 ad
2536 812 3008 902 exhortationem
3048 843 3316 908 accedat.
3356 812 3700 927 dut,quro—d

411 945 526 988 τως
555 924 718 987 ἐστίν,
770 947 793 978 ι
823 925 1141 1002 Ἐρωτιῖψεν
1169 925 1328 999 ὑμᾶς.
1365 943 1387 974 I
1425 923 1496 981 Τὸ
1548 921 1938 1013 .-Ἐρωτῶμεν
1979 927 2067 982 καὶ

2163 933 2371 1013 perest,
2407 925 2464 987 id
2499 932 2610 1001 est,
2668 927 3040 993 sufﬁcienter
3081 940 3192 996 est.
3233 957 3261 989 α
3293 921 3591 1013 Rogamus
3622 953 3747 999 vos.
3786 961 3814 993 ι

412 1013 852 1091 παρακαλοῦμεν,
893 1033 920 1066 ι
949 1013 1137 1102 ταῦτόν
1193 1013 1302 1070 ἐστι
1357 1013 1446 1070 καὶ
1500 1009 1828 1090 ίσοδυναμεϊ.
1900 1043 1922 1075 α
1977 1015 2068 1071 Ἰἰν

2163 1012 2296 1075 Nam
2345 1019 2627 1094 ἒρωτῖῦμεν
2673 1025 2730 1077 et
2780 1018 3192 1097 παρακαλοῦμεν
3242 1009 3410 1082 ἰάθιῆ
3457 1029 3620 1100 sunt,
3654 1023 3822 1102 ejus-

418 1083 598 1180 Κυρίῳ
657 1083 858 1171 Ἰησοῦ,
895 1126 918 1154 ι
979 1083 1101 1182 1’ὸρα
1176 1101 1680 1182 ταπεινοφροσύνην.
1713 1083 1723 1090 ⁷
1753 1101 1881 1161 Οῦδέ
1940 1106 2068 1184 πρὸς

2163 1083 2413 1184 demque
2445 1083 2776 1184 potestatis.
2814 1083 2982 1169 (Ῥεῖ
3001 1083 3321 1171 Dominum
3349 1083 3581 1173 Jesum.
3607 1083 3640 1168 ⁷»

547 1197 557 1214 ο
831 1199 844 1217 Ι
955 1199 969 1216 ἱ
1076 1195 1124 1218 Τ
2050 1200 2062 1216 \

415 1195 759 1273 παρακλησιν
827 1220 1012 1254 εαυτον
1066 1195 1367 1262 αςιόποστον
1447 1195 1590 1251 εἶναι
1661 1197 1882 1272 νομίζει,
1940 1197 2077 1254 ἀλλα

2163 1193 2346 1254 animi
2363 1195 2737 1257 modestiam.
2753 1194 2802 1257 Ν
2809 1215 2960 1277 eque
2971 1197 3042 1258 ad
3066 1198 3546 1262 obsecrationem
3561 1200 3826 1280 seipsum

429 1286 526 1340 τὸν
557 1289 782 1364 Χριστὸν
809 1283 1229 1366 παραλαμϐάνει.
1270 1285 1368 1341 Διά
1425 1291 1516 1341 τοῦ
1557 1291 1781 1363 Χριστοῦ
1809 1287 1930 1366 γὰρ,
1965 1311 2075 1367 φη-

2166 1281 2284 1342 tide
2339 1282 2582 1362 dignum
2625 1293 2726 1344 aut
2777 1274 3059 1348 idoneum
3113 1305 3245 1350 esse
3296 1274 3695 1370 existimabat,
3720 1289 3826 1351 sed

415 1376 524 1448 σὶν,
557 1377 697 1452 ὑμᾶς
723 1375 1033 1456 παρακαλῶ.
1063 1405 1085 1434 ι
1117 1375 1300 1440 Καθὼς
1320 1372 1666 1454 παρελάϐετε.
1694 1394 1717 1424 ι
1753 1378 1824 1434 Τὸ
1854 1377 2077 1455 παρελά-

2167 1370 2467 1432 Christum
2525 1372 2796 1433 assumit.
2850 1373 2964 1435 Per
3013 1375 3346 1452 Christum,
3405 1377 3507 1453 ait,
3569 1396 3673 1440 vus
3724 1377 3830 1439 ob-

411 1461 568 1538 ϐετε,
617 1469 678 1524 οὗ
706 1465 960 1543 ῥημάτων
1007 1463 1167 1539 μόνον
1199 1463 1362 1536 ἐστὶν,
1413 1463 1551 1520 ἀλλά
1592 1465 1680 1520 καὶ
1724 1467 2073 1544 πραγμάτων,

2167 1476 2360 1532 secro,
2401 1484 2422 1516 ι
2462 1461 2980 1534 Quemadmodum
3025 1465 3360 1546 acoepistis.
3397 1490 3424 1522 ››
3461 1465 3820 1546 Accepistis,

422 1551 519 1635 Ἐξ
542 1557 619 1609 ὧν
648 1555 748 1632 γὰρ
791 1553 948 1618 αὐτὸς
980 1551 1144 1626 ἐϐίου,
1174 1553 1339 1618 τύπος
1378 1565 1496 1618 τοῖς
1550 1556 1819 1629 μαθηταῖς
1851 1555 2073 1635 ἐγίνετο.

2167 1567 2286 1610 non
2317 1549 2392 1610 de
2415 1548 2614 1610 verbis
2645 1557 2868 1612 tantum
2901 1561 3012 1627 est,
3048 1573 3254 1616 verum
3286 1555 3467 1617 etiam
3501 1555 3576 1618 de
3609 1555 3815 1620 rebus.

489 1628 594 1704 ἰνα
627 1645 1000 1723 περισσεύητε.
1036 1668 1059 1697 ι
1092 1643 1190 1702 Καὶ
1219 1641 1381 1700 πλέον
1399 1665 1474 1717 τι,
1507 1645 1688 1724 φησὶν,
1713 1646 1790 1700 ὦν
1817 1646 2077 1713 ἠκούσατε

2163 1641 2313 1702 Nam
2348 1657 2417 1700 ex
2449 1637 2584 1701 vita
2629 1658 2752 1700 sua
2793 1641 3098 1720 operibus,
3163 1643 3476 1726 discipulis
3519 1644 3829 1725 exemplar

415 1748 653 1795 ποιεῖτε,
685 1723 776 1798 Ὠς
822 1733 1031 1800 νηπίοις
1059 1731 1158 1810 γὰρ
1213 1732 1274 1789 οῦ
1312 1732 1379 1788 τά
1423 1723 1603 1788 τέλεια
1631 1731 1878 1814 ἐπέταξα,
1924 1737 2075 1814 φησί.

2167 1737 2315 1790 erat.
2344 1762 2424 1772 —
2453 1726 2526 1790 Ut
2555 1727 2892 1790 abundetis.
2934 1756 2959 1786 »
2996 1731 3064 1792 Et
3095 1723 3378 1808 amplius,
3440 1733 3657 1814 inquit,
3700 1723 3825 1795 ali-

415 1821 798 1901 Προϐαίνοντες
853 1821 909 1878 δὲ
955 1827 1025 1898 τῇ
1080 1821 1274 1901 πίστει,
1339 1819 1644 1900 προϐαίνετε
1685 1824 1773 1879 καὶ
1813 1828 1882 1899 τῇ
1908 1823 2070 1880 πολι-

2163 1817 2295 1899 quid
2329 1816 2502 1877 facite
2542 1836 2716 1897 quam
2760 1821 3140 1900 acceperitis.
3187 1821 3496 1903 Siquidem
3531 1831 3815 1904 tanquam

414 1935 557 1985 τεια,
599 1939 622 1968 ι
654 1910 848 1971 Οἴδατε
905 1912 1005 1990 γὰρ
1051 1910 1194 1974 τίνας
1242 1909 1630 1990 παραγγελίας·
1668 1934 1690 1964 ι
1755 1918 1833 1989 Τῇ
1860 1914 2071 1970 ἐκείνων

417 2006 617 2080 μνήμῇ
703 1999 1132 2080 ἐγγεγραμμένας
1221 1998 1380 2064 αὒτάς
1464 1999 1875 2076 καταλιμπάνει,
1957 2025 1979 2055 ι
2014 1994 2070 2060 Ὀ

412 2093 686 2172 ἁγιασμὸς
739 2093 910 2165 ὑμῶν,
961 2106 982 2136 ι
1035 2088 1254 2165 Θέλημα
1302 2089 1404 2168 γὰρ
1464 2096 1618 2163 Θεοῦ,
1650 2092 1830 2171 φησὶν,
1883 2093 1917 2160 ἡ
1971 2114 2074 2148 σω-

413 2182 657 2262 φροσύνη
684 2182 853 2257 ὑμῶν,
887 2179 978 2237 Ἐν
1010 2179 1209 2255 ἑκάστῃ
1256 2175 1311 2234 δὲ
1354 2177 1668 2256 Ἐπιστολῇ,
1713 2184 1814 2246 τῆς
1859 2202 2072 2263 σωφρο-

413 2274 580 2339 σύνης
635 2270 867 2346 μάλιστα
922 2268 1090 2326 πολὺν
1144 2281 1380 2324 ποιεῖται
1425 2269 1606 2346 Λόγον,
1661 2267 1791 2327 Οἵδε
1839 2271 1939 2350 γὰρ
1980 2278 2072 2328 τοῦ

410 2363 613 2426 πάθους
656 2363 719 2417 τὸ
785 2359 1089 2439 τυραννικὸν
1144 2359 1232 2414 καὶ
1282 2355 1725 2435 δυσκατόρθωτον.
1787 2381 1810 2416 ε
1841 2359 2072 2440 Ἀπέχε-

410 2455 532 2508 σθαι
562 2452 701 2526 ὑμᾶς
752 2449 858 2506 ἀπὸ
914 2453 1015 2514 τῆς
1072 2447 1336 2527 πορνείας.
1374 2467 1396 2497 I
1438 2448 1526 2512 Τίς
1583 2447 1638 2504 δὲ
1682 2450 1710 2504 6
1766 2448 2066 2529 ἀγιασμός;

407 2539 744 2620 Ἀπέχεσθαι
776 2540 933 2614 ὑμᾶς,
967 2538 1149 2616 φησὶν,
1209 2536 1316 2593 ἀπὸ
1371 2535 1550 2604 πάσης
1605 2536 1848 2616 πορνείας
1883 2554 1898 2569 ⁸
1937 2538 2070 2596 πολ-

2157 1905 2433 1986 parvulis,
2470 1905 2680 1986 inquit,
2705 1926 2821 1969 non
2875 1910 3116 1990 pracipi
3141 1930 3272 1992 qua
3339 1911 3602 1991 perfecta
3628 1918 3817 1972 erant.

2159 1999 2580 2058 l’romoventes
2609 2003 2807 2059 autem
2843 2000 2899 2058 in
2933 1998 3072 2078 ﬁde,
3134 2008 3478 2079 promovete
3525 1999 3703 2062 etiam
3763 2001 3824 2060 in

2155 2083 2631 2169 conversatione.
2699 2110 2724 2140 α
2760 2084 2957 2147 Nostis
3015 2087 3175 2149 enim
3239 2106 3372 2169 qua
3429 2096 3747 2168 pracepta.
3785 2113 3814 2144 ι)

2154 2167 2288 2248 Ipsa
2320 2174 2551 2235 illorum
2577 2175 3180 2257 memoriainscripta
3199 2167 3507 2258 relinquit.
3538 2202 3557 2234 ι
3587 2167 3824 2239 Sancti-

2155 2263 2352 2326 ﬁcatio
2376 2271 2591 2324 vestra.
2626 2288 2646 2319 ι
2681 2262 2970 2327 Voluntas
2989 2265 3151 2327 enim
3181 2265 3542 2347 Dei,inquit,
3565 2273 3678 2339 est,
3711 2285 3822 2346 pu-

2153 2352 2356 2413 dicitia
2379 2359 2571 2413 vestra
2637 2351 2701 2414 In
2723 2372 3076 2436 unaquaque
3115 2363 3313 2416 autem
3356 2354 3620 2435 Epistola
3645 2354 3827 2432 pudi-

2161 2441 2706 2522 citiapotissimum
2755 2461 3030 2519 magnam
3083 2443 3264 2507 habet
3299 2444 3618 2508 rationem.
3655 2443 3828 2506 Novit

2153 2531 2311 2591 enim
2342 2529 2712 2610 tyrannidem
2737 2531 2986 2601 affectus
3044 2551 3112 2593 ac
3158 2533 3358 2613 operis
3386 2533 3818 2595 difficultatem.

409 2629 484 2686 λὰ
509 2619 614 2709 γαρ
669 2626 955 2692 ἀκολασίας
1013 2625 1148 2694 εἴδη,
1211 2650 1238 2684 ι
1285 2623 1486 2684 Εἰδέναι
1555 2626 1776 2684 ἕκαστον
1829 2628 1998 2702 ὑμῶν,
2038 2651 2058 2681 ι

2163 2619 2653 2686 uUtabstineatis
2696 2639 2730 2680 a
2782 2620 3169 2684 scortatione.
3208 2648 3228 2678 ιι
3282 2621 3423 2695 Qua
3472 2630 3563 2684 est
3612 2629 3817 2684 autem

413 2710 453 2730 ”
489 2729 601 2798 Λρα
666 2717 945 2787 ἀσκήσεως
992 2717 1081 2772 καὶ
1137 2714 1418 2790 μαθησεώς
1475 2715 1585 2772 ἐστι
1641 2717 1702 2772 τὸ
1744 2731 2062 2798 σωφρονεῖν,

2163 2709 2540 2772 sanctiﬁcatio
2561 2709 2691 2798 ?7Ut
2721 2728 2843 2791 vos,
2875 2709 3090 2792 inquit,
3155 2711 3517 2776 abstineatis
3546 2711 3622 2774 ob
3655 2711 3820 2772 omni

417 2831 442 2858 ι
480 2797 554 2866 Τὸ
585 2806 773 2866 ἑαυτοῦ
801 2813 1012 2872 σκεῦος.
1049 2830 1072 2859 ι
1127 2811 1347 2879 Σκεῦος,
1387 2806 1450 2862 τὸ
1496 2805 1652 2882 σῶμά
1699 2829 1882 2886 φησιν.
1940 2806 2066 2865 Ἐὰν

2163 2799 2528 2861 scortatione.
2561 2797 2740 2860 Multa
2765 2801 3063 2861 suntenim
3094 2801 3482 2880 impudicitia
3560 2819 3813 2880 genera.

409 2897 506 2953 οὖν
537 2898 664 2953 αῦτὸ
724 2895 776 2951 ὲν
833 2896 1082 2974 ἁγιασμῷ
1123 2895 1365 2975 ἔχωμεν,
1417 2897 1582 2971 ἡμεῖς
1632 2895 1756 2952 αὐτὸ
1802 2896 2064 2972 κεκτὴμε-

2163 2888 2277 2952 ιυι
2319 2889 2465 2950 sciat
2505 2889 2914 2970 unusquisque
2951 2898 3234 2952 vestrum.
3268 2915 3290 2947 »
3326 2889 3530 2972 Itaque
3561 2890 3816 2952 exerci-

405 2991 474 3043 θα
508 3003 524 3019 ·
577 2986 669 3043 ἐὰν
711 2983 766 3041 δὲ
811 2985 866 3041 ἐν
935 2985 1149 3063 πορνείᾳ
1202 2987 1237 3054 ἡ
1307 2985 1534 3064 ἁμαρτία
1590 2984 1716 3041 αὐτὸ
1784 2985 2060 3053 κέκτηται.

2163 2979 2212 3043 ii
2244 2997 2313 3039 ac
2343 2977 2674 3058 disciplina
2705 2987 2816 3054 est,
2840 2987 2898 3040 et
2918 2987 3142 3042 castum
3178 2998 3334 3042 esse.
3394 3005 3415 3035 σ
3452 2979 3638 3043 Suum
3661 2999 3822 3041 vas.»

407 3076 590 3146 τινὲς,
647 3076 722 3133 Τὸ
792 3075 981 3133 ἑαυτοῦ
1035 3079 1244 3147 σκεῦος,
1305 3073 1404 3141 τὴν
1476 3074 1733 3152 ὁμόζυγον
1809 3076 2071 3153 ἡρμήνευ-

2163 3066 2266 3130 Vas
2289 3066 2433 3130 dicit
2453 3065 2775 3148 corpus.Si
2799 3086 2939 3148 ergo
2993 3070 3185 3149 ipsum
3239 3071 3297 3130 in
3347 3069 3820 3132 sanctiﬁcatione

410 3187 534 3227 σαν.
585 3163 732 3242 Ἐγὼ
773 3161 827 3220 δὲ
857 3163 1077 3239 νομζω,
1109 3165 1170 3219 τὸ
1219 3163 1443 3219 ἑκάστου
1491 3169 1646 3239 σῶμα
1703 3163 1868 3229 οὕτως
1911 3166 2067 3221 αῦτὸν

2163 3156 2556 3226 πειὴυοινὶῐηυε,
2591 3175 2700 3218 nos
2747 3156 2950 3238 ipsum
3006 3159 3483 3240 possidebimus;
3512 3159 3563 3220 si
3593 3177 3732 3221 vero
3765 3158 3828 3220 in

410 3253 737 3319 κεκληκέναι
772 3271 788 3286 ⁶
849 3257 908 3310 οῦ
949 3253 1048 3331 γάρ
1093 3264 1211 3315 τοῖς
1286 3253 1626 3330 γεγαμηκόσι
1671 3251 1876 3329 μόνοις,
1931 3253 2067 3310 ἆλλά

2163 3245 2691 3324 scortatione,jam
2742 3257 3052 3327 peccatum
3097 3247 3428 3328 possidebit
3465 3247 3828 3329 ipsum.Qui

408 3345 501 3399 καὶ
559 3355 679 3407 τοῖς
744 3341 995 3420 ἀγάμοις,
1045 3342 1129 3397 καὶ
1183 3355 1307 3407 τατς
1351 3343 1550 3422 χὴραις
1605 3344 1704 3410 τὴν
1763 3343 2069 3418 νομοθεσίαν

2163 3337 2286 3397 dam
2320 3355 2493 3397 suum
2526 3354 2647 3409 vas,
2685 3337 2760 3398 de
2818 3355 3000 3398 uxore
3061 3338 3436 3419 interpretati
3487 3345 3624 3399 sunt
3659 3355 3672 3400 :
3712 3355 3825 3416 ego

409 3431 732 3511 προσαρέρει.
773 3455 796 3484 ι
853 3433 942 3497 Μὴ
1001 3429 1056 3486 ἐν
1107 3431 1258 3488 πάθει
1301 3429 1598 3506 ἐπιθυμίας,
1650 3451 1673 3484 ι
1704 3437 1846 3489 Ποῖα
1895 3430 1949 3488 δὲ
2004 3434 2070 3488 τὰ

2163 3445 2289 3488 vero
2312 3425 2571 3487 arbitror
2591 3425 2878 3507 cujusque
2918 3445 3137 3507 corpus
3168 3427 3370 3508 ipsum
3412 3446 3482 3490 eo
3523 3426 3812 3488 vocabulo

417 3521 568 3586 πάθη
598 3526 697 3587 τῆς
743 3518 1064 3596 ἐπιθυμίαςς
1110 3521 1187 3578 Τά
1234 3521 1611 3597 ὑπεκκαύματα
1661 3521 1882 3602 ταύτης,
1928 3525 2069 3602 οἷον,

410 3611 614 3690 τρυφὴ,
673 3608 924 3682 πλοῦτος,
997 3609 1239 3686 ῥᾳθυμία,
1283 3609 1461 3688 ἀργία.
1543 3617 1718 3668 Ταῦτα
1775 3610 1875 3690 γὰρ
1929 3612 2072 3678 πάθη

410 3699 694 3773 ἐπιθυμίας
751 3697 888 3754 ἐστὶν
931 3699 1057 3754 ὡσεὶ
1100 3699 1246 3774 εἶπε,
1313 3699 1542 3775 Δύναμις
1616 3701 1704 3756 καὶ
1760 3701 1917 3780 ἰσχὺς
1973 3701 2074 3756 αύ-

410 3790 540 3852 τῆς.
594 3813 617 3844 ι
650 3789 728 3845 Τά
751 3787 873 3854 ’ἐθνη
905 3788 970 3844 τά
1015 3787 1094 3862 μὴ
1151 3787 1320 3844 εἰδότα
1367 3789 1518 3850 Θεόν.
1555 3810 1578 3840 ι
1645 3789 1721 3846 Τὰ
1791 3790 1890 3868 γὰρ
1949 3788 2073 3855 ἔθνη

408 3880 505 3934 τὸν
537 3878 671 3933 Θεὸν
701 3876 1014 3955 ἀγνοοῦντα,
1074 3875 1190 3934 οὔτε
1243 3876 1428 3935 ἐλπίδα
1471 3877 1586 3934 ἀντι
1633 3876 1829 3944 δόσεως
1894 3878 2013 3958 ἔχει
2050 3897 2061 3910 ⁸

412 3975 696 4044 τοιγαροῦν
727 3965 896 4022 πάντα
925 3968 1056 4046 πρὸς
1100 3965 1297 4035 ἡδονὴν
1355 3968 1598 4046 πράττει,
1639 3989 1662 4020 α
1696 3969 1769 4027 Τὸ
1801 3968 1878 4044 μὴ
1907 3969 2072 4048 ὑπερ-

412 4055 614 4112 ϐαίνειν
668 4057 756 4111 καὶ
799 4055 1166 4118 πλεονεκτεῖν,
1207 4076 1230 4106 I
1289 4057 1536 4131 Ἐκαστῳ
1577 4061 1606 4115 6
1678 4059 1833 4131 Θεὸς,
1892 4059 2077 4138 φησὶν,

412 4145 668 4219 ἀπένειμε
727 4159 977 4226 γυναῖκα,
1030 4148 1118 4202 καὶ
1162 4144 1311 4225 ὅρους
1362 4147 1581 4221 τέθεικε,
1637 4148 1740 4216 τὴν
1795 4148 1927 4226 πρὸς
2013 4147 2084 4212 τὴ

413 4236 542 4309 μίαν
570 4234 735 4308 μίξιν,
790 4244 928 4291 Ωστε
961 4237 996 4304 ἡ
1052 4236 1184 4314 πρὸς
1233 4236 1413 4315 ἑτέραν
1466 4235 1628 4312 μίξις,
1679 4235 1970 4316 παράϐασίς
2001 4252 2084 4293 τις

413 4325 501 4378 καὶ
570 4321 844 4388 πλεονεξία
915 4323 1078 4381 ἐστίν.
1148 4341 1171 4373 α
1207 4321 1298 4382 Ἐν
1349 4330 1427 4398 τῷ
1497 4325 1791 4404 πράγματι.
1831 4345 1857 4377 ι
1915 4333 2084 4382 Τουτ-

2152 3516 2507 3597 appellasse.
2539 3517 2669 3574 I70
2707 3519 2913 3598 Neque
2947 3517 3106 3578 enim
3139 3517 3338 3592 legem
3370 3517 3514 3579 solis
3545 3515 3666 3577 illis
3701 3535 3810 3596 po-

2158 3615 2242 3666 nut
2269 3604 2368 3686 qui
2401 3623 2615 3666 uxores
2645 3605 2958 3679 duxerant,
3005 3606 3397 3668 verumetiam
3451 3605 3718 3686 innuptis
3749 3623 3819 3666 ac

2157 3694 2366 3756 viduis.
2401 3718 2421 3750 ι
2453 3693 2580 3755 Non
2610 3695 3002 3758 cumatfectus
3025 3695 3552 3774 concupiscentia.
3597 3721 3614 3749 ι
3644 3693 3818 3767 Quis-

2159 3803 2293 3845 nam
2322 3792 2517 3844 autem
2547 3793 2636 3844 est
2679 3784 2924 3845 aﬂ‘ectus
2983 3784 3542 3865 concupiscentia?
3607 3781 3816 3846 Fomi-

2159 3887 2248 3937 tes
2277 3875 2484 3956 ipsius,
2517 3875 2722 3956 quales
2742 3884 2880 3938 sunt
2908 3875 3165 3950 delicia,
3220 3873 3467 3950 divitia,
3514 3873 3828 3953 segnities,

2155 3967 2362 4028 t‘tium.
2395 3969 2542 4029 Nam
2561 3967 2683 4028 hac
2705 3975 2846 4028 sunt
2870 3968 3115 4029 atfectus
3161 3965 3672 4046 concupiscentia
3706 3983 3719 4024 :
3757 3982 3830 4026 ac

2162 4059 2210 4118 Si
2235 4057 2484 4127 diceret,
2511 4056 2772 4118 Potestas
2793 4075 2860 4118 ac
2885 4056 3066 4117 robur
3089 4056 3302 4136 ipsius.
3363 4080 3384 4109 ο
3432 4056 3655 4118 Gentes
3685 4071 3824 4134 qua

2167 4145 2695 4226 ignorantDeum.»
2720 4144 3029 4226 Siquidem
3057 4153 3260 4226 gentes
3289 4143 3622 4226 quaDeum
3655 4142 3831 4223 igno-

2171 4245 2321 4310 rant,
2359 4254 2432 4296 ne
2453 4254 2618 4316 spem
2651 4234 2890 4316 quidem
2926 4234 3146 4296 habent
3203 4232 3650 4296 retributionis:
3708 4231 3825 4293 ita-

2175 4347 2306 4410 qua
2336 4333 2535 4387 omnia
2553 4325 2624 4386 ad
2648 4325 3007 4386 voluntatem
3043 4324 3283 4387 faciunt.
3313 4348 3339 4379 α
3366 4322 3451 4385 Ne
3481 4321 3614 4404 quis
3645 4329 3836 4383 trans-

413 4413 580 4488 ἐστιν,
616 4410 669 4466 ἒν
718 4417 786 4487 τῇ
830 4409 962 4487 μίξει
997 4431 1013 4446 ⁸
1061 4412 1280 4470 ἐνταῦθα
1326 4396 1426 4494 γὰρ
1469 4396 1586 4492 περὶ
1618 4396 1868 4494 μοιχείας
1910 4411 2077 4490 λέγει1

2175 4396 2480 4497 grediatur
2510 4432 2580 4477 ac
2612 4415 2635 4474 1⁵
2639 4414 2864 4475 raudet.
2895 4440 2919 4470 ο
2947 4413 3122 4489 Deus,
3145 4414 3244 4480 ait.
3279 4396 3604 4494 unicuique
3626 4411 3833 4472 distri-

416 4502 528 4557 ἅνω
557 4499 754 4579 ὢπερὶ
803 4501 982 4567 πάσης
1035 4503 1302 4581 πορνείας,
1345 4530 1366 4562 ι
1419 4504 1564 4561 Διότι
1610 4501 1846 4568 ἅκδικος.
1885 4522 1912 4556 ι
1951 4509 2090 4579 Παρ-

413 4590 640 4648 εκάλεσε
688 4597 917 4670 πρῶτον,
971 4593 1094 4648 εἶτα
1137 4591 1412 4670 ἐνέτρεψεν
1457 4595 1644 4674 εἰπὼν,
1698 4593 1951 4670 Καθάπερ
1998 4582 2087 4647 καὶ

411 4685 481 4737 να
554 4680 706 4747 ἔθνη,
766 4682 902 4738 Εἶτα
959 4681 1065 4739 ἀπὸ
1142 4681 1416 4762 λογισμῶν
1476 4683 1680 4759 ἔπεισε,
1754 4682 2083 4752 πλεονέκτην

409 4770 649 4835 καλέσας
685 4787 699 4800 ·
733 4769 920 4829 λοιπὸν
950 4769 1130 4851 φοϐεῖ.
1155 4775 1228 4831 ΟΒ
1253 4774 1352 4852 γὰρ
1375 4773 1722 4854 ἀντιμωρητὶ,
1755 4776 1906 4856 φησὶ,
1937 4785 2070 4834 ταῦ-

413 4884 484 4918 τα
525 4863 784 4939 πράττετε
815 4875 830 4890 '
863 4859 1066 4927 ἔκδικος
1097 4863 1196 4942 γὰρ
1248 4865 1277 4919 6
1325 4864 1453 4930 Θεὸς
1510 4869 1588 4937 τῷ
1629 4886 1686 4920 τε
1727 4863 2071 4921 πλεονεκτουι

412 4952 588 5027 μένῳ,
647 4951 738 5005 καὶ
793 4949 983 5023 ἐαυτῷ.
1064 4942 1284 5009 Ἐκυτὸν
1343 4953 1442 5032 γὰρ
1513 4951 1716 5010 ἐκδικεϊ
1782 4954 2079 5033 παρακουόο

413 5063 602 5118 μενος.
655 5066 682 5100 ε
719 5041 790 5097 0’)
821 5041 922 5119 γὰρ
965 5039 1214 5098 ἐκιλεσεν
1260 5043 1407 5117 ἡμᾶς
1460 5045 1489 5099 6
1543 5042 1696 5107 Θεός,
1735 5060 1760 5094 ι
1810 5044 1908 5102 Καὶ
1951 5045 2066 5100 ἐαυ-

411 5134 509 5188 τὸν
555 5129 610 5186 δὲ
667 5131 696 5186 6
754 5131 888 5195 Θεὸς
945 5128 1169 5205 ὲκδικεϊ,
1229 5130 1560 5207 ἀμυνόμενος
1609 5133 1701 5188 τὸν
1791 5132 1846 5189 ἐν
1915 5133 2084 5206 τούτῳ

411 5221 780 5289 πληονέκτην,
847 5220 994 5278 Κατά
1059 5226 1215 5278 τοῦτο
1259 5219 1562 5297 ἐκλήθημεν
1632 5221 1718 5278 ἐπὶ
1763 5221 2082 5302 καθαρότητι

413 5311 539 5393 παρ’
575 5314 736 5370 αῦτοῦ
769 5327 782 5340 ⁶
830 5319 1110 5388 τοιγαροῦν
1152 5311 1180 5366 6
1233 5312 1374 5390 παρά
1415 5313 1515 5379 τὴν
1569 5309 1759 5379 κλῆσιν
1815 5313 2082 5391 πράττων,

411 5403 586 5482 (οὗτος
646 5401 751 5480 γάρ
796 5401 826 5456 6
882 5399 1131 5470 ἀθετῶν,)
1203 5401 1293 5456 τὸν
1347 5399 1648 5457 καλέσαντα
1701 5399 1878 5481 ’ὑϐρισε
1935 5400 2082 5478 μᾶλ-

409 5493 522 5574 λον,
554 5494 591 5562 ἦ
621 5494 721 5550 τὸν
752 5487 1236 5554 πλεονεκτηθέντα.
1299 5497 1464 5550 Τοῦτο
1507 5487 1562 5546 δὲ
1606 5490 1732 5547 εἶπε
1775 5488 1979 5556 δεικνὺς
2009 5491 2083 5555 ὡς

401 5590 458 5647 οὗ
499 5589 674 5663 μόνον
718 5581 846 5639 ἔνθα
896 5580 926 5636 6
970 5575 1196 5657 ἀδελφὸς
1243 5581 1272 5636 6
1323 5578 1668 5654 ἀδικούμενος
1705 5578 1764 5654 ᾗ,
1813 5577 1898 5637 δεῖ
1953 5579 2078 5660 φεύ-

395 5700 508 5756 γειν
540 5677 647 5745 τὴν
680 5671 972 5751 μοιχείαν,
1024 5664 1160 5724 ἀλλά
1188 5673 1286 5725 κᾶν
1340 5669 1561 5734 ἄπιστος
1716 5663 1775 5729 ’0
1824 5670 1924 5750 γάρ
1948 5669 2077 5734 Θεὸς
2113 5690 2117 5693 '

2177 4509 2299 4569 buit
2330 4523 2599 4585 uxorem,
2632 4523 2700 4564 ac
2731 4504 3050 4565 terminum
3088 4503 3304 4584 posuit,
3352 4501 3830 4564 commistionem

2172 4605 2309 4677 puta
2340 4594 2412 4657 ad
2443 4612 2572 4656 eam
2605 4593 2865 4656 unicam.
2901 4593 3098 4656 Mistio
3135 4593 3314 4672 igitur
3337 4592 3405 4652 ad
3427 4590 3601 4652 aliam
3631 4601 3830 4650 trans-

2167 4685 2393 4766 gressio
2425 4682 2692 4764 quaedam
2719 4690 2807 4743 est
2836 4701 2903 4744 ac
2925 4681 3345 4746 fraudulentia.
3385 4705 3409 4737 α
3446 4679 3512 4742 In
3543 4696 3762 4760 opere:
3791 4703 3818 4732 »

2153 4782 2273 4844 hoc
2299 4782 2410 4854 est,
2425 4773 2486 4834 in
2501 4771 2943 4834 commistione.
2968 4771 3092 4833 Hoc
3111 4771 3269 4834 enim
3286 4771 3416 4832 loco
3437 4768 3510 4830 de
3529 4767 3826 4829 adulterio

2167 4861 2946 4947 loquitur,superiusautem
2967 4860 3042 4923 de
3057 4857 3595 4922 omniscortatione
3631 4882 3668 4947 _«
3693 4855 3834 4947 Pro-

2167 4944 2371 5036 pterea
2387 4952 2545 5033 quod
2577 4951 2734 5012 ultor
2755 4949 2857 5012 sit.
2883 4975 2908 5005 ι)
2928 4949 3193 5010 Primum
3224 4947 3578 5022 obsecravit,
3612 4944 3833 5006 deinde

2170 5041 2494 5125 pudefecit,
2521 5040 2762 5101 dicens:
2799 5039 2969 5102 Sicut
3000 5047 3057 5100 et
3087 5047 3331 5118 gentes:
3383 5036 3766 5118 postmodum
3799 5053 3834 5095 a

2168 5130 2624 5213 cogitationibus
2647 5129 2852 5204 suasit,
2887 5147 3104 5190 vocans
3135 5127 3578 5189 fraudulentum
3607 5144 3621 5188 :
3651 5125 3828 5187 dein-

2168 5241 2308 5302 ceps
2323 5221 2742 5282 exterret.Non
2765 5219 2922 5280 enim
2936 5218 3066 5280 sine
3078 5215 3689 5298 ultione,inquit,bac
3706 5214 3832 5276 faci-

2170 5311 2263 5373 tis.
2290 5309 2609 5374 Ulciscitur
2631 5307 2790 5369 enim
2806 5309 2960 5370 Deus
2978 5316 3209 5380 eteum,
3228 5307 3329 5388 qui
3347 5305 3654 5369 fraudatus
3669 5311 3829 5366 estet

2168 5399 2455 5480 seipsum.
2477 5397 2624 5460 Nam
2641 5396 2904 5478 seipsum
2921 5397 3294 5460 ulciscituris
3319 5396 3415 5459 cui
3430 5415 3546 5458 non
3566 5403 3834 5476 paretur.

2174 5513 2200 5543 α
2236 5487 2366 5550 Νοη
2401 5488 2561 5551 enim
2582 5487 2805 5549 vocavit
2838 5506 2945 5548 nos
2975 5489 3157 5551 Deus.
3208 5511 3227 5541 ι
3275 5484 3552 5566 Seipsnm
3599 5500 3836 5565 quoque

2174 5577 2482 5641 ulciscitur
2499 5577 2655 5640 Deus
2677 5578 2932 5658 sumptis
2946 5577 3136 5658 panis
3148 5577 3224 5640 de
3236 5594 3308 5638 eo
3327 5575 3429 5656 qui
3457 5573 3518 5636 in
3546 5575 3659 5635 hoc
3672 5572 3835 5633 frau-

2171 5666 2458 5732 dulentus
2480 5667 2597 5730 fuit
2637 5668 2811 5730 Juxta
2835 5667 2948 5731 hoc
2968 5667 3161 5731 vocati
3187 5681 3394 5728 sumus
3443 5660 3518 5725 ab
3555 5662 3686 5742 ipso
3716 5678 3834 5740 pu-
