4188 6462
413 323 494 398 87

1540 327 1885 398 (ECUMEN
1895 329 1954 392 II
1997 327 2297 398 TRICGIE
2338 331 2677 401 EPISGOPI

3721 332 3804 396 88

411 461 606 526 ritatis
636 479 838 528 causa.
871 461 984 536 Qui
1012 461 1194 548 igitur
1247 472 1472 545 praeter
1519 463 1896 528 vocationem
1923 461 2066 544 agit,
2089 474 2118 528 Δ

2204 459 2430 541 ἷρίζεται,
2484 467 2513 522 ὁ
2569 467 2796 547 καθαρόν
2854 488 2912 523 σε
2969 465 3290 543 βουλόμενος
3347 481 3487 523 εἶναι
3545 467 3631 522 καὶ
3665 487 3808 544 παρ-

417 569 555 614 cum
589 549 688 613 hic
719 558 1095 630 aspernetur,
1129 550 1316 632 magis
1339 551 1524 618 afﬁcit
1543 551 1766 634 injuria
1809 571 1944 617 cum
1972 553 2073 635 qui

2204 551 2500 628 ιουόμενος.
2565 553 2818 621 Μολύνεις
2868 555 2968 634 γὰρ
2996 556 3210 629 σαυτὸν,
3268 561 3366 611 κᾶν
3425 556 3500 631 μὴ
3557 552 3804 634 ἀδελφοῦ,

417 640 671 716 vocavit,
692 657 871 722 quam
895 658 1033 704 eum
1083 640 1188 722 qui
1230 641 1534 705 fraudatus
1583 652 1693 705 est.
1731 641 1858 706 Hoc
1878 650 2071 704 autem

2204 637 2295 696 Uti:
2344 647 2436 696 τοῦ
2489 644 2745 724 τυχόντνς
2792 643 3014 700 ἀπίστου
3069 655 3300 721 γυναῖκα
3363 643 3683 723 μοιχεύτης,
3770 644 3811 708 ἦ

421 727 593 806 dixit,
628 727 954 792 ostendens
976 729 1136 812 quod
1164 749 1286 794 non
1321 730 1513 794 solum
1532 730 1634 798 ubi
1652 731 1834 793 frater
1851 729 2076 811 injuria

2204 725 2371 804 ιύλην,
2434 728 2469 798 ἥ
2525 753 2642 788 τινα
2711 738 2817 788 τῶν
2871 738 3245 800 προεστωσῶν.
3281 751 3304 785 ι
3348 734 3449 790 Τὸν
3507 733 3594 788 καὶ
3649 730 3806 787 δόντα

422 825 664 900 aqectus
693 817 895 898 fuerit,
915 817 1119 899 fugere
1144 825 1414 900 oporteat
1442 819 1828 896 adulterium,
1870 836 2074 881 verum

2159 817 2221 872 τὸ
2252 823 2488 894 Πνεῦμα.
2548 838 2571 870 I
2649 821 2841 893 Αὐτὸς,
2892 822 3021 900 φησὶ
3070 821 3132 878 τὸ
3185 819 3337 898 ἅγιον
3391 819 3553 877 ἔδωκε
3601 827 3817 896 Πνεῦμα

422 903 601 968 etiam
631 905 683 967 si
711 904 972 969 inﬁdelis
1002 905 1080 968 sit
1108 927 1122 966 :
1179 907 1339 970 Deus
1370 907 1530 970 enim
1563 907 1786 989 injuria
1801 907 2076 969 afﬁcitur.

2204 917 2320 981 μῖν,
2354 909 2442 964 καὶ
2487 909 2650 986 ἡμεῖς
2706 907 2967 985 διώκομεν
3027 909 3153 966 αὐτὸ
3195 907 3280 966 διά
3335 913 3435 972 τῆς
3493 909 3816 987 ἀκαθαρσίας

423 994 525 1077 qui
553 1000 614 1058 te
643 1013 858 1078 purum
891 1012 1026 1058 esse
1055 994 1200 1072 vult,
1234 1003 1294 1057 et
1322 1015 1443 1058 non
1474 996 1728 1060 auditur.
1767 995 2078 1076 Siquidem

2204 1001 2344 1070 μῶν.
2379 998 2477 1055 Καὶ
2507 1005 2621 1066 πῶς
2657 1001 2778 1080 οὐχὶ
2803 1000 2888 1055 καὶ
2931 999 2993 1055 τὸ
3043 996 3188 1055 δοθὲν
3215 1000 3304 1056 καὶ
3343 1000 3435 1056 τὸν
3478 996 3634 1056 δόντα
3663 997 3816 1078 ὑϐρι-

424 1081 979 1165 teipsuminquinas
1009 1083 1186 1147 etiam
1238 1083 1288 1145 si
1346 1102 1468 1146 non
1527 1104 1663 1147 cum
1718 1083 1942 1164 fratris,
1975 1081 2082 1144 sed
2164 1088 2364 1165 ζομεν;

425 1189 564 1234 cum
595 1170 894 1234 increduli
923 1189 1115 1235 uxore
1144 1171 1503 1236 adulterium
1535 1183 1869 1256 perpetres,
1896 1178 1996 1234 aut
2025 1187 2162 1232 cum
2193 1171 2409 1234 ancilla
2459 1180 2559 1237 aut
2584 1175 2781 1257 aliqua
2809 1192 3015 1237 earum
3064 1192 3198 1256 quae
3228 1174 3466 1256 publice
3494 1175 3827 1257 prostitutae

429 1267 588 1324 sunt.
627 1285 656 1318 α
689 1260 802 1335 Qui
828 1261 998 1326 dedit
1022 1260 1330 1345 Spiritum.
1373 1287 1398 1322 ι
1434 1263 1591 1344 Ipse,
1621 1263 1836 1346 inquit,
1870 1260 2160 1344 Spiritum
2189 1273 2457 1327 sanctum
2512 1265 2680 1327 dedit
2707 1265 2904 1339 nobis,
2941 1273 2999 1327 et
3029 1283 3138 1328 nos
3181 1264 3348 1328 illum
3399 1263 3823 1346 persequimur

427 1349 776 1432 impuritate
807 1359 1034 1414 nostra.
1065 1352 1158 1415 An
1191 1372 1311 1415 non
1344 1371 1485 1433 ergo
1516 1362 1574 1415 et
1605 1353 1848 1417 dantem
1875 1362 1932 1416 et
1962 1368 2096 1414 eum
2127 1349 2229 1431 qui
2259 1351 2430 1417 detus
2461 1362 2550 1418 est
2579 1355 2800 1436 injuria
2829 1354 3173 1418 allicimus?

509 1437 612 1517 IV,
645 1439 824 1504 9-H.
855 1443 1154 1505 Craterum
1175 1443 1248 1506 de
1264 1442 1540 1524 fraterno
1560 1461 1768 1506 amore
1807 1460 1930 1506 non
1972 1459 2084 1504 ne-

432 1546 592 1594 cesse
602 1527 838 1593 habetis
852 1538 923 1594 ut
944 1531 1207 1594 séribam
1224 1530 1414 1597 vobis.
1429 1532 1556 1612 Ipsi
1579 1549 1836 1612 namque
1852 1532 2086 1595 diviui-
2171 1553 2287 1612 φειν
2395 1535 2546 1610 ὑμῖν.

2253 1463 2279 1496 α
2313 1446 2436 1524 Περὶ
2465 1444 2520 1502 δὲ
2576 1451 2676 1516 τῆς
2731 1444 3094 1526 φιλαδελφίας,
3155 1447 3214 1502 οὗ
3269 1444 3456 1524 χροίαν
3499 1443 3657 1524 ἔχετε
3686 1443 3824 1522 γρά-

2647 1535 2803 1594 Αὗτοὶ
2893 1536 2994 1614 γὰρ
3076 1535 3232 1610 ὑμεῖς
3295 1531 3611 1590 θεοδίδακτοί
3707 1531 3828 1588 ἐστε

437 1619 713 1682 tusdocti
741 1619 854 1683 esti
874 1627 946 1682 ut
969 1619 1242 1701 diligatis
1266 1638 1370 1684 vos
1408 1622 1691 1685 invicem.
1714 1621 1875 1686 Nam
1903 1630 1960 1686 et
1989 1624 2090 1702 fa-

2204 1622 2246 1687 ίς
2287 1622 2351 1678 τὸ
2406 1622 2617 1703 ἀγαπᾷν
2703 1621 2994 1693 ἀλλήλους,
3074 1625 3172 1681 Καὶ
3244 1623 3346 1701 γὰρ
3437 1634 3644 1678 ποιεῖτε
3697 1622 3828 1678 afri-‘0

435 1708 577 1771 citis
594 1707 707 1771 hoc
746 1724 892 1788 erga
931 1715 1177 1773 cunctos
1220 1711 1447 1788 fratres
1487 1712 1597 1792 qui
1646 1717 1791 1774 sunt
1846 1711 1913 1773 in
1967 1713 2092 1774 iota

436 1773 838 1860 Macedonia:
859 1773 1259 1862 Obsecrasz
1280 1805 1486 1862 autem
1496 1773 1638 1878 lnos,
1655 1773 1662 1774 ί
1678 1803 1706 1860 l
1721 1773 1806 1862 71
1836 1803 2090 1880 fratres,
2115 1773 2156 1823 Β

436 1893 510 1949 ιιι
538 1885 857 1950 abundetis
885 1891 940 1950 et
968 1891 1035 1949 in
1062 1887 1172 1950 hoc
1195 1887 1498 1952 incubatis
1528 1897 1586 1953 et
1637 1891 1827 1969 quieti
1855 1891 2014 1966 sitis,
2040 1898 2097 1952 et

439 1975 640 2057 agatis
667 1991 760 2037 res
792 1977 1098 2058 praprias,
1145 1977 1215 2040 ac
1261 1979 1602 2057 operemini
1648 1979 1919 2058 propriis
1969 1996 2100 2041 ma-

441 2061 622 2127 nibus
646 2063 887 2146 vestris,
947 2066 1129 2128 sicuti
1182 2064 1351 2129 vobis
1400 2069 1827 2148 praecepimus,
1887 2075 1954 2132 ut
1999 2086 2103 2132 vos

443 2153 684 2218 honeste
707 2153 940 2236 geratis
967 2171 1112 2237 erga
1142 2161 1488 2237 extraneos,
1521 2163 1580 2219 et
1603 2156 1800 2234 multa
1833 2175 1912 2234 _re
1939 2157 2103 2220 vobis

445 2247 528 2306 sit
554 2259 670 2323 opu
681 2259 734 2305 s.

531 2328 661 2393 Non
684 2329 1122 2412 loquiturnunc
1142 2330 1220 2394 de
1271 2329 1600 2397 dilectione
1646 2352 1786 2414 erga
1807 2334 2098 2417 quemvis,

454 2421 563 2483 sed
593 2418 672 2480 de
703 2436 773 2480 ea
803 2426 1045 2500 quaeest
1071 2437 1210 2500 erga
1233 2419 1469 2483 fratres.
1494 2421 1577 2484 Ex
1604 2441 1674 2484 eo
1711 2431 1910 2486 autem
1947 2423 2103 2505 quod

455 2507 884 2592 praetermittat,
913 2508 1030 2570 duo
1053 2509 1252 2572 ellicit.
1281 2508 1386 2587 Ita,
1440 2510 1654 2593 inquit,
1700 2513 2104 2576 necessarium

456 2618 527 2662 ac
551 2597 698 2661 utile
728 2604 788 2660 et
830 2616 934 2660 vos
985 2607 1188 2662 mutuo
1236 2598 1508 2682 diligere,
1567 2609 1631 2664 ut
1682 2603 1832 2665 nihil
1862 2622 2112 2668 necesse

456 2687 535 2750 sit
562 2705 660 2751 me
685 2689 798 2750 hoc
829 2684 1119 2765 scribere,
1155 2705 1288 2751 cum
1350 2709 1454 2751 vos
1503 2691 1615 2753 hoc
1663 2692 1888 2768 sciatis,
1921 2695 1985 2756 In
2023 2693 2114 2755 his

459 2776 619 2840 enim
646 2794 779 2858 quae
829 2774 1151 2838 admodum
1197 2776 1516 2839 manifesta
1545 2787 1702 2854 sunt,
1757 2799 1834 2842 ne
1863 2779 2116 2842 suadere

2177 1711 2249 1776 εἷς
2314 1711 2517 1777 πάντας
2587 1713 2706 1778 τοὺς
2750 1711 3026 1792 ἀδελφοὺς,
3097 1712 3215 1777 τοὺς
3275 1709 3328 1766 ἐν
3393 1709 3492 1783 ὅλᾷ
3559 1715 3627 1783 τᾷ
3710 1715 3833 1766 Μα-

2178 1797 2406 1873 κεδονίᾳ,
2482 1800 2894 1880 Παρακαλοῦμεν
2963 1798 3017 1856 δὲ
3088 1801 3244 1877 ὑμᾶς,
3333 1798 3568 1880 ἀδελφοὶ,
3639 1821 3832 1877 περισ-

2181 1890 2348 1946 σεύειν
2469 1888 2673 1966 μᾶλλον
2782 1891 2870 1946 καὶ
2993 1887 3410 1970 φιλοτιμεῖσθαι,
3538 1889 3833 1967 ἡσυχάζειν

2180 1981 2269 2035 καὶ
2334 1999 2588 2058 πρασσειν
2657 1979 2722 2036 τὰ
2789 1976 2902 2035 ἴδια
2971 1980 3058 2036 καὶ
3138 1977 3442 2056 ἐργάζεσθαι
3496 1989 3619 2041 ταῖς
3677 1974 3831 2040 ἰδίαις

2185 2069 2367 2149 χερσὶν
2425 2069 2594 2143 ὑμῶν,
2668 2068 2842 2132 καθὼς
2945 2069 3074 2144 ὑμῖν
3183 2064 3640 2145 παρηγγείλαμεν,
3740 2065 3840 2120 ’ίνα

2185 2161 2514 2236 περιπατῆτε
2558 2157 2910 2237 εὐσχημόνως
2970 2157 3101 2235 πρὸς
3143 2155 3266 2218 τοὺς
3310 2154 3433 2231 ἔξω,
3481 2156 3570 2212 καὶ
3598 2152 3827 2230 μηδενὸς

2189 2245 2372 2328 χρείαν
2401 2245 2568 2326 ἔχητε
2579 2294 2593 2310 ,
2631 2272 2655 2306 ι

2265 2339 2338 2395 Οὒ
2369 2333 2514 2415 λέγει
2556 2336 2688 2399 τέως
2733 2336 2850 2414 περὶ
2896 2340 2993 2401 τῆς
3038 2336 3111 2400 είς
3177 2334 3350 2390 πάντα
3401 2332 3637 2412 ἀγάπης,
3697 2329 3842 2388 ἀλλά

2187 2427 2304 2505 περὶ
2345 2424 2442 2493 τῆς
2487 2425 2560 2490 εὶς
2589 2425 2708 2489 τοὺς
2759 2421 3032 2504 ἀδελφούς.
3081 2422 3176 2482 Ἐκ
3233 2421 3288 2479 δὲ
3343 2433 3436 2482 τοῦ
3489 2420 3837 2500 παραλιπεῖν,

2189 2514 2277 2572 δύο
2319 2514 2723 2592 κατασκευάζει,
2782 2511 2884 2588 ὅτι,
2945 2514 3126 2593 φησὶν,
3183 2513 3346 2577 οὓτως
3403 2510 3696 2588 ἀναγκαῖον
3752 2511 3844 2565 καὶ

2193 2602 2460 2684 ὠφέλιμόν
2506 2603 2707 2660 ἔστιτὸ
2762 2601 2971 2680 ἀγαπᾷν
3028 2599 3317 2676 ἀλλήλους,
3361 2601 3434 2662 ὡς
3477 2597 3614 2675 μηδῖ
3657 2598 3845 2678 χρείαν

2196 2694 2338 2749 εἶναι
2407 2699 2499 2749 τοῦ
2555 2691 2650 2768 ἐμὲ
2693 2697 2848 2749 τοῦτο
2901 2691 3142 2770 γράφειν,
3189 2687 3308 2745 ἀλλ’
3351 2689 3487 2764 ὑμᾶς
3545 2689 3671 2744 αὐτὸ
3703 2685 3839 2742 είδέ-

2198 2804 2304 2841 ναι.
2372 2770 2490 2840 tEni
2557 2782 2658 2860 γὰρ
2710 2786 2816 2837 τῶν
2869 2780 3006 2836 πάνυ
3064 2777 3264 2852 δήλων,
3319 2775 3434 2834 οὐδὲ
3476 2774 3848 2853 συμϐουλεύειν

459 2865 703 2948 quidem
730 2882 977 2953 necesse
1010 2873 1121 2927 est.
1159 2866 1232 2928 Et
1271 2866 1409 2948 quia
1441 2867 1739 2930 existimat
1767 2887 1836 2930 ac
1867 2888 2115 2951 persua-

2204 2873 2334 2953 χρή.
2384 2873 2485 2931 Καὶ
2541 2870 2622 2928 δτι
2679 2872 2707 2928 ὁ
2764 2869 2988 2945 νομίζων
3031 2868 3240 2940 αὐτοὺς,
3286 2865 3685 2946 κατωρθωκέναι
3757 2867 3852 2921 καὶ

461 2973 563 3018 sus
594 2961 685 3015 est
711 2953 872 3036 ipsos
899 2952 960 3014 id
991 2953 1255 3037 efﬁcere,
1292 2971 1516 3037 eosque
1573 2957 1674 3038 qui
1706 2976 1824 3020 non
1853 2948 2118 3040 perstant

2204 2948 2576 3037 πεπεισμένος,
2635 2960 2722 3015 καὶ
2791 2959 2870 3034 μὴ
2926 2959 3340 3037 κατωρθωκότας
3396 2956 3607 3035 αὐτοὺς,
3641 2953 3851 3030 μᾶλλον

465 3042 652 3123 magis
673 3042 746 3104 ad
777 3042 893 3106 hoc
922 3041 1174 3119 inducit,
1208 3043 1429 3106 veritus
1459 3063 1536 3108 ne
1591 3065 1706 3127 quo
1749 3047 1926 3112 modo
1985 3047 2120 3109 talis

464 3150 671 3216 sparsa
700 3131 776 3196 de
802 3130 954 3214 ipsis
984 3132 1143 3194 fama
1172 3151 1241 3196 ac
1271 3133 1459 3211 gloria
1512 3153 1548 3197 a
1600 3154 1740 3199 vero
1789 3135 2114 3200 aberraret.

470 3248 498 3281 ι
532 3220 829 3286 Divinitus
859 3219 1054 3284 edocti
1083 3226 1248 3285 estis.
1275 3247 1299 3282 ι
1362 3221 1409 3286 Ο
1454 3223 1667 3304 ingens
1717 3227 2115 3306 praeconium!

463 3312 655 3377 Deum
681 3310 823 3372 fecit
850 3309 971 3372 illis
999 3319 1450 3393 praeceptorem.
1471 3311 1598 3376 Hoc
1637 3322 1695 3378 et
1716 3317 2004 3398 propheta
2024 3318 2122 3380 di-

464 3401 589 3466 xit:
623 3398 864 3475 «Erunt,
887 3398 1081 3481 inquit
1100 3418 1310 3463 omnes
1326 3400 1523 3464 edocti
1545 3420 1580 3464 a
1608 3401 1754 3464 Deo.
1785 3429 1812 3460 ιι
1837 3439 1910 3450 -
1939 3405 2121 3468 ιΝειιη

467 3498 528 3555 et
554 3488 747 3552 facitis
771 3489 909 3550 hoc.
952 3513 980 3545 ιο
1015 3486 1346 3571 PrOpteaea
1376 3490 1565 3558 enim?
1591 3510 1711 3554 non
1743 3511 1992 3558 necesse
2036 3504 2125 3559 est

468 3578 646 3643 nobis
678 3577 971 3660 scribere,
1005 3577 1142 3660 quia
1177 3598 1296 3640 non
1327 3599 1476 3661 opus
1519 3588 1607 3643 est
1643 3590 1704 3644 ut
1754 3582 1830 3645 de
1865 3584 1980 3646 hoc
2009 3585 2124 3647 ad-

470 3666 860 3744 moneamini,
895 3666 1002 3730 sed
1021 3667 1395 3733 facitisillud.
1426 3693 1449 3727 α
1475 3668 1542 3732 Iu
1566 3677 1685 3732 toto
1705 3672 2118 3735 Macedonia.»

471 3756 782 3842 Siquidem
828 3754 1213 3820 Tessalonica
1255 3755 1459 3821 civitas
1501 3759 1849 3840 metropolis
1881 3770 1969 3823 est
1998 3764 2122 3826 Ma-

467 3846 757 3911 aedoniaa.
802 3868 826 3904 ι
861 3844 934 3910 Ut
963 3845 1281 3909 abundetis
1310 3847 1522 3927 magis,
1560 3873 1588 3906 ››
1624 3847 1824 3914 Facite
1857 3851 2120 3933 quidem,

469 3937 574 4001 sed
608 3945 805 4000 tamen
833 3934 991 4000 inter
1017 3935 1359 3999 faciendum
1418 3937 1718 4001 abundate
1773 3949 1830 4001 et
1862 3941 2127 4004 munifici

469 4032 600 4095 sitis
636 4029 1021 4093 obsecramus
1059 4035 1380 4111 (pauperes
1411 4037 1610 4091 autem
1661 4040 1852 4109 erant,
1905 4035 2128 4116 ereptis

469 4123 740 4204 ipsorum
770 4117 1172 4194 facultatibus,
1197 4119 1701 4200 quemadmodum
1724 4123 2002 4203 superius
2031 4125 2126 4184 di-

2203 3050 2378 3128 ἐνάγει
2432 3051 2563 3128 πρὸς
2619 3058 2795 3122 τοῦτο,
2872 3043 3195 3127 φοϐούμενος
3280 3045 3475 3121 μήπως
3521 3045 3556 3113 ἡ
3621 3043 3844 3110 τοιαύτη

2203 3141 2321 3218 περὶ
2352 3140 2524 3218 czth
2566 3139 2722 3218 φήμη
2768 3137 2856 3194 καὶ
2911 3133 3033 3200 δόξα
3085 3135 3392 3215 ἀστοχήσῃ.
3459 3156 3481 3187 ι
3518 3130 3854 3190 Θεοδίδακτοί

2204 3207 2342 3290 ἐστε.
2380 3254 2406 3289 ι
2473 3207 2528 3284 ’ὸ
2580 3207 2896 3306 ,ἐγκώμιονι
2955 3227 3058 3284 Τὸν
3113 3207 3258 3281 Θεὸν*
3299 3207 3610 3306 διδάσκαλοχ
3667 3227 3854 3288 αὐτοῖς

2204 3317 2448 3387 ἐποιησε.
2493 3290 2657 3377 Τοῦτό
2711 3290 2800 3373 κΙαὶ
2841 3316 2869 3372 ὃ
2924 3314 3202 3395 προφήτης
3259 3311 3460 3390 ἔλεγεν.
3517 3335 3541 3368 ι
3576 3290 3850 3386 νΕσονται,

2205 3410 2356 3488 φησὶ,
2417 3407 2610 3470 πάντες
2691 3403 2919 3462 διδακτοὶ
2964 3409 3118 3461 Θεοῦ.
3167 3427 3189 3457 ι
3272 3427 3297 3460 ‹
3333 3402 3429 3460 Καὶ
3484 3402 3584 3479 γὰρ
3640 3413 3854 3457 ποιεῖτε

2206 3497 2356 3559 αὐτό.
2391 3522 2414 3554 ι
2468 3495 2567 3554 Διά
2630 3503 2784 3554 τοῦτο
2840 3493 2939 3572 γὰρ
2982 3493 3041 3549 οὒ
3098 3511 3286 3572 χρειαν
3339 3489 3539 3569 ἔχομεν
3608 3489 3852 3570 γράφειν,

2206 3586 2287 3643 ὅτι
2345 3589 2405 3645 οὗ
2462 3583 2634 3642 δεῖσθε
2689 3588 2787 3649 τῆς
2839 3583 2956 3660 περὶ
3022 3581 3206 3638 τούτου
3273 3579 3645 3655 ὑπομνήσεως,
3718 3576 3861 3633 ἀλλὰ

2207 3687 2414 3733 ποιεῖτε
2443 3674 2592 3735 αὐτό.
2646 3698 2668 3728 ι
2719 3670 2810 3730 Ἐν
2853 3669 2954 3746 ὅλῃ
3001 3675 3069 3745 τῇ
3101 3665 3413 3740 Μακεδονίᾳ.
3453 3687 3475 3716 I
3534 3664 3859 3730 Μακεδονίας

2209 3767 2308 3846 γὰρ
2352 3761 2704 3843 μητρόπολις,
2761 3762 2796 3828 ἡ
2843 3757 3224 3846 Θεσσαλονίκη.
3271 3776 3294 3808 ι
3347 3755 3675 3834 Περισσεύειν
3720 3753 3858 3846 μᾶλ-

2209 3845 2324 3918 λον.
2361 3884 2387 3917 ι
2420 3860 2630 3912 Ποιεῖτε
2661 3851 2780 3926 μένί
2839 3847 2962 3926 ἀλλ⁸
3003 3846 3147 3911 ὅπως
3179 3845 3232 3902 ἐν
3259 3850 3337 3918 τῷ
3365 3858 3541 3902 ποιεῖν
3571 3845 3854 3924 περισσεύ-

2209 3968 2330 4026 ητε,
2396 3945 2484 4000 καὶ
2539 3937 2938 4021 φιλοτιμότερον
3012 3934 3348 4011 μεταδοίητε.
3406 3932 3854 4026 ῌαρακαλκὸῦμεν,

2211 4022 2450 4108 (πένητες
2508 4029 2563 4087 δὲ
2617 4029 2776 4102 ἦσαν,
2830 4032 2936 4084 τῶν
2991 4025 3341 4105 ὑπαρχόντων
3400 4022 3569 4078 αὐτῶν
3626 4023 3862 4102 ἁρπαγέν

2212 4148 2339 4200 των,
2409 4124 2483 4187 ὡς
2567 4115 2676 4174 ἄνω
2733 4116 2948 4198 φησὶν,)
3015 4114 3316 4192 ἐργάζεσθαι
3369 4113 3457 4168 καὶ
3502 4110 3861 4187 μεταδιδόναι.

469 4210 578 4294 xit)
612 4216 676 4270 ut
725 4207 1060 4290 operemini
1113 4215 1172 4269 et
1201 4207 1497 4272 tribuatis.
1543 4231 1569 4264 α
1595 4207 1791 4282 Quieti
1839 4211 1967 4274 sitis
2002 4238 2028 4270 »
2064 4213 2118 4276 In

2217 4238 2241 4270 α
2279 4205 2620 4292 Ἦσυχάζειν.
2670 4235 2693 4266 ι
2757 4204 3184 4294 Φιλοτιμεῖσθαι.
3233 4204 3319 4294 Εἷς
3350 4204 3451 4294 τί
3512 4203 3597 4265 Εἰς
3627 4203 3689 4257 «:5
3714 4203 3861 4294 Δἡρω-

473 4301 587 4362 hoc
617 4296 995 4360 iucumbatis.
1027 4295 1118 4359 Ad
1143 4295 1286 4378 quid
1307 4295 1339 4356 ?
1368 4295 1442 4360 Ut
1466 4296 1652 4378 quieti
1684 4299 1835 4376 sitis,
1862 4313 1920 4363 et
1944 4303 2129 4382 agatis

473 4406 572 4451 res
603 4384 912 4469 proprias;
945 4384 1448 4468 quemadmodum
1481 4389 1534 4448 si
1563 4386 1727 4450 dicas
1755 4408 1768 4453 :
1793 4389 1879 4452 Ne
1911 4392 2130 4472 pudeat

471 4495 576 4542 vos
605 4474 764 4559 quod
795 4493 1094 4557 pauperes
1123 4482 1364 4556 propter
1386 4475 1576 4537 Deum
1606 4476 1740 4538 facii
1769 4479 1924 4553 sitis,
1949 4489 2004 4543 et
2033 4500 2130 4543 res

473 4566 676 4650 gloriae
705 4564 835 4627 loco
886 4565 1004 4626 hoc
1052 4562 1281 4625 ducatis
1325 4563 1483 4644 quod
1515 4564 1715 4646 {quieti
1763 4568 1916 4644 sitis,
1947 4578 2004 4631 et
2032 4589 2130 4632 res

474 4654 747 4741 proprias
776 4651 985 4734 agatis,
1009 4661 1130 4716 etc.
1174 4651 1288 4714 Aut
1337 4651 1726 4734 φιλοτιμεῖσθαι
1777 4657 1896 4719 dici
1926 4659 2126 4722 fratri-

474 4743 895 4811 busbenelicia
909 4749 1191 4826 praestare
1205 4741 1548 4805 ethumanae
1564 4745 1887 4826 suscipere.
1903 4747 2130 4812 Deinde

475 4838 528 4901 si
555 4837 782 4906 dicant,
833 4835 912 4898 At
964 4849 1260 4915 pauperes
1315 4841 1560 4893 sumqu
1615 4852 1820 4896 verum
1883 4857 1990 4916 per
2016 4839 2129 4901 hoc

476 4928 637 5013 quod
669 4923 888 5008 quietis
916 4921 1046 4986 sitis
1075 4941 1144 4986 ac
1177 4921 1574 5013 proprias__res
1619 4923 1825 5002 agitas,
1879 4927 2130 4992 facultas

2209 4289 2510 4387 xéﬁstvnz‘t
2551 4319 2799 4380 πραττειν
2841 4297 2907 4352 τὰ
2965 4293 3101 4368 ἴδια,
3160 4295 3234 4356 ὡς
3284 4293 3345 4348 ἃν
3390 4289 3564 4354 εἴποις
3602 4308 3613 4322 ⁶
3651 4291 3742 4357 Μὴ
3774 4292 3862 4346 αἰ-

2209 4378 2430 4474 σνχύνεθε
2488 4387 2569 4446 ὅτι
2598 4378 2851 4454 Ἵπὲνητες
2896 4383 2981 4440 διὰ
3023 4384 3114 4438 τὸν
3157 4382 3380 4461 Χριστὸν
3424 4379 3698 4458 γεγόνατε,
3758 4378 3864 4434 ἀλ-

2211 4470 2287 4540 λά
2307 4483 2394 4538 καὶ
2451 4477 2751 4559 φιλοτιμίαν
2804 4481 2958 4531 τοῦτο
3006 4473 3256 4565 ᾑγεῖσρε,
3314 4471 3387 4565 τὸ.
3431 4470 3721 4548 ἡσυχάζειν
3777 4470 3866 4565 καὶ

2212 4557 2474 4652 πράττειν.
2510 4567 2578 4624 τὰ
2633 4563 2764 4638 ἴδια,
2824 4565 2912 4620 καὶ
2975 4559 3114 4628 ἑξῆς.
3170 4557 3227 4616 Ἠ
3312 4557 3732 4640 φιλοτιμεῖσθαι,
3805 4561 3868 4614 το

2211 4647 2504 4742 εὗεργετεῖν
2561 4655 2683 4719 τοὺς
2755 4651 3008 4732 ἀδελφοὺς
3078 4650 3191 4742 καὶ-
3221 4647 3648 4742 φιλοφρονεῖσθαί
3678 4668 3867 4742 φησιν,

2213 4735 2374 4831 Εἶτα,
2430 4745 2597 4806 Ἀλλὰ
2649 4741 2876 4809 πένητές
2935 4739 3116 4815 ἐσμεν.
3177 4735 3325 4794 Ἀλλ’
3385 4737 3440 4792 ἐν
3471 4741 3547 4808 τῷ
3575 4736 3871 4816 ἡσυχάζειν

2210 4844 2298 4902 καὶ
2343 4825 2616 4918 πράσσειν,
2689 4833 2842 4911 φησὶ,
2897 4830 2964 4886 τὰ
3015 4825 3180 4918 ἴδια,-
3222 4827 3396 4918 ἔσται-
3427 4825 3748 4918 bptvjzdpo;
3781 4829 3873 4918 χαι

2211 4912 2446 5006 δύναμίς,
2506 4923 2570 4981 δι’
2631 4923 2691 4980 οὗ
2757 4918 3032 4980 κάκείνους
3131 4914 3271 5006 ἕξετε
3323 4912 3748 5006 qtlotipsiqﬁou
3775 4917 3874 4971 καὶ

475 5001 646 5080 vobis
675 5001 789 5076 erit
840 5031 909 5076 ac
963 5001 1252 5093 potestas,
1290 5001 1384 5073 _ut
1439 5009 1558 5071 illis
1613 5001 1852 5095 quoque
1909 5016 2117 5098 largite

2235 5001 2554 5098 εὐεργετεῖν.
2595 5039 2617 5069 ι
2669 5010 2766 5068 Καὶ
2794 5027 3049 5086 πρασσειν
3096 5005 3164 5062 τά
3221 5002 3354 5065 ἴδια.
3392 5032 3416 5065 n
3464 5010 3585 5068 Πῶς
3628 5001 3681 5058 δὲ
3725 5003 3875 5059 ἔσται

480 5104 775 5189 impertiri
835 5120 905 5165 ac
959 5099 1274 5189 beneficia
1313 5114 1595 5180 praestare
1649 5093 1911 5182 possitis.
1978 5093 2025 5160 α*
2075 5107 2118 5171 Ε

2229 5093 2608 5186 ὑμῖν-πένησιν
2661 5101 2797 5171 οὖσι,
2855 5096 2916 5152 τὸ
2971 5093 3416 5175 φιλοτιμεῖσθαι;
3481 5093 3579 5148 Δια
3613 5114 3705 5148 του
3733 5093 3874 5160 ﬁcu-

481 5182 666 5276 agatis
694 5209 792 5254 res
823 5189 1097 5272 proprias
1151 5213 1178 5246 ι
1230 5187 1556 5280 Quomodo
1585 5199 1804 5280 _autem
1839 5195 2116 5277 continge

2227 5182 2436 5280 idicem,
2469 5193 2621 5274 φησὶ,
2651 5189 2745 5245 κπὶ
2801 5207 3053 5267 πραττειν
3096 5185 3161 5240 τὰ
3229 5182 3363 5242 ἴδια.
3443 5184 3581 5242 Εἶτα
3644 5185 3880 5262 ἒφερμη-

477 5283 649 5348 vobis
677 5280 780 5364 qui
810 5296 1102 5362 pauperes
1132 5278 1298 5352 estis,
1324 5286 1388 5337 ut
1435 5277 1700 5341 muniﬁci
1722 5281 1896 5343 sitis?
1942 5285 2022 5347 Ex
2068 5306 2139 5349 eo

481 5373 586 5457 ait,
615 5371 666 5434 si
697 5369 916 5454 quietis
944 5367 1077 5432 sitis
1102 5373 1162 5430 et
1185 5456 1188 5457 ν
1213 5364 1510 5457 pauprias
1543 5384 1641 5429 res
1669 5371 1874 5450 agatis.
1909 5371 2139 5439 Deinde

482 5455 905 5545 interpretans,
935 5459 1057 5524 ait:
1101 5482 1126 5514 ιι
1161 5455 1513 5540 Operemini
1545 5459 1803 5539 propriis
1835 5463 2134 5543 manibus,

603 5620 848 5687 ιηοειι.
881 5636 968 5702 η,
999 5619 1103 5686 45.

2223 5271 2425 5360 νεύων,
2455 5271 2612 5362 φηείν
2648 5296 2661 5311 ⁸
2715 5307 2736 5336 c
2795 5274 3107 5362 Ἐργάζεσρε
3150 5274 3276 5337 ταῖς
3333 5271 3483 5337 ἰδίαις
3542 5275 3748 5353 χερσὶν,
3780 5271 3878 5328 ’ἕνα

2220 5351 2548 5457 περιπαττέιτε
2576 5351 2952 5448 εοῦσχημόνωξ.
2990 5389 3013 5422 ο
3066 5351 3213 5457 (ilva,
3245 5364 3425 5457 φησὶ,
3449 5453 3463 5457 _
3484 5351 3589 5457 μὴξ
3622 5351 3880 5457 ἐιῖχήμο·

2219 5450 2347 5537 νῆτε
2398 5463 2760 5522 ἒπαιτοῦντες.
2823 5464 2986 5518 Τοῦνο
3041 5453 3140 5532 γὰρ
3198 5450 3369 5532 λέγει,
3422 5453 3466 5508 εἰ
3509 5452 3596 5508 καὶ
3627 5451 3876 5532 εὐφημου-
