4188 6424
450 314 516 380 9i
1566 309 1976 373 OECL'MENII
2025 308 2067 369 Τ

2153 303 2322 367 εοείε
2361 306 2693 370 EPISCOPI
2757 401 2760 404 _
3752 307 3834 376 92

445 459 504 512 et
533 451 760 514 mortui
787 452 850 511 in
904 449 1152 512 Christo
1182 455 1497 528 resurgent
1537 447 1846 526 primum:
1881 439 2067 506 deind

2153 461 2265 495 ιται
2299 436 2392 495 ἀπ’
2420 440 2659 516 ο-ὒρανοῠ,
2704 442 2788 496 ταὶ
2817 443 2862 497 οἱ
2891 444 3063 521 νεκροὶ
3104 443 3159 498 ἐν
3204 452 3412 523 Χριστῷ
3443 446 3832 515 ἀναστίσονται

445 558 556 603 nos
613 542 719 620 qui
767 540 1034 602 vivimus
1075 539 1182 617 qui
1223 526 1658 616 reliriquimur,
1714 532 1900 596 simul
1954 549 2067 594 eun

2182 533 2392 607 πρῶτον
2426 544 2440 558 °
2479 526 2658 584 ἔπειτα
2691 531 2736 584 οἱ
2767 535 2960 600 ζῶντες
2993 531 3154 605 ἡμεῖς
3188 535 3234 588 οἱ
3263 531 3689 611 περιλειπόμενοι
3721 535 3839 609 ἅμα

446 627 572 690 illis
599 617 921 708 rapiemur
950 630 1013 688 in
1047 625 1309 688 nubibus
1338 627 1403 686 in
1432 641 1742 686 ocrursum
1768 621 2013 684 Deniini
2036 638 2067 681 η

2185 619 2274 673 σὺν
2307 617 2489 681 αὐτοῖς
2539 617 2957 696 ἁρπαγησόμεθα
3001 619 3056 675 ἐν
3099 619 3358 700 νεφέλαις,
3409 624 3483 686 εἷς
3540 624 3837 691 ἀπάντησιν

443 735 592 780 σενα
629 706 731 780 :et
762 722 849 780 sic
875 733 1116 796 semper
1143 732 1276 776 cum
1315 713 1570 800 Domino
1603 713 1858 775 erimus.
1881 712 2067 772 Proin

2182 713 2274 762 τοῦ
2301 706 2484 800 Κυρίου
2529 707 2600 770 είς
2644 706 2792 784 ἀέρα,
2835 710 2922 763 καὶ
2953 707 3115 775 οὕτως
3145 711 3371 768 πάντοτε
3403 713 3492 767 σὺν
3529 712 3696 790 Κυρίῳ
3723 713 3841 769 ἐσό-

441 805 518 866 de
545 802 945 868 consulemini
969 794 1074 866 vos
1101 809 1313 865 mutuo
1343 803 1408 864 in
1435 799 1633 864 verbis
1660 800 1774 862 his.

2183 797 2339 870 μεθα.
2399 794 2550 851 Ὠστε
2580 794 2943 873 παρακαλεῖτε
2973 795 3240 869 ἀλλήλους
3271 799 3324 856 ἐν
3353 814 3473 866 τοῖς
3503 799 3686 879 λόγοις
3701 802 3835 859 τού-

2179 904 2312 946 τοις.
2345 911 2369 941 1

524 984 797 1061 Magnum
830 982 1099 1043 dicturus
1130 988 1254 1042 erat
1282 979 1654 1060 mysterium,
1691 987 1748 1040 et
1781 986 2067 1060 proptere;

2187 970 2406 1061 ἡΜέγα
2450 970 2640 1061 ἔμελλε
2683 971 2857 1061 λέγειν
2913 976 3227 1056 μυστήριον,
3287 977 3376 1033 καὶ
3418 975 3503 1034 διὰ
3557 985 3713 1037 τοῦτο
3768 981 3831 1036 τὸ

442 1079 506 1134 ut
530 1057 674 1134 lides
695 1070 1082 1133 adhiberetur
1108 1057 1460 1132 observavit.
1479 1067 1606 1130 Non
1632 1057 1854 1142 noster,
1878 1057 2067 1148 inquit

2176 1057 2474 1159 ἀξιόπιστον
2533 1059 2979 1159 ἐφύλαξεν..οὖχὶ
3009 1062 3292 1159 ᾖμὲτερσις,
3327 1068 3597 1159 φησὶνηὸ
3640 1066 3824 1147 λόγος,

440 1179 638 1221 sermo
669 1168 779 1233 est,
814 1161 916 1220 sed
948 1159 1204 1222 Domini.
1242 1180 1268 1218 ι
1302 1158 1366 1219 In
1395 1157 1575 1219 verbo
1595 1157 1852 1220 Domini.
1888 1183 1910 1215 υ
1941 1147 2067 1218 For-

2175 1147 2311 1204 ἀλλά
2338 1157 2429 1206 τοῦ
2495 1151 2702 1229 Κυρίου.
2744 1172 2766 1201 ι
2819 1149 2909 1208 Ἐν
2963 1150 3108 1231 λόγῳ
3168 1155 3377 1233 Κυρίου,
3438 1183 3460 1212 ι
3528 1147 3680 1221 Ἰσως
3737 1159 3830 1213 καὶ

441 1249 612 1311 tassis
643 1249 821 1310 etiam
855 1250 966 1310 huc
998 1268 1179 1309 unum
1214 1257 1338 1308 erat
1368 1265 1720 1308 arcanorum
1757 1267 1770 1307 :
1830 1265 1949 1308 non
1977 1265 2067 1308 au-

2172 1245 2324 1295 τοῦτο
2366 1239 2422 1295 ἓν
2465 1239 2530 1306 ἧν
2574 1240 2678 1297 τῶν
2722 1237 2987 1334 ἀρῤήτθων.
3022 1242 3202 1298 Πάντα
3231 1240 3285 1298 δὲ
3328 1244 3422 1300 οὒκ
3467 1243 3587 1314 ἐξῆν
3624 1265 3640 1280 °
3673 1253 3830 1304 τοῦτο

441 1345 559 1400 tem
591 1338 794 1399 omnia
823 1337 1018 1418 eloqui
1073 1338 1299 1399 licitum
1362 1345 1510 1410 erat,
1565 1337 1669 1398 sed
1726 1335 1878 1398 bene
1906 1335 2058 1397 istud

2171 1323 2227 1382 δὲ
2295 1325 2416 1395 ἐξῆν
2472 1326 2726 1395 λαλῆσαι,
2788 1357 2811 1388 ι
2875 1323 2980 1386 "Ott
3036 1332 3222 1406 ἡμεῖς.
3274 1355 3297 1384 ι
3362 1335 3435 1390 06
3483 1336 3600 1413 περὶ
3645 1335 3830 1392 ἑαυτοῦ

447 1449 470 1483 ιι
506 1426 674 1500 Quod
708 1447 840 1504 nos,
882 1453 903 1484 ο
939 1416 1096 1489 Non
1155 1428 1230 1488 de
1288 1427 1486 1506 seipso
1547 1427 1658 1487 hoc
1693 1425 1858 1505 dicit,
1894 1443 2067 1506 nequi

2171 1417 2321 1472 τοῦτό
2365 1438 2550 1495 φησιν.
2612 1421 2684 1476 Οὐ
2718 1418 2817 1496 γάρ
2859 1416 3048 1492 ἔμελλε
3106 1426 3204 1496 ζῇν
3249 1425 3566 1496 σωματικῶς
3596 1422 3697 1488 ἕως
3729 1424 3830 1480 τό·

439 1517 602 1578 enim
633 1503 921 1596 usquead
973 1517 1028 1577 id
1091 1526 1324 1597 tempus
1383 1503 1774 1595 corporaliter
1829 1503 2067 1575 victuro:

2168 1525 2250 1584 τε,
2321 1504 2457 1561 ἀλλά
2516 1503 2677 1584 λόγου
2731 1507 2891 1586 χάριν
2949 1509 3010 1563 τὸ
3067 1509 3252 1565 ἑαυτοῦ
3316 1508 3459 1589 λέγει
3517 1512 3826 1591 πρόσωπον.

435 1613 583 1680 erat,
643 1606 744 1666 sed
805 1625 971 1666 suam
1031 1596 1342 1686 personam
1401 1603 1566 1666 verbi
1627 1623 1804 1665 causa
1838 1605 2062 1684 profert

2171 1610 2202 1650 (
2249 1596 2309 1650 Οἱ
2350 1600 2567 1664 ζῶντες.
2604 1622 2626 1654 ι
2665 1600 2870 1658 Ζῶντας
2914 1596 3007 1659 τὰς
3041 1598 3245 1676 ψυχὰς,
3287 1600 3610 1674 κοιμηθέντα
3652 1599 3706 1656 δὲ
3762 1601 3829 1656 τὰ

442 1717 465 1750 α
494 1693 602 1766 Qui
627 1693 896 1758 vivimus.
929 1720 950 1752 ο
983 1681 1196 1756 Vivere
1217 1693 1361 1754 dicit
1387 1693 1639 1766 animas,
1685 1681 1854 1752 dorm
1884 1711 1948 1753 re
1979 1711 2067 1753 ve-

2169 1681 2392 1758 σώματα
2443 1681 2612 1760 λέγει.
2660 1685 2766 1741 Οὔκ
2810 1683 2870 1740 ἂν
2925 1683 3013 1741 οὖν
3082 1683 3419 1765 προλάϐωσιν
3483 1691 3534 1744 αἱ
3591 1689 3763 1768 ψυχαί
3806 1705 3819 1718 ⁶

433 1801 504 1844 ro
525 1802 792 1862 corpora.
836 1782 1216 1864 Nequaquam
1261 1783 1436 1862 igitur
1457 1791 1820 1845 antevertent
1845 1782 2078 1855 animae,

432 1871 536 1932 sed
571 1873 827 1952 primum
864 1873 1276 1934 excitabuntur
1325 1891 1597 1951 corpora,
1653 1881 1708 1933 ut
1743 1871 1956 1933 animae
1984 1872 2086 1933 illa

427 1969 733 2024 resumant
752 1979 764 2024 :
783 1981 931 2041 quas
948 1962 1123 2023 etiam
1140 1961 1492 2040 relinquidd
1508 1961 1548 2021 it
1565 1969 1806 2042 propter
1827 1961 1904 2022 im
1917 1980 2078 2023 mor-

431 2049 739 2111 talitatem.
776 2049 903 2114 Nisi
931 2051 1092 2112 enim
1126 2051 1199 2111 de
1245 2050 1556 2112 animabus
1603 2051 1838 2112 locutus
1895 2060 2076 2127 esset,

429 2157 801 2220 nequaquam
830 2139 1108 2202 dixisset:
1172 2139 1291 2202 Nos
1344 2141 1445 2221 qui
1477 2139 1726 2202 vivimus
1757 2139 1855 2220 qui
1887 2140 2074 2202 relin-

427 2228 688 2309 quimur,
715 2248 848 2290 cum
875 2229 1049 2290 etiam
1077 2233 1401 2292 moriturus
1425 2238 1600 2291 esset.
1621 2229 1720 2291 Ait
1752 2249 1890 2307 ergo
1919 2251 1933 2310 ;
1963 2229 2081 2291 Nos

428 2317 644 2378 anima;
672 2317 940 2380 viventes
973 2339 1348 2400 nequaquam
1374 2337 1625 2398 corpora
1641 2327 2080 2381 anteverlemus

426 2405 486 2466 in
512 2407 979 2488 resurrectione,
1013 2407 1114 2468 sed
1151 2427 1265 2469 uua
1291 2428 1422 2469 cum
1458 2408 1604 2487 ipsis
1637 2409 2077 2470 resurrectione

427 2500 716 2560 truemur.
746 2495 829 2557 Ita
863 2497 1040 2558 habet
1071 2497 1238 2558 divus
1287 2497 1620 2560 Methodius
1654 2495 1804 2556 libro
1843 2498 1925 2557 De
1966 2515 2076 2558 ru-

423 2587 820 2648 surrectione.
871 2587 999 2645 I74
1034 2606 1063 2645 ι
1097 2585 1208 2658 Qui
1241 2585 1664 2665 delinquimur.
1707 2609 1727 2639 η
1768 2583 2072 2664 Siquidem

427 2672 530 2752 qui
565 2681 705 2734 tunc
737 2673 847 2733 vivi
878 2674 1277 2754 reperientur,
1329 2675 1385 2735 in
1431 2683 1647 2754 puncto
1673 2673 1977 2753 temporis,
2015 2673 2074 2734 in

427 2772 726 2824 momento
744 2763 897 2824 oculi
937 2763 1432 2842 immutabuntur,
1474 2762 1980 2843 quemadmodum
2012 2761 2073 2823 in

425 2850 622 2930 priore
642 2851 712 2910 ad
737 2851 1075 2914 Corinthios
1100 2853 1361 2934 Epistula
1385 2853 1526 2914 dicit
1544 2854 1621 2913 15.
1654 2853 2072 2931 «Nequaquam

425 2939 878 3019 praeveniemus.
922 2967 944 3000 ι
973 2941 1116 3003 Nam
1151 2945 1431 3022 φοὶτωμεν
1463 2941 1714 3002 sumitur
1741 2941 1870 3001 loco
1902 2959 2070 3000 com-

2166 1778 2372 1850 πρῶτον
2422 1773 2522 1851 γὰρ
2565 1771 2923 1851 ἐγείρεταιτά
2967 1774 3214 1850 σώματα,
3273 1776 3367 1832 ’ίνα
3425 1778 3553 1833 αὖτά
3611 1777 3823 1834 ἀπολά-

2165 1857 2328 1916 ϐωσιν
2385 1864 2436 1918 αἱ
2495 1863 2690 1942 ψυχαὶ,
2738 1864 2798 1927 ἃς
2853 1863 2941 1918 καὶ
2987 1863 3484 1942 περιλιμπάνεσθαι,
3532 1868 3686 1947 φησὶ,
3733 1865 3822 1922 διὰ

2163 1951 2224 2006 τὸ
2267 1949 2544 2010 ἀθάνατον.
2579 1953 2650 2008 0-3
2685 1952 2784 2030 γὰρ
2829 1951 2890 2008 ἂν
2935 1953 2978 2008 εἰ
3009 1953 3086 2028 μὴ
3116 1954 3235 2030 περὶ
3283 1958 3476 2034 ψυχῶν
3507 1954 3684 2034 ’έλεγεν
3729 1957 3817 2012 εἶ-

2163 2059 2230 2094 πε
2261 2041 2344 2112 τὸ,
2385 2031 2576 2114 Ἠμεῐς
2634 2042 2680 2096 οἳ
2709 2047 2901 2111 ζῶντες
2945 2045 2992 2124 οἱ
3049 2031 3500 2124 περιλείπόμεννοι,
3559 2031 3816 2116 τελευτή-

2164 2148 2272 2184 σειν
2329 2111 2564 2204 μέλλων.
2622 2126 2777 2207 Λέγει
2809 2129 2923 2210 οὖν,
2957 2111 3062 2187 ’δτι
3092 2111 3138 2185 oi.
3167 2111 3358 2202 ζῶντες
3417 2135 3470 2188 αἱ
3487 2111 3689 2213 ψυχαὶ,
3726 2111 3821 2190 οάκ

2164 2215 2226 2272 ἂν
2278 2217 2343 2272 τά
2402 2218 2622 2292 σώματα
2653 2218 3038 2296 προφθάσωμεν
3096 2217 3149 2274 ἐν
3193 2225 3260 2296 τῇ
3316 2220 3623 2297 ἀναστάσει,
3685 2221 3820 2278 ἀλλά

2163 2304 2282 2381 μετ’
2347 2305 2516 2362 αὒτῶν
2585 2311 2683 2373 τῆς
2749 2306 3089 2373 ἀναστάσεως
3161 2307 3482 2384 τευξώμεθα,
3543 2308 3724 2374 Οὕτως
3788 2314 3816 2368 6

2164 2393 2218 2449 ἐν
2250 2395 2418 2473 ἁγίοις
2465 2392 2739 2468 Μεθόδιος,
2772 2394 2826 2450 ἐν
2869 2403 2946 2470 τῷ
2994 2417 3017 2448 ι
3052 2398 3174 2475 Περὶ
3205 2397 3542 2462 ἀναστάσεως
3592 2421 3613 2449 I
3648 2398 3816 2476 λόγῳ.

2169 2506 2197 2537 α
2228 2487 2287 2541 Οἱ
2318 2481 2770 2562 περιλειπόμενοι.
2811 2510 2835 2543 ι
2872 2484 3002 2542 Τότε
3053 2486 3152 2564 γάρ
3183 2488 3228 2542 οἱ
3273 2487 3634 2564 εὑρισκόμενοι
3677 2495 3818 2560 ζῶν-

2160 2592 2273 2646 τες,
2319 2570 2372 2626 ἐν
2402 2571 2608 2646 ἀτόμῳ,
2644 2571 2699 2627 ἐν
2742 2572 2872 2649 ῥιπῇ
2920 2572 3193 2653 ὀφθαλμοῦ
3248 2573 3666 2653 ἀλλαγήσονται,
3739 2579 3813 2640 ὡς

2158 2659 2212 2714 ἐν
2255 2665 2324 2736 τῇ
2380 2661 2506 2737 πρὸς
2541 2661 2834 2739 Κορινθίους
2879 2661 3065 2738 πρώτῃ
3123 2663 3303 2741 φησίν.
3340 2682 3365 2713 α
3431 2662 3502 2720 0'3
3544 2664 3623 2738 μὴ
3678 2665 3811 2742 φθά-

2157 2771 2358 2828 σωμεν,
2443 2749 2703 2822 τουτέστι,
2807 2750 3214 2828 προφθάσωμεν,
3303 2771 3326 2802 ι
3431 2751 3803 2831 προλάϐωμεν.

2160 2837 2378 2906 Ἐπειδὴ
2435 2840 2534 2916 γὰρ
2599 2839 2816 2918 εὐχερὲς
2885 2837 3076 2913 ἐδόκει,
3137 2855 3255 2904 τοῖς
3311 2841 3430 2898 τότε
3489 2842 3807 2922 φθασθέντας

2157 2927 2210 2985 ἐν
2267 2935 2404 3005 ζωῇ,
2460 2926 2782 3007 ἀλλαγέντας
2839 2927 2894 2984 ἐν
2952 2929 3082 3006 ῥιπῇ
3140 2929 3408 3010 ὀφθαλμοῦ
3477 2933 3808 3010 ἁρπασθῆναι

426 3028 599 3118 positi
657 3032 1062 3110 προφθάσωμεν,
1126 3018 1182 3092 id
1241 3041 1330 3092 est
1388 3041 1848 3091 antevertemus.
1908 3028 2067 3101 Quu-

2157 3018 2291 3098 ἤπερ
2333 3019 2454 3082 τοὺς
2488 3018 2631 3074 κόνιν
2668 3018 2980 3097 γεγονότας,
3027 3021 3215 3097 φησὶν,
3263 3019 3342 3076 ὅτι
3401 3023 3448 3076 οἱ
3499 3021 3690 3092 ζῶντες
3750 3023 3810 3078 ο”›

424 3115 580 3178 niam
615 3108 781 3178 enim
802 3119 1135 3199 promptius
1166 3120 1494 3192 sidcbatur,
1533 3128 1593 3180 ut
1625 3120 1663 3179 ii
1695 3118 1793 3198 qui
1827 3118 1898 3177 ad
1926 3126 2066 3178 tem-

2155 3108 2234 3183 μὴ
2292 3109 2630 3188 προφθάσωσι
2714 3109 2835 3169 τοὺς
2907 3109 3349 3199 τελευτήσαντας,
3411 3111 3642 3177 τοσαύτη
3715 3132 3809 3166 τω

423 3223 533 3286 pus
559 3207 728 3267 vitam
764 3208 1208 3288 pruduxissmt,
1245 3211 1302 3270 in
1341 3217 1638 3270 momento
1671 3208 1825 3268 oculi
1861 3210 2071 3270 immu-

422 3295 522 3355 tati
559 3307 934 3376 raperentur,
969 3319 1145 3379 qutm
1177 3299 1235 3360 lii
1266 3299 1366 3378 qui
1387 3298 1508 3379 jam
1533 3298 1842 3360 iucinen-s
1869 3305 2071 3358 essent

417 3383 667 3457 redacti,
689 3385 832 3448 dicit
849 3387 1004 3468 quod
1026 3387 1294 3449 videntes
1311 3407 1680 3468 nequaquam
1709 3385 2069 3465 praavenient

417 3489 521 3532 eos
569 3481 857 3553 mortuos,
923 3483 1080 3536 tanta
1135 3476 1252 3539 erit
1311 3477 1575 3556 potenlia
1634 3475 2062 3539 resuscitantis.

426 3582 448 3614 ι
487 3558 775 3632 Quoniam
810 3561 939 3643 ipse
972 3563 1278 3628 Dominus.
1312 3591 1334 3622 υ
1366 3566 1610 3628 Causam
1645 3563 1784 3624 dicit
1819 3583 1925 3624 cur
1947 3583 2066 3624 non

421 3648 538 3709 sint
573 3652 926 3728 praeventuri
987 3671 1090 3715 eos
1143 3654 1241 3735 qui
1301 3654 1465 3735 prius
1517 3654 1732 3714 mortui
1765 3662 1954 3714 erant.
2003 3691 2066 3700 —

421 3762 445 3796 ιι
474 3739 757 3818 lnjussu.
789 3765 811 3798 ι)
836 3741 1023 3805 Simul
1047 3753 1105 3804 ut
1130 3745 1258 3824 ipse
1280 3745 1542 3822 jusserit,
1573 3753 1630 3805 et
1676 3743 2068 3822 archangelus

415 3845 622 3889 vocem
655 3829 948 3911 emiserit,
1007 3852 1075 3894 ac
1136 3833 1290 3895 tubae
1344 3833 1676 3907 sonucrint,
1715 3833 2061 3895 descendet.

409 3914 588 3977 Jubet
617 3917 857 3998 quidem
892 3919 1200 3994 Dominus,
1235 3935 1291 3983 et
1328 3939 1472 3984 voce
1526 3921 1649 3984 edit
1679 3922 2068 4000 archangelus

413 4005 648 4084 jussum
681 4007 1058 4071 Dominicum
1095 4031 1105 4069 :
1171 4029 1502 4090 sonumque
1562 4010 1839 4071 emittunt
1870 4008 2066 4071 cazteri

418 4093 662 4157 ordines
691 4097 985 4173 caelestes,
1019 4119 1168 4180 quos
1200 4101 1505 4178 ﬁgurative
1559 4098 1728 4160 tubas
1784 4099 2064 4178 appellat,

421 4183 919 4260 quemadmodum
947 4188 1120 4248 etiam
1145 4208 1355 4249 sonum
1392 4189 1573 4250 edere
1594 4186 1736 4248 dicit
1762 4208 1773 4244 :
1809 4188 1908 4247 sed
1945 4190 2066 4250 Do-

419 4269 616 4331 minus
647 4271 912 4352 quidem,
944 4276 1120 4336 veluti
1157 4275 1434 4351 diximus,
1455 4276 1648 4357 jubet,
1677 4278 2067 4355 archangelus

2153 3198 2472 3262 ἀνιστῶντος
2529 3199 2564 3264 ἡ
2635 3193 2874 3272 δύναμις,
2946 3220 2972 3251 α
3040 3181 3146 3255 εὈτι
3206 3197 3360 3262 αὐτὸς
3421 3202 3449 3255 6
3513 3199 3720 3279 Κύριος,
3773 3224 3799 3254 ι)

2157 3291 2254 3346 Καὶ
2307 3289 2402 3356 τὴν
2464 3289 2628 3344 αἰτίαν
2705 3286 2848 3367 λέγει
2920 3295 3010 3345 τοῦ
3091 3289 3170 3363 μὴ
3246 3289 3615 3370 προληφθῆναι
3680 3293 3799 3355 τοὺς

2149 3378 2632 3457 προαποθανόντας.
2694 3410 2770 3421 —
2823 3405 2845 3435 ι
2881 3375 2968 3435 Ἐν
3013 3377 3354 3454 κελεύσματι.
3391 3405 3412 3434 ι
3455 3379 3678 3460 [φαικ]
3716 3382 3802 3438 Ἐν

2148 3476 2225 3542 τῷ
2280 3467 2436 3524 αὐτὸν
2466 3465 2733 3541 κελεῦσαι,
2764 3467 2850 3523 καὶ
2906 3467 2960 3523 ἐν
3004 3474 3080 3542 τῷ
3131 3470 3220 3523 τόν
3277 3467 3618 3548 ἀρχάγγελον
3673 3494 3795 3550 φω-

2148 3570 2283 3632 νεῖν,
2345 3558 2434 3613 καὶ
2476 3555 2530 3611 ἐν
2559 3563 2636 3631 τῷ
2694 3558 2786 3622 τὰς
2834 3554 3135 3635 σάλπιγγας
3179 3557 3367 3637 ἠχεῖν,
3413 3556 3795 3628 καταϐήσεται,

2151 3645 2363 3705 Κελεύει
2421 3645 2516 3720 μὲν
2575 3647 2602 3701 6
2661 3645 2868 3723 Κύριος,
2901 3647 2989 3701 καὶ
3048 3648 3219 3724 φωνεῖ
3279 3648 3308 3702 6
3366 3646 3704 3727 ἀρχάγγελος
3736 3672 3795 3704 τ)

2154 3736 2476 3792 Δεσποτικὸν
2543 3733 2830 3809 κέλευσμά,
2879 3735 2967 3790 καὶ
3021 3735 3248 3814 ἠχοῦσιν
3305 3737 3356 3790 αἱ
3413 3735 3568 3792 ἄλλαι
3631 3737 3796 3802 τάξεις

2151 3827 2200 3881 αἱ
2255 3825 2511 3904 οὐράνιαι,
2567 3825 2627 3890 ἃς
2695 3831 2959 3902 τροπικῶς
3012 3824 3309 3902 σάλπιγγας
3378 3824 3559 3899 καλεῖ,
3620 3826 3797 3906 ὥσπερ

2149 3917 2238 3971 καὶ
2279 3917 2341 3971 τὸ
2391 3914 2644 3996 ᾖχοῦσιν,
2700 3912 2816 3969 ἀλλ’
2851 3917 2878 3970 6
2911 3915 3010 3990 μὲν
3043 3915 3252 3994 Κύριος,
3287 3914 3414 3993 ὅπερ
3447 3914 3670 3996 ἔφημεν,
3702 3939 3791 3972 κε-

2150 4003 2314 4066 λεύει,
2388 3995 2445 4061 Ὀ
2519 4002 2572 4060 δὲ
2629 4001 2968 4083 ἀρχάγγελος
3024 4005 3084 4058 τὸ
3158 3995 3494 4060 Δεσποτικὸνγ
3536 4003 3802 4081 κέλωσμα

2152 4095 2340 4169 μηνύει
2395 4107 2512 4158 τοῖς
2583 4091 2670 4149 ὑπ’
2743 4095 2925 4172 αὐτὸν,
2986 4095 3033 4149 οἱ
3099 4091 3153 4147 δὲ
3242 4090 3568 4152 διακονοῦσιν
3650 4097 3796 4167 αὐτὸ,

2150 4185 2238 4240 καὶ
2281 4180 2559 4263 διηχοῦσιν
2629 4183 2702 4246 εἷς
2754 4182 2819 4238 τά
2861 4187 2951 4239 τοῦ
2981 4182 3184 4258 κόσμου
3214 4181 3435 4261 πέρατα.
3501 4185 3598 4240 Καὶ
3630 4187 3677 4240 οἱ
3708 4207 3798 4239 νε-

2149 4274 2262 4353 κροὶ
2305 4275 2352 4329 οἱ
2383 4272 2483 4366 ἐκ..
2499 4273 2675 4338 πάσης
2715 4276 2812 4338 τῆς
2870 4270 3184 4346 οἰκουμένης
3214 4270 3514 4328 ἀνίστανται
3543 4273 3632 4329 καὶ
3673 4295 3799 4329 συν-

419 4377 554 4419 vero
617 4362 993 4424 Dominicum
1044 4366 1277 4444 jussum
1341 4367 1570 4427 nuntiat
1614 4365 1727 4427 sibi
1759 4366 2058 4428 subditis:

2153 4363 2391 4441 άγονται.
2459 4359 2579 4440 Ὀρα
2608 4359 2664 4416 δὲ
2696 4367 2811 4424 πῶς
2866 4360 3066 4442 εὐφυῶς
3125 4363 3213 4418 καὶ
3264 4359 3606 4440 λεπτομερῶς
3661 4363 3796 4419 ὑπο-

417 4466 592 4528 purro
627 4449 685 4510 hi
716 4451 1134 4513 administrant
1174 4453 1392 4534 ipsum,
1448 4465 1504 4516 et
1537 4470 1721 4535 usque
1751 4453 1822 4514 ad
1858 4453 2064 4515 mundi

417 4540 705 4600 terminos
735 4538 1032 4604 intonant.
1068 4542 1136 4603 Et
1197 4544 1410 4604 mortui
1459 4553 1744 4624 quotquot
1803 4551 1941 4602 sunt
1991 4561 2059 4606 ex

415 4626 516 4687 uni
529 4646 692 4688 verso
708 4629 875 4709 orbe,
893 4648 1158 4709 resurgut
1192 4640 1290 4694 tac
1305 4641 1765 4714 congregantur.
1786 4632 2064 4692 Animad-

413 4725 574 4778 verte
602 4728 798 4780 autem
860 4738 1033 4800 quam
1089 4721 1236 4783 scite
1293 4741 1364 4784 ac
1419 4722 1716 4782 subtiliter
1764 4719 2066 4782 describat

414 4816 783 4868 mortuorum
803 4810 1308 4873 resurrectionem
1325 4867 1330 4874 ,
1349 4831 1466 4893 quo
1479 4811 1814 4872 auditurum
1841 4809 2058 4870 menti-

415 4893 526 4957 bus
579 4899 762 4976 magis
819 4898 1212 4980 imprimatur.
1256 4926 1277 4958 ιι
1317 4901 1380 4963 In
1413 4921 1554 4963 voce
1613 4899 1990 4978 Artliangcli.
2030 4926 2054 4955 ι

412 4983 628 5046 Vocem
679 4987 824 5048 dicit
878 4990 1218 5068 archangeli
1279 5011 1395 5071 qua
1449 4992 1520 5052 ad
1578 4990 2060 5069 congregwndum

413 5072 696 5152 subjectis
755 5077 1056 5158 praecipiat
1112 5081 1358 5156 augehs,
1441 5090 1504 5141 ut
1557 5099 1766 5140 omnes
1825 5083 2064 5158 pa-atos

412 5163 515 5222 red
543 5165 661 5223 lant
691 5171 964 5246 tanquam
1000 5169 1569 5249 ath-nientejudice
1626 5167 1931 5250 Siquidem
1965 5175 2048 5238 ut,

412 5270 560 5330 quos
616 5255 865 5334 accepit.
930 5263 1084 5317 terra
1161 5260 1373 5321 reddat
1431 5259 1488 5320 in
1551 5257 2054 5320 immortalitatem

411 5351 825 5420 commutatus,
886 5343 942 5404 id
1004 5346 1224 5408 Christi
1285 5359 1641 5430 prmceptmn
1703 5346 1929 5409 el'licit:
1993 5351 2056 5405 ut

409 5436 604 5492 autem
658 5433 757 5513 qui
816 5433 887 5494 ad
950 5443 1246 5514 postrema
1305 5458 1493 5520 usque
1551 5437 1754 5502 mundi
1810 5436 1941 5500 loca
1969 5432 2054 5496 di-

492 5596 591 5663 ¹³Ι
623 5602 738 5669 Cor
772 5621 871 5680 xv,
905 5603 1004 5666 52.

2152 4453 2339 4534 γράφει
2394 4453 2494 4520 τὴν
2536 4459 2638 4508 τῶν
2697 4454 2892 4532 νεκρῶν
2937 4453 3244 4528 ἀνάστασιν,
3290 4453 3379 4508 ’ίνα
3423 4452 3626 4530 μᾶλλον
3674 4469 3796 4519 ταῖς

2151 4548 2257 4598 τῶν
2289 4541 2561 4621 ἀκροατῶν
2591 4539 2682 4607 εἴη
2714 4539 3117 4617 ἐντετυπωμένη
3148 4539 3422 4606 διανοίαις,
3463 4568 3483 4598 ι
3513 4539 3602 4599 Ἐν
3643 4552 3794 4624 φωνῇ

2153 4629 2511 4711 ἀρχαγγέλου,
2553 4649 2575 4678 ι
2641 4631 2837 4699 Φωνὴν
2900 4630 3240 4711 ἀρχαγγέλου
3296 4634 3446 4708 φησὶ,
3499 4633 3598 4699 τὴν
3627 4631 3712 4689 ἐπὶ
3747 4638 3797 4691 ·.ὸ

2148 4723 2390 4800 συνάγειν
2442 4720 2782 4799 τεταγμένοις
2841 4719 3088 4798 ἀγγέλοις
3157 4720 3596 4800 ἐγκελευομένην,
3656 4726 3796 4780 πάν-

2145 4835 2240 4875 τας
2300 4811 2542 4886 ἑτοίμους
2601 4823 2800 4890 ποιεῖν,
2860 4812 2934 4873 ῶς
2990 4820 3080 4869 τοῦ
3129 4819 3308 4890 κριτοῦ
3365 4815 3680 4894 φθάσαντος,
3729 4826 3798 4872 Τ)

2147 4902 2243 4976 μὲν
2288 4901 2387 4979 γάρ
2420 4897 2694 4956 ἀναδοῦναι
2733 4900 2832 4967 τὴν
2861 4904 2963 4978 γῆν
3021 4901 3108 4964 οὒς
3169 4899 3379 4966 ἐδέξατο
3437 4902 3490 4958 ἐν
3546 4903 3802 4984 ἀφθαρσά

2145 4988 2593 5066 μεταϐληθέντας,
2620 4991 2681 5045 τὸ
2725 4987 2989 5063 κέλευσμα
3021 5005 3168 5046 ποιεῖ
3195 5002 3286 5050 τοῦ
3317 4999 3563 5072 Χριστοῦ.
3617 4997 3687 5052 Τὸ
3745 4993 3799 5048 δέ

2144 5081 2264 5143 τοὺς
2297 5080 2367 5142 εἷς
2395 5081 2488 5141 τὰς
2522 5077 2778 5159 ἐσχατιὰς
2829 5088 2920 5138 τοῦ
2974 5079 3175 5156 κόσμου
3233 5079 3663 5163 διεσπαρμένους,
3725 5085 3797 5147 εἰς

2145 5171 2199 5227 ἓν
2229 5171 2580 5248 συναχθῆναι,
2637 5165 2852 5246 ἄγγελοι
2895 5171 3402 5248 παρασκευάζουσιν,
3460 5171 3798 5253 ἀρχαγγέλου

2137 5264 2292 5314 τοῦτο
2323 5255 2756 5336 ἐγκελευομένου.
2800 5287 2820 5316 ιι
2858 5259 2955 5316 Καὶ
2979 5257 3033 5313 ἐν
3064 5259 3320 5339 σάλπιγγι
3353 5269 3509 5324 Θεοῦ.
3573 5282 3596 5313 I
3657 5263 3794 5321 Τού-

2137 5369 2242 5403 των
2274 5345 2377 5432 ἅρα·
2413 5352 2519 5403 τῶν
2564 5346 2873 5426 σαλπίγγων
2930 5348 3091 5412 τύπος
3137 5349 3278 5416 ἦσαν
3322 5353 3373 5407 αἱ
3429 5351 3488 5407 ἐν
3552 5357 3630 5427 τῷ
3685 5352 3792 5432 ὄρει

2139 5425 2480 5499 ΣινᾶςΗΑτε
2535 5437 2634 5516 γὰρ
2686 5435 2946 5513 βασιλέως
2991 5437 3361 5520 ἐφισταμένου,
3396 5440 3613 5506 εἰκότως
3669 5425 3788 5500 σάλς
