4188 6476
450 363 527 430 93

1433 371 1820 437 COMMENT.
1868 372 1953 437 IN
2000 371 2239 435 EPIST.
2289 372 2315 434 Ι
2359 372 2459 435 ΑΒ
2502 370 2870 436 THESSAL.

3757 364 3837 431 94

444 524 633 581 πιγγες
661 503 965 584 ἠχήσουσι.
1018 503 1328 583 Σάλπιγγας
1372 501 1426 561 δὲ
1468 504 1628 564 καλεῖ
1682 506 1776 569 τὰς
1819 506 2082 586 ἀγγελικὰς

2166 506 2384 588 .spersi
2413 516 2577 582 sunt,
2608 506 2667 568 in
2715 525 2902 568 unum
2961 513 3416 587 congregemur,
3467 502 3663 583 angeli
3692 519 3836 584 per-

446 589 717 669 δυνάμεις,
770 591 854 650 ὅτι
918 593 1101 673 ὥσπερ
1169 596 1205 663 ἡ
1263 591 1490 672 σάλπιγξ
1543 592 1689 651 οὐδὲν
1744 593 1880 653 ἴδιον
1944 597 2102 676 ἠχεῖ,

442 678 566 738 ἀλλ’
756 681 822 740 ἂν
851 685 882 740 ὁ
908 665 1164 764 τεχνίτης
1214 665 1506 761 ἐμπνεύση,
1568 682 1732 749 οὕτως
1774 686 1865 742 καὶ
1920 665 2107 746 αἶ’του

443 776 581 827 Θεοῦ
621 770 915 851 σάλπιγγες
980 770 1130 829 ούδὲν
1186 770 1327 831 ἴδιον
1378 771 1649 850 τολμῶσιν
1698 774 1935 854 ἠχῆσαι,
1981 773 2102 831 ἀλλ’

442 857 580 939 ὅπερ
634 859 670 916 ἃ
735 863 912 926 κοινὸς
994 862 1269 929 Δεσπότης
1340 863 1428 919 καί
1486 865 1818 943 Δημιουργὸς
1869 861 1954 920 διὰ
2011 873 2105 924 τοῦ

440 947 788 1028 ἀρχαγγέλου
828 950 1019 1015 αύτοτς
1047 949 1358 1030 ἔγκελεύσῃ.
1396 971 1421 1003 ι
1456 954 1554 1011 Καὶ
1597 955 1645 1010 οἱ
1686 953 1857 1033 νεκροῖ
1886 952 1941 1010 ἐν
1970 960 2103 1032 Χρι-

443 1045 581 1114 στῷ.
644 1060 670 1094 1
730 1043 792 1099 Ol
833 1040 887 1098 ἐν
947 1048 1178 1121 Χριστῷ,
1218 1041 1510 1119 τουτέστιν,
1556 1044 1604 1099 οἱ
1649 1043 1847 1123 πιστοὶ,
1892 1048 2102 1123 πρῶτον

438 1124 854 1211 ἀναστήσονται,
887 1132 935 1187 οἰ
962 1127 1019 1186 δὲ
1048 1128 1224 1188 λοιποὶ
1252 1131 1503 1212 ἔσχατοι,
1534 1132 1608 1196 ὡς
1639 1132 1717 1208 μὴ
1745 1131 2088 1212 ἁρπάζεσθαι,

438 1216 585 1289 μήτε
611 1216 852 1291 ἀπαντᾷν
895 1217 1203 1295 μέλλοντες.

2191 595 2399 658 ﬁciunt
2413 595 2664 676 jubente
2685 596 2799 658 hoc
2822 596 3219 675 Archangelo.
3248 617 3271 650 ι
3300 593 3466 657 Acin
3500 592 3638 655 tuba
3661 591 3831 655 Dei.-

2186 683 2408 747 Harum
2438 702 2584 747 sane
2613 684 2887 747 tubarum
2922 692 3100 766 typus
3145 692 3314 747 erant
3341 701 3476 765 qua)
3502 682 3747 746 fuerunt
3776 681 3835 743 in

2186 782 2389 836 monte
2409 773 2573 837 Sina.
2599 774 2835 838 Etenim
2870 783 3145 854 tanquam
3162 773 3674 856 appropinquante
3696 790 3837 850 rege

2186 863 2400 926 merito
2419 872 2478 925 tu
2489 862 2577 927 ba;
2589 870 2876 927 resonant
2938 862 3135 927 Tubas
3149 871 3343 926 autem
3359 869 3525 924 vocat
3536 859 3835 939 angelicas

2188 960 2531 1034 potestates,
2564 953 2723 1035 quod
2773 952 3277 1034 quemadmodum
3325 949 3468 1013 tuba
3496 948 3647 1012 nihil
3676 950 3830 1030 quod

2184 1058 2354 1104 suum
2387 1050 2477 1105 est
2504 1042 2755 1114 intonat,
2788 1041 2892 1104 sed
2945 1041 3344 1123 quodcunque
3395 1038 3605 1100 artifex
3636 1038 3826 1098 insuf-

2184 1130 2413 1194 flaverit
2444 1150 2457 1195 :
2493 1132 2572 1193 ita
2601 1140 2662 1194 et
2689 1131 2798 1194 Dei
2858 1130 3014 1193 tubae
3071 1129 3220 1192 nihil
3280 1128 3584 1210 proprium
3617 1145 3832 1189 sonare

2184 1229 2567 1301 praesumunt,
2602 1221 2703 1283 sed
2737 1220 3025 1302 quidquid
3077 1218 3413 1282 communis
3444 1217 3729 1279 Dominus
3761 1235 3829 1277 ac

437 1303 731 1369 Conditor
760 1324 869 1389 per
889 1308 1420 1389 archangelumeis
1441 1308 1813 1391 praeceperit.
1853 1330 1877 1366 ι
1903 1308 1977 1372 Et
1996 1309 2212 1372 mortui
2237 1309 2300 1372 in
2328 1311 2589 1373 Christo.
2629 1339 2652 1368 υ
2677 1310 2789 1385 Qui
2811 1310 2870 1372 in
2895 1312 3129 1373 Christo
3154 1317 3317 1385 sunt,
3348 1333 3372 1364 ι
3403 1308 3456 1368 id
3482 1314 3595 1385 est,
3622 1305 3828 1369 ﬁdeles

434 1392 646 1493 primq
663 1404 1004 1478 resurgant,
1037 1400 1238 1462 οἷοωεί
1267 1416 1415 1463 vero
1446 1399 1733 1481 postremi
1754 1406 2033 1482 tanquam
2066 1418 2186 1461 non
2217 1400 2489 1479 rapiendi
2526 1420 2722 1482 neque
2749 1399 2980 1462 obviam
3015 1399 3270 1461 venturi.

523 1512 549 1543 ο
619 1489 827 1545 Ἑπειτα
865 1489 1029 1562 ἡμεῖς
1072 1491 1119 1545 οἱ
1166 1496 1382 1560 ζῶντες,
1435 1510 1461 1543 ι
1509 1490 1655 1546 Μετά
1708 1497 1887 1558 τοῦτο,
1933 1492 2082 1570 φησὶ,

430 1576 525 1631 καὶ
594 1573 701 1633 τῶν
756 1576 967 1649 ζώντων
1018 1578 1108 1635 καί
1152 1577 1685 1657 περιλιμπανομὲνων
1740 1578 1856 1638 ὅσοι
1926 1576 2083 1652 ἄξιοι,

432 1664 552 1739 ἅμα
608 1678 723 1732 τοϊς
805 1665 1339 1745 προτετελευτηκόσιν
1417 1667 1856 1751 ἁρπαγησόμεθα,
1933 1669 2085 1750 φησί.

432 1754 526 1821 Μὴ
598 1754 702 1839 οὗνῄ
749 1758 1007 1831 νομίσητε
1044 1759 1166 1823 τοὺς
1209 1758 1424 1838 νεκροὺς
1472 1756 1920 1839 δυσχερεστέρως,
1955 1758 2089 1838 ἐγεί-

431 1846 638 1922 ρεσθαι,
688 1834 750 1902 Ἠ
780 1847 879 1926 γὰρ
908 1847 1125 1926 ἁρπαγὴ
1153 1847 1267 1922 ἅμα
1305 1834 1478 1909 ἔσται.
1518 1867 1540 1897 ι
1569 1834 1698 1906 --Ἔν
1741 1834 2007 1927 νειρέλαιςξ
2057 1872 2081 1903 τ

424 1930 522 1989 Ἐν
550 1939 631 2008 τῷ
654 1943 749 1994 τοῦ
790 1942 920 1992 Θεοῦ
973 1937 1243 2016 ὀχήματι.
1297 1939 1397 1995 Καὶ
1446 1938 1548 2017 γὰρ
1602 1938 1692 1994 καὶ
1731 1939 1823 1994 τὸν
1863 1938 2086 2019 Χριστὸν

425 2019 625 2103 νερέλη
667 2022 948 2087 ὑπέλαϐεν,
983 2027 1041 2083 Εἰ
1071 2025 1318 2106 ἔρχεσθαι
1374 2023 1429 2082 δὲ
1477 2024 1684 2102 μέλλει,
1743 2027 1793 2083 τί
1833 2024 1898 2098 δή
1956 2048 2086 2083 ποτε

422 2110 747 2205 ξρπᾶζονται
789 2115 836 2172 οἱ
865 2115 1044 2172 πιστοί
1065 2134 1082 2195 ς
1107 2114 1199 2172 ἵνα
1226 2116 1593 2185 ὑπαντήσωσι·
1627 2121 1791 2192 τιμῆς
1822 2114 1877 2172 δὲ
1904 2125 2081 2179 τοῦτο.

442 2201 628 2283 Ὠσπερ
659 2202 763 2282 γὰρ
788 2201 1052 2280 βασιλέως
1078 2205 1152 2269 εἰς
1181 2203 1338 2262 πόλιν
1368 2204 1770 2285 εἰσερχομένου,
1801 2209 1848 2263 οί
1879 2205 1975 2281 μὲν
2005 2205 2086 2263 ἕν-

415 2311 571 2365 τιμοι
609 2292 934 2363 ὑπαντῶσιν,
985 2296 1033 2352 οἱ
1074 2291 1130 2351 δὲ
1161 2292 1435 2352 κατάδικοι
1466 2293 1570 2351 ἔσω
1612 2294 1826 2372 μένουσι
1855 2298 1945 2352 τὸν
1973 2318 2085 2376 κρι-

417 2379 547 2460 τὴν,
593 2378 733 2438 οὕτω
758 2383 849 2439 καὶ
870 2382 992 2440 τότε
1035 2386 1083 2441 οἰ
1135 2384 1230 2459 μὲν
1288 2381 1478 2440 δικαίοι
1534 2383 1875 2463 ἁρπάζονται,
1935 2386 1983 2442 οἱ
2026 2383 2081 2442 δὲ

390 2467 753 2548 ’ἁμαρτωλοὶ,
785 2469 885 2528 κᾶν
914 2473 1093 2531 πιστοὶ
1121 2473 1243 2547 ὦσι,
1276 2471 1540 2548 μένουσιν.
1574 2491 1596 2521 ι
1623 2475 1712 2537 Εἰς
1742 2472 1892 2552 ἀέρα.
1930 2501 1957 2535 ι
1985 2474 2082 2530 Διὰ

418 2556 524 2634 γὰρ
551 2555 784 2638 νεφελῶν
825 2561 900 2624 εἰς
941 2559 1071 2641 ἀέρα
1123 2559 1526 2636 ἀπελεύσονται,
1573 2560 1835 2641 τουτέστι,
1869 2560 2079 2637 μετέω-

417 2667 529 2724 ροι.
582 2670 607 2703 ι
642 2649 876 2705 Πάντοτε
906 2649 1000 2706 σὺν
1032 2651 1203 2731 Κυρίῳ
1252 2649 1502 2726 ἐσόμεθα.
1539 2670 1567 2704 ι
1612 2650 1752 2707 Εἶτα
1801 2647 1946 2729 λέγει
1988 2657 2077 2711 καὶ

415 2734 520 2802 τὴν
551 2734 809 2816 κορωνίδα
850 2743 952 2805 τῆς
983 2739 1401 2817 μακαριότητος,
1434 2739 1497 2795 τὸ
1544 2738 1687 2796 εἶναι
1730 2738 1823 2794 σὺν
1865 2743 2076 2818 Χριστῷ

413 2825 673 2886 πάντοτε.
722 2861 797 2873 -—
842 2825 1051 2909 [ΦΩΤ.Ι
1124 2825 1465 2899 Ἐπιστήσεις
1520 2827 1574 2884 δὲ
1602 2827 1684 2885 ὅτι
1712 2828 1811 2896 τὴν
1836 2828 2072 2885 ἀναστα-

408 2935 497 2970 σιν
539 2913 865 2997 διαγράφων,
928 2921 1023 2976 οὒκ
1062 2916 1301 2994 ἐμνήσθη
1359 2917 1533 2997 ρητῶς
1588 2924 1695 2975 τῶν
1764 2917 1852 2975 ἐπὶ
1905 2941 2074 2994 τιμω-

408 3005 527 3082 ρίαν
596 3007 685 3063 καὶ
740 3005 962 3064 κόλασιν
1017 3006 1402 3084 ἀνισταμένων.
1461 3016 1626 3067 Τοῦτο
1680 3005 1736 3063 δὲ
1799 3006 1884 3064 διὰ
1923 3021 2070 3088 τρεῖς

2259 1489 2393 1550 175
2422 1513 2445 1548 α
2481 1489 2710 1554 Deinde
2739 1509 2848 1552 nos
2877 1492 2977 1570 qui
3032 1488 3304 1552 vivimus.
3348 1513 3371 1543 n
3411 1484 3820 1559 Postmodum,

2169 1577 2385 1659 inquit,
2424 1588 2716 1661 quotquot
2757 1579 2914 1641 inter
2941 1579 3205 1640 viventes
3235 1577 3397 1656 digni
3429 1576 3716 1638 fuerimus
3745 1577 3820 1636 si-

2173 1668 2293 1728 mul
2322 1687 2456 1730 cum
2489 1668 2581 1731 his
2609 1671 2706 1750 qui
2735 1678 2906 1730 antea
2939 1669 3149 1730 mortui
3201 1667 3458 1741 fuerant,
3488 1664 3816 1747 rapiemur.

2173 1759 2380 1838 Neque
2398 1756 2580 1838 igitur
2597 1757 2952 1819 existimetis
2976 1765 3242 1819 mortuos
3282 1754 3586 1819 difﬁcilius
3609 1772 3821 1816 resur-
3893 1755 3904 1766 “

2169 1855 2438 1907 recturos
2466 1865 2482 1927 ;
2506 1846 2682 1907 simul
2709 1845 2870 1907 enim
2888 1845 3002 1908 erit
3023 1845 3291 1907 omnium
3315 1853 3540 1925 raptus.
3561 1865 3584 1899 α
3601 1842 3665 1904 In
3702 1863 3817 1904 nu-

2169 1932 2361 1995 bibus.
2380 1933 2476 1996 nIn
2496 1934 2600 1996 Dei
2614 1934 2907 1997 vehiculo.
2926 1932 3230 2015 Siquidem
3259 1932 3558 1997 Christum
3584 1951 3819 2014 quoque

2170 2021 2779 2104 nubesassumpsit“.
2816 2022 3030 2086 Verum
3044 2023 3093 2084 si
3112 2031 3397 2087 venturus
3418 2030 3528 2092 est,
3555 2024 3613 2081 in
3636 2040 3815 2102 quem

2168 2111 2347 2174 finem
2382 2112 2699 2193 rapiuntur
2728 2112 2933 2176 ﬁdeles
2956 2110 2981 2175 ἲ
3007 2113 3079 2176 Ut
3105 2117 3459 2191 occurrant;
3494 2119 3584 2171 est
3616 2119 3813 2171 alitem

2165 2200 2280 2263 hoc
2300 2201 2563 2264 honoris.
2582 2202 3092 2276 Quemadmodum
3110 2201 3268 2263 enim
3292 2199 3433 2262 dum
3458 2219 3559 2262 rex
3602 2198 3813 2261 civita-

2166 2297 2283 2353 tem
2317 2289 2532 2372 aliqam
2568 2291 2924 2372 ingreditur,
2973 2291 3073 2352 alii
3119 2290 3361 2371 quidem
3395 2289 3581 2367 parati
3613 2307 3818 2351 occur-

2164 2388 2324 2449 runt.
2352 2381 2452 2443 alii
2476 2400 2614 2445 vero
2635 2382 2893 2444 damnati
2920 2382 3186 2462 judicem
3229 2380 3388 2442 intus
3420 2388 3762 2460 exspectant
3794 2399 3807 2440 :

2161 2469 2242 2532 ita
2263 2479 2323 2532 et
2349 2478 2488 2532 tunc
2501 2470 2648 2551 justi
2670 2480 3018 2553 rapientur:
3053 2479 3395 2552 peccatores
3424 2487 3585 2544 vero,
3620 2488 3812 2550 quan-

2161 2578 2339 2640 quam
2359 2559 2822 2641 fidelesfuerint,
2847 2559 3294 2642 exspectabunt.
3329 2583 3352 2617 ι
3379 2557 3445 2620 In
3468 2576 3628 2620 aera.
3656 2582 3679 2616 ι)
3708 2562 3817 2619 t‘er

2162 2648 2352 2710 nubes
2376 2668 2636 2730 namque
2662 2650 2723 2711 in
2740 2648 2939 2712 aerem
2965 2649 3336 2730 pervenient,
3363 2649 3477 2710 hoc
3495 2656 3605 2722 est,
3631 2646 3813 2708 subli-

2159 2757 2309 2803 mes.
2344 2762 2366 2793 ι
2391 2737 2789 2819 Sempercum
2811 2739 3060 2802 Domino
3083 2739 3325 2801 erimus.
3354 2763 3376 2796 ο
3398 2738 3627 2800 Deinde
3646 2738 3810 2798 addit

2158 2835 2217 2888 et
2242 2827 2540 2890 felicitatis
2570 2828 2944 2909 coronidem,
2978 2847 3194 2908 nempe
3242 2846 3487 2909 sempor
3514 2846 3646 2889 esse
3674 2846 3810 2887 cum

2154 2917 2409 2981 Christo.
2434 2952 2501 2962 -—
2528 2917 2985 2981 Animadvertes
3007 2927 3204 2980 autem
3228 2917 3385 3000 quod
3419 2916 3812 2979 resurrectio-

2154 3024 2291 3069 nem
2338 3006 2687 3070 describens
2747 3009 2969 3071 nullam
3027 3007 3167 3070 fecit
3206 3016 3411 3086 aperte
3438 3007 3804 3070 mentionem

406 3095 606 3171 αἰτίας,
636 3096 822 3171 οἶμαι,
852 3108 1022 3155 ποιεῖ.
1057 3097 1272 3177 Πρῶτον
1309 3096 1409 3172 μὲν
1465 3095 1546 3153 ὅτι
1601 3097 2068 3173 παραμυθούμενος

2166 3115 2360 3158 eorum
2390 3098 2491 3178 qui
2522 3098 2595 3159 ad
2632 3099 2989 3179 supplicium
3051 3108 3109 3160 et
3136 3097 3426 3160 ultionem
3456 3106 3777 3174 resurgunt

405 3184 530 3247 τοὺς
561 3183 993 3259 Θεσσαλονικετς,
1054 3186 1156 3254 τὴν
1210 3185 1549 3251 ἀναστάσεως
1607 3186 1950 3262 μνημονεύει.
1997 3189 2070 3244 05

404 3270 548 3329 θέλω
615 3273 717 3354 γὰρ
785 3275 946 3350 ὑμᾶς,
1047 3276 1200 3356 φησὶ,
1284 3276 1404 3354 περὶ
1470 3281 1576 3332 τῶν
1661 3274 2069 3352 κεκοιμημένων

406 3362 650 3442 ἀγνοεῖν,
694 3364 790 3421 Ἵνα
835 3365 912 3441 μὴ
968 3363 1224 3433 λυπῆσθε.
1280 3369 1390 3425 Οὔκ
1446 3363 1547 3422 ἔδει
1601 3365 1689 3422 οὖν
1731 3368 2065 3442 παραμυθεῖ-

402 3455 525 3509 σθαι
581 3451 871 3535 μέλλοντα,
914 3455 1290 3534 καταμιγνύειν
1359 3455 1427 3512 τὰ
1478 3454 1779 3534 σκυθρωπά.
1842 3457 2064 3521 Ποταπὴ

403 3541 514 3622 γὰρ
582 3542 945 3626 παράκλησις,
1034 3543 1262 3624 τιμωρία
1344 3545 1433 3602 καὶ
1499 3542 1719 3607 κόλασις
1791 3541 2060 3617 διηνεκὴς,

401 3633 494 3689 καὶ
546 3633 761 3713 σκότος,
813 3635 903 3691 καὶ
959 3632 1193 3702 σκώληξ,
1256 3635 1346 3691 καὶ
1389 3640 1533 3715 πῦρ;
1592 3631 1805 3690 Μᾶλλον
1844 3632 1941 3708 μὲν
1971 3633 2060 3691 οὗν

2152 3184 2214 3247 Id
2247 3195 2444 3249 autem
2478 3187 2554 3249 ob
2588 3196 2732 3267 tres,
2768 3199 2833 3250 ut
2862 3189 3098 3269 epinor,
3123 3204 3332 3251 causas
3351 3185 3510 3248 facit.
3536 3185 3799 3246 Primum

2150 3275 2390 3355 quidem
2426 3277 2582 3357 quod
2618 3286 2681 3337 ut
2709 3276 3282 3339 Thessalonicenses
3310 3274 3672 3354 consoletur,
3702 3293 3803 3335 re-

2147 3364 2537 3427 surrectionis
2564 3366 2841 3430 meminit
2864 3389 2876 3428 ;
2904 3366 3050 3428 Nolo
3071 3366 3230 3428 enim
3256 3385 3358 3427 vos
3380 3365 3674 3445 ignorare,
3697 3364 3804 3443 ait,

2146 3454 2223 3517 de
2251 3455 2349 3516 his
2377 3454 2478 3536 qui
2508 3453 2982 3530 obdormierunt,
3014 3475 3089 3518 ne
3126 3454 3455 3518 moerealis.
3490 3452 3617 3515 Non
3660 3471 3802 3530 ergo

2148 3560 2283 3605 eum
2312 3546 2412 3626 qui
2436 3546 2904 3607 consolationem
2927 3547 3383 3609 eratallaturus.
3419 3538 3609 3606 tristia
3664 3561 3801 3623 per-

2147 3634 2401 3696 miscere
2432 3635 2714 3716 oportuit.
2771 3634 2971 3708 Qualis
3020 3635 3182 3698 enim
3225 3635 3436 3697 fuisset
3478 3633 3803 3697 consolatio

399 3721 447 3777 εί
504 3722 597 3778 καὶ
666 3722 831 3785 οὕτως
884 3722 1129 3804 ἔγραφεν,
1204 3722 1466 3780 ἐπέτεινεν
1543 3721 1605 3781 ἂν
1674 3723 1775 3790 τὴν
1857 3721 2053 3804 λύπην,

2166 3723 2500 3804 :upplicium
2535 3733 2594 3785 et
2623 3723 2772 3786 ultio
2806 3735 3115 3807 perpetua,
3157 3726 3442 3804 tenebrm,
3477 3742 3711 3786 vermes
3743 3734 3802 3785 et

394 3808 523 3868 ἀλλ’
555 3814 617 3870 ού
656 3811 984 3892 παρεκάλεσὲ
1011 3818 1171 3871 ποθεν
1198 3814 1293 3878 τὰς
1351 3814 1533 3894 ψυχὰς
1589 3813 1784 3873 αεότῶν.
1862 3814 2055 3871 Δεύτε-

2166 3812 2292 3893 gnis
2314 3811 2345 3872 ?
2405 3814 2606 3894 Itaque
2669 3808 2717 3875 si
2745 3813 2834 3876 ila
2860 3815 3222 3897 scripsisset,
3251 3832 3570 3876 mterurem
3604 3814 3801 3892 potius

394 3922 486 3979 ρον
545 3898 626 3975 δὲ,
658 3899 741 3958 ὅτι
770 3915 985 3967 πιστοῖς
1026 3902 1269 3981 διηγεῖτο
1314 3903 1414 3971 τὴν
1452 3902 1755 3960 ἀνάστασιν.
1822 3904 2053 3968 Εἰκότως

2166 3901 2526 3976 ntendisset,
2551 3909 2609 3962 et
2627 3905 2786 3964 nulla
2802 3921 2872 3964 ex
2898 3894 3064 3984 parte
3079 3894 3394 3967 animabus
3417 3921 3624 3964 eorum
3649 3921 3798 3963 con-

395 3996 489 4047 οὖν
533 3994 596 4050 οὗ
626 3992 945 4067 μνημονεύει
972 3993 1081 4049 τῶν
1132 3994 1202 4059 εἰς
1252 3992 1509 4072 τιμωρίαν
1565 3992 2052 4072 ἀπαχθησομένων.

2166 3989 2491 4053 .olationem
2516 3988 2832 4053 attulisset.
2854 3992 3130 4055 Secundo
3150 4003 3347 4056 autem
3361 3991 3502 4074 quia
3526 3990 3799 4053 fide'ihus

393 4082 456 4137 Οἱ
511 4079 617 4158 γὰρ
668 4081 845 4137 πιστοὶ
894 4082 1031 4138 κατά
1079 4081 1173 4146 τὰς
1231 4079 1544 4145 δεσποτικὰς
1611 4079 1825 4148 ἐντολὰς
1893 4079 2056 4138 πολι-

2166 4080 2646 4144 ’θεοιτοειίοηεηι
2674 4081 3027 4161 exponebat.
3054 4081 3257 4145 Merito
3275 4101 3416 4163 ergo
3449 4100 3654 4144 eorum
3680 4100 3795 4142 non

392 4169 699 4243 τευόμενοι,
773 4167 1020 4245 οὐδεμιᾶς
1101 4173 1359 4249 τιμωρίας
1444 4167 1773 4241 λαμϐάνουσι
1841 4184 2056 4251 πεῖραν,

2166 4167 2416 4231 neminit
2434 4168 2536 4251 qui
2559 4180 2698 4231 sunt
2721 4170 2781 4232 in
2806 4173 3165 4253 supplicium
3187 4171 3799 4235 abducendi.Fideles

395 4255 518 4313 ἀλλ’
625 4258 683 4314 ἐν
793 4256 950 4333 ἀϊδίῳ
1050 4266 1195 4341 χαρᾷ
1302 4262 1391 4317 καὶ
1493 4263 1780 4340 εὐφροσύνῃ
1877 4259 2058 4318 διατε-

2166 4276 2402 4340 Iamque
2423 4259 2521 4339 qui
2529 4259 3017 4339 juxtaDominica
3029 4271 3461 4325 conversantur
3476 4271 3796 4344 praerepta,

397 4347 601 4412 λοῦσιν.
661 4356 768 4412 Ούκ
822 4352 891 4420 ἦν
932 4353 1023 4411 οὖν
1066 4355 1225 4433 χρεία
1264 4351 1557 4434 ἀλλοτρίων
1600 4356 1780 4410 παθῶν
1837 4355 2082 4429 μνήμηνς

2166 4346 2364 4407 tullius
2389 4364 2584 4445 pretia;
2605 4348 2845 4428 capiunt
2867 4351 3319 4428 experientiam,
3347 4351 3448 4413 sed
3482 4351 3541 4412 in
3576 4369 3794 4431 perpe-

394 4441 481 4495 καὶ
523 4442 761 4498 κάκωσιν
808 4442 863 4499 ἐν
918 4448 988 4520 τῇ
1045 4456 1163 4506 τοῖς
1214 4456 1430 4506 πιστοτς
1479 4441 1867 4519 ἐτοιμαζομὲνῃ
1923 4437 2082 4520 δόξῃ¹

2167 4454 2239 4497 uo
2268 4435 2486 4514 gaudio
2512 4454 2579 4496 ac
2607 4437 2806 4499 laetitia
2829 4438 3067 4519 degent.
3098 4440 3266 4502 Nulla
3306 4441 3505 4522 itaque
3527 4440 3795 4502 necessi-

392 4531 480 4587 καὶ
524 4536 698 4611 τρυφῇ
766 4532 855 4588 καὶ
916 4532 1296 4612 μακαριότητι,
1362 4534 1452 4588 καὶ
1510 4532 1633 4589 τότε
1679 4545 1897 4596 πιστοῖς
1940 4533 2045 4609 γάο

2166 4544 2218 4587 as
2249 4533 2371 4586 erat
2399 4524 2737 4587 alienorum
2763 4529 3052 4589 malorum
3073 4532 3268 4593 facere
3309 4529 3698 4603 mentionem,
3738 4539 3795 4588 et

388 4642 569 4698 ῳοντι,
600 4623 892 4683 ποιεῖσθαι.
940 4622 1123 4700 Τρίτον
1166 4619 1242 4696 δὲ,
1276 4619 1358 4678 ὅτι
1389 4623 1517 4679 αύτὸ
1558 4622 1619 4678 τὸ
1674 4627 1896 4698 πρᾶγμα
1948 4622 2048 4690 τὴν

2166 4616 2423 4676 educere
2454 4615 2837 4679 afﬂictionem
2878 4620 2935 4679 in
2971 4628 3167 4698 parata
3201 4619 3586 4680 credentibus
3608 4618 3795 4694 gloria

386 4709 699 4784 ἀνάστασιν,
732 4712 819 4767 καὶ
862 4708 929 4767 δι’
959 4711 989 4767 ὃ
1018 4710 1225 4790 γέγονε,
1273 4711 1393 4768 καθ’
1425 4712 1552 4771 αύτὸ
1609 4720 1698 4770 νῦν
1752 4710 2051 4789 ἐξηγεῖται.

2166 4713 2197 4764 »ι
2224 4703 2457 4765 deliciis
2479 4722 2548 4765 ac
2580 4704 2972 4771 beatitudine.
3006 4720 3060 4769 et
3093 4709 3492 4788 potissimum,
3520 4708 3619 4789 qui
3655 4722 3791 4769 tunc

389 4800 491 4859 Καὶ
547 4799 651 4878 γὰρ
720 4801 820 4868 τὴν
878 4800 1165 4857 ἀνάστασιν
1219 4802 1249 4857 ὁ
1314 4801 1445 4865 Θεὸς
1502 4800 1589 4857 ἐπὶ
1659 4800 1894 4879 σωτηρίᾳ
1948 4803 2055 4858 τῶν

2166 4792 2416 4854 idelibus
2447 4794 2762 4856 scriberet.
2796 4795 2998 4859 Tertio
3030 4817 3169 4859 vero
3202 4801 3340 4878 quia
3371 4798 3563 4873 ipsum
3597 4817 3792 4858 resur-

381 4887 679 4968 ἀώρώπων
734 4889 970 4962 πάντων,
1019 4891 1107 4947 καὶ
1167 4889 1423 4970 ἀφθαρσίᾳ
1477 4890 1565 4947 καὶ
1624 4888 1877 4969 ἀφράστν
1930 4887 2053 4968 δόξῃ

2166 4883 2420 4945 'ectionis
2451 4902 2536 4960 m5
2557 4884 2833 4957 sterium,
2863 4900 2918 4947 et
2944 4895 3184 4967 propter
3205 4888 3344 4967 quid
3372 4888 3526 4948 faca
3551 4885 3647 4955 sit,
3686 4907 3789 4966 pa-

378 4979 473 5036 καὶ
568 4985 737 5058 χαρᾷ,
811 4981 899 5036 καὶ
982 4978 1271 5036 ἀπολαύσει
1353 4984 1461 5035 τῶν
1543 4978 1770 5035 αἰωνίων
1845 4978 2053 5057 ἀγαθῶν

2166 4972 2286 5033 iter
2325 4990 2482 5032 nunc
2524 4974 2790 5053 exponit.
2826 4974 3058 5036 Etenim
3093 4976 3592 5037 resurrectionem
3657 4977 3790 5037 fecit

376 5067 626 5135 ἐποίησε.
687 5069 798 5136 Tir:
849 5069 952 5147 γὰρ
1007 5068 1252 5148 κόλασιν,
1282 5074 1393 5143 ·τῷ
1464 5065 1696 5142 διαϐόλῳ
1776 5070 1864 5125 καὶ
1931 5081 2049 5133 τοτς

2166 5060 2379 5123 )eusad
2396 5061 2648 5123 salutem
2667 5063 2936 5124 omnium
2963 5065 3269 5125 hominum
3287 5082 3336 5126 e:
3372 5065 3788 5126 immortalita-

375 5157 630 5236 ἀγγέλοις
687 5160 868 5223 αὐτου,
944 5160 1019 5222 ὼς
1095 5159 1182 5213 καὶ
1255 5157 1311 5213 ἐν
1364 5164 1443 5232 τῷ
1502 5154 1810 5236 Εύαγγελίιρ
1863 5157 2045 5239 φησίν,

2166 5168 2252 5210 em
2284 5167 2352 5209 ac
2386 5148 2847 5211 inenarrabilem
2871 5151 3190 5231 gloria-net
3212 5153 3517 5232 gaudium,
3541 5167 3793 5214 aeterno-

372 5247 500 5305 ἀλλ’
542 5251 605 5307 οὗ
633 5261 752 5312 τοῖς
798 5248 1100 5328 ἀνθρώποις
1142 5247 1453 5322 ἡτοίμασεν,
1488 5248 1547 5304 Εἰ
1575 5244 1631 5302 δέ
1661 5268 1799 5313 τινες
1830 5237 2046 5312 οἰκείαις

2166 5256 2384 5319 umque
2410 5237 2752 5301 fruitionem
2770 5240 3082 5303 bonorum.
3107 5241 3415 5323 Siquidem
3430 5241 3789 5324 supplicium

368 5340 725 5420 μοχθηρίαις,
758 5339 876 5394 ἀντὶ
935 5342 1043 5393 τῶν
1101 5335 1518 5413 ἐτοιμασθέντων
1574 5337 1757 5400 αὒτοτς
1810 5337 2043 5416 ἀγαθῶν,

2166 5329 2371 5392 liabolo
2394 5336 2448 5390 et
2473 5329 2701 5407 angi-lis
2722 5331 2872 5411 ejus.
2901 5333 3405 5412 quemadmodum
3429 5332 3572 5396 dicit
3608 5332 3787 5393 etiam

358 5430 424 5487 ti
473 5438 554 5507 τῷ
626 5426 869 5503 διαϐόλῳ
935 5425 1316 5502 ἑτοιμασθὲντα
1387 5424 1719 5504 ἐκλέγονται,
1780 5429 1841 5486 οὔ
1896 5427 2039 5505 παρᾶ

2166 5440 2188 5480 o
2222 5420 2563 5496 Evangelio,
2600 5439 2718 5481 non
2751 5432 2948 5483 autem
3009 5421 3377 5495 hominibus,
3417 5422 3762 5503 praaparavit

351 5520 449 5589 τὴν
521 5518 874 5586 Δεσποτικήν
935 5514 1328 5596 φιλανθρωπίαν
1393 5516 1481 5571 καὶ
1559 5516 1812 5594 πρόνοιαν
1880 5522 2040 5575 τοῦτο

2174 5513 2255 5572 7i
2284 5508 2450 5583 Quod
2475 5507 2526 5570 si
2552 5509 2791 5592 quidam
2836 5511 2961 5574 suis
3003 5512 3293 5594 nequitiis
3312 5532 3418 5595 pro
3444 5510 3791 5594 praeparatis

431 5694 489 5746 η
514 5691 679 5758 Psal.
717 5704 887 5779 xcvi,
926 5686 969 5749 2
997 5703 1014 5761 ;
1043 5683 1173 5749 Act.
1210 5702 1250 5759 I,
1285 5687 1346 5749 9.
