4188 6462
426 371 504 440 95

1551 365 1959 433 (ῈΟΗΜΕΝΙΙ
2005 361 2302 426 TRICG/E
2345 354 2683 421 EPISCOPI

3730 341 3813 410 96

422 505 538 568 sibi
565 505 738 568 bonis
766 524 836 567 ea
863 523 994 588 quae
1023 502 1262 566 diabolo
1279 509 1418 564 sunt
1445 505 1792 580 praeparata,
1815 496 2062 588 eligunt,

2160 491 2372 570 γίνεται.
2425 489 2517 544 Διὸ
2561 489 2648 543 καὶ
2679 488 2706 542 ὁ
2736 489 2882 548 θεῖος
2915 483 3118 544 Παῦλος
3196 481 3357 548 αὐτὴν
3399 481 3498 547 τὴν
3529 479 3680 558 φύσιν
3709 479 3810 544 τῆς

2160 580 2178 588 -
2335 579 2346 588 .
2616 579 2628 588 .
2687 575 2702 588 .
2751 573 2765 588 .
2849 578 2871 588 ..
3012 574 3023 588 .
3204 574 3217 588 .
3326 581 3336 588 .
3591 570 3603 585 κ
3707 569 3720 588 ε

422 595 480 657 id
519 614 636 657 non
668 595 732 656 ﬁt
753 596 920 674 juxta
943 593 1313 655 Dominicam
1337 589 1760 668 benignitatem
1785 605 1854 648 ac
1878 587 2070 667 provi-

423 684 708 747 dentiam.
743 683 976 745 ldcirco
1007 681 1178 743 divus
1210 681 1426 743 Paulus
1454 678 1642 759 ipsam
1673 674 2069 740 resurrectio-

425 772 520 835 nis
553 781 821 834 naturam
856 771 1152 845 reterens,
1178 778 1237 832 et
1269 777 1510 850 propter
1539 766 1680 847 quid
1702 765 1890 845 ipsam
1917 766 2075 827 licus

426 863 733 944 producat,
752 861 964 923 merito
989 877 1193 924 eorum
1218 877 1334 920 non
1356 855 1627 919 meminit
1648 855 1746 936 qui
1769 854 1828 915 in
1853 851 2074 944 suppli-

424 940 580 1012 cium
606 949 1018 1012 abducuntur:
1072 949 1290 1030 (neque
1317 945 1477 1009 enim
1503 946 1821 1026 titpropter
1838 940 2072 1023 suppli-

423 1042 604 1113 cium,
630 1037 732 1101 sed
757 1047 999 1120 propter
1020 1036 1319 1100 mercedis
1347 1031 2077 1104 retributionetn,uProin-

422 1126 498 1188 de
528 1127 926 1190 consolemini
959 1146 1060 1189 vos
1089 1135 1312 1188 mutuo.
1383 1151 1406 1182 η
1470 1122 1556 1187 Ne
1588 1121 1889 1187 maneatis
1919 1120 2073 1182 sicut

425 1223 484 1276 et
515 1216 717 1278 cieteri
749 1216 852 1298 qui
875 1235 1040 1298 spem
1074 1235 1192 1277 non
1223 1215 1465 1277 habent.

1070 1309 1306 1374 CAPUT
1335 1307 1438 1371 Vl.

429 1401 586 1476 Quod
613 1408 828 1476 repente
855 1404 1210 1476 venturusisit
1240 1402 1513 1476 Christus,
1535 1402 1746 1476 oportet
1761 1401 1946 1470 itaque
1963 1399 2075 1453 stu-

497 1472 646 1547 diose
669 1470 938 1545 paratum
959 1490 1070 1533 esse
1095 1475 1218 1546 ﬁde.
1243 1489 1353 1547 spe,
1375 1470 1666 1536 charitizte,
1691 1470 1917 1535 honore,
1943 1483 2076 1540 pace

500 1546 938 1618 longanimitate,
972 1547 1216 1605 discendi
1244 1546 1452 1602 timore.

508 1629 578 1704 V,
615 1630 727 1691 t-3.
765 1629 962 1693 Porro
991 1631 1064 1693 de
1095 1628 1470 1710 temporibus
1499 1634 1559 1689 et
1610 1623 1890 1687 articulis
1921 1631 2074 1686 tem—

428 1735 676 1797 porum,
707 1719 958 1798 fratres.
1013 1738 1135 1782 non
1175 1727 1262 1782 est
1313 1735 1463 1797 opus
1491 1723 1557 1780 ut
1586 1714 1750 1776 vobis
1776 1715 2072 1776 scribam.

427 1807 558 1885 Ipsi
584 1816 745 1870 enim
773 1807 958 1889 plane
985 1811 1175 1888 scitis,
1203 1808 1363 1888 quod
1392 1807 1518 1870 dies
1558 1807 1668 1867 ille
1701 1804 1976 1880 Domini,
2010 1809 2077 1866 ut

422 1895 532 1974 fur
560 1901 624 1956 in
653 1905 850 1971 nocte,
885 1903 974 1958 ita
1004 1906 1304 1960 venturus
1333 1902 1432 1958 sit.
1485 1897 1636 1957 Cum
1675 1895 1845 1955 enim
1894 1893 2072 1954 dixe-

2160 1903 2323 1978 νυκτὶ,
2408 1903 2574 1966 οὕτως
2632 1899 2871 1980 ἔρχεται,

427 1990 594 2047 n‘nt:
633 1989 766 2050 Pax
794 1995 854 2050 et
883 1994 1011 2050 tuta
1043 1987 1248 2049 omnia
1282 1993 1428 2048 tunc
1457 1984 1817 2064 repentinus
1845 1984 1929 2042 eis
1955 1982 2074 2043 im-

425 2078 615 2136 minet
636 2079 949 2156 interitus,
983 2081 1164 2138 sicuti
1193 2077 1372 2137 dolor
1397 2081 1608 2155 partus
1637 2070 1886 2134 mulieri
1903 2087 2074 2151 prce-

426 2166 663 2243 gnanti,
702 2182 808 2227 nec
837 2167 1150 2246 effugient.

517 2275 540 2309 (ι
568 2250 698 2314 Νοη
720 2254 987 2316 estvobis
1011 2273 1180 2335 opus.
1215 2276 1237 2309 ιι
1277 2253 1582 2332 Tanquam
1627 2249 1846 2310 nullam
1871 2247 2074 2310 adfer-

430 2349 522 2400 ret
549 2342 885 2404 utilitatem.
910 2343 1186 2405 Fortasse
1225 2351 1420 2404 autem
1463 2340 1520 2401 id
1565 2348 1807 2401 noverat
1839 2337 2073 2411 l'aulus,

432 2427 589 2490 inter
609 2450 823 2492 arcana
845 2431 903 2493 id
927 2432 1104 2494 etiam
1126 2431 1426 2510 cognitum
1452 2429 1703 2492 habens.
1727 2451 1750 2484 ιι
1767 2427 1934 2500 Quod
1950 2426 2079 2487 dies

432 2516 534 2578 ille
558 2518 812 2580 Domini.
843 2546 866 2576 υ
891 2520 1013 2582 Hoc
1039 2529 1097 2582 et
1128 2521 1202 2582 (le
1234 2519 1534 2582 communi
1563 2515 2082 2580 consummatione

431 2606 656 2670 dictum
681 2619 840 2671 estet
862 2609 936 2671 de
963 2611 1202 2692 pr0pria
1224 2610 1533 2690 cujusque.
1567 2630 1589 2665 α
1610 2607 1683 2672 Ut
1698 2607 1810 2670 fur.
1843 2631 1865 2664 ι)
1885 2605 2078 2678 Quare

430 2704 496 2758 ut
518 2698 612 2759 fur
631 2698 662 2758 ?
710 2697 857 2771 Quia
883 2720 986 2780 per
1007 2700 1119 2762 hoc
1141 2699 1411 2778 designat
1435 2698 1589 2780 quod
1619 2698 1888 2758 occultus
1910 2695 1985 2755 sit
2009 2713 2076 2755 ac

432 2787 802 2864 repentinus.
826 2788 897 2850 Et
919 2789 1174 2850 dicimus
1197 2789 1352 2870 quod
1383 2789 1492 2849 hnc
1508 2787 1707 2848 multis
1724 2786 1912 2847 modis
1931 2785 2077 2846 u'ile

432 2879 530 2937 s’t.
560 2875 821 2938 Primum
840 2877 1108 2959 quidem.
1166 2877 1310 2940 Nam
1336 2878 1383 2938 si
1407 2876 1541 2958 quis
1563 2884 1924 2955 postremum
1953 2875 2076 2936 sci-

430 2973 521 3026 ret
542 2963 724 3046 diem,
751 2966 912 3028 nulla
933 2967 1016 3028 illi
1040 2967 1268 3028 virtutis
1290 2985 1430 3028 cura
1447 2964 1743 3039 esset,sed
1765 2965 2078 3025 innumera

2153 579 2488 642 ἀναστάσεως
2545 579 2635 633 καὶ
2684 573 2765 655 ἐφ’
2832 578 2878 648 ᾧ
2931 574 3129 639 ταύτην
3198 574 3227 628 ὁ
3314 570 3645 648 Δημιουργὸς
3703 569 3808 648 ὑφ-

2157 668 2331 735 ίστησι
2378 667 2570 744 λέγων,
2605 672 2709 722 τῶν
2739 667 2811 726 εἰς
2841 662 3097 740 τιμωρίαν
3140 659 3550 740 ἀχθησομένων,
3599 656 3680 736 (οὔ
3709 658 3810 734 γὰρ

2155 756 2242 814 ἰπὶ
2285 757 2535 836 τιμωρίᾳ,
2596 752 2715 810 ἀλλ’
2775 752 2860 810 ἐπὶ
2930 747 3312 828 μισθαποδοσίᾳ
3366 746 3618 836 γίνεταιά
3662 746 3809 802 εἰκό-

2155 868 2262 912 τως
2307 845 2365 904 ού
2397 834 2766 921 μνημονεύεει.
2817 870 2842 902 α
2881 848 3031 898 Ὠστε
3060 836 3422 919 παρακαλεῖτε
3463 834 3751 910 ἀλλήλους,
3776 855 3802 892 ο

2157 937 2232 999 εἷς
2284 931 2346 991 τὸ
2404 934 2482 1011 μὴ
2539 931 2819 990 λυπεῖσθαι
2876 932 2950 994 ὡς
3007 931 3054 988 οἱ
3096 926 3275 987 λοιποὶ
3337 928 3398 986 ού
3451 925 3531 1003 μὴ
3589 923 3810 1005 ἔχοντες

2159 1021 2366 1087 ἐλπίδα,

2790 1292 3049 1348 ΚΕΦΑΛ.
3078 1275 3185 1360 ς”.

2158 1405 2190 1448 ι
2241 1386 2366 1466 Περὶ
2392 1391 2486 1443 τοῦ
2530 1381 2795 1466 αἰφνιδίως
2824 1380 2968 1466 ἥξειν
2995 1379 3368 1466 τὶν-ξριστδν,
3411 1375 3550 1434 ὥστε
3588 1373 3700 1466 δεῖν
3727 1375 3812 1466 εύ-

2236 1457 2562 1544 τρέπίζεσθαι
2592 1457 2814 1541 σπουδῇ,
2867 1462 3064 1544 πίστει,
3088 1457 3262 1544 Δἐλπίδι
3294 1457 3504 1537 ἀγαπη,
3548 1462 3704 1534 τιμῃ,
3740 1457 3802 1512 εί-

2238 1541 2399 1626 ρῆνῃ,
2434 1545 2785 1624 μακροθυμίᾳ,
2820 1541 3154 1623 φιλομαθείᾳ.
3189 1565 3212 1596 ο

2243 1624 2267 1696 ὲ
2315 1637 2440 1715 Περὶ
2495 1633 2550 1692 δὲ
2596 1639 2703 1690 τῶν
2760 1633 2970 1713 χρόνων
3011 1631 3101 1688 καὶ
3139 1635 3244 1688 τῶν
3299 1632 3520 1707 καιρῶν,
3571 1624 3806 1705 ἀδελφοὶ,

2159 1729 2220 1785 οὗ
2275 1747 2462 1805 χρειαν
2527 1723 2684 1803 ἔχετε
2740 1724 2870 1798 ὑμῖν
2924 1721 3230 1800 γράφεσθαι.
3306 1717 3601 1805 Αύτοὶῗγάρ
3653 1715 3809 1805 ἀκρι-

2159 1803 2514 1893 ϐὦςήοἴδατε,
2563 1811 2656 1905 ὅτι.
2713 1813 2748 1880 ἡ
2819 1810 2992 1905 ἡμέρέ
3051 1809 3260 1905 Κυρίοι),
3447 1804 3684 1905 κλέπτης
3722 1803 3811 1905 ’ἐν

2963 1894 3100 1956 ὒταν
3171 1897 3271 1975 γὰρ
3342 1894 3566 1973 λέγωσιν
3623 1894 3808 1971 εἰρήνη

2156 1991 2244 2047 καὶ
2274 1989 2561 2070 ἀσφάλεια,
2590 1989 2713 2045 τότε
2769 1983 3017 2068 αἰφνίδιος
3048 1987 3230 2050 αὐτοῖς
3259 1983 3528 2064 ἐφίσταται
3571 1980 3805 2070 ὄλεθρος,

2156 2069 2398 2158 ὥσπερ-η
2427 2069 2553 2136 ὠδὶν
2591 2084 2659 2156 τῇ
2688 2077 2743 2134 ἐν
2783 2077 2968 2156 γαστρὶ
3009 2075 3238 2154 ἐχούσῃ,
3291 2073 3378 2128 καὶ
3434 2071 3492 2129 οὗ
3535 2071 3614 2147 μὴ
3643 2069 3808 2151 ἐκφύ-

2157 2190 2344 2247 γωσιν,
2382 2195 2404 2226 ι

2243 2284 2270 2319 ι
2317 2261 2390 2316 Ob
2439 2257 2623 2337 χρείαν
2679 2254 2858 2336 ἔχετε,
2925 2280 2949 2312 ι
3015 2244 3108 2315 Ὠς
3163 2251 3486 2330 ἀσύμφορον.
3534 2239 3592 2307 Ὀ
3637 2246 3691 2305 δέ
3748 2269 3812 2326 γε

2161 2345 2368 2410 Παῦλος
2409 2346 2544 2412 ἴσως
2601 2343 2715 2422 ᾔδει
2759 2345 2907 2420 αὐτὸ,
2971 2341 3031 2399 ἐκ
3081 2346 3188 2398 τῶν
3253 2338 3491 2419 ἀρρήτων
3533 2339 3623 2395 καὶ
3656 2337 3813 2395 τοῦτο

2165 2437 2368 2510 μαθών.
2408 2465 2430 2495 ι
2491 2423 2596 2494 ’δτι
2651 2436 2686 2503 ἡ
2743 2432 2917 2512 ἡμέρα
2971 2431 3178 2510 Κυρίου.
3236 2452 3259 2482 ι
3323 2435 3493 2486 Τοῦτα
3546 2429 3636 2484 καὶ
3691 2428 3813 2505 περὶ

2163 2529 2261 2590 τῆς
2333 2530 2515 2592 κοινῆς
2572 2521 2869 2586 συντελείας
2931 2519 3168 2600 εἴρηται,
3225 2519 3313 2574 καὶ
3369 2517 3487 2596 περὶ
3541 2521 3638 2584 τῆς
3679 2513 3810 2578 ἰδίας

2161 2611 2402 2674 ἑκάστου.
2484 2635 2514 2668 α
2575 2604 2666 2676 Ὠς
2721 2610 2980 2677 κλέπτης.
3049 2632 3076 2664 ι
3143 2607 3241 2664 Διά
3295 2606 3346 2662 τί
3399 2607 3472 2669 ὡς
3529 2603 3814 2685 κλέπτηςς

2164 2703 2262 2759 Διά
2288 2703 2488 2760 τούτων
2518 2702 2640 2782 γὰρ,
2670 2701 2733 2758 τὸ
2760 2699 3014 2779 λαθραῖον
3040 2696 3128 2754 καὶ
3178 2693 3424 2775 αἰφνίδιον
3481 2692 3666 2762 δηλοῖ,
3711 2698 3818 2752 Καί

2159 2813 2330 2872 φαμεν
2391 2791 2474 2848 ὅτι
2531 2797 2686 2848 τοῦτο
2757 2789 2892 2846 κατά
2957 2785 3188 2849 πολλοὺς
3244 2785 3471 2864 τρόπους
3542 2782 3811 2872 ὠφέλιμύν

2159 2870 2293 2940 ἔστι.
2328 2883 2540 2958 Πρῶτον
2570 2879 2668 2956 μὲν
2711 2877 2817 2953 ὅτι,
2849 2879 2908 2935 Ei
2937 2875 3050 2954 ᾔδει
3098 2896 3180 2939 τις
3236 2875 3334 2942 τὴν
3377 2873 3615 2953 ἐσχάτην
3669 2870 3812 2947 ἠμέ-

2161 2992 2277 3050 ραν,
2337 2972 2432 3028 οὒκ
2491 2968 2708 3045 ἔμελλεν
2757 2968 2949 3048 ἀρετῆς
3008 2965 3397 3042 ἐπιμελεῖσθαι,
3461 2961 3596 3018 ἀλλά
3655 2959 3813 3040 μυρία

433 3055 829 3134 perpetrando
863 3056 1014 3117 mala
1044 3065 1307 3118 extremo
1354 3055 1562 3136 spiritu
1615 3057 1685 3115 ad
1720 3053 2074 3134 baptismum

2163 3064 2328 3116 ποιῶν
2377 3059 2538 3135 κακὰ,
2584 3065 2662 3133 τῷ
2716 3058 3039 3136 βαπτίσματι
3084 3055 3212 3133 πρὸς
3256 3053 3490 3133 ἐσχάτας
3547 3051 3813 3114 ἀναπνοὰς

432 3142 771 3208 accederet.
799 3145 1102 3224 Secundo,
1127 3145 1262 3225 quia
1284 3145 1461 3206 multa
1486 3152 1724 3224 peccata
1748 3151 1904 3204 metu
1925 3159 2071 3204 mor-

2162 3149 2410 3228 προσῄει.
2475 3149 2750 3227 Δεύτερον,
2818 3144 2900 3201 ὅτι
2969 3142 3163 3202 πολλαὶ
3236 3141 3486 3221 ἁμαρτίαι
3540 3139 3643 3196 δέει
3718 3145 3813 3196 τοῦ

440 3231 512 3292 tis
535 3241 953 3312 amputantur:
986 3224 1212 3316 quodsi
1231 3235 1604 3296 manifestum
1625 3244 1782 3294 esset
1813 3231 1988 3296 alicui
2018 3249 2075 3292 se

2163 3239 2386 3298 Θανάτου
2442 3238 2852 3297 ἀνακόπτονται.
2907 3224 2999 3297 Ὦς
3043 3231 3096 3290 εἴ
3146 3253 3208 3312 γε
3266 3229 3426 3298 δῆλον
3468 3231 3532 3299 ἦν
3565 3229 3645 3288 ὅτι
3673 3229 3807 3294 τέως

434 3321 508 3383 ad
526 3331 752 3384 certum
778 3332 1012 3403 tempus
1029 3345 1144 3386 non
1164 3325 1541 3398 moriturum,
1569 3323 1769 3384 omnia
1787 3320 2075 3402 intrepide

2165 3334 2253 3384 νῦν
2313 3329 2374 3384 ού
2414 3325 2712 3396 τεθνήξεται
2775 3347 2880 3400 τις,
2926 3323 3098 3380 πάντα
3155 3319 3320 3384 ἀδεῶς
3379 3319 3621 3400 ἔπραττε.
3679 3319 3798 3399 Τρίο

430 3411 850 3475 committeret.
885 3417 1012 3474 177
1047 3413 1246 3475 Tertio
1289 3413 1428 3494 quia
1465 3413 1516 3474 si
1562 3412 1742 3474 sciret
1768 3411 2075 3493 quisquam

2164 3439 2276 3492 τον,
2336 3415 2416 3473 ὅτι
2476 3417 2520 3472 εἷ
2563 3415 2676 3492 ᾔδει
2731 3437 2812 3479 τις
2871 3413 2952 3470 ὅτι
3002 3412 3210 3475 πάντως
3257 3410 3310 3465 ἐν
3352 3408 3485 3485 τῷδε
3523 3417 3598 3484 τῷ
3629 3409 3810 3490 χρόνῳ

430 3499 582 3578 quod
610 3501 852 3562 omnino
876 3503 974 3564 tali
997 3511 1264 3583 tempore
1292 3503 1616 3566 moriturus
1635 3510 1810 3574 esset,
1837 3500 1896 3561 in
1933 3518 2080 3561 con-

431 3589 589 3648 tinua
616 3589 838 3650 viveret
862 3591 1044 3651 animi
1069 3591 1306 3652 tristitia
1336 3610 1349 3654 :
1379 3610 1535 3652 nunc
1557 3599 1754 3652 autem
1780 3588 1854 3650 ob
1889 3590 2078 3650 incer-

432 3676 770 3754 titudinetn,
797 3682 1076 3742 continue
1101 3679 1158 3741 in
1183 3680 1337 3742 bona
1361 3699 1464 3756 spe
1492 3680 1808 3742 nntrimut‘.
1834 3677 2072 3751 Quarta,

431 3765 570 3847 quia
589 3786 788 3848 neque
817 3769 892 3830 ob
926 3770 981 3833 irl
1015 3778 1199 3832 sancti
1237 3769 1543 3849 prmmium
1576 3769 1887 3846 haberent,
1921 3767 2074 3847 quod

434 3857 790 3937 semetipsos
813 3858 871 3918 in
900 3861 1123 3921 incerta
1149 3859 1514 3940 praecipitent
1537 3858 1821 3941 pericula.
1847 3856 2078 3920 Sienim

433 3946 808 4008 manifestum
842 3949 1177 4029 essetquod
1214 3960 1342 4030 post
1395 3959 1515 4010 tres
1561 3968 1750 4010 annos
1803 3966 2078 4008 consum-

431 4035 610 4098 matio
642 4045 888 4098 ventura
913 4052 1092 4109 esset,
1118 4058 1227 4100 nec
1265 4039 1380 4100 alio
1424 4037 1600 4100 modo
1626 4045 1842 4119 posset,
1869 4055 2078 4097 omnes

431 4143 573 4185 sane
608 4125 872 4203 pericula
901 4126 1297 4207 despicerent,
1361 4127 1620 4189 scientes
1665 4125 1820 4207 quod
1854 4125 1925 4187 ab
1958 4125 2077 4184 illis

431 4212 580 4273 nihil
622 4215 964 4274 nocumenti
999 4225 1196 4277 essent
1224 4217 1524 4294 accepturi
1557 4235 1570 4278 :
1605 4215 1664 4275 id
1723 4225 1921 4276 autem
1948 4233 2076 4294 qua!

429 4301 612 4362 virtus
641 4302 849 4363 esset?
879 4302 947 4364 Et
975 4304 1097 4366 haec
1122 4305 1279 4366 dicta
1307 4305 1445 4374 sint,
1481 4324 1554 4366 eo
1587 4304 1742 4385 quod
1783 4305 2072 4366 uniuscu-

425 4390 648 4472 jusque
679 4390 852 4452 etiam
888 4393 1022 4454 ﬁnis
1050 4392 1198 4455 clam
1236 4405 1519 4456 venturus
1552 4393 1648 4454 sit.

2163 3504 2488 3582 τεθνήξεται,
2552 3505 2608 3562 ἐν
2676 3504 2864 3579 ἀθυμίᾳ
2916 3500 3110 3580 διάγων
3181 3498 3421 3562 διετέλει,
3483 3509 3584 3559 Νῦν
3631 3497 3686 3554 δὲ
3741 3503 3810 3575 τῇ

2158 3593 2350 3667 ἀδηλίᾳ
2392 3594 2473 3650 ἀεὶ
2515 3593 2569 3650 ἐν
2597 3606 2867 3674 χρησταῖς
2924 3591 3098 3648 ἐλπίσι
3153 3591 3468 3670 τρεφόμεθα.
3523 3588 3804 3668 Τέταρτον,

2159 3681 2242 3740 ὅτι
2301 3681 2416 3740 οὐδὲ
2491 3683 2622 3760 ὑπὲρ
2677 3685 2752 3738 ὧν
2837 3683 2909 3747 είς
2981 3678 3243 3744 κινδύνους
3313 3677 3538 3749 ἀδήλους
3596 3678 3808 3741 ἑαυτοὺς

2161 3772 2423 3851 ῥίπτουσιν
2455 3774 2500 3828 οἱ
2555 3772 2726 3851 ἅγιοι,
2784 3772 2967 3847 μισθὸν
3013 3767 3235 3846 ἔμελλον
3279 3767 3450 3848 ἔχειν,
3498 3769 3558 3827 Εἰ
3611 3769 3710 3847 γὰρ
3738 3767 3806 3834 ἦν

2162 3859 2322 3928 δῆλον
2355 3863 2427 3924 ὡς
2460 3861 2593 3935 μετά
2635 3861 2750 3938 τρία
2790 3861 2883 3927 ἔτη
2939 3861 3106 3939 τδχὸν
3135 3857 3460 3938 τελευτήσει,
3507 3858 3594 3914 καὶ
3630 3855 3808 3920 ἄλλως

2163 3952 2256 4008 οὒκ
2302 3949 2402 4031 ἔνι,
2458 3950 2686 4013 ἅπαντες
2745 3949 2808 4005 ἂν
2861 3950 2968 4007 τῶν
3009 3947 3258 4006 κινδύνων
3315 3948 3808 4028 κατεφρονήσαμεν,

2161 4037 2350 4104 εἰδότες
2396 4037 2562 4115 μηδὲν
2613 4038 2673 4096 ἐκ
2726 4039 2924 4096 τούτων
2955 4037 3276 4116 βλάπτεσθαι
3311 4055 3328 4073 ⁸
3360 4035 3489 4115 ὅπερ
3531 4041 3655 4094 ποία
3679 4037 3808 4116 ἀρε-

2159 4128 2261 4207 tri;
2297 4135 2470 4185 Ταῦτα
2513 4125 2568 4183 δέ
2592 4126 2824 4206 εἴρηται,
2863 4129 2935 4192 ὡς
2961 4129 3048 4184 καὶ
3078 4132 3177 4194 τῆς
3209 4125 3430 4182 ἕκαστον
3457 4123 3588 4190 ἰδίας
3620 4123 3806 4182 τελευ-

2159 4220 2257 4285 τῆς
2291 4215 2550 4297 λαθραίως
2583 4215 2909 4296 ἐρχομένης.

515 4479 556 4540 D
587 4487 743 4540 ctum
778 4488 866 4541 est
895 4480 1050 4541 enim
1087 4483 1240 4562 quod
1271 4481 1566 4542 sententia
1599 4482 1696 4542 illa
1728 4503 1741 4541 :
1801 4481 1939 4544 Dies
1972 4481 2068 4543 ilie

2235 4482 2459 4564 Εἴρηται
2488 4484 2587 4564 γὰρ
2616 4483 2720 4559 ὅτι,
2758 4477 2819 4543 Ἠ
2850 4485 3022 4566 ἡμέρα
3055 4485 3239 4564 Κυρίου
3267 4487 3339 4548 ὡς
3370 4484 3604 4553 κλέπτης
3638 4485 3692 4542 ἐν
3722 4509 3808 4544 νυ-

428 4567 690 4642 Domini,
727 4579 787 4629 ut
819 4569 912 4630 fur
941 4569 998 4630 in
1035 4578 1208 4630 nocte
1240 4573 1318 4631 ita
1352 4581 1636 4633 venturus
1668 4582 1778 4652 est,
1814 4579 1869 4631 et
1901 4590 2070 4632 com-

430 4657 594 4719 muni
613 4658 1108 4721 consummationi
1150 4668 1384 4740 aptatur
1399 4669 1454 4722 et
1482 4662 1735 4740 propriae
1760 4661 2046 4740 cujusque

430 4746 573 4809 Cum
606 4748 766 4809 enim
799 4747 1078 4828 dixerint,
1125 4772 1146 4804 α
1215 4753 1326 4812 Pax
1389 4759 1445 4810 et
1477 4758 1598 4810 tuta
1629 4749 1848 4811 omnia.
1891 4775 1912 4803 ι
1952 4752 2076 4811 Hoc

431 4837 606 4896 etiam
639 4836 713 4897 ad
745 4836 1008 4917 ipsorum
1045 4837 1187 4899 dixit
1214 4839 1812 4901 consummationem.
1876 4837 2078 4919 Neque

432 4926 590 4987 enim
625 4928 724 4999 ob,
775 4926 830 4987 id
888 4927 1101 5008 inquit.
1135 4929 1288 5009 quod
1323 4926 1382 4988 in
1418 4929 1806 5007 prosperitate
1867 4928 2081 5006 degant

432 5013 720 5094 quivobis
764 5017 991 5078 molesti
1025 5026 1184 5094 sunt,
1237 5015 1578 5078 existiment
1621 5038 1735 5078 non
1770 5027 2077 5078 venturum

435 5124 514 5163 cs-
537 5122 566 5162 e
593 5103 806 5166 ﬁnem:
832 5105 1072 5166 omnino
1095 5107 1252 5167 enim
1269 5106 1484 5168 veniet.
1512 5129 1531 5156 ι·
1553 5105 1716 5168 Tunc
1735 5110 2080 5184 repentinus

439 5191 540 5253 eis.
562 5190 681 5251 uNe
695 5195 1094 5254 consolatione
1109 5195 1351 5255 omnino
1370 5196 1934 5276 carcatsupplicium
1966 5215 2079 5256 nc-

436 5281 696 5340 centinm
725 5289 782 5342 et
807 5281 1342 5343 fraudulentnrum:
1369 5286 1725 5362 et'prznterea
1745 5305 1818 5345 ne
1843 5284 2080 5359 cognito

441 5371 558 5429 fine
591 5368 768 5448 plane
791 5371 1114 5432 crudeliter
1144 5379 1200 5432 et
1231 5371 1555 5435 inhumane
1588 5373 2082 5436 imbecillioribus

437 5458 776 5519 insultando
811 5461 906 5539 qui
956 5460 1320 5540 potentiores
1349 5471 1504 5534 sunt,
1540 5463 1611 5522 ad
1651 5463 2079 5544 blasphemiam

438 5566 506 5608 ac
539 5547 1014 5629 desperationem
1049 5550 1428 5629 compellant.
1463 5553 1536 5614 Et
1565 5553 1862 5633 quomodo
1889 5554 2083 5614 aitre-

439 5637 745 5727 pentinum
778 5637 1094 5705 imminere
1152 5639 1479 5713 interitum,
1535 5663 1668 5705 cum
1727 5643 1885 5708 Elias
1914 5652 2085 5707 antea

2157 4575 2240 4628 κτὶ
2265 4573 2430 4638 οὕτως
2454 4573 2692 4654 ἔρχεται,
2726 4575 2940 4652 ἁρμόζει
2967 4573 3022 4631 δὲ
3051 4576 3139 4632 καὶ
3166 4574 3266 4654 ἐπὶ
3293 4580 3391 4644 τῆς
3435 4578 3619 4642 κοινῆς
3677 4600 3803 4634 συν-

2158 4661 2382 4735 τελείας,
2407 4648 2494 4720 καῖ
2515 4648 2621 4720 ἐπὶ
2657 4648 2770 4731 τῆς.
2795 4648 2928 4728 tam
2954 4665 3194 4724 ἑκάστου.
3240 4648 3388 4723 ’ὃταν
3429 4665 3528 4744 γάρ
3558 4663 3806 4745 λέγωσιν,

2166 4775 2194 4808 ιι
2226 4754 2424 4830 Εἰρήνη
2451 4754 2541 4809 καὶ
2587 4751 2869 4834 ἀσφάλεια,
2922 4777 2948 4808 »
3001 4763 3164 4813 Τοῦτο
3193 4755 3281 4810 καὶ
3309 4756 3442 4832 πρὸς
3485 4756 3810 4834 παραμυθίαν

2161 4843 2332 4900 αύτῶν
2363 4843 2628 4911 εἶπε.’Μὴ
2650 4845 2749 4924 γὰρ
2795 4842 3001 4923 ἐπειδὴ,
3026 4845 3205 4926 φησὶν,
3233 4843 3286 4900 ἐν
3311 4845 3564 4924 εόημερίᾳ
3593 4844 3810 4924 διάγου-

2163 4953 2244 4988 σιν
2272 4935 2318 4988 oi
2349 4932 2727 5011 ἐπηρεάζοντες
2757 4935 2918 5008 ὑμᾶς,
2975 4933 3379 5013 προσδοκήσωσι
3411 4936 3548 5009 μήτε
3577 4932 3721 5001 ἥξειν
3750 4936 3810 4991 τὸ

2161 5019 2311 5104 τέλος
2345 5037 2358 5050 ’
2392 5021 2506 5088 ἥξει
2535 5024 2635 5103 γὰρ
2661 5023 2895 5088 πάντως,
2919 5045 2957 5079 ,ι
2996 5023 3126 5082 Τότε
3155 5027 3241 5080 καὶ
3272 5021 3521 5104 αἰφνίδιος
3547 5027 3752 5087 αὐτοῖς,
3778 5047 3805 5079 ι

2167 5100 2292 5168 υΙνα
2321 5111 2398 5187 μὴ
2457 5100 2868 5192 ἀπαραμύθητος
2923 5112 3198 5178 παντελῶς
3253 5100 3462 5192 γένοιτο
3506 5114 3539 5181 ἡ
3586 5115 3811 5193 τιμωρία

2164 5201 2269 5256 τῶν
2327 5198 2680 5276 ἀδικουμένων
2737 5201 2830 5259 καὶ
2889 5201 3408 5279 πλεονεκτουμένων,
3454 5202 3544 5258 καὶ
3600 5201 3676 5258 ἔτι
3719 5202 3811 5260 ’ἕνα

2165 5291 2243 5364 μὴ
2272 5288 2572 5369 προειδότες
2602 5291 2701 5358 τὴν
2753 5290 3025 5366 τελευτὴν,
3073 5292 3314 5360 ἀνηλεῶς
3374 5291 3513 5348 ὅλω)
3562 5293 3650 5348 καὶ
3681 5291 3810 5371 ἀφι-

2161 5377 2490 5458 λανθρώπως
2524 5393 2642 5444 τοῖς
2678 5380 3074 5460 ἀσθενεστέροις
3137 5385 3184 5438 οἱ
3228 5379 3575 5460 δυνατώτεροι
3634 5379 3810 5457 ἐπεμ-

2166 5465 2453 5542 ϐαίνοντες,
2499 5471 2569 5535 εἷς
2621 5469 2960 5551 βλασφημίαν
3011 5473 3098 5527 καὶ
3124 5470 3433 5551 ἀμηχανίαν
3463 5468 3810 5533 συνελάσωσι,

2165 5558 2266 5641 limi
2329 5564 2442 5621 πῦς
2502 5559 2750 5639 αἰφνίδιον
2810 5559 2952 5640 λέγει
2996 5559 3241 5641 ἔρχεσθαι
3293 5562 3383 5617 τὸν
3439 5558 3676 5639 ὄλεθρον,
3723 5570 3815 5618 τοῦ

2169 5637 2346 5707 Ἠλίου
2397 5637 2795 5731 προερχομένου
2850 5637 2938 5708 καὶ
2991 5637 3094 5708 tbi";
3143 5649 3508 5732 Ἀντιχρίστου
3541 5637 3574 5734 ;-
3637 5652 3819 5729 Φαμὲν
