4188 6436
450 344 531 414 99
1552 343 1956 413 CECUMENII
2001 339 2299 409 TRICCIE
2343 337 2678 408 EPISCOPI
3712 335 3829 404 100

448 482 580 545 ﬁlii.
613 506 637 540 ι
684 481 880 545 Induti
917 482 1243 545 thoracem.
1289 480 1581 563 Superius
1622 480 1938 559 dixitopus
1961 498 2048 542 ess

2132 477 2256 538 ζὸτι
2326 479 2456 558 πρὸς
2512 478 2742 553 τούτοις,
2791 479 2879 535 καὶ
2948 475 3415 552 καθωπλισμένους
3488 476 3631 533 εἶναι
3686 476 3823 563 χρή.

448 572 689 651 vigilare
717 580 776 634 et
807 578 1061 633 attentos
1094 589 1249 652 esse,
1308 562 1469 633 nunc
1493 570 1656 632 addit
1689 569 1843 652 quod
1882 577 2048 649 prmtt

2180 566 2327 627 Ἐπεὶ
2379 566 2607 631 ἀόπλους
2671 568 2832 648 εὑρὼν
2914 569 2943 626 ὃ
3010 564 3277 655 διάϐολος,
3356 566 3657 655 επηρεάζει,
3730 562 3828 622 κᾶν

449 650 573 723 haec
596 660 770 723 etiam
794 669 1049 724 armatos
1073 678 1206 724 esse
1225 650 1513 741 oporteat,
1539 650 2048 741 quandoquidem:

2178 657 2408 731 μάλιστα
2448 657 2798 736 γρηγορῶμεν
2838 657 2926 714 καὶ
2983 650 3247 737 νέφωμεν.
3305 654 3529 733 Θώρακι
3584 650 3641 709 δέ
3694 674 3826 733 φησι

447 749 719 812 diabolus
736 759 1073 812 exarmatos
1094 750 1408 829 invenerit,
1435 749 1677 830 impetel
1707 768 1772 811 ac
1806 748 2043 810 oﬁ'ende

2177 747 2406 810 πίστεως
2459 746 2549 802 γαὶ
2602 745 2843 828 ἀγάπης,
2919 743 3005 802 διὰ
3081 746 3143 802 τὸ
3211 742 3425 822 στερῥὸν
3499 744 3670 799 αὖτῶν
3738 742 3828 799 καὶ

446 839 625 902 etiam
658 839 708 900 si
740 838 994 900 maxime
1024 838 1339 918 vigilemus
1369 847 1427 900 et
1479 838 1683 899 attenti
1714 837 1922 901 simus.
1962 840 2045 899 l7

2178 832 2439 910 ἄτμητον.
2474 834 2733 902 Τοιαύτην
2758 836 2861 914 γὰρ
2889 834 3033 892 εἶναι
3062 832 3146 892 δεῖ
3185 834 3284 902 τὴν
3323 833 3498 889 πίστιν
3554 832 3642 888 καὶ
3683 830 3825 911 ἁγά-

449 925 780 991 Thoracem
802 945 940 990 vero
961 926 1106 989 dicit
1126 927 1264 989 ﬁdei
1296 946 1365 989 ac
1385 926 1689 989 charitatis
1722 937 1964 1008 propter
1988 947 2048 990 sa

2177 946 2307 990 πην.
2338 922 2632 1004 ’Λπρόσιτα
2678 922 2733 981 δὲ
2761 931 2839 999 τῷ
2883 924 3105 1008 ταύταςΔ
3128 921 3311 1004 ἔχοντι
3339 928 3433 979 τοῦ
3483 919 3726 978 διαϐόλου
3759 920 3826 976 τὰ

444 1016 737 1080 liditatem
759 1036 827 1079 ac
847 1015 1374 1078 indivisibilitatem
1398 1016 1662 1097 ipsorum
1686 1034 1700 1078 :
1723 1003 1906 1078 “talem
1931 1017 2048 1078 enil

2172 1011 2324 1087 βέλη.
2381 1035 2409 1069 α
2453 1003 2645 1070 ίἘπίδα
2700 1016 2985 1092 σωτηρίας.
3023 1032 3052 1072 ι
3091 1003 3156 1070 Ἠ
3189 1003 3315 1091 γὰρ
3357 1010 3503 1074 ἐλπὶς
3552 1011 3651 1076 τῆς
3709 1030 3823 1065 σω·

442 1115 675 1187 oportet
704 1123 838 1169 esse
867 1105 1047 1167 ﬁdem
1079 1124 1146 1167 ac
1177 1105 1547 1167 charitatem.
1599 1105 1688 1166 Ad
1724 1125 1857 1167 eum
1891 1114 2048 1167 aute:

2171 1102 2356 1180 τηρίας
2431 1101 2571 1168 τάξει
2643 1102 3051 1184 περικεφαλαίας
3108 1103 3170 1158 τὸ
3241 1101 3536 1179 ἆναγκαῖον
3593 1101 3701 1155 τῶν
3768 1098 3822 1154 ὲν

443 1196 542 1276 qui
560 1196 667 1257 has
689 1196 890 1268 habet,
910 1212 1217 1257 accessum
1234 1194 1457 1256 habere
1474 1203 1776 1276 nequeunt
1798 1194 2048 1257 diabolic

2170 1191 2329 1267 ἡμῖν,
2389 1193 2481 1248 τὸν
2537 1192 2656 1250 νοῦν
2724 1194 2820 1249 οὐκ
2878 1192 2940 1265 ἰᾷ
2993 1192 3403 1272 περιτραπῆναι.
3470 1189 3568 1247 Καὶ
3616 1189 3716 1267 γὰρ
3786 1189 3821 1257 ἡ

445 1282 583 1346 tela.
624 1307 647 1341 α
682 1281 861 1365 Spem
893 1283 1125 1345 salutis.
1169 1308 1191 1341 ε
1228 1282 1460 1345 Etenim
1496 1301 1638 1361 Spes
1689 1283 1921 1360 salutis,
1958 1284 2048 1345 loc

2170 1283 2571 1365 περικεφαλαίκ,
2624 1286 2685 1341 τὸ
2736 1285 3089 1365 καιριώτατον
3158 1283 3314 1354 σώζει
3385 1281 3488 1348 τὴν
3556 1280 3818 1360 κεφαλήν.

442 1373 625 1451 galeae
656 1373 909 1435 maxime
940 1373 1296 1435 necessariae
1320 1372 1478 1435 inter
1506 1391 1577 1434 ea
1629 1391 1758 1454 qua;
1800 1373 1860 1433 in
1915 1372 2048 1434 nobi

2172 1372 2270 1428 Καὶ
2326 1370 2569 1453 ἀλλαχοῦ
2624 1371 2679 1429 δὲ
2725 1374 2826 1441 τὴν
2866 1374 3041 1431 πίστιν
3092 1372 3182 1429 καὶ
3237 1371 3337 1439 τὴν
3394 1367 3578 1426 ἐλπίδα
3606 1370 3695 1426 καὶ
3722 1369 3822 1436 τὴν

443 1470 602 1536 sunt,
618 1480 735 1523 non
749 1461 892 1524 sinit
909 1469 1169 1523 mentem
1189 1462 1259 1523 ad
1276 1463 1492 1523 malum
1520 1461 1743 1543 impelli
1756 1460 2048 1544 .Siquider

2168 1458 2383 1538 ἀγάπην
2410 1462 2687 1541 προτίθησι
2715 1469 2821 1519 τῶν
2848 1461 3050 1520 λοιπῶν
3095 1461 3317 1540 ἀρετῶν,
3359 1464 3448 1516 καὶ
3490 1459 3578 1515 νῦν
3629 1459 3821 1522 ταύτας

442 1550 608 1628 galea
639 1549 931 1614 tutissime
959 1559 1151 1613 servat
1173 1559 1367 1632 caput.
1399 1550 1559 1613 Alibi
1608 1570 1844 1633 quoque
1881 1550 2048 1614 ﬁdem

2169 1552 2389 1607 κτᾶσθαι
2417 1549 2646 1613 κελεύει.

441 1658 608 1720 spem
633 1648 687 1701 et
713 1639 1059 1702 charitatem
1078 1641 1307 1702 cateris
1340 1640 1631 1721 praeponit
1661 1640 1995 1717 virtutibus,
2033 1649 2094 1703 et

440 1748 600 1791 nunc
632 1731 736 1791 has
764 1730 988 1791 habere
1014 1730 1207 1793 iubet.

484 1748 600 1791 unc
632 1731 736 1791 has
764 1728 988 1791 habere
1011 1728 1207 1809 jubet.

482 1815 654 1908 τέο-,ι
667 1821 703 1880 3
736 1818 1044 1894 Quoniam
1054 1836 1172 1881 non
1190 1820 1476 1908 constitui
1482 1817 1796 1882 tuasDeus
1809 1820 1889 1883 ad
1900 1823 2048 1884 iram

2132 1860 2149 1907 ι
2260 1840 2283 1873 ι
2338 1826 2432 1876 Οτι
2480 1823 2575 1880 οὒκ
2617 1818 2761 1877 ἔθετο
2784 1821 2928 1896 ἡμᾶς
2970 1821 3010 1908 ὁ,
3031 1820 3160 1882 Θεὸς
3218 1819 3291 1882 εἰς
3334 1816 3521 1908 ὀργὴν,
3743 1816 3816 1908 είς

434 1907 541 1969 sed
551 1907 632 1970 ad
643 1910 1126 1970 consecutionem
1138 1907 1355 1971 salutis
1362 1910 1801 1988 perDominum
1812 1920 2048 1973 nostra:

2132 1906 2504 1986 ⁷περιποίησιν
2604 1911 2892 1990 σωτηρίας,
2990 1906 3074 1965 διὰ
3183 1914 3275 1965 τοῦ
3380 1906 3567 1985 Κυρίου
3662 1906 3816 1981 ἡμῶν

432 1996 642 2058 Iesum
663 1997 995 2070 Christum,
1009 1998 1113 2076 qui
1125 2003 1401 2060 mortuus
1419 2005 1506 2059 est
1520 2015 1636 2078 pro
1661 1998 1858 2074 nobis,
1874 2008 1945 2061 ut
1965 2001 2048 2062 sic

2172 1994 2350 2063 Ἰησοῦ
2446 2004 2691 2076 Χριστοῦ,
2791 1998 2884 2056 to;
2974 1997 3325 2063 ἂποθανόντος
3413 1996 3542 2076 ὑπὲρ
3635 1997 3813 2071 ἡμῶν,

432 2083 748 2163 vigilemus
757 2085 1666 2167 sivedormiamus,semperrum
1681 2086 1783 2149 illo
1799 2090 1861 2150 vi
1866 2106 2042 2151 camu

2171 2083 2264 2140 ’ἵνα
2333 2083 2445 2144 εἴτε
2513 2095 2887 2167 γρηγορῶμεν,
2940 2086 3052 2144 εἴτε
3109 2084 3461 2162 καθεύδωμεν,
3535 2084 3649 2161 ἅμα
3723 2084 3817 2140 σὺν

437 2172 814 2255 Quapropter
849 2174 1263 2237 adhortemini
1291 2192 1394 2237 vos
1414 2181 1646 2250 mutuo,
1696 2183 1750 2237 et
1777 2176 2048 2256 wdiﬁceti

2168 2172 2312 2248 αὖτῷ
2392 2177 2661 2252 ζήσωμεν.
2758 2179 2851 2234 Διὸ
2928 2174 3290 2256 παρακαλεῖτε
3361 2172 3648 2249 αλλήλους,
3726 2173 3816 2229 καὶ

430 2264 668 2344 singuli
694 2264 969 2344 singulos
996 2265 1152 2327 sicut
1179 2274 1236 2326 et
1263 2263 1489 2334 facitis.
1519 2265 1830 2345 Rogamus
1877 2272 2048 2328 autem

2167 2259 2498 2338 οἰκοδομεῖτε
2566 2268 2650 2329 εἷς
2706 2267 2797 2323 τὸν
2855 2264 2946 2323 ἕνα
2986 2266 3161 2323 καθὼς
3217 2265 3305 2321 καὶ
3358 2277 3589 2322 ποιεῖτε.
3636 2263 3811 2339 Ἐρω-

431 2369 555 2428 vos,
578 2356 823 2431 fratres,
858 2359 926 2415 ut
949 2354 1298 2431 agnoscatis
1320 2371 1417 2416 eos
1461 2356 1568 2434 qui
1611 2352 1893 2418 laborant
1922 2358 2048 2419 inte

2162 2354 2339 2425 τῶμεν
2420 2351 2475 2408 δὲ
2543 2356 2703 2429 ὑμᾶς,
2776 2352 3011 2436 ἁδελφοὶ,
3092 2352 3279 2411 εἰδέναι
3330 2354 3454 2417 τοὺς
3508 2353 3809 2416 κοπιῶντας

403 2458 536 2503 .oos
554 2448 610 2504 et
633 2444 741 2523 qui
762 2450 1033 2512 praesunt
1062 2442 1224 2505 vobis
1255 2447 1319 2502 in
1350 2443 1627 2523 Domino,
1654 2461 1728 2505 ac
1757 2443 2048 2508 admonet:

2162 2436 2216 2494 ἐν
2284 2440 2437 2522 ὑμῖν,
2508 2446 2595 2500 καὶ
2663 2444 3086 2524 προϊσταμένους
3157 2444 3304 2518 ὑμῶν
3359 2442 3413 2500 ἒν
3470 2442 3662 2521 Κυρίῳ,
3719 2442 3807 2497 καὶ

431 2546 557 2604 uos,
593 2540 649 2592 et
679 2531 1031 2593 existimate
1058 2530 1199 2593 illos
1228 2530 1608 2595 vehementer
1627 2550 1812 2613 supra
1833 2535 2048 2597 modun

2162 2530 2526 2595 νουθετοῦντας
2603 2533 2759 2608 ὑμᾶς,
2855 2534 2944 2590 καὶ
3032 2534 3281 2611 ἡγεῖσθαι
3370 2531 3558 2595 αὖτοὺς
3639 2531 3806 2609 ὑἪῖε(⁵⁸⁵

428 2633 554 2680 esse
579 2622 644 2681 in
674 2618 993 2695 charitate,
1042 2625 1296 2700 propter
1347 2637 1496 2701 opus
1552 2620 1825 2684 illorum.
1860 2621 2048 2686 Pacem

2161 2626 2473 2696 εκπερισσοῦ
2514 2619 2570 2676 ἰν
2612 2620 2793 2702 ἀγάπῃ
2825 2618 2909 2678 διὰ
2936 2623 2999 2679 τὸ
3029 2620 3181 2702 ἔργον
3209 2622 3402 2681 αὖτῶν.
3433 2620 3733 2701 Εἰρηνεύετε
3753 2619 3809 2676 ἐν

425 2705 638 2770 habete
668 2710 732 2771 in
767 2708 1108 2789 vobisipsis.

2164 2704 2398 2773 ἑαυτοῖς.
2435 2733 2464 2764 ι

508 2794 667 2871 Haec,
686 2797 899 2879 inquit,
924 2796 1196 2859 habenba
1222 2807 1361 2859 sunt
1390 2796 1562 2860 nobis
1585 2816 1768 2861 arma.
1795 2799 2048 2873 Quando

2242 2803 2417 2855 Ταῦτα
2444 2797 2498 2854 δὲ
2528 2801 2688 2875 ἡμῖν,
2747 2800 2898 2880 φησὶ,
2956 2800 3180 2880 κρητέον
3234 2800 3303 2856 τὰ
3372 2796 3535 2862 ὅπλα,
3583 2795 3805 2865 Ἐπειδὴ

429 2884 671 2966 quidem
704 2904 901 2967 neque
932 2885 1091 2948 Deus
1148 2885 1456 2948 constituit
1500 2903 1694 2969 neque
1723 2888 2048 2969 designavit

2157 2884 2245 2940 καὶ
2274 2886 2302 2941 ὁ
2334 2886 2463 2951 om
2519 2887 2616 2944 οῦκ
2671 2886 2841 2965 ἔθετο,
2885 2885 3002 2944 οὐδὲ
3049 2887 3332 2968 ἀφώρισεν,
3390 2884 3507 2946 οὐδὲ
3554 2884 3640 2943 ἐπὶ
3679 2886 3808 2942 τού-

425 2993 623 3057 neque
656 2983 976 3057 propterea
1002 2974 1145 3038 fecit
1174 2994 1306 3050 nos,
1360 2983 1424 3036 ut
1454 2974 1602 3038 iram
1636 2995 1803 3039 suam
1829 2979 2048 3060 excipe-

2155 2993 2235 3046 τῳ
2289 2972 2561 3051 ἐποίησεν,
2594 2976 2687 3034 ἵνα
2741 2976 2839 3045 τῆς
2896 2977 3060 3057 ὀργῆς
3117 2977 3276 3034 αὺτοῦ
3325 2973 3599 3056 γενώμεθα
3640 2971 3810 3032 δεκτι-

420 3082 647 3140 remus,
681 3064 787 3127 sed
823 3073 882 3127 ut
912 3065 1105 3128 salvos
1136 3065 1359 3127 faceret
1405 3083 1535 3128 nos.
1572 3064 1860 3139 Quoniam
1892 3066 2048 3148 igitu:

2155 3062 2262 3135 κοὶ,
2335 3061 2454 3121 ἀλλ’
2507 3063 2601 3123 ἵνα
2642 3065 2793 3142 σώσῃ
2848 3067 3015 3142 ἡμᾶς.
3048 3064 3197 3124 Ἐπεὶ
3225 3065 3314 3123 οὖν
3355 3063 3565 3141 θέλημα
3586 3069 3718 3120 Θεοῦ
3742 3065 3807 3121 τὸ

421 3152 529 3215 Dei
561 3135 829 3217 voluntas
859 3163 949 3217 est
1003 3164 1070 3217 ut
1123 3172 1233 3237 nos
1288 3154 1433 3216 salvi
1491 3135 1699 3227 simius.
1734 3156 1861 3238 ipse
1892 3135 2048 3221 etian

2155 3150 2407 3224 σώζεσθαι
2436 3155 2602 3230 ἡμᾶς,
2652 3135 2809 3220 αὒτδς
2860 3135 2948 3213 καὶ
3002 3157 3309 3235 συνεργήσει
3367 3135 3503 3235 πρὸς
3541 3154 3642 3222 τὴν
3696 3157 3804 3209 τῶν

422 3242 658 3323 adjuvat
689 3261 797 3306 nos
827 3243 901 3305 ad
958 3244 1171 3306 horum
1228 3261 1531 3306 armorum
1586 3245 2040 3324 acquisitionem

2153 3238 2333 3300 ὅπλων
2363 3244 2563 3302 τούτων
2595 3250 2807 3313 κτῆσιν.
2848 3265 2873 3302 ε
2936 3242 3086 3303 Ἀλλ’
3118 3247 3191 3311 εἰς
3234 3245 3571 3326 περιποίησιν
3613 3264 3800 3311 σωτη-

424 3356 449 3392 ε
485 3334 601 3397 Sed
632 3339 708 3399 ad
766 3333 1250 3398 consecutionem
1307 3332 1515 3396 salutis
1592 3358 1616 3394 ι
1682 3333 1801 3398 Sed
1836 3335 2044 3419 sibiisp

2150 3329 2285 3408 ρίας.
2341 3355 2370 3388 ε
2420 3330 2572 3390 Ἀλλ’
2614 3335 2808 3412 ἑαυτῷ,
2853 3336 3003 3417 φησὶ,
3070 3336 3453 3415 περιποίήσατο
3500 3335 3669 3410 ἡμᾶς,
3713 3333 3801 3390 καὶ

417 3423 730 3505 acquisivit
759 3442 890 3499 nos,
927 3432 985 3486 et
1012 3422 1190 3485 veluti
1246 3422 1321 3485 ad
1371 3422 1796 3504 possidendum
1856 3435 2048 3489 nactu!

2149 3426 2267 3481 οἷον
2321 3422 2584 3493 ἐκτήσατο
2637 3425 2806 3505 ἡμᾶς,
2886 3421 3004 3488 δοὺς
3081 3425 3212 3503 ὑπὲρ
3266 3425 3425 3501 ἡμῶν
3479 3423 3666 3503 τιμήν,
3724 3423 3800 3476 ὧν

417 3520 509 3575 est
537 3512 674 3575 data
706 3530 812 3594 pro
845 3511 1015 3574 nobis
1050 3511 1262 3594 pretio,
1295 3528 1509 3594 nempe
1530 3511 1689 3575 inter
1711 3530 1782 3576 ea
1810 3532 1944 3595 quae
1965 3515 2048 3577 ba

2146 3513 2275 3592 εἶχε
2322 3513 2384 3569 τὸ
2439 3514 2759 3589 τιμιώτατον
2792 3534 2809 3552 ο
2871 3517 2934 3571 τὸ
2983 3513 3084 3593 γὰρ
3139 3517 3279 3590 αἷμα
3319 3522 3414 3571 τοῦ
3470 3518 3797 3591 Μονογενοῦς

398 3601 619 3679 bebat,
662 3601 1125 3684 pretiosissima:
1186 3601 1535 3679 sanguinem
1570 3601 1730 3664 enim
1761 3602 2064 3683 Unigeniti

412 3690 592 3753 dedit.
609 3694 752 3755 Cum
766 3691 946 3771 igitur
961 3690 1528 3773 habeamus,inquit,
1545 3702 1957 3771 argumentum
1974 3694 2033 3756 di

410 3780 682 3843 lectionis
698 3781 828 3857 Dei,
849 3781 1028 3843 ﬁdem
1041 3779 1369 3843 habeamus
1381 3798 1511 3861 qua:
1521 3781 1591 3841 ad
1608 3782 1799 3862 ipsum
1813 3790 1935 3863 est;
1960 3782 2057 3844 di-

409 3869 725 3934 lectionem
739 3888 867 3953 qure
880 3878 940 3933 et
956 3867 1027 3932 ad
1042 3870 1234 3951 ipsum
1248 3879 1333 3931 est
1349 3877 1405 3931 et
1422 3869 1495 3931 ad
1509 3869 1863 3951 proximum:
1889 3889 2058 3954 Spem

410 3958 586 4021 etiam
613 3960 826 4022 bonam
851 3958 1007 4041 quod
1033 3957 1225 4019 salvos
1262 3957 1436 4020 faciet
1458 3958 1613 4039 quod
1639 3959 1711 4021 ad
1736 3960 2055 4041 possiden-

407 4046 549 4109 dum
581 4048 914 4130 acquisivit.
958 4069 981 4105 ι
1017 4046 1092 4111 Ut
1143 4047 1268 4109 sive
1325 4047 1657 4127 vigilemus.
1724 4073 1747 4107 ιι
1805 4048 1869 4112 In
1903 4052 2060 4114 hunc

406 4145 605 4200 autem
623 4138 800 4200 ﬁnem
821 4155 925 4219 pro
940 4134 1113 4198 nobis
1131 4144 1400 4198 mortuus
1416 4143 1504 4198 est
1525 4136 1817 4215 Christus,
1840 4138 2055 4222 inquit,

406 4232 472 4288 ut
490 4224 612 4287 sive
630 4224 964 4304 vigilemus,
990 4225 1048 4287 id
1070 4235 1183 4299 est,
1208 4224 1489 4300 vivamus,
1519 4226 1644 4289 sive
1666 4227 2057 4307 dormiamus,

404 4314 467 4377 id
493 4321 603 4389 est,
630 4315 1135 4390 moriamur(nam
1164 4314 1279 4376 alio
1306 4314 1484 4377 modo
1531 4315 1749 4396 accipit
1782 4316 1881 4379 hic
1909 4318 2054 4381 dor-

2145 3599 2390 3665 δέδωκεν.
2457 3611 2691 3684 Εχοντες
2753 3602 2865 3678 οὖν,
2914 3605 3071 3685 φησὶ,
3114 3605 3213 3670 τῆς
3257 3602 3472 3683 ἀγάπης
3529 3610 3622 3659 του
3666 3608 3799 3663 Θεοῦ

2143 3694 2236 3747 τὸν
2273 3689 2523 3773 ἔλεγχον,
2581 3693 2754 3751 πίστιν
2812 3691 3029 3773 ἔχωμεν
3071 3694 3170 3764 τήν
3212 3694 3286 3758 εἰς
3342 3693 3497 3750 αὐτὸν
3555 3691 3793 3770 ἀγάπην,

2144 3781 2244 3850 τήν
2284 3802 2343 3838 τε
2374 3783 2446 3846 είς
2499 3783 2654 3839 αὐτὸν
2703 3785 2791 3840 καὶ
2845 3786 2936 3840 τὸν
2992 3782 3243 3862 πλησίον,
3305 3779 3489 3840 ἐλπίδα
3547 3782 3797 3862 χρηστὴν

2145 3868 2225 3926 ὅτι
2256 3870 2415 3927 σώσει
2471 3873 2561 3935 οὓς
2617 3869 2903 3943 ἐκτήσατο,
2956 3894 2984 3927 ε
3047 3861 3174 3929 u[va
3203 3869 3316 3928 εἴτε
3345 3861 3720 3951 γρηγορῶμεν.
3760 3894 3789 3927 ιι

2146 3960 2245 4016 Διὰ
2274 3969 2452 4040 τοῦτο,
2498 3958 2573 4035 δὲ,
2634 3961 2814 4041 φησὶν,
2871 3961 3000 4041 ὑπὲρ
3057 3961 3212 4036 ἡμῶν
3281 3960 3537 4017 ἂπέθανεν
3581 3962 3610 4016 ὁ
3657 3967 3793 4038 Χρι-

2140 4050 2285 4122 στὸς,
2359 4049 2452 4106 ἵνα
2505 4055 2877 4131 γρηγορῶμεν,
2950 4049 3210 4130 τουτέστι,
3265 4055 3465 4129 ζῶμεν,
3507 4046 3619 4105 εἴτε
3666 4053 3792 4106 καθ-

2140 4136 2391 4216 εύδωμεν,
2452 4139 2716 4215 τουτέστι,
2786 4136 2899 4196 εἴτε
2969 4138 3344 4219 ἀποθάνωμεν,
3428 4136 3621 4202 σᾶλλως
3689 4138 3792 4217 γὰρ

2138 4225 2238 4283 ὦδε
2293 4229 2354 4284 τὸ
2404 4226 2667 4285 καθεύδειν
2736 4230 2825 4286 καὶ
2876 4231 2979 4309 οὐχ
3036 4230 3111 4292 ὡς
3158 4228 3269 4285 ἄνω
3327 4224 3618 4307 ἐξέλαϐεν,)
3676 4228 3789 4302 ἅμα

2140 4316 2232 4372 σὺν
2275 4319 2417 4392 αὐτῷ
2472 4320 2744 4394 ζήσωμεν.
2779 4321 2839 4377 Οἱ
2882 4319 2983 4399 γὰρ
3025 4320 3092 4376 τὰ
3148 4318 3400 4399 εἰρημένα
3454 4316 3594 4374 ὅπλα
3643 4339 3788 4384 κτη-

406 4401 559 4465 mire
588 4420 767 4483 quam
800 4402 860 4465 in
892 4379 1326 4486 superioribus)
1347 4421 1586 4486 semper
1609 4379 1742 4466 cum
1768 4405 1869 4468 illo
1899 4407 2048 4472 viva-

2137 4379 2400 4482 σάμενοι,.
2423 4379 2704 4479 συξήσουσι
2735 4379 2834 4465 καὶ
2874 4379 3348 4484 συμϐασιλεύσουσι
3398 4415 3478 4484 τῷ
3548 4379 3782 4486 Χριστῶ.

403 4510 559 4557 mus.
593 4491 703 4566 Qui
751 4492 909 4555 enim
955 4491 1114 4556 dicta
1140 4510 1306 4555 arma
1337 4492 1666 4575 possident,
1700 4494 1877 4558 simul
1914 4516 2048 4561 cum

2140 4518 2168 4550 α
2244 4496 2338 4553 Διὸ
2391 4494 2753 4576 παρακαλεῖτε
2801 4494 3089 4567 ἀλλήλους.
3167 4520 3197 4554 ι
3258 4493 3479 4565 Ἐπειδὴ
3521 4497 3621 4575 γὰρ
3691 4495 3788 4553 οὐκ

400 4580 638 4647 Christo
668 4580 864 4644 vivent
892 4599 961 4644 ac
989 4581 1326 4662 regnabunt
1403 4582 1539 4643 180
1592 4605 1616 4641 ε
1681 4581 2048 4668 Quapropter

2133 4585 2405 4665 ἰσχύουσιν
2454 4588 2503 4644 οἱ
2558 4582 2857 4644 διδάσκαλοι
2903 4588 3034 4666 πρὸς
3088 4587 3187 4655 τὴν
3239 4593 3345 4643 τῶν
3376 4587 3623 4644 ἁπάντων
3654 4608 3783 4643 νου-

397 4670 800 4735 adhortemini
826 4689 927 4732 vos
957 4679 1185 4735 mutuo.
1232 4694 1256 4731 ι
1295 4668 1605 4754 Siquidem
1635 4671 1736 4755 qui
1766 4691 1876 4736 nos
1906 4693 2046 4756 pos-

2132 4674 2326 4752 θεσίαν,
2397 4677 2487 4733 καὶ
2577 4676 2789 4743 ἑαυτοῖς
2856 4679 2918 4733 τὸ
2986 4688 3271 4757 παραῖνεῖν
3353 4676 3444 4732 καὶ
3523 4673 3784 4732 διδάσκειν

396 4768 536 4824 sunt
565 4767 966 4843 praeceptores
1013 4759 1281 4839 singulos
1328 4761 1681 4838 admonere,
1731 4764 2048 4827 committit

2132 4761 2319 4828 αὖτοὺς
2349 4763 2640 4845 ἐπιτρέπει,
2677 4788 2706 4821 ε
2740 4764 3056 4843 Ἐρωτῶμεν
3100 4763 3156 4821 δὲ
3185 4766 3344 4842 ὑμᾶς,
3407 4787 3436 4820 ιι
3497 4767 3616 4822 οἷον
3669 4786 3784 4821 πα-

393 4848 563 4931 ipsis,
598 4858 661 4912 ut
689 4868 755 4913 se
784 4859 996 4913 mutuo
1028 4850 1420 4914 exhortentur
1450 4857 1509 4912 et
1536 4850 1810 4913 doceant.
1866 4874 1890 4909 ε
1930 4854 2038 4918 Bo-

395 4956 602 5019 gamus
628 4946 825 5002 autem
856 4958 983 5021 vos,
1023 4963 1046 4998 ιι
1082 4938 1215 5002 sive
1246 4940 1649 5003 exhortamur.
1690 4962 1713 4994 ιι
1751 4940 1826 5005 Ut
1854 4960 2043 5022 agno-

396 5025 577 5090 scatis
631 5046 735 5089 eos
792 5028 894 5109 qui
949 5027 1244 5093 laborant.
1310 5052 1333 5087 ι
1401 5028 1632 5091 Deinde
1690 5048 1766 5091 ne
1828 5030 2042 5095 existi-

392 5122 557 5178 ment
584 5115 741 5196 quod
776 5126 1174 5199 praeceptores
1200 5116 1468 5199 ipsorum
1499 5119 1819 5182 removerit
1869 5140 1939 5183 ex
1970 5139 2041 5185 eo

392 5204 550 5288 quod
581 5204 727 5285 ipsis
750 5206 1117 5268 commiserit
1147 5214 1414 5269 mutuam
1452 5206 1947 5287 gubernationem
1980 5222 2040 5274 et

388 5291 895 5369 adhortationem,
950 5294 1220 5375 protinus
1281 5296 1647 5360 mentionem
1704 5298 1844 5363 fecit
1892 5319 2038 5380 prac-

387 5387 695 5466 ceptorum
746 5383 1036 5465 ipsorum.
1105 5407 1128 5442 α
1190 5383 1261 5447 Et
1315 5385 1417 5468 qui
1466 5395 1730 5468 praesunt
1777 5389 1968 5452 vobis.
2006 5415 2031 5449 ι

387 5472 540 5560 Nam
564 5473 615 5534 si
647 5470 782 5536 illos
813 5472 915 5556 qui
943 5474 1100 5556 apud
1145 5474 1420 5538 homines
1444 5485 1715 5558 potentes
1748 5489 2034 5560 praesunt,

386 5559 550 5624 omni
577 5560 894 5643 dignamur
921 5569 1174 5646 honore,
1207 5565 1390 5628 multo
1415 5567 1603 5646 magis
1651 5559 1884 5649 oportet
1937 5588 2039 5633 sa-

384 5649 661 5718 cerdotes
677 5649 739 5714 in
753 5651 982 5718 honoro
1004 5652 1226 5719 habere
1249 5654 1352 5738 qui
1366 5655 1522 5740 apud
1546 5657 1733 5720 Deum
1751 5669 2032 5741 pmsunt,

2132 4851 2486 4933 ρακαλοῦμεν.
2526 4877 2555 4910 α
2587 4853 2789 4912 Είδέναι
2843 4855 2965 4920 τοὺς
3024 4858 3348 4920 κοπιῶντας,
3412 4876 3441 4909 ι
3503 4853 3642 4912 Εἶτα
3687 4852 3783 4910 ἵνα

2128 4941 2208 5018 μὴ
2264 4944 2549 5019 νομίσωσιν
2604 4943 3049 5012 ἄποκεκινηκέναι
3106 4946 3281 5004 αὐτῶν
3350 4944 3473 5007 τοὺς
3526 4940 3778 5000 διδασκά-

2124 5029 2246 5094 λους
2290 5030 2375 5089 διὰ
2429 5042 2523 5093 τοῦ
2577 5032 2857 5114 ἐπιτρέψαι
2914 5038 3097 5097 αὐτοῖς
3135 5034 3237 5101 τὴν
3279 5031 3532 5103 ἀλλήλων
3566 5029 3778 5089 οἰκοδο-

2124 5121 2233 5197 μὴν
2262 5123 2348 5179 καὶ
2403 5121 2761 5202 παράκλησιν,
2814 5122 3002 5188 εὐθέως
3061 5130 3167 5181 τῶν
3223 5120 3549 5179 διδασκάλων
3604 5122 3779 5181 αῦτῶν

2123 5211 2344 5288 μνήμην
2413 5211 2725 5284 ἐποιήσατο.
2757 5235 2786 5267 α
2821 5214 2920 5270 Καὶ
2975 5212 3400 5294 προϊσταμένους
3448 5213 3617 5288 ὑμῶν,
3657 5232 3682 5269 ι
3717 5211 3777 5269 Εἰ

2121 5299 2221 5378 γὰρ
2294 5302 2414 5366 τοὺς
2480 5300 2567 5358 ἐπὶ
2649 5301 2937 5381 ἀνθρώπων
3018 5301 3249 5360 δυνατῶν
3322 5299 3777 5382 προοῖσταμένους

2119 5390 2297 5457 πάσης
2366 5389 2606 5468 ἀξιοῦμεν
2676 5393 2866 5473 τιμῆς,
2947 5391 3134 5468 πολλῷ
3218 5390 3421 5473 μᾶλλον
3485 5389 3570 5449 δεῖ
3653 5390 3776 5454 τοὺς

2117 5477 2311 5560 ἱερέας,
2371 5482 2424 5537 οἳ
2456 5482 2586 5561 πρὸς
2617 5482 2707 5538 τὸν
2757 5471 2886 5540 Θεδν
2934 5484 3308 5563 προΐστανται.
3367 5471 3534 5541 ’Ὅθεν
3563 5481 3721 5562 φησίν
3754 5495 3769 5509 ⁸

2126 5586 2154 5653 ε
2215 5567 2308 5626 Ἐν
2368 5570 2559 5650 Κυρίῳ,
2598 5595 2626 5626 ι
2685 5570 2946 5652 τουτέστι,
3004 5572 3139 5629 κατᾶ
3198 5572 3386 5653 Κύριον
3436 5568 3774 5651 προϊσταμέ-

2120 5648 2262 5737 νους,
2322 5648 2484 5741 ἤγουν
2540 5648 2625 5718 ἒπὶ
2678 5670 2768 5721 τοῦ
2820 5648 3004 5742 Κυρίου
3074 5648 3518 5745 προϊσταμένους.
3586 5681 3610 5718 ε
3674 5660 3772 5720 Καὶ
