4188 6426
330 363 429 432 ιοι

1323 359 1720 430 COMMENT.
1766 361 1847 427 IN
1893 353 2133 424 EPIST.
2185 359 2206 421 Ι
2251 360 2354 422 AD
2395 352 2761 422 THESSAL.

3615 354 3732 420 102

318 501 565 578 ἡγεῖσθαι
594 497 815 563 αῦτοΰς.
885 524 909 558 ι
977 499 1075 556 Καὶ
1133 499 1380 577 ἡγεῖσθαι
1436 498 1624 561 αὐτοὺς
1682 496 1737 554 ἐν
1809 498 1985 578 ἀγάπῃ

2082 491 2250 557 Unde
2280 492 2388 556 ait:
2427 517 2444 550 ι
2471 492 2580 565 Qui
2613 493 2671 554 in
2713 493 2992 576 Domino,
3029 519 3056 549 ι
3095 495 3206 556 hoc
3241 500 3353 566 est,
3399 492 3730 555 secundum

322 596 388 663 τῇ
416 589 566 663 ὑμῶν
626 585 864 666 ὀφείλειν
921 587 1088 666 εἶναι,
1144 585 1432 658 τουτέστιν,
1482 587 1731 662 ἡγεῖσθαι
1804 587 1990 649 αὐτοὺς

322 677 493 742 ἀξίους
535 685 630 735 τοῦ
677 675 1018 754 ἀγαπᾶσθαι,
1069 677 1157 732 καὶ
1209 674 1268 732 οὒ
1313 680 1539 752 μικρῶς,
1586 673 1706 730 ἀλλ’
1748 701 1774 734 α
1824 678 1986 755 ὑπερ-

322 772 662 844 εκπερισσοῦ.
711 793 735 822 ι
808 763 997 831 [Ιολλὴ
1041 763 1096 819 δὲ
1148 766 1183 832 ἡ
1229 762 1488 836 ἑπὶτασις,
1567 770 1659 820 τοῦ
1709 765 1860 844 ὑπὲρ,
1907 766 1994 821 καὶ

325 865 423 914 τοῦ
467 855 552 914 ἐκ.
603 882 626 914 ι
668 855 767 910 Διά
811 855 874 909 τὸ
920 852 1071 932 ἔργον
1098 855 1292 932 αὐτῶν,
1325 880 1348 912 ι
1397 853 1580 931 φησὶν,
1611 853 1640 908 ὃ
1670 850 1994 912 ἐπιτελοῦσιν

326 947 406 1008 εὶς
465 946 628 1020 ὑμᾶς.
682 942 1059 1015 Βαπτίσματος
1130 942 1230 1021 γάρ
1285 943 1372 997 καὶ
1430 939 1657 1021 διδαχῆς
1715 944 1802 999 καὶ
1845 943 1993 1021 γνώ-

323 1055 464 1097 σεως
532 1035 622 1089 καὶ
665 1032 966 1110 μυστηρίων
1010 1035 1255 1111 μετοχὴς
1312 1031 1454 1087 οὗτοι
1483 1032 1610 1106 ὑμῖν
1656 1033 1754 1088 εἰσι
1855 1031 1993 1111 πρό-

327 1123 493 1189 Ξενοι.
537 1150 559 1179 ε
623 1121 928 1201 [εἰρηνεύετε
983 1121 1037 1177 ἰν
1082 1122 1316 1183 ἑαυτοῖς.
1367 1139 1390 1168 ι
1444 1111 1602 1198 Ὀρᾷς
1645 1118 1790 1186 ὅπως
1847 1120 1993 1177 οἶδεν

333 1214 533 1294 ἔχθρας
602 1211 731 1290 πρὸς
780 1210 904 1274 τοὺς
959 1209 1297 1276 διδασκάλους
1357 1209 1719 1290 τικτομέναςς
1774 1209 1866 1275 Ἐξ
1918 1213 1991 1267 ὧν

325 1305 428 1381 γὰρ
470 1302 539 1358 τά
569 1298 744 1381 φαῦλα
786 1298 1099 1378 ἐλέγχουσι,
1142 1300 1228 1355 καὶ
1278 1304 1384 1355 τῶν
1435 1305 1618 1355 κακῶν
1659 1298 1984 1378 ἀπείργουσι,

317 1401 640 1467 μισοῦνται,
673 1390 843 1445 καίτοι
887 1388 1187 1466 ἀγαπᾶσθαι
1232 1385 1554 1469 ὀφείλοντες,

2073 582 2416 650 Dominum,
2451 582 2573 642 sive
2599 582 2710 643 sub
2756 583 3004 646 Domino
3036 591 3328 664 praesunt.
3361 604 3385 642 ι
3423 581 3493 643 Ει
3517 582 3728 644 existi-

2076 679 2232 733 mate
2265 670 2466 732 illos.»
2514 669 2582 732 Et
2631 671 2858 733 ducatis
2905 672 3040 732 illos
3089 671 3145 733 in
3195 673 3483 734 charitate
3532 680 3723 734 vestra

2077 759 2300 824 debere
2332 778 2463 822 esse
2491 779 2504 824 :
2539 761 2649 821 hoc
2682 770 2793 834 est,
2827 761 3026 823 ducite
3059 761 3224 838 ipsos
3245 760 3455 840 dignos
3473 779 3602 822 esse
3627 761 3732 842 qui

2079 847 2435 924 diligantur:
2465 867 2657 930 neque
2675 848 2734 909 id
2758 848 2968 928 exiguo
2995 849 3193 928 modo,
3219 849 3324 910 sed
3343 851 3731 912 vehi-menter

2078 953 2258 1016 supra
2284 934 2551 997 modum.
2581 935 2790 1015 Magna
2805 945 3102 998 estautem
3123 935 3449 998 intensioin
3469 937 3731 998 dictione

2077 1026 2521 1104 ὑπερεκπερισσοῦ
2574 1033 2814 1104 propter
2863 1024 3160 1104 geminam
3206 1024 3726 1105 compositionem,

2075 1131 2294 1194 nempe
2348 1114 2813 1194 propositionem
3003 1123 3061 1175 et
3089 1115 3170 1176 ἐκ.
3210 1136 3239 1170 σ
3281 1115 3531 1194 Propter
3579 1133 3730 1194 opus

2075 1201 2339 1275 illorum,
2370 1227 2395 1257 ι
2434 1203 2592 1284 quod
2649 1211 2934 1282 praestant
2982 1221 3122 1282 erga
3164 1221 3284 1265 vos.
3325 1201 3630 1284 Siquidem
3671 1204 3730 1265 hi

2079 1290 2251 1352 vobis
2279 1291 2601 1353 conferunt
2642 1291 3008 1370 baptismum
3041 1303 3100 1354 et
3129 1292 3486 1373 doctrinam,
3523 1293 3729 1355 scien-

2072 1383 2331 1464 tiamque
2362 1402 2428 1444 ac
2459 1384 2876 1464 mysteriorum
2900 1385 3436 1466 participationem.
3475 1385 3728 1448 «Pacem

321 1478 546 1542 habete
603 1477 662 1538 in
689 1475 1036 1555 vobisipsis.
1077 1502 1096 1531 ι
1145 1475 1328 1538 Vides
1357 1475 1516 1556 quod
1552 1475 1782 1538 noverit
1813 1471 2156 1537 inimicitias
2187 1471 2331 1533 oriri
2383 1491 2522 1552 erga
2580 1482 2977 1554 praeceptores
3021 1473 3050 1533 ?
3080 1473 3312 1536 Etenim
3345 1474 3624 1555 quoniam
3662 1495 3730 1538 ea

329 1586 466 1650 quae
500 1584 677 1648 prava
705 1573 841 1628 sunt
869 1573 1140 1645 arguunt,
1178 1566 1489 1648 malosque
1521 1573 1828 1646 coercent,
1858 1564 1994 1627 odio
2027 1561 2323 1650 habentur
2352 1582 2487 1624 cum
2519 1563 2704 1650 amari
2738 1563 3059 1627 deberent.

422 1682 444 1712 ε
519 1655 937 1737 Παρακαλοῦμεν
1004 1653 1060 1712 δὲ
1121 1659 1282 1737 ὑμᾶς,
1393 1654 1624 1736 ἀδελφοὶ,
1698 1659 1991 1712 νουθετεῖτε

329 1750 455 1812 τοῦς
525 1747 808 1826 ἀτάκτους,
918 1749 1310 1826 παραμυθεῖσθε

329 1837 624 1917 ἀντέχεσθε
735 1837 840 1892 τῶν
976 1833 1228 1908 ἀσθενῶν,

1405 1745 1526 1810 τοὺς
1598 1743 1984 1824 ὀλιγοψύχους,

2157 1649 2227 1726 ν,
2261 1652 2463 1714 14-15.
2509 1649 2771 1715 Obsecro
2802 1659 3004 1715 autem
3034 1671 3160 1726 vos,
3209 1656 3462 1732 fratres,
3496 1663 3733 1719 monete

2073 1739 2874 1808 inordinatos,(-onsolemini
2897 1741 3346 1820 pusillanimes,
3381 1743 3730 1824 opitulemi-

1364 1835 1754 1911 μακροθυμεῖτε
1855 1833 1985 1909 πρὸς

2076 1829 2142 1890 ni
2173 1829 2456 1907 inﬁrmis.
2488 1830 2788 1908 patientes
2814 1837 3002 1892 estote
3036 1848 3178 1908 erga
3226 1848 3450 1894 omnes.
3529 1833 3731 1897 Videte

325 1905 558 1998 πάντῖς,
593 1926 747 2002 δρᾶτε
807 1925 885 1999 μή
943 1945 1024 1988 τις
1075 1925 1241 1979 κακὸν
1284 1922 1399 1978 ἀντὶ
1442 1930 1608 1980 κακοῦ
1636 1943 1737 1977 τινι
1781 1918 1985 1994 ἀποδῷ,

2076 1934 2148 1978 ne
2196 1905 2333 1998 quis
2376 1905 2603 1979 malum
2652 1936 2762 1998 pro
2810 1922 2979 1982 malo
3028 1905 3301 2000 cuipiam
3349 1921 3594 2003 reddat,
3628 1924 3733 1985 sed

327 2015 468 2071 ἀλλά
497 2000 727 2070 πάντοτε
757 2015 817 2070 τὸ
860 2014 1056 2093 ἀγαθὸν
1097 2011 1336 2086 διώκετε,
1370 2013 1458 2068 καὶ
1506 2013 1578 2077 εἷς
1607 2009 1873 2080 ἀλλήλους
1903 2000 1992 2065 καὶ

328 2111 406 2170 εἰς
453 2106 683 2169 πάννας,
732 2124 760 2158 ι

415 2196 432 2218 ’
484 2199 681 2252 νταῦθα
723 2196 852 2274 πρὸς
897 2194 1018 2259 τοὺς
1062 2191 1403 2256 διδασκάλους
1448 2191 1801 2250 ἀποτείνεται.
1847 2201 1988 2250 Νου-

2071 2023 2304 2084 semper
2326 2007 2481 2085 quod
2512 2007 2730 2069 bonum
2762 2017 2852 2070 est
2896 2010 3226 2083 sectemini,
3274 2017 3404 2071 tum
3443 2028 3596 2090 erga
3625 2029 3731 2074 vos

2072 2097 2357 2172 invicem,
2391 2105 2517 2158 tum
2547 2114 2692 2176 erga
2725 2115 2950 2161 omnes.

2155 2186 2264 2250 Hic
2295 2189 2367 2251 ad
2400 2199 2796 2270 praeceptores
2825 2209 3162 2254 sermonem
3207 2191 3425 2272 dirigit.
3461 2195 3726 2269 Monete,

334 2290 544 2343 θετεῗτε
574 2285 726 2366 φησί,
785 2284 876 2352 Μὴ
931 2283 1036 2340 ἀπὸ
1087 2281 1357 2346 αῦθαδείας
1418 2280 1794 2352 ἐπιπλήττετε,
1855 2279 1985 2337 ἀλλᾶ

2076 2277 2283 2359 inquit.
2319 2279 2403 2340 Ne
2436 2280 2827 2360 pervicaciter
2856 2281 3206 2362 objurgetis,
3243 2283 3349 2343 sed
3381 2301 3514 2344 cum
3551 2303 3724 2345 man-

342 2377 482 2451 μετά
539 2375 839 2454 πρᾳότητος
898 2377 1211 2435 νουθετεῖτε.
1274 2369 1494 2438 Ἐπειδὴ
1549 2371 1649 2449 γὰρ
1706 2373 1848 2426 οῦτοι
1905 2369 1985 2426 δι-

2076 2367 2390 2430 suetudine
2405 2369 2720 2430 admonete
2750 2371 2898 2432 Nam
2917 2373 3193 2450 quoniam
3211 2371 3269 2433 hi
3289 2371 3550 2452 perversi
3566 2382 3726 2448 sunt,

336 2462 697 2541 εστραμμένοι
730 2463 850 2534 εἰσὶ,
924 2461 1110 2520 πλεῖον
1167 2462 1354 2524 αὐτοὺς
1398 2463 1432 2529 ἡ
1476 2457 1756 2526 ὲπιπληῗις
1785 2459 1985 2538 ἀγριοτ.

2076 2456 2408 2536 objurgntio
2459 2458 2780 2520 ferociores
2813 2459 2972 2539 ipsos
3012 2461 3314 2523 redderet.
3349 2459 3729 2524 Inordinatos

340 2551 636 2614 Ἀτάκτους
678 2549 734 2606 δέ
789 2572 920 2630 φησι
1001 2552 1122 2614 τοὺς
1188 2550 1329 2629 παρά
1384 2549 1483 2615 τὴν
1527 2546 1670 2615 τάξιν
1733 2548 1832 2615 τὴν
1890 2548 1985 2603 ὑπὸ

2078 2553 2279 2606 autem
2312 2546 2453 2608 dicit
2485 2565 2588 2608 eos
2622 2547 2724 2628 qui
2756 2547 2980 2609 faciunt
3000 2556 3212 2628 praeter
3237 2549 3512 2611 ordinem
3541 2569 3574 2610 a
3603 2549 3726 2612 Deo

339 2648 473 2699 Θεοῦ
559 2642 861 2718 δρισθεῖσαν
927 2639 1279 2718 πράττοντας.
1376 2667 1397 2697 ι
1460 2639 1820 2716 Παραμυθεῖτε
1878 2637 1985 2718 τοὺς

2079 2632 2408 2696 deﬁnitum.
2445 2661 2471 2691 ιι
2495 2633 2893 2698 Consolemini
2915 2637 3382 2716 pusillanimes.»
3419 2636 3733 2700 Pusillani-

325 2730 719 2808 ὀλιγοψύχους.
791 2748 813 2777 I
893 2717 1254 2807 Ὀλιγόψυχός
1333 2726 1475 2784 ἐστιν
1527 2728 1554 2782 ὁ
1623 2725 1846 2803 ῥᾴθυμος
1902 2717 1985 2781 καί

2082 2722 2196 2784 mis
2235 2731 2323 2784 est
2366 2724 2563 2801 segnis
2595 2731 2652 2786 et
2683 2724 3016 2805 languidus,
3052 2744 3168 2786 non
3201 2727 3399 2787 ferens
3448 2727 3724 2806 injuriam

330 2819 758 2885 ἀναπεπτωκὼς,
819 2819 908 2875 καὶ
963 2820 1040 2892 μὴ
1121 2817 1294 2897 φέρων
1389 2813 1530 2892 ῦϐρίν
1585 2815 1620 2880 ἢ
1692 2814 1868 2888 θλίψιν
1949 2815 1985 2882 ἢ

2076 2816 2173 2873 aut
2202 2812 2589 2874 afﬂictionem
2649 2831 2750 2874 seu
2792 2814 3267 2893 persecutionem
3321 2832 3426 2896 pro
3465 2809 3723 2880 omnia.

325 2909 629 2986 πειρασμὸν
701 2907 831 2985 ὑπὲρ
880 2913 1125 2984 Χριστοῦ.
1205 2905 1338 2968 Τοὺς
1407 2905 1496 2961 οῦν
1549 2903 1837 2976 τοιούτους,
1911 2905 1984 2968 ὡς

2077 2897 2252 2962 Tales
2310 2901 2507 2982 itaque
2565 2909 2844 2982 tanquam
2918 2901 3238 2966 dissolutos
3305 2904 3722 2970 consolemini.

328 2995 716 3071 ιιι-λελυμένους
764 2998 1181 3075 παραμυθεῖσθε.
1243 3021 1265 3050 ε
1321 2993 1640 3072 Ἀντέχεσθε
1687 2999 1792 3049 τῶν
1843 2992 1985 3049 ἀσθε-

2081 3013 2109 3044 α
2143 2987 2884 3070 Opituleminiinﬁrmos.»
2923 2993 3136 3056 Aﬂ‘ecti
3164 2993 3316 3067 sitis,
3348 2995 3720 3058 conﬁrmate.

326 3087 581 3142 νούντων.
663 3101 686 3134 ³
760 3083 1164 3153 Ἀντιποιετοθε,
1238 3083 1632 3160 ῦποστηρίζετε,
1716 3079 1985 3144 Ἀσθενετς

2076 3075 2349 3140 [nﬁrmos
2377 3089 2575 3142 autem
2606 3080 2726 3142 sive
2749 3081 3084 3144 imbecilles
3115 3081 3253 3144 dicit
3276 3099 3380 3143 eos
3397 3081 3497 3163 qui
3523 3084 3724 3163 hujus-

327 3172 383 3230 δέ
422 3195 559 3254 φησι
615 3175 738 3236 τοὺς
785 3174 903 3250 περὶ
961 3173 1062 3241 τὴν
1118 3172 1294 3228 πίστιν
1363 3173 1652 3235 τοιούτους.
1706 3169 1837 3229 Οῧτε
1886 3171 1984 3250 γὰρ

2076 3166 2230 3228 modi
2261 3176 2396 3229 sunt
2425 3171 2582 3230 circa
2612 3169 2816 3233 ﬁdem.
2861 3171 2978 3230 [8|
3019 3169 3225 3251 Neque
3257 3170 3414 3232 enim
3448 3171 3556 3233 Ιιοε
3577 3173 3722 3235 des-

329 3265 531 3319 τούτων
577 3275 931 3340 καταφρονετν
999 3261 1112 3340 χρὴ
1196 3262 1270 3324 ὡς
1339 3261 1430 3317 καὶ
1499 3259 1743 3340 ἀλλαχοῦ
1799 3281 1929 3340 φησι
1965 3275 1980 3291 ⁸

2076 3257 2270 3337 picere
2311 3267 2544 3338 oportet
2592 3276 2606 3321 :
2647 3261 3149 3340 quemadmodum
3208 3259 3385 3322 etiam
3415 3261 3554 3324 alibi
3586 3262 3668 3324 ait
3703 3285 3717 3322 :

336 3378 360 3408 σ
392 3354 497 3410 τὸν
559 3348 616 3406 δὲ
672 3351 987 3408 ἀσθενοῦντα
1029 3355 1098 3426 τῇ
1154 3349 1350 3423 πίστει,
1414 3347 1902 3428 προσλαμϐάνεσθε.
1953 3373 1974 3403 ι

2076 3347 2259 3408 «Eum
2282 3346 2383 3428 qui
2405 3347 2520 3408 ﬁde
2543 3347 2813 3411 inﬁrmus
2839 3359 3071 3412 estassu
3083 3350 3224 3411 mite
3249 3349 3724 3414 lla—«Patien-

324 3474 402 3486 —
454 3462 478 3492 ι
512 3440 920 3518 Μακροθυμεῖτε
961 3441 1092 3518 πρὸς
1161 3439 1386 3503 πάντας,
1423 3461 1446 3492 ε
1523 3437 1688 3495 Τοῦτο
1729 3438 1828 3516 γὰρ
1873 3437 1984 3513 μά-

321 3529 482 3587 λιστα
540 3526 790 3608 ἁρμόδιον
844 3526 1160 3601 διδασκάλῳ,
1237 3530 1300 3586 τὸ
1371 3530 1756 3606 μακροθυμεῖν.
1815 3533 1984 3585 Τοῦτο

321 3622 411 3675 καὶ
456 3621 582 3684 τοὺς
610 3618 884 3695 ἀκαμπετς
931 3619 1194 3693 κάμπτειν
1236 3617 1458 3698 πέφυκε.
1497 3646 1519 3674 ε
1550 3618 1638 3687 Μή
1695 3639 1775 3681 τις
1818 3619 1983 3673 κακὸν

320 3710 436 3764 ἀντὶ
479 3715 678 3768 κακοῦ.
715 3726 741 3759 ι
775 3710 834 3766 Ei.
861 3706 916 3764 δὲ
944 3709 1112 3764 κακὸν
1158 3707 1272 3763 ἀντὶ
1313 3713 1480 3764 κακοῦ
1525 3710 1619 3766 οῦκ
1665 3703 1975 3780 ἀποδοτέον,

318 3799 371 3854 τί
428 3799 688 3872 πάθωμεν
761 3800 808 3854 οἱ
890 3797 1025 3855 κατά
1083 3797 1196 3854 ἀντὶ
1292 3796 1502 3875 ἀγαθῶν
1572 3793 1910 3859 ἀποδιδόντες
1956 3819 1982 3850 ν

393 3885 569 3944 Ἀλλά
633 3887 859 3945 πάντοτε
928 3889 990 3943 τὸ
1057 3886 1255 3965 ἀγαθὸν
1324 3883 1563 3948 διώκετε.
1612 3896 1648 3945 ι’
1699 3883 1828 3944 Οῦτε
1883 3887 1983 3967 γὰρ

323 3975 504 4053 ἀρκεῖ,
542 3977 698 4057 φησὶ,
745 3978 805 4032 τὸ
855 3977 933 4052 μὴ
976 3973 1260 4032 ἀποδοῦναι
1301 3975 1465 4031 κακὸν
1512 3981 1590 4049 τῷ
1645 3977 1814 4050 κακῷ,
1847 3973 1983 4034 ἀλλὰ

329 4067 438 4144 γ’ρὴ
483 4066 577 4122 καὶ
665 4065 860 4144 ἀγαθόν
915 4066 1071 4124 αὺτὸν
1127 4061 1452 4140 ἀμείϐεσθαι.
1539 4071 1706 4122 Τοῦτο
1752 4065 1853 4144 γὰρ
1921 4066 1982 4121 τὸ

322 4153 537 4212 διώκειν
587 4156 654 4212 τὸ
698 4155 931 4234 ἀγαθῶν.
979 4156 1052 4212 Τὸ
1107 4152 1162 4210 δὲ
1213 4153 1448 4226 διώκειν,
1493 4151 1701 4220 πολλῆς
1755 4151 1985 4222 σπουδῆς

320 4245 392 4306 εἷς
421 4247 485 4300 τὸ
544 4245 618 4300 τά
663 4243 835 4323 ἀγαθά
889 4264 1163 4324 πραττειν,
1221 4243 1448 4323 ’ἔμφασιν
1491 4241 1630 4322 ἔχει.
1696 4269 1719 4301 ε
1756 4243 1854 4300 Καὶ
1911 4245 1984 4307 εἷς

323 4331 620 4401 ἀλληλους.
676 4355 698 4385 ε
777 4331 1073 4404 Ἀλλήλους
1134 4334 1258 4409 μὲν,
1316 4333 1436 4397 τοὺς
1501 4330 1757 4412 ἀδελφοὺς
1813 4329 1982 4410 λέγει.

329 4429 415 4496 Τῷ
442 4421 499 4479 δὲ
557 4423 760 4487 πάντας
833 4424 1027 4498 εἰπεῖν,
1097 4424 1187 4480 καὶ
1239 4422 1362 4487 τοὺς
1417 4419 1664 4485 ἀπίστους
1723 4441 1986 4502 συμπερι-

327 4510 519 4570 ἔλαϐε.

408 4623 433 4653 σ
513 4601 752 4658 Πάντοτε
845 4599 1085 4682 χαίρετε,
1186 4597 1534 4663 ἀδιαλείπτως
1629 4599 1986 4680 προσεύχεσθε

321 4689 380 4747 ὶν
457 4692 620 4747 παντὶ
703 4693 1092 4769 εὐχαριστεῖτε.
1180 4695 1347 4747 Τοῦτο
1428 4690 1528 4768 γὰρ
1596 4687 1803 4763 θέλημα
1858 4697 1990 4749 Θεοῦ

314 4783 378 4837 ιν
439 4785 672 4859 Χριστῷ
743 4776 917 4846 ἰησοῦ
977 4780 1050 4842 εἷς
1115 4779 1277 4854 ὑμᾶς.
1311 4779 1383 4836 Τὸ
1448 4783 1660 4854 Πνεῦμα
1691 4777 1771 4853 μὴ
1840 4775 1988 4835 σϐἑνο

317 4891 464 4949 νυτε,
533 4869 856 4949 προφητείας
891 4868 971 4944 μὴ
1017 4866 1367 4942 ἰξαυθενεττε,
1425 4867 1598 4924 πάντα
1656 4865 1985 4943 δοκιμάζετε,

311 4960 497 5016 καὶτὸ
550 4957 715 5015 καλὸν
772 4957 1055 5038 κατέχετε,
1110 4955 1217 5014 ἀπὸ
1272 4956 1470 5021 πάντὸς
1523 4953 1698 5020 εἴδους
1755 4963 1988 5035 πονηροῦ

324 5049 627 5128 ἀπέχεσθε.

399 5140 638 5196 Πάντοτε
688 5139 928 5219 χαίρετε,
993 5144 1093 5195 κᾶν
1145 5142 1220 5202 εἰς
1277 5135 1625 5216 πειρασμοὺς,
1672 5137 1822 5216 φησὶ,
1879 5136 1978 5192 κᾶν

319 5229 393 5292 εἷς
423 5227 600 5292 λύπας
648 5227 942 5304 ὶμπέσητε.
1002 5233 1120 5285 τῶν
1201 5227 1303 5306 γὰρ
1371 5232 1486 5282 νοῦν
1543 5223 1748 5305 ἔχοντι,
1808 5226 1980 5281 πάντα

318 5325 483 5374 τέδτα
525 5323 699 5398 χαρᾶς
755 5318 843 5374 καὶ
918 5315 1190 5396 στεφάνων
1234 5315 1434 5395 γίνεται
1490 5313 1739 5394 πρόξενα.
1799 5315 1870 5373 Τὸ
1927 5311 1981 5370 δὲ

319 5407 550 5488 χαίρειν,
625 5407 808 5488 φησὶν,
883 5405 970 5462 ἐπὶ
1030 5412 1214 5484 πᾶσιν,
1278 5404 1384 5461 ἀπὸ
1433 5411 1526 5462 τοῦ
1597 5403 1677 5460 ἀεὶ
1734 5401 1980 5483 εὔχεσθαι

319 5496 694 5575 κατορθωθείη.
758 5522 783 5553 σ
831 5493 923 5553 Ἐν
977 5493 1133 5550 πάντὶ
1177 5492 1570 5573 εὖχαριστεῖτε,
1605 5512 1627 5541 I
1679 5489 1768 5550 Ἐν
1800 5493 1980 5573 παντὶ,

320 5587 575 5662 τουτέστι,
623 5588 711 5643 καὶ
768 5584 856 5643 ἐπὶ
910 5595 1034 5645 τοῖς
1076 5579 1312 5641 δοκοῦσιν
1362 5580 1616 5646 ὶνάντίοις
1699 5581 1784 5637 καὶ
1840 5584 1982 5662 παρά

393 5737 447 5791 ¹7
479 5741 658 5804 Hom.
696 5750 824 5817 xxv,
861 5741 921 5798 1.

2009 4562 2052 4613 D

2069 3443 2156 3497 tes
2187 3444 2377 3498 estote
2409 3455 2548 3515 erga
2580 3438 3008 3503 omnes.nNam
3033 3441 3145 3501 hoc
3167 3445 3513 3521 praeceptori
3537 3443 3719 3504 maxi-

2066 3542 2162 3586 me
2183 3525 2433 3606 quadrat
2456 3535 2519 3587 ut
2540 3525 2894 3606 longanimis
2916 3525 3144 3590 sit.Hoc
3162 3529 3341 3591 etiam
3365 3529 3724 3592 inﬂexibiles

2037 3629 2042 3633 ‘
2068 3621 2266 3674 natum
2293 3624 2381 3676 est
2402 3617 2796 3678 ﬂectereaNe
2809 3617 2941 3700 quis
2959 3619 3174 3680 malum
3197 3635 3302 3698 pro
3328 3617 3722 3690 malo.»Quod

2066 3702 2118 3764 si
2141 3703 2360 3765 malum
2383 3721 2490 3786 pro
2516 3705 2670 3768 malo
2695 3726 2811 3767 non
2827 3707 3404 3788 estrependendum,
3438 3708 3722 3789 quidnam

2068 3791 2362 3872 patiemur
2409 3795 2508 3874 qui
2561 3795 2739 3856 etiam
2798 3814 2902 3876 pro
2949 3795 3122 3856 bonis
3169 3795 3322 3857 mala
3361 3796 3726 3859 reddimus?

2078 3903 2100 3936 ιι
2141 3878 2256 3942 Sed
2287 3899 2528 3962 semper
2559 3884 2714 3964 quod
2749 3884 2967 3944 bonum
2992 3891 3082 3944 est
3107 3883 3480 3946 sectemini.»
3512 3886 3720 3965 Neque

2065 3969 2226 4030 enim
2273 3971 2416 4032 satis
2467 3981 2582 4052 est,
2633 3972 2852 4053 inquit,
2901 3991 3019 4033 non
3067 3972 3322 4034 reddere
3352 3973 3571 4035 malum
3605 3994 3709 4056 pro

2067 4057 2245 4134 malo,
2278 4059 2382 4121 sed
2415 4071 2648 4142 oportet
2701 4061 2854 4123 bona
2911 4079 3147 4143 quoque
3176 4063 3532 4142 rependere.
3571 4062 3716 4124 Nam

2068 4147 2182 4210 hoc
2211 4156 2300 4209 est
2320 4149 2542 4211 sectari
2566 4151 2724 4231 quod
2745 4149 2964 4212 bonum
2992 4159 3102 4213 est.
3129 4149 3294 4224 Quod
3324 4158 3520 4213 autem
3551 4152 3718 4234 dicit,

2068 4235 2276 4294 διώκειν
2305 4237 2362 4298 id
2398 4247 2506 4313 est,
2544 4239 2764 4302 sectari
2795 4240 2920 4301 sive
2957 4240 3256 4322 persequi,
3293 4240 3490 4320 magni
3537 4259 3722 4304 cona-

2071 4333 2163 4387 tus
2191 4326 2263 4388 ad
2293 4326 2450 4390 bona
2499 4329 2838 4410 peragenda
2887 4330 3220 4410 emphasim
3265 4330 3466 4393 habet.
3509 4355 3536 4386 «
3571 4332 3718 4394 Tum

2068 4433 2172 4477 vos
2201 4415 2476 4481 invicem.
2509 4442 2534 4475 η
2569 4417 2808 4481 Fratres
2833 4435 2938 4498 per
2968 4419 3082 4480 hoc
3111 4418 3403 4500 designat.
3455 4418 3719 4483 Dicendo

2068 4521 2207 4567 vero
2239 4523 2471 4582 omnes,
2506 4508 2687 4569 etiam
2719 4507 2994 4569 infideles
3022 4509 3370 4590 complexus
3401 4519 3514 4572 est.

2150 4595 2222 4673 V,
2251 4597 2466 4662 16-22.
2497 4598 2761 4681 Semper
2780 4599 3060 4680 gaudete,
3095 4601 3510 4664 indesinenter
3530 4609 3718 4682 orate,

2069 4687 2137 4750 in
2165 4687 2444 4750 omnibus
2472 4689 2659 4769 agite.
2699 4690 2823 4752 Hoc
2851 4689 3012 4752 enim
3040 4698 3124 4753 est
3154 4691 3444 4754 voluntas
3474 4691 3590 4753 Dei
3605 4708 3724 4771 per

2077 4777 2391 4842 Christum
2419 4777 2626 4841 Iesum
2655 4795 2802 4859 erga
2846 4795 2971 4841 vos.
3023 4779 3325 4858 Spiritum
3371 4797 3449 4842 ne
3476 4782 3719 4843 exstin-

2070 4871 2295 4949 guatis,
2325 4869 2674 4948 prophetiae
2697 4885 2770 4930 ne
2794 4868 3228 4946 uspernemini.
3257 4867 3476 4932 Omnia
3508 4868 3724 4950 proba-

2070 4961 2148 5037 te,
2183 4957 2343 5037 quod
2372 4956 2595 5020 bonum
2639 4965 2725 5020 est
2771 4963 2983 5020 tenete.
3033 4958 3126 5020 Ab
3167 4959 3334 5021 omni
3360 4965 3549 5041 specie
3573 4958 3723 5022 mali

2060 5043 2367 5110 abstinete.

2141 5132 2416 5216 Semper,
2443 5135 2656 5217 inquit,
2679 5136 2956 5215 gaudete,
2981 5136 3107 5199 sive
3137 5135 3198 5200 in
3219 5136 3576 5201 tentationes
3597 5138 3722 5201 sive

2061 5223 2122 5286 in
2155 5243 2446 5288 maerores
2474 5225 2826 5288 incideritis.
2848 5224 3154 5308 Siquidem
3177 5227 3417 5289 cordato
3443 5228 3568 5290 haec
3585 5247 3720 5290 om-

2064 5313 2164 5376 nia
2192 5314 2474 5394 gaudium
2505 5333 2610 5377 seu
2658 5317 2913 5396 palmam
2950 5315 3292 5379 conciliant.
3327 5318 3720 5380 Gaudendum

2063 5411 2262 5465 autem
2303 5403 2449 5467 dicit
2480 5403 2541 5466 in
2573 5404 2855 5468 omnibus
2901 5406 3160 5486 optando
3210 5423 3455 5488 semper
3496 5407 3718 5487 aliquid

2065 5493 2368 5573 egregium
2395 5501 2694 5576 praestare.
2739 5519 2766 5551 α
2797 5493 2866 5557 In
2897 5495 3180 5558 omnibus
3209 5497 3430 5578 gratias
3460 5497 3643 5576 agite.
3685 5521 3713 5552 ιο

2065 5580 2189 5644 Hoc
2219 5591 2332 5659 est,
2365 5583 2426 5644 in
2456 5583 2549 5646 bis
2578 5602 2816 5668 quoque
2863 5583 3048 5648 rebus
3100 5604 3232 5669 quae
3287 5584 3598 5648 contrariae
3627 5585 3719 5648 vi-
