4188 6430
476 332 592 402 103
1603 331 2013 402 (ECUMENII
2057 333 2139 396 TI

2225 330 2354 396 πολε
2395 326 2729 396 EPISCOPI
3741 327 3859 391 104

471 471 689 533 dentur
718 479 776 533 et
824 477 1036 552 praeter
1064 487 1336 550 scopum.
1393 467 1544 532 Onia
1574 468 1735 531 enim
1770 467 1843 530 ad
1876 467 1935 528 id
1967 465 2121 548 quod

2225 468 2407 524 ηιοπὸν
2474 464 2772 544 πράγμασι.
2835 465 3012 525 Πάντα
3101 465 3200 544 γὰρ
3254 467 3383 544 πρὸς
3459 467 3523 524 τὸ
3595 464 3857 546 συμφέρον

471 560 616 622 utile
648 567 735 621 est
764 559 900 621 facit
921 559 1446 640 Deus,quanquam
1483 577 1590 619 nos
1620 555 2126 637 dispensationem

2225 569 2354 612 τοιεϊ
2383 557 2410 612 ὁ
2441 557 2594 625 Θεὸς,
2641 554 2736 610 κᾶν
2788 555 2950 629 ἡμεῖς
2996 555 3258 633 ἀγνοῦμεν
3316 557 3471 612 αὐτοῦ
3520 556 3614 621 τὰς
3646 556 3856 612 οἰκονο-

473 652 603 731 ejus
634 651 1002 730 ignoremus.
1043 676 1069 706 α
1109 650 1247 713 Ηωο
1294 651 1452 713 enim
1488 659 1578 713 est
1611 650 1876 710 Voluntas
1924 648 2054 721 Dei,
2097 675 2117 705 ιι

2225 647 2356 709 ιίας.
2405 671 2431 704 σ
2465 650 2630 702 Τοῦτο
2657 643 2781 722 γὰρ,
2828 644 2958 722 φησὶ
3004 642 3214 719 θέλημα
3265 651 3416 720 Θεοῦ,
3456 671 3478 700 ι
3539 647 3601 702 τὸ
3645 643 3857 724 εὐχαρί-

475 749 540 801 ut
568 740 716 819 grati
747 740 876 802 sitis
907 759 1044 818 erga
1074 759 1209 801 eum
1245 739 1343 820 qui
1373 758 1615 821 semper
1645 737 1939 800 beneﬁcia
1975 755 2126 809 irae-

2225 755 2364 796 ττους
2413 733 2555 790 εἶναι
2611 734 2743 812 πρὸς
2811 734 2903 788 τὸν
2954 732 3034 788 ἀεὶ
3089 733 3478 812 εὐεργετοῦντα,
3549 762 3572 792 ι
3602 734 3695 792 Ἐν
3725 741 3856 814 Χρι-

475 818 610 892 stat.
653 853 679 884 α
709 827 825 890 I’cr
855 827 1157 890 Christum
1189 818 1417 891 Jesum.
1458 852 1480 886 υ
1511 818 1663 888 Nam
1693 827 1770 900 ἐν,
1804 825 1862 887 id
1893 833 2008 900 est,
2041 825 2126 898 in,

2225 830 2321 898 ττῴ
2361 821 2560 890 Ἰησοῦ,
2611 837 2634 870 I
2689 824 2816 878 Οἷον
2877 818 2962 876 διὰ
3018 829 3244 900 Χριστοῦ
3301 820 3499 890 Ἰησοῦ.
3561 824 3726 888 Αὐτὸς
3755 824 3858 901 γὰρ

472 918 708 996 capitur
738 936 842 998 pro
874 916 979 991 διά,
1009 917 1067 977 id
1102 925 1213 989 est,
1248 935 1375 997 per.
1411 915 1542 996 Ipse
1565 933 1820 996 namque
1850 915 2002 976 hanc
2026 915 2126 975 de-

2225 913 2401 979 ςαύτην
2457 909 2649 976 ἐδίδαξε
2703 909 2804 976 τὴν
2879 908 3185 991 φιλοσοφίαν
3300 934 3321 963 ι
3367 915 3439 970 Τὸ
3509 919 3722 988 Πνεῦμα
3776 913 3857 986 μῆ

472 1004 558 1066 dit
586 1004 958 1085 sapientiam.
994 1027 1016 1060 ιι
1055 1001 1336 1083 Spiritum
1371 1021 1446 1063 ne
1478 1001 1924 1080 cxstinguatis.»
1960 998 2122 1072 Quo-

2225 1000 2472 1060 τϐἐννυτε.
2508 1025 2534 1058 n
2579 997 2799 1066 Ἐπειδὴ
2841 1000 2990 1078 γαρὸ
3033 1001 3216 1078 παρὼν
3257 1000 3369 1077 βίος
3417 1001 3472 1057 ἐν
3515 1001 3692 1058 σκότει
3735 998 3858 1056 δια-

476 1093 632 1155 niam
663 1093 824 1154 enim
885 1110 1147 1173 praesens
1197 1092 1314 1153 vita
1360 1091 1419 1152 in
1474 1091 1737 1152 tenebris
1800 1090 2122 1170 peragitur,

2225 1092 2508 1170 πορεύεται,
2579 1087 2776 1145 ἕδωπεν
2834 1091 2970 1164 ἡμῖν
3067 1091 3095 1144 ὁ
3140 1091 3269 1152 Θεὸς
3325 1090 3425 1158 τὴν
3467 1089 3718 1166 λαμπάδα
3765 1095 3861 1145 τοῦ

473 1182 640 1243 dedit
671 1181 842 1246 nobis
889 1181 1050 1243 Deus
1091 1181 1393 1243 lucernam
1440 1183 1626 1242 sancti
1680 1179 1961 1260 Spiritus,
1999 1196 2129 1257 quze

477 1278 739 1333 mentem
790 1278 1050 1332 nostram
1100 1269 1415 1332 illuminet.
1449 1269 1614 1331 Hanc
1666 1268 1842 1347 igitur
1876 1265 2130 1348 Spiritus

481 1359 730 1438 gratiam
766 1377 839 1420 ne
874 1358 1277 1436 exstinguatis,
1311 1359 1413 1437 ait,
1434 1355 1934 1438 quemadmodum
1965 1356 2130 1416 fece-

477 1457 615 1511 runt
667 1448 932 1528 quinque
983 1447 1242 1524 virgines
1272 1449 1349 1507 i8.
1387 1447 1933 1525 Exstinguitautem
1967 1446 2129 1506 illam

478 1537 794 1618 redditque
826 1537 1191 1598 inefﬁcacem
1225 1536 1456 1618 impura
1486 1536 1599 1598 vita
1627 1545 1686 1597 et
1714 1552 1926 1614 expers
1956 1533 2131 1596 beni-

479 1627 741 1704 gnitatis.
766 1661 842 1670 —
864 1626 977 1688 Aut
1013 1624 1122 1687 hoc
1151 1626 1353 1688 modo.
1388 1624 1570 1686 Erant
1599 1623 1754 1705 apud
1787 1623 1955 1702 ipsos
1989 1641 2131 1703 pro-

483 1715 676 1795 phetae
696 1733 765 1776 ac
796 1713 1348 1794 pseudoprophetaa,
1375 1714 1480 1776 sed
1504 1714 1776 1795 quisnam
1811 1729 1984 1774 verus
2032 1730 2132 1773 es-

2211 1184 2358 1261 ἁγίοο
2415 1181 2722 1247 Πνεύματος
2776 1181 3097 1260 φωτίζουσαν
3157 1183 3310 1258 ἡμῶν
3384 1183 3448 1238 τὸ
3512 1181 3860 1261 ἡγεμονικόν.

2213 1272 2420 1338 Ταύτην
2475 1270 2587 1346 οὖν,
2639 1271 2788 1349 φησὶ,
2861 1282 2960 1336 την
3019 1271 3178 1349 χαίρω
3246 1277 3338 1327 τοῦ
3396 1271 3699 1345 Πνεύματος
3779 1270 3862 1345 μὴ

2213 1358 2456 1417 σϐέννυτε
2511 1362 2584 1423 ὡς
2643 1363 2695 1416 αἱ
2737 1359 2896 1416 πέντε
2937 1359 3206 1438 παρθένοι.
3281 1358 3526 1416 Σϐἐννυσι
3583 1357 3638 1416 δὲ
3696 1360 3862 1426 αὒτῆν

2215 1451 2303 1506 καὶ
2343 1448 2688 1528 άνενέργητον
2731 1461 2894 1528 ποιεῖ
2923 1448 3214 1527 ἀκάθαρτος
3265 1449 3378 1526 βίος
3422 1451 3508 1506 καὶ
3556 1447 3860 1526 ἆνελεημο-

2214 1538 2343 1604 σύνη
2405 1565 2427 1596 ι
2481 1523 2774 1602 Ποῧτως..
2807 1566 2830 1596 ι
2865 1523 3032 1593 Ἰ’Πσαν
3075 1523 3200 1616 παρ’
3259 1523 3439 1602 αὐτοῖς
3469 1542 3736 1618 προφῆται
3755 1523 3860 1594 Ἵκαὶ

2215 1624 2669 1707 ψευδοπροφῆται,
2742 1625 2878 1682 ἀλλὰ
2919 1627 2996 1690 τίς
3068 1627 3096 1682 ὀ
3149 1625 3354 1694 ἀληθὴς
3420 1629 3520 1707 πρὸ
3591 1624 3861 1690 ἐκϐάσεως

2217 1714 2412 1782 ἄδηλος
2452 1716 2539 1784 ῆν,
2571 1715 2718 1772 Ἐπεὶ
2749 1717 2836 1773 οὖν
2881 1715 2974 1773 οὒκ
3025 1713 3238 1792 ᾔδεισαν
3285 1717 3406 1781 τοὺς
3451 1714 3689 1792 ψευδεῖς,
3720 1718 3867 1773 πάν-

482 1811 592 1876 set,
627 1812 762 1865 ante
791 1803 877 1864 rei
909 1812 1188 1865 eventum
1221 1802 1514 1865 incertum
1544 1813 1692 1864 erat.
1727 1800 2017 1874 Quoniam
2042 1817 2108 1860 er

2225 1825 2302 1868 τες
2385 1803 2570 1861 λοιπὸν
2645 1803 2835 1883 μίγδην
2934 1805 3331 1884 ἀνεστρέφοντο.
3406 1807 3576 1872 Φησὶν
3632 1806 3744 1880 οὖν,
3790 1807 3867 1862 Τὸ

481 1912 557 1966 go
591 1911 708 1953 non
741 1901 1030 1953 noverant
1062 1891 1261 1966 falsos,
1299 1893 1426 1952 I82
1442 1909 1648 1953 omnes
1679 1891 1965 1970 deinceps
1991 1888 2136 1949 mix-

2225 1899 2430 1968 Πνεῦμα
2474 1895 2552 1969 μὴ
2613 1891 2878 1973 σϐέννυτε,
2928 1894 3190 1969 τουτέστι,
3254 1896 3316 1951 τὸ
3371 1894 3612 1975 χάρισμα
3670 1896 3748 1970 μῆ
3779 1895 3873 1951 ἐκ·

483 1959 585 2042 tim
615 1959 1259 2042 conversabantur.Ait'
1279 1999 1418 2061 ergo
1445 2001 1458 2042 :
1490 1979 1777 2062 Spiritum
1802 1995 1878 2040 ne
1899 1959 2134 2040 exstin-

2225 1959 2486 2062 φράσσετε·
2524 1959 2613 2039 διαὶ
2658 1959 2890 2039 κωλύετε
2931 1991 3008 2057 τῷ
3057 1959 3472 2062 ἀποστρέφεσθαι
3521 1959 3607 2040 uiui
3775 1982 3869 2057 ἒᾷν

481 2070 715 2149 gnatis:
753 2070 864 2130 hoc
909 2076 1020 2143 est,
1067 2069 1311 2132 domum
1354 2089 1429 2131 ne
1461 2068 1814 2150 exprimatis
1839 2075 1898 2129 et
1927 2066 2134 2145 prohi-

2225 2069 2428 2132 λαλεῖν.
2482 2093 2505 2127 ι
2558 2073 2883 2152 Προφητείας
2933 2074 3011 2148 μὴ
3058 2071 3396 2137 ἐξουθενεῖτε.
3447 2092 3478 2132 )
3513 2073 3739 2152 Εἴρηται
3765 2074 3871 2152 γὰρ

486 2161 696 2241 beatis,
732 2158 1054 2220 avertendo
1094 2166 1153 2219 et
1181 2178 1300 2220 non
1332 2160 1585 2222 sinendo
1619 2157 1843 2238 loqui.c
1879 2155 2137 2236 Prophe-

2225 2159 2300 2215 ὅτι
2356 2161 2611 2241 προφάσει
2654 2167 2761 2217 τῶν
2804 2159 3272 2241 ψευδοπροφητῶν,
3325 2164 3413 2217 καὶ
3467 2162 3590 2226 τοὺς
3643 2161 3871 2228 ἀληθεῖς

485 2249 595 2310 tias
624 2267 700 2310 ne
730 2247 1197 2329 aspernemini:
1222 2247 1450 2310 Dictum
1479 2257 1567 2310 est
1589 2246 1748 2310 enim
1783 2245 1938 2326 quod
1959 2263 2134 2306 occa-

2225 2247 2482 2312 διέπτυον,
2525 2273 2549 2305 ι
2603 2250 2776 2306 Πάντα
2824 2248 3154 2326 δοκιμάζετε.
3192 2273 3221 2306 ι
3283 2251 3344 2308 Τί
3397 2250 3484 2306 οὖν
3542 2253 3864 2326 ποιήσομεν,

481 2337 652 2399 sione
683 2336 1362 2418 pseudOprophelarum,
1397 2337 1574 2399 etiam
1599 2354 1768 2397 veros
1797 2343 2139 2396 contemne-

2225 2341 2369 2418 φησὶ,
2402 2337 2485 2395 διὰ
2540 2340 2660 2404 τοὺς
2721 2337 3207 2420 ψευδοπροφήτας,
3267 2339 3361 2418 Τίς
3417 2339 3593 2395 Πάντα
3635 2337 3870 2416 δοκιμά-

488 2427 652 2488 bant.
696 2452 719 2480 α
771 2424 989 2489 Omnia
1033 2425 1303 2506 probate.
1344 2451 1369 2482 η
1408 2425 1560 2498 Quid
1619 2424 1799 2504 igitur
1854 2423 2139 2485 faciemus

2225 2435 2357 2503 ζετε,
2389 2428 2566 2484 καὶτὸ
2607 2426 2794 2507 καλὸν,
2867 2428 3126 2503 τουτέστι,
3172 2428 3294 2492 τοὺς
3337 2425 3547 2494 άληθεὶς
3589 2431 3870 2508 προφήτας

487 2522 733 2596 propter
765 2513 988 2596 pseudo
1022 2513 1388 2594 prophetas?
1417 2513 1605 2587 Quid?
1637 2513 1837 2575 omnia
1867 2511 2131 2594 probate,

2225 2517 2509 2596 κατὰχετε,
2541 2518 2628 2574 καὶ
2684 2519 2802 2596 περὶ
2857 2517 3057 2574 πολλοῦ
3100 2520 3354 2579 κοιετσθε.
3414 2535 3445 2576 ι
3487 2517 3624 2574 Ἀπὸ
3671 2520 3873 2584 παντὸς

485 2612 542 2664 et
562 2603 716 2685 quod
754 2601 974 2664 bonum
1007 2611 1119 2679 est,
1155 2603 1268 2665 hoc
1299 2611 1406 2668 est.
1437 2621 1606 2665 veros
1632 2602 1948 2684 prophetas
1979 2608 2139 2663 tene-

483 2699 566 2767 te,
610 2699 668 2755 et
700 2693 758 2753 in
790 2690 979 2772 pretio
1012 2689 1312 2754 habetote.
1354 2717 1381 2750 σ
1410 2692 1499 2756 Ab
1555 2690 1720 2752 omni
1764 2689 1966 2771 specie
1998 2689 2139 2752 mali

479 2780 796 2843 abstinete.
832 2802 858 2841 ι
909 2780 1108 2842 Potest
1154 2781 1401 2862 quidem
1449 2781 1616 2861 juxta
1649 2778 2137 2860 consequentiam

482 2869 555 2930 ad
596 2869 1151 2950 pseudoprophelas
1179 2869 1359 2934 etiam
1393 2870 1503 2932 hoc
1535 2868 1745 2950 aptari,
1792 2877 1985 2949 potest
2026 2885 2139 2929 au-

485 2969 603 3023 tem
636 2969 695 3024 et
723 2960 794 3024 ad
830 2969 1095 3042 peccata.

1107 3053 1353 3118 CAPUT
1401 3055 1526 3118 Vll.

483 3149 736 3206 Precatio
764 3148 830 3206 de
855 3148 1294 3276 sanctiﬁcationg
1317 3149 1570 3277 sgiriium
1625 3152 1676 3206 et
1696 3147 1897 3206 anima
1935 3150 1987 3206 et
2014 3160 2140 3204 cor-

1219 3236 1259 3292 p
1299 3236 1327 3276 r
1387 3264 1397 3275 .

567 3301 642 3381 V,
666 3302 888 3368 23—28.
919 3301 1058 3384 Ipse
1076 3310 1278 3366 autem
1300 3305 1458 3367 Deus
1486 3306 1656 3385 paris
1684 3303 2020 3384 sanctiﬁcat
2039 3317 2141 3364 vos

486 3398 665 3456 totos:
699 3399 756 3454 et
776 3397 1008 3472 integer
1024 3401 1221 3454 vester
1240 3395 1496 3474 spiritus
1517 3400 1574 3456 et
1594 3394 1808 3456 anima
1829 3399 1884 3455 et
1901 3408 2142 3472 corpus,

485 3481 659 3543 modo
705 3481 1248 3561 irreprehensibiti,
1271 3488 1334 3543 in
1357 3481 1622 3546 adventu
1669 3481 1922 3544 Domini
1949 3479 2146 3543 nostri

483 3571 624 3632 Jesu
655 3569 885 3633 Christi
913 3577 1214 3634 servetur.
1248 3570 1494 3634 Fidelis
1523 3572 1726 3650 estqui
1772 3571 2009 3632 vocavit
2039 3585 2144 3631 vos

489 3659 597 3739 qui
639 3657 800 3720 idem
829 3659 1066 3737 efﬁciet.
1095 3658 1380 3736 Fratres,
1412 3667 1579 3721 orate
1598 3677 1709 3740 pro
1737 3657 1929 3720 nobis.
1952 3655 2140 3720 Salu-

485 3754 608 3810 tate
635 3748 861 3824 fratres
890 3764 1096 3810 omnes
1121 3766 1257 3811 cum
1289 3748 1491 3812 osculo
1521 3758 1754 3812 sancto.
1782 3748 2023 3826 Adjuro
2039 3763 2143 3810 vos

476 3853 593 3917 per
619 3836 1057 3916 Dominum,ut
1081 3835 1322 3917 legatur
1359 3838 1486 3901 haec
1526 3837 1813 3919 Epistola
1859 3835 2141 3899 omnibus

481 3923 714 3988 sanctis
768 3927 1097 4004 fratribus.
1175 3927 1387 3989 Gratia
1446 3926 1698 3990 Domini
1752 3927 1940 3990 nostri
1994 3927 2142 3988 Jesu

489 4013 723 4079 Chr-isti
750 4021 828 4078 sit
857 4015 1183 4080 vobiscum.
1210 4017 1426 4079 Amen.

568 4193 710 4257 Post
755 4193 1121 4258 admonitem
1171 4205 1477 4279 precatur,
1519 4206 1583 4260 ut
1633 4216 1705 4262 ex
1764 4199 1929 4262 omni
1979 4204 2143 4279 parte

487 4285 868 4347 securitatem
920 4285 1196 4349 habeant.
1236 4312 1262 4343 c
1289 4287 1492 4349 Totos.
1519 4310 1544 4342 ι»
1575 4287 1701 4351 Hoc
1732 4297 1849 4370 est,
1881 4290 2144 4368 integros

2157 3278 2205 3329 ο

2221 2603 2392 2669 εἴδους
2450 2613 2685 2686 πονηροῦ
2724 2606 3012 2686 ἀπέχεσθε,
3064 2632 3092 2663 ι
3144 2607 3366 2663 Δύναται
3451 2607 3548 2683 μὲν
3601 2611 3737 2664 κατὰ
3806 2610 3872 2665 τὸ

2221 2694 2531 2776 ἀκόλουθον,
2586 2697 2675 2752 καὶ
2719 2697 2790 2759 εἷς
2849 2697 2971 2761 τοὺς
3033 2695 3474 2776 ψευδοπροφήτας
3531 2699 3688 2753 τοῦτο
3731 2720 3872 2765 νοη-

2219 2778 2398 2851 θῆναι,
2445 2773 2654 2833 δύναται
2699 2773 2752 2831 δὲ
2784 2778 2870 2834 καὶ
2901 2778 2974 2840 εἰς
3005 2773 3385 2856 ἁμαρτήματα.

2864 3033 3231 3107 ΚΕΦΑΛ.ΖΖ

2227 3155 2251 3187 I
2317 3135 2473 3216 Εύχὴ
2533 3134 2650 3214 περὶ
2703 3133 2969 3214 ἆγιασμοῦ
3025 3135 3325 3211 πνεύματος
3389 3135 3479 3192 καὶ
3521 3139 3704 3216 ψυχῆς
3777 3138 3871 3192 καὶ

2302 3212 2574 3290 σώματος.
2605 3212 2642 3269 “»

2310 3325 2339 3357 α
2370 3302 2536 3367 Αὒτὸς
2585 3300 2640 3358 δὲ
2683 3305 2711 3361 ὁ
2783 3305 2912 3368 θεὸς
2968 3305 3068 3372 τῆς
3127 3306 3366 3384 εἰρήνης,
3455 3306 3669 3385 ἁγιάσαι
3726 3306 3866 3381 ὑμᾶς

2225 3390 2517 3468 ὁλοτελεῖς,
2605 3395 2694 3450 καὶ
2763 3392 3056 3474 ὁλόκληρον
3123 3395 3269 3471 ὑμῶν
3352 3397 3413 3452 τὸ
3503 3405 3712 3471 πνεῦμα
3783 3397 3878 3452 καὶ

2225 3485 2260 3551 ἡ
2333 3483 2489 3562 ψυχὴ
2532 3484 2620 3540 καὶ
2660 3483 2721 3540 τὸ
2793 3486 2949 3560 σῶμα
3019 3483 3314 3560 ἀμέμπτως
3370 3485 3423 3542 ἐν
3480 3489 3550 3561 τῇ
3618 3485 3879 3565 παρουσίᾳ

2224 3579 2317 3631 τοῦ
2429 3573 2618 3652 Κυρίου
2717 3574 2864 3649 ὑμῶν
2987 3572 3166 3641 Ἰησοῦ
3279 3581 3502 3654 Χριστοῦ
3590 3576 3874 3654 τηρηθείη.

2227 3662 2421 3723 Πιστὸς
2490 3663 2518 3718 ὁ
2587 3659 2765 3718 καλῶν
2806 3662 2942 3738 ὑμᾶς
3027 3664 3083 3726 ὃς
3139 3665 3226 3720 καὶ
3291 3665 3528 3734 ποιήσει.
3603 3662 3876 3744 ’Λδελφοὶ.

2222 3750 2582 3830 προσεύχεσθε
2655 3751 2775 3830 περὶ
2848 3753 3025 3828 ἡμῶν.
3119 3749 3451 3809 Ἀσπάσασθε
3524 3753 3646 3818 τοὺς
3711 3750 3877 3808 ἀδελ-

2221 3839 2348 3920 φοὺς
2418 3839 2622 3907 πάντας
2689 3839 2743 3897 ἐν
2798 3839 3086 3920 φιλήματῳ
3113 3841 3270 3921 ἁγίῳ.
3345 3833 3562 3922 Ὀρκίζω
3617 3840 3673 3898 δὲ
3735 3843 3878 3919 ὑμᾶς

2225 3926 2310 3985 διὰ
2340 3930 2432 3986 τὸν
2503 3930 2718 4010 Κύριον,
2775 3930 3174 4010 ἀναγνωσθῆναι
3218 3931 3320 4000 τὴν
3379 3929 3700 4000 Ἐπιστολὴν
3742 3940 3877 3990 πᾶσι

2224 4031 2342 4084 τοῖς
2398 4019 2568 4098 ἁγίοις
2630 4017 2901 4099 ἀδελγοῖς.
2978 4011 3040 4078 Ἠ
3111 4021 3271 4101 χάρις
3341 4031 3433 4080 τοῦ
3476 4021 3662 4101 Κυρίου
3720 4023 3878 4099 ἡμῶν

2225 4105 2402 4176 Ἰησοῦ
2431 4115 2670 4189 Χγεστοῢ
2697 4109 2814 4186 μεθ’
2856 4111 3026 4186 ὑμῶν.
3064 4107 3268 4186 Ἀμήν.
3315 4133 3344 4166 ι

2306 4197 2452 4254 Μετὰ
2561 4198 2660 4267 τὴν
2716 4197 3022 4275 συμϐουλὴν
3105 4198 3389 4280 ἐπεύχεται
3487 4201 3695 4275 αὐτοῖς,
3780 4200 3878 4258 ἵνα

2225 4284 2278 4353 ἐξ
2337 4285 2586 4366 ἑκατέρου
2666 4289 2727 4345 τὸ
2796 4287 3027 4369 ἀσφαλὲς
3101 4279 3325 4369 ἔχωσιν.
3399 4311 3421 4344 ι
3476 4279 3804 4354 Ὀλοτελεϊς.
3843 4315 3873 4347 ι

489 4380 550 4435 et
578 4391 685 4455 per
714 4372 942 4436 omnia.
980 4397 1006 4432 ι
1035 4373 1293 4456 Spiritus
1322 4384 1380 4438 et
1409 4379 1658 4439 anima.»
1689 4377 1977 4460 Spiritum
2003 4377 2139 4438 dicit

2227 4376 2528 4454 Τουτέστιν,
2559 4376 2739 4459 ὅλους,
2762 4375 2830 4436 δι’
2859 4378 3020 4440 ὅλων.
3061 4403 3085 4434 α
3115 4381 3186 4437 Τὸ
3213 4385 3420 4455 πνεῦμα
3447 4380 3534 4436 καὶ
3561 4380 3596 4446 ἡ
3627 4381 3809 4460 ψυχή.
3845 4406 3874 4438 ο

488 4462 681 4544 ipsum
715 4461 1002 4544 Spiritum
1047 4471 1316 4526 sanctum
1360 4465 1485 4526 sive
1524 4466 1769 4546 gratiam
1806 4485 1938 4548 qua:
1966 4465 2038 4528 ab
2071 4483 2142 4528 eo

489 4559 602 4626 est,
633 4569 813 4634 quem
843 4551 1005 4633 ipsos
1023 4553 1248 4615 servari
1276 4563 1570 4634 precatur.
1591 4555 1741 4618 Nam
1769 4555 2145 4637 sisplendeat

489 4641 551 4703 in
597 4641 768 4702 nobis
818 4649 878 4702 et
931 4651 1275 4722 permaneat
1327 4643 1485 4724 apud
1528 4664 1659 4721 nos,
1692 4645 1834 4706 salvi
1867 4646 2139 4707 erimus:

488 4730 605 4792 nisi
633 4730 796 4793 enim
841 4729 1010 4793 illum
1043 4731 1235 4812 pravis
1264 4732 1598 4813 actionibus
1648 4734 2134 4809 exstinxerimus,

483 4819 651 4900 juxta
680 4820 940 4901 priorem
973 4821 1402 4904 suprapositam
1458 4824 1926 4900 enarrationem,
1961 4843 2138 4905 quam

490 4907 654 4988 prius
702 4909 1078 4991 scripsimus,
1123 4925 1394 4974 servatur
1448 4913 1620 4976 nobis
1677 4922 1736 4976 et
1783 4914 2137 4986 custoditur,

488 4997 715 5059 lucidas
759 4999 1054 5061 accendes
1091 5012 1321 5064 nostras
1364 5003 1690 5084 lampades.
1734 5001 1901 5075 Quod
1943 5011 2140 5065 autem

487 5084 616 5149 ait:
655 5087 827 5149 Modo
878 5089 1416 5170 irreprehensibili,
1467 5100 1660 5174 potest
1707 5092 1950 5174 quidem
1987 5091 2142 5154 etad

488 5174 762 5255 spiritum
792 5178 1006 5257 aptari,
1042 5186 1105 5242 ut
1135 5181 1302 5242 illum
1332 5181 1694 5263 inculpatum
1719 5191 1779 5244 et
1802 5181 2148 5242 immacula-

490 5271 612 5324 tum
656 5281 985 5330 servemus.
1039 5270 1234 5331 Potest
1261 5279 1458 5332 autem
1493 5271 1747 5333 maxime
1777 5270 1849 5332 ad
1880 5269 2141 5332 animam

489 5359 548 5414 et
577 5371 793 5434 corpus
821 5354 1071 5419 referri:
1105 5359 1234 5419 185
1276 5359 1328 5420 si
1375 5361 1534 5423 enim
1592 5359 1850 5442 Spiritus
1896 5379 1931 5423 a
1972 5358 2146 5423 nobis

489 5450 779 5520 servetur,
800 5444 925 5506 haec
946 5456 1122 5510 erunt
1147 5445 1726 5530 irreprehensibilia.
1749 5472 1771 5506 ι
1801 5449 2025 5514 Fidelis
2056 5458 2146 5513 est

543 5620 628 5672 ἰε
655 5619 817 5685 Matt.
847 5640 983 5704 xxv,
1019 5627 1048 5690 1
1084 5646 1255 5714 seqq.

2226 4469 2299 4525 Τὸ
2340 4469 2545 4544 πνεῦμά
2588 4490 2717 4548 φησι
2763 4470 2888 4525 αὐτὸ
2942 4470 3003 4525 τὸ
3057 4469 3204 4548 ἅγιον
3261 4475 3497 4550 Πνεῦμα,
3554 4467 3717 4547 ἤγουν
3770 4471 3878 4539 τὴν

2225 4555 2318 4612 ἀπ’
2354 4559 2509 4614 αύτοῦ
2538 4558 2721 4638 χάριν,
2774 4557 2902 4637 ὅπερ
2961 4561 3145 4622 αὐτοῖς
3204 4559 3499 4638 τηρηθῆναι
3556 4555 3868 4636 ἐπεύχεται,

2228 4644 2352 4704 Ἐὰν
2381 4648 2480 4726 γὰρ
2509 4646 2699 4724 λάμπῃ
2755 4648 2809 4704 ἐν
2877 4650 3012 4724 ἡμῖν
3067 4650 3154 4704 καὶ
3214 4647 3440 4724 ἐπιμένῃ
3495 4649 3632 4723 ἡμῖν
3687 4651 3874 4716 σωθη-

2226 4733 2444 4810 σόμεθα.
2494 4737 2552 4792 Εἰ
2608 4737 2709 4816 γὰρ
2767 4737 2844 4812 μή
2905 4733 3178 4812 σϐέσωμεν
3235 4736 3361 4792 αὐτὸ
3418 4748 3683 4815 πονηραῖς
3725 4739 3872 4816 πρά-

2223 4821 2356 4898 ξεσι,
2413 4825 2549 4882 κατὰ
2601 4825 2702 4892 τὴν
2748 4825 2858 4882 ἅνω
2900 4825 3116 4905 πρώτην
3163 4823 3438 4904 ἐξήγησιν,
3503 4825 3571 4891 ἣν
3613 4828 3877 4906 προεγρά-

2222 4917 2420 4990 ψαμεν,
2478 4927 2723 4993 τηρεῖται
2791 4916 2926 4992 ἡμῖν
2993 4918 3080 4972 καὶ
3131 4913 3468 4994 φυλάττεται,
3500 4913 3716 4994 suada;
3742 4916 3872 4973 ἀνά-

2223 5026 2370 5079 μτων
2413 5005 2508 5068 τὰς
2573 5004 2833 5085 ἡμετέρας
2889 5003 3194 5082 λαμπάδας.
3255 5007 3326 5063 Τὸ
3382 5002 3461 5078 δὲ,
3521 5002 3874 5083 Ἀμέμπτως,

2226 5091 2436 5150 δύναται
2481 5093 2589 5169 μὴν
2617 5096 2705 5150 καὶ
2755 5093 2839 5150 ἐπὶ
2881 5104 2974 5154 τοῦ
3023 5095 3320 5169 πνεύματος
3376 5095 3732 5174 άφμοσθῆναι,
3778 5094 3874 5153 ἵνα

2227 5180 2507 5259 ἄμεμπτον
2551 5185 2639 5240 καὶ
2687 5181 3015 5251 ἀκηλίδωτον
3075 5185 3202 5240 αὐτὸ
3242 5182 3552 5264 φυλάξωμεν
3599 5199 3616 5216 ⁸
3661 5182 3877 5243 δύναται

2225 5269 2281 5328 δὲ
2325 5271 2556 5348 μάλιστα
2585 5273 2672 5330 ἐπὶ
2699 5277 2885 5353 ψυχῆς
2935 5275 3022 5330 καὶ
3081 5273 3352 5348 σώματος’
3412 5281 3515 5333 Τοῦ
3571 5273 3671 5353 γὰρ
3702 5276 3880 5332 Πνεύ-

2227 5384 2394 5438 ματος
2437 5360 2561 5442 παρ’
2618 5363 2761 5438 ἡμῖν
2817 5363 3140 5443 σωζομένου,
3191 5370 3354 5420 ταῦτα
3398 5361 3545 5420 ἔσται
3589 5362 3872 5440 ἄμεμπτα.

2237 5471 2260 5508 ιι
2299 5453 2515 5534 Πιστὸς,
2548 5455 2576 5510 ὁ
2618 5452 2795 5511 καλῶν
2846 5457 3007 5532 ὒμᾷς.
3058 5478 3087 5511 ι
3165 5443 3312 5536 ιὈρίίι
3363 5457 3876 5536 ταπεινοφροσύνην,
