4188 6414
506 381 622 446 115

1631 373 2044 440 CECUMENII
2085 371 2381 435 TRICCA‘]
2424 367 2761 435 EPISCOPI

3782 353 3898 420 116

493 519 682 596 juxta
709 516 979 594 gratiam
1003 514 1115 577 Dei
1136 516 1334 576 nostri
1358 520 1416 574 et
1443 511 1696 574 Domini
1718 508 1864 572 Jesu
1895 506 2152 596 Christi.

2260 521 2392 582 υμῖν,
2449 509 2537 562 καὶ
2589 509 2745 582 ὑμεῖς
2802 506 2856 562 ἐν
2908 507 3048 576 αύτῷ
3105 503 3241 557 κατὰ
3273 502 3370 566 τὴν
3413 499 3570 578 χάριν
3615 505 3708 554 τοῦ
3766 499 3898 550 Θεοῦ

587 603 996 667 Admirandus
1023 601 1345 665 habebitur
1375 601 1536 664 Deus
1574 598 1732 681 quod
1782 597 1934 659 ﬁdes
1967 595 2170 658 habita

507 694 583 755 sit
615 701 816 755 nostro
840 710 979 772 erga
1021 710 1122 753 vos
1144 691 1485 754 testimonio
1521 708 1589 751 ac
1637 686 2066 769 praedicationi.
2099 685 2168 747 Et

517 780 816 864 quomodo
848 799 919 842 ex
946 798 1017 842 eo
1035 780 1192 862 quod
1219 779 1333 859 ipsi
1363 777 1733 842 crediderint
1763 773 2169 864 praedicationi

493 861 754 944 vectum,
809 861 1194 932 admirandus
1243 867 1560 930 habebitur
1615 864 1825 928 Deus?
1873 863 2020 936 Quia
2050 861 2166 923 nisi

517 976 651 1034 nes,
712 958 925 1039 inquit,
973 957 1314 1032 audissetis,
1366 973 1740 1038 nequaquam
1789 961 1950 1014 tanta
2009 951 2166 1012 bona

511 1045 936 1128 accepissetis:
1002 1065 1180 1128 porro
1259 1065 1380 1108 non
1453 1044 1820 1126 accipientes
1880 1059 1950 1102 ea
2007 1040 2167 1102 bona

509 1154 883 1216 nequaquam
913 1154 1118 1197 ansam
1146 1133 1487 1214 dedissetis,
1539 1142 1603 1194 ut
1647 1131 2076 1212 gloriﬁcaretur
2109 1136 2167 1190 et

510 1223 896 1286 admirationi
928 1223 1257 1286 haberetur
1285 1223 1552 1288 Christus
1602 1223 1677 1283 ob
1713 1238 1780 1284 ea
1811 1219 2026 1300 quibus
2059 1237 2166 1280 vos

512 1312 934 1391 gloriﬁcasset.
977 1340 999 1370 ι
1032 1315 1095 1374 ln
1126 1312 1224 1375 die
1255 1312 1382 1374 illo.
1419 1336 1443 1368 ν
1500 1313 1566 1374 In
1613 1330 1682 1372 eo
1730 1312 1829 1390 qui
1881 1318 2022 1370 tunc
2053 1307 2168 1369 erit

511 1401 633 1475 die,
672 1401 1050 1463 manifestum
1074 1403 1175 1463 ﬁet
1201 1401 1358 1484 quod
1383 1399 1794 1463 credideritis:
1814 1417 1970 1459 nunc
2001 1396 2163 1458 enim

514 1490 686 1553 multi
736 1509 973 1572 quoque
1029 1490 1207 1552 ﬁdem
1262 1490 1567 1565 simulant,
1609 1517 1631 1548 ο
1664 1488 1737 1550 ad
1796 1486 1952 1570 quod
1985 1486 2164 1548 etiam

514 1598 778 1643 oramus.
816 1606 837 1634 ι
877 1581 942 1642 In
1003 1579 1115 1640 hoc
1169 1579 1388 1659 ipsum,
1450 1579 1662 1659 inquit,
1713 1593 2046 1658 precamur,
2098 1581 2167 1637 ut

518 1669 695 1732 etiam
725 1669 786 1730 in
817 1667 982 1730 vobis
1016 1667 1385 1745 gloriﬁcetur
1406 1675 1463 1731 et
1481 1665 1859 1730 admirationi
1879 1664 2169 1728 habeatur

514 1757 691 1820 Deus.
723 1783 745 1813 ι
771 1756 962 1820 Utvos
984 1757 1194 1836 dignos
1217 1757 1432 1820 habeat
1469 1759 1579 1819 ista
1606 1755 1936 1818 vocatione.
1966 1781 1987 1810 ι
2015 1751 2167 1826 Quid

518 1845 679 1907 enim
713 1844 841 1907 ?an
873 1865 993 1907 non
1025 1856 1202 1909 erant
1237 1847 1362 1927 jam
1397 1846 1628 1909 vocati?
1671 1846 1914 1927 utique:
1962 1861 2172 1905 omnes

516 1952 780 2015 namque
804 1935 987 1996 vocati
1015 1953 1246 2010 sumus,
1283 1933 1388 1997 sed
1412 1955 1533 1997 non
1561 1955 1770 1998 omnes
1799 1933 2175 2014 ingredimur

516 2023 698 2106 idque
729 2023 1116 2086 manifestant
1137 2025 1407 2106 quinque
1426 2025 1733 2104 virgines‘,
1762 2033 1821 2086 et
1847 2023 1901 2084 is
1922 2023 2021 2104 qui
2049 2040 2177 2083 sor-

516 2111 660 2175 dida
687 2112 892 2175 habuit
919 2113 1330 2177 vestimentaﬁ.
1381 2122 1539 2174 ειη
1565 2113 1948 2176 Vocationem
1975 2112 2174 2193 itaque

518 2200 665 2263 dicit
687 2220 817 2263 eam
841 2221 974 2282 qua:
987 2201 1163 2263 etiam
1178 2203 1510 2282 ingressum
1533 2202 1782 2264 haberet
1801 2201 1896 2282 adj
1908 2209 2168 2277 unctum,

521 2289 845 2352 Precamur
873 2298 1095 2366 autem,
1129 2291 1234 2366 ait,
1268 2300 1332 2352 ut
1363 2291 1656 2372 compleat
1678 2290 1837 2352 Deus
1863 2309 2040 2350 omne
2063 2289 2176 2350 bo-

522 2398 666 2440 num
691 2397 832 2457 erga
859 2397 963 2441 vos
985 2379 1324 2444 consilium.
1349 2379 1674 2443 Consilium
1697 2398 1836 2442 vero
1855 2397 1924 2441 ac
1955 2397 2176 2460 propo-

523 2466 703 2528 situm
737 2467 846 2530 Dei
876 2477 989 2541 est,
1025 2475 1090 2528 ut
1141 2487 1351 2530 omnes
1409 2469 1685 2532 homines
1745 2468 1891 2530 salvi
1946 2469 2088 2530 ﬁant
2119 2475 2178 2530 et

523 2564 744 2619 interna
764 2564 1157 2638 assequentur
1174 2557 1350 2620 bona.
1375 2557 1708 2638 Complebit
1725 2566 1920 2619 autem
1944 2565 2002 2618 et
2026 2575 2174 2636 opus

525 2643 664 2706 ﬁdei
697 2643 758 2706 in
775 2645 942 2707 vobis
965 2664 1070 2727 per
1094 2648 1392 2728 propriam
1425 2648 1774 2728 potentiam.
1802 2647 1945 2709 Nam
1971 2665 2041 2708 ex
2061 2647 2173 2707 hoc

522 2732 672 2795 illud
703 2753 939 2816 quoque
968 2734 1371 2818 subsequitur.
1399 2735 1463 2800 Si
1485 2735 1645 2798 enim
1700 2736 1994 2817 compleat
2023 2753 2173 2816 opus

527 2820 666 2884 ﬁdei
695 2840 797 2883 vos
827 2822 1174 2903 perﬁciens,
1209 2825 1452 2886 omnino
1483 2843 1654 2886 suum
1687 2825 1865 2887 etiam
1901 2824 2176 2906 proposi-

529 2916 650 2972 tum
708 2910 1052 2991 complebit.
1107 2912 1528 2976 Animadverte
1589 2923 1786 2976 autem
1845 2913 2003 2992 quod
2056 2931 2175 2974 non

526 2997 751 3062 dixerit
780 2999 986 3077 ﬁdem,
1018 3000 1122 3062 sed
1155 3020 1303 3082 opus
1330 3002 1494 3065 ﬁdei.
1535 3023 1557 3054 ι
1588 3002 2040 3082 Utgloriﬁcetur
2061 3021 2174 3063 no-

529 3105 667 3149 men
703 3088 964 3152 Domini.
1004 3113 1025 3144 ι
1058 3090 1117 3153 Si
1152 3093 1311 3152 enim
1335 3093 1457 3154 haec
1497 3092 1660 3166 ﬁant,
1707 3092 1900 3173 inquit
1927 3091 2080 3154 sicut
2111 3091 2174 3152 in

524 3176 751 3239 sanctis
779 3177 903 3239 suis
960 3178 1389 3257 gloriﬁcabitur
1441 3182 1621 3255 Deus,
1671 3181 2173 3262 quemadmodum

526 3264 802 3346 superius
831 3265 1001 3341 dixit,
1035 3267 1115 3328 ita
1144 3276 1202 3329 et
1230 3267 1291 3329 in
1344 3268 1515 3331 vobis
1548 3291 1560 3331 :
1598 3269 1959 3350 gloriﬁcatur
1988 3270 2173 3344 enim,

524 3354 704 3416 veluti
734 3373 972 3436 quoque
1020 3355 1295 3438 superius
1327 3357 1606 3435 diximus,
1664 3380 1798 3422 cum
1841 3360 1981 3422 talia
2021 3359 2179 3422 bona

525 3443 790 3524 impartit
822 3444 1010 3506 servis
1041 3446 1188 3509 suis.
1220 3445 1418 3528 Ipsius
1470 3467 1611 3511 vero
1645 3449 1819 3511 etiam
1845 3449 2033 3529 gloria
2063 3449 2176 3511 erit

527 3531 870 3612 hujusmodi
898 3532 1070 3595 bonis
1100 3535 1334 3598 donari.
1367 3536 1484 3598 Aut
1513 3537 1628 3600 hoc
1660 3537 1835 3600 modo
1866 3538 2133 3617 intellige
2159 3556 2174 3602 :

528 3619 592 3684 Si
620 3620 959 3701 impteverit
994 3641 1142 3704 opus
1199 3624 1342 3688 ﬁdei
1399 3641 1613 3689 νοείτω
1669 3645 1776 3710 per
1829 3629 2175 3710 potentiam,

527 3710 642 3771 hoc
656 3717 766 3786 est,
794 3729 900 3791 per
922 3711 1296 3775 tolerantiam
1322 3715 2179 3796 afﬂictionum,gloriﬁcabitur

526 3799 589 3861 in
611 3797 778 3860 vobis
791 3799 949 3880 quod
976 3809 1250 3882 potentes
1270 3803 1344 3866 ad
1385 3806 1498 3868 hoc
1514 3806 1742 3882 fecerit,
1773 3816 1829 3870 et
1873 3826 2085 3869 nervos
2105 3806 2179 3868 ad

531 3889 644 3978 hoc
664 3886 941 3978 tribuerit
968 3909 982 3950 :
1010 3899 1069 3953 et
1089 3909 1190 3953 vos
1208 3895 1271 3955 in
1292 3893 1441 3976 Deo,
1469 3895 1625 3978 quod
1683 3896 1948 3978 vosipsos
1972 3896 2183 3976 dignos

528 3975 920 4040 exhibueritis
948 3978 1147 4041 divino
1177 4000 1382 4046 amore
1412 3975 1760 4047 et'auxilio.
1802 3975 2020 4049 {Juxta
2042 3975 2181 4065 gra-

527 4065 667 4127 tiam
682 4065 806 4155 Dei
829 4068 1037 4132 nostri.
1074 4101 1095 4130 3
1135 4071 1274 4133 Haec
1307 4071 1466 4135 enim
1499 4075 1698 4136 omnia
1747 4075 1962 4138 Christi
1995 4074 2184 4155 gratia

528 4163 641 4248 est.
674 4153 982 4248 Siquidem
1009 4177 1128 4220 non
1159 4177 1384 4239 sumus,
1409 4163 1512 4239 ait,
1576 4164 1780 4227 idonei
1829 4167 1950 4227 sive
1993 4153 2178 4248 digni,

529 4243 635 4305 sed
668 4243 860 4321 gratia
889 4245 1019 4326 ejus
1049 4265 1156 4328 per
1179 4267 1288 4311 nos
1317 4253 1517 4315 omnia
1546 4254 1748 4319 efﬁcit.

1173 4337 1417 4403 CAPUT
1461 4342 1533 4406 ΙΙ.

595 4419 678 4478 De
705 4423 816 4494 ﬁne
841 4423 1072 4496 quierit
1108 4431 1236 4497 post
1290 4429 1700 4491 Antichristum
1750 4437 2075 4494 mittendum
2108 4440 2184 4496 ad

525 4500 852 4638 gittarum
876 4502 1350 4581 redargutiomm,
1379 4514 1476 4583 qui
1509 4513 1733 4571 Christo
1791 4532 1906 4573 non
1934 4519 2182 4578 credide-

607 4660 682 4738 ΙΙ,
689 4661 1142 4757 _t,2Rogamus
1171 4676 1376 4757 autem
1404 4691 1526 4750 vos,
1552 4676 1801 4753 fratres,
1825 4698 1932 4757 per
1957 4681 2183 4744 adven-

526 4760 656 4850 tum
679 4751 1137 4850 Domininostri
1159 4755 1310 4821 Iesu
1331 4751 1586 4841 Christi,
1612 4771 1670 4829 et
1689 4751 1890 4831 nostri
1919 4790 2180 4850 congre-

523 4842 830 4935 gationem
859 4843 927 4905 in
940 4846 1262 4927 ipsum,ne
1288 4851 1408 4914 cito
1437 4853 1922 4920 dimoveaminia
1953 4842 2176 4935 ménte,

523 4946 601 4992 ne
657 4931 1008 5011 turbemmi,
1061 4954 1258 5019 neque
1297 4957 1410 5020 per
1465 4945 1774 5026 spiritum,
1843 4966 2030 5028 neque
2068 4931 2182 5032 per

521 5035 882 5117 serinonem,
914 5042 1107 5117 neque
1151 5046 1270 5107 per
1312 5033 1628 5111 epistolam
1689 5043 1977 5117 tanquam
2007 5041 2180 5106 nobis

526 5109 900 5186 auctoribus,
930 5116 1108 5190 quasi
1138 5119 1322 5181 instet
1343 5109 1475 5183 dies
1507 5122 1762 5187 Christi.

615 5204 776 5256 I08
807 5197 854 5262 Ο
886 5201 1012 5265 laus
1042 5205 1259 5267 eximia
1285 5219 1662 5274 sanctorum!
1709 5214 1983 5280 Ostendit
2014 5221 2178 5284 enim

526 5285 682 5387 quod
704 5294 776 5387 .et
805 5289 917 5387 ipsi
950 5311 1081 5354 cum
1115 5295 1350 5359 Christo
1375 5303 1893 5382 congregabuntur
1918 5317 1984 5372 ut
2000 5309 2176 5373 etiam

526 5378 846 5467 ipsisimul
878 5399 1013 5443 cum
1039 5402 1108 5444 eo
1139 5378 1570 5467 appareantget
1602 5378 1746 5457 vnna
1764 5415 1899 5460 cum
1931 5418 2000 5462 eo
2025 5420 2174 5463 con-

528 5463 788 5565 veniant.
825 5495 849 5529 ι
879 5467 1136 5565 Necito,
1176 5463 1384 5548 {Quid
1444 5489 1642 5545 autem
1676 5503 1954 5565 rogamus
1983 5509 2086 5553 vos
2116 5501 2175 5555 et

527 5553 958 5622 exhortamur?
983 5559 1070 5623 Ne
1099 5565 1240 5642 cito,
1274 5565 1465 5650 inquit
1524 5553 1867 5641 terreaniini
1896 5597 1966 5642 ac
1998 5553 2169 5645 time;

605 5687 639 5739 2
663 5687 867 5755 Matth.
902 5711 1042 5772 xxv,
1082 5697 1103 5761 1
1141 5716 1310 5784 seqq.
1395 5704 1428 5754 δ
1455 5707 1658 5770 Matth.
1690 5726 1831 5790 χχιι,
1867 5713 1965 5778 12.

2251 599 2406 672 ἡμῶν
2433 597 2521 652 καὶ
2553 596 2736 674 Κυρίου
2770 591 2944 661 Ἰησοῦ
2989 598 3234 669 Χριστοῦ.
3272 610 3300 648 »

2333 669 2768 760 Θαυμασθήσεται
2827 681 2882 738 δὲ
2939 684 2966 738 6
3023 682 3174 754 Θεὸς,
3238 675 3420 744 ἐπειδὴ
3479 673 3758 740 ἐπιστεύθη
3813 669 3898 751 ἐφ’

2249 775 2384 850 ὑμᾶς
2466 775 2502 841 ἡ
2555 771 2898 852 διαμαρτυρία
2954 771 3108 846 ἡμῶν
3181 769 3268 824 καὶ
3323 767 3385 822 τὸ
3452 765 3721 843 κήρυγμα.
3766 761 3899 852 ΔΚαὶ

2286 849 2326 879 ⁷-ν
2421 862 2436 882 ν
2598 868 2621 878 η-
2725 849 2734 852 ’
2837 869 2860 880 ,ρ
3053 862 3067 878 ν
3141 858 3153 874 ι
3294 863 3320 873 ο
3499 855 3511 876 r
3765 849 3778 868 ν
3839 851 3853 860 ι

2250 886 2363 928 πως
2419 883 2479 918 εκ
2532 883 2626 917 του
2680 882 2954 919 πιστεῦσαι
3015 879 3331 934 au1ou;41tp
3381 875 3682 934 κηρύγματι
3726 871 3898 906 αυτων

2251 951 2434 1027 μέλλει
2493 953 2521 1007 6
2579 952 2708 1014 Θεὸς
2759 949 3155 1027 θαυμάζεσθαις
3224 930 3330 1003 ’δτι
3389 930 3468 1001 εἶ’
3503 930 3581 1019 μὴ
3637 941 3900 1008 ἠκούσατε

2247 1043 2426 1120 ἡμῶν,
2460 1041 2641 1120 φησὶν,
2687 1041 2780 1095 οὒκ
2844 1037 3093 1115 ἐμέλλετε
3135 1036 3399 1094 τοσούτων
3455 1034 3665 1111 ἀγαθῶν
3687 1028 3903 1120 ⁸διξιοῦ-

2247 1116 2524 1196 σθαι,’Μη
2586 1116 2902 1202 ἀξιούμενοι,
2976 1125 3053 1202 δὲ,
3112 1128 3205 1183 οὒκ
3247 1126 3308 1182 ἃν
3352 1125 3612 1204 πρόφασιν
3682 1116 3901 1184 δοξολο-

2248 1220 2364 1298 γίας
2448 1220 2536 1275 καὶ
2590 1218 2855 1294 θαύματος
2912 1224 2988 1292 τῷ
3061 1222 3270 1295 Χριστῷ
3328 1212 3630 1292 παρέσχετε
3656 1205 3755 1298 ,ἐφ’
3812 1209 3901 1298 οἷς

2247 1295 2382 1384 ῦμᾶς
2425 1306 2688 1374 ἐδόξασεν.
2743 1326 2767 1363 α
2805 1305 2892 1364 Ἐν
2947 1311 3016 1382 τῇ
3072 1306 3246 1382 ἡμέρᾳ
3315 1302 3513 1378 ἐκείνῇ,
3565 1324 3592 1355 n
3655 1296 3744 1356 Ἐν
3801 1295 3902 1376 γὰρ

2247 1404 2313 1474 τῇ
2370 1401 2489 1454 τότε
2547 1396 2720 1474 ἡμέρᾳ
2761 1397 3040 1475 γενήσεται
3091 1395 3312 1475 φανερὸν
3397 1391 3477 1448 ὅτί
3531 1387 3900 1446 ἐπιστεύσατε.

2249 1498 2352 1548 Νῦν
2395 1489 2494 1567 γὰρ
2549 1486 2738 1543 πολλοί
2780 1489 2867 1542 καὶ
2923 1487 3290 1564 ὑποκρίνονται
3339 1484 3438 1551 την
3486 1481 3684 1540 πίστιν.
3738 1501 3763 1533 ι
3814 1477 3904 1540 Εἷς

2248 1576 2276 1633 ὅ
2319 1577 2408 1633 καὶ
2449 1577 2879 1656 προσευχόμεθα.
2924 1597 2945 1628 3
3004 1575 3091 1638 Εἰς
3153 1580 3306 1630 τοῦτο
3356 1572 3506 1642 αὐτὸ,
3556 1570 3710 1650 φησὶ,
3740 1586 3906 1645 προσ-

2251 1665 2542 1746 ευχόμεθα,
2579 1663 2692 1746 -.ἵνα
2747 1665 2835 1720 καὶ
2892 1663 2944 1720 ὲν
3006 1664 3134 1738 ὑμῖν
3189 1660 3413 1737 δοξασθῇ
3459 1661 3547 1716 καὶ
3625 1660 3903 1733 θαυμλσθῇ

2253 1759 2281 1813 ὁ
2308 1735 2459 1819 Θεός.
2501 1735 2540 1811 α’
2579 1735 2681 1811 "tv:
2736 1755 2868 1829 ὑμᾶς
2910 1735 3109 1830 ἀξιώσῃ
3150 1757 3249 1819 τῆς
3299 1735 3575 1812 κλῶσεως.
3613 1771 3635 1804 3
3671 1750 3730 1807 Τὶ
3759 1747 3901 1827 γάρ;

2255 1849 2350 1904 οὒκ
2376 1845 2512 1913 ἦσαν
2565 1842 2930 1922 κακλημένοις
2990 1844 3095 1900 ναί.
3152 1844 3250 1900 Καὶ
3301 1841 3401 1919 γὰρ
3457 1840 3653 1903 πάντες
3709 1836 3907 1905 κεκλή-

2257 1939 2411 2014 μεθα,
2472 1931 2590 1989 ἀλλ’
2652 1931 2711 1990 οὖ
2766 1933 2961 1995 πάντες
3019 1931 3390 2011 εἰσερχόμεθα,
3440 1930 3538 1988 Καὶ
3593 1936 3748 1987 τοῦτο
3798 1925 3904 1993 δη-

2255 2023 2432 2080 λοῦσιν
2464 2025 2515 2078 αἱ
2558 2021 2715 2078 πέντε
2768 2021 3039 2098 παρθένοι,
3085 2022 3174 2076 καὶ
3243 2023 3271 2076 6
3340 2020 3407 2076 τὰ
3477 2019 3681 2096 ρυπαρα
3721 2017 3910 2091 ἱμάτια

2258 2112 2282 2134 ν
2547 2117 2572 2128 ~
2741 2111 2766 2131 Ὗ
3074 2111 3088 2128 \
3247 2111 3260 2130 ἢ
3343 2110 3357 2128 κ
3454 2109 3467 2130 φ
3737 2106 3760 2127 ,Ι

2260 2135 2424 2192 εχων.
2463 2111 2665 2179 Κλησιν
2710 2134 2798 2168 ουν
2840 2132 2994 2188 φησι,
3036 2133 3133 2178 την
3176 2133 3265 2166 και
3307 2131 3370 2164 το
3428 2105 3680 2164 εισελθεῖν
3739 2129 3907 2186 έχου-

2258 2223 2377 2261 σαν.
2413 2200 2691 2280 Εῦχόμεθα
2721 2197 2775 2254 δέ
2823 2221 3006 2278 φησιν,
3066 2198 3159 2254 ἵνα
3214 2196 3476 2276 πληρώσῃ
3519 2202 3690 2251 πᾶσαν
3751 2198 3912 2254 αὐτοῦ

2257 2291 2356 2357 τὴν
2415 2289 2617 2368 ἀγαθὴν
2660 2287 2856 2364 βουλὴν
2912 2289 2984 2352 εἷς
3042 2290 3181 2364 ὑμᾶς
3211 2289 3238 2344 6
3295 2286 3449 2350 Θεός,
3496 2285 3669 2353 Βουλῆ
3724 2283 3778 2341 δὲ
3819 2286 3912 2340 καὶ

2259 2377 2465 2436 εὐδοκία
2549 2384 2702 2451 Θεοῦ,
2789 2378 2849 2432 τὸ
2905 2377 3106 2440 πάντας
3161 2375 3466 2454 ἀνθρώπους
3530 2379 3762 2443 σωθῆναι
3818 2374 3912 2430 καὶ

2257 2474 2364 2524 τῶν
2407 2467 2630 2524 αἰωνίων
2672 2480 2860 2545 τυλεῖν
2917 2465 3150 2544 ἀγαθῶν.
3199 2464 3478 2544 Πληρώσει
3526 2461 3584 2519 δέ
3627 2465 3715 2519 καὶ
3758 2462 3910 2542 ᾢγον

2256 2557 2482 2620 πίστεως
2514 2555 2566 2613 ἐν
2613 2557 2768 2632 ὑμῖν,
2827 2555 2883 2611 ἐν
2941 2561 3011 2632 τῇ
3068 2555 3232 2626 οὶνείᾳ
3285 2552 3524 2629 δυνάμει,
3585 2560 3750 2612 Τοῦτο
3805 2554 3909 2632 γὰρ

2255 2645 2453 2704 ἐκείνου
2496 2647 2807 2724 γεννητικόν
2865 2645 3027 2707 ἐστιν.
3079 2642 3204 2702 Ἐὰν
3253 2645 3353 2724 γὰρ
3396 2643 3654 2723 πληρώσῃ
3705 2645 3767 2698 τὸ
3817 2641 3909 2720 ’έρ-

2253 2758 2348 2813 γον
2404 2736 2631 2800 πίστεως
2709 2737 2845 2810 ὑμᾶς
2923 2731 3246 2806 ἐπιτελέσαι,
3305 2733 3518 2798 πάντως
3590 2735 3746 2792 αὒτοῦ
3819 2732 3911 2787 καὶ

2261 2828 2357 2894 τὴν
2389 2827 2622 2884 εὐδοκίαν
2679 2826 2972 2905 πληρώσει.
3038 2816 3183 2907 UOpts
3239 2823 3318 2906 δὲ,
3377 2826 3472 2882 οὐκ
3527 2831 3648 2882 εἷ.ε
3706 2826 3907 2902 πίστιν,

2259 2916 2378 2972 ἀλλ’
2424 2916 2572 2996 ἔργον
2600 2904 2850 2980 πίστεως.
2911 2937 2934 2970 ι
2990 2904 3184 2980 ’Ὅπως
3255 2904 3536 2991 ἐνδοξασθῇ
3604 2915 3664 2970 16
3707 2911 3911 2975 ὅνοομα

2257 3013 2349 3063 τοῦ
2383 3009 2591 3086 Κυρίου,
2655 3025 2683 3066 )
2736 3007 2793 3063 Εἰ
2844 3007 2944 3085 γὰρ
2985 3015 3149 3064 ταῦτα
3202 3004 3446 3083 γένηται.
3493 3005 3674 3084 φησὶν,
3727 3003 3911 3080 ὥσπερ

2258 3094 2313 3151 ἐν
2379 3109 2497 3160 τοῖς
2545 3097 2716 3173 ἁγίοις
2767 3096 2922 3152 αὐτοῦ
2966 3093 3398 3165 ἐνδοξασθήσεται
3443 3095 3470 3149 6
3517 3094 3671 3166 Θεὸς,
3735 3094 3912 3154 καθὼς

2260 3184 2369 3241 ἄνω
2425 3185 2602 3265 εἶπεν,
2661 3184 2825 3248 οὕτως
2864 3185 2951 3241 καὶ
2994 3183 3048 3240 ἐν
3096 3187 3243 3260 ὑμῖν.
3299 3182 3576 3254 Δοξάζεται
3625 3183 3746 3262 γὰρ,
3802 3204 3910 3238 κα-

2259 3276 2362 3338 θὼς
2391 3275 2478 3331 καὶ
2543 3275 2653 3331 ἅνω
2713 3273 2960 3354 εἴπομεν,
3006 3275 3256 3331 τοιούτων
3313 3271 3470 3338 ἀξιῶν
3513 3271 3634 3336 τοὺς
3691 3269 3907 3335 δούλους

2262 3362 2570 3439 αὖτοῦᾼίαὶ
2603 3376 2785 3426 αυτοῖς
2837 3359 2891 3418 δὲ
2949 3359 3070 3426 δόξα
3127 3360 3293 3439 ἔσται,
3328 3362 3388 3416 τὸ
3442 3362 3696 3417 τοιούτων
3739 3358 3907 3426 ἠξιῶ-

2263 3456 2403 3515 σθαι.
2447 3432 2507 3511 ’.Η
2559 3451 2724 3516 οὕτως
2774 3452 2966 3519 νόησον
2999 3468 3013 3481 ·
3072 3454 3131 3509 Εἰ
3187 3432 3458 3532 πληρώσει
3514 3453 3574 3506 τὸ
3630 3449 3779 3529 ἔργον
3812 3449 3912 3516 τῆς

2265 3546 2492 3607 πίστεως
2561 3543 2709 3617 ὑμῶν
2765 3541 2818 3598 ἐν
2917 3540 3154 3618 δυνάμει,
3223 3539 3514 3616 τουτέστιν,
3562 3538 3617 3595 ἐν
3666 3541 3910 3615 ὑπομονῇ

2260 3637 2590 3710 πειρασμῶν,
2634 3628 3008 3700 δοξασθήσεται
3062 3632 3090 3686 6
3141 3631 3270 3692 Θεὸς
3327 3628 3380 3684 ἐν
3430 3630 3581 3704 ὑμῖν,
3635 3625 3907 3684 ὅτιδονα-

2261 3720 2380 3784 τοὺς
2452 3719 2747 3786 κατέστησε
2798 3721 2928 3797 πρὸς
2976 3720 3130 3774 τοῦτο
3179 3719 3267 3774 καὶ
3315 3717 3589 3798 ἐνεύρωσε,
3624 3718 3710 3773 καὶ
3751 3719 3911 3791 ὑμεῖς

2266 3807 2319 3864 ἐν
2347 3816 2424 3884 τῷ
2480 3817 2617 3884 Θεῷ,
2680 3809 2761 3865 ὅτι
2804 3807 2974 3874 ἀξίους
3032 3805 3254 3874 ἐδείξατε
3318 3807 3531 3870 ἐαυτοὺς
3602 3810 3699 3875 τῆς
3768 3807 3912 3870 θείας

2262 3899 2477 3976 ἀγάπης
2534 3901 2623 3955 καὶ
2665 3899 2985 3978 ἐπικουρίας.
3047 3917 3071 3952 ι
3107 3899 3253 3956 Κατὰ
3299 3897 3397 3966 τὴν
3444 3897 3602 3978 χάριν
3646 3906 3738 3955 τοῦ
3779 3903 3916 3952 Θεοῦ

2262 3991 2443 4064 ἡμῶν.
2477 4007 2507 4047 3
2578 3989 2738 4067 Χάρις
2787 3990 2888 4068 γὰρ
2934 3997 3096 4047 ταῦτα
3140 3988 3312 4044 πάντα
3384 3993 3631 4065 Χριστοῦ.
3683 3987 3755 4044 Οὔ
3807 3987 3912 4062 γὰρ

2262 4078 2447 4154 ἡμεῖς,
2482 4079 2634 4157 φησὶ,
2694 4079 2823 4156 πρὸς
2868 4078 3031 4134 ταύτά
3086 4077 3245 4153 ἐσμεν
3300 4080 3468 4134 ἱκανοὶ
3511 4077 3547 4146 ἢ
3603 4075 3758 4156 ἄξιοι,
3787 4075 3916 4131 ἀλλ’

2262 4170 2297 4237 ἡ
2342 4168 2499 4250 χάρις
2542 4168 2700 4227 αὐτοῦ
2724 4164 2791 4224 δι’
2820 4169 2979 4244 ἡμῶν
3009 4168 3181 4224 πάντα
3209 4170 3480 4247 κατορθοῖ.

2904 4351 3151 4409 ΚΕΦΑΛ.
3185 4354 3249 4406 Β.

2270 4459 2297 4490 α
2333 4437 2480 4518 Περὶ,
2543 4434 2746 4509 τέλους,
2821 4435 2902 4492 ὅτι
2976 4436 3110 4513 μετὰ
3173 4436 3542 4518 Ἀντίχριστον
3627 4439 3716 4494 τὸν
3773 4459 3917 4512 πεμ-

2344 4514 2576 4592 πόμενον
2649 4516 2734 4572 ἐπὶ
2822 4515 3036 4597 ἐλέγχῳ
3122 4514 3411 4598 Ἰουδαίων,
3499 4518 3916 4585 ἀπιστησάντων

2345 4604 2574 4674 Χριστῷ.
2629 4620 2650 4652 3

2349 4709 2373 4740 α
2424 4683 2738 4766 Ἐρωτὼμεν
2794 4685 2848 4742 δὲ
2890 4687 3048 4762 ὑμᾶς,
3093 4684 3328 4766 ἀδελφοὶ,
3372 4687 3503 4766 ὑπὲρ
3544 4691 3642 4756 τῆς
3705 4710 3914 4767 παρου-

2265 4776 2378 4839 σίας
2433 4783 2525 4833 τοῦ
2597 4777 2782 4855 Κυρίου
2841 4779 2999 4851 ἡμῶν
3072 4775 3249 4842 Ἰησοῦ
3308 4783 3532 4856 Χριστοῦ
3599 4778 3688 4833 καὶ
3755 4779 3918 4851 ἡμῶν

2263 4866 2668 4946 ἐπισυναγωγῆς
2697 4864 2782 4923 ἐπ’
2813 4868 2991 4929 αὺτὸν,
3025 4868 3098 4929 εἷς
3128 4868 3188 4921 τὸ
3216 4866 3294 4942 μὴ
3350 4865 3564 4947 ταχέως
3596 4865 3915 4939 σαλευθῆναι

2260 4958 2396 5032 ὑμᾶς
2426 4957 2531 5013 ἀπὸ
2587 4964 2680 5012 τοῦ
2729 4959 2872 5037 νοὸς,
2932 4957 3069 5032 μήτε
3123 4959 3387 5035 θροεῖσθαι
3431 4954 3516 5013 διὰ
3583 4957 3914 5036 πνεύματος,

2263 5047 2400 5120 μήτε
2459 5043 2542 5101 διὰ
2594 5043 2776 5125 λόγου,
2823 5047 2959 5122 μήτε
3011 5042 3078 5100 δι’
3121 5043 3408 5112 ἐπιστολῆς
3489 5046 3562 5109 ὡς
3606 5043 3674 5100 δι’
3727 5047 3909 5124 ἡμῶν,

2262 5137 2332 5201 ὡς
2366 5133 2446 5191 ὅτι
2474 5135 2756 5201 ἐνέστηκεν
2783 5137 2819 5202 ἡ
2858 5133 3032 5212 ἡμέρα
3060 5142 3152 5191 τοῦ
3186 5140 3435 5214 Χριστοῦ,
3472 5157 3499 5188 ι)

2346 5212 2409 5280 Ὠ
2440 5224 2703 5303 ἐγκώμιον
2733 5231 2837 5280 τῶν
2895 5224 3096 5304 ἁγίωνί
3151 5212 3307 5292 ἔδειξε
3359 5225 3458 5302 γὰρ
3515 5221 3595 5279 ὅτι
3647 5225 3734 5279 καὶ
3766 5227 3919 5282 αὖτοὶ

2263 5314 2775 5394 ἐπισυναχθήσονται
2833 5321 2910 5388 τῷ
2984 5320 3215 5393 Χριστῷ,
3275 5314 3349 5378 ὡς
3419 5315 3507 5370 καὶ
3550 5312 3738 5377 αὖτοὺς
3791 5314 3915 5388 μετ’

2258 5411 2416 5464 αὺτοῦ
2467 5407 2758 5487 φαίνεσθαι,
2831 5407 2918 5462 καὶ
2976 5407 3087 5481 ἅμα
3144 5407 3285 5481 αύτῷ
3356 5405 3641 5486 συνῆχθαι.
3691 5406 3776 5469 Εἰς
3819 5409 3907 5479 τὸ,

2263 5522 2286 5551 ιι
2323 5497 2410 5563 Μὴ
2441 5495 2677 5576 ταχέως,
2715 5516 2741 5554 ι
2792 5497 2852 5554 Τί
2905 5493 2959 5552 δὲ
3004 5494 3287 5575 ἐρωτῶμεν
3339 5497 3476 5571 ὑμᾶς
3531 5497 3618 5551 καὶ
3662 5517 3918 5574 παρακα-

2255 5585 2490 5666 λοῦμενς
2553 5587 2639 5650 Εἰς
2693 5587 2754 5641 τὸ
2811 5587 2889 5661 μὴ
2949 5585 3184 5666 ταχέως,
3244 5586 3396 5664 φησί,
3456 5583 3770 5656 σαλευθῆναι
3803 5585 3918 5645 ἀπὸ
