4188 6430
350 345 460 412 11⁵1

1327 351 1722 418 COMMENT.
1769 350 1852 413 IN
1897 342 2140 410 EPIST.
2187 343 2212 407 Ι
2253 349 2358 412 ΑΒ
2398 346 2760 413 THESSAL.

3637 338 3752 408 us
3814 292 3819 297 6

347 490 436 540 τοῦ
460 485 610 559 νοὸς,
641 486 908 563 τουτέστι,
954 490 1267 568 ταραχθῆνα
1350 489 1439 544 καὶ
1485 486 1785 569 φοῗηθῆναι
1815 492 1876 550 ἐκ
1917 493 2003 556 τῆε

2100 476 2212 569 atis
2242 496 2313 542 ex
2355 478 2691 569 ignorantia
2735 488 2797 542 et
2846 478 3062 569 timore
3119 477 3359 542 mentis.
3411 471 3741 569 Sciendum

352 573 443 631 τοῦ
482 583 575 635 νοῦ
637 574 863 655 ἀγνοίας
898 562 1033 634 καί
1069 562 1284 642 δειλίας.
1344 562 1542 635 ’ἰστέον
1591 579 1692 660 γὰρ
1735 579 1816 637 ὅτι
1871 582 2003 645 τινὲς

2095 566 2255 660 enim
2286 568 2857 660 quod‘corruptores
2887 566 3128 660 quidam
3157 573 3559 660 apparuerunt
3584 562 3744 646 apud

349 661 615 737 λυμεῶνες
684 665 1026 747 ἀνεφάνησαν
1055 665 1182 745 παρ’
1230 667 1442 732 αὖτοτς,
1514 667 1806 748 φάσκοντες
1890 669 2010 749 ἐφι-

352 752 540 810 στάναι
565 755 668 823 τὴν
725 754 936 831 ἡμέραν
990 756 1090 822 τῆς
1143 752 1390 834 δευτέρας
1445 764 1540 815 τοῦ
1594 764 1823 836 Χριστοῦ
1876 781 2005 839 παρ-

352 843 559 917 ουσέας,
630 844 719 901 καὶ
774 843 987 923 ἃθρόουν
1043 844 1229 906 αὖτοὺς
1328 845 1418 901 καὶ
1491 844 1738 911 ἐπτόουν.
1800 847 1939 905 Εἶτα
1981 850 2010 905 6

354 930 590 1007 Παῦλος,
622 933 754 990 πότε
797 934 895 1011 μὲν
926 931 1095 1003 ἔσται,
1159 933 1218 990 οὗ
1258 932 1425 1012 λέγει,
1477 933 1558 991 ὅτι
1602 934 1659 992 δὲ
1685 936 1744 992 οῦ
1784 943 1871 995 νῦν
1910 935 2009 1018 ἰφ-

354 1020 581 1090 ἐστηκεν
624 1021 985 1099 ἆπῶεικνυσι,
1058 1036 1265 1100 σημεῖα
1321 1022 1495 1102 λέγων
1535 1030 1636 1092 τῆς
1692 1026 2005 1104 παρουσίας.

359 1133 387 1165 ι
422 1112 573 1181 Μήτι
601 1109 688 1169 διὰ
739 1113 1072 1189 Πνεύματος.
1108 1136 1136 1167 ι
1212 1111 1655 1195 Ψευδοπροφῆται
1696 1115 1796 1194 γὰρ
1845 1122 2009 1173 ταῦτα

355 1199 564 1278 ἷλεγον.
626 1203 770 1269 Φησῖ
845 1201 902 1259 δὲ
944 1211 1174 1282 πνεῦμα,
1232 1206 1347 1259 οἷον
1400 1194 1665 1283 χάρισμα.
1729 1194 1854 1262 υινα
1908 1206 2008 1285 γὰρ

356 1288 617 1366 συνανὲλῃ
702 1291 824 1354 τοὺς
892 1288 1355 1371 ψευδοπροφήτας,
1438 1291 1735 1358 καθολικῶς
1824 1294 2003 1366 εἶπεν,

350 1377 438 1436 ὅτι
463 1380 564 1437 κᾶν
607 1380 851 1461 χάριτμά
877 1403 960 1445 τις
989 1379 1133 1461 ἔχων
1163 1380 1490 1463 προφητείας
1549 1392 1704 1444 τοῦτο
1746 1383 1902 1461 εἴπῃ,
1928 1384 2006 1461 μὴ

352 1468 694 1535 πιστεύσητε.
770 1470 835 1524 Ἠ
892 1474 1099 1544 πνεῦμα
1167 1466 1312 1546 λέγει
1390 1468 1453 1525 τὸ
1541 1469 1846 1552 ἀκάθαρτον.
1910 1473 2009 1529 Διὰ

346 1557 452 1637 γὰρ
507 1556 799 1638 ἇιαθέρτου
852 1558 1150 1633 πνεύματος
1224 1555 1446 1618 ἐλάλουν
1505 1561 1553 1617 οἱ
1625 1559 2005 1642 ψευδοπροφῆ-

349 1668 464 1709 ται.
534 1648 711 1725 Ταύτῃ
890 1645 1101 1727 δευτέρᾳ
1155 1648 1411 1727 ἑρμηνείᾳ
1465 1646 1609 1708 ἔθετο
1658 1653 1687 1708 6
1743 1652 2005 1731 μακάριος

2092 654 2254 736 ipsos
2284 657 2386 739 qui
2415 657 2686 722 dicerent
2711 659 2935 721 instare
2975 658 3139 721 diem
3169 655 3417 720 secundi
3444 653 3740 717 adventus

2090 744 2333 823 Christi,
2365 755 2425 809 et
2455 747 2770 811 turbabant
2795 766 2865 811 ac
2891 746 3189 811 terrebant
3239 764 3363 809 eos.
3409 744 3489 808 At
3525 742 3749 809 Paulus

2092 851 2237 896 sane
2263 853 2383 897 non
2412 836 2555 899 dicit
2584 835 2824 899 interim
2852 835 3093 919 quando
3124 837 3260 911 erit,
3293 833 3399 897 sed
3424 851 3544 895 non
3573 848 3745 896 nunc

2092 923 2302 987 saltem
2331 924 2553 989 instare
2582 926 2898 1009 signiﬁcat,
2950 926 3119 1005 signa
3168 924 3374 988 dicens
3426 921 3740 985 adventus.

2099 1041 2122 1074 ι
2154 1012 2359 1096 Neque
2388 1034 2494 1097 per
2538 1016 2850 1097 Spiritum.
2907 1044 2929 1075 ι
2990 1014 3533 1097 PseudOprophetaa
3582 1009 3744 1072 enim

2091 1103 2215 1166 haec
2249 1103 2545 1169 dicebant.
2581 1105 2866 1188 Spiritum
2905 1122 3044 1168 vero
3072 1103 3175 1186 ait,
3210 1105 3324 1166 hoc
3356 1108 3468 1177 est,
3501 1098 3745 1163 charis-

2095 1211 2189 1255 ma
2235 1201 2292 1255 et
2344 1193 2612 1260 donum:
2670 1203 2734 1258 ut
2790 1195 2950 1259 enim
3012 1192 3565 1277 pseudoprophetas
3615 1204 3743 1253 una

2090 1284 2649 1365 comprehenderet,
2699 1284 3112 1348 universaliter
3165 1282 3336 1357 dixit,
3391 1280 3552 1363 quod
3605 1277 3747 1341 licet

2090 1372 2383 1453 quispiam
2415 1372 2635 1437 donum
2658 1374 2891 1438 habens
2912 1373 3241 1456 prophetiae
3259 1372 3374 1434 hoc
3391 1367 3639 1446 dixerit,
3662 1383 3742 1430 ne

2089 1462 2371 1539 credatis,
2402 1464 2518 1527 Aut
2565 1463 2838 1546 spiritum
2880 1464 3030 1526 dicit
3084 1462 3411 1545 impurum.
3449 1457 3598 1521 Nam
3632 1473 3745 1538 per

2086 1551 2363 1631 spiritum
2386 1553 2685 1635 impurum
2734 1553 3130 1636 loquebantur
3176 1549 3734 1633 pseudoprophetw.

2082 1638 2233 1704 Huic
2258 1645 2538 1706 secundae
2565 1642 3048 1725 interpretationi
3070 1641 3333 1705 assensit
3351 1639 3525 1702 divus
3546 1638 3730 1701 Joan-

346 1735 634 1826 ξιωάννης,
675 1759 701 1793 ι
728 1737 877 1826 Μήτε
904 1734 990 1792 διὰ
1028 1734 1211 1816 λόγου.
1261 1760 1289 1826 p
1338 1737 1692 1819 Πιθανολογίᾳ
1734 1742 1828 1820 γὲρ
1876 1728 2000 1814 τινι,

2088 1748 2280 1826 nes.__¢
2311 1731 2515 1816 Neque
2546 1752 2653 1815 per
2670 1752 3032 1797 sermonem.
3069 1763 3091 1793 ο
3124 1730 3395 1826 Quodam
3418 1728 3580 1826 enim
3608 1743 3740 1826 per-

348 1824 557 1882 ἒπειθον
612 1823 958 1905 ἐφεστηκέναι
1027 1815 1127 1893 τὴν
1168 1824 1371 1906 ἡμέραν
1426 1833 1519 1884 τοῦ
1551 1815 1760 1909 Κῦρίου.
1800 1815 1836 1885 ἀ
1872 1831 2000 1900 Μή-

2087 1819 2356 1909 suasihili
2382 1840 2661 1886 sermone
2687 1822 3018 1885 suadebant
3034 1822 3258 1884 instare
3281 1818 3443 1909 diem
3465 1815 3734 1880 Domini.

342 1934 405 1970 τε
446 1911 517 1970 δι’
546 1913 860 1982 ὶπιστολῆς.
900 1936 925 1971 ι
964 1917 1063 1973 Καὶ
1090 1914 1378 1980 ἑπιστολὶις
1423 1918 1523 1997 γὰρ
1565 1919 1639 1982 ὡς
1684 1916 1737 1984 ἐξ
1792 1919 2001 1995 ὀνόμα-

344 2023 440 2066 τος
469 2009 563 2059 τοῦ
606 2002 813 2060 Παύλου
842 2000 1124 2077 ἔπλαττον,
1156 2011 1313 2063 τοῦτο
1340 2002 1491 2074 δῆθεν
1524 2004 1796 2075 δηλώσας.

439 2114 468 2146 ι
525 2092 613 2159 Μὴ
656 2113 736 2156 τις
783 2092 918 2167 ὑμᾶς
973 2090 1282 2171 ἐξαπατήσῃ
1333 2095 1473 2151 κατὰ
1526 2093 1728 2171 μηδένα
1782 2098 1999 2179 τρόπον³

346 2180 431 2237 ὅτι
502 2180 593 2237 ἐὰν
638 2181 715 2256 μὴ
788 2180 915 2258 ἔλθῃ
983 2182 1020 2250 ἡ
1076 2182 1372 2242 ἀποστασία
1428 2191 1658 2263 πρῶτον,
1716 2188 1805 2243 καὶ
1859 2186 2003 2243 ἀπὸ·

346 2268 595 2350 καλυφθῇ
677 2271 707 2327 6
774 2268 1048 2350 ἅνθρωπος
1117 2276 1218 2339 τῆς
1296 2271 1581 2354 ἁμαρτίας,
1657 2276 1686 2331 6
1737 2277 1849 2341 υἱὸς
1902 2281 2003 2341 τῆς

346 2357 641 2430 ἀπωλείας,
715 2362 744 2417 6
813 2359 1173 2437 ἀντικείμενος
1259 2364 1348 2418 καὶ
1432 2364 1847 2445 ὑπεραιρόμενος
1914 2364 2003 2423 ἐπὶ

348 2446 528 2504 πάντα
608 2446 898 2527 λεγόμενον
983 2451 1114 2507 Θεὸν
1207 2450 1244 2520 ἢ
1313 2448 1575 2529 σέϐασμα,
1660 2453 1798 2511 ὥστε
1845 2455 2000 2511 αὐτὸν

347 2539 424 2601 εἰς
451 2538 547 2594 τὸν
573 2539 698 2594 ναὸν
745 2547 841 2598 τοῦ
882 2546 1015 2598 Θεοῦ
1053 2540 1127 2605 ὡς
1191 2540 1323 2598 Θεὸν
1365 2541 1573 2598 καθίσαι
1624 2541 2002 2601 ἀποδεικνύντα

347 2627 539 2686 ἑαυτὸν
568 2626 652 2684 ὅτι
681 2626 793 2685 ἔστι
822 2630 974 2691 Θεός.
1041 2651 1070 2684 ι

430 2714 656 2784 Ἐπειδὴ
699 2718 825 2775 εἷπε
854 2718 935 2794 μὴ
984 2717 1279 2799 ἐφιστάναι,
1327 2720 1493 2787 αὺτῆς
1522 2717 1711 2778 λοιπὸν
1732 2726 1831 2790 τῆς
1876 2721 1998 2778 ἐπι-

347 2804 571 2868 στασίας
628 2820 836 2882 σημεῖα
877 2805 1046 2885 λέγει,
1077 2808 1166 2863 καὶ
1236 2807 1376 2886 μέγα
1433 2810 1722 2888 μυστήριον
1790 2810 2002 2870 ἀποκα-

342 2893 555 2953 λύπτει.
609 2918 638 2949 ι
688 2894 833 2954 Κατὰ
873 2892 1077 2970 μηδένα
1122 2895 1339 2974 τρόπον,
1383 2920 1406 2953 ο
1458 2897 1547 2959 Μὴ
1602 2898 1740 2954 κατᾶ
1767 2907 1997 2976 πνεῦμα,

342 2985 499 3063 φησὶ.
552 2984 634 3059 μὴ
687 2985 823 3041 κατὰ
866 2983 1051 3065 λόγον,
1095 2985 1175 3060 μὴ
1229 2986 1367 3041 κατὰ
1421 2984 1729 3056 ἐπιστολήν.
1795 3009 1818 3043 ιι
1877 2987 2002 3046 Ἐὰν

2091 1937 2115 1969 ι
2138 1907 2341 1991 Neque
2364 1930 2469 1991 per
2484 1912 2813 1991 epistolam.
2842 1941 2863 1971 1
2893 1915 3048 1976 Nam
3068 1918 3127 1974 et
3149 1907 3431 1990 epistolas
3453 1915 3734 1988 tanquam

2083 2015 2156 2060 ex
2176 1998 2342 2062 Pauli
2364 2002 2604 2064 nomine
2623 2000 2945 2082 ﬁngebant,
2969 2002 3153 2063 ethoc
3193 2015 3337 2061 sane
3370 1992 3730 2059 manifeStat.

2164 2087 2235 2160 Il,
2270 2090 2329 2164 3,
2365 2090 2423 2151 4.
2455 2090 2547 2152 Ne
2573 2094 2711 2170 quis
2724 2108 2833 2154 suos
2860 2091 3136 2172 decipiat
3190 2087 3319 2151 ulto
3347 2086 3548 2160 modo,
3578 2101 3733 2164 quo-

2086 2179 2257 2241 niam
2285 2180 2408 2242 nisi
2433 2182 2667 2243 venerit
2713 2183 2983 2262 primum
3029 2178 3308 2259 defectio,
3341 2182 3399 2240 et
3430 2173 3739 2239 revelatus

2084 2268 2273 2347 fuerit
2299 2270 2477 2332 homo
2507 2270 2608 2333 ille
2634 2270 2881 2352 peccati,
2913 2269 3079 2350 ﬁlius
3096 2266 3483 2347 perditionis,
3517 2264 3627 2345 qui
3648 2270 3741 2327 est

2084 2360 2494 2441 adversarius,
2555 2367 2614 2423 et
2658 2360 2915 2440 effertur
2956 2359 3248 2421 adversus
3334 2371 3573 2418 omnem
3631 2354 3741 2434 qui

2082 2446 2313 2509 dicitur
2344 2447 2504 2510 Deus
2534 2456 2643 2511 aut
2671 2465 2920 2526 numen,
2967 2448 3116 2511 adeo
3152 2450 3223 2510 ut
3272 2451 3341 2508 in
3373 2446 3599 2525 templo
3627 2443 3741 2505 Dei

2085 2545 2378 2618 tanquam
2427 2539 2592 2601 Deus
2637 2537 2861 2616 sedeat,
2914 2543 3232 2601 ostentans
3297 2534 3564 2617 seipsum
3615 2549 3740 2596 esse

2083 2626 2272 2691 Deum
2286 2671 2299 2686 .

2163 2713 2452 2787 Quoniam
2482 2715 2627 2778 dixit
2658 2736 2776 2779 non
2806 2715 3053 2798 instare,
3084 2714 3269 2796 ipsius
3311 2713 3599 2795 deinceps
3618 2729 3726 2792 ap-

2082 2804 2596 2886 propinquationis
2626 2806 2793 2886 signa
2842 2805 3010 2880 dicit,
3063 2814 3123 2868 et
3169 2823 3450 2884 magnum
3500 2801 3731 2865 revelat

2084 2894 2454 2974 mysterium.
2476 2894 2645 2958 «Ullo
2676 2895 2853 2958 modo
2884 2921 2910 2954 ρ
2939 2897 3146 2977 Neque
3172 2912 3280 2977 per
3299 2892 3599 2974 spiritum,
3630 2890 3728 2952 in-

2086 2982 2234 3063 quit,
2269 3001 2461 3065 uequo
2493 3003 2601 3066 per
2628 3003 2994 3059 sermonem,
3027 3003 3225 3067 neque
3257 3002 3364 3065 per
3392 2981 3731 3064 epistolam.

346 3084 428 3153 μή
473 3075 603 3154 ἔλθῃ
660 3077 980 3140 ἀποστασία,
1034 3101 1057 3132 ι
1122 3075 1475 3136 Ἀποστασίαν
1530 3081 1687 3137 αὐτὸν
1737 3079 1883 3160 λέγει
1914 3083 2003 3138 τὸν

2093 3100 2115 3131 ι
2148 3070 2275 3160 Nisi
2309 3074 2536 3136 venerit
2565 3074 2839 3138 defectio.
2879 3104 2902 3134 ι
2938 3075 3349 3139 Defectionem
3376 3071 3735 3152 dicitipsum

347 3169 744 3263 Ἀντίχριστρν,
779 3174 854 3235 ὡς
896 3171 1120 3252 ἀφιστᾷν
1164 3170 1427 3248 μέλλοντα
1480 3171 1711 3238 πολλοὺς
1760 3175 1866 3231 ἀπὸ
1909 3182 2004 3233 τοῦ

348 3267 599 3338 Χριστοῦ.
660 3261 712 3318 Η
738 3261 1086 3335 ἀποστασίαν,
1132 3262 1294 3330 αὖτὴν
1322 3262 1424 3329 τὴν
1481 3261 1587 3319 ἀπὸ
1616 3269 1748 3321 Θεοῦ
1777 3263 1995 3344 ἀναχώ-

346 3371 528 3428 ρησιν,
573 3351 662 3407 καὶ
693 3351 818 3406 αὖτό
842 3351 905 3407 τὸ
936 3355 1177 3429 πρᾶγμα.
1240 3382 1315 3394 -
1353 3372 1377 3405 ε
1428 3351 1528 3409 Καὶ
1557 3350 1928 3432 ἀποκαλυφθῇ,
1968 3377 1995 3410 ι

348 3437 698 3517 [ΘΕΟΔΔΡᾸ
736 3436 1092 3510 Σὸεσθήσεται
1120 3439 1220 3519 γὰρ
1247 3439 1283 3508 ἡ
1344 3438 1650 3521 κατέχοοσα
1676 3439 1878 3516 πλάνη,
1912 3451 2004 3506 καὶ

343 3525 495 3598 λήξει
539 3534 647 3584 τῶν
707 3526 937 3585 εἰδώλων
992 3530 1029 3597 ἡ
1084 3526 1345 3605 ἐξαπάτῃ,
1403 3531 1491 3586 καὶ
1547 3529 1669 3586 τότε
1725 3529 2003 3587 ἀποκαλυ-

345 3618 605 3694 φθήσεται
635 3619 664 3673 6
720 3615 943 3694 ἄνομος.
1004 3626 1170 3678 Τοῦτο
1226 3618 1326 3698 γὰρ
1379 3620 1467 3675 καὶ
1520 3621 1549 3676 6
1606 3619 1795 3699 Κύριος
1853 3620 2002 3701 εἷπε,

352 3730 379 3761 α
416 3707 828 3787 Κηςοχθήσεται
856 3708 918 3763 τὸ
966 3705 1290 3785 Εὖαγγέλιον
1332 3708 1407 3770 εἷς
1462 3708 1636 3765 πάντα
1691 3710 1757 3765 τὰ
1804 3708 2008 3790 πέρατα

344 3797 448 3861 τῆς
477 3801 583 3872 γῆς
616 3797 691 3859 εἰς
717 3796 1000 3876 μαρτύριον
1030 3809 1242 3871 αυτοῖς,
1274 3798 1364 3853 καὶ
1392 3796 1513 3854 τότε
1541 3795 1654 3865 ἥξει
1682 3800 1745 3855 τὸ
1772 3797 1946 3863 τέλος.
1973 3818 2004 3860 )

344 3919 425 3931 —
465 3907 491 3941 ι
538 3876 597 3944 Ὀ
626 3885 897 3966 ἄνθρωπος
924 3890 1025 3954 τῆς
1068 3887 1352 3967 ἁμαρτίας.
1387 3910 1417 3943 ι
1466 3887 1708 3969 [ΙΩΛΝ.]
1739 3888 1827 3952 Τίς
1855 3888 2006 3954 οὗτος

347 3974 533 4057 ἰστίνς
594 3976 698 4055 ἆρα
756 3978 785 4033 6
846 3982 1125 4056 Σατανᾶςς
1185 3973 1453 4054 οὖδαμῶς,
1520 3975 1674 4034 Ἀλλ’
1729 3973 2004 4058 ἄνθρωπός

346 4087 452 4145 τις,
480 4072 659 4123 πᾶσαν
688 4066 846 4122 αὐτοῦ
883 4063 1175 4147 δεχόμενος
1216 4069 1316 4135 τῆν
1368 4064 1659 4147 ἐνέργειαν.
1694 4063 2000 4147 [ΣΕΥΗΡ.]

351 4157 499 4214 Κατὰ
529 4154 770 4230 μῖμησιν
826 4161 920 4212 τοῦ
962 4160 1215 4235 Σωτῆρος
1264 4153 1482 4235 ἔρχεται
1536 4157 1566 4212 6
1637 4161 1901 4230 Σατανᾶς,
1949 4156 2003 4212 ἐν

666 4242 947 4326 ὁλοκλήρῳ
1003 4277 1083 4290 -
1126 4227 1387 4309 .
1452 4227 1750 4326 Ἄνθρωπον
1821 4227 2001 4325 ἆμαρ-

2084 3159 2546 3242 Antichrismm,
2592 3165 2749 3247 quod
2798 3165 3016 3228 multos
3067 3171 3446 3246 separaturus
3502 3167 3661 3225 esset
3703 3177 3740 3222 a

2086 3248 2342 3316 Christo.
2359 3254 2844 3336 Autapostasiam
2865 3255 2989 3318 sive
3010 3252 3406 3318 defectionem
3429 3250 3513 3316 ait
3544 3250 3737 3332 ipsam

2084 3356 2117 3401 a
2149 3339 2268 3402 Deo
2300 3346 2758 3424 separationem,
2784 3352 2841 3408 et
2857 3364 2985 3408 rem
3008 3344 3195 3426 ipsam
3220 3362 3353 3425 quae
3380 3361 3491 3425 per
3514 3356 3737 3404 nomen

2084 3428 2469 3506 significatur.
2493 3467 2574 3479 —
2601 3463 2625 3494 α
2648 3434 2719 3496 Ει
2759 3435 3057 3497 revelatus
3094 3433 3299 3497 fuerit.
3329 3449 3354 3483 ι
3375 3430 3737 3512 Exstingue-

2087 3521 2184 3581 tur
2209 3521 2369 3582 enim
2411 3540 2579 3586 error
2625 3525 2727 3606 qui
2770 3523 2980 3587 orbem
3032 3529 3305 3604 occupat,
3363 3521 3741 3604 cessabitque

2087 3609 2381 3673 idolorum
2403 3612 2694 3687 seductio,
2722 3621 2781 3675 et
2805 3622 2946 3676 tunc
2971 3613 3328 3676 revelabitur
3351 3611 3736 3694 iniquusille.

2086 3698 2236 3761 Nam
2268 3708 2325 3761 et
2354 3701 2467 3762 hoc
2499 3701 2645 3764 dixit
2669 3702 2993 3765 Dominus:
3028 3723 3050 3753 ι
3083 3701 3510 3765 Praedicabitur
3536 3701 3739 3764 Evan-

2088 3790 2308 3868 gelium
2343 3799 2494 3852 I94
2518 3794 2576 3854 in
2601 3810 2811 3854 omnes
2841 3791 3133 3854 terminos
3166 3802 3341 3854 terrae
3368 3790 3442 3853 ad
3468 3790 3736 3854 testimo-

2090 3880 2254 3944 nium
2280 3881 2424 3963 illis,
2455 3890 2514 3943 et
2543 3890 2681 3944 tunc
2695 3880 2892 3945 veniet
2920 3881 3406 3944 consummatio“.
3433 3910 3455 3941 ι
3480 3914 3559 3928 --
3586 3880 3739 3946 «Ηο-

2088 3971 2298 4032 moille
2317 3970 2566 4052 peccati.
2597 4001 2619 4032 ι
2649 3971 2931 4044 Quisnam
2957 3974 3065 4032 iste
3087 3971 3226 4033 est?
3249 3977 3553 4034 utrumme
3574 3968 3741 4034 Sata-

2087 4061 2227 4122 nas?
2260 4079 2657 4142 nequaquam,
2681 4061 2788 4124 sed
2808 4060 2986 4123 homo
3006 4060 3222 4142 aliquis
3246 4060 3350 4144 qui
3392 4061 3734 4124 universam

2086 4150 2220 4230 ejus
2290 4149 2541 4231 accipiat
2584 4149 3019 4231 operationem.
3080 4184 3161 4197 -—
3203 4151 3293 4213 Ad
3338 4149 3736 4213 imitationem

2086 4237 2404 4301 Salvatoris
2447 4250 2730 4303 venturus
2779 4247 2869 4301 est
2923 4241 3170 4303 Satanas
3199 4240 3261 4302 in
3318 4238 3433 4302 isto
3460 4240 3737 4305 homine.

355 4338 463 4398 τίας
494 4333 654 4391 αὐτὸν
706 4331 851 4413 λέγει
904 4336 997 4391 τὸν
1040 4333 1433 4415 Ἀντίχριστον,
1478 4336 1553 4394 Οὔ
1596 4335 1698 4414 γὰρ
1748 4336 1778 4391 6
1819 4341 1999 4392 Σατα-

2090 4328 2223 4391 Atio
2254 4330 2425 4392 modo
2447 4328 2760 4392 Hominem
2785 4330 3011 4411 peccati
3034 4329 3182 4393 dicit
3207 4330 3402 4411 ipsum
3423 4328 3737 4393 Antichri-

354 4427 444 4485 νᾶς
491 4420 638 4477 ’ἔσται
695 4423 726 4478 6
797 4421 1186 4505 Ἀντίχριστος,
1253 4421 1373 4480 ἀλλ’
1430 4422 1703 4503 ἅνθρωπος
1759 4422 2002 4503 ἐνεργού-

351 4532 513 4586 μενος
540 4511 647 4567 ὑπὸ
700 4519 794 4569 τοῦ
847 4520 1078 4572 Σατανᾶ.
1152 4515 1436 4591 Ανθρωπον
1494 4510 1548 4569 δὲ
1599 4513 1858 4591 ἁμαρτίας
1901 4517 2001 4571 αὗ-

350 4601 442 4655 τὸν
474 4598 661 4673 κάλεϊ,
715 4597 797 4657 ὅτι
850 4603 939 4659 καὶ
994 4603 1149 4668 αὐτὸς
1202 4600 1433 4660 πλεῖστα
1474 4600 1862 4682 ἅμαρτήσεται,
1916 4606 2005 4660 καὶ

344 4688 543 4755 ἄλλους
591 4690 667 4753 εἰς
716 4700 870 4751 τοῦτο
918 4692 1229 4771 ἀναγκάσει,
1293 4694 1413 4750 Υἱὸν
1443 4690 1498 4749 δὲ
1544 4689 1813 4757 ἀπωλείας
1845 4693 2002 4751 αὑτὸν

344 4775 652 4868 καλεῐ,νδιὰ
707 4781 769 4837 τὸ
823 4778 1072 4838 ἀπολύειν
1126 4780 1380 4868 πολλοὺς,
1426 4782 1515 4838 καὶ
1574 4781 1729 4840 αὐτὸν
1759 4780 2000 4840 ἀπόλλυ-

344 4870 492 4928 σθαι.
546 4861 841 4948 Ἄνθρωπον
901 4867 957 4927 δέ
1002 4892 1122 4927 τινα
1182 4861 1452 4949 Ἐϐραϊον,
1523 4870 1704 4937 πάσης
1775 4873 1999 4950 μαγείας

342 4957 434 5013 καὶ
490 4959 823 5042 φαρμακείας
877 4959 934 5017 ἰν
988 4958 1263 5037 ἐπιστήμῃ
1330 4960 1621 5039 γενόμενον
1674 4960 1854 5032 αὖπτδν,
1888 4984 2002 5042 φη-

344 5048 453 5104 σίν.
510 5068 539 5101 α
612 5038 670 5106 ’0
728 5046 1088 5124 ἀντικείμενος
1143 5050 1232 5106 καὶ
1269 5048 1702 5129 ὑπεραιρόμενος.
1737 5072 1766 5105 ι
1820 5038 2002 5107 Ἀντι-

343 5137 630 5206 τεθήσεται
689 5138 790 5217 γὰρ
831 5140 921 5195 καὶ
967 5140 1386 5218 ὑπεραρθήσεται
1443 5144 1512 5216 τῇ
1566 5136 1669 5212 ἰδίᾳ
1723 5140 2003 5220 ὑπερηφα-

338 5227 452 5299 νεία
496 5227 557 5284 οῦ
600 5227 764 5303 μόνον
806 5229 945 5285 κατᾶ
994 5236 1087 5286 τοῦ
1116 5229 1203 5287 ἐπὶ
1257 5228 1471 5287 πάντων
1519 5236 1674 5303 Θεοῦ,
1719 5226 1859 5286 ἀλλὰ
1916 5231 2003 5286 καὶ

346 5316 485 5374 κατὰ
511 5322 622 5373 τῶν
664 5314 916 5375 εἰδώλων.
974 5320 1048 5377 O6
1097 5320 1196 5399 γὰρ
1239 5320 1369 5398 πρὸς
1420 5315 1849 5398 εἷδωλολατρείαν
1893 5318 2002 5386 ἄξει

344 5407 469 5468 τώς
530 5405 858 5487 ἀνθρώπως,
905 5405 1027 5465 ἀλλ’
1086 5410 1158 5475 εἰς
1206 5409 1268 5465 τὸ
1325 5408 1482 5466 αὐτὸν
1539 5407 1614 5470 ὡς
1657 5408 1786 5463 Θεὸν
1839 5429 2004 5486 προσ-

344 5508 548 5556 κυνεῖν.
616 5497 717 5554 Διὰ
780 5502 939 5555 τοῦτο
980 5498 1165 5579 φησὶν,
1208 5497 1624 5578 ὑπεραρθήσεται
1681 5493 1768 5553 ἐπὶ
1828 5497 2000 5554 πάντα

419 5657 451 5710 ι
474 5656 683 5722 Matth.
712 5673 877 5736 xxiv,
908 5657 1007 5724 l4.

2084 4428 2264 4482 stum.
2291 4416 2495 4500 Neque
2525 4419 2685 4482 enim
2717 4419 2963 4484 Satanas
2995 4420 3109 4483 erit
3161 4418 3588 4496 Antichristus,
3627 4419 3736 4482 sed

2088 4507 2262 4570 homo
2277 4508 2903 4574 ubsessusacdirectus
2917 4512 3170 4574 aSatuna
3181 4560 3186 4565 .
3198 4507 3515 4571 Hominem
3532 4516 3735 4571 autem

2087 4598 2312 4678 peccati
2342 4599 2539 4681 ipsum
2561 4608 2749 4676 vocat,
2769 4598 2924 4681 quod
2952 4607 3011 4661 et
3031 4598 3160 4680 ipse
3184 4598 3505 4679 plurimum
3528 4596 3692 4659 delin
3707 4629 3736 4645 ο

2085 4696 2244 4770 quet,
2278 4697 2337 4750 et
2362 4688 2511 4751 alios
2531 4689 2602 4750 ad
2632 4690 2745 4751 hoc
2761 4687 3099 4768 compellet.
3120 4686 3332 4749 Filium
3357 4704 3495 4749 vero
3529 4685 3732 4767 perdi-

2087 4777 2263 4840 tionis
2291 4796 2427 4841 eum
2450 4779 2689 4859 apellat,
2723 4795 2793 4840 eo
2825 4777 2985 4858 quod
3021 4775 3231 4857 perdat
3270 4775 3487 4836 multos
3531 4782 3587 4836 et
3610 4773 3741 4855 ipse

2087 4868 2371 4949 perdatur
2400 4886 2414 4928 :
2450 4864 2765 4929 Hominem
2788 4875 2987 4928 autem
3047 4862 3391 4946 quempiam
3420 4862 3738 4928 chraaum

2085 4956 2230 5019 dicit
2254 4957 2473 5038 ipsum,
2507 4956 2569 5017 in
2597 4953 2855 5035 cujusvis
2886 4951 3095 5034 magiae
3116 4970 3184 5014 ac
3202 4952 3473 5015 veneficii
3487 4951 3742 5018 scientia

2089 5051 2458 5129 provectum.
2501 5074 2524 5105 ε
2574 5044 2686 5118 Qui
2731 5052 2821 5107 est
2867 5041 3239 5106 adversarius
3294 5050 3353 5106 et
3403 5042 3672 5107 effertur.
3709 5067 3735 5100 ι

2085 5134 2518 5200 Adversabitur
2550 5151 2809 5216 namque
2857 5141 2917 5195 et
2964 5131 3278 5197 extolletur
3323 5148 3431 5193 sua
3459 5131 3744 5215 superbia

2089 5244 2208 5288 non
2240 5225 2431 5289 solum
2486 5223 2767 5286 adversus
2811 5222 3000 5286 Deum
3047 5221 3488 5303 universorum,
3533 5239 3741 5286 verum

2087 5315 2264 5377 etiam
2298 5314 2582 5377 adversus
2612 5312 2797 5377 idola.
2842 5310 3048 5394 Neque
3099 5310 3260 5373 enim
3305 5309 3378 5373 ad
3402 5309 3742 5375 idolatriam

2086 5404 2266 5467 ducet
2297 5403 2596 5480 homines,
2628 5401 2737 5464 sed
2767 5411 2831 5464 ut
2861 5401 3054 5482 ipsum
3079 5408 3355 5483 tanquam
3383 5398 3572 5462 Deum
3603 5400 3746 5464 ado-

2085 5503 2240 5559 rent.
2274 5496 2602 5577 Propterea
2632 5492 2779 5556 dicit
2809 5491 2966 5575 quod
2998 5491 3280 5556 efferatur
3304 5488 3589 5554 adversus
3617 5509 3746 5554 om-
