4188 6416
445 309 564 377 119
1580 311 1928 382 (ECUMEN
1934 313 1992 374 II
2034 312 2330 376 ΤΗῙοοΕ
2372 313 2708 383 EPISCOPI
3720 308 3840 376 120

438 461 584 512 nam
605 441 946 524 quidicitur
967 443 1132 508 Deus
1153 449 1254 506 aut
1278 460 1526 508 numen.
1551 462 1574 496 ι
1595 442 1662 507 In
1682 443 1904 526 templo
1919 442 2050 508 Dei.
2081 464 2090 494 ι

2191 440 2478 520 λεγόμενον
2509 444 2640 526 Θεὸν
2669 445 2704 512 ἢ
2746 443 3006 519 σέϐασμα,
3047 467 3072 500 ε
3109 447 3195 507 Εἰς
3239 447 3328 501 τὸν
3360 447 3483 501 ναὸν
3511 450 3602 500 τοῦ
3623 451 3773 501 Θεοῦ.
3806 464 3832 498 ο

439 531 569 598 Non
601 523 748 598 dicit
791 532 1081 612 templum
1133 531 1291 612 quod
1345 538 1472 596 erat
1519 523 1971 613 Hierosolymis,
1996 529 2090 593 sed

2187 531 2258 588 Οὐ
2287 533 2378 589 τὸν
2434 532 2488 588 ἐν
2535 523 2880 613 Ἰερουσαλὴμ
2929 532 3096 612 λέγει,
3145 532 3266 590 ἀλλ’
3323 536 3395 598 είς
3452 533 3544 598 τὰς
3609 530 3837 598 Ἐκκλη-

437 620 736 688 Ecclesias
771 619 901 690 Dei.
943 650 966 681 ι
997 619 1347 686 Ostentans.
1385 648 1412 684 ι
1440 620 1569 684 Non
1582 621 1664 683 ait
1688 639 1702 684 :
1724 622 1968 696 Dicens,
1995 619 2090 683 sed

2185 619 2300 683 σίας
2357 628 2449 676 τοῦ
2511 629 2661 695 Θευῦ,
2716 647 2744 678 α
2779 620 3207 686 Ἀποδεικνύντα,
3260 647 3284 680 ο
3349 623 3456 682 Οὔκ
3513 624 3663 696 εἶπε,
3737 620 3838 677 Λέ-

436 709 778 789 Ostentans,
812 709 924 771 hoc
953 718 1067 786 est,
1099 711 1410 792 operibus,
1451 711 1637 790 signis
1685 729 1754 773 ac
1798 709 2090 773 miraculis

2183 731 2365 787 γοντα,
2440 709 2560 767 ἀλλ’
2643 709 3074 784 Ἀποδεικνύντα,
3153 712 3418 788 τουτέστι,
3503 711 3837 791 πειρώμενον

434 800 633 866 nitens
650 798 998 880 ostendere,
1028 798 1189 881 quod
1209 799 1287 866 sit
1304 800 1485 864 Deus.
1508 799 1890 864 Extrinsecus
1903 807 2090 862 autem

2185 796 2449 864 ἀποδείξαι
2495 797 2568 881 διὶ
2620 799 2787 880 ἔργων
2830 801 2918 858 καὶ
2978 802 3217 877 σημείων
3287 803 3374 858 καὶ
3416 801 3719 879 θαυμάτων,
3753 798 3836 856 ὅτι

435 887 915 952 subaudiendum
948 867 1076 958 θὲιέ
1149 888 1536 971 Nequaquam
1583 889 1783 952 veniet
1810 889 2090 953 adventus

2184 885 2294 943 ἔστι
2326 888 2479 952 Θεός.
2540 867 2758 954 νΕξωθεν
2801 867 3180 970 ὑπακουστέον,
3228 890 3300 949 Οὒ
3344 890 3422 966 μὴ
3473 867 3620 965 ἔλθῃ,
3649 867 3838 970 φήσὶν,

440 976 708 1044 Domini.

2181 977 2216 1044 ἡ
2260 978 2516 1055 παρουσία
2555 985 2636 1035 .οῦ
2682 977 2895 1058 Κυρίου.

517 1063 592 1141 II,
621 1065 761 1134 5-8.
791 1066 890 1128 An
929 1083 1056 1129 non
1103 1067 1469 1129 meministis
1518 1066 1680 1147 quod
1731 1084 1868 1129 eum
1897 1065 2090 1128 adhuc

2265 1088 2292 1120 α
2327 1067 2398 1122 Ού
2441 1069 2802 1143 μνημονεύετε
2861 1068 2943 1125 ὅτι
3001 1067 3077 1125 ἔτι
3137 1068 3211 1126 ὢν
3271 1069 3400 1148 πρὸς
3453 1069 3613 1148 ὑμᾶς,
3673 1073 3842 1124 ταῦτα

438 1173 629 1227 essem
675 1155 848 1235 apud
893 1172 1016 1230 vos,
1061 1157 1191 1224 haec
1241 1154 1518 1218 dicebam
1544 1155 1762 1218 vobis?
1799 1157 1881 1219 Et
1929 1172 2094 1217 nunc

435 1243 586 1326 quid
603 1243 874 1306 detineat
901 1245 1087 1320 scitis,
1113 1245 1192 1313 ad
1243 1246 1350 1308 hoc
1406 1252 1473 1308 ut
1529 1245 1632 1307 ille
1684 1245 1993 1308 reveletur
2023 1245 2091 1306 in

434 1352 545 1402 suo
566 1339 842 1413 tempore.
878 1331 1039 1396 Nam
1069 1335 1430 1414 mysterium
1443 1335 1591 1412 jam
1616 1335 1944 1413 peragitur
1975 1334 2090 1395 ini-

437 1421 734 1504 quitatis:
776 1420 972 1486 solum
1020 1429 1109 1485 est
1157 1425 1261 1502 qui
1314 1422 1486 1486 modo
1535 1423 1757 1484 retinet
1817 1422 2004 1485 donec
2060 1441 2092 1482 θ

436 1511 635 1574 medio
665 1511 942 1578 tollatur:
973 1519 1030 1575 et
1061 1518 1205 1575 tunc
1225 1512 1471 1592 poteﬁet
1492 1513 1742 1591 iniquus
1763 1509 1892 1584 ille,
1915 1528 2094 1592 quem

436 1599 740 1665 Dominus
785 1601 1064 1680 conﬁciet
1110 1602 1340 1682 spiritu
1397 1601 1523 1664 oris
1583 1601 1684 1664 sui
1733 1606 1788 1662 et
1832 1599 2095 1663 abolebit

438 1691 746 1754 cbaritate
773 1689 1073 1754 adventus
1102 1696 1224 1753 sui.

517 1779 702 1848 Multa
731 1780 930 1859 itaque
959 1797 1081 1843 non
1111 1778 1334 1860 scripta
1384 1777 1656 1842 tradebat
1702 1775 2006 1859 mysteria,
2035 1784 2095 1841 et

442 1883 566 1930 non
587 1866 781 1938 solum
815 1885 923 1947 per
948 1867 1263 1948 epistolas:
1316 1876 1596 1950 tanquam
1642 1868 1904 1930 diceret:
1931 1861 2092 1928 Nihil

441 1973 660 2019 novum
677 1954 812 2018 dico
839 1976 852 2020 :
879 1955 984 2018 sed
1005 1956 1163 2038 quod
1182 1975 1445 2038 praesens
1466 1956 1764 2021 dicebam.
1796 1977 1818 2008 ι
1843 1955 1914 2017 Et
1935 1975 2094 2018 nunc

442 2044 584 2126 quid
598 2044 863 2108 detineat
888 2045 1082 2108 scitis.
1112 2065 1134 2096 ι
1159 2045 1441 2108 Detinere
1453 2045 1598 2108 dicit
1626 2046 1786 2126 quod
1817 2045 2098 2126 prohibet

438 2133 532 2197 vel
561 2132 992 2215 impedimento
1041 2142 1153 2196 est.
1203 2135 1502 2209 Quidnam
1534 2143 1735 2198 autem
1779 2142 1868 2196 est
1897 2133 2093 2195 illud?

441 2221 606 2288 Multi
622 2223 896 2304 spiritum
926 2231 1197 2288 sanctum
1223 2223 1463 2286 dicunt:
1493 2223 1596 2286 alii
1623 2242 1762 2286 vero
1787 2223 2096 2285 Romano-

440 2329 580 2375 rum
607 2311 951 2393 imperium,
1017 2311 1120 2394 qui
1152 2313 1327 2376 etiam
1369 2312 1588 2374 melius
1631 2312 1938 2376 sentiunt:
1985 2311 2102 2373 nisi

441 2401 604 2463 enim
635 2401 749 2464 hoc
779 2401 1062 2478 solvatur,
1090 2401 1192 2464 ille
1223 2421 1344 2465 non
1391 2401 1608 2465 veniet.
1641 2410 1799 2462 195
1842 2399 1989 2462 Nam
2023 2401 2099 2464 ob

443 2487 506 2551 id
535 2506 775 2570 quoque
804 2488 952 2552 adeo
975 2488 1206 2553 obtecta
1238 2490 1474 2554 locutus
1503 2497 1591 2554 est
1621 2489 1828 2552 beatus
1858 2488 2092 2565 Paulus,

440 2577 654 2640 nolens
683 2570 1056 2659 impﬁ‘tunos
1076 2598 1144 2641 ac
1173 2581 1508 2661 superfluos
1523 2579 1800 2660 accipere
1817 2578 2097 2642 inimicos

440 2668 597 2732 inter
622 2667 944 2732 Romanos.
980 2668 1044 2732 Si
1071 2669 1232 2731 enim
1253 2669 1560 2732 audissent
1578 2669 1735 2751 quod
1767 2668 2096 2732 dissolven-

440 2757 586 2819 dum
614 2757 1172 2840 diceretimperium
1187 2758 1614 2833 Romanorum,
1646 2766 1704 2820 et
1723 2757 1917 2838 ipsum
1941 2757 2092 2819 ami-

438 2845 666 2910 xissent
695 2855 753 2908 et
783 2846 1094 2910 universos
1145 2848 1482 2923 credentes,
1535 2857 1814 2929 tanquam
1867 2866 1969 2910 eos
1994 2847 2095 2929 qui

2175 1152 2354 1232 ἔλεγον
2414 1157 2540 1230 ὑμῖν
2594 1158 2681 1213 καὶ
2759 1164 2847 1214 νῦν
2892 1159 2952 1214 τὸ
3023 1156 3256 1238 κατέχον
3347 1155 3554 1237 οἴδατε,
3614 1159 3686 1220 είς
3775 1157 3839 1212 16

2173 1242 2605 1324 ἀποκαλυφθῆναι
2681 1248 2833 1304 αὒτόν
2931 1245 2986 1302 ἐν
3083 1254 3160 1322 τῷ
3249 1247 3434 1304 ἑαυτοῦ
3513 1253 3682 1326 καιρῷ
3765 1246 3839 1304 T6

2171 1333 2271 1412 γὰρ
2329 1337 2616 1413 μυστήριον
2669 1334 2773 1403 ἤδη
2845 1335 3139 1415 ἐνεργεῖται
3228 1341 3327 1404 τῆς
3422 1337 3670 1412 ἀνομίας.
3728 1335 3839 1392 Μό-

2175 1444 2262 1479 νον
2322 1425 2349 1479 6
2403 1424 2650 1505 κατέχων
2721 1422 2835 1502 ἄρτι
2911 1425 3014 1489 ἕως
3076 1424 3136 1482 ἐκ
3210 1426 3374 1500 μέσου
3429 1425 3673 1505 γένηται,
3748 1425 3839 1482 καὶ

2174 1511 2294 1567 τότε
2337 1512 2832 1594 ἀποκαλυφθήσεται
2877 1517 2906 1571 6
2937 1514 3158 1590 ἄνομος,
3190 1513 3250 1570 ὅν
3296 1517 3326 1571 6
3359 1515 3546 1594 Κύριος
3573 1512 3837 1573 ἀναλώσει

2175 1607 2252 1674 τῷ
2282 1603 2539 1678 πνεύματι
2583 1612 2675 1662 τοῦ
2704 1604 2969 1679 στόματος
3027 1602 3206 1684 αὐτοῦ,
3254 1605 3344 1660 καὶ
3404 1605 3838 1683 καταργήσειτῇ

2119 1691 2454 1773 Βέπιφανείᾳ
2483 1699 2580 1762 τῆς
2627 1695 2912 1774 παρουσίας
2955 1695 3136 1759 αὑτοῦ.
3187 1719 3216 1752 »

2276 1790 2384 1861 Αρα
2439 1781 2689 1863 ἀγράφως
2759 1783 2932 1842 πολλά
3013 1783 3286 1864 παρεδίδου
3341 1791 3449 1841 τῶν
3507 1785 3836 1864 μυστηρίων,

2174 1872 2263 1926 καὶ
2289 1873 2349 1928 οὗ
2377 1869 2442 1926 δι’
2487 1871 2781 1930 ἐπιστολῶν
2843 1875 3030 1950 μόνον,
3092 1875 3218 1930 ὡσεὶ
3261 1873 3439 1935 εἶπεν.
3492 1871 3651 1932 Οὐδὲν
3694 1871 3838 1939 ξένον

2177 1958 2300 2037 ἐρῶ,
2335 1958 2452 2015 ἀλλ’
2484 1961 2512 2016 ὃ
2554 1963 2735 2041 παρὼν
2798 1961 3001 2041 ἔλεγον.
3057 1985 3077 2018 ε
3117 1964 3217 2022 Καὶ
3271 1970 3358 2019 νῦν
3389 1963 3452 2018 16
3494 1961 3730 2043 κατέχον
3756 1962 3842 2020 οἷ’-

2178 2049 2321 2108 δατε.
2365 2073 2388 2108 ι
2469 2051 2710 2131 Κατέχον
2802 2053 2955 2132 φησὶ,
3012 2053 3072 2108 16
3128 2050 3333 2108 κωλύον
3373 2053 3462 2108 καὶ
3531 2050 3836 2130 ἐμποδίζον,

2179 2139 2239 2196 Τί
2295 2137 2349 2194 δὲ
2419 2150 2612 2220 τοῦτο,
2679 2139 2870 2198 Πολλοὶ
2927 2144 2989 2197 16
3061 2147 3274 2216 Πνεῦμα
3329 2142 3391 2197 16
3446 2140 3598 2218 ἅγιόν
3655 2163 3835 2219 φασιν,

2181 2225 2411 2311 ἕλλοιέδὲ
2467 2229 2566 2298 τὴν
2613 2223 2886 2305 Ῥωμαίων
2917 2230 3117 2311 ἀρχὴν,
3168 2229 3222 2286 οῗ
3283 2231 3370 2286 καὶ
3411 2227 3616 2306 βέλτιον
3659 2227 3844 2308 λέγου-

2181 2338 2286 2376 σιν.
2340 2294 2422 2374 ’λν
2463 2319 2670 2397 γὰρμὴ
2716 2294 2866 2386 ἀὕτη
2925 2294 3340 2400 λ¹υθ”ᾖ,’ἐκεϊνος
3388 2294 3490 2398 οὐχ
3561 2315 3704 2385 ὢξει.
3731 2294 3843 2376 ’Διὰ

2180 2406 2290 2483 γαπ
2332 2413 2487 2464 τοῦτο
2515 2408 2602 2464 καὶ
2645 2407 2812 2469 οὕτως
2873 2408 3330 2484 συνεσκιασμένως
3388 2407 3541 2464 εἶπεν
3599 2409 3627 2464 6
3658 2407 3840 2482 μακά-

2180 2517 2290 2572 ριος
2363 2494 2592 2576 Παῦλος,
2643 2498 2721 2573 μὴ
2757 2496 3086 2591 ,βουλόμενος
3111 2497 3327 2591 ’,ἔχθρας
3372 2497 3612 2575 ἀναίρους
3657 2494 3841 2554 ἀναδέ-

2179 2587 2368 2664 χεσθαι
2399 2586 2540 2656 παρὰ
2582 2588 2685 2643 τῶν
2757 2579 3055 2664 Ῥωμαίων.
3113 2579 3370 2662 ηΕμελλον
3412 2588 3510 2665 γὰρ
3555 2586 3835 2650 ἀκούοντες

2178 2671 2260 2729 ὅτι
2321 2674 2740 2745 καταλυθήσεται
2811 2679 2846 2746 ἡ
2920 2674 3196 2752 Ῥωμαίων
3280 2676 3451 2756 ἀρχὴ,
3511 2676 3601 2732 καὶ
3680 2677 3839 2735 αὐτέων

2175 2770 2372 2820 κακοῦν
2414 2767 2502 2820 καὶ
2559 2767 2676 2829 τοὺς
2729 2767 2949 2830 πιστοὺς
3010 2767 3270 2846 ἅπαντας,
3320 2765 3393 2830 ὥς
3436 2765 3535 2832 τὴν
3585 2766 3842 2845 κατάχυ-

2178 2873 2258 2908 σιν
2320 2853 2482 2920 αὐτῆς
2532 2851 2922 2934 προδοκῶντας,
2974 2857 3034 2912 Εἰ
3089 2855 3188 2935 γὰρ
3231 2855 3310 2930 μὴ
3360 2857 3508 2920 οὗτος
3553 2861 3714 2932 γανῇ,
3775 2856 3839 2912 σὺ

439 2943 852 3018 exspectarent
873 2935 1036 3004 illam
1084 2937 1561 3002 dissolutionem.
1595 2936 1742 3000 Nam
1767 2936 1818 2998 si
1848 2937 1945 2999 hic
1975 2956 2090 2998 non

2179 2941 2416 3021 φαίνεται
2447 2945 2474 2999 6
2505 2945 2750 3021 Χριστός,
2788 2946 2884 3002 Διὰ
2939 2945 3026 3001 οὖν
3069 2946 3130 3001 16
3186 2946 3412 3024 φανῆναι
3454 2945 3546 3000 τὸν
3598 2944 3828 3024 Χριστόν

439 3027 801 3108 apparuerit,
838 3047 960 3092 non
1017 3027 1492 3093 manifestabitur
1526 3028 1839 3093 Christus:
1871 3046 1978 3108 ego
2027 3046 2090 3090 ex

2181 3054 2312 3112 φησι
2377 3031 2653 3108 βούλεσθαι
2707 3034 2863 3092 αὗτὸν
2933 3034 3075 3114 ταχὺ
3141 3023 3338 3113 ἐλθεῖν,
3395 3034 3483 3090 καὶ
3537 3033 3635 3100 τῆς
3689 3023 3830 3090 Ῥω-

441 3134 513 3180 eo
557 3116 716 3197 quod
739 3115 937 3185 statim
963 3117 1206 3198 cupiant
1226 3117 1594 3180 manifestari
1634 3117 1962 3191 Christum,
1992 3135 2090 3178 vo-

2183 3121 2352 3192 μαίων
2379 3123 2684 3201 ἡγεμωνίας
2712 3122 2998 3181 κατάλυσιν
3053 3123 3318 3200 γενέσθαι.
3376 3123 3435 3179 Ei
3478 3120 3532 3178 δὲ
3588 3126 3655 3189 ἦν
3711 3123 3833 3201 περὶ

439 3205 575 3270 lunt
605 3205 784 3270 etiam
815 3207 1011 3272 statim
1045 3207 1177 3270 ﬁeri
1219 3206 1673 3271 dissolutionem
1731 3204 2098 3286 principatus

437 3293 869 3361 Romanorum.
903 3297 962 3360 Si
994 3303 1190 3358 autem
1216 3296 1291 3358 de
1325 3294 1552 3376 Spiritu
1582 3294 2096 3374 sanctointellige-

437 3391 551 3460 ret,
609 3384 750 3467 quid
801 3385 1152 3466 prohiberet
1203 3385 1525 3466 quominus
1572 3392 1776 3465 aperte
1825 3382 2091 3448 diceret:

439 3472 640 3539 Gratia
661 3474 905 3556 spiritus
934 3475 1129 3555 ipsum
1153 3472 1380 3538 detinet
1408 3492 1484 3536 ne
1515 3472 1927 3535 manifestetur
1949 3471 1980 3531 ?

529 3581 553 3613 α
585 3565 658 3626 Ει
700 3582 859 3626 nunc
889 3563 1028 3646 quid
1062 3563 1327 3626 detineat
1354 3561 1547 3625 scitis.
1586 3583 1611 3618 ι
1665 3560 1752 3624 Ne
1783 3581 1940 3623 nunc
1966 3561 2096 3643 ipse

442 3652 872 3728 manifestatur,
906 3653 1010 3715 sed
1043 3653 1106 3715 in
1134 3671 1240 3716 suo
1256 3661 1524 3735 tempore
1548 3673 1561 3712 :
1585 3652 1700 3714 hoc
1732 3651 2091 3732 est,quando

442 3742 797 3824 praefinitum
826 3742 938 3824 ipsi
957 3761 1026 3804 ac
1039 3743 1398 3824 permissum
1423 3761 1458 3804 a
1473 3742 1595 3805 Deo
1619 3747 1857 3822 tempus
1877 3750 2092 3804 statua-

436 3842 533 3900 tur
558 3855 573 3897 :
606 3835 724 3898 nisi
735 3835 896 3898 enim
910 3855 1069 3899 nunc
1085 3835 1478 3912 detineretur,
1500 3835 1706 3916 utique
1722 3834 1897 3896 etiam
1933 3853 2091 3896 nunc

433 3925 802 4009 immineret,
826 3925 973 3988 adeo
993 3943 1232 4008 semper
1250 3925 1532 3988 adversus
1548 3923 1866 3986 credentes
1889 3923 2088 3984 conri-

433 4021 613 4096 tatur,
642 4022 702 4078 et
727 4033 933 4078 eorum
965 4015 1332 4095 pravitatem,
1383 4033 1519 4077 cum
1570 4013 1702 4094 ipse
1741 4011 1816 4074 sit
1849 4030 2082 4093 parvus,

430 4103 824 4186 concupiscit,
847 4104 952 4165 sed
975 4103 1276 4166 detinetur
1297 4122 1365 4167 ac
1383 4102 1760 4185 prohibetur.
1778 4137 1854 4146 —
1877 4102 2081 4163 Aliud.

431 4193 675 4258 Detinet
693 4212 760 4254 ac
783 4192 1059 4272 prohibet
1089 4193 1280 4274 iniqui
1307 4193 1469 4254 illius
1490 4191 1810 4254 adventum
1835 4189 2089 4271 Spiritus

431 4289 693 4344 sanctus.
723 4285 1034 4362 Postquam
1057 4281 1236 4359 igitur
1249 4281 1346 4343 hic
1360 4288 1600 4362 propter
1621 4280 1928 4342 hominum
1951 4298 2088 4358 pec-

2179 3217 2274 3267 τοῦ
2321 3211 2468 3289 ἁγίου
2534 3212 2859 3294 Πνεύματος,
2913 3213 2963 3270 τί
3005 3211 3229 3271 ἐκώλυεν
3270 3210 3428 3268 αὐτὸν
3507 3212 3677 3268 εἰπεῖν
3725 3231 3833 3266 σα-

2179 3305 2316 3380 φῶς,
2349 3299 2434 3357 ὅτι
2485 3303 2520 3369 ἡ
2564 3311 2657 3360 τοῦ
2704 3304 3001 3378 πνεύματος
3053 3302 3206 3360 οὖτὸν
3249 3301 3408 3381 χάρις
3451 3299 3673 3380 κατέχει
3705 3300 3840 3379 πρὸς

2182 3391 2252 3456 τὴ
2296 3391 2376 3468 μὴ
2418 3396 2690 3474 φανῆναι;

2266 3589 2291 3626 ε
2327 3571 2426 3630 Καὶ
2469 3578 2554 3628 νῦν
2581 3573 2642 3627 16
2689 3571 2923 3652 κατέχον
2953 3574 3113 3654 φησὶν
3171 3571 3382 3630 οἴδατε.
3417 3596 3446 3630 ι
3500 3571 3715 3652 [ditat]
3753 3574 3842 3636 Εἷς

2173 3658 2342 3734 τὸμὴ
2392 3666 2480 3715 νῦν
2537 3659 2969 3742 ἀποκαλυφθῆναι
3025 3663 3206 3742 αὖτδν,
3252 3659 3370 3719 ἀλλ’
3419 3661 3473 3719 ἐν
3531 3669 3607 3737 τῷ
3638 3663 3832 3718 ἑαυτοῦ

2172 3756 2363 3828 καιρῷ.
2421 3753 2552 3808 Οἴον
2609 3749 2735 3807 ὅταν
2791 3754 2818 3808 6
2876 3754 3094 3832 ὁρισθεὶς
3139 3752 3281 3828 αὐτῷ
3326 3753 3417 3809 καὶ
3457 3753 3829 3832 συγχωρηθεὶς

2171 3838 2272 3894 ὑπὸ
2317 3846 2448 3896 Θεοῦ
2493 3841 2687 3920 χρόνος
2745 3841 2959 3920 ἐπιστῇ.
3037 3845 3095 3900 Ei
3144 3841 3200 3898 δὲ
3241 3842 3318 3918 μὴ
3372 3843 3679 3922 κατείχετο,
3740 3865 3813 3898 κα

2171 3933 2256 3983 νῦν
2288 3928 2348 3985 ἃν
2407 3928 2630 3998 ἐπέστη.
2679 3931 2856 3995 Οὕτως
2929 3931 3011 3988 ἀεὶ
3061 3933 3198 3989 κατὰ
3237 3933 3343 3988 τῶν
3400 3937 3603 3988 πιστῶν
3663 3933 3826 4012 ὀργᾷ,

2168 4019 2255 4073 καὶ
2286 4018 2384 4087 τὴν
2433 4021 2666 4080 κάκωσιν
2730 4025 2899 4080 αὐτῶν
2955 4024 2984 4079 6
3056 4024 3284 4102 πονηρὸς
3341 4022 3610 4097 ἐπιθυμεῖ.
3685 4019 3827 4078 ἀλλὰ

2168 4108 2457 4191 κατέχεται
2522 4113 2609 4168 καὶ
2655 4111 2935 4172 κωλύεται.
2992 4102 3194 4175 ”Α).λο,
3246 4113 3531 4189 [ΣΕΥΠΡ.]
3589 4111 3826 4191 Κατέχει

2171 4202 2259 4257 καὶ
2299 4200 2492 4257 κωλύει
2550 4209 2642 4260 τοῦ
2697 4202 2896 4278 ἀνόμου
2956 4202 3054 4270 τὴν
3113 4202 3419 4280 πορουσίαν,
3477 4202 3538 4258 τὸ
3604 4201 3824 4275 Πνεύμα

2899 4293 3053 4371 φησὶ,
3114 4300 3268 4349 τοῦτο
3311 4288 3394 4346 διὰ
3440 4290 3538 4356 τὴν
3581 4296 3688 4346 τῶν
3729 4288 3836 4344 ἆν-

2171 4290 2347 4368 ἅγιον.
2377 4288 2576 4348 Ἐπειδ’
2620 4291 2684 4346 ἃν
2726 4292 2838 4371 οὖν,

428 4378 560 4461 cata
584 4370 658 4432 de
677 4369 878 4461 medio
903 4371 1006 4440 ﬁet
1030 4379 1087 4432 et
1103 4370 1404 4461 discedet,
1447 4377 1588 4432 tunc
1624 4369 1820 4461 locum
1852 4367 2090 4461 habebit

2175 4367 2397 4457 θρώπων
2455 4383 2642 4437 κακίαν
2701 4381 2760 4438 ἐκ
2813 4367 2977 4456 μέσου
3033 4367 3254 4461 γέαιηται
3333 4381 3422 4436 καὶ
3491 4379 3721 4454 ἀποστῇ,
3768 4381 3836 4436 16

425 4459 670 4542 iniquus
699 4459 826 4535 ille,
867 4468 930 4521 ut
958 4459 1260 4522 reveletur
1289 4468 1346 4521 et
1367 4459 1653 4538 insurget,
1689 4458 1854 4521 nullo
1876 4458 2089 4539 prohi-

433 4548 1016 4615 bente.Dixitautem
1029 4549 1186 4630 quod
1203 4549 1381 4612 etiam
1398 4549 1458 4610 in
1473 4548 1709 4610 initium
1728 4550 1958 4629 accepit
1971 4569 2090 4630 my-

430 4639 683 4706 sterium
712 4638 1086 4720 iniquitatis:
1142 4638 1627 4720 quandoquidem
1676 4647 1733 4701 et
1780 4639 2090 4702 Manichmi

428 4734 708 4797 dixerunt
724 4733 1026 4796 diabolum
1054 4751 1188 4796 esse
1212 4733 1400 4796 Deum
1426 4732 1599 4812 legis,
1635 4740 1693 4795 et
1721 4733 1982 4795 Marcion
2008 4735 2090 4796 ait

423 4827 662 4891 Patrem
681 4828 900 4893 Christi
923 4847 1040 4891 non
1061 4846 1195 4891 esse
1215 4830 1400 4891 Deum
1427 4827 1598 4906 legis.
1620 4826 1775 4901 Quin
1807 4835 1866 4889 et
1885 4828 2087 4891 Manes

421 4917 684 4999 seipsum
713 4917 860 4980 dicit
889 4936 1020 4980 esse
1048 4918 1352 4980 Christum
1381 4937 1450 4979 ac
1490 4916 1862 4982 Paracletum
1890 4936 1904 4981 :
1934 4926 1993 4980 et
2017 4937 2087 4980 ex

424 5026 502 5068 eo.
529 5015 798 5088 temp're
828 5008 1140 5071 hominum
1171 5006 1659 5070 incredulitatem
1693 5006 1970 5070 diabolus
2001 5008 2088 5070 in-

421 5096 700 5160 ducebat.
725 5123 748 5154 ι
769 5100 919 5158 Nam
941 5097 1287 5178 mysterium
1298 5100 1419 5178 jam
1439 5098 1672 5178 peragit
1693 5096 2079 5178 iniquitatis.-

421 5184 767 5267 Myeterium
818 5185 1145 5265 iniquitatis
1188 5187 1338 5252 dicit
1383 5186 1706 5260 Neronem,
1745 5199 1812 5249 ut
1861 5187 1963 5268 qui
2013 5181 2090 5248 sit

416 5282 590 5356 typus
618 5273 1000 5338 Antichristi.
1030 5274 1264 5339 Etenim
1288 5276 1443 5340 Nero
1463 5286 1522 5340 et
1545 5294 1864 5357 perversus
1881 5284 2082 5340 eratet

421 5365 585 5430 Deus
633 5363 1064 5445 dicicupiebat.
1086 5366 1432 5446 Mysterium
1453 5374 1652 5428 autem
1672 5374 1840 5430 vocat
1855 5367 2074 5448 ipsum,

414 5453 573 5537 quod
592 5451 816 5534 absque
837 5453 1066 5534 pudore
1088 5453 1312 5518 faceret
1329 5455 1484 5519 Nero
1506 5475 1638 5537 qua;
1676 5455 2079 5521 Antichristus

410 5543 675 5606 facturus
691 5545 985 5618 esset,sed
1004 5559 1185 5624 parce
1203 5562 1271 5606 ac
1296 5549 1475 5620 tecte,
1501 5545 1720 5627 inquit,
1744 5545 2074 5629 peragitur,

2173 4468 2462 4535 τηνικαῦτα
2492 4469 2674 4550 χώραν
2731 4469 2834 4542 ἕξει
2892 4475 2919 4528 6
2983 4469 3205 4544 ἄνομος,
3279 4466 3712 4548 ἀποκαλυφθῆναι
3741 4471 3834 4525 καὶ

2172 4549 2556 4634 ἐπαναστῆναι,
2588 4549 2591 4550 ν
2621 4558 2847 4634 μηδενὸς
2902 4559 3215 4624 κωλύοντος.
3285 4549 3439 4637 ’Ἔφη
3484 4555 3540 4614 δὲ
3588 4555 3669 4613 ὅτι
3740 4560 3833 4614 καὶ

2173 4647 2348 4728 ἀρχὴν
2394 4646 2586 4729 εἴληφε
2616 4651 2676 4705 16
2725 4651 3012 4730 μοστήριιον
3069 4654 3168 4716 τῆς
3225 4649 3468 4726 ἀνομίας,
3527 4643 3712 4714 ἐπειδὴ
3740 4649 3834 4703 καὶ

2174 4745 2472 4818 Μανιχαῖοι
2523 4739 2680 4796 εἶπον
2749 4741 2837 4796 τὸν
2901 4737 3141 4796 διάϐολον
3211 4738 3341 4794 Θεὸν
3369 4735 3460 4792 τοῦ
3508 4735 3694 4814 νόμου,
3737 4736 3830 4791 καὶ

2171 4827 2417 4907 Μαρκίων
2487 4830 2645 4908 φησὶν
2701 4828 2760 4886 οὗ
2817 4831 2910 4885 τὸν
2963 4827 3169 4906 Πατέρα
3257 4827 3399 4883 εἶναι
3452 4827 3545 4880 τοῦ
3600 4827 3830 4901 Χριστοῦ

2169 4918 2260 4974 τὸν
2305 4918 2432 4975 Θεὸν
2463 4920 2556 4976 τοῦ
2611 4919 2799 4994 νόμου.
2857 4917 3011 4997 Λέγει
3067 4915 3122 4973 δὲ
3179 4917 3267 4972 καὶ
3315 4915 3537 4995 Χριστὸν
3582 4913 3766 4970 ἑαυτὸθ
3796 4916 3829 4971 6

2170 5005 2356 5074 Μάνης
2385 5009 2474 5064 καὶ
2516 5007 2880 5087 παράκλητον,
2925 5009 3012 5064 καὶ
3063 5005 3243 5062 ἔκτοτε
3294 5005 3392 5072 τὴν
3441 5003 3686 5060 ἀπιστίαν
3717 5005 3826 5058 τῶν

2169 5094 2456 5176 ἂνθρωπων
2531 5099 2559 5153 6
2628 5095 2869 5163 διάϐολος
2941 5099 3176 5175 εἰσῆγεν,
3251 5097 3322 5153 T6
3375 5093 3475 5173 γὰρ
3533 5093 3824 5169 μυστήριον

2170 5185 2272 5254 ἤδη
2305 5187 2598 5266 ἐνεργεῖται
2653 5191 2753 5254 τῆς
2810 5186 3053 5261 ἀνομίας.
3117 5185 3414 5262 Μυστήριον
3458 5186 3558 5248 τῆς
3599 5181 3823 5255 ἀνομίας

2162 5277 2254 5333 τὸν
2284 5276 2500 5356 Νέρωνα
2557 5275 2722 5355 λέγει,
2784 5278 2856 5341 ὡς
2909 5277 2982 5340 εἰς
3030 5275 3192 5332 τύπον
3235 5273 3362 5330 ὄντα
3411 5273 3503 5329 τοῦ
3541 5268 3820 5350 Ἀντιχρί-

2162 5387 2310 5426 στου.
2345 5366 2444 5424 Καὶ
2501 5367 2601 5445 γὰρ
2645 5366 2731 5422 καὶ
2763 5367 2790 5422 6
2849 5365 3024 5445 Νέρων
3054 5362 3249 5443 φαῦλός
3295 5384 3353 5419 τε
3409 5362 3498 5436 ἦν,
3569 5361 3656 5416 καὶ
3689 5361 3822 5423 Θεὸς

2162 5454 2335 5528 ἐζήτει
2392 5453 2656 5534 λέγεσθαι.
2711 5456 3010 5531 Μυστήριον
3092 5451 3148 5509 δὲ
3204 5453 3358 5510 αὐτόν
3414 5471 3567 5530 φησι,
3625 5445 3714 5506 διὰ
3758 5449 3821 5505 16

2160 5545 2237 5621 μὴ
2268 5543 2769 5624 ἆπηρυθριασμένως
2818 5557 2993 5601 ποιεῖν
3043 5545 3136 5599 τὸν
3180 5541 3394 5621 Νέρωνα
3429 5540 3524 5597 οἷα
3576 5540 3604 5595 6
3635 5535 3816 5596 Ἀντί-

411 5649 628 5714 nempe
649 5629 759 5696 sub
777 5633 996 5698 Satana
1021 5648 1034 5696 :
1061 5632 1192 5716 ipse
1214 5651 1479 5718 namque
1529 5626 1777 5698 satanas
1804 5652 1912 5717 per
1939 5626 2070 5698 meé

2175 5657 2376 5716 (ριστος
2433 5636 2646 5705 ποιήσει
2677 5648 2694 5665 ⁸
2749 5631 2869 5690 ἀλλ’
2915 5632 3206 5713 ὑφειμένως
3262 5629 3391 5705 ἤδη,
3437 5629 3619 5709 φησὶν,
3665 5626 3816 5708 lup-
