4188 6416
462 338 564 408 131

453 582 591 628 rum
620 581 835 645 panem
868 560 1074 624 edant.
1110 558 1232 624 Nos
1269 567 1470 623 autem
1519 561 1764 639 fratres,
1815 575 1892 621 ne
1928 557 2102 635 defa-

457 653 737 735 tigemini
786 653 853 713 in
910 650 1364 724 bene/aciendo.
1429 648 1602 725 Quod
1654 653 1709 709 si
1791 649 1930 728 quis
1981 664 2105 708 non

454 743 649 807 obedit
678 741 944 804 sermoni
999 745 1223 811 nostro,
1271 757 1386 820 per
1431 736 1765 819 Epistolam
1805 736 1967 798 hunc
1986 735 2101 797 ad-

455 837 686 912 notata,
715 837 773 894 et
801 847 924 892 non
952 832 1378 890 commercium
1393 827 1671 890 habeatis
1692 844 1832 889 cum
1863 824 1998 898 illo,
2031 831 2102 886 ut

453 921 682 1002 pudore
703 918 1131 1000 suffundatur:
1175 935 1364 996 neque
1413 916 1598 980 veluti
1650 919 1966 980 inimicum
1999 913 2102 976 ha-

456 1010 663 1084 beatis,
694 1009 799 1071 sed
828 1007 1138 1070 admonete
1165 1012 1231 1068 ut
1255 1006 1540 1085 fratrem.

540 1106 701 1159 ειη
732 1095 916 1158 Vides
944 1113 1119 1176 quam
1149 1095 1473 1157 terribilem
1507 1093 1844 1156 exhibuerit
1873 1093 2100 1156 adhor-

457 1187 739 1251 tationem
761 1184 792 1246 ?
814 1183 927 1246 Per
948 1182 1288 1256 Dominum,
1323 1184 1538 1265 inquit,
1563 1185 1676 1246 hoc
1699 1191 1810 1259 est,
1854 1183 1983 1264 ipse
2012 1190 2104 1243 est

457 1273 847 1358 quipraacipit,
865 1272 995 1354 ipse
1017 1271 1119 1354 qni
1147 1273 1512 1350 exhortatur,
1566 1292 1686 1334 non
1726 1291 1856 1352 ego.
1890 1301 1912 1331 ι
1953 1272 2099 1336 Cum

458 1367 656 1447 quiete
687 1370 1022 1445 operantes.
1053 1382 1076 1413 ι
1095 1359 1224 1424 Non
1247 1363 1436 1424 solum
1463 1362 1666 1444 quiete
1691 1379 2097 1443 agere,verum

451 1457 628 1517 etiam
660 1451 898 1534 cperari
920 1449 1113 1531 jubet.
1137 1450 1346 1514 Adhuc
1369 1450 1442 1512 de
1488 1451 1696 1513 otiosis
1737 1469 1937 1512 sermo
1961 1459 2052 1514 est
2078 1469 2092 1514 τ

453 1551 612 1625 aptat
640 1549 840 1604 tamen
872 1540 1065 1614 illum,
1100 1549 1164 1603 ut
1193 1549 1252 1603 et
1280 1540 1355 1602 de
1386 1540 1477 1602 his
1506 1539 1737 1602 dicatur
1763 1539 1863 1620 qui
1895 1539 2094 1602 delin-

1575 326 1987 402 (ECUMENII
2029 324 2325 398 TRIGC/E
2367 325 2707 400 EPISCOPI

456 475 794 550 Christum,
824 477 890 534 ut
917 487 1056 534 cum
1097 471 1294 550 quiete
1344 479 1681 552 operantes,
1721 487 1898 532 suum
1938 473 2100 548 ipso-
2123 477 2164 524 Α
2187 476 2332 547 στοῦ,

3733 323 3848 398 132

2419 467 2514 525 ἵνα
2573 469 2718 544 ,μετᾶ
2788 470 3017 549 ἡσυχίας
3089 468 3459 547 ἐργαζόμενοι,
3530 468 3620 523 τὸν
3715 467 3839 522 ἐαυ-

2187 560 2294 609 τῶν
2378 553 2534 634 ἄρτον
2619 548 2930 619 ἐσθίωσινβ
2991 548 3176 633 ἰ’μεῒς
3277 554 3356 635 δὲ,
3441 554 3676 636 ἀδελφοὶ,
3762 553 3840 630 μὴ

2187 640 2522 712 ἐκκακήσητε
2594 643 3022 709 καλοποιοῦντες.
3111 648 3167 702 Εἰ
3240 642 3294 700 δέ
3363 667 3442 708 τις
3519 645 3622 724 οὔχ
3697 644 3839 698 ὑπα-

2184 732 2325 787 κούει
2381 739 2458 806 τῷ
2509 731 2656 812 λόγῷ
2733 736 2914 810 ἡμῶν,
2979 732 3063 790 διὰ
3149 733 3245 802 τῆς
3316 731 3640 797 Ἐπιστολῆς
3709 737 3838 787 τοῦ·-

2183 842 2273 875 τον
2342 825 2680 896 σημειοῦσθε,
2739 825 2826 878 καὶ
2881 824 2958 898 μὴ
3018 823 3458 900 συναναμίγνυσθε
3521 823 3684 900 αὐτῷ,
3743 818 3836 874 ἵνα

2183 908 2439 988 ἐντραπῇ.
2474 912 2569 967 Ταὶ
2613 913 2691 986 μὴ
2736 914 2809 976 ὡς
2868 911 3057 992 ἐχθρον
3087 913 3329 991 ἡγεῖσθε,
3378 908 3512 966 ἀλλὰ
3541 911 3834 967 νουτεθεῖτε

2184 998 2256 1060 ὡς
2272 994 2509 1078 ,ἀδελφόν
2519 1045 2532 1058 .
2586 1021 2613 1053 ιι
3419 1008 3430 1018 ’

2269 1077 2435 1164 Ὀρᾶς
2480 1093 2594 1151 πῶς
2657 1085 2882 1168 φοϐερὰν
2940 1087 3217 1166 εἰργάσατο
3278 1089 3376 1155 τὴν
3449 1086 3832 1166 παράκλησινς

2187 1175 2285 1231 Διὰ
2327 1181 2420 1230 τοῦ
2497 1177 2704 1256 Κυρίου,
2777 1177 2930 1257 φησὶ,
3001 1176 3288 1252 τουτέστιν,
3368 1177 3525 1239 αὐτός
3599 1176 3740 1233 ἐστιν
3810 1172 3845 1230 δ’

2182 1263 2594 1342 παραγγέλλων,
2640 1267 2794 1330 αὐτὸς
2824 1268 2853 1321 ὁ
2882 1264 3229 1342 παρακαλῶν,
3280 1268 3373 1324 οῦκ
3423 1266 3551 1345 ἐγώ.
3604 1288 3632 1320 α
3695 1263 3840 1321 Μετᾶ

2181 1352 2408 1431 ἡσυχίας
2464 1351 2824 1432 ἐργαζόμενοι.
2875 1376 2897 1410 ο
3090 1355 3250 1428 μόνον
3305 1355 3624 1433 ἡσυχάζειν,
3697 1351 3836 1408 ἀλλὰ

2179 1426 2663 1520 καὶ-*ἐργάζεσθαι*
2701 1442 2922 1500 κελεύει.
3005 1426 3114 1500 νΕτί
3201 1444 3320 1521 περὶ
3403 1426 3511 1498 ἐξ»,
3579 1426 3756 1520 ἀργων
3813 1443 3842 1497 ὁ

2179 1527 2336 1608 λόγος
2371 1548 2388 1566 ·
2471 1522 2712 1609 (Λρμόζει
2785 1531 2839 1587 δὲ
2911 1533 2998 1589 καὶ
3067 1533 3184 1610 περὶ
3253 1537 3360 1587 τῶν
3433 1530 3840 1609 ἁμαρτανόντων

450 1617 660 1714 quunt.
697 1650 720 1682 ι
755 1627 937 1692 Suum
989 1627 1255 1709 ipsorum
1302 1647 1538 1710 panem.
1574 1660 1596 1690 ι
1660 1617 1811 1720 Non:
1832 1629 2094 1690 alienum

2189 1619 2440 1697 λέγεσθαι.
2487 1641 2513 1677 ε
2575 1623 2677 1679 Τὸν
2718 1623 2926 1720 ἑαυτῶν.
2976 1621 3154 1702 ἄρτον.
3190 1645 3218 1676 ι
3284 1621 3374 1689 Μὴ
3418 1623 3507 1677 τὸν
3555 1618 3834 1720 ἆλλόξριον

453 1719 890 1784 emenlicando.
926 1737 951 1768 α
985 1716 1106 1782 Vos
1153 1725 1374 1790 autem,
1421 1718 1653 1780 fratres.
1694 1746 1716 1776 ι
1772 1716 2099 1782 Considera

2179 1705 2264 1764 διὰ
2319 1717 2410 1766 τοῦ
2486 1708 2750 1774 ἐπαιτεῖν,
2820 1735 2842 1767 ε
2914 1702 3101 1787 ’Υμετς
3169 1709 3224 1766 δὲ
3296 1708 3532 1789 ἀδελφοί,
3593 1728 3623 1768 )
3689 1702 3840 1788 ιὈρα

453 1817 700 1893 paterna
733 1808 984 1870 viscera.
1020 1805 1148 1869 Non
1173 1807 1276 1869 diu
1304 1806 2093 1888 produxit’increpationem,

2189 1796 2469 1878 σπλάγχνα
2531 1800 2780 1878 πατρικᾶ.
2855 1802 2926 1858 Oi)
2984 1802 3292 1880 προήγαγεν
3365 1799 3450 1856 ἐπὶ
3521 1797 3656 1855 πολὺ
3741 1799 3840 1865 τὴν

453 1885 731 1960 metuens
759 1915 834 1959 ne
851 1897 1006 1959 fame
1029 1885 1658 1978 perirent—inordinati.
1681 1895 1750 1957 Et
1775 1885 1859 1957 ait
1882 1906 1947 1958 ut
1971 1896 2104 1958 sub.

2192 1885 2517 1964 ἐπιτίμησιν,
2549 1886 2794 1954 δεδοικὼς
2845 1890 2926 1965 μὴ
2983 1887 3126 1964 λιμῷ
3181 1891 3443 1969 φθαρῶσιν
3493 1889 3541 1943 οἱ
3598 1885 3840 1960 ἄτακτοι,

452 1987 676 2050 ducant
702 1985 942 2067 quidem
966 2005 1031 2048 se
1061 1985 1134 2047 ab
1168 1985 1330 2066 ipsis.
1388 1987 1502 2046 hoc
1551 1993 1663 2066 est,
1693 1994 2102 2065 sogregentur,

453 2085 514 2138 et
545 2095 651 2158 per
670 2075 1106 2157 separationem
1130 2075 1553 2150 corripiantur.
1579 2075 1729 2137 Dum
1755 2083 1950 2136 autem
1976 2094 2104 2137 cor-

454 2165 749 2245 riguntur,
778 2164 990 2244 inquit,
1019 2163 1238 2226 tradite
1286 2163 1406 2225 illis
1457 2165 1794 2226 necessaria
1845 2183 1920 2226 ne
1951 2165 2106 2226 fame

454 2262 826 2334 premantur.
857 2252 1086 2316 Sufficit
1107 2252 1350 2332 quidem
1374 2252 1459 2314 eis
1487 2252 1588 2332 qui
1641 2273 1764 2314 non
1794 2253 2104 2330 corrigun-

457 2351 552 2403 tur
582 2341 910 2421 increpatio
931 2358 1039 2422 per
1062 2341 1174 2401 hoc
1187 2340 1344 2420 quod
1364 2340 1624 2402 subduco
1635 2340 1709 2402 tis
1730 2359 1830 2402 vos
1842 2341 1915 2402 ab
1930 2341 2100 2422 ipsis.

459 2453 484 2484 α
517 2428 686 2501 Quod
715 2429 766 2491 si
792 2431 926 2510 quis
954 2447 1073 2490 non
1103 2429 1310 2490 obedit
1338 2429 1603 2491 sermoni
1624 2444 1827 2492 nostro
1853 2448 1958 2511 per
1979 2430 2106 2512 epi-

455 2517 689 2580 stolam.
741 2541 763 2570 ι
799 2518 914 2580 Aut
945 2535 1054 2598 per
1083 2517 1416 2598 epistolam,
1456 2527 1614 2599 puta,
1666 2519 1950 2600 loquenti,
2006 2528 2106 2582 aut

455 2605 719 2667 sermoni
754 2623 860 2686 per
888 2604 1211 2686 Epistolam
1245 2606 1447 2667 misso.
1489 2637 1511 2667 ε
1536 2605 1703 2668 Hunc
1729 2607 2036 2669 adnotate.
2077 2630 2096 2658 ο

454 2692 541 2756 Ne
570 2712 674 2755 vos
702 2695 900 2758 lateat.
938 2694 1188 2756 Maxima
1219 2704 1305 2756 est
1335 2702 1529 2757 autem
1580 2697 1848 2758 confusio
1897 2715 2106 2758 omnes

458 2782 680 2844 habere
693 2801 952 2846 aversos.
986 2813 1007 2841 ε
1034 2782 1237 2864 Neque
1259 2784 1418 2846 velut
1439 2784 1747 2846 inimicum
1777 2784 2103 2846 habeatis»

456 2869 605 2933 Cum
636 2871 917 2952 superius
947 2871 1197 2934 dixisset
1215 2883 1620 2953 nonoportere
1634 2874 1811 2934 edere
1845 2893 1978 2935 eum
2007 2877 2108 2955 qui

453 2959 679 3023 otiosus
709 2969 820 3038 est,
845 2960 1066 3023 veritus
1090 2980 1166 3022 ne
1189 2961 1344 3023 fame
1366 2961 1612 3042 periret,
1640 2962 1708 3024 ad
1710 2962 1909 3042 junxit
1940 2982 1953 3026 :
1983 2962 2103 3026 Vos

454 3056 675 3123 autem,
707 3049 941 3130 fratres,
975 3069 1051 3112 ne
1081 3050 1483 3129 defatigemini
1523 3051 1584 3112 in
1625 3051 2098 3114 benefaciendo:

456 3137 537 3199 ita
567 3147 624 3200 et
648 3138 742 3200 hic
761 3158 897 3201 cum
919 3123 1164 3202 dixisset
1190 3157 1203 3202 :
1230 3123 1318 3204 Ne
1346 3139 1877 3218 commisceamini,
1907 3141 2104 3204 timuit
2123 3123 2161 3173 C

459 3245 534 3288 ne
578 3234 919 3307 segregatus
948 3228 1370 3291 absorberetur
1392 3229 1826 3292 vehementiori
1845 3231 2100 3308 tristitia,

456 3316 614 3396 quod
645 3316 718 3377 ad
769 3317 1107 3380 Corinthios
1147 3318 1517 3400 scripsit”:
1570 3319 1704 3382 ideo
1753 3319 2100 3400 subiungit:

457 3406 550 3468 Ne
568 3413 630 3466 ut
654 3405 962 3468 inimicum
986 3406 1276 3482 habeatis,
1323 3407 1428 3469 sed
1455 3407 1796 3484 admonete,
1831 3428 1900 3471 ac
1924 3409 1974 3470 si
2008 3409 2106 3470 di-

461 3503 662 3556 ceret:
697 3495 990 3576 Corripite
1014 3495 1252 3576 quidem
1281 3496 1476 3578 ipsum
1503 3516 1619 3558 non
1650 3497 1828 3560 veluti
1861 3497 2103 3560 inimico

459 3583 808 3660 irascentes,
841 3603 906 3646 se
929 3593 1204 3666 tanquam
1233 3585 1472 3648 fratrem
1505 3586 1564 3649 in
1596 3587 1880 3649 charitate
1903 3588 2105 3650 admo-

459 3680 694 3735 nentes.

1091 3763 1337 3828 CAPUT
1381 3764 1480 3830 Vl.

761 3853 1014 3911 Precaiio
1036 3869 1144 3927 pro
1159 3870 1310 3928 pace,
1343 3870 1466 3927 quae
1492 3859 1572 3912 est
1596 3869 1633 3911 a
1662 3855 1793 3913 Deo.

541 3930 643 4010 ΙΙΙ,
673 3933 886 3998 Ιθοιὸ.
909 3933 1047 4015 Ipse
1072 3943 1274 3998 autem
1299 3937 1602 3998 Dominus
1634 3937 1804 4016 pacis
1826 3936 1920 3999 det
1943 3935 2111 4000 vobis

452 4039 664 4103 pacem
687 4041 928 4104 semper
948 4023 1230 4087 omnibus
1262 4025 1480 4089 modis.
1519 4025 1815 4088 Dominus
1861 4027 1943 4088 sit
1971 4042 2108 4088 cum

457 4111 739 4174 omnibus
767 4113 957 4175 vobis.
989 4112 1292 4177 Salutatio
1324 4131 1459 4177 mea
1490 4132 1675 4176 manu
1710 4114 1912 4188 Pauli,
1952 4114 2110 4195 quod

457 4205 545 4262 est
571 4207 818 4278 signum
848 4202 917 4264 in
948 4207 1119 4263 omni
1166 4202 1438 4282 epitola.
1490 4205 1591 4264 Ita
1636 4203 1854 4266 scribo.
1889 4202 2110 4267 Gratia

461 4286 712 4350 Domini
761 4291 952 4352 nostri
1003 4291 1145 4353 Iesu
1221 4289 1454 4354 Chrisii
1519 4298 1600 4356 sit
1646 4309 1782 4355 cum
1832 4292 2112 4355 omnibus

458 4375 650 4457 vobis,
686 4381 898 4442 Amen.

543 4473 719 4528 ειη
744 4467 893 4540 Quia
914 4468 1080 4530 novit
1097 4488 1168 4532 ex
1185 4469 1694 4532 admonitionibus
1731 4477 1790 4531 et
1822 4468 2107 4552 objurga-

459 4553 726 4617 tionibus
758 4575 983 4637 pugnas
1010 4576 1078 4620 ac
1107 4559 1521 4620 contentiones
1556 4558 1727 4630 oriri,
1777 4577 1909 4620 cum
1940 4559 1983 4620 ii
2005 4561 2107 4641 qui

459 4643 574 4705 hoc
594 4645 890 4726 patiantur
905 4655 1329 4729 exasperentur
1346 4647 1416 4710 ad
1430 4648 1949 4730 reprehensiones,
1977 4667 2108 4730 pre-

458 4741 626 4818 catur
655 4734 742 4796 eis
769 4753 983 4816 panem
1013 4755 1048 4798 a
1071 4740 1196 4801 Deo
1229 4737 1410 4818 pacis.
1455 4759 1476 4787 α
1510 4735 1801 4801 Omnibus
1831 4737 2042 4800 modis.
2073 4764 2094 4793 ι

457 4817 531 4882 Ut
553 4823 714 4884 nulla
742 4825 1111 4908 relinquatur
1137 4817 1532 4890 dissensionis
1577 4827 1828 4889 occasio.
1874 4856 1896 4886 ι
1931 4825 2106 4890 Salu-

456 4909 598 4971 tatio
625 4931 758 4974 mea
789 4933 964 4977 manu
993 4915 1180 4978 Pauli.
1217 4937 1240 4968 ι
1296 4915 1421 4979 Hoc
1462 4917 1702 4997 prepria
1745 4936 1926 4979 manu
1956 4915 2103 4978 sub-

457 4999 712 5080 scripsit,
750 5009 1024 5085 tanquam
1060 5007 1268 5069 dicens
1300 5023 1314 5068 :
1345 5005 1544 5068 Saluto
1574 5025 1698 5083 vos,
1738 5014 1837 5068 aut
1868 5005 2102 5080 Valete,

457 5094 558 5148 aut
581 5089 803 5170 aliquid
834 5093 1199 5176 hujusmodi,
1225 5113 1302 5157 ne
1319 5095 1734 5158 adulterentur
1763 5096 1980 5158 littera
2006 5103 2106 5156 aut

459 5188 753 5266 corruptae
781 5190 1080 5260 putentur.
1135 5185 1292 5247 Dixit
1341 5193 1536 5247 autem
1579 5185 1642 5245 in
1694 5183 2105 5266 superioribus

459 5265 980 5348 quodafﬁngentes
1005 5271 1297 5335 missasab
1318 5273 1446 5354 ipso
1471 5275 1724 5354 litteras,
1758 5265 2104 5336 avertebant

461 5373 568 5416 eos
597 5373 632 5417 a
662 5359 844 5419 rectis
873 5359 1188 5439 dogmatis.
1223 5390 1244 5420 ι
1278 5360 1445 5433 Quod
1472 5369 1565 5426 est
1591 5363 1826 5442 signum
1851 5361 1911 5423 in
1941 5363 2105 5423 omni

459 5443 736 5526 epistola.
758 5471 782 5497 ι
799 5445 924 5512 Hoc
946 5449 1104 5512 enim
1120 5449 1350 5531 signum
1369 5459 1582 5514 eratne
1594 5460 2104 5534 corrumperetur.

539 5607 598 5660 ‘4
623 5605 675 5672 ΙΙ
696 5605 830 5674 Cor.
863 5626 926 5690 η,
958 5611 1022 5676 7.

2191 1976 2277 2031 καί
2345 1998 2498 2056 φησι,
2573 1975 2876 2034 στέλλεσθαι
2960 1978 3058 2052 μὲν
3145 1976 3238 2032 ἀπ’
3311 1979 3482 2033 αὖτιῖιν

2189 2065 2525 2144 χωρίζεσθαι,
2611 2067 2697 2122 καὶ
2778 2064 2862 2122 διὰ
2944 2073 3036 2124 τοῦ
3121 2076 3401 2146 χωρισμοῦ
3479 2065 3840 2140 ἐπιτιμᾶσθαι.

2190 2150 2280 2209 Ἐν
2327 2152 2437 2228 ὅσῳ
2491 2153 2544 2210 δὲ
2616 2152 2958 2235 διορθοῦνται,
3029 2157 3178 2234 φησὶ,
3259 2152 3562 2231 μεταδίδοτε
3635 2156 3844 2233 αὐτοῖς,

2185 2239 2278 2296 ’ίνα
2321 2241 2399 2316 μὴ
2460 2241 2818 2317 λιμώττωσιν.
2882 2241 3068 2321 Ἀρκεῖ
3125 2243 3224 2321 γὰρ
3284 2243 3362 2318 μὴ
3433 2239 3841 2320 διορθονμένοις,

2185 2330 2219 2396 ἡ
2260 2329 2564 2405 ἐπιτίμησις
2616 2341 2709 2390 τοῦ
2765 2330 3070 2388 στέλλεσθαι
3127 2333 3262 2406 ὑμᾶς
3323 2329 3414 2387 ἀπ’
3460 2333 3655 2406 αὐτῶν.
3708 2353 3731 2386 ε
3785 2331 3842 2387 Εἰ

2187 2415 2242 2473 δέ
2271 2440 2348 2483 τις
2391 2419 2495 2499 οὐχ
2537 2421 2790 2476 ὑπακούει
2845 2425 2923 2496 τῷ
2993 2418 3138 2498 λόγῳ
3191 2421 3368 2494 ἡμῶν,
3425 2441 3447 2474 ι
3521 2398 3548 2473 ’ἰ

3491 2024 3506 2055 ,
3577 1974 3842 2048 τουτέστι,

3534 2417 3578 2473 Η
3637 2425 3712 2493 τῷ
3758 2417 3842 2475 διὰ

2187 2513 2288 2574 τῆς
2345 2505 2669 2576 Ἐπιστολῆς
2730 2513 2846 2566 οἷον
2903 2507 3168 2582 λολουντι,
3225 2509 3261 2576 ἢ
3320 2516 3396 2583 τῷ
3425 2507 3508 2564 διὰ
3537 2513 3634 2575 τῆς
3681 2507 3841 2564 Ἐπι-

2189 2595 2384 2664 στολῆς
2457 2597 2832 2661 ἀποσταλέντι,
2886 2623 2912 2654 α
2978 2605 3173 2657 Τοῦτον
3227 2601 3566 2675 σημειοῦσθε.
3639 2619 3660 2652 ι
3743 2583 3842 2654 Ἰνα

2190 2687 2269 2762 μὴ
2311 2684 2444 2762 λάθῃ
2488 2689 2648 2762 ὑμᾶς,
2695 2690 2844 2769 φησί,
2894 2689 3132 2766 Μεγίστη
3188 2686 3241 2742 δὲ
3291 2687 3542 2766 ἐντροπὴ,
3603 2689 3663 2742 τὸ
3701 2687 3842 2742 πάν-

2190 2796 2282 2839 τας
2348 2773 2492 2854 ἕχειν
2552 2777 3066 2858 ἀποστρεφομένους.
3139 2799 3162 2833 ι
3228 2779 3327 2835 Καὶ
3379 2778 3457 2851 μὴ
3514 2779 3588 2840 ὡς
3655 2775 3844 2855 ἐχθρὸν

2191 2864 2427 2940 ἡγεῖσθε.
2514 2888 2538 2922 ι
2607 2847 2799 2946 είὶσπερ
2857 2865 3176 2922 ἅνω-εἰπὼν
3236 2870 3314 2941 μὴ
3369 2863 3479 2921 δετν
3535 2867 3628 2921 τὸν
3686 2865 3847 2944 ἀργὸν

2193 2952 2401 3034 ἐσθίειν,
2455 2953 2627 3021 δείσας
2687 2961 2764 3032 μὴ
2825 2956 2969 3033 λιμῷ
3021 2961 3215 3036 φθαρῇ,
3274 2956 3546 3035 ἐπήγαγεν
3581 2977 3594 2991 ·
3661 2947 3845 3031 Ὑμεῖς

2185 3039 2262 3116 δὲ,
2328 3040 2563 3124 ἀδελφοὶ,
2637 3046 2714 3120 μὴ
2773 3046 3108 3116 ἐκκακήσητε
3171 3044 3605 3126 καλοποιοῦντες,
3681 3044 3847 3108 οὕτως

2187 3133 2274 3187 καὶ
2357 3130 2458 3188 ὦδε
2542 3134 2705 3190 εἰπών
2743 3150 2756 3164 ·
2837 3136 2926 3202 Μὴ
3005 3136 3468 3213 συναναμίγνυσθε,
3532 3133 3692 3190 ἔδεισε
3768 3135 3846 3209 μὴ

2187 3219 2555 3302 ἀποσχισθεὶς,
2603 3229 2672 3300 τῇ
2717 3224 3078 3303 περισσωτέρᾳ
3148 3223 3290 3305 λύπῃ
3347 3227 3644 3301 καταποθῇ,
3717 3221 3848 3302 ὅπερ

2187 3312 2318 3389 πρὸς
2352 3312 2644 3388 Κορινθίους
2679 3311 2875 3390 ἔγραψε
2908 3329 2922 3344 ⁸
2971 3311 3050 3368 διὸ
3109 3311 3320 3392 ἐπάγει,
3383 3314 3472 3380 Μὴ
3529 3315 3602 3376 ὡς
3656 3313 3845 3392 ἐχθρὸν

2186 3399 2431 3477 ἡγεῖσθε,
2461 3398 2598 3455 ἀλλὰ
2631 3405 2948 3476 νουθετεῖτε,
2982 3404 3056 3464 ὡς
3089 3403 3131 3458 εἰ
3164 3403 3318 3459 εἶπεν
3352 3419 3367 3434 ⁸
3410 3401 3725 3478 Ἐπιτιμᾶτε
3749 3401 3846 3476 μὲν

2188 3490 2348 3563 αὐτῷ,
2396 3489 2474 3564 μὴ
2504 3491 2577 3553 ὡς
2608 3489 2783 3570 ἐχθρῷ
2807 3488 2861 3547 δὲ
2895 3491 3248 3572 ὀργιζόμενοι,
3285 3488 3406 3547 ἀλλ’
3435 3493 3508 3556 ὡς
3540 3489 3761 3569 ἀδελφ“)ν
3791 3488 3845 3544 ἐν

2187 3577 2371 3655 ἀγάπῃ
2417 3582 2775 3645 νουθετοῦντες
2787 3629 2802 3644 ,

2825 3756 3076 3814 unum.
3119 3740 3225 3824 ς’.

2425 3863 2449 3900 ι
2501 3843 2652 3924 Εὒχὴ
2679 3845 2795 3923 περὶ
2825 3845 3057 3924 εἰρήνης,
3089 3867 3188 3912 της
3219 3845 3361 3924 παρὰ
3391 3843 3544 3904 Θεοῦ.
3580 3863 3612 3904 ι

2280 3958 2304 3990 α
2342 3935 2506 4002 Αὐτὸς
2533 3935 2587 3994 δὲ
2618 3940 2646 3994 ὁ
2707 3939 2894 4018 Κύριος
2951 3943 3050 4006 τῆς
3103 3939 3340 4019 εἰρήνης,
3395 3936 3523 4019 δῴη-
3564 3939 3692 4014 ὑμῖν
3741 3936 3841 4004 τὴν

2191 4025 2405 4103 εἰρήνην
2493 4017 2792 4090 διαπαντὸς
2847 4026 2903 4082 ἐν
2996 4017 3160 4084 παντὶή
3215 4017 3418 4106 τρόπῳ.
3511 4017 3570 4084 Ὀ
3655 4026 3841 4104 Κύριος

2191 4115 2326 4188 μετὰ
2380 4114 2592 4170 πάντων
2661 4117 2830 4190 ὑμῶν,
2910 4107 2966 4172 Ὀ
3038 4115 3320 4190 ἀσπασμὸς
3387 4120 3456 4192 τῇ
3511 4115 3616 4192 ἐμῇ
3700 4116 3845 4194 χειρὶ

2193 4200 2426 4284 ΙΙαύλου,
2450 4205 2478 4259 ὃ
2501 4201 2609 4260 ἐστι
2633 4217 2860 4279 σημεῖον
2885 4205 2938 4261 ἐν
2961 4205 3106 4281 πάσῃ
3131 4203 3410 4281 ἐπιστολῇ.
3431 4203 3608 4267 Οὕτως
3631 4204 3840 4283 γράφω.

2198 4280 2260 4346 Ἠ
2292 4280 2450 4370 χάρις
2475 4303 2566 4352 τοῦ
2597 4294 2782 4372 Κυρίου
2824 4295 2979 4370 ἡμῶν
3011 4280 3186 4362 Ἰησοῦ
3218 4280 3440 4370 Χριστοῦ
3468 4293 3603 4369 μετὰ
3629 4280 3842 4348 πάντων

2193 4379 2364 4454 ὑμῶν,
2395 4380 2596 4458 Ἀμήν.
2653 4403 2678 4440 ι

2273 4467 2492 4536 Ἐπειδή
2548 4469 2696 4528 οἶδεν
2766 4470 2827 4526 ἐκ
2882 4481 2975 4531 τοῦ
3021 4473 3374 4528 νουθετεῖσθαι
3458 4469 3544 4526 καὶ
3599 4467 3844 4544 ἐπιτιμᾶ-

2191 4563 2331 4639 σθαι,
2421 4559 2553 4638 ἕρεις
2639 4562 2728 4617 καὶ
2812 4561 2996 4642 μάχας
3069 4561 3410 4637 τικτομένας,
3501 4566 3606 4616 τῶν
3688 4565 3844 4616 τοῦτο

2190 4648 2514 4728 πασχόντων
2614 4651 2745 4730 πρὸς
2845 4653 2963 4716 τοὺς
3067 4648 3324 4730 ἐλέγχους
3406 4647 3837 4729 τραχυνομένων,

2191 4737 2474 4818 ἐπεύχεται
2546 4741 2728 4804 αῦτοϊς
2799 4741 3035 4819 εἰρήνην,
3123 4741 3264 4818 παρὰ
3358 4745 3448 4819 τοῦ
3517 4739 3649 4794 Θεοῦ
3743 4741 3842 4803 τῆς

2191 4810 2428 4903 εἰρήνης.
2508 4851 2534 4882 ε
2623 4826 2712 4886 Ἐν
2786 4810 2942 4886 παντὶ
2991 4810 3211 4908 τρόπῳ..
3274 4849 3298 4884 ι
3367 4810 3520 4882 Ὥστε
3580 4824 3842 4902 μηδεμίαν

2187 4915 2557 4997 ὑποτελεῐφθαι
2615 4918 2804 4997 μάχης
2861 4919 3127 4998 ἀφορμήν.
3203 4942 3226 4972 ιι
3307 4908 3364 4974 Ὀ
3424 4917 3705 4991 ἀσπασμὸς
3775 4921 3844 4991 τῇ

2186 5007 2293 5082 ἐμῇ
2348 5009 2488 5086 χειρὶ
2557 5007 2788 5070 Παύλου.
2869 5031 2891 5064 ι
2974 5014 3138 5065 Τοῦτο
3209 5005 3493 5098 ἰδιόχειρον
3547 5004 3842 5098 ῦπέγρλαφεν

2187 5100 2328 5169 οἷον,
2386 5093 2866 5176 τὸ,.Ἀσπάζομαι
2923 5099 3082 5174 ὑμᾶς,
3139 5095 3175 5165 ἢ
3233 5097 3318 5169 τὸ,
3369 5092 3647 5174 Ἐῤῥωσθε,
3690 5092 3726 5160 ἢ
3789 5116 3839 5150 τι

2187 5194 2444 5261 τοιοῦτον,
2513 5185 2604 5242 ’ἶνα
2668 5187 2746 5262 μὴ
2818 5186 3152 5266 παραποιῆτε
3183 5186 3250 5241 τὰ
3318 5185 3630 5264 γράμματα.
3703 5182 3842 5240 Εἷπε

2187 5275 2287 5353 γὰρ
2345 5271 2474 5355 ἅνω,
2551 5277 2624 5340 ὡς
2711 5273 2804 5332 ἀπ’
2889 5276 3048 5332 αὐτοῦ
3129 5273 3413 5337 ἐπιστολὰς
3467 5271 3845 5355 πραττόμενοι,

2189 5361 2489 5444 διέστρεφον
2541 5366 2722 5431 αὐτοὺς
2766 5366 2872 5421 ἀπὸ
2921 5373 3028 5422 τῶν
3086 5365 3251 5445 ὀρθῶν
3307 5361 3612 5443 δογμάτων.
3679 5384 3707 5416 ι
3784 5346 3840 5419 ἶ)

2189 5452 2298 5508 ἐστι
2331 5453 2564 5528 σημεῖον
2609 5454 2668 5511 ἐκ
2718 5455 2866 5532 πάσῃ
2895 5453 3174 5533 ἐπιστολῇ.
3227 5476 3251 5510 ι
3287 5460 3452 5510 Τοῦτο
3480 5452 3580 5531 γὰρ
3608 5451 3846 5526 σημεῖον
