4188 6428
351 315 458 398 433

1356 341 1750 412 COMMENT.
1796 340 1882 414 IN
1926 339 2168 417 EPIST.
2215 361 2242 422 1
2286 361 2389 424 AD
2430 346 2754 428 TIMOTH.

3635 360 3756 439 134

350 470 473 574 πρδς
537 471 602 527 τὸ
659 474 742 548 μὴ
817 481 1248 574 μεταποιεῖσθαι.
1326 479 1416 538 Ἐν
1471 481 1618 574 πάσῃ
1677 481 1731 539 δὲ
1787 490 1880 565 τῇ,
1941 489 2010 553 ὡς

2096 489 2164 552 In
2195 491 2358 552 omni
2387 501 2608 567 autem,
2633 511 2766 574 qua:
2786 502 2852 557 ut
2899 495 3222 562 verisimile
3251 508 3342 564 est
3367 501 3440 564 ad
3473 520 3582 565 vos
3603 504 3753 566 mit-

352 561 516 667 εἰκὸς,
573 564 1006 667 πεμφθησομένέι
1061 569 1191 646 πρὸς
1247 569 1408 644 ὑμᾶς.
1471 562 1563 636 Ὦς
1624 573 1668 628 εἷ
1718 561 1875 667 εἶπεν
1909 591 1923 605 ·
1960 578 2010 633 ΕΙ

2100 580 2278 642 tenda
2309 588 2418 642 est.
2444 581 2528 642 Ac
2545 561 2605 644 εἷ
2619 561 2850 646 diceret
2874 603 2888 647 :
2913 584 3036 648 Nisi
3084 561 3209 649 hoc
3237 561 3495 667 habeat,
3520 561 3754 660 ἱιόἷὲὲι

353 649 431 724 μὴ
463 648 585 729 ἔχοι
614 651 795 733 τοῦτο,
829 657 926 712 οὐκ
964 653 1071 710 ἔστι
1130 679 1230 732 μου
1286 656 1603 730 Ἐπιστολή.
1643 683 1672 716 α
1735 652 1798 718 Ἠ
1855 663 2015 744 χάρις

349 739 444 795 τοῦ
480 741 665 818 Κυρίου
711 742 896 818 ἡμῶν,
934 767 962 798 ι
998 743 1164 801 Πάλιν
1206 747 1278 812 ὡς
1337 745 1450 811 ἔθος
1495 750 1660 825 αὐτῷ,
1714 732 2015 830 εὺχῇ’;ιαὶτ-

349 828 508 884 έλυσε
538 831 637 897 τὴν
670 829 1022 904 Ἐπιστολήν,

352 938 382 975 ι
432 915 625 994 Τέλος,
683 921 776 976 σὺν
807 929 947 997 Θεῷ,
980 926 1080 991 τῆς
1122 927 1254 1004 πρὸς
1299 926 1706 994 Θεσσαλονικεῖς
1765 929 2006 1012 δευτέρας

975 1015 1296 1084 Ἐπιστολῆς
1307 1065 1322 1079 .
1366 1041 1394 1073 ι

851 1098 1086 1184 Ἐγράφη
1117 1105 1225 1163 ἀπὸ
1268 1105 1529 1175 Ἀθηνῶν,

2101 688 2236 732 mea
2273 668 2557 751 Epistola.
2601 692 2624 722 α
2657 671 2854 735 Gratia
2903 673 3140 738 Domini
3194 679 3401 743 nostri.
3439 703 3460 732 ι
3489 680 3747 746 Rursum

2099 769 2165 911 pt
2221 759 2335 822 sibi
2396 761 2579 824 moris
2634 769 2745 836 est,
2809 767 3152 844 precatione
3199 767 3449 832 absolvit
3505 770 3744 852 Episto-

2122 869 2240 911 am.

2122 869 2240 913 am.

2091 953 2272 1020 Fmis.
2294 953 2483 1011 divino
2503 954 2732 1040 fatigate.
2760 955 2999 1040 auxilio,
3033 959 3359 1040 posterioris
3401 960 3477 1017 ad
3527 960 3750 1022 Τήρεω-

2614 1025 2911 1085 lonicenses
2941 1025 3226 1100 Ερίειοιω.

2542 1104 2776 1188 Scripta
2807 1107 2920 1170 fuit
2945 1125 3014 1170 ex
3045 1109 3318 1174 Athenis.

373 1281 3695 1314 ᾖ

1608 1436 2496 1567 ΥΠΟΘΕΣΙΣ

807 1692 1024 1776 ΤΗΣ
1116 1694 1408 1780 ΠΡΟΣ
1475 1697 2070 1785 ΤΙΜΟΘΕΟΝ
2142 1700 2591 1786 ΠΡΩΤΗΣ
2665 1705 3300 1791 ΕΠΙΣΤΟΛΗΣ

1436 2064 2641 2206 ARGUMEN'l'UM

731 2331 1292 2443 PRIORIS
1382 2337 2092 2448 EPISTOLrE
2179 2339 2366 2446 AD
2457 2339 3346 2452 TIMOTHEUM.

422 2691 636 2758 Ταύτην
701 2690 996 2748 ἐπιστέλλει
1033 2691 1140 2750 ἀπὸ
1187 2691 1495 2758 Λαοδικείας
1568 2685 1628 2750 Ἠ
1677 2691 1731 2750 δὲ
1789 2695 2001 2775 πρόφα-

2172 2704 2333 2756 ιθδ
2345 2695 2511 2758 Hanc
2533 2715 2566 2758 a
2579 2697 2767 2762 burbe
2789 2698 3078 2761 Laodicea
3096 2698 3580 2764 scribit.0ccasio
3597 2722 3734 2766 vero

347 2801 427 2846 σις
492 2786 591 2848 τῆς
688 2779 973 2848 ἐπιπολῆς
1058 2781 1216 2852 αὕτη.
1295 2781 1383 2841 Ἐν
1456 2791 1524 2861 τῇ
1607 2781 1814 2864 Ἐφέσῳ
1869 2785 2008 2849 τινὲς

343 2867 703 2941 ἶοοδαῗζοντες
761 2869 1070 2951 ἐπεχείρουν
1157 2871 1638 2953 ἑτεροδιδασκαλεῖν
1718 2875 1806 2930 καὶ
1874 2874 2011 2930 ἀπα-

347 2964 442 3030 τᾷν
488 2960 609 3024 τοὺς
667 2959 1087 3039 ἂκεραιοτέρους,
1133 2964 1389 3043 προφάσει
1446 2965 1541 3020 τοῦ
1588 2962 1775 3038 νόμου.
1839 2965 2004 3021 Τοῦτο

2090 2783 2371 2867 Epistolaa
2393 2786 2498 2847 fuit
2523 2787 2897 2868 haec.Ephesi
2924 2789 3161 2870 quidam
3188 2791 3560 2869 judaizantes
3576 2793 3739 2854 varia

2091 2875 2312 2936 docere
2333 2877 2702 2937 conabantur
2732 2883 2790 2936 et
2819 2877 3217 2957 simpliciores
3245 2879 3550 2960 decipere,
3587 2880 3738 2960 legis

2093 2971 2403 3043 praetextu.
2431 2964 2597 3037 Quod
2620 2965 2716 3026 ubi
2742 2966 3442 3048 cognovissetApostolus
3465 2969 3739 3031 hortatur

345 3047 403 3105 δὲ
474 3050 657 3125 μαθὼν
728 3052 757 3106 ὁ
841 3047 1190 3121 Ἀπόστολος,
1261 3052 1543 3132 προτρέπει
1610 3054 1702 3132 τὸν
1748 3053 2002 3128 Τιμόθεον

2095 3051 2492 3127 Timotheum,
2529 3063 2589 3115 ut
2620 3052 2719 3116 ubi
2751 3062 2986 3116 maneat
3009 3054 3081 3116 ad
3107 3047 3378 3137 ipSorum
3405 3058 3740 3138 correptio-

347 3137 467 3194 ἐκεῖ
539 3152 860 3218 προσμεῖναι
917 3139 1047 3219 πρὸς
1106 3138 1379 3220 διόρθωσιν
1433 3142 1627 3221 αὐτῶν,
1687 3141 1874 3222 γράφει
1947 3163 2005 3198 τε

346 3227 449 3294 τὴν
508 3225 819 3297 ἐπιστολήν.
868 3229 966 3285 Καὶ
1034 3236 1244 3309 πρῶτον
1320 3231 1416 3307 μὲν
1458 3232 1850 3308 ὑπομιμνήσκει
1907 3241 2005 3290 Τι-

349 3317 542 3392 μόθεον
599 3313 771 3373 εἰδότα
826 3317 925 3384 τὴν
984 3316 1044 3376 ἐκ
1099 3326 1309 3398 Χριστῷ
1371 3321 1568 3401 πίστιν,
1617 3319 1876 3378 διδάσκων
1919 3326 2008 3380 αὒ-

347 3408 442 3462 τὸν
475 3407 597 3486 περὶ
658 3405 751 3461 τοῦ
821 3405 1008 3487 νόμου,
1059 3407 1280 3466 κωλύειν
1339 3410 1462 3472 τοὺς
1508 3411 1652 3489 παρὰ
1700 3411 1798 3477 τὴν
1851 3411 2009 3490 ὀρθὴν

349 3494 691 3580 διδασκαλίαν
721 3495 1034 3574 λαλοῦντας,
1096 3498 1344 3576 ἐπιτιμᾷν
1397 3521 1455 3556 τε
1511 3504 1716 3562 αὒτο“ς.
1765 3503 1863 3558 Καὶ
1910 3502 2010 3580 γὰρ

350 3585 510 3650 αὒτὸς
624 3576 900 3662 ’Υμέναιον
995 3589 1083 3644 καὶ
1189 3586 1528 3669 Ἀλέξανδρον
1612 3576 2012 3668 ναυαγήσαντας

453 3675 470 3696 \
543 3676 557 3696 ἢ
1008 3675 1052 3696 η
1253 3686 1280 3696 ~
1532 3684 1558 3694 α-
1895 3677 1919 3696 κ

351 3696 473 3755 περι
502 3697 605 3743 την
656 3675 835 3733 πίστιν
887 3691 1156 3756 παρεοωκε
1213 3701 1291 3753 τῳ
1349 3686 1585 3753 Σατανᾳ,
1643 3677 1737 3734 ἵνα
1791 3695 2012 3735 ταιοευ-

348 3767 480 3820 θώσι
539 3765 618 3839 μὴ
700 3763 1066 3847 βλασφημεῖν.
1148 3768 1322 3824 Ταῦτα
1406 3769 1747 3842 ὑπομνήσας,
1823 3766 2013 3825 λοιπὸν

345 3852 620 3910 διατάσσει
677 3855 820 3930 αὖτῷ
917 3857 1142 3920 κανόνας
1213 3855 1707 3925 ἐκκλησιαστικοὺς.
1769 3863 2009 3937 Πρῶτον,

347 3946 469 4023 περὶ
535 3949 873 4026 προσευχῆς,
933 3952 1050 4011 πῶς
1106 3947 1194 4003 καὶ
1250 3945 1372 4020 ποῦ,
1420 3947 1506 4002 καὶ
1563 3947 1680 4025 περὶ
1721 3945 1877 4002 τίνων
1921 3943 2005 4002 δεῖ

2090 3159 2256 3218 nem,
2306 3141 2635 3224 scribitque
2703 3143 3046 3224 Epistolam.
3095 3145 3170 3206 Et
3207 3144 3464 3225 primum
3495 3145 3738 3226 quidem

2092 3232 2363 3310 suggerit
2417 3230 2731 3294 Timotheo
2789 3233 2943 3313 quod
3003 3232 3181 3297 ﬁdem
3229 3247 3433 3296 nosset
3489 3253 3622 3315 quae
3678 3235 3741 3296 in

2091 3317 2330 3382 Christo
2353 3329 2466 3399 cst,
2500 3322 2726 3384 docens
2751 3339 2883 3383 cum
2908 3320 2982 3383 de
3000 3323 3151 3401 lege,
3177 3329 3241 3383 ut
3271 3322 3582 3404 prohibeat
3606 3323 3740 3385 illos

2092 3409 2194 3490 qui
2221 3409 2444 3491 aliquid
2477 3419 2690 3492 praeter
2718 3421 2941 3473 rectam
2966 3411 3302 3474 doctrinam
3326 3411 3735 3493 loquerentur,

2098 3507 2157 3559 et
2173 3497 2448 3578 objurget
2466 3518 2589 3561 eos.
2614 3501 2762 3563 Nam
2780 3509 2837 3562 et
2856 3499 3376 3582 ipseHymenazum
3400 3509 3459 3562 et
3480 3500 3740 3563 Alexan-

2097 3587 2296 3665 drum,
2331 3587 2432 3669 qui
2453 3588 2614 3651 circa
2631 3589 2807 3651 ﬁdem
2840 3588 3210 3669 naufragium
3250 3590 3537 3664 fecerant,
3567 3589 3740 3651 Sata-

2097 3695 2189 3738 nae
2202 3677 2548 3754 tradiderat,
2593 3687 2656 3740 ut
2673 3678 2977 3741 discerent
3001 3697 3117 3739 non
3133 3677 3576 3758 blasphemare.
3603 3680 3744 3742 Haec

2095 3765 2200 3828 ubi
2227 3766 2299 3828 ad
2333 3768 2683 3830 memoriam
2707 3768 2969 3842 reduxit,
2991 3767 3279 3847 deinceps
3303 3766 3743 3829 ecclesiasticos

2099 3877 2360 3921 canones
2382 3859 2436 3922 ei
2459 3861 2800 3922 constituit:
2827 3859 3020 3938 primo
3041 3859 3116 3921 de
3128 3858 3420 3928 oratione,
3443 3858 3743 3938 quomodo

2091 3957 2152 4011 et
2182 3947 2283 4009 ubi
2314 3966 2383 4010 ac
2411 3948 2485 4010 de
2515 3948 2731 4030 quibus
2762 3947 2993 4029 precari
3013 3955 3301 4028 oporteat.
3357 3945 3658 4027 Secundo,
3683 3961 3745 4015 ut

344 4034 765 4114 προσεύχεσθαι,
827 4035 1105 4115 Δευτέραν,
1163 4036 1282 4114 περὶ
1337 4036 1432 4092 τοῦ
1484 4039 1638 4112 σιγᾷν
1697 4032 1752 4090 ἐν
1797 4032 2002 4101 ἐκκλη-

2099 4036 2384 4100 mulieres
2415 4044 2642 4102 taceant
2675 4037 2737 4098 in
2766 4037 3054 4112 Ecclesia,
3106 4035 3383 4118 quodque
3413 4034 3604 4116 magis
3628 4054 3741 4096 cu-

347 4122 433 4194 τίς
503 4124 600 4188 τὰς
657 4137 942 4205 γυναῖκας,
992 4125 1078 4181 καὶ
1163 4122 1367 4200 μᾶλλον
1431 4123 1714 4201 μανθάνειν
1785 4121 2002 4197 ἐθέλειν,

348 4215 437 4269 καὶ
470 4214 548 4288 μὴ
609 4211 868 4271 διδάσκειν
915 4215 1097 4279 αὐτάς.
1149 4214 1354 4295 Τρίτον,
1401 4214 1520 4293 περὶ
1568 4212 1898 4286 ἐπισκόπων,
1921 4214 2010 4269 καὶ

350 4298 716 4382 πρεσϐυτέρων
769 4305 858 4361 καὶ
913 4301 1192 4372 διακόνων,
1271 4310 1386 4369 πῶς
1441 4303 1530 4359 καὶ
1605 4304 1816 4366 ὁποίους
1865 4301 2008 4358 εἶναι

351 4387 433 4448 δεῖ
486 4393 606 4458 τοὺς
648 4392 1081 4469 καθισταμένους.
1137 4393 1422 4472 Τέταρτον,
1479 4393 1597 4471 περὶ
1645 4397 1750 4449 τῶν
1808 4391 1862 4446 ἒν
1941 4397 2010 4468 τῇ

353 4477 608 4552 iam}.qu
635 4489 851 4563 χηρῶν,
910 4482 1016 4540 ἀπὸ
1043 4483 1223 4540 πόσων
1253 4483 1384 4540 ἐτῶν
1426 4481 1539 4562 χρὴ
1586 4481 1780 4546 ταύτας
1834 4503 2009 4537 κατα-

349 4567 623 4648 λέγεσθαι,
680 4573 770 4628 καὶ
838 4571 994 4636 ποίας
1050 4573 1207 4638 αὐτὰς
1251 4572 1394 4628 εἶναι
1437 4568 1522 4627 δεῖ
1595 4571 1685 4626 καὶ
1740 4575 1853 4636 πῶς
1911 4573 2009 4628 αὖ·

346 4670 473 4723 ταῖς
534 4657 620 4716 δεῖ
660 4659 969 4742 προσέχειν,
1051 4661 1324 4737 Πέμπτον,
1401 4661 1520 4740 περὶ
1569 4659 1662 4716 τοῦ
1720 4671 2013 4739 σωφρονεῖν

345 4748 474 4810 τοὺς
501 4749 812 4829 νεωτέρους,
863 4751 951 4807 καὶ
994 4763 1190 4829 γαμεῖν
1239 4747 1468 4826 μᾶλλον,
1522 4749 1611 4805 καὶ
1653 4747 1732 4823 μὴ
1777 4748 2012 4828 αἰσχρῶς

351 4838 477 4913 ζῄν.
512 4826 742 4913 ΗΕκτον,
816 4839 936 4920 περὶ
1002 4826 1100 4897 τοῦ
1157 4836 1511 4918 παραγέλλειν
1567 4850 1686 4900 τοῖς
1739 4826 2011 4900 πλουσίοις

348 4929 428 4994 πὴ
485 4925 907 5006 ὑψηλοφρονεῖν,
969 4926 1106 5004 μηδὲ
1157 4927 1387 4999 ἐλπίζειν
1461 4926 1548 4984 ἐπὶ
1589 4924 1827 5000 πλούτῳ.
1889 4931 2018 5004 Περὶ

344 5016 548 5073 τούτων
603 5014 1004 5094 διαταξάμενος,
1081 5017 1425 5098 προτρέπεται
1482 5017 1638 5073 αὐτὸν
1703 5013 1868 5071 ταῦτα
1941 5012 2018 5070 δι-

2099 4125 2262 4209 piant
2295 4126 2530 4190 discere
2561 4144 2736 4206 quam
2759 4125 2998 4190 docere.
3027 4124 3232 4189 Tertio
3253 4125 3327 4186 de
3359 4123 3655 4205 episcopis
3684 4133 3744 4186 et

2095 4215 2465 4297 presbyteris
2485 4234 2553 4278 ac
2575 4215 2864 4292 diaconis,
2889 4216 3190 4296 quomodo
3211 4211 3742 4294 atl‘ectosetquales

2093 4323 2223 4368 esse
2264 4312 2534 4384 oporteat
2584 4324 2688 4367 eos
2734 4306 2837 4386 qui
2883 4304 3345 4367 constituantur.
3396 4302 3635 4376 Quarto,
3669 4303 3745 4364 de

2095 4394 2292 4458 viduis
2316 4414 2448 4476 quae
2479 4403 2615 4458 sunt
2645 4395 2706 4456 in
2736 4394 3004 4457 Ecclesia
3032 4413 3066 4456 a
3097 4401 3242 4475 quot
3271 4392 3445 4454 annis
3475 4410 3574 4454 eas
3601 4391 3744 4452 206

2096 4483 2240 4561 eligi
2263 4494 2323 4546 et
2353 4485 2560 4565 quales
2587 4503 2717 4546 esse
2753 4483 3090 4558 conveniat,
3145 4489 3204 4545 et
3255 4481 3554 4562 quomodo
3583 4481 3746 4561 ipsas

2099 4572 2698 4654 observareoporteat
2727 4571 3132 4655 Quinto,quod
3144 4571 3420 4652 juniores
3443 4569 3744 4633 modestus

2094 4681 2230 4726 esse
2259 4671 2548 4745 oporteat,
2578 4673 2638 4728 et
2668 4663 2894 4725 nubere
2939 4661 3134 4742 potius
3186 4679 3365 4742 quam
3396 4659 3746 4721 indecenter

2094 4753 2317 4815 vivere.
2341 4751 2539 4829 Sexto,
2574 4765 2639 4814 ut.
2670 4750 2971 4834 praecipiat
2999 4749 3280 4812 divitibus
3326 4767 3401 4809 ne
3447 4747 3742 4809 extollan-

2097 4850 2216 4916 tur,
2245 4860 2440 4924 neque
2465 4848 2708 4922 sperent
2727 4839 2788 4902 in
2810 4838 3056 4901 divitiis.
3076 4837 3216 4900 Haec
3237 4845 3544 4919 postquam
3577 4835 3743 4897 ordi-

2096 4930 2276 5012 navit,
2310 4931 2654 4994 exhortatur
2680 4930 2875 5010 ipsum
2908 4935 2972 4990 ut
3007 4946 3077 4990 ea
3125 4927 3332 4989 doceat
3361 4948 3375 4985 :
3411 4924 3466 4986 ei
3499 4925 3745 5005 posthac

2097 5039 2310 5103 aquam
2342 5039 2459 5081 non
2490 5018 2676 5095 bibat,
2729 5036 2798 5082 ac
2850 5017 3085 5099 sibiipsi
3142 5013 3429 5078 doctrinae
3479 5013 3745 5103 animum

347 5102 586 5181 δάσκειν,
646 5108 735 5163 καὶ
791 5107 984 5182 μηκέτι
1059 5107 1154 5183 μὲν
1207 5105 1552 5186 ὑδροποτεῖν,
1611 5103 1904 5184 προσέχειν
1958 5101 2010 5159 δὲ

2097 5101 2402 5180 adhibeat,
2436 5109 2636 5172 sciens
2660 5127 2776 5190 quo
2817 5107 3013 5169 futura
3063 5107 3184 5168 sint
3232 5112 3501 5185 tempora
3532 5101 3748 5193 quibus

349 5194 524 5269 ἑαυτῷ
579 5196 668 5251 καὶ
751 5201 820 5273 τῇ
881 5193 1210 5272 διδασκαλίᾳ,
1287 5194 1460 5252 εἰδότα
1534 5192 1740 5250 ἔσεσθαι
1796 5193 2011 5272 καιροὺς

347 5284 404 5342 ὲν
465 5289 551 5351 οἷς
613 5285 1010 5357 ἀποστήσονταί
1062 5309 1198 5354 τινες
1267 5292 1368 5355 τῆς
1420 5285 1673 5359 πίστεως,
1720 5281 1925 5349 διδάξας
1956 5280 2011 5339 δὲ

610 5377 752 5433 εἶναι
840 5378 930 5434 καὶ
1012 5378 1079 5434 τὰ
1151 5377 1428 5456 βρώματα,
1511 5376 1598 5430 καὶ
1652 5370 2012 5452 παραγγείλας

362 5465 502 5539 αὐτῷ
571 5463 912 5546 ἐκτρέπεσθαι
993 5467 1085 5533 τὰς
1171 5465 1556 5548 ἐκφιλονείκους
1630 5462 1880 5534 ζητήσεις
1937 5463 2011 5526 ὡς

366 5551 618 5629 βεϐήλους
649 5555 833 5633 οὔσας,
861 5554 944 5638 ἐφ’
1001 5561 1092 5622 αἷς
1145 5579 1283 5621 τινες
1323 5555 1664 5636 καυχώμενοι
1707 5549 2013 5630 παρέϐησαν

368 5646 464 5712 τήν
489 5648 690 5725 πίστιν,
723 5649 816 5704 καὶ
873 5645 1028 5712 τέλος
1071 5647 1128 5706 ὃν
1173 5648 1285 5729 χρὴ
1326 5647 1519 5726 τρόπον
1574 5641 1760 5724 ἄρχειν
1817 5662 1874 5698 τε
1931 5641 2018 5697 καὶ

362 5731 752 5817 διατάσσεσθαι,
787 5737 992 5796 τελειοῖ
1020 5741 1118 5806 τὴν
1151 5735 1495 5814 Ἐπιστολήν,

2099 5199 2410 5263 discedent
2437 5197 2708 5260 nonnulli
2732 5215 2766 5258 a
2788 5196 2929 5260 ﬁde.
2952 5199 3267 5277 Postquam
3309 5201 3512 5256 autem
3543 5191 3749 5255 docuit

2097 5289 2352 5352 mundos
2377 5307 2614 5370 quoque
2643 5305 2778 5350 esse
2807 5286 2995 5363 cibos,
3049 5285 3447 5366 praecepitque
3477 5289 3544 5344 nt
3571 5299 3744 5344 aver-

2098 5387 2252 5442 tatur
2281 5397 2314 5440 a
2343 5377 2736 5442 contentiosis
2791 5374 3241 5459 quaestionibus,
3271 5381 3337 5437 ut
3380 5391 3513 5453 quae
3542 5371 3747 5454 profa-

2098 5489 2190 5531 nae
2217 5470 2358 5541 sint,
2386 5467 2449 5530 in
2481 5466 2696 5549 quibus
2721 5466 2904 5550 aliqui
2952 5465 3295 5547 gloriantes,
3344 5463 3406 5525 in
3441 5462 3558 5525 ﬁde
3589 5479 3746 5542 prae-

2102 5559 2348 5622 varicati
2381 5565 2544 5636 sunt,
2575 5556 2821 5622 tandem
2852 5554 3161 5619 concludit
3188 5552 3546 5636 Epistolam.
