4188 6484
303 343 401 405 141

310 559 500 624 καλός,
539 562 628 625 Τίς
659 561 714 617 δὲ
745 565 774 619 6
829 565 1066 639 νομίμως
1116 562 1256 636 αὐτῷ
1305 561 1589 641 χρώμενος
1619 577 1635 635 ;
1684 551 1742 618 Ὀ
1772 558 1839 616 δι’
1868 563 1969 619 αὖ-

311 657 400 705 τοῦ
470 652 545 715 εἰς
603 652 702 718 τὴν
786 652 962 707 πίστιν
1052 651 1560 729 παραπεμπόμενος.
1625 650 1714 716 Μὴ
1769 651 1969 730 ἰσχύων

311 740 411 818 γὰρ
457 743 486 796 ὁ
541 743 702 814 νόμος
747 739 1050 815 δικαιῶσαι,
1110 741 1194 796 ἐπὶ
1245 741 1335 796 τὸν
1395 737 1628 796 δικαιοῦν
1687 736 1971 814 δυνάμενον

314 830 660 906 παραπέμπει
718 830 970 910 Χριστόν,
1037 822 1094 886 Ὀ
1151 829 1250 908 γὰρ
1332 827 1574 907 πληρῶν,
1637 827 1741 908 οὐχ
1796 831 1824 885 6
1879 826 1965 894 ἐξ·

309 919 635 995 ηγούμενος,
696 920 937 996 νομίμως
983 921 1123 994 αὒτῷ
1171 923 1396 999 χρῆται,
1461 940 1489 973 α
1524 915 1687 980 Εἰδὼς
1718 928 1896 982 τοῦτο.
1935 941 1962 972 ι

319 1009 416 1063 Καὶ
477 1007 704 1080 ἐκεῖνος,
751 1008 924 1088 φησὶρ
953 1009 1190 1083 νομίμως
1236 1009 1377 1082 αὐτῷ
1434 1005 1699 1087 κέχρηται
1755 1010 1783 1063 6
1820 1005 1967 1070 εἰδὼς

318 1094 400 1150 ὅτι
433 1097 494 1152 οὗ
525 1098 714 1176 χρῄζει
763 1099 919 1154 αὐτοῦ
968 1099 1098 1176 πρὸς
1140 1098 1201 1152 τὸ
1249 1098 1413 1174 ὀρθῶς
1461 1097 1629 1172 βιοῦν.
1663 1094 1750 1160 Τίς
1781 1093 1834 1151 δὲ
1879 1097 1965 1152 οῦ-

324 1204 444 1263 τοςς
480 1176 534 1241 Ὀ
579 1183 644 1241 δι’
692 1185 881 1264 ἀρετὴν
934 1186 1096 1264 ὀρθῶς
1139 1186 1293 1261 βιῶν,
1339 1186 1426 1240 καὶ
1475 1184 1532 1240 οὒ
1580 1181 1663 1238 διὰ
1693 1185 1784 1240 τὸν
1807 1181 1967 1266 φόϐον

327 1281 418 1328 τοῦ
448 1275 628 1349 νόμου.
685 1295 708 1330 ιι
759 1273 1005 1350 Ἀνόμοις
1053 1272 1108 1329 δὲ
1167 1274 1245 1328 -ιαὶ
1287 1272 1686 1336 ἀνυποτάκτοις.
1725 1296 1753 1328 ιι
1807 1282 1976 1332 Τοῦτο

326 1365 410 1419 καὶ
441 1363 680 1444 ἀλλαχου
711 1386 872 1444 φησιν
908 1385 919 1397 ·
963 1387 985 1418 α
1021 1355 1077 1421 Ὀ
1109 1363 1269 1437 νόμος
1299 1363 1402 1419 τῶν
1431 1361 1781 1443 παραϐάσεων
1812 1363 1978 1442 χάριν

324 1452 639 1529 προσετέθη,
671 1476 695 1510 ι
737 1444 889 1510 Ὥστε
923 1459 1000 1527 τῷ
1039 1450 1225 1524 δικαίῳ
1270 1452 1358 1507 καὶ
1403 1453 1481 1527 μὴ
1511 1449 1803 1530 παραϐάντι
1862 1453 1977 1508 οὔτε

323 1540 473 1596 ἔσται
517 1542 703 1617 νόμος,
764 1539 883 1596 ἀλλ’
928 1540 1145 1602 ἐκείνοις
1201 1551 1319 1601 τοῖς
1373 1539 1451 1615 μὴ
1507 1539 1596 1618 ἀφ’
1651 1541 1850 1596 ἑαυτῶν
1880 1540 1979 1606 τὴν

324 1630 520 1708 ἀρετ-ὴν
578 1637 868 1710 μετιοῦσιν,
924 1628 1060 1685 ἀλλὰ
1115 1625 1385 1704 δεομένοις
1446 1633 1547 1694 τῆς
1603 1625 1828 1694 ἀπειλῆς
1886 1634 1978 1684 τοῦ

324 1720 514 1794 νόμου.
576 1721 674 1776 Καὶ
731 1718 919 1776 λοιπὸν
994 1718 1175 1780 αὐτοὺς
1263 1715 1568 1795 καταλέγει,
1623 1724 1788 1774 ταῦτα
1828 1714 1976 1795 ἔχειν

319 1809 445 1870 τοὺς
506 1805 781 1870 Ἰουδαίους
831 1808 1211 1882 αἰνιττόμενος.
1265 1829 1288 1860 ιι
1344 1803 1581 1862 Ἀσεϐέσι
1640 1807 1729 1862 καὶ
1797 1807 1974 1884 ἁμαρ-

320 1896 553 1959 τωλοῖς.
596 1921 623 1952 ν
655 1899 715 1954 Οἱ
760 1897 859 1976 γὰρ
902 1901 1143 1976 συνεχῶς
1188 1893 1422 1957 εἰδώλοις
1468 1902 1901 1974 προσκυνοῦντες,
1930 1897 1977 1950 0i

323 1987 391 2043 τὰ
420 1985 581 2042 τέκνα
636 1998 755 2048 τοῖς
798 1983 1008 2068 δαίμοσι
1053 1985 1289 2064 θύοντες,
1336 1987 1383 2040 οἱ
1436 1986 1527 2040 τὸν
1588 1983 1783 2040 Μωσέα
1839 1983 1983 2040 λιθα-

323 2085 530 2148 ζοντες.
592 2077 681 2132 καὶ
736 2077 915 2154 φόνοις
974 2073 1243 2154 ἐμφυλίοις
1297 2072 1647 2150 μολυνόμενοι
1708 2071 1976 2147 Ἰουδαῖοι,

323 2166 495 2222 ταῦτα
544 2166 718 2224 πάντα
769 2165 862 2221 οὒκ
915 2165 976 2219 ἃν
1033 2163 1184 2242 ε’ίενς
1251 2185 1278 2217 α
1314 2164 1412 2221 Καὶ
1465 2163 1517 2219 εἴ
1574 2186 1623 2219 τι
1680 2162 1859 2242 ἕτερον
1913 2167 1982 2238 τῇ

323 2255 637 2332 ὑγιαινούσῃ
735 2251 1040 2325 διδασκαλίᾳ
1121 2252 1430 2312 ἀντίκειται.
1498 2276 1525 2307 »
1614 2261 1788 2311 Ταῦτα
1883 2251 1982 2330 γὰρ

324 2347 502 2401 πάντα
531 2344 676 2410 παθη
708 2348 891 2422 ψυχῆς
923 2342 1034 2400 ἐστι
1069 2340 1474 2420 διεφθαρμένης.
1539 2332 1602 2398 Ἠ
1655 2339 1709 2397 δὲ
1762 2363 1980 2407 τοιαυτη

325 2434 486 2513 ψυχὴ
519 2440 589 2509 τῇ
635 2434 777 2509 ῦγιεϊ
831 2433 920 2488 καὶ
975 2429 1152 2492 καλῶς
1211 2429 1410 2510 ἐχούσῃ
1467 2428 1773 2503 διδασκαλίᾳ
1827 2429 1981 2486 ἀντι-

326 2525 571 2602 πράττει.
643 2543 669 2574 α
709 2522 853 2578 Κατὰ
896 2521 957 2576 τὸ
1012 2517 1330 2598 Εὖαγγέλιον
1384 2524 1484 2586 τῆς
1547 2516 1726 2587 δόξης.
1762 2542 1791 2575 ι
1851 2519 1984 2590 Ποίᾳ

328 2613 641 2690 ὑγιαινούσῃ
672 2613 836 2690 φησί,
897 2615 979 2685 Τῇ
1040 2609 1171 2684 οῦσῇ
1227 2608 1363 2664 κατὰ
1397 2610 1459 2664 τὸ
1517 2607 1839 2687 Εὐαγγέλιω
1894 2613 1986 2664 τοῦ

329 2709 485 2763 Θεοῦ.
522 2698 845 2777 Εὖαγγέλιον
897 2697 952 2753 δὲ
1003 2695 1156 2764 δόξης
1201 2699 1328 2756 αὐτὸ
1367 2697 1550 2772 καλεῖ,
1605 2695 1684 2753 ὅτι
1734 2695 1798 2753 δι’
1831 2695 1987 2752 αὐτοῦ

331 2788 568 2865 μάλιστα
643 2784 911 2858 δοξάζεται
995 2787 1023 2841 ὁ
1100 2786 1349 2865 Χριστὸς,
1435 2786 1654 2861 σταυρὸν
1712 2783 1983 2860 ἐλόμενος.

337 2863 364 2932 ί
428 2863 483 2934 "0
559 2875 876 2941 ἐπιστεύθην
937 2873 1067 2952 ἐγώ.
1117 2863 1157 2928 nr
1208 2863 1360 2936 Εἰκὸς
1419 2875 1520 2953 γὰρ
1556 2873 1621 2941 ἦν
1665 2872 1814 2953 ἔχειν
1866 2873 1988 2936 τοὺς

334 2963 791 3041 ψευδαποστόλους
819 2961 1167 3038 πεπλασμένα
1199 2961 1520 3040 Εὖαγγέλια.

980 3234 1349 3304 KE¢AA.BZ

338 3367 368 3399 ι
417 3344 546 3422 Περὶ
600 3345 714 3422 τῆς.
761 3340 951 3422 ἑαυτοῦ
1015 3337 1272 3422 ἐκλογῆς
1302 3339 1376 3400 εἰς
1461 3335 1871 3416 εὖαγγελιστὴν,
1937 3335 1997 3392 ἐκ

693 3419 942 3500 διώκτου,
1008 3419 1145 3475 κατὰ
1198 3419 1357 3498 χάρ·ν
1423 3425 1578 3479 Θεοῦ.
1619 3440 1642 3475 ι)

426 3542 455 3574 ι
510 3518 614 3575 Καὶ
671 3515 832 3595 χάριν
888 3511 1004 3592 ’έχω
1063 3519 1139 3588 τῷ
1197 3510 1616 3587 ἐνδυναμώσαντί
1672 3533 1738 3589 με
1791 3517 2000 3592 Χριστῷ

339 3607 526 3674 Ἰησοῦ
594 3611 674 3679 τῷ
731 3603 903 3682 Κυρίῳ
957 3604 1133 3677 ἡμῶν,
1187 3599 1268 3658 ὅτι
1359 3601 1547 3657 πιστόν
1594 3621 1660 3676 με
1733 3603 1998 3680 ἡγήσατο,

338 3698 563 3773 θέμενος
615 3696 688 3758 εἰς
767 3691 1054 3748 διακονιίαν
1131 3692 1224 3747 τὸν
1297 3690 1550 3769 πρότερον
1626 3689 1754 3748 ὅντα
1843 3689 2006 3767 βλάσ-

339 3809 550 3868 ιρημον,
583 3784 674 3839 καὶ
701 3779 934 3848 διώκτην
975 3781 1064 3837 καὶ
1094 3777 1341 3860 ὑϐριστήν
1379 3797 1394 3810 '
1443 3777 1578 3835 ἀλλᾶ
1607 3781 1697 3836 καὶ
1741 3778 2000 3853 ἠλεήθην,

335 3867 420 3932 ὅτι
497 3874 710 3951 ἀγνοῶν
803 3869 1030 3936 ἐποίησα
1109 3867 1162 3926 ἐν
1241 3869 1475 3941 ἀπιστίᾳ.
1572 3867 2001 3948 ι’περεπλεόνασε

339 3964 397 4022 δὲ
427 3966 466 4031 ἦ
505 3963 664 4042 χάρις
708 3967 800 4016 τοῦ
843 3958 1031 4039 Κυρίου
1057 3959 1212 4034 ἡμῶν
1242 3959 1378 4034 μετὰ
1403 3960 1628 4022 πίστεως
1658 3959 1747 4015 καὶ
1789 3957 2001 4037 ἀγάπης

338 4055 396 4111 ὲν
429 4058 652 4131 Χριστῷ
682 4049 882 4116 Ἰησοῦ.
923 4072 952 4104 ι

423 4226 657 4296 Ἐπειδὴ
687 4227 842 4284 εἶπεν
869 4243 883 4259 ⁸
927 4247 950 4282 ιι
983 4211 1046 4284 “Ο
1076 4226 1383 4294 ἐπιστεύθην
1416 4227 1547 4307 ἐγὼ,
1592 4249 1615 4283 ι
1647 4225 1739 4282 ’ἕνα
1776 4226 1854 4302 μὴ
1884 4223 2007 4291 δόξη

352 4321 677 4398 κομπάζειν,
719 4317 804 4373 ἐπὶ
833 4318 925 4372 τὸν
981 4317 1110 4372 Θεὸν
1139 4317 1199 4372 τὸ
1257 4323 1362 4373 πᾶν
1419 4316 1623 4396 ἀνάγει,
1684 4317 1772 4372 καί
1815 4337 1944 4395 φησι
1990 4330 2002 4343 ⁸

1308 343 1704 410 COMMENT.
1753 344 1836 408 IN
1880 339 2124 402 EPIST.
2171 340 2196 399 Ι
2244 339 2342 401 ΑΙ)
2381 337 2704 404 ΤΙΜΟΤΗ.

385 493 409 525 ι
482 482 579 528 Οτι
612 472 775 537 καλὸς
827 476 856 529 6
887 475 1070 548 νόμος,
1106 498 1131 528 ι)
1189 464 1280 537 Ὠς
1311 472 1363 528 εἴ
1392 495 1453 551 γε
1499 484 1577 548 μὴ
1629 472 1664 539 ἦ
1693 478 1870 548 τοῦτο,
1904 474 2023 530 οὒΑ

3583 350 3694 414 142

2137 500 2157 530 ι
2193 471 2361 546 Quod
2393 471 2551 534 bona
2579 473 2656 536 sit
2687 473 2804 538 lex.
2834 495 2855 526 ι
2891 472 3060 547 Quod
3077 475 3128 538 si
3152 477 3266 540 hoc
3287 497 3406 542 non
3439 481 3696 560 ﬁat,non

2049 570 2140 654 est
2169 561 2342 654 bona.
2369 560 2514 654 Quis
2528 572 2725 624 autem
2759 562 3188 654 legitimeiipsa
3222 568 3448 632 utitur?
3468 570 3578 645 Qui
3593 590 3698 654 per

2049 652 2238 733 ipsam
2263 651 2336 712 ad
2355 652 2533 714 ﬁdem
2560 652 2998 718 transmittitur.
3016 653 3160 718 Cum
3193 657 3352 722 enim
3368 651 3698 740 justiﬁcare

2051 760 2173 832 non
2200 740 2403 832 possit,
2427 741 2501 832 ad
2529 743 2841 832 Christum,
2857 745 3206 808 transmittit
3225 749 3326 829 qui
3350 759 3544 830 potest
3557 752 3694 832 jus-

2050 831 2300 892 tiﬁcare.
2335 828 2644 912 Siquidem
2675 833 2726 893 is
2750 831 2851 913 qui
2876 835 3139 914 complet
3173 828 3368 900 etnon
3403 840 3501 920 qui
3520 828 3699 902 inter-

2049 927 2336 1002 pretatur,
2370 920 2633 998 legitime
2665 939 2736 983 ea
2758 922 2963 987 utitur.
2997 945 3019 974 ι
3047 922 3258 987 Sciens
3279 926 3480 991 illud.»
3509 929 3698 992 Etiam

2049 1009 2123 1083 is,
2150 1008 2364 1090 inquit,
2400 1008 2662 1100 legitime
2691 1029 2761 1073 ea
2790 1011 2997 1087 utitur,
3021 1013 3122 1094 qui
3162 1015 3276 1079 scit
3307 1034 3376 1079 ea
3406 1017 3519 1080 sibi
3551 1037 3701 1100 opus

2051 1117 2169 1159 non
2203 1117 2334 1160 esse
2364 1099 2436 1159 ad
2473 1109 2638 1161 recte
2667 1101 3004 1165 vivendum.
3031 1101 3174 1174 Quis
3203 1112 3298 1167 est
3325 1112 3523 1168 autem
3554 1105 3703 1170 ille?

2057 1186 2108 1248 is
2127 1186 2236 1277 qui
2267 1186 2495 1277 virtutis
2522 1189 2714 1266 gratia
2731 1197 2893 1252 recte
2924 1190 3061 1252 vivit
3077 1199 3136 1254 et
3166 1211 3283 1255 non
3299 1194 3511 1259 timore
3529 1197 3698 1277 legis.

2069 1300 2090 1330 ι
2123 1274 2361 1353 Iujustis
2391 1284 2588 1340 etnon
2627 1277 3114 1360 obsequentibus.
3142 1303 3161 1332 -
3185 1281 3310 1346 Hoc
3351 1285 3527 1347 etiam
3565 1274 3706 1348 alibi

2061 1363 2202 1425 dicit
2227 1364 2384 1445 quod
2405 1365 2498 1426 lex
2520 1373 2760 1447 propter
2782 1369 3281 1448 transgressiones
3311 1373 3514 1436 addita
3537 1375 3702 1440 fuit7.

2058 1455 2222 1545 Justo
2253 1453 2450 1545 itaque
2473 1462 2538 1545 et
2595 1455 2650 1516 ei
2684 1455 2785 1545 qui
2835 1477 2953 1520 non
2991 1460 3435 1545 praevaricatur,
3481 1483 3558 1526 ne
3585 1465 3710 1528 ulla

2061 1540 2297 1622 quidem
2331 1542 2444 1604 erit
2471 1543 2588 1624 lex,
2623 1544 2727 1606 sed
2760 1545 2878 1607 illis
2908 1548 3012 1628 qui
3064 1567 3134 1610 ex
3181 1550 3395 1633 seipsis
3420 1540 3707 1618 vvirtutem

2060 1648 2176 1690 non
2232 1640 2580 1712 sequuntur,
2617 1634 2722 1696 sed
2770 1645 2945 1716 egent
3003 1637 3150 1717 legis
3208 1641 3710 1707 commitatione:

2061 1728 2118 1808 et
2144 1719 2428 1801 deinceps
2458 1731 2734 1784 recenset
2762 1724 2896 1786 illos
2925 1725 3025 1806 qui
3056 1727 3352 1806 ejusmodi
3407 1739 3565 1808 sunt,
3601 1733 3711 1796 Ju-

2057 1807 2216 1902 daeos
2245 1809 2336 1871 his
2357 1809 2643 1902 obnoxios
2665 1829 2797 1902 esse
2815 1813 3091 1878 innuens.
3121 1837 3146 1870 ‹
3180 1818 3384 1899 Impiis
3414 1828 3474 1882 et
3503 1807 3710 1902 pecca-

2060 1898 2308 1961 toribus.
2349 1922 2371 1955 ι
2401 1899 2592 1962 Judaei
2623 1901 2783 1964 enim
2835 1903 2937 1984 qui
2984 1898 3282 1968 continue
3311 1907 3475 1971 idola
3503 1898 3715 1973 adora-

2062 1987 2222 2082 bant,
2285 1988 2385 2082 qui
2431 1989 2594 2082 ﬁlios
2669 1990 3052 2082 daemonibus
3127 1995 3562 2074 sacriﬁcabant,
3613 1999 3716 2082 qui

2064 2081 2270 2140 Mosen
2322 2077 2594 2159 lapidare
2629 2079 2926 2157 volebant,
2974 2082 3075 2163 qui
3121 2084 3387 2147 caedibus
3417 2077 3717 2150 intestinis

2065 2185 2197 2230 sese
2226 2167 2639 2249 inquinabant,
2680 2187 2835 2234 anne
2881 2171 3007 2233 haec
3055 2173 3255 2237 omnia
3299 2175 3361 2236 in
3413 2195 3476 2239 se
3528 2177 3716 2240 habe-

2066 2255 2246 2319 bant?
2280 2285 2301 2313 ι
2338 2257 2479 2320 Etsi
2506 2258 2650 2339 quid
2675 2258 2834 2320 aliud
2874 2268 2965 2322 est
3010 2262 3166 2341 quod
3225 2281 3384 2327 sanas
3431 2265 3718 2332 doctrinae

2063 2346 2465 2409 adversatur.»
2488 2348 2637 2408 Nam
2655 2347 2746 2410 hae
2761 2365 2974 2411 omnes
2991 2358 3287 2432 corruptae
3303 2362 3441 2417 sunt
3455 2355 3713 2418 affectio-

2065 2455 2173 2498 nes
2196 2436 2411 2499 animas
2436 2454 2450 2512 ;
2477 2437 2610 2499 talis
2666 2445 2864 2500 autem
2887 2439 3086 2502 anima
3123 2460 3284 2505 sanae
3315 2452 3375 2506 et
3403 2444 3558 2510 bene
3590 2445 3714 2509 dis-

2068 2525 2271 2606 positae
2317 2525 2606 2588 doctrina;
2653 2527 2934 2607 operibus
2976 2541 3286 2610 repugnat.
3315 2555 3341 2590 α
3377 2532 3720 2598 Secundum

2066 2613 2448 2692 Evangelium
2466 2617 2606 2676 215
2623 2617 2849 2696 gloriae.
2884 2639 2906 2669 ι
2945 2617 3086 2691 Quae
3139 2628 3230 2682 est
3267 2630 3464 2685 autem
3494 2625 3720 2687 doctri-

2070 2723 2146 2766 na
2169 2705 2358 2766 sana‘!
2387 2723 2457 2767 ea
2487 2724 2618 2786 quae
2658 2706 2986 2768 secundum
3039 2707 3417 2789 Evangelium
3466 2713 3574 2776 Dei
3608 2721 3719 2777 est.

2070 2793 2258 2858 Vocat
2286 2802 2486 2858 autem
2540 2795 2688 2858 illud
2733 2795 3116 2877 Evangelium
3168 2801 3394 2879 gloriae,
3443 2802 3585 2884 quia
3616 2821 3725 2884 per

2074 2884 2271 2964 ipsum
2303 2885 2555 2946 maxime
2585 2885 2951 2964 gloriﬁcatur
2995 2886 3284 2962 Christus,
3338 2891 3438 2971 qui
3481 2909 3724 2955 crucem

2076 2973 2274 3052 elegit.
2309 3002 2333 3034 ι(
2363 2971 2532 3045 Quod
2558 2973 2964 3036 concreditum
2997 2983 3084 3037 est
3115 2976 3284 3041 mihi.
3328 3003 3348 3035 ι
3385 2977 3728 3043 Verisimile

2011 3062 2238 3149 Cenim
2281 3069 2370 3124 est
2412 3062 2569 3143 quod
2631 3064 3072 3143 pseudopostoli
3130 3065 3420 3131 haberent
3475 3068 3730 3131 conﬁcta

2074 3150 2412 3230 Evangelia.

2723 3244 2970 3311 CAPUT
3010 3247 3084 3310 Il.

2077 3339 2156 3396 De
2181 3339 2272 3396 sui
2298 3339 2360 3396 in
2386 3339 2772 3412 evangelistam
2821 3343 3091 3410 electione,
3144 3358 3271 3401 cum
3293 3349 3614 3417 persecutor
3646 3360 3730 3404 es-

2483 3424 2583 3489 set,
2611 3421 2908 3478 secundum
2934 3423 3176 3493 gratiam
3203 3423 3319 3481 Dei.

2165 3507 2213 3578 Ι,
2239 3503 2442 3567 12-14.
2459 3504 2539 3566 Et
2555 3507 2818 3584 gratiam
2831 3507 3022 3571 habeo
3049 3508 3288 3573 Christo
3307 3507 3450 3572 Jesu
3467 3509 3732 3573 Domino

2081 3608 2312 3674 nostra,
2334 3595 2443 3674 qui
2464 3602 2858 3674 mepotentem
2880 3598 3178 3670 reddidit,
3200 3599 3343 3677 quia
3367 3597 3607 3680 ﬁdelem
3637 3617 3735 3662 me

2071 3683 2380 3764 judicavit
2392 3683 2672 3763 ponendo
2693 3688 3184 3750 inministerium
3209 3708 3222 3746 :
3242 3689 3349 3768 qui
3363 3689 3543 3769 prius
3562 3704 3736 3750 eram

2086 3771 2462 3852 blasphemus
2487 3779 2543 3835 et
2555 3782 2909 3852 persecutor
2930 3784 2990 3837 et
3005 3776 3312 3838 violentus
3338 3797 3351 3835 :
3372 3776 3476 3839 sed
3491 3779 3732 3838 miseri-

2085 3861 2358 3923 cordiam
2388 3860 2638 3941 adeptus
2664 3879 2821 3937 sum,
2855 3863 3004 3940 qvod
3036 3865 3330 3944 ignorans
3349 3865 3602 3943 fecerim
3625 3882 3741 3944 per

2089 3951 2591 4013 incredulitatem.
2627 3950 3004 4014 Enr-uberavit
3022 3960 3224 4014 autem
3261 3955 3464 4032 gratia
3484 3952 3738 4016 Domini

2091 4044 2290 4104 nostri
2316 4058 2451 4103 cum
2473 4041 2596 4121 ﬁde
2625 4048 2681 4104 et
2710 4039 3053 4114 dilectione,
3086 4060 3224 4123 qua:
3248 4049 3335 4105 est
3378 4059 3488 4122 per
3525 4043 3736 4105 Chris-

2095 4137 2224 4193 tum
2250 4131 2477 4193 Jesum.
3548 4175 3554 4179 .

2172 4219 2462 4294 Quoniam
2488 4219 2734 4282 dixerat:
2762 4243 2783 4273 ι
2799 4218 2966 4292 Quod
2979 4219 3384 4282 concreditum
3402 4228 3492 4282 est
3507 4219 3652 4282 mihi
3673 4237 3686 4282 :
3711 4248 3734 4279 ι

2092 4327 2170 4372 ne
2199 4328 2262 4370 se
2283 4311 2512 4390 jactare
2541 4308 2863 4386 videretur,
2893 4326 3024 4369 rem
3053 4327 3292 4370 omnem
3329 4307 3401 4370 ad
3432 4311 3628 4372 Deum
3650 4327 3743 4371 re-

545 4376 569 4390 ,
661 4376 676 4392 ,
1531 4376 1542 4396 ⁸
1608 4376 1623 4396 ,
1829 4376 1840 4395 ⁸
1877 4376 1889 4382 _

361 4414 521 4492 Χάριν
587 4406 707 4486 ἔχω
760 4413 836 4481 τῷ
894 4407 1087 4472 ταύτην
1141 4428 1230 4483 μοι
1285 4406 1384 4474 τὴν
1468 4404 1683 4482 δύναμιν
1735 4403 1991 4462 δεδωκότι

2073 4394 2230 4481 ‘fert,
2348 4399 2469 4460 ait:
2504 4397 2763 4492 Gratiam
2787 4376 2858 4460 ei,
2871 4396 3061 4492 habeo
3087 4396 3188 4477 qui
3406 4398 3746 4492 huncdedit

358 4504 428 4566 εἰς
485 4501 547 4555 τὸ
619 4495 760 4559 ὅλως
817 4499 1158 4562 πιστευθῆναι
1228 4498 1292 4554 τὸ
1351 4494 1693 4575 Εὐαγγέλιον.
1746 4519 1770 4550 α
1808 4500 1894 4570 Τῷ
1957 4493 2011 4548 ἐν

359 4587 724 4659 διδ-θαμώσαντί
806 4607 896 4661 με.
939 4607 962 4642 δ
1025 4587 1242 4665 Φορτίον
1313 4587 1412 4665 γὰρ
1482 4583 1800 4651 ὑπεισῆλθον
1847 4583 2008 4662 μέγα,

355 4681 510 4759 vei,
569 4677 660 4732 καὶ
721 4673 931 4741 πολλῆς
975 4671 1221 4751 δεόμενον
1275 4680 1376 4743 τῆς
1427 4674 1569 4752 παρὰ
1613 4680 1744 4731 Θεοῦ
1800 4673 2009 4752 ἰσχύος.

362 4753 393 4828 ξ
431 4753 545 4825 ⁶δτι
575 4765 765 4822 πιστόν
796 4785 862 4840 με
892 4765 1157 4842 ἡγήσατο.
1193 4788 1220 4819 n
1284 4765 1424 4822 Εἶτα
1496 4762 1751 4819 δείκνυσιν
1807 4760 1886 4818 ὅτι
1935 4759 2017 4818 δεῖ

355 4861 446 4914 καὶ
499 4852 624 4933 παρ’
681 4856 839 4930 ἡμῶν
909 4854 1270 4934 εἰσενεχθῆναί
1320 4875 1460 4914 τινα,
1519 4856 1592 4911 Οὒ
1645 4851 1744 4930 γὰρ
1796 4850 2017 4928 ἀκρίτως

360 4948 492 5008 Θεὸς
526 4942 828 5021 ξπιλὲγεταί
869 4964 1042 5021 τινας,
1125 4948 1170 5000 Η
1200 4943 1301 5020 γὰρ
1331 4940 1392 4998 ἄν
1433 4941 1499 5009 ἦν
1544 4939 1727 4996 ἆδοκία
1782 4941 1843 4996 τὸ
1873 4945 2016 5018 πρᾶ-

358 5057 499 5115 γμα,
537 5034 637 5091 Καί
680 5020 841 5113 φησιν
887 5049 904 5066 ⁹
943 5050 973 5089 α
1008 5020 1118 5089 "Ott
1149 5032 1336 5088 πιστόν
1381 5051 1446 5107 με
1473 5031 1741 5108 ἡγήσατο,
1779 5053 1805 5083 ι
1841 5031 1942 5087 Τὸν
1965 5026 2018 5083 δὲ

359 5128 440 5202 μὴ
494 5125 622 5180 ὄντα
679 5121 908 5186 πίστεως
955 5122 1124 5201 ἄξιον,
1183 5126 1298 5184 πῶς
1355 5121 1417 5176 ἃν
1472 5121 1658 5176 πιστὸν
1702 5120 1945 5198 ἡγήσατο
1991 5120 2019 5174 6

359 5216 540 5294 Θεός;
590 5213 779 5275 Πιστὸς
838 5209 918 5286 δὲ,
965 5214 994 5268 6
1037 5209 1201 5286 μηδὲν
1248 5214 1350 5268 τῶν
1409 5218 1501 5267 τοῦ
1558 5215 1688 5265 Θεοῦ
1772 5230 2016 5289 σφετερι-

357 5307 609 5384 ζόμενος,
683 5300 822 5359 ἀλλὰ
876 5303 965 5358 καὶ
1028 5302 1094 5357 τὰ
1166 5301 1349 5360 ἑαυτοῦ
1433 5307 1510 5374 τῷ
1562 5306 1677 5373 Θεῷ
1735 5298 2016 5362 ἀνατιθεὶς.

369 5419 398 5452 ι
434 5398 521 5457 Εἰς
576 5391 866 5449 διακονίαν.
908 5415 936 5446 ι
997 5389 1266 5463 Τουτὲστι,
1325 5399 1418 5449 τοῦ
1455 5387 1830 5467 .Εὒαγγελίου.
1896 5390 2020 5448 Διὰ-

369 5507 519 5540 κονον
547 5481 602 5539 δὲ
669 5480 816 5560 λέγει
870 5479 955 5538 διὰ
1011 5481 1074 5535 τὸ
1129 5479 1430 5556 κηρύσσειν.
1479 5475 1770 5542 Ἀπόδειξις
1846 5475 1898 5533 δὲ
1928 5484 2020 5534 τοῦ

448 5699 476 5750 7
505 5697 697 5763 Galat.
730 5717 816 5773 ut.
866 5701 960 5766 19.

2097 4488 2442 4571 potentiam,
2466 4487 2783 4548 utomnino
2806 4487 3154 4550 crederetur
3171 4486 3316 4547 mihi
3332 4485 3738 4564 Evangelium.

2103 4606 2126 4637 α
2153 4576 2266 4650 Qui
2298 4596 2393 4639 me
2416 4585 2718 4658 potentem
2744 4576 3025 4637 reddidit.
3061 4596 3083 4627 ι
3110 4575 3380 4655 Magnum
3408 4576 3565 4637 enim
3595 4593 3746 4636 onus

2097 4667 2312 4742 subivi,
2345 4666 2558 4747 inquit,
2589 4666 2820 4746 etquod
2845 4683 3057 4744 magna
3077 4664 3353 4744 indigeta
3373 4663 3496 4726 Deo
3531 4672 3746 4744 poten-

2099 4757 2202 4821 tia.
2232 4785 2252 4814 ι
2275 4755 2423 4829 Quia
2442 4755 2679 4817 fidelem
2717 4774 2811 4815 me
2824 4753 3140 4834 judicabit.
3172 4778 3196 4811 ι
3229 4752 3460 4816 Deinde
3487 4751 3752 4814 ostendit

2099 4847 2256 4928 quod
2287 4852 2559 4926 oporteat
2585 4843 2761 4905 etiam
2795 4842 3064 4924 quaedam
3087 4862 3122 4904 a
3143 4842 3314 4904 nobis
3334 4842 3547 4904 afferre
3581 4862 3594 4902 :
3630 4860 3750 4902 non

2100 4936 2258 4998 enim
2291 4937 2448 4997 Deus
2471 4933 2602 4994 sine
2618 4932 2852 5012 judicio
2882 4931 3112 5012 aliquos
3143 4930 3362 5008 elegit:
3412 4931 3634 5012 alioqui
3655 4948 3754 4992 res

2102 5024 2636 5106 probatajustaque
2650 5041 2766 5083 non
2791 5030 3034 5098 esset,et
3053 5021 3163 5082 ait:
3194 5046 3213 5074 ι
3231 5021 3380 5092 Quia
3395 5021 3632 5082 ﬁdelem
3655 5038 3753 5082 me

2095 5115 2406 5196 judicavit.
2421 5139 2441 5170 ι
2460 5118 2531 5174 At
2549 5111 2849 5192 quomodo
2866 5110 3103 5170 ﬁdelem
3108 5109 3602 5189 judicassetDeus
3615 5127 3749 5170 eum

2101 5204 2201 5285 qui
2221 5204 2337 5265 ﬁde
2352 5203 2565 5280 dignus
2579 5221 2692 5262 non
2709 5203 2912 5262 esset?
2933 5198 3228 5262 Fidelium
3254 5199 3586 5280 sane,quod
3605 5198 3753 5260 nihil

2102 5313 2308 5357 eorum
2332 5311 2462 5373 quae
2480 5292 2582 5354 Dei
2611 5301 2746 5352 sunt
2764 5289 2878 5352 sibi
2904 5289 3250 5364 vindicaret,
3285 5290 3389 5352 sed
3406 5299 3462 5352 et
3481 5309 3613 5371 quae
3647 5307 3757 5351 sua

2102 5393 2239 5445 sunt
2267 5383 2388 5444 Deo
2418 5380 2789 5444 attribueret.
2861 5399 2882 5424 ε
2943 5380 3008 5442 ln
3067 5378 3547 5455 ministerium,»
3615 5385 3758 5459 puta

2103 5471 2425 5552 Evangelii.
2450 5471 2602 5533 Dicit
2624 5477 2820 5532 autem
2848 5487 2912 5530 se
2937 5467 3271 5530 ministrum
3293 5477 3536 5550 propter
3549 5466 3760 5549 praedi-
