4188 6430
515 407 624 473 147

1646 412 2053 476 (ECUMENII
2098 413 2393 476 TRICCE
2436 415 2770 479 EPISCOPI

3783 403 3897 473 148

514 560 782 622 pugnans
797 544 1077 606 omnibus
1092 543 1288 606 modis
1305 544 1589 606 adversus
1604 544 1944 625 spirituales
1959 541 2164 605 inimi-

2253 556 2366 606 τοῖς
2396 547 2614 624 ὲχθροῖς
2645 545 2916 620 πολεμῶν.
2975 572 3001 602 α
3056 546 3142 603 Ἐν
3188 549 3397 608 αὐταῖς.
3437 566 3461 600 ι
3515 554 3645 605 Ταῖς
3677 563 3893 620 προφη-

514 650 638 693 cos.
677 655 698 687 α
736 631 800 694 In
834 631 944 694 eis.
988 659 1013 689 n
1075 633 1413 715 Prophetiis
1442 633 1715 695 videlicet
1748 656 1762 692 :
1798 653 1934 694 nam
1964 632 2081 693 illa:
2111 638 2168 692 te

515 720 842 799 elegerunt.
878 720 1133 803 Propter
1153 741 1299 804 quas
1327 740 1467 802 ergo
1493 730 1804 802 susceptus
1827 729 1883 784 et
1905 741 1937 783 a
1955 722 2169 803 quibus

516 807 743 871 electus
775 827 862 887 es,
900 809 962 871 in
994 810 1140 892 ipsis
1171 820 1228 873 et
1258 829 1364 892 per
1389 812 1553 892 ipsas
1583 811 1795 885 milita,
1830 811 1887 871 id
1923 817 2032 886 est,
2066 826 2170 890 per

513 897 708 979 ipsum
737 898 1024 978 Spiritum
1060 918 1166 981 per
1194 919 1372 981 quem
1397 899 1973 981 suntetprophetiaz.
2005 923 2030 954 α
2053 902 2168 961 Βο-

519 1008 654 1051 nam
690 989 987 1053 militiam.
1048 1017 1072 1046 »
1108 995 1210 1054 Est
1239 991 1398 1053 enim
1441 1000 1497 1053 et
1532 992 1684 1053 mala
1713 990 1923 1052 militia
1951 989 2025 1052 de
2054 1006 2169 1070 qua

521 1078 698 1140 dicit:
731 1101 754 1134 ι
785 1077 1150 1141 Exhibuistis
1174 1079 1442 1142 membra
1463 1087 1655 1142 vestra
1667 1078 2170 1141 armaimmuudi-

521 1167 616 1229 tiae
646 1175 703 1229 et
732 1167 1028 1249 iniquitati
1052 1167 1124 1232 η,
1159 1193 1182 1225 n
1209 1205 1288 1214 —
1320 1194 1341 1226 tt
1382 1167 1617 1230 Habens
1640 1168 1840 1231 ﬁdem.
1878 1196 1899 1227 ιι
1923 1167 2169 1248 Oportet

519 1257 678 1318 enim
699 1257 1042 1336 magistrum
1065 1259 1156 1320 sui
1177 1258 1431 1340 primum
1455 1277 1587 1321 esse
1603 1258 1929 1321 doctorem.
1957 1257 2163 1319 Fidem

517 1354 715 1408 autem
745 1346 889 1408 dicit
917 1365 1047 1427 quae
1077 1356 1164 1409 est
1193 1347 1351 1409 circa
1369 1347 1647 1429 dogmata
1683 1369 1694 1404 :
1739 1346 2162 1408 conscientiam

517 1453 658 1496 vero
689 1453 822 1516 quae
851 1435 1008 1497 circa
1024 1437 1529 1498 conversationem
1555 1445 1666 1499 est.
1705 1459 1727 1492 ι
1755 1435 1940 1508 Quam
1963 1434 2164 1515 repel-

518 1523 709 1587 lentes
723 1525 1020 1589 nonnulli.
1040 1550 1065 1581 »
1084 1526 1298 1600 Quam,
1322 1525 1534 1606 inquit,
1565 1525 2016 1600 conscientiam,
2033 1542 2165 1605 quae

518 1620 610 1676 est
638 1613 712 1676 de
740 1621 904 1676 reete
932 1614 1204 1677 vivendo.
1239 1613 1352 1677 Ubi
1375 1614 1534 1677 enim
1557 1614 1691 1696 quis
1720 1613 1907 1695 probe
1929 1613 2160 1688 vixerit,

517 1701 695 1764 etiam
729 1701 887 1765 circa
908 1703 1086 1766 ﬁdem
1110 1703 1476 1782 naufragium
1500 1703 1659 1766 facit.
1693 1706 1830 1764 217
1857 1703 2162 1785 Siquidem

2251 632 2438 712 τείαις,
2471 634 2628 712 φησίν
2675 651 2688 664 ⁸
2753 635 2952 692 ἐκεῖναι
2997 637 3096 713 γὰρ
3156 633 3366 690 ε’ῗλοντό
3424 653 3504 694 σε,
3583 630 3660 686 Δι’
3713 630 3774 694 ἃς
3805 631 3892 683 οὖν

2251 720 2467 800 ᾖρέθης,
2500 725 2587 779 καὶ
2633 724 2684 790 ἐξ
2726 727 2800 780 ὧν
2855 724 3137 802 ἐπελέγης,
3185 724 3238 780 ἐν
3294 723 3481 785 αὐταῖς
3539 722 3625 776 καὶ
3681 716 3747 774 δι’
3793 719 3892 773 αὖ·

2253 819 2358 867 τῶν
2383 814 2700 892 στρατεύων,
2735 812 2820 870 διὰ
2875 825 2968 874 τοῦ
3025 818 3180 874 αὐτοῦ
3227 813 3552 890 Πνεύματος,
3608 808 3674 902 δέ
3723 810 3783 864 οὗ
3811 807 3898 861 καὶ

2254 906 2304 958 αἱ
2356 919 2700 983 προφητεῖαι.
2781 929 2808 960 ¢
2843 907 2951 973 Τὴν
3007 904 3179 973 καλὴν
3239 905 3537 984 στρατείαν..
3577 925 3599 959 ι)
3647 900 3746 957 Ενι
3796 900 3896 975 γὰρ

2251 993 2338 1051 καὶ
2367 982 2507 1060 κακὴ
2563 995 2825 1073 στρατεία,
2888 997 3003 1074 περὶ
3054 997 3122 1061 ἧς
3178 982 3336 1073 φησιν
3375 1011 3388 1026 ⁸
3439 1012 3468 1052 ί
3503 982 3720 1068 υΩσπερ
3750 1009 3894 1064 παρ·-

2253 1085 2509 1152 εστήσατε
2566 1085 2631 1142 τὰ
2690 1083 2829 1159 μέλη
2888 1087 3033 1160 ὑμῶν
3077 1082 3218 1140 ὅπλα
3272 1089 3341 1159 τῇ
3398 1081 3625 1160 ἁμαρτίᾳ
3679 1079 3766 1134 καὶ
3830 1081 3900 1150 τῇ

2253 1172 2559 1252 ἀκαθαρσίᾳ,
2597 1197 2624 1228 ››
2661 1207 2735 1218 --
2780 1198 2806 1228 α
2841 1163 3042 1254 ’Ἐχίον
3100 1173 3297 1232 πίστιν.
3335 1193 3358 1229 ι
3423 1172 3523 1228 Τὸν
3579 1170 3680 1246 γὰρ
3748 1163 3898 1221 διδά-

2250 1261 2445 1318 σκαλον
2496 1264 2632 1342 χρὴ,
2696 1264 2881 1321 ἑαυτοῦ
2936 1263 3158 1341 πρῶτων
3227 1261 3368 1317 εἶναι
3425 1256 3760 1317 διδάσκαλον,
3797 1255 3898 1308 Πί-

2246 1373 2360 1409 οτιν
2403 1349 2456 1407 δέ
2502 1341 2640 1430 Σιρίησι
2697 1352 2793 1418 τὴν
2849 1353 2965 1430 περὶ
3008 1353 3072 1407 τὰ
3139 1349 3401 1429 δόγματα,
3461 1344 3750 1411 συνείδησιν
3814 1341 3894 1411 δὲ,

2246 1442 2344 1508 τὴν
2385 1443 2500 1520 περὶ
2544 1445 2644 1507 τῆς
2695 1440 2983 1505 πολιτείας,
3037 1465 3064 1494 ι
3115 1430 3227 1496 ’Ἦν
3270 1459 3408 1501 τινες
3456 1435 3821 1510 ἀπωσάμενοι.
3861 1456 3888 1483 τι

2251 1521 2364 1586 ΗΗν
2408 1551 2546 1608 τινα,
2576 1531 2726 1609 φησὶ,
2774 1527 3062 1596 συνείδησιν
3108 1529 3207 1596 τὴν
3267 1527 3388 1606 περὶ
3438 1527 3498 1582 τὸ
3555 1525 3718 1602 ὀρθῶς
3749 1523 3896 1597 βιοῦν

2249 1610 2424 1677 ’Ὀταν
2482 1620 2581 1697 γάρ
2634 1643 2713 1683 τις
2786 1617 3048 1694 ἀδοκίμως
3109 1623 3198 1694 ζῇ,
3257 1619 3345 1672 καὶ
3400 1616 3517 1693 περὶ
3571 1613 3668 1679 τὴν
3724 1611 3902 1667 πίστιν

2247 1724 2489 1788 ναυαγεῖ.
2529 1701 2651 1768 ιἸνα
2680 1710 2779 1788 γὰρ
2809 1709 2886 1783 μὴ
2939 1715 3015 1782 τῷ
3058 1705 3205 1788 φόϐῳ
3258 1712 3365 1762 τῶ)
3395 1703 3697 1781 μελλόντων
3725 1702 3897 1777 βασα-

516 1809 591 1852 ne
622 1799 852 1854 terrore
880 1792 1213 1854 futurorum
1244 1793 1604 1867 crucientur,
1639 1812 1747 1854 suo
1788 1792 1988 1854 animo
2021 1809 2159 1872 per-

2253 1801 2496 1878 νίζονται,
2583 1795 2925 1868 σπουδάζουσι
2999 1800 3192 1853 πεῖθειν
3286 1797 3383 1862 τὴν
3455 1796 3653 1850 ἑαυτῶν
3709 1790 3895 1869 ψυχὴν

513 1880 764 1943 suadere
795 1881 1061 1943 nituntur
1091 1881 1402 1944 mendacia
1443 1900 1576 1944 esse
1609 1900 1978 1964 quaecunque
2010 1879 2167 1961 apud

515 1987 622 2030 nos
644 1969 719 2031 de
748 1969 1187 2032 resurrectione
1209 1989 1276 2032 ac
1292 1970 1523 2051 judicio
1547 1971 1844 2034 dicuntur.
1873 1994 1898 2031 ι
1925 1968 2172 2034 Tradidi

513 2062 742 2124 Satanae
783 2067 849 2122 ut
893 2059 1146 2122 discant.
1181 2086 1208 2116 ιι
1271 2062 1417 2124 Cum
1469 2059 1711 2123 Satanas
1757 2061 2018 2141 seipsum
2051 2077 2170 2120 non

513 2149 788 2223 instruat,
821 2149 1118 2230 quomodo
1149 2149 1282 2210 aliis
1312 2150 1525 2212 bonam
1557 2151 1763 2212 atl‘eret
1788 2149 2174 2212 doctrinam?

513 2239 584 2302 Et
612 2238 867 2300 dicimus
887 2239 1046 2319 quod
1078 2239 1234 2300 sicut
1252 2239 1494 2300 lictores
1519 2239 1854 2301 innumeris
1880 2237 2040 2320 pleni
2059 2255 2174 2298 ma.

513 2327 588 2389 lis
639 2327 787 2390 alios
816 2329 1125 2406 castigant,
1162 2336 1220 2388 et
1249 2327 1553 2390 instruunt
1582 2337 1648 2390 ut
1681 2327 1949 2390 modeste
1981 2345 2044 2388 se
2076 2344 2173 2404 ge-

513 2423 669 2491 rant,
705 2415 873 2478 itaet
905 2415 1172 2478 Satanas.
1234 2416 1480 2489 Quando
1537 2417 1696 2480 enim
1756 2416 1889 2499 quis
1939 2419 2172 2479 Satanae

512 2505 786 2580 traditur,
821 2504 893 2566 ab
951 2507 1203 2566 aliorum
1267 2507 1807 2568 communicatione
1838 2516 2166 2587 separatur.

513 2592 813 2674 Deinceps
843 2612 982 2674 ergo
1014 2594 1245 2656 daemon
1277 2603 1587 2676 acceptum
1636 2596 1935 2656 hominem
1970 2594 2169 2655 divino

514 2683 798 2746 nudatum
847 2683 1066 2744 auxilio
1113 2683 1360 2763 castigat
1415 2696 1471 2745 et
1501 2685 1697 2746 erudit
1730 2707 1745 2746 z
1780 2693 1838 2746 et
1870 2686 1981 2746 hoc
2011 2683 2172 2744 cedit

511 2771 627 2854 ipsi
657 2773 729 2835 ad
762 2773 1140 2835 modestiam.
1176 2771 1368 2845 Quare
1400 2784 1596 2836 autem
1632 2774 1864 2836 Satanae
1889 2774 2064 2835 tradit
2091 2775 2164 2848 1⁵,

514 2868 574 2924 et
604 2880 721 2922 non
753 2862 880 2943 ipse
909 2861 1156 2940 castigat
1211 2870 1271 2924 et
1320 2862 1518 2925 erudit
1541 2869 1568 2926 ?
1598 2863 1674 2926 Ut
1705 2865 1980 2925 ostendat
2013 2863 2171 2944 quod

515 2951 692 3014 etiam
715 2950 1001 3032 possibile
1022 2951 1098 3012 sit
1119 2950 1348 3014 Satanae
1373 2952 1678 3031 imperare
1700 2975 1713 3011 :
1742 2960 1799 3014 et
1819 2961 1880 3013 ut
1895 2972 2010 3014 una
2031 2971 2163 3014 cum

511 3040 801 3121 supplicfo
832 3041 1025 3104 ferant
1055 3041 1231 3103 etiam
1263 3043 1716 3117 contumeliam,
1764 3061 1978 3124 nempe
2008 3042 2166 3123 quod

2253 1887 2332 1946 ὅτι
2361 1888 2527 1964 ψευδῆ
2583 1889 2755 1944 πάντα
2811 1888 2876 1942 τὰ
2931 1883 3055 1964 παρ’
3111 1885 3247 1961 ἤμῖν
3277 1886 3342 1941 τά
3370 1905 3425 1940 τε
3488 1885 3605 1961 περὶ
3673 1881 3898 1936 ἀναστά-

2254 2000 2388 2042 σεως
2455 1979 2545 2034 καὶ
2598 1977 2842 2056 κρίσεως.
2922 1999 2948 2029 α
3011 1972 3286 2054 Παράδοκα
3368 1981 3443 2046 τῷ
3502 1977 3734 2043 Σατανᾷ,
3808 1969 3902 2022 ’ἵνα

2254 2065 2591 2127 παιδευθῶσι,
2631 2089 2656 2119 n
2697 2057 2754 2122 Ὀ
2801 2065 2984 2120 ἑαυτὸν
3037 2064 3114 2138 μὴ
3184 2060 3442 2118 παιδεύων
3474 2066 3735 2132 Σατανᾶς,
3782 2063 3897 2120 πξ›ς

2255 2170 2368 2219 τοῖς
2401 2153 2580 2217 ἄλλοις
2639 2154 2836 2232 γίνεται
2886 2158 3130 2232 χρηστῆς
3186 2150 3422 2214 παιδείας
3463 2148 3752 2228 πρόξενοςς
3805 2149 3903 2204 Καί

2255 2265 2449 2325 φαμεν,
2511 2244 2689 2320 ὥσπερ
2760 2246 2806 2300 οἱ
2857 2240 3035 2316 δήμιοι
3117 2241 3311 2320 μυρίων
3371 2241 3623 2318 γέμοντες
3694 2243 3900 2308 κακῶν,

2253 2335 2374 2399 τοὺς
2402 2333 2590 2400 ἄλλους
2638 2345 2931 2413 σωφρονεῖν
2980 2328 3336 2410 παιδεύουσιν,
3379 2329 3544 2393 οὕτως
3607 2329 3696 2384 καὶ
3725 2329 3759 2384 6
3785 2333 3901 2382 Σα-

2254 2430 2434 2489 τανᾶς.
2468 2421 2759 2502 Παράδοσις
2815 2424 2914 2502 γὰρ
2971 2419 3094 2477 ὅταν
3150 2419 3369 2498 γένηται
3423 2425 3500 2493 τῷ
3556 2422 3788 2488 Σατανᾷ,
3835 2413 3904 2470 δι’

2253 2512 2547 2591 ἀφορισμοῦ
2611 2517 2710 2580 τῆς
2753 2510 3030 2574 κοινωνίας
3114 2512 3335 2589 γίνεται.
3411 2509 3610 2565 Λοιπὸν
3665 2504 3903 2585 παραλα-

2252 2599 2358 2659 ϐὼν
2403 2605 2432 2658 6
2461 2602 2660 2678 δαίμων
2690 2605 2886 2681 γυμνὸν
2956 2608 3053 2670 τῆς
3102 2610 3193 2660 τοῦ
3242 2609 3372 2658 Θεοῦ
3418 2598 3662 2676 βοηθεία)
3692 2598 3780 2653 τὸν
3809 2594 3899 2651 ἄνθ

2251 2695 2478 2772 θρωπον,
2510 2689 2764 2754 παιδεύει.
2819 2694 2917 2750 Καὶ
2974 2699 3128 2749 τοῦτο
3183 2692 3381 2769 γίνεται
3452 2690 3594 2759 αὐτῷ
3635 2688 3765 2762 πρὸς
3797 2708 3903 2742 σω-

2253 2782 2563 2862 φρονισμόν.
2615 2783 2712 2838 Διά
2740 2780 2870 2838 τίδὲ
2919 2785 2998 2855 τῷ
3044 2786 3255 2852 Σατανᾷ
3297 2775 3639 2858 παραδίδωσι,
3685 2777 3771 2832 καὶ
3818 2775 3897 2850 μὴ

2254 2860 2408 2936 αύτὸς
2439 2869 2705 2951 παιδεύιι,
2743 2860 2869 2929 υινα
2939 2869 3077 2947 δείξῃ
3106 2870 3186 2926 ὅτι
3234 2870 3323 2925 καὶ
3391 2875 3467 2942 τῷ
3524 2871 3734 2938 Σατανᾷ
3788 2865 3894 2920 ὲπι-

2253 2960 2463 3016 τάσσειν
2520 2960 2642 3016 αἴόν
2683 2960 2742 3016 τέ
2802 2959 2937 3040 ἐστι,
2995 2961 3084 3016 καὶ
3139 2959 3232 3015 ἵνα
3291 2958 3426 3033 μετά
3480 2961 3580 3022 τῆς
3635 2953 3907 3018 κολάσεως

2249 3052 2337 3106 καὶ
2389 3047 2716 3129 ὑϐρζωνται,
2801 3057 2892 3106 τοῦ
2977 3055 3189 3106 Σατανᾶ
3281 3044 3694 3125 τιμωρουμένου.
3776 3043 3908 3108 Τοὺς

510 3133 773 3194 aSatana
785 3130 1130 3213 puniantur.
1150 3129 1454 3213 Siquidem
1478 3132 1819 3194 incredulos
1844 3132 2169 3213 puniebant

2253 3139 2348 3214 μὲν
2406 3139 2505 3218 γὰρ
2563 3138 2830 3213 ἀπίστους,
2879 3135 2946 3194 δι’
3015 3140 3214 3196 ἑαυτῶν
3272 3133 3518 3206 ἐκόλαζον
3565 3136 3611 3190 οἱ
3667 3133 3906 3188 ἀπόστο-

511 3239 618 3302 per
649 3207 883 3299 seipsos
921 3221 1174 3302 apostoli
1204 3207 1770 3302 {quemadmodum
1801 3207 1929 3303 ipse
1955 3223 2169 3284 Paulus

2253 3227 2358 3302 λοι,
2391 3229 2574 3308 ὥσπερ
2611 3229 2703 3285 τὸν
2762 3233 3055 3307 Βαριησοῦν
3114 3230 3142 3284 6
3196 3226 3354 3288 αὐτὸς
3402 3222 3608 3286 Παῦλος
3668 3223 3755 3278 καὶ
3812 3223 3908 3277 τὸν

509 3309 817 3398 Bariesum
869 3309 970 3390 qui
1022 3319 1081 3398 et
1109 3309 1368 3390 Elymas,
1405 3317 1463 3372 et
1493 3314 1705 3373 Petrus
1735 3310 2024 3373 Ananiam
2061 3329 2075 3374 ε
2109 3318 2169 3398 ut

2255 3315 2509 3398 Ἐλύμαν,
2555 3319 2643 3373 καὶ
2695 3320 2722 3374 6
2767 3317 2962 3396 Πέτρος
3016 3317 3104 3373 τὸν
3163 3314 3402 3374 Ἀνανίαν
3449 3331 3463 3346 ⁸
3525 3313 3617 3368 ’ίνα
3671 3308 3906 3376 δείξωσιν

511 3397 898 3460 ostenderent
927 3397 1085 3478 quod
1141 3407 1409 3479 potentes
1441 3409 1643 3462 essent
1677 3423 1689 3459 :
1724 3399 1873 3462 alios
1903 3417 2042 3461 vero
2072 3392 2169 3480 qui

2255 3406 2336 3464 ὅτι
2365 3405 2630 3467 δύνανται.
2678 3408 2810 3470 Τοὺς
2839 3405 2893 3462 δὲ
2947 3407 3152 3471 τούτοις
3213 3406 3310 3481 μὲν
3367 3403 3750 3478 μανθάνοντας,
3811 3400 3910 3456 ἐκ-

508 3486 583 3576 ab
613 3487 760 3568 ipsis
787 3487 1030 3568 quidem
1061 3487 1280 3550 eruditi
1307 3488 1568 3564 fuerant,
1595 3490 1700 3552 sed
1721 3489 1954 3552 adversi
1975 3497 2169 3570 erant,

2256 3496 2548 3576 τραπέντας
2599 3495 2674 3569 δὲ,
2736 3504 2814 3571 τῷ
2872 3501 3081 3567 Σατανᾷ
3137 3491 3461 3574 παρεδίδουν.
3526 3516 3552 3547 ι
3588 3493 3675 3559 Μὴ
3731 3490 3909 3567 βλασ-

510 3575 744 3641 Satanae
773 3577 1106 3640 tradebant.
1145 3603 1171 3633 α
1207 3579 1342 3640 Non
1374 3578 1817 3661 blasphemare.
1857 3606 1881 3634 ι›
1911 3579 1984 3641 Hi
2015 3578 2169 3639 enim

2259 3575 2484 3666 φημεῖν.
2541 3608 2562 3640 ι
2626 3588 2779 3642 Οὗτοι
2849 3585 2948 3663 γὰρ
3031 3582 3314 3661 λογισμοῖς
3385 3581 3723 3660 ἀνθρωπίνυις
3805 3581 3906 3646 τὴν

517 3667 860 3729 nationibus
889 3667 1165 3729 humanis
1184 3667 1361 3730 ﬁdem
1383 3668 1836 3748 interpellantes
1857 3676 2137 3730 converte
2152 3703 2173 3714 -

516 3753 734 3817 bantur
761 3755 833 3817 ad
869 3756 1447 3837 blasphemandum:
1486 3757 1641 3838 quod
1677 3777 1836 3819 nunc
1871 3757 2178 3838 patiuntur

515 3843 852 3908 Nestoriani
881 3863 951 3908 ac
975 3845 1224 3928 reliquae
1255 3846 1538 3909 haereses.

1151 3935 1395 4000 CAPUT
1426 3936 1528 4000 IV.

522 4024 612 4087 De
633 4026 912 4087 oratione
942 4031 1008 4088 ut
1030 4043 1145 4106 pro
1177 4026 1454 4089 omnibus
1494 4026 1625 4107 ﬁat,
1679 4035 1749 4088 ut
1778 4026 1999 4104 ubique
2025 4044 2175 4106 pure

801 4115 938 4176 sine
961 4113 1088 4177 ulla
1119 4115 1460 4178 turbatione
1489 4124 1549 4178 et
1580 4117 1882 4195 religiose.

602 4201 676 4281 ll,
695 4203 811 4265 1-4.
829 4203 1133 4266 Adhortor
1149 4205 1333 4284 igitur
1344 4211 1410 4266 ut
1423 4213 1562 4266 ante
1574 4222 1665 4266 om
1677 4205 1782 4266 nia
1813 4204 1961 4284 ﬁant
1977 4205 2178 4283 depre-

483 4334 488 4340 -
521 4293 838 4366 orationes,
873 4291 1332 4368 obsecrationes,
1365 4294 1902 4374 interpellationes,
1936 4295 2173 4374 gratia-

2259 3675 2432 3731 πίστιν
2487 3671 2898 3748 ὑποϐάλλοντες,
2971 3671 3327 3752 ἐξετράπησαν
3387 3672 3475 3727 καὶ
3537 3668 3905 3749 βλασφημεῖν,

2259 3762 2388 3844 ὅπερ
2446 3771 2532 3820 νῦν
2595 3765 2923 3843 Νεστοριανοὶ
2983 3763 3277 3843 πάσχουσι,
3344 3761 3432 3818 καὶ
3487 3761 3537 3816 αἱ
3595 3758 3774 3816 λοιπαὶ
3832 3762 3914 3814 αἱ·

2260 3853 2426 3920 ρὲσεις
2439 3901 2452 3915 ,

2905 3936 3271 4007 ΚΕΦΑΑ.ΔἈ

2263 4065 2290 4097 α
2327 4044 2449 4120 Περὶ
2482 4043 2673 4123 εὐχῆς,
2700 4041 2780 4100 ὅτι
2808 4042 2936 4122 ὑπὲρ
2966 4043 3202 4121 πάντων,
3253 4039 3334 4095 ὅτι
3363 4044 3640 4118 πανταχοῦ
3671 4037 3910 4108 ἀκάκως,

2741 4124 3054 4203 ἀταράχως,
3088 4128 3295 4197 σεμνῶς
3307 4169 3319 4182 ,
3371 4143 3398 4174 ι

2349 4233 2378 4274 ι
2428 4211 2728 4292 Παρακαλῶ
2783 4214 2872 4270 οὖν
2918 4219 3122 4292 πρῶτον
3168 4210 3401 4284 πάντων,
3464 4211 3730 4266 ποιεῖσθαι
3791 4205 3916 4277 δεή-

2266 4327 2400 4385 σεις,
2499 4304 2825 4383 προσευχὰς,
2939 4300 3213 4378 ἐντεύξεις,
3331 4299 3665 4378 εὐχαριστίας
3780 4298 3917 4376 ὑπὲρ

521 4398 658 4442 rum
674 4382 930 4471 actiones
938 4398 1054 4462 pro
1072 4382 1346 4444 omnibus
1366 4357 1571 4444 homin
1583 4384 1734 4458 ibus,
1750 4403 1858 4464 pro
1873 4357 2108 4466 regibus
2121 4391 2169 4446 et

2271 4357 2372 4369 *ν*
2507 4357 2534 4360 ’ἡ
2581 4357 2683 4360 τίτί
2723 4357 2825 4382 ,εν-α
2947 4357 2954 4358 ί
3098 4357 3111 4366 -
3177 4357 3213 4378 -τ
3393 4357 3431 4378 1,,
3470 4357 3479 4376 ι
3651 4357 3662 4362 ν
3887 4357 3896 4376 ι

2263 4357 2478 4464 πήνίέων
2542 4357 2876 4471 Γάυθρῶπων,
2961 4392 3090 4469 ὑπὲρ
3174 4387 3435 4466 βασιλέων
3531 4389 3616 4443 καὶ
3699 4386 3918 4443 πάντων

523 4469 802 4556 omnibth
815 4473 924 4552 qui
937 4472 999 4533 in
1014 4473 1344 4534 eminentia
1357 4479 1495 4534 sunt
1522 4477 1857 4536 conslituti:
1887 4481 1956 4536 ut
1973 4474 2169 4552 placi-

2261 4491 2366 4540 τῶν
2420 4482 2474 4538 ἐν
2537 4485 2779 4562 ὑπεροχῇ
2831 4481 3018 4554 ὄντων,
3094 4480 3187 4536 ’ίνα
3243 4479 3440 4556 ἤρεμον
3516 4478 3602 4532 καὶ
3684 4476 3916 4554 ἡσύχιον

521 4560 746 4651 damae
761 4561 1026 4651 quietam
1047 4560 1236 4651 uitam
1265 4561 1557 4643 degamus
1590 4567 1654 4624 in.
1686 4564 1854 4624 omni
1874 4566 2169 4643 pietatem

2261 4573 2372 4651 βίον
2444 4560 2739 4650 διάγωμενή
2795 4570 2849 4626 ἐν
2924 4570 3072 4645 πάσῃ
3145 4566 3377 4640 εὖσεϐείᾳ
3452 4568 3538 4624 καὶ
3597 4565 3914 4640 σεμνότητι.

520 4649 858 4742 honestate.
879 4650 1036 4713 Nam
1050 4648 1158 4711 hoc
1192 4650 1406 4712 bonum
1436 4659 1522 4713 est
1554 4660 1610 4713 et
1643 4659 1948 4732 acceptum
1973 4669 2169 4714 coram

2263 4669 2428 4722 Τοῦτο
2457 4663 2556 4742 γὰρ
2579 4659 2743 4718 καλὸν
2780 4662 2866 4717 καὶ
2897 4658 3210 4733 ἀπόδεκτον,
3243 4658 3469 4716 ἐνώπιον
3518 4678 3610 4712 του
3659 4660 3914 4732 Σωτῆρος

521 4738 849 4804 Saluatore
868 4747 1072 4802 nostra
1095 4739 1234 4814 Deo,
1255 4742 1360 4819 qui
1376 4750 1621 4804 cunctos
1644 4742 2045 4805 homines-ruit
2063 4743 2169 4802 sal-

2261 4753 2415 4828 ἡμῶν
2473 4738 2630 4810 Θεοῦ.
2676 4751 2733 4815 ὃς
2777 4751 2977 4812 πάντας
3022 4749 3320 4827 ἀνθρώπους
3369 4745 3506 4803 θέλει
3536 4747 3790 4816 σωθῆναι,
3824 4748 3918 4800 καὶ

523 4848 628 4892 vos
652 4829 795 4918 ﬁeri
821 4837 876 4893 et
896 4831 976 4892 ad
1005 4835 1404 4910 cognitionem
1437 4834 1707 4895 veritatis
1726 4837 1954 4896 venire.

2263 4842 2335 4906 εἷς
2365 4840 2644 4918 ἐπίγνωσιν
2689 4839 2932 4906 ἀληθείας
2964 4837 3160 4897 ἐλθεῖν.
3212 4863 3266 4896 ».

607 4917 748 4980 218
777 4920 839 4982 In
870 4919 1243 5000 quotidiano,
1286 4919 1500 5002 inquit,
1544 4921 1702 4982 cultu
1727 4923 1839 4984 hoc
1862 4933 1997 4986 ante
2028 4923 2169 4985 alio-

2349 4929 2438 4987 Ἐν
2592 4933 2920 5007 καθημερινῇ
2977 4926 3212 5007 λατρεία,
3271 4933 3426 4982 τοῦτο
3497 4927 3598 5004 πρὸ
3654 4924 3750 4990 τῆς
3807 4924 3917 4980 τῶν

524 5027 656 5071 rum
703 5008 1068 5070 mentionem
1114 5008 1209 5070 sit.
1273 5033 1294 5064 α
1332 5008 1406 5072 Ut
1453 5011 1594 5071 {iant
1637 5011 2108 5092 deprecationes.
2149 5040 2169 5072 ι

2265 5018 2440 5076 ἄλλων
2514 5021 2734 5094 μνήμης
2787 5017 2902 5095 εἷ’-ῃ,
2960 5019 3112 5097 φησί.
3196 5037 3220 5073 α
3259 5018 3528 5072 [Ιοιεῖσθαι
3599 5011 3828 5082 δεήσεις.
3887 5038 3912 5067 »

526 5097 879 5177 Deprecatio
926 5097 1166 5177 quidem
1217 5106 1306 5160 est
1335 5099 1686 5180 supplicatio
1719 5120 1822 5182 pro
1851 5108 2169 5168 remotione

2271 5109 2466 5176 Δέησις
2499 5109 2594 5184 μὲν
2655 5108 2795 5164 ἔστιν
2856 5108 3024 5162 ἱκεσία
3093 5105 3219 5185 ὑπὲρ
3262 5103 3608 5182 ἀπαλλαγῆς.
3665 5103 3920 5178 λυπηρῶν

531 5189 1012 5280 ῑιυὶειὶυηιοωειε
1040 5210 1053 5253 :
1084 5191 1419 5254 obsecratio
1449 5212 1586 5256 vero
1622 5195 1825 5274 petilio
1860 5195 2169 5262 bonorum.

2264 5198 2692 5280 προσφερομένη.
2753 5197 3038 5277 Προσευχη
3087 5193 3164 5270 δὲ,
3224 5195 3439 5262 αἴτησις
3494 5194 3726 5271 ἀγαθῶν,
3782 5187 3920 5250 "Ev-

526 5277 1134 5360 lnterpellatioautem
1152 5289 1239 5341 est
1266 5282 1336 5342 ad
1356 5285 1791 5345 accusationem
1813 5287 2169 5348 nocentium.

2267 5277 2434 5355 τευξις
2474 5277 2583 5359 ᾐδὲ,
2647 5287 2940 5366 κατηγορία
3009 5291 3112 5342 τῶν
3197 5283 3532 5344 ἀδικούντων.
3599 5301 3628 5340 (
3676 5287 3920 5364 Εὐχαρι-

533 5366 900 5458 «Gratiarum
925 5367 1215 5433 actiones.
1249 5389 1278 5429 ι
1308 5369 1554 5450 Oportet
1588 5373 1744 5434 enim
1764 5374 1982 5454 gratias
2003 5394 2169 5456 agere

2263 5382 2432 5454 στίας,
2471 5404 2498 5435 ι
2538 5388 2634 5436 Δεῖ
2676 5379 2776 5458 γὰρ
2833 5380 3167 5458 εὐχοριστεῖν
3209 5377 3338 5455 ὑπὲρ
3394 5383 3498 5432 τῶν
3542 5376 3614 5440 εἷς
3647 5374 3918 5445 ἀλλήλους

527 5476 632 5540 pro
660 5455 840 5548 bonis
869 5476 999 5548 quae
1025 5466 1229 5548 mutuo
1263 5458 1418 5521 inter
1439 5480 1546 5522 nos
1578 5462 1748 5524 fiunt.
1785 5489 1809 5518 ι(
1845 5465 1956 5526 Pro
1988 5455 2169 5527 omni-

2261 5469 2550 5548 γινομένων
2635 5469 2867 5546 ἀγαθῶν,
2950 5489 2973 5522 α
3035 5457 3192 5544 ’Υπὲρ
3237 5466 3448 5524 πάντων
3517 5464 3827 5544 ἀνθρώπων,
3881 5486 3914 5527 ι

527 5549 638 5610 bus
658 5545 1027 5610 hominibus.
1056 5572 1082 5603 »
1123 5545 1268 5610 Cum
1299 5550 1460 5612 enim
1495 5551 1810 5633 episcopus
1842 5555 2169 5620 communis

2263 5545 2364 5617 Τὸν
2392 5560 2490 5637 γὰρ
2547 5545 2858 5633 ἐπίσκοπον,
2919 5557 3096 5613 κοινὸν
3154 5556 3353 5635 πατέρα
3424 5554 3572 5630 ὅντα,
3647 5555 3756 5634 χρὴ
3787 5555 3924 5635 ὑπὲρ

609 5717 667 5768 η
692 5717 866 5778 Rom.
902 5734 988 5800 γι,
1029 5719 1119 5782 13.
1211 5720 1270 5772 15
1297 5719 1426 5785 Act.
1461 5736 1588 5798 xm,
1621 5722 1680 5797 9,
1716 5739 1887 5804 seqq.
