4188 6430
448 356 551 421 151

1561 351 1973 419 (BCUMENII
2017 346 2316 412 TRIGCE
2357 342 2698 410 EPISCOBI

3718 337 3832 405 15.2

436 493 598 554 niam
625 508 764 569 ergo
798 487 1111 569 oportebat
1139 506 1276 548 eum
1328 485 1432 567 qui
1483 483 1834 546 conciliator
1871 483 2100 544 futurus

2187 479 2461 560 μετέχειν,
2519 479 2613 537 ἵνα
2642 482 2755 569 ,καὶ
2823 486 3123 555 μεσιτεύσαι
3205 476 3419 569 δυνηθῇ,
3481 478 3509 533 6
3567 476 3684 569 Υἱδς
3743 478 3835 530 106

442 589 625 654 esset,
660 577 973 640 amborum
1005 595 1139 639 esse
1170 575 1546 657 participem,
1575 582 1639 635 ut
1668 573 1843 637 etiam
1895 573 2100 635 conci-

440 670 577 733 iare‘
597 674 818 751 posset,
878 665 1067 727 Filius
1125 665 1235 726 Bei
1293 672 1431 725 ante
1492 662 1708 751 smula
1753 661 2104 751 incarnatus

437 750 676 822 advenit
704 757 765 817 in
796 754 1030 816 duabus
1062 752 1318 833 naturis,
1353 770 1571 833 nempe
1615 750 1677 812 in
1706 750 2021 812 divinitate
2044 762 2103 810 et

440 847 809 911 humanitate
840 843 1136 906 exsistens
1172 863 1185 905 :
1222 851 1281 904 et
1308 841 1370 903 in
1397 841 1573 903 unica
1619 840 1917 921 hypostasi
1972 846 2103 919 post

440 937 748 1011 unionem,
785 933 1125 996 intellectus
1156 939 1213 994 et
1240 931 1540 994 adoratus.
1575 929 1722 992 Nam
1756 929 1806 990 si
1852 929 1910 989 in
1943 926 2100 989 nuda

442 1025 747 1089 divinitate
788 1022 1160 1105 apparuisset
1210 1020 1384 1083 nobis
1426 1018 1802 1100 Unigenitus,
1836 1036 1953 1079 non
1987 1037 2096 1098 po-

435 1116 646 1178 tuisset
676 1131 810 1176 eum
862 1111 1020 1173 ferre
1072 1117 1381 1186 creatura;
1436 1109 1668 1191 quando
1728 1125 1924 1189 neque
1956 1107 2098 1173 Mosi

435 1205 650 1268 faciem
681 1202 888 1264 videre
934 1206 1207 1280 poterant
1236 1198 1344 1261 ﬁlii
1371 1198 1554 1261 Israel
1587 1199 1666 1259 18.
1699 1197 1867 1272 Quod
1898 1204 2097 1259 autem

434 1294 518 1356 ait
550 1312 564 1357 :
598 1292 766 1357 Unus
798 1293 983 1365 Deus,
1019 1307 1141 1351 non
1174 1288 1247 1349 ad
1283 1287 1726 1350 distinctionem
1758 1286 1893 1349 Filii
1923 1283 2101 1366 poni-

435 1389 539 1444 tur
563 1389 662 1443 aut
691 1379 977 1462 Spiritus.
1012 1376 1224 1441 Absit!
1263 1376 1381 1440 Sed
1412 1384 1657 1458 propter
1681 1376 1814 1437 illos
1847 1374 1948 1457 qui
1980 1392 2098 1435 non

431 1478 595 1545 sunt,
630 1476 690 1532 et
719 1477 919 1531 tamen
949 1467 1235 1529 dicuntur
1254 1466 1361 1529 dii.
1382 1466 1680 1539 Quaeritur
1699 1475 1895 1528 autem
1919 1481 2097 1546 quam

433 1560 510 1623 ob
542 1576 783 1622 causam
815 1556 1072 1639 Spiritus
1122 1574 1241 1617 non
1303 1556 1669 1618 meminerit.
1700 1554 1992 1628 Quoniam
2025 1551 2101 1614 de

433 1649 655 1715 Gracis
680 1666 880 1709 sermo
896 1652 1045 1721 erat,
1060 1644 1134 1706 de
1155 1644 1306 1726 ipsis
1322 1663 1581 1726 namque
1599 1644 1942 1708 dicebatur:
1976 1666 1999 1699 ι
2026 1642 2101 1705 Ει

432 1740 508 1803 ad
532 1736 942 1818 cognitionem
965 1734 1228 1797 veritatis
1243 1734 1509 1798 venire.»
1525 1735 1698 1817 Apud
1716 1734 1879 1817 ipsos
1898 1743 2100 1796 autem

438 1835 565 1892 erat
591 1827 841 1889 deorum
875 1824 1191 1887 multitudo
1228 1843 1242 1887 :
1288 1832 1348 1887 et
1375 1825 1455 1886 ita
1482 1823 1918 1907 dispensatorie
1950 1820 2103 1885 cavit

436 1917 694 2000 Spiritus
721 1915 915 1978 facere
947 1913 1338 1993 mentionem,
1362 1932 1438 1976 ne
1460 1933 1575 1995 quo
1599 1913 1777 1976 modo
1798 1913 2104 1975 videretur

431 2007 683 2071 deorum
736 2004 1027 2066 inducere
1086 2002 1554 2066 multitudinem.
1615 2003 1764 2076 Quia
1821 2002 1922 2065 ubi
1963 2021 2096 2064 cum

431 2094 711 2158 ﬁdelibus
738 2091 1003 2169 disserit,
1025 2093 1308 2155 continue
1333 2094 1467 2173 ejus
1498 2092 1793 2168 meminit,
1822 2093 2101 2173 frequen-

434 2194 530 2248 ter
560 2184 738 2247 etiam
772 2180 981 2259 solius,
1013 2182 1237 2243 nullam
1269 2182 1495 2244 faciens
1519 2182 1884 2244 mentionem
1911 2181 2102 2244 Patris

432 2283 493 2338 et
520 2273 680 2338 Filii.
718 2298 749 2328 α
784 2271 976 2334 Homo
1002 2270 1277 2333 Christus
1304 2269 1498 2335 Jesus.
1529 2296 1556 2328 π
1582 2270 2099 2345 Quemadmodum

435 2370 562 2427 erat
588 2363 792 2436 homo,
826 2361 906 2422 ita
928 2367 1056 2421 erat
1074 2367 1131 2421 et
1153 2359 1332 2436 Deus,
1355 2360 1859 2440 inseparabiliter,
1885 2361 2100 2421 incon--

434 2452 595 2516 fuse.
633 2451 778 2512 220
841 2472 864 2507 α
902 2448 1020 2522 Qui
1076 2449 1242 2513 dedit
1291 2449 1681 2530 semetipsum
1714 2449 1965 2529 pretium
1998 2467 2102 2510 re-

435 2538 803 2621 demptionis
838 2556 944 2619 pro
1002 2538 1303 2600 omnibus.
1349 2563 1372 2598 ι)
1435 2537 1626 2600 Etiam
1677 2537 1921 2602 Graecis.
1967 2537 2101 2619 Ipse

436 2628 735 2710 siquidem
766 2645 874 2709 pro
902 2626 1181 2689 omnibus
1205 2636 1472 2690 mortuus
1503 2635 1593 2689 est
1619 2647 1632 2687 :
1665 2635 1727 2690 tu
1750 2636 1946 2690 autem
1981 2645 2101 2687 non

434 2715 753 2781 adduceris
764 2715 930 2777 utvel
948 2716 1211 2797 preceris
1229 2734 1335 2797 pro
1357 2714 1655 2778 omnibus.
1682 2716 2101 2778 Animadverte

2187 575 2317 625 Θεοῦ
2359 571 2387 624 6
2455 568 2774 648 προαιώνιος
2845 569 3039 647 Λόγος,
3110 568 3392 646 σαρκωθεὶς
3452 562 3833 643 παραγέγονεν,

2186 658 2248 714 ἐκ
2296 656 2386 715 δύο
2430 658 2660 738 φύσεων,
2721 662 2839 716 οἷον
2882 657 2944 715 ἐκ
2997 657 3250 723 θεότητος
3305 656 3392 711 καὶ
3439 652 3841 732 ἀνθρωοότητος

2186 746 2464 826 ὑπάρχων,
2528 748 2616 804 καὶ
2659 746 2714 804 ἐν
2770 752 2867 822 μιᾷ
2934 746 3218 803 ὑποστάσει
3276 744 3412 820 μετὰ
3505 743 3601 810 τὴν
3656 742 3843 799 ἓνωσιν

2186 835 2470 911 νοούμενος
2542 838 2630 892 καὶ
2696 836 3171 914 προσκυνούμενος.
3250 834 3310 891 Εἰ
3401 833 3503 911 γὰρ
3543 836 3720 909 γυμνῇ
3775 833 3844 904 τῇ

2181 924 2392 991 θεότητι
2444 923 2683 1006 ἐπεφάνη
2725 927 2861 1001 ἡμῖν
2921 928 2950 981 ὁ
3008 923 3336 1002 Μονογενης,
3383 923 3477 979 οὐκ
3523 921 3584 977 ἃν
3615 917 3839 1006 ἤνεγκεν

2181 1015 2215 1082 ἡ
2245 1014 2413 1078 κτίσις
2443 1016 2622 1094 αὐτὸν,
2654 1013 2786 1071 ὅπου
2828 1035 2889 1093 γε
2919 1015 2980 1069 τὸ
3009 1013 3289 1093 πρόσωπον
3321 1010 3554 1073 Μωσέως
3583 1005 3716 1065 ἰδεῖν
3741 1008 3835 1064 οὐκ

2181 1101 2374 1184 ἴσχυον
2401 1105 2447 1159 οἱ
2470 1106 2572 1161 υἱοὶ
2602 1102 2837 1183 Ἰσραήλ.
2871 1106 2944 1162 Τὸ
2986 1102 3063 1178 δὲ,
3129 1123 3152 1158 ι
3204 1106 3302 1165 Εἷς
3328 1102 3483 1175 Θεὸς,
3523 1123 3546 1156 ι
3616 1101 3676 1155 ού
3702 1098 3832 1177 πρὸς

2181 1188 2581 1260 ἀντιδιαστολὴν
2650 1192 2832 1250 κεῖται
2897 1200 2990 1251 τοῦ
3056 1194 3177 1248 Υἱοῦ
3242 1190 3280 1257 ἦ
3349 1195 3442 1245 106
3500 1190 3831 1264 Πνεύματος,

2182 1280 2353 1359 ἄπαγε
2383 1279 2397 1340 Ξ
2432 1279 2569 1337 ἀλλὰ
2595 1284 2725 1360 πρὸς
2753 1282 2876 1344 τοὺς
2906 1281 3002 1339 οὒκ
3030 1279 3209 1355 ὄντας,
3233 1278 3550 1357 λεγομένους
3580 1274 3634 1333 δὲ
3662 1276 3831 1341 θεούς.

2184 1370 2437 1437 Ζητεῖται
2489 1368 2546 1427 δὲ
2615 1369 2699 1427 διὰ
2754 1371 2803 1427 τί
2858 1376 2950 1428 106
3011 1369 3317 1444 Πνεύματος
3386 1367 3484 1425 οὒκ
3565 1366 3831 1442 ἐμνήσθη.

2182 1456 2401 1527 Ἐπειδὴ
2437 1461 2555 1540 περὶ
2622 1450 2895 1529 Ἐλλήνων
2952 1461 2980 1516 ὀ
3028 1458 3187 1538 λόγος
3229 1458 3320 1526 ἧν.
3374 1458 3507 1537 Περί
3538 1460 3707 1516 αὐτῶν
3736 1455 3836 1533 γὰρ

2181 1549 2266 1623 τὸ,
2306 1572 2335 1604 (ί
2384 1550 2483 1608 Καὶ
2511 1550 2585 1613 εἰς
2615 1547 2899 1628 ἐπίγνωσιν
2930 1548 3176 1616 ἀληθείας
3205 1546 3406 1609 ἐλθεῖν.
3445 1568 3470 1604 ι
3509 1542 3639 1623 Παρ’
3661 1545 3833 1601 αὐτῶν

2184 1634 2238 1693 δὲ
2308 1636 2566 1696 πολυθεία
2630 1638 2720 1708 ἧν,
2793 1639 2881 1694 καὶ
2966 1634 3255 1718 ἐφυλάξατο
3339 1637 3686 1711 οἰκονομικῶς
3742 1638 3836 1691 τοῦ

2185 1727 2487 1802 [Ινεύματος
2538 1730 2859 1803 μνησθῆναι,
2915 1729 2991 1803 μή
3051 1749 3165 1790 πως
3222 1724 3346 1802 δόὴ
3405 1723 3690 1782 πολυθεΐαν
3718 1722 3832 1778 εἱσ-

2182 1815 2351 1894 άγειν.
2389 1814 2536 1875 Ἐπεὶ
2590 1816 2714 1875 ἔνθα
2756 1829 2969 1881 πιστοῖς
3030 1814 3351 1895 διαλέγεται,
3396 1818 3636 1894 συνεχῶς
3675 1813 3832 1869 αὑτοῦ

2184 1903 2475 1981 μέμνηται,
2534 1904 2790 1971 πολλάκις
2858 1908 2946 1985 καὶ
3004 1906 3186 1982 μόνου,
3249 1905 3328 1981 μὴ
3371 1903 3541 1985 φέρων
3612 1902 3831 1979 μνήμην

2184 1996 2388 2073 ματρὸς
2433 1995 2519 2053 καὶ
2568 1997 2709 2054 Υἱου.
2792 2016 2813 2049 ι
2869 1984 3167 2073 Ἀνθρωπος
3239 1995 3461 2071 Χριστὸς
3531 1997 3759 2058 Ἰησοῦς.
3802 2012 3825 2045 ι

2186 2070 2405 2161 υΩσλπερ
2455 2082 2521 2150 ἦν
2566 2081 2864 2161 ἅνθρωπος,
2924 2070 3090 2146 οὕτως
3125 2086 3194 2151 ἦν
3241 2070 3329 2139 καὶ
3388 2083 3542 2154 Θεὸς,
3599 2078 3834 2159 ἂδιαιρέ-

2183 2192 2310 2245 τως,
2371 2171 2710 2252 ἀσυγχύτως.
2764 2195 2793 2227 ιι
2846 2163 2905 2230 Ὀ
2959 2169 3081 2234 δοὺς
3138 2171 3326 2228 ἐαυτὸν
3373 2169 3673 2249 ἀντίλυτρον

2184 2260 2416 2334 πάντων,
2453 2283 2481 2315 ι
2538 2262 2626 2318 καὶ
2671 2252 2966 2331 Ἑλλήνων.
3016 2260 3258 2325 Ἐκεῖνος
3309 2261 3410 2335 μὲν
3465 2260 3553 2317 οὖν
3583 2258 3837 2316 ἀπέθανεν

2184 2348 2315 2428 ὑπὲρ
2368 2349 2603 2424 πάντων,
2649 2350 2712 2407 σὺ
2754 2348 2809 2406 δὲ
2861 2350 3099 2416 εὔξασθαι
3142 2351 3236 2407 οὐκ
3283 2349 3507 2429 bim;
3561 2338 3708 2428 υΟρει
3777 2346 3835 2404 δὲ

2184 2439 2268 2512 τὸ,
2311 2456 2334 2494 α
2375 2439 2506 2504 Δοὺς
2551 2440 2760 2502 ἑαυτὸν,
2813 2460 2837 2496 ι
2887 2442 3035 2499 Κατὰ
3065 2439 3348 2520 Ἀρειανῶν
3377 2441 3477 2518 γὰρ
3504 2445 3682 2502 10610.
3726 2443 3834 2494 τῶν

2185 2525 2475 2607 λεγόντων,
2535 2528 2615 2585 ὅτι
2670 2526 2813 2586 ἄκων
2872 2527 3159 2606 παρεδόθη.
3210 2528 3271 2586 Τί
3310 2526 3365 2585 δέ
3427 2528 3568 2585 ἐστιν
3621 2526 3832 2584 ἀντίλυ·

2184 2606 2345 2697 τρόνς
2411 2606 2655 2698 ’Ἔνοχος
2712 2618 2775 2686 ἧν
2832 2621 2867 2687 ἡ
2926 2619 3100 2699 φύσις,
3173 2617 3314 2675 ὥστε
3369 2615 3679 2698 ἂπόλέσθαι,
3709 2614 3826 2673 ἀλλ’

2184 2703 2298 2762 ἄντ’
2328 2705 2533 2774 ἐκείνης
2586 2708 2780 2764 ἁαυτὸν
2824 2706 3009 2769 ἔδωκε.
3072 2730 3096 2764 ε
3133 2709 3205 2766 Τὸ
3259 2707 3560 2786 μαρτύριον.
3602 2730 3626 2766 ι
3661 2707 3828 2765 Τουτέ

437 2814 635 2870 autem
667 2807 825 2886 quod
859 2793 980 2869 ait}
1022 2831 1043 2862 ι
1083 2805 1197 2880 Qui
1229 2793 1395 2869 dedit
1441 2806 1853 2887 semetipsum.
1890 2830 1913 2864 ιι
1948 2805 2095 2867 Nam

2183 2793 2317 2887 ἐστι,
2365 2794 2450 2852 διὰ
2517 2805 2607 2855 τοῦ
2649 2796 2928 2877 μαρτυρίου
2982 2797 3192 2875 ἐγένετο
3245 2798 3274 2852 6
3317 2797 3454 2887 μΥἱὸς
3498 2793 3823 2874 ἀντίλυτρον,

434 2897 552 2960 hoc
584 2875 789 2958 contra
815 2895 1073 2959 Arianos
1095 2875 1184 2958 est
1208 2896 1311 2979 qui
1332 2894 1540 2957 dicunt
1567 2875 1724 2977 qu6d
1749 2895 1959 2957 nolens
1983 2901 2096 2955 tra—

2185 2875 2263 2943 U0
2306 2884 2700 2967 ἐφερμηνεύων,
2757 2875 2910 2943 τοῦτό
2959 2907 3089 2965 φησι
3135 2891 3245 2960 νῦν,
3313 2882 3394 2940 ὅτι
3442 2883 3743 2979 ἀνείλυτρον
3768 2886 3831 2941 τὸ

438 2985 596 3074 ditus
627 2989 726 3048 sit.
763 2983 876 3059 Qui
906 2993 998 3047 est
1049 2963 1246 3047 autem
1301 2985 1559 3067 pretium
1586 2963 2098 3066 .redemptionis?

2183 2963 2463 3055 μαρτύριον
2520 2963 2695 3054 λέγει,
2773 2963 3009 3033 τουτέστι
3063 2977 3130 3074 τὸ
3210 2974 3398 3037 πάθος,
3497 2963 3664 3074 Ἦλθε
3734 2976 3837 3054 γὰρ

439 3073 710 3139 Obnoxia
740 3083 869 3138 erat
895 3082 1112 3137 natura
1140 3082 1207 3137 ut
1232 3061 1479 3155 periret,
1502 3081 1562 3136 at
1590 3074 1689 3136 ille
1708 3061 2098 3155 semetipsum

2185 3065 2533 3143 μαρτυρήσων
2600 3070 2670 3141 τῇ
2750 3063 2992 3138 ἀληθείᾳ,
3063 3061 3424 3143 Ἐμαρτύρησε
3479 3065 3579 3144 γὰρ
3634 3062 3703 3121 δι’
3762 3066 3836 3119 ὠν

435 3181 541 3246 pro
574 3164 703 3245 ipsa
731 3162 916 3226 dedit.
962 3187 989 3220 α
1023 3152 1482 3227 Testimonium.
1513 3187 1534 3219 ι
1568 3164 1697 3225 Hoe
1728 3170 1838 3237 est,
1861 3152 1965 3242 per
1983 3170 2100 3225 tes-

2183 3154 2460 3234 ἔπραττεν,
2506 3152 2588 3211 ὅτι
2619 3154 2770 3220 αὐτός
2798 3157 2942 3212 ἐστιν
2977 3157 3006 3211 6
3055 3155 3303 3234 Χριστὸς
3335 3155 3364 3210 6
3396 3156 3515 3217 Υἱὸς
3544 3162 3636 3212 τοῦ
3680 3162 3834 3231 Θεοῦ,

435 3243 750 3315 limonium
781 3251 904 3314 sive
937 3252 1284 3333 martyrium
1312 3252 1502 3314 factus
1534 3258 1624 3313 est
1651 3250 1839 3313 Filius
1858 3251 2095 3313 redem-

2184 3243 2347 3324 μέχρι
2404 3244 2652 3333 θανάτου,
2710 3245 2810 3302 Καὶ
2840 3244 2953 3333 ,γὰρ
3008 3244 3165 3308 αὐτὸς
3221 3244 3334 3333 τὸν⁸
3379 3243 3587 3323 Πατέρα
3641 3243 3836 3333 ἐφανέ-

437 3341 658 3424 ptionis
687 3340 945 3422 pretium
985 3362 998 3405 :
1044 3330 1202 3423 quod
1260 3341 1665 3422 interpretans
1712 3340 1858 3403 dicit
1910 3358 2096 3417 nunc,

2183 3354 2355 3424 ρωσε,
2388 3334 2475 3390 καὶ
2510 3335 2578 3424 Ατδ
2607 3332 2801 3424 ἂληθὶς
2833 3330 3007 3424 δόγμα
3034 3335 3123 3390 καὶ
3168 3334 3257 3390 τὸν
3287 3330 3465 3424 ἀληθῇ
3492 3334 3579 3393 ναὶ
3610 3332 3837 3424 ἀγγελι-

437 3420 596 3513 quod
629 3420 889 3511 pretium
907 3420 1341 3512 redemptionis
1359 3420 1532 3495 vocet
1555 3449 1715 3492 nunc
1731 3430 2094 3512 martyrium,

2183 3423 2276 3479 κὸν
2305 3423 2416 3513 βίον
2470 3421 2626 3513 αὐτὸς
2673 3423 3022 3513 εἰσηγήσατο,
3074 3445 3101 3476 ι
3135 3431 3354 3501 Καιροτς
3403 3420 3577 3513 ἰδίοις,
3613 3445 3642 3478 ι
3678 3423 3831 3502 φησί.

433 3510 551 3585 hoc
582 3510 672 3583 θέε
693 3519 1056 3601 passionem.
1087 3510 1262 3583 Venit
1288 3520 1448 3582 enim
1471 3510 2099 3584 testimonium‘ferens

2183 3510 2482 3588 Τουτέστιν,
2540 3510 2631 3569 ὅτε
2682 3510 2992 3579 ἐπιτηδείως
3034 3513 3193 3611 εἶχογ
3255 3513 3384 3615 πρὸς
3440 3512 3541 3579 τὴν
3585 3512 3760 3569 πίστιν
3790 3515 3838 3569 οἱ

432 3590 713 3673 veritati}
747 3627 884 3671 nam
918 3627 1029 3690 per
1070 3627 1139 3671 ea
1197 3627 1330 3690 quae
1357 3608 1496 3671 fecit
1546 3615 1790 3671 testatus
1819 3616 1909 3670 est
1940 3610 2096 3690 quod

2183 3596 2464 3681 ἅνθρωποι.
2499 3599 2677 3665 Οὕτως
2708 3604 2736 3658 ὁ
2786 3599 3012 3677 Κλήμης
3061 3590 3193 3672 ἐντ’
3240 3622 3264 3658 ιι
3299 3590 3718 3659 ιΓποτυπώιιπεων
3749 3615 3762 3630 ³
3806 3622 3831 3656 ι

438 3705 599 3762 esset
626 3697 896 3762 Christus
921 3687 1109 3760 Filius
1138 3687 1246 3760 Dei
1278 3716 1467 3779 usque
1497 3698 1570 3760 ad
1593 3704 1871 3762 mortem.
1897 3687 2098 3779 Siqui-

2189 3713 2211 3745 ι
2252 3698 2472 3770 Καιροϊς
2520 3690 2688 3757 ἰδίοις,
2727 3714 2754 3746 ιι
2821 3691 2921 3747 Διὰ
2974 3692 3068 3747 106
3117 3690 3399 3771 μαρτυρίου
3456 3687 3648 3747 ἔδωκεν
3704 3690 3833 3748 δαυ-

439 3788 577 3851 dem
612 3788 740 3870 ipse
770 3791 1007 3850 Patrem
1057 3778 1473 3865 manifestavit,
1537 3793 1599 3852 et
1653 3805 1854 3849 verum
1888 3778 2100 3867 dogma

2183 3780 2298 3859 τὸν,
2356 3781 2537 3861 φησὶν,
2570 3778 2891 3859 ἀντίλυτρον.
2956 3780 3055 3836 Διὰ
3083 3786 3175 3837 106
3219 3780 3521 3860 μαρτυρίου,
3571 3778 3833 3849 τουτέστι,

428 3868 755 3960 veramque
811 3877 990 3940 vitam
1052 3878 1453 3957 evangelicam
1539 3878 1670 3958 ipse
1752 3878 2096 3941 introduxit.

2184 3877 2277 3927 106
2306 3869 2501 3933 πάθους
2564 3868 2641 3949 (ἐν
2698 3873 2841 3944 αὖτῷ
2895 3870 2994 3948 γὰρ
3037 3868 3310 3949 ἐμαρτύρει
3367 3875 3437 3945 τῇ
3479 3875 3572 3927 τοῦ
3628 3871 3835 3949 [ἰατρὸς

438 3991 467 4023 α
502 3956 906 4048 Temporibus
936 3966 1082 4030 suis.
1125 3990 1149 4025 ι
1201 3956 1326 4028 Hoc
1378 3974 1492 4041 est,
1528 3956 1767 4047 quando
1817 3975 1983 4028 recte
2037 3986 2100 4030 se

2185 3957 2477 4036 ἂγαθότητι
2536 3957 2616 4015 ὅτι
2676 3960 2834 4023 αὐτὸς
2917 3961 3007 4016 καὶ
3074 3960 3163 4015 τὸν
3233 3959 3350 4015 Υίὸν
3408 3956 3621 4021 ἔδωκεν.
3683 3962 3840 4019 Αὐτοὶ

434 4044 742 4119 habebant
764 4056 1037 4118 homines
1068 4055 1143 4118 ad
1175 4056 1376 4119 tidem.
1397 4055 1482 4117 Ita
1504 4044 1651 4119 dicit
1671 4054 1949 4117 Clemens
1969 4074 2096 4138 sep-

2183 4044 2238 4101 δὲ
2296 4051 2394 4114 τῆς
2446 4049 2578 4126 πρὸς
2636 4050 2792 4105 αὐτὸν
2848 4048 3041 4128 ἔχθρας
3131 4052 3226 4107 οὐκ
3304 4047 3621 4121 ἐπαύσαντο,
3702 4046 3842 4105 ἀλλὰ

431 4143 579 4206 timo
611 4145 1123 4223 Informationum
1156 4144 1310 4207 libro
1349 4162 1363 4207 :
1404 4165 1434 4205 ‹
1467 4144 1866 4226 Temporibus
1895 4135 2095 4209 suisf»

2183 4137 2271 4191 καὶ
2337 4142 2430 4192 τὸν
2470 4138 2591 4194 Υἱδν
2646 4136 3001 4217 ἐσταύρωσὰν,
3049 4139 3149 4195 Καὶ
3198 4135 3278 4192 ὅτι
3336 4137 3490 4203 αὐτὸς
3548 4137 3645 4201 τὰς
3675 4136 3838 4215 ἐπαγο

432 4230 551 4295 Per
604 4222 1037 4315 testimonium,
1096 4234 1312 4314 inquit,
1378 4234 1503 4297 sive
1556 4222 1907 4313 martyrium
1938 4233 2100 4295 dedit

2184 4222 2362 4315 γελίας
2418 4227 2599 4290 αὐτοῖς
2665 4223 2945 4304 πληρῶσαι
2991 4224 3153 4300 θέλει,
3215 4225 3361 4281 αὐτοὶ
3412 4222 3467 4281 δὲ
3523 4229 3581 4284 οὔ
3623 4224 3842 4301 βούλον-

437 4321 830 4402 semetipsum
890 4311 1147 4402 pretium
1181 4311 1618 4403 redemptionis
1654 4342 1667 4384 :
1702 4311 1815 4383 lioc
1849 4330 1958 4394 est,
1998 4342 2100 4403 per

2185 4311 2321 4392 ται),
2381 4321 2474 4372 τοῦ
2528 4317 2740 4395 καιροῖς
2797 4314 2967 4389 ίδίοις,
3028 4318 3180 4396 φησὶ,
3221 4314 3529 4395 γενομένου,
3572 4314 3834 4396 τουτέστι,

434 4390 801 4490 passionem.
834 4390 982 4472 Nam
1016 4410 1077 4472 in
1109 4429 1180 4473 ea
1210 4390 1556 4473 testiﬁcatus
1613 4420 1703 4473 est
1734 4411 1809 4472 de
1840 4390 2100 4474 bonitate

2184 4390 2677 4481 προτετυπωμένοις
2737 4407 2824 4462 καὶ
2917 4390 3307 4485 προορισθεϊσιν
3375 4406 3476 4461 ὑπὸ
3514 4390 3627 4471 ’τὴς
3682 4390 3837 4481 ἅγίας

433 4499 650 4575 Patris,
686 4499 843 4581 quod
872 4499 1004 4580 ipse
1036 4500 1344 4581 proprium
1357 4500 1582 4581 deserit
1605 4500 1820 4563 Filium
1840 4520 1853 4561 :
1874 4501 2100 4580 ipsiau-

2183 4493 2271 4548 καὶ
2302 4495 2562 4573 μακαρίας
2627 4493 2867 4574 Τριάδος,
2939 4516 2963 4551 ι
3000 4496 3086 4558 Εἰς
3138 4495 3165 4550 ὃ
3209 4492 3391 4559 ἐτέθην
3441 4491 3572 4570 ἐγώ.
3609 4514 3634 4551 ι
3688 4494 3776 4554 Εἰς
3807 4495 3837 4548 ὃ

433 4588 556 4643 tem
590 4580 719 4641 non’
740 4580 1098 4661 quieverunt
1146 4580 1220 4643 ab
1266 4580 1578 4643 inimicitia
1610 4600 1787 4663 quam
1818 4581 2100 4659 adversus

2185 4582 2467 4661 μαρτύριον
2534 4585 2623 4641 καὶ
2679 4585 2869 4655 πάθος,
2957 4584 3066 4663 ἐγὼ
3142 4582 3326 4648 ἐτέθην
3382 4583 3473 4638 καὶ
3532 4580 3834 4661 ἀφωρίσθην

434 4688 574 4733 eum
596 4669 905 4751 gerebant,
939 4670 1043 4732 sed
1075 4678 1132 4732 et
1153 4670 1371 4733 Filium
1396 4670 1842 4735 cruciﬁxerunt.
1868 4669 1943 4733 Et
1963 4671 2100 4752 quia

2183 4669 2366 4754 κήρυξ,
2410 4672 2504 4730 ’ίνα
2553 4681 2834 4754 πανταχοῦ
2871 4673 3150 4754 καταφανῆ
3192 4671 3423 4740 ποιήσω·
3446 4673 3536 4727 τὸν
3587 4670 3833 4749 σταυρόν.

432 4759 569 4841 ipse
600 4750 1030 4840 promissiones
1053 4759 1140 4822 eis
1168 4760 1476 4831 complere
1491 4760 1676 4840 cupit,
1706 4759 1822 4842 ipsi
1839 4750 2100 4823 vero—no-

2196 4750 2411 4830 Ἐπειδὴ
2459 4760 2513 4818 δὲ
2544 4750 2950 4843 ἔμελλε-λέγειν,
2989 4750 3333 4824 «διδάσκαλος
3363 4763 3584 4841 ἐθνῶν,ι
3615 4759 3839 4818 ἄπιστον

432 4848 601 4927 lunt;
632 4848 850 4912 factum
881 4849 1029 4912 dicit
1059 4849 1433 4931 temporibus
1460 4849 1608 4927 suis,
1645 4850 1761 4911 hoc
1781 4857 1873 4911 est
1902 4849 2099 4930 praeﬁ-

2183 4846 2239 4905 δὲ
2281 4849 2449 4908 ἐδόκει
2519 4854 2564 4908 εί
2605 4851 3046 4933 προσεκλήθησαν
3075 4854 3123 4907 οὶ
3172 4848 3316 4907 είδω)
3329 4848 3564 4928 ολάτραι,
3614 4870 3845 4929 προανα-

433 4937 661 5017 guratis
692 4945 750 5001 et
778 4947 952 5000 antea
1007 4938 1270 5001 deﬁnitis
1301 4957 1340 5000 ae
1364 4946 1569 5001 sancta
1599 4958 1668 5001 ac
1700 4938 1869 5001 beata
1898 4938 2098 5000 Trini-

2183 4952 2372 5018 φωνεῖ¹
2398 4964 2427 4995 α
2454 4940 2736 5012 ’Λλήθείαν
2758 4942 2921 5024 λέγω,
2945 4947 3004 5003 οὒ
3023 4940 3304 5020 ψεύδομαι.
3338 4964 3362 4999 ι
3377 4972 3446 4986 -—
3461 4963 3489 4995 ιι
3517 4937 3838 4997 Διδάσκαλὺ-

433 5032 576 5088 tate.
610 5047 634 5083 ι
671 5026 763 5089 Ad
793 5026 952 5108 quod
982 5028 1212 5108 positus
1246 5047 1380 5090 sum
1410 5047 1539 5108 ego.
1583 5052 1605 5085 ι
1644 5029 1735 5092 Ad
1761 5028 1919 5110 quod
1945 5026 2100 5089 testi-

2183 5026 2365 5091 ἐθνῶν.
2407 5052 2435 5086 ι
2493 5029 2711 5099 Ἐπειδὴ
2781 5033 2856 5089 ἔνι
2924 5035 3017 5090 καὶ
3093 5029 3537 5111 παρατρεχόντως
3596 5027 3840 5111 κηρῦξαι,

434 5114 705 5176 monium
729 5123 787 5177 et
819 5118 1175 5197 passionem,
1243 5137 1351 5198 ego
1413 5117 1641 5198 positus
1696 5136 1765 5181 ac
1815 5116 2099 5180 definitus

2183 5117 2446 5200 ἐπήγαγε,
2514 5117 2863 5185 Διδάσκαλος.
2916 5123 2989 5180 O6
3045 5121 3145 5200 γὰρ
3188 5118 3412 5199 ἐκήρυξα
3456 5117 3640 5194 μόνον.
3700 5116 3840 5174 ἀλλὰ

431 5220 565 5264 sum
594 5221 816 5284 praeco,
850 5212 916 5266 ut
968 5204 1194 5288 ubique
1248 5206 1631 5269 manifestum
1662 5206 1870 5269 faciam
1904 5205 2099 5268 crucis

2183 5208 2263 5263 καὶ
2295 5208 2616 5287 παραμένων
2673 5208 2964 5274 ἐδίδασκον,
3015 5218 3182 5269 Τοῦτο
3238 5207 3293 5265 δὲ
3350 5208 3452 5275 τὴν
3474 5209 3592 5287 περὶ
3620 5209 3685 5264 τὰ
3714 5207 3840 5277 ἔθνη

431 5291 804 5373 mysterium.
839 5291 1131 5366 Quoniam
1162 5303 1357 5357 autem
1408 5296 1679 5358 dicturus
1729 5303 1858 5358 erat
1882 5296 2097 5358 doctor

2183 5296 2409 5364 σπουδὴν
2437 5307 2530 5358 τοῦ
2562 5307 2695 5360 Θεοῦ
2745 5299 3086 5364 ἐνδείκνυται,
3144 5323 3171 5355 α
3221 5296 3311 5356 Ἐν
3349 5299 3523 5354 πίστει
3570 5298 3656 5354 καὶ
3691 5296 3839 5365 ἀλη-

427 5380 724 5462 θθηιίιιιηι,
755 5380 1113 5446 incredibile
1140 5391 1337 5446 autem
1369 5383 1680 5448 videbatur
1708 5385 1866 5467 quod
1892 5384 2092 5448 idolo-

2183 5388 2306 5459 θείᾳ.
2347 5410 2377 5442 ι
2402 5385 2622 5457 Ἐπειδὴ
2655 5390 2833 5465 εἶπεν,
2871 5387 2960 5449 Ἐν
2990 5392 3187 5464 πίστει,
3242 5388 3337 5444 ’ἕνα
3366 5389 3442 5465 μή
3500 5409 3582 5450 τις
3615 5408 3840 5464 νομισῃ,

430 5468 600 5536 latras
625 5478 827 5535 essent
855 5470 1122 5533 advocati
1154 5472 1228 5534 ad
1276 5472 1552 5552 salutem,
1588 5474 1725 5536 ideo
1757 5473 2084 5555 praemittit,

2183 5473 2254 5532 ὅτι
2285 5476 2468 5543 ἀπάτη
2528 5474 2691 5554 ἐστὶν,
2751 5479 2963 5560 ἐπάγει,
3022 5477 3113 5538 Ἐν
3161 5476 3404 5551 ἀληθείᾳ.
3465 5476 3537 5535 Οὗ
3588 5496 3845 5555 κηρυσσω

508 5639 566 5690 ¹8
593 5639 779 5705 Exod.
818 5656 1021 5717 χχιιι.
1058 5640 1176 5723 35;
1211 5640 1264 5704 ΙΙ
1293 5641 1431 5706 Cor.
1463 5658 1551 5717 ιιι,
1595 5642 1690 5706 13.
