4188 6448
355 416 466 482 157

1419 416 1815 480 COMMENT.
1865 417 1947 480 IN
1994 417 2236 480 EPIST.
2288 420 2311 481 Ι
2355 420 2456 482 AD
2500 417 2820 481 TIMOTH.

3621 410 3741 477 158

358 550 596 627 περὶτῆς
655 545 790 611 Εὔας
836 547 903 615 ἦν
960 547 1130 623 μόνης
1182 549 1210 604 ὁ
1266 545 1429 626 λόγος
1491 552 1654 627 αὐτῷ,
1712 547 1850 606 ἀλλὰ
1891 550 1999 626 περῖ

2093 566 2275 610 versze
2300 548 2693 629 praevaricata:
2724 555 2881 611 sunt.
2922 573 2947 603 «
2983 546 3153 611 Salva
3201 555 3400 607 tamen
3433 545 3560 608 ﬁet.
3586 569 3608 603 ι
3633 545 3739 606 Vi-

361 641 452 697 τοῦ
478 640 658 695 κοινοῦ
684 642 789 693 τῶν
841 641 1105 714 γυναικῶν
1164 638 1550 718 συστήματος,
1615 660 1642 692 α
1702 639 2010 708 Σωθήσεται

365 728 483 806 γὰρ,
516 728 669 807 φησὶ,
714 723 800 782 διὰ
840 725 938 794 τῆς
966 724 1324 805 τεκνογονίας,
1360 749 1389 781 ι
1449 730 1554 807 οὐχ
1595 726 1630 794 ἡ
1689 725 1794 783 Εὔα
1822 726 2006 802 μόνον,

368 815 501 874 ἀλλὰ
526 821 672 874 πᾶσα
700 816 854 893 γυνή.
887 835 912 872 ε
947 816 1288 893 Τεκνογονίαν
1325 836 1349 873 υ
1383 811 1437 871 δέ
1465 836 1619 896 φησι,
1659 815 1721 871 τὸ
1741 815 1819 891 μὴ
1850 815 2011 891 μόνον

363 917 561 978 τεκεῖν,
617 901 758 961 ἀλλὰ
826 906 913 961 καὶ
987 904 1123 961 κατὰ
1194 905 1325 961 Θεὸν
1398 905 1717 984 ἀναγαγεῖν.
1788 905 1849 961 Τί
1922 904 2011 961 οὖν

366 994 507 1053 εἴποι
555 1016 660 1074 τις,
706 997 758 1050 αἱ
800 991 1046 1076 παρθένοι
1089 995 1177 1051 καὶ
1237 1006 1462 1074 στεῖραι,
1525 996 1614 1052 καὶ
1668 989 1883 1058 ἄπαιδες
1925 991 2012 1052 καὶ

370 1089 532 1163 χῆραι
586 1081 973 1163 ἇπολώλασινς
1040 1082 1273 1161 Απαγεε
1336 1086 1396 1142 οὖ
1458 1082 1559 1163 γὰρ
1609 1082 1764 1140 τοῦτό
1824 1105 2007 1164 φησιν,

376 1172 452 1229 ὅτι
478 1170 528 1237 ἐξ
569 1171 756 1236 οἰκείας
812 1171 1005 1252 ἀρετῆς
1049 1174 1108 1230 οὐ
1162 1172 1489 1242 σωθήσονται
1527 1187 1540 1201 ⁶
1604 1169 1726 1228 ἀλλ’
1781 1170 1862 1228 ὅτι
1920 1175 2008 1229 καὶ

373 1262 406 1329 ἡ
447 1258 743 1339 τεκνογονία
769 1259 916 1317 ἔσται
966 1262 1153 1324 αὐταῖς
1206 1260 1463 1341 πρόφασις
1518 1262 1803 1341 σωτηρίας,
1866 1260 2006 1318 ἐκεί-

373 1371 454 1405 νου
494 1347 938 1430 ὡμολογημένου,
996 1349 1086 1406 τοῦ
1132 1346 1183 1415 ἐξ
1226 1349 1419 1414 οἰκείας
1475 1349 1667 1429 ἀρετῆς
1728 1354 2002 1421 σώζεσθαι,

372 1459 397 1494 ι
444 1436 566 1496 Ἐὰν
602 1439 852 1513 μείνωσιν
882 1438 938 1495 ἐν
966 1442 1160 1502 πίστει,
1216 1462 1243 1494 ι
1294 1437 1440 1512 Ἐὰν,
1502 1441 1653 1520 φησὶ,
1697 1441 2005 1521 στεφανίτας

362 1533 568 1607 Χριστῷ
616 1528 810 1607 θρέψῃ,
872 1528 958 1584 καὶ
1014 1526 1301 1603 ἐμμείνωσι
1343 1535 1414 1606 τῇ
1457 1527 1642 1608 ἀρετῇ.
1702 1528 1763 1586 Τί
1817 1528 1905 1586 οὗν
1965 1533 2009 1587 εἰ

362 1618 493 1682 αὗτή
540 1619 683 1686 κακὴ
736 1618 795 1700 ᾗ,
864 1618 1139 1699 ἀναθρέψει
1189 1616 1243 1674 δὲ
1299 1617 1478 1683 καλῶς
1514 1640 1530 1701 ;
1594 1617 1868 1676 Ἀδύνατον
1912 1619 2007 1695 μὲν

362 1707 458 1774 τὴν
487 1708 659 1776 κακὴν
713 1707 1006 1787 ἀναγαγεῖν
1030 1706 1210 1771 καλῶς
1244 1723 1259 1737 ’
1319 1707 1462 1776 πλὴν
1518 1710 1561 1765 εἰ
1611 1707 1853 1789 γένηται,
1911 1731 2008 1784 μι-

2095 637 2201 699 des
2230 639 2385 720 quod
2412 657 2529 700 non
2560 638 2634 700 de
2661 638 2786 699 sola
2827 636 2945 700 Eva
2971 636 3085 719 ipsi
3130 654 3328 698 sermo
3352 642 3500 710 erat,
3535 633 3638 696 sed
3662 634 3739 696 de

2095 727 2397 789 Communi
2420 727 2737 789 mulierum
2769 726 3065 803 sodalitio,
3100 725 3181 787 ait
3208 722 3616 785 cnimuSalva
3637 723 3738 785 ﬁet

2096 832 2202 895 per
2229 816 2555 881 liberorum
2582 817 3087 897 generationem,»
3100 833 3217 876 non
3249 813 3376 876 sola
3400 815 3540 885 Eva,
3557 811 3661 875 sed
3679 820 3736 874 et

2097 904 2318 985 quaevis
2358 906 2595 969 mulier.
2619 908 2797 966 Vel-at
2820 918 3017 966 au‘em
3039 903 3371 982 τεκνογονίαν
3394 920 3511 963 non
3542 900 3735 962 solum

2098 1012 2329 1074 parere,
2362 1012 2564 1059 verum
2598 994 2773 1057 etiam
2823 994 2893 1057 ad
2926 994 3113 1057 Deum
3142 991 3547 1055 introducere.
3580 989 3735 1062 Quid

2093 1083 2306 1162 igitur?
2331 1084 2488 1146 dicet
2507 1085 2822 1166 aliquis,an
2850 1091 3099 1166 pereunt
3117 1082 3374 1162 virgines
3398 1090 3454 1142 et
3476 1080 3733 1153 steriles,

2086 1192 2336 1255 quaeque
2362 1174 2567 1236 liberis
2595 1185 2800 1237 carent
2831 1193 2900 1236 ac
2930 1173 3165 1235 viduae?
3210 1170 3494 1235 Minime!
3543 1187 3736 1250 neque

2087 1262 2244 1323 enim
2279 1263 2389 1324 hoc
2421 1263 2601 1338 dicit;
2633 1283 2749 1344 quo
2777 1266 2789 1322 Ι
2825 1281 2931 1324 sua
2964 1262 3176 1323 virtute
3203 1259 3377 1323 salvm
3408 1277 3524 1320 non
3549 1258 3732 1333 ﬁant;

2086 1351 2217 1429 sed,
2252 1353 2407 1431 quod
2439 1351 2615 1413 etiam
2649 1352 2971 1413 liberorum
2999 1349 3307 1431 generatio
3359 1347 3471 1409 eiit
3499 1346 3733 1408 occasio

2093 1441 2321 1517 salutis,
2352 1460 2488 1503 cum
2519 1443 2633 1504 hoc
2662 1442 2723 1503 in
2752 1440 3022 1504 confesso
3061 1440 3137 1501 sit
3165 1438 3320 1520 quod
3371 1456 3447 1499 ex
3495 1436 3735 1517 propria

2095 1528 2309 1590 virtute
2368 1530 2550 1592 salvae
2587 1531 2747 1592 tiant.
2791 1556 2812 1585 α
2848 1529 2912 1593 Si
2959 1526 3286 1591 manserint
3330 1529 3388 1587 in
3431 1523 3569 1587 ﬁde.
3608 1548 3633 1578 ιι
3672 1522 3767 1586 Si-

2092 1618 2320 1681 Christo
2373 1619 2630 1681 athletas
2686 1618 3087 1689 educaverint,
3145 1625 3204 1678 et
3245 1614 3457 1677 virtute
3492 1629 3729 1673 manse-

2091 1706 2232 1771 rint.
2267 1706 2415 1780 Quid
2449 1727 2588 1789 ergo
2611 1708 2661 1770 si
2693 1708 2818 1790 ipsa
2851 1707 3002 1769 mala
3033 1705 3230 1777 fuerit,
3253 1713 3311 1766 et
3338 1704 3491 1765 bene
3521 1701 3733 1790 educa-

354 1798 474 1853 σθὸν
531 1794 655 1862 ἔξει.
702 1796 763 1855 Τί
817 1794 873 1852 δὲ
931 1798 974 1853 εἰ
1028 1795 1168 1866 καλὴ
1222 1797 1351 1854 οὖσα
1393 1797 1562 1866 κακῆς
1592 1795 1766 1864 ἀνάξει
1799 1787 1999 1874 ,Ἀπ-

2089 1793 2277 1858 verit?
2310 1794 2472 1858 Fieri
2520 1787 2683 1858 certe
2718 1787 2947 1877 Vnequit
2992 1803 3054 1856 ut
3106 1811 3238 1874 quae
3284 1791 3437 1852 mala
3461 1797 3550 1851 est
3579 1787 3734 1877 bene

356 1885 529 1942 ώνατο
554 1890 655 1953 τῆς
703 1887 890 1951 κακίας
937 1891 1042 1942 τῶν
1102 1884 1323 1965 παίδων.
1373 1888 1472 1945 Καὶ
1514 1886 1709 1965 μάρτυς
1770 1885 1916 1943 Ἠλεὶ
1973 1888 2001 1942 ὁ

354 1973 540 2053 ἱερεύς.
583 1996 606 2029 ι
641 1976 837 2039 Πιστὸς
862 1976 891 2031 ὁ
940 1972 1124 2053 λόγος.
1165 1997 1189 2029 ο
1254 1964 1383 2033 "Ott
1427 1964 1760 2056 δυνήσονται,
1816 1977 1999 2057 φησὶν,

352 2064 399 2118 0!
427 2061 673 2143 πατέρες,
706 2061 1090 2121 συναπολαύειν
1133 2064 1228 2132 τῆς
1259 2064 1452 2144 ἀρετῆς
1483 2073 1589 2123 τῶν
1618 2063 1837 2124 παίδων.

999 2336 1225 2389 ΚΕΦΑΛ
1267 2321 1369 2406 ς·’.

750 2439 783 2480 ‹
827 2420 948 2498 Περὶ
974 2419 1166 2497 ἀρετῆς
1206 2419 1532 2483 ἐπισκόπων.
1569 2445 1596 2478 ι

433 2530 461 2560 α
540 2507 609 2564 Εἴ
654 2531 735 2573 τις
778 2508 1077 2574 ἐπισκοπῆς
1130 2508 1392 2591 ὀρέγεται,
1450 2510 1618 2570 καλοῦ
1667 2511 1820 2593 ἔργου
1875 2514 2000 2570 ἐπι-

343 2598 524 2672 θυμεῖ.
639 2608 736 2655 Δεῖ
845 2600 933 2655 οὖν
1037 2600 1129 2656 τὸν
1228 2600 1539 2682 ἐπίσκοπον,
1642 2601 1997 2671 ἀνεπίληπτον

347 2686 518 2767 εἶναι,
580 2693 706 2763 μιᾶς
780 2690 1027 2766 γυναικὸς
1097 2688 1277 2769 ἄνδρα,
1364 2689 1643 2771 νηφάλιον,
1731 2693 1996 2773 σώφρονα,

344 2775 599 2852 κόσμιον,
698 2776 989 2858 φιλόξενον,
1103 2777 1397 2838 διδακτικόν
1432 2798 1444 2811 ’
1556 2782 1634 2855 μὴ
1728 2783 1994 2861 πάροινον,

344 2865 422 2941 μὴ
527 2864 804 2942 πλήκτην,
901 2869 979 2945 μὴ
1071 2867 1448 2950 αἰσχροκερδῆ,
1542 2868 1685 2927 ἀλλ’·
1765 2871 1998 2949 ἐπιεικῆ,

345 2956 593 3037 ἄμαχον,
625 2956 1006 3038 άπιλάργυρον,
1040 2960 1132 3015 τοῦ
1156 2956 1284 3015 ἰδίου
1337 2957 1490 3015 οἴκου
1538 2957 1714 3025 καλῶς
1747 2961 2003 3040 προϊστά-

344 3066 527 3121 μενον,
564 3043 725 3102 τέκνα
756 3046 952 3127 ἔχοντα
1008 3045 1061 3104 ἐν
1111 3049 1353 3127 ὑποταγῇ
1398 3048 1533 3123 μετὰ
1602 3049 1779 3117 πάσης
1812 3050 2001 3125 σεμνό-

340 3156 519 3202 τητος.
561 3157 589 3193 υ

421 3226 566 3304 Πρὸς
613 3224 866 3301 Τιμόθεον
910 3226 1146 3306 γράφων,
1194 3225 1415 3284 δείκνυσι
1472 3227 1764 3293 καθολικῶς
1810 3231 1998 3286 ὁποῖον

341 3315 481 3372 εἶναι
516 3314 639 3396 χρὴ
667 3316 759 3371 τὸν
814 3314 1122 3373 ἐπίσκοπον.
1177 3340 1204 3371 α
1251 3315 1425 3376 Καλοῦ
1482 3315 1632 3397 ἔργου
1658 3318 1926 3395 ἐπιθυμεῖ.
1966 3344 1990 3374 n

341 3404 445 3461 03x
492 3402 738 3484 ἒγκὰλῶ,
785 3406 935 3485 φησί.
1000 3404 1174 3464 Καλοῦ
1229 3405 1381 3486 ἔργου
1437 3406 1696 3487 τουτέστι,
1759 3406 1994 3487 λειτουρ-

339 3495 454 3572 γίας
512 3497 611 3555 καὶ
666 3495 1011 3576 προστασίας,
1070 3495 1339 3571 ἐπιθυμεῖ,
1386 3495 1438 3552 εἶ’
1485 3518 1545 3574 γε
1598 3493 1683 3552 διὰ
1740 3497 1836 3564 τὴν
1892 3505 1995 3554 τῶν

339 3584 558 3643 πολλῶν
621 3582 864 3665 ὁδηγίαν,
906 3585 993 3641 καὶ
1044 3585 1105 3641 οὐ
1163 3583 1247 3642 διὰ
1302 3582 1450 3652 δόξαν
1510 3585 1776 3663 ἐπιθυμεῖ.
1839 3587 1995 3645 Ἐπί-

336 3694 535 3738 σκοπος
599 3673 701 3752 γὰρ
771 3672 1009 3752 εἴρηται,
1082 3671 1167 3730 διὰ
1230 3676 1292 3731 τὸ
1350 3674 1664 3732 ἐπισκοπεῖν
1731 3674 1992 3741 ἅπαντας,

340 3759 488 3821 Ἐπεὶ
542 3762 648 3821 καί
703 3766 934 3832 Μωϋσῆς
975 3764 1329 3841 ἐπεθύμησεν,
1388 3761 1509 3820 ἀλλ’
1564 3768 1624 3824 οὗ
1682 3762 1767 3822 διὰ
1819 3763 1992 3840 δόξαν,

337 3852 473 3910 ἀλλὰ
528 3852 624 3911 διὰ
650 3854 712 3910 τὸ
767 3852 1031 3934 συμφέρον
1085 3867 1202 3917 τοῖς
1241 3852 1491 3919 πολλοῖς.
1533 3877 1563 3910 α
1609 3851 1994 3924 Ἀνεπίληπτον

338 3944 504 4004 εἶναι.
553 3963 591 4004 ι
662 3934 784 4001 Ἵνα
844 3942 1011 4020 μηδὲν
1066 3944 1236 4019 ἑαυτῷ
1290 3946 1455 4002 κακὸν
1496 3941 1751 4004 σύνοιδεν.
1796 3946 1855 4002 Εἰ
1896 3945 1998 4024 γὰρ

339 4033 564 4110 σύνοιδε,
643 4034 819 4100 κακῶς
882 4048 1031 4093 ποιεῖ
1084 4035 1348 4112 ἐπιθυμῶν
1406 4034 1728 4116 ἐπισκοπῆς,
1791 4037 1859 4103 ἧς
1914 4033 1997 4091 διὰ

337 4131 439 4183 τῶν
513 4124 690 4205 ἔργων
765 4125 949 4182 ἑαυτὸν
1003 4123 1379 4204 ἧλλοτρίωσεν.
1445 4149 1473 4181 α
1535 4131 1672 4189 Μιᾶς
1748 4127 1994 4206 φυναικὸς

336 4214 517 4295 ἄνδρα.
557 4238 592 4271 ι
646 4216 721 4274 Οὗ
770 4215 924 4272 τοῦτο
974 4218 1275 4294 νομοθετεῖ,
1305 4213 1386 4271 ὅτι
1414 4214 1521 4273 ἀπὸ
1564 4216 1811 4293 γυναικὸς
1854 4216 1995 4272 εἶναι

336 4301 417 4362 δεῖ
470 4305 694 4367 πάντως
737 4305 830 4360 τὸν
884 4302 1194 4384 ἐπίσκοπον,
1250 4302 1370 4359 ἀλλ’
1441 4306 1486 4361 εί
1523 4306 1743 4386 γίνεται,
1803 4308 1993 4386 φησιν,

335 4393 438 4452 ἀπὸ
479 4400 789 4475 κοσμικῶν,
862 4394 941 4470 μὴ
1002 4391 1094 4462 εἵη
1150 4375 1557 4473 δευτερόγαμοςξ
1611 4375 1669 4453 ’ᾗ
1727 4375 1826 4452 ότι.
1874 4375 1998 4471 μίαν

2083 1882 2359 1956 instruat;
2390 1884 2442 1947 si
2472 1894 2667 1947 tamen
2692 1884 2770 1947 ita
2800 1876 3271 1959 ﬁat,mercedem
3302 1878 3561 1942 habebit.
3578 1876 3731 1949 Quid

2084 1979 2284 2034 autem
2313 1974 2364 2035 si
2411 1992 2546 2036 cum
2597 1973 2753 2036 bona
2801 1974 2999 2049 fuerit,
3038 1972 3189 2033 male
3218 1967 3479 2032 educet?
3508 1966 3733 2029 Malitia

2086 2058 2314 2121 fruetur
2339 2060 2624 2125 ﬁliorum.
2660 2061 2856 2124 Testis
2882 2070 2970 2123 est
3003 2061 3093 2123 Eli
3125 2056 3492 2121 sacerdos“.
3533 2080 3558 2111 α
3592 2057 3735 2116 Cer-

2084 2157 2177 2209 tus
2210 2167 2433 2214 sermo.
2463 2176 2490 2207 ι
2530 2170 2747 2232 nempe
2776 2151 2935 2233 quod
2979 2156 3249 2232 poterunt
3285 2155 3481 2228 patres
3511 2162 3579 2206 ac
3604 2161 3731 2204 ma-

2084 2245 2204 2299 tres
2225 2238 2341 2300 t‘rui
2376 2239 2586 2302 virtute
2617 2241 2900 2302 ﬁliorum.

2711 2328 2956 2394 CAPUT
2997 2327 3097 2393 VI.

2422 2420 2562 2480 224
2593 2420 2677 2482 De
2700 2423 2926 2484 virtute
2954 2423 3390 2502 episcoporum.

2170 2508 2215 2587 l,
2245 2507 2374 2571 1-4.
2400 2511 2622 2591 Siquis
2644 2512 2901 2592 rpiswpi
2922 2528 3141 2573 munus
3154 2507 3403 2589 appetit,
3424 2505 3733 2566 honestum

2082 2614 2233 2677 opus
2255 2598 2851 2679 desiderat.0portet
2869 2601 3061 2678 igitur
3082 2604 3428 2681 episcopum
3463 2595 3731 2671 irrepre-

2081 2685 2800 2765 hensibilemessgunius
2812 2691 3025 2752 uxoris
3036 2681 3734 2763 maritumwigilantem.

2082 2776 2374 2868 sobrium,
2407 2779 2764 2861 modestum,
2795 2779 3389 2860 lzospilalem,aptum
3413 2772 3491 2833 ad
3515 2772 3733 2868 doceat:-

2084 2865 2386 2946 dum,non
2411 2868 2928 2945 vinolentummon
2952 2877 3518 2948 percussoremMO"
3544 2865 3733 2948 ίδινΡί·

2087 2961 2181 3015 ter
2211 2954 2369 3018 lucri
2415 2957 2802 3033 avr‘dum,sed
2846 2947 3386 3038 aequummienum
3414 2967 3452 3012 a
3486 2947 3726 3028 pugnis,

2084 3044 2984 3127 alienumabavaritiazquisuae
3016 3048 3223 3109 domu:
3240 3038 3730 3121 benepraesihqui

2017 3133 2059 3185 C
2082 3130 2299 3196 liberos
2311 3135 2522 3199 habeat
2546 3142 2608 3198 in
2634 3137 3001 3216 subjectiune
3018 3153 3153 3199 cum
3173 3133 3339 3196 omni
3360 3131 3727 3191 reverentia.

2164 3223 2254 3285 Ad
2272 3223 2649 3289 Timotheum
2673 3221 3231 3300 scribens,ostendit
3263 3224 3319 3282 in
3349 3235 3571 3299 genere
3592 3234 3730 3297 qua-

2082 3312 2197 3374 lem
2254 3324 2521 3395 oporteat
2578 3335 2708 3378 esse
2761 3316 3105 3396 episcopum
3170 3338 3194 3368 u
3231 3310 3557 3372 Honestum
3581 3324 3730 3385 opus

2081 3402 2400 3465 desiderat.
2439 3430 2464 3460 ι)
2505 3403 2628 3467 Non
2683 3404 3084 3488 reprehendo,
3131 3401 3346 3483 inquit.
3401 3399 3725 3488 ﬂonestum

2081 3510 2250 3572 opus,
2286 3512 2501 3574 nempe
2562 3482 2827 3557 muneris
2855 3513 2923 3557 ac
2956 3482 3348 3575 praesidentia:
3403 3482 3724 3555 desiderat,

2080 3580 2256 3642 modo
2287 3581 2545 3662 plurium
2569 3585 2972 3665 juvandorum
2997 3582 3187 3663 gratia
3240 3587 3301 3643 et
3330 3595 3449 3639 non
3484 3577 3732 3665 propter

2077 3660 2325 3751 gloriam
2358 3660 3023 3756 desideret.Episcopus
3046 3671 3206 3734 enim
3239 3668 3362 3730 sive
3392 3660 3731 3756 speculator

2077 3758 2275 3823 dictus
2305 3767 2415 3841 est,
2441 3763 2601 3843 quod
2627 3752 2935 3826 universos
2965 3760 3312 3843 speculetur
3338 3762 3400 3818 et
3426 3752 3724 3843 observet.

2078 3850 2369 3923 Quoniam
2420 3842 2479 3915 et
2528 3855 2757 3935 Moyses
2802 3842 3042 3935 cupivit,
3077 3860 3137 3913 at
3167 3868 3285 3911 non
3327 3852 3569 3928 propter
3595 3842 3725 3935 glo-

2078 3940 2251 4013 riam,
2283 3941 2389 4004 sed
2422 3933 2665 4024 propter
2685 3933 2993 4006 utilitatem
3028 3933 3232 4004 multis
3254 3933 3726 4024 ferendamxlrf

2078 4021 2614 4111 reprehensi—bilem
2671 4052 2825 4097 esse.
2888 4030 2963 4097 Ut
3021 4028 3240 4093 nullius
3292 4026 3432 4090 mali
3489 4023 3566 4085 sit
3611 4021 3727 4084 sibi

2080 4122 2394 4196 conscius;
2425 4121 2477 4185 si
2508 4122 2666 4184 enim
2699 4122 2814 4185 sibi
2838 4122 2916 4187 sit
2946 4125 3244 4199 conscius,
3278 4118 3431 4180 male
3450 4117 3588 4179 facit
3615 4135 3722 4178 cu-

2080 4209 2298 4289 piendo
2330 4210 2597 4294 episcopi
2627 4232 2864 4287 munus,
2897 4232 2931 4275 a
2963 4231 3077 4293 quo
3107 4228 3213 4292 per
3241 4226 3421 4291 opera
3466 4207 3730 4289 seipsum

2080 4298 2219 4362 fecit
2269 4300 2553 4363 alienum.
2616 4325 2638 4361 ι
2688 4302 2878 4367 Unius
2920 4300 3121 4364 uxoris
3181 4298 3478 4361 maritum.
3523 4322 3547 4353 ιι
3601 4298 3731 4360 Νοη

2080 4391 2287 4453 statuit
2312 4401 2373 4453 ut
2400 4393 2473 4454 ab
2505 4412 2689 4456 uxore
2709 4393 2968 4473 pendeat
2994 4390 3333 4472 episcopus,
3366 4394 3733 4449 autuxorem

334 4481 482 4540 ἰδέτω
539 4482 683 4561 πρὸς
751 4480 890 4557 μίξιν
934 4496 1162 4560 γυναῖκα
1206 4484 1303 4550 τὴν
1358 4485 1583 4559 νομικήν
1619 4500 1633 4514 ⁸
1694 4482 1860 4565 πλὴν,
1904 4483 1998 4540 ἵνα

2085 4485 2422 4545 necessario
2454 4482 2689 4560 habeat;
2719 4483 2824 4546 sed
2855 4482 2906 4543 si
2940 4483 3057 4554 fiat,
3089 4478 3302 4560 inquit,
3325 4497 3357 4539 e
3389 4475 3728 4565 mundanis,

336 4575 461 4653 πρὸς
521 4573 828 4640 ἐπισκοπὴν
900 4571 1139 4647 κληθεὶς,
1184 4572 1360 4630 ἐκεῖνο
1404 4572 1608 4653 πληροῖ
1642 4590 1655 4604 '
1714 4596 1741 4629 α
1791 4562 1915 4631 Ἵνα
1954 4577 2001 4631 οἱ

336 4660 582 4744 ἔχοντες,
646 4662 799 4742 φησὶ,
834 4674 1115 4740 γυναῖκας,
1161 4663 1234 4725 ὡς
1285 4662 1363 4739 μὴ
1393 4660 1610 4743 ἔχοντες
1639 4663 1762 4724 ὦσι.
1804 4685 1826 4718 ε
1878 4665 1998 4737 Καὶ,

345 4774 372 4806 ι
404 4750 578 4833 Θέλω,
603 4751 810 4815 πάντας
854 4751 996 4808 εἶναι
1058 4754 1131 4815 ὡς
1186 4751 1360 4831 κάγὼ,
1398 4770 1429 4811 )
1478 4754 1636 4833 φησὶν
1694 4754 1722 4809 ὁ
1766 4751 1994 4817 Παῦλος.

344 4842 458 4916 Καὶ,
499 4865 524 4898 ι
566 4832 627 4900 Ὀ
657 4842 933 4919 γαμήσας,
992 4846 1220 4920 μεριμνᾷ
1271 4841 1336 4898 τὰ
1391 4832 1749 4918 τοῦίκόσμου.
1782 4864 1811 4897 ι
1878 4843 1999 4907 [Ιῶς

342 4930 426 4987 οὖν
511 4930 717 4988 δίκαιον
786 4931 1072 5012 φροντίζειν
1148 4937 1422 5007 κοσμικῶν
1500 4931 1827 5011 πραγμάτων
1908 4934 1999 4989 τὸν

345 5018 677 5100 ἐπίσκοπονς
753 5019 901 5085 Τινὲς
959 5018 1014 5076 δὲ
1073 5020 1192 5100 περὶ
1250 5018 1568 5088 Ἐκκλησίας
1635 5019 1789 5077 τοῦτό
1842 5044 1998 5102 φασιν

343 5108 493 5166 αὗτδν
522 5107 817 5190 εἰρηκέναι,
864 5108 958 5165 ’ίνα
1000 5110 1078 5185 μὴ
1109 5104 1315 5186 μεταϐῇ
1342 5109 1448 5166 ἀπὸ
1481 5107 1649 5177 ἄλλης
1675 5111 1752 5190 εἰς
1782 5108 1951 5179 ἄλλην
1974 5129 1990 5145 '

344 5179 585 5276 μοιγεία¹
621 5200 722 5278 γὰρ
778 5179 840 5255 τὸ
895 5179 1140 5279 πρᾶγμαν.
1185 5222 1213 5254 α
1274 5179 1570 5280 ἀηφάλιον.
1610 5218 1640 5258 ι
1675 5179 1993 5279 νΑγρυπνον,

344 5285 664 5362 διορατικὸν,
723 5287 909 5361 ζέοντα
959 5295 1036 5363 τῷ
1064 5289 1346 5365 πνεύματι.
1387 5312 1414 5343 ιι
1454 5286 1785 5349 Διδακτικόν.
1823 5312 1850 5344 ιο
1888 5292 2000 5358 Τὴν

347 5375 438 5454 γὰρ
480 5378 850 5457 σωφροσύνην,
908 5378 997 5435 καὶ
1063 5377 1162 5446 τὴν
1215 5376 1571 5458 κοσμιότητα,
1615 5380 1703 5436 καὶ
1744 5380 1843 5447 τὴν
1897 5403 1991 5461 φι-

2085 4588 2204 4631 non
2235 4570 2311 4633 sit
2340 4572 2547 4634 saltem
2584 4572 3001 4652 bigamus.Aut
3032 4568 3222 4651 quoad
3254 4564 3731 4631 commistionem

2084 4657 2318 4721 unicam
2353 4662 2583 4724 noverit
2626 4662 2949 4741 l--gitimam
3002 4677 3272 4739 uxorem,
3308 4656 3394 4719 ita
3441 4663 3635 4716 tamen
3670 4661 3732 4713 ut

2082 4758 2321 4812 vocatus
2367 4750 2440 4812 ad
2493 4752 2757 4833 episcopi
2805 4768 3019 4813 munus
3048 4748 3191 4810 illud
3238 4742 3731 4825 cornpleatcht

2083 4838 2185 4918 qui
2218 4839 2438 4902 habent
2466 4859 2679 4903 uxores
2709 4841 2826 4903 sint
2859 4848 3137 4919 tanquam
3171 4854 3286 4898 non
3314 4833 3625 4906 habeant;o
3647 4838 3727 4919 et:

2088 4952 2114 4983 «
2140 4928 2287 4990 Volo
2320 4948 2528 4991 omnes
2550 4948 2681 4991 esse
2699 4930 2853 4993 sicut
2875 4937 2932 4990 et
2967 4918 3097 5006 ego,
3133 4949 3155 4982 ιι
3186 4923 3377 5004 inquit
3411 4921 3623 4983 Paulus
3649 4918 3726 4979 ἥ.

2088 5042 2111 5072 ιι
2147 5015 2257 5090 Qui
2277 5036 2520 5080 uxorem
2552 5018 2740 5095 duxit,
2786 5025 2949 5079 curat
3000 5034 3132 5096 quae
3181 5010 3387 5074 mundi
3418 5009 3655 5072 sunt95.
3696 5031 3721 5065 ιι

2080 5104 2389 5179 Quomodo
2423 5127 2562 5185 ergo
2595 5126 2830 5188 aequum
2882 5114 2970 5169 est
3025 5112 3091 5167 ut
3131 5101 3431 5165 mundana
3490 5099 3731 5180 negotia

2081 5205 2249 5260 curet
2280 5196 2647 5280 episcopus?
2675 5196 2925 5270 Quidam
2957 5204 3155 5257 autem
3188 5189 3541 5280 deEcclesia
3562 5189 3730 5280 aiunt

2083 5284 2197 5348 hoc
2227 5276 2366 5349 eum
2399 5276 2645 5370 dixisse,
2681 5305 2755 5349 ne
2787 5286 2860 5349 ab
2895 5303 3011 5348 una
3048 5283 3261 5363 migret
3295 5282 3382 5370 adi
3419 5278 3622 5352 aliam,
3665 5276 3723 5337 id

2082 5376 2243 5438 enim
2274 5369 2635 5441 adulterium
2664 5385 2773 5440 est.
2813 5401 2841 5433 α
2874 5374 3251 5455 Vigilantem.
3292 5396 3316 5428 ο
3360 5369 3724 5442 [nsomnem,

343 5460 566 5530 λοξενίαν
636 5468 772 5523 κατὰ
828 5467 950 5533 τοὺς
1004 5465 1334 5548 ἀρχομένους
1407 5465 1557 5547 ἔχειν
1626 5469 1763 5548 χρή.
1822 5474 1993 5548 Προσ-

2083 5476 2289 5530 cuncta
2320 5465 2805 5549 perspicientem,
2837 5463 3046 5548 spiritu
3078 5463 3429 5526 ferventem.
3457 5482 3485 5520 ι
3504 5462 3724 5549 Aptum

344 5550 522 5621 έθηκεν
581 5554 672 5611 οὖν
710 5555 773 5614 τὸ
818 5553 1133 5613 διδασκάλω
1203 5552 1363 5636 ἴδιον,
1422 5553 1718 5614 διδακτικὸν
1775 5558 1938 5615 εἰπών
1969 5577 1986 5596 ο

2083 5555 2145 5620 ad
2172 5548 2535 5622 docendum.
2567 5582 2593 5613 ι
2630 5555 3029 5620 Sobrietatem
3058 5570 3337 5633 namque,
3370 5548 3722 5615 modestiam

418 5720 467 5773 ’ί
502 5723 527 5787 I
558 5723 703 5805 Reg.
736 5740 904 5790 lI-IV.
989 5721 1106 5787 221
1134 5722 1271 5788 Cor.
1306 5740 1413 5804 vn,
1443 5728 1504 5786 7.
1593 5723 1646 5768 23
1675 5722 1827 5791 ibid.
1857 5725 1961 5792 33.
