4188 6470
455 313 574 379 163

1071 448 1319 515 CAPUT
1351 448 1477 513 VII.

869 538 956 602 De
981 540 1194 603 divina
1227 540 1672 602 incarnatione.

529 625 630 702 IIl,
658 628 745 689 t6.
778 628 854 691 Et
875 630 1028 691 citra
1049 629 1520 691 controversiam
1540 643 1845 709 magnum
1865 633 1951 688 est
1966 626 2071 706 pie

451 717 598 777 tatis
624 722 997 796 mysterium.
1039 717 1196 780 Deus
1225 718 1651 796 manifestatus
1679 725 1771 779 est
1796 717 1860 777 in
1883 732 2092 790 rarne,

437 805 813 883 justi/ionius
860 815 945 868 est
983 809 1048 868 in
1073 808 1328 887 spiritu,
1361 807 1623 869 visusest
1644 804 1900 886 angelis,
1930 822 2094 885 prae-

445 892 682 956 dicatus
709 901 795 958 est
814 894 1115 974 gentibus,
1140 894 1288 974 ﬁdes
1306 893 1405 957 illi
1422 895 1635 957 habita
1656 895 1828 956 estin
1850 892 2097 972 mundo,

444 990 789 1064 assumptus
818 992 904 1047 est
926 984 992 1046 in
1018 985 1249 1066 gloria.

526 1072 667 1132 228
701 1098 725 1128 ιι
761 1076 919 1137 Citra
952 1073 1439 1135 controversiam.
1479 1096 1502 1132 υ
1552 1071 1739 1134 Nemo
1803 1071 1963 1133 enim
2021 1071 2100 1134 de

444 1160 558 1221 hoc
591 1159 858 1241 ambigit.
886 1160 956 1222 Et
979 1180 1255 1240 magnum
1284 1170 1395 1238 est,
1434 1171 1488 1223 et
1527 1160 1871 1242 mysterium
1897 1169 2006 1235 est,
2045 1178 2106 1236 ει

446 1251 681 1330 pietatis
711 1250 1055 1332 mysterium
1079 1258 1172 1312 est
1201 1251 1351 1312 ﬁdes
1380 1269 1510 1332 quaa
1541 1252 1601 1312 in
1635 1250 1808 1312 nobis
1851 1260 1963 1331 est,
1992 1269 2103 1317 nec

450 1339 631 1401 ullam
710 1339 888 1402 habet
964 1339 1420 1402 haesitationem.
1503 1339 1764 1401 Videsne
1839 1337 2102 1419 gradus?

449 1451 473 1485 α
509 1427 669 1491 Deus
704 1428 1107 1493 manifestatus
1137 1437 1229 1492 est
1259 1429 1319 1490 in
1351 1448 1550 1505 carne,
1581 1454 1604 1487 ι
1634 1437 1690 1491 ει
1714 1437 1842 1491 (εδει.
1867 1428 2097 1490 Deinde

442 1516 587 1580 dicit
620 1518 989 1600 mysterium.
1013 1517 1119 1580 Ille
1148 1518 1306 1580 enim
1331 1519 1431 1600 qui
1462 1519 1520 1580 in
1545 1536 1725 1580 carne
1752 1518 2097 1580 hominibus

441 1607 850 1670 manifestatus
882 1615 994 1689 est,
1040 1608 1137 1670 hic
1160 1626 1278 1668 non
1299 1608 1374 1669 ab
1393 1608 1669 1670 humanis
1685 1608 1885 1685 oculis
1891 1609 2096 1688 justus

430 1695 735 1795 judicatus
762 1704 897 1795 Aest,
934 1697 1038 1795 sed
1062 1696 1573 1795 _oc‘ulis_S_pi_ritus,
1624 1698 2096 1795 qui_scrutantur
2116 1744 2155 1795 Β

438 1785 615 1847 etiam
648 1786 939 1866 profunda
965 1786 1077 1849 Dei
1124 1786 1206 1851 27.
1268 1787 1422 1851 Dicit
1452 1796 1649 1851 autem
1687 1809 1700 1849 :
1732 1787 2095 1851 Justilicatus

439 1881 551 1947 est,
579 1883 820 1955 propter
849 1894 1109 1938 carnem.
1145 1875 1452 1949 Quatunus
1480 1877 1638 1939 enim
1667 1877 1823 1939 Deus
1839 1886 1950 1954 est,
1976 1896 2094 1939 non

428 1960 815 2040 justiticatur,
836 1965 938 2026 sed
951 1964 1252 2045 justiﬁcat.
1278 1965 1399 2029 Hoc
1428 1974 1487 2028 et
1507 1967 1795 2048 propheta
1823 1965 2088 2029 dicebat:

445 2071 468 2107 σ
503 2048 615 2124 Qui
639 2060 952 2132 peccatum
972 2073 1090 2115 non
1116 2055 1279 2131 fecit,
1307 2074 1501 2136 neque
1526 2055 1985 2117 dolusinventus
2006 2062 2096 2117 est

434 2138 498 2227 in
528 2158 633 2202 ore
663 2144 795 2223 ejus
819 2142 900 2205 28.
941 2166 965 2202 ιι
1003 2142 1183 2205 Divus
1226 2146 1480 2227 Cyrillus
1509 2144 1870 2207 duodecimo
1900 2145 2095 2225 capite

437 2226 825 2293 Scholiorum
855 2232 934 2294 ait
968 2249 983 2294 :
1031 2232 1156 2308 Qui
1204 2235 1629 2313 manifestatus
1659 2242 1743 2297 est
1784 2236 1852 2297 in
1884 2251 2089 2315 carne,

437 2320 803 2400 iustiﬁcatus
824 2330 913 2383 εει
934 2322 1000 2384 in
1019 2327 1282 2402 spiritu:
1306 2324 1468 2386 nullo
1492 2324 1652 2386 enim
1674 2324 1849 2385 modo
1872 2324 2094 2385 nostris

439 2406 890 2471 inﬁrmitatibus
932 2410 1041 2473 fuit
1063 2411 1375 2475 obnoxius.
1440 2414 1613 2478 Visus
1669 2421 1758 2475 est
1801 2415 1874 2476 ab
1906 2432 2091 2491 ange-

1570 311 1979 377 (ECUMENII
2027 307 2324 376 TRICCE
2366 310 2701 376 EPISCOPI

3721 310 3836 374 164

2825 453 3072 509 ΚΕΦΑΛ.
3119 436 3198 508 z'.

2608 553 2638 594 (
2668 536 2793 615 Περὶ
2821 536 2963 601 θείας
2989 536 3328 615 σαρκώσεως.
3383 558 3411 590 ιι

2270 644 2293 680 α
2356 625 2454 682 Καὶ
2510 624 2971 705 ὁμολογουμένως,
3044 624 3182 703 μέγα
3251 625 3360 681 ἐστὶ
3416 628 3477 681 τὸ
3520 624 3618 693 τῆς
3676 626 3827 682 εὗσε-

2180 710 2322 775 ϐείας
2395 714 2704 793 μυστήριον.
2790 715 2920 778 Θεὸς
2977 713 3280 795 ἐφανερώθη
3351 713 3403 769 ἒν
3460 715 3633 793 σαρκὶ,
3724 712 3827 770 ἐδι-

2181 799 2384 868 καιώθη
2459 800 2513 855 ἐν
2594 802 2878 878 πνεύματι,
2962 800 3112 883 ὤφθη
3207 800 3473 881 ἀγγέλοις,
3549 800 3824 883 ἐκηρύχθη

2183 890 2237 943 έν
2320 888 2536 966 ἔθνεσιν,
2622 891 2899 957 ἐπιστεύθη
2982 890 3035 948 ἐν
3119 891 3329 971 κόσμιῖι,
3417 888 3686 971 ἀνελήφθη
3769 890 3826 947 ἒν

2180 976 2327 1055 δόξῃ.
2366 1001 2394 1034 ι

2266 1091 2295 1123 α
2357 1060 2853 1149 Ὀμολογουμένως.
2901 1090 2929 1129 ι
2992 1071 3065 1127 Οὐ
3105 1070 3204 1149 γάρ
3246 1092 3327 1132 τις
3357 1066 3676 1149 ἀμφιϐάλλει
3706 1069 3825 1146 περὶ

2187 1162 2393 1221 τούτου.
2441 1165 2538 1221 Καὶ
2566 1162 2704 1241 μέγα
2736 1162 2868 1234 ἐστὶ,
2929 1163 3016 1218 καὶ
3066 1162 3353 1241 μυστήριόν
3408 1162 3539 1238 ἐστὶ,
3601 1162 3690 1218 καὶ
3743 1161 3827 1216 εὖ·

2186 1249 2386 1317 σεϐείας
2444 1251 2551 1308 ἐστὶ
2606 1252 2891 1331 μυστήριον
2935 1253 2990 1331 ἡ,
3014 1249 3130 1307 καθ’
3159 1252 3301 1327 ἡμᾶς
3332 1252 3530 1325 πίστις,
3582 1251 3671 1307 καὶ
3707 1249 3824 1306 οὔτε

2181 1337 2650 1420 ἀμφισϐητήσιμον
2694 1329 2811 1420 ἕχει
2840 1361 2914 1402 τι,
2979 1329 3131 1419 Ὀρᾷς
3172 1338 3501 1416 ἀναϐαθμούς
3536 1358 3552 1420 ς
3607 1362 3629 1396 ε
3696 1339 3826 1403 Θεὸς

2176 1427 2477 1509 ἐφανερώθη
2538 1429 2590 1486 έν
2635 1432 2807 1509 σαρκί,
2890 1452 2911 1484 ι
2988 1429 3125 1486 Εἶτα
3184 1427 3325 1508 λέγει
3393 1431 3453 1485 τὸ
3511 1430 3821 1507 μυστήριον.

2178 1516 2419 1582 Ἐκεῖνος
2472 1520 2572 1599 γὰρ
2622 1521 2651 1575 6
2694 1517 2749 1573 ἐν
2792 1520 2943 1598 σαρκὶ
2992 1531 3109 1582 τοῖς
3166 1518 3454 1598 ἀνθρώποις
3485 1519 3823 1600 φανερωθεὶς,

2178 1609 2325 1673 οὗτος
2377 1610 2437 1665 οὗ
2489 1608 2631 1687 παρὰ
2682 1607 3025 1687 ἀνθρωπίνοις
3093 1606 3388 1688 ὀφθαλμοῖς
3429 1606 3627 1672 δίκαιος
3682 1608 3829 1688 ἐκρί-

2175 1699 2264 1772 θη,
2311 1695 2447 1753 ἀλλὰ
2500 1697 2623 1761 τοῖς
2680 1704 2771 1753 τοῦ
2818 1698 3122 1772 Πνεύματος
3179 1695 3471 1777 ὀφθαλμοῖς
3520 1698 3642 1763 τοῖς
3673 1697 3824 1777 ἐρευ-

2177 1792 2303 1842 νῶσι
2373 1786 2461 1843 καὶ
2533 1786 2599 1843 τὰ
2658 1787 2792 1862 βάθη
2849 1796 2943 1845 τοῦ
2999 1792 3153 1849 Θεοῦ.
3217 1788 3288 1844 Τὸ
3342 1785 3420 1867 δὲ,
3484 1784 3824 1861 Ἐδικαιώθη,

2176 1873 2260 1930 διὰ
2314 1874 2413 1942 τὴν
2468 1874 2657 1954 σάρκα.
2714 1875 2853 1933 Καθὸ
2909 1875 3009 1953 γάρ
3051 1873 3161 1931 ἐστι
3221 1876 3374 1950 Θεὸς,
3421 1874 3480 1931 οὗ
3510 1873 3823 1954 δικαιοῦται,

2176 1963 2314 2020 ἀλλὰ
2355 1950 2577 2023 δικαιοί.
2637 1971 2800 2022 Τοῦτο
2855 1950 2942 2021 καί
2983 1950 3029 2020 ⁷ὁ
3084 1965 3364 2043 προφήτης
3406 1963 3608 2044 ἔλεγεν,
3656 1983 3688 2026 ι
3733 1950 3827 2029 "Oc

2177 2052 2433 2132 ἁμαρτίαν
2485 2057 2581 2112 οὐκ
2634 2052 2902 2129 ἐποίησεν,
2976 2050 3092 2112 οὒδέ
3163 2051 3343 2131 εὒρέθη
3399 2050 3549 2119 δόλος
3618 2053 3674 2110 ἐν
3749 2060 3829 2128 τῷ

2177 2142 2401 2218 στόματι
2458 2146 2637 2202 αὐτοῦ.
2675 2165 2703 2198 ιι
2742 2133 2800 2199 Ὀ
2832 2141 2886 2198 ἐν
2942 2143 3111 2222 ἁγίοις
3145 2140 3397 2219 Κύριλλος
3411 2141 3483 2222 μέν
3539 2150 3614 2218 τῷ
3671 2140 3829 2199 δωδε-

2175 2216 2322 2287 κάτω
2348 2228 2619 2312 κεφαλαίῳ
2646 2238 2751 2287 τῶν
2778 2254 2800 2287 ε
2830 2216 3076 2311 Σχολίων
3096 2252 3120 2288 ιι
3148 2216 3327 2312 φησίν·
3363 2253 3386 2287 ε
3411 2216 3505 2296 θ’ος
3526 2216 3826 2313 ἐφανερώθη

2175 2319 2228 2377 ἐν
2258 2322 2430 2401 σαρκὶ,
2478 2318 2758 2388 έδικαιώθη
2805 2319 2860 2376 ἐν
2917 2320 3199 2397 πνεύματι.
3257 2344 3279 2375 ι
3328 2320 3460 2379 Κατ’
3490 2319 3684 2416 οωένα,
3727 2323 3827 2400 γὰρ

2175 2410 2368 2489 τρόπον
2438 2410 2565 2473 ταῖς
2643 2409 2927 2489 ἡμετέραις
3008 2409 3296 2474 ἀσθενείαις
3364 2408 3499 2477 ἥλω,
3566 2432 3589 2468 ι
3658 2408 3824 2491 Ὧφθη

437 2495 531 2559 lis.
572 2520 594 2555 ιι
634 2496 941 2578 Siquidem
1002 2519 1120 2561 non
1174 2503 1596 2581 ignoraverunt
1645 2502 2092 2583 generationem

2175 2499 2448 2579 ἀγγέλοις.
2502 2523 2525 2559 ι
2571 2501 2645 2557 Οὔ
2684 2500 2811 2583 γᾶιρΔ
2840 2499 3114 2578 ἠγνόησαν
3165 2499 3265 2567 τὴν
3318 2500 3454 2555 κατὰ
3511 2499 3679 2578 σάρκα
3735 2500 3826 2557 αὖ·

434 2585 623 2666 ipsius
651 2589 978 2650 secundum
1040 2578 1303 2656 carnem.
1346 2627 1424 2639 --
1460 2618 1486 2649 (ι
1517 2578 1881 2657 Ιυειῖῐὶοειιυε
1913 2601 2001 2654 εει
2028 2592 2092 2654 in

2176 2578 2271 2647 του
2310 2589 2579 2669 γέννησιν.
2797 2578 3111 2656 ιΕδικαιώθη
3168 2588 3222 2644 έν
3264 2589 3548 2665 πνεύματι.
3615 2612 3643 2644 ε
3704 2589 3825 2666 [ΟΙ-

435 2674 670 2764 spiritu.
708 2701 736 2734 »
776 2676 846 2739 Ει
876 2697 993 2759 qua
1026 2679 1459 2759 justiﬁcalione
1496 2682 1853 2764 justiticatus
1909 2691 2000 2745 est
2046 2683 2095 2743 is

2180 2680 2412 2756 KOI‘MJ
2450 2680 2547 2737 Καὶ
2598 2680 2753 2736 ποίαν
2810 2675 3089 2745 ἐδικαιώθη
3147 2675 3479 2745 δικαιοσύνην
3534 2680 3569 2747 ἡ
3613 2675 3823 2764 αύτοδι-

433 2763 645 2845 quiest
676 2766 801 2847 ipsa
819 2757 1051 2845 justitia
1080 2779 1141 2832 et
1167 2757 1524 2851 redemptio,
1551 2770 1649 2834 Sol
1668 2771 1912 2852 justitiae
1937 2772 2095 2852 juxta

2178 2769 2434 2836 καιοσύνη
2493 2769 2579 2825 καὶ
2621 2766 3008 2847 ἀπολύτρωσις,
3042 2769 3070 2825 6
3112 2770 3210 2835 τῆς
3258 2764 3590 2835 δικαιοσύνης
3624 2757 3820 2831 υΗλιος

431 2852 778 2916 Malachiam
809 2855 913 2915 29?
971 2857 1130 2936 quod
1194 2850 1490 2940 significat
1520 2850 1987 2922 sincerissimam
2018 2879 2086 2923 ac

2175 2860 2304 2917 κατὰ
2358 2860 2449 2915 τὸν
2494 2855 2826 2938 Μαλαχίαν;
2874 2858 2903 2913 ὃ
2958 2854 3119 2923 δηλοῖ
3198 2860 3297 2924 τὴν
3369 2855 3823 2937 ἀκραιφνέστῶην

429 2943 813 3022 purissimam
862 2944 1179 3026 justitiam.
1242 2948 1755 3031 Cumplementum
1814 2950 2091 3013 videlicet

2175 2950 2257 3006 καὶ
2312 2947 2691 3026 καθαρωτάτην
2747 2945 3108 3025 δικαιοσύνην,
3170 2945 3269 3013 τὴν
3332 2944 3669 3025 ἐκπλήρωσιν
3720 2944 3822 3013 δη-

431 3032 707 3122 legalium
732 3033 1254 3115 justiﬁcationum,
1303 3038 1379 3102 de
1440 3039 1653 3122 quibus
1681 3041 1892 3104 Joanni
1921 3040 2091 3102 dice-

2175 3036 2348 3094 λονότι
2404 3042 2512 3094 τῶν
2567 3041 2804 3115 τομικῶν
2842 3034 3199 3112 δικιιομάτων
3233 3051 3248 3066 ⁶
3279 3037 3398 3115 περὶ
3425 3038 3499 3093 ὧν
3527 3042 3605 3111 τῷ
3634 3035 3825 3093 Ἰωάν-

431 3119 530 3182 bat
564 3139 577 3184 :
619 3146 645 3177 α
680 3120 823 3184 Sine
860 3124 1082 3201 ,modo,
1116 3125 1202 3187 sic
1234 3126 1392 3189 enim
1425 3116 1599 3191 decet
1627 3147 1735 3191 nos
1787 3129 2093 3209 complere

2176 3151 2242 3204 νῃ
2275 3124 2451 3205 ἔλεγεν
2486 3141 2499 3156 ⁸
2554 3144 2583 3185 ε
2646 3135 2785 3207 Αφες
2815 3123 2930 3204 ἄρτι
2966 3144 2983 3161 ·
3028 3123 3167 3182 οὕτω
3194 3125 3294 3204 γὰρ
3321 3124 3520 3203 πρέπον
3549 3126 3685 3202 ἡμῖν
3714 3124 3825 3181 ἐστι

430 3228 667 3272 omnem
683 3212 978 3291 justitiam
1006 3215 1093 3278 30.
1122 3241 1149 3272 »
1180 3215 1471 3288 Quoniam
1497 3217 1660 3280 enim
1690 3217 1767 3281 de
1783 3217 2095 3298 baptisma.

2177 3215 2458 3296 πληρῶσαι
2487 3221 2660 3272 πᾶσαν
2688 3214 3044 3281 δικαιοσύνην.
3100 3237 3123 3270 ι
3185 3211 3405 3283 Ἐπειδὴ
3435 3215 3533 3293 γὰρ
3575 3215 3664 3271 καὶ
3705 3215 3827 3294 περὶ

430 3299 506 3361 tis
538 3313 903 3385 praeceperat
930 3305 1051 3381 lex,
1104 3307 1268 3370 venit
1323 3309 1394 3369 ad
1452 3307 1777 3372 Jordanem
1834 3315 1899 3370 ut
1946 3307 2095 3370 hanc

2176 3306 2559 3383 βαπτισμάτων
2600 3302 2893 3363 ἐνετείλατο
2935 3306 2964 3361 6
3036 3305 3221 3382 νόμος,
3275 3303 3431 3373 ἦλθεν
3475 3304 3530 3361 έν
3588 3301 3824 3384 Ἰορδάνῇ

428 3390 765 3471 compleret
798 3414 812 3453 :
839 3395 1342 3475 quemadmodum
1374 3397 1649 3461 videlicet
1680 3396 2058 3460 circumcisio
2078 3430 2096 3442 -

426 3496 565 3540 nem
588 3489 645 3542 et
666 3480 997 3547 oblationes
1018 3485 1094 3547 de
1116 3486 1554 3567 primogenitis.
1581 3486 1734 3560 Quid
1757 3495 1953 3550 autem
1979 3481 2093 3548 sibi

425 3567 548 3629 vult
576 3570 734 3650 quod
766 3571 893 3635 ait:
956 3598 983 3629 α
1017 3572 1084 3636 In
1130 3575 1452 3657 spiritu?»
1512 3576 1736 3658 Spiritu
1794 3576 2092 3639 servitutis

425 3659 782 3747 constrictus
813 3671 940 3725 erat
968 3661 1154 3726 Israel
1189 3684 1302 3746 per
1337 3666 1685 3747 punientem
1718 3666 1932 3746 legem,
1970 3685 2089 3728 non

425 3746 586 3836 enim
613 3747 824 3813 habuit
843 3751 1114 3832 spiritum
1149 3746 1507 3836 adoptionis,
1534 3774 1669 3818 nam
1691 3756 1788 3818 hic
1809 3755 2091 3819 Christia—

423 3834 517 3897 nis
545 3836 715 3899 datus
746 3846 855 3916 est,
884 3834 1401 3921 quemadmodum
1432 3844 1574 3907 dicit
1603 3844 1820 3907 Paulus
1850 3865 1863 3906 :
1892 3867 1915 3903 ι
1950 3843 2091 3918 Quae

422 3942 656 4017 sursum
691 3935 780 3989 est
806 3930 1136 3992 Jerusalem
1171 3931 1361 3996 libera
1403 3941 1514 4017 est,
1572 3952 1704 4016 quae
1755 3941 1845 3996 est
1902 3943 2091 3996 mater

423 4013 690 4104 omnium
726 4028 996 4081 nostrum
1027 4020 1109 4084 51.
1147 4044 1170 4080 υ
1207 4019 1359 4084 Dicit
1389 4013 1529 4101 ergo
1562 4013 1958 4104 {Quanquam
1990 4023 2084 4086 le-

421 4100 586 4193 gales
616 4104 931 4193 complevit
947 4108 1423 4186 justiticationes,
1448 4100 1709 4174 attamen
1729 4100 1850 4175 non
1874 4112 2086 4193 spiritu

421 4190 750 4282 servitutis,
786 4193 1115 4274 (Quomodo
1178 4199 1337 4260 enim
1387 4200 1447 4262 id
1503 4201 1730 4264 faceret
1783 4190 2085 4282 qui—alios

423 4296 661 4371 quoque
691 4279 915 4344 liberos
939 4284 1209 4368 reddit?)
1236 4289 1339 4349 sed
1362 4287 1584 4371 Spiritu
1610 4279 1841 4362 sancto,
1866 4294 1966 4371 qui
1995 4295 2086 4353 est

2175 3397 2264 3452 καὶ
2291 3402 2476 3454 τοῦτον
2519 3394 2826 3476 πληρῶσαι,
2875 3393 3054 3475 ὥσπερ
3106 3393 3293 3470 ἀμέλει
3347 3395 3447 3463 τὴν
3501 3393 3822 3473 περιτομὴν,

2174 3486 2263 3542 καὶ
2302 3484 2399 3549 τὰς
2452 3485 2581 3563 ὑπὲρ
2649 3491 2756 3541 τῶν
2812 3484 3182 3563 πρωτοτοκίων
3238 3484 3567 3564 προσφορής.
3641 3485 3701 3542 Τί
3766 3481 3825 3539 δὲ

2174 3572 2419 3650 βούλεται
2462 3575 2548 3650 τὸ,
2585 3595 2609 3630 (ι
2646 3572 2736 3632 Ἐν
2766 3575 3023 3651 πνεύματι
3055 3592 3073 3655 ;
3133 3595 3157 3632 ι
3193 3574 3458 3652 Πνεύματι
3491 3570 3725 3637 δουλείας
3756 3572 3819 3641 ἠν

2173 3663 2586 3745 κατεσφιγμένος
2616 3666 2645 3721 6
2687 3662 2927 3745 Ἰσραὴλ,
2971 3662 3056 3721 διὰ
3110 3669 3203 3720 τοῦ
3259 3662 3575 3735 κολάζοντος
3630 3664 3815 3740 νόμου.

2173 3757 2246 3813 Οὒ
2276 3754 2377 3833 γάρ
2419 3754 2549 3835 εἶχε
2577 3756 2639 3811 τὸ
2679 3762 2885 3831 πνεῦμα
2912 3758 3011 3821 τῆς
3038 3752 3289 3817 υἱοθεσίας
3324 3772 3339 3788 ’
3386 3760 3541 3811 τοῦτο
3569 3755 3824 3835 γὰρῗΧρι-

2169 3858 2404 3911 στιανοτς
2442 3834 2755 3925 δεδώρηται,
2793 3843 2966 3909 καθώς
3008 3864 3139 3922 φησι
3166 3844 3255 3899 καὶ
3296 3841 3503 3908 Παῦλος
3538 3859 3552 3874 ⁸
3594 3867 3622 3898 ιι
3672 3834 3735 3901 Ἠ
3762 3841 3821 3900 δὲ

2168 3933 2278 3991 ἂνω
2354 3925 2696 4015 Ἰερουσαλὴμ
2764 3931 3006 4013 ἐλευθέρα
3062 3932 3223 4009 ἐστὶν,
3303 3931 3416 4000 ἥτις
3473 3933 3583 3990 ἐστῖ
3636 3935 3823 4014 μήτηρ

2167 4024 2378 4082 πάντων
2407 4026 2583 4099 ἡμῶν.
2624 4046 2647 4080 ι
2683 4022 2838 4101 Λέγει
2868 4022 2978 4098 οὖν,
3014 4022 3074 4080 El
3130 4024 3219 4080 καὶ
3275 4023 3370 4088 τὰς
3401 4025 3621 4098 νομικὰς
3652 4021 3821 4094 ἐπλή-

2167 4134 2258 4193 ρου
2299 4111 2653 4193 δικαιοσύνας,
2704 4110 2823 4170 ἀλλ’
2881 4113 2942 4170 οὐ
2993 4115 3071 4187 τῷ
3111 4116 3212 4180 τῆς
3267 4109 3501 4176 δουλείας
3556 4112 3819 4188 πνεύματι

2173 4206 2304 4273 (πῶς
2358 4202 2481 4281 γὰρ,
2527 4203 2559 4258 ὁ
2613 4202 2701 4257 καὶ
2753 4202 2874 4265 τοὺς
2932 4198 3123 4265 ἄλλους
3154 4198 3437 4278 ἐλευθερῶν
3470 4204 3538 4282 ;),
3572 4198 3709 4259 ἀλλὰ
3736 4209 3818 4277 τῷ

2168 4291 2302 4370 ἁγίῳ
2352 4291 2617 4367 Πνεύματι
2672 4296 2748 4346 τῶ
2799 4295 2897 4357 τῆς
2940 4290 3218 4364 υἱοθεσίας,
3273 4288 3402 4371 ὅπερ
3469 4286 3623 4346 ἔλαϐε
3677 4292 3818 4348 κατὰ

421 4365 668 4466 spiritus
683 4371 1070 4466 adoptionis,
1087 4365 1262 4456 quem
1293 4365 1525 4461 accepit
1546 4380 1713 4461 juxta
1743 4365 2079 4442 humanita-

2175 4365 2227 4439 ιδ
2245 4365 2590 4463 ἀνθρώπινον,
2621 4382 2759 4457 ἡμῖν
2788 4384 2848 4438 τὸ
2877 4381 3042 4461 δῶρον
3063 4381 3327 4462 προξενῶν
3414 4382 3631 4466 γνήσιος
3664 4384 3812 4466 Υἱὸς,

418 4463 563 4557 tem,
600 4458 773 4557 nobis
803 4460 1024 4557 donum
1056 4464 1171 4557 hoc
1201 4458 1526 4530 concilians
1550 4458 1860 4551 legitimus
1887 4468 2073 4532 Filius

2175 4473 2242 4529 ιαὶ
2272 4458 2550 4547 ὁμοούσιος
2581 4478 2659 4546 τῷ
2702 4458 2990 4553 Πνεύματι,
3042 4458 3129 4528 καὶ
3183 4473 3289 4551 οὐχ
3337 4458 3530 4548 ἑαυτῷ.
3595 4458 3816 4557 υΩιινιτερ

420 4552 482 4643 et
497 4545 766 4643 ejusdem
787 4549 1135 4643 substantiae
1155 4573 1288 4617 cum
1308 4555 1561 4638 Spiritu,
1578 4545 1644 4620 et
1654 4578 1773 4621 non
1795 4557 1907 4622 sibi
1931 4559 2071 4641 ipsi.

2175 4545 2342 4639 ιμέλει
2399 4562 2487 4618 καὶ
2535 4560 2751 4641 ηὔξατο,
2808 4545 2902 4625 τας
2974 4545 3139 4637 ’ἡμῶν
3191 4545 3353 4641 abici;
3404 4545 3814 4643 εὐπροσδέκτους

420 4634 933 4733 Quemadmodum
949 4634 1416 4709 videlicetetia'm
1456 4634 2073 4731 precabatur,nostras

2175 4634 2347 4726 τοιῶν,
2381 4651 2469 4707 καὶ
2514 4651 2638 4707 ναὸν
2665 4634 2958 4708 τὸόίκεϊον
2986 4634 3162 4709 ἐκάλει
3216 4634 3395 4727 σιῑυμα,
3455 4634 3609 4719 ναοὺς
3666 4656 3813 4733 ἡμᾶς

417 4742 633 4804 preces
662 4728 928 4826 reddens
954 4732 1399 4826 acceptabiles:
1434 4728 2071 4818 et-templum'vocabat

2175 4747 2292 4797 θεοῦ
2320 4739 2558 4819 γενέσθαι
2588 4737 2874 4818 προξενῶν,
2909 4740 3007 4797 Καὶ
3034 4741 3134 4820 γὰρ
3159 4741 3248 4797 καὶ
3290 4743 3337 4797 οἱ
3366 4743 3502 4798 κατὰ
3538 4745 3602 4800 τὸ
3631 4728 3813 4826 Εὔαγ-

416 4832 588 4911 suum
616 4834 831 4899 corpus
855 4819 945 4911 ξε,
976 4821 1079 4903 qui
1109 4823 1222 4886 hec
1251 4824 1460 4904 agebat
1488 4837 1553 4889 ut
1582 4845 1691 4889 nos
1723 4827 1943 4908 templa
1973 4827 2080 4890 Dei

2175 4828 2339 4907 γέλιον
2377 4827 2590 4907 δίκαιοι,
2623 4826 2789 4894 ὅντως
2829 4831 3201 4906 πνευματικοὶ,
3235 4828 3418 4906 πολλῷ
3446 4832 3552 4889 τῶν
3580 4833 3634 4891 έν
3664 4819 3816 4911 νὸμίῳ

417 4903 815 4969 etliceremur.
849 4909 1083 4999 Etenim
1140 4914 1242 4995 qui
1294 4903 1459 4993 juxta
1505 4903 1886 4996 Evangelium
1935 4916 2080 4997 justi

2175 4903 2540 4995 ξικαιουμένων
2573 4903 2747 4975 πάλαι
2777 4903 3149 4999 ὑπερέχοντες.

415 5001 746 5089 sun_t,__vere
772 4998 1112 5089 spirituales
1138 5011 1300 5082 sunt,
1333 5006 1475 5067 229
1503 5005 1678 5085 longe
1702 5005 1777 5067 iis
1826 5005 2387 5087 przeeminentiores
2415 5006 2517 5089 qui
2545 5006 2692 5069 olim
2729 5009 2788 5069 in
2820 4998 2953 5088 lege
2966 4998 3483 5088 ’justiﬁcabantur.

492 5082 869 5184 Alio-modo.
906 5112 929 5146 ιι
965 5089 1326 5156 Justiﬁcatus
1355 5101 1445 5157 est
1498 5094 1560 5158 in
1586 5082 1887 5176 spiritu.)
1948 5095 2074 5158 Hoc

2242 5120 2270 5153 α
2294 5082 2504 5162 Αλλως.
2520 5121 2548 5154 ι
2569 5082 2920 5166 (Ἐδικαιώθη
2946 5082 3000 5156 ὲν
3019 5100 3297 5176 πνεύματι.
3312 5124 3336 5161 ι
3364 5099 3509 5161 Ἀντὶ
3532 5108 3811 5184 τοῦ,πνευ-

413 5177 522 5271 est,
579 5172 968 5271 spiritualiter
1025 5190 1082 5242 et
1139 5201 1256 5245 non
1307 5184 1477 5264 juxta
1504 5172 1727 5264 legem.
1760 5183 2069 5266 Siquidem

2175 5210 2282 5244 ιατι
2314 5185 2617 5269 ἐδικαιώθη,
2671 5186 2790 5245 ἀλλ’
2841 5188 2899 5244 οὗ
2954 5172 3211 5265 νομικιῖις.
3273 5193 3370 5251 Καὶ
3426 5192 3526 5271 γὰρ
3579 5172 3668 5250 καὶ
3708 5195 3809 5259 τὰς

414 5263 591 5359 etiam
618 5281 751 5323 cum
778 5263 990 5359 legalia
1020 5263 1354 5352 complebat
1379 5263 1694 5355 praecepta,
1741 5263 1862 5335 non
1899 5273 2070 5354 juxta

2175 5278 2374 5353 νομικὰς
2396 5263 2616 5358 πληρῶν
2636 5276 2874 5358 ἐντολὰς,
2901 5280 2961 5336 οὗ
2976 5263 3209 5355 νομικῶς
3260 5263 3451 5359 αὐτὰς,
3476 5263 3613 5341 αλλὰ
3640 5292 3808 5342 πνεῦ-

413 5346 606 5450 legem
636 5369 707 5413 ea
736 5355 1091 5450 complebat,
1137 5346 1243 5422 s'ed
1300 5346 1707 5443 spiritualiter.
1772 5346 2070 5446 Aut'quia

2175 5346 2388 5431 ιατικῶς
2411 5346 2799 5448 ἐξεπλήρωσεν,
2912 5366 2992 5427 ὅτι
3038 5346 3082 5426 ὲι
3128 5371 3217 5427 καὶ
3256 5371 3377 5436 τοῖς
3408 5346 3686 5450 σαρκικοῖς
3718 5375 3810 5430 καὶ

413 5436 554 5502 licet
582 5441 924 5507 carnalibus
976 5455 1035 5509 et
1062 5436 1350 5526 gravibus
1373 5454 1554 5514 corde
1584 5471 1703 5514 non
1760 5436 2071 5516 videbatur

2175 5454 2509 5535 ιαρυκαρδίοις
2569 5436 2661 5514 ούκ
2716 5455 2882 5514 ἐδόκει
2956 5456 3319 5516 δεδικαιῶσθαι
3397 5436 3600 5541 (ἔλεγον
3679 5461 3807 5543 γὰρ,

494 5599 556 5652 27
588 5599 613 5665 Ι
641 5600 776 5669 Cor.
808 5621 874 5685 ιι,
910 5606 1010 5672 10.
1057 5607 1116 5660 ²8
1150 5607 1267 5675 Isa.
1302 5627 1432 5687 un,
1465 5612 1523 5674 9.
1576 5612 1639 5663 39
1666 5612 1910 5677 Malach.
1947 5633 2023 5694 IV,
2056 5621 2093 5679 2

2175 5617 2217 5663 ὀ
2244 5617 2455 5681 Matth.
2479 5633 2573 5698 ιιι,
2611 5619 2709 5681 15.
2758 5618 2808 5662 34
2836 5616 3027 5688 Galat.
3057 5634 3136 5700 ιν,
3158 5620 3261 5686 26.
3327 5621 3381 5666 ³2
3397 5621 3571 5686 Joan.
3602 5639 3669 5699 ιι,
3703 5621 3806 5688 19.
