4188 6422
377 348 494 411 465
1384 348 1782 410 COMMENT.
1833 344 1912 410 IN
1959 347 2054 410 EP

2136 347 2201 408 T.
2253 352 2276 411 ῐ
2323 351 2422 413 AD
2465 349 2786 415 TIMOTH.
3658 357 3774 419 166

387 509 412 539 ιι
450 485 629 561 Φαγος
673 483 761 538 καὶ
816 481 1120 548 οίνοπότης.
1167 483 1240 558 ιι),
1299 481 1435 541 ἀλλά
1490 497 1609 546 τοῖς
1654 483 1707 538 ἐν
1768 483 2055 558 Πνεύματιη

2140 485 2465 545 ustiﬁcatus
2497 503 2650 548 esse.
2683 484 2969 548 Dicebant
2993 486 3149 549 enim
3182 509 3196 550 :
3224 489 3411 551 Vorax
3445 498 3535 552 est
3560 498 3618 553 et
3651 490 3771 552 vini

381 581 514 630 Θεοῦ
576 571 974 650 στηριζομένοις
1029 569 1379 634 δεδικαίωται,
1463 593 1486 629 α
1551 573 1648 631 Καὶ
1705 572 2036 648 ἐθεασάμεθα

2136 581 2353 651 )otator
2371 574 2455 644 55,
2472 598 2494 631 ν
2515 582 2773 636 attamen
2792 574 2884 636 his
2899 575 2997 656 qui
3013 576 3237 656 Spiritu
3259 577 3594 640 conﬁrmati
3611 587 3783 641 erant

379 663 480 740 γὰρ
523 661 620 727 τὴν
663 659 815 726 δόξαν
871 663 1050 734 αὐτοῦ,
1103 658 1284 747 δόξαν,
1309 663 1382 726 ὡς
1441 667 1793 740 Μονογενοῦς,
1860 681 1886 720 ι
1948 662 2035 716 καὶ

2136 662 2473 724 ustiﬁcatus
2531 671 2656 725 est:
2733 686 2756 719 (ι
2801 665 2951 726 Nam
3013 664 3270 727 vidimus
3325 667 3573 746 gloriam
3626 668 3781 748 ejus,

383 750 530 816 ἑξῆς.
584 769 614 806 ι
669 752 818 828 Οφθη
851 748 1122 828 ἀγγέλοις,
1160 773 1186 804 ιι
1230 749 1248 829 (
1277 757 1318 806 Η
1353 751 1642 830 μυστήριον
1675 758 1688 812 l
1727 750 1853 808 Μεθ’
1882 752 2037 826 ἡμῶν

383 837 528 894 εἶδον
573 843 619 894 οἱ
689 837 908 917 ἄγγελοι
965 841 1053 896 τὸν
1117 841 1364 920 Χριστὸν,
1412 841 1663 921 πρότερον
1721 843 1822 920 οὐχ
1879 843 2040 919 ὁρῶν·

383 949 492 991 τες,
503 933 519 995 )
548 929 664 1007 Οὑχ
715 929 791 991 ὡς
823 927 944 1008 τοῖς
990 928 1300 1008 ἀνθρώποις.
1337 929 1516 994 Οὕτως
1547 933 1574 986 6
1609 929 1836 1006 Κλήμης
1869 929 1922 985 ἐν
1965 936 2040 1003 τῷ

385 1014 594 1092 ἑϐδόμῳ
622 1023 727 1092 τῶν
777 1039 805 1071 α
843 1007 1284 1077 Ὺποτυπώσεων.
1323 1042 1348 1074 ii
1390 1041 1413 1076 ι
1478 1019 1792 1086 Ἐπιστεύθη
1852 1019 1906 1074 ἐν
1953 1019 2041 1074 κό-

389 1085 528 1180 σμομ,
625 1085 824 1170 ¹Ὀντως
857 1105 995 1185 μέγα
1023 1110 1082 1164 τὸ
1127 1109 1437 1188 μυστήριον.
1497 1115 1786 1189 Πανταιχοῦ
1815 1109 1915 1188 γὰρ
1942 1108 2038 1176 τῆς

391 1195 696 1270 οἶκουμένης
745 1195 1047 1263 ἐπιστεύθη.
1103 1223 1130 1252 ι
1190 1197 1490 1279 Ἀνελήφθη
1547 1197 1600 1255 ἐν
1632 1198 1780 1274 δόξῃ,
1825 1222 1848 1251 ιι
1902 1207 2038 1265 Διη-

390 1285 571 1340 κόνουν
601 1286 701 1364 γὰρ
732 1288 874 1359 αὖτῴ
927 1284 1420 1364 ἀναλαμϐανομένῳ
1478 1291 1524 1344 οἱ
1577 1286 1794 1366 ἄγγελοι
1823 1286 1907 1344 ἐπὶ
1937 1293 2040 1344 τῶν

387 1371 642 1452 νεφελῶν,
680 1373 777 1429 Διά
801 1375 956 1430 τοῦτό
991 1397 1176 1456 φησιν,
1222 1395 1251 1434 (
1321 1374 1410 1434 Ἐν
1441 1375 1590 1456 δόξῃ,
1631 1398 1655 1434 ι
1689 1375 1770 1432 ὅτι
1801 1379 1887 1434 καὶ
1916 1377 2041 1432 αὐτὸ

383 1464 445 1518 τὸ
490 1461 875 1544 ἀναληφθῆναι,
904 1461 1106 1530 ἔνδοξόν
1153 1464 1281 1528 ἐστι,

475 1663 497 1696 ι
538 1643 610 1700 Τὸ
642 1641 696 1698 δὲ
742 1651 956 1720 Πνεῦμα
985 1645 1161 1723 ῥητῶς
1192 1643 1360 1723 λέγει,
1400 1644 1481 1702 ὅτι
1532 1645 1586 1702 ἒν
1629 1645 1861 1724 ὑστέροις
1917 1667 2042 1700 και-

385 1745 503 1809 per;
575 1732 968 1803 ἀποστήσονταί
1037 1757 1174 1799 τινες

384 1841 473 1885 τες
552 1823 814 1896 πνεύμασι
899 1824 1142 1900 πλάνοις,

384 1912 530 1989 νίων,
647 1910 701 1967 ἐν

1246 1735 1343 1802 τῆς
1421 1735 1673 1814 πίστεως,
1756 1734 2046 1813 προσέχον-

813 1916 1080 1994 ὺποκρίσει
1207 1913 1568 1996 ψευδολόγων,

1679 1936 2037 1993 κεκαυτηρια-

389 1999 595 2074 σμένων
652 2002 749 2069 τὴν
807 2000 939 2059 ἰδίαν
1014 2002 1330 2084 συνείδησιν,

1423 2003 1735 2061 κωλυόντων
1818 2015 2038 2082 γαμεῖν,

2119 752 2364 831 gloriam
2385 761 2663 833 tanquam
2689 753 2992 832 Unigeniti
3008 773 3041 815 a
3060 757 3232 817 Patre
3249 755 3334 818 34.
3349 756 3680 819 υ-ινίευε
3692 766 3785 819 est

2123 839 2196 902 ab
2226 842 2476 921 angelis.
2521 869 2540 898 η
2585 839 2655 922 (Ο
2690 843 3031 923 mysterium
3075 844 3088 904 !
3139 843 3457 906 Nobiscum
3510 845 3784 908 viderunt

2122 930 2320 1011 angeli
2349 931 2675 1006 Christum,
2710 951 2848 993 cum
2909 931 3072 1012 prius
3120 952 3237 994 non
3288 933 3623 1015 vidissent.)
3654 935 3783 998 Non

2123 1019 2276 1082 sicut
2303 1019 2376 1081 ab
2407 1019 2771 1084 hominibus.
2807 1020 2891 1083 Ita
2919 1020 3090 1084 habet
3115 1022 3388 1085 Clemens
3409 1025 3663 1105 septimo
3684 1025 3784 1088 In-

2121 1110 2582 1186 formatiouum.
2631 1131 2653 1165 α
2690 1108 2866 1172 Fides
2905 1109 2990 1170 illi
3025 1109 3224 1172 habita
3255 1120 3344 1173 est
3373 1111 3434 1172 in
3465 1115 3713 1178 mundo.
3754 1138 3777 1171 υ

2124 1196 2276 1261 Vere
2306 1216 2582 1276 magnum
2616 1198 2987 1278 mysterium.
3022 1197 3253 1280 Ubique
3283 1200 3442 1262 enim
3492 1209 3784 1265 terrarum

2124 1287 2416 1350 creditum
2479 1297 2589 1351 est.
2631 1311 2652 1342 ο
2693 1294 3044 1368 Assumptus
3103 1297 3193 1350 est
3249 1289 3309 1350 in
3353 1289 3562 1370 gloria.
3602 1318 3628 1348 π
3665 1291 3786 1374 Ipsi

2124 1395 2379 1459 namque
2411 1396 2544 1438 eum
2577 1385 2983 1440 assumeretur
3033 1377 3446 1441 ministrabaut
3501 1383 3696 1462 angeli
3725 1381 3787 1444 in

2125 1467 2403 1530 nubibus.
2440 1469 2690 1548 Propter
2733 1468 2851 1529 hoc
2879 1467 3026 1530 dicit
3058 1485 3071 1530 :
3113 1494 3136 1524 α
3167 1470 3230 1532 In
3256 1469 3468 1549 gloria,
3505 1497 3532 1526 ιι
3570 1472 3710 1552 quia
3731 1479 3792 1534 et

2127 1557 2320 1638 ipsum
2347 1558 2595 1630 assumi,
2631 1557 2956 1636 gloriosum
2989 1566 3100 1619 est.

2208 1645 2306 1721 IV,
2344 1647 2479 1710 1-5.
2514 1647 2793 1726 Spiritus
2837 1655 3039 1708 autem
3074 1657 3281 1728 aperte
3312 1649 3481 1725 dicit,
3523 1650 3680 1730 quod
3726 1652 3791 1712 in

2125 1735 2572 1818 posterioribus
2603 1736 2970 1816 temporibus
2998 1735 3304 1799 discedent
3323 1738 3570 1817 quidam
3587 1757 3626 1799 α
3645 1738 3788 1818 ﬁde,

1300 1827 1314 1848 \
1393 1822 1416 1844 θ
1443 1823 1466 1844 t‘
1648 1826 1658 1838 ο
1847 1822 1869 1841 Ν

1230 1847 1316 1881 και
1388 1825 1743 1887 οιοασκαλιαις
1841 1839 2044 1899 οαιμοο

2139 1825 2842 1904 attendentesspiritibus
2855 1827 3276 1905 impostoribus
3288 1828 3795 1892 ucdoctrinisdae-

2123 1917 2467 1986 moniorum
2480 1964 2495 1995 ,
2521 1917 2584 1976 in
2599 1914 2984 1976 simulatione
2995 1917 3057 1992 fa
3067 1915 3564 1995 lsatoquentium,
3578 1925 3791 1980 caute-

2126 2013 2218 2072 rio
2233 2012 2506 2071 notatam
2519 2003 2763 2066 habenti
2769 2021 2865 2065 um
2880 2006 3326 2081 conscientiam,
3334 2008 3514 2086 probi
3519 2009 3626 2068 ben
3636 2009 3721 2069 tiu
3732 2025 3790 2069 m

390 2087 686 2169 ἀπέχεσθαι
745 2092 1065 2171 βρωμάτων,
1127 2094 1159 2150 ἃ
1215 2096 1243 2150 6
1287 2095 1418 2158 Θεὸς
1479 2093 1714 2151 ἔκστισεν
1759 2094 1830 2156 είς
1883 2092 2043 2167 μετά-

2136 2096 2484 2161 contrahere
2514 2094 2993 2161 matrimonium.
3032 2093 3338 2156 abstinere
3381 2113 3420 2156 α
3456 2094 3606 2157 cibis
3635 2113 3787 2176 quos

391 2175 556 2254 ληψιν
643 2183 778 2254 μετά
861 2181 1198 2262 εὐχαριστίας
1282 2196 1400 2246 τοῖς
1484 2197 1721 2262 πιστοῖς,

393 2271 650 2344 εγνω.ιόσι
721 2272 820 2340 τὴν
893 2272 1142 2342 ἀλήθειαν
1174 2290 1192 2308 ⁸
1280 2271 1360 2328 ὅτι
1450 2280 1554 2329 πᾶν
1637 2274 1830 2348 κτίσμα
1915 2277 2046 2327 Θεοῦ

391 2355 579 2437 καλὸν,
655 2362 742 2417 καὶ
824 2358 972 2418 οὐδὲν
1052 2360 1380 2442 ἀπόϐλητον,
1487 2363 1622 2438 μετὰ
1707 2362 2043 2442 εύχαριστῖας

1811 2183 1896 2238 καὶ
1954 2180 2044 2236 ἐπ·
2124 2186 2288 2250 Deus
2317 2185 2551 2246 crearit
2595 2182 2673 2243 ad
2711 2183 3219 2262 participandum
3271 2201 3410 2245 tum
3449 2187 3794 2264 gratiarum

2127 2276 2370 2338 actione
2393 2269 2691 2351 ﬁdelibus,
2717 2278 2772 2332 et
2801 2271 2881 2331 iis
2900 2274 3005 2350 qui
3024 2278 3431 2352 cognoverunt
3448 2278 3792 2355 veritatem,

2128 2363 2287 2444 quod
2314 2359 2616 2441 quidquid
2639 2361 2871 2422 creavit
2889 2359 3049 2422 Deus
3074 2362 3296 2440 bonum
3317 2363 3421 2435 sit,
3445 2369 3502 2422 et
3525 2360 3681 2424 nihil
3701 2380 3797 2424 re-

393 2447 819 2526 λαμϐάνόμενον,
849 2443 1144 2532 ’.ἁγιάζεται
1174 2455 1273 2534 γὰρ
1301 2451 1385 2509 διὰ
1414 2452 1572 2532 λόγου
1605 2462 1735 2512 Θεου
1763 2456 1851 2510 καὶ
1879 2452 2049 2508 ἐντεύ-

2136 2443 2494 2530 iicieudum,
2521 2451 2578 2512 si
2631 2467 2766 2510 cum
2803 2452 3155 2530 gratiarum
3193 2451 3433 2513 actione
3460 2459 3788 2514 sumatur:

394 2536 415 2554 Ρ

394 2558 544 2601 ςεως.
581 2559 610 2596 ι

481 2650 510 2680 α
571 2629 641 2685 Τὸ
683 2627 739 2686 δὲ
800 2636 1010 2707 Πνεῦμα
1051 2632 1225 2709 ῥητῶς
1256 2630 1422 2710 λέγει,
1456 2651 1477 2682 ι
1533 2631 1804 2712 Τουτέστι,
1865 2631 2046 2710 σαφῶς

395 2723 655 2795 ’.ρι-ρερὼς.
717 2720 806 2786 Μὴ
863 2721 1137 2797 θαυμάσῃς
1191 2718 1270 2795 δὲ,
1316 2722 1498 2801 φησὶν,
1559 2723 1604 2777 εἰ
1658 2731 1746 2815 νῦἕ
1790 2720 1894 2777 ἀπὸ
1953 2720 2046 2787 τῆς

2128 2540 2561 2619 sanctiﬁcatur
2591 2540 2747 2600 enim
2779 2556 2890 2617 per
2917 2539 3168 2602 verbum
3205 2542 3312 2602 Dei
3341 2547 3399 2603 et
3432 2543 3790 2604 orationem.

2220 2654 2243 2687 ιι
2265 2628 2522 2710 Spiritus
2551 2635 2754 2707 aperte
2785 2627 2948 2689 dicit.
2973 2653 2996 2687 ο
3019 2621 3219 2696 Ῥητῶς
3243 2629 3404 2691 enim
3425 2629 3583 2691 idem
3605 2631 3795 2710 signi-

2133 2720 2270 2781 ﬁcat
2293 2717 2444 2799 qusd
2471 2715 2701 2796 palam,
2737 2717 3080 2780 manifeste.
3115 2716 3202 2778 Ne
3229 2727 3424 2799 autem
3450 2719 3791 2795 admireris,

397 2807 623 2871 πίστεως
668 2807 992 2874 ἀποστάντες
1021 2811 1188 2886 τινὲς,
1250 2808 1650 2882 ἰουδα’ίζουσιν,
1709 2794 1890 2868 ἸΕσταιι
1949 2811 2046 2888 γὰρ

2136 2794 2344 2889 inquit,
2363 2805 2411 2868 si
2430 2794 2586 2866 nunc
2604 2794 2842 2886 quidam
2862 2806 3024 2868 aiide
3038 2794 3796 2870 discede'ntesJudaismum

395 2896 548 2975 φησὶ,
593 2899 774 2976 καιρὸς
825 2897 912 2954 ὅτε
969 2902 1056 2955 καὶ
1113 2897 1316 2975 μᾶλλον
1371 2901 1407 2967 ἡ
1466 2901 1637 2963 πίστις
1682 2899 2047 2968 πλατδνθήσε-

2136 2903 2480 2978 sequantur.
2506 2894 2631 2957 Erit
2666 2894 2822 2955 enim
2851 2902 3110 2977 tempus,
3143 2897 3379 2977 quando
3404 2897 3582 2959 etiam
3608 2899 3796 2977 magis

393 3006 507 3064 τιι,
565 2985 619 3042 ἐν
648 2988 807 3061 ᾠκαὶ
838 2989 1054 3068 χείρονα
1103 2988 1437 3064 ποιτὶσουσιν,
1485 2993 1545 3048 οὗ
1602 2989 1767 3068 μέχρι
1824 2988 2048 3068 βρωμά-

2136 2986 2406 3067 dispersa
2435 2983 2546 3045 erit
2575 2982 2743 3055 ﬁdes,
2805 2984 2866 3044 in
2919 3004 3034 3064 quo
3068 2985 3243 3046 etiam
3279 2988 3484 3066 pejora
3534 2987 3794 3048 facient:

398 3075 504 3130 τῶν
533 3077 1017 3158 παρατηρούμενοι,
1063 3077 1200 3134 ἀλλά
1254 3079 1343 3134 καὶ
1397 3079 1608 3156 γάμων,
1661 3079 1750 3134 καὶ
1805 3080 1911 3134 τῶν
1941 3076 2052 3134 λοι-

2137 3094 2260 3137 non
2292 3075 2355 3136 in
2389 3073 2657 3135 ciborum
2690 3073 2972 3134 duntaxat
3002 3073 3545 3151 observationibus,
3579 3076 3682 3138 sed
3741 3086 3800 3138 et

402 3167 540 3227 πῶν,
582 3150 623 3219 α’
660 3150 1022 3246 Προσέχοντες
1082 3168 1341 3244 πνεύμασι
1397 3150 1642 3232 πλάνοις.
1692 3191 1719 3223 n
1774 3165 1899 3226 Ἐὰν
1952 3167 2051 3246 γὰρ

2136 3163 2551 3244 conjugiorum
2585 3181 2652 3224 ac
2690 3171 3040 3225 caaterarum
3073 3182 3298 3226 rerum.
3346 3187 3369 3219 ι
3403 3150 3800 3227 Attendentes

403 3259 501 3318 τῆς
558 3257 786 3320 πίστεως
830 3262 1041 3333 αποστῇ
1094 3279 1200 3332 τις,
1269 3257 1443 3314 πάντα
1498 3256 1686 3315 λοιπὸν
1743 3256 1928 3337 ἔχεται
1986 3257 2052 3312 τὰ

402 3342 642 3422 χαλεπά.
704 3348 900 3403 Λοιπὸν
961 3348 1061 3426 γὰρ
1119 3346 1326 3424 ἀνάγκη
1387 3347 1678 3422 πνεύμασιν
1737 3347 2052 3425 ἀκαθάρτοις

401 3435 489 3490 καὶ
544 3431 754 3511 δαίμοσι
816 3436 1127 3517 προσέχειν,
1175 3436 1445 3494 πλανῶσιν
1505 3437 1609 3496 ἀπὸ
1665 3441 1765 3504 τῆς
1822 3436 2050 3514 ὀρθότη-

399 3546 493 3588 τος
550 3528 642 3582 τὸν
713 3524 1008 3604 ἄνθρωπον,
1069 3547 1093 3583 ι
1152 3528 1250 3584 Καὶ
1278 3524 1632 3591 διδασκαλίαις
1665 3523 1970 3602 δαιμονίων,
2019 3545 2047 3583 ι

403 3619 502 3673 Διά
582 3616 783 3673 τούτων
867 3623 1040 3673 πᾶσαν
1122 3616 1326 3696 α’ῗρεσιν
1387 3614 1643 3697 ἐδήλωσε,
1711 3615 1943 3691 μάλιστα
2001 3612 2055 3670 δὲ

405 3707 757 3786 Μανιχαίους,
842 3703 1249 3784 ⁴Ἐγιιιρατισιιεάς,
1336 3707 1764 3785 Μαρκιωνιστάς,
1861 3729 1882 3760 ιι
1964 3701 2056 3762 Ἐν

401 3795 668 3874 ὑποκρίσει
745 3817 770 3852 ι
845 3795 1135 3876 τουτέστιν,
1223 3793 1543 3862 ἐπιτηδεύει.
1647 3795 1916 3852 Δείκνυσιν
2001 3793 2056 3850 δὲ

403 3883 486 3939 ὅτι
560 3882 752 3947 εἰδότες
823 3882 903 3940 ὅτι
962 3882 1159 3960 ψευδὴς
1219 3886 1390 3942 αὐτῶν
1467 3886 1502 3953 ἡ
1561 3882 1895 3956 ἐπιτήδευσις
1951 3889 2058 3939 τῶν

403 3973 709 4053 δογμάυων,
756 3972 1126 4041 ἀπιτηδεύουσι
1174 3975 1236 4030 τὸ
1295 3973 1658 4054 ψευδολογεῖν,
1708 3972 2060 4052 Ψευδολόγων

405 4063 463 4120 δέ
507 4087 662 4144 φησι,
719 4069 825 4120 τῶν
868 4062 1401 4142 κεκαυτηριασμένων
1459 4064 1558 4131 τὴν
1608 4061 1898 4131 συνείδησιν
1955 4063 2062 4118 ἀπὸ

405 4161 644 4234 πονηροῦ
699 4153 813 4230 βίου
848 4173 862 4190 °
934 4153 1193 4228 τουτέστι,
1275 4160 1508 4233 πονηροῦ
1579 4155 1692 4231 βίου
1773 4153 1888 4212 εἶσί.
1963 4144 2063 4210 Καὶ

2135 3252 2445 3334 spiritibus
2475 3250 2926 3331 impostoribus.
2958 3275 2985 3308 ι
3007 3250 3156 3313 Nam
3179 3253 3229 3314 si
3259 3253 3392 3333 quis
3418 3254 3605 3315 semel
3630 3273 3664 3316 a
3683 3253 3802 3316 ﬁde

2136 3342 2426 3421 discedat,
2489 3339 2689 3401 omnia
2746 3339 3037 3422 deinceps
3095 3352 3382 3423 sequetur
3438 3343 3792 3424 periculosa.

2135 3430 2394 3494 Necesse
2425 3439 2517 3491 est
2566 3429 2726 3492 enim
2782 3431 3068 3512 deinceps
3112 3440 3179 3494 ut
3205 3432 3459 3514 impuris
3489 3432 3799 3513 spiritibus

2137 3521 2404 3584 animum
2434 3519 2719 3600 attendat,
2750 3538 2818 3581 ac
2845 3519 3220 3582 daemonibus
3246 3522 3552 3584 hominem
3573 3541 3607 3584 a
3635 3532 3799 3584 recto

2139 3608 2584 3672 seducentibus.
2625 3633 2650 3663 α
2685 3609 2770 3670 Ac
2800 3609 3091 3671 doctrinis
3120 3610 3627 3674 daemoniorum.»
3664 3615 3806 3673 250

2139 3701 2391 3764 Omnem
2416 3697 2692 3759 haeresim
2716 3716 2823 3775 per
2857 3699 2984 3760 hanc
3015 3699 3389 3778 signiﬁcavit,
3414 3701 3670 3763 maxime
3699 3721 3803 3764 au-

2139 3794 2263 3848 tem
2293 3785 2785 3860 Manichaeorum,
2822 3786 3285 3849 Encratistarum
3336 3789 3418 3864 (id
3452 3799 3564 3865 est,
3597 3791 3802 3854 Conti-

2141 3875 2428 3940 nentiumi
2466 3881 2525 3935 et
2554 3875 3090 3940 Marcionistarum.
3157 3901 3178 3933 ι
3218 3880 3285 3940 In
3317 3878 3694 3941 simulatione
3729 3898 3741 3942 :
3777 3905 3797 3936 ι

2143 3964 2256 4026 hoc
2272 3972 2384 4037 est,
2409 3963 2547 4024 data
2559 3982 2759 4042 Opera.
2781 3964 3262 4028 Gstenditautem
3279 3967 3437 4048 quod
3461 3987 3596 4029 cum
3618 3969 3808 4030 sciant

2145 4053 2356 4115 falsum
2389 4071 2521 4114 esse
2543 4061 2945 4114 commentum
2967 4072 3212 4116 suorum
3234 4056 3600 4139 dogmatum,
3623 4059 3804 4120 aﬂ'ec-

2147 4150 2270 4204 tant
2317 4141 2468 4203 falsa
2497 4143 2679 4222 loqui.
2717 4143 2885 4205 Falsa
2940 4143 3308 4224 loquentium
3365 4163 3525 4221 vero,
3587 4147 3802 4229 inquit,

407 4231 594 4312 ἐπειδῆ
650 4243 943 4302 συνοίδασιν
1028 4245 1238 4308 ἑαυτοῖς
1314 4231 1631 4324 ἀκαθαρσίαν
1686 4242 1915 4317 πολλὴν⁹
1979 4241 2055 4299 διὰ

2145 4231 2407 4294 cauterio
2441 4240 2694 4293 notatam
2730 4231 3072 4294 habentium
3115 4235 3563 4312 conscientiam,
3593 4255 3626 4298 a
3657 4237 3809 4298 mala

405 4345 564 4394 τοῦτο
621 4335 682 4389 τὸ
739 4331 972 4396 συνειδὸς
1041 4333 1212 4389 αὐτῶν
1276 4321 1676 4412 avdacis-(mou;
1737 4332 1854 4412 ἔχει
1939 4331 2055 4393 τοὺς

2146 4321 2288 4396 vita,
2316 4321 2428 4382 hoc
2469 4334 2582 4396 est,
2613 4339 2803 4402 pravae
2823 4321 2956 4383 vita).
2987 4329 3125 4383 sunt
3151 4343 3164 4383 :
3191 4331 3250 4384 et
3273 4323 3412 4404 quia
3437 4325 3550 4386 sibi
3575 4325 3806 4388 conscii

408 4429 680 4502 καυτῆρας
738 4431 833 4481 τοῦ
903 4423 1132 4502 ῥυπαροῦ
1208 4423 1342 4498 βίου.
1420 4399 1571 4486 Ὀτος
1641 4423 1740 4500 γαρ
1768 4399 1806 4412 Ν
1828 4424 1874 4477 οἱ
1943 4442 2055 4476 τοι-

2146 4420 2286 4474 sunt
2315 4410 2389 4473 de
2422 4399 3038 4486 multaiimmunditia,
3080 4411 3216 4474 ideo
3248 4399 3615 4477 conscientia
3642 4417 3807 4496 ipso-

409 4525 555 4573 οὑτοι
625 4511 727 4569 δέει
799 4518 904 4569 τῶν
962 4510 1298 4586 ἀντιδόσεων,
1371 4511 1732 4592 διαστρέφουσι
1777 4512 1843 4567 τὰ
1894 4509 2055 4577 ἀληθῐ

2152 4519 2281 4560 rum
2301 4497 2659 4562 indelebiles
2675 4498 2854 4561 habet
2875 4500 3133 4562 sordidae
3152 4502 3286 4562 vitae
3307 4501 3628 4566 inusturas.
3657 4505 3811 4566 Vere

409 4603 674 4682 δόγματα,
748 4601 920 4658 πάντα
975 4604 1239 4665 πείθοντες
1321 4601 1505 4664 αὐτούς
1590 4602 1730 4658 εἶναι
1803 4600 1840 4668 ἢ
1908 4599 2055 4675 μόνο.

2152 4588 2315 4652 enim
2340 4587 2438 4682 qui
2453 4588 2779 4682 talessunt,
2797 4598 2955 4682 metu
2981 4589 3442 4682 retributionem
3466 4602 3813 4674 pervertunt

412 4696 546 4750 Θεὸν
619 4693 804 4772 κριτὴν
861 4689 1084 4772 δίκαιον,
1157 4691 1466 4772 ἀνάστασιν,
1541 4689 1815 4766 ἀπόληψιν
1891 4687 2055 4745 καλῶι

2160 4697 2294 4742 vera
2339 4679 2632 4772 dogmata,
2685 4679 2914 4772 quidvis
2970 4679 3086 4742 sibi
3130 4681 3562 4772 persuadentes
3619 4683 3813 4764 potius

407 4785 500 4841 καὶ
558 4783 760 4842 κακῶν.
829 4804 856 4837 ι
920 4779 1244 4838 Κωλυόντων
1301 4793 1520 4860 γαμεῖν,
1600 4803 1627 4834 ι)
1706 4780 1766 4837 Τί
1833 4779 1964 4854 ούν;
2029 4801 2055 4834 o

2159 4787 2337 4850 quam
2369 4770 2559 4830 solum
2595 4768 3020 4848 Deumjustam
3048 4787 3180 4830 esse
3191 4769 3483 4851 judicem,
3508 4789 3815 4837 resurrec-

412 4873 719 4954 Χριστιανοὶ
801 4872 862 4926 οὗ
943 4868 1202 4927 κωλύουσι
1305 4883 1567 4950 γαμεῖν,
1670 4868 1760 4935 Μὴ
1842 4866 2050 4946 γένοιτο

2159 4859 2408 4939 tionem,
2465 4875 2534 4918 ac
2558 4857 3012 4918 retributionem
3060 4856 3354 4920 bonorum
3387 4869 3446 4920 et
3495 4861 3812 4923 malorum.

417 4945 475 5017 α’
506 4964 690 5037 Τίμιος
763 4960 864 5039 γάρ
919 4962 948 5015 6
1017 4959 1190 5038 γάμος
1233 4945 1327 5017 καὶ*
1379 4962 1412 5028 ἡ
1473 4945 1626 5025 κοίτη
1703 4945 1979 5033 ἀμίαντος.
2037 4979 2055 5016 l

2165 4973 2194 5005 α
2221 4946 2675 5039 Prohibentium
2697 4947 3051 5039 contrahere
3088 4945 3558 5039 matrimonium.
3599 4973 3621 5008 ι
3660 4948 3815 5023 Quid

413 5034 584 5109 Ἀλλά
653 5034 789 5113 τοὺς*
837 5034 937 5124 ⁷μὴ
1011 5034 1363 5126 βουλομένους
1447 5061 1670 5128 γαμεῖν,
1759 5046 1843 5104 ἐπὶ
1927 5068 2055 5126 παρ-

2155 5037 2342 5116 ergo?
2372 5054 2571 5128 annon
2619 5043 2677 5097 et
2720 5034 3056 5128 Christiani
3084 5035 3414 5128 prohibent
3454 5042 3816 5102 contrahere

411 5142 583 5198 θενίαν
670 5124 1073 5218 προτρέπουσιν.
1160 5124 1222 5198 οι
1318 5135 1372 5193 δὲ
1458 5124 1748 5199 κωλύοντες
1846 5124 2068 5215 γαμετν,
2157 5124 3522 5218 matrimonium?Nequaquam.«Honorabile
3543 5136 3633 5190 est
3653 5129 3814 5192 enim

412 5234 487 5295 ὡς
537 5228 588 5295 ἐξ
643 5215 939 5306 ἀκαθάρτου
979 5227 1292 5289 κωὶύουσιν.
1373 5251 1399 5283 ιο
1463 5225 1786 5306 Ἀπέχεσθαι
1856 5226 2055 5304 βρωμά·

2160 5216 2500 5297 conjugium
2530 5224 2589 5276 et
2609 5215 2809 5306 cubile
2836 5215 3212 5306 impolluturn
3249 5217 3351 5294 55;
3389 5242 3414 5272 ι
3452 5219 3556 5281 sed
3583 5237 3686 5281 eos
3716 5219 3819 5300 qui

422 5342 556 5380 των.
605 5340 635 5373 ι
692 5305 952 5375 Οὗκὲστι
995 5315 1212 5396 σφάλμα
1270 5305 1685 5397 καλλιγραφικὸν
1732 5316 1815 5390 τὸ,
1870 5337 1891 5371 ι
1939 5313 2055 5372 Ἀπ·

2163 5308 2518 5370 contrahere
2557 5305 2766 5366 nolunt
2799 5305 3110 5367 hortantur
3137 5305 3210 5366 ad
3241 5305 3636 5387 virginitatem
3664 5329 3676 5369 :
3716 5308 3820 5390 qui

414 5410 634 5490 έχεσθαι
691 5408 1008 5489 βρωμάτων,
1044 5384 1074 5464 ἰ
1137 5384 1222 5472 ’ὡς
1282 5384 1478 5472 ἐνίοις..
1513 5384 1706 5486 ἔδοξεν,
1767 5384 1882 5463 οὸδέ
1950 5426 2055 5484 παρ

2164 5405 2360 5460 autem
2382 5394 2735 5458 contrahere
2766 5393 3108 5477 prohibent,
3131 5384 3408 5479 tanquam
3432 5416 3466 5460 a
3495 5416 3562 5460 re
3583 5384 3818 5480 impura

417 5485 595 5579 όραμα
638 5485 1015 5572 ἀποστολικὸν,
1049 5496 1185 5555 ἀλλά
1241 5499 1326 5555 καὶ
1379 5498 1541 5574 ὀρθῶς
1600 5485 1699 5560 εἷς
1729 5495 1829 5563 τὴν
1873 5491 2055 5552 Ἀτθίδτ

2165 5496 2395 5552 arcent.
2435 5509 2458 5543 α
2498 5485 2818 5550 Abstinere
2845 5503 2879 5547 a
2933 5485 3106 5550 cibis.
3143 5509 3166 5543 ι
3206 5488 3338 5550 Non
3387 5495 3477 5550 est
3518 5505 3687 5550 error
3715 5495 3817 5550 aut

502 5662 556 5705 33
588 5663 795 5727 Matth.
835 5679 917 5736 ιι,
959 5659 1051 5723 19.
1139 5657 1190 5702 ³⁴
1219 5657 1391 5723 Joan.
1423 5674 1462 5729 I,
1504 5657 1596 5720 14.
1687 5654 1739 5698 35
1766 5653 1956 5720 Hebr.
1997 5671 2123 5732 xui,
2160 5657 2218 5719 4.
