4188 6430
257 351 380 418 473
1302 355 1701 420 COMMENT.
1747 351 1829 420 IN
1872 354 2118 419 EPIST.
2162 357 2190 418 Ι
2232 357 2335 422 AD
2376 355 2698 425 TIMOTH.
3557 365 3679 431 174

256 486 584 568 ἀνθρώποις,
635 491 680 561 ἢ
732 491 1058 572 πράγμασιν,
1127 513 1150 545 ε
1201 465 1406 572 ’,Επεχε
1447 490 1673 566 σεαυτῷ.
1713 512 1737 547 ι
1788 493 1934 584 ςηέον1

2030 486 2194 584 Quod
2206 489 2386 553 sinon
2408 491 2586 584 fuerit
2605 493 2995 584 vehementer
3013 516 3672 584 magnus,nequaquam

267 580 535 660 Πρόσεχε,
570 582 668 637 καὶ
744 581 824 658 μὴ
881 580 1041 656 μόνον
1097 580 1295 656 σαυτῷ,
1343 578 1483 642 ἀλλὰ
1535 580 1624 636 καὶ
1679 584 1748 656 τῇ
1788 575 1934 634 διδα-

2020 577 2154 640 ﬁeri
2166 587 2357 658 potest
2372 581 2817 647 manifestus.ln
2829 575 3210 651 omnibusve]
3221 575 3424 654 rebus.
3440 575 3675 654 «Atten-

275 667 482 742 σκαλίᾳ,
513 669 614 727 ἵνα
641 671 740 727 καὶ
769 668 961 732 ἄλλους
1006 667 1318 750 ὠφελήσῃς.
1377 669 1518 728 Εἶτα
1550 670 1636 726 καὶ
1689 669 1752 725 τὸ
1780 667 1934 724 ἀνέν-

2021 664 2334 749 detibiipsi
2351 678 2408 732 et
2430 670 2782 736 doctrinae.)
2796 673 2920 737 Hoc
2932 683 3044 752 est,
3063 678 3307 742 intende
3324 687 3382 742 et
3402 681 3668 743 animum

277 756 426 815 δοτον
454 765 798 840 παρεγγυῶν,
831 760 1011 841 φησὶν,
1053 780 1084 814 ε
1117 757 1365 834 Ἐπίμενε
1395 759 1603 822 αὐτοῖς.
1632 765 1797 816 Τοῦτο
1839 756 1934 836 γὰρ

2019 755 2265 832 adhibe,
2289 777 2406 821 non
2428 757 2652 841 tibiipsi
2675 764 2890 839 solum,
2917 765 3022 826 sed
3041 766 3420 845 etdoctrinaz,
3448 777 3512 830 ut
3543 769 3676 831 aliis

278 852 448 904 ποιῶν
488 848 577 904 καὶ
621 850 847 905 σεαυτὸν
895 847 1109 913 σώσεις,
1151 869 1175 906 ι
1239 846 1329 906 Ἐν
1369 848 1471 927 γὰρ
1527 869 1606 920 τῳ
1658 858 1934 926 παραινεῖν

2024 863 2259 938 quoquc
2291 847 2510 926 j-rosis.
2563 848 2792 914 Deinde
2841 863 3116 916 accurate
3165 856 3522 938 praecipiens
3553 858 3672 921 ait:

273 934 498 1018 ἑτέροις,
569 939 660 994 καὶ
730 939 760 995 ὁ
830 944 1096 1015 παραινῶν
1193 938 1566 994 κατανύττεται
1637 937 1722 992 καὶ
1793 937 1934 1016 ὡφε-

2027 955 2052 1029 ς
2076 934 2408 1029 Persistein
2423 939 2516 1001 his
2545 939 2692 1004 Nam
2708 942 2830 1006 siid
2843 944 3148 1023 feceris,et
3164 934 3417 1029 teipsu'm
3445 949 3673 1012 salvum

276 1025 481 1102 λεϊται,
547 1025 794 1107 ἐρυθριῶν
883 1027 1158 1090 δπεύθυνος
1247 1025 1515 1106 γενέσθαι,
1601 1027 1676 1083 ὧν
1749 1023 1934 1088 ἃλλους

2020 1023 2258 1119 ξεείεε.)
2278 1028 2589 1119 Siquidem
2607 1031 2754 1094 alios
2765 1031 3159 1113 abhortando,
3177 1023 3360 1099 etiam
3371 1037 3425 1100 is
3442 1037 3544 1119 qui
3559 1038 3668 1100 ad-

279 1115 573 1196 ἀποτρέπει
583 1165 599 1180 ,

370 1403 400 1436 α
436 1383 557 1460 Περὶ
585 1391 676 1442 τοῦ
702 1300 1287 1463 ἀρμοζόνξυῗβ
1315 1379 1718 1462 προσφέρεσθαι,
1751 1404 1780 1436 ι

380 1495 404 1527 ε
478 1469 817 1552 Πρεσϐυτέρῳ
888 1472 966 1548 μὴ
1024 1470 1348 1551 ἐπιπλήξῃς,
1423 1469 1561 1527 ἀλλὰ
1629 1467 1930 1550 παρακάλεε

276 1561 357 1625 ὡς
445 1560 670 1640 πατέρα,
748 1560 1030 1641 νεωτέρως

2021 1112 2425 1207 hortationem
2444 1112 3423 1202 facit,compungituretutilitatem
3433 1112 3669 1207 accipit.

2022 1203 2385 1268 erubescens
2410 1205 2473 1268 in
2495 1207 2590 1269 his
2611 1208 2740 1271 ﬁeri
2757 1210 3347 1295 obnoxius,aquibus
3385 1203 3671 1278 deterret.

2571 1297 2716 1360 955
2758 1299 2999 1364 CAPUT
3044 1301 3118 1366 X.

2260 1383 2332 1448 Ut
2358 1403 2422 1448 se
2449 1388 2774 1467 unicuique
2801 1399 2938 1470 apte
2967 1393 3390 1456 accommodet.

2093 1467 2165 1564 γ,
2203 1476 2260 1548 t,
2294 1476 2355 1536 2.
2409 1474 2726 1540 Seniorem
2779 1467 2856 1541 ne
2902 1481 3126 1544 secvtus
3199 1481 3502 1564 objurges,
3565 1481 3674 1544 sed

1126 1562 1199 1624 ὡς
1279 1557 1556 1650 ἀδελφούς.
1633 1556 1930 1650 Πρεσϐυτέ-

2018 1557 2336 1650 adhortare
2379 1571 2452 1626 ut
2487 1573 2762 1648 patrem,
2789 1570 3066 1645 iuniores
3096 1578 3168 1632 ut
3224 1556 3494 1650 fratres,
3533 1587 3674 1633 mu-

276 1670 381 1728 ρας
434 1651 509 1715 ὡς
566 1649 824 1730 μητέρας,
899 1649 1155 1730 νεωτέρας
1226 1650 1301 1712 ὡς
1359 1646 1614 1729 ἀδελφὰς,
1672 1647 1727 1705 ἐν
1784 1647 1931 1724 πάσῃ

2018 1645 2196 1712 lieres
2247 1659 2400 1714 natu
2451 1645 2821 1734 grandiores
2870 1663 2938 1720 ut
2967 1645 3234 1737 matres,
3270 1645 3556 1741 juniores
3610 1665 3681 1722 ut

276 1738 489 1816 ἁγνείᾳ,
528 1760 552 1795 ι

367 1802 459 1885 Οὐ.
484 1827 544 1883 τὸ
592 1825 819 1908 ἀξίωμα,
887 1826 1066 1906 φησὶν,
1127 1824 1264 1882 ἀλλὰ
1343 1825 1516 1883 πάντα
1584 1825 1944 1905 γεγηρακότα·
1966 1802 2008 1853 Β

278 1917 347 1976 Τί
380 1916 472 1974 οὖν
500 1935 707 1998 φησιν;
780 1925 854 1974 Av
921 1913 1104 1984 δέηται
1168 1913 1512 1995 δίορθώσεως,
1574 1917 1648 1979 ὡς
1705 1913 1768 1971 ἂν
1792 1915 1948 1994 πατρὶ

285 2005 706 2086 προσενέχθητι,
782 2005 918 2082 μετὰ
991 2005 1307 2084 προσηνείας
1391 2001 1673 2064 διδάσκων.
1728 2002 1946 2072 Ἐπειδὴ

283 2097 394 2174 γὰρ
461 2095 706 2174 φορτικὸν
775 2096 810 2164 ἡ
883 2093 1190 2173 ἐπίπληξις,
1277 2093 1508 2170 μάλιστα
1583 2095 1618 2162 ἡ
1679 2099 1770 2150 τοῦ
1827 2092 1946 2151 νέου

279 2186 423 2264 πρὸς
453 2183 814 2263 γεγηρακότα,
847 2189 918 2260 τῇ
972 2183 1224 2256 ἐπιεικείᾳ
1292 2181 1642 2259 ὑποτέμνεται
1698 2182 1760 2238 τὸ
1803 2204 1937 2262 φορ-

273 2274 452 2331 τικόν.
497 2297 525 2328 ι
560 2272 860 2351 Νεωτέρους
909 2275 983 2336 ὡς
1040 2270 1320 2352 ἀδελφοὺς,
1355 2295 1384 2326 ι
1448 2270 1588 2328 Ἀπὸ
1638 2276 1818 2328 κοινοῦ
1848 2273 1935 2346 τὸ,

275 2360 602 2442 παρακάλει,
638 2352 729 2426 ιΩς
761 2360 1013 2442 ἀδελφοὺς
1056 2359 1112 2416 δὲ
1168 2359 1252 2417 διὰ
1309 2365 1488 2435 τοῦτο,
1545 2359 1638 2415 ἵνα
1691 2360 1753 2416 τὸ
1780 2361 1938 2438 θρασὺ

280 2455 458 2509 αὐτῶν
500 2450 878 2527 καταστείλῃς,
917 2470 946 2509 ε
981 2447 1338 2530 Πρεσϐυτέρας
1382 2450 1456 2514 ὡς
1485 2447 1744 2527 μητέρας.
1775 2471 1803 2505 ι
1841 2449 1941 2506 Διὰ

279 2543 383 2610 τὴν
452 2539 740 2620 εἰρημένην
791 2540 878 2596 ἐπὶ
932 2545 1038 2598 τῶν
1094 2536 1458 2618 πρεσϐυτέρων
1513 2538 1707 2597 αἰτίαν.
1772 2560 1798 2594 α
1850 2535 1942 2596 Ἐν

277 2632 429 2710 πάσῃ
458 2630 664 2708 ἁγνείᾳ,
705 2651 729 2687 ι
777 2627 996 2698 Ἐπειδὴ
1016 2630 1104 2686 καὶ
1146 2631 1199 2685 αἱ
1240 2630 1373 2707 πρὸς
1416 2627 1675 2708 νεωτέρας
1706 2627 1933 2705 ὁμιλίαι,

278 2718 548 2783 δυσκόλως
634 2717 1000 2800 διαφεύγουσιν
1073 2718 1326 2794 ὑποψίαν,
1412 2718 1475 2772 σὺ
1549 2718 1686 2794 μετὰ
1755 2717 1936 2785 πάσης

279 2809 492 2888 ἁγνείας
548 2817 707 2888 τοῦτο
775 2807 940 2887 ποίει,
997 2806 1258 2880 τουτέστι,
1331 2804 1468 2882 μηδὲ
1548 2805 1712 2886 μέχρι
1765 2804 1932 2883 ψιλῆς

273 2879 504 2961 civem.
547 2927 631 2943 —
658 2879 888 2961 Ἄλλως.
923 2879 994 2955 ὸῦ
1038 2879 1279 2971 Τιμοθέω
1319 2879 1375 2951 δὲ
1425 2879 1595 2971 μόνω,
1851 2897 1938 2953 καὶ

270 2988 436 3044 παντὶ
459 2984 740 3059 ἑπισκόπῳ
770 2997 1026 3064 παραινεῖ
1032 3033 1046 3047 .

919 3257 1172 3314 non.
1208 3241 1320 3314 iA'.

357 3365 387 3404 ε
458 3347 584 3424 Περὶ
641 3349 834 3426 χηρῶν
891 3342 1128 3426 ἡλικίας,
1187 3343 1277 3400 καὶ
1343 3341 1563 3422 τρόπου,
1623 3341 1714 3396 καὶ
1798 3337 1936 3396 διοι-

950 3425 1181 3494 κήσεως.
1225 3445 1250 3480 ι

361 3515 541 3594 Χήρας
587 3536 746 3596 τιμα,
803 3515 898 3580 τὰς
955 3513 1121 3576 ὅντως
1178 3513 1380 3593 χήρας.
1439 3513 1498 3569 Εἰ
1556 3509 1611 3568 δέ
1665 3533 1748 3576 τις
1791 3511 1942 3591 χήρα

271 3604 439 3660 τέκνα
492 3603 529 3672 ἢ
613 3601 806 3682 ἔκγονα
875 3601 1018 3683 ἔχει,
1101 3600 1508 3678 μανθανέτωσαν
1580 3605 1790 3680 πρῶτον
1847 3600 1941 3656 τὸν

271 3691 416 3750 ἴδιον
520 3691 672 3750 οἶκον
767 3689 1026 3768 εὐσεϐεῖν,
1121 3689 1210 3747 καὶ
1304 3686 1532 3766 ἀμοιϐὰς
1633 3685 1939 3749 ἀποδιδόναι

266 3799 395 3851 τοῖς
473 3785 778 3864 προγόνοις.
838 3791 1020 3864 ,Τοῦτο
1082 3784 1183 3862 γὰρ
1263 3781 1405 3838 ἐστιν
1489 3777 1780 3838 ἀπόδεκτον
1837 3777 1929 3836 ἒν-

272 3876 446 3932 ώπιον
474 3863 566 3931 τοῦ
594 3863 599 3864 ί
623 3880 778 3934 Θεοῦ.
834 3863 896 3929 Ἦ
933 3870 988 3928 δὲ
1018 3870 1172 3936 ὄντας
1215 3871 1364 3952 χήρα
1401 3872 1492 3928 καὶ
1546 3867 1930 3948 μεμονωμένη,

271 3961 500 4031 ἤλπικεν
570 3963 658 4020 ἐπὶ
715 3963 809 4020 τὸν
879 3964 1032 4037 Θεὸν,
1105 3961 1194 4018 καὶ
1258 3958 1544 4040 προσμένει
1602 3971 1723 4022 ταῖς
1797 3955 1930 4040 δεήσ-

269 4075 390 4112 σεσι
443 4054 534 4109 καὶ
586 4065 712 4119 ταῖς
765 4062 1100 4132 προσευχαῖς
1158 4037 1348 4113 νυκτδς
1408 4049 1498 4106 καὶ
1556 4047 1786 4128 ἡμέρας.
1865 4037 1928 4104 Ἣ

269 4141 328 4199 δε
385 4140 736 4217 σπαταλῶσα,
807 4147 952 4214 ζῶσα
1029 4140 1275 4207 τέθνηκε.
1339 4139 1436 4196 Καὶ
1477 4143 1642 4194 ταῦτα
1715 4135 1930 4215 παράγ-

270 4229 462 4309 γελλε,
491 4230 583 4287 ἵνα
613 4229 968 4298 ἀνεπίληπτοι
1012 4229 1165 4288 ὦσιν.
1190 4229 1250 4287 Εἰ
1291 4225 1346 4284 δέ
1389 4247 1468 4293 τις
1512 4231 1620 4283 τῶν
1659 4223 1800 4283 ἰδίων
1842 4224 1930 4281 καὶ

275 4317 503 4394 μέλιστα
528 4323 634 4376 τῶν
675 4320 884 4377 οἰκείων
912 4321 974 4377 οὒ
1021 4330 1266 4399 προνοεῖ,
1309 4316 1412 4384 τὴν
1459 4315 1634 4372 πίστιν
1676 4313 1926 4394 ἤρνηται,

273 4409 371 4464 καὶ
399 4406 534 4465 ’ἐστιν
562 4408 784 4467 ἀπίστου
812 4410 1033 4489 χείρων,
1070 4429 1097 4468 ι

2026 1753 2268 1802 sorores
2295 1758 2434 1804 cum
2464 1747 2632 1806 omni
2656 1746 2954 1810 castitate.

2112 1829 2243 1919 Non
2275 1849 2517 1908 ,novum
2568 1833 2808 1916 aliquod
2865 1835 3043 1898 tradit
3096 1836 3680 1919 documentum,sed

2031 1915 2233 1978 omnia
2252 1927 2452 1982 vetera
2483 1930 2644 1985 sunt.
2665 1915 2817 1996 Quid
2838 1942 2980 2002 ergo
3007 1924 3204 1987 dicit?
3225 1924 3287 1990 Si
3312 1915 3682 1989 correctioue

2029 2021 2183 2092 opus
2203 2005 2302 2083 sit,
2326 2017 2602 2090 tanquam
2625 2011 2776 2092 patri
2812 2012 3136 2076 admoneas
3165 2033 3302 2077 cum
3325 2024 3674 2079 mansuetu-

2029 2091 2169 2187 dine
2198 2094 2442 2187 docens.
2468 2091 2763 2171 Quonium
2792 2101 2951 2164 enim
2974 2101 3168 2182 gravis
3208 2112 3299 2166 est
3329 2122 3540 2187 aspera
3564 2104 3676 2167 ob-

2023 2180 2305 2275 jurgatio,
2343 2188 2605 2250 maxime
2629 2189 2868 2269 juvenis
2899 2180 3039 2271 erga
3066 2210 3294 2269 senem,
3328 2180 3438 2275 per
3465 2194 3675 2257 mode-

2030 2270 2202 2360 stiam
2251 2276 2597 2355 praeciditur
2643 2281 2802 2360 quod
2854 2270 3029 2358 grave
3073 2289 3186 2346 est.
3227 2304 3250 2340 ιι
3304 2270 3584 2346 Iuniores
3615 2291 3680 2346 ut

2025 2357 2263 2425 fratres.
2302 2387 2329 2420 ι»
2368 2365 2421 2426 Λ
2466 2357 2770 2430 communi
2828 2357 3008 2432 sensu
3061 2369 3398 2450 subaudito,
3455 2371 3676 2434 adhor-

2025 2454 2169 2512 tars.
2208 2452 2531 2541 Propterea
2581 2463 2780 2518 autem
2835 2473 2902 2520 ut
2958 2457 3192 2535 fratres,
3255 2477 3372 2540 quo
3403 2457 3674 2541 ipsorum

2025 2539 2419 2603 temeritatem
2462 2543 2536 2604 ad
2595 2545 2951 2608 modestiam
3010 2539 3291 2612 revoces:
3337 2569 3366 2609 οι
3398 2539 3679 2613 Mulieres

2023 2635 2164 2718 natu
2196 2630 2544 2718 grandiores
2575 2641 2638 2694 ut
2667 2643 2907 2701 matres.
2959 2663 2986 2697 ι
3049 2639 3301 2718 Propter
3352 2636 3570 2700 dictam
3600 2637 3677 2701 de

2023 2715 2363 2780 senioribus
2385 2738 2651 2785 causam.
2688 2749 2714 2783 ‹
2748 2725 2894 2788 Cum
2929 2725 3094 2787 omni
3124 2715 3414 2789 castitate.
3455 2748 3479 2780 ι
3511 2725 3678 2801 Quo-

2023 2804 2186 2896 niam
2221 2807 3100 2893 collocutionesquzesuntcuin
3152 2814 3502 2896 junioribus
3523 2833 3680 2896 agre

2021 2895 2422 2976 suspicionem
2455 2899 2771 2980 effugiunt,
2804 2909 2866 2965 tu
2899 2903 2959 2964 id
3017 2895 3220 2967 cum’o
3243 2905 3368 2967 mni
3397 2895 3675 2968 castitate

2021 2981 2362 3076 facito,qhoc
2381 2996 2490 3061 est,
2518 3008 2595 3051 ne
2612 2989 2686 3052 ad
2713 3000 2954 3056 tenuem
2982 2993 3224 3075 quidem
3257 3013 3446 3076 usque
3474 2993 3666 3058 bene-

2023 3071 2366 3138 volentiam.
2398 3111 2480 3122 --
2497 3077 2644 3141 Atto
2663 3081 2864 3143 modo.
2901 3071 3021 3143 non
3043 3082 3237 3145 solum
3270 3071 3673 3146 Timotheum.

1955 3177 1997 3258 ο
2021 3160 2128 3225 sed
2159 3171 2218 3225 et
2246 3182 2484 3228 omnem
2521 3185 2626 3248 per
2652 3169 2767 3231 hoc
2795 3170 3078 3234 admonet
3108 3171 3480 3254 episcopum.

2657 3258 2908 3324 CAPUT
2938 3259 3038 3323 XI.

2060 3340 2156 3405 De
2177 3342 2510 3409 viduarum
2538 3353 2720 3412 aetate
2745 3350 3008 3414 etmodo
3038 3368 3115 3415 ac
3159 3351 3630 3434 gubernatione.

2103 3503 2174 3580 V,
2205 3503 2341 3566 4-8.
2383 3504 2608 3570 Viduas
2627 3507 2889 3587 honora,
2913 3527 3052 3591 quae
3087 3511 3290 3574 viduae
3308 3510 3476 3576 sunt.
3503 3509 3673 3586 Quod

2021 3590 2079 3654 si
2099 3608 2233 3672 quae
2251 3595 2437 3656 vidua
2458 3595 2675 3660 liberos
2693 3605 2802 3662 aut
2811 3590 3055 3680 nepotes
3073 3600 3270 3677 habet,
3295 3600 3530 3663 discant
3541 3607 3675 3682 pri-

2021 3697 2189 3744 mum
2208 3684 2456 3747 domum
2487 3689 2798 3766 propriam
2809 3689 2914 3768 pie
2952 3693 3226 3753 tractare
3257 3696 3312 3752 et
3346 3694 3540 3753 vicem
3572 3707 3674 3751 re-

2018 3771 2280 3859 pendere
2292 3775 2629 3852 majoribus
2649 3793 2670 3839 :
2690 3776 2800 3840 hoc
2819 3784 2984 3840 enim
3022 3785 3329 3859 acceptum
3351 3785 3439 3840 est
3467 3795 3674 3840 coram

2012 3857 2164 3923 Deo.
2188 3860 2393 3925 Porro
2411 3881 2548 3944 quae
2564 3883 2704 3928 vere
2727 3867 2919 3930 vidua
2941 3873 3028 3930 est
3049 3884 3121 3930 ac
3139 3857 3434 3940 desolata,
3456 3873 3667 3948 sperat

2012 3953 2080 4014 in
2101 3951 2250 4030 Deo,
2269 3961 2323 4018 et
2336 3968 2690 4036 perseverat
2709 3959 2774 4022 in
2798 3959 3331 4023 obsecrationibus
3342 3977 3416 4023 ac
3435 3976 3658 4040 preca-

2013 4042 2284 4106 tionibus
2312 4052 2495 4109 noctu
2537 4049 2789 4129 dieque.
2845 4050 3141 4113 Caeterum
3189 4066 3323 4130 quas
3347 4051 3412 4113 in
3432 4048 3667 4114 delictis

2010 4140 2318 4222 versatur,
2342 4151 2416 4198 ea
2437 4141 2648 4200 vivens
2675 4143 2918 4201 mortua
2942 4145 3058 4204 est.
3101 4137 3190 4201 Et
3232 4137 3362 4202 haec
3379 4139 3666 4222 praecipe,

2009 4227 2077 4282 ut
2097 4221 2660 4302 irreprehensibites
2691 4227 2838 4291 sint.
2867 4226 3038 4302 Quod
3051 4229 3108 4291 si
3138 4228 3281 4290 9'56
3300 4245 3424 4310 qua
3455 4229 3585 4292 suis
3606 4221 3665 4292 et

2009 4312 2280 4374 maxime
2302 4313 2640 4378 domesticis
2667 4333 2792 4380 non
2835 4317 3144 4397 providet,
3195 4318 3374 4398 ﬁdem
3410 4319 3665 4400 negavit

2011 4403 2068 4462 et
2082 4407 2169 4462 est
2195 4401 2433 4481 inﬁdeli
2468 4405 2752 4470 deterior.

365 4499 462 4554 Διὰ
526 4497 575 4555 τί
627 4465 746 4579 περὶ
801 4465 1089 4579 τῒαρὸένῷψ
1127 4493 1280 4555 οὐδὲν
1377 4492 1564 4574 λέγει;
1643 4502 1774 4558 Ισως
1830 4491 1926 4549 οὒκ

2093 4465 2286 4564 Quare
2409 4465 2908 4574 virginibus-nihil
2934 4493 3122 4559 dicit?
3148 4495 3442 4559 Fortassis
3464 4497 3661 4560 adhuc

274 4587 416 4655 ἦσαν
439 4585 642 4663 ἀκμήν,
711 4587 801 4654 Τίς
844 4585 900 4644 δέ
955 4587 1096 4645 ἐστιν
1153 4586 1190 4654 ἡ
1249 4582 1415 4648 ὅντως
1474 4583 1648 4662 χήρα,
1717 4580 1925 4659 προϊὼν

272 4675 444 4756 λέγει.
503 4679 762 4754 Τιμᾶσθαι
832 4675 888 4734 δὲ
943 4677 1099 4742 αὖτὲς
1190 4669 1504 4754 προσέταξε,
1562 4670 1694 4729 διότι
1737 4667 1926 4750 ἄνδρας

271 4769 368 4825 οὐκ
431 4766 650 4848 ἔχουσιν
719 4765 834 4825 οὐδὲ
863 4765 1044 4840 τέκνα,
1115 4765 1205 4822 καὶ
1259 4765 1321 4821 τὸ
1376 4767 1598 4842 πρᾶγμα
1665 4759 1926 4848 ἐπικατά-

269 4878 434 4934 ρατον
459 4847 688 4923 πολλοῖς
731 4870 871 4914 εῖναι
922 4853 1094 4919 δοκεῖ.
1159 4855 1257 4910 Διᾶ
1298 4859 1456 4910 τοῦτο
1503 4848 1736 4923 πολλῆς,
1769 4847 1923 4928 φησὶ,

267 4945 417 5025 παρὰ
469 4953 566 5003 τοῦ
620 4945 799 5027 ἱερέως
872 4942 1187 5032 ἀπολαυέτω
1269 4945 1475 5032 τιμῆς,
1505 4939 1749 5032 ,ὥσπερ
1775 4936 1930 5032 ἀνορ-

265 5039 485 5099 θοῦντος
526 5035 594 5094 τὰ
647 5025 791 5114 παρὰ
844 5039 948 5092 τῶν
1005 5031 1182 5092 ἄλλων
1252 5029 1452 5098 ὀνείδη.
1507 5025 1565 5087 Ἠ
1635 5026 1798 5104 τιμὴν
1828 5025 1929 5094 τὴν

267 5130 380 5182 τῶν
409 5124 707 5203 ἀναγκαίων
765 5124 910 5202 λέγει
980 5123 1269 5212 χορηγίαν,
1335 5142 1364 5175 ε
1395 5122 1456 5178 Εἰ
1525 5116 1582 5175 δέ
1600 5184 1628 5212 ν
1650 5139 1730 5182 τις
1776 5116 1926 5212 χήρα

271 5214 454 5276 τέκνα.
505 5235 531 5272 ι
565 5216 732 5271 Αὗται
815 5215 910 5272 οὐκ
965 5214 1090 5269 εἰσὶν
1147 5207 1314 5273 ὅντως
1356 5213 1547 5289 χῆραι.
1600 5206 1796 5272 Ὀντως
1825 5206 1926 5284 γὰρ

270 5304 427 5376 εἰσιν,
484 5305 536 5360 αἱ
589 5303 846 5365 πάντοθεν
916 5298 1314 5378 μεμονωμέναι,
1370 5319 1394 5352 ιι
1429 5299 1532 5356 Τὸν
1575 5293 1712 5353 ἴδιον
1769 5294 1924 5352 οἶκον

265 5390 532 5454 εὐσεϐεῖν.
587 5417 618 5451 ι
666 5393 939 5472 Τουτέστι,
985 5389 1266 5448 διατιθέναι
1307 5385 1512 5472 καλῶς.
1555 5403 1582 5445 ι
1631 5386 1729 5443 Καὶ
1758 5383 1924 5460 ἄμοι-

260 5481 366 5546 6ἁς
418 5482 719 5542 ἀποδιδόναι
767 5495 888 5546 τοῖς
923 5465 1238 5561 προγόνοις.
1306 5499 1330 5534 ι
1370 5465 1517 5556 υΟρα
1587 5477 1790 5533 σύνεσιν
1833 5476 1927 5532 τοῦ

256 5597 525 5655 μακαριω
611 5572 847 5634 Παύλου.
908 5569 1173 5634 Πολλάκις
1232 5569 1319 5624 καὶ
1393 5565 1499 5624 ἀπὸ
1590 5564 1923 5644 ἀνθρωπίνων

2007 4598 2126 4643 non
2160 4587 2349 4643 erant.
2375 4579 2518 4653 Quae
2543 4583 2618 4644 sit
2637 4591 2834 4646 autem
2853 4603 2990 4648 vere
3009 4583 3207 4663 vidua,
3245 4585 3306 4649 in
3333 4602 3660 4665 progressu

2007 4670 2173 4734 dicit.
2194 4669 2222 4733 ,1
2233 4670 2380 4732 ussit
2399 4680 2598 4736 autem
2620 4672 2779 4754 ipsas
2804 4674 3107 4753 honorari,
3131 4692 3202 4737 eo
3218 4673 3376 4756 quod
3413 4674 3663 4739 maritos

2007 4778 2127 4822 non
2158 4758 2414 4821 habeant
2443 4779 2640 4842 neque
2695 4760 2942 4843 liberos,
2995 4770 3056 4825 et
3102 4763 3262 4842 apud
3314 4763 3534 4825 multos
3561 4781 3662 4826 res

2010 4849 2375 4912 exsecranda
2404 4848 2706 4913 videatur:
2743 4858 3085 4931 propterea,
3118 4850 3335 4932 inquit,
3369 4851 3528 4932 apud
3552 4870 3657 4914 sa-

2011 4938 2315 5002 cerdotem
2349 4957 2560 5016 magno
2587 4938 2878 5002 habeatur
2905 4939 2965 5001 in
2985 4940 3236 5016 honore,
3268 4948 3332 5002 ut
3347 4939 3448 5020 qui
3464 4943 3661 5003 corri-

2007 5036 2107 5108 gat
2135 5026 2458 5109 cpprobria
2485 5027 2558 5089 ab
2615 5029 2747 5091 aliis
2793 5029 2980 5092 illata.
3028 5030 3146 5092 Aut
3193 5029 3484 5092 honorem
3517 5029 3664 5094 dicit

2009 5133 2208 5178 rerum
2238 5117 2709 5178 necessariarum
2739 5117 3374 5182 subministrationem.
3412 5151 3436 5180 ι
3491 5117 3662 5193 Quod

2006 5205 2058 5268 si
2088 5223 2202 5288 qua
2233 5205 2407 5268 vidua‘
2437 5205 2660 5269 liberos
2715 5207 2920 5270 habet.
2957 5227 2980 5260 ι
3016 5207 3120 5270 Hae
3180 5228 3298 5272 non
3356 5227 3494 5272 vere
3525 5221 3664 5273 sunt

2006 5295 2378 5357 viduae.Vere
2408 5294 2567 5356 enim
2603 5295 2750 5358 tales
2780 5296 3080 5373 dicuntur,
3113 5316 3245 5378 qua:
3262 5298 3526 5379 undique
3553 5299 3661 5360 de-

2005 5382 2206 5446 solata:
2235 5393 2394 5447 sunt.
2432 5406 2463 5440 (ς
2495 5383 2745 5447 Domum
2799 5386 3099 5467 propriam
3161 5387 3257 5468 pie
3316 5395 3591 5450 tractare.
3627 5415 3650 5446 ι

2004 5471 2130 5534 Ηοε
2161 5481 2273 5548 est,
2307 5472 2565 5536 honeste
2587 5473 2932 5556 disponere.
2963 5501 2984 5530 ι
3011 5476 3086 5538 Et
3101 5477 3295 5538 vicem
3323 5477 3660 5558 rependere

2008 5561 2356 5645 majoribus.
2398 5591 2422 5626 ι
2457 5562 2608 5626 Vide
2637 5563 2794 5626 beati
2854 5564 3020 5628 Pauli
3070 5566 3474 5650 prudentiam.
3508 5565 3658 5630 Fre-
