4188 6416
490 354 625 429 113.
1614 355 2031 423 (BCUMENII
2068 352 2155 419 TE

2236 354 2364 419 ιοιΕ
2406 351 2742 421 ΕΡΙΒΒΟΡΙ
3763 354 3876 418 1⁸76

486 500 741 576 quenter
767 500 827 561 et
853 492 929 559 ab
960 492 1243 559 humanis
1259 493 1602 558 exhortatur
1613 491 1965 556 rationibus.
1980 490 2138 565 Quo-

2236 490 2505 571 προτρέπει
2561 490 2860 571 λογισμῶν.
2919 488 3139 559 Ἐπειδὴ
3196 491 3319 570 γὰρ,
3376 493 3560 574 φησὶν,
3616 495 3663 550 οἱ
3733 492 3871 570 πρό-

487 583 1171 667 niam,inquit,majores
1189 591 1253 647 te
1270 582 1591 666 quavidua
1615 601 1680 645 es
1712 585 2134 663 provexerunt,

2236 601 2365 658 (ονοι
2420 578 2615 649 ἀνῆξάν
2684 602 2743 638 σε
2812 582 2901 639 καὶ
2972 579 3279 657 ἐπιμελείας
3348 579 3602 655 ἠξίωσαν,
3673 582 3736 637 σὺ
3815 579 3871 637 δὲ

486 680 547 735 et
570 672 656 737 tui
683 688 889 738 curam
918 673 1297 739 habuerunt:
1365 682 1427 736 tu
1458 690 1602 753 ergo
1633 690 1767 734 cum
1801 670 1921 733 illis
1947 669 2138 731 vicem

2236 669 2438 735 ἐκείνοις
2492 671 2589 735 τὰς
2644 668 2874 745 ἀμοιϐὰς
2936 674 3031 729 οὒκ
3096 668 3337 750 ’ίσχυσας
3390 667 3683 727 ἀντιδοῦναὶ
3755 670 3873 750 (ἀπ-

483 762 823 844 rependere
838 771 1275 846 nequeas,snnt
1294 764 1455 826 enim
1478 761 1696 824 mortui
1722 779 1736 825 :
1764 779 1873 843 per
1897 760 1985 822 ill-
2003 777 2138 821 rum

2236 757 2401 846 ἔθανον
2443 760 2587 839 γὰρ),
2634 756 2719 816 διὰ
2756 765 2863 817 τῶν
2924 759 3156 839 ἐκγόνων
3214 765 3320 816 τῶν
3377 758 3614 836 ἐκείνων,
3672 760 3870 816 τέκνων

488 860 760 934 nepotes,
791 844 1151 917 tuos'autem
1173 852 1419 930 liberos,
1452 851 1645 914 vicem
1686 850 1806 913 illis
1845 847 2134 931 repende,

2236 844 2277 903 ii
2319 854 2447 929 σῶν,
2509 847 2733 924 ἄμειψαι
2788 849 2997 929 αὐτοὺς,
3046 848 3109 911 ἃς
3167 847 3392 928 ὤφειλες
3451 848 3669 912 ἐκείνοις
3700 849 3866 929 χάρι-

487 939 810 1023 hisgratia
824 940 1089 1005 reddens
1109 941 1393 1024 quasillis
1420 940 1795 1004 debebas.-—-
1824 940 1972 1002 Alio
1996 953 2137 1017 quo-

2236 954 2315 1002 τας
2369 939 2575 1001 τούτοις
2646 934 2981 1000 ἀποδιδοῦσα.
3058 968 3141 984 --
3220 941 3319 995 Καὶ
3373 935 3573 1003 ἄλλως,
3630 940 3718 1004 Εἰς
3772 939 3860 1013 τὸ,

487 1031 820 1109 quamde.
843 1030 1034 1095 Ades
1061 1030 1279 1094 verba:
1309 1031 1549 1093 Discant
1577 1029 1750 1092 liberi
1791 1036 1849 1090 et
1889 1032 2141 1108 nepotes

2236 1027 2638 1084 Μανθανέτωσαν
2666 1028 2733 1084 τὰ
2788 1026 2945 1084 τέκνα
3014 1028 3101 1084 καὶ
3155 1027 3221 1084 τὰ
3278 1026 3469 1106 ἔκγονα
3528 1034 3739 1109 πρῶτον
3777 1029 3867 1084 τὸν

490 1118 749 1200 primum
788 1119 1031 1184 domum
1069 1120 1368 1202 prapriam
1399 1119 1495 1202 pie
1540 1125 1830 1182 tractare:
1879 1118 1993 1179 hoc
2024 1122 2135 1178 est.

2236 1113 2359 1172 ἴδιον
2429 1116 2583 1173 οἶκον
2669 1114 2906 1174 εὐσεϐεῖν
2934 1136 2947 1148 ⁸
3008 1116 3267 1189 τουτέστι,
3325 1117 3744 1175 Μανθανέτωσαν
3803 1118 3869 1173 τὰ

488 1206 733 1273 Discant
752 1207 935 1273 liberi
958 1216 1020 1272 et
1039 1215 1289 1291 nepotes
1327 1215 1579 1271 matrem
1612 1205 1914 1289 praprism
1944 1205 2137 1266 hono-

2236 1203 2379 1261 τέκνα
2404 1205 2492 1261 καὶ
2520 1206 2587 1262 τὰ
2650 1203 2862 1285 ἔκγονα,
2935 1211 3093 1280 τιμᾷν
3147 1206 3248 1273 τὴν
3303 1207 3496 1265 οἰκείαν
3549 1207 3752 1286 μητέρα
3780 1207 3869 1264 καὶ

490 1314 628 1359 rare
647 1304 705 1359 et
724 1297 888 1360 alere
903 1315 975 1361 ac
990 1297 1078 1362 illi
1099 1297 1480 1361 benefacere.
1497 1296 1645 1360 Nam
1666 1297 1780 1359 hoc
1803 1295 2097 1375 signiﬁcat
2120 1313 2135 1353 :

2236 1292 2424 1373 τρέφειν
2474 1294 2563 1350 καὶ
2617 1294 2674 1350 εὖ
2728 1307 2905 1355 ποεῖν.
2982 1302 3149 1352 Τοῦτο
3204 1295 3305 1375 γὰρ
3357 1293 3526 1374 λέγει,
3589 1293 3863 1357 Εὖσεϐεϊν.

490 1390 601 1454 Pie
629 1396 909 1467 tractare,
964 1397 1043 1453 et.
1070 1390 1416 1473 majoribus,
1472 1390 1591 1453 hoc
1643 1397 1735 1453 est
1762 1389 1926 1451 aviae.
1961 1386 2142 1450 Addit

2236 1383 2322 1439 Καὶ
2362 1395 2498 1473 τοϊς⁸
2538 1383 2843 1473 προγόνοις,
2892 1382 3154 1464 τουτέστι,
3226 1390 3294 1461 τῇ
3338 1385 3560 1461 μάμμῃ.
3636 1385 3866 1464 Προστί-

494 1496 733 1560 quoque
761 1478 835 1542 ad
864 1470 1183 1556 nionem,
1208 1479 1364 1559 quod
1392 1479 1507 1542 hoc
1537 1478 1660 1542 Deo
1690 1478 1771 1540 sit
1797 1483 2134 1557 acceptum.

2236 1474 2342 1560 Μσι
2368 1473 2457 1560 καὶ
2486 1470 2753 1550 λογισμῷ,
2796 1471 2879 1529 ὅτι
2920 1474 3009 1530 καὶ
3057 1480 3134 1548 τῷ
3191 1480 3308 1549 Θεῷ
3362 1481 3519 1531 τοῦτο
3547 1474 3861 1536 ἀπόδεκτον.

503 1551 539 1624 ιῖ-
563 1551 749 1631 Ferro
778 1586 914 1650 qum
936 1586 1077 1631 vere
1098 1551 1274 1632 vidua
1293 1578 1410 1634 est.
1445 1592 1474 1626 ι
1509 1567 1801 1642 Quoniam
1829 1551 2011 1647 jussit
2040 1582 2142 1627 eas

2236 1582 2255 1615 ι
2292 1551 2355 1617 (Η
2398 1558 2453 1617 δὲ
2515 1560 2684 1650 ὅντως
2728 1564 2900 1643 χήρα.
2941 1586 2965 1619 ιι
3030 1560 3252 1632 Ἐπειδὴ
3309 1564 3405 1629 τὰς
3464 1562 3633 1628 ὅντως
3691 1566 3873 1644 χήρας

496 1654 782 1722 honorari
801 1649 944 1739 quis
971 1675 1114 1721 vere
1140 1665 1283 1720 sunt
1301 1656 1516 1734 vidum,
1550 1656 1699 1718 dicit
1729 1672 1893 1719 nunc
1929 1654 2140 1736 quales

2236 1651 2471 1725 ειμᾶσθα.
2504 1649 2810 1729 προσέταξε,
2873 1653 2961 1707 νῦν
3020 1650 3164 1730 λέγει
3220 1652 3375 1709 ποῖαί
3426 1653 3553 1710 εἰσιν
3594 1655 3647 1709 αἱ
3677 1652 3869 1726 ὄντως,

493 1753 630 1807 sunt
656 1763 798 1808 vere
824 1736 1034 1822 vidum,
1067 1745 1257 1809 veluti
1278 1745 1577 1808 narrando
1603 1744 1953 1810 describens
1981 1743 2135 1805 illas.

2236 1738 2296 1801 bc;
2339 1736 2394 1793 ἐν
2438 1736 2685 1818 ἐξηγήσει
2752 1741 3160 1821 χαρακτηρίζων
3211 1742 3394 1805 αὐτὰς.
3472 1741 3873 1818 Μομονωμένην

493 1830 827 1897 Desolatam
858 1840 1059 1897 autem
1088 1833 1237 1897 dicit
1262 1841 1325 1898 et
1362 1852 1396 1896 a
1424 1834 1567 1898 ﬁliis
1612 1847 1671 1896 et
1728 1853 1761 1895 a
1795 1830 2134 1912 nepotibus.

2236 1823 2277 1882 is'
2307 1844 2463 1907 φησι,
2507 1828 2598 1884 καὶ
2626 1827 2732 1884 ἀπὸ
2786 1826 3008 1887 τέκνων.
3069 1831 3157 1887 καὶ
3216 1831 3323 1887 ἀπὸ
3392 1829 3648 1909 ἐκγόνων.
3716 1851 3746 1890 (
3776 1831 3875 1890 Καὶ

499 1943 525 1979 ι
560 1921 631 1985 Et
660 1930 1008 2004 perseverat
1035 1923 1096 1984 in
1131 1922 1667 1987 obsecrationibus.
1704 1946 1731 1980 ι)
1766 1921 1904 1985 Haec
1940 1921 2146 2001 itaque

2236 1916 2507 1995 προσμένει
2537 1931 2661 1982 ταῖς
2706 1915 2939 1994 δεήσεσι,
2981 1941 3003 1974 ι
3080 1918 3224 1988 Αὕτη
3292 1927 3571 1999 τοιγαροῦν
3612 1922 3648 1989 ἡ
3706 1920 3871 1985 ὄντως

491 2029 637 2076 vere
660 2011 837 2075 vidua
856 2020 951 2076 est
976 2030 1109 2095 quas
1132 2020 1338 2094 sperat
1356 2013 1419 2075 in
1443 2012 1697 2075 Domino
1716 2020 1789 2074 et.
1804 2016 2144 2093 perseverat

2236 2005 2399 2084 χήρα,
2537 2004 2816 2095 ἐλπίζουσα
2869 2006 2955 2095 ἐπὶ
3009 2009 3101 2066 τὸν
3160 2010 3312 2090 Θεὸν,
3359 2011 3447 2066 καὶ
3503 2010 3874 2089 προσμένουσα

494 2100 557 2163 in
588 2091 1125 2165 obsecrationibus.
1150 2091 1451 2175 Quoniam
1468 2101 1628 2164 enim
1652 2100 1729 2163 ab
1756 2091 2017 2163 humano
2039 2098 2142 2160 de~

2236 2105 2344 2159 εαῐς
2448 2091 2685 2166 δεήσεσι.
2775 2094 2994 2164 Ἐπειδὴ
3074 2098 3175 2177 γὰρ
3258 2097 3456 2177 ἔρημος
3541 2100 3870 2176 ἀνθρωπίνης

495 2198 669 2255 serta.
688 2199 789 2254 est
799 2190 1273 2284 auxiliu,merito
1297 2191 1373 2254 ad
1396 2190 1584 2254 Deum
1609 2190 1893 2284 confugit.
1908 2212 1931 2246 α
1958 2189 2143 2252 Caste-

2236 2182 2452 2263 indpxu
2474 2185 2772 2284 (βοηθείας,
2834 2186 3051 2284 εἰκότως
3103 2186 3188 2244 ἐπὶ
3244 2194 3349 2245 τῶν
3408 2189 3536 2246 Θεὸν
3599 2190 3871 2271 καταφεύ-

498 2298 635 2343 rum
666 2299 800 2363 ipse
829 2279 1144 2344 indelieiis
1199 2287 1493 2357 versatur,
1550 2299 1624 2344 ea
1650 2280 1855 2343 vivens
1909 2286 2144 2341 mortua

2236 2291 2329 2363 γει.
2396 2294 2438 2363 α-
2606 2272 2662 2363 δὲ
2706 2275 3053 2351 σπαταλῶσα,
3103 2282 3247 2348 ζῶσα
3291 2277 3534 2345 τέθνηκε,
3576 2301 3601 2333 ι
3652 2276 3879 2347 Ἐπειδὴ.

499 2374 610 2432 est.
638 2393 667 2427 1
701 2368 1008 2450 Siquidem
1037 2368 1176 2451 quia
1207 2369 1405 2433 multae
1450 2369 1797 2433 viduitatem
1828 2368 2052 2447 eligunt
2081 2374 2147 2428 ut

499 2457 717 2538 majori
737 2458 1332 2523 auctoritatofaciant
1381 2477 1515 2542 quas
1555 2479 1675 2523 non
1723 2465 1979 2541 oportet,
2014 2455 2135 2519 ait:

497 2545 733 2619 Quaain
751 2546 986 2610 deliciis
1011 2556 1300 2625 versatur,
1333 2548 1398 2611 id
1439 2556 1550 2622 est,
1586 2549 1871 2611 deliciose
1898 2545 2039 2626 agit,
2076 2558 2147 2607 ea

499 2636 709 2699 vivens
731 2643 969 2700 mortua
994 2645 1105 2701 at.
1137 2636 1445 2711 Quomodo
1466 2643 1495 2701 ?
1541 2636 1691 2711 Quia
1739 2635 2004 2719 presenti
2031 2634 2146 2695 vita

497 2725 733 2791 videtur
749 2727 984 2791 vivere:
1018 2726 1126 2789 sed
1148 2730 1322 2791 vitam
1356 2727 1553 2807 perdit
1580 2736 1888 2791 aeternam.
1916 2727 2146 2789 Mortua

2224 2358 2325 2437 γὰρ
2353 2358 2547 2417 πολλαὶ
2587 2362 2686 2430 τὴν
2714 2365 2937 2444 χηρείαν
2987 2366 3271 2445 αἱροῦνται,
3332 2365 3424 2423 ’ίνα
3469 2367 3603 2442 μετὰ
3630 2365 3872 2432 πλείονος

2226 2445 2456 2537 ἐξουσίας
2484 2450 2783 2530 πράττωσιν
2837 2452 2973 2532 ἅπερ
3031 2455 3091 2512 σὺ
3121 2455 3257 2536 χρὴ,
3281 2456 3439 2537 φησίν
3461 2474 3479 2492 ο
3507 2479 3528 2512 ι
3564 2448 3625 2514 Ἠ
3655 2455 3709 2513 δὲ
3738 2479 3873 2515 σπα-

2226 2536 2468 2620 ταλῶσα,
2518 2564 2546 2596 ι
2580 2541 2870 2619 τουτέστιν,
2912 2545 2947 2612 ἡ
2990 2550 3262 2625 τρυφῶσα,
3300 2536 3339 2601 ιι
3373 2552 3518 2617 ζῶσα
3546 2546 3787 2615 τέθνηκε.
3840 2570 3868 2603 ι

2228 2631 2391 2708 Πῶς;
2424 2637 2530 2708 Ζῇν
2571 2632 2672 2710 γὰρ
2735 2629 2957 2691 δοκοῦσα
3005 2635 3107 2701 τὴν
3162 2643 3250 2692 νῦν
3303 2636 3465 2706 ζωὴν,
3535 2636 3635 2703 τὴν
3662 2638 3873 2694 αἰώνιον

2225 2718 2371 2805 ζωὴν
2428 2719 2691 2781 ἀπώλεσε.
2767 2722 3026 2791 Τέθνηκεν
3098 2722 3187 2781 οὖν
3261 2720 3345 2782 διὰ
3417 2730 3516 2792 τῆς
3585 2726 3866 2805 ἁμαρτίας,

500 2822 591 2879 est
611 2833 751 2895 ergo
780 2833 888 2897 per
915 2822 1250 2897 peccatum,
1284 2803 1575 2898 quantum
1623 2816 1695 2877 ad
1742 2815 1907 2877 illam
1937 2814 2141 2876 vitam.

2236 2803 2351 2898 ὅσον
2392 2810 2525 2898 πρὸς
2554 2811 2762 2880 ἐκείνην
2808 2813 2908 2882 τὴν
2964 2814 3128 2884 ζωήν.
3196 2835 3219 2869 ε
3272 2815 3369 2872 Καὶ
3423 2822 3586 2872 ταῦτα
3653 2803 3870 2897 παράγ-

507 2923 537 2963 ι
566 2890 1081 2988 Ειιὶαρι-ωὶὶρο.
1106 2929 1128 2961 ι
1145 2890 1328 2969 Vides
1347 2904 1508 2986 quod
1530 2922 1659 2966 rem
1690 2905 1844 2966 hanc
1866 2910 2147 2985 tanquam

2236 2895 2409 2974 γελλε,
2445 2920 2475 2954 ι
2512 2890 2665 2979 Ὀρᾷς
2696 2898 2778 2958 ὅτι
2806 2903 2880 2966 ὡς
2928 2903 3090 2978 νόμον
3129 2902 3191 2959 τὸ
3244 2909 3459 2982 πρᾶγμα
3516 2905 3659 2962 εἶναι
3688 2890 3871 2988 Oilei;

502 2992 703 3073 legem
719 3011 856 3057 esse
880 2993 1023 3057 velit
1072 2993 1104 3054 ?
1138 2992 1270 3056 Non
1314 2993 1474 3057 enim
1519 2995 1659 3055 937
1709 2993 2059 3056 adhortatur
2086 2996 2153 3051 ut

2236 2989 2305 3075 Οὐ
2374 2989 2473 3068 γὰρ
2529 2996 2597 3067 τῇ
2665 2991 2975 3071 πμοαιρέσει
3057 2993 3120 3048 τὸ
3190 2992 3269 3069 μὴ
3333 2999 3527 3075 τρυφᾷν
3579 2994 3870 3075 ἐπιτρέπει,

502 3082 733 3163 eligant
748 3102 873 3146 non
899 3098 1115 3149 vacare
1142 3083 1375 3147 deliciis
1394 3083 1501 3146 sed
1532 3092 1810 3165 tanquam
1837 3089 2145 3164 peccatum

2236 3074 2409 3157 ὥσπερ
2459 3080 2524 3139 τὰ
2577 3081 2984 3162 κατορθώματα,
3039 3079 3159 3138 ἀλλ’
3231 3083 3304 3147 ὡς
3348 3074 3607 3162 ἁμαρτίαν
3662 3074 3877 3165 ἀπαγο-

503 3143 691 3236 eis:
707 3143 1368 3255 '."a;oa"s:,;.;‘.1.fa‘
1388 3143 1452 3231 ἶ
1468 3143 1627 3235 ius"
1643 3143 1862 3236 amca:
1890 3186 2149 3252 namque

2236 3143 2392 3246 pauet:
2433 3191 2461 3223 ι
2500 3170 2561 3227 Ei
2589 3166 2644 3226 δέ
2684 3143 2766 3234 τίς
2812 3143 2920 3227 τῶν
2969 3143 3137 3233 ἰδίων.
3185 3189 3215 3232 )
3253 3143 3325 3231 Οῦ
3534 3173 3689 3253 ἀρκεῖ
3743 3143 3876 3255 πρὸς

505 3260 581 3323 ad
631 3262 884 3326 salutem
933 3263 1174 3344 propria
1228 3266 1453 3325 tantum
1509 3262 1715 3338 virtus,
1769 3261 1884 3323 nisi
1912 3260 1988 3322 de
2017 3259 2152 3321 aliis

2236 3256 2495 3335 σωτηρίαν
2525 3259 2560 3327 ἡ
2607 3260 2774 3316 οἰκεία
2832 3260 2995 3336 μόνσν
3052 3259 3239 3340 ἁρετὴ,
3299 3260 3362 3318 ἃν
3418 3263 3498 3338 μή
3556 3265 3646 3320 καὶ
3697 3262 3876 3320 ἄλλων

507 3349 685 3413 etiam
715 3370 920 3414 curam
950 3351 1189 3416 habeat.
1220 3350 1310 3415 De
1338 3350 1515 3413 vidua
1568 3358 1764 3413 autem
1793 3351 1921 3413 haec
1952 3348 2099 3411 dicit
2135 3368 2148 3407 :

2236 3364 2432 3425 προνοη
2466 3370 2572 3413 τις.
2631 3350 2756 3429 Περὶ
2810 3346 2866 3405 δὲ
2920 3354 3019 3417 τῆς
3066 3352 3245 3430 χήρας
3299 3352 3465 3408 ταῦτά
3532 3375 3716 3433 φησιν.
3776 3355 3875 3412 Οἰ-

507 3457 647 3501 suos
677 3459 812 3503 vero
863 3441 1125 3522 appellat
1179 3440 1282 3522 qui
1339 3458 1564 3513 genere
1597 3457 1729 3502 eam
1774 3438 2147 3520 contingunt.

2236 3434 2404 3499 κείους
2437 3433 2491 3492 δὲ
2521 3435 2691 3518 λέγει,
2722 3438 2844 3503 τοὺς
2873 3445 2952 3514 τῷ
2980 3438 3119 3518 γένει
3172 3441 3561 3520 προσήκοντας.
3638 3450 3725 3500 Ενι
3773 3443 3874 3523 γὰρ

507 3525 820 3611 Siquidem
852 3528 1144 3610 contingit
1184 3545 1329 3592 suos
1381 3546 1513 3593 esse
1557 3537 1698 3611 puta
1747 3529 1995 3605 amicos,
2032 3544 2152 3588 non

2236 3524 2378 3581 εἶναι
2403 3523 2583 3601 ἰδίους,
2617 3530 2736 3584 οἷον
2783 3526 2988 3610 φίλους,
3047 3529 3107 3588 οὗ
3161 3530 3269 3605 μὴν
3319 3531 3407 3589 καὶ
3460 3532 3704 3596 οἰκείους.
3738 3538 3878 3611 Προ-

507 3626 705 3681 autem
736 3618 918 3683 etiam
942 3616 1322 3697 domesticos,
1346 3617 1534 3681 Debet
1569 3619 1770 3700 itaque
1796 3616 1919 3679 suis
1942 3615 2150 3699 provi-

2236 3614 2452 3700 νοητέον
2494 3615 2582 3672 οὖν
2624 3620 2758 3694 αὐτῇ
2784 3622 2888 3674 τῶν
2929 3617 3094 3698 ἰδίων,
3128 3617 3360 3695 μάλιστα
3414 3617 3468 3677 δὲ
3538 3621 3644 3679 τῶν
3673 3622 3877 3679 οἰκείων

509 3706 677 3786 dere,
713 3708 966 3771 maxime
986 3714 1183 3770 autem
1205 3695 1549 3771 domesticis
1574 3695 1753 3789 :quod
1779 3724 1898 3770 non
1919 3695 2060 3769 facit
2083 3722 2155 3767 ea

2237 3695 2416 3782 "07:69
2458 3704 2495 3773 ἠ
2523 3705 2848 3764 σπαταλῶσα
2879 3708 2938 3765 οὗ
2964 3695 3135 3772 ποιεῖ.
3187 3713 3257 3785 τῇ
3311 3716 3479 3791 τρυφῇ
3538 3711 3677 3789 μόνῃ
3705 3730 3878 3790 προσ-

513 3814 645 3879 qnm
673 3798 734 3860 in
757 3796 993 3861 deliciis
1014 3806 1302 3877 versatur,
1329 3798 1474 3861 solis
1498 3797 1731 3861 deliciis
1760 3798 2026 3861 animum
2052 3797 2153 3859 ad-

2236 3793 2460 3875 έχουσα.
2501 3812 2527 3851 α
2554 3795 2651 3853 Καὶ
2678 3794 2909 3871 μάλιστα
2976 3801 3083 3854 τῶν
3129 3799 3356 3859 οἰκείων.
3394 3821 3422 3854 ιν
3477 3805 3593 3858 Τῶν
3621 3799 3763 3858 ἰδίων
3790 3803 3880 3857 καὶ

510 3885 748 3951 bibens.
788 3902 818 3948 ‹
846 3886 921 3949 Et
948 3886 1204 3949 maxime
1232 3886 1640 3953 domesticis.)
1688 3885 1823 3951 Suis
1847 3896 1905 3950 et
1938 3887 2151 3950 dome-

2236 3890 2342 3940 τῶν
2386 3884 2592 3940 οἰκείων
2626 3885 2871 3964 προνοεῖ,
2925 3888 2955 3943 ὁ
3004 3887 3082 3963 μὴ
3134 3887 3294 3964 μόνον
3350 3896 3458 3946 τῶν
3499 3892 3882 3970 προσηκόντων

510 3975 675 4039 stieis
700 3976 987 4058 providet,
1020 3976 1123 4058 qui
1148 3994 1270 4039 non
1291 3976 1482 4039 solum
1510 3995 1711 4040 curam
1736 3975 1918 4040 habet
1945 3994 2153 4038 eorum

2236 3976 2498 4053 προνοῶν,
2545 3973 2683 4032 ἀλλὰ
2726 3976 2813 4032 καὶ
2854 3976 3010 4040 αιίτὸς
3055 3977 3253 4059 έευτοῦ,
3332 3975 3417 4034 διὰ
3469 3986 3561 4036 τοῦ
3607 3980 3887 4037 ἐκκόπτειν

509 4067 617 4150 qui
633 4066 836 4149 aliqua
861 4066 1038 4129 modo
1063 4069 1434 4146 contingunt,
1460 4066 1566 4130 sed
1584 4075 1642 4129 et
1672 4067 1765 4128 sui
1786 4066 1995 4148 ipsius,
2021 4084 2152 4149 pro-

2236 4065 2302 4122 τὰ
2344 4064 2511 4132 πάθη.
2572 4062 2753 4131 Οότως
2812 4067 2841 4122 ὁ
2884 4064 3113 4141 Κλήμης
3186 4065 3240 4123 ἐν
3296 4064 3511 4144 ἑϐδόμῳ·
3566 4060 3883 4127 Ὑποτυπώ-

512 4155 675 4236 prios
686 4170 783 4217 am
792 4155 1051 4236 putando
1068 4155 1337 4218 sﬂ‘ectns.
1359 4153 1449 4219 Ita
1459 4155 1738 4220 Clemens
1753 4156 2006 4238 septimo
2058 4156 2155 4218 Ιη-

2240 4174 2377 4210 σεων
2412 4174 2429 4189 ’
2463 4154 2721 4235 Πρόνοιαν
2749 4156 2849 4226 τήν
2877 4176 2934 4211 τε
2962 4157 3099 4213 κατὰ
3140 4157 3348 4237 ψυχὴν,
3396 4160 3496 4228 τήν
3549 4180 3608 4216 τε
3659 4160 3796 4222 κατᾶ
3824 4163 3889 4217 τὸ

510 4243 1407 4324 Ῑονιπαδῢίοπιηηερτονίάεητὶεω
1419 4244 1748 4308 sivecuram
1764 4244 1905 4307 dicit
1922 4252 1980 4306 et
1994 4244 2155 4307 illam

2242 4248 2399 4319 σῶμα
2465 4241 2635 4323 λέγει,
2699 4266 2727 4299 α
2761 4244 2869 4312 Τὴν
2925 4245 3098 4303 πίστιν
3156 4244 3404 4325 ἤρνηται.
3443 4269 3467 4306 ι
3532 4248 3631 4307 Καὶ
3675 4253 3791 4312 πῶς
3850 4250 3886 4317 ἡ

512 4350 645 4414 quae
656 4332 813 4440 circa
824 4336 1187 4440 animamesit
1203 4342 1402 4415 etquae
1422 4334 1587 4440 circa
1605 4350 1825 4440 corpus
1889 4359 1913 4409 ς
1948 4334 2155 4397 Fidem

2245 4331 2595 4407 σπαταλῶσα,
2625 4334 2712 4393 καὶ
2738 4333 2844 4391 τῶν
2873 4332 3016 4390 ἰδίων
3067 4336 3156 4392 καὶ
3198 4341 3303 4392 τῶν
3361 4337 3567 4394 οἰκείων
3632 4338 3693 4394 οὒ
3748 4356 3888 4418 προ-

2335 4428 2359 4438 ..
2529 4422 2540 4436 ι
2678 4422 2690 4440 1
2840 4420 2869 4440 ,ν
3162 4414 3232 4440 υ,
3487 4428 3501 4440 ι
3648 4425 3674 4440 υ

515 4422 809 4502 negavit.»
829 4421 901 4483 Et
917 4421 1216 4507 quomodo
1235 4414 1308 4484 ea
1325 4442 1459 4502 qua:
1474 4423 1535 4484 in
1554 4414 2155 4500 deliciisversatur,et

2242 4428 2457 4501 νοοῦσα,
2489 4422 2588 4489 τὴν
2629 4422 2805 4478 πίστιν
2837 4420 3102 4502 ἤρνηταιε
3162 4414 3316 4497 υΟτι,
3376 4428 3559 4507 φησὶν,
3619 4414 3831 4507 εἴρηται
3868 4442 3884 4459 ⁸

514 4512 645 4575 suis
661 4526 731 4575 ac
744 4506 1086 4575 domesticis
1098 4526 1217 4574 non
1235 4511 1712 4594 providet,ﬂdem
1731 4513 1990 4593 negavit?
2010 4512 2155 4586 Quia

2245 4510 2343 4568 Καὶ
2411 4510 2472 4567 ἐκ
2527 4516 2632 4600 τῶν
2686 4508 2910 4568 οἲκείωνο
2944 4518 3039 4570 τοῦ
3091 4506 3397 4594 σπέρματός
3433 4536 3526 4573 σου
3582 4506 3686 4598 οὐχ
3726 4518 3891 4600 ὑπερ-

512 4602 737 4665 dictum
755 4607 846 4664 est
860 4600 1055 4683 inquit
1078 4621 1095 4664 :
1118 4600 1193 4663 Et
1213 4600 1573 4663 domesticos
1596 4602 1696 4683 qui
1713 4602 1786 4663 de
1804 4601 2033 4664 semine
2060 4609 2155 4663 tuo

2243 4600 2388 4677 όψει.
2432 4601 2493 4659 Εἰ
2521 4598 2577 4657 δὲ
2605 4598 2923 4678 δοκεϊς¹μέν
2979 4604 3068 4661 τὸν
3127 4606 3257 4661 Θεὸν
3314 4605 3381 4681 μὲ
3437 4605 3730 4688 ἀρνεῖσθαι,
3768 4598 3894 4673 τοῦς

514 4701 663 4755 sunt
683 4702 760 4753 ne
777 4689 1289 4772 despicias.Quod
1330 4690 1381 4752 si
1413 4692 1603 4764 Deum
1646 4691 1868 4753 videris
1908 4710 2026 4753 non
2052 4708 2161 4752 ηρ-

514 4779 737 4859 gare,si
749 4786 949 4842 tamen
963 4778 1131 4860 leges
1146 4779 1281 4860 ejus
1296 4779 1958 4863 transgrederis,ipsnm
1975 4781 2159 4842 Deum

516 4869 765 4950 negasti.
797 4866 1027 4931 Dictum
1061 4877 1151 4931 est
1198 4868 1358 4930 enim
1393 4886 1407 4932 :
1471 4872 1659 4933 Deum
1720 4868 2072 4951 proﬁtentur
2099 4882 2165 4932 se

515 4972 716 5037 nosse,
751 4964 1030 5020 caeterum
1062 4956 1230 5020 factis
1259 4966 1499 5038 negant.
1563 4957 1690 5032 Quo
1739 4958 1917 5021 modo
1965 4967 2162 5021 autem

519 5053 607 5108 est
617 5046 795 5108 etiam
818 5044 1044 5110 inﬁdeli
1058 5046 1342 5111 deterior.
1357 5042 1506 5122 Quia
1524 5046 1797 5113 inﬁdeles
1822 5066 2163 5130 quanquam

517 5152 637 5197 non
660 5134 959 5210 omnibus,
1003 5134 1077 5198 ad
1129 5136 1337 5200 saltem
1385 5137 1651 5218 cognatis
1681 5138 2017 5219 provident,
2052 5155 2164 5200 na-

478 5298 484 5304 .
520 5231 669 5285 turre
691 5223 824 5303 lege
854 5224 1103 5286 inducti.

599 5311 673 5387 V,
725 5311 904 5377 9—13.
983 5313 1178 5377 Vidua
1246 5314 1513 5398 eligatur
1533 5333 1659 5379 non
1728 5318 1934 5381 minor
1986 5318 2169 5380 annis

519 5402 867 5483 sexaginta,
898 5419 1033 5482 qua:
1063 5403 1255 5481 fuerit
1306 5406 1489 5468 unius
1534 5408 1663 5470 vii-2'
1713 5423 1891 5481 uxor,
1925 5411 1993 5469 in
2027 5424 2165 5486 ορε-

518 5490 690 5555 ribus
715 5489 891 5555 bouis
917 5490 1230 5555 hominum
1258 5495 1598 5557 testimonio
1643 5495 2025 5577 comprobata
2057 5517 2070 5559 :
2118 5514 2155 5556 Si

2254 5495 2444 5560 καλοῖς
2557 5518 2694 5576 μαρτ
2706 5497 2980 5577 ῳουμένη,

2245 4690 2300 4748 δὲ
2332 4692 2523 4769 νόμους
2579 4692 2737 4749 αὐτοῦ
2787 4690 3149 4774 παραϐαίνεις,
3206 4695 3297 4750 τὸν
3341 4696 3472 4752 Θεὸν
3524 4696 3679 4777 ἀρνῇ.
3712 4697 3894 4777 Εἴρη-

2245 4803 2330 4837 ται
2384 4780 2507 4861 γὰρ,
2566 4780 2697 4837 Θεὸν
2750 4780 3100 4860 ὁμολογοῦσιν
3156 4779 3368 4860 εἰδέναι,
3438 4798 3557 4850 τοῖς
3604 4783 3661 4842 δὲ
3716 4785 3891 4865 ἔργοις

2246 4870 2544 4951 ἀρνοῦνται.
2590 4872 2712 4934 Πῶς
2741 4868 2797 4927 δέ
2833 4870 2943 4928 ἐστι
2999 4873 3086 4929 καὶ
3115 4871 3337 4929 ἀπίστου
3394 4874 3636 4956 χείρωνς
3688 4865 3817 4934 υΟτι
3847 4878 3896 4932 οῖ

2248 4959 2482 5037 ἄπιστοι,
2545 4961 2589 5016 εἰ
2647 4961 2736 5017 καὶ
2803 4961 2881 5037 μὴ
2927 4961 3166 5043 πάντων,
3236 4966 3342 5019 τῶν
3411 4971 3678 5043 συγγενῶν
3713 4964 3894 5042 μέντοι

2249 5048 2527 5130 προνοοῦσι
2557 5046 2642 5106 διὰ
2679 5051 2773 5107 τὸν
2804 5049 2968 5127 νόμον
2996 5055 3095 5119 τῆς
3126 5051 3355 5131 φύσεως.

2337 5340 2363 5373 ιι
2426 5317 2580 5398 Χήρα
2663 5315 3057 5400 καταλεγέσθω,
3144 5320 3223 5396 μὴ
3307 5318 3526 5379 ἔλαττον
3594 5321 3727 5379 έτῶν
3780 5319 3903 5395 ἐξή-

2252 5426 2439 5483 κοντα,
2524 5419 2777 5485 γεγονυῖα
2862 5407 2978 5472 ἐνὸς
3062 5406 3245 5488 ἀνδρὸς
3329 5410 3487 5489 γυνὴ,
3586 5411 3641 5467 ἐν
3726 5410 3903 5491 ἔργοις

3121 5500 3165 5555 εἰ
3276 5498 3743 5580 ἐτεκνοτρόφησεν,
3859 5503 3904 5558 εἰ

523 5579 755 5671 liberas
774 5581 1082 5658 educavit,
1108 5582 1170 5671 si
1197 5582 1316 5661 fuit
1345 5582 1684 5664 hospitalis.
1717 5585 1769 5647 si
1824 5592 2155 5649 sanctorum

2255 5584 2658 5666 ἐξενοδόχησεν,
2731 5588 2775 5642 εἰ
2806 5587 3006 5667 ’ἁγίων
3071 5586 3237 5653 πόδας
3323 5579 3522 5671 ἔνιψεν,
3568 5579 3641 5647 εἰ
3716 5588 3903 5646 θλιϐο-

521 5672 705 5755 pedes
734 5668 907 5754 lavit,
936 5672 992 5734 si
1047 5669 1296 5751 afﬂictis
1345 5673 1863 5750 subministravit,
1905 5675 1960 5738 si
1998 5692 2155 5738 omni

2257 5673 2438 5751 μένοις
2509 5677 2826 5758 ἐπήρκεσεν,
2891 5679 2934 5733 εἷ
3020 5679 3176 5735 παντὶ
3246 5677 3385 5757 ἔργῳ
3462 5668 3642 5756 ἀγαθῷ
3693 5678 3906 5746 ἐπηκο-
