4188 6432
348 369 464 436 177
1412 369 1807 433 COMMENT.
1854 351 1937 432 1N
1981 369 2003 430 ι

2088 366 2222 429 [ST.
2271 366 2298 428 Ι
2341 368 2442 430 AD
2487 365 2816 430 TIMOTH.
3614 365 3732 430 178

352 505 592 573 λούθησε.
668 503 942 582 Νεωτέρας
1020 500 1075 557 δὲ
1165 503 1344 582 χήρας
1429 511 1704 579 παραιτοῦ.
1819 491 1998 560 ιὈτοιν

2088 514 2236 578 opus
2266 497 2485 561 bonum
2513 504 2837 580 prosecuta
2864 505 2974 562 est.
3011 498 3202 562 Porro
3255 500 3489 578 juiores
3513 501 3732 567 viduas

353 596 452 675 γὰρ
533 592 1028 673 καταστρηνιάσωσι
1097 593 1192 648 τοῦ
1272 598 1520 670 Χριστοῦ,
1614 603 1810 669 γαμεῖν
1907 591 2001 648 θέ-

2088 588 2270 667 rejice
2296 605 2315 649 :
2338 605 2476 650 cum
2498 589 2665 652 enim
2695 587 2919 652 lascive
2962 589 3199 670 egerint
3224 589 3513 654 adem
3551 589 3734 656 Chr!-

353 684 550 760 λουσιν,
664 682 890 764 ἔχουσαι
946 694 1138 761 κρῖμα,
1212 679 1292 737 ὅτι
1379 681 1477 749 τὴν
1543 681 1766 761 πρώτην
1827 681 2001 741 πίστιν

2088 681 2232 753 tum,
2267 677 2493 741 nubere
2533 678 2766 755 colunt,
2824 678 3110 743 habentes
3167 681 3737 746 condemnationem

348 774 635 841 ἠθέτησαν.
716 783 840 848 Αμα
924 769 978 827 δὲ
1062 771 1151 827 καὶ
1244 770 1400 850 ἀργαὶ
1456 771 1794 847 μανθάνουσι,
1853 793 1997 850 περι-

2088 766 2247 846 quod
2263 774 2533 848 primum
2565 769 2743 850 ﬁdem
2796 769 3137 848 rejecerint.
3195 768 3408 833 Simul
3449 776 3650 836 autem
3679 772 3740 835 el

348 865 642 944 ερχόμεναι
697 863 794 928 τὰς
851 860 1066 924 οἰκείας.
1146 861 1219 917 Οὔ
1287 861 1448 936 μόνον
1522 858 1578 916 δὲ
1629 859 1805 940 ἀργαὶ,
1866 859 2003 917 ἀλλὰ

2088 857 2291 918 otiosae
2344 857 2580 921 discunt
2618 859 2941 922 circumire
2960 859 3206 922 domos:
3237 861 3362 924 imo
3397 877 3521 923 non
3545 861 3738 926 solum

346 943 447 1008 καὶ
538 951 757 1034 φλύαροι
854 951 944 1007 καὶ
1024 949 1312 1028 περίεργοι,
1424 947 1678 1006 λαλοῦσαι
1759 949 1827 1007 τὰ
1923 949 2002 1026 μὴ

2088 943 2290 1008 otiosa:
2341 963 2570 1010 verum.
2624 953 2808 1012 etiam
2863 952 3134 1030 garrulw
3191 956 3250 1012 et
3305 953 3585 1030 curiosae,
3641 951 3734 1015 ιο-

344 1039 560 1102 δέοντα.
603 1064 628 1098 ι

2089 1042 2344 1114 quentes
2373 1053 2508 1118 qum
2537 1055 2664 1100 non
2692 1045 2943 1119 oportet.

438 1135 667 1188 Ενταῦθα
699 1132 788 1186 καὶ
844 1130 942 1195 τὴν
995 1127 1206 1197 ἡλικίαν
1259 1129 1351 1185 σὺν
1411 1142 1530 1194 τοτς
1587 1127 1763 1194 ἄλλοις
1793 1149 2003 1208 περιερ-

2171 1122 2280 1186 Hic
2308 1132 2539 1187 aetatem
2571 1145 2811 1207 quoque
2840 1145 2979 1189 cum
3009 1126 3240 1190 caeteris
3272 1145 3403 1210 quae
3431 1128 3546 1192 hoc
3603 1129 3737 1193 loco

355 1222 589 1298 γάζεται,
621 1222 709 1277 καὶ
750 1221 851 1287 τὴν
894 1219 1060 1276 αἰτίαν
1105 1218 1327 1297 πρωϊὼο
1381 1215 1551 1298 λέγει,
1611 1219 1683 1284 ὡς
1729 1216 1798 1276 Εἴ
1828 1239 1889 1298 γε
1918 1212 2003 1276 καὶ

2090 1221 2388 1292 ponuntur
2417 1215 2659 1276 omnino
2679 1215 2956 1297 requirit,
2980 1224 3043 1281 et
3063 1234 3304 1280 causam
3326 1215 3389 1279 in
3421 1233 3739 1299 progressu

352 1308 606 1379 ἐξήκοντα
632 1307 724 1377 εἴη
771 1309 927 1382 ἐτῶν,
974 1307 1041 1364 τὰ
1093 1304 1149 1362 δέ
1190 1305 1350 1363 λοιπὰ
1397 1307 1475 1382 μὴ
1525 1305 1668 1386 ἔχει,
1724 1311 1802 1382 μή
1831 1328 2001 1364 κατα-

2089 1301 2295 1380 ponit:
2321 1310 2402 1365 ita
2423 1304 2582 1385 quod
2615 1305 2754 1368 licet
2805 1308 3111 1386 sexaginta
3161 1307 3238 1370 sit
3265 1325 3584 1386 annorum,
3620 1309 3737 1371 nisi

347 1397 604 1478 λεγέσθω.
669 1398 807 1455 Φασὶ
857 1395 912 1453 δὲ
969 1396 1062 1460 τὰς
1132 1395 1206 1460 είς
1274 1396 1336 1452 τὸ
1386 1398 1616 1476 χηρικὸν
1671 1394 2002 1474 τεταγμένας

2088 1399 2146 1454 et
2175 1399 2388 1456 caetera
2407 1393 2644 1476 habeat,
2669 1413 2788 1458 non
2811 1395 3132 1475 allegatur.
3154 1395 3337 1462 Aiunt
3366 1402 3565 1460 autem
3594 1399 3739 1460 2'58

347 1487 550 1566 λέγειν.
585 1521 665 1534 -
699 1511 728 1542 ι
772 1487 867 1545 Ἐν
911 1484 1084 1566 ἔργοις
1127 1484 1341 1548 καλοῖς.
1378 1507 1406 1540 ι
1448 1484 1779 1564 ΙΟΙΚΟΥΜ]
1829 1485 2002 1544 Εἰπὼν

2088 1482 2279 1564 ipsum
2307 1484 2440 1547 illas
2462 1485 2689 1551 dicere.
2709 1505 2847 1570 quae
2871 1487 2934 1549 in
2982 1485 3285 1550 vidualem
3315 1488 3594 1552 ordinem
3625 1489 3736 1552 de-

348 1583 600 1657 γενικῶς,
637 1599 666 1631 ι
699 1575 790 1634 Ἐν
820 1575 995 1655 ἔργοις
1042 1572 1255 1644 καλοῖς,
1293 1597 1322 1629 ι
1385 1572 1572 1630 λοιπὸν
1601 1575 1690 1630 καὶ
1717 1586 1834 1639 τοῖς
1864 1577 1998 1631 καθ-

2088 1580 2296 1660 putatze
2326 1582 2486 1636 sunt.
2520 1611 2587 1620 —
2622 1600 2649 1632 α
2668 1574 2736 1638 In
2758 1576 3041 1658 operibus
3070 1576 3266 1640 bonis.
3303 1602 3335 1634 ι
3360 1576 3474 1646 Ubi
3494 1596 3740 1660 genera-

349 1667 574 1724 ἐκαστον
643 1664 1005 1746 ἐπεξέρχεται.
1066 1666 1139 1722 Τὸ
1207 1662 1264 1720 δὲ
1334 1663 1430 1731 τῆς
1486 1663 1854 1743 τεκνοτροφίας
1910 1665 1998 1720 καὶ

2088 1659 2218 1724 liter
2245 1662 2427 1726 dixit:
2457 1662 2522 1725 In
2542 1663 2828 1744 cperibus
2861 1663 3061 1746 bonis,
3079 1673 3522 1747 consequenter
3559 1667 3737 1729 etiam

351 1754 464 1814 ἄνω
493 1757 639 1818 εἶπε.
672 1757 732 1815 Τί
761 1757 872 1829 οἶν,
907 1755 1048 1830 εἰμὴ
1068 1753 1184 1834 ἔχει
1206 1751 1401 1818 παῖδας
1427 1772 1444 1833 ;
1473 1753 1550 1811 Τὰ
1574 1751 1736 1809 λοιπὰ
1753 1754 1991 1813 ποιείτω.

424 1849 478 1861 -ο
527 1845 574 1861 9'
669 1845 722 1861 nr
1047 1835 1098 1861 (Α
1142 1849 1168 1860 ~
1250 1841 1276 1861 η
1451 1842 1466 1861 \
1515 1841 1529 1861 ,
1638 1844 1689 1861 *Α
1807 1843 1821 1861 \
1929 1850 1957 1861 συ

2088 1750 2359 1831 specialia
2374 1753 2794 1855 enumerat.De
2815 1753 3144 1817 liberorum
3158 1763 3356 1818 autem
3377 1755 3735 1820 educatione

357 1866 386 1905 ι
423 1849 482 1904 Et
524 1845 923 1926 ἐξενοδόχησεν.
964 1868 988 1901 ι
1047 1835 1199 1922 Ὀρᾷς
1248 1841 1329 1898 ὅτι
1381 1842 1469 1899 καὶ
1512 1841 1728 1900 ἐνταῦθα
1769 1843 1864 1906 τὰς
1889 1850 1996 1900 τῶν

2088 1841 2362 1922 superius
2387 1861 2624 1924 quoque
2653 1841 2838 1904 dixit:
2882 1842 3035 1916 Quid
3085 1862 3229 1922 ergo
3279 1844 3329 1904 si
3363 1863 3484 1906 non
3513 1844 3739 1909 habeat

350 1940 560 1993 οἰκείων
619 1935 914 2014 εὐεργεσίας
982 1933 1256 2013 προτίθησι
1335 1937 1441 1987 τῶν
1511 1932 1584 1994 εἷς
1639 1931 1760 1995 τοὺς
1815 1930 2002 1998 ἐξωτι-

2088 1928 2311 1992 liberos
2331 1937 2360 1994 ?
2390 1931 2591 1994 Faciat
2613 1939 2847 1994 caetera.
2879 1956 2906 1988 α
2927 1931 2992 1995 Si
3009 1931 3118 1994 fuit
3138 1932 3468 2014 hospitalis.
3499 1957 3527 1990 ιο
3553 1932 3737 1996 Vides

347 2028 476 2091 κοὺς
506 2046 522 2106 ;
563 2027 738 2083 Εἰπὼν
783 2025 884 2104 γὰρ
913 2030 1144 2103 πρῶτον,
1203 2043 1226 2078 ι
1266 2023 1323 2079 Εἰ
1352 2019 1814 2100 ἐτεκνοτρόφησεν,
1855 2044 1882 2076 ιι
1919 2021 2003 2078 οὔ.

2088 2017 2244 2098 quod
2275 2025 2334 2080 et
2365 2020 2461 2082 hic
2501 2020 2699 2082 cilicia
2749 2038 2891 2100 erga
2938 2021 3236 2102 proprios,
3291 2020 3410 2084 illis
3443 2023 3737 2104 praeponit

350 2139 460 2180 τως
531 2116 749 2194 ἐπάγεϊ,
807 2115 894 2194 τὸ,
949 2111 1385 2192 Ἐξενοδόχησεν,
1455 2134 1482 2164 α
1518 2112 1577 2168 Εἰ
1622 2111 1786 2190 ἁγίων
1835 2109 2002 2174 πόδας

2088 2125 2219 2188 quae
2240 2116 2377 2170 sunt
2402 2127 2540 2189 erga
2566 2109 2932 2172 extraneos?
2960 2109 3074 2174 Ubi
3099 2110 3260 2172 enim
3287 2110 3471 2172 dixit:
3510 2109 3569 2174 Si
3590 2111 3738 2176 libe-

347 2205 552 2280 ἔνιψεν.
593 2225 616 2259 ι
651 2200 803 2260 Ἀλλ’
849 2202 1001 2278 ἐμεῖ,
1033 2200 1114 2257 ὅτι
1159 2199 1396 2280 Πενιχρά
1454 2200 1586 2274 εἶμι,
1630 2198 1722 2254 καὶ
1763 2199 2003 2278 ξενοτρο-

2088 2215 2185 2258 ros
2228 2197 2522 2274 educavit,
2576 2198 2782 2263 subdit
2838 2207 3326 2282 consequenter:
3361 2200 3413 2262 si
3468 2199 3583 2264 fuit
3621 2201 3736 2263 ho-

345 2309 473 2374 ιρετν
513 2293 608 2350 οὒκ
677 2294 906 2371 εὐπορῶ,
967 2289 1083 2348 οῧτε
1151 2286 1482 2364 θλιϐομένοις
1541 2287 1848 2367 ἐπαρκέσαι.
1912 2289 2000 2356 Μὴ

2088 2285 2338 2365 spitalis.
2378 2312 2404 2343 (ι
2442 2286 2504 2350 Si
2535 2295 2876 2351 sanctorum
2907 2289 3091 2370 pedes
3121 2289 3286 2350 lavit.
3326 2315 3348 2346 ο
3380 2288 3497 2352 Sed
3530 2288 3732 2351 dicet:

345 2383 536 2461 ἁγίων,
568 2383 719 2463 φησὶ,
752 2378 916 2444 πόδας
962 2384 1118 2456 νῖψαι
1181 2378 1276 2435 οὐκ
1316 2377 1506 2458 ’ἐχειςς
1563 2379 1652 2445 Μὴ
1696 2383 1773 2452 τῷ
1822 2379 2003 2457 ἁγαθῳ

2088 2374 2334 2455 Pauperi
2355 2377 2451 2438 ula
2469 2395 2624 2456 sum,
2653 2395 2764 2438 nec
2786 2375 3097 2440 facultates
3145 2378 3292 2440 mihi
3319 2386 3642 2460 suppetunt
3672 2387 3738 2441 ut

348 2474 490 2552 ἔργῳ
547 2469 926 2528 ἐπακολουθεῖν
983 2468 1226 2547 εὖπορίας
1283 2469 1523 2549 χρῄζεις
1573 2468 1718 2526 Κατὰ
1765 2468 1866 2547 γὰρ
1934 2469 2001 2524 τὰ

347 2564 694 2643 ἐγχωροῦντα
727 2562 927 2619 τούτων
957 2559 1177 2616 ἕκαστον
1233 2558 1474 2639 εἴρηκεν.
1538 2579 1560 2612 α
1611 2559 1669 2615 Εἰ
1701 2558 1862 2637 ἁγίων
1894 2558 1999 2614 πό-

349 2651 440 2716 δας
514 2652 661 2727 ἔνιψε
696 2667 709 2682 ⁸
754 2675 775 2707 ο
825 2649 1118 2723 τουτέστιν,
1185 2649 1230 2705 εί
1275 2649 1370 2712 τὰς
1423 2647 1657 2726 ἐσχάτας
1715 2645 2001 2725 ὑπηρεσίας

2085 2464 2194 2524 sim
2224 2465 2528 2546 hospitalis
2550 2467 2638 2528 vel
2665 2466 2901 2528 afflictis
2932 2467 3567 2530 subministrem.Num
3591 2487 3736 2532 san-

2085 2560 2337 2635 ctorum,
2371 2555 2584 2636 inquit,
2621 2556 2805 2635 pedes
2835 2557 3028 2618 lavare
3056 2575 3175 2619 non
3234 2565 3402 2638 potes
3422 2556 3453 2617 ?
3477 2559 3631 2619 Num
3659 2557 3743 2620 fa-

2081 2641 2269 2704 cultas
2299 2643 2468 2706 deest
2497 2652 2560 2706 ut
2607 2645 2764 2706 bona
2815 2663 2997 2725 opera
3053 2646 3480 2727 prosequaris?
3510 2645 3739 2708 Horum

347 2756 468 2806 τοῖς
498 2742 666 2820 ἁγίοις
711 2739 1151 2819 ἀνεπαισχύντως
1207 2735 1525 2803 ἐξετέλεσεν.
1558 2734 1737 2799 Οὸτως
1783 2737 1811 2792 ὁ
1844 2734 1998 2805 Κλή-

2088 2731 2242 2792 enim
2273 2732 2504 2810 singula
2533 2733 2682 2796 dixit
2711 2735 2882 2816 juxta
2938 2753 3009 2797 ea
3056 2753 3188 2816 quae
3217 2743 3557 2816 suppetunt.
3610 2759 3630 2793 ι
3677 2735 3743 2799 Si

350 2854 457 2906 μης
527 2831 582 2887 ἐν
643 2829 852 2906 ἑϐδόμῳ
925 2821 1365 2889 Ὑποτυπώσεων.
1446 2845 1470 2882 ι
1537 2826 1595 2882 Εἴ
1637 2825 1793 2881 παντὶ
1860 2823 2000 2904 ἔργῳ

2088 2829 2422 2882 sanctorum
2455 2823 2638 2904 pedes
2661 2823 2799 2885 lavit
2826 2841 2840 2886 :
2870 2848 2899 2880 »
2935 2824 3046 2886 hoc
3077 2831 3193 2900 est,
3239 2825 3291 2886 si
3336 2833 3599 2887 extrema
3622 2825 3742 2888 mi-

348 2921 548 2999 ἀγαθῷ.
601 2941 630 2979 ι
703 2924 856 2994 Οίον,
926 2917 1298 2995 ὲιιοινώνησεν,
1359 2913 1715 2993 ὑπηρέτησεν.
1766 2915 1824 2971 Εἰ
1895 2915 1997 2993 γὰρ

2089 2908 2334 2999 nisteria
2356 2930 2416 2972 s.n
2427 2911 2580 2973 nctis
2592 2911 2816 2994 absque
2832 2910 3058 2975 rubore
3071 2912 3454 2976 exhibuitlta
3465 2911 3746 2978 Clemens

345 2997 433 3066 καὶ
491 3009 807 3090 ἐργάσασθαι
905 3010 1001 3064 οὒκ
1085 3010 1324 3083 εὐπορεῖ,
1403 3005 1732 3082 ὑπηρετησαι
1820 3002 2003 3078 μέντοι

2095 2997 2347 3079 septimo
2368 3000 2902 3079 Informationum.
2943 3026 2971 3058 α
3017 3002 3082 3064 Si
3129 3021 3310 3065 omne
3339 3021 3488 3084 opus
3518 3003 3743 3067 bonum

347 3100 590 3179 εὔπορεῖ,
647 3123 674 3153 α
711 3097 983 3176 Νεωτέρας
1065 3093 1120 3151 δὲ
1178 3095 1354 3175 χήρας
1411 3099 1688 3172 παραιτοῦ.
1726 3115 1753 3147 ιο
1810 3092 1871 3151 Τί
1898 3090 2001 3162 δή-

2090 3098 2402 3168 prosecuta
2424 3097 2550 3154 est:
2579 3114 2606 3146 ιι
2635 3091 2748 3153 hoc
2771 3101 2885 3166 est,
2912 3092 3393 3168 communicavit,
3443 3091 3744 3156 submini-

349 3178 506 3263 ποτε,
565 3187 735 3245 καίτοι
792 3188 1028 3262 μείζονος
1085 3185 1292 3262 ἀγῶνος
1351 3181 1500 3245 ὄντος
1562 3181 1647 3238 ἐπὶ
1702 3188 1809 3238 τῶν
1858 3203 2003 3261 παρ-

2088 3178 2311 3240 stravit.
2339 3179 2682 3261 Quanquam
2709 3180 2868 3242 enim
2912 3181 3159 3244 facultas
3189 3180 3346 3245 desit
3374 3181 3449 3244 ad
3479 3198 3741 3263 operan-

345 3281 536 3350 θὲνων,
611 3277 839 3352 οὖδαμοῦ
895 3276 1132 3357 φαίνεται
1209 3272 1404 3353 χρόνου
1472 3272 1846 3351 παρατήρησιν
1921 3272 2002 3326 εἰ-

2088 3269 2252 3344 dum,
2284 3269 2454 3332 adest
2475 3280 2687 3333 tamem
2723 3272 2972 3335 facultas
3033 3273 3106 3336 ad
3138 3272 3742 3340 subministrandum.

347 3371 462 3425 πών
497 3384 513 3440 ς
551 3358 683 3425 υΟτι
715 3366 919 3422 ἐκεῖναι
952 3365 1057 3421 ἀπὸ
1115 3364 1352 3440 μείζονος
1409 3366 1510 3429 τῆς
1565 3361 1619 3417 ἐν
1679 3362 1855 3418 πίστει
1885 3363 2003 3438 θερ-

2092 3381 2116 3414 ι
2154 3362 2337 3422 Porro
2355 3361 2846 3438 junioresviduas
2868 3361 3079 3443 rejice.
3099 3387 3127 3419 »
3151 3361 3576 3440 Quamobrem,
3608 3383 3745 3427 cum

347 3460 581 3534 μότητος
613 3459 685 3522 εἷς
715 3464 873 3514 τοῦτο
927 3455 1113 3527 ἦλθον,
1188 3456 1339 3512 αὗται
1397 3449 1452 3507 δὲ
1525 3452 1614 3508 καὶ
1657 3451 1871 3530 ἀνάγκη
1915 3473 2001 3506 τιν

2096 3449 2286 3530 majus
2317 3451 2380 3512 fit
2406 3450 2466 3511 in
2489 3449 2819 3530 virginibus
2841 3459 3169 3524 certamen,
3195 3471 3490 3535 nusquam
3513 3453 3748 3518 videtur

345 3555 416 3624 τῇ
446 3547 508 3604 ἐκ
546 3551 644 3614 τῆς
689 3547 912 3627 ἐρημίας
938 3562 953 3575 ⁸
1013 3544 1050 3613 ἢ
1081 3542 1271 3600 ὅτικαὶ
1300 3543 1386 3599 ἐπὶ
1427 3543 1534 3597 τῶν
1579 3539 1848 3619 παρθένων
1905 3540 2010 3596 εί-ὶ

345 3638 490 3708 πὼν,
551 3632 907 3714 Εὗπρόσεδρον
975 3635 1061 3690 καὶ
1128 3633 1196 3690 τὰ
1246 3639 1338 3689 τοῦ
1396 3631 1584 3714 Κόριου
1642 3635 2003 3708 μεριμνῶσαν,

345 3724 560 3792 πολλὴν
616 3709 884 3803 ἀαρίὸειαν
955 3721 1302 3793 ἐπεζήτησεν.
1382 3743 1410 3775 α
1463 3709 1638 3777 ιὈταν
1695 3739 2004 3796 καταστρη-

347 3817 570 3871 νιάσωσι
613 3820 708 3870 τοῦ
767 3817 1014 3889 Χριστοῦ.
1053 3829 1084 3870 )
1175 3821 1307 3875 Ισως
1363 3809 1500 3877 ἦσαν
1556 3813 1712 3864 τοῦτο
1767 3827 2003 3872 πεποιη-

346 3905 683 3968 κῦιαίτινες.
731 3891 878 3981 ιὈρα
936 3899 1014 3976 δὲ,
1073 3898 1151 3956 ὅτι
1224 3899 1314 3955 καὶ
1369 3901 1421 3954 αἱ
1464 3897 1631 3960 ὅντως
1677 3898 1870 3976 χῆραι,
1927 3901 2006 3971 τῷ

349 4001 564 4074 Χριστῷ
623 3993 966 4072 ἁρμόζονται.
1032 3981 1414 4074 ᾊρμοζόμεναι
1471 3985 1547 4060 δὲ,
1605 3989 1659 4042 ἐν
1687 3985 1828 4051 τάξει
1858 4007 2002 4064 παρ-

343 4070 511 4140 θένων
553 4070 915 4139 καθίστανται.
983 4103 1010 4134 α
1054 4070 1404 4158 Ἠρμοσάμην
1470 4077 1571 4155 γὰρ
1620 4077 1780 4151 ὑμᾶς,
1815 4075 1998 4155 φησὶν,

343 4175 421 4231 ἐνὶ
485 4171 627 4250 ἀνδρὶ
696 4171 949 4250 παρθένον
1019 4170 1209 4247 ἁγνὴν,
1304 4169 1642 4244 παραστῆσαι
1725 4171 1802 4238 τῷ
1867 4171 2000 4242 Χρι-

352 4272 487 4338 στῷ.
529 4286 550 4317 ι
602 4268 777 4319 Ταῦτα
831 4259 886 4316 δὲ
943 4260 1070 4339 πρὸς
1141 4264 1317 4315 πᾶσαν
1389 4253 1706 4321 Ἐκκλησίαν
1757 4255 1997 4333 ἁρμόζει,

2095 3538 2381 3620 temporis
2412 3538 2889 3604 observationem
2953 3541 3292 3624 exprimere
3315 3541 3346 3602 ?
3393 3542 3542 3616 Quia
3569 3543 3686 3607 illae
3713 3563 3749 3607 a

2093 3628 2306 3708 majori
2336 3627 2477 3691 ﬁdei
2507 3629 2741 3693 fervore
2769 3629 2843 3693 ad
2865 3631 2980 3694 hoc
3009 3640 3323 3706 venerunt,
3355 3631 3448 3695 ha:
3463 3651 3606 3696 vero
3630 3651 3746 3697 ne-

2089 3715 2366 3779 cessitate
2396 3717 2652 3798 quadam
2683 3737 2802 3800 qua
2856 3719 3246 3782 solitudinem
3279 3720 3576 3803 sequitur.
3628 3721 3744 3783 Aut

2089 3805 2248 3887 quod
2280 3805 2459 3868 etiam
2493 3807 2567 3868 de
2597 3805 2926 3887 virginibus
2954 3807 3162 3870 dicens
3212 3809 3370 3890 quod
3401 3807 3642 3872 assidua
3667 3809 3746 3871 sit

2087 3903 2145 3957 ct
2172 3903 2341 3958 curet
2371 3915 2502 3976 quas
2531 3896 2771 3958 Domini
2804 3897 3033 3970 sunt39,
3069 3915 3342 3978 magnam
3375 3897 3743 3977 diiigentiam

2086 3983 2357 4048 adhibuit
2411 4011 2432 4041 ε
2499 3987 2647 4049 Cum
2707 3986 2931 4048 lascive
2983 3987 3220 4066 egerint
3263 3985 3552 4050 adversus
3579 3985 3748 4051 Chri-

2084 4079 2266 4136 stum.
2294 4099 2321 4130 ρ
2349 4074 2532 4137 Erant
2551 4075 2820 4138 fortassis
2851 4076 3160 4138 nonnullae
3179 4093 3312 4158 qua}
3343 4075 3740 4156 hocegerant.

2084 4163 2235 4225 Vide
2265 4173 2460 4226 autem
2484 4165 2640 4246 quod
2678 4183 2821 4228 vere
2844 4164 3036 4227 viduas
3065 4165 3242 4228 etiam
3260 4164 3496 4229 Christo
3520 4165 3616 4247 adj
3627 4185 3738 4228 un-

2083 4261 2300 4332 guntur
2329 4275 2342 4314 :
2378 4273 2509 4336 quae
2535 4261 2734 4317 autem
2764 4253 2880 4336 ipsi
2911 4255 3348 4335 adjunguntur,
3374 4254 3437 4316 in
3467 4255 3741 4318 ordinem

355 4355 414 4411 Ti
443 4351 498 4407 δὲ
549 4354 632 4416 τὸ,
697 4341 874 4407 υΟταν
942 4347 1458 4426 καταστρηνιάσωσι,
1517 4343 1804 4424 βοῦλεταις
1864 4364 2003 4399 τουτ-

2099 4341 2386 4421 virginum
2419 4345 2880 4406 constituuntur.
2919 4369 2948 4400 «
2982 4344 3241 4426 Adjunxi
3267 4343 3616 4428 vos,inquit,
3644 4345 3746 4408 uni

359 4442 522 4519 ἐστιν,
607 4439 734 4495 ὅταν
806 4434 1324 4510 καταϐλακευθῶσιν,
1379 4433 1504 4490 ὅταν
1586 4434 2006 4511 καταθρυφθῶσι,

355 4530 644 4607 τουτέστιν,
717 4528 845 4584 ὅταν
921 4527 1259 4599 ἀκκισθῖῦσιν,
1343 4523 1469 4578 ὅταν
1538 4520 2006 4600 καθυπερηφανεύ-

352 4642 546 4677 σωνται
595 4625 689 4676 τοῦ
751 4622 996 4696 Χριστοῦ,
1045 4616 1124 4690 μὴ
1182 4611 1610 4692 καταδεχόμεναι
1668 4611 1822 4669 αὐτὸν
1881 4631 2008 4684 νυμ-

348 4712 490 4790 φίον,
526 4708 835 4764 ἐκπίπτουσι
884 4703 1071 4760 λοιπὸν
1121 4705 1195 4767 εἷς
1249 4704 1340 4758 τὸν
1389 4703 1584 4780 γάμον.
1645 4704 1718 4758 Οὔ
1749 4700 1887 4796 υγὰρ
1917 4697 2008 4754 εἵ-

348 4777 510 4857 λοντο
546 4797 641 4864 τὴν
672 4795 899 4876 χηρείαν
929 4794 1064 4868 μετὰ
1093 4792 1312 4871 κρίσεως
1346 4777 1626 4870 λογισμοῦ,
1669 4812 1696 4843 α
1749 4777 1880 4846 εὈτι
1908 4789 2007 4856 τὴν

350 4888 572 4968 πρώτην
629 4886 802 4940 πίστιν
859 4881 1146 4950 ἠθέτησαν,
1182 4905 1211 4936 n
1287 4881 1394 4947 Τὴν
1449 4879 1580 4958 πρὸς
1637 4879 1728 4934 τὸν
1782 4879 2006 4956 Χριστὸν

347 4965 621 5046 σῦνθήκην
681 4973 830 5052 φησί.
931 4969 1244 5046 Συνθέμεναι
1325 4969 1423 5048 γὰρ
1507 4969 1648 5042 αὗτῷ
1717 4965 2003 5045 ἡρμόσθαι,

349 5070 624 5125 ἀθετοῦσιν
675 5063 855 5138 αὖτὸν,
929 5059 1013 5117 ἐπὶ
1083 5059 1410 5139 ἆνθρώπινσν
1465 5056 1752 5136 ἐρχόμεναι
1810 5055 2004 5134 γάμον.

354 5157 503 5213 Μετὰ
531 5152 589 5209 δὲ
638 5151 817 5221 τοῦτο,
877 5151 965 5205 καὶ
1019 5147 1165 5224 ἄλλῳ
1219 5148 1588 5227 ἁμαρτήματι,
1645 5146 1825 5227 φησὶν,
1871 5147 2007 5202 ὑπο-

2093 4431 2216 4492 viro
2245 4428 2309 4493 ut
2338 4433 2628 4513 virginem
2661 4442 2880 4496 castam
2913 4434 3280 4497 exhiberetis
3333 4433 3566 4498 Christo
3587 4435 3674 4500 ιο.
3712 4461 3739 4492 ι

2090 4520 2228 4582 Haec
2258 4530 2456 4584 autem
2473 4521 2770 4584 universis
2791 4531 2952 4605 aptat
2968 4523 3578 4587 Ecclesiis.Casterum
3601 4524 3744 4606 quid

2089 4610 2203 4671 sibi
2231 4611 2356 4672 vult
2383 4611 2507 4670 ὅταν
2553 4635 3046 4694 καταστρηνιασωσι
3069 4613 3100 4673 ‘?
3124 4614 3236 4675 hoc
3260 4612 3599 4694 estquando
3624 4621 3746 4675 tor-

2091 4699 2257 4780 pueri
2268 4720 2299 4760 n
2310 4700 2593 4782 t,quando
2607 4700 3233 4784 lascivierint,quando
3253 4702 3386 4764 ficte
3399 4711 3746 4766 recusantes

2089 4787 2369 4851 delitiatae
2393 4790 2638 4865 fuerint,
2663 4791 2900 4872 quando
2924 4791 3186 4872 superbe
3211 4790 3745 4871 egerintadversus

2088 4878 2391 4940 Christum
2425 4898 2544 4940 non
2603 4879 2999 4960 suscipientes
3054 4880 3250 4960 ipsum
3301 4897 3610 4961 sponsum,
3671 4881 3745 4944 ad

2090 4967 2323 5048 nuptias
2351 4968 2641 5049 deinceps
2690 4969 3018 5046 excidunt;
3077 4987 3197 5031 non
3249 4970 3410 5033 enim
3441 4968 3744 5034 viduitatis

2092 5065 2308 5118 statum
2315 5057 2543 5139 judicio
2560 5057 2814 5122 rotionis
2829 5059 3200 5140 delegerunt.
3230 5083 3258 5115 α
3293 5058 3464 5134 Quod
3482 5058 3740 5138 primam

2094 5145 2272 5208 ﬁdem
2298 5146 2642 5227 rejecerint.
2683 5173 2706 5207 ι
2738 5147 2979 5210 Pactum
3038 5167 3181 5229 erga
3231 5148 3533 5213 Christum
3579 5149 3744 5215 dicit.

351 5247 624 5316 πίπτουσι,
660 5247 732 5318 τῇ
786 5240 961 5319 ἀργίᾳ.
1028 5240 1100 5298 Οὔ
1155 5238 1319 5314 μόνον
1373 5237 1650 5315 τοιγαροῦν
1709 5231 1920 5313 ἀνδράσι
1949 5236 2003 5292 τὸ

2109 5238 2298 5298 Pacta;
2328 5245 2465 5299 sunt
2495 5236 2657 5299 enim
2689 5238 2846 5318 quod
2871 5237 3610 5320 Christoadjungerentur:
3643 5257 3748 5303 re-

353 5336 656 5414 ἐργάζεσθαι
729 5327 1068 5409 προσέταξεν,
1126 5327 1264 5384 ἀλλὰ
1319 5328 1409 5414 καί
1461 5322 1684 5414 γυναιξί,
1749 5330 1885 5414 [Ιᾶν
1916 5323 2003 5405 γᾶε

2098 5325 2530 5405 jiciuntautem
2549 5325 2745 5406 ipsum
2756 5325 2831 5388 ad
2853 5327 3143 5390 humanas
3159 5327 3450 5391 devoluta;
3472 5327 3744 5410 nuptias.

353 5405 542 5503 iam»,
590 5421 642 5488 ἐξ
699 5405 887 5500 ἀργίας
948 5418 1204 5479 τίκτεται.
1269 5438 1293 5474 α
1371 5405 1531 5492 ι’Λμα
1586 5412 1640 5470 δέ
1711 5415 1800 5470 καὶ
1867 5413 2003 5493 ἆργα

2105 5414 2242 5476 Post
2272 5417 2394 5478 haec
2425 5432 2563 5479 vero
2575 5405 2652 5478 iet
2680 5415 2742 5478 in
2769 5416 2954 5500 aliud,
2985 5416 3202 5500 inquit,
3237 5405 3746 5501 peccatum-deci-

355 5516 691 5590 :izufii'nust,
745 5532 773 5568 θ
858 5514 975 5572 Πῶς
1033 5506 1086 5563 δὲ
1146 5508 1297 5587 ἀργαὶ
1356 5506 1751 5582 μανθάνουσιν;
1834 5511 2003 5583 Exeu-

2105 5503 2275 5576 dunt.
2310 5522 2530 5586 nempe
2557 5504 2767 5567 otium.
2799 5507 2933 5570 Non
2992 5507 3183 5570 solum
3220 5525 3360 5588 ergo
3387 5507 3547 5571 viros
3568 5509 3750 5589 jussit

429 5687 538 5750 59!
571 5684 712 5748 Cor.
748 5697 859 5761 vu,
891 5680 988 5742 32.
1078 5678 1140 5728 40
1168 5675 1221 5740 ΙΙ
1251 5679 1388 5738 Cor.
1422 5691 1503 5750 χι,
1537 5675 1596 5751 2,
