4188 6426
495 338 609 404 179
1630 343 2038 409 CECUMENII
2083 341 2377 405 TRICCxE
2420 344 2754 409 EPISCOPI
3764 335 3881 402 180

492 473 752 554 operari,
780 476 922 538 959
941 475 1049 538 sed
1069 484 1130 539 et
1154 476 1462 540 mulieres.
1489 475 1680 540 Omne
1705 479 1864 540 enim
1918 475 2140 538 malum

2224 493 2313 528 σαι
2343 474 2463 539 τοὺς
2522 474 2858 540 ἐπεισάκτους
2931 473 3117 554 ἄνδρας
3162 475 3530 556 χορηγοῦντας
3602 477 3789 536 αὐταῖς
3818 473 3883 530 τὰ

492 579 565 625 ex
595 563 715 626 otio
735 564 1021 645 gignitur.
1048 565 1283 629 (Simul
1322 573 1382 628 et
1423 567 1626 629 otiosae
1647 566 1907 629 discunt.
1936 590 1962 622 ι
1993 565 2142 638 Quo-

2226 563 2357 641 πρὸς
2395 565 2604 643 χρείαν,
2675 570 2781 620 τῶν
2841 565 2939 641 μὲν
2995 563 3163 644 ἔργων
3224 563 3558 644 ῥᾳθυμοῦσιν,
3613 562 3759 625 ὅπως
3830 560 3883 617 δὲ

497 652 676 715 modo
705 662 906 718 autem
939 654 1144 718 otiosae
1190 654 1428 717 discunt
1455 655 1486 716 ?
1528 655 1828 718 Habentes
1856 653 2142 717 ascititios

2229 651 2563 732 εὐπρόσωποι
2639 667 2757 718 τοῖς
2840 653 3052 733 ἀνδράσι
3131 653 3374 728 δόξωσιν,
3478 652 3878 731 ἐπιμελοῦνται,

491 740 652 804 viros
669 743 771 824 qui
794 747 878 806 eis
896 744 1234 808 necessaria
1257 744 1881 825 suppeditent,segnes
1906 743 2142 825 quidem

2235 759 2265 799 (
2297 743 2368 798 Οὒ
2410 741 2572 818 μόνον
2601 740 2656 798 δὲ
2700 743 2878 823 ἀργαὶ,
2937 741 3072 801 ἀλλά
3127 745 3215 800 καὶ
3274 742 3516 824 φλύαροι.
3555 768 3582 799 n
3633 742 3880 820 Ἐνεργὸς

491 840 630 894 sunt
644 832 716 894 ad
741 849 1160 912 opera,curam
1181 841 1381 896 tamen
1399 833 1622 896 habent
1637 836 1846 897 utvirls
1866 833 2142 915 speciosae

2231 829 2330 909 γὰρ
2360 833 2388 887 ὁ
2419 838 2537 915 νοῦς
2607 833 2744 907 ἡμῖν
2796 833 2937 911 παρὰ
3004 842 3096 892 τοῦ
3171 842 3509 912 Δημιουργοῦ
3565 832 3880 890 κατεσκεύα-

491 910 833 984 videantur.
847 925 1004 986 «Imo
1022 942 1142 985 non
1165 923 1357 985 solum
1377 922 1712 999 otiosm,sed
1730 929 1787 984 et
1801 910 2083 1003 garrulae.
2116 945 2141 981 ι

2234 941 2377 983 σται,
2428 910 2601 978 υΟταν
2632 920 2720 978 οὖν
2751 910 2892 997 αὐτῷ
2945 945 3022 999 μη
3077 919 3251 999 δῶμεν
3307 910 3553 1001 ἐργασίαν
3607 921 3872 1003 χρηστὴν,

485 1008 652 1072 Mens
683 1011 846 1074 enim
872 1011 1048 1074 nobis
1079 1013 1151 1074 ad
1187 1011 1557 1092 Operandum
1590 1031 1624 1075 a
1647 1015 1925 1076 Creatore
1955 1011 2144 1074 fabri-
2175 1089 2182 1098 1

497 1106 628 1162 cata
657 1107 771 1162 est.
793 1099 910 1165 Ubi
932 1119 1071 1182 ergo
1094 1100 1314 1166 bonum
1340 1121 1488 1184 opus
1504 1101 1561 1164 ei
1584 1120 1703 1163 non
1729 1101 2146 1164 subministra-

492 1190 781 1271 verimus,
807 1190 937 1272 ipsa
957 1190 1209 1253 assumit
1240 1209 1425 1272 opera
1453 1189 1735 1254 absurda.

484 1288 494 1299 '
571 1278 646 1351 V,
679 1279 879 1343 14-16.
916 1278 1058 1343 Volo
1080 1281 1275 1362 igitur
1318 1282 1593 1358 iuniores
1639 1279 1881 1354 nubere,
1920 1279 2146 1343 liberos

486 1384 694 1447 gnere,
731 1367 972 1431 domum
1010 1371 1476 1451 administrare,
1498 1368 1741 1432 nullam
1769 1371 2143 1432 occasionem

487 1455 637 1518 dare
685 1456 1035 1520 adversario
1071 1465 1140 1520 ut
1163 1457 1385 1522 habeat
1437 1457 1852 1521 maledicendi
1867 1475 2138 1520 causam.

492 1543 641 1606 Jam
661 1549 822 1607 enim
848 1545 1151 1609 nonnullas
1200 1548 1589 1626 deﬂemerunt
1640 1555 1775 1628 post
1816 1547 2143 1614 Satanam.

493 1631 660 1706 Quod
689 1636 744 1696 si
771 1629 909 1715 q'uis
936 1635 1156 1715 ﬁdelis,
1185 1642 1356 1699 autsz‘
1365 1654 1485 1716 qua
1498 1636 2144 1716 ﬁdetishabetviduas,

2232 1009 2389 1073 αὐτὸς
2429 1007 2843 1086 ἐπιλαμϐάνεται
2875 1010 3120 1091 ἐργασίας
3151 1010 3471 1092 ἀτόπου[ς].

2315 1296 2339 1332 ιι
2403 1274 2668 1352 Βούλομαι
2741 1276 2830 1334 οὗν
2900 1277 3158 1357 νεωτέρας
3236 1291 3456 1358 γαμεῖν,
3517 1294 3874 1358 τεκιογονεῖν,

2227 1363 2654 1440 οἰκοδεσποτεῖν,
2773 1365 3037 1444 μηδεμίαν
3171 1367 3420 1448 ἀφορμῂν
3527 1367 3720 1426 διδόναι
3803 1375 3880 1444 τῷ

2229 1455 2576 1532 ἀντικειμένῳ
2635 1435 2929 1534 ’λοιδορίας
3036 1435 3232 1538 χάριν.¹
3280 1435 3465 1526 μ”Ηδη
3559 1460 3660 1538 γὰρ
3740 1435 3877 1522 τινες

2228 1542 2589 1624 ἐξετράπησαν
2640 1545 2809 1604 ὀπίσω
2869 1556 2964 1606 τοῦ
3033 1553 3267 1607 Σατανᾶ.
3331 1547 3398 1604 E’t’
3467 1570 3556 1612 πις
3601 1549 3789 1611 πιστὸς
3832 1549 3867 1616 ἢ

2229 1635 2392 1702 πιστὴ
2448 1633 2569 1715 ἔχει
2667 1636 2866 1716 χήρας,

2976 1635 3270 1716 ἐπαρκείτω
3365 1635 3578 1717 αὖταϊς,
3651 1638 3738 1693 καὶ
3793 1639 3870 1713 μὴ

489 1723 820 1802 seppeditet
849 1722 1002 1804 illis,
1035 1730 1094 1787 et
1121 1741 1247 1787 non
1301 1731 1588 1787 oneretur
1634 1724 1937 1802 Ecclesia,
1969 1733 2035 1788 ut
2068 1725 2142 1788 iis

2228 1722 2484 1801 βαρείσθω
2543 1725 2578 1790 ἡ
2662 1721 2978 1805 Ἐκκλησία,
3057 1723 3149 1781 ἵνα
3226 1736 3347 1790 ταῖς
3431 1723 3596 1788 ὅντως
3669 1726 3867 1806 χήραις

490 1828 628 1891 quae
657 1829 797 1874 vere
824 1821 966 1874 sunt
993 1812 1196 1876 viduae
1228 1819 1531 1894 suppetat.

571 1900 802 1962 Bonum
824 1901 1065 1982 quidem
1085 1901 1294 1965 fuisset
1316 1909 1383 1965 ut
1399 1921 1542 1985 quoe
1565 1903 1918 1973 semelinter
1941 1903 2145 1968 viduas

499 1989 725 2052 allectae
750 1998 973 2068 essent,
1007 2010 1126 2054 non
1156 1992 1370 2054 lascive
1399 2000 1647 2072 agerent
1675 1993 1957 2056 adversus
1981 1993 2147 2056 Chri-

494 2085 676 2160 stum,
701 2098 896 2162 neque
913 2080 1164 2162 primam
1192 2080 1369 2143 ﬁdem
1393 2081 1736 2161 rejicerent.
1763 2081 1982 2144 Verum
2007 2082 2146 2163 quia

492 2167 605 2230 hoc
627 2168 872 2245 faciunt,
898 2169 1126 2232 nubant
1153 2191 1167 2234 :
1203 2170 1430 2250 seipsas
1463 2169 1697 2233 Christo
1729 2190 1848 2233 non
1879 2172 2145 2252 despon-

494 2256 695 2339 deant,
729 2265 788 2320 et
815 2260 897 2320 ita
952 2257 1222 2322 nubant:
1265 2259 1378 2320 hoc
1426 2260 1590 2322 enim
1650 2267 1894 2341 peccato
1951 2267 2141 2336 vacat,

491 2344 641 2406 illud
659 2365 798 2409 vero
821 2347 1071 2428 impium
1098 2364 1182 2410 εει
1202 2348 1868 2419 et,scelestum.lllarum
1887 2369 2146 2432 namque

493 2433 747 2498 inhiatio
779 2443 839 2497 et
867 2437 1144 2499 socordia
1171 2437 1251 2499 ita
1279 2445 1588 2500 coercetur
1617 2439 1962 2502 exuberanti
1997 2440 2145 2502 afﬂi-

493 2523 692 2587 ctione
722 2534 782 2588 et
798 2544 961 2589 cura.
997 2551 1018 2584 ι
1047 2526 1284 2589 Nullam
1299 2528 1674 2590 occasionem
1706 2529 1847 2590 dare
1863 2530 2139 2591 adversa-

491 2612 606 2676 rio.
641 2637 666 2672 ι
702 2614 766 2678 Si
797 2616 957 2678 enim
987 2624 1152 2678 recta
1192 2616 1522 2697 nupserint,
1560 2637 1678 2679 non
1712 2619 1876 2699 prius
1907 2618 2142 2681 Christo

492 2702 886 2784 desponsatae,
915 2705 987 2767 ad
1021 2703 1418 2768 maledicendi
1482 2705 1860 2768 occasionem
1915 2708 2144 2789 seipsas

493 2811 615 2854 non
647 2793 969 2858 deducent.
995 2796 1125 2860 Non
1155 2802 1219 2856 ut
1267 2793 1399 2857 sine
1450 2794 1666 2858 timore
1695 2795 1890 2858 vivant
1916 2796 2145 2860 nubere

493 2883 796 2964 praecepit,
831 2885 937 2947 sed
969 2891 1031 2947 ut
1060 2884 1221 2948 curis
1247 2902 1490 2965 pressae,
1541 2885 1908 2966 prospiciant
1939 2893 2002 2948 ut
2029 2886 2141 2949 de-

493 2979 702 3037 center
730 2974 953 3044 vivant.
993 3000 1016 3030 a
1044 2977 1173 3036 Jam
1197 2973 1360 3037 enim
1384 2974 1686 3036 nonnullae
1704 2974 2137 3041 deﬂexerunt.»

496 3060 694 3134 Quare
748 3069 949 3126 autem
1039 3071 1261 3125 tantam
1333 3062 1768 3126 observantiam
1823 3063 1982 3126 cirea
2038 3051 2202 3128 hasC

491 3151 774 3229 habuisti,
797 3159 857 3214 et
873 3153 1162 3234 majorem
1191 3151 1296 3233 qui
1321 3151 1479 3213 circa
1532 3151 1825 3231 virgines?
1849 3152 1998 3226 Quia
2028 3154 2138 3231 hae,

491 3237 707 3320 inquit,
761 3240 1137 3304 occasionem
1189 3238 1508 3317 dederunt,
1569 3239 1958 3303 deﬂectentes
2013 3250 2144 3323 post

494 3327 793 3393 Satanam.
829 3328 976 3393 Nam
1007 3330 1134 3392 haec
1165 3329 1318 3405 dico,
1355 3328 1568 3410 inquit,
1606 3349 1724 3392 non
1783 3339 1846 3392 ut
1875 3350 1990 3393 non
2025 3331 2146 3395 sint

491 3417 684 3481 vidua;
698 3419 991 3498 juniores,
1017 3418 1119 3481 sed
1146 3418 1372 3481 ueritus
1395 3437 1470 3480 ne
1486 3417 1784 3481 Christum
1802 3420 2115 3501 rejicerem

497 3531 524 3563 α
560 3505 728 3581 Quod
742 3509 940 3590 siquis
968 3508 1185 3571 ﬁdelis.
1217 3532 1244 3564 ››
1272 3509 1460 3572 Recte
1473 3507 1617 3570 dicit
1647 3508 1743 3572 :Si
1765 3510 1898 3590 quis
1925 3510 2136 3586 ﬁdelis,

489 3603 590 3660 aut
621 3597 809 3680 siqua
835 3597 1051 3661 fidelis.
1113 3599 1262 3661 Nam
1319 3597 1372 3660 si
1430 3597 1707 3660 infideles
1765 3608 1986 3679 essent,
2025 3619 2143 3662 non

491 3695 800 3767 oporteret
826 3696 891 3750 ut
913 3686 986 3750 ab
1013 3687 1102 3750 eis
1128 3686 1454 3761 alerentur,
1486 3704 1562 3747 ne
1576 3686 1924 3749 viderentur
1936 3688 2144 3751 ﬁdeles

489 3794 667 3856 egere
725 3776 1093 3840 inﬁdelibus.
1146 3780 1443 3840 Prmterea
1472 3795 1709 3858 quoque
1741 3775 2144 3856 legislationes

487 3865 622 3928 illos
643 3875 1015 3931 concernunt
1047 3867 1149 3949 qui
1170 3866 1316 3949 ipsis
1347 3874 1580 3948 parent,
1603 3885 1722 3927 non
1744 3884 1850 3928 eos
1873 3867 1974 3947 qui
2005 3867 2144 3930 sub-

479 3956 626 4036 jecti
658 3975 778 4020 non
833 3966 994 4022 sunt.
1061 3982 1086 4014 c
1119 3956 1473 4039 Suppeditet
1521 3955 1660 4019 illis.
1699 3981 1723 4015 ο
1764 3957 1912 4019 Rem
1963 3956 2142 4022 faciat

489 4046 883 4126 quaeminime
904 4047 1045 4108 240
1066 4046 1258 4126 gravis
1272 4063 1406 4108 esse
1435 4045 1641 4108 debet.
1684 4046 1801 4107 Per
1822 4045 1936 4106 hoc
1979 4046 2136 4108 enim

487 4135 646 4215 quod
677 4136 779 4210 ait,
815 4138 1131 4218 ἐπαρκείτω,
1164 4136 1224 4197 id
1282 4141 1396 4215 est,
1448 4134 1809 4215 suppeditet,
1857 4153 2138 4196 necessa-

2227 1810 2522 1891 ἐπαρκέσῃ,
2557 1835 2584 1867 n

2308 1901 2379 1959 Τὸ
2408 1899 2507 1975 μὲν
2535 1899 2698 1957 καλὸν
2726 1899 2818 1981 ἧν,
2876 1899 3012 1966 ἅπαξ
3067 1913 3189 1965 ταῖς
3242 1901 3442 1980 χήραις
3497 1898 3875 1979 καταλεγείσας

2227 1988 2304 2064 μὴ
2372 1996 2760 2068 καταστρηνιᾷν
2835 2000 2928 2049 τοῦ
2996 1989 3240 2071 Χριστοῦ,
3321 1987 3457 2066 μηδέ
3513 1989 3720 2046 ἀθετεῖν
3777 1991 3876 2058 τὴν

2227 2078 2442 2159 πρώτην
2473 2079 2669 2142 πίστιν,
2727 2078 2945 2147 Ἐπειδὴ
3006 2077 3061 2135 δὲ
3121 2087 3277 2137 τοῦτο
3339 2081 3568 2152 ποιοῦσι,
3603 2080 3876 2158 γαμείτω-

2228 2190 2348 2244 σαν,
2376 2169 2464 2225 καὶ
2522 2169 2600 2244 μὴ
2645 2170 3090 2248 κατεγγυάτωσαν
3148 2169 3337 2234 ἑαυτὰς
3393 2175 3470 2244 τῷ
3525 2176 3753 2246 Χριστῷ,
3789 2171 3882 2226 καὶ

2229 2257 2395 2322 οὕτως
2424 2259 2781 2337 γαμείτωσαν.
2843 2260 2915 2317 Τὸ
2972 2259 3070 2335 μὲν
3128 2259 3228 2337 γὰρ
3283 2258 3680 2337 ἀναμάρτητον,
3739 2260 3802 2314 τὸ
3831 2257 3876 2314 δ’

2230 2346 2461 2409 ἀνόσιον.
2507 2349 2578 2406 Τὸ
2622 2349 2721 2427 γὰρ
2776 2349 3013 2428 κεχηνὸς
3057 2348 3228 2404 αὐτῶν
3277 2348 3365 2404 καὶ
3434 2347 3690 2425 ῥῄθυμον,
3737 2347 3875 2405 οὕτω

2227 2444 2352 2515 γοῦν
2409 2436 2849 2517 καταστέλλεται,
2934 2444 3002 2514 τῇ
3101 2434 3446 2515 περισσοτέρᾳ
3529 2435 3700 2512 θλίψει
3784 2438 3873 2493 καὶ

2225 2527 2474 2611 φροντίδι,
2556 2552 2590 2611 ς.
2644 2529 2916 2605 Μηδεμίαν
2973 2530 3217 2610 ἀφορμὴν
3273 2527 3468 2585 διδόναι
3523 2536 3601 2604 τῷ
3650 2529 3874 2585 ἀντικει-

2227 2599 2390 2695 μένῳ.
2474 2641 2497 2677 (ι
2564 2599 2647 2676 Ἂν
2706 2599 2805 2699 γὰρ
2852 2619 2903 2684 ἐς
2963 2599 3120 2698 ὀρθαί
3168 2619 3452 2697 γαμήσωσι
3515 2599 3591 2694 μη
3619 2618 3870 2697 πρότερον

2229 2707 2415 2772 ἑαυτὰς
2477 2713 2689 2787 Χριστῷ
2781 2709 3236 2786 κατεγγυήσασαι,
3319 2707 3414 2762 οὐκ
3481 2707 3554 2769 εὶς
3624 2705 3868 2786 ἀφορμὴν

2227 2794 2484 2875 λοιδορίας
2547 2795 2776 2863 ἥξουσιν.
2839 2798 2954 2876 Οὐχ
3009 2796 3103 2852 ἵνα
3161 2794 3216 2851 δὲ
3267 2792 3432 2858 ἀδεῶς
3489 2795 3639 2870 ζῶσι,
3674 2807 3874 2874 γαμεῖν

2226 2884 2561 2964 προσέταξεν,
2598 2884 2718 2941 ἀλλ’
2777 2884 2872 2942 ’ίνα
2955 2897 3076 2950 ταῖς
3147 2884 3378 2966 φροντίσι
3432 2883 3869 2973 γυῦνϋπιεζόμε-

2227 2997 2332 3054 ναι,
2397 2981 2489 3031 τοῦ
2568 2976 2802 3051 κοσμίως
2901 2980 2993 3051 ζῇν
3051 2975 3440 3053 προνοήσουσιν.
3483 2996 3510 3028 ι
3578 2971 3705 3040 Ἠδη
3774 2975 3876 3052 γὰρ

2226 3085 2362 3130 τινες
2393 3063 2770 3143 ἐξετράπησαν,
2811 3085 2836 3124 ι
2889 3065 2989 3122 Διά
3038 3064 3088 3120 τί
3125 3062 3180 3120 δὲ
3235 3064 3496 3130 τοσαύτην
3554 3061 3872 3143 παραφυλα-

2225 3155 2326 3222 κήν
2359 3156 2477 3234 περὶ
2505 3157 2674 3234 αὐτῶν
2733 3155 2994 3229 ἐποιήσω,
3041 3154 3130 3210 καὶ
3191 3151 3360 3210 πλείω
3417 3151 3552 3231 ἥπερ
3611 3152 3695 3208 ἐπὶ
3767 3158 3871 3208 τῶν

2225 3233 2542 3324 παρθένων;
2611 3233 2740 3302 ιὈτι
2784 3243 2957 3320 αὐταὶ,
3017 3244 3166 3324 φησὶ,
3217 3242 3316 3310 τὴν
3359 3242 3606 3321 ἀφορμὴν
3635 3239 3873 3298 δεδώκα-

2228 3354 2309 3389 σιν
2375 3332 2706 3412 ἐκτραπῆσαι
2792 3333 2963 3388 ὀπίσω
3046 3337 3138 3387 τοῦ
3217 3336 3450 3392 Σατανᾶ,
3515 3337 3689 3389 Ταῦτα
3744 3331 3866 3409 γὰρ,

2226 3423 2377 3503 φησὶ,
2411 3421 2578 3502 λέγω,
2611 3422 2714 3502 οὐχ
2755 3421 2848 3479 ’ίνα
2907 3421 2984 3496 μὴ
3040 3423 3139 3476 ὦσι
3191 3419 3439 3499 νεώτεραι
3499 3424 3692 3500 χῆραι,
3738 3419 3874 3476 ἀλλὰ

2227 3509 2471 3576 δεδοικὼς
2519 3511 2597 3586 μὴ
2655 3512 2747 3567 τὸν
2802 3511 3027 3590 Χριστὸν
3082 3509 3403 3580 ἀθετήσωσι.
3455 3529 3478 3565 ι
3529 3507 3594 3565 Εἴ
3652 3531 3732 3573 τις
3775 3532 3872 3565 πι-

2228 3602 2373 3664 στός,
2414 3623 2438 3659 n
2480 3599 2666 3664 Καλῶς
2717 3602 2800 3662 τὸ.
2856 3601 3045 3663 Πιστὸς
3103 3599 3139 3667 ἢ
3197 3598 3384 3665 πιστὴ,
3459 3599 3518 3656 Εἰ
3571 3599 3670 3677 γὰρ
3739 3598 3874 3666 ἦσαν

2227 3691 2463 3763 ἄπιστοι,
2521 3692 2614 3747 οὐκ
2669 3687 2771 3746 ἔδει
2827 3689 2953 3768 παρ’
3010 3689 3181 3745 αὐτῶν
3262 3687 3593 3773 τρέφεσθοιιλΙ
3630 3687 3722 3743 ἵνα
3793 3687 3871 3763 μὴ

2226 3778 2413 3847 δόξωσι
2444 3777 2646 3836 δέεσθαι
2705 3781 2756 3835 αἱ
2811 3779 2992 3835 πισταὶ
3060 3783 3165 3833 τῶν
3237 3776 3494 3834 ἀπίστων.
3589 3774 3773 3839 Αλλως
3817 3775 3870 3832 δὲ

2225 3871 2314 3926 καὶ
2342 3870 2472 3949 πρὸς
2503 3869 2625 3931 τοὺς
2656 3866 2996 3942 πειθομένους
3055 3867 3106 3922 αἱ
3164 3864 3485 3942 νομοθεσίαι,
3549 3865 3610 3920 οὒ
3662 3866 3784 3929 τοὺς
3816 3867 3876 3922 οὒ

2224 3957 2698 4034 πεισθησομένους,
2777 3979 2804 4012 ι
2839 3954 3166 4036 Ἐπαρκείτω
3259 3957 3470 4016 αὐταῖς.
3548 3974 3578 4013 )
3657 3951 3876 4033 Ἀϐαρὲς

2223 4048 2439 4106 ποιείτω
2496 4049 2556 4104 τὸ
2617 4043 2864 4126 πρᾶγμαξ
2925 4046 3022 4101 Διά
3075 4045 3174 4124 γὰρ
3229 4051 3345 4118 τοῦ,
3403 4043 3720 4122 ἐπαρκείτω,
3774 4044 3876 4110 τὴν

2223 4136 2511 4216 ἀναγκαίαν
2582 4134 2817 4216 ἐδήλωσε
2868 4135 3092 4215 τροφήν.
3163 4153 3187 4190 α
3224 4134 3323 4191 Καὶ
3374 4133 3482 4208 μὴν
3537 4133 3792 4210 βαρείσθω
3837 4133 3873 4200 ἡ

493 4214 648 4285 rium
680 4214 1032 4306 signiﬁcavit
1087 4214 1460 4288 alimentum.
1521 4214 1546 4280 ἐι
1584 4222 1656 4285 Et
1706 4242 1822 4284 non
1856 4230 2142 4286 oneretur

2224 4214 2538 4293 Ἐκκλησία.
2573 4243 2604 4285 )
2672 4214 2848 4281 υΩστε
2904 4214 2954 4281 οἱ
3003 4224 3183 4281 πιστοὶ
3241 4221 3511 4302 τρέφοντες
3550 4223 3643 4286 τὰς
3675 4222 3876 4280 ἑαυτῶν

482 4309 773 4376 Ecclesia.
809 4336 836 4375 ι
874 4313 1077 4396 Itaque
1108 4313 1300 4375 ﬁdelis
1347 4311 1450 4395 qui
1499 4330 1636 4374 suas
1687 4311 1853 4373 alunt
1902 4311 2136 4394 viduas,

2224 4317 2419 4396 χήρας,
2484 4317 2570 4372 καὶ
2655 4327 2779 4380 ταῖς
2833 4319 2929 4381 τῆς
2977 4311 3298 4378 Ἐκκλησίας
3383 4312 3580 4391 χήραις
3637 4308 3874 4386 συμϐάλ.

490 4399 668 4462 etiam
701 4400 982 4466 Ecclesiae
1002 4403 1213 4466 viduas
1218 4403 1467 4483 juvant:
1501 4399 1986 4482 quandoquidem
2019 4420 2140 4464 non

2224 4404 2403 4462 λονται
2439 4452 2453 4466 .
2485 4408 2578 4461 οἷα
2607 4401 2673 4472 δὴ
2731 4404 2809 4480 μὴ
2867 4401 3197 4480 βαρουμένης
3255 4403 3354 4468 τῆς
3407 4399 3752 4474 Ἐκκλησίας,
3783 4403 3875 4457 καὶ

484 4491 1005 4568 gravataEcelesia
1046 4491 1294 4555 uberius
1320 4491 1439 4553 alet
1459 4509 1603 4572 quas
1621 4489 1750 4571 alit,
1774 4507 1988 4571 nempe
2009 4509 2140 4572 quae

2224 4491 2304 4550 διὰ
2373 4500 2527 4550 τοῦτο
2586 4493 2946 4571 ἀφθονώτερον
3003 4492 3320 4570 τρεφούσης,
3379 4489 3440 4553 ἃς
3498 4490 3697 4569 τρέφει,
3775 4490 3870 4553 τὰς

484 4596 625 4643 vere
643 4591 782 4646 sunt
802 4583 1017 4657 viduae,
1047 4583 1162 4644 hoc
1187 4580 1525 4662 est,quibus
1545 4579 1742 4642 nulius
1761 4587 2001 4660 praeest,
2031 4579 2136 4641 sed

2224 4583 2382 4650 ϐ’ντως
2419 4582 2624 4652 δηλαδὴ
2685 4584 2896 4664 χήρας,
2946 4582 3186 4640 τουτέστι
3243 4581 3338 4646 τὰς
3396 4579 3870 4664 ἀπροστατεύτους,

482 4668 764 4735 desolata;
784 4681 944 4736 sunt.
981 4696 1003 4726 ι
1023 4671 1099 4736 Ut
1123 4671 1197 4733 iis
1219 4689 1350 4752 quae
1373 4687 1511 4732 vere
1529 4677 1669 4732 sunt
1689 4669 1878 4730 vidua:
1908 4687 2133 4749 suppe-

481 4768 583 4824 tat.
617 4785 639 4822 ι)
673 4763 826 4826 Vere
849 4763 1040 4826 viduae
1055 4780 1188 4844 quae
1205 4759 1472 4841 undique
1503 4759 1776 4822 desertae"
1808 4765 1962 4819 sunt.
1986 4756 2131 4820 Nam

479 4851 581 4933 qui
614 4852 726 4916 hoc
740 4853 901 4928 facit,
917 4873 1037 4916 non
1054 4853 1247 4915 solum
1273 4850 1377 4912 alit
1406 4868 1580 4930 quam
1606 4849 1732 4924 alit,
1781 4847 1885 4910 sed
1907 4848 2133 4910 etreli-

479 4941 614 5023 quis
663 4943 913 5006 multum
965 4941 1219 5023 confert,
1279 4940 1422 5002 dum
1456 4938 1691 5002 occasio
1753 4945 1864 5012 est,
1897 4946 1962 4998 ut
2016 4937 2134 5000 illis

479 5029 886 5097 abundantius
909 5031 1348 5114 suppeditetur.

1094 5117 1339 5184 CAPUT
1382 5117 1510 5183 X11.

873 5210 964 5275 De
985 5211 1472 5292 presbyterorem
1503 5207 1749 5272 honore.

523 5295 590 5374 V,
604 5299 672 5360 l7
683 5299 787 5361 ~21
802 5343 819 5362 .
829 5300 947 5375 Qui
967 5300 1112 5362 bene
1123 5297 2006 5380 prmsuntpresbyteri,duplici
2021 5296 2134 5360 ho-

474 5403 627 5450 nore
637 5387 810 5469 digni
822 5387 1462 5452 habeanturmaxime
1474 5388 1524 5450 ii
1537 5389 1646 5468 qui
1655 5387 1933 5450 laborant
1946 5388 2011 5449 in
2027 5404 2138 5450 ser'

473 5493 653 5540 mone
668 5485 725 5540 et
737 5479 1036 5541 doctrina.
1048 5477 1213 5540 Dicit
1235 5475 1644 5557 enimScriptu
1653 5495 1742 5539 ra:
1763 5479 1892 5538 Non
1907 5476 2134 5558 obliga-

477 5565 566 5628 bis
580 5583 647 5630 os
661 5566 798 5631 bovi
813 5566 1278 5632 trituranti.Et:
1289 5566 1520 5646 Dignus
1538 5575 1625 5628 est
1641 5567 1956 5646 operarius
1970 5585 2134 5629 mer-

471 5655 613 5718 cede
621 5674 755 5721 sua.
765 5651 1074 5724 Adversus
1083 5657 1376 5721 seniorem
1390 5673 1464 5717 ne
1478 5655 1792 5718 admiseris
1808 5657 2142 5721 accusatio-

2219 4675 2305 4732 καὶ
2336 4659 2739 4750 μεμονωμένας,
2771 4659 2808 4727 *α
2859 4661 2896 4685 ”
2925 4682 3012 4730 Ινα
3039 4684 3161 4735 ταῖς
3205 4669 3372 4733 ὄντως
3403 4670 3631 4749 χήραις.
3674 4693 3694 4724 ι
3736 4659 3872 4727 ιὈν-

2217 4785 2323 4828 τως
2371 4767 2542 4843 χῆραι
2640 4763 2692 4818 αἱ
2782 4762 3036 4818 πάντοθεν
3123 4759 3338 4838 ἔρημοι.
3440 4753 3497 4816 Ὁ
3547 4760 3646 4837 γὰρ
3714 4765 3870 4815 τοῦτο

2216 4852 2407 4927 ποιῶν,
2449 4853 2628 4932 φησὶν,
2659 4855 2718 4910 οὒ
2748 4851 2911 4926 μόνον
2960 4850 3027 4919 ἢν
3083 4848 3282 4929 τρέφει,
3356 4848 3554 4929 τρέφει,
3617 4846 3752 4904 ἀλλὰ
3782 4851 3872 4904 καὶ

2216 4955 2338 5006 ταῖς
2411 4939 2628 5007 λοιπαῖς
2713 4939 2850 4998 πολὺ
2933 4935 3311 5015 συμϐάλλεται,
3408 4936 3610 5001 πλάτος
3681 4936 3868 5001 αὐταῖς

2218 5029 2504 5109 προξενῶν,

2842 5124 3094 5178 ΚΕΦΑΛ.
3129 5108 3238 5182 13'.

2614 5231 2641 5264 α
2689 5211 2812 5289 Περὶ
2841 5205 3205 5288 πρεσϐυτέρων
3235 5210 3419 5282 τιμῆς.
3457 5227 3483 5265 ι

2305 5323 2333 5354 α
2393 5302 2453 5357 Οἱ
2523 5296 2701 5363 καλῶς
2785 5304 3116 5378 προεστῶτες
3211 5293 3574 5376 πρεσϐύτεροι,
3673 5292 3866 5362 διπλῆς

2216 5393 2378 5465 τιμῆς
2463 5385 2836 5454 ἀξιούσθωσαν.
2938 5385 3181 5444 Μάλιστα
3265 5389 3312 5442 οἱ
3405 5386 3698 5447 κοπιῶντες
3811 5383 3866 5442 ἐν

2216 5477 2361 5556 λόγῳ
2430 5478 2516 5534 καὶ
2573 5475 2900 5548 διδασκαλία,
2979 5476 3133 5553 Λέγει
3189 5476 3287 5554 γὰρ
3449 5475 3630 5552 Γραφή
3663 5489 3676 5502 ⁸
3733 5481 3868 5530 Βοῦν

2219 5567 2462 5624 ἀλοῶντα
2530 5569 2588 5624 οὗ
2655 5567 2939 5645 φιμώσεις.
3001 5567 3123 5644 Καὶ,
3211 5564 3360 5630 Αξιος
3417 5566 3444 5619 ὁ
3501 5562 3724 5639 ἐργάτης
3773 5577 3868 5626 τοῦ

2222 5659 2409 5733 μισθοῦ
2489 5658 2670 5716 αὔτοῦ.
2754 5656 2900 5713 Κατὰ
2956 5651 3303 5732 πρεσϐυτέρου
3376 5654 3692 5730 κατηγορίαν
3786 5657 3866 5729 μὴ
