4188 6436
387 354 484 422 181
1362 361 1755 427 COMMENT.
1804 365 1885 426 IN
1933 358 2172 426 EPIST.
2221 365 2246 425 Ι
2291 366 2392 428 ΑΙ)
2435 365 2757 429 ΤΙΜΟΤΗ.
3653 363 3770 427 182

374 489 696 571 παραδέχου,
770 491 922 558 ἐκτὸς
976 495 1020 548 εἰ
1076 496 1152 569 μὴ
1211 495 1296 552 ἐπὶ
1352 492 1441 552 δύο
1509 494 1544 562 ἢ
1587 501 1746 574 τριῶν
1817 495 2018 576 μαρτύ-

2105 513 2266 578 nem,
2300 497 2426 574 nisi
2449 497 2807 562 subduobus
2826 504 2938 561 aut
2966 497 3166 562 tribus
3208 497 3484 564 testibus.
3520 497 3768 579 Eosqui

372 606 492 661 ρων.
565 587 698 649 Τοὺς
754 585 1153 665 ἁμαρτάνοντας
1237 586 1460 644 ἐνώπιον
1525 587 1737 649 πάντων
1804 587 2018 671 ἔλεγχε,

2102 594 2374 666 peccant,
2409 604 2619 651 coram
2648 588 2934 650 omnibus
2948 605 3160 667 argue,
3187 596 3256 651 ut
3281 595 3339 652 et
3361 593 3566 653 caeteri
3593 590 3770 652 timo-

367 671 457 729 ἵνα
523 675 611 730 καὶ
665 675 716 731 οἰ
813 671 989 730 λοιποὶ
1058 673 1220 756 φόϐον
1291 675 1493 756 ἔχωσι.
1593 677 2018 757 Δίαμαρτύρομαι

2108 693 2242 738 rem
2270 676 2554 740 habeant.
2579 677 2858 742 Obtestor
2874 679 2942 740 iu
2953 683 3269 758 conspectu
3281 679 3391 742 Dei
3412 696 3486 742 ac
3515 677 3770 741 Domini

369 762 598 820 ἕπον
688 771 783 822 τοῦ
868 769 1000 819 Θεοῦ
1077 766 1166 820 καὶ
1255 766 1443 844 Κυρίου
1556 765 1732 833 Ἰησοῦ
1804 774 2018 845 Χριστοῦ

2105 761 2251 827 Jesu
2281 764 2522 830 Christi
2549 773 2604 829 et
2630 766 2954 830 electorum
2982 769 3368 846 angelorum,
3402 775 3466 830 ut
3495 767 3620 830 hac
3633 783 3765 830 ser-

368 853 458 907 καὶ
525 855 632 908 τῶν
717 849 984 908 ἐκλεκτῶν
1065 851 1331 932 ἀγγέλων,
1383 853 1476 910 ’ίνα
1561 862 1725 911 ταῦτα
1794 855 2018 935 aulaea;

2105 870 2205 915 ves
2222 859 2355 915 sine
2376 857 2867 936 praecipitat-ioue
2879 857 3130 936 judicii,
3153 854 3315 918 nihil
3325 856 3563 938 faciens
3586 858 3766 935 iuxta

369 942 537 1020 χωρὶς
623 942 1006 1021 προκρίματος,
1109 941 1278 1018 μηδὲν
1377 948 1547 1000 ποιῶν
1643 944 1778 1000 κατὰ
1849 945 2018 1024 πρόσ-

2103 947 2566 1022 prapensimtem
2593 945 2812 1008 animi.

375 1029 594 1098 κλησιν.
649 1053 673 1090 ι

460 1121 602 1185 Τίνες
631 1117 686 1176 δὲ
717 1122 762 1176 οἱ
817 1119 997 1184 καλῶς
1051 1126 1406 1200 προεστῶτες,
1467 1123 1496 1178 6
1542 1123 1764 1201 Χριστὸς
1823 1120 2018 1193 ἐδήλωη

2181 1119 2433 1193 Quinam
2454 1131 2650 1184 autem
2669 1121 2826 1185 bene
2843 1121 3110 1204 praesint,
3153 1121 3424 1186 Christus
3453 1121 3761 1204 signiﬁca-

375 1235 488 1275 σεν,
522 1237 551 1268 ιι
586 1205 643 1270 Ὀ
679 1214 914 1293 Ποιμὴν,
946 1215 1133 1295 φησὶν,
1186 1216 1214 1270 6
1258 1212 1445 1288 καλὸς,
1490 1215 1591 1282 τὴν
1641 1216 1828 1296 ψυχὴν
1872 1217 2018 1274 αὐτοί

2111 1207 2216 1272 vit.
2247 1234 2275 1265 α
2308 1214 2528 1286 Bonus,
2563 1211 2776 1292 inquit,
2832 1210 3040 1274 Pastor
3087 1210 3348 1274 animam
3403 1231 3570 1274 suam
3601 1211 3768 1293 ponit

372 1303 576 1368 τίθησιν
628 1303 757 1382 ὑπὲρ
827 1308 935 1360 τῶν
991 1300 1294 1382 προϐάτων,
1338 1326 1358 1358 ι
1397 1337 1476 1348 —
1525 1327 1550 1359 ιι
1603 1303 1810 1372 Διπλῆς
1866 1307 2018 1382 τιμῆς

2113 1317 2218 1379 pro
2236 1299 2443 1362 ovibus
2470 1301 2550 1361 4*.
2591 1325 2612 1357 ι
2645 1336 2725 1346 -
2748 1321 2777 1360 ι
2799 1299 3036 1382 Duplici
3055 1301 3283 1364 honore
3310 1299 3472 1378 digni
3503 1299 3769 1364 habean-

369 1389 748 1458 ἀξιούσθωσαν,
784 1415 812 1446 ι
887 1394 1062 1468 Τιμήν
1145 1413 1273 1473 φησι
1357 1393 1456 1460 τὴν
1555 1400 1661 1450 τῶν
1731 1394 2018 1472 ἀναγκαίωκ

2114 1396 2228 1451 tur.
2263 1414 2290 1445 ιι
2319 1391 2617 1452 Honorem
2649 1390 2794 1452 dicit
2815 1390 3287 1452 necessariorum
3318 1407 3492 1452 usum
3522 1397 3626 1452 aut
3651 1406 3766 1472 po-

368 1480 580 1560 χρείαν,
636 1480 673 1548 ἢ
755 1479 960 1556 μᾶλλον
1041 1481 1327 1561 χορηγίαν.
1397 1504 1418 1536 ι
1469 1484 1544 1540 Οῦ
1611 1484 1869 1563 φιμώσεις
1927 1485 2018 1564 γὰρ

2113 1476 2229 1564 tius
2243 1479 2810 1559 suppeditationem.
2843 1504 2870 1535 α
2922 1477 3052 1540 Νοη
3100 1477 3415 1560 obligabis,
3447 1478 3664 1555 inquit,
3697 1497 3766 1541 os

367 1572 520 1649 φησὶ,
568 1571 692 1646 βοῦν
722 1569 988 1628 ἀλοῶντα’
1021 1572 1132 1650 καὶ,
1204 1569 1356 1636 Λξιος
1407 1573 1435 1628 6
1491 1572 1721 1652 ἐργάτης
1763 1583 1855 1634 τοῦ
1897 1563 2018 1651 μισὲ

2107 1563 2239 1626 bovi
2261 1567 2600 1645 trituranti;
2650 1576 2712 1630 et
2758 1567 2980 1647 Dignus
3015 1576 3105 1630 est
3142 1568 3456 1650 operarius
3483 1566 3762 1630 mercede

366 1665 460 1718 οοῦ
492 1663 668 1720 αὖτοῦ.
709 1686 730 1716 ι
759 1695 840 1706 —
871 1685 899 1718 α
934 1661 1140 1729 Διπλῆς
1171 1681 1202 1723 ι
1241 1660 1318 1736 δὲ,
1353 1664 1428 1726 ὡς
1457 1665 1588 1741 πρὸς
1609 1665 1703 1730 τὰς
1735 1668 1934 1746 χήραςο
1969 1669 2018 1724 οἷ

2107 1672 2237 1715 sua.
2275 1681 2302 1712 ι
2339 1655 2567 1737 Duplici
2598 1675 2758 1734 vero,
2820 1655 3138 1746 collatione
3193 1656 3348 1719 facta
3400 1656 3474 1718 ad
3529 1655 3758 1746 viduas,

369 1752 472 1829 γὰρ
508 1751 582 1813 ὡς
652 1753 783 1829 πρὸς
825 1752 947 1815 τοὺς
1018 1751 1096 1827 μὴ
1167 1748 1345 1815 καλῶς
1405 1743 2018 1834 προεστῶταςνπρεοϐυ-

2110 1763 2230 1839 non
2258 1746 2328 1806 ad
2359 1747 2733 1839 presbyteros
2761 1745 2862 1839 qui
2919 1764 3038 1807 non
3094 1744 3248 1807 bene
3299 1758 3579 1839 praesunt.
3611 1743 3761 1839 Nam

368 1838 578 1917 τέρους.
639 1837 872 1924 Ἐκεξνοι
942 1840 1042 1918 γὰρ
1097 1840 1213 1919 (οὐκ
1287 1839 1551 1906 ἀξιοῦνται
1620 1833 1846 1924 ἆπλὴς,
1892 1843 2018 1902 ἀλλᾶ

2113 1833 2200 1895 illi
2233 1853 2309 1895 ne
2337 1835 2670 1915 simplicem
2702 1834 2944 1916 quidem
2977 1844 3284 1896 merentur
3304 1835 3620 1924 honorem,
3654 1833 3761 1896 sed

371 1909 676 1986 διῶκονται.
759 1909 816 1985 ’ῘΙ
873 1909 1064 1996 Sin-lii;
1097 1909 1215 1996 ’τῆς
1271 1927 1474 1998 πολλῆς
1530 1929 1693 2010 λέγει,
1756 1909 1898 1991 ις’οἱ
1926 1955 2018 1991 κο-

2111 1923 2298 2001 magis
2318 1909 2655 2004 expellendi
2683 1909 2841 1986 sunt.
2880 1924 2996 1984 Aut
3033 1922 3281 2003 duplum
3302 1921 3446 1985 dicit
3479 1909 3757 1984 multum.

370 2024 601 2080 πιῶντες
631 2017 685 2073 ἐν
713 2017 882 2096 λόγῳ,
918 2041 946 2072 ι
985 2015 1074 2075 Ἐν
1115 2017 1263 2096 λόγῳ
1308 2022 1368 2077 ού
1416 2027 1494 2094 τῷ
1546 2019 1841 2096 κομπώδει,
1891 2022 2018 2082 ἀλλὰ

2117 2031 2144 2070 ι
2179 2013 2289 2086 Qui
2323 2012 2594 2075 laborant
2620 2014 2682 2075 in
2733 2031 3036 2077 sermone.
3094 2036 3117 2072 ι
3185 2011 3251 2073 In
3306 2029 3584 2073 sermone
3640 2029 3761 2073 non

368 2115 448 2182 τῷ
493 2116 863 2183 πνευματικῶς
919 2106 1125 2187 τρέφειν
1182 2109 1446 2188 ἰσχύοντι.
1508 2116 1616 2166 Ποῦ
1670 2108 1725 2166 δὲ
1782 2119 1869 2167 νῦν
1899 2113 2018 2168 siem

2111 2101 2394 2177 fastuoso,
2411 2102 2514 2165 sed
2531 2102 3039 2184 quispiritualiter
3070 2101 3234 2164 alere
3256 2109 3468 2184 potens
3487 2100 3586 2165 sit.
3619 2101 3748 2163 241

363 2201 412 2253 οἱ
441 2195 720 2274 λέγοντες,
755 2199 833 2272 μὴ
891 2196 1092 2254 δεῖσθαι
1136 2195 1313 2275 λόγων
1366 2196 1502 2274 μηδὲ
1572 2197 1905 2265 διδασκαλίας
1935 2203 2026 2258 τὸν

365 2293 711 2366 προεστῶτα,
768 2286 907 2343 ἀλλὰ
950 2287 1063 2362 βίου
1093 2305 1109 2366 ;
1161 2284 1524 2344 Ἀκουέτωσαν
1554 2295 1641 2345 νῦν
1672 2288 1879 2346 Παύλου
1909 2297 2023 2355 πῶς

365 2379 459 2433 τὸν
490 2375 651 2454 λόγον
681 2383 832 2456 τιμᾷ,
865 2375 1130 2453 Μάλιστα,
1162 2375 1357 2455 λέγων,
1408 2387 1504 2433 Δεῖ
1551 2379 1652 2458 γὰρ
1695 2381 1782 2436 καὶ
1811 2380 2022 2460 τούτου,

371 2463 526 2543 εἴπερ
575 2467 718 2530 τινὸς
780 2464 968 2525 ἄλλου.
1032 2455 1209 2523 ιὈτεῑν
1269 2466 1370 2544 γὰρ
1413 2467 1532 2544 περὶ
1568 2455 1868 2545 δογμάτων
1911 2468 1946 2545 ᾗ

372 2554 556 2632 λόγος,
591 2568 748 2618 ποῖος
776 2557 888 2632 βίος
919 2555 1137 2614 ἐνταῦθα
1195 2555 1415 2634 ἰσχύει;
1453 2547 1600 2635 ΗΟρα
1641 2555 1696 2612 δὲ
1753 2559 1814 2614 τὸ
1871 2557 2021 2615 ἀντι-

373 2641 811 2718 διαστελλόμενον
841 2652 941 2725 τῷ,
981 2667 1009 2699 α
1046 2647 1118 2702 Οὐ
1139 2644 1397 2740 φιμώσεις
1427 2645 1549 2722 βοῦν
1578 2645 1842 2709 ἀλοῶντα,
1868 2669 1893 2702 n
1925 2649 2027 2705 Τὸν

369 2733 471 2812 γὰρ
514 2735 621 2808 μὴν
651 2731 893 2792 ἀλοῶντα
919 2732 1208 2814 φιμωτέον.
1288 2755 1311 2788 ι
1347 2731 1526 2800 Ἄξιος
1585 2737 1612 2791 6
1671 2735 1901 2814 ἐργάτης
1932 2745 2026 2795 τοῦ

374 2825 559 2894 μισθοῦ
603 2826 783 2885 αὑτοῦ.
845 2847 872 2877 n
934 2824 1031 2880 Καὶ
1086 2824 1115 2878 6
1169 2823 1392 2901 Χριστὸς
1438 2824 1691 2903 σύμφωνα
1732 2831 1810 2899 τῷ
1879 2824 2026 2900 νόμῳ

373 2909 538 2988 λέγει.
573 2918 676 2968 Τοῦ
733 2916 945 2986 μισθσῦ,
1019 2915 1117 2978 τῆς
1173 2910 1371 2990 τροφῆς
1431 2910 1698 2979 δηλονότι.
1760 2910 2024 2991 Ἐργάτην

370 2997 425 3054 δὲ
486 2999 654 3079 λέγει,
701 3003 792 3057 τὸν
849 3002 1140 3076 κάμνοντας
1215 2991 1306 3064 ἰὶς
1358 2997 1452 3079 ὅγε
1511 3002 1589 3076 μὴ
1646 3001 1888 3076 κάμνων,
1921 3001 2021 3057 ἆν-

2109 2189 2222 2254 Ubi
2247 2210 2386 2270 ergo
2412 2210 2565 2254 nunc
2587 2200 2724 2253 sunt
2747 2191 2849 2273 qui
2870 2198 3146 2253 asserunt
3169 2209 3288 2252 non
3314 2207 3462 2272 opus
3495 2207 3628 2252 esse
3656 2190 3762 2272 qui

2108 2279 2488 2342 sermonibus
2511 2289 2610 2343 aut
2633 2281 2902 2343 doctrina
2923 2279 3150 2362 praesit,
3177 2279 3283 2343 sed
3311 2279 3431 2342 vita
3451 2281 3482 2340 ‘I
3504 2278 3764 2342 Audiant

2109 2388 2268 2431 nunc
2300 2370 2545 2432 Paulum
2577 2369 2872 2452 quomodo
2919 2387 3259 2432 sermonem
3315 2369 3589 2444 honorat,
3624 2387 3758 2431 cum

2109 2458 2308 2521 addit:
2361 2459 2650 2522 Maxime:
2705 2477 2840 2521 nam
2891 2465 2949 2520 et
2977 2458 3091 2520 hoc
3121 2456 3528 2521 necessarium
3560 2465 3674 2540 est,
3707 2457 3760 2519 si

2110 2548 2252 2628 quid
2271 2548 2609 2611 aliud.Cum
2627 2548 2784 2610 enim
2809 2547 3206 2626 dedogmatis
3228 2564 3429 2610 sermo
3453 2545 3758 2622 inciderit,

2109 2655 2243 2717 quae
2261 2635 2343 2697 ibi
2369 2636 2482 2697 vita
2505 2636 2781 2698 sufﬁcere
2808 2635 3081 2716 poterit?
3108 2635 3530 2700 Animadverte
3561 2642 3759 2698 autem

2108 2726 2262 2805 quod
2284 2725 2357 2786 ad
2383 2725 2602 2806 aliquid
2628 2726 2962 2805 oppositum
2986 2725 3168 2786 dicit:
3215 2728 3347 2789 Non
3371 2721 3662 2802 obligabis
3693 2740 3762 2786 os

2107 2812 2241 2875 bovi
2264 2815 2584 2877 trituranti.
2612 2812 2917 2896 Siquidem
2938 2814 3322 2895 obligandum
3355 2820 3445 2875 est
3465 2812 3548 2875 illi
3567 2830 3634 2874 os
3657 2813 3759 2895 qui

2106 2923 2224 2964 non
2247 2905 2500 2967 triturat.
2532 2926 2560 2964 ι
2581 2905 2805 2984 Dignus
2827 2912 2918 2966 est
2938 2902 3246 2984 operarius
3265 2901 3540 2964 mercede
3569 2920 3700 2965 sua.
3727 2927 3752 2961 ι

2104 2992 2293 3054 Etiam
2319 2994 2588 3056 Christus
2610 2995 2726 3074 legi
2743 3012 3005 3056 consona
3026 2992 3304 3075 loquitur.
3329 2989 3626 3066 Mercede,
3641 2991 3757 3053 ali-

363 3088 508 3155 άξιος
536 3093 758 3171 τροφῆς.
784 3100 957 3150 Ταῦτα
999 3089 1052 3146 δὲ
1097 3087 1242 3167 λέγει
1325 3090 1457 3167 πρὸς
1499 3093 1620 3154 τοὺς
1678 3087 2018 3156 διδασκάλους

2107 3083 2292 3171 menti
2325 3082 2622 3158 videlicet,
2633 3084 2993 3165 «,operarium
3025 3101 3163 3145 vero
3193 3081 3338 3144 dicit
3365 3097 3504 3171 eum
3533 3079 3636 3160 qui
3664 3081 3756 3171 la-

368 3180 491 3243 τοὺς
522 3186 820 3246 κοπιῶντας
850 3181 905 3236 ἐν
946 3187 1014 3257 τῇ
1057 3176 1385 3250 διδασκαλίᾳ.

452 3470 483 3502 α
517 3451 665 3507 Κατὰ
717 3442 1064 3526 πρεσϐυτέρου
1125 3447 1449 3526 κατηγορίαν
1495 3449 1574 3523 μὴ
1620 3447 1948 3530 παραδέχου.
1985 3474 2013 3506 ι

366 3537 602 3617 111419;
681 3537 827 3595 Κατὰ
873 3535 1127 3615 νεωτέρου
1197 3537 1448 3604 τοιαύτην
1505 3535 1852 3596 καταδεκτέον
1913 3561 2019 3597 κα·

362 3649 621 3706 τηγοριαν
655 3646 672 3706 ;
709 3627 795 3696 Μή
839 3626 1047 3704 γένοιτο
1087 3625 1101 3686 ί
1161 3623 1312 3683 Ἀλλ’
1371 3628 1444 3691 ὡς
1505 3629 1550 3683 εἰ
1593 3626 1744 3708 ἔλεγε
1775 3647 1794 3665 ⁶
1872 3631 2021 3687 Κατὰ

364 3716 596 3792 μηδενὸς
679 3714 799 3794 μὲν,
922 3715 1062 3772 κατὰ
1179 3711 1529 3796 πρεσϐυτέρου
1624 3715 1680 3773 δὲ
1765 3717 2016 3793 μάλιστα.

381 3816 586 3885 Ελουσι
657 3807 757 3884 γὰρ
815 3806 904 3861 καὶ
958 3806 1049 3860 τὸν
1126 3805 1232 3862 ἀπὸ
1313 3808 1412 3870 τῆς
1499 3803 1712 3874 ἡλικίας
1769 3805 2017 3886 χαλινόν,

364 3893 720 3973 Πρεσϐύτερον
776 3892 853 3974 δὲ,
900 3896 993 3950 τὸν
1048 3893 1102 3949 ἐν
1157 3895 1296 3972 γήρᾳ
1351 3895 1532 3973 φησίν,
1573 3919 1597 3951 ιι
1636 3897 1765 3959 Τοὺς
1838 3898 2014 3976 ἁμαρ-

358 3987 615 4046 τάνοντας
699 3982 924 4039 ἐνώπιον
1000 3983 1210 4042 πάντων
1293 3981 1507 4063 ἔλεγχε.
1575 4008 1599 4038 n
1664 3985 1819 4054 Ζήτει
1889 3985 2012 4061 μὲν,

354 4076 540 4155 φησὶν,
619 4070 912 4151 ἐπιμελῶς,
989 4073 1237 4152 εὑρίσκων
1311 4060 1600 4149 ﬁgi—nefa
1656 4060 2015 4154 σφοδρότητος

355 4161 678 4228 ἑπίπληττε.
715 4167 880 4219 Τοῦτο
909 4162 1009 4238 γὰρ
1064 4164 1150 4241 τὸ,
1209 4160 1426 4243 ἔλεγχε.
1484 4161 1744 4220 Ἐνώπιον
1802 4161 1857 4219 δὲ
1888 4164 2019 4220 πάν-

523 4250 545 4268 η
742 4251 754 4272 ς
1073 4251 1088 4269 κ
1453 4255 1479 4267 ο
1706 4257 1728 4267 ν
1962 4253 1974 4270 ς

359 4273 492 4322 των,
532 4271 616 4305 ινα
673 4271 759 4305 και
815 4251 860 4305 οἱ
917 4247 1090 4306 λοοποι
1142 4255 1564 4328 σωφρονισθωσι.
1627 4261 1795 4309 Τουτο
1825 4253 1853 4306 6
1886 4259 2016 4317 Θεος

363 4341 632 4410 εποίησεν,
684 4338 772 4394 ἐπὶ
837 4360 895 4394 τε
937 4345 1030 4394 τοῦ
1074 4341 1291 4418 Φαραὼ,
1346 4342 1432 4397 καὶ
1481 4350 1574 4399 τοῦ
1606 4336 2016 4420 Ναϐουχοδονό-

2039 3155 2079 3206 C
2105 3170 2295 3246 borat,
2326 3191 2541 3254 nempe
2571 3155 2727 3255 quod
2755 3173 2806 3236 is
2837 3172 2939 3255 qui
2968 3191 3086 3235 non
3119 3172 3351 3235 laborat
3379 3155 3661 3250 indignus
3682 3170 3760 3233 sit

2101 3260 2409 3325 alimento.
2443 3262 2580 3326 Haec
2611 3270 2806 3326 autem
2840 3261 3309 3344 praeceptoribus
3332 3255 3619 3340 loquitur,
3652 3269 3759 3342 qui

2103 3369 2222 3412 non
2256 3351 2526 3414 laborant
2551 3353 2613 3414 in
2644 3353 2937 3416 doctrina.

2191 3473 2213 3502 ι
2245 3440 2548 3504 Adversus
2576 3442 2876 3505 seniorem
2906 3459 2982 3504 ne
3040 3441 3355 3505 admiseris
3410 3443 3751 3508 accusatio-

2103 3548 2264 3592 nem.
2301 3558 2323 3589 ι
2363 3529 2515 3603 Quid
2551 3550 2692 3610 ergo
2719 3533 2744 3594 Υ
2775 3531 2865 3593 Αη
2895 3529 3176 3594 adversus
3199 3531 3504 3610 juniorem
3537 3533 3751 3597 admit-

2104 3619 2281 3682 tenda
2312 3628 2401 3682 est
2430 3620 2767 3701 hujusmodi
2789 3621 3088 3683 accusatio
3109 3625 3136 3681 ?
3164 3622 3550 3705 Nequaquam
3585 3622 3600 3686 !
3634 3621 3754 3688 Sed

2104 3718 2380 3790 tanquam
2412 3710 2672 3772 diceret:
2705 3710 3009 3775 Adversus
3041 3709 3295 3786 nullum,
3330 3711 3589 3774 maxime
3649 3730 3754 3774 au-

2105 3807 2226 3861 tem
2243 3798 2529 3860 adversus
2549 3801 2845 3861 seniorem
2873 3817 2886 3862 :
2922 3817 3058 3860 nam
3088 3798 3309 3861 habent
3338 3799 3400 3861 bi
3433 3807 3492 3861 et
3519 3799 3597 3863 ab
3625 3799 3756 3881 ipsa

2105 3897 2277 3951 tetate
2307 3889 2539 3950 frenum
2581 3888 2878 3969 quoddam
2916 3909 2932 3961 ;
2985 3888 3338 3969 πρεσϐύτερον
3386 3906 3527 3968 ergo
3586 3896 3758 3950 vocat

2101 3997 2238 4040 eum
2277 3977 2376 4058 qui
2407 3985 2580 4038 aetate
2601 3995 2781 4040 senex
2806 3985 2913 4039 est.
2943 4002 2970 4032 α
2999 3981 3115 4041 Eos
3135 3977 3235 4058 qui
3258 3985 3527 4056 peccant,
3552 3995 3753 4039 coram

2100 4067 2379 4129 omnibus
2407 4085 2610 4146 argue.
2639 4092 2667 4124 ι)
2695 4066 2926 4143 Quaere,
2959 4065 3174 4147 inquit,
3208 4064 3560 4146 diligenter:
3591 4083 3756 4128 cum-

2101 4175 2216 4238 que
2246 4157 2567 4236 inveneris,
2595 4175 2730 4217 cum
2754 4155 3132 4218 vehementia
3153 4154 3488 4236 objurgato.
3528 4152 3751 4218 Namid

2101 4246 2398 4324 significat
2418 4246 2634 4326 ἔλεγχε.
2656 4247 2866 4308 Coram
2893 4243 3173 4306 omnibus
3197 4251 3418 4322 autem,
3453 4252 3517 4307 ut
3543 4253 3601 4309 el
3631 4263 3750 4307 cae-

2103 4339 2210 4396 teri
2242 4335 2316 4396 ad
2346 4335 2694 4396 modestiam
2726 4343 3099 4398 revocentur.
3125 4333 3250 4397 Hoc
3271 4333 3412 4398 fecit
3434 4336 3592 4398 Deus
3613 4343 3672 4397 et
3692 4335 3755 4397 in

370 4451 482 4505 σορ.
563 4452 588 4481 ιι
642 4427 1069 4506 Διαμαρτύρομαι
1125 4427 1349 4486 ἐνώπιον
1419 4436 1511 4486 τοῦ
1569 4435 1722 4489 Θεοῦ.
1777 4452 1804 4483 ι
1872 4419 2018 4502 “Opi

2104 4424 2412 4487 Pharaone
2434 4425 2496 4475 Β
2525 4433 2582 4485 et
2614 4425 2673 4486 in
2705 4424 3258 4487 Nabuchodonosor
3286 4425 3369 4487 45.
3405 4445 3434 4486 ‹
3468 4422 3750 4488 Obtestor

371 4516 718 4598 σφοδρότητα.
779 4521 852 4576 Ού
906 4517 1004 4594 γὰρ
1059 4515 1242 4585 ἐπειδὴ
1300 4520 1551 4594 Τιμόθεος
1609 4518 1698 4592 ἧν,
1731 4532 2018 4598 παραιτεῖ-

366 4630 476 4675 ται,
531 4605 666 4662 ἄλλα
720 4604 1146 4684 διαμαρτύρεται,
1207 4608 1269 4664 τὸ
1325 4609 1512 4664 ἑαυτοῦ
1569 4605 2013 4686 ἀσφαλιζόμενος,

361 4697 497 4753 εἴτι
536 4699 644 4752 τῶν
714 4695 792 4770 μὴ
849 4693 1075 4752 δέοντων
1129 4696 1375 4774 γένηται,
1436 4697 1495 4756 Τί
1551 4695 1748 4766 δήποτε
1799 4694 1854 4752 δὲ
1926 4699 2016 4754 τὸν

359 4785 574 4865 Πατέρα
631 4787 716 4842 καὶ
759 4787 850 4841 τὸν
913 4786 1033 4841 Υἱὸν
1105 4783 1337 4849 καλέσας
1382 4808 1670 4866 μαρτυρας,
1745 4788 1834 4842 καὶ
1891 4787 2012 4852 τοὺς

356 4875 620 4956 ἀγγέλους
652 4873 1050 4955 συγκέκλησεν,
1103 4866 1232 4933 “Ott
1262 4877 1350 4931 καὶ
1408 4877 1554 4933 αὐτοὶ
1623 4881 1722 4943 τῆς
1793 4876 2014 4954 κρίσεως

356 4964 679 5045 γινομένης,
758 4966 894 5039 μετὰ
951 4971 1043 5020 τοῦ
1131 4965 1322 5022 οἰκείου
1423 4965 1691 5021 Δεσπότου
1761 4965 2014 5044 παρεῖναι

357 5043 614 5131 μέλλουσι
657 5055 745 5108 καὶ
802 5067 1086 5133 μαρτυρεῖν
1127 5060 1204 5127 τῷ
1247 5052 1411 5132 λόγῳ.
1481 5043 1646 5117 HEtim;
1691 5051 1745 5109 δέ
1774 5043 1900 5110 ἐστι·
1929 5055 2017 5108 καὶ

353 5149 520 5223 ἡμῖν,
578 5143 665 5198 καὶ
733 5143 1066 5222 ὑπερέχοντα
1138 5144 1226 5198 καὶ
1301 5142 1555 5200 ἐλάττονα
1624 5142 1886 5220 πρόσωπα
1943 5145 2016 5206 εἰς

359 5233 648 5312 μαρτυρὶαν
718 5229 1026 5306 λαμϐάνειν.
1090 5233 1188 5289 Καὶ
1231 5234 1260 5289 6
1319 5229 1532 5312 Ἰακὼϐ,
1602 5233 1691 5288 καὶ
1738 5233 1828 5289 τὸν
1889 5233 2019 5290 Θεὸν

355 5327 450 5380 καὶ
506 5324 688 5398 flos-46v
788 5322 1026 5401 μάρτυρα
1113 5320 1537 5400 παραλαμϐάνει.
1634 5338 1664 5380 (
1724 5321 1822 5378 Καὶ
1911 5327 2018 5377 τῶν

355 5410 624 5470 ἐκλεκτῶν
680 5409 948 5490 ἀγγέλων,
1011 5433 1039 5464 ι
1102 5409 1403 5468 Ἐκλεκτῶν
1458 5409 1514 5466 δὲ
1568 5407 1809 5487 ἀγγέλων
1864 5410 2014 5490 εἷπε,

352 5502 489 5558 διότι
523 5501 743 5580 ἄγγελοι
801 5502 889 5556 καὶ
945 5503 994 5556 οἱ
1075 5496 1342 5576 δαίμονες,
1403 5497 1522 5556 ἀλλ’
1583 5497 1903 5565 ἀπόϐλητοι,
1938 5533 2014 5544 -

431 5682 486 5730 4¹
520 5681 691 5744 Joan.
733 5697 795 5760 x,
839 5679 927 5741 lt.

1021 5677 1079 5728 ,ε
1113 5677 1297 5740 ΕΜ,άο
1334 5693 1454 5749 κν,
1500 5685 1519 5735 ι
1575 5695 1743 5757 seqq,
1833 5677 1894 5726 45
1924 5675 2072 5739 Dan.
2109 5693 2187 5750 ιν,
2226 5675 2247 5739 1
2285 5693 2455 5758 seqq.

2103 4513 2163 4575 in
2194 4523 2517 4596 conspectu
2551 4517 2678 4578 Dei.
2710 4539 2733 4574 υ
2771 4514 3035 4578 Adverte
3055 4513 3518 4578 vehementiam.
3543 4515 3750 4593 Neque

2102 4605 2260 4665 enim
2295 4623 2365 4665 eo
2396 4604 2553 4685 quod
2602 4603 2952 4667 Timotheus
3014 4613 3210 4666 tantus
3264 4612 3443 4678 esset,
3501 4602 3751 4683 supplex

2102 4693 2270 4773 petit,
2293 4693 2396 4755 sed
2413 4693 2758 4774 obtestatur,
2777 4712 2914 4755 suas
2949 4700 3146 4774 partes
3168 4691 3500 4772 stabiliens,
3527 4695 3574 4752 si
3608 4690 3750 4771 quid

2101 4783 2197 4844 ﬁat
2227 4800 2431 4842 eorum
2461 4801 2593 4862 qua:
2622 4800 2741 4843 non
2769 4788 3028 4862 oportet.
3068 4783 3266 4852 Quare
3296 4786 3496 4841 autem
3533 4777 3755 4842 vocatis

2103 4874 2270 4931 Patre
2297 4879 2354 4931 et
2375 4870 2523 4934 Filio
2547 4871 2608 4932 in
2650 4878 2851 4943 testes,
2902 4869 3080 4931 etiam
3109 4869 3352 4946 angelos
3375 4867 3551 4930 simul
3581 4886 3752 4930 voca-

2098 4959 2176 5020 vit
2200 4968 2226 5023 ?
2249 4959 2397 5032 Quia
2419 4959 2558 5024 ethi
2588 4979 2705 5022 una
2742 4979 2877 5021 cum
2911 4978 3016 5020 suo
3052 4959 3307 5020 Domino
3337 4957 3402 5019 in
3422 4957 3617 5023 futuro
3641 4957 3750 5038 ju-

2099 5049 2256 5112 dicio
2276 5049 2551 5122 aderunt,
2584 5057 2643 5110 et
2669 5048 2934 5112 sermoni
2963 5047 3422 5111 atteslabuntur.
3457 5047 3640 5111 Moris
3661 5055 3752 5109 est

2101 5149 2295 5201 autem
2328 5137 2503 5201 etiam
2539 5137 2711 5200 nobis
2740 5145 2797 5200 et
2825 5137 3160 5200 eminentes
3189 5135 3587 5220 etinferiores
3618 5155 3758 5218 per-

2102 5247 2278 5290 sonas
2307 5229 2368 5290 in
2401 5236 2580 5291 testes
2633 5245 2892 5290 sumere.
2952 5227 3145 5309 Atque
3193 5226 3306 5290 hoc
3359 5226 3536 5288 modo
3563 5225 3748 5290 Jacob

2101 5327 2160 5380 et
2190 5321 2379 5382 Deum
2411 5331 2472 5380 et
2505 5315 2794 5379 tumulum
2851 5315 2975 5380 sive
3031 5334 3311 5378 acervum
3365 5314 3630 5396 lapidum
3687 5315 3751 5377 in

2102 5415 2315 5470 testem
2347 5406 2598 5469 assumit
2624 5406 2709 5470 44.
2750 5431 2777 5462 α
2829 5405 2899 5469 Ει
2948 5406 3276 5470 electorum
3306 5405 3678 5486 angelorum.
3720 5429 3745 5463 ι

2100 5497 2257 5560 Dixit
2282 5504 2480 5559 autem
2503 5496 2727 5558 electos
2749 5497 3018 5580 angelos,
3036 5494 3179 5576 quia
3192 5495 3494 5559 daemones
3513 5512 3754 5576 quoque

2541 5675 2603 5726 44
2632 5675 2785 5739 Gen.
2820 5690 2982 5752 xxxx,
3017 5675 3094 5741 46
3125 5693 3294 5757 seqq.
