4132 6456
366 341 481 408 187
1474 350 1886 415 (ECUMENII
1932 349 2229 416 TRICCIE
2266 353 2602 419 EPISGOPI
3626 362 3739 426 188

362 479 467 555 sis,
520 490 898 563 contemptus
948 484 1323 545 occasionem
1380 503 1629 547 sumas:
1663 486 1765 548 sed
1820 485 2009 567 potius

2098 508 2203 566 σοι,
2277 489 2430 567 φησὶ,
2491 492 2953 569 καταφρονήσεως,
3027 491 3145 548 ἀλλ’
3222 494 3603 571 ἐνθυμούμενον
3658 496 3740 553 ὅτι

361 568 540 630 alacri
596 569 819 645 animo,
878 572 1034 652 quod
1085 572 1296 635 ﬁdeles
1345 575 1462 635 sint
1526 581 1765 656 lieoque
1804 575 2005 636 dilecti

2097 577 2267 631 πιστοί
2323 576 2421 632 εἶσι
2480 579 2569 633 καὶ
2626 578 2892 655 ἀγαπητοὶ
2939 588 3070 637 Θε>ὗ
3114 586 3162 638 οἱ
3204 581 3478 665 δεσπόται,
3539 584 3741 665 μαλλον

359 656 609 733 domini,
646 659 830 739 magis
881 661 1190 737 inservias,
1226 663 1425 724 timori
1449 654 1781 743 adjungens
1829 665 2008 727 etiam

2097 661 2320 728 δούλευε,
2398 665 2585 742 μιγνὺς
2790 665 2936 748 φόϐυρ
2990 670 3078 726 καὶ
3124 671 3224 738 τὴν
3280 654 3549 750 ἀγάπην..
3592 654 3742 733 (ὅσον

362 744 1065 821 dilectionem.Quanlum
1100 751 1258 813 enim
1291 751 1650 814 beneﬁcium
1674 753 2009 832 recipitisin

2097 752 2192 830 γὰρ
2263 753 2615 832 εὐηργέτησθε
2671 744 2927 836 ἀδελφοὺς
2984 756 3204 839 ἔχοντες
3261 744 3383 826 τούς
3456 761 3738 839 δεσπότας,

362 833 475 896 hoc
505 854 738 917 quoque
786 838 1058 901 dominos
1108 840 1372 903 habeatis
1421 841 1651 918 fratres,
1692 851 1916 905 tantum
1953 849 2013 905 et

359 938 465 984 vos
490 925 639 1004 grati
676 926 829 1001 sitis,
863 927 1050 1007 magis
1098 928 1500 991 inserviendo.
1544 931 1661 993 Aut
1709 933 1846 1013 quia
1884 931 2011 995 vice

361 1029 532 1074 versa
566 1013 925 1079 beneﬁcium
955 1037 988 1079 a
1010 1017 1269 1082 dominis
1291 1019 1587 1097 recipiunt
1608 1019 1747 1082 dum
1766 1022 2010 1084 aluntur

359 1118 428 1162 ac
458 1104 811 1193 vestiuntur.
862 1132 889 1164 α
937 1108 1057 1171 Sed
1120 1108 1305 1188 magis
1334 1109 1696 1173 inserviant:
1728 1136 1750 1169 ι
1793 1129 2006 1193 nempe

359 1191 538 1279 servi.
563 1193 704 1255 245
727 1198 838 1257 Per
864 1196 1230 1278 hyperbaton
1272 1202 1430 1260 enim
1484 1201 1741 1279 ponitur.
1777 1199 1841 1261 lu
1876 1191 2007 1263 me-

363 1277 462 1340 dio
497 1291 693 1345 autem
726 1277 980 1363 locetur,
1014 1285 1182 1359 Quod
1214 1287 1425 1349 ﬁdeles
1454 1277 1574 1348 sint
1602 1307 1668 1350 ac
1692 1289 1917 1364 dilecti,
1953 1299 2012 1354 et

360 1368 835 1460 subaudiendum
896 1384 1007 1451 est,
1069 1377 1320 1439 domini.
1374 1386 1491 1439 .\ut
1544 1377 1899 1460 simpliciter
1947 1381 2011 1442 ut

362 1456 540 1551 habet
569 1461 1018 1551 intelligendum
1051 1456 2004 1551 estzQuibeneﬁcium—recipiunt,

360 1546 476 1608 hoc
506 1559 595 1612 est
625 1550 875 1633 domini,
928 1573 1131 1616 curam
1172 1556 1425 1617 habeant
1470 1564 1535 1618 ut
1590 1556 1766 1618 etiam
1816 1546 2010 1620 servis

360 1634 759 1715 benefaeiant.
798 1663 822 1699 ι
859 1642 995 1704 Haec
1012 1643 1161 1706 doce
1191 1652 1249 1705 et
1277 1645 1615 1707 exhortare.
1657 1670 1680 1705 ο
1719 1647 1848 1709 Non
1865 1665 2009 1710 sane

359 1730 706 1791 auctoritate
735 1731 839 1792 sed
873 1732 1116 1795 lenitate
1142 1734 1367 1813 indiget
1400 1743 1755 1816 praeceptor.

960 1826 1200 1890 CAPUT
1243 1826 1394 1891 XVI.

518 1915 813 1980 Aduersus
841 1938 1084 1996 avaras,
1122 1928 1183 1984 et
1209 1922 1402 2002 falsos
1427 1930 1848 2003 praeceptores.

437 2005 561 2090 νη,
586 2010 689 2073 3-8
720 2010 789 2076 Si
800 2014 941 2093 quis
960 2015 1261 2077 diversam
1279 2021 1564 2095 sequitur
1584 2016 2014 2092 doctrinam,et

2090 847 2338 929 τοσοῦτον
2381 842 2483 929 καὶΔ
2522 844 2677 919 ὑμεῖς
2732 846 3034 925 εὐχάριστοι
3085 848 3287 925 γίνεσθε
3350 851 3404 907 ἐν
3432 858 3509 927 τῷ
3538 851 3742 929 μᾶλλον

2089 927 2395 1019 δουλεύειν.-
2458 913 2514 988 Ἦ
2555 913 2664 989 ’ὅτι
2721 913 3244 1014 ἀντευιεργετοόμενοι
3302 940 3446 1019 παρὰ
3481 913 3605 997 ’τέὺν
3659 938 3741 998 δε-

2087 1023 2321 1099 σποτῶν,
2376 1016 2461 1075 διὰ
2507 1027 2601 1076 τοῦ
2657 1020 2931 1101 τρέγεσθαι
2981 1025 3071 1081 καὶ
3111 1016 3395 1089 ἐνδύεσθαι,
3476 1050 3505 1083 ι
3575 1027 3743 1087 Ἀλλὰ

2089 1104 2292 1181 μᾶλλον
2337 1105 2722 1166 δουλευέτωσαν
2756 1127 2772 1143 ⁸
2827 1132 2852 1168 ο
2928 1110 3197 1169 τουτέστιν
3244 1117 3292 1170 οἱ
3348 1112 3548 1180 δοῦλοι.
3613 1116 3742 1175 Καθ’

2089 1192 2379 1274 ὑπερϐατὸν
2407 1196 2507 1276 γὰρ
2536 1210 2737 1255 κεῖται.
2797 1199 2896 1257 Διὰ
2951 1200 3118 1276 μέσου
3169 1200 3250 1277 δὲ,
3305 1225 3335 1258 α
3415 1213 3509 1263 Οτι
3566 1208 3746 1263 πιστοί

2093 1285 2191 1341 εἶσι
2232 1286 2321 1373 καὶ
2348 1285 2638 1365 ἀγαπητοὶ,
2680 1310 2704 1342 υ
2740 1289 2828 1345 καὶ
2876 1292 3395 1373 προσυπακουστέον,
3452 1297 3498 1351 οἱ
3548 1293 3745 1352 δεσπό-

2092 1395 2203 1432 ται.
2241 1352 2302 1432 ’ὴ
2333 1372 2538 1451 ἁπλῶς,
2570 1375 2750 1456 ὥσπερ
2792 1390 2995 1454 κεῖται,
3054 1379 3273 1447 νοητέον
3331 1352 3416 1456 td,
3469 1402 3501 1443 (
3545 1387 3605 1442 Οἱ
3646 1388 3745 1452 τῆς

2093 1460 2388 1541 εὐεργεσίας
2431 1461 2968 1549 ἀντιλαμϐανόμενοι,
3003 1490 3027 1525 υ
3071 1468 3366 1545 τουτέστιν,
3406 1473 3454 1529 οἱ
3495 1469 3745 1530 δεσπόται

2094 1554 2141 1609 οἱ
2169 1554 2527 1635 φροντίζοντες
2570 1563 2662 1614 τοῦ
2717 1557 3013 1638 εὐεργετεῖν
3068 1560 3188 1625 τοὺς
3220 1559 3459 1627 δούλους.
3510 1584 3540 1619 α
3572 1563 3746 1622 Ταῦτα

2094 1640 2301 1700 δίδασκε
2358 1645 2446 1700 καὶ
2502 1643 2821 1726 παρακάλει.
2884 1670 2907 1707 ι
2972 1647 3080 1706 Οὐκ
3136 1646 3235 1728 ἄρα
3288 1650 3579 1725 αὐθεντίας,
3610 1649 3747 1710 ἀλλὰ

2095 1733 2412 1811 προσηνείας
2442 1735 2633 1815 χρῄζει
2664 1737 2692 1792 ὁ
2723 1734 3058 1801 διδάσκαλος.

2707 1836 2957 1890 arma.
3015 1821 3140 1906 ις’.

2261 1945 2289 1977 α
2328 1922 2473 1980 Κατὰ
2501 1920 2848 2003 φιλοκερδῶν,
2879 1925 2968 1981 καὶ
2997 1924 3509 2002 ψευδοδιδασκάλων,
3547 1952 3575 1984 3

2183 2032 2210 2065 ι
2258 2010 2326 2068 Εἴ
2394 2032 2477 2099 τις
2535 2010 3013 2092 ἑτεροδιδασκαλεῖ,
3085 2016 3175 2072 καὶ
3242 2015 3320 2091 μὴ
3392 2017 3743 2099 προσέρχεται

352 2114 480 2159 non
502 2101 737 2163 accedit
758 2106 925 2164 sanis
943 2106 1324 2166 sermonibus
1354 2106 1603 2168 Domini
1641 2108 1833 2169 nostri
1874 2106 2009 2169 Iesu

2097 2098 2379 2178 ὑγιαίνουσι
2444 2098 2628 2178 λόγοις
2692 2114 2809 2167 τοῖς
2903 2112 2996 2163 τοῦ
3078 2104 3265 2184 Κυρίου
3341 2107 3498 2182 ἡμῶν
3572 2098 3748 2176 Ἰησοῦ

358 2189 681 2278 Christi,“
712 2194 769 2253 ei
782 2210 917 2272 qua:
936 2195 1263 2256 secundum
1282 2196 1572 2275 pietatem
1589 2205 1672 2257 est
1687 2192 2009 2275 doctrinae,

2097 2195 2344 2268 Χριστοῦ,
2458 2191 2545 2246 καὶ
2653 2196 2723 2268 τῇ
2820 2190 2940 2248 κατ’
3043 2191 3310 2251 εὐσέϐειαν
3413 2193 3741 2278 διδασκαλίᾳ,

355 2277 411 2336 is
428 2279 678 2344 inﬂatus
700 2282 978 2355 est,nihil
999 2285 1329 2360 sciens,sed
1352 2285 1649 2363 languens
1661 2287 1826 2347 circa
1840 2304 2009 2366 quae-

2097 2278 2384 2358 τετύφωται
2508 2277 2674 2355 μηδὲν
2796 2279 3169 2363 ἐπιστάμενος,
3314 2283 3453 2341 ἀλλὰ
3576 2277 3745 2344 νοσῶν

355 2370 580 2428 stiones
595 2385 667 2430 ac
686 2369 1005 2433 verborum
1022 2391 1375 2453 pugnas,ex
1395 2373 1610 2452 quibus
1626 2376 1899 2435 nascitur
1909 2381 2009 2437 fn-

2097 2368 2210 2447 περὶ
2304 2369 2556 2439 ζητήσεις
2648 2370 2735 2426 καὶ
2816 2368 3175 2451 λογομαχίας,
3273 2370 3324 2439 ἐξ
3401 2376 3476 2431 ὧν
3545 2374 3744 2454 γίνεται

354 2454 1678 2543 υἱιῑίαβοηῖεηῑὶο,ὺιαερΙιετηἰω.8ιι.ςριί’ἱοηεε
1697 2465 2011 2529 matwsu-
2096 2457 2282 2543 φθόνος
2393 2456 2520 2538 ἔρις,
2648 2456 3003 2539 βλασφημίαι,
3128 2460 3368 2518 ὑπόνοιαι
3490 2470 3740 2543 πονηραὶ,

352 2561 741 2624 ρρνυασαηεοε
752 2548 1223 2630 conﬂictahones
1237 2542 1548 2613 hominum
1562 2560 1762 2615 mente
1773 2570 2009 2634 corrup-

2097 2542 2492 2625 διαπαρατριϐαὶ
2576 2544 2962 2627 διεφθαρμένων
3043 2548 3330 2627 ἀνθρώπων
3412 2552 3503 2608 τὸν
3599 2542 3739 2629 νοῦν,

358 2638 645 2706 torum,et
656 2636 1160 2718 qnibumrlempla
1174 2646 1263 2702 est
1277 2642 1640 2719 verilas,qui
1656 2659 1723 2703 ea
1740 2643 2009 2707 istimant

2097 2635 2181 2690 καὶ
2282 2634 2725 2716 ἀπεστερημένων
2828 2641 2927 2704 τῆς
3038 2636 3313 2719 ἀληθείας,
3424 2641 3742 2717 νομιζόντων

357 2730 652 2815 qumstum
676 2743 802 2787 esse
813 2732 1100 2806 pietatem
1151 2727 1489 2809 Sejungere
1508 2730 1583 2791 ab
1614 2732 1690 2791 iis
1714 2741 1820 2811 qui?
1845 2735 2009 2811 ejus-

2097 2725 2353 2802 πορισμὸν
2452 2725 2594 2783 εἶναι
2633 2726 2778 2815 ’.τὴν
2860 2724 3149 2789 εὐσέϐειαν.
3263 2726 3551 2808 Ἀφίστασο
3636 2730 3741 2787 ἀπὸ

358 2813 529 2873 modi
547 2815 831 2887 sunt.Est
852 2822 1055 2879 autem
1081 2825 1344 2896 quaestus
1370 2836 1632 2897 magnus
1648 2826 1846 2899 pietas
1873 2840 2009 2884 cum

2097 2818 2197 2868 τῶν
2276 2813 2547 2872 τοιούτων.
2638 2812 2777 2872 Ἐστι
2844 2812 2900 2870 δὲ
2955 2818 3215 2895 πορισμὸς
3271 2816 3438 2895 μέγας
3492 2819 3528 2887 ἡ
3587 2817 3741 2877 εὐσέ-

358 2901 566 2962 animo
586 2920 699 2964 sua
715 2913 874 2968 sorte
893 2912 1191 2969 contento.
1217 2906 1392 2968 Nihil
1415 2910 1579 2969 enim
1601 2912 1925 2972 intulimus
1947 2912 2009 2973 in

2097 2900 2209 2958 ϐεια
2305 2902 2440 2978 μετὰ
2526 2903 2835 2980 αὐταρκείας
2934 2902 3095 2961 Οὐδὲν
3172 2906 3271 2984 γὰρ
3360 2906 3743 2986 εἰσηνέγκαμεν

352 2987 519 3052 hunc
571 2993 888 3069 mundum,
948 2994 1226 3058 videlicet
1281 3014 1387 3058 nec
1443 2996 1655 3076 efferre
1680 2999 2009 3078 quidquam

2097 2993 2164 3056 εἰς
2207 2994 2299 3049 τὸν
2327 2992 2553 3068 κόσμον,
2586 2991 2842 3060 δηλονότι,
2863 2992 2978 3051 οὐδὲ
3024 2991 3317 3073 ἐξενεγκεῖν
3371 3017 3422 3051 τι
3451 2993 3737 3072 δυνάμεθα.

358 3096 677 3188 possumus
713 3102 726 3141 :
763 3083 866 3144 sed
882 3084 1163 3184 habentes
1194 3084 1484 3147 alimenta
1515 3093 1572 3148 et
1601 3087 1820 3164 quibus
1842 3096 2003 3170 tega-
2026 3137 2066 3188 ο

360 3184 526 3240 mur,
559 3169 651 3232 his
681 3173 946 3235 contenti
978 3176 1233 3235 erimus.

443 3282 469 3313 α
504 3257 808 3322 Diversam
828 3262 1096 3343 sequitur
1112 3262 1481 3326 doctrinam:
1513 3285 1538 3323 3
1576 3264 1687 3325 hoc
1711 3265 2008 3344 est,aliam

355 3345 428 3408 ab
460 3366 528 3410 ea
558 3368 689 3429 qum
716 3359 881 3413 recta
910 3360 1019 3411 Bri.
1058 3378 1084 3407 (ι
1122 3354 1193 3414 Et
1223 3352 1277 3414 ei
1309 3371 1441 3433 qua;
1468 3354 1797 3415 secundum
1831 3355 2011 3433 pieta—

356 3443 475 3497 tem
491 3438 947 3501 estdoctrinaa.»
970 3440 1137 3512 Quod
1165 3441 1314 3502 dixit
1349 3463 1360 3499 :
1393 3441 1568 3503 Sanis
1599 3443 2008 3521 sermonibus,

355 3527 469 3587 hoc
522 3546 679 3589 nunc
727 3539 895 3591 vovat
949 3531 1282 3592 doctrinam
1329 3532 1658 3595 secundum
1704 3532 2005 3613 pietatem,

360 3614 695 3677 doctrinam
748 3619 1024 3683 videlicet
1082 3620 1243 3682 ﬁdei.
1307 3645 1329 3676 ι
1394 3622 1633 3682 lnﬁatus
1691 3630 1801 3702 est,
1862 3623 2011 3685 nihil

355 3704 577 3765 sciens.
614 3732 638 3760 η
663 3706 807 3768 Nam
835 3709 933 3791 qui
957 3728 1025 3770 ca
1050 3728 1164 3770 non
1204 3710 1367 3771 novit
1402 3729 1535 3790 quae
1565 3711 1720 3771 scire
1753 3720 2008 3791 oportet,

358 3792 408 3854 is
442 3794 588 3857 nihil
621 3798 753 3857 scit.
783 3796 891 3869 Qui
922 3817 1061 3860 vero
1094 3818 1162 3860 ea
1190 3817 1320 3879 qua;
1348 3817 1490 3860 sana
1513 3808 1651 3860 sunt
1674 3819 1789 3861 non
1825 3801 2007 3862 novit.

355 3884 406 3943 is
437 3902 579 3946 sane
608 3886 972 3949 dzemoniaca
1005 3888 1188 3949 novit.
1228 3890 1411 3951 Porro
1446 3886 1629 3949 fastus
1678 3907 1775 3950 res
1821 3890 2011 3952 amita

357 3983 444 4033 est
475 3993 541 4034 ac
576 3976 816 4055 propria
850 3976 1242 4040 daemonibus.
1285 4003 1306 4032 α
1351 3977 1521 4040 Circa
1555 3979 1911 4058 quaastiones
1940 3998 2009 4042 ac

2110 3089 2347 3161 Εχοντες
2378 3080 2432 3138 δὲ
2461 3078 2739 3162 διατροφὰς
2771 3082 2857 3138 καὶ
2899 3082 3273 3164 σκεπάσματα,
3313 3083 3517 3149 τούτοις
3545 3084 3742 3165 ἀρκεσ-

2091 3173 2381 3247 θησόμεθα.

2177 3284 2206 3316 α
2283 3253 2798 3342 (Ετεροδιδασκαλεῖ,
2862 3283 2887 3316 3
2944 3261 3235 3334 τουτέστιν,
3288 3261 3440 3341 ἕτερα
3494 3263 3639 3341 παρὰ
3678 3263 3743 3319 τὰ

2091 3350 2216 3430 ῥρθὰ
2257 3348 2508 3411 διδάσκει.
2551 3374 2578 3405 ε
2629 3351 2727 3408 Καὶ
2779 3356 2848 3426 τῇ
2900 3349 3021 3407 κατ’
3051 3348 3316 3407 εὐσέϐειαν
3345 3349 3672 3424 διδασκαλίᾳ,
3709 3373 3739 3408 3

2091 3423 2154 3496 ni)
2196 3440 2374 3510 εἶπεν,
2414 3463 2441 3496 ιι
2480 3431 2797 3519 Ὑγιαίνουσι
2823 3423 3056 3518 τλόγοις,
3094 3462 3119 3497 ο
3180 3440 3335 3497 τοῦτό
3391 3462 3545 3521 φησι,
3581 3423 3745 3504 »Καὶ

2093 3534 2161 3604 τῇ
2192 3525 2313 3585 κατ’
2344 3528 2610 3587 εὐσέϐειαν
2638 3524 2963 3600 διδασκαλίᾳ,
3003 3551 3031 3583 3
3066 3528 3133 3594 τῆ
3161 3533 3261 3594 τῆς
3290 3527 3518 3595 πίστεῶς
3545 3527 3743 3597 δηλον-

2094 3616 2194 3673 ότι.
2237 3635 2267 3675 (
2318 3618 2621 3698 Τετύφωται
2664 3612 2832 3692 μηδὲν
2888 3615 3260 3691 ἐπιστάμενος,
3293 3640 3339 3698 73
3404 3607 3461 3675 Ὀ
3501 3619 3602 3697 γὰρ
3660 3618 3737 3693 μὴ

2094 3703 2242 3769 εἰδὼς
2273 3707 2307 3763 ἃ
2336 3705 2419 3765 δεῖ
2461 3697 2679 3779 εἰδέναε,
2739 3702 2885 3762 οὐδὲν
2942 3704 3239 3766 ἐπίσταται.
3290 3697 3348 3764 Ὀ
3401 3702 3456 3761 δὲ
3497 3707 3565 3762 τὰ
3619 3707 3744 3785 ὑγιῆ

2094 3795 2172 3869 μὴ
2203 3794 2578 3872 ἐπιστάμενος,
2640 3793 2887 3862 δηλονότι
2944 3794 3011 3850 τὰ
3064 3791 3388 3867 δαιμονιώδη
3445 3792 3741 3853 ἐπίσταται.

2093 3882 2252 3940 Φίλον
2322 3883 2377 3941 δὲ
2428 3898 2545 3948 τοῖς
2604 3882 2814 3959 δαίμοσι
2859 3883 2945 3939 καὶ
2989 3883 3188 3940 οἰκεῖον
3230 3885 3258 3940 ὁ
3314 3892 3495 3963 τῦφος.
3547 3906 3575 3938 α
3622 3884 3746 3963 Περὶ

2091 3975 2342 4044 ζητήσεις
2374 3976 2461 4031 καὶ
2502 3975 2863 4054 λογομαχίας.
2913 3995 2941 4027 ι
2992 3972 3117 4030 Ἐἆν
3172 3973 3272 4052 γὰρ
3330 3972 3408 4049 μὴ
3463 3973 3743 4050 πιστεύῃς,

354 4061 815 4142 disputationem
852 4084 1095 4146 pugnas.
1133 4094 1155 4120 υ
1195 4066 1256 4129 Si
1280 4066 1441 4128 enim
1476 4085 1593 4127 non
1626 4068 1861 4133 credas.
1899 4068 2005 4129 sed

2097 4070 2274 4133 ζητεῖς
2306 4063 2385 4134 δὲ,
2419 4064 2624 4143 ἀνάγκη
2680 4060 3019 4142 λογομαχίας
3074 4061 3217 4118 εἶναι
3272 4062 3360 4118 καὶ
3398 4063 3609 4127 στάσεις
3652 4060 3751 4119 λο-

357 4150 889 4231 inquiris,nccesse
921 4164 1012 4217 est
1043 4155 1354 4217 verborum
1388 4173 1616 4236 pugnas
1647 4175 1779 4217 esse
1801 4158 2001 4218 acdis-

2097 4160 2320 4230 γισμῶν.
2393 4152 2611 4221 Ἐπειδὴ
2671 4155 2772 4232 γὰρ
2830 4154 2859 4208 ὁ
2902 4151 3311 4230 Χριστιανισμὸς
3360 4151 3425 4206 τὰ
3480 4149 3745 4226 μέλλοντα

356 4243 660 4305 sentiones
689 4245 1322 4326 rationumﬁiqnidem
1355 4245 1491 4324 quia
1514 4243 1999 4308 Cliristianismus

2097 4243 2491 4322 ξπαγγέλλεται,
2539 4245 2634 4300 οὐκ
2697 4241 2811 4299 ἔστι
2861 4238 2916 4297 δὲ
2970 4249 3138 4298 ταῦτα
3184 4238 3485 4320 ὀφθαλμοῖς
3542 4238 3745 4298 ἐπιδεῖ-

358 4329 549 4392 futura
606 4332 915 4413 promittit.
982 4336 1119 4393 2'46
1172 4354 1304 4413 quae
1361 4333 1548 4394 oculis
1602 4334 1999 4398 demonstrari

2097 4337 2185 4407 ξαι,
2258 4334 2466 4413 ἀνάγκη
2526 4334 2754 4398 πίστεως
2797 4330 2979 4411 χρεία.
3046 4338 3156 4409 Ορα
3200 4328 3278 4404 δὲ,
3328 4327 3409 4385 ὅτι
3461 4330 3520 4385 τὸ
3561 4337 3748 4401 ζητεῖν

359 4423 1039 4501 nequeunt,necessaria
1057 4433 1145 4484 est
1160 4423 1663 4485 ﬁdes.(‘.onsidera
1680 4443 1816 4485 vero
1838 4425 1994 4505 quod

2090 4437 2269 4480 νοσεῖν
2319 4424 2452 4487 ἐστι,
2536 4447 2563 4477 α
2639 4421 3007 4502 Βλασφημίαι.
3088 4441 3110 4474 ι
3191 4416 3425 4497 Ἀνάγκη
3504 4420 3603 4498 γὰρ
3657 4421 3746 4476 τὸν

356 4512 693 4573 consultare
708 4525 764 4574 et
784 4511 1497 4593 inquirereestwgrutare.
1515 4540 1534 4563 «
1550 4512 1962 4591 Blasphemiae.
1978 4539 2000 4573 υ

2097 4510 2374 4590 λογισμοῖς
2449 4511 2794 4591 ἀνθρωπίνοις
2838 4512 2905 4567 τὰ
2972 4509 3107 4565 κατὰ
3179 4508 3307 4565 Θεὸν
3329 4586 3342 4593 _
3377 4506 3744 4582 ἐπιτρέποντα,

355 4598 613 4662 Necesse
636 4610 725 4663 est
753 4601 910 4662 enim
933 4620 1068 4665 eum
1095 4601 1192 4682 qui
1214 4599 1490 4663 humanis
1513 4601 1798 4681 permittit
1822 4602 2008 4663 ratio-

360 4689 534 4751 nibus
566 4690 787 4762 divina,
811 4698 869 4752 et
899 4691 1073 4753 etiam
1107 4691 1167 4751 in
1198 4690 1599 4769 blasphemias
1627 4689 1893 4752 incidere
1936 4710 2006 4754 ex

356 4781 802 4859 quiestionibus.
839 4805 859 4834 ιι
892 4779 1276 4860 Suspiciones
1305 4779 1509 4841 malae.
1540 4804 1566 4835 »
1605 4781 1726 4841 Hoc
1756 4790 1842 4840 est
1870 4782 2005 4861 opi—

358 4869 568 4931 niones
625 4878 684 4933 et
741 4869 1077 4932 adulterina
1127 4871 1421 4949 dogmata.
1464 4892 1489 4923 α
1537 4871 2009 4949 δυρθτνειοίιηθῖο

360 4957 856 5020 ronﬁictationes.
897 4984 921 5015 ι)
959 4958 1147 5022 Morbi
1186 4976 1618 5039 pravorumque
1669 4956 2007 5035 dogmatum

359 5047 695 5108 transfusio.
729 5049 990 5111 Sumitur
1017 5064 1215 5110 autem
1255 5047 1599 5127 metaphora
1628 5046 1686 5107 in
1719 5065 1859 5108 voce
1890 5047 2006 5105 δια-

359 5136 693 5217 παρατριϐαί,
726 5157 758 5197 a
784 5137 1077 5200 scabiosis
1107 5138 1317 5198 ovibus
1346 5154 1478 5216 quae
1522 5136 1830 5217 applicata;
1874 5138 1925 5198 al
1955 5136 2007 5198 is

359 5233 416 5284 et
441 5226 658 5286 attritas
689 5226 861 5286 etiam
885 5246 1061 5287 sanas
1085 5230 1289 5287 morbo
1309 5228 1582 5305 implent.
1605 5250 1627 5282 ιι
1652 5224 1758 5298 Qui
1798 5226 2006 5288 existi-

361 5321 522 5374 mant
550 5323 834 5393 quaestum
859 5334 992 5377 osse
1026 5317 1326 5396 pietatem.
1364 5341 1391 5371 »
1433 5314 1612 5376 Vides
1643 5314 1795 5395 quod
1831 5316 2008 5378 etiam

362 5422 571 5483 pugna:
602 5403 910 5465 verborum
934 5415 1102 5485 turpe
1126 5406 1354 5466 lucrum
1375 5403 1769 5485 pariunt?Nec
1795 5403 2006 5466 mirum

358 5491 459 5571 qui
505 5490 662 5552 enim
702 5492 898 5555 verbis
950 5493 1340 5567 contendunt,
1397 5495 1599 5572 plures
1651 5494 2007 5557 attrahenda

360 5579 704 5658 discipulos,
756 5600 822 5643 ex
864 5581 958 5643 his
999 5589 1288 5662 quaestum
1333 5583 1575 5655 faciunt,
1620 5582 1744 5643 sive
1775 5583 2008 5647 lucrum

360 5670 773 5751 pecuniarum.
809 5670 1062 5750 Finguut
1091 5671 1250 5732 enim
1285 5671 1557 5752 pietatem
1595 5681 1653 5732 ut
1685 5689 1788 5750 per
1822 5673 2007 5752 ipsam

2091 4586 2179 4657 mi
2208 4586 2557 4682 βλασφημεῖν
2609 4600 2670 4657 ἐκ
2729 4606 2834 4658 τῶν
2893 4600 3192 4671 ζητήσεων.
3246 4619 3268 4652 ε
3328 4586 3599 4654 εΥπόνοιαι
3653 4619 3749 4654 πο·

2090 4693 2265 4772 νηραί.
2307 4716 2334 4747 α
2381 4694 2537 4750 Οἴον⁶
2582 4689 2748 4765 δόξαι,
2811 4690 2901 4745 καὶ
2958 4686 3198 4767 δόγματα
3253 4685 3399 4759 νόθα,
3460 4709 3489 4741 α
3551 4697 3746 4742 Διαπαο

2089 4778 2345 4860 ρατριϐαί,
2398 4805 2423 4834 n
2458 4786 2569 4847 Τῆς
2599 4779 2753 4836 νόσου
2786 4782 2889 4833 τῶν
2945 4782 3123 4834 κακῶν
3168 4774 3449 4853 δογμάτων
3518 4772 3749 4850 μετάδο-

2090 4892 2196 4949 σις,
2242 4870 2347 4926 ἀπὸ
2405 4874 2706 4949 μεταφορᾶς
2764 4867 2869 4924 τῶν
2937 4863 3231 4943 ψωραλέων
3272 4860 3573 4943 προϐάτων,
3634 4870 3749 4919 Πα-

2091 4956 2443 5038 ρατριϐόμενα
2486 4959 2607 5036 γὰρ,
2659 4958 2814 5013 νόσου
2884 4952 3090 5034 πληροῖ
3148 4954 3236 5010 καὶ
3304 4954 3371 5009 τὰ
3423 4953 3745 5038 ὑγιαίνοντα.

2099 5073 2122 5107 (ι
2162 5035 2508 5127 ἰνίομιζόντων
2532 5050 2808 5128 πορασμὸν
2839 5047 2988 5104 εἶναι
3046 5045 3146 5113 τὴν
3188 5041 3477 5107 εὐσέϐειαν,
3527 5065 3556 5099 3
3595 5035 3748 5123 Ὀρᾷς

2091 5139 2172 5197 ὅτι
2203 5142 2291 5196 xui.
2323 5143 2374 5197 αἱ
2426 5138 2760 5219 λογομαχίαι
2810 5138 2899 5193 καὶ
2954 5130 3386 5214 αἰσχροκέρδειαν
3434 5134 3747 5214 τίκτουσιν;

2092 5228 2347 5294 Εἰκότως,
2409 5230 2467 5287 Ei
2536 5229 2637 5307 γὰρ
2693 5226 2933 5302 μαθητὰς
2988 5222 3236 5287 πλείονας
3311 5224 3361 5278 οἱ
3443 5219 3748 5302 λογομάχοι

2091 5318 2481 5397 ἐπισυρόμενοι,
2556 5316 2616 5373 ἐκ.
2685 5322 2883 5372 τοῦτων
2956 5311 3379 5393 χρηματίζονται
3460 5313 3748 5390 πορισμὸν,

2093 5411 2235 5487 οἷον,
2298 5408 2598 5487 χρημάτων
2682 5402 2866 5483 κέρδος
2954 5404 3341 5480 (ὑποκρίνονται
3423 5400 3523 5479 γάρ
3593 5400 3748 5457 εὐσέ-

2091 5485 2264 5570 ϐειαν,
2302 5485 2415 5552 -ῗήνα
2444 5494 2510 5552 δι’
2543 5496 2705 5561 αὐτῆς
2749 5491 3110 5573 ἐρανίζωνται)
3150 5506 3163 5521 ⁸
3208 5511 3232 5545 α
3295 5485 3582 5570 Ἀφίστασο
3640 5489 3749 5547 ἀπὸ

2092 5591 2200 5640 τῶν
2231 5586 2510 5644 τοιούτων.
2552 5607 2578 5639 3
2618 5583 2728 5638 uim
2770 5583 2919 5662 εἶπε,
2980 5577 3298 5655 Συμπλέκου
3340 5591 3456 5642 τοῖς
3485 5578 3748 5642 τοιούτοις

2093 5675 2181 5731 καὶ
2216 5674 2542 5755 ἂντιμάχου,
2587 5671 2706 5729 ἀλλ’
2767 5690 2798 5731 ε
2873 5668 3184 5750 Ἀφίστασο,
3225 5692 3247 5724 ι)
3300 5667 3435 5742 μετᾶ
3480 5668 3605 5742 μίαν
3662 5670 3751 5724 καὶ
