4132 6422
451 356 561 422 189

445 491 682 573 δευτέραν
778 495 1065 557 νουθεσίαν,

440 583 588 640 ἕνεκα
618 582 984 663 μαχομένους,
1018 581 1150 638 πότε
1179 579 1378 677 δυ’νήσῃ
1423 594 1608 638 πεῖσαι
1637 598 1654 656 ;
1715 578 2086 656 Ἀδιορθώτους

1427 359 1820 424 COMMENT.
1870 358 1951 420 IN
1998 355 2240 419 EPIST.
2288 357 2311 417 Ι
2357 354 2454 418 AD
2499 356 2822 418 TIMOTH.

1173 491 1502 571 Ἀνθρώπους
1598 492 1698 572 γὰρ
1795 490 2055 570 χρημάτω

2142 496 2518 567 .congerant.
2543 512 2563 542 ι
2599 486 2924 568 Sejungere
2954 487 3028 550 ab
3063 487 3136 550 iis
3164 489 3266 570 qui
3286 487 3580 570 ejusmodi
3616 502 3812 548 sunt.»

3707 351 3819 416 190

2169 581 2304 642 Non
2327 577 2814 659 dixitzlmplicare
2851 575 3065 640 talibus
3084 586 3140 640 et
3162 596 3194 640 e
3215 578 3448 642 diverso
3490 574 3815 655 contende,

432 674 604 728 τοίνυν
635 669 794 736 ὄντας
836 670 1113 750 ἐκτρέπου.
1156 693 1185 726 α
1219 665 1366 728 Ἐστι
1397 668 1451 726 δὲ
1507 669 1770 748 πορισμὸς
1824 667 2018 747 μέγας,
2052 688 2055 724 :

2169 667 2633 750 sed,Sejungere
2645 675 2902 749 postuna
2923 668 3300 730 metalteram
3314 665 3811 730 admonitionem.

429 763 490 819 Οἱ
546 760 643 836 μὲν
705 760 794 818 οὖν
863 759 917 816 ἐν
966 761 1141 836 τούτῷ
1193 759 1294 828 τὴν
1364 755 1630 816 εύσέϐειαν
1696 757 2055 838 ὑποκρίνονται

2169 755 2416 829 Quando
2446 757 2605 819 enim
2655 754 3016 838 persuadere
3055 755 3275 837 poteris
3323 755 3664 818 hominibus
3710 753 3812 834 qui

423 849 516 907 ’ίνα
575 851 840 932 πρόφασιν
895 857 1159 930 πορισμοῦ
1218 851 1307 908 καὶ
1348 847 1560 929 κέρδους
1613 845 1866 912 λάϐωσιν.

1959 856 2084 905 Εστι

2169 845 2438 926 pecunia
2465 845 2648 926 gratia
2681 843 2974 924 pugnant?
3003 843 3148 908 Cum
3175 845 3356 925 igitur
3375 842 3812 922 incorrigibiles

424 937 478 996 δὲ
507 938 702 1008 ἀληθὲς
746 939 950 1020 κέρδος,
993 940 1127 1008 αὐτῆ
1184 938 1298 998 καθ’
1360 939 1554 1006 ἑαυτὴν
1607 939 1643 1006 ἡ
1687 933 1945 1011 εὐσέϐεια,
1997 959 2055 993 κα

2166 938 2285 996 sint
2313 935 2505 998 devita
2530 935 2683 996 illos.
2725 959 2748 991 α
2777 935 2881 997 Est
2932 942 3128 996 autem
3169 942 3428 1016 quastus
3467 951 3738 1012 magnus.
3776 956 3802 986 ιο

424 1035 589 1086 ταῦτα
635 1029 703 1086 τὰ
771 1031 1007 1110 αὐτάρ-κη
1067 1027 1293 1110 ἔχουσα,
1339 1028 1430 1084 καὶ
1473 1027 1552 1104 μὴ
1595 1026 1972 1107 περισσεύουσα
2030 1026 2054 1082 ἐ

2165 1022 2258 1086 Illi
2287 1024 2525 1105 quidem
2559 1025 2619 1085 in
2649 1024 2761 1086 hoc
2799 1024 3028 1102 ﬁngunt
3053 1021 3330 1103 pietatem
3365 1031 3426 1084 ut
3465 1028 3722 1103 quastus
3750 1029 3810 1081 et

428 1130 544 1182 τοῖς
573 1131 874 1198 σαρκικοῖς,
1183 1097 1364 1197 κέρδος
1420 1097 1560 1172 ἐστὶν
1607 1117 1641 1184 ἡ
1665 1097 1676 1107 ’
1698 1113 1957 1194 εὖαέϐεια,
1991 1115 2051 1175 ἑὰ

2165 1097 2322 1175 lucri
2343 1130 2547 1175 ansam
2576 1097 3144 1194 aecipiant.—Verum
3193 1122 3386 1173 autem
3438 1097 3672 1172 lucrum
3720 1116 3809 1198 est

426 1209 512 1264 καὶ
551 1209 715 1282 ἡμετς
774 1209 853 1284 μὴ
911 1205 1171 1266 πλειόνων
1228 1204 1500 1288 ἐφιέμεθα,
1563 1201 1700 1261 ἀλλὰ
1765 1211 1834 1282 τῇ
1877 1209 2074 1285 αὔταρ-

423 1297 535 1369 κείᾳ
588 1302 922 1377 στοιχῶμεν.
984 1320 1012 1352 ιι
1075 1293 1236 1354 Οὐδὲν
1294 1295 1394 1374 γὰρ
1440 1293 1824 1372 εἰσηνέγκαμεν
1867 1294 1938 1357 είς
1981 1297 2072 1351 τὸν

417 1386 640 1461 κόσμον.
690 1409 718 1441 ι
768 1387 827 1444 Εἰ
870 1384 1017 1446 οὒδὲν
1047 1384 1454 1464 εἰσηνέγκαμεν,
1514 1383 1603 1440 καὶ
1672 1381 1818 1440 οὒδὲν
1873 1381 2070 1441 ἐκϐάλ-

421 1473 606 1556 λομεν,
670 1496 752 1538 τις
822 1475 978 1556 χρεία
1053 1483 1146 1534 τοῦ
1219 1473 1368 1554 ἔχειν
1452 1472 1582 1552 ὑπὲρ
1650 1472 1749 1540 τὴν
1835 1473 2067 1554 χρείαν,

424 1585 449 1619 α
499 1545 755 1644 Ἔχοντες
923 1545 1306 1644 διατροφάς,
1363 1545 1628 1636 Τοσαῦτα,
1658 1545 2070 1642 φησὶν,”ἐσθίειν

418 1653 551 1734 χρὴ,
586 1653 686 1710 ὅσα
739 1653 928 1734 θρέψαι
971 1654 1149 1732 ἀρκεῖ,
1196 1654 1299 1733 οὐχ
1351 1651 1451 1709 ὅσα
1509 1660 1707 1732 τρυφὴν
1735 1650 2028 1726 ἐμποιῆσαι
2052 1669 2065 1682 '

414 1743 504 1800 καὶ
584 1742 811 1800 τοσαῦτα
895 1746 1256 1810 σκεπασθῆναι
1339 1741 1428 1798 καὶ
1509 1747 1749 1820 τοιαῦτα,
1835 1741 1908 1805 ὡς
1968 1741 2067 1808 τὴν
2088 1777 2127 1826 Β

415 1834 682 1910 γύμνωσιν
754 1833 1038 1909 σκεπάσαι,
1083 1834 1187 1912 οὐχ
1243 1829 1343 1887 ὅσα
1387 1833 1572 1910 θρῦψιν
1629 1828 1921 1906 ἐμποιῆσαι
1979 1832 2066 1888 καὶ

413 1917 665 1996 βλακείαν
693 1932 811 1986 τοῖς
854 1927 1094 2000 φοροῦσι.
1128 1925 1294 1977 Τοῦτο
1348 1919 1448 1998 γὰρ
1490 1919 1551 1974 τὸ
1593 1919 1693 1985 τῆς
1735 1918 1934 1998 τροφῆς
1977 1921 2065 1976 καὶ

415 2013 523 2064 τῶν
548 2008 940 2084 σκεπασμάτων
968 2006 1151 2076 δηλοῖ.

2160 1201 2289 1282 ipsa
2318 1202 2504 1283 pietas
2527 1204 2586 1262 in
2609 1201 2950 1282 semetipsa,
2987 1208 3044 1262 et
3074 1200 3198 1261 hac
3229 1198 3457 1262 habens
3487 1217 3619 1280 qua
3665 1196 3807 1258 satis

2155 1290 2294 1371 sint,
2312 1290 2366 1353 ei
2398 1309 2517 1352 non
2535 1308 2666 1372 qua
2695 1288 3102 1352 exuberentin
3132 1287 3316 1350 rebus
3348 1287 3799 1368 temporalibus.

2155 1379 2272 1441 Aut
2301 1379 2458 1461 quod
2507 1380 2732 1441 lucrum
2769 1387 2855 1441 est
2887 1379 3014 1460 ipsa
3047 1376 3257 1458 pietas,
3310 1377 3360 1438 si
3411 1396 3520 1438 nos
3570 1394 3805 1457 quoque

2156 1488 2273 1530 non
2299 1470 2468 1549 plura
2489 1470 2898 1552 petamus,sed
2923 1469 2982 1529 in
3006 1465 3365 1528 sufficientia
3393 1465 3802 1546 persistamus,

2163 1582 2184 1614 α
2221 1557 2379 1620 Nihil
2411 1551 2572 1621 enim
2605 1559 2913 1621 intulimus
2944 1558 3003 1618 in
3038 1555 3176 1617 hinc
3208 1555 3799 1619 mundum.»Sinihil
3880 1551 3887 1564 ”

2153 1647 2483 1729 intulimus,
2502 1666 2612 1710 nec
2638 1647 2960 1729 quidquam
2995 1646 3332 1725 efferemus,
3371 1663 3648 1725 quorsum
3690 1644 3800 1706 ha-

2151 1736 2294 1800 bere
2353 1738 2623 1819 cupimus
2679 1738 2832 1800 ultra
2874 1733 3263 1799 necessaria?
3301 1733 3464 1796 «Sed
3513 1735 3800 1797 habentes

2147 1828 2490 1890 alimenta.»
2521 1827 3028 1909 Tantum,inquit,
3054 1825 3235 1888 edere
3263 1832 3495 1904 oportet
3515 1833 3796 1906 quantum

2147 1917 2291 1980 satis
2321 1918 2397 1979 sit
2451 1918 2525 1980 ad
2574 1918 2883 1992 alendum,
2927 1935 3044 1978 non
3077 1921 3362 1995 quantum
3413 1922 3695 1994 provocet
3723 1913 3795 1975 ad

2147 2007 2632 2070 delectationem.
2667 2007 2736 2069 Et
2773 2015 2858 2069 tot
2902 2025 2972 2068 ac
3018 2003 3236 2066 talibus
3288 2002 3507 2082 operiri
3543 2012 3790 2085 oportet.

409 2115 544 2178 qua
572 2095 904 2161 nuditatem
935 2103 1155 2178 tegant,
1206 2115 1324 2159 non
1353 2113 1488 2178 qua
1532 2095 1779 2160 delicias
1819 2094 2106 2159 inducant
2155 2115 2224 2159 ac
2269 2097 2578 2160 mollitiem
2632 2097 2898 2158 afferant.
2932 2095 3056 2158 Hoc
3085 2093 3242 2154 enim
3277 2089 3545 2176 designat
3579 2111 3793 2154 nomen

407 2186 675 2249 alimenti
702 2203 774 2250 ac
802 2186 1156 2267 tegumenti.

495 2299 520 2334 ι
583 2280 644 2335 Οἱ
698 2275 753 2334 δὲ
827 2277 1137 2354 βουλόμενοι
1207 2277 1482 2354 πλουτεῖν,
1553 2277 1904 2354 ἐμπίπτωσιν
1987 2279 2060 2343 εἷς

413 2367 707 2446 πειρασμὸν
814 2367 904 2424 καὶ
1001 2365 1196 2446 παγίδα
1295 2368 1386 2426 καὶ
1478 2365 1749 2443 ἐπιθυμίας
1859 2359 2060 2432 πολλὰς

408 2456 665 2525 ἀνοήτους
761 2457 850 2513 καὶ
933 2453 1215 2536 βλαϐερὰς,
1300 2456 1502 2520 αἵτινες
1598 2456 1855 2536 βυθίζουσι
1941 2457 2062 2520 τοὺς

405 2544 709 2624 ἀνθρώπους
780 2547 852 2611 εἷς
933 2535 1145 2626 ὄλεθρον
1227 2547 1316 2604 καὶ
1397 2545 1690 2604 ἀπώλειαν.
1769 2535 1906 2616 ιΡίζα
1964 2547 2064 2624 γὰρ

412 2634 625 2691 πάντων
693 2635 800 2692 τῶν
855 2636 1036 2692 κακῶν
1104 2635 1246 2692 ἐστιν
1313 2637 1349 2704 ἡ
1407 2634 1738 2716 φιλαργυρία,
1800 2638 1865 2703 ἧς
1925 2657 2060 2698 τινες

411 2723 722 2802 ὀρεγόμενοι
826 2722 1276 2794 ἀπεπλανήθησαν
1386 2724 1494 2781 ἀπὸ
1598 2730 1697 2792 τῆς
1808 2723 2058 2794 πίστεως,

406 2813 496 2868 καὶ
596 2813 810 2876 ἑαυτοὺς
912 2812 1246 2893 περιέπειραν
1347 2812 1550 2878 ὀδύναις
1647 2811 1904 2878 πολλαῖς.
1989 2813 2061 2868 Σὺ

406 2899 486 2974 δὲ,
559 2902 606 2958 ὦ
665 2901 906 2978 ἄνθρωπε
961 2912 1055 2962 τοῦ
1124 2909 1278 2979 Θεοῦ,
1336 2909 1500 2960 ταῦτα
1563 2913 1742 2984 φεῦγε.
1797 2902 1964 2958 Δίων.ε
2005 2900 2060 2957 δὲ

403 2987 767 3067 δικαιοσύνην,
876 2989 1166 3066 εὐσέϐειαν,
1273 2995 1474 3067 πίστιν,
1581 2993 1822 3072 ἀγάπην,

399 3081 596 3155 μονὴν,
628 3082 926 3160 πραότητα.
960 3081 1246 3160 Ἀγωνίζου
1294 3083 1386 3138 τὸν
1434 3079 1596 3139 καλὸν
1627 3081 1806 3160 ἀγῶνα
1833 3086 1930 3148 τῆς
1963 3080 2055 3138 πί-

405 3188 598 3232 στεως.
634 3166 922 3227 Ἐπιλαϐοὖ
950 3175 1049 3237 τῆς
1081 3171 1289 3227 αἰωνίου
1315 3169 1480 3246 ζωῆς,
1513 3171 1586 3234 είς
1617 3171 1682 3236 ῆν
1710 3170 1799 3227 καὶ
1827 3167 2054 3240 ἐκλήθης

405 3259 494 3313 καὶ
533 3256 894 3338 ὡμολόγησας
937 3260 1037 3328 τὴν
1070 3258 1242 3327 καλὴν
1273 3258 1560 3339 ὁμολογίαν
1588 3260 1813 3317 ἐνώπιον
1842 3257 2056 3316 πολλῶν

402 3347 703 3425 μαρτύρων.
750 3370 777 3403 υ

482 3437 556 3494 Οὔ
577 3437 698 3501 τοὺς
728 3434 907 3501 καλῶς
953 3444 1031 3513 τῷ
1071 3435 1282 3512 πλούτῳ
1340 3437 1649 3518 χρωμένους
1700 3437 1873 3515 λέγει,
1918 3437 2054 3496 ἀλλὰ

399 3525 519 3590 τοὺς
583 3524 961 3604 ἐπιθυμοῦντας
1010 3527 1189 3590 αὐτόν.
1268 3519 1326 3586 Ὀ
1381 3527 1436 3585 δέ
1491 3550 1552 3607 γε
1614 3529 1901 3604 ἐπιθυμων,
1962 3533 2057 3586 οὒκ

398 3613 464 3669 ἂν
516 3614 678 3694 ἑτέρῳ
729 3614 1006 3691 μεταδοίη,
1053 3615 1146 3673 *ίνα
1201 3619 1279 3692 μὴ
1337 3618 1404 3674 τὰ
1459 3627 1557 3685 τῆς
1597 3618 1870 3694 ἐπιθυμίας
1915 3617 2056 3692 αὗτῷ

399 3701 744 3772 ἐλαττωθείη.
805 3728 834 3760 α
894 3707 992 3763 Καὶ
1047 3705 1322 3782 ἐπιθυμίας
1373 3705 1600 3771 πολλάς.
1677 3731 1705 3761 ι)
1770 3705 2054 3785 Ἐπιῤῥέων

399 3793 499 3871 γὰρ
550 3795 579 3848 ὁ
635 3791 890 3869 πλοῦτος,
948 3795 1031 3852 καὶ
1076 3797 1137 3852 τὸ
1193 3794 1412 3855 δυνατὸν
1455 3796 1625 3878 ἔχων,
1673 3798 1746 3861 εἷς
1779 3795 2054 3872 ἐπιθυμίας

398 3881 631 3945 ἀτόπους
673 3881 871 3962 ἐξάγει.
943 3906 968 3938 ι
1032 3883 1293 3950 Βυθίξουσι
1336 3886 1458 3951 τοὺς
1513 3885 1839 3965 ἀνθρώπους.
1892 3909 1914 3943 n
1967 3887 2054 3950 Εἰς

394 3972 458 4027 τὸ
527 3969 667 4046 μηδὲ
723 3972 995 4048 ἀνανῆψαι
1036 3971 1138 4035 ἔτι.
1178 3997 1206 4029 σ
1259 3973 1767 4046 Ἀπεπλανήθησαν.
1829 3997 1854 4035 ι
1891 3975 2050 4032 Ἐπι-

389 4074 582 4117 σκοτεῒ
622 4062 723 4140 γὰρ
777 4063 813 4130 ἡ
871 4060 1183 4145 φιλαργυρία
1225 4070 1304 4138 τῷ
1349 4070 1448 4132 τῆς
1479 4070 1665 4145 ψυχῆς
1709 4065 1934 4145 ὄμματι,
1966 4066 2053 4121 καὶ

391 4153 485 4208 οὒκ
527 4149 588 4222 ἐᾷ
613 4148 842 4228 βαδίζειν
893 4153 1040 4231 ὀρθά.
1101 4173 1132 4214 (
1183 4156 1283 4212 Καὶ
1341 4155 1552 4219 ἑαυτοὺς
1610 4156 1964 4235 περιέπειραν.
2025 4179 2044 4208 ι

393 4235 664 4296 ’Δκανθὼν
693 4242 795 4318 γὰρ
825 4237 1001 4317 δίκην,
1059 4244 1094 4312 ἡ
1138 4241 1484 4324 φυλαργυρία,
1544 4245 1640 4308 τὰς
1699 4257 1892 4324 χεῖρας
1961 4253 2052 4302 τοῦ

2224 2275 2322 2351 VI,
2347 2277 2511 2340 9-12.
2533 2279 2836 2340 Caeterum
2849 2282 2956 2357 qui
2969 2276 3178 2340 volunt
3199 2277 3801 2353 ditescere,incidunt

2144 2365 2209 2427 in
2258 2368 2653 2429 ten/ationem
2694 2368 2751 2428 el
2785 2365 3067 2446 laqueum
3093 2375 3152 2429 et
3187 2367 3544 2448 cupiditates
3572 2365 3798 2428 multas

2143 2453 2364 2518 stultas
2410 2472 2478 2519 ac
2525 2458 2776 2530 noritis,
2822 2475 2956 2536 quae
3007 2458 3366 2538 demergunt
3423 2457 3690 2519 homines
3731 2455 3798 2516 in

2146 2545 2403 2607 exitium
2434 2551 2489 2608 et
2518 2546 2860 2608 interitum.
2918 2546 3239 2626 Siquidem
3289 2548 3482 2608 radii:
3529 2550 3796 2607 omnium

2143 2634 2446 2696 malorum
2497 2642 2583 2697 est
2639 2636 2913 2697 studium
2966 2639 3264 2715 pecunia,
3324 2653 3506 2715 quam
3544 2634 3795 2715 quidam

2143 2724 2287 2786 dum
2317 2732 2632 2805 appetunt.
2661 2727 3115 2788 aber-rrwerunt
3142 2745 3179 2788 (ι
3208 2727 3325 2808 ﬁde
3350 2736 3408 2790 et
3439 2732 3666 2807 seipsos
3686 2727 3796 2786 im-

2142 2815 2493 2894 plicuerunt
2521 2815 2834 2879 doloribus
2862 2815 3090 2878 multis.
3113 2816 3201 2879 Tu
3230 2834 3438 2891 vero,o
3462 2815 3635 2877 homo
3657 2815 3789 2889 Dei,

2147 2903 2271 2965 haec
2294 2904 2465 2983 fuge:
2490 2923 2848 2986 prosequere
2877 2913 3076 2969 autem
3085 2907 3431 2984 justitiam,
3465 2907 3787 2986 pietatem,

1921 2991 2523 3066 bno-Ccharitatem,
2579 2995 2978 3073 patientiam,
3031 2996 3168 3056 247
3238 2994 3786 3057 mansuetudinem.

2142 3079 2328 3144 Certa
2375 3083 2596 3145 bonum
2639 3092 2944 3146 certamen
2974 3086 3139 3164 ﬁdei,
3176 3085 3570 3165 apprehende
3601 3085 3791 3146 vitam

2140 3177 2452 3246 aeternam,
2487 3174 2568 3232 ad
2592 3190 2769 3252 quam
2811 3181 2868 3235 et
2902 3182 3143 3236 vocatus
3181 3191 3239 3236 es
3281 3181 3336 3237 et
3382 3173 3688 3254 professus
3734 3191 3794 3234 es

2139 3259 2368 3323 bonam
2390 3263 2829 3342 professionem
2858 3279 3062 3326 coram
3093 3265 3305 3326 multis
3337 3263 3605 3326 testibus.

2216 3438 2347 3502 Non
2375 3439 2450 3501 de
2481 3440 2572 3502 his
2603 3441 2862 3522 loquitur
2899 3442 2997 3523 qui
3051 3450 3214 3504 recte
3262 3441 3481 3503 divitiis
3511 3450 3786 3514 utunlur,

2137 3529 2241 3592 sed
2265 3530 2339 3590 de
2373 3531 2486 3592 illis
2517 3531 2620 3609 qui
2652 3532 2809 3612 ipsas
2836 3531 3288 3612 concupiscunt,
3324 3531 3470 3593 Nam
3505 3533 3604 3613 qui
3635 3552 3781 3594 con-

2139 3619 2413 3699 cupiscit,
2448 3638 2820 3701 nequaquam
2844 3620 3010 3681 alteri
3045 3621 3278 3683 tradere
3311 3631 3529 3702 posset,
3560 3641 3633 3682 ne
3671 3619 3786 3682 sibi

2138 3707 2416 3770 deessent
2460 3727 2591 3790 qua
2637 3709 2936 3771 desiderat
2993 3715 3309 3792 appet'tus.
3366 3736 3387 3766 α
3438 3711 3506 3772 Et
3555 3711 3786 3791 cupidi-

2140 3805 2284 3860 tates
2319 3798 2556 3861 multas.
2595 3823 2618 3853 η
2655 3798 2982 3860 Afﬂuentes
3027 3799 3187 3859 enim
3239 3799 3454 3862 divitia
3487 3800 3788 3879 nimiaque

2139 3887 2402 3967 potentia
2425 3886 2497 3949 ad
2530 3886 2816 3949 absurdas
2846 3887 3161 3968 impellunt
3191 3889 3569 3970 cupiditates.
3613 3912 3633 3943 ο
3665 3889 3784 3950 De-

2139 3985 2411 4056 mergunt
2441 3977 2773 4039 homines.»
2811 3977 2899 4039 Ne
2931 3975 3184 4057 amplius
3212 3979 3440 4040 valeant
3473 3997 3787 4056 emergere

2142 4089 2168 4120 α
2204 4065 2700 4128 Αὺθηονοτυηι.ι
2739 4063 3102 4128 Obtenebrat
3133 4067 3291 4128 enim
3325 4067 3584 4128 studium
3611 4086 3787 4148 pecu-

2138 4153 2251 4216 nia
2280 4155 2518 4218 oculum
2544 4155 2778 4234 anima,
2811 4173 2920 4216 nec
2950 4167 3110 4217 recta
3139 4157 3280 4218 sinit
3312 4157 3614 4219 incedere.
3655 4183 3678 4212 «
3716 4156 3788 4217 Et

2135 4245 2396 4325 seipsum
2431 4245 2880 4326 implicuerunt.
2911 4271 2934 4300 η
2968 4245 3273 4326 Siquidem
3307 4247 3566 4308 studium
3602 4267 3780 4328 pecu-

403 4329 798 4405 προσψαύοντος
829 4331 1106 4406 αἱμάσσειν
1132 4345 1302 4394 ποιεῖ.
1343 4356 1370 4388 α
1431 4331 1670 4397 Ὀδύναις
1719 4331 1971 4398 πολλαῖς,
2015 4357 2043 4388 ››

2142 4337 2248 4396 nia
2278 4335 2582 4415 spinarum
2613 4332 2672 4396 in
2694 4354 2787 4396 mo
2815 4338 2934 4396 lum
2960 4337 3305 4416 stringentis
3337 4356 3547 4398 manus
3572 4357 3789 4399 cruen-

399 4418 468 4474 Οὔ
521 4417 707 4492 μόνον,
768 4421 950 4499 φησὶν,
1025 4422 1098 4484 εἰς
1169 4422 1236 4478 τὰ
1302 4422 1420 4501 περὶ
1472 4425 1602 4479 Θεὸν
1675 4420 1940 4498 ἐμποδίζει
1987 4425 2046 4479 τὸ

391 4503 559 4561 θέλειν
613 4504 895 4581 πλουτεῖν,
952 4507 1088 4568 ἀλλὰ
1155 4512 1245 4568 καὶ
1331 4517 1650 4587 σωματικῶς
1720 4511 2044 4569 κατάπτεται

390 4593 499 4650 αῶν
569 4593 827 4674 ἐραστῶν,
874 4598 1129 4677 φροντίσι,
1187 4601 1277 4656 καὶ
1332 4599 1660 4679 ἀγρυπνίαις,
1721 4601 1808 4657 καὶ
1863 4601 2043 4680 φόϐοις

386 4681 576 4747 αὐτοὺς
604 4686 945 4764 περιπείρων.
1012 4710 1038 4742 α
1098 4689 1170 4744 Σὺ
1214 4686 1290 4764 δὲ,
1325 4691 1370 4746 ὦ
1415 4686 1652 4768 ἄνθρωπε
1682 4699 1774 4748 τοῦ
1813 4696 1963 4748 Θεοῦ.
2009 4711 2038 4748 ιο

385 4771 536 4850 Μέγα
577 4776 641 4830 τὸ
684 4772 910 4850 ἇξίωμα.
977 4777 1176 4840 Πάντες
1245 4779 1344 4859 γὰρ
1402 4777 1665 4857 ἅνθρωποι
1723 4779 1810 4835 καὶ
1869 4776 2042 4838 δοῦλοι

383 4861 537 4942 Θεοῦ,
598 4860 831 4939 μάλιστα
883 4863 938 4920 δὲ
981 4867 1028 4922 οἱ
1097 4865 1314 4942 δίκαιοι,
1376 4870 1435 4926 ού
1475 4869 1612 4926 κατὰ
1665 4869 1757 4925 τὸν
1811 4870 1908 4935 τῆς
1950 4866 2042 4936 δη-

381 4953 660 5030 μιουργίας
702 4951 862 5031 λόγον
916 4956 1103 5037 μόνον,
1165 4955 1304 5013 ἀλλὰ
1345 4959 1434 5015 καὶ
1491 4958 1626 5015 κατὰ
1682 4958 1772 5013 τὸν
1827 4962 1925 5024 τῆς
1969 4960 2042 5014 οἶ-

377 5040 670 5106 κειώσεως.
736 5063 760 5097 ιι
818 5050 993 5101 Ταῦτα
1051 5046 1234 5126 φεῦγε.
1298 5071 1326 5102 »
1386 5045 1688 5129 Ἀμφότερα
1736 5048 1871 5123 μετὰ
1915 5047 2039 5104 ἐπι-

376 5129 607 5194 τάσεως⁶
670 5130 778 5189 Οὔκ
830 5133 956 5190 εἷπε
996 5136 1118 5216 γὰρ,
1181 5134 1338 5194 Τοῦδε
1413 5139 1512 5214 μὲν
1561 5137 1848 5211 ἀπύστηθι,
1905 5135 2037 5211 τῷδε

377 5216 437 5273 δὲ
491 5220 772 5297 πρόστηθι,
833 5219 992 5286 ἀλλὰ.
1052 5231 1220 5304 Φεῠγε
1281 5228 1370 5284 καὶ
1411 5225 1590 5290 δίωκε.
1647 5249 1671 5283 ι
1740 5227 1908 5283 Δίωιε
1953 5225 2038 5282 δι-

379 5308 688 5376 καιοσύνην.
727 5334 756 5365 ι
791 5307 880 5368 Ἐν
932 5320 1009 5388 τῷ
1065 5316 1144 5391 μὴ
1187 5313 1352 5374 πλέον
1410 5315 1560 5398 ἔχειν
1616 5322 1722 5373 τῶν
1759 5321 2034 5394 ζωαρκῶν.

385 5419 408 5453 ι
471 5395 775 5460 ΕσἈϐειαν.
831 5423 854 5457 ι
904 5403 1015 5471 Τὴν
1071 5404 1126 5462 ἐν
1183 5395 1523 5485 δόγμασιξνσ
1598 5407 1802 5465 Πίστιν.
1859 5427 1882 5460 ι
1928 5406 2038 5473 Τὴν

375 5487 546 5567 χωγὶς
575 5490 878 5559 ζητήσεων.
919 5514 947 5547 α
1001 5491 1269 5573 Ἀγάπην.
1319 5519 1350 5552 ι
1405 5497 1477 5555 Τὸ
1521 5501 1620 5564 τῆς
1670 5496 1897 5558 πίσνεως
1955 5493 2037 5551 έκ-

370 5602 552 5658 γονον,
605 5582 705 5648 τὴν
759 5583 890 5662 πρὸς
951 5586 1081 5643 Θεὸν
1130 5589 1218 5644 καὶ
1274 5587 1599 5667 ἀνθρώπους.
1663 5586 1815 5656 Καλὴ
1873 5585 1929 5644 δὲ
2003 5589 2032 5656 ἓ,

2135 4432 2257 4486 tare
2315 4426 2470 4486 facit.
2539 4450 2563 4481 α
2628 4424 2951 4486 Doloribus
3024 4426 3246 4488 multis.
3317 4453 3337 4485 υ
3407 4426 3534 4488 Νοη
3592 4429 3782 4488 solum

2131 4512 2342 4594 inquit,
2370 4513 2428 4574 in
2459 4514 2552 4576 his
2583 4533 2715 4594 qua
2742 4513 2846 4576 Dei
2881 4522 3015 4576 sunl
3052 4515 3479 4595 impedimento
3517 4527 3606 4578 est
3637 4516 3785 4577 velle

2130 4603 2447 4679 ditescere,
2497 4603 2600 4664 sed
2645 4613 2702 4664 et
2753 4603 3141 4684 corporaliter
3198 4605 3780 4684 laressitamatorz-s,

2129 4691 2310 4769 curis,
2365 4693 2603 4771 vigiliis,
2657 4711 2723 4753 ac
2791 4692 3120 4754 terrorihus
3180 4695 3340 4773 ipsos
3403 4695 3775 4772 transfigens.

2135 4808 2158 4838 ιι
2186 4781 2275 4843 Tu
2308 4801 2471 4855 vero,
2505 4801 2538 4843 ο
2570 4783 2746 4842 homo
2781 4782 2912 4843 Dei.
2947 4807 2971 4836 ιο
3012 4783 3217 4857 Magna
3243 4783 3517 4861 dignitas.
3559 4785 3783 4846 Omnes

2127 4890 2380 4952 namque
2425 4871 2719 4943 homines,
2752 4869 2927 4930 etiam
2974 4871 3125 4932 servi
3182 4871 3288 4932 Dei
3333 4881 3490 4945 sunt,
3529 4872 3786 4934 maxime

2124 4968 2320 5022 tamen
2348 4959 2490 5040 justi
2522 4980 2536 5021 :
2575 4977 2689 5020 non
2727 4967 2949 5019 tantum
3011 4961 3236 5024 ratione
3282 4962 3626 5043 creatiouis,
3677 4964 3779 5022 sml

2123 5059 2182 5111 et
2233 5051 2462 5114 ratione
2512 5048 2887 5130 proprietatis
2931 5067 2999 5109 ac
3060 5049 3501 5114 familiaritatis.
3563 5078 3587 5108 α
3645 5053 3782 5114 llaec

2120 5139 2302 5218 fuge:
2341 5155 2728 5221 prosequere.
2779 5161 2802 5194 ι)
2859 5135 3193 5222 Utrumque
3241 5140 3510 5222 epitasim
3573 5141 3775 5206 habet.

2121 5231 2328 5310 Neque
2359 5230 2516 5290 enim
2548 5227 2698 5290 dixit
2735 5243 2748 5288 :
2784 5227 2873 5290 Ab
2912 5226 3015 5290 illo
3063 5229 3305 5311 quidem
3342 5230 3608 5305 discede,
3645 5233 3784 5294 huic

2120 5339 2259 5383 vero
2291 5319 2572 5382 adhare:
2609 5319 2740 5392 sed,
2775 5321 2936 5398 Fuge
2964 5326 3018 5380 et
3063 5338 3454 5402 prosequere.
3497 5346 3522 5377 α
3563 5324 3782 5384 Prosc-

2119 5427 2300 5490 quere
2351 5417 2552 5470 autem
2604 5409 2924 5490 justitiam.
2961 5434 2989 5466 ι
3028 5407 3114 5472 Ne
3168 5410 3301 5492 plus
3353 5411 3573 5473 halM‘aS
3605 5431 3780 5492 quam

2117 5498 2248 5561 vita
2279 5498 2425 5562 satis
2454 5497 2913 5564 sit.«Pietatem.
2941 5526 2963 5556 υ
3003 5497 3066 5560 In
3101 5499 3416 5580 dogmatis,
3457 5499 3774 5562 «Fidem.»

2117 5585 2257 5660 Qua
2289 5586 2540 5651 estsine
2573 5588 3022 5668 quastionibus.
3065 5615 3090 5644 α
3133 5589 3518 5654 Charitatem.
3560 5614 3585 5644 υ
3639 5589 3782 5662 Qua

366 5669 508 5736 τάξις
543 5681 638 5730 τοῦ
666 5669 851 5749 λόγου.
897 5671 1035 5732 Ἀπὸ
1064 5677 1162 5752 μὲν
1197 5678 1296 5759 γὰρ
1328 5679 1574 5754 πίστεως,
1636 5677 1819 5757 ἀγάπη
1851 5679 2031 5734 τίκτεν

2142 5703 2148 5739 l
2179 5677 2296 5740 fide
2324 5677 2697 5759 producitur,
2733 5698 2864 5761 qua
2895 5672 3035 5758 erga
3064 5681 3249 5744 Deum
3276 5690 3368 5744 est
3390 5690 3446 5742 et
3476 5678 3777 5761 homines
