4132 6424
396 347 499 413 191

1519 343 1929 413 CECUMENII
1976 349 2273 413 TRICCxE
2316 350 2651 414 EPISCOPI

3662 352 3777 421 192

393 482 497 544 Est
526 490 721 544 autem
756 480 947 545 bonus
978 482 1123 544 ordo
1156 486 1471 547 sermonis.
1525 483 1670 546 Nam
1702 503 1736 547 a
1765 485 1883 548 fide
1914 482 2030 545 ori-

2125 506 2211 539 τκι
2245 500 2258 513 ⁸
2296 484 2402 541 ἀπὸ
2453 483 2506 540 δὲ
2550 486 2789 564 ἀγάπης,
2844 487 3107 562 ὑπομανή.
3177 478 3235 543 Ἠ
3282 486 3336 544 δῖ
3385 491 3628 567 ὑπομονή
3673 490 3779 566 ὁδῴ

394 583 490 631 tur
519 572 800 644 Charitas,
835 591 869 633 a
898 572 1184 635 cbaritate
1230 592 1370 635 vero
1416 574 1715 655 patientia,
1760 573 2041 656 patientia

390 668 585 721 autem
618 678 751 721 cum
786 679 892 741 per
938 661 1089 724 viam
1145 663 1434 742 graditur,
1486 671 1831 726 mansuetos
1876 662 2034 724 facit.

398 772 424 807 ι
462 750 693 810 Bonum
727 759 1026 813 certamen
1054 752 1218 814 fidei.
1257 777 1284 808 »
1321 751 1635 816 Certamen
1659 772 1799 815 vero
1821 752 1957 814 fidei
1982 760 2039 813 et

388 837 447 899 in
500 837 592 899 his
644 839 914 902 consistit
962 859 1095 922 quae
1143 841 1304 903 dicta
1355 851 1516 922 sunt,
1558 849 1618 903 et
1666 842 1729 904 in
1773 841 2038 904 ferendis

386 925 637 988 viriliter
664 927 1106 1001 afflictionibus.
1138 931 1223 992 Ac
1254 930 1525 1011 protinus
1555 931 1823 1013 sequitur
1850 931 2036 993 retri-

386 1014 551 1076 butio
601 1017 946 1096 hujusmodi
974 1019 1339 1093 certaminis,
1370 1020 1485 1082 vita
1517 1020 1749 1083 scilicet
1786 1027 2030 1096 mterna,

390 1128 418 1160 α
447 1104 535 1167 Ad
560 1123 736 1186 quam
765 1115 1006 1170 vocatus
1037 1126 1126 1169 es.
1164 1132 1188 1165 ιι
1223 1107 1503 1190 Quisquis
1555 1109 1715 1172 enim
1769 1109 1927 1171 venit
1958 1108 2033 1171 ad

390 1193 775 1274 baptismum,
804 1195 879 1257 ad
912 1197 1064 1258 hanc
1093 1205 1357 1259 vocatur.
1404 1222 1423 1254 ι
1459 1199 1683 1261 Bonam
1705 1196 2033 1279 professio-

389 1300 587 1343 nem.»
611 1282 1050 1348 Professionem
1086 1285 1341 1348 maxime
1370 1286 1515 1348 dicit
1542 1305 1673 1348 eam
1717 1304 1850 1367 quae
1881 1286 1944 1347 fit
1972 1285 2035 1347 in

387 1369 706 1452 baptismo,
738 1375 975 1454 quando
1001 1375 1354 1455 profifemur
1386 1394 1493 1438 nos
1524 1375 1868 1438 renuntiare
1900 1374 2032 1437 dia-

393 1458 553 1537 bolo,
585 1461 803 1524 ascribi
831 1470 1028 1524 autem
1063 1472 1121 1527 et
1148 1465 1393 1527 credere
1424 1465 1682 1529 Christo.

890 1577 1051 1632 948
1085 1570 1325 1637 CAPUT
1356 1571 1545 1638 XVII.

2120 571 2418 650 βαδίζουσα,
2482 576 2679 653 πράους
2747 589 2916 638 ποιεῖ,
2985 600 3011 630 α
3073 579 3175 635 Τὸν
3245 576 3408 635 καλὸν
3453 579 3638 657 ἀγῶνα
3680 585 3778 648 τῆς

2122 663 2372 728 πίστεως.
2413 686 2440 718 ι)
2482 655 2538 721 ὐ
2582 662 2637 720 δὲ
2669 670 2767 732 τῆς
2824 667 3051 729 πίστεως
3100 666 3270 746 ἀγὼν,
3317 668 3383 724 τά
3412 690 3470 724 τε
3499 670 3774 747 εἰρημένα,

2122 753 2210 807 καὶ
2263 753 2326 810 τὸ
2375 752 2431 808 ἐν
2500 766 2824 832 πειρασμοῖς
2880 753 3141 835 ἀνδρεῖον.
3205 756 3304 814 Καὶ
3374 756 3562 836 EbG-sm:
3602 761 3638 827 ἡ
3676 759 3778 817 ἁν-

2118 838 2311 906 τίδοσις
2340 847 2433 899 τοῦ
2462 843 2703 900 τοιούτου
2732 848 2962 924 αγῶνος,
2994 846 3030 913 ἡ
3061 844 3269 910 αἰώνιος
3297 847 3435 917 ζωή,
3484 868 3514 903 α
3565 849 3653 911 Εἰς
3682 848 3774 928 ἣν,

2119 931 2271 1010 φησὶ,
2303 928 2555 1001 ἐκλήθης.
2601 954 2624 987 ι
2664 938 2773 996 Πᾶς
2803 933 2904 1012 γὰρ
2933 935 3005 998 εἰς
3031 933 3308 1010 βάπτισμα
3354 934 3669 1017 ἐρχόμενος,
3703 938 3776 1003 εἰς

2116 1019 2316 1087 ταύτην
2340 1019 2605 1081 καλεῖται.
2650 1041 2674 1077 ι
2710 1022 2816 1089 Τὴν
2848 1020 3020 1090 καλὴν
3049 1022 3362 1103 ὁμολογίαν.
3399 1048 3428 1081 3
3459 1017 3776 1106 Ὁμολογίαν

2116 1106 2342 1183 μᾶλλον,
2375 1109 2475 1177 τὴν
2504 1109 2557 1166 ἐν
2585 1116 2661 1186 τῷ
2690 1112 3010 1187 βαπτίσματι
3057 1110 3226 1192 λέγει,
3258 1110 3384 1171 ὅταν
3414 1113 3769 1195 ὁμολογῶμεν

2114 1197 2501 1257 ἀποτάσσεσθαι
2546 1199 2643 1275 μὲν
2677 1207 2754 1275 τῷ
2781 1198 3036 1278 διαϐόλῳ,
3070 1202 3444 1264 συντάσσεσθαι
3474 1201 3530 1261 δὲ
3558 1205 3649 1261 καὶ
3676 1227 3778 1262 πιο

2115 1287 2315 1344 στεύειν
2342 1294 2420 1364 τῷ
2450 1295 2687 1369 Χριστῷ.

2744 1574 2995 1629 ΚΕΦΑΛ.
3042 1559 3144 1630 Iz'.

390 1661 771 1742 Praeceptum
800 1663 1053 1728 horrore
1087 1665 1334 1762 plenum
1382 1667 1453 1728 de
1487 1684 1649 1747 pura
1680 1664 2030 1729 obedientia

2126 1684 2149 1716 ι
2212 1659 2548 1741 Παραγγελία
2602 1660 2798 1744 φοϐερὰ
2842 1665 2971 1762 ’περί
3044 1668 3272 1746 καθαρᾶς
3343 1667 3587 1734 ὑπακοῆς
3642 1666 3772 1747 ἄχρι

948 1741 1139 1825 usque
1164 1748 1227 1809 in
1258 1747 1466 1826 ﬁnem.
1487 1741 1503 1747 ’

2617 1741 2626 1744 ’
2736 1741 2743 1743 “
2800 1741 3005 1811 τέλους.
3047 1767 3075 1800 ι

467 1832 567 1908 VI,
600 1833 794 1899 13-16.
820 1836 1119 1918 Principio
1149 1840 1261 1902 tibi
1278 1842 1340 1902 in
1365 1848 1679 1920 conspectu
1697 1842 1808 1904 Dei
1828 1843 1934 1922 qui
1954 1842 2030 1903 vi-

2211 1857 2233 1891 s
2285 1834 2648 1914 Παραγγέλλω
2717 1858 2798 1894 σοι
2855 1837 3081 1895 ἐνώπιον
3136 1846 3231 1897 τοῦ
3285 1847 3417 1897 Θεοῦ
3482 1849 3576 1901 τοῦ
3628 1848 3770 1913 ζωο-

383 1922 593 2003 viﬁcat
622 1931 831 1987 omnia
859 1933 916 1990 et
943 1926 1093 1991 Jesu
1124 1927 1355 1993 Christi
1384 1932 1487 2009 qui
1519 1937 1771 1994 testatus
1805 1939 1892 1994 est
1928 1929 2030 1993 sub

2120 1931 2396 1988 ποιοῦντος
2480 1927 2546 1982 τὰ
2629 1925 2824 2003 πάντα,
2911 1929 2999 1983 καὶ
3095 1935 3319 2008 Χριστοῦ
3420 1929 3601 1996 Ἰησοῦ
3682 1940 3772 1989 τοῦ

387 2014 602 2076 Pontio
630 2013 825 2078 Pilato
850 2016 1064 2079 bonam
1087 2020 1555 2100 confessionem,
1575 2028 1645 2082 ut
1666 2038 1865 2083 serves
1880 2038 2030 2101 proe-

2122 2016 2552 2094 μαρτυρήσαντος
2631 2015 2715 2072 ἐπὶ
2793 2018 3012 2073 Ποντίου
3100 2017 3328 2075 Πιλάτου
3414 2018 3513 2086 τὴν
3598 2018 3770 2084 καλην

384 2110 618 2183 ceptum
648 2105 1135 2181 immaculatum,
1159 2109 1711 2190 irreprehensibite,
1737 2127 1929 2191 usque
1958 2109 2030 2172 ad

2121 2103 2431 2182 ὁμολογίαν,
2534 2107 2766 2184 τηρῆσαί
2844 2127 2903 2162 σε
2985 2107 3085 2175 τὴν
3186 2105 3410 2175 ἐντολὴν
3520 2104 3768 2184 ἄσπιλον,

388 2193 844 2272 apparitionem
876 2195 1122 2258 Domini
1151 2200 1349 2260 uestri
1379 2202 1523 2260 Jcsu
1553 2200 1807 2279 Christi,
1852 2216 2030 2279 quam

2119 2191 2500 2274 ἀνεπίληπτον,
2589 2193 2752 2273 μέχρι
2836 2194 2933 2263 τῆς
3016 2195 3321 2275 ἐπιφανείας
3405 2202 3500 2253 τοῦ
3586 2198 3773 2276 Κυρίου

392 2283 758 2362 temporibus
787 2285 915 2346 suis
939 2294 1292 2349 ostensurus
1322 2294 1407 2350 est
1438 2287 1544 2350 ille
1568 2289 1771 2351 beatus
1800 2297 1851 2352 et
1875 2289 2030 2353 solus

2117 2283 2273 2350 ἡνιῶν
2356 2281 2535 2350 Ἰησοῦ
2617 2290 2867 2364 Χριστοῦ,
2953 2285 3019 2351 ἣν
3100 2298 3311 2364 καιροῖς
3393 2284 3541 2349 ἰδίοις
3624 2283 3773 2353 δείξει

388 2371 695 2450 princeps,
721 2371 853 2436 Rea:
881 2377 1273 2453 regnantium
1303 2385 1358 2439 et
1394 2376 1695 2440 Dominus
1714 2380 2030 2441 dominan-

2119 2375 2148 2428 6
2232 2373 2490 2452 μακάριος
2572 2374 2660 2429 καὶ
2717 2374 2878 2449 μόνος
2935 2372 3218 2455 δυνάστης,
3277 2376 3306 2431 ὁ
3376 2371 3624 2450 βασιλεὺς
3667 2382 3772 2431 τῶν

389 2459 567 2536 tium,
591 2466 698 2539 qui
724 2461 886 2525 solus
908 2464 1087 2527 habet
1114 2465 1656 2541 immortalitatem,
1691 2466 1878 2530 lucem
1920 2468 2030 2530 ha-

2119 2461 2527 2539 βασιλευόντων,
2560 2464 2649 2520 καὶ
2708 2465 2895 2543 Κύριος
2952 2467 3057 2521 τὼν
3118 2465 3487 2544 κυριευόντων,
3535 2466 3565 2520 6
3613 2464 3771 2541 μόνος

391 2546 590 2610 bitans
635 2552 1030 2630 inaccessam,
1081 2572 1259 2634 quem
1306 2573 1480 2618 nemo
1536 2557 1686 2619 vidit-
1723 2557 2030 2619 hominum

2120 2552 2265 2632 ἔχων
2309 2552 2610 2627 ἀθανασίαν,
2657 2555 2767 2629 φῶς
2800 2554 2955 2609 οἰκῶν
2999 2552 3304 2651 ἀπρόσιτον,
3337 2555 3396 2610 ὁν
3426 2551 3569 2610 εἶδεν
3601 2551 3764 2616 οὐδεὶς

389 2655 583 2718 neque
614 2640 822 2703 videre
851 2649 1086 2723 potest:
1116 2647 1215 2706 cui
1244 2645 1436 2707 honor
1462 2652 1516 2708 et
1536 2647 1859 2727 imperium
1889 2664 2030 2709 sem-

2121 2641 2430 2720 ἀνθρώπων,
2462 2638 2578 2697 οῦδὲ
2620 2638 2750 2699 ἰδεῖν
2779 2638 3015 2706 δύναται,
3048 2638 3111 2722 ᾮ
3163 2643 3296 2718 τιμὴ
3345 2643 3433 2698 καὶ
3462 2642 3654 2722 κράτος
3685 2643 3771 2698 αἰ-

388 2728 728 2805 piternum.
763 2731 975 2794 Amen.

2121 2729 2300 2793 ώνιον,
2334 2728 2532 2806 Ἀμήν.
2574 2752 2598 2785 n

470 2819 724 2884 Rursum
770 2823 956 2886 Deum
997 2825 1238 2887 addllt'il
1266 2826 1326 2887 in
1359 2835 1597 2909 testem,
1640 2839 1699 2891 et
1748 2836 2030 2891 terrorem

2204 2817 2369 2880 Πάλιν
2409 2821 2502 2875 τὸν
2555 2821 2685 2876 Θεὸν
2740 2833 2975 2876 ποιεῖται
3047 2819 3304 2899 μάρτυρα,
3382 2817 3545 2885 αὔξων
3588 2840 3645 2875 τε
3682 2819 3773 2875 τὸν

391 2909 732 3009 addens,_et
759 2912 1121 3009 discipulum
1150 2915 1513 3009 ﬁrmiorem
1545 2906 1826 2994 reddens,
1882 2919 2030 2999 quod

2121 2906 2308 2989 φόϐον,
2379 2910 2467 2965 καί
2521 2906 2908 2989 ἀσφαλέστερον
2977 2915 3147 2966 ποιῶν
3201 2910 3293 2965 τὸν
3359 2908 3626 2985 μαθητὴν,
3698 2914 3775 2982 τῷ

392 3001 992 3107 eumquiinntestem
1045 3004 1372 3107 adducitur
1397 3005 1637 3107 .habeat
1694 3008 1753 3068 in
1812 2996 2030 3107 mente.

2121 3000 2210 3054 τὸν
2264 2998 2656 3078 μαρτυρηθέντα
2709 2996 2858 3078 ’ἐχειν
2901 2997 2954 3054 ἐν
3025 2998 3122 3073 νῷ.
3164 3021 3187 3053 σ
3238 3006 3341 3056 Τοῦ
3393 3003 3774 3068 ζωοποιοῦντος

2158 3088 2170 3103 \
2284 3088 2296 3107 I
2563 3097 2601 3107 ..ι
2636 3095 2657 3104 -ν
2866 3087 2881 3107 \
3000 3088 3015 3105 ἱ
3192 3083 3240 3107 ’δ’
3426 3084 3440 3107 Ί
3514 3086 3529 3107 \
3720 3086 3732 3107 Ρ

397 3112 419 3143 ι
451 3088 561 3162 Qui
593 3091 867 3155 viviificat
898 3094 1118 3156 omnia.
1157 3122 1179 3153 υ
1222 3094 1285 3157 Id
1334 3096 1511 3158 etiam
1566 3098 1894 3158 exhortatio
1947 3107 2030 3160 est

2121 3088 2185 3143 τὰ
2226 3088 2420 3149 πάντα,
2472 3111 2499 3141 ιι
2563 3095 2726 3145 Τοῦτο
2796 3087 2883 3143 καὶ
2925 3088 3055 3166 πρὸς
3101 3084 3365 3149 κινδύνους
3422 3084 3532 3141 ἐστὶ
3596 3086 3773 3165 παρά-

392 3179 468 3241 ad
499 3180 785 3260 pericula.
821 3182 964 3244 Nam
998 3184 1047 3244 si
1080 3186 1258 3265 Deus,
1291 3185 1502 3266 inquit,
1538 3186 1735 3248 omnia
1766 3185 2030 3265 producit

2120 3175 2333 3243 κλησις.
2383 3178 2441 3234 Εἰ
2499 3175 2599 3254 γὰρ
2656 3177 2684 3230 ὁ
2728 3176 2881 3250 Θεὸς,
2940 3177 3091 3256 φησὶ,
3146 3175 3406 3252 ζωογονεῖ
3448 3174 3516 3231 τὰ
3572 3174 3772 3250 πάντα,

387 3268 449 3328 in
480 3269 678 3344 vitam,
712 3290 818 3333 cur
850 3291 954 3353 pro
977 3272 1093 3334 ﬁde
1111 3263 1436 3336 certamina
1458 3275 1661 3337 subire
1690 3263 2030 3337 horremus?

2120 3266 2171 3322 τί
2199 3268 2526 3347 πεφρίκαμεν
2584 3264 2704 3328 τοὺς
2741 3264 2873 3344 ὑπὲρ
2928 3267 3157 3328 πίστεως
3213 3263 3471 3343 ἀγῶνας;
3534 3264 3633 3322 Καὶ
3689 3263 3771 3319 ὅτι

388 3355 458 3416 Ει
487 3357 645 3436 quod
677 3358 748 3420 ad
784 3350 894 3421 hoc
925 3362 1293 3443 exhortetur,
1330 3381 1399 3425 ex
1435 3381 1503 3423 eo
1535 3363 1912 3425 manifestum
1945 3375 2030 3425 est

2122 3357 2192 3421 εἰς
2221 3363 2376 3413 τοῦτο
2418 3354 2721 3435 προτρέπει,
2770 3352 2933 3422 δῆλον
2964 3354 3023 3410 ἐκ
3063 3360 3157 3412 τοῦ
3212 3352 3493 3433 ἑπομένου,
3535 3376 3555 3407 ι
3595 3350 3773 3420 Ἰησοῦ

388 3444 544 3523 quod
577 3445 867 3526 sequitur,
904 3448 1048 3512 Jesu
1094 3440 1310 3512 Christi
1356 3452 1457 3532 qui
1517 3459 1759 3514 testatus
1809 3462 1897 3514 est
1924 3451 2030 3513 sub

2120 3452 2346 3526 Χριστοῦ
2404 3452 2497 3502 τοῦ
2544 3445 2975 3524 μαρτυρήσαντος
3025 3443 3112 3500 ἐπὶ
3171 3444 3390 3532 Ποντίου
3452 3440 3704 3532 Πιλάτου,
3739 3464 3767 3497 io

391 3532 600 3595 Pontio
626 3535 808 3596 Pilato
868 3535 928 3599 Si
963 3537 1121 3599 enim
1156 3530 1445 3602 Dominus
1478 3540 2030 3601 tulittestimonium

2117 3536 2177 3592 Εἰ
2207 3535 2307 3614 γὰρ
2337 3537 2366 3591 6
2426 3536 2703 3601 Δεσπότης
2767 3533 3122 3613 ἐμαρτύρησε,
3174 3530 3258 3591 διὰ
3309 3532 3359 3588 τί
3413 3534 3577 3608 ἡμεῖς
3636 3531 3773 3587 ἀνα-

385 3619 507 3682 sive
537 3625 901 3704 martyrium,
937 3645 1119 3707 quare
1153 3646 1259 3688 nos
1288 3647 1632 3690 recusamus
1680 3637 1739 3690 et
1784 3636 2030 3690 cuncta-

2114 3621 2466 3704 ϐαλλόμεθα;
2521 3644 2543 3678 α
2604 3633 2706 3683 Τοῦ
2771 3623 3197 3702 μαρτυρήσαντος
3255 3620 3342 3677 ἐπὶ
3401 3620 3618 3678 Ποντίου
3668 3626 3772 3676 Πι-

389 3710 550 3773 mur?
577 3736 603 3767 ‹‹
631 3711 739 3785 Qui
772 3722 1014 3777 testatus
1055 3724 1143 3778 est
1184 3715 1293 3778 sub
1338 3718 1545 3780 Pontio
1578 3718 1783 3781 Pilato.
1824 3743 1849 3773 »
1885 3720 2029 3780 Tes-

2117 3711 2297 3773 λάτου.
2371 3736 2394 3770 ιι
2456 3711 2820 3792 Ἐμαρτύρησε
2889 3713 2990 3790 γὰρ
3045 3708 3112 3765 δι’
3194 3711 3270 3765 ὦν
3339 3708 3618 3790 ἔπραττεν,
3689 3707 3770 3764 ὅτι

386 3807 541 3905 Latus
572 3810 662 3862 est
683 3821 802 3905 ,ρετ
823 3823 890 3866 ea
921 3824 1051 3885 quae
1084 3806 1224 3867 fecit
1249 3806 1403 3886 quod
1434 3807 1560 3886 ipse
1590 3817 1746 3868 esset
1768 3808 2030 3870 Christus

2116 3802 2274 3866 αὐτός
2345 3802 2583 3905 ἐστιναὸ
2625 3800 2849 3905 Χριστρς
2902 3802 2929 3856 6
2988 3800 3112 3905 Υἱιὸς
3169 3804 3263 3855 τοῦ
3307 3804 3460 3856 Θεοῦ.
3498 3797 3771 3905 ρῦτωςὶὸ

386 3889 568 3953 Filius
595 3892 720 3954 Dei.
759 3895 845 3956 [ta
874 3895 1052 3957 habet
1081 3885 1355 3960 Clemens
1380 3885 1631 3975 septimo
1648 3897 2030 3977 Informatio-

2120 3891 2349 3968 Κλήμης
2381 3892 2435 3948 ἐν
2466 3889 2674 3966 ἑϐδόμῳ
2705 3913 2729 3946 ι
2784 3885 3233 3977 Ὺποτυπώσεων.
3268 3911 3291 3944 ι
3365 3909 3389 3944 α
3447 3887 3558 3977 Την
3598 3885 3772 3977 διαλὴν

385 3986 554 4043 nam.
584 4006 608 4035 α
634 3985 851 4044 Bonam
884 3984 1381 4050 confessionem.»
1414 3985 1600 4058 Quam
1632 3975 1796 4049 vocat
1818 3986 2030 4049 bonam

2118 3981 2426 4061 ὁμολογίαν.
2467 4004 2487 4036 ι
2538 3981 2699 4036 Ποίαν
2730 3977 2874 4057 λέγει
2905 3976 3075 4045 καλὴν
3118 3975 3408 4055 ὁμολογίαν
3440 3996 3456 4058 ;
3505 3976 3596 4035 Ἐν
3621 3976 3657 4045 ἦ
3685 3979 3773 4033 καὶ

386 4068 872 4133 confessionem?
929 4073 1071 4135 Eam
1134 4094 1239 4153 per
1291 4094 1465 4155 quam
1531 4076 1837 4138 confessus
1894 4086 2029 4152 est,

2117 4068 2542 4151 αἰνιγματωδῶς,
2601 4067 2921 4147 ὡμολόγησε
2992 4066 3172 4143 μέντοι
3212 4154 3217 4155 7
3258 4067 3401 4126 εἶναι
3457 4065 3612 4131 Θεός.
3676 4066 3773 4122 Εἰ-

384 4158 755 4236 mnigmatice
787 4170 1006 4235 tamen,
1041 4162 1196 4242 quod
1240 4154 1398 4224 Deus
1445 4173 1624 4227 esset.
1681 4166 1742 4225 Si
1790 4164 2029 4246 quidem

2116 4162 2310 4224 πόντος
2367 4161 2467 4239 γὰρ
2525 4165 2618 4215 τοῦ
2675 4156 2927 4231 Πιλάτου,
2988 4157 3032 4213 εἰ
3086 4154 3329 4233 βασὶλεύς
3372 4155 3536 4231 ἐστιν,
3587 4155 3767 4231 εἶπεν,

388 4265 521 4305 cum
553 4247 800 4309 dixisset
834 4250 1075 4325 Pilatus,
1137 4251 1286 4313 Num
1343 4272 1445 4313 rex
1496 4272 1560 4314 es
1612 4254 1721 4316 tu?
1752 4244 1896 4334 Ego,
1930 4255 2028 4315 in-

2113 4254 2256 4331 Ἐγὼ
2285 4254 2356 4317 εἷς
2388 4258 2542 4308 τοῦτο
2566 4248 2886 4328 γεγένημαι,
2926 4269 2948 4303 ι
3014 4247 3125 4314 Τὴν
3172 4244 3392 4314 ἐντολὴν
3417 4244 3683 4334 λᾶσπιλον,
3742 4268 3764 4301 ι

388 4335 616 4413 quit,ad
644 4338 753 4398 hoc
788 4347 954 4399 natus
985 4359 1137 4403 sum.
1187 4364 1208 4396 ιι
1261 4345 1625 4421 Praeceptum
1678 4332 2027 4404 immacula-

2114 4341 2381 4416 Τουτέστι,
2417 4340 2564 4411 Μήτε
2623 4337 2926 4417 δογμάτων,
2972 4337 3112 4411 μήτε
3178 4335 3291 4413 βίου
3340 4332 3538 4440 κηλῖδα
3595 4356 3771 4440 προσ-

388 4436 535 4488 tum.
574 4451 600 4479 ι
649 4426 773 4489 Hoc
805 4436 894 4489 est
937 4446 950 4490 :
1007 4430 1212 4508 Neque
1261 4432 1597 4508 dogmatum
1657 4452 1851 4513 neque
1903 4432 2030 4493 vitae

2113 4430 2442 4512 τριϐόμενον.
2501 4450 2523 4485 (ι
2586 4426 2759 4507 Μέχρι
2788 4431 2888 4493 τῆς
2932 4425 3261 4513 ἐπιφανείας.
3299 4448 3326 4480 n
3366 4425 3564 4504 Μέχρι,
3611 4426 3767 4504 φησὶ,

389 4516 618 4578 macula
675 4535 1008 4597 aspersum.
1053 4540 1075 4575 ιι
1116 4518 1316 4599 Usque
1368 4520 1438 4580 ad
1498 4512 1956 4601 apparitionem.
2002 4546 2023 4581 ι)

2114 4528 2211 4589 τῆς
2257 4521 2499 4600 ἐσχάτης
2560 4539 2651 4574 σου
2708 4516 3004 4582 ἀναπνοῆς.
3068 4512 3215 4571 Ἀλλ’
3277 4512 3441 4577 ο’3τως
3513 4514 3612 4588 μὲν
3650 4514 3766 4601 ,οῦκ

385 4602 584 4685 U~que
616 4605 686 4667 ad
723 4623 1076 4683 ex'remum,
1131 4597 1340 4689 inquit,
1397 4597 1903 4690 tuum—Spiritum.
1949 4611 2030 4673 Ita

2116 4626 2291 4672 εἴπεν.
2322 4597 2532 4671 Ἴ’ὃπως
2579 4604 2636 4662 δὲ
2678 4606 2834 4664 αὐτὸν
2889 4601 3117 4683 διεγείρῃ
3164 4604 3442 4682 μειζόνως,
3489 4604 3587 4669 τῆς
3643 4599 3767 4657 ἐπι-

2250 4702 2260 4710 .
2401 4697 2415 4710 .
2519 4698 2529 4710 .
2573 4698 2594 4710 λ
2767 4703 2787 4710 -
2851 4702 2889 4710 --
2965 4693 2977 4710 ι
3189 4692 3204 4710 ς
3308 4691 3335 4700 -
3448 4688 3525 4710 M-
3702 4694 3728 4705 .-

384 4704 578 4757 tamen
617 4714 731 4755 non
763 4695 1044 4768 dixit,sed
1070 4717 1184 4778 quo
1211 4688 1620 4776 vehementius
1641 4688 1842 4780 ipsum
1865 4700 2027 4762 exci-

2113 4702 2324 4783 ιρανείας
2399 4697 2636 4773 ἐμνήσθη
2700 4703 2793 4752 τοῦ
2851 4693 3058 4771 Κυρίου,
3119 4692 3208 4748 καὶ
3274 4691 3372 4797 τῆς
3443 4688 3598 4757 δόξης
3666 4694 3765 4757 τῆς

384 4792 557 4865 taret,
592 4784 981 4866 apparitionis
1002 4785 1237 4848 Domini
1265 4787 1540 4848 meminit
1584 4797 1640 4849 et
1668 4788 2030 4850 admirandae

2113 4780 2360 4873 φρικτῆς.
2414 4812 2437 4843 ιι
2473 4785 2559 4853 ’ἦν
2589 4795 2798 4863 καιροῖς
2841 4780 3011 4873 ἰδίοις.
3051 4805 3077 4836 ι)
3111 4780 3398 4873 τουτέστι,
3427 4792 3544 4873 τοῖς
3592 4800 3764 4873 προσ-

380 4874 606 4950 glorim.
662 4883 825 4935 249
852 4898 875 4932 α
902 4876 1296 4958 Temporibus
1337 4877 1483 4941 suis.
1515 4902 1540 4933 »
1575 4877 1698 4939 Hoc
1751 4889 1839 4939 est
1887 4900 2029 4941 con-

2113 4866 2326 4953 ηέιουσι,
2397 4890 2517 4939 τοῖς
2577 4871 2986 4954 ἀφωρισμένοις.
3049 4870 3139 4937 Μὴ
3200 4869 3375 4926 τοίνυν
3432 4866 3621 4943 λυποῦ,
3682 4866 3763 4923 ὅτι

2165 4971 2169 4972 ν
2409 4967 2418 4972 .
2745 4952 2757 4972 ε
2993 4960 3003 4972 .
3281 4968 3320 4972 _
3360 4967 3384 4972 _
3609 4958 3622 4972 ς
3741 4965 3763 4972 _

380 4982 487 5023 ven
518 4964 778 5039 entibus,
808 4966 1136 5045 praefinitis.
1173 4968 1258 5029 Ne
1289 4986 1429 5046 ergo
1470 4968 1844 5029 contristeris
1869 4970 2027 5038 quod

371 5053 494 5130 jam
541 5053 690 5113 facta
738 5073 854 5115 non
905 5056 986 5116 fit.
1028 5055 1196 5117 «Ille
1234 5055 1462 5118 beatus.
1495 5082 1520 5112 »
1574 5057 1710 5119 Haec
1758 5058 1833 5120 de
1877 5058 2026 5120 Filio

382 5140 536 5201 dicta
567 5151 704 5203 sunt
736 5162 749 5202 :
780 5162 913 5204 nam
972 5145 1074 5226 qui
1130 5146 1204 5207 ad
1258 5146 1556 5226 judicium
1605 5146 1828 5219 veniet,
1885 5148 1936 5209 is
1971 5156 2028 5209 et

383 5229 760 5308 praesentiam
793 5233 1064 5295 ostendet
1100 5254 1114 5297 :
1149 5235 1305 5314 quod
1338 5236 1385 5296 si
1420 5235 1593 5296 Pater
1620 5235 1691 5297 ad
1729 5236 2023 5316 judicium

384 5336 502 5402 non
532 5319 726 5381 veniet
748 5339 790 5380 so
816 5321 850 5381 d
884 5320 1171 5402 Filiu‘s,de
1204 5343 1275 5385 eo
1312 5325 1411 5405 qui
1449 5333 1731 5387 venturus
1771 5332 1862 5387 est
1903 5327 2027 5388 hzec

382 5406 539 5497 (licita
571 5416 729 5469 sunt.
768 5410 872 5472 [lle
903 5408 1113 5472 beatus
1153 5412 1272 5473 imo
1308 5414 1435 5495 ipsa
1476 5413 1800 5477 beatitudo.
1851 5415 2024 5497 Apud

382 5496 574 5575 ipsum
635 5498 793 5560 enim
844 5498 990 5578 fugit
1038 5519 1259 5562 mceror
1314 5511 1373 5564 et
1438 5503 1631 5566 dolor.
1680 5504 1791 5566 Hic
1847 5496 2022 5567 etiam

383 5593 591 5666 potens
623 5597 709 5649 est
742 5598 799 5650 et
830 5588 1021 5651 bonus
1059 5608 1185 5651 rex.
1239 5589 1366 5653 Non
1426 5612 1569 5672 ergo
1621 5593 1851 5655 timenti
1891 5604 2027 5656 sunt

385 5674 473 5738 illi
510 5677 759 5740 terreni.
809 5701 835 5735 α
880 5679 955 5741 Ει
997 5680 1156 5741 solus
1200 5689 1429 5761 potens.
1484 5707 1509 5739 ι›
1562 5682 1915 5765 Ubicunque
1950 5684 2026 5746 de

2114 4971 2191 5047 μὴ
2228 4967 2331 5036 ἤδη
2362 4967 2600 5045 γέγονεν.
2651 4984 2679 5016 α
2745 4958 2801 5019 Ὀ
2862 4960 3142 5040 μακάριος,
3191 4977 3221 5018 )
3281 4967 3455 5047 ταῦτα
3509 4958 3628 5035 περὶ
3652 4965 3769 5047 ,τοῦ

2112 5043 2232 5116 limi
2262 5043 2496 5137 εἴρηται.
2558 5052 2667 5120 Τὴν
2712 5052 2812 5130 γὰρ
2863 5049 3237 5137 παρουσίαν-ὁ
3309 5045 3604 5137 ἐρχόμενος
3647 5043 3761 5137 δει-

2111 5149 2274 5208 κνύει.
2320 5133 2382 5205 Εἰ
2409 5144 2464 5201 δὲ
2486 5147 2515 5201 ὁ
2546 5142 2731 5219 Πατὴρ
2760 5140 2865 5219 οὗχ
2895 5138 3032 5213 ἥξει,
3067 5135 3186 5194 ἀλλ’
3217 5139 3247 5193 ὁ
3279 5138 3422 5219 Υἱὸς,
3457 5133 3542 5192 ἐπὶ
3571 5136 3764 5214 κρίσιν,

2109 5239 2229 5318 περί
2270 5242 2362 5293 τοῦ
2389 5231 2682 5313 ἐρχομένω
2704 5215 2877 5318 ⁷ταῦτα
2920 5224 3156 5318 εἴρηται.
3290 5215 3676 5318 Ὀ-μανιάριος,
3732 5246 3756 5282 υ

2109 5328 2143 5395 ἡ
2182 5310 2683 5400 ὶαῦτομαιιαριότης.
2744 5313 2874 5396 Παρ²
2961 5316 3104 5389 αὐτῷ
3175 5314 3278 5393 γὰρ
3353 5310 3552 5392 ἀπέδρα
3623 5319 3767 5369 πᾶσα

2109 5415 2250 5482 λύπη
2306 5415 2395 5471 καὶ
2451 5409 2633 5476 ὀδύνη.
2692 5408 2855 5468 Οὗτος
2913 5426 3002 5482 και
3058 5401 3341 5470 δυνάστης.
3411 5404 3500 5459 καὶ
3569 5402 3765 5482 ἀγαθὸς

2108 5503 2377 5583 βασιλεύς.
2439 5504 2511 5560 06
2554 5496 2814 5583 φοϐητέον
2885 5494 2975 5552 οὖν
3042 5493 3163 5555 τοὺς
3224 5492 3511 5572 ἐπιγείους.
3577 5511 3602 5547 α
3666 5493 3766 5550 Καὶ

2110 5566 2268 5671 μόνος
2304 5566 2582 5657 δυνάστηςί
2639 5611 2666 5643 ι)
2712 5566 2871 5644 νΕνθιπι
2919 5583 2980 5641 ἂν
3024 5583 3222 5658 ἀκούῃς
3281 5566 3396 5671 περὶ
3452 5586 3584 5671 μιᾶς
3659 5584 3766 5671 τῶν

2108 5667 2264 5763 τριῶν
2324 5683 2486 5761 ἁγίων
2546 5676 2906 5749 ὑποστάσεων,
2958 5675 2986 5729 6
3047 5671 3208 5749 μόνος
3252 5669 3369 5729 τόδε
3425 5671 3460 5739 ἢ
3499 5667 3640 5749 τόδε,
3684 5669 3763 5745 μὴ
