4132 6420
405 381 524 448 193

1401 380 1790 450 COMMENT.
1838 385 1923 449 IN
1967 380 2212 447 EPIST.
2260 385 2287 447 I
2328 389 2431 452 AD
2472 386 2799 456 TIMOTH.

3687 366 3796 456 194

401 518 535 595 πρὸς
586 514 1000 603 αντιδιαστολὴν
1053 514 1216 597 δέχου
1268 518 1333 573 τὸ
1378 517 1657 597 εἰρημένον
1726 524 1830 575 τῶν
1890 516 2064 574 ἄλλων

2163 534 2266 581 una
2307 522 2480 583 trium
2515 540 2904 603 personarum
2934 523 3193 587 audieris
3242 525 3355 588 hoc
3386 533 3486 588 aut
3515 525 3685 600 illud,
3721 545 3798 588 ne

404 603 517 677 δύο,
549 602 689 661 ἀλλᾶ
715 606 837 685 περὶ
877 610 986 661 τῶν
1012 604 1091 681 μὴ
1121 602 1289 662 ὄντων
1319 605 1439 681 μὲν,
1473 604 1779 684 λογομένων
1821 604 1877 663 δὲ
1905 610 2061 666 θεῶν.

401 689 541 750 Ἰδοὺ
596 693 698 773 γὰρ
756 701 843 750 νῦν
904 696 1022 773 περὶ
1081 693 1174 750 τοῦ
1232 697 1354 752 1⁸ἱοῦ
1434 700 1599 752 ταῦτα
1668 693 1862 774 λέγων,
1931 695 2065 773 ἅπερ

403 783 651 867 ἀλλαχοῦ
679 785 770 842 καὶ
812 786 931 867 περὶ
962 786 1166 866 Πατρὸς
1193 787 1323 867 Δκαὶ
1363 786 1482 866 περὶ
1542 786 1844 862 Πνεύματος
1904 785 2064 865 εἴρη-

401 894 522 951 κεν,
556 865 614 931 ’0
648 873 836 955 μόνος,
882 864 1061 938 εἶπεν,
1081 864 1127 931 ἡ(
1190 864 1249 934 Ὀ
1305 864 1469 951 μόνος
1514 873 1661 955 ἔχων
1690 864 1995 938 ἀθανασίαν,
2039 898 2059 930 ι

407 964 557 1036 Πῶς,
601 964 761 1041 φησὶ,
790 965 1031 1045 περὶτοῦ
1086 969 1219 1021 Θεοῦ
1272 965 1301 1020 ὁ
1343 964 1505 1039 μόνος
1561 962 1706 1044 ἔχων
1762 964 2064 1044 ἀθανασίαν,

406 1051 572 1107 ὁπότε
629 1053 718 1109 καὶ
770 1051 987 1133 ἄγγελοι
1042 1054 1132 1110 καὶ
1187 1055 1357 1131 ψυχαὶ
1414 1054 1500 1110 καὶ
1548 1051 1791 1129 δαίμονες
1854 1053 2070 1133 ἔχουσιν

406 1138 689 1196 ἀθανασίαν
724 1159 741 1222 ς
778 1131 837 1199 Ὀ
857 1131 955 1200 οὖν
972 1141 1167 1222 λέγων,
1207 1164 1229 1197 ι
1274 1135 1332 1200 ι0
1362 1144 1523 1218 μόνος
1545 1141 1691 1222 ἔχων
1720 1131 2062 1217 ἀθανασίαν,ι

408 1230 527 1307 περὶ
554 1236 707 1310 Θεοῦ,
754 1230 791 1298 ἢ
849 1230 1153 1311 ἀφαιρεῖται
1196 1237 1303 1288 τῶν
1360 1231 1651 1311 εἰρημένων
1721 1232 1822 1300 τήν
1878 1232 2067 1289 ἀθανα-

409 1318 549 1392 σίαν,
593 1317 631 1386 ἢ
691 1317 961 1395 ψεύδεται.
1026 1322 1126 1379 Καί
1180 1342 1376 1402 φαμεν,
1436 1319 1517 1376 ὅτι
1562 1322 1706 1378 οὗτοι
1750 1322 1868 1400 περὶ
1910 1323 1986 1377 ὧν
2039 1323 2067 1377 ὁ

407 1404 596 1487 λόγος,
631 1411 724 1466 οὒκ
756 1407 971 1489 ἔχουσιν
1028 1409 1333 1487 ἀθανασίαν,
1396 1407 1535 1466 ἀλλὰ
1592 1409 1912 1489 μετέχουσιν
1966 1412 2068 1468 αὖ-

406 1500 534 1569 τῆς,
582 1495 763 1576 χάριτι
820 1497 917 1554 τοῦ
958 1498 1121 1574 μόνου
1193 1498 1451 1555 ἀθανάτου
1508 1497 1680 1578 φύσει.
1748 1492 1880 1555 Ὑπὸ
1937 1500 2070 1555 Θεοῦ

407 1585 511 1663 γὰρ
553 1584 739 1650 αὐτοῖς
788 1592 948 1645 τοῦτο
1003 1584 1318 1667 δεδώρηται.
1370 1589 1499 1653 Θεὸς
1557 1588 1657 1668 γάρ
1686 1588 1827 1646 ἐστιν
1856 1590 1917 1645 οὗ
1938 1589 2070 1645 πάν-

407 1696 502 1738 τες
557 1674 883 1755 μετέχομεν,
965 1676 1144 1753 ὥσπερ
1211 1683 1319 1733 τῶν
1391 1674 1568 1734 ἄλλων
1634 1681 1742 1734 τῶν
1810 1679 1941 1757 πρὸς
2008 1679 2070 1733 τὸ

410 1776 659 1842 κρεῖττον
689 1764 1006 1842 νοουμένων,
1056 1765 1195 1824 οὕτω
1236 1764 1301 1834 δὴ
1358 1768 1447 1823 καὶ
1501 1765 1807 1832 ἀθανασίας.
1873 1790 1901 1822 α
1946 1769 2069 1832 Φῶς

2149 606 2261 669 hoc
2277 608 2498 673 dictum
2522 612 2779 694 accipias
2799 612 2870 676 ad
2890 612 3212 676 discrimen
3236 614 3482 677 aliarum
3517 614 3794 690 duarum,

2149 696 2253 784 sed
2284 699 2500 762 deillis
2530 701 2630 784 qui
2675 721 2791 764 non
2849 710 2985 764 sunt
3015 709 3073 763 et
3101 711 3297 764 tamen
3357 703 3635 765 dicuntur
3688 703 3793 766 dii.

2148 783 2304 848 Ecce
2328 806 2468 867 ergo
2518 783 2675 852 nunc
2707 791 2780 853 de
2808 790 2960 853 Filio
2993 791 3264 872 loquens,
3294 811 3427 872 quae
3453 792 3592 855 alibi
3623 800 3683 854 et
3721 794 3799 856 de

2156 877 2323 937 Patre
2352 877 2497 940 dixit
2528 887 2587 940 et
2616 879 2692 941 de
2714 878 2977 961 Spiritu:
3033 881 3209 942 Solus
3234 880 3395 942 dicit.
3433 906 3456 938 ι
3492 882 3603 954 Qui
3637 882 3799 945 solus

2152 962 2329 1026 habet
2358 965 2883 1031 immortalitatem.
2924 994 2950 1025 »
2995 969 3303 1042 Quomodo
3349 969 3423 1032 de
3478 969 3601 1033 Deo
3659 971 3802 1035 dicit

2153 1053 2312 1133 quod
2346 1055 2507 1117 solus
2528 1056 2708 1119 habet
2732 1056 3264 1133 immortalitatem,
3288 1075 3420 1120 cum
3447 1067 3506 1120 et
3525 1060 3719 1139 angeli
3745 1068 3803 1122 et

2152 1140 2364 1204 animae
2386 1162 2452 1204 ac
2476 1144 2773 1207 daemones
2796 1145 3051 1208 habeant
3073 1147 3581 1209 immortalitatem
3607 1150 3632 1209 ζ’
3652 1147 3798 1211 Cum

2153 1246 2294 1307 ergo
2326 1231 2401 1291 de
2432 1231 2554 1295 Deo
2585 1233 2727 1295 dicit
2759 1251 2772 1296 :
2828 1233 2940 1307 Qui
2989 1234 3152 1297 solus
3182 1234 3363 1297 habet
3391 1236 3802 1299 immortalita-

2150 1326 2300 1395 tem,
2332 1329 2433 1382 aut
2462 1321 2535 1382 ab
2567 1322 2684 1384 illis
2711 1343 2857 1404 quos
2902 1324 3185 1398 diximus,
3221 1324 3409 1386 aufert
3438 1325 3796 1389 immortali-

2150 1415 2355 1485 tatem,
2392 1412 2816 1477 autmentitur.
2844 1413 2913 1474 Et
2937 1412 3194 1475 dicimus
3215 1412 3371 1494 quod
3404 1413 3463 1475 hi
3492 1414 3564 1476 de
3587 1415 3804 1495 quibus

2154 1503 2244 1558 est
2273 1515 2469 1560 sermo
2502 1519 2619 1562 non
2650 1502 2870 1564 habent
2900 1502 3440 1584 immortalitatem,
3472 1502 3577 1565 sed
3608 1504 3799 1586 ipsam

2155 1586 2532 1668 participant,
2584 1590 2770 1669 gratia
2827 1590 2987 1652 illius
3054 1591 3155 1672 qui
3232 1598 3439 1653 natura
3494 1592 3656 1654 solus
3715 1602 3807 1655 est

2154 1675 2528 1738 immortalis.
2564 1680 2708 1741 Nam
2741 1699 2774 1741 a
2806 1682 2926 1743 Deo
2963 1678 3073 1741 boé
3102 1679 3247 1760 ipsis
3275 1680 3475 1741 datum
3498 1689 3609 1745 est.
3649 1682 3806 1745 Deus

2155 1764 2314 1826 enim
2348 1774 2437 1827 est
2464 1785 2498 1828 a
2527 1786 2642 1848 quo
2675 1787 2884 1830 omnes
2924 1770 3369 1849 participamus,
3404 1769 3799 1850 quemadmo-

408 1854 575 1910 οἰκῶν
632 1853 941 1934 ἀπρόσιτον.
985 1878 1008 1913 ι
1076 1846 1133 1913 Ὀ
1192 1855 1265 1912 ὢν
1336 1856 1740 1936 αὒτοαθανασία,
1780 1857 1903 1937 *καὶ
1957 1862 2068 1935 φῶς

2163 1851 2294 1913 dum
2319 1863 2376 1914 et
2398 1843 2632 1929 alia,'ad
2661 1855 2714 1917 id
2742 1855 2898 1936 quod
2922 1843 3294 1937 praestantius
3314 1843 3403 1917 est
3422 1843 3800 1937 'comparata,

1706 1932 1735 2025 ;’
1780 1932 1908 2025 Ἀρι
1938 1932 2070 2002 ἄλλο

410 2032 475 2114 τὸ
506 2037 617 2111 φῶς
668 2034 757 2089 καὶ
814 2030 946 2089 ἄλλο
1015 2035 1220 2114 αὖτὸςς
1272 2035 1369 2092 Καὶ
1424 2034 1523 2108 μὲν
1591 2033 1831 2114 αὐτοφῶς
1903 2032 2068 2097 ἐστιν,

415 2111 572 2198 (Ορᾷς
601 2118 681 2177 ὅτι
727 2123 817 2178 καὶ
858 2121 985 2181 ὅταν
1043 2111 1289 2202 μέγαντι
1344 2119 1655 2204 φθέγξασθαι
1697 2111 2065 2201 βουληθῶμεν,

410 2208 659 2274 aeuum
697 2211 735 2278 ἦ
764 2209 983 2290 γλῶσσα
1016 2231 1033 2293 ;
1095 2213 1409 2294 Ἀπρόσιτον
1438 2209 1514 2284 δὲ,
1562 2214 1608 2286 ᾧ
1638 2209 1802 2294 οὐδεὶς
1833 2211 2069 2291 προσελ-

408 2301 528 2355 θεῖν
552 2286 891 2357 δύναται-διὰ
928 2286 1030 2370 τὴᾷ
1085 2286 1220 2380 ἄγαν
1275 2300 1649 2381 λαμπρότητα.
1704 2321 1728 2355 α
1775 2286 1885 2359 "Ov.
1927 2300 2070 2358 εἶδεν

411 2385 576 2451 οὒδεὶς
607 2388 918 2468 ἀνθρώπων,
954 2414 984 2446 ι
1047 2388 1175 2450 Οὐδὲ
1227 2390 1329 2471 γὰρ
1395 2395 1489 2446 τοῦ
1546 2392 1667 2446 Υἱοῦ
1708 2391 1805 2458 τὴν
1842 2391 2069 2457 θεότητκ

412 2474 531 2534 εἶδέ
554 2499 659 2551 τις,
706 2478 888 2559 ὥσπερ
930 2479 1047 2539 οὐδὲ
1087 2480 1186 2548 τὴν
1241 2487 1332 2537 τοῦ
1391 2481 1592 2559 Πατρὸς
1649 2482 1737 2559 καὶ
1763 2489 1854 2540 τοῦ
1897 2483 2068 2537 Πνεύ-

414 2585 607 2637 ματος.
642 2566 791 2624 Κατὰ
843 2557 944 2646 γὰρ
988 2567 1088 2636 τὴν
1132 2568 1298 2647 σάρκα
1353 2557 1555 2645 ὡράθη,
1608 2591 1636 2623 ιι
1683 2557 1747 2649 Tt.)
1795 2567 1927 2643 τιμῆ
1982 2562 2071 2623 καὶ

412 2653 631 2731 κράτος.
671 2678 701 2710 ι
761 2656 823 2714 Εἰ
863 2657 900 2725 ἠ
954 2658 1088 2733 τιμὴ
1146 2661 1305 2716 αὐτοῦ
1356 2659 1445 2714 καὶ
1499 2658 1562 2713 τὸ
1619 2657 1809 2737 κράτος
1862 2657 2069 2714 αἰώνιον

413 2745 585 2819 ἔσται,
644 2748 856 2812 πάντως
913 2751 1000 2807 καὶ
1073 2752 1109 2819 ἡ
1178 2750 1455 2831 ἐπιφάνεια
1526 2748 1705 2810 αὖτοῦ.
1776 2742 2071 2830 ιΥπέσχετο

414 2835 518 2914 γάρ
551 2855 566 2871 ·
630 2860 659 2891 α
719 2838 820 2896 Καὶ
873 2837 983 2895 ἰδοὺ
1038 2837 1147 2917 ἐγὼ
1204 2837 1321 2915 μεθ’
1377 2840 1526 2915 ὑμῶν
1583 2836 1733 2918 [εἰμι]
1773 2838 1946 2903 πάσας
1976 2839 2071 2903 τὰς

415 2922 647 3003 ἡμέρας.
686 2948 708 2980 ι

408 1943 476 1998 τὸ
544 1941 851 2021 ἀπρόσιτον,
929 1945 1029 2025 ἆρα
1098 1945 1250 2019 τόπῳ
1302 1943 1721 2025 περιείληπται;

2152 1939 2231 2002 ita
2262 1950 2319 2004 et
2349 1942 2879 2009 immortalitatem.
2919 1970 2946 2001 α
2990 1945 3205 2007 Lucem
3239 1944 3514 2007 habitans
3541 1946 3808 2009 inacces-

2152 2048 2300 2092 sam.
2337 2057 2363 2087 ι)
2399 2031 2509 2104 Qui
2539 2033 2668 2114 ipsa
2708 2043 2795 2095 est
2828 2034 3241 2095 immortalitas
3273 2042 3331 2094 et
3354 2035 3449 2096 lux
3479 2033 3804 2111 inaccessa,

2152 2138 2293 2181 num
2319 2129 2485 2198 putas
2509 2122 2638 2185 loco
2665 2123 3155 2203 circumscriptus
3177 2124 3312 2184 est?
3342 2121 3494 2184 Num
3520 2123 3678 2186 aliud
3712 2132 3805 2186 e~t

2154 2211 2252 2273 lux
2282 2218 2341 2271 et
2371 2209 2527 2272 aliud
2561 2212 2688 2293 ipse
2716 2212 2747 2273 ?
2798 2213 2975 2293 Atqui
3005 2213 3133 2293 ipsa
3162 2212 3258 2274 lux
3292 2220 3401 2274 est.
3435 2212 3617 2275 Vides
3645 2215 3804 2295 quod

2153 2302 2292 2362 dum
2312 2298 2486 2361 etiam
2514 2321 2790 2382 magnum
2811 2302 3030 2383 aliquid
3051 2302 3253 2364 dicere
3275 2302 3567 2377 volumus,
3601 2302 3803 2381 lingua

2151 2391 2450 2474 impotens
2471 2392 2755 2455 ellicitur'!
2772 2391 3084 2455 Inaccessa
3107 2410 3245 2454 vero
3264 2391 3505 2466 dicitur,
3530 2391 3603 2453 ad
3622 2411 3799 2473 quam

2152 2498 2328 2543 nemo
2343 2483 2416 2545 ob
2435 2484 2543 2544 vc-h
2587 2490 2843 2544 mentem
2868 2481 3247 2561 splendorem
3273 2488 3463 2561 potest
3483 2481 3796 2557 accedere,

2160 2595 2187 2627 α
2221 2570 2404 2644 Quem
2432 2591 2607 2633 nemo
2636 2567 3131 2631 vidithdminum.
3166 2593 3188 2625 υ
3226 2568 3431 2649 Neque
3462 2569 3622 2631 enim
3666 2568 3802 2636 Filii

2154 2659 2517 2722 divinitatem
2552 2660 2846 2740 quispiam
2878 2658 3042 2734 vidit,
3071 2657 3577 2739 quemadmodum
3608 2676 3803 2739 neque

2157 2749 2347 2811 Patris
2390 2759 2489 2811 aut
2515 2747 2812 2828 Spiritus:
2849 2766 2983 2810 nam
3015 2747 3343 2808 secundum
3376 2765 3616 2807 carnem
3654 2746 3806 2808 visus

2154 2848 2262 2902 est.
2305 2860 2334 2899 «
2367 2839 2475 2903 Cui
2505 2841 2698 2901 honor
2728 2847 2786 2900 et
2816 2838 3157 2919 imperium.
3198 2861 3224 2893 »
3261 2835 3323 2899 Si
3372 2837 3565 2899 honor
3618 2836 3806 2918 ipsius

2156 2939 2216 2991 et
2239 2929 2556 3009 imperium
2590 2927 3019 3008 sempiternum
3047 2928 3184 3001 erit,
3217 2926 3460 2988 omnino
3493 2927 3669 2987 etiam
3699 2945 3806 3006 ap-

2158 3018 2370 3099 paritio
2398 3018 2604 3099 ipsius.
2640 3017 2920 3079 Promisit
2953 3034 3207 3096 namque
3242 3032 3255 3077 :
3307 3041 3331 3072 α
3368 3014 3519 3078 Ecce
3548 3033 3661 3093 θέο
3695 3033 3803 3077 vo-

2091 3123 2133 3173 c
2157 3106 2389 3169 hiscum
2423 3124 2552 3168 sum
2588 3104 2866 3167 omnibus
2896 3104 3107 3167 diebus
3133 3103 3220 3167 ιϐ.
3262 3128 3284 3162 ι

1043 3200 1295 3257 ΚΕΦᾹΛ.
1329 3184 1442 3258 IH'.

612 3308 640 3341 ι
673 3285 948 3345 Πλουσίων
978 3286 1165 3370 ὁδηγία
1193 3287 1278 3346 ἐπὶ
1307 3291 1407 3358 τὴν
1450 3286 1616 3355 ὅντως
1646 3290 1812 3361 ζωήν,
1849 3311 1878 3345 ι

510 3400 539 3434 ι
585 3387 715 3445 Τοῖς
771 3379 1066 3463 πλουσίοις,
1140 3382 1195 3438 ἐν
1235 3389 1313 3458 τῷ
1364 3382 1452 3440 νῦν
1536 3385 1685 3440 αἰῶνι
1734 3380 2071 3463 παράγγελλε

423 3468 502 3544 μὴ
588 3468 1004 3551 ὑψηλοφρονεῖν,

418 3554 734 3634 ἀδηλότητι,
792 3558 912 3617 ἀλλ’
970 3561 1025 3619 ἐν
1092 3568 1169 3636 τῷ
1227 3569 1343 3637 Θεῷ
1396 3567 1475 3636 τῷ
1548 3569 1730 3643 ζῶντι,
1814 3570 1892 3637 τῷ
1942 3584 2074 3642 παρ-

422 3645 606 3726 έχοντι
660 3650 798 3725 ἡμῖν
849 3649 1021 3708 πάντα
1076 3649 1341 3715 πλουσίως
1416 3652 1489 3716 εἷς
1546 3652 1859 3728 ἆπᾶλαυσιν,
1932 3651 2073 3730 ἀγα-

421 3739 684 3815 θοεργετν,
771 3736 1026 3796 πλουτεῖν
1106 3738 1160 3796 ἐν
1243 3738 1418 3820 ἔργοις
1499 3740 1713 3816 καλοῖς,
1800 3739 2078 3819 εὸμεταδό-

422 3846 546 3888 τους
588 3825 758 3904 εἶναι,
789 3831 1156 3905 κοινωνικοὺς,
1198 3828 1710 3909 ἀποθησαυρίζοντας
1742 3831 1953 3895 ἑαυτοῖς
1985 3833 2078 3888 θε-

425 3912 616 3989 μέλιον
641 3915 807 3974 καλὸν
828 3918 902 3983 εἷς
920 3918 983 3974 τὸ
1004 3916 1222 3999 μέλλον,
1242 3916 1337 3976 ἵνα
1366 3915 1719 3978 ἐπιλάϐωνται
1749 3924 1848 3987 τῆς
1871 3921 2080 3978 αἰωνίου

425 4008 598 4075 ζωῆς.
649 4026 674 4062 ι

509 4092 623 4150 Εἰσὶ
650 4092 752 4172 γὰρ
781 4095 869 4152 καὶ
909 4093 1062 4153 ἄλλοι
1117 4093 1385 4177 πλούσιοι,
1430 4093 1552 4153 ἀλλ’
1603 4097 1699 4154 οὒκ
1739 4095 1795 4153 ἐν
1827 4103 1904 4172 τῷ
1932 4097 2080 4154 αἰωνι

425 4183 619 4259 τούτῳ,
645 4187 705 4242 Οἱ
752 4182 917 4253 ὅντως
969 4184 1233 4261 πλουσιοι,
1282 4188 1330 4243 οἱ
1384 4184 1573 4244 δίκαιοι
1627 4184 1856 4259 δηλαδή,
1909 4207 1937 4245 tt
1991 4188 2082 4255 Μὴ

427 4271 847 4353 ὑψηλοφρονεῖν,
886 4295 910 4332 ι
958 4275 1140 4356 φησίν.
1188 4273 1347 4333 Οὐδὲν
1403 4274 1504 4355 γὰρ
1547 4274 1737 4350 οὕτως,
1790 4277 1864 4341 ὡς
1936 4277 2085 4356 χρή-

2641 3194 2783 3256 950
2810 3193 3054 3258 CAPUT
3096 3192 3312 3258 XVIII.

2400 3285 2697 3348 Deductio
2724 3285 2985 3348 divitum
3014 3283 3096 3346 ad
3123 3300 3337 3346 veram
3363 3284 3576 3347 vitam.

2226 3372 2672 3454 V’l,t'l-19.llis
2688 3376 2790 3452 qui
2801 3375 2868 3435 in
2877 3372 3389 3453 prwsentz'swculo
3410 3373 3628 3435 divites
3641 3377 3808 3446 sunt,

1093 3470 1231 3548 μηδὲ
1313 3471 1593 3540 ἠλπικέναι
1676 3471 1762 3530 ἐπὶ
1816 3461 2074 3530 πλούτου

2163 3466 2501 3544 ρνωσὶρθηε
2520 3462 2673 3525 elato
2693 3464 2818 3526 sint
2842 3462 3074 3537 animo,
3101 3479 3296 3544 neque
3318 3479 3477 3543 spem
3497 3461 3813 3543 ponantin

2157 3555 2417 3615 incertis
2448 3554 2702 3632 divitiis,
2727 3552 2832 3615 sed
2863 3552 2927 3614 in
2954 3552 3073 3614 Deo
3096 3554 3333 3614 vivente
3354 3553 3458 3631 qui
3470 3551 3697 3632 prabet
3714 3567 3817 3613 no-

2159 3641 2245 3704 bis
2276 3642 2484 3703 omnia
2502 3641 2744 3720 a/futim
2765 3641 2846 3703 ad
2860 3641 3210 3719 fruendum,
3234 3647 3300 3702 ut
3324 3640 3729 3719 benefactum,
3747 3646 3816 3703 ut

2158 3730 2378 3793 divites
2399 3733 2523 3793 sint
2545 3730 2827 3809 operibus
2838 3731 3033 3803 bonis,
3047 3736 3112 3793 ut
3139 3729 3352 3807 faciles
3370 3730 3493 3792 sint
3508 3729 3590 3792 ad
3614 3732 3811 3810 impa-

2163 3818 2720 3891 tiendumJibenter
2737 3819 3270 3894 communicantes,
3298 3817 3818 3881 recondmtessibi

2162 3910 2307 3979 ipsis
2323 3909 2780 3987 fundamentum
2807 3907 3029 3971 bonum
3058 3909 3123 3970 in
3140 3914 3463 3986 posterum,
3495 3913 3565 3970 ut
3592 3925 3815 3989 appre-

2163 3999 2428 4062 hendvnt
2458 4001 2649 4061 vitam
2679 4005 2993 4061 wternam.

2244 4090 2670 4170 Suntnamque
2694 4095 2753 4149 et
2789 4086 2892 4149 alii
2927 4086 3161 4165 divites,
3203 4098 3265 4149 at
3293 4106 3413 4149 non
3443 4086 3504 4148 in
3535 4086 3813 4168 prasenti

2167 4177 2407 4253 saeculo,
2440 4178 2539 4259 qui
2571 4195 2707 4239 vere
2738 4176 2957 4240 divites
2977 4186 3137 4253 sunt,
3168 4176 3312 4257 justi
3343 4175 3643 4240 videlicet.
3673 4201 3697 4232 α
3733 4174 3819 4238 Ne

2167 4266 2321 4329 elato
2355 4266 2723 4329 sintauimo.
2778 4291 2806 4321 ιι
2868 4264 3027 4328 Nihil
3087 4268 3247 4328 enim
3306 4285 3473 4347 asque
3531 4266 3696 4327 inflat
3750 4284 3820 4328 ac

434 4382 597 4437 ματα,
625 4367 764 4445 φυσᾷ
789 4364 879 4421 καὶ
934 4354 1258 4445 μετεωρίζει.
1325 4386 1348 4420 ι
1412 4362 1536 4421 Ἐπὶ
1576 4362 1803 4422 πλούτου
1880 4354 2076 4432 ἀδηλό-

2169 4355 2388 4417 elatum
2409 4355 2610 4417 reddit
2630 4355 2896 4419 animum
2920 4367 3098 4437 atque
3120 4355 3386 4437 pecunia;
3411 4362 3471 4416 et
3498 4354 3821 4436 possessio-

433 4469 576 4515 τητι.
616 4440 647 4507 »ν
680 4440 829 4530 υΟρα
885 4458 999 4520 πῶς
1047 4440 1257 4527 αὐτοὺς,
1298 4452 1387 4510 καὶ
1441 4453 1515 4517 ὡς
1577 4452 1835 4523 ἀνοήτους
1863 4451 2076 4514 διαθάλ-

2174 4460 2305 4508 nes.
2342 4470 2368 4502 α
2405 4447 2477 4508 lu
2502 4444 2751 4507 incertis
2779 4444 3024 4509 divitiis.
3057 4469 3085 4501 ι
3147 4443 3294 4507 Vide
3324 4443 3627 4525 quomodo
3660 4443 3823 4524 ipsos

435 4536 540 4623 λει.
571 4537 662 4605 Τίς
693 4540 793 4619 γὰρ
822 4539 908 4598 ἐπὶ
938 4539 1121 4616 ἀδήλῳ
1151 4541 1348 4615 ἐλπίζει
1386 4560 1403 4623 ;
1454 4562 1479 4599 σ
1512 4539 1669 4598 Ἀλλ’
1699 4541 1754 4597 ὲν
1780 4549 1859 4618 τῷ
1889 4549 2027 4619 Θεῷ.
2058 4565 2083 4601 υ

438 4616 496 4685 Ὀ
562 4627 666 4707 γὰρ
710 4616 794 4693 sic
878 4632 1010 4689 Θεὸν
1091 4629 1317 4703 ἐλπίζων
1387 4616 1485 4691 οὒκ
1538 4616 1841 4711 ἐπαίρεται,
1904 4616 2088 4713 φησίν.

441 4736 470 4770 σ
518 4722 606 4790 Τῷ
633 4717 926 4798 παρέχοντι
950 4721 1085 4796 ἡμῖν
1115 4720 1289 4778 πάντα
1320 4719 1608 4783 πλουσίως.
1660 4743 1688 4775 ιι
1738 4722 1904 4786 Αὐτὸς
1962 4722 2088 4801 γὰρ,

434 4802 562 4862 ὅσον
590 4808 665 4871 εἷς
698 4807 857 4879 αὐτὸν
886 4811 985 4877 ἧκε
1016 4810 1185 4868 πάντα
1214 4811 1368 4867 κοινὰ
1416 4807 1614 4891 προῦβη
1637 4831 1678 4865 ιε
1722 4811 1810 4865 καὶ
1867 4808 2088 4891 ἄφθονα,

436 4895 681 4973 οὖρανὸν,
725 4901 857 4973 γῆν,
907 4896 1060 4979 ἀέρα,
1118 4899 1288 4975 ζωὴν,
1349 4887 1573 4979 τροιράςῖ
1636 4896 1786 4955 Ἀλλ’
1812 4900 1849 4967 ἡ
1894 4887 2093 4956 πλεον-

435 4982 546 5049 εξία
599 4981 834 5042 λαϐοῦσα
906 4989 1153 5068 συνεργὸν
1205 4988 1306 5057 τὴν
1362 4985 1688 5065 δυναστείαν,
1747 4987 1923 5046 πολλὰ
1988 4992 2093 5047 τῶν

433 5076 627 5129 κοινῶν
674 5071 1043 5155 ἐσφετερίσατο
1083 5078 1172 5133 καὶ
1229 5076 1478 5144 ἐποίησεν
1522 5074 1659 5135 ἴδια.
1733 5097 1758 5130 ι
1835 5075 2094 5136 Πλουτεῖν

437 5159 491 5216 ἐν
550 5158 732 5241 ἔργοις
789 5161 1007 5229 καλοῖς.
1060 5188 1083 5222 ι
1158 5167 1219 5224 EI
1274 5164 1503 5224 πλοῦτον
1556 5172 1768 5246 ζητεῖς,
1800 5167 1889 5223 τὸν
1929 5164 2093 5231 ὄντως

439 5251 613 5327 ζήτει,
642 5252 734 5309 τὸν
777 5254 871 5309 οὐκ
900 5251 1121 5322 ἄδηλον.
1182 5261 1346 5313 Ποῖον
1377 5254 1444 5324 δὴ
1495 5263 1682 5313 τοῦτον
1717 5270 1735 5330 ;
1781 5256 1853 5313 Τὸ
1895 5254 2095 5334 ἀγαθο-

441 5352 644 5422 εργεῖν,
730 5342 914 5421 φησὶν,
1001 5342 1381 5420 εὐμεταδότους
1463 5343 1632 5420 εἶναι,
1677 5353 1834 5404 τοῦτο
1887 5346 1950 5401 τὸ
1992 5348 2097 5402 τῶν

442 5432 769 5510 χρημάτων,
811 5456 838 5487 α
874 5436 1245 5498 Κοινωνικούς.
1288 5457 1311 5491 ι
1348 5435 1594 5493 Τουτέστι
1651 5434 1874 5513 πράους,
1934 5458 2100 5516 προσ·

440 5535 623 5601 ηνεϊς,
708 5522 959 5602 ἀτύφως,
1046 5520 1552 5602 συγχαταϐατικούς.
1645 5546 1672 5579 α
1759 5524 2095 5592 Ἀποθησαυο

523 5691 591 5742 η
618 5691 829 5757 Matth.
858 5710 1067 5776 xxvm,
1103 5697 1201 5758 20.

2174 4534 2351 4597 etiam
2380 4542 2662 4616 tanquam
2719 4533 3053 4596 insensatos
3099 4532 3522 4596 calumnietur.
3563 4530 3706 4604 Quis
3736 4538 3826 4592 est

2173 4647 2191 4684 t
2208 4624 2333 4687 nim
2355 4624 2456 4707 qui
2479 4629 2679 4705 sperat
2700 4622 2760 4684 in
2783 4624 3011 4685 incerta
3027 4640 3094 4685 re
3115 4622 3140 4683 ’ἰ
3164 4646 3191 4677 α
3222 4620 3339 4683 Sed
3364 4620 3423 4681 in
3441 4619 3590 4682 Deo.
3622 4641 3646 4678 ιι
3674 4616 3821 4707 Nam

2174 4714 2275 4795 qui
2301 4705 2519 4777 in'Deo
2578 4718 2800 4794 sperat,
2858 4731 2977 4774 non
3033 4711 3296 4773 eﬁ‘ertur.
3376 4732 3397 4765 α
3460 4707 3570 4781 Qui
3601 4705 3826 4789 praebet

2174 4801 2349 4864 nobis
2381 4801 2581 4864 omnia
2604 4800 2845 4862 affatim.
2879 4822 2902 4856 ο
2957 4798 3092 4882 Ipse
3115 4798 3335 4861 etenim
3360 4805 3641 4878 quantum
3665 4795 3737 4857 ad
3761 4813 3828 4858 se

2175 4890 2386 4953 attinet
2455 4890 2658 4952 omnia
2712 4887 2993 4951 omnibus
3041 4887 3441 4950 communiter
3496 4883 3825 4966 proposuit,

2176 4981 2355 5043 etiam
2387 4978 2648 5051 abunde,
2682 4977 2919 5053 coelum,
2954 4985 3200 5053 terram,
3262 4994 3423 5051 aera,
3481 4974 3658 5035 vitam
3712 4973 3828 5037 ali-

2178 5082 2402 5133 menta.
2463 5067 2578 5132 Sed
2637 5066 2903 5140 avaritia,
2966 5073 3201 5146 sumpto
3260 5063 3439 5126 simul
3498 5071 3832 5145 potentatus

2178 5159 2421 5233 auxilio,
2455 5156 2639 5218 multa
2669 5174 2799 5237 quae
2849 5163 3016 5217 erant
3046 5153 3386 5217 communia
3417 5152 3530 5216 sibi
3558 5152 3831 5215 vindica-

2178 5250 2282 5331 vit,
2306 5268 2375 5311 ac
2400 5248 2640 5329 propria
2663 5245 2883 5309 etl‘ecit.
2911 5268 2939 5301 α
2961 5242 3038 5307 Ut
3058 5243 3272 5305 divites
3313 5242 3433 5305 siut
3458 5242 3519 5304 in
3550 5241 3834 5324 operibus

2180 5338 2378 5404 bonis.
2415 5360 2439 5396 ιι
2477 5336 2539 5399 Si
2569 5334 2804 5397 divitias
2852 5334 3091 5415 quaeris,
3138 5351 3311 5397 veras
3367 5350 3590 5415 quaere,
3621 5341 3680 5393 et
3711 5349 3834 5393 non

2179 5430 2469 5491 incertas.
2501 5425 2781 5498 Quaenam
2830 5423 2950 5485 illae
2993 5421 3180 5485 sunt?
3238 5424 3425 5498 Bona,
3460 5420 3649 5500 inquit
3676 5437 3834 5499 ope-

2184 5517 2326 5600 rari,
2359 5515 2594 5579 facilem
2653 5532 2787 5576 esse
2844 5512 2917 5574 ad
2975 5511 3465 5594 impartiendum,
3527 5511 3642 5571 hoc
3670 5508 3833 5571 enim
