4132 6418
289 381 402 448 497
1288 384 1682 456 COMMENT.
1731 391 1814 454 IN
1861 381 2101 450 EPIST.
2151 381 2206 446 II
2250 383 2352 446 AD
2395 376 2718 446 TIMOTH.
3557 377 3674 442 198

293 525 481 600 Παύλῳ
549 525 983 603 κατελειψάντων
1039 525 1221 605 αὐτὸν,
1272 523 1593 602 βουλόμενος
1665 525 1694 580 ὁ
1764 520 1934 580 Ἀπό-

2054 517 2478 597 egrinabantur
2498 515 2885 597 reliquissent
2905 515 3099 597 ipsum
3123 517 3326 578 volens
3357 515 3678 598 Apostolus

291 612 470 679 στολος
529 613 704 674 ἐλθεῖν
783 619 1039 694 Τιμρθεον
1122 619 1254 694 πρὸς
1315 615 1495 685 αὐτὸν,
1571 613 1759 694 γράφει
1841 612 1942 669 τὴν

2054 614 2087 668 It
2116 605 2466 668 Timotheus
2486 605 2558 667 ad
2586 610 2778 686 ipsum
2797 606 3047 679 veniret,
3084 605 3292 667 scribit
3319 605 3670 687 Epistolam.

289 702 635 775 Ἐπιστολήν.
671 706 769 764 Καὶ
827 713 1032 784 πρῶτον
1065 693 1173 779 μὲν
1204 702 1365 772 δηλοῖ
1406 708 1550 778 αὐτῷ
1591 693 1941 778 μνήμονεύειν

2054 694 2096 756 lt
2119 695 2372 774 primum
2403 695 2646 776 quidem
2669 693 2893 755 indicat
2913 695 2968 756 ei
2991 695 3149 773 quod
3183 713 3414 758 memor
3453 697 3529 757 sit
3552 705 3677 759 tum

290 793 444 852 αύτοῦ
483 795 547 850 τὸ
581 796 683 862 τῆς
728 792 993 858 εὖσεϐείας
1049 796 1136 851 καὶ
1165 797 1262 863 τῆς
1301 799 1408 850 τῶν
1465 791 1741 871 προγόνων
1784 792 1942 848 αὖτοῦ

2054 784 2258 846 ιίειειὶε
2278 784 2485 866 ipsius,
2515 793 2637 846 tum
2664 784 2800 845 lidei
2826 785 3265 864 progeniturum
3289 785 3677 865 ejus.Deinde

286 883 538 946 πίστεως,
588 871 827 941 ’Ἔπειτα
869 882 1054 959 δηλοῖ,
1087 883 1168 940 ὅτι
1219 885 1266 940 οἱ
1324 883 1430 939 ἀπὸ
1479 880 1682 955 Ἀσίας,
1729 883 1802 937 ὧν
1830 879 1939 937 ἐστι

2057 873 2320 952 igniﬁcat
2347 873 2504 955 quod
2537 873 2596 934 bi
2628 872 2728 953 qui
2786 873 2862 935 ab
2920 873 3062 936 Asia
3117 884 3308 951 erant,
3344 875 3500 937 inter
3529 895 3678 957 quos

286 971 552 1051 Φρύγελος
636 975 724 1030 καὶ
834 963 1183 1054 Ἐρμογένης,
1289 972 1698 1051 ἀπεστράφησαν
1783 971 1940 1026 αύτὸν

2054 964 2349 1044 ’hrygelus
2373 973 2498 1024 erat
2519 973 2577 1025 et
2593 962 3020 1042 Hermogenes,
3045 964 3294 1054 aversati
3317 964 3513 1045 ipsum
3545 968 3671 1027 fue-

287 1062 512 1140 ὂρῶντες
569 1065 728 1121 αὒτοῦ
796 1051 905 1126 τάξ
951 1062 1184 1126 ἁλύσεις.
1261 1061 1418 1136 Μόνῳ
1477 1058 1531 1116 δὲ
1607 1058 1942 1139 Ὀνησιφόρνρ

2055 1062 2178 1128 ant,
2201 1053 2339 1114 visis
2361 1053 2491 1132 ejus
2512 1052 2758 1113 catenis.
2792 1056 2874 1114 De
2894 1052 3022 1114 solo
3043 1051 3414 1134 Onesiphoro
3438 1063 3679 1118 strenue

292 1163 545 1228 μαρτυρεῖ
612 1148 849 1218 σπουδὴν
901 1150 1181 1225 πλείστην,
1271 1151 1360 1206 καὶ
1414 1156 1598 1206 τοῦτον
1654 1147 1941 1214 ἀπεδέξατο

2054 1150 2136 1204 ert
2168 1142 2573 1204 testimonium
2611 1162 2624 1175 ·
2688 1150 2746 1202 et
2798 1142 2956 1203 hunc
2990 1151 3358 1224 susceperat,
3393 1163 3529 1206 cum
3575 1146 3678 1209 ille

296 1238 505 1296 ἐλθόντα
565 1241 638 1304 εἰς
710 1241 812 1308 τὴν
870 1231 1084 1316 Ῥώμην
1145 1240 1232 1296 καὶ
1316 1239 1706 1317 προσςνείναντα
1773 1240 1936 1312 αὐτῷ.

2054 1230 2270 1292 {omam
2304 1232 2563 1292 venisset
2592 1239 2650 1292 et
2678 1231 2831 1309 apud
2868 1249 2933 1293 se
2987 1232 3326 1294 mansisset.
3391 1236 3675 1316 Praecepit

297 1327 654 1408 Παραγγέλλει
699 1327 753 1384 δὲ
791 1331 970 1408 αὺτὸν,
1030 1331 1401 1403 παραιτεῖσθαι
1459 1328 1555 1393 τὰς
1613 1327 1794 1406 μωρὰς
1839 1333 1942 1397 ζη-

2054 1327 2221 1382 .utem
2260 1329 2322 1381 ut
2354 1320 2564 1380 stultas
2613 1320 2830 1408 devitet
2859 1321 3239 1400 quaestiones,
3288 1341 3358 1384 eo
3415 1325 3570 1404 quod
3603 1326 3676 1386 ab

583 1416 670 1474 διὰ
753 1419 812 1474 τὸ
897 1407 964 1484 ἐξ
1009 1421 1178 1477 αὐτῶν
1238 1420 1516 1495 γεννᾶσθαι
1573 1417 1782 1497 μάχας,
1847 1418 1942 1473 Καὶ

2054 1409 2172 1489 psis
2199 1427 2407 1489 pugnae
2429 1409 2712 1470 oriantur.
2738 1407 3048 1489 Siquidem
3072 1409 3424 1490 Hymenaeus
3449 1422 3508 1474 et
3538 1415 3679 1476 Phi-

291 1508 391 1586 γάρ
425 1498 700 1581 ἰ’μέναιος
731 1509 818 1563 καὶ
874 1505 1108 1573 Φιλητὸς
1160 1505 1327 1571 οὕτως
1385 1505 1755 1584 ἐκτραπέντες,
1799 1527 1940 1583 παρ-

2054 1507 2178 1562 etus
2203 1503 2396 1563 aversi
2453 1501 2758 1562 veritatem
2810 1501 3204 1582 reliquerunt,
3265 1503 3532 1567 dicentes
3558 1508 3679 1586 jam

293 1594 490 1664 έϐησαν
570 1597 671 1663 τὴν
752 1595 1027 1669 ἀλήθειαν,
1127 1595 1370 1675 λέγοντες
1473 1595 1758 1655 ἀνάστασιν
1840 1593 1944 1662 ἤδη

2054 1598 2236 1651 actam
2270 1609 2400 1653 esse
2418 1591 2952 1664 resurrectionem,
2977 1600 3034 1651 et
3056 1592 3340 1672 quosdam
3365 1595 3681 1659 subverte-

293 1685 594 1764 γεγονέναι,
680 1685 770 1740 καί
850 1706 998 1749 τινας
1083 1683 1429 1762 ἀνατρέπουσι
1465 1700 1478 1714 ⁸
1570 1682 1774 1760 μᾶλλον
1857 1683 1946 1741 οὖν

2054 1689 2187 1740 'unt.
2224 1678 2407 1758 Magis
2433 1697 2572 1758 ergo
2601 1679 2944 1740 exhortatur
2968 1689 3030 1740 ut
3053 1680 3294 1762 sibiipsi
3330 1685 3592 1746 attendat
3621 1698 3684 1749 et

291 1787 541 1854 παραινεῖ
573 1775 715 1848 αύτῷ
743 1773 1032 1853 προσέχειν
1089 1775 1262 1848 ἑαυτῷ
1327 1775 1416 1830 καὶ
1485 1779 1554 1850 τῇ
1609 1771 1940 1848 διδασκαλίᾳ,

2054 1767 2337 1846 loctrinae,
2369 1787 2436 1829 ac
2467 1768 2615 1829 sciat
2644 1767 2801 1848 quod
2862 1768 2925 1828 in
2987 1770 3268 1832 extremis
3311 1773 3680 1855 temporibus

293 1419 496 1491 τήσεις,

291 1865 381 1920 καὶ
423 1860 609 1920 εἰδέναι
642 1884 730 1937 με,
786 1861 869 1918 ὅτι
913 1862 966 1917 ἐν
1022 1861 1272 1941 ἐσχάτοις
1330 1875 1537 1940 καιροῖς
1581 1861 1788 1920 ἔσονται
1847 1862 1944 1918 ἅν·-

289 1957 490 2031 θρωποι
549 1951 786 2032 φίλαυτοι
846 1952 935 2006 καὶ
991 1949 1266 2030 φιλήδονοι
1333 1949 1535 2027 μᾶλλον
1607 1954 1642 2017 ἢ
1691 1951 1943 2031 φιλόθεοι,

291 2039 662 2121 προϐλέποντα
721 2037 776 2095 δὲ
839 2038 1042 2114 μᾶλλον
1119 2046 1309 2119 ταῦτα,
1370 2037 1741 2120 ἆσφαλίζεσθαι
1823 2041 1944 2104 τοὺς

292 2129 452 2194 λαοὺς
485 2130 560 2203 μή
592 2150 672 2192 τις
703 2126 754 2193 ἐξ
784 2129 957 2185 αὐτῶν
1008 2128 1279 2205 ἆπατηθῇ.
1343 2130 1440 2185 Καὶ
1483 2130 1555 2192 εἰς
1601 2129 1668 2185 τὰ
1712 2127 1813 2196 ἤθη
1865 2127 1941 2201 δὲ,

290 2221 382 2276 καὶ
425 2220 496 2281 εἰς
541 2219 638 2284 τὴν
694 2222 792 2283 τῆς
850 2214 1184 2280 διδασκαλίας
1241 2215 1507 2296 ἀκρίϐειαν
1578 2216 1753 2274 πολλὰ
1809 2240 1945 2296 προ-

291 2308 621 2386 τρεψάμενος
666 2306 823 2364 αὐτὸν
869 2307 958 2362 καὶ
1015 2307 1259 2381 σημάνας
1302 2308 1393 2363 τὸν
1439 2309 1619 2385 καιρὸν
1675 2313 1772 2374 τῆς
1822 2307 1947 2363 ἀνα-

291 2395 488 2460 λύσεως
551 2396 709 2452 αότού
765 2395 1008 2462 ἐνστῆναι
1067 2397 1153 2452 καὶ
1197 2394 1414 2470 μέλλειν
1486 2394 1799 2454 σπένδεσθαι
1859 2398 1948 2453 καὶ

301 2497 606 2561 μαρτυρεῖν,
640 2480 933 2539 ἐνετείλατο
961 2486 1102 2557 αὖτῴ
1131 2481 1304 2540 ἐλθεῖν
1333 2485 1465 2560 πρὸς
1499 2484 1652 2540 αὖεόν
1709 2484 1946 2564 ταχέως,

300 2573 583 2646 χομζοντα
610 2574 702 2628 τὸν
744 2569 1007 2652 φαιλόνην
1061 2575 1150 2627 καὶ
1193 2573 1258 2627 τὰ
1314 2570 1512 2648 βιϐλία.
1565 2575 1837 2652 Παρῄνεσε
1893 2571 1948 2628 δὲ

305 2661 444 2735 αὖτῴ
474 2658 813 2740 Ἀλέξανδρον
841 2661 931 2716 τὸν
961 2659 1168 2740 χαλκέα
1226 2660 1597 2741 φυλάττεσθαι,
1654 2665 1725 2728 ὡς
1779 2661 1952 2720 πολλὰ

300 2751 434 2806 κατὰ
464 2747 822 2825 ἐνδειξάμενον
852 2752 1017 2828 αύτῷ,
1061 2750 1149 2806 καὶ
1200 2749 1365 2814 οὕτως
1408 2749 1610 2807 τελειοῖ
1636 2751 1735 2818 τὴν
1793 2749 1952 2808 Ἐπι-

307 2839 522 2908 στολήν.

894 2935 1362 2988 ΘΕΟΔΩΡΗΤΟΥ.

389 3020 447 3077 Τί
489 3016 554 3088 δή
602 3038 734 3075 ποτε
785 3015 1027 3096 δευτέραν
1069 3017 1256 3098 γράφει
1306 3020 1438 3097 πρὸς
1483 3019 1734 3094 Τιμόθεον
1792 3017 1954 3078 Ἐπι-

2029 1870 2206 1919 erunt
2237 1858 2512 1920 homines
2541 1857 2631 1918 sui
2663 1865 2953 1932 amantes,
2987 1867 3044 1918 et
3093 1859 3450 1939 voluptatum
3487 1863 3686 1944 potius

2030 1963 2205 2025 quam
2227 1945 2330 2006 Dei
2357 1965 2372 2004 :
2399 1964 2654 2025 cumque
2683 1946 2806 2006 haec
2833 1946 3084 2026 amplius
3111 1946 3306 2009 futura
3338 1951 3680 2030 prospiciat,

2033 2033 2282 2114 populos
2315 2034 2542 2095 muniat
2574 2052 2649 2094 ne
2681 2033 2814 2114 quis
2869 2035 2942 2094 ab
3002 2033 3118 2095 illis
3148 2036 3490 2100 seducatur.
3523 2042 3684 2102 Mul-

2032 2130 2279 2203 tumque
2309 2123 2654 2184 exhortatus
2712 2124 2932 2202 ipsum,
2995 2133 3115 2184 tum
3169 2126 3244 2186 tle
3300 2125 3392 2187 his
3451 2147 3580 2208 quae
3609 2129 3683 2190 ad

2032 2229 2230 2272 mores
2253 2213 2573 2292 pertinent,
2600 2220 2718 2272 tum
2736 2213 2810 2273 de
2832 2212 2950 2273 illis
2975 2231 3104 2293 quae
3125 2213 3409 2277 doctrinae
3435 2218 3655 2296 diligen

2031 2301 2170 2362 tiam
2203 2302 2552 2382 respiciunt,
2595 2301 2694 2361 ubi
2721 2300 2895 2362 etiam
2929 2311 3163 2382 tempus
3207 2322 3329 2366 suae
3359 2308 3679 2370 resolutio-

2031 2389 2125 2450 nis
2177 2390 2525 2466 signiﬁcavit
2581 2394 2827 2471 instare,
2857 2390 2999 2450 255
3047 2394 3434 2476 futurumque
3461 2415 3592 2459 esse
3626 2408 3689 2460 ut

2034 2480 2376 2541 immoletur
2399 2489 2454 2540 et
2479 2480 2824 2560 martyrium
2856 2481 3008 2542 lerat
3034 2502 3046 2543 :
3080 2484 3349 2564 praecipit
3381 2496 3440 2546 ut
3471 2487 3587 2548 cito
3611 2489 3684 2549 ad

2034 2586 2098 2628 se
2127 2569 2342 2644 veniat,
2378 2568 2655 2629 deferens
2710 2569 2986 2648 penulam
3048 2587 3103 2630 et
3155 2571 3358 2634 libros.
3394 2575 3692 2638 Admonet

2037 2658 2487 2738 quoqueipsum
2515 2675 2575 2717 ιιι
2611 2658 3011 2720 Alexandrum
3035 2662 3308 2723 aerarium
3358 2675 3581 2747 caveat,
3628 2675 3692 2727 ut

2037 2745 2138 2826 qui
2160 2766 2223 2808 se
2248 2749 2449 2808 multis
2470 2747 2640 2809 malis
2661 2749 2951 2824 aﬂ‘ecerit,
2968 2750 3431 2815 etitaconcudit
3450 2745 3688 2836 Episto-

2041 2835 2182 2897 lam.

2384 2984 2388 2989 .
2610 2925 3117 2990 THEODOllETI.

2119 3015 2305 3088 Quam
2332 3015 2406 3078 ob
2433 3035 2669 3077 causam
2693 3017 2901 3078 scribit
2921 3019 3168 3080 alteram
3209 3021 3282 3082 ad
3313 3023 3688 3086 Timotheum

313 3107 505 3178 στολήν
538 3127 555 3188 ;
592 3107 762 3165 Εἶπεν
807 3106 862 3162 ἐν
903 3114 972 3183 τῇ
998 3107 1208 3186 πρώτῃ,
1261 3105 1492 3189 Ἐλπίζω
1520 3107 1693 3166 ἐλθεῖν
1735 3111 1867 3187 πρὸς
1897 3111 1952 3168 σὲ

2054 3103 2360 3186 Epistulam
2387 3113 2412 3165 γ
2437 3105 2673 3168 Dixerat
2694 3107 2753 3166 in
2779 3107 2964 3186 priori
2991 3129 3002 3167 :
3026 3109 3214 3189 Spero
3233 3129 3327 3172 me
3357 3111 3520 3174 brevi
3547 3132 3690 3176 ven-

310 3185 663 3277 τάχιονίοῦκ
705 3193 935 3280 ἠδυνήθη
994 3195 1266 3258 ἀπελθεῖν.
1322 3185 1472 3264 “Han
1522 3199 1622 3278 γὰρ
1677 3185 1959 3280 κατείχετο

309 3289 409 3344 ὑπὸ
437 3287 698 3366 Νέρωνος.
735 3274 894 3343 ’Ἠδει
925 3286 1036 3361 οὖν,
1060 3285 1174 3342 ἀντὶ
1196 3290 1292 3352 τῆς
1324 3287 1634 3365 παρουσίας,
1671 3287 1960 3366 γράμματα

311 3384 433 3454 γοῦν
475 3376 708 3451 πέμψαι,
742 3377 874 3450 ὁμοῦ
903 3375 1000 3450 μὲν
1034 3376 1096 3430 τὸ
1126 3376 1204 3450 μὴ
1233 3374 1405 3432 ἐλθεῖν
1435 3379 1958 3458 πατραμυθούμενον,

311 3468 445 3542 ὁμοῦ
469 3463 550 3540 δὲ,
581 3462 966 3542 ἐπιῤῥωννύντα
1006 3465 1097 3519 τὸν
1143 3465 1416 3540 Τιμόθεον,
1465 3465 1604 3522 οὕτω
1631 3473 1700 3543 τῇ
1733 3467 1960 3547 φροντίδι

309 3560 406 3623 τῆς
451 3552 773 3620 Ἐκκλησίας
801 3552 1236 3632 ἐγκεχρονικότα.

518 3742 855 3800 ΚΕΦΑΛΑΙΑ
899 3742 1032 3796 τΗΣ
1077 3743 1250 3795 ΠΡΟΣ
1295 3743 1634 3798 rmoeson
1680 3728 1764 3803 θ’.

929 3831 1340 3885 ΕΠΙΣΤΟΛΗΣ.

319 3944 347 3977 ι
379 3909 454 3980 α’.
493 3909 762 3983 ἸΕπαινος
809 3923 909 3987 τῆς
953 3917 1207 3994 Τιμοθέου
1261 3920 1510 3994 πίστεως,
1572 3921 1662 3978 καὶ
1717 3925 1962 4001 προτοᾶτὴ

391 4013 692 4084 ὑπομονῆς,
722 4009 862 4066 κατὰ
901 4009 964 4064 τὸ
984 4007 1184 4087 πρέπον
1212 4006 1280 4084 τῇ
1310 4009 1513 4089 χάριτι,
1547 4009 1602 4066 ἐν
1623 4011 1660 4085 ᾗ
1687 4012 1776 4067 καὶ
1807 4015 1962 4076 αὐτός

391 4121 524 4181 φησι
555 4096 886 4177 διακαρτερεῖ
915 4097 1168 4177 πάσχῳν.
1207 4116 1231 4153 ε

2044 3201 2239 3257 tnrum
2274 3213 2287 3257 :
2324 3214 2442 3256 non
2476 3196 2664 3276 potuit
2693 3205 2887 3258 autem
2944 3198 3242 3277 proﬁcisci
3273 3221 3287 3261 :
3343 3201 3467 3281 jam
3527 3205 3685 3265 enim

2045 3284 2357 3347 tenebatur
2385 3305 2418 3346 a
2446 3284 2702 3347 Nerone.
2739 3284 2900 3366 Opus
2959 3306 3096 3367 ergo
3143 3289 3270 3371 fuit,
3306 3300 3366 3352 ut
3398 3311 3504 3372 pro
3537 3311 3684 3374 prai-

2043 3375 2236 3436 sentia
2268 3375 2496 3436 litteras
2527 3376 2738 3437 saltem
2771 3376 3036 3438 mitteaet
3070 3399 3083 3436 :
3146 3378 3322 3442 simul
3353 3382 3595 3462 quidem
3627 3397 3695 3446 ut

2045 3463 2472 3539 consolaretur,
2509 3483 2580 3526 eo
2612 3466 2769 3545 quod
2802 3485 2921 3527 non
2973 3467 3200 3529 veniret
3232 3487 3246 3532 :
3303 3470 3484 3533 simul
3514 3473 3690 3534 etiam

2047 3562 2109 3617 ut
2125 3552 2501 3617 Timotheum
2529 3555 2906 3618 confirmaret
2928 3555 2989 3617 in
3012 3556 3298 3622 Ecclesiae
3318 3579 3460 3623 cura
3480 3561 3693 3626 deten-

2045 3649 2192 3705 tum.

2167 3732 2309 3793 254
2337 3731 2490 3797 POS
2502 3733 2894 3798 TERIORIS
2921 3739 2971 3796 Α
2987 3735 3038 3795 D
3074 3737 3568 3807 TIMOTIIEUM

2467 3813 2912 3877 EPISTOL/E
2941 3816 3272 3881 CAP/TA.

2049 3913 2106 3970 1.
2155 3907 2608 3972 Commendatio
2638 3910 2781 3989 ﬁdei
2815 3909 3132 3986 Timothei,
3153 3920 3210 3974 et
3230 3914 3582 3978 exhortatio
3616 3917 3696 3978 ad

2127 3996 2519 4060 tolerantiam
2551 3999 2737 4079 juxta
2784 3999 2848 4062 id
2894 4001 3052 4080 quod
3098 4003 3364 4082 gratiam
3415 4003 3598 4080 decet,
3631 4007 3696 4068 in

2129 4103 2249 4166 qua
2273 4095 2326 4150 et
2358 4089 2484 4168 ipse
2512 4090 2782 4168 seipsum
2805 4089 3136 4168 perdurare
3189 4091 3500 4155 tolerando
3530 4095 3698 4158 dicit.

316 4213 348 4245 α
396 4173 474 4266 β’,
522 4186 656 4267 Περί
873 4173 1202 4264 ἁρμοζούσης
1271 4183 1606 4261 μεταδόσεως
1662 4193 1767 4245 τῶν
1817 4190 1952 4246 θείωη

2054 4173 2111 4238 2.
2160 4174 2250 4237 De
2279 4177 2684 4240 conveniendi
2713 4180 3048 4242 traditione
3073 4180 3423 4244 divinorum
3453 4183 3703 4265 dogma-

396 4277 701 4358 δογμάτων.
745 4299 775 4332 3

1990 4295 2036 4347 ο
2133 4272 2281 4328 tum.

327 4391 355 4421 ι
381 4355 612 4445 γ’ξΠερὶ
640 4369 740 4432 τῆς
770 4360 1075 4444 ἇιρρόντιδος
1105 4361 1159 4420 ἐν
1207 4367 1285 4436 τῷ
1313 4370 1400 4422 νῦν
1429 4365 1528 4442 βίῳ
1555 4364 1850 4444 πολιτειας,
1884 4367 1952 4425 ἐπ

2054 4357 2111 4415 5.
2152 4355 2240 4417 De
2255 4357 2711 4445 conversatione
2729 4358 3086 4438 inpraesenti
3108 4363 3238 4423 vita
3257 4360 3393 4422 sine
3419 4363 3702 4426 anxieta-

401 4469 520 4518 ταῖς
547 4455 764 4518 ἀπόνοις
795 4465 1040 4533 τροφαῖς.
1078 4475 1106 4508 3

335 4566 360 4600 ι
397 4535 466 4604 δ’,
506 4545 628 4624 Περὶ
660 4549 758 4611 τῆς
791 4545 864 4607 εἷς
895 4543 1118 4621 Χριστὸν
1146 4544 1374 4608 πίστεως
1422 4546 1510 4601 καὶ
1554 4546 1852 4622 ὑπομονῆς,
1887 4545 1970 4604 ἐπ’

404 4632 569 4692 ἐλπίδι
611 4639 778 4705 ζωῆς.
818 4655 842 4691 υ

2136 4451 2192 4506 te
2215 4461 2229 4507 :
2265 4444 2339 4508 de
2359 4447 2678 4509 alimentis
2694 4463 2825 4526 qua:
2838 4448 2992 4510 citra
3015 4447 3286 4513 laborem
3300 4454 3702 4530 proveniunt.

2055 4537 2117 4600 4.
2151 4537 2239 4599 De
2286 4538 2409 4618 ﬁde
2443 4539 2510 4601 in
2560 4541 2896 4615 Christum,
2945 4549 3002 4604 et
3047 4541 3373 4605 tolerantia
3421 4541 3494 4604 ob
3539 4561 3705 4624 spem

2138 4630 2302 4690 vitm.

331 4747 356 4782 ε
392 4715 459 4786 ε’,
498 4723 622 4803 Περὶ
648 4722 788 4786 θείας
819 4717 1152 4784 διδασκαλίας
1182 4721 1269 4778 καὶ
1297 4721 1411 4799 βίου
1435 4726 1662 4804 καθαροῦ
1703 4725 1792 4782 καὶ
1821 4727 1952 4804 εἷρη·

2056 4717 2119 4779 ὅ.
2154 4716 2245 4779 De
2273 4717 2482 4781 divina
2503 4718 2784 4781 doctrina
2829 4726 2884 4781 et
2927 4720 3056 4782 vita
3098 4737 3258 4802 pura
3308 4737 3382 4782 ac
3425 4721 3698 4801 paci/lca,

404 4821 571 4888 νικοῦ,
601 4813 690 4869 καὶ
717 4812 852 4868 κατὰ
877 4815 983 4866 τῶν
1015 4808 1289 4873 ἐναντίων,
1347 4834 1372 4870 ο

2136 4807 2322 4869 etiam
2350 4824 2493 4887 erga
2521 4807 2932 4870 adversarios.

328 4929 357 4960 ε
526 4900 815 4982 ηρόρῤησις
845 4901 963 4979 περὶ
992 4900 1180 4965 κακίας
1223 4900 1510 4981 ἀνθρώπων
1551 4901 1947 4975 πλεοναζούσης

2059 4895 2120 4961 6.
2152 4895 2520 4959 Vaticinium
2539 4898 2610 4958 de
2622 4897 3296 4962 abundantehominum
3315 4897 3580 4976 malitia,
3599 4919 3712 4982 per

402 4990 687 5059 ἀπατηλῆς
716 4989 1101 5070 ἐλεγχομένης.
1139 5012 1167 5045 3

2140 4987 2348 5064 fucum
2379 4985 2941 5067 reprehensibilem.

329 5108 354 5142 ο
389 5074 461 5156 ζ’,
491 5080 768 5161 Προτροπή
813 5079 909 5147 τῆς
939 5079 1128 5138 ἑαυτοῦ
1175 5079 1454 5154 μιμήσεως
1498 5079 1550 5146 ἐξ
1594 5080 1827 5139 ἐναντίου
1856 5095 1952 5140 τοῖς

2059 5078 2123 5140 ‘7.
2155 5076 2519 5140 Exhortatio
2547 5084 2612 5139 ut
2635 5094 2701 5140 se
2729 5078 3077 5159 imitentur,
3109 5079 3461 5160 opponendo
3488 5099 3549 5144 se
3564 5100 3712 5162 per-

406 5171 644 5272 φαύλοις,
679 5169 733 5225 ἐν
759 5170 1003 5246 ὑπομονῇ
1033 5169 1206 5272 eeo-3.,
1238 5190 1267 5224 3

2142 5173 2333 5230 versis
2362 5169 2431 5230 in
2461 5166 2800 5230 tolerantia
2828 5174 3067 5247 propter
3095 5168 3312 5231 Deum.

331 5287 358 5322 ι
406 5256 487 5331 η’,
535 5261 656 5340 Περὶ
687 5264 796 5316 τῶν
843 5256 1372 5338 καινοτομησάντων,
1421 5260 1508 5324 οἷς
1557 5259 1854 5318 ἀντιτάττει
1885 5261 1952 5317 τὸι

2063 5257 2123 5322 8.
2153 5259 2238 5320 De
2261 5259 2356 5320 his
2377 5258 2484 5338 qui
2499 5274 2654 5319 nova
2669 5257 3323 5339 moliebantur,quibus
3342 5259 3710 5325 Timotheum

407 5354 679 5429 Τίμὸθεον.
735 5372 763 5405 3

2143 5350 2418 5428 Opponit.

330 5465 356 5502 ι
393 5432 460 5504 θ’,
504 5442 623 5522 Περὶ
649 5439 750 5507 τῆς
783 5437 971 5493 ἑαυτοῦ
1015 5433 1317 5510 μελλούσης
1368 5435 1693 5513 ἀναλύσεως,
1729 5438 1814 5496 ἐπὶ
1857 5436 1952 5504 δόξτ

2063 5443 2130 5506 9.
2160 5439 2248 5500 De
2276 5438 2490 5516 futura
2534 5438 2830 5519 suiipsius
2876 5437 3248 5502 resolutione
3295 5439 3377 5502 ad
3423 5449 3714 5506 cateruam

403 5533 608 5606 αἰωνίᾳ.
644 5550 677 5590 )

2149 5529 2439 5609 gloriam.
