4132 6420
303 381 413 446 20l

1268 379 1667 444 COMMENT.
1711 378 1793 442 IN
1840 370 2080 437 EPIST.
2129 374 2190 436 ΙΙ
2232 375 2334 437 ΑΙ)
2374 373 2700 438 TIMOTH.

3583 373 3702 440 202

308 515 488 579 Καλῶς
527 513 583 571 δὲ
628 516 933 582 συνίστησιν
975 514 1182 591 ἑαυτὸν,
1228 513 1322 569 ’ἱνα
1364 513 1452 569 καὶ
1507 511 1570 568 τὸ
1623 509 1834 588 ἀγαπᾷν
1860 510 1956 565 τὸν·

2054 504 2538 585 ιυεηιειιίωοιιιιηι
2570 505 2742 568 multi
2772 505 2874 587 qui
2903 506 3106 586 gloria;
3155 505 3481 588 cupiditate
3532 508 3701 571 ducti

307 605 551 680 Τιμόθεον
582 600 726 678 δείξῃ
762 601 1056 676 ἀληθεύων,
1087 603 1176 660 καὶ
1218 602 1299 677 μὴ
1347 597 1534 680 ἀφίλου
1588 594 1726 672 λάϐῃ
1783 595 1955 672 δόξαν,

305 695 381 769 μὴ
442 691 686 749 ἀπελθὼν
758 693 890 771 πρὸς
950 681 1132 765 α-Βτδν,
1193 691 1280 746 καὶ
1333 697 1496 747 ταῦτα
1566 685 1958 766 ὑποσχόμενος.

309 807 338 838 ε
376 774 466 848 Ὠς
497 779 868 842 ἀδιάλειπτον.
899 804 929 837 ι
965 778 1183 847 Ἐπειδὴ
1241 776 1603 838 ἀδιάλειπτον.
1658 798 1685 829 ¢
1721 773 1814 832 Ἐν
1841 788 1963 839 ταῖς

300 870 512 940 δεήσεσί
559 893 687 946 μου,
744 893 766 924 ε
815 869 933 949 Οὐχ
989 868 1173 934 ἁπλῶς
1217 867 1519 943 μέμνημαι,
1580 861 1698 920 ἀλλ’
1743 863 1797 919 ἐν
1841 876 1966 928 ταῖς

300 959 520 1031 δεήσεσι
578 960 669 1016 καὶ
727 958 914 1022 νυκτὸς
974 958 1062 1014 καὶ
1129 956 1358 1037 ἡμέρας.
1442 977 1472 1010 α
1531 951 1846 1031 Ἐπιποθῶν.
1906 975 1965 1008 σε

302 1049 464 1112 ἰδεῖν,
499 1072 528 1104 ι
565 1050 790 1128 Οὐκοῦν,
841 1048 992 1127 φησὶ,
1045 1047 1293 1114 τοιαύτης
1337 1043 1533 1114 ἡδονῆς
1601 1041 1735 1099 ἑκὼν
1791 1042 1964 1118 ἐμαυ-

306 1140 399 1195 τὸν
428 1136 791 1216 ἆπεστέρησα.
852 1135 1130 1193 Φιλεϊσθαι
1203 1136 1302 1216 γὰρ
1345 1131 1485 1200 ἄξιος
1539 1131 1820 1211 ὑπάρχεις,
1880 1129 1963 1188 διά

308 1249 368 1284 τε
400 1228 465 1284 τὰ
489 1225 708 1306 δάκρυα,
743 1223 829 1281 διά
854 1247 913 1281 τε
943 1225 1041 1293 τὴν
1096 1225 1200 1292 σὴν
1251 1225 1338 1280 καὶ
1384 1223 1482 1291 τὴν
1523 1227 1630 1278 τῶν
1687 1219 1958 1300 προγόνων

307 1318 507 1378 πίστιν,
548 1302 672 1393 ’δρα
697 1313 775 1391 δὲ,
808 1318 869 1374 οὗ
910 1313 1176 1390 βούλεται,
1208 1314 1365 1372 αὐτὸν
1420 1311 1480 1369 ἐκ
1534 1310 1822 1389 προοιμίων
1865 1308 1960 1365 λυ-

308 1413 458 1474 πῆσα
486 1409 558 1472 ὡς
590 1406 668 1482 μὴ
697 1405 1014 1486 ὲρχόμενος,
1058 1402 1177 1462 ἀλλ’
1235 1401 1419 1461 ἐλπίδα
1461 1399 1636 1458 δίδωσι
1682 1407 1775 1458 τοῦ
1831 1399 1960 1457 ἰδεῖν

307 1498 496 1555 απῖιτόν.
539 1497 678 1576 Πρὸς
719 1504 800 1571 τῷ
839 1494 979 1552 τέλει
1027 1492 1107 1566 δὲ,
1151 1495 1212 1551 τὸ
1259 1494 1339 1570 μὴ
1391 1489 1524 1548 ἰδεῖν
1580 1490 1736 1548 αὐτὸν
1790 1489 1866 1576 ἔτι
1909 1489 1962 1545 ἐν

309 1587 466 1664 σαρκὶ
495 1570 682 1665 δηλοῖ,
708 1570 868 1641 εἰπών
904 1601 918 1616 ⁶
961 1607 982 1640 ε
1020 1581 1170 1662 Ἐγὼ
1191 1582 1292 1662 γὰρ
1321 1580 1425 1648 ἤδη
1458 1570 1884 1656 σπένδομαι.εἨ
1908 1576 1962 1634 δὲ

305 1675 451 1740 τάξις
495 1674 629 1742 αὕτη
663 1691 677 1704 ”
728 1675 916 1752 Χάριν,
961 1674 1147 1753 φησὶν,
1178 1670 1297 1752 ἔχω
1349 1677 1428 1745 τῷ
1485 1674 1624 1746 Θεῷ,
1657 1667 1839 1738 ἐπειδή
1871 1690 1962 1724 σου

311 1763 618 1840 μέμνημαι,
653 1763 920 1820 ἐπιποθῶν
974 1783 1032 1818 σε
1075 1759 1232 1836 ἰδεῖν,
1275 1761 1369 1817 ἵνα
1424 1763 1599 1838 χαρᾶς
1668 1755 1958 1836 πληρωθῶ,

2043 593 2316 656 haeresim
2347 601 2636 676 statuunt,
2685 613 2910 674 magnae
2955 594 3379 659 imbecillitatis
3409 596 3524 658 sibi
3547 615 3696 658 con—

2045 682 2258 748 scii.Et
2287 693 2451 746 recte
2482 685 2744 766 seipsum
2777 686 3180 762 commendat,
3202 696 3268 748 ut
3290 687 3472 749 etiam
3503 687 3566 748 in
3597 685 3696 750 di-

2047 772 2289 852 ligendo
2323 773 2638 836 Timotheo
2668 775 2942 836 ostendat
2971 793 3037 836 se
3064 793 3182 838 non
3217 793 3350 838 esse
3400 773 3696 857 fallacem,

2052 880 2246 942 neque
2275 863 2408 942 ejus
2436 881 2615 944 quem
2669 881 2790 924 non
2841 863 3118 943 diligeret
3147 871 3388 946 captare
3415 864 3692 944 gloriam,

2048 967 2183 1012 cum
2213 951 2285 1012 ad
2317 969 2454 1012 eum
2485 951 2784 1031 profectus
2831 971 2952 1013 non
3001 961 3202 1027 esset;
3255 954 3395 1016 licet
3433 959 3610 1015 antea
3637 952 3700 1014 id

2047 1039 2439 1119 promisisset.
2471 1039 2674 1112 «Quod
2702 1040 2859 1102 citra
2889 1040 3072 1103 ullam
3109 1040 3690 1104 intermissionem.»

2045 1126 2214 1200 Quod
2257 1127 2483 1210 absque
2525 1129 3006 1206 intermissione,
3063 1151 3092 1192 ε
3143 1129 3209 1192 In
3253 1129 3703 1212 precationibus

2045 1225 2220 1289 meis.
2251 1224 2380 1288 Non
2408 1226 2658 1306 vulgari,
2691 1230 2796 1302 ait,
2831 1228 3009 1290 modo
3040 1228 3312 1304 memini,
3343 1229 3450 1291 sed
3475 1228 3538 1290 in
3567 1246 3702 1309 pre-

2043 1313 2465 1391 cationibus,et
2493 1323 2670 1380 nocte
2691 1334 2761 1378 ac
2789 1316 2908 1378 die.
2923 1338 2948 1375 (ι
2963 1317 3322 1380 Desiderans
3344 1325 3402 1380 te
3427 1317 3656 1382 videre.
3671 1341 3694 1374 ο

2042 1401 2426 1486 Nequaquam
2457 1405 2636 1484 igitur
2665 1413 2830 1468 tanta
2873 1406 3174 1488 voluptate
3225 1425 3320 1469 me
3369 1407 3702 1471 voluntarie

2047 1493 2699 1572 privavi.257Dignus
2728 1495 2894 1556 enim
2905 1513 2970 1557 es
2996 1495 3100 1576 qui
3126 1495 3504 1571 ameris,tum
3525 1514 3699 1577 prop-

2047 1593 2140 1642 ter
2171 1589 2296 1643 tuas
2325 1581 2636 1663 lacrymas,
2665 1591 2788 1645 tum
2822 1591 3065 1665 propter
3110 1592 3267 1646 tuam
3298 1603 3368 1646 ac
3393 1585 3696 1665 majorum

2045 1676 2280 1731 tuorum
2324 1671 2960 1734 ﬁdem.Animadverte
3009 1680 3210 1736 autem
3252 1673 3411 1755 quod
3459 1674 3612 1736 nolit
3635 1673 3701 1734 in

2043 1758 2289 1820 exordio
2330 1777 2466 1821 eum
2509 1760 2871 1824 contristare
2913 1762 3088 1843 quasi
3131 1781 3252 1824 non
3280 1763 3362 1825 sit
3386 1771 3693 1845 venturus,

311 1854 450 1910 Εἶτα
480 1850 564 1908 διὰ
607 1852 772 1929 μέσου
802 1867 818 1882 ⁸
881 1873 906 1909 (ι
943 1849 1291 1927 Μεμνημὲνος
1334 1871 1428 1908 σου
1474 1853 1582 1903 τῶν
1625 1843 1881 1925 δακρύων.
1931 1870 1960 1902 n

2054 1846 2155 1909 sed
2183 1847 2378 1926 potius
2399 1848 2608 1911 tribuit
2627 1867 2792 1930 spem
2811 1849 3052 1913 videndi
3066 1869 3154 1913 se:
3169 1851 3340 1931 juxta
3359 1843 3536 1913 ﬁnem
3558 1867 3697 1914 vero

313 1941 452 1998 Εἶτα
493 1939 588 1997 ’ἶνα
639 1943 722 2017 μὴ
787 1938 918 2016 δόξῃ
971 1940 1087 2015 εἰκῃ
1143 1937 1341 2019 φιλεῖν,
1389 1936 1532 2015 λέγει
1589 1936 1678 1992 καὶ
1744 1935 1844 2004 τήν
1889 1936 1964 1992 αἶ-

313 2030 432 2086 τίαν
442 2079 457 2092 ,

2045 1935 2333 2012 insinuat,
2362 1935 2521 2017 quod
2553 1955 2677 2000 non
2712 1938 2791 2000 sit
2816 1957 2951 2000 eum
3000 1940 3259 2020 amplius
3305 1939 3374 2001 in.
3397 1957 3576 2001 carne
3605 1939 3696 2000 vi-

2045 2043 2240 2101 surus,
2274 2025 2525 2088 dicens:
2569 2050 2596 2082 α
2640 2027 2764 2106 Ego
2816 2027 2978 2089 enim
3028 2028 3154 2107 jam
3215 2027 3474 2104 delibor,
3506 2053 3533 2085 ι
3574 2027 3700 2090 sive

312 2116 614 2180 immolor.
644 2114 748 2178 Est
775 2121 972 2179 autem
1003 2116 1102 2179 hic
1131 2115 1314 2179 ordo:
1349 2111 1608 2177 Gratiam
1643 2111 1834 2176 habeo
1862 2111 1986 2174 Deo
2017 2114 2295 2195 quoniam
2328 2115 2412 2178 tui
2443 2115 2712 2198 memini,
2751 2116 3100 2179 desiderans
3129 2124 3193 2180 te
3219 2117 3529 2192 videre,ut
3551 2136 3698 2197 gau-

312 2207 414 2269 dio
443 2206 705 2286 replear.
734 2204 967 2268 Deinde
996 2224 1129 2288 quas
1157 2206 1222 2268 in
1248 2204 1445 2266 medio
1477 2203 1689 2266 relicta
1742 2210 1879 2264 sunt
1919 2219 1932 2264 :
1998 2226 2027 2258 α
2060 2205 2290 2266 Memor
2339 2203 2728 2285 lacrymarum
2761 2212 3019 2266 tuarum.
3079 2229 3106 2261 ιο
3167 2206 3575 2281 Postmodum,
3625 2223 3704 2269 ne

315 2305 542 2360 temere
573 2311 778 2358 amare
804 2294 1102 2377 videatur,
1132 2293 1300 2357 addit
1325 2302 1386 2357 et
1415 2311 1685 2356 causam.

402 2410 432 2442 ε
465 2385 820 2462 Μεμνημένος
867 2407 984 2466 σου,
1042 2387 1193 2466 φησὶ,
1266 2390 1371 2441 τῶν
1414 2381 1672 2464 δακρύων.
1736 2405 1762 2442 ι
1839 2393 1971 2444 Ισως

315 2477 414 2555 γὰρ
457 2476 820 2555 χωριζόμενος
865 2481 958 2530 αοῦ
1013 2473 1222 2532 Παύλου
1293 2471 1460 2536 οὕτως
1504 2471 1684 2550 ἤλγει,
1757 2473 1831 2534 ὡς
1881 2470 1969 2526 καὶ

314 2566 578 2645 δακρύειν,
611 2568 684 2624 Τὸ
711 2564 768 2622 δὲ
795 2563 1114 2646 ὑπερϐατὸν,
1153 2588 1177 2621 ε
1245 2565 1546 2622 Ἐπιποθῶν
1591 2583 1649 2619 σε
1689 2558 1822 2619 ἰδεῖν
1877 2559 1970 2616 ἵνα

313 2663 487 2736 χαρᾶς
518 2654 809 2734 πληρωθῶ,
862 2679 889 2710 η
937 2657 1010 2720 ὡς
1039 2660 1137 2720 τῆς
1168 2653 1290 2718 θέας
1323 2654 1492 2728 μόνης
1524 2658 1695 2732 χαρᾶς
1739 2649 1966 2729 πληρω-

309 2751 465 2811 τικῆς
497 2744 867 2823 ὑπαρχούσης.
919 2767 949 2798 ε
980 2741 1356 2820 Ἀνυποκρίτου
1402 2741 1657 2805 πίστεως.
1709 2761 1733 2798 ε
1798 2740 1964 2814 Ἐμε-

314 2836 534 2909 μνήμην
567 2855 686 2906 σου,
733 2834 916 2912 φησὶν,
966 2832 1020 2888 ἐν
1075 2845 1200 2896 ταῖς
1271 2843 1603 2911 προσευχαῖς
1663 2852 1788 2906 μου,
1831 2830 1968 2884 ὑπο-

315 2923 752 2998 μιμνησκόμενος
807 2928 914 2979 τῶν
969 2943 1028 2979 τε
1084 2920 1323 3000 δακρύων
1391 2941 1484 2978 σου
1541 2919 1630 2974 καὶ
1670 2919 1766 2986 τῆς
1837 2916 1966 2974 ἀνυ-

315 3015 562 3094 ποκρίτου
619 3015 868 3079 πίστεως.
922 3037 946 3069 ε
999 3015 1214 3093 Πρῶτον
1281 3013 1334 3070 ἒν
1390 3019 1459 3094 τῇ
1517 3012 1718 3088 μάμμῃ
1757 3033 1874 3071 σου.
1934 3033 1961 3064 ι

320 3093 499 3160 ’Άλλο
573 3103 842 3181 ἐγκώμιον
877 3119 891 3133 ·
964 3102 1050 3160 ὅτι
1105 3102 1223 3160 0’61:
1280 3102 1332 3168 ἐξ
1404 3093 1675 3171 Ἑλλήνων
1735 3102 1796 3156 τὸ
1838 3100 1970 3179 πρὸς

2140 2405 2167 2436 ‹‹
2199 2381 2430 2443 Memor
2457 2380 2846 2462 lacrymarum
2885 2391 3176 2445 tuarum.»
3220 2383 3509 2448 Fortassis
3539 2383 3700 2446 enim

2051 2470 2204 2533 adeo
2234 2470 2474 2534 dolebat
2500 2491 2570 2535 eo
2599 2475 2757 2554 quod
2797 2493 2834 2536 a
2866 2476 3045 2538 Paulo
3093 2484 3402 2557 separatus
3426 2483 3605 2556 esset,
3637 2481 3704 2537 ut

2053 2560 2232 2624 etiam
2257 2561 2817 2643 lacrymareturEst
2840 2574 3037 2630 autem
3061 2565 3449 2647 hyperbaton.
3475 2591 3499 2622 ι
3526 2565 3702 2629 Desi-

2051 2649 2270 2711 derans
2293 2657 2351 2712 te
2381 2650 2582 2715 videre
2615 2660 2677 2714 ut
2705 2653 2918 2732 gaudio
2945 2654 3244 2736 replear,»
3273 2663 3552 2736 tanquam
3573 2655 3705 2735 ipse

2047 2747 2325 2817 aspectus
2367 2740 2586 2818 gaudio
2614 2742 2866 2822 repleat.
2906 2767 2932 2797 α
2965 2742 3136 2805 Fidei
3165 2762 3284 2805 non
3317 2743 3629 2806 simulata.
3673 2766 3698 2804 ι

2049 2823 2183 2902 Tui,
2235 2827 2448 2908 inquit,
2503 2831 2876 2893 mentionem
2924 2831 3041 2893 ieci
3096 2832 3157 2892 in
3203 2831 3485 2912 precibus
3526 2832 3698 2909 meis,

2047 2915 2387 2978 admonitus
2417 2925 2541 2978 tum
2579 2918 2862 2999 lacrymis
2888 2920 3027 2997 tuis,
3062 2928 3185 2981 tum
3216 2921 3334 2982 ﬁde
3364 2940 3484 2983 non
3508 2921 3702 2983 simu-

2049 3003 2188 3066 lata.
2222 3005 2525 3068 «Primum
2561 3007 2623 3068 in
2644 3008 2771 3068 avia
2794 3017 2954 3071 tua.»
2983 3008 3163 3070 Aliud
3186 3009 3523 3071 encomium
3543 3010 3703 3090 quod

2054 3111 2249 3173 neque
2279 3113 2350 3156 ex
2382 3095 2603 3158 ercis
2624 3115 2662 3158 a.
2674 3105 2941 3160 materno
2977 3117 3198 3177 genere
3226 3106 3390 3160 ortus
3421 3108 3572 3174 erat,
3596 3100 3703 3162 sed

316 3195 516 3273 μητρὸς
561 3193 712 3270 γένος
787 3193 885 3269 ἦν,
926 3191 1044 3250 ἀλλ’
1102 3192 1153 3258 ἐξ
1208 3189 1470 3280 Ἰουδαίων
1543 3188 1967 3247 πεπιστευκότων

2054 3201 2126 3244 ex
2153 3182 2376 3245 Judaais
2406 3184 2508 3280 qui
2539 3185 2718 3280 etiam
2751 3187 2813 3248 in
2837 3186 3136 3250 Christum
3161 3187 3701 3280 credeban_t.l’orro

319 3270 548 3362 Χριστῷ.
613 3273 671 3339 ιΟ
727 3280 782 3337 δὲ
825 3282 1014 3340 τούτου
1063 3282 1241 3360 πατὴρ
1303 3270 1518 3348 υΕλλην
1575 3278 1678 3360 ὢν,
1736 3277 1820 3335 διὰ
1875 3279 1966 3334 τὸν

2054 3290 2187 3362 cum
2238 3279 2406 3362 pater
2449 3273 2580 3354 ejus
2625 3276 2870 3339 Graecus
2927 3286 3107 3353 esset,
3152 3286 3316 3339 metu
3359 3276 3703 3340 Judeeorum

314 3370 478 3453 φόϐον
519 3375 628 3427 τῶν
680 3368 941 3428 Ἰουδαίων
1000 3371 1352 3450 περιετμήθη.
1421 3390 1446 3424 ε
1509 3369 1613 3427 Καὶ
1673 3366 1727 3423 ἐν
1850 3390 1967 3443 μη-

313 3463 395 3536 τρί
419 3481 533 3520 σου.
571 3483 600 3514 ε
633 3461 710 3516 Τὰ
739 3463 845 3515 τῶν
903 3460 1180 3539 προγόνων
1223 3458 1492 3538 ἐγκώμια,
1544 3455 1672 3514 ὅταν
1729 3457 1826 3532 μὲν
1880 3457 1968 3512 καὶ

315 3553 480 3623 ἡμεῖς
549 3548 722 3605 ὠτῶν
788 3549 1132 3629 μετέχωμεν,
1184 3550 1260 3610 εἰς
1313 3546 1464 3612 δόξαν
1523 3547 1659 3620 ἡμῖν
1716 3546 1914 3624 γίνεται
1945 3558 1962 3576 ⁸

316 3639 444 3696 ὅταν
471 3634 526 3694 δὲ
557 3638 659 3713 μὴ,
692 3639 998 3715 κατακρίνει
1025 3636 1230 3713 μᾶλλον
1247 3639 1420 3713 ἡμᾶς.
1443 3637 1609 3699 Οὗτος
1637 3633 1692 3690 δὲ
1721 3647 1970 3714 μετεῖχε.

324 3751 353 3782 ε
413 3727 708 3802 Πέπειάμαι
763 3726 886 3805 γὰρ,
951 3727 1132 3807 φησὶν,
1193 3724 1290 3781 ὅτι.
1345 3725 1434 3782 καὶ
1487 3723 1540 3780 ἐν
1613 3722 1718 3784 σοί.
1776 3745 1802 3780 ι
1883 3724 1974 3780 Εἷ-

316 3817 490 3879 κότως
517 3814 606 3871 οὖν
651 3814 1000 3895 ἆωπόκριτον
1041 3816 1237 3881 ταύτην
1269 3813 1440 3894 ἔχεις,
1487 3814 1560 3877 ὡς
1610 3811 1806 3868 ἄνωθεν
1875 3833 1970 3869 τε-

313 3899 718 3977 θεμελιωμένην
742 3903 831 3957 καὶ
873 3900 1179 3958 σαλεύεσθαι
1237 3905 1332 3960 οὐκ
1373 3899 1628 3980 ἔχουσαν.
1683 3920 1706 3954 α
1773 3896 1854 3954 Δι’
1905 3899 1970 3966 ἣν

313 3991 509 4050 αἰτίαν.
546 4012 570 4047 ι
609 3987 831 4057 Ἐπειδὴ
859 3991 1024 4050 ταῦτά
1053 4013 1138 4048 σοι
1167 3987 1398 4066 σύνοιδα,
1455 3989 1640 4069 φησίν,
1709 4012 1737 4044 ε
1805 3985 1970 4046 Ἀνα-

313 4089 582 4158 ζωνπυρεϊν
607 4079 676 4134 τὸ
711 4079 975 4159 χάρισμα.
1029 4102 1053 4136 ε
1109 4081 1448 4160 Χαρισματος
1493 4078 1562 4146 ἦν
1617 4084 1975 4154 πνευματικοῦ

312 4168 634 4244 ἠξιωμένος,
707 4169 795 4224 καὶ
851 4166 1194 4244 συμϐουλεύει
1251 4170 1392 4244 αὐτῷ
1433 4167 1587 4225 τοῦτο
1631 4165 1974 4248 σφοδρότερον

314 4260 404 4316 καὶ
458 4257 830 4338 ἐνεργέστερον
882 4257 1168 4317 ἀποτελεῖν
1211 4257 1296 4316 διὰ
1337 4257 1649 4338 προθυμίας,
1705 4255 1790 4314 διὰ
1847 4279 1977 4335 προ-

320 4352 518 4427 σοχῆς,
565 4345 653 4403 διὰ
711 4348 950 4422 νήψεως.
997 4349 1074 4406 Τὰ
1128 4349 1229 4428 γὰρ
1297 4346 1506 4404 ἐναντία
1563 4348 1764 4404 τούτων
1833 4346 1976 4402 ἀπο-

325 4437 561 4514 μαραίνει
585 4437 744 4510 αὖτὸ,
789 4437 862 4500 ὡς
894 4435 1140 4517 ἀλλαχοῦ
1210 4459 1340 4517 φησι
1375 4455 1389 4470 ’
1430 4457 1453 4492 ιι
1506 4437 1579 4494 Τὸ
1630 4444 1837 4512 πνεῦμα

2049 3361 2444 3423 circumcisus
2473 3371 2582 3426 est.
2623 3385 2647 3419 α
2668 3367 2743 3426 Et
2772 3374 2961 3428 matre
2996 3375 3153 3428 tua.»
3189 3367 3482 3446 Majorum
3516 3385 3703 3428 enco-

2051 3448 2436 3530 mia,quando
2485 3459 2543 3512 et
2583 3471 2693 3514 nos
2739 3453 2981 3516 illorum
3013 3473 3220 3517 sumus
3251 3454 3594 3536 participes,
3626 3455 3706 3516 ad

2050 3538 2300 3618 gloriam
2355 3540 2528 3602 nobis
2582 3542 2984 3621 proveniunt:
3015 3544 3067 3605 si
3112 3561 3252 3606 vero
3282 3543 3355 3606 ab
3389 3544 3477 3606 eis
3524 3543 3705 3606 alieni

2054 3645 2280 3703 sumus,
2317 3628 2508 3708 magis
2539 3647 2650 3692 nos
2679 3632 3084 3696 condemnant
3117 3653 3130 3696 :
3167 3631 3266 3695 hic
3285 3639 3482 3695 autem
3516 3632 3704 3712 parti-

2055 3735 2196 3797 ceps
2223 3726 2366 3780 erat.
2412 3744 2439 3775 α
2471 3722 2683 3783 Certus
2740 3731 2938 3784 autem
3009 3741 3167 3798 sum,
3216 3721 3374 3802 quod
3424 3722 3600 3784 etiam
3643 3721 3705 3782 in

2055 3812 2130 3866 te.
2172 3830 2202 3863 β
2244 3807 2451 3868 Merito
2502 3809 2680 3887 igitur
2725 3811 2882 3872 hanc
2933 3810 3117 3874 habes
3164 3829 3283 3872 non
3339 3810 3706 3890 simulatam,

2055 3901 2254 3974 utpote
2277 3914 2537 3976 superne
2559 3899 2887 3978 fundatam,
2919 3909 2978 3962 et
2998 3918 3129 3980 quae
3157 3899 3396 3962 concuti
3424 3918 3544 3961 non
3575 3918 3710 3980 pos-

2053 3983 2152 4045 sit.
2193 4007 2215 4039 e
2254 3982 2439 4056 Quam
2469 3985 2544 4047 ob
2573 4005 2839 4049 causam.
2873 4013 2902 4045 ι
2935 3987 3228 4060 Quoniam
3259 3988 3388 4049 haec
3409 3987 3471 4048 in
3494 3995 3551 4049 te
3573 4005 3708 4050 esse

2055 4071 2211 4135 novi.
2255 4098 2282 4128 «
2313 4075 2384 4137 Ut
2413 4076 2664 4138 suscites
2695 4077 2919 4139 donum
2947 4077 3080 4140 Dei.
3119 4102 3146 4134 ι
3189 4075 3510 4158 Spirituale
3540 4095 3708 4140 rece-

2057 4169 2224 4241 perat
2253 4163 2504 4238 donum,
2539 4175 2598 4226 et
2626 4165 2836 4228 suadet
2865 4174 2930 4228 ut
2957 4167 3104 4228 illud
3137 4165 3322 4228 animi
3354 4167 3706 4246 promptitu-

2059 4249 2218 4317 dine.
2255 4251 2582 4314 attentione
2609 4261 2669 4314 et
2696 4254 3002 4333 vigilantia
3049 4255 3262 4317 elﬁciat
3291 4255 3710 4318 vehementius

2059 4353 2120 4399 et
2174 4339 2497 4404 efﬁcacius.
2533 4341 2678 4404 Nam
2731 4345 2944 4406 horum
3011 4343 3311 4407 contraria
3360 4343 3706 4424 languidum

2058 4427 2204 4491 illud
2230 4429 2489 4492 reddunt
2518 4433 3021 4512 quemadmodum
3053 4433 3198 4496 alibi
3227 4433 3376 4496 dicit
3410 4451 3422 4496 :
3459 4457 3484 4490 ι
3510 4433 3708 4514 ερὶιίκ

323 4523 592 4615 σβέννυτε.
630 4548 653 4584 ι
693 4557 768 4569 —-
808 4549 836 4580 α
866 4527 966 4582 Διὰ
992 4531 1092 4593 τῆς
1126 4525 1408 4590 ἐπιθέσεως
1437 4528 1541 4582 τῶν
1572 4531 1771 4605 χειρῶν
1801 4545 1924 4600 μου.
1947 4544 1967 4581 ι

2064 4525 2186 4578 tum
2234 4537 2309 4580 ne
2359 4519 2807 4600 exstinguatisi.
2851 4545 2875 4580 ι
2913 4556 2993 4568 --
3030 4547 3054 4579 ιι
3095 4526 3206 4584 Per
3263 4522 3708 4602 impositionem

327 4605 482 4691 "Agna
509 4616 611 4695 γὰρ
642 4616 788 4689 αὖτῷ
811 4627 1005 4694 χεῖρας
1036 4617 1066 4671 ὁ
1121 4615 1330 4679 Παῦλος
1385 4613 1610 4681 ἐπέθηκε
1653 4618 1967 4694 χειροτονῶν

2062 4624 2342 4670 manuum
2407 4627 2694 4672 mearum.
2735 4636 2764 4667 ι
2821 4612 3013 4676 Simul
3065 4610 3226 4674 enim
3283 4619 3346 4671 ut
3375 4608 3593 4671 Paulus
3621 4609 3711 4672 illi

320 4703 625 4764 ἐπίσκοπον,
673 4705 762 4760 καὶ
819 4704 1062 4783 χάρισμα
1103 4701 1329 4770 ἐπῆλθεν
1373 4699 1462 4759 ἐπ’
1508 4702 1678 4778 αὐτῷ,
1723 4704 1798 4765 εἱς
1865 4723 1973 4768 ση-

320 4794 484 4868 μείων
538 4793 778 4866 ποίησιν,
823 4793 896 4856 είς
941 4789 1301 4870 διδασκαλίαν,
1371 4793 1444 4858 εἷς
1514 4789 1834 4870 προστασίαν
1873 4794 1974 4856 τῆς

321 4879 670 4949 Ἐκκλησιις.

409 5082 440 5115 ε
498 5060 572 5117 οὐ
624 5060 726 5139 γὰρ
793 5057 990 5117 ἔδωκεν
1050 5061 1190 5136 ἡμῖν
1246 5061 1275 5115 ὁ
1333 5059 1464 5124 Θεὸς
1522 5059 1699 5134 πεῦμα
1750 5053 1970 5132 δειλίας,

325 5145 462 5204 ἀλλὰ
569 5144 864 5223 δυνάμεως,
950 5151 1038 5204 καὶ
1117 5146 1356 5224 ἀγάπης,
1435 5147 1525 5204 καὶ
1581 5153 1970 5225 σωφρονισμοῦ.

323 5236 414 5304 Μὴ
483 5235 572 5291 οὗν
652 5236 1014 5316 ἐπαισχυνθῇς
1109 5238 1172 5294 τὸ
1264 5236 1546 5314 μαρτύριον
1613 5243 1706 5292 τοῦ
1790 5236 1976 5314 Κυρίου

317 5328 498 5405 ἡμῶν,
570 5324 708 5400 μηδὲ
762 5324 858 5400 ἐμὲ
925 5327 1018 5382 τὸν
1075 5323 1287 5400 δέσμιον
1346 5327 1529 5386 αὐτοῦ.
1601 5320 1768 5380 Ἀλλὰ
1850 5344 1974 5400 συγ-

316 5414 695 5480 κακοπάθησον
773 5421 852 5488 τῷ
919 5413 1250 5492 Εὐαγγελίῳ,
1323 5413 1461 5471 κατὰ
1541 5410 1759 5487 δύναμιν
1843 5419 1976 5469 Θεοῦ

317 5510 412 5562 τοῦ
481 5502 750 5568 σώσαντος
807 5503 974 5578 ἡμᾶς,
1025 5503 1112 5559 καὶ
1178 5499 1498 5565 καλέσαντος
1562 5499 1750 5570 κλήσει
1825 5501 1972 5579 ἁγίᾳ,

403 5665 423 5708 ί
457 5662 480 5726 l
510 5661 727 5724 Thess.
760 5681 817 5743 v,
852 5661 944 5728 19.

610 5825 875 5888 ΡΑπιοι.
913 5825 1026 5888 Gn.
1059 5824 1268 5887 CXIX.

2057 4715 2267 4759 manus
2316 4698 2600 4779 imposuit
2645 4699 2930 4762 ordinans
2961 4701 3155 4781 ipsum
3187 4698 3566 4779 episcopum,
3595 4698 3707 4759 do-

2056 4805 2199 4849 num
2255 4807 2493 4870 quoque
2544 4792 2605 4851 in
2665 4808 2801 4853 eum
2863 4790 3210 4873 supervenit
3266 4791 3339 4851 ad
3401 4788 3708 4869 signorum

2057 4878 2489 4957 operationem,
2519 4877 2595 4940 ad
2635 4878 2967 4944 doctrinam
3026 4887 3089 4941 et
3141 4877 3214 4940 ad
3267 4877 3707 4958 praesidentium

2056 4966 2364 5030 Ecclesia.

2136 5054 2226 5130 Ι,7
2242 5055 2465 5119 -9.Non
2479 5059 2648 5118 enim
2665 5057 2828 5120 dedit
2848 5054 3020 5119 nobis
3043 5056 3210 5120 Deus
3227 5059 3514 5138 spiritum
3536 5058 3708 5120 timi-

2053 5145 2401 5225 ditatis,sed
2410 5148 2694 5225 potentiae
2707 5163 2777 5208 ac
2797 5145 3139 5209 dilectio-nis
3162 5155 3220 5210 et
3241 5146 3712 5209 sobrietatisJVe

2056 5236 2314 5314 ἱρέων-ιε
2323 5236 2545 5315 pudeat
2569 5237 2869 5298 testimoni
2876 5234 3038 5296 i258
3048 5235 3297 5299 Domini
3309 5239 3503 5299 nostri
3521 5253 3713 5316 neque

2054 5326 2174 5386 mei
2201 5325 2308 5404 qui
2327 5343 2461 5386 sum
2485 5325 2723 5388 vinctus
2760 5325 2927 5387 illius
2965 5345 2978 5389 :
3011 5328 3116 5388 sed
3134 5330 3436 5408 particeps
3464 5334 3585 5388 esto
3607 5328 3711 5405 af-

2053 5413 2391 5496 ﬂictionum
2419 5413 2748 5494 Evangelii
2793 5418 2982 5493 juxta
3036 5418 3368 5496 potentium
3422 5414 3565 5491 Dei,
3608 5417 3715 5493 qui

2053 5495 2256 5556 salvos
2287 5496 2428 5572 fecit
2458 5512 2570 5556 nos
2609 5503 2667 5558 et
2716 5504 2954 5559 vocavit
2986 5500 3297 5559 vocatione
3325 5501 3559 5575 sancta,
3590 5513 3714 5557 non
