4132 6414
502 357 622 426 203
1640 361 2060 430 (ECUMENII
2104 352 2400 428 TRICC/E
2439 361 2770 430 EPISCOPI
3808 358 3929 429 204

504 497 838 561 secundum
859 513 1044 579 opera
1055 497 1404 578 nostru,sed
1433 497 1762 560 secundum
1775 497 2139 578 propositum

2226 501 2310 557 ,οὗ
2337 501 2472 558 κατὰ
2502 501 2568 558 τὰ
2596 500 2722 580 ἔργα
2769 503 2947 580 ἡμῶν,
3004 499 3142 557 ἀλλὰ
3186 500 3303 558 κατ’
3361 499 3492 558 ἰὸίαν
3549 502 3803 580 πρόθεσιν
3829 521 3899 556 κα

501 594 558 650 et
579 589 849 667 gratiam
862 605 984 668 qua
1001 587 1162 650 daeta
1179 594 1262 650 est
1293 586 1466 650 nobis
1499 604 1616 668 per
1644 586 1955 650 Christum
1981 586 2139 649 Jesut

2275 589 2429 668 χάριν
2460 590 2557 658 τὴν
2586 587 2826 647 δοθεῖσαν
2855 591 2992 666 ἡμῖν
3021 589 3076 646 ἐν
3106 597 3317 672 Χριστῷ
3344 587 3521 658 Ἰησοῦ
3561 591 3662 670 πρὸ
3705 589 3916 670 χρόνων

508 683 650 738 ante
679 683 953 757 tempora
975 685 1228 740 aetema.

2266 678 2513 741 αἰωνίων.
2549 702 2578 734 ι

588 762 898 836 Quomodo
929 774 1124 828 autem
1148 764 1450 828 suscitabo
1473 765 1697 827 donum
1722 764 1864 828 Dei?
1900 764 1960 827 Si
1990 763 2139 825 virili

2337 770 2458 832 Πῶς
2488 765 2542 824 δὲ
2572 767 2971 848 ἆναζωπυρήσω
2997 769 3059 825 τὸ
3107 768 3348 849 χάρισμα
3393 779 3488 829 τοῦ
3545 775 3677 826 Θεοῦ
3709 786 3726 844 ;
3787 768 3914 827 Ἐὰν

510 859 604 915 ter
632 853 709 916 ad
741 853 1100 916 tentationes
1131 854 1544 916 etaﬂ'ectiones
1558 853 2139 934 permanseris.cNon

2249 862 2379 934 στῆς
2435 857 2564 935 πρὸς
2608 857 2933 937 πειρασμοῦς
2994 857 3272 938 γενναίως.
3336 877 3365 917 ι
3425 862 3498 917 Οῦ
3552 859 3654 938 γὰρ
3717 856 3910 914 ἔδωκεν

507 941 670 1004 enim
701 941 876 1006 nobis
906 941 1073 1005 dedit
1099 941 1256 1005 Deus
1287 942 1563 1023 spiritum
1600 942 1957 1015 timiditatis,
1999 967 2026 997 ω
2061 940 2139 1002 Εε

2246 947 2381 1020 ἡμῖν
2411 954 2617 1023 πνεῦμα
2674 946 2891 1010 δειλίας,
2951 971 2979 1004 ι
3034 937 3160 1004 "Et".
3212 948 3314 1027 γὰρ
3356 948 3444 1003 καὶ
3502 937 3734 1022 πνεῦμα,
3788 952 3906 1004 οἷον

508 1031 667 1092 enim
702 1039 792 1094 est
821 1031 1068 1114 spiritus
1115 1032 1241 1093 sive
1297 1031 1520 1093 donum
1553 1030 1912 1111 timiditatis,
1947 1047 2139 1112 quem

2247 1035 2486 1115 χάρισμα
2541 1033 2758 1113 δειλίας,
2813 1039 2887 1101 ὡς
2946 1036 3001 1093 ἐν
3043 1050 3165 1100 ταῖς
3210 1033 3510 1099 Βασιλείαις
3567 1034 3697 1116 φησί
3729 1052 3743 1067 ·
3805 1037 3906 1094 Καὶ

507 1119 828 1183 admodum
877 1120 940 1182 in
977 1119 1147 1182 libris
1196 1123 1421 1198 Regum
1456 1118 1539 1180 ait
1573 1140 1586 1183 :
1626 1123 1697 1182 Et
1727 1119 1943 1182 cecidit
1984 1136 2139 1198 supet

2246 1123 2500 1181 ἐπέπεσεν
2569 1124 2652 1182 ἐπ’
2709 1127 2892 1191 αὐτοὺς
2946 1132 3154 1202 πνεῦμα
3209 1123 3426 1199 δειλίας,
3472 1123 3591 1182 ’έθνα
3648 1124 3899 1204 συμφέρει

505 1208 644 1272 illos
693 1209 936 1292 spiritus
995 1209 1354 1285 timiditatis,
1409 1208 1512 1270 ubi
1559 1209 1708 1270 utile
1760 1209 2006 1270 omnino
2035 1224 2136 1269 era

2244 1213 2456 1277 πάντως
2496 1214 2558 1270 τὸ
2617 1211 2813 1286 δειλιᾷν
2848 1233 2866 1248 ⁸
2907 1213 3027 1271 ἀλλ’
3083 1216 3244 1291 ἡμῖν,
3277 1215 3429 1294 φησὶ,
3475 1215 3720 1294 χάρισμα
3749 1215 3899 1270 δυνά-

509 1298 867 1363 timere.Sed
901 1297 1420 1381 potentiaa,inquit,
1445 1297 1669 1360 donum
1698 1297 1897 1359 datum
1928 1303 2018 1358 est
2048 1313 2139 1358 no-

2245 1324 2386 1377 μεως
2428 1300 2652 1363 δέδοται.
2694 1326 2722 1359 α
2761 1305 3068 1380 Δυνάμεως.
3117 1326 3140 1360 ο
3191 1308 3301 1371 Τῆς
3356 1304 3487 1382 πρὸς
3549 1303 3895 1383 πειρασμούς.

509 1386 629 1449 bis.
669 1410 692 1445 ι
728 1388 1037 1451 Potentiae.
1073 1412 1096 1447 ιι
1134 1386 1277 1460 Quas
1306 1393 1396 1449 est
1432 1385 1718 1448 adversus
1775 1385 2134 1474 tentationes

2243 1391 2512 1471 Ἀγάπης.
2573 1415 2596 1449 ι
2659 1398 2768 1459 Τῆς
2829 1395 2957 1472 πρὸς
3013 1393 3132 1458 τοὺς
3202 1390 3476 1474 ἀδελφούς,
3545 1416 3572 1447 ι
3629 1400 3892 1473 Σωφρονι·

514 1500 544 1532 cr
574 1475 942 1540 Dilectionis.
980 1501 1008 1534 ι
1045 1476 1191 1549 Quae
1220 1484 1309 1539 est
1339 1493 1481 1554 erga
1509 1476 1744 1538 fratres.
1790 1498 1812 1532 ι
1846 1472 2139 1538 Sobrieta-

2243 1487 2400 1556 σμοῦ.
2451 1504 2480 1536 ι
2542 1483 2664 1559 Περὶ
2715 1483 2826 1558 βίον
2885 1481 3058 1561 ὀρθόν.
3093 1481 3210 1562 Ἐφ’
3253 1472 3418 1539 ἃπασι
3460 1479 3516 1538 δὲ
3545 1472 3776 1556 τούτοις,
3808 1484 3898 1540 καὶ

510 1565 606 1628 tis.
646 1590 671 1626 ι
709 1567 882 1630 Circa
908 1574 1136 1629 rectam
1168 1566 1371 1629 vitam.
1406 1566 1490 1628 Im
1522 1565 1618 1629 bis
1648 1574 1846 1628 autem
1881 1563 2139 1627 omnibu:

2240 1571 2383 1646 ἡμᾶς
2415 1569 2772 1628 συνεισεκτέον
2809 1571 2911 1638 τὴν
2954 1573 3265 1650 προθυμίαν.
3329 1593 3358 1626 σ
3424 1570 3513 1637 Μὴ
3582 1571 3679 1627 οὖν
3733 1569 3896 1627 ἐπαι-

509 1655 822 1722 inferenda
851 1659 1026 1719 etiam
1060 1663 1151 1719 est
1177 1673 1213 1718 a
1251 1654 1426 1717 nobis
1479 1654 1666 1717 animi
1723 1652 2128 1736 promptitudo

2241 1662 2474 1738 σχυνθῇς
2519 1661 2581 1716 τὸ
2652 1661 2930 1739 μαρτύριον
2987 1666 3080 1716 τοῦ
3139 1661 3324 1739 Κυρίου
3382 1659 3558 1735 ἡμῶν.
3624 1682 3648 1718 ο
3700 1659 3896 1716 Πολλοὶ

505 1743 593 1807 Ne
619 1745 802 1825 igitur
824 1755 882 1808 te
899 1745 1117 1826 pudeat
1139 1744 1463 1807 testimonii
1488 1743 1728 1806 Domini
1749 1742 1959 1805 nostri.
1974 1741 2139 1805 »Μυιε

2240 1746 2522 1826 τρισάθλιοι
2577 1746 2836 1828 ἄνθρωποι
2896 1748 3180 1827 λογισμοῖς
3242 1749 3584 1827 ἀνθρωπίνοις
3640 1751 3702 1805 τὸ
3756 1749 3893 1805 κατᾶ

511 1832 555 1896 ti
594 1833 871 1896 homines
919 1833 1270 1904 miserrimi,
1317 1832 1783 1913 dispensationis
1813 1830 2139 1918 mysteriun

2239 1837 2339 1904 τὴν
2418 1838 2718 1913 οἰκονομίαν
2807 1837 3132 1910 ἐξετάζοντες
3231 1839 3547 1918 μσστήριον,
3632 1839 3894 1918 αἰσχύνην

501 1922 670 2002 juxta
726 1923 1020 1986 humanas
1069 1922 1333 1984 rationes
1379 1921 1826 2007 investigantes,
1863 1917 2139 2007 pudorem

2241 1925 2383 1982 εἶναι
2443 1925 2711 2007 λέγουσιν,
2769 1928 2814 1982 εἰ
2856 1929 2946 1983 τὸν
3006 1929 3126 1983 Υἱὸν
3181 1933 3274 1983 τοῦ
3346 1933 3477 1983 Θεοῦ
3532 1917 3891 2006 σταυρωθέντα

509 2001 644 2074 esse
672 2011 880 2075 dicunt
909 2011 960 2074 si
991 2010 1099 2073 Dei
1127 2010 1343 2074 Filium
1373 2001 1723 2073 cruciﬁxum
1771 2026 1902 2071 esse
1934 2006 2154 2089 praedi-

503 2108 731 2176 carent,
764 2101 1116 2182 ignorantes
1146 2100 1288 2181 quid
1314 2099 1647 2180 praestitum
1679 2099 1754 2160 sit
1777 2115 1884 2178 per
1912 2114 2153 2158 crucem

502 2199 564 2254 et
593 2198 850 2253 mortem
901 2189 1160 2254 Domini.
1193 2187 1279 2251 Te
1337 2188 1512 2268 igitur
1554 2207 1629 2250 ne
1659 2188 1902 2270 pudeat,
1930 2185 2145 2267 inquit,

503 2279 834 2342 testimonii
864 2278 988 2343 sive
1017 2277 1426 2360 martyrii,hoc
1466 2285 1556 2341 est
1585 2275 1879 2358 passionis
1901 2274 2142 2349 Christi,

503 2368 614 2430 sed
649 2368 839 2431 libere
869 2367 1144 2450 pmdica.
1176 2392 1204 2424 α
1236 2366 1443 2449 Neque
1473 2365 1592 2428 mei
1623 2365 1726 2447 qui
1755 2382 1884 2426 sum
1915 2363 2148 2424 vinctus

502 2455 685 2521 illius.
724 2482 750 2514 ι)
786 2455 988 2539 Neque
1037 2464 1096 2518 te
1131 2455 1350 2538 pudeat
1379 2455 1533 2538 quod
1585 2473 1721 2517 eum
1769 2454 1871 2533 qui
1913 2453 2146 2514 vinctus

503 2552 594 2606 est
621 2545 841 2608 habeas
872 2543 1394 2626 praceptorem.Si
1423 2543 1582 2606 enim
1616 2543 1886 2606 Christus
1905 2540 1980 2602 ob
2012 2558 2148 2602 cru-

503 2651 634 2698 cem
689 2653 808 2698 non
857 2633 1116 2710 erubuit,
1171 2651 1368 2715 neque
1424 2651 1532 2712 ego
1573 2631 1648 2694 ob
1673 2630 1932 2692 vincula.
1972 2653 1996 2686 ιι
2033 2627 2148 2690 Sed

503 2723 796 2804 particeps
827 2731 957 2786 esto
987 2721 1441 2786 atﬂictionum.»
1464 2720 1584 2783 Nec
1603 2720 1794 2782 solum
1817 2727 1874 2781 te
1895 2735 2016 2779 non
2037 2735 2148 2796 pu-

503 2811 1056 2889 deat,verumetiam
1100 2829 1217 2873 una
1247 2829 1482 2874 mecum
1512 2809 1812 2892 particeps
1843 2814 1969 2869 esto
1992 2805 2151 2868 afﬂi-

502 2899 765 2962 ctionum
787 2917 800 2964 :
823 2900 937 2962 hoc
982 2898 1166 2974 est,Si
1195 2907 1256 2962 et
1275 2907 1334 2962 te
1357 2905 1624 2980 oporteat
1652 2894 1994 2978 hujusmodi
2033 2893 2153 2974 pati

510 2995 750 3069 prOpter
778 2987 1184 3067 Evangelium,
1218 3005 1295 3050 ne
1326 2985 1635 3048 formides.
1666 2983 1812 3046 Nam
1843 2983 1958 3045 hoc
1979 2998 2152 3062 supe-

2237 2013 2536 2094 κηρύξαιεν,
2594 2015 2906 2093 ἂγνοοῦντες
2973 2015 3025 2072 τί
3080 2019 3415 2095 κατωρθοῦτο
3464 2013 3548 2072 διὰ
3589 2022 3682 2072 τοῦ
3735 2037 3893 2072 σταυ-

2238 2114 2330 2181 ροῦ
2355 2105 2442 2161 καὶ
2482 2109 2575 2162 τοῦ
2629 2105 2853 2161 θανάτου
2907 2106 3003 2162 τοῦ
3058 2105 3296 2184 Κυρίου.⁶
3340 2107 3413 2160 Σὺ
3456 2103 3569 2179 οὖν,
3614 2105 3765 2184 φησὶ,
3810 2105 3892 2180 μὴ

2238 2192 2596 2273 ἐπαισχυνθῇς
2670 2195 2731 2250 τὸ
2797 2193 3103 2274 μαρτύριον,
3161 2193 3420 2269 τουτέστι,
3481 2197 3572 2250 τὸν
3644 2195 3890 2274 σταυρὸν,

2229 2290 2322 2338 τοῦ
2377 2288 2630 2364 Χριστοῦ,
2702 2282 2840 2340 ἀλλὰ
2897 2284 3129 2364 κήρυσσε
3172 2283 3456 2363 παρρησίᾳ,
3513 2305 3534 2338 α
3600 2280 3747 2350 Μηδὲ
3790 2281 3893 2359 ἐμὲ

2229 2372 2318 2429 τὸν
2349 2369 2584 2448 δέσμιον.
2622 2395 2646 2432 ι
2710 2371 2883 2447 Μηδὲ,
2941 2371 3020 2429 ὅτι
3078 2371 3226 2453 ἔχεις
3284 2370 3496 2447 δέσμιον
3548 2369 3887 2452 διδάσκαλον,

2230 2459 2608 2540 ἐπαισχυνθῇς.
2672 2463 2730 2520 Εἰ
2787 2463 2886 2542 γὰρ
2939 2463 2968 2518 ὁ
3026 2464 3248 2540 Χριστὸς
3307 2461 3402 2518 ούκ
3445 2461 3759 2540 ἐπησχύνθη
3789 2463 3892 2517 τὸν

2232 2549 2473 2628 σταυρὸν,
2521 2547 2638 2604 οὐδὲ
2689 2549 2796 2628 ἐγὼ
2853 2550 2919 2606 τὰ
2959 2547 3150 2626 δεσμά.
3214 2573 3241 2605 ε
3301 2547 3468 2607 Ἀλλὰ
3526 2549 3874 2626 συγκακοπά-

2230 2640 2415 2704 θησον.
2455 2660 2484 2693 ι
2535 2639 2633 2696 Καὶ
2687 2639 2766 2714 μῆ
2822 2639 3154 2719 ἐπαισχυθῆς
3198 2639 3382 2715 μόνον,
3437 2635 3573 2698 αλλὰ
3615 2639 3703 2693 καὶ
3761 2659 3888 2716 συγ-

2232 2727 2609 2794 κακοπάθησον
2666 2725 2786 2803 μετ’
2842 2727 2972 2804 ἐμοῦ
3005 2744 3020 2759 °
3080 2727 3370 2801 τουτέστιν,
3433 2728 3492 2784 Εἰ
3534 2723 3639 2782 δέοι
3689 2726 3776 2781 καὶ
3823 2727 3884 2780 σὲ

2234 2821 2450 2872 τοιαῦτα
2507 2818 2696 2872 παθεῖν
2751 2814 2836 2871 διὰ
2891 2817 2953 2872 τὸ
3024 2815 3371 2896 Εὖαγγέλιον,
3435 2815 3513 2892 μὴ
3584 2812 3882 2892 δειλιάσῃς.

2235 2911 2398 2962 Τοῦτο
2465 2906 2564 2985 γὰρ
2631 2904 2841 2981 ᾐνίξατο
2911 2906 2999 2961 καὶ
3068 2905 3178 2961 ἅνω
3233 2905 3353 2962 ἔνθα
3415 2905 3597 2984 φησὶν,
3655 2903 3727 2962 Οὒ
3784 2906 3885 2983 γὰρ

2236 2991 2491 3070 ἐλάϐομεν
2550 2994 2756 3070 πνεύμα
2808 2991 3028 3068 δειλίας,
3083 2993 3222 3052 ἀλλὰ
3276 2992 3570 3070 δυνάμεως.
3651 3013 3675 3048 α
3737 2994 3883 3050 Κατὰ

505 3075 632 3137 rius
655 3094 891 3158 quoque
913 3075 1239 3152 innuit,ubi
1264 3077 1345 3138 ait
1359 3073 1510 3163 :Non
1531 3075 1860 3154 accipimus
1879 3071 2139 3163 spiritum

2236 3081 2451 3158 δύναμιν
2523 3090 2675 3146 Θεοῦ.
2738 3083 2878 3140 Ε’ίτα
2932 3085 3022 3140 καὶ
3078 3083 3360 3163 προτρέπει
3409 3082 3588 3144 αὐτόν,
3626 3082 3738 3163 ,Μὴ
3781 3083 3881 3163 γὰρ

500 3163 975 3238 timiditatis,sed
1008 3164 1332 3246 potestatis.
1373 3185 1399 3222 ιι
1422 3162 1596 3226 Juxta
1624 3163 1732 3225 Dei
1759 3159 2146 3243 potentiam.»

507 3252 745 3315 Deinde
776 3255 954 3316 etiam
986 3252 1331 3316 exhortatur
1362 3253 1686 3314 illum.Non
1703 3250 1862 3312 enim
1889 3247 2148 3330 propria,

503 3339 720 3422 inquit,
777 3345 1036 3422 potentia
1085 3341 1245 3405 vales
1294 3341 1590 3403 sustinere
1633 3338 2011 3412 amictiones,
2043 3335 2150 3398 sed

506 3427 665 3491 Deus
715 3429 1057 3508 hujusmodi
1111 3430 1279 3492 dedit
1334 3428 1615 3510 dabitque
1671 3426 2029 3509 potentiam,
2089 3433 2150 3486 tu

508 3518 684 3580 modo
739 3518 802 3579 id
853 3520 1065 3581 alteras
1113 3526 1181 3580 ut
1222 3518 1284 3580 in
1332 3519 1447 3581 boc
1498 3525 1804 3599 promptus
1835 3516 1941 3578 sis.
1976 3537 1999 3572 ιι
2037 3513 2150 3586 Qui

503 3607 697 3669 salvos
719 3607 861 3670 fecit
891 3608 1166 3672 nos.-Ad
1201 3609 1326 3669 hac
1357 3607 1743 3689 probationes
1772 3611 2050 3667 recenset
2075 3604 2150 3665 de

507 3694 705 3757 divino
723 3697 944 3759 auxilio
968 3716 1038 3759 ac
1067 3697 1491 3778 potentia,quaa
1514 3695 1574 3756 id
1599 3694 1780 3758 efﬁcit
1809 3701 1871 3755 ut
1900 3693 2153 3755 viriliter

505 3784 830 3848 toleremus
879 3787 1238 3849 amictiones
1269 3793 1331 3848 et
1358 3786 1633 3865 injurias.
1667 3782 1896 3858 Salvos,
1927 3782 2146 3863 inquit,

499 3871 638 3936 iecit
668 3893 776 3937 nos
805 3875 881 3938 de
911 3884 1100 3938 morte
1125 3874 1378 3956 peccati,
1413 3883 1472 3937 et
1493 3872 1719 3936 vocavit
1752 3890 1858 3934 nos
1887 3870 2146 3933 vocatio-

496 3961 661 4026 tione
671 3972 878 4028 sancta
889 3983 1022 4026 cum
1042 3963 1638 4027 obsurdesceremus:
1671 3980 1790 4024 non
1804 3960 1966 4040 quod
1983 3959 2148 4039 digni

500 4067 771 4114 essemus
798 4053 1130 4128 vocatione,
1157 4051 1296 4113 259
1324 4053 1432 4114 sed
1451 4051 1580 4132 ipse
1609 4070 1716 4112 suo
1754 4049 2054 4131 proposito
2087 4055 2146 4108 et

491 4139 678 4217 gratia
709 4141 823 4202 hoc
853 4141 1068 4205 effecit.
1102 4140 1216 4213 Qui
1260 4141 1457 4220 igitur,
1491 4140 1680 4221 inquit
1707 4140 1868 4220 (nam
1901 4140 2025 4199 haec
2055 4144 2144 4199 est

490 4230 839 4310 sententia),
859 4229 1000 4292 dum
1034 4229 1262 4291 inimici
1293 4247 1562 4292 essemus
1589 4229 1672 4291 ita
1705 4246 1846 4307 erga
1894 4245 2005 4288 nos
2034 4227 2143 4288 fuit

495 4317 765 4395 aﬂ‘ectus,
817 4319 1002 4380 multo
1035 4318 1224 4396 magis
1255 4336 1389 4380 cum
1426 4317 1605 4378 amici
1653 4317 1790 4378 facti
1840 4317 2047 4393 simus,
2085 4324 2142 4377 et

2237 3173 2424 3252 οἰκείᾳ,
2485 3173 2637 3252 φησὶ,
2683 3169 2896 3248 δυνάμει
2949 3170 3095 3252 ἔχεις
3124 3161 3559 3252 κακοπαθῆσαι,
3623 3161 3680 3228 Ὀ
3752 3161 3881 3235 Θεὸς

2234 3260 2332 3329 τὴν
2361 3261 2614 3327 τοιαύτην
2656 3257 2818 3317 ἔδωκέ
2847 3282 2903 3317 τε
2961 3261 3049 3318 καὶ
3102 3259 3257 3318 δώσει
3311 3258 3526 3336 δύναμιν
3563 3276 3578 3292 ⁸
3625 3261 3686 3316 σὺ
3717 3260 3878 3335 μόνον

2234 3351 2295 3404 τὸ
2337 3353 2735 3430 προθυμηθῆναι
2764 3349 3036 3429 εἰσάγαγε.
3096 3369 3119 3404 0
3168 3358 3270 3408 T06
3311 3348 3578 3414 σώσαντος
3633 3349 3798 3424 ἡμᾶς.
3850 3373 3877 3404 ι

2235 3438 2372 3494 Εἶτα
2429 3439 2516 3494 καὶ
2571 3443 2668 3504 τῆς
2728 3436 3070 3518 συμπράξεως
3127 3437 3219 3495 τοῦ
3275 3444 3408 3494 Θεοῦ
3465 3439 3551 3493 καὶ
3591 3441 3692 3503 τῆς
3736 3436 3883 3498 δυνά-

2232 3546 2399 3600 μεως,
2445 3531 2543 3593 τῆς
2573 3525 2746 3607 φέρειν
2797 3527 3049 3604 γενναίως
3081 3526 3339 3592 ποιούσης
3383 3527 3504 3590 τοὺς
3552 3526 3874 3607 πειρασμοὺς

2228 3616 2317 3670 καὶ
2344 3615 2444 3682 τὴν
2469 3603 2844 3690 κακοπάθειαν,
2895 3613 3039 3695 λέγει
3097 3615 3189 3682 τὰς
3244 3611 3555 3679 ἀποδείξεις.
3619 3603 3870 3670 ’Έσωσεν

2231 3705 2398 3784 ἡμᾶς,
2456 3705 2639 3784 φησὶν,
2698 3703 2758 3760 ἐκ
2811 3710 2905 3761 τοῦ
2959 3705 3183 3763 θανάτου
3239 3709 3340 3771 τῆς
3423 3701 3702 3780 ἂμοφτίας,
3785 3704 3870 3758 καὶ

2231 3791 2480 3849 ἐκάλεσεν
2535 3795 2680 3870 ἡμᾶς
2735 3791 2922 3864 κλήσει
3006 3793 3152 3873 ἁγία,
3234 3793 3689 3871 ἀποπιρτῶντας,
3777 3791 3871 3847 ούκ

2230 3879 2412 3949 ἐπειδή
2466 3879 2600 3948 ἄξιοι
2657 3887 2793 3958 ῆμεν
2847 3887 2945 3948 τῆς
3003 3881 3273 3959 κλήσεως,
3334 3878 3452 3937 ἀλλ’
3511 3880 3665 3944 αὐτὸς
3711 3881 3876 3951 οἰκείᾳ

2228 3969 2466 4048 προθέσει
2522 3971 2610 4026 καὶ
2659 3971 2840 4051 χάριτι
2883 3979 3035 4030 τοῦτο
3103 3970 3413 4038 πεποίηκεν.
3476 3960 3534 4027 Ὀ
3593 3968 3704 4045 οῦν,
3750 3969 3878 4048 φησὶ

2229 4058 2403 4136 (τοῦτο
2431 4059 2532 4138 γὰρ
2576 4059 2636 4116 τὸ
2683 4057 3070 4141 ἀποτέλεσμα),
3129 4059 3350 4140 ἐχθροὺς
3410 4057 3566 4123 ὄντας
3608 4057 3747 4115 οὕτω
3795 4056 3878 4113 δι-

2223 4147 2493 4227 τεθεικὼς,
2568 4145 2752 4222 πολλῷ
2809 4145 3010 4224 μᾶλλον
3066 4147 3236 4227 φίλοις
3307 4146 3554 4226 γεγονόσι
3603 4147 3690 4202 καὶ
3747 4146 3879 4224 ὑπὲρ

2223 4238 2382 4294 αὐτοῦ
2428 4239 2754 4294 κακοπαθεῖν
2807 4235 3136 4314 βουληθεῖσι,
3181 4233 3340 4292 δώσει
3394 4233 3610 4310 δύναμιν
3670 4235 3744 4299 εἰς
3812 4236 3875 4290 τὸ

2221 4325 2605 4403 περιγενέσθαι.
2669 4349 2698 4380 α
2776 4327 2875 4384 Καὶ
2945 4326 3103 4406 χάριν
3171 4324 3270 4392 τὴν
3327 4321 3568 4380 δοθεῖσαν
3626 4325 3764 4398 ἡμῖν
3815 4323 3872 4380 ἐν

486 4422 594 4485 pro
625 4422 699 4467 eo
729 4405 913 4486 aﬂligi
943 4406 1270 4488 cupiamus.
1298 4409 1626 4487 potentiam
1648 4406 1810 4467 dabit
1841 4413 1904 4466 ut
1933 4405 2005 4466 ad
2026 4424 2136 4483 vir.

2226 4422 2451 4493 Χριστῷ.
2488 4437 2518 4470 ι
2556 4416 2824 4473 Δείκνυσιν
2852 4405 3024 4472 ὅτιτὸ
3079 4413 3290 4483 δοθῆναι
3336 4415 3476 4489 ἡμῖν
3528 4413 3713 4492 χάριτι
3768 4414 3871 4481 τὴν

487 4500 641 4555 tutes
672 4495 1011 4558 evadamus.
1052 4519 1079 4552 α
1113 4494 1186 4558 Et
1215 4495 1460 4572 gratiam
1495 4513 1628 4576 qna;
1658 4495 1794 4556 data
1825 4503 1914 4555 est
1962 4495 2134 4556 nobis

483 4600 591 4663 per
615 4583 938 4647 Christum.
977 4609 1003 4640 ιο
1039 4582 1312 4648 Ostendit
1341 4583 1496 4663 quod
1521 4583 1774 4646 salutem
1800 4582 1972 4644 nobis
2007 4583 2133 4644 dari

479 4689 589 4752 per
617 4669 1078 4746 Chrisium(nam
1106 4673 1160 4730 ἕν
1176 4673 1405 4754 capitur
1431 4690 1537 4754 pro
1557 4672 1660 4749 διὰ,
1671 4674 1730 4735 id
1749 4671 2136 4752 est,in,prop-

481 4762 769 4840 ter)antea
796 4762 1232 4843 prmﬁguratum
1256 4769 1383 4823 erat
1403 4769 1541 4823 ante
1576 4769 1840 4843 tempora
1873 4768 2121 4823 eterna.

557 4856 602 4930 Ι,
618 4857 741 4918 104
756 4857 791 4920 4
803 4903 818 4918 .
837 4856 1157 4936 Manifesta
1172 4863 1256 4917 est
1275 4865 1481 4918 autem
1498 4873 1660 4918 nunc
1669 4873 1780 4934 per
1793 4857 2122 4936 apparitio-

475 4959 618 5005 uem
629 4945 975 5008 Saluatoris
985 4943 1708 5025 nostriJesuChristz',qut
1723 4951 1981 5007 mortem
1992 4946 2124 5024 qui-

475 5030 612 5093 dem
647 5033 910 5096 abotevit
934 5083 950 5116 ,
976 5036 1166 5097 vitam
1195 5041 1393 5096 autem
1416 5034 1484 5094 in
1509 5033 1697 5095 lucem
1721 5033 2021 5114 produxit
2050 5051 2122 5096 ac

472 5121 994 5186 immortat-itatem
1019 5140 1127 5203 per
1166 5123 1598 5202 Evangelz'um,
1651 5125 1716 5183 in
1755 5123 1912 5202 quod
1956 5123 2121 5202 posi-

469 5213 570 5268 tus
599 5225 734 5269 sum
763 5226 871 5290 ego
900 5228 1131 5291 preaeco
1182 5219 1239 5272 et
1283 5210 1585 5290 apostolus
1628 5227 1698 5275 ac
1735 5212 1943 5274 doctor
1969 5230 2118 5294 gen-

477 5300 633 5356 tium
661 5313 680 5357 :
711 5313 899 5377 quam
927 5297 998 5361 ob
1026 5316 1275 5362 causam
1319 5305 1503 5362 etiam
1548 5317 1660 5362 nec
1699 5303 1927 5382 patior,
1955 5309 2118 5364 atta-

469 5401 606 5446 men
649 5401 770 5447 non
823 5386 1128 5451 erubesco.
1164 5389 1319 5452 Novi
1372 5391 1539 5450 enim
1586 5395 1688 5452 cui
1733 5390 2116 5473 crediderim,

470 5481 787 5553 certusque
811 5492 948 5537 sum
976 5477 1133 5556 quod
1159 5484 1366 5558 potens
1411 5479 1489 5538 sit
1536 5478 1873 5558 depositum
1918 5497 2118 5543 meum

469 5562 769 5626 e'ustodc're
789 5565 856 5627 tu
877 5563 1054 5630 illum
1067 5565 1246 5632 diem.
1278 5567 1564 5630 Formam
1588 5567 1801 5630 habeto
1827 5584 2113 5632 sanorum

2165 5127 2488 5207 ,ἀφθαρσίαν
2572 5125 2655 5184 διὰ
2754 5132 2846 5182 τοῦ
2953 5125 3295 5207 Εύαγγελίου,

2218 4506 2480 4582 σωτηρίαν
2541 4501 2626 4559 διὰ
2681 4511 2775 4561 τοῦ
2831 4512 3054 4585 Χριστοῦ
3095 4505 3270 4581 (τοῦτο
3325 4501 3468 4581 λέγει
3529 4502 3582 4556 ἐν
3655 4509 3869 4580 Χριστῷ

2216 4590 2446 4672 Ἰησοῦ),
2498 4591 2970 4671 προτετυπωμένον
3051 4598 3119 4660 ῆν
3194 4590 3389 4650 ἄνωθεν
3485 4591 3586 4669 πρὸ
3653 4590 3869 4670 χρόνων

2216 4681 2460 4741 αἰωνίων.

2295 4882 2323 4915 α
2369 4861 2774 4939 Φανερωθεῐσαν
2829 4857 2884 4914 δὲ
2941 4868 3029 4919 νῦν
3088 4857 3172 4916 διὰ
3229 4861 3330 4927 τῆς
3385 4859 3686 4939 ἐπιφανείας
3770 4866 3868 4916 τοῦ

2207 4950 2458 5028 Σωτῆρος
2553 4950 2710 5024 ἡμῶν
2811 4945 2988 5031 Ἰησοῦ
3071 4955 3320 5028 Χριστοῦ,
3427 4949 3865 5027 καταργήσαντος

2205 5039 2303 5113 μὲν
2385 5039 2477 5094 τὸν
2584 5038 2828 5110 θάνατον,
2944 5037 3270 5117 φωτίσαντος
3380 5034 3436 5093 δὲ
3547 5043 3692 5108 ζωην
3773 5037 3865 5092 καὶ

3398 5128 3471 5191 εἰς
3557 5126 3585 5181 ὃ
3671 5123 3860 5192 ἐτέθην

2204 5215 2312 5294 ἐγὼ
2385 5216 2546 5296 κήρυξ
2612 5217 2701 5273 καὶ
2768 5215 3068 5280 ἀπόστολος
3125 5217 3214 5272 καὶ
3269 5214 3586 5281 διδάσκαλος
3669 5214 3856 5290 ἐθνῶν,

2202 5301 2268 5358 δι’
2339 5304 2404 5370 ῆν
2461 5305 2628 5361 αἰτίαν
2686 5304 2774 5359 καὶ
2841 5313 3006 5363 ταῦτα
3063 5305 3288 5385 πάσχω,
3351 5301 3470 5360 ἀλλ’
3543 5305 3636 5360 οὐκ
3694 5303 3856 5359 ἐπαι-

2201 5393 2490 5472 σχύνομαι,
2577 5391 2712 5450 Οἶδα
2794 5394 2896 5472 γὰρ
2978 5397 3024 5468 ᾧ
3105 5393 3448 5469 πεπίστευκα,
3521 5393 3609 5450 καὶ
3657 5391 3857 5449 πέπει-

2203 5505 2358 5557 σμαι,
2446 5480 2526 5538 ὅτι
2609 5480 2824 5548 δυνατός
2938 5483 3048 5541 ἐστι
3154 5483 3254 5550 τῆν
3357 5483 3669 5562 παραθήκην
3753 5503 3857 5558 μου

2204 5569 2424 5652 φυλάξαι
2510 5573 2581 5635 εἰς
2676 5573 2883 5641 ἐκείνην
2976 5575 3077 5642 τὴν
3167 5572 3393 5653 ἡμέραν.
3485 5564 3861 5630 ’Υποτύπωσιν
