4132 6418
224 385 348 451 205

1240 387 1645 453 COMMENT.
1683 386 1769 451 IN
1813 380 2055 447 EPIST.
2104 381 2177 445 II:
2200 382 2306 446 AD
2350 383 2672 447 TIMOTH.

3508 387 3633 467 206

234 521 333 602 ἔχε
358 522 705 599 ὑγιαινόντων
736 520 913 601 λόγων
953 524 1029 577 ὧν
1055 521 1180 602 παρ’
1208 522 1337 600 ἐμοῦ
1365 521 1597 590 ἤκουσας
1626 520 1682 579 ἐν
1712 522 1881 578 πίστει

1966 532 2314 580 sermonum
2337 534 2489 596 quos
2511 534 2548 579 α
2579 535 2678 581 me
2705 519 2942 583 audisti
2962 538 3083 602 per
3110 520 3288 601 ﬁdem
3329 526 3386 585 et
3414 523 3627 587 chari-

229 612 318 667 καὶ
344 610 527 689 ἆγάπη
551 616 623 688 τῇ
651 611 709 669 ἐν
753 617 963 691 Χριστῷ
991 609 1190 679 Ἰησοῦ.
1225 613 1335 680 Τὴν
1361 610 1537 679 καλὴν
1568 611 1879 691 παραθήκην

231 697 451 781 φύλαξον
520 698 607 756 διὰ
680 700 987 776 Πνεύματος
1062 700 1213 779 ἁγίου
1281 708 1375 759 τοῦ
1444 698 1770 766 ἐνοικοῦντος
1827 699 1883 756 ὲν

228 791 386 863 ἡμῖν.
438 810 467 844 ι

311 866 464 945 ’Ἠδη
525 877 626 954 μὲν
681 876 847 937 πάλαι
890 879 952 935 τὸ
994 882 1229 947 σωθῆναι
1265 879 1411 954 ἡμᾶς
1453 880 1881 957 προετετόπωτο,

224 972 314 1023 νῦν
385 964 441 1022 δὲ
504 966 566 1023 ἐκ
620 971 722 1034 τῆς
776 966 1223 1047 ἒνανθρωπήσεως
1276 973 1369 1026 τοῦ
1423 973 1674 1048 Σωτῆρος
1730 970 1883 1046 ἡμῶν

226 1060 383 1130 Θεοῦ,
441 1055 630 1135 γέγονε
700 1054 1028 1138 καταφανές.
1123 1048 1187 1115 Ἠ
1244 1058 1345 1138 γὰρ
1428 1057 1669 1127 τοιαύτη
1717 1056 1882 1135 βουλὴ

226 1150 326 1199 τοῦ
367 1150 524 1221 Θεοῦ,
584 1145 645 1202 τὸ
704 1146 935 1212 σωθῆναι
989 1147 1079 1203 τὸν
1126 1146 1330 1223 κόσμον
1388 1144 1472 1203 διὰ
1499 1152 1598 1215 τῆς
1626 1169 1881 1224 πιστεως,

232 1238 327 1287 νῦν
372 1234 458 1290 καὶ
497 1236 591 1293 οὐκ
645 1232 840 1291 ἄλλοτε
895 1232 1082 1315 γέγονε
1136 1236 1468 1316 καταφανής.
1531 1259 1561 1292 ι
1595 1237 1881 1317 Καταργή-

229 1342 424 1386 σανιος
481 1323 579 1398 μὲν
632 1325 725 1380 τὸν
781 1323 1026 1387 θάνατον.
1090 1346 1115 1383 ι
1178 1330 1268 1399 Τῷ
1319 1323 1418 1393 τιὶν
1465 1325 1719 1405 ἁμαρτίαν
1750 1348 1880 1405 συγ-

228 1418 502 1491 χωρῇσαι,
574 1416 660 1471 καὶ
728 1414 981 1473 ἀνάτασιν
1038 1413 1395 1496 δωρήσασθαι.
1456 1438 1484 1471 ι
1543 1417 1880 1481 Φωτίσαντος

227 1499 284 1556 δὲ
342 1504 511 1573 ζωήν,
574 1522 606 1565 )
650 1503 923 1584 Τουτέστι,
979 1505 1404 1584 φανερώσαντος.
1477 1501 1621 1584 Ἀξία
1676 1502 1733 1560 δὲ
1781 1510 1881 1573 τῆς

228 1595 376 1661 ζωῆς
415 1594 451 1659 ἡ
497 1590 653 1659 λέξις.
714 1615 740 1651 ι
805 1583 917 1651 Διὰί
942 1600 1036 1652 τοῦ
1088 1583 1433 1673 Εὖαγγελίου,
1494 1617 1524 1650 ι
1568 1583 1736 1675 φησί.
1800 1592 1880 1651 Δι’

228 1679 389 1737 αὐτοῦ
417 1683 519 1762 γὰρ
547 1681 585 1750 ἥ
636 1704 695 1739 τε
755 1683 967 1749 αἰώνιος
1015 1684 1128 1755 ζωὴ
1183 1684 1271 1741 καὶ
1311 1684 1347 1752 ἡ
1402 1682 1689 1749 ἀνάστασις
1744 1682 1881 1755 δήλη

227 1767 472 1848 γέγονεν.
510 1794 539 1826 α
592 1772 680 1838 Εἰς
732 1773 762 1829 ὃ
808 1771 991 1840 ἐτέθην
1043 1772 1174 1851 ἐγώ.
1240 1794 1264 1830 ι
1328 1772 1541 1852 Πρῶτον
1584 1772 1681 1849 μὲν
1719 1773 1781 1830 τὸ
1822 1772 1881 1831 ’ὃν

1967 608 2149 668 tatem
2180 622 2317 685 quae
2341 612 2432 668 est
2460 609 2529 667 in
2551 606 2794 671 Christo
2811 606 2979 672 Jesu.
3013 607 3347 690 Egregium
3382 610 3623 690 deposi-

1964 696 2095 756 tum
2122 699 2364 757 servato
2387 710 2506 774 per
2533 693 2836 776 Spiritum
2865 702 3145 760 sanctum
3174 699 3284 778 qui
3318 698 3623 763 inhabitat

1964 781 2033 844 in
2062 783 2257 847 nobis.

2042 872 2171 963 tam
2203 870 2446 953 quidem
2479 872 2631 963 olim
2656 873 3101 963 praeﬁguratum
3127 883 3255 963 erat
3289 895 3398 939 nos
3429 876 3621 940 salvos

1966 957 2118 1036 ﬁeri,
2142 957 2314 1022 'nunc
2343 978 2480 1022 vero
2515 977 2587 1022 ex
2614 960 3027 1026 incarnatione
3076 961 3396 1027 Salvatoris
3430 967 3622 1029 nostri

1964 1045 2073 1110 Dei
2097 1047 2317 1111 factum
2352 1057 2441 1111 est
2469 1048 2873 1113 manifestum.
2910 1049 3223 1131 Siquidem
3274 1052 3620 1134 huiusmodi

1966 1138 2072 1201 Dei
2102 1140 2393 1217 voluntas,
2422 1148 2486 1203 ut
2517 1141 2776 1204 mundus
2806 1161 2912 1223 per
2951 1142 3131 1205 ﬁdem
3181 1143 3375 1207 salvus
3422 1145 3622 1224 ﬁeret,

1965 1246 2124 1291 nunc
2149 1236 2208 1291 et
2252 1248 2369 1291 non
2400 1233 2577 1291 antea
2598 1230 2976 1293 manifestata
2998 1239 3112 1295 est.
3149 1256 3177 1289 α
3208 1230 3322 1306 Qui
3367 1242 3621 1297 mortem

1963 1315 2203 1397 quidem
2237 1317 2497 1383 abolevit
2523 1339 2573 1381 τι
2605 1326 2915 1401 peccatum
2941 1339 3085 1383 sane
3110 1321 3528 1400 condonanda,
3563 1331 3620 1385 et

1962 1407 2465 1470 resurrectionem
2498 1408 2835 1473 tribuendo.
2854 1408 3089 1473 (Vitam
3114 1417 3316 1475 autem
3338 1410 3401 1473 in
3423 1411 3620 1475 lucem

1965 1494 2281 1576 produxit:
2306 1520 2334 1552 π
2366 1496 2480 1559 hoc
2516 1503 2626 1571 est,
2650 1497 3072 1561 manifestavit.
3106 1497 3208 1561 Est
3232 1507 3430 1562 autem
3450 1503 3619 1581 φωτί-

1963 1590 2067 1655 ζειν
2098 1602 2204 1645 vox
2263 1583 2488 1664 optime
2514 1584 2878 1648 conveniens
2926 1582 3081 1648 vitae.
3133 1610 3161 1643 α
3186 1588 3300 1650 Per
3345 1586 3618 1668 Evange-

1964 1670 2135 1735 lium.
2168 1695 2191 1730 ι
2222 1670 2370 1734 Nam
2400 1690 2510 1754 per
2539 1673 2739 1753 ipsum
2772 1681 2830 1736 et
2861 1674 2976 1738 vita
3006 1683 3231 1738 aeterna
3250 1683 3311 1739 et
3336 1693 3617 1741 resurre—

1965 1759 2083 1822 ctio
2112 1760 2427 1824 manifesta
2453 1760 2609 1824 facta
2640 1768 2752 1825 est.
2792 1783 2817 1821 ι
2851 1762 2919 1825 In
2952 1764 3113 1846 quod
3143 1769 3369 1846 positus
3396 1784 3548 1828 sum.
3584 1787 3615 1829 )

230 1855 399 1935 λέγει,
434 1856 619 1919 ἔπειτα
647 1861 734 1916 καὶ
789 1867 946 1941 τοῇτο
1000 1848 1304 1937 αἰνίττεται,
1350 1848 1433 1919 ὅτι
1487 1848 1598 1941 χρή
1669 1882 1728 1918 σε
1795 1863 1881 1922 καὶ

1966 1848 2231 1941 ξτὶιηυη]
2260 1849 2320 1911 id
2351 1849 2511 1932 quod
2536 1849 3033 1941 estdicit,deinde
3055 1852 3235 1915 etiam
3263 1853 3379 1916 hoe
3400 1855 3618 1919 innuit:

451 1946 792 2021 πλησιάζειν.
865 1929 1069 2015 Ἄλλως
1136 1972 1196 2007 τε
1264 1929 1354 2008 καὶ
1423 1929 1724 2017 ἀξίόπιστον
1793 1952 1883 2009 τὸν

230 2033 395 2114 λόγον
435 2051 610 2099 ποιεῖ.
676 2059 701 2095 ι
752 2035 836 2095 Δι’
893 2039 960 2107 ἣν
1001 2041 1170 2096 αἰτίαν
1224 2040 1314 2097 καὶ
1385 2048 1550 2098 ταῦτα
1589 2040 1813 2121 πάσχω.
1851 2063 1879 2097 ι

232 2123 448 2202 Halm;
522 2127 623 2184 Διὰ
689 2128 754 2184 τὸ
797 2128 942 2185 εἶναι
994 2127 1157 2208 κήρυξ
1210 2129 1299 2186 καὶ
1352 2127 1674 2204 ἀπόστολος,
1725 2131 1800 2193 ὡς
1841 2129 1887 2185 εἰ

228 2210 437 2293 ἔλεγεν.
485 2215 604 2296 Οὐχ
658 2217 732 2281 ὡς
788 2223 1081 2297 κακοῦργος
1121 2215 1355 2295 δέδεμαι,
1412 2218 1509 2276 καί
1579 2219 1654 2281 εἰς
1722 2217 1886 2300 φυλα-

230 2302 330 2367 κὰς
398 2301 647 2380 ἕλκομαι.
714 2329 743 2361 α
805 2304 957 2363 Ἀλλ’
1015 2309 1108 2365 οὐκ
1171 2307 1586 2387 ὶπαισχόνομαι.
1652 2329 1677 2365 ι
1741 2308 1887 2367 Καύ-

232 2413 398 2477 χησις
439 2394 542 2473 γὰρ
597 2396 850 2476 μεγίστη,
896 2395 958 2451 τὸ
1015 2396 1143 2475 ὑπὲρ
1214 2398 1442 2475 Χριστοῦ
1509 2419 1561 2453 τι
1623 2397 1877 2477 πάσχειν.

235 2473 389 2560 Ὀρᾷς
458 2488 576 2548 πῶς
659 2473 863 2565 ἀλείφει
919 2486 1053 2562 πρὸς
1102 2473 1399 2565 πειρασμὸν
1449 2486 1540 2542 τὸν
1611 2473 1878 2563 μαθητὴν,

232 2568 434 2635 δεικνὺς
466 2573 540 2635 ὡς
570 2572 615 2628 εἰ
670 2575 749 2649 μή
807 2595 887 2638 τις
930 2575 1314 2655 αἰσχυνόμενος
1369 2573 1668 2654 ὑποσταλῇ,
1728 2576 1883 2640 αὐτὸς

234 2661 262 2716 ὁ
318 2656 563 2744 ’κίνδυνος
636 2661 778 2739 ῥᾴων
834 2661 982 2720 ἔσται
1049 2668 1118 2740 τῇ
1183 2670 1277 2721 τοῦ
1361 2670 1589 2744 Χριστοῦ
1642 2664 1883 2741 βοηθείᾳ.

238 2770 263 2804 ι
318 2732 427 2806 ’δτι
759 2750 870 2809 ἐστι
901 2761 1001 2820 τήν
1060 2732 1375 2833 παραθήκην
1411 2732 1527 2830 ’μου
1571 2732 1816 2834 φυλάξαι.
1841 2732 1883 2809 in

236 2839 560 2917 Παραθήκην
637 2841 770 2921 φησὶ
851 2841 951 2908 τὴν
981 2906 1006 2933 ν
1031 2843 1229 2919 πίστιν,
1292 2842 1357 2909 ἣν
1427 2840 1681 2922 παρέθετο
1749 2845 1892 2916 αὐτῷ

234 2929 264 2983 ὁ
324 2930 549 3007 Χριστὸς
604 2930 911 3010 κηρύσσειν.
982 2929 1041 2987 Ἠ
1094 2931 1215 2996 τοὺς
1289 2931 1504 2994 πιστοὺς
1575 2929 1743 3011 λέγει,
1802 2933 1888 2997 οὒς

234 3017 378 3092 αὖτῷ
444 3020 474 3074 ὁ
543 3021 677 3082 Θεὸς
747 3017 1002 3098 παρέθετο
1059 3017 1280 3101 διδάξαι,
1346 3020 1383 3085 ἢ
1439 3022 1529 3084 οὒς
1600 3020 1757 3086 αὐτὸς
1811 3026 1890 3095 τῷ

1966 1935 2212 2018 Oportet
2242 1946 2303 2002 te
2332 1957 2570 2021 quoque
2598 1938 2674 2001 ad
2715 1952 2931 2020 gentes
2983 1942 3301 2006 accedere.
3332 1941 3622 2007 Praeterea

1967 2034 2145 2091 etiam
2174 2047 2518 2093 sermonem
2550 2030 2750 2093 reddit
2780 2031 2970 2112 magis
2992 2032 3369 2096 credibilem.
3400 2033 3621 2107 «Quam

1969 2116 2046 2180 ob
2076 2136 2314 2181 causam
2346 2120 2523 2181 etiam
2575 2120 2704 2183 haec
2750 2124 2964 2202 patior.
3003 2146 3027 2183 υ
3063 2120 3342 2195 Quasnam
3391 2133 3484 2187 est
3521 2123 3623 2185 illa

1969 2205 2176 2269 causa?
2196 2206 2345 2280 Quia
2370 2224 2561 2289 praeco
2582 2226 2713 2270 sum
2735 2217 2792 2271 et
2811 2208 3151 2291 Apostolus.
3183 2209 3270 2274 Ac
3301 2211 3352 2273 si
3371 2210 3620 2275 diceret:

1966 2291 2095 2357 Non
2154 2304 2431 2378 tanquam
2494 2297 2801 2360 maleﬁcus
2854 2297 3081 2361 vincior
3126 2305 3185 2362 et
3231 2299 3307 2361 ad
3353 2317 3627 2365 carceres

1967 2384 2191 2449 trahor.
2230 2409 2254 2441 ει
2280 2384 2559 2449 Attamen
2591 2404 2711 2449 non
2755 2387 3073 2452 erubesco.
3111 2413 3140 2446 ιο
3175 2389 3323 2451 Nam
3352 2388 3625 2468 gloriatio

1966 2473 2222 2536 maxima
2262 2482 2375 2553 est,
2439 2475 2561 2556 pati
2615 2474 2921 2557 quidpiam
2977 2495 3084 2558 pro
3142 2476 3398 2540 Christo.
3441 2478 3623 2545 Vides

1967 2564 2267 2645 quomodo
2298 2564 2659 2646 discipulum
2681 2566 2756 2628 ad
2782 2566 3138 2630 afﬂictiones
3169 2574 3497 2648 praeparet?
3520 2586 3622 2630 os—

1969 2653 2179 2716 tendes
2235 2654 2390 2736 quod
2424 2654 2474 2716 si
2504 2655 2637 2736 quis
2684 2655 2977 2737 pudeﬁeri
3030 2675 3149 2719 non
3191 2656 3623 2738 formidaverit,

1968 2742 2325 2823 260ipsum
2364 2743 2695 2824 periculum
2733 2744 2952 2808 Christi
2976 2745 3196 2808 auxilio
3220 2745 3456 2808 facilius
3480 2748 3617 2809 erit.

1977 2854 2006 2888 α
2041 2831 2207 2904 Quod
2239 2840 2448 2913 potens
2478 2831 2555 2894 sit
2583 2833 2921 2914 depositum
2969 2852 3173 2897 meum
3224 2834 3550 2899 custodire.
3585 2857 3613 2894 »

1969 2918 2316 3002 Depositum
2347 2919 2491 2983 dicit
2512 2920 2691 2982 ﬁdem
2713 2940 2889 3003 quam
2914 2923 3364 2986 commendavit
3389 2922 3445 2985 ei
3460 2923 3628 2988 Chri-

1972 3015 2099 3071 stus
2141 3008 2604 3090 praedicandam,
2644 3010 2741 3071 vel
2782 3010 2989 3074 ﬁdeles
3022 3011 3185 3092 ipsos
3207 3030 3357 3093 quos
3380 3012 3432 3074 ei
3463 3013 3623 3074 Deus

235 3112 352 3183 Θεῷ
418 3107 696 3187 παρέθετο.
797 3096 836 3165 ιν
914 3107 1046 3166 Ἰδοὺ
1138 3096 1277 3191 γὰρ,⁷
1341 3112 1521 3191 φησὶ,.
1564 3112 1881 3189 παρατίθημι

1974 3096 2409 3160 commendavit
2436 3097 2762 3174 docendos,
2795 3106 2896 3161 aut
2939 3117 3091 3181 quos
3138 3102 3268 3181 ipse
3290 3098 3416 3162 Deo
3448 3118 3619 3191 com-

230 3174 369 3272 ὑμᾶς
443 3174 522 3271 eq.»
588 3198 782 3278 Κυρίῳ.
841 3218 874 3259 )
923 3203 1020 3263 Εἷς
1079 3197 1134 3257 δὲ
1152 3174 1163 3190 Ι
1189 3174 1296 3256 των
1356 3174 1756 3279 παρατεθέντων
1798 3174 1881 3257 καὶ

1972 3187 2292 3249 mandavit.
2331 3185 2540 3265 «Ecce,
2564 3174 3031 3262 ait,commendo
3054 3174 3309 3251 vos-Deo
3329 3187 3626 3279 iEsUnus

234 3288 263 3342 ὁ
332 3289 613 3362 Τιμόθεος.
683 3287 855 3355 Φησὶν
919 3288 1008 3346 οὖν
1040 3306 1059 3325 ⁹
1106 3286 1244 3347 Οἶδα
1300 3287 1381 3346 ὅτι
1434 3288 1641 3355 ἐκεῖνος
1684 3293 1730 3364 ᾧ
1776 3310 1879 3346 πε-

234 3375 493 3432 πίστευκα
535 3377 625 3433 καὶ
692 3376 1007 3453 πέπεισμαι,
1060 3375 1274 3434 δύναται
1324 3376 1543 3458 φυλάξαι
1611 3378 1711 3448 τὴν
1772 3401 1884 3434 πα-

232 3466 470 3543 ραθήκην
508 3463 797 3525 ἀσάλευτον
838 3465 893 3522 ἐν
945 3466 1121 3545 ἐκείνῃ
1176 3470 1246 3536 τῆ
1297 3466 1492 3546 ἡμέρᾳ.
1571 3488 1595 3524 ι
1660 3458 1887 3525 ’Υποτύ-

234 3576 407 3612 πωσιν
439 3552 537 3634 ἔχε
588 3555 933 3636 ὑγιαινόντων
985 3554 1184 3636 λόγων.
1248 3577 1273 3615 ι
1334 3560 1464 3614 Οἷον
1507 3556 1705 3633 εἰκόνα,
1739 3557 1888 3633 ὁμοί-

232 3664 389 3719 ωσιν,
448 3643 697 3725 μίμησιν.
788 3634 1161 3723 ’Υγιαινόντων
1215 3643 1293 3721 δὲ,
1367 3651 1501 3702 τῶν·
1541 3646 1660 3725 περὶ
1710 3645 1884 3703 πίστιν

230 3733 352 3816 καὶ..
374 3733 509 3809 βίον.
585 3723 677 3798 Ὠς
748 3731 868 3812 οἵγε
946 3736 1065 3815 περὶ
1120 3732 1322 3815 ἄλλων,
1369 3737 1471 3816 οὐχ
1540 3723 1880 3814 ὑγιαίνουσιν.

236 3844 265 3876 ι
323 3808 420 3876 ’uv
474 3819 600 3902 παρ’
654 3821 783 3898 ἐμοῦ
821 3808 1096 3890 ⁷ἤκουσας.
1174 3847 1202 3879 ι
1260 3808 1333 3883 Oi)
1388 3808 1473 3883 δίᾶ
1552 3808 1882 3904 γραμμάτων

228 3908 395 3987 μόνον
462 3911 530 3966 τὰ
586 3909 822 3991 πρακτέα
875 3910 1093 3969 ὑπέθετο
1147 3912 1226 3987 τῷ
1282 3915 1521 3991 μαθητῇ,
1591 3912 1729 3971 ἀλλὰ
1795 3914 1885 3971 καὶ

225 3999 401 4076 στόμα
442 4001 576 4078 πρὸς
634 3999 810 4076 στόμα
862 3998 1142 4059 ἐντέταλτο
1186 4004 1350 4075 αὐτῷ.
1409 4001 1560 4060 Οὕτω
1612 4003 1713 4082 γὰρ
1795 4008 1885 4064 καὶ

224 4088 311 4146 ἐπὶ
366 4089 585 4146 πάντων
655 4087 845 4147 ἐποίει.
918 4092 1013 4146 Διὸ
1083 4087 1269 4165 μηδεὶς
1325 4090 1585 4167 νομιζέτω
1652 4090 1883 4155 ἐλλιπῶς

224 4176 376 4260 ἔχειν
444 4179 543 4242 τὰς
601 4176 909 4254 ἐπιστολὰς,
983 4177 1068 4236 ὅτι
1123 4180 1202 4255 μὴ
1260 4181 1377 4259 περὶ
1433 4180 1645 4238 πάντων
1714 4179 1885 4237 διαλέ-

222 4289 433 4346 γονται.
504 4289 532 4322 α
580 4264 670 4324 Ἐν
726 4267 900 4324 πίστει
942 4268 1032 4324 καὶ
1073 4267 1279 4347 ἀγάπῃ.
1346 4291 1371 4327 ι
1433 4266 1525 4327 Ἐν
1567 4269 1739 4326 πίστει
1781 4270 1881 4350 γὰρ

225 4357 318 4413 καὶ
373 4356 556 4434 ἀγάπη
712 4354 799 4413 διὰ
854 4363 1081 4435 Χριστού
1136 4355 1343 4437 δοθείσῃ
1398 4360 1542 4434 αὖτῷ
1610 4362 1658 4419 οἱ
1726 4358 1877 4439 λόγοι

1966 3284 2164 3339 autem
2192 3275 2742 3339 commendatorum
2774 3285 2899 3339 erat
2928 3276 3299 3340 Timotheus.
3330 3275 3491 3339 Dicit
3520 3295 3622 3339 er-

1968 3384 2041 3446 go
2066 3382 2080 3429 :
2110 3363 2255 3427 Novi
2284 3364 2443 3446 quod
2458 3363 2561 3427 ille
2577 3364 2675 3426 cui
2693 3366 2924 3428 credidi
2960 3374 3020 3430 et
3051 3366 3517 3448 conﬁdi,potens
3547 3365 3625 3427 sit

1968 3453 2268 3517 custodire
2310 3453 2644 3535 depositum
2690 3453 3109 3517 inconcussum
3137 3455 3201 3518 in
3229 3455 3399 3518 illum
3428 3455 3615 3519 diem.

1975 3563 2000 3600 α
2026 3544 2304 3606 Formam
2329 3542 2543 3604 habeto
2574 3561 2855 3606 sanorum
2895 3562 3265 3608 sermonum.
3314 3569 3336 3602 ι
3370 3544 3497 3609 Hoc
3529 3552 3619 3608 est

1967 3630 2311 3711 imaginem,
2355 3630 2836 3709 similitudinem,
2872 3634 3287 3697 imitationem.
3324 3632 3620 3697 Sanorum

1966 3729 2162 3786 autem
2196 3732 2262 3783 ut
2299 3721 2402 3802 qui
2429 3723 2549 3783 sint
2576 3721 2735 3784 circa
2773 3723 2956 3788 ﬁdem
2986 3731 3046 3786 et
3076 3724 3280 3800 vitam,
3327 3732 3620 3805 tanquam

1966 3809 2069 3891 qui
2091 3813 2249 3871 circa
2278 3807 2394 3870 alia
2420 3817 2580 3890 sunt,
2633 3809 2764 3891 sani
2812 3829 2932 3872 non
2983 3810 3122 3873 sint.
3161 3835 3188 3867 α
3222 3810 3385 3885 Quos
3413 3811 3489 3873 ad
3521 3827 3615 3873 me

1966 3899 2205 3961 audisti.
2241 3922 2270 3955 ι
2302 3896 2432 3960 Νοιι
2477 3916 2584 3978 per
2631 3899 2786 3959 solas
2827 3899 3131 3980 epistolas,
3182 3917 3318 3982 quae
3346 3898 3621 3964 facienda

1966 3995 2109 4050 sunt
2135 3987 2426 4068 discipulo
2485 3987 2811 4068 proposuit,
2844 3988 2949 4050 sed
3006 3994 3067 4050 et
3115 4005 3220 4050 ore
3274 4006 3472 4051 coram
3500 3988 3620 4069 ipsi

1968 4078 2268 4158 praecepit.
2300 4074 2445 4138 Nam
2495 4075 2574 4137 ita
2616 4076 2679 4137 in
2721 4075 3002 4138 omnibus
3043 4094 3284 4157 quoque
3334 4075 3616 4141 faciebat.

1965 4164 2053 4229 Ne
2086 4166 2219 4247 quis
2248 4165 2446 4245 itaque
2496 4164 2557 4225 in
2607 4164 2872 4246 epistolis
2900 4164 3121 4246 aliquid
3153 4164 3367 4228 deesse
3406 4166 3612 4228 existi-

1966 4261 2110 4330 met,
2142 4253 2300 4336 quod
2332 4271 2450 4314 non
2482 4252 2556 4314 de
2586 4252 2865 4315 omnibus
2886 4252 3207 4315 disserunt.
3249 4255 3404 4316 «Per
3431 4253 3611 4317 ﬁdem

1962 4351 2022 4406 et
2048 4340 2580 4406 charitatem.»Per
2597 4340 2779 4403 ﬁdem
2808 4340 2969 4403 enim
3001 4349 3061 4403 et
3091 4341 3447 4405 charitatem
3481 4362 3613 4424 quas

230 4429 460 4524 ἐγίνοντο
510 4447 599 4503 καὶ
644 4429 706 4502 ἀἱ
762 4429 998 4526 διδαχώ.
1066 4466 1096 4507 ι
1155 4448 1264 4516 Τὴν
1317 4429 1493 4509 καλὴν
1514 4429 1525 4434 -
1562 4429 1877 4529 παραθήκην

1966 4430 2079 4513 ipsi
2108 4450 2216 4513 per
2243 4429 2541 4529 Christum
2564 4429 2706 4529 .data
2724 4437 2907 4529 _erat,.
2919 4430 3161 4492 fuerunt
3209 4448 3522 4529 sermones
3552 4440 3612 4494 et

231 4532 476 4614 φύλαξον,
540 4557 566 4594 ι
629 4536 949 4612 Παραθήκην
1008 4536 1138 4616 φησὶ
1178 4536 1279 4605 τὴν
1320 4536 1496 4594 πίστιν
1550 4539 1638 4595 καὶ
1684 4538 1879 4615 ἐπιμέ-

228 4622 376 4681 λειαν
432 4628 533 4692 τῆς
591 4623 1028 4700 ἑμπιστευθείσης
1104 4627 1248 4702 αὖτῷ
1317 4624 1663 4695 Ἐκκλησία.
1742 4628 1881 4686 Εἶτα

227 4710 481 4769 δείκνυσιν
558 4711 640 4770 ὅτι
711 4714 807 4771 οὐκ
874 4713 1171 4795 ἀνθρωπίνη
1236 4715 1392 4795 ἰσχὺς
1447 4716 1603 4794 ἀρκεῖ
1659 4717 1728 4776 τὰ
1780 4737 1879 4773 το·-

225 4808 394 4859 σαῦτα
435 4800 679 4883 φυλάξαι.
714 4800 896 4860 Πολλὰ
922 4804 1021 4883 γὰρ
1049 4804 1117 4861 τὰ
1145 4801 1458 4881 κωλύματα.
1497 4796 1880 4863 Ὑποδείκνυσιν

222 4890 313 4950 οὖν
510 4888 774 4973 φυλακῆς.
806 4891 1049 4950 Φύλαττε
1076 4893 1202 4973 γὰρ,
1247 4894 1398 4972 φησὶ,
1448 4890 1535 4950 διὰ
1574 4894 1878 4970 Πνεύματος

221 4982 402 5060 ἁγίου.
446 4971 539 5045 Ὠξ
570 4980 615 5038 εἰ
656 4980 813 5038 εἶπεν
847 4997 862 5012 ·
895 4971 1202 5040 Σπουδάσον
1230 4971 1375 5064 ἔχειν
1405 4985 1467 5039 τὸ
1496 4988 1708 5059 Πνεῦμα
1737 4984 1879 5062 παρὰ

222 5073 308 5126 σοὶ
336 5068 519 5151 μένον,
562 5071 653 5127 καὶ
680 5069 761 5146 μὴ
790 5068 1064 5147 ἀπελάσῃς
1093 5071 1222 5130 αὐτὸ
1270 5069 1353 5127 διὰ
1377 5069 1583 5152 φαύλης
1613 5071 1877 5150 ἀναστρο-

224 5163 358 5240 φῆς,
388 5161 475 5217 καὶ
503 5157 747 5241 φυλάξεις
774 5160 875 5226 τὴν
903 5161 1237 5240 παραθήκην.
1290 5179 1322 5221 ι
1371 5159 1497 5217 Ἐὰν
1526 5161 1626 5241 γὰρ
1655 5160 1733 5236 μὴ
1762 5161 1874 5219 Κό-

224 5270 364 5328 ριος,
400 5249 579 5331 φησὶν,
631 5244 961 5325 οἱκοδομήσῃ
1004 5249 1158 5305 οἶκον
1203 5251 1289 5306 καὶ
1333 5247 1490 5306 πόλιν
1546 5247 1745 5328 φυλάξῃ
1806 5250 1877 5316 εἷς

225 5339 405 5415 μάτην
463 5336 750 5396 ἰκοπίασαν
808 5338 857 5394 οἱ
898 5334 1293 5413 οἰκοδομοῦντες
1360 5338 1447 5393 καὶ
1489 5340 1536 5394 οἱ
1577 5335 1875 5417 φυλάσσον-

222 5448 333 5495 τες,
368 5452 398 5484 ι

303 5679 336 5732 2
365 5681 496 5743 Act.
530 5694 638 5756 xx,
672 5673 773 5741 32.
802 5673 836 5728 3
862 5671 1017 5740 Psal.
1049 5692 1247 5753 uxxvn,
1282 5678 1338 5740 l.

1960 4522 2271 4584 doctrinae.
2308 4544 2337 4577 ιι
2367 4517 2683 4599 Egregium
2705 4518 3038 4599 depositum
3067 4528 3322 4582 servato.
3360 4544 3388 4576 ι)
3423 4519 3620 4600 Depo-

1934 4610 2137 4673 situm
2167 4610 2307 4671 dicit
2328 4609 2505 4671 ﬁdem
2529 4625 2598 4673 ac
2613 4607 2982 4688 diligentiam
3015 4608 3176 4671 circa
3196 4609 3603 4672 concreditam

1959 4699 2438 4781 ipsiEcclesiam.
2471 4696 2702 4758 Deinde
2730 4696 2995 4759 ostendit
3017 4697 3337 4760 humanam
3363 4716 3482 4759 non
3505 4700 3622 4760 suf-

1961 4792 2140 4855 ﬁcere
2169 4789 2492 4872 potentiam
2509 4789 2583 4849 ad
2611 4795 2771 4851 tanta
2795 4788 3206 4850 custodienda.
3233 4788 3418 4852 Multa
3448 4788 3610 4849 enim

1960 4888 2101 4945 sunt
2129 4898 2258 4961 quae
2286 4878 2600 4941 obsistunt.
2636 4876 2805 4939 Viam
2833 4875 3014 4957 igitur
3040 4894 3110 4938 ac
3132 4876 3376 4938 modum
3408 4882 3614 4939 custo-

1960 4970 2075 5034 diae
2104 4969 2353 5032 indicat.
2385 4967 2658 5044 Servato,
2688 4966 2904 5048 inquit,
2937 4984 3044 5048 per
3085 4965 3377 5048 Spiritum
3432 4983 3612 5029 sanc-

1962 5060 2203 5123 tum.Ac
2230 5058 2280 5119 si
2303 5058 2531 5120 diceret
2569 5074 2582 5119 :
2610 5056 2765 5120 Cura
2802 5053 3081 5137 Spiritum
3113 5054 3337 5118 habere
3364 5054 3521 5136 apud
3556 5067 3614 5120 te

1961 5155 2327 5221 manentem,
2363 5163 2559 5226 neque
2588 5162 2763 5226 prava
2792 5144 3243 5206 conversatione
3275 5144 3471 5224 ipsum
3506 5162 3611 5205 re-

1959 5238 2168 5321 pellas,
2197 5245 2256 5299 et
2283 5234 2620 5316 depositum
2644 5232 2966 5297 custodies.
2996 5259 3022 5289 α
3074 5232 3203 5297 Nisi
3230 5232 3392 5321 enim
3413 5231 3615 5293 Domi-

1958 5320 2073 5391 nus
2101 5322 2481 5389 aediﬁcaverit
2526 5322 2767 5384 domum
2799 5330 2856 5386 et
2886 5322 3240 5386 custodierit
3286 5320 3608 5396 civitatem,

1957 5418 2022 5479 in
2048 5432 2263 5478 vanum
2295 5411 2712 5474 laboraverunt
2742 5411 2844 5492 qui
2893 5411 3188 5473 aediﬁcant
3215 5410 3437 5492 quique
3476 5426 3613 5472 cus-

1959 5508 2198 5572 todiunt
2224 5505 2275 5565 3.
2320 5528 2340 5558 ι
