4132 6418
290 331 418 399 213

1292 333 1688 398 COMMENT.
1738 332 1820 394 IN
1865 328 2108 392 EPIST.
2155 329 2212 392 II
2255 326 2354 392 AD
2397 328 2720 392 TIMOTH.

3578 323 3699 390 214

300 495 329 526 ι
363 468 512 528 Ἀλλ’
541 472 570 527 6
626 468 796 549 λόγος
854 478 945 526 τοῦ
1005 477 1138 528 Θεοῦ
1194 471 1254 528 οῦ
1295 464 1514 527 δέδεται.
1554 488 1579 526 n
1614 465 1784 541 Ἐμοῦ
1811 461 1941 520 8585-

2051 484 2077 516 α
2114 459 2231 524 Sed
2263 479 2460 524 sermo
2490 460 2598 524 Dei
2631 479 2748 522 non
2767 468 2858 549 est
2881 459 3265 525 vinctus.nEt
3282 460 3335 524 si
3357 458 3692 549 ego,inqui_t

285 561 470 637 μένου,
541 561 735 640 φησὶν,
812 563 871 619 οῦ
951 556 1245 616 συνδέδεται
1315 557 1378 613 τὸ
1459 557 1729 636 κήρυγμα,

294 663 607 728 περιπατεῖ.
728 649 848 707 Τῶν
945 649 1044 726 γὰρ
1145 650 1342 727 χειρῶν
1447 642 1837 723 δεσμουμένων,
1923 644 1956 709 ἡ

289 739 511 817 γλῶσσα
566 736 752 798 λαλεῖ.
825 735 1083 802 Γλώσσης
1139 736 1240 814 γὰρ
1287 732 1506 813 δεσμὸς,
1570 731 1736 789 δειλία
1791 731 1956 808 μόνον

290 828 380 884 καὶ
438 826 676 884 ἀπιστία.
771 833 936 882 Τοῦτο
1006 822 1058 880 δέ
1130 846 1284 904 φησι,
1365 823 1453 879 καὶ
1533 823 1607 886 εἰς
1678 821 1956 901 προτοπὴν

282 923 394 970 τῶν
452 914 783 990 λελυμένων.
864 914 920 970 Ei
999 914 1100 990 γὰρ
1165 911 1273 990 ἐγὼ
1337 909 1610 987 δεδεμένος
1680 910 1950 988 κηρύσσω,

279 1007 410 1063 ποία
441 1006 758 1085 συγγνώμη,
793 1005 943 1084 φησὶ,
978 1015 1096 1067 τοῖς
1147 1001 1454 1079 λελυμένοις
1514 1002 1600 1058 καὶ
1655 998 1947 1078 ἀμελοῦσι,

292 1118 318 1152 ο
358 1097 457 1152 Δια
485 1097 604 1160 τοῦς
650 1093 955 1159 ἐκλεκτούς.
994 1116 1021 1147 ι)
1075 1093 1174 1148 Διά
1203 1093 1325 1157 τοὺς
1351 1091 1595 1165 πιστοὺς,
1643 1091 1822 1170 φησὶν,
1859 1091 1947 1152 οὒς

288 1189 318 1241 6
364 1187 492 1248 Θεὸς
547 1183 820 1250 ἐξελέξατο
854 1201 868 1216 ⁸
929 1179 1112 1250 ἐπειδὴ
1172 1182 1273 1261 γὰρ
1328 1181 1515 1244 αὖτοὺς
1570 1183 1598 1236 6
1658 1181 1787 1242 Θεὸς
1832 1177 1950 1244 ἐξε-

286 1273 376 1330 )ἐ
419 1295 446 1306 -
563 1270 587 1290 κ
787 1272 802 1292 κ
949 1270 970 1302 λ
1031 1293 1070 1304 -
1554 1269 1567 1290 ε
1623 1268 1643 1301 ι
1783 1268 1801 1308 ,ι
1856 1274 1881 1284 ~

310 1296 499 1349 .ε,α.ο,
558 1285 642 1329 οεῖ
717 1294 806 1328 και
877 1270 972 1346 ἔμε
1038 1269 1204 1326 ..άντα
1261 1269 1493 1350 πάσχειν
1549 1291 1678 1348 υπιρ
1749 1290 1942 1338 αδτων,

280 1360 474 1429 ἐπειδή
547 1362 636 1418 καὶ
705 1363 732 1417 6
807 1362 936 1423 Θεὸς
1004 1360 1133 1439 ὑπὲρ
1199 1361 1350 1434 ἡμῶν
1429 1357 1640 1432 ἔπαθεν,
1699 1360 1772 1421 ὡς
1803 1357 1945 1414 ε’ίναι

282 1451 621 1524 ἀντιμισθίαν
693 1451 755 1505 τὸ
826 1455 1068 1526 πρᾶγμα,
1140 1447 1234 1503 ’ἕνα
1315 1448 1400 1504 καὶ
1483 1447 1629 1504 αῦτοὶ
1703 1448 1778 1509 ὡς
1860 1447 1946 1502 καὶ

279 1543 472 1614 ἡμεῖς,
547 1539 700 1618 φησὶ,
762 1539 1031 1616 σωτηρίας
1087 1537 1327 1617 τύχωσιν
1363 1581 1378 1597 .
1466 1537 1539 1599 ὡς
1598 1537 1642 1592 εἰ
1697 1533 1878 1613 ἔλεγεν
1927 1554 1940 1567 ο

278 1627 434 1694 Ἐξὸν
487 1627 555 1695 ἧν
596 1649 689 1702 μοι
746 1632 840 1703 ζῇν
868 1697 880 1711 .
910 1624 1216 1700 ἀκινδύνως,
1285 1626 1329 1682 εἰ
1398 1627 1460 1681 τὸ
1502 1625 1631 1701 εμὸν
1687 1623 1943 1681 ἐσκόπουν

1823 551 1960 609 ἀλλὰ
2045 550 2274 612 vinctus
2301 550 2437 628 sim,
2474 548 2816 632 praedicatio
2847 568 2965 611 non
2999 556 3094 612 est
3123 550 3302 613 simul
3327 549 3543 625 vincta,
3578 547 3684 612 sed

2044 640 2435 720 perambulat.
2467 638 2617 702 Nam
2648 637 2859 701 vinctis
2910 637 3182 700 manibus
3232 638 3435 719 lingua
3485 637 3686 720 loqui-

2044 739 2159 793 tur.
2192 729 2500 811 Siquidem
2556 728 2770 809 linguae
2809 745 3016 790 carcer
3072 728 3234 790 solus
3283 736 3478 791 metus
3508 734 3599 790 est
3626 733 3688 791 et

2039 817 2448 882 incredulitas.
2480 818 2620 879 965
2668 819 2793 881 Hoc
2825 823 3024 879 autem
3054 816 3200 879 dicit
3251 817 3427 880 etiam
3464 815 3538 878 ad
3570 834 3684 879 eo-

2037 926 2170 968 rum
2200 907 2672 969 exhortationem
2703 905 2807 986 qui
2845 905 3022 968 soluti
3053 913 3246 970 erant.
3281 907 3342 969 Si
3376 904 3538 967 enim
3572 923 3680 985 ego

2037 997 2138 1077 qui
2169 996 2399 1058 vinctus
2427 1015 2558 1056 sum
2581 995 3002 1076 praedico,quae
3024 994 3195 1056 venia
3223 995 3351 1056 dari
3378 1001 3572 1075 potest
3591 993 3686 1056 his

2035 1085 2133 1168 qui
2166 1085 2345 1148 soluti
2372 1094 2510 1147 sunt
2544 1093 2602 1147 et
2631 1093 2831 1146 tamen
2862 1082 3500 1166 negligunmPr-opter
3521 1083 3682 1146 elec-

2035 1185 2144 1237 tos.
2162 1179 2445 1256 nPropter
2475 1173 3094 1256 ﬁdeles,inquit,quos
3121 1174 3286 1236 Deus
3314 1171 3490 1251 elegit
3509 1189 3522 1234 :
3541 1189 3679 1234 nam

2031 1265 2170 1346 quia
2212 1266 2372 1327 Deus
2421 1264 2556 1325 illos
2608 1263 2808 1343 elegit,
2844 1268 3084 1343 oportet
3132 1280 3229 1324 me
3257 1261 3535 1324 universa
3561 1259 3682 1341 pati

2031 1371 2136 1434 pro
2169 1353 2339 1434 ipsis,
2375 1352 2652 1434 quoniam
2685 1351 2845 1414 Deus
2874 1368 3112 1433 quoque
3143 1369 3248 1434 pro
3273 1350 3445 1414 nobis
3471 1367 3681 1431 passus

2029 1449 2141 1523 est,
2174 1452 2231 1504 et
2261 1441 2461 1522 reipsa
2491 1441 2567 1502 sit
2606 1440 2808 1522 aliqua
2860 1440 3140 1522 repensio
3187 1458 3258 1502 ac
3315 1438 3678 1503 retributio:

2029 1539 2091 1591 ut
2122 1530 2297 1592 etiam
2330 1530 2444 1611 ipsi
2474 1529 2630 1592 sicut
2661 1537 2719 1592 et
2748 1547 2879 1606 nos,
2913 1528 3128 1610 inquit,
3164 1529 3415 1592 salutem
3465 1545 3683 1591 conse-

2028 1626 2306 1700 quantur.
2341 1618 2426 1681 Ac
2460 1619 2510 1679 si
2541 1618 2811 1680 diceret:
2844 1617 2987 1680 Mihi
3036 1635 3182 1680 sane
3233 1617 3444 1681 liceret
3473 1615 3680 1698 procul

281 1718 471 1792 μόνον,
561 1714 683 1772 ἀλλ’
981 1720 1086 1770 τῶν
1170 1712 1460 1793 ἀλλοτρίων
1525 1720 1690 1771 ταῦτα
1744 1713 1941 1793 πάσχω

2031 1726 2062 1769 a
2092 1706 2373 1789 periculis
2401 1706 2618 1795 vivere,
2655 1706 2706 1795 si
2738 1707 2856 1770 mei
2886 1705 3072 1795 solius
3115 1715 3456 1795 respectum
3501 1704 3681 1795 habe-

279 1807 519 1885 ἀγαθῶν,
563 1804 656 1860 Ἵνα
698 1801 848 1860 ἄλλοι
874 1793 1101 1884 τύχωσι
1134 1803 1426 1875 σωτηρίας.
1469 1826 1492 1857 α
1555 1807 1663 1869 Τῆς
1709 1801 1764 1858 ἐν
1805 1808 1940 1880 Χρι-

2031 1813 2152 1858 rem
2184 1819 2199 1872 ;
2231 1795 2336 1858 sed
2366 1796 2492 1858 haec
2521 1794 2596 1856 ob
2627 1793 2878 1885 aliorum
2903 1793 3060 1855 bona
3106 1794 3317 1885 patior,
3335 1801 3414 1885 ut
3443 1793 3556 1885 ipsi
3589 1812 3680 1856 sa-

279 1872 394 1970 στῷ
423 1872 624 1960 Ἰησοῦ.
676 1915 701 1950 ι
745 1895 801 1950 Εἰ
830 1872 1024 1965 σαυτῷ,
1073 1894 1254 1973 φησὶν,
1291 1872 1374 1949 τοῦ
1430 1889 1714 1968 δυνάμενος
1758 1872 1939 1957 σωτη-

2031 1885 2208 1946 lutem
2247 1893 2724 1973 consequantur.
2753 1903 2784 1944 (
2817 1882 2963 1973 Quae
2991 1890 3082 1943 est
3107 1872 3172 1944 in
3209 1883 3442 1947 Christo
3467 1872 3675 1946 Ilesu.»

279 1985 396 2064 ρίαν
455 1985 826 2061 περιποιῆσαι,
902 1979 1022 2038 ἀλλ’
1091 1972 1206 2038 ίδοῦ
1277 1981 1631 2051 ἀποθνήσκειν
1703 1978 1940 2058 μέλλεις,

2031 1974 2263 2036 Diceret
2283 1973 2494 2064 aliquis
2523 1992 2536 2036 :
2570 1973 2633 2036 Si
2667 1972 2774 2034 tibi
2803 1972 2919 2064 ipsi
2945 1991 3061 2034 non
3096 1980 3265 2054 potes
3293 1973 3543 2064 salutem
3567 1991 3674 2064 φρ.

281 2061 401 2136 πῶς
434 2071 633 2150 ἑτέροις
663 2068 935 2149 προξενεῖς
973 2091 990 2144 ;
1052 2069 1151 2128 Καί
1191 2093 1352 2151 φησιν
1388 2085 1401 2099 ⁸
1464 2073 1536 2129 Οῦ
1576 2070 1696 2148 περὶ
1749 2069 1941 2134 ταύτης

2031 2063 2288 2145 quirere,
2339 2061 2445 2125 sed
2497 2081 2638 2124 ecce
2696 2062 3022 2151 moriturus
3059 2080 3165 2151 es,
3199 2061 3501 2143 quomodo
3545 2061 3680 2124 aliis

280 2161 428 2240 λέγω
447 2149 547 2227 τῆς
577 2157 917 2237 προσκαίρου,
953 2157 1092 2215 ἀλλᾶ
1117 2149 1216 2225 τῆς
1261 2158 1314 2215 ἐν
1347 2165 1557 2237 Χριστῷ
1586 2155 1784 2232 Ἰησοῦ,
1816 2180 1941 2213 του-

2031 2151 2379 2214 conciliabis
2403 2151 2652 2213 salutem
2731 2151 2897 2212 Etait
2929 2171 2942 2214 :
2975 2149 3104 2213 Non
3135 2150 3210 2240 de
3240 2151 3678 2240 hactompora-

282 2251 454 2324 τέστι,
487 2254 586 2317 τῆς
618 2246 702 2304 διὰ
750 2254 974 2326 Χριστοῦ
1024 2245 1372 2325 δωρηθείσης,
1427 2253 1525 2314 τῆς
1569 2247 1800 2323 αἰωνίου,
1845 2251 1945 2313 τῆς

288 2340 426 2414 μετά
453 2337 610 2404 δόξης
642 2335 924 2413 ἐσομένης.
965 2327 1026 2394 Ἠ
1052 2337 1152 2417 γὰρ
1174 2346 1268 2396 τοῦ
1293 2337 1497 2412 κόσμου
1524 2339 1782 2415 σωτηρία,
1816 2333 1942 2394 ἀδο-

288 2431 397 2497 ξίαν
441 2432 510 2512 ἔχ
513 2454 579 2489 ει.

921 2614 1173 2672 manu,
1224 2598 1308 2667 A'.

289 2719 319 2751 α
358 2697 482 2770 Περὶ
513 2701 610 2763 τῆς
644 2697 715 2760 είς
748 2697 971 2773 Χριστὸν
1015 2696 1240 2760 πίστεως
1283 2698 1372 2754 καὶ
1412 2696 1713 2774 ὑπομονῆς,
1746 2693 1831 2754 ἐπ’
1862 2695 1945 2752 ἐλ-

930 2774 1039 2832 πίδι
1071 2775 1234 2844 ξωῆς.
1274 2800 1296 2832 ι

369 2889 399 2923 ι
463 2870 656 2935 Πιστὸς
718 2871 746 2924 6
813 2866 996 2946 λόγος.
1063 2871 1121 2926 Ei
1183 2870 1282 2949 γὰρ
1339 2869 1788 2948 συναπεθάνομεν,
1859 2868 1946 2922 καὶ

295 2958 616 3032 συζήσομεν.
728 2958 785 3014 Ei
885 2956 1240 3034 ὑπομένομεν,
1343 2959 1430 3015 καὶ
1529 2955 1940 3034 συμϐασιλεύσο-

285 3067 412 3118 μεν.
499 3048 558 3104 Ei.
644 3047 956 3126 ἀρνούμεθα,
1071 3048 1321 3113 κάκεῖνος
1404 3045 1686 3127 ἀρνήσεται
1769 3048 1935 3121 ἡμᾶς.

284 3135 345 3191 Εἰ
430 3134 782 3216 ἀπιστοῦμεν,
889 3135 1092 3202 ἐκεῖνος
1189 3137 1376 3201 πιστὸς
1478 3134 1646 3211 μένει.

285 3231 474 3284 σασθαι
561 3229 746 3286 ἑαυτὸν
828 3233 888 3288 οῦ
986 3228 1222 3290 δύναται.
1309 3239 1482 3289 Ταῦτα
1563 3229 1937 3306 ὑπομίμνησκε

280 3314 794 3396 διαρμαρτυρόμενος
879 3317 1103 3375 ἐνώπιον
1184 3327 1278 3378 τοῦ
1364 3318 1571 3397 Κυρίου,
1659 3319 1737 3394 μὴ
1785 3317 1942 3397 λογο-

283 3419 493 3484 μαχεϊν
524 3408 596 3470 εἰς
627 3405 773 3464 οῦδὲν
804 3409 1072 3488 χρήσιμον
1102 3407 1187 3464 ἐπὶ
1217 3413 1554 3488 καταστροφῇ
1579 3414 1686 3464 τῶν
1715 3407 1944 3465 ἀκούον-

282 3517 416 3554 των.
450 3493 758 3556 Σπουδάσον
809 3498 1026 3554 σεαυτὸν
1075 3495 1294 3572 δόκιμον
1335 3498 1671 3575 παραστῆσαι
1701 3504 1778 3572 τῷ
1806 3503 1942 3572 Θεῷ,

286 3584 518 3661 ἐργάτην
574 3584 1017 3666 ἀνεπαίσχυντον,
1075 3587 1460 3665 ὀρθοτομοῦντα
1500 3588 1592 3643 τὸν
1649 3585 1807 3665 λόγον
1849 3588 1946 3654 τῆς

288 3671 567 3739 ἀληθείας,
605 3697 633 3730 ι

369 3765 564 3827 Πιστὸς
595 3765 624 3820 6
653 3761 840 3842 λόγος,
886 3763 966 3821 ὅτι
1009 3767 1056 3822 οἱ
1107 3763 1344 3821 ἐκλεκτοὶ
1399 3762 1605 3830 ἐνδόξου
1665 3767 1752 3822 καὶ
1807 3767 1942 3822 αίω-

285 3852 396 3916 νίας
451 3851 661 3932 τύχωσι
734 3853 1020 3932 σωτηρίας.
1108 3851 1300 3921 Ἐπιδῆ
1387 3854 1486 3932 γάρ
1569 3875 1710 3919 τινες
1763 3853 1942 3935 ἀμερέ-

283 3938 484 3996 ϐαλλον
554 3942 686 4018 πρὸς
770 3942 870 4010 τὴν
927 3943 1234 4017 ἀνάστασιν,
1307 3943 1506 4010 ταύτης
1591 3942 1781 4014 ἐδεήθη
1847 3943 1942 4011 τῆς

278 4027 650 4106 βεϐαιώσεως.
700 4019 829 4088 υΟτι
872 4028 923 4087 δὲ
968 4033 1155 4096 πιστὸς
1199 4033 1228 4088 6
1283 4031 1470 4113 λόγος,
1515 4034 1602 4090 καὶ
1647 4033 1754 4090 ἀπὸ
1784 4031 1943 4112 λογι-

279 4120 433 4193 σμῶν
491 4119 650 4175 αῦτὸν
707 4122 1106 4193 κατασκευάζει.
1159 4143 1187 4176 ι
1247 4123 1307 4178 Εἰ
1363 4123 1462 4202 γὰρ
1515 4122 1938 4198 συναπεθάνομεν

280 4215 359 4280 τῷ
406 4215 640 4287 Χριστῷ,
690 4209 928 4280 (θάνατον
983 4209 1157 4289 λέγων
1211 4211 1302 4267 τόν
1343 4231 1400 4266 τε
1458 4210 1542 4270 διὰ
1573 4211 1936 4288 βαπτίσματος

286 4298 373 4351 καὶ
428 4299 488 4373 τρ
545 4295 630 4352 δια
699 4299 1054 4379 παθημάτων,
1108 4306 1292 4356 τοῦτον
1348 4297 1413 4369 δὴ
1469 4301 1560 4356 τὸν
1630 4299 1928 4380 αἰσθητὸν,)

2033 2241 2072 2303 li
2102 2241 2218 2302 vita
2253 2241 2484 2322 loquor,
2517 2240 2624 2302 sed
2656 2239 2731 2302 de
2753 2259 2823 2302 ea
2853 2259 2981 2320 quae
3012 2247 3101 2302 est
3147 2239 3208 2301 in
3240 2239 3472 2304 Christo
3507 2237 3676 2320 Jesu,

2031 2329 2143 2391 hoc
2172 2337 2412 2409 estquae
2443 2346 2549 2408 per
2570 2327 2870 2390 Christum
2891 2329 3114 2392 donata
3144 2334 3259 2404 est,
3292 2345 3424 2409 quae
3451 2333 3676 2389 interna

2029 2425 2141 2498 est,
2175 2436 2304 2499 quae
2325 2417 2518 2479 futura
2547 2424 2636 2479 est
2657 2435 2790 2479 cum
2823 2417 3017 2498 gloria
3048 2434 3062 2480 :
3101 2415 3306 2478 mundi
3329 2415 3491 2480 enim
3515 2415 3678 2479 salus

2028 2506 2415 2586 ignominiam
2445 2504 2646 2568 habet.

2667 2597 2908 2663 CAPUT
2956 2599 3058 2664 IV.

2031 2678 2120 2742 De
2141 2679 2256 2761 ﬁde
2287 2680 2354 2741 in
2384 2677 2714 2757 Christum,
2754 2688 2811 2743 et
2852 2680 3178 2744 tolerantia
3218 2681 3290 2745 ob
3315 2698 3485 2762 spem
3512 2681 3675 2746 vitw.

2111 2861 2182 2939 ll,
2235 2861 2453 2924 11-15.
2485 2861 2642 2924 Fide
2699 2862 3099 2945 dignissimus
3140 2881 3350 2927 sermo.
3421 2865 3575 2926 Nam
3621 2865 3679 2925 si

2026 2955 2386 3014 commortui
2411 2967 2644 3028 sumus,
2677 2958 2732 3013 et
2760 2955 3145 3016 convivemus
3180 2975 3193 3011 ε
3227 2954 3282 3016 si
3300 2951 3673 3034 sufferimus,

2027 3047 2085 3103 et
2118 3039 2620 3121 conregnabimus
2652 3061 2666 3098 :
2699 3042 2756 3102 si
2800 3060 3115 3123 negamus,
3177 3049 3234 3105 et
3281 3041 3384 3105 ille
3425 3041 3678 3124 negabit

1737 3133 1935 3214 Ἀρνή-
1957 3132 1998 3157 υ
2020 3147 2132 3194 nos
2158 3147 2172 3192 :
2204 3132 2261 3192 si
2292 3132 2594 3193 increduli
2621 3133 2965 3207 sumus,ille
2979 3134 3189 3214 ﬁdelis
3216 3141 3676 3214 manet,negare

2021 3220 2286 3300 seipsum
2345 3237 2470 3283 non
2520 3229 2736 3301 potest.
2787 3222 2939 3286 Haec
2999 3223 3258 3286 admone
3329 3227 3673 3285 contestans

2023 3327 2228 3371 coram
2267 3309 2546 3390 Domino,
2579 3328 2657 3373 ne
2684 3311 2884 3374 verbis
2932 3313 3292 3375 contendant
3329 3311 3409 3374 ad
3436 3310 3676 3373 nullam

2027 3399 2386 3475 utilitatem,
2418 3402 2528 3462 sed
2562 3400 3012 3464 subversionem
3039 3403 3440 3465 audientium.
3483 3399 3679 3464 Stude

2030 3492 2278 3566 teipsum
2357 3489 2680 3570 probatum
2739 3490 3018 3554 ecchibere
3092 3491 3222 3555 Deo
3247 3540 3264 3567 ,
3327 3494 3678 3572 operarium

2029 3595 2153 3640 non
2211 3578 2687 3644 erubescendum
2711 3628 2728 3657 ,
2785 3587 2946 3644 recte
3000 3589 3297 3645 secantem
3338 3596 3676 3644 sermonem

2031 3669 2332 3730 veritatis.

2117 3755 2297 3819 «Fide
2327 3755 2717 3836 dignissimus
2747 3776 2969 3822 sermo.
2997 3779 3027 3820 ι
3057 3758 3226 3832 Quod
3256 3758 3426 3821 electi
3451 3756 3679 3838 glorio-

2028 3865 2152 3908 sam
2203 3853 2262 3906 et
2297 3854 2580 3907 aeternam
2615 3855 3015 3928 consequatur
3065 3848 3337 3910 salutem.
3383 3846 3674 3919 Quoniam

2028 3934 2188 3997 enim
2223 3953 2340 3994 non
2374 3933 2524 3996 nulli
2553 3935 2630 3996 de
2661 3939 3103 3999 resurroctione
3124 3935 3524 4016 ambigebant,
3561 3935 3673 3996 hac

2027 4042 2174 4104 opus
2199 4022 2307 4084 fuit
2331 4023 2988 4098 conﬁrmatione.Quod
3011 4033 3206 4088 autem
3231 4043 3430 4088 sermo
3452 4023 3571 4086 ﬁde
3588 4022 3676 4085 di-

2026 4131 2176 4192 gnus
2206 4112 2346 4184 sit,a
2391 4111 2720 4174 rationibus
2759 4133 2992 4196 quoque
3035 4116 3366 4180 conﬁrmat.
3397 4111 3591 4175 «Nam
3624 4111 3675 4173 si

2020 4201 2376 4264 commortui
2408 4221 2615 4263 sumus
2636 4203 2870 4266 Christo
2907 4205 3184 4286 (mortem
3209 4204 3418 4266 dicens
3455 4210 3513 4266 et
3540 4219 3674 4285 quae

2018 4309 2123 4372 per
2154 4290 2512 4372 baptismum
2551 4301 2663 4367 est,
2701 4291 2842 4354 266
2882 4302 2941 4356 et
2975 4313 3107 4376 quae
3137 4312 3244 4376 per
3289 4293 3666 4369 afﬂictiones,

289 4387 378 4440 καὶ
420 4383 926 4462 συμϐασιλεύσομεν.
965 4412 993 4442 ι
1057 4386 1234 4453 Οὐδεὶς
1289 4390 1409 4467 γὰρ,
1475 4390 1628 4470 φησὶ,
1673 4389 1794 4454 τοὺς
1823 4397 1928 4445 τῶν

2031 4397 2229 4470 tempe
2260 4381 2415 4470 hanc
2443 4381 2839 4463 sensibiiem),
2874 4384 3051 4446 etiam
3085 4382 3608 4462 conrognabimus.
3637 4405 3666 4437 ι

285 4478 610 4552 σκυθρωπῶν
653 4478 1108 4558 κοινωνήσαντας,
1165 4485 1271 4534 τῶν
1316 4485 1572 4560 χρηστῶν
1623 4478 1932 4558 ἀποστερεῖ,

283 4564 415 4635 μήτι
444 4585 506 4640 γε
556 4565 802 4645 Χριστὸς,
860 4567 896 4633 ἡ
957 4567 1350 4644 αὖτοαγαθοτης
1408 4569 1495 4624 καὶ
1550 4565 1930 4648 φιλανθρωπία,

287 4676 314 4705 α
367 4654 425 4709 Εἰ
467 4653 786 4732 ἀρνούμεθα,
834 4655 1083 4717 κάκεῖνος
1145 4654 1429 4734 ἀρνήσεται
1472 4657 1642 4732 ἡμᾶς,
1696 4678 1719 4711 ι
1797 4656 1934 4714 Εἶτα

282 4740 369 4797 ni
411 4741 517 4799 ἀπὸ
573 4748 680 4798 τῶν
722 4742 934 4822 φαύλων
977 4744 1164 4806 αὐτοὺς
1207 4742 1386 4824 φοϐεῖ.
1431 4747 1531 4802 Τὸν
1574 4744 1628 4801 δέ
1657 4766 1718 4824 γε
1761 4745 1930 4824 ἀρνη-

277 4830 432 4886 θέντα
482 4832 585 4887 ὑπὸ
644 4838 890 4910 Χριστοῦ,
949 4831 1114 4889 ἐννόει
1171 4835 1222 4889 τί
1294 4837 1482 4890 παθεῖν
1553 4833 1716 4898 εἰκός.
1791 4857 1819 4888 ι
1876 4836 1934 4891 Εἰ

275 4920 628 4995 ἀπιστοῦμεν,
687 4921 891 4987 ἐκεῖνος
949 4923 1137 4986 πιστὸς
1195 4921 1366 4999 μένει.
1421 4945 1442 4978 ι
1507 4923 1566 4980 Ei.
1613 4922 1936 4999 ἀπιστοῦμεν

275 5007 358 5065 ὅτι
418 5009 642 5082 ἀνέστη,
694 5010 729 5078 ἢ
816 5009 896 5067 ὅτι
982 5013 1112 5075 Θεός
1196 5013 1362 5087 ἔστιν,
1439 5011 1644 5077 ἐκεῖνος
1721 5013 1933 5084 πιστὸς,

273 5097 574 5177 τουτέστιν,
624 5097 828 5167 ἀληθὴς
891 5097 1062 5175 μένει.
1126 5101 1300 5157 Εἰπὼν
1357 5101 1457 5180 γὰρ
1498 5099 1579 5156 ὅτι
1637 5101 1937 5172 ἀναστήσε-

274 5207 392 5266 ται,
448 5189 537 5243 καὶ
584 5186 666 5243 ὃτι
719 5189 848 5254 Θεός
905 5188 1072 5270 ἐστιν,
1110 5189 1188 5269 (ἐν
1243 5189 1470 5255 πολλοῖς
1501 5191 1600 5270 γὰρ
1630 5197 1785 5248 τοῦτο
1816 5190 1938 5260 ἐσή-

277 5275 496 5356 μανεν),
529 5274 736 5348 ἀληθής
793 5277 957 5337 ἐστιν.
1013 5278 1239 5346 Ἀνέστη
1314 5280 1413 5358 γὰρ
1455 5285 1542 5335 καὶ
1600 5279 1727 5342 Θεός
1772 5279 1934 5340 ἐστιν,

275 5362 658 5446 Ἀρνήσασθαι,
746 5367 932 5445 φησὶν,
987 5367 1170 5424 ἑαυτὸν
1215 5367 1274 5424 οῦ
1329 5366 1564 5442 δύναται,
1613 5370 1684 5432 εἷς
1741 5370 1803 5424 τὸ
1861 5369 1937 5444 μὴ

277 5453 422 5509 εἶναι
468 5456 598 5517 Θεὸς
646 5445 693 5523 ἢ
738 5453 1047 5535 ἐγηγέρθαι,
1110 5445 1201 5521 Ὠς
1229 5459 1272 5513 εί
1303 5457 1460 5514 εἶπεν
1491 5476 1504 5489 ⁸
1541 5455 1700 5516 Οὐδὲν
1729 5456 1939 5536 παραλ-

272 5542 458 5621 λαγεὶς
545 5542 696 5600 ἔσται
780 5542 865 5600 διὰ
902 5611 907 5616 _
948 5545 1047 5612 τὴν
1132 5546 1396 5626 ἡμετέραν
1478 5545 1721 5624 ἄρνησιν,
1806 5545 1944 5603 ἀλλά

524 5633 671 5709 μένει
730 5634 820 5689 καὶ
866 5632 1096 5702 ’ἀληθὴς
1153 5637 1226 5700 είς
1307 5635 1371 5691 τὰ
1417 5637 1536 5713 περὶ
1575 5636 1783 5696 ἑαυτοῦ.
1848 5637 1946 5694 Καὶ

274 5635 466 5696 πιστὸς

2018 4468 2223 4530 Nullus
2256 4469 2416 4530 enim
2463 4489 2566 4531 eos
2595 4471 2696 4552 qui
2727 4471 2787 4532 in
2822 4473 3090 4535 tristibus
3123 4473 3662 4547 communicarunt,

2020 4559 2211 4640 privat
2259 4557 2432 4620 bonis
2484 4576 2554 4621 ac
2611 4561 2917 4642 prosperis
2959 4580 2972 4625 :
3011 4564 3232 4626 nedum
3269 4561 3540 4624 Christus
3570 4560 3672 4641 qui

2017 4644 2146 4728 ipsa
2179 4657 2268 4710 est
2307 4645 2543 4710 bonitas
2588 4669 2657 4711 ac
2707 4649 3070 4730 benignitas.
3111 4677 3138 4708 α
3174 4650 3238 4714 Si
3270 4667 3581 4730 negamus,
3613 4655 3672 4711 et

2019 4731 2118 4825 ille
2153 4739 2387 4819 negabit
2415 4760 2543 4804 nos.
2580 4767 2603 4796 ι»
2634 4743 2861 4806 Deinde
2895 4745 2967 4806 ab
2999 4744 3094 4807 his
3123 4760 3363 4825 quoque
3395 4742 3671 4804 dehorta-

2017 4820 2112 4894 tnr
2161 4852 2294 4914 quae
2345 4834 2499 4895 mala
2549 4845 2709 4898 sunt.
2773 4837 2923 4899 Eum
2983 4820 3336 4919 vero—quem
3369 4833 3674 4914 negaverit

2018 4921 2514 5001 Christus,cogita
2543 4924 2684 5005 quid
2724 4925 2800 4988 sit
2827 4945 3206 5008 consequens
3235 4925 3376 5007 pati.
3415 4949 3442 4980 κ
3477 4923 3540 4988 Si
3572 4923 3671 4986 in-

2019 5010 2251 5073 creduli
2282 5028 2512 5090 sumus,
2546 5015 2647 5075 ille
2681 5015 2876 5077 ﬁdelis
2907 5023 3127 5078 manet.
3162 5041 3185 5075 ι
3222 5014 3286 5077 Si
3316 5033 3435 5077 non
3468 5013 3668 5078 credi-

2024 5118 2158 5161 mus
2183 5099 2343 5180 quod
2382 5103 2734 5175 surrexerit,
2767 5115 2870 5166 aut
2899 5103 3058 5185 quod
3089 5103 3247 5166 Deus
3268 5103 3364 5180 sit,
3391 5102 3493 5165 ille
3517 5102 3672 5166 ﬁde-

2024 5189 2118 5264 lis,
2154 5187 2212 5250 id
2241 5196 2354 5271 est,
2385 5209 2561 5254 verax
2594 5203 2815 5255 manet.
2847 5192 2994 5256 Cum
3026 5193 3186 5256 enim
3219 5193 3435 5256 dixerit
3462 5210 3530 5254 se
3567 5210 3670 5255 re-

2024 5284 2456 5353 surrecturum,
2485 5299 2668 5361 seque
2691 5284 2881 5346 Deum
2911 5301 3048 5345 esse
3070 5281 3229 5364 (nam
3251 5282 3363 5345 hoc
3386 5280 3588 5342 multis
3608 5279 3672 5342 in

2023 5364 2172 5426 locis
2194 5366 2776 5449 signiﬁcavit),verax
2797 5380 2887 5434 est
2909 5390 2922 5435 :
2944 5371 3238 5453 siquidem
3267 5379 3324 5434 et
3345 5369 3676 5434 resurrexit

2025 5463 2082 5516 et
2109 5454 2268 5516 Deus
2299 5465 2407 5518 est.
2442 5458 2699 5539 Negare,
2723 5461 2828 5537 ait,
2864 5461 3123 5542 seipsum
3151 5479 3272 5522 non
3305 5459 3674 5542 potest,quin

2027 5547 2184 5608 Deus
2214 5545 2292 5607 sit
2319 5564 2387 5608 ac
2419 5551 2838 5613 resurrexerit.
2872 5553 2958 5613 Ac
2999 5551 3050 5613 si
3096 5549 3327 5614 diceret
3359 5567 3372 5613 :
3408 5548 3568 5612 Nihil
3595 5545 3671 5608 ob

2027 5641 2292 5696 nostram
2311 5638 2684 5718 negationem
2709 5640 3052 5704 immutatus
3073 5637 3296 5714 est,sed
3322 5637 3516 5701 ﬁdelis
3547 5652 3671 5698 ma-
