4132 6418
431 303 554 367 215

1548 302 1968 369 (ECUMENII
2012 300 2309 367 TRIOCIE
2349 301 2686 366 EPISGOPI

3709 302 3827 366 216

431 442 536 498 net
560 443 622 498 et
648 452 823 497 verax
853 434 915 496 in
942 434 1044 497 his
1073 455 1206 517 quae
1233 436 1430 518 ipsum
1463 443 1853 511 cancernunt,
1887 443 1947 499 et
1976 454 2083 498 ne-

2170 435 2513 514 ἆρνήσασθαι,
2572 434 2834 515 τουτέστι,
2912 436 3200 511 ψεύσασθαι
3268 438 3453 496 ἑαυτὸν
3522 441 3584 495 οὐ
3664 434 3826 492 δύνα-

431 525 719 605 gure,bac
744 524 1217 589 est’meudacem
1248 526 1507 590 reddere
1538 526 1801 608 seipsum
1834 543 1954 588 non
1976 544 2087 607 pa-

430 621 640 690 test,ut
653 633 771 677 non
785 623 1124 694 resurgeret
1138 623 1239 678 aut
1260 615 1419 678 Deus
1438 634 1555 677 nan
1579 618 1909 677 esset.Cum
1924 614 2087 678 enim

435 702 729 784 deseipsa
756 704 1352 781 annuntiaverit,nan
1394 711 1597 783 potest
1625 704 1887 785 seipsum
1914 721 2087 764 men-

435 791 644 854 dacem
673 792 953 867 reddere,
988 811 1107 854 non
1137 793 1499 875 complenda
1527 812 1595 855 ea
1620 811 1750 875 quae
1783 793 2080 874 promisit.

434 881 644 962 Neque
677 879 837 942 enim
869 880 920 942 si
951 880 1273 946 credimus.
1319 882 1506 944 Deum
1541 882 1735 962 ipsum
1758 880 2081 943 efﬁcimus:

436 988 633 1050 neque
663 970 714 1031 si
746 969 1043 1032 increduli
1091 989 1319 1047 sumus,
1372 970 1636 1034 divinam
1677 970 1749 1032 ab
1785 988 1854 1031 ea
1909 978 2085 1032 uatu-

438 1076 571 1121 ram
601 1058 952 1138 repellimus
985 1079 999 1119 :
1035 1061 1140 1122 sed
1173 1067 1233 1122 et
1262 1059 1647 1122 credentibus
1678 1058 1847 1122 nobis
1868 1065 1929 1120 α
1968 1077 2087 1120 nan

443 1146 842 1210 credentibus
886 1148 1014 1228 ipse
1065 1149 1225 1211 Deus
1254 1157 1365 1211 est.
1396 1150 1517 1211 Nos
1546 1147 1727 1227 igitur
1756 1147 1856 1228 qui
1885 1146 2086 1209 credi-

2174 548 2282 602 ται,
2326 525 2388 581 ἐν
2443 532 2520 600 τῷ
2572 527 2653 602 μή
2704 525 2985 606 ἐγηγέρθαι
3028 525 3065 595 ἢ
3111 527 3189 602 μὴ
3247 528 3391 584 εἶναι
3422 527 3575 592 Θεός.
3612 522 3820 603 Ἐπαγ-

2171 613 2485 693 γειλάμενος
2570 615 2669 694 γὰρ
2752 616 2869 694 περὶ
2950 616 3158 691 ἑαυτοῦ,
3261 618 3321 674 οὗ
3402 613 3615 673 δύναται
3698 615 3823 673 ἐαυ-

2169 705 2260 759 τὸν
2343 703 2632 779 ψεύσασθαι
2715 704 2803 759 καὶ
2885 703 2964 778 μὴ
3046 702 3328 782 πληρῶσαι
3411 705 3479 761 τὰ
3559 699 3827 781 ἐπηγγελ-

2170 790 2323 867 μένα.
2401 791 2531 849 Οὔτε
2591 792 2691 870 γὰρ
2736 793 3092 869 πιστεύοντες,
3141 794 3271 851 Θεὸν
3314 794 3470 851 αὐτὸν
3527 792 3824 871 ἀποφαίνο-

2170 902 2289 956 μεν,
2364 880 2481 936 οὔτε
2538 880 2882 946 ἀπιστοῦντες
2940 886 3040 948 τῆς
3113 882 3253 947 θείας
3324 879 3653 956 ἐκϐάλλομεν
3724 882 3823 959 φύ-

2169 990 2327 1045 σεως,
2373 967 2511 1027 ἀλλᾶ
2562 969 2650 1025 καὶ
2708 970 3064 1026 πιστευόντων
3111 972 3265 1047 ἡμῶν
3316 972 3405 1027 καὶ
3461 969 3820 1027 ἀπιστούντων

2170 1058 2324 1122 αὐτὸς
2398 1058 2529 1120 Θεός
2601 1056 2739 1118 ἐστι.
2813 1049 3006 1134 Ἡμεῖς
3064 1060 3237 1117 τοίνυν
3292 1059 3632 1121 πιστεύοντες
3717 1058 3816 1124 τὴν

2169 1144 2428 1227 ὠφέλειαν
2458 1146 2818 1225 καρπούμεθα.
2853 1149 2924 1204 Τὸ
2968 1146 3023 1203 δὲ
3060 1171 3088 1203 ι
3121 1148 3195 1207 Οὔ
3223 1146 3456 1223 δύναται,
3496 1170 3523 1204 ι
3558 1148 3675 1227 ἀντι
3703 1155 3818 1226 τοῦ,

440 1254 597 1307 mus,
652 1223 965 1298 utilitatem
1010 1236 1350 1300 referimus.
1380 1236 1549 1309 Quod
1573 1223 1795 1298 Vautem
1845 1235 2083 1316 dicitur,

2171 1223 2277 1292 Ούκ
2358 1223 2655 1314 ἐνδέχεται.
2722 1257 2746 1288 ι
2827 1232 3070 1301 Ἐκεῖνος
3106 1237 3293 1301 πιστὸς
3337 1234 3506 1311 μένει.
3562 1257 3587 1293 ιι
3639 1223 3818 1291 “stare

445 1323 608 1387 «Non
626 1333 839 1405 potest,
853 1348 877 1383 ιι
902 1325 1017 1386 1ιοο
1041 1333 1129 1387 est
1152 1344 1167 1388 :
1196 1327 1331 1389 Nan
1349 1334 1436 1387 est
1463 1325 1770 1407 possibile.
1786 1325 1926 1388 cllle
1946 1326 2086 1387 ﬁde-

2170 1318 2253 1381 διὰ
2308 1323 2408 1390 τὴν
2462 1321 2727 1402 ἡμετέραν
2786 1325 3050 1402 σωτηρίαν
3107 1324 3326 1381 ἀπαιτεῖ
3374 1326 3530 1401 ἡμῶν
3580 1323 3681 1391 τὴν
3743 1324 3816 1387 εἰς

437 1415 513 1477 lis
547 1413 1010 1497 manet.aItaque
1042 1425 1284 1496 propter
1304 1424 1565 1478 nostram
1588 1417 1840 1478 salutem
1865 1415 2086 1497 expetit

2170 1410 2327 1467 αὐτὸν
2384 1412 2778 1490 συγκατάθεσιν.
2831 1416 2903 1471 Οὐ
2953 1414 3053 1493 γὰρ
3110 1410 3561 1487 καταϐλάπτεται,
3633 1413 3817 1493 φησὶν,

436 1503 612 1565 nobis
643 1511 704 1565 ut
734 1503 790 1565 ei
819 1505 1232 1579 assentiamus,
1289 1513 1347 1566 et
1389 1504 1451 1566 in
1489 1504 1686 1585 ipsum
1740 1504 2083 1569 credamus.

2170 1500 2228 1556 ἐκ
2279 1500 2421 1595 τῆςη
2451 1499 2704 1580 ἐμπέρας
2775 1501 3067 1581 ἀρνήσεως.
3148 1525 3176 1558 α
3263 1509 3437 1595 Ταῦτα
3504 1502 3816 1595 ὑπομιμνη-

437 1591 642 1673 Neque
670 1591 911 1654 enimin
941 1592 1220 1654 damnum
1236 1592 1419 1654 ullum
1449 1579 1740 1674 recipitex
1766 1601 1967 1655 nostra
1985 1613 2086 1655 ne-

2170 1610 2282 1651 σκε,
2317 1610 2347 1644 ι
2385 1579 2509 1646 ’⁷1να
2554 1579 2630 1664 μή
2686 1610 2766 1652 τις
2812 1579 3003 1668 νομίσῃ
3054 1591 3255 1648 τούτων
3311 1588 3507 1648 δεῖσθα·
3554 1597 3662 1647 τῶν
3716 1588 3815 1646 λό-

436 1681 716 1781 εδιὶοηε..
737 1705 766 1737 κ
798 1680 939 1781 Haec
965 1681 1282 1781 adn-iane.»
1320 1680 1405 1781 lle
1435 1686 1570 1781 quis
1602 1682 1904 1745 existimet
1960 1683 2084 1745 haec

2170 1700 2277 1755 γων
2321 1679 2414 1733 τὸν
2471 1678 2747 1753 Τιμόθεον,
2808 1681 2959 1760 φησὶ,
3004 1687 3178 1739 Ταῦτα
3233 1681 3626 1756 ὑπομίμνησκε,
3690 1676 3812 1735 δια-

441 1786 591 1848 apus
638 1768 820 1830 fuisse
872 1767 2085 1844 Timatbea,ait:Haecadmanecantestans

2170 1766 2590 1845 μαρτυρούμενος
2671 1765 2896 1824 ἐνώπιον
2963 1769 3058 1825 τοῦ
3142 1768 3328 1847 Κυρίου
3424 1766 3656 1848 Φοϐερὸν
3736 1765 3814 1848 δὲ,

440 1874 636 1922 caram
668 1856 983 1919 Domino.»
1018 1856 1429 1923 Tremendum
1485 1868 1681 1920 autem
1727 1866 1816 1920 est
1856 1859 2081 1933 dicere,

2170 1856 2254 1934 τὸ,
2312 1854 2398 1911 ἐπὶ
2468 1854 2688 1934 μάρτυρι
2751 1862 2867 1931 θεῴ
2909 1855 3106 1935 λέγειν,
3159 1880 3187 1911 α
3237 1858 3326 1925 Μὴ
3385 1857 3747 1937 λογομαχεῖν.
3784 1878 3813 1916 ι

439 1955 591 2011 teste
650 1947 798 2011 Deo.
850 1972 872 2005 ι
930 1946 1019 2012 Ne
1072 1949 1268 2011 verbis
1318 1949 1755 2013 contendant.»
1796 1948 2084 2023 Quoniam

2170 1941 2386 2011 Ἐπειδή
2427 1941 2668 2023 λιχνείαν
2727 1942 2846 2025 ἔχει
2890 1946 2950 2001 τὸ
3006 1952 3252 2025 πρᾶγμα,
3312 1948 3401 2003 καὶ
3453 1947 3534 2003 ἀεὶ
3576 1944 3819 2023 βούλεται

439 2036 783 2099 aviditatem
838 2038 1092 2100 afferunt
1121 2038 1384 2118 negotia,
1420 2056 1784 2120 semperque
1817 2038 1941 2100 vult
1970 2040 2083 2100 hu-

2170 2032 2201 2099 ἡ
2273 2031 2572 2110 ἀνθρωπίνη
2652 2034 2807 2113 ψυχὴ
2857 2035 3110 2105 συζητεῖν
3164 2037 3254 2093 καὶ
3309 2034 3671 2116 λογομαχεῖν,
3730 2036 3816 2109 σὺ,

442 2144 653 2188 manus
700 2127 937 2189 animus
954 2128 1330 2209 conquirere,
1368 2136 1425 2190 et
1455 2118 1647 2189 verbts
1688 2118 2084 2204 contendere,

2170 2121 2319 2200 φησὶ,
2392 2118 2741 2201 διαμαρτύρου
2817 2124 2998 2187 αὐτοῖς
3066 2123 3293 2182 ἐνώπιον
3377 2133 3470 2183 τοῦ
3527 2131 3680 2204 Θεοῦ,
3739 2124 3819 2199 μὴ

442 2222 527 2291 tu,
563 2215 779 2296 inquit,
811 2226 1146 2278 contestare
1203 2216 1348 2298 ipsis
1398 2236 1596 2279 caram
1638 2217 1758 2279 Dea
1789 2235 1864 2279 ne
1892 2217 2088 2279 verbis

441 2304 847 2366 contendant:
885 2304 996 2366 hac
1048 2312 1162 2384 est,
1196 2305 1453 2387 praecipe
1511 2314 1816 2387 assumpta
1866 2306 1990 2369 Deo
2024 2307 2085 2368 in

440 2401 693 2455 testem:
726 2402 789 2455 ut
831 2395 1021 2456 sciant
1068 2395 1227 2475 quod
1261 2394 1311 2455 si
1345 2402 1401 2455 te
1451 2398 1945 2476 contempserint,
1991 2397 2088 2457 ille

436 2481 732 2563 judicabit
762 2484 949 2564 ipsas.
987 2505 1008 2534 ι
1044 2482 1135 2544 Ad
1167 2483 1394 2545 nullam
1442 2483 1782 2545 utilitatem.
1818 2509 1843 2540 ω
1880 2486 2090 2566 Neque

446 2571 607 2633 enim
643 2571 836 2632 solum
870 2571 1029 2633 circa
1061 2573 1712 2652 qumstiones,ratianes
1755 2592 1822 2635 ac
1868 2592 2091 2654 pugnas

441 2659 759 2722 verborum
793 2660 1030 2737 involvi,
1068 2660 1287 2722 nullam
1320 2661 1491 2723 affert
1523 2660 1859 2743 utilitatem,
1890 2663 1993 2725 sed
2015 2663 2089 2724 ad

443 2750 725 2812 damnum
785 2750 960 2810 etiam
1020 2750 1084 2811 ﬁt
1144 2750 1477 2811 auditorem
1532 2751 1631 2831 qui
1664 2750 2091 2813 imbecilliores

2169 2208 2528 2289 λογομαχεῖν,
2575 2209 2689 2266 ἀντὶ
2745 2218 2859 2291 τοῦ,
2919 2212 3285 2293 Παράγγελλε,
3339 2213 3571 2292 μάρτυρα
3638 2234 3819 2289 παρα-

2169 2295 2451 2374 λαμϐάνων
2482 2300 2573 2354 τὸν
2616 2300 2771 2380 Θεὸν,
2827 2300 2921 2357 ’ίνα
2962 2300 3164 2359 εἰδῶσιν
3220 2300 3302 2359 ὅτι
3365 2301 3456 2358 ἐάν
3510 2324 3602 2359 σου
3644 2323 3815 2358 κατα-

2170 2393 2451 2466 φρονῶσιν,
2506 2387 2710 2453 ἐκεῖνος
2756 2388 2941 2454 αὐτοὺς
2999 2404 3193 2470 κρινεῖ.
3258 2414 3286 2445 κ
3347 2392 3434 2454 Εἰς
3480 2389 3621 2449 οὐδὲν
3666 2391 3815 2470 χρή-

2171 2497 2347 2551 σιμον,
2418 2498 2439 2531 ι
2521 2476 2592 2534 Οὔ
2649 2477 2811 2552 μόνον
2898 2479 2998 2558 γὰρ
3078 2481 3140 2535 τὸ
3210 2481 3328 2559 περὶ
3384 2481 3665 2555 ζητήματα
3730 2480 3820 2535 καὶ

2172 2563 2458 2643 λογισμοὺς
2515 2564 2604 2620 καὶ
2662 2566 2846 2645 μάχας
2914 2566 3166 2625 είλεῖσθαι
3233 2566 3379 2625 οὐδὲν
3432 2567 3619 2647 ὄφελος
3673 2568 3814 2648 ἔχει,

2173 2652 2311 2709 ἀλλὰ
2378 2655 2465 2710 καὶ
2534 2655 2608 2718 εἰς
2677 2652 2878 2731 βλάϐην
2962 2658 3158 2735 γίνεται
3241 2670 3360 2722 τοῖς
3431 2657 3818 2737 ἀσθενεστέροις

2171 2748 2278 2798 τῶν
2333 2742 2655 2805 ἀκουόντων,
2718 2767 2748 2798 α
2807 2747 3036 2803 Σεαυτὺν
3085 2744 3325 2823 δόκιμον·
3391 2769 3415 2804 ο
3453 2751 3606 2822 Οἶον,
3642 2748 3818 2803 ἀνεπί-

440 2846 602 2900 sunt.
644 2858 668 2894 ιι
705 2835 893 2899 Stude
916 2838 1169 2920 teipsum
1202 2838 1515 2919 probatum
1547 2828 1833 2901 exhibere
1874 2840 2018 2903 Dea.
2054 2865 2083 2899 ιι

2170 2828 2399 2897 ληπτον.
2463 2855 2485 2888 ι
2548 2832 2811 2911 Ἐργάτην
2879 2834 3320 2915 ἀνεπαίσχυντον.
3387 2859 3414 2891 ι
3474 2834 3656 2894 Πολλὰ
3702 2847 3824 2915 περὶ

439 2925 567 2989 Hoc
596 2933 707 2998 est,
733 2926 898 2989 nulla
920 2927 1163 3007 dignum
1189 2927 1681 3007 reprehensione.
1698 2927 2085 3009 «Operarium

2170 2925 2268 2987 τῆς
2335 2921 2595 3000 αἰσχύνης
2658 2922 2855 2989 ταύτης
2911 2921 3208 3004 διειλέχθη.
3284 2927 3433 2989 Εἰκὸς
3493 2927 3591 3005 γάρ
3658 2947 3806 2987 τινας

438 3034 559 3106 non
589 3015 1127 3106 erubescendum.»
1159 3017 1343 3106 Multa
1374 3016 1448 3078 de
1495 3017 1605 3106 hac
1640 3007 1867 3096 pudore
1895 3017 2085 3080 disse-

2171 3007 2566 3106 ἀπολλυμένους
2635 3008 3045 3091 ἐπαισχύνεσθαι
3113 3016 3175 3070 τὸ
3240 3015 3515 3094 κηρυγμα,
3579 3016 3653 3077 ὡς
3709 3021 3815 3071 τὶιν

436 3105 577 3167 ruit.
601 3105 739 3166 267
763 3104 1104 3168 Verisimile
1126 3112 1216 3166 est
1246 3105 1405 3167 enim
1430 3105 1584 3186 quod
1617 3105 1850 3187 aliquos
1881 3107 2086 3187 perdi-

2171 3097 2482 3165 ἀποστόλων
2524 3105 2703 3164 κακῶς
2754 3102 3098 3181 πασχόντων,
3159 3108 3247 3159 καὶ
3292 3105 3365 3166 ὡς
3427 3110 3520 3161 τοῦ
3596 3110 3820 3182 Χριστοῦ

442 3204 535 3257 tas
565 3192 826 3273 pudebat
897 3192 1357 3274 praedicationis,
1401 3194 1559 3274 quod
1615 3195 1868 3274 apostoli
1918 3195 2086 3258 malis

2172 3188 2309 3263 μετὰ
2334 3194 2427 3244 τοῦ
2468 3199 2689 3268 σταυροῦ
2734 3190 3152 3269 κηρυσσομένου,
3210 3192 3246 3261 ἢ
3307 3201 3432 3273 γοῦν
3489 3196 3562 3258 ὡς
3595 3192 3820 3251 εὖτελάιν

439 3281 908 3359 afﬁcerentur,et
935 3281 1092 3363 quod
1126 3282 1394 3345 Christus
1430 3301 1567 3345 cum
1598 3301 1776 3345 cruce
1809 3283 2086 3365 praedica-

2171 3275 2338 3332 ὄντων
2405 3277 2511 3334 τῶν
2581 3278 2848 3357 κηρύκων,
2932 3280 3056 3337 οἷον
3137 3283 3212 3345 ὡς
3282 3283 3645 3365 σκηνορῥάφου
3730 3288 3820 3339 τοῦ

438 3377 625 3445 retur,
657 3370 782 3432 sive
820 3353 986 3451 quod
1036 3370 1183 3432 viles
1213 3379 1273 3433 et
1302 3370 1521 3451 abjecti
1553 3380 1753 3433 essent
1798 3353 2086 3451 pradica-

2171 3363 2401 3440 Παύλου,
2455 3366 2545 3423 καὶ
2586 3365 2778 3425 ἀλιέων
2831 3370 2938 3424 τῶν
3005 3369 3140 3449 ἀμφὶ
3190 3371 3281 3427 τὸν
3336 3353 3570 3450 Πέτρον..
3620 3353 3679 3429 Ἦ
3736 3369 3818 3426 ὅτι

436 3466 631 3522 tores:
663 3449 878 3538 nempe
932 3459 1148 3521 Paulus
1202 3449 1394 3521 textor
1442 3449 1987 3537 tabernaculorum,
2032 3469 2086 3523 et

2171 3454 2248 3529 μὴ
2277 3458 2698 3535 καταισχυνθῇς,
2738 3455 2827 3513 διὰ
2868 3464 2959 3515 τοῦ
2999 3458 3189 3538 πρᾶξαί
3217 3482 3268 3516 τι
3316 3449 3538 3540 φαῦλον.
3602 3481 3627 3519 α
3692 3449 3817 3538 Ὀρ-

441 3549 659 3610 Petrus
688 3566 821 3609 cum
853 3545 985 3609 aliis
1015 3546 1287 3626 pluribus
1319 3549 1668 3629 piscatores.
1705 3549 1821 3611 Aut
1863 3568 1940 3613 ne
1981 3571 2086 3612 ru-

2170 3549 2491 3624 θοτομούντα
2516 3550 2608 3605 τὸν
2650 3548 2809 3630 λόγον
2837 3556 2935 3619 τῆς
2960 3550 3230 3619 ἀληθείας.
3303 3577 3329 3610 ι
3393 3554 3672 3634 Μαχαίρας
3727 3550 3811 3607 δέ..

440 3635 588 3698 bore
616 3634 979 3699 suifundaris
1006 3636 1080 3697 ab
1115 3635 1268 3697 mala
1298 3655 1429 3717 quae
1490 3646 1816 3718 perpetres.
1853 3663 1879 3695 α
1905 3641 2086 3703 Recte

2170 3657 2271 3703 κην
2299 3636 2457 3712 τέμνε
2487 3638 2554 3693 τὰ
2595 3641 2817 3718 περισσὰ
2862 3641 2951 3696 καὶ
3006 3642 3130 3697 νόθα
3187 3640 3448 3721 δόγματα,
3497 3645 3531 3699 ἃ
3560 3645 3607 3700 οἱ
3635 3640 3810 3697 ἀπολ-

435 3733 739 3788 secantem
774 3743 1117 3787 sermonem
1141 3726 1467 3787 veritatis.»
1491 3725 1731 3789 Securis
1761 3727 1821 3788 in
1845 3730 2084 3790 modum

2170 3721 2383 3800 λόμενοι
2434 3730 2852 3806 προσετρίψαντο
2896 3732 2974 3806 τῷ
3000 3736 3326 3811 κηρύγματι,
3354 3733 3441 3789 καὶ
3480 3732 3552 3795 εἷς
3578 3731 3643 3787 τὸ
3671 3730 3813 3793 εύθὲς

433 3831 572 3877 seca
602 3815 903 3895 superflua
945 3821 1001 3875 et
1032 3814 1366 3877 adulterina
1395 3815 1693 3895 dogmata,
1753 3835 1885 3897 qua:
1916 3818 2086 3898 impii

2170 3811 2263 3893 ἄγε
2292 3812 2377 3872 διὰ
2412 3821 2506 3873 τοῦ
2548 3820 2875 3896 Πνεύματος.

433 3923 501 3966 ac
525 3903 741 3985 perditi
769 3903 1166 3968 commiscent
1188 3905 1596 3987 praedicatiani
1627 3925 1642 3979 ;
1665 3914 1723 3968 et
1752 3924 1860 3986 per
1890 3905 2083 3987 Spiri-

437 4000 558 4055 tum
589 3992 661 4055 ad
693 3992 753 4054 id
784 3993 942 4074 quod
975 4000 1204 4055 rectum
1223 4003 1312 4055 est
1331 3993 1663 4074 perducito.

514 4081 588 4157 Il,
625 4083 824 4144 16-19.
868 4084 1164 4144 Craterum
1205 4084 1501 4162 profanas
1526 4100 1743 4146 vacum
1790 4086 2085 4148 novitates

2261 4095 2286 4130 ιι
2389 4075 2493 4141 Τὰς
2580 4074 2635 4133 δὲ
2718 4075 2977 4155 βεϐήλους
3060 4083 3412 4162 καινοφωνίας
3498 4084 3820 4162 περιίστασο.

429 4172 856 4251 praetermitte:
881 4171 961 4231 ad
972 4171 1268 4250 majorem
1284 4173 1455 4233 enim
1469 4172 1794 4251 proﬁcient
1812 4173 2086 4252 impieta-

2176 4163 2278 4252 li‘tt‘t
2350 4162 2538 4223 πλεῖον
2600 4167 2701 4245 γὰρ
2785 4170 3176 4247 προσκόψουσιν
3257 4169 3556 4252 ἀσεϐείαςη
3616 4174 3702 4229 καὶ
3793 4175 3821 4228 ὁ

435 4248 641 4338 tem,et
660 4274 859 4320 sermo
880 4248 1130 4320 illorum
1154 4265 1223 4323 ut
1242 4275 1456 4321 cancer
1469 4248 1732 4323 morbus
1749 4248 2086 4340 postianm

2176 4248 2335 4340 λόγος
2403 4254 2573 4311 αὐτῶν
2629 4259 2703 4318 ὡς
2760 4258 3053 4337 γάγγραινα
3122 4262 3282 4335 δομην
3344 4260 3468 4324 ἕξει,
3530 4250 3622 4315 τμιν
3665 4259 3830 4340 ,ἐστιν

434 4330 995 4427 habebit:quorum
1021 4347 1097 4408 de
1123 4364 1385 4409 numero
1428 4355 1571 4411 sunt
1622 4330 1987 4429 Hymenaeus
2034 4361 2086 4415 et

2178 4330 2451 4415 Ὑμέναιος
2537 4345 2626 4400 καὶ
2705 4330 2959 4427 Φιλητός,
3047 4330 3244 4411 οἵτινες
3325 4349 3444 4426 περὶ
3513 4348 3616 4415 τὴν
3665 4330 3822 4419 ’ἀλή-

432 4434 734 4510 Phitetns,
756 4441 864 4515 qui
881 4439 1050 4499 circa
1078 4438 1276 4499 verita
1290 4443 1405 4499 tem
1422 4437 2086 4516 aberrarunt,dicentes

2170 4432 2309 4486 θειαν
2404 4431 2746 4512 ἠστόχησαν,
2827 4433 3073 4515 λέγοντες
3160 4437 3257 4502 τὴν
3341 4435 3627 4495 ἀνάστασιν
3720 4438 3825 4506 ἤχθη

432 4531 926 4588 resurrectionem
968 4526 1093 4601 iam
1142 4542 1268 4587 esse
1312 4524 1538 4603 factam
1557 4550 1583 4599 ,-
1614 4535 1675 4589 et
1730 4529 2086 4592 subvertant

2170 4517 2466 4596 γεγονὲται,
2564 4524 2653 4579 καὶ
2750 4516 3099 4605 ἀνατρέπουσι
3181 4526 3280 4595 td:
3375 4548 3533 4584 τινων
3620 4527 3823 4592 πίστιν.

433 4615 821 4705 quarundam
839 4614 1043 4705 ﬁdem.
1072 4601 1364 4705 Solidum
1384 4621 1588 4705 tamen
1607 4617 2086 4705 fundamentum

2177 4601 2235 4665 Ὀ
2285 4609 2380 4684 μέν
2435 4632 2518 4668 τοι
2587 4615 2800 4693 στερεὸς
2879 4614 3124 4691 θεμέλιος
3186 4626 3302 4705 ’,τοῦ
3370 4623 3502 4673 Θεοῦ
3583 4615 3827 4692 ἕστηκεν,

432 4694 553 4765 Dei
580 4708 725 4778 stat,
755 4701 985 4765 habens
1002 4702 1380 4779 signandum
1402 4702 1511 4774 hoc
1538 4722 1552 4764 :
1589 4703 1768 4766 Novit
1792 4704 2086 4769 Dominus

2183 4694 2327 4784 ἔχων
2381 4698 2481 4766 τὴν
2532 4701 2794 4782 σφραγῖδα
2852 4706 3094 4771 ταύτην·
3186 4694 3359 4784 Ἔγνω
3440 4706 3624 4784 Κύριος
3704 4709 3826 4771 τοὺς

436 4793 545 4872 qui
567 4794 702 4855 sint
727 4791 1316 4868 sui,et,Dz’scedatab
1335 4792 1859 4871 im'quitateomnis
1885 4796 2086 4875 quina

2181 4781 2336 4850 ὄντας
2366 4788 2549 4869 αὐτοῦ,
2581 4793 2690 4866 καὶ,
2715 4792 3033 4864 Ἀποστήτω
3061 4793 3167 4851 ἀπὸ
3197 4794 3396 4858 aiam-3.1;
3430 4802 3533 4860 πᾶς
3564 4799 3592 4853 ὁ
3617 4796 3824 4872 ὀνομα-

446 4882 651 4944 minat
679 4898 902 4943 nomen
936 4879 1202 4942 Domini.
1898 4874 1907 4875 ί

2179 4881 2282 4945 ζων
2307 4877 2368 4931 τὸ
2397 4874 2565 4954 ὄνομα
2598 4880 2805 4959 Κυρίου.
2843 4906 2864 4937 ι

521 4993 549 5025 α
584 4969 869 5032 Profanas
926 4987 1135 5031 vacum
1187 4968 1497 5032 vanitates.
1533 4993 1556 5027 ι
1607 4968 1669 5032 Si
1699 4970 1840 5050 quid
1876 4989 2086 5033 navum

2258 4982 2290 5023 (
2338 4966 2442 5030 Τὰς
2473 4966 2526 5023 δὲ
2556 4968 2813 5045 βεϐήλους
2856 4973 3225 5051 καινοφωνίας.
3278 4996 3305 5028 ι
3373 4973 3439 5030 Εἴ
3495 4996 3545 5030 τι
3593 4975 3707 5031 νέον
3765 4974 3820 5030 ἐν

432 5057 493 5118 in
517 5057 939 5138 pmdicatiane
967 5056 1145 5119 fuerit
1174 5057 1480 5123 inductum
1508 5076 1579 5120 ex
1610 5058 1943 5121 recentiore
1990 5060 2053 5121 in
2073 5094 2086 5108 -

2172 5058 2249 5127 τῷ
2304 5055 2604 5133 κηρύγματι
2690 5059 2741 5126 ἐξ
2827 5060 3057 5125 ἔπινοίας
3129 5061 3388 5140 νεωτέρας
3478 5062 3820 5143 ἐπεισαχθέν,

431 5153 629 5221 vento,
667 5146 910 5207 omnino
960 5146 1237 5208 vitiosum
1296 5155 1387 5208 est
1418 5156 1476 5209 et
1530 5148 1868 5225 profanum.
1920 5147 2086 5221 Quod

2171 5141 2380 5205 πάντως
2431 5144 2629 5223 φαῦλον
2683 5152 2770 5205 καὶ
2824 5148 3074 5226 βέϐηλον,
3135 5154 3206 5208 Τὸ
3262 5148 3342 5226 δὲ,
3395 5153 3734 5231 περιίστασο,
3762 5152 3819 5220 .νῆ

434 5241 632 5297 autem
675 5233 758 5296 ait
797 5236 1125 5315 περιίστασο,
1173 5247 1276 5297 aut
1327 5236 1624 5316 signiﬁcat
1674 5237 1940 5318 Expelle,
1989 5248 2086 5301 aut

2170 5239 2452 5314 παραιτοῦ,
2512 5235 2547 5304 ἢ
2606 5247 2869 5317 περισσῶς
2921 5240 3115 5296 ’ίστασο
3188 5241 3262 5304 εἰς
3333 5244 3394 5297 τὸ
3457 5252 3653 5300 παῦσαι
3735 5245 3824 5299 καὶ

434 5323 654 5386 acriter
683 5322 907 5385 absiste
937 5330 1000 5384 ut
1028 5323 1113 5386 illi
1146 5326 1325 5387 ﬁnem
1350 5327 1621 5406 imponas
1640 5346 1708 5389 ac
1738 5316 2083 5405 prohibeas.

2170 5316 2425 5381 κωλῦσαι.
2467 5347 2495 5379 α
2545 5325 2663 5386 Ἐπὶ
2691 5328 2882 5386 πλεῖον
2937 5330 3025 5385 καὶ
3080 5330 3437 5407 προκόψουσιν
3488 5328 3750 5394 ἀσεϐείας,
3790 5355 3818 5386 ι

440 5438 468 5470 α
501 5413 592 5476 Ad
628 5412 915 5493 majorem
945 5413 1105 5474 enim
1158 5414 1474 5495 proﬁcient
1520 5415 1913 5496 impietatem.
1954 5441 1980 5472 ι
2022 5417 2085 5480 Si

2170 5406 2236 5501 iii
2288 5430 2337 5501 τι
2395 5413 2494 5492 γὰρ
2538 5416 2688 5474 νόθον
2746 5420 3001 5499 εἱσήχθη,
3062 5406 3247 5499 φησὶν,
3294 5420 3376 5476 ἀεὶ
3410 5418 3604 5496 βαδίζει
3691 5423 3823 5501 πρὸς

434 5502 577 5585 quid
603 5501 1008 5563 adulterinum
1040 5503 1399 5582 ingreditur,
1435 5495 1679 5586 semper
1707 5505 1780 5566 ad
1811 5505 2083 5568 insolen-

2170 5495 2411 5589 ξ’ξοπίαν.
2473 5506 2571 5562 Καὶ
2640 5495 3014 5582 μείζοναῆτὴν
3071 5495 3299 5589 ἒπίδοσιν
3358 5495 3617 5589 ὁσημέραι
3673 5495 3822 5587 λαμ-

432 5581 572 5654 tiam
607 5589 794 5670 magis
816 5581 1213 5673 tendit,atque
1239 5591 1302 5655 in
1319 5593 1455 5656 dies
1484 5581 1671 5673 magis
1701 5595 1949 5656 assumit
1981 5594 2080 5657 in-

2170 5581 2334 5648 ϐάνει.
2402 5612 2427 5646 ιι
2510 5604 2583 5657 Ως
2643 5581 2958 5676 γάγγραινα,
3029 5619 3058 5654 ι
3121 5587 3184 5655 Ἠ
3256 5581 3551 5679 γάγγραινα
3585 5623 3614 5655 ι
3668 5581 3826 5668 ἕλκος
