4132 6424
358 301 475 367 219

1484 299 1898 375 (ECUMENII
1944 302 2239 367 TRICC/E
2281 303 2616 370 EPISCOPI

3621 310 3742 377 220

357 456 496 500 vero
514 456 729 501 aureos
755 456 767 499 :
792 438 939 502 tales
959 448 1152 502 autem
1178 443 1423 520 possunt
1448 436 1748 498 voluntate
1779 435 2002 497 immu-

2088 437 2207 501 τοὺς
2265 438 2491 519 φαύλους
2550 442 2637 497 καὶ
2723 450 2947 522 χρυσοῦς
3023 444 3140 510 τοὺς
3225 444 3492 526 ἐναρέτους
3542 446 3739 527 λέγων,

360 527 495 602 tari,
540 527 680 590 969
736 535 793 590 et
822 527 895 589 ab
928 528 1149 590 bonum
1183 535 1243 590 et
1287 526 1358 589 ad
1393 526 1640 588 malum.
1679 545 1701 580 α
1740 523 1865 585 Erit
1908 542 2008 585 vas

362 620 423 683 in
452 621 763 685 honorem.
791 642 820 682 »
859 624 923 686 In
951 622 1104 684 vasis
1150 621 1396 703 quidem
1426 618 1623 682 aureis
1652 626 1709 680 et
1736 618 2008 681 testaceis

359 733 493 790 qua;
520 714 582 777 in
611 716 789 778 domo
821 725 978 790 sunt,
1030 734 1272 797 semper
1306 733 1444 777 vasa
1490 712 1771 775 similiter
1800 730 1865 775 se
1896 713 2005 774 ha-

360 803 543 879 bent;
580 803 641 865 in
672 805 1015 867 hominibus
1058 824 1197 868 vero
1233 805 1334 887 qui
1363 803 1494 865 talis
1523 802 1726 864 forma:
1745 809 1903 880 sunt,
1937 819 2006 864 ex

361 892 557 955 studio
587 911 657 955 ac
687 893 992 974 diligentia
1020 894 1307 974 contingit
1334 904 1397 956 ut
1425 901 1748 955 testaceum
1777 907 1879 953 vas
1910 891 2010 952 ﬁat

363 1000 638 1058 aureum,
675 990 731 1045 et
763 1001 1008 1046 aureum
1049 1001 1117 1046 ex
1151 983 1404 1062 segnitie
1434 982 1534 1043 ﬁat
1562 988 1912 1042 testaceum.
1945 978 2006 1042 Si

360 1070 492 1150 quis
509 1090 648 1150 ergo
662 1071 747 1133 sei
755 1090 926 1153 psum
943 1072 1305 1152 expurgarit,
1333 1069 1546 1150 inquit,
1562 1068 1634 1131 ab
1653 1068 1770 1145 his,
1790 1085 2008 1149 nempe

359 1159 574 1239 ligneis
614 1179 684 1223 ac
717 1162 1022 1237 testaceis,
1056 1169 1118 1222 ut
1150 1160 1297 1222 nihil
1328 1158 1543 1222 habeat
1572 1158 1649 1221 de
1678 1166 1836 1220 sorte
1865 1156 2004 1219 illo-

356 1268 513 1331 rum,
545 1249 785 1312 Domini
812 1250 1019 1313 usibus
1041 1250 1156 1313 erit
1185 1248 1632 1327 accommodus,
1655 1246 1821 1328 quasi
1847 1245 2010 1307 vide-

357 1337 501 1401 licet
530 1338 631 1399 illa
660 1338 778 1400 sint
830 1338 1085 1403 inutilia.
1126 1361 1149 1396 ι
1196 1339 1285 1401 Ad
1344 1355 1522 1399 omne
1580 1354 1728 1416 opus
1781 1335 2003 1397 bonum

365 1435 781 1508 praeparatum.
818 1453 846 1484 »
868 1426 943 1492 Ut
966 1429 1015 1490 si
1039 1429 1216 1491 etiam
1241 1446 1399 1490 nunc
1419 1445 1539 1487 non
1562 1425 1633 1487 sit
1653 1433 1887 1506 tempus
1905 1431 2005 1487 aut

364 1517 598 1579 occasio
630 1518 744 1580 hoc
766 1517 1047 1600 faciendi,
1080 1525 1311 1600 oportet
1340 1524 1540 1578 tamen
1570 1523 1906 1596 promptum
1934 1531 2002 1577 ac

2091 528 2150 584 Οἱ
2200 524 2255 583 δὲ
2296 534 2519 585 τοιοῦτοι
2602 528 2840 589 δύνανται
2896 531 3001 589 ἀπὸ
3064 524 3417 613 προαιρέσεως
3462 524 3739 613 μεταςλη-

2089 614 2263 691 θῆναι,
2311 618 2398 673 καὶ
2426 616 2511 674 ἐπὶ
2552 620 2613 675 τὸ
2656 621 2894 700 χρηστὸν
2935 622 3023 678 καὶ
3053 608 3138 678 ἐπὶ
3180 608 3242 678 τδ
3272 608 3491 703 φαῦλον.
3542 645 3572 684 (
3612 608 3738 684 "Eo-

2090 726 2209 760 σται
2241 713 2422 773 σκεῦος
2452 708 2523 773 εἰς
2578 710 2740 785 τιμήν
2776 758 2790 772 ,
2834 734 2854 764 ο
2914 708 3034 767 Ἐπὶ
3076 710 3172 785 μὲν
3214 717 3319 768 τῶν
3381 720 3595 792 χρυσῶν
3652 715 3742 770 καὶ

2090 794 2408 874 ὀστρακίνων
2459 795 2511 853 ἐν
2554 798 2690 871 οἰκίᾳ
2735 804 2957 874 σκευῶν,
3018 799 3098 857 ἀεὶ
3151 801 3217 857 τὰ
3276 802 3438 870 σκεύη
3484 803 3738 866 ὡσαύτως

2090 872 2228 962 ἔχει.
2295 872 2412 942 Ἐπὶ
2465 884 2520 942 δὲ
2576 893 2682 942 τῶν
2769 872 3193 970 τοιουτομόρφων
3225 889 3535 969 ἀνθρώπων,
3597 889 3738 947 ἔστιν

2088 970 2193 1028 ἀπὸ
2248 971 2503 1050 σπουδῆς,
2561 976 2623 1032 τὸ
2675 975 2928 1055 ὄστρακον
2984 976 3222 1056 γενέσθαι
3320 988 3575 1060 χρυσοῦν,
3649 982 3739 1036 καὶ

2089 1060 2154 1114 τά
2182 1071 2407 1141 χρυσοῦν
2434 1062 2537 1120 ἀπὸ
2606 1064 2853 1142 ῥᾳθυμίας
2925 1064 3166 1144 γενέσθαι
3219 1067 3552 1148 όστράκινον.
3610 1067 3739 1126 Ἐὰν

2088 1155 2174 1205 οῦν
2216 1171 2320 1223 τις,
2368 1153 2548 1232 φησὶν,
2607 1151 2869 1231 ἐκκαθάρῃ
2941 1155 3123 1211 ἑαυτὸν
3194 1155 3302 1212 ἀπὸ
3368 1156 3571 1213 τούτων
3632 1162 3738 1212 τῶν

2089 1240 2205 1294 οἷον
2257 1235 2469 1304 ξυλίνων
2525 1241 2613 1298 καί
2667 1240 3012 1316 όστρακωδῶν
3081 1243 3389 1323 ἀνθρώπων,
3466 1246 3541 1308 ὡς
3575 1242 3740 1320 μηδὲν

2088 1326 2236 1406 ἔχειν
2292 1333 2388 1395 τῆς
2458 1330 2671 1389 ἐκείνων
2728 1331 2936 1411 μοίρας,
3013 1332 3310 1413 εὔχρηστος
3357 1337 3436 1407 τῷ
3491 1333 3739 1410 Δεσπότῃ

2088 1415 2307 1496 γίνεται,
2354 1420 2427 1484 ὡς
2457 1417 2669 1476 ἐκείνων
2696 1417 2900 1489 δηλαδὴ
2956 1421 3246 1501 ἀχρήστων
3318 1420 3510 1485 ὄντων,
3588 1442 3613 1474 ι
3650 1423 3738 1485 Εἰς

2086 1509 2191 1560 πᾶν
2248 1504 2398 1585 ἔργον
2455 1506 2649 1586 ἀγαθὸν
2707 1509 3123 1586 ἡτοιμασμένον,
3173 1528 3197 1559 ι
3258 1509 3366 1569 Κᾶν
3448 1510 3526 1586 μὴ
3583 1516 3740 1567 τοῦτο

358 1613 623 1685 paratum
645 1624 777 1669 esse
807 1607 881 1669 ad
913 1592 1191 1670 ferendas
1221 1592 1693 1689 persecutiones,
1721 1592 1795 1667 ad
1826 1604 1999 1667 dolo-

2088 1592 2421 1689 Iwrpa'tt‘etvﬁ
2490 1596 2696 1677 καιρός.
2792 1608 2889 1656 Δεῖ
2975 1597 3155 1673 μέντοι
3241 1600 3555 1676 ἡτοιμάσθαι
3654 1601 3741 1655 καὶ

357 1712 455 1756 res
485 1703 544 1757 et
567 1694 638 1757 ad
672 1698 1039 1777 martyrium'

351 1964 434 2025 De
461 1964 677 2027 divina
705 1964 983 2028 doctrina
1013 1970 1069 2028 et
1098 1966 1223 2028 vita
1248 1981 1404 2042 pura
1424 1980 1497 2025 ac
1519 1961 1781 2044 paciﬁca
1812 1961 1994 2023 etiam

875 2072 1024 2136 erga
1049 2054 1463 2118 adversarios.

430 2142 502 2217 Il,
519 2142 739 2206 22-26.
764 2141 1074 2207 Juvenites
1084 2150 1282 2206 autem
1298 2142 1684 2223 concupiscet:
1694 2146 1810 2203 tias
1828 2139 1996 2220 fuge,

348 2241 572 2296 sectare
598 2234 1092 2314 verojustitiam,
1129 2232 1334 2315 ﬁdem,
1368 2233 1762 2303 charitatem,
1791 2246 2001 2310 pacem

347 2338 483 2385 cum
494 2321 588 2385 his
608 2326 714 2403 qui
727 2322 1014 2385 invocant
1033 2321 1356 2385 Dominum
1373 2338 1449 2383 ex
1460 2338 1611 2401 puro
1624 2319 1797 2382 corde
1811 2317 1996 2381 .Stul-

348 2419 442 2474 tas
472 2419 672 2475 autem
694 2419 750 2475 et
785 2411 1135 2474 ineruditus
1158 2413 1517 2493 quaestiones
1549 2425 1782 2488 respue,
1805 2409 2005 2470 sciens

348 2519 453 2564 eas
498 2518 717 2583 parere
756 2519 1018 2583 pugnas.
1070 2499 1266 2562 Porro
1314 2517 1558 2562 servum
1604 2496 1851 2559 Domini
1877 2513 2001 2558 non

348 2598 576 2672 oportet
615 2608 918 2672 pugnare,
949 2590 1058 2653 sed
1088 2588 1401 2671 placidum
1437 2605 1566 2651 esse
1603 2603 1745 2667 erga
1773 2602 2000 2660 omnes,

343 2698 715 2762 propensum
729 2680 808 2743 ad
819 2679 1175 2758 docendum,
1193 2677 1339 2741 clem
1348 2684 1709 2754 entem,cum
1726 2692 2004 2738 mansue-

350 2771 572 2832 tudine
604 2769 969 2832 audientem
987 2786 1087 2832 eos
1105 2769 1210 2848 qui
1226 2766 1547 2841 obsistunt,
1571 2766 1627 2828 si
1641 2766 1881 2847 quando
1904 2764 2005 2826 de!

348 2859 483 2921 illis
506 2859 669 2923 Deus
714 2859 1129 2940 penitentiam
1169 2857 1249 2919 ad
1267 2854 1733 2937 cognoscendam
1770 2854 2001 2916 verita-

348 2954 499 3025 tem,
527 2957 595 3011 ut
617 2948 697 3011 ad
715 2965 935 3010 sanam
981 2952 1239 3009 mentem
1269 2946 1524 3008 redeunt
1570 2961 1605 3006 α
1638 2941 1873 3006 diaboli
1902 2941 1999 3004 la-

350 3056 526 3120 queo,
551 3038 746 3101 vincti
766 3036 842 3100 ab
874 3055 943 3100 eo
970 3037 1049 3100 ad
1080 3037 1273 3118 ipsius
1299 3035 1689 3099 voluntatem.

427 3126 715 3189 Juvenilis
754 3133 949 3188 autem
998 3124 1482 3205 concupiscentia
1523 3123 1741 3185 dicitur
1770 3140 1886 3183 non
1917 3140 2009 3183 so-

348 3216 470 3277 lum
497 3224 796 3296 stuprum,
814 3214 919 3277 sed
940 3213 1206 3276 etomnis
1222 3212 1557 3276 inordinata
1576 3211 2005 3292 concupiscen-

350 3305 431 3367 tia
462 3325 476 3367 :
505 3304 627 3365 sive
677 3302 1028 3365 dominandi
1080 3301 1334 3363 libidine
1387 3302 1519 3382 quis
1548 3310 1845 3382 teneatur.
1884 3298 2007 3361 sive

355 3384 769 3467 pecuniarum:
801 3389 891 3445 bas
912 3400 1169 3463 namque
1192 3391 1328 3443 sunt
1352 3381 1673 3460 phantasia:
1694 3381 2009 3442 insensatae

356 3482 416 3538 et
451 3472 843 3553 praecordium
874 3471 1264 3533 instabilium.
1300 3469 1622 3533 Considera
1660 3469 1838 3550 igitur
1865 3487 2008 3550 quo-

356 3562 533 3624 modo
567 3561 618 3624 is
650 3561 751 3643 qui
781 3579 961 3622 senex
995 3568 1084 3623 est
1105 3560 1319 3641 junior
1348 3560 1663 3624 efﬁciatur.
1702 3584 1729 3615 α
1764 3557 2007 3621 Sectare

357 3670 498 3715 vero
526 3651 842 3733 justitiam.
884 3677 911 3708 ι
945 3651 1242 3715 Justitiam
1274 3652 1636 3714 dicitverum
1664 3669 1735 3713 ac
1764 3649 2002 3710 ﬁrmum

354 3740 621 3804 animum
655 3739 946 3820 vigentem
982 3758 1117 3820 erga
1141 3738 1385 3803 amicos.
1425 3764 1447 3798 ι
1473 3738 1853 3813 Charitatem,
1892 3756 2002 3816 pa—

352 3848 482 3891 cem
514 3848 647 3893 cum
676 3830 817 3889 270
847 3828 940 3891 his
985 3828 1086 3910 qui
1129 3828 1406 3892 invocant
1434 3827 1775 3891 Dominum.
1811 3850 1835 3884 ι)
1878 3828 2005 3887 Hoc

349 3930 461 3996 est,
495 3922 639 3984 solis
669 3921 790 3984 illis
817 3921 1071 3996 conﬁde,
1119 3919 1219 4003 qui
1245 3921 1371 3983 sine
1391 3920 1630 3982 ﬁctione
1652 3928 1711 3981 et
1742 3917 1878 3979 dolo
1909 3916 2004 3978 in-

353 4020 563 4075 vocant
583 4011 903 4075 Dominum
933 4030 951 4074 :
984 4029 1119 4073 cum
1147 4009 1411 4092 paciﬁcis
1441 4019 1498 4072 et
1520 4028 1554 4070 a
1575 4027 1770 4091 pugna
1790 4006 2004 4069 alienis

349 4100 769 4176 commiscere,
797 4108 855 4161 et
876 4108 1106 4162 sectare
1136 4118 1267 4181 qua!
1296 4100 1458 4162 dicta
1487 4107 1647 4163 sunt.
1677 4123 1703 4154 ιι
1738 4096 1821 4159 Ex
1854 4113 2003 4177 puro

348 4189 556 4253 corde.
598 4213 620 4246 ι
658 4188 964 4267 Contingit
1015 4188 1173 4250 enim
1235 4190 1296 4250 in
1329 4189 1709 4250 simulatione
1763 4203 2001 4266 quoque

351 4282 585 4364 pietatis
614 4282 904 4346 invocari.
941 4301 971 4342 ε
1002 4281 1222 4345 Stultas
1267 4290 1465 4344 autem
1493 4291 1552 4344 et
1580 4281 1928 4344 ineruditas.
1968 4302 1991 4337 ι

2016 1690 2058 1742 Β
2080 1679 2388 1750 ἐπιτηδείως
2422 1684 2591 1765 ἔχειν,
2641 1687 2729 1743 καὶ
2772 1689 2904 1767 πρὸς
2933 1685 3225 1766 διωγμοὺς,
3257 1689 3346 1745 καί
3376 1690 3507 1768 πρὸς
3537 1685 3728 1762 λύπας,

2080 1771 2169 1834 καί
2199 1773 2330 1852 πρὸς
2372 1774 2676 1854 μαρτύριον.

2714 1868 3086 1937 ΚΕΦΑΑ.ΕἏ

2084 1981 2114 2023 (
2163 1965 2286 2044 Περὶ
2358 1966 2498 2030 θείας
2581 1964 2915 2032 διδασκαλίας
2999 1968 3089 2024 καὶ
3169 1966 3283 2042 βίου
3367 1969 3595 2047 καθαροῦ
3650 1969 3738 2024 καὶ

2348 2055 2638 2135 εἰρηνικοῦ,
2669 2056 2758 2113 καὶ
2791 2057 2928 2113 κατά
2969 2062 3077 2113 τῶν
3108 2054 3381 2118 ἐναντίων,
3420 2077 3445 2114 ι

2170 2162 2191 2196 ε
2230 2142 2333 2206 ra;
2363 2141 2418 2198 δὲ
2470 2145 2781 2222 νεωτερικὰς
2837 2144 3115 2221 ἐπιθυμίας
3183 2149 3365 2223 φεῦγε.
3442 2145 3610 2201 Δίωκε
3680 2141 3736 2199 δὲ

2082 2226 2439 2312 δικαιοσύνην,
2540 2233 2737 2307 πίστιν,
2820 2233 3057 2311 ἀγάπην,
3143 2233 3358 2311 εἰρήνην
3436 2233 3571 2309 μετά
3629 2233 3734 2288 τῶν

2083 2316 2510 2396 ἐπικαλουμένων
2606 2322 2699 2378 τὸν
2770 2323 2955 2402 Κύριον
3046 2320 3107 2377 ἐκ
3190 2324 3419 2398 καθαρᾶς
3497 2318 3737 2400 καρδίας.

2084 2406 2189 2469 Τάς
2245 2405 2300 2462 δὲ
2384 2410 2564 2488 μωρὰς
2621 2412 2709 2467 καὶ
2801 2407 3145 2472 ἀπαιδεύτως
3227 2410 3477 2480 ζητήσεις
3534 2431 3732 2488 παραι-

2083 2501 2199 2567 τοῦ,
2265 2494 2415 2554 εἰδὼτ
2470 2496 2550 2554 ὅτι
2606 2501 2826 2577 γεννῶσι
2877 2498 3087 2579 μάχας.
3151 2496 3347 2554 Δοῦλον
3408 2495 3464 2553 δέ
3500 2496 3734 2577 -Κυρίυυ,

2086 2583 2144 2641 οῦ
2201 2583 2284 2642 δεῖ
2340 2585 2630 2666 μάχεσθαι,
2690 2586 2813 2644 ἀλλ’
2880 2586 3040 2656 ἤπιον
3100 2587 3243 2644 εἶναι
3312 2587 3445 2667 πρὸς
3503 2587 3730 2657 πάντας,

2086 2670 2403 2750 διδακτικὸν,
2494 2673 2820 2758 ἀνεξίκακον,
2926 2677 2979 2733 ἐν
3076 2676 3337 2754 πρᾳότητι
3422 2673 3733 2732 παιδεύοντα

2086 2763 2207 2828 τοὺς
2248 2763 2773 2842 ἀντιδιατιθεμένους,
2836 2769 2913 2843 μή
2970 2786 3100 2823 ποτε
3174 2762 3248 2840 δῷ
3289 2766 3470 2829 αὖτοῖς
3530 2767 3558 2822 ὁ
3602 2765 3731 2826 Θεὸς

2087 2853 2368 2926 μετάνοιαν
2400 2856 2470 2921 εἰς
2505 2854 2785 2935 ἐπίγνωσιν
2829 2854 3102 2926 ἀληθείας,
3155 2857 3241 2911 καὶ
3307 2853 3650 2928 ἀνανήψωσιν
3680 2852 3739 2909 ἐκ

2086 2944 2183 3007 της
2213 2950 2306 3000 τοῦ
2333 2942 2576 3001 διαϐόλου
2617 2943 2856 3025 παγίδος,
2891 2942 3249 3025 ἐξωγρημένοι
3279 2943 3351 2999 ὑπ
3375 2943 3533 2999 αὐτοῦ
3575 2943 3649 3006 εἰς
3679 2944 3741 2998 τὸ

2021 3028 2062 3079 C
2094 3030 2290 3089 ἐκείνου
2318 3032 2551 3109 θέλημα,
2586 3056 2614 3089 υ

2174 3126 2477 3205 Νεωτερικὴ
2547 3124 2601 3182 δὲ
2671 3126 2935 3205 ἐπιθυμία,
3025 3127 3127 3207 οὐχ
3183 3128 3219 3194 ἡ
3304 3123 3516 3204 πορνεία
3573 3124 3739 3203 μάνη,

2090 3210 2227 3269 ἀλλά
2296 3215 2382 3270 καὶ
2437 3221 2582 3272 πᾶσα
2648 3212 2845 3280 ἄτοπος
2922 3217 3190 3291 ἐπιθυμία,
3264 3214 3360 3270 κᾶν
3440 3210 3740 3275 δυναστείας

2087 3299 2179 3380 ἐρᾷ
2207 3324 2306 3383 τις,
2361 3301 2459 3361 κᾶν
2515 3306 2814 3385 χρημάτων
2849 3326 2863 3341 ·
2919 3305 3134 3385 ἀνόητοι
3186 3305 3286 3383 γάρ
3340 3304 3492 3365 αὗται
3523 3304 3575 3357 αἱ
3602 3323 3740 3381 φαν-

2088 3382 2297 3470 τασίαι,
2340 3393 2428 3449 καὶ
2483 3382 2683 3472 φρενῶν
2750 3391 3030 3452 ἀϐεϐαίων.
3085 3382 3395 3467 υΟμαπῶς
3453 3389 3541 3446 καὶ
3570 3387 3738 3467 γέρων

2088 3480 2463 3559 νεωτερίζεται,
2525 3502 2549 3539 α
2589 3483 2757 3540 Δίωκε
2786 3481 2841 3539 δὲ
2888 3481 3244 3549 δικαιοσύνην.
3283 3502 3307 3539 ι
3384 3478 3733 3543 Δικαιοσύνην

2087 3564 2142 3622 δὲ
2209 3566 2376 3648 λέγει,
2422 3570 2519 3638 τὴν
2588 3570 2765 3641 ἀληθῆ
2819 3574 2908 3630 καὶ
2957 3570 3174 3650 βεϐαίαν
3220 3569 3349 3649 πρὸς
3390 3568 3511 3631 τοὺς
3541 3563 3727 3645 φιλου-

2087 3655 2275 3731 μένους
2334 3657 2677 3721 συνδιάθεσιν.
2759 3684 2781 3717 ε
2819 3658 3086 3742 Ἀγάπην,
3173 3661 3386 3738 εἰρήνην
3442 3655 3575 3731 μετά
3624 3659 3729 3710 τῶν

2058 3744 2517 3823 ’ἐπικαλουμένων
2590 3752 2682 3806 τὸν
2758 3751 2967 3830 Κύριον.
3034 3773 3057 3805 π
3132 3747 3429 3821 Τουτέστιν,
3515 3742 3730 3804 ἐκείνοις

2084 3832 2257 3912 θάῤῥει
2313 3837 2518 3912 μόνοις,
2591 3851 2709 3903 τοῖς
2776 3838 3082 3903 ἀνυπούλως
3125 3839 3212 3895 καὶ
3282 3833 3483 3896 ἀδόλως
3538 3831 3733 3887 ἐπικα-

2087 3922 2361 3999 λουμένοις
2388 3927 2478 3982 τὸν
2524 3929 2710 4006 Κύριον
2743 3950 2754 3963 ·
2816 3942 2931 3993 τοῖς
2975 3931 3287 4009 εἰρηνικοῖς,
3316 3937 3435 3988 τοῖς
3474 3921 3735 4001 ἀμάχως»

2087 4009 2204 4087 μετ’
2273 4013 2484 4072 ἐκείνων
2556 4015 2901 4093 ἀναμίγνυσο,
2981 4016 3097 4095 μετ’
3182 4015 3395 4095 ἐκείνων
3463 4009 3618 4068 δίωκε
3673 4010 3739 4065 τὰ

2086 4080 2360 4181 εἰρημένα.
2398 4131 2423 4164 α
2500 4103 2593 4164 Ἐκ
2646 4080 2900 4189 καθαρᾶς,
2958 4080 3193 4187 καρδίας.
3262 4127 3286 4162 ι
3335 4080 3448 4162 “Evr.
3490 4101 3591 4189 γάρ
3651 4100 3738 4154 καὶ

2085 4190 2140 4247 ἐν
2196 4194 2461 4272 ὑποκρίσει
2519 4186 2793 4263 εὐλαϐείας
2844 4186 3235 4255 ἐπικαλεῖσθαι.
3302 4217 3329 4248 α
3370 4193 3475 4254 Τὰς
3528 4186 3582 4245 δὲ
3613 4210 3733 4263 μω-

2085 4280 2176 4359 ράς
2220 4285 2309 4338 καὶ
2335 4281 2702 4349 ἀπαιδεύτους,
2738 4310 2766 4343 ι
2844 4289 2954 4347 Εἰσὶ
3009 4289 3110 4367 γὰρ
3157 4287 3245 4343 καὶ
3283 4283 3527 4365 φρόνιμοι
3556 4279 3732 4350 ζητή-

352 4372 504 4435 Sunt
533 4370 692 4433 enim
727 4379 784 4433 et
814 4389 972 4433 sanae
1000 4390 1068 4431 ac
1099 4370 1345 4433 eruditae
1374 4371 1757 4452 quaestiones,
1784 4385 2001 4449 nempe

2088 4391 2217 4450 σεις,
2251 4373 2437 4429 αἰτῶν
2485 4374 2649 4453 ἁγίων
2718 4382 2961 4457 Γραφῶν.
3024 4377 3120 4433 Διά
3176 4375 3225 4431 τί
3290 4371 3368 4446 δὲ,
3443 4374 3733 4448 Παραιτοῦ,

350 4480 482 4541 quae
510 4467 648 4522 sunt
673 4458 749 4523 de
771 4459 957 4522 sacris
988 4459 1327 4539 Scripturis.
1355 4460 1548 4533 Quare
1589 4468 1783 4522 autem
1826 4457 1996 4547 dixit,

2088 4462 2171 4547 καὶ
2243 4462 2320 4536 μὴ
2376 4462 2581 4537 μᾶλλον
2628 4466 2779 4547 εἶπε,
2844 4456 2972 4526 νίκα
3042 4466 3202 4529 αὒτάς
3275 4463 3368 4519 καὶ
3422 4456 3731 4536 ἀπέλεγχε;

350 4539 608 4631 Respue,
634 4556 692 4640 et
722 4568 842 4640 non
873 4550 1090 4640 potius,
1122 4548 1344 4640 _Ev_ince
1374 4552 1530 4629 ipsas
1567 4544 2001 4640 etAredargue?

2088 4539 2217 4608 ’Ὁτι
2283 4551 2429 4610 οῦδὲν
2486 4554 2603 4637 ἔχει
2671 4560 2733 4616 τὸ
2763 4539 2995 4640 ’πρᾶγμα
3077 4556 3317 4637 χρηστὸν
3369 4548 3732 4640 ἀποτέλεσμα.

349 4639 499 4713 Quia
529 4639 675 4701 nihil
708 4637 881 4701 aﬁ'ert
901 4637 1169 4700 ulilitatis
1194 4637 1348 4699 bona
1378 4637 1690 4719 responsio
1718 4658 1731 4700 :
1771 4653 2001 4717 pugnas

2088 4642 2276 4721 Μάχας
2336 4645 2435 4721 γὰρ
2495 4635 2740 4724 Ῠέννῶσι.
2811 4635 2833 4705 ἆ
2896 4635 3133 4704 homo;
3159 4644 3215 4701 δὲ
3275 4642 3460 4722 Κυρίου
3529 4642 3589 4697 οὗ
3653 4635 3737 4693 δεῖ

350 4729 508 4792 enim
530 4736 842 4806 generant.
858 4729 1078 4789 «Porro
1100 4746 1229 4789 serv
1242 4747 1342 4789 um
1363 4726 1599 4816 Domini
1623 4742 1744 4788 non
1767 4732 2000 4806 oportet

2088 4730 2370 4817 μάχεσθιι-
2423 4751 2444 4782 ⁹
2528 4737 2831 4816 Εἷρηνικοὺς
2915 4739 3015 4817 γὰρ
3093 4750 3235 4793 εῖναι
3304 4734 3427 4797 τοὺς
3510 4732 3735 4817 Χριστοῦ

349 4837 637 4899 pugnare.
678 4844 701 4876 υ
740 4821 885 4882 Nam
911 4819 1188 4901 paciﬁcos
1218 4837 1350 4881 esse
1372 4812 1604 4901 oportet
1620 4815 1837 4881 Christi
1863 4833 1995 4877 ser-

2088 4816 2293 4884 δούλους
2337 4823 2472 4901 χρή.
2515 4854 2536 4884 ι
2573 4812 2718 4882 ’Ἀλλ’
2749 4812 3107 4895 ἤπιονέἰναι
3162 4825 3295 4904 πρὸς
3348 4822 3573 4904 πάντες.
3616 4839 3639 4871 α
3678 4815 3735 4873 Εἰ

345 4886 469 4970 to:
505 4930 534 4968 α
573 4908 690 4970 Sed
724 4886 1020 4990 placidum
1069 4926 1202 4971 esse
1260 4886 1661 4988 erga'omnes.
1699 4932 1726 4963 ι
1764 4905 1827 4969 Si
1860 4904 1988 4995 pla-7

2340 4886 2393 4901 nu
2438 4886 2448 4893 -
2773 4886 2784 4895 υ
3206 4886 3217 4904 ³
3280 4886 3290 4890 ⁷

2088 4906 2235 4975 ἤπιον
2272 4910 2416 4967 εἴναι
2460 4912 2543 4970 δεῖ
2574 4917 2660 4971 καὶ
2703 4923 2893 4995 πρᾶον,
2939 4922 3054 4980 πῶς
3099 4916 3255 4973 εἶπεν
3278 4910 3411 4987 ἅνω,
3445 4933 3469 4965 ε
3496 4886 3733 4985 ’Ἔλεγχε

345 4998 547 5060 cidum
576 5016 709 5061 esse
740 5006 971 5080 oportet
998 5004 1058 5059 et
1084 5007 1485 5072 mansuetum,
1520 4996 1818 5079 quomodo
1849 4992 1990 5056 alibi

2088 4999 2261 5062 ιιῦτοὺς
2319 4999 2632 5079 ἀποτόμως,
2671 5028 2699 5060 n
2763 5008 2877 5081 καὶ,
2937 5003 3134 5073 Μηδεὶς
3193 5025 3286 5060 σου
3336 5006 3434 5069 τῆς
3479 5000 3730 5062 νεότητος

345 5086 617 5147 ἀὶχίιθεε
650 5086 966 5166 Redargue
986 5086 1117 5148 illos
1142 5088 1417 5169 acriter,»
1449 5096 1506 5150 et
1532 5109 1587 5149 ζα
1614 5086 1801 5149 Nemo
1830 5097 1989 5147 tuam

2088 5092 2502 5171 ιαταφρονείτως
2563 5083 2693 5151 (Ὀτι
2736 5094 2810 5150 ἔνι
2870 5097 2959 5152 καὶ
3001 5095 3136 5172 μετά
3201 5092 3501 5172 πραότητος
3533 5084 3730 5168 σφοδό-

343 5175 717 5253 juventutem
734 5174 1298 5255 despicialm‘?»Quia
1313 5176 1599 5255 contingit
1613 5185 1815 5238 etcum
1832 5192 1994 5236 man-

2088 5196 2222 5254 εερον
2253 5175 2563 5260 ἐπιπλῆξαι,
2592 5180 2628 5249 ἢ
2676 5183 2810 5259 μετά
2855 5184 3198 5261 θρασύτητος.
3267 5204 3293 5235 ε
3328 5176 3660 5237 Διδακτικόν.
3699 5197 3724 5228 υ

346 5261 664 5322 suetudine
692 5261 913 5339 acriter
944 5263 1283 5342 objurgare,
1319 5273 1375 5326 et
1408 5274 1633 5327 temere
1663 5283 1731 5325 ac
1761 5280 1989 5325 severe.

2088 5266 2213 5342 Πρὸς
2269 5267 2388 5332 τοὺς
2446 5273 2634 5342 μαθετν
2685 5271 3061 5348 βουλομένους.
3132 5296 3151 5327 ι
3202 5271 3474 5351 Αἶρετικὸν
3544 5264 3599 5322 δὲ
3631 5264 3728 5321 ἄν·

354 5372 377 5405 α
405 5354 775 5431 Propensum
799 5352 869 5412 ad
893 5352 1260 5430 docendum,
1288 5378 1315 5410 ι
1353 5372 1455 5416 eos
1484 5357 1581 5436 qui
1612 5351 1993 5435 cupiuntdis-

2088 5358 2280 5432 ἱρωποοι
2325 5357 2459 5431 μετὰ
2511 5361 2729 5437 πρώτην
2780 5363 2869 5419 καὶ
2925 5360 3165 5441 δευτέραν
3209 5359 3474 5419 νουθεσίαν
3527 5377 3730 5435 παραι-

426 5529 459 5580 9
488 5527 607 5591 'l'tt.
643 5546 688 5611 1,
720 5529 781 5592 9.
868 5530 924 5581 t0
957 5530 977 5590 l
1008 5529 1164 5595 Tim.
1199 5547 1277 5607 ιν,
1320 5532 1413 5597 12.
