4132 6420
328 331 445 399 223

1446 335 1862 403 (ECUMENII
1901 335 2197 400 TRIOC/E
2242 338 2578 402 EPISCOPI

3599 333 3718 402 924

326 470 568 533 avaritia
596 468 784 534 oritur
816 489 829 535 :
876 472 1060 552 hujus
1089 478 1286 534 autem
1311 473 1466 535 fetus
1522 477 1660 533 sunt
1712 471 1895 535 fastus
1925 480 1970 534 el

2065 475 2391 551 γεννήματα,
2424 472 2703 547 ἀλαζονεια
2756 477 2843 532 καὶ
2903 474 3230 555 ὃπερηφανία
3297 485 3417 529 stu
3499 471 3560 529 ἐκ
3587 473 3715 531 τού-

328 559 632 640 superbia,
666 559 884 625 deinde
918 579 986 623 ex
1010 560 1105 623 his
1134 560 1507 643 blasphemia
1543 577 1557 622 :
1592 568 1796 623 mutuo
1817 560 1975 624 enim

333 647 446 708 sibi
484 650 706 711 harent
729 648 881 711 mala
913 650 1065 711 sicut
1082 658 1140 710 et
1163 649 1357 713 bona:
1395 668 1463 712 ex
1497 650 1787 712 charitate
1817 650 1977 713 enim

328 738 467 797 272
493 739 764 819 procedit
791 757 970 801 omne
1031 739 1277 802 bonum.
1315 763 1337 796 ε
1375 740 1729 803 Parentibus
1756 739 1978 802 immo-

325 825 532 906 rigeri.
573 852 593 885 ι
624 826 796 890 Novit
816 830 976 890 enim
997 828 1182 890 fastus
1205 829 1380 890 etiam
1400 829 1687 892 adversus
1711 837 1979 893 naturam

326 917 547 982 efferri.
588 942 611 973 ιι
642 916 891 998 Ingrati.
930 941 954 977 ι
992 917 1164 979 Avari
1195 916 1373 980 etiam
1404 926 1542 981 sunt
1562 918 1799 998 ingrati.
1832 917 1980 981 Nam

329 1010 468 1066 tunc
496 1004 689 1067 solum
721 1005 938 1083 gratias
993 1013 1197 1085 agunt,
1249 1005 1484 1087 quando
1517 1023 1721 1068 eorum
1754 1022 1980 1068 concu-

324 1092 1095 1177 piscentiamimplevelint,
1122 1114 1419 1176 nunquam
1452 1104 1652 1159 autem
1682 1098 1751 1156 ﬁt
1782 1103 1845 1157 ut
1864 1092 1979 1175 ipsi

322 1182 641 1247 satientur.
664 1183 775 1258 Qui
792 1203 929 1246 vero
958 1184 1090 1246 talis
1114 1191 1204 1246 est
1236 1185 1410 1247 etiam
1434 1184 1654 1266 impius
1689 1191 1800 1248 est.
1829 1180 1976 1245 Nam

329 1271 429 1353 qui
459 1271 830 1336 benefactori
858 1273 983 1337 Deo
1014 1273 1263 1354 gratiam
1296 1292 1415 1336 non
1444 1273 1645 1351 habet,
1679 1271 1978 1354 quomodo

324 1360 458 1423 aliis
488 1362 736 1441 gratiam
763 1362 1034 1426 referet?
1068 1387 1097 1419 α
1130 1362 1367 1426 Amoris
1393 1363 1605 1426 affectu
1631 1368 1963 1425 carentes.»

326 1449 451 1513 Hoc
482 1460 572 1514 est
601 1454 729 1515 sine
760 1470 964 1516 amore
993 1453 1317 1515 existentes
1348 1471 1484 1533 erga
1518 1470 1681 1515 suos.
1721 1476 1747 1508 ι
1772 1449 1970 1513 Nescii

326 1539 569 1603 faderis
602 1559 618 1604 :
656 1566 681 1599 ιι
718 1541 1186 1607 nullifaderati.
1217 1561 1247 1602 ι
1266 1541 1757 1604 Calumniatores:
1787 1565 1811 1598 ι
1836 1558 1968 1603 ma-

325 1628 526 1693 ledici.
574 1629 722 1693 Nam
770 1631 871 1713 qui
924 1630 1041 1694 sibi
1099 1631 1318 1693 nullius
1372 1630 1516 1693 boni
1552 1630 1828 1693 conscius
1858 1637 1969 1709 est,

2062 582 2167 617 των
2208 564 2244 631 ἡ
2300 561 2632 643 βλασφημία,
2690 561 2971 635 Ἀλλήλων
3042 563 3143 644 γὰρ
3220 559 3407 641 ἔχεται
3455 561 3522 621 τὰ
3548 562 3715 636 κακὰ,

2062 649 2239 730 ὥσπερ
2269 653 2357 711 καὶ
2424 654 2490 709 τὰ
2537 652 2697 716 καλᾶ,
2761 644 2855 710 Ἐκ
2903 654 3003 730 γὰρ
3058 653 3299 732 ἀγάπης,
3345 647 3484 707 ἅπαν
3540 651 3717 708 τίκτε-

2062 761 2148 795 ται
2190 739 2377 805 καλόν,
2412 765 2439 796 α
2486 748 2731 800 Γονεῦσιν
2785 742 3048 806 ἀπειθεῖς.
3085 766 3114 798 ι
3191 741 3320 800 Οὐδε
3367 742 3468 822 γὸρ
3496 742 3532 813 ἡ
3574 738 3714 798 ἀλα-

2062 829 2255 910 ζονεία,
2299 832 2387 887 καὶ
2427 832 2562 888 κατὰ
2601 836 2700 901 τῆς
2753 832 2959 913 φύσεως
3015 831 3412 890 ἐλανίστασθαι.
3477 850 3509 890 (
3536 830 3720 911 Ἀχά-

2062 939 2251 994 ριστοι.
2305 942 2329 976 ι
2378 923 2439 979 Οἱ
2507 920 2815 1001 φιλάργυροι
2874 922 2962 978 καὶ
3033 922 3345 1002 ἀχάριστοι,
3422 921 3552 981 Τότε
3619 920 3720 997 γὰρ

2061 1005 2429 1086 εὖχαριστοῦσι
2484 1010 2673 1090 μόνον,
2769 1008 2898 1067 ὅταν
2970 1013 3142 1068 αὖτῶν
3232 1009 3562 1091 πληρώσωοι
3616 1008 3718 1074 τὴν

2058 1096 2352 1180 ἐπιθυμίαν,
2403 1095 2533 1179 ὅπερ
2600 1098 2849 1157 οὐδέποτε
2918 1098 3063 1157 ἔστιν
3117 1100 3301 1166 αὖτοὺς
3371 1102 3712 1180 κορεσθῆναι.

2063 1174 2120 1241 ιΟ
2154 1183 2210 1241 δὲ
2270 1174 2531 1264 τοιοῦτος,
2616 1190 2705 1245 καί
2757 1189 2994 1255 ἀνόσιος.
3056 1181 3114 1249 Ὀ
3156 1191 3259 1270 γὰρ
3327 1197 3404 1265 τῷ
3442 1174 3710 1268 ἐὖεργὰῃ

2060 1274 2176 1350 Θεῷ
2204 1275 2364 1356 χάριν
2394 1276 2489 1333 οὒκ
2560 1276 2731 1359 εἰδὼς,
2791 1285 2908 1343 πῶς
2979 1279 3176 1360 ἑτέροις
3232 1278 3438 1337 εἵσεται
3497 1277 3709 1359 χάριν;

2058 1385 2087 1417 α
2150 1372 2434 1445 Αστοργοι.
2502 1390 2530 1423 ι
2604 1372 2736 1427 Οἴον
2811 1366 2991 1448 ἄφιλοι
3082 1370 3214 1449 πρὸς
3272 1368 3393 1434 τοὺς
3458 1368 3709 1430 οἰκείους.

2060 1472 2084 1508 ι
2139 1452 2421 1512 Ασπονδοιο
2462 1478 2486 1514 ε
2523 1455 2696 1525 Δηλοῖ
2724 1456 2910 1534 μηδενὶ
2936 1457 3348 1534 σπενδομένους.
3381 1454 3703 1515 ιιΔιάόολοι)

2059 1546 2189 1600 Οἶον
2247 1546 2558 1625 κακήγοροι.
2623 1538 2681 1605 ’0
2737 1548 2838 1627 γὰρ
2897 1544 3062 1625 μηδὲν
3108 1548 3304 1626 ἀγαθὸν
3361 1547 3535 1622 ἑαυτῷ
3591 1568 3710 1604 συν-

2057 1629 2231 1703 ειδὼς,
2314 1634 2519 1701 πάντας
2592 1633 2883 1710 διαδάλλει,
2963 1638 3134 1712 ἐαυτῷ
3207 1658 3326 1693 τινα
3378 1637 3710 1715 παραμυθίαν

324 1719 601 1781 omnibus
630 1720 933 1783 maledicit
960 1739 1027 1783 ac
1057 1719 1335 1792 detrahit,
1361 1719 1597 1802 sibiipsi
1618 1720 1677 1781 in
1701 1720 1816 1783 hoc
1838 1738 1970 1783 con-

2058 1719 2306 1785 ἐπινοῶν,
2345 1745 2372 1777 σ
2406 1721 2712 1802 Ἀκρατεϊς.
2747 1748 2776 1780 ι
2851 1727 3124 1800 Ton-rint,
3179 1724 3431 1805 γλώσσης
3480 1726 3569 1783 καὶ
3600 1746 3706 1803 γα-

321 1808 668 1871 solationem
696 1810 956 1892 aliquam
982 1810 1327 1875 inveniens.
1370 1831 1393 1866 σι
1430 1809 1968 1890 Intemperantes»

322 1916 537 1979 nempe
588 1899 688 1980 qui
737 1898 994 1979 linguam
1050 1908 1441 1981 ventremque
1490 1908 1550 1962 et
1602 1916 1675 1962 ea
1702 1918 1835 1981 qua
1864 1898 1973 1961 sub

319 1995 526 2050 ventre
554 1996 691 2051 sunt
721 2007 839 2051 non
864 1988 1192 2052 continent.
1236 2010 1263 2049 ι
1304 1988 1585 2050 Immites.
1624 2014 1650 2045 ι
1686 1988 1975 2052 Crudeles

322 2077 764 2158 quodammodo
778 2078 1178 2141 etinhumani.
1193 2077 1613 2158 «Negligentes
1624 2077 1969 2140 bonorum.»

329 2168 450 2229 Aut
479 2167 792 2249 ἀφιλάγαθοι
822 2167 1053 2230 inimici
1081 2167 1278 2230 omnis
1308 2166 1473 2229 boni.
1515 2191 1542 2223 c
1562 2166 1968 2242 Proditores,»

327 2256 604 2318 amicitia
632 2266 691 2319 et
746 2256 1096 2321 sodalitatis.
1137 2280 1164 2313 α
1192 2256 1560 2338 Pracipites,
1597 2280 1625 2312 »
1686 2256 1801 2318 hoc
1860 2265 1972 2333 est,

327 2346 634 2407 temerarii
667 2352 725 2407 et
752 2345 902 2408 nihil
953 2345 1163 2408 stabile
1194 2346 1504 2409 habentes.
1538 2365 1565 2405 α
1598 2343 1812 2421 Inﬂati,
1855 2370 1876 2403 η
1915 2346 1976 2408 id

324 2443 436 2515 est,
468 2434 805 2517 arrogantia
829 2435 1012 2516 pleni.
1048 2458 1074 2491 ι
1099 2435 1476 2516 Voluptatum
1498 2443 1762 2497 amantes
1787 2435 1979 2516 potius

323 2541 498 2604 quam
553 2523 687 2587 Dei.
725 2550 752 2581 η
788 2526 1234 2586 Commutantes
1293 2524 1554 2585 divinum
1617 2541 1881 2586 amorem
1915 2524 1977 2586 in

325 2622 582 2692 turpem.
603 2613 736 2695 Ipsa
758 2632 896 2676 vero
910 2612 1148 2695 pietatis
1165 2613 1354 2676 forma
1377 2622 1435 2675 et
1455 2612 1801 2695 hypocritas
1817 2614 1978 2695 ipsos

328 2701 569 2765 exhibet
588 2711 646 2765 et
662 2703 1030 2766 seductores.
1060 2730 1078 2759 ι
1101 2702 1663 2766 Habentesformam
1679 2703 1931 2784 pietatis.
1948 2727 1971 2759 ι

330 2788 415 2851 Ex
446 2791 543 2853 his
570 2811 704 2874 qua
728 2792 1069 2874 loquuntur,
1109 2792 1340 2876 pietatis
1362 2792 1624 2855 cultores
1653 2791 1925 2854 videntur
1958 2813 1972 2852 :

325 2896 395 2941 ex
427 2878 520 2942 bis
546 2890 741 2944 autem
775 2901 906 2965 qua
920 2890 1264 2964 operantur,
1292 2881 1576 2944 contrarii
1599 2881 1979 2944 sermonibus

326 2980 383 3028 et
403 2969 790 3034 inveniuntur
811 2972 1345 3035 etconvincuntur.
1373 2971 1610 3035 «Etbos
1640 2987 1972 3032 aversare.»

2057 1811 2213 1889 στρὸς
2273 1812 2362 1867 καὶ
2408 1812 2513 1869 τῶν
2567 1814 2671 1870 ὑπὸ
2738 1814 2958 1882 ταύτην.
3024 1837 3051 1869 ε
3082 1814 3396 1892 Ἀνήμεροι.
3446 1836 3475 1869 ι
3540 1809 3701 1888 Ὠμοί

2057 1919 2195 1962 τινες
2260 1902 2350 1957 καὶ
2416 1901 2783 1982 ἀπάνθρωποι.
2852 1926 2877 1961 ε
2916 1901 3285 1985 Ἀφιλάγαθοι.
3324 1928 3348 1961 ι
3401 1902 3706 1974 Τουτέστινο

2056 1987 2237 2068 ἐχθροὶ
2303 1990 2503 2056 πάντος
2560 1991 2779 2071 ἀγαθοῦ.
2859 2014 2885 2050 ε
2935 1990 3214 2073 Προδόται.
3262 2015 3287 2051 ι
3363 1990 3549 2057 Φιλίας
3619 1993 3706 2049 καὶ

2056 2075 2333 2157 ἑταιρείας.
2386 2102 2414 2134 ι
2448 2086 2765 2160 Προπετετς.
2819 2105 2843 2135 ε
2878 2086 3013 2141 Οῖον
3062 2085 3298 2162 θρασεῖς,
3361 2079 3510 2139 οὒδὶν
3536 2079 3709 2158 βαλλη-

2055 2167 2150 2229 κὸς
2194 2165 2413 2249 ἔχοντες
2464 2193 2486 2223 ι
2523 2169 2911 2249 Τετυφωμένοι.
2953 2194 2975 2227 ι
3049 2171 3180 2230 Οῖον
3234 2171 3489 2234 ἀπονοίας
3556 2168 3706 2239 πλή-

2058 2276 2188 2334 ρεις.
2231 2275 2260 2315 ι
2298 2256 2589 2329 Φιλήδονοι
2619 2261 2708 2317 καὶ
2752 2263 2815 2317 οὗ
2861 2259 3119 2341 φιλόθεοι,
3157 2283 3184 2316 ι
3273 2262 3334 2318 Οἱ
3389 2256 3706 2341 ἀντικαταλη

2059 2342 2376 2423 λασσόμενοι
2426 2348 2518 2404 τοῧ
2561 2349 2699 2405 θείου
2765 2339 2929 2407 πόθου
2970 2352 3031 2406 τὸ
3098 2350 3344 2430 αἰσχρόν.
3423 2339 3488 2406 Ἠ
3537 2346 3593 2405 δέ
3647 2370 3708 2425 γε
3764 2352 3773 2355 ⁷

2062 2434 2332 2533 μορφωσις
2363 2437 2458 2505 τῆς
2510 2436 2795 2511 εὖσεϐείας,
2836 2439 2946 2533 ,καὶ
2987 2438 3276 2518 ἀποκριτὲκ
3333 2438 3422 2495 καὶ
3472 2435 3705 2533 πλάνους

2061 2525 2246 2589 αὖτοὺς
2304 2528 2663 2605 παρατίθεται.
2753 2550 2780 2582 ι
2836 2525 3090 2608 Ἔχοντες
3178 2528 3452 2607 μόρφωσιν
3549 2525 3705 2584 εὗσε-

2060 2612 2226 2680 6είας.
2278 2637 2303 2672 ι
2342 2614 2428 2681 Ἐξ
2476 2619 2551 2672 ὧν
2582 2613 2849 2694 λέγωσιν,
2914 2615 3150 2680 εὐσεϐεῖς
3219 2618 3373 2687 εἰσιν,
3430 2614 3483 2681 ἐξ
3550 2612 3708 2673 ὧνδὲ

2060 2704 2396 2783 πράττουσιν,
2472 2706 2693 2764 ἐναντίοι
2801 2713 2910 2763 τῶν
2995 2706 3168 2785 λόγων
3239 2707 3564 2785 εὒρίσιιονται
3619 2705 3708 2763 καὶ

2059 2792 2396 2874 ἐλέγχονται.
2466 2817 2492 2849 α
2547 2796 2646 2854 Καὶ
2699 2796 2911 2862 τούτους
2966 2795 3285 2875 ἀποτρέπω.
3322 2814 3352 2854 ι
3427 2785 3521 2860 Ὠς
3564 2793 3706 2851 ἐκεί-

2062 2904 2204 2954 νους,
2264 2884 2381 2961 περὶ
2436 2886 2509 2939 ὧν
2567 2881 2687 2941 ἄνευ
2761 2883 2992 2953 διεξῆλθε
3049 2883 3275 2961 μᾶλλον.
3358 2882 3597 2960 Τιμοθέῳ
3648 2880 3707 2939 δὲ

2062 2975 2300 3054 γράφων,
2357 2989 2476 3040 τοῖς
2550 2977 2684 3051 μετά
2760 2977 3014 3052 Τιμόθεον
3112 2974 3478 3052 συμϐουλεύει,
3562 2975 3706 3033 ἀπο-

326 3056 836 3147 Quemadmodum
871 3070 930 3123 et
986 3061 1119 3122 illos
1150 3061 1225 3123 de
1256 3060 1470 3142 quibus
1502 3059 1776 3141 superius
1806 3060 1970 3122 latius

2061 3062 2335 3142 τρέπεσθαι
2408 3065 2526 3131 τοὺς
2594 3068 2881 3132 τοιούτους.
2961 3068 3035 3125 Οὖ
3100 3067 3201 3145 γὰρ
3284 3064 3345 3122 ἂν
3401 3067 3553 3129 οὗτος
3609 3065 3704 3128 τὰς

321 3146 623 3214 disseruit.
659 3150 942 3215 Scribens
998 3160 1198 3213 autem
1227 3150 1562 3226 Timotheo,
1597 3150 1692 3212 bis
1715 3152 1814 3231 qui
1848 3157 1979 3232 post

320 3235 702 3303 Timotheum
734 3239 914 3303 futuri
949 3247 1138 3316 erant,
1170 3240 1492 3317 consuluit,
1530 3248 1594 3301 ut
1625 3240 1771 3302 tales
1801 3257 1976 3303 aver-

320 3334 615 3393 sarentur.
647 3330 855 3410 Neque
887 3329 1047 3392 enim
1079 3328 1273 3411 potuit
1301 3329 1398 3391 hic
1419 3327 1491 3390 ad
1524 3337 1823 3392 extremos
1847 3328 1977 3392 dies

2060 3151 2294 3232 ἐσχάτας
2340 3152 2542 3234 ἡμέρας
2611 3155 2773 3234 εἶχεν
2826 3156 3134 3237 ἐπιφθᾶσαι,
3212 3154 3348 3212 ἀλλά
3390 3155 3486 3219 τὰς
3554 3156 3703 3220 εὐθὺς

2060 3243 2195 3318 μετὰ
2236 3245 2333 3311 τὴν
2388 3242 2591 3304 Παύλου
2646 3242 2917 3321 τελευτὴν,
2986 3244 3040 3302 ἐν
3110 3246 3201 3309 αἷς
3246 3244 3508 3325 περιεῖναι
3567 3242 3640 3301 iit.
3678 3246 3707 3300 ὁ

2059 3331 2311 3406 Τιμόθεος
2341 3331 2588 3409 ἔμελλεν,

321 3414 656 3496 pertingere
687 3438 701 3476 :
734 3420 837 3481 sed
870 3437 973 3481 eos
1007 3436 1320 3499 possumus
1349 3418 1527 3479 etiam
1556 3418 1893 3498 intelligere
1923 3418 2043 3481 dici
2071 3421 2502 3504 extremos,qui
2539 3420 2703 3484 Pauli
2734 3420 3041 3485 interitum
3068 3420 3267 3485 statim
3299 3428 3503 3485 essent
3523 3439 3701 3485 secu—

318 3504 457 3579 turi,
493 3505 554 3567 in
587 3507 804 3589 quibus
830 3507 1178 3571 Timotheus
1206 3508 1403 3569 adhuc
1434 3517 1736 3589 superstes
1767 3508 1999 3570 futurus
2030 3517 2177 3572 erat.

397 3592 497 3670 ΙΙΙ,
532 3599 571 3658 6
594 3597 649 3660 -9
671 3597 774 3660 Ex
802 3598 899 3661 his
920 3599 1082 3661 enim
1103 3604 1245 3660 sunt
1285 3603 1393 3677 qui
1414 3597 1674 3660 subeunt
1695 3601 1758 3660 in
1778 3598 1969 3678 fami-

320 3687 463 3768 tias,
478 3696 531 3749 et
551 3691 822 3770 captivas
835 3690 1064 3754 ducunt
1076 3689 1467 3754 mulierculas
1479 3697 1756 3754 oneratas
1766 3708 1973 3771 perca—

318 3776 418 3849 tis,
440 3794 573 3858 qua:
595 3778 909 3842 ducuntur
927 3781 1432 3860 concupiscentiis
1453 3782 1651 3843 variis
1682 3801 1698 3842 :
1732 3797 1969 3861 semper

313 3863 748 3953 discentesmec
758 3886 1027 3949 unquam
1039 3868 1125 3931 ad
1138 3870 1543 3949 cognitionem
1560 3871 1838 3933 veritatis
1860 3886 1966 3932 ve-

317 3955 746 4020 nirevalentes.
766 3957 1279 4032 Quemadmodum
1297 3961 1458 4021 enim
1472 3957 1702 4021 Janncs
1719 3965 1774 4021 et
1789 3960 1966 4020 Jam-

318 4043 449 4106 bres
470 4046 831 4110 resistebant
868 4045 1043 4121 Mosi,
1086 4048 1173 4108 ita
1213 4055 1266 4108 et
1288 4048 1354 4110 hi
1375 4050 1661 4110 resistunt
1680 4048 1962 4109 veritati:

316 4131 582 4196 homines
606 4143 810 4198 mente
830 4140 1128 4215 corrupti,
1154 4136 1402 4214 reprobi
1418 4139 1579 4199 circa
1616 4136 1821 4216 ﬁdem,
1861 4136 1967 4198 sed

319 4237 447 4282 non
462 4223 779 4302 proﬁcient
826 4224 1115 4306 amplius.
1143 4224 1475 4305 Siquidem
1498 4226 1770 4288 amentia
1800 4229 1961 4305 ipso-

315 4325 458 4372 rum
489 4311 734 4376 evidens
760 4315 883 4376 erit
940 4313 1241 4386 omnibus,
1274 4315 1432 4377 sicut
1464 4322 1519 4377 et
1550 4314 1796 4378 illorum
1816 4315 1962 4393 fuit.

400 4580 822 4645 Animadverte
870 4582 1167 4665 quomodo
1224 4588 1520 4644 secretum
1581 4599 1789 4644 eorum
1825 4582 1966 4643 275

314 4670 815 4752 etimpudentiam
844 4671 1199 4734 insidiarum
1228 4669 1713 4735 manifestaverit.
1732 4670 1962 4734 dicens:

318 4786 343 4819 ιι
383 4761 495 4834 Qui
523 4761 782 4824 subeunt
810 4770 866 4824 et
890 4761 1146 4843 captivas
1168 4759 1386 4821 ducant
1407 4758 1789 4821 mulierculas
1816 4778 1968 4820 one-

311 4858 467 4913 ratas
500 4851 759 4931 peccatis
820 4876 844 4909 ι
883 4850 1067 4915 Vides
1097 4869 1201 4912 eos
1258 4848 1464 4911 fraude
1521 4849 1606 4910 uti
1637 4848 1960 4929 serpentis,

310 4959 423 5020 qua
455 4939 556 5002 ille
585 4941 867 5003 adversus
886 4940 1075 5003 Adam
1095 4956 1235 5000 usus
1271 4946 1361 5000 est
1378 4937 1410 4998 ‘l
1436 4936 1775 5001 Verisimile
1801 4936 1958 4998 enim

311 5035 440 5089 erat
470 5029 668 5091 ethos
724 5049 829 5110 per
883 5029 1172 5091 mulieres
1229 5028 1405 5090 etiam
1439 5027 1596 5089 viros
1645 5027 1959 5091 seducere.

310 5116 531 5181 Dicens
560 5129 755 5181 autem
795 5137 808 5181 :
843 5117 1251 5193 Mulierculas,
1275 5117 1469 5180 solum
1497 5117 1689 5179 innuit
1710 5115 1963 5178 facilita-

313 5218 428 5270 tem
445 5208 517 5269 ad
536 5207 977 5287 deceptionem.
994 5207 1108 5279 Qui
1122 5225 1264 5287 ergo
1284 5206 1606 5279 seducitur,
1628 5223 1962 5288 quanquam

310 5295 361 5359 is
393 5296 570 5358 fuerit
605 5298 713 5373 vir,
759 5296 910 5359 nihil
936 5300 992 5356 in
1016 5297 1130 5358 hoc
1153 5314 1186 5357 a
1227 5295 1475 5359 mulicrc
1498 5295 1719 5370 differt,
1756 5313 1866 5357 nec
1896 5313 1966 5357 ea

310 5386 687 5466 praestantior
716 5394 826 5449 est.
853 5384 1019 5459 Quod
1050 5402 1190 5446 vero
1227 5383 1466 5449 subdit:
1501 5386 1797 5451 Oneratas
1821 5402 1964 5465 pec-

309 5474 479 5551 catis,
516 5474 961 5538 multitudincm
995 5473 1265 5553 designat
1292 5492 1360 5535 ac
1381 5474 1788 5537 confusionem
1823 5492 1967 5555 pec-

308 5568 599 5626 catorum.
614 5562 743 5627 Non
757 5562 916 5626 enim
935 5561 1408 5645 qualescunque.
1431 5562 1647 5646 inquit,
1673 5562 1969 5626 seducunt

311 5652 594 5719 mulieres
612 5653 772 5737 (nam
790 5658 928 5718 sunt
941 5658 997 5717 et
1014 5651 1298 5716 mulieres
1313 5652 1498 5717 virilis
1511 5662 1969 5737 natura,qnem-

2140 3623 2168 3654 α
2202 3597 2298 3656 Ἐκ
2366 3601 2564 3659 τούτων
2637 3603 2737 3682 γὰρ
2806 3604 2936 3660 εἰσιν
2997 3606 3043 3661 oi
3112 3601 3408 3669 ἐνδύνοντες
3473 3604 3549 3666 είς
3602 3602 3696 3665 τὰς

2053 3688 2271 3768 οἰκείας,
2368 3692 2448 3746 κεὶ
2552 3690 3035 3772 αἰχμαλωτίζοντες
3131 3693 3441 3773 γυναικάρια
3523 3711 3697 3747 σεσω-

2052 3780 2277 3854 ρευμένα
2358 3779 2659 3860 ἁμαρτίαις.
2758 3781 2994 3859 ἀγόμενα
3098 3782 3394 3857 ἐπιθυμίαις
3512 3778 3693 3837 ποικί-

2049 3865 2168 3930 λαις
2263 3868 2489 3923 πάντοτε
2586 3870 2937 3943 μανθάνοντα,
3051 3872 3139 3929 καὶ
3249 3867 3515 3946 μηδέποτε
3625 3869 3697 3930 εἷς

2049 3954 2329 4034 ἐπίγνωσιν
2414 3942 2661 4022 ἀληθείας
2771 3956 2948 4015 ἐλθεῖν
3058 3942 3340 4035 δυνάμενα,
3436 3942 3530 4017 “Ον
3587 3958 3704 4036 τρό-

2048 4067 2149 4101 πον
2232 4041 2287 4099 δὶ
2356 4040 2559 4111 Ἰαννῆς
2644 4047 2731 4103 καὶ
2805 4044 3060 4127 Ἰαμϐρῆς
3116 4046 3443 4115 ἀντέστησαν
3500 4053 3695 4123 Μωσῇ,

2049 4132 2215 4196 οὕτως
2298 4134 2386 4189 καὶ
2454 4133 2595 4190 ο”τοι
2681 4134 3011 4193 ἀνθίστανται
3067 4143 3136 4214 τῇ
3207 4136 3448 4210 ἀληθείᾳ,
3494 4134 3699 4214 ἄνθρω-

2048 4244 2140 4279 ποι
2197 4222 2614 4303 πατεφθαρμένοι
2683 4227 2775 4282 τὸν
2876 4233 3019 4307 νοῦν,
3089 4224 3332 4301 ἀδόκιμοι
3416 4226 3534 4302 περὶ
3601 4226 3700 4292 τὴν

2048 4312 2246 4375 πίστιν,
2321 4310 2449 4368 Αλλ’
2494 4313 2551 4369 οὗ
2605 4315 2972 4393 προκόψουσιν
3006 4306 3011 4307 ί
3041 4315 3127 4373 ἐπὶ
3183 4313 3395 4377 πλεῖον.
3454 4306 3516 4371 ἸΙ
3600 4315 3700 4393 γὰρ

1985 4400 2196 4458 οἴνοια
2225 4401 2397 4458 at"):ch
2430 4399 2651 4470 ἔκδηλος
2695 4403 2846 4461 ἔσται
2876 4411 3059 4481 πᾶσιν,
3121 4406 3195 4471 ὡς
3251 4405 3339 4462 καὶ
3392 4405 3429 4473 ἡ
3489 4403 3701 4460 ἐκείνων

2044 4490 2275 4570 ἐγένετο.
2318 4515 2345 4547 ι

2135 4562 2256 4658 ’δρα
2337 4584 2440 4644 πᾶς
2498 4581 2559 4636 τὸ
2629 4579 2884 4661 λαθραῖον
2962 4586 3136 4639 αυτῶν
3204 4584 3292 4640 καὶ
3346 4581 3696 4662 ἀναίσχυντον

2046 4673 2145 4735 τῆς
2205 4666 2489 4736 ἐπιϐουλῆς
2550 4667 2784 4740 ἐδήλωσε
2836 4669 2920 4727 διὰ
2974 4680 3089 4745 τοῦ,
3153 4690 3183 4730 ε
3216 4668 3554 4735 Είσδύνοντες
3611 4671 3700 4726 καὶ

2050 4756 2531 4839 αἰχμαλωτίζοντες
2629 4760 2938 4839 γυναικάρια
3042 4759 3412 4839 σεσωρευμένα
3521 4761 3694 4838 ἀμαρ-

2045 4836 2207 4909 τίαις,
2246 4870 2273 4902 ι
2311 4836 2463 4927 Ὀρᾷς
2493 4836 2680 4911 αὗτοῦς
2723 4854 2793 4925 τῇ
2854 4836 2954 4908 ’τοῦ
3022 4836 3198 4930 ὀὶρεωςτ
3258 4849 3439 4925 ἀπάτῃ
3484 4836 3695 4928 κεχρή-

2047 4935 2256 5011 μένους,
2288 4937 2325 5012 ᾗ
2353 4936 2489 4992 κατά
2512 4946 2605 4996 τοῦ
2664 4935 2834 5013 Ἀδὰμ
2892 4938 3207 5019 ἐχρήσατος
3252 4938 3405 5001 Εἰκὸς
3476 4938 3576 5018 γὰρ
3636 4938 3697 5005 ἦν

2045 5026 2133 5081 καὶ
2201 5025 2414 5090 τούτους
2472 5022 2558 5081 διὰ
2611 5032 2718 5083 τῶν
2787 5035 3072 5106 γυναικῶν,
3164 5028 3253 5084 καὶ
3330 5027 3452 5091 τοὺς
3510 5024 3695 5105 ἄνδρας

2046 5112 2275 5187 ἀπατᾷν,
2350 5115 2663 5194 Γυναικᾶρια
2720 5112 2775 5172 δὲ
2848 5118 3035 5197 εἰπὼν,
3106 5118 3265 5192 μόνον
3319 5117 3382 5172 τὸ
3436 5114 3696 5180 εὐεξαπά-

2046 5225 2209 5269 τητον
2249 5201 2482 5269 ἧνίξατο.
2534 5194 2591 5262 Ὀ
2651 5206 2824 5262 τοίνυν
2887 5194 3259 5282 ἀπατώμενος,
3311 5204 3409 5261 κᾶν
3446 5203 3583 5282 ἀνὴρ
3634 5202 3695 5282 ᾖ,

2047 5290 2194 5348 οὒδὲν
2224 5290 2453 5372 διαφέρει
2501 5292 2637 5348 κατά
2689 5303 2866 5366 τοῦτο,
2931 5293 3201 5372 γυναικός.
3273 5294 3346 5352 Τὸ
3397 5290 3480 5366 δὲ,
3510 5299 3697 5348 Σεσω-

2047 5382 2272 5462 ρευμὲνα
2327 5381 2630 5461 ἁμαρτίαις,
2691 5384 2752 5439 τὸ
2806 5382 3008 5452 πλῆθος
3062 5381 3223 5451 δηλοῖ
3277 5382 3365 5440 καὶ
3421 5381 3523 5448 τὴν
3566 5379 3697 5457 σύγε

2049 5492 2206 5552 χυσιν
2231 5477 2337 5527 τῶν
2365 5471 2658 5550 ἁμαρτιῶν.
2720 5470 2794 5529 03
2843 5472 2943 5552 γὰρ
2981 5470 3189 5546 ἅπλῶς,
3250 5472 3404 5552 φησὶ,
3435 5481 3694 5548 γυναῖκας

2048 5562 2321 5617 ἀπατῶσιν
2381 5557 2501 5639 (είσὶ
2729 5562 2816 5618 καὶ
2874 5573 3125 5639 γυναῖκες
3176 5557 3413 5640 ἀνδρείας
3454 5557 3687 5640 φύσεως,

2050 5652 2228 5732 ὥσπερ
2284 5652 2373 5709 καὶ
2430 5648 2609 5732 ἄνδρες
2693 5650 3041 5732 γυναικείας),
3121 5650 3259 5710 ἀλλά
3321 5651 3387 5709 τὰ
3443 5670 3700 5728 σεσωρευ-
