4132 6412
385 380 505 451 229
1378 380 1773 452 ΟΟΜΜΕΝΤ.
1819 381 1900 449 ΙΝ
1943 376 2015 447 ΕΙ

2097 381 2183 446 ΞΤ.
2232 382 2288 445 ΙΙ
2329 385 2433 447 AD
2475 380 2799 448 TIMOTH.
3648 377 3773 443 230

388 522 594 604 Σοφίζει
621 519 679 578 δὲ
722 541 803 597 σε,
837 523 899 580 οὗ
942 519 1080 578 κατὰ
1133 519 1234 587 τὴν
1275 517 1374 586 ἔξω
1426 519 1620 599 σοφίαν
1648 520 1748 587 τὴν
1804 520 1858 577 ἐν
1886 519 2015 599 λόγιι

2111 517 2268 580 afﬁci
2297 517 2452 598 vulgi
2502 536 2686 580 more.
2743 519 2890 579 Nam
2921 517 3023 599 qui
3052 534 3251 580 sacras
3283 516 3443 579 novit
3472 515 3747 580 Litteras.

386 614 473 671 καὶ
514 611 696 690 ἀπάτῃ
749 609 1000 686 κειμένην
1055 607 1176 667 ἀλλ’
1232 610 1304 673 είς
1358 608 1624 688 σωτηρίαν
1679 606 1764 665 διὰ
1826 613 1923 677 τῆς
1978 608 2015 666 ἐπ

2114 605 2286 669 sicuti
2318 624 2496 669 nosse
2542 614 2798 687 oportet.
2850 625 3153 688 nunquam
3200 604 3460 668 subverti
3518 605 3756 687 poterit.

384 709 596 783 Χριστῷ
642 704 896 764 πίστεως.
967 700 1029 756 Αἰ
1090 699 1192 778 γὰρ
1257 696 1403 777 ἅγιαι
1453 698 1677 779 Γραφαὶ,
1731 698 1820 755 καὶ
1980 695 2015 753 et

2120 719 2150 753 cr
2172 696 2266 759 Ad
2288 696 2540 758 salutem
2575 715 2681 775 per
2710 696 2887 757 ﬁdem
2920 714 3048 778 quae
3080 702 3169 758 est
3199 695 3261 756 in
3293 694 3526 759 Christo
3551 696 3752 759 Iesu.»

379 796 555 852 αὖτῶν
596 785 778 871 σοφία,
808 790 881 854 εἷς
922 788 1098 846 πίστιν
1153 785 1339 867 ἄγουσι
1380 793 1474 845 τοῦ
1530 792 1778 867 Χριστοῦ,
1821 810 1844 842 σ
1881 793 2015 844 Πᾶσα

2113 784 2409 847 Erudinnt
2434 794 2629 847 autem
2664 792 2743 860 te,
2774 803 2892 847 non
2925 803 3092 847 more
3135 792 3399 846 externae
3447 783 3753 865 sapientiae

378 883 562 965 Γραφὴ
618 881 961 944 θεόπνευστος
1016 879 1106 936 καὶ
1159 875 1451 959 ὠφέλιμος,
1519 898 1548 932 ε
1594 874 1831 941 Πολλοὺς
1888 878 2015 955 είρη·

2113 897 2246 960 ᾳιιεο
2270 878 2330 939 in
2364 897 2643 941 sermone
2672 888 2725 939 et
2759 896 2967 941 errore
2997 879 3109 940 sita
3138 878 3360 954 est,sed
3395 877 3470 939 ad
3500 877 3755 940 salutem

373 964 509 1037 κὼς
570 969 901 1051 παραμυθίας
970 967 1197 1047 τρόπους
1252 975 1341 1024 νῦν
1430 966 1520 1022 καὶ
1600 966 1692 1021 τὸν
1776 964 2015 1044 μέγιστοι

2109 986 2218 1049 per
2248 969 2426 1029 ﬁdem
2459 986 2592 1050 quae
2619 967 2680 1028 in
2711 968 2942 1032 Christo
2975 974 3087 1029 est.
3122 969 3275 1030 Nam
3304 983 3489 1028 sacrae
3519 965 3756 1029 Litterae

375 1060 545 1140 λέγει,
577 1060 670 1117 τὸν
714 1057 775 1114 ἐκ
826 1055 925 1124 τῆς
978 1054 1295 1134 ἆναγώσεως
1364 1059 1472 1111 τῶν
1515 1058 1759 1134 Γραφῶν.
1833 1061 2015 1121 Λυπη-

2109 1064 2170 1118 et
2196 1057 2486 1139 sapientia
2510 1076 2640 1139 qua:
2669 1076 2736 1118 ex
2771 1057 2858 1119 eis
2888 1056 3165 1133 sumitur,
3199 1056 3274 1118 ad
3324 1054 3500 1118 ﬁdem
3533 1053 3756 1119 Christi

374 1152 466 1230 ρὸν
492 1149 593 1229 γὰρ
635 1145 820 1226 μέλλει
868 1143 1043 1223 λέγειν
1085 1142 1165 1200 ὅτι
1213 1141 1527 1207 τελειοῦται,
1578 1145 1638 1200 Εἱ
1679 1140 1733 1199 δὲ
1786 1142 2015 1220 Τιμοθέιι.

2109 1146 2353 1209 ducunt.
2420 1172 2445 1204 (ι
2507 1146 2712 1211 Omnis
2769 1147 3065 1227 scriptura
3132 1144 3416 1207 divinitus
3471 1145 3758 1225 inSpirata

373 1229 458 1295 δεῖ
484 1237 891 1317 ἀναγινώσκειν,
937 1232 1088 1308 πόσῳ
1119 1230 1322 1308 μᾶλλον
1377 1233 1562 1312 ἡμῖν,
1628 1255 1655 1287 α
1692 1233 1828 1312 Πρὸς
1884 1229 2015 1289 διδα-

2110 1245 2220 1300 est.
2260 1261 2284 1293 »
2319 1235 2431 1300 Ubi
2466 1237 2681 1299 multos
2712 1235 3138 1299 cotzsolationis
3190 1233 3400 1297 modos
3430 1234 3752 1315 expressit.

372 1326 618 1390 σκαλίαν.
671 1346 696 1383 ι
761 1319 981 1391 Ἐπειδὴ
1038 1322 1104 1378 τὰ
1198 1322 1414 1402 χρηστα
1498 1319 1727 1378 διδάσκει
1784 1318 2015 1399 δόγματα

2105 1343 2265 1388 nunc
2319 1326 2497 1387 etiam
2553 1325 2872 1387 maximum
2925 1325 3070 1387 dicit
3122 1324 3222 1405 qui
3272 1332 3364 1385 est
3395 1342 3461 1384 ex
3497 1323 3753 1385 lectione

372 1416 793 1496 καὶ-πράγματα.
834 1437 854 1467 τ
895 1413 1030 1493 Πρὸς
1063 1409 1340 1491 ἔλεγχον.
1396 1431 1420 1469 ε
1484 1411 1574 1475 Εἷς
1628 1411 1712 1485 τὸ,
1744 1410 1812 1467 τὰ
1854 1406 2015 1485 ψευδῆ

2104 1411 2570 1495 Scripturarum.
2605 1414 2750 1477 Nam
2814 1412 2981 1475 triste
3033 1412 3254 1493 aliquid
3312 1411 3586 1475 dicturus
3640 1421 3750 1488 est,

370 1505 640 1586 ἐλέγχειν.
693 1526 722 1559 ι
770 1503 905 1582 Πρὸς
975 1500 1416 1586 ἐπανόρθωσιν.»
1488 1501 1578 1562 Εἷς
1632 1501 1717 1578 τὸ,
1786 1496 2015 1586 διορθοῦ-

2103 1522 2318 1584 nempe
2349 1504 2422 1566 de
2455 1521 2560 1564 sua
2595 1511 2802 1566 morte.
2837 1502 3005 1576 Quod
3040 1502 3089 1563 si
3122 1501 3500 1564 Timotheum
3542 1501 3752 1580 legere

370 1598 487 1653 σθαι
533 1594 654 1660 τοὺς
683 1589 957 1672 ἀδελφούς.
1016 1612 1039 1645 ε
1076 1589 1212 1668 Πρὸς
1275 1585 1513 1646 παιδείαν
1562 1588 1658 1657 τὴν
1702 1587 1758 1644 ἐν
1808 1585 2014 1644 δικαιο-

2099 1601 2354 1673 oportet,
2409 1592 2645 1672 quando
2698 1593 2886 1672 magis
2932 1590 3092 1653 nos?
3132 1613 3155 1649 α
3186 1591 3274 1653 Ad
3319 1589 3672 1651 doctrinam.
3713 1615 3739 1647 ι)

370 1686 524 1763 σύνῃ,
562 1707 589 1740 ι
654 1684 793 1761 Πρὸς
846 1683 909 1737 τὸ
964 1675 1238 1738 παιδεῦσαι
1295 1679 1385 1735 καὶ
1453 1677 1738 1757 ἐναγαγετν
1811 1679 1884 1741 εἷς
1928 1675 2013 1733 δι-

2098 1680 2386 1754 Quoniam
2426 1683 2578 1743 bona
2611 1683 2784 1743 docet
2833 1682 3110 1759 dogmata
3140 1689 3199 1743 et
3227 1698 3469 1761 opera.a
3495 1678 3584 1741 Ad
3614 1679 3751 1741 red-

367 1773 677 1840 καιοσύνην.
738 1769 833 1829 Ἐκ
887 1770 987 1848 γὰρ
1041 1766 1117 1848 δὴ.
1163 1767 1385 1843 τούτων,
1469 1768 1621 1847 φησὶ,
1695 1766 2015 1846 περιγίνεταί

2097 1771 2493 1848 argutionem.
2532 1796 2558 1826 ››
2582 1771 2672 1834 Ad
2707 1771 2818 1832 hoc
2851 1778 2912 1832 ut
2942 1770 3084 1831 falsa
3112 1769 3601 1848 redarguantum:
3641 1768 3750 1830 Ad.

632 1859 658 1881 ν
902 1842 914 1848 ⁷
960 1842 970 1848 ’
1082 1842 1117 1867 έν
1368 1842 1379 1872 t
1484 1842 1495 1847 ⁷
1721 1857 1735 1876 ν
1767 1842 1788 1876 ἰ
1832 1842 1888 1878 ’ν

366 1886 492 1938 τινι,
533 1862 597 1919 τὸ
626 1882 802 1942 αρτιον
858 1859 1026 1920 εἶναι.
1102 1867 1288 1937 Αρνιος
1329 1854 1383 1913 δε
1412 1854 1576 1937 ἐστιν,
1636 1858 1665 1912 ὁ
1713 1878 1793 1913 αει
1868 1878 2005 1930 ισος,

2097 1842 2555 1957 correctionem.
2624 1885 2650 1916 ιι
2686 1855 3194 1957 iud-corrigendos
3225 1842 3749 1957 tratres.s_Ad_in-

367 1954 454 2010 καὶ
507 1952 645 2027 μήτε
697 1963 815 2015 τοῖς
883 1947 1145 2026 λυπηροῖς
1200 1944 1515 2021 κλινάμενος
1575 1946 1663 2001 καὶ
1725 1945 2010 2001 ταπεινού-

2097 1948 2470 2011 stitutionem
2502 1968 2636 2030 quae
2671 1956 2758 2010 est
2787 1947 2846 2010 in
2873 1946 3127 2027 justitia.
3169 1970 3191 2000 ι
3224 1945 3313 2008 Ad
3346 1945 3746 2007 erudiendum

373 2062 552 2118 μενος,
582 2040 719 2116 μήτε
744 2050 862 2102 τοῖς
912 2048 1177 2116 χρηστοῖς
1244 2033 1591 2113 ἐπαιρόμενος
1648 2036 1736 2091 καὶ
1794 2034 2012 2115 φυσιού-

2098 2044 2158 2099 et
2189 2037 2596 2099 inducendum
2629 2038 2701 2099 ad
2735 2036 3050 2117 justitiam.
3104 2035 3190 2096 Ex
3221 2034 3313 2096 his
3366 2042 3564 2096 autem
3595 2052 3747 2096 con-

372 2152 553 2211 μενος,
584 2127 703 2186 ἀλλ’
731 2128 812 2185 ἀεὶ
839 2126 1089 2190 ὡσαύτως
1145 2123 1291 2205 ἔχων
1346 2123 1400 2180 ἐν
1451 2124 1757 2203 πράγμασιν
1787 2123 2007 2188 ἀνίσοις.

2098 2125 2272 2205 tingit
2299 2126 2476 2189 alicui
2508 2136 2573 2189 ut
2602 2127 2833 2206 integer
2858 2126 2955 2188 sit.
2989 2127 3097 2188 Est
3123 2132 3319 2186 autem
3378 2123 3612 2202 integer
3641 2124 3746 2205 qui

377 2240 408 2278 «
442 2221 575 2298 Πρὸς
620 2224 725 2275 πᾶν
779 2215 933 2296 ἔργον
1002 2214 1218 2293 ἀγαθὸν.
1259 2237 1283 2270 υ
1347 2214 1464 2293 Οὒχ
1519 2212 1701 2277 ἅπλῶς
1736 2212 2008 2294 μετέχων,

2097 2232 2332 2297 semper
2359 2223 2448 2277 est
2479 2215 2744 2297 aequalis,
2781 2222 2838 2276 et
2865 2232 3060 2295 neque
3088 2215 3163 2275 ad
3196 2210 3384 2273 tristia
3412 2211 3750 2273 declinatet

366 2307 487 2365 ἀλλ’
515 2305 909 2386 ἆπηρτισμένος
948 2305 1037 2361 καὶ
1064 2300 1509 2384 πεπληρωμένος.

2097 2303 2368 2385 dejicitur
2396 2305 2823 2385 animo,neque
2851 2305 2924 2365 ad
2960 2319 3243 2383 praspera
3287 2299 3532 2378 erigitur
3561 2308 3620 2361 et
3641 2299 3741 2361 in-

369 2394 666 2472 tumescit,
694 2392 803 2457 sed
832 2409 1073 2475 semper
1098 2391 1227 2474 pari
1257 2389 1434 2453 modo
1466 2407 1532 2452 se
1563 2388 1740 2452 habet
1767 2390 1829 2452 in
1858 2390 2040 2454 rebus
2071 2391 2423 2475 imparibus.
2467 2417 2489 2450 α
2528 2395 2611 2456 Ad
2646 2411 2822 2456 omne
2849 2411 2998 2474 opus
3028 2390 3309 2453 bonum.»
3343 2389 3473 2451 Non
3510 2389 3744 2469 vulgari

367 2484 542 2547 modo
575 2482 874 2566 particeps
902 2482 1114 2559 factus,
1148 2480 1254 2544 sed
1287 2478 1585 2561 perfectus
1618 2497 1685 2542 ac
1718 2479 2073 2562 completus.

450 2595 479 2633 ι
514 2576 948 2654 Διαμαρτύρομαι
1016 2571 1103 2629 οὖν
1146 2571 1255 2650 ἐγὼ
1310 2569 1540 2628 ἐκώπιον
1581 2577 1675 2627 τοῦ
1732 2569 1864 2628 Θεοῦ
1931 2572 2015 2628 καὶ

2180 2571 2285 2650 IV,
2321 2575 2347 2634 t
2393 2571 2452 2634 2.
2482 2572 2773 2636 Obtestor
2803 2573 2993 2651 igitur
3010 2588 3113 2650 ego
3141 2587 3345 2633 coram
3372 2568 3501 2632 Deo
3531 2576 3585 2633 et
3615 2570 3739 2632 00-

361 2671 457 2722 τοῦ
532 2664 720 2743 Κυρίου
784 2662 961 2730 ἰησοῦ
1056 2666 1281 2741 Χριστοῦ
1377 2670 1470 2719 τοῦ
1553 2657 1839 2736 μέλλοντος
1897 2660 2015 2739 κρί-

2100 2660 2262 2723 mino
2300 2659 2449 2724 Jesu
2485 2661 2724 2725 Christo
2778 2661 2882 2740 qui
2923 2661 3314 2741 judicaturus
3364 2667 3446 2722 est
3495 2659 3666 2721 vivos
3695 2666 3749 2720 et

362 2776 471 2810 νειν
547 2759 749 2825 ζῶντας
826 2753 915 2809 καὶ
998 2751 1207 2831 νεκροὺς
1288 2749 1427 2807 κατὰ
1506 2750 1607 2817 τὴν
1711 2748 2015 2830 ἐπιφάνειαν

2098 2757 2372 2814 mortuus
2404 2751 2467 2813 in
2497 2753 2885 2831 apparitione
2912 2768 3024 2812 sua
3051 2757 3106 2813 et
3126 2755 3192 2811 in
3222 2766 3415 2830 regno
3441 2747 3748 2811 Μαρφα-

769 2840 871 2908 τὴν
964 2838 1233 2918 βασιλείαν
1342 2838 1520 2899 αυτοῦ.
1608 2835 1841 2918 Κήρυξον
1924 2839 2015 2896 τὸν

2097 2839 2235 2902 dico
2281 2857 2636 2909 sermonem,
2688 2841 2849 2902 insta
2886 2841 3251 2920 tempestive,
3300 2838 3741 2918 intempestive,

1368 2929 1618 3008 εὖκαίρως
1629 2974 1641 2987 .
1760 2924 2009 3006 Ελεγξον,

2098 2935 2413 3006 convince,
2440 2929 2685 3009 increpa
2715 2947 2732 2991 :
2765 2929 3100 2991 exhortare
3126 2946 3260 2991 cum
3279 2926 3748 3008 longanimitate

1289 3016 1343 3072 ἐν
1438 3017 1583 3093 πάσῃ
1683 3016 2016 3096 μακροθυμίᾳ
2096 3023 2153 3080 et
2180 3019 2492 3082 doctrina.

364 2843 522 2901 αὐτοὺ
592 2842 682 2898 καὶ

364 2931 550 3012 λόγον,
637 2930 875 2998 ἐπίστηθι
975 2927 1259 3008 εὔπαίρως,

364 3020 706 3101 ἕτειτίμησον,
796 3016 1163 3099 παρακάλεσον

366 3111 460 3191 καὶ,
494 3106 716 3191 διδαχῇ.
765 3130 790 3167 ι

448 3189 511 3255 Ἠ
582 3189 814 3278 συνεχὴς
856 3193 1202 3276 διαμαρτυρία
1268 3193 1389 3263 ἤτοι
1456 3193 1812 3275 παραγγελία,
1895 3194 2011 3274 τρία

2177 3195 2468 3260 Continua
2521 3193 2834 3258 obtestatio
2882 3208 2943 3257 et
2994 3201 3355 3276 praeceptum
3387 3193 3500 3257 tria
3531 3195 3686 3277 parit
3722 3216 3736 3256 :

365 3289 549 3365 τίκτει,
582 3284 942 3368 φοϐερωτέραν
987 3306 1046 3342 τε
1101 3285 1202 3353 τὴν
1257 3283 1652 3366 παραγγγελίαν
1706 3285 1795 3341 καὶ
1835 3283 2014 3364 ἀπαρ-

2098 3285 2534 3348 formidabilius
2581 3285 2778 3347 reddit
2827 3292 3185 3366 praeceptum
3239 3291 3298 3346 et
3327 3284 3742 3360 irrecusabile,

365 3376 582 3445 αίτητον
608 3388 779 3451 ποιεῖ,
811 3376 899 3432 καὶ
967 3375 1029 3431 τὸ
1084 3371 1419 3454 σωτηριῶδες
1473 3379 1565 3432 τοῦ
1606 3372 1766 3453 λόγου
1796 3394 2015 3453 παρατι-

2099 3374 2374 3456 quodque
2403 3375 2660 3437 salutare
2682 3383 2769 3436 est
2796 3374 2855 3436 in
2898 3392 3174 3437 sermone
3207 3374 3503 3455 proponit.
3537 3372 3747 3456 Neque

366 3470 537 3528 θεται,
586 3465 661 3524 Οὔ
697 3465 808 3547 χὰρ
891 3464 940 3521 εί
992 3462 1072 3541 μὴ
1127 3472 1365 3529 τοιοῦτος
1399 3462 1490 3543 ἧν,
1537 3459 1639 3520 ἔδει
1680 3463 1835 3520 αὐτὸν
1879 3463 2015 3538 μετὰ

2098 3463 2259 3527 enim
2281 3466 2333 3526 si
2356 3464 2487 3527 talis
2518 3483 2635 3525 non
2666 3470 3186 3544 essset,oporaeret
3218 3464 3415 3545 ipsum
3432 3482 3566 3526 cum
3583 3470 3743 3526 tanta

362 3556 625 3621 τοσαύτης
680 3553 1067 3634 ἀνυπερθέσεως
1122 3555 1480 3634 κηρυχθῆναι.
1559 3552 1658 3611 Καὶ
1704 3550 1786 3608 ὅτι
1841 3552 1905 3608 τὸ
1933 3552 2016 3608 οἱ-

366 3658 516 3703 κετον
572 3642 776 3724 πληροῖ
830 3645 860 3700 ὃ
923 3640 1333 3724 παραγγέλλων,
1419 3641 1614 3718 μηκέτι
1671 3642 2017 3717 ὑποκείμενος

365 3741 459 3814 τῇ,
516 3733 591 3797 ὡς
648 3733 811 3811 εἰκὸς,
862 3731 1118 3813 γινομένῃ
1174 3732 1293 3812 περὶ
1350 3732 1413 3788 τὸ
1452 3732 1730 3811 κήρυγμα
1771 3729 2014 3814 ἀμελείᾳ.

370 3797 537 3882 «μ’ίοῦ
576 3797 889 3899 μέλλοντοςΙ
917 3797 1118 3902 κρίνειν⁷
1164 3797 1365 3893 ζῶντας
1422 3820 1509 3878 καὶ
1541 3797 1821 3901 “vett-9964..
1837 3841 1862 3878 ν
1937 3797 2011 3877 Ἥ

364 3909 712 3991 ἁμαρτωλοὺς
767 3908 913 3991 λέγει
993 3912 1084 3969 καὶ
1137 3906 1387 3986 δικαίους,
1459 3909 1496 3978 ἢ
1564 3908 1686 3975 τοὺς
1742 3907 2018 3990 προαπελ-

361 4001 573 4075 θόντας,
602 4001 691 4057 καὶ
721 4000 843 4064 τοὺς
885 3996 964 4056 ἔτι
1013 4001 1237 4075 ζῶντας,
1291 3999 1329 4066 ἣ
1383 3996 1465 4055 ὅτι
1518 3996 1709 4055 πολλοὶ
1763 3995 2017 4055 καταλει-

363 4070 653 4171 φθήσονται
681 4090 875 4161 ζῶντες
903 4070 1049 4149 τότε.
1088 4070 1144 4147 ’δ
1190 4070 1279 4146 καὶ
1318 4085 1565 4169 ἀλλαχοῦ
1620 4109 1775 4167 φησι,
1807 4087 2019 4154 Πάντης

365 4180 463 4254 μὲν
509 4180 570 4237 οὗ
614 4177 1078 4257 κοιμηθησόμεθα.
1146 4195 1175 4239 c
1209 4177 1358 4237 Κατὰ
1410 4177 1510 4245 τὴν
1567 4175 1875 4258 ἐπιφάνειαν
1928 4175 2021 4234 αὖ·

363 4274 478 4329 τοῦ.
529 4289 556 4328 ι
621 4267 759 4325 Πότε
817 4265 1112 4345 μέλλοντος
1197 4267 1439 4348 κρίνεινς
1498 4268 1557 4323 ἒν
1614 4272 1684 4344 τῇ
1744 4264 2020 4348 ἐπιφανείᾳ

364 4358 546 4435 αὖτοῦ,
617 4362 689 4435 τῇ
740 4357 873 4434 μετὰ
931 4354 1202 4434 βασιλείας
1286 4357 1378 4414 καὶ
1442 4354 1598 4423 δόξης
1654 4354 2015 4435 γενησομένη.

365 4446 493 4507 0*Βᾶ
533 4449 636 4529 γὰρ
664 4446 834 4513 οὕτως
896 4445 1003 4515 ἥξει
1061 4449 1135 4514 ὡς
1184 4445 1312 4525 ἦλθε
1363 4447 1641 4527 πρότερον,
1720 4465 1752 4507 (
1786 4443 2015 4524 Κήρυξον
2038 4435 2083 4486 ⁵

362 4539 455 4593 τὸν
481 4536 667 4616 λόγον,
703 4559 732 4592 ι
778 4536 839 4595 Τί
865 4534 921 4593 δὲ
990 4534 1444 4617 διαμαρτύρομαι,
1521 4536 1611 4604 Μὴ
1666 4536 2012 4615 κατακρύψης

361 4628 455 4683 τὸν
507 4624 691 4705 λόγον,
763 4626 944 4707 φησὶν,
1004 4623 1143 4682 ἀλλὰ
1199 4623 1447 4706 κήρυξον.
1539 4645 1565 4682 ι
1627 4623 1928 4692 Ἐπίστηθι,
1978 4646 2006 4680 ι

363 4718 516 4788 Οἷον,
558 4712 820 4796 Αίιρνίδιον
869 4714 1175 4797 ἐπισκόπει,
1225 4714 1387 4796 ἐφόρα
1444 4716 1524 4792 μή
1579 4736 1660 4779 τις
1706 4713 2008 4793 ἁμαρτάνῃ,

361 4805 449 4862 καὶ
504 4810 662 4862 τοῦτο
713 4803 880 4887 ποίει,
931 4803 1208 4885 εὐκαίρως,
1267 4804 1521 4885 ἀκαίρως,
1598 4802 1858 4880 τουτέστι,
1933 4802 2012 4873 μὴ

362 4890 499 4950 ἔστω
569 4914 653 4950 σοι
734 4894 919 4974 καιρὸς
974 4895 1108 4973 πρὸς
1163 4895 1324 4951 τοῦτο
1392 4892 1703 4974 ὡρισμένος,
1781 4888 1900 4948 ἀλλ’
1958 4890 2012 4946 ἐν

363 4982 570 5056 ἑκάστῳ
596 4988 767 5061 καιρῷ
794 4982 891 5039 κᾶν
951 4982 1030 5060 μὴ
1088 4986 1361 5063 προσῆκον
1417 4988 1515 5063 ﬁ,“
1550 4980 1850 5041 ἐπισκόπει.
1912 4981 2011 5039 Καὶ

362 5071 454 5127 ἐὰν
501 5052 704 5152 cipue,-
731 5052 913 5153 ιρησὶν,
952 5052 964 5060 ¹
985 5052 1362 5151 ἡμαρτηκότα.
1425 5052 1752 5150 εὛΕλεγξον.
1791 5091 1815 5128 »
1852 5066 2010 5127 Οὐδὲν

360 5161 461 5241 γὰρ
487 5157 573 5217 δεῖ
613 5162 716 5240 πρὸ
757 5158 988 5242 ἐλέγχου
1030 5173 1230 5224 ποιεῖν.
1278 5160 1379 5218 Καὶ
1448 5159 1584 5237 μετᾶ
1621 5160 1683 5217 τὸ
1732 5156 2008 5224 ἀποδεῖξαι

2101 3554 2470 3616 sublimitate
2520 3553 2853 3635 praedicari.
2906 3555 3202 3617 Praeterea
3245 3553 3404 3635 quod
3452 3571 3627 3616 suum
3659 3562 3749 3614 est

2098 3642 2300 3705 facitis
2315 3644 2414 3724 qui
2443 3643 2781 3723 praecipitet
2798 3642 3129 3718 annuntiat,
3146 3642 3271 3722 jam
3286 3660 3402 3703 non
3421 3640 3738 3707 obnoxius.

2099 3739 2163 3796 ut
2189 3731 2519 3795 verisimile
2545 3740 2654 3807 est,
2691 3730 3066 3810 negligentiae
3104 3748 3237 3811 quae
3265 3730 3423 3791 circa
3450 3731 3743 3810 praedica—

2099 3821 2324 3884 tionem
2380 3820 2532 3882 solet
2582 3820 2951 3900 contingere.
3008 3841 3031 3871 ι
3063 3817 3175 3892 Qui
3227 3818 3604 3899 judicaturus
3655 3827 3747 3881 est

2100 3910 2260 3973 vivos
2292 3925 2351 3972 et
2382 3919 2711 3973 mortuos.»
2735 3909 2855 3971 Aut
2883 3918 3223 3990 peccatores
3253 3906 3399 3970 dicit
3425 3914 3483 3969 et
3505 3908 3740 3987 justos:

2101 4007 2203 4062 aut
2225 4017 2329 4061 eos
2356 3997 2455 4080 qui
2479 3997 2605 4078 jam
2636 3997 2854 4059 mortui
2886 4004 3078 4078 erant,
3104 3996 3325 4077 quique
3357 3996 3551 4058 adhuc
3584 3997 3743 4059 vive-

2102 4088 2245 4151 bant
2268 4105 2281 4150 :
2306 4097 2408 4150 aut
2447 4086 2586 4169 quia
2634 4085 2803 4148 multi
2829 4105 2898 4147 eo
2926 4093 3197 4167 tempore
3227 4084 3337 4146 vivi
3367 4084 3748 4167 relinquendi

2101 4184 2261 4258 sunt,
2285 4177 2440 4239 sicut
2466 4174 2607 4237 alibi
2624 4174 2771 4238 dicit
2799 4196 2812 4234 :
2836 4172 3059 4237 Omnes
3081 4172 3321 4256 quidem
3350 4192 3471 4237 non
3491 4174 3748 4237 dormie-

2103 4284 2236 4328 mus
2264 4266 2341 4330 ‘3.
2379 4288 2401 4322 ι
2429 4263 2494 4326 In
2527 4263 2897 4345 apparitione
2928 4282 3060 4326 eua.
3095 4288 3118 4322 υ
3145 4264 3283 4324 277
3305 4263 3551 4336 Quando
3578 4263 3745 4344 judi-

2101 4363 2339 4419 caturus
2368 4352 2512 4417 est?
2553 4352 2619 4415 In
2669 4353 3039 4434 apparitione
3099 4371 3225 4429 sua,
3274 4371 3405 4434 quae
3435 4353 3631 4415 futura
3658 4362 3750 4415 est

2100 4462 2238 4506 cum
2293 4443 2597 4524 majestate
2650 4449 2708 4503 et
2743 4441 2953 4521 gloria.
2987 4443 3198 4523 Neque
3247 4442 3407 4505 enim
3439 4442 3519 4505 ita
3548 4443 3745 4505 veniet

2097 4534 2253 4597 sicut
2286 4533 2449 4611 prius
2478 4530 2662 4593 venit.
2700 4531 3000 4594 «Prwdica
3029 4549 3431 4594 sermonem.»
3469 4530 3620 4604 Quid
3637 4550 3748 4593 au-

2097 4629 2215 4685 tem
2248 4621 2559 4684 obtcstor?
2607 4621 2695 4683 Ne
2746 4621 3009 4682 occultes
3038 4637 3403 4696 sermonem,
3437 4620 3542 4682 sed
3588 4637 3745 4700 pra:-

2093 4709 2279 4774 dices.
2320 4734 2343 4767 ι
2389 4711 2550 4771 Insta
2601 4733 2628 4765 »
2674 4707 2800 4770 Hoc
2846 4717 2957 4784 est,
3014 4707 3239 4788 Repete
3267 4707 3659 4788 circumspice
3688 4716 3748 4770 et

2095 4799 2347 4863 observa
2375 4817 2452 4860 ne
2482 4797 2615 4879 quis
2647 4804 2876 4880 peccet.
2908 4796 2983 4858 Et
3010 4797 3123 4859 hoc
3164 4796 3340 4859 facito
3374 4797 3743 4877 tempestive,

2094 4888 2536 4971 intempestive,
2562 4890 2676 4950 hoc
2707 4897 2797 4952 est
2819 4906 2894 4950 ne
2916 4887 2990 4950 ad
3013 4887 3127 4949 hoc
3157 4887 3236 4948 sit
3268 4886 3377 4951 tibi
3408 4895 3637 4949 certum
3667 4906 3739 4950 ac

2094 4979 2407 5042 deﬁnitum
2440 4988 2701 5060 tempus,
2748 4977 2855 5040 sed
2904 4978 3069 5040 omni
3102 4985 3370 5058 tempore
3400 4995 3740 5059 quanquam

2093 5086 2214 5131 non
2234 5068 2412 5131 fuerit
2439 5075 2865 5148 opportunum,
2897 5065 3352 5146 superintende.
3376 5064 3449 5127 Et
3489 5065 3541 5127 si
3572 5067 3744 5129 inve-

2093 5148 2279 5234 neris,
2300 5155 2515 5239 inquit,
2547 5164 2957 5237 peccantem,c
2986 5154 3306 5220 Convince.
3336 5180 3358 5213 ι
3393 5154 3552 5218 Nihil
3584 5155 3741 5218 enim

358 5250 420 5306 τὸ
448 5262 718 5326 πταῖσμα.
789 5272 819 5305 α
878 5250 1251 5326 Ἐπιτίμησον.
1295 5270 1320 5307 ι
1380 5247 1628 5325 Μέμψαι,
1695 5245 2006 5327 ἑγκάλεσον.

2097 5245 2288 5309 facere
2315 5253 2548 5328 oportet
2575 5245 2920 5326 priusquam
2944 5244 3307 5307 conviceris:
3344 5253 3403 5307 et
3431 5254 3744 5327 postquam

360 5338 499 5395 Εἶτα
553 5339 692 5415 μετᾶ
741 5339 843 5407 τὴν
909 5336 1153 5419 πληγὴν,
1201 5337 1373 5404 ἐπίθες
1427 5338 1728 5419 φάρμακον.
1761 5358 1786 5395 ι
1823 5343 2005 5417 Παρα-

2091 5353 2319 5417 [apsum
2340 5352 2473 5396 esse
2497 5333 2854 5411 ostenderis,
2886 5354 2914 5392 ‹
2932 5331 3206 5414 Increpa.
3237 5357 3265 5389 ιο
3318 5332 3741 5416 Reprehende,

355 5425 548 5484 κάλεον
598 5451 623 5485 ι
665 5427 790 5507 γὰρ,
821 5430 1004 5509 φησὶν,
1056 5446 1088 5489 ς
1113 5426 1208 5486 ’ἕνα
1264 5427 1343 5505 μὴ
1401 5432 1469 5504 τῇ
1495 5425 1841 5507 περισσοτέρᾳ
1867 5423 2007 5504 λύπῃ

2097 5422 2358 5504 objurga.
2390 5421 2623 5485 Deinde
2653 5429 2790 5502 post
2812 5421 3026 5484 vulnus
3056 5422 3210 5485 adde
3233 5429 3292 5484 et
3323 5423 3733 5505 pharmacum.

355 5520 636 5596 καταποθῇ
693 5519 724 5574 ὁ
780 5525 1041 5582 τοιοῦτος,
1080 5540 1109 5574 ι
1165 5539 1189 5573 ε
1242 5514 1334 5575 Ἐν
1390 5516 1539 5595 πάσῃ
1581 5514 1933 5595 μακροθυμίᾳ.
1975 5537 1999 5571 ›

434 5685 495 5737 15
522 5683 708 5751 ICor.
738 5704 838 5768 xv,
872 5687 973 5751 51.

2096 5535 2119 5572 ιι
2145 5510 2535 5576 Exhortare.»
2561 5527 2744 5574 -mne
2779 5509 2966 5572 nimia
2997 5511 3190 5573 tristia
3224 5510 3614 5575 absorbeatur
3644 5514 3743 5593 qui
