4132 6432
331 399 448 466 233
1369 408 1767 474 COMMENT.
1814 409 1897 474 IN
1949 410 2194 474 EPIST.
2243 411 2302 474 II
2343 411 2447 475 AD
2489 410 2812 476 TIMOTH.
3609 413 3727 481 234

330 534 486 603 σύνης
569 535 854 617 στέφανος,
938 538 999 594 ὃν
1082 537 1342 596 ἀποδώσει
1413 561 1504 616 μοι
1588 543 1617 597 6
1678 540 1864 621 Κύριος
1922 541 1959 597 ἐκ

2061 540 2360 606 Dominus
2379 543 2445 606 in
2469 543 2577 609 illo
2596 544 2832 624 die,qui
2853 547 3514 627 estiustusjudexmon
3527 550 3729 615 solum

329 622 500 722 ἐκείνῃ
680 626 879 708 ἡμέρᾳ,
947 629 976 685 ὁ
1047 626 1243 694 δίκαιος
1312 629 1522 710 κριτὴς,
1585 631 1646 688 ού
1706 630 1870 706 μόνον
1930 630 1958 688 δ

2067 637 2268 695 autem
2285 632 2571 707 mihi,sed
2585 641 2642 696 et
2654 622 2754 697 his
2765 636 2876 715 qui
2885 622 3490 715 diliguntadventum
3504 641 3723 722 ipsius.

267 769 280 800 τ
327 711 465 795 ἐμοὶ,
494 713 634 774 ἀλλά
688 719 776 774 καὶ
818 723 947 775 πᾶσι
1005 731 1124 784 τοϊς
1166 719 1477 797 ἠγαπηκόσι
1529 720 1628 788 τὴν
1679 718 1984 800 ἐπιφάνειαν
2475 729 2481 737 ’

322 806 504 864 αὐτοῦ.
543 829 569 864 ι

404 892 550 972 Ἐγὼ
602 895 727 977 γὰρ,
799 898 980 976 φησὶν,
1044 894 1148 964 ἤδη
1205 899 1381 956 Θυσίαν
1437 897 1665 973 ἐμαυτὸν
1706 898 1959 980 προσφέρω

2145 895 2291 960 Nam
2322 917 2454 982 ego,
2481 901 2695 983 inquit,
2748 920 2845 964 me
2887 901 3086 978 ipsum
3119 904 3244 984 jam
3275 907 3460 970 oﬂ‘ero
3491 908 3722 974 Christo

321 989 559 1060 Χριστῷ.
634 987 743 1042 Οὐκ
805 986 930 1043 εἷπε
1001 985 1055 1043 δὲ
1138 987 1338 1059 θυσίαν,
1408 985 1544 1044 ἀλλὰ
1599 985 1853 1068 σπονδὴν,
1920 989 1959 1043 τὲ

2068 986 2340 1050 hostiam.
2379 988 2509 1052 Non
2541 998 2740 1054 tamen
2787 991 2933 1054 dixit
2974 991 3250 1073 hostiam,
3325 996 3432 1060 sed
3463 1000 3718 1070 σπονδὴν,

320 1072 516 1130 πλεῖον
569 1072 745 1154 λέγων
800 1076 888 1131 καὶ
948 1076 1244 1156 ἱερώτεροῆ
1299 1081 1408 1143 Τῆς
1477 1077 1572 1152 μὲν
1630 1077 1728 1156 γὰρ
1799 1079 1959 1171 θυσίαι

2064 1076 2123 1171 id
2153 1085 2262 1152 est,
2299 1077 2560 1171 libamen
2615 1079 2870 1171 (ponens
2913 1080 3074 1143 enim
3131 1082 3376 1146 verbum
3407 1087 3720 1171 σπένδομαι,

320 1161 480 1243 μέρος
533 1185 583 1220 τι
632 1164 794 1240 μόνον
847 1172 964 1240 Θεῷ
1006 1167 1078 1229 εἰς
1131 1167 1367 1242 θυμίαμα
1423 1166 1722 1246 ἀφιεροῦτο.
1799 1157 1860 1223 Ἠ
1921 1165 1959 1222 δὲ

2057 1163 2120 1229 id
2158 1174 2270 1260 est,
2306 1165 2542 1229 deIibor
2569 1157 2758 1260 ponit,
2792 1177 2850 1231 et
2886 1188 3116 1260 nomen
3150 1172 3277 1251 ejus
3311 1175 3538 1258 σπονδὴ)
3560 1157 3722 1260 quod

319 1250 525 1319 σπονδὴ
567 1252 749 1309 ἅπασα
801 1253 942 1329 αὖτῷ
997 1253 1280 1334 ἀφιέρωτο,
1327 1253 1492 1312 Τοῦτο
1555 1253 1610 1311 δὲ
1667 1268 1846 1313 ποιεῖν
1885 1257 1959 1315 κα

2056 1255 2312 1335 amplius
2341 1263 2429 1318 est
2451 1275 2522 1319 ac
2544 1257 2856 1321 sacratius.
2881 1250 3194 1340 Siquidem
3217 1262 3427 1326 hostiae
3450 1250 3720 1346 quaedam

317 1342 478 1407 αὐτὸς
510 1355 632 1405 τοῖς
663 1345 930 1418 μαθηταῖς
987 1342 1258 1400 ἐπιτάσσει
1313 1342 1483 1424 λέγων
1519 1365 1533 1379 ·
1595 1364 1620 1401 α
1687 1347 1959 1424 Παραστή-

2059 1361 2194 1439 pars
2221 1352 2445 1406 tantum
2476 1347 2803 1439 :VOWDeo
2833 1348 2892 1409 in
2941 1348 3302 1439 sacriﬁcium
3335 1342 3720 1439 offerebatur,

316 1453 447 1489 σατε
497 1433 563 1489 τὰ
605 1433 746 1509 μέλη
802 1435 948 1510 ὑμῶν
1004 1435 1178 1492 Θυσίαν
1235 1437 1431 1506 ζῶσαν.
1499 1457 1548 1524 ι*
1590 1426 1808 1493 Ἐαυτὸν
1877 1436 1959 1516 γὰρ

2059 1433 2396 1496 universum
2443 1454 2583 1498 vero
2625 1436 2888 1500 libamen
2943 1438 3058 1519 ipsi
3098 1439 3562 1508 sacrificabatur.
3594 1426 3722 1509 Hoc

315 1525 582 1602 ἱερουργεῖ
623 1525 653 1578 6
695 1522 827 1602 ὑπὲρ
887 1530 1112 1603 Χριστοῦ
1179 1524 1456 1600 θυόμενος.
1529 1522 1580 1583 Ἠ
1635 1526 1699 1582 τὸ
1757 1523 1959 1582 σπένδο-

2057 1529 2253 1584 autem
2313 1533 2372 1585 et
2425 1524 2556 1606 ipse
2606 1526 2918 1607 discipulis
2972 1527 3170 1591 facere
3221 1529 3394 1609 jubet
3420 1551 3556 1602 cum
3585 1534 3716 1600 ait:

319 1634 416 1688 μαι
475 1613 604 1685 νόει,
650 1617 790 1694 οἷον,
849 1611 1094 1669 καταλύω
1135 1614 1227 1670 τὸν
1282 1615 1413 1693 πρὸς
1464 1614 1668 1679 πάντας
1709 1613 1959 1690 πόλεμον,

2064 1633 2086 1668 ‹‹
2125 1612 2392 1675 Ρῑωὺειε
2440 1633 2691 1696 corpora
2736 1624 2928 1678 vestra
2956 1616 3210 1680 hostiam
3242 1619 3535 1684 viventem
3565 1623 3645 1688 45.
3681 1648 3711 1682 nu

319 1703 451 1761 Οὔτε
521 1700 791 1778 πολεμῶν,
853 1702 968 1759 οὔτε
1026 1701 1447 1784 πολεμούμενος,
1491 1702 1792 1780 τελειοῦμαι
1849 1704 1959 1783 γάρ.

2053 1697 2330 1782 Seipsum
2353 1703 2512 1764 enim
2536 1704 2832 1766 sacriﬁcat
2847 1705 2949 1786 qui
2972 1724 3077 1787 pro
3099 1706 3713 1778 Christoimmolatur.

315 1825 397 1837 —
435 1813 460 1848 ι
503 1798 613 1860 Τῆς
661 1791 797 1866 ἐμῆς
853 1791 1179 1857 ἀναλύσεως,
1235 1814 1258 1849 υ
1311 1793 1644 1873 [ΟΙΚΟΥΜ,]
1693 1791 1959 1851 Ἀνάλυσιι

2050 1793 2168 1853 Aut
2197 1791 2484 1869 σπένδομαι
2508 1793 2774 1874 intellige
2796 1794 2991 1859 foedus
3016 1815 3029 1858 :
3054 1796 3281 1872 sancio,
3307 1798 3421 1861 hoc
3443 1809 3550 1870 est:
3578 1801 3712 1867 bel-

313 1884 416 1964 γὰρ
463 1882 606 1961 λέγει
647 1884 738 1939 τὸν
779 1882 1021 1958 θάνατον,
1068 1881 1104 1951 ἢ
1135 1880 1220 1938 διὰ
1261 1883 1322 1938 τὸ
1357 1881 1599 1939 ἀναλύειν
1627 1881 1678 1949 ἐξ
1711 1887 1778 1953 ἧς
1807 1881 1959 1964 ἐλήφ-

2052 1878 2175 1940 lum
2207 1880 2492 1944 adversus
2542 1883 2783 1964 quosvis
2819 1883 3111 1948 dissolvo:
3147 1886 3374 1948 morior
3403 1889 3564 1952 enim
3595 1910 3710 1954 ne-

313 1977 486 2049 θημεν
540 1977 642 2052 γῆς
677 1988 692 2002 ’
755 1971 792 2040 ἢ
848 1973 978 2051 πρὸς
1031 1972 1122 2029 τὸν
1191 1969 1657 2051 δημιουργήσαντα
1717 1973 1959 2049 Χριστόν.

2055 1988 2171 2049 que
2201 1969 2354 2032 bello
2386 1971 2741 2053 impugnans
2770 1990 2967 2053 neque
2997 1972 3155 2036 bello
3196 1975 3598 2056 impugnatus.
3629 2015 3711 2028 —

322 2084 348 2120 σ
420 2064 524 2121 Τὸν
579 2063 782 2140 ὰγῶνα.
850 2083 874 2118 ι
937 2071 1110 2120 Ταῦτα
1180 2059 1346 2140 λέγει,
1420 2063 1479 2118 οὗ
1561 2060 1966 2140 μεγαληγορῶν,

2061 2060 2241 2124 «Meae
2269 2061 2673 2125 resolutionis.
2702 2086 2730 2118 πυ
2760 2065 2912 2127 Nam
2942 2063 3370 2126 resolutionem
3389 2066 3710 2133 dicitmor-

313 2149 516 2233 ἔπαγε,
560 2150 698 2208 ἀλλὰ
764 2153 856 2208 τὸν
916 2152 1161 2227 μαθητὴν
1231 2150 1723 2230 παραμυθούμενος,
1768 2153 1841 2215 ὡς
1886 2149 1959 2206 ἐπῖ

2055 2155 2171 2209 tem
2213 2169 2226 2208 :
2257 2156 2358 2211 aut
2387 2151 2525 2230 quia
2554 2151 2615 2212 in
2643 2159 2863 2213 terram
2894 2151 3250 2214 resolvimur
3289 2153 3364 2216 de
3393 2174 3512 2236 qua
3539 2176 3712 2221 sum-

311 2242 603 2322 στειράνους
658 2241 830 2298 ἀπιὼν
873 2242 962 2297 καὶ
1017 2238 1306 2304 ἀντιδόσεις
1365 2239 1600 2319 ἀγαθῶν,
1646 2241 1720 2302 ὡς
1751 2240 1795 2295 εί
1845 2237 1968 2296 ἔλε-

307 2353 402 2410 γεν
434 2352 450 2368 ·
482 2333 692 2410 Χαίρειν
735 2353 793 2387 σε
838 2328 1038 2407 μᾶλλον
1095 2328 1179 2387 δεῖ
1236 2327 1371 2409 ἥπερ
1423 2327 1638 2406 ἀλγεῦν,
1674 2327 1756 2385 ὅτι
1783 2328 1968 2385 τοιαύ-

307 2444 412 2490 της
442 2421 788 2502 ἐπιτυγχάνω
814 2419 1088 2486 τελευτῆς.
1144 2439 1168 2475 α
1230 2421 1332 2477 Τὸν
1363 2417 1524 2475 καλὸν
1568 2418 1893 2498 ἠγώνισμαι.
1938 2441 1960 2472 ι

309 2519 424 2578 Πᾶς
480 2513 579 2593 γὰρ
635 2516 665 2569 6
709 2511 836 2590 ὅπερ
891 2511 1117 2590 Χριστοῦ
1181 2509 1350 2586 ἀγὼν,
1394 2507 1585 2588 καλὸς,
1629 2507 1727 2564 κᾶν
1758 2505 1966 2571 ἁλύσεις

306 2602 444 2684 ἔχη,
473 2602 572 2659 κᾶν
602 2599 893 2680 διωγμοὺς,
951 2597 1049 2656 κᾶν
1095 2599 1371 2662 θανάτους.
1406 2598 1466 2656 Εἰ
1494 2596 1581 2654 οὖν
1628 2595 1818 2684 καλὸς,
1853 2620 1963 2676 φη-

308 2683 414 2766 σὶν,
449 2687 703 2752 ἐπιλαϐοῦ
744 2688 877 2758 δῆτα
906 2689 993 2748 καὶ
1034 2689 1096 2744 σὺ
1141 2691 1321 2748 αὐτοῦ.
1388 2707 1416 2745 α
1476 2687 1577 2745 Τὸν
1621 2683 1811 2764 δρόμον
1869 2707 1964 2741 τε-

305 2780 526 2843 τέλεκα,
590 2803 615 2838 ι
697 2776 1021 2859 Περιὲδραμε
1077 2778 1178 2856 γὰρ
1221 2775 1344 2859 ..τὴν
1415 2773 1750 2859 οἰκουμένην.
1824 2774 1965 2831 πάν-

304 2893 404 2936 τας
462 2872 537 2934 είς
596 2851 912 2949 θεογνωσίαν
957 2851 1160 2946 Etyma
1221 2851 1373 2922 Ὥστε
1441 2865 1548 2921 ἀπὸ
1621 2855 1966 2943 ’Ἰερουσαλὴμ

303 2960 398 3015 καὶ
448 2957 628 3034 κύκλῳ
694 2957 860 3038 μέχρι
922 2962 1014 3014 τοῦ
1086 2953 1374 3034 Ἰλλυρικοῦ
1426 2951 1836 3032 πεπληρωκέναι
1905 2954 1967 3008 τὸ

310 3047 657 3128 Εὖαγγέλιον.
721 3070 751 3103 ι
809 3045 920 3114 Τήν
974 3044 1150 3102 πίστιν
1216 3044 1509 3123 τετήρηκα,
1559 3065 1588 3097 n
1644 3040 1840 3099 Πολλοὶ
1867 3042 1966 3121 γὰρ

303 3139 474 3205 αὐτὴν
533 3136 759 3205 συλῆσαι
815 3132 938 3216 παρ’
1010 3135 1167 3191 αὐτοῦ
1235 3130 1447 3209 ἤθελον,
1520 3130 1660 3212 φίλοι
1728 3128 1964 3210 ψευδεῖς,

302 3227 516 3308 ἰχθροὶ,
596 3224 854 3299 Ελληνες,
914 3220 1182 3284 Ἰουδαῖοι.
1249 3244 1277 3278 α
1341 3222 1540 3279 Λοιπὸν
1568 3220 1845 3277 ἀπόκειταί
1875 3239 1964 3295 μοι

2054 2236 2137 2317 pti
2181 2255 2406 2313 sumus,
2431 2239 2796 2302 autreditum
2819 2239 2964 2302 dicit
2984 2241 3057 2302 ad
3076 2241 3374 2306 Christum
3397 2245 3500 2326 qui
3536 2265 3710 2310 crea-

2051 2327 2153 2387 vit.
2195 2350 2218 2384 «
2249 2327 2582 2392 Certamen.
2618 2349 2647 2390 θ
2683 2328 2822 2390 Haec
2867 2329 2970 2404 ait,
3027 2349 3148 2392 non
3207 2349 3340 2396 sese
3383 2333 3705 2413 jactitans:

2049 2417 2298 2480 minime
2355 2422 2670 2495 gentium:
2727 2421 2831 2481 sed
2903 2418 3264 2498 discipulum
3322 2423 3708 2504 consolando,

2051 2505 2218 2585 quasi
2259 2507 2334 2568 ad
2361 2507 2734 2586 recipiendas
2774 2525 3032 2574 coronas
3079 2508 3258 2572 abeat
3307 2518 3367 2572 et
3415 2511 3709 2578 bonorum

2049 2613 2297 2684 cperum
2348 2596 2794 2674 retributiones,
2858 2615 2924 2658 ac
2985 2597 3037 2659 si
3093 2598 3366 2665 diceret:
3401 2602 3483 2664 Te
3513 2604 3713 2684 potius

2047 2683 2308 2774 gaudere
2336 2693 2567 2765 oportet
2587 2704 2762 2766 quam
2789 2686 3018 2766 lugere,
3040 2686 3198 2768 quod
3230 2688 3406 2751 talem
3432 2683 3715 2774 assequar

2049 2773 2253 2836 ﬁnem.
2297 2774 2571 2837 «Bonum
2596 2776 2916 2839 decertavi.
2944 2801 2972 2832 ι
2999 2776 3190 2840 Omne
3221 2779 3380 2842 enim
3406 2773 3714 2844 certamen

2049 2881 2154 2943 pro
2188 2863 2426 2926 Christo
2474 2873 2837 2946 susceptum,
2893 2865 3120 2929 bonum
3153 2878 3243 2930 est
3277 2887 3292 2928 :
3325 2868 3448 2931 sive
3477 2870 3714 2933 vincula

2048 2951 2281 3026 habeat,
2315 2952 2439 3015 sive
2495 2956 2966 3035 persecutiones,
2995 2957 3124 3020 sive
3159 2965 3402 3020 mortes.
3440 2957 3503 3020 Si
3531 2959 3712 3039 igitur

2050 3040 2270 3104 bonum
2304 3051 2414 3124 est,
2479 3051 2540 3106 et
2595 3051 2658 3107 tu
2706 3064 2844 3126 ergo
2900 3046 3047 3109 illud
3101 3065 3360 3110 assume.
3400 3067 3425 3106 ε
3455 3050 3709 3112 Cursum

2051 3133 2481 3196 consummavi.
2505 3157 2527 3193 ι)
2557 3131 2775 3196 Orbem
2796 3153 2930 3197 nam
2945 3154 3060 3216 que
3074 3135 3387 3217 percurrit,
3404 3155 3614 3200 omnes
3633 3137 3709 3200 ad

2048 3217 2157 3281 Dei
2187 3221 2586 3300 cognitionem
2610 3222 2934 3286 adducons.
2961 3223 3166 3306 Itaque
3190 3223 3264 3292 ab
3285 3223 3616 3288 Jerusalem
3652 3234 3711 3288 et

297 3320 332 3374 6
378 3321 480 3383 τῆς
531 3314 862 3384 δικαιοσύνης
905 3313 1180 3394 στέφανος.
1243 3334 1266 3368 ι
1347 3310 1486 3369 Εἶτα
1541 3311 1630 3368 καὶ
1688 3310 1792 3366 ἀπὸ
1861 3314 1959 3366 τῶν

2050 3309 2110 3370 in
2145 3309 2368 3370 circum
2369 3310 2708 3388 jacentibus
2727 3311 3075 3391 regionibus
3103 3330 3292 3394 usque
3312 3314 3385 3376 ad
3401 3312 3708 3393 Illyricum

299 3406 549 3463 ἐπάθλων
607 3408 995 3485 παραμυθεῖται
1054 3402 1232 3465 αὐτόν.
1280 3400 1368 3465 Τίς
1425 3401 1525 3480 γὰρ
1575 3398 1637 3456 ἂν
1680 3398 1961 3478 ἀλγήσειεν

301 3496 394 3554 ἐπὶ
437 3502 517 3570 τῷ
557 3492 986 3572 ἀπολαμϐάνοιοτι
1013 3491 1268 3573 στέφανον
1305 3510 1322 3566 ;
1360 3489 1708 3558 Δικαιοσύνης
1733 3487 1806 3564 δὲ,
1845 3492 1963 3546 οἷον

296 3587 401 3655 τῆς
453 3567 680 3646 καθόλου
722 3567 937 3664 ἀρετῆς.
989 3605 1019 3639 α
1049 3567 1144 3641 “ον
1186 3579 1449 3639 ἀποδώσει
1494 3602 1584 3657 μοι
1628 3581 1656 3636 6
1687 3579 1878 3658 Κύριος
1909 3577 1963 3634 ἐν

297 3675 482 3752 ἐκείνῃ
521 3680 592 3754 τῇ
630 3673 827 3754 ἡμέρᾳ.
862 3697 891 3730 ι
925 3672 1018 3741 Μὴ
1058 3671 1158 3751 γάρ
1189 3693 1301 3747 μοι,
1349 3671 1498 3750 φησὶ,
1559 3669 1624 3754 vis
1653 3666 1755 3725 ὦδε
1799 3666 1961 3746 εἴπῃς

305 3766 376 3822 τὰ
404 3750 880 3846 πρόσκαιρα,’ὲγὼ
924 3764 1026 3843 γὰρ
1075 3750 1148 3820 7τᾶ
1190 3761 1305 3819 ἐκεῖ
1349 3766 1518 3832 ζητῶ.
1583 3750 1731 3839 υΟρα
1760 3757 1813 3814 δὲ
1845 3763 1961 3823 πῶς

299 3855 462 3936 χρέος
492 3855 649 3913 αὐτὸν
679 3855 922 3935 ἀπαιτεῖ,
953 3850 1038 3909 διά
1071 3873 1130 3908 τε
1169 3859 1286 3928 τοῦ,
1347 3847 1640 3908 Ἀποδώσει
1674 3871 1794 3936 μοι,
1842 3847 1960 3905 ἀλλ’

424 3945 578 4026 εἷπε,
615 3944 785 4002 Δώσει
819 3961 833 3976 ⁸
879 3931 1033 4001 τοῦτο
1060 3939 1236 4008 δηλῶν
1279 3941 1367 3997 καὶ
1410 3939 1494 3998 διὰ
1522 3945 1636 4015 τοῦ,
1673 3931 1731 3996 Ὀ
1761 3936 1958 4001 δίκαιος

301 4036 512 4112 κριτής,
551 4056 581 4090 α
615 4033 687 4092 Οὔ
743 4031 902 4109 μόνον
960 4028 1016 4087 δὲ
1071 4029 1211 4106 ἐμοί,
1277 4052 1300 4085 ι
1364 4026 1619 4088 Ἐνταῦθα
1659 4027 1748 4084 καὶ
1805 4028 1960 4086 αὐτὸν

303 4122 557 4192 ἀνέστησα
597 4124 692 4181 τὸν
733 4121 1009 4199 Τιμόθεον,
1041 4117 1148 4194 ὅτι,
1200 4119 1352 4199 φησὶ,
1410 4118 1498 4174 καὶ
1556 4118 1638 4174 σοὶ
1667 4114 1953 4177 ἀποδώσει.

311 4214 369 4270 Εἰ
432 4215 532 4294 γὰρ
598 4219 728 4271 πᾶσι
786 4224 904 4276 τοῖς
981 4210 1228 4290 ἀγαπῶσι
1283 4209 1382 4276 τὴν
1438 4206 1744 4294 ἐπιφάνεσαν
1800 4209 1957 4264 αὐτοῦ

307 4293 559 4384 στέφανον
607 4301 808 4378 δίδωσι,
867 4298 1056 4375 πολλῷ
1102 4296 1306 4384 μᾶλλον
1361 4297 1464 4356 σοί.
1527 4297 1616 4360 Τίς
1672 4293 1737 4384 δὲῗ
1777 4294 1959 4384 ἀγαπᾷ

304 4380 426 4462 τὴν
463 4393 768 4474 ἐπιφάνειαν
825 4390 1034 4470 αὖτοῦ;
1110 4380 1168 4446 Ὀ
1243 4383 1362 4452 ἀξια
1413 4384 1659 4465 πράττων
1717 4380 1954 4441 ἀμοιϐῶν

301 4485 580 4573 χρηστῶντ

2045 3398 2398 3479 impleverat
2425 3401 2745 3481 Evangelio
2777 3402 2857 3464 16.
2898 3424 2921 3460 α
2957 3401 3162 3466 Fidem
3199 3402 3451 3468 servavi.
3479 3427 3509 3460 ι
3541 3402 3712 3467 Multi

2046 3488 2207 3550 enim
2240 3489 2394 3550 hanc
2426 3488 2498 3550 ab
2528 3490 2661 3570 ipso
2686 3491 2939 3571 praedari
2982 3493 3373 3574 conabantur,
3396 3491 3529 3555 falsi
3551 3493 3708 3556 ami-

2046 3575 2120 3652 ci,
2155 3574 2408 3654 inimici,
2432 3577 2644 3656 Judaei,
2694 3579 2906 3644 Graeci.
2939 3603 2962 3638 (ι
2990 3580 3162 3654 Quod
3193 3587 3489 3662 superest,
3522 3599 3708 3664 repo-

2045 3666 2158 3728 sita
2187 3673 2276 3728 est
2305 3667 2453 3729 mihi
2503 3668 2750 3748 justitiaa
2805 3690 3047 3734 corona.
3087 3695 3111 3731 »
3166 3671 3399 3735 Deinde
3452 3670 3632 3734 etiam
3674 3690 3709 3734 a

2043 3755 2306 3836 praemiis
2340 3760 2740 3821 certaminum
2772 3760 3114 3824 consolatur
3132 3761 3350 3842 ipsum.
3378 3758 3522 3832 Quis
3544 3761 3706 3823 enim

2047 3844 2272 3924 lugebit
2292 3864 2426 3909 eum
2449 3846 2549 3926 qui
2572 3866 2855 3910 coronam
2873 3848 3385 3931 accipit?.lustitiae
3402 3867 3563 3922 vero,
3588 3850 3706 3912 hoc

2047 3942 2132 3996 est
2166 3934 2518 3996 universalis
2545 3936 2798 3998 virtutis.
2837 3961 2864 3992 α
2889 3937 3076 4011 Quam
3101 3937 3314 4000 reddet
3335 3937 3484 4000 mihi
3499 3937 3706 4000 Domi-

2043 4042 2153 4086 nus
2179 4022 2238 4084 in
2254 4022 2357 4086 illo
2379 4024 2499 4088 die.
2535 4049 2558 4081 n
2587 4027 2797 4108 Neque
2818 4027 2997 4105 {enim
3029 4027 3175 4090 mihi
3197 4029 3321 4090 haec
3356 4027 3708 4108 temporalia

2042 4113 2476 4195 proferas,nam
2491 4132 2596 4194 ego
2613 4114 2807 4178 futura
2822 4135 3020 4198 quaero
3031 4116 3381 4181 .Considera
3391 4134 3530 4180 vero
3544 4117 3706 4198 quod

2040 4211 2317 4284 tanquam
2330 4201 2598 4265 debitum
2617 4205 3163 4284 expetitillud,cum
3177 4204 3520 4286 ait,Reddet
3533 4205 3703 4286 mihi,

2040 4301 2098 4356 et
2119 4311 2235 4353 non
2265 4290 2996 4373 dicit,Dabit:signiﬁcans
3017 4296 3194 4358 etiam
3220 4295 3335 4357 hoc
3357 4312 3431 4357 ex
3453 4313 3523 4358 eo
3546 4297 3706 4377 quod

2038 4383 2142 4445 ait:
2169 4384 2368 4442 Justus
2381 4381 2589 4460 judex.
2606 4381 2769 4445 «Non
2788 4387 2982 4447 solum
3007 4392 3207 4448 autem
3233 4384 3439 4446 mihi.»
3467 4382 3577 4448 Hic
3605 4385 3707 4466 ip-

1977 4482 2020 4532 D
2039 4491 2169 4534 sum
2188 4489 2422 4552 quoque
2446 4472 2661 4534 excitat
2678 4472 3078 4554 Timotheum,
3107 4493 3244 4536 nam
3265 4475 3438 4536 etiam
3468 4474 3706 4551 tibi,.in-

305 4559 453 4658 quit,
483 4571 717 4662 reddet.
751 4566 823 4662 Si_
841 4566 1002 4630 enim
1034 4563 1340 4662 omnibus
1355 4563 1479 4662 (1λυί.
1503 4559 1758 4662 diligunt
1803 4560 2342 4662 adventumﬁipsus
2391 4560 2554 4624 dabit
2579 4580 2912 4662 coronam,
2949 4563 3132 4625 multo
3165 4564 3352 4643 magis
3385 4563 3517 4626 tibi.
3554 4563 3704 4636 Quis

299 4651 498 4729 autem
528 4660 725 4740 diligit
754 4657 1074 4722 adventum
1103 4651 1341 4737 ipsius?
1370 4651 1484 4726 Qui
1509 4651 1688 4733 digna
1717 4659 1995 4732 operatur
2027 4651 2214 4740 beatis
2234 4651 2859 4740 remunerationibus.

382 4752 688 4814 Σπούδασον
757 4749 929 4807 ἐλθεῖν
985 4747 1118 4827 πρός
1175 4767 1242 4822 με
1297 4743 1534 4823 ταχέως,
1597 4748 1783 4818 Δημᾶς
1855 4742 1955 4821 γάρ

294 4867 368 4923 με
433 4841 805 4924 ἐγκατέλιπεν,
886 4838 1171 4917 ἀγαπήσας
1253 4834 1346 4890 τὸν
1394 4839 1514 4924 ,νῦν
1595 4832 1782 4924 αίῷνα,
1849 4833 1954 4924 ,καὶ

294 4919 559 5012 ἐπορεύθη
633 4932 707 4995 εἷς
793 4926 1210 4999 Θεσσαλονίκην,
1291 4923 1542 5001 Κρήσκης
1627 4922 1699 5012 εἷς
1769 4919 1952 4977 Γαλα-

291 5010 440 5096 τίαν,
522 5031 686 5084 Τῖτος
769 5019 843 5082 εἷς
931 5015 1258 5092 Δαλματίαν,
1347 5017 1551 5074 Λουκᾶς
1634 5010 1744 5068 ἐστι
1791 5012 1952 5107 μόνος

293 5103 419 5185 μετ’
451 5103 603 5181 ἐμοῦ.
635 5109 844 5182 Μάρκον
889 5103 1188 5180 ἀναλαϐὼν,
1241 5103 1337 5182 ἄγε
1368 5102 1503 5179 μετὰ
1532 5109 1772 5161 σεαυτοῦ.
1807 5102 1951 5157 Ἐστι

290 5199 404 5280 γάρ
435 5216 524 5269 μοι
554 5192 848 5273 εὔχρηστος
880 5198 952 5260 εἷς
984 5193 1271 5257 διακονίαν,
1306 5192 1537 5272 Τυχικὸν
1566 5188 1620 5244 δὲ
1663 5187 1951 5246 ἀπέστειλα

291 5275 385 5353 εἷς
411 5275 670 5365 ”Ειρεσον.
703 5283 804 5341 Ἒὸν
833 5283 1089 5362 φαιλόνην
1119 5285 1176 5340 ὃν
1205 5281 1464 5339 ἀπέλιπον
1495 5279 1549 5335 ἐν
1581 5276 1780 5358 Τρῳλδι
1811 5278 1954 5356 παρὰ

292 5376 504 5455 Κάρπῳ
554 5373 846 5453 ἐρχόμενος
901 5371 1050 5453 φέρε,
1106 5374 1196 5428 καὶ
1237 5372 1304 5428 τὰ
1345 5367 1544 5448 βιϐλία,
1595 5365 1826 5444 μάλιστα
1855 5367 1952 5431 τὰς

282 5462 607 5546 μεμϐράνας
616 5509 630 5524 .
672 5483 696 5520 I

377 5543 534 5623 Τίδή
579 5572 710 5609 ποτε
763 5552 865 5619 τὴν
918 5547 1173 5632 Ἐφεσίων
1227 5547 1548 5616 Ἐκκλησίαν
1593 5543 1952 5623 ἐμπεπιστευ-

375 5724 438 5776 ¹5
462 5718 640 5784 Rom.
668 5734 779 5796 xu,
812 5723 870 5784 Δ.
953 5717 1013 5769 ¹6
1037 5717 1212 5786 Rom.
1243 5734 1346 5801 xv,
1378 5717 1481 5781 19.

583 5855 846 5918 PATROL.
882 5855 996 5917 Gn.
1027 5855 1236 5918 CXIX.

2114 4738 2488 4811 IV,8-13.Da
2513 4741 3149 4820 operamulveniasad
3161 4740 3568 4804 mecitoznam
3590 4740 3702 4806 De-

2033 4847 2165 4893 mus
2182 4847 2274 4891 me
2284 4829 2618 4910 dereliquit
2633 4847 2770 4892 cum
2785 4829 3068 4911 diligeret
3083 4847 3351 4908 praesens
3377 4830 3696 4903 saeculum,

2034 4927 2093 4980 et
2107 4919 2417 4999 profectus
2438 4927 2522 4980 est
2552 4919 3053 4999 Thessalonicam,
3099 4919 3384 4981 Crescens
3408 4920 3470 4980 iv
3494 4918 3696 4982 Gala-

2036 5011 2209 5084 tiam,
2230 5007 2398 5069 Titus
2412 5008 2477 5069 in
2488 5016 2544 5098 γε
2555 5017 2664 5068 so
2689 5007 3101 5071 Dalmatiam:
3142 5008 3336 5070 Lucas
3349 5016 3700 5098 mecumiest

2035 5097 2508 5160 solus.Marcum
2526 5103 2904 5178 assumptum
2917 5098 3200 5160 adducito
3217 5114 3344 5160 una
3356 5097 3698 5162 tecum.Est

2033 5185 3697 5266 enimmz’hiperutilisadminislerium.PorroTychicum

2034 5277 2174 5337 misi
2196 5274 3029 5357 Ephesum.Penulamquam
3042 5275 3262 5356 reliqui
3289 5274 3698 5357 Troadeapud

2036 5363 2303 5444 Carpum
2324 5363 2428 5425 ubi
2450 5367 2686 5427 veneris
2714 5368 3021 5446 conferas,
3045 5372 3102 5428 et
3134 5364 3393 5441 libellos,
3426 5367 3696 5428 maxime

2035 5461 2238 5515 autem
2270 5451 2685 5517 membranas.

2117 5539 2302 5614 Quam
2337 5540 2412 5603 ob
2443 5561 2682 5605 causam
2731 5559 2868 5606 eum
2900 5544 2974 5605 ad
3017 5561 3082 5607 se
3111 5549 3280 5606 vocat
3310 5541 3405 5605 cui
3438 5557 3693 5605 concre—
