4132 6418
535 430 654 498 235

1665 424 2078 494 (ECUMENII
2125 423 2421 487 TRICGIE
2462 417 2797 486 EPISGOPI

3809 408 3937 476 236

535 567 658 630 dita
689 574 815 628 erat
843 566 1243 647 Ephesiorum
1274 564 1586 630 Ecclesia?
1613 564 1762 638 Quia
1791 581 1921 624 cum
1966 562 2027 622 in
2061 577 2195 622 car-

2284 555 2462 631 μένον,
2522 555 2652 634 πρὸς
2683 554 2868 610 ἑαυτὸν
2897 551 3045 609 καλει
3073 571 3090 634 ;
3161 561 3264 647 ,Οτι
3297 551 3352 608 ἐν
3394 549 3604 647 (ρυλακξι
3633 549 3706 608 ὢν
3748 550 3934 647 αὐτὸς,

537 674 675 719 cere
708 663 884 729 esset,
919 655 993 717 ad
1027 656 1195 718 illum
1254 655 1548 736 proficisci
1595 672 1715 716 non
1774 659 2024 734 poterat.
2057 649 2196 710 Vult

536 746 721 826 igitur
749 752 814 806 ut
837 745 1185 807 Timotheus
1215 745 1285 806 ad
1321 763 1384 805 se
1443 744 1660 825 veniat,
1697 750 1818 804 tum
1851 739 2008 824 quod
2035 739 2195 800 solus

543 843 720 910 esset,
758 841 881 895 tum
908 841 972 894 ut
999 833 1195 914 aliqua
1217 833 1329 913 ipsi
1354 833 1722 913 prmciperet.
1756 831 1877 892 «Ad
1896 849 1990 892 me
2013 829 2188 891 cito.»

541 922 671 986 Non
703 923 827 986 ait:
893 921 1132 984 [nterim
1192 922 1330 983 dum
1387 922 1516 982 vivo
1553 944 1563 979 :
1599 940 1795 1002 neque
1827 921 1982 982 enim
2016 917 2196 979 voluit

541 1031 678 1076 eum
712 1011 1086 1074 contristare.
1127 1033 1150 1067 α
1189 1012 1332 1074 Cum
1384 1011 1661 1090 diligerot
1712 1028 1974 1091 praisens
2003 1027 2194 1069 sazcu-

541 1103 689 1165 lum.
732 1126 752 1158 ι
781 1100 847 1162 Id
879 1109 969 1163 est
1012 1101 1390 1162 securitatem
1437 1121 1450 1160 :
1485 1109 1543 1161 et
1582 1102 1659 1162 ita
1688 1099 1834 1179 fugit
1867 1097 2194 1180 periculurn

541 1183 624 1255 ιιῗ
641 1189 1019 1253 existimavit.
1053 1190 1236 1269 Magis
1269 1190 1427 1252 enim
1475 1191 1652 1267 elegit
1683 1189 1844 1250 domi
1874 1190 1935 1250 in
1968 1185 2201 1250 deliciis

543 1299 742 1360 agere,
777 1298 952 1360 quam
985 1297 1218 1340 mecum
1251 1279 1582 1358 defatigari.
1619 1277 1747 1340 Non
1781 1287 1976 1340 autem
2009 1277 2199 1340 inten-

546 1369 635 1432 dit
663 1370 826 1430 hunc
854 1370 1186 1443 traducere,
1221 1368 1325 1429 sed
1375 1386 1484 1429 nos
1514 1370 1706 1449 potius
1739 1369 2093 1429 confirmare
2123 1385 2197 1428 ne

548 1457 993 1519 mollescamus.
1034 1479 1057 1513 ιι
1085 1455 1372 1518 Crescens
1403 1457 1463 1518 in
1497 1457 1801 1518 Galatiam.
1835 1481 1854 1509 ι
1880 1455 1953 1518 Hi
1975 1474 2080 1517 sua
2099 1475 2198 1516 vo-

542 1546 770 1607 luntate
791 1544 1212 1625 discesserant,
1247 1545 1381 1606 ideo
1396 1565 1514 1606 non
1539 1545 1699 1621 dicit,
1735 1545 1991 1626 Reliqui.
2011 1549 2196 1608 Porro

546 1633 716 1696 Titus
747 1633 905 1694 inter
936 1633 1252 1712 praeclaros
1281 1642 1407 1696 erat
1438 1635 1532 1696 cui
1575 1637 1760 1696 Cretm
1789 1634 2194 1716 episcopatum

542 1722 902 1785 crediderat.
941 1744 964 1778 ι
1000 1721 1187 1784 Lucas
1233 1742 1467 1785 mecum
1499 1732 1588 1785 est
1613 1725 1796 1788 solus.
1841 1747 1864 1781 ι
1892 1727 2074 1787 Lucas
2099 1723 2198 1786 hic

543 1811 753 1892 estqui
781 1809 1159 1889 Evangelium
1220 1812 1457 1892 scripsit
1486 1821 1544 1875 et
1572 1813 1716 1875 Acta
1743 1813 2143 1895 apostolorum
2175 1834 2188 1876 :

543 1918 678 1962 cum
709 1907 904 1960 autem
932 1899 1208 1961 discendi
1231 1901 1481 1980 cupidus
1507 1911 1684 1978 esset,
1709 1910 1946 1964 sanctus
1963 1912 2019 1964 et
2049 1921 2195 1964 con-
2220 1925 2259 1976 Β

542 1997 725 2062 stans,
762 2006 1062 2068 nunquam
1093 2007 1126 2048 a
1169 1988 1348 2050 Paulo
1381 1990 1798 2056 divellebatur.
1838 2014 1862 2049 (ι
1899 1992 2000 2054 Est
2039 1992 2197 2054 enim

543 2077 693 2140 mihi
723 2076 1014 2156 perutilis.
1053 2100 1076 2134 η
1113 2075 1243 2138 Non
1274 2079 1345 2139 ad
1405 2097 1620 2152 meam,
1656 2081 1869 2162 inquit.
1905 2081 2196 2162 requiem,

541 2168 646 2229 sed
667 2165 741 2227 ad
764 2163 1157 2226 ministerium
1186 2168 1618 2244 evangelicum.
1648 2168 1800 2232 Sane
1822 2170 2198 2232 Timotheum

541 2272 776 2336 quoque
806 2255 960 2315 hanc
992 2254 1067 2314 ob
1130 2273 1368 2317 causam
1417 2258 1682 2333 vocabat,
1744 2267 1810 2320 ut
1858 2267 1989 2340 post
2033 2277 2196 2320 suam

546 2352 798 2405 mortem
825 2342 1263 2404 consolaretrur
1293 2345 1524 2407 fratres.
1556 2371 1579 2402 ιι
1609 2347 1702 2408 Ad
1737 2347 2192 2411 ministerium.»

543 2431 846 2509 Evangelii
879 2430 1174 2494 videlicet.
1215 2457 1238 2488 (ι
1275 2432 1457 2494 Porro
1482 2434 1803 2515 Tychicum
1827 2437 1963 2497 misi
1999 2464 2022 2495 ιν
2052 2436 2200 2498 Vide

541 2519 943 2586 omnimodam
1009 2521 1414 2584 solitudinem.
1459 2547 1481 2580 ιι
1518 2523 1796 2586 Penulam
1844 2544 2019 2607 quam
2051 2527 2197 2588 reli-

544 2611 670 2693 qui.
711 2635 736 2665 ι
771 2608 1206 2671 Vestimentum
1260 2612 1554 2692 quoddam
1602 2614 1699 2676 hic
1753 2615 1920 2678 dicit.
1978 2616 2198 2688 Quaerit

543 2707 742 2764 autem
774 2696 942 2772 illud,
979 2717 1054 2760 ne
1081 2717 1264 2778 egens
1293 2701 1566 2781 cuiquam
1599 2703 1674 2764 sit
1706 2705 2016 2768 molestus.
2048 2707 2193 2767 Nam

540 2790 764 2870 ubique
794 2787 908 2848 hoc
940 2786 1052 2867 ipsi
1076 2807 1232 2850 cum
1253 2791 1702 2871 estplurimum.
1729 2828 1807 2838 —
1827 2793 1969 2856 Alio
1996 2795 2194 2865 modo.

542 2877 741 2941 Vestis
771 2895 959 2956 genus
983 2876 1080 2938 hic
1107 2877 1270 2940 dicit.
1299 2878 1548 2950 Quidam
1584 2899 1722 2942 vero
1746 2882 1975 2944 thecam
2008 2883 2194 2963 signi-

537 2967 709 3030 ﬁcari
735 2967 938 3026 volunt
967 2965 1026 3026 in
1053 2985 1168 3046 qua
1196 2967 1383 3029 libelli
1408 2970 1877 3050 reponebantur.
1913 2971 2054 3044 Quae
2084 2989 2199 3034 au-

541 3066 661 3120 tem
685 3054 800 3137 ipsi
835 3053 1169 3116 libellorum
1231 3065 1360 3118 erat
1416 3060 1742 3121 necessitas
1799 3060 1900 3142 qui
1933 3061 2096 3123 brevi
2130 3061 2201 3124 ad

540 3146 731 3210 Deum
764 3143 1118 3223 migraturus
1149 3145 1320 3207 erat?
1377 3146 1548 3210 Certe
1599 3157 1738 3210 tunc
1771 3150 2024 3212 maxime
2055 3171 2202 3232 opus

542 3244 694 3311 erat,
730 3241 794 3295 ut
825 3233 1232 3322 eosfidelibus
1263 3238 1731 3319 commendaret,
1768 3247 1824 3302 et
1852 3240 2069 3302 utillos
2095 3260 2201 3322 pro

541 3324 731 3414 ipsius
749 3321 1033 3414 doctrina
1060 3323 1373 3414 haberent.
1400 3325 1684 3388 Penulam
1711 3347 1850 3390 vero
1872 3321 2198 3414 quaerebat,

543 3431 621 3476 ne
651 3411 765 3474 sibi
798 3429 946 3490 opus
977 3419 1132 3472 esset
1160 3413 1232 3474 ab
1263 3414 1396 3476 aliis
1435 3418 1736 3497 accipere.
1773 3451 1846 3462 —
1885 3442 1911 3473 α
1948 3411 2202 3481 Maxime

543 3501 945 3566 membranas.
983 3519 1013 3559 xi
1046 3499 1420 3566 Membranas
1450 3505 1654 3568 Latina
1684 3507 1866 3585 magis
1898 3525 2061 3588 voce,
2094 3526 2200 3569 vo-

541 3591 773 3654 lumina
803 3589 925 3650 sive
956 3590 1190 3652 chartas
1215 3593 1504 3656 volubiles
1525 3596 1842 3676 appellavit
1869 3615 1882 3659 :
1920 3603 2196 3677 tanquam

541 3699 576 3742 a
633 3679 901 3741 Romano
957 3695 1066 3740 usu
1143 3680 1558 3744 indifferenter
1634 3684 1895 3746 dictione
1951 3684 2192 3759 abusus,

540 3775 693 3829 881
735 3785 802 3826 ex
835 3783 953 3846 qua
1007 3767 1156 3830 urbe
1199 3770 1376 3832 etiam
1428 3773 1666 3852 scripsit
1725 3771 2074 3853 Epistolam.
2131 3773 2197 3834 In

544 3855 913 3937 complicatis
936 3856 1093 3917 enim
1120 3866 1178 3919 et
1199 3859 1475 3922 involutis
1497 3862 1716 3923 chartis
1739 3861 2036 3925 habebant
2057 3861 2197 3924 olim

541 3961 674 4025 quae
704 3941 776 4003 ad
808 3944 1066 4007 divinam
1091 3949 1434 4027 spectabant
1474 3946 1839 4029 Scripturam
1873 3968 1886 4012 :
1913 3951 2199 4030 quemad-

537 4031 785 4092 modum
812 4029 991 4091 etiam
1021 4031 1094 4093 ad
1127 4037 1284 4095 hnnc
1315 4053 1500 4115 usque
1534 4037 1693 4100 diem
1727 4039 1912 4100 Judaei
1932 4029 2201 4119 plurima

543 4119 787 4182 habent.
818 4121 1078 4184 Libellos
1107 4133 1305 4186 autem
1354 4127 1501 4186 dixit
1552 4127 1856 4188 communi
1915 4128 2199 4190 vocabulo

541 4209 699 4288 quod
725 4209 787 4268 in
819 4209 934 4271 alia
963 4230 1198 4292 quoque
1228 4218 1418 4274 forma
1448 4215 1723 4276 habuerit
1744 4216 2010 4277 fortassis
2032 4217 2201 4280 libel-

543 4296 659 4357 los.
700 4317 728 4357 ‹
760 4300 1018 4362 Maxime
1047 4304 1456 4365 membranas.
1497 4329 1520 4363 ι)
1557 4303 1850 4366 Fortassis
1881 4314 2079 4367 autem
2112 4308 2204 4368 hae

543 4385 787 4447 utiliora
817 4390 1089 4468 quaedam
1117 4392 1181 4452 in
1208 4411 1274 4454 se
1303 4393 1566 4473 reposita
1593 4392 1910 4456 habebant.
1932 4396 2202 4457 Suntau-

2278 643 2529 701 ἀπελθεῖν
2589 644 2684 701 οὐκ
2743 641 2987 712 ἠδύνατο,
3060 640 3309 698 Βούλεται
3374 641 3464 699 οὗν
3550 639 3722 697 ἐλθεῖν
3801 639 3938 715 πρὸς

2279 736 2432 792 αὐτὸν
2468 735 2561 790 τὸν
2603 733 2880 809 Τιμόθεον,
2912 731 2994 788 διά
3021 753 3080 788 τε
3109 732 3192 812 τὸ,
3226 731 3388 806 μόνος
3420 731 3586 806 εἶναι,
3616 731 3705 786 καὶ
3734 727 3818 784 διὰ
3845 729 3940 808 τὸ,

2277 824 2394 879 τινὰ
2424 821 2565 899 αὒτῷ
2595 819 2939 881 ἐντείλασθαι.
2977 845 3003 877 ι
3040 820 3177 900 Πρός
3209 841 3274 896 με
3318 819 3557 899 ταχέως.
3597 842 3620 877 ο
3659 817 3729 875 Οὗ
3758 816 3931 895 λέγει,

2278 912 2368 969 Ἐν
2401 911 2513 986 ὅσῳ
2539 919 2614 984 ζῶ
2649 931 2662 946 ⁸
2697 909 2812 968 οὐδὲ
2843 912 2941 990 γὰρ
2970 909 3205 978 λυπῆσαι
3247 907 3457 977 ἤθελεν,
3526 931 3554 963 ι
3617 905 3936 985 ’Δγαπῆσας

2278 1003 2370 1056 τὸν
2424 1009 2510 1057 νῦν
2566 1003 2752 1064 αἰῶνα.
2813 1024 2841 1056 ›)
2902 1007 3004 1058 Τοῦ
3059 998 3327 1080 ἀσφαλοῦς
3382 1001 3470 1055 καὶ
3525 1008 3616 1056 τοῦ
3662 994 3938 1053 ἀκινδύνου

2279 1091 2585 1169 γενόμενος,
2643 1093 2717 1156 ὡς
2773 1089 3038 1166 ἐνόμισεν.
3108 1089 3300 1147 Εἵλετο
3358 1089 3460 1166 γὰρ
3527 1085 3729 1164 μᾶλλον
3789 1082 3941 1143 οἴκοι

2280 1186 2496 1259 τρυφᾷν,
2536 1180 2573 1249 ἢ
2629 1177 2745 1256 μετ’
2801 1179 2933 1255 ἐμοῦ
2973 1177 3448 1259 ταλαιπωρεῖσθαι.
3504 1175 3576 1234 Οὔ
3632 1185 3816 1234 τοῦτον
3877 1172 3933 1229 δὲ

2281 1267 2552 1326 διαϐαλεῖν
2621 1267 2782 1344 θέλει,
2828 1265 2948 1324 ἀλλ’
3003 1270 3146 1343 ἡμᾶς
3206 1267 3441 1346 στηρίξαι
3505 1265 3582 1342 μὴ
3639 1263 3937 1340 μαλακίζε-

2282 1362 2420 1418 σθαι.
2475 1381 2497 1414 ι
2537 1359 2788 1437 Κρήσκης
2819 1359 2890 1422 είς
2922 1355 3201 1418 Γαλατίαν.
3255 1379 3279 1415 ι
3343 1358 3496 1414 Οὗτοι
3553 1354 3745 1434 γνώμῃ
3775 1351 3940 1408 αὒτοῦ

2280 1446 2717 1524 ἀπεληλύθεισαν,
2765 1446 2844 1504 διὸ
2873 1447 2931 1503 οὐ
2974 1446 3117 1524 λέγει
3172 1448 3290 1526 περὶ
3344 1445 3517 1502 αὒτῶν
3563 1446 3650 1523 τὸ,
3696 1442 3934 1521 Ἐγκατ-

2282 1539 2483 1601 ἔλιπον.
2545 1541 2686 1604 Τέως
2717 1542 2815 1618 γὰρ
2845 1543 2873 1596 6
2927 1549 3084 1602 Τῖτος
3127 1546 3234 1596 τῶν
3276 1539 3576 1615 θαυμασίων
3625 1536 3712 1610 ἦν,
3759 1535 3935 1608 τούτῳ

2279 1631 2366 1684 καὶ
2422 1629 2719 1697 ἐπισκοπὴν
2763 1630 3123 1686 ἐπεπιστεύκει
3182 1628 3276 1696 τῆς
3336 1628 3574 1707 Κρήτης.
3628 1648 3649 1680 ι
3721 1629 3931 1686 Λουκᾶς

2281 1716 2390 1772 ἐστι
2448 1718 2607 1793 μόνος
2664 1718 2782 1794 μετ’
2854 1718 3003 1794 ἐμοῦ.
3067 1742 3094 1774 ιι
3160 1723 3360 1779 Λουκᾶς
3418 1717 3567 1781 οὗτός
3627 1715 3766 1771 ἐστιν
3817 1715 3846 1768 6
3875 1715 3937 1768 τὸ

2282 1805 2602 1884 Εὖαγγέλιον
2659 1808 2860 1888 γράφεις
2931 1810 3020 1864 καὶ
3084 1809 3179 1872 τὰς
3251 1805 3467 1886 Πράξεις
3523 1805 3631 1861 τῶν
3691 1802 3934 1860 ἀποστό-

2281 1893 2412 1955 λων.
2439 1894 2746 1972 Φιλομαθὴς
2777 1895 2855 1970 δὲ,
2887 1896 2962 1953 ὢν
3004 1899 3032 1953 6
3087 1896 3238 1977 ἅγιος
3287 1897 3374 1952 καὶ
3414 1895 3745 1974 καρτερικὸς,
3778 1889 3934 1947 ἀδια-

2285 1984 2535 2047 σπάστως
2566 1984 2754 2064 εἴχετο
2787 1992 2878 2040 σοῦ
2909 1984 3140 2048 Παύλου.
3192 2009 3220 2040 α
3297 1993 3423 2042 Εστι
3464 1984 3564 2062 γάρ
3607 2004 3697 2059 μοι
3727 1982 3937 2062 εὔχρη-

2286 2094 2431 2136 στος.
2482 2096 2510 2126 ι
2559 2076 2666 2131 Οὔκ
2708 2075 2781 2136 εἰς
2838 2075 2937 2142 τὴν
3005 2074 3140 2151 ἐμὴν
3209 2074 3528 2148 ἀνάπαυσιν,
3587 2073 3769 2152 φησὶν,
3816 2069 3937 2126 ἀλλ’

2284 2163 2354 2225 εἷς
2385 2160 2650 2219 διακονίαν
2717 2172 2810 2222 τοῦ
2868 2161 3210 2242 Εὖαγγελίου,
3288 2171 3398 2242 Αρα
3464 2162 3552 2218 καὶ
3619 2162 3713 2216 τὸν
3764 2158 3937 2234 Τιμό-

2283 2253 2400 2305 θεον
2441 2251 2626 2307 τούτου
2673 2253 2832 2332 χάριν
2899 2251 3099 2328 ἐκάλει,
3173 2251 3267 2308 ἵνα
3323 2251 3458 2307 κατὰ
3516 2250 3614 2318 τὴν
3657 2250 3816 2306 αὐτοῦ
3843 2269 3939 2304 τε-

2283 2337 2494 2396 λείωσιν
2555 2344 2924 2420 παραμυθῆται
2980 2343 3102 2406 τοὺς
3157 2339 3433 2421 ἀδελφούς.
3504 2358 3534 2399 (
3610 2339 3695 2402 Εἰς
3753 2335 3936 2393 διακο-

2285 2430 2418 2491 νῖαν.
2453 2453 2481 2485 n
2515 2429 3014 2512 ToﬁdEi’oaweMou,
3074 2431 3256 2511 φησίν.
3335 2453 3363 2485 α
3429 2429 3660 2509 Τυχικὸν
3701 2425 3757 2483 δὲ
3823 2427 3921 2483 ἀπ.

2283 2517 2512 2582 έστειλα,
2565 2542 2590 2577 u
2637 2502 2756 2600 τδρα
2783 2518 2867 2576 διὰ
2909 2502 3122 2577 πάᾷταὶν
3179 2521 3277 2587 τὴν
3333 2518 3588 2596 μόνωσιν,
3645 2541 3673 2572 ι
3705 2518 3809 2573 Τὸν
3838 2536 3931 2595 qia-

2281 2607 2444 2675 λόνην
2515 2610 2573 2666 ὃν
2641 2607 2923 2671 ἀπέλιπον,
2982 2633 3008 2664 ι
3075 2601 3304 2687 Ἰμάτιόν
3358 2631 3410 2665 τι
3489 2607 3633 2687 λέγει
3690 2606 3930 2665 ἐνταῦθα.

2280 2704 2444 2764 Ζητεῖ
2473 2695 2526 2754 δὲ
2557 2709 2732 2774 τοῦτο,
2781 2697 2918 2756 ὥστε
2977 2699 3056 2775 μὴ
3113 2699 3362 2766 δεηθῆναί
3415 2718 3581 2760 τινος.
3649 2699 3934 2774 Πανταχοῦ

2281 2789 2380 2866 γὰρ
2423 2786 2588 2853 πολὺς
2632 2791 2776 2863 αὐτῷ
2804 2788 2988 2846 τούτου
3030 2787 3213 2867 λόγος,
3245 2821 3323 2832 -
3370 2776 3618 2850 “Aan.
3671 2782 3932 2865 [ῚΩΑΝοῘ

2287 2870 2516 2952 Ἰμάτιον
2574 2877 2791 2937 intuma
2866 2876 3032 2958 λέγει.
3129 2877 3277 2943 Τινὲς
3335 2875 3390 2934 δὲ
3441 2878 3502 2935 τὸ
3557 2873 3935 2956 γλωσσόκομον

2286 2967 2403 3023 ἔνθα
2433 2969 2498 3023 τὰ
2553 2966 2728 3044 βιϐλία
2772 2967 2962 3028 ἔκειτο.
3011 2968 3070 3026 Τί
3111 2965 3165 3023 δὲ
3221 2971 3364 3042 αὐτῷ
3405 2972 3510 3022 τῶν
3561 2961 3778 3042 βιϐλίων
3836 2959 3932 3017 ἔδει

2288 3055 2533 3132 μέλλοντι
2597 3055 2900 3134 ἀποδημεῖν
2953 3060 3084 3138 πρὸς
3140 3057 3229 3114 τὸν
3290 3057 3470 3136 Θεόν,
3533 3055 3632 3113 Καὶ
3704 3051 3930 3129 μάλιστα

2288 3145 2413 3221 ἔδει,
2472 3146 2609 3203 ὥστε
2668 3146 2797 3205 αὐτὰ
2850 3160 2967 3212 τοῖς
3023 3159 3235 3212 πιστοῖς
3278 3145 3620 3225 παραθέσθαι,
3665 3143 3756 3199 καὶ
3823 3139 3931 3196 ἀντὶ

2285 3240 2382 3302 τῆς
2426 3236 2582 3293 αὐτοῦ
2634 3233 2966 3315 διδασκαλμς
3012 3234 3158 3317 ἔχειν
3216 3236 3366 3296 αὐτά.
3429 3235 3530 3292 Τὸν
3586 3231 3642 3288 δὲ
3711 3228 3930 3311 φελόνην

2285 3325 2481 3402 ἐζήτει,
2540 3325 2677 3382 ὥστε
2720 3326 2799 3402 μὴ
2861 3323 3111 3393 δεηθῆναι
3171 3322 3298 3404 παρ’
3353 3323 3543 3402 ἑτέρων
3601 3319 3808 3378 λαϐεῖν.
3855 3348 3930 3362 -·

2289 3433 2319 3473 (
2354 3413 2596 3472 Μάλιστα
2625 3415 2718 3479 τὰς
2750 3413 3079 3494 μεμϐράνας,
3144 3437 3172 3470 ι
3237 3409 3575 3495 [ΘΕΟΔΩΡ.]
3619 3405 3927 3495 Μεμϐράνᾳς

2287 3496 2749 3585 ζΡωι.ι.α·ἰκιιῖ)τιερον,
2807 3493 2904 3560 τὰν
2942 3502 3126 3572 εἱλητά
3192 3493 3469 3579 ἐκάλεσεν,
3533 3503 3606 3565 ὡς
3677 3499 3783 3556 ἀπὸ
3835 3493 3927 3560 τῆς

2281 3594 2334 3651 ἐν
2387 3587 2565 3669 Ῥώμᾳ
2606 3594 2879 3660 συνηθείας
2937 3591 3232 3674 ἀδιαφόρως
3288 3599 3358 3670 τῇ
3438 3591 3574 3657 λέξει
3647 3605 3928 3674 καταχρηο

2283 3685 2534 3764 acip-avoc,
2581 3680 2670 3761 ἀφ’
2699 3683 2768 3749 ἧς
2810 3679 2874 3750 δὴ
2903 3684 2991 3740 καὶ
3038 3671 3229 3762 ἔγραφε
3272 3681 3372 3750 τὴν
3429 3675 3783 3745 Ἐπιστολὴν.
3842 3671 3932 3727 Ἐν

2283 3773 2518 3840 εἱλητοῖς
2563 3773 2664 3852 γὰρ
2693 3771 2854 3852 εἶχον
2881 3774 2944 3828 τὸ
2972 3770 3199 3830 παλαιὸν
3241 3774 3309 3828 τὰ
3365 3775 3463 3840 τῆς
3505 3769 3644 3830 θείας
3689 3764 3933 3843 Γραφῆς,

2282 3864 2460 3942 ὥσπερ
2489 3862 2580 3920 οὖν
2606 3864 2695 3920 καὶ
2735 3861 2864 3943 ἄχρι
2920 3868 3019 3930 τῆς
3063 3861 3210 3942 δεῦρο
3267 3866 3314 3920 οἱ
3371 3859 3613 3921 Ἰουδαῖοι
3641 3858 3707 3915 τὰ
3749 3852 3940 3943 πλεῖσ-

2285 3976 2382 4010 στα
2411 3940 2623 4033 ἔχουσι.
2671 3940 2851 4009 Βιϐλία
2893 3951 2946 4008 δὲ
2973 3953 3098 4010 εἶπε
3145 3940 3284 4013 κατὰ
3339 3957 3540 4028 κοινοῦ,
3573 3951 3646 4014 ὡς
3676 3947 3753 4005 ἂν
3782 3944 3869 4000 καὶ
3895 3940 3946 3997 ἒν

2284 4043 2446 4121 ἑτέρῳ
2474 4043 2718 4122 σχήματι
2747 4044 2912 4122 τυχὸν
2943 4041 3086 4122 ἔχων
3113 4040 3312 4120 βιϐλία,
3353 4065 3373 4098 ι
3413 4039 3656 4098 Μάλιστα
3675 4038 3774 4102 τὰς
3793 4054 3937 4112 μεμ-

2283 4121 2557 4212 ϐράνας.)
2597 4121 2610 4142 ’
2634 4141 2762 4194 Ισως
2792 4121 2892 4210 γάρ
2918 4121 3070 4188 αὗται
3099 4130 3500 4212 ὠφελιμώτεραι
3529 4129 3687 4198 ἦσαν.
3709 4131 3750 4183 Γ
3751 4122 3930 4212 ελάσαι

2284 4210 2425 4286 ἄξιον
2454 4221 2558 4278 τῶν
2591 4220 2808 4277 ἐνταῦθα
2839 4222 3125 4300 εἰρηκότων
3155 4210 3384 4302 φελόνην
3421 4210 3533 4276 τὸν
3585 4210 3928 4283 Ἀπόστολον,

2285 4310 2342 4367 οὔ
2370 4309 2430 4366 τὸ
2474 4307 2665 4385 ἔνδυμα
2691 4307 2906 4389 καλεῖν,
2935 4308 3072 4366 ἀλλά
3113 4332 3163 4366 τι
3194 4307 3340 4375 εἶδος
3368 4305 3595 4387 βιϐλίου,
3627 4307 3681 4363 οἳ
3713 4303 3774 4360 οὒ
3793 4321 3927 4389 προέ

2285 4398 2482 4478 σέσχον
2509 4405 2579 4474 τῇ
2609 4387 3165 4478 ἐπογωγῇξΠεριττὸν
3219 4399 3319 4478 γὰρ
3373 4397 3440 4466 ἧν
3496 4398 3669 4453 εἰπεῖν
3697 4414 3711 4428 °
3745 4392 3846 4452 Καὶ
3869 4387 3930 4444 τὰ

543 4481 668 4536 tem
698 4475 824 4538 risu
849 4477 1012 4556 digni
1045 4483 1144 4562 qui
1174 4483 1288 4542 hoc
1338 4483 1466 4542 loco
1518 4483 1873 4563 Apostolum
1905 4483 2069 4544 aiuut
2099 4503 2197 4563 per

2287 4475 2484 4562 βιϐλία,
2518 4485 2672 4564 εἴπερ
2696 4475 2761 4554 δὴ
2781 4475 3002 4545 κάκεῖνο
3021 4486 3222 4564 βιϐλίου
3235 4475 3391 4552 ε’ίδος
3401 4486 3489 4562 ἦν,
3512 4482 3799 4560 δυνάμενον
3818 4487 3928 4536 τοῖς

536 4564 817 4644 penulam
849 4550 969 4628 no'n
1003 4550 1227 4631 vestem
1251 4550 1644 4649 significasse,
1673 4571 1777 4631 sed
1799 4590 1990 4651 genus
2022 4550 2197 4634 libet;

2287 4550 2498 4639 λοιποῖς
2547 4550 3014 4651 συσσημαίνεσθαι.

531 4651 598 4744 li,
629 4654 730 4734 qui
761 4655 977 4718 litterae
1003 4661 1222 4721 seriem
1254 4680 1374 4721 non
1405 4663 1809 4724 adverterunt.
1861 4660 2236 4741 Superﬂuum
2290 4665 2450 4726 enim
2507 4662 2716 4726 fuisset
2747 4664 2950 4729 dicere
2983 4687 2998 4726 :
3053 4664 3125 4728 Et
3164 4664 3426 4744 libellos,
3461 4664 3515 4728 si
3563 4661 3744 4726 etiam
3789 4651 3928 4719 illud

527 4741 738 4834 fuisset
767 4744 954 4808 libelli
989 4767 1202 4830 genus,
1237 4769 1372 4811 cum
1407 4750 1695 4829 potuisset
1727 4769 1840 4811 una
1867 4770 2004 4811 cum
2035 4751 2165 4814 aliis
2197 4751 2540 4834 signiﬁcari.

604 4831 706 4909 IV,
741 4837 944 4900 14-18.
960 4838 1307 4902 Alexander
1325 4841 1500 4920 faber
1520 4841 1782 4901 aerarius
1795 4839 2004 4902 multis
2021 4841 2199 4905 malis

529 4938 626 4984 me
649 4923 876 5002 affecit:
909 4929 1127 4990 reddat
1150 4930 1244 4992 illi
1263 4931 1563 4992 Dominus
1571 4930 1755 5009 juxta
1777 4930 1947 5008 facta
1978 4933 2193 5010 ipsius:

523 5027 703 5090 quem
733 5022 790 5075 et
811 5022 876 5076 tu
897 5034 1046 5079 cave
1077 5019 1489 5081 :vehementer
1526 5023 1690 5080 enim
1725 5022 1951 5082 restitit
1976 5022 2199 5083 nostris

523 5102 1230 5184 sermonibuanprima
1244 5127 1376 5170 mea
1392 5109 1740 5187 defensione
1749 5109 2078 5171 nemomihi
2095 5111 2200 5171 ad-

525 5187 670 5284 fuit,
695 5192 800 5284 sed
819 5211 1023 5256 omnes
1042 5214 1133 5257 me
1157 5199 1572 5261 deseruerunt:
1591 5216 1668 5259 ne
1685 5200 1814 5260 illis
1833 5205 2195 5284 imputetur,

2369 4867 2396 4899 α
2459 4842 2794 4924 Ἀλέξανδρος
2870 4847 2898 4902 6
2969 4844 3204 4926 χαλκεὺς
3262 4844 3437 4904 πολλά
3501 4867 3595 4922 μοι
3651 4839 3791 4899 κακὰ
3814 4834 3928 4926 div-

2281 4931 2508 4999 εδείξατο
2563 4923 2800 5012 (ἀποδῴη
2885 4923 3029 5010 αὖτῷ
3101 4939 3130 4992 6
3205 4936 3390 5016 Κύριος
3475 4933 3612 4990 κατὰ
3689 4931 3757 4986 τὰ

2281 5022 2486 5103 αὐτοῦ),
2571 5009 2628 5081 ὃν
2712 5025 2800 5080 καὶ
2883 5026 2945 5083 σὺ
3027 5009 3313 5107 φυλάσσου.
3429 5023 3558 5080 Δίαν
3643 5023 3741 5107 γξιρ
3822 5009 3908 5065 ἀνθ

2282 5114 2472 5179 έστηκε
2527 5125 2644 5179 τοῖς
2715 5113 2996 5194 ἡμετέροις
3042 5103 3272 5195 λόγοις.
3334 5113 3424 5171 Ἐν
3469 5117 3534 5182 τῇ
3580 5103 3777 5195 πρώτη
3832 5115 3926 5195 ἔξω

2282 5199 2565 5279 ἀπολογίᾳ,
2647 5186 2810 5266 οὐδείς
2880 5186 2970 5280 μοι
3053 5186 3501 5282 συμπαρεγένετο,
3568 5192 3708 5250 ἀλλὰ
3769 5186 3924 5282 ,πάνξ

530 5276 830 5340 Dominus
849 5291 1050 5344 autem
1073 5289 1226 5349 mihi
1245 5287 1469 5366 adfuit,
1493 5295 1552 5348 et
1568 5269 1983 5350 corroborauit
2006 5269 2197 5368 τηεμιὶ

2284 5311 2363 5354 τες
2421 5269 2489 5366 με
2524 5269 2928 5370 ⁷’ἐγκατέλιπον
3004 5294 3092 5361 Μὴ
3119 5269 3130 5280 ’
3176 5269 3356 5352 αὐτοῖς
3411 5269 3704 5365 λογισθείη.
3769 5269 3927 5370 ιΟΔδέ

520 5381 632 5444 per
652 5385 749 5428 me
783 5372 1147 5448 praedicatio
1190 5382 1560 5456 capieretur,
1586 5385 1645 5438 et
1677 5379 1964 5440 audirent
1995 5394 2196 5439 omnes

527 5466 820 5533 gentes:el
835 5469 1076 5540 ereptus
1098 5463 1191 5526 fui
1204 5483 1280 5526 ex
1297 5482 1399 5525 ore
1412 5465 1622 5544 leonis,
1643 5474 1700 5529 et
1713 5469 1929 5547 eripiet
1950 5484 2047 5528 me
2070 5467 2194 5529 Do—

528 5548 1154 5628 minusubomni/aeto
1175 5556 1418 5627 muto,et
1434 5558 1702 5618 servabit
1729 5558 1807 5617 ad
1824 5575 2075 5638 regnum
2095 5575 2200 5618 su-

512 5656 612 5700 um
625 5648 1049 5706 ceter/iumxui
1058 5649 1259 5726 gtoriu
1282 5648 1345 5706 in
1359 5648 1582 5709 secuta
1603 5653 1957 5713 saeculo-rum
1988 5653 2196 5712 Amen.

2282 5361 2468 5457 Κύριός
2553 5361 2643 5457 μοι
2726 5381 2988 5462 παρέστη,
3073 5383 3160 5439 καὶ
3243 5361 3604 5452 ἐνεδυναμωσέ
3687 5391 3778 5462 με,
3843 5361 3928 5462 ilva

2283 5452 2369 5522 δι”
2425 5452 2565 5545 ἐμοῦ.
2627 5472 2688 5526 τὸ
2761 5452 3012 5550 κηρυγμά
3094 5468 3500 5550 πληροφορηθῇ,
3591 5463 3679 5518 ἰαὶ
3704 5549 3710 5550 7
3738 5452 3928 5550 ᾇκοῦσῖι

2284 5557 2453 5613 πάντα
2502 5582 2566 5616 τα
2597 5560 2738 5627 ἔθνη.
2807 5564 2902 5619 Καὶ
2955 5561 3198 5638 ἐῤῥύσθην
3257 5559 3319 5614 ἐκ
3379 5555 3644 5630 στόματος
3701 5547 3925 5604 λέοντ⁰ς’

2289 5651 2382 5706 Καὶ
2431 5650 2637 5726 ῥύσεταί
2679 5674 2745 5726 με
2803 5655 2830 5708 6
2893 5653 3076 5730 Κύριος
3131 5650 3236 5705 ἀπὸ
3298 5646 3494 5706 παντὸς
3552 5640 3704 5721 ἔργου
3761 5650 3928 5691 πονη-

528 5737 640 5812 ροῦ,
691 5732 779 5786 καὶ
811 5734 969 5793 σώσει
1017 5740 1090 5800 εἷς
1129 5738 1226 5804 τὴν
1272 5735 1540 5813 βασιλείαν
1587 5745 1740 5798 αὒτού
1773 5743 1868 5808 τὴν
1894 5742 2127 5800 αἰώνιον.
2169 5737 2223 5819 ᾮ
2252 5743 2284 5806 ἡ
2317 5735 2516 5803 δόξαεὶς
2537 5744 2656 5807 τοὺς
2690 5744 2882 5809 αἰῶνας
2914 5750 3020 5798 τῶν
3051 5739 3280 5797 αἰώνων.
3329 5734 3526 5809 ’Λμῆν.
3581 5753 3607 5788 υ
