4132 6418
264 434 384 501 237

1264 452 1662 518 COMMENT.
1708 453 1792 519 IN
1835 449 2081 516 EPIST.
2130 451 2189 514 II
2231 449 2331 514 AD
2375 451 2697 514 TIMOTH.
3554 450 3674 518 238

348 573 740 640 ’Λποδείκνυσιν
773 585 914 660 αύτῷ
961 587 1049 643 καὶ
1105 588 1200 654 τὰς
1246 588 1351 646 ὰπὸ
1406 612 1512 646 των
1555 589 1781 647 εὐτελῶν
1804 588 1918 646 θλίο

2030 582 2274 648 )stendit
2333 582 2389 643 ei
2444 580 2698 642 viriliter
2764 580 3041 642 ferendas
3111 599 3244 645 esse
3321 583 3675 648 amictiones

271 671 415 758 ψεις,
473 671 729 758 γενναίως
785 673 982 753 φέρειν,
1031 678 1103 735 Τὸ
1163 679 1264 758 γὰρ
1317 677 1609 736 ἀδικεῖσθαι
1665 678 1924 758 λυπηρὸν,

2030 693 2144 756 ιιιεθ
2183 673 2362 735 etiam
2391 669 2464 732 ab
2495 669 2746 750 abjectis
2778 669 3137 733 inferuntur.
3166 671 3483 735 Molestum
3509 675 3672 737 enim

273 754 502 831 μάλιστα
545 756 599 814 δὲ
657 761 800 840 παρὰ
850 769 957 819 τῶν
1030 754 1278 826 εὐτελῶν.
1333 790 1355 823 (ι
1407 765 1658 842 Ἀποδῴη
1701 754 1843 842 αύτῷ
1900 769 1928 823 ὁ

2030 754 2103 825 ἑει
2130 760 2349 844 injuria
2369 759 2547 836 afﬁci,
2573 759 2646 821 ab
2671 759 2746 820 iis
2790 759 3121 840 praesertim
3158 760 3259 842 qui
3299 761 3445 824 viles
3475 771 3533 824 et
3560 762 3673 826 ab-

277 843 520 937 liﬁppq.
556 870 582 901 ι
645 851 754 907 Οὐκ
813 849 998 921 ἐπειδὴ
1067 856 1272 920 Παῦλος
1332 854 1516 937 ἔχαιρε
1559 862 1628 933 τῇ
1676 856 1924 934 τιμωρίᾳ,

2037 852 2152 914 ecti
2185 843 2341 914 Sunt.
2404 875 2431 906 α
2465 849 2704 912 Reddat
2759 849 2847 912 illi
2904 849 3286 912 Dominus.»
3337 849 3465 913 Non
3515 855 3672 934 quod

273 929 413 988 ἀλλὰ
455 931 540 1023 διὰ
594 937 718 1001 τοὺς
774 937 1169 1023 ἆσθενέστέρους
1238 944 1293 1000 ἐν
1363 929 1484 1010 τοῖς
1553 929 1768 1010 πιστοῖς
1820 929 1928 1001 ἔδει

2030 941 2226 1003 Paulus
2253 940 2536 1019 gauderet
2559 939 2808 1014 ultione,
2839 938 2943 1000 sed
2973 947 3220 1020 propter
3252 929 3679 1005 imbecilliores

270 1023 397 1086 τοὺς
453 1021 586 1102 ὂῖγαν
643 1025 1073 1106 ἐναντιουμένους
1138 1034 1370 1114 πάσχειν
1431 1041 1634 1110 κακῶς,
1703 1035 1797 1090 τίνα
1853 1035 1929 1110 μὴ

271 1109 562 1188 ἀδυναμίαν
633 1126 937 1203 κατοξχνῶσι
1005 1129 1099 1179 τοῦ
1153 1125 1518 1203 κηρύγματος.
1585 1147 1609 1178 ι
1677 1126 1824 1183 Κατὰ
1865 1125 1929 1180 τὰ

271 1199 420 1299 ἔργα.
444 1205 622 1299 αύτοῦ,
660 1229 690 1299 2
868 1207 949 1266 ὅτι
993 1189 1275 1291 πρόῤῥησίς
1303 1189 1416 1270 ἐστι
1445 1221 1551 1271 τῶν
1597 1212 1925 1290 μελλόντων,

272 1291 369 1380 οὒκ
397 1289 520 1369 ἆρα.
578 1317 606 1348 α
665 1289 760 1353 "Ov
801 1299 889 1354 καὶ
931 1300 992 1355 σὺ
1039 1289 1329 1380 φυλάσσου,
1367 1326 1394 1358 3
1455 1307 1563 1361 Οὐκ
1602 1289 1768 1376 εἶπε,
1828 1312 1916 1360 Tt-

271 1378 546 1468 μῷρησαι,
578 1382 807 1443 κόλασον
866 1389 970 1462 (καὶ
1018 1378 1118 1468 γὰρ
1178 1389 1299 1458 ἐξῆν
1338 1400 1491 1450 τοῦτο
1533 1405 1712 1448 ποιεῖν
1755 1401 1924 1467 Τιμο-

428 1465 539 1559 διὰΔ
585 1479 678 1528 τοῦ
755 1465 1104 1558 πνεύματος),
1178 1478 1336 1559 ἀλλὰ,
1409 1479 1706 1539 Φυλάσσου.
1775 1465 1927 1559 Ὁρᾷς

2012 1030 2115 1112 qui
2143 1029 2300 1092 inter
2331 1028 2540 1090 ﬁdeles
2569 1036 2762 1108 erant,
2797 1027 3109 1108 oportebat
3138 1046 3242 1090 eos
3271 1031 3368 1110 qui
3397 1029 3562 1092 valde
3584 1049 3680 1094 re-

2014 1119 2354 1198 pugnabant
2388 1118 2540 1178 mala
2565 1115 2703 1196 pati,
2740 1134 2816 1178 ne
2842 1115 3312 1178 imbecillitatem
3332 1129 3679 1182 accusarent

2017 1205 2480 1286 praedicationis.
2523 1227 2546 1262 (ι
2597 1203 2773 1267 Juxta
2830 1204 2987 1266 facta
3042 1203 3250 1284 ipsius.
3290 1229 3317 1261 η
3351 1205 3470 1268 Aut
3519 1208 3675 1288 quod

2017 1313 2222 1357 eorum
2257 1313 2390 1375 quae
2417 1294 2614 1355 futura
2644 1301 2814 1355 erant
2845 1293 3188 1356 vaticinium
3249 1293 3346 1368 sit,
3395 1313 3513 1357 non
3559 1297 3678 1358 im-

2013 1383 2296 1462 precatio.
2333 1404 2361 1442 ‹
2385 1382 2573 1456 Quem
2599 1391 2656 1443 et
2679 1389 2740 1443 tu
2775 1401 2936 1443 cave.
2969 1407 2996 1439 ι
3021 1381 3152 1443 Non
3171 1382 3326 1446 dixit
3354 1382 3676 1461 Ulciscere,

2012 1471 2218 1552 punito
2253 1471 2573 1551 (siquidem
2605 1471 2721 1532 hoc
2752 1469 2951 1533 facere
3002 1471 3292 1552 potuisset
3334 1471 3683 1536 Timotheus

275 1554 359 1613 ὅτι
390 1559 484 1614 οὒκ
525 1557 792 1643 ἐπιτρέχει
821 1565 888 1632 τῆ
916 1554 1143 1646 τιμωρίᾳ
1175 1583 1192 1641 ;
1237 1554 1333 1626 Τὸ,
1366 1568 1442 1643 δὲ,
1475 1569 1775 1640 Φυλάσσου,
1809 1554 1929 1626 οἷον

2030 1577 2122 1638 φοι·
2145 1559 2459 1639 Spiritum)
2487 1559 2620 1640 sed,
2645 1557 2817 1622 Cave.
2845 1559 3107 1624 Videsne
3123 1561 3281 1641 quod
3305 1561 3379 1624 ad
3393 1562 3680 1624 ultionem

278 1658 561 1726 παραιτοῦ.
603 1673 627 1707 ι
675 1661 803 1717 Τοῖς
846 1655 1126 1736 ἡμετέροις
1167 1655 1371 1736 λόγοις,
1423 1679 1447 1716 ι
1512 1669 1640 1722 Τοῖς
1698 1665 1791 1715 τοῦ
1819 1681 1929 1724 κη-

2030 1667 2138 1710 non
2164 1647 2480 1711 accurrat?
2503 1652 2654 1710 Cave
2681 1667 2695 1712 :
2730 1663 3026 1712 aversare.
3059 1669 3086 1709 ‹
3120 1649 3354 1712 Nostris
3381 1651 3683 1713 sermoni-

278 1737 545 1816 ρύγματος
573 1736 801 1812 δηλαδή,
853 1767 881 1798 α
913 1743 1003 1802 Ἐν
1056 1752 1126 1817 τῇ
1168 1748 1356 1825 πρώτῃ
1411 1770 1512 1825 μου
1569 1747 1850 1826 ἀπολογίᾳ.
1902 1771 1929 1801 ι

2030 1740 2166 1803 bus:
2191 1761 2222 1802 3
2257 1740 2533 1804 videlicet
2562 1741 2663 1821 qui
2689 1741 3130 1821 praedicationis
3163 1749 3362 1805 sunt.«
3395 1742 3460 1804 In
3493 1743 3685 1824 prima

281 1826 526 1918 ῌαρέστη
585 1827 688 1898 ἤδη
744 1836 822 1908 τῷ
874 1833 1072 1914 Νέρωνι
1134 1839 1221 1893 καὶ
1277 1834 1538 1918 διέφυγεν.
1600 1835 1751 1894 Ἀλλ’
1807 1836 1935 1894 ὅταν

2030 1845 2154 1890 mea
2181 1828 2551 1918 defensione.
2574 1853 2616 1918 ,ι
2657 1829 2967 1891 Exhibitus
2991 1831 3115 1910 jam
3147 1829 3340 1891 fuerat
3381 1829 3605 1894 Neroni
3629 1840 3688 1893 et

278 1915 374 2004 τὸν
415 1919 664 1998 οἰνοχόον
708 1921 865 1978 αὐτοῦ
908 1927 1218 2004 κατήχησε,
1287 1915 1407 1983 τότε
1439 1915 1594 1984 αύτὸν
1625 1926 1933 2002 ἀποτέμνει.

2030 1925 2288 1980 evaserat
2321 1935 2336 1980 ε
2391 1917 2497 1978 sed
2530 1917 2628 1978 ubi
2667 1917 3077 1998 pocillatorem
3111 1919 3240 1998 ejus
3267 1919 3340 1980 ad
3373 1920 3550 1982 [idem
3583 1921 3683 1980 in-

281 2003 413 2061 Οόδὶ
610 2008 748 2066 οὕτω
784 2013 914 2090 πρὸς
969 2003 1292 2072 τὰνίεῗδωλα
1332 2015 1494 2088 ζῆλον
1547 2017 1706 2096 εῖχεν
1751 2018 1778 2072 ὁ
1837 2015 1939 2074 Νέ-

2030 2007 2257 2078 struxit,
2294 2016 2433 2067 tunc
2464 2006 2663 2096 ipsum
2696 2007 2888 2088 capite
2941 2007 3252 2096 truneavit.
3287 2010 3496 2088 Neque
3525 2008 3686 2070 enim

284 2115 416 2174 ρων,
469 2094 632 2161 οὕτως
688 2097 753 2166 ἧν
824 2100 1057 2170 ἐξίτηλος
1117 2102 1172 2160 ἐν
1213 2111 1396 2169 πᾶσιν,
1452 2129 1479 2161 ι
1543 2094 1710 2162 Ἀλλὰ
1749 2105 1942 2168 πάντες

287 2203 361 2258 με
406 2181 770 2276 ἐγκατέλιπον.
824 2213 849 2247 ο
900 2194 960 2248 Οἱ
1023 2191 1295 2276 Ἰουδαῖοι,
1353 2197 1534 2276 φησὶν,
1594 2198 1642 2253 οἱ
1707 2192 1940 2274 ἀδελφοί.

293 2295 321 2329 ι
374 2274 463 2362 Μὴ
522 2279 701 2343 αὐτοῖς
755 2277 1047 2358 λογισθείη,
1105 2305 1132 2336 ιι
1200 2271 1541 2362 Ὀρᾷςταῦτὸν
1584 2285 1662 2360 μὴ
1694 2271 1857 2360 μόνολ
1884 2284 1945 2340 οὐ

286 2361 614 2453 βουλόμενον
669 2373 1039 2451 τιμωρεῖσθαι,
1113 2361 1270 2427 ἀλλα
1305 2373 1392 2428 καὶ
1453 2373 1797 2453 συγχώρησιν
1851 2375 1942 2429 εὖ-

289 2451 576 2535 χόμενονς
639 2457 820 2513 Καίτοι
877 2455 1019 2515 δεινὰ
1091 2458 1389 2523 ἐπεπόνθει.
1447 2451 1666 2541 Ούν-γὰρ
1709 2461 1828 2517 ἴσον
1882 2462 1944 2517 τὸ

289 2541 385 2598 ἀπ’
458 2541 751 2626 ἀλλοτρίων
807 2545 1157 2626 προδίδοσθαι,
1234 2548 1358 2605 ὅσον
1422 2552 1482 2607 τὸ
1537 2551 1644 2607 ἀπὸ
1693 2557 1800 2608 τῶν
1860 2551 1943 2606 οἷ-

291 2630 474 2692 κείων.
515 2655 538 2688 ι
579 2624 636 2690 Ὀ
671 2631 727 2690 δὲ
781 2624 966 2715 Κύριός
1028 2659 1119 2712 μοι
1174 2637 1436 2718 παρέστη.
1498 2662 1522 2698 ι)
1572 2642 1674 2697 Τὸν
1717 2640 1817 2718 γὰρ
1846 2639 1946 2695 ὕπὸ

289 2719 581 2801 ἀνθρώπων
643 2723 1236 2802 ἐγκαταλιμπανόμενον
1292 2730 1321 2785 ὁ
1378 2729 1565 2808 Κύριος
1621 2730 1714 2786 οὐκ
1783 2727 1947 2808 ἀφίη-

290 2831 399 2872 σιν.
463 2810 860 2888 Ἐνεδυνάμωσέ
933 2835 1022 2890 με,
1099 2817 1276 2896 φησί’
1335 2817 1594 2894 τουτέστι,
1651 2816 1944 2896 παῤῥησίαν

287 2899 600 2980 ἐχαρίσατο,
673 2903 763 2958 καὶ
828 2902 922 2960 οὒκ
976 2903 1142 2970 ὰςῆκε
1202 2920 1550 2963 καταπεσεῖν.
1615 2897 1766 2985 Ὀρᾷς
1807 2927 1944 2985 προ-

284 2990 462 3068 τροπή
503 2992 635 3069 πρὸς
689 2992 783 3048 τὸν
836 2992 1105 3070 μαθητὴν,
1166 2993 1254 3050 καὶ
1301 2993 1460 3052 πάλιν
1521 2995 1701 3074 ἑτέραν
1768 3016 1947 3071 παρα-

284 3081 473 3155 μυθίαν
510 3100 527 3161 ;
567 3104 595 3136 α
651 3091 736 3140 [va
761 3078 828 3139 δι’
879 3080 1009 3158 ἐμοῦ
1051 3084 1111 3138 τὸ
1167 3084 1438 3162 κήρυγμα.
1474 3108 1502 3141 3
1570 3074 1722 3164 υΟρα
1753 3105 1944 3140 ταπει-

666 3171 772 3265 ⁸(ξύ
827 3172 927 3265 ¹γὰρ
974 3174 1066 3265 Δὡς
1143 3170 1288 3265 ἄξιος
1356 3172 1654 3265 ἐπικουρίας
1712 3171 1945 3265 ἐϐοηθή-
1963 3215 2004 3265 C

284 3263 411 3336 θην,
471 3259 605 3318 ἀλλὰ
661 3258 746 3318 διὰ
800 3261 861 3318 τὸ
915 3262 1190 3340 κηρυγμα,
1253 3261 1348 3320 ’ίνα
1403 3261 1664 3343 πληρωθῇ
1718 3265 1807 3320 καὶ
1869 3263 1942 3328 είς

2025 2113 2300 2174 magnum
2325 2113 2466 2172 erga
2483 2095 2643 2157 idola
2665 2096 2857 2158 zelum
2881 2096 3136 2158 habebat
3157 2095 3338 2173 Nero,
3383 2099 3534 2160 adeo
3557 2106 3684 2159 erat

2024 2183 2268 2264 ignavus
2296 2184 2358 2246 in
2388 2183 2691 2246 omnibus.
2727 2209 2754 2241 α
2790 2184 2907 2247 Sed
2969 2203 3180 2247 omnes
3235 2204 3332 2247 me
3389 2185 3679 2248 deserue-

2025 2281 2190 2336 rnnt.
2228 2273 2466 2334 oJudaei
2516 2273 2732 2354 inquit,
2779 2272 3012 2337 fratres.
3060 2274 3198 2334 28.:
3227 2296 3248 2330 ι
3283 2272 3370 2336 Ne
3400 2273 3521 2337 illis
3570 2274 3685 2334 im—

2029 2369 2286 2442 putetur.
2328 2386 2349 2420 »
2390 2360 2575 2424 Vides
2603 2362 2770 2423 illum
2803 2381 2919 2424 non
2951 2364 3143 2424 solum
3194 2362 3516 2425 vindictam
3569 2381 3688 2424 non

2029 2460 2351 2532 petentem,
2385 2453 2495 2514 sed
2527 2452 2702 2514 etiam
2725 2452 2959 2514 veniam
2987 2456 3365 2534 precantem?
3385 2454 3566 2535 Atqui
3585 2453 3683 2514 in-

2029 2540 2206 2621 digna
2237 2559 2442 2622 passus
2471 2541 2687 2605 fuerat.
2737 2541 2945 2623 Neque
2999 2543 3158 2604 enim
3195 2561 3362 2624 aeque
3405 2543 3689 2604 miserum

2031 2640 2121 2693 est
2150 2631 2323 2712 prodi
2353 2630 2426 2692 ab
2457 2630 2671 2692 alienis
2702 2631 2855 2692 sicut
2905 2649 2936 2692 a
2971 2631 3321 2695 domesticis
3351 2640 3409 2694 et
3435 2631 3692 2693 familia-

2029 2718 2218 2782 ribus.
2256 2744 2278 2776 ι
2316 2718 2603 2781 Dominus
2655 2728 2855 2782 autem
2907 2721 3055 2782 mihi
3109 2721 3316 2784 adfuit.
3349 2741 3380 2781 3
3412 2719 3565 2783 Eum
3595 2720 3698 2801 qui

2031 2808 2106 2870 ab
2135 2808 2481 2870 hominibus
2510 2809 2836 2872 derelictus
2867 2815 2979 2890 est,
3010 2809 3300 2873 Dominus
3350 2828 3470 2871 non
3499 2809 3691 2872 relin-

2031 2897 2178 2978 quit.
2207 2898 2724 2974 Conﬁrmavitme,
2749 2898 2969 2978 inquit;
3012 2899 3128 2962 hoc
3177 2907 3288 2980 est,
3342 2898 3584 2962 dicendi
3618 2899 3692 2960 li-

2028 2985 2261 3050 bertate
2314 2987 2578 3065 donavit,
2640 3006 2752 3050 nec
2831 2988 3102 3069 permisit
3151 2987 3454 3051 excidere.
3507 2985 3692 3050 Vides

2029 3077 2501 3139 exhortationem
2553 3077 2626 3139 ad
2689 3077 3077 3158 discipulum,
3121 3094 3486 3158 rursumque
3512 3076 3692 3138 aliam

2029 3164 2547 3230 consolationem?
2584 3190 2611 3222 α
2647 3165 2722 3230 Ut
2751 3185 2861 3247 per
2893 3184 2989 3228 me
3023 3165 3388 3248 praedicatio.
3413 3190 3441 3222 3
3477 3165 3691 3228 Consi-

2027 3254 2171 3318 dera
2201 3255 2384 3316 animi
2417 3254 2796 3319 modestiam.
2829 3254 2958 3320 Non
3015 3255 3172 3337 quod
3223 3254 3449 3318 auxilio
3477 3253 3694 3335 dignus

284 3347 456 3431 πέρας
485 3349 633 3428 ἔλθῃ.
673 3373 696 3406 ο
735 3350 834 3408 Καὶ
888 3349 1113 3427 ἀκούσῃ,
1178 3351 1332 3431 φησὶ,
1394 3353 1568 3410 πάντα
1609 3353 1675 3408 τὰ
1733 3350 1879 3419 ἔθνη.
1913 3374 1937 3408 3

2030 3362 2247 3420 essem,
2272 3345 2484 3426 inquit,
2510 3345 2753 3425 adjutus
2803 3363 2957 3420 sum,
2992 3346 3098 3407 sed
3125 3351 3370 3426 propter
3399 3343 3692 3426 praedica-

289 3427 422 3495 υ[νει
456 3427 609 3513 πᾶσι,
672 3439 826 3517 φησὶ,
885 3427 1203 3505 κατάδηλος-
1238 3438 1459 3518 γένηται
1507 3441 1596 3497 καὶ
1651 3448 1744 3498 τοῦ
1771 3440 1939 3519 κηρύ-

2030 3434 2276 3510 tionem,
2311 3443 2376 3496 ut
2399 3434 2748 3515 expleretur
2775 3443 2834 3496 et
2866 3433 2940 3496 ad
2973 3437 3296 3496 terminum
3329 3433 3691 3515 perveniret.

285 3547 498 3606 γματος
527 3529 564 3597 ἡ
593 3524 837 3608 δύναμις,
867 3528 954 3584 καὶ
1004 3531 1106 3595 τῆς
1160 3529 1278 3607 περὶ
1334 3528 1429 3606 ἐμὲ
1479 3531 1727 3608 προνοίας
1768 3531 1803 3597 ἡ
1847 3552 1939 3596 κη-

2034 3544 2058 3582 α
2093 3523 2164 3586 Et
2193 3523 2468 3586 audirent
2501 3542 2710 3587 omnes
2741 3532 2972 3603 gentes.
3008 3548 3037 3580 ο
3071 3521 3146 3586 Ut
3174 3523 3456 3586 omnibus
3487 3522 3686 3585 mani-

283 3615 528 3693 δεμονία.
567 3640 595 3673 ι
625 3616 723 3674 Ἐκ
765 3616 1032 3694 στόματσς
1090 3614 1327 3682 λέοντος.
1372 3637 1405 3679 ι
1461 3621 1682 3700 Λέοντα,
1715 3620 1808 3676 τὸν
1837 3617 1939 3678 Νέ-

2030 3614 2174 3677 festa
2203 3615 2373 3675 ﬁeret
2423 3613 2863 3694 praedicationis
2914 3615 3178 3694 potentia
3231 3620 3290 3677 et
3346 3611 3697 3690 gubernatio

281 3729 431 3787 ρωνα
473 3705 640 3785 λέγει,
686 3704 771 3763 διὰ
798 3707 860 3764 τὸ
888 3705 1036 3782 ὠμὸν
1089 3707 1180 3763 καὶ
1221 3705 1495 3788 θηριῶδες.
1548 3732 1576 3764 α
1630 3709 1728 3768 Καὶ
1783 3709 1939 3786 ῥύσε-

2030 3703 2414 3784 providentiae
2443 3703 2602 3764 circa
2649 3722 2746 3765 me
2803 3702 3037 3765 habitae.
3080 3724 3105 3760 ι
3144 3703 3230 3764 Ex
3277 3719 3382 3764 ore
3409 3701 3630 3764 leonis.
3658 3721 3690 3762 3

275 3798 373 3854 ταί
411 3819 481 3873 με
547 3799 577 3854 ὁ
635 3797 846 3876 Κύριος.
913 3817 936 3852 ι
1008 3797 1066 3853 Εἰ
1107 3795 1340 3874 ῥύσεται,
1386 3803 1502 3863 πῶς
1557 3819 1741 3877 φησιν,
1801 3795 1939 3874 Ἐγὼ

2030 3794 2288 3855 Leonem
2321 3791 2464 3852 dicit
2484 3789 2784 3854 Neronem
2816 3793 2894 3853 ob
2927 3789 3341 3852 crudelitatem
3369 3808 3440 3852 ac
3470 3789 3685 3851 ferita-

274 3885 386 3955 ἤδη
415 3884 757 3967 σπένδομαις
803 3882 953 3942 Ἀλλ’
988 3882 1106 3961 ὅρα.
1141 3885 1270 3943 Τότε
1327 3886 1426 3962 μὲν
1468 3885 1528 3942 ἐκ
1569 3891 1664 3945 τοῦ
1706 3885 1939 3966 Νέρωνος

2030 3889 2174 3943 tem.
2209 3905 2236 3937 α
2271 3882 2346 3943 Et
2385 3880 2602 3962 eripiet
2631 3899 2726 3942 me
2763 3879 3116 3942 Dominus.»
3143 3880 3208 3941 Si
3233 3886 3558 3959 erupturus
3583 3885 3696 3958 est,

280 3976 561 4056 ὲρρύσατο,
622 3985 710 4035 νῦν
768 3973 821 4030 δὲ
879 3977 977 4032 οὐκ
1045 3971 1122 4030 ἔτι
1187 3974 1250 4030 ἐκ
1330 3984 1424 4034 τοῦ
1509 3973 1775 4054 Νέρωνος,
1860 3975 1939 4052 (τὲ

2031 3970 2330 4050 quomodo
2360 3969 2441 4030 ait
2471 3969 2627 4048 :Ego
2649 3970 2770 4048 jam
2821 3967 3090 4030 dclibor?
3110 3967 3229 4029 Sed
3258 3967 3690 4029 animadverte.

279 4068 470 4124 ἱκανὸν
494 4067 597 4146 γὰρ
623 4068 704 4140 τῷ
731 4061 1037 4143 Εὖαγγελίῳ
1092 4062 1384 4146 ἐγεγόνει,)
1435 4063 1553 4122 ἀλλ’
1627 4064 1734 4122 ἀπὸ
1805 4087 1939 4121 παν-

2031 4057 2200 4120 Tunc
2228 4059 2469 4139 quidem
2502 4077 2534 4120 a
2564 4057 2802 4120 Nerone
2851 4057 2962 4118 fuit
3013 4057 3329 4132 liberatus,
3362 4073 3524 4146 n_unc
3552 4073 3693 4146 vero

281 4157 382 4219 τὸς
437 4144 849 4235 ἁμαρτήματος,
903 4151 1197 4228 τουτέστιν,
1254 4144 1350 4209 οὐκ
1407 4154 1602 4234 ἀφήσει
1665 4175 1939 4232 καταγνω-

2030 4151 2149 4229 jam
2183 4167 2302 4209 non
2332 4167 2366 4209 a
2395 4146 2632 4210 Nerone
2681 4147 3029 4210 liberandus
3057 4155 3185 4210 erat
3213 4164 3348 4235 cum
3378 4144 3695 4225 Evangelio

285 4244 479 4302 σθέντα
525 4234 582 4302 ἕν
623 4264 728 4299 τινι
785 4239 1058 4300 ἀπελθεῖν.
1125 4264 1146 4298 ε
1202 4242 1302 4299 Καὶ
1345 4241 1506 4299 σώσει
1563 4243 1636 4307 είς
1676 4243 1773 4310 τὴν
1843 4243 1939 4319 βα-

2031 4236 2392 4299 satisfactum
2417 4245 2598 4310 esset,
2624 4237 2730 4298 sed
2747 4236 2819 4298 ab
2843 4237 3006 4298 omni
3028 4244 3295 4318 peccato,
3316 4234 3431 4296 hoc
3453 4243 3693 4310 est,non

293 4331 495 4390 σιλείαν
537 4334 692 4390 αὐτοῦ
748 4330 850 4398 τὴν
901 4330 1132 4394 αἰώνιον.
1184 4352 1212 4385 3
1275 4328 1588 4410 Ἐξαρπάσει
1635 4351 1725 4408 με,
1757 4332 1937 4410 φησὶν,

2030 4325 2327 4408 permittet
2357 4333 2418 4387 ut
2448 4326 2510 4387 in
2535 4326 2732 4406 aliquo
2755 4326 3192 4388 condemnatus
3223 4323 3593 4386 discedam.¢
3619 4321 3693 4384 Et

293 4420 463 4493 ἔνθεν,
505 4422 592 4478 καὶ
647 4418 882 4501 φυλάξει.
929 4421 1099 4501 Τοῦτο
1149 4418 1249 4498 γὰρ
1321 4419 1567 4495 σημαίνει
1623 4421 1710 4500 τὸ,
1770 4420 1939 4477 Σώσει

2030 4416 2286 4478 servabit
2303 4417 2376 4477 ad
2397 4433 2652 4495 regnum
2678 4434 2852 4478 suum
2875 4424 3186 4478 aeternum.
3216 4437 3244 4471 ι
3269 4412 3445 4489 Hinc,
3471 4412 3686 4494 inquit,

294 4512 371 4574 εἰς
399 4511 498 4578 τὴν
525 4496 794 4587 βασιλείαν
822 4511 1003 4568 αὐτοῦ.
1063 4496 1231 4588 ’Ἄρα
1251 4509 1289 4577 ἡ
1332 4505 1498 4590 ὄδτως
1527 4496 1763 4588 σωτηρία
1806 4507 1939 4576 αὕτη

2030 4523 2122 4568 me
2152 4505 2366 4585 eripiet
2395 4513 2453 4566 et
2483 4505 2798 4568 custodiet.
2830 4507 2979 4568 Nam
3011 4505 3125 4566 hoc
3155 4503 3493 4585 signiﬁcat:
3538 4505 3688 4565 Ser-

293 4601 454 4678 ἐστὶν,
487 4585 614 4656 ὅταν
639 4599 756 4656 ἐκεῖ
814 4585 1222 4674 διαλάμπωμεν.
1291 4619 1320 4652 α
1383 4585 1445 4652 Ὦ
1503 4599 1540 4667 ἡ
1568 4585 1691 4664 δόξα
1719 4599 1792 4662 εἷς
1822 4599 1939 4663 τοὺς

2030 4593 2185 4657 vabit
2212 4595 2286 4656 ad
2317 4611 2566 4672 regnum
2586 4613 2785 4658 suum.
2838 4593 2975 4656 Haec
2999 4594 3200 4676 itaque
3223 4601 3314 4655 est
3347 4610 3485 4654 vera
3505 4590 3690 4665 salus,

290 4695 505 4758 αἰῶνας.
552 4690 750 4768 Ἀμην.
809 4711 841 4752 )
907 4679 1054 4769 υΟρα
1098 4687 1402 4769 δοξολογίαν
1447 4693 1589 4771 Υἱοῦ,
1622 4691 1694 4757 ὡς
1723 4691 1812 4747 καὶ
1853 4699 1939 4750 τοῦ

2030 4691 2095 4746 ιιι
2125 4683 2204 4745 ibi
2223 4683 2523 4764 splendidi
2552 4684 2764 4747 simus.
2791 4708 2818 4740 α
2861 4686 2969 4745 Cui
3016 4682 3206 4761 gloria
3235 4682 3296 4742 in
3326 4681 3543 4771 saecula
3573 4697 3689 4771 saa-

292 4785 522 4864 Πατρὸς,
551 4783 640 4838 καὶ
668 4779 860 4840 ἄλλοτε
903 4779 1209 4856 Πνεύματος
1246 4799 1261 4813 ⁶
1306 4780 1458 4844 οὗτος
1514 4781 1614 4859 γὰρ
1656 4781 1686 4836 ὁ
1730 4780 1939 4860 Κύριος,

290 4871 458 4952 ἤγουν
487 4874 515 4930 δ
559 4873 677 4936 Υἱὸς
688 4919 703 4935 .

382 5073 407 5108 ι
503 5039 785 5108 ’Ἄσπασαι
863 5046 1182 5128 Πρίσκιλλαν
1248 5048 1336 5104 καὶ
1387 5045 1638 5128 Ἀκύλαν,
1695 5048 1785 5104 καὶ
1851 5048 1945 5104 τὸν

297 5130 648 5220 Ὀνησιφόρου
706 5139 882 5202 οἶκον.
914 5127 920 5128 ί
955 5127 1223 5217 ’Ἔραστος
1292 5135 1500 5212 ἔμεινεν
1571 5135 1624 5192 ἐν
1692 5137 1940 5216 Κορίνθῳ.

292 5229 564 5310 Τρόφιμον
658 5227 713 5286 δὲ
807 5226 1067 5285 ἀπέλιπον
1162 5226 1216 5282 ἐν
1304 5224 1528 5302 Μιλήτῳ
1609 5225 1939 5284 ἆσθενοφντα.

287 5316 600 5376 Σπούδασον
667 5317 768 5396 πρὸ
850 5319 1122 5396 χειμῶνος
1204 5313 1400 5372 ἐλθεῖν.
1489 5311 1808 5385 Ἀσπάζεταί
1888 5337 1946 5370 σε

282 5405 550 5472 Εὔϐουλος
627 5408 718 5464 καὶ
797 5401 1041 5471 Σπούδης
1129 5404 1218 5460 καὶ
1287 5409 1473 5478 Λῖνος,
1545 5403 1634 5458 καὶ
1696 5401 1944 5483 Κλαυδία,

278 5499 381 5556 καὶ
460 5500 506 5555 οἶ
588 5495 802 5578 ἀδελφοὶ
884 5495 1102 5558 πάντες,
1192 5483 1482 5578 ὈΔΚύριος
1544 5488 1750 5578 Ἰησους
1809 5499 1943 5570 Χρι-

276 5588 415 5651 στὸς
457 5587 593 5664 μετὰ
620 5571 1038 5661 τοῦ-πνεύματός
1094 5603 1210 5645 σου.
1261 5571 1323 5640 Ἠ
1376 5571 1541 5662 ίχάρις
1591 5577 1707 5656 μεθ’
1761 5583 1940 5658 ἡμῶν.

279 5677 492 5758 Ἀμήν.

368 5772 526 5832 Οὗτοί
553 5773 687 5828 εἰσιν
714 5769 788 5825 ὧν
832 5768 1073 5844 συνεχῶς
1127 5762 1396 5840 μέμνηται
1439 5767 1547 5819 τῶν
1581 5764 1940 5828 σκηνοποιῶν,

2027 4772 2324 4836 culorum.
2359 4771 2576 4836 Amen.
2603 4794 2634 4834 3
2669 4771 2819 4836 Vide
2838 4771 3217 4850 doxologiam
3241 4789 3348 4852 pro
3370 4770 3520 4833 Filio
3537 4769 3693 4832 sicut

2027 4870 2088 4924 et
2113 4879 2222 4944 pro
2253 4863 2427 4924 Patre
2460 4861 2602 4922 alibi
2635 4869 2693 4923 et
2722 4880 2830 4942 pro
2861 4860 3114 4942 Spiritu,
3150 4859 3248 4922 hic
3270 4859 3430 4921 enim
3453 4867 3543 4921 est
3571 4857 3686 4919 Do-

2025 4951 2245 5028 minus,
2278 4969 2496 5031 uempe
2523 4949 2734 5012 Filius.

2107 5039 2206 5118 IV,
2229 5040 2435 5105 19-22.
2456 5040 2680 5104 Saluta
2697 5039 3044 5104 Priscillam
3061 5045 3120 5101 et
3134 5039 3514 5119 Aquilam,el
3531 5038 3694 5102 One-

2027 5131 2262 5211 siphori
2279 5131 2613 5210 familiam.
2640 5130 2900 5193 Erastus
2939 5131 3166 5192 mansit
3195 5130 3500 5192 Corinthi.
3541 5127 3694 5191 Tro-

2023 5222 2302 5303 phimum
2332 5230 2537 5283 autem
2595 5219 2815 5302 reliqui
2869 5218 3068 5282 Mileti
3120 5219 3530 5300 languentem.
3597 5220 3694 5282 Da

2030 5329 2277 5392 Operam
2298 5319 2364 5372 ut
2389 5313 2597 5372 venias
2615 5319 2752 5372 ante
2776 5310 3042 5372 hiemen.
3067 5309 3312 5372 Salutat
3338 5317 3395 5371 te
3417 5307 3696 5371 Eubulus

2029 5409 2086 5464 et
2119 5402 2360 5462 Pudens
2389 5408 2445 5462 et
2477 5401 2666 5462 Linus
2714 5407 2770 5462 et
2826 5399 3088 5461 Claudia
3119 5407 3175 5461 el
3202 5403 3429 5478 fratres
3458 5415 3692 5462 omnes.

2028 5489 2331 5553 Dominus
2358 5493 2537 5551 Iesus
2571 5489 2853 5552 Christus
2880 5505 3018 5551 cum
3047 5490 3280 5568 spiritu
3307 5496 3434 5553 tuo.
3478 5487 3698 5552 Gratia

2026 5580 2359 5644 nobiscum.
2383 5580 2431 5640 A
2444 5595 2605 5641 men.

2107 5758 2179 5824 Hi
2212 5763 2372 5833 sunt,
2406 5774 2660 5837 quorum
2719 5757 3068 5838 frequenter
3125 5755 3263 5818 facit
3297 5755 3694 5822 mentionem,
