4132 6480
488 454 607 521 239

1605 451 2016 522 OECUMENII
2059 451 2361 517 TRICCzE
2404 448 2745 520 EPISCOPI

3756 443 3883 524 ato

489 587 1012 653 tabernaculorum
1026 587 1461 670 textores,apud
1474 606 1622 668 quos
1636 589 1814 650 etiam
1827 587 2140 650 diversatm

2238 587 2363 667 παρ’
2397 591 2480 655 οἷς
2507 590 2594 646 καὶ
2635 591 2905 672 κατήχθη.
2941 595 3048 661 Τῆς
3083 589 3135 648 δε
3163 594 3434 672 γυναικὸς,
3467 596 3542 661 ὡς
3571 595 3884 674 πιστοτέρας

490 681 816 745 est.Uxoris
834 688 1030 743 autem
1053 687 1330 760 tanquam
1353 679 1642 742 ﬁdelioris
1658 697 1725 740 ac
1747 677 2145 755 diligentioris

489 771 656 852 prius
677 769 971 847 meminit,
999 788 1137 832 nam
1167 781 1228 831 et
1250 769 1374 831 haec
1396 768 1590 849 ipsum
1612 767 1821 849 Apollo
1841 767 1903 828 in
1927 765 2145 828 ﬁdein-

488 860 721 922 struxit.
770 859 936 921 Facit
963 866 1160 920 autem
1200 857 1636 932 salutationem,
1701 856 1876 917 simul
1909 861 1968 915 et
1995 873 2144 915 con-

491 949 801 1010 solationis
825 948 1035 1027 gratia,
1070 956 1127 1009 et
1155 949 1444 1008 honorem
1507 965 1575 1007 ac
1624 945 2006 1006 dilectionem
2037 961 2146 1023 per

487 1037 603 1100 hoc
626 1038 916 1100 exhibens
942 1055 955 1100 :
983 1037 1260 1118 quodque
1284 1036 1473 1116 majus
1495 1035 1800 1106 est,multa
1815 1033 2137 1115 repletgra‘

489 1125 570 1187 tia
599 1145 732 1189 eum
758 1127 859 1208 qui
890 1127 1195 1188 salutatur.
1231 1134 1392 1186 298
1434 1151 1457 1181 «
1495 1126 1568 1187 Et
1596 1122 1955 1205 Onesiphori
1976 1120 2141 1184 fami-

488 1215 654 1278 liam.
697 1241 720 1274 ι
758 1216 1164 1296 Onesiphorus
1226 1216 1384 1277 enim
1443 1214 1647 1276 Romae
1679 1224 1826 1277 erat.
1857 1213 1974 1274 Eos
2002 1230 2143 1290 ergo

487 1307 702 1368 salutat
737 1306 838 1388 qui
869 1313 1037 1367 erant
1065 1324 1136 1367 ex
1167 1306 1296 1385 ejus
1327 1303 1566 1380 familia,
1621 1305 1731 1365 hac
1760 1304 1852 1364 via
1883 1301 2146 1364 excitans

490 1395 565 1456 ad
595 1395 852 1459 similem
884 1395 1347 1469 aemulationem,
1374 1397 1611 1475 qualem
1631 1389 2141 1455 habueratOnesi-

491 1485 736 1564 phorus.
781 1508 802 1543 ι
841 1484 1084 1547 Erastus
1142 1484 1360 1546 mansit
1417 1482 1706 1546 Corinthi.
1763 1508 1785 1541 ι)
1853 1480 2141 1554 Quoniam

489 1573 703 1637 horum
729 1575 954 1636 nullam
966 1575 1188 1636 fecerat
1209 1574 1597 1648 mentionem,
1622 1592 1780 1634 nunc
1800 1589 2004 1633 eorum
2022 1587 2119 1630 me

2224 679 2312 734 καὶ
2342 677 2769 760 σπουδαιοτέροις,
2801 682 3016 760 πρώτης
3049 682 3341 759 μέμνηται,
3402 686 3502 743 Καὶ
3531 685 3631 764 γὰρ
3660 684 3756 741 καί
3786 687 3881 741 τὸν

2225 765 2476 824 Ἀπολλὼ
2506 768 2638 837 αὕτη
2696 772 3004 850 κατήχησε.
3049 772 3147 829 Τὸν
3191 770 3246 828 δὲ
3289 772 3572 849 ἀσπασμὸν
3613 786 3874 847 ποιεῖται,

2226 858 2358 932 ὁμοῦ
2387 857 2483 932 μὲν
2514 863 3003 941 παραμυθούμενος,
3051 863 3185 938 ὁμοῦ
3214 859 3268 917 δὲ
3301 863 3388 918 καὶ
3416 863 3580 938 τιμὴν
3607 865 3695 920 καὶ
3737 863 3880 942 ἀγά-

2225 970 2332 1014 πην
2366 946 2751 1026 ἐνδεικνύμενος
2781 949 2865 1008 διὰ
2892 953 3100 1028 τούτου,
3134 954 3200 1011 τὰ
3227 951 3282 1009 δὲ
3313 961 3521 1035 μεῖζον,
3555 956 3643 1011 καὶ
3671 952 3879 1022 πολλῆς

2225 1036 2497 1122 ἐκπλήσας
2528 1041 2748 1120 χάριτος
2799 1043 2889 1098 τὸν
2946 1043 3490 1122 προσαγορευόμενον,
3543 1063 3572 1102 (
3632 1046 3731 1103 Καὶ
3787 1046 3882 1100 τὸν

2230 1114 2573 1208 Ὀνησιφόρου
2601 1114 2779 1195 οἷκον.
2830 1154 2860 1187 3
2907 1122 2964 1189 εΟ
2990 1114 2999 1122 ’
3022 1114 3146 1211 γὰρ.
3182 1114 3523 1213 ἱΟνηίτιιρόρος
3579 1133 3632 1191 ἐν
3693 1123 3878 1210 Ῥώμῃ

2225 1216 2315 1283 ἧν.
2367 1219 2500 1282 Τοὺς
2556 1220 2646 1275 οὖν
2696 1220 2751 1277 ἐν
2795 1228 2872 1296 τῷ
2922 1220 3062 1296 οἴκῳ
3119 1221 3277 1279 αὒτοῦ
3346 1222 3659 1299 ἀσπάζεται,
3705 1223 3878 1298 ταύτῃ

2227 1304 2489 1392 διεγείρων
2546 1312 2677 1389 πρὸς
2737 1313 2829 1367 τὸν
2900 1309 3084 1386 ὅμοιον
3152 1317 3231 1386 τῷ
3286 1309 3621 1392 Ὀνησιφόρῳ
3682 1311 3871 1384 ζῆλον.

2235 1417 2259 1453 (ι
2324 1388 2596 1478 ’Ἔραστος
2650 1399 2852 1475 ἔμεινεν
2894 1399 2948 1456 ἐν
2997 1401 3246 1477 Κορίνθῳ.
3296 1424 3324 1456 3
3389 1388 3606 1469 Ἐπειδὴ
3675 1403 3880 1459 τούτων

2226 1486 2322 1543 οὔκ
2362 1488 2624 1568 ἐμνήσθη,
2669 1496 2754 1544 νῦν
2815 1489 3102 1565 μέμνηται,
3156 1488 3248 1546 ἵνα
3291 1488 3430 1568 δείξῃ
3487 1489 3568 1546 ὅτι
3620 1491 3881 1548 πάντοθεν

2226 1578 2529 1652 μεμόνωται
2559 1580 2646 1634 καὶ
2696 1580 2885 1657 χρῄζει
2929 1589 3019 1638 τοῦ
3060 1579 3336 1654 Τιμοθέου.
3404 1601 3427 1636 ι
3490 1579 3755 1660 Τρόφιμον
3816 1578 3874 1635 δὲ

490 1662 662 1725 minit
693 1672 756 1727 ut
785 1664 1057 1727 ostendat
1087 1663 1246 1743 quod
1271 1663 1536 1743 undique
1567 1663 1727 1724 solus
1761 1661 1835 1722 sit
1870 1660 2138 1731 relictus,

2225 1666 2484 1723 ἀπέλιπον
2512 1667 2606 1749 --ἐν
2664 1667 2906 1742 Μιλήτῳ.
2987 1693 3010 1725 3
3078 1660 3140 1725 Ἠ
3216 1668 3451 1736 Μίλητος
3508 1668 3664 1749 ἐγγύς
3735 1669 3882 1726 ἐσυιν

489 1759 548 1813 et
577 1754 735 1833 quod
759 1753 874 1834 ipsi
905 1754 982 1814 sit
1010 1772 1158 1834 opus
1189 1752 1524 1816 Timotheo.
1558 1775 1579 1808 (ι
1607 1751 1993 1832 Trophimum
2026 1767 2138 1810 au-

2225 1753 2468 1834 Ἐφέσου.
2512 1745 2659 1833 ἸΑρα
2703 1756 2791 1813 οὖν
2849 1756 2936 1813 ὅτε
2993 1756 3246 1815 ἐπέπλεεν
3303 1757 3387 1814 ἐπὶ
3443 1759 3541 1826 τὴν
3594 1757 3875 1834 Ἰουδαίαν,

491 1849 608 1902 tem
633 1842 853 1923 reliqui
877 1841 1083 1906 Mileti.
1112 1868 1138 1898 »
1175 1843 1407 1905 Miletus
1423 1842 1753 1924 propinqua
1775 1849 1863 1902 est
1876 1840 2134 1921 Epheso.

2225 1846 2424 1926 ἀφῆκεν
2469 1846 2619 1902 αὐτὸν
2652 1845 2704 1902 ἐν
2735 1844 2959 1919 Μιλήτῳ
3000 1849 3028 1902 ὁ
3084 1846 3313 1920 Παῦλος,
3350 1847 3386 1915 ἣ
3448 1849 3583 1923 μετὰ
3623 1849 3686 1904 τὸ
3715 1847 3875 1926 γενέ-

485 1927 696 1992 Utrum
727 1931 907 2010 igitur
936 1933 1173 2012 quando
1233 1931 1550 2013 navigabat
1580 1931 1642 1992 in
1671 1929 1959 2011 .ludwam,
1992 1928 2138 1990 reli-

2226 1939 2341 1992 σθαι
2372 1935 2426 1990 ἐν
2473 1926 2653 2011 ιΡώμῃ
2683 1933 2838 1992 πάλιν
2897 1937 2967 1998 εἰς
3008 1943 3190 2016 ,ταῦτα
3244 1938 3310 1994 τὰ
3339 1937 3502 2016 μέρη,
3535 1937 3629 1994 οὒκ
3673 1935 3878 2016 ἔχομεν

487 2024 684 2104 querit
714 2044 850 2087 eum
874 2025 1054 2087 Mileti
1084 2024 1325 2101 Paulus,
1345 2043 1418 2086 an
1441 2041 1676 2086 rursum
1701 2031 2007 2104 postquam
2023 2022 2140 2084 Ro-

2225 2027 2416 2082 εἷπεϊν.
2459 2043 2490 2083 (
2520 2023 2883 2084 Ἀσθενοῦντα.
2921 2047 2949 2080 3
3001 2015 3124 2105 υινα
3175 2025 3226 2081 τί
3267 2026 3367 2105 γὰρ
3413 2015 3504 2102 μὴ
3533 2015 3740 2082 ἰάσατο
3775 2027 3882 2082 αὗ·-

488 2132 645 2175 mam
676 2115 1033 2190 venerat,ad
1046 2132 1147 2176 eas
1163 2113 1797 2192 accesseritregiones,
1832 2118 1992 2173 certo
2023 2129 2140 2170 non

2225 2115 2338 2188 τὸν,
2383 2111 2503 2168 ἀλλ’
2563 2110 2741 2170 εἴασεν
2798 2112 3003 2194 αὐτόν;
3044 2104 3173 2171 ιὈτι
3233 2118 3294 2174 οὒ
3334 2115 3506 2175 πάντα
3564 2114 3772 2170 ἐποίουν
3829 2115 3882 2168 οἱ

488 2222 808 2280 possumus
829 2222 1122 2266 asserere.
1161 2226 1184 2260 α
1223 2206 1644 2283 Languentem.
1673 2227 1696 2257 »
1733 2201 1926 2274 Quare
1945 2207 2139 2261 autem

2225 2201 2384 2282 σῗγιοι,
2417 2201 2508 2257 ἵνα
2551 2201 2630 2277 μὴ
2689 2205 2974 2278 νομισθῶσι
3032 2203 3324 2281 κρείττονες
3381 2203 3418 2271 ἢ
3474 2204 3610 2259 κατᾶ
3680 2201 3882 2282 ἀνθρώ-

485 2291 682 2371 ipsum
715 2312 834 2354 non
869 2293 1118 2370 sanavit,
1183 2294 1288 2354 sed
1347 2312 1480 2354 eum
1533 2291 1817 2372 reliquit?
1844 2290 1990 2363 Quia
2019 2307 2138 2349 non

2225 2313 2323 2373 που
2376 2292 2546 2372 φύσιν,
2614 2311 2643 2350 (
2697 2290 3000 2349 Σπούδασον
3068 2294 3170 2372 πρὸ
3226 2299 3496 2373 χειμῶνος
3581 2290 3772 2348 ἐλθεῖν,
3845 2313 3873 2346 ιο

489 2370 691 2443 omnia
709 2381 1008 2445 faciebant
1029 2381 1239 2458 sancti,
1272 2400 1348 2444 ne
1369 2385 1560 2462 majus
1590 2370 1814 2461 aliquid
1835 2379 2140 2442 existima-

2226 2370 2492 2456 ΗΕιιυς-οὒ,
2525 2383 2677 2462 φησὶ,
2710 2387 2807 2456 ζῶ,
2840 2381 2932 2438 ἵνα
2990 2382 3068 2457 μὴ
3113 2370 3202 2456 -τῷ
3230 2370 3488 2461 *χειμῶνι
3548 2381 3878 2460 ἐπισχεθεὶς,

488 2479 700 2533 rentur
729 2479 790 2533 et
816 2490 996 2552 supra
1024 2472 1332 2534 hominum
1358 2479 1649 2534 naturam.
1684 2469 2053 2549 uDaoperam
2079 2473 2140 2528 ut

2225 2473 2316 2528 οὐκ
2357 2469 2479 2547 ἴδῃς
2508 2493 2598 2548 με,
2649 2494 2677 2552 3
2729 2471 2828 2529 Kal
2877 2475 3058 2536 Δῖνος.
3108 2494 3136 2527 3
3171 2471 3363 2528 Τούτόν
3407 2493 3533 2551 φασι
3565 2472 3656 2528 τὸν
3683 2478 3874 2542 Λῖνον,

490 2559 701 2620 venias
729 2567 864 2622 ante
895 2551 1178 2624 hiemem.
1214 2582 1244 2620 ι
1267 2558 1533 2634 Interim,
1568 2559 1781 2639 inquit,
1815 2559 1956 2620 dum
1987 2555 2139 2637 vivo,

2225 2558 2460 2639 δεύτερον
2505 2562 2606 2627 τῆς
2658 2551 2867 2636 Ῥώμης
2928 2559 3213 2617 ἐπίσκοπον
3256 2561 3528 2639 γεγονέναι
3590 2561 3724 2637 μετὰ
3781 2562 3880 2614 τὸν

487 2665 565 2708 ne
595 2648 798 2710 hieme
824 2650 1099 2712 detentus
1148 2669 1266 2712 non
1327 2650 1526 2712 videas
1555 2668 1670 2710 me.
1704 2674 1730 2704 σ
1766 2649 1842 2711 Et
1872 2646 2070 2708 Linus.
2113 2668 2134 2701 υ

2226 2649 2446 2728 Πέτρον,
2499 2673 2526 2704 ι
2574 2651 2674 2708 Καὶ
2719 2647 2962 2710 Κλαυδίε.
3012 2672 3041 2706 3
3104 2641 3258 2730 Ὀρᾷς
3314 2656 3428 2715 πῶς
3484 2651 3570 2706 καὶ
3625 2661 3882 2730 γυναῖκες

487 2735 662 2799 Hunc
707 2739 873 2801 aiunt
917 2758 1048 2801 esse
1079 2740 1293 2802 Linum
1324 2739 1426 2820 qui
1455 2739 1718 2801 secundo
1751 2738 1881 2799 loco
1911 2743 2140 2798 creatus

2225 2735 2462 2818 διάπυροι
2519 2739 2659 2807 ἦσαν
2713 2740 2800 2796 καὶ
2867 2741 3051 2819 θερμαὶ
3151 2741 3241 2796 καὶ
3322 2737 3713 2820 ἐσταυρωμέναι
3796 2745 3880 2814 τῷ

489 2837 581 2887 est
611 2827 813 2892 Romae
843 2828 1162 2910 episcopus
1185 2839 1318 2910 post
1353 2832 1614 2891 Petrum.
1647 2847 1675 2888 ‹
1708 2826 1780 2888 Et
1803 2825 2075 2890 Claudia.
2114 2849 2136 2878 .›

2225 2829 2458 2910 κόσμῳ,
2525 2830 2624 2887 Καὶ
2680 2829 2778 2907 γὰρ
2842 2827 2987 2885 οὐδὲν
3043 2827 3350 2886 ἐλαττοῦται
3409 2830 3471 2884 τὸ
3527 2827 3677 2907 γένος
3721 2833 3882 2886 τούτο

487 2915 672 2980 Vides
730 2918 1028 2998 qnomodo
1087 2919 1262 2980 etiam
1322 2911 1606 2980 mulieres
1635 2934 1803 2979 acres
1832 2915 2053 2977 fuerint
2085 2924 2140 2978 et

2225 2924 2327 2974 τῶν
2383 2917 2604 2998 ἀνδρῶν,
2666 2917 2755 2974 ἐὰν
2808 2916 2961 2994 θέλῃ.
3027 2938 3052 2973 α
3099 2920 3197 2976 Καὶ
3255 2921 3302 2976 οἱ
3335 2916 3548 2997 ἀδελφοὶ
3574 2917 3797 2982 πάντες.
3846 2939 3874 2976 ι

486 3002 783 3067 ferventes
809 3006 1105 3068 cruciﬁxae
1143 3005 1365 3068 mundo
1383 3006 1413 3066 ἱ)
1461 3005 1693 3067 Etenim
1725 3023 1911 3084 genus
1936 3004 2048 3064 hoc
2078 3003 2140 3064 in

2225 3010 2283 3064 Οἱ
2369 3009 2619 3083 ὀνομαστὶ
2718 3007 3036 3084 μνησθέντες
3116 3006 3418 3087 θερμότεροι
3513 3007 3612 3075 τὴν
3699 3007 3880 3064 πίστιν

488 3094 650 3157 nullo
679 3095 823 3156 viris
850 3096 1099 3159 inferius
1130 3103 1236 3171 est,
1304 3095 1480 3157 modo
1532 3095 1689 3158 velit.
1744 3116 1775 3155 τ
1807 3093 1877 3154 Et
1925 3092 2140 3154 fratres

2225 3097 2378 3165 ἦσαν,
2447 3120 2476 3152 α
2535 3088 2592 3154 (Ο
2651 3099 2836 3176 Κύριος
2895 3095 3100 3164 Ἰησοῦς
3146 3099 3372 3177 Χριστὸς
3425 3097 3560 3174 μετὰ
3602 3105 3694 3155 τοῦ
3721 3096 3879 3152 πνεύ-

487 3202 720 3247 omnes.
757 3210 784 3242 ι)
821 3187 984 3247 Inter
1011 3186 1122 3246 hos
1154 3192 1349 3246 autem
1381 3184 1468 3247 illi
1502 3203 1750 3265 quorum
1787 3181 2138 3244 nominatim

487 3271 639 3334 facta
668 3281 758 3337 est
788 3274 1034 3350 mentio,
1070 3274 1461 3336 ferventiores
1480 3274 1543 3335 in
1577 3274 1695 3336 fide
1725 3283 1918 3336 erant.
1956 3297 1980 3332 ι)
2016 3274 2139 3335 Do-

490 3362 690 3424 minus
716 3363 890 3426 Jesus
921 3364 1187 3428 Christus
1239 3383 1374 3426 cum
1424 3363 1635 3445 spiritu
1689 3371 1809 3424 tuo.
1854 3387 1874 3418 ι
1913 3362 2142 3441 Duplex

489 3451 804 3528 auxilium,
838 3471 1056 3532 nempe
1087 3463 1145 3514 et
1169 3453 1389 3516 Christi
1427 3460 1487 3514 et
1526 3452 1781 3533 Spiritus
1803 3451 1991 3513 sancti
2025 3472 2038 3513 :
2073 3469 2140 3512 ac

489 3539 541 3600 si
575 3540 802 3603 diceret
848 3561 861 3601 :
917 3541 1061 3604 Cum
1122 3542 1585 3623 superventione
1638 3541 1890 3622 Spiritus
1949 3539 2139 3602 sancti

488 3647 666 3708 quem
697 3649 854 3692 nunc
885 3630 1090 3692 habes.
1124 3631 1215 3692 Sit
1243 3631 1531 3694 Dominus
1557 3634 1731 3693 Jesus
1754 3631 2028 3694 Christus
2055 3638 2138 3690 te-

487 3736 625 3779 cum
664 3737 677 3782 :
714 3720 828 3781 hoc
859 3729 1056 3782 autem
1105 3720 1216 3782 tibi
1271 3730 1588 3799 praesente,
1653 3740 1773 3782 non
1806 3718 2035 3800 lugebis
2065 3717 2141 3780 ob

2223 3187 2392 3263 ματός
2451 3209 2565 3249 σου,
2619 3211 2643 3243 3
2711 3185 2886 3256 Διπλῆ
2929 3189 2964 3255 ἡ
3020 3188 3258 3268 βοήθεια,
3326 3185 3363 3254 ἥ
3415 3193 3592 3244 τετοῦ
3622 3192 3871 3265 Χριστοῦ,

2224 3279 2313 3333 καὶ
2340 3279 2513 3345 ἡητοῦ
2554 3278 2862 3352 Πνεύματος
2916 3285 3009 3335 τοῦ
3063 3277 3236 3355 ἁγίου,
3281 3278 3356 3341 ὡς
3407 3277 3451 3332 εἶ
3507 3274 3682 3356 ἔλεγε,
3728 3277 3877 3332 Μετὰ

2223 3370 2324 3434 τῆς
2405 3368 2792 3448 ἐπιφοιτήσεως
2866 3375 2959 3425 τοῦ
3027 3365 3177 3444 ἁγίου
3245 3365 3550 3442 Πνεύματος
3647 3367 3707 3422 οὗ
3789 3364 3877 3420 νῦν

2225 3455 2396 3536 ἔχεις.
2455 3447 2646 3515 ’Ἔστω
2699 3458 2789 3513 καὶ
2831 3459 2860 3512 ὁ
2918 3456 3104 3535 Κύριος
3161 3452 3369 3522 Ἰησοῦς
3439 3456 3668 3534 Χριστὸς
3739 3455 3873 3530 μετὰ

2222 3556 2338 3608 σοῦ.
2373 3548 2570 3607 Τούτου
2601 3544 2768 3626 δέᾏσοι
2815 3542 3160 3626 ὑπάρξαντος,
3216 3549 3310 3604 οὐκ
3364 3543 3620 3625 ἀλγήσεις
3661 3542 3745 3600 ἐπὶ
3802 3549 3872 3620 τῇ

2224 3635 2329 3714 ἐμῇ
2357 3636 2623 3695 ἀναλύσει.
2664 3613 2722 3694 ’ῖΙ
2753 3634 2834 3693 ὅτι
2883 3613 2978 3694 οίικ
3025 3633 3101 3691 ἔνι
3144 3613 3251 3703 ’τῆς
3307 3613 3593 3714 παρουσίας
3635 3613 3868 3711 εὐπορῆξ.

2222 3748 2309 3783 σαι
2339 3733 2430 3784 τοῦ
2458 3734 2684 3806 Χριστοῦ
2710 3726 2802 3781 τὸν
2851 3724 2929 3792 μὴ
2985 3724 3167 3804 χάριτι
3219 3729 3550 3801 πνευματικῇ
3578 3741 3868 3795 κατεστεμ-

489 3825 681 3898 meam
707 3809 1157 3872 resolutionem.
1184 3810 1318 3886 Aut,
1354 3810 1492 3892 quia
1536 3829 1656 3874 non
1703 3817 1896 3890 potest
1924 3806 2139 3873 Christi

2225 3815 2404 3898 μένον,
2456 3816 2550 3873 ἵνα
2602 3815 2638 3892 ᾗ
2703 3816 2776 3879 ὡς
2819 3815 2951 3893 πρὸς
3007 3813 3205 3880 ταύτην
3257 3815 3356 3880 τὴν
3411 3810 3710 3891 ἑρμηνείαν,
3763 3817 3865 3867 Τοῦ

485 3895 602 3958 frui
634 3899 950 3978 praesentia
983 3901 1032 3961 is
1063 3900 1162 3980 qui
1192 3900 1266 3961 ob
1317 3900 1563 3979 gratiam
1619 3900 1986 3980 spiritualem
2020 3915 2140 3960 non

2225 3895 2520 3982 πνεύματός
2578 3927 2696 3984 σου,
2754 3903 3015 3983 τουτέστι,
3059 3907 3160 3969 τῆς
3202 3902 3564 3979 πνευματικῆς
3618 3901 3867 3980 χάριτος.

485 3987 744 4076 suSpirat
774 3995 876 4050 :ut
899 3988 975 4051 sit
992 3990 1158 4068 juxta
1199 3989 1353 4051 hanc
1388 3989 1960 4069 interpretationem,
1997 3988 2139 4069 Spi-

2226 4018 2254 4050 α
2292 3987 2354 4053 ιΗ
2410 3997 2568 4076 χάρις
2619 3993 2734 4071 μεθ’
2789 3995 2968 4070 ἡμῶν,
3017 4015 3045 4048 3
3095 3993 3194 4050 Καὶ
3256 3992 3426 4068 ἑαυτῷ
3483 3991 3791 4072 ἐπεύχεται,
3835 3987 3872 4056 ἢ

482 4074 606 4138 ritu
636 4082 756 4151 tuo,
778 4077 897 4139 hoc
919 4085 1028 4154 est,
1055 4078 1348 4159 spirituali
1393 4080 1602 4159 gratia.
1649 4105 1675 4135 ‹‹
1701 4077 1901 4141 Gratia
1927 4078 2134 4141 nobis-

2225 4085 2354 4149 ὥςτε
2383 4074 2464 4141 ἀεὶ
2500 4084 2840 4164 εὐχαρίστους
2869 4086 3032 4163 εἶναι,
3059 4079 3098 4150 ἢ
3129 4079 3267 4138 ὥστε
3306 4080 3387 4138 ἀεὶ
3430 4081 3674 4161 χάρισμα
3725 4077 3874 4158 ἔχειν

482 4185 641 4229 cum.
679 4192 701 4224 ι
737 4167 853 4230 Pro
883 4170 1080 4250 seipso
1134 4189 1370 4252 quoque
1425 4190 1546 4234 una
1602 4180 1893 4253 precatur,
1928 4179 2032 4233 aut
2073 4181 2137 4235 ut

2225 4174 2592 4252 πνευματικόν.

483 4273 728 4336 semper
753 4257 908 4337 grati
941 4258 1082 4332 sint,
1117 4266 1216 4320 aut
1265 4267 1331 4320 ut
1359 4277 1597 4342 semper
1626 4262 1850 4324 donum
1881 4260 2139 4324 habeant

482 4343 817 4424 spirituale.

481 4463 679 4543 Finis,
739 4465 970 4554 divino,
1002 4466 1251 4546 favente
1309 4469 1568 4547 auxilio,
1643 4473 1999 4549 posterioris
2056 4471 2136 4534 ad

2227 4491 2258 4533 (
2304 4471 2487 4550 Τέλος,
2535 4472 2628 4530 σὺν
2658 4478 2795 4550 Θεῷ,
2827 4471 2926 4542 τῆς
2954 4471 3086 4553 πρὸς
3128 4469 3386 4548 Τιμόθεον
3415 4465 3658 4551 δευτέρας
3694 4468 3884 4530 Ἐπισ-

957 4555 1326 4620 Timotheum
1355 4558 1668 4638 Epistolas.

2900 4560 3066 4629 τολῆς
3077 4609 3090 4624 .
3141 4584 3170 4617 3

481 4659 713 4740 Scripta
747 4669 838 4752 est
857 4661 929 4724 ab
951 4663 1099 4726 urbe
1121 4663 1328 4740 Roma,
1353 4683 1487 4726 cum
1533 4666 1796 4728 secundo
1828 4667 2136 4732 sisteretur

2225 4669 2457 4750 Ἐγράφη
2491 4670 2595 4728 ἀπὸ
2630 4661 2866 4752 (Ρώμης,
2911 4668 3002 4752 ὅτε
3029 4666 3080 4734 ἐξ
3123 4666 3362 4749 δευτέρου
3388 4665 3625 4746 παρέστη
3659 4666 3876 4732 Παυλος

800 4749 1017 4816 Paulus
1040 4753 1264 4818 Neroni
1281 4754 1500 4828 Caesari
1520 4753 1808 4819 Romano.

2300 4749 2303 4750 ν
2400 4749 2405 4750 ⁷
2625 4767 2704 4833 τῷ
2734 4749 2952 4838 Καίσαρι
2989 4749 3198 4834 Ῥώμης
3228 4757 3452 4837 Νέρωνι.
