4132 6422
306 387 420 457 2M

1407 393 1805 460 COMMENT.
1851 395 1937 460 IN
1980 394 2224 460 EPIST.
2270 393 2374 457 AD
2416 392 2691 458 TITUM.

3594 389 3714 462 242

1646 665 2547 797 ΥΠΟΘΕΣΙΣ

1129 924 1343 1008 ΤΗΣ
1418 920 1714 1010 ΠΡΟΣ
1785 919 2129 1007 ΤΙΤΟΝ
2198 920 2872 1012 ΕΠΙΣΤΟΛΗΣς

1423 1308 2270 1443 ARGUMEN
2283 1303 2638 1448 TUM

1302 1546 1943 1668 EPISTOLzE

387 1959 600 2026 ταύτην
671 1956 970 2015 ἐπιστέλλει
1041 1961 1147 2018 ἀπὸ

310 2045 723 2127 παρεχείμαξεν.
762 2037 826 2107 Ἠ
855 2046 911 2106 δὲ
934 2051 1194 2132 πρόφασις
1253 2056 1354 2119 τῆς
1410 2049 1737 2117 Ἐπιστολῆς
1779 2047 1914 2116 αὕτη
1942 2037 1966 2084 ⁷·

316 2139 410 2200 Εἷς
441 2136 538 2212 μὲν
592 2138 687 2206 τὴν
744 2138 960 2218 Κρήτην
1003 2139 1233 2197 ἀπέλιπε
1275 2140 1367 2197 τὸν
1413 2150 1599 2214 Τῖτον,
1660 2138 1753 2195 ἵνα
1794 2159 1970 2195 κατα-

317 2228 499 2304 στήσῃ
528 2227 661 2283 κατᾶ
687 2226 870 2293 πόλεις
911 2226 1224 2309 κληρικούς.
1269 2227 1491 2286 Πολλῶν
1548 2226 1603 2285 δὲ
1659 2226 1825 2285 ὄντων
1856 2227 1971 2284 ἐκεῖ

314 2321 428 2372 τῶν
473 2315 880 2397 ἐπιχειρούντων
923 2319 1181 2399 προφάσει
1232 2326 1327 2377 τοῦ
1370 2317 1534 2394 νόμου
1587 2316 1796 2389 ἆπατᾷν
1849 2316 1969 2383 τοὺς

314 2405 505 2481 λαοὺς,
578 2406 761 2481 μαθὼν
831 2408 860 2464 ὁ
935 2406 1137 2473 Παῦλος
1198 2406 1409 2488 γράφει,
1486 2408 1583 2465 Καὶ
1626 2413 1835 2486 πρῶτον
1874 2405 1970 2482 μὲν

314 2495 652 2576 εὔχαριστῶν
681 2501 759 2571 τῷ
788 2498 905 2571 Θεῷ
931 2493 1016 2555 διὰ
1050 2497 1151 2565 τὴν
1211 2497 1369 2555 αὐτοῦ
1418 2493 1713 2571 εὐλάϐειαν,
1764 2495 1970 2572 σημαί-

312 2605 389 2641 νει
432 2586 530 2653 τὴν
590 2582 645 2640 ἒν
688 2591 899 2664 Χριστῷ
953 2585 1125 2643 πίστιν
1184 2586 1262 2661 μὴ
1320 2584 1577 2663 νεωτέραν
1623 2584 1787 2657 εἶναι,
1850 2580 1969 2639 ἀλλ’

310 2671 367 2739 ἐξ
425 2675 615 2736 αἰῶνος
692 2674 1009 2753 ἡτοιμάσθαι
1087 2675 1177 2732 καὶ
1259 2672 1585 2753 ἐπηγγέλθαι
1657 2673 1800 2753 παρὰ
1879 2678 1974 2730 τοῦ

313 2768 450 2820 Θεοῦ
490 2762 708 2830 ταύτην.
779 2752 1015 2825 ἸΕοιεεειτα
1076 2764 1195 2844 περὶ
1265 2752 1391 2831 τῆς
1421 2752 1793 2828 καταστάσεώς
1860 2762 1968 2820 τῶν

315 2850 610 2932 κληρικῶν,
657 2854 747 2909 καὶ
788 2859 973 2910 τοῦτον
1031 2850 1259 2911 διδάσκει
1310 2858 1425 2919 πῶς
1474 2854 1562 2910 καὶ
1619 2852 1832 2916 ὁποίους
1876 2853 1973 2908 αὐ-

314 2941 440 3007 τοὺς
490 2942 634 2999 εἶναι
689 2938 792 3002 δεῖ.
883 2943 982 3000 Καὶ
1050 2942 1299 3019 ἐπιτιμᾷν
1354 2941 1409 2999 δὲ
1467 2940 1763 2999 ἐντέλλεται
1833 2944 1975 3015 αὒτῷ

311 3043 435 3095 τοῖς
487 3029 820 3110 ἀντιλέγουσι
886 3039 955 3109 τῇ
1027 3033 1312 3114 ὑγιανούση
1367 3032 1585 3109 πίστει,.
1639 3030 1872 3107 μάλιστα
1921 3030 1977 3095 δὲ

306 3131 433 3184 τοῖς
487 3119 550 3177 ἐκ
588 3120 910 3199 περιτομῆς,
954 3120 1142 3179 εἰδέναι
1196 3142 1254 3177 τε
1308 3121 1431 3186 τοὺς
1490 3120 1697 3199 Κρῆτας
1739 3118 1820 3177 ὅτι
1877 3119 1977 3199 ἆρ-

312 3209 401 3288 γοί
444 3210 570 3289 εἰσι,
614 3211 704 3266 καὶ
759 3210 1047 3290 χρήζουσιν
1090 3209 1380 3287 ἐπιτιμίας,
1426 3207 1632 3277 διδάξας
1690 3231 1748 3267 τε
1802 3210 1974 3267 πάντα

2051 1571 2213 1666 AD
2324 1568 2759 1666 TITUM.

2016 1815 2093 1828 .—

1235 1972 1280 2021 Ν
1284 1960 1602 2025 ικοπόλεως.
1660 1960 1811 2019 Ἐκεῖ
1866 1958 1965 2039 γὰρ

2127 1956 2269 2019 284
2296 1956 2461 2019 Hane
2487 1955 2561 2018 ab
2591 1955 2740 2019 urbe
2763 1955 3033 2037 Nicopoli
3058 1953 3301 2017 scribit:
3334 1972 3473 2017 nam
3496 1954 3579 2018 ibi
3599 1957 3703 2019 bi-

2054 2045 2362 2109 bernabat.
2387 2045 2522 2108 Haec
2544 2053 2743 2109 autem
2756 2044 2865 2109 fuit
2885 2043 3168 2126 Epistolas
3185 2043 3515 2109 occasiozln
3532 2045 3706 2109 Creta

2052 2135 2249 2198 Titum
2283 2136 2609 2216 reliquerat
2637 2142 2701 2197 ut
2725 2134 2787 2196 in
2817 2133 3067 2213 singulis
3095 2132 3428 2195 civitatibus
3456 2132 3710 2197 clericos

2054 2224 2471 2287 constitueret.
2534 2222 2678 2287 Cum
2728 2231 2929 2285 autem
2983 2220 3092 2283 ulti
3120 2219 3344 2283 ibidem
3375 2230 3579 2284 essent
3607 2222 3710 2303 qui

2054 2314 2202 2394 legis
2229 2322 2515 2396 pratextu
2545 2319 2905 2378 conarentur
2946 2311 3229 2393 pepulum
3258 2311 3571 2393 seducere,
3596 2314 3711 2375 hoc

2054 2403 2291 2483 cognito
2323 2402 2530 2474 scribit
2547 2402 2791 2465 Paulus.
2823 2401 2895 2463 Et
2925 2400 3183 2482 primum
3213 2399 3461 2480 quidem
3493 2403 3711 2482 gratias

2051 2510 2233 2572 agens
2261 2491 2382 2554 Deo
2407 2499 2650 2573 propter
2670 2492 2857 2573 ipsius
2878 2490 3183 2572 pietatem,
3213 2489 3505 2569 signiﬁcat
3528 2491 3709 2554 ﬁdem

2052 2600 2185 2663 quae
2216 2580 2274 2642 in
2308 2580 2608 2644 Christum
2641 2590 2732 2645 est
2765 2599 2884 2642 non
2910 2598 3042 2643 esse
3068 2588 3399 2655 recentem,
3424 2580 3531 2644 sed
3554 2582 3711 2644 hanc

2052 2670 2315 2733 asazculo
2328 2677 2587 2751 paratam
2601 2670 2782 2734 fuisse
2792 2668 3275 2733 etannuntiatam
3292 2669 3711 2734 aDeo.Deinde

2055 2758 2174 2839 agit
2202 2759 2277 2821 de
2307 2758 2731 2821 constitutione
2788 2757 3168 2835 clericorum,
3226 2766 3284 2821 et
3340 2759 3503 2823 hunc
3531 2760 3711 2824 docet

2056 2847 2353 2930 quomodo
2387 2857 2486 2910 aut
2516 2849 2719 2930 quales
2744 2865 2875 2909 esse
2904 2847 3064 2929 ipsos
3094 2855 3381 2928 oporteat,
3402 2866 3472 2911 ac
3494 2849 3712 2931 praaci-

2058 2937 2144 3018 pit
2174 2936 2228 2999 ei
2255 2945 2318 2998 ut
2352 2936 2625 3018 objurget
2654 2937 3041 3000 adversantes
3068 2954 3229 2999 sana;
3261 2937 3424 3014 ﬁdei,
3454 2940 3712 3001 maxime

2059 3038 2259 3090 autem
2281 3026 2416 3089 illos
2446 3029 2546 3109 qui
2580 3035 2717 3090 sunt
2770 3047 2840 3088 ex
2891 3026 3396 3091 circumcisione:
3434 3028 3714 3110 quodque

2062 3116 2379 3180 Cretenses
2395 3118 2618 3181 otiosos
2634 3135 2767 3180 esse
2780 3116 3008 3179 noverit
3020 3124 3078 3179 et
3089 3134 3265 3197 egere
3277 3116 3711 3198 increpatione,

2060 3205 2418 3269 simuletiam
2435 3208 2657 3270 docens
2674 3225 2885 3270 omnes
2896 3206 3062 3271 cibos
3076 3225 3207 3270 esse
3227 3207 3712 3289 mundoszetqua-

311 3300 382 3355 τὰ
411 3299 671 3379 βρώματα
724 3301 927 3379 καθαρὰ
966 3300 1109 3359 εἶναι
1152 3313 1270 3365 τοῖς
1311 3303 1595 3381 καθαροῖς,
1651 3300 1741 3356 καὶ
1784 3299 1971 3364 ὁποίας

2058 3294 2146 3357 les
2170 3314 2304 3358 esse
2336 3305 2609 3377 oporteat
2637 3315 2789 3360 anus
2812 3316 2943 3379 quae
2968 3296 3184 3359 debeat
3208 3296 3715 3359 adolescentiores

310 3389 463 3446 εἶναι
516 3386 601 3446 δεῖ
653 3387 749 3454 τὰς
803 3386 1142 3469 πρεσϐύτιδας
1183 3390 1276 3455 τὰς
1332 3387 1643 3471 ὀφειλούσας
1710 3388 1973 3470 σωφρονί-

308 3487 423 3550 ζειν
470 3478 567 3543 τὰς
609 3478 753 3543 νέας.
810 3480 1068 3559 Παραινεῖ
1122 3477 1202 3558 δὲ,
1260 3486 1377 3547 πῶς
1435 3478 1520 3537 δεῖ
1570 3480 1691 3544 τοὺς
1751 3476 1971 3544 δούλους

311 3582 436 3634 το⁴ς
467 3566 612 3632 ἰδίοις
670 3567 950 3634 δεσπόταις
1008 3570 1413 3632 ὑποτάσσεσθαι.
1463 3570 1564 3628 Καὶ
1619 3567 1771 3633 τέλος
1830 3570 1970 3625 ὑπο-

313 3658 527 3732 μνήσας
581 3656 664 3714 ὅτι
734 3660 769 3728 ἡ
839 3666 931 3717 τοῦ
1000 3659 1306 3737 Πνεύματος
1362 3658 1521 3740 χάρις
1577 3657 1672 3715 οὐκ
1721 3654 1773 3724 ἐξ
1802 3655 1971 3737 ἔργων

309 3747 462 3823 ἡμᾶς
519 3745 847 3825 ὶδικαίωσεν,
922 3747 1058 3808 ἀλλὰ
1112 3756 1182 3828 τῇ
1238 3747 1338 3824 ἰδίᾳ
1413 3746 1774 3831 φιλανθρωπίᾳ
1806 3764 1822 3783 ’
1881 3748 1971 3804 καὶ

310 3836 678 3918 παραγγείλας
746 3837 844 3902 τὰς
923 3839 1144 3915 νομικὰς
1229 3839 1413 3919 μάχας
1497 3835 1836 3916 ἐκτρέπεσθαι
1894 3838 1969 3901 ὡς

312 3925 795 4009 ἀναισχυντούσας,
838 3925 1000 3995 δηλοῖ
1048 3930 1192 4004 αὐτῷ
1249 3928 1384 4003 μετὰ
1437 3928 1500 3984 τὸ
1559 3925 1773 4002 πέμψαι
1839 3926 1971 4004 πρὸς

312 4017 471 4076 αὐτὸν
521 4013 806 4096 Ἀρτεμᾶν,
866 4016 959 4075 ἵνα
1008 4016 1135 4096 ’ἔλθῃ
1208 4018 1339 4098 πρὸς
1410 4016 1566 4075 αὐτόν
1599 4031 1613 4046 ’
1675 4013 1972 4073 ἓνετείλατό

308 4127 368 4161 τε
434 4108 582 4180 αὗτῷ
628 4105 767 4162 ὥστε
816 4102 1077 4165 διδάσκειν
1118 4107 1208 4165 καὶ
1261 4106 1383 4171 τοὺς
1440 4108 1596 4165 αὐτοῦ
1643 4100 1821 4163 καλῶν
1881 4101 1973 4180 ἕρ-

310 4217 427 4273 γων
496 4195 866 4275 προίστασθαι,
923 4198 1024 4255 καὶ
1081 4195 1250 4262 οὕτως
1306 4194 1509 4254 τελειοῖ
1566 4195 1668 4263 τὴν
1725 4190 1977 4252 Ἐπιστο-

315 4284 448 4355 λήν,

849 4243 866 4279 ἳ

908 4404 1082 4457 θΕΟΔ
1092 4403 1383 4457 ΩΡΠΤΟΥ.

409 4493 467 4561 Ὀ
509 4512 670 4569 Τῖτος
717 4504 1005 4582 θαυμάσιός
1046 4527 1130 4569 τις
1184 4504 1252 4574 ἧν
1308 4503 1552 4580 μαθητὴς
1594 4510 1688 4563 τοῦ
1741 4500 1970 4564 Παύλου.

322 4589 642 4657 Ἐπίσκοπος
670 4591 725 4650 δὲ
774 4599 875 4662 τῆς
922 4595 1137 4675 Κρήτης
1179 4593 1438 4673 μεγίστης
1498 4590 1661 4659 οὔσης
1720 4613 1972 4672 κεχειρο-

318 4679 514 4748 τόνητο
555 4683 659 4739 ὑπὸ
708 4690 802 4740 τοῦ
860 4682 1088 4744 Παύλου.
1150 4679 1543 4762 Ἐπετέτραπτο
1613 4679 1669 4737 δὲ
1724 4681 1847 4745 τοὺς
1887 4675 1977 4736 ὑπ’

320 4770 479 4829 αὐτὸν
506 4771 827 4837 ἑπισκόπους
870 4776 1270 4853 χειροτονῆσαι.
1329 4771 1547 4851 Γράφων
1607 4767 1662 4826 δὲ
1716 4769 1881 4826 ταῦτα
1949 4770 1978 4825 ὁ

321 4857 551 4940 Παῦλος,
594 4858 799 4936 μᾶλλον
880 4864 937 4919 ὶν
1004 4860 1150 4936 ἀδείᾳ
1198 4862 1289 4929 ἦν.
1334 4858 1578 4937 Οὐδαμοῦ
1633 4858 1733 4939 γὰρ
1786 4879 1976 4938 πειρα-

314 4952 471 5023 σμῶν
496 4948 791 5025 μέμνηται.
839 4947 1201 5009 Ἀποτείνεται
1244 4949 1301 5007 δὲ
1355 4950 1444 5008 καὶ
1499 4950 1631 5030 πρὸς
1701 4945 1978 5013 Ἰουδαίους

311 5038 352 5105 ἦ
396 5036 677 5110 ἐπιστολή.
712 5041 904 5122 Πρώτη
933 5039 988 5099 δὲ
1019 5040 1156 5109 αὕτη
1185 5046 1285 5109 τῆς
1314 5041 1445 5115 πρὸς
1476 5040 1730 5115 Τιμόθεον
1774 5035 1980 5114 μᾶλλον

311 5129 481 5191 ἔστιν,

456 5241 800 5295 ΚΕΦΑΛΑΙΑ
834 5243 967 5296 ΤΗΣ
999 5243 1172 5297 ΠΡΟΣ
1201 5246 1396 5296 ΤΙΤΟΝ
1430 5239 1839 5297 ΕΠΙΣΤΟΛΗΣ.

308 5330 389 5405 α’.
426 5345 549 5424 Περὶ
574 5342 909 5402 διδασκάλων
935 5341 1248 5414 ἐπιτηδείων
1276 5343 1348 5409 ε’ίς
1378 5341 1663 5422 διακονίαν,
1697 5343 1784 5399 καὶ
1814 5340 1971 5420 ἔλεγ-

390 5456 495 5514 χον
525 5433 784 5496 ἀπειθῶν.

298 5512 570 5603 β’ξίὶατὰ
618 5525 713 5584 τὸν
770 5524 1022 5604 σαρκικὰς
1070 5523 1347 5604 καθάρσεις
1404 5518 1823 5602 πρεσϐευόντων,
1876 5523 1973 5577 καὶ

382 5615 518 5696 ὑπὲρ
547 5618 918 5691 πνευματικῆς
962 5613 1180 5694 ἀρετῆς.

2056 3385 2316 3451 reddere
2330 3386 2649 3451 modestas.
2667 3387 2965 3450 Admonet
2980 3395 3178 3450 autem
3201 3386 3499 3469 quomodo
3511 3402 3714 3449 servos

2055 3482 2323 3554 oporteat
2354 3475 2477 3539 suis
2532 3476 2792 3540 dominis
2841 3494 2974 3540 esse
3005 3475 3296 3539 subditos.
3331 3475 3717 3557 Tandemque

2053 3565 2319 3645 suggerit
2350 3565 2506 3646 quod
2537 3566 2726 3645 gratia
2756 3564 3010 3647 Spiritus
3038 3585 3160 3627 non
3191 3584 3265 3628 ex
3296 3565 3577 3647 operibus
3606 3584 3717 3628 nos

2046 3652 2483 3733 justiﬁcaverit,
2509 3655 2613 3718 sed
2638 3674 2744 3719 sua
2765 3654 3229 3735 benignitate.Et
3246 3663 3555 3737 postquam
3570 3672 3720 3737 prai-

2051 3742 2210 3823 cepit
2236 3750 2397 3803 295
2430 3743 2486 3806 ei
2536 3750 2602 3806 ut
2650 3751 2960 3807 aversetur
2988 3761 3215 3824 pugnas
3241 3761 3375 3824 quae
3404 3750 3541 3821 sunt
3556 3742 3717 3806 circa

2053 3831 2342 3912 legem,ut
2366 3851 2498 3914 quae
2508 3832 2800 3915 pudorem
2821 3833 3076 3894 aﬁ‘erunt
3090 3839 3148 3893 et
3171 3830 3715 3907 confusionem,de-

2054 3921 2290 3983 nuntiat
2319 3920 2435 4002 ipsi
2465 3930 2529 3984 ut
2558 3922 2632 3985 ad
2664 3940 2729 3984 se
2761 3921 2975 3998 veniat,
3011 3919 3114 3982 ubi
3141 3921 3429 3983 Arteman
3468 3920 3545 3982 ad
3576 3938 3715 3982 eum

2059 4010 2307 4072 miserit:
2335 4012 2591 4094 datoque
2614 4012 2729 4094 ipsi
2752 4017 3049 4093 praecepto
3073 4017 3291 4073 utsuos
3313 4008 3523 4073 doceat
3544 4007 3717 4072 bonis

2058 4118 2317 4181 praeesse
2345 4100 2647 4182 operibus,
2683 4101 2763 4163 ita
2791 4098 3084 4163 contludit
3112 4098 3459 4181 Epistolam.

2642 4386 3149 4454 THEODORETI.

2139 4492 2309 4558 Titus
2337 4494 2610 4575 egregius
2633 4503 2759 4560 erat
2776 4495 2943 4560 Pauli
2981 4494 3331 4576 discipulus.
3357 4496 3550 4559 Cretae
3577 4510 3718 4555 vero

2061 4601 2193 4663 quae
2246 4586 2498 4648 maxima
2528 4594 2676 4669 erat,
2714 4585 3023 4649 ordinatus
3070 4604 3102 4646 a
3133 4584 3315 4647 Paulo
3375 4584 3714 4665 episcopus.

2059 4670 2427 4737 Permissum
2459 4683 2656 4739 autem
2688 4675 2805 4758 ipsi
2837 4681 2964 4738 erat
2993 4680 3051 4736 et
3078 4672 3467 4736 commissum
3490 4680 3554 4734 ut
3571 4672 3720 4733 infe-

2060 4761 2253 4826 riores
2282 4765 2587 4829 ordinaret
2617 4766 2955 4847 episcopos.
3008 4765 3157 4826 Cum
3186 4770 3382 4825 autem
3406 4762 3534 4824 haec
3560 4763 3716 4823 scri-

2060 4851 2233 4914 beret
2262 4852 2501 4931 Paulus,
2556 4855 2619 4917 in
2671 4854 2943 4916 libertate
3001 4860 3173 4915 erat:
3209 4868 3498 4931 nusquam
3555 4849 3717 4912 enim

2060 4939 2439 5005 afﬂictionem
2494 4942 2791 5006 meminit.
2867 4940 3215 5005 Extenditur
3268 4946 3469 5003 autem
3525 4951 3590 5003 et
3642 4939 3718 5002 ad

2060 5029 2299 5093 Iudaeos
2344 5030 2626 5113 Epistula.
2672 5031 2810 5094 Haec
2852 5039 3050 5094 autem
3081 5028 3245 5112 prior
3274 5026 3457 5089 fuisse
3486 5026 3719 5092 videtur

2061 5137 2238 5201 quam
2268 5121 2521 5201 epistola
2551 5121 2629 5184 ad
2660 5120 3071 5184 Timotheum.

2184 5235 2350 5288 :86
2375 5226 2810 5292 EPISTOLA'J
2836 5226 2954 5291 AD
2992 5223 3243 5290 TITUM
3271 5222 3596 5289 CAPITA.

2058 5334 2118 5399 1.
2151 5335 2239 5397 De
2260 5334 2602 5400 doctoribus
2614 5336 2845 5400 idoneis
2860 5335 2940 5399 ad
2962 5334 3391 5409 ministerium,
3422 5339 3479 5397 et
3499 5334 3717 5398 redar-
3828 5358 3833 5362 ·

2138 5427 2453 5507 gutionem
2482 5444 2602 5489 non
2632 5425 3199 5508 obtemperantium.

2060 5521 2119 5578 2.
2156 5516 2467 5579 Adversus
2495 5533 2589 5578 eos
2616 5517 2723 5596 qni
2751 5514 3035 5580 carnales
3057 5514 3518 5579 annuntiabant
3534 5514 3718 5596 puri-

2141 5606 2478 5687 ﬁcationes,
2510 5612 2568 5669 et
2590 5605 2665 5669 de
2692 5603 3007 5688 spirituali
3034 5605 3282 5668 virtute.
