4132 6426
405 370 525 437 243

1544 371 1955 436 (EGUMENII
1998 372 2295 439 TRIGCIE
2332 371 2666 440 EPISCOPI

3688 383 3818 447 244

414 505 477 569 3.
509 507 976 571 Admonitioms
1006 522 1160 588 quas
1190 503 1358 568 tradi
1384 509 1620 583 oportet
1637 506 1825 584 juxta
1850 505 2070 587 singu-
2090 514 2123 565 Α

2184 495 2231 571 ”.
2292 506 2632 587 Παραινέσεις
2717 510 2780 574 ἃς
2868 508 2953 568 δεῖ
3034 525 3313 593 παραινεῖν
3396 512 3516 572 καθ⁹
3598 514 3821 584 ἡλικίαν

500 597 702 660 lorum
729 603 989 661 atatem.

2237 598 2479 665 ἑκάστοις
2489 647 2504 663 .

420 687 483 751 4.
511 686 599 751 De
621 695 812 751 sercts
840 690 910 750 ut
952 686 1072 767 ipsi
1127 701 1364 766 quoque
1414 683 1689 747 decenter
1736 682 1816 746 ad
1845 682 2077 748 Christi

2184 676 2226 748 i'.
2300 688 2424 768 Περὶ
2478 684 2699 767 δούλων,
2754 689 2829 753 ὡς
2898 686 2961 744 ἂν
3029 690 3120 747 καὶ
3190 690 3338 748 αύτοί
3406 692 3505 761 τῆς
3588 700 3823 774 Χριστοῦ

496 775 768 857 gratiam
794 777 1089 839 serviant.

2237 776 2459 857 χάριτος
2487 775 2643 843 ἀξίως
2673 774 2987 840 δουλεύοιεν,

417 865 474 928 5.
499 854 604 927 ’Πθ
651 864 992 927 obedientia
1019 862 1469 945 principatibus
1496 860 1857 942 exhibendg,
1890 860 2077 926 veluti

2194 854 2384 945 ’,ἠέρι
2412 864 2691 946 ἀρχόντων
2714 866 2952 933 ὑπακοῆς
2981 867 3285 944 πρεπούσης
3329 874 3399 947 τῇ
3440 867 3697 945 ἐπιεικείᾳ
3723 872 3826 929 τοῦ

495 953 663 1017 decet
691 951 924 1016 Christi
947 952 1503 1017 mansuetudinem.

2242 960 2492 1034 Χριστοῦ.

419 1042 480 1106 6.
513 1042 980 1106 Admonitiones
1000 1041 1073 1106 de
1094 1041 1476 1105 declinandis
1493 1041 1925 1122 quastionibus
1941 1058 2078 1123 quae

2184 1031 2260 1119 ξ’.
2291 1031 2301 1034 ’
2333 1042 2671 1123 Παραινὲσεις
2734 1042 2857 1122 περί
2903 1064 2995 1100 του
3053 1041 3311 1101 ἐκκλίνειν
3349 1045 3472 1112 τοὺς
3528 1049 3824 1128 αἱρετικοὺς

496 1132 852 1196 seditionem
879 1131 1204 1195 concitent.

2238 1132 2502 1205 ζητητάς.

1144 1439 1866 1569 ΠΑΥΛΟΥ
1989 1439 3089 1571 ΑΠΟΣΤΟΛΟΥ

1298 1704 1371 1786 Η
1469 1702 1763 1789 ΠΡΟΣ
1863 1702 2205 1790 ΤΙΤΟΝ
2299 1703 2921 1823 ΕΠΙΣΤΟΛΗ,

1559 2064 1974 2174 PAULI
2076 2062 2760 2178 APOSTOLI

1195 2313 1381 2407 AD
1529 2312 2037 2409 TITUM

2188 2312 3054 2414 EPISTOLA.

935 2682 1075 2744 987
1106 2682 1546 2749 PROOEMIUM.
2093 2693 2131 2741 Β

450 2772 499 2848 Ι,
515 2776 534 2837 1
554 2774 2086 2859 -4.PaulusseruusDei,apostolusautemlesuChri-

426 2863 1219 2943 stijuxtaﬁdemelectorum
1230 2866 2089 2948 Deietcognitionemveritatis

425 2953 898 3032 quaesecundum
904 2960 1194 3035 pietatem
1206 2965 1292 3019 est
1302 2957 1365 3019 in
1381 2973 1484 3037 spe
1496 2957 1635 3020 vitae
1648 2963 1887 3028 aeterne,
1899 2974 2086 3038 quam

421 3043 771 3122 promisitis
791 3045 898 3124 qui
931 3047 1193 3109 mentiri
1228 3051 1422 3109 nescit
1447 3046 1609 3109 Deus
1637 3054 1780 3109 ante
1813 3054 2085 3128 tempora

426 3136 1095 3215 mterna:manifestavit
1115 3144 1319 3200 autem
1330 3138 1704 3218 temporibus
1723 3141 2088 3201 suissermo-

427 3240 565 3286 nem
586 3241 767 3287 suum
786 3242 893 3306 per
908 3227 2091 3308 praedicationemsuam,quaecommissa

427 3314 2088 3397 estmihi,secundumprceceptumSalvatorisnostriDei,

435 3401 566 3464 Tito
583 3419 874 3482 germano
893 3404 1021 3486 ﬁlio
1028 3408 1209 3485 juxta
1229 3422 1608 3468 communem
1626 3405 1828 3485 ﬁdem,
1851 3408 2086 3487 gratia,

422 3491 882 3567 misericordia,
927 3510 1064 3573 pace
1093 3511 1132 3555 a
1184 3493 1314 3556 Deo
1336 3493 1525 3558 Patre
1565 3502 1623 3557 et
1647 3494 1903 3557 Domino
1943 3494 2090 3559 Jesu

430 3578 672 3643 Christo
703 3580 1030 3646 Saluatore
1057 3590 1296 3647 nostro.

520 3666 697 3731 Nullo
719 3669 1070 3735 discrimine
1094 3673 1222 3735 haec
1239 3671 1571 3755 ponit,alibi
1595 3672 1834 3753 quidem
1858 3691 2090 3737 servum

436 3756 677 3836 Christi,
701 3761 1035 3842 apostolum
1058 3769 1253 3824 autem
1276 3764 1406 3843 Dei,
1440 3780 1596 3825 nunc
1615 3779 1755 3825 vero
1778 3781 1810 3825 e
1836 3763 2091 3829 diverso.

437 3870 462 3902 α
496 3845 671 3912 Juxta
698 3849 903 3913 ﬁdem.
944 3873 968 3907 υ
1022 3854 1273 3933 Propter
1302 3851 1504 3926 ﬁdem,
1537 3851 1650 3912 hoc
1694 3858 1812 3926 est,
1837 3868 1908 3914 eo
1940 3859 2098 3932 quod

2779 2692 3190 2747 ΠΡΟΟΙΜΙΟΝ.

2254 2798 2279 2833 ι
2367 2777 2571 2845 Παῦλος
2636 2779 2822 2845 δοῦλος
2909 2779 3066 2854 Θεοῦ,
3144 2777 3441 2843 ἀπόστολος
3525 2777 3581 2835 δὲ
3652 2777 3833 2846 Ἰησοῦ

2168 2872 2412 2946 Χριστοῦ,
2499 2869 2635 2925 κατά
2716 2871 2894 2927 πίστιν
2980 2866 3249 2926 ἐκλεκτῶν
3333 2873 3489 2948 Θεοῦ,
3575 2867 3662 2923 καὶ
3718 2866 3824 2923 ἐπί·

2168 2978 2364 3035 γνωσιν
2427 2954 2677 3023 ἀληθείας
2763 2982 2862 3028 της
2947 2956 3066 3014 κατ’
3138 2954 3426 3037 εὖσέϐειαν,
3504 2953 3589 3013 ἐπ’
3664 2953 3836 3012 ἐλπίδι

2167 3045 2308 3116 ζωῆς
2386 3044 2620 3117 αἰωνίου,
2705 3046 2768 3116 ἢν
2854 3045 3213 3126 ἐπηγγείλατο
3302 3048 3331 3103 ὁ
3398 3041 3633 3120 ἀψευδὴς
3703 3046 3887 3123 Θεὸςη

2167 3137 2270 3212 πρὸ
2321 3135 2530 3216 χρόνων
2589 3136 2838 3218 αἰωνίων,
2896 3135 3191 3218 ἐφανέρωσε
3266 3133 3322 3191 δὲ
3394 3148 3605 3215 καιροῖς
3680 3133 3844 3199 ἰδίοις’

2170 3225 2262 3280 τὸν
2345 3223 2506 3304 λόγον
2589 3227 2746 3283 αὐτοῦ
2828 3225 2882 3283 ἐν
2965 3227 3288 3306 κηρύγματι,
3382 3227 3429 3299 ᾧ
3454 3287 3477 3311 .
3510 3223 3831 3290 ἐπιστεύθην

2171 3313 2278 3392 ἐγὼ
2305 3312 2423 3370 κατ’
2451 3313 2710 3395 ἐπιταγὴν
2739 3322 2831 3373 τοῦ
2860 3320 3111 3394 Σωτῆρος
3141 3316 3295 3391 ἡμῶν
3328 3318 3479 3389 Θεοῦ,
3518 3313 3656 3387 Τίτῳ
3686 3333 3831 3391 γνη-

2171 3404 2269 3476 σίῳ
2296 3402 2464 3476 τέκνῳ
2490 3404 2629 3461 κάκὰ
2656 3404 2840 3473 κοινὴν
2862 3404 3061 3462 πίστιν·
3094 3403 3279 3485 χάρις,
3303 3400 3473 3478 accc,
3507 3402 3690 3482 εἰρήνη
3720 3400 3831 3457 ἀπὸ

2172 3499 2303 3551 Θεοῦ
2333 3494 2534 3571 Πατρὸς
2576 3495 2665 3551 καὶ
2694 3496 2880 3573 Κυρίου
2921 3491 3099 3562 Ἰησοῦ
3156 3499 3380 3576 Χριστοῦ
3433 3499 3523 3552 τοῦ
3577 3495 3828 3569 Σωτῆρος

2170 3584 2347 3658 ἡμῶν,
2385 3605 2413 3638 ι)

2258 3669 2583 3753 Ἀδιαφόρως
2637 3681 2800 3731 ταῦτα
2871 3672 3068 3752 τίθησι,
3131 3669 3260 3728 ποτὶ
3327 3666 3512 3728 δοῦλον
3579 3673 3826 3747 Χριστοῦ,

2178 3759 2475 3819 ἀπόστολον
2532 3760 2587 3818 δὲ
2642 3769 2795 3841 Θεοῦ,
2869 3767 2956 3818 νῦν
3010 3758 3066 3816 δὲ
3125 3761 3187 3817 τὸ
3248 3757 3530 3821 ἀνάπαλιν,
3596 3779 3624 3811 α
3680 3756 3828 3814 Κατά

2180 3849 2378 3909 πίστιν.
2430 3872 2454 3908 ι
2520 3851 2618 3906 Διὰ
2658 3851 2859 3930 πίστιν,
2914 3849 3179 3923 τουτέστι,
3237 3845 3322 3908 διὰ
3372 3849 3433 3906 τὸ
3478 3844 3831 3913 πιστευθῆναί

434 3937 768 4001 concrediti
789 3939 908 4001 sint
922 3939 1067 4002 mihi
1084 3940 1260 4003 electi
1284 3939 1392 4004 Dei
1410 3946 1589 4003 uteos
1612 3939 1892 4002 docerem
1912 3939 2099 4003 factus
2117 4003 2123 4019 Α

2184 3961 2275 4015 μοι
2317 3940 2438 4004 τοὺς
2485 3938 2763 4003 ἐκλεκτοὺς
2792 3946 2884 4019 τοῦ
2926 3945 3057 3996 Θεοῦ
3103 3939 3235 4019 πρὸς
3289 3939 3351 3994 τὸ
3394 3934 3591 4002 διδάξαι
3647 3934 3831 4014 ἐγενό-

433 4043 566 4090 sum
589 4028 997 4108 apostolus.—
1019 4033 1145 4093 Aut
1169 4031 1278 4094 hoc
1294 4030 1469 4094 modo
1496 4048 1511 4093 ε
1537 4029 1863 4109 Apostolus
1880 4048 2011 4091 sum
2035 4038 2100 4092 ut

433 4116 684 4179 credant
737 4118 912 4181 electi
958 4137 1067 4201 por
1119 4138 1240 4202 me,
1274 4128 1332 4182 et
1382 4126 1747 4201 cognoscant
1787 4124 2096 4183 veritatem

433 4205 673 4286 pietatis
698 4224 914 4288 nempe
966 4209 1292 4272 Christum.
1357 4208 1461 4272 Vel
1520 4210 1632 4274 isto
1661 4209 1839 4271 etiam
1875 4210 2091 4274 modo:

436 4293 606 4367 Quod
638 4294 753 4358 sim
783 4298 1087 4378 apostolus
1136 4306 1195 4360 et
1253 4298 1465 4360 crediti
1514 4299 1636 4360 sint
1692 4298 1839 4360 mihi
1897 4299 2092 4368 electi,

439 4390 602 4443 288
636 4400 756 4445 non
804 4390 1073 4465 utunque
1131 4385 1278 4448 mihi
1330 4387 1594 4466 contigit,
1649 4386 1753 4449 sed
1814 4388 2092 4468 quoniam

437 4472 685 4553 cognovi
714 4472 1023 4536 veritatem
1072 4472 1327 4554 pietatis.
1385 4474 1528 4549 Quae
1569 4484 1660 4539 est
1711 4484 1909 4539 autem
1967 4478 2099 4541 haec

436 4561 702 4624 veritas?
732 4561 1021 4625 Christus.
1079 4567 1267 4626 Recte
1317 4572 1513 4628 autem
1564 4563 1759 4627 dixit:
1820 4564 2099 4628 Veritatis

438 4666 575 4731 quae
605 4651 933 4714 secundum
966 4651 1247 4734 pietatem
1284 4661 1394 4726 est,
1421 4653 1590 4735 quasi
1613 4655 1691 4715 sit
1711 4661 1769 4717 et
1797 4654 1911 4716 alia
1938 4656 2097 4717 veri-

433 4748 523 4803 tas
553 4758 671 4803 non
705 4741 1037 4803 secundum
1069 4742 1377 4823 pietatem,
1405 4742 1579 4816 sicuti
1601 4752 1690 4805 est
1734 4743 1888 4807 scire
1912 4752 2101 4807 artem

434 4829 719 4911 aliquam.
762 4854 784 4888 ι
823 4828 890 4893 Iu
921 4850 1028 4912 spe
1056 4833 1186 4894 vitae
1215 4841 1480 4900 aeternae.
1514 4857 1540 4889 »
1575 4831 2102 4914 Statisquidemin

438 4937 505 4981 se
531 4928 681 4996 erat,
715 4939 786 4983 ac
836 4920 968 4983 vice
1026 4921 1192 4983 mille
1248 4920 1707 4984 retributionem
1742 4939 2103 5001 cognoscere

434 5008 769 5082 veritatem,
820 5029 979 5073 nunc
1036 5018 1234 5074 autem
1267 5010 1615 5090 magniﬁcus
1645 5010 1802 5073 Deus
1847 5028 1953 5092 pro
1984 5011 2099 5073 hoc

435 5096 558 5177 ipss
579 5101 756 5161 etiam
776 5099 1337 5182 prmmiarependit,
1364 5102 1769 5180 nempevitam
1789 5108 2096 5162 aeternam.

433 5184 523 5247 Ad
548 5187 974 5266 cognitionem,
1000 5189 1220 5272 inquit,
1275 5190 1543 5253 veritatis
1575 5208 1708 5270 quae
1731 5190 1796 5251 ﬁt
1825 5187 1901 5251 ob
1932 5207 2100 5270 Spem

2182 4008 2289 4107 μην
2329 4028 2651 4093 ἀπόστολος,
2682 4061 2763 4073 -—
2799 4008 2857 4086 ’ῘΙ
2890 4028 3054 4091 οὕτως
3088 4041 3103 4058 ⁸
3146 4008 3493 4093 ”Απόστολός
3540 4026 3647 4103 εἰμι
3687 4008 3832 4102 ⁷πρὸς

2179 4120 2240 4175 τὸ
2282 4128 2557 4178 πιστεῦσαι
2599 4119 2721 4183 τοὺς
2786 4116 3064 4181 ἐκλεκτοὺς
3119 4113 3186 4173 δι’
3257 4115 3410 4197 ἐμοῦ,
3453 4115 3544 4172 καὶ
3598 4114 3833 4209 ἐπιγνω-

2180 4229 2262 4263 ναι
2307 4209 2405 4273 τὴν
2447 4205 2697 4277 ἀλήθειαν
2727 4212 2825 4275 τῆς
2857 4204 3143 4286 εὖσεϐείας,
3189 4205 3280 4261 τὸν
3322 4205 3568 4284 Χριστὸν,
3628 4198 3684 4259 Ἠ
3741 4198 3837 4258 οὔ·

2179 4318 2285 4360 τως
2318 4311 2333 4326 ⁸
2402 4298 2474 4354 Τὸ
2530 4294 2770 4375 γενέσθαι
2824 4293 3121 4352 ἀπόστολον
3176 4295 3263 4349 καὶ
3320 4295 3661 4359 πιστευθῆναι
3715 4290 3839 4355 τοὺς

2179 4384 2480 4464 ἐκλεκτοὺς,
2526 4386 2628 4464 οὔχ
2672 4382 2854 4448 ἁπλῶς
2922 4381 3115 4462 ὑπῆρξέ
3185 4403 3300 4457 μοι,
3346 4378 3466 4437 ἀλλ’
3523 4375 3706 4446 ἐπειδὴ
3748 4377 3837 4435 ἐπ’

2180 4474 2347 4553 ἐγνων
2390 4474 2490 4541 τὴν
2536 4479 2636 4540 τῆς
2681 4470 2942 4535 εὒσεϐεὶας
3006 4470 3279 4540 ἀλήθειαν,
3352 4468 3441 4532 Τίς
3495 4466 3549 4523 δὲ
3608 4464 3744 4553 αὕτη
3800 4467 3838 4534 ἡ

2180 4551 2450 4643 ἀλήθεια,
2513 4552 2569 4619 Ὀ
2602 4561 2845 4639 Χριστός.
2896 4556 3083 4622 Καλῶς
3128 4555 3206 4632 δὲ,
3266 4560 3374 4625 Τῆς
3423 4553 3545 4612 κατ’
3573 4551 3839 4643 εὐσέϐειαν

2183 4640 2458 4725 ἀληθείας,
2519 4652 2591 4716 ὡς
2648 4650 2808 4718 οὔσης
2884 4649 2972 4706 καὶ
3043 4645 3210 4714 ἄλλης
3267 4643 3541 4725 ἀληθείας,
3615 4642 3675 4701 0'5
3729 4640 3839 4719 μὰν

2183 4739 2300 4797 κατ’
2346 4737 2634 4818 εὐσέϐειαν,
2693 4740 2767 4801 ὡς
2826 4738 2885 4795 τὸ
2943 4734 3129 4818 εἰδέναι
3186 4732 3386 4815 τέχνην
3442 4733 3584 4795 τινά,
3656 4752 3679 4789 α
3717 4728 3839 4788 Ἐπ’

2182 4827 2351 4887 ἐλπίδι
2404 4834 2547 4900 ζωῆς
2620 4810 2851 4889 αἰωνίου.
2943 4810 3118 4906 ⁹Ἡρκει
3196 4810 3295 4900 μέν
3372 4824 3462 4880 καὶ
3542 4821 3670 4878 αὐτὸ
3722 4820 3837 4876 καθ’

2185 4919 2338 4974 ἑαυτὸ
2380 4919 2440 4973 τὶ
2484 4916 2770 4996 ἐπιγνῶναι
2814 4915 2914 4983 τὴν
2969 4912 3244 4988 ἀλήθειαν,
3290 4912 3406 4970 ἀντὶ
3448 4910 3643 4991 μυρίων
3675 4909 3843 4985 ἀμοι-

2183 5004 2313 5087 ὅῶν,
2361 5006 2449 5063 νῦν
2520 5004 2574 5062 δὲ
2632 5008 2659 5063 ὁ
2709 5000 3079 5085 μεγαλόδωρος
3152 5003 3281 5065 Θεὸς
3337 5000 3426 5058 καὶ
3480 5000 3609 5078 ὑπὲρ
3659 4997 3842 5054 τούτου

2184 5098 2342 5153 αὐτοῦ
2402 5092 2628 5171 ἀμοιϐὰς
2687 5092 2863 5150 δίδωσι
2906 5092 3049 5164 ζωὴν
3106 5090 3343 5152 αἰώνιον.
3416 5090 3505 5153 Εἰς
3564 5087 3843 5166 ἐπίγνωσιν

2184 5184 2284 5263 γάρ
2327 5180 2597 5262 ἀληθείας,
2644 5184 2797 5264 φησὶ,
2846 5181 2945 5250 τῆς
3002 5177 3087 5237 ἐπ’
3141 5176 3309 5235 ἐλπίδι
3366 5175 3651 5256 γινομένης
3700 5179 3843 5246 ζωῆς

435 5272 569 5362 vita}
591 5264 850 5340 aeternas.
870 5277 985 5339 Aut
1008 5264 1113 5352 ait,
1135 5264 1418 5362 Alterum,
1462 5264 1846 5341 collationem
1878 5264 2103 5340 fac-iens

2187 5275 2418 5336 αἰωνίου,
2457 5274 2528 5331 Τὸ
2557 5271 2633 5353 δὲ,
2665 5271 2905 5347 Αἰωνίου,
2940 5272 3014 5334 ὡς
3042 5269 3180 5362 πρὸς
3200 5268 3265 5323 τὰ
3295 5264 3562 5324 Ἰσιδαῖκά
3584 5282 3610 5362 ι·
3659 5264 3846 5362 ἐκεῖνα

437 5361 512 5424 ad
531 5360 780 5426 Judaiea
806 5386 819 5424 :
846 5383 980 5427 nam
1014 5366 1115 5428 illa
1144 5360 1605 5448 promissionem
1645 5367 2103 5433 habebantvitae

2185 5366 2286 5443 γὰρ
2330 5367 2428 5430 τῆς
2460 5345 2728 5441 παρούσης
2770 5345 2930 5442 εἶχεν
2960 5345 3280 5436 ἐπαγγελίαν
3309 5360 3474 5426 ζωῆς.
3518 5377 3547 5410 α
3584 5345 3642 5412 ιΟ
3672 5353 3846 5430 ἀψευ-

434 5452 772 5551 praesentis:
814 5473 837 5511 α
865 5452 978 5527 Qui
1006 5443 1248 5551 mentiri
1278 5458 1470 5519 nescit
1496 5457 1677 5520 Deus.
1712 5481 1734 5514 ι)
1773 5456 1836 5519 Si
1860 5456 2101 5518 mentiri

2184 5451 2278 5521 δὴς
2321 5452 2474 5515 Θεός.
2515 5474 2539 5511 ι
2576 5454 2635 5510 Εἰ
2691 5450 2951 5530 ἀψευδὴς,
3002 5446 3273 5551 πληρώσει
3328 5445 3543 5551 minare
3582 5444 3631 5551 ἃι
3670 5443 3846 5551 ἐτξηγ-

433 5531 662 5622 nequit,
684 5542 914 5624 utique,
939 5543 1264 5626 complebit
1286 5564 1421 5627 quae
1437 5547 1936 5627 promisit.«Ante
1955 5555 2095 5609 tem-

2184 5542 2416 5620 γείλατο.
2468 5559 2498 5601 (
2530 5542 2638 5621 Πρὸ
2668 5540 2877 5621 χρόνων
2932 5537 3181 5597 αἰωνίων.
3242 5556 3296 5627 ru
3332 5535 3439 5592 Οὔκ
3486 5531 3545 5627 ἐξ
3612 5531 3835 5627 ύστέριαις

436 5616 581 5710 pora
604 5616 847 5697 aeterna.
862 5658 885 5693 υ
900 5616 1033 5695 Non
1045 5616 1114 5696 ex
1134 5616 1760 5716 posteriorivoiuntate
1781 5636 2100 5699 autincon-

2184 5616 2380 5708 βουλῆς
2409 5630 2445 5698 ἢ
2478 5616 2788 5711 μετανοίας,
2848 5629 2998 5709 φησὶ,
3061 5631 3219 5682 τοῦτο
3261 5622 3449 5725 ἔθρισεν
3540 5616 3847 5725 Baccha}?

427 5722 654 5786 scantia
696 5724 810 5789 hoc
867 5725 1076 5789 deﬁnit
1110 5710 1295 5803 Deus,
1331 5728 1436 5790 sed
1488 5728 1562 5791 ab
1613 5730 1808 5795 initio.
1846 5729 2101 5792 Maxima

2185 5720 2237 5787 ἐξ
2279 5720 2485 5801 ἀρχῆς.
2530 5710 2791 5800 Μέγιστον
2849 5716 2903 5774 δὲ
2961 5714 3187 5791 ἀξίωμα,
3254 5713 3316 5769 τὸ
3358 5710 3409 5778 ἐξ
3469 5710 3644 5793 ἀρχῆς
3699 5710 3849 5787 ἡμᾶς
