4132 6424
287 372 408 438 245

1405 375 1802 440 COMMENT.
1847 373 1932 436 IN
1979 371 2224 433 EPIST.
2274 373 2374 434 AD
2418 373 2693 436 TITUM.

3574 378 3693 457 246

287 509 624 588 ᾖγαπῆσθκι.
695 537 717 566 :I
767 509 1095 592 Ἐφανέρωσε
1153 511 1229 575 δέ,
1294 536 1322 568 n
1380 511 1439 569 Τί
1513 509 1836 590 ἐφανέρωσεν
1893 507 1945 564 ἐν

2034 511 2226 566 autem
2262 503 2518 584 dignitas
2548 513 2637 568 est
2685 506 2842 588 quod
2894 526 3004 570 nos
3056 507 3130 570 ab
3179 508 3348 570 initio
3385 510 3686 574 dilexerit.

287 613 499 679 καιροῖς
560 599 709 664 ἰδίοις
791 603 880 658 καὶ
952 603 1360 681 προσήκουσιν;
1443 602 1508 668 ἣν
1578 601 1679 678 πρὸ
1737 600 1945 679 χρόνων

290 687 516 744 αἰωνίων
576 689 934 769 ἐπηγγείλατο
991 693 1158 762 ζωήν,
1249 681 1304 748 Ὀ
1388 691 1487 769 γὰρ
1546 687 1703 767 λόγος
1761 687 1942 763 ανότοῦ,

287 775 582 852 τουτέστιν,
631 781 660 835 6
703 781 953 858 Χριστὸς,
1012 779 1122 836 ἔστι
1167 801 1223 835 τε
1252 779 1364 850 ζωὶι
1415 781 1502 835 καὶ
1571 783 1713 849 ζωῆς
1758 775 1942 856 δοτήρ,

293 867 392 921 Διὰ
422 873 578 924 τοῦτο
623 869 783 924 εἰπὼν
815 867 895 924 ὅτι
940 868 1296 946 ἐπηγγείλατο
1343 869 1509 941 ζωὴν,
1558 872 1650 926 οὒκ
1707 866 1783 922 ’έτι
1842 866 1944 922 ἐπ-

287 956 516 1032 ήγαγεν,
578 956 874 1035 ἐφανέρωσε
921 955 975 1012 δὲ
1031 970 1238 1036 καιροῖς
1266 955 1412 1022 ἰδίοις
1469 959 1534 1023 τὴν
1591 954 1944 1033 ἐπηγγείλατο

287 1044 459 1116 ζωὴν,
493 1043 628 1102 ἀλλὰ
658 1047 750 1102 τὸν
782 1044 940 1123 λόγον
965 1046 1121 1105 αὔτοῦ
1175 1045 1260 1102 διὰ
1301 1052 1392 1102 106
1447 1046 1810 1125 κηρύγματος,
1871 1046 1944 1109 ὡς

287 1138 380 1188 τοῦ
440 1131 600 1211 λόγου
662 1135 839 1214 αὖτοῦ,
904 1134 1140 1192 τουτέστι
1207 1144 1301 1194 τοῦ
1361 1142 1609 1212 Χριστοῦ,
1657 1136 1754 1200 τῆς
1797 1139 1942 1205 ζωῆς

288 1220 494 1288 ἐκείνης
552 1223 715 1279 αἰτίου
783 1245 841 1280 τε
898 1221 1050 1288 ὄντος
1119 1226 1207 1281 καὶ
1281 1222 1526 1302 δοτῆρος,
1587 1225 1658 1282 Τὸ
1711 1224 1765 1280 ἐν
1833 1244 1941 1290 κη-

286 1311 544 1393 ρύγ-μπτι,
616 1312 853 1380 τουτέστι
924 1319 1162 1393 φανερῶς
1235 1315 1321 1370 καὶ
1405 1313 1540 1388 μετὰ
1623 1312 1939 1393 παρρησίας,

293 1424 320 1454 οι
377 1389 439 1459 ⁸0
503 1399 802 1458 ἐπιστεύθεν
859 1389 986 1480 ἐγῶ,
1136 1390 1288 1482 ’ὓπερ
1342 1405 1590 1483 κήρυγμα
1633 1389 1941 1470 ἐπιστεύθην

286 1491 420 1569 ἐγώ.
456 1488 550 1548 Ἐκ
592 1487 648 1546 δὲ
688 1500 782 1549 τοῦ
843 1493 1034 1561 εἰπεῖν,
1095 1492 1442 1559 Ἐπιστεύθην
1497 1493 1585 1549 καὶ
1637 1491 1757 1548 κατ’
1815 1491 1938 1548 ἐπι-

284 1581 460 1658 ταγὴν
489 1579 642 1659 Θεοῦ,
676 1577 837 1646 δηλοῖ
865 1578 974 1637 δεῖν
1023 1580 1074 1646 ἐξ
1130 1581 1364 1661 ἀνάγκης
1423 1583 1510 1637 καὶ
1567 1581 1940 1659 ἀπαραιτήτως

284 1671 378 1726 καὶ
417 1668 634 1726 θέλοντα
664 1670 882 1745 καὶμὴ,
933 1672 1239 1750 κηρύσσειν.
1287 1678 1472 1747 Τοῦτο,
1523 1671 1751 1761 niuei),
1784 1673 1934 1751 φησὶ,

287 1760 457 1836 ποίει,
487 1758 532 1814 ὦ
561 1767 711 1820 Τϊτε.
773 1779 796 1813 ι
859 1759 994 1832 Τίτῳ
1047 1759 1249 1838 γνησίῳ
1303 1759 1492 1833 τέκνῳ.
1546 1783 1571 1815 ι)
1638 1758 1780 1817 Ἐστι
1838 1761 1938 1839 γὰρ

286 1847 435 1904 εἶναι
466 1845 651 1903 τέκνον
681 1844 767 1902 διὰ
795 1850 855 1903 τὸ
883 1845 1222 1924 βεϐαπτίσθαι
1277 1847 1403 1928 παρ’
1457 1849 1634 1925 αὒτοῖ,
1684 1849 1743 1906 06
1798 1851 1935 1927 γνή-
1963 1881 2002 1929 Β

288 1958 405 1993 σιον
461 1933 540 2008 δὲ,
595 1933 681 1993 διὰ
724 1938 784 1992 τὸ
844 1937 986 1993 εἶναι
1031 1937 1367 2016 ἁμαρτωλόν.
1414 1947 1516 1997 T06
1586 1935 1641 1994 δὲ
1699 1938 1841 1994 εἶναί
1883 1960 1940 1994 σε

290 2023 480 2081 τέκνον
521 2023 668 2100 ἐμὸν,
704 2025 867 2098 αἰτία,
925 2028 1105 2107 φησὶν,
1165 2030 1200 2095 ἡ
1254 2027 1408 2095 κοινὴ
1451 2029 1652 2091 πίστις.
1698 2030 1943 2086 Ἐπαινεϊ

291 2112 353 2169 δὲ
397 2115 490 2169 τὸν
518 2116 678 2184 Τῖτον
724 2117 797 2180 ὼς
845 2113 989 2172 οὐδὲν
1034 2118 1193 2173 αὔιτοῦ
1233 2115 1394 2173 πλέον
1436 2117 1573 2174 κατὰ
1617 2117 1714 2184 τὴν
1769 2118 1943 2174 πίστιν

288 2202 464 2282 ἔχων.
511 2234 590 2246 —
617 2180 845 2269 Ἀλλως.
892 2204 1084 2264 Τέκνον
1146 2208 1173 2262 6
1204 2215 1365 2269 Τῖτος
1408 2213 1499 2262 τοῦ
1555 2180 1785 2286 Παύλου,
1818 2207 1945 2263 καθὸ

286 2289 595 2350 ἐδιδάσκετο
660 2291 784 2372 παρ’
843 2298 1000 2353 αὐτοῦ
1066 2294 1164 2362 τὴν
1236 2296 1433 2368 πίστιν,
1488 2295 1622 2353 κατὰ
1678 2293 1732 2351 δὲ
1763 2296 1946 2363 κοινὴν

282 2381 484 2456 πίστιν,
520 2379 681 2461 ἤγουν
704 2383 810 2439 ἀπὸ
830 2390 920 2439 τοῦ
947 2385 1334 2462 βαπτίσματος,
1355 2383 1578 2464 ἀδελφὸς
1599 2394 1690 2442 106
1710 2383 1932 2443 Παύλου.

287 2474 388 2535 Εἷς
419 2471 519 2549 γὰρ
554 2472 736 2550 Πατὴρ
766 2475 794 2528 6
821 2475 1067 2552 Χριστὸς,
1091 2475 1177 2530 καὶ
1197 2474 1292 2550 μία
1308 2475 1488 2553 μήτηρ
1506 2475 1540 2541 ἡ
1573 2471 1936 2553 κολυμϐήθρα.

287 2577 320 2618 (
369 2560 558 2641 Χάρις,
593 2560 765 2625 ἕλεος.
806 2585 827 2617 ι
884 2562 1115 2626 Εἰκότως
1145 2563 1304 2644 χάριν
1345 2565 1433 2619 καὶ
1475 2562 1622 2620 ἔλεον
1654 2563 1937 2643 ἐπεύχεται

285 2649 368 2722 τῷ
391 2649 530 2724 Τίτῳ
559 2647 858 2724 διδασκάλῳ
887 2651 1018 2712 δ’ντι.
1077 2655 1136 2709 Ei.
1189 2654 1290 2732 γὰρ
1334 2653 1410 2727 μὴ
1452 2652 1586 2728 μετὰ
1609 2658 1714 2709 τῶν
1745 2653 1939 2709 οἰάκων

290 2739 494 2794 τούτων
524 2736 884 2818 κυϐερνήσεις,
918 2742 1069 2820 φησὶ,
1114 2742 1206 2798 τὸν
1235 2740 1390 2822 λαὸν,
1422 2741 1680 2822 τουτέστι,
1713 2742 1936 2821 χάριτος

287 2825 440 2884 ἐλέου
469 2828 556 2885 καὶ
611 2829 845 2908 εἰρήνης,
892 2830 1319 2910 ἀνατραπήσεται
1375 2831 1435 2887 τὸ
1476 2831 1572 2899 τῆς
1615 2829 1938 2898 Ἐκκλησίας

287 2917 511 2998 σκάφος.

924 3027 1175 3083 ΚΕΦΑΛ.
1220 3012 1308 3084 A'.

2035 617 2063 649 α
2095 593 2487 656 Mauifestavit
2516 603 2741 659 autem.
2783 621 2807 656 »
2836 595 2988 670 Quid
3020 597 3414 660 manifestavit
3447 608 3691 681 tempo-

2028 681 2195 744 ribus
2225 683 2347 744 suis
2371 693 2429 746 et
2455 685 2769 765 congruis?
2791 705 2968 767 quam
2989 687 3064 748 ab
3086 694 3313 751 aeterno
3338 690 3700 768 promiserat

2027 771 2225 837 vitam.
2262 771 2409 835 Nam
2457 793 2659 838 sermo
2712 775 2925 856 ipsius,
2975 777 3088 838 hoc
3119 785 3232 852 est,
3267 777 3563 857 Christus,
3601 787 3695 841 est

2028 859 2143 922 vita
2174 871 2230 923 et
2261 861 2393 923 vita}
2421 861 2616 927 dator.
2677 865 3004 945 Propterea
3061 884 3196 927 cum
3260 866 3505 930 dixisset
3532 868 3695 948 quod

2029 951 2382 1029 promiserat
2410 952 2607 1028 vitam,
2645 972 2764 1014 non
2781 955 2906 1034 jam
2941 953 3274 1035 subjunxit,
3299 956 3697 1020 Manifestavit

2027 1047 2226 1101 autem
2269 1040 2638 1121 temporibus
2695 1042 2818 1104 suis
2866 1063 3044 1125 quam
3078 1045 3432 1125 promiserat
3463 1046 3638 1109 vitam
3673 1069 3687 1110 :

2027 1128 2156 1203 sed,
2182 1146 2520 1194 sermonem
2547 1149 2719 1192 suum
2743 1151 2850 1213 per
2869 1133 3384 1214 praedicationem,
3411 1143 3688 1217 tanquam

2025 1217 2151 1298 ipse
2178 1235 2398 1291 sermo,
2425 1219 2484 1280 id
2509 1227 2619 1295 est,
2657 1221 2948 1297 Christus,
3002 1222 3080 1284 sit
3123 1223 3284 1286 illius
3333 1226 3463 1286 vitae
3484 1231 3694 1288 auctor

2027 1314 2084 1368 et
2099 1306 2267 1369 dator
2280 1307 2394 1370 Per
2411 1309 2890 1389 przndicationem
2913 1329 3079 1388 vero,
3096 1313 3211 1374 hoc
3237 1321 3353 1387 est,
3376 1314 3690 1378 manifeste

2026 1403 2084 1485 et
2114 1395 2329 1485 palam.
2369 1421 2395 1453 α
2421 1396 2560 1470 Qua;
2589 1400 2908 1462 commissa
2935 1410 3024 1462 est
3056 1401 3226 1464 mihi.
3267 1425 3292 1462 υ
3321 1407 3404 1466 Ex
3426 1421 3496 1465 eo
3529 1404 3688 1485 quod

2023 1483 2106 1574 ait
2130 1502 2143 1546 :
2163 1484 2501 1574 Commissa
2515 1495 2604 1549 est
2623 1487 2789 1569 mihi,
2811 1496 2892 1564 et,
2943 1488 3284 1553 Secundum
3301 1483 3693 1574 praeceptum,

2024 1573 2375 1651 signiﬁcavit
2387 1583 2660 1656 oportere
2676 1579 3304 1641 necessarioetnullam
3313 1573 3692 1662 praetexendo

2026 1663 2490 1739 excusationem,
2526 1665 2822 1726 volentem
2849 1667 3151 1730 nolentem
3186 1671 3537 1750 praedicare.
3564 1671 3694 1734 Hoc

2026 1762 2086 1812 et
2110 1760 2194 1826 tu,
2221 1752 2432 1832 inquit,
2460 1752 2634 1814 facito
2681 1773 2713 1814 ο
2742 1753 2894 1816 Tite.
2932 1777 2954 1812 α
2982 1755 3113 1818 Tito
3145 1777 3442 1837 germano
3470 1760 3618 1822 ﬁlio.
3657 1784 3686 1817 ι

2024 1839 2233 1902 Posset
2267 1843 2424 1903 enim
2459 1861 2590 1904 esse
2623 1842 2786 1905 ﬁlius
2817 1861 2888 1906 eo
2919 1845 3077 1925 quod
3109 1845 3182 1908 ab
3204 1847 3336 1927 ipso
3361 1847 3699 1927 baptizatus

2026 1936 2205 2005 esset,
2241 1938 2299 1992 at
2332 1949 2450 1990 non
2481 1949 2821 2010 germanus,
2858 1949 2928 1996 eo
2981 1933 3140 2014 quod
3173 1944 3452 2015 peccator
3509 1943 3693 2000 esset.

2026 2016 2193 2089 Quod
2227 2026 2422 2081 autem
2456 2038 2628 2081 meus
2645 2020 2726 2080 sis
2748 2021 2928 2096 ﬁlius,
2953 2022 3167 2102 inquit,
3197 2042 3375 2086 causa
3400 2033 3491 2087 est
3521 2041 3690 2090 com-

2029 2107 2226 2168 munis
2258 2107 2427 2169 ﬁdes.
2462 2108 2765 2172 Collaudat
2796 2117 2990 2170 autem
3018 2110 3240 2187 Titum,
3281 2114 3452 2194 quasi
3482 2114 3543 2175 in
3575 2113 3697 2176 ﬁde

2027 2195 2176 2257 nihil
2209 2196 2466 2277 amplius
2498 2197 2715 2260 habeat
2734 2218 2910 2279 quam
2935 2199 3291 2262 illae—Alio
3312 2201 3700 2265 modo.Filius

2029 2283 2305 2346 Pauliest
2327 2284 2518 2364 Titus,
2568 2285 2726 2366 quod
2777 2289 2849 2347 ab
2881 2287 3010 2367 ipso
3049 2287 3227 2349 ﬁdem
3262 2289 3511 2350 edoctus
3546 2294 3702 2350 esset

2029 2371 2343 2434 Communi
2364 2392 2502 2436 vero
2521 2374 2663 2456 ﬁde,
2689 2375 2812 2436 sive
2830 2394 2864 2436 a
2898 2375 3250 2456 baptismate
3298 2377 3482 2440 frater
3505 2377 3694 2442 Pauli.

2027 2459 2191 2523 Unus
2221 2471 2311 2524 est
2366 2463 2526 2524 enim
2583 2463 2756 2526 Pater
2793 2464 3089 2543 Christus,
3128 2485 3246 2527 una
3277 2475 3336 2528 et
3366 2471 3557 2530 Mater
3591 2466 3694 2547 pi-

2029 2551 2215 2613 scina.
2250 2575 2273 2608 «ι
2310 2553 2536 2628 Gratia,
2569 2553 3002 2616 misericordia.
3039 2579 3066 2610 »
3118 2555 3331 2618 Merito
3364 2556 3610 2636 gratiam
3642 2562 3704 2617 et

2028 2640 2499 2702 misericordiam
2535 2641 2666 2704 Tito
2698 2650 2978 2723 precatur
3008 2644 3109 2724 qui
3151 2643 3360 2706 doctor
3390 2653 3536 2707 erat.
3571 2641 3699 2706 Nisi

2029 2729 2188 2790 enim
2221 2730 2313 2791 his
2342 2729 2783 2809 gubernaculis,
2824 2731 3041 2811 inquit,
3070 2733 3354 2814 populum
3386 2733 3690 2814 guberna-

2026 2819 2182 2880 veris
2211 2838 2224 2881 :
2249 2821 2720 2902 nempe,gratia,
2757 2821 3190 2899 misericordia,
3216 2831 3275 2885 et
3313 2842 3481 2905 pace,
3517 2840 3693 2886 ever-

2019 2914 2176 2968 tetur
2207 2908 2371 2970 navis
2393 2909 2681 2972 Ecclesia:

2600 3021 2768 3074 σεο
2797 3013 3039 3078 CAPUT
3071 3013 3118 3078 Ι.

293 3136 322 3167 α
362 3114 483 3193 Περὶ
512 3112 837 3173 διδασκάλων
881 3113 1181 3198 ἐπιτηδείαν
1208 3119 1280 3182 εἰς
1312 3117 1575 3175 διακονίαν
1605 3119 1692 3175 καὶ
1717 3117 1945 3198 ἔλεγχον

2034 3104 2123 3167 De
2150 3105 2492 3198 doctor-ibus
2519 3107 2754 3171 idoneis
2780 3109 3300 3198 administeer
3315 3114 3369 3172 et
3389 3109 3694 3191 redargu—

954 3197 1184 3254 ἀπειθῶν
1195 3244 1208 3258 .
1246 3221 1274 3254 υ

375 3324 402 3355 ι
475 3303 670 3360 Τούτου
742 3302 900 3382 χάριν
942 3301 1224 3360 κατέλιπόν
1270 3325 1328 3360 σε
1379 3304 1434 3360 ἐν
1477 3307 1684 3384 Κρήτῃ,
1745 3305 1836 3361 ’ἕνα
1879 3307 1945 3361 τὰ

283 3387 541 3447 λείποντα
663 3390 1035 3472 ἐπιδιορθώσῃ,
1155 3395 1244 3452 καὶ
1365 3395 1702 3471 καταστήσῃς
1812 3394 1947 3451 κατὰ

291 3477 450 3534 πόλιν
517 3478 919 3560 πρεσϐυτέρους,
988 3484 1062 3546 ὡς
1127 3481 1236 3561 ἐγώ
1305 3504 1388 3540 σοι
1464 3480 1804 3559 διεταξάμην,
1891 3483 1945 3539 εἴ

286 3588 370 3632 τις
495 3567 634 3626 ἐστὶν
757 3569 1108 3652 ἀνέγκλητος,
1236 3577 1360 3648 μιᾶς
1458 3573 1705 3650 γυναικὸς
1786 3573 1942 3652 ἀνὴρ,

283 3654 447 3713 τέκνα
501 3656 648 3738 ἔχων
720 3661 904 3736 πιστὰ,
966 3660 1044 3737 μὴ
1109 3659 1164 3716 ἐν
1224 3661 1518 3740 κατηγορίᾳ
1588 3661 1842 3742 ἀσωτίας,
1909 3662 1946 3730 ἢ

284 3743 652 3811 ἀνυπότακτα,
687 3770 716 3803 ι

373 3826 527 3914 Ὀρᾷς
586 3837 774 3900 αὖτοὺς
835 3837 1012 3918 ὥσπερ
1055 3839 1222 3896 οἰκίαν
1294 3839 1416 3914 μίαν
1479 3838 1579 3906 τὴν
1634 3839 1947 3918 οἰκουμένην

286 3920 751 4003 διανειμαμένους,
797 3928 883 3983 καὶ
951 3926 1175 3984 ἕκαστον
1230 3927 1529 4006 πράττοντά
1584 3946 1682 4006 τι;
1733 3909 1852 4007 Ὅρα
1879 3927 1950 3991 ,δὲ

285 4014 378 4069 τὸν
437 4013 675 4083 ἀθλητὴν
740 4023 834 4073 τοῦ
915 4023 1163 4097 Χριστοῦ.
1265 4021 1399 4075 Ενθα
1485 4017 1582 4093 μὲν
1641 4015 1952 4075 κινδυνεύειν

280 4104 434 4176 ἐνῆν,
496 4104 656 4168 αυτὸς
717 4105 1060 4184 παραγίνεται
1095 4120 1110 4135 ⁰
1174 4103 1293 4162 ἔνθα
1336 4103 1391 4161 δὲ
1450 4105 1583 4180 τιμή
1628 4127 1710 4168 τις
1772 4105 1836 4173 ἧν
1892 4109 1953 4162 τὸ

2363 3190 2592 3251 tionem
2621 3206 2748 3252 non
2779 3189 3351 3271 obtemperantium.

2067 3292 2114 3368 Ι,
2137 3295 2196 3367 5,
2223 3293 2280 3358 6.
2310 3294 2511 3375 Hujus
2532 3301 2627 3359 rei
2635 3298 2840 3377 gratia
2852 3297 3224 3379 retiquitein
3237 3295 3450 3378 Creta,
3473 3302 3540 3360 ut
3565 3313 3696 3376 qua:

2027 3383 2268 3465 desunt,
2274 3403 2492 3465 pergas
2505 3388 2836 3466 corrigere,
2858 3394 2914 3448 et
2925 3387 3253 3449 constituas
3265 3385 3530 3466 singulis
3541 3387 3698 3449 civi-

2030 3473 2254 3536 tat-ibus
2267 3474 2673 3554 presbyteros,
2697 3477 2851 3538 sicut
2872 3493 2982 3555 ego
3015 3476 3126 3538 tibi
3137 3477 3601 3539 ordinaveram.
3625 3474 3702 3537 Si

2028 3563 2842 3644 quissz'tinculpatus,unius
2854 3567 3068 3628 uxoris
3099 3566 3446 3640 vich‘beros
3471 3565 3701 3628 habens

2027 3651 2253 3731 fideles,
2277 3671 2399 3715 non
2428 3654 2726 3716 obnoxios
2755 3653 3004 3717 libidini
3031 3661 3139 3717 aut
3169 3654 3614 3718 intractabites.

2116 3828 2298 3892 Vides
2328 3831 2491 3912 ipsos
2521 3825 2812 3894 divisisse.
2853 3831 3014 3894 inter
3064 3851 3128 3894 se
3180 3831 3388 3895 orbem
3425 3839 3700 3912 tanquam

2035 3936 2212 3980 unam
2247 3919 2554 4001 familiam,
2585 3929 2642 3982 et
2673 3939 3162 4002 unumquemque
3187 3919 3344 4001 quod
3371 3939 3543 3980 suum
3569 3929 3704 3982 erat

2036 4016 2338 4070 curantem
2368 4008 2397 4068 ?
2430 4009 2758 4072 Considera
2785 4028 2922 4072 vero
2973 4009 3194 4072 Christi
3243 4008 3543 4072 athletam.
3576 4008 3703 4071 Hoc

2039 4096 2281 4177 quidem
2317 4097 2419 4160 ubi
2464 4099 2797 4179 periculum
2829 4098 3202 4177 imminebat,
3257 4099 3386 4180 ipse
3418 4097 3652 4160 accedit
3684 4117 3698 4157 :

285 4192 592 4274 γινόμενον,
646 4194 768 4259 τοὺς
823 4195 1062 4270 μαθητὰς
1132 4194 1355 4272 πέμπει,
1435 4201 1599 4252 Τοῦτο
1682 4194 1782 4273 γὰρ
1865 4188 1945 4251 ἐπῖ

2038 4185 2138 4247 ubi
2160 4205 2298 4248 vero
2332 4188 2525 4249 honor
2555 4188 2771 4269 aliquis
2817 4206 3174 4251 accessurus
3209 4196 3359 4268 erat,
3393 4186 3573 4248 mittit
3602 4186 3701 4248 di-

285 4286 349 4339 1‘0
405 4286 540 4342 κατᾶ
618 4285 776 4344 πόλιν
857 4292 1186 4355 καταστῆσαι
1261 4287 1580 4350 ἐπισκόπους
1638 4286 1945 4346 κατέλιπεν»

2038 4274 2320 4355 scipulos.
2346 4275 2518 4338 Hunc
2550 4277 2708 4339 enim
2740 4277 3091 4358 reliquerat,
3115 4288 3176 4338 ut
3201 4277 3451 4356 singulis
3489 4275 3704 4338 civita-

290 4370 576 4432 ἐπίσκοπον
629 4376 883 4456 πρότερον
913 4377 1163 4446 ποιήσας.
1200 4379 1298 4435 Καὶ
1342 4375 1461 4456 ὅρα,
1529 4377 1624 4433 οὒκ
1686 4377 1937 4456 αἰσχύνε-

2034 4363 2192 4430 tibus
2249 4365 2636 4427 constitueret
2704 4366 3040 4448 episcopos,
3121 4385 3255 4428 cum
3331 4385 3467 4428 eum
3533 4364 3700 4446 prius

291 4485 379 4518 ται
408 4470 482 4537 τῷ
523 4469 736 4542 μαθητῇ
789 4466 1024 4546 γράφων,
1074 4463 1454 4545 Ἐπιδιορθώσῃ
1497 4466 1562 4522 τὰ
1605 4464 1728 4542 παρ’
1787 4467 1941 4542 ἐμοῦ,

293 4554 476 4629 φησὶν,
531 4553 886 4634 ἐλλειφθέντα.
953 4546 1102 4619 Ἐνος
1158 4556 1257 4633 γὰρ
1326 4555 1536 4633 ἐγένετο
1595 4555 1780 4630 μόνου,
1853 4561 1950 4621 τῆς

295 4644 560 4720 σωτηρίας
628 4649 735 4700 τῶν
805 4645 1078 4706 ἁπάντων,
1143 4665 1167 4700 α
1228 4645 1372 4702 Κατὰ
1438 4643 1593 4700 πόλιν
1659 4641 1952 4722 πρεσϐυτέ-

292 4753 440 4810 ρους.
494 4756 517 4787 ι
553 4735 626 4791 06
653 4735 752 4813 γὰρ
805 4731 1052 4791 ἐϐούλετο
1103 4740 1278 4790 πᾶσαν
1331 4734 1430 4800 τὴν
1478 4739 1640 4800 νῆσον
1683 4733 1784 4799 τὴν
1817 4735 1928 4812 Κρή

291 4842 420 4895 την,
496 4820 740 4900 μεγάλην
817 4822 997 4895 οὖσαν,
1076 4821 1444 4901 ἐπιτετράφθαι
1526 4821 1600 4876 ἐνὶ
1655 4819 1952 4894 ἐπισκόπῳ,

292 4908 415 4965 ἀλλ’
477 4911 708 4977 ἑκάστην
750 4911 906 4968 πόλιν
949 4910 1097 4992 ἔχειν
1157 4910 1292 4967 ἴδιον
1362 4909 1613 4985 ποιμένα.
1665 4907 1958 4988 Πρεσϐυτέ-

292 5021 415 5078 ρους
458 4997 538 5074 δὲ,
573 5001 694 5065 τοὺς
726 5000 1046 5064 ἐπισκόπους
1104 4999 1284 5062 καλεῖ,
1339 5025 1364 5054 ι
1417 4998 1485 5058 Εἴ
1513 5022 1594 5063 τις
1627 4998 1766 5055 ἐστὶν
1796 4998 1958 5076 ἀνέγ-

292 5088 521 5155 κλητος.
585 5113 612 5145 ι
677 5090 1032 5169 Κατηγορίας,
1082 5090 1232 5169 ιρησί,
1305 5091 1532 5169 καθαρὸς
1577 5089 1718 5163 αὒτῷ
1762 5090 1789 5144 6
1847 5088 1957 5163 βίος

294 5178 636 5258 τυγχανέτω,
696 5182 784 5236 καὶ
853 5177 1037 5255 μηδεὶς
1109 5178 1284 5260 ἐχέτω
1352 5177 1598 5258 ἀφορμὴν
1655 5178 1958 5252 ἐπισκῶψαι

297 5272 459 5328 αὐτοῦ
515 5270 609 5336 τὴν
674 5270 840 5340 ζωήν.
907 5291 928 5324 c
996 5274 1134 5332 Μιᾶς
1177 5270 1423 5347 γυναικὸς
1472 5267 1626 5346 ἀνήρ.
1680 5289 1703 5325 ι
1755 5266 1949 5334 Αὐτὴν,

296 5359 484 5436 φησὶν,
545 5355 726 5414 εἰδέτω
773 5359 874 5426 τὴν
928 5358 1160 5434 νομίμην
1217 5357 1407 5432 μόνην.
1471 5357 1599 5421 Τοὺς
1656 5357 1746 5411 τὸν
1788 5355 1959 5433 γάμον

296 5444 746 5523 βδελυσσομένους
839 5449 1125 5526 αἱρετικοὺς
1203 5445 1549 5520 ἐπιστομίζει,
1635 5446 1707 5510 ὡς
1803 5442 1959 5499 δυνα-

297 5537 493 5612 μένους
537 5538 625 5594 καὶ
694 5537 829 5612 μετὰ
875 5537 1047 5615 γάμου
1119 5535 1414 5602 ἐπισκοπῆς
1470 5547 1715 5614 προνοεῖν
1793 5557 1961 5596 τινος.

298 5629 404 5687 Τὸν
477 5624 532 5682 δὲ
619 5624 1024 5708 δευτερόγαμον,
1093 5627 1167 5689 ὡς
1241 5622 1366 5681 ὄντα
1433 5625 1534 5681 ὑπὸ
1605 5625 1962 5703 κατάγνωσιν,

2029 4462 2290 4514 creasset
2326 4454 2695 4535 episcopum.
2763 4455 3184 4518 Animadverte
3219 4464 3510 4536 praeterea
3534 4455 3694 4536 quod

2033 4541 2229 4622 ipsum
2263 4562 2381 4603 non
2415 4545 2631 4624 pudeat
2659 4544 2926 4606 scribere
2957 4545 3250 4626 discipulo
3287 4562 3300 4606 ε
3340 4548 3528 4622 Perge
3558 4560 3696 4604 cor-

2041 4629 2240 4706 rigere
2269 4650 2400 4712 quaa
2430 4651 2463 4694 a
2493 4652 2590 4694 me
2646 4633 2857 4695 relicta
2905 4641 3045 4696 sunt
3081 4654 3094 4694 :
3150 4636 3278 4697 Hoc
3323 4633 3486 4696 enim
3518 4649 3703 4693 unum

2042 4719 2422 4799 respiciebat,
2458 4740 2676 4801 nempe
2734 4721 3002 4782 omnium
3062 4722 3340 4784 salutem.
3378 4745 3405 4776 ιι
3440 4719 3706 4799 Singulis

2043 4809 2378 4871 civitatibus
2412 4812 3068 4891 presbyteros.»Neque
3091 4811 3250 4872 enim
3272 4809 3509 4872 volebat
3526 4817 3704 4870 totam

2042 4901 2229 4961 Cretae
2261 4899 2515 4960 insulam
2553 4919 2685 4980 quae
2716 4918 2929 4978 magna
2989 4906 3120 4961 erat
3170 4899 3273 4960 uni
3325 4899 3706 4960 commissam

2045 5006 2175 5048 esse
2209 4988 2509 5068 episcopo,
2537 4990 2640 5050 sed
2676 4989 2937 5067 singulas
2968 4989 3238 5051 civitates
3270 5008 3441 5050 suum
3483 4987 3710 5051 habere

2043 5085 2363 5157 pastorem.
2399 5077 2755 5159 l’esbyteros
2786 5086 2982 5140 autem
3007 5086 3175 5140 vocat
3202 5077 3542 5158 episcopos.
3585 5099 3609 5133 ι
3646 5075 3710 5139 Si

2043 5168 2179 5247 quis
2209 5167 2284 5228 sit
2313 5167 2666 5248 inculpatus.
2707 5193 2732 5225 ι
2768 5168 2877 5230 Cui
2925 5168 3042 5229 vita
3093 5187 3238 5248 pura
3296 5169 3371 5230 sit
3420 5168 3492 5230 ab
3544 5167 3709 5230 omni

2043 5256 2296 5319 crimine
2328 5265 2384 5317 et
2406 5257 2808 5333 accusatione,
2834 5277 2910 5320 ne
2931 5258 3244 5339 quisquam
3267 5257 3708 5320 accusationem

2045 5345 2258 5408 habeat
2287 5347 2573 5427 carpendi
2604 5347 2778 5409 vitam
2830 5349 2980 5428 ejus.
3021 5373 3048 5403 α
3083 5347 3270 5410 Unius
3295 5348 3497 5410 uxoris
3526 5347 3635 5408 vir.
3671 5366 3702 5406 ›

2049 5434 2245 5498 Solam
2272 5454 2448 5496 unam
2469 5437 2701 5498 noverit
2729 5457 2862 5518 quae
2884 5437 3148 5518 legitima
3173 5437 3374 5502 fuerit.
3400 5435 3710 5499 Hazreticis

2049 5524 2389 5606 conjugium
2422 5525 2906 5590 abominantibus
2931 5528 3231 5590 silentium
3259 5527 3536 5608 imponit,
3574 5541 3711 5586 cum

2050 5616 2276 5698 possint
2316 5633 2448 5676 cum
2483 5615 2862 5678 matrimonio
2904 5617 3082 5681 alicui
3111 5634 3366 5698 praeesse
3397 5615 3708 5696 episcopa-
