4132 6416
415 375 536 443 247

1541 371 1957 437 (ECUMENII
1998 368 2296 433 TRIGCuE
2333 368 2670 436 EPISCOPI

3683 368 3803 436 248

413 512 524 577 tui.
557 512 865 592 Bigamum
893 527 1035 575 vero
1063 508 1323 592 repellit,
1372 517 1652 590 tanquam
1683 506 1982 588 vituperio
2012 511 2072 568 et

2175 503 2367 570 ιωλύει,
2406 524 2432 564 I
2466 506 2635 566 Τέκνα
2689 507 2835 589 ἔχων
2890 508 3071 569 πιστά.
3137 529 3162 567 ι
3223 499 3281 567 ιΟ
3310 506 3411 589 γὰρ
3442 506 3508 567 τὰ
3534 504 3693 564 τέκνα
3723 505 3802 581 μὴ

413 600 781 684 contemptui
808 599 1151 665 obnoxium.
1191 623 1219 655 α
1251 597 1500 662 Liberos
1543 596 1771 659 habens
1800 595 2070 684 ﬁdeles.»

416 689 531 763 Qui
560 683 697 753 suos
728 689 890 753 enim
919 688 1143 752 liberos
1159 706 1280 750 non
1302 686 1583 764 correxit,
1606 684 1906 768 quomodo
1929 683 2073 747 alie-

417 797 529 843 nos
560 779 822 860 corriget
849 796 917 841 ac
948 776 1358 859 gubernabit?

497 869 638 940 290
657 871 704 951 1,
720 869 849 932 7-8.
870 867 1132 948 Oportet
1146 867 1311 930 enim
1327 869 1671 948 episcopum
1691 863 2077 945 inculpatum

417 976 546 1023 esse
562 967 856 1040 tanquam
876 958 993 1021 Dei
1004 958 1505 1038 dispensatorem,
1527 955 2072 1035 nonproefractum,

416 1046 1073 1123 noniracundum,non
1088 1045 1580 1118 debacchantem,
1604 1061 1727 1106 non
1753 1058 2073 1122 percusso-

417 1153 572 1212 rem,
596 1149 722 1201 non
748 1139 1007 1218 turpiter
1028 1134 1201 1199 lucro
1221 1133 1531 1197 deditum:
1555 1132 1661 1195 sed
1690 1130 2071 1210 hospitalem,

421 1223 724 1289 bonarum
768 1243 979 1289 rerum
1040 1225 1411 1300 studiosum,
1471 1221 1761 1302 sobrium,
1809 1223 2071 1301 justum,

419 1320 723 1393 sanctum,
742 1321 1199 1394 temperantem,
1223 1320 1489 1375 tenacem
1527 1314 1655 1390 eius
1704 1315 1826 1392 qui
1854 1326 2073 1373 secun-

2158 592 2424 674 ρυθμίσας,
2456 602 2571 661 πῶς
2603 596 2808 678 ἑτέρους
2836 595 3090 655 διευθυνεῖ
3121 613 3138 674 ;

2243 883 2272 916 α
2334 871 2431 919 Δεῖ
2484 863 2584 943 γὰρ
2635 864 2726 922 τὸν
2797 861 3087 922 ἐπίσκοπον
3172 862 3502 944 ἀνέγκλητον
3544 863 3690 921 εἶναι
3733 863 3807 925 ὡς

2159 956 2313 1026 Θεοῦ,
2400 953 2700 1029 οἰκονόμον,
2786 953 2864 1029 μὴ
2948 950 3169 1030 αὐθάδη,
3261 955 3341 1030 μὴ
3425 953 3657 1033 ὀργίλον,
3729 950 3809 1026 μὴ

2159 1040 2433 1119 πάροινον,
2507 1042 2586 1119 μὴ
2669 1040 2942 1123 πλήκτην,
3028 1043 3106 1119 μὴ
3191 1041 3542 1123 αἰσχροκερδῆ
3575 1058 3592 1075 ·
3671 1038 3812 1097 ἀλλὰ

2160 1127 2450 1211 φιλόξενον,
2550 1129 2864 1213 φιλάγαθον,
2971 1132 3237 1213 σώφρονα,
3323 1131 3545 1205 δίκαιον,
3631 1131 3807 1201 ὅσιον,

2161 1217 2416 1298 ἐγκρατῆ,
2482 1220 2840 1301 ἀντεχόμενον
2914 1230 3008 1281 τοῦ
3088 1223 3228 1281 κατὰ
3288 1223 3388 1292 τὴν
3445 1221 3670 1304 διδαχὴν
3721 1246 3812 1279 πι-

2161 1314 2286 1365 στοῦ
2367 1307 2551 1389 λόγου,
2622 1310 2735 1366 ’ίναι
2821 1309 3036 1376 δυνατὸς
3104 1311 3141 1388 ᾖ
3212 1314 3300 1370 καὶ
3368 1312 3699 1393 παρακαλεῖν
3755 1312 3812 1371 ἐν

420 1402 567 1467 dum
585 1404 928 1468 doctrinam
952 1410 1041 1467 est
1044 1401 1251 1483 ﬁdelis
1274 1403 1612 1463 sermonis:
1643 1406 1712 1462 ut
1749 1404 1965 1481 potens
1992 1402 2072 1460 sit

2175 1402 2224 1474 τῇ
2271 1396 2574 1473 διδασκαλίᾳ
2628 1405 2697 1476 τῇ
2753 1400 3085 1479 ὑγιαινούσῃ,
3127 1403 3216 1459 καὶ
3265 1402 3384 1470 τοὺς
3441 1400 3812 1480 ἀντιλέγοντας

423 1495 613 1557 etiam
629 1494 953 1559 exhortari
976 1510 1087 1573 per
1130 1491 1481 1555 doctrinam
1496 1505 1737 1571 sanam,
1759 1494 1818 1551 et
1835 1492 2073 1551 contra-

424 1582 693 1647 dicentes
721 1588 1100 1647 convincere.

505 1672 876 1755 Inculpatum
907 1689 1062 1753 esse,
1095 1670 1374 1753 generale
1401 1677 1510 1733 est.
1547 1667 1852 1751 Siquidem
1882 1666 2083 1730 incul-

2161 1486 2431 1569 ἐλέγχειν.
2469 1510 2494 1546 ι

2247 1665 2601 1747 Ἀνέγκλητον
2672 1667 2838 1748 εἶναι,
2924 1669 2986 1725 τὸ
3048 1644 3275 1748 ³γενικὸν

3362 1668 3528 1751 λέγει.
3584 1671 3655 1729 Τὸ
3711 1671 3814 1751 γὰρ

426 1769 629 1844 patum
662 1780 815 1838 esse,
851 1760 1054 1825 omnia
1084 1780 1215 1843 quae
1232 1758 1637 1824 enumeranda
1667 1765 1806 1821 sunt
1826 1757 2083 1839 comple-

2175 1756 2515 1837 ἀνέγκλητον,
2576 1757 2747 1815 πάντα
2803 1757 3042 1844 περιέχει
3100 1760 3167 1816 τὰ
3219 1761 3579 1841 ῥηθησόμενα,
3650 1782 3810 1818 τουτ-

427 1839 654 1916 ctitur:
691 1852 805 1914 hoc
850 1858 961 1933 est,
994 1850 1057 1913 in
1087 1839 1266 1932 quem
1326 1849 1556 1912 nullum
1605 1848 1797 1929 possis
1853 1847 2082 1910 crimen

2175 1845 2333 1927 ἐστιν,
2364 1846 2788 1927 ἀκατηγόρητον.
2828 1868 2853 1905 α
2891 1839 2983 1912 εΩς
3041 1855 3172 1907 Θεοῦ
3227 1850 3519 1926 οἰνονόμον.
3563 1839 3613 1908 -ι
3662 1849 3814 1907 Ἐπεὶ

423 1940 787 2023 impingere.
829 1962 853 1998 α
887 1941 1194 2022 Tanquam
1218 1938 1326 2004 Dei
1356 1938 1889 2020 dispensatorem.)
1919 1936 2083 2010 Quo-

424 2030 586 2092 niam
637 2048 871 2113 magna,
921 2029 1138 2112 inquit,
1173 2037 1263 2091 est
1292 2027 1569 2109 dignitas,
1604 2043 1821 2106 magna
1845 2044 2085 2107 quoque

426 2137 577 2202 opus
608 2127 699 2183 est
732 2119 1019 2184 custodia.
1055 2144 1083 2175 α
1116 2118 1246 2181 Non
1290 2117 1686 2199 praefractam.
1730 2140 1750 2172 ι
1788 2114 1899 2187 Qui
1921 2115 2083 2177 enim

426 2209 691 2291 seipsum
712 2210 965 2272 domare
982 2208 1211 2290 nequit,
1230 2206 1527 2289 quomodo
1548 2205 1680 2267 aliis
1695 2204 1922 2267 utiliter
1941 2223 2086 2285 prae-

426 2316 562 2361 esse
592 2298 851 2378 poterit?
889 2328 911 2359 ι
943 2297 1076 2360 Non
1126 2296 1617 2359 debacchantem.
1647 2317 1674 2354 ι
1711 2292 1838 2355 Non
1868 2302 2082 2356 contu-

2165 1936 2276 2017 οὖν,
2324 1937 2474 2015 φησὶ,
2519 1938 2582 1993 τὸ
2625 1936 2829 2012 ἀξίωμα
2872 1936 3032 2015 μέγα,
3066 1935 3306 2017 μεγάλης
3364 1936 3533 1995 δεῖται
3582 1939 3670 1995 καὶ
3723 1962 3815 2017 φυ-

2165 2025 2361 2093 λακῆς.
2402 2044 2432 2085 ι
2475 2027 2563 2095 Μὴ
2607 2023 2826 2093 αὐθάδη.
2863 2049 2891 2081 ι
2957 2020 3015 2085 (Ο
3065 2027 3166 2107 γὰρ
3217 2028 3403 2086 ἑαυτοῦ
3446 2028 3524 2105 μὴ
3580 2036 3811 2109 κρατῶν,

2165 2117 2281 2179 πῶς
2302 2114 2493 2195 ἑτέρων
2537 2117 2895 2197 κρατήσειενς
2938 2140 2965 2172 α
2999 2118 3087 2185 Μὴ
3131 2116 3402 2195 πάροινον.
3438 2141 3467 2174 ι
3531 2119 3811 2197 Πάροινον,

2164 2203 2437 2285 ὑϐριστήν.
2478 2227 2499 2260 ι
2548 2210 2637 2273 Μὴ
2666 2204 2938 2275 πλήκτην.
2975 2230 3003 2262 ι
3037 2205 3352 2276 Πλήττοντα
3381 2207 3479 2275 τὴν
3521 2206 3814 2276 συνείδησιν

2164 2303 2269 2353 τῶν
2299 2294 2560 2375 ἀδελφῶν,
2602 2314 2627 2351 ι
2676 2296 2765 2364 Μὴ
2809 2292 3184 2376 αἰσχροκερδῆ.
3241 2318 3263 2351 ι
3333 2299 3462 2355 Οῒον
3510 2297 3811 2373 ἀκτήμονα.

427 2376 774 2452 meliosum.
814 2410 839 2446 ι
871 2386 1002 2449 Non
1053 2401 1491 2468 percussorem.
1530 2409 1557 2441 ι
1612 2382 1738 2445 Νοη
1765 2383 2081 2445 ferientem

2175 2376 2261 2449 Ὦς
2291 2385 2541 2442 παντοίου
2593 2380 2829 2468 κέρδουας,
2861 2383 2960 2440 κᾶν
2989 2382 3185 2441 δίκαιον
3214 2383 3355 2440 εἶναι
3397 2382 3550 2462 δοκῇ,
3595 2387 3819 2465 αἰσχροῦ

430 2476 830 2541 conscientias
858 2456 1127 2540 fratrum.
1168 2499 1196 2532 α
1229 2474 1359 2537 Non
1415 2473 1665 2555 turpiter
1714 2473 1878 2535 lucro
1910 2472 2083 2533 dedi-

2175 2472 2321 2537 ὄντος
2349 2456 2710 2547 ἐπισκόπῳίσ
2765 2456 2959 2536 ”Ο’σιον.
2999 2495 3023 2532 ι
3076 2475 3313 2553 Καθαρὸν
3365 2456 3584 2540 πάθους,
3622 2497 3650 2529 ι
3682 2456 3817 2553 ίὲγ-

429 2573 579 2629 tum.
615 2586 643 2627 ι
664 2565 868 2640 Qualis
886 2583 1018 2629 esse
1040 2564 1191 2627 solet
1211 2562 1317 2643 qui
1342 2563 1515 2644 inops
1533 2571 1644 2625 est:
1672 2561 1839 2643 quasi
1857 2562 2083 2625 lucrum

2175 2568 2364 2643 κρατῆ.
2401 2586 2430 2619 ι
2598 2563 2714 2642 περὶ
2770 2563 2911 2655 σιτία
2954 2562 3138 2655 μόνον,
3185 2561 3321 2620 ἀλλὰ
3374 2565 3571 2628 παντὸς
3597 2564 3814 2629 πάθους.

430 2656 703 2738 quodvis,
738 2656 915 2719 etiam
947 2655 997 2716 si
1052 2655 1279 2736 justum
1312 2670 1445 2716 esse
1489 2651 1776 2731 videatur,
1810 2660 1984 2733 turpe
2014 2651 2083 2714 sit

2179 2678 2203 2710 ιι
2244 2660 2441 2710 Πιστοῦ
2483 2651 2667 2731 λόγου.
2703 2670 2728 2713 δ
2790 2651 2843 2710 Ἠ
2874 2658 2965 2709 τοῦ
3007 2651 3260 2733 ἀληθοῦς,
3293 2652 3329 2721 ἢ
3359 2660 3451 2710 τοῦ
3479 2651 3561 2710 διὰ
3589 2654 3815 2716 πίστεως

427 2746 735 2827 episcopo.
816 2767 840 2802 α
903 2742 1208 2808 Sanctum.
1246 2767 1274 2799 »
1337 2743 1560 2805 Purum
1619 2740 1692 2802 ab
1749 2740 2081 2803 aﬂ‘ectibus.

2175 2741 2599 2824 χορηγουμένου,
2642 2743 2730 2799 καὶ
2794 2746 2888 2801 οὒκ
2943 2741 3049 2799 ἀπὸ
3107 2740 3401 2818 λογισμῶν,
3458 2744 3555 2799 Διά
3580 2750 3734 2799 τοῦτο
3761 2741 3817 2799 δὲ

433 2859 461 2892 ι
496 2834 980 2916 Temperantem.
1030 2859 1053 2891 η
1086 2834 1217 2897 Non
1278 2838 1508 2894 tantum
1568 2829 1727 2892 circa
1755 2829 1943 2905 cibos,
1977 2829 2083 2892 sed

2175 2834 2316 2907 εἷπε,
2350 2840 2452 2891 Τοῦ
2480 2831 2616 2887 κατὰ
2653 2828 2903 2912 διδαχὴν,
2936 2829 3139 2906 δηλῶν,
3172 2830 3253 2888 ὅτι
3283 2833 3370 2889 καὶ
3400 2834 3565 2913 χωρὶς
3594 2837 3691 2900 τῆς
3720 2831 3819 2900 ἔξω

428 2925 607 2985 etiam
637 2922 795 2985 circa
829 2920 1195 2984 affectiones.
1238 2939 1268 2980 ‹
1301 2918 1521 2983 Fidelis
1550 2917 1870 2979 sermonis.
1904 2943 1929 2975 ι)
1966 2920 2083 2981 Aut

2175 2922 2373 3002 σοφίας,
2423 2918 2696 2977 διδάσκειν
2724 2918 2956 2982 δύναται.
3017 2922 3090 2977 0'3
3145 2921 3246 2999 γὰρ
3288 2919 3606 2996 ἐπιδείξεως,
3663 2924 3814 2997 φησὶ,

427 3012 575 3089 veri,
602 3019 701 3075 aut
723 3014 851 3091 ejus
875 3010 979 3092 qui
1029 3028 1137 3090 per
1185 3008 1363 3071 ﬁdem
1414 3006 1846 3089 suppeditatur,
1878 3015 1935 3069 et
1966 3026 2083 3069 non

2175 3012 2347 3093 χρεία,
2376 3008 2515 3066 ἀλλά
2540 3006 2766 3089 διδαχῆς
2798 3011 2885 3066 καὶ
2909 3008 3187 3090 ὠφελείας.
3228 3033 3256 3065 α
3293 3012 3395 3067 Ἰνα
3425 3008 3639 3077 δυνατὸς
3666 3011 3702 3080 ἧ
3734 3014 3820 3069 καὶ

425 3100 500 3164 ab
531 3100 807 3163 humanis
837 3097 1295 3181 cogitationibus
1316 3103 1414 3159 aut
1432 3094 1789 3160 rationibus.
1808 3098 2082 3177 Propter-

2175 3097 2522 3180 παρακαλεῖν.
2575 3120 2600 3156 It
2662 3105 2828 3157 Τοῦτο
2871 3096 2926 3155 δέ
2970 3097 3139 3174 ἔσται,
3177 3097 3304 3183 ,ἀπό
3359 3122 3415 3156 τε
3486 3103 3817 3183 φρονήσεως,

428 3209 498 3253 ea
530 3197 727 3252 autem
751 3178 938 3253 dixiti
973 3187 1086 3261 Qui
1116 3185 1449 3249 secundum
1481 3184 1807 3247 doctrinam
1833 3194 1958 3248 est:
1994 3186 2082 3247 si-

2175 3178 2257 3246 mi
2285 3190 2383 3256 τῆς
2414 3193 2520 3244 τῶν
2564 3193 2781 3268 Γραφῶν
2851 3185 3125 3259 εἰδήσεως,
3177 3178 3535 3267 ’Υγιαίνουσαή
3563 3187 3619 3245 δὲ
3668 3178 3818 3247 διδαξ-

427 3279 741 3359 gniﬁcans,
765 3278 924 3359 quod
947 3278 1124 3341 etiam
1146 3276 1276 3339 sine
1294 3283 1536 3338 externa
1552 3275 1842 3355 sapientia
1862 3275 2083 3338 docere

2175 3276 2360 3335 σκαλία
2412 3275 2572 3351 ἐστὶν,
2621 3278 2655 3345 ἡ
2706 3277 2793 3334 καὶ
2847 3274 3087 3357 δόγματα
3136 3275 3315 3345 ἀληθῆ
3354 3278 3442 3334 καὶ
3511 3278 3624 3355 βίον
3671 3280 3821 3359 ὀρθὸν

427 3368 634 3449 possit.
658 3369 866 3449 Neque
896 3365 1053 3430 enim
1078 3363 2083 3445 demonstratione,inquit,naturali

2175 3366 2500 3428 διδάσκουσα.
2571 3384 2599 3424 ι
2646 3367 2746 3424 Καὶ
2791 3365 2912 3429 τοὺς
2971 3364 3340 3446 ἀντιλέγοντας
3398 3365 3630 3448 ἐλέχειν.
3699 3391 3721 3423 ι
3762 3359 3819 3427 Ὀ

426 3464 531 3519 aut
559 3456 971 3538 philosophica
993 3473 1142 3535 opus
1164 3461 1280 3531 est,
1307 3452 1414 3515 sed
1435 3451 1707 3514 doctrina
1730 3462 1788 3515 et
1809 3452 2083 3515 utilitate.

2175 3459 2267 3536 γὰρ
2309 3456 2387 3532 μὴ
2430 3453 2578 3519 εἰδὼς
2609 3456 2872 3536 μάχεσθαι
2900 3459 3018 3520 τοῖς
3060 3454 3300 3535 ἐχθροῖς,
3346 3456 3435 3513 καὶ
3476 3455 3819 3537 αἰχμαλωτί-

432 3570 461 3603 α
492 3549 571 3610 Ut
598 3554 810 3628 potens
840 3544 919 3606 sit
949 3543 1125 3607 etiam
1156 3543 1479 3606 exhortari.
1517 3566 1541 3600 ι
1583 3543 1710 3605 Ηοο
1730 3550 1929 3604 autem
1963 3552 2026 3606 et
2052 3563 2083 3605 a

2175 3554 2274 3618 ζειν
2299 3552 2403 3602 πᾶν
2433 3545 2609 3620 νόημα
2637 3546 2709 3607 εἰς
2766 3545 2867 3613 τὴν
2922 3544 3164 3613 ὑπακοὴν
3223 3550 3316 3602 τοῦ
3369 3545 3616 3625 Χριστοῦ,
3673 3544 3819 3605 οὐδὲν

425 3636 745 3718 prudentia
772 3633 1077 3713 continget
1105 3640 1164 3695 et
1192 3652 1225 3695 a
1248 3632 1591 3713 cognitione
1614 3631 2083 3713 Scripturarum.

2175 3635 2382 3705 ποιήσει
2411 3640 2516 3691 τῶν
2545 3632 2792 3696 δεόντων,

429 3728 588 3790 Sana
614 3744 756 3788 vero
787 3724 1060 3789 doctrina
1089 3731 1179 3786 est
1207 3742 1339 3805 quae
1370 3730 1429 3786 et
1458 3739 1599 3784 vera
1630 3721 1903 3800 dogmata
1934 3733 1993 3785 et
2023 3730 2248 3787 rectam
2275 3723 2455 3785 vitam
2486 3721 2682 3786 docet.
2736 3743 2760 3780 α
2796 3721 2867 3784 Ει
2895 3722 3370 3786 contradicentes
3416 3721 3745 3786 revincere.
3782 3748 3811 3779 ι

427 3814 542 3888 Qui
572 3833 694 3878 non
727 3814 889 3877 novit
915 3813 1204 3876 adversus
1234 3813 1511 3875 inimicos
1543 3828 1807 3891 pugnare
1837 3820 1898 3874 et
1923 3814 2214 3894 captivam
2262 3813 2488 3876 ducere
2536 3830 2778 3876 omnem
2828 3811 3246 3893 cogitationem
3295 3812 3368 3876 ad
3418 3811 3815 3876 obediendum

426 3906 690 3982 Christo,
722 3905 873 3968 nihil
904 3903 1079 3967 faciet
1107 3922 1321 3967 eorum
1352 3920 1483 3984 qua:
1511 3900 1897 3965 conveniunt.

1059 3993 1308 4059 CAPUT
1348 3992 1425 4057 II.

2810 3986 3191 4058 KE¢AA.BZ

408 4084 561 4160 ’29!
597 4083 901 4147 Adversus
956 4100 1058 4147 eos
1113 4084 1246 4164 qui,
1297 4082 1573 4147 carnales
1619 4082 2083 4164 iannuntiabant

2175 4103 2203 4143 (
2237 4084 2384 4143 Κατὰ
2410 4087 2516 4141 τῶν
2545 4084 2795 4164 σαρκικὰς
2826 4085 3101 4163 καθάρσεις
3132 4083 3551 4164 πρεσϐευόντων,
3579 4085 3667 4141 καὶ
3694 4086 3827 4164 ὑπὲρ

582 4164 1046 4245 puriﬁcationes
1081 4184 1094 4225 :
1124 4163 1185 4227 et
1213 4163 1285 4226 de
1311 4163 1629 4244 spirituati
1668 4164 1916 4226 virtute.

2618 4163 2623 4164 ί
2656 4170 3020 4240 πνευματικῆς
3050 4163 3270 4245 ἀρετῆς.
3310 4189 3334 4223 ι

510 4267 558 4344 Ι,
584 4268 684 4343 10,
712 4272 810 4329 lt.
844 4266 1006 4330 Sunt
1029 4268 1195 4330 enim
1216 4265 1404 4330 multi
1449 4284 1572 4328 non
1606 4265 2000 4347 obsequentes
2029 4272 2083 4328 et

2261 4291 2284 4324 ι
2364 4270 2476 4327 Εἰσὶ
2518 4270 2619 4350 γὰρ
2674 4269 2866 4329 πολλοὶ
2920 4272 3270 4329 ἀνυπότακτοι
3328 4273 3417 4328 καὶ
3474 4270 3824 4351 ματαιολόγοι

429 4326 750 4437 υατίίιοιίαδ
768 4373 838 4419 ac
865 4356 1171 4419 mentium
1190 4355 1574 4418 seductores:
1608 4326 1880 4418 maxime
1903 4356 1954 4417 ii
1983 4355 2083 4435 qui

2175 4357 2259 4414 καὶ
2315 4326 2663 4437 φρεναπάτάι,
2737 4359 2971 4436 μάλιστα
3055 4363 3101 4418 οἱ
3182 4363 3245 4417 ἐκ

427 4453 574 4510 sunt
601 4463 681 4509 ea:
699 4446 1158 4526 circuncisione,
1182 4444 1402 4525 quibus
1422 4452 1659 4525 oportet
1680 4444 1964 4507 obturare
1981 4460 2046 4505 os
2073 4463 2083 4506 :

2175 4443 2254 4502 δεῖ
2335 4446 2713 4527 ἐπιστομίζειν,
2798 4448 2995 4513 οἵτινες
3092 4449 3246 4515 ὅλους
3330 4447 3516 4513 οἴκους
3600 4448 3827 4528 ἀνατρέ-

431 4536 542 4616 qui
569 4540 725 4598 totas
754 4535 963 4598 domos
1012 4535 1395 4610 subvertant,
1455 4533 1733 4596 docentes
1785 4549 1917 4612 quae
1967 4549 2083 4595 non

2175 4557 2349 4611 πουσι,
2411 4533 2766 4617 διδάσκοντες,
2854 4538 2888 4593 ἃ
2954 4540 3033 4615 μὴ
3116 4537 3221 4615 δεῖ,
3306 4542 3530 4621 αἰσχροῦ
3613 4536 3827 4619 κέρδους

430 4629 673 4706 oportet
700 4625 896 4706 turpis
925 4623 1084 4687 lucri
1103 4623 1337 4705 gratia.

2175 4624 2352 4704 χάριν.
2405 4646 2430 4681 ι)

512 4712 799 4778 Omnium
858 4713 1057 4794 posuit
1083 4712 1349 4776 radicem
1399 4729 1470 4774 ex
1501 4729 1617 4793 qua
1651 4709 1883 4791 reliqua
1911 4709 2090 4772 etiam

429 4803 725 4877 oriuntur,
757 4800 905 4866 Nam
931 4804 1029 4884 qui
1051 4800 1408 4865 inobediens
1430 4802 1539 4876 est,
1563 4800 1693 4881 ipse
1725 4799 1967 4882 quidem
1990 4801 2092 4860 ob-

432 4902 771 4976 temperare
799 4901 1062 4975 recusat,
1093 4893 1341 4976 reliquis
1369 4891 1822 4974 veroimperare
1851 4908 1920 4954 ac
1947 4908 2092 4971 prte-

431 5002 566 5047 esse
593 4984 987 5065 concupiscit.
1016 4984 1248 5049 Deinde
1272 4988 1510 5065 oportet
1538 5000 1672 5045 eum
1696 4980 1797 5063 qui
1815 4979 2095 5042 ecclesia-

434 5073 584 5135 stico
616 5072 951 5154 principatu
980 5073 1258 5153 imperat,
1315 5071 1496 5134 etiam
1542 5070 1760 5133 docere
1806 5070 1955 5150 :qui
1982 5086 2092 5129 au-

434 5167 555 5223 tem
589 5162 767 5222 docet
797 5162 1138 5243 priusquam
1169 5160 1469 5242 didicerit,
1522 5179 1593 5223 eo
1626 5159 1783 5241 quod
1810 5158 1941 5221 aliis
1973 5177 2092 5219 non

435 5250 822 5332 obsequatur,
849 5254 982 5331 jure
1011 5252 1363 5334 vaniloquus
1392 5270 1460 5314 ac
1492 5250 1779 5313 mentium
1813 5249 2094 5312 seductor

431 5339 760 5404 invenitur.
796 5340 1087 5404 «Maxime
1108 5342 1150 5403 ii
1172 5340 1273 5422 qui
1298 5350 1435 5403 sunt
1459 5360 1532 5403 ex
1566 5338 2085 5402 circumcisione.»

432 5427 542 5492 His
566 5428 730 5491 enim
759 5429 937 5492 etiam
969 5428 1235 5493 Christus
1265 5429 1489 5511 objecit
1512 5430 1670 5513 quod
1693 5429 2090 5511 principatum

436 5516 758 5582 ambirent:
793 5519 896 5600 qui
913 5527 1046 5602 post
1066 5527 1402 5601 susceptam
1427 5539 1686 5601 quoque;
1704 5518 1909 5583 ﬁdem.
1933 5537 2089 5579 mor-

431 5607 581 5670 bum
612 5607 773 5670 hunc
827 5627 949 5672 non
1004 5608 1443 5691 relinquebant.
1513 5635 1540 5665 α
1571 5607 1796 5682 Quibus
1856 5614 2095 5688 oportet

436 5695 719 5762 obturare
748 5716 837 5762 os.
877 5723 902 5760 ν
937 5697 1084 5763 Nam
1115 5698 1167 5762 si
1196 5698 1513 5781 episcopus
1566 5698 1681 5762 sibi
1710 5697 2090 5761 commissam

2254 4715 2362 4782 Τὴν
2393 4714 2533 4793 ῥίζαν
2562 4714 2688 4772 εἷπε
2729 4716 2962 4788 πάντων,
2998 4716 3049 4785 ἐξ
3076 4720 3145 4786 ἦς
3189 4719 3278 4776 καὶ
3317 4718 3384 4775 τὰ
3427 4717 3589 4775 λοιπὰ
3619 4717 3826 4799 φύεται.

2178 4794 2193 4815 ε
2349 4804 2362 4821 ε
3632 4794 3643 4799 -

2196 4812 2236 4861 O
2307 4825 2406 4883 γαρ
2455 4804 2840 4886 ἀνυπότακτος,
2892 4806 3048 4873 αὐτὸς
3100 4808 3195 4883 μὲν
3246 4805 3414 4865 εἴκειν
3457 4807 3517 4865 οὔ
3558 4806 3825 4884 βούλεται,

2177 4890 2364 4973 ἄρχειν
2393 4891 2448 4949 δὲ
2478 4895 2565 4951 καὶ
2594 4893 2903 4952 ἐπιστατεῖν
2959 4896 3150 4975 ἐτέρων
3206 4896 3476 4973 ἐπιθυμεῖ.
3550 4895 3687 4953 Εἶτα
3745 4893 3832 4953 δεῖ

2177 4986 2268 5041 τὸν
2318 4978 2553 5061 ἄρχοντα
2610 4984 2709 5052 τὴν
2780 4983 3225 5053 ἐκκλησιαπικὴν
3296 4986 3493 5066 αρχὴν,
3548 4987 3635 5042 καὶ
3677 4982 3827 5041 διδά-

2175 5094 2342 5133 σκειν.
2393 5066 2451 5131 Ὀ
2508 5071 2563 5129 δὲ
2617 5074 2735 5152 πρὶν
2780 5078 2969 5149 μαθεῖν
3013 5075 3097 5131 διὰ
3154 5077 3215 5131 τὸ
3270 5075 3630 5138 ἀνυπότακτος
3662 5095 3828 5153 γεγε-

2174 5162 2358 5231 νῆσθαι
2415 5160 2696 5242 διδάσκῶν,
2781 5164 2997 5231 εἰκότως
3079 5163 3435 5243 ματαιολόγος
3513 5165 3601 5221 καὶ
3658 5185 3823 5244 φρεν-

2173 5252 2386 5319 απάτης
2430 5252 2741 5331 εὑρίσκεται.
2796 5274 2819 5309 ι
2878 5253 3122 5311 Μάλισαα
3175 5257 3257 5311 οἱκ
3311 5254 3372 5311 ἐκ
3424 5259 3739 5333 περιτομῆς.
3795 5279 3824 5311 ι

2174 5345 2391 5405 Τούτοις
2420 5342 2520 5420 γὰρ
2574 5343 2662 5398 καὶ
2718 5345 2747 5399 ὁ
2804 5345 3029 5422 Χριστὸς
3075 5344 3360 5424 φιλαρχίαν
3417 5341 3697 5418 ὠνείδιζεν,
3771 5347 3828 5401 οἳ

2174 5432 2260 5487 καὶ
2305 5431 2440 5506 μετὰ
2481 5430 2580 5498 τὴν
2610 5430 2784 5489 πίστιν
2815 5436 2910 5491 οὐκ
2951 5432 3203 5491 ἀπέθεντο
3233 5436 3296 5490 τὸ
3348 5433 3583 5508 νόσημα.
3633 5453 3659 5489 ι
3722 5435 3829 5498 Οὒς

2172 5518 2257 5576 δεῖ
2285 5519 2660 5596 ἐπιστομίζειν.
2698 5545 2725 5577 ι
2776 5523 2833 5579 Εἰ
2876 5522 2976 5601 γὰρ
3004 5522 3111 5580 τῶν
3142 5522 3317 5581 ἄλλων
3360 5524 3680 5603 προστασίαν
3737 5524 3832 5580 καὶ

2174 5607 2391 5687 ὁδηγίαν
2446 5612 2474 5666 ὁ
2517 5608 2802 5675 ἐπίσκοπος
2862 5610 3274 5692 ἐγκεχείρισται,
3325 5611 3510 5690 ἀγνοεῖ
3580 5609 3636 5667 δὲ
3704 5612 3831 5677 τοὺς

2174 5697 2561 5778 ματαιολόγους
2611 5700 2699 5757 καὶ
2750 5701 3109 5783 φρεναπάτας,
3158 5700 3407 5784 ἐλέγχειν
3460 5702 3550 5759 καὶ
3603 5700 3827 5759 ἐπιστο-
