4132 6430
375 409 496 476 249
1434 411 1830 476 COMMENT.
1877 409 1962 472 IN
2005 405 2249 472 EPIST.
2296 411 2399 474 AD
2440 409 2714 474 TITU'M.
3652 395 3772 465 250

373 544 542 620 μίξειν
586 550 686 614 τῆς
748 552 854 604 τῶν
906 544 1288 622 ἀπολλυμένων
1343 539 1547 621 βλάϐης
1589 538 1764 606 αἴτιος
1807 538 2030 619 γίνεται.

2122 537 2296 603 habet
2323 539 2574 603 aliorum
2606 558 2812 603 curam
2840 549 2898 602 et
2927 539 3230 614 ducatum,
3259 555 3454 620 neque
3483 533 3647 598 novit
3663 549 3768 594 va-

377 632 568 700 Καλῶς
599 633 654 692 δὲ
685 637 771 713 τὸ,
806 635 1220 714 Ἐπιστομίζειν,
1262 634 1326 692 τὸ
1355 636 1495 702 οἷον,
1545 631 1682 708 μήτε
1725 627 1913 687 λαλεῖν
1945 627 2035 703 ἐᾷν

2122 629 2496 712 niloquorum
2529 631 3006 694 acseductorum
3043 648 3150 693 ora
3180 629 3480 702 obturare,
3514 625 3769 705 illosque

374 721 438 780 ἐκ
464 723 561 792 τῆς
631 731 739 782 τῶν
797 723 1040 807 ἐλέγχων
1093 724 1306 805 ἰσχύος,
1353 721 1448 780 ’ίνα
1492 721 1580 778 καὶ
1650 721 1696 777 οἱ
1757 717 2037 807 ἀκούοντες

2122 719 2502 797 convincere,
2531 719 2789 783 efﬁcitur
2816 739 2996 783 causa
3024 719 3228 783 damni
3274 736 3482 783 eorum
3524 715 3625 797 qui
3657 730 3769 794 pe-

376 811 712 893 ὠφελῶνται.
792 837 822 872 α
857 806 1202 878 Διδάσκοντες
1260 813 1294 870 ἃ
1349 811 1428 888 μὴ
1469 808 1576 872 δεῖ.
1607 827 1638 870 )
1723 806 1883 868 Οὐδὲν
1939 808 2038 888 γὰρ

2122 816 2316 872 reunt.
2341 808 2415 872 Et
2440 816 2605 872 recte
2635 809 2780 872 dicit
2813 831 2826 871 :
2859 810 2977 874 Ora
3027 809 3306 872 obturare
3345 826 3360 872 :
3394 808 3508 870 hoc
3546 810 3660 878 est,
3704 807 3771 864 ut

379 901 525 959 ἐστιν
555 904 584 961 ὃ
615 905 694 981 μὴ
724 905 889 963 πείθει
921 915 1280 983 παρανομεῖν,
1312 909 1468 961 τοῦτο
1495 899 1556 957 τὸ
1586 897 1775 963 πάθος.

2122 895 2176 958 vi
2205 896 2822 979 objurgationumpne
2844 898 3004 981 loqui
3046 898 3290 980 quidem
3323 893 3766 983 permittantur,

374 997 442 1052 ut
469 979 821 1057 hincetiaul
851 979 1478 1056 inventurauditores.
1519 1009 1543 1044 ι
1577 985 1876 1052 Doceutes
1901 1002 2040 1068 quae
2073 1004 2191 1048 non
2230 997 2486 1072 oportet,
2521 989 2708 1072 turpis
2756 979 3161 1069 lucri-gratia.
3216 1013 3244 1045 ι
3288 985 3447 1050 Nihil
3492 990 3583 1050 est
3609 979 3768 1066 quod

377 1097 500 1143 non
533 1081 784 1148 suadeat
811 1082 911 1146 hic
939 1083 1186 1146 aﬂ‘ectus
1215 1077 1576 1160 transgredi.
2648 1158 2650 1160 τ

465 1192 490 1226 ο
568 1173 713 1230 Εῖπέ
770 1196 850 1240 τις
908 1172 960 1240 ἐξ
1017 1174 1190 1230 αὐτῶν
1244 1169 1384 1235 ἴδιος
1468 1171 1640 1226 αὐτῶν
1709 1167 1990 1249 προφήτης
2023 1180 2038 1196 ⁶

2209 1165 2258 1242 Ι,
2278 1167 2496 1230 12-14.
2529 1168 2711 1232 Dixit
2735 1169 2982 1248 quidam
3013 1187 3090 1233 ea:
3119 1170 3249 1232 istis
3276 1166 3563 1248 proprius
3602 1164 3767 1244 ipso-

378 1264 585 1341 Κρῆτες
637 1262 718 1319 ἀεὶ
774 1267 1020 1340 ψεῦσται,
1092 1263 1234 1319 κακὰ
1299 1260 1476 1340 θηρία,
1535 1257 1794 1341 γαστέρας
1866 1255 2038 1338 ἀργαί.

2127 1274 2270 1320 rum
2293 1257 2587 1340 propheta
2617 1278 2638 1318 :
2673 1259 2984 1322 Cretenses
2998 1277 3232 1341 semper
3260 1255 3603 1326 mendaces,
3628 1269 3769 1316 ma-

379 1336 445 1407 ’Ἠ
529 1336 801 1433 μαρτυρία-
1120 1351 1260 1408 ἐστὶν
1317 1336 1561 1419 and—dc;
1643 1336 1727 1404 Δι’
1754 1347 1821 1414 ἣν
1877 1336 2039 1403 αἰτίαν

2127 1343 2203 1407 ιω
2250 1336 2473 1428 bestiis,
2522 1353 2755 1410 ventres
2799 1349 2988 1428 pigri.
3052 1336 3486 1412 Testimonium
3526 1343 3638 1406 hoc
3685 1346 3772 1404 est

376 1438 574 1521 ἔλεγχε
635 1442 824 1507 αὐτοὺς
897 1441 1210 1522 ἀποτόμως,
1285 1440 1379 1498 ἵνα
1463 1439 1766 1518 ὑγιαίνωσιν
1835 1434 1890 1493 ἐν
1973 1441 2039 1514 τῇ

2126 1451 2336 1498 verum
2370 1457 2384 1500 :
2417 1454 2601 1517 quam
2631 1435 2704 1500 ob
2733 1454 2984 1500 causam
3012 1438 3318 1518 redargue
3353 1435 3490 1500 illos
3520 1436 3768 1522 acriter,

377 1527 575 1605 πίστει,
667 1529 747 1606 μὴ
840 1521 1203 1610 προσέχοντες
1294 1525 1608 1591 Ἰουδαϊκοῖς
1692 1524 1872 1602 μύθοις
1954 1533 2039 1588 καὶ

2123 1531 2192 1587 ut
2245 1527 2385 1588 sani
2435 1527 2560 1590 sint
2604 1543 2728 1589 non
2777 1527 3154 1591 attendentes
3209 1526 3484 1590 Judaicis
3540 1521 3772 1589 fabulis

375 1618 621 1687 ἐντολαῖς
705 1620 1020 1703 ἀνθρώπων,
1134 1617 1613 1703 ἀποστρεφομένων
1718 1618 1818 1687 τὴν
1898 1615 2039 1687 ἀλή-

2123 1619 2182 1677 et
2203 1617 2526 1698 praceptis
2557 1615 2876 1680 hominum
2905 1618 3317 1680 aversantium
3346 1614 3688 1680 veritatem.

377 1711 550 1772 θειαν.
599 1732 630 1767 ι

457 1806 735 1873 Ζητεῖται,
794 1798 845 1856 τί
896 1796 961 1871 δή
991 1820 1122 1856 ποτε
1165 1797 1218 1865 ἐξ
1277 1796 1554 1869 Ἐλλήνων
1595 1796 1768 1877 ἤγαγε
1835 1817 2038 1876 μαρτυ-

2202 1792 2497 1868 Οιιωιδὶιιιτ
2512 1811 2686 1877 quam
2717 1793 2793 1857 ob
2825 1813 3061 1858 causam
3084 1794 3428 1860 Graecorum
3457 1789 3772 1858 adduxerit

374 1889 515 1966 ρίαν,
558 1890 648 1946 καὶ
705 1888 849 1946 ἔθετο
918 1890 1074 1967 αὐτῇ,
1150 1890 1289 1966 μήτε
1342 1885 1520 1952 καλῶς
1564 1885 1788 1967 ἐχούσ-ῇ.
1845 1885 1933 1952 Τίς
1986 1884 2039 1942 δὲ

2124 1883 2554 1966 testimonium,
2605 1883 2872 1965 illudque
2921 1883 3455 1960 commendaverit,
3518 1879 3772 1974 maxime

379 1978 419 2045 ἦ
477 1978 770 2058 μαρτυρία;
837 1979 900 2036 Οἱ
958 1983 1163 2058 Κρῆτες
1245 1975 1441 2054 τύμϐον
1507 1976 1896 2033 κατεσκεύασαν
1964 1980 2039 2049 τῷ

2123 1990 2254 2034 cum
2290 1990 2408 2038 non
2437 1981 2601 2035 recte
2634 1972 2856 2036 dictum
2885 1973 3006 2037 sit?
3034 1973 3201 2047 Quod
3233 1981 3431 2036 autem
3476 1980 3571 2035 est
3597 1968 3769 2058 testi-

390 2068 508 2127 Διί.
554 2067 706 2147 Λέγει
736 2067 824 2124 οὖν
854 2089 936 2131 τις
968 2074 1206 2136 ποιητῶν
1239 2083 1255 2100 ⁸
1291 2077 1489 2146 Ταφον,
1526 2063 1647 2142 ἄνα,
1685 2078 1802 2122 σεῖο
1833 2067 2038 2145 Κρῆτες

386 2158 756 2227 ἐτεκτήναντο.
785 2159 858 2213 Συ
887 2155 944 2212 δὲ
986 2159 1047 2215 ού
1086 2158 1260 2232 θὰνες,
1321 2156 1434 2214 ἐσσὶ
1489 2156 1588 2235 γὰρ
1646 2156 1769 2218 αἰεί.
1828 2155 2037 2221 Ταύτης

381 2251 486 2316 τῆς
531 2247 770 2327 χρήσεως
799 2245 957 2327 μέρος
1017 2248 1126 2304 εστὶ
1177 2249 1261 2322 τὸ,
1322 2250 1523 2326 Κρῆτες
1554 2244 1634 2302 ἀεὶ
1668 2249 1917 2321 ψεῦσται,
1948 2245 2038 2301 καὶ

378 2337 447 2394 τὰ
507 2334 690 2400 λοιπὰ,
738 2333 1102 2414 Ἐμαρτυρησε
1157 2334 1212 2392 δὲ
1281 2334 1456 2403 ἀληθῆ
1506 2334 1648 2391 εἶναι
1717 2335 1808 2391 τὸν
1879 2333 2039 2412 λύγον

375 2431 590 2506 τοῦτον,
645 2425 704 2483 Εἰ
745 2424 834 2482 οὖν
882 2423 1088 2493 ἀληθὴς
1137 2427 1173 2494 ἡ
1222 2425 1504 2506 μαρτυρία,
1563 2424 1653 2480 καὶ
1693 2425 1722 2479 6
1751 2423 1875 2488 Ζεὺς
1905 2423 2039 2480 ἀθά-

378 2503 537 2578 νατός
564 2514 731 2577 ἐστιν,
787 2512 955 2572 Ἀλλὰ
1004 2535 1200 2596 φαμεν,
1252 2503 1334 2571 ὅτι
1391 2503 1522 2592 πρὸς
1579 2521 1733 2571 τοῦτο
1785 2513 1910 2570 εἶπε
1939 2513 2038 2581 τὴν

376 2605 667 2694 μαρτυρίαν
717 2603 914 2694 ,μόνον
970 2603 1144 2694 ἀληθῆ
1183 2603 1380 2694 -είναι,
1437 2601 1517 2658 ὅτι
1571 2602 1799 2694 ψεύστας
1854 2603 2039 2694 ainch

372 2681 650 2751 ἐκάλεσεν.
719 2681 859 2750 Ὀθεν
909 2692 1068 2768 φησίν
1103 2711 1118 2725 ·
1182 2715 1211 2747 α
1260 2682 1324 2749 Ἠ
1383 2691 1639 2771 μαρτυρία
1711 2689 1866 2758 αὕτη.
1911 2711 1935 2747 α
1973 2681 2036 2748 Ἦ

373 2783 497 2860 περὶ
523 2787 617 2838 τοῦ
673 2779 756 2838 ὅτι
815 2781 1037 2857 ψεῦσταί
1080 2782 1177 2838 εἶσι
1235 2779 1487 2860 λέγουσα,
1534 2779 1691 2860 φησί.
1752 2780 1851 2838 Ναὶ
1881 2786 2036 2837 τοῦτο

380 2869 530 2928 εἴποι
555 2892 636 2935 τις
668 2870 834 2934 οὕτως
864 2871 1033 2933 εἶναι,
1085 2871 1182 2927 Διά
1209 2870 1260 2926 τί
1312 2869 1367 2926 δὲ
1414 2869 1466 2936 ἐξ
1507 2869 1838 2938 ⁹Ἑλληνικῶν
1866 2869 2036 2949 ἤγαγε

378 2961 482 3026 τὴν
536 2959 860 3041 μαρτυρίανς
913 2959 1012 3018 Καί
1054 2981 1248 3040 φαμεν,
1309 2957 1391 3015 ὅτι
1445 2957 1684 3036 μαλιστα
1740 2965 1897 3016 τοῦτο
1935 2963 2037 3019 αύ-

379 3050 505 3114 τοὺς
560 3048 856 3129 ἐνέτρεπεν,
901 3047 982 3105 ὅτι
1038 3047 1247 3106 οἴκοθεν
1301 3049 1390 3104 καὶ
1443 3046 1504 3104 ἐκ
1549 3048 1656 3106 τῶν
1709 3045 1874 3124 ἰδίων,
1939 3049 2040 3117 τὴν

378 3141 489 3201 τῶς
517 3134 711 3216 ὕϐρεως
770 3135 1054 3216 μαρτυρίαν
1110 3134 1425 3215 προέϐαλεν.
1483 3133 1705 3204 Ἐπειδῆ
1776 3138 1876 3216 γὰρ
1918 3149 2038 3201 τοῖς

2122 2061 2388 2126 monium
2414 2063 2438 2126 '!
2469 2065 2783 2126 Cretenses
2813 2065 3155 2145 sepulcrum
3186 2068 3574 2126 extruxerunt
3609 2057 3766 2122 Jovi.

2121 2153 2321 2234 Itaque
2350 2152 2496 2216 dicit
2528 2153 2668 2214 292
2711 2152 2951 2235 quidam
2985 2161 3195 2234 poeta:
3233 2156 3450 2226 Tuum,
3483 2169 3516 2212 ο
3545 2168 3646 2212 rex
3670 2166 3771 2209 se-

2123 2242 2392 2322 pulcrum
2422 2246 2738 2308 Cretenses
2788 2251 3200 2305 exstruxerunt
3229 2261 3244 2306 :
3278 2250 3340 2304 tu
3368 2259 3505 2303 vero
3537 2255 3766 2318 nequa-

2122 2351 2298 2414 quam
2323 2341 2592 2396 mortuus
2622 2349 2708 2413 es,
2737 2349 2974 2413 semper
3004 2332 3162 2396 enim
3196 2333 3356 2395 vivis.
3393 2331 3584 2411 Hujus
3612 2326 3766 2391 vati-

2120 2422 2263 2486 cinii
2293 2441 2430 2504 pars
2484 2430 2593 2500 est,
2629 2422 2941 2488 Cretenses
2991 2442 3232 2505 semper
3276 2422 3618 2495 mendaces,
3653 2427 3768 2482 etc.

2119 2513 2442 2575 Attestatus
2472 2522 2563 2575 est
2591 2524 2792 2576 autem
2825 2513 3146 2594 Apostolus
3194 2531 3398 2576 verum
3450 2529 3582 2575 esse
3613 2509 3773 2572 hunc

2121 2602 2566 2665 sermonem.At
2595 2602 2644 2663 si
2675 2607 2880 2664 verum
2913 2610 3000 2664 est
3040 2604 3152 2665 hoc
3193 2601 3628 2681 testimonium,
3659 2600 3773 2659 Ju-

2121 2692 2279 2772 piter
2308 2691 2488 2772 igitur
2512 2691 2866 2753 immortalis
2899 2691 3034 2755 erit.
3069 2693 3184 2756 Sed
3217 2692 3477 2754 dicimus
3506 2688 3666 2772 quod
3708 2686 3771 2748 in

2121 2782 2234 2843 hoc
2264 2781 2388 2843 solo
2419 2781 2569 2844 dixit
2593 2799 2799 2843 verum
2828 2799 2962 2845 esse
2993 2780 3396 2845 testimonium
3410 2781 3572 2863 quod
3596 2795 3771 2840 men-

2120 2869 2298 2934 daces
2343 2870 2506 2954 ipsos
2544 2870 2866 2932 vocaverit.
2899 2868 3070 2934 Unde
3100 2869 3228 2934 ait:
3269 2895 3298 2929 c
3336 2867 3769 2934 Testimonium

2120 2959 2256 3037 hoc,
2296 2984 2320 3019 ιι
2359 2978 2575 3041 nempe
2623 2959 2782 3041 quod
2835 2959 2996 3040 ipsos
3043 2959 3186 3023 dicit
3236 2979 3369 3023 esse
3427 2957 3767 3021 mendaces.

2123 3051 2279 3114 Sane
2306 3050 2421 3112 hoc
2454 3049 2637 3128 (dicet
2657 3048 2976 3130 quispiam)
3017 3048 3098 3111 ita
3134 3049 3248 3114 sit:
3274 3058 3332 3112 at
3361 3067 3468 3112 cur
3497 3067 3531 3111 a
3551 3046 3774 3112 Graecis

2125 3138 2404 3220 produxit
2463 3138 2926 3202 testimonium?
2983 3137 3054 3200 Et
3111 3139 3387 3214 dicimus,
3451 3136 3609 3220 quod
3658 3135 3771 3197 hoc

379 3222 512 3302 παρ’
553 3225 688 3300 ἡμῖν
743 3225 804 3280 οὗ
847 3225 1139 3304 πείθονται,
1193 3226 1314 3289 τοὺς
1365 3222 1520 3290 ἰδίους
1569 3226 1751 3291 αὐτοῖς
1779 3224 2038 3294 ἐπέστησε

2125 3227 2386 3292 maximo
2418 3228 2646 3310 pudore
2679 3229 2839 3310 ipsos
2868 3229 3165 3292 afficiebat
3197 3228 3354 3310 quod
3375 3225 3770 3291 domesticum

378 3314 734 3393 κατηγόρους,
794 3313 958 3372 Τοῦτο
1005 3314 1095 3370 καὶ
1149 3316 1178 3370 6
1237 3315 1366 3378 Θεὸς
1422 3312 1612 3388 ἐποίει,
1670 3327 1788 3380 τοῖς
1837 3315 2040 3394 Μάγοις

377 3399 448 3458 δι’
494 3401 709 3480 αστέρος
739 3402 959 3480 μηνύων
987 3404 1078 3460 τὸν
1120 3405 1366 3482 Χριστὸν,
1424 3405 1497 3468 ὡς
1541 3405 1660 3484 περὶ
1690 3404 2040 3484 ἀστρονομίας

381 3489 838 3572 ἀσχολουμένους,
897 3491 1004 3548 ἀπὸ
1056 3497 1163 3548 τῶν
1217 3489 1360 3549 ἰδίων
1453 3493 1671 3554 πείθων.
1734 3494 1834 3552 Καὶ
1883 3491 2039 3550 πάλιν

377 3581 504 3644 τοὺς
535 3581 778 3661 μάντεις,
835 3580 942 3636 ἀπὸ
997 3585 1104 3636 τῶν
1167 3581 1308 3658 βοῶν
1363 3587 1469 3638 τῶν
1516 3583 1777 3659 συρόντων
1834 3582 1932 3650 τὴν
1962 3605 2042 3639 κι-

378 3667 578 3733 ϐωτόν,
651 3673 750 3728 Καὶ
805 3671 898 3726 τὸν
979 3668 1156 3726 Σαοὺλ
1233 3670 1341 3727 ἀπὸ
1433 3676 1530 3738 τῆς
1601 3671 2039 3752 ἐγγαστριμύθου,

377 3756 565 3827 ἐπειδὴ
619 3761 754 3838 αὖτῇ
850 3757 1110 3819 ἐπίστευε.
1226 3765 1404 3816 Ταῦτα
1473 3757 1530 3816 δὲ
1621 3758 2042 3838 συγκαταϐάσεις

375 3851 532 3912 εἰσὶν,
607 3849 666 3907 Ei
708 3846 763 3904 δὲ
818 3851 846 3905 6
915 3849 1140 3926 Χριστὸς
1195 3849 1282 3904 καὶ
1353 3847 1566 3929 ὕστερον
1651 3853 1698 3907 οἱ
1753 3847 2041 3906 ἀπόστολοι

375 3936 613 3995 ἐκώλυον
682 3939 805 4001 τοὺς
875 3934 1124 4012 δαίμονας
1181 3935 1389 4014 λαλεῖν,
1436 3940 1530 3996 οὐκ
1593 3938 1806 3995 ἐναντία
1889 3939 2039 4013 εἰσὶν,

373 4027 515 4084 ἀλλά
573 4028 674 4107 γὰρ
743 4039 937 4104 σεμεῖα
992 4025 1198 4104 ἐγίνετο
1267 4029 1463 4084 πείθειν
1517 4026 1803 4108 δυνάμενα,
1848 4029 1938 4085 καὶ
1982 4029 2043 4085 οὗ

374 4118 537 4198 χρεία
567 4117 635 4184 ἧν
690 4116 812 4180 τοὺς
873 4116 1185 4196 ἀνθρώπως,
1247 4119 1334 4180 οἷς
1397 4117 1690 4194 ἐπίστευον,
1761 4116 1815 4182 ἐξ
1869 4119 2044 4174 αὐτῶν

2123 3337 2192 3380 ac
2242 3318 2544 3400 proprium
2596 3319 2860 3400 proferat
2910 3319 3314 3381 testimonium
3375 3315 3772 3398 improbitatis

2121 3407 2565 3487 ipsorum.Cum
2603 3407 2761 3470 enim
2796 3407 2867 3468 iis
2887 3407 3064 3469 ﬁdem
3093 3427 3208 3469 non
3229 3402 3771 3488 habeantquiapud

2125 3515 2233 3558 nos
2263 3504 2420 3576 sunt,
2450 3496 2719 3578 proprios
2741 3515 2879 3558 suos
2911 3497 3155 3559 adduxit
3195 3497 3340 3579 ipsis
3369 3501 3769 3559 accusatores.

2120 3583 2246 3646 Hoc
2277 3592 2334 3646 et
2364 3585 2519 3646 Deus
2549 3584 2801 3647 faciebat
2849 3604 2982 3646 cum
3032 3602 3142 3667 per
3191 3586 3422 3648 stellam
3468 3582 3772 3646 Christum

2121 3675 2306 3753 Magis
2335 3673 2655 3748 indicabat,
2685 3673 2845 3755 quod
2877 3675 3037 3736 circa
3063 3675 3488 3737 astronomiam
3512 3689 3772 3750 occupa-

2123 3772 2353 3839 rentur,
2374 3765 2542 3844 quasi
2572 3782 2605 3824 a
2636 3763 2893 3843 propriis
2924 3762 3061 3824 illos
3089 3764 3442 3826 admonens.
3474 3761 3773 3824 Rursum-

2125 3872 2240 3934 que
2288 3861 2451 3916 vates
2499 3871 2534 3914 a
2585 3851 2776 3914 bobus
2821 3870 3020 3914 arcam
3053 3853 3443 3916 trahentibus.
3477 3853 3776 3914 Praeterea

2124 3943 2264 4005 Saul
2324 3962 2357 4004 a
2423 3941 2677 4004 muliere
2750 3941 3024 4022 Spiritum
3090 3942 3414 4023 Pythonem
3471 3940 3770 4019 habente,

2125 4031 2406 4113 quoniam
2462 4031 2551 4092 illi
2598 4030 2902 4094 credebat.
2957 4030 3060 4092 His
3110 4040 3307 4094 autem
3366 4031 3557 4093 modis
3616 4028 3775 4091 Deus

2127 4139 2260 4183 sese
2291 4119 2660 4182 demittebat.
2693 4121 2817 4183 Nec
2849 4119 2939 4181 his
2969 4121 3356 4182 adversantur
3394 4119 3550 4203 quod
3595 4116 3773 4181 Chri-

375 4206 669 4264 πείθεσθαι.
708 4227 732 4262 ε
783 4201 865 4262 Δι’
895 4205 961 4272 ἦν
1005 4203 1172 4262 αἰτίαν
1201 4203 1396 4287 ἔλεγχε
1448 4207 1660 4270 αὐτοὺς,
1701 4228 1726 4261 »ι
1764 4203 1912 4264 Ἐπεὶ
1943 4206 2031 4264 οὖν

2129 4221 2256 4274 stus
2309 4217 2366 4271 et
2409 4209 2783 4291 postmodum
2833 4210 3081 4290 apostoli
3142 4211 3300 4292 loqui
3359 4201 3777 4292 prohibuerint

379 4295 564 4376 φησίν,
647 4295 826 4370 ἰταμοί
881 4293 1020 4360 τινές
1091 4295 1215 4374 είσι,
1321 4294 1755 4375 πληκτικώτερον
1839 4294 2034 4375 ἔλεγχε

2122 4300 2422 4362 dazmoues
2448 4322 2461 4361 :
2491 4301 2660 4378 signa
2681 4299 2842 4361 enim
2880 4298 3248 4382 fiebantquae
3274 4300 3630 4384 persuadere
3657 4316 3773 4376 po-

382 4385 592 4448 αὒτοὺς.
666 4387 820 4480 Οὗτιῧ
875 4385 998 4464 γὰρ,
1073 4385 1255 4464 φησὶν,
1330 4385 1427 4441 οὒκ
1480 4386 1542 4443 ἃν
1586 4385 1692 4442 ἀπὸ
1751 4384 2033 4449 ἐπιεικείας

2122 4386 2385 4450 terant.N
2391 4407 2541 4470 eque
2555 4396 2682 4451 erat
2704 4407 2948 4451 necesse
2963 4389 3211 4452 suadere
3225 4388 3570 4453 hominibus
3584 4387 3656 4449 ab
3679 4385 3772 4448 his

379 4477 666 4536 πεισθεῖεν,
715 4497 742 4530 ι
786 4465 884 4532 ἶνα
936 4473 1239 4551 ὑγιαίνωσιν
1282 4473 1335 4530 ἐν
1391 4481 1461 4552 τῇ
1516 4475 1711 4533 πίστει.
1763 4498 1790 4530 ι
1828 4465 2035 4553 Ὑγιαί-

2122 4478 2336 4560 quibus
2375 4465 2955 4550 crédebanhQuam
2997 4478 3070 4540 ab
3099 4499 3337 4542 causam
3368 4480 3658 4556 ledargue
3695 4476 3773 4538 il—

378 4584 488 4619 νειν
515 4561 571 4618 δέ
602 4562 740 4619 ἐστιν
769 4562 824 4620 ἐν
873 4569 943 4640 τῇ
970 4563 1169 4644 πίστει,
1217 4562 1344 4620 ὅταν
1403 4561 1570 4642 μηδὲν
1628 4562 1813 4630 ἔξωθεν
1857 4563 2034 4620 ἐπεισο

2122 4568 2272 4630 los.»
2304 4567 2452 4640 Quia
2475 4587 2616 4646 ergo
2641 4567 2899 4649 improbi
2921 4568 3650 4651 suntquidam,asperius,
3686 4566 3775 4627 in-

377 4652 559 4732 αγάγῃ
597 4675 678 4716 τις
709 4654 867 4730 αὒτῇ,
925 4655 1065 4730 μήτε
1123 4651 1440 4734 Ἰουδαϊκὸν,
1499 4655 1638 4730 μήτε
1696 4644 2032 4721 Ἑλληνικόν.

2122 4657 2272 4739 quit,
2291 4657 2429 4719 illos
2451 4644 2868 4738 objurga,nam
2884 4657 2995 4719 hia
3020 4644 3472 4721 mansuetudine
3493 4677 3609 4718 non
3635 4675 3776 4737 pos-

383 4765 412 4828 α
458 4740 778 4806 Ἰουδαϊκοῖς
837 4742 1043 4818 μύθοις.
1079 4765 1106 4802 ε
1169 4741 1355 4818 Διπλῷ
1413 4742 1559 4822 λόγῳ
1615 4743 1766 4820 μῦθοί
1815 4744 1914 4800 εἱσι
1971 4743 2038 4799 τὰ

2122 4746 2340 4809 sentad
2376 4745 2433 4808 id
2459 4746 2614 4828 quod
2639 4755 2865 4809 rectum
2887 4755 2976 4807 est
3000 4746 3362 4810 adduci.«Ut
3382 4746 3514 4808 sani
3551 4746 3694 4806 ﬁant
3718 4748 3775 4804 in

377 4827 674 4906 Ἰουδαϊκὰ,
737 4829 818 4888 ὅτι
859 4853 918 4888 τε
973 4831 1186 4900 ἐξῆλθεν
1257 4834 1428 4890 αὒτῶν
1485 4836 1512 4890 6
1569 4834 1772 4911 καιρὸς,
1819 4834 1909 4890 καὶ
1956 4831 2036 4889 ὅτι

2123 4834 2414 4899 ῐίᾱε.ιΕει
2436 4827 2631 4897 autem
2657 4835 2714 4896 in
2740 4835 2856 4896 fide
2878 4853 3088 4896 sanum
3114 4836 3327 4909 esse,si
3353 4837 3483 4913 quis
3510 4834 3654 4896 nihil
3673 4853 3779 4894 ex-

374 4919 432 4975 ἐν
476 4924 522 4994 ᾧ
553 4919 816 5000 ἤκμαζον,
875 4922 1037 4986 τύπος
1080 4927 1148 4990 ἦν
1206 4920 1454 4989 ἀληθείας
1511 4923 1600 4979 καὶ
1655 4927 1751 4981 οὒκ
1791 4921 2035 4992 ἀλήθεια.

2123 4933 2357 4987 ternum
2397 4925 2474 4987 ad
2516 4943 2645 4986 eam
2697 4925 2997 4987 induxerit
3025 4925 3548 5006 nequeJudaicum
3588 4940 3781 5004 neque

381 5033 414 5066 α
465 5011 564 5067 Καὶ
621 5009 867 5076 ἐντολαῖς
912 5010 1235 5071 ἀνθπώπων.
1273 5035 1301 5067 ι
1357 5013 1462 5072 Τὰς
1507 5013 1625 5092 περὶ
1671 5014 1737 5068 τὰ
1785 5011 2039 5090 βρώματα

2125 5014 2512 5094 gentilitium.
2545 5011 2855 5075 «Judaicis
2884 5012 3158 5076 fabulis.»
3188 5015 3374 5097 Dupla
3404 5013 3631 5075 ratione
3669 5012 3780 5076 Ju-

371 5100 786 5178 παρατημήσεις
829 5099 998 5181 λέγει,
1047 5103 1136 5158 καὶ
1176 5098 1338 5169 δῆλον
1371 5101 1432 5158 ἐκ
1459 5107 1565 5159 τῶν
1596 5101 1896 5178 ἑπομένων,

2127 5104 2301 5166 daiea
2348 5104 2629 5166 dicuntur
2681 5101 2936 5164 fabulae:
2966 5111 3025 5165 et
3062 5103 3201 5185 quia
3237 5113 3468 5186 tempus
3511 5104 3777 5184 ipsorum

375 5187 699 5269 prmteriit:
736 5196 794 5251 et
824 5189 964 5271 quia
992 5188 1172 5253 etiam
1219 5209 1353 5252 cum
1408 5189 1470 5250 in
1511 5207 1618 5251 suo
1664 5198 1867 5252 essent
1909 5190 2130 5274 vigore,
2189 5195 2377 5274 ﬁgura
2426 5201 2592 5257 erant
2639 5190 2900 5254 veritatis
2942 5201 2998 5253 et
3049 5212 3164 5255 non
3211 5193 3338 5272 ipsa
3367 5193 3608 5258 veritas.
3650 5220 3672 5248 σ
3711 5193 3782 5256 Ει

374 5277 696 5358 praeceptis
725 5278 1060 5344 hominum.
1096 5305 1123 5336 ι
1160 5278 1620 5343 Observationes
1649 5279 1796 5342 dicit
1822 5280 1984 5344 circa
2011 5281 2199 5366 cibos,
2233 5292 2294 5346 ut
2328 5305 2395 5346 ex
2431 5283 2524 5346 his
2556 5302 2686 5365 qua:
2723 5291 3054 5362 Sequuntur
3085 5283 3465 5345 manifestum
3501 5290 3612 5345 est;

459 5391 488 5423 α
523 5369 701 5426 Πάντα
745 5368 842 5444 μὲν
873 5372 1072 5451 καθαρά
1112 5383 1228 5436 τοῖς
1271 5374 1547 5450 καθαροῖς,
1579 5383 1697 5436 τοῖς
1729 5368 1784 5427 δὲ
1829 5395 2033 5449 μεμια-

2200 5374 2474 5456 1,15-16;
2495 5372 2567 5448 II,
2603 5377 2652 5435 l.
2681 5375 2906 5435 Omnia
2929 5375 3174 5454 quidem
3195 5391 3353 5453 pura
3371 5391 3473 5454 put
3491 5374 3544 5436 is
3569 5391 3782 5453 :porro

372 5457 588 5535 σμένοις
645 5459 733 5518 καὶ
805 5459 1070 5542 ἀπίστοις,
1147 5459 1293 5519 οὗδὲν
1361 5461 1612 5540 καθαρὸν,
1674 5459 1810 5521 ἀλλὰ
1867 5463 2031 5540 μεμί-

2122 5463 2358 5545 pollutis
2379 5471 2436 5526 et
2456 5464 2805 5542 inﬁdelibus
2841 5463 2996 5524 nihil
3022 5468 3110 5526 est
3143 5480 3393 5543 purum,
3416 5463 3521 5525 sed
3535 5463 3772 5545 pottuta

365 5569 542 5623 ανται,
605 5548 783 5605 αιότῶν
849 5551 938 5605 καὶ
981 5553 1009 5607 6
1065 5559 1183 5616 νοῦς
1254 5551 1342 5607 καὶ
1397 5551 1432 5619 ἡ
1497 5547 1813 5617 συνείδησις.
1900 5554 2030 5608 Θεὸν

2122 5561 2201 5616 est
2227 5553 2286 5616 ei
2316 5570 2484 5615 mens
2532 5551 2776 5615 illorum
2829 5559 2887 5614 et
2932 5553 3345 5614 conscrentia:
3388 5551 3580 5613 Deum
3625 5568 3778 5632 pro-

358 5636 724 5718 ὁμολογοῦσιν
826 5635 1040 5711 εἰδέναι,
1131 5653 1250 5706 τοῖς
1361 5636 1416 5695 δὲ
1497 5637 1671 5717 ἔργοις
1727 5639 2023 5719 ἀρνοῦντκι,

2122 5645 2366 5706 fitentur
2385 5660 2450 5705 se
2478 5645 2676 5706 scire:
2707 5649 2988 5707 caeterum
3006 5643 3185 5721 [actis
3217 5649 3473 5724 negant:
3495 5658 3632 5703 cum
3658 5641 3781 5703 sint

351 5726 640 5810 βδελυκτοὶ
711 5725 862 5792 ὄντες
961 5731 1049 5786 καὶ
1158 5731 1420 5806 ἀπειθεῖς,
1521 5729 1607 5785 καὶ
1704 5731 1834 5810 πρὸς
1919 5737 2023 5788 πᾶν

2122 5732 2573 5811 zbominabiies,
2605 5739 2661 5797 et
2683 5732 2846 5797 dicto
2879 5748 3005 5797 non
3039 5731 3381 5810 audientes,
3416 5735 3475 5794 et
3499 5729 3578 5794 ad
3606 5746 3786 5800 omne
