4132 6418
380 320 487 387 251
607 334 648 372 ο

377 563 592 610 sanam
620 549 981 616 doctrinam.

459 637 600 724 293
646 636 830 712 Quam
875 640 949 703 ob
999 661 1233 708 causam
1288 664 1427 724 ergo
1477 648 1568 710 lex
1617 647 1842 712 Judaeis
1887 645 2023 710 data

379 722 634 788 habebat
691 726 1163 796 observationem
1215 722 1485 800 ciborum
1533 737 2024 800 immundorum?

377 811 450 909 ξι
477 813 731 909 dicimus
766 835 779 882 :
812 817 940 882 Non
972 823 1129 903 quod
1181 824 1414 906 impura
1450 834 1678 909 essent,
1710 827 1786 888 ita
1821 826 2024 888 statuit

380 905 560 982 Deus,
599 906 704 968 sed
753 910 938 972 uthac
971 911 1058 973 via
1089 905 1328 992 magnas
1374 905 1715 978 Judworum
1748 915 2019 992 delicias,

379 995 741 1084 vescentium
772 1000 1054 1063 omnibus
1085 1002 1246 1064 nullo
1277 1003 1630 1066 discrimine
1675 1005 2017 1084 imputaret.

378 1083 597 1147 Purum
621 1085 780 1175 enim
805 1087 1172 1170 etimpurum
1195 1092 1444 1155 efﬁcitur
1465 1093 1702 1175 proprie
1718 1083 1789 1155 ei:
1812 1111 2019 1155 eorum

378 1182 578 1235 mente
605 1174 708 1256 qui
739 1176 945 1240 edunt.
980 1178 1291 1261 Siquidem
1318 1184 1486 1264 juxta
1517 1174 1790 1245 naturam
1822 1183 2023 1245 omnia

379 1279 527 1341 Pura
563 1273 701 1326 sunt
744 1266 836 1328 his
880 1268 980 1350 qui
1031 1270 1328 1334 curiosius
1383 1291 1505 1334 non
1535 1271 1846 1354 inquirunt
1876 1291 1892 1333 :
1926 1271 2022 1334 his

375 1357 573 1414 autem
594 1355 697 1436 qui
725 1356 872 1419 tales
903 1376 1022 1420 non
1072 1367 1211 1421 sunt
1257 1361 1536 1423 universa
1582 1369 1720 1424 sunt
1762 1362 2017 1442 impura,

377 1459 515 1502 eum
547 1460 614 1504 ex
647 1462 710 1508 se
741 1464 858 1508 non
891 1447 1011 1510 sint
1040 1448 1272 1529 impura
1305 1469 1318 1513 :
1349 1451 1540 1513 solum
1592 1469 1846 1532 namque
1881 1469 2021 1531 pec-

376 1537 570 1622 catum
628 1543 718 1596 est
775 1535 1096 1617 impurum.
1147 1561 1170 1597 ιι
1223 1543 1406 1604 Porro
1466 1541 1724 1622 pollutis.
1764 1566 1787 1598 υ
1823 1540 2022 1622 Itaque

368 1618 846 1711 juxtapollutam
880 1636 1138 1689 mentem
1166 1629 1313 1691 ﬁunt
1340 1618 1607 1711 impura:
1634 1618 2020 1710 quemadmo-

376 1709 516 1771 dum
551 1710 840 1776 laboranti
869 1715 1078 1778 morbo
1101 1718 1303 1780 omnia
1325 1709 1463 1781 sunt
1492 1709 1756 1780 insuavia
1779 1726 2020 1799 propter

377 1799 675 1863 morbum.
708 1825 729 1854 α
752 1800 868 1865 Sed
898 1804 1117 1885 polluta
1139 1816 1227 1868 est
1255 1806 1493 1869 illorum
1538 1827 1727 1870 mens.
1759 1833 1783 1861 η
1813 1806 2018 1869 Nullus

2107 1808 2287 1884 θαρτον
2342 1807 2509 1873 οὐδέν,

373 1889 611 1968 quidem
646 1891 815 1954 cibus
842 1893 1115 1973 impurus
1146 1905 1256 1978 est,
1289 1897 1505 1976 inquit,
1540 1907 1821 1960 caeterum
1851 1914 2020 1958 mens

370 1996 439 2068 ac
471 1980 1087 2068 conscientiaillorum
1115 1985 1366 2068 impurae
1395 1995 1534 2050 sunt
1565 2003 1788 2066 suaque
1818 1984 2018 2066 suspi-

371 2066 544 2128 cione
573 2066 738 2130 cibos
767 2070 1027 2134 reddunt
1075 2066 1344 2156 impuros
1388 2083 1447 2137 et
1496 2075 1797 2136 inutiles:
1831 2071 2019 2135 Deum

372 2156 724 2236 proﬁtentur
740 2178 806 2222 se
830 2160 1008 2224 scire.
1023 2161 1182 2225 uHoc
1203 2183 1341 2226 vere
1364 2163 1660 2245 impurum
1687 2169 1778 2225 est
1797 2162 2020 2244 absque

371 2245 654 2325 operibus
683 2249 844 2310 enim
875 2251 1026 2314 fides
1057 2260 1286 2315 mortua
1315 2263 1462 2316 est.»
1486 2255 1577 2316 'l'u
1607 2271 1742 2315 vero
1775 2252 2020 2334 loquere

372 2352 503 2414 quae
533 2335 770 2401 decent.
802 2364 828 2395 ι
865 2337 1086 2402 Verum
1119 2361 1454 2424 quanquam
1491 2343 1550 2405 hi
1583 2343 1726 2404 tales
1747 2341 1886 2416 sint,
1920 2341 2018 2403 in-

1513 336 1925 402 (ECUMENII
1967 340 2262 404 TBIGCIE
2307 341 2642 407 EPISCOPI

375 473 524 536 opus
552 457 775 553 bonum
803 465 1068 544 reprobi.
1096 465 1186 530 Tu
1215 485 1359 533 vero
1376 469 1626 553 loquere
1654 489 1786 553 qua
1805 469 2013 534 decent

2107 470 2246 551 ἔργον
2316 472 2512 551 ἀγαθὸν
2563 472 2801 551 ἀδόκίμοι
2837 493 2852 507 ’

3645 349 3764 416 252

2915 478 2986 533 Σὺ
3041 476 3097 534 δὲ
3149 477 3300 536 λάλει
3357 480 3392 536 ἃ
3458 482 3648 559 πρέπει
3693 489 3762 561 τῇ

2102 557 2409 640 ὖγιαινούσῃ
2441 559 2770 638 διδασκαλίᾳ.
2813 587 2838 622 υ

2183 650 2246 708 Τί
2260 648 2339 741 *δή
2410 673 2539 710 ποτε
2598 653 2686 709 οὖν
2742 655 2771 712 δ
2827 651 3090 722 Ἰουδαίοις
3166 653 3328 723 δοθεὶς
3384 659 3545 728 νόμος
3603 659 3765 741 εἶχεν

2105 738 2409 827 ἀκαθάρτων
2463 744 2876 825 παρατήρησιν;
2965 745 3066 804 Καὶ
3158 767 3353 827 φαμεν³
3415 747 3522 806 Οὔκ
3578 738 3763 818 ἐπειδη

2103 826 2369 907 ἀκάθαρτα
2416 830 2504 910 ἧν,
2586 831 2754 897 οὕτως
2838 834 3215 910 ἐνομοθέτησεν
3277 839 3305 893 ὁ
3340 826 3524 911 νΘεὸς,
3597 840 3763 916 ταύτῃ

2101 917 2201 984 τὴν
2258 917 2464 988 πολλὴν
2535 922 2731 1001 τροφὴν
2815 925 2903 980 καὶ
2972 922 3276 1004 ἀδιαφορίαν
3331 929 3440 982 τῶν
3497 925 3761 986 Ἰουδαίων

2102 1007 2552 1083 ὑποτεμνόμενον,
2636 1014 2708 1068 Τὸ
2765 1013 2864 1092 γὰρ
2963 1016 3190 1093 καθαρὸν
3287 1017 3376 1072 καὶ
3465 1016 3761 1095 ἀκάθαρτον

2103 1097 2289 1184 κυρίως
2345 1097 2452 1155 ἀπὸ
2493 1104 2592 1166 τῆς
2643 1105 2750 1156 τῶν
2806 1099 3186 1178 λαμϐανόντων
3243 1101 3472 1169 διανοίας
3533 1108 3758 1184 γίνεται.

2105 1183 2265 1274 Ἐπεὶῗ
2280 1187 2417 1242 κατὰ
2460 1187 2612 1267 φύσιν
2661 1190 2831 1247 πάντα
2887 1192 3110 1271 καθαρὰ,
3187 1205 3303 1256 τοῖς
3346 1192 3426 1266 μὴ
3469 1183 3762 1274 ἀκριϐολο-

2103 1273 2380 1351 γουμένοις
2415 1289 2430 1304 ⁸
2491 1276 2613 1343 τοῖς
2671 1275 2726 1334 δὲ
2785 1279 2862 1354 μὴ
2920 1281 3180 1347 τοιούτοις
3250 1281 3425 1338 πάντα
3493 1273 3763 1361 ἀκάθαρτα

2105 1362 2183 1437 μὴ
2239 1361 2366 1420 ὄντα
2420 1364 2708 1445 ἀκάθαρτα,
2771 1365 3093 1449 Ἀκάθαρτος
3135 1371 3235 1450 γαρ
3293 1370 3434 1446 μόνη
3488 1371 3524 1438 ἡ
3577 1369 3761 1450 ἀμαρ-

2104 1451 2211 1511 τία.
2254 1472 2278 1506 α
2327 1461 2454 1516 Τοτς
2511 1451 2566 1510 δὲ
2623 1448 3031 1533 μεμιασμένοις.
3067 1479 3097 1518 ι
3150 1448 3327 1516 ιὨιι-τε
3371 1460 3512 1538 παρὰ
3540 1459 3639 1526 τήν
3660 1448 3762 1534 με-

2105 1541 2406 1616 μιασμένην
2457 1543 2681 1620 γνώμην
2750 1547 3018 1626 ἀκάθαρτα
3100 1548 3326 1628 γίνεται.
3401 1537 3621 1620 ιὨεῒτιτιερ
3667 1549 3758 1604 καὶ

2101 1633 2179 1702 τῷ
2219 1628 2469 1707 ἀῤῥώστῳ
2497 1633 2670 1690 πάντα
2698 1633 2839 1704 ἀηδῆ
2889 1634 2974 1692 διὰ
3022 1636 3121 1705 τὴν
3166 1637 3342 1697 νόσον.
3383 1661 3408 1692 ιι
3447 1634 3613 1694 Ἀλλὰ
3656 1657 3763 1712 με-

2103 1717 2312 1790 μίανται
2343 1721 2514 1776 αὐτῶν
2655 1731 2862 1788 νοῦς.»
2922 1727 3118 1805 Βρῶμα
3190 1728 3310 1803 μὲν,
3385 1727 3568 1806 φησὶν,
3620 1725 3761 1782 ἀκά-

2586 1801 2644 1870 Ὀ
2695 1820 2815 1876 νοῦς
2886 1812 2940 1870 δὲ
2965 1801 2975 1805 1
2998 1816 3169 1871 αὑτῶν
3193 1801 3310 1872 ⁷καὶ
3471 1801 3761 1882 συνείδησίς

2101 1893 2240 1952 ἐστιν
2299 1896 2616 1980 ἀκάθαρτος,
2677 1903 2766 1958 καὶ
2861 1917 3174 1984 συναχρειοῖ
3261 1904 3328 1960 τὰ
3383 1902 3639 1981 βρώματα
3692 1908 3764 1980 τῇ

2103 1980 2201 2056 ίδίᾳ
2282 1986 2521 2060 ὑπονοίᾳ.
2585 2013 2612 2044 α
2660 1992 2790 2071 θεὸν
2858 1980 3210 2071 ὁμολογοῦσιν
3260 1980 3468 2055 εἰδέναι,
3511 2014 3534 2049 ι
3595 2001 3761 2051 Τοῦτο

2101 2071 2265 2138 ὄντως
2315 2075 2626 2156 ἀκάθαρτον.
2685 2061 2835 2141 ’Λνευ
2885 2061 2986 2162 γὰρ
3042 2061 3207 2160 εἴργων
3265 2083 3422 2161 νεκρὰ
3462 2082 3498 2150 ἡ
3553 2081 3755 2144 πίστις.

2111 2183 2138 2216 κ
2184 2163 2257 2219 Σὺ
2287 2162 2342 2220 δὲ
2385 2164 2533 2227 λάλει
2565 2167 2600 2225 ἃ
2627 2169 2838 2250 πρέπει,
2877 2192 2902 2230 ι
2940 2168 3089 2229 Ἀλλ’
3121 2172 3165 2227 εἷ
3215 2170 3304 2226 καὶ
3333 2173 3474 2227 οὗτοι
3504 2180 3756 2242 τοιοῦτοι,

2103 2257 2253 2334 φησὶ,
2289 2259 2349 2314 σὺ
2373 2260 2452 2335 μὴ
2482 2259 2567 2318 διὰ
2605 2271 2758 2321 τοῦτο
2810 2265 3066 2342 ὀκνήσῃς,
3117 2262 3254 2321 ἀλλᾶ
3282 2265 3342 2320 τὸ
3385 2269 3578 2320 σαῠτοῦ
3620 2265 3759 2321 ποίει

2103 2346 2191 2401 καὶ
2233 2345 2463 2424 δίδασκε,
2493 2351 2591 2407 κᾶν
2620 2352 2804 2428 μηδεὶς
2834 2356 2863 2411 ὁ
2893 2356 3230 2431 πειθόμενος.
3510 2366 3514 2369 ’

371 2425 522 2505 quit,
573 2433 636 2487 tu
694 2435 890 2490 tamen
946 2449 1061 2492 non
1119 2431 1358 2512 segnior
1411 2431 1709 2507 eﬂiciaris,
1769 2430 1874 2493 sed
1932 2431 2090 2513 quod
2149 2438 2313 2496 tuum
2371 2444 2460 2499 cst
2512 2425 2687 2503 facito
2743 2459 2812 2504 ac
2840 2441 3015 2518 doce,
3047 2425 3281 2504 etiamsi
3309 2459 3488 2504 nemo
3517 2439 3755 2504 obtem-

372 2525 560 2594 pereL

995 2610 1241 2677 CAPUT
1276 2611 1376 2676 ΙΙΙ.

373 2699 420 2759 .4
433 2699 840 2766 dmonitiones
870 2722 1020 2785 quas
1051 2706 1212 2768 tradi
1241 2713 1476 2787 oportet
1510 2707 1703 2785 juavta
1737 2707 2018 2789 singulo-

973 2803 1115 2848 rum
1153 2797 1419 2850 (etatem.

452 2874 525 2950 II,
551 2878 676 2938 2-5.
694 2875 882 2941 Senes
903 2880 1230 2960 vigilantes
1248 2900 1394 2956 esse,
1417 2880 1769 2960 prudentes,
1795 2880 2022 2943 modeso

374 2972 486 3046 tos,
511 2983 684 3028 sanos
700 2966 1174 3048 ﬁde,charttute,
1199 2973 1516 3050 patientia.
1546 2973 1712 3033 Anus
1730 2971 1940 3032 itidem
1957 2973 2025 3032 in

2738 2609 3105 2696 ΚΕΦΑΛ.Γζ

2285 2734 2312 2766 σ
2350 2714 2687 2794 Παραινέσεις
2718 2717 2777 2783 ἃς
2798 2714 2882 2774 δεῖ
2909 2725 3189 2778 παραινεῖν
3220 2713 3335 2772 καθ’
3367 2714 3575 2785 ἡλικίαν

2508 2801 2516 2812 ⁸
2785 2797 3051 2860 έκάστοὶς.

2195 2907 2220 2941 ι
2283 2885 2581 2966 Πρεσϐύτας
2634 2889 2958 2973 νηφαλαίους
3011 2891 3181 2963 εἶναι,
3257 2889 3480 2965 σεμνοὺς
3541 2888 3754 2969 σώφρο-

2110 3000 2225 3058 νας,
2301 2981 2626 3058 ὑγιαίνοντας
2685 2990 2754 3062 τῇ
2811 2984 3010 3057 πίστει,
3067 2988 3136 3059 τῇ
3190 2981 3400 3061 ἀγάπῃ,
3490 2985 3558 3057 τῇ
3612 2982 3751 3039 ὓπο-

369 3053 579 3118 habitu
592 3057 1067 3138 quireligionem
1097 3059 1461 3132 deceat,non
1498 3061 2016 3134 calumniatiices,

2111 3074 2274 3146 μονῇ.
2337 3069 2686 3150 Πρεσϐύτιδας
2763 3073 3012 3138 ὡσαύτως
3082 3072 3136 3128 ἐν
3217 3073 3588 3147 καταστήματι
3674 3073 3756 3128 ἱε-

369 3163 490 3207 non
517 3148 659 3209 vino
691 3149 882 3210 multo
915 3149 1261 3222 servientes,
1297 3149 1545 3211 honesta
1579 3149 1874 3224 docentes,
1900 3167 2018 3230 quo

2107 3148 2413 3236 poupem'tc,
2488 3162 2565 3238 μὴ
2617 3161 2914 3238 δίαϐόλους,
2971 3162 3049 3238 μὴ
3128 3159 3263 3235 οἴνῳ
3323 3158 3508 3236 πολλῷ
3578 3158 3761 3218 δεδου-

372 3239 654 3304 honestas
682 3241 939 3304 reddant
971 3240 1466 3323 adolescentulus,
1500 3249 1568 3305 ut
1598 3248 1846 3305 maritos
1884 3259 2024 3306 suos

371 3333 657 3412 diligant,
683 3331 898 3394 liberos
930 3332 1381 3410 ament,sobriw
1407 3337 1550 3404 sint,
1581 3349 1783 3412 purae,
1811 3332 2020 3394 domus

371 3422 669 3500 custodes,
696 3422 887 3503 bonae,
924 3421 1179 3484 subditae
1201 3425 1328 3484 suis
1350 3424 1524 3499 viris,
1569 3441 1644 3487 ne
1671 3439 1870 3484 sermo
1907 3423 2020 3484 Dei

370 3510 532 3572 male
561 3512 880 3574 audiatur.

459 3715 482 3744 α
519 3689 708 3753 Senes
753 3691 1084 3771 vigilantes.
1110 3717 1136 3748 ι»
1161 3691 1537 3755 Senectutem
1571 3691 1730 3752 enim
1765 3688 2019 3751 maxime

371 3779 641 3860 sequitur
690 3781 932 3843 tarditas
979 3789 1037 3843 et
1084 3782 1339 3860 ignavia.
1375 3781 1497 3842 Hoc
1529 3780 1706 3860 igitur
1752 3777 2015 3858 corrigit.

377 3894 403 3924 α
428 3869 636 3931 Esse.»
662 3869 810 3932 Esse
833 3879 1231 3952 oportet,nam
1259 3870 1605 3932 acommuni
1627 3865 2018 3947 intelligentia

369 3958 726 4021 subauditur
746 3961 1017 4041 Oportet.
1049 3986 1074 4016 ι
1098 3960 1448 4023 Prudentes.
1473 3984 1499 4015 ι
1529 3959 1880 4031 l’rudentes,
1919 3955 2015 4017 in-

369 4049 519 4129 quit.
573 4048 806 4112 Dicitur
855 4051 1015 4112 enim
1066 4053 1378 4131 σωφροσὺνη
1434 4048 1600 4130 quasi
1659 4048 2014 4128 σαοφροσύνη,

369 4138 481 4198 hoc
516 4147 840 4220 est,?pqum
874 4142 1127 4219 σωτηρία.
1165 4139 1224 4200 id
1259 4147 1370 4212 est,
1416 4137 1879 4220 praecordiorum
1927 4135 2017 4198 vel

371 4229 592 4306 mentis
615 4227 777 4288 salus
810 4237 907 4290 aut
940 4228 1182 4289 sanitas.
1220 4230 1429 4308 Neque
1461 4233 1617 4289 enim
1649 4228 1709 4287 in
1742 4225 2019 4288 sensibus

369 4316 621 4397 requirit
683 4315 1132 4398 temperantiam
1187 4317 1246 4378 in
1297 4318 1511 4379 lasciva
1555 4316 1825 4390 libidine,
1859 4314 2015 4395 quod

2102 3244 2278 3322 λωμέν
2287 3270 2343 3314 ας
2354 3295 2367 3317 ,

2101 3357 2194 3400 τας

2531 3250 2906 3310 καλοδιδασκά)
2919 3275 3031 3327 ους,
3197 3251 3288 3308 ἵνα
3401 3252 3760 3330 σωφρονίζωσι

2519 3339 2826 3422 φιλάνδρους
2937 3342 3101 3416 εἶναι,
3204 3338 3568 3421 φιλοτέκνους,
3652 3340 3766 3396 σώ-

2102 3447 2317 3505 φρονας,
2390 3432 2571 3509 ἁγνὰς,
2649 3432 2938 3511 οἰκουροὺς,
3035 3430 3254 3510 ἀγαθὰς,
3326 3428 3758 3506 ὑποτασσομένας

2102 3528 2220 3581 τοῖς
2277 3517 2422 3584 ἰδίοις
2493 3520 2762 3602 ἀνδράσιν,
2837 3521 2931 3577 ’ἕνα
2988 3520 3068 3597 μὴ
3147 3522 3175 3577 ὁ
3245 3518 3406 3598 λόγος
3463 3529 3556 3578 τοῦ
3627 3526 3758 3578 Θεοῦ

2098 3602 2507 3688 βλασφημῆται.
2558 3634 2586 3668 ι

2185 3718 2213 3749 ι
2249 3697 2545 3777 Πρεσϐύτας
2603 3699 2943 3781 νηφαλαίους.
2986 3723 3013 3756 ι
3064 3697 3305 3781 Μάλιστα
3363 3699 3463 3778 γὰρ
3517 3703 3594 3773 τῷ
3635 3697 3747 3775 γή-

2099 3806 2164 3864 ρᾳ
2205 3789 2264 3843 τὸ
2296 3787 2455 3867 βραδὺ
2505 3792 2591 3847 καὶ
2642 3777 2880 3871 νωχελές
2951 3789 3158 3851 ἕπεται,
3219 3777 3384 3846 ΗΟθεν
3439 3777 3592 3844 τοῦτο
3622 3786 3750 3842 ἐπα-

2100 3879 2299 3954 νορθοῖ.
2381 3901 2408 3933 σ
2483 3880 2640 3937 Εἶναι
2708 3877 2813 3944 δεῖ,
2879 3880 3014 3937 Ἀπὸ
3068 3885 3247 3936 κοινοῦ
3317 3878 3416 3956 γὰρ
3469 3878 3556 3957 τὸ,
3614 3879 3753 3933 εἷναι

2105 3973 2223 4024 Δεῖ.
2303 3989 2330 4021 α
2417 3967 2721 4050 Σώφρονας.
2795 3969 3088 4050 Φρονίμους
3188 3969 3338 4049 φησί.
3432 3966 3755 4048 Σωφροσύνη

2100 4056 2201 4135 γὰρ
2291 4056 2455 4133 ἐστιν,
2545 4061 2701 4117 οἷονεῖ
2793 4059 3151 4140 σαοφροσύνη,
3233 4059 3268 4126 ἡ
3367 4058 3472 4112 τῶν
3553 4061 3756 4135 φρενῶν

2101 4145 2357 4224 σωτηρία.
2416 4149 2490 4205 0'3
2542 4149 2641 4229 γὰρ
2706 4146 2766 4206 ἂν
2819 4149 2907 4205 Eni
2960 4146 3348 4226 γηγηρακότων
3401 4145 3500 4211 τὴν
3555 4145 3641 4200 ἐπὶ
3689 4149 3758 4220 τῇ

2101 4234 2350 4314 ἀσελγείᾳ
2411 4238 2764 4318 Σωφροσύνην
2834 4237 3135 4314 ἀπῄτησεν,
3195 4238 3266 4302 ὡς
3324 4233 3754 4314 ὁμολογουμένου

2099 4326 2284 4381 τούτου
2341 4349 2490 4406 γε..
2551 4333 2628 4404 Τῇ
2669 4329 2933 4404 ὑπομονῇ.
2999 4325 3188 4390 Καλῶς
3243 4331 3311 4402 τῇ
3351 4326 3618 4400 ὑπομονῇ.
3676 4323 3748 4381 Τὸ

2276 3338 2417 3406 νέας,

371 4407 486 4467 hoc
507 4407 636 4487 jam
670 4406 730 4467 in
763 4407 1038 4468 confesso
1066 4405 1140 4468 sit
1175 4425 1277 4467 eos
1306 4406 1551 4467 habere.
1589 4431 1611 4462 ιι
1639 4404 1930 4466 Patientia
1985 4425 2008 4460 ο

2107 4416 2198 4494 γὰρ
2253 4404 2554 4497 ἀκρόχολον
2609 4424 2685 4492 τῷ
2740 4419 2879 4496 γήρᾳ
2949 4415 3272 4496 παρέπεται.
3335 4436 3357 4470 ι
3398 4409 3746 4493 Πρεσϐύτιδας

370 4495 556 4557 Recte
585 4495 668 4558 ait
697 4494 920 4558 debere
951 4514 1052 4556 eos
1087 4493 1312 4558 habere
1344 4494 1741 4556 tolerantiam.
1770 4492 2012 4556 2948i-

367 4585 607 4666 quidem
641 4603 760 4646 non
791 4584 965 4646 decet
993 4592 1360 4646 senectutem
1407 4583 1736 4646 iracundia.
1788 4602 1810 4634 ε
1851 4583 2016 4642 Anus

367 4675 595 4737 itidem.
631 4703 653 4734 ι
704 4675 818 4737 Eas
859 4674 1004 4736 dicit
1035 4693 1167 4755 quae
1189 4675 1246 4733 in
1276 4673 1543 4734 Ecclesia
1575 4670 2014 4744 ministrabant,

366 4764 631 4827 habitum
664 4773 865 4828 autem
898 4763 1043 4826 dicit
1091 4770 1284 4825 vestes
1328 4782 1464 4845 quae
1509 4763 1809 4844 operiunt.
1847 4786 1868 4817 α
1904 4758 2018 4832 Qui

366 4855 714 4936 religionem
750 4854 985 4917 deceat.
1015 4881 1039 4912 ι
1073 4851 1162 4915 Ab
1208 4852 1359 4932 ipso,
1407 4851 1622 4932 inquit,
1669 4851 2018 4913 indumento

367 4946 740 5007 honestatem
771 4943 1188 5019 ostendant,et
1217 4941 1374 5022 quod
1409 4950 1560 5021 apta:
1590 4941 1708 5001 sint
1740 4940 1816 5003 ad
1849 4959 2019 5003 sacra

367 5033 721 5096 ministeria.
762 5058 790 5090 σ
824 5035 954 5095 Non
984 5030 1486 5094 calumniatrices.
1522 5054 1550 5092 ›
1582 5029 1729 5093 Nam
1764 5049 1834 5092 ex
1881 5029 2016 5092 vino

365 5121 638 5202 sequitur
667 5122 966 5185 calumnia
999 5141 1012 5185 :
1049 5130 1105 5184 et
1133 5119 1384 5183 maxime
1433 5120 1590 5202 quod
1637 5119 2018 5183 imbecilliori

365 5210 657 5272 senectuti
689 5210 934 5273 inimica
983 5219 1072 5274 est
1115 5210 1235 5271 vini
1265 5210 1663 5271 vehementia.
1700 5234 1726 5265 ι
1758 5209 2019 5271 Honesta

367 5298 674 5361 docentes.
708 5325 734 5356 ιο
786 5299 856 5360 Ει
911 5299 1208 5381 quomodo
1267 5298 1408 5360 alibi
1467 5299 1753 5361 mutieres
1801 5299 2020 5360 docere

369 5387 694 5469 prohibet?
741 5389 810 5450 Et
855 5387 1131 5460 dicimus,
1180 5387 1337 5468 quod
1371 5387 1467 5448 hic
1495 5387 1569 5448 dc
1615 5387 2017 5449 exhortatorio

369 5495 649 5540 sermone
680 5475 943 5559 loquitur
972 5477 1071 5558 qui
1103 5475 1263 5536 domi
1309 5474 1588 5550 habetur,
1635 5476 1718 5537 ibi
1770 5495 1907 5537 vero
1943 5494 2020 5537 ne

375 5565 613 5649 publice
661 5567 1051 5648 praesiderent
1098 5574 1157 5626 et
1201 5563 1723 5627 concionarentur.
1758 5567 1831 5629 Et
1861 5567 2016 5648 quod

371 5655 555 5719 solius
585 5656 870 5721 doctrinae
897 5675 1030 5739 quae
1058 5653 1223 5719 domi
1255 5652 1509 5716 traditur
1558 5655 1878 5739 participes
1915 5674 2018 5720 eas

2098 4504 2377 4571 ὡσαύτως.
2421 4525 2453 4566 )
2507 4507 2611 4571 Τὰς
2673 4504 2944 4568 διακόνους
2987 4504 3157 4584 λέγει.
3211 4504 3542 4578 Κατάστημα
3571 4499 3648 4575 δὲ,
3680 4502 3750 4557 τὰ

2098 4591 2408 4673 περιϐολαια
2452 4593 2620 4675 λέγει.
2657 4617 2684 4650 ι
2715 4593 3098 4674 ’1εροπρεπεῖς.
3125 4616 3152 4649 ιο
3212 4592 3336 4650 Ἀπ’
3367 4596 3554 4666 αὐτῆς,
3602 4590 3755 4671 φησὶ,

2098 4685 2198 4750 τῆς
2267 4683 2576 4764 ἀμφιάσεως
2633 4686 2733 4752 τὴν
2823 4685 3156 4760 κοσμιότητα
3233 4681 3606 4762 δεικνύτωσαν,
3674 4680 3764 4736 καὶ

2099 4774 2184 4854 τὸ,
2213 4776 2383 4854 ἱεραῖς
2429 4773 2717 4854 ἒμπρέπειν
2765 4773 3099 4853 ὑπηρεσίαις.
3169 4791 3198 4831 (
3233 4773 3322 4840 Μὴ
3381 4769 3676 4835 διαϐόλους.
3729 4791 3756 4824 ι

2101 4859 2197 4918 Ἐκ
2263 4863 2364 4942 γὰρ
2420 4873 2514 4922 τοῦ
2565 4863 2713 4922 οἴνου
2769 4863 2830 4918 τὸ
2876 4859 3143 4922 διάϐολον.
3222 4857 3465 4916 Μάλιστα
3535 4855 3615 4937 δὲ,
3673 4857 3748 4919 ὡς

2100 4949 2455 5030 ἀσθενεστέρῳ
2481 4959 2559 5027 τῷ
2628 4953 2792 5030 γήρᾳ.
2847 4949 3107 5026 πολέμιος
3157 4951 3192 5018 ἡ
3259 4956 3359 5030 τοῦ
3429 4945 3762 5030 οἴνου-σφο-

2101 5029 2316 5110 δρότης,
2381 5024 2434 5087 α
2471 5024 2994 5104 καλοδιδασκάλους.
3071 5052 3094 5086 ι
3173 5029 3274 5088 Καὶ
3329 5033 3444 5092 πῶς
3516 5024 3765 5105 ἀλλαχοῦ

2099 5118 2292 5177 κωλύει
2351 5121 2442 5187 τας
2503 5134 2760 5201 γυναῖκας
2835 5117 3137 5199 διδάσκειν;
3237 5117 3335 5176 Καί
3392 5136 3587 5196 φαμεν,
3682 5113 3765 5170 ὅτι

2100 5208 2317 5267 ἐνταῦθα
2384 5212 2502 5288 περὶ
2559 5218 2930 5290 παραινετικοῦ
2986 5207 3130 5286 λέγει
3202 5205 3366 5285 λόγου
3425 5203 3512 5261 ἐπὶ
3563 5202 3757 5262 οἷ’κου-

2098 5300 2398 5380 γινομένου,
2446 5300 2563 5357 ἐκεῖ
2603 5299 2658 5356 δὲ
2687 5301 2805 5379 περὶ
2859 5305 2952 5355 τοῦ
3012 5299 3108 5373 μὲν
3168 5298 3529 5376 προκαθῆσθαι
3587 5293 3767 5369 δημο-

2101 5389 2186 5461 σίᾳ
2241 5391 2327 5446 καὶ
2381 5389 2734 5469 δημηγορεῖν.
2824 5389 2922 5446 Καὶ
2978 5385 3058 5442 ὅτι
3123 5386 3220 5454 τῆς
3282 5385 3336 5442 ἐν
3396 5385 3533 5457 οἰκία
3595 5383 3768 5469 μόνης

2100 5475 2327 5558 διδαχῆς
2360 5461 2554 5544 αὗτ-αῖς
2577 5461 2866 5558 μετέδωκε,
2902 5474 3068 5544 ληλοῖ
3099 5477 3160 5532 τὸ
3189 5475 3547 5554 ἐπαγόμενον.
3590 5496 3618 5527 α
3647 5461 3777 5529 υΙνα

2101 5568 2479 5648 σωφρονίζωσι,
2517 5569 2670 5648 φησὶ,
2727 5568 2823 5631 τὰς
2878 5564 3023 5630 νέας.
3055 5589 3081 5624 n
3161 5565 3233 5623 Οὐ
3263 5565 3381 5644 περὶ
3478 5559 3778 5642 θυγατέρων

2101 5658 2281 5734 μόνων
2317 5649 2494 5716 ’τοῦτό
2579 5677 2761 5740 φησιν,
2852 5653 2991 5713 ἀλλὰ
3077 5652 3302 5714 καθόλου
3393 5653 3490 5722 τὴν
3548 5651 3775 5718 νεότητα
