4132 6414
323 393 448 461 253

1413 389 1809 456 COMMENT.
1859 385 1942 448 IN
1988 382 2230 447 EPIST.
2276 384 2376 446 AD
2416 384 2692 448 TITUM.

3612 382 3730 449 254

321 523 613 582 ὑποτάσσει
641 528 721 596 τῷ
748 523 912 601 γήρᾳ.
953 541 978 578 ι
1025 518 1345 600 Φιλάνδρους
1388 519 1557 578 εἶναι.
1595 539 1620 576 ι
1695 524 1861 578 Τοῦτο
1921 521 1982 577 τὸ

2073 516 2297 594 fecerit,
2333 517 2668 581 manifestat
2715 517 2775 580 id
2826 517 2986 599 quod
3039 517 3340 599 sequitur.
3381 542 3406 573 α
3443 517 3572 592 Quo
3613 517 3732 582 ho-

322 613 613 696 κεφάλαιον
667 617 777 668 τῶν
845 611 902 668 ἐν
960 609 1098 684 οἰκίᾳ
1153 609 1388 687 ἀγαθῶν.
1447 605 1535 675 Ἐξ
1590 608 1748 696 αὐτοῦ
1793 609 1880 666 καὶ
1919 610 1985 666 τὰ

321 687 490 763 λοίπά
516 703 776 764 τίκτεται.
845 722 872 756 ι
903 698 1279 780 ψιλοτέκνους,
1329 721 1358 755 ι
1407 699 1589 780 φησίν.
1665 687 1728 756 Ἠ
1756 699 1857 778 γὰρ
1884 700 1985 768 τὴν

321 795 466 873 ῥίζαν
495 792 786 872 ἀγαπῶσα,
815 790 904 848 καὶ
930 791 1052 855 τοὺς
1098 786 1322 852 κλάδους
1377 787 1670 868 ἀγαπήσει,
1737 808 1762 844 α
1792 789 1984 847 Οἰκου-

323 883 472 964 ρούς.
505 900 536 941 ι
568 880 850 960 Οἰκωροὺς
891 900 1048 960 φησι,
1092 878 1188 942 τὰς
1217 876 1592 964 οἰκονομικάς,
1625 878 1688 934 At
1729 873 1784 933 δὲ
1815 885 1991 934 τοιαῦ-

323 962 416 1029 ται
459 969 579 1028 οὔτε
648 971 767 1048 περὶ
805 968 1050 1049 τροφὴν,
1123 965 1242 1024 οὔτε
1313 967 1432 1044 περὶ
1489 962 1694 1031 ἐξόδους
1736 965 1986 1048 ἀκαιρούς

327 1057 711 1141 ἀσχολοῦνται.
746 1080 770 1114 ι
800 1048 924 1114 ιἰνα
945 1057 1023 1134 μὴ
1043 1058 1074 1112 6
1093 1054 1251 1134 λόγος
1268 1054 1362 1112 τοῦ
1387 1062 1519 1115 Θεοῦ
1537 1052 1941 1136 βλασφημῆται,
1954 1080 1981 1112 ι

329 1150 390 1208 Εἰ
460 1149 561 1228 γὰρ
633 1145 727 1214 εἴη
784 1146 1004 1210 ἄπιστος
1074 1145 1210 1224 ἀνὴρ
1266 1157 1496 1222 γυναῖκα
1575 1142 1722 1224 ἔχων
1790 1146 1986 1214 πιστὴν

324 1239 450 1319 μὲν,
498 1236 862 1294 ἅωπότακτον
919 1232 974 1291 δὲ
1029 1235 1118 1291 καὶ
1173 1231 1382 1314 φαύλην
1420 1233 1522 1289 τὸν
1577 1232 1778 1319 πίστι-ν,
1822 1234 1987 1302 αὐτὴν

316 1312 726 1408 βλασφημήσει,
795 1323 1042 1388 τοιαύτας
1097 1312 1328 1404 ἔχουσαν
1371 1333 1646 1402 γυναῖκας.
1695 1312 1876 1402 ὲὈρᾷς
1903 1321 1984 1380 ὅτι

315 1413 736 1497 προηγουμένως
815 1419 910 1470 τοῦ
1002 1413 1346 1492 κηρύγματος
1444 1409 1748 1492 φροντίζων,
1821 1419 1986 1470 ταῦτα

318 1506 558 1586 γράφεις

2068 613 2267 669 nestas
2294 606 2550 671 reddant
2579 605 3080 671 adolescentulas.
3120 632 3147 662 ι
3188 605 3316 669 Νοη
3354 606 3430 669 de
3483 607 3627 670 solis
3656 609 3728 672 ti-

2067 693 2259 758 liabus
2318 697 2430 757 hoc
2489 695 2656 770 dicit,
2700 696 2806 758 sed
2853 696 2914 757 in
2971 696 3318 759 universum
3365 696 3728 760 adolescen-

2069 782 2210 846 tiam
2262 783 2506 864 subjicit
2551 785 2861 848 senectuti.
2907 809 2927 841 ι
2963 781 3040 848 Ut
3086 785 3330 849 maritos
3387 801 3530 848 suos
3575 785 3720 848 dili-

2071 880 2283 949 gant.)
2337 875 2464 936 Hoc
2515 875 2808 936 honorum
2855 874 3123 936 omnium
3171 883 3347 956 caput
3375 883 3467 937 est
3493 874 3713 956 quaain

2068 961 2294 1024 familia
2323 971 2482 1032 sunt,
2520 962 2677 1024 unde
2717 970 2776 1026 et
2801 962 3031 1044 reliqua
3074 962 3371 1027 oriuntur.
3408 983 3434 1015 α
3471 962 3722 1026 Liberos

2068 1061 2294 1117 ament.
2328 1079 2355 1110 ι
2387 1055 2534 1118 Nam
2563 1073 2696 1134 quae
2721 1053 2988 1117 radicem
3011 1062 3190 1135 amat,
3223 1054 3400 1117 etiam
3436 1061 3495 1118 et
3523 1073 3723 1117 ramos

2068 1142 2314 1208 amabit.
2346 1165 2370 1200 ι
2396 1142 2620 1205 Domus
2648 1143 2924 1206 custodes
2961 1169 2982 1200 ι
3023 1143 3244 1206 Domus
3274 1141 3419 1205 dicit
3444 1143 3722 1206 custodes

2069 1249 2201 1313 quae
2231 1232 2472 1294 domum
2503 1231 2858 1311 gubernant.
2891 1232 3066 1295 Tales
3111 1241 3306 1295 autem
3339 1250 3534 1314 neque
3563 1232 3722 1296 circa

2069 1339 2240 1382 suum
2271 1321 2643 1396 alimentum,
2678 1340 2874 1403 neque
2903 1322 3063 1384 circa
3105 1340 3382 1402 egressus
3411 1325 3710 1403 intempe-

2070 1409 2252 1473 stivos
2280 1419 2670 1492 occupantur.
2709 1435 2735 1467 α
2760 1411 2847 1474 Ne
2875 1430 3072 1474 sermo
3097 1411 3204 1476 Dei
3235 1411 3391 1474 male
3419 1410 3642 1476 audiat.
3682 1437 3708 1470 ι

2066 1498 2214 1561 Nam
2247 1501 2298 1562 si
2345 1500 2600 1563 maritus
2647 1509 2808 1563 esset
2853 1501 3137 1578 inﬁdelis,
3191 1518 3436 1563 uxorem
3501 1501 3727 1566 habens

320 1579 590 1665 ﬁdelem,
623 1591 730 1654 sed
764 1608 886 1653 non
916 1579 1245 1672 subjectam
1275 1595 1335 1651 et
1364 1606 1627 1671 pravam,
1664 1589 1844 1653 ﬁdem
1871 1587 2062 1671 ipsam
2095 1589 2564 1652 calumniaretur
2592 1608 2725 1672 quae
2755 1590 3102 1672 hujusmodi
3140 1590 3392 1653 haberet
3417 1588 3723 1654 mulieres.

323 1681 512 1746 Vides
542 1679 702 1764 quod
732 1681 860 1744 haec
891 1680 1138 1758 scribat,
1171 1697 1378 1743 curam
1409 1678 1472 1741 in
1502 1678 1712 1762 primis
1741 1679 1970 1742 habens
2001 1679 2445 1760 praedicationis
2463 1679 2496 1740 ‘l

417 1793 444 1830 ο
500 1773 636 1836 Τοὺς
692 1771 975 1850 νεωτέρους
1055 1772 1309 1835 ὡσαύτως
1390 1770 1684 1850 παρακάλει
1782 1793 1982 1851 σωφρο-

2153 1768 2223 1839 lI,
2248 1769 2374 1834 6-8.
2407 1770 2841 1834 Adolescentes
2859 1771 3258 1834 consimiliter
3287 1769 3726 1851 adhortare,ut

323 1873 466 1935 νεῖν,
578 1861 699 1942 περὶ
780 1861 954 1918 πάντα
1066 1861 1288 1920 σεαυτὸν
1370 1860 1745 1941 παρεχόμενον
1826 1860 1991 1917 τύπον

326 1951 506 2009 καλῶν
613 1950 809 2030 ἔργων.
913 1950 967 2008 ἐν
1064 1955 1134 2027 τῇ
1231 1947 1538 2023 διδασκάλίᾳ
1631 1948 1985 2030 ἀδιαφθορίαν,

333 2040 657 2120 σεμνότητα,
686 2039 974 2120 ἀφθαρσίαν
1027 2037 1188 2119 λόγον
1242 2040 1388 2118 ὑγιῆ,
1422 2037 1854 2118 ἀκατάγνωστον,
1898 2037 1990 2096 ἵνα

334 2133 365 2188 ὸ
397 2129 450 2196 ἔξ
482 2129 710 2195 ἐναντίας
737 2127 1014 2209 ιὲντραπῇ,
1077 2125 1245 2205 μηδέν
1300 2126 1446 2208 ἔχων
1487 2129 1606 2209 περὶ
1632 2128 1787 2206 ἡμῶν
1815 2125 1988 2206 λέγειν

371 2217 557 2279 αὖλον.
587 2241 616 2274 ι

328 2244 616 2389 φωξδέξξι
651 2308 770 2372 πῶς
837 2307 1216 2387 προσηκόντως
1267 2305 1484 2388 διέταξε,
1539 2319 1662 2371 ταῖς
1719 2307 1817 2383 μὲν
1884 2331 1985 2388 γυ-

324 2398 483 2474 ναιξὶ,
543 2412 802 2478 γυναῖκας
859 2397 949 2455 καὶ
1033 2395 1377 2478 πρεσϐύτιδας
1445 2395 1788 2463 διδασκάλους
1859 2397 1983 2455 ἐπι-

328 2489 560 2570 στήσας,
589 2500 708 2552 τοϊς
739 2486 795 2544 δὲ
837 2485 1106 2568 ἀνδράσιν,
1151 2486 1309 2544 αὐτὸν
1336 2488 1429 2545 τὸν
1457 2489 1646 2562 Titan;
1697 2510 1725 2543 α
1762 2495 1982 2569 Σωφρο-

326 2592 463 2651 νεῐν,
507 2599 530 2634 ι
565 2578 745 2658 φησίν.
780 2575 940 2635 Οὐδὲν
969 2577 1070 2656 γὰρ
1099 2574 1265 2641 031w:
1310 2582 1380 2655 τῇ
1421 2577 1632 2644 νεότητι
1702 2575 1984 2657 πολέμιον,

327 2668 402 2734 ὡς
475 2668 504 2724 6
556 2672 685 2746 sibe
733 2664 994 2741 σωμάτων
1051 2663 1205 2745 ἔρως.
1273 2687 1302 2720 α
1333 2666 1564 2722 Σεαυτὸν
1614 2666 1987 2746 παρεχόμενον

327 2758 520 2816 τύπον.
568 2778 597 2812 ι
649 2744 863 2835 ’Ἔα-τω,
913 2744 1086 2834 φησὶ,
1122 2757 1298 2814 κοινὸν
1340 2753 1504 2812 ἅπασι
1557 2744 1924 2813 διδασκαλεῖον
1957 2757 1986 2812 6

329 2847 422 2909 σὸς
452 2844 564 2922 βίος
593 2844 683 2900 καὶ
731 2841 1046 2922 ὑπόδειγμα,
1127 2865 1155 2898 α
1191 2843 1282 2902 Ἐν
1335 2849 1404 2921 τῇ
1459 2841 1788 2917 διδασκαλίᾳ.
1825 2865 1850 2902 ο
1887 2845 1982 2918 Τὸ,

331 2934 736 3015 Παρεχόμενος,
789 2932 896 2989 ἀπὸ
951 2931 1152 2995 κοινοῦ.
1212 2933 1302 2992 Ἐν
1370 2939 1441 3010 τῇ
1505 2933 1595 2991 οὖν
1651 2930 1983 3013 διδασκαλίᾳ,

329 3023 701 3104 παρεχόμενον
757 3020 1030 3102 ἀφθορίαν,
1108 3044 1137 3077 α
1211 3021 1548 3098 Σεμνότητα.
1612 3045 1637 3080 ι
1713 3021 1981 3096 Τωτὲστι,

2073 1863 2483 1939 temperantes
2502 1866 2620 1924 sint
2653 1877 2666 1923 :
2695 1879 2804 1940 per
2819 1862 3026 1924 omnia
3051 1862 3433 1940 temetipsum
3444 1858 3725 1940 praebens

2070 1947 2339 2025 formam
2372 1947 2665 2013 bonorum
2695 1967 2966 2032 operum,
2990 1952 3055 2012 in
3085 1949 3367 2012 doctrina
3388 1949 3721 2028 integrita-

2073 2045 2215 2117 tem,
2247 2042 2642 2124 honestatem,
2678 2044 3214 2122 incorruptionem,
3255 2058 3586 2104 sermonem
3609 2058 3715 2104 sa-

2069 2131 2933 2214 num,i:reprehensibitem,ut
2954 2132 3009 2194 is
3028 2132 3135 2211 qui
3159 2138 3476 2213 repugnat,
3502 2127 3720 2193 rubore

2067 2218 2880 2299 suffundatur,nihil/mbens
2909 2219 3338 2301 quoddenobis
3366 2217 3720 2282 dicatmali.

2149 2306 2330 2372 Vides
2347 2327 2526 2388 quam
2549 2327 2808 2389 congrue
2837 2308 3203 2391 praeceperit,
3233 2306 3583 2370 mulieribus
3594 2306 3721 2388 qui-

2067 2395 2204 2458 dem
2239 2397 2522 2460 mulieres
2543 2407 2600 2462 et
2622 2417 2773 2461 anus
2801 2397 3132 2480 prmdciens
3151 2397 3721 2480 praeceptoresmiris

2067 2497 2266 2549 autem
2293 2485 2486 2569 ipsum
2517 2486 2781 2550 Titum?»
2808 2489 2884 2553 Ut
2916 2496 3318 2569 temperantes
3349 2489 3529 2548 sint.»
3556 2484 3716 2549 Nihil

2069 2575 2231 2638 enim
2258 2576 2409 2638 adeo
2439 2576 2657 2640 hostile
2686 2584 2775 2640 est
2795 2576 3094 2658 juventuti
3123 2576 3280 2640 sicut
3308 2593 3477 2638 amor
3504 2592 3720 2656 corpo-

2067 2681 2223 2727 rum.
2256 2689 2279 2720 α
2308 2663 2393 2726 Te
2423 2664 2615 2745 ipsum
2648 2665 2920 2746 praabens
2949 2664 3222 2728 formam.
3263 2689 3291 2722 ι
3326 2663 3453 2726 Tua
3479 2663 3598 2726 vita
3615 2671 3715 2726 at-

2069 2771 2186 2834 que
2216 2753 2580 2834 exemplum,
2614 2754 2691 2816 sit
2718 2754 2996 2818 omnibus
3044 2755 3377 2816 communis
3421 2753 3716 2816 doctrina.

2075 2863 2100 2896 ι
2129 2840 2195 2903 In
2226 2842 2518 2906 doctrina.
2549 2867 2575 2899 ι
2603 2843 2653 2906 Α
2683 2844 2990 2907 communi
3035 2843 3432 2922 intelligentia
3480 2841 3714 2923 supple.

2069 2929 2374 2995 Prtebens.
2401 2930 2466 2994 In
2489 2931 2760 2994 doctrina
2786 2932 2966 3013 igitur
2993 2931 3264 3014 praebens
3287 2931 3713 3009 integritatem,

2067 3018 2526 3083 familiaritatem
2551 3027 2609 3082 et
2629 3021 2945 3103 quamdam
2964 3021 3382 3084 humilitatem.
3396 3020 3721 3083 «Honesta-

331 3084 621 3179 κοίνόττίτα
643 3110 732 3168 καὶ
776 3084 905 3167 oiov.
948 3084 1300 3192 ἀτυφότηνα.“
1352 3130 1383 3170 ε
1443 3084 1544 3170 limi
1590 3110 1914 3187 σεμνότητα,
1951 3084 1979 3166 ii

2073 3116 2252 3171 tam.»
2301 3109 2363 3172 Id
2396 3119 2508 3185 est,
2549 3084 2666 3171 noxi
2716 3118 2994 3192 tanquam
3044 3111 3326 3193 princeps
3354 3108 3570 3192 aliquis
3600 3128 3714 3171 ne-

333 3200 604 3282 Τουτέστι,
635 3224 714 3277 μη
757 3201 831 3262 ὡς
861 3198 1047 3280 ἅρχων
1093 3222 1198 3276 τις,
1273 3198 1409 3276 μηδὲ
1455 3202 1528 3267 ὡς
1557 3199 1832 3258 δποτὲλεσι
1863 3198 1981 3255 δια-

2073 3217 2185 3279 que
2219 3199 2393 3262 veluti
2424 3219 2558 3262 cum
2592 3199 2918 3262 tributariis
2949 3209 3049 3262 aut
3076 3199 3363 3281 subjectis
3386 3199 3713 3273 disserens,

330 3289 645 3368 λεγόμενον,
675 3287 796 3345 ἀλλ’
836 3289 1008 3358 ἡπίως
1029 3291 1102 3353 ὡς
1132 3289 1358 3356 τέκνοις,
1418 3313 1446 3346 ι
1481 3292 1580 3348 Καὶ
1609 3289 1769 3369 λόγον
1795 3291 1978 3370 ὑγιῆ.»

2073 3288 2208 3349 295
2236 3288 2338 3350 sed
2361 3289 2582 3351 blande
2601 3307 2670 3350 ac
2699 3290 2914 3352 leniter
2946 3291 3123 3352 veluti
3153 3309 3286 3352 cum
3321 3288 3482 3351 filiis.
3516 3313 3542 3342 α
3568 3286 3714 3350 Ser-

327 3382 432 3438 Τὸν
453 3385 562 3436 τῶν
601 3378 882 3457 δογμάτων
923 3375 1192 3445 δηλονότι.
1256 3380 1466 3438 Τούτων
1522 3381 1623 3459 γὰρ
1680 3379 1982 3458 προσόντων

2073 3396 2304 3440 monem
2327 3397 2534 3441 sanum
2561 3398 2575 3439 :
2611 3402 2634 3437 ι
2665 3379 2946 3443 videlicet
2973 3377 3488 3461 dogmatum.Nam
3513 3377 3563 3440 si
3591 3378 3718 3440 haec

324 3474 396 3545 τῇ
433 3465 760 3541 διδασκαλίᾳ,
801 3466 1184 3546 ὲντραπήσεται
1228 3471 1257 3525 6
1299 3467 1352 3535 ἐξ
1408 3469 1669 3549 ἐναντίας,
1705 3469 1738 3538 ἢ
1791 3471 1819 3525 6
1861 3467 1978 3525 διά-

2073 3467 2262 3529 adsint
2287 3467 2593 3549 doctrinm,
2635 3468 2857 3530 rubore
2887 3469 3262 3532 suﬂ'undetur
3301 3467 3352 3530 is
3383 3467 3485 3550 qui
3524 3485 3709 3549 repu-

320 3555 506 3632 ϐολος,
541 3558 578 3626 ἢ
620 3561 649 3614 6
704 3557 963 3634 αὶρετικὸς
1034 3555 1298 3634 μηδεμίαν
1352 3558 1606 3638 εὖρίσκων
1660 3555 1831 3626 λαϐὴν
1861 3555 1977 3616 καθ’

2073 3565 2227 3638 gnat,
2288 3557 2412 3618 sive
2464 3557 2860 3620 calumniatur
2907 3567 3010 3620 aut
3065 3557 3420 3633 haereticus,
3481 3556 3706 3619 nullam

971 3735 1348 3818 ΚΕΦΑΑ,ΔἏ

328 3861 356 3897 α
407 3838 533 3919 Περὶ
561 3833 784 3913 δούλων,
817 3839 906 3921 ὡς*
921 3838 986 3921 ἃν
1028 3839 1118 3921 καὶ
1151 3840 1314 3921 ,αὐτοὶ
1369 3841 1468 3907 τῆς
1514 3847 1738 3921 Χριστοῦ
1764 3839 1983 3919 χάρττος

848 3916 1004 3984 ἀξίως
1056 3915 1352 3977 δουλεύοιεν
1363 3966 1376 3979 .
1430 3945 1454 3975 ιι

411 4036 442 4068 ι
477 4011 705 4076 Δούλους
734 4010 880 4076 ἰδίοις
936 4009 1214 4076 δεσπόταις
1253 4013 1656 4086 ὑποτάσσεσθαι,
1727 4013 1783 4069 ἐν
1830 4018 1988 4070 πᾶσιν

319 4103 636 4182 εὐαρέστους
666 4101 834 4175 εἶναι,
868 4101 946 4177 μὴ
993 4099 1384 4181 ἀντιλέγοντας.
1445 4104 1524 4179 μὴ
1555 4101 1980 4185 νοσφιζομένους,

323 4191 466 4248 ἀλλὰ
522 4191 698 4248 πίστιν
758 4196 930 4246 πᾶσαν
995 4188 1415 4266 ἐνδεικνυμένους
1472 4192 1695 4272 ἀγαθὴν.
1782 4190 1872 4247 ἵνα
1904 4191 1982 4267 μὴ

2061 3645 2377 3708 inveniens
2403 3645 2685 3709 adversus
2715 3667 2824 3710 nos
2854 3646 3260 3712 calumniandi
3289 3665 3518 3709 ansam.

2693 3741 2940 3806 CAPUT
2987 3741 3087 3806 IV.

2152 3833 2234 3896 De
2260 3834 2479 3911 servis,
2503 3841 2570 3896 ut
2593 3835 2724 3928 ipsi
2742 3852 2973 3928 quoque
3000 3834 3280 3928 decenter
3299 3834 3380 3897 ad
3403 3833 3638 3898 Chrirti

2594 3923 2857 3986 gratiam
2886 3923 3184 3978 serviant.

2152 4006 2229 4084 ΙΙ,
2265 4009 2446 4071 9-H.
2483 4010 2700 4071 Servos
2733 4008 3006 4084 hortare,
3037 4015 3104 4072 ut
3130 4009 3260 4071 suis
3292 4008 3559 4070 dominis
3593 4027 3712 4090 pa-

2071 4104 2269 4170 reant,
2296 4099 2358 4159 in
2390 4100 2664 4160 omnibus
2694 4097 2816 4160 illis
2837 4101 3142 4179 placeant,
3177 4115 3298 4160 non
3328 4107 3712 4173 responsato-

2069 4205 2190 4262 res,
2217 4203 2335 4250 non
2365 4189 2760 4268 sit/furantes,
2793 4189 2895 4250 sed
2922 4189 3104 4268 ﬁdem
3136 4205 3371 4250 omnem
3402 4188 3714 4251 ostendeno

323 4279 666 4337 διδασκαλίαν
722 4286 815 4336 τοῦ
857 4279 1110 4359 Σωτῆρος
1165 4282 1320 4357 ἡμῶν
1419 4288 1550 4338 Θεοῦ
1601 4286 1872 4358 κοσμῶσιν
1929 4279 1982 4335 ἐν

2073 4285 2158 4339 tes
2189 4278 2406 4340 bonum
2435 4297 2454 4338 :
2485 4286 2550 4338 ut
2583 4278 2921 4339 doctrinam
2966 4277 3315 4340 Salvatoris
3359 4284 3556 4340 nostri
3605 4279 3718 4342 Dei

322 4392 505 4430 πασιν.
546 4392 570 4428 ι

408 4457 480 4515 Οὔ
549 4457 661 4539 χρὴ
732 4458 820 4514 οὖν
901 4458 1155 4537 προφάσει
1214 4455 1484 4522 εὐλαϐείας
1541 4457 1713 4537 α”ρειν
1766 4456 1980 4522 δούλους

324 4547 432 4603 ἀπὸ
477 4545 769 4607 δεσποτῶν.
824 4567 847 4601 ι
901 4548 991 4614 Μὴ
1046 4546 1440 4626 ἀντιλέγυντας,
1481 4570 1504 4604 ο
1579 4551 1652 4607 Τὸ
1714 4549 1982 4618 πειθήνιον

323 4639 416 4693 καὶ
484 4635 720 4694 ἄκλοπον
748 4651 1053 4718 Απαραῳεϊ.
1114 4647 1280 4697 Τοῦτο
1331 4639 1430 4718 γὰρ
1486 4636 1718 4714 μάλιστα
1775 4636 1981 4700 δούλοις

325 4725 596 4806 ἁρμόδιον,
678 4749 703 4782 ι
743 4716 867 4783 Ἵνα
922 4727 1021 4794 τὴν
1075 4716 1413 4783 διδασκαλίαν
1478 4734 1570 4784 τοῦ
1636 4727 1907 4805 Σωτῆρος.
1947 4751 1974 4782 a

325 4817 560 4881 Εἰκότως
587 4815 768 4896 ἔλεγεν
810 4813 1076 4896 ἀλλαχοῦ,
1130 4839 1154 4870 ιι
1209 4807 1300 4882 Ὠς
1343 4825 1422 4893 τῷ
1477 4824 1593 4892 Θεῷ
1649 4815 1980 4880 δουλεύοντες

320 4906 413 4962 καὶ
485 4906 580 4961 οὒκ
636 4903 946 4983 ἀνθρώποις.
991 4927 1015 4960 ι
1083 4902 1191 4963 Κᾶν
1233 4907 1333 4987 γὰρ
1381 4913 1459 4981 τῷ
1513 4904 1766 4976 δεσπότῃ,
1825 4908 1978 4987 φησὶ,

317 4992 541 5070 διακονῇ
595 4990 712 5068 μετ’
783 4994 1008 5067 εὖνοίας,
1068 4992 1188 5050 ἀλλ’
1277 4997 1313 5064 ἡ
1383 4994 1640 5075 πρόφασις
1712 4996 1818 5052 ἀπὸ
1888 5005 1982 5054 τοῦ

317 5079 484 5163 φόϐου
525 5091 620 5140 τοῦ
661 5089 793 5140 Θεοῦ
824 5081 923 5148 τὴν
948 5081 1127 5162 ἀρχὴν
1157 5081 1298 5164 ἔχει.
1350 5085 1410 5142 Εἰ
1463 5085 1564 5162 γὰρ
1634 5082 1817 5163 φούλοι
1848 5084 1969 5155 ὦσι,

319 5171 474 5251 φησὶ,
586 5171 677 5226 τὸν
767 5173 1171 5248 Χριστιανισμὸν
1253 5171 1584 5252 ἐνυϐρίζουσι,
1647 5194 1676 5227 α
1735 5175 1808 5232 Τὸ
1877 5174 1976 5252 γὰρ

319 5260 491 5334 ὄνομα
521 5266 611 5317 τοῦ
639 5266 771 5316 Θεοῦ
823 5257 893 5314 δι’
934 5260 1070 5335 ὑμᾶς
1141 5260 1562 5343 βλασφημεῖται,
1612 5284 1640 5316 ι
1715 5263 1865 5344 φησί.
1900 5264 1976 5321 Τὰ

320 5348 378 5406 δὲ
412 5349 684 5430 εἰρημένα,
717 5359 989 5413 ποιοῦντες
1009 5358 1264 5427 κοσμοῦσι
1332 5353 1394 5410 τὸ
1461 5352 1732 5430 κήρυγμα,
1771 5358 1973 5416 πιστῶς

324 5436 678 5504 δουλεύοντες.

373 5639 376 5642 .
406 5597 427 5641 ¹
457 5596 682 5681 Ephes.
719 5614 806 5676 γι,
838 5601 898 5660 7.
982 5599 1014 5651 2
1040 5598 1155 5665 Ira.
1185 5619 1284 5680 LII,
1315 5603 1440 5679 52;
1475 5601 1605 5666 Ron
1637 5650 1651 5666 .
1684 5617 1750 5678 ιι,
1782 5601 1884 5667 24.

2069 4374 2286 4430 ornent
2316 4368 2379 4428 in
2407 4366 2704 4429 omnibus.

2145 4458 2274 4520 Non
2291 4464 2682 4537 oportctergo
2702 4463 2982 4537 praetextu
3013 4455 3245 4536 pietatis
3270 4455 3479 4517 tollere
3511 4475 3715 4519 servos

2065 4545 2396 4607 adnminis.
2440 4570 2462 4601 υ
2508 4543 2634 4606 Νοη
2679 4555 3148 4625 Γθεροηεέιιυιπθε.
3193 4570 3214 4602 n
3251 4546 3549 4607 Admonet
3577 4563 3712 4608 ser—

2064 4636 2314 4698 vandam
2349 4633 2753 4695 obedientiam
2785 4653 2850 4694 ac.
2884 4633 3276 4708 ﬁdelitatem;
3313 4634 3369 4694 id
3392 4635 3549 4695 enim
3585 4653 3711 4695 nia-

2063 4724 2223 4786 xime
2269 4742 2470 4785 servos
2512 4725 2704 4786 decet.
2741 4748 2760 4778 ε
2809 4721 2881 4785 Ut
2923 4723 3248 4784 doctrinam
3303 4723 3621 4784 Salvatoris
3684 4749 3704 4778 ι

2063 4812 2266 4875 Merito
2299 4812 2444 4873 dixit
2473 4811 2612 4873 alibi
2641 4832 2654 4871 :
2699 4836 2726 4867 ιι
2761 4811 3070 4892 Tanquam
3106 4815 3223 4872 lico
3273 4813 3622 4892 servientes,
3653 4822 3712 4875 et

2065 4921 2182 4964 non
2215 4899 2627 4963 hominibus‘.
2677 4899 3034 4982 »δίιιιιὶαιιιιι
3084 4920 3418 4981 quanquam
3467 4901 3712 4962 domino

2065 5011 2198 5054 cum
2233 4989 2647 5051 benevolentia
2693 4988 3020 5066 ministres,
3074 4989 3287 5069 inquit,
3354 4994 3586 5051 occasio
3620 4999 3710 5052 ta-

2064 5099 2199 5142 men
2236 5077 2470 5140 initium
2523 5077 2699 5139 habet
2729 5097 2763 5140 a
2793 5079 3006 5138 timore
3049 5077 3178 5141 Dei.
3238 5079 3302 5141 Si
3354 5079 3512 5139 enim
3549 5080 3711 5160 pravi

2061 5177 2220 5246 sunt,
2249 5165 2765 5232 Christianismum
2800 5166 3162 5228 contumelia
3197 5168 3484 5229 afﬁciunt.
3524 5193 3551 5224 α
3590 5168 3714 5232 No-

2062 5277 2200 5321 men
2233 5257 2393 5320 enim
2431 5257 2535 5318 Dei
2569 5265 2811 5336 propter
2835 5274 2962 5330 vos,
2985 5255 3088 5316 ait.
3125 5255 3517 5338 blasliliemiis
3533 5258 3714 5320 amci-

2062 5357 2155 5410 tur
2174 5348 2221 5407 9.
2267 5369 2292 5403 ο
2335 5345 2446 5418 Qui
2491 5355 2685 5406 autem
2746 5345 2999 5406 fecerint
3055 5363 3124 5406 ea
3184 5365 3318 5426 qua;
3363 5346 3524 5408 dicta
3576 5356 3716 5411 sunt

2063 5436 2546 5520 praedicationem
2590 5446 2825 5510 ornant,
2860 5434 3119 5498 ﬁdeliter
3150 5439 3501 5501 servientes.
