4132 6412
403 360 522 432 255

1515 365 1929 432 (EGUMENII
1973 359 2271 428 TRICC/E
2309 365 2646 430 EPISCOPI

3665 368 3783 436 256

477 500 553 580 II,
575 501 777 568 12-14.
800 499 1190 566 Illuxitenim
1211 504 1415 583 gratia
1437 501 1553 567 Dei
1571 501 1897 584 salutifera
1917 517 2043 566 0m-

2211 519 2242 555 σ
2276 496 2549 580 Ἐπεφάνη
2605 499 2706 580 γὰρ
2746 503 2782 573 ἡ
2841 501 2994 582 χάρις
3067 502 3161 562 τοῦ
3231 509 3362 562 Θεοῦ
3420 507 3456 574 ἡ
3516 526 3782 584 σωτηριος

397 590 577 654 nibus
593 589 957 670 hominibus,
984 591 1271 656 erudiens
1317 609 1448 666 nos,
1494 599 1562 656 ut
1599 593 1899 674 abnegata
1920 592 2039 655 im-

394 682 626 763 pietate
653 689 714 744 et
734 681 1066 745 mundanis
1095 682 1779 763 concupiscemiis,caste
1807 689 1860 744 et
1887 683 2047 756 iuste

397 788 471 832 ac
492 770 604 850 pie.
621 771 903 834 vivamus
934 776 1002 834 in
1027 773 1322 852 praesenti
1350 771 1595 852 saeculo,
1628 777 2043 852 exspectantes

401 859 850 941 beatamspem,
871 868 926 923 et
957 861 1406 942 apparitionem
1449 859 1658 939 gloria:
1687 861 1900 940 magni
1929 860 2048 923 Dei

399 955 458 1012 et
468 948 808 1013 Saluatoris
829 950 1024 1014 nostri
1043 950 1192 1014 Jesu
1221 949 1457 1014 Christi
1485 972 1500 1012 :
1526 952 1628 1032 qui
1648 951 1817 1013 dedit
1827 956 2047 1014 semet-

399 1037 598 1118 ipsum
621 1055 734 1118 pro
763 1037 962 1113 nobis,
990 1047 1062 1102 ut
1091 1040 1424 1104 redimeret
1462 1059 1570 1104 nos
1616 1041 1690 1103 ab
1718 1040 1889 1104 omni
1917 1040 2049 1104 ini-

399 1131 649 1206 guitate,
682 1133 741 1192 et
765 1129 1123 1210 puriﬁcaret
1153 1130 1271 1193 sibi
1297 1131 1421 1212 ipsi
1461 1130 1752 1213 pOpulum
1779 1129 2050 1214 peculia-

399 1234 532 1280 rem
555 1224 905 1283 sectatorem
933 1219 1224 1284 bonorum
1250 1237 1523 1302 operum.

481 1397 713 1463 Deinde
741 1399 922 1463 etiam
941 1418 1180 1464 causam
1207 1402 1376 1484 ponit
1395 1420 1504 1466 cur
1523 1420 1728 1466 servos
1748 1421 1886 1466 esse
1904 1402 2052 1465 talea

2127 593 2289 645 πᾶσιν
2374 587 2674 668 ἂνθροποις,
2775 589 3092 648 παιδεύουσα
3169 592 3345 670 ἡμᾶς,
3426 592 3522 652 ἵνα
3608 595 3790 674 ἀρνηα

2128 677 2346 753 σάμενοι
2441 679 2542 747 τὴν
2621 676 2866 736 ἀσεϐειαν
2935 681 3022 736 καὶ
3106 681 3200 747 τὰς
3266 683 3530 759 κοσμικὰς
3598 683 3785 741 ἐπιθυ·-

2127 768 2276 843 μίας,
2337 767 2622 847 σωφρόνως
2677 769 2789 841 ,καὶ
2864 765 3077 836 δικαίως
3153 772 3240 828 καὶ
3321 769 3548 838 εὐσεϐῶς
3600 773 3785 845 ζήσω-

2129 878 2226 934 μεν
2275 856 2329 914 ἐν
2383 862 2461 930 τῷ
2530 866 2617 917 νῦν
2688 860 2862 920 αἰῶνι,
2925 855 3345 940 προσδεχόμενοι
3423 863 3523 931 τὴν
3602 884 3784 938 μακα-

2128 945 2238 1026 ρίαν
2309 943 2492 1004 ἐλπιδα
2549 948 2637 1004 καὶ
2692 945 2995 1026 ἐπιφάνειαν
3046 952 3146 1016 τῆς
3203 947 3357 1018 δόξης
3415 960 3508 1012 τοῦ
3549 950 3786 1032 μεγάλου

2130 1041 2261 1092 Θεοῦ
2288 1035 2376 1092 καὶ
2430 1041 2682 1115 Σωτῆρος
2715 1037 2866 1112 ἡμῶν
2924 1035 3102 1104 Ἰησοῦ
3171 1045 3418 1118 Χριστοῦ,
3477 1041 3536 1104 ὃς
3567 1031 3787 1098 ’ἔδωκεν

2130 1125 2314 1184 ἑαυτὸν
2343 1125 2472 1205 ὑπὲρ
2516 1126 2696 1207 ἡμῶν,
2738 1125 2830 1182 ἵνα
2871 1123 3204 1206 λυτρώσηται
3254 1129 3400 1204 ἡμᾶς
3457 1129 3565 1187 ἀπὸ
3606 1130 3786 1198 πάσης

2131 1213 2374 1291 ἀνομίας,
2434 1215 2520 1272 καὶ
2548 1214 2803 1294 καθαρίσῃ
2833 1214 3006 1290 ἑαυτῷ
3051 1214 3179 1274 λαὸν
3215 1217 3510 1297 περιούσιον
3535 1217 3790 1293 ζηλωτὴν

2129 1302 2308 1361 καλῶν
2336 1303 2528 1385 ἔργων.
2585 1326 2609 1360 3

2212 1394 2351 1451 Εἶτα
2378 1394 2467 1451 καὶ
2496 1393 2662 1452 αἰτίαν
2707 1396 2800 1451 τοῦ
2828 1393 3026 1475 χρῆναι
3067 1393 3188 1459 τοὺς
3249 1391 3465 1461 δούλως
3520 1397 3785 1463 τοιούτους

403 1496 700 1568 oporteat.
735 1490 954 1568 Illuxit,
985 1481 1422 1573 inquitpgratia
1469 1492 1578 1556 Dei
1607 1491 1888 1555 erudiens
1917 1511 2043 1557 nos.

2132 1481 2275 1538 εἶναι
2341 1483 2503 1573 πρὸς,
2539 1484 2661 1546 τοὺς
2730 1481 2990 1549 δεσπότας
3042 1483 3273 1573 τίθησιν,
3326 1481 3600 1566 Ἐπεφάνη
3657 1487 3786 1567 γὰρ,

402 1575 546 1640 Cum
579 1577 763 1658 igitur
808 1578 995 1642 Deum
1041 1568 1364 1644 Habeamus
1410 1581 1740 1663 doctorem,
1787 1581 1929 1644 296
1956 1581 2043 1643 An

2132 1571 2314 1650 φησὶν,
2358 1573 2393 1640 ἡ
2419 1571 2590 1663 ⁸χάρις
2617 1581 2713 1632 τοῦ
2940 1568 3254 1632 παιδεύουσα
3293 1573 3463 1663 ἡμᾶς..
3513 1577 3575 1634 Οἱ
3616 1575 3788 1636 τοίνυν

400 1685 520 1729 non
542 1685 775 1749 aequum
799 1676 910 1743 est,
933 1675 999 1732 ut
1015 1668 1302 1732 faciamus
1331 1689 1464 1752 quae
1493 1659 1827 1734 doctrinam
1856 1669 2043 1752 ipsius

2131 1666 2263 1720 Θεοῦ
2313 1659 2591 1720 παιδευτοῦ
2659 1661 2940 1743 τυχόντες,
2998 1665 3114 1726 πῶς
3151 1663 3267 1762 ιοὐκ
3323 1661 3602 1743 ὸφείλομεν
3658 1663 3779 1731 ἄξια

401 1755 700 1849 deceant?
728 1756 1138 1849 I_Jt_abnegata.
1187 1780 1208 1810 ι
1247 1749 1556 1840 Apparitio
1599 1768 1792 1823 autem
1845 1749 2043 1823 salva-

2130 1753 2228 1849 ξῆς
2259 1750 2414 1807 αὐτοῦ
2455 1751 2704 1829 πράττειν
2745 1749 3012 1832 διδαχῆς;
3091 1770 3116 1807 ι
3151 1749 3278 1809 Ἵνα
3337 1751 3718 1832 ἀρνησάμενοι.
3750 1777 3781 1809 3

402 1847 546 1907 toris
578 1846 764 1908 nostri
795 1846 927 1929 Dei,
971 1835 1084 1912 Hoc
1131 1857 1246 1926 est,
1291 1835 1578 1912 adventus
1607 1849 1667 1910 in
1699 1868 1900 1924 carne,
1927 1868 2043 1911 non

2133 1835 2196 1894 Ἦ
2253 1835 2308 1894 δὲ
2365 1837 2638 1920 ἐπιφάνεια
2687 1845 2782 1896 τοῦ
2858 1847 3107 1918 Σωτῆρος
3182 1841 3337 1915 ἡμῶν
3426 1849 3581 1918 Θεοῦ,
3626 1865 3788 1902 τουτ-

403 1934 592 1996 solum
652 1935 950 2016 prioribus
1009 1937 1271 2015 peccatis
1323 1957 1432 2000 nos
1493 1938 1783 2014 liberavit,
1845 1957 2046 2001 verum

402 2025 576 2086 etiam
611 2026 954 2088 securiores
983 2026 1042 2088 in
1060 2035 1359 2108 posterum
1392 2028 1550 2090 fecit.
1590 2029 1802 2090 Dicens
1833 2029 1992 2090 enim
2027 2049 2040 2090 :

399 2111 474 2176 Ut
501 2113 810 2194 abnegata,
847 2115 1140 2192 signiﬁcat
1194 2135 1468 2196 magnam
1517 2117 1957 2198 separationem
1991 2127 2050 2179 et

401 2202 850 2266 abstinentiam.
867 2203 1210 2286 dmpietate
1223 2213 1281 2266 et
1298 2205 2047 2286 mundanisconcupiscen-

402 2293 522 2355 tiis.
563 2317 590 2348 ι
620 2292 986 2374 impietatem
1007 2293 1250 2375 quidem
1280 2295 1425 2356 dicit
1455 2313 1769 2376 pravorum
1799 2296 2045 2376 dogma-

401 2389 524 2443 tum
586 2401 600 2442 :
665 2382 994 2445 mundanas
1049 2402 1188 2445 vero
1239 2385 1750 2465 concupiscentias
1801 2393 1860 2448 et
1915 2405 2047 2467 quin

396 2470 611 2532 animae
641 2479 696 2532 et
723 2491 853 2552 quae
875 2473 1180 2553 corporis:
1211 2482 1394 2554 utque
1444 2493 1560 2535 uno
1611 2473 1790 2535 verbo
1821 2475 2045 2552 dicam,

399 2579 770 2642 quaecunque
805 2577 924 2625 non
966 2570 1274 2624 transeunt
1327 2562 1636 2626 nobiscum
1683 2563 1743 2624 in
1804 2565 2041 2627 cmlum.

399 2650 568 2722 Quod
601 2658 822 2724 autem,
858 2651 979 2714 ait:
1018 2651 1212 2726 Caste,
1245 2671 1362 2714 non
1393 2653 1584 2714 solum
1619 2653 2043 2715 continentiam

399 2737 694 2817 signiﬁcat
736 2757 866 2820 quae
913 2749 1000 2801 est
1050 2741 1209 2802 circa
1240 2760 1517 2824 corpora,
1553 2761 1877 2824 eorumque
1909 2762 2042 2804 am-

397 2846 587 2901 orem,
622 2846 824 2890 verum
854 2831 1030 2892 etiam
1063 2849 1198 2908 erga
1231 2851 1469 2894 omnem
1500 2833 1903 2894 aﬁ‘ectionem.
1943 2831 2039 2893 «In

401 2917 676 2998 praesenti
700 2918 942 2980 saeculo.
965 2941 992 2978 ι
1027 2919 1173 2982 Nam
1205 2921 1319 2983 hoc
1345 2922 1627 2983 saeculum
1653 2923 1831 2985 habet
1850 2931 2038 2984 certav

400 3025 559 3080 men,
586 3006 847 3070 futurum
901 3026 1036 3071 vero
1065 3010 1507 3072 retributiones.
1550 3037 1576 3066 α
1613 3013 2042 3092 Exspectantes

398 3095 629 3158 beatam
661 3115 852 3177 spem.
897 3120 925 3157 3
961 3099 1111 3162 Ecce
1143 3108 1200 3161 et
1231 3100 1501 3180 praemia.
1523 3100 1675 3162 Vere
1707 3101 1864 3162 enim
1893 3100 2038 3161 nihil

407 3185 638 3247 beatius
669 3171 876 3249 e'stilla
905 3171 1301 3269 apparitione.
1343 3213 1366 3247 ι
1396 3189 1635 3254 Gloria}.
1677 3211 1703 3247 ι
1736 3189 2043 3272 Siquidem
2065 3171 2106 3222 C

393 3275 692 3337 secundus
720 3277 1008 3339 adventus
1037 3297 1170 3339 cum
1200 3278 1388 3357 gloria
1418 3280 1695 3353 erit,cum
1728 3279 1906 3341 fuerit
1931 3279 2048 3360 pri-

397 3382 531 3427 mus
561 3383 694 3424 cum
723 3364 1328 3445 abjectione.(Magni
1361 3367 1488 3432 Dei.
1524 3389 1553 3428 '3
1589 3367 1699 3431 Ubi
1735 3388 1888 3431 nunc
1909 3377 2047 3430 sunt

394 3453 716 3534 impiorum
767 3455 1106 3533 dogmatum
1167 3457 1528 3534 inventores,
1584 3458 1682 3538 qui
1741 3457 2042 3521 Christum

395 3551 673 3604 asserunt
701 3560 814 3606 non
847 3562 977 3606 esse
1007 3543 1217 3618 Deum,
1248 3555 1348 3608 ant
1369 3547 1658 3608 minorem
1685 3565 1816 3608 esse
1838 3549 2041 3610 Patre?

397 3635 546 3695 Nam
578 3632 690 3693 hoc
722 3632 852 3694 loco
881 3644 1088 3714 aperte
1118 3634 1304 3696 Deum
1334 3635 1512 3697 etiam
1548 3656 1823 3716 magnum
1853 3637 2040 3718 proﬁ-

397 3729 554 3784 tetur
583 3722 902 3802 Apostolus
931 3740 1065 3786 esse
1081 3725 1398 3787 Christum.
1449 3727 1692 3804 Magnus
1725 3745 1886 3807 vero,
1925 3744 2040 3786 non

393 3809 705 3888 distinguit
733 3810 1015 3874 adversus
1064 3813 1324 3894 aliquem
1377 3833 1618 3894 parvum
1660 3816 1836 3876 deum
1875 3832 1887 3877 :
1927 3813 2046 3874 mi-

395 3900 590 3963 nime!
628 3901 732 3962 sed
763 3901 1037 3964 absolute
1061 3903 1140 3964 ita
1164 3923 1434 3985 magnus,
1461 3913 1519 3966 ut
1552 3924 1621 3966 eo
1645 3905 1836 3984 major
1868 3923 2042 3966 nemo

394 3990 580 4069 possit
610 3989 888 4070 intelligi.
919 4015 946 4047 α
981 3990 1270 4073 Populum
1318 3993 1681 4074 peculiarem
1718 4013 1731 4054 :
1775 3995 1887 4056 hoc
1925 3999 2037 4069 est,

393 4077 467 4140 ab
498 4077 631 4140 aliis
661 4081 1270 4161 separatum,abunde
1296 4081 1762 4162 dilcctum,nihil
1786 4100 2039 4144 cumre-

393 4167 576 4248 liquis
609 4169 840 4249 populis
879 4189 1198 4233 commune
1245 4172 1565 4235 habentem
1617 4198 1642 4228 α
1672 4171 2039 4236 Sectatorem

391 4256 687 4320 bonorum
727 4277 1004 4340 operum.
1047 4287 1071 4320 ι
1111 4263 1292 4325 Vides
1313 4263 1470 4345 quod
1505 4262 1681 4325 etiam
1712 4262 2041 4325 necessitas

393 4365 601 4409 eorum
635 4366 764 4427 qua;
793 4368 826 4410 a
856 4350 1026 4413 nobis
1051 4353 1226 4414 sunt?
1251 4351 1641 4426 Sectatorem,
1671 4352 1888 4433 inquit,
1916 4351 2040 4413 sive

2129 1933 2296 2012 ἐστιν,
2340 1934 2375 2001 ἡ
2419 1934 2555 2009 μετὰ
2623 1934 2815 2014 σαρκὸς
2874 1931 3151 2014 ἐπιδημία,
3196 1937 3256 1993 οὒ
3313 1934 3476 2010 μόνον
3516 1943 3622 1993 τῶν
3652 1959 3789 2016 προ-

2129 2019 2295 2098 τέρων
2350 2019 2650 2091 ἀπήλλαξεν
2707 2021 3132 2100 ἁμαρτημάτων,
3205 2019 3345 2106 ἀλλὰ
3410 2024 3498 2080 καὶ
3551 2027 3682 2106 πρὸς
3725 2027 3788 2082 τὸ

2131 2108 2325 2185 μέλλον
2393 2099 2830 2192 ἀσφαλεστέρουςί
2899 2110 3174 2178 ἐποίησεν.
3237 2099 3362 2169 ιἰνα
3418 2113 3544 2194 γὰρ,
3595 2099 3782 2195 φησὶν,

2131 2199 2508 2279 ἀρνησάμενοι,
2554 2201 2652 2267 τὴν
2703 2197 2910 2267 πολλὴν
2976 2199 3194 2280 ἀποχὴν
3252 2202 3525 2276 σημαίνει,
3600 2226 3629 2258 ι
3676 2203 3785 2272 Τὴν

2129 2285 2370 2344 ἀσέϐειαν
2427 2291 2513 2345 καὶ
2567 2290 2662 2354 τὰς
2723 2289 2980 2364 κοσμικὰς
3064 2289 3360 2364 ἐπιθυμίας.
3429 2313 3456 2345 ιι
3507 2289 3782 2349 Ἀσέϐειαν

2129 2377 2224 2452 μέν
2255 2400 2408 2456 φησι,
2454 2378 2552 2446 τὴν
2634 2381 2740 2435 τῶν
2795 2378 3040 2457 πονηρῶν
3111 2377 3417 2459 δογμάτων,
3448 2382 3708 2457 κοσμικὰς
3733 2379 3788 2437 δὲ

2128 2467 2424 2546 ἐπιθυμίας,
2484 2466 2602 2525 ὅσαι
2645 2489 2701 2523 τε
2759 2467 3010 2548 ψυχικαὶ,
3067 2469 3155 2524 καὶ
3209 2466 3327 2523 ὅσαι
3387 2471 3649 2548 σαρκικαὶ,
3697 2472 3788 2528 καὶ

2128 2554 2246 2612 ὅσαι
2278 2555 2460 2619 ἁπλῶς
2519 2557 2597 2632 μὴ
2637 2554 2955 2613 διαϐαίνουσι
2999 2555 3116 2632 μεθ’
3164 2558 3319 2632 ἡμῶν
3365 2559 3439 2622 εἷς
3481 2560 3572 2614 τὸν
3615 2559 3780 2635 οὖρα-

2126 2644 2237 2708 νόν.
2269 2646 2340 2703 Τὸ
2396 2643 2474 2720 δὲ,
2539 2646 2857 2726 Σωφρόνως,
2919 2647 2979 2702 οὗ
3027 2647 3126 2714 τὴν
3171 2647 3303 2724 πρὸς
3347 2647 3413 2703 τὰ
3445 2647 3667 2722 σώματα
3695 2650 3782 2704 καὶ

2124 2735 2216 2790 τὸν
2267 2735 2466 2792 τούτων
2523 2735 2691 2814 ἔρωτα
2748 2733 2966 2814 ἂποχὴν
3030 2733 3192 2802 δηλοῖ
3249 2735 3432 2812 μόνον,
3503 2735 3640 2793 ἀλλὰ
3696 2737 3784 2794 καὶ

2126 2824 2256 2902 πρὸς
2286 2831 2389 2880 πᾶν
2438 2825 2624 2888 πάθος.
2690 2844 2718 2878 ι
2769 2822 2860 2880 Ἐν
2889 2830 2965 2898 τῷ
3023 2830 3112 2882 νυν
3185 2826 3356 2888 αἰῶνι,
3392 2849 3420 2881 3
3495 2829 3657 2892 Οὗτος
3685 2827 3785 2905 γὰρ

2128 2909 2361 2991 ἔχειτὸν
2403 2911 2602 2990 ἀγῶνα.
2637 2914 2665 2968 ὁ
2695 2909 2750 2967 δὲ
2781 2909 3015 2988 μέλλων,
3062 2914 3156 2976 τὰς
3201 2912 3512 2979 ἀντιδόσεις.
3551 2935 3574 2971 ι
3611 2922 3785 2993 Προσ-

2125 2999 2408 3080 δεχόμενοι
2472 3001 2572 3070 τὴν
2627 3002 2912 3078 μακαρίαν,
2977 3024 3005 3058 3
3067 3000 3197 3060 ἰδοὺ
3281 3004 3368 3058 καὶ
3435 3004 3502 3059 τὰ
3559 3003 3783 3065 ἔπαθλα.

2129 3089 2287 3147 Οωὲν
2329 3095 2428 3170 γὰρ
2491 3087 2654 3153 ὅντως
2727 3089 2932 3173 ἐκείνης
2989 3090 3386 3170 μακαριώτερον
3441 3097 3540 3160 τῆς
3585 3093 3784 3173 ἐπιφα-

2130 3179 2291 3242 νείας.
2377 3204 2404 3234 α
2439 3186 2549 3247 Τῆς
2592 3177 2770 3247 δόξης.
2823 3201 2846 3236 ι
2915 3170 2977 3237 Ἠ
3052 3181 3152 3259 γὰρ
3219 3179 3431 3261 δευτέρα
3505 3170 3784 3262 ἐπιφάνεια

2128 3270 2261 3345 μετὰ
2291 3267 2446 3338 δόξης
2492 3269 2660 3350 ἔσται,
2706 3274 2805 3336 τῆς
2847 3269 3064 3348 πρώτης
3113 3268 3167 3327 ἐν
3219 3269 3452 3343 εὐτελείᾳ
3481 3271 3780 3350 γεγονυίας.

2134 3379 2158 3414 ιι
2209 3369 2312 3419 Τοῦ
2339 3357 2574 3438 μεγάλου
2650 3367 2799 3420 Θεοῦ.
2851 3377 2882 3418 )
2939 3365 3047 3415 Ποῦ
3112 3368 3198 3418 νῦν
3254 3361 3383 3416 εἰσιν
3440 3361 3486 3416 οἱ
3515 3367 3621 3416 τῶν
3651 3360 3782 3417 ἂνο-

2126 3448 2260 3504 πίων
2311 3447 2592 3526 δογμάτων
2636 3449 2859 3528 εὖρεταὶ,
2921 3447 2976 3504 o'i
3035 3470 3192 3528 φασιν
3235 3447 3315 3528 δτι
3375 3451 3402 3505 ὁ
3454 3451 3677 3528 Χριστὸς
3721 3451 3781 3506 οὓ

2129 3539 2282 3612 Θεὸς,
2329 3525 2474 3606 ἥγὸτι
2519 3525 2750 3600 ἐλάττων
2802 3543 2894 3594 τοῦ
2938 3525 3185 3616 Πατρός,
3237 3525 3358 3593 ἠδε
3388 3525 3778 3618 γὰρ-φανερῶς,

2125 3629 2212 3683 καὶ
2238 3630 2366 3684 Θεὸν
2396 3628 2556 3704 μέθαν
2609 3628 2700 3684 τὸν
2758 3627 2977 3704 Χριστὸν
3034 3624 3316 3704 ὁμολογεῖ.
3380 3628 3450 3684 Τὸ
3493 3624 3547 3682 δὲ
3579 3629 3773 3706 μέγας,

2127 3721 2186 3777 οὐ
2241 3719 2371 3796 πρὸς
2442 3739 2558 3773 τινα
2628 3717 2746 3773 θεὸν
2805 3717 2992 3795 μικρὸν
3072 3713 3494 3794 ἀντιδιαιρεϊται,
3553 3711 3776 3794 ἄπαγςε

2126 3805 2262 3865 ἀλλὰ
2292 3806 2570 3871 ἀπολύτως
2642 3804 2808 3868 οὕτως
2868 3805 3061 3886 μέγας,
3120 3807 3180 3861 οὗ
3236 3804 3422 3879 μεῖζόν
3474 3827 3524 3862 τι
3597 3805 3690 3861 οὐκ
3719 3805 3820 3868 ἄν,

2126 3917 2204 3962 τις
2255 3895 2604 3966 ἐπινοήσειεν.
2664 3919 2692 3950 α
2750 3895 2891 3950 Λαὸν
2944 3893 3266 3972 περιούσιον.
3307 3915 3330 3952 3
3395 3903 3546 3970 Οτον,
3621 3893 3784 3962 ἐξηλ-

2125 3982 2412 4066 λαγμένον,
2467 3983 2528 4040 ἐκ
2581 3983 2880 4063 περιουσίας
2938 3982 3316 4062 ἀγαπώμενον⁹
3398 3980 3545 4042 οὐδὲν
3614 3981 3784 4063 ἕχον-

2121 4095 2190 4133 τα
2216 4075 2390 4131 κοινὸν
2419 4075 2550 4149 πρὸς
2603 4075 2724 4136 τοὺς
2783 4070 3020 4136 λοιπούς.
3091 4090 3121 4131 (
3151 4069 3408 4140 Ζηλωτὴν
3470 4070 3648 4129 καλῶν
3683 4071 3774 4152 ἕρ-

2123 4185 2255 4242 γων,
2291 4186 2320 4220 3
2359 4154 2511 4242 Ὀρᾷς
2553 4161 2635 4220 ὅτι
2678 4163 2764 4219 καὶ
2795 4167 2900 4218 τῶν
2967 4157 3092 4240 παρ’
3147 4161 3284 4237 ἡμῖν
3341 4181 3498 4242 χρεια
3543 4161 3770 4242 ,Ζελω-

2121 4252 2241 4328 τὴν,
2317 4255 2469 4332 φησὶ,
2536 4251 2795 4326 τουτέστι,
2868 4251 3004 4327 μετὰ
3058 4248 3266 4318 πολλῆς
3335 4253 3623 4330 προθυμίας
3689 4249 3778 4308 ἐπ’

2122 4341 2287 4410 αὐτὴν
2356 4343 2528 4408 ἰόντας
2581 4343 2682 4410 τὴν
2737 4341 2953 4420 ἀρετήν.
3013 4341 3086 4399 Τὸ
3143 4339 3240 4415 μὲν
3295 4340 3394 4420 γὰρ
3449 4346 3553 4396 τῶν
3609 4338 3775 4397 πᾶλαι

392 4435 889 4514 aemulatoremjd
923 4447 1104 4521 est,ut
1135 4457 1346 4520 magna
1378 4460 1510 4503 cum
1543 4441 1728 4502 animi
1755 4428 2034 4522 prompti-

2130 4431 2516 4511 ἅμαρτημάτων
2573 4429 2896 4510 ἀπαλλάξαι,
2973 4435 3068 4498 τῆς
3145 4431 3309 4522 αὑτοῦῄ
3357 4430 3527 4522 μόνης
3567 4428 3774 4522 ,γέγονε

395 4524 601 4587 tudine
631 4526 936 4589 veniamus
965 4529 1038 4590 ad
1069 4529 1362 4593 virtutem.
1399 4529 1688 4603 Quoniam
1714 4529 1872 4591 enim
1897 4531 2040 4591 olim

389 4614 640 4677 remissa
670 4614 787 4678 sint
819 4616 991 4680 nobis
1021 4627 1282 4699 peccata,
1315 4619 1441 4681 sola
1467 4619 1683 4681 factum
1731 4633 1820 4681 εει
1850 4619 2041 4699 ipsius

389 4701 792 4782 benignitate:
828 4707 986 4788 quod
1016 4717 1215 4770 autem
1255 4708 1598 4790 perﬁciatur
1629 4708 1689 4771 id
1722 4708 1882 4792 quod
1917 4709 2038 4772 vir-

392 4793 532 4856 tutis
562 4807 673 4872 est,
709 4803 768 4858 et
793 4794 982 4877 ipsius
1008 4806 1102 4860 est
1131 4806 1188 4860 et
1218 4803 1510 4860 nostrum.

1007 4889 1274 4956 "CAPUT
1320 4891 1394 4957 V.

396 4981 482 5042 De
506 4980 853 5065 obedientia
872 4985 1260 5065 principatus
1284 4985 1624 5048 exhibenda
1655 4984 1844 5048 veluti
1872 4984 2043 5049 decet

814 5064 1044 5126 Christi
1070 5064 1620 5128 mansuetudinem.

469 5152 1042 5235 Il,15;IlI,1,‘2.ch
1064 5159 1304 5239 loquere
1323 5168 1375 5222 et
1396 5159 1825 5239 adhortare,ac
1848 5175 2040 5237 argue

389 5262 527 5306 cum
557 5249 725 5306 omni
741 5248 1130 5327 praecipiendi
1157 5251 1374 5313 studio.
1411 5249 1598 5312 Nemo
1629 5257 1684 5312 te
1712 5249 2036 5330 despiciat.

389 5333 655 5395 Admone
705 5333 867 5411 illos,
924 5343 991 5400 ut
1036 5338 1480 5420 principatibus
1530 5356 1602 5401 ac
1645 5337 2041 5418 potestatibus

389 5422 624 5485 subditi
649 5424 797 5496 sint,
818 5425 957 5485 297
985 5435 1048 5489 ut
1077 5428 1541 5508 magistratibus
1564 5435 1853 5508 pareant,
1870 5433 1935 5489 ut
1959 5426 2041 5488 ad

389 5527 567 5574 omne
595 5528 745 5592 opus
791 5511 1012 5578 bonum
1044 5516 1170 5578 sint
1206 5518 1410 5597 parati
1441 5537 1460 5577 :
1491 5535 1570 5580 ne
1615 5518 1694 5579 de
1740 5531 2040 5596 quoquam

390 5600 552 5664 male
563 5599 877 5664 dicantme
897 5603 1018 5667 sint
1033 5607 1482 5686 pugnaces,sed
1505 5605 1781 5679 humani,
1807 5620 2040 5668 omnem

391 5688 742 5761 exhibentes
763 5694 1293 5759 mansuetudinem
1331 5712 1476 5779 erga
1502 5712 1706 5761 omnes
1745 5696 2035 5762 homines.

2122 4518 2529 4601 φιλανθρωπίας.
2589 4523 2660 4580 Τὸ
2703 4519 2759 4577 δὲ
2803 4519 3219 4600 κατεργάσασθαι
3260 4520 3360 4588 τὴν
3431 4518 3622 4599 ἀρετὴν
3680 4521 3768 4575 καὶ

2123 4613 2278 4670 αὐτοῦ
2307 4611 2395 4667 καὶ
2434 4611 2610 4686 ἡμῶν.

2757 4871 3125 4946 ΚΕΦΑΛ.ΕἈ

2129 4996 2158 5037 ι
2189 4979 2312 5056 Περὶ
2341 4977 2616 5059 ἀρχόντων
2641 4977 2882 5046 ὑπακοῆς
2927 4978 3234 5057 πρεπούσης
3282 4979 3350 5052 τῇ
3391 4973 3647 5047 ἐπιεικείᾳ
3687 4981 3781 5031 τοῦ

2791 5067 3037 5138 Χριστοῦ.
3074 5081 3103 5114 3

2203 5157 2377 5215 Ταῦτα
2449 5151 2599 5209 λαλει
2657 5153 2746 5210 καὶ
2813 5151 3130 5233 παρακάλει,
3219 5151 3308 5208 καὶ
3379 5145 3573 5228 ἔλεγχε
3645 5148 3782 5224 μετὰ

2123 5246 2298 5312 πάσης
2419 5242 2700 5322 ἐπιταγῆς.
2832 5241 3030 5312 Μηδείς
3157 5263 3250 5298 σου
3375 5236 3775 5318 περιφρονείτω,

2126 5326 2513 5410 ’Υπομίμνεσκε
2640 5331 2828 5396 αὖτοὺς
2967 5334 3169 5414 ἀρχαῖς
3304 5330 3393 5387 καὶ
3523 5325 3778 5394 ἐξουσίαις

2122 5424 2528 5496 ὑποτάσσεσθαι,
2587 5422 2932 5502 πειθαρχεῖν,
3004 5424 3136 5502 πρὸς
3175 5427 3282 5478 πᾶν
3353 5417 3506 5496 ἔργον
3577 5415 3775 5494 ἀγαθὸν

2123 5514 2364 5588 ἑτοίμους
2413 5513 2581 5587 εἶναι,
2641 5509 2842 5586 μηδένα
2898 5511 3263 5591 βλασφημεῖν,
3326 5507 3575 5588 ἀμαχούς
3606 5506 3775 5585 εἶναι,

2121 5602 2399 5682 ἐπιεικεῖς,
2421 5607 2593 5658 πᾶσαν
2624 5599 3076 5680 ἐπιδεικνυμένους
3105 5600 3382 5681 πραότητα
3411 5597 3544 5678 πρὸς
3573 5596 3774 5662 πάντας

2122 5693 2424 5776 ἀνθρῴπους
2433 5734 2446 5750 ο
2481 5709 2513 5751 )
