4132 6450
438 395 558 466 263

921 533 1061 594 502
1105 531 1619 599 THEODORETI.

512 635 821 698 Philcmon
851 636 1171 719 praeclarus
1200 637 1445 719 quidam
1480 637 1571 699 vir
1599 644 1724 699 erat
1757 660 1771 696 :
1805 635 2094 717 Phrygius

429 725 669 810 quidem
699 743 941 806 genere,
977 725 1243 788 moribus
1275 735 1472 790 autem
1527 725 1746 801 fidelis,
1799 725 1854 788 ei
1886 725 1948 787 in
1981 743 2092 788 ne-

430 814 808 879 cessitatibus
837 825 1181 879 sanctorum
1243 815 1632 897 participans.
1668 815 1860 896 Hujus
1885 832 2092 878 servus

428 903 745 968 Onesimus
765 905 989 984 aufugit
1013 904 1269 985 expilato
1292 905 1561 970 domino.
1587 904 1698 977 Qui
1724 923 1860 967 cum
1885 904 2092 967 Romae

425 995 500 1057 ad
529 993 772 1057 Paulum
795 993 1076 1069 venisset,
1107 993 1182 1056 ab
1211 994 1344 1075 ipso
1376 994 1705 1056 instructus
1731 1003 1819 1056 est
1848 1002 1907 1055 et
1936 991 2089 1074 bap-

428 1087 635 1147 tizatus
666 1103 681 1148 2
715 1102 970 1165 cumque
1001 1082 1222 1146 Paulus
1265 1092 1422 1146 esset
1452 1083 1512 1145 in
1543 1082 1819 1158 vinculis,
1854 1082 2090 1162 egregie

426 1192 494 1237 se
521 1171 724 1254 gessit.
785 1169 957 1235 Nunc
987 1172 1060 1234 ad
1120 1172 1532 1235 Philomonem
1592 1171 1818 1235 remitti
1849 1171 1984 1234 data
2011 1172 2087 1232 ad

429 1275 624 1345 ipsum
679 1261 1170 1325 commendatitia
1214 1262 1326 1324 hac
1353 1261 1638 1342 Epistola.
1669 1261 1853 1323 Aiunt
1885 1269 2086 1323 autem

429 1355 671 1436 quidam
701 1371 816 1416 non
841 1352 1063 1416 debere
1081 1353 1234 1416 hanc
1250 1353 1482 1416 czeteris
1500 1352 1925 1416 connumerari
1953 1351 2092 1433 Epi-

429 1444 619 1525 stolis,
644 1443 799 1525 quod
828 1443 903 1506 de
932 1460 997 1504 re
1049 1442 1208 1524 parvi
1240 1443 1530 1506 momenti
1561 1443 1785 1524 scripta
1813 1449 1926 1506 est.
1969 1440 2086 1505 Sed

431 1533 566 1596 vide
596 1539 830 1615 quantae
858 1551 926 1594 ex
957 1532 1070 1593 hac
1095 1531 1447 1611 colligantur
1481 1531 1790 1595 utilitates.
1821 1530 2086 1594 Primum

428 1622 670 1685 instruit
697 1621 844 1683 utin
896 1619 1090 1701 parvis
1146 1621 1325 1684 etiam
1385 1619 1566 1684 rebus
1595 1619 1846 1683 studiosi
1874 1619 2081 1681 simus.

427 1709 729 1791 Secundo,
764 1709 920 1791 quod
949 1709 999 1770 si
1028 1727 1233 1772 servus
1265 1710 1411 1771 adeo
1437 1709 1745 1791 improbus
1765 1727 2085 1772 conversus

429 1809 541 1882 est,
562 1819 681 1862 non
695 1806 1291 1880 oportetquemquam
1307 1798 1558 1861 liberum
1577 1800 1924 1881 desperare.
1940 1797 2082 1861 Ter-

1558 399 1973 468 (ECUMENII
2016 396 2314 465 TRIGCE
2355 396 2692 465 EPISCOPI

2117 541 2160 592 Α
2771 540 3239 598 ΘΕΟΔΩΡΗΤΟΥ.

3709 399 3832 464 264

2260 627 2317 696 Ὀ
2375 635 2630 713 Φιλήμων
2684 637 2970 713 θαυμάσιός
2997 659 3078 701 τις
3121 636 3187 705 ἧν
3256 636 3414 717 ἀνὴρ,
3474 635 3612 716 Φρὺξ
3641 634 3738 702 μὲν
3765 637 3829 692 τὸ

2174 725 2352 805 γένος,
2419 727 2605 790 πιστὸς
2650 726 2704 782 οὲ
2747 728 2837 781 τὸν
2891 727 3112 806 τρόπον,
3184 726 3271 782 καὶ
3317 738 3441 790 ταῖς
3488 725 3691 806 χρείαις
3719 724 3830 785 τῶν

2176 815 2337 894 ἁγίων
2406 820 2693 876 κοινωνῶν,
2727 815 2949 894 ,Τούτου
3004 812 3187 878 δοῦλος
3243 812 3532 892 Ὀνήσιμος
3601 811 3824 892 ἀπέδρα,

2175 893 2448 984 κεκλοφὼς
2495 903 2670 962 αὐτόν.
2722 893 2828 970 υΟς
2881 905 3313 984 παραγενόμενος
3368 904 3422 961 ἒν
3478 895 3658 980 Ῥώμῃ
3690 904 3825 982 πρὸς

2173 995 2264 1050 τὸν
2336 992 2566 1075 Παῦλον,
2626 995 2918 1074 κατηχήθη
2973 991 3099 1073 παρ’
3155 996 3336 1068 αὐτοῦ,
3380 995 3468 1050 καὶ
3494 994 3819 1071 βαπτισθεὶς,

2172 1081 2226 1138 έν
2283 1079 2500 1158 δεσμοῖς
2566 1080 2717 1147 ὄντος
2792 1081 2886 1139 τοῦ
2963 1081 3193 1154 Παύλου,
3262 1083 3550 1160 Θαυμάσιος
3610 1081 3821 1161 γέγονε.

2170 1175 2364 1231 Τοῦτον
2399 1173 2700 1248 ἀποπέμπει
2769 1175 2902 1251 πρὸς
2957 1176 3048 1231 τὸν
3106 1172 3390 1250 Φιλήμονα
3459 1173 3821 1253 παραθετιιιὴν

2171 1265 2314 1337 αὐτῷ
2341 1263 2540 1330 ταύτην
2567 1264 2796 1334 ποιήσας
2849 1263 2948 1330 τὴν
2981 1261 3326 1334 Ἐπιστολήν.
3383 1264 3518 1320 Φασὶ
3575 1260 3629 1318 δέ
3653 1283 3818 1326 τινες,

2172 1352 2250 1427 μὴ
2281 1355 2476 1431 χρῆναι
2533 1355 2958 1431 συναριθμεῖσθαι
3009 1365 3134 1417 ταῖς
3177 1350 3396 1416 λοιπαῖς
3443 1351 3815 1426 Ἐπιστολαῖς,

2168 1441 2298 1519 ὑπὲρ
2328 1439 2566 1505 εὐτελοῦς
2637 1444 2891 1521 θραφεῖσα
2941 1442 3277 1520 πράγματος.
3332 1439 3482 1497 Ἀλλ’
3552 1439 3647 1520 ὅρα
3677 1439 3818 1496 πόσα

2169 1527 2231 1585 ἐκ
2258 1530 2453 1598 ταύτης
2499 1531 2564 1586 τὰ
2621 1531 2887 1610 χρήσιμα.
2949 1530 3187 1608 Πρῶτον,
3259 1529 3490 1586 παιδεύει
3545 1531 3633 1585 καὶ
3688 1528 3819 1607 ὑπὲρ

2169 1619 2392 1676 εὐτελῶν
2448 1619 2590 1676 ε’ίναι
2633 1617 2964 1684 σπουδαίους,
3042 1619 3315 1699 Δεύτερον,
3389 1617 3470 1675 ὅτι
3527 1619 3571 1674 εἱ
3631 1616 3815 1682 δοῦλος

2167 1709 2332 1774 οὕτως
2359 1710 2548 1785 ἰταμὸς
2580 1707 2919 1788 ἐπέστρεψεν,
2967 1708 3027 1766 ού
3083 1706 3168 1767 δεῖ
3210 1716 3316 1765 τῶν
3372 1708 3650 1788 ἐλευθέρων
3681 1708 3818 1764 ἀπο-

2165 1799 2464 1877 γινώσκειν,
2563 1801 2767 1878 Τρίτον,
2867 1797 2948 1854 ὅτι
3029 1802 3088 1857 ού
3192 1800 3451 1878 προσήκοι
3554 1797 3813 1877 προφάσει

430 1890 534 1967 tio,
567 1887 726 1971 quod
759 1906 878 1949 non
929 1895 1199 1968 oporteat
1254 1888 1489 1969 pietatis
1550 1895 1831 1970 praetextu
1882 1905 2070 1951 servos

2166 1885 2459 1962 εύλαϐείας,
2510 1885 2720 1952 δούλους
2787 1887 3031 1959 ἀποσπᾷν
3102 1887 3337 1943 ἀκόντων
3385 1889 3490 1943 τῶν
3519 1884 3809 1944 δεσποτῶν.

422 1977 622 2040 invitis
650 1975 912 2039 dominis
933 1976 1303 2040 abstrahere.
1327 1975 1570 2052 Quarto,
1586 1977 1741 2059 quod
1761 1994 1880 2038 non
1911 1995 2082 2058 opor-

424 2075 543 2130 teat
563 2084 669 2128 nos
680 2065 1039 2147 pudefacere
1077 2084 1280 2128 servos
1293 2066 1502 2129 virtute
1520 2067 1819 2148 praeditos,
1841 2067 2078 2147 quando

423 2156 639 2219 Paulus
670 2154 1023 2219 Onesimum
1055 2162 1222 2217 vocat
1271 2155 1481 2216 ﬁlium.
1515 2155 1641 2229 Qua
1690 2155 1869 2234 igitur
1900 2173 2077 2219 causa

423 2245 744 2327 Epistolam
777 2263 909 2325 qua;
937 2251 1161 2306 tantum
1199 2245 1484 2308 afferebat
1525 2245 1790 2307 utilitatis
1819 2263 1938 2307 non
1969 2263 2076 2307 ex-

419 2333 697 2417 pediebat
716 2333 949 2396 cmteris
975 2337 1355 2397 annumerari
1380 2333 1412 2394 ?

413 2437 556 2498 505
573 2435 685 2498 AD
708 2434 1473 2501 PHILEMONEMEPIS
1483 2434 1719 2500 TOLJE
1747 2437 1842 2501 CA
1854 2435 1940 2497 ΡΙ
1945 2435 2038 2498 TA
2056 2483 2070 2498 .

421 2546 478 2605 1.
509 2537 676 2602 Laus
706 2537 1083 2602 Philemonis
1112 2546 1173 2602 et
1195 2542 1546 2617 gratiarum
1578 2541 1742 2603 actio
1767 2557 1889 2622 pro
1918 2540 2068 2620 ipso.

415 2716 476 2778 2.
505 2715 957 2780 Commendatio
981 2713 1256 2780 Onesimi
1284 2715 1541 2798 fugitivi
1559 2721 1744 2793 servi,
1770 2725 1830 2780 et
1852 2719 2074 2782 admo-

491 2807 647 2869 nit-io
661 2822 775 2886 pro
795 2807 925 2888 ipso
956 2811 1066 2888 qui
1092 2806 1300 2870 salvus
1332 2812 1466 2870 erat
1481 2823 1599 2888 per
1619 2806 1805 2886 ﬁdem

2166 1975 2448 2056 Τέταρτον,
2494 1976 2574 2033 ὅτι
2633 1979 2692 2034 οὗ
2719 1977 2831 2056 χρὴ
2887 1977 3030 2052 ἡμᾶς
3072 1976 3193 2039 τοὺς
3251 1974 3466 2040 δούλους
3495 1974 3812 2055 ἐπαισχύνε-

2165 2069 2280 2122 σθαι
2312 2066 2583 2146 ἐναρέτους
2609 2065 2787 2139 ὄντας,
2849 2062 3009 2122 ὅπότε
3054 2064 3262 2128 Παῦλος
3317 2064 3502 2122 τέκνον
3531 2063 3689 2121 καλεῖ
3718 2065 3811 2120 τὸν

2162 2152 2476 2232 Ὀνησιμον,
2503 2162 2624 2219 Πῶς
2672 2156 2762 2212 οὖν
2800 2156 2901 2222 τὴν
2955 2155 3220 2222 τοσαύτην
3274 2153 3532 2236 ὠφέλειαν
3578 2153 3808 2234 ἔχουσαν

2161 2241 2484 2314 Ἐπιστολὴν
2516 2247 2610 2303 οὐκ
2650 2242 2752 2301 ’έδει
2781 2247 3210 2324 καταριθμετςθαι
3238 2257 3361 2310 ταῖς
3391 2243 3639 2324 λοιπαῖς,

2199 2441 2543 2495 ΚΕΦΑΛΑΙΛ
2590 2443 2722 2495 ΤΗΣ
2755 2443 2927 2495 ΠΡΟΣ
2958 2443 3314 2496 ΦΙΛΗΜΟΝΑ
3349 2442 3736 2494 ΕΠΙΣΤΟΛΗΣ

2163 2561 2186 2595 ι
2237 2528 2316 2599 α’.
2403 2527 2670 2602 ’Ἐπαινος
2738 2537 3034 2614 Φιλόμονος
3115 2541 3202 2596 καὶ
3312 2539 3617 2620 εόχαριστία
3673 2539 3806 2617 ὑπὲρ

2235 2627 2414 2691 αὖτοῦ.
2455 2651 2482 2683 ι

2162 2739 2185 2775 ι
2219 2706 2294 2795 β’.
2341 2719 2598 2780 Σύστασις
2651 2713 2938 2793 Ὀνησίμου
2993 2714 3219 2798 φυγάδος
3279 2716 3504 2789 οίκέτου,
3548 2717 3634 2772 καὶ
3693 2738 3797 2773 πα-

2235 2803 2488 2878 ράκλησις
2529 2806 2658 2886 ὑπὲρ
2688 2807 2844 2863 αὐτοῦ
2872 2805 3128 2870 σωθέντος
3149 2803 3233 2862 διὰ
3261 2805 3513 2869 πίστεως.
3552 2827 3577 2864 ι

1133 3112 1853 3245 ΠΑΥΛΟΥ
1975 3111 3072 3244 ΑΠΟΣΤΟΛΟΥ

929 3387 1002 3470 Η
1137 3383 1514 3471 ΠΡΟΣ
1629 3382 2405 3471 ΦΙΛΗΜΟΝΑ
2533 3383 3294 3471 ΕΠΙΣΤΟΛΗ

1371 3783 1888 3916 PAULI
1985 3780 2849 3919 APOSTOLI

1212 4046 1377 4140 AD
1458 4037 2278 4138 PHILEMONEM
2357 4039 3002 4138 EPISTOLAo

483 4384 627 4450 Vers
648 4388 768 4454 1-3.
785 4391 1015 4456 Paulus
1033 4391 1277 4456 vinctus
1295 4391 1444 4452 Jesu
1463 4394 1518 4452 et
1548 4387 1887 4456 Timotheus
1919 4394 2057 4472 fra-

2229 4416 2258 4449 σ
2319 4391 2526 4458 Παῦλος
2584 4391 2796 4472 δέσμιος
2854 4386 3029 4464 Ἰησοῦ
3094 4402 3341 4475 Χριστοῦ,
3390 4395 3476 4451 καὶ
3534 4397 3790 4472 Τιμόθεος

397 4480 491 4537 ter
509 4476 865 4544 Philemoni
882 4481 1098 4544 dilecto
1117 4486 1173 4543 et
1192 4479 1437 4560 collegae
1455 4484 1687 4552 nostro,
1721 4485 1779 4541 et
1798 4481 1849 4542 Α
1852 4483 2058 4563 pphiae

394 4563 628 4629 dilectae
664 4573 721 4632 et
756 4570 1066 4652 Archippo
1103 4569 1504 4633 commilitoni
1568 4574 1792 4645 nostro,
1839 4577 1897 4634 et
1924 4589 2058 4651 qua:

393 4652 559 4717 domi
587 4662 707 4718 tum
726 4664 814 4722 est
833 4658 1303 4740 congregationi
1324 4676 1347 4720 :
1371 4663 1580 4738 gratia
1600 4655 1762 4720 vobis
1781 4665 1837 4722 et
1860 4677 1992 4741 pcta:
2019 4677 2058 4724 α

393 4741 519 4806 Deo
543 4744 735 4810 Patre
757 4754 966 4812 nostro
993 4754 1049 4812 et
1074 4747 1332 4812 Domino
1359 4745 1503 4821 [esu
1530 4744 1797 4809 Christo.

471 4917 682 4986 Statim
712 4923 786 4987 ab
816 4924 1060 4988 exordio
1093 4923 1400 4988 dominum
1450 4923 1715 5001 instruit,
1747 4941 1825 4990 ne
1855 4924 2052 5008 pude-

389 5006 568 5097 faciat
589 5029 850 5080 servum.
874 5011 1090 5080 Omnia
1122 5014 1309 5091 enim,
1333 5013 1512 5077 etiam
1535 5013 1790 5090 vincula,
1811 5006 2056 5097 propter

390 5096 688 5162 Christum
707 5102 962 5166 honesta
976 5112 1134 5168 sunt.
1159 5104 1229 5167 Et
1252 5103 1390 5186 quia
1427 5121 1659 5185 aequum
1705 5111 1796 5166 est
1819 5096 2052 5185 gratiﬁ-

390 5187 515 5248 cari
545 5186 602 5248 ei
621 5188 721 5269 qui
751 5200 992 5274 propter
1044 5193 1345 5258 Christum
1371 5192 1603 5255 vinctus
1633 5198 1744 5256 est.
1783 5217 1811 5250 α
1841 5196 1914 5255 Ει
1941 5193 2051 5257 Ti-

391 5275 668 5364 motheus
694 5277 902 5345 frater.
954 5305 983 5340 ι
1018 5283 1258 5346 Socium
1315 5281 1756 5364 deprecationis
1803 5283 2054 5346 assumit

387 5361 798 5435 Timotheum.
820 5391 848 5425 α
871 5367 1204 5435 Philemoni
1235 5361 1479 5434 dilecto.
1504 5396 1532 5428 n
1569 5373 1631 5435 Si
1659 5369 1913 5434 dilectus
1933 5380 2046 5450 est,

384 5451 814 5542 gratiﬁcabitur
847 5473 862 5521 :
897 5459 950 5521 si
994 5460 1244 5542 collega,
1294 5460 1460 5526 dabit
1489 5478 1723 5524 servum
1755 5459 1832 5523 ad
1864 5462 2048 5524 mini-

386 5541 636 5632 sterium
679 5545 1143 5625 praedicationis.
1164 5541 1480 5632 Siquidem
1511 5549 1683 5613 datus
1725 5547 2049 5614 Onesimus

385 5629 650 5721 explebit
678 5651 829 5716 opus
860 5636 1104 5701 Domini
1132 5629 1526 5717 Philemonis,
1564 5659 1590 5697 ε
1625 5638 1700 5702 Et
1723 5638 2040 5721 Apphias.»

382 5719 678 5812 [fortassis
704 5723 947 5806 Apphia
977 5745 1126 5792 uxor
1155 5735 1306 5812 erat,
1339 5735 1398 5792 et
1427 5726 1764 5810 Archippus
1781 5719 2042 5793 amicus.

383 5807 712 5876 Considera
738 5829 881 5878 vero
911 5815 1100 5881 animi
1129 5807 1506 5883 modestiam.
1537 5807 1684 5881 Nam
1716 5817 1826 5880 hos
1865 5818 2042 5884 etiam

2139 4485 2169 4539 ὁ
2237 4481 2483 4563 ἀδελφὸς,
2555 4482 2817 4561 Φιλήμονι
2895 4492 2974 4562 τῷ
3069 4486 3333 4564 ἀγαπητῷ
3410 4485 3496 4540 καὶ
3554 4487 3792 4565 συνεργῷ

2137 4574 2315 4653 ἡμῶν,
2389 4574 2476 4629 καὶ
2533 4569 2729 4654 Ἀπφίᾳ
2781 4579 2850 4652 τῇ
2905 4575 3162 4654 ἀγαπητῇ
3232 4574 3321 4629 καὶ
3369 4569 3663 4654 ’Ἀρχίππῳ
3713 4583 3791 4651 τῷ

2135 4662 2499 4742 συστρατιώτῇ
2525 4662 2702 4738 ἡμῶν,
2731 4665 2818 4720 καὶ
2848 4669 2918 4741 τῇ
2971 4661 3090 4720 κατ’
3136 4663 3293 4720 οἶκόν
3336 4683 3429 4718 σου
3474 4661 3790 4738 Ἐκκλησίᾳ,

2135 4751 2293 4830 Χάρις
2322 4755 2451 4827 ύμῖν
2496 4751 2584 4807 καὶ
2653 4753 2836 4831 εἰρήνη
2892 4753 2998 4810 ἀπὸ
3057 4759 3189 4809 Θεοῦ
3245 4753 3447 4831 Πατρὺς
3503 4753 3657 4830 ἡμῶν
3701 4756 3793 4810 καὶ

2136 4841 2322 4917 Κυρίου
2352 4837 2531 4908 Ἰησοῦ
2571 4847 2818 4920 Χριστοῦ.
2871 4864 2895 4901 ι

2216 4929 2421 4997 Εὐθέως
2489 4930 2549 4987 ἐκ
2593 4938 2885 5012 προοιμίων
2956 4929 3188 4990 παιδεύει
3243 4932 3334 4990 τὸν
3389 4929 3673 5009 δεσπότην,
3707 4934 3790 5008 μὴ

2135 5017 2543 5099 ἐπαισχύνεσθαι
2584 5022 2678 5076 τὸν
2717 5018 2924 5084 δοῦλον.
2985 5022 3164 5078 Πάντα
3221 5021 3321 5102 γὰρ
3371 5022 3460 5078 καὶ
3499 5018 3668 5097 δεσμὰ
3697 5019 3784 5078 διὰ

2133 5110 2224 5166 τὸν
2268 5111 2492 5188 Χριστὸν
2520 5107 2684 5171 καλά.
2740 5111 2838 5168 Καὶ
2893 5109 2973 5167 ὅτι
3032 5109 3227 5167 δίκαιον
3284 5111 3362 5186 τῷ
3429 5107 3515 5165 διὰ
3557 5114 3784 5188 Χριστὸν

2132 5196 2331 5274 δεσμίῳ
2356 5197 2568 5267 δοθῆναι
2595 5200 2697 5268 τὴν
2724 5200 2906 5281 χάριν.
2949 5218 2980 5260 (
3011 5200 3110 5258 Καὶ
3139 5199 3409 5276 Τιμόθεως
3453 5197 3740 5280 ὁάδελφός.
3759 5226 3781 5256 ι

2132 5285 2648 5368 Συμπαραλαμϐάνει
2705 5294 2804 5356 τῆς
2879 5289 3075 5354 ἱκεσίας
3131 5290 3383 5346 κοινωνὸν
3452 5289 3542 5344 τὸν
3613 5291 3786 5365 Τιμό-

2129 5377 2270 5438 θεον,
2323 5399 2351 5430 α
2391 5375 2658 5453 Φιλήμονι
2702 5383 2778 5452 τῷ
2821 5377 3107 5456 ἀγαπητῷ.
3147 5401 3171 5432 ιι
3236 5379 3293 5436 Εἰ
3349 5377 3651 5456 ἀγαπητὸς,
3699 5379 3789 5435 καὶ

2128 5460 2284 5520 δώσει
2314 5465 2413 5533 τὴν
2442 5466 2627 5545 χάριν.
2663 5467 2723 5524 Εἰ
2769 5469 3042 5547 συνεργὸς,
3101 5465 3256 5523 δώσει
3299 5467 3390 5523 τὸν
3422 5463 3608 5522 δοῦλον
3650 5468 3784 5542 πρὸς

2127 5553 2414 5632 ὑπηρεσίαν
2485 5561 2578 5610 τοῦ
2645 5556 3010 5636 κηρύγματος.
3103 5564 3272 5636 Εργον
3341 5554 3438 5612 καί
3517 5561 3610 5611 τοῦ
3693 5554 3786 5612 δε-

2126 5643 2355 5737 σπότου-
2380 5641 2717 5737 Φιλήμονοςν
2747 5643 3118 5726 ἀναπληρώσει
3174 5643 3338 5709 δοθεὶς
3393 5646 3429 5737 ὁ.
3465 5641 3783 5737 ’ρνήσιμοφ

2131 5753 2168 5817 ¢_
2197 5733 2296 5789 Καὶ
2340 5731 2624 5817 Ἀπφίᾳ.-.»
2691 5731 2838 5799 "law;
2896 5736 2933 5804 ἡ
2990 5733 3186 5817 Ἀπφία
3235 5732 3446 5814 γαμετὴ
3497 5732 3588 5815 ἦν,
3635 5736 3723 5793 καὶ
3753 5739 3783 5795 ὁ

2129 5810 2475 5906 ’Ἀρχιπποςξ
2561 5812 2705 5905 υΟρα
2778 5821 2833 5880 δὲ
2921 5810 3428 5906 ταπεινοφροσύνην,
3516 5810 3596 5880 ὅτι
3695 5825 3785 5884 καὶ
