4132 6454
3672 349 3791 416 268

2751 485 2810 544 Ei
2865 486 2953 542 καὶ
3010 487 3276 565 φαίνωμαι
3334 485 3633 543 ἐπιτάσσειν
3704 506 3787 540 σοι

399 355 516 422 267
1540 357 1952 423 (ECUMENII
1994 356 2291 422 ΤΒῐοοΕ
2332 353 2669 421 EPISCOPI

403 491 559 574 quod
591 489 868 554 dominer
895 488 1026 573 tibi,
1057 489 1161 553 sed
1194 499 1435 572 propter
1463 488 1816 552 cbaritatem
1855 507 1970 571 qua
1992 507 2024 552 e

2168 492 2182 513 9
2277 487 2291 506 ’
2400 487 2432 548 ά
2607 484 2655 520 αλ

2133 511 2228 547 ουκ
2268 509 2396 544 απιτ
2435 509 2546 545 σσω
2603 509 2676 546 Oa.

403 573 464 642 te
495 579 676 660 diligo
705 588 762 642 et
793 597 827 641 a
857 587 914 642 te
947 578 1184 660 diligor,
1219 579 1537 659 injungere
1567 577 1812 660 quidem
1833 578 2024 640 vide0t

2147 576 2211 634 δι’
2263 576 2503 656 ἀγάπην,
2563 579 2658 635 οὒκ
2716 575 3010 652 ἐπιτάσσω,
3084 574 3380 656 παρακαλῶ
3448 573 3504 632 δὲ
3565 573 3795 652 μᾶλλον.

402 687 609 733 verum
631 687 752 732 non
771 667 1197 749 injuttgo.Nam
1212 677 1274 731 et
1293 667 1343 730 si
1365 667 1900 748 videorinjungere
1922 685 2024 748 pro

2147 666 2319 746 Οὕτω,
2365 667 2515 745 φησὶ,
2561 666 2679 742 περὶ
2707 663 2910 724 πολλοῦ
2938 666 3000 722 τὸ
3029 671 3252 745 πρᾶγμα
3295 671 3575 742 ποιοῦμαι.
3607 673 3798 722 Τοιοῦ-

402 766 535 840 pter
566 757 940 834 charitatem,
975 776 1095 820 non
1153 768 1353 819 tamen
1401 756 1673 838 injungo,
1727 758 1833 820 sed
1869 759 2024 836 potiu

2142 777 2232 820 τος
2263 756 2362 830 ὢν,
2394 757 2468 820 ὡς
2498 754 2704 818 Παῦλος
2756 751 3079 835 πρεσϐύτης.
3139 753 3440 834 Παρακαλῶ
3505 752 3584 829 δὲ,
3616 761 3798 812 τοιοῦ-

401 864 544 928 rogo
572 869 585 909 :
611 846 783 923 adeo,
799 845 1010 929 inquit,
1028 865 1158 909 rem
1177 845 1517 924 magniﬁco.
1551 865 1581 905 ι
1601 848 1745 910 Cum
1768 845 1901 908 talis
1921 845 2024 906 sim

2142 844 2230 908 τός
2274 865 2353 907 τις
2383 844 2666 925 ὑπάρχων,
2699 843 2817 901 οἷόν
2855 866 2956 929 ’τις
3005 841 3230 924 ὤφειλεν
3281 843 3448 924 εἶναι,
3480 844 3632 924 φησὶ,
3663 843 3797 922 πρὸς

401 923 621 1018 nempe
648 934 865 998 Paulus
882 923 1101 1000 senex.
1138 960 1166 992 »
1196 923 1360 1013 Rogo
1386 954 1520 998 cum
1545 935 1680 996 talis
1705 934 1841 1007 sim,
1867 933 2021 1016 quali

2139 935 2201 990 τὸ
2230 946 2436 991 πεῖσαι.
2497 923 2732 997 Παῦλος.
2767 956 2795 989 ι
2855 923 3052 1012 ’Ἠρκει
3110 931 3166 989 δὲ
3225 935 3351 990 αὒτὸ
3419 923 3574 991 τοῦτο
3631 933 3796 1008 μόνον

400 1024 962 1107 deberetquispiam
981 1042 1115 1088 esse
1136 1022 1208 1086 ad
1224 1022 1726 1104 persuadendum.
1740 1023 2016 1086 «Paulus.

2141 1021 2272 1107 πρὸς
2299 1022 2361 1077 τὸ
2404 1033 2613 1098 πεῖσαι,
2653 1040 2683 1080 ‹
2727 1019 3030 1102 Πρεσϐύτης
3060 1019 3274 1098 δέσμιος
3317 1022 3448 1101 ὑπὲρ
3481 1029 3727 1100 Χριστοῦ.
3757 1045 3786 1076 ι

401 1101 703 1178 Sufﬁcere
717 1101 912 1177 autem
945 1113 1193 1177 deberet
1221 1101 1332 1175 hoc
1363 1113 1558 1175 solum
1587 1113 1660 1175 ad
1693 1111 2024 1194 persuaden

2145 1101 2297 1188 Ὀρᾷς
2343 1110 2472 1189 πρὸς
2516 1110 2577 1166 τὸ
2605 1101 2791 1168 πεῖσαι
2816 1110 3087 1191 ἀφορμαί,

401 1202 568 1267 dum.
608 1228 631 1261 ι
670 1202 864 1268 Senex
921 1204 1152 1265 vinctus
1201 1220 1307 1283 pro
1340 1201 1600 1266 Christo.
1639 1225 1668 1257 ι
1703 1199 1888 1264 Vides
1915 1208 2059 1282 quot

400 1292 519 1356 sint
546 1291 620 1355 ad
651 1291 1132 1374 persuadendum
1166 1290 1560 1354 occasiones?

1043 1391 1292 1458 CAPUT
1331 1392 1402 1455 Il.

2777 1398 3030 1455 ΚΕΦΑΛ.
3080 1383 3163 1453 B'.

399 1482 861 1548 Commendatio
892 1484 1171 1548 ()nesimi
1198 1483 1446 1562 fugitivi
1473 1487 1657 1556 servi,
1687 1490 1741 1544 et
1771 1480 2020 1544 admoni

2144 1503 2173 1536 ι
2237 1481 2494 1562 Σύστασις
2567 1477 2852 1562 Ὀνησίμου
2909 1479 3136 1562 φυγάδος
3189 1481 3421 1562 οἰκέτου,
3467 1483 3553 1540 καὶ
3608 1480 3789 1560 παρέ-

480 1500 861 1548 ηηιηεηααηο
892 1500 1171 1548 unesimi
1198 1500 1264 1562 [υ
1309 1500 1446 1546 nivi
1473 1500 1657 1556 servi,
1687 1500 1741 1544 et
1771 1500 2017 1544 aamom

480 1567 567 1629 tio
593 1583 708 1647 pro
727 1566 860 1647 ipso
882 1567 988 1647 qui
1006 1563 1211 1628 salvus
1247 1500 1451 1644 ﬂictus
1480 1571 1611 1626 erat
1638 1579 1752 1643 per
1757 1562 1971 1643 ﬁdem.

2144 1503 2173 1536 ι
2237 1500 2494 1546 δυστασις
2585 1500 2852 1555 υνησιμου
2909 1500 3136 1562 φυγαοος
3195 1500 3421 1557 οικετου,
3467 1500 3553 1540 και

2319 1559 2511 1629 κλησις
2541 1560 2670 1640 ὑπὲρ
2701 1562 2857 1620 αὐτοῦ
2884 1563 3139 1628 σωθέντος
3181 1561 3264 1618 διὰ
3290 1563 3541 1625 πίστεως,
3579 1585 3606 1618 ι

479 1666 657 1727 Vers.
704 1665 899 1728 10-14.
961 1664 1124 1744 Rogo
1167 1670 1367 1726 autem
1415 1681 1536 1745 pro
1564 1663 1694 1744 ﬁlio
1721 1678 1852 1724 meo
1877 1677 2024 1742 quem

2225 1680 2256 1720 ι
2299 1659 2598 1740 Παρακαλῶ
2627 1681 2681 1725 ςε
2726 1661 2843 1740 περὶ
2886 1670 2978 1720 τοῦ
3009 1660 3136 1734 ἐμοῦ
3165 1661 3372 1741 τέκνου,
3443 1663 3471 1718 ὃ
3529 1659 3789 1739 ἐγέννησα

395 1757 585 1837 genui
611 1755 680 1817 in
732 1752 998 1816 vinculis
1052 1754 1206 1815 meis
1261 1751 1572 1829 Onesimo,
1605 1751 1911 1832 quondam
1943 1750 2024 1812 tib

2138 1747 2192 1804 ὲν
2274 1762 2392 1814 τοῖς
2476 1749 2693 1826 δεσμοῖς
2775 1772 2875 1826 μου
2964 1751 3277 1831 Ὀνήσιμον,
3335 1751 3428 1807 τόν
3511 1749 3642 1807 ποτέ
3701 1771 3785 1805 σοι

397 1817 635 1920 inutili,
667 1860 832 1906 nunc
859 1859 1002 1906 vero
1031 1843 1146 1905 tibi
1173 1848 1230 1904 et
1259 1841 1413 1905 mihi
1441 1817 1721 1924 perufiii,
1749 1857 1921 1920 quem
1951 1857 2024 1903 rei

2135 1835 2430 1918 ἄχρηστον,
2509 1841 2617 1896 νυνὶ
2671 1837 2726 1896 δέ
2783 1861 2864 1896 σοι
2947 1842 3035 1897 καὶ
3099 1841 3216 1916 ἐμοὶ
3301 1839 3622 1921 εὔχρηστον,
3723 1839 3782 1894 ὃν

394 1935 560 1998 misi.
599 1932 691 1995 Tu
736 1934 944 1994 autem
997 1949 1156 2006 eum,
1206 1930 1313 1994 hoc
1341 1939 1456 2006 est,
1489 1948 1626 1993 mea
1654 1931 1885 1992 viscera
1911 1947 2015 1992 sus

2134 1927 2438 2004 ἀνέπεμψα.
2495 1929 2567 1984 Σὺ
2623 1926 2678 1984 δὲ
2735 1929 2912 2004 αὒτὸν,
2973 1929 3232 2006 τουτέστι,
3294 1932 3360 1987 τὰ
3410 1930 3514 2006 ἐμά
3570 1927 3785 2006 σπλάγ-

393 2024 564 2104 cipe:
596 2039 777 2102 quem
803 2038 913 2103 ego
963 2020 1283 2102 cupiebam
1312 2021 1485 2102 apud
1513 2037 1610 2082 me
1637 2020 1931 2094 retinere,
1985 2037 2024 2080 u

2135 2038 2265 2097 χνα,
2323 2015 2647 2096 προσλαϐοῦ,
2726 2018 2784 2073 ὃν
2862 2017 2970 2096 ἐγὼ
3050 2015 3345 2096 ἐϐουλόμην
3412 2019 3540 2098 πρὸς
3611 2016 3782 2094 ἐμαυ-

388 2128 502 2193 pro
531 2117 590 2175 te
629 2110 1016 2174 ministraret
1047 2109 1200 2172 mihi
1241 2113 1310 2172 in
1358 2108 1624 2172 vinculis
1673 2106 2009 2188 Evangelii

2133 2107 2224 2162 τὸν
2280 2106 2556 2187 κατέχειν,
2610 2105 2704 2163 ἵνα
2755 2107 2885 2185 ὑπὲρ
2971 2117 3066 2166 σοῦ
3134 2105 3352 2184 διακονῇ
3409 2125 3499 2184 μοι
3559 2105 3612 2162 ἐν
3668 2118 3784 2168 τοῖς

392 2192 500 2263 sed
526 2197 754 2280 absque
781 2206 888 2262 tua
937 2199 1237 2262 sententia
1288 2196 1450 2260 nihil
1502 2196 1672 2259 votui
1712 2197 1940 2273 facere,
1973 2215 2024 2258 ni

2132 2192 2352 2271 δεσμοῖς
2435 2205 2530 2255 τοῦ
2599 2193 2942 2274 Εῦαγγελίου.
3034 2197 3204 2274 Χωρὶς
3301 2194 3355 2253 δὲ
3453 2202 3553 2264 σῆς
3637 2196 3783 2275 γνώ-

395 2287 562 2351 velut
589 2305 666 2351 ea:
692 2293 1045 2351 necessitate
1076 2287 1300 2351 bonum
1331 2293 1502 2348 tuum
1549 2290 1717 2367 esset,
1746 2283 1852 2347 sed
1873 2302 2024 2366 span

2132 2306 2242 2360 μης
2336 2281 2482 2342 οὐδὲν
2571 2282 2810 2352 ἠθέλησα
2893 2289 3142 2367 ποιῆσαι,
3210 2285 3304 2342 ἵνα
3386 2285 3466 2363 μὴ
3523 2288 3596 2352 ὡς
3649 2285 3786 2344 κατὰ

395 2383 659 2441 tonsum.
2131 2372 2368 2452 ἀνάγκην
2465 2375 2526 2430 τὸ
2583 2372 2778 2452 ἀγαθόν
2863 2395 2958 2431 σου
3013 2375 3074 2450 ᾗ,
3176 2372 3314 2431 ἀλλὰ
3397 2376 3533 2432 κατά
3639 2372 3788 2430 ἐκού-

2129 2483 2272 2520 σιον.

475 2563 641 2618 ιον
671 2555 872 2620 Placat
901 2562 963 2617 et
990 2554 1220 2636 mitigat
1247 2554 1685 2625 Philemonem.
1706 2552 2024 2634 collaudan:

2216 2548 2655 2631 Προκαταλεαίνει
2728 2553 2821 2609 τὸν
2902 2551 3206 2633 Φιλήμονα,
3283 2552 3629 2633 ἐγκωμιάζων
3683 2551 3777 2608 τὸν

391 2663 629 2709 servum
658 2643 1030 2734 Onesimum,
1055 2645 1322 2708 vocando
1347 2644 1560 2720 ﬁlium,
1582 2642 1723 2734 quia
1744 2652 1800 2705 et
1822 2643 2024 2734 ipsum

2133 2639 2344 2707 οἰκέτην
2397 2639 2580 2697 τέκνον
2633 2638 2834 2716 καλῶν,
2893 2639 2974 2696 ὅτι
3033 2642 3119 2698 καὶ
3164 2642 3344 2723 αὐτὸν,
3405 2643 3585 2721 φησὶν,
3647 2637 3774 2700 ἐϐά-

389 2736 604 2818 inquit,
637 2735 948 2817 baptizavi.
980 2733 1126 2798 Nam
1159 2737 1274 2799 hoc
1321 2735 1617 2815 signiﬁcat
1649 2753 1662 2798 :
1697 2733 1887 2798 Genui
1911 2752 2024 2795 cun

2130 2749 2342 2788 πτιστα.
2378 2735 2542 2786 Τοῦτο
2561 2729 2661 2809 γὰρ
2689 2731 2777 2805 τὸ,
2803 2728 3094 2808 Ἐγὲννησα
3137 2730 3190 2787 ἐν
3219 2745 3337 2795 τοῖς
3365 2729 3584 2807 δεσμοῖς
3613 2731 3776 2808 ῦπάρ-

392 2843 587 2888 essem
619 2824 682 2886 in
709 2823 986 2889 vinculis.
1013 2825 1118 2888 His
1148 2825 1328 2906 igitur
1366 2825 1572 2888 sedata
1601 2824 1790 2904 ipsius
1825 2823 1932 2904 ira,
1967 2825 2024 2885 it:

2128 2840 2270 2897 χων,
2341 2819 2438 2876 Διά
2518 2820 2716 2876 τούτων
2787 2821 2874 2876 οὗν
2933 2819 3379 2898 προκαταστεῐλας
3435 2821 3528 2876 τὸν
3610 2821 3773 2896 θυμὸν

389 2931 611 2977 nomen
623 2914 990 2996 exprimens,
1009 2905 1318 2991 Onesimo,
1343 2914 1555 2996 inquit.
1571 2912 1912 2986 «Quondam
1938 2912 2021 2975 tib

2129 2905 2308 2983 αὐτοῦ,
2336 2906 2501 2972 οὕτως
2542 2906 2841 2985 ἑξονομάζει
2879 2910 2941 2965 τὸ
2987 2908 3153 2985 ὄνομα
3179 2929 3196 2946 ⁸
3247 2910 3554 2985 Ὀνήσιμον,
3589 2909 3772 2989 φήσίν,

389 3002 608 3065 inutili.
643 3024 672 3064 ι
700 2995 836 3066 ίδοὶι
864 3002 1026 3065 enim
1057 3001 1223 3084 illum
1236 3003 1346 3084 qui
1371 3002 1689 3070 conﬁtetur
1710 3010 2024 3083 peccatum,

2133 3017 2167 3084 «γ
2193 2995 2294 3052 Τόν
2323 2995 2453 3052 ποτέ
2481 3018 2563 3053 σοι
2592 2995 2888 3084 ἄχρηστον,
2923 3020 2950 3051 ι
2999 2995 3128 3056 Οἶδε
3188 2999 3289 3078 γὰρ
3345 2997 3772 3076 ὁμολογούμενον

389 3022 608 3065 muttn.
643 3024 672 3064 ι
709 3022 836 3066 acu
864 3022 1026 3065 enim
1057 3022 1346 3154 ungi-lim
1371 3022 1689 3070 contuetur
1710 3022 2024 3083 peccatum

387 3092 539 3155 iram
571 3091 802 3154 domini
859 3090 1135 3174 exstingu
1209 3111 1266 3154 e.
1331 3091 1471 3156 ldeo
1527 3091 1776 3153 subdit:
1820 3115 1843 3146 α
1878 3089 2024 3152 Num

2133 3022 2161 3049 ει
2204 3022 2294 3052 ιον
2323 3022 2453 3052 ποτε
2481 3022 2563 3053 σοι
2592 3022 2888 3076 αχρηστον,
2923 3022 2950 3051 ι
2999 3022 3128 3056 υιοε
3188 3022 3289 3078 γαρ
3345 3022 3770 3076 ομοΛογουμενον

2126 3083 2186 3138 τὸ
2259 3084 2576 3166 ἁμάρτημα,
2635 3083 2897 3142 σϐεννύειν
2958 3089 3048 3143 τὸν
3125 3090 3287 3164 θυμὸν
3344 3094 3436 3145 τοῦ
3492 3085 3770 3149 δεσπότου,

383 3154 526 3244 vero
559 3179 666 3243 tibi
696 3188 756 3242 et
784 3181 930 3244 mihi
961 3154 1224 3262 perutili.
1254 3206 1282 3238 ι
1414 3181 1600 3244 Paulo
1634 3179 1902 3261 perutilis
1917 3198 2024 3242 era

2132 3195 2159 3226 α
2193 3154 2317 3230 Νυνῖ
2359 3154 2414 3230 δὲ
2443 3154 2526 3230 σοι
2554 3154 2644 3231 καὶ
2671 3175 2788 3262 ἐμοὶ
2830 3173 3148 3256 εὔχρηστος.
3187 3154 3226 3233 ἰ
3265 3177 3320 3234 Εἰ
3354 3175 3546 3251 Παύλῳ
3566 3176 3771 3257 εὔχρη-

383 3269 488 3356 qui
511 3276 671 3331 tanta
684 3261 1001 3356 diligentia
1020 3268 1352 3356 expetebat,
1371 3269 1749 3330 manifestum
1772 3275 1862 3329 est
1881 3270 2024 3356 quod

2123 3283 2248 3324 στος
2276 3263 2538 3356 τοσαύτηχ
2593 3261 2861 3343 ἀκρίϐειαν
2912 3266 3243 3342 ἀπαιτοῦντι,
3292 3264 3538 3335 δηλονότι
3568 3268 3656 3323 καὶ
3696 3273 3774 3342 τῷ

383 3349 564 3417 etiam
590 3355 948 3419 Philemoni.
992 3378 1016 3414 ι
1052 3349 1242 3429 Quem
1269 3356 1474 3419 remisi
1501 3374 1515 3419 :
1545 3378 1570 3416 ι
1607 3363 1671 3418 ut
1691 3356 1886 3438 ipsum
1914 3355 2024 3418 Do-

2121 3349 2406 3427 Φιλήμονι.
2447 3375 2475 3408 ι
2507 3349 2600 3412 ”Ον
2643 3352 2944 3432 ἀνέπεμψα,
2997 3377 3022 3414 s
3081 3363 3169 3431 Τῷ
3223 3353 3546 3436 παραδοῦναι
3613 3357 3766 3413 αὐτὸν

383 3443 547 3504 mino
577 3443 880 3522 redderet,
906 3445 1094 3524 magis
1114 3453 1310 3507 autem
1332 3454 1396 3506 ut
1425 3445 1576 3507 iram
1606 3445 2024 3524 exstingueret.

2121 3445 2196 3513 τῷ
2255 3440 2524 3522 Δεσπότη,
2597 3439 2800 3518 μᾶλλον
2855 3445 2944 3501 τὸν
2988 3446 3148 3520 θυμὸν
3197 3442 3430 3507 ἔσϐεσεν.
3490 3442 3760 3518 Τουτέστι,

386 3553 415 3586 α
451 3529 577 3593 Hoc
607 3540 697 3594 est
725 3549 860 3594 mea
881 3532 1134 3596 viscera.
1155 3558 1182 3589 π
1205 3532 1358 3606 Quid
1381 3541 1577 3595 autem
1595 3533 1731 3595 dico
1751 3541 1815 3595 ut
1837 3533 2024 3614 ipsum

2121 3529 2182 3584 τὰ
2252 3527 2355 3604 ἐμὰ
2420 3527 2732 3610 σπλάγχνα,
2767 3555 2796 3586 ι
2859 3532 2920 3590 Τί
2974 3530 3117 3612 λέγω
3175 3533 3330 3590 αὐτόν
3409 3530 3756 3613 προσλαϐοῦ,

380 3618 672 3701 suscipias
694 3619 720 3680 Υ
739 3620 898 3682 hunc
919 3621 1254 3702 suscipiens
1276 3639 1408 3683 mea
1429 3621 1655 3684 viscera
1674 3621 2024 3702 suscipiens.

2121 3615 2308 3674 Τοῦτον
2364 3616 2928 3698 προσλαμϐανόμενος,
2983 3623 3049 3678 τὰ
3099 3621 3203 3698 ἐμὰ
3258 3621 3545 3703 σπλάγχνα
3588 3643 3758 3702 προσ-

377 3706 570 3783 Adeo,
592 3706 806 3790 inquit,
836 3725 973 3770 eum
995 3709 1199 3790 diligo,
1226 3718 1287 3771 ut
1313 3727 1448 3772 mea
1467 3710 1760 3791 appellem
1781 3710 2024 3775 viscera.

2121 3705 2288 3782 λήψῃ.
2326 3706 2502 3775 Οὕτως
2541 3708 2697 3766 αὐτὸν
2757 3709 2973 3792 ἀγαπῶ,
3030 3713 3211 3793 φησὶν,
3272 3715 3345 3778 ὡς
3402 3716 3490 3770 καὶ
3544 3710 3756 3790 σπλάγ-

378 3793 552 3867 Quod
568 3797 910 3878 autem,ait,
941 3795 1214 3879 Suscipe,
1239 3798 1353 3860 hoc
1392 3807 1504 3880 est,
1529 3818 1661 3860 tum
1694 3817 1897 3861 amore
1923 3817 2024 3861 ac-

2121 3817 2220 3876 χνα
2279 3795 2488 3880 καλεῖν.
2550 3799 2622 3856 Τὸ
2678 3795 2756 3880 δὲ,
2815 3799 3138 3880 προσλαϐοῦ,
3186 3802 3306 3858 οἷον
3357 3803 3489 3878 μετὰ
3543 3801 3754 3880 ἀγάπης

377 3887 530 3966 cipe.
571 3910 595 3942 α
633 3884 710 3950 Ut
743 3876 848 3967 pro
874 3895 932 3949 te
959 3876 1324 3950 ministraret
1352 3876 1588 3964 mihi.»
1628 3886 1839 3951 Viden’
1871 3887 2024 3969 quod

2121 3882 2276 3950 δέξαι.
2331 3908 2352 3941 s
2427 3876 2551 3944 υΙνα
2605 3876 2752 3957 ὑπὲρ⁷
2790 3876 2884 3946 σοῦ
2925 3888 3142 3968 διακονῇ
3195 3914 3309 3968 μοι.
3360 3876 3390 3946 is
3459 3876 3610 3970 Ὀρᾷς
3677 3888 3758 3946 ὅτι

373 3974 655 4054 paulatim
687 3974 884 4056 ipsum
915 3976 989 4037 ad
1030 3975 1272 4038 Domini
1303 3976 1499 4039 locum
1533 3975 1926 4059 produxerit?
1953 3977 2024 4039 ait

2121 3975 2248 4030 κατά
2281 3976 2466 4060 μικρὸν
2511 3978 2585 4040 εἰς
2649 3978 2742 4033 τὸν
2792 3979 2956 4036 τόπον
3012 3982 3168 4038 αὐτὸν
3211 3980 3382 4060 ἤγαγε
3438 3991 3530 4040 τοῦ
3569 3979 3760 4036 δεσπό-

373 4052 532 4124 enim
571 4083 586 4127 :
617 4052 830 4145 Ut_pro
864 4072 924 4126 te
980 4064 1370 4128 ministraret.
1406 4065 1514 4128 Hic
1533 4052 1739 4128 autem
1771 4065 2024 4128 ostendit

2121 4083 2234 4144 tau;
2275 4052 2399 4121 ’Ἰνα
2427 4066 2552 4146 γὰρ,
2581 4069 2732 4148 φησὶ,
2764 4067 2894 4148 ὑπὲρ
2950 4074 3044 4126 σοῦ
3089 4092 3181 4145 μοι
3237 4052 3478 4147 διακονῇ,
3514 4070 3766 4128 Ἐνταῦθα

376 4150 536 4240 quod
562 4151 803 4240 Domini
854 4152 1053 4234 potius
1083 4153 1286 4236 cupiat
1311 4155 1651 4217 utilitatem.
1688 4154 1833 4217 Nam
1863 4155 1914 4216 si
1944 4161 2024 4231 tu,

2121 4150 2168 4208 δὲ
2230 4151 2490 4240 ,δείκνυσιν
2559 4154 2641 4212 ὅτι
2697 4163 2774 4232 τῷ
2853 4159 3099 4234 Δεσπότη
3193 4158 3457 4240 συμφέρον
3515 4158 3763 4236 βούλεται

371 4239 586 4328 inquit,
611 4239 798 4303 debes
828 4242 1196 4320 ministrare,
1231 4243 1330 4304 hic
1359 4252 1554 4306 autem
1588 4263 1694 4325 pro
1726 4254 1783 4307 te
1813 4245 1927 4307 hoc
1955 4244 2024 4306 fa

2121 4239 2343 4318 μᾶλλον,
2377 4245 2436 4300 Ei
2465 4245 2564 4325 γὰρ
2593 4245 2677 4322 σὺ,
2725 4248 2877 4327 φησὶ,
2921 4253 3220 4328 χρεῶστεῖς
3279 4239 3568 4323 διακονεῖν,
3614 4251 3767 4314 οὗτος

369 4327 474 4419 cit,
506 4328 713 4419 u_tiqu_e
741 4329 804 4391 in
834 4336 993 4419 tuam
1019 4331 1446 4396 est-utilitatem
1473 4334 1628 4413 quod
1652 4333 1863 4412 agitur.
1905 4356 1928 4391 s
1963 4332 2024 4396 In

2121 4329 2166 4386 δὲ
2195 4330 2309 4388 ἀντὶ
2349 4339 2443 4390 σοῦ
2485 4340 2640 4390 τοῦτο
2688 4349 2862 4410 ποιεῖ,
2934 4327 3026 4394 σὸν
3081 4335 3270 4419 ὄφελος
3322 4339 3384 4394 τὸ
3454 4339 3760 4416 γινόμενον.

367 4415 622 4515 vinculis
649 4417 976 4515 Evangelii.
1002 4442 1026 4478 vi
1070 4419 1136 4482 In
1158 4419 1410 4482 vinculis
1429 4440 1560 4502 qua:
1577 4440 1685 4502 pro
1709 4423 2024 4502 Evangelio

2121 4443 2146 4475 ll
2205 4419 2298 4477 ’Ev
2366 4433 2484 4486 τοῖς
2546 4420 2792 4501 δεσμοῖς.
2823 4436 2916 4486 τοῦ
2963 4415 3303 4508 Εὐαγγελίου.
3336 4425 3428 4485 Ἐν
3469 4415 3590 4493 τοῖς
3628 4427 3760 4507 ὑπὲρ

365 4505 632 4598 perfero.
661 4529 685 4566 ι
717 4506 847 4598 Sed
859 4507 1086 4591 absque
1111 4518 1210 4571 tua
1232 4511 1548 4572 sententia.
1573 4531 1606 4572 ›
1629 4510 1754 4574 Hoc
1772 4512 2024 4575 maxime

2121 4515 2202 4567 τοῦ
2244 4510 2564 4591 Εὐαγγελίου
2593 4510 2832 4590 δεσμοῖς.
2875 4538 2904 4571 α
2951 4505 3129 4598 Χωρῖςή
3186 4515 3243 4574 δὲ
3295 4518 3396 4585 τῆς
3452 4522 3553 4585 σῆς
3610 4505 3760 4596 γνώ-ξ-

366 4595 566 4688 ipsum
591 4595 959 4688 emolliebat,
984 4599 1141 4688 quod
1165 4617 1294 4660 rem
1316 4599 1466 4688 adeo
1491 4599 1603 4662 sibi
1626 4601 2022 4662 necessariam

2121 4622 2241 4688 λης.
2279 4621 2303 4658 s
2341 4608 2532 4688 ,Τοῦτο
2571 4602 2806 4678 μάλιστα
2857 4607 3016 4663 αὐτὸν
3049 4595 3058 4598 ⁷
3091 4606 3340 4688 ἒχαύνου,
3403 4605 3484 4664 ὅτι
3538 4595 3759 4688 πρᾶγμα

363 4682 599 4775 absque
626 4685 757 4766 ejus
788 4687 1085 4775 sententia
1143 4705 1266 4749 non
1316 4686 1552 4753 fecerit.
1591 4713 1618 4745 α
1651 4691 1738 4752 Ne
1765 4691 1922 4752 velut
1953 4708 2020 4752 ex

2121 4686 2272 4752 ›ῦτως
2325 4687 2623 4775 ἀναγκαῖον
2682 4696 2844 4774 αὐτῷ,
2928 4695 3072 4775 παρὰ
3141 4695 3364 4774 γνώμην
3439 4697 3596 4754 αὒνοῦ
3666 4697 3762 4754 οῦκ

365 4773 788 4864 necessitate.»
814 4773 947 4837 Non
963 4774 1117 4838 dixit
1132 4775 1484 4858 simpliciter
1504 4800 1516 4835 :
1539 4778 1625 4841 Ex
1642 4777 2016 4856 necessitate,

2121 4780 2377 4846 εποίησεν.
2416 4803 2438 4835 ι
2520 4770 2644 4837 Ἵνα
2699 4782 2778 4858 μὴ
2821 4770 3346 4864 ὧςῗκατὰιάνάγκην,
3397 4808 3428 4841 ι
3461 4787 3568 4844 Οὐκ
3606 4785 3756 4863 εἶπε,

362 4864 496 4956 sed,
525 4861 706 4926 Velut
734 4882 806 4927 ex
826 4864 1215 4956 necessitate.
1249 4865 1507 4930 Perinde
1535 4884 1605 4929 ac
1659 4867 1711 4929 si
1741 4867 1970 4931 diceret
2001 4884 2016 4930 :

2121 4868 2257 4956 Κατά
2313 4867 2577 4956 ἀνάγκην,
2662 4869 2808 4947 ἀλλ’,
2906 4863 2998 4939 Ὠς
3055 4861 3210 4931 κατὰ-
3247 4874 3489 4956 ἀνάγκην
3520 4889 3535 4904 °
3588 4876 3661 4938 ὡς
3715 4861 3760 4939 sl

359 4948 651 5043 _Noveram
683 4953 845 5035 quod
879 4953 930 5016 si
961 4953 1143 5017 etiam
1201 4961 1419 5037 praeter
1467 4964 1623 5019 tuam
1662 4956 2019 5020 sententiam

2121 4954 2260 5013 εἶπεν
2293 4975 2309 4991 ·
2377 4945 2575 5028 ’ᾘδειν
2619 4957 2701 5016 ὅτι
2752 4945 2841 5018 καὶ
2882 4963 3025 5041 παρὰ
3065 4961 3290 5042 γνώμην
3351 4945 3446 5020 σου
3505 4963 3762 5043 κατάχων

358 5039 556 5120 ipsum
587 5045 936 5122 retinerem,
972 5061 1350 5126 nequaquam
1381 5052 1438 5107 te
1461 5044 1900 5108 contristarem:
1926 5053 2020 5106 at-

359 5134 562 5278 ;amen
587 5148 663 5192 ne
692 5130 992 5194 videretur
1015 5132 1185 5214 quasi
1206 5151 1276 5196 ex
1300 5134 1654 5197 necessitate
1679 5135 1831 5213 ﬁeri,
1855 5133 2021 5197 nolui

382 5233 584 5278 acere.

382 5233 584 5279 acere.

437 5306 610 5369 Vers.
642 5306 846 5372 15-20.
865 5309 1021 5371 Nam
1033 5317 1352 5392 propterea
1380 5312 1652 5390 forsitan
1686 5314 1920 5376 secessit
1940 5313 2018 5375 ad

355 5393 2017 5481 horam,utceternumeumreciperes,nonjamutservum,

352 5484 663 5573 secisupra
675 5489 1418 5567 servum,nempefratrem
1427 5491 2020 5573 dilectum,mawime

351 5570 767 5654 mihiquanto
785 5578 992 5636 autem
1011 5578 1208 5656 magis
1238 5578 1347 5640 tibi
1369 5585 1422 5639 et
1442 5579 1508 5640 in
1525 5596 1710 5643 carne
1721 5570 1782 5641 et
1805 5585 1872 5642 in
1889 5581 2018 5643 Do-

353 5659 635 5726 mino?Si
658 5665 857 5742 igitur
885 5679 982 5726 me
1007 5662 1188 5727 habes
1205 5673 1567 5744 consortem,
1589 5669 1822 5748 suscipe
1839 5668 2020 5733 illum

2105 5046 2279 5120 οῦτὸν,
2314 5047 2409 5103 οῦκ
2451 5045 2673 5107 ἐλύπουν
2712 5069 2794 5110 σε.
2840 5048 2994 5107 Ἀλλ’
3055 5051 3148 5109 ἵνα
3201 5051 3282 5129 μὴ
3341 5049 3465 5130 δόξῃ
3509 5054 3583 5116 ὡς
3625 5053 3761 5110 κατὰ

2104 5133 2343 5212 ἀνάγκην
2373 5135 2628 5219 γίνεσθαι,
2661 5139 2755 5196 οῦκ
2785 5136 3112 5217 ἠϐουλήθην,
3157 5140 3338 5222 φησιν,

2195 5335 2222 5374 ι
2254 5313 2412 5395 Τοίχα
2452 5313 2558 5395 γὰρ
2599 5313 2684 5376 διὰ
2732 5323 2886 5376 τοῦτο
2936 5319 3206 5400 ἒχωρίσθη
3267 5320 3399 5400 πρὸς
3455 5318 3618 5400 ὥραν,
3663 5320 3756 5377 ἵνα

2104 5406 2318 5465 αἰώνιον
2375 5403 2530 5491 αῦτὸν
2587 5405 2826 5488 ἀπέχῃς,
2886 5410 2981 5466 οὐκ
3061 5407 3137 5466 ἔτι
3222 5411 3296 5475 ὡς
3366 5408 3574 5491 δοῦλον,
3633 5408 3752 5466 ἀλλ’

2104 5497 2235 5575 ὑπὲρ
2317 5490 2542 5580 δοῦλον,
2627 5493 2853 5577 ἀδελφὸν
2949 5497 3255 5580 ἀγαπητὸν,
3357 5490 3589 5576 μάλιστα
3641 5499 3760 5577 ἐμοὶ

2109 5585 2266 5660 Πόσῳ
2309 5579 2362 5638 δὲ
2408 5581 2614 5658 μᾶλλον
2671 5608 2754 5645 σοι
2810 5587 2900 5644 καὶ
2967 5587 3023 5644 ὲν
3081 5579 3248 5670 σαρκὶί
3305 5589 3394 5646 καὶ
3449 5589 3504 5648 ἐν
3563 5590 3756 5669 Κυρίῳ.

2112 5676 2170 5732 Εἰ
2226 5673 2314 5730 οὖν
2385 5692 2451 5748 με
2509 5672 2656 5754 ἔχεις
2727 5678 3006 5754 κοινωνὸν,
3095 5675 3396 5759 προσλαϐοῦ
3468 5681 3624 5738 αὐτὸν
3690 5681 3766 5748 ὡς
