4132 6452
237 352 363 418 269

1319 362 1718 429 COMMENT.
1764 359 1851 429 IN
1892 363 2136 427 EPIST.
2182 366 2286 429 AD
2327 366 2645 431 PHILEM.

3514 364 3641 433 270’

430 494 487 552 Εἰ
531 492 612 584 Δδέ
680 518 731 553 τι
799 494 1022 566 ἠδίκησέ
1093 519 1151 556 σε
1220 498 1255 567 ἢ
1316 496 1540 580 ὀφείλει,
1584 503 1738 557 τοῦνο
1781 497 1888 576 ἐμοῖ

1982 503 2278 580 tauquam
2299 518 2416 564 me.
2453 499 2632 578 Quod
2650 501 2706 564 si
2728 500 2877 582 quid
2896 503 3107 566 nocuit
3155 501 3267 567 tibi
3302 504 3411 567 aut
3438 494 3634 584 debet,

234 579 470 662 ἔλλόγει.
529 581 674 664 Ἐγὼ
726 585 932 651 Παῦλος
982 586 1188 667 ἔγραψα
1257 593 1325 666 τῇ
1366 579 1503 666 νέμῇ
1558 589 1721 669 χειρὶ,
1785 588 1895 667 ἐγὼ

233 672 499 753 ἀποτίσω,
569 675 665 733 ’ίνα
722 677 802 753 μὴ
859 675 1004 757 λέγω
1060 678 1151 735 σοὶ
1215 677 1297 735 ὅτι
1353 679 1441 735 καὶ
1509 678 1729 735 σεαυτόν
1800 699 1892 755 μοι

234 762 627 844 προσοφείλεις.
726 766 825 824 Ναὶ
918 764 1131 848 ἀδελφέ.
1256 764 1393 825 Ἐθώ
1489 788 1585 825 σου
1668 767 1893 845 ὀναίμην

234 851 296 908 ἓν
350 852 543 933 Κυρίῳ,
618 854 921 913 ἀνάπαυσόν
977 879 1080 934 μου
1162 857 1230 915 τὰ
1310 855 1597 939 σπλάγχνα
1666 855 1722 914 ἐν
1778 867 1889 918 Κυ-

232 939 353 1019 ρίῳ.
407 962 434 997 ι

315 1032 536 1103 Ἐπειδὴ
600 1036 629 1092 ὁ
685 1032 973 1113 Ὀνήσιμος
1071 1035 1178 1094 ἀπὸ
1275 1037 1570 1117 κακούργου
1666 1036 1888 1115 γνώμης

230 1121 415 1203 ἔφυγε,
451 1122 798 1203 μεταστρέφει
869 1125 1034 1193 αὐτὴν
1102 1126 1259 1189 αὒτὸς
1316 1124 1401 1183 ἐπὶ
1468 1127 1529 1182 τὸ
1570 1123 1885 1207 ἀμφίϐολον,

232 1214 313 1277 ὡς
340 1213 385 1268 εἰ
427 1212 582 1269 εἶπεν
615 1231 632 1249 ⁸
665 1213 823 1295 Τάχα
850 1215 950 1294 γὰρ
977 1213 1097 1272 κατ’
1133 1214 1435 1292 οἰκονομίαν
1478 1214 1694 1296 ἔφυγεν.
1731 1236 1762 1271 α
1790 1215 1889 1271 Διὰ

229 1299 391 1359 τοῦτο
444 1300 734 1382 ἐχωρίσθη,
807 1326 835 1359 ι
899 1302 1138 1384 Εὐφήμῳ
1219 1303 1463 1381 ὀνόματι,
1533 1304 1636 1372 τὴν
1717 1303 1888 1383 φυγὴν

231 1392 517 1472 χωρισμὸν
547 1392 725 1469 εἶπεν,
760 1391 854 1450 ’ἕνα
884 1393 962 1470 μὴ
1021 1399 1089 1470 τῇ
1117 1394 1310 1472 μνήμῃ
1358 1399 1458 1461 τῆς
1502 1397 1676 1475 φυγῆς
1718 1414 1889 1473 παρε-

231 1481 389 1561 γείρῃ
417 1481 509 1537 τὸν
536 1478 823 1551 δεσπότην.
877 1482 1020 1540 Εἶτα
1066 1483 1156 1540 καὶ
1205 1485 1298 1539 τὸν
1362 1482 1558 1563 χρόνον
1589 1481 1886 1563 συστέλλει,

231 1571 557 1653 καταπαύων
611 1571 712 1640 τὴν
768 1572 953 1651 ὀργὴν,
1012 1572 1049 1640 ἢ
1109 1573 1242 1653 πρὸς
1312 1571 1452 1651 ὥραν
1511 1570 1660 1639 ἔτους
1716 1570 1885 1652 λέγει,

238 1681 269 1713 ι
337 1649 464 1716 υινςιι
531 1660 742 1718 αἰώνιον
784 1649 942 1719 αὐτὸν
1001 1649 1242 1742 ἆπέχίῃς,
1280 1683 1304 1720 ι
1362 1649 1642 1743 δᾼπέχῃς,
1697 1649 1883 1742 ἥγόυν,

1975 586 2085 651 hoc
2106 589 2259 652 mihi
2273 592 2531 671 imputo.
2571 589 2706 672 Ego
2726 590 2959 654 Paulus
2991 592 3217 674 scrispi
3262 609 3403 656 mea
3421 608 3630 670 manu,

1974 694 2085 759 ego
2099 679 2434 758 dependam
2461 697 2475 745 :
2502 689 2564 743 at
2582 698 2656 743 ne
2676 680 2879 744 dicam
2900 683 3011 745 tibi
3029 682 3187 763 quod
3203 682 3461 765 teipsum
3482 699 3632 764 quo-

1973 782 2088 847 que
2107 767 2259 831 mihi
2274 770 2523 850 insuper
2540 769 2742 836 debes.
2761 768 2876 833 Nce
2891 771 3330 850 frater.Fruar
3348 788 3461 853 ego
3483 778 3542 836 te
3570 773 3639 835 in

1975 854 2254 922 Domino.
2284 856 2587 937 Befocilla
2612 875 2748 922 mea
2778 859 3017 923 viscera
3041 865 3109 922 in
3136 858 3424 924 Domino.

2055 1040 2226 1095 nos
2259 1034 2552 1108 Quoniam
2582 1034 2901 1101 Onesimus
2931 1055 3113 1121 prava
3142 1045 3345 1101 mente
3374 1039 3626 1119 fugerat,

1968 1119 2099 1202 ipse
2127 1140 2255 1185 rem
2286 1124 2349 1185 in
2394 1123 2647 1188 dubium
2699 1119 2958 1199 revocat,
3014 1134 3293 1209 tanquam
3353 1125 3630 1190 diceret:

1970 1211 2243 1274 Forsitan
2269 1212 2717 1295 dispensatione
2746 1214 3000 1298 quadam
3048 1216 3218 1297 fugit.
3256 1241 3285 1274 α
3309 1216 3637 1297 Pr0pterea

1972 1301 2243 1365 secessit.
2278 1322 2310 1363 ›
2341 1301 2559 1365 Fausto
2590 1303 2835 1367 nomine
2863 1305 3057 1385 fugam
3081 1305 3401 1387 appellavit
3420 1322 3627 1367 seces-

1943 1388 2232 1468 ‘sionem,
2258 1409 2333 1454 ne
2348 1392 2500 1455 facta
2520 1392 2674 1473 fugae
2686 1395 2989 1457 mentione
3003 1393 3326 1458 Dominum
3342 1394 3630 1458 irritaret.

1972 1476 2204 1543 Deinde
2233 1488 2528 1544 coarctato
2562 1482 2740 1545 etiam
2776 1491 3046 1565 tempore
3068 1483 3308 1548 cohibet
3330 1485 3505 1562 iram;
3529 1493 3633 1547 aut

1974 1567 2183 1631 horam
2201 1569 2349 1632 dicit
2370 1589 2616 1635 annum.
2631 1570 2740 1635 «Ut
2787 1581 3078 1635 mternum
3101 1590 3238 1636 eum
3257 1573 3629 1655 reciperes.»

1968 1658 2115 1719 Nam
2149 1659 2363 1741 ἆπέχης
2380 1659 2680 1740 signiﬁcat
2715 1660 2923 1742 Afuga
2958 1660 3284 1744 reciperes.
3323 1686 3353 1720 α
3381 1660 3500 1725 Sed
3524 1681 3633 1724 su-

234 1745 568 1826 Ἀπολάϐῃς.
605 1772 634 1805 α
689 1747 840 1807 Ἀλλ’
891 1751 1022 1831 ὑπὲρ
1089 1748 1298 1814 δοῦλον,
1335 1774 1365 1807 ι
1403 1742 1558 1832 Ὀρᾷς
1613 1742 1696 1807 ὅτι
1752 1752 1885 1830 πρὸς

1975 1763 2074 1827 pra
2108 1766 2366 1810 servum.
2410 1772 2439 1806 ι
2476 1747 2657 1813 Vides
2705 1750 2862 1832 quod
2918 1750 2992 1813 ad
3045 1742 3234 1815 multa
3262 1750 3426 1815 utilis
3455 1751 3634 1814 fuerit

229 1836 411 1895 πολλὰ
466 1819 743 1921 ὧφέλησεν
797 1841 832 1909 ἡ
903 1819 1044 1922 γυνή
1076 1840 1107 1922 ς’
1146 1838 1294 1898 Ἀντὶ
1346 1819 1634 1922 γὰρίίόρας
1687 1819 1882 1921 φυγῆς,

1975 1819 2137 1915 iuga?
2156 1838 2273 1901 Pro
2295 1839 2444 1901 hora
2462 1837 2623 1901 enim
2649 1819 2801 1919 fugae
2841 1838 3026 1902 habes
3057 1839 3252 1922 ipsum
3275 1848 3627 1922 perpetuum

232 1926 385 2008 ἔχεις
429 1920 586 1987 αὐτὸν
614 1929 849 1989 αἰώνιον.
888 1920 1190 2011 (“Ωραίγᾶ,ρ
1249 1920 1369 2008 μίαν
1399 1933 1435 2000 ἡ
1465 1920 1609 2011 (ρυγὴ
1638 1931 1711 1995 ὡς
1755 1920 1887 2010 πρὸς

229 2020 327 2074 τὸν
382 2018 593 2091 αἰῶνα.)
655 2020 755 2079 Καὶ
808 2019 923 2078 ἀντὶ
1007 2017 1193 2078 δούλου
1275 2020 1575 2102 ἀχρήστου,
1650 2021 1888 2102 χρηστὸν

228 2104 458 2185 ἀδελφὸν
488 2106 815 2188 ἀπείληφας,
857 2131 885 2165 α
918 2109 1078 2183 Πόσῳ
1106 2106 1161 2165 δὲ
1190 2108 1395 2185 μᾶλλόν
1418 2132 1535 2172 σοι.
1561 2131 1585 2168 ο
1640 2111 1701 2168 Εἰ
1744 2108 1887 2186 ἐμοὶ,

225 2193 420 2272 πολλῷ
452 2194 658 2271 μᾶλλόν
688 2219 797 2279 σοι,
828 2199 916 2255 καὶ
964 2198 1019 2255 ἐν
1062 2211 1187 2263 ταῖς
1231 2212 1522 2275 κοσμικαῖς
1551 2198 1886 2279 ὑπηρεσίαις.

226 2292 399 2345 Τοῦτο
429 2287 531 2365 γὰρ
558 2286 645 2368 τὸ,
679 2285 772 2345 Ἐν
821 2287 994 2368 σαρκί.
1028 2289 1129 2346 Καὶ
1185 2287 1241 2344 ἐν
1293 2300 1419 2354 ταῖς
1475 2301 1883 2365 πνευματικαῖς.

224 2374 401 2434 τοῦτο
428 2374 531 2455 γὰρ
570 2376 656 2450 τὸ,
701 2374 792 2434 Ἐν
836 2376 1028 2456 Κυρίῳ,
1088 2397 1113 2434 α
1148 2379 1209 2434 Εἰ
1260 2376 1350 2435 οὖν
1393 2398 1460 2454 με
1504 2375 1652 2458 ἔχεις
1681 2398 1884 2435 κοινω-

225 2463 341 2524 νόν.
384 2487 412 2521 ι
448 2464 751 2546 Τωτέστιν,
783 2466 829 2521 εἰ
880 2467 949 2523 τὰ
990 2465 1122 2525 αὐτά
1173 2487 1266 2542 μοι
1320 2479 1535 2547 φρονεῖς
1565 2468 1653 2523 καὶ
1681 2464 1882 2543 βούλει.

233 2571 264 2614 ι
296 2548 609 2632 Προσλαόοῦ
655 2555 810 2613 αὐτὸν
864 2554 936 2620 ὡς
990 2553 1111 2630 ἐμέ.
1147 2577 1175 2611 ι
1252 2552 1438 2631 Βαόαὶ,
1512 2555 1606 2612 τοῦ
1635 2554 1887 2634 μεγέθους

226 2649 327 2727 τοῦ
352 2643 618 2721 ῥήματος.
687 2664 712 2700 (ι
759 2641 815 2700 δέ
880 2665 936 2700 τι
1006 2642 1230 2712 ἠδίκησέ
1300 2665 1384 2709 σε,
1436 2667 1462 2700 ι
1541 2645 1649 2703 Οὐκ
1702 2644 1883 2727 εἶπεν,

231 2721 537 2808 ”Εκλεψεν,
597 2729 720 2788 ἀλλ’
794 2732 1144 2810 ὑποτέμνεται
1215 2735 1277 2790 τὸ
1371 2733 1541 2811 ῥῆμα.
1603 2721 1883 2816 Ἠδίκησε,

1970 1925 2176 2007 (unica
2195 1945 2450 2007 namque
2480 1928 2627 1990 hora
2654 1936 2745 1991 est
2786 1928 2938 2009 fugae
2974 1929 3301 2010 tempus.si
3329 1929 3402 1992 ad
3435 1947 3630 1992 saecu-

1972 2016 2095 2077 lum
2121 2016 2413 2095 conferas)
2443 2024 2503 2079 et
2531 2035 2635 2098 pro
2689 2035 2862 2080 servo
2911 2017 3113 2083 inutili
3142 2017 3350 2081 utilem
3380 2019 3626 2081 fratrem

1969 2106 2269 2187 recepisti.
2310 2130 2337 2162 α
2369 2104 2598 2179 Quanto
2629 2115 2828 2169 autem
2862 2107 3050 2186 magis
3098 2105 3230 2172 tibi.
3277 2128 3308 2167 υ
3363 2105 3426 2170 Si
3454 2106 3626 2185 mihi,

1972 2193 2159 2256 multo
2194 2194 2384 2277 magis
2414 2194 2522 2256 tibi
2555 2202 2615 2256 et
2643 2196 2703 2257 in
2734 2195 3055 2258 mundanis
3077 2195 3463 2259 ministeriis:
3491 2214 3629 2258 nam

1934 2352 1943 2361 ,
1971 2282 2085 2345 hoc
2116 2282 2435 2362 signiﬁcat,
2468 2283 2535 2346 In
2565 2302 2745 2347 carne
2773 2304 2789 2345 :
2833 2291 2893 2347 et
2924 2285 2988 2346 in
3018 2283 3430 2364 spiritualibus
3465 2307 3479 2344 :
3512 2285 3629 2349 hoc

1971 2372 2131 2435 enim
2165 2372 2458 2455 designat,
2511 2375 2576 2437 In
2634 2372 2912 2438 Domino.
2948 2392 2979 2435 ‹
3015 2372 3078 2437 Si
3101 2373 3283 2452 igitur
3310 2392 3408 2436 me
3437 2373 3625 2437 habes

1971 2471 2334 2527 consortem.
2374 2488 2400 2520 ››
2434 2465 2560 2527 Ηοο
2592 2471 2703 2539 est,
2751 2463 2803 2525 si
2833 2463 3045 2526 eadem
3088 2481 3326 2526 mecum
3355 2462 3544 2526 sentis
3573 2472 3632 2526 et

1969 2559 2159 2633 optas.
2193 2551 2479 2633 «Suscipe
2497 2551 2670 2615 illum
2691 2559 2974 2633 tanquam
3005 2569 3167 2614 me.»
3194 2551 3390 2633 Papae,
3411 2558 3630 2633 quanta

1967 2639 2134 2703 verbi
2164 2640 2441 2722 dignitas:
2506 2663 2529 2700 α
2566 2640 2736 2714 Quod
2770 2641 2822 2702 si
2850 2641 2994 2723 quid
3026 2642 3235 2723 noquit
3260 2639 3392 2704 tibi.
3435 2664 3460 2698 υ
3496 2638 3631 2703 Non

1966 2728 2117 2791 dixit
2143 2748 2156 2793 :
2190 2730 2440 2793 Furatus
2471 2737 2583 2807 est,
2615 2729 2722 2792 sed
2753 2729 3038 2793 diminuit
3063 2728 3335 2794 verbum.
3389 2726 3626 2810 Nocuit,

230 2823 384 2902 φησὶ,
441 2821 479 2890 ἢ
534 2818 756 2901 ὀφείλει.
811 2829 976 2880 Τοῦτο
1033 2821 1152 2899 ἐμοὶ
1201 2820 1435 2902 ἐλλόγει.
1489 2846 1514 2881 ιι
1581 2824 1735 2889 Εἰκὸς
1785 2823 1886 2904 γὰρ

1975 2817 2180 2900 inquit,
2207 2827 2306 2881 aut
2326 2818 2527 2882 debet.
2561 2840 2591 2880 ι
2614 2822 2744 2883 Hoc
2775 2818 2923 2881 mibi
2944 2818 3197 2900 imputa.
3228 2842 3257 2877 ι
3284 2816 3633 2881 Verisimile

229 2910 301 2978 ἧν
357 2912 542 2975 αἰκῶς
625 2908 1001 2967 καταναλῶσαι
1086 2910 1154 2969 τὰ
1234 2909 1529 2991 κλάπέντα,
1609 2910 1700 2967 καί
1755 2928 1886 2992 φησι

229 3009 401 3059 Τοῦτο
456 2999 574 3076 ἐμοὶ
631 2997 865 3079 ἐλλόγει,
910 2999 1202 3072 τουτέστιν,
1260 2999 1379 3076 ἐμοὶ
1418 3000 1550 3057 αὐτὰ
1576 2998 1787 3080 λόγισαι
1814 3001 1887 3064 εἰς

226 3088 422 3170 χρέος,
453 3090 584 3169 πρὸς
641 3087 738 3165 ἐμὲ
794 3087 893 3169 ’έχε
950 3088 1050 3157 τὴν
1109 3086 1354 3168 ὀφειλήν.
1420 3108 1445 3146 α
1509 3087 1654 3168 Ἐγὼ
1683 3087 1889 3155 Παῦλος

1971 2908 2135 2971 enim
2163 2916 2289 2970 erat
2315 2909 2478 2990 ipsos
2506 2926 2625 2970 una
2654 2908 3101 2989 consumpsisse
3129 2924 3261 2989 quae
3288 2906 3445 2970 furte
3476 2905 3627 2969 sub-

1970 2996 2089 3060 lata
2143 2998 2394 3074 fuerant,
2429 3009 2490 3059 et
2518 2998 2601 3059 ait
2634 3018 2647 3060 :
2682 2998 2809 3060 Hoc
2866 2997 3017 3060 mihi
3058 2996 3308 3078 imputa,
3362 2997 3478 3059 hoc
3508 3005 3621 3073 est,

1968 3089 2197 3150 referas
2220 3087 2367 3149 mihi
2384 3086 2444 3148 in
2468 3085 3082 3168 debitum,adversum
3097 3104 3194 3148 me
3206 3085 3422 3148 habeto
3438 3084 3631 3149 debiti

226 3178 462 3259 ἔγραψα.
498 3199 524 3235 ο
587 3177 736 3234 Μετὰ
792 3178 1013 3258 χάριτος
1078 3176 1441 3254 πνευματικῆς
1499 3176 1754 3259 ἔγραψεν,
1812 3180 1886 3242 ὡς

1975 3178 2288 3240 actionem.
2329 3196 2358 3237 ι
2384 3176 2503 3257 Ego
2529 3175 2754 3240 Paulus
2785 3176 3019 3258 scripsi.
3056 3200 3078 3234 ι
3121 3177 3270 3239 Cum
3300 3175 3489 3255 gratia
3512 3176 3630 3256 spi.

226 3270 273 3326 εἰ
319 3268 474 3329 εἶπε.
514 3267 653 3347 Πρὸς
707 3264 763 3322 δὲ
817 3264 1108 3348 ἀσφάλειαν
1157 3265 1238 3324 ὅτι
1280 3264 1543 3348 ἀποδώσω
1598 3269 1661 3324 τὸ
1695 3266 1881 3348 χρέος,

224 3355 493 3437 ἰδιόχειρα
533 3346 805 3423 πεποίηκα
859 3346 927 3412 τὰ
980 3355 1294 3436 γράμματα.
1375 3374 1405 3414 α
1441 3346 1565 3437 υΙνα
1609 3346 1887 3437 μὴῃλὲγω

224 3468 319 3503 σοι
350 3446 435 3503 ὅτι
462 3445 552 3503 καὶ
593 3445 812 3502 σεαυτόν
857 3466 948 3521 μοι
978 3443 1367 3526 προσοφείλεις.
1410 3467 1436 3504 ι
1493 3436 1621 3504 Ἵνα
1649 3446 1729 3524 μὴ
1760 3444 1884 3523 δόξῃ

226 3537 388 3595 αἰπὺν
455 3531 674 3613 ὑϐρίζειν
747 3531 828 3590 ὅτι
910 3533 1007 3591 οῦκ
1115 3533 1395 3613 ἐθάρρησεν
1488 3535 1620 3616 ὑπὲρ
1675 3534 1883 3605 κλοπῆς

229 3624 440 3683 οἰκέτου
494 3623 551 3680 ἐν
617 3620 882 3702 παῤῥησίᾳ
923 3624 1081 3683 αὐτὸν
1135 3621 1499 3703 παρακαλέσαι
1551 3626 1732 3701 (τοῦτο
1789 3625 1889 3705 γὰρ

228 3714 382 3791 ὠμόν
424 3734 544 3769 τινα
606 3709 802 3769 ἐδείκνυ
857 3714 948 3771 τὸν
1002 3711 1337 3794 Φιλήμονα),
1386 3711 1644 3772 δείκνυσιν
1675 3713 1758 3771 ὅτι
1800 3715 1891 3772 καὶ

227 3801 432 3885 σφόδρα
484 3802 628 3878 αὐτῷ
684 3798 888 3880 θαρρεῖ.
948 3805 1021 3862 Οὒ
1076 3802 1237 3877 μόνον
1294 3803 1416 3884 γὰρ,
1463 3805 1615 3883 φησὶ,
1655 3804 1723 3862 τὰ
1765 3824 1890 3860 σαυ-

227 3903 347 3974 τοῦ,
378 3889 519 3974 ἄλλᾶ
546 3892 636 3949 καὶ
692 3891 884 3948 σωτόν
936 3914 1028 3969 μοι
1083 3891 1473 3973 προσοφείλεις.
1530 3916 1554 3949 α
1603 3894 1703 3952 Ναὶ
1730 3889 1889 3949 ἀδελ-

228 3970 384 4063 φέ.)
416 3970 578 4039 Ἦλθε
604 3978 768 4038 πάλιν
839 3979 946 4038 ἀπὸ
1001 3981 1095 4039 τοῦ
1128 3970 1438 4063 νχαρίὲντος,
1501 3983 1575 4046 εἷς
1629 3983 1689 4039 τὸ
1718 4004 1888 4043 σπου-

226 4072 407 4135 δαῖον.
469 4070 593 4147 Ναὶ,
662 4071 847 4150 φησὶν,
919 4068 1133 4153 ἀδελφέ.
1192 4070 1282 4135 Τίς
1346 4069 1654 4149 Προσλαϐοῦ
1708 4072 1887 4133 αὐτόν.

225 4161 376 4240 Ἐγώ
419 4183 514 4219 σου
558 4159 743 4242 φησὶν,
792 4157 1154 4237 ἀπολαύσαιμι
1200 4158 1255 4215 ἐν
1310 4173 1429 4225 τοῖς
1488 4162 1625 4219 κατᾶ
1667 4161 1892 4241 Χριστὸν

225 4252 565 4331 πράγμασιν,
614 4271 640 4308 ι
676 4247 822 4328 Ἐγώ
868 4271 962 4307 σοτ
1003 4250 1254 4326 ὀναίμην.
1292 4273 1317 4308 ο
1381 4251 1525 4307 Ἀντὶ
1587 4257 1681 4309 τοῦ
1710 4249 1882 4331 Ἄπο-

229 4330 489 4415 λαύσαιμί
515 4361 609 4400 σου
635 4344 741 4396 τῶν
811 4336 865 4395 ἐν
923 4345 1129 4420 Χριστῇ
1197 4340 1646 4420 κατορθωμάτων.
1680 4330 1887 4418 ’Ἱδοιμί

1967 3264 2168 3327 rituali
2187 3265 2451 3348 scripsit,
2471 3284 2541 3327 ac
2561 3264 2611 3326 si
2634 3264 2861 3328 diceret
2885 3286 2899 3324 :
2925 3264 3015 3327 Ad
3051 3265 3439 3327 securitatem
3471 3263 3631 3345 quod

1967 3354 2310 3418 redditurus
2336 3354 2450 3416 sim
2480 3352 2772 3430 debitum,
2802 3353 3042 3435 propria
3071 3371 3251 3416 manu
3289 3353 3397 3415 has
3418 3352 3633 3433 scripsi

1968 3442 2200 3507 litteras
2219 3454 2500 3526 tanquam
2522 3444 2921 3525 syngrapham
2957 3461 3176 3507 meam.
3204 3441 3312 3507 «Ut
3343 3460 3422 3504 ne
3437 3441 3632 3504 dicam

1969 3532 2079 3594 tibi
2101 3532 2258 3615 quod
2289 3533 2544 3614 teipsum
2577 3550 2813 3614 quoque
2856 3531 3004 3594 mihi
3034 3532 3284 3614 insuper
3314 3530 3556 3595 debeas.
3598 3555 3628 3591 ι

1970 3620 2058 3686 Ne
2080 3622 2349 3685 videatur
2384 3622 2629 3703 indigne
2660 3622 2736 3684 de
2763 3621 2870 3685 illo
2900 3622 3148 3696 sentire,
3180 3620 3338 3702 quod
3369 3638 3491 3682 non
3519 3638 3632 3682 au-

1973 3712 2111 3775 deat
2141 3710 2331 3773 libero
2362 3711 2562 3793 ipsum
2624 3709 2858 3792 precari
2893 3710 2970 3771 de
2999 3708 3358 3772 remissione
3386 3708 3529 3771 furti
3556 3707 3631 3770 ab

1972 3800 2161 3883 ipsius
2173 3818 2342 3864 servo
2369 3799 2675 3863 commissi
2698 3798 2859 3880 (nam
2882 3799 2997 3860 hoc
3009 3798 3315 3861 crudelem
3338 3797 3634 3878 quodam-

1976 3890 2153 3953 modo
2182 3889 2626 3951 demonstraret
2669 3886 3134 3968 Philemonem),
3180 3885 3441 3948 ostendit
3472 3884 3633 3967 quod

1972 3980 2359 4043 vehementer
2388 3979 2464 4040 de
2485 3978 2621 4059 ipso
2679 3976 2962 4039 conﬁdat.
2997 3976 3128 4039 Non
3159 3974 3376 4049 solum,
3410 3973 3632 4055 inquit,

1974 4088 2108 4163 quae
2134 4077 2235 4163 tua
2263 4076 2424 4147 sunt,
2457 4067 2561 4163 sed
2593 4074 2652 4129 et
2681 4066 2937 4163 teipsum
2980 4064 3404 4163 mihiinsuper
3421 4063 3633 4126 debes.

1980 4152 2146 4224 mea
2172 4160 2375 4223 frater.
2413 4183 2440 4215 ι)
2476 4156 2740 4219 Rursum
2771 4154 2845 4217 ab
2894 4174 2968 4218 eo
3002 4153 3161 4236 quod
3192 4152 3516 4234 gratiosum
3548 4170 3639 4222 est

1966 4248 2200 4313 accedit
2221 4248 2293 4311 ad
2316 4248 2378 4310 id
2400 4246 2559 4330 quod
2584 4246 2807 4309 serium
2830 4254 2943 4308 est.
2978 4244 3133 4322 «Nae,
3157 4242 3588 4324 inquit,frater.
3603 4265 3629 4301 ι

1968 4340 2153 4415 Quid?
2169 4339 2420 4419 Suscipe
2436 4339 2657 4419 ipsum.
2681 4336 2921 4418 Capiam
2953 4354 3023 4398 ex
3060 4346 3121 4398 te
3152 4332 3535 4396 commodum
3567 4332 3633 4395 in

232 4450 298 4487 σε
341 4427 664 4487 πλουτοῦντα
691 4426 747 4484 ἒν
791 4426 957 4485 ἅπασι
1025 4442 1146 4494 τοῖς
1202 4442 1588 4506 πνευματικοῖς
1634 4429 1884 4510 ἀγαθοῖς.

1975 4430 2156 4495 rebus
2184 4448 2315 4512 quae
2344 4427 2677 4492 secundum
2709 4426 3013 4490 Christum
3044 4431 3221 4512 sunt.
3245 4446 3273 4480 α
3294 4421 3495 4512 Fruar
3522 4439 3632 4512 ego

239 4542 272 4574 α
320 4516 650 4577 ’Λνᾶπωσόν
676 4539 779 4595 μου
831 4518 901 4574 τὰ
927 4516 1239 4601 σπλάγχνα.
1288 4503 1346 4575 ››”
1392 4503 1727 4577 Ἀνάπαυσόν
1756 4542 1883 4599 μου,

1975 4528 2052 4584 te.
2089 4545 2117 4578 ››
2153 4503 2279 4582 Hoc
2306 4526 2425 4600 est,
2455 4516 2723 4580 delecter
2778 4514 2896 4577 tuis
2955 4511 3259 4595 praeclaris
3288 4510 3352 4572 in
3378 4509 3636 4601 Domino

236 4610 397 4689 φησὶ,
429 4610 528 4677 τὴν
558 4609 676 4689 περὶ
702 4612 763 4668 σὲ
796 4603 1013 4686 ἀγάπην
1052 4606 1139 4665 διὰ
1194 4608 1286 4666 τὸν
1320 4608 1572 4688 Χριστόν.

1970 4608 2277 4692 operibus.
2314 4596 2564 4669 Videam
2590 4623 2697 4684 ego
2722 4612 2781 4666 te
2803 4604 3202 4692 ditescentem
3228 4597 3512 4661 omnibus
3532 4596 3640 4660 bo-

235 4697 339 4760 nis
377 4696 803 4780 spiritualibus.
844 4722 873 4755 α
907 4695 1204 4761 Refocilla
1236 4713 1373 4758 mea
1399 4695 1655 4776 viscera,
1695 4721 1720 4759 υ
1754 4690 2068 4776 Refocilla,
2124 4697 2338 4780 inquit,
2400 4712 2595 4758 meam
2655 4711 2797 4774 erga
2853 4699 2911 4755 te
2962 4690 3353 4756 dilectionem
3384 4693 3630 4768 propter

232 4785 537 4852 Christum
570 4809 585 4851 :
619 4789 942 4867 nonmihi,
971 4788 1077 4866 ait,
1110 4786 1356 4869 gratiam
1382 4794 1698 4869 praestans,
1732 4791 1837 4853 sed
1869 4789 2123 4857 Christo.

326 4899 352 4934 ο
388 4880 663 4945 Πεποιθὼς
704 4887 775 4959 τῇ
855 4883 1068 4955 ὑπακοῇ
1150 4900 1247 4949 σου
1306 4875 1523 4959 ,ἔγραψά
1573 4900 1679 4954 σοι,
1746 4879 1894 4950 εἰδὼς

232 4967 324 5026 ὅτι
354 4969 445 5025 καὶ
472 4968 604 5049 ὑπὲρ
659 4970 689 5026 ὃ
744 4955 889 5051 λέγω
955 4969 1227 5040 ποιήσεις.
1302 4955 1465 5044 ςἈἷμα
1519 4964 1575 5024 δὲ
1628 4971 1719 5027 καὶ
1748 4971 1892 5029 ἑτοί-

225 5057 372 5138 μαζᾶ
399 5080 493 5135 μοι
576 5058 768 5125 ξενίαν.
826 5059 1060 5132 Ἐλπίζω
1113 5057 1215 5138 γὰρ
1270 5053 1352 5113 ὅτι
1406 5054 1494 5115 διὰ
1562 5061 1667 5115 τῶν
1719 5080 1894 5139 προσ-

229 5154 418 5229 ωχῶν
526 5148 675 5225 ὑμῶν
777 5149 1178 5230 χαρισθήσομαι
1301 5146 1455 5222 ὑμῖν.
1543 5141 1897 5219 Ἀσπάζονταί

228 5257 300 5294 σε
370 5234 673 5319 Ἐπαρφρᾶς
732 5240 762 5296 ὁ
837 5234 1285 5319 συναιχμάλωτός
1383 5257 1485 5311 μου
1569 5234 1625 5291 ὲν
1683 5242 1897 5317 Χριστῷ

231 5323 446 5407 Ἰησοῦ,
530 5327 772 5409 Μάρκος,
872 5326 1244 5409 Ἀρίσταρχος,
1348 5330 1561 5401 Δημᾶς,
1659 5329 1889 5403 Λουκᾶς,

887 5408 950 5476 Ἦ
1035 5416 1196 5497 χάρις
1278 5413 1372 5471 τοῦ
1456 5413 1644 5494 Κυρίου
1735 5417 1893 5494 ἡμῶν

232 5505 423 5573 ἰησοῦ
516 5508 747 5587 Χριστοῦ
838 5506 974 5584 μετὰ
1088 5505 1183 5561 τοῦ
1302 5503 1603 5579 πνεύματος
1719 5506 1890 5582 ὑμῶν,

231 5594 441 5672 ’Δμην,
475 5619 505 5654 ι

327 5704 358 5747 (
382 5687 681 5753 Πεποιθώς.
719 5710 750 5744 ι
827 5690 934 5746 Οὔκ
981 5684 1123 5762 ἐμοὶ,
1155 5684 1308 5764 φησὶ,
1370 5682 1468 5750 τὴν
1524 5682 1685 5764 χάριν
1716 5681 1891 5761 δίδως,

2056 4878 2198 4940 509
2219 4878 2391 4939 Vers.
2417 4871 2639 4937 21-25.
2692 4870 2971 4950 Conﬁsus
3018 4870 3092 4932 de
3136 4875 3245 4932 tua
3294 4863 3640 4930 obedientia

1973 4972 2194 5052 scripsi
2213 4968 2548 5044 tibi,sciena
2565 4964 2725 5046 quod
2747 4965 2933 5027 etiam
2946 4965 3124 5026 ultra
3143 4977 3333 5052 quam
3344 4959 3481 5052 dico
3508 4957 3642 5037 fac-

1978 5048 2153 5125 turus
2169 5058 2418 5123 sis.Sim
2428 5056 2492 5118 ut
2503 5061 2706 5117 autem
2730 5058 2913 5116 etiam
2944 5068 3235 5134 prcepara
3248 5049 3404 5112 mihi
3424 5048 3638 5128 hospi-

1981 5156 2158 5214 tium.
2184 5147 2380 5230 Spero
2393 5147 2557 5208 enim
2580 5143 2745 5225 quod
2768 5141 3010 5205 auxilio
3029 5156 3276 5221 precum
3296 5146 3645 5230 vestrarum

1976 5226 2251 5304 donabo;
2276 5234 2763 5301 vobis.Salutant
2787 5238 2844 5295 te
2884 5230 3219 5312 Epaphras
3256 5226 3646 5308 concaptivus

1976 5346 2141 5392 meus
2153 5333 2217 5389 in
2238 5325 2487 5389 Christo
2505 5323 2676 5399 Iesu;
2698 5317 3643 5397 Marcus,Aristarchus,l)emas,

1977 5421 2168 5481 Lucas
2203 5416 2514 5496 adiutores
2565 5410 2932 5474 mei.Gra.ia
2981 5410 3231 5473 Domini
3270 5405 3473 5470 nostri
3500 5404 3648 5468 Jesu

1980 5506 2207 5571 Christi
2233 5505 2312 5568 sit
2341 5519 2477 5566 cum
2504 5501 2728 5582 spiritu
2757 5506 2980 5563 vestro.
3014 5498 3233 5562 Amen.

2066 5706 2092 5743 ι
2117 5685 2408 5752 Conﬁsus.
2435 5701 2464 5743 ι
2501 5677 2632 5744 Non
2652 5676 2823 5754 mihi,
2858 5678 3076 5760 inquit,
3101 5676 3218 5739 hoc
3247 5679 3480 5754 gratum
3503 5667 3651 5731 facis
