4132 6414
315 363 445 430 .273
1408 368 1807 436 comam.
1852 369 1937 435 IN
1979 365 2225 433 amsr.
2269 365 2373 432 an
2415 359 2650 434 Hann.
3605 345 3734 434 τοι

327 505 455 558 πᾶσι
513 514 634 566 τοϊς
704 500 891 580 ἔθνεσι,
969 505 1154 584 γράφει
1238 503 1422 562 λοιπον
1505 503 1595 560 καὶ
1686 504 1790 572 τὴν
1846 525 1993 585 περι·

2090 502 2402 585 scripis’s’et,
2433 501 2703 567 Hebraeis
2753 507 2988 585 quaque
3017 503 3123 585 qui
3151 505 3239 590 ex
3267 501 3732 590 circumcisione

329 595 502 666 τομῆς
557 591 897 650 πιστεύσασιν
983 591 1285 674 Ἐμϐραίοις
1353 590 1730 661 ἆποδεικτικὴν
1792 595 1987 663 ταύτην

2090 591 2449 655 :rediderant
2505 601 2713 674 postea
2769 592 2983 656 scribit
3029 593 3183 676 hanc
3213 595 3332 676 qu‘a
3380 593 3495 656 'eds
3524 589 3736 656 deceat

327 677 638 754 ἐπιστολὴν,
673 683 791 762 περὶ
846 685 945 752 τῆς
1002 693 1095 742 τοῦ
1179 693 1392 764 χριστοῦ
1436 681 1724 763 παρουσίας
1779 683 1868 741 καὶ
1896 689 1988 741 τοῦ

2090 681 2415 772 ἒρὶειοιοιιι,
2448 700 2565 764 qua
2595 683 2911 772 Christum
2930 675 3202 746 declarat"
3219 683 3489 772 venisse;
3503 678 3732 772 'ét'ul‘n-

330 774 630 827 πεπαῦσθαι
688 772 788 840 τὴν
861 772 1014 830 σκιὰν
1070 779 1165 830 τοῦ
1213 775 1403 849 νόμου.
1464 773 1562 832 Καὶ
1617 776 1829 852 πρῶτον
1890 772 1986 849 μὲν

2090 789 2240 833 ποίη
2263 771 2410 852 legis
2434 771 2804 834 cessasse.Et
2823 771 3084 854 primum
3097 772 3342 854 quidem
3355 769 3740 836 demonstrat

329 857 662 916 ἀποδείκνυσι
729 863 853 928 τοὺς
910 864 1183 945 προφήτας
1254 861 1338 919 διὰ
1407 869 1562 920 τοῦτο
1634 861 1982 936 ἀπεστάλθαι,

2090 868 2386 941 ποριοτοει
2419 859 2637 923 missos
2653 860 2838 923 fuisse
2861 860 3190 943 prophetas
3205 861 3737 926 et'anhunti'ator‘es

329 950 425 1005 ’ἱνα
466 951 584 1029 περὶ
624 959 719 1010 τοῦ
757 957 1006 1028 Σωτῆρος
1061 950 1446 1031 ἀπαγγείλωσι,
1505 952 1594 1008 καὶ
1648 948 1768 1027 μετ’
1798 953 1987 1016 αὐτοὺς

2090 949 2358 1012 idventus
2419 949 2629 1032 ipsius,
2671 951 2890 1032 lipsu'm
2939 949 3080 1014 vero
3131 951 3434 1016 Christum
3464 970 3599 1032 esse
3629 949 3738 1016 Dei

333 1037 491 1102 αὗτὸς
548 1037 698 1117 ἔλθῃ,
755 1037 969 1107 δούλους
1050 1061 1110 1098 τε
1166 1042 1308 1098 εἶναι
1377 1040 1500 1106 τοὺς
1553 1041 1831 1121 προφήτας
1899 1042 1988 1098 καὶ

2090 1038 2325 1115 iilium,
2335 1056 2442 1121 per
2465 1053 2644 1121 quem
2665 1039 2870 1103 omnia
2889 1039 3044 1103 facta
3066 1043 3230 1104 sunt.
3266 1039 3558 1123 Quodque
3575 1041 3738 1104 hunc

333 1128 571 1202 μηνυτὰς
615 1134 714 1197 τῆς
743 1131 901 1187 αὑτοῦ
950 1130 1257 1210 παρουσίας,
1317 1129 1475 1188 αὐτὸν
1529 1127 1584 1187 δὲ
1640 1131 1734 1187 τὸν
1763 1130 1988 1211 Χριστόν

2090 1127 2287 1191 ῗὶιίιιιῐι
2347 1128 2609 1210 oportuit
2650 1129 2796 1193 'tl'eri
2859 1129 3192 1207 hominem,
3246 1129 3736 1213 'utp‘ér'hoStiam

338 1217 458 1272 Πὸν
486 1217 629 1274 εἶναι
686 1226 841 1300 Θεοῦ,
901 1216 969 1277 δι’
1025 1223 1088 1278 οὗ
1126 1221 1192 1278 τὰ
1246 1219 1421 1276 πάντα
1481 1217 1670 1299 γέγονε
1705 1235 1721 1250 ⁵
1779 1220 1868 1276 καὶ
1907 1217 1987 1276 ὅτι

2090 1217 2339 1298 :orporis
2368 1217 2461 1281 sui
2518 1218 2753 1282 deleret
2787 1225 3091 1284 mortem.
3151 1219 3360 1301 Neque
3397 1220 3581 1283 "enim
3618 1221 3738 1302 'p‘er

334 1314 521 1365 τοῦτον
548 1308 640 1364 τὸν
671 1310 791 1365 Υἰὸν
833 1305 935 1366 ἔδει
974 1308 1244 1388 ἄνθρωπον
1277 1307 1541 1390 γενέσθαι,
1600 1307 1694 1365 ’ίνα
1735 1307 1836 1365 ’διὰ
1888 1314 1988 1376 τῆς

2090 1307 2420 1388 ιοηευίηοιη
2448 1308 2615 1370 vituli
2645 1317 2745 1371 aut
2798 1309 2978 1389 hirci,
3023 1309 3146 1372 is'ed
3178 1309 3734 1393 'p‘er'Chi'isti'san-

333 1397 430 1452 τοῦ
455 1396 702 1473 σώματος
773 1397 932 1456 αὐτοῦ
987 1399 1164 1463 θδσίας
1220 1400 1534 1478 καταργήσῃ
1591 1399 1686 1456 τὸν
1741 1399 1985 1462 θάνατον,

2090 1396 2314 1476 guinem
2350 1397 2546 1460 futura
2566 1407 2703 1460 erat
2761 1398 3040 1462 omnibus
3076 1399 3268 1463 'salus.
3321 1397 3598 1465 Ostendit
3613 1400 3732 1462 1au-

337 1485 412 1542 Οὔ
439 1486 540 1565 γὰρ
569 1484 635 1542 δι’
693 1485 926 1564 αἵματος
982 1490 1193 1568 μόσχου
1249 1490 1286 1556 ἢ
1341 1487 1559 1567 τράγου,
1620 1485 1757 1544 ἀλλὰ
1794 1485 1862 1543 δι’
1891 1484 1989 1544 αἵ-

2090 1506 2191 1548 ;cm
2223 1487 2383 1568 quod
2417 1488 2510 1550 lex
2556 1487 2865 1551 neminem
2925 1489 3264 1569 perfecerit,
3298 1489 3405 1554 sed
3447 1489 3734 1553 umbram

337 1592 507 1648 ματος
536 1581 786 1657 Χριστοῦ,
843 1576 1050 1635 ἔσεσθαι
1119 1591 1238 1642 τοῖς
1292 1576 1590 1657 ἀνθρώποις
1645 1576 1746 1644 τὴν
1801 1597 1987 1644 σωτη-

2090 1575 2330 1638 labebat
2355 1576 2690 1640 futurorum
2739 1577 3058 1642 bonorum.
3097 1579 3256 1642 5‘12
3286 1577 3406 1643 Nec
3438 1579 3736 1663 requievit

327 1664 466 1741 ρίαν.
512 1661 871 1724 Ἀποδείκνυσι
913 1666 968 1723 δὲ
995 1666 1076 1725 ὅτι
1117 1669 1146 1724 6
1215 1665 1378 1743 νόμος
1433 1664 1618 1724 οὐδένα
1649 1663 1989 1742 ἐτελείωσεν,

2090 1666 2326 1748 )οριιΙιιε
2353 1666 2657 1744 Judaicus,
2685 1668 2798 1729 ’sed
2829 1669 3230 1733 communiter
3258 1661 3547 1734 omnibus
3561 1668 3736 1732 nobis

336 1751 476 1809 ἀλλᾶ
532 1755 684 1814 σκιὰν
737 1757 866 1838 εἶχε
944 1764 1052 1815 τῶν
1109 1755 1413 1834 μελλόντων
1482 1756 1714 1838 ἂγαθῶν,
1772 1757 1860 1814 καὶ
1930 1758 1990 1813 οὐ

2090 1755 2315 1854 ‘elictus
2385 1763 2477 1854 est
2543 1756 2674 1819 dies
2717 1757 2958 1854 quietis.
3017 1759 3311 1854 Praeterea
3359 1758 3739 1854 demonstrat

335 1841 671 1902 κατέπαυσεν
701 1847 729 1903 6
772 1846 927 1920 λαὸς,
977 1846 1114 1904 ἀλλὰ
1195 1847 1350 1914 κοινή
1410 1851 1570 1903 πᾶσιν
1619 1847 1754 1922 ἡμῖν
1785 1843 1986 1903 ἀπολέ-

2090 1844 2465 1927 etiamquod
2525 1847 2895 1910 sacerdotale
2939 1848 3357 1912 ministerium
3413 1847 3486 1911 ab
3535 1847 3738 1912 Aaron

337 1929 552 1991 λειπται
581 1934 756 2014 ἡμέρα
805 1943 904 2005 τῆς
963 1937 1368 1999 καταπαύσεως,
1429 1934 1595 1992 Πάλιν
1649 1933 1706 1990 δὲ
1774 1931 1994 1992 ἀποδεί-

2090 1934 2424 1996 translatum
2481 1935 2560 2000 sit
2615 1935 2677 1998 in
2735 1935 3034 2000 Christum
3077 1958 3092 2000 :
3143 1939 3317 2019 cujus
3363 1937 3558 2017 ﬁgura
3615 1944 3742 2000 erat

337 2041 521 2107 κνυσιν
579 2021 661 2080 ὅτι
717 2026 752 2093 ἡ
809 2024 1157 2106 ἀρχιερατικὴ
1227 2023 1522 2103 λειτουργία
1579 2021 1834 2100 μετετέθη
1888 2023 1994 2080 ἀπὸ

2090 2023 2546 2101 Melchisedech,
2578 2026 2678 2107 qui
2711 2045 2831 2088 non
2871 2026 3265 2091 descenderat
3296 2046 3367 2090 ex
3394 2027 3557 2090 Lev‘i.
3587 2025 3739 2090 Fide

339 2106 548 2190 Ἀαρὼν
578 2115 650 2178 είς
692 2115 783 2171 τὸν
828 2117 1075 2194 Χριστὸν,
1125 2115 1184 2172 οὖ
1208 2116 1373 2178 τύπος
1428 2113 1494 2182 ἧν
1550 2115 1579 2170 6
1637 2109 1992 2193 Μελχισεδὲκ,

2090 2132 2318 2195 quoque
2337 2106 2688 2194 justificatos
2718 2115 2901 2178 fuisse
2931 2123 3130 2198 patres
3180 2115 3497 2197 signiﬁcat,
3533 2117 3740 2179 etnon

337 2202 436 2257 οὒκ
493 2201 568 2258 ὢν
619 2203 680 2260 ἐκ
735 2215 828 2264 τοῦ
896 2206 1039 2268 Λευί,
1098 2206 1275 2262 Πίστει
1346 2202 1399 2260 δὲ
1455 2201 1817 2260 δεδικαιῶσθαι
1873 2203 1995 2266 τοὺς

2090 2220 2150 2264 ex
2180 2203 2464 2284 operibus
2484 2204 2652 2283 legis.
2689 2203 2920 2268 Deinde
2967 2205 3074 2268 ubi
3105 2207 3214 2268 bus
3239 2206 3415 2269 etiam
3449 2206 3523 2268 ad
3547 2205 3740 2268 bonos

337 2289 573 2371 πατέρας
614 2295 882 2369 σημαίνει,
966 2296 1055 2352 καὶ
1109 2298 1206 2354 οὐκ
1266 2293 1317 2359 ἐξ
1375 2292 1545 2373 ἔργων
1608 2291 1797 2368 νόμου.
1856 2292 1995 2351 Εἶτα

2090 2301 2277 2346 mores
2306 2285 2646 2348 exhortatus
2669 2293 2780 2362 est,
2812 2294 2871 2348 et
2891 2287 3334 2349 commendavit
3356 2285 3736 2349 tolerantiam

338 2380 504 2440 πάλιν
564 2383 637 2447 εἰς
705 2384 772 2440 τὰ
843 2383 945 2452 ἤθη
993 2371 1423 2464 προτρεψάμενος
1453 2371 1567 2438 καὶ
1624 2381 1858 2462 τούτους,
1908 2381 1996 2437 καὶ

2090 2373 2347 2464 ipsorum
2373 2383 2616 2457 propter
2631 2373 2958 2452 Christum,
2979 2376 3296 2459 suasitque
3317 2373 3741 2441 ut'seniorihus

339 2467 732 2546 ἀποδεξάμενος
764 2472 935 2530 αὐτῶν
991 2474 1093 2542 τὴν
1157 2470 1244 2528 διὰ
1301 2471 1524 2551 Χριστὸν
1576 2471 1874 2550 ὑπομονὴν,
1907 2471 1994 2526 καὶ

2090 2461 2386 2526 deferrent
2407 2464 2720 2543 honorem,
2755 2465 3425 2551 concluditepistolam.

339 2559 530 2626 πείσας
575 2567 736 2638 τιμᾷν
783 2563 904 2628 τοὺς
972 2561 1378 2643 πρεσϐυτέρους,
1421 2559 1622 2618 τελειοϊ
1661 2560 1763 2628 τὴν
1831 2557 1994 2619 Ἐπι-

339 2647 564 2719 στολήν,

853 2749 1187 2802 mosi-32:12
1211 2745 1430 2800 ἘΤΕΡΑ
1445 2789 1460 2803 .
2493 2731 2721 2797 ALIUD
2762 2731 3315 2802 ARGUMENTUM.

425 2831 560 2905 Πρὸς
637 2818 903 2912 Ἐϐραίους
947 2831 1264 2905 Ἐπιστολὴ,
1349 2827 1500 2886 δοκεῖ
1543 2827 1641 2906 μὲν
1701 2830 1795 2887 οὐκ
1848 2827 1991 2884 εἶναι

2090 2910 2108 2912 Ὰ
2158 2819 2418 2912 Epistola
2445 2822 2518 2884 ad
2567 2821 2850 2887 Hebrams
2897 2825 3134 2888 videtur
3167 2825 3415 2908 quidem
3448 2829 3569 2887 non
3601 2825 3738 2888 esse

344 2919 576 3000 Παύλου,
623 2919 706 2977 διὰ
733 2910 804 2978 -τε
847 2923 938 2978 τὸν
966 2924 1306 3002 χαρακτῆρα,
1367 2920 1456 2976 καὶ
1511 2919 1574 2975 τὸ
1640 2918 1718 2993 μὴ
1749 2916 1992 2996 προγρά-

2090 2910 2264 2987 Pauli,
2299 2919 2420 2974 tum
2449 2921 2694 2995 propter
2722 2913 3027 2977 scribendi
3051 2914 3400 2993 dictionem,
3432 2921 3555 2978 tum
3579 2913 3739 2997 quod

342 3028 462 3086 φειν
490 3011 562 3075 ὡς
594 3010 649 3067 ἐν
693 3011 921 3076 ἁπάσαις
991 3023 1115 3075 ταῖς
1174 3008 1359 3074 ἄλλαις
1405 3005 1771 3084 Ἐπιστολαῖς,
1817 3007 1906 3062 καὶ
1934 3007 1994 3062 τὸ

2090 3021 2251 3063 suum
2310 3020 2430 3063 non
2487 3004 2806 3084 praefixerit
2861 3023 3104 3086 nomen,
3139 3005 3644 3087 quemadmodum
3673 3005 3740 3066 in

344 3095 546 3178 λέγειν,
613 3122 641 3154 α
671 3107 794 3165 Πῶς
852 3102 1017 3176 ἡμεῖς
1071 3097 1437 3182 ἐκφεάώμεθα
1491 3095 1819 3165 τηλικαύτης
1869 3093 1998 3171 ἆμε-

2080 3090 2309 3154 caeteris
2335 3092 2614 3155 omnibus
2642 3093 2965 3176 Epistolis:
2993 3101 3124 3157 tum
3148 3094 3309 3178 quod
3331 3093 3510 3159 dicat:
3543 3093 3742 3168 «Quo-

346 3186 611 3259 λήσαντες
666 3193 954 3274 σωτηρίας,
999 3196 1036 3266 ἥ
1093 3180 1175 3258 τις
1226 3192 1402 3273 ἀρχὴν
1446 3188 1678 3248 λαϐοῦσα
1721 3187 1995 3274 λαλεῖσθαι

2090 3180 2258 3243 modo
2291 3181 2642 3261 effugiemus
2690 3183 2793 3266 qui
2821 3191 3043 3247 tantam
3071 3183 3441 3274 negleximus
3463 3183 3738 3274 salutem,

343 3280 452 3336 ὑπὸ
481 3289 574 3339 τοῦ
607 3285 791 3364 Κυρίου
822 3273 919 3340 διὰ
942 3273 947 3274 ⁷
974 3287 1080 3340 τῶν
1127 3282 1464 3342 ἀκουσάντων
1532 3281 1606 3345 εἷς
1663 3281 1808 3355 ἡμᾶς
1876 3273 1999 3333 ἐϐε-

343 3365 578 3445 ϐαιώθη,
652 3380 1224 3454 συνεπιμαρτυροῦντος
1265 3378 1357 3428 τοῦ
1421 3377 1554 3428 Θεοῦ
1625 3368 1868 3444 σημείοις
1914 3367 2002 3422 καὶ

342 3460 553 3540 τέρασι.
593 3484 617 3520 ι
645 3473 748 3522 Τοῦ
803 3464 902 3540 μὲν
929 3463 1019 3521 οὗν
1067 3460 1340 3542 ἠλλάχθαι
1394 3460 1486 3516 τὸν
1538 3463 1862 3542 χαρακτῆρα
1903 3461 2001 3523 τῆς

345 3539 696 3623 Ἐπιστολῆς,
733 3539 930 3633 φανερὰ
986 3554 1020 3621 ἡ
1063 3539 1254 3615 αἰτίας
1292 3552 1427 3630 Πρὸς
1496 3539 1597 3628 γάρ
1642 3539 1908 3627 Ἐϐραίους
1934 3552 2004 3622 τῇ

343 3645 494 3720 σφῶν
552 3639 812 3716 διαλέκτῳ
868 3655 1157 3723 γραφεῖσα,
1235 3639 1450 3719 ὕστερον
1519 3640 2003 3717 μεθερμηνευθῆναι

342 3727 582 3808 λέγεται,
617 3732 691 3795 ὡς
751 3730 847 3807 μέν
903 3752 1042 3796 τινες
1086 3731 1188 3787 ὑπὸ
1257 3735 1458 3808 Λουκᾶ,
1521 3729 1594 3793 ὡς
1651 3724 1707 3783 δὲ
1738 3728 1786 3781 οἱ
1815 3723 2005 3783 πολλοὶ

343 3821 451 3877 ὑπὸ
526 3819 859 3896 Κλήμεντος.
913 3821 1108 3880 Τούτου
1149 3821 1250 3900 γὰρ
1326 3820 1415 3876 καὶ
1469 3818 1624 3889 σώζει
1667 3817 1758 3872 τὸν
1826 3837 2002 3895 χαρα-

341 3932 544 3988 κτηρα.
580 3921 681 3972 Τοῦ
708 3909 762 3968 δὲ
792 3913 871 3989 μὴ
923 3911 1246 3992 προγράφειν
1274 3910 1371 3978 τὴν
1394 3903 1718 3992 Ἐπιστολὴν
1746 3911 2000 3979 τοῦνομα,

343 3985 526 4057 αἴτιον
557 4003 591 4070 ἡ
641 3985 978 4064 ἀκολουθία..
1010 3985 1336 4063 ’Ᾰπόστολος
1409 3998 1510 4077 γὰρ
1540 3985 1732 4052 ’ἐθνῶν
1762 3995 2008 4074 ὑπῆρχεν

344 4094 373 4147 6
437 4090 672 4172 Παῦλος,
731 4088 852 4149 ἀλλ’
926 4091 1050 4172 οὒχὶ
1105 4088 1390 4166 Ἰουδαίων,
1453 4087 1566 4144 ἐπεὶ
1619 4082 1790 4156 δεζιὰς
1845 4081 2007 4139 ἔδωκε

343 4187 426 4254 τῷ
457 4179 640 4259 Πέτρῳ
662 4183 750 4238 καὶ
793 4193 912 4245 τοῖς
969 4179 1288 4244 ἀποστόλοις
1361 4173 1665 4246 κοινωνίας,
1724 4172 1819 4229 ἵνα
1850 4172 2007 4235 αὐτὸς

352 4269 454 4344 μὲν
483 4271 574 4325 σὺν
606 4268 846 4350 Βαρνάϐᾳ
888 4271 962 4336 εἷς
1017 4269 1084 4326 τὰ
1131 4267 1264 4344 ἔθνε,
1325 4270 1372 4324 οἱ
1428 4264 1483 4323 δὲ
1539 4263 1658 4343 περὶ
1680 4262 1772 4318 τὸν
1814 4259 2009 4340 Πέτρον

356 4360 432 4422 εἷς
471 4361 568 4428 τὴν
600 4363 950 4441 περιτουμήν.
993 4357 1216 4427 Ἐπειδὴ
1257 4357 1310 4415 δὲ
1367 4356 1613 4414 κοινωνία
1655 4353 1716 4409 τὸ
1744 4350 2005 4441 κέρυγμα,

357 4450 447 4504 καὶ
471 4440 870 4530 κατηχηθέεηες
939 4451 1190 4529 ὑπῆρχον
1231 4451 1278 4505 οἱ
1309 4447 1359 4514 ἕξ
1402 4443 1665 4504 Ἰωδαίων
1735 4443 1810 4504 ὡς
1864 4440 2006 4530 ἀπο-
2031 4480 2074 4530 D

362 4559 578 4595 στασιαν
618 4529 855 4596 διδάσκει
961 4537 1193 4611 Παῦλος,
1293 4538 1510 4600 εἰκότως
1609 4538 1700 4588 τοῦ
1757 4529 2008 4610 γνωρίσαι

360 4625 521 4704 χάριν
568 4649 667 4694 την
738 4629 1070 4709 συμφωνίαν,
1145 4618 1402 4706 Ἐϐραίοις
1474 4617 1812 4709 ἐπιστέλλει,Δ
1868 4617 2008 4696 Γρά-

356 4737 523 4793 φοντα
579 4714 634 4772 δὲ
689 4718 820 4795 πρὸς
859 4699 1114 4793 τούτους,
1165 4715 1484 4795 προγράφειν
1569 4699 1892 4767 Ἀπόστολον
1941 4711 2011 4795 ,οῦ

352 4803 529 4879 θέμις.
571 4793 922 4885 Μαρτυρετται
963 4803 1139 4863 δὲκαὶ
1180 4793 1233 4862 ἐν
1303 4793 1422 4869 τοῖς
1481 4800 1602 4869 ἑξῆς
1645 4801 1680 4868 ἡ
1714 4793 2010 4885 Ἐπιστολὴ

349 4884 671 4974 ὑπάρχουσα
726 4893 936 4953 Παύλου
977 4902 1056 4970 τῷ
1084 4895 1322 4976 γράφειν,
1369 4890 1451 4948 ὅτι
1507 4891 1740 4952 καὶτοῖς
1798 4884 2010 4976 δεσμοις

351 5006 457 5058 μου
490 4985 912 5053 συνεπαθήσατε.
951 5007 979 5039 α
1015 4974 1203 5042 Καὶνέκ
1256 4990 1350 5040 τοῦ
1406 4979 1605 5059 λέγειν,
1637 4974 2012 5056 Περισσότερον

353 5072 575 5152 εὔχεσθε
603 5074 698 5129 ’ἱνα
727 5073 921 5153 τάχιον
991 5073 1412 5131 ἀποκατασταθῶ
1451 5071 1580 5145 ὑμῖν
1612 5087 1641 5126 ι
1705 5065 1794 5122 καὶ
1820 5063 1896 5153 ἐκ,
1921 5069 2013 5120 τοῦ

355 5161 535 5239 λέγειν
571 5207 584 5220 .
653 5182 678 5218 ι
710 5152 1002 5220 Γινώσκετε
1030 5163 1120 5218 τὸν
1146 5161 1370 5243 ἀδελφὸν
1411 5161 1559 5236 ὑμῶν
1593 5157 1847 5232 Τιμόθεον
1881 5152 2012 5210 ἀπο-

355 5249 664 5327 λελυμένον,
700 5249 816 5328 μεθ’
839 5255 922 5327 οὗ,
955 5253 1044 5310 ἐὰν
1071 5253 1262 5332 τάχιον
1294 5250 1545 5331 ἔρχηται,
1575 5246 1778 5322 ὅψομαι
1807 5245 2007 5332 ὑμᾶς.)

359 5339 540 5405 Οὐδεὶς
583 5342 682 5421 γὰρ
731 5342 796 5397 ἃν
853 5344 1010 5416 οἶμαι
1081 5331 1338 5398 ἀπέλυσεν
1413 5339 1486 5401 εἰς
1536 5334 1796 5393 διακονίαν
1825 5331 2011 5421 ,Τιμό-

355 5433 498 5510 θεον,
545 5432 589 5488 εί
640 5420 718 5507 μὴ
765 5429 996 5495 Παῦλος,
1044 5431 1144 5488 Καὶ
1191 5439 1378 5488 τοῦτον
1429 5427 1624 5506 τάχιον
1681 5420 2006 5503 προσδοκῶν,

353 5520 455 5588 ﬁt:
479 5517 608 5577 ἰδίαν
649 5525 863 5596 αὐτοῖς,
910 5521 983 5584 ὡς
1039 5517 1154 5584 ἔθος
1211 5515 1492 5598 πολλαχοῦ
1559 5515 1650 5572 σὺν
1682 5513 1825 5588 αύτῷ
1866 5533 2006 5590 παρο

437 5698 459 5742 ¹
492 5696 677 5764 Hebr.
708 5715 782 5775 ιι,
812 5695 878 5760 5.

2085 3288 2217 3351 quae
2237 3279 2472 3351 sumpto
2509 3271 2794 3351 loquendi
2821 3273 2991 3336 initio
3013 3293 3047 3337 a
3069 3273 3357 3357 Domino,
3388 3273 3463 3336 ab
3501 3273 3610 3336 his
3640 3273 3743 3354 qui

2085 3359 2397 3422 audierant
2425 3362 2486 3423 in
2545 3373 2656 3426 nos
2705 3365 3055 3427 conﬁrmata
3108 3364 3238 3441 fuit,
3275 3363 3588 3428 atteStante
3616 3361 3740 3426 Deo

2085 3450 2270 3528 signis
2301 3458 2358 3512 et
2416 3452 2703 3533 prodigiis
2731 3452 2802 3517 4?
2834 3478 2863 3511 ι»
2898 3453 2972 3516 Ει
3007 3454 3252 3536 quidem
3308 3453 3625 3517 manifesta
3657 3459 3747 3515 est

2086 3558 2264 3602 causa
2293 3559 2400 3602 cur
2430 3542 2612 3622 stylus
2661 3542 2841 3606 fuerit
2885 3543 3255 3608 immutatus.
3310 3546 3460 3609 Nam
3511 3543 3589 3606 ad
3618 3543 3744 3604 He-

2087 3630 2278 3692 braeos
2307 3630 2549 3712 scripta,
2582 3632 2770 3713 patria
2811 3632 3078 3715 ipsOrum
3114 3633 3342 3714 lingua,
3365 3632 3746 3715 postmodum

2085 3727 2255 3782 versa
2287 3719 2525 3795 dicitur,
2550 3728 2614 3783 ut
2652 3721 2897 3803 quidam
2929 3723 3200 3786 sentiunt
3246 3723 3582 3799 a'Luca,'ut
3613 3720 3748 3801 ple-

2086 3810 2291 3892 risque
2343 3819 2541 3873 autem
2599 3812 2836 3875 videtur
2883 3831 2919 3874 a
2967 3812 3274 3876 Clemente
3307 3829 3321 3874 :
3356 3811 3536 3892 hujus
3586 3808 3748 3871 enim

2090 3900 2492 3962 characterem
2527 3901 2705 3963 etiam
2736 3910 2950 3964 servat.
3005 3901 3174 3976 Quod
3206 3907 3405 3964 autem
3433 3909 3606 3961 suum
3635 3915 3750 3959 no-

2093 4007 2230 4051 men
2252 4008 2369 4050 non
2393 3991 2710 4070 praeﬁxerit
2727 3990 3010 4072 Epistolas
3029 3992 3093 4054 in
3123 3991 3429 4054 causaest
3455 3989 3604 4052 ordo
3627 3984 3746 4048 rei.

2093 4076 2402 4160 Siquidem
2433 4079 2654 4143 Paulus
2700 4080 2970 4160 gentium
3023 4081 3329 4163 apostolus
3359 4085 3510 4159 erat,
3542 4084 3602 4139 et
3631 4093 3754 4137 non

2091 4168 2456 4232 Judaaorum.
2489 4168 2636 4230 Nam
2681 4168 2984 4234 societatis
3031 4171 3273 4234 dextras
3297 4168 3546 4230 dederat
3571 4166 3751 4229 Petro

2091 4257 2443 4339 czeterisque
2474 4258 2779 4339 apostolis,
2839 4267 2902 4322 ut
2949 4259 3080 4343 ipse
3127 4278 3262 4324 cum
3297 4255 3566 4324 Barnaba
3595 4254 3756 4316 inter

2083 4355 2322 4427 gentes,
2359 4351 2567 4411 Petrus
2625 4367 2768 4413 vero
2818 4369 2952 4412 cum
3007 4350 3260 4432 reliquis
3291 4343 3753 4412 circumcisione

2095 4439 2481 4517 fungerentur
2509 4439 2929 4519 apostolatum.
2947 4439 3235 4512 Quoniam
3257 4444 3456 4501 autem
3497 4433 3754 4497 societas

2091 4536 2222 4590 erat
2243 4527 2304 4590 in
2330 4528 2772 4610 praedicatione,
2815 4537 2872 4592 et
2919 4531 3108 4594 Judaei
3141 4529 3462 4593 audierant
3494 4523 3745 4588 Paulum

2093 4616 2525 4680 discessionem
2543 4619 2763 4681 docere
2782 4619 2980 4702 aliquo
3003 4619 3180 4683 modo
3197 4639 3232 4682 a
3252 4619 3409 4699 lege,
3429 4613 3646 4678 merito
3676 4611 3752 4674 ad

2093 4703 2378 4768 Hebraeos
2407 4707 2620 4770 scribit
2671 4707 3023 4792 Epistulam,
3070 4717 3135 4772 ut
3185 4707 3458 4771 ostendat
3491 4707 3751 4792 consen-

2093 4813 2225 4856 sum
2259 4796 2700 4877 praedicationis
2737 4820 2751 4862 :
2785 4817 2920 4861 cum
2953 4791 3152 4862 autem
3184 4796 3257 4860 ad
3290 4813 3397 4859 eos
3428 4791 3748 4867 scriberet,

2095 4878 2434 4948 consultum
2466 4905 2585 4948 non
2617 4895 2743 4948 erat
2771 4895 2838 4948 ut
2866 4907 2933 4950 se
2961 4887 3023 4950 in
3054 4885 3222 4950 initio
3246 4885 3480 4948 diceret
3505 4883 3755 4962 Aposto-

2095 4975 2242 5038 lum.
2276 4975 2550 5038 Testatur
2596 4983 2794 5037 autem
2846 4975 2910 5038 in
2939 4975 3328 5058 sequentibus
3356 4973 3488 5054 ipsa
3514 4987 3755 5058 quoque

2095 5065 2359 5144 Epistola
2379 5068 2423 5126 ὅ
2435 5067 2463 5125 ι
2475 5067 2520 5127 ὅ
2541 5063 2702 5147 quod
2723 5064 2887 5128 Pauli
2913 5065 3011 5148 sit,
3021 5057 3091 5128 ex
3105 5084 3178 5128 eo
3193 5062 3352 5146 quod
3371 5060 3537 5125 dicit:
3559 5057 3752 5122 Etiam

2094 5153 2509 5230 afﬂictionum,
2564 5173 2696 5236 quae
2724 5173 2795 5216 ex
2839 5153 3092 5218 vinculis
3149 5153 3303 5217 meis
3349 5151 3750 5231 contigerunt,

2096 5244 2416 5326 participes
2443 5243 2662 5306 fuistis.
2695 5242 2768 5306 Et
2788 5263 2920 5306 cum
2944 5244 3130 5309 dicit:
3158 5268 3180 5300 ι
3217 5242 3400 5324 Magis
3420 5236 3758 5324 precemini

2093 5353 2211 5416 quo
2242 5333 2502 5397 celerius
2522 5333 2804 5395 restituar
2833 5333 3041 5415 vobis;
3082 5358 3104 5394 ι
3141 5341 3434 5416 praeterea
3458 5349 3594 5394 cum
3611 5327 3708 5390 ait
3734 5347 3749 5388 :

2101 5423 2311 5487 «Scitis
2326 5423 2564 5486 fratrem
2581 5431 2846 5485 nostrum
2863 5422 3242 5488 Timotheum
3270 5420 3753 5500 dimissum,cum

2093 5532 2210 5595 quo
2221 5512 2294 5590 ,si
2308 5513 2569 5576 celerius
2583 5512 3058 5592 venerit,vidcho
3071 5511 3430 5580 vomNemo
3443 5508 3756 5589 enimpraa-
