4132 6436
439 361 558 426 275
1579 367 1988 430 OECUMENII
2035 365 2330 428 TRICC/E
2368 365 2704 431 EPISCOPI
3723 369 3843 434 276

440 503 535 559 ter
567 497 840 573 Paulum,
874 507 939 561 ut
966 500 1201 580 opinor,
1260 498 1567 562 dimiserat
1615 498 1990 562 Timotheum
2040 499 2100 560 in

2202 500 2369 580 θυσίαν
2400 499 2810 580 ἐπαγγέλλεται,
2868 502 3046 560 [Ιολλά
3074 501 3130 559 δὲ
3194 506 3280 560 καὶ
3338 501 3474 561 ἀλλά
3503 505 3845 582 γνωρίζουσιν

441 586 843 650 ministerium
871 605 885 650 :
913 593 1088 669 atque
1109 589 1269 650 hunc
1298 588 1555 653 celerius
1579 595 1917 669 expectans,
1933 606 2100 650 suum

2202 591 2321 664 ᾒμτν
2364 589 2520 646 αὐτοῦ
2569 592 2856 671 τυγχάνειν
2897 594 2996 660 τὴν
3047 591 3358 667 ἐπιπόλήν,
3403 594 3478 658 ὡς
3525 594 3675 661 καὶὴ
3707 593 3845 650 ἀνά-

435 691 506 740 ac
526 675 690 738 illius
720 675 1040 755 pollicetur
1070 678 1158 739 eis
1204 678 1553 754 adventum,
1599 677 2100 760 quemadmodum

2202 701 2378 758 γνωσις
2408 679 2542 747 αὐτὴ
2585 690 2850 759 προϊοῦσα
2877 681 3128 743 διδάσκει.

434 763 780 854 frequenter
813 765 1012 829 facere
1044 767 1217 828 solet.
1249 767 1434 830 Multa
1465 784 1700 848 quoque
1730 765 1846 829 alia
1887 767 2212 829 ostendunt
2265 766 2438 830 nobis
2492 785 2627 833 esse
2682 769 2872 852 ipsius
2929 770 3278 853 Epistolam,
3331 771 3841 854 quemadmodum

439 861 498 917 et
527 853 708 918 lectio
736 855 868 938 ipsa
895 856 957 918 in
989 874 1309 937 progressu
1336 857 1534 920 docet.

1009 943 1519 1010 THEODORETI.

515 1030 703 1105 Quam
749 1032 825 1095 ob
880 1052 1121 1098 causam
1177 1035 1417 1116 Paulus,
1471 1055 1607 1099 cum
1641 1037 1906 1117 gentium
1938 1043 2099 1099 esset

436 1120 778 1201 Apostolus,
804 1122 878 1185 ad
901 1121 1185 1186 Hebraeos
1229 1123 1488 1187 scribit?
1512 1125 1693 1208 idque
1729 1143 1864 1188 cum
1897 1125 2102 1188 odiose

433 1209 632 1272 aﬂ'ecti
661 1219 866 1273 essent
900 1231 1040 1293 erga
1085 1213 1281 1294 ipsum
1305 1213 1463 1295 quod
1493 1214 1688 1295 legem
1719 1215 2101 1277 dissolveret?

429 1301 648 1364 Petrus
679 1299 841 1362 enim
875 1317 945 1365 ac
976 1303 1178 1365 caeteri
1209 1303 1310 1383 qui
1340 1322 1474 1364 cum
1506 1303 1635 1384 ipso
1670 1312 1858 1380 erant,
1888 1303 2100 1367 demit-

434 1395 628 1451 tentes
661 1408 796 1452 sese
819 1390 893 1453 ad
925 1390 1289 1454 imbecillem
1322 1400 1560 1473 captum
1594 1393 1959 1474 Judmorum,
1994 1395 2100 1457 ali-

2773 959 3241 1014 ΘΕΟΔΩΡΗΤΟΥ.

2263 1035 2410 1124 Τίνος
2451 1036 2626 1094 ἕνεκεν
2686 1041 2814 1117 ίτῶν
2879 1039 3062 1119 ἐθνῶν]
3135 1039 3431 1105 ἀπόστολος
3503 1041 3767 1124 ὑπάρχων
3814 1046 3845 1100 6

2184 1123 2413 1213 ῌαῦλος,
2490 1124 2752 1208 Ἐϐραίοις
2809 1127 3157 1211 ἐπιστέλλεις
3210 1131 3308 1188 Καὶ
3363 1138 3526 1189 ταῦτα
3578 1130 3843 1213 ἀπεχθῶς

2183 1210 2369 1293 ἔχουσι
2414 1216 2546 1294 πρὸς
2604 1217 2760 1272 αὐτόν
2830 1221 2908 1292 τῷ
2950 1219 3041 1274 τὸν
3072 1210 3231 1295 νόμον
3284 1215 3571 1294 παραλύειν
3601 1238 3617 1299 ς
3653 1210 3846 1298 Οἶνγάρ

2183 1302 2314 1382 ἀμφί
2347 1303 2544 1384 Πέτρον
2599 1305 3095 1373 συθκαταϐαίνοντες
3155 1307 3364 1383 αὐτοῖς,
3397 1305 3570 1386 ἠρέμα
3612 1305 3841 1388 εἴχοντο

2183 1393 2270 1448 καὶ
2324 1403 2416 1453 τοῦ
2459 1395 2643 1470 νόμου.
2703 1395 2884 1472 Φαμέν
2920 1411 2936 1427 ⁸
2984 1397 3164 1476 ὥσπερ
3204 1397 3474 1474 βαπτίζειν
3532 1398 3626 1454 οὐκ
3656 1397 3848 1454 ἐπιτε-

437 1479 789 1560 quantulum
851 1480 1253 1561 sequebantur
1306 1481 1481 1542 etiam
1534 1482 1750 1562 legem.
1807 1481 2093 1552 Dicimus,

2202 1480 2468 1558 ταγμένος,
2555 1483 2615 1539 ἐκ
2725 1487 3024 1564 περιουσίας
3125 1483 3425 1558 ἐϐάπτιζεν,
3527 1485 3692 1550 οὕτως
3751 1489 3846 1544 καὶ

437 1568 597 1650 quod
624 1567 780 1631 sicut
802 1587 922 1631 non
953 1577 1079 1632 erat
1108 1570 1224 1651 ipsi
1247 1571 1634 1632 commissum
1670 1571 1992 1652 baptizare,
2029 1590 2098 1634 ex

2209 1568 2452 1649 Εϐραίοις
2540 1572 2862 1654 ἐπιστέλλει,
2934 1576 3068 1654 πρὸς
3159 1575 3226 1631 τά
3297 1573 3419 1654 ἔθνη
3497 1573 3841 1639 ἀποσταλείς,

436 1656 762 1719 abundanti
798 1665 996 1721 tamen
1029 1659 1358 1722 ministerio
1393 1660 1570 1721 etiam
1602 1659 1975 1742 baptizabat:
2021 1661 2100 1723 ita

2202 1658 2442 1729 Εκήδετο
2473 1662 2572 1742 γὰρ
2603 1662 2796 1738 αὐτῶν,
2834 1653 2908 1727 ὥς
2961 1653 3049 1720 καὶ
3104 1661 3302 1742 λέγειν,
3335 1653 3575 1720 ’Ἡθελον
3606 1665 3846 1729 ἀνάθεμα

434 1745 704 1810 Hebraais
743 1766 976 1829 quoque
1022 1749 1251 1826 scribit,
1311 1767 1448 1811 cum
1506 1749 1578 1810 ad
1626 1758 1833 1828 gentes
1886 1752 2100 1813 missus

2202 1747 2329 1804 εἶναι
2371 1749 2501 1830 ὑπὲρ
2526 1753 2696 1809 αὒτῶν
2731 1768 2746 1782 ⁸
2793 1753 2880 1808 καὶ
2925 1751 3109 1832 πάλιν,
3163 1776 3190 1808 α
3237 1753 3533 1828 Πορεύομαι
3564 1754 3636 1817 εὶς
3670 1744 3840 1833 Ἰερο-

439 1842 619 1901 esset.
655 1835 963 1917 Siquidem
1023 1841 1254 1900 anxiam
1315 1839 1553 1899 illorum
1584 1857 1786 1900 curam
1820 1839 2098 1913 habebat,

2202 1835 2390 1915 πόλυμα
2459 1838 2788 1912 διακονήσων
2857 1855 2976 1907 τοῖς
3023 1843 3214 1921 ἁγίοις,
3266 1865 3294 1896 ι
3345 1839 3675 1898 Ἐπιστέλλει
3735 1843 3838 1919 μὲν

439 1924 590 1988 adeo
621 1933 688 1987 ut
715 1925 892 1988 etiam
923 1926 1150 1990 diceret
1186 1947 1201 1988 :
1261 1927 1529 2008 Optarim
1558 1929 1875 1990 anathema
1907 1947 2040 1992 esse
2069 1949 2100 1992 a

2202 1927 2274 1984 ›ὖν
2304 1941 2422 1992 τοῖς
2480 1927 2582 1998 ἤδη
2626 1932 3032 1990 πεπιστευκόσιν
3103 1938 3156 1988 ὲν
3198 1938 3268 2008 τῇ
3340 1930 3687 2010 Ἰερουσαλὴμ
3755 1937 3848 1992 καὶ

441 2013 676 2078 Christo
704 2034 809 2096 pro
843 2017 1027 2096 ipsis;
1056 2025 1114 2079 et
1136 2035 1373 2080 rursum
1400 2039 1415 2077 :
1455 2041 1481 2072 α
1512 2015 1870 2080 Proﬁciscor
1898 2017 2100 2082 Hiero-

2202 2014 2535 2096 [Ιαλαιστίνῃ.
2603 2019 2934 2076 Ἐπιστέλλει
2979 2019 3057 2101 δὲ,
3117 2020 3588 2100 παραμυθούμενος
3648 2020 3838 2084 αὐτοὺς

437 2103 662 2185 solyma
715 2104 1161 2167 ministraturus
1213 2105 1434 2168 sanctis
1462 2105 1514 2170 2.
1554 2131 1580 2162 ι)
1628 2105 1849 2171 Scribit
1906 2108 2100 2189 itaque

2202 2104 2418 2163 πλεῖστα
2503 2109 2641 2168 κακά
2704 2112 3033 2175 πεπονθότας
3118 2111 3219 2165 ὑπὸ
3299 2115 3405 2165 τῶν
3460 2107 3600 2165 ἰδίων
3644 2132 3851 2189 συμφυ-

437 2193 556 2254 illis
572 2193 674 2272 qui
691 2194 815 2273 jam
861 2193 1244 2256 crediderant
1281 2194 1706 2274 Hierosolymis
1737 2205 1797 2258 et
1833 2197 1894 2259 in
1920 2197 2100 2260 Palze-

2202 2199 2359 2251 Kerd’w
2388 2202 2492 2252 τῶν
2537 2200 2615 2273 μὴ
2682 2199 3131 2274 πεπιστευκότων,
3165 2199 3240 2260 ὡς
3301 2198 3388 2253 καὶ
3459 2199 3614 2261 αὐτὸς
3657 2196 3848 2279 δηλοῖ,

442 2283 628 2346 stina:
657 2283 865 2345 scribit
890 2291 1088 2346 autem
1117 2282 1482 2346 consolando
1506 2302 1615 2346 eos
1642 2286 1798 2365 quod
1825 2286 2100 2366 plurimas

2202 2283 2389 2364 λέγων.
2473 2310 2500 2342 α
2551 2286 2879 2367 Παρειμένας
2934 2300 3154 2368 χεῖρας,
3186 2287 3274 2343 καὶ
3317 2287 3384 2342 τά
3438 2285 3849 2364 παραλελυμένα

444 2373 799 2436 afﬂictiones
826 2374 986 2454 passi
1008 2382 1260 2436 essenta
1277 2375 1534 2455 propriis
1555 2375 1990 2438 contribulibus
2009 2377 2100 2458 qui

2202 2374 2393 2453 γόνατα
2449 2376 2800 2455 ἀνορθώσατε,
2843 2399 2865 2432 ι
2933 2378 3034 2433 Δύο
3091 2375 3145 2432 δὲ
3202 2373 3434 2451 μάλιστα
3459 2376 3846 2447 κατασκευάζει

444 2481 564 2524 non
582 2463 987 2537 crediderant,
1016 2462 1519 2544 quemadmodum
1545 2473 1606 2526 et
1637 2465 1764 2545 ipse
1785 2465 2100 2547 signiﬁcat,

2202 2463 2249 2519 ἓν
2306 2470 2373 2541 τῇ
2431 2463 2750 2540 Ἐπιστολῇ,
2821 2469 3213 2546 παραμυθεῖται
3267 2465 3452 2527 αὐτοὺς
3515 2471 3607 2520 τοῦ
3666 2463 3847 2544 φέρειν

441 2551 671 2616 dicens.
715 2574 737 2608 α
775 2551 982 2615 Manus
1023 2553 1305 2615 remissas
1367 2570 1435 2615 ac
1467 2572 1658 2631 genua
1689 2553 1882 2615 soluta
1912 2553 2108 2616 subri-

439 2641 560 2719 gite
589 2643 643 2704 ὅ.
683 2666 710 2698 ι
746 2644 875 2705 Duo
896 2649 1092 2704 autem
1117 2641 1492 2723 potissimum
1520 2643 1776 2706 efﬁcitin
1804 2643 2102 2724 Epistola:

441 2732 784 2795 consolatur
831 2750 935 2794 eos
965 2734 1121 2813 quod
1157 2732 1408 2794 viriliter
1451 2732 1695 2794 tulerint
1725 2733 2104 2818 atﬂictiones,

440 2827 500 2883 et
521 2821 679 2902 quod
710 2821 868 2883 bona
891 2819 1129 2884 dabitur
1157 2820 1233 2883 ob
1264 2822 1391 2883 haec
1422 2821 1755 2884 retributio.
1795 2823 1974 2886 Multa
2005 2844 2105 2886 au-

441 2917 560 2974 tem
596 2910 671 2973 de
731 2910 850 2972 fide
888 2910 1172 2992 disputat,
1208 2910 1536 2973 ostendens
1562 2912 1808 2974 Judaica
1829 2913 1953 2992 jam
1986 2932 2102 2976 non

440 3017 575 3062 esse
627 2999 992 3075 necessaria,
1045 3009 1110 3061 ut
1159 3018 1288 3081 qua:
1336 3000 1524 3079 ﬁgura
1573 3008 1740 3062 erant
1789 3001 2098 3064 veritatis:

443 3096 648 3150 nostra
677 3107 817 3152 vero
851 3088 1196 3150 necessaria
1254 3107 1410 3165 esse,
1447 3095 1511 3149 ut
1537 3107 1669 3168 quae
1703 3089 2007 3151 veritatem
2041 3091 2104 3152 in

445 3195 511 3239 se
543 3177 910 3242 contineant.
965 3177 1160 3251 Quare
1190 3161 1402 3239 autem
1443 3161 1748 3258 proprium
1778 3198 1897 3240 non
1931 3179 2105 3242 addi-
2126 3161 2165 3211 ο

444 3267 600 3328 derit
630 3287 851 3330 nomen
883 3286 1016 3330 cum
1048 3267 1122 3329 ad
1170 3266 1454 3328 Hebraeos
1483 3266 1792 3330 scriberet.
1829 3268 2108 3331 Clemens

438 3354 516 3416 In
545 3358 1090 3436 information-ibus
1139 3355 1346 3418 scribit
1373 3355 1434 3416 in
1465 3356 1628 3418 hunc
1659 3357 1898 3419 modum
1929 3376 1940 3420 :
1977 3359 2103 3422 Jam

437 3461 579 3506 vero
612 3453 676 3506 ut
707 3445 912 3508 beatus
942 3444 1252 3527 presbyter
1281 3445 1428 3507 dicit
1462 3465 1477 3505 :
1513 3444 1658 3508 Cum
1700 3455 1798 3506 ει
1818 3456 1862 3506 4
1893 3446 2104 3510 Domi-

441 3551 555 3627 nus
588 3542 870 3627 tanquam
901 3535 1008 3598 Dei
1036 3535 1466 3627 omnipotentis
1505 3536 1806 3627 apostolus
1856 3537 1928 3598 ad
1972 3538 2105 3627 He-

441 3612 634 3677 braeos
665 3612 882 3679 missus
940 3623 1122 3692 esset,
1182 3612 1255 3679 ex
1313 3612 1604 3678 modestia
1649 3625 1844 3679 actum
1897 3625 1987 3680 est
2041 3628 2105 3680 ut

440 3701 662 3768 Paulus
686 3706 787 3788 qui
805 3706 878 3768 ad
901 3713 1108 3787 gentes
1136 3705 1356 3767 missus
1386 3713 1532 3781 erat,
1568 3724 1687 3766 non
1718 3705 2009 3768 scriberet
2033 3726 2102 3770 se

2191 2552 2442 2629 γενναίως
2519 2554 2638 2618 τοὺς
2708 2556 3055 2634 πειρασμοὺς,
3137 2554 3226 2612 καὶ
3271 2552 3352 2608 ὅτι
3424 2550 3570 2609 ἔσται
3640 2554 3845 2610 τούτων

2190 2639 2450 2705 ἀντίδοσις
2494 2643 2690 2721 ἀγαθή.
2755 2642 2934 2700 [Ιολλά
2987 2641 3041 2698 δὲ
3094 2643 3211 2721 περὶ
3269 2647 3366 2708 τῆς
3408 2641 3634 2705 πίστεως
3680 2641 3843 2722 φιλο-

2189 2743 2370 2812 σοφετ,
2401 2730 2601 2797 δεικνὺς
2635 2735 2702 2792 τὰ
2744 2734 2843 2809 μὲν
2915 2730 3179 2792 Ἰουδαϊκὰ
3248 2730 3440 2808 μηκέτι
3472 2731 3739 2811 ἀναγκαῖα
3768 2735 3849 2797 ὡς

2189 2821 2352 2877 τύπον
2382 2821 2507 2878 ὄντα
2563 2828 2662 2889 τῆς
2693 2821 2967 2896 ἀληθείας,
3019 2823 3085 2878 τὰ
3127 2819 3181 2876 δὲ
3250 2820 3482 2900 ἡμέτερα
3537 2821 3833 2900 ἀναγκαῖα,

2190 2913 2263 2974 ὡς
2295 2911 2420 2968 ὄντα
2451 2911 2721 2983 ἀλήθειαν.
2772 2913 2880 2971 Τίνι
2924 2911 2979 2968 δὲ
3010 2911 3189 2991 τρόπῳ
3244 2914 3338 2969 οὒκ
3390 2909 3545 2977 ἔθηκε
3575 2910 3674 2979 τήν
3701 2909 3836 2968 ἰδίαν

2189 3001 2474 3082 ὀνομασίαν
2561 2999 2819 3081 Ἐϐραίοις
2917 3003 3158 3082 γράφων,
3240 2999 3469 3082 Κλήμης

2193 3081 2589 3148 ’Υποτυπώσεσι
2655 3077 2843 3174 λτράφει
2900 3077 3072 3170 λένων
3115 3090 3279 3154 οὕτως
3315 3106 3328 3119 °
3395 3077 3546 3156 ’Ὴδη
3607 3088 3661 3145 δὲ
3693 3092 3767 3154 ὡς
3815 3093 3848 3147 6

2190 3182 2449 3260 μακάριος
2523 3181 2672 3260 ἔλεγε
2770 3179 3144 3261 πρεσϐύτερος,
3231 3179 3344 3235 ἐπεὶ
3427 3179 3455 3234 6
3529 3179 3712 3257 Κύριος
3767 3180 3844 3244 ὡς

2191 3267 2515 3333 Ἀπόστολος
2619 3277 2711 3327 τοῦ
2815 3271 3240 3349 Πάντοκρατορος
3351 3267 3628 3334 ἀπεστάλη
3712 3269 3845 3346 πρὸς

2211 3356 2480 3438 Εϐραίους,
2558 3359 2642 3417 διὰ
2681 3361 3004 3437 μετριότητα
3059 3362 3088 3416 6
3147 3355 3348 3419 ιἸαὖλος
3405 3358 3476 3420 ὡς
3520 3357 3583 3411 ἃν
3641 3358 3713 3420 εἷς
3773 3358 3843 3413 τὰ

2190 3444 2311 3514 ἔθνη
2383 3449 2801 3528 ἀπεσταλμένος,
2875 3452 2970 3508 οὐκ
3023 3447 3272 3528 ἐγγράφει
3337 3445 3521 3500 ἑαυτὸν
3587 3442 3843 3523 Ἐϐραίων

2187 3535 2508 3618 ἀπόστολον,
2562 3537 2646 3594 διὰ
2687 3539 2784 3606 τὴν
2842 3539 2973 3617 πρὸς
3031 3539 3122 3593 τὸν
3177 3536 3366 3614 Κύριον
3419 3534 3606 3610 τιμὴν,
3654 3532 3737 3590 διά
3781 3556 3842 3590 τε

2185 3626 2244 3679 τὸ
2289 3625 2348 3682 ἐκ
2376 3629 2700 3707 περιουσίας,
2733 3627 2891 3684 ἕθνῶν
2923 3628 3127 3706 κήρυκα
3185 3625 3273 3680 καὶ
3302 3622 3600 3680 ἀπόστολον
3662 3623 3842 3698 εἶναι,

2183 3712 2478 3773 ἐπιστέλλει
2513 3719 2600 3773 καὶ
2641 3731 2756 3784 τοῖς
2783 3709 3065 3796 ιΙείιιραιίιοις.

3585 3000 3641 3055 ἐν
3721 3013 3847 3065 ταῖς

435 3793 820 3859 Hebraeorum
853 3796 1207 3876 apostolum,
1243 3795 1317 3856 ob
1344 3796 1638 3858 honorem
1685 3796 1946 3857 delatum
1999 3815 2144 3880 erga
2200 3804 2544 3868 Dominum.
2583 3793 2888 3869 Prmterea
2930 3824 2999 3867 ex
3061 3801 3386 3868 abundanti
3442 3800 3724 3864 cbaritate
3751 3799 3844 3860 fa-

426 3892 587 3948 ctum
618 3894 728 3963 est,
765 3894 828 3948 ut
848 3886 1111 3967 gentium
1143 3884 1530 3949 concionator
1556 3892 1614 3947 et
1643 3885 1954 3964 apostolus
1991 3888 2166 3953 etiam
2197 3893 2489 3958 scriberet
2515 3896 2588 3958 ad
2620 3895 2928 3959 Hebraeos.

488 4005 630 4064 516
658 4004 1098 4069 EPISTOLxE
1125 4002 1227 4065 AD
1253 4001 1681 4066 HEBR/EOS
1710 4003 1808 4067 CA
1823 4002 2032 4068 PITA.

434 4183 490 4246 1.
525 4181 762 4245 Divina
791 4185 870 4245 de
903 4182 1146 4245 Christo
1173 4182 1474 4253 doctrina,
1501 4181 1763 4260 cuixlata
1783 4189 1872 4243 est
1891 4181 2097 4261 gloria

514 4270 726 4334 Patris
745 4290 817 4334 ac
837 4279 1105 4352 potestas
1121 4275 1420 4341 omnium,
1445 4287 1582 4332 eum
1591 4271 1958 4350 purgatione
1974 4289 2096 4334 om-

2428 4035 2456 4067 «
2491 4019 2834 4071 ΚΕΦΑΛΑΙΑ
2878 4019 3011 4071 THE
3066 4019 3236 4070 ΠΡΟΣ
3270 4018 3593 4070 ΕΒρΑιογΣ

2760 4099 3169 4155 ΕΠΙΣΤΟΛΗΣ.
3221 4111 3252 4152 )

2270 4204 2293 4239 α
2331 4173 2385 4238 α’
2427 4181 2683 4260 Θεολογία
2754 4191 2980 4261 Χριστοῦ
3031 4183 3084 4238 ἕν
3155 4180 3278 4258 δόξῃ
3351 4182 3554 4258 Πατρὸς
3611 4183 3700 4237 καὶ
3756 4180 3849 4246 ἐξ-

2180 4271 2330 4344 ουσίᾳ
2413 4279 2520 4328 τῶι
2593 4273 2826 4353 πάντων,
2925 4273 3059 4347 μετά
3153 4276 3254 4338 τῆς
3341 4270 3646 4348 καθάρσεως
3733 4277 3846 4326 τῶν

514 4361 694 4423 nium
719 4378 855 4440 quae
892 4369 1037 4423 sunt
1066 4363 1132 4423 in
1163 4366 1355 4440 terra,
1385 4378 1423 4422 a
1448 4376 1569 4440 qua
1588 4360 1857 4422 ascendit
1878 4361 1958 4422 ad
1985 4379 2091 4423 su-

2207 4363 2263 4416 πὶ
2317 4365 2444 4440 γῆς.
2513 4358 2634 4441 Ἀφ’
2697 4364 2764 4428 ἧς
2823 4359 2988 4427 ἀνέϐη
3074 4363 3148 4424 εἷς
3203 4361 3301 4428 τὴν
3363 4358 3676 4436 ἐπουράνιον
3739 4356 3842 4415 δό-

507 4448 910 4530 pereaelestem
937 4449 1223 4530 gloriam.

431 4537 494 4600 2.
530 4539 711 4613 Quod
740 4557 866 4602 non
891 4541 974 4601 sit
994 4537 1422 4601 ministerialis
1449 4537 1657 4617 gloria
1706 4535 1955 4613 Christi,
1989 4538 2093 4601 sed

509 4630 727 4692 div-ina
751 4636 808 4693 et
836 4629 1087 4709 efficax:
1133 4628 1269 4691 ideo
1300 4644 1423 4690 non
1454 4627 1517 4687 in
1549 4629 1842 4706 praesenti
1869 4627 2094 4690 saeculo

506 4719 760 4796 habitet,
808 4721 876 4783 in
903 4737 1018 4799 quo
1040 4724 1183 4781 sunt
1211 4717 1515 4791 ministri,
1539 4715 1645 4778 sed
1666 4717 1734 4777 in
1762 4715 2007 4795 futuro.

424 4904 486 4965 3.
522 4900 692 4976 Quod
717 4917 958 4964 carnem
986 4895 1394 4977 assumpserit
1410 4899 1601 4971 juxta
1631 4895 2101 4973 dispositionem

505 4996 562 5053 et
582 4989 1039 5052 condolentiam
1089 5004 1162 5050 ac
1207 4984 1699 5066 familiaritatem
1734 5001 1917 5064 quam
1952 5003 2100 5066 erga

2202 4989 2270 5043 ιαὶ
2367 4987 2671 5054 οἰκειότητα
2749 4987 2846 5054 τὴν
2926 4987 3056 5066 πρὸς

504 5096 614 5141 nos
643 5077 882 5160 habuit,
911 5085 979 5141 ut
1009 5077 1313 5140 hominem
1342 5091 1380 5136 a
1403 5081 1600 5136 morte
1621 5091 1730 5153 per
1748 5073 2097 5151 familiari-

507 5173 688 5230 tatem
719 5169 802 5228 ad
831 5173 1033 5248 ipsum
1065 5165 1379 5229 liberaret.

422 5255 485 5316 4.
521 5254 702 5330 Quod
735 5256 976 5318 Christo
1016 5253 1385 5318 credendum
1440 5253 1521 5314 sit
1577 5251 2092 5329 quemadmodum

499 5346 659 5411 Mosi
701 5346 1107 5422 crediderant,
1161 5351 1449 5423 tantoque
1496 5341 1560 5403 id
1608 5339 1826 5404 melius
1863 5349 2088 5421 quanto

499 5435 750 5515 dignior
778 5441 868 5497 est
897 5435 1056 5496 Dens
1082 5433 1348 5496 homine.

495 5605 718 5669 3Rom.
746 5620 843 5682 xv,
872 5603 973 5668 25.
1009 5603 1042 5654 5
1065 5600 1249 5664 Hebr.
1285 5617 1390 5674 xu,
1429 5600 1523 5665 12.

2174 4451 2290 4520 ξαν.
2330 4474 2358 4510 ι

2270 4561 2292 4595 (ι
2330 4530 2386 4617 β’
2421 4529 2554 4598 υΟίιςι
2611 4539 2670 4596 οὔ
2719 4539 3058 4619 λειτουργικὴ
3132 4541 3167 4607 ἡ
3253 4536 3374 4604 δόξα
3427 4535 3848 4616 Χριστοῡ,ἀλλὲι

2175 4632 2333 4696 θεϊκὴ
2406 4631 2493 4686 καὶ
2551 4631 2831 4698 ποιητική.
2897 4631 2990 4686 Διὸ
3070 4628 3164 4684 οὒκ
3219 4628 3305 4684 ἐπὶ
3387 4633 3480 4683 τοῦ
3580 4625 3851 4704 παρόντος

2177 4720 2389 4794 αἰῶνος,
2437 4718 2489 4776 ἐν
2521 4723 2566 4794 ᾧ
2595 4722 2640 4776 οἱ
2688 4717 3002 4800 λειτουργοὶ,
3060 4716 3179 4774 ἀλλ’
3238 4717 3322 4774 ἐπὶ
3377 4722 3476 4785 τῆς
3537 4713 3844 4792 μελλούσης

2179 4809 2492 4884 οἰκουμένης
2503 4853 2516 4869 .
2561 4832 2589 4864 ι

2270 4920 2292 4953 ι
2328 4887 2406 4976 γ’.
2446 4887 2583 4956 ”Οτε
2624 4898 2900 4976 ἐσαρκώθη
2931 4897 3067 4952 κατά
3096 4893 3320 4953 διάθεσιν
3363 4897 3451 4951 καὶ
3520 4894 3850 4970 συμπάθειαν

3139 4988 3282 5061 ἡμᾶς
3406 4985 3492 5040 ἐπὶ
3596 4985 3839 5061 σωτηρίᾳ

2181 5076 2465 5140 ἀνθρώπων
2535 5083 2605 5154 τῇ
2675 5075 2735 5132 ἐκ
2815 5076 3064 5148 θανάτου,
3149 5072 3233 5131 διὰ
3332 5079 3430 5142 τῆς
3487 5074 3619 5153 πρὸς
3675 5073 3838 5128 αὑτὸν

2181 5166 2288 5222 οἶκε
2296 5166 2494 5231 ιώσεως
2505 5215 2518 5228 ,
2558 5191 2586 5222 ι)

2264 5278 2289 5308 ε
2347 5246 2416 5317 δ’.
2479 5247 2492 5267 ’
2517 5266 2611 5314 Οσι
2670 5256 2977 5312 πιστευτέον
3032 5261 3243 5332 Χριστῷ
3273 5255 3346 5317 ὡς
3378 5260 3563 5308 Μωσεϊ
3594 5250 3837 5307 ἐπιστευ-

2173 5365 2294 5424 σαν,
2394 5345 2506 5400 καθ’
2565 5347 2838 5425 ὑπεροχὴν
2926 5343 2981 5399 δὲ
3085 5343 3185 5412 τὴν
3297 5353 3389 5401 τοῦ
3489 5347 3619 5398 Θεοῦ
3702 5341 3841 5419 πρὸς

2172 5435 2467 5512 άνθρωπον.
2509 5458 2532 5491 ι
