4132 6432
362 376 486 442 277
1469 379 1870 444 COMMENT.
1923 378 2006 442 IN
2051 376 2292 441 EPIST.
2340 379 2439 442 AD
2475 379 2707 442 HEBR.
3645 379 3766 446 278

379 532 404 568 ε
453 500 523 574 ε’.
583 515 864 594 Προτροπὴ
922 512 1212 572 σπουδάσαι
1281 516 1354 578 εἰς
1413 513 1512 582 τὴν
1579 509 2011 592 προδηλουμένην

2131 515 2164 578 ἱ.
2198 512 2565 578 Exhortatio
2611 520 2678 578 ut
2727 531 3016 578 conemur
3051 515 3292 598 ingredi
3315 516 3585 598 requiem
3629 533 3763 598 quae

451 603 799 683 κατάπαυσιν.
837 627 866 660 ι
2176 610 2652 683 ρνωιηοηειναεα
2680 609 2788 667 est.

375 711 402 746 ε
439 681 542 765 ς’.
577 693 649 750 Τὸ
679 689 902 773 φοϐερὸν
945 699 1044 760 τῆς
1087 692 1306 772 κρίσεως
1351 683 1492 769 παρὰ
1532 695 1611 764 τῷ
1658 688 1806 768 λύγῳ
1832 695 1911 765 τῷ
1939 687 2007 745 διε

2127 681 2418 757 {Terror
2443 694 2666 772 iudicii
2679 695 2873 772 juxta
2891 710 3261 776 sermonem,
3291 700 3400 777 qui
3419 712 3531 776 per
3557 713 3759 760 omnes

450 781 687 854 πάντων,
743 784 834 840 καὶ
887 784 950 840 τὸ
1005 783 1245 862 χρηστὸν
1299 783 1400 848 τῆς
1456 780 1674 860 χάριτος
1728 781 1825 846 τῆς
1874 781 2022 859 ἱερα-

2184 781 2615 845 disseminatus
2633 789 2740 854 est,
2768 788 2828 846 et
2844 784 3082 846 utilitas
3102 783 3321 865 gratiae
3340 784 3761 866 sacerdotalis,

447 874 602 938 τικῆς
674 872 818 952 παρὰ
898 877 975 946 τῷ
1067 872 1520 946 ὁμοιοπαθήσαντι
1602 870 1740 945 ἡμῖν
1810 867 2017 948 ἀνθρω-

2184 871 2348 950 apud
2372 888 2509 934 eum
2540 873 2646 952 qui
2693 871 2962 934 humano
3002 888 3171 935 more
3223 871 3474 954 aﬂ'ectus
3519 881 3605 936 est
3631 891 3760 938 una

448 961 612 1024 πὶνως
625 1006 640 1022 .
673 983 698 1021 3

2178 960 2487 1023 nobiscum
2516 960 2791 1023 naturali
2821 961 3228 1026 condolentia.

366 1071 395 1102 ι
432 1037 505 1120 ζ’,
542 1049 881 1132 Ἐπιτίμησις
912 1063 1031 1115 τοῖς
1061 1048 1327 1127 δεομένοις
1357 1049 1684 1128 εἰσαγωγῆς.
1733 1069 1762 1103 ι

2129 1049 2160 1108 ⁷.
2193 1047 2556 1128 Obiurgatio
2631 1049 2922 1113 adversus
2996 1049 3130 1113 illos
3198 1049 3414 1130 quibus
3465 1069 3614 1134 opus
3671 1058 3761 1117 est

2176 1139 2386 1218 prima
2415 1141 2850 1202 elementorum
2881 1141 3292 1203 institutione.

367 1245 394 1283 ι
430 1215 513 1293 η’.
577 1237 669 1284 Οτι
697 1224 884 1305 βεϐαια
913 1229 949 1297 ἡ
1019 1225 1308 1308 ἐπαγγελία
1361 1226 1455 1285 τοῦ
1528 1231 1680 1304 Θεοῦ,
1725 1227 1814 1283 καὶ
1854 1229 1999 1281 ταῦτ;

2121 1215 2370 1303 [Quod
2423 1229 2608 1308 ﬁrma
2635 1234 2716 1292 sit
2745 1229 2860 1292 Dei
2898 1231 3246 1310 promissio,
3276 1229 3462 1311 idque
3488 1246 3629 1293 cum
3646 1231 3753 1311 ju-

446 1317 541 1396 σὺν
567 1314 734 1396 δρκιρ.
771 1339 794 1374 ι

2180 1323 2479 1380 ramento.

367 1427 398 1459 α
433 1394 502 1464 θ’.
549 1394 674 1485 Περί
740 1413 832 1463 τοῦ
887 1404 1220 1487 Μελχισεδὲκ
1288 1406 1382 1464 τοῦ
1439 1406 1512 1470 εἷς
1572 1405 1796 1484 Χριστὸν
1851 1403 1999 1460 τύποι

2125 1406 2159 1468 ι.
2196 1404 2290 1468 De
2311 1405 2766 1486 Melchisedech,
2803 1408 2911 1490 qui
2962 1406 3197 1471 Christi
3223 1408 3429 1490 ﬁgura
3454 1409 3600 1488 fuit,
3632 1415 3690 1472 et
3717 1426 3757 1471 a

445 1495 582 1552 κατὰ
634 1497 696 1552 τὸ
752 1492 942 1575 ὄνομα,
1011 1497 1099 1553 καὶ
1153 1495 1252 1564 τὴν
1319 1493 1498 1571 πόλιν,
1571 1494 1660 1551 καὶ
1719 1493 1818 1561 τὴν
1847 1491 2013 1571 ζωὴν,

2181 1496 2450 1573 nomine,
2484 1503 2539 1560 et
2564 1515 2602 1561 a
2627 1498 2894 1572 civitate,
2924 1502 2981 1560 et
3009 1513 3049 1559 a
3073 1503 3223 1575 vita,
3246 1504 3301 1561 et
3321 1514 3360 1562 a
3386 1497 3754 1561 sacerdotio.

448 1585 540 1664 ui
579 1584 678 1653 τὴν
706 1586 1021 1664 ἱερωσύνην,
1057 1608 1085 1640 3

365 1697 396 1728 ε
435 1663 475 1729 ι’
505 1663 635 1732 U011.
665 1663 919 1731 παύσεται
951 1676 986 1744 ἡ
1058 1683 1150 1734 τοῦ
1175 1671 1383 1752 Ἀαρὼν
1451 1672 1709 1753 ἱερωσύνη
1768 1670 1854 1728 ἐπὶ
1911 1674 1997 1748 γῆι

2138 1678 2198 1736 0.
2228 1672 2412 1750 Quod
2439 1693 2675 1739 cessare
2702 1675 2912 1740 debeat
2969 1684 3290 1740 terrenum
3318 1677 3524 1740 Aaron
3553 1692 3759 1740 sacer-

447 1762 596 1843 οὗσα,
695 1763 911 1820 ’ἵσταται
982 1762 1036 1820 δὲ
1134 1765 1169 1833 ἡ
1227 1762 1466 1843 οὐράνιος
1548 1764 1584 1830 ἡ
1644 1765 1870 1842 Χριστοῦ
1965 1757 2079 1824 ἐξΒ

2180 1762 2438 1846 dotium,
2470 1766 2716 1846 ﬁrmum
2764 1767 2848 1828 sit
2894 1773 3100 1830 autem
3128 1765 3360 1830 caeleste
3393 1765 3628 1828 Christi
3654 1782 3759 1828 sa-

444 1851 621 1930 ἐτέρου
664 1851 870 1931 γένους,
943 1856 1004 1912 οὗ
1071 1853 1210 1909 κατὰ
1277 1851 1468 1930 σάρκα,
1540 1847 1657 1908 οὒδέ
1711 1847 1797 1906 διὰ
1853 1849 2019 1924 νόμου

2180 1853 2538 1930 cerdotium,
2573 1852 2830 1918 alterius
2857 1861 3114 1937 generis,
3147 1873 3269 1918 non
3279 1856 3464 1936 juxta
3487 1871 3752 1931 carnem,

443 1941 708 2021 σαρκίνου.
743 1962 772 2000 3

2179 1957 2371 2022 neque
2396 1961 2505 2024 per
2524 1943 2720 2024 legem
2748 1945 3088 2008 carnalem.

364 2055 394 2087 ι
433 2019 522 2088 ια’.
566 2030 841 2111 ’Υπεροχὴ
895 2034 995 2100 τῆς
1065 2029 1307 2110 δευτέρας
1392 2027 1650 2100 διαθήκης
1730 2026 1861 2106 ὑπὲρ
1917 2027 1996 2094 τὴε

2125 2030 2200 2092 ,1.
2238 2019 2614 2096 Excellentia
2635 2035 2783 2096 novi
2813 2037 3156 2096 testamenti
3179 2049 3370 2115 supra
3397 2041 3563 2095 ιη
3591 2037 3757 2096 vetus

443 2118 724 2202 προτέραν,
753 2119 808 2175 ἐν
836 2119 1047 2196 ἱλασμῷ
1091 2121 1180 2176 καὶ
1211 2121 1484 2198 ἁγιασμῷ.
1524 2141 1549 2177 3

2171 2127 2419 2198 pmpter
2440 2122 2940 2202 propitiationem
2967 2128 3023 2186 et
3049 2123 3541 2199 sanctimoniam,

362 2230 394 2271 ε
437 2212 489 2288 ιβ
504 2200 537 2274 ’,
610 2213 734 2291 Περὶ
775 2217 866 2268 τοῦ
913 2209 1144 2287 αἵματος
1199 2217 1292 2268 τοῦ
1349 2215 1599 2289 Χριστοῦ,
1661 2207 1716 2265 ἐν
1770 2211 1817 2282 ᾧ
1871 2205 1938 2274 ἦν
1981 2208 1994 2261 1‘

2127 2205 2200 2271 .2.
2235 2209 2326 2272 De
2345 2200 2649 2293 sanguine
2679 2211 2938 2290 Christi,
2969 2213 3033 2274 in
3073 2229 3195 2293 quo
3245 2210 3616 2275 condebatur
3640 2227 3759 2273 no-

445 2301 539 2357 νέα
605 2298 856 2375 διαθήκη,
912 2299 993 2357 ὅτι
1047 2306 1204 2358 τοῦτο
1291 2298 1486 2368 ἀληθὲς
1581 2299 1856 2378 καθάρσιον
1913 2297 2016 2352 εἶσ-

2178 2314 2315 2360 vum
2345 2306 2793 2377 testamentum,
2818 2302 2923 2380 qui
2942 2318 3152 2363 veram
3176 2301 3434 2377 inducit,
3457 2299 3757 2381 puriﬁca-

440 2390 584 2469 ἄγει,
643 2393 703 2449 οὗ
757 2391 825 2448 τὰ
880 2389 935 2446 ἐν
988 2389 1183 2466 α’ίμασι
1261 2389 1412 2462 ζώων
1497 2385 1756 2453 πολλάκις
1841 2406 2012 2466 προσ·-

2179 2387 2425 2470 tionem,
2458 2407 2581 2452 non
2627 2391 2976 2471 frequentia
3029 2391 3336 2471 sacriﬁcia
3380 2407 3515 2471 qua:
3539 2389 3765 2470 ﬁebant

442 2478 729 2560 φερόμενα,
767 2503 794 2534 3

2177 2493 2284 2556 per
2311 2484 2674 2560 sanguinem
2703 2479 3083 2541 animalium.

358 2592 388 2624 α
442 2559 519 2646 ιγ’
578 2567 841 2647 Μαρτυρία
894 2569 1012 2648 περὶ
1106 2571 1206 2637 τῆς
1303 2569 1472 2643 μόνης
1570 2566 1870 2646 καθάρσεως
1927 2587 1990 2622 κα

2138 2562 2198 2627 3.
2234 2559 2658 2630 Testimonium
2689 2568 2764 2631 de
2809 2567 2938 2632 sola
2960 2567 3395 2650 puriﬁcatione
3420 2573 3478 2632 et
3517 2583 3759 2631 accessu

436 2658 792 2738 προσαγωγῆς
823 2660 954 2738 πρὸς
987 2657 1142 2720 Θεόν,
1175 2681 1204 2712 3

872 2660 954 2738 ρὸς
987 2657 1142 2720 Θεόν.
1175 2681 1204 2712 3
2177 2655 2258 2718 ad
2290 2658 2504 2719 Deum.

358 2771 386 2806 ι
427 2739 503 2805 ιδ’
544 2747 822 2828 [Ιροτροπὴ
891 2745 1123 2816 σπουδῆς
1193 2748 1328 2805 κατὰ
1356 2743 1658 2828 φόϐονῖτῆς
1715 2743 1986 2822 μελλούσῃ

2126 2744 2200 2806 4.
2229 2744 2603 2810 Exhortatio
2631 2746 2713 2810 ad
2739 2747 3025 2810 virtutem
3061 2763 3139 2810 ex
3167 2747 3387 2810 timore
3431 2746 3631 2826 futuri
3657 2746 3758 2822 iu-

445 2840 663 2904 κρίσεως
674 2883 685 2896 .
727 2860 751 2893 3

727 2860 751 2893 ι
2179 2834 2351 2898 dicit.

356 2951 387 2984 α
413 2862 778 3008 ιέῗιῖιεὲἒτῦῦ
845 2925 1019 2994 καλὴν
1075 2925 1256 3007 ἀρχὴν
1314 2927 1388 2991 εἰς
1453 2923 1617 2983 καλὸν
1660 2921 1815 2987 τέλος
1873 2944 1988 3002 προ-

2116 2862 2420 3000 [ὃῗηὸῦοά
2460 2925 2681 2987 bonum
2726 2925 2978 2988 initium
3024 2924 3105 2987 ad
3147 2923 3378 2988 bonum
3425 2925 3611 3006 finem
3639 2923 3748 2987 de-

436 3029 686 3077 αγιγεῖν.
726 3039 755 3073 3

736 3039 755 3073 ι
2175 3014 2368 3077 ducit.

436 3041 469 3073 α
512 3041 542 3074 1
580 3041 686 3077 ειν.
726 3041 755 3073 ι

357 3129 388 3162 σ
427 3041 578 3181 ιέξγ
614 3107 735 3184 Περὶ
789 3105 1019 3172 πίστεως
1072 3110 1171 3173 τῆς
1230 3106 1319 3162 καὶ
1372 3105 1494 3170 τοὺς
1551 3102 1812 3168 παλαιοὺς
1856 3100 1989 3169 δοξα-

1929 3101 2012 3169 Ξα-
2034 3128 2075 3179 c
2103 3041 2467 3184 ιθῖιῗέιὶἳάε
2492 3119 2625 3184 quae
2651 3109 2880 3168 veteres
2903 3121 3142 3187 quoque
3166 3103 3561 3185 gloriﬁcauit.

357 3310 388 3342 ι
429 3218 650 3366 Erga;
675 3219 951 3362 :mpovﬁc
981 3284 1034 3344 ἐν
1063 3285 1171 3342 ἀπὸ
1196 3283 1441 3356 λοοθήσει
1472 3291 1721 3364 Χριστοῦ.
1760 3306 1788 3339 3

1760 3306 1788 3339 3
2103 3281 2172 3344 Π
2205 3283 2294 3342 De
2313 3282 2621 3362 patientia
2650 3300 2729 3347 ex
2756 3284 3096 3348 imitatione
3127 3283 3378 3348 Christi.

359 3397 388 3434 ι
427 3364 508 3443 ιη’
540 3364 663 3454 Περὶ
704 3376 1068 3456 σωφροσύνης,
1129 3374 1231 3456 ἕως
1262 3377 1452 3454 παιρὸς
1508 3373 1904 3453 κατορθώσεως,
1934 3375 1991 3448 μί

2135 3371 2196 3435 8.
2234 3371 2322 3434 De
2350 3378 2777 3453 temperantia,
2808 3374 2953 3436 dum
2980 3377 3213 3438 occasio
3232 3374 3423 3438 datur
3442 3373 3755 3438 correctio.

436 3454 807 3545 ἀποτύχωμενν
861 3469 1026 3534 αὖτῆς
1077 3467 1150 3532 ὡς
1202 3454 1391 3541 Ἠσαῦ,
1482 3465 1560 3542 μὴ
1625 3464 1789 3542 εὒρών
1845 3462 2008 3520 τόπον

2176 3462 2330 3524 nis:
2391 3481 2470 3526 ne
2519 3480 2834 3527 careamus
2888 3482 2960 3527 ea
3009 3465 3074 3526 in
3101 3463 3348 3528 modum
3401 3463 3598 3539 Esau,
3651 3463 3758 3544 qui

434 3555 740 3629 μετανοίας.
783 3577 806 3610 3

2170 3553 2553 3632 postmodum
2585 3570 2710 3616 non
2738 3555 2975 3618 invenit
2997 3556 3368 3636 paenitentia
3399 3553 3615 3618 locum.

351 3669 383 3702 ι
421 3634 492 3701 ιϐ’
522 3633 652 3701 ιὈτι
683 3641 1015 3724 φοϐερώτερα
1042 3651 1150 3702 τῶν
1178 3643 1264 3702 ἐπὶ
1295 3643 1558 3710 Μωυσέως
1602 3644 1662 3699 τὰ
1717 3640 1981 3720 μέλλοντα

2135 3640 2194 3702 9.
2233 3642 2409 3716 ()uod
2435 3643 2956 3722 formidabiliores
2998 3633 3132 3707 sint
3158 3645 3390 3722 futura:
3414 3661 3606 3725 poena:
3626 3642 3756 3707 illis

429 3735 521 3791 καὶ
551 3731 795 3799 πλείονος
825 3729 941 3800 ἄξια
981 3732 1214 3802 σπουδῆς
1243 3735 1311 3794 τὰ
1339 3744 1451 3799 νῦν.
1503 3755 1528 3792 3

2171 3747 2306 3812 quo:
2333 3731 2442 3794 sub
2486 3732 2647 3795 Mose
2695 3732 3154 3813 inﬂigebautur,
3213 3741 3271 3797 et
3320 3733 3476 3813 quod
3503 3733 3756 3810 dignum

2172 3822 2251 3883 sit
2262 3826 2328 3883 ut
2343 3821 2507 3884 circa
2511 3827 2847 3904 praesentia
2861 3825 3063 3903 majus
3072 3822 3442 3886 adhibeatur
3454 3822 3750 3885 studium.

350 3937 377 3972 ο
410 3901 468 3969 κ’
499 3913 626 3994 Περὶ
671 3909 1012 3993 ⁹ριλαδελφίαις
1040 3914 1128 3971 καὶ
1157 3910 1471 3994 φιλοξενίας,
1511 3933 1534 3969 3

2090 3909 2192 3974 20.
2228 3910 2316 3972 De
2337 3901 2612 3988 fraterno
2633 3929 2838 3974 amore
2866 3929 2940 3974 ac
2957 3901 3397 3994 hospitalitate.

343 4023 378 4064 ε
417 3991 513 4060 κα’
542 4001 670 4081 Περὶ
687 3991 791 4057 τοῦ
821 4001 900 4077 μὴ
949 3991 1270 4078 σωματικῶς
1313 4007 1408 4079 ζῇν
1465 4002 1600 4059 κατὰ
1657 4002 1841 4076 νόμον,
1873 3998 1974 4056 ἀλλ

2121 4002 2192 4063 Et.
2230 4000 2313 4061 De
2339 4017 2462 4062 non
2491 4000 2751 4064 vivendo
2803 3991 3141 4064 carnaliter
3189 4003 3372 4078 iuxta
3402 4003 3614 4081 legem,
3647 3999 3753 4064 sed

427 4091 807 4167 πνευματικῶς
835 4092 973 4147 κατὰ
1003 4093 1230 4170 Χριστὸν
1276 4091 1330 4149 ἐν
1361 4091 1545 4170 ἀρετῇ.
1588 4113 1610 4147 3

2170 4087 2582 4169 spiritualiter
2608 4091 2943 4154 secundum
2968 4089 3288 4154 Christum
3316 4091 3384 4154 in
3413 4091 3663 4154 uirtute.

346 4207 378 4240 ι
412 4172 528 4261 κβ’.
577 4180 734 4260 Εὖχή
778 4181 911 4259 πρὸς
988 4183 1080 4237 τὸν
1136 4183 1266 4238 Θεὸν
1327 4181 1446 4260 περὶ
1515 4181 1611 4250 τῆς
1667 4181 1740 4244 εἷς
1811 4179 1978 4260 ἀρετὴ

2118 4181 2192 4242 22.
2231 4180 2515 4241 Precatio
2543 4181 2626 4242 ad
2650 4179 2868 4258 Deum,
2894 4187 2972 4243 ut
3002 4180 3081 4242 ad
3109 4181 3398 4244 virtutem
3428 4180 3750 4244 instituan-

427 4273 657 4352 ἀγωγῆς
687 4269 777 4326 καὶ
806 4270 1128 4346 οἰκονομίαν.
1171 4295 1199 4328 3

2168 4274 2269 4331 tur
2301 4273 2359 4330 et
2387 4267 2588 4333 debite
2615 4268 3049 4352 gubernentur.
