4132 6432
383 370 514 437 ὶ2ῗ9
1534 372 1944 440 (ECUMENII
1987 374 2285 439 TRIGCIE
2327 374 2662 441 EPISCOPI

1114 655 1837 790 ΠΑΥΛΟΥ
1956 653 3053 792 ΑΠΟΣΤΟΛΟΥ

1029 920 1103 1003 Η
1292 921 1588 1010 ΠΡΟΣ
1780 925 2329 1012 ΕΒΡΑΙΟΥΣ
2518 922 3128 1010 ΕΠΙΣΤΟΛΗ.

1363 1284 1875 1417 PAULI
1978 1286 2839 1416 APOSTOLI

1275 1547 1438 1639 AD
1520 1545 2139 1643 HEBRZEOS
2219 1543 2858 1643 EPISTOLA-

3656 362 3777 432 280

817 1908 913 1962 8|
935 1908 976 1962 ’1
1024 1901 1267 1967 CAPUT
1308 1902 1632 1971 PRIMUM.
2076 1918 2121 1967 Α

2783 1910 3037 1965 ΚΕΦΑΛ.
3084 1892 3152 1962 Α¹

398 2006 732 2098 Diuinaae
782 2004 1032 2098 Christo
1070 2006 1375 2098 doctrina,
1408 2011 1509 2073 cui
1538 2011 1690 2075 data
1740 2019 1833 2075 est
1856 2012 2059 2094 gloria

2168 2031 2175 2065 ι
2241 2008 2497 2098 βεολογία
2567 2007 2793 2098 Χριστρῦ
2826 2007 2913 2098 μὲν
2984 2004 3109 2098 δόξῃ
3169 2006 3399 2098 Πατρὸς,
3436 2007 3546 2098 .καὶ
3582 2004 3797 2098 ἐξουσίξ

480 2088 694 2172 Patris
721 2103 789 2150 ac
839 2092 1111 2167 potestas
1159 2084 1462 2172 omnium,
1509 2110 1645 2154 cum
1690 2084 2061 2172 purgatione

2222 2096 2328 2147 τῶν
2356 2084 2594 2172 πάντων,
2616 2084 2764 2166 ’μετὰ
2791 2092 2891 2156 τῆς
2935 2084 3240 2172 καθάρσεως
3296 2091 3402 2143 τῶν
3432 2087 3518 2144 ἐπὶ
3545 2087 3673 2166 γῆς,
3706 2084 3795 2166 ἀφ’

482 2168 778 2253 omnium,
816 2166 949 2249 quae
974 2170 1211 2253 suntin
1242 2166 1506 2253 terra,‘a
1531 2190 1651 2253 qua
1682 2166 1948 2237 ascehdit
1980 2174 2061 2237 ad

2222 2173 2289 2238 ἧς
2332 2168 2493 2238 ἀνέϐη
2519 2166 2593 2234 εἷς
2626 2170 2725 2239 τὴν
2753 2169 3060 2249 ἒπουράνιον
3092 2166 3263 2235 δόξαν.
3304 2189 3332 2222 ιι

481 2247 957 2330 supercwlestem
980 2247 1265 2329 gloriam.

483 2350 532 2428 Ι,
565 2354 706 2415 4-3.
724 2350 831 2415 Mu
841 2351 1150 2429 ttifartam
1170 2350 1505 2434 multisque
1535 2356 1728 2419 modis
1742 2357 1900 2419 Deus
1917 2355 2062 2419 olim

2234 2348 2627 2430 ¢'_Ho)tupep&3c
2684 2349 2771 2405 καὶ
2838 2346 3183 2428 πολυτρόπως
3212 2346 3410 2405 πάλλαι
3455 2349 3483 2404 6
3528 2346 3657 2409 Θεὸς
3701 2344 3799 2401 λα-

406 2442 643 2505 locutus
686 2438 962 2521 patribus
1007 2457 1123 2521 per
1162 2442 1510 2523 prophetas,
1565 2448 1854 2509 extremis
1901 2448 2065 2510 hisce

2147 2438 2318 2511 λήσας
2402 2454 2519 2505 τοῖς
2600 2439 2858 2519 πατράσιν
2943 2438 2998 2494 ἐν
3091 2438 3211 2503 τοῖς
3291 2438 3610 2518 προφήταις,
3713 2433 3799 2491 ἐπ’

406 2530 618 2595 diebus
646 2528 879 2592 locutus
910 2536 998 2592 est
1028 2529 1199 2593 nobis
1213 2548 1325 2611 per
1353 2532 1616 2611 Filium,
1640 2553 1813 2615 quem
1836 2539 2065 2601 consti-

409 2625 530 2684 tuit
557 2618 856 2681 hosredem
885 2621 1183 2701 omnium,
1214 2638 1326 2701 per
1354 2640 1533 2702 quem
1571 2626 1838 2688 condidit
1868 2632 1925 2689 et
1947 2644 2064 2689 saa-

411 2710 553 2773 cuta
584 2725 603 2770 :
633 2708 738 2788 qui
767 2725 901 2770 cam
928 2714 1076 2772 esset
1105 2708 1390 2791 splendor
1417 2712 1650 2795 gloriae,
1702 2723 1759 2779 et
1786 2733 2067 2796 expressa

2148 2527 2396 2609 ἐσχάτων
2429 2520 2560 2585 ’τῶν
2613 2529 2828 2607 ἡμερῶν
2890 2528 3087 2586 τούτων
3159 2526 3419 2596 ἐλάλησεν
3524 2531 3661 2602 ἡμῖν
3745 2523 3799 2580 ὲν

2150 2621 2279 2692 rte),
2314 2619 2371 2675 ὃν
2401 2617 2560 2686 ἔθηκε
2619 2617 2955 2698 κληρονόμον
3004 2618 3239 2691 πάντων,
3295 2615 3363 2673 δι’
3419 2618 3481 2673 οὗ
3533 2616 3620 2673 καὶ
3676 2614 3798 2676 τοὺς

2149 2707 2341 2772 αἰῶνας
2400 2707 2640 2775 ἐποίησε.
2692 2695 2799 2772 ε’ὸς
2858 2707 2932 2765 ὢν
2987 2706 3312 2785 ἀπαύγασμα
3367 2710 3465 2773 τῆς
3523 2703 3683 2771 δόξης
3709 2703 3797 2759 καὶ

411 2804 610 2876 imago
634 2797 989 2860 substantiae
1041 2797 1234 2875 illius,
1288 2801 1829 2885 moderareturgue
1858 2810 2069 2868 omm’a

410 2887 592 2952 verbo
615 2886 905 2968 potentiae
932 2904 1083 2950 suos.
1716 2883 1739 2885 “

2168 2890 2225 2960 ῖῷ
2261 2886 2456 2965 ῥήματι
2483 2892 2582 2954 τῆς
2609 2883 2877 2962 δυνάμεως
2909 2890 3087 2948 αὐτοῦ.
3124 2904 3155 2945 )

498 2985 662 3037 818
693 2975 955 3066 Diversis
1008 2976 1311 3061 variisque
1366 2980 1559 3042 modis
1590 2981 1748 3045 Deus
1787 2984 1928 3046 olim
1964 3002 2069 3066 per

2234 2976 2508 3057 Διαφόρως
2564 2977 2653 3033 καὶ
2694 2975 2950 3066 ποικίλως
3006 2972 3363 3066 ἐλάλησελδιὰ
3417 2980 3533 3066 τῶν
3578 2994 3798 3066 προφη-

418 3066 741 3148 pr0phetas
795 3064 1029 3128 locutus
1076 3075 1188 3144 est,
1213 3059 1396 3130 nobis
1437 3077 1637 3133 autem
1670 3090 1777 3152 per
1824 3059 2064 3136 Filium.

2168 3070 2257 3122 τῶν
2288 3068 2315 3122 6
2347 3067 2475 3132 Θεὸς
2502 3078 2622 3131 τοῖς
2681 3063 2867 3139 πάλαι,
2928 3067 3066 3139 ἡμῖν
3096 3062 3151 3120 δὲ
3193 3061 3278 3120 διὰ
3332 3069 3425 3120 τοῦ
3481 3065 3625 3121 Υἱοῦ.
3660 3059 3806 3118 Πολ-

417 3159 693 3238 Maguum
711 3155 925 3250 itaque
955 3155 1282 3250 discrimen
1312 3166 1403 3221 est
1449 3159 1607 3250 inter
1645 3151 1756 3224 nos
1786 3170 1844 3226 et
1873 3172 2070 3244 patres
2090 3201 2126 3250 Β

2168 3156 2251 3223 Κὴν
2286 3154 2372 3211 οὖν
2404 3153 2638 3236 ἔσχομεν
2709 3152 2958 3234 διαφορὰν
3008 3155 3141 3234 πρὸς
3201 3154 3323 3217 τοὺς
3366 3151 3654 3231 ἡμετέρους
3688 3156 3805 3207 Πα-

417 3258 681 3309 nostros.
711 3243 854 3308 Ideo
882 3244 1042 3307 enim
1076 3246 1234 3328 quod
1265 3250 1440 3311 malis
1469 3249 1853 3314 afﬁcerentur
1876 3241 2071 3334 patres
2092 3241 2126 3250 ”

2168 3244 2328 3324 τέρας.
2396 3245 2494 3300 Διὰ
2544 3244 2643 3324 γὰρ
2698 3246 2783 3317 τὸ,
2874 3242 3190 3301 πεπονθέναι
3258 3242 3423 3322 κακὰ,
3483 3245 3588 3321 οὐχ
3643 3241 3808 3305 οὕτως

418 3334 633 3413 nostri,
667 3354 785 3397 non
818 3334 1236 3399 existimadant
1284 3354 1349 3398 se
1390 3337 1713 3402 admodum
1743 3330 1892 3405 Deo'
1915 3363 2074 3407 curae

2168 3336 2395 3413 ἐνόμιζον
2443 3335 2809 3414 πεφροντίσθαι
2890 3334 3033 3413 παρὰ
3121 3340 3253 3390 Θεοῦ
3335 3334 3408 3396 ὡς
3483 3335 3530 3388 οἱ
3574 3330 3808 3410 Πατέρες

420 3443 575 3489 esse:
599 3423 1056 3504 ostenditigitur
1076 3443 1146 3486 ex
1178 3442 1248 3488 eo
1281 3426 1438 3508 quod
1463 3429 1653 3501 magis
1670 3449 1828 3494 curae
1851 3442 2072 3498 essent.

2168 3429 2350 3485 ιῦτῶν.
2387 3424 2654 3482 Δείκνυσιν
2720 3427 2809 3481 οὖν
2866 3423 3031 3481 πκέον
3086 3421 3582 3504 πεφροντισμένως.
3627 3443 3650 3479 σ
3686 3416 3808 3479 Ἐπ’

427 3539 455 3572 α
486 3513 783 3576 Extremis
812 3513 981 3577 hisce
1011 3514 1240 3577 diebus.
1280 3540 1307 3573 ω
1342 3516 1546 3581 Rebus
1567 3520 1835 3584 adversis
1857 3523 2076 3586 defati-

2168 3515 2406 3596 ἐσχάτων
2455 3521 2561 3572 τῶν
2616 3516 2833 3593 ἡμερῶν
2880 3513 3106 3575 τούτων.
3144 3536 3171 3569 ι
3236 3510 3623 3592 Ἀπειρηκότας
3679 3512 3809 3590 πρὸς

421 3612 592 3687 gatos
624 3603 966 3667 consolatur
1021 3602 1228 3667 dicens
1263 3626 1278 3666 :
1310 3605 1630 3671 Extremis.
1683 3613 1748 3675 lu
1782 3615 2076 3693 proximo,

2168 3602 2230 3658 τὰ
2271 3600 2433 3676 δεινὰ,
2505 3605 2892 3682 παραμυθεῖται
2951 3607 3030 3676 τῷ
3088 3602 3282 3681 εἰπεῖν,
3342 3597 3462 3657 Ἐπ’
3539 3598 3805 3678 ἐσχάτων.

423 3683 636 3776 inquit,
658 3701 751 3756 ost
767 3693 905 3756 ﬁnis
923 3701 983 3756 et
998 3694 1237 3777 requies
1267 3714 1300 3757 a
1321 3695 1645 3779 laboribus,
1672 3683 1907 3765 initium
1939 3683 2080 3767 vero

2168 3683 2354 3770 ιΕγγὺς
2383 3692 2504 3772 γὰρ,
2576 3692 2730 3771 φησὶ,
2794 3692 2856 3747 τὸ
2912 3690 3064 3754 τέλος
3100 3708 3117 3724 ⁸
3176 3691 3265 3747 καὶ
3320 3696 3426 3746 τῶν
3486 3688 3584 3765 μὲν
3633 3685 3808 3743 πόνων

419 3784 899 3849 retributionem.
939 3808 966 3841 α
999 3776 1258 3847 Locutus
1289 3794 1379 3847 est
1407 3787 1581 3851 nobis
1614 3776 1721 3870 per
1756 3791 1997 3855 Filium.
2046 3820 2074 3852 »

2168 3780 2477 3856 ἀνάπαυσις,
2509 3782 2614 3837 τῶν
2663 3778 2718 3835 δὲ
2784 3776 3019 3856 ἆμοιϐὡν
3062 3778 3232 3859 ἀρχή.
3272 3798 3296 3836 α
3332 3776 3624 3845 Ἐλάλησεν
3672 3777 3810 3850 ἡμῖν

416 3875 548 3939 Non
578 3874 726 3937 dixit
761 3892 777 3938 :
816 3874 1078 3965 Locutus
1108 3882 1205 3965 est
1245 3873 1424 3939 nobis
1452 3877 1513 3938 in
1546 3866 1783 3942 Christo
1814 3882 1936 3946 sive
1971 3903 2077 3965 per

2168 3868 2216 3925 ἐν
2248 3872 2372 3944 Υἱῷ,
2411 3891 2438 3923 Σο
2506 3867 2615 3926 Οὔκ
2667 3868 2821 3927 εἶπεν
2857 3885 2870 3898 ⁶
2935 3866 3229 3935 Ἐλάλησεν
3286 3869 3421 3944 ἡμῖν
3479 3868 3533 3936 ἐν
3577 3870 3809 3945 Χριστῷ,

420 3965 728 4031 Christum
790 3986 803 4024 :
860 3964 1056 4027 adhuc
1114 3964 1274 4027 enim
1335 3968 1595 4031 tenuiter
1647 3970 1845 4034 affecti
1904 3955 2078 4036 erant

2168 3958 2418 4031 τουτέστι,
2491 3955 2575 4015 διὰ
2632 3957 2723 4015 τοῦ
2805 3964 3053 4038 Χριστοῦ,
3138 3956 3236 4037 (ἔτι
3293 3959 3393 4037 γὰρ
3446 3956 3815 4034 ἀσθενέστερον

420 4072 562 4136 erga
613 4054 937 4128 Christum,
970 4053 1129 4143 sed,
1190 4055 1252 4116 in
1300 4054 1475 4132 Filio,
1535 4056 1659 4120 sive
1701 4078 1807 4139 per
1835 4060 2076 4128 Filium.

2168 4051 2279 4129 περὶ
2306 4050 2398 4105 τὸν
2428 4049 2669 4143 Χριστὸνκ
2701 4047 2995 4130 διέκειντο,)
3025 4047 3169 4130 ἀλλ’,
3203 4048 3295 4106 Ἐν
3353 4052 3478 4124 Υἱῴ,
3518 4126 3529 4143 .
3554 4045 3813 4126 νουτέστι,

430 4166 455 4203 ι
483 4126 672 4218 Quem
703 4126 1014 4207 constituit
1041 4126 1372 4209 haeredem.
1404 4169 1428 4206 ι)
1454 4126 1643 4218 Quem
1672 4126 1852 4212 totius
1874 4126 2082 4216 mundi

2168 4126 2248 4197 διᾶ
2274 4147 2367 4197 τοῦ
2391 4126 2535 4197 Υἶοῦ.
2589 4161 2617 4193 (ι
2652 4126 2758 4196 ηΟν
2810 4126 2967 4206 ἔθηκε
3006 4126 3361 4214 κληρονόμον.
3402 4160 3424 4194 ιι
3492 4126 3624 4211 υΟν,
3659 4136 3814 4217 φησὶ,

421 4233 566 4297 fecit
592 4233 921 4295 haeredem.
952 4232 1057 4295 Est
1088 4241 1283 4296 autem
1306 4233 1473 4297 Fecit
1493 4242 1694 4317 aptum
1720 4246 1851 4318 post
1872 4239 2081 4304 huma-

2168 4232 2361 4293 παντὸς
2431 4229 2525 4286 τοῧ
2547 4229 2748 4306 κόσμου
2794 4228 3124 4309 κληρονόμον
3220 4229 3465 4296 ἐποιησε.
3566 4230 3639 4287 T6
3734 4224 3814 4301 δὲ,

425 4321 630 4385 nitatis
641 4321 1007 4402 assumption
1016 4341 1110 4384 em
1120 4322 1472 4386 vocabulum
1484 4316 1769 4398 .éQuem
1784 4330 2088 4392 constituit

2168 4318 2477 4402 'Ertotncev,
2550 4316 2798 4398 ἁρμόδιον
2844 4320 2978 4395 μετὰ
3028 4319 3126 4386 τὴν
3184 4318 3577 4396 ένανθρώπησιν
3613 4317 3818 4394 [ΦΩΤῚ

424 4410 752 4474 Ιιωτθάθω.
803 4398 1072 4484 Quorum
1092 4418 1121 4475 ?
1149 4410 1458 4488 Omnium,
1488 4416 1845 4478 Cunctorum
1881 4419 1981 4500 qui
2010 4420 2083 4481 ad

2168 4443 2246 4455 —-
2278 4398 2387 4467 UOv
2415 4398 2571 4475 ἔθηκε
2614 4407 2970 4488 κληρονόμον.
3033 4410 3238 4482 Τίνων;
3299 4408 3515 4465 Πάντων
3548 4426 3562 4440 ·
3601 4406 3817 4462 πάντων

425 4500 831 4600 immortalem
852 4500 1230 4600 divinamque
1252 4505 1729 4600 ηειυνεωέιοοεό
1738 4516 1862 4570 unt.
1886 4493 2126 4600 Siqui-(

2168 4504 2272 4555 τῶν
2302 4496 2608 4580 προσόντων
2674 4503 2743 4575 τῇ
2800 4497 3053 4575 ἆκηρᾶτῳ
3108 4500 3197 4555 καὶ
3245 4498 3357 4571 θείᾳ
3426 4500 3596 4577 φύσει,
3664 4493 3820 4561 Κλη-

426 4590 564 4654 dem
586 4589 774 4653 Filius
794 4591 988 4652 haeres
1011 4598 1102 4653 est
1121 4609 1189 4653 ac
1210 4591 1508 4673 particeps
1524 4593 1791 4657 Paterna
1814 4584 2086 4660 substan-
2104 4584 2126 4600 “

2168 4588 2390 4669 ρονόμος
2435 4587 2535 4666 γὰρ
2563 4588 2649 4643 καὶ
2703 4585 2937 4667 μέτοχος
3008 4592 3106 4655 τῆς
3168 4586 3434 4666 Πατρικῆς
3492 4585 3671 4649 οὐσίας
3725 4584 3820 4640 καὶ

427 4680 524 4744 tiae
544 4688 604 4743 et
622 4678 911 4743 facultatis
932 4698 999 4741 ac
1023 4672 1587 4762 potestatis.Deinde
1606 4682 1706 4745 ubi
1723 4684 2084 4749 dixissetFi-

2168 4678 2402 4744 ἐξουσίας
2431 4679 2520 4734 καὶ
2547 4674 2817 4753 δυνάμεως
2875 4680 2902 4734 6
2957 4678 3095 4741 Υἱός.
3161 4677 3299 4735 Εἶτα
3342 4677 3502 4733 εἰπὼν
3560 4674 3641 4731 ὅτι
3671 4672 3818 4741 κλη-

424 4769 572 4835 lium
589 4788 721 4834 esse
732 4768 1031 4833 haeredem
1041 4769 1423 4834 Pateruarum
1438 4773 1874 4853 possessisnum
1887 4795 2085 4852 ,enar-

2168 4767 2387 4848 ρονόμος
2418 4767 2529 4823 ἐστὶ
2559 4767 2663 4830 τῶς
2732 4767 2998 4846 Πατρῴων
3033 4766 3515 4842 πλεονεκτημάτων
3585 4766 3613 4820 6
3672 4764 3818 4843 Υἱὸς,

424 4867 518 4923 rat
534 4860 712 4924 etiam
732 4880 848 4943 quo
873 4859 1197 4923 modoJ’er
1217 4859 1435 4941 ipsum,
1461 4861 1925 4943 inquit,condita
1947 4875 2086 4928 sunt

2168 4854 2507 4936 ἑπεξηγεϊται
2538 4856 2791 4920 καὶπῶς.
2832 4854 2912 4911 Δι’
2972 4858 3150 4932 αὐτοῦ,
3222 4856 3403 4937 φησὶν,
3481 4856 3529 4911 οἱ
3571 4855 3817 4926 αἱῶντες,

2150 2796 2433 2877 χαρακτὴρ
2464 2802 2566 2865 τῆς
2618 2797 2956 2861 ὑποστάσεως
3000 2795 3183 2877 αὐτοῦ,
3207 2795 3377 2877 φέρων
3420 2816 3478 2851 τε
3530 2794 3598 2851 τὰ
3627 2793 3800 2850 πάντα

427 4950 646 5013 saecula
670 4971 684 5012 :
709 4950 826 5013 hoc
848 4957 963 5027 est,
987 4951 1205 5013 saecula
1245 4957 1382 5011 sunt
1402 4950 1591 5032 ipsius
1614 4971 1681 5014 ac
1703 4952 1894 5015 Patris
1916 4973 2085 5017 com-

428 5041 635 5103 munia
665 5058 871 5122 opera.
897 5040 1065 5115 Quod
1113 5038 1163 5101 si
1193 5039 1410 5104 saecula
1429 5059 1748 5104 commune
1771 5050 1910 5104 sunt
1937 5063 2087 5124 opus

427 5128 620 5193 Patris
641 5149 711 5192 ac
738 5129 897 5206 Filii,
930 5148 1002 5193 ea
1032 5127 1209 5191 etiam
1231 5130 1390 5191 Patri
1441 5148 1509 5191 ac
1529 5129 1681 5193 Filio
1714 5131 1920 5213 utique
1951 5140 2090 5195 sunt

431 5217 774 5283 communia
803 5237 935 5300 qua;
983 5225 1121 5281 sunt
1148 5217 1213 5279 in
1253 5218 1512 5282 saeculis.
1559 5218 1725 5292 Quod
1759 5221 1810 5281 si
1841 5239 1910 5283 ea
1959 5240 2091 5302 quae

434 5315 572 5372 sunt
585 5308 648 5370 in
669 5307 1117 5385 saeculis,multo
1135 5307 1322 5387 magis
1336 5325 1404 5369 ea
1418 5326 1550 5388 quae
1566 5315 1695 5391 post
1711 5310 2087 5385 saeculasunt,

434 5415 653 5478 nempe
667 5395 927 5459 mundus
943 5403 1003 5458 et
1024 5414 1155 5478 quae
1174 5396 1236 5457 in
1259 5414 1329 5457 eo
1350 5397 1745 5461 sunt.Deinde
1756 5417 1832 5460 ne
1843 5400 2092 5461 audiens

432 5486 759 5562 heredem,
780 5484 1083 5548 existimes
1098 5503 1217 5548 non
1231 5492 1444 5548 natura
1463 5487 1749 5568 appellari
1762 5487 2086 5563 haeredem,

435 5577 543 5642 sed
554 5577 809 5659 quadam
822 5573 1013 5655 gratia
1038 5574 1787 5657 etadoptione,subjungit:
1802 5599 1824 5634 ι(
1835 5575 1946 5650 Qui
1958 5595 2093 5639 cum

433 5675 591 5732 csset
608 5665 897 5748 splendor
907 5662 1132 5746 gloriae,
1150 5688 1168 5721 ι
1194 5663 1402 5727 dicens
1420 5664 1876 5746 propemodum:
1903 5664 2096 5739 Quan-

435 5775 613 5841 quam
623 5754 878 5823 dixerim
891 5753 1052 5838 quod
1063 5771 1200 5819 eum
1213 5752 2094 5830 constitueritPaterhaeredem,

2165 4947 2514 5025 ἐποιήθησαν,
2574 4944 2834 5018 τουτέστι,
2908 4946 3058 5001 κοινά
3136 4946 3264 5002 εἰσιν
3348 4942 3475 5024 ἔργα
3532 4945 3580 5000 οἱ
3636 4943 3821 5006 αἰῶνες

2167 5035 2327 5093 αὒτοῦ
2361 5035 2448 5091 καὶ
2477 5044 2568 5093 τοῦ
2612 5034 2839 5112 Πατρός,
2889 5036 2947 5092 Εἰ
3004 5032 3057 5090 δὲ
3117 5035 3164 5091 οἷ
3196 5035 3380 5097 αἰῶνες
3438 5033 3613 5089 κοινὸν
3668 5030 3822 5110 ἔργον

2170 5125 2373 5204 Πατρὸς
2401 5124 2489 5180 καὶ
2520 5126 2660 5203 Υἱοῦ,
2694 5124 2875 5180 καὶτὰ
2924 5123 2976 5180 ἐν
3048 5137 3163 5185 τοῖς
3221 5124 3372 5179 αἰῶσι
3415 5123 3627 5185 πάντως
3673 5120 3825 5177 κοινὰ

2172 5215 2375 5293 Πατρὸς
2403 5214 2491 5269 καὶ
2523 5216 2665 5271 Υἱοῦ.
2740 5215 2799 5270 Εἰ
2842 5213 2897 5268 δὲ
2968 5213 3035 5269 τὰ
3106 5213 3160 5269 ἐν
3215 5225 3333 5277 τοῖς
3398 5213 3574 5285 αἰῶσι,
3631 5208 3820 5283 πολλῷ

2170 5302 2374 5381 μᾶλλον
2416 5302 2482 5359 τὰ
2513 5302 2648 5377 μετὰ
2676 5302 2798 5366 τοὺς
2829 5303 3045 5376 αἷῶνᾶς,
3097 5305 3213 5359 οἷον
3267 5303 3295 5358 6
3348 5300 3574 5377 κόσμος,
3617 5299 3706 5355 καὶ
3758 5299 3827 5354 τὰ

2171 5393 2222 5451 ἐν
2248 5395 2410 5468 αὐτῷ.
2444 5392 2583 5449 Εἶτα
2612 5390 2701 5448 ἵνα
2760 5392 2837 5467 μὴ
2910 5390 3246 5472 κληρονόμον
3289 5389 3542 5469 ἀκούσας,
3603 5387 3828 5463 νομίσης

2171 5482 2229 5540 οὒ
2262 5483 2397 5538 κατὰ
2439 5481 2589 5562 φύσιν
2648 5482 2978 5561 χρηματίσσι
3022 5479 3384 5562 κληαονόμον,
3441 5476 3577 5534 ἀλλὰ
3634 5477 3823 5557 χάριτι

2175 5573 2277 5630 τινὶ
2306 5573 2394 5629 καὶ
2422 5559 2740 5645 εἷσποιήσει,
2817 5571 3004 5650 ἐπάγει
3038 5587 3053 5603 ⁸
3123 5594 3147 5626 α
3189 5559 3297 5633 ι’ος
3369 5559 3445 5627 ὣν
3501 5566 3830 5646 ἀπαύγασμα

2177 5666 2275 5729 τῆς
2306 5658 2481 5734 δόξης,
2516 5677 2547 5719 )
2585 5661 2870 5741 μονονουχὶ
2913 5658 3107 5741 λέγων,
3150 5659 3225 5722 ὡς
3299 5660 3357 5714 Εἰ
3425 5657 3514 5713 καὶ
3562 5653 3830 5736 κληρονό-

2181 5773 2284 5829 μον
2327 5751 2483 5812 αὖτὸν
2513 5749 2673 5808 εἶπον
2727 5748 2809 5807 ὅτι
2852 5747 3039 5818 ἔθηκεν
3093 5751 3123 5806 6
3178 5747 3387 5828 Πατὴρ,
3447 5742 3611 5825 μηδὲν
3640 5765 3834 5804 ταπει-
