4132 6424
332 373 446 442 381
1423 372 1822 440 COMMENT.
1867 373 1953 437 IN

2080 371 2238 435 ’IST.
2284 373 2387 437 AD
2428 372 2658 437 HEBR.
3587 365 3727 435 ’282

337 512 428 567 νὸν
454 511 490 580 ἢ
517 508 728 578 ἀνάξιον
785 516 916 569 Θεοῦ
974 509 1259 587 ἐννόησης.
1318 510 1391 568 T6
1432 509 1556 589 γὰρ,
1616 507 1827 585 ἔθηκεν,
1872 506 1995 588 οὒχὶ

2080 502 2231 566 nihil
2262 505 2490 569 humile
2515 512 2616 568 aut
2642 504 2767 569 Deo
2810 505 3123 587 indignum
3166 506 3484 588 intelligas.
3518 504 3726 587 Neque

333 605 433 668 τῆς
463 600 813 672 εἰσποιήσεως
842 601 930 658 καὶ
971 607 1067 658 τοῦ
1120 599 1271 657 θετὸν
1326 598 1470 656 εἶναι
1498 600 1590 656 τὸν
1620 596 1984 679 κληρονόμον,

2080 591 2232 656 enim
2262 612 2298 657 a
2327 612 2423 656 me
2451 594 2677 659 dictum
2708 602 2798 657 est
2831 611 2845 659 :
2881 595 3220 677 Constituit,
3258 603 3322 658 ut
3364 594 3727 676 signiﬁcaret

334 688 550 768 εἴρηταί
600 711 693 766 μοι
736 687 1060 765 δηλωτικὸν,
1118 685 1255 744 ἀλλὰ
1294 690 1396 757 τῆς
1437 685 1530 743 τοῦ
1582 689 1705 744 Υἱοῦ
1730 687 1865 767 πρὸς
1895 686 1987 742 τὸν

2080 682 2477 764 adoptionem,
2509 691 2611 745 aut
2638 683 2799 766 quod
2838 684 3027 748 factus
3058 693 3217 749 esset
3248 686 3461 763 haeres,
3488 684 3593 747 sed
3624 701 3725 747 re-

336 776 546 858 Πατέρα
586 781 658 845 ὡς
704 777 881 839 αἴτιον
920 779 1058 835 κατά
1112 778 1264 858 φύσιν
1306 777 1573 857 ἀναφορᾶς
1623 778 1714 834 καὶ
1769 774 1986 836 συννεύ-

2080 770 2352 834 lationem
2385 792 2454 836 ac
2478 773 2890 837 reductionem
2928 774 3056 836 Filii
3089 774 3163 837 ad
3188 776 3421 838 Patrem
3446 783 3725 856 tanquam

334 888 474 932 σεως
506 884 524 900 ⁸
584 868 676 928 καὶ
714 866 808 925 ἵνα
861 867 943 944 μὴ
993 866 1227 924 ἀναίτιον
1266 866 1359 924 τὸν
1404 868 1522 924 Υἱὸν
1551 863 1861 939 ἀπολαϐὼν,
1892 863 1988 933 τῆς

2080 860 2150 922 ad
2180 880 2353 930 suum
2394 861 2753 944 principium
2785 871 2885 928 :et
2926 881 3002 925 ne
3022 863 3238 926 Filium
3271 864 3400 925 sine
3428 860 3727 945 principio

342 960 612 1036 [ἰατρικῆς
668 957 973 1037 συγγενείας
1054 954 1446 1036 ἀλλοτριώοῃς,
1519 956 1609 1012 καὶ
1677 952 1767 1011 δύο
1817 953 1994 1033 ἀρχὰς

2080 949 2448 1026 existimans,
2482 971 2515 1013 a
2549 951 2798 1014 Paterna
2844 952 3199 1033 cognatione
3254 952 3484 1015 alienes
3517 972 3532 1014 :
3578 969 3727 1012 neve

337 1044 743 1127 ἀπεᾶχισμένας
809 1044 1062 1117 ἀλλήλων
1116 1045 1440 1122 ὒπονοήσῃς.
1516 1044 1615 1100 Διά
1683 1051 1839 1103 τοῦτο
1893 1042 1994 1123 γάρ

2080 1039 2192 1127 duo
2222 1040 2516 1123 principia
2542 1060 2578 1103 a
2610 1059 2676 1104 se
2713 1049 2918 1103 mutuo
2969 1042 3157 1104 divisa
3205 1060 3340 1105 esse
3374 1040 3722 1123 suspiceris.

340 1158 433 1212 μοι
472 1126 562 1194 καὶ
589 1137 719 1194 αὐτὸ
746 1137 810 1194 τὸ
836 1134 1173 1215 κληρονόμος
1227 1134 1463 1215 εἴρηται,
1521 1132 1617 1190 ἵνα
1664 1133 1757 1191 τὸν
1786 1130 1988 1206 αἴτιον,

2080 1126 2307 1215 Etenim
2339 1138 2551 1211 pepter
2582 1131 2694 1193 hoc
2723 1130 2917 1211 ipsum
2962 1149 3200 1212 quoque
3229 1129 3422 1193 dictus
3453 1138 3542 1193 est
3571 1148 3606 1191 a
3631 1146 3728 1192 me

338 1224 454 1282 ὅθεν
482 1224 716 1283 κάτεισιν
770 1227 807 1295 ἡ
862 1224 1214 1305 κληρονομία,
1271 1226 1456 1285 αὐτίκα
1513 1222 1723 1301 ὲννοῇς,
1778 1223 1868 1279 καὶ
1911 1221 1990 1299 μὴ

337 1312 627 1393 ἀγέννητον
695 1313 877 1395 ὥσπερ
942 1315 1035 1371 τὸν
1097 1314 1305 1391 Πατέρα
1363 1315 1616 1391 ὑπονοῇς.
1680 1312 1788 1395 Διᾲ.
1836 1318 1990 1369 τοῦτο

339 1390 441 1483 γάρ
483 1404 694 1485 εἴρηταί
721 1405 813 1480 μόι
843 1390 931 1462 καὶ
963 1405 1052 1485 τὸ,
1084 1390 1456 1485 κληρονόμον,
1488 1390 1576 1461 καὶ
1616 1404 1702 1484 τὸ,
1752 1390 1986 1470 ”Εθηκε.

344 1495 440 1550 Διὸ
464 1494 739 1575 ἐπήγαγον
767 1494 976 1568 αὐτίκα,
1031 1484 1128 1561 ﬂOi;
1177 1484 1251 1553 ὢν
1294 1494 1645 1573 ἀπαύγασμα.
1697 1494 1757 1551 Εἰ
1789 1491 1853 1575 δὲ
1896 1496 1991 1551 οὒκ

338 1582 494 1652 ἐτέθη
536 1565 864 1665 ἀπαύγασμα
916 1565 1083 1661 ε’ίναι,
1134 1583 1254 1642 ἀλλ’
1281 1583 1349 1653 ἧν
1390 1565 1737 1662 ἀπαύγασμα,
1772 1565 1882 1654 (Ὀς
1915 1580 1989 1640 ὢν

340 1673 443 1754 γὰρ
510 1674 859 1756 ἀπαύγασμα,
919 1672 1104 1757 ἔφην).
1176 1672 1305 1733 Οὐδὲ
1356 1672 1689 1753 κληρονόμος
1745 1669 1991 1757 δηλονότι

337 1751 516 1840 ἐτέθη,
560 1751 681 1821 ἀλλἱ
734 1762 773 1832 ἢ
821 1751 937 1821 καθ’
960 1751 971 1757 ⁷
997 1751 1066 1824 δέ
1098 1762 1310 1845 εἴρηταί
1354 1751 1476 1841 μοιή
1503 1762 1723 1843 τρόπον.
1757 1751 1903 1843 υΟρα
1934 1759 1990 1819 δὲ

2075 1214 2287 1294 δίετες,
2321 1225 2387 1281 ιιι
2417 1218 2777 1301 principium
2827 1220 3024 1282 statim
3074 1219 3371 1299 intelligas
3401 1238 3436 1281 a
3466 1238 3582 1301 quo
3613 1218 3721 1280 de-

2070 1306 2306 1369 scendit
2322 1307 2785 1385 haereditasmec
2809 1308 3141 1390 ingenitum
3162 1309 3487 1391 suspiceris
3498 1312 3654 1371 sicut
3670 1316 3730 1372 et

2071 1392 2309 1458 Patrem
2354 1413 2369 1460 :
2407 1399 2551 1461 519
2582 1406 2900 1480 propterea
2939 1399 3102 1461 enim
3143 1417 3178 1460 a
3226 1417 3324 1461 me
3355 1397 3579 1461 dictum
3610 1403 3723 1472 est,

2073 1484 2412 1561 Haeredem,
2441 1495 2503 1550 et
2531 1487 2872 1551 Constituit.
2914 1486 3055 1551 Ideo
3081 1488 3355 1571 protinus
3388 1486 3677 1569 subjunxi
3710 1508 3724 1549 :

2071 1571 2183 1646 Qui
2203 1593 2338 1638 cum
2370 1585 2528 1642 esset
2547 1577 2833 1659 splenior
2894 1577 3060 1651 Quod
3088 1577 3138 1640 si
3168 1597 3285 1640 non
3318 1586 3407 1641 est
3430 1576 3724 1641 constitu-

2071 1670 2164 1725 tus
2194 1674 2259 1727 ut
2285 1672 2442 1728 esset
2456 1666 2745 1729 autﬁeret
2776 1666 3062 1749 splendor
3081 1667 3163 1730 ait
3183 1666 3341 1730 enim
3366 1685 3380 1730 :
3402 1685 3536 1730 cum
3573 1674 3730 1728 esset

2069 1753 2403 1835 splendor),
2450 1774 2646 1837 neque
2677 1774 2819 1819 sane
2863 1757 3217 1818 constitutus
3248 1764 3338 1819 est
3367 1757 3581 1832 haeres,
3616 1755 3727 1818 sed

336 1853 456 1918 πῶς
517 1851 854 1934 ἐμφαντικῶς
930 1854 1020 1911 καὶ
1100 1841 1330 1933 ἀκριϐῶς
1411 1841 1590 1926 εἶπεν,
1665 1841 1991 1930 ἀπαύγασμα

2080 1841 2251 1904 modo
2279 1862 2397 1925 quo
2420 1862 2600 1925 supra
2629 1844 2773 1909 dixi.
2814 1844 2958 1907 Vide
2979 1852 3175 1934 autem
3198 1864 3397 1934 quam
3434 1845 3730 1925 signican—

338 1942 528 2016 εἰπὼν,
585 1941 675 1999 καὶ
742 1940 841 2017 ὢν,
913 1944 1001 1999 καὶ
1068 1942 1165 2011 τῆς
1226 1940 1404 2010 δόξης.
1464 1942 1562 1998 Διά
1604 1940 1702 2017 μὲν
1744 1941 1845 2020 γὰρ
1897 1946 1991 1997 τοῦ

339 2031 693 2109 ἀπαύγασμα,
726 2030 826 2099 τὴν
868 2032 1007 2100 κατὴ
1037 2032 1190 2113 φύσιν
1241 2031 1302 2088 ἐκ
1357 2038 1449 2088 τοῦ
1491 2031 1697 2110 Πατρὸς
1766 2026 1990 2109 πρόοδον

340 2127 436 2178 τοῦ
466 2119 587 2176 ι’ἱοῦ
628 2117 811 2186 δηλοῖ.
866 2118 1027 2179 Οὐδὲν
1057 2121 1160 2200 γὰρ
1210 2119 1350 2185 ὅλως
1382 2118 1610 2196 οωαμοῦ
1650 2119 1789 2176 κατά
1830 2118 1989 2199 χάριν

341 2210 432 2267 καὶ
503 2208 797 2276 εἰσποίησιν
852 2209 1088 2289 πρόεισιν
1143 2210 1469 2290 ἀπαύγασμά
1510 2230 1674 2288 τινος,
1734 2212 1833 2267 οὐκ
1885 2208 1990 2264 ἀπὸ

341 2306 438 2356 τοῦ
464 2297 637 2373 ἡλίου,
686 2298 781 2355 οὐκ
821 2299 927 2356 ἀπὸ
957 2306 1049 2357 τοῦ
1077 2301 1262 2380 πυρὸς,
1297 2299 1394 2357 οὒκ
1446 2295 1537 2379 ἀφ’
1596 2297 1775 2378 ἐτέρου
1824 2298 1991 2377 τινὸς,

340 2388 434 2469 ἀφ’
476 2390 538 2446 οὗ
591 2387 820 2469 πέφυκεν
863 2389 1186 2468 ἀπαύγασμα
1238 2388 1507 2470 προϊέναι,
1591 2388 1688 2444 Διά
1742 2385 1798 2443 δὲ
1877 2392 1989 2460 τοῦ,

341 2477 442 2552 ὢν,
488 2476 570 2535 ὅτι
623 2477 683 2535 οὗ
710 2478 1013 2559 πρόσφατον
1056 2477 1175 2559 ἔχει
1216 2480 1279 2535 τὸ
1322 2478 1464 2535 εἶναι
1492 2476 1837 2555 ἀπαύγασμα,
1870 2473 1993 2532 ἀλλ’

342 2565 397 2633 ἐξ
427 2565 622 2648 ἀϊδίου,
653 2569 743 2625 καὶ
771 2567 852 2624 ἀεὶ
877 2565 973 2627 ὤν.
1022 2568 1165 2626 Εἶτα
1214 2565 1270 2624 δὲ
1311 2568 1400 2625 καὶ
1450 2568 1513 2624 τὸ
1556 2567 1735 2623 θεϊκὸν
1789 2563 1995 2640 ἀξίωμα

343 2654 430 2712 διὰ
475 2664 588 2727 τοῦ,
649 2655 749 2736 ὢν,
821 2662 1075 2736 παριστᾷ.
1137 2654 1317 2719 Οὕτως
1382 2655 1485 2736 γὰρ
1537 2655 1627 2710 καὶ
1696 2656 1724 2710 ὁ
1785 2653 1990 2733 Πατὴρ,

350 2767 375 2799 ι
415 2742 555 2824 Ἐγώ
585 2746 694 2821 εἰμι
736 2748 765 2802 6
822 2744 920 2820 ὢν,
956 2769 984 2801 n
1031 2746 1160 2826 φησὶ
1215 2744 1564 2825 χρηματίζων
1616 2748 1696 2818 τῷ
1751 2748 1991 2804 Meliust.

346 2832 522 2893 ἰκανά
577 2835 677 2911 μὲν
720 2833 809 2892 οὖν
838 2835 925 2891 καὶ
978 2836 1042 2892 τὸ
1083 2834 1429 2914 ἀπαύγασμα,
1475 2835 1563 2891 καὶ
1605 2834 1666 2890 τὸ
1737 2830 1833 2905 ὢν,
1894 2833 1994 2902 τήν

345 2946 403 2981 τε
445 2925 581 2981 κατά
622 2924 775 3005 φύσιν
815 2922 1039 3005 πρόοδον
1094 2928 1430 3003 παραστῆσαι
1487 2929 1581 2981 τοῦ
1624 2924 1746 2980 Υἱοῦ
1802 2920 1862 2977 ἐκ
1902 2927 1994 2978 τοῦ

350 3015 577 3095 Πατρὸς,
624 3015 713 3071 καὶ
767 3015 828 3071 τὸ
881 3014 1181 3095 ὁμοούσιον,
1213 3015 1302 3071 καὶ
1331 3010 1618 3075 συναίδιον,
1664 3015 1737 3070 Τὸ
1779 3009 1858 3085 δὲ,
1906 3011 1994 3067 καὶ

341 3102 521 3179 δόξης,
569 3105 938 3184 προπτίθησιν,
983 3104 1077 3160 ἵνα
1137 3102 1325 3180 εἴπῃς,
1385 3109 1478 3161 τοῦ
1528 3103 1851 3179 τιμιώτατον
1905 3101 1995 3157 καὶ

345 3192 465 3250 κατ’
514 3192 693 3253 οὐσίαν
742 3192 1056 3273 προσόντος,
1100 3192 1189 3249 καὶ
1235 3195 1296 3249 0-3
1350 3199 1535 3269 μεῖζον
1592 3195 1686 3273 οὒκ
1742 3188 1881 3247 ἔστιν
1939 3189 1994 3246 ἐν

2075 1939 2165 1993 ter
2190 1940 2247 1993 et
2278 1941 2482 1996 exacte
2515 1934 2741 1998 locutus
2772 1934 2869 2009 sit,
2902 1954 3034 1996 cum
3066 1933 3147 1995 ait
3176 1933 3570 2016 Splendor,et
3590 1950 3726 1996 cum

2073 2030 2215 2084 esset
2247 2028 2308 2084 et
2328 2022 2685 2101 gloriae.Per
2704 2024 3086 2105 splendorem
3113 2024 3729 2105 namque'manilcstat

2074 2112 2403 2173 naturalem
2457 2112 2591 2174 Filii
2645 2131 2716 2175 ex
2758 2115 2931 2176 Patre
2975 2130 3357 2195 progressum
3417 2111 3724 2193 Siquidem

2073 2218 2374 2282 nunquam
2395 2203 2640 2264 omnino
2660 2203 3009 2284 cujusquam
3032 2202 3453 2285 splendor,per
3480 2201 3724 2282 gratiam

2076 2297 2178 2351 aut
2196 2290 2580 2370 adoptionem
2625 2292 2893 2372 procedit
2926 2311 3034 2353 nec
3067 2311 3100 2353 a
3130 2293 3278 2365 sole,
3318 2311 3427 2354 nec
3457 2294 3529 2353 ab
3561 2291 3721 2371 igne,

2078 2397 2190 2442 nec
2216 2398 2251 2440 a
2276 2398 2310 2441 a
2338 2380 2544 2462 quovis
2564 2381 2680 2443 aiio
2701 2381 2859 2443 unde
2889 2381 3040 2443 solet
3062 2381 3348 2463 splendor
3379 2382 3727 2464 procedere.

2080 2467 2191 2530 Per
2218 2469 2330 2530 hoc
2360 2478 2561 2531 autem
2594 2474 2752 2552 quod
2785 2471 2864 2532 ait
2893 2491 2906 2533 :
2931 2490 3066 2532 cum
3109 2480 3286 2547 eiset,
3320 2470 3582 2533 ostendit
3611 2488 3730 2532 non

2078 2557 2191 2619 hoc
2221 2556 2309 2619 illi
2340 2576 2554 2621 recens
2578 2578 2710 2622 esse
2743 2560 3119 2643 ut-splendor
3145 2560 3240 2631 sit,
3269 2560 3376 2623 sed
3406 2560 3481 2622 ab
3512 2568 3734 2622 aeterno

2077 2665 2439 2729 semperque
2469 2648 2655 2711 fuisse
2711 2649 2946 2712 Deinde
2988 2658 3184 2713 autem
3235 2659 3294 2711 ct
3331 2650 3589 2712 divinam
3622 2648 3732 2710 de-

2079 2746 2368 2799 monstrat
2396 2737 2770 2818 dignitatem,
2807 2739 3020 2801 dicens
3048 2741 3142 2810 ὢν,
3169 2739 3228 2801 id
3253 2749 3360 2815 est,
3390 2758 3524 2801 cum
3550 2745 3728 2801 esset.

2075 2824 2160 2888 Ita
2191 2826 2353 2888 enim
2385 2830 2649 2908 et,Pater
2677 2847 2810 2891 cum
2836 2829 2908 2890 ad
2932 2833 3137 2893 Mosen
3169 2829 3543 2911 loqueretur:
3569 2828 3733 2906 (Ego

2076 2934 2230 2991 sum,
2267 2916 2480 2997 inquit,
2515 2916 2617 2999 qui
2647 2918 2846 2983 sumi.
2878 2940 2903 2977 ι
2958 2917 3179 2980 Idonea
3227 2927 3362 2981 sunt
3406 2918 3603 2998 itaque
3644 2925 3729 2979 te-

2076 3004 2354 3066 stimonia
2383 3006 2455 3067 ad
2494 3006 3025 3070 demonstrandum
3049 3016 3107 3070 et
3132 3008 3460 3071 naturalem
3498 3006 3630 3069 Filii
3662 3025 3733 3069 ex

2082 3096 2254 3157 Patre
2292 3111 2670 3175 progressum
2697 3105 2755 3158 et
2777 3096 3448 3159 consubstantialitatem
3477 3112 3547 3159 ac
3578 3114 3732 3157 coae-

2081 3182 2446 3262 ternitatem,
2495 3193 2614 3247 tum
2666 3187 2824 3267 quod
2877 3185 3005 3248 ait:
3041 3186 3360 3268 Splendor,
3406 3194 3526 3247 tum
3575 3185 3733 3267 quod

347 3284 535 3357 Πατρὶ,
561 3270 817 3341 ἐκείνου.)ιὸ
874 3282 993 3345 Υἱός
1041 3270 1206 3338 νέστιν
1248 3280 1595 3361 ἀπαύγασμα.
1659 3270 1813 3360 Ὀρᾷς
1883 3285 1995 3345 πῶς

2084 3273 2268 3336 dicit:
2302 3271 2448 3335 Cum
2481 3282 2657 3336 esset.
2679 3273 2808 3337 Jam
2830 3292 2972 3337 vero
3009 3276 3174 3337 addit
3195 3275 3372 3338 etiam
3405 3274 3641 3349 Gloriae,
3673 3280 3739 3335 ut

343 3372 434 3428 καὶ
459 3373 615 3428 τίνων
657 3371 768 3428 ἐστὶ
815 3369 1148 3451 κληρονόμος
1181 3371 1210 3427 6
1270 3371 1388 3434 Υἱός
1421 3391 1438 3452 ς
1501 3370 1639 3428 Εἶτα
1684 3368 1759 3425 ἔτι
1815 3389 1999 3446 σαφη-

344 3460 500 3531 νίζων
540 3461 604 3517 τὺ
657 3459 834 3539 ῥηθὲν,
869 3459 1055 3539 ἐπάγει
1092 3476 1107 3492 '
1158 3480 1191 3518 ι
1242 3462 1339 3519 Καὶ
1395 3459 1675 3540 χαρακτὴρ
1725 3463 1822 3525 τῆς
1871 3459 2001 3513 ὑπο-

345 3550 584 3615 στάσεως
640 3550 823 3610 αύτοῦ.
888 3571 916 3605 ι
964 3554 1117 3625 Οῐον,
1191 3548 1323 3617 ὅλην
1382 3549 1438 3605 ἐν
1508 3549 1678 3623 ἑαυτῷ
1733 3546 1999 3612 ἀποτάξας

344 3640 446 3707 τὴν
476 3640 652 3696 οὖσίαν
681 3638 769 3695 καὶ
823 3637 925 3706 τὴν
978 3638 1217 3717 ὕπαρξιν,
1281 3638 1410 3702 Θεός
1464 3637 1627 3709 ἐστιν,
1660 3634 1998 3705 ἐξουσιαστής

345 3728 482 3790 ἐστι,
528 3725 943 3804 παντοδύναμος,
1001 3730 1360 3809 Δημιουργὸς,
1424 3729 1513 3785 καὶ
1567 3726 1620 3783 εἴ
1659 3749 1710 3783 τι
1741 3723 1871 3783 ἄλλο
1900 3726 2000 3793 τὴν

345 3818 617 3891 Πατρικὴν
670 3817 886 3900 ὕπαρξιν
967 3820 1371 3899 χαρακτηρίζει,
1458 3815 1606 3884 Πλὴν
1682 3823 1776 3873 1:06
1857 3816 1999 3873 εἶναι

346 3908 555 3986 Πατὴρ,
602 3908 774 3966 πάντα
817 3909 926 3966 ἐστὶ
954 3911 982 3965 6
1039 3908 1182 3971 Υἱός,
1247 3910 1342 3965 Διὸ
1399 3908 1489 3964 καὶ
1539 3907 1710 3964 πάντα
1779 3913 1855 3981 τῷ
1906 3906 2000 3984 ῥή-

2083 3366 2285 3428 dicas:
2316 3366 2483 3428 Illius
2514 3368 2799 3449 splendor
2826 3378 2915 3432 est
2943 3369 3320 3452 Filius,quod
3350 3367 3740 3432 honoratissi-

2085 3475 2245 3517 mum
2281 3466 2391 3525 est,
2428 3471 2486 3520 et
2518 3478 2586 3519 ex
2619 3476 2827 3523 natura
2855 3460 3109 3536 accedit,
3145 3468 3201 3522 et
3223 3478 3341 3542 quo
3373 3460 3564 3540 majus
3590 3457 3736 3519 nihil

2085 3554 2174 3607 est
2203 3546 2264 3607 in
2298 3545 2470 3609 Patre
2532 3546 2712 3611 Vides
2744 3556 3045 3631 quomodo
3078 3559 3134 3612 et
3160 3569 3413 3632 quorum
3437 3551 3624 3611 haeres
3645 3549 3713 3611 Fi

2082 3634 2248 3696 lius?
2278 3634 2505 3697 Deinde
2534 3638 2800 3715 apertius
2832 3640 3155 3719 explanans
3177 3639 3334 3720 quod
3365 3639 3590 3700 dictum
3624 3644 3735 3710 est,

2084 3725 2429 3805 Subjungit:
2472 3726 2589 3787 (Et
2615 3745 2894 3809 expressa
2921 3728 3115 3809 imago
3148 3727 3732 3791 substantiaeillius»

2084 3817 2213 3878 Hoc
2235 3823 2346 3895 est,
2393 3822 2572 3876 totam
2606 3816 2666 3877 in
2696 3817 2895 3898 seipso
2936 3818 3283 3897 complexus
3322 3817 3643 3879 essentiam
3671 3834 3741 3877 ac

2083 3903 2498 3973 subStanliam,
2523 3905 2679 3968 Deus
2702 3916 2813 3981 est,
2851 3907 3096 3969 inﬁnitae
3125 3907 3515 3978 auctoritatis,
3536 3904 3737 3967 omni-

343 4018 476 4072 ματι
534 4000 632 4061 τῆς
690 3995 960 4073 δυνάμεως
1016 3997 1256 4076 περιάγει
1297 3998 1385 4052 καὶ
1428 3996 1639 4075 συνέχει
1685 3995 1773 4052 καὶ
1830 3992 1995 4061 πηδα-

2083 3994 2592 4074 potens,Creator,
2628 3995 2745 4057 etsi
2770 3996 2910 4077 quid
2937 3996 3096 4057 aliud
3133 4003 3221 4058 est
3244 3995 3399 4077 quod
3426 3995 3737 4058 Paternam

341 4085 589 4165 λιουχεϊ.
628 4084 792 4152 Εἶδες
822 4084 1153 4164 κληρονόμον
1210 4083 1447 4160 ἀληθῶς,
1492 4091 1607 4150 πῶς
1657 4084 1865 4141 ἅπαντα
1920 4084 1995 4139 κέ-

2086 4083 2365 4163 exprimit
2389 4083 3207 4166 substantiam,prmterquam
3224 4103 3357 4148 esse
3384 4088 3639 4158 Patrem,
3666 4102 3741 4146 ea

341 4197 535 4243 κτηται
565 4176 633 4233 τὰ
659 4182 755 4233 τοῦ
786 4176 987 4255 Πατρός
1023 4190 1039 4249 ;
1103 4174 1242 4232 Εἶτα
1289 4175 1450 4231 εἰπὼν
1506 4174 1573 4230 τὰ
1620 4177 1738 4231 θεῖα
1767 4174 1889 4252 περὶ
1913 4179 1995 4229 τοῐ

2089 4171 2287 4234 omnia
2308 4180 2398 4234 est
2428 4172 2649 4235 Filius:
2676 4174 2810 4236 ideo
2842 4194 3076 4255 quoque
3097 4174 3295 4237 omnia
3325 4174 3505 4235 verbo
3531 4181 3704 4254 poten
3722 4205 3741 4217 ο

347 4266 467 4320 Υἱοῦ
527 4265 616 4320 καὶ
670 4264 933 4345 ὑπερφυῆ,
995 4263 1197 4340 μέτεισι
1263 4265 1351 4321 καὶ
1407 4264 1493 4320 ἐπὶ
1574 4264 1642 4321 τὰ
1710 4261 1898 4337 λοιπὰ,
1972 4263 1995 4318 ἃ

2090 4262 2170 4323 tia
2192 4270 2387 4324 versat
2411 4272 2469 4323 et
2491 4263 2759 4324 continet
2790 4283 2859 4325 ac
2891 4264 3209 4345 gubernat.
3246 4264 3455 4326 \‘iden‘
3487 4282 3739 4344 quomo-

347 4354 751 4433 ὓπερθαύμαστα
824 4354 920 4432 μὲν
962 4356 1091 4411 εἰσιν
1148 4352 1292 4411 οὖδὲν
1337 4351 1553 4410 ἔλαττον
1597 4354 1685 4409 καὶ
1739 4353 1995 4433 ὑπερφυῆ,

2088 4352 2163 4411 do
2193 4370 2331 4413 vere
2364 4351 2554 4413 hmres
2586 4352 2660 4415 sit
2696 4365 2747 4415 et
2793 4354 2994 4415 omnia
3026 4354 3326 4434 possideat
3373 4372 3504 4435 quae
3555 4350 3742 4415 Pairis

349 4444 568 4504 ταπεινᾷ
596 4442 652 4499 δὲ
681 4441 830 4518 ὅμως
888 4444 1107 4503 ἀκοῦσαι
1165 4442 1308 4510 δόξαι
1363 4445 1453 4500 καὶ
1509 4441 1725 4522 εὖτελῆ,
1783 4441 1995 4507 θάνατος

2088 4440 2264 4502 sunt?
2319 4442 2699 4503 Postmudum
2749 4443 2848 4504 ubi
2895 4444 3095 4505 divina
3150 4463 3217 4505 ac
3269 4442 3745 4525 supernatnrnlis

352 4531 922 4613 καὶσφαγή.Ἀλλα.
1013 4575 1029 4591 .
1120 4576 1138 4593 .
1231 4582 1245 4597 .
1338 4576 1352 4592 .
1446 4579 1462 4596 .
1554 4579 1567 4593 .
1661 4578 1675 4594 .
1769 4580 1783 4594 .
1876 4580 1889 4594 .
1985 4581 1995 4593 .

2088 4529 2235 4592 dixit
2264 4530 2338 4592 de
2374 4531 2772 4604 Filio,tran~it
2801 4532 2978 4594 etiam
3002 4536 3072 4594 ad
3109 4533 3531 4614 reliquazqum
3559 4530 3740 4592 maxi-

1427 4645 1454 4678 α
1518 4619 1597 4677 Δι’
1643 4624 1704 4677 οὗ
1752 4623 1840 4678 καὶ
1882 4621 1995 4685 τοὺς

2090 4641 2186 4683 me
2229 4622 2580 4683 admiranda
2637 4632 2780 4685 sunt
2821 4641 2932 4687 nec
2979 4624 3181 4685 minus
3240 4623 3740 4704 supernaturalia,

350 4711 540 4775 αἰῶνας
562 4711 802 4780 ἐποίησε.
847 4734 871 4770 ι
911 4719 1015 4772 llo-3
1043 4714 1172 4769 εἰσιν
1202 4716 1248 4770 οἱ
1277 4711 1549 4791 λέγοντες,
1582 4698 1677 4767 Ἠν
1705 4708 1793 4766 ὅτε
1825 4712 1921 4768 οὒκ
1941 4710 1995 4778 ἧι

2088 4720 2346 4772 attamen
2365 4729 2437 4772 au
2466 4710 2856 4774 lituvidentur
2878 4713 3127 4775 humilia
3157 4733 3225 4774 uc
3255 4698 3560 4793 viliu,puta
3585 4698 3744 4773 mors

348 4802 378 4856 6
423 4802 540 4866 Υἱός
577 4819 593 4877 ;
639 4803 715 4859 Ού
773 4803 871 4881 γὰρ
913 4804 1014 4859 ὑπὸ
1072 4804 1268 4883 χρόνον
1312 4805 1339 4860 6
1370 4802 1609 4869 Ποιητὴς
1641 4801 1746 4857 τῶν
1776 4801 2003 4859 αἰώνων.

345 4887 566 4959 Ἐπειδὴ
594 4889 650 4947 δὲ
682 4891 856 4957 αἴτιος
888 4894 917 4949 6
972 4893 1156 4973 Πατὴρ
1198 4899 1290 4949 τού
1335 4895 1478 4961 Υἱοῦ,
1538 4891 1755 4955 εἰκότως
1783 4891 1872 4946 καὶ
1899 4895 2005 4947 τῶν

340 4978 434 5036 ὑπ’
464 4982 625 5037 αύτοῦ
652 4980 975 5058 γεγονότων,
1026 4983 1125 5039 Διὰ
1166 4982 1320 5039 τοῦτό
1349 5004 1507 5063 φησι,
1545 4977 1623 5036 Δι’
1659 4982 1720 5037 οὗ
1749 4981 1777 5035 6
1824 4978 2005 5057 Πατὴρ

338 5067 621 5157 γὰρηδοκετ
646 5083 850 5150 ποιεῖν,
908 5071 966 5134 ὃς
1015 5073 1107 5128 τὸν
1163 5072 1464 5142 ποιήσαντα
1524 5071 1643 5125 Υἱὸν
1698 5066 2000 5146 ἐγέννησεν.

349 5177 374 5213 I
436 5153 531 5220 "06
560 5155 634 5214 ὧν
684 5156 1032 5236 ἀπαύγασμα.
1097 5183 1125 5215 ι
1193 5160 1550 5239 Ἀπαύγασμα
1580 5155 1855 5230 καλεῖται,
1887 5153 2003 5211 δει-

339 5247 465 5311 κνὺς
497 5249 596 5315 τὴν
626 5247 689 5304 ἐκ
717 5250 924 5327 Πατρὸς
953 5250 1112 5306 οἱονεί
1138 5271 1253 5313 πως
1284 5252 1359 5314 εἷς
1414 5251 1477 5305 τὸ
1532 5246 1631 5313 ἔξω
1659 5243 1998 5325 διεκδρομὴν,

342 5333 462 5393 οὔτε
516 5336 735 5405 εἰσάπαξ
791 5337 1216 5418 ἀπηλλαγμένην
1272 5343 1371 5409 τῆς
1414 5337 1530 5396 ὅθεν
1589 5336 1730 5393 ἐστὶν
1774 5335 2006 5392 ὑποστά-

341 5446 499 5509 σεως,
561 5425 679 5484 οὔτε
737 5428 809 5493 εἷς
887 5428 1029 5485 ἅπαν
1111 5428 1525 5506 συνεσταμένην,
1613 5446 2005 5506 προεκκυπτου-

339 5536 439 5573 σαν
463 5514 547 5593 δὲ,
577 5517 758 5597 ὥσπερ
801 5519 880 5581 εὶς
936 5518 998 5575 τὸ
1046 5519 1329 5601 ὑφεστάναι
1364 5519 1481 5576 καθ’
1524 5516 1739 5590 ἑαυτὴν,
1784 5515 1874 5572 καὶ
1926 5515 2003 5577 εἰς

415 5681 446 5730 ί
468 5683 662 5750 Exod.
695 5686 758 5764 1,
797 5685 896 5751 14.

2093 4799 2662 4866 ctoccisio!Sed.
2758 4851 2771 4866 .
2865 4853 2880 4867 .
2973 4851 2987 4867 .
3081 4848 3094 4863 .
3188 4848 3202 4862 .
3292 4847 3305 4862 .
3403 4850 3417 4865 .
3506 4845 3522 4860 .
3615 4848 3628 4862 .
3723 4846 3739 4862 .

2096 4927 2112 4942 .
2203 4925 2219 4941 .
2312 4930 2326 4945 .
2418 4924 2434 4940 .
2527 4927 2542 4942 .
2635 4926 2652 4943 .
2744 4932 2758 4947 .
2850 4931 2866 4947 .
2958 4932 2972 4947 .
3069 4879 3741 4963 .«Perquemcondi-

2090 4971 2176 5033 dit
2207 4980 2264 5035 et
2286 4970 2688 5036 saecula-Mhi
2708 4981 2845 5035 sunt
2866 4973 2964 5055 qui
2994 4973 3201 5034 dicunt
3229 4974 3387 5053 quod
3422 4970 3741 5051 aliquando

2088 5081 2208 5123 non
2239 5069 2366 5123 erat
2395 5061 2634 5124 Filius?
2666 5062 2971 5143 Siquidem
3023 5080 3139 5123 non
3186 5071 3274 5123 est
3320 5060 3430 5124 sub
3474 5069 3743 5141 tempore

2088 5150 2373 5215 Conditor
2395 5151 2774 5215 saeculorum.
2801 5151 3092 5226 Quoniam
3123 5159 3320 5213 autem
3365 5152 3540 5213 Pater
3574 5149 3742 5231 priu-

2087 5239 2306 5321 cipinm
2329 5249 2417 5301 est
2448 5239 2831 5315 Filii,merito
2856 5261 3064 5304 eorum
3081 5241 3258 5303 etiam
3284 5258 3461 5301 causa
3493 5248 3584 5301 est
3611 5258 3747 5320 qua;

2086 5350 2121 5392 a
2154 5330 2303 5393 Filio
2334 5330 2484 5391 facta
2514 5333 3006 5412 suut.l'rnpterea
3027 5330 3199 5393 dicit:
3222 5332 3339 5393 Per
3358 5331 3745 5410 quemJ’aIer

2086 5437 2345 5501 namque
2368 5418 2566 5481 facere
2583 5419 2984 5497 vidulum-um
3015 5420 3231 5484 Filium
3263 5419 3537 5499 genuerit
3554 5417 3656 5499 qui
3674 5436 3746 5480 ea

2087 5511 2255 5574 fecit.
2281 5512 2327 5572 ὅ
2350 5510 2425 5570 σθ
2458 5533 2477 5564 σ
2509 5509 2620 5586 Qui
2665 5529 2801 5573 cum
2841 5519 3002 5573 esset
3032 5507 3338 5595 splendor.
3368 5530 3395 5565 ο
3430 5506 3748 5592 Splendor
