4132 6426
383 361 507 428 285
1545 358 1943 427 COMMENT.
1991 358 2074 422 IN
2118 357 2360 421 EPIST.
2407 356 2509 419 AD
2551 355 2782 420 HEBR.
3662 345 3782 415 286

380 518 546 577 φατον
618 494 868 575 γέννησιν
934 494 1198 576 ἐμφαίνει.
1251 493 1467 567 Εὖδοκίᾳ
1522 495 1622 575 γὰρ
1674 494 1768 553 τοῦ
1837 493 2019 574 Πατρὸη

2121 486 2306 577 genui
2337 496 2397 552 te
2423 508 2436 548 :
2461 487 2566 551 sed
2588 485 2762 569 illud,
2793 484 2981 577 Filius
3011 503 3182 577 meus
3201 502 3289 562 es,
3317 490 3609 577 quatenus
3623 482 3782 577 ver-

376 571 725 664 γεγέννηται,
771 571 984 660 Πνεῦμα
1019 571 1029 576 ⁷
1056 583 1177 664 γὰρ,
1238 585 1418 665 φησὶν,
1484 586 1512 641 ὁ
1537 571 1816 665 ’ἅγγελοῆ
1885 571 2019 662 ἅγιοι

2120 575 2260 639 bum
2294 584 2388 639 est
2423 594 2436 640 :
2472 582 2759 665 aeternam
2790 575 2949 665 enim
2983 574 3283 655 signiﬁcat
3302 572 3664 635 nativitatem
3678 571 3780 655 Es;

374 657 718 731 ἐπέλεύσεται
755 672 843 731 ἐπὶ
1015 657 1142 731 sic;
1162 657 1169 660 ⁷
1191 674 1279 732 καὶ
1334 657 1551 751 δύναμις
1615 657 1871 750 "maiae
1911 657 2019 730 tiu.

2121 666 2234 728 hoc
2257 672 2455 728 autem
2486 657 2681 727 Hodie
2710 664 2888 743 genui
2920 672 3001 747 te,
3033 665 3204 745 juxta
3246 681 3486 725 carnem
3513 683 3528 723 :
3561 680 3781 725 recen-

376 763 588 821 σκιάσει
623 785 728 826 σοι,

1016 1127 1267 1181 ΚΕΦΑΛ.
1314 1110 1397 1182 B'.

379 1235 406 1272 ι
474 1199 583 1273 ’δτι
641 1216 702 1273 οὔ
743 1213 1076 1295 λειτουργικῆ
1128 1215 1164 1283 ἡ
1207 1212 1328 1279 δόξα
1373 1220 1620 1293 Χριστοῦ,
1682 1213 1819 1271 ἀλλὰ
1877 1216 2033 1283 θεϊκὴ

456 1297 548 1353 καὶ
603 1296 862 1365 ποιητική
892 1293 929 1326 ’ἡ
966 1293 1050 1351 διὸ
1104 1296 1198 1352 οὒκ
1256 1295 1342 1351 ἐπὶ
1382 1295 1476 1352 τοῦ
1517 1296 1775 1374 παρόντος
1845 1297 2032 1359 αἰῶνος

461 1374 518 1432 ἐν
585 1380 631 1452 ᾧ
701 1379 748 1432 οἱ
836 1374 1152 1455 λειτουργοὶ,
1228 1373 1348 1431 ἀλλ’
1419 1373 1505 1432 ἐπὶ
1574 1373 1674 1445 τῆς
1732 1374 2032 1453 μελλούσης

460 1456 800 1533 οἰκουμένης.

457 1549 567 1609 Τίνι
596 1550 696 1630 γάρ
723 1548 851 1607 εἶπέ
880 1570 1010 1607 ποτε
1053 1556 1158 1608 τῶν
1203 1547 1470 1629 ἀγγέλων,
1535 1550 1669 1614 Υἱός¹
1714 1573 1816 1627 μου
1858 1551 1913 1607 εἴ
1944 1551 2029 1623 σὺ,

372 1638 485 1717 ἐγὼ
539 1640 772 1720 σήμερον
829 1638 1126 1718 γεγέννηκά
1180 1661 1239 1696 σε
1273 1655 1288 1669 ⁸
1364 1637 1523 1696 πάλιν
1558 1661 1572 1675 ·
1645 1640 1788 1719 Ἐγὼ
1841 1638 2030 1716 ἔσομαι

372 1730 520 1809 αὐτῷ
576 1730 648 1792 εἰς
720 1728 953 1809 Πατέρα,
1026 1731 1114 1786 καὶ
1162 1728 1319 1792 αότὸς
1376 1726 1522 1784 ἔσται
1594 1751 1685 1804 μοι
1753 1729 1826 1794 εἷς
1885 1729 2027 1791 Υἱόν,

374 1805 556 1876 ’Ὅταν
598 1815 655 1874 δὲ
694 1805 876 1875 πάλιν*
928 1818 1188 1896 εἰσαγάγῃ
1244 1818 1338 1874 τὸν
1406 1817 1745 1897 πρωτότοκον
1800 1819 1873 1882 εἰς
1930 1816 2030 1886 τήν

369 1906 711 1989 οἰκουμένην,
739 1906 908 1984 λέγει.
966 1910 1065 1967 Καὶ
1115 1908 1634 1987 προσκυνησάτωσαν
1666 1907 1808 1985 αὐτῷ
1836 1908 2028 1973 πάντες

367 1995 587 2075 ἄγγελοι
634 2003 792 2060 Πεοῦ.
829 1998 928 2056 Καὶ
956 1999 1089 2076 πρὸς
1120 1997 1219 2073 μὲν
1260 1997 1381 2062 τοὺς
1433 1995 1690 2077 ἀγγέλους
1731 1996 1875 2076 λέγει
1909 2015 1924 2030 ⁸
1971 1989 2028 2056 Ὀ

2120 762 2241 816 tem
2273 772 2534 835 namque
2564 752 2837 832 designat
2893 752 3284 816 nativitatem.
3318 751 3551 815 Etenim
3587 751 3780 815 Patris

2118 841 2495 925 beneplacito
2555 851 2729 905 natus
2779 851 2887 904 est.
2929 869 2954 899 α
2991 840 3247 923 Spiritus
3293 848 3557 922 sanctus,
3590 840 3781 922 inquit

2116 932 2384 1010 angelus,
2406 932 2788 1013 superveniet
2808 932 2868 993 in
2893 940 3011 1006 te;.
3040 930 3260 994 deinde
3281 929 3458 992 etiam
3487 950 3501 993 :
3533 951 3556 986 ι
3578 927 3778 991 Virtus

2119 1020 2409 1084 Altissimi
2440 1019 2818 1083 obumbrabit
2851 1020 2958 1083 tibi
2987 1020 3035 1082 ³.
3070 1021 3122 1082 4.
3158 1042 3184 1080 ι

2764 1108 3010 1174 CAPUT
3053 1109 3126 1174 ΙΙ.

2124 1199 2295 1272 Quod
2313 1216 2440 1261 non
2456 1201 2538 1262 sit
2555 1199 2974 1263 ministeriulis
3018 1199 3223 1279 gloria
3266 1201 3522 1280 Christi,
3548 1197 3654 1260 sed
3670 1197 3770 1280 di-

2200 1285 2345 1342 vina
2377 1289 2433 1342 el
2457 1281 2719 1360 efﬁww:
2754 1280 2891 1343 ideo
2918 1297 3046 1344 non
3069 1281 3357 1360 praesenti
3401 1279 3626 1343 saeculo
3657 1279 3773 1340 Ita-

2201 1360 2367 1435 bitet,
2398 1363 2465 1422 in
2496 1379 2614 1441 quo
2638 1368 2777 1423 sunt
2807 1362 3110 1436 ministri,
3143 1361 3249 1423 sed
3277 1366 3340 1423 in
3370 1360 3607 1441 futuro.

2197 1537 2242 1616 Ι,
2277 1540 2410 1602 5-7.
2442 1538 2600 1601 Nam
2653 1540 2755 1602 eui
2807 1540 2972 1603 dixit
3030 1557 3303 1620 unquam
3357 1536 3767 1617 angelorum:

2117 1627 2313 1692 Filius
2341 1646 2509 1691 meus
2537 1646 2600 1691 es
2653 1636 2740 1702 tu,
2774 1647 2878 1710 ego
2926 1629 3108 1692 hodie
3150 1629 3336 1709 genui
3366 1635 3422 1691 te
3443 1631 3471 1689 Ρ
3523 1629 3603 1689 Ac
3632 1643 3773 1688 rur-

2113 1734 2297 1779 sum:
2327 1718 2458 1798 Ego
2480 1737 2581 1779 ero
2615 1714 2678 1779 ei
2711 1717 2917 1797 Paler,
2953 1726 3004 1780 et
3050 1716 3157 1780 ille
3202 1718 3322 1780 erit
3349 1715 3503 1779 mihi
3532 1714 3776 1778 Filius?

2115 1808 2377 1871 Rursum
2417 1817 2646 1882 autem,
2704 1825 2838 1871 cum
2891 1810 3129 1871 inducit
3184 1806 3671 1888 Pm'mogenitum
3703 1807 3772 1867 in

2055 1873 2091 1921 Β
2111 1895 2310 1959 orbem
2342 1905 2673 1973 terrarum,
2721 1897 2875 1960 dicit
2922 1919 2941 1960 :
2990 1899 3071 1961 Et
3103 1897 3358 1961 adorent
3395 1873 3534 1959 Eum
3568 1913 3772 1958 omnes

2112 1986 2316 2065 angeli
2366 1988 2500 2051 Dei.
2524 1987 2625 2050 'Et
2659 1988 2739 2050 ad
2789 1987 3039 2067 angelos
3069 1986 3314 2068 quidem
3343 1985 3432 2047 ait
3467 2004 3481 2047 :
3516 1983 3640 2060 Qui
3664 1986 3765 2063 fa-

365 2090 542 2142 ποιῶν
572 2086 694 2151 τοὺς
726 2084 985 2166 ἀγγέλους
1015 2085 1174 2145 αὐτοῦ
1200 2086 1498 2162 πνεύματα,
1532 2087 1621 2143 καὶ
1648 2086 1770 2152 τοὺς
1799 2085 2019 2166 λειτουρ.

2112 2077 2193 2138 cit
2233 2077 2475 2154 angelos
2499 2096 2638 2141 suos
2664 2078 2942 2158 spiritus,
2977 2088 3033 2141 et
3084 2078 3404 2139 ministros
3432 2092 3568 2137 suas
3588 2074 3767 2152 ﬂam-

366 2174 495 2255 γοὺς
526 2175 686 2232 αὐτοῦ
727 2177 893 2255 πυρὸς
935 2173 1134 2256 φλόγα.

452 2261 783 2338 Ἠκούσαμεν
831 2265 920 2320 καὶ
968 2262 1232 2343 ἄνθρωποι
1289 2264 1410 2338 υἱοὶ,
1457 2261 1594 2319 ἀλλὰ
1649 2264 1785 2320 κατᾶ
1843 2263 2025 2345 χάριν.

368 2353 434 2410 Οἱ
462 2347 519 2407 δὲ
547 2351 765 2429 ἄγγελοι
795 2355 891 2411 οὔκ
917 2351 1173 2433 ἤκουσαν,
1217 2350 1310 2409 ἶνα
1353 2352 1431 2429 μὴ
1473 2354 1535 2408 τὸ
1590 2350 1879 2432 μεγαλεῖον
1928 2355 2027 2410 αὖ·

369 2441 501 2514 τῶν,
536 2441 614 2515 μὴ
640 2437 941 2523 έττιδέξηται
963 2441 1025 2497 τὸ
1053 2441 1190 2497 κατὰ
1244 2440 1430 2521 χάριν,
1492 2438 1628 2497 ἀλλὰ
1682 2442 1819 2498 κατὰ
1875 2442 2027 2523 φύσιν

368 2531 620 2607 νῳισθῇ,
678 2519 737 2587 ι0
786 2527 842 2586 δὲ
900 2531 1123 2609 Χριστὸς
1167 2529 1226 2586 ὠ
1279 2519 1418 2587 κατὰ
1471 2530 1653 2611 χάριν,
1698 2530 1837 2588 ἀλλὰ
1889 2519 2027 2593 κατὰ

370 2618 548 2699 φύσιν.
603 2638 628 2674 ι
690 2615 835 2698 Ἐγὼ
887 2620 1118 2698 σήμερον
1162 2619 1459 2700 γεγέννηκά
1510 2641 1592 2681 σε.
1644 2643 1669 2678 ν
1732 2622 2024 2678 Οἰκειοῦται

369 2709 399 2763 ὁ
461 2707 642 2787 Πατήρ
688 2709 789 2776 τὴν
829 2709 967 2765 γατὰ
1014 2709 1182 2787 σάρκα
1235 2707 1485 2788 γέννησιν
1539 2718 1632 2769 τοῦ
1702 2711 1847 2769 Υἱοῦ.
1927 2712 2025 2766 Διά

367 2804 524 2855 τοῦτο
552 2796 672 2879 εἶπε
719 2798 802 2870 τὸ,
852 2798 1116 2877 Σήμερον.
1172 2797 1351 2862 Οὕτως
1395 2800 1423 2855 ὁ
1470 2797 1525 2854 έν
1570 2799 1737 2879 ἁγίοις
1794 2797 2021 2856 Ἀθανά-

364 2906 500 2949 σιος,
543 2906 567 2939 α
607 2874 849 2963 ’Ἑσομαι
878 2874 1021 2963 αὔτῷ
1062 2888 1135 2952 εἰς
1189 2888 1420 2968 Πατέρα.
1469 2912 1497 2944 ι
1559 2874 1659 2948 Καὶ
1712 2894 1867 2947 τοῦτο
1909 2889 2021 2947 πά-

362 2972 445 3031 λιν
500 2972 643 3041 δέξαι
718 2978 792 3042 ὡς
853 2976 1210 3054 οἰκειουμένου
1286 2984 1380 3036 τοῦ
1465 2981 1669 3058 Πατρὸς
1737 2980 1839 3048 τὴν
1886 2980 2023 3036 κατα

361 3063 533 3143 σάρκα
599 3063 849 3144 γέννησιν
903 3073 996 3122 τοῦ
1065 3069 1209 3130 Υἷοῢ,
1268 3068 1341 3127 Τὸ
1397 3067 1498 3151 γαρ
1568 3067 1781 3151 ἔσομαι²
1840 3074 2021 3148 σαφῶς

361 3151 448 3210 ἐπὶ
489 3163 585 3213 τοῦ
639 3155 777 3211 κατὰ
832 3154 1001 3235 σάρκα
1056 3153 1292 3232 εἴρηται.
1346 3179 1369 3212 ι
1436 3148 1612 3216 αΟταν
1653 3156 1708 3214 δὲ
1749 3148 1910 3215 ιτάλιν
1938 3161 2021 3215 εἷ-

366 3242 606 3323 σαγάγῃ.
672 3264 698 3300 ι
761 3244 941 3300 Πάντα
1011 3243 1163 3322 δείξῃς
1244 3246 1381 3311 μετὰ
1433 3247 1534 3315 τὴν
1603 3246 2017 3328 ένανθρώπησιν,

364 3334 440 3391 Τὸ
467 3334 590 3414 γὰρ,
626 3335 917 3414 Εἰσαγάγῃ,
956 3340 1092 3409 οἷον,
1126 3333 1462 3417 Ἐγχειρίσῃ,
1497 3350 1696 3400 κεῖται.
1733 3337 1864 3397 Τότε
1893 3340 2014 3420 γὰρ,

2112 2182 2275 2227 mam
2300 2167 2488 2248 ignis.

2193 2256 2714 2319 522Αυι1ἱνὶηιυε
2770 2265 2828 2317 et
2885 2274 2990 2317 nos
3047 2253 3150 2336 qui
3207 2253 3480 2316 homines
3536 2271 3767 2329 sumus,

2112 2342 2220 2404 ﬁlii
2249 2362 2452 2406 verum
2486 2363 2594 2426 per
2623 2345 2894 2424 gratiam.
2919 2344 3135 2422 Angeli
3158 2361 3298 2404 vero
3326 2343 3385 2404 id
3420 2360 3537 2402 non
3569 2340 3772 2402 audie-

2111 2440 2273 2508 runt,
2310 2452 2385 2495 ne
2416 2432 2754 2495 sublimitas
2814 2433 3078 2513 ipsorum
3140 2452 3257 2495 non
3290 2451 3359 2494 ex
3390 2429 3578 2511 gratia
3609 2448 3765 2505 esse,

2109 2521 2215 2583 sed
2238 2541 2306 2584 ex
2335 2532 2546 2585 natura
2568 2522 3036 2605 existimaretur.
3074 2522 3342 2586 Christus
3373 2539 3513 2582 vero
3546 2539 3662 2582 non
3695 2538 3767 2582 ex

2107 2611 2315 2689 gratia,
2346 2612 2454 2674 sed
2479 2631 2544 2674 ex
2571 2619 2846 2676 naturam
2879 2611 3001 2692 Ego
3033 2610 3210 2675 hodie
3240 2610 3422 2690 genui
3453 2618 3530 2672 te.
3576 2634 3604 2666 ι
3638 2615 3766 2690 Ap-

2109 2701 2342 2782 propiat
2369 2701 2484 2762 sibi
2521 2700 2694 2763 Pater
2740 2701 3103 2764 nativitatem
3154 2699 3288 2763 Filii
3304 2700 3472 2781 juxta
3493 2717 3761 2775 carnem,

2108 2798 2422 2871 propterea
2472 2790 2622 2853 dixit
2653 2808 2667 2853 :
2702 2789 2915 2869 Hodie;
2973 2788 3059 2853 lta
3090 2792 3267 2852 habet
3298 2791 3467 2851 divus
3498 2789 3765 2851 Athana-

2106 2878 2254 2940 sius.
2292 2905 2312 2935 ι
2342 2879 2463 2960 Ego
2494 2899 2597 2942 ero
2627 2880 2683 2941 ei
2717 2882 2914 2944 Pater.
2952 2905 2978 2936 ι»
3015 2879 3203 2941 Etiam
3241 2879 3351 2941 hoc
3390 2896 3625 2940 rursum
3656 2896 3762 2940 ac-

2107 2967 2288 3049 cipito
2321 2979 2598 3050 tanquam
2619 2987 2653 3029 ιι
2687 2974 2853 3031 l‘atre
2871 2972 3290 3051 appropriante
3314 2968 3425 3029 sibi
3447 2966 3580 3029 Filii
3595 2967 3766 3048 juxta

2108 3075 2350 3120 carnem
2383 3058 2767 3120 nativitatem.
2801 3060 2974 3133 Nam,
3030 3057 3171 3132 Ero,
3207 3056 3516 3118 manifeste
3546 3055 3765 3118 dicitur

2074 3146 2080 3224 ξ
2108 3146 2185 3207 de
2212 3165 2281 3208 eo
2312 3146 2467 3229 quod
2501 3147 2829 3209 secundum
2865 3165 3105 3209 carnem
3131 3145 3544 3208 est.oRursum
3562 3154 3760 3207 autem

2107 3254 2242 3297 cum
2273 3236 2523 3298 inducit'
2551 3261 2573 3295 ι
2603 3239 2745 3300 Ροει
2774 3236 3156 3299 humanitatis
3187 3237 3596 3316 acceptionem
3624 3233 3763 3296 uni-

2106 3342 2273 3387 versa
2328 3325 2606 3406 accipito.
2665 3325 2973 3406 Siquidem
3040 3324 3294 3399 Inducit,
3356 3323 3598 3407 ponitur
3652 3342 3761 3405 pro

363 3422 631 3493 ἐκτήσατο
694 3425 884 3499 αότὴν,
940 3425 1160 3483 έκοῦσαν
1203 3423 1328 3506 παρ’
1369 3429 1527 3484 αὐτοῦ
1570 3412 2019 3509 Βασιλευομένην,

2111 3413 2222 3478 Cor:
2252 3416 2471 3478 mittit:
2510 3426 2649 3480 tunc
2672 3434 2830 3476 enim
2858 3416 3048 3497 ipsum
3077 3424 3289 3478 nactus
3320 3422 3410 3477 est
3428 3412 3636 3476 orbem
3659 3413 3762 3495 qui

364 3510 456 3568 ὅτε
485 3512 615 3592 δπὲρ
642 3515 842 3576 παντὸς
900 3514 1150 3593 ἐγεύσατο
1201 3515 1443 3588 θανάτου,
1490 3517 1578 3573 καὶ
1607 3513 1695 3572 ὅτε
1736 3518 2018 3585 ἒπιστεύθη

2111 3505 2430 3568 voluntarie
2458 3505 2531 3568 ab
2564 3510 2692 3586 ipso
2723 3505 3061 3585 regebatur,
3096 3505 3333 3587 quando
3353 3523 3462 3586 pro
3486 3503 3761 3566 universo

362 3602 495 3666 Θεὸς
554 3601 651 3660 ὢν.
717 3601 1117 3682 Εὗπαράδεκτον
1172 3602 1229 3661 δὲ
1287 3611 1455 3662 ποιῶν
1511 3606 1604 3662 τὸν
1672 3603 1852 3684 λόγον,
1926 3608 2017 3664 τὸν

2111 3595 2248 3684 orbe
2276 3603 2531 3684 mortem
2560 3596 2841 3674 gustavit,
2877 3603 2936 3656 et
2965 3596 3200 3676 quando
3233 3594 3496 3657 creditus
3514 3605 3603 3684 est
3624 3613 3757 3658 esse

360 3689 573 3771 Πατέρα
603 3690 760 3747 εἶπεν
817 3679 1167 3771 εἰσαγαγόντα
1217 3695 1309 3750 τὸν
1353 3693 1493 3756 Υἱόν.
1554 3695 1627 3752 Τὸ
1682 3679 1763 3750 δὲν
1795 3696 2016 3774 εἰσαγα-

2111 3679 2282 3746 Deus.
2312 3682 2592 3744 Efﬁiiens
2616 3694 2816 3746 autem
2847 3693 2909 3744 ut
2948 3684 3122 3745 facile
3155 3702 3351 3745 sermo
3372 3683 3754 3760 suscipiatur,

354 3792 502 3859 γεϊν,
546 3780 678 3850 νόει,
739 3779 835 3837 οὐκ
893 3779 1077 3850 ἐπειδῆ
1134 3781 1299 3839 πάλαι
1367 3781 1465 3849 ἔξω
1518 3781 1586 3851 ἦν
1629 3788 1728 3851 τῆς
1799 3771 2016 3851 κτίσέως

2111 3771 2249 3847 dixit
2279 3771 2511 3834 Patrem
2536 3774 2819 3836 inducere
2843 3774 3079 3837 Filium.
3102 3774 3394 3837 lnducere
3412 3791 3549 3833 vero
3582 3771 3756 3835 intel-

348 3874 615 3943 τοπικῶς,
656 3867 795 3948 (πῶς
824 3870 924 3950 γὰρ
957 3872 984 3926 ὁ
1044 3871 1219 3928 πάντα
1274 3869 1497 3951 πληρῶν
1533 3870 1574 3950 ς)
1618 3868 1738 3929 ἀλλ’
1783 3871 1863 3929 ὅτι
1921 3876 2015 3931 oi-

2111 3860 2249 3938 ligit,
2284 3881 2404 3922 non
2436 3862 2591 3943 quod
2625 3870 2803 3925 antea
2833 3863 3011 3925 fuerit
3039 3862 3308 3924 localiter
3337 3870 3501 3924 extra
3541 3862 3756 3923 condi—

347 3955 440 4014 δὲν
465 3957 598 4038 εἶχε
626 3958 759 4038 πρὸς
792 3959 956 4027 αὐτὴν
984 3961 1162 4016 κοινὸν
1220 3962 1348 4026 Θεὸς
1404 3960 1503 4019 ὢν.
1554 3959 1703 4018 Ἀλλ’
1733 3960 1823 4018 ὅτε
1852 3961 2013 4043 ἐσαρ-

2111 3960 2225 4013 lum
2250 3952 2539 4014 mundum
2587 3970 2602 4016 :
2642 3953 2941 4034 quomodo
2973 3952 3134 4014 enim
3163 3951 3225 4013 id
3254 3969 3458 4012 verum
3493 3960 3651 4013 esset
3681 3951 3756 4015 de

344 4046 527 4120 κώθη,
581 4046 704 4103 τότε
775 4047 1097 4116 ἐκοινώνησε
1171 4055 1242 4127 τῇ
1296 4051 1488 4131 κτίσει,
1546 4052 1758 4108 κτιστὸν
1816 4042 2018 4115 ἑνώσας

2111 4060 2173 4103 eo
2204 4042 2304 4122 qui
2338 4043 2540 4104 omnia
2568 4043 2822 4125 implet?
2851 4043 2954 4105 sed
2979 4043 3135 4125 quod
3160 4042 3306 4104 nihil
3328 4062 3461 4105 cum
3485 4051 3758 4105 creatura

351 4135 553 4211 ἐαυτῷ.
588 4134 768 4200 Οὕτως
815 4138 844 4194 ὁ
886 4139 943 4193 Ιεν
986 4137 1157 4217 ἁγίοις
1221 4138 1497 4219 Κύριλλος,
1541 4142 1598 4197 ἓν
1655 4147 1756 4215 τῷ,
1814 4142 1943 4205 Θεὸς
1989 4145 2016 4198 ὁ

2111 4150 2419 4194 commime
2451 4132 2726 4194 habuerit
2755 4151 2891 4195 cum
2917 4135 3076 4197 Drus
3097 4142 3278 4195 esset.
3301 4132 3617 4207 Caeterum,
3655 4131 3756 4196 ubi

351 4227 605 4305 Χριστὸς,
650 4227 923 4301 πονήματι
957 4243 973 4256 ⁶
1048 4229 1137 4285 καὶ
1195 4230 1224 4285 ὁ
1294 4228 1349 4285 ἒν
1419 4229 1587 4310 ἁγίοις
1645 4230 1931 4311 Γρηγόριος
1988 4235 2016 4289 ὁ

2111 4238 2339 4282 carnem
2374 4220 2718 4302 assumpsit,
2778 4231 2916 4283 tunc
2946 4240 3079 4283 cum
3113 4229 3382 4287 creatura
3413 4220 3753 4283 communi-

351 4315 563 4382 Νόσσης
616 4313 670 4371 ἐν
726 4329 847 4381 τοῖς
903 4316 1042 4373 κατὰ
1083 4317 1361 4393 Εὖνομίου.
1410 4321 1481 4376 Τὸ
1531 4315 1585 4375 δὲ
1646 4309 2011 4399 Πρωτότοκον,

2111 4309 2295 4399 cavit;
2331 4329 2466 4372 cum
2497 4310 2728 4390 sibiipsi
2779 4310 3008 4374 unisscl
3038 4310 3098 4372 id
3145 4310 3304 4392 quod
3335 4322 3597 4373 creatum
3630 4318 3756 4374 erat

354 4406 449 4462 οὔκ
489 4402 574 4497 ἐπί
606 4402 845 4497 δευτέρω
888 4403 1056 4485 λέγει,
1107 4405 1226 4463 ἀλλ’
1273 4406 1359 4464 ἐπὶ
1420 4409 1535 4497 ἐνὸς
1592 4409 1681 4465 καὶ
1732 4409 1894 4497 μόνου
1921 4416 2014 4497 του

2111 4398 2380 4497 [tahabet
2408 4400 2578 4497 divus
2604 4400 2864 4497 (ly-rillus
2912 4401 2974 4463 in
3005 4420 3209 4497 opere,
3243 4399 3402 4497 Deus
3430 4400 3701 4497 Christus
3736 4421 3751 4463 :

349 4494 689 4581 ﬁvvnOéw-oc
747 4494 809 4550 ἐκ
847 4502 941 4551 τοῦ
986 4497 1215 4575 Πατρός.
1266 4519 1290 4553 ι
1354 4529 1432 4541 --
1493 4486 1723 4563 ”Αλλος,
1786 4494 2006 4581 [(1)112]

2111 4498 2154 4581 3_t
2185 4489 2389 4581 beatus
2439 4488 2759 4581 Gregorius
2818 4488 3210 4581 Nyssenusiu
3265 4490 3433 4553 libris
3464 4491 3754 4581 adversus

352 4606 382 4638 ι
427 4573 602 4642 ’Ὅταν
632 4581 686 4641 δέ
730 4582 892 4642 πάλιν
944 4573 1206 4666 εἰσαγάγῃ
1249 4587 1340 4643 τὸν
1384 4589 1753 4667 Πρωτότοκον.
1787 4573 1819 4645 ἶ
1869 4573 2007 4648 Ton;

2111 4578 2478 4641 Eunomium.
2527 4579 2695 4652 Quod
2727 4588 2926 4642 autem
2959 4581 3084 4644 ait:
3130 4579 3595 4662 l’rimogenitus,
3630 4599 3750 4642 non

343 4671 541 4748 τέστιν,
589 4671 716 4731 ὅταν
760 4671 1026 4742 ηὖδόκησε
1071 4677 1207 4752 μετὰ
1263 4680 1362 4746 τῆς
1422 4678 1616 4756 σαρκὸς
1672 4674 2004 4758 ἐμφανισθῆ-

341 4784 427 4818 ναι
458 4763 551 4819 τὸν
610 4761 954 4843 Πρωτότοκον
1000 4768 1157 4824 αὐτοῦ
1203 4767 1323 4822 Υἱὸν
1382 4779 1500 4830 τοῖς
1557 4774 1862 4824 κατοικοῦσι
1906 4767 2005 4834 τὴν

337 4853 679 4929 οἰκουμένην,
726 4854 869 4919 Φησὶ
923 4853 1025 4934 γάρ
1054 4873 1067 4887 ·
1126 4874 1152 4911 α
1218 4856 1318 4914 Καὶ
1372 4853 1630 4935 προσελθό
1646 4877 1752 4922 ιτες
1810 4858 1857 4912 οἱ
1916 4853 2010 4935 ἄγ-

336 4940 491 5020 γελοι
523 4939 801 5010 διηκόνουν
830 4944 992 5017 αὐτῷ.
1033 4966 1058 5002 ι
1097 4944 1219 5018 Καὶ,
1286 4967 1315 4999 ιι
1372 4941 1595 5023 Ἀπάρτι
1649 4943 1841 5021 ὄψεσθε
1882 4944 2006 5009 τοὺς

332 5028 597 5110 ἀγγέλους
668 5028 1079 5099 καταϐαίνοντας
1165 5032 1252 5090 ἐπὶ
1326 5034 1416 5090 τὸν
1474 5035 1591 5091 Υἱὸν
1661 5034 1754 5092 τοῦ
1810 5034 2008 5114 ἀνθρώ-

332 5142 463 5179 που.
544 5143 569 5177 ι
687 5119 962 5198 Τουτέστι,
1046 5122 1184 5198 μετὰ
1266 5124 1460 5203 σαρκὸς
1558 5122 2008 5202 προσκυνησάτω-

335 5231 435 5265 σαν
519 5212 567 5266 οἱ
652 5207 872 5289 ἄγγελοι
955 5210 1046 5268 τὸν
1134 5211 1280 5274 Υἱόν.
1330 5235 1358 5267 ι
1407 5212 1506 5271 Καὶ
1547 5213 2003 5292 προσκυνησάτω-

334 5321 435 5355 σαν
495 5301 659 5375 αὗτῷ.
714 5324 737 5354 ι
810 5306 897 5375 Τῷ
957 5301 1102 5376 μεπᾶ
1163 5302 1383 5381 σαρκός,
1456 5324 1485 5357 ι
1549 5291 1606 5360 ιΟ
1668 5308 1837 5360 ποιῶν
1880 5302 2002 5367 τοὺς

331 5387 591 5467 ἀγγέλους
620 5390 780 5450 αὔτοῦ
807 5389 1104 5467 πνεύματα,
1145 5413 1169 5448 ι
1210 5391 1416 5468 κτίσμα
1436 5391 1535 5470 γάρ
1563 5392 1690 5470 εἶσι,
1715 5391 1798 5452 διὰ
1819 5390 1999 5469 τοῦτο,

334 5477 530 5542 Ποιῶν.

406 5728 500 5821 ’,⁸
529 5737 677 5803 Luc-
722 5730 768 5819 1',
800 5738 881 5803 35
905 5737 1167 5808 suum.
1202 5757 1286 5822 iv,
1320 5738 1658 5809 11.5.loan
1686 5755 1727 5813 ι,
1764 5738 1869 5805 51.

2093 4677 2373 4749 respectu
2401 4668 2650 4731 secundi
2683 4668 2852 4743 dicit,
2912 4672 3017 4732 sed
3077 4669 3231 4751 quod
3265 4670 3475 4731 unicus
3507 4676 3564 4730 et
3594 4668 3756 4731 solus

2089 4758 2165 4820 sit
2195 4776 2263 4820 ex
2296 4757 2467 4821 Patre
2498 4759 2757 4838 genitus.
2783 4760 3024 4823 —Alio
3059 4760 3262 4822 modo.
3302 4782 3323 4815 ι
3362 4760 3623 4821 Rursum
3647 4776 3749 4819 au-

2091 4857 2238 4930 tem,
2269 4866 2404 4909 cum
2438 4847 2666 4910 inducit
2715 4849 3201 4929 Primogeuitum.
3242 4872 3264 4907 n
3297 4846 3424 4910 Hoc
3467 4854 3578 4928 est,
3613 4868 3748 4910 cum

2093 4934 2531 5018 beneplaciium
2566 4937 2757 5019 ipsius
2790 4937 2919 5011 fuit,
2973 4946 3035 5000 ut
3059 4956 3192 5000 cum
3229 4956 3409 5000 carne
3439 4947 3752 5018 appareret

2092 5024 2530 5103 Primogenitns
2554 5044 2696 5087 suus
2727 5025 2819 5087 his
2840 5024 2941 5107 qui
2971 5026 3179 5087 orbem
3203 5025 3630 5090 inhabitabant.
3655 5027 3752 5091 Ait

2094 5114 2254 5175 enim
2282 5135 2333 5177 ζα
2360 5112 2430 5175 Ει
2450 5115 2644 5194 angeli
2665 5124 3047 5177 accesserunt
3063 5124 3117 5177 et
3142 5114 3560 5179 ministrabant
3575 5116 3631 5179 ei
3650 5117 3743 5200 5;-

2088 5212 2144 5266 et
2177 5224 2190 5267 :
2216 5228 2245 5259 ιι
2270 5204 2527 5267 Posthac
2558 5203 2832 5266 videbitis
2854 5204 3097 5285 angelos
3112 5205 3549 5269 descendentes
3571 5225 3753 5289 super

2087 5294 2304 5358 Filium
2335 5292 2595 5356 hominis
2622 5294 2676 5356 6.
2711 5319 2862 5351 ι-α
2889 5294 2961 5357 Et
2989 5295 3415 5373 adorenteum,
3450 5320 3478 5357 ι
3503 5296 3584 5360 ita
3612 5317 3749 5362 cum

2086 5401 2269 5447 carne
2294 5393 2678 5463 apparentem
2717 5403 2732 5448 :
2795 5385 2910 5447 hoc
2969 5394 3084 5468 est,
3114 5405 3248 5448 cum
3284 5405 3463 5449 carne
3494 5388 3749 5451 adorent

2082 5471 2283 5554 angeli
2312 5470 2552 5536 Filium.
2597 5499 2618 5531 ι
2661 5472 2771 5548 Qui
2804 5475 2950 5537 facit
2977 5475 3222 5556 angelos
3252 5495 3391 5539 suos
3421 5477 3687 5559 spiritus.
3715 5501 3744 5534 ι

2084 5566 2370 5630 Creatura
2401 5580 2660 5648 namque
2684 5573 2845 5643 sunt,
2879 5564 3013 5648 ideo
3042 5565 3143 5630 ait.
3179 5565 3289 5640 Qui
3319 5565 3481 5630 facit.
