4132 6442
314 360 442 430 289

1441 368 1839 438 COM‘MENT'.‘
1884 366 1984 436 ῙΝι
2013 366 2260 438 EPIST.
2303 376 2405 439 AD
2447 371 2676 440 HEBR.

3601 368 3722 441 290

317 499 560 568 δέξασθαι
617 511 796 590 χερσὶ,
842 511 934 567 καὶ
983 513 1153 568 θεῖναι
1213 509 1441 578 πλησίον
1511 513 1573 569 τὸ
1629 509 1819 592 δῶρον,
1890 503 1974 561 καιῖ

2063 502 2188 564 suis
2206 503 2539 586 susciperet
2561 504 2924 587 manibus,et
2951 505 3120 587 juxta
3142 524 3209 570 se
3227 506 3454 569 donum
3473 515 3723 590 poneret

318 592 496 651 εἰπεῖν
529 615 545 632 ·
600 619 622 650 c
664 598 834 656 Κάθου
874 601 938 656 ὲκ
977 597 1159 665 δεξιῶν
1217 622 1342 677 μου.
1394 623 1417 658 ι
1482 603 1554 658 Τὸ
1599 601 1757 658 κάθου
1799 601 1978 679 εἶπεν,

321 685 380 740 οὗ
425 682 593 750 δεῖξαι
623 686 790 744 θέλων
849 687 929 746 ὅτι
983 688 1185 764 ἄλλως,
1230 691 1411 771 φησὶν,
1459 690 1552 747 ο·’›κ
1597 688 1658 744 ἂν
1717 689 1980 766 ἐτόλμησε

317 774 526 829 καθίσαι
571 777 614 831 εἰ
645 777 722 852 μη
754 777 1038 846 ἐκελεύσθη
1073 794 1086 808 ⁸
1151 780 1228 854 μὴ
1288 778 1494 857 γένοιτο
1531 796 1543 811 ·
1607 778 1724 835 ἀλλ’
1755 779 1846 836 ’ἵνα
1903 779 1980 854 μὴ

317 866 542 941 νομίσῃς
586 869 742 926 αὐτὸν
801 867 1037 950 ἄναρχον
1078 872 1167 927 καὶ
1209 869 1462 928 ἀναίτιον.
1518 859 1649 929 υΟτι
1707 871 1807 948 γὰρ
1849 876 1978 926 τοῦ-

316 952 380 1008 τό
407 953 547 1029 ἐστι,
580 954 740 1024 δηλοῖ
767 959 857 1014 καὶ
915 962 944 1015 6
1001 959 1166 1024 τόπος
1210 964 1306 1026 τῆς
1348 957 1622 1038 καθέδρας,
1667 960 1728 1014 τὸ
1786 958 1976 1034 ὁμότι-

316 1064 419 1117 μον
449 1046 742 1120 σημαῖνον,
777 1045 940 1115 δηλοῖ
982 1050 1072 1106 καὶ
1111 1050 1174 1106 τὸ
1203 1049 1375 1127 εἶπεςν
1406 1047 1676 1127 ἀνωτέρω,
1711 1045 1974 1120 Ἐκάθισε,

314 1132 394 1205 μὴ
437 1134 687 1214 πρότερον
731 1135 986 1212 ἀκούσας,
1051 1137 1244 1196 Κάθου.
1313 1116 1371 1194 iil
1422 1137 1502 1200 ὅτι
1554 1137 1652 1204 τὴν
1711 1135 1971 1214 συγκατά-

313 1223 455 1277 θεσιν
485 1224 572 1279 καὶ
601 1224 700 1291 τὴν
729 1223 981 1301 βούλησιν
1038 1229 1138 1292 τὴν
1181 1225 1267 1283 ἐπὶ
1321 1229 1400 1303 τῷ
1458 1226 1668 1283 καθίσαι
1707 1232 1798 1281 του
1856 1230 1975 1280 Πα-

314 1312 439 1389 τρὸς
476 1315 570 1370 06x
613 1310 788 1379 ἄλλως
816 1322 1052 1382 σημᾶναι
1097 1313 1382 1389 δυνάμενος
1443 1318 1470 1373 6
1521 1316 1827 1396 προφήτης,
1873 1321 1970 1388 τῷ,

321 1400 516 1480 Κάθου,
576 1400 848 1481 ἐχρήσατο
900 1405 1120 1482 ῥήματι,
1169 1405 1319 1485 Μέγα
1378 1407 1475 1481 μὲν
1533 1405 1620 1461 οὖν
1665 1405 1754 1460 καὶ
1793 1412 1972 1482 τοῦτο,

315 1489 410 1544 καὶ
437 1491 495 1548 οὗ
546 1491 707 1566 μόνον
750 1492 880 1572 ὑπὲρ
934 1495 1034 1552 τὴν
1087 1494 1411 1573 ἀνθρωπείαν
1454 1495 1629 1575 φύσιν,
1692 1491 1828 1550 ἀλλά
1886 1493 1974 1548 καὶ

313 1578 447 1648 ὑπὲρ
479 1577 690 1638 ἅπασαν
718 1582 818 1648 τὴν
863 1582 1054 1642 κτίσιν.
1103 1582 1250 1650 Πλὴν
1309 1583 1643 1663 ἀνθρωπίνως
1699 1583 1788 1639 καὶ
1837 1584 1980 1656 αὐτῴ

317 1665 556 1752 εἴρηται,
596 1659 688 1733 'u;
745 1672 846 1750 γὰρ
891 1673 1044 1745 Θεὸς,
1092 1675 1120 1729 6
1167 1675 1285 1738 Υἱὸς
1347 1659 1555 1730 αἰώνιον
1587 1672 1824 1752 ἔχειτὸν
1851 1674 1978 1750 θρό-

2063 610 2131 653 ac
2153 593 2415 658 diceret:
2447 621 2465 650 ι
2497 593 2647 657 Sede
2669 613 2702 656 a
2725 595 2948 658 dextris
2972 597 3145 658 meis.
3185 622 3212 652 »
3249 597 3412 660 Sede
3434 597 3581 659 dixit
3601 614 3721 658 non

2064 681 2382 744 ostendere
2441 683 2644 745 Volens
2700 688 2857 766 quod
2917 684 3091 746 aliter
3145 685 3359 748 sedere
3388 703 3569 748 ausus
3600 701 3719 749 non

2063 769 2276 832 fuisset
2296 771 2648 852 nisijussus:
2676 774 2949 844 minime;
2971 776 3075 836 sed
3102 793 3177 836 ne
3197 774 3390 854 ipsum
3415 773 3721 837 existimes

2064 876 2268 921 carere
2298 860 2614 942 principio.
2650 863 2800 924 Nam
2831 861 2988 942 quod
3021 863 3134 924 hoc
3166 861 3246 923 ita
3274 862 3372 939 sit,
3425 861 3722 940 signiﬁcat

2065 954 2122 1007 ct
2152 949 2449 1010 cathedrae
2481 951 2667 1024 locus,
2706 951 2962 1012 similem
2987 950 3306 1030 designans
3323 951 3638 1026 honorem,
3663 959 3722 1012 et

2063 1036 2219 1116 quod
2251 1039 2528 1119 superius
2559 1040 2706 1101 dixit
2736 1062 2748 1098 :
2778 1038 2967 1121 Sedit,
2998 1059 3130 1102 cum
3157 1040 3321 1120 prius
3344 1059 3462 1102 non
3493 1041 3723 1118 legatur

2062 1124 2178 1204 ipsi
2207 1125 2431 1188 dictum
2462 1129 2645 1190 fuisse
2675 1145 2690 1192 :
2725 1127 2901 1191 Sede.
2932 1130 3050 1190 Aut
3080 1129 3220 1208 quia
3248 1147 3381 1190 cum
3399 1128 3518 1190 alio
3543 1128 3719 1190 modo

2063 1232 2181 1276 non
2212 1225 2410 1295 posset
2441 1218 2740 1300 Propheta
2767 1217 3114 1298 significare
3139 1216 3332 1280 Patris
3354 1235 3717 1279 consensum

2055 1320 2122 1363 ac
2155 1303 2511 1368 voluntatem
2545 1315 2610 1368 ut
2663 1306 2924 1388 sederet,
2985 1325 3126 1367 usus
3186 1315 3276 1368 est
3301 1305 3505 1380 verbo,
3537 1303 3716 1367 Sede.

2056 1393 2334 1471 Magnum
2370 1393 2571 1474 itaque
2603 1395 2777 1458 etiam
2813 1397 2928 1458 hoc
2985 1406 3097 1470 est,
3131 1413 3244 1458 nec
3280 1403 3508 1458 tantum
3539 1413 3720 1474 super

2057 1479 2375 1543 humanam
2392 1493 2684 1567 naturam,
2705 1503 2909 1548 verum
2924 1484 3099 1546 etiam
3112 1502 3290 1565 super
3302 1501 3545 1545 omnem
3557 1501 3719 1544 crea-

2063 1578 2278 1634 turam.
2310 1571 2584 1634 Altamen
2643 1575 2718 1636 ub
2777 1574 3097 1636 humanam
3148 1590 3383 1654 quoque
3444 1580 3714 1634 naturam

2060 1658 2174 1720 hoc
2195 1660 2250 1722 ei
2273 1661 2494 1722 dictum
2534 1663 2966 1745 est.Siquidem
2995 1670 3288 1744 quatenus
3313 1666 3471 1724 Deus
3492 1669 3583 1722 est
3610 1660 3714 1721 Fi-

316 1779 430 1816 νον.
471 1781 492 1812 ι
536 1749 594 1816 Ὀ
645 1748 827 1839 θρόνος
879 1784 972 1819 σου
1033 1765 1061 1819 6
1105 1764 1260 1842 Θεὸς,
1305 1765 1486 1844 φησὶν,
1549 1748 1771 1826 εἷς’-τὸν
1813 1748 1974 1817 αίῶνα

2063 1748 2194 1847 lius,
2217 1751 2646 1831 sempiternum
2669 1753 2849 1815 habet
2871 1755 3174 1814 thronum:
3210 1776 3230 1808 ι
3261 1749 3538 1850 Thronus
3557 1758 3712 1850 tuus,

314 1857 409 1904 τοῦ
464 1836 685 1911 αἶῶνϐς.
744 1871 772 1908 ι
839 1855 911 1910 06
964 1852 1066 1931 γὰρ
1137 1853 1273 1928 μετά
1320 1836 1432 1909 ’τὸν
1494 1852 1717 1930 σταυρὸν
1773 1851 1863 1906 καὶ
1917 1850 1974 1905 τὸ

2062 1836 2273 1918 inquit,
2309 1842 2462 1901 Dcus
2494 1840 2554 1902 in
2614 1841 2898 1903 saeculum
2933 1841 3135 1903 saeculi
3163 1841 3216 1902 7.
3257 1865 3280 1899 υ
3317 1839 3520 1922 Neque
3551 1839 3712 1901 enim

315 1937 508 2008 πάθος.
540 1938 738 2006 ταύτης
766 1941 840 2004 ὡς
889 1943 1020 2005 Θεὸς
1064 1945 1162 2010 τῆς
1217 1947 1381 2017 τιμῆς
1439 1939 1662 2014 ἠξιώθη,
1695 1936 1814 1996 ἀλλ’
1843 1937 1973 1995 ’ἐλα-

314 2025 406 2083 ϐεν
489 2031 563 2095 ὡς
642 2029 914 2110 ἅνθρωπος
987 2032 1117 2111 ὅπερ
1187 2035 1347 2114 εἶχεν
1405 2036 1478 2099 ὡς
1539 2033 1690 2098 Θεός.
1751 2035 1823 2091 Οὖ
1875 2033 1974 2110 γὰρ

313 2120 569 2181 ταπεινὸς
599 2117 672 2176 ὢν
714 2121 926 2196 ὑψώθη,
986 2121 1105 2179 ἀλλ’
1161 2123 1383 2198 ὕψιστος
1442 2122 1515 2179 ὢν
1570 2123 1658 2178 καὶ
1700 2120 1754 2176 ἐν
1797 2125 1975 2200 μορφῇ

315 2213 451 2264 Θεοῦ
511 2209 792 2290 ὑπάρχων,
853 2211 1203 2271 ἐταπείνωσεν
1274 2214 1460 2270 ἑαυτὸν
1530 2212 1736 2292 μορφὴν
1791 2209 1974 2267 δούλου

314 2295 519 2360 λαϐών,
571 2299 664 2355 Διὸ
706 2301 794 2356 καὶ
847 2303 876 2358 6
905 2300 1286 2381 εὖαγγελιστής
1316 2303 1416 2379 βοᾷ
1448 2319 1463 2334 ⁶
1516 2325 1543 2357 α
1593 2294 1651 2357 Ὀ
1681 2298 1975 2378 μονογενὴς

316 2388 439 2450 Υἱὸς
469 2389 498 2442 6
529 2385 602 2444 ὢν
634 2388 707 2452 εἷς
761 2390 853 2446 τὸν
909 2389 1112 2448 κόλπον
1153 2398 1247 2448 τοῦ
1305 2393 1531 2471 Πατρὸς,
1590 2391 1796 2454 ἐκεῖνος
1855 2386 1974 2455 ἐξη-

310 2476 545 2554 γήσατο.
615 2499 642 2532 ι
720 2479 822 2536 Καὶ
876 2481 905 2536 6
977 2480 1160 2560 Κύριός
1217 2502 1402 2560 φησιν,
1470 2503 1491 2534 ο
1553 2477 1696 2558 Ἐγὼ
1777 2477 1860 2534 ἐν·
1900 2482 1978 2551 τῷ

315 2566 505 2642 Πατρὶ,
537 2568 625 2622 καὶ
655 2569 684 2623 6
714 2568 897 2648 Πατὴρ
927 2568 980 2626 ἐν
1037 2570 1178 2646 ἐμοί.
1228 2589 1258 2629 )
1325 2571 1422 2628 Καὶ
1465 2567 1759 2648 ἀλλαχοῦ·
1801 2590 1828 2622 α
1866 2567 1974 2623 Δό-

316 2650 475 2716 ξασόν
505 2677 596 2736 με,
631 2656 824 2737 Πάτερ,
860 2663 925 2735 τῇ
953 2655 1142 2739 δόξῇ
1194 2659 1357 2739 εἶχον
1413 2659 1556 2738 παρα
1612 2659 1693 2714 σοὶ
1747 2659 1850 2736 πρὸ
1884 2662 1976 2715 106

315 2743 410 2798 τὸν
440 2743 640 2819 κόσμον
670 2736 934 2823 γενέσθαι,
997 2770 1026 2802 ι
1091 2736 1184 2813 ἐὶς
1240 2736 1509 2825 ἅνθρωπος
1565 2746 1736 2804 τοίνυν
1770 2746 1974 2820 ἀκούει,

327 2856 352 2884 ε
413 2833 582 2892 Κάθου
625 2834 686 2891 ἐκ
728 2833 917 2917 δεξιῶν.
963 2859 1087 2914 μου.
1152 2861 1179 2892 π
1234 2829 1325 2902 Ὦς
1385 2838 1485 2917 γὰρ
1540 2839 1690 2911 Θεὸς,
1765 2837 1974 2894 αίώνιον

317 2920 439 3000 ἔχει
467 2925 530 2979 τὸ
559 2924 774 3002 κράτος,
817 2949 836 2980 ι
881 2915 1034 2992 υΕως
1065 2927 1129 2983 ἂν
1183 2928 1259 2984 θῶ
1301 2915 1423 2990 τοὺς
1460 2915 1696 3008 -ἐχθρούς
1764 2949 1858 2983 σου
1889 2943 1904 2958 ⁶
1944 2950 1967 2985 ι

323 3004 473 3091 ’Ὅρα
529 3015 883 3091 γνησιότητος
970 3023 1062 3073 τοῦ
1134 3020 1256 3076 Υἱοῦ
1338 3004 1624 3083 ἀπόδειξιν,
1685 3013 1976 3095 Ὀργίζεται

322 3105 350 3159 6
409 3102 593 3174 Πατὴρ
648 3104 786 3160 κατά
827 3112 933 3161 τῶν
990 3104 1196 3186 ἐχθρῶν
1250 3113 1342 3163 106
1414 3106 1559 3188 Υἱοῦ,

2058 1936 2190 2005 post
2217 1945 2454 1989 crucem
2491 1939 2551 1992 et
2577 1931 2920 2011 passionem
2955 1931 3070 1992 hoc
3100 1932 3327 1992 honore
3353 1929 3603 1991 donatus
3625 1938 3716 1990 cst

2060 2024 2120 2074 ut
2150 2016 2303 2078 Deus
2338 2039 2351 2078 :
2401 2020 2506 2080 sed
2559 2030 2620 2082 ut
2650 2020 2827 2082 homo
2857 2020 3092 2099 accepit
3120 2020 3277 2100 quod
3300 2019 3426 2098 jam
3457 2016 3715 2079 habebat

2061 2112 2121 2163 ut
2153 2107 2331 2169 Deus.
2361 2105 2482 2170 Nec
2509 2108 2669 2170 enim
2690 2109 2979 2172 exaltatus
3001 2116 3090 2171 est
3107 2127 3242 2170 cum
3265 2107 3509 2170 humilis
3525 2115 3707 2188 esset,

2057 2195 2162 2254 sed
2195 2212 2330 2256 cum
2362 2195 2638 2260 sublimis
2665 2209 2722 2260 et
2766 2199 2829 2260 in
2879 2199 3068 2259 forma
3094 2197 3202 2259 Dei
3231 2206 3410 2277 esset,
3443 2195 3707 2277 seipsum

2059 2281 2390 2346 humiliavit
2444 2297 2748 2370 assumpta
2803 2286 2960 2349 servi
3004 2288 3193 2348 forma
3219 2288 3273 2346 8.
3308 2286 3452 2349 ldeo
3483 2304 3719 2366 quoque

2059 2373 2419 2452 evangelista
2451 2376 2667 2440 clamat
2703 2399 2716 2436 :
2757 2402 2785 2434 α
2820 2375 3172 2456 Unigenitus
3195 2375 3382 2438 Filius
3411 2376 3514 2456 qui
3545 2375 3719 2435 estin

2061 2459 2197 2523 sinu
2227 2461 2441 2542 Patris,
2465 2465 2594 2547 ipse
2615 2466 3024 2529 enarravitU.»
3059 2465 3132 2527 Et
3159 2465 3447 2527 Dominus
3480 2485 3494 2525 :
3535 2488 3557 2520 «
3594 2467 3718 2543 Ego

2058 2549 2120 2610 in
2152 2553 2344 2629 Patre,
2373 2564 2433 2617 et
2460 2555 2640 2617 Pater
2667 2557 2731 2618 in
2760 2575 2858 2618 me
2893 2565 2983 2618 est
3005 2558 3084 2619 ιο.
3125 2579 3148 2614 ο
3182 2554 3254 2616 Ει
3284 2555 3424 2617 alibi
3454 2571 3468 2617 :
3511 2577 3535 2611 ιι
3571 2553 3718 2618 Glo-

2061 2638 2228 2702 ritica
2253 2651 2438 2724 me,tu
2463 2644 2854 2726 Pater,gloria
2876 2664 3053 2727 quam
3079 2643 3258 2708 habui
3274 2645 3432 2726 apud
3451 2653 3509 2706 te
3525 2643 3690 2725 prius

2059 2745 2236 2809 quam
2268 2733 2525 2796 mundus
2579 2735 2750 2797 tieret
2779 2737 2853 2799 Η.
2893 2762 2916 2794 ο
2961 2734 3036 2798 Ut
3080 2737 3259 2797 homo
3290 2735 3473 2815 igitur
3498 2734 3712 2797 audit:

2067 2841 2094 2877 ι
2127 2817 2283 2882 Sede
2315 2841 2349 2883 a
2379 2824 2606 2886 dextris
2637 2825 2789 2888 meis
2817 2827 2875 2876 η
2932 2851 2960 2883 ι)
2996 2825 3142 2888 Nam
3168 2834 3232 2888 ut
3254 2827 3410 2887 Deus
3428 2832 3716 2886 aeternum

2059 2907 2238 2971 habet
2267 2910 2610 2992 imperium.
2656 2936 2684 2975 ί
2716 2919 2918 2979 Donec
2937 2935 3192 2996 posuero
3221 2915 3499 2976 inimicos
3521 2923 3710 2977 tuos.-

2057 2997 2483 3064 Animadverte
2515 3005 3090 3069 demonstrationem
3122 3006 3278 3087 quod
3311 3005 3612 3084 legitimus
3642 3003 3720 3064 sit

1632 3087 1758 3186 οὐχ
1779 3087 1855 3170 ὧξ
1883 3116 2033 3182 τοδε
2061 3087 2266 3186 Pilius.
2290 3093 2574 3186 Irascitur
2595 3101 2764 3158 l’ater
2794 3098 3078 3159 adversus
3097 3095 3373 3158 inimicos
3402 3095 3559 3186 Filii.
3594 3093 3719 3186 Nec

322 3194 446 3250 1"t06
513 3190 887 3258 ἀδυνατοῦντος
944 3197 1106 3272 μόνου
1189 3199 1360 3253 θεῖναι
1436 3197 1621 3260 αὐτοὺς
1693 3197 1797 3252 ὑπὸ
1851 3197 1973 3261 τοὺς

2062 3177 2351 3272 hocAdixit
2367 3184 2522 3272 quod
2547 3182 2732 3246 Filius
2761 3186 3062 3266 impotens
3083 3184 3160 3246 sit
3187 3201 3411 3266 ponere
3428 3184 3590 3265 ipsos
3605 3183 3717 3246 sub

320 3277 488 3345 πόδας
521 3283 702 3357 αὐτοῦ,
736 3292 888 3342 τοῦτο
920 3282 1159 3362 εἴρηκεν,
1196 3283 1315 3362 ἀλλ’
1371 3283 1464 3342 ἵνα
1520 3286 1618 3352 τὴν
1677 3285 1975 3353 ταῦτότητα

317 3368 415 3436 τῆς
443 3356 950 3450 γνώμηςδηλώσῃ.
977 3356 1070 3432 ’Τὸ
1100 3356 1179 3449 δέ,
1245 3356 1425 3446 ὓΕως,
1479 3374 1574 3432 οὒκ
1624 3372 1734 3430 ἔστι
1779 3375 1976 3455 χρόνου

317 3458 646 3536 δηλωτικὸν,
688 3462 763 3526 ὡς
808 3463 947 3538 μετά
993 3465 1054 3520 τὸ
1111 3467 1281 3521 θεῖναι
1336 3462 1620 3522 ὑποπόδιον
1650 3465 1808 3521 αὐτοῦ
1856 3464 1975 3530 τοὺς

318 3549 566 3629 ἐχθροὺς,
597 3549 758 3611 πάλιν
787 3551 1092 3611 ἀνίστασθαι
1150 3553 1469 3630 μέλλοντας,
1518 3542 1764 3632 "Ansere.
1811 3551 1976 3612 Ἀλλὰ

317 3635 484 3704 δεῖξαι
539 3637 810 3722 βούλεται,
854 3640 935 3699 ὅτι
977 3646 1072 3703 οὐκ
1124 3643 1400 3713 ἀσθενήσει
1458 3644 1518 3699 τὸ
1575 3645 1744 3700 θεῖναι
1775 3643 1975 3706 πάντας

313 3726 629 3790 ὑποπόδιον.
705 3721 803 3788 Τὸί
853 3731 978 3811 γὰρ,
1043 3721 1223 3813 υΕως,
1282 3733 1345 3789 τὸ
1401 3732 1499 3808 μὲν
1560 3731 1720 3812 ἄχρις
1778 3731 1976 3789 ἐκείνου

312 3817 680 3896 παρατίθεται,
725 3821 788 3877 16
843 3817 961 3896 μετ’
1006 3819 1186 3880 ἐκεῖνο
1227 3819 1283 3878 δὲ
1327 3823 1423 3879 οὒκ
1475 3822 1708 3902 ἀναιρεῖ.
1796 3821 1976 3885 Οὕτως

313 3908 342 3964 6
387 3906 445 3963 ἐν
516 3907 686 3987 ἁγίοις
746 3911 1038 3990 Γρηγόριος
1096 3912 1170 3975 είς
1228 3913 1321 3968 τὸν
1362 3909 1598 3991 δεύτερον
1674 3911 1798 3991 Περὶ
1859 3913 1978 3967 1⁸ἱοῦ

310 3993 476 4074 λόγον
525 3997 710 4076 φησίν.
776 4019 805 4052 α
852 3998 988 4079 Οὐχὶ
1035 4000 1230 4066 πάντες
1275 4001 1373 4057 εἰσὶ
1425 3997 1758 4079 λειτουργικὰ
1814 3998 1978 4056 πνεύ-

313 4102 514 4165 ματα;
567 4107 596 4140 ι
657 4083 1039 4165 Παραθαρῤύνει
1097 4087 1305 4162 αὐτοὺς,
1355 4085 1550 4168 λέγων,
1600 4079 1734 4147 u01:.
1792 4089 1821 4144 6
1878 4086 1976 4164 μὲν

313 4175 569 4258 Χριστὸς,
643 4174 836 4258 φησὶν,
912 4179 1034 4243 Υἱὸς
1091 4179 1186 4235 106
1254 4185 1386 4238 Θεοῦ
1439 4178 1657 4257 γνήσιός
1703 4177 1866 4255 ἐστιν,
1929 4178 1976 4234 οἱ

313 4259 372 4348 PE
401 4257 642 4341 ἄγγελοι.
665 4261 964 4341 .δμόδουλοι
1019 4267 1181 4348 ἡμῖν,
1236 4268 1437 4336 ταύτην
1491 4267 1808 4348 τεταγμένοι
1841 4327 1844 4330 ,
1874 4265 1974 4335 τὴν

318 4345 672 4430 λειτουργίαν,
694 4353 757 4410 τὸ
804 4353 979 4415 πάντα
1031 4345 1279 4435 πράττειν
1333 4355 1424 4412 καὶ
1479 4345 1768 4432 διακονεῖν,
1827 4351 1974 4419 ὅπως

318 4437 483 4527 inter:
525 4442 573 4496 οἱ
614 4439 877 4521 ἄνθρωποι
921 4445 1198 4520 σωθῶμεν.
1255 4443 1544 4527 Πολλαχοῦ
1598 4446 1700 4524 γὰρ
1754 4442 1974 4524 ἄγγελοι

321 4522 548 4588 διάκονοι
608 4531 892 4610 γεγόνασιν
949 4533 1023 4600 είς
1077 4533 1406 4616 ἀνθρώπους,
1673 4522 1777 4604 τὴν
1807 4522 1814 4524 ﬁ
1843 4522 1974 4592 Μα-

320 4617 454 4699 ρίαν,
497 4619 588 4706 καὶ
656 4620 714 4680 ἐν
741 4671 746 4674 .
769 4629 849 4699 τῷ
901 4623 1056 4705 τάφῳ
1108 4630 1201 4682 106
1262 4626 1472 4706 Κυρίου,
1539 4626 1631 4684 καὶ
1698 4624 1828 4706 πρός
1883 4625 1976 4682 τὸν

320 4705 636 4787 Κορνήλιον.

402 4820 456 4858 3.
481 4799 583 4859 Διὰ
633 4809 792 4861 τοῦτο
861 4799 946 4862 δεῖ
1001 4803 1390 4886 περισσοτέρως
1469 4805 1616 4879 ἡμᾶς
1687 4803 1974 4887 προσέχειν

311 4899 434 4976 τοῖς
517 4889 844 4969 ἀκουσθεῖσι,
933 4895 1011 4972 μή
1093 4917 1224 4953 ποτε
1305 4893 1710 4975 παραῤῥυὼμεν.
1772 4895 1831 4953 Εἰ
1875 4897 1974 4976 γὰρ

310 4979 342 5034 6
397 4975 466 5034 δι’
543 4979 791 5060 ἀγγέλων
858 4979 1115 5061 λαληθετς
1198 4983 1360 5064 λόγος
1444 4982 1654 5063 ἐγένετο
1734 4975 1971 5067 βέϐαιος,

311 5067 404 5124 καὶ
424 5073 572 5126 πᾶσα
601 5068 902 5151 παράϐασις
954 5075 1045 5132 καὶ
1083 5074 1332 5154 παρακοὴ
1389 5071 1576 5130 ἔλαϐεν
1606 5069 1806 5130 ἔνδικον
1845 5097 1972 5152 μισ-

311 5154 654 5244 θαποδοσίαν,
701 5165 818 5224 πῶς
847 5161 1413 5244 ἠμῖςῌέῳευξιῖῃεθα
1468 5161 1798 5230 τηλικαύτης
1828 5163 1970 5240 ἀμε-

314 5242 575 5334 λήσαντες
605 5251 873 5330 σωτηρίας
904 5268 948 5334 ;~
989 5241 1154 5317 ’Ἠτις
1197 5253 1376 5334 ἀρχὴν
1418 5249 1652 5309 λαϐοὖσα
1673 5249 1974 5311 ρλαλετσθαι

316 5329 401 5388 διὰ
467 5344 561 5394 106
633 5340 846 5418 Κυρίου,
906 5329 1020 5398 ⁷ὑπὸ
1096 5345 1204 5400 τῶν
1234 5329 1244 5333 1
1269 5329 1610 5401 ἀκουσάντων
1679 5342 1752 5405 εἷς
1834 5343 1978 5420 ἡμᾶς

317 5420 638 5495 ἑϐεϐαιιωη.
676 5451 707 5485 ι

402 5511 620 5585 ἐποιδὴ
648 5519 819 5578 τοίνυν
860 5516 1030 5578 λεπτά
1082 5519 1194 5579 ἐστι
1251 5523 1342 5579 καὶ
1394 5519 1558 5603 ἰσχνὰ
1613 5519 1680 5578 τὰ
1707 5522 1845 5579 κατὰ
1873 5521 1974 5591 τὴν

2059 3267 2314 3347 pedibus
2345 3271 2490 3352 suis,
2529 3274 2633 3335 sed
2668 3284 2729 3336 ut
2759 3276 3134 3338 identitatem
3166 3273 3483 3337 voluntatis
3518 3274 3716 3335 mani-

2057 3356 2323 3423 festaret.
2355 3362 2498 3422 525
2530 3361 2696 3435 Quod
2730 3375 2926 3428 autem
2961 3366 3042 3427 ait
3070 3364 3296 3443 Donec,
3330 3383 3447 3425 non
3480 3372 3712 3443 tempo-

2057 3447 2142 3537 ris
2163 3447 2614 3527 signiticativum
2646 3465 2761 3536 est,
2796 3454 2953 3536 quod
3011 3455 3110 3516 ubi
3153 3454 3333 3537 positi
3363 3462 3564 3516 essent
3591 3453 3714 3514 ini-

2058 3536 2200 3598 mici
2257 3539 2586 3603 scabellum
2637 3547 2856 3625 pedum
2905 3545 3117 3626 ipsius,
3163 3536 3414 3606 rursum
3453 3543 3715 3606 futurum

2059 3634 2220 3688 esset
2249 3639 2313 3690 ut
2341 3641 2726 3711 resurgeret:
2785 3653 3204 3716 nequaquam:
3239 3635 3344 3696 sed
3400 3633 3717 3695 ostendere

2059 3717 2182 3778 vult
2211 3719 2373 3798 quod
2405 3739 2523 3782 non
2556 3722 2671 3784 erit
2697 3723 2998 3805 impotens
3025 3725 3099 3785 ad
3129 3723 3473 3805 ponendum
3509 3740 3718 3790 omnes

2059 3805 2384 3896 scabellum
2437 3811 2681 3891 pedum.
2743 3814 3054 3896 Siquidem
3113 3815 3214 3877 ἕως
3245 3813 3366 3874 sive
3395 3811 3620 3888 Donec,
3654 3811 3716 3872 id

2059 3894 2305 3976 quidem
2336 3900 2563 3978 profert
2605 3902 2764 3982 quod
2791 3894 2978 3984 usque
3005 3903 3078 3965 ad
3111 3901 3334 3983 aliquid
3365 3909 3477 3978 est,
3509 3911 3567 3962 at
3597 3920 3718 3963 non

2061 3985 2214 4046 tollit
2243 3985 2302 4046 id
2335 3989 2491 4068 quod
2527 4001 2661 4071 post
2690 3991 2841 4055 illud
2871 4003 2984 4057 est.
3017 3991 3104 4055 Ita
3147 3992 3232 4054 ait
3261 3991 3582 4071 Gregorius
3612 4009 3715 4054 se-

2059 4075 2254 4138 cundo
2276 4075 2546 4142 libr0.De
2563 4080 2754 4146 Filio.
2771 4081 3014 4146 «Nonne
3063 4101 3272 4145 omnes
3289 4091 3426 4144 sunt
3455 4081 3717 4146 admini-

2059 4166 2320 4255 stratorii
2340 4167 3006 4249 SpiritushConsolatur
3026 4191 3154 4255 eos,
3177 4171 3387 4235 dicens
3407 4191 3422 4237 :
3443 4173 3714 4236 Christus

2060 4253 2304 4334 quidem
2333 4255 2521 4320 Filius
2549 4258 2660 4323 Dei
2692 4265 2980 4327 naturalis
3000 4273 3112 4340 est,
3138 4253 3338 4341 angeli
3370 4279 3510 4325 vero
3539 4261 3714 4324 nobis

2059 4347 2496 4437 conservizhoc
2515 4351 2710 4414 sortiti
2733 4354 3160 4437 ministerium,
3183 4368 3249 4417 ut
3269 4353 3472 4416 omnia
3500 4352 3720 4415 faciant

2061 4441 2124 4498 et
2151 4435 2570 4502 administrent
2609 4459 2726 4524 quo
2759 4461 2868 4505 nos
2887 4435 3163 4507 homines
3182 4443 3326 4506 salvi
3345 4441 3555 4505 simus.
3579 4441 3720 4505 Fre-

2058 4533 2313 4605 quenter
2340 4527 2500 4590 enim
2529 4531 2729 4612 angeli
2759 4533 3019 4595 ministri
3078 4533 3216 4596 facti
3245 4543 3381 4596 sunt
3409 4533 3484 4594 ad
3514 4533 3714 4594 homi-

2059 4631 2192 4706 nes,
2225 4616 2410 4706 veluti
2439 4618 2514 4681 ad
2543 4621 2791 4684 Mariam
2821 4623 2968 4686 etin
2998 4623 3272 4706 sepulcro
3303 4621 3542 4685 Domini
3563 4629 3622 4683 et
3639 4622 3713 4684 ad

2059 4703 2430 4771 Cornelium.

2137 4791 2209 4870 II,
2245 4795 2376 4884 1-3.
2410 4796 2742 4879 Propterea
2770 4809 2998 4884 oportet
3030 4821 3143 4866 nos
3170 4801 3586 4867 vehementius
3613 4807 3716 4864 at-

2060 4885 2306 4948 tendere
2325 4883 2423 4948 his
2443 4903 2580 4968 quae
2599 4889 2761 4952 dicta
2778 4883 2923 4955 sunt
2937 4892 3132 4974 nobis,
3157 4891 3720 4974 uequandoperﬂu-

2058 4990 2256 5039 emus.
2275 4975 2532 5038 Etenim
2553 4981 2609 5039 si
2643 4977 2740 5041 his
2757 4982 2864 5061 qui
2877 4998 2991 5062 per
3005 4981 3258 5062 angelos
3285 4981 3488 5044 dictus
3509 4983 3720 5060 fuerat

2055 5080 2255 5126 sermo
2277 5065 2396 5144 fuit
2417 5067 2724 5145 ﬁrmus,et
2761 5077 2956 5132 omnis
2979 5071 3384 5153 transgressio
3421 5078 3482 5134 et
3517 5069 3718 5132 inube-

2053 5155 2294 5217 (tientia
2293 5155 2527 5235 justam
2537 5161 2783 5237 premit
2791 5177 3082 5241 responsa
3089 5161 3719 5241 tionemaccepit:quo-

2059 5243 2236 5307 modo
2255 5262 2363 5307 nos
2377 5246 2814 5326 effugiemussi
2827 5259 3067 5314 tantam
3077 5249 3531 5332 neglewerimus
3552 5249 3720 5313 satu-

2062 5333 2359 5415 tem?qune
2379 5351 2515 5398 cum
2529 5337 2805 5416 primum
2824 5341 3110 5403 enarrari
3130 5340 3381 5422 οωρενίι
3401 5358 3511 5421 per
3522 5341 3718 5422 ipsum

2064 5423 2430 5499 Dominum,
2451 5425 2527 5486 ab
2545 5424 2641 5488 his
2658 5430 2763 5506 qui
2773 5430 3100 5494 audierant
3117 5433 3183 5493 in
3204 5430 3563 5510 nosﬁrmata
3573 5431 3717 5509 fuit.

2138 5514 2432 5589 Quoniam
2464 5513 2646 5594 igitur
2675 5520 2877 5584 tenuia
2922 5528 3064 5584 sunt
3114 5528 3173 5583 et
3219 5519 3428 5584 exsilia
3455 5537 3588 5602 qua;
3614 5538 3716 5582 se-

398 5676 429 5726 7
460 5675 621 5766 Psal.
648 5692 808 5756 Iuv,
840 5679 905 5745 7.
937 5680 970 5733 8
996 5679 1258 5766 Philipp.
1287 5697 1351 5763 η,
1381 5683 1444 5764 6,
1496 5682 1553 5746 7.
1607 5679 1641 5732 9
1663 5678 1836 5747 Joau.
1896 5699 1956 5763 ι,-

2062 5685 2124 5752 3.
2169 5683 2229 5737 ‘0
2281 5683 2453 5746 Joan.
2514 5701 2633 5765 xxv,
2697 5687 2795 5749 tl.
2840 5682 2889 5727 ¹¹
2948 5685 3120 5748 Joau.
3179 5699 3322 5762 ινα,
3383 5682 3420 5746 5
3475 5677 3532 5726 1³
3559 5679 3714 5745 Plat.

313 5774 435 5835 cur,
469 5759 529 5822 1.
