4132 6420
366 339 478 405 291

1492 337 1908 409 OECUMENII
1950 337 2247 403 TRICC/E
2286 335 2622 402 EPISCOPI

3637 321 3756 390 992

369 468 630 530 cundum
683 465 1149 529 incarnationem
1217 475 1556 545 sumuntur,
1617 485 1854 553 oportet
1910 493 2011 538 nos

2103 475 2520 554 ἐνανθρωπησιν,
2602 471 2685 532 δεῖ
2753 475 2900 549 ἡμᾶς
2977 471 3360 553 περισσοτέρως
3444 466 3755 548 προσέχειν,

369 556 779 622 vehementius
813 556 1137 618 attendere.
1173 555 1287 617 Aut
1315 557 1453 620 dicit
1479 563 1854 626 utattendam
1882 565 2015 645 legi.

375 671 405 708 ‹
435 648 522 712 Ne
577 647 810 730 quando
871 646 1255 728 perﬂuamus.
1293 666 1320 706 ι
1352 645 1475 708 Hoc
1511 657 1620 723 est,
1676 654 2020 716 excidamus

367 739 442 802 ah
471 740 722 800 honesto
745 743 802 798 et
831 755 862 796 a
893 733 982 796 via
1015 753 1144 815 qum
1164 735 1328 796 ducit
1348 737 1417 798 ad
1439 740 1711 804 salutem.
1743 743 1886 816 «Qui
1914 762 2020 823 per

369 828 611 908 angelos
641 826 838 889 dctus
865 825 1050 886 fuerat
1080 842 1300 914 sermo.
1339 851 1366 882 ι»
1401 828 1522 890 Aut
1555 831 1629 891 de
1657 831 1786 911 lege
1821 833 2016 914 loqui-

369 927 462 980 tur
491 917 647 998 quod
689 933 796 997 per
825 915 1066 993 angelos
1106 913 1238 976 data
1279 914 1376 996 sit,
1403 917 1754 982 sicutetiam
1785 913 1928 983 dicit
1953 922 2014 983 in

366 1007 626 1090 Epistola
678 1005 750 1068 ad
811 1004 1046 1068 Galatas
1081 1022 1094 1062 :
1135 1029 1161 1060 ι
1196 1002 1478 1068 Ordinata
1540 1028 1646 1088 per
1675 1011 1942 1088 angelos,
1982 1036 2009 1068 ιο

366 1099 490 1161 sive
521 1095 970 1165 administrata;
1005 1101 1106 1154 aut
1134 1096 1208 1156 de
1242 1095 1331 1157 bis
1361 1116 1492 1176 quae
1522 1098 1653 1160 aliis
1691 1099 1850 1162 dicta
1880 1109 2017 1162 sunt

365 1188 438 1250 ab
468 1185 695 1266 angelis
719 1203 732 1247 :
753 1183 1250 1266 quemadmodum
1277 1184 1352 1246 de
1374 1186 1694 1250 Sodomitis
1712 1189 1788 1268 14,
1813 1209 2012 1270 qun-m-

365 1277 688 1340 admodum
703 1275 776 1336 de
795 1273 1028 1353 planctu
1047 1272 1103 1332 in
1122 1272 1275 1334 libro
1295 1273 1839 1358 Judicum,quando
1855 1279 2017 1341 venit

365 1367 611 1444 angelus
646 1361 879 1429 Domini
901 1363 973 1423 ad
1008 1363 1328 1438 lsraelitas,
1363 1373 1421 1425 et
1449 1365 1776 1446 objurgavit
1807 1387 2013 1430 eorum

367 1455 900 1534 transgressionem
922 1451 1738 1534 45.0portuit,inquit,omnes
1757 1457 1861 1518 has
1881 1476 2020 1536 geu-

367 1555 455 1608 tes
469 1564 502 1606 e
522 1543 722 1606 medio
739 1541 1077 1616 tollere,vos
1090 1549 1285 1602 autem
1301 1542 1523 1605 fcedera
1541 1564 1776 1626 quoque
1794 1542 2038 1609 fecistis

365 1655 499 1697 cum
533 1633 651 1696 illis
685 1650 698 1695 :
736 1639 1048 1711 propterea
1082 1650 1200 1692 non
1231 1631 1535 1713 disperdet
1558 1637 1843 1697 Dominus
1863 1654 2014 1715 gen-

369 1735 455 1788 tes
483 1743 615 1806 quaa
633 1721 934 1784 derelictas
957 1729 1113 1784 sunt.
1140 1720 1244 1783 His
1264 1721 1504 1794 auditis,
1528 1724 1879 1803 planxerunt
1896 1744 2014 1787 uno

362 1814 563 1876 animo
595 1830 805 1874 omnes
839 1829 851 1872 :
885 1810 1046 1900 unde
1077 1819 1135 1872 et
1185 1811 1353 1900 locus
1375 1811 1650 1874 Planctus
1674 1811 1866 1876 dictus
1895 1825 2012 1876 est.
2038 1853 2074 1900 Β

365 1902 530 1975 Quod
563 1911 782 1977 autem,
841 1899 943 1979 ait,
1006 1899 1348 1979 hujusmodi
1402 1910 1491 1963 est
1525 1919 1538 1932 ’
1574 1903 1716 1962 520
1759 1902 1820 1965 Si
1853 1903 2012 1964 inim

363 2011 492 2074 quae
522 1993 597 2053 ab
628 1989 854 2067 angelis
885 1988 1166 2068 prazdicta
1210 1998 1348 2053 sunt
1397 1990 1742 2054 acciderunt
1775 2001 1830 2053 et
1862 1993 2013 2054 ell'e-

362 2089 521 2142 ctum
554 2080 761 2141 sortita
790 2089 951 2153 sunt,
987 2087 1204 2158 quanto
1237 2079 1430 2158 magis
1453 2081 1800 2160 contingent
1828 2100 1958 2162 qua:
1982 2100 2015 2142 a

359 2170 511 2234 Filio
551 2168 656 2231 Dei
687 2167 968 2249 praedicta
1006 2176 1143 2228 sunt
1177 2185 1191 2229 ξ
1257 2167 1424 2226 Eat-.40»
1485 2170 1916 2247 μισθαποδοσίαν,
1953 2171 2014 2232 id

363 2269 475 2334 est,
500 2261 723 2340 justam
753 2257 1210 2319 retributionem
1243 2277 1311 2319 ac
1341 2259 1390 2319 si
1439 2260 1598 2320 dicat
1631 2281 1644 2322 :
1674 2261 1736 2322 Si
1777 2279 1848 2321 ea
1877 2278 2016 2322 cono

367 2352 624 2427 tigerunt
645 2364 775 2428 quae
802 2345 876 2407 ab
905 2345 1132 2424 angelis
1151 2346 1210 2406 in
1235 2345 1437 2408 Veteri
1461 2347 1838 2410 Testamento
1859 2347 2017 2410 dicta

363 2439 619 2518 fuerant,
679 2454 1006 2516 omnesque
1082 2443 1550 2514 transgressores
1608 2437 1798 2518 puniti
1850 2447 2008 2520 sunt,

361 2546 535 2607 quam
569 2525 861 2588 habemus
901 2543 1006 2587 nos
1046 2530 1275 2588 veniam
1310 2545 1442 2588 cum
1476 2527 1610 2589 illos
1645 2527 1882 2608 punitos
1908 2546 2009 2589 re-

358 2616 649 2697 spicimus
671 2634 739 2676 ac
771 2613 1147 2693 negligimus.
1183 2641 1208 2669 α
1232 2614 1292 2678 Si
1326 2624 1542 2688 tantam
1579 2616 2014 2696 ncglexerimus

359 2706 636 2767 salutem.
679 2730 705 2760 ι
741 2703 883 2776 Quae
940 2723 1058 2765 non
1109 2714 1282 2766 terra;
1331 2705 1485 2766 bona
1516 2705 1809 2786 promittit
1858 2706 2012 2769 sicut

362 2797 540 2856 Vetus
557 2793 1032 2867 Testamentum,
1067 2793 1168 2854 sed
1195 2812 1444 2872 regnum
1468 2795 1750 2856 cmlorum
1775 2815 1843 2856 ac
1863 2795 2004 2856 ado-

359 2884 622 2964 ptionem
652 2882 712 2943 in
737 2881 1174 2944 tilios.Salutem
1201 2891 1397 2944 autem
1416 2883 1559 2945 dicit
1577 2903 1707 2965 quae
1727 2884 2006 2948 aChristo

359 2976 761 3037 demonstrata
788 2981 875 3036 est
907 2983 964 3035 et
1021 2974 1417 3049 manifestata,
1455 2977 1564 3037 hoc
1597 2985 1707 3057 est,
1737 2977 1913 3038 [idem
1947 2977 2008 3038 in

2103 561 2260 642 ἥπερ,
2298 565 2480 643 φησὶν,
2512 565 2585 626 ὡς
2629 563 2986 643 προσείχομεν
3029 569 3106 637 τῷ
3167 562 3334 639 νόμῳ.
3403 581 3426 616 ι
3482 560 3570 628 Μή
3627 577 3757 613 ποτε

2101 653 2500 732 παραρῥυῶμεν.
2541 676 2566 706 ι
2623 653 2924 726 Τουτέστιν,
2985 651 3295 727 ἐκπέσωμεν
3350 659 3443 708 τοῦ
3497 647 3758 715 καθήκον-

2097 763 2210 815 τος,
2267 743 2354 797 καὶ
2410 747 2508 809 τῆς
2551 743 2640 798 ἐπὶ
2696 742 2960 820 σωτηρίαν
3019 739 3162 802 ὁδοῦ.
3215 764 3242 795 α
3278 731 3337 798 εΟ
3393 737 3460 794 δι’
3513 734 3757 814 ἀγγέλων

2097 811 2340 897 λαληθεὶς
2370 830 2550 909 λόγος.
2605 853 2628 888 ι
2702 811 2757 888 ’Π
2813 811 3051 909 περὶτοῦ
3081 833 3264 906 νόμου,
3319 830 3503 908 φησὶν,
3548 811 3635 881 δτι
3678 823 3748 880 δι’

2099 920 2338 1000 ἀγγέλων
2382 919 2558 996 ἐδόθη,
2609 922 2683 984 ὡς
2739 922 2827 978 καὶ
2869 921 2924 978 ἐν
2988 927 3057 998 τῇ
3113 922 3244 1000 πρὸς
3297 917 3538 980 Γαλάτας
3594 914 3748 996 φησὶ,

2105 1028 2134 1068 (
2183 1011 2457 1088 Διαταγεὶς
2514 1007 2582 1065 δι’
2640 1009 2903 1088 ἀγγέλων,
2957 1033 2981 1068 ι)
3049 1008 3212 1088 ἤγουν
3281 1005 3604 1073 διακονηθείς
3638 1023 3652 1038 ⁸
3713 1003 3750 1070 ἢ

2097 1099 2214 1176 περὶ
2268 1104 2374 1153 τῶν
2435 1095 2521 1154 ὑπ’
2584 1096 2826 1176 ἀγγέλων
2875 1096 3056 1163 ἄλλοις
3114 1097 3476 1168 λαληθέντων,
3535 1095 3607 1157 ὡς
3665 1091 3752 1148 ἐπὶ

2098 1192 2203 1244 τῶν
2260 1185 2587 1262 Σοδομιτῶν,
2660 1189 2734 1251 ὡς
2805 1187 2890 1244 ἐπὶ
2957 1195 3051 1245 τοῦ
3120 1186 3460 1261 κλαυθμῶνος
3519 1182 3574 1238 ἐν
3628 1193 3746 1242 τοῖς

2101 1285 2344 1354 Ιίριταῖς,
2393 1273 2479 1331 ὅτε
2536 1275 2692 1344 ἦλθεν
2735 1274 2959 1354 ἅγγελος
3009 1277 3192 1356 Κυρίου
3234 1276 3364 1354 πρὸς
3419 1274 3539 1336 τοὺς
3571 1269 3748 1348 ἰσρα-

2097 1363 2282 1431 ηλίτας
2353 1366 2440 1421 καὶ
2510 1364 2728 1444 ἤλεγξεν
2780 1368 2950 1422 αὐτῶν
3018 1365 3119 1434 τὴν
3188 1364 3538 1444 παρανομίαν,
3620 1359 3750 1416 Δέον

2097 1453 2218 1532 γὰρ,
2252 1455 2404 1533 φησὶ,
2463 1455 2662 1520 πάντας
2717 1453 2980 1536 ἐφανίσαι,
3022 1457 3178 1531 ὑμεῖς
3237 1451 3292 1509 δὲ
3355 1453 3442 1509 καὶ
3492 1451 3751 1520 συνθήκας

2099 1541 2267 1600 ἔθεσθε
2310 1545 2439 1624 πρὸς
2511 1544 2719 1610 αὐτούς.
2803 1547 2900 1601 ,λιά
2941 1555 3096 1604 τοῦτο
3153 1545 3247 1602 οὑκ
3303 1541 3651 1621 ἐξολοθρεύσει
3723 1541 3752 1594 6

2097 1633 2228 1696 Θεὸς
2312 1635 2377 1690 τὰ
2459 1632 2872 1710 ὑπολειπόμενα-
2939 1632 3084 1702 ἔθνη,
3173 1640 3348 1691 Ταῦτα
3431 1631 3748 1692 ἀκούσαντες

2096 1720 2353 1780 ἔκλαυσαν
2382 1798 2400 1800 _
2425 1707 2778 1800 6poﬁupzv3dv.
2846 1707 2986 1782 ’ὃθεν
3043 1726 3134 1780 καὶ
3179 1722 3458 1798 κλαυθμὼν
3501 1723 3528 1778 6
3585 1721 3748 1783 τόπος

2097 1809 2319 1881 ἐκλήθη.
2379 1798 2442 1870 "0
2498 1811 2553 1868 δὲ
2594 1798 2751 1893 λέγει
2796 1815 3030 1871 τοιοῦτόν
3089 1812 3228 1870 ἐστιν
3265 1831 3279 1846 ·
3344 1813 3402 1869 Ei
3443 1812 3563 1891 γὺρ,
3593 1811 3746 1890 φησὶ,

2097 1901 2160 1955 τα
2203 1900 2291 1957 ὑπ’
2350 1899 2592 1980 ἀγγέλων
2643 1901 2942 1970 λαληθέντα
2995 1900 3148 1970 ἐξέϐη
3225 1903 3314 1959 καὶ
3368 1901 3530 1981 πέρας
3592 1899 3746 1980 ἔσχε,

2094 1989 2246 2062 πόσῳ
2292 1989 2498 2066 μᾶλλον
2540 1992 2606 2072 ei!
2648 1994 2790 2072 παρά
2847 2003 2938 2052 τοῦ
2984 1995 3106 2049 Υἱοῦ
3148 2002 3240 2051 τοῦ
3301 1999 3432 2050 Θεοῦ
3455 1989 3749 2057 λαληθέντα

2096 2077 2376 2148 ἐκϐήσεται
2435 2099 2450 2159 ;
2569 2063 2804 2162 Ἔνδικον
2932 2079 3187 2162 (δικαίαν)
3308 2077 3724 2157 μισθαποδοσίαν
3735 2128 3748 2140 ,

2097 2167 2396 2242 Τουτέστιν,
2431 2167 2684 2244 ἀμοιϐήν.
2732 2156 2794 2228 ⁸Ὀ
2845 2169 2900 2227 δὲ
2945 2170 3114 2251 λέγει,
3172 2171 3410 2229 τοιοῦτόν
3444 2169 3586 2226 ἐστιν
3621 2189 3635 2202 ο
3693 2169 3752 2224 Εἰ

2096 2258 2160 2313 τὰ
2228 2259 2369 2337 παρά
2431 2257 2673 2336 ἀγγέλων
2723 2258 3019 2328 λαληθέντα
3085 2260 3138 2316 ἐν
3195 2267 3264 2337 τῇ
3311 2258 3517 2331 Παλαιᾷ
3572 2255 3746 2338 ἐξέϐη,

2095 2347 2185 2402 καὶ
2247 2349 2293 2403 οἱ
2348 2347 2750 2426 ἁμαρτήσαντες
2809 2350 3002 2415 πάντες
3075 2346 3368 2426 ἀπέλαϐον,
3427 2349 3581 2405 ποίαν
3637 2345 3748 2413 ἕξο-

2097 2455 2194 2510 μεν
2243 2435 2563 2514 συγγνώμῃν
2606 2439 2770 2512 ἡμεῖς
2827 2438 3055 2504 ἐκείνους
3113 2435 3481 2502 ἀπολαϐόντας
3525 2439 3747 2516 ὁρῶντες

2094 2523 2183 2578 καὶ
2224 2521 2584 2604 ἀμελοῦντες,
2643 2547 2667 2582 α
2726 2525 3064 2594 Τηλικαύτης
3108 2525 3475 2602 ἀμελήσαντες
3560 2547 3741 2591 σωτη-

2094 2612 2228 2690 ρίας.
2272 2634 2294 2671 υ
2340 2613 2412 2671 Οὑ
2441 2614 2504 2670 τὰ
2548 2614 2718 2693 ἀγαθά
2773 2618 2871 2683 τῆς
2927 2621 3029 2695 γῆς
3088 2614 3580 2695 ἐπαγγελλομένης,
3641 2637 3743 2671 κα-

2093 2707 2195 2771 θὼς
2250 2707 2284 2775 ἡ
2356 2707 2581 2781 Παλαιὰ,
2639 2707 2774 2766 ἀλλὰ
2827 2709 3097 2786 βασιλείαν
3132 2710 3365 2789 οὗρανὼν
3406 2711 3494 2765 καὶ
3571 2711 3742 2768 υἱοθε-

2091 2796 2229 2851 σίαψ
2277 2796 2550 2876 Σωτηρίας
2594 2795 2648 2853 δέ
2689 2821 2844 2879 φησι,
2902 2804 3000 2866 τῆς
3058 2799 3164 2856 ἀπὸ
3191 2805 3416 2879 Χριστοῦ
3443 2795 3743 2879 δειχθείσης

2089 2891 2178 2946 καὶ
2229 2890 2639 2972 φανερωθείσης,
2713 2892 2974 2968 τουτέστι,
3020 2899 3116 2961 τῆς
3161 2895 3232 2957 εἰς
3278 2894 3431 2950 αὑτὸν
3490 2894 3742 2956 πίστεως.

2093 2979 2298 3046 Ταύτην
2342 2978 2397 3035 δὲ
2453 2981 2578 3037 εἷπε
2621 2981 2908 3062 σωτηρίαν,
2969 2980 3168 3046 δεικνὺς
3213 2984 3279 3038 τά
3321 2983 3374 3038 ἐν
3430 2987 3498 3059 τῇ
3537 2981 3746 3054 Παλαιᾷ

357 3065 574 3145 ipsum.
609 3063 773 3127 Hanc
803 3071 998 3127 autem
1025 3064 1169 3126 dixit
1217 3066 1492 3141 salutem,
1529 3068 1851 3128 ostendens
1880 3086 2011 3148 quae

2096 3069 2171 3142 μὴ
2203 3067 2376 3134 ὀὕτως
2421 3067 2545 3126 ὄντα
2593 3072 2852 3150 σωτήρια,
2915 3096 2942 3127 α
3007 3071 3294 3130 Λαλεῒσθαι
3366 3070 3450 3128 διὰ
3491 3078 3583 3128 τοῦ
3633 3082 3744 3130 Κυ-

358 3156 420 3216 in
465 3154 651 3218 veteri
677 3155 808 3231 lege
837 3162 1006 3217 erant
1038 3171 1158 3217 non
1188 3154 1370 3217 fuisse
1401 3154 1701 3218 salutaria.
1758 3182 1778 3212 ι
1817 3155 2008 3217 Euar-

356 3247 476 3306 rari
513 3263 619 3325 per
649 3245 842 3325 ipsum
876 3245 1218 3308 Dominum.
1253 3270 1274 3302 η
1313 3243 1583 3308 Ostendit
1614 3246 1832 3308 deinde
1865 3245 2010 3308 illud

359 3335 604 3410 dignum
641 3352 772 3396 esse
795 3333 889 3395 cui
914 3334 1062 3395 ﬁdes
1108 3334 1484 3398 adhibeatur.
1530 3333 1656 3397 Non
1683 3335 1840 3397 enim
1862 3335 2009 3398 alius

356 3423 674 3505 quispiam,
712 3423 926 3504 inquit,
959 3424 1031 3485 ad
1065 3423 1123 3483 id
1161 3425 1429 3486 minister
1461 3425 1589 3500 fuit,
1623 3425 2007 3507 quemadmo-

354 3513 495 3573 dum
531 3515 726 3575 Moses
746 3511 804 3574 in
831 3512 1036 3587 veteri,
1062 3513 1166 3574 sed
1189 3513 1318 3594 ipse
1344 3513 1639 3577 Christus.
1658 3514 1777 3577 «Ab
1798 3515 1886 3576 his
1912 3514 2009 3596 qui

353 3600 685 3662 audierant.
700 3600 936 3663 nDelata
956 3603 1027 3664 ad
1048 3621 1156 3664 nos
1173 3603 1244 3664 ab
1268 3603 1361 3665 his
1380 3603 1480 3684 qui
1505 3602 1842 3681 audierant,
1871 3623 2009 3665 con-

355 3691 587 3754 ﬁrmata
619 3700 756 3753 sunt
785 3700 841 3752 et
873 3691 1122 3755 credita.
1175 3692 1424 3764 Quinam
1450 3704 1644 3754 autem
1667 3693 1878 3755 sunthi
1909 3697 2006 3775 qui

351 3779 697 3843 audierunt?
721 3779 1063 3844 Venerandi
1092 3800 1234 3844 sane
1252 3782 1651 3864 discipuli.Ne
1673 3783 2007 3846 offendicu-

2029 3131 2068 3182 C

2094 3156 2225 3237 ρίου.
2268 3181 2291 3212 ιο
2343 3158 2480 3215 Εἶτα
2531 3157 2753 3217 δείκνυσι
2800 3164 2860 3217 τὸ
2912 3159 3215 3227 ἀξιόπιστον
3276 3162 3464 3228 αὐτῆς.
3528 3163 3600 3218 Οὑ
3641 3162 3744 3241 γάρ

2091 3268 2170 3311 τις
2239 3245 2439 3327 ἕτερος,
2486 3249 2638 3328 φησὶ,
2696 3247 3013 3317 διηκόνησεν
3072 3249 3205 3327 αὖτῇ
3260 3252 3492 3330 καθάπερ
3546 3249 3744 3318 Μωσῆς

2089 3341 2156 3411 τῇ
2186 3334 2564 3418 Παλαιᾷ,ᾉάλλ’
2599 3339 2754 3402 αὑτὸς
2799 3341 2828 3396 6
2859 3339 3109 3418 Χριστός,
3165 3362 3187 3396 ‹
3249 3330 3381 3396 εΥπὸ
3423 3341 3529 3397 τῶν
3573 3340 3741 3397 ἀκου-

2091 3427 2316 3487 σάντων.
2358 3447 2383 3484 1)
2422 3416 2550 3482 Ὑπὸ
2606 3433 2712 3484 τῶν
2768 3427 3105 3487 ἀκουσάντων
3149 3431 3222 3492 εἷς
3252 3431 3394 3505 ἡμᾶς
3435 3428 3738 3510 ἐνεχθεῖσα,

2092 3511 2382 3582 ἐϐεϐαιώθη
2413 3517 2501 3572 καὶ
2529 3515 2832 3585 ἐπιστεύθη.
2894 3519 3041 3600 Τίνες
3092 3516 3146 3574 δὲ
3190 3521 3236 3575 οἱ
3279 3519 3594 3584 ἀκούσαντες
3629 3539 3644 3600 ς
3694 3522 3742 3576 οἱ

2090 3602 2354 3661 θεσπέσιοι
2392 3602 2636 3672 δηλονότι
2692 3608 2942 3682 μαθηταί.
2997 3592 3099 3665 ’ἱνα
3141 3605 3196 3664 δὲ
3253 3609 3330 3684 μὴ
3389 3592 3736 3686 σκανδαλίσῃ,

2093 3693 2151 3750 οὑ
2180 3691 2324 3772 λέγει
2368 3695 2454 3750 καὶ
2511 3694 2694 3753 ἑαυτὸν
2750 3695 3038 3764 ἀκηκοέναι
3093 3698 3236 3776 παρὰ
3290 3704 3538 3779 Χριστοῦ,
3570 3697 3738 3755 καίτοι

2092 3780 2338 3850 ἤκουσεν.

351 3868 472 3931 lum
508 3869 769 3949 patiaris,
811 3889 927 3932 non
958 3871 1102 3933 dicit
1131 3873 1392 3952 seipsum
1421 3891 1657 3954 quoque
1685 3872 1923 3935 audisse
1953 3892 1988 3934 a
2017 3869 2274 3948 Christo,
2308 3889 2444 3933 cum
2478 3879 2676 3934 tamen
2705 3871 2988 3937 audisset.

433 3957 508 4033 Il,
540 3959 667 4021 4-8.
694 3963 1022 4024 Attestante
1042 3961 1170 4024 Deo
1186 3964 1375 4042 signis
1411 3969 1466 4025 et
1499 3962 1802 4043 prodigiis
1822 3963 2011 4026 simul

348 4052 670 4128 variisque
695 4051 1043 4126 virtutibus,
1069 4059 1123 4114 et
1142 4050 1617 4131 Spiritussancti
1633 4052 2011 4116 distributio-

348 4139 558 4209 nibus,
570 4139 758 4214 juxta
781 4139 973 4218 ipsius
993 4138 1388 4203 voluntatem.
1425 4140 1559 4204 Non
1583 4142 1744 4203 enim
1776 4141 2010 4222 angelis

349 4224 605 4302 subjecit
641 4226 852 4289 orbem
883 4235 1063 4290 terra:
1090 4229 1392 4310 futurum,
1425 4231 1635 4309 dequo
1669 4233 2002 4310 loquimur.

361 4312 637 4377 Testatus
665 4322 751 4378 est
781 4325 982 4379 autem
1012 4317 1242 4380 alicubi
1271 4319 1520 4398 quidam
1562 4320 1763 4382 dicens
1797 4341 1810 4379 :
1847 4320 2006 4394 Quid

2181 3985 2208 4017 α
2296 3968 2878 4043 Συνεπιμαρτυροῦντος
2943 3966 3036 4021 τοῦ
3129 3971 3262 4024 Θεοῦ
3337 3965 3576 4042 σημείοις
3653 3967 3743 4023 καὶ

2090 4050 2268 4130 τέρασι
2353 4052 2440 4107 καὶ
2520 4051 2784 4119 ποικίλαις
2881 4051 3158 4130 δυναμεσι,
3264 4055 3350 4110 καὶ
3433 4056 3741 4132 Πνεύματος

2090 4140 2238 4218 ἁγίου
2321 4154 2603 4219 μερισμοῖς
2687 4143 2824 4200 κατά
2905 4143 3005 4212 τὴν
3106 4143 3263 4200 αὑτοῦ
3345 4144 3580 4211 θέλησιν.
3670 4149 3743 4203 Οὐ

2088 4231 2187 4308 γὰρ
2258 4229 2506 4310 ἀγγέλοις
2589 4229 2814 4297 ὑπέταξε
2869 4234 2968 4300 τὴν
3033 4232 3349 4308 οἰκουμένην
3420 4233 3520 4301 τὴν
3598 4232 3736 4309 μέλ-

2085 4317 2301 4398 λουσαν,
2387 4321 2504 4399 περὶ
2612 4323 2677 4388 ἧς
2777 4319 3041 4399 λαλοῦμεν
3079 4341 3094 4356 ·
3209 4320 3586 4402 διεμαρτύρατο
3683 4320 3736 4378 δέ

349 4409 438 4464 est
467 4401 641 4464 homo
665 4405 826 4483 quod
855 4421 1086 4467 memor
1114 4424 1172 4469 es
1201 4411 1354 4488 eius,
1381 4415 1485 4470 aut
1508 4408 1702 4471 Filius
1716 4408 2000 4490 hominis,

2096 4409 2188 4463 πού
2240 4429 2320 4472 τις
2390 4406 2585 4487 λέγων,
2647 4411 2707 4467 Τί
2789 4411 2930 4468 ἐστιν
2985 4409 3256 4492 ἄνθρωπος
3321 4401 3400 4469 ὅτι
3459 4401 3736 4490 μιμνήσκῃ

349 4496 644 4582 quoniam
674 4494 892 4556 invisis
920 4494 1132 4557 illum?
1161 4498 1380 4559 Fecisti
1397 4515 1528 4559 eum
1557 4497 1878 4578 paululum
1913 4501 2003 4560 in-

2096 4501 2268 4582 αὑτοῦ,
2354 4496 2391 4566 ἢ
2474 4500 2593 4563 Υἱὸς
2678 4499 2950 4580 ἀνθρώπου
3033 4499 3113 4557 ὅτι
3176 4500 3472 4580 ἐπισκέπτῃ
3528 4501 3735 4582 αὐτόν,

347 4580 638 4659 feriorem
660 4583 921 4663 angelis,
944 4586 1146 4664 gloria
1178 4593 1238 4648 et
1266 4585 1491 4648 honore
1520 4589 1824 4651 coronasti
1841 4606 1999 4664 eum,

347 4676 404 4732 et
432 4673 808 4734 constituisti
836 4690 968 4735 eum
991 4691 1173 4754 super
1203 4691 1383 4755 Opera
1411 4693 1705 4738 manuum
1729 4685 2000 4741 tuarnm.

351 4757 570 4824 Omnia
620 4761 924 4841 subjecisti
979 4762 1090 4826 sub
1136 4763 1388 4846 pedibus
1417 4766 1565 4844 ejus.
1599 4765 1672 4828 In
1703 4766 1814 4829 hoc
1841 4766 2005 4829 enim

346 4850 507 4927 quod
536 4851 592 4912 ei
624 4851 880 4930 subjecit
905 4855 1138 4935 omnia,
1172 4852 1330 4916 nihil
1357 4855 1564 4917 amisit
1593 4854 1690 4918 illi
1717 4875 1840 4919 non
1853 4857 1999 4920 sub-

333 4939 586 5016 jectum.
613 4939 790 5004 Nunc
843 4959 982 5006 vero
1037 4943 1306 5006 nondum
1358 4943 1630 5006 videmus
1655 4947 1879 5026 .omnia
1911 4945 2004 5010 illi

347 5043 476 5089 esse
505 5027 794 5108 subjecta.

427 5113 660 5178 Deinde
685 5136 761 5179 ne
791 5120 1033 5182 mentiri
1063 5121 1386 5185 credantur
1427 5125 1529 5205 qui
1559 5143 1592 5186 a
1623 5124 1858 5187 Christo
1888 5145 2000 5187 au-

347 5201 623 5295 dierunt,
645 5215 704 5268 et
731 5208 846 5269 alia
883 5228 988 5290 pro
1025 5210 1158 5273 aliis
1181 5211 1383 5274 dicant
1417 5201 1583 5276 :inon
1609 5216 1818 5295 inquit.
1851 5217 2000 5279 Nam

351 5297 411 5353 et
432 5289 748 5391 ipse-Deus
777 5315 894 5391 una
939 5317 1072 5359 cum
1102 5299 1193 5391 eis
1206 5388 1218 5391 _
1247 5301 1654 5391 testimonium
1689 5289 1707 5295 ’
1724 5304 2000 5384 perhibet

348 5380 582 5442 veritati
615 5401 722 5462 per
745 5383 913 5462 signa
943 5394 1002 5447 et
1052 5388 1344 5469 prodigia,
1401 5380 2002 5474 variasque—virtutes

349 5486 496 5550 quas
525 5489 634 5552 per
662 5490 764 5534 eos
795 5485 1100 5556 operatur.
1137 5475 1244 5539 «Et
1288 5478 1534 5559 spiritus
1574 5488 1759 5545 sancti
1794 5483 2002 5546 distri-

2091 4576 2430 4652 Ἠλάττωσας
2499 4590 2657 4646 αὑτὸν
2714 4576 2883 4671 έραχύ
2950 4613 3000 4646 τι
3086 4587 3210 4668 παρ’
3269 4576 3548 4670 ἀγγέλους,
3611 4576 3733 4668 δόξῃ

2087 4677 2174 4732 καὶ
2254 4682 2384 4752 τιμῇ
2467 4675 2831 4757 ἐστεφάνωσας
2934 4680 3114 4756 αὐτὸν,
3221 4679 3394 4740 πάντα
3477 4678 3735 4745 ὑπέταξας

2085 4765 2334 4822 ὑποκάτω
2404 4771 2512 4823 τῶν
2579 4765 2755 4824 ποδῶν
2823 4772 3004 4832 αὑτοῦ.
3064 4769 3153 4826 Ἐν
3213 4770 3314 4849 γὰρ
3356 4776 3432 4844 τῷ
3486 4767 3735 4835 ὑποτάξαι

2084 4856 2227 4930 αὑτῷ
2315 4855 2381 4911 τὰ
2477 4857 2672 4928 πάντα,
2745 4856 2891 4915 οὐδὲν
2979 4859 3184 4940 ἀφῆκεν
3267 4860 3409 4934 αὖτῷ
3477 4859 3736 4916 ἀνυπότα-

2083 4965 2233 5006 κτον.
2281 4953 2385 5002 Νῦν
2428 4942 2482 5000 δὲ
2540 4942 2687 5002 οὔπω
2754 4947 2961 5026 ὁρῶμεν
3022 4950 3165 5022 αὐτῷ
3223 4947 3288 5004 τὰ
3344 4947 3516 5006 πάντα
3596 4949 3734 5006 ὑπο-

2083 5031 2407 5112 τεταγμένα.

2169 5123 2306 5179 Εἶτα
2339 5123 2464 5180 ὡσεὶ
2517 5121 2794 5200 ψεύδονται
2852 5126 2900 5180 οἱ
2953 5123 3271 5191 ἀκούσαντες
3301 5126 3446 5205 παρὰ
3477 5132 3725 5205 Χριστοῦ,

2083 5215 2170 5269 καὶ
2212 5210 2348 5269 ἅλλα
2394 5211 2508 5270 ἀντ’
2556 5210 2732 5269 ἄλλων
2774 5211 3038 5295 λέγουσιν,
3087 5213 3158 5272 Οὔ
3205 5237 3364 5296 φησιν
3398 5232 3412 5246 ⁸
3474 5219 3562 5273 καὶ
3632 5218 3732 5296 γὰρ

2083 5302 2169 5358 καὶ
2210 5303 2366 5366 αὑτὸς
2398 5303 2426 5358 6
2457 5303 2586 5368 Θεὸς
2629 5316 2885 5382 μαρτυρεῖ
2940 5307 3123 5368 αὐτοῖς
3178 5303 3451 5381 ἀλήθειαν,
3497 5303 3581 5363 διὰ
3635 5329 3732 5374 ση-

2084 5396 2244 5470 μείων
2272 5394 2360 5449 καὶ
2415 5415 2648 5472 τεράτων
2690 5394 2776 5449 καὶ
2819 5392 3078 5450 ποικίλων
3134 5392 3402 5471 δυνάμεων
3459 5398 3533 5452 ὧν
3580 5396 3728 5476 ἐνερ-

2083 5499 2172 5565 γεῖ
2200 5483 2266 5542 δι’
2298 5485 2489 5548 αὑτῶν,
2544 5503 2567 5538 ιι
2633 5483 2730 5541 Καὶ
2773 5483 3078 5560 Πνεύματος
3134 5483 3284 5563 ἁγίου
3335 5498 3642 5563 μερισμοῖς.
3700 5508 3730 5542 ι

428 5631 487 5681 ‘3
516 5630 704 5694 Galat.
739 5650 825 5711 Ill,
861 5634 960 5698 l9.
994 5635 1053 5685 ‘9
1081 5633 1231 5701 Gen.
1260 5655 1380 5714 xxx,
1417 5642 1444 5701 1
1483 5660 1651 5723 seqq.
1685 5645 1743 5695 *3
1766 5642 1962 5706 Judic.
2000 5663 2011 5707 1

2100 5647 2126 5708 1
2161 5664 2330 5729 seqq.

1651 5874 1676 5900 θ’
