4132 6426
257 355 382 425 293
1352 345 1749 417 COMMENT.
1797 344 1880 412 IN
1925 340 2168 409 EPIST.
2215 346 2318 409 AD
2359 343 2589 409 HEBR.
3549 343 3670 408 294

261 491 363 549 Καὶ
435 487 520 546 διὰ
578 487 930 569 χαρισμάτων
1012 487 1102 543 καὶ
1172 484 1556 565 ἐπιφοιτήσεως
1614 483 1947 559 Πνεῦματοςλ

2047 475 2371 569 titionibus.
2413 501 2435 532 υ
2465 477 2603 569 59η
2647 475 2720 538 Et
2741 492 2868 569 Aper
2896 475 3054 538 dona
3084 495 3152 538 ac
3181 474 3439 569 Spiritus
3474 475 3664 569 sancti

258 581 414 659 ἁγίου
482 579 548 636 τα
582 558 863 647 ’.τ-ἧς’τώ
920 582 1051 634 Θεοῦ
1107 558 1389 655 μαρτυρίας
1430 573 1662 652 γένεται.
1728 579 1926 652 Μερισ-

2042 565 2533 644 uperventionem
2565 566 2712 625 fiunt
2739 563 2840 626 illa
2871 583 3006 644 qua:
3026 573 3163 626 sunt
3185 565 3368 626 divini
3399 564 3667 628 testimo-

260 681 394 744 μοῖς
424 666 479 724 δέ
507 690 670 746 φησι,
719 665 805 722 διὰ
846 667 906 722 τὸ
962 669 1081 723 οἷον
1138 663 1571 744 καταμερίζεσθλι
1620 662 1719 730 την
1764 685 1926 718 πνευ-

2038 653 2117 746 iii.
2156 653 2310 746 llicit
2339 661 2534 714 autem
2581 652 3142 746 Distributionibus,
3168 673 3267 746 _eo
3301 653 3670 746 quod‘veluti

261 758 492 833 ματικὴν
550 756 732 836 χάριν,
792 755 929 812 κατά
971 775 1028 811 τε
1084 755 1145 810 τὸ
1185 753 1376 832 μέτρον
1407 751 1653 829 ἑκάστου,
1700 753 1786 807 καὶ
1827 753 1928 819 τὴν

2038 741 2402 802 listribuatur
2451 739 3037 836 spiritualisgratia,
3073 751 3130 804 et
3156 741 3326 836 juxta
3381 741 3672 823 cujusque

261 829 363 913 τῆς
421 829 650 907 πίστεως
705 842 1014 922 ἀναλογίαν,
1072 829 1194 899 καὶγ
1235 829 1382 906 ὅπως
1442 841 1584 915 αῦτῷ
1637 839 1916 921 σλμφέρει,

2038 846 2376 922 nensuram,
2413 837 2471 892 et
2515 829 2685 922 juxta
2731 830 2873 922 ﬂd_ei
2908 829 3378 922 proportionem,
3421 839 3483 894 et
3511 839 3674 892 vezut

271 959 302 989 α
341 933 488 992 Κατὰ
518 933 618 1000 τὴν
648 933 804 990 αῦτοῦ
831 916 1069 1000 θέλησίν,
1128 956 1156 986 n
1220 937 1322 990 Τοῦ
1375 929 1724 1009 Παρακλήτου
1760 916 1919 996 δηλο-

2038 916 2115 997 psi
2147 918 2469 1009 espedicns
2500 925 2588 1009 est
2614 916 2691 983 ‘6.
2737 945 2762 976 σ
2786 917 2967 1009 iusta
2999 918 3185 1000 ipsius
3208 919 3574 1009 voluntatem
3601 941 3656 978 ε»

267 1024 406 1085 νότι,
445 1031 708 1102 Διαιροῦν,
768 1023 951 1102 φησὶν,
1005 1018 1107 1093 ἰδίᾳ
1164 1021 1372 1092 ἑκάστη)
1426 1019 1600 1082 καθὼς
1655 1018 1919 1096 βούλεται,

2038 1006 2297 1102 ξονιιειριὶ
2365 1005 2668 1102 videlicet.
2727 1007 3031 1102 Dividens,
3065 1008 3283 1102 inquit,
3319 1027 3427 1102 sua
3456 1009 3672 1090 cuique

279 1133 304 1167 ιι
353 1112 427 1169 Οῦ
467 1111 568 1190 γὰρ
597 1109 846 1188 ἀγγέλοις
887 1108 1107 1175 ὑπέταξε
1161 1109 1261 1177 τὴν
1305 1107 1640 1183 οἰκουμένην.
1679 1129 1706 1166 ι
1761 1118 1925 1167 Τοῦτο

2039 1095 2160 1158 icut
2192 1097 2334 1190 vult.
2369 1120 2396 1152 α
2433 1095 2563 1157 Non
2596 1097 2754 1158 enim
2778 1095 3007 1190 angelis
3029 1096 3290 1190 subjecit
3316 1097 3528 1160 orbem
3561 1106 3675 1159 ter-

270 1198 558 1278 é‘Xt‘ltOUOO'V
631 1198 741 1256 ἐστι
830 1205 899 1276 τῇ
970 1195 1080 1254 ἄνω
1147 1204 1254 1256 τῶν
1319 1196 1563 1276 ἀγγέλων
1635 1197 1926 1278 συγκρίσει.

270 1265 414 1346 "eset
444 1288 546 1367 γὰρ
574 1293 651 1362 τῷ
699 1265 934 1367 μεγίστω
988 1287 1236 1362 κτίσματι
1292 1265 1416 1350 τοὶξ
1471 1265 1740 1365 ἀγγέλοις,
1771 1265 1930 1343 ’του-

269 1377 442 1452 τέστι,
518 1377 608 1434 τὸν
666 1377 802 1434 κατὰ
873 1377 1041 1456 σάρκα
1094 1377 1318 1456 Χριστὸν
1373 1377 1734 1454 συγκρίνοντα,
1808 1377 1930 1452 μεί-

270 1475 400 1538 ζονα
456 1464 549 1522 ἅτε
597 1465 873 1532 Δεσπότην
928 1464 1198 1526 δεικνύειν.
1275 1463 1582 1522 Μέλλουσαν
1639 1463 1693 1520 δὲ
1766 1467 1936 1522 οἰκου-

272 1555 444 1632 μένην
491 1555 642 1635 φησὶ,
687 1556 780 1611 τὸν
839 1554 1090 1632 ἐσόμενον
1132 1556 1357 1630 κόσμον.
1415 1555 1538 1633 Περὶ
1595 1556 1675 1629 οὗ,
1749 1556 1929 1635 φησὶν,

271 1647 305 1702 ὁ
346 1643 489 1708 ἅπας
532 1642 690 1722 λόγος
745 1644 881 1719 ἡμῖν
953 1643 1118 1709 Αὖτὸς
1202 1643 1303 1722 γὰρ
1371 1644 1558 1722 κριτὴς
1629 1645 1656 1698 ὁ
1715 1648 1936 1722 Χριστὸς

275 1732 488 1798 ἐκείνης
545 1729 844 1789 καθεδεῖται
891 1733 990 1800 τὴς
1047 1731 1388 1807 οἰκουμένης.
1463 1735 1523 1790 Οἱ
1581 1729 1636 1787 δὲ
1694 1730 1934 1812 ἄγγελοι,

2012 1202 2115 1248 τω.
2156 1209 2182 1240 ι
2218 1184 2342 1246 Hoc
2359 1203 2734 1266 consequens
2762 1198 2851 1248 est
2869 1185 2944 1247 ad
2969 1185 3476 1266 comparationem
3497 1205 3679 1267 ange-

2014 1273 2207 1336 lorum
2262 1292 2394 1355 quae
2449 1276 2724 1356 superius
2781 1278 2972 1356 posita
3027 1285 3140 1338 est.
3191 1273 3466 1355 Oportuit
3513 1281 3673 1339 enim

2016 1361 2337 1444 potissimm
2392 1373 2702 1446 creaturae,
2760 1374 2899 1444 puta
2951 1365 3258 1444 angelicae,
3311 1365 3676 1427 conferendo

2017 1451 2311 1516 Christum
2340 1453 2672 1515 secundum
2705 1473 2972 1529 carnem,
3006 1454 3327 1517 ostendere
3378 1472 3513 1516 eum
3547 1472 3680 1517 esse

2021 1541 2306 1621 majorem
2338 1550 2620 1622 tanquam
2653 1541 2995 1604 Dominum.
3036 1545 3322 1606 Futurum
3345 1554 3545 1607 antem
3577 1562 3681 1607 or-

2019 1629 2156 1693 bem
2192 1639 2364 1693 terra:
2395 1631 2538 1693 dicit
2563 1634 2822 1694 futurum
2857 1633 3171 1696 mundum.
3199 1633 3435 1715 Dequo,
3458 1633 3679 1715 inquit,

2023 1722 2219 1782 omnis
2240 1741 2438 1783 sermo
2467 1722 2638 1783 nobis
2667 1731 2783 1784 est.
2809 1721 2941 1804 Ipse
2964 1723 3125 1784 enim
3155 1722 3431 1786 Christus
3449 1723 3685 1786 sedebit

277 1823 354 1886 ὡς
411 1819 702 1900 λειτουργοὶ
752 1822 840 1878 καὶ
897 1819 1068 1877 δοῦλοι
1123 1819 1493 1900 παρίστανται.
1547 1839 1577 1880 (
1640 1811 1935 1900 Διεμαρτύ.;

2046 1811 2201 1900 udo;
2249 1811 2409 1872 illius
2439 1811 2602 1872 orbis
2627 1821 2820 1873 terrae:
2847 1811 3042 1892 angeli
3064 1831 3204 1875 vero
3227 1821 3503 1895 tanquam
3527 1813 3684 1876 servi

279 1931 410 1991 ρατο
437 1908 493 1966 δέ
535 1910 638 1966 πού
679 1931 758 1974 τις
787 1908 980 1988 λέγων.
1012 1933 1040 1965 ι
1077 1900 1168 1973 ‘u;
1221 1911 1352 1990 πρὸς
1425 1908 1626 1974 εἰδότας
1671 1910 1764 1973 τὰς
1796 1916 1936 1989 Γρα-

280 2001 385 2080 cpi)
440 1997 834 2079 διαλεγόμενος,
885 2000 944 2056 οὗ
998 1998 1170 2066 τίθησι
1213 2005 1319 2056 τῶν
1374 1997 1641 2078 λέγόντων
1698 2000 1765 2055 τά
1822 1999 1938 2056 ὀνό-

281 2109 453 2166 ματα.
494 2108 518 2143 α
552 2089 612 2144 Τί
654 2087 794 2144 ἐστιν
850 2086 1174 2168 ἄνθρωποςς
1227 2111 1251 2142 υ
1299 2086 1514 2168 [ΦΩΤ.Ι
1563 2087 1710 2154 Τίνος
1781 2090 1939 2169 χάριν

281 2178 508 2257 προάγει
559 2182 672 2249 νῦν,
733 2177 795 2232 τὸ
863 2176 914 2233 τί
970 2176 1110 2234 ἐστιν
1169 2174 1439 2256 ἄνθρωπος
1507 2176 1588 2234 ὅτι
1659 2181 1938 2255 μιμνήσκῃ

279 2265 492 2347 αῦτοῦς
558 2263 776 2335 Ἐπειδὴ
827 2265 1125 2322 ἀντιπίπειν
1183 2267 1325 2342 αῦτῷ
1399 2265 1566 2324 ἐδόκει
1639 2269 1767 2344 πρὸς
1842 2270 1942 2335 τὴν

278 2356 552 2433 πρόθεσιν,
605 2353 656 2435 (ὁ
715 2354 812 2432 μὲν
869 2355 971 2435 γὰρ
1026 2355 1237 2430 μείζονα
1293 2353 1514 2412 δεικνυει
1567 2357 1658 2413 τὸν
1719 2359 1941 2438 Χριστὸν

277 2451 390 2501 τῶν
420 2441 700 2522 ἀγγέλων),
735 2444 796 2501 τὸ
839 2441 923 2524 δὲ,
964 2444 1140 2525 βραχύ
1169 2466 1220 2500 τι
1262 2443 1599 2512 ἠλαττῶσθαι
1644 2445 1773 2525 παρ’
1840 2449 1941 2505 αῦ-

280 2535 428 2597 τούς.
469 2535 562 2589 Διὸ
605 2535 806 2601 τίθησιν
865 2534 1015 2608 αῦτὸ,
1073 2533 1166 2590 ’ίνα
1219 2533 1320 2601 τὴν
1373 2531 1627 2592 δοκοῦσαν
1682 2535 1938 2594 ἀντίθεσιν

281 2621 448 2698 λόσῃ.
497 2624 593 2680 Καὶ
635 2621 772 2679 λύων
817 2622 976 2702 φησὶν
1028 2624 1262 2702 εἰρῆσθαι
1319 2623 1479 2680 αῦτὸν
1537 2623 1936 2702 ἠλαττωμένον,

284 2710 372 2768 διὰ
412 2713 475 2768 τὸ
518 2712 739 2787 πάθημα
779 2718 872 2770 τοῦ
928 2713 1170 2775 θανάτου,
1233 2735 1260 2766 α
1307 2711 1536 2790 Εῗδομεν
1605 2715 1703 2794 γὰρ
1759 2715 1937 2791 αὗτὸν,

285 2802 376 2858 καὶ
405 2802 501 2857 οὐκ
526 2801 682 2881 εἶχεν
713 2799 855 2866 εἶδος
887 2800 1000 2858 οῦδὲ
1057 2801 1279 2866 κάλλος,
1315 2825 1342 2856 ι
1378 2810 1666 2885 Συγχωρεϊ
1707 2802 1761 2860 δὲ
1809 2805 1941 2870 τέως

2022 1917 2090 1960 ac
2122 1899 2380 1960 ministri
2422 1900 2683 1964 stabunt.
2725 1926 2748 1958 ιι
2785 1900 3062 1964 Testatus
3093 1910 3184 1964 est
3229 1913 3424 1965 autem
3462 1903 3682 1965 alicubi

2022 1989 2262 2070 quidam
2297 1990 2530 2051 ἀίει-ηε.
2569 2017 2590 2047 ι»
2629 1989 2932 2073 Tanquam
2956 1991 3027 2052 ad
3069 2009 3172 2053 eos
3215 1991 3317 2074 qui
3348 1990 3683 2074 Scripturas

2024 2088 2311 2140 noverant
2341 2078 2670 2158 disserens,
2693 2099 2811 2141 non
2855 2081 3022 2161 ponit
3053 2099 3262 2142 eorum
3293 2081 3538 2144 nomina
3581 2082 3683 2164 qui

2025 2167 2276 2230 dicunt:
2339 2193 2358 2224 ι
2401 2167 2555 2241 Quid
2615 2179 2708 2232 est
2759 2169 2990 2231 nomo?
3023 2195 3051 2227 ιο
3088 2167 3272 2242 Quam
3323 2170 3399 2233 ob
3447 2189 3684 2233 causam

2026 2277 2186 2322 nunc
2231 2259 2392 2322 citat.
2428 2258 2579 2332 Quid
2603 2273 2694 2322 est
2731 2261 2909 2322 homo
2943 2261 3102 2342 quod
3133 2279 3362 2323 memor
3391 2279 3457 2323 es
3513 2262 3686 2342 ejus?

2023 2346 2317 2421 Quoniam
2377 2348 2616 2411 obstare
2676 2367 2784 2411 suo
2829 2348 3130 2430 proposito
3177 2349 3509 2428 videbatur,
3554 2351 3683 2432 ipse

2024 2437 2183 2499 enim
2216 2437 2474 2500 ostendit
2505 2436 2805 2501 Christum
2831 2437 3058 2518 angelis
3082 2456 3215 2500 esse
3253 2439 3570 2522 majorem,
3608 2441 3684 2502 il-

2023 2526 2122 2590 lud
2147 2545 2283 2589 vero
2304 2526 2387 2588 ait
2411 2527 2714 2608 paululum
2766 2528 2992 2607 angelis
3025 2527 3243 2589 factum
3274 2547 3406 2591 esse
3434 2529 3685 2592 inferio-

2021 2634 2174 2680 rem.
2203 2616 2377 2679 l’onit
2400 2618 2597 2698 itaque
2622 2618 2756 2693 hoc,
2803 2627 2866 2678 ut
2895 2636 3024 2680 eam
3055 2636 3188 2699 quae
3217 2617 3470 2692 videtur,
3501 2619 3686 2682 solvat

2023 2704 2420 2786 objectionem
2457 2729 2470 2766 :
2507 2717 2564 2768 et
2594 2708 2828 2768 solvens
2882 2707 2964 2768 ait
3021 2707 3245 2769 dictum
3295 2725 3430 2770 esse
3459 2708 3680 2771 factum

2021 2794 2366 2858 inferiorem
2402 2805 2644 2877 pr0pter
2690 2797 2895 2857 mortis
2945 2798 3306 2877 passionem.
3347 2821 3368 2854 α
3409 2797 3683 2861 Vidimus

284 2890 378 2946 καὶ
436 2890 496 2945 τὸ
552 2889 714 2966 ῥητὸν
772 2891 1004 2969 εἰρῆσθαι
1062 2890 1146 2948 ἐπὶ
1217 2900 1309 2950 τοῦ
1396 2893 1686 2967 Δεσπότου,
1761 2893 1944 2963 ἐπειεῆ

2038 2903 2286 2966 namque
2319 2905 2456 2948 eum
2488 2897 2548 2948 et
2579 2904 2698 2948 non
2732 2885 2987 2949 habebat
3009 2887 3271 2967 speciem
3298 2905 3496 2968 neque
3511 2889 3687 2950 deco-

287 2977 644 3058 ἐχρησίμευεν
703 2979 845 3053 αὖτῷ
899 2980 988 3036 καὶ
1075 2981 1147 3044 εἷς
1225 2981 1287 3036 τὸ
1356 2979 1580 3048 ἐκείνους
1638 2985 1946 3062 παραμυθή-

2038 2992 2154 3038 rem
2192 2975 2272 3038 17.
2314 3001 2342 3032 ι
2377 2975 2618 3037 Interim
2645 2983 2840 3038 autem
2865 2976 3136 3038 concedit
3169 2977 3343 3038 etiam
3375 2976 3435 3039 id
3456 2977 3682 3040 dictum

289 3069 504 3143 σασθσι,
565 3067 628 3148 τῦ
695 3066 875 3124 Πάντα
956 3065 1214 3134 ὑπέταξας
1271 3069 1523 3126 ὑποκάτω
1591 3075 1698 3126 τῶν
1767 3069 1942 3129 ποδῶν

2038 3063 2212 3128 fuisse
2241 3065 2314 3127 de
2347 3067 2622 3142 Domino,
2656 3066 2934 3146 quoniam
2965 3065 3077 3126 sibi
3108 3085 3344 3146 quoque
3365 3066 3686 3148 serviebat,

291 3142 492 3216 αὐτοῦς
516 3176 540 3211 ι
579 3143 711 3212 υΟτι
743 3156 1022 3232 μιμνήσκῃ
1056 3159 1233 3217 αὐτοῦ.
1285 3180 1312 3212 ιι
1350 3155 1700 3240 [ΘΕΟΔΩΡ.]
1744 3163 1818 3219 Οὐ
1845 3162 1944 3240 γὰρ

2038 3161 2095 3215 ut
2124 3154 2258 3216 illos
2289 3142 2718 3236 consolaretur,
2775 3159 2933 3236 quod
2992 3142 3209 3217 dicitur
3239 3142 3266 3215 ἶ
3290 3155 3507 3219 Omnia
3535 3142 3684 3219 subi

293 3243 459 3321 μόνον
488 3245 560 3306 εἷς
589 3245 650 3300 τὸ
705 3244 853 3300 εἶναι
909 3245 1247 3326 παρ-ἤγαγες,
1291 3249 1380 3305 καὶ
1435 3248 1496 3304 τὸ
1523 3247 1578 3304 εὖ
1608 3249 1751 3306 εἶναι
1781 3247 1947 3306 δεδώ-

2038 3242 2226 3323 iecisti
2243 3245 2351 3307 sub
2373 3244 2626 3325 pedibus
2648 3245 2920 3324 ejus.—-u
2951 3243 3117 3318 Quod
3139 3263 3371 3306 memor
3386 3264 3451 3308 es
3488 3247 3680 3328 ejus.»

293 3353 480 3412 ρησαι,
509 3333 599 3388 καὶ
625 3332 967 3410 μεμνημένος
1011 3333 1296 3413 διατελεῖς,
1361 3337 1448 3392 καὶ
1516 3343 1695 3402 κακῶς
1751 3337 1950 3396 διακεί-

294 3441 458 3500 μενον
498 3420 817 3500 ἐπισκέπτῃ.
883 3445 911 3478 α
971 3421 1312 3491 Ἦλάττωσας
1377 3425 1558 3486 αὐτόν.
1611 3450 1634 3481 ιι
1698 3427 1953 3487 Ἐνταῦθα

295 3513 400 3579 τῆς
436 3512 571 3588 μετὰ
621 3511 722 3579 τὴν
777 3511 1074 3593 παράϐασιν
1126 3514 1520 3591 ἒμνημόνευσεν
1577 3516 1945 3597 ἀποφάνσεως.

297 3609 388 3677 τῷ
455 3605 633 3676 θνητῷ
699 3600 825 3683 γὰρ,
909 3609 1016 3660 τῶν
1089 3602 1335 3682 ἀγγέλων
1389 3603 1720 3672 ἠλάττωται.
1779 3614 1952 3665 Ταῦτα

297 3691 516 3771 ἁρμόζει
574 3691 673 3766 μὲν
730 3693 818 3748 καὶ
875 3693 948 3757 είς
990 3692 1086 3761 τὴν
1142 3693 1329 3760 κοινὴν
1390 3693 1794 3774 ἆνθρωπότητα,
1839 3697 1952 3773 μά-

296 3780 456 3837 λιστα
483 3777 538 3836 δὲ
569 3781 640 3845 εἰς
669 3782 760 3837 τὸν
801 3782 936 3838 κατὰ
965 3781 1134 3862 σάρκα
1190 3782 1438 3861 Χριστόν,
1476 3806 1503 3837 ι
1561 3789 1666 3842 Νῦν
1709 3783 1764 3840 δὲ
1807 3785 1954 3842 οὔπω

295 3868 508 3950 δρῶμεν
566 3871 710 3944 αῦτῷ
766 3869 832 3925 τὰ
887 3870 1057 3927 πάντα
1127 3869 1552 3949 ὑποτεταγμένα.
1615 3893 1640 3930 ι
1733 3869 1953 3942 Ἐπειδὴ

295 3960 399 4038 γὰρ
441 3958 599 4016 εἶπεν
633 3976 647 3990 ⁶
696 3956 858 4016 Οὐδὲν
887 3957 1089 4040 ἀφῆκεν
1143 3960 1287 4035 αῦτῷ
1315 3959 1697 4036 ἀνυπότακτον,
1731 3965 1872 4019 οὗτοι
1899 3961 1954 4019 δὲ

294 4053 477 4112 κακῶς
506 4045 748 4125 ἔπασχον
778 4047 867 4102 καὶ
897 4048 1194 4126 ἡρπάζοντο
1222 4047 1364 4126 παρὰ
1419 4053 1528 4103 τῶν
1557 4045 1820 4105 Ἰουδαίων
1849 4054 1956 4106 τῶν

297 4135 666 4212 ἒμμεινάντων
708 4140 780 4212 τῇ
828 4137 1065 4210 ἀπιστίᾳ,
1112 4135 1206 4192 ’ίνα
1252 4135 1332 4212 μὴ
1364 4134 1702 4218 ἀμφιϐἀλωσι
1730 4139 1861 4218 πρὸς
1892 4140 1958 4196 τὰ

298 4229 578 4308 εἰρημένα,
609 4230 742 4310 φησί
774 4244 790 4259 ⁸
837 4229 927 4296 Μὴ
955 4227 1280 4310 θορυϐεῖσθε.
1313 4228 1472 4286 Οὔπω
1500 4230 1600 4310 γὰρ
1628 4230 1798 4288 πάντα
1817 4236 1958 4309 αὐτῷ

299 4316 676 4397 ὑποτέτακται,
753 4315 900 4374 οὔπω
967 4319 1028 4377 τὸ
1071 4319 1324 4397 κήρυγμα
1381 4317 1759 4398 κατέσπαρται,
1811 4319 1958 4379 οὔπω

304 4404 588 4484 ἐκράτησεν
631 4409 660 4464 ὁ
701 4404 948 4484 βασιλεὺς
975 4411 1244 4486 καθαρῶς,

941 4687 1192 4740 tremit.
1241 4668 1325 4745 r'.

313 4795 340 4828 ι
401 4760 532 4831 ’Ὁτι
616 4771 892 4850 ἒσαρκώθη
961 4775 1098 4831 κατὰ
1155 4769 1379 4829 διάθεσιν
1463 4773 1550 4830 καὶ
1635 4775 1959 4850 συμπάθειαν

440 4795 532 4831 υτι
616 4795 710 4830 εσα
742 4795 892 4841 κωυη
961 4795 1098 4831 κατα
1155 4795 1379 4829 οιαοεσιν
1463 4795 1550 4830 και
1635 4795 1959 4850 συμπάθειαν

388 4854 476 4909 καὶ
559 4795 860 4920 οἰκειότητα
942 4854 1042 4922 τὴν
1126 4854 1256 4933 πρὸς
1304 4855 1484 4933 ,ἡμᾶς
1567 4853 1653 4910 ἐπὶ
1730 4855 1964 4933 σωτηρίᾳ

385 4933 674 5015 ἀνθρώπων
743 4939 813 5010 τῇ
867 4932 928 4990 ἐκ
990 4931 1238 5011 θανάτου,
1296 4931 1383 4990 διὰ
1452 4937 1552 5002 τῆς
1621 4935 1752 5015 πρὸς
1807 4931 1962 4993 αὐτὸν

388 5014 728 5078 οἰκειώσεως’
778 5037 806 5070 ιι

395 5133 421 5164 ι
455 5111 560 5167 Τὸν
615 5105 672 5164 δὲ
723 5108 900 5188 βραχύ
952 5129 1002 5165 τι
1063 5107 1188 5189 παρ’
1245 5106 1504 5188 ἀγγέλους
1561 5106 1961 5187 ἠλαττωμένον,

307 5197 578 5277 βλέπομεν
648 5195 856 5264 Ἰησοῦν
943 5195 1028 5254 διὰ
1106 5199 1168 5254 τὸ
1253 5199 1476 5274 πάθημα
1541 5204 1636 5254 τοῦ
1717 5200 1962 5275 θανάτου,

312 5285 437 5363 δόξῃ
493 5288 582 5344 καὶ
649 5291 782 5364 τιμῇ
834 5285 1286 5366 ἐστεφανωμένον,
1371 5285 1519 5350 ὅπως
1560 5287 1778 5379 ’,χάριτι
1835 5292 1970 5348 Θεοῦ

314 5379 444 5458 ὑπὲρ
524 5380 724 5444 παντὸς
836 5377 1087 5456 γεύσηται
1196 5378 1444 5443 θανάτου.
1561 5377 1788 5458 ἾΕπρεπε
1869 5383 1972 5462 γὰρ

315 5471 460 5543 αῦτῷ
499 5465 568 5525 δι’
611 5469 674 5526 ὃν
713 5468 780 5525 τὰ
823 5467 1018 5543 πάντα,
1075 5468 1165 5526 καὶ
1206 5464 1274 5524 δι’
1333 5469 1394 5525 οὗ
1441 5468 1509 5526 τὰ
1566 5467 1762 5546 πάντα,
1844 5469 1974 5528 πολ-

395 5638 507 5703 ¹51
545 5637 686 5701 Cor.
714 5652 821 5714 xu,
853 5651 1022 5718 seqq.
1057 5635 1117 5688 I7
1144 5634 1265 5701 lsa.
1295 5651 1402 5718 ιιι,
1433 5638 1494 5700 2.

2033 3332 2238 3415 Neque
2263 3334 2424 3395 enim
2455 3334 2715 3396 tribuisti
2759 3343 2982 3396 tantum
3029 3343 3096 3396 ut
3125 3344 3302 3410 esset,
3337 3341 3444 3399 sed
3472 3337 3692 3400 dedisti

2036 3442 2276 3505 qucque
2307 3431 2369 3484 ut
2399 3423 2552 3485 bene
2609 3433 2787 3500 esset,
2839 3432 2898 3487 et
2943 3424 3226 3487 continue
3277 3443 3510 3488 memor
3562 3427 3690 3507 ejus

2034 3531 2378 3595 perseveras
2408 3522 2466 3574 et
2496 3513 2667 3575 malis
2691 3515 2965 3577 allectum
2990 3515 3358 3580 consideras.
3399 3539 3426 3578 ι
3465 3515 3690 3578 Minui-

2037 3604 2116 3664 sti
2146 3621 2306 3665 eum.
2346 3627 2371 3660 υ
2405 3600 2515 3664 Hic
2531 3603 2848 3666 sententiae
2871 3603 3143 3666 meminit
3179 3622 3311 3686 quae
3333 3613 3464 3686 post
3493 3614 3690 3669 trans-

2035 3691 2405 3772 gressionem
2439 3691 2554 3754 lata
2583 3701 2715 3768 est;
2759 3692 3118 3756 mortalitate
3149 3695 3306 3755 enim
3339 3693 3692 3757 imminutus

2037 3788 2126 3844 est
2147 3780 2220 3843 ab
2241 3779 2636 3861 angelis.Haec
2673 3782 2915 3864 quidem
2947 3791 3107 3864 aptat
3126 3785 3300 3844 etiam
3324 3784 3398 3845 ad
3419 3801 3692 3848 commu-

2035 3890 2171 3934 nem
2197 3869 2643 3946 humanitatem,
2658 3871 2913 3934 maxime
2924 3882 3120 3935 autem
3135 3872 3209 3934 ad
3225 3871 3696 3954 Christumjuxta

2035 3979 2300 4024 carnem.
2343 3985 2369 4016 α
2403 3961 2574 4024 Nunc
2604 3980 2743 4023 vero
2783 3961 3050 4024 nondum
3081 3962 3352 4024 videmus
3379 3962 3581 4025 omnia
3608 3964 3696 4025 illi

2040 4069 2173 4114 esse
2204 4048 2494 4130 subjecta.
2534 4075 2559 4106 ι
2597 4049 2886 4124 Quoniam
2909 4051 3068 4114 enim
3099 4051 3280 4116 dixit:
3305 4051 3466 4114 Nihil
3497 4053 3697 4118 omisit

2039 4140 2126 4210 illi
2157 4159 2276 4203 non
2307 4139 2667 4220 subjectum,
2731 4141 2792 4204 hi
2849 4151 3047 4204 autem
3083 4143 3255 4205 malis
3279 4142 3699 4208 aﬂiciebantur

2041 4239 2102 4294 et
2119 4229 2501 4312 rapiebantur
2520 4248 2728 4293 eorum
2748 4230 3198 4309 bonanudzeis,
3222 4233 3324 4314 qui
3342 4233 3403 4294 in
3425 4234 3699 4297 incredu-

2039 4320 2205 4383 litate
2257 4327 2712 4401 permanserant
2746 4338 2759 4384 :
2794 4339 2870 4383 ne
2901 4320 3064 4383 circa
3108 4339 3176 4384 ea
3209 4340 3342 4404 quae
3371 4323 3528 4386 dicta
3560 4338 3700 4386 sunt.

1977 4411 2406 4488 phaasitarent,
2423 4411 2540 4473 ait:
2569 4411 2708 4472 528
2733 4409 2816 4474 Ne
2842 4410 3199 4477 turbemini:
3240 4413 3504 4476 nondum
3536 4414 3694 4477 enim

2039 4502 2242 4567 omnia
2254 4501 2341 4564 illi
2355 4500 2626 4582 subjecta
2638 4501 3070 4578 sunt,nondum
3087 4501 3703 4586 praedicatiodispersa

2041 4601 2153 4676 est,
2190 4592 2455 4656 nondum
2486 4610 2590 4654 rex
2624 4613 2655 4652 ιι
2683 4592 2932 4653 anil‘este
2961 4593 3191 4673 accepit
3217 4591 3562 4674 imperium.

2673 4679 2925 4746 CAPUT
2969 4679 3067 4743 III.

2047 4772 2216 4849 Quod
2256 4789 2508 4836 carnem
2537 4773 2928 4851 assumpserit
2947 4771 3133 4851 juxta
3161 4769 3613 4850 dispositionem
3644 4781 3703 4838 et

2124 4853 2568 4918 condolentium
2590 4869 2662 4935 ac
2681 4851 3176 4931 [amiliaritatem
3207 4869 3394 4935 quam
3417 4870 3563 4935 erga
3593 4872 3702 4918 nos

2128 4936 2362 5011 habuit,
2387 4941 2455 4996 ut
2482 4932 2784 5014 hominem
2802 4949 2840 4995 α
2869 4938 3064 4994 morte
3085 4949 3198 5014 per
3214 4932 3704 5012 familiaritatem

2128 5019 2212 5078 ad
2244 5017 2447 5096 ipsum
2473 5013 2783 5077 liberaret.

2135 5107 2230 5188 ll,
2243 5109 2305 5186 9,
2332 5105 2424 5167 10.
2448 5104 2609 5166 Ειιηι
2621 5120 2763 5166 vero
2775 5102 2880 5184 qui
2892 5101 3212 5180 paululum
3228 5103 3706 5184 diminutas/ue-

2049 5205 2152 5262 rat
2174 5197 2344 5273 infra
2363 5192 2632 5275 angelos,
2657 5207 2958 5256 cemimus
2975 5195 3186 5255 Iesum
3201 5199 3450 5274 propter
3461 5197 3704 5260 crucia-

2053 5294 2178 5352 tum
2215 5289 2432 5348 mortis
2476 5281 2674 5364 gloria
2713 5288 2770 5344 et
2799 5281 3026 5344 honore
3068 5290 3472 5347 coronatum:
3505 5292 3572 5347 ut
3597 5303 3710 5368 per

2053 5381 2326 5459 gratiam
2359 5373 2478 5436 Dei
2501 5390 2614 5454 pro
2636 5372 2920 5434 universo
2950 5370 3095 5436 orbe
3121 5380 3398 5455 gustaret
3423 5384 3704 5438 mortem.

2061 5466 2322 5530 Decebat
2345 5463 2509 5526 enim
2533 5479 2673 5525 eum
2717 5465 2974 5542 propter
3025 5479 3204 5543 quem
3223 5470 3366 5527 sunt
3384 5470 3615 5542 omnia,
3649 5475 3708 5530 et
