4132 6416
3716 292 3840 359 296

3414 433 3506 490 τὸν
3589 431 3837 512 ἀρχηγὸν

3656 520 3833 577 τελει-

443 304 563 376 295
1560 305 1974 372 (ECUMENII
2020 299 2334 368 TRICCIE‘
2358 299 2696 368 EPISGOPI

434 465 549 527 per
577 463 750 526 quem
775 451 920 509 sunt
949 445 1182 527 omnia,
1214 451 1280 506 ut
1308 442 1516 507 multis
1531 443 1690 524 ﬁliis
1741 445 1806 506 in
1827 443 2078 523 gloriam

2179 435 2303 500 λούς
2386 438 2526 501 υἱοὺς
2611 436 2684 499 εἷς

435 536 736 611 adductis,
771 542 1080 598 auctorem
1101 535 1320 598 solut-is
1341 533 1580 596 illorum
1607 552 1720 614 per
1742 535 2078 612 a/ﬂictione.

2181 530 2280 595 τῆς
2384 528 2649 604 σωτῆρίας
2749 529 2942 599 αὐτῶν,

430 627 766 704 perfectum
796 626 1099 688 redderet.

2181 638 2336 678 ωσαι.
2398 639 2418 672 ι

521 696 870 788 Paululum,
897 714 973 775 ob
1006 715 1065 775 id
1094 712 1238 775 dicit
1267 713 1422 794 quod
1463 713 1654 774 tribus
1685 712 1894 774 diebus
1919 710 2070 772 fueri

2262 706 2396 786 Βαρῦ
2427 702 2482 761 δέ
2522 727 2680 785 φησι,
2735 701 2819 760 διὰ
2856 703 2936 777 τὸ,
2997 702 3146 782 τρεῖς
3201 700 3406 781 ἡμέρας
3476 700 3530 756 ἐν
3571 705 3650 774 τῷ
3706 696 3834 773 ᾅδη,

435 803 591 884 apud
622 803 870 866 inferos.
912 825 934 860 α
975 805 1224 884 Propter
1281 789 1608 864 cruciatum
1644 801 1874 865 mortis.
1911 826 1938 857 »
1986 799 2078 860 Di-

2175 793 2435 868 γενέσθαι.
2488 817 2515 848 α
2554 793 2652 848 Διὰ
2707 794 2768 848 τὸ
2809 792 3034 866 πάθημα
3090 798 3178 846 τοῦ
3219 791 3463 848 θανάτου.
3515 812 3544 844 ι
3607 789 3838 858 Πάθημα

435 877 677 954 cendo:
741 877 1109 952 Cruciatum'
1148 890 1379 965 mortis,
1441 909 1638 952 veram
1699 888 2078 951 manifestaviw

2176 887 2398 942 θανάτου
2441 886 2626 966 εἰπὼν,
2673 885 2765 941 τὸν
2816 881 2989 951 ἆληθῆ
3044 882 3263 964 ἐνέφηνε
3322 883 3568 942 θάνατον.
3623 904 3646 937 ι
3701 877 3838 951 Δόξα

437 990 713 1042 mortem.
755 1003 777 1037 α
807 979 1010 1044 Gloria
1040 988 1098 1042 et
1126 981 1353 1041 honore
1372 987 1743 1043 coronatum.
1776 1005 1798 1035 υ
1833 978 2078 1042 Gloriarr

2176 976 2263 1032 καὶ
2314 981 2446 1051 τιμῆ
2517 972 2975 1054 ἐστεφανωμένον.
3041 995 3064 1030 ι
3133 972 3299 1038 Δόξαν
3354 972 3442 1028 καὶ
3497 970 3687 1050 τιμὴν,
3743 970 3838 1024 τὸν

437 1077 496 1131 ει
527 1070 816 1130 honorem
879 1077 1051 1130 vocat
1108 1086 1377 1132 crucem.
1430 1070 1638 1149 Neque
1673 1068 1830 1129 enim
1864 1075 2078 1129 tantum

2178 1066 2398 1144 σταυρὸν
2454 1063 2634 1123 καλεῖ.
2682 1064 2753 1122 Οὐ
2793 1064 2892 1142 γὰρ
2962 1061 3126 1126 οὕτως
3185 1061 3326 1127 ἄξιον
3387 1067 3480 1118 τοῦ
3553 1066 3684 1116 Θεοῦ
3741 1058 3834 1114 καὶ

435 1157 554 1219 Deo
593 1157 838 1236 dignum
874 1164 998 1218 erat
1020 1163 1259 1237 tamque
1286 1146 1607 1234 gloriosum
1635 1155 1848 1218 fecisse
1877 1153 2078 1217 C(BIUII

2175 1150 2506 1232 ὑπερὲνδοξον
2535 1154 2598 1209 τὸ
2652 1158 2874 1220 ποιῆσαι
2931 1151 3148 1230 οὐρανὸν
3191 1152 3278 1207 καὶ
3335 1155 3438 1228 γῆν
3481 1151 3568 1206 καὶ
3624 1146 3832 1226 ἅλθρω-

436 1257 494 1308 ει
527 1232 745 1308 terram
780 1264 850 1308 ac
882 1232 1187 1308 hominem
1223 1232 1915 1327 supernasquevirlutes,
1942 1245 2078 1306 sicw

2177 1265 2277 1298 πον
2317 1243 2405 1299 καὶ
2461 1244 2556 1305 τὰς
2609 1241 2718 1298 ἅνω
2769 1240 3034 1316 δυνάμεις,
3122 1242 3194 1303 ὡς
3273 1242 3333 1296 τὸ
3387 1237 3709 1303 καταξιῶσαι
3765 1232 3835 1290 δι’

438 1339 598 1417 quod
635 1343 878 1417 pr0pter
936 1354 1042 1396 nos
1099 1336 1376 1415 dignatus
1425 1336 1599 1397 fuerit
1645 1333 1937 1412 cruciﬁgi.
1972 1333 2078 1395 Hor

2176 1332 2320 1407 ἡμᾶς
2359 1334 2742 1410 σταυρωθῆναι,
2776 1329 2940 1388 Τοῦτο
2989 1327 3044 1384 δέ
3101 1350 3231 1409 φησι
3273 1329 3361 1383 καὶ
3416 1327 3604 1391 αὑτοὺς
3661 1346 3839 1402 παρα-

436 1433 636 1486 autem
663 1424 807 1485 dicit
829 1424 1010 1485 etiam
1061 1429 1220 1505 ipsos
1265 1424 1604 1500 consolans,
1635 1443 1704 1486 ac
1733 1424 1781 1484 si
1817 1423 2045 1484 diceret
2076 1451 2078 1461 ι

2178 1425 2524 1501 μυθούμενος.
2561 1425 2620 1481 Εἰ
2673 1423 2773 1503 γὰρ
2815 1445 2982 1479 ταυτα
3039 1421 3105 1477 δι’
3149 1423 3282 1497 ὑμᾶς
3338 1423 3366 1476 6
3419 1421 3640 1500 Χριστὸς
3697 1417 3834 1474 ὑπέ-

438 1513 501 1577 Si
525 1514 794 1578 Christus
819 1513 921 1575 illa
936 1508 1179 1595 prepter
1203 1533 1301 1574 vos
1326 1514 1628 1590 sustinuit,
1647 1513 1786 1594 quid
1807 1511 2024 1574 mirum
2047 1530 2073 1572 ε

2179 1533 2350 1592 μεινε,
2406 1512 2456 1567 τί
2515 1512 2653 1592 μέγα
2729 1513 2772 1567 εἰ
2823 1512 2911 1567 καὶ
2978 1512 3132 1588 ὑμεῖς
3191 1507 3258 1565 δι’
3316 1511 3470 1566 αὑτὸν
3539 1507 3832 1584 ὑπομένετε

437 1612 496 1668 ει
524 1623 625 1665 vos
658 1611 898 1684 propter
928 1592 1122 1684 ipsum
1157 1604 1506 1666 atllictiones
1536 1592 1924 1664 sustineatis?
1961 1626 1984 1656 α
2021 1599 2078 1663 Ui

2175 1602 2500 1681 πειρασμούς
2531 1618 2548 1678 ;
2603 1625 2630 1657 α
2667 1592 2866 1664 ’Ὅπως
2910 1601 3093 1681 χάριτι
3126 1606 3282 1662 Θεοῦ,
3333 1623 3358 1657 ο
3409 1600 3568 1680 χάρις
3599 1599 3702 1677 γὰρ
3731 1598 3832 1662 τῆς

437 1711 547 1774 per
569 1693 817 1772 gratiam
849 1692 976 1756 Dei.
1016 1715 1040 1750 ι
1077 1691 1209 1754 Fuit
1237 1711 1489 1774 namque
1519 1700 1741 1754 sanctae
1787 1691 2078 1752 Trinitatis

2175 1691 2324 1769 ἁγίας
2383 1690 2622 1770 Τριάδος,
2697 1693 2758 1747 τὸ
2813 1694 3004 1747 παθεῖν
3054 1692 3145 1746 τὸν
3207 1690 3347 1752 Υίόν.
3411 1694 3484 1749 Οῦ
3537 1689 3636 1768 γὰρ
3695 1687 3833 1743 κατὰ

434 1783 623 1861 gratia
647 1781 805 1863 quod
832 1789 1134 1862 pateretur
1148 1781 1354 1843 Filius.
1382 1780 1586 1862 Neque
1612 1780 1771 1842 enim
1797 1798 1867 1842 ex
1891 1779 2078 1840 debitc

2175 1779 2394 1861 ὀφειλὴν
2449 1783 2478 1836 6
2533 1779 2718 1860 Πατὴρ
2761 1782 2852 1836 τὸν
2910 1781 3030 1835 Υἱὸν
3078 1777 3291 1859 ἔδωκεν,
3341 1778 3376 1847 ἢ
3422 1781 3450 1834 6
3509 1778 3629 1841 Υἱὸς
3657 1796 3827 1833 κατε-

433 1871 598 1934 dedit
626 1871 803 1933 Pater
834 1870 1072 1952 Filium,
1092 1879 1191 1932 aut
1209 1870 1395 1932 Fiiius
1413 1873 1696 1952 suseepit,
1718 1877 1816 1931 aut
1836 1868 2078 1950 Spiritus

2174 1867 2379 1950 δέξατο,
2440 1869 2476 1937 ἢ
2539 1871 2600 1926 τὸ
2645 1876 2856 1944 Πνεῦμα
2900 1868 3218 1949 συνέργησεν
3266 1869 3338 1931 εἷς
3393 1869 3485 1924 τὸν
3569 1867 3826 1945 Σταυρὸν,

429 1968 668 2023 sanctus
725 1969 1075 2042 cooperatus
1123 1969 1216 2020 est
1247 1960 1320 2022 ad
1356 1960 1716 2042 passionem.
1753 1959 1855 2020 sed
1891 1959 2078 2020 omnia

2173 1957 2310 2016 ἀλλὰ
2333 1960 2506 2016 πάντα
2531 1959 2712 2040 χάριτι
2769 1959 2979 2038 γέγονε.
3037 1957 3226 2023 Καλῶς
3285 1956 3339 2014 δὲ
3397 1959 3475 2033 τὸ,
3541 1956 3826 2022 Γεύσηται,

428 2050 685 2127 gratiose
712 2048 863 2109 facta
919 2056 1076 2111 sunt.
1143 2047 1330 2110 Recte
1390 2057 1586 2110 autem
1621 2047 1752 2110 ait:
1789 2046 2064 2110 Gustaret

2173 2049 2246 2104 Οὑ
2282 2049 2382 2128 γὰρ
2427 2047 2661 2124 ἐνέμεινε
2717 2056 2795 2124 τῷ
2850 2049 3080 2122 Θανάτῳ,
3109 2047 3244 2104 ἀλλὰ
3274 2048 3436 2123 μόνον
3492 2048 3648 2103 αὑτοῦ
3698 2044 3829 2124 τρό-

426 2137 630 2220 Neque
653 2139 812 2200 enim
831 2137 892 2198 in
913 2145 1100 2199 morte
1121 2137 1467 2218 permansit,
1502 2137 1604 2198 sed
1637 2137 1828 2218 ipsam
1864 2144 2078 2198 tantum

2171 2158 2271 2192 πον
2316 2139 2434 2194 τινὰ
2489 2137 2842 2215 ἀπεγεύσατο,
2905 2172 2982 2183 -
3043 2133 3585 2216 [ΟΙΚΟΥΜΕΝΙΟΥ],
3632 2133 3829 2191 ’ἰστέον

427 2226 864 2309 quodammodo
893 2227 1242 2304 degustavit.
1285 2262 1354 2272 —
1385 2227 1714 2288 Sciendum
1757 2245 1895 2288 vero
1927 2225 2078 2307 quod

2173 2222 2227 2280 δὲ
2284 2225 2364 2282 ὅτι
2423 2229 2470 2283 οἱ
2520 2228 2856 2307 Νεστοριανοὶ
2900 2236 3255 2307 παραποιοῦσι
3303 2227 3403 2294 τὴν
3447 2225 3680 2304 Γραφὰν,
3739 2224 3832 2278 καὶ

2791 432 2942 501 δόξαν
3038 432 3331 514 ἄγαγόντα,

3043 521 3124 580 διὰ
3224 523 3554 601 παθημάτων

429 2317 764 2380 Nestoriani
819 2315 1153 2378 adulterant
1209 2315 1574 2396 Scripturam
1637 2324 1694 2376 et
1724 2317 1804 2377 ita
1833 2316 2083 2394 legunt:

429 2415 492 2468 ut
521 2409 688 2488 χωρὶς
721 2414 878 2487 Θεοῦ,
924 2405 1000 2466 id-
1031 2413 1139 2479 est,
1166 2405 1297 2466 sine
1347 2409 1466 2469 Deo
1501 2423 1606 2484 pro
1637 2408 1780 2466 529
1808 2405 2086 2466 universo

429 2495 573 2557 orbe
619 2502 882 2574 gustaret
928 2504 1208 2569 mortem,
1268 2495 1379 2555 hoc
1415 2502 1525 2566 εει,
1560 2504 1902 2557 astu-uenies
1927 2493 2082 2574 quod

425 2583 920 2646 inhabitationem
955 2581 1160 2644 habuit
1205 2582 1475 2646 Christus
1502 2581 1685 2646 Verbi
1707 2583 1849 2664 Dei;
1877 2591 1936 2644 et
1967 2601 2086 2643 non

426 2673 730 2752 unionem,
769 2671 904 2752 quia
937 2690 1052 2732 non
1086 2680 1213 2733 erat
1243 2690 1358 2732 una
1393 2689 1528 2733 cum
1552 2691 1620 2733 eo
1645 2672 1744 2752 qui
1775 2671 2080 2750 crucifige~

2170 2313 2335 2380 οὕτως
2378 2315 2845 2394 ἀναγινώσκουσιν,
2907 2314 3053 2379 ὅπως
3111 2316 3277 2396 χωρὶς
3324 2322 3456 2373 Θεοῦ
3511 2313 3641 2392 ὑπὲρ
3693 2335 3827 2370 παν-

2168 2406 2258 2468 τὸς
2315 2404 2567 2484 γεύσηται
2636 2405 2885 2485 θανάτου,
2957 2411 3111 2462 τοῦτο
3183 2404 3688 2478 κατασκευάζοντες,
3744 2400 3827 2457 ὅτι

2170 2492 2432 2561 ἐνοίκησιν
2464 2493 2622 2573 ἔσχεν
2657 2496 2685 2550 6
2718 2497 2966 2575 Χριστὸς,
3000 2497 3146 2575 φασὶ,
3191 2504 3285 2552 τοῦ
3343 2494 3474 2550 Θεοῦ
3536 2494 3708 2572 Λόγου
3737 2492 3828 2548 καὶ

2170 2585 2275 2664 οὑχ
2317 2583 2526 2664 ἕνωσιν,
2556 2583 2637 2640 ὅτι
2695 2583 3062 2664 σταυρουμένῳ
3103 2583 3246 2659 αὑτῷ
3302 2586 3362 2642 οὑ
3417 2587 3579 2652 συνῆν
3621 2586 3656 2650 ἡ
3699 2581 3825 2637 θεό-

2166 2695 2292 2740 της.
2325 2672 2552 2751 Εἴρηται
2600 2675 2724 2754 γὰρ,
2787 2677 2935 2753 φασὶ,
2995 2675 3167 2753 Χωρὶς
3225 2679 3357 2730 Θεοῦ
3414 2673 3666 2752 γεύσηται
3734 2675 3829 2727 θα-

2438 2759 2586 2818 Ἀλλ’

424 2761 599 2824 batur
645 2761 941 2823 divinitas.
996 2759 1303 2840 Siquidem
1356 2760 1580 2822 dictum
1636 2769 1746 2835 est,
1782 2761 2076 2842 inquiunt,

2167 2763 2347 2825 νάτου,
2438 2759 2586 2818 Ἀλλ’
2672 2760 2769 2841 ὅρα
2850 2765 2964 2826 πῶς
3049 2759 3316 2841 ὀρθόδοξός
3401 2785 3482 2826 τις
3539 2761 3823 2839 ἀπεκρίθη.

424 2851 569 2914 Sine
600 2851 719 2913 Deo
752 2858 1013 2928 gustaret
1070 2858 1348 2912 mortem.
1407 2849 1524 2910 Sed
1585 2849 1718 2910 vide
1749 2869 1866 2930 quo
1901 2849 2078 2910 modo

2167 2857 2383 2930 Πρῶτον
2457 2852 2581 2927 μὲν,
2652 2853 2833 2932 χάριτι
2879 2858 3011 2909 Θεοῦ
3061 2865 3262 2912 κεῖται.
3311 2850 3460 2917 Πλὴν
3517 2851 3677 2908 εἶκαὶ
3708 2846 3827 2906 καθ’

425 2939 662 3021 quidam
695 2938 1054 3001 orthodoxus
1107 2937 1504 3019 responderit.
1544 2937 1804 3000 Primum
1836 2939 2077 3020 quidem

2165 2942 2301 3015 ὑμᾶς
2387 2941 2552 3020 χωρὶς
2638 2940 2789 3021 Θεοῦ,
2877 2940 3112 3021 εἴρηται,
3201 2938 3366 3003 οὕτως
3407 2938 3623 2996 δεκτέον
3666 2939 3827 2999 αὑτό.

428 3031 682 3112 positum
714 3039 825 3111 est,
855 3031 1034 3110 χάριτι
1061 3038 1213 3104 Θεοῦ,
1242 3031 1351 3092 hoc
1377 3038 1488 3104 est,
1513 3031 1697 3109 gratia
1715 3031 1806 3091 vel
1831 3049 1939 3111 per
1956 3048 2055 3110 gra

2167 3028 2246 3085 ὅτι
2305 3031 2474 3110 χωρὶς
2517 3039 2610 3089 τοῦ
2668 3029 2799 3086 Θεοῦ
2855 3029 2983 3110 ὑπὲρ
3037 3031 3249 3086 πάντων
3305 3035 3412 3084 τῶν
3468 3027 3643 3085 ἄλλων
3685 3028 3826 3085 ἀπέ-

426 3125 565 3181 tiam
599 3119 707 3183 Dei
741 3136 754 3182 :
785 3127 1046 3180 attamen
1105 3119 1282 3181 etiam
1315 3117 1364 3178 si
1395 3126 1460 3178 ut
1491 3138 1598 3181 vos
1655 3119 1828 3180 vultis
1860 3120 2078 3181 dictum

2165 3122 2316 3176 θανεν
2347 3121 2375 3175 ὁ
2405 3119 2649 3198 Χριστός.
2705 3120 2802 3176 Καὶ
2859 3121 2960 3199 γὰρ
3003 3120 3062 3176 οὒ
3108 3121 3279 3203 μόνον
3320 3120 3450 3199 ὑπὲρ
3508 3119 3822 3200 ἀνθρώπων,

426 3209 508 3270 sit.
531 3212 696 3288 χωρὶς
729 3217 881 3282 Θεοῦ,
907 3207 966 3268 id
1012 3215 1124 3283 est,
1179 3207 1310 3269 sine
1345 3206 1490 3289 Deo,
1527 3207 1605 3269 ita
1635 3209 1746 3270 hoc
1775 3209 2078 3290 accipien-

2166 3207 2304 3266 ἀλλὰ
2374 3210 2462 3264 καὶ
2529 3209 2659 3286 ὑπὲρ
2718 3212 2824 3266 τῶν
2883 3207 2992 3268 ἅνω
3047 3207 3316 3286 δυνάμεων
3366 3208 3646 3288 ἀπέθανεν,
3732 3207 3827 3264 ἵνα

427 3302 568 3359 dum
599 3312 689 3359 est
722 3297 878 3377 quod
913 3296 1044 3358 sine
1071 3297 1194 3359 Deo
1217 3305 1316 3357 aut
1339 3305 1584 3377 excepto
1609 3296 1731 3358 Deo
1764 3315 1868 3378 pro
1893 3298 2078 3358 omni«

2167 3297 2302 3375 λύσῃ
2332 3300 2394 3354 τὸ
2425 3297 2742 3378 μεσότοιχον
2773 3307 2866 3357 τοῦ
2921 3306 3162 3379 φραγμοῦ
3192 3300 3280 3355 καὶ
3337 3297 3510 3378 ἑνώσῃ
3556 3298 3621 3354 τὰ
3678 3298 3827 3353 κάτω

429 3387 542 3449 bus
571 3387 703 3449 aliis
743 3376 1027 3447 mortuus
1080 3385 1156 3446 sit
1211 3376 1502 3448 Christus;
1555 3376 1793 3450 Etenim
1825 3408 1942 3450 non
1981 3407 2078 3468 pro

2167 3402 2285 3452 τοῖς
2317 3386 2448 3450 ἅνω,
2497 3376 2683 3460 Τούτῷ
2705 3385 2889 3464 ὅμοιον
2921 3376 2981 3444 τὸ
3011 3376 3254 3468 ἀλλαχοῦ
3310 3376 3608 3468 εἰρημένον.
3646 3376 3824 3445 υΟταν

427 3477 570 3538 solis
599 3475 969 3550 bominibus,
1026 3475 1132 3536 sed
1185 3484 1244 3537 et
1301 3495 1405 3557 pro
1453 3477 1730 3559 supernis
1773 3478 2078 3541 virtutibus

2167 3477 2221 3534 δὲ
2253 3476 2385 3554 εἴπῃ
2419 3477 2500 3534 ὅτι
2556 3478 2732 3538 πάντα
2787 3477 3158 3558 ὑποτέτακται,
3205 3475 3451 3545 δηλονότι
3509 3477 3659 3543 ἐκτὸς
3729 3484 3822 3533 τοῦ

428 3575 695 3629 mortuus
723 3574 833 3640 est,
862 3563 1328 3626 utinterstitium
1373 3566 1648 3628 maceriae
1691 3566 1982 3643 dirueret,
2017 3588 2078 3630 ac

2166 3567 2522 3633 ὑποτάξαντος
2554 3569 2698 3642 αὖκῷ
2725 3567 2792 3623 τὰ
2823 3567 3015 3630 πάντα,

425 3655 625 3716 uniret
651 3653 936 3716 inferiora
961 3653 1260 3734 supernis.
1295 3656 1352 3704 18
1388 3655 1536 3718 Huic
1569 3663 1627 3718 et
1655 3656 1854 3718 simile
1884 3659 2043 3739 quod
2074 3657 2220 3722 alibi
2245 3656 2472 3720 dictum
2503 3664 2616 3737 est,
2667 3655 2830 3737 atqui
2876 3675 3010 3719 cum
3065 3655 3407 3738 dicatquod
3440 3655 3640 3718 omnia
3668 3655 3820 3718 sub-

416 3745 578 3825 jeeta
606 3752 766 3820 sunt,
803 3743 993 3824 palam
1027 3751 1115 3805 est
1147 3744 1567 3825 excipiendum
1601 3764 1736 3807 eum
1770 3748 1873 3827 qui
1904 3748 2162 3829 subjecit
2192 3745 2537 3829 ipsiomnia
2567 3746 2646 3810 49.

431 3836 581 3896 «Pro
615 3833 889 3894 universo
921 3832 1066 3894 orbe
1092 3841 1354 3912 gustaret
1388 3843 1640 3896 mortem
1676 3861 1702 3892 ι)
1735 3827 2078 3918 Quanquam

2254 3858 2278 3893 α
2318 3827 2479 3915 ιΥπὲρ
2535 3836 2732 3899 παντὸς
2775 3835 3028 3914 γεύσηται
3072 3837 3318 3898 θανάτου.
3384 3858 3406 3893 ο
3471 3838 3530 3893 Εἰ
3572 3837 3672 3916 γὰρ
3731 3838 3821 3893 καὶ

426 3922 588 3985 enim
613 3941 730 3984 non
759 3941 970 3983 omnes
992 3923 1141 3984 salvi
1159 3923 1298 3986 facti
1319 3923 1439 3984 sint
1467 3923 1542 3985 ob
1574 3943 1742 3986 suam
1764 3925 2078 3989 increduli-

2167 3925 2246 4002 μὴ
2317 3925 2512 3989 πάντες
2601 3924 2875 3993 ἐσώθησαν
2943 3923 3026 3981 διὰ
3093 3927 3193 3994 τὴν
3278 3925 3472 3983 οἰκείαν
3544 3925 3816 4007 ἂπιστίαν,

425 4020 604 4074 tatem
642 4033 656 4072 :
691 4012 820 4092 ipse
849 4020 1047 4073 tamen
1077 4012 1232 4093 quod
1283 4031 1458 4074 suum
1520 4023 1647 4075 erat
1677 4014 1749 4076 ad
1781 4034 1992 4079 omnes
2023 4027 2078 4078 et

2165 4015 2322 4080 αὑτὸς
2367 4014 2465 4091 μέν
2491 4036 2574 4071 τοι
2617 4017 2927 4094 τὸυοῖκεῖον
2979 4015 3064 4071 ἐπὶ
3106 4016 3307 4079 πάντας
3351 4017 3438 4072 καὶ
3491 4016 3621 4094 ὑπὲρ
3676 4017 3819 4073 πάν-

428 4119 532 4182 pro
565 4080 842 4162 omnibus
871 4101 1038 4165 fecit.
1071 4080 1366 4163 {Docebat
1387 4102 1547 4164 enim
1571 4121 1770 4168 eum.)
1799 4103 2078 4182 Decebat,

2164 4127 2260 4170 τας
2290 4080 2561 4172 ἐποίησεν.
2619 4125 2643 4160 α
2691 4080 2924 4184 "Eripere
2956 4106 3055 4186 γὰρ
3112 4107 3275 4180 αὐτῷ.
3313 4129 3342 4160 ι
3404 4080 3649 4183 "Experire
3692 4107 3817 4186 γὰρ,

423 4190 638 4271 inquit,
674 4189 864 4252 Deum
897 4199 952 4251 et
973 4188 1206 4252 Patrem
1235 4198 1476 4271 propter
1497 4210 1672 4271 quem
1696 4202 1834 4254 sunt
1855 4193 2078 4268 omnia,

2275 4197 2290 4218 κ
2405 4201 2428 4211 τ
2571 4201 2597 4212 ⁸*
2927 4196 2943 4218 κ
3086 4195 3100 4217 Ι
3161 4195 3182 4214 η
3327 4197 3339 4214 \
3454 4195 3466 4214 Ι
3706 4195 3719 4216 ’

2163 4218 2316 4276 φησι,
2362 4219 2438 4270 τῳ
2492 4201 2608 4270 Θεῳ
2649 4196 2740 4252 καὶ
2781 4202 2968 4274 Πατρι,
3033 4193 3079 4250 δι
3158 4215 3216 4251 ον
3288 4217 3353 4255 τα
3395 4217 3590 4270 παντα,
3667 4199 3824 4262 αυτὸς

423 4279 555 4361 ipse
589 4296 732 4363 vero
759 4279 1026 4339 omnium
1061 4287 1151 4340 est
1183 4280 1567 4360 principium.
1608 4305 1635 4336 α
1663 4280 1733 4343 Ει
1764 4300 1871 4362 ρει·
1901 4300 2075 4363 quem

2162 4281 2470 4342 δὲ-πάντων
2501 4283 2695 4350 αἴτιος,
2739 4307 2761 4340 ι
2799 4285 2896 4342 Καὶ
2940 4281 3006 4340 δι’
3052 4286 3112 4340 οὗ
3153 4285 3217 4344 τὰ
3269 4285 3464 4348 πάντα.
3528 4307 3552 4343 ι)
3603 4287 3662 4342 Εἰ
3717 4287 3819 4365 γὰρ

425 4376 564 4429 sunt
593 4366 814 4428 omnia.
849 4391 878 4423 ιι
907 4364 1053 4428 Nam
1077 4366 1320 4428 sietiam
1343 4385 1450 4447 per
1485 4369 1680 4450 ipsum
1702 4379 1839 4431 sunt
1857 4370 2078 4446 omnia,

2164 4374 2254 4430 καὶ
2295 4371 2362 4430 δι’
2393 4376 2453 4430 οὗ
2479 4375 2546 4432 τὰ
2574 4375 2767 4449 πάντα,
2826 4375 2854 4430 6
2916 4375 3100 4454 Πατήρ
3141 4373 3284 4431 ἐστιν
3334 4376 3362 4430 ὁ
3391 4375 3458 4431 τὰ
3486 4375 3660 4431 πάντα
3717 4364 3817 4442 δηέ

424 4459 601 4519 Pater
630 4463 719 4518 est
742 4455 843 4536 qui
873 4455 1075 4517 omnia
1095 4456 1340 4538 creavit,
1367 4457 1468 4538 qui
1487 4461 1828 4521 Creatorem
1848 4459 2076 4541 genuit.

427 4568 454 4602 σι
495 4544 568 4607 Ει
595 4562 703 4627 per
733 4563 910 4626 quem
944 4551 1084 4607 sunt
1111 4545 1337 4610 omnia.
1374 4571 1401 4603 ιο
1429 4548 1546 4608 Per
1576 4565 1777 4628 quem,
1803 4548 1879 4610 de
1904 4551 2077 4611 Patre

427 4634 684 4716 positum
720 4642 830 4696 est.
871 4657 895 4690 4
930 4633 1132 4697 Multis
1154 4633 1314 4699 filiis.
1354 4660 1374 4692 ι
1405 4635 1592 4699 Filius
1621 4637 1736 4699 hoe
1758 4638 1887 4700 loco
1907 4648 2077 4700 vocat

427 4725 725 4788 homines.
749 4721 924 4799 Eum,
946 4722 1161 4804 inquit,
1183 4723 1282 4804 qui
1305 4724 1577 4787 homines
1599 4724 1658 4787 in
1681 4725 1926 4806 gloriam
1939 4726 2080 4788 Uni-

422 4812 608 4893 geniti
627 4830 733 4893 per
747 4811 968 4874 donum
982 4812 1320 4893 adOptionis
1336 4813 1820 4892 introduxuisset,
1831 4814 2080 4878 decebat

425 4911 488 4964 ut
507 4911 813 4965 auctorem
838 4901 1041 4964 salutis
1065 4902 1278 4963 horum
1318 4903 1602 4980 ﬁliorum,
1631 4905 1745 4966 hoc
1764 4913 1874 4987 est,
1899 4905 2074 4969 Chri-

422 4999 606 5072 stum,
631 5009 738 5070 per
761 4989 1118 5053 afﬂictiones
1148 4991 1472 5071 perfcctum
1505 4993 1807 5069 redderet,
1831 4995 1944 5056 hoc
1961 5007 2073 5076 est,

425 5079 533 5159 per
561 5097 801 5140 crucem
832 5078 1161 5159 perfectum
1181 5082 1618 5143 demonstraret
1637 5101 1706 5143 ac
1726 5082 2072 5161 gloriosum.

421 5167 658 5229 Dictum
693 5176 788 5229 est
815 5175 1010 5229 autem
1047 5185 1062 5231 :
1129 5169 1484 5252 Perfectum,
1540 5179 1816 5251 tanquam
1860 5173 1933 5234 ad
1966 5193 2077 5236 nos

423 5255 749 5338 loquendo,
774 5257 873 5338 qui
897 5255 1090 5336 ipsum
1111 5260 1374 5338 perfecte
1411 5259 1632 5322 bonum
1661 5279 1729 5324 ac
1750 5263 2073 5324 humanum

419 5345 933 5427 depaehendimus
965 5365 1071 5427 per
1099 5367 1361 5426 crucem,
1388 5369 1520 5412 cum
1547 5353 1674 5432 ipsc
1695 5371 1932 5434 semper
1953 5373 2079 5415 om-

423 5435 568 5499 nino
589 5435 892 5516 perfectus
904 5444 1083 5514 esset,
1110 5455 1468 5521 semperque
1491 5441 1744 5504 maxime
1758 5442 2072 5522 gloriosus.

501 5596 560 5649 48
583 5594 800 5678 Ephes.
836 5611 901 5674 ιι,
942 5598 1040 5665 14.
1066 5597 1124 5649 ⁴9
1156 5602 1184 5662 1
1221 5600 1356 5664 Cor.
1384 5618 1480 5676 xv,
1506 5601 1607 5666 28.

2163 4464 2518 4543 μιουργήσας,
2549 4465 2578 4519 6
2632 4464 2723 4519 τὸν
2785 4464 3118 4541 Δημιουργὸν
3159 4463 3518 4541 γεγεννηκώς.
3557 4486 3585 4519 α
3618 4465 3718 4520 Καὶ
3748 4461 3824 4519 δι’

2161 4553 2222 4608 οὗ
2247 4553 2314 4610 τὰ
2356 4552 2550 4613 πάντα.
2587 4575 2615 4608 ι
2651 4554 2723 4610 Τὸ
2766 4550 2834 4608 δι’
2885 4552 2968 4624 οὗ,
3028 4551 3113 4609 ἐπὶ
3159 4562 3250 4611 τοῦ
3303 4555 3509 4634 Πατρὸς
3551 4553 3820 4628 κείμενον,

2163 4661 2188 4697 ι
2239 4638 2476 4706 Πολλοὺς
2532 4642 2671 4706 υἱοὺς
2721 4664 2749 4697 ι
2811 4639 3029 4699 ἐνταῦθα
3082 4643 3204 4706 τοὺς
3258 4642 3559 4722 ὰνθρώπους
3630 4641 3816 4704 καλεῖ.

2161 4729 2262 4788 Τὸν
2294 4731 2668 4810 εἰσαγαγόντα,
2712 4732 2894 4812 φησὶν,
2940 4730 2994 4787 ἐν
3051 4737 3120 4808 τῇ
3172 4739 3266 4788 τοῦ
3323 4737 3650 4811 Μονογενοῦς
3691 4730 3818 4810 δόξῃ

2159 4819 2279 4882 τοὺς
2323 4820 2622 4900 ἀνθρώπους
2678 4827 2746 4889 τῆ
2790 4825 2888 4888 της
2946 4821 3202 4887 ὑὶοθεσίας
3273 4821 3464 4902 δωρεᾷ,
3496 4823 3587 4880 τὸν
3630 4822 3818 4903 ἀρχη-

2158 4908 2255 4987 γὸν
2309 4909 2406 4977 τῆς
2462 4911 2726 4990 σωτηρίας
2774 4911 2978 4969 τούτων
3034 4918 3138 4969 τῶν
3195 4914 3342 4992 υἱῶν,
3402 4911 3664 4993 τουτέστι,
3725 4914 3817 4970 τὸν

2159 5000 2408 5079 Χριστὸν,
2480 4997 2564 5058 διὰ
2620 5001 2950 5077 παθημάτων
3018 4999 3320 5081 τελειῶσαι,
3407 5004 3524 5057 οἷον
3583 5000 3667 5057 διὰ
3723 5013 3818 5062 τοῦ

2158 5095 2382 5167 σταυροῦ
2408 5087 2613 5146 τέλειον
2641 5087 2916 5156 ἀποδεῖξαι
2949 5092 3037 5146 καὶ
3089 5088 3314 5156 ἔνδοξον.
3365 5091 3436 5148 Τὸ
3495 5088 3549 5145 δὲ
3607 5089 3811 5149 τέλειον

2157 5175 2231 5242 ὡς
2261 5179 2392 5257 πρὸς
2435 5178 2579 5254 ἣμᾶς
2637 5178 2850 5259 εἴρηται
2907 5180 3029 5244 τοὺς
3071 5177 3286 5246 τελείως
3333 5180 3488 5236 αὑτὸν
3550 5179 3814 5248 κατειλη-

2159 5263 2322 5344 φότας
2391 5267 2587 5346 ἀγαθὸν
2664 5269 2753 5324 καὶ
2825 5266 3189 5350 φιλάνθρωπον
3250 5266 3334 5324 διὰ
3399 5275 3490 5324 τοῦ
3563 5277 3808 5348 σταυροῦ,

2158 5353 2271 5438 επεὶ
2327 5355 2406 5412 ἀεὶ
2459 5358 2614 5421 αὐτὸς
2659 5356 2968 5422 παντέλειος
3025 5359 3116 5433 ἧν,
3171 5359 3259 5415 καὶ
3315 5357 3395 5413 ἀεὶ
3449 5356 3810 5438 ὑπερένδοξος.

2162 5432 2308 5524 εὈριιι
2349 5443 2402 5501 δὲ
2458 5446 2558 5513 τὴν
2615 5443 2862 5526 διαφορὰν
2893 5453 2999 5504 τῶν
3026 5432 3170 5508 υἱῶν.
3234 5438 3291 5505 ιΟ
3325 5447 3421 5524 μὲν
3452 5432 3562 5525 γὰρ.
3594 5450 3815 5526 γνήσιος
