4132 6438
492 353 612 420 299

1619 362 2033 457 (EGUMENII
2074 361 2373 428 ramea
2409 362 2749 430 EPISCOPI

3773 359 3897 429 300

492 493 626 556 nis:
661 492 775 553 hoc
806 499 918 581 est,
969 491 1030 554 in
1075 492 1363 572 sanguine
1411 512 1621 558 sumus
1652 502 1711 557 et
1740 514 1948 572 carne,
1999 503 2056 558 et
2084 495 2125 557 ii

2231 497 2519 576 τουτέστιν,
2565 499 2620 555 ἐν
2649 498 2841 576 α’ίματί
2884 499 3043 576 ἐσμεν
3098 500 3193 558 καί
3236 502 3411 581 σαρκὶ,
3453 501 3547 557 καὶ
3601 498 3657 555 ἐν
3711 500 3885 578 φθαρ-

492 580 978 662 corruptibilibus
1023 582 1397 663 terrenisque
1447 585 1819 665 corporibus.
1873 586 2037 648 Hanc
2067 584 2144 647 ob

489 690 731 735 causam
764 670 1134 750 unigenitum
1168 672 1277 734 Dei
1310 671 1594 749 Verbum,
1619 693 1754 736 cum
1782 675 1949 754 juxta
1977 682 2144 737 natu-

486 781 616 824 ram
645 762 761 823 vita
794 768 972 841 esset,
1006 758 1305 840 particeps
1334 761 1521 824 factus
1554 769 1645 824 est
1677 762 1924 825 horum:
1950 782 2061 825 nec
2082 763 2142 825 id

489 850 818 915 secundum
850 849 1032 911 alium
1065 848 1331 925 modum,
1366 850 1467 911 sed
1501 851 1905 931 pariformiter
1934 852 2141 914 nobis-

489 960 651 1004 cum.
690 963 715 997 ι
749 938 824 1002 Ut
860 956 965 1019 per
996 945 1272 1002 mortem.
1314 963 1336 996 ιν
1392 938 1620 1003 Deinde
1654 941 1832 1003 etiam
1866 945 2142 1003 incarna-

492 1030 672 1093 tionis
703 1046 939 1091 causam
964 1026 1131 1102 dicit,
1158 1036 1222 1089 ut
1244 1027 1611 1104 aboleretur,
1650 1030 2142 1111 inquit,diabolus

489 1121 593 1203 qui
623 1118 832 1181 mortis
862 1115 1045 1178 robur
1097 1116 1374 1193 habebat,
1410 1118 1753 1181 aboleretur
1796 1129 1993 1181 autem
2038 1138 2144 1199 per

491 1208 1083 1287 mortem.Tanquam
1114 1205 1345 1269 diceret
1374 1229 1385 1266 :
1414 1205 1460 1269 Ο
1492 1208 1600 1271 Dei
1630 1208 2006 1289 sapientiam!
2031 1208 2145 1271 Per

493 1307 748 1361 mortem
780 1295 989 1358 habuit
1018 1294 1290 1357 diabolus
1318 1295 1641 1377 robur,per
1666 1305 1919 1359 mortem
1946 1298 2143 1359 abole-

493 1387 832 1453 bitur.Nam
864 1387 959 1447 his
988 1386 1170 1446 armis
1190 1384 1470 1446 adversus
1496 1405 1629 1448 eum
1662 1406 1802 1448 usus
1835 1396 1921 1448 est
1944 1388 2141 1451 Chris-

491 1488 609 1555 tus,
664 1476 880 1559 quibus
930 1475 1059 1554 ipse
1129 1483 1338 1554 potens
1390 1475 1520 1537 fuit.
1577 1475 1883 1548 Quomodo
1941 1486 2137 1538 autem

491 1568 833 1631 dominatur
865 1564 1082 1626 morti?
1109 1564 1258 1635 Quia
1288 1565 1615 1626 dominium
1643 1566 1871 1627 habens
1900 1567 1959 1627 in
1994 1585 2137 1645 pec-

487 1664 683 1721 catum
742 1675 812 1717 ex
860 1674 974 1735 quo
1034 1653 1307 1733 procedit
1358 1672 1541 1728 mors,
1578 1655 1753 1716 etiam
1801 1655 2141 1717 dominatur

2226 599 2345 650 τοῖς
2387 588 2475 643 καὶ
2516 589 2729 667 γηΐνοις
2791 589 3028 665 σώμασι.
3087 591 3293 658 Ταύτης
3348 589 3504 648 ἕνεκα
3558 590 3658 656 τῆς
3714 588 3885 651 αἰτίας

2227 677 2255 731 6
2288 676 2582 754 μονογενὴς
2610 684 2702 733 τοῦ
2732 684 2862 734 Θεοῦ
2932 678 3103 757 Λόγος
3157 678 3271 750 ζωὴ
3329 679 3467 734 κατὰ
3519 676 3680 757 φύσιν
3709 673 3884 752 ὑπάρ-

2227 786 2345 840 γων
2387 764 2619 846 μετέσχε
2646 772 2750 823 τῶν
2782 766 2975 843 αὐτῶν,
3034 768 3148 846 καὶ,
3176 769 3237 824 οὑ
3278 765 3393 823 καθ’
3448 763 3625 846 ἕτερον
3659 763 3880 844 τρόπον,

2225 851 2365 909 ἆὶλὰ
2406 845 2792 934 παραπλησίως
2822 857 2982 932 ἡμῖν,
3049 879 3079 913 α
3114 845 3238 913 υΙνα
3294 853 3379 912 διὰ
3430 845 3810 934 τοῦγθανάτου.
3845 871 3879 912 ι

2228 941 2367 998 Εἶτα
2396 930 2496 998 καὶ-
2524 946 2624 1012 τῆς
2653 930 3101 1022 ἐνανθρωπήσεως
3129 943 3275 1024 λέγει
3333 944 3434 1012 τὴν
3494 944 3686 1001 αἰτίαν.
3723 930 3878 1021 ιἸνα,

2226 1031 2377 1109 φησὶ,
2424 1035 2737 1112 καταργηθῇ
2767 1034 2796 1089 6
2824 1035 2885 1089 τὸ
2912 1034 3104 1111 κράτος
3136 1032 3282 1113 ἔχων
3352 1039 3446 1090 τοῦ
3495 1031 3721 1090 θανάτου
3747 1027 3879 1086 διά-

2224 1116 2381 1181 ϐολος
2429 1135 2443 1148 ⁸
2471 1123 2782 1199 καταργηθῇ
2825 1118 2880 1177 δὲ
2908 1119 2993 1179 διὰ
3018 1129 3112 1180 τοῦ
3139 1122 3386 1202 θανάτου,
3436 1122 3510 1186 ὡς
3554 1122 3599 1177 εἰ
3653 1120 3810 1176 εἶπεν
3859 1134 3873 1148 ·

2245 1217 2319 1261 Ων
2348 1207 2530 1287 σοφίας
2561 1215 2692 1267 Θεοῦ
2724 1208 2739 1267 l
2779 1211 2877 1265 Διὰ
2918 1218 3014 1267 τοῦ
3057 1211 3282 1267 θανάτου
3323 1208 3454 1290 ἔσχε
3510 1209 3572 1266 τό
3631 1209 3820 1289 κράτος
3853 1210 3883 1263 6

2224 1292 2489 1376 διάϐολος,
2544 1294 2628 1353 διὰ
2697 1305 2791 1355 τοῦ
2843 1300 3066 1357 θανάτου
3122 1298 3562 1369 καταλυθήσεται,
3644 1292 3708 1379 ᾯ
3777 1298 3880 1375 γὰρ

2224 1385 2450 1465 ἴσχυσεν
2480 1384 2652 1461 ὅπλῳ,
2688 1388 2856 1463 τούτῳ
2885 1386 3006 1444 κατ’
3044 1390 3205 1468 αῦσοῦ
3250 1391 3278 1445 6
3320 1389 3545 1468 Χριστὸς
3575 1387 3873 1467 ἐχρήσατο.

2225 1480 2344 1540 Πῶς
2385 1474 2440 1530 δὲ
2470 1474 2625 1555 ἄρχει
2657 1483 2748 1533 τοῦ
2790 1478 3062 1557 θανάτους
3119 1467 3250 1535 υΟτι
3321 1467 3419 1544 τῆς
3477 1477 3733 1557 ἁμαρτίας
3777 1474 3881 1553 ἄρ-

2221 1586 2340 1643 χων
2386 1563 2437 1629 ἐξ
2478 1564 2542 1632 ἧς
2574 1567 2602 1621 6
2629 1566 2874 1646 θάνατος,
2904 1568 2991 1622 καὶ
3029 1572 3121 1646 τοῦ
3180 1565 3402 1623 θανάτου
3475 1563 3661 1646 ἄρχει,
3699 1562 3880 1642 ’ἤγουν

2221 1654 2411 1732 κράτος
2451 1654 2674 1710 θανάτου
2703 1656 2738 1722 ἡ
2771 1644 3020 1733 ἁμαρτία.
3074 1644 3273 1735 ’Ἐχων
3318 1656 3408 1713 οὗν
3605 1653 3871 1733 ἅμαρτίαν

491 1747 691 1819 morti,
725 1761 858 1806 cum
892 1742 1077 1803 robur
1107 1741 1314 1802 mortis
1346 1741 1422 1803 sit
1454 1750 1783 1823 peccatum.
1822 1743 1931 1815 Qui
1961 1743 2125 1824 igitul

2221 1744 2309 1798 καὶ
2366 1743 2579 1821 εὖρετὴς
2631 1745 2794 1811 αὐτῆς
2850 1745 3133 1825 ὒπάρχων,
3206 1747 3267 1800 τὸ
3321 1746 3511 1824 κράτος
3607 1743 3724 1821 ἕχει
3782 1749 3879 1800 τοῦ

487 1844 802 1918 peccatum
850 1832 1047 1905 habet,
1098 1829 1409 1912 ipsiusque
1463 1832 1738 1894 inventor
1786 1842 1895 1908 est,
1957 1822 2125 1895 robur

2222 1832 2466 1911 θανάτου,
2503 1830 2751 1912 (εἴπομεν
2781 1834 2881 1912 γὰρ
2910 1822 3030 1901 τὴν*
3075 1822 3366 1913 ἁμαρτίαν
3406 1834 3549 1890 εἶναι
3607 1834 3668 1889 τὸ
3736 1832 3878 1910 κρά-

484 1925 664 1987 habet
690 1922 923 1985 mortis.
960 1920 1227 1982 Diximus
1262 1921 1420 1982 enim
1454 1931 1761 2001 peccatum
1793 1921 1977 1983 robur
2006 1941 2137 1985 esse

484 2015 717 2087 mortis,
757 2022 817 2074 ut
848 2013 923 2072 sit
959 2011 1071 2072 iste
1103 2028 1314 2072 sensus
1348 2028 1360 2071 :
1400 2013 1513 2072 Per
1542 2011 1838 2091 propriam
1885 2019 2133 2073 mortem

485 2104 747 2167 abolevit
776 2100 1078 2162 diabolum
1112 2101 1429 2161 habentem
1459 2100 1791 2179 subjectum
1843 2100 1958 2161 sibi
1990 2120 2132 2181 pec-

487 2203 706 2274 catum,
741 2190 900 2272 quod
935 2195 1026 2251 est
1062 2187 1339 2249 fortitudo
1384 2205 1452 2249 ac
1499 2188 1684 2249 robur
1728 2189 1935 2250 mortis
1968 2207 1986 2251 .'
2019 2189 2136 2251 nisi

489 2283 648 2347 enim
684 2285 793 2342 hoc
824 2286 1218 2359 expugnasset
1244 2277 1745 2349 hominem,mors
1764 2297 2134 2359 nequaquam

485 2374 770 2435 intrasset
794 2369 855 2430 in
888 2367 1197 2429 mundum.
1223 2401 1302 2410 —
1332 2387 1355 2423 ιι
1392 2365 1741 2448 Quicunque
1788 2378 1946 2430 metu
1970 2388 2135 2430 mor-

487 2462 586 2524 tis.
624 2482 650 2521 ι
685 2458 1057 2538 Priusquam,
1113 2455 1327 2535 inquit,
1386 2455 1729 2517 aboleretur
1785 2475 1967 2532 mors,
2028 2476 2136 2539 per

485 2559 666 2616 totam
715 2548 893 2610 vitam
945 2543 1219 2607 homines
1266 2544 1490 2605 obnoxi
1534 2552 1704 2607 erant
1750 2564 1819 2608 ac
1878 2548 2132 2627 subjecti

488 2639 691 2704 timoni
742 2635 1089 2701 servitutis:
1132 2633 1419 2695 timebant
1475 2634 1635 2696 enim
1691 2643 1941 2698 mortem
1998 2656 2131 2717 quas

495 2730 760 2792 nondum
792 2724 1011 2787 abolita
1039 2730 1167 2785 erat
1197 2741 1210 2785 :
1248 2730 1307 2784 et
1344 2723 1492 2785 nihil
1523 2723 1893 2785 saecularium
1927 2723 2130 2806 volup-

487 2828 672 2884 tatum
722 2816 1018 2878 delectare
1077 2820 1302 2893 poterat
1352 2813 1650 2887 cordatos,
1703 2812 1880 2894 idque
1914 2813 2127 2877 timore

479 2906 783 2981 mortis,in
813 2905 1056 2967 modum
1088 2902 1349 2964 crudelis
1378 2920 1446 2963 ac
1464 2902 1600 2962 saevi
1626 2902 1852 2964 domini
1872 2902 2127 2965 instante

2220 1942 2307 1983 τος
2336 1930 2428 1979 τοῦ
2455 1921 2721 1992 θανάτου.)
2790 1921 2883 1978 ἵνα
2935 1921 3100 1987 οὕτως
3161 1920 3253 1989 εἴη
3294 1941 3308 1956 ·
3387 1924 3485 1978 Διὰ
3538 1931 3629 1980 τοῦ
3683 1920 3878 1977 οίκείου

2219 2011 2442 2066 θανάτου
2513 2012 2825 2090 κατήργησε
2882 2011 2982 2078 τὴν
3036 2012 3295 2091 ἁμαρτίαν
3322 2011 3632 2092 ὑποχείριον
3676 2008 3876 2090 ἔχοντα

2220 2101 2310 2154 τὸν
2378 2095 2642 2176 διάϐολον,
2701 2097 2818 2167 ἥτις
2874 2101 3014 2157 ἐστὶν
3067 2102 3221 2181 ὶσχὺς
3301 2104 3491 2179 κρατὸς
3561 2101 3653 2156 τοὺ
3707 2099 3875 2156 θανά-

2218 2212 2331 2252 του.
2367 2192 2425 2247 Εἰ
2454 2191 2554 2270 γὰρ
2599 2194 2677 2267 μὴ
2741 2192 2876 2260 αὕτη
2926 2193 3215 2274 κατίσχυσε
3269 2204 3361 2254 τοῦ
3428 2194 3721 2274 ἀιῶρῴπουι
3779 2192 3879 2248 οῦκ

2219 2277 2280 2334 ἂν
2310 2281 2338 2335 6
2368 2280 2588 2344 θάνατος
2619 2279 2858 2350 εἰσῆλθεν
2890 2282 2962 2346 εἷς
2990 2284 3083 2339 τὸν
3112 2273 3337 2361 κόσμον,
3376 2315 3455 2328 -
3482 2306 3506 2340 ε
3539 2273 3703 2341 "ant
3724 2278 3876 2362 φόϐῳ

2216 2369 2461 2428 θανάτου.
2501 2387 2530 2427 )
2565 2366 2792 2451 [inet]
2849 2372 3000 2449 Πρὶν.
3031 2373 3183 2453 φησὶ,
3270 2375 3580 2452 καταργηθῇ
3649 2374 3677 2428 6
3703 2372 3874 2428 θάνα-

2215 2480 2330 2532 τος,
2376 2455 2443 2514 δι’
2489 2456 2614 2516 ὅλου
2641 2466 2733 2516 τοῦ
2759 2466 2853 2537 ζῇν
2909 2462 2957 2516 οἱ
3013 2458 3276 2541 ἅνθρωποι
3332 2460 3523 2542 ἄνοχοι
3594 2460 3750 2541 ἦσαν,
3781 2462 3871 2517 καὶ

2213 2546 2485 2604 ὑπέκειντο
2532 2545 2680 2625 φόϐῳ
2753 2547 3013 2615 δουλείας.
3060 2548 3419 2609 Ἐδεδοικεσαν
3446 2552 3547 2631 γὰρ
3598 2552 3691 2608 τὸν
3719 2547 3869 2607 οὔπω

2212 2635 2609 2715 καταρῃθὲντα
2666 2638 2912 2701 θάνατον.
2988 2640 3088 2698 Καὶ
3164 2639 3333 2717 οὐδὲν,
3391 2641 3543 2720 φησὶ,
3588 2640 3710 2703 τοὺς
3762 2638 3866 2718 ἀρ-

2210 2725 2454 2805 τίφρονας
2487 2723 2649 2806 ἴσχυε
2701 2727 2890 2806 τέρψαι
2947 2729 3053 2786 τῶν
3115 2738 3209 2788 τοῦ
3261 2729 3374 2806 βίου
3440 2734 3700 2808 τερπνῶν,
3772 2734 3868 2785 τοῦ

2210 2810 2294 2869 διὰ
2359 2817 2451 2870 τὸν
2533 2817 2755 2872 θάνατον
2825 2814 3009 2896 φόϐου,
3072 2815 3222 2885 δίκην
3279 2818 3429 2894 ὠμοῦ
3478 2819 3567 2875 καὶ
3620 2818 3863 2884 ἀπηνοῦς

2208 2899 2491 2987 δεσπότου,
2561 2904 2910 2985 ἐφιστὰμενου
2979 2907 3068 2963 καὶ
3152 2902 3505 2987 ἂκφοϐοῦντος
3604 2907 3756 2972 τοὺς.
3778 2905 3872 2965 ἐπὶ

483 3018 726 3080 semper
754 3016 822 3059 ac
854 3003 1191 3058 exterrente
1222 3012 1324 3055 eos
1352 2994 1454 3073 qui
1485 3003 1649 3055 erant
1678 2994 1738 3054 in
1773 2992 2123 3057 terra.u0b-

2211 2995 2332 3068 γῆς.
2373 3016 2399 3047 α
2450 2983 2684 3073 "Evoth
2715 2996 2851 3062 ἦσαν
2879 2991 3135 3061 δουλείας,
3186 3018 3209 3051 ι
3235 2983 3606 3053 *Ἐδεδοίκεσαν
3664 2997 3712 3051 οἱ
3755 2993 3856 3053 ἆν-

477 3090 639 3151 noxii
689 3095 857 3151 erant
896 3083 1186 3148 servituti.
1225 3108 1251 3139 »
1288 3081 1603 3144 Timebant
1647 3083 1923 3144 homines
1958 3104 2122 3146 mor-

2211 3083 2408 3158 θρωποι
2455 3084 2548 3140 τὸν
2607 3083 2851 3159 θάνατον,
2923 3085 2998 3147 ὡς
3081 3084 3265 3165 ἔνοχοι
3318 3088 3464 3149 ὀντες
3519 3090 3619 3152 τῆς
3675 3084 3865 3141 τούτου

475 3188 699 3254 tem,ut
726 3180 827 3259 qui
857 3174 1095 3238 obnoxii
1127 3182 1294 3234 erant
1323 3173 1590 3235 servituti
1619 3173 1824 3253 ipsius.
1860 3173 2125 3238 Servitus

2211 3165 2465 3235 δουλείας.
2528 3169 2745 3228 Δουλεία
2816 3168 2871 3227 δὲ
2956 3182 3048 3232 τοῦ
3129 3174 3352 3233 θανάτου
3445 3175 3507 3232 τὸ
3580 3172 3857 3253 ἐνέχεσθαι

477 3278 675 3330 autem
700 3267 907 3328 mortis
939 3273 1051 3337 est,
1084 3262 1338 3324 detineri
1359 3280 1427 3323 ac
1449 3264 1780 3342 subjectum
1815 3281 1945 3323 esse
1979 3282 2121 3343 pec-

2211 3259 2294 3315 καὶ
2346 3261 2659 3318 ὑποκεῖσθαι
2716 3267 2786 3337 τῇ
2841 3262 3092 3338 ἁμαρτίᾳ,
3151 3261 3331 3344 ’ἰσχὺς
3390 3263 3490 3342 γὰρ
3586 3263 3676 3319 καὶ
3729 3262 3861 3319 κέν-

477 3367 635 3423 cato.
672 3354 982 3419 Fortitudo
1007 3353 1164 3413 enim
1190 3365 1249 3412 et
1270 3352 1509 3412 aculeus
1547 3352 1756 3413 mortis
1786 3362 1877 3413 est
1906 3371 2120 3431 pecca-

2211 3369 2326 3425 τρον
2382 3357 2477 3407 τοῦ
2536 3351 2758 3409 θανάτου
2822 3352 2857 3418 ἡ
2927 3352 3174 3431 ἁμαρτία.
3241 3353 3388 3410 Ἐπεὶ
3459 3352 3547 3409 οὖν
3618 3354 3647 3408 6
3720 3358 3861 3431 Χρισ-

474 3451 779 3511 tum.Cum
813 3448 973 3506 enim
1003 3442 1272 3502 Christus
1318 3459 1425 3501 sua
1471 3452 1662 3501 morte
1700 3441 1955 3502 abolevit
1984 3460 2117 3503 eum

2211 3458 2328 3501 στος
2373 3436 2457 3494 διὰ
2485 3440 2729 3514 θανάτου,
2803 3442 3111 3520 κατήργησε
3167 3443 3259 3498 τὸν
3314 3443 3377 3498 τὸ
3438 3441 3626 3519 κράτος
3697 3439 3858 3520 ἔχον-

471 3539 576 3615 qui
610 3536 820 3597 mortis
850 3532 1035 3595 robur
1065 3529 1339 3603 habebat,
1374 3532 1486 3591 hoc
1519 3537 1628 3609 est,
1664 3529 1987 3610 diabolum,
2021 3535 2116 3592 iu-

470 3635 774 3689 ventorem
803 3643 872 3685 ac
901 3629 1206 3683 auctorem
1259 3619 1505 3700 peccati,
1553 3618 1765 3680 merito
1816 3618 2117 3683 imbecille

470 3715 721 3779 eﬂicitur
753 3721 1058 3794 peccatum
1099 3730 1111 3770 :
1144 3711 1282 3769 532
1331 3710 1542 3769 merito
1578 3708 1809 3769 liberati
1850 3728 2056 3772 sumus
2084 3730 2117 3772 a

468 3806 718 3867 sevitute
759 3821 873 3884 que
905 3811 1029 3862 erat
1061 3819 1129 3861 ex
1171 3798 1589 3861 invalescentia
1638 3798 1866 3877 ipsius:
1904 3801 2113 3860 merito

464 3894 638 3956 liberi
664 3893 858 3955 eﬂ‘ecti
887 3908 1091 3951 sumus
1120 3909 1153 3949 a
1178 3889 1394 3950 timore
1424 3887 1524 3968 qui
1553 3906 1621 3947 ex
1659 3898 1848 3950 morte
1900 3907 2113 3967 proce-

465 3984 666 4047 debat.
692 3984 883 4063 Atque
907 3981 964 4040 id
992 3980 1050 4041 in
1087 3978 1231 4058 ipsis
1262 3995 1495 4057 quoque
1522 3976 1808 4056 operibus
1830 3979 2117 4057 contingit

464 4073 831 4152 perspicere.
883 4071 1031 4132 Nam
1064 4066 1164 4147 qui
1198 4074 1368 4127 antea
1395 4075 1670 4145 tanquam
1705 4065 2024 4127 maximum
2058 4076 2114 4128 et

460 4160 800 4223 inevitabile
826 4158 1043 4219 malum
1072 4154 1357 4217 timebant
1382 4173 1448 4216 ac
1468 4153 1806 4215 devitabant
1828 4163 2108 4230 mortem,

461 4249 534 4310 ad
561 4250 749 4329 ipsam
799 4266 957 4309 nunc
1006 4244 1328 4324 gaudentes
1378 4243 1689 4315 accedunt,
1730 4252 2004 4324 tauquam
2038 4245 2111 4307 ad

464 4338 730 4399 melioris
779 4337 910 4397 vitae
956 4333 1348 4396 mutationem
1399 4341 1456 4393 et
1510 4332 1839 4408 exordium,
1874 4335 2110 4413 quando

458 4444 566 4507 pro
632 4425 865 4489 Christo
915 4423 1218 4505 ipsiusque
1277 4419 1505 4500 legibus
1549 4439 1583 4481 a
1628 4422 2109 4498 persecutoribus

456 4516 787 4578 inducitur.
823 4517 916 4577 An
951 4531 1069 4574 non
1122 4529 1264 4591 ergo
1315 4508 1627 4571 manifeste
1679 4508 1949 4571 liberavit
2000 4529 2109 4574 nos

457 4606 723 4668 Salvator
752 4623 786 4666 a
818 4604 1033 4665 timore
1082 4600 1288 4662 mortis
1341 4617 1409 4660 ac
1451 4599 1737 4660 servitute
1794 4617 1926 4678 quae
1965 4599 2107 4663 inde

453 4693 858 4776 procedebat?

533 4784 831 4847 [1.16-18.
856 4784 994 4847 Non
1020 4783 1181 4844 enim
1204 4777 1473 4842 videlicet
1500 4776 1746 4858 angelos
1775 4778 2109 4858 apprehen-

449 4875 674 4952 dit,sed
700 4892 906 4937 semen
948 4870 1209 4935 Abrahae
1240 4869 1661 4949 apprehendit.
1703 4866 1870 4930 Unde
1898 4870 2110 4931 debuit

442 4981 556 5043 per
583 4966 787 5026 omnia
820 4962 1128 5041 fratribus
1155 4960 1382 5021 similis
1412 4958 1608 5029 reddi,
1657 4964 1720 5019 ut
1756 4958 2107 5021 misericors

449 5060 598 5114 esset
621 5053 821 5131 ﬁdelis
849 5051 1124 5132 ponti/ea:
1163 5053 1229 5111 in
1288 5050 1383 5110 his
1415 5065 1547 5128 quae
1575 5046 1653 5108 ad
1684 5046 1870 5107 Deum
1904 5050 2107 5123 forent

446 5143 714 5221 agenda,
764 5143 845 5203 ad
889 5140 1263 5221 expiandum
1306 5146 1552 5217 peccata.
1580 5136 1809 5215 populi.
1845 5134 2003 5197 Nam
2034 5156 2110 5199 ex

446 5229 561 5291 hoc
583 5230 744 5309 quod
764 5230 883 5307 ipsi
912 5231 1162 5308 contigit
1200 5235 1495 5289 tentatum
1529 5242 1677 5298 esse,
1723 5232 1910 5304 potest
1935 5231 1992 5287 et
2023 5228 2101 5287 iis

446 5318 554 5397 qui
587 5325 903 5379 tentantur
926 5334 1316 5380 succurrere.

531 5430 555 5460 «ι
595 5404 711 5467 Sed
747 5424 952 5467 semen
985 5406 1238 5469 Abrahae
1279 5402 1694 5484 apprehendit.
1730 5426 1752 5458 ι
1790 5403 1936 5466 Cum
1966 5402 2048 5464 ait
2080 5424 2094 5465 :

2202 3547 2267 3581 τα
2293 3537 2384 3587 τοῦ
2424 3529 2667 3601 θανάτου,
2702 3528 2961 3604 τουτέστι,
3020 3532 3111 3587 τὸν
3169 3528 3437 3607 διάϐολον,
3478 3528 3583 3608 ξόν
3640 3529 3851 3608 εῦρετὴι

2199 3617 2288 3672 καὶ
2329 3617 2572 3697 ἀρχηγὸν
2616 3594 2712 3685 της
2770 3594 3053 3697 ἁμαρτίας,
3109 3621 3325 3683 εἰκότως
3368 3594 3587 3689 ἆόθῖνὴς
3645 3594 3857 3697 γίνεταν

2198 3706 2234 3771 ἡ
2264 3707 2492 3785 ἁμαρτία
2540 3731 2544 3735 “
2629 3709 2845 3771 εἰκότως
2917 3706 3312 3788 ἀπηλλάγημεν
3368 3713 3467 3777 τῆς
3549 3711 3686 3765 κατὰ
3753 3708 3857 3775 τὴν

2200 3792 2532 3874 ἐπικράτειαν
2594 3798 2756 3864 αὐτῆς
2815 3794 3049 3863 δουλείας
3077 3818 3090 3832 ·
3157 3798 3375 3862 εἰκότως
3446 3796 3851 3877 ἧλευθερὼμεθα

2198 3893 2291 3943 τοῦ
2320 3885 2454 3941 κατὰ
2480 3886 2573 3940 τὸν
2626 3886 2846 3943 θάνατον
2896 3883 3079 3968 φόϐου.
3147 3888 3246 3945 Καὶ
3302 3887 3413 3944 ἔστι
3483 3894 3637 3944 τοῦτο
3667 3887 3754 3943 καὶ
3795 3884 3853 3944 ἐν

2197 3975 2379 4036 αὐτοῖς
2408 3988 2526 4038 τοῖς
2585 3972 2758 4054 ἔργοις
2816 3977 2996 4057 σαφῶς
3068 3974 3326 4039 κατιδεῖν,
3362 3980 3423 4035 Οἱ
3476 3977 3577 4056 γὰρ
3626 3977 3745 4055 πρὶν
3775 3976 3851 4040 ὡς

2195 4060 2445 4139 μέγιστον
2526 4066 2691 4119 κακὸν
2772 4066 2858 4122 καὶ
2933 4063 3328 4145 ἀνυπέρϐλητον
3407 4062 3719 4145 φοϐούμενοί
3788 4085 3849 4121 τε

2194 4170 2283 4205 και
2341 4150 2760 4229 ἀποτρεπόμενοι
2813 4154 2905 4209 τὸν
3001 4155 3245 4230 θάνατον,
3304 4160 3392 4212 νῦν
3449 4155 3523 4217 ὡς
3579 4151 3849 4229 βελτίονος

2194 4241 2308 4317 βιου
2360 4240 2653 4318 μεταϐολὸν
2687 4245 2777 4300 καὶ
2831 4247 3131 4322 προοίμιον,
3181 4248 3457 4326 χαίροντες
3527 4246 3658 4324 πρὸς
3688 4247 3851 4303 αὐτὸν

2195 4337 2485 4413 χωροῦσιν,
2531 4331 2655 4390 ὅταν
2710 4335 2839 4411 ὑπὲρ
2907 4342 3135 4415 Χριστοῦ
3188 4337 3275 4392 καὶ
3325 4341 3432 4391 τῶν
3481 4335 3639 4391 αὐτοῦ
3667 4336 3848 4412 νόμων

2192 4421 2333 4498 παρὰ
2383 4426 2488 4476 τῶν
2545 4418 2843 4479 διωκόδτων
2899 4422 3190 4504 ἐπάγηται.
3253 4420 3381 4505 Ἆρα
3434 4425 3496 4481 οὗ
3536 4430 3846 4506 περιφανῶς

2131 4482 2175 4532 D
2192 4482 2491 4577 c’zrtiﬁllaﬁev
2521 4512 2665 4586 ἡμᾶς
2696 4513 2725 4568 6
2753 4514 2942 4592 Σογτῆρ
3118 4482 3255 4571 κατὰ
3282 4482 3373 4572 τδν
3403 4482 3624 4571 θάνατον

2190 4598 2277 4653 καὶ
2306 4602 2407 4665 τῆς
2432 4597 2635 4658 ἐκεῖθεν
2664 4597 2899 4666 δουλείας
2933 4620 2950 4683 ς

2278 4795 2306 4835 ι
2367 4777 2439 4834 Οὔ
2496 4778 2597 4857 γὰρ
2648 4776 2817 4849 δήπου
2889 4779 3133 4860 ἀγγέλων
3207 4779 3645 4858 ἐπιλαμϐάνεται.
3702 4779 3846 4839 ἀλλά

2190 4865 2492 4946 σπέρματος
2548 4864 2793 4947 Ἀϐραὰμ
2888 4867 3324 4946 ἐπιλαμϐάνεται,
3430 4862 3444 4882 ’
3467 4874 3595 4929 Οθεν
3668 4868 3842 4952 ὤφει-

2190 4953 2248 5011 λε
2278 4956 2413 5013 κατὰ
2441 4956 2615 5014 πάντα
2641 4970 2759 5015 τοῖς
2790 4956 3039 5039 ἀδελφοῖς
3070 4959 3420 5035 ὁμοιωθῆναι,
3466 4958 3560 5017 ἵνα
3590 4958 3842 5036 ἐλεήμων

2189 5044 2406 5122 γένηται
2436 5049 2523 5102 καὶ
2551 5048 2737 5111 πιστὸς
2767 5047 3043 5127 ἀρχιερεὺς
3112 5049 3178 5104 τὰ
3246 5051 3378 5128 πρὸς
3430 5049 3520 5105 τὸν
3578 5051 3726 5125 Θεὸν,
3762 5050 3840 5114 εἰς

2187 5135 2248 5188 τὸ
2305 5131 2605 5189 ἱλάσκεσθαι
2661 5136 2750 5200 τὰς
2802 5137 3059 5215 ἁμαρτίας
3113 5146 3206 5196 τοῦ
3279 5135 3430 5198 λαοῦ.
3489 5137 3579 5196 Ἐν
3636 5141 3682 5212 ᾧ
3734 5138 3840 5216 γὰρ

2188 5220 2441 5278 πέπονθεν
2472 5225 2624 5289 αὐτὸς
2643 5226 2960 5303 πειρασθεὶς,
2996 5223 3207 5283 δύναται
3263 5240 3383 5292 τοῖς
3430 5225 3835 5306 πειραζομένοις

2179 5312 2463 5387 βοηθῆσαι.
2519 5332 2542 5367 α

2267 5423 2294 5456 α
2328 5399 2498 5461 Ἀλλὰ
2518 5402 2818 5483 σπέρματος
2883 5402 3123 5485 Ἀϐραὰμ
3191 5403 3631 5483 ἐπιλαμϐάνεται.
3684 5428 3709 5464 It
3760 5409 3837 5467 Τὸ

443 5492 882 5573 Apprehendit,
916 5494 1212 5574 signiﬁcat
1240 5492 1398 5572 quod
1425 5510 1530 5553 ms
1551 5491 1794 5573 quidem
1825 5492 2100 5554 homines

2211 5488 2639 5565 [ἐπιλαμϐάνεται
2667 5491 2851 5569 δηλοῖ,
2885 5493 2966 5551 ὅτι
2994 5495 3159 5571 ἡμεῖς
3189 5495 3287 5572 μὲν
3346 5496 3501 5555 αὐτὸν
3544 5494 3837 5576 ἐφεύγομεν

441 5591 641 5664 ipsum
678 5582 1074 5663 fugiebamus,
1109 5582 1376 5644 Christus
1416 5600 1554 5643 vero
1605 5580 2094 5662 persequebatur,

2211 5584 2227 5636 ἱ
2260 5579 2542 5661 ἅνθρωποι,
2575 5585 2603 5639 6
2647 5579 2701 5638 δὲ
2759 5585 2981 5663 Χριστὸς
3035 5582 3238 5662 ἐδίωκε,
3298 5587 3387 5643 καὶ
3428 5582 3633 5642 διώκων
3663 5583 3833 5667 ἔφθα-

444 5682 503 5737 et
534 5673 951 5754 persequendo
980 5674 1192 5751 attigit,
1226 5692 1293 5734 ac
1345 5672 1643 5749 attingens
1674 5672 2093 5753 apprehendit.

2215 5693 2237 5727 ε
2290 5672 2378 5726 καὶ
2450 5673 2649 5752 φθάσας
2728 5670 3037 5735 ἐπελάϐετο.
3137 5679 3244 5735 Οὐκ
3326 5673 3566 5754 ἀγγέλων
3622 5677 3833 5757 φύσεως
