4132 6432
461 367 579 433 303
1583 360 1999 436 OECUMENII
2041 362 2338 428 TRICCAB
2375 363 2711 428 EPISCOPI
3723 358 3841 426 304

461 507 595 582 cem_
622 489 1015 582 confessionis
1068 497 1291 551 nostra
1327 487 1634 552 Christum
1665 489 1916 556 Iesum:
1950 514 2093 576 quoa

2207 506 2292 568 τῆς
2364 501 2651 580 ὁμολογίας
2723 503 2876 576 ἡμῶν
2987 499 3191 569 Ἰησοῦν
3291 503 3538 582 Χριστὸν,
3651 499 3839 556 πιστὸν

455 576 651 658 ﬁdelis
674 578 754 640 sit
781 582 838 639 ei
865 577 974 657 qui
989 578 1186 658 ipsum
1218 579 1894 658 fecit,quemadmodum
1914 585 2087 648 Mosa:

2209 588 2312 646 ἷντα
2516 576 2798 658 ποιησαντι
2854 591 3010 648 αὒτὸν
3065 593 3139 657 ὡς
3209 593 3296 648 καὶ
3340 576 3552 658 ⁷Μωσῆς
3622 588 3676 646 ἒν
3729 586 3841 662 ὅλῳ

452 665 869 760 intota_d_omo
893 667 1280 760 sua.__Tanto
1323 684 1589 760 namque
1631 671 1861 748 majore
1907 673 2084 752 gloru

2210 686 2267 753 τῷ
2323 677 2460 754 οἴκῳ
2518 679 2695 739 αὐτοῦ.
2780 678 3024 744 Πλείονος
3095 682 3196 760 γὰρ
3268 677 3423 746 δόξης
3489 678 3636 742 οὗτος
3696 678 3842 756 παρὰ

456 753 982 848 quamMoseshic
1011 755 1236 848 dignus
1257 763 1344 818 est
1373 756 1636 830 habitus,
1665 769 1896 837 quanto
1925 766 2088 840 maio

2213 773 2390 834 νιωσῆν
2436 753 2687 848 νὴξίωται,
2747 766 2868 824 καθ’
2928 767 3053 825 ὅσον
3107 753 3326 825 πλείονα
3369 769 3534 844 τιμὴν
3577 766 3694 847 ἔχει
3752 753 3845 823 του

453 861 582 905 rem
631 842 814 905 habet
853 844 1151 905 honorem
1203 845 1258 905 is
1297 849 1407 922 qui
1455 849 1805 910 construxit
1863 850 2085 913 domun

1491 849 1805 910 onstruJ-it
1863 850 2106 913 domum
2192 855 2344 912 οἴκου
2387 860 2416 914 6
2445 842 2844 920 κατασκευάσας
2875 857 3058 916 αὒτόν.
3099 880 3123 915 ι

452 952 637 1014 quam
667 937 801 1013 ipsa
831 935 1068 997 domus.

538 1022 602 1086 Si
644 1022 825 1102 igitur
873 1023 1195 1115 participes
1247 1042 1316 1086 ac
1365 1025 1514 1087 socii
1585 1027 1726 1088 estis
1784 1029 2108 1094 vocationis

2274 1035 2332 1090 Εἰ
2361 1033 2450 1090 οὖν
2504 1034 2729 1115 μέτοχοι
2803 1036 2890 1092 καὶ
2945 1038 3189 1093 κοινωνοί
3257 1034 3374 1092 ἐστε
3443 1040 3542 1102 τῆς
3599 1031 3841 1103 κλήσεως

453 1112 736 1188 caelestis,
786 1129 916 1192 quae
960 1111 1044 1172 ibi
1086 1120 1222 1174 sunt
1272 1115 1554 1192 quaerite.
1609 1117 1886 1197 nullaque
1943 1120 2085 1181 vobi:

2212 1128 2288 1190 ςῆς
2320 1111 2764 1203 ἒπουρανίουξτὰ
2826 1124 2942 1180 ἐκεῖ
3009 1132 3246 1197 ζητεῖτε,
3315 1126 3403 1181 καὶ
3459 1130 3566 1180 τῶν
3623 1122 3844 1179 ἐνταῦθα

448 1201 600 1292 ratio
622 1202 701 1263 sit
720 1219 925 1292 eorum
959 1219 1089 1292 qua;
1131 1201 1225 1263 hic
1252 1211 1406 1292 sunt.
1443 1228 1468 1258 α
1498 1203 1848 1285 Apostolum
1872 1215 1929 1270 et
1953 1228 2080 1289 pon.

2211 1212 2347 1289 lci-{oc
2390 1201 2520 1292 ὑμῖν
2563 1212 2698 1269 ἔστω
2741 1212 2948 1289 μηδείς,
3008 1233 3031 1268 α
3070 1217 3171 1272 Τὸν
3202 1212 3498 1270 ἀπόστολον
3528 1213 3616 1269 καὶ
3647 1212 3843 1292 ἀρχιε-

451 1290 696 1353 tiﬁcem.
738 1312 764 1351 ι
797 1289 907 1353 Ubi
930 1291 1003 1352 ad
1033 1291 1537 1371 dispensationem
1574 1297 1862 1373 pervenit,
1908 1299 2083 1359 omni:

2211 1299 2302 1360 ιέα.
2347 1323 2370 1358 ν
2437 1291 2633 1358 Ἐλθὼν
2685 1305 2757 1366 εἰς
2829 1303 2928 1369 τὴν
2999 1303 3319 1379 οἰκονομίαν,
3395 1301 3601 1358 ἅπαντα
3655 1300 3843 1358 λοιπὸν

451 1379 742 1472 deinceps
787 1380 1037 1472 humilia
1067 1381 1363 1472 intrepide
1397 1382 1714 1462 eloquitur.
1759 1385 2083 1466 Apostolun

2213 1387 2354 1452 ιδεῶς
2428 1391 2494 1446 τὰ
2540 1393 2764 1448 ταπεινὰ
2861 1391 3165 1472 φθέγγεται,
3243 1389 3567 1448 Ἀπόστολον
3612 1389 3667 1446 δὲ
3752 1389 3845 1445 αὖ·

452 1477 648 1531 autem
679 1469 805 1531 sive
836 1469 1093 1548 legatum
1119 1470 1264 1531 dicit
1293 1470 1509 1550 ipsum,
1545 1471 1685 1551 quia
1707 1474 1923 1536 missus
1955 1483 2046 1537 est
2074 1495 2084 1536 :

2212 1478 2277 1534 τόν
2340 1501 2494 1560 φησι,
2552 1478 2682 1560 διότι
2741 1469 3067 1537 ἀπέσταλται
3157 1481 3301 1557 παρὰ
3355 1486 3447 1535 τοῦ
3494 1480 3698 1559 Πατρὸς
3770 1481 3844 1542 ὡς

453 1559 628 1620 Patre
670 1565 947 1638 tanquam
997 1558 1198 1632 homo,
1254 1556 1658 1621 Confessionis
1719 1581 1878 1636 vero,
1942 1564 2076 1626 fidei

2211 1556 2482 1644 ἱνθρωπος.
2549 1559 2866 1648 Ὀμολογίας
2948 1567 3025 1641 δὲ,
3082 1574 3180 1636 τῆς
3239 1556 3498 1631 πίστεως,
3579 1556 3843 1625 011:0th

453 1647 685 1737 (Quod
708 1648 903 1709 ﬁdelis
924 1649 1069 1737 sit.»
1102 1648 1333 1718 Fidem.
1368 1649 1585 1730 inquit,
1622 1653 1882 1713 servavit
1913 1652 2085 1716 bene-

2207 1653 2336 1714 i'vrat.
2374 1679 2403 1712 ι
2440 1658 2718 1729 Εὐνοϊκὸν,
2768 1647 2920 1737 φησὶ,
2968 1660 3141 1713 πίστιν
3191 1658 3523 1736 τετηρηκότα
3546 1663 3622 1731 τῷ
3652 1657 3839 1734 Πατρὶ,

449 1736 782 1818 placentem
801 1736 1271 1817 Patri,idemque
1285 1757 1415 1798 cum
1439 1759 1507 1799 eo
1523 1740 1797 1802 sensitde
1813 1744 2081 1804 servandi

2206 1747 2276 1801 ιαὶ
2304 1747 2366 1802 τὸ
2395 1747 2520 1804 αὐτὸ
2550 1753 2806 1825 φρονοῦτα
2838 1747 2980 1822 αὐτῷ
3038 1749 3152 1820 περὶ
3208 1749 3270 1802 τὸ
3339 1747 3522 1818 σώζειν
3566 1749 3655 1803 τὸν
3685 1745 3838 1807 λαόν,

451 1829 690 1908 populo.
730 1827 820 1907 Ei,
861 1826 1075 1908 inquit,
1127 1830 1225 1908 qui
1262 1828 1458 1908 ipsum
1502 1830 1640 1891 fecit
1670 1833 2008 1910 apostolum
2036 1852 2083 1894 at

2210 1841 2275 1908 Γῴ
2323 1837 2604 1904 ποιήσαντι
2679 1835 2857 1908 αὖτὸν,
2904 1837 3086 1915 φησὶν,
3136 1833 3434 1891 ἀπόστολον
3502 1836 3589 1891 καὶ
3657 1835 3842 1914 ἀρχιε-

452 1917 818 1998 pontiﬁcem,
853 1918 963 1978 hoc
999 1923 1110 1988 est,
1140 1917 1292 1978 Patri
1325 1937 1456 1978 suo.
1492 1919 1649 1980 Nihil
1683 1930 1880 1982 autem
1905 1923 2084 1984 admi-

2207 1922 2300 1997 ›έα,
2362 1923 2624 2004 τουτέστι,
2683 1929 2760 1998 τῷ
2829 1927 2987 2003 [Ιατρὶ
3045 1926 3222 1987 αὐτοῦ.
3297 1922 3455 1982 Οὐδὲν
3514 1922 3569 1980 δὲ
3621 1924 3839 1980 ἐνταῦθα

448 2005 700 2066 randum
731 2005 780 2066 si
812 2003 895 2066 ita
921 2005 1256 2085 loquantur,
1293 2006 1442 2067 facta
1471 2008 1594 2086 jam
1633 2009 1820 2070 semel
1853 2009 2080 2090 dispen-

2207 2014 2483 2088 ιαυμαστὸν
2539 2015 2581 2070 εἰ
2625 2013 2762 2070 οὕτω
2810 2013 2975 2092 λέγει,
3031 2013 3170 2080 ἅπαξ
3226 2018 3325 2080 τῆς
3377 2015 3678 2089 οἰκονομίας
3710 2013 3839 2069 ἐπι-

448 2095 694 2157 sationis
743 2094 1065 2157 mentione.
1106 2117 1130 2149 ιι
1166 2094 1238 2156 Ει
1280 2097 1382 2175 qui
1438 2097 1633 2177 ipsum
1687 2099 1845 2160 fecit.
1890 2125 1912 2157 »
1951 2099 2080 2172 Quit

2204 2100 2501 2176 ιαϐόμενος.
2553 2125 2581 2157 α
2616 2109 2703 2178 Τῷ
2747 2105 3030 2172 ποιήσαντι
3075 2102 3254 2162 αὐτόν.
3293 2125 3316 2160 ι
3395 2104 3455 2161 Τί
3511 2104 3836 2181 ποιήσαντις

447 2184 634 2247 fecit?
659 2184 1004 2263 Apostolum
1040 2203 1108 2245 ac
1141 2186 1507 2264 pontiﬁcem.
1545 2187 1669 2248 Hoc
1704 2188 1834 2249 loco
1886 2208 2001 2250 non
2029 2192 2079 2250 d4

2206 2189 2480 2248 ιπόστολον
2537 2193 2624 2248 καὶ
2681 2191 2955 2271 ἀρχιερέα.
3016 2190 3269 2248 Ἐνταῦθα
3364 2193 3425 2248 06
3482 2193 3600 2270 περὶ
3660 2191 3838 2255 ὠσίας

447 2274 774 2335 substantia
821 2274 1087 2353 loquitur
1130 2292 1324 2350 neque
1382 2275 1457 2335 de
1515 2276 1850 2348 divinitate,
1890 2279 1995 2339 sed
2027 2281 2079 2340 dt

2205 2281 2365 2360 ρησὶν,
2432 2277 2546 2336 οὒδέ
2616 2282 2733 2357 περὶ
2789 2281 3062 2354 θεότητος,
3125 2279 3262 2336 ἀλλὰ
3316 2282 3434 2358 περὶ
3522 2279 3837 2355 ἀξιωμάτων

447 2363 830 2443 dignitatibus
863 2363 1164 2425 humanis.
1205 2387 1232 2419 ι
1267 2363 1782 2436 Quemadmodum
1818 2372 2010 2432 Moses
2041 2369 2079 2430 ii

2201 2368 2542 2448 ὶνθρωπίνων,
2592 2389 2622 2429 (
2660 2361 2752 2432 Ὦς
2782 2372 2868 2426 καὶ
2901 2372 3097 2437 Μωσῆς
3155 2369 3210 2424 ἐν
3252 2368 3362 2444 ὅλῳ
3430 2375 3507 2444 τῷ
3563 2369 3701 2441 οἴκῳ
3733 2371 3833 2424 αὖ·

445 2461 571 2516 tota
615 2452 793 2514 domo
843 2470 970 2516 sua.
1010 2477 1037 2508 »
1081 2452 1367 2514 Futurum
1415 2461 1506 2515 est
1553 2463 1618 2515 ut
1672 2456 1734 2517 in
1784 2475 2077 2537 progressn

2202 2464 2295 2519 :06.
2346 2481 2374 2512 in
2424 2457 2616 2513 Μέλλει
2646 2459 2853 2538 προϊὼν
2881 2460 2970 2515 τὸν
3001 2459 3137 2514 κατὰ
3193 2459 3358 2536 σάρκα
3414 2459 3660 2536 Χριστὸν,
3695 2478 3834 2536 προ-

447 2551 748 2624 ρι-ωροῐιειῑ
791 2541 1089 2604 Christum
1130 2541 1316 2604 Mosi:
1353 2561 1560 2604 verum
1594 2545 1878 2624 quoniam
1931 2547 1992 2608 hi
2024 2566 2079 2609 ac

2200 2545 2372 2603 τιθέναι
2418 2547 2707 2620 Μωϋσέως,
2739 2545 2859 2603 ἀλλ’
2905 2545 3088 2613 ἐπειδή
3122 2548 3165 2602 εἰ
3196 2549 3283 2602 καὶ
3311 2549 3486 2603 πιστοὶ
3525 2546 3661 2614 ἦσαν
3691 2550 3832 2602 οὗτοι

448 2651 598 2713 quos
626 2639 716 2693 est
739 2649 960 2712 sermo,
994 2631 1105 2692 etsi
1154 2631 1363 2692 ﬁdeles
1409 2641 1600 2707 erant,
1655 2635 1975 2714 plurimum
2005 2646 2080 2698 ta-

2199 2636 2311 2713 τρὸς
2348 2634 2436 2698 οὕς
2478 2637 2506 2691 6
2527 2634 2708 2714 λόγος,
2743 2634 2981 2714 μεγάλας
3013 2635 3088 2692 ἔτι
3119 2633 3268 2700 δοξας
3301 2635 3464 2715 εἶχον
3493 2637 3611 2714 περὶ
3636 2635 3831 2690 Μωσέ-

450 2741 588 2784 men
621 2730 679 2783 et
703 2720 905 2800 gloria;
929 2730 986 2782 et
1016 2720 1260 2782 honoris
1291 2721 1488 2783 adhuc
1529 2723 1673 2784 Mosi
1725 2724 2082 2787 deferebant.

2203 2745 2276 2798 ος,
2309 2724 2401 2780 ἵνα
2445 2725 2522 2800 μὴ
2555 2725 2743 2787 εὐθέως
2772 2723 3140 2805 ἀποφράξωσιν
3211 2725 3382 2779 αὐτῶν
3435 2725 3501 2780 τὰ
3557 2725 3690 2800 ὦτα,
3737 2725 3835 2780 οὐκ

443 2829 521 2873 ne
572 2811 840 2890 protinus
890 2828 1027 2870 suas
1075 2809 1426 2871 obturarent
1474 2830 1667 2888 aures,
1724 2832 1842 2874 non
1901 2816 2075 2876 statin

2199 2813 2368 2876 ιῦθέως
2453 2814 2727 2894 προτίθησι
2779 2815 3010 2877 Μωσέως
3064 2815 3154 2869 τὸν
3200 2814 3444 2892 Χριστὸν,
3506 2811 3643 2869 ἀλλὰ
3697 2812 3831 2876 τέως

447 2899 1054 2980 praeponitChristum
1085 2900 1369 2974 Mosi,sed
1395 2901 1632 2961 interim
1647 2911 1862 2984 aequat,
1881 2903 2079 2965 deindt

2198 2901 2372 2974 ιξισοϊ,
2405 2903 2530 2958 εἶτα
2585 2904 2790 2982 προϊὼν
2848 2904 3176 2981 προτίθησιν.
3222 2902 3390 2959 Οἶκον
3443 2899 3498 2957 δὲ
3550 2905 3707 2961 αὐτοῦ
3737 2903 3830 2958 τὸν

448 2989 509 3050 in
542 3007 861 3068 progressu
894 2987 1204 3068 praponit.
1227 2987 1402 3050 Suam
1435 2997 1629 3050 autem
1662 2992 1903 3052 domum
1929 3012 2080 3054 voca-

2196 2993 2307 3047 λαὸν
2353 2989 2622 3053 ἐκάλεσεν.
2668 2993 2838 3048 Αὐτοῦ
2882 2990 2936 3046 δὲ
2977 2993 3070 3047 τὸν
3124 2989 3250 3046 λαὸν
3281 2991 3405 3047 εἶπε
3435 3000 3528 3050 τοῦ
3570 2990 3828 3065 Μωσέως,

444 3077 525 3173 vit
543 3078 834 3173 populum
862 3093 875 3138 :
908 3095 1084 3156 porro
1117 3077 1574 3173 populum_dixit
1595 3079 1790 3173 Musis,
1817 3083 2076 3161 quoniam

2198 3079 2310 3135 ἲιότι
2341 3081 2627 3173 προστήκει
2676 3083 2869 3142 αὐτῶν,
2931 3081 3029 3139 Καὶ
3082 3080 3182 3159 γὰρ
3224 3082 3252 3135 6
3310 3080 3462 3173 Θεός.
3500 3101 3630 3160 φησι
3697 3082 3830 3158 πρὸς

442 3167 590 3249 ipsis
620 3167 932 3248 praefectus
963 3174 1109 3227 erat.
1136 3165 1282 3226 Nam
1316 3175 1372 3228 et
1402 3169 1562 3229 Deus
1601 3168 1750 3230 dixit
1780 3159 1852 3231 ad
1904 3190 2040 3233 eum

2198 3170 2360 3245 ιῦτὸν,
2383 3160 2477 3227 «Ὀ
2501 3167 2628 3233 λαός
2655 3190 2748 3225 σου
2778 3167 3032 3246 ἥμαρτεν.
3063 3189 3087 3225 ο
3113 3167 3393 3248 -[ΦΩΤ.Ι
3414 3159 3541 3234 αὩς
3560 3170 3646 3225 καὶ
3669 3174 3830 3224 Murti-

452 3282 473 3314 ι
501 3256 773 3318 Peccavit
795 3255 1048 3336 populus
1072 3263 1208 3316 tuus
1229 3255 1313 3319 90.
1345 3256 2018 3328 n—«Quemadmodum
2042 3277 2084 3322 et

2199 3265 2280 3325 γῆς
2308 3278 2320 3293 ’
2361 3281 2389 3312 ι
2423 3257 2560 3314 ὣστε
2618 3259 2792 3324 μάτην
2834 3255 3276 3337 διαλοιδοροῦνταί
3315 3279 3406 3332 μοι
3445 3260 3577 3336 πρὸς
3612 3259 3752 3326 ὑμᾶς
3784 3261 3831 3314 0i

449 3351 668 3421 Moses,
703 3369 729 3400 κν
768 3343 986 3424 inquit.
1033 3345 1274 3405 Frustra
1321 3345 1498 3422 igitur
1541 3366 1631 3408 me
1662 3348 2081 3412 calumniantul

2201 3350 2503 3404 ιποστασίαν
2547 3368 2614 3426 με
2643 3346 2888 3426 λέγοντες
2948 3347 3053 3403 ἀπὸ
3126 3346 3357 3412 Μωσέως
3412 3345 3695 3421 διδάσκειν,
3741 3349 3833 3404 καὶ

448 3437 608 3515 apud
644 3453 768 3508 vos,
794 3431 894 3513 qui
928 3451 1022 3494 me
1040 3432 1248 3494 dicunt
1271 3433 1709 3498 defunctionem
1743 3456 1775 3497 a
1806 3441 1968 3500 Mose
1987 3439 2080 3500 d0-

2200 3439 2312 3516 τρὸς
2335 3437 2492 3492 αὖτὸν
2559 3435 2827 3511 δυσμενῶς
2859 3435 3176 3498 διακεῖσθαι,
3235 3433 3545 3503 Λεληθότως
3589 3435 3644 3491 δὲ
3701 3443 3832 3492 τοῦ-

447 3542 608 3598 cere,
635 3531 693 3584 et
721 3541 860 3601 erga
894 3522 1090 3601 ipsum
1122 3522 1368 3586 inimico
1399 3525 1679 3586 allectum
1713 3545 1844 3587 esse
1868 3529 2079 3589 animo.

2196 3550 2239 3582 :0
2292 3529 2379 3584 καὶ
2451 3530 2510 3584 06
2576 3528 2711 3583 κατὰ
2780 3525 3177 3604 προηγούμενον
3232 3524 3390 3603 λόγον
3453 3526 3673 3604 εἰσάγει,
3733 3525 3828 3580 τῖνα

450 3615 578 3675 Hoc
632 3619 830 3674 autem
881 3611 1033 3672 clam
1085 3619 1142 3672 et
1185 3631 1302 3672 non
1345 3630 1413 3673 ex
1466 3614 1766 3692 proposito
1817 3634 2082 3678 sermone

2201 3614 2381 3673 ’.ἄλλον
2410 3616 2588 3692 πείσῃ.
2637 3618 2708 3673 Τὸ
2768 3618 2868 3693 γὰρ
2925 3616 2998 3678 εἷς
3056 3612 3347 3692 ἀπολογίαν
3401 3615 3833 3692 παρεσκευασμέ-

443 3701 675 3762 inducit
700 3708 765 3762 ut
792 3699 978 3778 magis
1011 3703 1401 3780 persuadeat:
1431 3721 1567 3762 nam
1601 3703 1755 3782 quod
1791 3705 1862 3765 ad
1891 3705 2075 3767 defen‘

2193 3729 2260 3763 ιον
2295 3705 2496 3780 μᾶλλον
2554 3703 2812 3765 ὕποπτον.
2853 3727 2880 3758 α
2917 3702 3162 3766 Πλείονος
3207 3704 3308 3782 γὰρ
3365 3701 3521 3771 δόξης
3581 3706 3753 3768 οὗτος.
3798 3729 3825 3759 ι

442 3792 674 3853 sionem
725 3799 990 3870 paratum
1043 3799 1153 3868 est,
1189 3790 1515 3870 suspicioni
1567 3792 1751 3870 magis
1801 3794 2068 3874 subjacet

2195 3797 2354 3851 εἰπὼν
2397 3796 2494 3861 τὴν
2565 3796 2696 3872 πρὸς
2757 3797 2954 3859 Μωσῆν
3015 3793 3232 3860 ἰσότητα
3297 3797 3384 3848 τοῦ
3443 3795 3690 3872 Χριστοῦ,
3736 3801 3827 3849 νῦν

453 3903 474 3938 σ
512 3878 720 3960 Majori
758 3878 946 3957 gloria
982 3878 1078 3939 hic
1110 3879 1346 3956 dignus.
1389 3903 1412 3937 ι)
1445 3879 1587 3940 Cum
1620 3880 1864 3942 dixisset
1892 3901 2085 3964 aequa-

2196 3884 2349 3964 ;pépa
2377 3884 2475 3950 τὴν
2505 3884 2778 3963 ὑπεροχὴν
2821 3881 2986 3962 λέγει,
3028 3904 3054 3935 α
3090 3879 3334 3946 Πλείονος
3407 3885 3580 3945 οὗτος.
3616 3901 3646 3940 ι
3695 3883 3828 3962 Tia;

441 3968 668 4030 litatem
709 3968 929 4029 Christi
971 3968 1040 4028 ad
1091 3969 1340 4042 Mosem,
1403 3986 1561 4028 nunc
1618 3970 1896 4048 paulatim
1949 3973 2069 4032 dixi

2201 4003 2205 4024 ι
2261 3975 2398 4030 κατὰ
2456 3973 2622 4051 σάρκα
2691 3972 2968 4047 νοούμενος
3014 3971 3261 4050 Χριστός,
3328 3993 3355 4026 α
3419 3972 3564 4049 Παρὰ
3626 3976 3833 4038 Μωσῆν

443 4057 885 4119 excellentiam.
947 4081 973 4111 τι
1024 4054 1240 4134 Majore
1288 4057 1408 4118 hic.
1458 4081 1483 4112 n
1543 4056 1730 4129 Quis?
1773 4058 1883 4131 Qui
1927 4061 2075 4141 juxta

2194 4062 2332 4130 ῑόξης
2375 4061 2614 4137 ἠξίωται,
2647 4061 2765 4118 καθ’
2821 4059 2966 4134 ὅσον,
3028 4062 3178 4140 φησὶ,
3238 4057 3454 4116 πλείονα
3510 4063 3673 4136 τιμὴν
3705 4059 3826 4141 ἔχει

440 4165 681 4208 carnem
706 4145 1055 4223 intelligitur
1085 4145 1376 4206 Christus.
1418 4147 1676 4225 «Majore
1702 4148 1889 4224 gloria
1918 4169 2072 4229 quan

2202 4158 2268 4207 :06
2297 4149 2472 4232 οἴκου,
2507 4153 2535 4207 6
2566 4151 2959 4214 κατασκευάσας
3008 4149 3183 4207 αὐτόν.
3238 4170 3262 4204 ι)
3323 4151 3422 4207 Νῦν
3466 4149 3564 4216 τὴν
3597 4151 3834 4216 ὑστάτην

442 4234 636 4296 Moses
695 4233 792 4293 hic
837 4233 1052 4312 dignus
1092 4243 1183 4293 est
1237 4233 1496 4308 habitus,
1531 4245 1747 4314 quanto
1805 4238 2074 4316 majoreu

2199 4242 2471 4320 νπεροχὴν,
2504 4241 2591 4296 καὶ
2649 4239 2749 4306 ὅση
2796 4246 2925 4295 Θεοῦ
2994 4239 3124 4317 πρὸς
3170 4237 3439 4316 ἄνθρωπον
3511 4237 3685 4317 λέγει,
3738 4240 3831 4296 καί

439 4323 618 4384 habet
669 4322 976 4409 honorem,
1018 4320 1068 4380 is
1149 4324 1247 4400 qui
1299 4325 1623 4385 construxit
1654 4325 1894 4386 domum
1919 4346 2071 4406 quan

2195 4353 2305 4409 ρησι
2341 4347 2354 4360 ⁸
2399 4331 2590 4393 Πιστὸς
2622 4329 2717 4404 μὲν
2757 4329 2821 4396 ἦν
2856 4333 3054 4394 Μωσῆς
3097 4326 3226 4405 ὑπὲρ
3277 4327 3450 4384 πάντα
3505 4328 3595 4383 τὸν
3644 4327 3827 4402 οἶκον,

442 4411 572 4490 ipsa
601 4411 838 4472 domus.
875 4434 902 4466 »
937 4408 1272 4470 Extremam
1305 4429 1460 4472 nunc
1500 4411 1666 4491 ponit
1697 4415 2074 4492 przeeminen

2201 4421 2434 4490 ῑουτέστι,
2469 4422 2560 4474 τὸν
2624 4418 2773 4476 λαόν.
2839 4417 2987 4485 Πλὴν
3035 4418 3122 4472 καὶ
3172 4417 3329 4480 αὐτὸς
3371 4424 3462 4473 τοῦ
3533 4415 3686 4474 οἴκου
3727 4417 3833 4492 ἧν,

443 4489 584 4562 tiam
606 4499 747 4560 535
777 4508 1112 4578 quantaque
1143 4507 1236 4560 est
1266 4497 1371 4560 Dei
1407 4501 1477 4560 ad
1500 4489 1837 4577 hominem,
1873 4515 1932 4566 et
1962 4511 2038 4565 ait
2073 4554 2075 4564 ,

2201 4512 2264 4565 ιαὶ
2292 4516 2384 4565 τοῦ
2411 4508 2541 4564 λαοῦ
2569 4511 2674 4572 εἷς,
2726 4514 2984 4566 Τοσοῦτον
3042 4505 3131 4562 οὖν
3175 4503 3416 4569 πλείονος
3486 4503 3641 4573 δόξης
3670 4509 3699 4562 6
3725 4529 3833 4562 κα·-

441 4589 666 4652 Fidelis
709 4590 950 4670 quidem
1000 4596 1128 4648 erat
1174 4591 1366 4650 Moses
1396 4607 1579 4669 super
1609 4598 1786 4651 totam
1822 4592 2062 4654 domum

2194 4599 2242 4656 τὰ
2270 4599 2436 4676 σάρκα
2481 4599 2704 4675 Χριστὸς
2735 4596 2877 4673 παρά
2925 4599 3125 4661 Μωσῆν
3153 4592 3421 4668 ἡξίωται,,
3481 4593 3601 4651 ὅσον
3661 4597 3826 4676 εἰκὸς,

437 4680 498 4742 id
530 4689 639 4750 est,
673 4679 978 4760 populum,
1010 4677 1138 4758 ipse
1170 4684 1368 4739 tamen
1420 4680 1597 4740 etiam
1648 4699 1715 4741 ex
1761 4681 1939 4742 domo
1970 4702 2069 4745 era

2197 4675 2348 4768 moi,
2388 4689 2478 4742 τὸν
2549 4684 2866 4765 δημιουργὸν
2927 4690 3016 4739 τοῦ
3095 4681 3588 4762 δημιουργήματος.
3654 4675 3829 4742 ιΟσον

435 4778 492 4832 et
546 4788 698 4832 unus
749 4787 781 4830 e
833 4767 1074 4856 populo.
1138 4765 1325 4856 Tanto
1381 4767 1564 4845 igitur
1614 4768 1884 4831 Christus
1921 4772 2067 4851 juxta

2195 4765 2295 4855 ίὰρ,
2332 4777 2460 4856 φησὶ
2489 4773 2705 4831 πλείονα
2735 4773 2898 4849 τιμὴν
2930 4771 3046 4851 ἔχει
3100 4782 3192 4831 τοῦ
3248 4772 3402 4828 οἴκου
3431 4775 3460 4828 6
3487 4774 3827 4832 κατασκευά-

438 4878 678 4922 carnem
742 4858 966 4937 majore
1021 4855 1208 4934 gloria
1260 4855 1474 4935 dignus
1508 4865 1597 4918 est
1647 4858 1882 4920 habitus
1913 4881 2070 4941 quan

2197 4888 2270 4928 τας
2302 4855 2480 4925 αὐτόν.
2513 4863 2683 4920 Οἶκον
2707 4864 2807 4940 γὰρ
2838 4861 3077 4933 ἐνταῦθα,
3137 4862 3227 4916 τὸν
3275 4859 3405 4916 λαὸν
3461 4863 3554 4917 σὺν
3586 4869 3662 4937 τῷ
3691 4869 3829 4918 Μω-

438 4951 654 5026 Moses,
687 4957 930 5029 quanto,
964 4945 1178 5027 inquit.
1214 4963 1448 5026 aequum
1463 4955 1552 5007 est
1575 4949 1912 5010 Creatorem
1931 4971 2070 5028 prae-

2200 4968 2260 5010 ἐῖ
2294 4953 2464 5033 λέγει,
2495 4950 2680 5019 ἐπειδὴ
2710 4953 2798 5007 καὶ
2829 4954 3054 5029 Μωσῆς,
3097 4950 3182 5012 εἶς
3237 4948 3304 5016 ἧν
3333 4957 3426 5008 τοῦ
3458 4948 3589 5006 λαοῦ
3622 4966 3636 4981 ⁸
3670 4972 3832 5018 ποιη-

437 5039 657 5099 cellere
714 5047 1035 5099 creaturae:
1072 5055 1232 5107 nam,
1269 5046 1488 5116 quanto
1525 5038 1839 5116 maiorem,
1872 5040 2063 5122 inquit

1365 5046 1488 5099 into
1525 5038 1839 5116 maiorem,
1872 5040 2086 5122 inquit,
2172 5045 2268 5109 τὴς
2311 5042 2364 5098 δὲ
2394 5049 2485 5098 τοῦ
2509 5040 2662 5098 οἴκου
2691 5043 2719 5096 ὁ
2749 5039 2997 5119 Χριστός.

435 5127 613 5187 habet
644 5127 932 5188 honorem
966 5126 1015 5186 is
1047 5125 1148 5206 qui
1180 5126 1421 5186 domum
1452 5127 1806 5202 construxit,
1867 5149 2040 5210 quam
2072 5132 2200 5211 ipsa
2250 5131 2488 5194 domus.
2547 5128 2857 5210 Siquidem
2915 5127 3158 5189 domum
3216 5127 3330 5188 hoc
3379 5127 3510 5191 loco
3540 5128 3830 5210 populum

431 5215 708 5294 appellat,
743 5214 844 5294 qui
875 5232 1008 5274 cum
1043 5215 1201 5274 Mose
1232 5223 1396 5277 erat:
1435 5216 1916 5296 quandoquidem
1947 5229 2006 5281 et
2039 5225 2226 5284 .‘itoses
2257 5239 2414 5284 unus
2443 5229 2568 5281 erat
2625 5237 2658 5280 e
2716 5216 2974 5299 populo:
3035 5223 3371 5279 exstructor
3425 5236 3560 5279 vero
3613 5220 3834 5282 domus

437 5311 562 5364 erat
591 5303 882 5364 Christus.

511 5390 612 5466 Ill,
632 5392 770 5454 4-6.
795 5393 1008 5451 Omnis
1032 5392 1193 5479 enim
1224 5391 1434 5454 domus
1464 5397 1856 5457 constituitur
1870 5396 1945 5459 ab
1969 5399 2086 5460 alti-

2255 5424 2278 5459 ιι
2342 5408 2448 5463 Πᾶς
2505 5401 2605 5479 γὰρ
2659 5398 2813 5461 οἶκος
2869 5397 3312 5468 κατασκευάζεται
3389 5398 3490 5454 ὑπό
3545 5419 3711 5460 τινος.
3769 5389 3828 5456 Ὀ

433 5483 777 5558 quo.Porro
807 5481 913 5560 qui
934 5478 1201 5541 condidit
1228 5483 1457 5561 omnia,
1485 5484 1645 5544 Deus
1678 5493 1764 5547 est
1796 5485 1877 5548 Et
1900 5491 2065 5550 Maso:

2197 5490 2220 5546 ὲ
2295 5492 2358 5547 τὰ
2455 5478 2626 5546 πάντα
2705 5487 3103 5548 κατασκευάσας
3202 5485 3356 5550 Θεός.
3456 5488 3553 5544 Καὶ
3627 5491 3827 5554 Μωσῆς

509 5649 572 5700 90
601 5650 793 5715 Exod.
831 5667 998 5720 xxni,
1037 5649 1090 5707 Ἴ.
