4132 6420
233 404 346 484 305
418 410 423 414 ’
1315 421 1711 489 COMMENT.
1757 421 1844 486 IN
1884 419 2127 487 EPIST.
2172 425 2277 490 AD
2316 427 2546 491 HEBR.
3497 415 3619 482 306

231 553 325 631 μὲν
380 554 571 618 πιστὸς
670 553 724 611 ἐν
806 552 919 629 ὅλῳ
944 559 1025 628 τῷ
1054 554 1194 631 οἴκῳ
1252 553 1411 613 αὐτοῦ
1506 556 1580 619 ὡς
1646 556 1863 636 θεράπω·

1983 554 2211 631 ῖιιὶάεηι
2237 556 2436 638 ﬁdelis
2461 558 2681 637 fuitin
2710 562 2836 621 tota
2865 556 3035 619 domo
3063 554 3233 619 illius
3273 553 3462 618 veluti
3488 554 3615 616 mi-

231 644 303 709 εἶς
393 643 676 723 μαρτύριον
734 648 840 699 τῶν
919 642 1395 720 λαληθησομένων.
1497 646 1720 725 Χριστὸς
1795 642 1863 726 δὲ1

1976 643 2176 718 ιίδῑεν,
2209 646 2277 708 in
2307 647 2654 710 testimonio
2682 662 2897 710 eorum
2943 662 3076 726 qum
3121 643 3381 708 dicenda
3410 648 3608 705 erant.

233 735 303 799 ὡς
367 733 510 806 Υἱὸς,
566 731 655 789 ἐπὶ
714 733 803 789 τὸν
876 734 1034 791 οἶκον
1090 738 1274 807 αὐτοῦ,
1367 736 1428 790 0-5
1505 733 1661 800 οἶκός
1717 733 1865 812 ὲσμεη

1983 730 2044 794 4t
2061 732 2338 798 Christus
2354 742 2647 817 tanquam
2662 734 2863 797 Filius
2884 734 3339 797 administravit
3365 732 3615 795 domum

232 824 413 900 ἡμεῖς,
471 822 563 879 ἐάν
616 821 718 902 πὲρ
801 822 902 890 τὴν
970 821 1263 902 παρῤησίαν
1356 824 1444 880 καὶ
1500 825 1560 881 τὸ
1617 823 1864 904 καύχημα

1979 821 2174 902 ipsius,
2226 826 2405 897 cuius
2459 826 2674 889 domus
2719 842 2929 888 sumus
2960 841 3095 898 nos,
3126 824 3182 886 si
3212 821 3503 902 loquendi
3531 820 3611 883 li-

231 918 326 981 τῆς
420 910 632 977 ἐλπίδος
737 910 901 993 μέχρι
1006 910 1188 977 τέλους
1282 910 1495 991 βεϐαίαν
1576 913 1863 995 κατάσχω-

1978 911 2245 975 iertatem
2274 920 2334 977 et
2359 913 2798 995 gloriationem
2819 918 2969 995 spei,
2987 913 3066 976 ad
3085 912 3268 993 ﬁnem
3285 928 3477 992 usque
3494 909 3610 991 ﬁr-

230 1025 349 1081 μεν.
385 1027 414 1060 1

1958 1018 2121 1063 mam
2159 1005 2563 1067 tenuerimus.

306 1090 525 1160 Ἐπειδὴ
556 1092 715 1149 οἶκον
741 1094 834 1150 τὸν
888 1091 1014 1149 ὶαὸν
1075 1092 1165 1149 καὶ
1219 1092 1310 1149 τὸν
1368 1094 1568 1160 Μωσῆν
1626 1092 1875 1150 ἐκάλεσεν

2038 1091 2330 1166 Quoniam
2361 1094 2609 1158 domum
2661 1101 2980 1159 vocaverat
3024 1093 3311 1176 populum
3337 1099 3397 1156 et
3424 1092 3603 1156 etiam

229 1181 457 1260 ἐνέμεινε
484 1188 555 1257 τῇ
604 1188 802 1260 τροπῇ,
872 1183 962 1240 καί
1017 1203 1148 1264 φησι
1181 1197 1197 1213 ·
1278 1183 1666 1263 Δημιούργημα
1734 1185 1861 1240 οὗτο

1977 1185 2185 1261 tiosen,
2218 1185 2545 1266 permansit
2584 1184 2647 1247 in
2679 1195 2869 1267 tropo,
2905 1192 2965 1247 et
2993 1183 3077 1246 ait
3107 1202 3122 1248 :
3158 1184 3442 1247 Creatura
3470 1188 3609 1245 sunt

227 1274 322 1330 εἶσι
349 1272 438 1329 καὶ
466 1268 664 1333 δοῦλοι.
700 1273 774 1329 Οὔ
809 1271 912 1351 γὰρ
953 1268 1028 1327 ἔνι
1060 1271 1239 1346 οἶκος,
1273 1273 1318 1328 εἰ
1346 1272 1424 1347 μή
1466 1293 1516 1327 τι
1546 1272 1859 1329 κατεσκευά-

1973 1272 2018 1333 1i
2048 1279 2222 1354 atque
2254 1274 2431 1336 servi.
2466 1273 2595 1336 Non
2643 1274 2805 1336 enim
2855 1273 3149 1355 contingit
3196 1289 3330 1337 esse
3361 1272 3605 1334 domum

226 1364 347 1428 σθη.
378 1361 801 1420 Κατεσκεύασται
829 1358 885 1416 δὲ
914 1362 986 1443 τᾷ⁸
1027 1360 1222 1437 πάντα,
1258 1359 1373 1438 μεθ’
1426 1362 1500 1417 ὧν
1561 1360 1655 1418 καί
1697 1362 1725 1418 ὀ
1777 1362 1858 1418 οῖ-

1975 1361 2070 1422 ]ἰεί
2129 1362 2352 1443 aliquid
2412 1371 2748 1426 exstruatur
2797 1382 2811 1426 :
2865 1370 3162 1426 exstructa
3217 1369 3355 1423 sunt
3410 1367 3607 1422 autem

223 1473 317 1516 κος
344 1451 447 1508 ὑπὸ
475 1460 569 1510 τοῦ
638 1455 887 1531 Χριστοῦ.
948 1438 1130 1517 ”Οσην
1199 1450 1287 1507 οὗν
1331 1452 1495 1523 εἰκὸς,
1555 1451 1706 1532 φησὶ,
1752 1447 1855 1507 δια·

1970 1449 2157 1513 omnia
2175 1470 2210 1513 a
2229 1438 2493 1529 Christo,
2528 1453 2684 1515 inter
2716 1472 2849 1535 quae
2876 1454 3055 1515 etiam
3087 1457 3178 1514 est
3208 1451 3339 1532 ipsa
3367 1449 3602 1512 domus.

224 1540 384 1621 φορὰν
453 1538 605 1621 ἔχειν
676 1539 908 1608 ποιητὴν
962 1540 1288 1615 ποιήματος,
1359 1541 1620 1608 τοσαύτην
1675 1538 1793 1621 ἔχει
1846 1544 1856 1595 ε

1975 1538 2244 1613 luantam
2279 1560 2416 1620 ergo
2447 1560 2680 1623 {equum
2700 1550 2789 1604 est
2808 1549 2869 1604 ut
2898 1541 3111 1603 habeat
3142 1539 3607 1621 praecellentiam

227 1630 452 1701 Χριστὸς
508 1630 642 1708 πρὸς
688 1634 911 1695 Muto-73v.
970 1651 997 1682 α
1035 1630 1131 1686 Καὶ
1188 1634 1388 1694 Μωσῆς
1443 1630 1540 1707 μὲν
1606 1631 1791 1695 πιστὸς
1819 1632 1859 1686 επ

1972 1647 2008 1691 ιε
2036 1629 2137 1711 qui
2169 1630 2436 1692 condidit
2466 1650 2647 1713 supra
2687 1650 2838 1713 opus
2867 1630 3024 1710 quod
3056 1629 3345 1702 condidit,
3384 1636 3604 1690 tantam

222 1718 333 1793 ὅλῳ
374 1721 451 1794 τῷ
492 1718 634 1793 οἴκῳ
665 1719 844 1776 αὐτοῦ.
882 1739 910 1773 ιι
958 1717 1096 1775 Εἶτα
1154 1721 1241 1775 καὶ
1272 1716 1439 1787 ἄλλην
1498 1717 1641 1798 λέγει
1698 1716 1854 1799 διαφο

1972 1719 2137 1781 habet
2183 1718 2449 1783 Christus
2480 1739 2660 1803 supra
2688 1725 2917 1785 Mosen.
2954 1745 2982 1777 α
3014 1720 3089 1782 Et
3138 1723 3329 1782 Moses
3361 1718 3604 1801 quidem

223 1809 315 1889 ραν
346 1815 575 1888 Χριστοῦ
599 1808 689 1864 καὶ
739 1805 995 1882 Μωσέως,
1055 1805 1135 1863 ὅτι
1193 1809 1221 1864 ὁ
1291 1807 1387 1885 μὲν
1430 1810 1503 1873 ὡς
1574 1806 1755 1871 δοῦλος
1810 1807 1855 1875 ἧι

1969 1805 2153 1868 ﬁdelis
2197 1807 2304 1869 fuit
2350 1807 2411 1869 in
2457 1816 2574 1871 tota
2617 1808 2794 1871 domo
2852 1809 3034 1872 illius.
3090 1833 3118 1865 λι
3163 1807 3394 1873 Deinde
3424 1806 3601 1869 aliam

222 1900 434 1978 πιστὸς,
465 1899 494 1956 ὁ
522 1895 576 1953 δὲ
619 1898 693 1960 ὡς
727 1897 846 1960 Υἱος
915 1896 1134 1975 γνήσιος
1170 1897 1257 1954 καὶ
1311 1898 1616 1973 ὁμοούσιος.
1655 1894 1854 1955 Ἐπειδί

1970 1914 2195 1977 ιιιοίιυε
2210 1896 2377 1978 ponit
2393 1898 2790 1961 differentiam
2810 1899 3186 1963 interMosen
3204 1904 3262 1959 et
3275 1897 3602 1971 Christum,

225 1989 324 2067 γὰρ
367 1986 477 2043 ἄνω
525 1986 716 2043 πιστὸν
757 1983 977 2041 ἐκάλεε-ε
1020 1986 1110 2041 τὸν
1166 1986 1410 2065 Χριστὸν,
1469 1988 1655 2043 πιστὸν
1685 1984 1740 2041 δὲ
1786 1990 1857 2043 κα

1974 1986 2111 2067 ιιιοά
2140 1986 2245 2050 ille
2274 1988 2513 2069 quidem
2551 1998 2830 2069 tanquam
2865 2006 3070 2050 servus
3105 1994 3230 2049 erat
3261 1984 3476 2060 ﬁdelis,
3511 1986 3606 2048 hic

225 2079 317 2134 τὸν
344 2080 567 2155 Mue-Tw,
608 2074 704 2142 τὴν
734 2072 983 2153 διαρορὰν
1009 2096 1102 2131 του
1145 2080 1332 2132 πιστοῦ
1390 2074 1683 2153 ἐξηγεῖται,
1724 2098 1752 2131 α
1787 2078 1857 2134 Εἷς

1972 2093 2091 2136 πετο
2122 2084 2399 2157 tanquam
2430 2077 2614 2140 Filius
2639 2077 2924 2140 naturalis
2954 2085 3012 2139 et
3025 2075 3295 2157 ejusdem
3322 2073 3604 2137 substan-

226 2165 512 2245 μαρτύριον
560 2169 662 2220 τῶν
708 2162 1182 2239 λαληθησομένων.
1222 2185 1247 2221 ι)
1311 2165 1398 2227 Είς
1454 2165 1517 2221 τὸ
1559 2165 1698 2221 εἶναι
1730 2165 1858 2245 μάρ.

1978 2163 2068 2228 iaa.
2134 2163 2423 2238 Quoniam
2506 2167 2665 2228 enim
2740 2166 3016 2248 superius
3087 2164 3327 2226 ﬁdelem
3382 2162 3607 2225 vocavit

226 2276 359 2334 τυρα
425 2257 531 2309 τῶν
589 2250 925 2328 λαλουμένων
979 2253 1121 2331 παρὰ
1186 2258 1316 2309 Θεοῦ
1384 2265 1502 2334 τοῖς
1575 2250 1858 2327 Ἰουδαίοις,

1974 2251 2269 2328 lhristum,
2306 2255 2540 2318 ﬁdelem
2572 2266 2773 2317 autem
2825 2263 2884 2316 et
2934 2253 3158 2323 Mosen,
3193 2259 3393 2315 narrat
3428 2251 3606 2314 diffe-

225 2331 320 2401 ’ἵνα
349 2342 429 2419 μὴ
458 2341 512 2399 ἐν
541 2346 705 2421 καιρῷ
732 2341 951 2421 κρίσεως
1009 2341 1363 2421 ἀρτήσωνται.
1428 2331 1595 2405 ’Ἐθος
1645 2343 1763 2421 ’γὰρ
1791 2349 1857 2417 τᾷ

1973 2341 2202 2403 'entiam
2234 2346 2293 2404 in
2325 2344 2632 2407 ﬁdelitate.
2668 2367 2691 2402 α
2718 2343 2784 2406 In
2815 2341 3223 2405 testimonium
3241 2359 3449 2404 eorum
3474 2359 3605 2422 quae

228 2440 346 2507 Θεῷ
373 2433 460 2490 καὶ
499 2432 714 2512 οὐρανὸν
769 2432 859 2487 καὶ
916 2433 1018 2512 γῇλν
1086 2431 1176 2487 καὶ
1243 2431 1519 2511 φάραγγας
1587 2429 1860 2511 προσλαμ-

1977 2431 2208 2494 licenda
2236 2440 2469 2494 erant.»
2508 2432 2581 2496 Ut
2611 2432 2779 2495 testis
2809 2440 2965 2496 esset
2998 2450 3206 2494 eorum
3229 2448 3361 2511 quae
3381 2428 3609 2494 Judaeis

224 2522 398 2581 δάνειν
428 2523 501 2586 εἰς
531 2508 841 2600 μαρτυρίαν.
879 2542 904 2576 α
932 2508 1163 2578 θ”Ακουε
1183 2508 1520 2603 γὰρ,ίφησὶν,
1551 2508 1756 2602 οὖρανὲ,
1781 2523 1856 2578 κατ

1976 2519 2585 2599 licerenturaDeo,ne
2615 2522 2827 2604 iudicii
2846 2533 3116 2603 tempore
3144 2521 3207 2583 id
3241 2508 3460 2583 factum
3477 2536 3608 2582 esse

219 2614 484 2692 ὶνωτίζου,
503 2613 540 2680 ἡ
561 2612 661 2689 TK.
686 2629 715 2668 )
746 2610 844 2668 Καὶ
871 2607 1029 2667 πάλιν
1065 2625 1078 2639 ⁸
1119 2632 1148 2665 α
1183 2606 1491 2685 Ἀκούσατε,
1519 2610 1806 2691 φάραγγες,
1838 2631 1851 2668 1

1972 2610 2400 2689 legareut.Deo
2425 2612 2584 2674 enim
2635 2612 2821 2675 moris
2853 2618 2942 2674 est
2963 2620 3020 2673 et
3048 2611 3262 2674 caelum
3298 2617 3357 2672 et
3386 2615 3604 2670 terram

217 2736 297 2748 —
313 2723 337 2759 α
366 2702 590 2780 Χριστὸς
614 2697 671 2755 δὲ
702 2700 776 2762 ὡς
808 2698 952 2763 Υἱός.
987 2721 1011 2758 n
1048 2699 1199 2757 Εἶκαὶ
1218 2697 1317 2778 γὰρ
1336 2700 1544 2778 πιστὸς,
1564 2700 1717 2780 φησὶ,
1743 2721 1849 2778 παρ

1971 2718 2023 2761 ιο
2038 2699 2219 2762 valles
2239 2699 2301 2761 in
2330 2701 2736 2764 testimonium
2776 2719 3101 2763 assumere.
3128 2724 3153 2756 (ι
3174 2697 3352 2774 Audi,
3383 2696 3603 2779 inquit,

220 2791 352 2868 ἒμοῦ
390 2791 722 2867 ὠνόμασται,
755 2786 875 2845 ἀλλ’
933 2789 1006 2854 ὡς
1050 2789 1170 2854 Υἱὸς
1214 2787 1433 2865 γνήσιός
1501 2790 1613 2845 εστι
1655 2789 1852 2862 πιστὸςε

1970 2788 2202 2870 :oelum,
2235 2796 2294 2851 et
2322 2789 2568 2852 auribus
2604 2790 2868 2873 percipe.
2901 2798 3062 2852 terra
3087 2788 3204 2848 εί.»
3239 2788 3313 2851 Et
3339 2804 3602 2850 rursum:

218 2883 282 2939 τὸ
312 2885 562 2959 Πατρῷον
590 2876 922 2956 ἀποπληρῶν
960 2875 1195 2953 θέλημα,
1227 2875 1432 2952 μᾶλλον
1486 2874 1542 2933 δὲ
1598 2878 1661 2935 τὸ
1690 2878 1850 2935 κοινὸπ

1973 2877 2240 2952 ιΑυόίιε,
2263 2880 2466 2941 valles.
2485 2896 2586 2942 1-
2613 2880 2723 2942 «At
2755 2878 3025 2943 Christus
3056 2886 3333 2959 tanquam
3354 2875 3605 2937 Filius.»

216 2976 318 3038 τῆς
376 2971 528 3049 ἁγίας
599 2966 840 3047 Τριάδος.
909 2985 937 3025 ε
1010 2969 1084 3025 Οὗ
1162 2965 1316 3031 οἶκός
1400 2964 1559 3043 ἐσμεν
1611 2968 1848 3043 ἡμεῖς.ι

1970 2967 2101 3029 Nam
2133 2966 2272 3031 licet
2302 2987 2335 3030 a
2369 2987 2485 3042 me,
2510 2969 2726 3051 inquit,
2771 2969 3109 3030 nominatus
3139 2967 3215 3029 sit
3242 2965 3464 3047 ﬁdelis,
3495 2965 3602 3028 sed

215 3064 289 3118 Οὔ
358 3064 584 3141 Χριστοῦ
645 3057 802 3121 οἶκός
898 3055 1058 3131 ἐσμεν
1161 3059 1209 3113 οἱ
1293 3057 1491 3131 πιστοὶ,
1579 3057 1715 3113 κατὰ
1782 3078 1847 3133 τοι

1972 3074 2228 3137 ,anquam
2261 3057 2449 3120 Filius
2480 3059 2769 3121 naturalis
2800 3066 2889 3120 est
2910 3057 3126 3133 ﬁdelis,
3157 3058 3477 3119 Paternam
3499 3073 3604 3118 ex-

221 3172 245 3205 ι
284 3148 589 3220 Ἐνοικήσω
616 3147 672 3204 ἐν
714 3149 920 3211 αὒτοτς.
963 3169 987 3202 ι
1029 3179 1103 3192 -
1131 3167 1153 3201 α
1189 3145 1318 3203 Ἐὰν
1369 3167 1467 3226 περ
1508 3146 1605 3215 τὴν
1658 3145 1853 3225 παῤῥη-

1974 3144 2122 3206 )lens
2146 3146 2534 3222 voluntatem,
2571 3148 2759 3227 magis
2801 3156 3001 3210 autem
3052 3165 3183 3208 eam
3226 3163 3359 3227 quae
3386 3151 3606 3207 sanctaa

212 3239 354 3300 σίαν.
396 3260 421 3295 ι
455 3237 721 3314 Ἐσόμεθα
750 3235 907 3296 αὖτοῦ
936 3236 1110 3306 οἶκος,
1184 3234 1273 3291 ἐὰν
1307 3237 1386 3312 μὴ
1421 3234 1844 3314 ἐγκαλυπτώμεθε

1974 3232 2225 3296 l‘rinitati
2246 3237 2582 3298 communis
2603 3244 2709 3298 est.
2725 3236 2943 3317 «Cujus
2966 3235 3180 3297 domus
3207 3251 3412 3296 sumus
3434 3251 3606 3295 uos.»

214 3327 302 3385 ἐπὶ
328 3335 400 3405 τῇ
430 3329 503 3392 είς
535 3327 692 3384 αὐτὸν
720 3325 919 3400 πίστει,
977 3323 1114 3382 ἆλλᾶ
1193 3325 1328 3401 μετὰ
1383 3323 1674 3405 παρρησίας
1731 3346 1846 3383 καυ-

1974 3323 2134 3403 Jujus
2181 3322 2399 3386 Christi
2443 3324 2658 3387 domus
2711 3342 2920 3387 sumus
2971 3320 3203 3398 ﬁdeles,
3249 3321 3397 3384 556
3439 3322 3606 3402 juxta

214 3418 467 3498 χώμεθα,
542 3416 633 3473 καὶ
689 3415 757 3473 τὰ
798 3415 1012 3495 χρηστὰ
1071 3413 1333 3490 λήψεσθαι
1386 3412 1512 3493 παρ’
1588 3416 1747 3472 αὐτοῦ
1792 3417 1846 3472 ὡς

1975 3411 2137 3474 llud:
2172 3434 2195 3470 α
2222 3411 2579 3476 Inhabitabo
2616 3413 2677 3475 in
2729 3413 2849 3475 illis
2868 3413 2945 3473 99.
2979 3437 3002 3470 ιο
3044 3448 3119 3459 -
3148 3435 3175 3467 α
3211 3412 3274 3475 Si
3319 3409 3604 3492 loquendi

217 3516 351 3565 Θεου
377 3506 698 3586 ἔλπίζωμεν,
729 3504 809 3581 μὴ
858 3503 1200 3581 σαλευόμενοι
1258 3502 1394 3581 μηδὲ
1440 3502 1769 3576 διστάζοντες
1813 3504 1849 3561 ἕε

1979 3501 2243 3564 ibertate.
2278 3527 2306 3560 ι
2332 3502 2572 3565 Erimus
2597 3502 2811 3565 domus
2840 3502 3028 3584 ipsius
3060 3501 3112 3563 si
3143 3519 3262 3563 nou
3294 3499 3611 3563 erubueri-

209 3617 343 3659 τινι,
1948 3609 2082 3652 mus
2113 3591 2188 3653 ob
2223 3591 2402 3653 ﬁdem
2434 3611 2565 3674 qua
2604 3591 2801 3675 ipsum
2851 3599 2962 3667 est,
3025 3590 3133 3653 sed
3187 3607 3325 3652 cum
3370 3586 3611 3660 dicendi

214 3685 496 3748 libertate
522 3682 889 3761 gloriemur:
926 3686 984 3742 et
1012 3697 1147 3762 quae
1201 3679 1350 3743 utila
1407 3686 1547 3742 sunt
1593 3677 1668 3742 ab
1725 3679 1856 3762 ipso
1906 3686 2186 3762 tanquam
2246 3699 2280 3743 a
2337 3681 2458 3744 Deo
2517 3701 2626 3744 nos
2681 3688 3037 3764 accepturos
3091 3698 3427 3762 speremus,
3492 3697 3614 3742 non

216 3773 592 3845 vacillantes,
626 3790 740 3835 nec
770 3770 832 3833 in
861 3769 1060 3853 aliquo
1087 3768 1450 3834 dubitantes.

305 3888 337 3921 α
373 3866 467 3921 Διὸ
496 3863 672 3925 καθὼς
715 3861 858 3941 λέγει
887 3863 946 3918 τὸ
999 3867 1214 3937 Πνεῦμα
1266 3863 1327 3917 τὸ
1381 3861 1558 3940 ἅγιον,
1625 3861 1870 3940 Σήμερον

2032 3858 2134 3936 ΙΙΙ,
2184 3861 2365 3925 7-11.
2429 3861 2830 3943 θυεερνορῑεν
2896 3863 3055 3925 sicut
3119 3861 3271 3923 dicit
3343 3858 3613 3940 Spiritus

220 3955 312 4012 ἐὰν
365 3958 467 4021 τῆς
523 3957 707 4033 φωνῆς
780 3955 938 4010 αὐτοῦ
1019 3950 1277 4018 ἀκούσητε
1288 3998 1305 4024 ,
1381 3951 1459 4026 μὴ
1541 3949 1852 4030 σκληρύνητε

1975 3957 2238 4012 unctus:
2269 3950 2467 4013 Hodie
2488 3952 2544 4013 si
2561 3968 2760 4014 vocem
2779 3951 2906 4031 ejus
2932 3950 3281 4027 audieritis,
3311 3946 3389 4010 ne
3411 3946 3607 4010 obdu-

215 4045 314 4107 τὰς
369 4040 587 4121 καρδίας
640 4042 813 4116 ὑμῶν.
865 4042 939 4104 ὡς
994 4039 1046 4096 ἐν
1117 4044 1195 4113 τῷ
1270 4047 1698 4119 παραπικρασμῷ
1766 4062 1847 4096 κα·

1975 4042 2103 4099 'etis
2157 4038 2343 4099 corda
2390 4044 2610 4114 vestra,
2659 4040 2820 4101 sicut
2878 4037 3351 4102 exacerbatione
3403 4036 3607 4098 indie

212 4137 284 4193 τὰ
350 4136 452 4202 τὴν
519 4133 727 4213 ἡμέραν
782 4138 876 4189 τοῦ
927 4140 1224 4210 πειρασμοῦ
1275 4129 1330 4186 ἰν
1397 4136 1468 4208 τῇ
1535 4130 1740 4211 ἐρήμῳ,
1813 4152 1842 4187 ο

1977 4127 2311 4188 entationis
2341 4127 2408 4188 in
2434 4126 2819 4204 deserto,ubi
2848 4132 3240 4191 tentaverzmt
3266 4142 3362 4187 me
3389 4124 3609 4186 Patres

214 4224 504 4302 ἑπειρασὰν
562 4245 629 4298 με
686 4224 735 4279 οἱ
827 4220 1050 4302 πατέρες
1132 4219 1304 4295 ὐμῶν,
1382 4217 1734 4295 Ἐδοκίμασάν
1806 4243 1846 4297 μ

1978 4214 2165 4296 vestri,
2205 4214 2629 4294 probaverunt
2676 4233 2774 4278 me
2823 4224 2882 4280 et
2927 4215 3215 4279 viderunt
3261 4230 3449 4296 opera
3476 4230 3610 4276 mea

212 4313 315 4369 καὶ
399 4309 541 4369 εἶδον
587 4312 656 4369 τὰ
711 4308 839 4391 ἔργα
919 4310 1048 4385 ἶμου
1116 4309 1503 4389 τεσσαράκοντα
1560 4308 1678 4376 ἔτη.
1781 4318 1841 4365 Δι

1978 4303 2368 4384 ιααάναρίηια
2399 4307 2600 4368 anuis.
2639 4306 3028 4387 Quapmpter
3056 4305 3331 4386 infensus
3375 4304 3476 4383 fui
3503 4320 3610 4383 ge-

218 4398 573 4480 προσώχθισα
725 4405 882 4479 γενεᾷ
942 4399 1141 4474 εκείνη,
1202 4399 1288 4454 καὶ
1341 4411 1521 4472 ε’ῑπον,
1564 4396 1676 4455 Ἀεὶ
1726 4396 1850 4455 πλα-

1979 4394 2264 4457 terationi
2294 4394 2417 4471 illi,
2451 4402 2511 4459 et
2538 4395 2674 4459 diui
2705 4418 2717 4460 :
2752 4395 3008 4476 Semper
3035 4394 3103 4458 hi
3140 4400 3355 4458 errant
3385 4393 3566 4456 corde
3586 4415 3611 4465 ,-

220 4497 421 4546 νῶνται
448 4494 515 4566 τῇ
808 4488 963 4546 Αὐτοὶ
1016 4486 1072 4544 δὲ
1144 4489 1237 4544 οὐκ
1294 4485 1529 4567 ἔγνωσαν
1586 4487 1681 4552 τὰς
1724 4484 1852 4544 ὁδοὺς

1980 4486 2076 4563 psi
2102 4500 2246 4545 vero
2278 4502 2398 4547 non
2422 4491 2833 4565 cognoverunt
2863 4490 2996 4548 vias
3023 4501 3210 4561 meas,
3236 4488 3306 4546 ut
3331 4485 3612 4561 iurarem

220 4600 357 4659 μου,
400 4579 473 4642 ὡς
515 4577 703 4655 ὤμοσα
731 4577 786 4635 ἐν
812 4584 882 4655 τῇ
1119 4598 1223 4653 μου
1276 4577 1320 4633 εἰ
1377 4575 1758 4634 εἰσελεύσονται
1802 4577 1852 4632 εἰ.

1802 4577 1875 4643 εἷς
1956 4572 2025 4633 in
2055 4573 2153 4633 ira
2185 4590 2322 4636 mea
2349 4574 2407 4636 si
2437 4573 2781 4637 introibant
2810 4575 2877 4637 in
2906 4574 3174 4655 requiem
3204 4590 3422 4636 meam.

220 4668 329 4737 τὴν
356 4668 679 4724 κατάπαυσίν
707 4689 830 4744 μω,
884 4690 909 4721 ιι
1897 4668 1938 4719 D

310 4758 487 4816 Εἰπὼν
516 4755 597 4814 ὅτι
640 4758 752 4839 χρὴ
794 4757 862 4815 τὰ
910 4755 1124 4837 χρηστὰ
1193 4753 1420 4827 ἐλπίζειν
1447 4755 1589 4835 παρὰ
1616 4757 1710 4813 τοῦ
1741 4761 1873 4836 Χρι-

2037 4753 2150 4818 Ubi
2175 4754 2325 4817 dixit
2348 4756 2504 4836 quod
2539 4763 2813 4836 oporteat
2831 4755 2999 4818 utilia
3029 4772 3271 4837 sperare
3286 4771 3321 4815 a
3343 4754 3602 4830 Christo,

218 4854 355 4907 στοῦ
384 4856 473 4906 νῦν
500 4867 661 4926 φησιν
694 4844 775 4902 ὅτι
824 4845 885 4902 οὒ
938 4843 1021 4902 δεῖ
1076 4845 1207 4924 πρὸς
1264 4843 1361 4911 τὴν
1419 4844 1594 4901 πίστιν
1647 4845 1734 4900 καὶ
1777 4845 1846 4912 τὴ

1980 4863 2117 4906 ωηο
2145 4843 2227 4906 ait
2258 4844 2417 4926 quod
2448 4844 2518 4907 ad
2554 4844 2733 4907 (idem
2758 4851 2817 4908 et
2852 4863 3024 4926 spem
3072 4844 3246 4906 istam
3276 4861 3397 4906 non
3429 4861 3612 4924 opor-

214 4933 412 4994 ἐλπίδα
438 4935 637 5002 ταύτην
673 4932 1070 5012 ἆποσκληρῦναι
1125 4933 1225 5001 τὴν
1267 4930 1480 5012 καρδίαν
1547 4934 1725 5011 ἡμῶν³
1785 4933 1841 4989 ’ἰν

1985 4943 2079 4994 eat
2106 4932 2401 4995 abdurare
2417 4934 2598 4996 corda
2619 4942 2839 5009 nostra,
2851 4951 2926 4996 ne
2944 4931 3615 5015 contingantnobisquze

214 5027 302 5104 μὴ
349 5025 606 5101 πάθωμεν
652 5022 788 5103 ἅπερ
858 5026 906 5081 οἱ
959 5023 1015 5079 ἐν
1084 5028 1152 5099 τῇ
1224 5022 1408 5101 ἐρήμῳ
1488 5022 1846 5094 ἆπιστήσαντε

1977 5022 2339 5102 :ontigerunt
2386 5022 2477 5085 his
2508 5022 2608 5104 qui
2639 5023 2699 5083 in
2749 5021 2986 5085 deserto
3017 5021 3258 5084 fuerunt
3286 5021 3609 5087 increduli.

214 5115 541 5192 πεπόνθασι.
575 5113 649 5171 Τὸ
669 5110 724 5168 δὲ
795 5113 1048 5190 σήμερον,
1110 5112 1171 5168 τὸ
1221 5111 1301 5167 ἀεὶ
1355 5109 1537 5186 δηλοῖ,
1597 5112 1725 5168 ὡσεὶ
1752 5109 1846 5168 ἕλει

1981 5111 2153 5174 Hodie
2202 5120 2423 5189 autem,
2470 5111 2765 5192 signiﬁcat
2812 5128 3069 5192 semper,
3120 5129 3188 5173 ac
3234 5111 3286 5173 si
3336 5111 3613 5175 diceret:

217 5224 320 5283 γεν
368 5219 383 5232 ·
420 5191 559 5261 ﬂ01a
622 5199 688 5271 δή
758 5222 888 5258 ποτε
925 5201 1012 5259 καὶ
1066 5199 1165 5266 ἕως
1220 5199 1330 5257 ἐστί
1382 5201 1445 5257 τὸ
1512 5202 1744 5280 σήμερον
1789 5201 1849 5259 ἑὰ

1993 5199 2448 5282 luandocunque
2479 5191 2723 5284 etquod
2756 5191 3091 5283 appellatur
3124 5199 3254 5263 dies
3275 5200 3625 5283 hodiernus,

222 5291 494 5359 ἀκούσητε
548 5292 649 5359 τὴν
706 5291 887 5372 φωνην
955 5296 1048 5348 τοῦ
1144 5286 1429 5351 καλοῦντος
1491 5295 1735 5369 Χριστοῦ,
1797 5289 1854 5365 μὶ

1990 5287 2017 5349 υἱ
2047 5289 2354 5352 audieritis
2398 5308 2604 5352 vocem
2656 5290 2953 5373 loquentis
3000 5290 3243 5368 Christi,
3287 5309 3366 5353 ne
3394 5290 3530 5353 duri
3561 5299 3622 5354 et

222 5378 452 5461 σκληροὶ
493 5380 583 5436 καὶ
638 5377 873 5450 δυσήνιω
901 5378 1124 5458 γένησθε
1155 5378 1248 5442 τὰς
1317 5375 1528 5457 καρδίας
1587 5379 1659 5441 εἷς
1714 5380 1774 5434 τὸ
1805 5402 1854 5455 μη

1985 5379 2224 5441 aﬂ‘renes
2273 5379 2614 5442 etﬁciamini
2659 5380 2943 5443 cordibus
2985 5381 3059 5443 ad
3103 5400 3224 5444 non
3252 5379 3617 5443 audiendum

219 5470 453 5527 ἀκοῦσαι
482 5469 664 5532 αὗτοῦ,
728 5490 754 5527 ι
787 5467 876 5535 Μὴ
926 5467 1279 5548 σκληρύνητε.
1316 5490 1345 5522 ι
1420 5469 1493 5525 Τὸ
1522 5467 1621 5546 γὰρ
1652 5466 1851 5547 σκληρὸ

1991 5486 2181 5548 psum.
2225 5490 2248 5526 «ι
2275 5467 2363 5530 Ne
2392 5467 2721 5532 obduretis.
2756 5494 2783 5526 ι
2811 5468 3037 5533 Durum
3071 5470 3231 5533 enim
3257 5477 3347 5533 est
3376 5468 3438 5531 id
3461 5466 3620 5551 quod

220 5563 318 5617 καὶ
389 5555 659 5616 δύσεικτον
714 5558 806 5614 καὶ
861 5557 1127 5634 ἀκαμπὲς,
1190 5556 1320 5635 πρὸς
1376 5556 1467 5612 τὸν
1510 5553 1852 5636 διαλεγόμενί

1987 5574 2119 5636 egre
2151 5556 2545 5639 obtemperat,
2580 5564 2640 5621 et
2662 5559 2825 5624 ﬂecti
2865 5577 2987 5622 non
3020 5566 3216 5642 potest
3243 5558 3318 5622 ad
3348 5576 3485 5621 cum
3515 5557 3619 5640 qui

306 5718 363 5771 91
394 5717 570 5783 Deut.
603 5730 794 5792 χχιιι,
829 5722 885 5781 1.
918 5714 976 5769 29
1005 5714 1190 5780 Lavit.
1222 5732 1385 5795 xxvx,
1426 5715 1498 5781 12
1528 5740 1544 5797 ;
1580 5714 1632 5780 ll
1655 5714 1792 5781 Cor.
1821 5734 1903 5797 v1,
1941 5718 2037 5781 t6.
