4132 6460
524 462 641 529 301
1236 448 1241 453 ’
1642 461 2054 527 OECUMENII
2098 460 2394 523 ramea
2436 457 2777 525 EPISCOPI
3779 454 3881 525 308

521 597 1027 662 disserit.«Corda
1058 605 1306 660 vestra.»
1339 595 1579 659 Etenim
1607 592 1916 672 Israelitae,
1945 592 2153 676 inquit,

2250 596 2413 656 εστιν.
2474 615 2499 653 (ι
2533 596 2637 659 Τὰς
2692 592 2904 675 καρδίας
2954 597 3129 671 ὑμῶν.
3177 617 3205 650 ι
3271 594 3369 653 Καὶ
3411 594 3510 674 γὰρ
3580 597 3627 651 οἱ
3684 592 3882 676 Ἰσραη-

521 687 671 750 duro
702 686 882 749 corde
910 687 1073 763 facti,
1113 684 1618 748 exacerbaverunt
1648 695 1708 745 et
1737 683 1809 745 ad
1840 683 1990 744 iram
2022 702 2153 765 pro-

2249 686 2416 766 λῖται,
2490 686 2641 766 φησὶ,
2706 683 2928 765 σκληροὶ
2975 686 3070 749 τὰς
3119 682 3330 762 καρδίας
3392 684 3691 763 γενόμενοι,
3756 708 3881 766 παρ-

521 783 882 839 vocaverunt
923 775 1109 838 Deum
1167 775 1266 855 qui
1315 773 1462 854 ipsis
1500 772 1871 855 loquebatur.
1913 797 1940 827 α
1973 772 2040 833 1η
2071 772 2153 833 die

2249 773 2530 854 επίκραναν
2556 775 2649 831 τὸν
2678 773 2940 832 λαλοῦντα
2971 776 3152 840 αὐτοῖς
3190 774 3343 837 Θεόν.
3382 794 3406 829 ι
3443 773 3592 830 Κατὰ
3621 774 3718 841 τὴν
3754 775 3881 850 ἡμέ-

522 865 887 928 tentationis.
929 888 953 924 ι)
984 864 1055 926 Ει
1085 862 1274 944 qualis
1321 863 1436 925 fuit
1483 864 1611 926 haec
1635 861 2006 924 exacerbatio
2037 879 2154 942 qua

2251 885 2344 942 ραν
2413 869 2507 920 τοῦ
2564 870 2878 944 πειρασμοῦ.
2917 887 2945 920 ι
3013 864 3111 921 Καὶ
3166 876 3325 926 ποῖος
3370 864 3522 926 οὗτος
3663 884 3883 943 παραπι-

522 953 586 1016 in
614 954 713 1017 die
734 954 888 1017 facta
915 952 1033 1016 est?
1053 941 1289 1034 quando
1319 952 1615 1017 increduli
1645 952 1782 1013 facti
1813 953 1960 1022 Deo,
1984 941 2154 1012 tenta-

2253 941 2490 1030 κρασμός
2522 954 2549 1008 ὁ
2596 941 2732 1009 κατὰ
2788 953 2884 1019 τὴν
2928 952 3131 1032 ἡμέραν
3202 952 3486 1030 γενόμενος
3522 969 3540 1025 ;
3588 941 3884 1009 ι’(ιτεήᾶπι-

522 1043 667 1107 bant
686 1063 849 1109 eum.
880 1069 906 1100 α
943 1042 1096 1105 Num
1126 1040 1365 1124 poterit,
1398 1042 1692 1124 inquiunt,
1727 1049 1784 1102 et
1815 1057 2026 1121 panem
2058 1039 2154 1101 da-

2256 1047 2499 1105 στοῦντες
2567 1048 2643 1116 τῷ
2672 1047 2811 1116 Θεῷ,
2845 1043 3115 1122 ἐπείραζον
3155 1041 3336 1100 αὐτόν.
3390 1064 3419 1095 ι
3466 1041 3557 1108 Μὴ
3600 1038 3882 1111 δυνήσεται,

521 1151 590 1197 re
616 1140 717 1195 aut
747 1151 957 1214 parare
1005 1150 1275 1194 mensam
1324 1131 1544 1214 populo
1576 1150 1684 1193 suo
1705 1130 1813 1190 23?
1836 1155 1863 1185 η
1890 1164 1970 1176 -
1998 1153 2020 1186 ιι
2057 1127 2153 1192 Ub

2255 1131 2404 1209 φησὶ,
2464 1132 2551 1187 καὶ
2607 1129 2766 1211 ἤρτον
2835 1129 3033 1211 δοῦναι,
3081 1130 3117 1198 ἢ
3162 1131 3437 1206 ἑτοιμάσαι
3507 1130 3766 1210 τράπεζαν
3818 1136 3885 1204 τῷ

525 1230 902 1286 tentaverunt
933 1241 1053 1285 me.
1098 1247 1117 1278 ι
1157 1220 1324 1296 οὗ,ὶά
1355 1231 1470 1295 est,
1522 1220 1652 1295 ubi,
1713 1237 1930 1299 nempe
1977 1220 2039 1280 in
2069 1218 2157 1279 de-

2255 1217 2369 1291 λαῷ
2399 1221 2598 1300 αὐτοῦ,
2640 1243 2661 1276 ι
2738 1254 2815 1265 —
2852 1242 2877 1276 ιι
2940 1222 3014 1278 Οὗ
3053 1219 3335 1300 ἐπείρασάν
3379 1240 3469 1294 με.
3521 1241 3550 1273 ι
3615 1220 3711 1291 Οὔ,
3742 1217 3885 1299 ὅπου,

527 1319 708 1375 serto.
752 1315 872 1375 Aut
891 1316 950 1370 οὗ
968 1289 1263 1392 πειρασμοῦ
1284 1310 1345 1371 id
1387 1289 1495 1383 est,
1533 1289 1648 1391 qua
1676 1289 2006 1371 tentat'ione
2032 1314 2159 1369 ten-

2262 1289 2543 1386 tOU—Téﬂw,
2582 1289 2647 1367 ’ἐν
2719 1315 2788 1386 τῇ
2841 1308 3058 1392 ἐρήμῳΔ
3115 1289 3199 1389 Ἠ,
3259 1309 3333 1367 Οὗ
3380 1289 3704 1386 ’ἐπείρασαν
3726 1289 3894 1387 πειραί

528 1406 800 1464 taverunt
829 1420 948 1476 me,
979 1407 1046 1462 ut
1061 1381 1133 1459 ὀὗ
1162 1381 1241 1461 sit
1265 1381 1569 1461 articulus-
1582 1407 1638 1460 et
1682 1418 1799 1459 non
1830 1396 1947 1458 loci
1977 1395 2160 1457 mani-

2257 1407 2412 1473 σμοῡ,
2443 1381 2599 1474 ἵναῇ
2647 1401 2730 1473 τὸ,
2763 1381 2880 1474 Ὀῦ,
2934 1381 3140 1477 άρθβον,
3183 1381 3333 1453 ’ἀλλὰ
3377 1397 3455 1473 μὴ
3510 1381 3675 1453 τὸπου
3718 1381 3889 1465 δηλω-

526 1490 884 1554 festativum.
916 1516 943 1546 ι
972 1489 1246 1552 Infensus
1276 1507 1406 1551 sum
1439 1488 1807 1568 generationi
1839 1486 1946 1549 illi.
1986 1510 2011 1543 ι)
2048 1485 2158 1547 Hor

2260 1487 2424 1546 τικόν.
2480 1506 2505 1542 ι
2539 1489 2889 1569 Προσώχθισα
2945 1492 3013 1564 τῇ
3068 1493 3224 1566 γενεᾷ
3276 1486 3475 1563 ἐκείνῃ.
3512 1508 3541 1541 ι
3612 1490 3763 1567 Οῖον,
3797 1485 3892 1543 ἐπ-

527 1588 641 1655 est,
673 1579 834 1661 gravi
865 1588 923 1642 et
967 1577 1256 1640 iracundo
1296 1577 1383 1638 fui
1412 1578 1609 1638 animo
1667 1596 1808 1656 erga
1853 1576 2066 1656 ipsam,
2102 1593 2159 1637 ec

2261 1579 2439 1656 αχθῶς
2471 1575 2635 1657 ἔσχον
2664 1579 2795 1657 πρὸς
2843 1576 3031 1649 αὐτὴν,
3065 1574 3147 1633 διὰ
3175 1578 3237 1633 τὸ
3262 1575 3342 1633 ἀεὶ
3383 1575 3629 1632 ἀπιστεῖν
3666 1578 3754 1632 καὶ
3779 1597 3893 1633 πειο

528 1658 698 1750 quod
728 1686 968 1750 semper
995 1686 1028 1729 a
1057 1687 1155 1730 me
1200 1666 1585 1741 descisceret,
1639 1685 1854 1747 meque
1892 1672 2160 1727 tentaret.

2263 1666 2427 1743 ράζειν
2471 1688 2561 1741 με,
2603 1691 2623 1722 σ
2667 1658 2759 1729 Ὠς
2788 1665 2975 1743 ὤμοσα
3018 1665 3073 1722 ἐν
3101 1673 3171 1744 τῇ
3216 1668 3350 1746 ὀργῇ
3374 1688 3498 1742 μου.
3554 1688 3577 1721 ι
3605 1667 3692 1729 Εἰς
3723 1674 3895 1725 τοσοῦ-

533 1782 562 1815 α
589 1757 664 1822 Ut
684 1759 951 1838 jurarem
981 1757 1044 1818 in
1072 1756 1162 1817 ira
1192 1773 1350 1818 mea.
1390 1781 1412 1815 υ
1449 1754 1515 1816 In
1546 1761 1798 1829 tantum,
1826 1754 2165 1834 inquit,non

2260 1775 2370 1834 τον,
2415 1757 2596 1836 φησὶν,
2632 1756 2725 1813 οὐκ
2754 1755 2990 1836 ἔγνωσαν
3046 1756 3137 1821 τὰς
3194 1754 3345 1818 ὁδοὺς
3391 1777 3513 1830 μου,
3569 1753 3672 1818 ἕως
3727 1757 3786 1811 οὗ
3824 1756 3892 1819 εἷς

526 1853 930 1928 cognoverunt
960 1846 1083 1907 vias
1110 1864 1299 1924 meas,
1341 1862 1651 1926 quousque
1679 1844 1752 1906 ad
1782 1845 1896 1905 hoc
1931 1862 2024 1904 me
2075 1845 2158 1903 in-

2261 1846 2408 1903 τοῦτό
2439 1867 2505 1920 με
2561 1844 2787 1924 ἤγαγον,
2845 1846 2981 1902 ὥστε
3033 1845 3225 1920 ὀμόσαι
3296 1845 3373 1920 μὴ
3430 1842 3685 1900 εἰσελθεῖν
3716 1845 3893 1909 αὖτοὺς

526 1937 844 2012 duxerunt,
875 1945 940 1998 ut
957 1937 1221 2016 jurarem
1265 1935 1421 2016 quod
1455 1935 1781 2014 ingressuri
1820 1952 1941 1995 non
1973 1947 2158 1993 essent

2266 1934 2329 1995 εἰς
2398 1934 2494 2001 τὴν
2550 1935 2874 1991 κατάπαυσίν
2946 1956 3068 2014 μου,
3168 1932 3425 2009 τουτέστι,
3493 1934 3593 2000 τὴν
3633 1938 3735 2012 γῆν
3801 1937 3898 1996 τῆς

523 2026 588 2088 in
616 2026 888 2108 requiem
923 2044 1137 2101 meam,
1173 2025 1287 2087 hoc
1321 2034 1429 2098 est,
1466 2032 1681 2085 terram
1737 2021 2155 2104 promissionis1

2265 2021 2597 2101 ἐπαγγελίας,
2648 2022 2704 2078 ἐν
2757 2026 2794 2100 ᾗ
2850 2022 3167 2087 εἰσελθόντες
3224 2020 3449 2098 ἔμελλον
3507 2022 3611 2078 ἀπὸ
3669 2028 3772 2078 τῶν
3799 2045 3897 2078 πο-

524 2116 589 2178 in
613 2134 790 2196 quam
823 2133 958 2177 cum
1010 2113 1266 2191 ingressi
1316 2122 1540 2187 essent,
1593 2114 1855 2174 futurum
1891 2119 2017 2173 erat
2046 2117 2156 2171 uta

2269 2111 2433 2186 tépwv
2474 2110 2848 2174 ἀναπαύεσθαι.
2905 2136 2931 2168 ι
2980 2115 3038 2171 Ei
3083 2111 3463 2169 εἰσελεύσονται
3508 2112 3579 2176 εἷς
3608 2111 3707 2179 τὴν
3731 2112 3901 2168 κατά-

526 2205 701 2268 bellis
721 2204 1122 2286 quiescerent.
1159 2205 1298 2265 557
1329 2224 1356 2262 ‹
1377 2200 1439 2265 Si
1460 2201 1787 2263 introibunt
1814 2201 1875 2262 in
1905 2199 2158 2280 requieu

2269 2224 2445 2258 παυσιν
2477 2226 2600 2278 μου.
2637 2223 2666 2262 ι
2720 2202 2869 2261 Ἀλλ’
2902 2205 3103 2261 ἐκεῖνοι
3134 2203 3228 2279 μὲν
3272 2204 3661 2273 ἀπιστήσαντες
3687 2204 3768 2271 καὶ
3788 2225 3901 2260 πει·

528 2313 743 2358 meam.
777 2318 801 2353 ιι
836 2290 952 2354 Sed
981 2292 1067 2353 illi
1098 2291 1338 2372 quidem
1385 2310 1518 2353 cum
1551 2290 1847 2353 increduli
1897 2289 2160 2362 fuissent,

2268 2291 2510 2355 πάσαντες
2554 2294 2643 2349 τὸν
2667 2295 2795 2350 Θεὸν
2828 2297 2921 2372 οὐκ
2950 2292 3191 2361 εἰσῆλθον
3220 2294 3293 2357 εἰς
3326 2290 3708 2360 Παλαιστίνην.
3759 2292 3900 2361 Αὕτη

530 2403 651 2445 non
680 2390 818 2445 sunt
865 2371 1130 2459 ingressi
1175 2380 1570 2442 Palaestinam.
1602 2379 1748 2441 Nam
1782 2381 1906 2441 haec
1936 2377 2162 2458 requie:

2272 2382 2358 2459 γὰρ
2394 2382 2430 2448 ἡ
2459 2383 2803 2448 κατάπαυσις.
2837 2371 3003 2457 1Ἡμῖν
3032 2380 3087 2439 δὲ
3120 2384 3169 2438 τί
3197 2380 3366 2457 ἔσται,
3420 2383 3572 2462 φησὶ,
3634 2383 3711 2459 μὴ
3742 2381 3904 2450 οὕσης

530 2480 678 2535 erat.
712 2470 901 2536 Nobis
929 2482 1152 2544 autem,
1186 2469 1400 2551 inquit,
1435 2470 1574 2551 quid
1609 2469 1745 2544 erit,
1777 2487 1911 2530 cum
1945 2487 2064 2529 non
2103 2467 2162 2528 sit

2270 2468 2438 2545 ἑτέρας
2470 2472 2850 2536 καταπαύσεως
2906 2471 2990 2528 ἐπὶ
3048 2472 3172 2550 γῆς,
3243 2470 3308 2539 ἧς
3352 2469 3619 2547 μελλομεν
3690 2484 3902 2551 στερεῖ-

531 2562 647 2624 alia
672 2561 913 2642 requies
948 2559 1011 2620 in
1066 2566 1244 2632 terra,
1279 2578 1393 2640 qua
1443 2558 1707 2640 privandi
1741 2576 1945 2619 sumus
1975 2556 2025 2617 si
2054 2556 2163 2617 Dec

2275 2559 2377 2612 τθαι
2445 2558 2777 2624 ἀπειθοῦντες
2835 2568 2984 2641 Θεῷς
3048 2563 3167 2635 Ναὶ,
3226 2562 3408 2641 φησὶν,
3482 2558 3625 2616 "mat
3679 2561 3766 2617 καὶ
3818 2570 3907 2620 νῦν

532 2670 652 2713 non
677 2650 991 2713 credamus
1007 2648 1039 2710 ‘?
1061 2647 1352 2725 Profecto,
1387 2648 1489 2726 ait,
1515 2648 1693 2710 etiam
1721 2666 1877 2710 nunc
1900 2646 2015 2708 erit
2041 2664 2164 2707 vera

2273 2646 2585 2713 ιατάπαυσις
2614 2650 2649 2718 ἡ
2682 2648 2935 2725 ἀληθινὴ,
2968 2650 3032 2718 ἧς
3060 2651 3221 2716 τύπος
3264 2650 3328 2718 ἦν
3385 2648 3559 2716 ἐκείνη
3589 2650 3624 2717 ἡ
3682 2647 3905 2726 παλαιὰ,

532 2741 792 2822 requies,
826 2739 998 2819 cujus
1025 2738 1127 2799 illa
1154 2697 1352 2800 vetus,
1374 2697 1502 2801 θτέι
1549 2738 1734 2817 ﬁgura
1769 2759 1781 2799 :
1818 2745 1877 2799 et
1908 2737 2018 2797 hac
2050 2735 2164 2816 pri-

2283 2697 2585 2713 ---Ὗηηητ
2619 2697 2649 2718 .,
2682 2697 2935 2725 -,..,,-..,,
2974 2697 3031 2718 ..ς
3072 2697 3218 2716 .-..-.,
3270 2697 3325 2718 .,,
3386 2697 3559 2716 -..ν-η,
3594 2697 3624 2717 ..
3689 2697 3906 2726 .-.........,

2279 2736 2348 2790 ιαὶ
2391 2735 2624 2817 μέλχετε
2654 2740 2851 2807 ταύτης
2890 2742 3211 2820 στερεῖσθαι,
3270 2737 3424 2818 εἴπερ
3467 2738 3785 2810 ἀπιστήσετε
3830 2744 3911 2813 τῷ

532 2830 707 2892 vandi
739 2828 902 2904 estis,
937 2826 1050 2890 nisi
1083 2828 1315 2890 Christo
1366 2826 1829 2889 credidideritis.
1871 2823 2164 2905 Siquidem

2279 2829 2493 2904 ἰριστῴ.
2559 2829 2656 2885 Καὶ
2714 2829 2814 2907 γὰρ
2869 2842 3014 2909 τρεῖς
3071 2830 3169 2886 εὶσι
3225 2828 3605 2893 καταπαύσεις.
3675 2828 3779 2884 Μία
3847 2830 3911 2885 τὸ

535 2918 749 2999 triplex
799 2926 889 2980 est
934 2916 1173 2998 requies
1207 2934 1367 2981 :una
1417 2926 1507 2979 est
1561 2916 1909 2990 Sabbatum,
1961 2914 2021 2975 in
2063 2932 2167 2993 quc

2275 2910 2557 2989 Σάϐϐατον,
2602 2916 2656 2975 ἐν
2685 2922 2731 2993 ᾧ
2785 2919 3113 2979 κατέπαυσεν
3143 2920 3171 2975 ὁ
3227 2918 3356 2980 Θεός
3414 2917 3521 2974 ἀπὸ
3577 2922 3683 2972 τῶν
3739 2915 3907 2997 ἔργων

532 3006 825 3089 requievit
876 3007 1037 3070 Deus
1087 3004 1162 3081 ab
1219 3005 1501 3087 operibus
1531 3006 1693 3084 suis;
1725 3002 2011 3078 secunda,
2041 3023 2164 3085 pro.

2283 3002 2443 3068 ιῦτοῦ.
2492 3006 2737 3086 Δευτέρα,
2769 3008 2805 3075 ἡ
2858 3006 3223 3087 ἐπεηελμὲνη
3280 3012 3377 3076 της
3423 3004 3779 3074 Παλαιστίνης

534 3096 717 3161 missa
749 3095 1062 3161 Palestina;
1091 3103 1253 3156 terra
1284 3112 1299 3156 :
1335 3095 1531 3173 tertia,
1558 3096 1801 3158 omnino
1832 3110 1988 3169 vera,
2007 3095 2166 3175 cujus

2278 3093 2445 3171 Γρίτη,
2479 3095 2515 3163 ἡ
2547 3095 2710 3159 ὄντως
2740 3097 2828 3153 καὶ
2853 3095 3081 3173 ἀληθὴς,
3114 3099 3181 3164 ἧς
3230 3098 3394 3160 τύπος
3440 3096 3574 3165 ἦσαν
3612 3098 3664 3155 αἱ
3692 3096 3910 3175 εἰρημέ-

534 3186 666 3250 ἀιιω
696 3185 992 3270 praedicta:
1019 3184 1207 3264 ﬁgura
1233 3193 1423 3259 erant,
1456 3183 1561 3246 ubi
1609 3186 1754 3263 fugit
1803 3189 1998 3250 omnis
2045 3189 2166 3251 luc-

2284 3204 2343 3238 ναι
2374 3181 2483 3260 δύο,
2528 3188 2564 3253 ἡ
2590 3185 2831 3263 βασιλεία
2860 3193 2965 3244 τῶν
3023 3187 3277 3267 οὖρανῶν,
3339 3186 3458 3243 ἔνθα
3514 3182 3711 3263 ἀπέδρα
3765 3193 3916 3243 πᾶσα

534 3283 651 3354 tus,
683 3275 853 3338 dolor
883 3292 955 3337 ac
984 3273 1260 3352 gemitus.
1291 3272 1416 3335 Hac
1446 3292 1610 3353 ergo,
1657 3275 1872 3357 inquit,
1907 3278 2166 3359 privandi

2286 3271 2406 3362 .ύπη
2480 3276 2568 3330 καὶ
2616 3273 2770 3342 οδύνη
2830 3277 2917 3333 καὶ
2972 3276 3288 3355 στεναγμός.
3334 3282 3540 3343 Ταῦτης
3611 3274 3722 3349 οὗν,
3780 3278 3918 3356 φησὶ

533 3366 699 3439 estis,
726 3363 777 3426 si
808 3362 1044 3427 Christo
1072 3381 1193 3424 non
1224 3362 1628 3427 credideritis.

2209 3359 2236 3362 ’ί
2270 3359 2493 3437 μέλλετε
2537 3369 2832 3444 στερεῖσθαι
2861 3365 3238 3437 ἀπειθήσαντες
3268 3372 3346 3441 τῷ
3378 3368 3608 3444 Χριστῷ.

612 3451 714 3529 ΠΙ,
753 3452 953 3516 12-15.
994 3451 1209 3527 Videte,
1244 3454 1493 3531 fratres,
1518 3471 1596 3516 ne
1612 3455 1853 3533 quando
1875 3459 1954 3521 sit
1978 3461 2046 3521 in
2068 3461 2179 3523 ali-

2352 3472 2375 3508 ι
2413 3450 2666 3526 Βλέπετε,
2722 3452 2955 3534 ἀδελφοὶ,
2991 3456 3068 3531 μὴ
3115 3476 3244 3512 ποτε
3307 3453 3453 3511 ἔσται
3496 3453 3551 3509 ἐν
3616 3475 3719 3510 τινι
3764 3454 3920 3530 ὑμῶν

532 3561 651 3625 quo
679 3549 945 3606 vestrum
966 3558 1073 3605 cor
1096 3559 1354 3621 pravum
1387 3543 1857 3621 incredulitatis,
1890 3555 1957 3609 ut
1986 3549 2164 3613 decis-

2287 3539 2446 3621 ιαρδία
2513 3544 2722 3623 πονηρὰ
2803 3545 3044 3610 ἀπιστίας
3140 3544 3195 3600 ἐν
3265 3551 3344 3619 τῷ
3420 3543 3715 3611 ἀποστῆναι
3805 3544 3919 3602 ἀπὸ

532 3639 693 3697 cata
724 3633 846 3695 Deo
866 3632 1133 3705 vivente,-
1179 3631 1285 3693 sed
1324 3633 1731 3696 exhortemini
1776 3651 1880 3698 vos
1925 3638 2164 3702 invicem

2288 3636 2395 3687 9εοῦ
2476 3637 2694 3703 ζῶντος.
2783 3632 2951 3690 Ἀλλὰ
3032 3632 3392 3712 παρακαλεῖτε
3496 3634 3709 3697 ἑαυτοὺς
3794 3632 3920 3691 καθ’

529 3720 823 3803 quotidie,
882 3720 1076 3801 quoad
1131 3719 1481 3801 appellatur
1526 3722 1653 3784 dies
1696 3723 2030 3789 hodiernus
2059 3747 2079 3788 :
2102 3746 2161 3792 n4

2288 3720 2495 3788 ;κάστην
2566 3723 2793 3803 ἡμέραν,
2852 3723 3008 3804 ἄχρις
3085 3725 3145 3780 οὗ
3239 3725 3299 3779 τὸ
3354 3724 3587 3801 σήμερον
3640 3720 3920 3799 καλεῖται,

530 3816 669 3893 quis
698 3828 778 3875 ea:
798 3810 964 3874 vobis
986 3810 1322 3873 obduretur
1343 3810 1692 3874 seductione
1718 3830 1899 3893 pecua
1908 3817 1955 3876 ti
1962 3815 2158 3896 .Sz‘qui

2297 3831 2354 3866 να
2410 3811 2488 3887 μὴ
2546 3811 2843 3892 σκληρυνθῇ
2892 3812 2942 3878 ἐξ
3010 3814 3156 3888 ὑμῶν
3212 3834 3293 3877 τις
3348 3813 3528 3881 ἀπάτη
3598 3812 3693 3880 τῆς
3749 3813 3929 3891 ἁμαρ-

527 3902 666 3964 dem
701 3900 1037 3983 participes
1082 3899 1231 3979 facti
1275 3917 1486 3963 sumus
1514 3901 1764 3978 Christi,
1795 3903 1853 3965 si
1879 3922 2025 3967 sane
2053 3908 2159 3968 ini-

2300 3899 2399 3962 ίας.
2459 3900 2695 3981 Μέτοχοι
2760 3904 2860 3982 γὰρ
2911 3902 3203 3981 γεγόναμεν
3275 3907 3366 3957 τοῦ
3419 3907 3667 3980 Χριστοῦ,
3720 3902 3929 3981 ἐάνπερ

529 3994 683 4054 tium
712 3989 1068 4053 substantiae
1096 4005 1284 4070 usque
1323 4007 1363 4051 a
1411 3990 1592 4069 ﬁnem
1637 3991 1882 4072 ﬁrmum
1910 4001 2161 4057 tenueri-

2300 3988 2365 4054 ἦν
2433 3990 2610 4071 ἀρχὴν
2693 3997 2790 4060 τῆς
2844 3993 3181 4055 ὑποστάσεως
3239 3990 3401 4070 μέχρι
3464 3988 3646 4054 τέλους
3699 3987 3930 4066 βεϐαίαν

529 4085 754 4160 rimus,
780 4081 848 4142 in
874 4078 986 4142 hoc
1009 4078 1165 4159 quod
1193 4080 1445 4160 dicitur,
1480 4081 1672 4142 Hodie
1718 4082 1773 4143 si
1815 4100 2017 4147 vocem
2054 4087 2161 4163 eju

2295 4079 2652 4161 ιατάσχωμεν,
2724 4084 2780 4138 ἓν
2836 4089 2913 4157 τῷ
2966 4080 3207 4161 λέγεσθαι
3254 4096 3268 4110 ⁸
3330 4086 3575 4159 Σῖμερον
3662 4078 3749 4136 ἐὰν
3816 4084 3927 4148 τῆς

531 4169 877 4244 audieritis,
901 4186 977 4232 ne
1005 4167 1313 4232 obdureti's
1347 4169 1530 4232 corda
1553 4176 1751 4233 vestra
1773 4172 1929 4234 sicut
1951 4173 2018 4235 in
2040 4191 2163 4238 exat

2299 4168 2446 4236 ιωνῆς
2477 4169 2634 4227 αὐτοῦ
2682 4170 2967 4253 ἀκούσητε,
3027 4173 3105 4247 μὴ
3161 4168 3489 4249 σκληρύνητε
3546 4169 3640 4232 τὰς
3699 4167 3931 4248 καρδίας

530 4258 900 4322 cerbatioue.

2263 4258 2410 4333 ὑμῶν
2454 4261 2528 4322 ὡς
2572 4260 2625 4317 ἐν
2657 4268 2733 4335 τῷ
2774 4265 3225 4341 παραπικρασμῷ.
3281 4283 3302 4314 ⁸

612 4345 906 4411 Timentis
934 4343 1180 4409 verbum
1212 4355 1339 4410 est:
1371 4348 1605 4430 Videte,
1639 4349 1853 4431 inquit,
1890 4371 1965 4415 ne
1997 4361 2054 4415 et
2078 4372 2182 4416 vos

2346 4344 2639 4414 Φοϐοῡντος
2695 4352 2755 4406 τὸ
2838 4351 3004 4428 ῥῆμα,
3106 4350 3359 4424 Βλέπετε,
3419 4350 3570 4428 φησὶ,
3684 4347 3761 4423 μη
3835 4351 3942 4406 καὶ

531 4443 775 4518 propter
802 4435 1281 4498 incredulitatem
1329 4455 1467 4499 vera
1497 4439 1811 4518 prlvemini
1839 4441 2045 4523 requie
2073 4460 2163 4504 re-

2307 4449 2418 4499 ιεῖς
2448 4434 2533 4493 διὰ
2586 4438 2686 4505 τὴν
2745 4438 2989 4497 ἀπιστίαν
3036 4443 3341 4520 στηρηθῆτε
3370 4443 3469 4505 τῆς
3513 4435 3731 4517 ὅντως;
3780 4436 3939 4492 ἀνα-

530 4528 630 4607 gni
649 4523 1122 4590 coelorum.«Cor
1135 4543 1448 4606 pravum.»
1475 4528 1652 4590 Multa
1665 4529 1824 4591 enim
1851 4539 1987 4592 sunt
2005 4549 2162 4611 prav:

2310 4527 2530 4601 αύσεως,
2603 4533 2702 4596 τῆς
2771 4528 3040 4606 βασιλείας
3129 4536 3235 4585 τῶν
3291 4532 3544 4608 οὐρανῶν.
3640 4550 3662 4581 ι
3721 4524 3942 4607 Καρδία

529 4596 713 4678 corda
742 4596 1181 4677 incredulitatis
1209 4615 1332 4678 sive
1358 4616 1692 4681 incredula.
1746 4620 1853 4681 Est
1883 4596 2043 4682 enim
2079 4640 2161 4682 cm

2313 4617 2569 4701 smpti.)
2636 4618 2834 4677 Πολλαὶ
2905 4621 2999 4697 μέν
3059 4623 3159 4678 εἰσι
3214 4619 3419 4701 καρδίαι
3501 4617 3729 4695 πονηραὶ
3788 4617 3945 4673 ἀπι-

528 4721 779 4787 pravum
800 4703 1367 4786 incredulum,quod
1402 4724 1646 4787 pravum
1678 4716 1768 4770 est
1795 4708 1867 4770 ad
1902 4729 2020 4771 non
2047 4726 2160 4772 cre-

2314 4707 2435 4771 είας,
2508 4696 2669 4765 ’Ἐστι
2718 4712 2818 4789 γὰρ
2886 4696 3071 4791 καρδία
3127 4696 3335 4791 πονηρὰ
3390 4708 3659 4782 ἀπιστίας,
3721 4706 3787 4762 τὸ
3847 4709 3946 4781 μὴ

528 4793 819 4870 dendum,
853 4794 929 4857 ad
959 4793 1289 4869 avaritiam,
1342 4796 1415 4857 ad
1458 4795 1830 4860 inferendam
1871 4799 2153 4879 injuriam

2310 4798 2527 4854 ιστεύειν
2554 4800 2714 4855 κανὸν
2775 4799 2917 4857 εἶναι
2975 4802 3035 4857 τὸ
3093 4800 3548 4881 φιλοχρηματεῖν,
3612 4798 3673 4852 τὸ
3723 4794 3942 4877 ἄρχειν

527 4884 603 4947 ad
637 4884 1014 4961 ebrietatem,
1050 4884 1281 4966 aliaque
1314 4886 1659 4966 hujusmodi
1688 4887 2018 4950 innumera.
2050 4890 2159 4952 Ma-

2318 4883 2482 4965 ἴρεως,
2544 4890 2605 4943 τὸ
2688 4890 3055 4971 μεθύσκεσθαι,
3099 4891 3186 4947 καὶ
3284 4890 3439 4970 μυρία
3498 4884 3656 4946 ἄλλα.
3718 4892 3950 4958 Μεῖζον

528 4975 622 5053 gis
650 4984 852 5038 autem
883 4982 942 5038 et
970 4974 1137 5037 nulla
1191 4974 1345 5037 facta
1395 4976 1864 5057 comparatione,
1899 4976 2015 5041 Cor
2039 4996 2160 5059 pra-

2312 5000 2318 5030 ;
2377 4979 2464 5034 καὶ
2520 4978 2868 5060 ἀσυγκρίτως,
2928 4979 3111 5060 καρδία
3170 4980 3279 5038 ἐστὶ
3353 4980 3562 5057 πονηρὰ
3644 4977 3944 5055 ἀπιστίας,

529 5082 666 5125 vum
697 5062 1078 5126 incredulum
1112 5072 1201 5127 est
1232 5065 1392 5146 quod
1422 5084 1456 5126 a
1480 5066 1598 5127 fide
1644 5066 1903 5130 discedit
1931 5086 2063 5149 quae
2092 5086 2157 5129 es

2367 5065 2699 5145 ἀφισταμένη
2771 5069 2869 5137 τῆς
2944 5070 3172 5135 πίστεως
3230 5076 3330 5138 τῆς
3399 5070 3532 5149 πρὸς
3625 5068 3716 5124 τὸν
3760 5074 3944 5131 Θευν.

531 5152 593 5212 in
623 5151 837 5217 Deum.
868 5152 1083 5216 Videte
1135 5154 1336 5235 igitur,
1370 5154 1585 5236 inquit,
1622 5174 1698 5217 ne
1738 5157 1974 5237 quando
2004 5155 2082 5217 sit
2117 5156 2163 5218 ir

2319 5153 2495 5211 tiu-ere
2539 5156 2649 5232 οὖν,
2697 5158 2846 5236 φησὶ,
2896 5160 2972 5234 μή
3022 5180 3151 5215 ποτε
3184 5157 3327 5216 ἔσται
3378 5159 3433 5216 ἕν
3473 5179 3575 5215 τινι
3604 5159 3749 5233 ὑμῶν
3785 5179 3951 5237 καρ-

529 5239 729 5329 aliquo
758 5251 1020 5309 vestrum
1053 5260 1158 5305 cor
1198 5261 1441 5325 pravum
1467 5244 1880 5307 incredulum:
1907 5243 2161 5307 incredu

2316 5266 2346 5301 α
2404 5247 2613 5324 πονηρὰ
2684 5247 2959 5312 ἀπιστίας.
3047 5245 3324 5314 Ἀπιστίας
3397 5246 3453 5305 δέ
3509 5268 3675 5329 φημι,
3735 5250 3886 5327 φησὶ
3933 5267 3948 5280 ·

531 5327 758 5392 litatem
781 5348 922 5393 vero
947 5331 1085 5393 dico
1116 5330 1457 5396 desciscere
1504 5353 1539 5395 a
1583 5333 1704 5396 Deo
1734 5332 1985 5397 vivente.
2019 5337 2163 5399 Bent

2319 5338 2364 5401 ἃς
2415 5334 2721 5415 ἀφιστώσης
2779 5337 2885 5395 ἀπὸ
2958 5344 3089 5395 Θεοῦ
3140 5340 3357 5418 ζῷντος.
3432 5327 3620 5401 Καλῶς
3673 5335 3728 5393 δέ
3761 5360 3951 5418 φησι,

531 5423 733 5508 autem
760 5420 875 5483 ait:
909 5419 1024 5508 Cor
1053 5437 1301 5502 pravum
1336 5421 1742 5487 incredulum.
1795 5427 1899 5487 Est
1930 5423 2091 5486 enim
2122 5438 2163 5484 et

2325 5420 2459 5501 ιρδία
2531 5427 2740 5505 πονηρὰ
2821 5427 3091 5492 ἀπιστίας.
3157 5417 3320 5485 ’Ἐστι
3404 5429 3504 5508 γὰρ
3559 5428 3645 5483 καὶ
3732 5417 3957 5508 καρδία

531 5524 637 5571 cor
655 5506 882 5571 bonum
910 5507 1315 5593 incredulum,
1338 5513 1507 5593 juxta
1534 5512 1680 5575 illud
1720 5511 1847 5577 :Ne
1871 5513 2036 5579 omni
2058 5512 2163 5594 spi-

2325 5513 2435 5581 ἀθὴ
2492 5515 2764 5592 ἀπιστίας,
2821 5518 2895 5581 ὡς
2987 5518 3071 5596 τὸ,
3157 5539 3179 5574 α
3243 5518 3332 5586 Μὴ
3412 5506 3679 5575 πιστεύετε
3759 5506 3957 5578 παντὶ

529 5596 675 5661 ritui
707 5597 1108 5681 credideritis,
1167 5600 1272 5663 sed
1319 5601 1566 5684 probate
1618 5602 1885 5684 spiritus,
1935 5622 2075 5666 num
2108 5621 2161 5665 ei

2334 5602 2543 5679 εύματι,
2613 5602 2751 5661 ἀλλὰ
2839 5604 3149 5681 δοκιμάζετε
3229 5608 3295 5667 τὰ
3350 5608 3648 5687 πνεύματα,
3738 5610 3788 5666 εἰ
3880 5610 3963 5669 ἐκ

606 5767 668 5820 π
694 5766 854 5834 Psal.
886 5785 1109 5847 Lxxvu,
1151 5770 1245 5835 l9.
