4132 6466
357 372 471 438 3H

424 600 799 665 Exhortatio
827 609 894 664 ut
922 607 1220 665 conentur
1242 601 1483 683 ingredi
1512 602 1788 684 requiem
1818 616 1951 682 quae

871 687 1346 762 prmmonstrata
1384 690 1496 745 est.

433 768 782 834 Metuamus
808 772 1002 851 igitur
1031 789 1107 833 ne
1135 772 1378 852 quando
1408 772 1701 835 derelicta
1737 770 2013 852 promis-

352 859 517 921 sione
544 860 907 923 introeundi
934 862 1001 923 in
1027 863 1293 941 requiem
1320 862 1472 943 ejus,
1505 862 1751 925 videtur
1776 859 2020 940 {aliquis

357 965 437 1011 ea:
463 948 628 1011 vobis
658 966 781 1012 esse
806 951 1168 1029 frustratus.
1204 950 1449 1013 Etenim
1482 951 1646 1014 vobis
1676 948 2018 1012 annuntia-

357 1044 488 1100 tum
533 1043 641 1111 est,
691 1039 1203 1118 quemadmodum
1235 1046 1293 1103 et
1321 1040 1468 1102 illis.
1503 1044 1581 1102 At
1622 1057 1745 1103 non
1785 1039 2019 1120 pro/uit

354 1126 482 1191 illis
503 1128 755 1191 auditus
778 1146 970 1192 sermo
996 1130 1155 1209 quod
1184 1147 1308 1193 non
1338 1138 1537 1195 essent
1574 1130 1876 1193 commisti
1904 1128 2022 1209 ﬁde

354 1216 434 1278 iis
458 1219 566 1296 qui
586 1219 945 1282 audierant.

438 1305 585 1368 Cum
619 1306 859 1379 dicitur,
880 1306 1095 1389 inquit,
1130 1307 1325 1371 Hodie
1349 1311 1400 1371 si
1426 1325 1633 1370 vocem
1662 1307 1793 1387 ejus
1819 1305 2023 1368 audie-

358 1392 518 1475 ritis,
553 1413 630 1457 ne
662 1395 970 1458 obduretis
1018 1397 1200 1459 corda
1250 1406 1445 1460 vestra
1492 1396 1651 1459 sicut
1680 1396 1742 1457 in
1775 1412 2021 1457 exacer-

358 1482 1046 1557 batione,timeamus.ln
1080 1494 1427 1550 transcursu
1460 1496 1660 1548 autem
1689 1484 1884 1566 posuit
1909 1485 2020 1557 οὖν,

357 1572 419 1635 id
458 1581 567 1646 est,
601 1572 959 1651 igitur.Nam
987 1575 1125 1656 quia
1154 1576 1393 1656 longior
1444 1594 1612 1657 aequo
1650 1583 1779 1636 erat
1808 1573 2019 1647 oratio,

362 1680 439 1724 ne
459 1661 762 1725 videretur
782 1663 1080 1726 ordinatio
1109 1664 1399 1728 orationis
1421 1665 1551 1744 conj
1562 1664 1840 1725 unctione
1859 1680 2024 1724 care-

357 1770 449 1824 re,
470 1750 636 1813 addit
657 1752 767 1826 οὖν,
795 1751 856 1814 id
888 1763 1005 1835 est,
1039 1753 1241 1833 igitur.
1287 1754 1658 1834 Timeamus,
1699 1751 1915 1833 inquit,
1948 1769 2024 1813 ne

361 1839 600 1923 quando
634 1840 937 1922 privemur
969 1817 1039 1904 ea
1062 1817 1203 1924 quae
1231 1844 1592 1925 relinquitur
1623 1817 2024 1924 promissione
2047 1817 2086 1866 Β

361 1929 436 1992 ad
466 1929 921 2009 ingrediendum
952 1930 1014 1992 in
1035 1932 1305 2013 requiem
1339 1930 1811 2013 ejus.Siquidem
1833 1930 2027 1990 volen-

367 2017 528 2081 tibus
555 2018 916 2101 relinquitur
947 2021 1265 2102 promissio
1314 2019 1704 2102 ingrediendi
1735 2020 1794 2080 in
1827 2037 2024 2080 veram

364 2106 552 2188 ipsius
580 2109 851 2190 requiem
888 2129 902 2169 :
941 2109 1069 2171 haec
1089 2118 1285 2171 autem
1308 2118 1400 2172 est
1430 2127 1681 2187 regnum
1714 2107 2022 2171 cmlorum.

372 2196 690 2258 «Videatur
713 2196 927 2278 aliquis
948 2216 1020 2260 ex
1039 2198 1204 2261 vobis
1227 2217 1359 2261 esse
1378 2196 2031 2259 frustratus.»Frustra-

366 2290 460 2346 tus
490 2303 623 2347 esse
652 2286 726 2348 ad
752 2284 1236 2364 ingrediendum.
1271 2286 1358 2349 Ne
1389 2295 1807 2364 autemsermo
1837 2284 2029 2364 gravis

362 2372 656 2455 videatur,
719 2393 840 2435 non
891 2374 1041 2436 dixit
1073 2392 1085 2437 :
1119 2375 1553 2455 Frustrabitur,
1591 2374 1697 2435 sed
1730 2372 2029 2436 Frustrari

363 2460 655 2524 videatur.
670 2462 783 2525 «At
802 2482 921 2524 non
938 2464 1291 2542 profuitillis
1311 2465 1549 2527 auditus
1570 2480 1795 2524 sermo.
1810 2461 2027 2526 nVides

369 2551 528 2632 quod
573 2552 687 2614 hoc
732 2551 892 2614 dicat
936 2569 951 2614 :
999 2552 1159 2614 Nihil
1212 2553 1380 2615 vobis
1411 2551 1678 2634 proderit
1722 2549 2028 2614 auditores

367 2638 554 2702 fuisse
590 2640 1051 2720 praedicationis,
1085 2642 1202 2705 nisi
1243 2642 1419 2705 etiam
1453 2660 1584 2723 quae
1613 2660 1646 2702 a
1676 2639 1842 2701 vobis
1881 2639 2029 2720 ipsis

371 2736 509 2791 sunt
539 2730 941 2807 aﬂ‘eratis,hoc
967 2730 1290 2809 est,ﬁdem;
1316 2732 1594 2812 quoniam
1641 2747 1834 2810 neque
1865 2726 2026 2790 anti-

379 2817 512 2900 quis
549 2818 767 2899 profuit
796 2818 1034 2882 auditus
1062 2838 1261 2882 sermo
1292 2839 1363 2882 ex
1393 2821 1613 2901 seipso.
1658 2844 1683 2874 «
1711 2817 1877 2891 Quod
1909 2837 2029 2879 non

374 2915 577 2971 essent
606 2908 907 2971 commisti
936 2908 1079 2971 ﬁde.
1129 2934 1157 2966 υ
1201 2910 1342 2970 540
1370 2907 1498 2970 Hoc
1541 2916 1654 2984 est,
1688 2906 1930 2969 admisti
1956 2905 2031 2967 ad

371 2995 710 3078 ipsam.Per
738 2998 851 3059 hoc
872 3006 1067 3060 autem
1093 2998 1369 3078 designat
1391 2997 1722 3059 indubitata
1759 2996 2029 3059 credere.

375 3089 494 3148 Eos
532 3105 671 3150 vero
709 3087 813 3169 qui
842 3086 1157 3150 audierant
1201 3088 1349 3149 dicit
1372 3106 1474 3149 eos
1496 3086 1596 3168 qui
1628 3086 2025 3148 crediderant.

370 3176 463 3241 Illi
492 3195 753 3258 namque
780 3195 923 3239 vere
952 3176 1265 3239 audierant
1286 3176 1389 3257 qui
1420 3177 1596 3238 etiam
1620 3174 2023 3238 crediderant.

369 3266 467 3329 Ait
495 3275 694 3330 autem
739 3267 814 3329 de
857 3265 1002 3329 Jesu
1045 3274 1105 3328 et
1146 3265 1392 3330 Chaleb.
1427 3264 1553 3328 Hoc
1580 3284 1719 3329 vero
1750 3271 1842 3327 est
1870 3263 2026 3345 quod

373 3355 714 3418 dicit:Non
768 3355 924 3437 juvit
971 3355 1213 3419 auditus
1269 3373 1466 3417 sermo
1523 3354 1843 3437 populum,
1907 3371 2027 3414 non

374 3444 759 3507 commistum
789 3452 848 3507 et
866 3443 1048 3506 veluti
1073 3451 1611 3526 contemperatum,
1627 3443 1944 3505 admistum
1970 3449 2029 3504 et

373 3540 433 3596 et
461 3532 695 3595 unitum
727 3549 838 3614 per
864 3532 1041 3596 ﬁdem
1075 3534 1166 3596 his
1186 3533 1288 3616 qui
1309 3532 1868 3614 audierant,nempe
1889 3533 2026 3595 Jesu

373 3629 433 3685 et
461 3622 683 3686 Chaleb
715 3623 818 3705 qui
849 3622 1253 3687 crediderant.
1285 3658 1365 3677 -—-.
1385 3621 1515 3684 Non
1537 3621 1904 3697 commistos,
1925 3619 2024 3681 in-

371 3711 625 3794 quit,his
645 3713 747 3794 qui
768 3711 1222 3790 audierant,hoc
1241 3720 1350 3791 est,
1376 3712 1472 3774 his
1493 3714 1591 3794 qui
1620 3710 2023 3773 crediderant.

372 3801 683 3876 Quomodo
703 3809 902 3864 autem
927 3808 1197 3883 poterant
1228 3802 1320 3863 his
1350 3799 1755 3884 permisceri?
1784 3798 1849 3861 In
1883 3799 2022 3875 ﬁde,

368 3891 589 3975 inquit.
623 3891 746 3953 sive
778 3909 885 3972 per
915 3889 1195 3955 ﬁdem.Si
1221 3891 1380 3953 enim
1415 3889 1813 3953 credidissent
1846 3889 1908 3950 hi
1937 3889 2025 3951 si-

344 3976 472 4045 cut
499 3990 558 4044 et
587 3980 698 4057 illi,
732 3980 795 4045 in
825 4000 1007 4043 unum
1040 3980 1244 4062 utique
1294 3981 1516 4061 pariter
1565 3980 1825 4060 provecti
1873 3979 2024 4043 fuis-

363 4070 650 4146 sent,ﬁde
662 4070 846 4132 veluti
857 4069 1307 4150 conglutinante
1320 4069 1483 4152 ipsos
1503 4076 1561 4131 et
1576 4069 2024 4131 commiscente.

447 4159 551 4238 IV,
573 4159 699 4224 3-5.
722 4160 1059 4241 Intpoimus
1090 4161 1254 4222 enim
1276 4159 1343 4221 in
1360 4161 1630 4239 requiem
1650 4176 1756 4220 nos
1778 4160 1886 4239 qui
1901 4174 2029 4221 cre-

1498 372 1911 439 (EGUMENII
1953 372 2251 438 TRIGGE
2293 375 2631 442 EPISGOPI

2040 510 2087 561 Δ

3630 367 3751 434 312

2743 513 2995 569 auom.
3025 495 3107 567 ιε’.

2102 618 2126 654 ι
2203 597 2485 678 Προτροπὴ
2565 594 2852 658 σπουδάσαι
2962 598 3034 661 εἰς
3141 595 3241 663 τὴν
3323 591 3759 673 προδηλουμένην

2700 686 3030 743 κατάπαυσιν
3041 728 3057 746 .
3107 706 3133 744 ι

2190 796 2214 831 α
2272 772 2603 853 Φοϐηθὼμεν
2647 776 2734 834 οὖν
2788 776 2998 851 μήποτε
3077 773 3543 851 καταλειπομένης
3602 772 3768 848 ἐπαγ-

2106 864 2283 943 γελίας
2313 865 2570 923 εἰσελθεῖν
2626 867 2699 930 εἰς
2742 866 2843 923 τὴν
2875 865 3204 922 κατάπαυσιν
3262 867 3447 945 αὒτοῦ,
3506 861 3639 938 δοκῇ
3680 883 3763 925 τις

2104 952 2156 1020 ἒξ
2198 956 2345 1029 ὑμῶν
2372 954 2737 1035 ὑστερηκέναι.
2801 957 2899 1014 Kal
2955 955 3054 1033 γὰρ
3105 953 3264 1029 ἐσμεν
3319 950 3763 1031 εὐηγγελισμένοι

2102 1044 2333 1122 καθάπερ
2362 1044 2627 1107 κάκεῖνοι,
2683 1034 2824 1102 Ἀλλ’
2869 1046 2965 1101 οὒκ
3005 1041 3281 1125 ὠφέλησεν
3355 1045 3384 1100 6
3438 1041 3602 1120 λόγος
3657 1042 3759 1108 τῆς

2102 1132 2267 1201 ἀκοῆς
2312 1133 2564 1215 ἐκείνους,
2625 1134 2702 1210 μὴ
2737 1133 3209 1213 ,συγκεκραμένους
3274 1137 3342 1208 τῇ
3409 1131 3585 1188 πίστει
3634 1143 3758 1195 τοῖς

2106 1220 2271 1278 ἀκούσ
2282 1244 2421 1281 ασιν.
2464 1245 2486 1279 ο

2186 1308 2276 1368 Ἐν
2320 1314 2397 1386 τῷ
2444 1310 2711 1390 λέγεσθαι,
2779 1312 2932 1392 φησί,
2993 1312 3236 1391 Σήμερον
3296 1308 3387 1367 ἑὰν
3441 1314 3541 1377 τῆς
3593 1312 3760 1390 φονῆς

2107 1403 2265 1460 αὖτοῦ
2326 1402 2610 1483 ἀκούσητε,
2675 1403 2753 1479 μὴ
2808 1401 3137 1480 σκληρύνητε
3182 1401 3280 1465 τὰς
3325 1398 3531 1480 καρδίας
3587 1402 3758 1476 ὑμῶν,

2107 1493 2181 1553 ὡς
2210 1490 2264 1546 ἐν
2295 1498 2372 1566 τῷ
2409 1498 2863 1573 παραπικρασμῷ,
2934 1489 3250 1573 φοϐηθῶμεν
3304 1488 3515 1552 λοιπὸν,
3563 1490 3635 1547 Τὸ
3678 1486 3761 1564 δὲ,

2108 1579 2231 1656 Οὖν,
2286 1578 2610 1660 παρέδραμε.
2672 1582 2771 1638 Διὰ
2840 1582 2941 1661 γὰρ
3004 1583 3065 1637 τὸ
3121 1581 3263 1638 εἶναι
3334 1577 3760 1661 μακραπόόοτον,

2106 1666 2197 1725 ἵνα
2228 1670 2305 1743 μὴ
2336 1667 2460 1737 δὸξη
2493 1670 2851 1749 ἀσυνάρτητος
2909 1660 3051 1727 εἶναι
3094 1671 3130 1738 ἡ
3155 1667 3414 1743 σύνταξις,
3487 1660 3574 1737 τὸ,
3634 1676 3760 1746 Οΰν,

2105 1756 2327 1820 τέθεικε,
2401 1756 2752 1834 Φοϐηθῶμεν,
2821 1760 2973 1840 φησί,
3060 1759 3269 1834 μήποτε
3354 1755 3764 1833 καταλιμπανο-

2109 1845 2273 1921 μένης
2345 1846 2664 1926 ἐπαγγελίας
2709 1849 2782 1912 εἰς
2847 1850 2908 1904 τὸ
2979 1845 3235 1904 εἰσελθεῖν
3292 1848 3365 1911 εἰς
3419 1846 3521 1913 τὴν
3587 1846 3763 1903 κατά-

2106 1957 2296 1991 παυσιν
2358 1935 2517 1992 αὐτοῦ
2575 1937 2969 2016 ὑστερήσωμεν.
3042 1936 3141 1994 Καὶ
3208 1936 3309 2014 γὰρ
3356 1933 3696 1991 ὑπολείπεται
3725 1936 3763 2003 ἡ

2108 2022 2399 2103 ἐπαγγελία
2469 2032 2564 2082 τοῦ
2607 2024 2860 2083 εἰσελθεῖν
2907 2026 2982 2089 εἰς
3050 2024 3148 2091 τὴν
3218 2024 3548 2081 κατάπαυσιν
3605 2023 3765 2083 αὒτοῦ

2109 2114 2206 2180 τὴν
2267 2112 2520 2181 ἀληθινὴν
2589 2115 2709 2178 τοὺς
2761 2112 3139 2192 βουλομένους.
3202 2113 3343 2180 Αὕτη
3415 2110 3469 2168 δέ
3525 2111 3667 2168 ἐστιν
3725 2113 3763 2180 ἡ

2111 2201 2350 2278 βασιλεία
2379 2209 2485 2259 τῶν
2516 2206 2768 2282 οὐρανῶν.
2807 2227 2835 2259 α
2894 2208 3040 2280 Δοκῇ
3084 2225 3164 2266 τις
3220 2199 3271 2267 ἐξ
3327 2204 3476 2278 ὑμῶν
3530 2203 3763 2281 ὑστέρη-

2110 2289 2281 2351 κέναι.
2329 2313 2349 2347 ι
2414 2282 2787 2371 ιΥστερηκέται
2861 2293 2933 2357 εἰς
2976 2294 3039 2347 τὸ
3104 2288 3381 2371 εἰσελθεῖν.
3453 2287 3765 2370 Ἀνεπαχθῆ

2110 2377 2165 2434 δὲ
2212 2380 2302 2436 τὸν
2372 2377 2534 2457 λόγον
2572 2370 2760 2437 ποιῶν
2811 2380 2905 2437 οὒκ
2974 2381 3153 2452 εἶπεν,
3217 2370 3546 2458 ιΥστερήσει,
3603 2376 3764 2459 ἀλλὰ,

2115 2473 2258 2549 boui}
2313 2469 2617 2548 ὑστερίζειν,
2670 2491 2698 2523 α
2747 2466 2895 2526 Ἀλλ’
2952 2471 3049 2525 οὒκ
3104 2466 3379 2549 ὠφέλησεν
3424 2469 3452 2523 6
3519 2467 3692 2546 λόγος.
3734 2491 3763 2523 n

2114 2547 2266 2636 ιΟρᾷς
2319 2554 2400 2613 ὅτι
2443 2547 2611 2613 τοῦτο
2667 2556 2836 2637 λέγει,
2909 2557 3016 2632 ὅτι,
3077 2547 3235 2616 Οὐδὲν
3306 2558 3444 2633 ὑμᾶς
3500 2555 3767 2638 ὠφελήσει

2108 2647 2172 2702 τὸ
2244 2645 2505 2725 ἂκροατὰς
2548 2646 2786 2727 γενέσθαι
2846 2654 2939 2705 τοῦ
3006 2647 3373 2727 κηρύγματος,
3432 2645 3521 2703 ἐὰν
3552 2647 3630 2722 μὴ
3673 2647 3764 2704 καὶ

2109 2736 2174 2791 τὰ
2216 2734 2341 2816 παρ’
2413 2737 2609 2795 ἑαυτῶν
2667 2737 3021 2816 εἰσενέγκητε,
3082 2736 3320 2795 τουτέστι
3389 2736 3566 2793 πίστιν
3601 2753 3614 2766 ⁸
3650 2735 3766 2793 ἐπεὶ

2113 2823 2249 2900 μηδὲ
2290 2826 2413 2889 τοὺς
2454 2824 2618 2885 πάλαι
2675 2824 2949 2907 ᾧφέλησιν
3007 2828 3036 2883 6
3078 2824 3238 2905 λόγος
3280 2827 3379 2893 τῆς
3424 2823 3587 2893 ἀκοῆς
3642 2823 3760 2882 καθ’

2114 2913 2323 2975 ἑαυτόν.
2367 2934 2390 2969 ι
2427 2915 2517 2982 Μὴ
2546 2914 3002 2995 συγκεκραμένους
3180 2914 3375 2975 πίστει.
3426 2936 3453 2969 ι
3487 2912 3761 2984 Τουτέστι,

2115 3002 2193 3078 μὴ
2224 3002 2677 3082 ἀνακεκραμένους
2707 3006 2837 3084 πρὸς
2868 3005 3057 3074 αὐτήν,
3104 3002 3199 3061 Ἐκ
3241 3001 3296 3059 δὲ
3338 3002 3545 3080 τούτου,
3571 3004 3633 3059 τὸ
3662 3002 3764 3058 ἆν-

2116 3089 2429 3156 ενδοιάστως
2472 3099 2745 3150 πιστεῦσαι
2797 3094 3099 3153 αἰνίττεται.
3145 3090 3494 3157 Ἀκούσαντας
3536 3089 3591 3148 δέ
3633 3113 3765 3172 φησι

2113 3181 2232 3244 τοὺς
2294 3180 2698 3247 πιστεύσαντας.
2753 3179 2983 3239 Ἐκεῖνοι
3038 3182 3138 3261 γὰρ
3193 3178 3356 3246 ὅντως
3412 3178 3666 3253 ἤκουσαν,
3713 3183 3762 3237 οἱ

2111 3271 2198 3326 καὶ
2243 3270 2647 3335 πιστεύσαντας.
2709 3270 2862 3350 Λέγει
2906 3269 2960 3327 δὲ
3016 3273 3133 3351 περὶ
3189 3268 3366 3337 Ἰησοῦ
3422 3271 3511 3327 καὶ
3559 3266 3761 3332 Χαλέό.

2110 3366 2275 3417 Τοῦτο
2302 3357 2358 3416 δέ
2388 3381 2547 3440 φησιν
2582 3377 2597 3391 ⁸
2633 3364 2740 3419 Οὔκ
2770 3360 3046 3442 ὠφέλησεν
3075 3363 3104 3418 6
3128 3407 3141 3413 -
3160 3360 3320 3438 λόγος
3350 3363 3449 3426 τῆς
3481 3357 3646 3425 ἅκοῆς
3673 3359 3766 3417 τὸν

2110 3448 2263 3530 λαὸν,
2298 3451 2375 3526 μὴ
2403 3450 2825 3529 συγκεκραμένον
2884 3452 2972 3508 καὶ
3041 3454 3157 3508 οἷον
3215 3447 3642 3528 ἀνακεκραμένον
3670 3449 3759 3504 καὶ

2109 3539 2433 3617 μεμιγμένον
2475 3541 2564 3597 καὶ
2595 3539 2868 3615 ἡνωμένον
2898 3540 2952 3597 ἐν
2980 3546 3048 3618 τῇ
3077 3539 3252 3596 πίστει
3283 3551 3401 3602 τοῖς
3445 3538 3752 3617 ἀκούσασιν,

2107 3627 2269 3706 ἤγουν
2295 3642 2414 3693 τοῖς
2445 3629 2578 3710 ἀμφὶ
2601 3631 2690 3687 τὸν
2724 3630 2927 3697 Ἰησοῦν
2952 3630 3282 3688 πιστεύσασι.
3306 3664 3385 3676 -
3415 3626 3637 3707 [ΦΩΤ,]
3670 3627 3760 3694 Μὴ

2110 3717 2585 3798 συγκεκραμένους,
2618 3718 2778 3798 φησί,
2839 3733 2958 3783 τοῖς
2989 3719 3262 3792 ἀκούσασι,
3326 3715 3585 3792 τουτέστι,
3636 3728 3757 3782 τοῖς

2110 3808 2508 3866 πεπιστευκόσι.
2558 3814 2678 3873 Πῶς
2706 3806 2760 3863 δὲ
2801 3808 2869 3877 ἦν
2927 3810 3109 3872 αὺτοῖς
3169 3810 3567 3887 ωγκραθῆναις
3598 3814 3664 3863 Εν
3694 3811 3762 3882 τῇ

2108 3898 2303 3973 πίστει,
2335 3898 2489 3978 φησί,
2520 3896 2755 3953 τουτέστι
2786 3895 2867 3955 διὰ
2912 3897 3163 3960 πίστεως.
3212 3898 3269 3954 Εἰ
3326 3897 3425 3975 γὰρ
3454 3894 3765 3952 ἐπίστευσαν

2109 3987 2249 4041 οὗτοι
2280 3984 2460 4063 ὥσπερ
2518 3985 2786 4061 κάκεῖνοι,
2851 3987 2922 4051 εἰς
2978 3985 3033 4041 ἓν
3088 3984 3150 4041 ἂν
3222 3982 3635 4058 συνηλαύνοντο,
3667 3981 3765 4050 τῆς

2109 4076 2339 4137 πίστεως
2368 4077 2487 4131 οἷον
2520 4072 2645 4131 κολ)
2658 4074 2804 4141 ώσης
2849 4075 3036 4138 αὐτοὺς
3066 4074 3155 4131 καὶ
3184 4072 3577 4152 συγκιρνώσης,

2199 4184 2224 4221 n
2274 4164 2638 4244 Εἰσερχόμεθα
2680 4165 2779 4242 γὰρ
2824 4167 2897 4228 εἰς
2941 4165 3039 4231 τὴν
3068 4163 3398 4220 κατάπαυσιν
3469 4164 3517 4219 οἰ
3546 4161 3769 4217 πιστεύ-

371 4249 666 4324 didimus,
698 4248 1213 4328 quemadmodum
1261 4248 1423 4310 dixit
1458 4268 1472 4308 :
1504 4246 1681 4310 Sicut
1718 4249 1938 4325 juram’
1967 4248 2024 4308 in

2114 4274 2325 4326 σαντες,
2388 4254 2563 4319 καθὼς
2633 4253 2873 4333 εἴρηκεν,
2959 4245 3049 4319 Ὦς
3138 4253 3325 4328 ὣμοσα
3385 4250 3438 4307 ἐι
3508 4254 3577 4317 τῆ
3634 4251 3769 4329 ὀργῇ

373 4339 475 4399 ira
503 4307 666 4415 mea;
693 4307 764 4399 ἓξ
792 4336 1136 4399 introibant
1178 4338 1246 4398 in
1300 4336 1577 4417 requiem
1620 4307 1843 4417 meum,
1895 4336 2024 4400 licet

2123 4307 2325 4326 77V_‘7"
2390 4307 2561 4319 "hvv"
2639 4307 2873 4333 Virrr'v"
2979 4307 3049 4319 777‘
3148 4307 3246 4328 7‘77
3565 4307 3577 4317 '
3665 4307 3676 4329 I
3710 4307 3769 4327 ιι·

2114 4364 2240 4418 μου,
2317 4344 2376 4399 Εἰ
2449 4341 2831 4399 εἰσελεύσονται
2910 4344 2983 4406 εἰς
3075 4344 3174 4408 τὴν
3243 4339 3570 4400 κατάπαυσίν
3644 4359 3770 4414 μου,

372 4427 655 4507 operibus
699 4445 738 4486 a
766 4425 1189 4488 constitutione
1231 4426 1449 4486 mundi
1496 4424 1800 4504 perfectis.
1848 4424 2031 4488 Discit

372 4517 537 4579 enim
574 4514 836 4596 quodam
883 4520 950 4576 in
993 4513 1123 4576 loco
1147 4514 1222 4576 de
1250 4514 1505 4593 septimo
1531 4513 1633 4575 die
1658 4514 1746 4576 sic
1772 4531 1791 4575 :
1817 4513 1904 4577 Et
1928 4532 2027 4577 re-

367 4605 593 4686 quievit
641 4603 805 4667 Deus
852 4603 950 4667 die
997 4603 1249 4683 septimo
1306 4602 1381 4665 ab
1433 4602 1710 4666 omnibus
1750 4603 2030 4682 operibus

366 4695 521 4759 suis.
546 4695 630 4756 Et
647 4695 714 4757 in
742 4694 852 4757 hoc
880 4709 1131 4755 rursum
1162 4712 1184 4754 :
1208 4690 1282 4755 Si
1312 4690 1652 4755 introibant
1672 4691 1740 4754 in
1762 4693 2027 4772 requiem

371 4801 574 4849 meam
586 4830 601 4845 .
1499 4821 1503 4825 η

448 4872 884 4938 Testimonium
917 4890 1155 4954 quoque
1195 4870 1430 4934 induxit
1458 4888 1530 4933 ex
1562 4890 1679 4952 quo
1736 4870 1797 4932 id
1831 4871 2028 4934 mani-

372 4964 590 5027 festum
619 4963 899 5026 faciat.Et
912 4961 1049 5025 vide
1071 4962 1374 5044 quomodo
1395 4962 1458 5023 id
1480 4961 2026 5039 astruat.0mnino,

371 5053 590 5136 inquit,
608 5070 859 5117 necesse
879 5061 969 5115 est
985 5060 1048 5113 ut
1062 5052 1245 5133 aliqui
1262 5051 1671 5136 ingrediantur
1683 5050 1746 5112 in
1757 5050 2027 5131 requiem

370 5142 500 5220 Dei,
533 5160 610 5204 ne
664 5161 813 5205 vane
860 5161 929 5204 ac
986 5149 1213 5203 temere
1257 5140 1335 5203 sit
1386 5140 1702 5222 promissa.
1736 5138 2025 5213 Quoniam

367 5252 508 5316 ergo
539 5234 627 5297 illi
658 5255 778 5297 non
806 5241 944 5297 sunt
971 5234 1228 5313 ingressi
1262 5233 1501 5315 (juravit
1529 5233 1693 5296 enim
1723 5233 1887 5313 ipsos
1909 5252 2028 5295 non

364 5323 1021 5404 ingressuros)necesse
1037 5332 1127 5385 est
1146 5333 1358 5400 utnos,
1385 5322 1712 5386 dummodo
1739 5321 2017 5399 velimns,

368 5411 800 5493 ingrediamur,
823 5420 885 5473 at
909 5430 1028 5473 non
1060 5412 1187 5492 jam
1228 5413 1297 5474 in
1327 5412 1695 5493 ﬁgurativam
1722 5410 2019 5493 requiem,

370 5501 477 5564 sed
503 5501 566 5564 in
594 5517 799 5564 verum
843 5516 1096 5580 regnum
1135 5502 1448 5565 caelorum.
1484 5500 1830 5582 Quanquam
1860 5499 2021 5561 enim

366 5590 479 5655 ﬁlii
510 5590 751 5654 illorum
781 5588 1036 5671 ingressi
1058 5588 1178 5652 sint
1204 5591 1263 5653 in
1292 5597 1512 5653 terram
1559 5588 1935 5671 promissam,
1966 5597 2024 5651 at

363 5688 425 5746 at
470 5699 629 5747 nunc
690 5679 866 5744 aliam
911 5678 1121 5744 deﬁnit
1168 5678 1438 5762 requiem
1469 5697 1577 5760 per
1620 5678 1834 5742 David.
1867 5677 2020 5752 Quid

2109 4431 2281 4486 καίτοι
2353 4438 2459 4488 τῶν
2532 4431 2700 4511 ἔργων
2759 4431 2865 4488 ἀπὸ
2936 4427 3241 4498 καταϐολῆς
3349 4428 3553 4503 κόσμου
3613 4448 3771 4506 γενη-

2108 4517 2326 4578 θέντων.
2404 4517 2605 4598 Εἵρηκε
2661 4519 2762 4598 γὰρ
2846 4541 2947 4576 που
3024 4520 3142 4597 περὶ
3210 4522 3311 4585 τῆς
3376 4513 3627 4591 ἑϐδόμης,
3686 4514 3772 4570 οὖ-

2110 4628 2215 4671 τως
2251 4614 2269 4641 ⁸
2306 4609 2403 4666 Καὶ
2432 4608 2759 4665 κατέπαυσεν
2809 4611 2837 4665 6
2891 4609 3021 4671 Θεὸς
3070 4606 3123 4663 ἐν
3173 4613 3244 4684 τῇ
3308 4605 3480 4684 ἆμέρᾳ
3546 4608 3615 4680 τῇ
3675 4600 3767 4659 ἒϐ-

2112 4696 2251 4774 δόμῃ
2282 4697 2387 4754 ἀπὸ
2458 4698 2674 4755 πάντων
2726 4704 2833 4755 τῶν
2892 4696 3068 4778 ἔργων
3115 4695 3292 4754 αὐτοῦ.
3353 4695 3452 4753 Καὶ
3506 4690 3562 4749 ἒν
3602 4693 3771 4767 τούτῳ

2110 4786 2297 4862 πάλιν,
2331 4788 2390 4845 Εἰ
2416 4785 2797 4844 εἰσελεύσονται
2829 4789 2903 4851 εἰς
2934 4787 3034 4854 τὴν
3061 4784 3390 4843 κατάπαυσίν
3420 4804 3523 4859 μου
3556 4797 3571 4811 '
3613 4804 3637 4862 ε

2113 4877 2213 4934 Καὶ
2274 4860 2431 4933 πόθεν
2505 4874 2687 4956 δῆλοῖ,
2762 4875 3005 4955 ἐπήγαγε
3060 4874 3160 4942 τὴν
3234 4871 3541 4952 μαρτυρίαν.
3621 4860 3773 4949 υΟρςι

2112 4964 2233 5023 οἷον
2264 4967 2670 5037 κατασκευάζει.
2737 4971 2908 5041 Πᾶσα,
2970 4965 3153 5046 φησὶν,
3209 4963 3417 5041 ἀνάγκη
3475 4961 3621 5025 τινὰς
3669 4962 3776 5015 εἰσ-

2110 5052 2285 5111 ελθεῖν
2317 5057 2390 5117 εἰς
2448 5055 2549 5122 τὴν
2606 5055 2933 5111 κατάπαυσιν
3006 5060 3097 5111 τοῦ
3141 5059 3292 5127 Θεοῦ,
3355 5050 3447 5107 ἵνα
3519 5049 3598 5124 μὴ
3653 5049 3770 5125 μά-

2109 5164 2210 5209 την
2240 5144 2327 5200 καὶ
2385 5141 2567 5208 ἆπλῶς
2636 5149 2673 5220 ᾖ
2744 5139 3147 5222 ἐπηγγελμένη.
3223 5139 3373 5199 Ἐπεὶ
3427 5137 3515 5197 οὗν
3571 5136 3771 5194 ἐκεῖνοι

2110 5233 2202 5289 οὒκ
2286 5230 2553 5309 εἰσῆλθον,
2616 5232 2812 5309 (ὤμοσε
2857 5234 2957 5311 γὰρ
3028 5231 3106 5307 μὴ
3169 5228 3446 5302 εἰσελθεῖν,
3529 5225 3768 5306 αὖτοὺς,)

2109 5320 2317 5400 ἀνάγκῃ
2367 5323 2536 5397 ἡμᾶς,
2599 5322 2643 5378 εἰ
2699 5319 3109 5399 βουληθείημεν,
3169 5317 3426 5375 εἰσελθεῖν
3482 5314 3603 5373 ἀλλ’
3677 5317 3773 5372 οὐκ

2107 5409 2183 5468 ἔτι
2214 5412 2286 5475 εἰς
2314 5411 2414 5479 τὴν
2442 5411 2670 5478 τοπικὴν
2696 5410 3050 5484 κατάπαυσιν,
3097 5407 3214 5465 ἀλλ’
3274 5410 3346 5473 εἰς
3414 5406 3513 5473 τὴν
3570 5403 3767 5471 ἀληθι-

2105 5501 2202 5569 νὴν
2231 5502 2333 5569 τὴν
2361 5499 2633 5579 βασιλείαν
2687 5504 2794 5555 τῶν
2866 5502 3123 5579 οὐρανῶν,
3186 5499 3246 5555 Εἰ
3297 5497 3398 5577 γὰρ
3457 5495 3545 5551 καὶ
3585 5516 3615 5550 ο
3669 5495 3771 5551 υἰοί

2103 5590 2318 5649 bieiva
2388 5590 2626 5660 εἰσῆλθον
2683 5591 2755 5655 εἰς
2818 5589 2917 5657 τὴν
2975 5586 3394 5667 ἐπηγγαλμένην
3438 5584 3564 5663 γῆν,
3631 5581 3770 5641 ἀλλᾶ

2103 5681 2191 5737 καὶ
2249 5689 2336 5741 νῦν
2395 5679 2578 5759 ἑτέραν
2635 5679 2790 5758 ὁρίζει
2861 5676 2946 5735 διὰ
3006 5687 3099 5738 τοῦ
3189 5674 3359 5735 Δαυῗδ
3414 5673 3771 5737 κατάπαυσιν.
