4132 6428
355 356 476 426 313

1441 365 1843 432 COMMENT.
1887 368 1972 432 IN
2015 369 2260 432 EPIST.
2307 371 2409 434 AD
2451 371 2679 434 HEBR.

3637 353 3752 432 31‘4

350 491 502 554 Ἐπεὶ
528 495 581 552 τί
621 495 865 573 βούλεται
925 502 1112 583 αὐτῷ,Δ
1164 499 1249 574 τὸ,
1313 500 1560 580 Σήμερον
1605 500 1692 558 ἐὰν
1750 505 1850 569 τῆς
1893 523 2005 582 φω-

2101 518 2356 583 namque
2406 503 2568 566 aliud
2629 502 2740 566 sibi
2794 504 2966 568 vult:
3011 502 3204 567 Hodie
3261 503 3312 566 si
3361 521 3566 566 vocem
3621 503 3755 583 ejus

348 590 450 652 νῆς
493 586 651 642 αὑτοῦ
679 585 942 656 ἀκούσητε
975 607 992 668 ;
1031 610 1060 644 σ
1097 577 1188 655 Ὠς
1240 587 1429 665 ὤμοσα
1471 577 1525 647 ἐν
1569 596 1634 666 νῇ
1659 591 1793 669 ὀργῇ
1819 577 1942 668 μου,
1980 615 2008 647 ι

350 673 536 733 Καίτοι
596 673 731 744 αὕτη
791 678 1069 759 μαρτυρία,
1118 682 1180 738 οὐ
1234 686 1328 736 τοῦ
1382 681 1528 756 ἡμᾶς
1601 681 1723 744 τοὺς
1789 681 2010 738 πιστεύ-

349 785 546 828 σαντας
603 764 856 824 εἰσελθεῖν
905 769 977 832 εἰς
1035 768 1136 835 τὴν
1183 769 1512 825 κατάπαυσιν
1565 776 1658 826 τοῦ
1717 777 1848 828 Θεοῦ
1899 770 2010 828 ἐστι

345 862 681 936 σημαντικὴ,
738 855 878 913 ἀλλὰ
945 867 1038 918 τοῦ
1093 856 1322 922 ἐκείνους
1381 863 1460 935 μὴ
1519 857 1801 922 εἰσελθεῖν,
1861 857 2007 922 Ἀλλ’

344 944 514 1018 αύτῷ,
578 947 760 1024 φησὶν,
837 951 883 1022 ᾧ
938 947 1132 1005 ἐκεῖνοι
1206 947 1302 1005 οὒκ
1361 950 1602 1016 εἲσῆλθον
1675 950 1819 1019 ἡμᾶς
1900 951 2011 1030 χρὴ

347 1032 632 1097 εἰσελθεῖν.
681 1041 846 1094 Τοῦτο
905 1037 1001 1113 μὲν
1060 1037 1148 1094 οὖν
1207 1038 1416 1118 προϊὼν
1459 1037 1603 1116 λέγει
1664 1037 2007 1120 σαφέστερον.

346 1131 456 1182 Νῦν
509 1121 565 1180 δὲ
619 1125 752 1204 πρὸς
827 1127 996 1202 τούτῳ
1065 1129 1155 1184 καὶ
1225 1126 1401 1184 ἐκεῖνο
1472 1126 1610 1184 θέλει
1677 1125 1869 1203 δεῖξαι,
1927 1125 2008 1184 ὅτι

344 1211 528 1292 ὥσπερ
597 1215 633 1281 ἡ
677 1221 770 1271 τοῦ
825 1214 1100 1274 Σαϐϐάτου
1156 1216 1484 1282 κατάπαυσις
1538 1218 1597 1273 οὐ
1657 1216 1849 1273 κωλύει
1920 1218 2008 1273 καὶ

344 1298 521 1369 ἄλλην
582 1300 825 1381 λέγεσθαι
886 1305 1213 1362 κατάπαυσιν
1269 1305 1368 1374 τήν
1430 1309 1530 1368 τῆς
1602 1303 2008 1383 ἐπηγγελμένης

342 1389 471 1471 γῆς,
547 1389 716 1455 οὕτως
784 1390 900 1450 οὐδὲ
953 1396 987 1462 ἡ
1045 1400 1142 1462 τῆς
1199 1393 1606 1473 ἐπηγγελμένης
1663 1400 1766 1472 γῆς
1817 1393 2006 1454 κωλύει

341 1481 447 1548 τὴν
514 1479 786 1557 βασιλείαν
858 1489 964 1539 τῶν
1029 1483 1260 1561 οὐρανῶν
1336 1483 1576 1562 λέγεσθαι
1653 1483 1998 1543 κατάπαυσιν.

346 1572 498 1627 Ὀθεν
527 1572 616 1627 καὶ
673 1572 978 1650 προστίθησ⁹
1021 1591 1033 1604 ⁰
1085 1572 1266 1630 Καίτοι
1324 1578 1430 1630 τῶν
1470 1571 1636 1653 ἔργων
1681 1573 1789 1630 ἀπὸ
1832 1595 2003 1629 κατα-

343 1656 508 1727 ϐολῆς
551 1659 754 1736 κόσμου
784 1661 1082 1741 γενομένων
1125 1661 1176 1726 ἐξ
1233 1665 1307 1718 ὧν
1360 1662 1691 1720 ἀνεπαύσατο
1761 1665 1788 1719 6
1847 1664 1998 1726 Θεός.

341 1749 454 1807 Οὔκ
519 1749 780 1824 ἐκώλυσε,
837 1752 990 1831 φησὶ,
1063 1753 1150 1808 καὶ
1195 1751 1292 1818 τὴν
1354 1757 1458 1830 γῆν
1513 1751 1609 1819 τῆς
1654 1750 2003 1832 ἐπαγγελίας,

339 1839 673 1898 κατάπαυσιν
703 1839 990 1922 λεχθῆναι,
1047 1864 1074 1896 α
1112 1843 1209 1899 Καί
1251 1865 1332 1898 τοι
1387 1849 1491 1898 τῶν
1537 1841 1726 1922 ἔργων,
1779 1865 1806 1897 »
1867 1843 2006 1900 Εἶτα

2096 591 2405 656 audieritis
2427 592 2458 654 ‘2
2495 615 2524 654 ε
2553 592 2719 657 Sicut
2741 593 2934 674 juravi
2990 594 3052 656 in
3083 593 3172 655 ira
3201 612 3335 656 mea
3371 619 3397 650 ι
3433 592 3608 674 Atqui
3638 593 3753 654 hoc

2098 681 2504 745 testimonium
2535 702 2654 745 non
2683 684 2813 764 ejus
2845 692 2936 745 est
2963 682 3418 763 signiﬁcavitum
3456 681 3614 762 quod
3645 698 3754 742 nos

2093 770 2194 851 qui
2226 771 2598 834 credidimus
2655 772 3029 853 ingredimur
3086 771 3146 833 in
3179 771 3448 854 requiem
3481 770 3613 851 Dei,
3647 769 3753 831 sed

2093 859 2250 941 quod
2284 860 2372 922 illi
2403 880 2521 923 non
2554 861 3004 942 ingrediantur:
3035 880 3239 923 verum
3274 880 3344 922 eo
3369 859 3749 942 ipso,inquit,

2095 967 2212 1022 quo
2243 948 2329 1010 illi
2359 969 2478 1011 non
2535 960 2672 1012 sunt
2731 950 3010 1030 ingressi,
3069 957 3303 1029 oportet
3362 967 3468 1010 nos
3496 947 3749 1028 ingredi.

2094 1035 2400 1118 Siquidem
2460 1040 2572 1102 hoc
2627 1040 2687 1102 in
2721 1058 3035 1120 progressu
3087 1039 3233 1101 dicit
3263 1038 3552 1116 apertius.
3585 1036 3756 1100 Nunc

2092 1145 2232 1188 vero
2255 1136 2469 1208 praeter
2496 1129 2608 1191 hoc
2626 1131 2748 1192 vult
2771 1147 3005 1210 quoque
3025 1127 3172 1190 illud
3200 1127 3754 1207 ostendere,quum-

2091 1215 2415 1278 admodum
2475 1217 2717 1280 Sabbati
2779 1217 3020 1299 requies
3078 1237 3196 1279 non
3237 1224 3394 1279 vetat
3425 1217 3600 1278 etiam
3633 1211 3750 1277 dici

2091 1304 2266 1367 aliam
2319 1307 2588 1388 requiem
2657 1307 2966 1388 promissae
3017 1315 3213 1383 terraa,
3251 1315 3402 1366 34!
3446 1305 3530 1368 ita
3556 1323 3751 1386 neque

2091 1394 2331 1475 requies
2364 1397 2670 1476 promissae
2723 1405 2895 1460 terrae
2949 1405 3104 1459 vetat
3162 1414 3410 1477 regnum
3461 1394 3747 1456 caelorum

2089 1483 2206 1544 dici
2238 1483 2535 1561 requiem.
2570 1484 2739 1548 Unde
2771 1487 2948 1548 etiam
2981 1486 3144 1548 addit
3181 1507 3193 1548 :
3234 1485 3398 1548 Licet
3413 1483 3694 1564 operibus
3715 1501 3750 1544 a

2088 1572 2512 1634 constitutione
2543 1574 2750 1636 mundi
2805 1575 3112 1656 perfectis,
3148 1594 3179 1636 a
3209 1573 3426 1657 quibus
3454 1572 3752 1654 requievit

2090 1662 2270 1736 Deus,
2328 1661 2476 1724 nihil
2536 1663 2719 1725 vetuit
2771 1672 2990 1726 terram
3049 1683 3283 1746 quoque
3335 1660 3752 1744 promissionis

2088 1751 2373 1832 appellari
2389 1753 2658 1834 requiem
2675 1805 2684 1816 .
2703 1753 2901 1816 «Licet
2919 1754 3250 1834 operibus.»
3261 1751 3488 1815 Deinde
3503 1751 3640 1833 quia
3651 1770 3752 1813 vo-

2090 1851 2321 1903 caverat
2353 1843 2620 1924 requiem
2650 1843 2986 1922 (dicebatur
3003 1853 3198 1905 autem
3225 1841 3463 1905 Sabbati
3488 1840 3745 1921 requies)

343 1927 531 1998 ἐπειδὴ
561 1930 687 1987 εἷπε
722 1931 1079 2004 Κατάπαυσιν,
1139 1931 1375 2011 (ἐλέγετο
1420 1930 1474 1988 δὲ
1528 1934 1562 2000 ἡ
1631 1939 1725 1988 τοῦ
1781 1927 1998 1987 Σαϐϐά-

2091 1945 2214 2010 ipse
2267 1930 2412 1992 illud
2472 1932 2743 1994 dissolvit
2792 1941 2844 1994 el
2905 1932 2985 1994 ait
3020 1951 3034 1995 :
3067 1935 3195 1994 .lam
3259 1930 3470 2012 requie
3499 1947 3750 2011 operum

346 2039 444 2103 του
498 2019 871 2100 κατάπαυσις,)
929 2023 1088 2086 αὐτὸς
1170 2021 1372 2079 ἐπιλύει
1463 2023 1588 2081 αὐτὸ
1643 2021 1732 2078 καί
1787 2043 1946 2101 φησιν
1980 2037 1995 2054 ⁸

2091 2020 2444 2095 facta,etiam
2465 2022 2615 2083 hanc
2638 2031 2807 2084 vocat
2824 2041 2888 2083 re
2901 2021 3356 2103 quiem,terram
3375 2038 3588 2098 nempe
3615 2036 3750 2098 pro-

357 2095 514 2174 ’Ἤδη
564 2114 661 2176 τῆς
702 2095 1084 2175 καταπαύσεως
1127 2115 1232 2169 τῶν
1294 2110 1456 2191 ἔργων
1529 2095 1846 2190 γενομένης,
1917 2112 2005 2166 καὶ

2091 2110 2537 2174 missionis.cEt
2561 2112 2850 2193 requievit
2875 2095 3092 2175 Deus.»
3123 2111 3327 2184 Vides,
3358 2095 3566 2191 inquit,
3589 2095 3747 2188 quod

355 2197 559 2264 ταύτην
614 2197 768 2256 καλεῖ
822 2201 1174 2282 κατάπαυσιν,
1223 2201 1320 2268 τὴν
1366 2207 1469 2279 γῆν
1510 2204 1608 2269 τῆς
1662 2197 2004 2278 ἐπαγγελίας.

2093 2199 2226 2261 dum
2255 2199 2374 2261 sint
2402 2192 2690 2282 requies?
2711 2201 2841 2265 Una
2867 2201 2988 2265 diei
3010 2202 3275 2282 septimi,
3297 2200 3356 2262 in
3375 2219 3490 2280 quo
3506 2192 3748 2279 requie-

361 2308 392 2340 α
430 2288 529 2345 Καὶ
571 2286 890 2346 κατέπαυσεν
921 2293 949 2347 6
981 2292 1132 2356 Θεὸς,
1175 2316 1198 2345 ιι
1248 2311 1278 2351 ›
1319 2283 1492 2372 Ὀρᾷς,
1552 2292 1732 2372 φησὶν,
1798 2288 1879 2346 ὅτι
1923 2288 2005 2347 δύο

2093 2289 2174 2349 vit
2199 2289 2355 2352 Deus
2377 2289 2450 2351 ab
2482 2291 2761 2372 operibus
2790 2292 2914 2354 suis
2941 2309 2956 2355 :
2983 2300 3040 2353 et
3061 2309 3176 2352 una
3199 2298 3369 2352 terrae
3397 2287 3746 2368 promissio-

353 2376 454 2432 είσὶ
501 2378 906 2460 καταπαύσειςς
967 2379 1062 2456 μία
1119 2383 1153 2450 ἦ
1218 2387 1316 2448 τῆς
1373 2379 1626 2458 ἑϐδόμης,
1686 2379 1741 2436 ἐν
1783 2382 1819 2458 ᾗ
1875 2402 2005 2437 κατ-

2092 2379 2206 2453 nis,
2241 2379 2317 2441 de
2346 2399 2461 2462 qua
2491 2379 2755 2462 loquitur
2787 2401 2945 2443 nunc
2977 2379 3292 2444 David.Ait
3321 2396 3494 2455 ergo:
3522 2375 3746 2450 Quem-

352 2465 579 2521 ἔπαυσεν
608 2469 636 2524 6
664 2469 795 2532 Θεὸς
840 2468 949 2526 ἀπὸ
981 2472 1087 2526 τῶν
1132 2469 1300 2551 ἔργων
1355 2473 1537 2552 αὐτοῦ,
1583 2471 1670 2526 καὶ
1723 2471 1816 2546 μία
1845 2471 1878 2538 ἡ
1910 2475 2005 2538 τῆς

2092 2469 2412 2530 admodum
2449 2473 2634 2551 prima
2664 2471 2911 2552 requies
2942 2490 3062 2533 non
3108 2468 3289 2531 vetuit
3320 2468 3463 2550 quin
3486 2467 3748 2529 secunda

347 2560 475 2634 γῆς,
509 2557 625 2636 περὶ
653 2559 721 2624 ἧς
743 2580 876 2638 φησι
904 2566 990 2617 νῦν
1035 2562 1063 2618 6
1111 2559 1301 2620 Δαυῖδ.
1350 2551 1568 2640 ’Ὠσπερ
1612 2560 1724 2633 οὖν,
1757 2561 1940 2641 φησὶν,
1971 2561 2005 2628 ἦ

2094 2567 2403 2622 vocaretur
2431 2560 2674 2641 requies
2707 2580 2721 2625 :
2756 2551 2835 2624 ita
2864 2579 3059 2642 neque
3081 2558 3347 2622 secunda
3371 2555 3588 2619 vetabit
3621 2564 3745 2618 ter-

341 2643 534 2723 πρώτη
578 2646 906 2714 κατάπαυσις
959 2649 1054 2706 οὒκ
1109 2649 1344 2708 ἐκώλυσε
1413 2648 1651 2730 δευτέραν
1720 2648 2000 2707 κατάπαυ-

2091 2648 2254 2730 liam,
2288 2667 2505 2730 nempe
2521 2669 2768 2730 regnum
2795 2651 3110 2713 caelorum.
3133 2647 3270 2710 Haec
3293 2653 3490 2710 autem
3513 2644 3746 2726 astruit,

341 2757 430 2792 σιν
483 2737 871 2814 ὀνομασθῆναι,
945 2740 1112 2807 οὕτως
1181 2741 1297 2800 οὒδὲ
1372 2744 1407 2810 ἡ
1497 2741 1708 2819 δευτέρα
1775 2739 2001 2798 κωλύσει

2091 2738 2222 2819 quia
2235 2737 2497 2800 dicturus
2512 2748 2722 2801 estnos
2739 2737 3156 2820 posseingredi
3179 2737 3238 2800 in
3252 2735 3743 2818 requiemipsius.

344 2825 449 2892 τὴν
477 2827 656 2906 τρίτην
686 2828 956 2906 βασιλείαν
1014 2838 1119 2889 τῶν
1177 2832 1432 2908 οὖρανῶν.
1506 2841 1679 2892 Ταῦτα
1722 2828 1776 2887 δὲ
1827 2852 1998 2886 κατα-

2091 2845 2159 2888 ne
2177 2827 2414 2889 audiat:
2442 2827 2614 2909 Atqui
2653 2829 2740 2890 illi
2779 2837 2916 2891 sunt
2938 2827 3196 2907 ingressi
3224 2845 3237 2890 .'
3269 2833 3327 2888 et
3344 2823 3580 2888 tandem
3602 2823 3749 2885 dicit

347 2915 588 2987 σκευάζει
620 2933 636 2948 ⁵
683 2918 765 2975 ὃτι
822 2918 1005 2995 μέλλει
1033 2919 1208 3000 λέγειν
1249 2937 1264 2952 ⁰
1329 2912 1542 2996 Ἠμεϊς,
1586 2922 1765 3002 φησὶν,
1802 2919 2001 3000 ἔχομεν

2091 2916 2259 2978 aliam
2298 2935 2428 2980 esse
2486 2919 2779 3000 requiem.
2835 2918 2961 2989 Est,
3017 2916 3232 2998 inquit,
3266 2915 3441 2977 tertia
3481 2913 3744 3002 requies,

344 3003 608 3063 εισελθετν
638 3009 712 3071 εἰς
753 3008 852 3078 τὴν
885 3011 1218 3068 κατάπαυσεν
1273 3013 1453 3090 αὗτοῦ,
1499 3001 1608 3066 ἵνα
1651 3011 1728 3085 μὴ
1773 3009 1999 3087 ἀκούσῃ,

2091 3025 2304 3088 nempe
2352 3025 2602 3087 regnum
2655 3009 2966 3071 ctelorum.
3030 3007 3101 3068 Et
3161 3005 3384 3066 ibidem
3417 3021 3650 3083 rursus,
3684 3001 3746 3065 Si

344 3095 559 3154 Καίτοι
591 3095 826 3165 εἰσῆλθον
855 3099 1072 3181 ἐκεῖνοι,
1109 3102 1196 3158 καὶ
1224 3100 1377 3166 τέλος
1424 3099 1540 3181 ἔχει
1590 3101 1652 3156 τὸ
1696 3103 1839 3156 εἶναι
1899 3095 2000 3154 ἅλ-

2091 3093 2422 3156 introibunt
2471 3095 2528 3156 in
2596 3097 2872 3178 requiem
2925 3113 3142 3158 meam.
3196 3095 3355 3156 Ecce
3403 3091 3584 3181 igitur
3613 3091 3746 3181 dum

339 3184 451 3253 λην
510 3186 857 3250 κατάπαυσιν.
937 3178 1120 3266 "Em,
1199 3192 1350 3270 φησὶ,
1435 3178 1584 3270 τρίτη
1670 3191 1704 3258 ἡ
1765 3186 2002 3265 βασιλεία

2091 3185 2579 3267 requies,inquit,
2616 3205 2732 3248 una
2764 3185 3004 3267 quidem
3031 3203 3144 3266 qua
3173 3181 3466 3264 requievit
3489 3179 3646 3270 Deus
3665 3179 3744 3270 ab

340 3277 457 3331 ’τῶν
515 3277 767 3356 οὐρανῶν,
838 3279 935 3339 Καὶ
994 3279 1050 3336 ἐν
1131 3267 1302 3354 τούτῳ
1369 3267 1551 3354 πάλιν,
1638 3280 1697 3337 Εἰ
1768 3276 2002 3334 εἰσελεύ-

2091 3273 2394 3353 operibus,
2455 3275 2642 3336 altera
2695 3294 2834 3338 vero
2887 3275 2961 3337 de
3027 3293 3145 3356 qua
3203 3272 3354 3335 dixit
3410 3269 3591 3334 David
3629 3287 3643 3331 :
3680 3267 3744 3332 Si

343 3387 534 3423 σονται
598 3367 672 3429 είς
727 3366 830 3435 τὴν
879 3370 1204 3427 κατάπαυσίν
1267 3393 1390 3446 μου.
1469 3368 1600 3427 Ἰδοὺ
1661 3368 1770 3437 οὖν,
1847 3369 1996 3447 φησὶ,

2091 3362 2416 3424 introibunt
2446 3362 2508 3425 in
2537 3365 2808 3445 requiem
2843 3384 3056 3426 meam.

342 3453 440 3511 δύο
468 3456 844 3520 καταπαύσεις.
893 3458 998 3514 Μία
1027 3459 1124 3534 μὲν
1155 3457 1276 3516 ἔνθα
1315 3457 1646 3516 κατέπαυσεν
1677 3460 1704 3515 6
1737 3458 1865 3521 Θεὸς
1897 3455 2002 3512 ἀπὸ
2031 3457 2136 3510 τῶν
2169 3453 2356 3532 ἔργων,
2406 3454 2556 3533 ἑτέρα
2613 3453 2666 3510 δὲ
2709 3457 2743 3524 ἡ
2775 3455 2905 3512 ἀπὸ.
2936 3462 3028 3512 τοῦ
3116 3451 3280 3513 Δαυ’ίδ
3361 3449 3639 3530 εἰρημένη,
3687 3443 3744 3507 Εἶ

346 3543 735 3604 εἰσελεύσονται
767 3549 841 3611 εἷς
882 3548 982 3616 τὴν
1011 3549 1335 3608 κατάπαυσίν
1379 3572 1503 3626 μου.

443 3655 468 3691 ι
517 3632 666 3692 Ἐπεὶ
695 3636 784 3692 οὖν
813 3636 1155 3696 ἀπολείπεταί
1209 3663 1354 3705 τινας
1399 3639 1654 3698 εἰσελθεῖν
1710 3641 1784 3705 εἷς
1814 3639 2002 3718 αὖτὴν,

2170 3630 2266 3713 IV,
2289 3634 2466 3695 5-10.
2502 3635 2908 3713 Posteaquam
2921 3635 3114 3713 igitur
3133 3633 3292 3696 itlud
3312 3630 3612 3709 reliquum
3633 3637 3741 3704 est,

344 3725 442 3781 καὶ
471 3726 520 3780 οἱ
549 3724 802 3804 πρότερον
856 3728 1308 3806 εὐαγγελισθέντες
1347 3734 1442 3790 οὒκ
1473 3728 1711 3795 εἰσῆλθον
1742 3727 1808 3785 δι’
1853 3729 2005 3786 ἀπεί-

2091 3721 2322 3800 aliquos
2345 3723 2606 3785 introire
2627 3724 2692 3785 in
2713 3733 2938 3798 eam,et
2952 3722 3174 3804 quibus
3186 3724 3366 3802 prius
3377 3723 3748 3797 [uitaunun-

341 3818 520 3888 θειαν,
573 3815 734 3870 πάλιν
800 3817 918 3872 τινὰ
973 3819 1128 3896 ὁρίζει
1171 3819 1374 3899 ἡμέραν
1437 3820 1669 3898 σήμερον
1727 3817 1780 3873 ἐν
1843 3817 2005 3878 Δαυλιδ

2091 3816 2306 3872 tiatum
2325 3829 2441 3873 non
2458 3813 2832 3874 introierunt
2843 3821 3093 3893 propter
3105 3809 3748 3899 incredulitutemn'ur-

343 3902 527 3981 λέγων
571 3905 708 3978 μετὰ
751 3913 1004 3963 αοσοῦτον
1035 3907 1255 3988 χρόνον,
1284 3897 1462 3974 καθὼς
1493 3897 1727 3989 εἴρηται,
1762 3909 2005 3985 Σήμερον

2091 3917 2220 3961 sum
2246 3901 2562 3980 quemdam
2570 3902 2840 3981 prce/init
2861 3902 3022 3964 diem
3045 3901 3220 3964 hodie
3232 3900 3296 3961 in
3312 3897 3748 3989 Duuid,dicens

343 3993 441 4050 ἐὰν
482 3997 582 4059 τῆς
641 3998 823 4072 φωνῆς
873 3985 1366 4079 αὺτοῦ-νᾶκούσητε,
1412 3998 1489 4073 μὴ
1535 3985 1866 4077 σκληρύνητε
1911 3996 2004 4060 τὰς

2091 3995 2221 4079 post
2247 3997 2487 4052 tantum
2513 3996 2821 4070 temporis,
2851 3989 3351 4079 quemadmodum
3374 3985 3606 4079 dictum
3637 3992 3745 4079 est:

339 4081 564 4161 καρδίας
592 4083 764 4158 ὑμῶν.
807 4086 864 4142 Ei
920 4085 1019 4164 γὰρ
1072 4085 1258 4152 αὖτοὺς
1292 4084 1495 4154 Ἰησοῦς
1524 4087 1872 4156 κατέπαυσεν,
1912 4090 2005 4146 ούκ

2091 4077 2283 4141 Hodie
2295 4083 2357 4140 si
2373 4097 2574 4142 vocem
2613 4082 2741 4160 ejus
2769 4081 3211 4154 audieritz's,ue
3232 4075 3537 4140 obduretis
3560 4072 3754 4136 conia

344 4169 414 4226 ἂν
472 4171 588 4248 περὶ
644 4169 815 4240 ἄλλης
886 4172 1061 4230 ἐλάλει
1122 4176 1265 4252 ματὰ
1321 4176 1488 4234 ταῦτα
1555 4175 1786 4256 ἡμέρας.
1859 4166 2005 4255 ’Ἄρα

2091 4167 2626 4230 vestra.Namsz‘eis
2642 4172 2814 4232 Jesus
2830 4175 3100 4249 requiem
3118 4168 3754 4249 praestitissetmequa-

346 4257 692 4318 ἀπολείπεται
747 4259 1108 4340 σαϐϐατισμὸς
1168 4272 1246 4340 τῷ
1293 4265 1406 4341 λαῷ
1462 4273 1554 4324 τοῦ
1613 4273 1766 4326 Θεοῦ.
1818 4256 1875 4324 ιΟ
1904 4267 2004 4344 γὰρ

2092 4274 2276 4336 quam
2297 4257 2372 4319 de
2395 4257 2523 4320 alio
2542 4259 2788 4336 posthac
2807 4260 2909 4321 die
2927 4259 3160 4321 locutus
3179 4256 3628 4336 fuissetJtaque
3651 4270 3752 4314 re-

349 4347 599 4405 εῑσελθῶν
629 4352 701 4415 εἷς
745 4352 1230 4455 τὴνβατάπαυσιν
1291 4358 1472 4424 αὺτοῦ,
1533 4357 1620 4413 καὶ
1663 4355 1790 4412 αὒτὸ
1845 4354 2008 4412 κατέ·
2029 4345 3064 4455 Dlinquitursabbatismuspopulo
3082 4348 3379 4450 Dei.Nam
3395 4346 3498 4446 qui
3517 4345 3750 4455 ἐπῃνέθ-

346 4458 547 4495 παυσεν
589 4439 694 4496 ἀπὸ
723 4445 829 4496 τῶν
859 4437 1027 4521 ἔργων
1059 4447 1241 4518 αὐτοῦ,
1275 4446 1455 4523 ὥσπερ
1484 4443 1590 4500 ἀπὸ
1633 4449 1740 4500 τῶν
1783 4441 1923 4501 ἰδίων
1981 4446 2005 4500 6

2091 4454 2194 4497 sus
2217 4444 2301 4498 est
2324 4438 2390 4498 in
2439 4439 2707 4518 requiem
2734 4438 2924 4514 illius,
2948 4445 3002 4500 et
3037 4439 3164 4518 ipse
3188 4434 3482 4515 requievit
3505 4433 3580 4495 ab
3611 4449 3750 4513 ope-

348 4527 510 4591 Θεός.
544 4551 574 4584 ι
2093 4524 2266 4588 ribus
2293 4528 2441 4606 suis,
2478 4529 2982 4608 quemadmodum
3008 4548 3044 4588 a
3063 4528 3191 4590 suis
3221 4525 3404 4588 Deus.

437 4613 584 4674 Ἐπεὶ
611 4617 699 4676 οὗν
750 4617 1018 4697 ὀφείλουσί
1072 4641 1212 4683 τινες
1255 4621 1468 4685 πάντως
1526 4620 1783 4679 εἰσελθεῖν
1855 4620 2005 4680 ἐκεῖ·

2176 4623 2338 4674 διε
2373 4615 2663 4689 Quoniam
2698 4617 2875 4697 igitur
2903 4616 3083 4697 aliqui
3131 4613 3375 4676 omnino
3407 4609 3627 4673 debent
3650 4609 3748 4670 in-

344 4727 430 4762 νοι
475 4703 528 4761 δὲ
557 4708 651 4764 οῦκ
693 4705 934 4775 εἰσῆλθον
983 4711 1056 4774 εἷς
1115 4709 1214 4778 τήν
1270 4715 1370 4777 τῆς
1427 4710 1836 4790 ἐπηγγελμένης
1906 4718 2005 4792 γῆς

2093 4703 2380 4782 gredi,illi
2400 4715 2596 4767 autem
2615 4705 2871 4784 ingressi
2901 4725 3020 4767 non
3035 4715 3166 4766 sunt
3182 4704 3239 4764 in
3257 4701 3561 4792 promissae
3579 4707 3749 4792 terra;

338 4793 698 4880 κατάπαυσιν,
755 4797 914 4854 πάλιν
999 4797 1168 4866 ἄλλην
1247 4799 1428 4878 τρίτην
1509 4787 1664 4880 ὁρίζει
1734 4787 2005 4858 κατάπαυ-

2097 4792 2391 4874 requiem,
2423 4794 2598 4856 aliam
2655 4813 2890 4856 rursum
2945 4793 3154 4855 deﬁnit
3186 4790 3418 4880 tertiam
3451 4787 3743 4880 requiem,

335 4906 426 4941 σιν
463 4901 478 4916 ·
572 4873 720 4966 υΙνα,
796 4887 944 4965 φησὶ,
1035 4889 1124 4944 καὶ
1198 4873 1292 4953 εἷς’
1342 4888 1506 4956 αζτὴν
1541 4873 1846 4947 ἐῖσέλθωσί
1923 4912 2005 4946 τι-

2098 4890 2160 4943 ut
2188 4882 2247 4943 in
2275 4883 2486 4962 ipsam,
2518 4883 2736 4965 inquit,
2757 4884 2938 4945 etiam
2965 4881 3151 4962 aliqui
3180 4875 3749 4956 ingrediantur.Nisi

332 4995 450 5036 νες.
527 4973 599 5031 Οὔ
655 4975 755 5052 γὰρ
809 4974 870 5030 ἂν
925 4977 972 5034 εἷ
1029 4977 1106 5053 μὴ
1164 4978 1346 5056 τρίτην
1403 4982 1530 5058 εἶχε
1600 4978 1928 5036 κατάπαυσιν
1984 4982 2012 5037 6

331 5063 496 5138 Θεὸς,
527 5062 744 5139 ἔμελλε,
806 5065 961 5144 φησὶ,
1007 5064 1181 5144 λέγειν
1217 5085 1233 5101 ⁸
1282 5068 1529 5144 Σήμερον
1584 5066 1674 5124 ἐὰν
1733 5069 1834 5134 τῆς
1889 5091 2008 5149 φω-

337 5156 444 5218 νῆς
513 5151 671 5210 αὐτοῦ
724 5153 1010 5231 ἀκούσητε,
1096 5155 1174 5232 μὴ
1255 5155 1586 5236 σκληρύνητε
1645 5156 1740 5220 τὰς
1798 5155 2010 5237 καρδίας

339 5243 520 5320 ὑμῶν,
567 5243 639 5305 ὡς
696 5243 912 5306 πάντως
968 5245 1130 5312 οὔσης
1183 5247 1590 5318 καταπαύσεως,
1654 5248 1716 5302 οὗ
1770 5243 1854 5302 δεῖ
1907 5248 2010 5302 εἷσ-

335 5329 518 5386 ελθεϊν
585 5332 708 5397 τοὺς
768 5333 848 5407 μὴ
909 5331 1301 5412 σκληρύνοντας
1371 5335 1466 5398 τάς
1521 5331 1736 5412 καρδίας
1809 5336 2002 5396 ανῦτῶν,

335 5417 498 5476 Ἐπεί
525 5440 602 5476 τοι
631 5441 693 5500 γε
753 5419 1032 5500 ἀνωφελὴς
1093 5421 1154 5478 ἂν
1213 5421 1279 5490 ἦν
1322 5423 1357 5491 ἡ
1383 5421 1650 5495 ὡπακοὴ,
1714 5421 1792 5496 μὴ
1847 5421 2006 5488 οὔσης

330 5510 750 5572 καταπαύσεως.
830 5508 977 5576 Μηδέ
1051 5509 1212 5578 οὔσης
1271 5510 1617 5587 ἆντιμισθίας.
1674 5507 1830 5575 Εἶδες
1886 5510 2003 5574 πῶς

326 5599 744 5679 κατεσκεύασες
847 5600 937 5666 Μὴ
991 5599 1344 5681 σκληρύνητε,
1405 5601 1520 5681 ἵνα,
1580 5601 1763 5679 φησὶν,
1825 5598 2000 5658 εἰσέλ-

323 5690 464 5756 θητε
507 5689 581 5756 είς
618 5689 721 5758 τὴν
773 5688 1127 5754 κατάπαυσιν,
1171 5680 1228 5750 ι0
1285 5680 1384 5770 γὰρ
1428 5680 1612 5767 εἰπὼν,
1663 5686 1743 5746 ὅτι
1801 5688 2000 5748 ἐκεῖνοι

2096 4970 2256 5032 enim
2288 4970 2446 5033 Deus
2478 4971 2708 5036 tertiam
2743 4971 2992 5034 haberet
3039 4968 3340 5051 requiem,
3373 4983 3747 5046 nequaquam

2094 5059 2366 5122 dicturus
2397 5072 2523 5122 erat
2553 5079 2566 5124 :
2599 5060 2794 5124 Hodie
2821 5060 2871 5121 si
2912 5078 3116 5122 vocem
3145 5059 3277 5138 ejus
3307 5054 3638 5128 audieritis,
3673 5072 3749 5116 ne

2093 5147 2404 5210 obduretis
2429 5149 2611 5212 corda
2642 5157 2836 5212 vestra
2871 5166 2885 5210 :
2939 5151 3016 5209 ita
3048 5153 3112 5211 ut
3143 5145 3386 5208 omnino
3418 5143 3492 5205 sit
3514 5143 3752 5224 requies

2092 5237 2152 5298 in
2209 5257 2385 5319 quam
2419 5247 2694 5320 oporteat
2755 5256 2857 5300 eos
2889 5237 3146 5316 ingredi,
3177 5236 3276 5316 qui
3308 5253 3423 5296 non
3455 5232 3750 5293 obdurant

2091 5327 2272 5388 corda
2302 5346 2431 5392 sua.
2493 5327 2986 5409 Quandoquidem
3045 5325 3271 5389 inutilis
3315 5323 3559 5386 omnino
3593 5328 3751 5383 esset

2091 5415 2455 5490 obedientia,
2493 5417 2542 5479 si
2575 5437 2692 5478 non
2716 5417 3131 5498 essetrequies
3164 5433 3355 5496 neque
3390 5430 3747 5475 remunera-

2087 5505 2187 5570 tio.
2225 5503 2436 5568 Vidisti
2461 5507 2758 5588 quomodo
2791 5504 3288 5569 confirmaverit?
3317 5501 3404 5566 Ne
3436 5501 3745 5564 obduretis

2085 5603 2150 5656 ut
2181 5594 2625 5678 ingrediamini,
2653 5595 2867 5678 inquit,
2891 5597 2952 5658 in
2985 5595 3279 5677 requiem.
3313 5591 3622 5668 Siquidem
3646 5589 3744 5651 di-

2084 5683 2277 5750 cendo
2307 5685 2465 5769 quod
2496 5686 2596 5770 qui
2656 5685 3029 5751 obdurarunt
3086 5703 3206 5749 non
3232 5691 3369 5746 sunt
3399 5678 3650 5763 ingressi
3683 5680 3746 5740 in
