4132 6478
407 426 532 492 317
1504 432 1898 494 COMMENT.
1947 431 2031 492 IN
2077 429 2316 491 EPIST.
2367 428 2464 492 AD
2510 433 2738 494 HEBB.
3691 429 3808 492 318

407 569 495 638 τῷ
524 565 665 640 αὖτῷ
706 578 823 630 τοῖς
867 563 1246 646 Ἰσραηλίταις,
1315 555 1530 644 ’Ὠσπερ
1572 565 1670 644 γὰρ
1715 567 1879 641 οὗτοι,
1915 567 2064 646 φησὶ,

2165 562 2342 643 plum.
2381 587 2407 620 ο
2444 565 2561 626 Per
2587 563 2772 640 idem,
2797 584 2933 628 cum
2955 565 3265 629 lsraelitis.
3288 563 3805 639 Quemadmodum

406 654 480 709 τὸ
551 651 712 710 πλέον
779 653 1062 722 ἀνύσαντες
1130 660 1228 723 τῆς
1293 655 1348 711 ἐν
1403 661 1471 732 τῇ
1545 653 1728 734 ἐρήμῳ
1783 652 1924 734 ὁδοῦ,
1985 663 2076 712 τοῦ

2165 652 2318 714 enim
2343 653 2405 715 hi
2427 673 2562 716 cum
2589 656 2877 735 majorem
2897 657 3002 718 viae
3016 665 3241 737 partem
3265 655 3328 717 in
3356 673 3558 717 eremo
3579 654 3811 716 emensi

405 742 617 807 παντὸς
655 740 897 808 ἐξέπεσον
953 741 1037 800 διὰ
1091 744 1188 812 τὴν
1233 744 1504 824 ἀπιστίαν,
1564 745 1640 820 μή
1684 765 1764 808 τις
1822 741 1872 809 ἐξ
1903 745 2072 820 ὑμῶν,

2165 750 2381 819 essent,
2417 742 2491 805 ab
2515 746 2678 806 omni
2699 745 3013 807 commodo
3037 745 3378 808 exciderant
3395 762 3503 825 per
3522 742 3808 804 incredu-

408 836 573 915 φησὶ,
606 843 682 910 τῷ
727 834 835 911 ἴσῳ
875 837 1057 917 τρόπῳ
1084 838 1171 897 καὶ
1212 835 1574 916 δποδείγματι,
1622 837 1756 912 μετὰ
1796 838 2074 900 τοσούτους

2165 830 2407 907 litatem,
2440 835 2582 895 544
2627 854 2703 898 ne
2759 836 2894 917 quis
2943 855 3014 898 ex
3052 835 3216 897 vobis
3270 833 3482 916 aequali
3513 831 3687 894 modo
3718 834 3811 893 vel

405 931 510 988 οῦς
540 924 817 1001 ὑπέμεινεν
846 926 1081 1007 ἀγῶνας,
1123 925 1288 1004 πέσῃ,
1321 927 1400 1003 μὴ
1452 924 1580 1006 ἄχρι
1610 925 1792 991 τέλους
1824 925 2074 1006 ἀνδρισά-

2165 923 2430 1004 exemplo
2457 936 2586 1005 post
2605 932 2765 986 tanta
2785 945 2915 1006 quae
2938 925 3176 1003 pertulit
3194 923 3518 988 certamina
3532 921 3807 984 concidat

411 1035 611 1090 μενος,
650 1037 678 1070 α
713 1019 826 1072 Ζῶν
855 1016 954 1095 γὰρ
985 1019 1012 1073 6
1041 1015 1200 1095 λόγος
1229 1024 1321 1074 τοῦ
1352 1023 1506 1078 Θεοῦ.
1543 1017 1876 1076 »⁸Δείκνυσιν
1905 1015 2076 1094 ἠρέμα

2165 1027 2277 1070 non
2309 1029 2490 1090 agens
2521 1033 2708 1094 usque
2741 1015 2812 1076 ad
2873 1015 3053 1076 linem
3114 1014 3385 1076 viriliter.
3425 1036 3447 1071 σι
3474 1012 3694 1074 Vivens
3717 1018 3809 1072 est

407 1107 512 1162 καὶ
555 1105 621 1161 τὰ
663 1104 801 1162 κατὰ
842 1108 934 1162 τὸν
978 1105 1192 1186 Ἰσραὴλ
1221 1108 1313 1162 τὸν
1343 1107 1568 1186 Χριστὸν
1597 1107 1957 1186 πεποιηκότα,
1986 1107 2076 1163 οὒκ

2165 1100 2320 1160 enim
2377 1121 2574 1165 sermo
2633 1104 2763 1167 Dei.
2804 1128 2826 1162 ο
2861 1104 3134 1168 Ostendit
3181 1105 3409 1167 sensim
3453 1121 3523 1164 ea
3569 1118 3806 1182 quoque

407 1192 604 1276 ἄλλον,
652 1201 765 1252 Ζῶν
825 1195 925 1275 γάρ
980 1195 1114 1276 ἐστι,
1170 1199 1331 1276 φησὶ,
1378 1199 1465 1252 καὶ
1507 1199 1721 1268 ζήσεται
1767 1198 1839 1261 εἰς
1884 1199 2070 1255 αἰῶνα.

2165 1189 2454 1253 Christum
2487 1202 2545 1254 et
2570 1212 2688 1256 non
2721 1194 2898 1256 alium
2943 1204 3248 1276 operatum
3277 1193 3460 1254 fuisse
3489 1210 3620 1272 quae
3649 1189 3811 1251 circa

409 1272 549 1342 "Iv:
576 1283 630 1339 δὲ
667 1286 747 1359 μὴ
779 1272 1066 1361 νομίσωσιν
1101 1272 1471 1350 ’ἐκπίπτοντες
1528 1288 1616 1343 καὶ
1672 1287 2072 1366 παροργίζοντες

2165 1277 2311 1341 filios
2341 1279 2520 1343 Israel
2578 1272 2998 1362 contigerunt:
3037 1283 3178 1345 Nam
3213 1284 3414 1345 vivens
3445 1289 3552 1354 est,
3589 1279 3801 1360 inquit,

405 1374 509 1430 τὸν
581 1375 830 1452 Χριστὸν,
899 1380 1002 1452 γῆς
1066 1374 1458 1454 ἀποτυγχάνειν
1527 1376 1703 1456 ὥσπερ
1762 1379 1808 1433 οἱ
1881 1374 2067 1448 πάλαι,

2165 1375 2215 1429 et
2245 1369 2406 1431 vivet
2424 1371 2484 1432 in
2515 1374 2852 1436 saecula.Ne
2874 1384 3069 1436 autem
3097 1375 3436 1437 existiment
3456 1371 3806 1450 delinquen-

407 1460 774 1542 φοϐερώτερον
819 1477 1052 1520 ποιεῖται
1109 1466 1170 1521 τὸ
1227 1465 1470 1543 πράγμα,
1535 1489 1558 1518 u
1622 1467 1722 1523 Καὶ
1771 1465 2071 1543 τομώτερος

2165 1464 2266 1533 tes,
2304 1468 2362 1520 et
2392 1461 2692 1523 irritantes
2751 1461 3072 1537 Christum,
3124 1473 3284 1525 terra
3314 1465 3506 1523 solum
3534 1457 3807 1520 frustrari

406 1549 546 1631 ὔπὲρ
591 1557 768 1608 πᾶσαν
824 1553 1096 1634 μάχαιραν
1151 1551 1418 1629 δίστομον,
1491 1578 1519 1610 ι)
1583 1544 1709 1612 u[va
1766 1554 1844 1629 μὴ
1915 1552 2073 1631 λόγον

2165 1549 2659 1627 quemadmodum
2721 1560 2975 1634 veteres,
3009 1553 3338 1616 terribilius
3365 1552 3530 1613 addit
3561 1550 3802 1611 factum.

414 1639 762 1716 ἀκούσαντες,
837 1640 1002 1716 μηδὲν
1100 1640 1319 1723 φοϐερὸν
1410 1645 1831 1723 ὑποπτεύσωσιν,
1917 1641 2073 1706 ἐπεξ-

2165 1659 2190 1690 α
2226 1637 2300 1698 Et
2328 1640 2756 1718 penetrabilior
2787 1643 2993 1721 quovis
3024 1644 3216 1723 gladio
3244 1641 3522 1721 utrinque
3547 1637 3811 1700 inciden-

415 1742 635 1806 ηγεϊται
665 1731 728 1787 τὸ
761 1731 1056 1810 εἰρημένον,
1088 1736 1192 1788 τῶν
1242 1733 1367 1814 παρ’
1415 1735 1549 1810 ἡμῖν
1606 1732 1806 1800 δεηθεὶς
1857 1731 2072 1790 ὑποδει-

2165 1732 2238 1788 le.
2276 1752 2302 1784 »
2339 1727 2413 1791 Ut
2441 1731 2542 1810 qui
2572 1750 2912 1792 sermonem
2942 1753 3060 1795 non
3111 1730 3451 1811 audiebant,
3486 1725 3811 1790 terribilius

416 1818 661 1906 γμάτων.
697 1821 771 1878 Οὔ
811 1821 912 1900 γὰρ
969 1819 1143 1887 ἄλλως
1184 1823 1250 1890 ἧν
1298 1826 1594 1901 γνωσθῆναι
1627 1824 1687 1878 τί)
1730 1821 2020 1900 λεγόμενον
2057 1903 2065 1906 _

2165 1815 2380 1906 aliquid
2441 1819 2854 1900 formidarent,
2911 1825 3191 1905 exprimit
3242 1821 3401 1903 quod
3433 1821 3658 1882 dictum
3693 1823 3802 1906 est,

419 1901 583 1985 ’Υπὲρ
651 1915 853 1988 πᾶσαν,
923 1911 1073 1990 φησὶ,
1160 1912 1433 1991 μάχαιραν
1513 1909 1779 1987 δίστομον,
1859 1933 1883 1966 ι
1977 1903 2074 1968 Καὶ

2165 1905 2442 1995 adaptans
2471 1915 2740 1992 exempla
2765 1934 2898 1995 quae
2918 1901 3069 1994 apud
3092 1932 3198 1974 nos
3219 1901 3358 1974 sunt
3384 1931 3398 1970 :
3425 1926 3618 1989 neque
3642 1904 3803 1995 enim

424 1996 781 2073 διικνούμενος
827 1999 955 2080 ἄχρι
1029 2009 1288 2079 μερισμοῦ
1340 2006 1524 2081 ψυχῆς
1583 2023 1638 2056 τε
1682 2003 1770 2058 καὶ
1832 2001 2074 2077 πνεύμα-

2165 1993 2272 2055 alio
2334 1998 2507 2058 modo
2568 1993 3071 2083 posset—intelligi
3126 2003 3281 2084 quod
3313 1999 3551 2072 dicitur,
3586 1993 3804 2068 Quovis

430 2108 542 2148 τος.
594 2110 621 2141 ι
674 2077 730 2145 ιΟ
789 2077 1073 2167 ἐνἾᾶ-(ίοις
1101 2077 1374 2168 -Κύριλλος
1416 2077 1482 2147 ἐν
1540 2091 1824 2172 προσφόρῳ
1891 2091 2076 2172 χωρίῳ

2165 2084 2348 2160 gladio
2382 2077 2662 2170 utrinque
2693 2077 3045 2157 incidente:
3075 2118 3100 2150 α
3136 2077 3217 2156 Ac
3249 2089 3590 2172 pertingens
3619 2100 3809 2163 usque

435 2176 520 2230 καὶ
564 2174 721 2238 οὕτως
778 2174 984 2243 ἐδέξατο
1045 2180 1127 2250 τὺ,
1197 2180 1572 2255 Διικνούμενος
1630 2177 1757 2260 ἄχρι
1815 2179 2074 2260 μερισμοῦ

434 2269 615 2344 ψυχῆς
656 2287 710 2321 τε
751 2268 837 2322 καὶ
881 2268 1180 2343 πνεύματος
1215 2288 1231 2306 ·
1285 2270 1356 2326 Τὸ
1385 2271 1624 2350 περὶτοῦ
1653 2277 1784 2327 Θεοῦ
1825 2273 2074 2349 κήρυγμα

432 2352 639 2435 διαιρεῖ,
684 2357 834 2435 φησὶ,
879 2359 966 2413 καὶ
1028 2358 1222 2437 μερίζει
1265 2359 1330 2415 τὰ
1359 2365 1458 2426 τῆς
1516 2362 1702 2440 ψυχῆς
1760 2360 1920 2439 μέρη,
1982 2357 2072 2440 δε-

429 2445 613 2512 κτικὴν
664 2453 830 2503 ποιῶν
898 2447 986 2503 καὶ
1043 2447 1358 2528 χωρητικιὶν
1413 2453 1519 2504 τῶν
1575 2449 1934 2526 ἀκουομένων.
2016 2428 2072 2506 II

425 2533 503 2590 ὅτι
532 2536 619 2592 καὶ
649 2535 820 2592 αὒτῶν
849 2539 1202 2617 καθικνεῖται,
1243 2539 1394 2618 φησὶ,
1454 2545 1560 2595 τῶν
1617 2539 1942 2619 ἀσωμάτων,
1987 2535 2075 2596 καὶ

423 2625 608 2706 ψυχὴν
650 2624 891 2697 κολάζει.
940 2633 1030 2708 ΑΗ
1088 2626 1168 2683 ὅτι
1229 2629 1486 2707 μερισμὸν
1544 2628 1816 2708 ἐργάζεται
1888 2634 2074 2708 ψυχῆς

419 2705 883 2791 καὶίπνεύματος.
936 2705 1014 2774 υΟ
1072 2715 1182 2773 ἐστι
1240 2705 1481 2797 φοϐερόν,
1536 2705 1625 2762 +-
1656 2708 1903 2783 ”Αλλως.
1967 2705 2077 2795 lDI-

425 2807 864 2883 KOTMENIOYJ
899 2816 1008 2874 Τὴν
1050 2806 1104 2863 ἐν
1134 2819 1250 2871 τοῖς
1284 2806 1625 2886 Εὖαγγελίοις
1686 2806 2076 2886 ἂπειλουμένην

422 2892 740 2974 διχοτομίαν
800 2898 848 2951 οἱ
916 2895 1145 2976 Πατέρες
1217 2895 1496 2976 ἐξέδωκαν,
1569 2898 1668 2966 τὴν
1723 2897 1927 2955 τελείαν
1982 2903 2076 2954 τοῦ

425 2984 575 3062 ἁγίου
642 2984 948 3060 Πνεύματος
1023 2984 1423 3064 ἐγκατάλειψιν.
1501 2979 1760 3065 Ἠγοῦμαι
1843 2986 1930 3043 οὖν
1989 2997 2076 3045 νῦν

2156 2172 2226 2233 ad
2258 2173 2611 2239 divisionem
2645 2182 2860 2244 animae
2908 2183 3084 2244 simul
3118 2201 3183 2244 ac
3219 2179 3463 2262 spiritus
3523 2203 3550 2232 ι)
3592 2177 3806 2239 Beatus

2159 2263 2428 2351 Cyrillusl
2455 2276 2621 2330 certo
2653 2273 2908 2350 quodam
2968 2274 3096 2334 loco
3153 2273 3235 2332 ita
3291 2286 3525 2351 quoque
3579 2263 3808 2344 accepit

2157 2350 2506 2433 Pertingens
2552 2377 2738 2439 usque
2781 2361 2854 2422 ad
2911 2361 3268 2424 divisionem
3301 2350 3515 2421 animai
3545 2354 3811 2417 simulac

2157 2441 2400 2522 spiritus
2430 2463 2442 2506 :
2473 2445 2842 2531 Praedicatio,
2879 2451 3092 2532 inquit,
3128 2451 3202 2512 de
3236 2452 3354 2515 Deo
3386 2447 3676 2509 dividitac
3707 2461 3804 2504 se-

2160 2540 2324 2610 parat
2352 2533 2567 2598 animae
2597 2548 2813 2617 partes,
2849 2543 3106 2621 amplam
3133 2559 3261 2603 eam
3280 2539 3542 2602 reddens
3560 2542 3619 2596 et
3638 2551 3808 2612 capa-

2159 2639 2287 2682 cem
2349 2641 2554 2685 eorum
2615 2646 2748 2708 qua:
2801 2630 3141 2693 audiuntur.
3204 2632 3320 2692 Aut
3376 2625 3534 2710 quod
3578 2624 3650 2685 ad
3683 2622 3813 2703 ipsa

2159 2726 2398 2791 Quoque
2427 2712 2778 2796 incorporea
2828 2721 3148 2800 pertingat,
3182 2728 3241 2782 et
3283 2717 3541 2781 animam
3580 2711 3808 2796 puniat,

2158 2807 2261 2861 aut
2291 2801 2450 2890 quod
2486 2803 2839 2868 divisionem
2894 2817 3173 2890 operetur
3204 2807 3418 2869 animae
3441 2824 3510 2867 ac
3541 2800 3807 2884 spiritus,

2159 2888 2316 2968 quod
2348 2893 2723 2955 tremendum
2775 2904 2885 2972 est,
2918 2888 2995 2942 ξ·-
3046 2899 3170 2961 alio
3207 2897 3404 2959 modo.
3439 2891 3808 2956 Divisionem

2160 2995 2334 3057 quam
2356 2981 2670 3060 Evangelia
2688 2985 3580 3065 comminantur,intellexerunt
3604 2984 3808 3042 Patres

418 3082 576 3132 τοῦτο
647 3073 908 3153 εἰρῆσθαι,
969 3072 1052 3130 ὅτι
1112 3076 1391 3154 χωρισμὸν
1468 3075 1738 3154 ἐργάζεται
1781 3081 1872 3130 τοῦ
1927 3073 2076 3153 ἆγίου

2165 3067 2482 3146 perfectam
2544 3069 2800 3154 Spiritus
2847 3076 3036 3139 sancti
3067 3075 3494 3139 desertionem.
3529 3069 3806 3134 Arbitror

422 3163 752 3243 Πνεύματος,
785 3164 872 3219 καὶ
915 3163 1216 3243 ἀφαιρεῖται
1266 3165 1391 3222 αὒτὸ
1433 3164 1538 3220 ἀπὸ
1581 3170 1680 3232 τῆς
1739 3167 1942 3243 ψυχῆς.
2005 3164 2076 3220 Οὗ

2165 3154 2337 3234 igitur
2378 3158 2490 3221 hoc
2520 3180 2679 3223 nunc
2708 3163 2930 3226 dictum
2966 3185 3120 3242 esse,
3165 3165 3322 3248 quod
3369 3161 3810 3241 separationem

418 3233 750 3331 γενομένους
777 3233 1176 3310 πάνταιλοιπὸν
1235 3252 1419 3329 ἕψεται
1489 3255 1556 3310 τὰ
1612 3233 1893 3331 quae".
1959 3249 2076 3330 Ἀρι

2165 3253 2441 3336 operetur
2467 3249 2722 3329 Spiritus
2771 3255 2980 3335 sancti,
3014 3233 3334 3336 ipsumque
3363 3233 3451 3314 ab
3466 3248 3664 3312 anima
3695 3265 3808 3308 an-

423 3347 543 3416 μῶν
586 3363 645 3397 τε
703 3343 792 3398 καὶ
822 3341 1056 3416 μυελῶν.
1110 3365 1134 3400 ο
1200 3345 1372 3400 Εἰπὼν
1417 3343 1483 3399 τὰ
1527 3341 1802 3418 ἀσώματα,
1835 3341 1958 3397 εὗπε
1987 3341 2075 3396 καὶ

2165 3332 2330 3405 ierat,
2364 3354 2479 3417 quo
2511 3338 2663 3402 facto
2695 3344 2894 3405 omnia
2909 3332 3192 3426 deinceps
3213 3332 3538 3424 sequentur
3560 3349 3619 3400 et
3637 3336 3808 3398 aufe-

421 3431 493 3486 τὰ
547 3432 846 3507 σωματικά.
914 3455 941 3486 α
1004 3435 1103 3490 Καὶ
1155 3434 1387 3512 κριτικὸς
1462 3433 1816 3508 ἐνθυμήσεων,
1869 3453 1892 3486 ι)
1948 3441 2074 3486 Δια-

2165 3433 2366 3517 [entur
2397 3426 2572 3491 bona.
2613 3451 2640 3490 α
2669 3432 3193 3517 Compagnumque
3223 3443 3282 3498 et
3321 3431 3736 3496 medullarum.
3777 3448 3801 3484 ι

421 3534 605 3600 κρῖναι
676 3522 764 3577 καὶ
832 3521 1112 3601 ἀνακρῖναι
1168 3523 1366 3602 ἰσχύων
1434 3524 1521 3580 καὶ
1576 3522 1670 3584 τὰς
1741 3521 2072 3596 ἐνθυμήσεις,

2165 3512 2272 3605 Ub_i
2301 3515 2660 3605 incorporea
2711 3512 2981 3600 dixisset,
3039 3512 3214 3589 etiam
3245 3540 3533 3605 corporea
3583 3517 3806 3582 retulit.

425 3611 608 3692 φησὶν,
669 3611 826 3674 αὐτὰς
882 3613 969 3667 καὶ
1031 3613 1126 3674 τὰς
1183 3611 1404 3692 ἀφανεῖς
1473 3611 1668 3677 ἐννοίας
1745 3616 1844 3677 τῆς
1940 3631 2074 3688 καρ-

2171 3625 2188 3658 ι
2225 3602 2295 3692 Et
2350 3604 2641 3670 discretor
2691 3613 3141 3690 cogitationum.
3177 3639 3204 3670 »
3239 3602 3592 3676 Discernere
3622 3627 3692 3669 ac
3721 3605 3813 3667 di-

422 3691 600 3764 δίαςς
647 3727 669 3757 ι
731 3703 829 3758 Καὶ
887 3703 981 3758 οὐκ
1038 3700 1147 3758 ἔστι
1203 3691 1368 3765 κτίσις
1419 3702 1624 3782 ἀφανὴς
1679 3699 1905 3756 ἐνώπιον
1976 3699 2075 3755 αὒ-

2165 3691 2424 3783 ἱιμςίιωτθ
2448 3704 2656 3775 potens
2685 3701 2847 3780 ipsas
2874 3722 3114 3783 quoque
3145 3703 3532 3783 cogitationes
3558 3711 3620 3762 et
3655 3697 3809 3758 invi-

423 3797 540 3849 τοῦ.
583 3813 606 3848 ι
644 3791 703 3848 Τί
745 3788 800 3846 δὲ
857 3789 1026 3870 λέγω,
1087 3793 1268 3871 φησὶν,
1330 3779 1681 3870 ἀνθρώπους;
1742 3787 1871 3849 Οὐδὲ
1936 3786 2075 3855 ἄλλη

2165 3779 2366 3844 sibiles
2396 3785 2594 3848 θοι-ὼε
2628 3779 2952 3854 notitias-cz
2981 3779 3103 3856 Nec
3123 3779 3360 3853 est'ulla
3381 3797 3650 3852 creatura
3681 3804 3811 3868 quae

423 3881 526 3956 μὲν
569 3884 658 3940 οὖν
700 3881 868 3944 κτίσις
911 3879 1179 3938 διαλαθεῖν
1221 3881 1256 3950 ἢ
1309 3878 1560 3961 κρυϐῆναι
1617 3880 1793 3960 ἰσχύει
1849 3879 1958 3935 ἀπὸ
1987 3885 2076 3934 τοῦ

2165 3888 2281 3962 non
2314 3874 2626 3939 manifesta
2656 3877 2811 3942 sitin
2828 3890 3156 3962 conspectu
3180 3882 3340 3943 illius
3375 3906 3401 3936 υ
3436 3878 3590 3952 Quid
3614 3885 3810 3938 autem

424 3970 725 4046 ἀκοιμήτου
781 3969 979 4028 ἐκείνου
1035 3959 1484 4050 69011905,:téiv
1541 3959 1822 4048 ἀγγέλους,
1897 3969 2076 4048 φησὶν,

2165 3959 2298 4051 dico
2330 3962 2624 4039 homines,
2676 3967 2918 4051 inquit?
2970 3959 3094 4034 Nec
3153 3971 3270 4033 alia
3299 3969 3519 4051 quaevis
3547 3975 3817 4029 creatura

422 4060 616 4141 εἴπῃς,
655 4059 752 4116 κᾶν
797 4048 1108 4139 Χερουϐεὶμ,
1159 4060 1256 4116 κᾶν
1309 4061 1594 4142 Σεραφείμ,
1663 4080 1685 4114 α
1750 4060 1927 4116 Πάντα
1979 4079 2076 4136 γυ-

2165 4048 2351 4142 latere
2383 4063 2482 4116 aut
2529 4048 2812 4121 occultari
2846 4070 3035 4142 potest
3063 4062 3136 4123 ab
3182 4061 3280 4123 illo
3315 4048 3580 4141 pervigili
3611 4057 3810 4131 oculo,

427 4149 556 4224 μνά.
603 4140 644 4204 ⁷»
715 4147 876 4209 Οὐδέν
939 4150 1072 4228 ἐστι,
1131 4152 1312 4229 φησὶν,
1374 4151 1402 4206 ὃ
1464 4140 1644 4206 λαθεῖν
1716 4147 1926 4205 δύναται
1984 4147 2076 4213 τὴν

2165 4140 2290 4232 sive
2321 4146 2560 4223 angelos
2592 4147 2780 4225 dicas,
2802 4140 2928 4215 sive
2947 4152 3292 4232 Cherubim,
3316 4140 3446 4211 sive
3476 4147 3811 4228 Seraphim.

429 4237 722 4308 ἐππτικῆν
777 4237 992 4314 δύναμιν
1048 4228 1153 4299 τοῦ
1192 4247 1438 4318 Χριστοῦ.
1498 4241 1675 4296 Πάντα
1728 4237 1902 4316 γυμνὰ
1956 4243 2076 4314 παρ’

2172 4251 2199 4284 α
2234 4228 2654 4323 omnianuda.
2683 4259 2714 4299 »
2753 4238 2908 4303 Nihil
2945 4250 3034 4304 est
3066 4241 3218 4323 quod
3252 4228 3439 4302 latere
3469 4237 3656 4320 possit
3684 4236 3814 4298 ins-

435 4327 594 4402 αὒτῷ,
651 4331 742 4385 καὶ
793 4326 960 4386 οὐδενὶ
1039 4327 1446 4407 προκαλύμματι
1523 4328 1558 4394 ἢ
1615 4326 1931 4407 προσωπείῳ
1999 4348 2076 4389 τις

2166 4320 2456 4411 pectivam
2516 4323 2736 4389 Christi
2797 4320 3144 4411 potentiam.
3209 4328 3422 4394 Omnia
3473 4328 3631 4389 nuda
3679 4331 3817 4387 sunt

433 4417 612 4474 ἑαυτὸν
663 4416 962 4493 ὑποκλέψαι
1018 4416 1229 4476 δύναται
1313 4425 1418 4474 τῶν
1504 4415 1787 4497 ὀφθαλμῶν
1841 4417 2076 4472 ἐκείνων.

2165 4410 2318 4490 apud
2370 4412 2589 4493 ipsum,
2653 4410 2937 4501 nullaque
3005 4429 3348 4501 legumento
3408 4427 3507 4480 aut
3565 4433 3820 4498 persona

433 4505 908 4588 τετραχηλισμένα
977 4506 1033 4563 δέ
1104 4531 1236 4588 φησι
1306 4509 1370 4564 τὰ
1453 4507 1646 4585 γυμνὰ,
1720 4506 1825 4561 ἀπὸ
1909 4526 2076 4579 μετα-

2165 4507 2355 4578 potest
2378 4502 2674 4584 quispiam
2726 4509 2989 4590 seipsum
3017 4511 3316 4572 occultare
3345 4506 3419 4590 ab
3454 4507 3569 4567 illis
3599 4505 3812 4567 oculis.

431 4602 591 4674 φορᾶς
648 4604 755 4654 τῶν
811 4594 1090 4678 προϐάτων
1120 4587 1251 4655 τῶν
1304 4597 1364 4654 ἐκ
1419 4603 1512 4654 τοῦ
1573 4593 1849 4675 τραχήλω
1903 4593 2076 4672 ἠρτη-

2165 4593 2626 4670 τετραχηλισμένα
2673 4587 2867 4660 autern
2925 4599 3069 4661 dicit
3126 4599 3304 4672 nuda,
3345 4587 3392 4658 ia
3468 4594 3816 4675 metaphora

433 4684 604 4758 μένων
646 4688 733 4743 καὶ
791 4685 1217 4764 γεγυμνωμένων
1270 4691 1374 4753 τῆς
1430 4683 1606 4763 δορᾶς·
1675 4691 1719 4739 Η
1774 4685 1835 4739 τὸ
1878 4692 2076 4762 Τετρα-

2165 4679 2302 4739 545
2347 4681 2541 4745 ovium
2594 4704 2723 4766 qua;
2753 4705 2788 4749 a
2845 4689 2999 4750 collo
3032 4689 3346 4750 excoriataz
3402 4694 3538 4746 Sint
3569 4692 3627 4744 et
3659 4681 3816 4764 pelle

432 4773 761 4854 χηλισμένα,
793 4775 908 4831 ἀντὶ
953 4782 1044 4832 τοῦ
1091 4775 1248 4833 Κάτω
1293 4775 1578 4852 κύπτοντα,
1652 4775 1740 4829 καὶ
1789 4773 1878 4829 τὸν
1948 4773 2076 4851 τρά-

2165 4769 2416 4834 nudatze.
2503 4775 2619 4836 Aut
2650 4778 3112 4858 τετραχηλισμένα
3155 4779 3266 4839 hoc
3340 4783 3452 4854 est,
3530 4772 3812 4834 deorsum

432 4863 610 4942 χηλον
641 4862 995 4937 ἐπιχλίνοντα,
1030 4862 1113 4920 διὰ
1141 4866 1202 4920 τὸ
1233 4865 1310 4940 μὴ
1339 4865 1543 4944 ἰσχύειν
1595 4863 1824 4919 ἀτενίσαι
1854 4861 1921 4938 τῇ
1958 4859 2076 4938 δόξῃ

2165 4861 2605 4939 prospectantia
2633 4874 2689 4924 et
2723 4867 2875 4928 collo
2905 4867 3209 4940 inclinata,
3245 4884 3316 4926 eo
3351 4862 3506 4943 quod
3532 4880 3650 4922 non
3679 4879 3818 4942 pos-

427 4953 605 5030 ἐκείνῃ
633 4964 726 5013 τοῦ
777 4960 1001 5033 Χριστοῦ
1051 4955 1140 5010 καὶ
1184 4961 1314 5011 Θεοῦ
1368 4955 1516 5030 ὑμῶν
1560 4951 1756 5020 Ἰησοῦ.
1796 4969 1826 5009 (
1858 4952 1994 5030 Πρὸς
2025 4951 2076 5005 ὃν

2166 4947 2284 5010 sint
2312 4949 2371 5010 in
2396 4950 2556 5013 illam
2580 4953 2895 5018 intendere
2917 4956 3165 5036 gloriam
3189 4953 3406 5033 iudicis
3424 4958 3480 5012 et
3499 4949 3606 5013 Dei
3630 4947 3821 5015 nostri

426 5044 556 5119 ὑμῖν
583 5046 610 5099 6
643 5042 826 5122 λόγος.
861 5068 887 5099 ι
951 5043 1125 5118 Αὐτῷ,
1171 5045 1352 5124 φησὶν,
1413 5043 1613 5124 ἔχομεν
1653 5040 1828 5098 δοῦναι
1877 5039 2076 5104 εὐθύνας

2167 5041 2306 5103 Jesu
2339 5041 2580 5104 Christi.
2618 5069 2643 5098 α
2681 5045 2768 5106 Ad
2801 5064 2976 5126 quem
3012 5044 3184 5108 nobis
3234 5053 3322 5105 est
3350 5061 3571 5104 sermo.
3610 5066 3636 5096 ι»
3666 5037 3810 5122 Ipsi,

424 5138 533 5188 τῶν
562 5133 976 5213 πεπραγμένων,
1008 5135 1096 5190 καὶ
1127 5135 1256 5208 πρὸς
1276 5135 1432 5191 αὐτὸν
1456 5133 1654 5214 ἔχομεν
1679 5133 1777 5198 τὴν
1795 5127 2076 5206 ἀπολογίαν

2168 5129 2384 5212 inquit,
2417 5131 2710 5197 debemus
2748 5144 3018 5197 actorum
3074 5134 3331 5197 reddere
3386 5131 3704 5205 rationem,
3759 5141 3817 5193 et

424 5224 556 5302 πρὸς
588 5223 646 5279 ὃν
675 5224 763 5280 καὶ
793 5225 821 5280 6
854 5221 1038 5303 λόγος.

2167 5219 2320 5300 apud
2354 5220 2550 5301 ipsum
2580 5224 2946 5306 respondere
2976 5223 3287 5300 debemus,
3321 5222 3394 5285 ad
3425 5239 3600 5304 quem
3633 5218 3813 5284 etiam

2164 5327 2368 5370 sermo
2399 5309 2571 5374 nobis
2602 5322 2707 5375 sst.

2244 5389 2344 5466 IV,
2370 5393 2479 5456 14-
2494 5399 2507 5450 t
2524 5394 2583 5457 6.
2610 5395 2907 5458 Habentes
2930 5397 3123 5475 igitur
3136 5393 3478 5474 pontiﬁcem
3495 5409 3815 5472 magnum.

2167 5486 2282 5561 qui
2297 5486 2645 5559 penetravit
2666 5485 2841 5547 actos
2864 5483 3069 5547 Jesum
3097 5483 3322 5547 Filium
3348 5483 3484 5555 Dei,
3509 5491 3821 5545 teneamus

2160 5570 2632 5652 professionem.
2683 5577 2816 5637 Non
2855 5577 3014 5637 enim
3037 5574 3330 5638 habemus
3345 5572 3692 5654 pontiﬁcem
3714 5571 3820 5651 qui

2167 5664 2760 5746 nonpossitcompati
2770 5664 3235 5744 inﬁrmtiatibus
3247 5661 3607 5732 nostris,sed
3616 5669 3818 5723 tentu-

2166 5757 2293 5815 tum
2310 5769 2424 5832 per
2433 5754 2640 5816 omnia
2639 5757 2828 5834 juxta
2841 5754 3309 5818 similitudinem
3323 5752 3541 5830 absque
3543 5755 3814 5831 peccato.

515 5424 537 5458 ι
599 5391 872 5483 ’Ἔχοντες
919 5403 1008 5459 οὗν
1052 5402 1305 5484 ἀρχιερέα
1351 5401 1520 5481 μέγαν
1563 5397 1905 5467 διεληλυθότα
1960 5397 2082 5458 τοὺς

426 5491 699 5572 ούρανοὺς,
759 5490 967 5560 Ἰησοῦν
1046 5493 1136 5548 τὸν
1209 5493 1328 5548 Υἱὸν
1401 5500 1494 5550 τοῦ
1581 5497 1734 5562 Θεοῦ,
1807 5489 2082 5565 κρατῶμεν

423 5581 519 5649 τῆς
575 5581 893 5660 ὁμολογίας.
957 5583 1030 5639 Οὒ
1087 5581 1186 5662 γὰρ
1241 5580 1442 5662 ἔχομεν
1504 5575 1757 5658 ἀρχιερέα
1827 5576 1905 5654 μὴ
1987 5573 2080 5631 δυ-

422 5671 649 5746 νάμενον
776 5670 1023 5747 συμπαθῆ
1031 5693 1116 5726 σαι
1227 5684 1350 5735 ταῖς
1474 5669 1656 5726 ἁσθενε
1667 5689 1719 5724 ια
1729 5689 1776 5730 ις
1899 5666 2078 5740 ἡμῶν,

424 5759 810 5841 πεπειραμένον
858 5759 914 5818 δὲ
972 5761 1106 5822 κατὰ
1162 5761 1336 5819 πάντα
1408 5758 1524 5816 καθ’
1587 5755 1884 5834 ὁμοιότητα
1954 5776 2080 5836 χω-
