4132 6482
405 373 527 442 323
1529 374 1883 443 (ῈΟῙΙΜΕΝ
1887 376 1945 439 ΙΙ
1988 373 2038 437 T

2131 369 2289 447 [ἶΩῶ
2328 375 2667 441 EPISCOPI
3685 367 3809 437 324

408 511 706 576 excelsior
734 530 867 575 esse
901 511 1130 575 debuit.
1180 536 1208 569 α
1241 511 1361 574 Sed
1412 510 1465 573 is
1496 510 1599 593 qui
1630 509 1862 573 dixerat
1892 506 2001 570 illi.
2037 532 2039 560 ι

2148 514 2255 565 τῶν
2283 509 2465 590 ἱερέων
2495 511 2793 590 συνήθειαν,
2824 508 2880 566 ἐν
2921 520 3040 576 τοῖς
3078 507 3262 574 ἄλλοις
3316 510 3628 590 ὁπερτίθησι
3680 508 3809 564 καθ-

412 603 562 664 Cum
596 601 730 677 hoc,
765 601 985 684 inquit,
1016 601 1103 664 illi
1133 601 1367 664 diceret
1397 603 1576 675 Dcus,
1603 597 1827 663 creavit
1870 597 2039 679 ipsun

2148 600 2269 656 ὁσον
2310 598 2593 680 ὑπερέχειν
2646 597 2840 680 ὤφειλε
2898 601 3026 684 Θεὸς
3097 598 3408 679 ἀνθρώπων,
3475 622 3502 654 α
3562 593 3714 654 Ἀλλ’
3771 597 3801 651 6

409 692 805 754 sacerdotem.
849 679 895 748 ὀ
928 679 1097 756 Sicut
1155 697 1212 753 et
1267 688 1411 752 alibi
1443 688 1608 751 dicit.
1650 712 1673 745 ν
1710 685 2039 768 Οοηῇοιιοιὶι

2148 679 2420 759 λαλήσας
2456 679 2585 769 πρὸς
2656 679 2835 748 αὖτόν.
2900 710 2925 745 ιι
2992 679 3049 747 Ὀ
3091 698 3267 764 τοῦτο,
3320 685 3511 768 φησὶν,
3571 685 3799 766 εἰρηκὼς

406 781 518 856 καί,
565 779 625 842 id
657 788 770 857 est,
791 787 868 854 et.
891 779 1293 862 interponitur
1327 787 1601 860 tanquam
1631 776 1703 838 ad
1729 774 2039 839 enarratio

2148 779 2278 854 πρὸς
2309 779 2466 835 αὐτὸν
2497 778 2649 852 Θεὸς,
2682 776 3089 857 ἐχειροτόνησεν
3145 778 3300 835 αὺτὸν
3347 777 3507 857 ἱερέα.
3564 798 3585 831 ι
3652 776 3798 833 Καθ-

409 869 504 932 nis
529 870 1037 933 consecutionem.
1067 869 1445 933 «Secundum
1464 866 1734 929 ordinem
1758 864 2039 927 Melchise

2150 866 2225 930 ὼς
2272 867 2362 924 καὶ
2402 865 2457 923 ἐν
2500 867 2663 947 ἑτέρῳ
2719 864 2887 945 λέγει,
2952 888 2977 925 ι
3039 868 3135 947 Τὸ,
3190 867 3310 946 Καί,
3368 868 3443 930 ὡς
3496 866 3631 944 πρὸς
3698 862 3799 931 τὴν

407 958 541 1022 dec.
599 985 627 1017 ι
684 957 796 1022 Hic
854 959 1083 1040 primus
1126 958 1385 1021 hostiam
1444 955 1574 1018 sine
1626 953 1915 1034 sanguine
1943 952 2039 1013 De:

2149 954 2460 1014 ἀκολουθίαν
2486 962 2583 1024 τῆς
2645 948 2958 1036 Ἐρμηνείας
3013 953 3355 1034 παρέλκεται,
3408 978 3438 1010 α
3494 954 3642 1012 Κατά
3694 951 3796 1008 τὸν

407 1048 643 1123 obtulit,
671 1067 890 1130 nempe
920 1067 1133 1130 panem
1157 1058 1215 1110 et
1243 1047 1555 1108 vinum.—
1581 1044 1696 1107 Aut
1719 1043 1857 1124 quia
1886 1043 2063 1104 etiam

409 1136 679 1202 Christus
741 1137 872 1200 sine
919 1138 1207 1217 sanguine
1263 1136 1508 1199 cosliam
1564 1133 1798 1203 obtulit.
1843 1131 2064 1194 deinde

408 1228 783 1309 postmodum
815 1246 986 1290 suum
1016 1227 1201 1307 ipsius
1233 1227 1409 1288 etiam
1442 1242 1659 1303 corpus
1694 1244 1707 1286 ε
1749 1229 2065 1303 propterea

411 1334 550 1396 ergo
580 1325 718 1397 apte
749 1315 974 1378 dictum
1031 1326 1122 1378 est
1168 1315 1464 1378 Christum
1505 1332 1636 1375 esse
1689 1312 2060 1374 sacerdotem

405 1406 739 1469 secundum
772 1405 1046 1467 ordindm
1076 1400 1770 1474 Melchisedech.—Quia
1793 1419 1907 1461 non
1930 1399 2061 1461 oleo

409 1504 623 1556 unctus
652 1504 742 1556 est
771 1494 1214 1557 Melchisedech
1261 1494 1333 1555 ad
1386 1491 2059 1571 sacerdotium,quem-

408 1585 728 1647 admodum
762 1589 983 1656 Aaron,
1017 1593 1080 1648 et
1113 1586 1254 1667 quia
1287 1604 1403 1646 non
1463 1582 1677 1645 obtulit
1708 1582 1928 1643 hostias
1958 1598 2063 1660 per

410 1674 780 1755 sanguinem,
807 1683 864 1735 et
895 1676 1030 1755 quia
1063 1674 1324 1754 gentium
1356 1673 1638 1735 sacerdos
1664 1678 1811 1747 erat,
1839 1679 1895 1731 et
1924 1669 2062 1750 quia

407 1781 517 1843 per
546 1781 759 1844 panem
795 1771 854 1825 et
878 1764 1076 1825 vinum
1106 1762 1407 1825 benedixit
1434 1758 2055 1851 Abraliam.-f—Signio
2080 1799 2123 1851 Β

406 1855 540 1915 ﬁcat
588 1870 808 1930 sermo,
844 1853 1003 1931 quod
1040 1853 1179 1914 licet
1209 1852 1477 1916 Christus
1500 1870 1618 1913 non
1643 1849 1929 1913 obtulerit
1959 1848 2057 1909 in-

406 1951 714 2004 cruentam
746 1943 997 2005 hostiam
1039 1942 1356 2024 (siquidem
1407 1960 1581 2004 suum
1627 1940 1814 2021 ipsius
1844 1956 2060 2019 corpus

404 2030 932 2112 obtulit),attamen
951 2031 1055 2113 qui
1072 2030 1144 2093 ab
1191 2031 1320 2112 ipso
1350 2031 1674 2109 fungentur
1699 2027 2052 2101 sacerdotio,

406 2138 658 2201 quorum
688 2119 840 2182 Deus
869 2120 1128 2202 pontifex
1159 2138 1290 2182 esse
1321 2120 1592 2198 dignatus
1622 2124 1732 2194 est,
1765 2116 1896 2178 sine
1917 2134 2056 2177 san-

403 2208 579 2286 guine
611 2209 896 2272 oﬁ‘errent
929 2230 944 2269 :
979 2228 1116 2270 nam
1149 2210 1262 2270 hoc
1292 2208 1584 2287 signiﬁcat
1616 2224 1629 2269 :
1656 2205 1721 2267 In
1740 2213 2051 2267 aeternum.

403 2298 615 2378 Neque
643 2297 803 2358 enim
830 2297 907 2359 de
927 2316 995 2359 ea
1020 2315 1152 2378 qua
1181 2301 1367 2359 semel
1398 2315 1433 2358 a
1461 2295 1584 2357 Deo
1618 2295 1766 2356 facta
1787 2303 1876 2356 est
1895 2294 2056 2355 obla-

404 2386 488 2447 tio
515 2395 573 2448 et
603 2384 795 2447 hostia
818 2385 1063 2448 dixisset
1096 2407 1110 2450 :
1144 2384 1210 2447 In
1239 2394 1525 2448 aeternum
1552 2405 1567 2461 ;
1600 2385 1703 2446 sed
1726 2382 2054 2462 respiciens

404 2475 479 2539 ad
494 2484 814 2557 praesentes
843 2475 1168 2553 sacriﬁcos,
1203 2493 1310 2557 per
1347 2493 1499 2556 quos
1528 2473 1756 2536 medios
1787 2471 2055 2536 Christus

401 2564 697 2627 sacrificat
747 2573 807 2626 et
863 2565 1274 2628 sacriﬁcatur:
1309 2565 1411 2646 qui
1463 2563 1641 2625 etiam
1698 2561 1759 2623 in
1810 2560 2054 2641 mystica

401 2670 569 2716 coena
600 2652 842 2717 modum
875 2652 995 2715 illis
1026 2652 1265 2716 tradidit
1293 2650 1637 2732 huiusmodi
1663 2650 1965 2713 sacriﬁcii.

482 2834 551 2907 V,
572 2833 645 2895 7-
662 2836 754 2894 I0.
781 2832 899 2908 Qui
918 2833 986 2895 in
1000 2831 1216 2895 diebus
1235 2833 1438 2895 carnis
1450 2848 1600 2912 suae,
1624 2847 1759 2893 cum
1775 2834 1831 2892 et
1837 2845 2049 2910 preca-

399 2925 590 2984 tiones
639 2928 697 2984 et
723 2920 1194 3002 supplicationes
1248 2917 1412 3000 apud
1440 2919 1618 2981 illum
1666 2918 1772 2999 qui
1817 2925 2050 2995 poterat

398 3015 601 3091 ipsum
631 3027 669 3072 α
699 3018 891 3072 morte
927 3027 1169 3073 servare
1197 3028 1333 3073 cum
1363 3009 1626 3071 clamore
1654 3006 1859 3071 valido
1881 3015 1937 3071 et
1960 3006 2050 3069 la-

397 3100 625 3180 crymis
646 3097 1045 3173 obtulisset,et
1085 3098 1412 3162 exauditus
1431 3106 1579 3160 esset
1600 3113 1717 3178 pro
1736 3114 1848 3159 sua
1866 3114 2043 3158 reve-

2146 1044 2289 1110 τάξιν
2320 1043 2674 1126 Μελχισεδέκ.
2738 1069 2765 1100 ι
2829 1047 2993 1109 Οὗτος
3050 1050 3261 1124 πρῶτος
3317 1044 3642 1119 ἀναίμακτον
3693 1044 3791 1097 θυ-

2148 1134 2261 1225 σίαν
2290 1136 2619 1215 προσήνεγκε
2647 1141 2724 1210 τῷ
2752 1140 2889 1213 Θεῷ,
2922 1133 3075 1212 ἄρτον
3106 1134 3196 1190 καὶ
3241 1133 3413 1196 οἶνον,
3461 1165 3541 1176 —
3573 1128 3788 1210 [ΦΩΤ.]

2168 1232 2209 1281 Η
2240 1223 2320 1282 ὅτι
2362 1227 2451 1283 καὶ
2482 1228 2509 1282 6
2554 1226 2774 1305 Χριστὸς
2819 1224 3143 1300 ἀναίμακτον
3196 1224 3371 1280 θυσίαν
3402 1223 3789 1303 προσήνεγκεν,

2144 1313 2248 1371 εἶθ’
2302 1313 2515 1395 ὕστερον
2584 1316 2671 1371 καὶ
2724 1315 2786 1371 τὸ
2841 1315 3026 1371 ἑαυτοῦ
3080 1318 3260 1389 σῶμα.
3336 1313 3434 1371 Διά
3489 1317 3641 1368 τοῦτο
3702 1309 3792 1368 οὖν

2144 1403 2419 1484 ἀναλόγως
2450 1402 2661 1484 εἴρηται
2701 1404 2843 1484 ἱερέα
2883 1403 3028 1460 εἶναι
3074 1404 3456 1484 τὸνλΧριστὸν,
3514 1402 3652 1458 κατὰ
3692 1400 3793 1467 τὴν

2142 1492 2286 1559 τάξιν
2325 1481 2682 1574 Μελχισεδέκ.
2719 1481 2788 1537 4
2818 1491 3115 1571 ·[’ΔΘΑΝ.]
3150 1481 3281 1551 ιὈτι
3311 1494 3372 1550 οὒ
3399 1488 3465 1547 δι’
3511 1489 3686 1547 ἐλαίου
3716 1491 3791 1554 εἰς

2142 1584 2427 1656 ἱερωσύνην
2484 1583 2704 1663 ἐχρίσθη
2755 1585 2783 1639 6
2842 1579 3195 1662 Μελχισεδὲκ,
3258 1583 3331 1646 ὡς
3399 1581 3625 1659 Ἀαρὼν,
3701 1580 3791 1635 καὶ

2143 1671 2223 1728 ὅτι
2254 1677 2313 1732 οὐ
2340 1674 2434 1738 τὰς
2463 1670 2530 1729 δι’
2559 1673 2793 1748 αἱμάτων
2823 1674 3132 1751 προσήγαγε
3159 1673 3362 1745 θυσίας,
3408 1669 3503 1728 καί
3546 1668 3630 1727 ὅτι
3683 1674 3791 1751 τῶν

2144 1762 2304 1820 ἐθνῶν
2332 1763 2401 1832 ἦν
2442 1743 2742 1844 ἀρχιερεὺς,
2923 1743 3023 1819 ὅτι,
3052 1743 3122 1818 δί’
3166 1743 3461 1842 ἄρτουγκαὶ
3505 1759 3653 1820 οἴνου
3680 1743 3786 1826 ηὔξ-

2141 1851 2342 1932 λόγηγε
2370 1854 2461 1909 τὸν
2504 1850 2768 1931 Ἀϐρααμ.
2800 1885 2875 1896 -
2905 1852 3433 1929 [ΟΙΚΟΥΜΕΝΙΟΥ.]
3489 1848 3787 1917 Δηλοῦντος

2139 1952 2233 2001 τοῦ
2289 1940 2474 2021 λόγου,
2529 1941 2610 1998 ὅτι
2655 1944 2699 1999 εἰ
2755 1942 2833 2018 μὴ
2889 1942 3045 2005 αὐτὸς
3102 1942 3130 1996 6
3187 1940 3411 2019 Χριστὸς
3463 1937 3790 2014 ἀναίμακτον

2139 2034 2447 2111 προσήγαγε
2477 2032 2679 2105 θυσίαν,
2717 2031 3050 2111 (προσήγαγε
3099 2030 3199 2109 γὰρ
3241 2031 3303 2086 τὸ
3360 2030 3545 2087 ἑαυτοῦ
3575 2024 3784 2105 σῶμα,)

2140 2118 2258 2176 ἀλλ’
2291 2120 2345 2177 οἵ
2381 2142 2438 2199 γε
2488 2120 2583 2177 ἀπ’
2631 2119 2788 2176 αὺτοῦ
2843 2122 3004 2198 ἱερεῖς
3059 2121 3135 2175 ὧν
3193 2120 3320 2181 Θεὸς
3378 2119 3466 2175 καὶ
3507 2116 3787 2196 ἀρχιερεὺς

2138 2208 2281 2274 ἀξιοῖ
2346 2208 2489 2266 εῖναι
2574 2208 2896 2284 ἀναίμακτον
2979 2209 3336 2287 προσοίσουσι.
3424 2213 3587 2265 Τοῦτ)
3683 2205 3785 2283 γὰρ

2137 2294 2323 2373 δηλοῖ,
2370 2299 2454 2373 τὸ,
2489 2299 2576 2362 Εἰς
2619 2299 2709 2355 τὸν
2764 2299 2948 2355 αἰῶνα.
3010 2301 3084 2356 Οὐ
3137 2298 3237 2376 γὰρ
3290 2297 3388 2364 τὴν
3458 2297 3589 2376 πρὸς
3644 2290 3785 2358 ἅπαξ

2136 2388 2425 2464 γενομένην
2453 2389 2556 2445 ὑπὸ
2585 2395 2716 2447 Θεοῦ
2758 2387 2936 2445 θυσίαν
2978 2386 3072 2443 καῖ
3115 2386 3412 2467 προσφορὰν
3478 2384 3634 2441 εἶπεν
3690 2381 3779 2462 ἂν,

2136 2478 2209 2541 εἰς
2250 2479 2342 2535 τὸν
2370 2479 2554 2553 αἰῶνα,
2606 2476 2724 2534 ἀλλ’
2773 2477 2983 2557 ἀφορῶν
3012 2478 3084 2541 εἰς
3116 2476 3239 2539 τοὺς
3271 2482 3358 2533 νῦν
3386 2473 3680 2555 ἱερουργοῦς
3710 2469 3779 2527 δι’

2133 2569 2205 2625 ὧν
2251 2566 2428 2642 μέτων
2457 2569 2686 2647 Χριστὸς
2742 2570 3004 2646 ἱερουργετ
3044 2567 3132 2623 καὶ
3177 2569 3548 2645 ἱερουργεϊται,
3608 2565 3636 2619 ὁ
3690 2562 3782 2617 καὶ

2134 2655 2395 2736 παραδοὺς
2432 2659 2615 2722 αὐτοῖς
2645 2655 2697 2715 ἐν
2726 2662 2805 2732 τῷ
2833 2662 3072 2732 μυστιώ
3100 2653 3295 2731 δείπτῳ
3320 2657 3413 2711 τὸν
3455 2653 3650 2734 τρόπον
3676 2655 3779 2718 τῆς

2133 2746 2382 2827 τοιαύτης
2426 2746 2739 2827 ἱεροῦργίας.

2221 2854 2252 2896 (
2279 2821 2372 2900 “Ος
2401 2821 2623 2900 ἐν’ταίίς
2675 2834 2898 2914 ἡμέραις
2954 2840 3052 2903 τῆς
3094 2836 3287 2915 σαρκὸς
3344 2836 3526 2913 αὐτοῦ,
3568 2828 3776 2902 δεήσεις

2131 2947 2188 2982 τε
2256 2927 2346 2982 καὶ
2397 2926 2661 3006 ἱκετηρίας
2731 2928 2861 3006 πρὸς
2931 2927 3021 2982 τὸν
3089 2922 3371 3000 δυνάμενον
3429 2921 3616 2992 σώζειν
3671 2925 3775 2981 αὖ·

2130 3017 2220 3072 τὸν
2276 3015 2337 3071 ἐκ
2408 3016 2631 3075 θανάτου
2716 3016 2851 3091 μετὰ
2931 3019 3167 3094 κραυγῆς
3236 3015 3459 3092 ἰσχυρᾶς
3516 3011 3605 3067 καὶ
3671 3008 3770 3067 δα-

2130 3105 2300 3183 κρύων
2383 3102 2738 3184 προσενέγκας
2781 3161 2797 3176 .
2842 3105 2929 3160 καὶ
3030 3102 3379 3163 εἰσακουσθεὶς
3483 3098 3588 3156 ἀπὸ
3670 3105 3771 3167 τῆς

396 3189 877 3264 rentia,lametsi
902 3187 1106 3266 Filius
1124 3188 1499 3265 erat,didicit
1542 3205 1618 3249 ea;
1635 3186 1730 3248 his
1759 3203 1891 3265 qua:
1905 3204 2039 3266 pas-

2131 3189 2425 3268 εὐλαϐείας,
2484 3194 2672 3273 καίπερ
2728 3191 2800 3250 ὢν
2859 3193 3000 3266 Υἱὸς,
3065 3190 3254 3267 ἔμαθεν
3308 3186 3398 3269 ἀφ’
3456 3189 3534 3243 ὧν
3585 3186 3772 3263 ἔπαθε,

390 3295 492 3340 sus
515 3284 600 3340 est
646 3277 1101 3339 obedientiam:
1144 3293 1215 3339 ac
1247 3278 1549 3357 perlectus
1592 3274 1887 3351 redditus,
1920 3277 2042 3353 fuit

388 3366 670 3428 omnibus
699 3372 806 3445 qm"
835 3365 954 3427 sibi
983 3365 1301 3428 obdierunt
1322 3382 1507 3427 causa
1539 3363 1755 3427 salutis
1772 3371 2036 3444 (sternte,

387 3458 853 3534 cognominatus
884 3473 923 3517 a
951 3454 1071 3517 Deo
1098 3455 1384 3536 pontifem
1402 3454 1731 3517 secundum
1761 3454 2037 3517 ordinem

387 3543 800 3609 Melclu'sedec.

477 3631 621 3705 «Qui
640 3632 703 3694 in
735 3633 949 3695 diebus
970 3633 1169 3697 carnis
1198 3653 1379 3696 suae.»
1404 3631 1533 3695 Non
1557 3641 1870 3714 propterea
1890 3632 2037 3695 dixit

388 3720 517 3783 dies
546 3722 763 3798 carnis,
798 3722 1013 3803 quibus
1030 3723 1319 3786 Dominus
1339 3742 1518 3805 super
1541 3730 1755 3785 terram
1782 3723 2033 3785 visibili-

389 3818 479 3872 ter
508 3812 746 3884 vivecat,
774 3813 943 3892 quasi
976 3831 1132 3874 nunc
1163 3831 1401 3875 carnem
1435 3812 1621 3893 ipsam
1655 3811 2029 3893 reliquisset:

383 3900 596 3965 Absit!
633 3883 809 3963 habel
861 3901 1021 3967 enim
1071 3920 1200 3963 eam
1251 3883 1588 3983 quanquam
1616 3883 2034 3982 incorruptibii

388 3994 507 4055 lem
544 4007 557 4051 :
586 3991 726 4050 549
757 3990 860 4051 sed
893 3990 1024 4052 dies
1054 3991 1200 4053 dicit
1227 3990 1444 4068 carnis,
1479 3991 1592 4051 hoc
1624 3990 1880 4065 est,dies
1897 3993 2034 4073 qui-

384 4078 498 4143 bus
524 4079 642 4140 vita
671 4095 779 4141 sua
807 4097 937 4160 qua;
968 4088 1095 4143 erat
1119 4080 1178 4141 in
1211 4099 1390 4143 carne
1420 4080 1563 4141 vixit

469 4193 497 4223 ιι
533 4167 911 4230 Ρτεωιίοηθε
966 4177 1021 4230 et
1078 4169 1563 4251 supplicationes.
1598 4189 1630 4232 )
1663 4169 1792 4232 Non
1836 4171 2027 4233 solum

383 4258 757 4338 precationes
810 4265 870 4316 et
927 4258 1413 4338 supplicationes,
1473 4261 1858 4322 verumetiam
1893 4279 2029 4322 eum

383 4345 647 4408 clamore
709 4352 766 4405 et
815 4343 1090 4426 lacrymis
1159 4347 1395 4410 obtulit.
1447 4350 1571 4411 Hoc
1626 4357 1823 4412 autem
1883 4349 2031 4411 dixit

2123 3282 2221 3350 τὴν
2292 3283 2552 3353 ὑπακοήν.
2642 3282 2741 3340 Καὶ
2807 3280 3121 3360 τελειωθεὶς,
3196 3278 3404 3358 ἐγένετο
3484 3290 3602 3343 τοῖς
3673 3279 3772 3334 ῦπ-

2122 3372 2400 3429 ακούουσιν
2428 3371 2572 3447 αὐτῷ
2600 3378 2759 3428 πᾶσιν
2789 3369 2961 3428 οἰ¹τιος
3017 3372 3280 3449 σωτηρίας
3310 3368 3544 3447 αἰωνίου,
3573 3388 3775 3447 προσα-

2118 3463 2373 3541 γορευθεὶς
2402 3463 2503 3518 ὑπὸ
2544 3471 2638 3521 τοῦ
2666 3467 2797 3519 Θεοῦ
2825 3461 3125 3541 ἀρχιερεὺς,
3158 3459 3294 3517 κατὰ
3322 3457 3421 3525 τὴν
3445 3456 3589 3524 τάξιν
3616 3455 3770 3514 Μελ-

2118 3550 2356 3632 χισεδέκ.
2406 3575 2434 3608 ι
3217 3605 3222 3609 .

2206 3665 2229 3695 α
2266 3626 2359 3705 ”Ος
2390 3640 2445 3698 ἐν
2472 3654 2593 3705 ταῖς
2617 3639 2839 3721 ἡμέραις
2869 3644 2967 3707 τῆς
2999 3640 3190 3719 σαρκὸς
3222 3637 3403 3700 αὐτοῦ.
3464 3658 3486 3691 n
3554 3634 3627 3694 Οὐ
3681 3633 3769 3693 διὰ

2119 3740 2273 3790 τοῦτο
2329 3731 2484 3788 εἶπεν
2539 3730 2743 3810 ἡμέρας
2787 3731 3003 3808 σαρκὸς,
3061 3729 3155 3793 τὰς
3213 3725 3337 3783 ὅταν
3379 3726 3446 3794 ἧν
3489 3728 3517 3781 6
3577 3725 3763 3805 Κύριος

2118 3819 2204 3875 ἐπὶ
2270 3820 2382 3898 γῆς⁸
2427 3820 2708 3893 αἰσθητῶς,
2768 3819 2840 3882 ὡς
2917 3824 3003 3874 νῦν
3074 3813 3398 3889 ἀποθεμένου
3455 3815 3612 3870 αὖτοῦ
3666 3812 3771 3880 τὴν

2119 3895 2309 3987 σάρκα.
2370 3895 2639 3987 ’Ἄτταγεὶ
2688 3906 2805 3987 ’ἐχει
2848 3906 2948 3986 γὰρ
3003 3905 3190 3978 αὐτὴν,
3238 3906 3281 3959 εἰ
3336 3907 3424 3960 καὶ
3478 3901 3763 3983 ἄφθαρτον.

2116 3995 2268 4054 Ἀλλ’
2311 3996 2513 4076 ἡμέρας
2568 3997 2699 4076 φησὶ
2754 3997 2969 4075 σαρκὸς,
3015 3999 3132 4051 οἷον
3189 3993 3284 4057 τὰς
3331 3990 3383 4049 ἐν
3426 3996 3494 4068 τῇ
3538 3995 3766 4068 σαρκικῇ

2114 4093 2227 4163 ζωῇ
2258 4086 2413 4143 αὐτοῦ
2441 4084 2643 4165 ἡμέρας
2654 4132 2666 4146 .

2204 4195 2231 4237 ι
2261 4177 2480 4246 Δεήσεις
2521 4177 2611 4232 καὶ
2638 4175 2928 4253 ἱκετηρίας.
2979 4196 3004 4229 ιο
3067 4175 3140 4230 Οὔ
3194 4171 3356 4248 μόνον
3411 4168 3617 4240 δεήσεις
3671 4170 3763 4225 καὶ

2111 4265 2403 4346 ἱκετηρίας,
2460 4263 2597 4320 ἀλλὰ
2667 4266 2753 4321 καὶ
2838 4263 2974 4340 μετὰ
3048 4265 3283 4342 κραυγῆς
3355 4261 3441 4316 καὶ
3522 4256 3758 4335 δακρύων

2109 4354 2421 4434 προσέφερε.
2473 4359 2638 4410 Τοῦτο
2691 4351 2747 4408 δὲ
2803 4349 3231 4431 συγκαταϐαίνων
3282 4351 3462 4413 αὐτοῖς
3534 4349 3562 4403 6
3607 4348 3757 4403 Παῦ-

382 4434 600 4497 Paulus
651 4451 785 4495 sese
821 4433 890 4496 ad
924 4443 1170 4515 captura
1197 4437 1435 4501 illorum
1469 4438 1861 4502 demittenda.
1904 4463 1931 4494 α
1957 4437 2029 4500 Et

2131 4433 2201 4507 ιος
2230 4433 2376 4503 εἷπε.
2418 4462 2443 4499 ι
2495 4443 2595 4501 Καὶ
2622 4442 2989 4516 εἰσακουσθείς,
3022 4463 3051 4495 ι
3098 4445 3380 4512 Τοσοῦτον,
3427 4437 3608 4518 φησὶν,
3642 4437 3759 4492 εἰσ-

381 4522 694 4586 exauditus
716 4531 872 4585 esset
908 4547 931 4582 ι
965 4522 1032 4585 In
1062 4533 1291 4589 tantum
1313 4527 1745 4602 exauditusest,
1766 4528 2025 4591 utetiam

376 4610 706 4674 resurrexit
742 4629 755 4674 :
790 4612 903 4674 hoc
930 4621 1129 4675 autem
1162 4615 1309 4678 dixtt
1338 4625 1581 4697 prepter
1630 4614 2026 4680 imbecillata-

378 4707 498 4763 tem
531 4700 887 4777 auditorum,
945 4701 1048 4783 qui
1108 4704 1483 4784 magniﬁcam
1526 4709 1602 4767 de
1630 4705 1860 4769 Christo
1889 4708 2028 4787 opi-

376 4790 618 4853 nionem
650 4790 915 4853 nondum
948 4802 1368 4875 conceperant.
1413 4797 1448 4851 a‘
1477 4799 1588 4857 Pro
1616 4813 1722 4857 sua
1747 4812 2026 4858 reveren-

376 4879 478 4941 tia.
524 4903 546 4937 ι
581 4878 711 4942 Non
744 4888 991 4957 tantum,
1025 4882 1240 4963 inquit,
1276 4902 1348 4946 ex
1377 4885 1557 4963 gratia
1585 4882 1769 4947 Patris
1786 4885 2024 4948 auditus

377 4976 468 5029 est
486 4980 771 5049 quantum
796 4970 872 5031 ob
897 4971 1196 5052 propriam
1219 4972 1835 5037 reverantiam.Tanta
1860 4976 2021 5037 enim

379 5065 509 5145 erat
563 5056 752 5137 ipsius
808 5060 1166 5137 reverentia,
1226 5060 1442 5142 inquit,
1495 5072 1558 5123 ut
1586 5062 1759 5125 Pater
1782 5082 2020 5145 quoque

2108 4534 2369 4613 ηκούσθη,
2436 4531 2517 4590 ὅτι
2571 4534 2658 4589 καὶ
2714 4531 2935 4599 ἀνέστη.
2994 4538 3161 4588 Τοῦτο
3215 4525 3271 4584 δὲ
3333 4527 3460 4584 εἶπε
3517 4524 3602 4582 διὰ
3654 4525 3758 4594 τὴν

2108 4620 2377 4679 ἀσθένειαν
2435 4627 2542 4678 τῶν
2610 4622 2931 4694 ἀκουόντων,
3003 4617 3149 4675 οὔπω
3221 4613 3461 4695 μεγάλας
3516 4613 3759 4695 ἐχόντων

2108 4713 2224 4789 περὶ
2266 4718 2491 4790 Χριστοῦ
2532 4708 2704 4777 δόξας.
2758 4733 2783 4765 α
2819 4707 2953 4768 Ἀπὸ
2991 4713 3091 4775 τῆς
3135 4703 3431 4769 εὒλαϐείας.
3481 4727 3505 4763 ι
3554 4703 3628 4762 Οὐ
3655 4724 3754 4761 το-

2107 4808 2313 4874 σοῦτον,
2345 4800 2495 4879 φησὶ,
2529 4800 2712 4879 χάριτι
2741 4808 2833 4858 τοῦ
2863 4799 3088 4877 Πατρὸς,
3146 4793 3269 4851 ὅσον
3299 4794 3405 4850 ἀπὸ
3433 4793 3527 4862 τῆς
3556 4793 3755 4858 οἰκείας

2106 4887 2375 4953 εὐλαϐείας
2429 4890 2686 4956 ἠκούσθη.
2745 4888 2987 4954 Τοσαύτη
3049 4886 3150 4964 γὰρ
3205 4884 3270 4952 ἧν
3323 4885 3504 4959 αὐτοῦ,
3562 4884 3745 4963 φησὶν,

2104 4980 2139 5046 ἡ
2173 4976 2434 5060 εὐλάϐεια,
2468 4978 2547 5037 ὅτι
2606 4980 2694 5034 καὶ
2746 4976 2940 5045 ἠδέσθη
2983 4975 3138 5032 αὐτὸν
3183 4976 3211 5030 6
3268 4975 3472 5052 Πατήρ.
3534 4978 3650 5060 Τῶν
3693 4970 3749 5028 δὲ

2103 5075 2362 5125 ταπεινῶν
2405 5059 2603 5125 τούτων
2632 5068 2884 5147 ῥημάτων
2912 5064 3002 5123 δύο
3030 5062 3182 5121 αἴτια
3213 5079 3226 5092 ·
3291 5062 3322 5129 ἦ
3368 5082 3426 5118 τε
3467 5059 3614 5141 σὰρξ,
3658 5064 3752 5119 καὶ

372 5143 569 5224 ipsum
601 5146 780 5208 fuerit
833 5148 1144 5211 reveritus.
1206 5151 1428 5213 Horum
1459 5162 1658 5215 autem
1699 5143 2015 5215 verborum

2131 5158 2403 5226 ιάσθένεια
2430 5164 2535 5215 τῶν
2566 5143 2883 5215 ἀκουόντων.
2954 5176 2979 5211 α
3035 5154 3233 5232 Καίπερ
3288 5152 3361 5209 ὢν
3406 5153 3549 5226 Υἱὸς,
3612 5150 3749 5228 ἔμα-

376 5232 690 5327 humilium
717 5235 936 5327 duplex
960 5247 1283 5327 estcausa,
1315 5258 1451 5302 caro
1485 5260 1701 5322 nempe
1732 5249 1790 5303 et
1817 5242 2016 5306 imbe-

2131 5268 2183 5303 εν
2239 5246 2329 5327 ἀφ’
2372 5250 2447 5303 ῶν
2505 5245 2682 5305 ἔπαθε.
2753 5268 2776 5303 ο
2835 5253 3117 5319 Τοσοῦτον,
3177 5243 3356 5321 φησὶν,
3422 5242 3743 5317 ὑπήκουσεν,

377 5319 593 5382 cillitas
617 5321 976 5385 auditorum.
1015 5351 1041 5382 α
1069 5326 1328 5392 Tametsi
1349 5330 1532 5393 Filius
1557 5319 1919 5407 erat,didicit
1946 5353 2014 5395 ex

2102 5335 2394 5415 (ὑπήκουσε
2423 5334 2501 5413 δὲ,
2548 5339 2621 5401 ὡς
2671 5334 2860 5415 πρέπει
2920 5335 3037 5390 Υἱὸν
3091 5333 3296 5412 Πατρὶ,)
3358 5329 3439 5387 ὅτι
3496 5331 3630 5406 μετὰ
3683 5333 3746 5387 τὸ

373 5407 468 5504 his
490 5427 622 5504 quae
650 5423 856 5491 passus
883 5421 995 5504 est.
1035 5438 1057 5474 υ
1093 5418 1285 5494 Adeo,
1319 5420 1536 5501 inquit,
1583 5420 1870 5482 obediens
1910 5422 2021 5485 fuit

2131 5407 2518 5504 νανθρωπῆσαί,
2548 5427 2636 5482 καὶ
2707 5407 2926 5504 σταυρὸν
3153 5407 3374 5479 θάνατον
3442 5420 3745 5497 ὑπέμεινεν.

376 5495 652 5598 (οὸεᾱίγίι
679 5507 876 5598 autem
902 5500 1052 5565 sicut
1080 5504 1255 5598 decet
1288 5495 1495 5571 Filium
1523 5495 1739 5590 Patri.)
1770 5518 1832 5572 ut
1853 5522 2017 5593 post-

371 5604 548 5667 quam
578 5595 921 5651 incarnatus
977 5598 1088 5668 est,
1123 5595 1298 5657 etiam
1344 5616 1583 5661 crucem
1642 5600 1715 5662 ad
1765 5610 2017 5666 mortem

370 5675 737 5742 sustinuerit.
765 5677 1234 5746 cDidicitautem
1256 5703 1325 5749 ex
1348 5686 1442 5749 his
1460 5707 1593 5769 quae
1618 5708 1822 5770 passus
1837 5699 1947 5755 est.
1984 5716 2011 5755 ι

2107 5539 2135 5570 ιι
2174 5501 2415 5590 ’Ἑμαθεν
2445 5513 2500 5571 δὲ
2542 5515 2632 5596 ἀφ’
2662 5518 2734 5571 ῶν
2766 5501 2977 5575 ἔπαθεν.
3019 5535 3042 5567 ι
3075 5501 3237 5582 ’ᾘδει
3282 5512 3402 5588 μὲν.
3434 5512 3587 5589 φησί,
3618 5509 3747 5575 τίςὸ

2100 5605 2342 5680 θάνατος,
2376 5606 2507 5669 Θεὸς
2537 5604 2633 5668 ὤν.
2663 5604 2724 5664 Τί
2750 5604 2851 5684 γὰρ
2880 5602 3070 5669 λέληθε
3101 5601 3230 5658 Θεόν
3254 5620 3271 5681 ;
3305 5598 3472 5658 Ἀλλὰ
3490 5600 3580 5656 καὶ
3600 5597 3653 5665 ἐξ
3671 5600 3748 5658 ὧν

2102 5694 2312 5774 ἔπαθεν,
2344 5692 2553 5770 ἔμαθεν,
2603 5695 2675 5752 06
2703 5695 2884 5770 μόνον,
2916 5692 3067 5773 φησί,
3098 5692 3226 5749 καθὸ
3272 5690 3337 5757 ἦν
3395 5690 3549 5764 Θεὸς,
3608 5686 3747 5747 ἀλλά
