4132 6418
318 340 447 408 325
1445 351 1847 418 COMMENT.
1893 346 1976 417 IN
2018 350 2266 416 EPIST.
2312 352 2416 416 AD
2456 346 2687 417 HEBR.
3600 350 3726 418 326

317 479 415 567 καὶ
448 480 597 567 καθδ
614 477 683 547 ἧν
715 477 1011 561 ἄνθρωπος,
1055 485 1209 565 πείρᾳ
1255 485 1436 560 μαθὼν
1480 486 1573 544 τὸν
1615 485 1861 548 θάνατον.
1900 519 1959 532 -

2058 483 2313 548 Noverat
2341 484 2584 567 quidem
2616 483 2759 567 quid
2791 490 3148 561 essetmors,
3172 502 3309 547 cum
3329 483 3488 549 Deus
3510 491 3670 548 esset
3701 501 3717 548 :

319 556 532 628 ’”Αλλο.
570 556 935 650 [ΦΩἸἈΪΔύο
961 556 1205 644 ζητεῖται
1238 556 1469 651 μάλιστα
1499 573 1736 647 ἐνταῦθα,
1770 576 1826 633 ἓν
1856 574 1953 652 μὲν

2062 573 2205 655 quid
2240 556 2401 637 enim
2426 578 2613 639 Deum
2634 556 2824 637 latere
2873 577 3108 655 potest?
3127 556 3400 636 Attamen
3420 572 3630 636 didicit
3650 593 3721 637 ex

311 662 438 722 πῶς
467 679 652 746 αρησιν,
703 655 784 715 ὅτι
828 661 1168 743 εἰσηκούσθη,
1211 663 1383 721 καίτοι
1427 665 1581 730 αυτὸς
1626 666 1725 741 μὲν
1775 664 1960 745 παρελ-

2063 664 2157 726 bis
2177 684 2309 745 quae
2337 682 2546 746 passus
2579 661 2824 727 est.Non
2848 663 3038 725 solum
3083 675 3376 744 quatenus
3392 661 3546 724 Deus
3569 670 3717 745 erat,

310 749 437 836 θεῖν
463 744 639 805 ἐδεῖτο
693 749 787 805 τὸν
841 750 1084 829 θάνατον,
1141 755 1170 809 ὁ
1220 751 1275 809 δὲ
1319 752 1379 809 οὗ
1418 753 1680 834 παρῆλθε.
1730 757 1829 814 Καὶ
1856 744 1980 836 γγὰρ

312 835 627 925 ξσ-ταυρώθη
659 839 747 896 καὶ
775 838 1024 904 ἀπέθανε,
1075 842 1323 923 Δεύτερον
1371 841 1450 925 δὲ,
1496 844 1602 901 ἀπὸ
1630 844 1785 909 ποίας
1816 835 1979 901 εὖλαὲ

310 923 467 991 ϐείας
530 927 928 997 εἰσακουσθῆναι
1001 931 1155 988 αὖτόν
1213 955 1363 1013 φησι.
1436 923 1556 991 -Καὶ
1623 933 1819 1014 τρίτον,
1893 936 1973 1009 τὸ,

315 1016 525 1090 Καίπερ
593 1015 667 1073 ὢν
726 1019 867 1099 Υἱὸς,
940 1020 1039 1076 τίνι
1109 1021 1449 1101 συναπτέον;
1509 1028 1589 1097 τῷ
1647 1023 1974 1090 Εἰσηκούσθη

311 1104 428 1161 ἀπὸ
455 1109 558 1172 τῆς
588 1102 876 1178 εὖλαϐείας,
937 1107 974 1177 ἢ
1015 1123 1132 1173 τοῖς
1184 1110 1394 1191 ἐφεξῆς,
1437 1110 1529 1169 ’ἵνα
1580 1110 1638 1187 ᾗ,
1675 1113 1872 1193 Καίπερ
1900 1111 1974 1169 ὢν

314 1196 466 1275 Υἱὸς,
524 1193 717 1271 ἔμαθεν
761 1195 850 1278 ἀφ’
920 1200 994 1254 ὧν
1052 1198 1212 1257 ἔπαθε
1259 1201 1358 1269 τὴν
1410 1202 1676 1272 ὑπαθιοήν,
1741 1202 1974 1283 Διαφορὰ

307 1284 421 1362 γὰρ
475 1285 675 1342 τούτων
717 1288 778 1343 οὐ
838 1286 1016 1365 ὀλίγη,
1078 1287 1244 1347 ’Λλλα
1304 1290 1435 1369 πρὸς
1494 1291 1592 1365 μὲν
1646 1292 1706 1347 τὸ
1764 1291 1973 1371 πρῶτόν

311 1394 514 1452 φαμεν,
565 1374 646 1433 ὅτι
692 1377 787 1433 οὒκ
835 1375 904 1444 ἧν
952 1379 987 1445 ἡ
1032 1375 1211 1446 δέησις
1255 1379 1374 1455 μία,
1430 1378 1570 1436 ἀλλὰ
1622 1377 1783 1448 διπλῆ
1838 1402 1917 1444 τις
1952 1398 1966 1412 ·

306 1465 346 1530 ἡ
411 1465 510 1539 μὲν
579 1464 978 1543 παραιτουμένη
1018 1469 1110 1524 τὸν
1166 1468 1410 1542 θάνατον,
1470 1471 1506 1538 ἡ
1550 1467 1603 1525 δὲ
1661 1470 1968 1546 αἰτουμένη,

2060 752 2447 816 verumetiam
2481 761 2772 835 quatenus
2795 760 2920 815 erat
2947 749 3524 833 homo,cxperientia
3553 750 3714 813 didi-

2061 843 2142 903 cit
2167 851 2442 905 mortem.
2467 880 2527 889 —
2547 841 2684 905 Alio
2705 842 2903 904 modo.
2931 843 3055 904 Duo
3074 838 3313 921 quidem
3335 838 3434 901 hic
3463 839 3720 902 maxime

2062 940 2408 1012 quaeruntur
2446 951 2461 995 :
2495 951 2677 994 unum
2713 932 2983 1013 quidem,
3024 928 3323 1011 quomodo
3372 927 3528 992 dicat
3559 928 3717 1009 quod

2061 1020 2373 1082 exauditus
2404 1021 2501 1085 sit.
2546 1020 2726 1102 Atqui
2759 1019 2967 1083 orabat
2992 1027 3061 1080 ut
3094 1023 3346 1079 mortem
3385 1017 3664 1079 evaderet
3698 1035 3712 1081 :

2058 1108 2187 1188 ipse
2216 1117 2414 1171 autem
2449 1129 2567 1171 non
2598 1111 2803 1183 evasit,
2835 1127 2968 1169 nam
2999 1106 3318 1169 cruciﬁxus
3348 1112 3517 1167 estet
3548 1124 3711 1167 mor-

2059 1203 2213 1260 tuus.
2248 1198 2519 1261 Alterum
2551 1217 2713 1274 vero,
2750 1216 2856 1279 pro
2887 1215 3002 1279 qua
3033 1193 3368 1258 reverentia
3393 1194 3552 1255 dicat
3571 1212 3708 1256 eum

2056 1286 2421 1351 exauditum.
2475 1287 2548 1351 Et
2608 1286 2872 1357 tertium,
2926 1286 3018 1347 cui
3073 1281 3553 1365 conjungendum
3593 1291 3704 1361 est,

2055 1372 2317 1438 Tametsi
2340 1376 2525 1439 Filius
2547 1386 2708 1439 erat:
2736 1395 2808 1437 an
2835 1373 3332 1458 praecedentibus,
3343 1373 3706 1452 puta,Exau-

2055 1464 2213 1525 ditus
2244 1472 2331 1528 est
2361 1485 2467 1547 pro
2501 1485 2607 1528 sua
2664 1465 3009 1530 reverentia
3042 1484 3057 1526 :
3095 1483 3171 1525 an
3202 1459 3611 1543 sequentibus,
3643 1470 3707 1524 ut

319 1554 421 1611 Καὶ
450 1554 549 1633 γάρ
579 1578 743 1636 φησιν
784 1556 840 1613 ἐν
997 1556 1128 1625 αὕτη
1160 1557 1299 1638 εὒχῇ
1326 1559 1414 1616 καὶ
1443 1556 1618 1629 δεήσει
1656 1575 1670 1591 '
1737 1580 1762 1616 ιι
1820 1557 1960 1628 Πλὴκ

2050 1560 2126 1614 εει
2146 1572 2356 1616 sensus
2380 1574 2393 1618 :
2419 1554 2681 1618 Tametsi
2714 1555 2901 1618 Filius
2944 1560 3090 1630 erat,
3116 1551 3329 1616 didicit
3360 1568 3429 1611 ex
3463 1549 3556 1611 his
3578 1569 3710 1630 qua;

314 1642 399 1718 μὴ
436 1645 497 1700 τὸ
548 1643 679 1721 ἐμὸν
732 1643 961 1722 θέλημα,
1023 1645 1161 1705 ἀλλὰ
1212 1649 1272 1703 τὸ
1329 1649 1423 1704 σὸν
1478 1648 1727 1727 γενέσθω.
1780 1673 1808 1705 n
1874 1651 1960 1708 Kal

2051 1660 2259 1722 passus
2291 1654 2380 1706 est
2402 1643 2803 1706 obedientiam
2842 1665 2857 1708 :
2892 1652 2982 1706 est
3013 1642 3173 1705 enim
3206 1638 3523 1727 diversitas
3552 1638 3710 1703 inter

311 1742 473 1791 τοῦτο
503 1733 822 1813 σαφέστερον
853 1732 1027 1801 δηλῶν
1082 1738 1111 1791 6
1169 1735 1443 1805 Ἰωάννης,
1490 1726 1649 1818 φησὶν
1708 1741 1960 1796 αἰτεῖσθαι

2049 1731 2164 1793 ista
2192 1753 2308 1793 non
2335 1752 2532 1813 parva.
2558 1733 2777 1797 Verum
2804 1734 2876 1795 ad
2905 1732 3162 1814 primum
3190 1731 3433 1812 quidem
3450 1726 3707 1805 dicimus

310 1822 408 1878 τὸν
440 1824 560 1879 Υἰὸν
603 1822 852 1903 λέγοντα,
913 1848 941 1880 ιι
990 1824 1183 1906 Πάτερ,
1254 1823 1468 1892 δόξασόν
1526 1849 1619 1884 σου
1670 1830 1763 1884 τὶν
1820 1830 1960 1904 Υἱὸν,

2050 1822 2455 1897 precationem
2491 1842 2608 1884 non
2666 1822 2999 1904 simplicem
3031 1820 3239 1901 fuisse,
3287 1821 3392 1882 sed
3422 1824 3704 1904 quodam-

313 1912 412 1967 ’ἱνα
451 1913 539 1969 καὶ
567 1914 597 1969 6
629 1913 749 1979 Υἱός
781 1935 874 1971 σου
919 1912 1111 1991 δοξάσῃ
1165 1936 1250 1990 σε,
1302 1937 1326 1973 ι
1402 1913 1552 1982 δόξαν
1593 1919 1685 1974 τὸν
1745 1920 1960 1997 σταυρὸν

2049 1911 2226 1972 modo
2258 1911 2596 1991 duplicem:
2633 1929 2749 1974 una
2798 1910 3041 1993 quidem
3076 1910 3390 1972 devitanda
3423 1921 3699 1995 mortem,

317 2001 409 2058 καὶ
438 2003 528 2058 τὸν
555 2002 778 2058 θάνατον
807 2004 881 2068 ὡς
945 2001 1121 2071 δηλῶν
1179 2005 1522 2079 ὀνομάζοντα.
1583 1998 1596 2018 ”
1620 2016 1762 2065 Ωστε
1787 2005 1960 2072 καλῶς

2048 2000 2235 2060 altera
2271 2017 2412 2062 vero
2447 2000 2778 2082 expetendo
2838 2008 3114 2061 mortem.
3149 1997 3248 2060 Ait
3276 1999 3436 2061 enim
3478 2000 3542 2064 in
3572 2002 3705 2083 ipsa

325 2112 486 2170 φησιν
513 2093 541 2147 6
566 2095 706 2156 θεῖος
755 2091 985 2168 Παῦλος,
1042 2094 1393 2162 Εἰσηκούσθη.
1455 2096 1528 2154 Τὸ
1583 2094 1661 2175 δὲ,
1705 2095 1843 2153 Ἀπὸ
1871 2098 1960 2165 τῆς

2052 2088 2321 2151 oratione
2349 2098 2406 2151 et
2438 2090 2777 2170 precatione
2812 2106 2825 2151 :
2895 2113 2918 2145 ιι
2948 2087 3222 2149 Attamen
3255 2106 3372 2149 nou
3406 2106 3539 2154 mea
3583 2112 3691 2154 vo-

329 2176 617 2257 εὒλαϐεἷας,
648 2180 804 2261 ἐγγὺς
849 2181 1065 2263 γέγονεν
1114 2183 1174 2240 ἐκ
1228 2186 1333 2242 τῶν
1391 2184 1680 2264 εἰρημένων
1737 2194 1827 2243 τοῦ
1870 2209 1960 2242 σε-

2048 2176 2271 2254 luntas,
2295 2179 2399 2240 sed
2433 2188 2530 2241 tua
2549 2178 2786 2242 ﬁatﬂ.»
2824 2177 2893 2239 Et
2923 2178 3037 2239 hoc
3069 2175 3439 2239 manifestius
3467 2179 3699 2261 signiﬁ-

326 2269 650 2349 σαφηνίσθαι.
689 2272 791 2328 Δύο
832 2273 933 2351 γὰρ
984 2272 1185 2354 ἔφημεν
1227 2274 1483 2345 αἰτήσεις,
1544 2276 1641 2345 τὴν
1694 2276 1793 2353 μὲν
1834 2299 1960 2342 παρα

2050 2284 2192 2354 cans
2216 2270 2500 2349 Joannes,
2533 2269 2613 2329 ait
2641 2266 2857 2329 Filium
2888 2265 3162 2347 petiisse:
3210 2267 3419 2329 «Pater
3437 2269 3702 2346 gloriﬁca

326 2359 583 2428 αιτήσεως
637 2367 729 2418 τοῦ
796 2353 1043 2442 θανάτου,
1128 2363 1226 2431 τὴν
1308 2361 1362 2420 δε
1446 2366 1909 2442 αυγκατανεύσεως
1946 2382 1960 2398 ’

2047 2353 2265 2417 Filium
2298 2364 2489 2435 tuum,
2548 2367 2612 2419 ut
2673 2368 2731 2419 et
2758 2356 2941 2420 Filius
2975 2363 3106 2417 tuus
3138 2354 3430 2435 gloriﬁcet
3459 2364 3517 2420 te
3544 2358 3626 2421 27.
3669 2387 3694 2418 ιο

323 2445 451 2525 ὅπερ
477 2447 542 2516 ἦν
569 2451 643 2513 ὡς
692 2448 900 2517 ἀληθῶς
961 2449 1167 2520 πολλῆς
1210 2450 1481 2517 εὐλαϐείας
1512 2469 1529 2486 ⁸
1594 2453 1741 2521 Πλὴν
1795 2454 1874 2531 μὴ
1902 2456 1960 2511 τὸ

2049 2452 2323 2526 tanquam
2357 2446 2699 2526 significans
2721 2445 3065 2509 nominasse
3094 2462 3331 2506 crucem
3354 2462 3423 2506 ac
3446 2458 3697 2512 mortem

316 2537 447 2614 ἐμὸν
510 2537 741 2615 θέλημα,
806 2539 934 2597 me
1010 2542 1069 2597 τὸ
1129 2541 1243 2604 σόν,
1304 2543 1621 2610 Εἰσηκούσθν
1691 2545 1859 2601 τοίνυν
1933 2546 1960 2601 6

2046 2533 2323 2615 gloriam.
2351 2537 2533 2598 Recte
2564 2534 2867 2618 itaqueait
2895 2534 3065 2595 divus
3094 2532 3350 2595 Paulus:
3378 2532 3699 2601 Exauditus

314 2630 566 2704 Χριστὸς,
624 2628 719 2684 οὒκ
768 2629 875 2686 ἀπὸ
927 2633 1026 2698 τῆς
1070 2633 1466 2711 παραιτήσεως,
1519 2631 1657 2689 ἀλλὰ
1713 2633 1819 2689 ἀπὸ
1861 2638 1959 2701 τῆς

310 2714 608 2792 εὐλαϐείας,
640 2717 927 2801 τουτέστιν,
987 2719 1161 2788 ἐκείνη
1220 2720 1254 2789 ἢ
1308 2720 1524 2789 αἴτησις
1568 2724 1727 2782 αὐτοῦ
1781 2721 1957 2805 ἐξέϐη,

309 2807 433 2887 οὐχὶ
460 2809 496 2875 ἠ
526 2808 664 2864 κατὰ
692 2808 791 2876 τὴν
819 2810 1156 2890 παραίτησιν,
1201 2808 1322 2866 ἀλλ’
1364 2813 1399 2879 ἡ
1443 2813 1580 2868 κατὰ
1638 2812 1736 2880 τὴν
1796 2811 1957 2870 εὒλά-

308 2891 480 2958 ὄειαν,
558 2898 652 2954 Διό
723 2922 880 2980 φησι,
953 2901 1052 2958 Καὶ
1124 2898 1439 2976 τελειωθεὶς,
1525 2902 1793 2984 τουτέστι,
1878 2901 1962 2959 διὰ

309 2986 644 3062 παθημάτων
699 2988 786 3044 καὶ
842 2996 1064 3069 σταυροῦ
1119 2991 1207 3047 καὶ
1273 2992 1496 3048 θανάτου
1565 2991 1766 3057 τέλειος
1822 2994 1959 3069 ἡμῖν

2043 2630 2155 2685 est.
2191 2622 2359 2696 Quod
2391 2635 2586 2687 autem
2621 2625 2859 2686 dicitur.
2888 2627 2997 2685 Pro
3024 2640 3129 2683 sua
3156 2624 3515 2705 reverentia,
3548 2645 3697 2707 pro-

2043 2712 2362 2793 pemodum
2415 2734 2487 2776 ex
2512 2714 2604 2776 his
2630 2731 2765 2796 quae
2806 2713 2931 2794 jam
2981 2711 3137 2773 dicta
3166 2719 3304 2773 sunt
3332 2712 3696 2777 declaratum

2046 2809 2156 2865 est.
2191 2803 2332 2864 550
2360 2804 2517 2867 Duas
2574 2804 2735 2866 enim
2781 2803 3036 2865 diximus
3097 2800 3414 2882 petitiones
3451 2822 3464 2862 :
3518 2824 3694 2866 unam

2045 2893 2287 2973 quidem
2319 2914 2435 2975 qua
2466 2893 2750 2957 devitaret
2782 2902 3057 2963 mortem,
3091 2892 3340 2954 alteram
3394 2909 3532 2954 vero
3582 2913 3699 2975 qua

2043 2991 2401 3064 acceptaret.
2436 2983 2572 3046 Haec
2604 2983 2845 3064 quidem
2880 2998 3107 3061 magnae
3146 2997 3357 3042 revera
3401 2991 3569 3043 erant
3602 3003 3692 3047 re-

304 3073 675 3154 ἐπιγνωσθεὶς,
748 3079 836 3135 καὶ
916 3080 1046 3158 ὑπὲρ
1116 3078 1275 3159 λόγον
1345 3079 1539 3159 ἀγαθὸς
1620 3082 1708 3138 καὶ
1763 3080 1957 3163 φιλάν-

2044 3072 2344 3145 vercntiaa,
2383 3092 2498 3153 qua
2527 3073 2763 3134 dicebat
2796 3092 2810 3132 :
2843 3072 3121 3133 Attamen
3153 3087 3271 3130 non
3320 3086 3457 3163 mea
3479 3071 3692 3134 volun-

303 3167 540 3245 θρωπος.
614 3172 779 3224 Τοῦτο
848 3165 903 3224 δὲ
960 3170 1046 3225 καὶ
1102 3167 1298 3232 ἄνωθεν
1367 3168 1628 3240 ὑπεδήλου
1664 3191 1677 3206 ·
1750 3169 1957 3242 δεήσεις

303 3252 481 3333 λέγων
511 3257 599 3312 καὶ
623 3259 910 3337 ἰκεηρίας,
956 3259 1017 3314 τὸ
1060 3255 1274 3316 διπλοῦν
1331 3258 1426 3327 τῆς
1469 3261 1726 3330 αἰτήσεως
1784 3263 1955 3318 αἰνιτ-

301 3343 550 3419 τόμενος.
630 3345 769 3430 Εἶτα
849 3348 937 3403 καὶ
1005 3344 1210 3418 δεήσεις
1279 3349 1440 3405 εἰπὼν
1516 3351 1604 3405 καὶ
1660 3351 1951 3430 ἱκετηρίας,

309 3434 407 3490 οὐκ
448 3433 718 3514 ἐπήγαγεν
752 3426 910 3516 ’Υπὲρ
952 3446 1045 3495 τοῦ
1070 3435 1354 3517 παρελθεῖν
1381 3440 1473 3495 τὸν
1516 3440 1760 3521 θάνατον,
1816 3426 1954 3497 ἆλλᾶ

306 3523 446 3601 Πρὸς
474 3526 567 3579 τὸν
595 3521 879 3601 δυνάμενον
926 3527 1111 3597 σώζειν
1156 3527 1312 3584 αὐτὸν
1354 3527 1415 3584 ἐκ
1468 3528 1712 3600 θανέτου,
1776 3528 1953 3594 καλῶς

302 3613 394 3668 καὶ
421 3613 708 3693 πανσόφως
737 3615 891 3672 τοῦτο
917 3617 1179 3694 προτιθεὶς⁸
1238 3615 1330 3674 ’ίνα
1384 3617 1510 3675 ὅταν
1560 3619 1743 3695 ἐννοῇς
1800 3618 1952 3677 αὐτὸν

304 3702 691 3779 στωρούμενον
758 3706 845 3761 καὶ
911 3706 1266 3786 θαπτόμενον,
1351 3708 1429 3784 μὴ
1526 3707 1781 3783 ἀδυναμίᾳ
1862 3716 1956 3765 τοῦ

2042 3168 2150 3243 tas,
2185 3163 2290 3223 sed
2323 3171 2419 3225 tua
2450 3164 2570 3227 tiat.
2604 3162 2936 3224 Exauditus
2978 3166 3065 3221 est
3100 3176 3240 3239 ergo
3270 3158 3543 3220 Christus
3572 3180 3691 3225 non

2040 3267 2110 3312 ex
2136 3270 2203 3312 ea
2235 3260 2397 3333 parte
2428 3271 2544 3334 qua
2577 3250 2925 3332 refugiebat,
2961 3248 3065 3310 sed
3118 3267 3233 3330 qua
3258 3247 3641 3313 reverebatur
3673 3276 3688 3318 :

2037 3338 2151 3402 hoc
2174 3353 2289 3423 est,
2322 3341 2422 3403 illa
2448 3341 2654 3421 petitio
2689 3340 2874 3421 ipsius
2897 3338 3143 3418 contigit
3164 3359 3282 3401 non
3308 3360 3439 3422 quae
3459 3343 3688 3406 devita-

2038 3428 2284 3505 tionem,
2322 3432 2425 3494 sed
2476 3450 2607 3513 quae
2656 3429 3049 3494 reverentiam
3090 3434 3516 3497 concernebat.
3550 3433 3691 3496 Ideo

2037 3517 2160 3580 ait:
2190 3520 2273 3582 Ac
2307 3521 2609 3603 perfectus
2640 3518 2910 3582 redditus
2949 3536 2963 3581 :
3000 3519 3111 3580 hoc
3143 3527 3252 3595 est,
3292 3540 3399 3602 per
3420 3522 3690 3585 afﬂictio-

2037 3627 2147 3671 nes
2171 3619 2230 3671 et
2258 3629 2495 3672 crucem
2526 3629 2595 3672 ac
2627 3618 2877 3672 mortem
2910 3609 3207 3691 perfectus
3237 3628 3271 3671 a
3292 3610 3464 3673 nobis
3489 3613 3688 3692 cogni-

2039 3708 2134 3761 tus
2155 3708 2213 3761 et
2243 3718 2423 3780 supra
2454 3700 2696 3761 modum
2728 3701 2919 3760 bonus
2964 3716 3032 3760 ac
3065 3699 3385 3763 humanus.
3420 3698 3547 3763 Hoc
3575 3719 3685 3762 au-

304 3793 513 3870 Πατρὸς
577 3793 738 3850 αὐτὸν
781 3794 934 3853 τοῦτο
1000 3799 1218 3874 νομίσῃς
1273 3798 1759 3874 ὑπομεμενηκέναι,
1834 3796 1952 3855 ἀλλ’

2044 3797 2156 3850 tem
2175 3789 2446 3870 superius
2464 3807 2699 3870 quoque
2718 3787 3238 3861 indicavit,dicens
3262 3808 3275 3850 :
3302 3790 3690 3851 Precationes

302 3878 386 3939 ὅτι
414 3885 591 3940 κοίνὸν
631 3881 839 3960 θέλημα
896 3884 962 3952 ἧν
1004 3887 1066 3941 τὸ
1122 3893 1285 3943 ταῦτα
1343 3890 1532 3945 παθεῖν
1580 3890 1671 3945 τὸν
1731 3890 1955 3968 Χριστὸν

2044 3887 2096 3941 et
2126 3879 2608 3961 supplicationes,
2647 3879 2991 3968 petitionem
3015 3895 3315 3968 geminam
3341 3878 3681 3959 designans.

301 3971 431 4052 ὑπὲρ
486 3976 587 4042 τῆς
658 3982 752 4030 του
804 3974 1009 4050 κόσμου
1064 3976 1351 4055 σωτηρίας.
1414 3978 1637 4035 Δύναται
1689 3976 1743 4034 δὲ
1781 3966 1955 4036 τοῦτο

2044 3970 2334 4032 Praeterea
2363 3972 2540 4032 etiam
2573 3987 2710 4031 cum
2741 3966 2984 4029 dixisset
3017 3983 3031 4029 :
3059 3966 3444 4030 Precationes
3467 3977 3525 4029 et
3542 3986 3684 4049 sup-

301 4062 539 4141 εἰρῆσθαι
568 4063 657 4119 καὶ
686 4061 771 4119 διὰ
832 4063 930 4130 τὴν
970 4063 1277 4125 ἀνάστασιν.
1339 4064 1625 4147 Πολλαχοῠ
1681 4069 1781 4149 γὰρ
1848 4091 1950 4126 τα-

2044 4058 2409 4139 plicationes,
2454 4078 2571 4121 non
2629 4058 2792 4149 addit
2835 4057 2967 4149 :Ad
3001 4056 3369 4119 evadendum
3404 4066 3681 4134 mortem,

303 4151 582 4232 πειτότερα
636 4155 666 4209 6
716 4155 858 4217 θεῖος
916 4152 1120 4221 Παῦλος
1161 4145 1561 4236 φθεγγόμενος,
1596 4158 1690 4213 τὸν
1743 4145 1951 4237 Πατέρα

2044 4149 2161 4226 sed,
2182 4148 2352 4231 Apud
2378 4149 2544 4210 illum
2566 4148 2665 4230 qui
2692 4154 2921 4229 poterat
2940 4145 3133 4226 ipsum
3153 4154 3401 4237 aAmorte
3418 4164 3677 4208 servare.

305 4241 461 4321 φησὶν
541 4242 835 4311 ἀναστῆσαι
928 4245 1020 4301 τὸν
1124 4234 1346 4324 Χριστόν
1448 4234 1779 4318 ’Δναστ-ήσας
1863 4234 1951 4304 οὖν

2044 4237 2390 4320 [dquerecto
2411 4239 2732 4302 admodum
2753 4237 3131 4317 etsapienter
3143 4234 3313 4324 addit
3333 4256 3345 4298 :
3368 4237 3680 4317 utquando

308 4328 484 4406 αὐτὸν,
517 4329 765 4410 ὶῤῥόσατο
794 4336 950 4394 αὐτὸν
1007 4334 1067 4392 ἐκ
1121 4323 1214 4394 τοῦ
1267 4335 1488 4393 θανάτου
1541 4337 1631 4393 καὶ
1672 4334 1944 4399 διέσωσεν.

2044 4327 2403 4391 intellexeris
2425 4328 2621 4408 ipsum
2647 4326 2998 4390 cruciﬁxum
3015 4343 3083 4387 ac
3105 4323 3429 4405 sepultum,
3462 4342 3539 4387 ne
3562 4327 3680 4388 Pa-

308 4412 457 4528 Ἀλϊ
499 4418 664 4528 οὸἷως
712 4422 812 4498 μὲν
859 4422 974 4481 κατ’
1024 4424 1165 4502 ὶμὴν
1219 4425 1440 4505 γνώμην
1495 4435 1685 4485 ταῦτα.
1743 4427 1816 4484 Τὸ
1866 4423 1944 4501 δὲ,

2044 4416 2139 4479 tris
2167 4416 2520 4498 impotentia
2550 4417 2810 4498 idipsum
2838 4413 3140 4477 existimes
3172 4431 3307 4528 eum
3340 4416 3679 4494 pertulisse,

2044 4523 2089 4528 _-
2114 4510 2138 4528 Α
2184 4527 2193 4528 κ
2217 4526 2278 4528 ηε
2304 4508 2327 4528 j
2369 4527 2377 4528 κ
2401 4526 2475 4528 ,,__
2508 4506 2687 4528 ____A1_
2726 4513 2832 4528 -..ΑΔ
2868 4504 3133 4528 _.-I--_|_..
3165 4510 3226 4528 --ι
3307 4503 3523 4528 L_2..n_--
3556 4505 3675 4528 L..-

309 4507 506 4597 ςαίπερ
561 4507 637 4597 ᾣν
707 4513 851 4589 Υἱὸς,
925 4511 981 4570 εἴ
1047 4501 1129 4578 τις
1183 4501 1300 4571 καθ’
1336 4501 1644 4595 ήὺπερϐατὸν
1711 4512 1946 4597 ἐκλάϐοι,

2044 4510 2140 4570 sed
2173 4508 2329 4589 quod
2354 4506 2693 4570 communis
2712 4513 2837 4568 erat
2868 4504 3229 4597 veluntas,ut
3257 4501 3524 4566 Christus
3553 4505 3682 4597 haec

303 4592 545 4684 (ξπειρος
571 4596 629 4655 δὶ
683 4601 720 4669 ἡ
777 4602 965 4661 τούτου
1018 4608 1217 4684 χρῆσις
1273 4611 1351 4679 τῷ
1391 4592 1651 4684 θεσπεσίῳ
1702 4592 1950 4681 Παύλῳδ

2044 4615 2140 4678 pro
2166 4597 2372 4660 mundi
2404 4597 2593 4660 salute
2644 4603 2962 4677 pateretur.
3000 4595 3198 4655 Potest
3226 4600 3426 4684 aut_em
3481 4602 3537 4655 et
3567 4594 3680 4656 hoc

300 4680 549 4774 ἀϐίαστος
578 4685 642 4746 ἂν
689 4691 727 4759 ἡ
768 4689 937 4749 ἔννοια
1002 4677 1299 4774 προαχθείη
1325 4677 1333 4679 6
1356 4696 1476 4751 οῖον
1506 4712 1522 4728 ο
1564 4677 1657 4758 "Oc
1716 4694 1769 4750 ἐν
1826 4677 1948 4757 ταῖς

2044 4677 2257 4749 dictum
2292 4705 2424 4750 esse
2454 4696 2695 4768 propter
2749 4684 3277 4774 resurrectionem.
3311 4681 3680 4774 Frequenter

298 4772 523 4851 ἡμέραις
550 4778 652 4845 τῆς
679 4781 871 4859 σαρκὸς
921 4770 1104 4863 αὐτοῦ,
1148 4770 1350 4863 ’καίπερ
1408 4782 1482 4840 ὢν
1538 4786 1684 4858 Υἱὸς,
1741 4780 1948 4853 δεήσεις

2044 4776 2192 4840 enim
2228 4776 2545 4838 humiliora
2575 4775 2826 4863 loquens
2854 4772 3023 4835 divus
3056 4773 3295 4863 Paulus,
3331 4770 3411 4831 ait
3440 4773 3676 4833 Patrem

299 4864 388 4920 καὶ
439 4858 757 4947 ἱκετηρίας,
792 4873 878 4926 καὶ
954 4858 1101 4946 ἑξῆς,
1187 4858 1446 4949 τουτέστι,
1504 4872 1690 4952 καίπερ
1746 4872 1945 4952 προνό-

2044 4867 2427 4929 resurrexisse
2459 4858 3197 4952 Christum.‘Resuscitans
3232 4859 3431 4952 itaque
3455 4860 3674 4940 ipsum,

295 4974 418 5027 μιον
449 4954 703 5035 μέγιστον
733 4956 880 5038 ἔχων
922 4961 996 5024 ὡς
1042 4961 1188 5035 Υἱὸς,
1245 4962 1307 5019 τὸ
1349 4961 1517 5042 χωρὶς
1570 4949 1802 5032 δεήσεως
1857 4963 1949 5017 καὶ

2044 4973 2061 5018 ι
2092 4964 2283 5018 morte
2315 4954 2585 5018 liberavit
2612 4973 2679 5016 ac
2701 4953 2974 5015 servavit.
3017 4952 3093 5014 Et
3114 4951 3240 5042 haec
3270 4949 3511 5042 quidem
3543 4968 3677 5042 meo

296 5044 558 5113 αἰτήσεως
588 5037 964 5126 αὒταδεσπότῳ
1003 5050 1196 5130 γνώμῃ
1250 5037 1453 5109 πάντα⁷
1478 5064 1659 5110 ποιεῖν
1719 5052 1753 5107 ἃ
1796 5053 1884 5109 καὶ
1913 5054 1942 5109 6

2051 5044 2249 5108 udicio
2283 5045 2362 5107 ita
2387 5063 2450 5107 se
2484 5042 2685 5106 habet.
2708 5042 2876 5115 Quod
2900 5050 3097 5130 autem
3126 5039 3386 5130 dicitur:
3415 5037 3677 5100 Tametsi

300 5134 476 5222 ρατὴρ
534 5148 703 5212 ποιεῖ,
749 5135 896 5213 ὅμως
926 5138 1110 5208 ἐπειδὴ
1156 5141 1212 5197 ἐν
1241 5140 1461 5222 ἡμέραις
1488 5140 1555 5209 ἦν
1597 5140 1692 5209 τῆς
1722 5142 1934 5219 σαρκὸς,

297 5217 503 5293 δεήσεις
561 5226 652 5282 καὶ
709 5229 973 5309 ἱκετηρίας
1040 5217 1357 5311 προσέφερεξ
1449 5231 1674 5288 Δύναται
1728 5217 1800 5287 δὲ-
1852 5233 1941 5288 καὶ

294 5313 431 5368 κατὰ
484 5313 794 5375 ἀκολουθίαν
847 5321 922 5383 ὡς
986 5319 1104 5401 ἔχει
1186 5320 1383 5387 τάξεως
1439 5323 1759 5401 συναφθῆναι
1838 5327 1938 5396 τῷ,

296 5401 396 5457 Καὶ
451 5402 805 5472 εἰσακουσθεὶς
845 5407 955 5465 ἀπὸ
992 5414 1094 5476 τῆς
1138 5406 1431 5484 εὐλαϐείας,
1490 5412 1632 5484 οἰον⁷
1692 5410 1945 5477 Εἰσηκού-

290 5490 412 5567 σθη,
444 5496 598 5573 φησὶ,
658 5495 847 5577 καίπερ
903 5496 977 5555 ὢν
1037 5500 1181 5574 Υἱὸς,
1241 5500 1330 5556 καὶ
1386 5498 1466 5575 μὴ
1511 5495 1757 5575 δεόμενος
1827 5500 1938 5556 εἰσ-

363 5648 424 5702 ”
446 5652 660 5718 Βοιώ.
694 5669 853 5737 xxvi,
889 5657 965 5721 39
994 5680 1010 5734 ;
1036 5659 1174 5721 Luc.
1213 5676 1334 5737 xvi,
1358 5659 1461 5721 42.
1493 5658 1739 5723 "Joan.
1771 5674 1916 5734 xm,
1946 5664 2005 5720 t.

2026 5135 2213 5198 Filius
2244 5134 2455 5210 erat,si
2479 5132 2619 5213 quis
2642 5151 2749 5215 per
2789 5128 3156 5213 hyperbaton
3188 5127 3440 5209 accipiat
3467 5133 3674 5209 (porro

2024 5224 2203 5305 hujus
2233 5243 2376 5286 usus
2420 5225 2553 5285 divo
2582 5221 2765 5284 Paulo
2790 5221 3071 5301 frequens
3102 5220 3238 5301 est),
3294 5217 3468 5298 hujus
3497 5217 3675 5278 intel-

2026 5314 2215 5376 lectus
2240 5313 2466 5395 absque
2494 5312 2616 5374 ulla
2655 5310 2938 5373 violentia
2985 5310 3315 5372 deducetur
3336 5356 3352 5383 ,
3385 5308 3498 5369 hoc
3532 5314 3621 5368 est
3656 5327 3670 5365 :

2026 5403 2139 5478 Qui
2161 5403 2224 5465 in
2248 5403 2462 5465 diebus
2493 5404 2693 5465 carnis
2734 5400 3117 5483 suae,tametsi
3142 5404 3271 5461 erat
3289 5397 3494 5474 Filius,
3532 5413 3674 5478 pre-

2027 5495 2292 5558 cationes
2322 5511 2390 5556 ac
2448 5491 2938 5575 supplicationes,
2999 5501 3149 5574 ete.,
3184 5489 3296 5551 hoc
3327 5494 3438 5566 est,
3470 5485 3676 5561 Quan-
