4132 6480
748 12 755 13 ,
810 14 813 15 ,
1000 10 1043 13 με

464 480 575 551 331
1602 494 2014 558 (ECUMENII
2058 490 2355 557 TRICCzE
2393 494 2725 560 EPISCOPl
3743 485 3862 555 33?

546 627 644 705 VI,
681 629 798 692 1-5.
835 628 1219 710 QuaprOpIer
1273 629 1491 690 omisso
1539 645 1818 690 sermone
1840 628 2011 690 initii
2039 644 2088 689 at

2178 676 2179 679 η
2286 648 2311 683 α
2351 630 2444 685 Διὸ
2490 630 2703 710 ἀφέντες
2748 632 2838 688 τὸν
2879 637 2980 699 τῆς
3038 632 3215 713 ἀρχῆς
3271 638 3364 689 τοῦ
3420 635 3645 709 Χριστοῦ
3669 626 3853 705 λόγον,

470 718 804 793 Christum,
827 717 906 780 ad
929 716 1358 797 perfectionem
1381 718 1706 795 feramur:
1731 735 1854 779 non
1875 733 2088 778 rursuz

2206 714 2293 772 ἐπὶ
2349 717 2447 785 τὴν
2516 717 2827 788 τελειότητα
2899 720 3197 801 φερώμεθα,
3264 721 3342 797 μὴ
3404 718 3564 777 πάλιν
3611 714 3855 792 θεμέλιον

454 808 763 888 iacientes
816 806 1281 885 fundamentum
1330 808 1697 885 paenitentiae
1739 805 1814 867 ab
1845 804 2088 886 operibu

2203 804 2660 883 καταϐαλλόμενοι
2743 811 3047 884 μετανοίας,
3152 810 3258 867 ἀπὸ
3362 813 3558 885 νεκρῶν
3656 804 3853 885 ἔργων,

463 896 723 960 mortuis
753 903 809 958 et
835 896 977 976 ﬁdei
1006 900 1072 957 in
1103 896 1316 971 Deum,
1345 895 1796 977 baptismatum,
1829 897 2088 957 doctrim

2204 896 2289 950 καὶ
2346 896 2570 961 πίστεως
2627 897 2712 954 ἐπὶ
2782 900 2935 978 Θεὸν,
3025 900 3361 976 βαπτισμῶν,
3422 895 3665 976 διδάχῆς,
3726 894 3850 950 ἐπ’-⁵

463 1003 539 1050 ac
568 1003 866 1049 manuum
893 985 1299 1065 impositionis
1318 991 1373 1048 et
1392 987 2088 1047 resurrectionismortuc

2202 982 2392 1048 θέσεώς
2475 1005 2533 1041 τε
2599 992 2819 1066 χειρῶν,
2906 988 3242 1050 ἀναστάσεως
3326 1008 3382 1043 τε
3455 990 3672 1064 νεκρῶν,
3764 984 3853 1038 καὶ

462 1093 603 1137 rum
633 1092 708 1137 ac
719 1074 942 1155 judicii
972 1075 1203 1137 aeterni.
1238 1075 1438 1153 Atque
1467 1075 1534 1135 id
1562 1075 1860 1152 faciemus
1887 1080 1943 1135 si
1972 1073 2083 1154 qui

2200 1073 2451 1151 κρίματος
2481 1075 2709 1138 αἰωνίου.
2736 1076 2835 1134 Καὶ
2862 1082 3015 1133 τοῦτο
3031 1077 3346 1152 ποιήσομεν,
3374 1074 3563 1152 ἐάνπερ
3585 1070 3852 1150 ἐπιτρέπει

461 1164 600 1227 dem
621 1164 976 1244 permiserit
1008 1164 1186 1226 Deus.

2198 1162 2226 1216 6
2270 1162 2422 1244 Θεός.
2463 1184 2486 1219 ι

544 1238 692 1316 Ωιι-ιη
722 1253 784 1314 in
813 1252 1221 1334 superioribus
1243 1262 1509 1314 vocasset
1538 1252 1769 1314 initium
1801 1268 2088 1314 sermone:

2280 1238 2435 1306 ”Ανω
2494 1253 2655 1309 εἰπὼν
2711 1252 2890 1333 ἀρχὴν
2946 1254 3067 1319 τοῦς
3137 1255 3253 1334 περὶ
3295 1253 3704 1333 ἆνθρωπότητος
3755 1258 3851 1307 τοῦ

465 1343 543 1405 de
572 1342 788 1406 Christi
821 1342 1210 1419 humanitate,
1255 1341 1678 1423 perfectionem
1709 1359 1849 1403 vero
1882 1359 1982 1402 eos
2011 1360 2087 1422 qu

2196 1338 2382 1416 Κυρίου
2432 1338 2645 1417 λόγους,
2713 1340 3028 1408 τελειότητα
3081 1340 3136 1397 δὲ
3220 1343 3340 1405 τοὺς
3396 1342 3514 1420 περὶ
3567 1339 3848 1410 θεότητος,

460 1430 537 1494 de
566 1430 872 1494 divinitate
929 1440 1150 1507 essent,
1212 1449 1287 1492 ne
1341 1432 1402 1492 hi
1434 1430 1812 1513 impatienter
1840 1431 2083 1493 doleren

2192 1425 2283 1482 ἵνα
2313 1429 2389 1502 μὴ
2419 1425 2757 1504 ἀδημονῶσιν
2785 1433 2950 1505 οῦτοι,
3012 1433 3087 1497 ὡς
3135 1431 3212 1507 μὴ
3243 1430 3537 1506 ἀξιούμενοι
3597 1435 3703 1486 τῶν
3750 1450 3847 1484 τε-

461 1522 630 1603 quasi
660 1520 886 1600 indigni
921 1520 1374 1601 perfectioribus
1403 1521 1801 1594 sermonibus,
1835 1521 2088 1599 aggredi-

2192 1513 2468 1595 λειοτέρων
2518 1516 2712 1597 λόγων,
2760 1518 2933 1597 λέγειν
2975 1522 3096 1586 τοὺς
3138 1520 3369 1585 τελείους
3426 1526 3701 1598 πειρᾶται,
3749 1518 3850 1574 Λέ-

462 1618 561 1673 tur
595 1610 772 1673 etiam
805 1611 1001 1691 eloqui
1035 1610 1756 1692 perfectiores.Eloquitur
1777 1619 1970 1671 autem
1992 1628 2088 1675 n01

2193 1626 2274 1683 γει
2319 1604 2398 1687 δὲ,
2444 1606 2545 1686 οὐχ
2587 1610 2662 1671 ὡς
2693 1608 2801 1665 ἅνω
2830 1608 3059 1672 τελείους
3089 1608 3362 1684 ἒκάλεσεν,
3419 1611 3497 1682 (οῦ
3524 1609 3623 1686 γὰρ
3650 1608 3847 1688 ἴσχυον

462 1716 537 1762 eo
559 1699 737 1762 modo
770 1719 886 1782 quo
917 1699 1082 1780 prius
1109 1699 1336 1762 vocavit
1365 1699 1659 1780 perfectos
1695 1720 1708 1760 :
1737 1719 1928 1780 neque
1948 1699 2088 1761 enin

2190 1696 2438 1772 ἀκοῦσαι)
2470 1715 2487 1735 ο
2561 1696 2681 1754 ἀλλ’
2728 1698 2919 1777 ἑτέρως
2972 1697 3236 1775 μεθοδεύει
3280 1701 3369 1756 τὸν
3440 1697 3623 1778 λόγον,
3668 1697 3849 1778 ἀρχὴν

463 1789 672 1853 audire
701 1797 992 1871 poterant,
1026 1790 1130 1851 sed
1178 1788 1293 1851 alio
1345 1789 1520 1850 modo
1551 1798 1741 1850 astute
1765 1790 2088 1869 aggreditm

2191 1784 2284 1860 μὲν
2315 1786 2375 1840 τὸ
2405 1786 2681 1863 βάπτισμα
2709 1787 2914 1868 καλῶν,
2948 1790 3036 1845 καὶ
3067 1789 3164 1856 τὴν
3195 1789 3249 1845 έν
3280 1793 3423 1862 αὒτῷ
3481 1788 3590 1844 τῶν
3644 1794 3847 1867 χειρῶν

460 1898 824 1953 sermonem,
855 1898 1071 1942 vocans
1100 1878 1345 1960 quidem
1378 1877 1737 1959 principium
1792 1877 2083 1960 baptisma

2191 1873 2424 1931 ἐπίθεσιν
2454 1876 2543 1931 καὶ
2571 1875 2836 1957 σφραγῖδα
2871 1894 2884 1907 ⁸
2944 1876 3255 1946 τελειότητα
3311 1876 3389 1958 δὲ,
3452 1878 3552 1944 τὴν
3577 1874 3644 1933 δι’
3676 1876 3847 1955 ἔργων

458 1968 661 2031 354a
692 1987 974 2032 manuum
1007 1967 1450 2048 impositionem
1472 1986 1540 2028 ac
1563 1966 1956 2046 signaculum,
1980 1987 2088 2049 qua

2193 1962 2525 2043 φιλοσοφίαν.
2574 1967 2924 2042 Παρακατιὼν
2970 1965 3024 2023 δέ
3082 1967 3399 2049 σαφέστερον
3469 1964 3612 2044 λέγει
3673 1968 3751 2029 τίς
3809 1967 3845 2033 ἡ

453 2059 519 2121 in
548 2078 618 2122 eo
674 2067 858 2121 sunt:
920 2057 1346 2139 perfectionem
1397 2075 1562 2137 vero,
1615 2056 1944 2117 doctrinam
2001 2076 2110 2138 per

453 2165 658 2231 opera.
690 2150 754 2209 In
779 2165 1094 2228 progressu
1123 2155 1323 2208 autem
1380 2143 1751 2206 manifestius
1780 2145 1924 2206 dicit
1952 2146 2109 2227 quod

455 2237 535 2300 sit
566 2237 799 2299 initium
832 2237 893 2297 in
918 2235 1013 2297 his
1072 2236 1173 2316 qui
1205 2233 1384 2298 modo
1425 2236 1697 2315 credunt,
1733 2243 1793 2296 et
1820 2253 1952 2315 quae
1982 2254 2114 2315 per-

458 2325 640 2387 fectio
652 2324 1029 2387 .Consecutio
1043 2323 1432 2385 ordinationis
1448 2322 2117 2405 littera-Quapropter

461 2414 684 2476 omisso
718 2432 996 2475 sermone
1019 2413 1142 2476 sive
1166 2413 1444 2492 dogmate
1462 2413 1593 2474 initi
1615 2413 1684 2475 ad
1709 2411 2008 2475 Christum
2039 2414 2110 2475 ad

458 2502 891 2585 perfectionem
945 2505 1237 2583 feramur;
1273 2509 1451 2583 atque
1481 2502 1538 2564 id
1571 2502 1858 2564 faciemus
1888 2502 1939 2563 si
1973 2503 2111 2583 qui-

461 2593 597 2655 dem
630 2592 972 2674 promiserit
993 2591 1652 2655 Deus.—«Sermonem
1675 2592 1828 2653 initii
1855 2593 1924 2654 ad
1947 2592 2113 2655 Chri-

454 2690 641 2747 stum.
685 2706 706 2739 ι
743 2680 930 2754 Quem
963 2700 1302 2744 sermonem
1327 2681 1753 2748 ?,Sermonem
1798 2682 2109 2756 doctrinae,

452 2772 609 2853 quod
644 2779 917 2853 Oporteat
945 2771 1397 2834 fundamentum
1424 2772 1627 2851 jacere
1652 2770 2014 2852 paenitentiae
2034 2771 2108 2832 ab

454 2860 742 2941 operibus
765 2861 1048 2924 mortuis:
1076 2878 1415 2922 sermonem
1439 2860 1723 2921 doctrinae
1742 2860 1899 2940 quod
1922 2879 2107 2940 opor-

447 2956 566 3013 teat
578 2950 826 3012 credere
841 2949 1453 3011 inDeumzsermonem
1470 2948 1755 3012 doctrinae
1765 2950 1920 3031 quod
1939 2967 2110 3030 opor-

449 3047 569 3103 teat
584 3038 1236 3122 baptizarizsermonem
1252 3039 1708 3119 doctrinaequod
1725 3046 1990 3119 oporteat
2008 3039 2041 3100 d
2053 3043 2103 3097 i-

451 3146 638 3209 gnum
671 3148 733 3191 se
758 3147 968 3210 gerere
991 3127 1211 3209 Spiritu
1226 3137 1801 3190 sanctozsermonem
1823 3127 2110 3189 doctrinae

2193 2052 2338 2132 ἀρχὴ
2370 2055 2455 2109 επὶ
2483 2061 2587 2110 τῶν
2619 2051 2732 2133 ἄρτι
2763 2058 3140 2131 πιστευόντων,
3200 2058 3288 2113 καὶ
3345 2056 3423 2119 τίς
3465 2057 3500 2125 ἡ
3544 2053 3841 2120 τελειότης.

2195 2144 2265 2196 Τὸ
2296 2141 2581 2199 ἀκόλουθον
2624 2145 2721 2210 τῆς
2754 2144 3068 2210 συντάξεως,
3107 2178 3180 2190 —
3235 2141 3442 2226 [ΦΩΤ.]
3503 2146 3597 2200 Διὸ
3625 2143 3848 2223 ἀφέντες

2195 2231 2284 2286 τὸν
2328 2236 2427 2297 τῆς
2461 2231 2635 2311 ἀρχῆς
2663 2240 2756 2289 τοῦ
2785 2240 3009 2311 Χριστοῦ
3039 2232 3341 2312 δογμάτων,
3372 2233 3459 2289 επὶ
3515 2233 3613 2300 τὴν
3641 2230 3851 2289 τέλειόν

2196 2340 2333 2384 τητα
2375 2320 2670 2399 φερώμεθα.
2725 2323 2821 2380 Καὶ
2883 2329 3037 2381 τοῦτο
3093 2324 3410 2399 ποιήσομεν,
3473 2320 3664 2400 ἐνάπερ
3719 2322 3845 2378 έπι-

2194 2407 2360 2485 τρέπῃ
2392 2410 2605 2484 ὂ-Θεός.
2638 2443 2714 2456 —-
2748 2410 2905 2490 [ΤΟΥ
2936 2410 3204 2491 Α]“ΤΟΥ.]
3241 2436 3268 2467 α
3320 2419 3423 2470 Τοῦ
3479 2418 3702 2491 Χριστοῦ
3744 2410 3844 2468 λό-

2196 2518 2312 2572 γον.
2353 2520 2376 2553 ιι
2411 2498 2581 2555 Ποῖον
2610 2497 2769 2577 λόγον
2801 2518 2817 2579 ς
2866 2503 2967 2558 Τὸν
2999 2499 3155 2579 λόγον
3186 2506 3286 2568 τῆς
3330 2499 3577 2581 διδαχῆς,
3610 2508 3701 2557 τοῦ
3730 2499 3846 2557 δεῖν

2193 2584 2543 2643 καταϐάλλειν
2583 2587 2829 2664 θεμέλιον
2886 2591 3168 2665 μετανοίας
3225 2591 3332 2647 ἀπὸ
3376 2596 3571 2669 νεκρῶν
3626 2589 3791 2668 ἔργων
3826 2606 3840 2619 ’

2192 2674 2283 2728 τὸν
2310 2672 2471 2752 λόγον
2498 2680 2597 2742 τῆς
2627 2674 2877 2756 διδαχῆς,
2936 2686 3029 2735 τοῦ
3071 2676 3184 2735 δεῖν
3239 2678 3510 2736 πιστεύειν
3540 2678 3632 2735 ¹ἐπὶ
3664 2679 3792 2735 Θεόν
3826 2698 3843 2717 ·

2193 2764 2282 2819 τὸν
2326 2761 2485 2842 λόγον
2526 2769 2624 2832 τῆς
2669 2763 2924 2846 διδαχῆς,
2982 2775 3073 2824 τοῦ
3124 2766 3237 2825 δεῖν
3277 2769 3630 2845 βαπτισθῆναι
3662 2801 3685 2814 -
3750 2770 3844 2826 τὸν

2192 2852 2349 2932 λόγον
2392 2860 2490 2922 τῆς
2541 2854 2792 2938 διδαχῆς,
2864 2858 2956 2915 τοῦ
3012 2857 3122 2916 δεῖν
3180 2858 3470 2925 ὁξιωθῆναι
3540 2860 3843 2934 Πνεύματος

2193 2943 2342 3020 ἁγίου
2376 2960 2390 2973 ⁸
2464 2945 2554 3000 τὸν
2609 2943 2769 3024 λόγον
2825 2951 2925 3014 τῆς
2984 2944 3232 3027 διδαχῆς,
3280 2946 3361 3003 ὅτι
3417 2946 3725 3021 ἀνάστασις,
3759 2945 3844 3003 ὅτι

2193 3029 2337 3088 ἔσται
2365 3038 2555 3112 κρίσις.
2618 3031 2753 3091 Ἀπὸ
2806 3044 2984 3095 κοινοῦ
3040 3038 3139 3115 γὰρ
3181 3038 3318 3094 κατὰ
3372 3036 3607 3115 πάντων,
3667 3036 3756 3092 καὶ
3814 3038 3843 3091 6

2191 3119 2347 3199 λόγος
2391 3125 2478 3179 καὶ
2525 3126 2560 3192 ἡ
2603 3122 2822 3206 διδαχή,
2859 3160 2934 3171 —
2968 3127 3114 3204 [ΤΟΥ
3143 3126 3419 3206 ΑΥΤΟΥ]
3484 3149 3512 3181 α
3561 3124 3683 3183 Ἐπὶ
3742 3128 3844 3194 τὴν

2192 3209 2525 3278 τελειότητα,
2565 3235 2588 3269 ι
2645 3215 2819 3270 Εἰπὼν
2862 3214 3056 3295 ἆφεῖνα
3111 3217 3202 3272 τὸν
3243 3217 3361 3296 περὶ
3418 3221 3641 3294 Χριστοῦ
3682 3236 3844 3271 στοι-

447 3218 604 3298 quod
624 3219 820 3281 futura
845 3217 1300 3280 sitresurrectio
1323 3235 1391 3279 ac
1417 3216 1710 3307 judicium
1745 3218 2109 3280 Acommuni
2128 3261 2166 3307 α

455 3292 617 3371 enim
673 3307 981 3370 intellectu
1013 3314 1332 3368 sumuntur
1360 3292 1437 3367 ad
1464 3305 1696 3384 singula
1717 3312 1773 3367 et
1802 3308 2011 3368 Sermo
2040 3324 2088 3367 Et

2193 3298 2403 3379 χειώδη
2446 3302 2533 3358 καὶ
2561 3302 2738 3382 ἀρχῆς
2767 3292 3034 3384 ὂπέχοντα
3062 3303 3206 3370 τάξιν
3256 3292 3417 3383 λόγον
3458 3292 3545 3361 καὶ
3602 3304 3688 3361 ἐπὶ
3741 3304 3842 3371 τῆν

450 3395 754 3459 Doctrina.
789 3432 870 3441 -—
908 3396 1000 3459 Ad
1032 3395 1484 3477 perfectionem.
1521 3419 1543 3452 »
1581 3395 1726 3457 Cum
1761 3395 2007 3457 dixisset
2036 3415 2088 3457 se

2184 3387 2494 3477 τελειότητα
2550 3391 2816 3471 φέρεσθαι,
2879 3396 2982 3473 οὐχ
3054 3392 3235 3459 ἁπλῶς
3298 3415 3428 3473 φησι
3500 3394 3599 3460 τὴν
3646 3394 3841 3471 κυρίως

444 3486 787 3565 relinquere
818 3475 1246 3549 elementarem
1279 3485 1354 3547 de
1382 3484 1618 3546 Christo
1650 3503 2011 3558 sermonem,
2040 3498 2088 3548 et

2184 3475 2514 3553 τελειότητα,
2560 3477 2679 3536 ἀλλ’
2723 3482 2913 3537 ὡσανεὶ
2941 3481 3039 3549 τὴν
3070 3480 3262 3558 μεταξὺ
3292 3487 3389 3548 τῆς
3435 3481 3839 3561 στοιχειώσεώς

451 3574 554 3657 qui
585 3575 740 3637 initii
772 3576 1042 3637 ordinem
1073 3575 1357 3649 continet,
1391 3573 1650 3656 ferrique
1677 3574 1750 3636 ad
1776 3575 2093 3655 perfectio-

444 3683 736 3739 nem,non
761 3664 1115 3745 simpliciter
1134 3683 1200 3726 ac
1218 3663 1457 3745 proprie
1479 3663 1622 3725 dicit
1645 3664 2093 3744 perfectionem,

442 3754 549 3817 sed
571 3754 750 3816 veluti
774 3755 1032 3816 mediam
1058 3754 1214 3815 inter
1239 3753 1589 3815 crassiorem
1618 3752 2095 3815 informationem

442 3843 818 3925 eloquiorum
854 3843 959 3905 Dei
991 3852 1048 3904 et
1072 3861 1412 3924 supremam
1448 3842 2098 3923 perfectionem.Siqui'-

440 3932 580 3994 dem
606 3932 903 3993 elementa
934 3931 1084 3992 initii
1124 3930 1494 4012 eloquiorum
1516 3930 1623 3993 Dei
1641 3938 1779 3991 sunt
1800 3930 2096 3993 abrenun-

436 4020 589 4084 tiare
619 4024 852 4085 Satanae
871 4020 1270 4101 omnibusque
1293 4021 1421 4100 ejus
1443 4019 2011 4101 operibus,credere
2033 4020 2092 4081 in

434 4110 966 4191 Deum,baptizari,
988 4111 1263 4191 accipere
1294 4108 1584 4191 Spiritum
1611 4118 1902 4184 sanctum,
1937 4109 2094 4171 scire

434 4207 743 4260 mortuoru
754 4199 1315 4260 mresurrectionem
1328 4199 1670 4278 ,accredere
1685 4198 1946 4259 futurum
1962 4216 2095 4259 esse

433 4286 731 4366 judicium
746 4286 905 4349 .Haec
920 4286 1161 4366 quidem
1178 4285 1786 4349 elementasnntinitii
1821 4286 2093 4367 eloquio-

430 4374 899 4438 rumDei.Porro
919 4374 1708 4455 elementaeloquiorumDei
1724 4387 1782 4437 et
1800 4394 1915 4435 non
1941 4375 2095 4460 initii

2180 3586 2236 3621 τε
2283 3572 2388 3624 τῶν
2434 3566 2628 3645 λογίων
2670 3576 2763 3625 τοῦ
2805 3578 2959 3646 Θεοῦ,
3020 3572 3109 3628 καὶ
3169 3571 3363 3647 μεταξὺ
3419 3576 3519 3639 τῆς
3578 3571 3841 3628 ἀνωτάτω

2179 3653 2534 3723 τελειότητος.
2575 3646 2737 3716 ’Ἐστι
2794 3660 2892 3734 μὲν
2947 3661 3047 3739 γὰρ
3101 3646 3353 3740 στοιχεῖα
3408 3660 3586 3741 ἀρχῆς
3638 3658 3837 3738 λογίων

2181 3752 2333 3816 Θεοῦ,
2366 3746 2431 3801 τὰ
2458 3745 2811 3813 ἀποτάξασθαι
2841 3753 2920 3823 τῷ
2967 3756 3178 3822 Σατανᾷ
3234 3751 3321 3806 καὶ
3363 3762 3482 3814 τοῖς
3528 3749 3700 3829 'ép'fou;
3730 3750 3834 3805 αῦ-

2177 3843 2290 3907 τοῦ,
2336 3837 2397 3891 τὸ
2437 3843 2714 3894 πιστεῦσαι
2759 3838 2844 3895 ἐπὶ
2888 3840 3041 3910 Θεὸν,
3100 3841 3162 3897 τὸ
3219 3839 3589 3917 βαπτισθῆναι,
3636 3841 3700 3895 τὸ
3729 3838 3825 3896 λα-

2177 3919 2292 3978 ϐεῖν
2322 3929 2534 3982 Πνεῦμα
2564 3925 2738 4006 ἅγιον,
2796 3929 2858 3984 τὸ
2919 3927 3106 3986 εὶδέναι
3151 3931 3348 4009 νεκρῶν
3404 3927 3714 4007 ἀνάστασιν,
3772 3930 3837 3984 τὸ

2175 4014 2438 4069 πιστεύειν
2481 4012 2561 4070 ὅτι
2595 4014 2738 4072 ἔσται
2769 4018 2960 4096 κρίσις.
3023 4025 3199 4076 Ταῦτα
3227 4018 3325 4093 μὲν
3369 4030 3620 4097 στοιχεῖα
3652 4017 3835 4097 ἀρχῆς

2176 4099 2370 4179 λογίων
2402 4110 2556 4167 Θεου,
2592 4112 2856 4185 Στοιχεῖα
2882 4104 2937 4162 δὲ
2967 4105 3162 4185 λογίων
3221 4114 3371 4182 Θεοῦ,
3432 4108 3521 4163 καὶ
3579 4109 3673 4165 οὐκ
3730 4106 3834 4186 ἀρ-

2179 4195 2288 4269 χῆς
2319 4188 2511 4270 λογίων
2539 4200 2691 4265 Θεοῦ,
2725 4196 2788 4250 τὸ
2817 4193 3003 4252 εἰδέναι
3034 4194 3115 4252 ὅτι
3158 4194 3346 4253 ἔπαθεν
3404 4195 3531 4274 ὑπὲρ
3586 4196 3744 4271 ἡμῶν
3805 4198 3835 4253 ὁ

2180 4281 2425 4356 Χριστὸς,
2459 4278 2539 4337 ὅτι
2570 4280 2790 4339 ἀνέλαϐε
2822 4285 2913 4349 τὰς
2974 4286 3230 4365 ἁμαρτίας
3286 4287 3463 4363 ἡμῶν⁸
3518 4282 3598 4340 ὅτι
3643 4306 3835 4352 σωτη-

2179 4368 2290 4455 ρίαν
2336 4370 2471 4443 ἡμῖν
2528 4371 2832 4449 εἰργάσατο,
2891 4372 2970 4429 ὅτι
3042 4372 3319 4455 ἀρχιερεὺς
3375 4375 3530 4448 ἡμῶν
3586 4372 3834 4451 γέγονεν,

433 4463 807 4545 eloquiorum
835 4463 940 4525 Dei
956 4473 1113 4541 sunt,
1134 4464 1287 4525 scire
1303 4454 1456 4545 quod
1475 4482 1580 4545 pro
1602 4464 1773 4526 nobis
1792 4482 1998 4544 passus
2022 4454 2088 4540 sii

2182 4454 2261 4512 ὅτι
2294 4457 2477 4513 ἑαυτὸν
2520 4462 2878 4540 προσήνεγκεν
2915 4463 3044 4543 ὑπὲρ
3099 4454 3276 4538 ἡμῶν,
3322 4463 3410 4518 καὶ
3464 4460 3517 4517 εἴ
3572 4483 3621 4516 τι
3650 4483 3831 4540 παρα-

432 4553 894 4634 Christus,quod
915 4554 1244 4634 susceperit
1266 4544 1505 4634 peccata
1529 4562 1745 4614 nostra.
1759 4555 1912 4633 quod
1933 4554 2015 4615 sal
2026 4573 2087 4614 u-

2181 4544 2427 4615 πλήσιον.
2461 4547 2743 4618 Τελειότης
2773 4548 2827 4607 δὲ
2880 4559 2973 4609 τοῦ
3026 4553 3124 4629 μὲν
3180 4551 3534 4618 ἀποτάξασθαι
3577 4557 3656 4626 τῷ
3710 4557 3833 4609 Σα-

439 4650 558 4705 tem
593 4641 766 4704 nobis
788 4652 1068 4722 operatus
1098 4642 1359 4722 sit,quod
1395 4642 1658 4723 pontifex
1691 4640 1869 4703 nobis
1899 4642 2085 4703 factus

433 4732 533 4809 sit,
570 4732 726 4814 quod
748 4733 1013 4813 seipsum
1038 4731 1321 4795 obtulerit
1347 4750 1451 4813 pro
1475 4732 1738 4807 nobis,et
1759 4730 1965 4812 siquid
1990 4731 2083 4792 his

424 4821 603 4885 affine
627 4830 718 4883 est
768 4820 1060 4883 Perfectio
1091 4839 1230 4882 vero
1263 4822 1393 4900 ejus
1423 4822 1577 4902 quod
1599 4828 1686 4882 est
1707 4818 2082 4882 renuntiasse

426 4911 658 4973 Satanae
679 4912 928 4992 ejusque
951 4910 1450 4984 consortibus,est
1467 4910 1757 4992 promotio
1775 4910 1835 4971 in
1857 4909 2079 4971 virtuti-

423 4998 882 5075 bus,tolerantia
898 5001 961 5062 af
959 5000 1139 5061 ﬂictio
1149 5020 1286 5061 num
1302 5009 1360 5063 et
1377 4999 1857 5082 persecutionum
1871 5016 1939 5060 ac
1959 5007 2082 5059 ten-

423 5087 1038 5169 tationum.Suprema
1060 5098 1257 5151 autem
1279 5090 1559 5171 perfectio
1585 5098 1671 5150 est
1694 5096 1894 5149 exacta
1918 5106 2080 5148 com-

422 5177 763 5257 prehensio,
827 5187 890 5239 et
949 5188 1168 5261 quanta
1230 5180 1463 5241 homini
1521 5177 1824 5259 possibilis
1857 5186 1968 5251 est,
2005 5176 2080 5238 de

422 5265 645 5327 Christi
669 5267 986 5342 theologia.
1014 5268 1278 5330 Primum
1299 5268 1808 5349 igiturcredentes
1828 5265 2081 5347 baptiza-

421 5371 577 5429 mur,
609 5352 828 5415 deinde
859 5358 1239 5435 agnoscimus
1277 5368 1495 5439 quanta
1525 5376 1634 5439 pro
1671 5354 1845 5418 nobis
1876 5372 2082 5436 passus

344 5478 350 5485 -
425 5441 501 5504 sit
526 5440 798 5504 Christus
820 5462 892 5505 ac
923 5444 1134 5506 fecerit
1152 5447 1318 5525 juxta
1336 5446 1786 5522 humanitatem,
1812 5452 2077 5525 postmo-

425 5529 565 5591 dum
620 5531 943 5593 virtutibus
998 5535 1363 5618 perﬁcimur,
1413 5536 1627 5597 exinde
1659 5534 1838 5596 etiam
1870 5532 2079 5612 cogni-

433 5621 622 5700 tione,
657 5623 1155 5700 quae'secundum
1191 5623 1447 5687 divinam
1481 5632 1569 5686 est
1586 5624 1900 5686 scientiam
1920 5621 2081 5701 digni
2111 5680 2117 5691 ,

428 5707 770 5773 reddimur.
808 5709 968 5772 «Non
992 5730 1231 5774 rnrsum
1247 5713 1541 5793 jacientes
1567 5714 2077 5775 fundamentum.»

422 5794 555 5862 Non
586 5817 826 5862 rursum
860 5800 1019 5863 aliud
1042 5802 1340 5883 jacientes
1372 5804 1849 5877 fundamentum,
1902 5800 2084 5863 veluti

2168 4642 2319 4708 τανᾷ,
2353 4638 2441 4693 καὶ
2468 4651 2586 4702 τοῖς
2629 4640 2817 4697 τούτου
2870 4642 3196 4722 συστοίχοις,
3259 4643 3295 4710 ἡ
3345 4640 3400 4697 έν
3451 4654 3574 4704 ταῖς
3605 4640 3832 4719 ἀρεταῖς

2166 4735 2435 4803 προκοπὴ,
2468 4728 2501 4795 ἡ
2532 4729 2636 4784 τῶν
2664 4728 2892 4806 θλίψεων
2924 4734 3010 4787 καὶ
3060 4731 3311 4811 διωγμῶν
3371 4733 3460 4788 καὶ
3515 4737 3833 4809 πειρασμῶν

2163 4815 2429 4890 ὑπιομονή.
2478 4813 2761 4885 Τελειότης
2805 4817 2859 4875 δὲ
2890 4821 2924 4888 ἡ
2958 4819 3213 4877 ἀνωτάτω
3251 4822 3286 4889 ἡ
3316 4821 3434 4901 περὶ
3488 4823 3587 4888 τῆς
3645 4818 3834 4877 θεολο-

2163 4904 2280 4980 γίας
2312 4911 2557 4986 Χριστου,
2618 4908 2841 4965 καθόσον
2893 4908 3031 4965 ἐστὶν
3076 4909 3339 4989 ἀνθρώπῳ
3394 4906 3608 4965 δυνατὸν
3664 4906 3829 4988 ἀκρι-

2162 4992 2262 5062 ϐὴς
2334 4996 2659 5074 κατάληψις.
2738 5006 2953 5080 Πρῶτον
3025 5001 3112 5058 οὖν
3171 5001 3508 5063 πιστεύοννες
3564 5000 3831 5077 βαπτιζό-

2162 5087 2317 5164 μεθα,
2364 5085 2489 5142 εἶτα
2530 5085 2945 5166 ἐπιγινήσκομεν
2989 5087 3088 5145 ὅσα
3128 5089 3260 5168 ὑπὲρ
3316 5091 3472 5164 ἡμῶν
3521 5090 3550 5144 6
3598 5091 3831 5166 Χριστὸς

2163 5171 2319 5229 ἔπαθέ
2352 5196 2407 5230 τε
2439 5177 2524 5231 καὶ
2568 5175 2786 5244 ἐποίησε
2817 5179 2953 5235 κατὰ
2996 5180 3058 5234 τὸ
3105 5177 3512 5257 ἐνανθρώπινον,
3546 5176 3670 5234 εἶτα
3699 5190 3828 5243 ταῖς

2162 5262 2377 5339 ἀρεταῖς
2419 5263 2783 5343 τελειούμεθα,
2862 5266 3043 5323 ἔπειτα
3100 5268 3188 5324 καὶ
3250 5267 3347 5334 τῆς
3405 5266 3651 5345 γνώσεως
3721 5272 3829 5335 τῆς

2162 5352 2298 5406 κατὰ
2326 5352 2424 5418 τὴν
2465 5352 2742 5433 θεολογίαν
2770 5354 3073 5433 ἀξιούμεθα.
3111 5375 3141 5415 )
3179 5356 3268 5424 Μὴ
3298 5354 3456 5413 πάλιν
3485 5354 3755 5432 θεμέλιον.
3787 5380 3816 5415 υ

2166 5445 2251 5511 Μὴ
2298 5444 2464 5502 πάλιν
2494 5446 2671 5528 ἕτερον
2704 5448 2947 5526 θεμέλιον
2975 5448 3456 5525 κατάϐαλλόμενοι,
3491 5452 3632 5529 οἷον,
3663 5452 3824 5528 φησὶ,

2164 5532 2602 5612 καταϐαλλόμεθα
2646 5537 2699 5594 ἐν
2757 5546 2835 5613 τῷ
2894 5539 3254 5616 βαπτίζεσθαι,
3324 5538 3616 5615 τουτέστιν,
3674 5537 3825 5595 ἀπο-

2164 5628 2335 5701 ταγῆς
2382 5630 2489 5680 τῶν
2521 5624 2687 5703 ἔργων
2729 5638 2822 5687 τοῦ
2864 5635 3099 5688 Σατανᾶ.
3136 5616 3321 5695 υΛπιιξ
3351 5629 3473 5708 γὰρ,
3515 5629 3667 5709 φησὶ,
3714 5650 3823 5704 με-

2166 5714 2521 5782 τανοήσαντες
2555 5713 2641 5771 ἐπ’
2670 5718 2853 5783 αὐτοῖς
2901 5715 3314 5795 ἐϐαπτίσθημεν,
3356 5720 3444 5774 καὶ
3490 5720 3586 5776 οῦκ
3614 5717 3688 5775 ἔτι
3735 5717 3826 5780 δεῖ

2165 5808 2331 5859 ταῦτα
2361 5801 2411 5869 ἐξ
2442 5805 2694 5886 ὑπαρχῆς
2738 5820 2937 5872 ποιεῖν,
2975 5830 3003 5864 ι
