4132 6456
203 403 318 474 333

1306 416 1703 481 COMMENT.
1751 417 1835 481 IN
1880 416 2123 482 EPIST.
2170 417 2269 483 AD
2314 416 2543 484 HEBR.

3493 414 3614 481 334

198 542 452 635 jacimus
480 545 627 609 dum
659 545 1047 629 baptizamnr,
1081 547 1223 610 358
1265 549 1380 612 hoc
1432 556 1543 625 est,
1584 549 2048 612 renuntiattonis
2090 570 2336 633 operum
2395 550 2646 616 Satanae.
2694 549 2894 614 Semel
2943 550 3128 628 enim,
3183 550 3397 635 inquit,
3451 551 3608 615 resi-

210 631 495 714 piscendo
525 635 601 698 ab
632 636 782 719 ipsis
809 636 1090 720 baptizati
1120 645 1181 702 et
1209 637 1392 701 abluti
1419 657 1645 714 sumus,
1680 658 1792 702 nec
1820 638 2078 721 amplius
2105 631 2339 722 oportet
2360 642 2488 704 haec
2520 641 2593 703 ab
2627 639 2871 704 exordio
2899 641 3122 705 facere.

293 723 631 813 ΙΓ-ΕῌΝΑΔ]
685 748 709 783 ι
757 727 884 786 Μεθ’
915 727 1207 807 ὑπερϐατου
1257 727 1312 785 δὲ
1355 730 1390 797 ἡ
1441 729 1588 807 ῥῆσίς
1619 729 1751 791 ἐστι.
1785 731 1857 788 Τὸ

2021 730 2166 793 Cum
2200 731 2522 813 hyperbato
2546 737 2748 793 autem
2781 738 2871 794 est
2893 749 3117 796 sermo.
3139 730 3288 793 Nam
3317 730 3391 794 ad
3420 749 3602 795 omne

213 813 315 892 γὰρ
342 811 598 895 διδαχῆς,
628 818 762 896 πρὸς
817 818 958 875 ἅπαν
1002 816 1085 877 διὰ
1129 817 1295 894 μέσου
1334 819 1396 874 τὸ
1452 819 1867 898 παρεγκείμενον

210 900 542 967 ἀποδίδοται.
579 907 678 963 Καὶ
708 905 817 964 ἔστι
859 908 996 965 κατὰ
1038 909 1128 964 τὸν
1186 915 1303 965 νοῦν
1348 907 1535 974 αῦτῆς,
1570 906 1864 975 αῦτη’συν-

210 992 353 1061 θήκη
390 1008 403 1021 ⁸
480 993 569 1061 Μὴ
613 994 774 1051 πάλιν
816 994 1058 1070 θεμέλιον
1110 993 1569 1072 καταϐαλλόμενοι
1613 993 1864 1075 διδαχῆς,

207 1077 314 1136 εἶθ’
343 1080 515 1148 οὕτως
572 1084 638 1142 τὰ
680 1082 797 1141 καθ’
850 1083 970 1153 ἑξῆς
1015 1086 1068 1143 ἐν
1129 1085 1484 1164 ἀπαριθμήσει
1540 1083 1863 1161 δηλούμενα,

206 1171 329 1249 περῖ
355 1172 430 1226 ὧν
473 1176 574 1240 τῆς
606 1170 833 1254 διδαχῆς
887 1177 934 1230 oi
974 1172 1230 1250 θεμέλιοι.
1284 1173 1535 1230 Βούλεται
1576 1172 1632 1230 δὲ
1671 1175 1862 1248 εἰπεῖν,

196 1256 278 1315 ὅτι
307 1268 437 1324 Τοῖς
476 1268 567 1318 νῦν
626 1268 840 1342 πρῶτον
896 1269 1170 1343 προσιοῦσι
1226 1269 1296 1340 τῇ
1354 1264 1550 1343 πίστει,
1610 1264 1708 1330 τὴν
1749 1254 1866 1341 περῖ

201 1348 402 1405 τούτων
472 1348 810 1410 διδασκαλίαν
869 1353 1024 1409 οἱονεὶ
1096 1351 1341 1428 θεμέλιον
1423 1349 1869 1433 προκαταϐαλλό-

208 1441 364 1513 μεθα,
400 1453 684 1514 μετανοεῖν
713 1441 812 1516 μὲν
852 1441 949 1498 ὲπο
992 1442 1098 1497 των
1146 1447 1466 1521 νεκροποιῶν
1497 1439 1662 1520 ἔργων
1721 1440 1865 1496 εἰκό-

211 1549 320 1592 τως
368 1536 581 1607 πρῶτον
621 1530 807 1594 αὐτοὺς
861 1531 1300 1611 προτρεπόμενοι,
1367 1539 1749 1607 μετανοοῦντας
1813 1528 1868 1585 δὲ

212 1618 478 1674 πιστεύειν
533 1618 619 1676 ἐπὶ
671 1621 761 1676 τὸν
820 1621 949 1676 Θεὸν
1006 1620 1350 1684 πιστεύοντας
1405 1618 1461 1675 δὲ
1504 1619 1866 1699 βαπτίζεσθαι,

214 1707 636 1784 βαπτιζομένους
666 1706 722 1764 δὲ
780 1714 847 1786 τῇ
904 1715 1010 1766 τῶν
1066 1712 1342 1788 ἳερατικῶν
1398 1716 1596 1789 χειρῶν
1651 1709 1874 1787 ὑπάγειν

213 1796 432 1861 ἑαυτοὺς
490 1796 721 1855 ἐπιθέσει
798 1800 928 1878 πρὸς
995 1800 1274 1874 μετουσίαν
1341 1807 1435 1857 τοῦ
1502 1798 1807 1874 Πνεύματος
1853 1813 1867 1827 ⁹

209 1884 398 1942 τούτου
429 1883 484 1942 δὲ
527 1886 930 1968 μετασχόντας,
980 1888 1097 1967 περὶ
1133 1889 1233 1954 τῆς
1283 1886 1343 1945 ἐκ
1397 1889 1595 1966 νεκρῶν
1636 1886 1872 1942 ἀναστά-

1948 817 2008 880 id
2041 818 2203 899 quod
2234 820 2295 882 in
2329 819 2525 882 medio
2550 819 2965 901 interpositum
2987 828 3077 882 est
3095 819 3354 884 refertur
3370 820 3601 885 doctri-

1948 924 2064 984 ηαδ,
2099 915 2156 970 et
2180 916 2268 971 est
2292 910 2459 990 juxta
2487 908 2674 990 ipsius
2698 905 3066 971 intellectum
3099 910 3226 972 haec
3256 908 3553 973 ordinatio
3588 932 3603 972 :

1947 994 2075 1058 Non
2105 1016 2342 1060 rursum
2371 998 2668 1079 jacientes
2723 996 3172 1059 fundamentum
3205 997 3514 1082 doctrinae,
3550 1010 3607 1063 et

1949 1084 2030 1148 ita
2058 1085 2132 1147 de
2163 1086 2399 1149 caeteris
2424 1105 2559 1166 quae
2588 1094 3029 1167 consequenter
3046 1088 3453 1151 enumerando
3476 1108 3603 1152 ma-

1949 1174 2325 1249 nifestantur,
2351 1176 2427 1238 de
2449 1195 2700 1259 quorum
2724 1176 2998 1238 doctrina
3032 1184 3171 1239 sunt
3189 1176 3600 1243 fundamenta.

1948 1264 2084 1325 Vult
2115 1275 2311 1327 autem
2369 1266 2570 1328 dicere
2627 1265 2785 1347 quod
2837 1285 2994 1328 nunc
3026 1266 3284 1348 primum
3315 1266 3388 1329 ad
3419 1267 3599 1332 ﬁdem

1947 1353 2393 1429 accedentibus,
2442 1357 2650 1417 harum
2702 1373 2901 1417 rerum
2957 1355 3289 1418 doctrinam
3325 1363 3604 1438 tanquam

1950 1441 2403 1506 fundamentum
2434 1443 2823 1526 proponimus
2858 1464 2872 1506 :
2906 1444 3119 1506 merito
3149 1444 3313 1526 ipsos
3342 1445 3604 1528 primum

1948 1532 2356 1614 adhortantes,
2388 1542 2452 1594 ut
2481 1552 2514 1594 a
2546 1532 2868 1595 mortiferis
2910 1532 3196 1615 operibus
3224 1533 3602 1617 resipiscant,

1952 1619 2376 1701 resipiscentes
2434 1628 2628 1684 autem
2672 1621 2733 1683 in
2757 1623 2950 1685 Deum
2982 1621 3251 1696 credant,
3283 1622 3605 1689 credentes

1953 1728 2093 1771 vero
2127 1709 2517 1792 baptizenfur,
2571 1710 2850 1791 baptizati
2898 1719 3095 1773 autem
3153 1711 3382 1792 seipsos
3410 1712 3605 1793 subji-

1955 1798 2114 1861 ciant
2137 1798 2501 1881 impositioni
2534 1818 2817 1861 manuum
2849 1799 3226 1862 sacerdotum
3259 1800 3333 1861 ad
3355 1801 3604 1881 partici-

1958 1887 2255 1969 pationem
2287 1888 2543 1969 Spiritus
2572 1910 2584 1949 :
2618 1907 2795 1969 porro
2815 1888 2991 1968 hujus
3012 1887 3149 1951 facti
3180 1888 3606 1971 participes,de

217 1994 354 2037 τεως
398 1974 589 2048 μηκέτι
619 1973 948 2050 διαπιστεῖν,
1008 1976 1471 2053 ἆναστησομένους
1514 1975 1569 2032 δὲ
1625 1978 1715 2032 καὶ
1771 1974 1868 2031 αὗ·-

1961 1977 2394 2039 resurrectione
2454 1996 2518 2040 ex
2557 1977 2807 2039 mortnis
2838 1976 3126 2056 deinceps
3150 1996 3271 2039 non
3298 1979 3601 2056 vacillent,

217 2064 298 2127 θις
384 2060 840 2143 ἀναϐιωσομένους
933 2064 1139 2122 ἔσεσθαι
1234 2067 1405 2144 κρίσιν
1489 2063 1698 2139 εἰδέναι,
1785 2065 1872 2120 καὶ

1961 2064 2058 2139 ubi
2086 2075 2281 2127 autem
2314 2066 2755 2129 resurrexerint
2804 2083 3161 2146 rursumque
3190 2064 3263 2127 ad
3293 2065 3471 2130 vitam
3502 2085 3605 2130 re-

220 2147 447 2218 διηνεκῆ
515 2155 602 2209 καὶ
652 2151 858 2212 δικαίαν
927 2157 1001 2211 ὧν
1072 2154 1291 2210 ἐνταῦθα
1338 2151 1698 2230 βεϐιώκαμεν,
1774 2153 1873 2221 τὴν

220 2235 491 2296 ἀντίδοσιν
518 2241 832 2320 περιμένειν,
875 2264 899 2299 α
936 2244 1036 2300 Καὶ
1090 2243 1318 2306 πίστεως
1376 2242 1462 2300 ἐπὶ
1506 2244 1658 2305 Θεόν.
1714 2266 1741 2298 α
1803 2244 1876 2299 Οὒ

219 2328 327 2412 Ia?
384 2326 467 2385 δεῖ
521 2336 606 2386 νῦν
660 2330 838 2410 ὥσπερ
880 2329 931 2396 ἒξ
973 2332 1225 2412 ὑπαρχῆς
1271 2332 1532 2389 πιστεύειν
1590 2331 1674 2388 ἐπὶ
1718 2331 1870 2393 Θεόν,

224 2406 382 2484 ’Ἡδη
441 2418 540 2497 γὰρ
600 2406 940 2477 ἐπιστεύσατε
997 2406 1213 2501 διδαίῇ.
1280 2412 1343 2476 Ἦ
1415 2419 1649 2486 σύνταξις
1707 2419 1873 2479 οὕτως

220 2505 356 2568 ἐστί,
406 2509 499 2562 Διὸ
550 2508 770 2588 ἀφέντες
826 2510 917 2565 τὸν
973 2514 1072 2576 τῆς
1130 2509 1307 2590 ἀρχῆς
1372 2516 1464 2566 τοῦ
1521 2510 1653 2566 Θεοῦ
1690 2508 1870 2588 λόγον,

216 2602 386 2653 Ποῖον
426 2593 491 2663 δὴ
535 2606 719 2654 τοῦτον
754 2618 771 2679 ;
831 2600 933 2657 Τὸν
973 2602 1078 2655 τῶν
1134 2600 1473 2676 βαπτισμῶν,
1504 2600 1590 2655 ταὶ
1620 2596 1870 2679 διδαχῆς,

213 2686 305 2742 καὶ
346 2685 643 2756 ἐπιθήσεως
671 2694 777 2744 τῶν
808 2693 1006 2768 χειρῶν
1037 2685 1127 2768 (δι’
1147 2690 1253 2767 μῦν,
1297 2689 1361 2743 τὸ
1405 2694 1642 2763 Πνεῦμα,
1689 2688 1872 2768 φησὶν,

218 2775 475 2856 ἐλάθετε),
507 2777 596 2832 καὶ
666 2782 766 2845 τῆς
822 2777 926 2834 τῶν
987 2783 1185 2857 νεκρῶν
1227 2776 1589 2857 ἀναστάσεως,
1643 2777 1732 2833 καὶ
1785 2784 1877 2834 τοῦ

216 2865 476 2943 κρίματος
505 2873 602 2923 τοῦ
630 2865 864 2940 ἁὶωνίου,
924 2866 1009 2923 ἐπὶ
1052 2867 1151 2933 τὴν
1206 2864 1516 2933 τελειότητα
1574 2864 1872 2946 φερώμεθα.

219 2954 297 3011 Οῦ
337 2951 422 3010 δεῖ
462 2955 588 3034 γὰρ,
646 2956 830 3036 φησὶν,
876 2955 958 3013 ἀεὶ
1006 2957 1072 3014 τὰ
1128 2956 1257 3013 αὐτὰ
1315 2953 1556 3034 λέγεσθαι
1591 2971 1605 2985 ’
1665 2953 1877 3034 εἴρηται

216 3044 324 3123 γὰρ
351 3042 489 3109 ἅπαξ
539 3045 628 3101 καὶ
678 3043 962 3123 γεγένηται
998 3063 1011 3077 ³
1088 3042 1224 3101 ἀλλὰ
1284 3042 1392 3118 δεῖ,
1449 3044 1599 3124 φησὶ,
1666 3044 1753 3101 καὶ
1810 3042 1877 3099 τὰ

218 3128 353 3210 παρ’
381 3132 528 3207 ὑμῶν
577 3132 1022 3214 συνεισφέρεσθαι,
1079 3132 1341 3213 τουτέστι,
1395 3134 1644 3213 χρηστὴν
1711 3131 1875 3189 πολι-

216 3222 387 3293 τείαν,
418 3222 508 3277 καὶ
535 3227 636 3291 τῆς
679 3222 907 3286 πίστεως
937 3222 1104 3289 ἀξίαν.
1138 3221 1284 3289 Αὕτη
1342 3222 1441 3301 γὰρ
1494 3223 1529 3289 ἡ
1574 3220 1871 3291 τελειότης,

1956 2153 2398 2230 dierint,sciant
2428 2155 2689 2218 futurum
2712 2173 2846 2217 esse
2856 2153 3173 2234 judicium,
3191 2163 3250 2216 et
3265 2155 3605 2219 continuam

1950 2243 2297 2325 justamque
2329 2262 2681 2326 permanere
2713 2262 2922 2306 eorum
2952 2261 3083 2324 quae
3122 2243 3184 2305 in
3206 2245 3318 2305 bac
3338 2245 3455 2307 vita
3476 2245 3606 2325 egi-

1960 2350 2090 2393 mus
2118 2331 2598 2396 retributionem.
2669 2357 2693 2390 «
2734 2331 2802 2393 Et
2833 2332 2971 2395 ﬁdei
3028 2331 3089 2393 in
3148 2335 3365 2398 Deum.
3409 2356 3432 2392 υ
3482 2332 3612 2397 Non

1959 2421 2119 2481 enim
2152 2441 2299 2502 opus
2329 2434 2419 2484 est
2441 2421 2714 2484 doctrina
2752 2420 3022 2483 credenti
3039 2420 3100 2483 in
3120 2422 3309 2484 Deum
3331 2422 3616 2503 quemad-

1958 2509 2202 2571 modnm
2234 2510 2307 2573 ab
2338 2511 2605 2587 exordio,
2608 2511 2733 2591 jam
2754 2510 2915 2576 enim
2937 2510 3226 2572 doctrina;
3242 2511 3606 2587 credidistis,

1958 2595 2267 2661 Ordinatio
2323 2600 2454 2664 talis
2487 2608 2577 2661 est
2609 2617 2621 2663 :
2658 2598 3032 2680 Quapropter
3079 2599 3299 2662 omisso
3331 2617 3611 2664 sermone

1956 2687 2113 2748 initii
2142 2689 2213 2749 ad
2235 2688 2447 2763 Deum,
2472 2688 2608 2768 quis
2632 2699 2833 2749 autem
2859 2695 2948 2749 est
2970 2687 3071 2749 ille
3090 2686 3121 2745 ?
3143 2686 3255 2761 Qui
3275 2688 3352 2750 de
3382 2688 3609 2771 baptis-

1960 2776 2132 2840 matis
2179 2785 2267 2839 est
2298 2786 2357 2840 et
2387 2778 2462 2840 de
2492 2776 2767 2839 doctrina
2816 2795 2885 2839 ac
2915 2776 3299 2857 impositione
3327 2794 3613 2840 manuum

1963 2864 2097 2947 (per
2125 2885 2268 2947 quas
2327 2864 2636 2947 Spiritum,
2701 2865 2915 2946 inquit,
2948 2864 3290 2946 accepistis)
3319 2872 3378 2927 et
3404 2884 3612 2929 resur-

1958 2954 2225 3017 rectione
2247 2973 2318 3018 ex
2356 2955 2604 3017 mortuis
2621 2973 2688 3016 ac
2702 2962 2925 3016 aeterno
2941 2953 3274 3033 judicio,ad
3298 2955 3613 3035 perfectio-

1959 3061 2095 3105 nem
2126 3044 2413 3106 feramur.
2448 3042 2652 3124 Neque
2683 3042 2843 3105 enim
2897 3060 3138 3122 semper
3165 3042 3376 3104 eadem
3407 3044 3612 3108 dicere

1958 3139 2212 3213 oportet,
2247 3151 2386 3195 nam
2404 3132 2589 3196 semel
2639 3131 2797 3193 dicta
2816 3149 2886 3193 ac
2909 3131 3060 3193 facta
3087 3138 3265 3194 sunt:
3299 3132 3404 3194 sed
3430 3151 3611 3214 opor-

1959 3227 2044 3280 tet
2077 3219 2258 3282 etiam
2288 3237 2356 3282 ea
2385 3237 2514 3300 quae
2543 3238 2578 3281 a
2607 3218 2773 3281 vobis
2794 3217 3124 3281 suutsimul
3145 3217 3615 3302 adferri,nempe

216 3310 282 3367 τὸ
313 3307 618 3389 ἀμφιδέξιον
645 3312 787 3369 εἶναι
816 3312 916 3381 τῆν
957 3312 1172 3392 ἀρετὴν,
1206 3312 1332 3368 ὡσεὶ
1375 3309 1525 3388 ἔλεγε
1558 3327 1573 3341 ⁸
1609 3311 1829 3385 Νήψατε
1854 3325 1867 3339 ’

1961 3306 2179 3370 bonum
2213 3309 2751 3383 conversationem,
2786 3308 3045 3389 ﬁdeique
3079 3307 3454 3388 dignitatem.
3476 3309 3614 3374 Haec

214 3401 315 3456 οὐκ
343 3396 419 3458 ἔνι
470 3401 570 3479 γὰρ
620 3406 777 3472 ζῆσαι
821 3402 1087 3479 ῥᾳθύμως,
1150 3403 1239 3457 καὶ
1279 3398 1438 3457 πάλιν
1493 3401 1870 3476 βαπτισθῆναι,

214 3488 309 3544 καὶ
338 3484 406 3543 δι’
452 3487 736 3570 ἐπιθέσεως
767 3496 965 3570 χειρῶν
994 3486 1181 3546 λαϐεῖν
1219 3490 1524 3565 Πνεύματος
1550 3488 1700 3567 ἁγίου
1748 3488 1873 3544 ἐπι-

218 3576 488 3656 φοίτησιν.
526 3600 555 3633 υ
594 3566 810 3638 ’Άλλόξ
831 3566 909 3623 -ἒ
942 3576 1479 3658 [ΟΙΚΟΥΜΕΝΙΟΥ,]
1502 3575 1716 3634 Μᾶλλον
1733 3579 1874 3634 οὗτοι

214 3662 624 3745 ἰουδαϊκώτερον
654 3674 987 3747 φρονοῦντες,
1020 3664 1105 3723 διὰ
1131 3668 1195 3723 τὸ
1223 3665 1498 3746 διαφόρους
1526 3667 1612 3723 καὶ
1643 3665 1874 3731 πολλοὺς

216 3753 275 3809 ἐν
316 3760 397 3828 τῷ
436 3756 588 3831 νόμῳ
629 3755 773 3811 εἶναι
814 3756 1169 3833 βαπτισμοὺς,
1214 3751 1500 3822 ἠϐούλοντο
1556 3755 1734 3810 καὶτὸ
1776 3759 1874 3821 τῆς

219 3842 343 3906 νέας
398 3844 702 3920 βάπτισμα,
758 3846 821 3900 τὸ
896 3845 994 3913 τὴν
1063 3841 1463 3922 γαλιγγενεσίαν
1521 3840 1871 3920 δωρούμενον,

216 3930 481 3997 πολλάκις
561 3932 922 4009 βαπτίζεσθαι,
1001 3931 1086 3989 διὰ
1151 3934 1214 3989 τὸ
1284 3931 1518 4012 ἀφέσεως
1605 3931 1873 4011 ἁμαρτιῶν

214 4020 483 4087 πολλάκις
557 4020 730 4079 θέλειν
795 4021 1082 4088 ἀξιοῦσθαι.
1134 4044 1162 4076 α
1211 4019 1528 4085 Ἐπιθέσεως
1586 4027 1690 4078 τῶν
1748 4043 1875 4101 χει-

1957 3416 2219 3480 namque
2249 3398 2539 3479 perfectio
2573 3404 2686 3466 est.
2712 3397 2870 3478 quod
2902 3397 3088 3460 virtus
3117 3397 3490 3463 ambidextra
3506 3399 3607 3464 sit:

1958 3503 2027 3548 ac
2052 3486 2101 3547 si
2161 3485 2438 3549 diceret:
2478 3485 2752 3565 Vigilate,
2805 3503 2999 3566 neque
3050 3485 3211 3548 enim
3264 3485 3493 3549 licitum
3526 3497 3616 3550 est

1957 3581 2024 3636 ut
2054 3574 2104 3635 si
2133 3574 2396 3654 segniter
2423 3574 2604 3649 vivas,
2639 3592 2875 3637 rursum
2902 3573 3241 3654 baptizcris,
3274 3582 3333 3635 et
3356 3594 3465 3656 per
3492 3594 3614 3639 ma-

1959 3682 2142 3725 nuum
2164 3663 2606 3745 impositionem
2629 3662 2885 3744 accipias
2904 3661 3163 3744 Spiritus
3184 3666 3377 3728 sancti
3393 3683 3613 3745 super-

1955 3753 2320 3815 ventionem.
2362 3789 2430 3798 —
2465 3752 2681 3815 Aliud.
2743 3751 2816 3813 Hi
2871 3770 3007 3813 cum
3030 3751 3274 3831 juduice
3306 3753 3617 3834 plusquam

1958 3860 2191 3923 aequum
2221 3850 2346 3903 erat
2375 3841 2597 3903 curiosi
2623 3848 2844 3916 essent,
2875 3839 3158 3921 quoniam
3179 3841 3339 3903 varia
3360 3851 3529 3904 erant
3556 3842 3620 3904 in

1958 3930 2091 4011 lege
2122 3930 2494 4011 baptismata,
2551 3929 2824 3992 volebant
2876 3946 3041 3990 nova)
3068 3948 3303 4010 quoque
3326 3929 3476 4010 legis
3504 3930 3618 3993 ba—

1963 4020 2238 4100 ptismate
2271 4019 2429 4099 quod
2459 4017 2973 4098 regenerationem
3004 4018 3253 4093 confert,
3275 4016 3620 4100 frequenter

211 4117 346 4191 ρῶν.
397 4135 427 4167 ι
490 4112 609 4169 Τῶν
654 4110 708 4167 ἐν
758 4118 834 4186 τῷ
890 4110 1213 4189 βαπτίσματι
1272 4108 1590 4189 γινομένων.
1658 4115 1705 4166 Η
1761 4108 1873 4166 ἔνθα

1961 4107 2269 4189 baptizari,
2305 4126 2375 4170 eo
2403 4109 2561 4189 quod
2588 4108 2935 4187 frequenter
2953 4106 3175 4168 vellent
3195 4107 3617 4170 remissionem

214 4200 537 4265 ἐπιτιθέντες
578 4214 775 4281 χεῖρας
815 4203 862 4258 οἱ
919 4198 1207 4257 ἀπόστολοι
1249 4201 1311 4255 τὸ
1354 4205 1567 4275 Πνεῦμα
1623 4196 1876 4274 ἐδίδοσαν,

218 4288 357 4368 ὅπερ
386 4291 474 4344 καὶ
502 4291 531 4345 ὁ
561 4292 742 4366 Σίμων
770 4289 925 4348 ὤνιον
955 4291 1159 4362 ὶζήτει,
1201 4308 1226 4346 α
1263 4290 1363 4347 Καὶ
1391 4296 1547 4347 τοῦτο
1561 4289 1878 4359 ποιήσομεν.

1963 4199 2657 4281 peccatorumuccipere.
2693 4200 2815 4261 «Ac
2834 4215 3119 4260 manuum
3151 4195 3614 4280 impositionis.»

1964 4289 2106 4350 356
2133 4289 2341 4362 Qualia
2369 4289 2431 4350 in
2456 4289 2808 4370 baptismate
2830 4287 3073 4349 ﬁebant.
3108 4287 3227 4349 Aut
3254 4288 3393 4369 quia
3420 4288 3620 4370 impo-

230 4400 255 4435 I
297 4384 465 4437 Ποῖον
497 4394 514 4453 ;
546 4380 610 4435 τὸ
638 4379 725 4437 ἐπὶ
752 4379 1065 4447 τελειότητα
1092 4378 1361 4460 φέρεσθαι.
1419 4402 1443 4435 ιι
1497 4377 1725 4456 Ἐάνπερ
1756 4378 1873 4434 ἐπι-

1961 4378 2095 4440 sitis
2127 4378 2398 4439 manibus
2427 4377 2685 4459 apostoli
2733 4376 3019 4460 Spiritum
3070 4386 3340 4439 sanctum
3371 4376 3617 4454 dabant,

223 4465 401 4545 τρέπῃ
430 4468 460 4522 ὁ
488 4467 640 4531 Θεός.
674 4487 705 4528 ι
741 4470 813 4527 Τὸ
841 4469 930 4525 ἐάν
960 4489 1081 4548 περ,
1113 4470 1175 4527 οὒ
1200 4468 1332 4545 πρὸς
1353 4466 1508 4526 τοῦτό
1533 4465 1672 4523 ἐστιν
1695 4468 1766 4531 ὡς
1790 4472 1873 4524 τοῦ

1965 4467 2123 4549 quod
2153 4469 2334 4529 etiam
2366 4465 2570 4529 Simon
2619 4467 2825 4529 venale
2875 4465 2987 4529 sibi
3020 4484 3153 4528 esse
3188 4465 3443 4530 volebat.
3483 4489 3507 4524 ι
3543 4469 3619 4530 Ει

229 4561 367 4612 Θεοῦ
408 4554 467 4612 οὗ
507 4556 722 4622 πάντως
770 4557 1178 4638 ἐπιτρέποντος,
1240 4555 1531 4637 (ἐπιτρέπει
1588 4556 1689 4635 γὰρ
1744 4555 1873 4612 ἀεὶὲ

1965 4556 2077 4619 hoc
2106 4557 2414 4620 faciemus.
2448 4581 2475 4612 υ
2511 4556 2804 4629 Quidnam
2827 4555 3096 4636 ?Nempe
3126 4555 3270 4617 ferri
3288 4555 3360 4618 ad
3378 4556 3614 4636 perfec-

229 4645 365 4709 Θεὸς
394 4645 459 4701 τὰ
486 4643 625 4702 καλὰ
652 4648 741 4703 καὶ
766 4646 996 4728 τέλεια),
1042 4644 1160 4703 ἀλλ’
1216 4648 1290 4710 ὡς
1352 4644 1466 4709 ἔθος
1509 4646 1647 4721 ἡμῖν
1675 4642 1873 4723 λέγειν,

1964 4646 2209 4709 tionem.
2249 4672 2267 4702 ι
2312 4646 2619 4728 Siquidem
2651 4644 2988 4726 permiserit
3016 4644 3196 4706 Deus.
3225 4669 3253 4700 ››
3309 4644 3479 4717 Quod
3509 4645 3614 4720 ait,

224 4741 361 4791 Θεοῦ
399 4733 640 4800 θέλοντος
674 4733 792 4792 τόδε
833 4738 1156 4811 ποιήσομεν,

1961 4736 2293 4817 Siquidem,
2332 4754 2447 4796 non
2480 4733 2706 4796 idcirco
2762 4732 2981 4794 dicitur
3024 4732 3196 4814 quasi
3227 4752 3346 4795 non
3375 4733 3620 4795 omnino

216 4822 385 4886 Deus
412 4824 787 4905 permitteret
818 4842 832 4889 :
868 4842 1111 4907 semper
1131 4822 1292 4887 enim
1308 4820 1598 4904 permittit
1627 4824 1790 4886 Deus
1816 4823 1976 4887 bona
2004 4842 2073 4888 ac
2104 4825 2364 4907 perfecta
2404 4845 2416 4887 :
2451 4823 2557 4886 sed
2587 4822 2744 4904 quod
2775 4821 2949 4884 nobis
2980 4819 3267 4884 morissit
3293 4822 3371 4882 ita
3402 4822 3565 4901 loqui
3597 4837 3612 4884 :

214 4911 348 4976 Deo
377 4912 618 4976 volente
643 4912 727 4975 ita
753 4913 1058 4977 faciemus.

313 5027 341 5059 ι
375 5001 659 5062 Ἀδύνατον
728 5005 830 5084 γὰρ
871 5005 994 5070 τοὺς
1036 5000 1175 5069 ἅπαξ
1231 5000 1611 5083 φωτισθέντας,
1683 5023 1881 5081 γευσα-

220 5091 418 5169 μένους
462 5112 521 5148 τε
590 5090 692 5160 τῆς
745 5090 945 5173 δωρεᾶς
1002 5097 1102 5161 τῆς
1160 5091 1490 5170 ἐπουρανίου,
1562 5092 1650 5148 καὶ
1717 5092 1884 5168 μετό-

223 5203 366 5263 χους
422 5181 739 5259 γενηθέντας
798 5182 1104 5257 Πνεύματος
1148 5180 1320 5258 ἁγίου,
1381 5180 1471 5236 καὶ
1512 5178 1674 5236 καλὸν
1704 5201 1893 5259 γευσα-

227 5269 421 5346 μένους
451 5276 583 5326 Θεοῦ
608 5270 779 5348 ῥῆμα,
812 5267 1054 5346 δυνάμεις
1084 5289 1143 5326 τε
1192 5266 1481 5344 μέλλοντος
1528 5270 1742 5346 αἰῶνος,
1800 5268 1892 5325 καὶ

2053 5001 2181 5080 VII,
2233 5007 2371 5069 4-6.
2395 5004 2553 5068 Nam
2579 5002 2717 5083 ﬁeri
2774 5019 2893 5064 non
2923 5006 3141 5081 potest,
3173 5006 3267 5080 ut,
3297 5000 3405 5079 qui
3435 5002 3626 5063 semet

1971 5093 2201 5170 fuerint
2222 5094 2586 5173 illuminatz',
2611 5095 3122 5173 gnstaverintque
3149 5090 3374 5151 donum
3399 5088 3630 5152 calcate

1973 5192 2027 5247 et
2049 5186 2377 5267 participes
2406 5184 2822 5265 fuetiﬁfuerint
2853 5181 3124 5261 Spiritus
3153 5182 3373 5256 sancti,
3412 5187 3629 5259 gusta-

1973 5275 2290 5354 verintque
2337 5273 2559 5337 bonum
2589 5271 2708 5335 Dei
2736 5271 3007 5345 verbum,
3039 5286 3112 5332 ac
3136 5269 3395 5332 virtutes
3421 5269 3630 5348 futuri

227 5359 659 5439 παραπεσόντας,
690 5361 855 5421 πάλιν
885 5358 1233 5429 ἀνακαινίζειν
1276 5358 1349 5421 εἰς
1379 5356 1686 5433 μετάνοιαν,
1719 5356 1873 5414 ἄνασ-

1970 5362 2202 5439 saecnli,
2262 5369 2317 5426 si
2368 5361 2794 5443 prolabuntur,
2855 5360 3053 5422 denuo
3110 5367 3480 5421 renoventur
3519 5375 3632 5438 per

226 5454 548 5527 ταυροῦντας
578 5449 793 5515 ἑαυτοῖς
823 5450 916 5505 τὸν
947 5450 1066 5506 nev
1095 5452 1189 5505 τοῦ
1210 5446 1363 5527 Θεοῦ,
1395 5447 1484 5503 καὶ
1525 5444 1891 5526 παραδειγμα-

223 5538 495 5611 τίζοντας.

321 5648 347 5685 α
378 5626 660 5687 Ἀδύνατον
690 5629 817 5710 γάρ.
859 5650 887 5683 κ
922 5625 1029 5685 Οὔκ
1058 5624 1185 5683 εἶπε
1218 5623 1509 5704 Δυσχερὲς,
1534 5622 1654 5681 ἀλλ’
1676 5622 1896 5682 Ἀδύνα-

388 5746 410 5774 ei
468 5719 833 5795 Γευσαμένους
881 5739 935 5773 τε
978 5719 1076 5782 τῆς
1134 5713 1354 5794 δωρεᾶς.
1418 5734 1450 5772 ι
1498 5716 1605 5781 Τῆς
1657 5713 1873 5793 ἀφέσεως

1976 5710 2372 5800 Impossibile.
2412 5715 2939 5799 «bustaverintque
2957 5716 3206 5780 donum.
3236 5737 3257 5770 ι
3295 5710 3627 5775 Bemissio-

224 5741 349 5782 τον.

1968 5455 2386 5529 paenitentiam
2423 5473 2435 5511 :
2480 5468 2731 5513 rursum
2766 5451 3184 5529 cruciﬁgentes
3233 5448 3633 5527 sibimetipsis

1971 5540 2205 5603 Filium
2238 5542 2349 5604 Dei
2378 5548 2435 5603 et
2461 5540 2726 5602 ostentui
2754 5545 3133 5619 exponentes.

2060 5654 2086 5684 α
2127 5627 2499 5711 impossibile
2529 5626 2692 5689 enim
2724 5635 2834 5691 est.
2854 5652 2874 5684 ι
2895 5628 3028 5690 Non
3049 5625 3199 5690 dixit
3216 5622 3630 5705 Difficile,sed,
