4132 6442
498 374 619 448 335

1613 382 1857 446 (ECUM
1862 382 1963 445 EN
1972 382 2026 443 ΙΙ
2074 376 2372 445 ΤΒιΙΒΟιΕ
2409 380 2748 448 EPISGOPI

3764 372 3889 441 336

485 520 579 581 nis
608 525 994 600 peccatorum
1024 536 1156 598 quae
1213 517 1276 578 ﬁt
1328 517 1389 579 in
1420 516 1799 598 baptismate.
1835 516 2134 599 Siquidem

2228 520 2334 571 τῶν
2362 515 2655 594 ἁμαρτιῶν,
2701 520 2798 583 τῆς
2828 514 2884 572 ἐν
2925 516 3003 590 τῷ
3043 515 3368 592 βαπτίσματι
3404 533 3419 546 ⁸
3475 515 3605 582 οὕτη
3635 515 3736 594 γὰρ
3765 510 3887 570 δω-

497 609 610 670 hoc
640 607 861 669 donum
896 606 1139 669 cceleste
1170 616 1282 671 est.
1324 629 1347 663 α
1386 610 1458 672 Et
1489 607 1811 688 participes
1849 606 1983 670 facti
2013 607 2134 668 fue-

2230 604 2321 681 ρεὰ
2372 603 2700 683 ἐπουράνιος.
2765 627 2789 663 ε
2849 606 2948 663 Καὶ
3015 603 3279 684 μετόχους
3337 603 3651 683 γενηθέντας
3710 603 3885 659 Πνεύ-

485 694 882 777 rintSpiritus
906 696 1118 757 sancti.
1154 721 1180 752 ι)
1218 694 1331 758 Per
1357 714 1637 758 manuum
1672 696 2143 776 impositionem,

2230 715 2395 769 ματος
2426 693 2593 772 ἁγίου.
2641 714 2672 753 ι
2737 700 2816 770 Τῇ
2866 693 3094 777 ἐπιθέσει
3136 694 3243 750 τῶν
3298 701 3524 775 χειρῶν,
3569 694 3742 758 καθὼς
3774 690 3887 748 ἅνω

488 785 641 847 sicut
660 785 806 848 dixit
833 784 1133 866 superius.
1178 806 1200 841 α
1249 784 1749 866 Gustaverintque
1783 785 2006 847 bonum
2036 783 2134 847 Dei

2228 782 2378 860 φησί,
2434 804 2456 837 α
2507 783 2604 840 Καὶ
2646 783 2809 838 καλὸν
2864 780 3216 859 γευσαμένους
3274 788 3406 839 Θεοῦ
3460 782 3627 860 ῥῆμα.
3679 804 3706 836 ι
3770 778 3884 846 Τὴν

487 874 754 937 verbum.
796 900 823 930 ι
860 874 1203 936 Doctrinam
1237 876 1313 936 de
1343 873 1576 937 Christo
1642 900 1668 930 α
1707 876 1792 937 Ac
1826 883 2134 956 potestates

2226 871 2346 948 περὶ
2375 878 2464 927 νοῦ
2493 876 2719 956 Χριστοῦ
2747 868 3104 931 διδασκαλίαν.
3145 894 3173 926 α
3232 871 3490 948 Δυνάμεις
3534 892 3590 927 τε
3646 868 3883 945 μέλλον-

487 963 671 1026 futuri
721 963 946 1027 saeculi.
986 988 1012 1018 η
1047 962 1217 1036 Quod
1249 982 1459 1026 omnes
1499 964 1790 1027 rationem
1824 948 2134 1026 reddemus

2225 979 2315 1022 τος
2344 948 2554 1023 αἰῶνος,
2592 948 2723 1016 ιὈτι
2753 958 2948 1023 πάντες
2979 956 3219 1035 δώσομεν
3254 957 3432 1038 λόγων
3474 966 3580 1016 τῶν
3609 956 3883 1035 βεϐιωμέ-

485 1072 690 1116 eorum
716 1072 850 1135 quae
872 1052 1099 1131 egimus
1125 1071 1139 1115 ε
1167 1053 1445 1133 quodque
1469 1060 1591 1114 tum
1623 1052 1981 1134 supplicium
2017 1061 2141 1113 tum

485 1141 725 1224 requies
753 1142 885 1205 sine
915 1142 1031 1203 ﬁne
1060 1140 1312 1206 durabit.
1349 1141 1495 1204 Nam
1544 1142 1667 1204 haec
1692 1152 1830 1204 sunt
1858 1149 2139 1223 potestas,

488 1241 548 1295 et
569 1233 631 1295 in
653 1232 747 1294 his
764 1238 853 1293 est
873 1237 1129 1312 potestas
1151 1230 1333 1294 futuri
1357 1232 1581 1293 saeculi.
1607 1236 1724 1295 Aut
1743 1231 2141 1293 arrhabonem

490 1321 675 1385 futuri
705 1320 928 1397 saeculi,
962 1320 1078 1385 hoc
1096 1327 1209 1396 est,
1238 1321 1416 1382 ﬁdem
1441 1321 1501 1381 in
1525 1320 1850 1385 Christum.
1880 1355 1960 1366 —
1995 1340 2023 1377 α
2057 1320 2141 1381 Ac

490 1419 819 1494 potestates
847 1409 1028 1471 futuri
1061 1409 1286 1473 saeculi.
1327 1434 1349 1470 ι
1391 1412 1515 1472 Hoc
1547 1417 1657 1484 est,
1691 1408 1792 1490 qui
1821 1409 2141 1472 didicerint

486 1518 620 1582 quae
644 1498 837 1581 possit
893 1498 1155 1560 futurum
1209 1499 1490 1560 saeculum
1531 1519 1544 1559 :
1579 1518 1611 1559 a
1640 1499 1942 1560 communi
1977 1499 2137 1561 enim

483 1588 795 1652 intellectu
831 1587 1230 1669 supplendum
1263 1598 1372 1662 est,
1408 1586 1804 1668 Gdstaverint,
1838 1589 1994 1669 quod
2027 1596 2142 1650 tro-

485 1679 619 1760 pice
687 1676 976 1758 accipitur
1031 1684 1090 1736 et
1145 1677 1462 1757 signiﬁcat,
1529 1675 1636 1750 Qui
1669 1677 2009 1752 didicerint,
2041 1677 2139 1758 qui

2226 1071 2352 1125 νων,
2385 1051 2471 1106 καὶ
2500 1048 2581 1106 ὅτι
2616 1047 2646 1116 ἥ
2674 1070 2733 1106 τε
2762 1047 2987 1113 κόλασις
3014 1051 3103 1106 καὶ
3130 1051 3165 1118 ἡ
3189 1049 3479 1114 ἀνάπαυσις
3504 1047 3882 1114 ἀτελεύτητος.

2224 1145 2400 1196 Ταῦτα
2418 1140 2528 1219 ογέιρ
2572 1140 2659 1195 καὶ
2706 1138 2760 1194 ἐν
2801 1139 3006 1205 τούτοις
3076 1140 3111 1208 ἡ
3166 1136 3382 1214 δύναμις
3439 1147 3533 1198 τοῦ
3588 1135 3880 1213 μέλλοντος

2224 1229 2434 1292 αἰῶνος.
2500 1236 2545 1285 Η
2574 1227 2655 1285 ὅτι
2696 1230 2789 1284 τὸν
2830 1226 3104 1307 ἀρραϐῶνα
3159 1238 3252 1288 τοῦ
3306 1226 3596 1305 μελλόντος
3656 1229 3877 1306 αἰῶνος,

2220 1317 2480 1394 τουτέστι,
2514 1319 2612 1386 τὴν
2657 1320 2730 1382 εἰς
2760 1320 2981 1398 Χριστὸν
3012 1320 3209 1377 πίστιν.
3274 1352 3349 1363 --
3407 1342 3436 1374 α
3501 1318 3760 1393 Δυνάμεις
3820 1337 3881 1373 τε

2222 1405 2508 1481 μέλλοντος
2540 1409 2750 1471 αἰῶνος.
2792 1430 2814 1465 ι
2866 1405 3085 1485 [ΦΛΤᾸ
3142 1406 3285 1465 ’Λντὶ
3330 1414 3445 1479 τοῦ,
3492 1408 3525 1463 ἃ
3578 1404 3789 1463 δύναται
3848 1408 3879 1461 ὁ

2222 1494 2430 1570 μέλλων
2481 1497 2606 1553 αἰὼν
2654 1496 3001 1572 ἐκμαθόντας.
3048 1498 3119 1555 Τὸ
3177 1498 3277 1577 γὰρ
3332 1496 3708 1576 γευσαμένους,
3766 1495 3875 1551 ἀπὸ

2220 1592 2420 1665 κοινοῦ,
2466 1584 2595 1666 ὅπερ
2624 1592 2889 1663 τροπικῶς
2932 1584 3213 1660 εἴληπται,
3261 1600 3555 1666 σημαῖνον,
3612 1587 3695 1660 τὸ,
3761 1590 3877 1641 Μα-

2220 1673 2430 1749 θόντας,
2464 1676 2893 1754 κατηχηθέντας.
2941 1676 3000 1733 Τί
3042 1674 3097 1730 δὲ
3140 1672 3356 1733 δύναται
3416 1678 3444 1732 ὁ
3473 1674 3684 1751 μέλλων
3716 1674 3872 1749 αἰὼν,

486 1754 762 1829 instructi
794 1754 1037 1827 fuerint.
1072 1754 1237 1836 Quod
1271 1773 1464 1826 autem
1519 1773 1708 1844 potest
1742 1765 2000 1827 futurum
2037 1754 2134 1825 s'e-

2222 1766 2309 1821 καὶ
2339 1765 2387 1819 τί
2414 1763 2556 1821 ἐστιν
2584 1764 2741 1822 αὐτοῦ
2796 1767 2830 1833 ἡ
2886 1764 3042 1845 χρεία
3096 1766 3184 1821 καὶ
3241 1768 3304 1822 τὸ
3362 1764 3562 1846 ἕργονς
3628 1754 3758 1822 εὈτι
3816 1762 3873 1818 ἐν

485 1857 682 1918 culum
706 1853 737 1915 ?
758 1863 817 1915 et
846 1872 976 1934 quae
1029 1861 1118 1915 est
1153 1854 1282 1933 ejus
1303 1855 1625 1915 necessitas
1656 1862 1714 1916 et
1742 1872 1893 1933 opus
1913 1853 1943 1913 ‘?
1971 1853 2138 1927 Quod

2221 1854 2363 1929 αὐτῷ
2403 1854 2625 1918 ἕκαστος
2668 1858 2741 1911 ὦν
2784 1853 2971 1933 ἔπραξε
3013 1854 3112 1922 τήν
3183 1852 3414 1931 ἀμοιϐὴν
3464 1855 3715 1934 εὑρίσκει,
3790 1851 3874 1909 ὅτι

483 1944 545 2005 in
580 1963 650 2007 eo
672 1943 903 2005 invenit
919 1943 1173 2023 quisque
1190 1943 1456 2004 omnium
1479 1962 1610 2023 quae
1632 1943 1770 2004 fecit
1790 1942 2134 2004 retributio-

2220 1947 2314 2002 οὐκ
2340 1943 2459 2024 ἔχει
2486 1943 2638 2009 τέλος
2681 1941 2797 2001 οὔτε
2826 1946 2860 2013 ἡ
2890 1944 3118 2024 τιμωρία
3158 1946 3193 2013 ἡ
3222 1944 3277 2002 ἐν
3320 1949 3487 2020 αὐτῷ,
3521 1942 3637 2001 οὔτε
3691 1944 3727 2011 ἡ
3776 1943 3872 1998 εῦ-

484 2053 623 2097 nem
658 2053 673 2096 :
710 2033 865 2112 quod
896 2033 956 2093 in
991 2052 1060 2093 eo
1102 2033 1282 2094 ﬁnem
1311 2051 1429 2093 nwn
1449 2032 1661 2095 habeat
1690 2051 1882 2113 neque
1905 2033 2134 2112 suppli-

2220 2029 2484 2108 δαιμονία,
2531 2031 2611 2089 ὅτι
2640 2032 2760 2093 τότε
2795 2031 2995 2109 μᾶλλον
3051 2035 3112 2089 τό
3153 2054 3212 2089 τε
3268 2032 3532 2101 ἀλάθητον
3571 2039 3664 2089 τοῦ
3691 2038 3874 2111 κριτοῦ

488 2124 647 2186 cium
680 2141 875 2204 neque
899 2121 1175 2195 felicitas,
1212 2122 1366 2203 quod
1411 2130 1549 2183 tunc
1575 2122 1759 2201 magis
1790 2122 2130 2183 manifesta-

2221 2123 2310 2178 καὶ
2336 2124 2399 2178 τὸ
2426 2119 2624 2179 δίκαιον
2653 2123 3101 2202 φανερωθήσεται,
3143 2123 3232 2179 καὶ
3286 2120 3461 2181 πολλὰ
3503 2121 3676 2202 ἕτερα.
3736 2122 3872 2185 Τοὺς

488 2212 648 2275 bitur
675 2212 832 2293 quod
892 2210 1040 2273 nihil
1083 2211 1350 2291 iudicem
1382 2211 1578 2285 lateat,
1615 2211 1863 2293 ejusque
1885 2210 2134 2292 justitia,

2223 2210 2310 2267 οὖν
2340 2212 2476 2287 μετὰ
2515 2216 2623 2267 τῶν
2651 2208 2827 2267 ἄλλων
2869 2211 2956 2267 καὶ
2984 2220 3149 2270 ταῦτα
3178 2211 3466 2286 μαθόντας,
3507 2212 3687 2293 φησὶν,
3749 2209 3875 2267 εἷτα

491 2303 795 2382 multaque
851 2300 987 2363 alia.
1048 2299 1168 2364 Eos
1215 2318 1360 2379 ergo
1411 2299 1513 2381 qui
1570 2300 1699 2363 haec
1746 2320 1881 2363 cum
1913 2301 2134 2363 caeteris

2222 2300 2648 2382 παραπεσόντας,
2708 2297 2980 2373 ἀδύνατον,
3025 2302 3114 2356 καὶ
3156 2299 3302 2367 ἑξῆς.
3381 2321 3405 2357 I
3469 2301 3568 2359 Καὶ
3622 2319 3875 2379 παραπε-

490 2391 857 2454 enumeratis
885 2389 1069 2451 rebus
1100 2388 1462 2464 didicerunt,
1497 2389 1705 2470 inquit,
1748 2388 1967 2451 deinde
2002 2408 2140 2471 pro.

485 2483 632 2562 lapsi
694 2488 854 2561 sunt,
913 2478 1284 2560 impossibile
1343 2488 1457 2559 est,
1510 2486 1622 2540 etc.
1700 2477 1825 2540 «Et
1880 2477 2142 2558 prolapsi

484 2578 643 2633 sunt.
677 2594 705 2628 ι
742 2569 850 2642 Qui
886 2568 1083 2630 omnia
1114 2570 1240 2630 haec
1266 2568 1655 2649 perdiderunt
1676 2578 1734 2631 et
1766 2568 2135 2643 exciderunt,

485 2666 549 2721 ut
565 2660 763 2721 denuo
780 2677 957 2721 renox
970 2667 1147 2719 entur
1161 2675 1267 2738 per
1280 2657 1719 2737 paenitentiam?
1734 2657 2134 2738 hocimpossi-

486 2749 605 2811 bile
670 2758 782 2811 est.
848 2748 1000 2821 Quid
1066 2747 1280 2826 igitur!
1334 2746 1636 2827 abjecilne
1688 2748 2141 2828 paenitentiam?

487 2837 659 2901 Absit
720 2836 1221 2918 quemadmodum
1282 2834 1459 2897 habet
1501 2836 1670 2899 divus
1723 2837 1861 2897 557
1889 2837 2140 2917 Cyrillus

487 2934 653 2989 sexto
683 2924 984 2988 volumine
1014 2926 1294 3001 secundae
1328 2924 1512 3005 partis
1540 2924 1774 2988 Latriae
1807 2944 1941 3007 quae
1957 2934 2043 2987 est
2074 2927 2140 2988 in

483 3018 706 3097 spiritu
736 3025 791 3077 et
821 3016 1074 3076 veritate
1103 3034 1114 3073 :
1152 3013 1256 3074 sed
1301 3013 1709 3093 paenitentiam
1762 3034 1891 3095 quae
1914 3023 2000 3077 est
2032 3034 2141 3096 per

485 3104 873 3185 baptismum.
904 3106 1151 3183 Oportet
1183 3102 1343 3164 enim
1366 3103 1617 3180 primum
1644 3105 1985 3184 praecedere
2008 3123 2134 3185 pae-

490 3193 803 3255 nitentiam
835 3211 902 3253 ac
930 3190 1437 3253 renuntiationem
1471 3211 1777 3272 pravarum
1812 3194 2134 3274 actionum,

488 3292 548 3345 et
577 3283 657 3343 ita
689 3281 996 3361 baptizari.
1031 3280 1195 3342 lllam
1240 3281 1439 3361 itaque
1473 3282 1876 3360 paenitentiam
1905 3282 1984 3345 ait
2011 3301 2141 3363 quae

494 3372 555 3432 in
592 3370 947 3451 baptismate
1006 3377 1097 3432 est
1133 3391 1146 3430 ε
1202 3370 1361 3433 unde
1393 3380 1450 3433 et
1479 3374 1750 3433 renovari
1780 3374 1947 3448 dixit,
1982 3372 2137 3454 quod

489 3461 797 3542 proprium
851 3469 941 3522 est
991 3458 1380 3540 baptismatis,
1448 3468 1526 3534 et,
1580 3463 1832 3522 Rursum
1895 3463 2139 3525 cruciﬁ-

484 3558 714 3631 gentes,
748 3549 907 3630 quod
939 3555 997 3610 et
1027 3548 1137 3610 hoc
1162 3548 1465 3630 proprium
1490 3558 1576 3609 est
1610 3549 2002 3630 baptismatis.
2025 3552 2140 3626 Qui

482 3640 642 3702 enim
678 3638 1066 3719 baptizantur,
1099 3656 1219 3701 una
1250 3656 1384 3699 cum
1410 3636 1661 3700 Domino
1686 3640 2136 3720 crucifiguntur.

2224 2410 2431 2455 σοντας.
2474 2412 2498 2445 ι)
2536 2379 2790 2445 ιἈπαντει
2817 2398 2982 2448 ταῦτα
3037 2386 3403 2454 ἀπολέσαντας
3460 2391 3549 2447 καὶ
3606 2387 3869 2445 ἐκπεσόν-

2221 2501 2317 2543 τας
2362 2477 2522 2536 πάλιν
2550 2478 2896 2549 ἀνακαινίζειν
2926 2479 3023 2543 εἷς,
3044 2478 3347 2554 μετάνοιαν,
3407 2477 3659 2537 ἀδύνατον
3688 2484 3873 2537 τοῦτο.

2223 2570 2282 2626 Τί
2310 2567 2399 2624 οὖν
2430 2588 2446 2648 ς
2479 2565 2687 2633 ἐξέϐαλε
2716 2568 2815 2635 τὴν
2845 2569 3126 2644 μετάνοιαν
3156 2587 3173 2647 ;
3235 2568 3325 2635 Μὴ
3383 2568 3618 2649 γένοιτο,
3677 2566 3871 2647 (οὕτως

2223 2659 2251 2712 ὁ
2281 2656 2333 2712 ἐν
2361 2657 2508 2736 ἅγίος
2554 2654 2809 2736 Κύριλλος
2865 2655 2917 2712 ἐν
2975 2653 3163 2733 βιϐλίῳ
3203 2655 3343 2730 ἕκτῳ
3397 2662 3496 2724 τῆς
3552 2658 3608 2733 β.
3666 2656 3759 2723 τῆς
3817 2655 3874 2711 ὲν

2221 2746 2452 2822 πνύματι
2495 2746 2581 2803 καὶ
2618 2743 2835 2818 ἀληθείᾳ
2875 2743 3141 2824 λατρείας)
3195 2744 3332 2802 ἀλλὰ
3388 2746 3484 2814 τὴν
3543 2744 3627 2804 διὰ
3682 2746 3871 2803 Sami-

2226 2858 2424 2911 σματος
2454 2836 2758 2912 μετάνοιαν.
2798 2844 2895 2892 Δεῖ
2921 2836 3021 2913 γὰρ
3073 2840 3284 2914 πρῶτον
3337 2837 3638 2913 ἡγήσασθαι
3697 2835 3873 2912 μετᾶ-

2223 2947 2368 2981 νοιαν
2396 2927 2485 2981 καὶ
2513 2923 2763 2989 ἀπόταξιν
2789 2930 2895 2980 τῶν
2935 2931 3183 3003 πονηρῶν
3238 2924 3499 3003 πράξεων,
3558 2925 3647 2982 καὶ
3702 2922 3874 2989 οὕτως

2222 3015 2602 3091 βαπτισθῆναι,
2660 3010 2899 3079 Ἐκείνην
2928 3013 3017 3070 οὖν
3074 3015 3228 3093 φησὶ,
3272 3013 3370 3080 τὴν
3429 3013 3484 3069 ἐν
3540 3020 3617 3088 τῷ
3672 3012 3872 3090 βαπτί-

2222 3125 2384 3180 σματι
2429 3103 2736 3179 μετάνοιαν,
2784 3100 2901 3159 ὅθεν
2943 3102 3030 3160 καὶ
3071 3102 3246 3176 εἶπεν,
3304 3100 3682 3175 Ἀνακαινίζειν
3739 3101 3873 3181 ὅπερ

2224 3191 2359 3250 ἴδιον
2385 3195 2770 3274 βαπτίσματος,
2801 3194 2888 3250 καὶ
2915 3191 3415 3273 Ἀνασταυροῦντας,
3447 3192 3578 3271 ὅπερ
3606 3195 3695 3250 καὶ
3714 3198 3873 3249 τοῦτο

2222 3283 2583 3361 βαπτίσματος
2607 3280 2765 3346 ἴδιον,
2813 3284 2873 3340 Οἱ
2901 3282 3000 3360 γὰρ
3030 3281 3428 3358 βαπτιζόμενοι,
3463 3288 3874 3362 συσταυροῦνται

2222 3380 2298 3448 τῷ
2340 3373 2530 3451 Κυρίῳ.
2571 3364 2627 3429 Ὀ
2672 3371 2761 3428 οὖν
2786 3370 2950 3429 πάλιν
2978 3367 3063 3427 διὰ
3089 3370 3453 3447 βαπτίσματος
3498 3369 3735 3452 δευτέρου
3762 3394 3869 3447 με-

2222 3473 2434 3520 τανοεῖν
2461 3459 2649 3537 θέλων,
2668 3460 2979 3538 ἐνασταυροϊ
3000 3461 3091 3517 τὸν
3121 3461 3344 3538 Χριστὸν
3369 3465 3448 3533 τῷ
3462 3463 3872 3541 συσταυροῦσθαι

2221 3553 2384 3625 αὐτῷ.

479 3729 588 3803 Qui
620 3729 803 3808 igitur
830 3746 1066 3790 rursum
1098 3727 1221 3788 vult
1251 3746 1355 3807 per
1386 3726 1636 3791 alterum
1669 3727 1960 3810 baptisma
1991 3735 2304 3813 paenitere,
2336 3726 2635 3791 Christum
2668 3745 2906 3795 rursum
2951 3728 3262 3810 cruciﬁgit,
3299 3747 3369 3792 eo
3398 3729 3559 3811 quod
3585 3747 3704 3792 una
3732 3747 3869 3792 cum

474 3820 603 3902 ipso
636 3817 1032 3897 cruciﬁgatur.

562 3908 856 3972 «Rursum
875 3906 1291 3987 cruciﬁgentes
1304 3905 1696 3989 sibimetipsis
1712 3908 1928 3972 Filium
1955 3911 2121 3974 Dein.

477 3997 629 4071 Quid
662 4006 755 4060 est
811 4020 823 4056 :
857 3996 1116 4060 Rursum
1158 3996 1574 4076 crucifigentes
1605 3997 1993 4079 sibimetipsis
2022 4000 2123 4062 Fi-

477 4087 623 4149 lium
655 4086 764 4148 Dei
799 4094 859 4147 et
889 4086 1146 4148 ostentui
1184 4094 1549 4165 exponentes
1569 4086 1599 4146 ?
1622 4087 1709 4148 Ab
1732 4088 1959 4167 integro
1976 4090 2125 4151 sibi-

481 4175 754 4257 metipsis
766 4175 1181 4249 cruciﬁgentes
1194 4182 1252 4235 et
1265 4174 1906 4255 pudefacientes.Quod
1925 4188 2124 4241 autem

479 4265 755 4327 dicittale
778 4263 1083 4344 quippiam
1108 4272 1235 4326 est:
1262 4265 1460 4327 Semel
1485 4266 1807 4328 cruciﬁxus
1845 4276 1931 4329 est
1955 4268 2130 4331 Chri-

479 4362 629 4429 stus,
664 4362 722 4415 et
751 4371 859 4413 nos
906 4353 1092 4415 semel
1139 4372 1255 4415 una
1301 4372 1433 4415 cum
1468 4354 1596 4434 ipso
1630 4356 1896 4418 cruciﬁxi
1927 4376 2132 4419 sumus

479 4461 587 4523 per
643 4441 979 4523 baptisma:
1037 4441 1139 4522 qui
1191 4460 1329 4519 ergo
1387 4443 1666 4522 opinatur
1716 4444 1966 4507 alterum
2000 4465 2131 4511 esse

479 4531 794 4614 baptisma,
831 4539 1115 4610 quantum
1148 4530 1208 4592 in
1237 4531 1369 4610 ipso
1402 4538 1516 4605 est,
1549 4532 1623 4594 ab
1656 4533 1887 4613 integro
1924 4536 2131 4598 Domi-

478 4641 620 4684 num
641 4621 953 4704 crucifigit.
992 4619 1141 4693 Quid
1188 4621 1344 4684 enim
1369 4622 1529 4683 aliud
1554 4623 1692 4685 facit
1719 4624 1817 4705 qui
1864 4627 2130 4688 secundo

475 4710 798 4773 arbitratur
855 4728 962 4790 per
1021 4709 1314 4790 baptisma
1362 4728 1496 4776 cum
1533 4730 1605 4773 eo
1635 4712 1903 4793 cruciﬁgi
1931 4733 2126 4795 posse,

477 4819 657 4883 quam
689 4800 846 4880 quod
878 4799 1073 4877 ipsum
1100 4818 1336 4879 quoque
1368 4800 1662 4863 existimat
1693 4801 1961 4864 secundo
1992 4822 2134 4865 cru-

475 4890 631 4969 ciﬁgi
660 4907 766 4969 per
788 4907 860 4950 ea
880 4907 1009 4970 quae
1029 4887 1219 4950 facit?
1250 4887 1524 4953 Secundo
1557 4898 1753 4951 autem
1784 4891 2134 4971 cruciﬁgere

474 4980 772 5044 Christum
822 4987 1110 5060 quantum
1135 4978 1197 5040 in
1223 4996 1293 5041 eo
1332 4986 1440 5055 est,
1475 4979 1625 5041 nihil
1655 4979 1813 5042 aliud
1839 4990 1925 5041 est
1956 5000 2131 5062 quam

474 5068 738 5131 ostentui
756 5086 1055 5149 exponere
1081 5067 1273 5148 ipsum
1301 5076 1358 5129 et
1382 5068 1737 5149 pudefacere
1757 5069 2130 5150 ipsum.Nam

483 5165 794 5237 postquam
845 5158 1033 5219 semel
1087 5158 1402 5218 cruciﬁxus
1433 5167 1538 5218 est.
1579 5158 1931 5219 immortalis
1961 5158 2134 5220 dein-

476 5263 617 5324 ceps
646 5245 891 5307 affectus
917 5256 1011 5307 est
1035 5264 1047 5307 :
1071 5247 1170 5327 qui
1191 5264 1330 5309 vero
1365 5266 1599 5309 rursum
1633 5247 2132 5326 cruciﬁgit,men-

476 5333 710 5395 dacium
771 5334 910 5395 facit
964 5335 1185 5414 ipsum,
1244 5336 1401 5416 quod
1459 5337 1747 5416 pudorem
1799 5338 1913 5419 ipsi
1942 5339 2135 5401 adfert

477 5431 753 5503 tanquam
784 5422 1031 5484 mentito
1093 5425 1250 5504 quod
1287 5427 1474 5488 semel
1506 5434 1729 5488 tantum
1764 5435 2124 5489 moreretur.

476 5512 618 5573 Alio
670 5511 863 5573 modo.
901 5509 1051 5582 Quid
1085 5521 1213 5574 est:
1251 5512 1508 5576 Rursum
1542 5516 2010 5596 cruciﬁgentes?
2039 5518 2127 5580 Ad

476 5599 804 5663 secundum
865 5600 1310 5663 cruciﬁxiunem
1338 5610 1395 5664 et
1427 5605 1752 5667 secundam
1790 5605 2125 5687 passionem

476 5690 669 5773 ipsum
698 5699 977 5753 vocantes
1013 5712 1025 5754 :
1063 5692 1361 5770 siquidem
1397 5694 1527 5756 talis
1565 5695 1913 5775 paenitentia
1934 5704 1990 5759 et
2017 5715 2125 5776 pe-

2298 3934 2322 3968 c
2374 3908 2854 3988 Ἀνασταυροῦντας
2912 3910 3125 3975 ἑαυτοῖς
3180 3912 3273 3968 τὸν
3316 3912 3436 3968 Υἱὸν
3492 3909 3585 3968 τοῦ
3627 3912 3782 3972 Θεοῦ.
3836 3935 3863 3965 υ

2210 4003 2269 4058 Τί
2337 4000 2504 4080 ἐστιν,
2566 3997 3050 4077 Ἀνασταυροῦντας
3134 4001 3347 4080 ἑαυτοῖς
3408 4001 3500 4057 τὸν
3570 4001 3691 4056 Υἰὺν
3772 4010 3872 4060 τοῦ

2210 4098 2340 4148 Θεοῦ
2368 4093 2455 4147 καὶ
2483 4074 3052 4170 παραδειγματίζοντας
3082 4108 3099 4170 ς
3161 4074 3429 4168 "Avo-)0“,
3502 4090 3652 4170 φησὶ,
3700 4111 3872 4146 σταυ-

2214 4189 2430 4259 ροῦντας
2512 4180 2722 4244 ἑαυτοῖς
2788 4179 2876 4259 καὶ
2930 4180 3403 4259 καταισχύνοντας.
3485 4188 3525 4237 0
3590 4176 3648 4235 δὲ
3718 4177 3868 4259 λέγει

2213 4258 2448 4328 τοιοῦτόν
2504 4267 2644 4325 ἐστιν
2681 4286 2696 4303 ·
2764 4258 2949 4334 “Aan
3006 4258 3306 4348 ἐσταυρώθη
3365 4270 3393 4326 ὁ
3466 4276 3713 4347 Χριστὸς,
3776 4271 3871 4326 καὶ

2152 4360 2378 4453 ῡὴμεϊς
2447 4355 2586 4453 ἅπαξ
2655 4357 2798 4433 αύτῷ
2865 4361 3312 4437 συσταυρωθῶμεν
3365 4355 3451 4414 διὰ
3492 4365 3585 4414 τοῦ
3631 4358 3868 4453 ⁸βαπτί-

2214 4469 2440 4523 σματος.
2516 4438 2575 4504 "-0
2644 4446 2837 4528 τοίνυν,
2895 4448 3076 4526 ιρησὶν,
3127 4447 3366 4524 οἰόμενος
3424 4447 3566 4504 εἶναι
3624 4445 3867 4529 δεύτερον

2213 4537 2504 4614 βάπτισμα,
2539 4534 2661 4593 ὅσον
2702 4538 2764 4592 τὸ
2810 4536 2932 4593 κατ’
2988 4536 3170 4617 αὐτὸν,
3229 4534 3424 4593 ἄνωθεν
3479 4551 3700 4617 σταυροτ
3769 4542 3866 4598 τὸν

2217 4626 2421 4705 Κύριον.
2474 4627 2535 4683 Τί
2576 4626 2676 4706 γὰρ
2731 4624 2909 4705 ἕτερον
2962 4638 3113 4683 ποιεῖ
3181 4628 3210 4682 ὁ
3269 4623 3508 4706 δεύτερον
3565 4626 3710 4703 αὐτῷ
3779 4627 3867 4688 διὰ

2211 4721 2305 4770 τοῦ
2336 4714 2702 4791 βαπτίσματος
2760 4717 3164 4794 συσταυροέσθαι
3221 4715 3469 4796 νομίζων,
3543 4715 3580 4785 ἢ
3637 4716 3719 4774 ὅτι
3776 4721 3868 4776 καὶ

2213 4803 2372 4863 αὐτὸν
2413 4807 2631 4884 ἡγεῖται
2672 4803 2909 4884 δεύτερον
2975 4803 3351 4884 ἐσταυρῶσθαι,
3408 4802 3478 4861 δι’
3534 4809 3609 4863 ὧν
3659 4822 3865 4891 ποιεῖς

2221 4896 2276 4950 τὸ
2333 4892 2387 4950 δὲ
2458 4893 2694 4973 δεύτερον
2747 4916 3020 4975 σταυρουν,
3094 4896 3223 4973 φησί
3303 4895 3399 4952 τὸν
3476 4898 3721 4974 Χριστὸν,
3809 4904 3873 4957 τὸ

2214 4981 2338 5041 ὅσον
2364 4986 2492 5051 ἧκεν
2551 4985 2624 5049 εἰς
2681 4984 2861 5059 αὐτὸν,
2923 4983 3069 5044 οὐδὲν
3110 4983 3286 5065 ἕτερόν
3340 4984 3482 5067 ἐστιν
3523 4987 3560 5056 ἢ
3610 4986 3874 5067 παραδει-

2218 5074 2470 5151 γματίσαι
2527 5075 2684 5131 αὐτὸν
2741 5075 2828 5131 καὶ
2874 5075 3246 5156 καθαισχύναι.
3279 5064 3498 5156 λυΛπαξ
3555 5080 3656 5156 γὰρ
3690 5064 3871 5137 σταυ-

2219 5165 2424 5252 ρωθεὶς,
2496 5163 2752 5227 ἀθάνατός
2823 5162 2934 5219 ἐστι
2998 5154 3207 5226 λοιπόν.
3276 5154 3333 5222 Ὀ
3388 5162 3445 5221 δὲ
3498 5154 3868 5252 ἀνασταυρῶν,

2217 5250 2405 5327 ψεῦδος
2462 5260 2618 5310 τοῦτο
2676 5266 2842 5327 ποιεῖ,
2904 5252 3033 5333 ὅπερ
3090 5254 3352 5335 αἰσχύνην
3373 5255 3552 5338 --αὐτῷ
3593 5256 3736 5338 φέρει
3791 5250 3874 5326 ὡς

2215 5341 2533 5419 ψευσαμένῳ
2572 5345 2634 5399 τὸ
2661 5341 2798 5409 ἅπαξ
2826 5342 3118 5402 ἀποθανεῖν
3148 5333 3335 5419 μόνον.
3373 5333 3618 5411 ’Ἃλλωςξ
3653 5333 3877 5428 [ΦΩΤ.]

2214 5433 2273 5490 Τί
2355 5432 2495 5488 ἐστιν
2597 5431 3061 5513 ἀναπορούνταςς
3164 5432 3250 5490 ἐπὶ
3354 5431 3594 5517 δευτέραν
3697 5440 3872 5496 σταύ-

2213 5543 2373 5600 ρωσιν
2403 5522 2492 5577 καὶ
2521 5518 2758 5598 δεύτερον
2813 5521 2977 5584 πάθος
3038 5520 3332 5589 καλοῦνσας
3388 5524 3566 5600 αὐτὸν,
3616 5523 3773 5606 εἴπερ
3832 5531 3870 5598 ἡ

2211 5610 2430 5677 τοιαύτη
2492 5610 2764 5688 μετάνοια,
2824 5612 2913 5667 καὶ
2971 5612 3032 5667 τὸ
3100 5608 3387 5681 ἀξιωθῆναι
3454 5618 3553 5681 τῆς
3625 5613 3708 5672 διὰ
3777 5617 3876 5676 τοῦ

2212 5700 2574 5775 βαπτίσματος
2632 5700 2913 5779 ὄιιῖρέιτεως,⁷
2949 5707 3026 5774 τῷ
3083 5708 3292 5779 σταυρῷ
3346 5711 3439 5761 τοῦ
3484 5710 3709 5783 Χριστοῦ
3764 5709 3876 5786 μό-
