4132 6416
290 373 407 441 337

1408 380 1803 445 COMMENT.
1854 374 1934 440 IN
1978 379 2221 441 EPIST.
2271 382 2370 443 AD
2413 382 2641 444 HEBR.

3581 372 3662 439 33

288 516 366 585 νῷ
420 507 751 589 κατορθώθη.
832 511 893 568 Οἱ
973 520 1129 570 τοῦτο
1201 512 1312 585 οὗν,
1373 514 1553 592 φησὶν,
1615 510 1945 586 ἐννοούμενοι

2038 509 2158 572 titio
2176 511 2550 573 remissionis
2571 529 2677 592 per
2705 510 3231 592 baptismum,sola
3253 501 3471 577 Christi
3493 520 3685 576 morte

292 596 609 675 ἐπιθυμοῦσι
676 597 837 655 πάλιν
908 600 999 657 τόν
1084 603 1305 679 Χριστὸν
1391 600 1772 680 σταυροόμενον
1861 601 1948 692 καὶ

298 686 691 765 ψλευαζόμενον
784 691 871 746 καὶ
967 690 1575 770 παραδειγματιζόμενον
1650 687 1804 748 ἰδεῖν.
1895 686 1947 743 Ὠ

296 775 504 845 τόλμης
547 780 636 835 καὶ
664 778 913 843 ἀπονοίας
946 778 961 839 ί
1010 779 1064 836 εἴ
1099 802 1179 844 τις
1223 779 1396 837 ὲννοεϊ
1445 787 1683 842 τοιαῦτα.
1737 780 1863 835 Δίαν
1894 775 1948 834 δὲ

297 864 384 923 διὰ
429 868 628 925 τούτων
679 870 943 927 κατασείει
986 873 1158 929 αὐτῶν
1212 870 1308 933 τὰς
1363 868 1617 943 διανοίας,
1661 868 1757 926 ἵνα
1787 866 1946 925 ἀνέλ-

294 978 475 1014 πιστοι
515 959 797 1036 γεγονότες
858 964 951 1016 τοῦ
992 956 1235 1016 δύνασθαι
1290 972 1480 1039 τυχεῖν
1537 959 1789 1025 τοιαύτης
1845 977 1946 1033 με·

290 1045 505 1109 τανοίας
549 1045 635 1103 ἐπὶ
662 1045 826 1106 πλέον
853 1048 1226 1105 ἀντιποιῶνται
1254 1047 1467 1126 ἀρετῆς.

386 1248 409 1281 ι
465 1232 503 1281 Γ
505 1231 541 1293 ἦ
571 1225 673 1306 γάρ
712 1227 749 1295 ἡ
807 1232 1032 1283 ποιοῦσα
1072 1227 1164 1283 τὸν
1217 1224 1305 1282 ἐπ’
1347 1226 1507 1294 αὐτῆς
1548 1224 1806 1288 πολλακις
1866 1225 1945 1304 ἐρ-

298 1315 560 1395 χόμενον,
646 1316 823 1395 ὑετὸν,
909 1316 996 1371 καὶ
1076 1315 1321 1372 τίκνουσα
1401 1315 1632 1393 βοτάνην
1741 1313 1944 1372 εὔθετον

296 1404 516 1468 ἐκείνοις
623 1402 692 1460 δι’
775 1405 864 1469 οὓς
945 1402 1042 1460 καὶ
1122 1417 1465 1484 γεωργεῖται,
1552 1402 1945 1481 μεταλαμϐάνει

296 1492 536 1573 εὐλογίας
588 1494 694 1551 άπὸ
748 1502 844 1553 τοῦ
899 1500 1049 1553 Θεοῦ.
1098 1491 1424 1574 Ἐκφέρουσα
1476 1493 1531 1550 δὲ
1589 1495 1816 1558 ἀκάνθας
1857 1495 1947 1551 καὶ

294 1580 592 1662 τριϐόλους,
626 1581 886 1659 ἀδόκιμος
916 1584 1003 1639 καὶ
1032 1583 1264 1662 κατάρας
1296 1582 1477 1663 ἐγγὺς,
1507 1586 1574 1651 ἧς
1603 1586 1665 1640 τὸ
1694 1583 1844 1649 τέλος
1875 1587 1947 1649 εἰς

294 1680 481 1731 καῦσιν
490 1723 505 1737 ,

375 1760 463 1822 Ἐν
494 1769 563 1831 τῆ
597 1759 878 1843 παραϐολῇ
918 1768 1022 1841 γῆν
1072 1763 1194 1827 τοὺς
1245 1761 1545 1843 ἀνθρώπους
1602 1763 1770 1843 λέγει,
1828 1765 1947 1828 τοὺς

288 1852 551 1918 πολλάκις
624 1854 724 1928 μὲν
769 1852 1118 1926 ἀκούσαντας,
1192 1854 1281 1909 καὶ
1338 1857 1455 1910 οἷον
1506 1858 1714 1921 νοῆτῶς
1758 1852 1945 1933 ἀρδευ-

290 1944 474 2010 θὲντας
510 1950 590 2019 τῷ
640 1944 887 2022 σωτηρίῳ
934 1941 1080 2021 λόγῳ
1134 1943 1229 2011 τῆς
1282 1944 1530 2019 πίστεως,
1576 1947 1664 2001 καὶ
1706 1944 1743 2013 ἢ
1799 1946 1947 2026 ὠφε-

296 2032 570 2107 ληθέντας,
603 2033 639 2101 ἢ
684 2030 852 2108 μηδὲν
893 2031 955 2087 ἐκ
996 2032 1179 2088 τούτου
1231 2031 1621 2111 ὠφεληθέντας.
1688 2054 1716 2087 (ι
1775 2033 1947 2089 Βοτά-

300 2146 401 2189 νην
442 2121 664 2182 εὔθετον.
714 2145 742 2176 io
808 2124 897 2185 Τίς
927 2120 963 2189 ἢ
993 2118 1196 2185 εὔθετος
1224 2121 1422 2196 βοτάνη
1455 2141 1471 2201 ;
1530 2123 1565 2189 ἡ
1612 2121 1739 2200 ὀρθὴ
1785 2120 1947 2178 πολι-

299 2211 440 2271 τεία,
480 2229 506 2268 ε
538 2209 785 2273 Ἐκείνοις
816 2208 881 2265 δι’
937 2211 1026 2272 οὒς
1079 2211 1170 2281 καὶ
1223 2224 1560 2288 γεωργεῖται.
1640 2233 1667 2264 ι›
1734 2207 1949 2300 Ἐπειξη

303 2299 425 2378 περὶ
477 2300 579 2377 γῆς
632 2299 755 2355 εἶπε
810 2299 898 2355 καὶ
947 2303 1188 2378 καρπῶν,
1249 2298 1479 2375 ἐνέμεινε
1522 2305 1590 2375 τῇ
1630 2306 1823 2379 τροπῇ.
1897 2298 1949 2356 Ἠ

305 2388 390 2445 ὅτι
445 2401 563 2452 τοῖς
614 2386 945 2452 διδασκάλοις
1027 2390 1194 2467 (οὗτοι
1279 2389 1380 2468 γὰρ
1435 2391 1483 2444 οἱ
1540 2387 1942 2469 γεωργοῦντες),

306 2477 533 2535 τίκτεται
563 2479 592 2534 6
617 2479 854 2558 χρηστὸς
898 2478 1034 2554 βίος,
1065 2479 1137 2543 ὡς
1195 2479 1280 2534 καὶ
1337 2477 1551 2534 ἐκείνων
1608 2478 1947 2558 μετεχόντων

303 2572 403 2634 τῆς
461 2567 659 2646 ἀρετῆς
716 2572 823 2623 τῶν
876 2568 1150 2643 μαθητῶν.
1206 2572 1530 2645 Γεωργεϊται
1595 2565 1649 2621 δὲ
1696 2565 1948 2634 δηλονότι

2031 599 2361 679 attingitur.
2397 599 2508 673 Qui
2537 601 2654 662 hoc
2686 601 2861 681 igitur
2890 600 3249 677 existimant,
3278 602 3677 684 cupiuntrur—

2031 706 2162 750 sum
2212 690 2517 753 Christum
2587 690 2933 752 crucifixum
3006 700 3067 753 et
3142 691 3567 755 subsannatum
3618 713 3688 756 ac

2032 778 2292 841 ostentui
2341 779 2670 858 expositum
2713 778 2959 842 intueri.
3006 778 3053 842 Ο
3091 780 3395 842 audaciam
3431 790 3490 843 et
3522 782 3684 845 insa-

2030 865 2232 929 niam!
2266 867 2317 929 si
2344 867 2476 948 quis
2534 869 2661 930 haec
2711 867 3021 948 intelligat.
3058 867 3166 930 His
3197 879 3393 932 autem
3446 881 3681 934 mentes

2029 954 2293 1033 ipsorum
2347 957 2736 1020 vehementer
2791 959 3074 1033 concutit,
3110 965 3175 1019 ut
3197 960 3583 1037 desperantes
3609 961 3686 1024 de

2028 1046 2404 1127 assequenda
2435 1046 2778 1127 hujusmodi
2808 1048 3378 1128 ptenitentia,magis
3401 1049 3683 1112 anniten-

2031 1144 2127 1197 tur
2150 1136 2223 1197 ad
2259 1134 2558 1198 virtutem.

2108 1223 2205 1301 Vl,
2230 1227 2287 1288 7.
2316 1224 2375 1286 8.
2396 1223 2703 1305 Siquidem
2733 1232 2900 1289 terra
2935 1244 3068 1307 quas
3096 1227 3348 1312 imbrem
3367 1230 3591 1307 saepius
3619 1232 3687 1293 in

2026 1332 2090 1377 se
2118 1318 2459 1377 venientem
2493 1315 2844 1378 combiberit
2875 1324 2935 1378 et
2949 1324 3311 1397 progenerat
3324 1317 3572 1380 herbam
3589 1336 3688 1382 ac-

2029 1405 2403 1467 commodam
2436 1407 2523 1467 eis
2557 1423 2816 1485 quorum
2866 1423 3053 1486 opera
3094 1407 3416 1479 excolitur,
3464 1412 3690 1490 recepit

2031 1494 2505 1557 benedictionem
2530 1513 2567 1557 α
2601 1495 2897 1558 0:30.558
2920 1497 2997 1557 At
3019 1514 3149 1576 qua
3169 1499 3458 1577 producit
3478 1500 3689 1579 spinas

2029 1599 2101 1645 ac
2130 1582 2408 1663 tribulos,
2462 1581 2723 1664 reprobo
2769 1592 2851 1645 est
2900 1585 3684 1668 etmaledictionz‘conﬁnis,

2029 1674 2201 1747 cuius
2224 1673 2426 1734 exitus
2457 1674 2652 1735 tendit
2680 1672 2759 1734 ad
2787 1675 3191 1736 exnstionem.

2111 1754 2230 1814 Per
2253 1752 2618 1833 parabolam,
2670 1761 2890 1814 terram
2923 1753 3066 1815 dicit
3096 1754 3392 1832 homines,
3426 1756 3529 1836 qui
3552 1756 3682 1819 fre-

2031 1850 2284 1923 quenter
2339 1842 2578 1923 quidem
2643 1842 2962 1904 audierunt
2990 1853 3048 1905 et
3078 1844 3261 1906 veluti
3292 1845 3682 1926 spiritualiter

2029 1930 2265 2011 irrigati
2295 1942 2431 1993 sunt
2461 1932 2704 1993 salutari
2733 1933 2872 1994 ﬁdei
2903 1950 3179 1995 sermone
3211 1955 3223 1997 :
3260 1942 3321 1996 et
3375 1935 3465 1996 vel
3497 1935 3683 2017 adjuti

2032 2030 2189 2098 sunt,
2242 2026 2327 2083 vel
2369 2022 2517 2083 nihil
2552 2041 2619 2085 ex
2651 2024 2763 2084 hoc
2797 2023 3197 2103 profecerunt.
3235 2050 3256 2079 α
3286 2024 3545 2086 Herbam
3577 2043 3682 2087 ac-

2031 2111 2429 2173 commodam.
2445 2135 2467 2169 ι)
2503 2110 2783 2183 Quaenam
2808 2120 2899 2174 est
2922 2112 3233 2174 commoda
3250 2113 3435 2175 herba
3455 2113 3486 2173 ‘l
3504 2113 3685 2177 Recta

2035 2201 2424 2262 conversatio.
2487 2226 2513 2256 α
2573 2199 2694 2262 Illis
2747 2218 2998 2280 quorum
3061 2219 3244 2282 opera
3300 2203 3616 2267 excolitur.
3653 2227 3677 2263 ι

2034 2288 2322 2362 Quoniam
2355 2290 2428 2350 de
2460 2298 2620 2352 terra
2654 2288 2880 2350 dixerat
2913 2298 2969 2350 et
3012 2289 3328 2372 fructibus,
3362 2293 3690 2372 permansit

2031 2379 2095 2440 in
2129 2389 2296 2459 tropo
2371 2383 2489 2442 Aut
2512 2379 2667 2460 quod
2703 2397 2738 2440 a
2770 2379 3235 2460 praeceptoribus
3267 2380 3425 2460 (nam
3459 2382 3521 2443 hi
3550 2390 3689 2444 sunt

2033 2468 2134 2550 qui
2165 2468 2461 2550 excolunt)
2489 2469 2797 2548 bonagvita
2843 2468 3127 2550 gignitur,
3160 2470 3316 2550 quod
3339 2469 3426 2531 illi
3452 2489 3689 2552 quoque

2032 2556 2351 2638 participes
2412 2558 2531 2619 sint
2588 2558 2819 2621 virtutis
2876 2558 3331 2638 discipulorum.
3382 2559 3690 2623 Excolitur

297 2658 370 2721 εἰς
431 2645 697 2734 σωτηρίαν
735 2657 823 2713 καὶ
865 2653 1044 2736 κέρδος
1098 2655 1268 2723 αὐτῶν
1310 2655 1522 2713 ἐκείνων
1576 2662 1680 2712 τῶν
1736 2678 1939 2736 καρπο-

2038 2654 2250 2719 autem,
2278 2645 2350 2708 ad
2381 2647 2634 2710 salutem
2667 2646 2948 2709 videlicet
2977 2656 3037 2709 et
3066 2650 3297 2711 lucrum
3350 2668 3555 2711 eorum
3588 2651 3685 2731 ip—

292 2748 617 2826 φοροόντων,
692 2747 752 2803 Εἰ
826 2744 881 2801 δέ
947 2748 1085 2824 ἔστι,
1156 2746 1330 2810 καθὼς
1399 2747 1556 2826 φησὶν
1631 2748 1659 2802 6
1732 2747 1943 2826 Κύριος,

2038 2751 2232 2798 sorum
2266 2737 2367 2817 qui
2397 2738 2650 2799 fructum
2688 2737 3188 2819 proferunt.Quod
3227 2740 3278 2801 si
3313 2743 3483 2802 Pater
3524 2741 3687 2821 agri-

295 2810 532 2915 γεωργὸς
575 2836 605 2891 6
649 2835 856 2914 Πατὴρ,
900 2810 1145 2891 πάλινιδὲ
1203 2810 1425 2915 σπορεὺς
1516 2836 1658 2910 Υἱὸς,
1693 2836 1721 2891 ὁ
1750 2810 1945 2896 τὺικαλ

2038 2826 2162 2890 cola
2186 2810 2301 2898 est,
2330 2836 2393 2888 ut
2421 2827 2502 2888 ait
2530 2810 2818 2890 Dominus
2855 2826 2916 2878 28
2949 2848 2962 2891 :
2996 2846 3234 2891 rursum
3280 2838 3474 2894 autem
3507 2810 3691 2893 sevmi-

297 2924 391 2982 λὸν
447 2924 658 3000 σπέρμα
722 2925 972 3002 σπείρων,
1036 2922 1124 2981 ἐὰν
1182 2922 1478 2994 ἐπιτήδειος
1534 2927 1717 2989 αὐτοῖς
1761 2926 1795 2993 ἠ
1850 2926 1946 3003 βο-

2038 2923 2203 2979 nator
2230 2925 2320 2977 est
2354 2916 2559 2991 Filius,
2593 2917 2694 2998 qui
2726 2917 2949 2979 bonum
2979 2935 3186 2980 semen
3214 2918 3475 2981 seminat
3503 2919 3565 2971 99
3592 2940 3606 2981 :
3635 2919 3687 2981 si

295 3016 460 3090 τάνη,
490 3014 750 3091 τουτέστι,
783 3015 847 3071 τὸ
892 3013 1148 3092 γεώργιον
1189 3015 1324 3093 ὀφθῇ
1369 3012 1482 3094 (καὶ
1537 3016 1637 3094 γὰρ
1693 3022 1769 3089 τῷ
1834 3017 1949 3091 Θεῷ

2038 3005 2400 3067 conveniens
2454 3005 2572 3068 illis
2606 3006 2792 3068 herba
2822 3006 2946 3068 sive
2976 3007 3321 3086 agricolatio
3353 3007 3476 3069 visa
3510 3009 3687 3071 fuerit

300 3103 583 3184 ὀφείλομεν
610 3116 990 3183 καρποφορεῖν,
1036 3103 1110 3166 ὥς
1162 3126 1265 3160 που
1320 3093 1451 3184 φησί
1477 3119 1498 3138 ⁸
1545 3105 1670 3162 Νυνὶ
1718 3103 1775 3162 δὲ
1824 3103 1949 3163 δου-

2038 3093 2372 3175 (Siquidem
2404 3093 2526 3156 Deo
2556 3095 2915 3184 fructiﬁcare
2944 3096 3259 3176 debemus,
3289 3098 3684 3177 quemadmo-

292 3166 551 3259 λωθέντες
580 3200 657 3269 τῷ
682 3166 1042 3272 ’Θεᾴιέχέτε
1097 3193 1189 3249 τὸν
1239 3166 1444 3272 καρπὸν
1498 3193 1644 3268 δμῶν
1696 3196 1770 3258 εἷς
1800 3195 1949 3272 ἁγια-

2038 3166 2174 3245 dum
2194 3183 2337 3246 alibi
2358 3184 2541 3247 dicit:
2592 3183 2760 3247 Nunc
2793 3195 2989 3247 autem
3014 3186 3166 3247 servi
3184 3166 3323 3247 facti
3342 3189 3466 3249 Deo
3492 3188 3683 3251 habe—

296 3281 488 3362 σμόν).
534 3284 593 3341 El
631 3261 722 3340 οὗν
752 3261 954 3362 tbi—ito:
975 3279 1220 3349 δηλονότι
1250 3261 1332 3338 διά
1361 3284 1453 3338 τὸν
1492 3261 1622 3340 Θεὸν
1677 3261 1949 3364 γεωργοῦ-

2038 3274 2109 3364 tis
2138 3273 3307 3364 fructumrvestruminsanctiﬁcationem
3334 3277 3450 3356 ³0.)
3479 3275 3542 3339 Si
3574 3279 3689 3339 hoc

297 3395 424 3449 μεν,
455 3372 549 3430 ἵνα
578 3371 720 3447 αὒτῷ
774 3370 1047 3451 ἆρέσωμεν
1101 3372 1192 3428 τὺν
1235 3371 1473 3451 ἐνάρετον
1513 3373 1623 3449 βίον
1658 3390 1674 3405 ⁶
1734 3362 1949 3431 διὸκαὶ

2038 3362 2235 3451 igitur,
2262 3362 2537 3425 videlicet
2572 3373 2813 3445 propter
2857 3367 3046 3429 Deum
3093 3366 3456 3443 excolamus,
3481 3374 3546 3428 ut
3574 3366 3692 3449 ipsi

300 3462 582 3539 ἆξιοῦμεθα
638 3466 735 3528 τῆς
807 3450 929 3537 παρ’
987 3465 1145 3520 αὐτοῦ
1200 3450 1465 3538 εὐλογίας.
1502 3487 1524 3515 ο
1590 3460 1949 3538 Μεταλαμϐά-

2038 3450 2373 3531 placeamus
2424 3451 2611 3532 proba
2639 3453 2755 3516 vita
2790 3474 2803 3516 :
2839 3462 2981 3516 tunc
3031 3455 3207 3517 etiam
3239 3455 3567 3536 accipimus
3610 3455 3689 3519 ab

295 3576 374 3610 νει
444 3552 685 3631 εὐλογίας
755 3552 862 3608 ἀπὸ
914 3557 1007 3608 τοῦ
1064 3558 1218 3613 Θεοῦ.
1270 3573 1295 3606 ιι
1351 3542 1413 3607 Ἠ
1454 3552 1554 3631 γὰρ
1610 3551 1824 3632 εὔφορος
1880 3559 1953 3632 γῆ

298 3642 587 3721 εὖλόγτ.ται
639 3641 782 3719 παρὰ
836 3647 991 3701 Θεοῦ.
1050 3640 1139 3705 Τίς
1187 3639 1326 3697 ἐστιν
1382 3641 1416 3710 ἠ
1474 3640 1690 3723 εὔφορος
1750 3647 1866 3721 γῆς
1931 3647 1958 3701 δ

297 3732 543 3809 ἐνάρετος
599 3728 894 3810 ἅνθρωπος,
975 3753 1003 3785 α
1078 3727 1405 3810 Ἐκφέρουσα
1476 3728 1531 3786 δὲ
1594 3731 1846 3795 ἀκάνθας.
1923 3755 1951 3788 ιι

295 3825 408 3881 Οὔκ
448 3819 527 3877 ’ἑτι
571 3819 697 3875 εἷπε
731 3838 744 3850 ⁶
794 3819 1074 3897 Τίκτουσα,
1120 3817 1241 3875 ἀλλ’
1313 3818 1626 3899 ἐκφέρουσα,
1686 3821 1747 3877 τὸ
1818 3823 1958 3900 παρὰ

296 3912 453 3993 φύσιν
479 3912 580 3976 τῆς
612 3906 839 3975 ἐκϐολῆς
896 3908 1285 3984 αἰνιττόμενος,
1348 3910 1473 3965 ὡσεὶ
1514 3909 1692 3989 εἶπεν,
1726 3907 1956 3989 ἐκϐράσ-

295 4024 483 4059 σουσα.
518 4002 592 4058 T6
621 3996 676 4054 δὲ
716 3997 1027 4078 ἐκφέρουσα,
1070 4000 1171 4065 τὴν
1227 3996 1356 4077 ἄχρι
1417 3997 1600 4062 τέλους
1657 4001 1745 4056 καὶ
1786 4001 1951 4056 θανά-

296 4113 394 4147 του
449 4089 678 4169 ἐκφορὰν
760 4085 940 4155 δηλοῖ.
1020 4089 1093 4145 Οὔ
1155 4087 1255 4166 γὰρ
1311 4087 1487 4159 εἷπεν,
1556 4087 1954 4169 Ἐξενεγκοῦσα,

300 4177 422 4236 ἀλλ’
473 4176 762 4258 ἐκφέρουσα
793 4193 808 4208 ’
870 4177 1166 4252 σημεῖωσαι
1220 4185 1397 4238 τοῦτο.
1445 4174 1704 4241 Ἀκάνθας
1747 4174 1803 4233 δὲ
1871 4186 1958 4240 καὶ

300 4267 576 4349 τριϐόλους
645 4269 745 4337 τήν
802 4269 1057 4347 ἁμαρτίαν
1102 4266 1269 4346 λέγει,
1315 4266 1399 4324 διὰ
1440 4270 1502 4325 τὸ
1558 4269 1810 4327 πάντοθεν
1855 4270 1956 4326 αὒ-

300 4361 404 4427 τὴν
444 4358 694 4429 πλήττειν
723 4360 811 4418 καὶ
860 4357 1197 4435 λυμαίνεσθαι
1254 4359 1343 4414 τὸν
1403 4366 1717 4436 κρατοῦντα.
1788 4387 1811 4418 ι
1858 4361 1957 4418 Καὶ

303 4449 532 4527 κατάρας
561 4448 737 4528 ἐγγύς.
775 4472 800 4505 ι
837 4449 1105 4528 Μεγίστην
1149 4448 1274 4504 εἶπε
1324 4450 1677 4527 παραμυθίαν.
1726 4448 1799 4507 O6
1856 4450 1956 4527 γὰρ

2036 3540 2167 3620 ipso
2225 3539 2728 3605 benedictionem.
2783 3564 2810 3603 ‹
2842 3543 3086 3625 Recipit
3146 3544 3626 3608 benedictionem
3658 3564 3694 3609 a

2040 3631 2184 3697 Deo.
2223 3659 2249 3691 ιι
2289 3634 2523 3697 Fertilis
2576 3654 2833 3716 namque
2864 3644 3024 3699 terra
3072 3637 3449 3699 benedicitur
3473 3656 3507 3699 a
3535 3640 3685 3702 Deo.

2040 3721 2321 3794 Quaenam
2341 3731 2434 3784 est
2455 3722 2665 3785 fertilis
2688 3725 2891 3787 terra?
2914 3726 3093 3788 homo
3124 3725 3327 3788 virtuti
3355 3726 3590 3788 deditus
3619 3745 3689 3788 ac

2042 3811 2286 3892 probus.
2324 3812 2439 3875 «At
2465 3832 2595 3893 quae
2625 3815 2899 3894 producit
2928 3814 3189 3896 Spinas.»
3222 3814 3350 3878 Jam
3373 3834 3492 3876 non
3514 3813 3683 3879 dixit:

2038 3900 2420 3979 Progenerat,
2455 3903 2559 3963 sed
2589 3904 3156 3983 producit,innuens
3174 3904 3527 3984 ejectionem
3558 3923 3692 3967 esse

2038 4000 2253 4070 praeter
2283 4000 2549 4053 naturam
2586 4011 2598 4051 :
2632 4001 2906 4074 tanquam
2940 3993 3168 4055 diceret
3197 3993 3301 4057 :Et
3321 3994 3563 4057 mittens
3585 4013 3688 4056 ve-

2040 4079 2128 4142 lut
2158 4079 2456 4143 abortum.
2487 4079 2656 4165 Qupd
2701 4091 2895 4143 autem
2926 4082 3046 4144 ait:
3073 4081 3375 4160 Producit,
3398 4082 3692 4162 signiﬁcat

2040 4169 2491 4248 productionem
2539 4189 2727 4251 usque
2758 4171 2832 4232 ad
2861 4172 3040 4233 linem
3072 4190 3140 4233 ac
3172 4185 3447 4234 mortem.
3482 4174 3694 4253 Neque

2040 4260 2199 4322 enim
2223 4260 2304 4321 ait
2337 4283 2348 4319 :
2376 4260 2518 4335 Quae
2543 4262 2981 4344 produxit,sed,
3001 4282 3135 4343 quae
3155 4263 3431 4343 producit
3455 4285 3468 4328 :
3495 4264 3692 4326 anim-

2037 4350 2275 4412 adverte
2320 4351 2454 4413 hoc.
2513 4350 2728 4433 Spiuas
2756 4371 2895 4414 vero
2925 4372 2991 4414 ac
3025 4351 3272 4415 tribulos
3305 4353 3449 4416 dicit
3477 4372 3690 4435 pecca-

2040 4447 2187 4520 tum,
2220 4457 2292 4501 eo
2322 4441 2480 4521 quod
2512 4442 2705 4523 ipsum
2728 4442 3184 4523 undiqueleriat
3206 4442 3465 4505 aclaadat
3487 4453 3693 4506 tenen-

301 4538 483 4617 εἶπεν,
515 4527 857 4617 Αὒτοκατάρα
899 4527 1062 4612 ἐστὶν,
1110 4534 1253 4611 ἀλλ’,
1288 4539 1461 4618 Εγγὺς
1503 4540 1757 4617 κατάρας.
1810 4528 1866 4596 Ὀ
1897 4535 1949 4593 δὲ

2041 4535 2179 4592 tem.
2221 4527 2326 4590 «Et
2355 4531 2762 4592 maledictioni
2789 4530 3062 4593 confinis.
3096 4557 3122 4588 »
3156 4532 3477 4594 Maximam
3503 4532 3697 4613 posuit

301 4626 460 4706 ἐγγὺς
504 4626 736 4707 κατάρας
780 4627 1067 4706 γενόμενος
1109 4627 1197 4683 καὶ
1246 4629 1452 4706 μακρὰν
1508 4627 1748 4707 γενέσθαι
1793 4625 1952 4684 δόνα-

293 4738 384 4772 ται
426 4713 516 4772 διὰ
545 4716 844 4792 μετανοίας.
903 4718 961 4774 Εἰ
986 4716 1084 4793 μὲν
1104 4716 1204 4797 γὰρ
1228 4718 1424 4796 εἰρήκει
1450 4719 1547 4775 Καὶ
1565 4718 1767 4797 κατάρα
1789 4716 1950 4788 ἐστὶν,

292 4802 401 4861 ἔδει
430 4806 519 4861 καὶ
562 4808 891 4884 ἀπογνῶναι.
955 4813 1059 4863 Νῦν
1101 4802 1181 4885 δὲ,
1237 4802 1427 4883 Ἐγγὺς
1485 4806 1739 4885 κατάρας,
1800 4806 1950 4886 φησὶ,

287 4891 473 4975 φοϐῶν
543 4896 633 4951 καὶ
702 4895 986 4975 μονονουχὶ
1027 4892 1199 4971 λέγων
1238 4913 1253 4930 ⁶
1302 4892 1434 4953 Ἰδου
1456 4893 1613 4973 ἐγγὺς
1670 4894 1956 4973 γεγένησθε

286 4988 395 5050 τῆς
458 4985 690 5062 κατάρας
724 5000 740 5016 '
814 4979 1081 5062 φοϐήθητε
1153 4991 1230 5057 μὴ
1307 4982 1573 5050 ἒκπέσητε
1632 4985 1704 5047 εἰς
1764 4983 1949 5057 αὐτὴν,

287 5074 383 5129 καὶ
424 5072 614 5153 φάγετε
657 5072 843 5140 αὖτὴν.
881 5062 939 5129 “Ο
969 5072 1069 5150 γὰρ
1125 5070 1280 5149 ἐγγὺς
1338 5071 1434 5153 ὢν,
1482 5075 1570 5130 καὶ
1611 5086 1798 5154 φυγεῖν
1856 5070 1950 5128 δύ·-

289 5182 474 5239 ναται,
502 5158 651 5217 οὔπω
680 5160 779 5240 γὰρ
808 5158 970 5222 ἑάλω,
1009 5185 1034 5215 ιι
1071 5154 1168 5224 Ἦς
1214 5162 1273 5217 τὸ
1321 5161 1474 5224 τέλος
1531 5164 1605 5226 εἰς
1648 5172 1856 5225 καῦσιν.
1913 5181 1946 5218 ι

2039 4619 2529 4681 consolationem.
2566 4622 2700 4683 Non
2730 4621 2890 4683 enim
2914 4620 3062 4683 dixit
3098 4642 3111 4680 :
3148 4621 3230 4682 Ex
3280 4639 3345 4683 se
3377 4621 3697 4684 maledicta

2040 4715 2151 4782 est,
2185 4708 2318 4783 sed,
2352 4709 2619 4773 Conﬁnis
2653 4710 3082 4773 maledictioni.
3117 4708 3283 4782 Quod
3316 4716 3514 4771 autem
3544 4728 3693 4771 con-

2041 4796 2159 4858 ﬁne
2212 4797 2529 4859 maledicto
2591 4808 2704 4870 est,
2741 4799 2917 4861 etiam
2950 4800 3125 4878 longe
3176 4797 3308 4860 ﬁeri
3341 4806 3535 4879 potest
3589 4817 3700 4879 per

2042 4886 2716 4967 pmnitentiamEtenim
2747 4889 2797 4949 si
2827 4888 3071 4950 dixisset
3102 4905 3115 4950 :
3142 4888 3213 4950 Et
3245 4887 3559 4949 maledicta
3574 4896 3686 4963 est,

2038 4975 2399 5056 oportuisset
2428 4975 2768 5058 desperare.
2802 4976 2971 5040 Nunc
3003 4984 3201 5039 autem
3232 4980 3314 5037 ait
3350 4976 3692 5040 :Maledicto

2038 5065 2560 5137 conﬁnis,terrens
2580 5086 2648 5128 ac
2668 5066 3101 5148 propemodum
3126 5066 3368 5129 dicens:
3393 5070 3551 5131 Ecce
3572 5086 3696 5130 ma-

2036 5154 2342 5216 ledictioni
2374 5157 2693 5237 propinqui
2723 5156 2886 5230 estis,
2921 5155 3131 5218 timete
3172 5174 3247 5218 ne
3287 5156 3350 5218 in
3383 5156 3549 5218 illam
3581 5158 3692 5220 de-

296 5238 635 5326 υΟραίπςιὶλιν
660 5238 778 5312 πῶς
808 5247 1058 5328 ἀσφαλῶς
1087 5246 1269 5328 λαλεῖ,
1301 5250 1396 5306 ἵνα
1426 5252 1502 5326 μή
1548 5249 1671 5331 δόξῃ
1725 5253 1786 5307 τι
1846 5249 1949 5325 μέ-

2038 5243 2265 5320 cidatis,
2303 5262 2353 5305 et
2390 5244 2779 5327 fugiteipsam
2816 5264 2830 5308 :
2868 5263 3004 5307 nam
3035 5250 3131 5326 qui
3159 5264 3346 5327 prope
3376 5255 3465 5309 est
3498 5246 3696 5310 adhuc

290 5359 474 5415 γιστον
542 5336 595 5394 ἐν
652 5337 948 5417 ἀνθρώποις
1010 5337 1287 5418 φάρμακον
1340 5339 1441 5408 τὴν
1500 5341 1782 5416 μετάνοιαν
1866 5339 1949 5396 ὲκ-

2038 5333 2241 5410 fugere
2283 5341 2497 5412 potest,
2563 5335 2826 5397 nondum
2877 5333 3039 5396 enim
3069 5343 3276 5415 captus
3305 5343 3418 5398 est.
3459 5361 3479 5391 ι
3516 5334 3696 5417 Cujus

287 5423 529 5486 ϐάλλειν.
575 5427 647 5485 Οὔ
705 5428 809 5505 γὰρ
864 5427 1019 5483 εἶπεν
1054 5441 1067 5456 ⁸
1142 5426 1280 5483 Αὐτὸ
1346 5428 1375 5484 ὃ
1445 5427 1668 5508 ἤνεγκεν
1722 5428 1949 5490 ἀκάνθας

2038 5424 2228 5484 exitus
2268 5421 2458 5483 tendit
2485 5423 2559 5485 ad
2593 5424 2988 5487 exustionem.
3026 5448 3054 5481 ››
3091 5422 3241 5487 Vide
3266 5442 3508 5487 rursum
3538 5444 3694 5507 quo-

290 5515 390 5572 καί
419 5513 697 5597 τριϐόλους
744 5516 972 5595 καίεται,
1005 5513 1161 5590 ἀλλὰ,
1214 5508 1307 5580 Ἠς
1359 5518 1421 5573 τὸ
1449 5516 1599 5582 τέλος
1630 5519 1705 5583 εἰς
1739 5524 1948 5577 καῦσιν.

2038 5512 2215 5574 modo
2251 5511 2581 5591 periculum
2617 5513 2916 5594 loquendo
2947 5514 3195 5590 devitet,
3249 5521 3414 5576 859
3444 5533 3523 5579 ne
3558 5533 3691 5597 pce-

372 5682 441 5738 98
462 5681 639 5751 Joau.
671 5701 775 5759 xv,
817 5684 872 5748 1.
951 5683 1016 5737 29
1042 5686 1247 5750 Matth.
1278 5702 1406 5765 xm,
1441 5684 1499 5750 3.
1584 5685 1650 5738 30
1678 5685 1853 5751 Rem.
1883 5701 1967 5766 γι,
1996 5681 2099 5759 22,
