4132 6434
490 370 609 439 339

1612 366 2025 435 CECUMENII
2071 364 2367 430 TRICCxE
2410 362 2751 433 EPISCOPI

3762 365 3886 433 340

488 505 807 571 nitentiam
840 504 1164 568 maximum
1207 504 1364 565 inter
1382 501 1660 565 homines
1716 498 2049 562 remedium
2074 497 2126 559 vi

2215 497 2363 558 ,Ἐὰν
2395 501 2559 582 μέχρι
2588 501 2771 577 τέλους
2803 504 3073 586 ἐπιμείνη,
3121 506 3270 585 φησὶ.
3332 504 3421 562 καὶ
3475 502 3641 585 μέχρι
3695 503 3883 562 τελευ-

492 598 706 661 deatur
764 595 1031 677 abjicere
1064 615 1078 655 :
1116 612 1312 675 neque
1360 592 1518 655 enim
1571 591 1762 653 dixit:
1795 588 1943 677 Illud
1984 588 2126 669 quoc'

2224 595 2324 656 τῆς
2355 591 2583 657 ἀκάνθας
2626 592 2881 673 ἐκφέρων,
2926 594 3047 651 τότε
3101 594 3444 675 καυθήσεται,
3504 593 3565 651 ἐκ
3618 598 3716 661 τῆς
3772 594 3878 650 ἀν-

489 686 690 768 spinas
718 676 989 767 producit
1037 692 1097 746 et
1145 681 1422 755 tribulos,
1485 680 1771 754 exuritur,
1823 676 1927 768 sed
1958 677 2126 768 Cujus

2224 677 2560 749 τιδιαστολῆς
2590 679 2789 754 δηλῶν,
2824 684 2896 748 ὡς
2927 683 2980 739 εἴ
3029 705 3088 762 γε
3135 683 3213 759 μὴ
3268 682 3398 765 ἄχρι
3454 681 3633 749 τέλους
3663 681 3880 759 ἐπιμεί-

487 766 681 838 exitus
711 766 904 838 tendit
956 774 1028 837 ad
1081 772 1477 835 exustionem.
1542 768 1606 833 Si
1635 786 1823 850 usque
1853 766 1926 830 ad
1961 766 2126 827 ﬁnen

2226 790 2399 844 νωμεν
2442 769 2535 834 τὰς
2577 769 2803 834 ἀκάνθας
2835 768 3202 846 ἐκϐάλλοντες,
3235 769 3371 829 ἀλλά
3401 779 3770 851 μεταγνῶμεν,
3812 777 3875 832 οὒ

483 867 907 946 permanserit,
966 862 1183 944 inquit,
1251 868 1310 923 et
1334 879 1523 941 usque
1552 859 1625 922 ad
1661 865 1908 920 mortem
1936 854 2126 935 spina:

2225 857 2616 933 καυθησόμεθα.

486 944 769 1035 proferat,
805 944 949 1016 tunc
981 960 1265 1015 exuretur
1298 973 1310 1010 :
1349 969 1418 1013 ex
1448 951 1719 1032 opposito
1750 946 2097 1027 signiﬁcans
2124 944 2299 1026 'quod
2335 945 2385 1007 si
2417 964 2535 1009 non
2567 947 2640 1010 ad
2690 947 2870 1011 ﬁnem
2904 967 3091 1031 usque
3123 948 3649 1031 permanserimus,
3681 949 3885 1032 spfnas

484 1042 881 1124 proferentcs,
916 1043 1023 1105 sed
1054 1041 1497 1123 resipiscamus,
1533 1057 1650 1100 non
1683 1053 2022 1099 exuremur.

568 1131 669 1210 VI,
698 1132 869 1196 9-12.
898 1134 1209 1194 Caeterum
1230 1131 1637 1211 persuasimus
1660 1127 1831 1190 nobis
1852 1127 1930 1188 de
1950 1124 2141 1200 vobis,

486 1219 713 1296 dilecti,
745 1239 880 1302 quae
903 1220 999 1283 his
1019 1221 1146 1283 sint
1171 1220 1428 1281 meliora
1452 1224 1506 1280 et
1525 1216 1710 1279 saluti
1741 1216 2142 1293 adhaerentia,

486 1311 733 1373 tametsi
750 1316 839 1373 sic
852 1308 1345 1391 loquamur.Non
1370 1310 1542 1370 enim
1564 1307 1841 1380 iniustus
1852 1310 1937 1366 est
1960 1304 2141 1381 Deus,

483 1404 555 1462 ut
572 1398 967 1462 obliviscatur
987 1399 1197 1479 aperis
1215 1402 1408 1459 vestri
1428 1402 1483 1458 et
1510 1394 1569 1457 la
1579 1395 1740 1457 boris
1762 1411 1839 1456 ex
1859 1392 2149 1455 charitate

482 1490 724 1568 suscepi
741 1505 931 1568 quam
973 1485 1338 1550 exhibuistis
1367 1503 1516 1564 erga
1548 1501 1771 1545 nomen
1820 1481 2007 1558 illius,
2043 1483 2148 1561 qui

491 1576 1127 1639 ministrastissauctis
1140 1574 1905 1652 etmiuistratz‘s.Cupimus
1918 1576 2141 1646 autem,

489 1674 556 1728 ut
586 1671 1000 1746 unusquisque
1029 1673 1288 1728 vestrum
1312 1664 1472 1726 idem
1496 1669 1741 1744 praestet
1769 1662 2038 1724 studium
2065 1660 2146 1722 ad

485 1755 731 1835 plenam
749 1756 878 1835 spei
901 1754 1320 1817 certitudinem
1332 1771 1524 1834 usque
1541 1752 1621 1814 ad
1642 1752 1820 1831 ﬁnem
1833 1769 1929 1832 ,ηε
1938 1768 2147 1830 segnes

2317 1148 2341 1183 α
2398 1130 2730 1204 Πεπείσμεθα
2771 1125 2826 1184 δὲ
2881 1128 2999 1207 περὶ
3054 1130 3199 1205 ὑμῶν
3243 1128 3535 1207 ἀγαπητοὶ,
3597 1131 3660 1187 τὰ
3717 1132 3891 1209 κρείσ-

2230 1237 2356 1271 σονα
2400 1218 2487 1273 καὶ
2557 1216 2796 1297 ἐχόμενα
2865 1219 3156 1299 σωτηρίας,
3227 1219 3271 1274 εί
3327 1220 3415 1275 καὶ
3462 1217 3626 1283 οἶὲτως
3684 1216 3886 1280 λαλοῦ-

2230 1325 2349 1380 μεν,
2438 1307 2511 1363 Οὐ
2592 1307 2691 1386 γὰρ
2776 1303 2953 1370 ἄδικος
3038 1309 3066 1363 6
3150 1308 3280 1371 Θεὸς
3365 1306 3703 1365 ἐπιλαθέσται
3789 1316 3886 1366 τοῦ

2230 1393 2380 1473 ’έργου
2435 1396 2579 1471 ὑμῶν
2634 1396 2722 1451 καὶ
2775 1402 2866 1453 τοῦ
2939 1395 3108 1453 κόπου
3181 1401 3281 1464 τῆς
3363 1397 3579 1476 ἀγάπης
3654 1400 3723 1464 ἧς
3806 1397 3891 1453 ἐν-

2229 1481 2484 1550 εδείξασθε
2581 1485 2654 1547 είς
2767 1486 2829 1541 τὸ
2922 1483 3090 1560 ὄνομα
3190 1487 3367 1559 αὐτοῦ,
3466 1483 3881 1557 διακονήσαντες

2225 1585 2343 1637 τοϊς
2429 1573 2601 1653 ἁγίοις
2685 1575 2771 1630 καὶ
2852 1571 3237 1638 διακονοῦντες.
3352 1572 3741 1651 Ἐπιθ›μοῦμεν
3826 1574 3885 1633 δὲ

2228 1660 2448 1719 ἕκαστον
2526 1665 2697 1739 ὑμῶν,
2769 1664 2868 1730 τὴν
2952 1664 3118 1730 αὐτὴν
3200 1662 3545 1721 ἐνδείκνυσθαι
3644 1665 3883 1734 σπουδὴν

2227 1752 2358 1830 πρὸς
2413 1751 2513 1818 τὴν
2582 1750 2944 1833 πληροφορίαν
3028 1751 3124 1820 τῆς
3190 1750 3398 1810 ἐλπίδος
3456 1751 3584 1834 ἄχρι
3665 1753 3878 1831 τέλους,

485 1843 969 1923 eﬁeiamiui,sed
988 1845 1326 1907 imitatores
1356 1860 1563 1905 eorum
1586 1844 1696 1922 qui
1736 1859 1842 1922 per
1868 1841 2046 1921 ﬁdem
2071 1860 2126 1902 at

2227 1836 2317 1895 ἵνα
2400 1840 2479 1916 μὴ
2562 1843 2745 1921 νωθροὶ
2828 1840 3072 1919 γένησθε,
3160 1844 3389 1918 μιμηταὶ
3470 1840 3525 1898 δὲ
3606 1847 3713 1898 τῶν
3796 1842 3901 1899 διὰ

484 1932 1004 2013 louganimitatem
1060 1934 1372 2014 accipiunt
1418 1931 1834 1995 hcereditatem
1873 1932 2135 2009 promis-

479 2022 692 2085 siom's.

561 2113 883 2192 Postquam
915 2110 1058 2171 satis
1082 2110 1219 2172 illos
1249 2108 1410 2172 feriit
1430 2107 1701 2171 vocando
1726 2126 1938 2188 segnes
1986 2107 2134 2171 alia-

482 2218 598 2280 que
624 2199 905 2275 dicendo,
929 2219 1087 2261 nunc
1111 2198 1452 2262 consolatur
1476 2217 1606 2261 eos:
1641 2197 1865 2259 idcirco
1889 2216 2005 2258 non
2028 2197 2130 2261 ait:

482 2288 795 2365 Existimo,
821 2289 924 2350 sed
946 2287 1220 2351 Persuasi
1241 2287 1410 2350 mihi.
1428 2312 1449 2348 ι
1467 2287 1679 2364 Saluti,
1704 2286 2129 2350 adhaerentia.»

487 2375 616 2439 Hoc
634 2376 1025 2456 est,proxima
1043 2378 1133 2439 vel
1157 2377 1437 2441 conﬁnia.
1470 2402 1496 2433 α
1532 2376 1793 2439 Tametsi
1814 2376 1900 2437 sic
1921 2375 2134 2454 loqua-

486 2483 643 2529 mur.
682 2490 705 2523 ι
739 2464 910 2543 Novi,
960 2465 1176 2547 inquit,
1220 2466 1375 2548 quod
1410 2485 1527 2528 non
1558 2464 1902 2547 produeetis
1933 2465 2134 2544 spinas

483 2575 553 2620 ac
585 2556 861 2634 tribulos,
922 2559 1026 2621 sed
1072 2558 1269 2621 verbis
1299 2566 1527 2621 tantum
1578 2558 1751 2633 ferio,
1787 2568 1846 2620 ut
1877 2557 2129 2620 efﬁciam

484 2646 805 2710 ﬁrmiores.
822 2646 980 2709 aNon
1005 2646 1165 2710 enim
1183 2647 1437 2730 iujustus
1459 2656 1549 2710 est
1570 2647 1789 2710 Deus.»
1817 2646 2135 2728 Propterea

478 2743 678 2798 autem
713 2736 1117 2817 persuasimus
1146 2736 1317 2798 nobis
1357 2736 1510 2799 boua
1539 2737 1613 2798 de
1642 2735 1830 2817 vobis,
1876 2736 2134 2799 scientes

481 2823 668 2888 Deum
704 2844 824 2888 non
855 2844 987 2888 esse
1005 2825 1290 2907 injustum
1322 2848 1334 2889 :
1364 2826 1519 2907 quod
1545 2826 1595 2887 si
1617 2826 1875 2906 injustus
1891 2844 2009 2887 non
2032 2826 2128 2902 sit,

481 2932 601 2975 non
649 2912 1036 2977 obliviscetur
1093 2914 1234 2977 boni
1264 2914 1462 2995 operis
1492 2913 1698 2989 vestri,
1737 2924 1793 2976 et
1823 2913 2128 2977 charitatis

474 3022 649 3084 quam
709 3003 1070 3067 exhibuistis
1124 3022 1264 3084 erga
1313 3022 1531 3067 nomen
1564 3004 1746 3086 illius,
1777 3003 1877 3085 qui
1928 3004 2124 3066 omnia

2222 1930 2475 2003 πίστεως,
2573 1931 2661 1987 καὶ
2768 1930 3125 2008 μακροθυμίας
3222 1930 3694 2011 κληρονομούντων
3778 1933 3876 1997 τὰς

2222 2017 2567 2096 ἐπαγγελίας.
2624 2039 2653 2077 ι

2303 2107 2513 2178 Πλήξας
2586 2110 2772 2173 αὐτοὺς
2830 2109 3020 2174 ἱκανῶς
3074 2114 3150 2183 τῷ
3206 2108 3430 2187 νωθροὺς
3486 2107 3731 2184 καλέσαι,
3789 2113 3882 2167 καὶ

2220 2197 2269 2251 τ’
2301 2194 2435 2252 ἄλλα
2469 2199 2662 2270 εἰπεῖν,
2696 2205 2784 2253 νῦν
2813 2200 3201 2274 παραμυθεῖται
3238 2211 3251 2225 ⁵
3311 2194 3390 2251 διὸ
3446 2196 3539 2253 οὐκ
3577 2199 3731 2278 εἶπε,
3765 2207 3879 2257 No-

2219 2287 2376 2365 μίζω,
2412 2284 2570 2360 ἀλλὰ,
2605 2286 2925 2362 Πέπεισμαι.
2985 2308 3008 2342 α
3072 2287 3171 2344 Καὶ
3222 2284 3459 2365 ἐχόμενα
3514 2288 3804 2367 σωτηρίας.
3846 2310 3873 2345 ο

2217 2370 2410 2453 Ἐγγὺς
2453 2373 2602 2435 ὄντα.
2652 2399 2680 2431 ιι
2742 2377 2801 2433 Εἰ
2857 2376 2945 2432 καὶ
2974 2373 3140 2439 οὕτως
3169 2373 3455 2451 λαλοῦμεν.
3495 2398 3518 2433 ιι
3557 2374 3715 2452 Οἶδα,
3750 2400 3866 2457 φη-

2216 2464 2318 2536 σὶν,
2353 2462 2434 2520 ὅτι
2482 2464 2540 2519 ού
2570 2464 2757 2543 φύσετε
2816 2463 3044 2527 ἀκάνθας
3102 2465 3189 2521 καὶ
3232 2461 3529 2545 τριϐόλους,
3580 2463 3701 2521 ἀλλ’
3742 2466 3877 2547 ἄχρι

2215 2550 2390 2630 λόγων
2445 2552 2689 2629 πλήττω,
2747 2553 2839 2609 ἵνα
2895 2551 3312 2635 ἀσφαλεστέρους
3395 2555 3633 2628 ποιήσῳ.
3714 2578 3740 2609 σ
3801 2558 3876 2613 Ού

2215 2641 2315 2718 γὰρ
2344 2638 2519 2707 ἄδικος
2549 2644 2577 2698 6
2623 2641 2775 2705 Θεός.
2829 2664 2852 2698 ι
2922 2643 3020 2698 Διά
3077 2647 3233 2698 τοῦτο
3291 2639 3345 2697 δὲ
3404 2642 3470 2698 τὰ
3515 2643 3726 2722 χρηστά
3756 2644 3877 2723 περὶ

2214 2730 2364 2805 ὑμῶν
2391 2731 2740 2807 πεπείσμεθα,
2775 2728 2968 2794 εἰδότες
3023 2730 3101 2806 μή
3152 2728 3279 2787 ὄντα
3333 2728 3509 2787 ἄδικον
3563 2732 3654 2787 τὸν
3715 2732 3870 2792 Θεόν,

2218 2819 2275 2875 Εἰ
2333 2816 2387 2873 δὲ
2444 2821 2537 2875 οὐκ
2596 2817 2805 2900 ἄδικος,
2851 2824 2946 2879 οὐκ
3002 2818 3308 2890 ἐπιλήσεται
3362 2826 3455 2877 τοῦ
3514 2818 3666 2900 ἔργου
3724 2821 3874 2896 ὑμῶν

2214 2914 2308 2965 τοῦ
2338 2916 2603 2989 χρηστοῦ,
2661 2910 2748 2966 καὶ
2804 2910 2901 2976 τῆς
2958 2910 3173 2988 ἀγάπης
3229 2910 3295 2977 ἣν
3350 2907 3674 2976 ἐπεδείξασθε
3706 2911 3779 2974 εἰς
3811 2911 3873 2967 τὸ

2209 2995 2377 3072 ὄνομα
2436 2998 2614 3078 αὖτοῦ,
2687 2998 2858 3054 πάντα
2914 2996 2981 3053 δι’
3035 3000 3188 3058 αὐτὸν
3262 2998 3666 3073 ὑπομείναντες,
3734 3008 3869 3057 Δια-

476 3098 718 3174 propter
772 3092 967 3174 ipsum
1024 3092 1295 3174 perpessi
1341 3093 1505 3156 estis.
1546 3114 1574 3153 ¢
1610 3085 2126 3165 Quiministrastis

2215 3089 2532 3157 κονήσαντες
2589 3100 2705 3151 τοῖς
2754 3088 2945 3166 ἁγίοις.
3004 3109 3027 3146 ι)
3094 3097 3223 3150 Τοῖς
3281 3085 3384 3155 ἤδη
3430 3093 3858 3151 πεπιστευκόσιν,

473 3180 719 3245 sanatis.
757 3207 780 3264 ι
810 3180 914 3244 His
964 3182 1065 3263 qui
1091 3182 1216 3262 jam
1247 3181 1646 3243 crediderant.
1682 3182 1827 3244 Nam
1883 3182 1944 3244 hi
1977 3201 2131 3264 prae-

477 3267 698 3332 bebant
753 3262 841 3334 eis
898 3262 1266 3334 necessaria.
1328 3270 1542 3351 Hujus,
1576 3271 1791 3353 inquit,
1827 3262 2134 3336 charitatis

479 3377 655 3439 quam
686 3359 759 3421 ad
791 3360 906 3421 hoc
938 3379 1125 3441 usque
1157 3368 1391 3442 tempus
1432 3360 1750 3423 exhibetis.
1791 3384 1813 3419 ιι
1849 3360 2133 3442 Cupimus

470 3456 691 3511 autem.
730 3470 759 3509 )
791 3448 920 3511 Non
945 3449 1114 3531 dixit,
1146 3449 1460 3525 Volumus,
1494 3450 1597 3512 sed
1650 3449 1806 3531 quod
1839 3452 2129 3514 amantius

471 3546 623 3619 erat,
653 3537 939 3620 Cupimus
996 3546 1097 3601 aut
1139 3538 1572 3602 desideramus.
1616 3565 1642 3595 α
1678 3540 1839 3603 idem
1892 3549 2130 3621 praestet

469 3626 756 3689 studium.
813 3652 837 3686 ι)
874 3626 1105 3690 Deinde
1155 3636 1355 3709 posset
1412 3628 1704 3710 quispiam
1756 3629 2010 3694 dicere:
2069 3630 2126 3694 Si

471 3717 816 3798 persuasisti
868 3716 976 3779 tibi
1032 3718 1282 3781 meliora
1332 3717 1405 3779 de
1436 3718 1630 3793 nobis,
1670 3727 1726 3780 et
1757 3720 1911 3781 nosti
1945 3739 2127 3801 opera

463 3813 669 3868 nostra
716 3826 784 3870 ac
817 3806 1213 3869 ministerium
1246 3808 1309 3868 in
1357 3815 1614 3883 sanctos,
1650 3827 1758 3870 cur
1810 3809 1987 3888 igitur
2018 3828 2125 3871 nos

466 3902 657 3960 terres
679 3915 894 3959 vocans
913 3914 1150 3977 segnes,
1182 3915 1251 3959 ac
1285 3896 1589 3977 spinarum
1623 3897 1846 3959 faciens
1877 3898 2124 3960 mentio-

462 4003 601 4047 nem
620 3985 651 4046 ?
700 3983 936 4059 Quare?
959 3985 1106 4059 Quia
1137 3985 1435 4067 cupimus,
1491 3993 1554 4047 ut
1584 3987 1995 4069 unusquisque
2020 4008 2123 4051 ve-

460 4081 650 4135 strum
687 4073 849 4137 idem
882 4074 1145 4136 studium
1167 4074 1324 4156 quod
1346 4073 1602 4150 habetis,
1636 4076 1698 4136 in
1730 4078 1909 4138 ﬁnem
1932 4096 2121 4159 usque

462 4170 702 4242 prastat
729 4161 803 4223 ad
835 4161 1072 4243 plenam
1094 4161 1853 4244 speicertitudinem,860
1875 4166 1984 4226 hoc
2005 4174 2116 4242 est,

462 4256 530 4310 ut
554 4248 684 4311 sitis
713 4249 1054 4312 immobiles
1086 4249 1244 4311 circa
1262 4249 1442 4311 ﬁdem
1466 4269 1597 4331 qua:
1622 4259 1709 4314 est
1733 4250 1793 4313 in
1818 4252 2118 4314 Christum

459 4344 522 4400 et
548 4356 717 4419 spem
778 4357 912 4420 quae
962 4339 1101 4401 inde
1133 4338 1421 4419 procedit.
1465 4365 1485 4395 ι
1525 4343 1616 4404 Ne
1645 4359 1859 4421 segnes
1889 4341 2117 4404 efﬁcia-

2215 3178 2369 3234 Οὗτοι
2399 3177 2497 3255 γὰρ
2525 3189 2791 3257 παρεῖχον
2831 3177 2897 3233 τὰ
2928 3178 3058 3256 πρὸς
3084 3176 3180 3234 τὴν
3230 3177 3437 3257 χρείαν.
3498 3178 3708 3244 Ταύτην
3764 3178 3865 3245 τὴν

2214 3264 2426 3343 ἀγάπην
2457 3266 2522 3333 ἣν
2551 3265 2679 3346 ἄχρι
2722 3273 2815 3325 τοῦ
2844 3276 2929 3326 νῦν
2973 3266 3205 3341 ποιεῖτε,
3254 3268 3431 3347 φησίν.
3476 3285 3505 3325 ε
3540 3265 3871 3343 Ἐπιθυμοῦ-

2213 3376 2311 3429 μεν
2341 3352 2419 3416 δέ,
2471 3378 2498 3410 n
2535 3360 2643 3414 Οὐκ
2671 3355 2820 3429 εἶπε,
2853 3353 3169 3435 βουλόμεθα,
3202 3353 3321 3411 ἀλλ’
3379 3355 3407 3410 ὃ
3465 3353 3876 3436 φιλοπτοργότεο

2212 3465 2299 3522 ρον
2360 3443 2451 3517 ἧν,
2512 3443 2923 3520 Ἐπιθυμοῦμεν,
3000 3446 3179 3525 φητίν,
3261 3465 3283 3500 α
3362 3444 3469 3511 Τὴν
3536 3445 3701 3512 αὐτὴν
3770 3444 3863 3502 ἐν-

2211 3530 2498 3591 δείκνυσθαι
2531 3531 2786 3604 σπουδήν,
2827 3559 2850 3592 υ
2892 3533 3028 3591 Εἶτα
3056 3532 3203 3591 εἴποι
3233 3557 3337 3608 τις,
3406 3534 3463 3591 Εἰ
3506 3534 3866 3610 πεπεισμένος

2210 3622 2266 3677 εἴ
2323 3623 2440 3702 περὶ
2496 3623 2650 3698 ἡμῶν
2708 3624 2772 3681 τὰ
2852 3623 3143 3704 κρείττονα,
3225 3626 3313 3680 καὶ
3368 3622 3521 3687 οἶδας
3590 3625 3743 3700 ἡμῶν
3798 3626 3867 3680 τὰ

2210 3708 2335 3791 ἔργα
2377 3712 2465 3767 καὶ
2520 3711 2620 3778 τὴν
2677 3713 2749 3777 εἷς
2807 3713 2928 3777 τοὺς
2988 3714 3164 3792 ἁγίους
3215 3710 3498 3790 διακονίαν,
3559 3715 3610 3768 τί
3664 3710 3866 3783 δήποτε

2208 3798 2475 3880 ἐφόϐησας
2565 3802 2709 3876 ἡμᾶς
2822 3802 3048 3881 νωθροὺς
3132 3799 3381 3875 καλέσας,
3459 3803 3548 3859 καὶ
3624 3802 3864 3859 ἀκανθῶν

2209 3889 2597 3971 μεμνημένος,
2685 3892 2782 3947 Διά
2846 3880 2942 3971 τίς
3004 3880 3133 3949 ιὈτι
3202 3891 3556 3968 ἐπιθυμοῦμεν
3638 3890 3863 3948 ἕκαστον

2206 3980 2376 4054 ὑμῶν,
2426 3981 2576 4060 φησὶ,
2611 3982 2709 4047 την
2736 3979 2899 4047 αὐτὴν
2942 3980 3007 4046 ἣν
3058 3978 3212 4060 ἔχετε
3262 3978 3389 4060 ἄχρι
3441 3979 3625 4046 τέλους
3669 3978 3868 4037 ἐπιδεί-

2206 4066 2384 4133 ξασθαι
2438 4066 2665 4136 σπουδὴν
2722 4070 2852 4149 πρὸς
2914 4070 3008 4137 τὴν
3066 4068 3426 4150 πληροφορίαν
3481 4070 3580 4138 τῆς
3624 4068 3863 4151 ἐλπίδος,

2203 4156 2461 4237 τουτέστι,
2496 4159 2629 4235 πρὸς
2686 4159 2746 4213 τὸ
2789 4158 2930 4214 εἶναι
2986 4160 3121 4234 ὑμᾶς
3178 4156 3517 4224 ἀδιστάκτους
3577 4158 3698 4238 περῖ
3755 4160 3858 4227 τὴν

2203 4248 2276 4310 είς
2324 4248 2546 4327 Χριστὸν
2574 4247 2772 4322 πίστιν,
2807 4249 2894 4304 καὶ
2921 4248 3020 4315 τὴν
3070 4245 3211 4304 ἔνθεν
3254 4245 3457 4310 ἐλπίδα,
3514 4272 3537 4302 ιι
3596 4238 3721 4305 Ἵνα
3778 4251 3859 4324 μὴ

2203 4337 2386 4415 νωθροὶ
2415 4336 2657 4414 γένησθε.
2698 4360 2725 4391 ι)
2783 4338 2965 4395 Καίτοι
3009 4337 3165 4393 εἶπεν
3209 4336 3318 4393 ἀνω
3378 4338 3463 4393 καὶ
3512 4339 3594 4412 τὸ,
3653 4341 3864 4417 Νωθροὶ

464 4426 637 4535 mitti;
667 4453 700 4527 .n
969 4429 1246 4535 superius
1280 4428 1426 4489 dixit
1457 4451 1471 4489 :
1504 4431 1733 4509 Segnes
1763 4431 1899 4535 fagti
1933 4433 2113 4529 estis;

2215 4427 2487 4507 γεγένησθε
2520 4445 2534 4459 ·
2571 4427 2689 4485 ἀλλ’
2720 4428 2834 4486 ἐκεῖ
2865 4431 2990 4486 εἶπε
3022 4443 3141 4492 ταῖς
3198 4429 3416 4510 ἀκοαῖς,
3464 4437 3554 4487 νῦν
3597 4428 3673 4505 δὲ,
3736 4429 3855 4488 ὅλοι

463 4516 569 4577 sed
596 4515 680 4578 ibi
722 4515 973 4592 addidit,
1025 4515 1285 4578 Auribus
1315 4537 1327 4575 :
1360 4535 1521 4577 nunc
1552 4530 1776 4579 autem.
1811 4516 1897 4579 Ne
1931 4518 2033 4580 toti
2063 4528 2120 4580 et

458 4623 568 4687 per
592 4606 796 4668 omnia
826 4624 1041 4685 segnes
1073 4604 1439 4667 efﬁciamini.
1466 4604 1616 4668 «Sed
1647 4605 1980 4671 imitatores
2009 4626 2117 4669 eo-

454 4712 587 4757 rum
615 4696 715 4778 qui
747 4714 859 4776 per
883 4693 1364 4758 ﬁdem.»Deinde
1383 4704 1822 4776 consequenter
1842 4705 2114 4759 recense:

451 4802 555 4848 eos
583 4787 684 4868 qui
702 4804 812 4868 per
837 4785 1016 4847 ﬁdem
1040 4790 1405 4864 acceperunt
1419 4784 1834 4847 ‘haereditatem
1856 4786 2114 4867 promis-

448 4873 889 4956 sionis,nempe
918 4873 1245 4938 Abraham.
1276 4872 1427 4945 Quid
1455 4883 1542 4935 est
1569 4882 1765 4937 autem
1792 4893 1805 4937 :
1833 4875 1949 4937 Per
1978 4875 2113 4937 lon-

445 4963 851 5042 ganimitatem
878 4962 910 5025 ?
968 4964 1083 5026 hoc
1134 4970 1245 5037 est,
1278 4964 1397 5024 Per
1430 4961 1807 5025 tolerantiam
1868 4964 2115 5027 Pertulit

448 5052 607 5114 enim
642 5053 1100 5134 promissionem
1131 5052 1206 5114 ad
1242 5060 1363 5113 tam
1397 5052 1616 5115 multos
1641 5070 1829 5114 annos
1862 5053 2108 5134 prolon-

446 5148 663 5218 gatam,
700 5149 758 5203 et
807 5147 1011 5205 tamen
1044 5139 1376 5224 permansit
1406 5158 1650 5222 semper
1678 5140 1740 5202 in
1777 5140 2106 5207 credendo.

441 5226 594 5290 Nam
617 5229 668 5291 si
695 5229 871 5292 simul
904 5239 966 5293 ut
994 5231 1268 5312 promisit
1292 5232 1476 5307 Deus,
1509 5230 1974 5312 subsequeretur
1994 5231 2108 5294 do-

440 5316 627 5392 natio,
653 5317 780 5398 jam
808 5319 964 5401 apud
1012 5337 1147 5382 eum
1181 5320 1283 5401 qui
1310 5319 1777 5399 promissionem
1812 5321 2102 5400 suscepit,

440 5407 642 5469 nullus
662 5418 819 5471 esset
836 5428 979 5471 usus
1000 5410 1140 5472 ﬁdei
1162 5417 1261 5472 aut
1287 5408 1639 5485 tolerantiae,
1678 5411 1833 5492 quod
1858 5412 2103 5473 omnino

438 5513 614 5558 verax
646 5505 805 5560 esset
831 5498 1015 5562 Deus.
1070 5499 1136 5562 Si
1193 5517 1331 5560 vero
1391 5497 1490 5562 ubi
1536 5499 1811 5579 promisit
1840 5500 2099 5582 differat,

2207 4515 2266 4536 ’κν
2645 4520 2656 4535 .
2804 4518 2812 4535 .
3340 4520 3353 4541 π
3419 4516 3465 4549 ..ι
3545 4524 3564 4533 -
3653 4517 3675 4536 κ
3704 4519 3717 4536 ι
3811 4520 3822 4541 ,

2201 4536 2247 4572 οι
2312 4516 2450 4573 ὅλων
2480 4521 2663 4596 νωθροι
2691 4523 3000 4597 γεγενησθε.
3055 4537 3084 4579 (
3118 4526 3358 4595 Μιμηται
3414 4536 3468 4574 ος.
3499 4541 3604 4575 τιυν
3646 4536 3731 4574 οια
3762 4543 3858 4575 πι-

2202 4629 2386 4671 στεως.
2446 4630 2473 4663 ιι
2538 4608 2677 4664 Εἶτα
2720 4607 2906 4666 λοιπὸν
2965 4606 3248 4687 καταλέγει
3306 4629 3427 4671 τους
3486 4605 3570 4663 δια
3624 4608 3857 4672 πίστεως

2200 4694 2706 4776 κληρονομήσαντας
2734 4699 2827 4761 τὰς
2876 4696 3219 4777 ἐπαγγελίας,
3283 4702 3401 4755 οἷον
3444 4698 3535 4754 τὸν
3591 4694 3854 4778 Ἀϐραάμ.

2199 4786 2258 4843 Τί
2288 4784 2342 4841 δέ
2368 4784 2477 4841 ἐστι
2520 4787 2602 4860 τὸ,
2654 4788 2757 4844 Διὰ
2817 4787 3175 4867 μακροθυμίας
3210 4805 3227 4867 ;
3260 4787 3520 4867 τουτέστι,
3553 4784 3619 4842 δι’
3650 4789 3857 4863 ὑπομοο

2197 4880 2317 4942 νῆς.
2410 4865 2685 4951 ιΥπέμεινε
2756 4878 2855 4955 γὰρ
2910 4865 3009 4945 τὴν
3066 4865 3382 4955 ἐπαγγελίαν
3448 4865 3857 4956 ὑπερτιθεμένην

2196 4970 2423 5021 τοσαῦτα
2453 4962 2570 5037 ἔτη,
2632 4967 2718 5021 καὶ
2770 4965 2846 5022 ἔτι
2902 4964 3077 5041 ἔμεινε
3136 4965 3420 5026 πιστεύων,
3481 4966 3542 5022 Εἰ
3598 4965 3697 5044 γάρ
3740 4965 3855 5042 ἅμα

2192 5061 2268 5129 τῷ
2350 5051 2758 5132 ἐπαγγείλασθαι
2814 5057 2943 5111 Θεὸν
3011 5057 3046 5123 ἡ
3096 5052 3237 5119 δόσις
3301 5053 3676 5130 ἀκολουθήσει,
3754 5058 3855 5112 οὒκ

2195 5141 2271 5201 ἔτι
2328 5144 2554 5208 πίστεώς
2600 5146 2740 5199 ἐστιν
2784 5144 2820 5211 ἢ
2880 5146 3155 5220 ὑπομονῆς
3217 5153 3309 5202 τοῦ
3373 5143 3472 5211 τὴν
3529 5142 3853 5222 ἐπαγγελίαν

2191 5230 2473 5308 δεξαμένου
2502 5235 2679 5313 χρεία,
2726 5240 2802 5308 τῷ
2849 5232 2985 5297 ὅλως
3033 5232 3305 5301 ἀληθεύειν
3352 5233 3445 5293 τὸν
3503 5232 3655 5295 Θεόν,
3704 5231 3854 5290 Εἰδέ

2190 5320 2639 5399 ἐπαγγειλάμενος
2671 5323 2983 5401 ὑπέρθηται,
3019 5325 3105 5380 καὶ
3135 5325 3163 5379 6
3215 5322 3314 5390 τὴν
3344 5320 3660 5401 ἐπαγγελίαν
3692 5319 3852 5388 δεξά-

2192 5432 2350 5487 μενος
2383 5412 2779 5491 μακροθυμήσει
2830 5411 2914 5468 ἐπὶ
2959 5417 3027 5489 τῇ
3081 5410 3377 5492 ὑπερθέσει,
3437 5411 3558 5468 τότε
3610 5412 3855 5469 πιστεύει

2189 5503 2459 5579 καθαρῶς,
2504 5500 2624 5556 τότε
2654 5499 2903 5576 ὑπομένει
2934 5501 3227 5580 ἐγκρατῶς.

433 5593 495 5648 et
520 5592 721 5650 tamen
749 5587 802 5650 is
829 5589 932 5670 qui
964 5587 1422 5669 promissionem
1451 5588 1702 5670 accepit,
1757 5590 2012 5653 tolerans
2060 5588 2135 5653 ad
2166 5587 2544 5669 dilationem,
2602 5596 2742 5651 tunc
2790 5607 2938 5670 pure
2987 5588 3201 5667 credit,
3247 5597 3388 5653 tunc
3436 5587 3687 5651 viriliter
3751 5597 3849 5652 to-

433 5673 605 5739 lerat.
