4132 6418
335 266 444 335 341

969 416 1221 474 necom.
1256 400 1346 473 H'.

343 519 368 552 ι
410 486 542 557 ’Ὁτι
584 494 769 576 βεϐαία
811 500 845 568 ἡ
889 498 1180 637 ἐπαγγςελία
1236 506 1329 557 τοῦ
1388 509 1518 559 Θεοῦ
1573 504 1662 560 καὶ
1688 511 1854 562 ταῦτα
1896 507 1988 563 σὺν

1080 603 1211 637 om.
1251 604 1275 636 η

1080 603 1211 661 ρκῳ.
1251 604 1275 636 υ

434 704 456 735 ι
519 688 608 756 Τῷ
649 682 750 761 γὰρ
812 680 1053 761 Ἀϐραὰμ
1109 681 1560 762 ἐπαγγειλάμενος
1605 687 1633 743 6
1689 688 1842 763 Θεὸς,
1876 690 1989 745 ἐπεὶ

341 772 461 830 κατ’
547 772 757 839 οὖδενὸς
840 776 969 855 εἶχε
1027 776 1265 851 μείζονος
1336 777 1553 857 ὀμόσαι,
1610 778 1791 854 ὤμοσε
1871 780 1989 838 καθ’

345 864 552 933 ἑαυτοῦ,
613 863 787 944 λέγων
821 884 839 901 ·
914 873 959 922 Η
1044 868 1152 941 μὴν
1236 865 1467 945 εὖλογιῐιν
1549 866 1827 948 εὔλογήσω
1904 892 1986 947 σε,

341 953 431 1010 καὶ
500 952 780 1021 πληθῦνων
861 954 1109 1022 πληθδνιῦ
1191 976 1273 1016 σε,
1338 956 1437 1014 Καὶ
1490 955 1655 1040 οὸτως
1723 964 1987 1040 μακροθυ-

343 1043 545 1117 μήσας,
603 1042 832 1124 ἐπέτυχε
914 1049 1014 1111 τῆς
1096 1042 1439 1123 ἐπαγγελίας.
1533 1036 1846 1128 ’Ἄνθρωποι
1893 1052 1990 1126 μέν

339 1132 440 1211 γὰρ
521 1133 659 1190 κατά
740 1142 833 1193 τὶῦ
932 1134 1171 1208 μείζονος
1278 1134 1549 1209 ὀμνύουσι,
1636 1139 1725 1195 καὶ
1807 1140 1987 1207 πάσης

338 1221 524 1287 αὐτοῖς
604 1220 906 1302 ἀντιλογίας
1017 1222 1178 1302 πέρας
1264 1225 1337 1287 εἰς
1420 1222 1702 1301 βεϐαίωσιν
1785 1232 1813 1285 6
1896 1228 1986 1308 ἅρ-

336 1335 457 1376 κος,
496 1336 521 1367 Ι

424 1390 602 1459 υΟταν
630 1400 720 1457 οὖν
762 1404 886 1481 ὁρᾷς
935 1402 1024 1458 καὶ
1080 1402 1172 1457 τὸν
1217 1403 1439 1480 Χριστὸν
1494 1402 1714 1483 λέγοντα
1749 1423 1766 1439 ⁶
1815 1406 1988 1483 Ἀμην

341 1490 486 1567 ἀμὴν
516 1488 660 1569 λέγω
688 1512 794 1563 σοι,
828 1490 993 1546 ἐννόει
1036 1489 1118 1546 ὅτι
1166 1488 1285 1547 κατ’
1347 1490 1552 1558 οὐδενὸς
1604 1493 1747 1575 ἔχων
1804 1500 1986 1572 μείζο-

342 1603 430 1643 νος
458 1579 676 1655 ὀμόσαι,
711 1581 773 1637 τὸ
803 1577 978 1653 Ἀμὴν
1008 1577 1214 1655 ὄμνυσι,
1248 1581 1335 1636 καὶ
1363 1580 1444 1636 ὅτι
1501 1585 1587 1639 καὶ
1640 1591 1726 1640 ν)ν
1784 1588 1811 1641 6
1871 1589 1987 1651 Υἱὸς

338 1668 527 1743 ὅμνυσι
569 1675 647 1743 τῷ
706 1665 968 1747 Ἀϐραάμ.
1018 1658 1075 1726 ’0
1106 1668 1275 1765 λόγος
1317 1670 1417 1748 γὰρ
1444 1668 1681 1748 ὄμνυσιν,
1722 1694 1745 1729 σ
1782 1662 1847 1731 1Ἠ
1870 1676 1988 1750 μὴν

1493 275 1888 341 COMMENT.
1935 275 2019 339 IN
2060 273 2306 340 EPIST.
2349 276 2452 339 AD
2494 274 2723 341 HEBR.

3605 260 3724 329 342

2666 411 2909 478 CAPUT
2946 411 3098 478 VIII.

2074 498 2240 573 Quod
2268 500 2453 580 ﬁrma
2502 509 2581 567 sit
2632 506 2743 567 Dei
2786 505 3129 587 promissio,
3163 501 3343 581 idque
3369 514 3505 562 cum
3524 496 3711 577 jura-

2781 593 3000 650 mento.

2151 677 2247 757 VI,
2281 680 2350 746 13
2375 685 2489 747 ~16.
2549 686 2708 749 Deus
2737 692 2895 750 enim
2922 687 3232 769 pollicitus
3262 681 3552 757 Abrahw,
3582 695 3723 769 cum

2070 786 2192 831 non
2211 778 2406 851 posset
2415 791 2529 854 per
2543 793 2907 858 quemquam
2923 766 3027 839 ma
3031 778 3222 855 iorem
3230 777 3264 853 j
3271 788 3478 847 urare,
3482 773 3506 848 7'
3512 766 3724 832 aravit

2068 866 2476 942 perseipsum,
2511 866 2715 928 dicens
2749 884 2767 928 :
2819 868 2959 931 Nisi
2983 866 3331 930 benedicens
3364 860 3725 924 benedixero

2075 952 2205 1027 tibi,
2239 962 2297 1015 et
2342 956 2754 1039 multiplicans
2772 959 3260 1041 multiplicavera
3283 964 3340 1019 te
3362 975 3381 1033 ;
3426 961 3605 1031 atque
3628 950 3719 1012 ita

2074 1058 2211 1103 cum
2237 1046 2545 1123 patienter
2559 1058 2978 1129 exspectasset,
2993 1055 3348 1113 consecutus
3365 1052 3451 1107 est
3469 1041 3728 1123 promis-

2073 1148 2240 1195 sum.
2274 1133 2435 1197 Nam
2466 1137 2739 1202 homines
2766 1140 3010 1219 quidem
3056 1156 3161 1219 per
3188 1154 3327 1200 eum
3367 1136 3588 1215 jurant
3614 1129 3725 1210 (ιαί

2069 1220 2151 1280 sit
2181 1225 2415 1298 major:
2449 1233 2629 1306 atque
2658 1228 2869 1291 iisdem
2899 1233 3098 1291 omnis
3126 1223 3554 1289 controversiae
3577 1219 3722 1300 ﬁnis

2071 1307 2150 1369 ad
2178 1311 2703 1390 conﬁrmationem
2734 1323 2823 1380 est
2848 1316 3305 1398 jusjurandum.

2153 1398 2298 1460 Cum
2358 1402 2534 1482 igitur
2586 1405 2750 1467 vides
2808 1407 3107 1470 Christum
3150 1398 3725 1466 dicentemz'Amen

2071 1503 2245 1548 amen
2302 1490 2436 1554 dico
2491 1492 2620 1570 tibi,
2680 1495 2946 1574 intellige
2976 1494 3133 1576 quod
3180 1511 3313 1556 cum
3356 1509 3462 1572 per
3491 1487 3724 1552 nullum

2073 1576 2361 1655 majorem
2381 1584 2590 1661 jurare
2612 1585 2977 1665 possit,jurat
2997 1586 3208 1646 Amen:
3237 1601 3355 1645 non
3378 1580 3521 1662 quin
3544 1577 3723 1640 etiam

2071 1682 2232 1726 nunc
2258 1666 2442 1731 Filius
2465 1672 2628 1751 juret
2658 1673 2772 1754 ipsi
2811 1675 3103 1736 Abrahw:
3140 1671 3399 1735 Verbum
3432 1670 3591 1733 enim
3620 1669 3725 1748 ju-

336 1758 593 1837 εὐλογῶν,
628 1759 907 1835 εὐλογήσω
938 1778 1018 1819 σε.
1056 1776 1083 1816 1
1142 1756 1385 1858 ’ξὶμοσεν
1416 1761 1600 1842 εἱπὼν,
1667 1781 1695 1820 ι
1730 1769 1812 1819 Ζῶ
1854 1764 1984 1844 ἐγὼ,

2082 1760 2181 1858 cat.
2220 1779 2247 1810 α
2280 1756 2805 1858 Nisibenedicens
2835 1764 3196 1858 benedixero
3247 1761 3379 1858 ῑίὶρί-
3411 1757 3722 1858 »ςῙυΓΞῨίξι

334 1847 479 1926 λέγει
528 1848 739 1926 Κύριος,
792 1870 819 1901 ι
867 1846 1048 1927 φησίν.
1089 1869 1117 1901 α
1173 1846 1231 1903 Ἠ
1263 1848 1392 1921 μήν,
1454 1873 1476 1901 u
1527 1851 1832 1930 'l‘ou-céc-cw,
1893 1853 1985 1910 ὅν-

333 1960 439 2002 τως
484 1939 595 2013 μὴν
625 1935 858 2013 εὖλογῶν
888 1934 1165 2015 εὐλογήσω
1214 1957 1295 1995 σε.
1349 1957 1378 1994 ι
1435 1940 1530 1996 Καὶ
1575 1938 1740 2004 οὕτως
1792 1965 1980 2022 μακρο-

339 2028 599 2102 θυμήσας,
666 2049 695 2081 ι
763 2018 919 2102 Ὀρᾷς
975 2023 1055 2081 ὅτι
1126 2026 1161 2093 ἡ
1218 2026 1548 2105 μακροθδμία
1607 2038 1696 2087 τοῦ
1750 2018 1992 2109 Ἀϐραὰμ

344 2114 561 2182 ἐποίησέ
601 2134 701 2194 τι;
742 2136 764 2169 α
822 2113 1085 2194 Ἐπέτυχε
1137 2120 1234 2190 τῇς
1278 2114 1621 2193 ἐπαγγελίας.
1663 2141 1686 2174 υ
1726 2120 1905 2177 Καίτοι
1937 2122 1990 2177 ἐν

348 2204 427 2277 τῷ
494 2203 631 2261 τέλει
699 2206 875 2282 λέγει,
933 2203 1014 2261 ὅτι
1071 2205 1210 2260 οὗτοι
1268 2204 1459 2268 πάντες
1516 2207 1774 2284 πορῥωθεν
1834 2211 1991 2273 αὐτας

349 2290 542 2350 ἰδόντες
584 2294 667 2350 καὶ
722 2293 1110 2369 ἀσπασάμενοι,
1168 2293 1262 2349 οὐκ
1303 2291 1617 2369 ἐκομίσαντο
1676 2298 1770 2359 τὰς
1829 2297 1989 2377 ἐπαγ-

348 2382 549 2463 γελίας,
582 2382 672 2439 ἴνα
702 2384 779 2458 μὴ
822 2384 989 2463 χωρὶς
1033 2382 1188 2457 ἡμῶν
1214 2380 1553 2445 τελειωθῶσι,
1590 2390 1710 2451 Πῶς
1760 2387 1846 2444 οὖν
1892 2386 1993 2444 ὦδε

347 2473 521 2553 φησὶν,
561 2469 823 2552 Ἐπέτυχε
851 2476 951 2539 τῆς
982 2470 1301 2549 ἐπαγγελίας
1339 2491 1354 2552 ;
1411 2472 1512 2531 Καί
1538 2495 1733 2552 φαμεν,
1766 2478 1844 2551 μὴ
1874 2476 1993 2558 περὶ

346 2567 448 2617 τῶν
476 2560 648 2619 αὐτῶν
679 2562 941 2640 εἰρηκέναι
972 2560 1148 2618 αὐτόν.
1209 2561 1286 2619 Τὰ
1334 2561 1428 2636 μὲν
1478 2562 1577 2641 γὰρ
1606 2566 1823 2621 ἐνταῦθα
1853 2569 1994 2641 αὗτῷ

341 2648 558 2731 δέδωκε,
593 2651 713 2727 περὶ
742 2654 816 2706 ὧν
848 2660 937 2709 νῦν
968 2650 1094 2705 εἷπε
1129 2665 1142 2679 ·
1205 2650 1271 2705 τὰ
1312 2646 1368 2705 δὲ
1398 2648 1534 2721 ἐκεῖ,
1567 2649 1836 2729 φυλάττει,
1868 2654 1991 2733 περὶ

338 2743 413 2796 ὧν
455 2741 509 2798 ἐν
538 2748 617 2815 τῷ
652 2739 794 2797 τέλει
835 2744 934 2806 τῆς
966 2736 1290 2805 Ἐπιστολῆς
1348 2737 1489 2818 λέγει
1580 2758 1609 2798 (
1668 2742 1767 2799 Καὶ
1815 2743 1991 2810 πάσης

339 2830 521 2895 αὖτοῗς
564 2828 869 2906 ἀντιλογίας
890 2828 1075 2905 πέρας.
1103 2848 1133 2887 )
1172 2828 1273 2886 Καὶ
1299 2828 1461 2907 πέρας
1493 2830 1668 2897 πάσης
1689 2830 1991 2910 ἀντιλογίας

337 2921 422 2976 καὶ
450 2917 908 3000 ἀμφισϐητήσεως
954 2920 1028 2982 εἰς
1070 2918 1132 2975 τὸ
1161 2915 1449 2995 βεϐαιῶσαι
1479 2919 1545 2975 τὰ
1573 2917 1835 2998 λεγόμενα
1866 2920 1989 3001 παρ’

336 3013 515 3089 αὐτοῦ,
547 3009 690 3065 ἐστὶν
721 3011 750 3066 6
794 3008 971 3088 ὅρκος.

425 3212 447 3242 ιι
523 3186 614 3245 Ἐν
676 3191 723 3264 ᾧ
777 3188 1148 3267 περισσότερον
1204 3186 1526 3265 βουλόμενος
1583 3189 1611 3243 6
1670 3189 1800 3251 Θεὸς
1866 3188 1988 3245 ἐπι-

335 3276 505 3342 δεῖξαι
562 3291 684 3341 τοῖς
739 3277 1091 3356 κληρονόμοις
1169 3283 1269 3344 τῆς
1348 3274 1671 3355 ἐπαγγελίας
1729 3279 1791 3334 τὸ
1849 3278 1988 3355 ἀμε-

335 3367 555 3424 τάθετον
667 3371 767 3434 τῆς
862 3365 1058 3443 βουλῆς
1142 3368 1326 3445 αὐτοῦ,
1411 3364 1744 3441 ἐμεσίτευσεν
1827 3364 1987 3445 ὅρκῳ,

336 3456 428 3512 ἳνα
482 3454 568 3513 διὰ
625 3454 714 3513 δύο
791 3456 1120 3535 πραγμάτων
1179 3455 1537 3534 ἀμεταθέτων,
1598 3454 1651 3510 ἐν
1709 3459 1797 3518 οἷς
1867 3454 1991 3512 ἀδύ-

337 3568 493 3603 νατον
617 3547 903 3621 ψεύσασθαι
1029 3546 1183 3621 Θεὸν,
1308 3544 1529 3626 ἰσχυρὰν
1655 3544 1991 3623 παράκλησιν

333 3635 552 3715 ἔχωμεν
641 3638 688 3714 pi
771 3635 1159 3714 καταφυγόντες
1242 3640 1504 3715 κρατῆσαι
1586 3638 1683 3701 τῆς
1768 3656 1986 3713 προκει-

330 3724 497 3800 μένης
556 3723 792 3804 ἐλπίδος,
876 3725 943 3792 ἣν
1017 3726 1091 3789 ὡς
1148 3723 1377 3805 ἄγκυραν
1434 3721 1637 3804 ἔχομεν
1709 3728 1807 3791 τῆς
1878 3729 1987 3801 ψυ-

329 3821 463 3897 χῆς,
550 3813 767 3894 ἀσφαλῆ
822 3836 880 3871 τε
949 3817 1039 3871 καὶ
1120 3814 1356 3890 βεϐαίαν,
1443 3814 1532 3869 καὶ
1601 3812 1987 3894 εἰσερχομένην

329 3909 404 3970 εἰς
476 3907 539 3961 τὸ
623 3904 879 3983 ’ἐσώτερον
948 3910 1042 3961 τοῦ
1095 3902 1598 3979 καταπετάσματος,
1661 3899 1794 3960 ὅπου
1849 3903 1988 3981 πρό-

327 3993 522 4075 δρομος
608 3995 741 4072 ὑπὲρ
834 3994 990 4067 ἡμῶν
1086 3991 1324 4059 εἰσῆλθεν
1410 3992 1612 4058 Ἰησοῦς
1696 3991 1832 4046 κατά
1888 3992 1987 4059 τὴν

1371 4082 1657 4160 γενόμενος
1744 4077 1852 4147 εἰς’
1897 4084 1989 4137 τὸν

330 4083 474 4150 τάξιν
575 4081 919 4162 Μελχισεδὲχ
1006 4083 1287 4163 ἀρχιερεὺς

337 4175 522 4232 αἰῶνα.
561 4197 590 4228 ι

423 4251 574 4319 ’Ἔδει
606 4264 703 4337 μὲν
751 4261 863 4334 οὖν,
910 4261 1062 4340 φησὶ,
1124 4263 1211 4318 καὶ
1255 4262 1423 4341 χωρὶς
1466 4260 1622 4340 ὅρκου
1651 4264 1990 4329 πιστευθῆναι
2016 4297 2058 4346 D

338 4350 785 4429 ἐπαγγειλάμενον
816 4352 907 4407 τὸν
942 4352 1095 4431 Θεὸν,
1144 4350 1198 4406 ἐν
1301 4348 1355 4407 δὲ
1400 4350 1775 4429 περισσότερον
1804 4350 1994 4427 βουλό-

339 4459 494 4513 μενος
526 4441 553 4495 6
585 4441 714 4504 Θεὸς
743 4435 862 4496 τόδε
911 4460 962 4494 τι
1004 4444 1249 4509 ποιῆσαι,
1313 4439 1644 4514 ἐμεσίτευσεν
1698 4437 1839 4514 ὅρκῳ
1895 4440 1994 4507 τὴν

334 4528 647 4608 ὑπόσχεσιν,
686 4552 713 4583 α
761 4525 1053 4594 Ἐπιδεϊξαι
1082 4541 1200 4592 τοῗς
1230 4527 1608 4608 κληρονόμοις.
1651 4551 1675 4586 υ
1715 4519 1872 4585 Ἦλθε
1906 4540 1993 4594 καὶ

334 4618 407 4681 εἷς
432 4607 598 4693 ἡμᾶς.
636 4607 828 4693 Ἡμεῖς
870 4618 969 4698 γὰρ
1022 4620 1069 4675 οἱ
1123 4607 1450 4696 κληρονόμοι
1509 4620 1608 4685 τῆς
1670 4616 1992 4696 ἐπαγγελίας

334 4710 381 4765 οἱ
424 4705 543 4764 κατ’
571 4706 889 4787 ἐπαγγελίαν
937 4708 1148 4786 σπέρμα
1205 4706 1350 4772 ὄντες
1393 4714 1469 4781 τῷ
1497 4705 1738 4785 Ἀϐραάμ
1766 4723 1780 4736 ·
1839 4709 1883 4787 εἰ
1938 4706 1993 4763 δὲ

330 4796 568 4875 σπέρμα,
614 4798 703 4853 καὶ
724 4786 1072 4876 κληρονόμοι.
1109 4820 1129 4850 ο
1168 4796 1532 4872 Ἐμεσίτευσεν
1576 4794 1738 4874 ὅρκῳ.
1779 4821 1806 4851 ι
1847 4786 1994 4875 υΟρσι

326 4888 379 4944 τί
421 4886 825 4957 κατασκευάζει.
863 4875 993 4945 υΟτι
1023 4889 1052 4943 6
1112 4888 1229 4952 Υἱὸς
1271 4884 1452 4943 ἔκτοτε
1501 4886 1722 4962 μεσίτης
1762 4885 1833 4953 ἦν
1865 4893 1995 4942 Θεοῦ

2072 1840 2300 1931 dicens.
2343 1849 2519 1910 «Vivo
2542 1867 2650 1930 ego
2674 1850 2819 1913 dicit
2833 1851 3218 1931 Dominus-31,
3251 1875 3274 1910 ι)
3304 1848 3497 1929 inquit
3523 1848 3719 1911 :Nisi.

2068 1928 2194 1991 Hoc
2225 1942 2336 2011 est,
2373 1939 2527 1999 Vere
2549 1928 2915 2003 benedicens
2948 1928 3298 2002 benedicam
3331 1928 3462 2001 tibi.
3494 1936 3724 2015 «Atque

2074 2020 2155 2083 ita
2180 2042 2313 2084 cum
2347 2027 2641 2106 patienter
2672 2037 3093 2110 exspectasset.
3144 2054 3164 2084 ι
3204 2028 3388 2090 Vides
3417 2025 3559 2108 quid
3588 2024 3727 2086 lon-

2075 2112 2387 2191 ganimitas
2437 2116 2733 2179 Abraham
2795 2118 3105 2181 cﬂ‘ecerit?
3156 2138 3182 2177 ι
3217 2120 3587 2187 Consecutus
3639 2118 3733 2175 est

2078 2202 2461 2282 promissum.
2496 2231 2519 2263 υ
2583 2207 2714 2268 561
2780 2208 2957 2289 Atqui
3016 2208 3076 2269 in
3110 2208 3228 2269 ﬁne
3279 2206 3445 2281 dicit,
3479 2203 3638 2286 quod
3668 2200 3733 2264 hi

2077 2310 2287 2353 omnes
2319 2296 2526 2373 procul
2548 2296 2819 2359 viderunt
2837 2306 2893 2360 et
2909 2298 3245 2360 salutarunt
3275 2295 3728 2379 promissiones,

2078 2390 2134 2441 at
2162 2400 2279 2441 non
2310 2394 2779 2465 acceperuntne
2800 2388 2929 2449 siue
2956 2387 3129 2449 nobis
3146 2390 3729 2456 consummarentur;

2077 2478 2376 2551 quomodo
2407 2492 2550 2555 ergo
2584 2476 2666 2537 ait
2688 2478 2947 2540 hocloco
2977 2481 3341 2541 Consecutus
3363 2482 3453 2537 est
3472 2471 3734 2555 promis-

2077 2559 2350 2622 sionem?
2381 2561 2644 2627 Dicimus
2674 2566 2829 2647 quod
2862 2583 2981 2628 non
3012 2566 3086 2628 de
3106 2565 3222 2627 illis
3253 2565 3507 2628 dixerit:
3535 2558 3737 2643 Siqui-

2078 2649 2215 2710 dem
2254 2654 2566 2727 prassentia
2594 2654 2707 2736 ipsi
2739 2656 2931 2734 dedit,
2966 2656 3042 2717 de
3072 2655 3287 2737 quibus
3319 2654 3417 2717 hic
3438 2652 3723 2736 loquitur,

2076 2737 2274 2799 futura
2306 2757 2441 2801 vero
2474 2752 2667 2804 servat
2694 2744 2769 2806 de
2817 2744 3035 2824 quibus
3066 2744 3127 2805 in
3177 2743 3297 2805 ﬁne
3326 2743 3610 2822 Epistolas
3638 2741 3731 2802 lo-

2075 2826 2295 2906 quitur.
2327 2853 2350 2884 a
2391 2834 2584 2912 Atque
2615 2833 2822 2895 iisdem
2851 2833 3046 2894 omnis
3075 2832 3497 2895 controversias
3525 2830 3721 2894 ﬁnis.)

2076 2914 2359 2997 Finisque
2403 2920 2598 2982 omnis
2642 2922 3059 2984 controversias
3108 2940 3176 2983 ac
3206 2920 3627 3001 contentionis,
3662 2928 3728 2983 ut

2009 3002 2048 3053 C
2074 3005 2589 3071 conﬁrmationem
2620 3011 2914 3093 accipiant
2937 3031 3070 3093 quae
3093 3011 3167 3073 ab
3189 3011 3393 3092 aliquo
3424 3010 3727 3088 dicuntur,

2076 3100 2164 3153 est
2184 3094 2636 3175 jusjurandum.

2157 3181 2257 3260 VI,
2305 3186 2508 3251 17-20.
2545 3188 2685 3264 Qua
2712 3190 2778 3254 in
2808 3208 2873 3253 re
2918 3195 3082 3255 Deus
3118 3210 3259 3255 cum
3300 3192 3526 3253 eximie
3552 3187 3734 3253 vellet

2078 3271 2425 3337 haeredibus
2496 3282 2919 3357 promissionis
2999 3282 3315 3345 ostendere
3378 3280 3734 3361 ﬁrmitatem

2078 3362 2323 3425 consilii
2352 3367 2475 3436 sui,
2528 3369 2837 3431 mediator
2877 3369 3001 3450 fuit
3014 3370 3473 3450 jurejurando:
3508 3374 3576 3429 ut
3616 3383 3737 3448 per

2076 3452 2235 3513 duas
2265 3472 2364 3516 res
2411 3457 2845 3535 immutabites,
2879 3463 2945 3523 in
2977 3463 3195 3542 quibus
3223 3462 3359 3543 ﬁeri
3387 3477 3513 3522 non
3536 3463 3737 3538 posset

2077 3546 2142 3629 ut
2168 3550 2534 3606 mentiretur
2562 3546 2751 3629 Deus,
2803 3549 3076 3613 validam
3128 3549 3588 3614 consolationem
3616 3546 3735 3609 ha-

2076 3627 2344 3712 beamus,
2377 3636 2481 3712 qui
2506 3627 2894 3717 confugimus
2922 3647 2987 3701 ut
3018 3650 3327 3701 teneamus
3348 3637 3731 3718 prapositam

2070 3736 2237 3798 spem
2269 3738 2284 3782 :
2309 3738 2497 3800 quam
2516 3724 2678 3785 velut
2700 3727 3038 3789 uncharum
3064 3734 3336 3790 tenemus
3358 3728 3734 3788 animatum

2074 3816 2293 3884 tutam,
2332 3821 2460 3873 tum
2509 3812 2777 3892 ﬁrmam,
2811 3824 2867 3878 et
2895 3819 3302 3879 introeuntem
3331 3832 3523 3894 usque
3557 3812 3639 3875 ad
3667 3811 3736 3875 id

2073 3898 2234 3977 quod
2282 3906 2370 3962 est
2430 3903 2598 3964 intra
2628 3903 2853 3979 velum,
2896 3906 3004 3967 ubi
3023 3921 3373 3986 praecursar
3414 3920 3532 3983 pro
3561 3900 3736 3965 nobis

2073 3992 2380 4068 ingressus
2409 3999 2495 4054 est
2541 3993 2740 4069 Jesus,
2765 3997 2957 4073 juxta
2984 3995 3259 4058 ordinem
3293 3989 3733 4056 Melchisedech

2069 4078 2349 4156 pontifex
2379 4082 2582 4159 factus
2613 4088 2679 4143 in
2708 4092 3027 4147 aeternum.

2157 4244 2435 4327 Oportuit
2491 4270 2635 4316 sane
2698 4253 2873 4317 etiam
2930 4255 3155 4337 absque
3178 4255 3518 4336 juramento
3547 4251 3730 4315 ﬁdem

2076 4339 2351 4403 adhiberi
2373 4340 2527 4419 Deo;
2555 4362 2758 4405 verum
2789 4344 2852 4409 in
2877 4346 2989 4408 hac
3004 4364 3071 4409 re
3095 4343 3507 4407 vehementius
3525 4341 3734 4404 volens

2078 4431 2190 4492 hoc
2250 4431 2514 4507 efﬁcere,
2575 4434 2869 4496 mediator
2923 4436 3032 4497 fuit
3081 4434 3401 4517 jejurando
3460 4434 3531 4496 ad
3591 4448 3736 4512 pro-

2080 4519 2449 4583 missionem.
2496 4547 2515 4577 ι
2579 4521 2939 4587 Haeredibus
2980 4526 3319 4588 ostendere.
3361 4548 3383 4581 ρ
3436 4522 3629 4585 Etiam
3658 4519 3734 4583 ad

2079 4628 2193 4671 nos
2224 4611 2555 4676 descendit.
2597 4611 2716 4674 Nos
2748 4616 2906 4677 enim
2934 4633 3140 4677 sumus
3168 4613 3444 4678 baeredes
3476 4609 3736 4693 promis-

2079 4697 2287 4773 sionis,
2323 4699 2423 4780 qui
2456 4718 2563 4781 per
2591 4703 2964 4780 evangelium
2990 4722 3199 4766 semen
3228 4702 3486 4765 Abrahae
3501 4715 3729 4761 sumus:

2078 4789 2234 4867 quod
2267 4788 2319 4849 si
2351 4807 2580 4869 semen,
2612 4792 2790 4854 etiam
2816 4793 3110 4855 baaredes.
3144 4790 3465 4854 «Mediator
3492 4788 3605 4850 fuit
3626 4787 3732 4867 ju-

2080 4878 2427 4958 rejurando.
2460 4906 2482 4934 υ
2523 4879 2672 4942 Vide
2698 4881 2841 4961 quid
2876 4890 3121 4945 astruat.
3154 4881 3320 4955 Quod
3345 4879 3532 4942 Filius
3553 4876 3733 4939 etiam

329 4979 420 5033 καὶ
463 4976 752 5055 ἀνθρώπων
801 4976 1033 5055 (καὶγὰρ
1079 4977 1167 5032 καὶ
1196 4983 1283 5033 νῦν
1330 4977 1548 5051 μεσίτης
1586 4974 1803 5053 γέγονεν
1846 4974 1900 5030 ἐν
1930 4973 1991 5050 τῇ

2083 4976 2223 5029 tunc
2257 4968 2551 5030 mediator
2606 4978 2733 5031 erat
2764 4972 2871 5034 Dei
2903 4978 2963 5033 et
3005 4972 3314 5033 hominum
3351 4988 3365 5027 :
3402 4966 3735 5050 (Siquidem

332 5065 751 5137 ἐνανθρωπήσει)
786 5083 800 5096 ⁸
859 5066 949 5121 καὶ
1002 5064 1122 5121 τότε
1188 5064 1490 5141 ἐμεσίτευσε
1549 5070 1626 5138 τῷ
1687 5065 1853 5142 Πατρὶ
1910 5068 1991 5123 καὶ

2084 5076 2241 5119 nunc
2272 5076 2505 5139 quoque
2537 5059 2829 5121 mediator
2852 5061 3042 5122 factus
3073 5067 3163 5122 est
3183 5060 3246 5121 in
3275 5055 3739 5135 incarnatione,)

331 5163 411 5231 τῷ
480 5152 726 5232 Ἀϐραὰμ
782 5151 922 5233 ὅρκῳ
977 5153 1132 5211 αὖτὸν
1194 5152 1607 5235 πληροφορήσας
1646 5173 1659 5186 ·
1720 5156 1747 5210 ὁ
1821 5152 1991 5231 Λόγος

2084 5153 2142 5207 et
2173 5154 2310 5208 tunc
2370 5146 2663 5209 mediator
2720 5148 2833 5211 fuit
2891 5149 3055 5211 inter
3082 5148 3315 5211 Patrem
3347 5156 3406 5210 et
3434 5146 3736 5210 Abraham

328 5247 430 5325 γὰρ
480 5244 549 5312 ἧν
606 5246 634 5300 6
691 5244 779 5301 καὶ
834 5243 918 5299 ἐπὶ
969 5240 1208 5323 Ἀϐραὰμ
1281 5247 1369 5301 καὶ
1428 5242 1604 5300 λαλῶν
1662 5244 1750 5300 καὶ
1806 5244 1989 5317 ὀμνύς.

2082 5235 2482 5325 jurejurando,
2516 5236 2709 5318 ipsum
2753 5238 3011 5300 reddens
3033 5238 3351 5302 certiorem
3398 5255 3412 5300 :
3470 5235 3736 5299 Verbum

332 5323 520 5398 Καλῶς
574 5330 629 5389 δὲ
673 5331 790 5412 ἔχει
829 5332 864 5399 ἡ
912 5330 1085 5387 ἔννοια
1146 5332 1243 5399 τῆς
1310 5331 1616 5407 ἑρμηνείας,
1676 5329 1769 5387 ’ἕνα
1826 5330 1991 5393 οὕτως

2082 5323 2239 5386 enim
2273 5333 2400 5386 erat
2456 5325 2508 5388 is
2560 5327 2663 5407 qui
2715 5328 2790 5389 ad
2849 5327 3148 5391 Abraham
3199 5337 3257 5390 et
3291 5325 3650 5408 loquebatur
3680 5331 3742 5387 et

323 5422 379 5499 ᾖ.
415 5413 473 5480 Ὀ
504 5425 656 5502 Θεὸς,
708 5422 1000 5499 τουτέστιν,
1056 5422 1084 5476 6
1140 5421 1310 5501 Λόγος
1362 5418 1621 5486 ἐπιδεῖξαι
1670 5418 1991 5496 βουλόμεπος

2082 5413 2332 5494 iurabat.
2358 5414 2541 5478 Recte
2570 5425 2772 5480 autem
2798 5416 2979 5480 habet
3009 5418 3353 5481 intellectus
3375 5417 3739 5496 interpreta-

406 5590 457 5635 ³1
491 5592 644 5656 Gen.
678 5605 829 5669 χχιι,
870 5588 961 5653 16.
