4132 6432
412 378 531 445 343
1536 326 1949 441 cucumam
1999 373 2293 436 Taleae
2334 377 2672 441 EPISCOPI
3700 375 3822 445 344

410 510 688 587 tionis,ut
716 507 800 572 ita
844 508 925 571 sit
971 525 1232 571 sensus:
1275 511 1452 584 Deus,
1512 508 1627 569 hoc
1658 514 1749 569 est
1778 505 2069 588 Verbum,

2171 510 2217 565 :6
2273 509 2592 586 ἀμετάθετον
2638 517 2745 569 τῶν
2814 518 2891 587 τῷ
2935 515 3097 593 Πατρὶ
3166 509 3450 587 δοξάντων,
3511 508 3821 588 ἐμεσίτευσε

412 597 961 662 immutabilitatem
991 596 1309 660 ostendere
1338 596 1543 659 volens
1576 614 1779 658 eorum
1805 616 1937 677 quae
1969 600 2078 659 Pa-

2171 602 2238 673 τῷ
2270 602 2431 680 Πατρὶ
2486 603 2575 658 καὶ
2630 604 2692 659 τὸ
2753 599 2997 682 Ἀϐραὰμ
3051 602 3214 682 ὅρκῴ,
3274 601 3535 677 τουτέστι,
3592 604 3822 679 μεσίτης

411 688 492 752 tri
518 688 644 751 visa
664 695 829 761 sunt,
855 686 1151 750 mediator
1171 686 1283 749 fuit
1302 686 1461 749 inter
1479 685 1668 748 Deum
1697 697 1757 747 et
1776 685 2077 750 Abraham

2171 686 2216 743 ἓν
2259 695 2337 763 τῷ
2366 688 2508 769 ὅρκῳ
2535 689 2741 769 γέγονε.
2793 688 3079 771 Διέμαῦτοῦ
3120 692 3220 771 γὰρ
3263 692 3335 756 ὡς
3384 691 3580 770 Λόγου,
3617 689 3824 767 ὤμνυεν

405 776 857 859 jurejurando:
904 776 1019 838 hoc
1038 784 1128 838 est
1179 777 1470 839 mediator
1488 774 1548 837 in
1563 775 1959 856 jurejurando
1990 776 2081 837 fa-

2171 779 2191 833 6
2234 779 2361 841 Θεὸς
2395 768 2483 834 καὶ
2527 768 2734 857 Πατήρ.
2773 799 2797 835 ε
2867 768 2990 836 Ἵνα
3030 768 3231 836 διὰήδόο
3260 768 3611 858 πραγμάτων,
3651 800 3675 836 ε
3717 780 3822 835 Δύο

413 874 545 929 ctus
575 877 683 928 est.
719 868 836 929 Per
864 865 1062 946 ipsum
1086 864 1247 927 enim
1280 872 1556 945 tanquam
1581 882 1688 945 per
1712 862 1971 926 Verbum
1984 866 2078 946 ju-

2171 866 2262 945 γὰρ
2304 866 2371 934 ἦν
2413 867 2642 945 μέγιστα
2705 867 2825 925 τότε
2888 867 3297 947 ἐπαγγείλασθαι
3367 869 3460 923 τὸν
3535 870 3689 945 Θεὸν,
3734 870 3826 925 καὶ

413 956 565 1019 ravit
590 955 752 1019 Deus
776 963 835 1017 et
862 954 1062 1017 Pater.
1092 977 1118 1009 α
1147 953 1224 1017 Ut
1257 972 1365 1035 per
1392 953 1538 1016 duas
1562 971 1720 1017 res»
1758 953 1884 1015 Duo
1917 955 2076 1015 enim

2171 956 2221 1009 τὸ
2287 956 2378 1010 τὸν
2424 954 2579 1035 ὅρκον
2635 959 2941 1037 προσθεῖναι
2999 962 3067 1024 τῆ
3111 955 3425 1035 ἐπαγγελίᾳ,
3485 981 3510 1013 α
3586 956 3677 1015 Ἐν
3731 961 3819 1023 οἷς

417 1044 677 1108 maxima
730 1045 998 1127 quaedam
1057 1053 1247 1120 erant,
1313 1053 1451 1106 tunc
1484 1042 1829 1124 promisisse
1859 1042 2076 1123 Deum,

2171 1041 2424 1101 ὶδύνατον.
2468 1068 2493 1099 a
2544 1042 2641 1103 Ἐκ
2667 1049 2776 1121 οἷς,
2810 1046 2898 1102 καὶ
2925 1043 2996 1101 δι⁴⁹
3043 1048 3116 1103 ὧν
3160 1046 3510 1126 πραγμάτων,
3573 1068 3603 1102 ι
3640 1045 3823 1126 ἰσχυ-

416 1135 558 1197 562
611 1148 668 1197 ει
694 1134 1120 1215 jusjurandum
1153 1133 1537 1215 promissioni
1571 1132 1752 1194 fuisse
1783 1133 2074 1212 additum,

2171 1133 2252 1189 Dav
2282 1131 2618 1211 παράκλησιν
2674 1133 2916 1214 ἔχωμεν,
2982 1157 3007 1193 ε
3068 1136 3408 1215 προτροπήν.
3462 1158 3490 1191 α
3550 1138 3612 1194 Οἱ
3640 1158 3816 1192 κατα-

422 1248 453 1282 (
484 1224 553 1287 In
607 1224 823 1306 quibus
879 1222 1011 1285 ﬁeri
1061 1242 1178 1285 non
1212 1236 1438 1303 posset.
1476 1246 1498 1279 ι
1533 1220 1600 1283 In
1631 1220 1853 1295 quibus
1887 1229 1946 1282 et
1976 1238 2082 1301 per

2171 1220 2437 1300 φυγόντες.
2504 1244 2527 1280 ι
2579 1224 2666 1287 Εἷς
2710 1224 2889 1300 αὐτὸν,
2964 1225 3117 1305 φησί,
3198 1247 3220 1279 ι
3290 1224 3583 1304 Κρατῆσαι,
3650 1225 3817 1304 ἴσχυ-

416 1332 565 1396 quas
592 1311 1029 1376 res.«Validam
1051 1312 1521 1375 consolationem
1554 1309 2078 1372 habeamus.»Hoc

2171 1310 2255 1387 εὰν
2296 1310 2632 1389 παράκλησιν
2691 1312 2905 1393 ἔχωμεν
2977 1316 3050 1378 εἶς
3121 1315 3182 1370 τὸ
3223 1318 3482 1393 κρατῆσαι
3540 1314 3649 1391 τῆς
3670 1334 3810 1391 προ-

417 1411 508 1465 εει
537 1420 647 1483 per
670 1401 1169 1465 exhortationem.
1227 1399 1373 1473 «Qui
1399 1399 1794 1478 confugimus,
1813 1426 1835 1455 ιι
1862 1417 2079 1480 nempe

2171 1399 2410 1475 ιειμένης
2469 1400 2700 1465 ἐλπίδος,
2753 1400 2873 1460 Ἀπ’
2947 1402 3183 1478 ἐκείνων,
3260 1404 3413 1484 φησὶ,
3494 1404 3598 1459 τῶν
3682 1403 3817 1480 πρὸς

417 1489 492 1552 ad
520 1490 862 1572 ipsumuUt
894 1498 1268 1552 teneamus.»
1296 1487 1562 1549 Validam
1599 1486 2078 1550 exhortationem

2171 1485 2403 1568 ’Λϐραὰμ
2433 1490 2748 1570 εἰρημένων,
2823 1496 3173 1569 πιστυθῶμεν
3243 1493 3331 1548 καὶ
3385 1492 3515 1572 πρὸς
3573 1492 3639 1548 τὰ
3678 1490 3819 1567 μέλ-

417 1578 746 1641 habeamus
774 1579 847 1641 ad
879 1577 1207 1640 tenendum
1234 1576 1597 1659 propositam
1623 1575 2074 1657 spem.Abillis,

416 1667 634 1749 inquit,
668 1686 799 1748 quae
825 1667 898 1729 ad
947 1666 1243 1729 Abraham
1296 1665 1458 1727 dicta
1484 1673 1621 1727 sunt
1651 1665 2076 1727 conﬁrmemur

418 1755 600 1818 etiam
613 1755 685 1817 ad
711 1773 781 1817 ea
802 1773 935 1837 quae
952 1755 1150 1817 futura
1164 1763 1303 1818 sunt
1324 1764 1381 1817 et
1396 1754 1471 1816 ad
1491 1773 1742 1834 regnum
1763 1755 2072 1816 caelorum.

417 1846 569 1908 Nam
600 1844 727 1906 haec
756 1818 846 1906 esi
896 1861 1034 1925 spes
1067 1852 1289 1918 nostra,
1346 1862 1479 1924 quae
1526 1818 1687 1905 nunc
1719 1842 1960 1925 quidem
2013 1842 2076 1903 in
2098 1818 2137 1866 Β

416 1952 527 2015 spe
581 1932 886 2015 proposita
915 1941 1028 2009 est,
1062 1942 1202 1995 tunc
1250 1941 1447 1996 autem
1475 1951 1544 1994 re
1581 1932 1713 2013 ipsa
1743 1939 2073 2011 continget,

416 2030 696 2104 tanquam
723 2023 957 2085 diceret
983 2044 999 2084 :
1034 2022 1121 2086 Ab
1148 2023 1267 2084 illis
1296 2023 1422 2085 haec
1455 2020 2081 2096 conﬁrmabantur,ibi

418 2130 554 2194 quae
583 2112 814 2175 dixerat
874 2112 1170 2193 praestitit,
1206 2120 1272 2173 ut
1326 2112 1388 2173 in
1422 2111 1552 2173 istis
1584 2111 1732 2174 ﬁdes
1764 2110 1881 2192 ipsi
1907 2110 2079 2173 adhi—

413 2201 681 2265 beretur.
716 2202 833 2264 Aut
857 2201 1016 2282 quod
1061 2219 1168 2283 per
1188 2202 1304 2263 hoc
1326 2209 1467 2262 tunc
1483 2200 1704 2280 juravit
1735 2209 1796 2261 ut
1828 2218 1987 2260 nunc
2008 2199 2084 2260 de

421 2288 636 2353 futuris
654 2289 1253 2353 crederemusznihil
1275 2290 1461 2366 enim,
1507 2289 1720 2369 inquit,
1758 2297 1896 2350 tunc
1924 2288 2082 2350 aliud

430 2386 603 2442 erant
629 2396 762 2460 quae
817 2397 953 2442 cum
996 2379 1354 2460 juramentis
1379 2378 1879 2459 promittebantur
1908 2396 2081 2459 quam

425 2467 627 2531 futura
653 2486 795 2548 spes
822 2468 1113 2533 ﬁdelium.
1149 2492 1171 2526 ιι
1206 2468 1393 2541 Quam
1420 2468 1580 2531 velut
1609 2486 1886 2531 ancoram
1911 2475 2084 2529 tene-

431 2573 587 2631 mus,
623 2580 651 2613 ι
687 2574 820 2637 quas
847 2563 1125 2619 nutantes
1173 2555 1527 2618 sistitnaves
1552 2573 1565 2619 :
1591 2563 1649 2617 et
1676 2556 1757 2618 ita
1787 2574 1945 2636 spes,
1984 2574 2086 2616 eos

428 2643 530 2726 qui
544 2644 820 2708 vacillant
840 2647 901 2706 in
930 2645 1357 2708 tentationibus
1368 2654 1427 2707 et
1458 2645 2087 2725 amictionibus,fortes

2159 1575 2347 1651 λοντα,
2379 1581 2466 1635 καὶ
2495 1581 2591 1647 τὴν
2623 1579 2889 1657 βασιλείαν
2933 1588 3039 1638 τῶν
3110 1586 3368 1662 οὖρανῶν,
3426 1580 3570 1648 Αὕτη
3628 1582 3728 1660 γὰρ
3781 1583 3817 1649 ἡ

2159 1664 2305 1732 ἐλπὶς
2349 1669 2527 1749 ἡμῶν,
2580 1672 2616 1738 ἡ
2672 1676 2760 1726 νῦν
2820 1672 2918 1746 μὲν
2960 1671 3013 1727 ἐν
3058 1670 3224 1728 ἐλπίδι
3280 1670 3625 1750 προκειμένη,
3698 1670 3821 1727 τότε

2166 1755 2214 1812 δὲ
2284 1756 2648 1840 ἒκϐησομένη,
2722 1764 2847 1819 ὡσεὶ
2922 1762 3101 1842 ἔλεγεν
3136 1768 3152 1794 ⁶
3190 1759 3317 1828 ’Ἐξ
3371 1762 3584 1818 ἐκείνων
3648 1768 3818 1818 ταῦτα

2160 1844 2465 1926 ἐπισῖοῦτο.
2511 1848 2661 1907 Ἐκεῖ
2690 1850 3000 1926 ἠλήθευσεν,
3060 1852 3153 1908 ’ἕνα
3195 1852 3248 1908 ἐν
3306 1852 3510 1914 τούτοις
3582 1863 3815 1909 πτστευ-

2158 1939 2245 2012 θῇ.
2299 1916 2357 1994 Ἠ
2387 1936 2466 1993 ὅτι
2518 1937 2602 1997 διὰ
2643 1943 2798 1997 τοῦτο
2853 1941 3032 2017 ὤμοσε
3092 1942 3236 2016 τότε,
3296 1941 3388 1997 ἵνα
3449 1947 3533 1996 νῦν
3565 1941 3819 2018 περὶτῶν

2164 2023 2470 2100 μελλόντων
2513 2029 2902 2104 πιστεύσωμεν,
2950 2027 3108 2087 053%»;
3161 2031 3259 2108 γὰρ
3307 2028 3372 2098 ἦν
3428 2028 3628 2107 ἕτερον,
3661 2028 3818 2108 φησὶ,

2161 2115 2249 2170 καὶ
2289 2115 2357 2171 τὰ
2397 2116 2516 2173 τότε
2575 2118 2691 2193 μεθ’
2749 2118 2919 2198 ὅρκων
2974 2118 3437 2197 ἐπαγγελλόμενα,
3486 2117 3524 2186 ἢ
3595 2119 3629 2185 ἡ
3684 2115 3820 2191 μέλ-

2165 2202 2326 2261 λουσα
2370 2203 2517 2271 ἐλπὶς
2560 2213 2665 2263 τῶν
2721 2213 2946 2269 πιστῶν.
3002 2232 3023 2264 ε
3111 2215 3187 2265 Ην
3242 2211 3316 2271 ὡς
3387 2204 3617 2286 ἄγκυραν
3694 2206 3821 2286 έχο-

2169 2313 2289 2372 μεν,
2325 2316 2352 2348 »
2393 2293 2526 2360 ἥτις
2555 2296 2621 2351 τὰ
2653 2296 2982 2372 σαλευόμενα
3009 2297 3195 2364 ἵστησι
3226 2296 3419 2376 πλοῖα,
3467 2297 3554 2352 καὶ
3596 2296 3629 2363 ἡ
3663 2292 3814 2358 ἐλπὶς

2167 2382 2289 2446 τοὺς
2367 2382 2752 2460 σαλευομένους
2815 2394 2934 2451 τοῦς
2996 2400 3341 2465 πειρασμοῖς,
3401 2383 3662 2464 ἀνδρείους
3726 2385 3816 2440 καὶ

2169 2468 2399 2549 ἑδραίους
2430 2474 2516 2529 καὶ
2548 2475 2968 2551 ὅπομονητικοὺς
3025 2489 3192 2536 ποιεῖ.
3266 2499 3292 2531 ιι
3344 2472 3586 2555 Ἀσφαλῆ
3645 2494 3701 2528 τε
3732 2474 3823 2529 καὶ

2167 2556 2433 2660 βεξῖαιίαν,¹
2471 2583 2494 2619 ιι
2556 2566 2672 2660 ρῦχ
2729 2564 2912 2629 ἁπλῶς
2971 2561 3222 2644 ἄγκυραν,
3270 2562 3406 2621 ἀλλὰ
3461 2563 3547 2621 καὶ
3603 2559 3818 2641 ἀσφαλῆ

2167 2650 2256 2705 καὶ
2284 2647 2520 2725 βεϐαίαν,
2558 2641 2686 2710 “Evt
2740 2657 2857 2734 ,γὰρ
2899 2641 3116 2733 ἄγκυρα
3156 2655 3234 2731 μὴ
3276 2651 3689 2733 διαφυλάττουσα
3759 2652 3821 2707 τὸ

430 2742 490 2796 et
519 2735 723 2797 ﬁrmos
776 2753 846 2797 ac
896 2735 1187 2817 patientes
1238 2735 1441 2798 efﬁcit.
1484 2757 1509 2793 ι
1544 2736 1691 2799 Tum
1741 2742 1926 2797 tutam
1962 2743 2082 2795 tum

2171 2739 2367 2817 σκάφος
2426 2739 2831 2824 ἆκλυδώνιστον,
2895 2742 3022 2801 ὅταν
3078 2743 3114 2820 ᾗ
3183 2742 3468 2822 μικροτέρα
3523 2748 3615 2798 τοῦ
3668 2738 3821 2796 δέον-

425 2824 687 2888 ﬁrmam.
723 2848 751 2881 ι
780 2826 913 2888 Non
935 2824 1412 2906 qualemcunque
1430 2842 1729 2893 ancoram,
1758 2824 1864 2886 sed
1898 2832 1955 2885 et
1984 2832 2081 2886 tu-

2171 2850 2277 2893 τος.
2321 2851 2344 2885 α
2397 2832 2493 2887 Καὶ
2552 2833 2956 2913 εἰσερχομένην.
3010 2855 3035 2891 ι
3103 2824 3227 2892 υΙνα
3280 2835 3456 2908 ἡμῶν,
3515 2830 3696 2911 φησὶν,
3744 2827 3821 2886 ἔτι

427 2920 547 2976 tam
573 2922 636 2976 et
660 2914 1407 2995 ﬁrmam.Contingitenim
1431 2924 1495 2976 ut
1514 2932 1734 2976 ancora
1753 2931 1869 3003 non
1889 2923 2084 2975 servet

2171 2915 2385 2975 ἐνταῦθα
2425 2920 2803 3003 ὑπαρχόντων,
2853 2925 2882 2992 ἡ
2939 2921 3089 2988 ἐλπὶς
3133 2921 3338 2999 εἰσέλθῃ
3396 2922 3468 2985 εἷς
3526 2920 3625 2987 τὴν
3667 2920 3820 2995 βασι-

432 3021 641 3066 navem
672 3021 707 3066 a
737 3010 1086 3085 tempestate
1138 3004 1344 3082 maris,
1379 3004 1429 3065 si
1460 3002 1660 3065 minor
1700 3002 1877 3064 fuerit
1905 3021 2081 3083 quam

2171 3005 2309 3063 λείαν
2357 3015 2462 3065 τῶν
2494 3010 2747 3088 οὗρανῶν,
2789 3002 3094 3089 τουτέστιν,
3142 3012 3234 3068 ἵνα
3278 3023 3399 3075 ταῖς
3458 3007 3662 3066 ἐλπίσιν
3713 3005 3817 3075 ἤδη

435 3099 726 3175 oporteat.
766 3092 872 3155 «Et
900 3093 1322 3157 introeuntem.
1362 3118 1389 3151 n
1426 3092 1501 3156 Ut
1529 3093 1670 3160 dum
1703 3110 1833 3168 nos,
1868 3091 2084 3173 inquit,

2171 3095 2288 3153 ἐκεῖ
2329 3098 2497 3173 ὦμεν.
2555 3090 2699 3180 ιὈρα
2746 3102 2795 3158 τί
2853 3116 3002 3159 ποιεῖ
3041 3104 3075 3171 ἡ
3119 3099 3291 3166 ἐλπίς,
3346 3095 3711 3178 Προλαμϐάνει
3762 3098 3823 3154 τὸ

431 3182 628 3246 adhuc
657 3181 758 3246 hic
788 3200 1023 3259 sumus,
1075 3201 1212 3264 spes
1239 3182 1493 3272 introeat
1523 3182 1584 3272 in
1614 3199 1865 3272 regnum
1896 3182 2084 3272 coelof

2171 3185 2446 3263 ἐσόμενον.
2483 3212 2510 3243 α
2548 3192 2636 3254 Εἰς
2666 3192 2728 3247 τὸ
2754 3191 3008 3272 ἐσώτερον
3064 3198 3157 3248 τοῦ
3224 3188 3726 3262 καταπετάσματος.
3790 3210 3816 3241 ι

426 3289 605 3334 rum:
660 3272 775 3335 hoc
832 3280 944 3347 est,
978 3280 1042 3334 ut
1070 3290 1177 3354 spe
1225 3274 1350 3353 jam
1384 3270 1470 3333 ibi
1514 3271 1723 3333 simus.
1758 3269 1909 3333 Vide
1941 3271 2084 3352 quid

2172 3275 2456 3357 Ἐσῴτερον
2529 3287 2618 3335 τοῦ
2674 3281 3168 3356 καταπετάσματος,
3216 3281 3308 3335 τὸν
3365 3278 3584 3357 οὐρανὸν
3641 3276 3823 3337 καλεῖ.

427 3360 611 3423 faciat
666 3378 828 3442 spes.
887 3353 1265 3443 Prmoccupat
1318 3359 1380 3421 id
1436 3360 1593 3441 quod
1656 3359 1915 3448 futurum
1972 3370 2081 3423 est.

2175 3386 2198 3417 ιι
2239 3353 2422 3422 υΟπου
2449 3365 2745 3447 πρόδρομος
2776 3369 2903 3448 ὅπερ
2932 3353 3110 3444 ἡμῶν.
3146 3391 3173 3424 ι
3206 3368 3317 3448 ,⁵οὖ
3372 3353 3471 3443 γάρ
3501 3363 3663 3439 μόνον
3708 3364 3822 3419 εἷσ-

438 3449 678 3531 συεῳιε
707 3449 781 3511 ad
812 3448 871 3512 id
931 3450 1091 3531 quod
1123 3458 1213 3512 est
1240 3449 1396 3512 intra
1423 3450 1682 3512 velum.»
1719 3447 1783 3510 Id
1813 3448 1969 3530 quod
1998 3458 2088 3510 est

431 3538 591 3601 intra
618 3539 815 3602 velum
860 3538 1013 3602 dicit
1053 3539 1248 3622 ipsum
1275 3540 1516 3602 caelum.
1551 3563 1579 3596 σ
1609 3536 1722 3603 Ubi
1752 3556 2084 3619 praeoursor

428 3646 539 3709 pro
595 3628 791 3692 nobis.
832 3654 860 3688 ι
895 3628 1025 3691 Non
1054 3629 1246 3692 solum
1279 3629 1441 3692 enim
1490 3628 1797 3708 ingressus
1828 3634 1941 3701 est,
1974 3631 2081 3691 sed

430 3735 538 3798 pro
559 3716 734 3781 nobis
750 3718 1060 3800 ingressus
1084 3717 1314 3784 est.Ubi
1331 3726 1527 3782 autem
1544 3725 2085 3799 pracorsornoster

428 3818 524 3871 est
552 3805 886 3886 ingressus,
921 3826 993 3871 eo
1030 3826 1140 3871 nos
1162 3827 1399 3891 quoque
1427 3807 1662 3888 ingredi
1692 3824 1938 3869 necesse
1970 3816 2080 3870 est.

426 3898 546 3959 Aut
575 3898 882 3978 proposito
937 3898 1092 3979 ὑπὲρ,
1151 3897 1213 3959 id
1264 3911 1355 3961 est
1400 3917 1530 3978 pro,
1587 3896 1872 3973 abundat,
1923 3905 1986 3957 ut
2015 3897 2091 3959 sit

2167 3450 2349 3533 ἦλθεν,
2381 3452 2500 3510 ἀλλ’
2544 3456 2668 3536 ὑπὲρ
2710 3446 3165 3532 ἡμῶν-εἰσῆλθεν,
3203 3446 3392 3515 ΗΟπου
3439 3452 3493 3509 δὲ
3515 3456 3543 3510 6
3599 3452 3825 3531 πρόδρο-

2166 3564 2281 3631 μος,
2321 3544 2795 3631 ἡμῶνψείσῆλθεν,
2840 3547 2955 3604 ἐκεῖ
3013 3549 3098 3603 καὶ
3153 3548 3295 3622 ἡμᾶς
3370 3545 3553 3626 φησὶν,
3612 3542 3821 3631 ἀνέγκη

2165 3630 2442 3692 εἰσελθεῖν.
2505 3629 2555 3692 Η
2599 3638 2685 3717 τὸ,
2716 3638 2871 3716 ὑπὲρ,
2928 3636 3270 3716 παρέλκεται,
3315 3634 3408 3691 ἵνα
3462 3635 3519 3713 ᾗ,
3581 3629 3815 3710 Πρόδρο-

2167 3743 2266 3795 μος
2322 3724 2500 3797 ἡμῶν,
2554 3731 2600 3781 Η
2630 3729 2691 3783 τὸ
2735 3728 2869 3802 μετὰ
2897 3728 3091 3805 σαρκὸς
3141 3727 3297 3785 αὐτὸν
3356 3721 3627 3795 εἰσελθεῖν,
3687 3720 3819 3798 ὑπὲρ

2165 3812 2321 3885 ἡμῶν
2364 3810 2527 3894 ἐστιν,
2558 3812 2704 3880 ὅπως
2749 3819 2836 3874 καὶ
2882 3818 3045 3892 ἡμεῖς
3093 3818 3141 3872 οἱ
3200 3815 3367 3894 σάρκα
3410 3812 3646 3893 ἔχοντες,
3693 3806 3819 3864 εἴσ-

2173 3898 2288 3957 οδον
2320 3904 2609 3981 σχοίημεν.
2644 3926 2673 3964 )
2736 3903 3044 3987 Ἀρχιερευς
3086 3905 3394 3983 γενόμενος,
3446 3925 3473 3957 ε
3514 3898 3699 3962 Καλῶς
3729 3901 3817 3971 τὸ,

428 4002 667 4062 sensus,
694 3985 1276 4051 Pmcursornoster.
1306 3988 1422 4051 Aut
1437 3985 1595 4067 quod
1613 4002 1730 4047 una
1758 4003 1892 4074 cum
1912 4003 2084 4047 carne

2173 3989 2487 4065 Γενόμενος,
2520 3989 2605 4049 διὰ
2632 3996 2731 4062 τήν
2763 3984 2950 4074 σάρκα.
2991 3984 3165 4053 ’Ἔνθα
3194 3993 3283 4051 οὖν
3314 3995 3341 4049 6
3373 3990 3673 4072 ἀρχιερεὺς,
3709 3987 3826 4045 ἐκεῖ

426 4075 735 4154 ingressus
763 4075 861 4151 sit,
896 4094 1001 4158 pro
1033 4075 1206 4139 nobis
1250 4086 1363 4152 est,
1413 4084 1477 4138 ut
1498 4083 1556 4138 et
1584 4092 1692 4136 nos
1713 4072 1815 4155 qui
1844 4091 2091 4137 carnem

2174 4080 2261 4153 καὶ
2293 4080 2321 4135 6
2348 4078 2498 4146 λαός.

428 4162 743 4255 habemus,
773 4164 1110 4245 ingressum
1142 4165 1489 4230 habeamus.
1524 4186 1551 4223 α
1582 4162 1846 4225 Pontifex
1879 4162 2093 4229 factus.
2130 4190 2154 4225 ιι
2192 4163 2377 4230 Recte
2405 4167 2634 4234 dictum
2656 4179 2745 4233 est
2777 4191 2791 4236 :
2828 4174 3063 4251 Factus,
3090 4180 3331 4255 propter
3345 4186 3612 4232 carnem.
3639 4170 3829 4232 Porro

429 4250 536 4314 ubi
566 4259 660 4315 est
688 4255 972 4335 pontifex,
1007 4254 1095 4316 ibi
1120 4263 1212 4318 est
1241 4265 1302 4317 et
1335 4255 1605 4336 populus.

973 4361 1115 4423 565
1155 4361 1399 4426 CAPUT
1440 4360 1540 4425 IX.

2798 4378 3052 4435 ΚΕΦΑΛ.
3116 4360 3205 4432 ε’.

433 4457 524 4522 De
549 4458 951 4549 lietchisedeq
978 4463 1098 4549 qui
1132 4458 1612 4549 Christi_ﬁgura
1641 4459 1786 4539 fuit,
1818 4465 1872 4549 et
1901 4475 1943 4549 _a_
1964 4475 2081 4519 no-

2175 4486 2203 4518 ¢
2236 4468 2359 4549 Uepi
2387 4468 2481 4523 τοῦ
2509 4467 2843 4549 Μελχισεδὲκ
2882 4478 2975 4527 τοῦ
3018 4473 3090 4536 είς
3123 4469 3345 4549 Χριστὸν
3374 4468 3537 4549 τύπου
3586 4467 3721 4524 κατὰ
3764 4466 3828 4549 τὸ

512 4540 699 4614 mine,
731 4546 790 4603 et
820 4557 861 4602 a
888 4538 1155 4617 civitate,
1178 4548 1234 4603 et
1254 4560 1293 4601 a
1312 4538 1474 4617 vita,
1490 4546 1549 4603 et
1578 4557 1616 4602 a
1642 4538 1998 4603 Sacerdotio.

508 4720 669 4783 Nam
695 4718 793 4784 hic
820 4726 963 4783 erat
1012 4719 1424 4793 Melchisedee,
1469 4736 1589 4794 rea:
1614 4717 1846 4799 Satem,
1877 4720 2082 4796 ponti-

424 4814 535 4890 fex
563 4809 674 4873 Dei
716 4808 1030 4884 altissimi,
1064 4810 1170 4889 qui
1200 4811 1471 4871 occurrit
1502 4807 1817 4871 Abraham
1874 4824 2085 4869 rever-

430 4900 584 4963 tenti
612 4915 651 4962 a
701 4900 865 4962 caede
884 4915 1117 4979 regum,
1151 4904 1211 4962 et
1241 4898 1558 4961 benedixit
1586 4896 1681 4961 illi
1717 4919 1730 4956 :
1763 4902 1864 4960 cui
1891 4903 1947 4959 et
1973 4897 2087 4958 de-

428 4991 622 5052 cimas
643 5005 722 5051 ex
746 4988 1025 5051 omnibus
1073 4990 1432 5069 impartitus
1482 4993 1568 5050 est
1596 4985 1909 5048 Abraham
1932 5005 1951 5046 :
1983 4986 2091 5066 qui

420 5079 699 5158 primum
752 5078 997 5159 quidem
1054 5095 1137 5141 ea
1176 5077 1674 5155 interpretatione
1722 5076 1948 5139 dicitur
1976 5091 2091 5137 rea:

427 5167 681 5245 imtitia:
712 5187 726 5229 :
761 5166 986 5230 deinde
1014 5184 1155 5230 vero
1184 5172 1370 5231 etiam
1401 5184 1515 5229 rex
1544 5166 1781 5239 Solem,
1814 5163 1977 5245 quod
2004 5172 2091 5226 est

428 5271 540 5318 rex
563 5254 732 5334 pacis
762 5272 781 5316 :
812 5256 943 5317 sine
993 5263 1191 5336 patre,
1224 5262 1357 5319 sine
1384 5261 1609 5331 matre,
1640 5256 1774 5316 sine
1802 5252 2088 5334 genealo-

428 5344 560 5425 gia,
582 5359 774 5423 neque
802 5344 1053 5406 initium
1081 5345 1326 5409 dierum
1375 5362 1568 5425 neque
1595 5345 1735 5406 vita:
1768 5347 1945 5407 ﬁnem
1973 5342 2087 5404 ha-

431 5432 600 5508 bens,
648 5431 757 5495 sed
784 5432 1158 5497 assimilatas
1215 5434 1383 5498 Filio
1436 5435 1551 5497 Dei
1578 5441 1784 5496 manet
1810 5433 2090 5496 sacerdos

429 5521 500 5584 in
524 5526 901 5602 perpetuum.
933 5520 1330 5587 Considerate
1367 5540 1504 5586 vero
1533 5528 1799 5604 quantus
1829 5523 1926 5585 hic
1949 5523 2085 5600 fue-

430 5610 539 5763 rit,
568 5611 884 5763 cuiquam
907 5610 1176 5676 decimas
1194 5612 1362 5677 dedit
1382 5611 1698 5677 Abraham
1719 5613 2086 5693 patriarcha

532 5716 642 5763 mo
666 5716 768 5763 us.

532 5716 768 5783 spatiis.

2248 4545 2416 4622 ὄνομα
2459 4549 2547 4604 καὶ
2579 4545 2677 4616 τήν
2707 4549 2886 4626 πόλιν,
2919 4551 3007 4607 καὶ
3036 4553 3135 4618 τὴν
3158 4545 3324 4623 ζωὴν,
3357 4549 3445 4605 καὶ
3475 4548 3572 4615 τὴν
3600 4546 3825 4625 ἱερωσύ-

2250 4648 2370 4693 νην.
2424 4649 2446 4683 ι

2255 4746 2282 4779 α
2333 4726 2496 4790 Οὗτος
2568 4729 2667 4806 γὰρ
2742 4731 2770 4785 6
2850 4726 3185 4810 Μελχισεδὲκ
3269 4725 3514 4804 βασιλεὺς
3601 4723 3822 4801 Σαλήμ,

2169 4814 2331 4892 ἱερεῦς
2416 4821 2509 4871 τοῦ
2609 4822 2739 4874 Θεοῦ
2841 4826 2934 4876 τοῦ
3036 4819 3278 4893 ὑψίστου,
3383 4818 3410 4872 6
3494 4814 3823 4883 συναντήσας

2171 4899 2411 4982 Ἀϐραὰμ
2465 4905 2842 4987 ὑποστρέφοντι
2927 4909 3034 4966 ἀπὸ
3114 4907 3212 4975 τῆς
3286 4910 3459 4971 κοπῆς
3543 4908 3648 4959 τῶν
3729 4903 3830 4979 βα-

2170 4989 2383 5061 σιλέων,
2470 4996 2557 5051 καὶ
2640 4995 2936 5075 εὐλογήσας
3021 4999 3200 5071 αὖτὸν,
3300 4998 3345 5070 ᾧ
3426 4993 3513 5049 καὶ
3596 4988 3826 5059 δεκάτην

2170 5078 2277 5136 ἀπὸ
2360 5082 2573 5140 πάντων
2682 5085 2920 5167 ἐμέρισεν
3034 5085 3295 5167 ’Λϐρααμ,
3412 5084 3622 5161 πρῶτον
3727 5082 3826 5157 μὲν

2171 5169 2590 5246 ἑρμηνευόμενος
2730 5176 2977 5252 βασιλεὺς
3122 5173 3458 5239 δικαιοσύνης
3468 5217 3480 5235 ,
3640 5167 3827 5226 ἔπειτα

2172 5253 2227 5312 δὲ
2283 5259 2371 5313 καὶ
2439 5259 2684 5334 βασιλεὺς
2755 5263 2971 5340 Σαλὴμ,
3058 5265 3086 5321 ὅ
3170 5264 3280 5320 ἐττι
3349 5256 3596 5338 βασιλεὺς
3679 5258 3824 5337 εἷρήοε

2170 5368 2293 5418 νης,
2365 5346 2604 5430 ἀπάτωρ,
2679 5352 2927 5434 ἀμήτωρ,
3003 5351 3453 5432 ἀγενεαλόγητος,
3527 5348 3665 5422 μήτε
3721 5346 3827 5425 ἆρ-

2172 5437 2283 5515 χῆν
2352 5437 2587 5514 ἡμερῶν,
2648 5442 2786 5514 μήτε
2856 5446 3000 5514 ζωῆς
3071 5441 3220 5505 τέλος
3291 5439 3461 5519 ἔχων,
3542 5436 3827 5516 ἀφομοιω-

2170 5524 2324 5599 μένος
2384 5522 2438 5580 δὲ
2487 5533 2565 5601 τῷ
2623 5531 2729 5603 Υἱῴ
2782 5538 2875 5588 τοῦ
2949 5538 3104 5605 Θεοῦ,
3162 5528 3308 5605 μένει
3382 5526 3546 5603 ἱερεὺς
3621 5525 3693 5589 εἷς
3763 5525 3829 5581 τὸ

2167 5611 2431 5680 διηνεκές.
2521 5622 2784 5696 Θεωρεῖτε
2868 5619 2923 5677 δὲ
3033 5618 3261 5686 πηλίκος
3346 5616 3523 5688 οὗτος,
3609 5616 3656 5687 ᾧ
3737 5614 3828 5670 καὶ

2164 5698 2391 5770 δεκάτην
2475 5700 2717 5784 Ἀϐραὰμ
2800 5706 2990 5767 ἔδωκεν
3074 5707 3137 5765 ἐκ
3218 5713 3325 5764 τῶν
3409 5702 3715 5782 ἀκροθινίων
3799 5706 3829 5760 6

2165 5792 2531 5874 πατριάρχης.
2583 5815 2608 5851 ο
