4132 6422
321 363 440 429 345
1423 365 1819 430 COMMENT.
1870 363 1950 425 IN

2064 360 2238 423 PIST.
2286 361 2384 423 AD
2422 362 2653 424 HEBR.
3596 355 3713 424 346

401 498 555 558 Θέλει
583 496 751 566 δεῖξαι
781 500 870 557 καὶ
921 501 1009 558 νῦν
1077 499 1214 558 πολὺ
1281 501 1344 557 τὸ
1398 496 1640 580 διάφορον
1692 501 1791 565 τῆς
1846 496 1968 561 νέας

2136 493 2271 558 Vult
2299 514 2457 559 nunc
2486 512 2726 579 quoque
2757 513 3029 577 magnam
3062 495 3381 560 ostendere
3412 494 3711 560 excellen-

322 589 578 661 διαθήκης
648 589 783 670 πρὸς
850 590 951 659 τὴν
1012 588 1271 665 παλαιὰν,
1341 588 1441 646 καὶ
1496 594 1653 646 τοῦτο
1722 585 1976 647 δείκνυσιν

2064 582 2199 646 tiam
2224 584 2362 647 novi
2392 586 2735 650 testamenti
2765 604 2945 668 supra
2975 592 3144 647 vetus
3177 603 3191 649 :
3225 586 3419 649 ethoc
3449 584 3713 648 ostendit

322 680 382 737 ἐκ
408 685 514 737 τῶν
542 678 750 759 ἱερέων.
782 680 959 738 Εἰπὼν
988 676 1070 759 δὲ,
1132 678 1281 741 Κατά
1351 678 1449 746 τὴν
1503 675 1646 744 τάξιν
1690 675 1974 758 Μελχισε-

2064 689 2128 733 ex
2158 672 2588 737 sacerdotibus.
2624 673 2843 736 Dicens
2872 680 3071 735 autem
3108 692 3122 734 :
3156 673 3496 736 Secundum
3547 671 3714 736 ordi-

320 766 433 842 δὶκ,
493 765 748 825 δείκνυσιν
786 766 867 824 ὅτι
913 769 1003 825 καὶ
1071 769 1230 831 αὐτὸς
1301 769 1330 824 6
1372 767 1534 832 τύπος
1602 773 1696 824 τοῦ
1751 773 1977 847 Χριστοῦ

2064 778 2194 822 nem
2212 760 2907 836 Melchisedec,ostendit
2924 761 3082 845 quod
3104 761 3232 843 ipsa
3251 760 3714 844 quoqueChristi

319 860 350 915 6
377 854 733 939 Μελχισεδὲκ,
767 857 949 931 (τύπον
991 858 1091 937 γὰρ
1145 858 1301 917 αὐτὸν
1355 855 1499 936 λέγει
1541 863 1634 914 τοῦ
1693 855 1969 937 Χριστοῦ,)

2064 850 2267 939 figura,
2302 869 2523 931 nempe
2555 851 2956 916 Melchisedee
3010 852 3113 933 (ait
3139 852 3298 914 enim
3332 852 3513 913 fuisse
3541 850 3708 913 illum

318 945 454 1005 πολὺ
496 937 728 1029 ήδιέφερε
796 947 902 1004 τῶν
968 946 1106 1003 κατά
1173 947 1338 1022 νόμον
1422 944 1602 1020 ἱερέων
1654 951 1762 1003 τῶν
1829 945 1973 1024 παρὰ

2064 937 2272 1029 Christi
2292 940 2804 1023 typum),multum
2820 940 3502 1023 prmcellehatlegalihus
3515 958 3713 1003 sacer-

322 1025 629 1109 Ἰουδαίοιςί
674 1025 832 1096 τοῦτο
876 1034 1307 1115 κατασκευάζων,
1369 1036 1428 1092 Εἰ
1487 1036 1516 1090 6
1572 1035 1758 1110 τύπος,
1818 1035 1969 1114 φησὶ,

2064 1025 2291 1115 dotibus
2312 1028 2413 1111 qui
2428 1030 2581 1112 apud
2600 1028 2837 1093 Judaeos
2863 1039 3038 1093 erant
3062 1049 3074 1094 :
3107 1032 3221 1093 boe
3237 1029 3707 1105 astruens,Quod

316 1127 414 1184 τοῦ
462 1126 691 1204 Χριστοῦ
745 1130 850 1182 τῶν
921 1124 1066 1205 παρά
1162 1114 1430 1189 Ἰουδαίοις
1500 1120 1726 1204 διέφερε,
1814 1126 1972 1199 πόσῳ

2064 1115 2105 1177 si
2135 1114 2352 1180 Christi
2399 1130 2592 1201 typus,
2626 1119 2843 1201 inquit,
2876 1122 3256 1202 prmstantior
3303 1119 3550 1182 erathis
3578 1137 3711 1202 quae

320 1213 523 1292 μᾶλλον
580 1216 618 1284 ἡ
686 1213 957 1295 ἀλῆθειας
1006 1204 1327 1295 τουτέστιν,
1416 1214 1573 1276 αὐτὸς
1643 1215 1672 1269 6
1722 1212 1969 1293 Χριστός.

2064 1204 2476 1295 apudiludaeos
2507 1217 2697 1285 erant,
2734 1217 2953 1291 quanto
2999 1210 3186 1289 magis
3217 1209 3451 1292 veritas,
3484 1209 3598 1272 hoc
3623 1216 3713 1271 est

323 1290 640 1368 σΒασιλεὺς
660 1302 878 1380 Σαλήμ.
931 1290 958 1358 ὲ
1028 1290 1251 1380 "Ovem
1294 1301 1526 1366 πόλεως.
1612 1322 1636 1357 α
1685 1290 1823 1358 Ἀπὸ
1875 1306 1973 1369 τῆς

2064 1294 2185 1375 ipse
2215 1294 2504 1360 Christus.
2552 1323 2578 1353 «
2606 1290 3024 1363 Rex’SaIemJ
3060 1298 3292 1362 Nomen
3327 1308 3414 1361 est
3429 1290 3706 1362 civitatis.

318 1395 493 1460 κοπῆς
566 1399 673 1450 τῶν
716 1373 1005 1470 βασιλέων,
1042 1414 1069 1446 ι
1136 1373 1289 1448 ’ὅταν
1348 1391 1468 1455 τοὺς
1539 1388 1782 1469 βασιλεῖς
1851 1390 1972 1455 τοὺς

2064 1373 2097 1440 ἆ
2124 1385 2177 1446 Α
2204 1385 2366 1447 caede
2394 1405 2624 1467 regum.
2664 1410 2692 1449 ι
2730 1388 2979 1462 Quando
3011 1388 3252 1469 regibus
3281 1389 3380 1470 qui
3419 1389 3524 1450 Lot
3566 1404 3710 1468 cap-

316 1484 407 1541 τὸν
457 1483 576 1540 Λὼτ
632 1480 1138 1563 αἱχμαλωτίσαντας
1196 1480 1536 1560 κατακόψεις²
1623 1478 1969 1561 ὑπέστρεφεν.

2064 1472 2243 1563 tivum
2275 1474 2592 1549 duxerant,
2627 1477 3103 1558 cmsis,reversus
3135 1487 3225 1540 est
3239 1476 3710 1541 32.Nostihisto-

316 1569 482 1636 Οἶδας
530 1572 631 1639 την
686 1561 939 1650 ἱστορίαν.
1000 1570 1099 1628 Καὶ
1183 1567 1479 1647 εὖλογήσας
1537 1568 1716 1627 αὐτόν.
1757 1591 1779 1625 ι
1834 1566 1976 1627 Ἀντὶ

2064 1561 2231 1625 riam.
2273 1588 2299 1619 ιι
2330 1564 2401 1626 Et
2431 1564 2734 1628 benedixit
2765 1567 2875 1631 illi.
2915 1592 2939 1624 υ
2976 1569 3125 1631 Nam
3158 1567 3452 1649 εὐλογήσας
3480 1566 3713 1648 capitur

314 1667 409 1718 106
477 1660 770 1740 εύλόγησεν
855 1659 1036 1721 αὐτόν.
1129 1681 1157 1714 α
1190 1654 1254 1740 ᾯ
1311 1661 1400 1716 καὶ
1481 1656 1729 1726 δεκάτην,
1798 1681 1820 1714 ι
1888 1653 1972 1740 Ἔτι,

2064 1669 2170 1732 pro
2200 1653 2511 1734 εὐλόγησεν,
2545 1655 2609 1717 id
2632 1664 2722 1718 est
2754 1655 3133 1737 participium
3166 1675 3271 1737 pro
3301 1655 3503 1719 verbo.
3545 1681 3566 1711 ιι
3606 1653 3714 1718 Cui

314 1749 551 1836 τουτέστι
581 1756 660 1825 τῷ
692 1747 1054 1836 Μελχισεδὲκ,
1087 1746 1317 1836 δεκάτην
1376 1746 1569 1806 ’έδωκεν
1628 1751 1656 1805 6
1700 1744 1969 1836 ’ᾼϐραάΗ

2064 1750 2118 1836 et
2147 1740 2433 1836 decimas.
2471 1769 2499 1801 υ
2527 1744 2634 1809 Cui
2664 1763 2883 1826 nempe
2898 1745 3302 1808 Melchisedec
3332 1744 3596 1809 decimas
3612 1744 3714 1806 de-

318 1832 504 1909 φησίν,
548 1853 577 1886 ι
612 1826 957 1909 Πρῶτοῖμέν
1013 1828 1459 1909 ἑρμηνευόμενος.
1514 1852 1536 1886 ι
1603 1830 1804 1886 Λοιπὸν
1834 1826 1973 1886 θέλει

2064 1828 2148 1890 dit
2177 1830 2501 1894 Abraham.
2543 1858 2570 1890 α
2632 1836 2894 1897 l’rimum
2959 1832 3200 1915 quidem
3252 1852 3321 1897 ex
3352 1834 3713 1915 interpreta-

319 1918 487 1987 δεῖξαι
515 1925 633 1984 πῶς
692 1919 857 1982 τύπος
925 1917 1035 1976 ἐστὶ
1090 1928 1184 1978 τοῦ
1242 1926 1469 1998 Χριστοῦ
1523 1921 1552 1975 6
1620 1915 1972 1999 Μελχισεδὲκ,

2064 1917 2243 1982 tione.
2285 1946 2306 1975 υ
2345 1920 2484 1983 Vult
2515 1921 2798 2002 deinceps
2821 1923 3137 1985 ostendere
3167 1923 3462 2005 quomodo
3493 1921 3713 1986 Christi

322 2010 414 2065 καὶ
439 2007 571 2074 τέως
635 2007 697 2065 ἐκ
750 2014 843 2064 τοῦ
898 2008 1163 2088 ὀνόματος,
1219 2014 1373 2065 τοῦτο
1428 2020 1595 2069 ποιεῖ.
1651 2007 1793 2072 Τέως
1851 2007 1972 2087 γὰρ,

2064 2007 2247 2087 ﬁgura
2274 2018 2400 2071 erat
2428 2011 2851 2088 Melchisedec,
2885 2019 2942 2073 et
2963 2012 3202 2074 interim
3227 2032 3296 2075 ex
3318 2011 3563 2074 nomine
3587 2016 3711 2093 prio

324 2100 480 2179 φησὶ,
508 2100 567 2155 16
603 2096 772 2175 ὄνομα
840 2100 1000 2156 αὐτοῦ
1056 2097 1424 2178 ἑρμηνεύεται,
1482 2094 1734 2162 Βασιλεὺς
1777 2094 1977 2154 δικαιο-

2064 2115 2221 2158 mum
2255 2098 2368 2160 hoc
2398 2099 2541 2162 facit
2593 2102 2741 2164 Nam
2771 2099 2978 2182 ipsius,
3011 2101 3228 2183 inquit,
3268 2120 3486 2162 nomen
3515 2100 3708 2172 inter-

326 2188 488 2255 σύνης
523 2206 538 2221 ⁸
593 2185 765 2267 Μελχὶ
821 2184 1068 2263 βασιλεύς
1103 2203 1118 2219 ⁶
1169 2184 1361 2261 Σεϐὲκ,
1421 2185 1780 2254 δικαιοσύνης.
1826 2188 1975 2250 Τίνος

2064 2195 2327 2267 pretatur
2352 2187 2752 2270 Rex'justitiaa
2790 2209 2805 2249 :
2843 2191 2983 2252 564
3034 2191 3276 2272 Melehi,
3311 2208 3413 2253 rex
3448 2207 3461 2249 :
3498 2188 3710 2272 Sedec,

328 2274 385 2332 δῖ
416 2275 594 2357 ἑτέρου
648 2273 869 2355 ὤφειλεν
927 2275 1067 2332 εἶναι
1133 2277 1320 2356 τύπος,
1364 2275 1418 2361 ἢ-
1459 2285 1551 2336 τοῦ
1607 2284 1833 2357 Χριστοῦ
1883 2282 1976 2332 τοῦ

2064 2275 2321 2355 iustitiae,
2356 2279 2539 2360 Cujus
2595 2288 2790 2341 autem
2851 2280 3097 2342 alterius
3154 2280 3359 2342 debuit
3389 2298 3522 2342 esse
3546 2288 3716 2361 typus

319 2355 534 2433 ἀληθῶς
592 2364 851 2441 βασιλέως
936 2355 1313 2440 δικαιοσύνης,
1383 2355 1664 2424 ’.Ἐπειταή
1725 2367 1813 2422 καὶ
1877 2367 1976 2433 τὴν

317 2452 491 2523 ἄλλην
520 2453 661 2533 λέγει
691 2453 972 2535 ἑρμηνείαν
1014 2456 1114 2522 τὴν
1174 2454 1282 2511 ἀπὸ
1322 2454 1419 2523 τῆς
1488 2452 1719 2519 πόλεως,
1754 2453 1970 2531 Σαλὴμ,

321 2545 507 2625 εἰρήνη
556 2543 720 2603 ἐστίν.
795 2544 1014 2620 Οὗκοῦν,
1078 2545 1139 2601 06
1194 2543 1356 2620 μόνον
1426 2542 1673 2622 βασιλεὺς
1718 2541 1978 2602 δικαιοσύ-

323 2656 444 2714 νης,
478 2631 619 2690 ἀλλᾶ
664 2633 754 2690 καὶ
795 2633 1033 2712 εἰρήνης,
1085 2635 1160 2698 ὡς
1203 2632 1311 2690 ἀπὸ
1357 2638 1456 2700 τῆς
1514 2631 1722 2697 πόλεως
1752 2635 1818 2700 ἧς
1844 2630 1975 2690 ἔϐα-

320 2722 523 2781 σίλευεν
558 2742 574 2760 ·
606 2721 880 2802 ἀμφότερα
920 2719 976 2779 δὲ
1005 2724 1033 2779 6
1077 2723 1325 2803 Χριστὸς,
1361 2721 1606 2801 βασιλεύς
1657 2744 1715 2779 τε
1772 2721 1975 2780 δικαιο-

318 2813 478 2879 σύνης
505 2812 596 2871 καὶ
665 2809 912 2889 βασιλεὺς
957 2812 1194 2892 εἰρήνης.
1250 2834 1272 2868 ι
1310 2810 1581 2892 Ἀπάτωρ,
1653 2811 1902 2889 ἀμήτωρ.
1943 2834 1967 2870 ι

320 2903 420 2961 Καὶ
466 2901 723 2983 ἐνεχώρει
795 2907 982 2959 τοῦτον
1087 2903 1177 2959 τὸν
1276 2900 1611 2983 Μελχισεδὲκ
1704 2901 1975 2982 ἄνθρωπον

319 2988 474 3071 ὄντα,
503 2990 745 3070 ἀπάτορα
787 2990 928 3046 εἶναι
984 2991 1073 3047 καὶ
1124 2990 1391 3071 ἀμήτορα,
1465 2992 1553 3048 καὶ
1611 2991 1748 3068 μήτε
1798 2991 1976 3072 ἀρχὴν

322 3082 462 3155 μήτε
512 3079 667 3143 τέλος
738 3077 886 3160 ἔχειν
940 3081 1206 3161 ἡμερῶνς
1285 3080 1380 3142 06.
1451 3086 1573 3146 Πῶς
1631 3080 1719 3138 οὗν
1777 3084 1974 3156 εἶπεν;

323 3148 495 3249 ἱ’(έραι.
530 3166 750 3237 Ἐπειδὴ
769 3148 1098 3227 ’ἀντέπιπτέν
1137 3148 1302 3251 αύτῷ,
1352 3173 1472 3235 Πῶς
1539 3171 1674 3227 κατά
1733 3170 1833 3237 τὴν
1874 3148 1976 3229 τάέ
1996 3148 2036 3199 c

320 3258 401 3327 ξιν
452 3265 547 3317 τοῦ
607 3256 943 3339 Μελχισεδὲκ
1010 3261 1039 3315 6
1099 3260 1322 3339 Χριστός
1385 3258 1518 3335 ἐστι,
1578 3266 1669 3317 τοῦ
1731 3258 1980 3330 τελευτή-

323 3370 514 3413 σαντος
539 3348 736 3424 καὶμὴ
776 3347 1062 3427 γενομένου
1145 3347 1438 3429 ἀρχιερέως
1494 3350 1567 3414 εἰς
1623 3350 1714 3406 τὸν
1772 3349 1976 3430 αἰῶνας

321 3438 553 3497 Βλέπετε
581 3436 633 3495 τί
673 3436 816 3516 λέγει
850 3455 869 3475 ⁶
928 3439 1036 3496 Οὐκ
1091 3436 1275 3514 ἴσμεν,
1332 3439 1482 3519 φησὶ,
1530 3439 1646 3496 τίνα
1705 3437 1824 3519 ἔχει
1873 3461 1979 3496 πα-

319 3528 446 3605 τέρα
474 3528 512 3596 ἢ
578 3526 806 3607 μητέρα,
850 3525 888 3596 ἢ
954 3538 1111 3585 ποῖον
1166 3526 1318 3606 γένος
1347 3529 1376 3584 6
1440 3526 1794 3610 Μελχισεδὲκ,
1865 3527 1982 3585 οὔτε

320 3620 451 3676 πότε
504 3617 845 3697 γεγέννηται,
915 3617 952 3686 ἢ
1010 3615 1378 3685 τετελεύτηκε.
1470 3620 1571 3677 Καὶ
1668 3619 1720 3675 τί
1776 3628 1977 3700 10610;

322 3710 554 3779 Φήσειεν
583 3706 646 3764 ἄν
673 3729 754 3771 τις
789 3722 805 3739 ⁸
839 3708 886 3763 εί
927 3707 1028 3787 γὰρ
1086 3708 1165 3783 μὴ
1222 3704 1383 3782 ἴσμεν
1438 3716 1602 3768 ταῦτα
1644 3706 1730 3764 διὰ
1784 3710 1846 3765 τὸ
1904 3709 1981 3784 μὴ

321 3797 637 3879 ἐμφέρεσθαι
689 3798 757 3874 τῇ
804 3802 1007 3878 Γραφῇ,
1082 3793 1204 3853 ἀλλ’
1262 3795 1410 3871 ὅμως
1476 3799 1563 3854 καὶ
1642 3798 1844 3877 πατέρα
1895 3799 1984 3855 καὶ

320 3886 476 3967 γένος
508 3883 667 3967 ἔσχε,
698 3886 786 3942 καὶ
856 3885 1128 3965 γέννησιν,
1183 3886 1273 3943 καὶ
1331 3884 1609 3957 τελευτήν.
1670 3887 1788 3952 Πῶς
1823 3887 1911 3945 οὖν
1955 3888 1983 3943 6

322 3985 560 4039 τοιοῦτος
604 3975 849 4057 ἀπάτωρ,
894 3974 979 4032 κοὶ
1020 3976 1115 4031 οὒκ
1142 3972 1289 4054 ἔχων
1318 3973 1495 4055 ἀρχὴν
1524 3975 1562 4044 ἢ
1609 3975 1762 4040 τέλος
1791 3982 1933 4048 ζωῆς
1962 3996 1978 4057 ς

324 4066 426 4125 Καί
465 4086 631 4145 φησιν
665 4080 680 4095 ·
717 4052 935 4144 υΩήσπερ
978 4066 1007 4120 6
1062 4052 1519 4144 Μελχισεδέκ*τῷ
1590 4067 1668 4142 μὴ
1725 4052 1981 4145 γενεαλοέ

325 4158 535 4235 γεϊσθαι
590 4152 694 4210 ὑπὸ
746 4155 837 4218 τὸς
907 4157 1144 4235 Γραφῆς,
1190 4155 1327 4222 ἡμῖν
1413 4167 1532 4218 τοῖς
1591 4155 1869 4233 ἀγνοοῦσιν
1924 4158 1985 4213 οὗ

2058 2382 2233 2445 quam
2263 2366 2451 2447 ipsius
2510 2368 2729 2432 Christi
2787 2369 2889 2450 qui
2948 2388 3088 2430 vere
3142 2388 3246 2431 rex
3279 2378 3403 2432 erat
3429 2368 3717 2450 justitire?

2056 2452 2743 2539 Deindealianiqnoque
2769 2458 2933 2539 ponit
2953 2458 3511 2540 interpretationem
3532 2477 3664 2541 quae
3685 2476 3719 2520 a

2058 2542 2294 2606 civitate
2325 2544 2600 2609 sumitur.
2637 2545 2855 2624 Salem;
2875 2566 2984 2629 pax
3018 2556 3127 2611 est.
3159 2546 3362 2631 Itaque
3384 2567 3503 2611 non
3523 2548 3717 2611 solum

2055 2651 2158 2695 rex
2184 2634 2433 2714 justitiaa
2460 2636 2566 2698 sed
2601 2644 2659 2699 et
2690 2637 2875 2717 pacis,
2896 2647 3175 2720 tanquam
3199 2656 3234 2700 a
3252 2638 3493 2701 civitate
3514 2637 3574 2698 in
3600 2656 3719 2719 qua

2055 2725 2342 2803 regnavit.
2404 2724 2508 2788 Est
2575 2733 2772 2789 autem
2828 2735 3150 2809 utrumque
3200 2728 3473 2791 Christus
3522 2734 3580 2789 et
3611 2745 3715 2789 rex

2057 2814 2220 2894 pacis
2273 2822 2331 2875 et
2359 2833 2461 2877 rex
2489 2815 2757 2896 justitiaa.
2800 2838 2821 2872 (ι
2859 2815 3003 2879 Sine
3051 2826 3241 2898 patre,
3272 2817 3403 2878 sine
3437 2823 3645 2878 matre.
3689 2840 3708 2871 ι

2057 2902 2148 2964 An
2177 2902 2360 2984 igitur
2390 2905 2519 2967 ﬁeri
2542 2912 2736 2986 potest
2760 2911 2822 2967 ut
2844 2904 2941 2967 hic
2959 2903 3357 2967 Melchisedec
3373 2922 3508 2967 cum
3534 2904 3715 2965 homo

2059 3000 2238 3067 esset,
2273 2993 2405 3056 sine
2435 3002 2602 3075 patre
2664 3013 2734 3056 ac
2791 2994 2923 3056 sine
2984 3003 3170 3057 matre
3200 2994 3402 3073 fuerit,
3435 3000 3494 3058 et
3525 3010 3720 3075 neque

2061 3081 2505 3165 initiumineque
2528 3083 2709 3146 ﬁnem
2734 3082 2968 3147 dierum
2989 3084 3715 3167 habueritiNequaquam.

2061 3172 2372 3245 Quomodo
2405 3192 2547 3254 ergo
2575 3174 2701 3235 haec
2728 3172 2925 3236 dixit?
2955 3172 3398 3238 Animadverte.
3425 3171 3717 3246 Quoniam

2062 3260 2180 3343 ipsi
2209 3262 2393 3342 objici
2452 3271 2677 3344 poterat
2716 3280 2729 3323 :
2765 3261 3030 3337 Quonam
3087 3262 3263 3325 modo
3309 3263 3581 3326 Christus
3630 3269 3720 3322 est

2065 3351 2396 3413 secundum
2420 3351 2692 3415 ordinem
2718 3351 3120 3416 Melchisedec
3141 3353 3242 3434 qui
3264 3359 3534 3414 mortuus
3551 3357 3640 3413 est
3663 3357 3723 3412 et

2065 3459 2184 3501 non
2215 3441 2401 3504 factus
2434 3442 2694 3523 pontifex
2727 3442 2788 3504 in
2831 3450 3121 3504 aeternum
3150 3441 3181 3502 ?
3209 3440 3421 3504 Videte
3450 3440 3591 3522 quid
3624 3438 3720 3500 di-

2066 3544 2151 3593 cat
2180 3549 2195 3595 :
2224 3530 2591 3612 Ignoramus,
2618 3531 2834 3613 inquit,
2860 3550 3039 3613 quem
3069 3530 3350 3593 habuerit
3370 3540 3595 3613 patrem
3616 3538 3723 3592 aut

2066 3629 2339 3702 matrem,
2374 3630 2474 3683 aut
2504 3623 2659 3702 quod
2692 3620 2871 3683 fuerit
2892 3638 3080 3700 genus
3101 3619 3724 3700 Melchisedec,neque

2065 3712 2305 3793 quando
2337 3723 2511 3774 natus
2541 3712 2619 3774 sit
2648 3720 2745 3774 aut
2778 3721 3065 3777 mortuus.
3099 3711 3172 3773 Et
3201 3711 3341 3793 quid
3376 3712 3489 3773 hoc
3507 3709 3723 3772 refert?

2064 3800 2225 3864 dicet
2248 3801 2468 3884 aliquis
2494 3823 2509 3863 :
2536 3820 2876 3884 quanquam
2911 3801 3070 3863 enim
3095 3802 3441 3880 ignoremus
3473 3800 3621 3873 haec,
3652 3816 3723 3861 eo

2068 3890 2223 3972 quod
2258 3911 2376 3954 non
2409 3890 2748 3953 referantur
2782 3893 2840 3952 in
2877 3888 3208 3972 Scriptur»,
3242 3896 3497 3951 attamen
3532 3896 3585 3949 et
3621 3906 3721 3969 pa-

2070 3988 2225 4042 trem
2273 3978 2478 4042 hahuit
2533 3989 2591 4042 et
2615 3998 2824 4060 genus,
2862 3987 2914 4040 et
2959 3978 3323 4040 nativitatem
3351 3984 3410 4040 et
3438 3986 3720 4039 mortem.

2066 4088 2183 4150 quo
2217 4069 2393 4131 modo
2427 4068 2608 4148 igitur
2643 4068 2776 4130 talis
2818 4074 2909 4129 est
2940 4066 3071 4130 sine
3122 4075 3314 4150 patre,
3351 4086 3461 4128 nec
3493 4066 3722 4146 princi-

2067 4158 2228 4240 pium
2253 4157 2384 4220 vitae
2408 4156 2637 4220 habens
2658 4174 2769 4219 nec
2791 4154 3088 4219 ﬂnem?Et
3105 4155 3426 4238 respondet
3451 4173 3465 4219 :
3492 4156 3722 4229 Quem-

329 4241 479 4301 δοκεῖ
506 4244 657 4322 ἔχειν
695 4241 908 4322 γονέας,
956 4241 993 4312 ἢ
1051 4242 1231 4328 ἀρχὴν
1284 4243 1423 4314 ζωῆς
1465 4244 1555 4300 καὶ
1594 4242 1771 4318 τέλος,
1818 4243 1982 4310 οὕτως

2065 4246 2386 4310 admodum
2420 4247 2826 4309 Melchisedec
2857 4264 2928 4309 eo
2961 4245 3120 4328 quod
3159 4245 3349 4327 ipsius
3379 4243 3727 4325 genealogia

332 4333 363 4389 6
410 4333 633 4411 Χριστὸς
683 4338 754 4410 τῇ
811 4330 1053 4406 ἀληθείᾳ,
1119 4324 1335 4412 υΩσπερ
1406 4333 1526 4414 γὰρ,
1588 4334 1742 4415 φησὶ²
1796 4335 1980 4392 τούτου

2065 4356 2186 4400 non
2216 4346 2570 4400 recensetur
2597 4356 2631 4399 a
2682 4324 3012 4418 Scriptura,
3049 4324 3220 4398 nobis
3250 4334 3352 4417 qui
3383 4324 3725 4415 ignoramus

333 4423 428 4480 οὒκ
454 4421 610 4496 ἴσμεν
638 4421 763 4496 τὴν,
785 4420 974 4526 ,ἀρχὴν
1011 4424 1099 4526 ita}
1131 4424 1213 4526 ‘16
1280 4420 1456 4503 τέλος,
1525 4421 1692 4526 οὕτωὲ
1749 4420 1982 4482 οὐδὲτοῦ

2067 4448 2187 4491 non
2244 4427 2477 4490 videtur
2535 4434 2812 4508 parentes
2884 4426 3130 4501 habere,
3208 4433 3308 4487 aut
3361 4424 3722 4507 principium

333 4518 557 4590 Χριστου
618 4515 689 4588 τῇ
748 4509 989 4584 ἀληθείᾳ.
1066 4509 1232 4570 Ἀλλά
1291 4512 1385 4569 τοῦ
1441 4511 1560 4593 μὲν³
1647 4509 1732 4568 διὰ
1799 4514 1861 4569 τὸ
1905 4513 1982 4588 μὴ

2066 4526 2167 4582 aut
2225 4517 2406 4580 linem
2461 4516 2591 4578 vitae
2638 4536 2651 4577 :
2719 4517 2797 4577 ita
2852 4516 3122 4579 Christus
3184 4514 3244 4576 in
3301 4514 3390 4576 rei
3446 4514 3720 4577 veritate.

331 4600 707 4685 ξγγεγράφθαι,
786 4606 877 4657 106
945 4599 1001 4658 δὲ
1079 4608 1328 4682 Χριστοῦ,
1415 4598 1501 4658 διὰ
1568 4601 1668 4669 τὴν
1734 4599 1982 4672 ἀλήθειαν

2067 4604 2583 4682 Quemadmodum
2633 4605 2794 4666 enim
2854 4604 3038 4685 hujus
3097 4607 3439 4682 ignoramus
3497 4600 3724 4681 princi-

335 4682 392 4749 Ὀ
556 4690 721 4753 τύπος
750 4688 811 4747 οὗ
858 4690 995 4747 κατὰ
1065 4691 1239 4751 πάντα
1296 4690 1416 4755 ἴσος
1472 4690 1583 4747 ἐστὶ
1639 4696 1708 4768 τῇ
1736 4689 1982 4765 ἀληθείᾳ,

329 4778 466 4860 (ἐπεὶ
521 4779 610 4835 καὶ
667 4778 823 4843 αύτὸς
888 4778 1113 4850 ἀλήθεια
1188 4781 1504 4861 εὑρίσκεται,
1586 4780 1675 4836 καὶ
1726 4780 1987 4848 ταυτότης

323 4866 552 4947 μᾶλλον,
640 4867 679 4936 ἢ
763 4868 969 4948 τύπος),
1057 4866 1177 4926 ἀλλ’
1258 4870 1463 4934 εἰκόνας
1520 4867 1639 4948 ἔχει
1706 4870 1853 4935 τινὰς
1900 4872 1988 4928 καὶ

319 4956 640 5035 ἰνδάλματα.
672 4960 825 5032 Οἷον,
898 4956 1146 5038 Ἀπέτωρ
1203 4961 1233 5016 6
1286 4955 1623 5040 Μελχισεδὲκ
1675 4963 1743 5034 τῇ
1799 4956 1987 5037 ἀγνοίᾳ

321 5050 506 5124 ἡμῶν,
536 5045 757 5126 ἀπάτωρ
782 5048 812 5103 6
842 5048 1067 5126 Χριστὸς
1123 5048 1221 5116 τὴν
1283 5049 1432 5105 κάτω
1473 5046 1743 5126 γέννησιν,
1812 5045 1988 5123 Ἀμή-

325 5158 436 5214 τωρ
492 5137 521 5192 6
577 5133 935 5216 Μελχισεδὲκ,
990 5136 1220 5216 ἀμήτωρ
1302 5139 1330 5194 6
1418 5137 1643 5216 Χριστὸς
1701 5135 1802 5203 τὴν
1879 5135 1997 5215 ἄνω,

325 5224 602 5305 γέννησιν,
647 5224 704 5281 ἐν
744 5225 782 5302 ᾗ
810 5226 927 5282 οὔτε
996 5223 1175 5306 ἀρχὴν
1232 5224 1393 5306 ἔσχεν
1434 5225 1670 5305 ἡμερῶν.
1723 5232 1841 5293 Πῶς
1886 5227 1986 5306 γὰρ

329 5319 358 5372 6
388 5314 622 5382 ποιητὴς
669 5318 778 5371 τῶν
820 5314 1080 5394 χρόνων;
1144 5316 1243 5374 Καὶ
1294 5314 1460 5379 οὕτως
1513 5315 1723 5371 ἅπαντα
1780 5317 1988 5387 νοήσεις

326 5403 429 5462 ὅσα
458 5403 620 5485 εἶχεν
651 5404 681 5460 6
740 5401 1077 5484 Μελχισεδὲκ
1143 5405 1301 5481 ἡμῶν
1370 5405 1702 5485 ἀγνοούντων
1747 5404 1813 5460 τὰ
1867 5404 1985 5462 κατ’

327 5494 508 5570 αὐτὸν,
556 5501 726 5552 ταῦτα
757 5494 787 5549 6
853 5495 1076 5573 Χριστὸς
1134 5492 1252 5576 ἔχει
1309 5500 1379 5571 τῇ
1433 5492 1675 5568 ἀληθείᾳ.
1762 5496 1857 5553 Καὶ
1887 5496 1988 5577 γὰρ

399 5652 460 5706 ³³
484 5646 641 5719 Gen'.
672 5668 796 5733 xw,
834 5658 861 5712 t
897 5671 1063 5737 seqq.

2068 4698 2233 4780 pium
2283 4714 2353 4757 ac
2411 4695 2617 4768 ﬁnem,
2681 4693 2762 4757 ita
2819 4694 3040 4756 Christi
3098 4712 3165 4755 re
3215 4692 3344 4773 ipsa
3399 4692 3516 4755 Sed
3550 4690 3727 4770 hujus

2068 4784 2335 4868 quidem,
2361 4802 2431 4845 eo
2454 4783 2930 4868 quodseriptum
2950 4801 3074 4868 non
3101 4784 3201 4855 sit,
3230 4780 3449 4844 Christi
3482 4799 3622 4842 vero
3655 4798 3725 4841 eo

2071 4862 2230 4949 quod
2264 4882 2405 4927 vere
2465 4862 2583 4925 non
2619 4862 2916 4925 habui-rlt.
2950 4862 3148 4943 Typus
3183 4880 3438 4943 namque
3470 4879 3586 4922 non
3624 4879 3729 4940 per

2072 4956 2271 5018 omnia
2290 4952 2614 5015 conformis
2638 4961 2727 5014 est
2742 4951 2973 5014 veritati
3000 4949 3316 5032 (siquidem
3341 4950 3468 5031 ipse
3492 4966 3730 5030 quoque

2070 5046 2287 5109 veritas
2339 5061 2470 5106 esse
2523 5041 2850 5116 invenitur,
2905 5047 2963 5102 et
3021 5039 3724 5121 majoridcntilasquam

2070 5134 2249 5197 fuerit
2279 5133 2338 5195 in
2396 5133 2634 5212 ﬁgura),
2669 5131 2774 5194 sed
2808 5127 3099 5210 imagines
3148 5128 3432 5210 quasdam
3463 5128 3639 5190 habet
3669 5137 3728 5189 et

2070 5224 2395 5288 simulacra
2477 5220 2622 5283 Puta
2657 5238 2671 5283 :
2706 5217 3105 5283 Melchisedec
3165 5226 3410 5299 propter
3468 5225 3728 5279 nostrum

2068 5313 2460 5396 ignorantiam
2478 5310 2699 5373 dicitur
2737 5328 2871 5371 esse
2903 5308 3033 5370 sine
3048 5319 3239 5389 patre,
3265 5307 3539 5370 Chrisms
3570 5308 3727 5369 infe-

2068 5405 2229 5467 riore
2252 5401 2552 5465 nativitate
2573 5419 2710 5463 vero
2734 5403 2864 5461 sine
2885 5407 3073 5481 patre.
3108 5398 3251 5461 Sine
3267 5403 3452 5459 matre
3473 5396 3728 5461 Melchi-

2068 5493 2272 5572 sedec,
2306 5490 2436 5554 sine
2487 5497 2672 5553 matre
2701 5489 2971 5554 Christus
3016 5506 3273 5573 superna
3306 5485 3631 5563 nativitate,
3665 5486 3727 5548 in
