4132 6418
472 242 590 311 347
1591 259 1943 326 CECUMEN
1946 264 2004 325 II
2048 259 2345 327 TRICCIE
2387 267 2722 332 EPISCOPI
3740 268 3863 338 348

473 402 592 485 qua
622 405 815 469 neque
834 387 1072 485 initium
1102 391 1312 455 habuit
1343 392 1596 455 dierum.
1621 394 1929 468 Quomodo
1963 396 2121 457 enim

2208 399 2452 475 βασιλεὺς
2537 404 2747 481 εἰρήνης
2831 406 2915 461 καὶ
2997 403 3331 473 δικαιοσύνης
3416 407 3445 462 6
3525 401 3862 485 Μελχισεδὲκ

475 476 729 576 haberet
750 477 849 576 qui
879 478 1067 576 fact-or
1094 489 1205 576 est,
1222 490 1553 576 temporum
1578 485 1610 545 ?
1642 486 1718 549 Et
1748 485 1828 548 ita
1848 488 2121 576 universa

2210 486 2338 576 ἄχρι
2409 476 2592 566 ψιλῶν.
2639 493 2938 570 ὀνομάτων,
3000 497 3028 551 6
3084 493 3139 552 δὲ
3195 496 3419 576 Χριστὸς
3489 501 3558 572 τῇ
3614 476 3856 565 ἀληθείᾳ.

475 585 605 648 quae
636 565 916 664 habuisse
948 567 1167 664 dicitur
1195 571 1689 664 Melchisedeceo
1709 573 1865 664 quod
1888 572 2121 664 ignore-

2214 565 2752 660 α-δλγενεαλόγητος,
2793 604 2818 639 ε
2873 565 3324 664 ’Ᾰγενεαλόγητον
3366 585 3455 641 τὸν
3500 565 3855 663 Μελχισεδὲκ,

475 674 607 753 mus
637 675 796 753 quae
818 657 977 753 circa
1023 657 1227 753 ipsum
1254 660 1546 753 _fuerunt,
1603 651 1745 725 haec
1765 651 2033 753 Christus
2061 661 2121 753 in

2207 671 2283 741 τῷ
2325 651 2403 743 μὴ
2436 651 2589 727 εῖναι,
2628 671 2724 747 μὲν
2783 671 2843 729 ἐκ
2894 651 2986 732 τοιῖ
3039 651 3340 753 σπέρματος
3397 651 3661 753 Ἀϐραὰμ,
3721 651 3859 747 μηδέ

476 745 747 842 veritate
779 745 1007 842 habuit.
1064 747 1370 842 Siquidem
1432 752 1825 842 Melchisedec
1855 751 2121 842 renguit

2207 755 2307 813 ὑπὸ
2378 745 2639 824 Μωσέως
2708 745 3186 842 γενεαλογετσθαι,
3245 762 3385 820 εἶναι
3440 745 3509 818 δὲ’
3563 745 3863 842 χναινατον

475 834 719 930 paciset
723 835 865 916 justi
875 835 970 930 tiae
986 838 1160 901 nudis
1179 838 1464 930 duntaxat
1483 840 2121 930 nominibus,Christus

2207 845 2268 901 τὸ
2333 847 2510 926 γένος,
2580 851 2668 907 καὶ
2722 834 2789 906 ἐκ
2852 834 2953 919 τῆς
3037 834 3299 930 ἐπαράτοι
3381 834 3606 918 ἐκείνης⁷
3658 854 3859 927 σπορᾶς

477 941 615 1021 vero
643 923 796 1021 ipsa-
828 925 1108 1021 veritate.
1154 952 1179 983 οι
1215 928 1356 1021 Sine
1379 930 1819 1021 genealogia.is_
1847 929 1991 994 Sine
2021 949 2121 1021 ge:

2210 923 2500 1016 ὁρμᾶσθαι,
2540 938 2750 996 Δίκαιον
2797 938 2851 995 δὲ
2908 941 3016 999 τῶν
3087 923 3203 998 καθ’
3256 942 3415 1000 αὐτὸν
3469 923 3858 1021 ἀποφανθᾶντα,

480 1014 953 1110 nealogiafuisse
994 1015 1661 1110 diciturMelc-hisedec,
1869 1039 1938 1084 eo
1968 1019 2121 1104 quod

2209 1014 2298 1082 καὶ
2326 1027 2420 1083 οὒκ
2449 1028 2510 1085 ἐκ
2565 1029 2838 1109 προγόνων
2895 1030 3204 1110 ὁρμώμενον
3270 1027 3507 1110 δικαίων,
3581 1014 3697 1085 οὖδέ
3752 1014 3861 1084 ἆπύ

478 1123 596 1166 non
620 1105 797 1198 fuerit
819 1122 892 1167 ex
910 1105 1138 1198 semine
1156 1105 1680 1190 Abraham,neque
1698 1129 1732 1172 a
1761 1109 1919 1172 Mose
1939 1128 2121 1188 genus

2208 1136 2350 1181 τινος
2398 1105 2618 1183 δικαίας-
2683 1105 2937 1198 σπορᾶς.-
2996 1105 3069 1178 Οὔ
3122 1119 3275 1194 θέμις
3331 1121 3422 1198 Ιῆν
3490 1105 3857 1198 ίγενεαλογεϊν,

476 1194 798 1276 acceperit,
832 1194 936 1256 sed
970 1214 1003 1256 a
1032 1195 1404 1260 Chananaais.
1464 1206 1522 1259 et
1549 1198 1621 1259 ab
1663 1199 1994 1261 execrando
2024 1198 2126 1261 illo

481 1288 713 1351 semine
733 1287 1024 1370 prodierit
1051 1305 1064 1350 :
1085 1288 1492 1369 justustamen
1517 1291 1639 1353 suis
1660 1291 1940 1373 operibus
1954 1311 2128 1373 appa-

477 1378 685 1460 ruerit,
721 1397 855 1441 cum
882 1397 912 1439 a
923 1377 1102 1458 justis
1123 1380 1599 1459 progenitoribus
1619 1390 1783 1444 ortus
1809 1401 1926 1444 non
1944 1390 2125 1458 esset,

478 1486 674 1549 neque
707 1467 780 1529 ab
840 1468 1036 1548 aliquo
1089 1468 1254 1548 justo
1311 1470 1561 1534 semine.
1610 1470 1737 1533 Non
1774 1480 1896 1533 erat
1927 1470 2126 1552 itaque

475 1559 563 1661 fas
592 1560 1144 1661 ejusigenealogiam
1162 1572 1459 1663 remisere,
1489 1563 1588 1643 qui
1613 1563 2123 1663 hoc_t_nod_o_justi-
2147 1613 2186 1663 Β

479 1649 575 1711 tiae
602 1649 881 1711 verticem
937 1648 1247 1728 attigisset.
1281 1649 1445 1722 Quod
1478 1661 1673 1713 autem
1727 1651 2124 1715 Melchisedec

2206 1206 2297 1261 τὸν
2326 1207 2399 1272 εὶς
2430 1205 2584 1287 ἄκρον
2640 1204 2975 1276 δικαιοσύνης
3033 1209 3268 1271 νεύοντα.
3332 1200 3493 1267 ΗΟντι
3561 1205 3616 1263 δὲ
3676 1213 3861 1263 Χανα-

2211 1307 2362 1359 ναῖος
2410 1295 2478 1363 ἧν
2550 1297 2611 1353 τὸ
2664 1295 2816 1375 γένος
2885 1299 2914 1355 6
2985 1295 3343 1379 Μελχισεδὲκ,
3415 1295 3699 1359 δείκνυται,
3762 1295 3863 1353 Καὶ

2210 1382 2319 1441 ἔστι
2389 1383 2453 1456 δή
2524 1409 2627 1443 που
2704 1388 3068 1466 τεκμήρασθαι
3141 1388 3228 1443 καὶ
3266 1385 3362 1443 ἀπ’
3421 1387 3588 1444 αὐτῶν
3646 1383 3862 1441 ἐκείνων

2208 1473 2282 1530 ὧν
2311 1474 2516 1553 ἐκράτει
2572 1474 2660 1531 καὶ
2715 1472 2981 1532 ἐϐασίλευε
3033 1474 3329 1551 κλιμάτων,
3389 1477 3477 1532 καὶ
3532 1477 3619 1539 οἷς
3678 1471 3858 1540 ἐπλη-

2207 1562 2372 1634 σίαζε,
2433 1563 2627 1619 Γείτων
2696 1564 2794 1639 μὲν
2835 1565 2935 1643 γὰρ
3016 1564 3083 1632 ἦν
3156 1563 3431 1640 Σοδόμων,
3478 1562 3859 1642 πλησιαίτερος

2206 1648 2261 1707 δὲ
2304 1659 2381 1727 τῷ
2424 1650 2665 1732 Ἀϐραὰμ
2709 1653 2933 1710 οἰκοῦντι
2989 1655 3119 1733 πρὸς
3177 1660 3245 1729 τῇ
3301 1651 3419 1732 δρυί
3474 1659 3545 1720 τῇ
3602 1648 3857 1729 Μαμϐρῇ.

475 1757 695 1818 genere
742 1738 1109 1802 Chananazus
1164 1737 1363 1813 fuerit,
1399 1741 1749 1803 ostenditur.
1788 1740 1948 1802 Licet
1981 1758 2121 1803 sane

2208 1740 2424 1798 Οἴεσθαι
2467 1740 2521 1798 δὲ
2570 1742 2706 1822 χρὴ,
2780 1741 2861 1799 ὅτι
2919 1744 3006 1822 καὶ
3078 1740 3273 1818 Σαλὴμ
3344 1742 3549 1809 ἐκείνης
3598 1739 3860 1820 ἐτύγχανε

474 1828 824 1909 conjectari,
859 1827 1009 1889 etab
1034 1827 1154 1889 illis
1202 1828 1348 1909 ipsis
1378 1828 1438 1891 in
1471 1830 1687 1911 quibus
1710 1830 2121 1892 dominabatur

2207 1829 2478 1906 βασιλεὺς,
2531 1821 2693 1899 ἥτις
2752 1831 2892 1888 ἐστιν
2952 1821 3319 1911 Ἰερουσαλήμ,
3400 1855 3421 1886 ε
3458 1830 3858 1911 Ἀιρωμοιωμέ-

472 1939 540 1980 ac
569 1917 851 1996 regnabat
901 1916 1268 1997 regionibus,
1329 1927 1388 1979 et
1442 1919 1515 1980 ab
1564 1923 1650 1982 eis
1681 1940 1812 2001 qum
1840 1918 2121 1999 proximae

2208 1943 2296 1983 νος
2327 1917 2380 1975 δὲ
2424 1928 2499 1996 τῷ
2553 1924 2658 1996 Υἱῴ
2716 1928 2806 1978 τοὺ
2877 1929 3028 1981 Θεοῦ.
3081 1945 3103 1979 ε
3174 1923 3270 1978 Καὶ
3311 1926 3414 1978 ποῦ
3478 1922 3514 1988 ἡ
3557 1918 3852 1997 ὁμοιότης;

472 2017 662 2070 erant.
692 2006 999 2087 Siquidem
1025 2006 1254 2069 vicinus
1278 2019 1399 2069 erat
1422 2006 1840 2079 Sodomorum,
1872 2008 2121 2070 vicinior

2207 2008 2284 2064 ὅτι
2330 2011 2416 2066 καὶ
2444 2010 2627 2067 τούτου
2656 2011 2744 2067 καὶ
2790 2012 2884 2068 τοῦ
2939 2010 3180 2090 Χριστοῦ,
3244 2011 3305 2066 τὸ
3362 2007 3515 2073 τέλος
3576 2009 3855 2086 ἀγνοεῖται

469 2107 664 2159 autem
697 2095 952 2160 Abrahae
970 2097 1071 2178 qui
1098 2096 1401 2160 habitabat
1422 2099 1491 2160 ad
1516 2117 1801 2179 quercum
1829 2098 2115 2162 Mambre.

2207 2101 2292 2155 καὶ
2336 2100 2370 2167 ἡ
2415 2099 2583 2180 ἀρχή.
2638 2097 2803 2157 Ἀλλὰ
2855 2099 3041 2157 τούτου
3109 2100 3227 2172 μὲν,
3288 2099 3431 2178 παρὰ
3484 2099 3545 2154 τὸ
3603 2098 3680 2172 μὴ
3752 2117 3855 2175 γε·

444 2188 824 2263 ,Existimare
839 2195 1034 2248 autem
1051 2195 1281 2268 oportet
1302 2188 1458 2267 quod
1483 2189 1641 2250 illius
1662 2208 1897 2270 quoque
1919 2186 2115 2251 Salem

2207 2187 2446 2267 γράφθαι,
2490 2195 2581 2245 τοῦ
2611 2187 2664 2245 δὲ
2713 2196 2959 2269 Χριστοῦ,
2996 2189 3137 2268 παρὰ
3165 2189 3226 2244 τὸ
3276 2187 3352 2262 μή
3412 2186 3577 2245 εἶναι.
3619 2208 3645 2240 α
3694 2184 3853 2242 Μένει

468 2299 572 2342 rex
602 2286 728 2340 erat
750 2295 881 2357 quas
903 2286 993 2338 est
1015 2276 1365 2340 Jerusalem.
1399 2301 1421 2333 υ
1449 2275 1563 2339 Sed
1589 2278 1949 2339 assimilatas
1972 2280 2117 2340 Filio

2207 2278 2359 2352 ἱερεὺς
2388 2279 2460 2341 εἰς
2497 2279 2557 2334 τὸ
2600 2276 2860 2345 διηνεκές.
2903 2299 2927 2334 o
2977 2279 3158 2352 Τούτῳ
3224 2283 3300 2352 τῷ
3367 2276 3548 2355 τρόπῳ
3618 2272 3758 2339 δέξαι
3789 2275 3853 2330 τὸ

469 2369 599 2431 Dei.
637 2394 663 2425 υ
700 2355 904 2449 Ιηιιυο
938 2374 1138 2429 autem
1162 2366 1592 2428 estsimilitudo
1618 2366 1642 2429 ἲ
1672 2367 1825 2448 quod
1853 2377 1911 2430 et
1943 2368 2117 2449 hujus

2207 2361 2456 2435 διηνεκές,
2491 2370 2537 2441 ᾧ
2585 2368 2673 2422 καὶ
2728 2367 2795 2422 τὰ
2845 2364 3004 2428 ἄλλα.
3063 2355 3215 2436 υΟτι,
3285 2365 3466 2443 φησὶν,
3526 2361 3651 2419 ὅσον
3722 2364 3851 2438 ᾗκεν

469 2468 528 2521 et
580 2455 799 2520 Christi
857 2454 993 2516 ﬁnis
1040 2455 1346 2533 ignoretur
1394 2465 1451 2516 et
1483 2456 1717 2517 initium
1750 2477 1763 2490 ·
1803 2456 1906 2518 sed
1941 2448 2119 2537 hujus

2207 2455 2275 2518 εἷς
2332 2456 2472 2529 ἡμᾶς
2514 2456 2635 2521 τοὺς
2692 2454 3013 2534 ὰγνοοᾶπας
3071 2456 3200 2513 πότε
3256 2453 3574 2524 τελευτήσας
3630 2448 3853 2509 ἀπέθετο

470 2547 711 2629 quidem
738 2564 808 2608 eo
854 2544 1010 2626 quod
1062 2532 1280 2625 scripta
1304 2563 1420 2606 non
1454 2545 1593 2621 sint,
1629 2545 1846 2609 Christi
1878 2532 2119 2608 vero'eo

2207 2544 2301 2611 τὴν
2344 2545 2653 2624 ἱερωσύνην,
2728 2546 2802 2609 εἷς
2872 2547 2933 2601 τὸ
3016 2543 3255 2613 διηνεκές
3313 2542 3454 2601 ἔστιν
3524 2542 3713 2619 ἱερεύς.
3792 2532 3851 2598 Ὀ

469 2637 624 2720 quod
661 2655 777 2698 non
802 2633 1294 2698 fuerint.«Manet
1312 2634 1589 2695 sacerdos
1610 2634 1667 2695 in
1700 2645 2114 2716 perpetuum.»

2207 2635 2300 2710 γὰρ
2330 2635 2491 2698 τύπος
2547 2635 2749 2700 εἰκόνας
2818 2632 3047 2710 ἀμυδρὰς
3105 2635 3260 2706 σώζει
3310 2639 3403 2691 τοῦ
3461 2631 3805 2711 πρωτοτύπου
3831 2649 3847 2666 ⁸

467 2719 551 2790 Eo
589 2724 765 2787 modo
827 2724 1275 2805 perpetuitatem
1329 2723 1580 2804 accipito
1613 2744 1731 2805 quo
1763 2740 1815 2786 et
1856 2733 2066 2788 caetera
2100 2744 2113 2789 :

2207 2722 2237 2791 ἢ
2285 2724 2365 2780 ὅτι
2422 2722 2510 2781 καὶ
2580 2724 2773 2804 τρόπος
2825 2729 2926 2792 τῆς
2990 2733 3083 2783 τοῦ
3165 2719 3498 2803 Μελχισεδὲκ
3538 2721 3851 2800 ἱερωσύνης,

470 2814 752 2898 quoniam
808 2812 968 2894 quod
1025 2811 1096 2873 ad
1173 2832 1281 2873 nos
1359 2813 1569 2873 attinet
1627 2813 1727 2893 qui
1780 2815 2121 2893 ignoramus

2208 2811 2384 2892 (οἶδας
2427 2812 2482 2870 δὲ
2512 2816 2561 2871 τί
2619 2811 2811 2893 λέγω,)
2885 2811 3123 2881 διηνεκὲς
3182 2812 3351 2889 μένει,
3418 2831 3442 2867 ι
3506 2818 3767 2889 Θεωρεῖτε
3795 2807 3853 2865 δὲ

470 2905 708 2987 quando
734 2902 998 2965 moriens
1027 2900 1341 2982 reliquerit
1370 2902 1791 2978 sacerdotium,
1827 2904 1885 2965 in
1913 2922 2121 2986 perpe-

2207 2902 2309 2969 πη)
2323 2904 2429 2966 ίκος
2461 2906 2636 2968 οὗτος.
2678 2927 2702 2961 ε
2740 2901 2959 2970 Ἐπειδὴ
3016 2902 3282 2983 ἐφήρμοσε
3353 2906 3421 2978 τῇ
3472 2898 3691 2972 ἀληθείᾳ
3759 2900 3852 2956 τὸν

472 3010 636 3058 tuum
672 2992 951 3056 sacerdos
1002 3000 1114 3054 est.
1167 2990 1379 3070 Figura
1412 2991 1570 3053 enim
1619 2992 1901 3055 obscuras
1930 3012 2121 3057 servat

2208 2993 2393 3065 τύπον,
2453 2995 2646 3050 λοιπὸν
2713 2990 2958 3070 βούλεται
3030 2990 3196 3057 δεῖξαι
3306 2988 3386 3046 ὅτι
3457 2990 3544 3046 καὶ
3614 2989 3772 3051 αὐτὸς
3823 2990 3852 3044 6

473 3083 768 3167 prototypi
802 3080 1111 3160 imagines.
1142 3089 1260 3142 Aut
1287 3081 1441 3162 quod
1477 3081 1654 3143 etiam
1680 3082 1892 3145 modus
1914 3103 2121 3146 sacer-

471 3176 615 3241 dotii
637 3171 1030 3237 Melchisedec
1060 3170 1240 3249 (nosti
1260 3178 1453 3231 autt-m
1480 3170 1619 3251 quid
1642 3170 1861 3245 dicam)
1884 3173 1942 3234 in
1980 3193 2121 3255 per-

472 3274 714 3348 petuum
774 3267 1036 3323 maneat.
1077 3284 1102 3313 α
1138 3258 1524 3348 Considerate
1571 3279 1708 3322 vero
1741 3270 1994 3342 quantus
2025 3262 2121 3325 hic

469 3347 668 3417 fuerit.
703 3374 731 3412 »
767 3348 1054 3423 Quoniam
1107 3347 1399 3428 adaptavit
1428 3349 1660 3411 veritati
1693 3353 1965 3429 ﬁguram.
2001 3352 2122 3414 vult

471 3443 760 3522 deniceps
773 3437 1089 3501 ostendere
1105 3437 1259 3519 quod
1276 3437 1401 3517 ipsa
1418 3457 1653 3519 quoque
1669 3439 1853 3517 ﬁgura
1876 3441 2117 3517 Christi,

470 3534 582 3595 hoc
613 3541 703 3593 est
734 3527 1147 3603 Melchisedee,
1208 3528 1400 3608 major
1450 3536 1575 3589 erat
1607 3528 1749 3603 ipsis
1776 3527 2118 3593 Judworum

472 3616 983 3684 sacerdotibus.Et
1011 3616 1151 3697 quid
1177 3616 1311 3677 dico
1337 3616 1751 3678 sacerdotibus
1770 3616 1801 3677 ‘?
1822 3617 1951 3698 ipso
1975 3637 2120 3681 sane

471 3709 809 3790 patriarcha
858 3706 1159 3771 Abraham
1213 3706 1408 3786 major
1438 3713 1588 3769 erat.
1621 3705 1789 3779 Quod
1820 3707 1867 3767 si
1898 3707 2120 3770 Christi

468 3811 636 3882 typus
668 3798 859 3878 major
889 3803 1012 3857 erat
1041 3794 1169 3874 ipso
1200 3813 1435 3876 quoque
1469 3794 2115 3875 patriarcha.quidnam

469 3891 632 3952 dicet
687 3885 979 3968 quispiam
1035 3883 1111 3945 de
1160 3883 1452 3945 Christo?
1506 3884 1637 3945 Alio
1671 3884 1909 3963 quidem
1943 3887 2121 3949 modo

470 3980 660 4060 major
689 3985 815 4039 erat
837 3974 1132 4037 Abraham
1157 3991 1332 4054 quam
1360 3973 1759 4037 Melchisedec
1789 3996 1801 4036 :
1822 3974 1925 4037 sed
1948 3986 2123 4057 typus

466 4068 655 4130 inisto
679 4064 975 4126 vincebat.
1008 4061 1095 4124 Ita
1121 4061 1296 4124 habet
1331 4060 1501 4124 divus
1542 4061 1822 4142 Cyrillus,
1856 4065 2120 4128 secundo

467 4156 767 4218 volumine
797 4153 1049 4215 decimae
1082 4152 1265 4230 partis
1295 4151 1354 4213 in
1390 4151 1651 4214 Residua
1671 4152 2005 4234 latriaaquaa
2029 4163 2120 4217 est

2205 3083 2495 3148 τύποςτοῦ
2560 3089 2805 3161 Χριστοῦ,
2879 3080 3170 3154 τουτέστιν,
3223 3081 3251 3135 6
3309 3075 3667 3159 Μελχισεδὲκ,
3729 3078 3853 3155 μεί-

2204 3177 2307 3242 ζων
2362 3172 2427 3239 ἧν
2485 3173 2653 3228 αὖτῦν
2710 3178 2817 3227 τῶν
2872 3170 3016 3250 παρὰ
3111 3166 3379 3232 Ἰουδαίοις
3472 3167 3676 3245 ἱερέων,
3753 3168 3853 3225 Καὶ

2204 3262 2253 3315 τί
2294 3259 2434 3339 λέγω
2503 3260 2732 3341 ἱερέων;
2808 3263 2966 3319 αὐτοῦ
3037 3258 3134 3334 μὲν
3232 3257 3320 3315 οὖν
3374 3265 3468 3316 τοῦ
3521 3257 3855 3337 πατριάρχου

2206 3346 2447 3429 Ἀϐραὰμ
2504 3350 2696 3425 μείζων
2747 3349 2838 3417 ἧν,
2904 3350 2962 3405 Εἰ
3017 3345 3072 3404 δὲ
3128 3349 3155 3403 6
3223 3347 3386 3410 τύπος
3454 3348 3549 3403 τοῦ
3602 3353 3852 3425 Χριστοῦ,

2204 3440 2353 3517 φησὶ,
2417 3439 2607 3513 μείζων
2663 3439 2751 3495 καὶ
2778 3437 2936 3494 αὒτοῦ
2989 3446 3083 3496 τοῦ
3139 3436 3492 3515 πατριάρχου,
3549 3437 3600 3491 τί
3656 3433 3719 3492 ἄν
3772 3457 3854 3499 τις

2203 3524 2348 3584 εἴποι
2378 3528 2495 3605 περὶ
2534 3538 2628 3587 τοῦ
2668 3533 2890 3605 Χριστοῦ
2925 3546 2941 3606 ;
2975 3524 3149 3587 ἄλλως
3202 3525 3320 3604 μὲν,
3379 3526 3628 3601 κρείττων
3684 3523 3752 3592 ἦν
3827 3525 3867 3580 δ

2202 3603 2566 3695 Ἀϐραὰμ-τοῦ
2599 3603 2956 3695 Μελχισεδὲκ,
3024 3603 3147 3669 ἀλλ’
3208 3616 3236 3670 6
3291 3603 3454 3676 τύπος
3496 3613 3563 3681 ἧν
3604 3615 3633 3669 6
3662 3617 3849 3668 νικῶν.

2204 3703 2381 3767 Οὕτως
2422 3706 2450 3761 6
2495 3704 2549 3760 ἐν
2600 3704 2767 3782 ἁγίοις
2834 3702 3088 3782 Κύριλλος
3145 3702 3198 3759 ἐν
3255 3699 3442 3778 βιϐλίῳ
3482 3699 3701 3778 δευτέρῳ
3752 3699 3849 3767 τῆς

2202 3791 2427 3861 δεκάτης
2484 3795 2557 3857 εἷς
2635 3795 2701 3849 τὰ
2771 3791 3205 3873 παραλειπόμενα
3302 3797 3401 3858 τῆς
3482 3789 3536 3847 ἐν
3593 3789 3852 3863 πνεύματι

2201 3884 2289 3939 καὶ
2320 3880 2538 3956 ἀληθείᾳ
2598 3881 2865 3963 λατρείας.
2944 3905 2969 3936 ε
3034 3876 3098 3963 ’ῳ
3168 3882 3257 3937 καὶ
3326 3878 3553 3947 δεκάτην
3609 3875 3857 3958 Ἀϐραὰμ

2202 3970 2417 4031 ἔδωκεν.
2452 3996 2480 4029 tu
2516 3977 2623 4032 Ούκ
2651 3972 2791 4030 ἔστιν
2836 3974 3029 4053 εἰπεῖν,
3078 3972 3257 4053 φησὶν,
3322 3969 3400 4027 ὅτι
3456 3967 3681 4026 δέδωκεν
3711 3967 3857 4043 αὒτῷ

2201 4059 2447 4142 δεκάτας,
2476 4064 2549 4128 ὡς
2578 4063 2992 4130 κεκοινωνηκότι
3036 4070 3128 4121 τοῦ
3181 4058 3423 4137 πολέμου
3459 4079 3473 4095 ⁶
3549 4056 3652 4132 (διὰ
3694 4063 3850 4115 τοῦτο

2202 4152 2302 4229 γὰρ
2333 4141 2488 4207 εἶπεν
2516 4149 2649 4231 ἄνω,
2685 4141 3088 4232 ’Υποστρέφοντι
3117 4156 3213 4217 τῆς
3265 4153 3440 4216 κοπῆς
3491 4145 3847 4226 ὑπήντησεν),

467 4247 527 4308 in
563 4243 773 4325 Spiritu
832 4250 892 4304 et
948 4240 1212 4303 veritate.
1256 4262 1283 4300 ‹
1316 4238 1421 4302 Cui
1453 4240 1628 4301 etiam
1660 4233 1921 4303 decimas
1952 4242 2119 4305 dedit

2207 4237 2337 4295 ἀλλὰ
2406 4241 2540 4296 κατὰ
2594 4237 2766 4305 ,σέϐας
2824 4242 2911 4297 καὶ
2968 4240 3152 4319 τιμὴν,
3225 4238 3403 4313 ὥσπερ
3459 4236 3711 4315 ἀπαρχὰς
3770 4233 3855 4291 δι-

466 4323 786 4397 Abraham.
820 4357 845 4386 η
878 4329 1005 4392 Non
1041 4337 1254 4409 potest,
1288 4327 1497 4408 inquit.
1530 4328 1648 4389 dici
1680 4330 1835 4410 quod
1877 4331 1990 4410 ipsl
2018 4332 2121 4395 de-

2207 4327 2347 4392 δούς,
2391 4352 2414 4386 ι
2464 4327 2560 4388 Ἐκ
2613 4336 2720 4386 τῶν
2774 4330 3098 4411 ἀκροθινίων,
3135 4350 3163 4389 ι
3215 4327 3310 4386 Ἐκ
3378 4327 3482 4385 τῶν
3532 4323 3739 4382 σκύλων
3769 4325 3858 4381 καὶ

470 4424 657 4486 cimas
688 4420 923 4482 dederit
954 4428 1233 4498 tanquam
1266 4417 1321 4479 ei
1360 4417 1458 4496 qui
1492 4416 1631 4478 hetli
1664 4418 1959 4500 particeps
1989 4421 2121 4484 iue-

2207 4416 2471 4500 λαφύρων,
2523 4420 2580 4476 Εἰ
2626 4415 2682 4474 δὲ
2751 4426 2845 4475 τοῦ
2900 4418 3230 4498 πατριάρχου
3287 4416 3478 4495 μείζων
3536 4414 3647 4482 (καὶ
3701 4419 3858 4470 τοῦτο

466 4526 582 4576 rat.
619 4511 941 4591 Propterea
967 4508 1129 4570 enim
1159 4514 1336 4568 antea
1366 4506 1596 4567 dixerat
1616 4507 1769 4586 quod
1803 4508 2120 4572 revertenti

2207 4505 2365 4575 δηλοῖ
2393 4509 2427 4573 ἡ
2458 4514 2563 4565 τῶν
2591 4505 2822 4565 δεκατῶν
2853 4505 3039 4589 δόσις),
3111 4505 3294 4582 πολλῷ
3325 4504 3528 4582 μᾶλλον
3580 4508 3684 4559 τῶν
3712 4504 3860 4582 παρὰ

466 4622 500 4665 a
526 4601 689 4664 caede
723 4597 981 4662 occurrit
1018 4616 1031 4659 :
1066 4595 1170 4657 sed
1199 4614 1266 4657 ex
1302 4595 1637 4657 reverentia
1679 4604 1735 4656 et
1766 4596 1993 4659 honore
2022 4618 2121 4662 ve-

2209 4595 2475 4661 ἰουδαίοις
2536 4596 2746 4677 ἵερὲων.
2806 4599 2879 4655 Οὐ
2969 4600 3069 4676 γὰρ
3146 4595 3330 4661 ἁπλῶς
3428 4597 3457 4651 6
3513 4615 3857 4673 πατριαρχης

467 4690 572 4754 luti
609 4688 906 4767 primitias
953 4685 1140 4749 dedit.
1182 4710 1205 4741 «ι
1242 4684 1327 4747 De
1358 4684 1589 4765 spoliis.
1626 4707 1653 4745 ι
1702 4683 1786 4747 De
1814 4686 2039 4749 exuviis
2068 4695 2121 4750 et

2207 4689 2536 4768 πρόσκειται,
2584 4684 2701 4743 ἀλλ’
2735 4687 2824 4743 ἵνα
2867 4684 3028 4764 δείξῃ,
3091 4687 3135 4743 εἰ
3188 4688 3217 4742 6
3272 4684 3634 4765 πατριάρχης,
3670 4684 3857 4762 φησὶν,

467 4781 670 4860 przeda
739 4779 908 4853 Quod
949 4777 999 4840 si
1028 4776 1159 4857 ipso
1195 4774 1525 4857 patriarcha
1558 4775 1749 4855 major
1778 4785 1905 4837 erat
1938 4795 1951 4840 :
1987 4779 2121 4839 366

2210 4775 2396 4851 ἔδωκε,
2454 4783 2506 4834 τί
2546 4775 2630 4833 δεῖ
2657 4777 2774 4854 περὶ
2801 4775 2982 4855 ἱερέων
3012 4774 3225 4855 λέγειν,

463 4857 522 4935 et
550 4872 663 4933 hoc
692 4870 988 4950 signiﬁcat
1019 4866 1386 4929 decimarum
1424 4863 1660 4926 traditio
1695 4884 1708 4925 :
1749 4866 1932 4928 multo
1966 4867 2153 4948 magis
2181 4864 2596 4929 sacerdotibus
2623 4864 2985 4928 Judaeorum.
3012 4866 3143 4928 Non
3164 4862 3325 4926 enim
3355 4870 3584 4948 temere
3616 4857 3865 4942 patriar-

462 4962 577 5023 cha
605 4959 959 5023 adducitur:
993 4956 1096 5019 seel
1132 4963 1195 5017 ut
1224 4953 1493 5017 ostendat
1525 4953 1679 5035 quod
1714 4954 1762 5016 si
1799 4956 2159 5037 patriarcha,
2194 4956 2407 5038 inquit,
2442 4954 2632 5031 dedit,
2666 4954 2809 5037 quid
2839 4955 2915 5017 de
2938 4952 3351 5017 sacerdotibus
3381 4951 3704 5015 dicendum
3734 4955 3861 5017 est?

2287 5178 2311 5211 ιι
2353 5155 2450 5213 Καὶ
2508 5156 2555 5210 οἱ
2614 5153 2710 5229 μὲν
2766 5153 2826 5209 ἐκ
2895 5156 2999 5210 τῶν
3058 5151 3183 5209 υἱῶν
3239 5155 3365 5209 Δευῖ
3430 5150 3530 5218 τὴν
3602 5147 3863 5226 ἱερατείαν

2204 5240 2587 5320 λαμϐάνοντες,
2754 5240 2973 5310 ἐντολὴν
3120 5240 3338 5322 ἔχουσιν
3502 5235 3862 5296 ἀποδεκατοῦν

2204 5332 2296 5387 τὸν
2345 5330 2475 5388 λαὸν
2526 5332 2663 5389 κατὰ
2743 5333 2833 5388 τὸν
2901 5331 3087 5407 νόμον,
3158 5329 3420 5403 τουτέστι,
3509 5328 3632 5393 τοὺς
3698 5324 3861 5383 ἀδελ-

2205 5422 2334 5501 φοὺς
2404 5424 2598 5501 αὒτῶν,
2696 5421 2892 5499 παίπερ
2975 5417 3351 5487 ἐξεληλυθύης
3447 5417 3507 5475 ἐκ
3603 5421 3703 5483 τῆς
3775 5418 3864 5473 ὁσ-

2202 5510 2328 5591 φύος
2389 5508 2653 5587 Ἀϐραὰμ.
2715 5502 2772 5570 Ὀ
2844 5510 2899 5567 δὲ
2959 5512 3038 5586 μὴ
3094 5507 3576 5588 γενεαλογούμενος
3628 5503 3681 5572 ἐξ
3764 5506 3862 5562 αὒ-

2202 5607 2331 5679 τῶν,
2406 5597 2735 5658 δεδεκάτωκε
2791 5603 2882 5658 τὸν
2965 5597 3230 5677 Ἀϐραὰμ,
3315 5598 3403 5655 καὶ
3484 5598 3574 5654 τὸν
3664 5594 3868 5676 ἔχοντα

541 5156 643 5229 Vl,
682 5157 807 5216 5-7.
866 5158 1056 5236 Atque
1103 5155 1153 5216 εἰ
1203 5172 1309 5234 qui
1365 5171 1397 5215 ε
1440 5153 1586 5233 ﬁliis
1620 5154 1761 5216 Levi
1789 5153 2117 5217 sacerdotii

461 5246 833 5325 [unctionem
864 5253 1137 5311 sumunt.
1191 5252 1561 5324 priami/um
1594 5242 1814 5313 habent
1848 5249 1916 5305 ut
1955 5243 2111 5306 deci-

460 5352 592 5396 mas
644 5335 947 5413 accipiant
995 5350 1032 5393 a
1068 5335 1287 5412 populo
1326 5334 1515 5412 juzrta
1550 5340 1765 5409 legem,
1799 5333 1910 5393 hoc
1940 5341 2048 5407 est,
2084 5350 2121 5394 a

459 5423 768 5503 fratribus
797 5424 945 5491 suis,
971 5421 1108 5484 licet
1138 5424 1395 5503 egressis
1424 5439 1502 5484 ex
1538 5421 1754 5483 lumbis
1781 5420 2115 5484 Abraham.

467 5514 548 5575 At
586 5517 638 5574 is
686 5511 863 5591 cujus
902 5527 1092 5591 genus
1121 5530 1241 5573 non
1287 5518 1634 5574 recensetar
1672 5529 1746 5573 ex
1775 5509 1897 5571 illis
1953 5510 2083 5573 dcci

466 5619 600 5664 mus
631 5600 867 5681 accepit
916 5599 993 5661 ab
1026 5599 1353 5681 Abraham,
1402 5608 1461 5663 et
1489 5599 1737 5663 habenti
1762 5599 2118 5680 promissio-
