4132 6426
367 346 485 413 349

365 482 460 548 τὰς
556 480 900 562 ἐπαγγελίας,
1028 481 1311 563 εὒλόγηκε.

365 570 693 652 ἀντιλογίας,
756 573 819 629 τὸ
874 570 1096 631 ἔλαττον
1157 574 1260 631 ὑπὸ
1334 581 1428 632 τοῦ
1479 573 1771 653 κρείττονος
1863 571 2021 634 εὔλο-

402 675 570 725 εϊται,
607 685 635 716 ι
1820 678 1832 695 ί

363 686 398 740 γ
449 739 581 808 ’Ἔτι
621 751 657 819 ἡ
688 749 991 820 κατασκευὴ
1012 750 1093 808 ὅτι
1115 754 1144 809 6
1187 750 1350 818 τύπος
1408 750 1504 811 τοῦ
1562 760 1788 833 Χριστοῦ
1831 751 2022 828 μείζων

1457 347 1856 415 COMMENT.
1904 351 1987 412 IN
2034 349 2275 412 EPIST.
2322 351 2424 412 AD
2465 351 2695 413 HEBR.

1429 484 1597 565 Χωρὶς
1680 480 1736 539 δὲ
1844 484 2002 573 πάσης

2106 498 2241 573 nem
2276 480 2614 573 benedixit.
2668 482 2865 548 Porro
2911 503 3086 550 nemo
3112 495 3301 569 negat
3330 490 3480 572 quin
3509 491 3577 554 id
3602 493 3766 573 quod

3646 354 3767 421 350

2106 570 2315 674 minus
2356 579 2459 674 est
2518 572 2592 636 ab
2635 590 2707 636 eo
2756 575 2917 655 quod
2944 578 3147 657 majus
3172 583 3260 641 est
3289 570 3763 645 benedictionem

2106 666 2516 841 ?cggii‘iitrmat
2532 750 2700 841 quod
2732 750 2914 841 isqui
2953 751 3173 816 Christi
3201 754 3389 836 ﬁgura
3418 766 3543 820 erat
3565 759 3759 841 major

362 844 470 897 τῶν
520 861 665 918 παρα
715 836 980 905 Ἰουδαίοις
1038 840 1243 921 ἱερέων.
1304 845 1366 901 Οἱ
1422 842 1675 916 Λευῖται,
1733 841 1916 923 φησὶν,
1948 842 2002 899 ὡς

2108 835 2220 899 fuit
2245 839 2661 902 sacerdotibus
2691 840 3053 904 Judaaorum.
3089 835 3318 910 Levitaa.
3376 846 3590 928 inquit,
3624 835 3757 910 tau-

361 928 666 1008 τιμιώτεροι
723 930 872 992 ιντες
942 939 1036 991 τοῦ
1127 929 1317 990 λοιποῦ
1385 929 1542 1012 λαοῦ,
1623 931 1717 996 τὰς
1800 927 2020 994 δεκάτας

362 1015 846 1095 ἀπολαμϐάνουσιν.
924 1018 1073 1078 Ἐπεὶ
1128 1021 1179 1077 τί
1234 1018 1434 1092 δήποτε
1525 1020 1666 1100 παρὰ
1755 1016 2016 1100 ἀδελφῶν,

361 1109 454 1165 τὸν
496 1109 654 1167 αὺτὸν
711 1108 950 1189 ἐχόντων
1007 1109 1209 1190 πατέρα
1262 1107 1666 1186 λαμϐάνουσινς
1725 1106 1883 1177 δῆλον
1926 1108 2012 1166 οὖν

361 1198 435 1261 ὡς
463 1199 627 1274 τιμῆς
683 1200 774 1255 καὶ
814 1206 907 1257 τοῦ
961 1198 1264 1280 ἱερωτέρους
1323 1198 1489 1277 εἶναι,
1550 1195 1814 1275 συμϐολόν
1885 1199 2012 1255 εἰσιν

360 1289 412 1344 αἱ
468 1285 705 1350 δεκάται.
805 1295 1093 1370 Τοιγαροῦν
1191 1290 1279 1346 καὶ
1368 1291 1396 1346 6
1495 1286 1853 1370 Μελχισεδὲκ,
1926 1289 2014 1344 καὶ

358 1381 523 1433 ταῦτα
564 1374 859 1458 ἀλλόφυλος
889 1376 963 1435 ὢν
1001 1378 1089 1434 καὶ
1131 1375 1584 1457 ἀγενεαλόγητος,
1655 1381 1749 1437 οῦκ
1780 1376 1842 1434 ἂν
1887 1377 2010 1457 παρ’

358 1467 517 1523 αὖτοῦ
544 1472 638 1524 τοῦ
666 1466 1001 1547 πατριάρχου
1049 1465 1245 1548 εἴληφε
1300 1465 1545 1546 δεκάτας,
1580 1468 1625 1524 εἰ
1683 1467 1762 1543 μὴ
1820 1468 2010 1543 μείζῶν

355 1554 423 1622 ἦν
453 1556 631 1618 αὖτοῦ.
666 1560 755 1629 Τῷ
782 1557 882 1634 γὰρ
940 1556 1018 1633 μὴ
1061 1555 1172 1613 ὅντι
1233 1558 1433 1633 μείζονι
1491 1558 1585 1613 οὒκ
1640 1556 1703 1613 ἃν
1747 1554 1939 1613 ἔδωκεν
1984 1558 2012 1613 6

358 1639 621 1723 Ἀϐραάμ.
670 1646 728 1703 Εἰ
778 1642 833 1701 δὲ
890 1654 981 1705 τοῦ
1057 1646 1391 1726 πατριάρχου
1450 1644 1666 1722 μείζων,
1725 1643 1884 1714 δῆλον
1939 1647 2010 1707 ὡς

2104 947 2293 1021 quam
2313 930 2723 995 honoratiores
2782 933 2841 995 in
2872 933 3088 1015 populo
3117 934 3382 1000 decimas
3408 938 3705 1021 accipiunt
3735 957 3755 1006 :

2102 1017 2399 1106 siquidem
2428 1041 2602 1102 quam
2636 1022 2710 1084 ob
2733 1041 2972 1085 causam
2996 1023 3216 1106 alioqui
3239 1045 3271 1088 a
3294 1017 3571 1091 fratribus
3592 1048 3759 1091 eum-

2096 1103 2233 1196 dem
2296 1117 2521 1189 patrem
2573 1110 2933 1173 habentibus
2973 1130 3075 1173 eas
3128 1103 3514 1195 acciperent?
3555 1116 3756 1180 mani-

2095 1193 2311 1259 festum
2341 1198 2540 1283 itaque
2572 1207 2660 1261 est
2690 1201 2848 1282 quod
2882 1200 3127 1263 honoris
3156 1193 3390 1281 signum
3421 1214 3625 1270 essent
3653 1206 3754 1270 de-

2096 1283 2576 1378 cimaquodque
2598 1288 2685 1350 illi
2709 1289 3067 1352 secretiores
3082 1299 3253 1353 erant
3282 1292 3752 1378 caaterisltaque

2096 1374 2498 1438 Melchisedec
2511 1396 2746 1459 quoque
2763 1398 2897 1441 cum
2914 1387 2972 1441 et
2985 1379 3323 1460 alienigena
3348 1396 3508 1445 esset
3530 1374 3756 1463 ignoti-

2094 1480 2214 1543 que
2229 1465 2875 1548 generis,nequaquam
2894 1467 2970 1530 ab
2987 1468 3116 1550 ipso
3131 1469 3470 1550 patriarcha
3486 1471 3751 1536 decimas

2094 1552 2447 1642 accepisset,
2507 1557 2619 1617 nisi
2679 1575 2749 1618 eo
2804 1558 2996 1638 major
3051 1558 3298 1621 fuisset:
3354 1579 3547 1642 neque
3587 1562 3748 1625 enim

2095 1639 2358 1729 dedisset
2392 1642 2697 1707 Abraham
2733 1644 2846 1707 nisi
2878 1645 2933 1708 ei
2964 1648 3065 1729 qui
3098 1648 3289 1729 major
3318 1639 3675 1727 essetQuod
3701 1652 3755 1716 si

356 1730 544 1823 πολλῷ
593 1734 787 1810 μείζων
829 1740 938 1791 τῶν
990 1735 1132 1816 παρᾶ
1192 1732 1458 1799 Ἰουδαίοις
1510 1733 1713 1823 ἱερέων,
1778 1757 1805 1790 ι
1840 1732 2002 1823 Ἀποέ

2097 1727 2228 1823 ipso
2259 1734 2592 1823 patriarcha
2643 1735 2835 1816 major
2866 1727 3012 1811 erat,
3062 1727 3440 1800 manifestum
3477 1750 3564 1803 est
3592 1742 3752 1823 quod

356 1820 614 1880 δεκατοῦν
636 1824 728 1880 τὸν
774 1823 925 1886 λαόν.
969 1848 991 1880 ι
1060 1825 1298 1890 Δεκάτας
1371 1827 1491 1883 οἷον
1545 1821 1835 1900 λαμϐάνειν
1888 1820 2013 1903 παρ’

356 1915 555 1975 αὖτῶν.
595 1910 931 1991 Ἐλάμϐανον
962 1914 1062 1994 γὰρ
1118 1916 1164 1971 οἱ
1221 1920 1439 1971 Λευῖται
1485 1911 1707 1979 δεκάτας
1764 1914 1872 1971 ἀπὸ
1923 1921 2014 1970 τοῦ

360 1999 513 2066 λαοῦ,
550 2023 578 2057 α
633 2002 832 2083 Καίπιρ
886 2001 1306 2075 ἒξεληλυθόταςη
1329 2025 1353 2060 ι
1416 2003 1579 2063 Τοῦτό
1636 2025 1765 2085 φησι
1802 2022 1815 2035 ·
1877 2003 2010 2061 Καί-

365 2111 464 2168 περ
492 2092 758 2168 ὁμοτίμων
802 2090 968 2151 ὄντων
1016 2094 1154 2150 κατὰ
1204 2094 1271 2150 τὰ
1318 2091 1456 2150 ἄλλα
1510 2093 1703 2166 πάντα,
1766 2092 1910 2169 ὅμως
1953 2090 2013 2148 ἐκ

363 2188 479 2254 τοῦ,
512 2182 630 2246 τοὺς
677 2183 775 2258 μὲν
830 2179 1025 2240 διδόναι
1078 2181 1328 2261 δεκάτας,
1388 2182 1509 2247 τοὺς
1571 2180 1626 2239 δὲ
1696 2180 2008 2262 λαμϐάνειν,

361 2266 538 2338 πολλή
564 2271 598 2339 ἡ
624 2271 864 2352 ὑπεροχή
936 2270 1305 2335 ἔπιδείκνυται.
1341 2274 1400 2330 Εἰ
1442 2269 1496 2327 δὲ
1555 2272 1774 2329 ἐνταῦθα
1828 2278 2006 2343 τοῦτο,

356 2355 520 2424 δῆλον
575 2358 655 2416 ὅτι
707 2362 795 2417 καὶ
877 2359 963 2418 ἐπὶ
1036 2369 1128 2419 τοῦ
1205 2360 1588 2442 Ἀϐραᾶμᾼκαί
1652 2359 2005 2442 Μελχισεδὲκ,

355 2457 445 2506 νοῦ
472 2448 552 2524 μὴ
579 2446 811 2526 δέοντος,
842 2458 936 2509 τοῦ
988 2448 1043 2508 δὲ
1097 2440 1377 2514 λαϐόντος.
1441 2440 1616 2508 ’Ὥστε
1665 2453 1693 2508 ὁ
1750 2440 1843 2508 τοῦ
1873 2458 2006 2530 Χρι-

352 2544 481 2595 στοῦ
531 2538 719 2614 τύπος,
808 2540 998 2617 μείζων
1069 2542 1163 2597 τοῦ
1229 2544 1563 2622 πατριάρχου
1623 2538 1888 2620 Ἀβραάμ.
1950 2541 2008 2597 Εἰ

350 2623 409 2682 δὲ
437 2634 531 2684 τοῦ
581 2625 844 2708 Ἀϐραὰμ,
902 2627 1088 2705 πολλῷ
1132 2627 1333 2706 μᾶλλον
1390 2636 1498 2685 τῶν
1553 2628 1756 2708 ἱερέων.
1816 2629 1874 2687 Εἰ
1904 2625 2007 2708 δ’,ὁ

352 2716 545 2793 τύπος,
575 2717 626 2773 τί
656 2707 718 2775 ἂν
749 2740 827 2784 τις
858 2717 1004 2776 εἴποι
1033 2719 1152 2799 περὶ
1216 2720 1373 2776 αὐτοῦ
1427 2725 1522 2777 τοῦ
1578 2707 1842 2798 Χριστοῦ;
1884 2739 1905 2772 α
1950 2707 2006 2775 Ὀ

353 2803 406 2862 δὲ
461 2808 540 2883 μὴ
602 2806 1108 2889 γενεαλογούμενος,
1145 2807 1205 2866 ἐκ
1283 2810 1475 2868 αἰτῶν.
1513 2831 1540 2864 n
1622 2806 1710 2873 Ἐξ
1808 2805 2001 2878 αὐτῶν,

346 2892 645 2971 τουτέστιν,
680 2898 752 2963 εἰς
808 2887 1019 2963 αὖτούς.
1097 2887 1154 2957 Ὀ
1227 2905 1397 2955 τοίνυν
1451 2898 1530 2974 μὴ
1591 2895 2001 2977 γενεαλογούμε-

348 3005 436 3048 νος
467 2986 541 3049 εἰς
572 2988 761 3051 αὐτοὺς
810 2989 899 3047 καὶ
955 2986 1445 3068 ὲγκαταλεγόμενος
1502 2992 1578 3062 τῷ
1634 2986 1777 3066 γένει
1809 2986 2002 3061 αὐτῶν,

2097 1818 2283 1881 multo
2315 1822 2503 1902 magis
2533 1823 3318 1888 sacerdotibusJudaeorum.
3350 1826 3459 1892 «Ut
3489 1818 3754 1894 decimas

2094 1908 2388 1990 accipiant
2440 1930 2474 1973 a
2533 1912 2776 1994 populo.
2813 1934 2840 1973 ι
2874 1915 3022 1977 Nam
3074 1913 3432 1975 ἀποδεκατούν
3463 1918 3752 1998 signiﬁcat

2092 1998 3233 2082 accipereldecimas.Accipiebantenim
3254 2003 3470 2067 Letivaa
3485 2006 3750 2070 decimas

2093 2087 2401 2176 apopulo.
2444 2114 2470 2144 α
2505 2089 2673 2153 Licet
2732 2090 3012 2170 egressis.
3050 2116 3077 2146 ι)
3111 2090 3237 2153 Hoc.
3290 2103 3384 2155 est
3429 2095 3590 2176 quod
3618 2095 3742 2159 ait:

2091 2174 2261 2237 Licet
2292 2175 2354 2238 in
2385 2178 2621 2240 caeteris
2650 2178 2929 2241 omnibus
2959 2178 3117 2260 paris
3156 2189 3358 2243 essent
3387 2174 3747 2247 conditionis

2092 2282 2163 2325 ac
2192 2264 2441 2328 honoris
2469 2287 2483 2328 :
2510 2286 2579 2329 ex
2602 2286 2673 2329 eo
2700 2274 2896 2329 tamen
2928 2268 3083 2349 qucd
3116 2268 3177 2330 hi
3207 2269 3446 2349 quidem
3481 2271 3750 2337 decimas

2092 2352 2326 2429 darent,
2378 2354 2466 2416 illi
2515 2375 2654 2418 vero
2729 2356 3093 2438 acciperent,
3151 2376 3363 2438 magna
3395 2361 3750 2425 excellentia

2092 2442 2441 2505 ostenditur.
2502 2443 2670 2517 Quod
2725 2444 2776 2507 si
2819 2446 2918 2508 hic
2965 2445 3045 2508 ita
3108 2456 3219 2528 est,
3254 2448 3630 2512 manifestum
3660 2461 3753 2516 est

2091 2531 2248 2613 quod
2294 2535 2472 2595 etiam
2507 2533 2566 2595 in
2596 2533 2893 2597 Abraham
2927 2542 2985 2597 et
3023 2534 3443 2616 Melchisedec,
3478 2556 3613 2603 cum
3644 2540 3749 2604 ille

2091 2620 2354 2712 decimas
2384 2623 2638 2700 dederit,
2673 2624 2783 2686 iste
2813 2643 2951 2687 vero
2977 2624 3298 2707 acceperit.
3333 2625 3535 2709 Itaque
3570 2629 3620 2691 is
3645 2632 3749 2712 qui

2092 2708 2307 2799 Christi
2359 2721 2533 2794 typus
2564 2721 2621 2776 et
2650 2713 2838 2795 ﬁgura
2860 2722 3012 2796 erat,
3047 2715 3238 2794 major
3266 2714 3379 2777 fuit
3408 2708 3749 2799 patriarcha

2088 2798 2435 2890 Abraham:
2470 2804 2626 2884 quod
2687 2803 2736 2865 si
2795 2804 2926 2886 ipso
2979 2804 3306 2878 Abraham,
3341 2798 3526 2869 multo
3556 2810 3745 2890 magis

2090 2887 2523 2951 sacerdotibus.
2588 2892 2651 2954 Si
2709 2910 2848 2954 vero
2882 2900 3050 2974 typus
3079 2893 3268 2974 major
3290 2892 3422 2969 fuit,
3457 2887 3741 2977 quidnam

2091 2978 2309 3057 poterit
2336 2978 2629 3061 quispiam
2653 2980 2858 3044 dicere
2894 2982 2970 3044 de
3004 2980 3241 3044 Christo
3262 2982 3293 3043 ?
3328 3006 3350 3038 α
3384 2987 3463 3047 At
3493 2984 3545 3046 is
3574 2985 3746 3066 cujus

351 3071 686 3154 Μελχισεδὲκ
715 3074 913 3159 εἶληφε
984 3078 1078 3142 τὰς
1134 3075 1378 3164 δεκάτας,
1417 3100 1472 3164 ,σ
1509 3077 1609 3136 Καὶ
1664 3077 1755 3164 τὸν
1811 3073 2002 3156 ’έχοντα

2091 3083 2432 3164 genusnon
2464 3077 2825 3133 recensetur
2845 3088 2914 3133 ex
2938 3069 3082 3133 illis.
3113 3094 3136 3127 ι
3164 3069 3247 3133 Ex
3276 3070 3537 3146 illis,hoc
3562 3082 3651 3136 est
3669 3074 3745 3137 ad

347 3163 443 3226 τὰς
467 3161 810 3245 ἐπαγγελίας.
864 3155 899 3221 ⁷ι
953 3163 1137 3247 Ἐξῆρε
1192 3168 1283 3224 τὸν
1334 3163 1596 3246 Ἀϐραὰμ,
1660 3163 1750 3223 ἵνα
1807 3155 2002 3223 ωλετον

2090 3155 2245 3219 illos.
2279 3155 2334 3219 Is
2363 3157 2544 3238 igitur
2600 3160 2768 3240 cujus
2821 3178 3009 3240 genus
3039 3178 3156 3221 non
3189 3159 3450 3222 refertur
3479 3162 3550 3225 ad
3581 3162 3739 3241 illos,

348 3249 508 3331 ὶξάρῃ
536 3255 628 3310 τὸν
658 3253 1010 3336 Μελχισεδέκ.
1079 3280 1105 3311 α
1154 3258 1226 3315 Τὸ
1280 3253 1497 3312 ἔλαττον
1552 3256 1652 3312 ὑπὸ
1707 3260 1799 3311 τοῦ
1831 3276 2001 3333 κρειτ-

348 3361 502 3405 τονος
573 3341 896 3424 εὐλογεῖται.
961 3367 988 3400 »
1053 3346 1249 3403 Οὐκοῦν
1321 3344 1572 3424 κρείττων
1616 3346 1644 3401 6
1688 3344 1849 3407 τύπος
1907 3343 1999 3401 τοῦ

348 3436 596 3509 Χριστοῦ,
629 3434 718 3490 καὶ
748 3435 904 3494 αὑτοῦ
932 3444 1024 3494 τοῦ
1051 3435 1405 3515 πατριάρχου.

2085 3264 2281 3327 neque
2310 3248 2622 3311 reducitur
2651 3248 2710 3310 in
2735 3267 3050 3310 numerum
3069 3266 3205 3312 cum
3225 3267 3448 3330 genere
3472 3251 3740 3329 illorum,

2084 3353 2299 3417 nempe
2334 3336 3300 3420 Melchisedec,accepitdecimas.
3342 3359 3370 3399 α
3396 3338 3467 3401 Ει
3499 3340 3743 3405 hahenti

2081 3424 2509 3507 promissiones
2570 3426 2899 3489 benedixit.
2960 3452 2988 3484 ι
3049 3427 3270 3491 Extulit
3320 3428 3621 3493 Abraham
3680 3449 3744 3503 ut

352 3519 539 3605 magis
565 3522 873 3586 extolleret
901 3523 1039 3585 567
1065 3522 1490 3587 Melchisedec.
1529 3545 1555 3579 α
1590 3520 1652 3583 Id
1687 3521 1844 3604 quod
1882 3521 2079 3583 minus
2101 3523 2189 3579 est
2217 3516 2390 3605 abeo
2413 3517 2571 3598 quod
2600 3517 2791 3598 majus
2823 3524 2913 3580 est
2942 3517 3423 3582 benedictionem
3456 3520 3734 3605 accipit.»

354 3604 562 3690 Itaque
596 3611 793 3693 potior
819 3611 929 3675 fuit
955 3619 1014 3675 et
1042 3614 1258 3675 melior
1286 3611 1504 3675 Christi
1536 3620 1706 3693 typus
1734 3611 1862 3694 ipso
1891 3626 2129 3694 quoque
2162 3604 2515 3694 patriarcha.

435 3723 463 3754 ι
527 3704 626 3760 Καὶ
690 3701 793 3759 ὦδε
850 3704 947 3779 μὲν
1027 3701 1250 3767 δεκάτας
1330 3703 1754 3774 ἀποθνήσκοντες
1809 3701 2003 3782 ἅνθρω-

348 3811 441 3846 ποι
532 3788 917 3867 λαμϐάνουσιν,
1021 3791 1174 3850 Ἔκεῖ
1265 3789 1320 3849 δὲ
1402 3794 1836 3871 μαμτυρούμενος
1919 3789 1998 3847 ὅτι

341 3884 432 3955 ζῇ,
464 3880 575 3953 καὶ,
642 3882 716 3946 ὡς
778 3880 902 3947 ἔπος
989 3883 1183 3963 εἰπεῖν,
1254 3880 1338 3939 διὰ
1399 3879 1640 3963 Ἀϐρααμ
1710 3884 1799 3939 καὶ
1868 3884 1996 3937 Λευῖ

340 3972 370 4026 6
438 3966 664 4035 δεκάτας
723 3969 1036 4048 λαμϐάνων,
1145 3960 1518 4031 δεδεκάτωται.
1589 3960 1721 4029 "En
1775 3972 1874 4051 γὰρ
1946 3970 2000 4026 ἐν

339 4065 410 4136 τῇ
481 4060 643 4142 ὁσιρύϊ
714 4071 808 4120 τοῦ
862 4063 1062 4142 πατρὸς
1131 4060 1197 4130 ἦν
1254 4061 1342 4118 ὅτε
1392 4062 1717 4132 συνήντησεν
1775 4063 1915 4136 αὒτῷ
1972 4063 1999 4118 6

343 4147 504 4230 Μελχ
515 4147 709 4212 ισεδέκ.
745 4174 773 4206 n

432 4238 603 4306 Δεῐξνι
648 4238 812 4315 θέλει,
845 4239 925 4297 ὅτι
978 4239 1114 4298 πολὺ
1142 4241 1208 4308 ἠν
1280 4242 1340 4297 τό
1411 4238 1673 4321 ὑπερέχον
1727 4246 1817 4297 τοῦ
1848 4238 1995 4296 Μελ-

347 4325 580 4410 χισεδὲκ,
616 4331 706 4387 καὶ
733 4327 819 4386 διὰ
847 4330 1002 4388 τοῦτο
1049 4328 1206 4387 ἔλαϐε
1240 4331 1333 4394 τὰς
1394 4327 1641 4406 δεκάτας,
1698 4330 1785 4385 καί
1813 4352 1943 4410 φηαι
1979 4346 1992 4360 ⁶

350 4417 446 4473 Καὶ
510 4420 556 4473 οἱ
605 4423 820 4475 Λευῖται
870 4420 969 4495 μὲν
1049 4421 1135 4476 οὗν
1208 4415 1587 4494 λαμϐάνουσιν,

349 4503 483 4583 μέγα
528 4521 541 4535 ⁸
594 4506 986 4578 ἀποθνήσκουσι
1028 4508 1153 4588 γάρ.
1186 4507 1286 4588 ,Τίς
1344 4505 1398 4564 δὲ
1455 4507 1705 4587 φθονήσει
1734 4510 1893 4583 τιμῆς
1924 4515 2001 4583 τῷ

347 4593 706 4667 ἀποθνήσκειν
777 4596 1077 4679 μέλλοντις
1179 4587 1235 4656 Ὀ
1343 4595 1398 4653 δὲ
1469 4594 1827 4677 Μελχισεδὲκ,
1915 4599 2002 4655 καὶ

341 4695 503 4744 ταῦτα
574 4688 998 4766 μαρτυρούμενος
1060 4694 1158 4765 ζῇν
1216 4684 1372 4743 ’έλαϐε
1444 4687 1539 4751 τὰς
1624 4683 1868 4749 δεκάτας.
1929 4688 2000 4745 T6

338 4773 416 4848 δὲ,
464 4778 898 4857 Μαρτυρούμενος
968 4784 1090 4855 ζῇν,
1163 4775 1306 4845 δέξαι
1377 4776 1515 4834 κατά
1568 4776 1667 4844 τὴν
1737 4775 1848 4833 ἅνω
1903 4776 1993 4833 ’ἐν-

335 4888 506 4948 νοιαν,
536 4864 693 4940 διότι,
728 4869 879 4948 φησὶ,
912 4870 1007 4926 οὐκ
1049 4867 1205 4924 εἶπεν
1250 4869 1286 4936 ἡ
1345 4865 1526 4947 Γραφὴ
1591 4865 1689 4934 τὴν
1743 4864 1991 4933 τελευτὴν

334 4955 517 5036 αὐτοῦ,
562 4952 702 5011 ἀλλὰ
742 4955 841 5024 τὴν
897 4958 1040 5028 ζωὴν
1098 4957 1284 5032 μόνον,
1346 4957 1407 5012 τὸ
1463 4962 1561 5033 ζῇν
1632 4956 1772 5030 αὗτῷ
1830 4955 1992 5032 μόνον

333 5042 475 5111 ’ἔδοξε
527 5057 836 5125 μαρτυρεῖν,
899 5046 973 5112 ὡς
1045 5048 1090 5103 εἰ
1146 5045 1305 5104 εἶπεν
1337 5050 1353 5076 ⁸
1413 5042 1635 5125 Προῄδει
1680 5046 1708 5101 6
1750 5041 1992 5123 Ἀϐραὰμ

336 5133 417 5190 ὅτι
446 5136 540 5192 οὒκ
583 5132 730 5191 ἔσται
760 5131 899 5205 δήλη
958 5137 993 5206 ἡ
1063 5135 1285 5205 τελευτὴ
1351 5142 1445 5192 τοῦ
1502 5131 1856 5215 Μελχισεδέκ,
1893 5136 1989 5192 Καὶ

335 5220 452 5281 οὐδὲ
508 5222 666 5281 τοῦτο
749 5222 997 5292 ἐποίησεν
1069 5224 1227 5282 αὐτὸν
1310 5227 1565 5305 φθονῆσαι
1652 5224 1793 5298 αὖτῷ
1891 5228 1988 5291 τῆς

331 5316 497 5388 τιμῆς
528 5318 637 5369 τῶν
671 5310 927 5376 δεκατῶν,
964 5303 1128 5385 ’ᾙδει
1212 5303 1334 5394 γὰρ-
1370 5314 1528 5369 αὐτου
1581 5313 1643 5368 τὸ
1698 5310 1983 5392 ὑπερέχον,

336 5391 419 5460 "H
451 5400 810 5481 άπλούστερον
835 5399 973 5469 δέξαι
1038 5405 1100 5461 τὸ
1173 5391 1471 5483 είρημένον,
1558 5399 1638 5457 ὅτι
1710 5403 1738 5459 6
1794 5391 1985 5482 τρόπος

330 5497 427 5560 τῆς
455 5492 774 5573 ἱερωσύνης,
844 5498 949 5549 τῶν
1020 5492 1117 5570 μὲν
1176 5498 1435 5564 Λευϊτῶν,
1482 5489 1826 5563 ἀποθνήσκει.
1890 5495 1991 5551 Καὶ

328 5581 428 5660 γὰρ
496 5580 792 5641 ἐπαύσατο.
864 5584 963 5650 τῆς
1032 5580 1283 5650 ἅληθείας
1341 5578 1583 5663 φανείσες
1615 5599 1632 5614 ’
1693 5582 1721 5638 6
1782 5578 1837 5636 δὲ
1894 5588 1986 5639 τοῦ

324 5667 665 5752 Μελχισεδὲκ
709 5674 797 5746 ζῇ.
837 5691 866 5725 α
916 5677 990 5749 Ζῇ
1047 5671 1169 5752 γὰρ.
1208 5691 1233 5728 ο
1296 5671 1416 5736 Πῶς
1476 5667 1530 5725 δὲ
1603 5669 1980 5751 ἐμαρτυρήθης

2163 3693 2291 3771 VII,
2313 3696 2444 3760 7-9.
2461 3698 2665 3779 Atque
2685 3697 2785 3760 hic
2807 3698 3048 3779 quidem
3067 3699 3341 3761 homines
3352 3700 3746 3780 quimoriun-

2082 3792 2184 3849 tur
2228 3786 2494 3849 decimas
2516 3788 2843 3869 accipiant.
2865 3787 3004 3850 Illic
3030 3796 3234 3850 autem
3256 3788 3389 3850 z'sde
3414 3805 3530 3867 quo
3551 3794 3739 3852 testa-

2083 3881 2209 3937 tum
2234 3875 2500 3955 estquod
2522 3878 2693 3939 vivat
2718 3895 2731 3940 :
2760 3885 2815 3939 et
2839 3886 2907 3938 ut
2951 3883 3037 3940 ita
3059 3875 3301 3959 loquar,
3335 3878 3399 3939 in
3431 3876 3741 3940 Abraham

2082 3965 2426 4027 decimatas
2459 3971 2547 4027 est
2592 3966 2778 4028 etiam
2821 3971 2946 4047 ipse
2973 3967 3125 4028 Levi
3168 3967 3279 4046 qui
3298 3966 3560 4029 decimas
3588 3964 3741 4029 solet

2081 4058 2372 4135 accipere.
2408 4054 2615 4118 Adhuc
2643 4057 2806 4118 enim
2835 4057 2901 4118 in
2935 4053 3153 4117 lumbis
3164 4056 3363 4136 patris
3391 4060 3522 4118 erat
3550 4072 3739 4137 quam

2080 4150 2428 4205 occurreret
2463 4142 2723 4206 Abrahae
2758 4145 3180 4207 Melchisedec.

2160 4228 2493 4296 Ostendere
2552 4233 2673 4294 vult
2732 4233 2888 4314 quod
2952 4251 3164 4313 magna
3194 4239 3351 4294 esset
3382 4231 3739 4296 excellentia

2084 4321 2505 4398 Melchisedec,
2541 4330 2601 4383 et
2658 4334 2975 4404 propterea
3024 4322 3321 4405 acciperet
3352 4321 3640 4399 decimas,
3680 4331 3740 4385 et

1684 4413 1804 4475 ωλν
1828 4408 1999 4475 ὀὐδὲν
2022 4435 2065 4485 n
2084 4408 2167 4471 ait
2202 4428 2215 4472 :
2245 4409 2432 4472 Etiam
2453 4412 2670 4474 Levita:
2691 4412 2995 4493 accipiunt
3019 4434 3035 4495 ;
3060 4422 3115 4475 at
3139 4411 3287 4473 nihil
3314 4412 3424 4472 hoc
3449 4429 3734 4494 magnum

2085 4508 2195 4573 est,
2221 4518 2355 4561 nam
2381 4501 2717 4564 moriuntur
2743 4522 2759 4580 ;
2790 4502 2922 4584 quis
2945 4511 3139 4564 autem
3164 4500 3423 4563 invideat
3444 4501 3736 4563 honorem

2083 4591 2137 4652 ei
2159 4593 2256 4673 qui
2285 4594 2606 4656 moriturus
2627 4594 2767 4657 est?
2817 4594 3213 4659 Melchisedec
3234 4602 3431 4657 autem
3474 4592 3653 4655 etiam
3684 4593 3738 4656 si

2085 4681 2490 4744 testimonium
2520 4683 2820 4764 acceperit
2851 4687 3005 4766 quod
3040 4687 3210 4758 vivat,
3261 4683 3528 4744 decimas
3558 4699 3734 4743 acce-

2083 4774 2188 4855 pit.
2222 4772 2389 4847 Quod
2435 4782 2629 4836 autem
2663 4774 2742 4835 ait
2777 4774 3179 4836 testimonium
3228 4774 3532 4853 accepisse
3566 4772 3733 4834 illum

2076 4862 2231 4944 quod
2266 4862 2436 4938 vivat,
2468 4864 2677 4945 accipe
2708 4864 2875 4943 juxta
2904 4863 3103 4924 datum
3136 4861 3303 4944 prius
3337 4861 3730 4938 intellectum,

2074 4951 2211 5014 ideo
2225 4952 2499 5015 videlicet
2524 4953 2681 5033 quod
2707 4971 2844 5014 cum
2868 4971 2985 5014 non
2999 4952 3215 5013 dixerit
3232 4949 3540 5033 Scriptura
3554 4950 3735 5011 ﬁnem

2074 5041 2258 5107 illius.
2296 5041 2400 5104 sed
2435 5042 2626 5104 solam
2670 5042 2872 5117 vitam,
2923 5042 3116 5103 solum
3164 5041 3239 5103 de
3271 5060 3340 5102 eo
3377 5039 3584 5102 testari
3613 5039 3736 5102 visa

2073 5139 2164 5193 est
2195 5130 2350 5213 quod
2375 5130 2595 5193 viveret
2623 5151 2638 5205 ;
2662 5149 2731 5192 ac
2761 5130 2814 5192 si
2843 5130 3071 5193 diceret
3107 5153 3117 5189 :
3158 5129 3517 5194 Prmviderat
3538 5127 3735 5191 Abra-

2072 5220 2208 5282 ham
2266 5222 2422 5302 quod
2484 5219 2920 5282 manifestanda
2978 5239 3092 5281 non
3143 5232 3307 5281 esset
3355 5236 3517 5280 mors
3547 5217 3734 5300 ipsius

2070 5308 2495 5391 Metchisedec,
2529 5327 2723 5392 neque
2748 5319 2950 5373 tamen
2986 5317 3180 5371 motus
3204 5329 3270 5371 ex
3294 5327 3363 5372 eo
3388 5322 3477 5371 est
3502 5316 3564 5369 ut
3585 5307 3731 5369 invi-

2069 5401 2239 5463 deret
2259 5399 2345 5461 illi
2364 5400 2651 5462 honorem
2677 5400 3069 5481 decimarum,
3098 5408 3340 5461 noverat
3357 5398 3516 5463 enim
3544 5396 3735 5480 ipsius

2070 5490 2448 5568 dignitatem.
2506 5493 2625 5554 Aut
2684 5489 3032 5571 simpliciori
3088 5489 3262 5551 modo
3318 5487 3525 5569 accipe
3571 5486 3728 5569 quod

2070 5578 2294 5641 dictum
2320 5587 2431 5656 est,
2468 5579 2622 5662 quod
2649 5578 2861 5641 modus
2880 5578 3124 5661 quidem
3148 5577 3468 5641 sacerdotii
3491 5575 3728 5638 Levita-

2072 5686 2203 5730 rum
2237 5668 2511 5748 moritur,
2563 5668 2857 5752 siquidem
2916 5667 3171 5732 cessavit
3214 5672 3541 5750 apparente
3563 5664 3726 5730 veri-
