4132 6432
370 351 489 418 349

367 488 464 552 τὰς
559 485 902 567 ἐπαγγελίας,
1031 487 1314 568 εὖλόγηκε.

368 576 695 657 ἂντιλογίας.
758 579 821 635 τὸ
877 576 1099 636 ἔλαττον
1159 580 1262 636 ὑπὸ
1337 587 1430 638 τοῦ
1481 579 1773 659 κρείττονος
1865 578 2023 639 e610-

404 680 574 730 εἷται,
610 691 637 721 ι
1822 685 1834 701 ·’

366 691 402 745 γ
452 745 584 813 ΗΕτι
623 756 660 824 ἡ
691 755 995 825 κατασκευὴ
1014 755 1146 815 ὅτιὸ
1190 756 1352 823 τύπος
1410 756 1505 817 τοῧ
1564 765 1790 839 Χριστοῦ
1833 757 2024 834 μείζων

1460 353 1857 421 COMMENT.
1907 357 1989 417 IN
2034 356 2277 418 EPIST.
2324 358 2425 419 AD
2469 358 2697 420 HEBR.

1432 489 1600 580 Χωρὶς
1682 486 1739 545 δὲ
1846 490 2003 580 πάση

2108 505 2244 580 nem
2279 486 2616 580 benedixit.
2670 488 2868 554 Porro
2913 510 3088 558 nemo
3115 502 3304 576 negat
3333 497 3483 579 quin
3512 498 3580 562 id
3604 500 3769 580 quod

3649 363 3770 430 350

2108 577 2317 681 minus
2358 586 2462 681 est
2520 578 2595 642 ab
2638 597 2709 642 eo
2759 581 2919 662 quod
2946 586 3149 663 majus
3174 590 3263 648 est
3291 577 3765 652 benedictionem

2109 673 2518 848 ἶωὲϐέιιίὶἲωοι
2534 757 2702 848 quod
2735 757 2916 848 isqui
2955 758 3176 823 Christi
3203 761 3391 843 ﬁgura
3420 773 3545 827 erat
3568 767 3761 848 major

364 850 472 902 τῶν
523 866 668 923 παρα
717 841 983 909 Ἰουδαίοις
1041 845 1246 927 ἱερέων,
1306 851 1368 907 Οἱ
1424 848 1677 921 Λευῖται,
1735 848 1918 935 φησὶν,
1950 848 2003 904 ὡς

2110 841 2223 906 fuit
2248 846 2664 909 sacerdotibus
2693 847 3057 911 Judaaorum.
3091 841 3320 918 Levitm,
3379 853 3593 935 inquit,
3626 841 3760 918 tau-

364 933 668 1014 τιμιώτεροι
725 935 873 998 ιντες
943 945 1038 996 τοῦ
1130 935 1320 996 λοιποῦ
1387 935 1544 1018 λαοῦ,
1624 937 1719 1002 τὰς
1802 933 2022 1000 δεκάτας

366 1021 848 1100 ἆπολαμϐάνουσιν.
926 1023 1074 1084 Ἐπεὶ
1130 1027 1181 1083 τί
1236 1024 1436 1099 δήποτε
1528 1026 1669 1106 παρὰ
1757 1023 2018 1106 ἀδελφῶν,

364 1114 458 1170 τὸν
500 1115 656 1173 αὐτὸν
713 1114 952 1195 ἑχόντων
1010 1115 1211 1196 πατέρα
1264 1113 1668 1193 λαμϐάνουσινς
1727 1112 1885 1184 δῆλον
1928 1114 2014 1172 οὖν

363 1204 438 1266 ὡς
465 1204 630 1279 τιμῆς
685 1205 775 1261 καὶ
816 1211 909 1263 τοῦ
964 1203 1267 1286 ἱερωτέρους
1325 1205 1491 1282 εἶναι,
1553 1201 1817 1281 συμϐολόν
1887 1205 2014 1261 εἰσιν

363 1294 415 1348 αἱ
471 1290 708 1356 δεκάται.
807 1301 1095 1375 Τοιγαροῦν
1194 1296 1281 1352 καὶ
1370 1297 1398 1351 6
1497 1292 1855 1376 Μελχισεδὲκ,
1927 1296 2016 1351 καὶ

361 1386 526 1438 ταῦτα
566 1380 861 1463 ἀλλόφυλος
891 1382 965 1441 ὢν
1004 1384 1091 1440 καὶ
1134 1381 1586 1463 ἀγενεαλόγητος,
1656 1388 1751 1443 οὐκ
1782 1382 1844 1440 ἂν
1888 1383 2012 1464 παρ’

363 1472 519 1527 αὺτοῦ
546 1477 640 1529 τοῦ
668 1472 1003 1553 πατριάρχου
1050 1471 1247 1554 εἴληφε
1302 1470 1547 1552 δεκάτας,
1581 1474 1627 1530 εἰ
1685 1473 1764 1549 μὴ
1822 1475 2012 1550 μείζῶν

361 1559 427 1627 ἦν
457 1561 633 1624 αὐτοῦ.
669 1566 757 1635 Τῷ
784 1562 883 1640 γὰρ
942 1561 1020 1638 μὴ
1062 1560 1174 1619 ὄντι
1235 1564 1434 1638 μείζονι
1493 1563 1586 1619 οὒκ
1642 1561 1704 1620 ἃν
1749 1560 1941 1619 ἔδωκεν
1985 1564 2013 1619 6

364 1644 623 1728 Ἀϐραάμ.
672 1651 729 1709 Ei
780 1648 834 1706 δὲ
891 1660 983 1710 τοῦ
1059 1652 1392 1732 πατριάρχου
1452 1650 1668 1728 μείζων,
1727 1648 1886 1720 δῆλον
1940 1653 2013 1714 ὡς

2106 953 2296 1029 quam
2315 937 2725 1002 honoratiores
2783 940 2843 1002 in
2874 941 3090 1023 populo
3120 942 3384 1007 decimas
3410 946 3707 1029 accipiunt
3737 964 3756 1014 :

2103 1023 2400 1114 siquidem
2430 1048 2603 1109 quam
2637 1029 2713 1091 ob
2735 1048 2975 1092 causam
2998 1030 3217 1114 alioqui
3241 1052 3273 1096 a
3295 1023 3572 1098 fratribus
3594 1056 3761 1099 eum-

2098 1110 2234 1203 dem
2298 1123 2523 1196 patrem
2576 1117 2935 1180 habentibus
2975 1137 3077 1180 eas
3130 1110 3515 1202 acciperent?
3557 1124 3758 1187 mani-

2097 1200 2313 1265 festum
2343 1204 2543 1287 itaque
2574 1215 2662 1268 est
2693 1208 2850 1289 quod
2884 1207 3128 1270 honoris
3158 1200 3392 1289 signum
3422 1221 3627 1277 essent
3655 1214 3755 1277 de-

2098 1289 2578 1385 cimaquodque
2600 1295 2687 1357 illi
2711 1296 3069 1359 secra'iores
3084 1307 3255 1360 erant
3284 1300 3754 1385 caeterisllaque

2097 1380 2500 1445 Melchisedec
2512 1403 2747 1466 quoque
2765 1405 2898 1448 cum
2916 1385 3325 1467 etalienigena
3350 1404 3509 1452 esset
3531 1380 3758 1471 ignoti-

2096 1486 2215 1549 que
2231 1471 2877 1556 generis,nequaquam
2896 1474 2972 1537 ab
2988 1475 3118 1557 ipso
3132 1476 3471 1557 patriarcha
3487 1478 3753 1544 decimas

2095 1558 2459 1650 accepisset,
2508 1563 2621 1623 nisi
2681 1582 2750 1625 eo
2806 1565 2998 1645 major
3052 1564 3300 1628 fuisset:
3356 1586 3549 1650 neque
3588 1570 3750 1633 enim

2097 1646 2359 1736 dedisset
2393 1649 2698 1714 Abraham
2734 1651 2847 1714 nisi
2879 1652 2935 1715 ei
2965 1654 3067 1735 qui
3099 1655 3291 1736 major
3319 1646 3677 1734 essetQuod
3702 1659 3756 1723 si

361 1736 546 1831 πολλῷ
595 1739 789 1816 μεζων
830 1745 939 1796 τῶν
991 1741 1134 1821 παρὰ
1193 1738 1459 1805 Ἰουδαίοις
1512 1738 1719 1831 ἱερέων,
1780 1763 1807 1795 α
1841 1738 2003 1831 Ἀποέ

2099 1733 2230 1831 ipso
2260 1740 2594 1831 patriarcha
2645 1742 2843 1831 major
2868 1733 3014 1818 erat,
3063 1733 3441 1807 manifestum
3478 1749 3754 1831 estquod

360 1825 616 1885 δεκατῶν
638 1830 729 1885 τὸν
776 1828 927 1892 λαόν.
969 1854 993 1885 ιι
1062 1830 1299 1894 Δεκάτας
1372 1833 1492 1888 οἷον
1547 1827 1837 1905 λαμϐάνειν
1890 1826 2014 1909 παρ’

359 1921 557 1980 αὐτῶν.
597 1916 932 1995 Ἐλάμϐανον
963 1920 1063 1999 γὰρ
1119 1923 1166 1977 οἱ
1222 1924 1440 1977 Λευῖται
1486 1917 1708 1985 δεκάτας
1766 1920 1873 1977 ἀπὸ
1924 1926 2015 1976 τοῦ

358 2004 513 2071 λαοῦ,
552 2028 580 2062 α
635 2008 833 2088 Καίπερ
888 2006 1307 2079 ὲξεληλυθόταςη
1330 2031 1354 2066 ι
1417 2009 1580 2069 Τοῦτό
1637 2031 1766 2091 φησι
1804 2028 1816 2041 ·
1878 2009 2012 2067 Καί-

359 2117 460 2173 περ
490 2096 760 2173 ὁμοτίμων
804 2095 969 2155 ὄντων
1018 2100 1155 2156 κατὰ
1204 2099 1273 2155 τὰ
1319 2096 1457 2155 ἄλλα
1511 2099 1704 2172 πάντα,
1767 2097 1911 2174 ὅμως
1954 2097 2014 2155 ὲκ

360 2194 475 2259 τοῦ,
509 2187 629 2251 τοὺς
678 2188 776 2263 μὲν
831 2184 1025 2246 διδόναι
1080 2186 1329 2266 δεκάτας,
1389 2188 1511 2252 τοὺς
1573 2187 1627 2244 δὲ
1697 2187 2009 2268 λαμϐάνειν,

363 2271 538 2342 πολλὴ
563 2276 598 2343 ἡ
623 2276 865 2357 ὑπεροχὴ
938 2275 1306 2340 ἔπιδείκνυται.
1341 2279 1400 2335 Εἰ
1444 2274 1498 2333 δέ
1556 2278 1775 2335 ἐνταῦθα
1830 2284 2007 2348 τοῦτο,

360 2360 522 2429 δῆλον
576 2362 655 2421 ὅτι
707 2367 795 2422 καὶ
879 2364 963 2424 ἐπὶ
1037 2374 1129 2425 τοῦ
1206 2366 1447 2446 Ἀϐραὰμ
1470 2366 1589 2448 ,καί
1652 2365 2005 2448 Μελχισεδὲκ,

359 2461 448 2511 νοῦ
475 2453 554 2530 μὴ
581 2451 812 2531 δέοντος,
842 2463 936 2513 τοῦ
989 2454 1043 2513 δὲ
1097 2445 1378 2520 λαϐόντος.
1442 2445 1617 2513 υΩστιε
1666 2459 1694 2513 6
1751 2445 1845 2514 106
1873 2464 2008 2536 Χρι-

355 2549 483 2600 στοῦ
533 2543 720 2620 τύπος,
808 2546 999 2622 μείζων
1070 2547 1164 2603 τοῦ
1230 2550 1564 2628 πατριάρχου
1623 2544 1889 2627 Ἀβραάμ.
1951 2547 2009 2603 Εἰ

353 2628 410 2688 δὲ
439 2638 533 2689 τοῦ
582 2629 844 2713 Ἀϐραὰμ,
904 2632 1089 2711 πολλῴ
1133 2633 1334 2711 μᾶλλον
1391 2642 1499 2691 τῶν
1554 2634 1757 2713 ἱερέων.
1817 2635 1875 2692 Εἰ
1905 2631 1949 2690 δ’
1980 2637 2008 2691 6

355 2720 546 2798 τόπος,
576 2723 627 2778 τί
656 2722 719 2781 ἂν
750 2745 828 2790 τις
859 2722 1005 2781 εἴποι
1034 2725 1152 2805 περὶ
1216 2726 1374 2782 αὐτοῦ
1428 2730 1522 2782 τοῦ
1579 2732 1843 2805 Χριστοῦ;
1885 2745 1906 2779 ιι
1951 2714 2007 2781 Ὀ

354 2808 408 2867 δὲ
461 2813 541 2888 μὴ
603 2812 1108 2894 γενεαλογούμενος,
1145 2812 1206 2872 ἐκ
1284 2816 1476 2874 αὖτῶν.
1514 2837 1541 2870 ι
1622 2812 1711 2880 Ἐξ
1809 2811 2002 2885 αὐτῶν,

349 2898 646 2976 τουτέστιν,
681 2904 752 2969 εἰς
808 2892 1019 2968 αὖτούς.
1098 2892 1155 2963 Ὀ
1228 2912 1397 2961 τοίνυν
1452 2904 1531 2980 μὴ
1592 2901 2002 2983 γενεαλογούμε·

351 3010 436 3053 νος
467 2991 541 3054 εἷς
573 2993 762 3057 αὐτοὺς
810 2995 900 3052 καὶ
956 2992 1445 3074 ἑγκαταλεγόμενος
1502 2998 1579 3068 τῷ
1634 2992 1778 3072 γένει
1810 2992 2003 3067 αὖτῶν,

2098 1825 2284 1888 multo
2316 1828 2505 1908 magis
2534 1830 3319 1894 sacerdotibusludaeorum.
3350 1834 3460 1899 «Ut
3490 1825 3755 1901 decimas

2095 1914 2389 1997 accipiant
2442 1937 2475 1979 a
2534 1919 2777 2001 populo.
2814 1941 2841 1980 ι
2875 1922 3024 1984 Nam
3075 1920 3433 1981 ἀποδεκκτοῠν
3463 1925 3753 2005 signiﬁcat

2094 2005 3065 2088 accipere|decimas.Accipiebant
3078 2012 3235 2071 enim
3256 2010 3472 2074 Letivae
3487 2014 3751 2079 decimas

2094 2093 2402 2183 apopulo.
2446 2120 2471 2151 α
2507 2096 2674 2159 Licet
2733 2097 3013 2176 egressis.
3051 2122 3078 2153 ι)
3113 2097 3239 2160 Hoc
3291 2111 3385 2162 est
3430 2102 3591 2183 quod
3620 2103 3743 2166 ait:

2092 2180 2262 2243 Licet
2294 2181 2355 2245 in
2386 2185 2622 2247 caeteris
2651 2185 2930 2248 omnibus
2959 2186 3119 2267 paris
3157 2195 3359 2250 essent
3388 2180 3749 2254 conditionis

2094 2288 2165 2331 ac
2193 2270 2442 2335 honoris
2470 2294 2484 2334 :
2511 2293 2579 2335 ex
2603 2292 2674 2336 eo
2701 2281 2898 2336 tamen
2929 2276 3084 2356 qucd
3117 2275 3178 2337 hi
3208 2276 3447 2357 quidem
3482 2279 3750 2345 decimas

2093 2358 2327 2435 darent,
2379 2360 2467 2423 illi
2516 2381 2655 2425 vero
2731 2363 3093 2445 acciperent,
3152 2383 3365 2445 magna
3396 2368 3750 2433 excellentia

2093 2448 2443 2511 ostenditur.
2503 2450 2672 2524 Quod
2726 2451 2777 2514 si
2820 2453 2920 2515 hic
2967 2452 3045 2515 ita
3109 2463 3220 2535 est,
3255 2456 3631 2520 manifestum
3661 2469 3753 2523 est

2092 2538 2248 2619 quod
2295 2541 2473 2601 etiam
2507 2540 2567 2602 in
2596 2539 2895 2607 Abraham
2928 2549 2985 2604 et
3023 2541 3444 2623 Melchisedec,
3479 2563 3613 2610 cum
3646 2548 3750 2611 ille

2092 2627 2355 2719 decimas
2385 2630 2639 2706 dederit,
2673 2631 2784 2693 iste
2814 2650 2952 2694 vero
2978 2631 3298 2714 acceperit.
3333 2633 3535 2717 Itaque
3571 2636 3621 2699 is
3646 2639 3750 2719 qui

2093 2714 2308 2806 Christi
2359 2726 2533 2802 typus
2565 2728 2622 2782 et
2651 2719 2840 2801 figura
2861 2730 3013 2803 erat,
3048 2723 3239 2801 major
3267 2721 3380 2784 fuit
3409 2714 3749 2806 patriarcha

2089 2804 2436 2897 Abraham;
2471 2810 2627 2891 quod
2688 2809 2737 2872 si
2796 2811 2927 2893 ipso
2980 2811 3308 2886 Abraham,
3341 2804 3526 2876 multo
3557 2817 3746 2897 magis

2092 2894 2523 2958 sacerdotibus.
2588 2899 2651 2961 Si
2710 2917 2849 2961 vero
2881 2907 3051 2981 typus
3080 2900 3269 2981 major
3292 2900 3423 2977 fuit,
3457 2894 3742 2984 quidnam

2092 2983 2310 3063 poterit
2336 2985 2629 3068 quispiam
2654 2987 2859 3050 dicere
2894 2989 2970 3051 de
3005 2988 3241 3051 Christo
3263 2989 3293 3049 ?
3328 3014 3352 3045 α
3385 2983 3546 3055 Αῑίίε
3574 2993 3747 3074 cujus

354 3076 687 3160 Μελχισεδὲκ
716 3080 914 3163 εἴληφε
984 3084 1078 3147 τὰς
1135 3081 1378 3149 δεκάτας,
1446 3105 1471 3138 ο
1510 3082 1609 3142 Καὶ
1664 3083 1756 3139 τὸν
1812 3079 2003 3162 ’έχοντα

2092 3089 2433 3171 genusmon
2465 3083 2826 3139 recensetur
2845 3095 2914 3140 ex
2939 3076 3082 3140 illis.
3114 3101 3137 3135 ι
3165 3076 3248 3140 Ex
3276 3076 3538 3153 illis,hoc
3562 3090 3651 3144 est
3669 3081 3745 3144 ad

349 3169 442 3231 τὰς
466 3166 810 3250 ἐπαγγελίας,
865 3161 900 3227 '.
953 3169 1137 3252 Ἐξῆρε
1193 3175 1283 3230 τὸν
1334 3168 1596 3252 Ἀϐραὰμ,
1661 3169 1750 3229 ἵνα
1808 3161 2003 3229 ωλεῖον

2091 3161 2245 3226 illos.
2280 3161 2335 3225 Is
2364 3163 2544 3244 igitur
2601 3166 2769 3247 cujus
2822 3184 3009 3247 genus
3040 3184 3157 3228 non
3189 3167 3450 3229 refertur
3479 3169 3551 3232 ad
3581 3169 3739 3248 illos,

350 3254 507 3336 ἰξάρῃ
536 3261 629 3315 τὸν
658 3258 1011 3342 Μελχισεδέκ.
1078 3285 1106 3317 α
1155 3264 1226 3321 Τὸ
1281 3259 1497 3318 ἔλαττον
1553 3262 1653 3318 ὑπὸ
1707 3267 1800 3317 τοῦ
1831 3282 2002 3340 κρειτ-

350 3366 502 3410 τονος
573 3346 897 3429 εὐλογεῖται,
961 3373 990 3406 ι
1053 3351 1250 3409 Οὐκοῦν
1321 3350 1573 3430 κρείττων
1617 3352 1645 3407 6
1688 3350 1850 3414 τύπος
1908 3349 2000 3407 τοῖ’)

349 3442 596 3514 Χριστοῦ,
629 3439 718 3496 καὶ
748 3441 904 3500 αὑτοῦ
932 3449 1024 3500 τοῦ
1051 3441 1405 3521 πατριάρχου.

2086 3270 2281 3334 neque
2311 3254 2622 3317 reducitur
2652 3255 2711 3317 in
2736 3274 3050 3317 numerum
3070 3272 3205 3319 cum
3225 3274 3448 3336 genere
3473 3257 3740 3336 illorum,

2084 3359 2300 3423 nempe
2334 3343 3300 3427 Melchisedec,accepitdecimas.
3342 3366 3370 3406 ‹
3397 3345 3467 3407 Ει
3498 3347 3743 3412 habenti

2081 3431 2509 3513 promissiones
2570 3432 2899 3496 benedixit.
2962 3460 2988 3490 ι
3050 3434 3270 3498 Extulit
3320 3434 3622 3500 Abraham
3680 3456 3745 3511 ut

353 3524 539 3612 magis
565 3527 873 3592 extolleret
901 3529 1038 3590 567
1065 3528 1490 3593 Melchisedec.
1528 3552 1556 3584 α
1590 3526 1652 3590 Id
1687 3528 1844 3610 quod
1882 3527 2079 3589 minus
2101 3530 2189 3586 est
2218 3522 2391 3612 abeo
2414 3523 2571 3605 quod
2600 3524 2791 3605 majus
2823 3531 2913 3587 est
2942 3524 3423 3589 benedictionem
3456 3528 3735 3612 accipit.-

354 3610 562 3695 Itaque
597 3617 793 3698 potior
819 3616 929 3681 fuit
955 3625 1014 3681 et
1042 3619 1258 3681 melior
1286 3617 1504 3681 Christi
1536 3626 1706 3700 typus
1734 3617 1862 3700 ipso
1891 3632 2129 3700 quoque
2163 3610 2515 3693 patriarcha.

434 3728 463 3760 ι
527 3709 627 3765 Καὶ
690 3706 792 3765 ὦδε
850 3710 947 3785 μὲν
1026 3707 1250 3772 δεκάτας
1330 3709 1754 3780 ἀποθνήσκοντες
1809 3707 2003 3788 ἅνθρω-

350 3816 440 3851 ποι
533 3793 917 3872 λαμϐάνουσιν,
1020 3797 1174 3856 Ἐκεῖ
1265 3795 1320 3854 δὲ
1402 3800 1836 3877 μαμτυρούμενος
1919 3796 1998 3853 ὅτι

343 3889 432 3960 ζῇ,
464 3885 575 3958 καὶ,
642 3888 715 3951 ὡς
778 3885 902 3953 ἔπος
989 3889 1183 3969 εἰπεῖν,
1253 3886 1338 3944 διὰ
1399 3885 1640 3969 Ἀϐραὰμ
1710 3890 1799 3945 καὶ
1868 3891 1996 3944 Λευῗ

342 3977 370 4031 6
439 3972 664 4041 δεκάτας
723 3975 1035 4054 λαμϐάνων,
1145 3966 1518 4037 δεδεκάτωται.
1589 3966 1721 4035 "En
1775 3979 1875 4058 γὰρ
1947 3976 2000 4033 ἐν

341 4069 410 4141 τῇ
481 4065 643 4147 ὀσφύϊ
714 4076 808 4126 τοῦ
862 4068 1062 4147 πατρὸς
1131 4067 1197 4136 ἦν
1253 4067 1342 4125 ὅτε
1393 4068 1717 4138 συνήντησεν
1776 4069 1915 4143 αὒτῷ
1972 4069 1999 4124 6

344 4153 504 4235 Μελχ
515 4152 709 4217 ισεδέκ.
745 4180 773 4212 n

432 4242 603 4310 Δεῐξνι
648 4244 812 4320 θέλει,
845 4244 925 4303 ὅτι
978 4244 1114 4304 πολὺ
1142 4246 1208 4313 ἦν
1280 4248 1340 4303 τό
1411 4245 1673 4327 ὑπερέχον
1728 4252 1818 4303 τοῦ
1848 4245 1995 4303 Μελ-

349 4330 580 4415 χισεδὲκ,
616 4336 705 4392 καὶ
734 4332 820 4392 διὰ
847 4334 1003 4393 τοῦτο
1048 4333 1205 4393 ἔλαϐε
1240 4336 1333 4400 τὰς
1394 4333 1641 4411 δεκάτας,
1698 4336 1784 4391 καί
1812 4358 1943 4415 φηαι
1979 4352 1992 4366 ⁸

352 4421 446 4477 Καὶ
510 4425 556 4478 οἱ
604 4428 821 4481 Λευῖται
870 4425 968 4499 μὲν
1048 4427 1134 4481 οὗν
1207 4421 1587 4501 λαμϐάνουσιν,

2164 3700 2291 3777 VII,
2314 3703 2444 3767 7-9.
2461 3705 2665 3785 Atque
2686 3704 2785 3767 hic
2808 3705 3048 3786 quidem
3067 3706 3341 3767 homines
3352 3707 3747 3787 quimoriun-

2083 3799 2184 3856 tur
2229 3792 2494 3855 decimas
2516 3795 2843 3875 accipiunt.
2865 3794 3005 3856 Illic
3031 3802 3234 3857 autem
3256 3796 3389 3857 isde
3414 3811 3530 3873 quo
3551 3801 3740 3859 testa-

2083 3888 2209 3943 tum
2234 3882 2500 3961 estquod
2522 3884 2731 3947 vivat:
2759 3892 2816 3946 et
2838 3892 2907 3945 ut
2952 3889 3037 3946 ita
3059 3882 3301 3966 loquar,
3334 3885 3397 3945 in
3431 3883 3742 3948 Abraham

2082 3971 2426 4034 decimatas
2459 3978 2547 4034 est
2592 3973 2778 4035 etiam
2820 3978 2946 4054 ipse
2974 3974 3125 4035 Levi
3168 3974 3279 4053 qui
3298 3973 3560 4036 decimas
3588 3971 3741 4036 solet

2081 4065 2372 4141 accipere.
2408 4060 2615 4125 Adhuc
2643 4064 2806 4124 enim
2834 4064 2901 4124 in
2934 4060 3153 4124 lumbis
3164 4063 3363 4142 patris
3391 4068 3523 4125 erat
3551 4079 3739 4144 quum

2080 4156 2428 4211 occurreret
2462 4149 2723 4212 Abraha:
2757 4151 3179 4213 Melchisedec.

2160 4234 2493 4303 Ostendere
2552 4239 2672 4300 vult
2732 4240 2888 4321 quod
2951 4258 3164 4320 magna
3194 4246 3350 4301 esset
3382 4238 3738 4303 excellentia

2083 4327 2505 4404 Melchisedcc,
2540 4336 2601 4390 et
2657 4340 2975 4410 propterea
3024 4329 3321 4411 acciperet
3352 4328 3639 4407 decimas,
3680 4339 3740 4392 et

1684 4419 1804 4480 an‘
1854 4422 1999 4481 οὖδὲν
2022 4441 2064 4491 n
2083 4415 2166 4478 ait
2202 4434 2215 4479 :
2245 4415 2432 4478 Etiam
2452 4419 2670 4481 Levita:
2691 4418 2994 4500 accipiunt
3019 4440 3035 4501 ;
3060 4429 3115 4482 at
3139 4418 3286 4480 nihil
3313 4419 3424 4480 hoc
3449 4437 3734 4501 magnum

349 4508 483 4589 μέγα
528 4526 541 4540 ⁸
594 4511 986 4584 ἀποθνήσκουσι
1028 4514 1152 4593 γάρ.
1198 4513 1286 4579 Τίς
1344 4510 1398 4570 δὲ
1455 4513 1705 4593 φθονήσει
1734 4517 1892 4589 τιμῆς
1924 4520 2001 4589 τῷ

2091 4514 2195 4579 est,
2222 4525 2355 4567 nam
2381 4507 2758 4586 moriuntur;
2790 4508 2922 4590 quis
2945 4518 3139 4571 autem
3164 4507 3423 4570 invideat
3445 4508 3735 4570 honorem

347 4598 707 4673 ἀποθνήσκειν
777 4601 1076 4684 μέλλοντις
1179 4594 1235 4661 Ὀ
1342 4600 1397 4659 δὲ
1469 4599 1827 4683 Μελχισεδὲκ,
1914 4606 2001 4660 καὶ

2091 4597 2137 4658 ei
2158 4600 2257 4679 qui
2285 4600 2606 4662 moriturus
2626 4600 2767 4664 est?
2818 4601 3213 4664 Melchisedec
3233 4609 3430 4663 autem
3473 4599 3653 4662 etiam
3684 4600 3738 4663 si

340 4700 503 4750 ταῦτα
575 4693 998 4773 μαρτυρούμενος
1060 4699 1157 4771 ζῇν
1216 4689 1371 4749 ἔλαϐε
1444 4693 1539 4757 τὰς
1623 4690 1868 4756 δἐκάτας.
1928 4694 1999 4751 Τὸ

2091 4688 2489 4751 testimonium
2519 4689 2820 4770 acceperit
2851 4692 3004 4772 quod
3041 4693 3210 4765 vivat,
3261 4690 3528 4752 decimas
3557 4706 3733 4750 acce-

336 4778 415 4853 δὲ,
462 4784 898 4861 Μαρτυρούμενος
969 4790 1090 4861 ζῇν,
1162 4781 1306 4850 δέξαι
1378 4783 1515 4840 κατά
1568 4782 1666 4850 τὴν
1737 4780 1848 4839 ἄνω
1902 4781 1992 4839 ἔν-

2091 4780 2188 4861 pit.
2223 4778 2389 4853 Quod
2434 4788 2628 4842 autem
2662 4781 2742 4841 ait
2777 4779 3178 4842 testimonium
3228 4780 3532 4860 accepisse
3565 4779 3732 4841 illum

335 4893 507 4953 νειαν,
536 4869 693 4945 διότι,
728 4874 880 4954 φησὶ,
912 4876 1007 4932 οὐκ
1049 4874 1205 4931 εἶπεν
1250 4875 1285 4942 ἡ
1345 4871 1525 4953 Γραφὴ
1590 4871 1689 4939 τὴν
1742 4869 1990 4940 τελευτὴν

2091 4868 2230 4950 ῃιιοά
2265 4868 2436 4944 vivat,
2467 4870 2676 4952 accipe
2708 4871 2875 4949 juxta
2904 4869 3102 4931 datum
3136 4868 3303 4951 prius
3336 4868 3730 4945 intellectum,

335 4959 518 5041 αὐτοῦ,
562 4958 701 5017 ἀλλὰ
741 4961 841 5029 τὴν
897 4963 1039 5033 ζωὴν
1097 4963 1283 5039 μόνον,
1345 4963 1407 5018 τὸ
1462 4968 1560 5039 ζῇν
1631 4961 1772 5036 αὗτῷ
1830 4961 1992 5037 μόνον

334 5047 476 5116 ἔδοξε
528 5063 836 5130 μαρτυρεῖν,
898 5052 973 5117 ὡς
1044 5053 1088 5109 εἰ
1145 5051 1304 5110 εἶπεν
1336 5055 1353 5082 ⁸
1412 5048 1634 5132 Προῄδει
1679 5051 1707 5107 6
1749 5047 1992 5128 Ἀϐραὰμ

335 5138 417 5195 ὅτι
447 5142 541 5197 οὒκ
583 5138 729 5197 ἔσται
759 5137 897 5211 δήλη
957 5143 992 5211 ἡ
1062 5140 1284 5211 τελευτὴ
1350 5147 1443 5199 τοῦ
1501 5137 1855 5221 Μελχισεδέκ,
1892 5142 1989 5199 Καὶ

334 5225 452 5286 οὐδὲ
508 5227 665 5286 τοῦτο
747 5229 997 5298 ἐποίησεν
1068 5230 1226 5287 αὐτὸν
1310 5233 1565 5311 φθονῆσαι
1651 5229 1793 5304 αὒτῷ
1889 5235 1987 5297 τῆς

330 5322 497 5394 τιμῆς
528 5324 637 5375 τῶν
670 5316 927 5381 δεκατῶν,
964 5309 1127 5390 ιᾘδει
1211 5309 1333 5400 γὰρ-
1370 5319 1527 5375 αὓτου
1580 5319 1642 5375 τὸ
1697 5317 1982 5398 ὑπερέχον,

335 5397 419 5465 ’Ἡ
451 5405 807 5487 άπλοόστερον
833 5404 973 5475 δέξαι
1038 5411 1100 5466 16
1172 5397 1471 5489 εἰρημένον,
1558 5405 1637 5464 ὅτι
1708 5409 1737 5465 6
1793 5397 1985 5488 τρόπος

329 5502 426 5565 τῆς
454 5497 770 5578 ἱερωσύνης,
842 5504 948 5555 τῶν
1019 5497 1115 5575 μὲν
1174 5503 1435 5570 Δευῖτῶν,
1481 5495 1826 5569 ἀποθνήσκει.
1890 5500 1991 5557 Καὶ

328 5586 427 5667 γὰρ
496 5585 787 5649 ἐπαύσατο.
862 5590 961 5657 τῆς
1032 5586 1281 5656 ἄληθείας
1340 5585 1582 5669 φανείσες
1614 5604 1631 5621 ⁸
1692 5589 1720 5644 6
1782 5584 1836 5642 δὲ
1893 5594 1985 5645 τοῦ

324 5672 664 5757 Μελχισεδὲκ
706 5681 793 5753 ζῇ.
834 5698 863 5732 α
914 5682 989 5754 Ζῇ
1046 5676 1168 5758 γὰρ.
1207 5698 1232 5735 ι
1294 5677 1416 5742 Πῶς
1475 5672 1529 5731 δὲ
1602 5675 1979 5758 ἑμαρτυρήθης

2072 4957 2211 5021 ideo
2224 4959 2499 5022 videlicet
2524 4960 2681 5041 quod
2707 4978 2843 5022 cum
2868 4978 2985 5020 non
2999 4959 3214 5020 dixerit
3232 4956 3539 5040 Scriptura
3553 4958 3734 5019 finem

2074 5047 2257 5113 illius.
2296 5048 2399 5111 sed
2434 5049 2625 5111 solam
2669 5048 2872 5124 vitam,
2923 5049 3116 5110 solum
3164 5048 3239 5110 de
3271 5067 3340 5109 eo
3377 5046 3584 5109 testari
3613 5046 3736 5109 visa

2073 5145 2164 5199 est
2194 5136 2349 5219 quod
2375 5137 2594 5200 viveret
2622 5158 2637 5212 ;
2662 5156 2731 5200 ac
2761 5138 2813 5199 si
2843 5138 3071 5201 diceret
3107 5160 3117 5197 :
3158 5137 3517 5201 Praeviderat
3538 5134 3735 5198 Abra-

2072 5226 2208 5288 ham
2266 5228 2421 5308 quod
2483 5227 2919 5289 manifestanda
2977 5247 3092 5289 non
3143 5239 3307 5288 esset
3355 5244 3516 5287 mors
3546 5224 3734 5307 ipsius

2070 5314 2494 5397 Melchisedec,
2527 5334 2722 5399 neque
2748 5326 2950 5380 tamen
2985 5325 3179 5379 motus
3204 5336 3270 5378 ex
3293 5335 3363 5379 eo
3388 5330 3477 5379 est
3502 5322 3563 5376 ut
3585 5314 3731 5376 invi-

2069 5406 2239 5469 deret
2258 5405 2343 5467 illi
2362 5406 2651 5468 honorem
2676 5406 3068 5488 decimarum,
3097 5415 3339 5469 noverat
3356 5405 3515 5469 enim
3543 5404 3735 5487 ipsius

2070 5496 2447 5575 dignitatem.
2505 5499 2624 5560 Aut
2682 5495 3030 5577 simplit-iori
3087 5496 3262 5558 modo
3317 5494 3525 5576 accipe
3570 5494 3728 5576 quod

2069 5584 2292 5647 dictum
2319 5593 2430 5662 est,
2466 5584 2621 5668 quod
2647 5584 2859 5647 modus
2879 5585 3122 5668 quidem
3147 5583 3467 5647 sacerdotii
3490 5581 3728 5645 Levita-

2072 5692 2202 5737 rum
2236 5674 2509 5755 moritur,
2561 5674 2856 5757 siquidem
2915 5674 3169 5739 cessavit
3214 5680 3539 5758 apparente
3563 5670 3726 5737 veri-
