4132 6424
401 350 520 418 355

1536 357 1954 426 (ECUMENII
1997 360 2293 425 TRICC/E
2334 361 2670 429 EPISCOPI

3671 356 3792 425 356

399 489 672 555 Christus
705 490 866 553 enim
895 492 1155 572 pontifex
1201 492 1388 556 factus
1410 501 1499 556 est
1520 513 1638 556 non
1656 495 1823 576 juxta
1847 495 2034 575 legem

2124 494 2356 575 γέγονεν.
2393 520 2420 552 ι
2457 496 2652 576 Γέγονε
2702 498 2801 577 γὰρ
2833 500 2861 555 6
2936 499 3160 577 Χριστὸς
3196 496 3497 579 ἀρχιερεὺς,
3543 497 3603 553 οὗ
3651 494 3788 551 κατὰ

398 580 680 662 prmcepti
700 581 973 643 carnalis.
1013 582 1118 645 sed
1143 583 1311 663 juxta
1352 584 1674 664 potentiam
1697 585 1828 647 vitm
1858 584 2048 646 indis-

395 669 693 733 solubilis.
728 669 878 744 Quid
908 679 997 733 est
1018 672 1189 752 juxta
1217 672 1409 751 legem
1444 674 1725 755 praecepti
1756 674 2054 736 carnalis?

394 758 541 833 Quia
564 759 661 822 lex
689 759 954 823 carnalia
978 760 1236 824 habebat
1268 771 1587 844 praecepta,
1626 772 1763 845 puta
1787 764 2052 826 circum-

394 848 707 925 cisionem,
728 848 1009 925 Sabbata,
1045 860 1107 913 ut
1129 852 1242 913 hoc
1292 851 1565 933 ederent,
1587 853 1732 915 illud
1766 872 1903 915 vero
1936 871 2051 914 non

396 936 808 1020 ederent,quae
829 939 1026 1001 carnis
1050 955 1221 1003 erant
1245 949 1438 1003 etnon
1462 940 1676 1004 animae
1698 940 2049 1022 purificatio.

392 1048 515 1091 non
549 1047 689 1109 ergo
720 1029 913 1093 factus
944 1039 1034 1093 est
1061 1032 1344 1094 sacerdos
1372 1051 1406 1093 a
1437 1031 1568 1112 lego
1599 1052 1730 1114 qua:
1762 1042 2055 1113 praecepta

394 1118 656 1182 carnalia
706 1120 1111 1202 praecipiebat.
1146 1119 1293 1183 Nam
1354 1119 1457 1184 illa
1488 1121 1778 1184 Leviticos
1813 1130 2055 1184 noverat

393 1207 740 1271 sacerdotes
769 1228 783 1264 τ
830 1209 934 1271 sed
960 1210 1145 1275 factus
1172 1220 1283 1291 est,
1323 1210 1539 1292 inquit,
1566 1209 1829 1273 Christus
1847 1230 2053 1272 sacer-

400 1297 539 1372 dos,
574 1306 634 1359 et
665 1316 770 1378 per
799 1300 1099 1380 propriam
1131 1307 1187 1360 et
1237 1318 1346 1380 per
1372 1299 1561 1362 Patris
1583 1308 1959 1380 po'estatem,
1994 1306 2048 1361 et

405 1404 516 1467 per
545 1385 724 1448 vitam
761 1386 1290 1451 interminabilem.
1328 1387 2053 1451 aTestiﬁcaturenim.nEt

395 1475 554 1556 quod
592 1494 709 1536 non
734 1476 903 1555 juxta
933 1478 1126 1558 legem
1158 1477 1441 1557 praecepti
1471 1477 1725 1539 carnalis
1757 1478 1944 1540 factus
1973 1476 2048 1539 sit

388 1564 663 1627 Christus
691 1567 991 1642 sacerdos,
1028 1567 1363 1629 manifestat
1388 1568 1573 1629 Patris
1606 1566 2038 1628 testimonium.

392 1652 769 1715 Testiﬁcatur
792 1654 952 1716 enim
977 1655 1063 1716 illi
1089 1655 1859 1736 Pater,diccns,secundum
1886 1654 2046 1716 ordi-

391 1760 532 1833 nem
562 1742 962 1833 Meli-hisedec
994 1761 1126 1833 esse
1174 1744 1545 1807 sacerdotem
1604 1742 1749 1806 Nam
1799 1744 1848 1806 si
1873 1744 2034 1833 juxta

2125 1745 2275 1802 σεδὲκ
2302 1746 2462 1825 ἱερέα.
2512 1749 2570 1805 Εἰ
2610 1749 2709 1828 γὰρ
2778 1749 2931 1828 φησὶ,
2992 1748 3129 1804 κατὰ
3197 1749 3288 1804 τὸν
3358 1748 3519 1822 νόμον
3550 1746 3773 1825 ἐγίνετο,
3891 1813 3895 1816 ,

2135 585 2294 662 νόμον
2364 585 2583 654 ἐντολῆς
2638 587 2911 668 σαρκίνης,
2996 586 3139 644 ἀλλὰ
3181 590 3317 644 κατὰ
3372 586 3588 661 δύναμιν
3645 584 3789 656 ζωῆς

2134 674 2488 755 ἀκαταλύτου.
2522 678 2582 734 τί
2630 676 2742 733 ἐστι
2797 678 2933 733 κατὰ
3004 677 3169 754 νόμον
3241 675 3459 745 liv-colig
3509 676 3784 755 σσρκίνης,

2138 754 2269 821 ΗΟτι
2300 767 2329 822 6
2372 766 2534 842 νόμος
2563 767 2658 831 τὰς
2689 764 2903 833 ἐντολὰς
2952 787 3205 847 σαρκικας
3249 768 3431 847 εἶχεν,
3495 754 3615 822 οἷον
3643 784 3788 843 περιο

2136 855 2329 930 τομὴν,
2403 855 2607 935 ἀργίαν,
2680 854 2798 912 τόδε
2856 870 3073 937 φαγεῖν,
3135 858 3224 913 καὶ
3280 854 3397 913 τόδε
3441 854 3519 930 μὴ
3563 865 3780 934 φαγεῖν.

2136 942 2267 1023 ἅπερ
2294 946 2485 1024 σαρκὸς
2516 944 2580 1013 ἧν
2611 945 2701 1001 καὶ
2728 946 2788 1002 οὗ
2825 946 3010 1026 ψυχῆς
3062 945 3319 1024 καθάρσια
3367 964 3381 979 ⁸
3438 942 3498 999 οὒ
3567 941 3784 1021 γέγονεν

2135 1034 2219 1088 οὖν
2277 1034 2458 1113 φησὶν,
2517 1034 2680 1113 ἱερεὺς
2766 1034 2872 1091 ἀπὸ
2955 1036 3048 1092 τοῦ
3143 1034 3309 1111 νόμου
3349 1034 3443 1096 τὰς
3528 1036 3783 1110 σαρκικᾶς

2132 1120 2347 1187 ἒντολὰς
2399 1121 2798 1199 ἐντελλομὲνου,
2901 1121 3144 1187 Ἐκεῖνος
3215 1125 3315 1204 γὰρ
3371 1123 3494 1186 τοὺς
3552 1123 3783 1183 Λευίτας

2137 1207 2280 1267 οἶδεν
2308 1211 2500 1291 ἱερέας,
2535 1210 2701 1270 Ἀλλὰ
2756 1211 2963 1294 γέγονε,
3008 1214 3188 1293 φησὶν,
3235 1211 3271 1269 ὅ
3310 1213 3535 1292 Χριστὸς
3591 1210 3776 1287 ἱερεὺς,

2133 1295 2217 1354 διά
2245 1321 2303 1355 τε
2327 1299 2593 1377 ὃυναμεως
2623 1298 2777 1377 ἰδίας,
2851 1303 2939 1358 καὶ
2994 1307 3094 1369 τῆς
3142 1303 3237 1358 τοῦ
3299 1302 3527 1380 Πατρὸς,
3567 1300 3656 1356 καί
3697 1296 3783 1355 διὰ

2132 1388 2271 1459 ζωῆς
2325 1389 2641 1470 ἀπεράντου.
2682 1411 2706 1447 ε
2771 1397 3039 1470 Μαρτυρεῖ
3067 1392 3188 1471 γάρ.
3252 1413 3276 1448 ι
3315 1392 3413 1448 Καὶ
3440 1390 3549 1463 ὃτι,
3596 1388 3777 1469 φησὶν,

2131 1482 2190 1536 οὐ
2256 1480 2392 1536 κατὰ
2448 1480 2609 1555 νόμον
2680 1479 2897 1560 εντολῆς
2953 1481 3204 1560 σαρκίνης
3268 1478 3491 1558 γέγονεν
3556 1478 3721 1556 ἱερεὺς
3752 1478 3782 1533 6

2129 1569 2376 1646 Χριστὸς,
2430 1570 2464 1636 ἡ
2512 1554 2791 1649 μαρτυρία
2847 1554 3034 1636 δηλοῖ,
3063 1571 3156 1625 τοῦ
3229 1554 3431 1648 [ἰατρὸς
3506 1554 3780 1647 Μαρτυρεῖ

2125 1660 2224 1736 γὰρ
2253 1656 2406 1714 αὐτὸν
2435 1661 2464 1714 ὁ
2495 1664 2676 1738 Πατήρ
2737 1657 2931 1739 λέγων,
3000 1659 3139 1716 κατὰ
3191 1659 3293 1726 τὴν
3348 1656 3490 1723 τάξιν
3561 1655 3779 1737 Μελχι-

387 1831 578 1911 legem
614 1831 844 1905 fuisset,
876 1831 1233 1913 oportuisset
1286 1833 1477 1914 ipsum
1512 1833 1839 1895 secundum
1873 1832 2034 1894 ordi-

2125 1834 2223 1891 ἕδει
2256 1838 2412 1895 αὐτὸν
2441 1837 2577 1894 κατὰ
2606 1838 2704 1905 τὴν
2734 1836 2878 1903 τάξιν
2910 1836 3116 1917 ’Δαρὼν
3158 1836 3423 1915 γενέσθαι,

388 1938 524 1982 nem
561 1923 750 1981 Aaron
784 1920 1000 1982 factum
1034 1920 1235 1982 fuisse.

465 2008 592 2085 VII,
624 2010 829 2074 18-25.
858 2011 906 2071 A
920 2011 1190 2091 brogatio
1210 2013 1368 2074 enim
1389 2012 1462 2092 ﬁt
1476 2012 1870 2093 praecedentis
1888 2028 2040 2091 proe-

383 2106 541 2178 ceptz'
556 2108 808 2180 propter
827 2099 1310 2163 imbecillitatem
1331 2108 1389 2163 et
1420 2100 1824 2162 inutili/mem
1856 2122 1869 2158 :
1896 2117 2040 2161 nam

383 2189 548 2251 nihil
570 2190 655 2251 ad
668 2190 1002 2269 perfectum
1027 2188 1291 2251 adduxit
1316 2189 1435 2263 lex,
1456 2207 1657 2251 verum
1678 2189 2042 2252 introductio

379 2278 655 2357 quadam
677 2285 764 2341 est
787 2278 864 2339 ad
880 2295 1047 2357 spem
1075 2278 1364 2358 potiorem
1375 2297 1501 2358 ,per
1520 2296 1701 2358 quam
1714 2280 2040 2359 appropin-

378 2384 635 2445 quamus
664 2366 824 2430 Deo:
866 2375 1043 2446 atque
1065 2376 1165 2427 υ
1188 2378 1215 2426 ι
1251 2369 1358 2430 hoc
1390 2374 1701 2445 potiorem,
1728 2369 1886 2445 quod
1917 2385 2039 2429 non

302 2460 303 2463 “
377 2455 1009 2537 absquejurejurando
1031 2474 1127 2519 res
1146 2463 1281 2520 acta
1292 2457 1346 2519 si
1353 2465 1374 2517 t
1384 2456 1559 2519 .Nam
1574 2456 1669 2518 illi
1687 2456 1927 2535 quidem
1948 2458 2037 2518 ci-

380 2552 480 2605 tre
484 2544 932 2624 jusjurandum
952 2546 1289 2608 sacerdotes
1299 2547 1454 2623 facti
1462 2545 1730 2620 sunt,hic
1742 2562 1878 2607 vero
1898 2562 2035 2606 cum

376 2634 793 2710 iureiurando
809 2652 1067 2712 pereum
1097 2636 1204 2713 qui
1240 2634 1400 2697 dixit
1436 2636 1513 2696 ad
1530 2634 1705 2697 illum
1736 2652 1749 2694 :
1789 2635 2037 2696 Jnruvit

382 2720 684 2784 Dominus
704 2730 763 2786 et
789 2741 912 2785 non
958 2722 1271 2804 panitebil
1291 2743 1451 2796 eum,
1486 2732 1550 2786 In
1578 2741 1638 2785 es
1660 2723 1941 2786 sacerdos
1970 2724 2035 2784 in

376 2818 667 2874 aeternum
697 2813 1038 2875 secundum
1073 2812 1344 2876 ordinem
1392 2812 1803 2875 llelchisedec.
1849 2811 1895 2873 T
1893 2818 2035 2874 ante

377 2901 649 2964 melioris
666 2906 1015 2964 testamenti
1028 2919 1279 2983 sponsor
1295 2908 1492 2979 [actus
1512 2910 1602 2964 est
1621 2900 1820 2964 Jesus.
1833 2901 1912 2965 Et
1941 2902 2037 2964 illi

377 2992 615 3072 quidem
647 2990 869 3073 plures
887 2993 1039 3070 facti
1057 2994 1303 3070 fuerunt
1327 2992 1686 3072 sacerdotes,
1708 2999 2036 3071 propterea

379 3080 664 3160 quodper
679 3086 934 3142 mortem
982 3097 1109 3142 non
1144 3080 1500 3143 sinerentur
1514 3096 1878 3160 permanere
1912 3099 1925 3139 :
1972 3094 2036 3150 αι

379 3169 482 3231 hic
504 3168 663 3250 quod
684 3169 839 3231 idem
890 3177 1245 3249 pevmaneat
1271 3169 1338 3231 in
1361 3177 1679 3250 aeternum,
1709 3170 2031 3249 sempiter-

376 3275 525 3320 num
550 3256 726 3321 habet
746 3258 1155 3321 sacerdotium
1184 3276 1197 3321 :
1245 3258 1406 3320 unde
1430 3266 1487 3321 et
1507 3261 1709 3321 salvos
1724 3259 1936 3336 facere
1955 3258 2034 3321 ad

367 3346 621 3427 plenum
663 3353 857 3426 potest
906 3364 1005 3409 eos
1054 3349 1162 3428 qui
1207 3364 1318 3428 per
1337 3352 1535 3428 ipsum
1561 3348 1780 3411 adeunt
1816 3347 2026 3424 Deum,

375 3453 612 3515 semper
639 3437 871 3510 uiuens,
895 3437 975 3498 ad
1000 3437 1110 3499 hoc
1139 3445 1204 3499 ut
1233 3436 1573 3516 interpellet
1601 3454 1713 3517 pro
1744 3435 1890 3499 illis.

457 3522 615 3585 Dixit
647 3524 1022 3605 praestantius
1054 3543 1186 3588 esse
1233 3544 1448 3586 novum
1483 3532 1941 3599 testamentum;
1976 3532 2035 3587 et

376 3612 492 3674 hoc
506 3611 1397 3694 manifestat,inquit,cxcellens
1422 3612 1729 3674 diversitas
1747 3612 2030 3675 sacerdo-

377 3710 527 3764 tum.
550 3700 710 3762 Dixit
739 3701 893 3782 quod
929 3701 1104 3764 etiam
1137 3702 1444 3763 immutata
1466 3702 1585 3763 sint
1605 3700 2027 3766 omnia.Dein-

374 3808 521 3869 ceps
550 3809 791 3853 causam
815 3789 1249 3853 immutationis
1270 3790 1504 3864 dicit,et
1532 3790 1612 3851 ait
1646 3808 1659 3853 :
1700 3815 1725 3846 α
1760 3789 2029 3870 Ahroga-

371 3882 455 3944 tio
487 3882 572 3954 fit,
610 3907 636 3938 ι
675 3883 789 3944 hoc
838 3894 931 3943 est
988 3882 1253 3964 repulsio
1314 3891 1371 3944 et
1428 3882 1662 3963 eje‘ctio.
1706 3881 2027 3961 Ahrogatio

369 3970 551 4051 igitur
600 3972 665 4034 ﬁt
698 3971 1095 4052 prmeedeutis
1150 3970 1475 4052 praecepti:
1513 3971 1627 4033 hoc
1660 3979 1776 4045 est,
1812 3971 2028 4033 veteris

371 4060 675 4139 legis,non
705 4068 955 4132 temere,
982 4061 1086 4122 sed
1111 4068 1249 4121 tunc
1271 4060 1329 4121 id
1356 4060 1419 4121 ﬁt
1447 4060 1683 4141 quando
1713 4058 2030 4122 imbecillis

371 4158 432 4211 et
457 4148 688 4210 inutilis
717 4148 957 4211 inventa
978 4158 1089 4211 est.
1128 4148 1191 4211 Si
1213 4148 1372 4210 enim
1393 4148 1553 4210 nulla
1572 4148 1781 4212 fuisset
1811 4167 2025 4230 repre-

373 4237 613 4311 hensio,
640 4236 785 4318 quid
816 4256 1066 4300 necesse
1089 4236 1299 4299 fuisset
1318 4237 1633 4299 immutare
1652 4236 1683 4297 Ἰ
1706 4239 2028 4318 Propterea

370 4325 552 4407 igitur
573 4334 631 4389 et
657 4327 774 4400 lex,
796 4326 1011 4406 inquit,
1050 4326 1357 4387 immutata
1387 4334 1497 4389 est.
1527 4325 1653 4387 Hoc
1683 4326 1840 4387 enim
1875 4344 2023 4407 prae-

2210 2039 2234 2068 ιι
2300 2013 2554 2082 Αθέτησις
2612 2015 2709 2090 μὲν
2768 2016 2867 2094 γὰρ
2920 2015 3119 2093 γίνεται
3214 2014 3547 2095 προαγούσης
3620 2012 3775 2068 ἐντο-

2123 2101 2245 2175 λῆς,
2304 2100 2388 2159 διὰ
2457 2106 2518 2161 τὸ
2590 2106 2752 2171 αὐτῆς
2810 2104 3021 2168 ἀσθενὲς
3079 2106 3166 2161 καὶ
3226 2102 3515 2182 ἀνωφελές.
3611 2100 3775 2160 Οὐδὲν

2123 2193 2223 2272 γὰρ
2284 2191 2585 2251 ἐτελείωσεν
2655 2196 2683 2250 6
2754 2194 2939 2269 νόμος.
3028 2193 3407 2272 Ἐπεισαγωγη
3473 2192 3527 2247 δὲ
3586 2192 3773 2271 κρείτ-

2125 2294 2273 2336 τενος
2375 2272 2607 2354 ἐλπίδος,
2680 2272 2747 2329 δι’
2827 2273 2892 2350 ᾗς
2973 2272 3248 2353 ἐγγίζομεν
3335 2277 3413 2348 τῷ
3485 2280 3624 2348 Θεῷ,
3681 2274 3773 2328 καὶ

2124 2364 2240 2421 καθ’
2325 2363 2449 2422 ὅσον
2506 2365 2566 2422 οὐ
2663 2366 2830 2445 χωρὶς
2915 2365 3266 2445 ὁρκωμοσίας.
3372 2366 3432 2421 Οἱ
3501 2364 3599 2440 μὲν
3668 2364 3771 2442 γὰρ

2122 2453 2291 2534 χωρὶς
2382 2455 2711 2534 ὁρκωμοσίας
2809 2455 2934 2510 εἰσὶν
2962 2455 3122 2532 ἱερεῖς
3211 2452 3511 2532 γεγονότες,
3598 2455 3625 2509 ὁ
3710 2451 3769 2507 δὲ

2116 2545 2253 2623 μετᾶ
2345 2544 2675 2623 ὁρκωμοσίας
2744 2540 2842 2621 ⁶διὰ
2908 2542 3001 2599 τοῦ
3080 2539 3327 2621 λέγοντος
3384 2543 3513 2621 πρὸς
3584 2542 3767 2621 αὐτὸν,

2120 2619 2339 2707 Ηιιὶμοσε
2377 2619 2585 2712 ⁷Κύριος
2655 2619 2753 2689 καὶὝ
2797 2634 2857 2690 οὐ
2907 2619 3437 2708 μεταμεληθήσεται,
3488 2632 3550 2687 σὺ
3602 2619 3768 2710 ἱερεὺς

2118 2722 2191 2786 εἷς
2248 2724 2338 2778 τὸν
2404 2723 2567 2779 αἰῶνα
2623 2723 2759 2779 κατὰ
2824 2722 2924 2789 τὴν
2978 2720 3123 2786 τάξιν
3180 2718 3534 2801 Μελχισεδέκ.
3620 2721 3768 2779 Κατὰ

2116 2820 2366 2869 τοσοῦτον
2449 2812 2744 2891 κρείττονος
2868 2809 3125 2880 διαθήκης
3232 2810 3450 2888 γέγονεν
3575 2808 3765 2888 ἔγγυος

2119 2898 2348 2967 Ἰησοῦς.
2441 2903 2539 2959 Καὶ
2636 2904 2683 2957 οἱ
2774 2901 2870 2975 μὲν
2950 2898 3190 2962 πλείονες
3299 2900 3396 2956 εἰσὶ
3479 2900 3765 2978 γεγονότες

2117 2992 2306 3070 ἱερεῖς,
2389 2987 2473 3045 διὰ
2528 2991 2611 3065 τὸ,
2670 2993 2879 3063 θανατῳ
2943 2986 3233 3045 κωλύεσθαι
3305 2987 3626 3066 παραμένειν
3660 3006 3673 3019 ·
3735 2991 3765 3045 6

2118 3076 2173 3135 δὲ
2240 3076 2325 3134 διὰ
2395 3081 2457 3135 τὸ
2513 3079 2689 3156 μένειν
2758 3078 2916 3134 αὐτὸν
2989 3080 3060 3140 εἰς
3117 3078 3211 3133 τὸν
3276 3078 3440 3135 αἰῶνα
3494 3074 3766 3155 ἀπαράϐαο

2117 3190 2206 3226 τον
2251 3166 2369 3249 ἔχει
2411 3168 2510 3236 τὴν
2581 3169 2889 3249 ἱερωσύνην,
2953 3157 3119 3225 υΟθεν
3158 3168 3247 3224 καὶ
3316 3166 3501 3238 σώζειν
3572 3168 3646 3228 είς
3700 3168 3765 3223 τὸ

2114 3256 2370 3322 παντελες
2467 3255 2677 3315 δύναται
2785 3258 2906 3320 τοὺς
3017 3255 3433 3337 προσεθομένους
3516 3253 3584 3311 δι’
3658 3259 3762 3314 αὒ-

2113 3354 2205 3404 τοῦ
2232 3350 2311 3422 τῷ
2352 3354 2488 3424 Θεῷ,
2537 3349 2765 3409 πάντοτε
2812 3346 2940 3421 ζῶν,
3012 3347 3086 3409 είς
3141 3346 3205 3403 τὸ
3259 3344 3601 3425 ἐντυγχάνειν
3631 3346 3765 3425 ὑπὲρ

2116 3440 2307 3499 αὐτῶν.
2346 3459 2375 3492 ε

2196 3526 2366 3583 Εἶπεν
2409 3523 2490 3581 ὅτι
2519 3522 2740 3601 βελτίων
2768 3523 2806 3590 ἠ
2831 3523 2922 3581 νέα
2950 3522 3197 3594 διαθήκη.
3263 3524 3359 3582 Καὶ
3387 3530 3545 3585 τοῦτο
3573 3521 3756 3603 δηλοῖ,

2114 3607 2265 3685 φησὶ,
2308 3608 2371 3662 τὸ
2398 3608 2503 3663 τῶν
2554 3604 2731 3684 ἱερέων
2772 3602 3043 3685 διάφορον.
3105 3604 3277 3662 Εἶπεν
3335 3603 3417 3661 ὅτι
3476 3606 3564 3662 καὶ
3596 3602 3757 3671 ἐνηλᾲ

2112 3702 2255 3782 λάγη
2285 3705 2479 3767 πάντα,
2514 3705 2709 3760 Λοιπὸν
2750 3704 2850 3772 τὴν
2879 3703 3043 3760 αἰτίαν
3070 3704 3167 3769 τῆς
3223 3701 3519 3782 ὲναλλάγῆς
3586 3701 3751 3782 λέγει,

2108 3793 2197 3849 καί
2224 3813 2383 3873 φησιν
2417 3808 2430 3822 ⁸
2486 3813 2510 3850 ε
2547 3792 2800 3860 Αθέτησις
2850 3791 3071 3870 γίνεται,
3125 3813 3149 3849 ι
3214 3791 3504 3865 τουτέστιν,
3539 3791 3753 3868 ἄμειψις

2107 3884 2196 3938 καὶ
2221 3879 2438 3952 ἐκϐολή.
2487 3879 2761 3949 ’Λθέτησις
2832 3888 3107 3959 τοιγαροῦν
3164 3882 3360 3959 γίνεται
3417 3880 3758 3960 προαγούσης

2111 3970 2352 4046 ἐντολῆς,
2383 3971 2647 4051 τουτέστι,
2717 3969 3067 4049 παλαιοτέρου
3128 3984 3315 4046 νόμου.
3391 3971 3496 4052 οὔχ
3543 3969 3757 4051 ἁπλῶς,

2112 4059 2249 4119 ἀλλὰ
2285 4061 2405 4117 τότε
2436 4060 2592 4129 ἡνίκα
2613 4060 2837 4128 ἀσθενὴς
2878 4061 2967 4117 καὶ
3023 4058 3300 4140 ἀνωφελὴς
3362 4062 3572 4141 εὑρέθη.
3606 4060 3761 4119 Ἐπεὶ

2111 4150 2190 4226 μὴ
2221 4150 2371 4215 ὄντος
2429 4150 2619 4227 μώμου
2659 4152 2823 4225 τινὸς,
2882 4150 2962 4213 τίς
3032 4150 3188 4230 χρεία
3258 4149 3353 4217 τῆς
3410 4148 3754 4231 ἑναλλαγῆς;

2109 4248 2417 4319 Τοιγαροῦν,
2449 4242 2599 4321 φησὶ,
2632 4238 2717 4296 διὰ
2744 4246 2899 4296 τοῦτο
2960 4239 3050 4295 καὶ
3119 4241 3147 4295 6
3191 4240 3375 4315 νόμος,
3410 4240 3570 4302 Οὗτος
3628 4241 3754 4319 γὰρ,

2107 4328 2143 4395 ἡ
2190 4329 2515 4410 προάγουσα,
2548 4326 2763 4408 ἐντολή,
2792 4324 3221 4395 ἐκϐἐϐαηταιδιὰ
3249 4329 3311 4385 τὸ
3343 4327 3554 4393 ἀσθενὲς
3600 4331 3761 4387 αὐτοῦ

371 4422 609 4515 eeptum
657 4414 947 4493 rejectum
1002 4421 1091 4515 est
1144 4420 1385 4515 propter
1441 4413 1907 4515 imbecillitatem
1947 4434 2026 4515 _ac

2121 4418 2197 4473 ιιαὶ
2223 4416 2512 4498 ἀνωφελές,
2544 4415 2816 4515 Οὗδὲῃγὰρ
2847 4415 3036 4497 ἴσχυεν
3080 4418 3109 4473 6
3157 4417 3325 4515 νόμος
3376 4414 3581 4473 τελειόν
3636 4438 3757 4474 τινα

368 4502 751 4565 inutilitatem
781 4521 973 4565 suam.
1011 4501 1318 4583 Siquidem
1352 4522 1469 4564 non
1505 4502 1698 4583 potuit
1720 4503 1811 4566 lex
1832 4504 2026 4586 perfe-

372 4600 532 4655 ctum
567 4609 929 4673 quemquam
961 4591 1023 4653 in
1053 4592 1267 4653 virtute
1315 4592 1595 4655 reddere.
1629 4589 1831 4655 Solum
1862 4593 2022 4655 enim

367 4682 609 4745 dicebat
642 4702 656 4743 :
690 4680 816 4744 Hoc
864 4681 1065 4755 facito,
1121 4679 1268 4743 illud
1306 4699 1450 4743 vero
1501 4700 1579 4743 ne
1608 4680 1868 4759 feceris;
1904 4702 2021 4746 non

366 4778 565 4835 autem
600 4770 823 4852 pariter
842 4768 1163 4832 roborabat
1180 4777 1239 4831 et
1255 4774 1324 4831 ad
1325 4768 1571 4849 juv’abat
1590 4771 1661 4832 ad
1685 4770 2024 4833 faciendum

367 4879 499 4943 quae
519 4861 683 4924 dicta
703 4867 892 4924 erant.
920 4857 1178 4923 «Verum
1198 4858 1843 4940 introductioquaadam
1868 4867 1980 4923 est.
1996 4885 2019 4917 η

366 4955 418 5015 Α
450 4949 756 5015 communi
789 4950 946 5012 enim
992 4949 1297 5012 intellectu
1330 4949 1643 5031 suppletur
1669 4949 1914 5012 verbum
1936 4952 2024 5032 γί-

363 5060 567 5117 γνεται,
623 5038 685 5101 id
733 5048 820 5101 est
869 5039 1142 5102 efﬁcitur.
1205 5060 1229 5095 α
1266 5038 1356 5101 Ad
1414 5057 1581 5120 spem
1644 5040 1957 5121 potiorem.
1997 5065 2017 5097 ι

364 5124 584 5188 Habuit
612 5145 870 5207 namque
889 5137 946 5191 et
970 5128 1060 5191 lex
1085 5136 1349 5210 spem,at
1368 5147 1486 5190 non
1514 5130 1692 5192 talem
1709 5130 1902 5210 qualis
1933 5137 2025 5192 est

367 5232 498 5294 quae
526 5214 716 5295 ipsius
744 5214 877 5278 loco
909 5216 1309 5298 subsequitur.
1347 5214 1655 5297 Siquidem
1699 5217 1798 5299 qui
1829 5217 2021 5297 legem

366 5303 722 5384 implebant,
754 5306 1074 5388 sperabant
1104 5317 1323 5369 terram
1357 5307 1668 5388 possidere
1702 5325 1716 5370 :
1766 5333 1792 5364 ι
1830 5310 2015 5384 Bona,

367 5392 584 5474 inquit,
623 5404 799 5459 terra;
851 5395 1182 5460 comedetis
1232 5396 1323 5459 33.
1363 5417 1392 5456 ι
1426 5396 1576 5478 Spes
1625 5416 1763 5460 vero
1794 5416 1927 5478 quae
1958 5398 2019 5458 in

368 5481 673 5547 Christum
696 5494 1064 5568 est,rcgnum
1092 5484 1192 5546 dat
1209 5484 1516 5565 caelorum,
1550 5486 1793 5568 Deoque
1816 5489 2015 5568 proxi-

424 5663 643 5731 5315a.
679 5683 718 5741 ι,
756 5666 856 5729 49.

2107 4509 2161 4562 ἓν
2190 4496 2359 4584 ἆρετῇ-
2380 4512 2627 4574 ποιῆσαι.
2672 4496 2873 4585 ’Ἔλεγε
2892 4496 2991 4585 γὰρ
3022 4507 3208 4582 μόνον,
3234 4503 3352 4562 τόδε
3381 4505 3621 4582 ποιῆσαι,
3664 4508 3757 4563 καὶ

2106 4593 2221 4652 τόδε
2252 4597 2330 4672 μὴ
2361 4602 2609 4665 ποιῆσαι.
2638 4598 2733 4654 οὒκ
2777 4594 2853 4652 ἔτι
2900 4594 2956 4652 δὲ
3007 4598 3093 4653 καὶ
3141 4593 3454 4672 ἐνεδυνάμου
3508 4598 3593 4653 καὶ
3622 4616 3753 4654 συν-

2107 4686 2355 4765 υπούργει
2379 4688 2510 4765 πρὸς
2539 4688 2601 4743 τὸ
2664 4686 2893 4765 γίνεσθαι
2945 4685 3012 4744 τὰ
3072 4683 3351 4765 λεχθέντα.
3419 4707 3448 4741 ε
3503 4685 3759 4743 Ἐπεισα-

2108 4776 2262 4853 γωγη
2290 4773 2365 4834 δέ.
2404 4799 2430 4831 ι
2493 4774 2629 4831 Ἀπὸ
2688 4783 2871 4834 κοινοῦ
2928 4776 2990 4830 τὸ
3064 4773 3280 4853 γίνεται.
3351 4797 3379 4829 ε
3442 4774 3754 4855 Κρείττονος

2108 4862 2338 4929 ἐλπίδος.
2382 4888 2403 4920 ο
2443 4864 2585 4945 Εἶχε
2617 4863 2714 4941 μὲν
2743 4864 2843 4944 γὰρ
2870 4865 2957 4921 καὶ
3000 4865 3030 4921 6
3084 4863 3244 4940 νόμος
3274 4862 3483 4944 ἐλπίδα,
3541 4861 3660 4921 ἀλλ’
3691 4866 3757 4922 οὖ

2107 4953 2377 5029 τοιαύτην,
2410 4954 2503 5010 οἴα
2531 4956 2566 5021 ἡ
2609 4953 3043 5033 ἀντεισαχθεῖσα.
3079 4955 3138 5010 Οἱ
3167 4953 3266 5030 μὲν
3308 4953 3409 5032 γὰρ
3470 4951 3751 5020 πληαοῦν-

2109 5063 2191 5107 τες
2224 5045 2315 5099 τὸν
2344 5043 2527 5119 νόμον,
2589 5039 2812 5114 ἤλπιζον
2867 5040 3000 5107 ἕξειν
3054 5041 3154 5109 τὴν
3223 5041 3347 5121 γῆν.
3388 5064 3411 5098 ι
3475 5043 3552 5099 Τὰ
3579 5041 3755 5119 ἀγαθὰ

2108 5134 2229 5212 γὰρ,
2263 5133 2414 5213 φησὶ,
2459 5137 2557 5199 τῆς
2643 5137 2744 5211 γῆς
2803 5131 3053 5211 φάγεσθε,
3104 5153 3129 5186 ι
3169 5121 3232 5188 Ἦ
3274 5127 3330 5187 δὲ
3384 5128 3470 5187 διὰ
3524 5137 3756 5211 Χριστοῦ

2109 5221 2257 5286 ἐλπὶς
2311 5222 2411 5289 τὴν
2470 5219 2745 5298 βασιλείαν
2801 5216 2976 5276 δίδωσι
3043 5219 3149 5275 τῶν
3206 5223 3463 5299 οὐρανῶν,
3519 5220 3608 5275 καὶ
3688 5221 3752 5276 τὸ

2107 5309 2264 5389 ἐγγὺς
2317 5312 2596 5380 στήσεσθαι
2639 5316 2792 5383 Θεοῦ,
2851 5309 2940 5365 καὶ
2990 5306 3386 5388 λειτουργήσειν
3444 5312 3585 5384 αὖτῷ
3614 5311 3754 5385 μετά

2105 5398 2371 5479 ἀγγέλων.
2427 5419 2457 5460 (
2516 5401 2613 5457 Καὶ
2692 5401 2787 5455 καθ
2858 5396 2983 5455 ὅσον
3046 5402 3106 5457 οὐ
3192 5396 3360 5477 χωρὶς
3417 5397 3751 5478 ὁρκωμοσίας

2103 5491 2253 5552 εἰσίν,
2292 5513 2321 5545 ι
2386 5490 2484 5549 Καὶ
2554 5495 2828 5569 τοσοῦτον,
2899 5488 3051 5567 φησὶ,
3100 5499 3345 5567 κρεῖττον
3416 5487 3748 5569 ἆντεισήχθη
