4132 6410
253 420 371 494 357
1383 417 1783 492 COMMENT.
1827 418 1912 491 IN
1956 416 2199 491 EPIST.
2249 426 2351 492 AD
2392 424 2624 495 HEBR.
3524 429 3641 502 358

252 561 431 641 ἐλπὶς,
502 563 619 622 καθ’
678 563 802 621 ὅσον
859 565 888 620 6
948 563 1169 643 Χριστὸς
1222 564 1281 625 ςῦ
1346 562 1514 642 χωρὶς
1571 562 1933 640 ὁρκωμοσίας.

2022 578 2160 621 num
2194 560 2344 636 fieri,
2371 570 2429 623 et
2456 562 2568 644 ipsi
2600 582 2720 626 una
2748 582 2882 625 cum
2926 564 3153 643 angelis
3200 565 3543 630 ministrare
3571 587 3643 632 ac

250 650 470 731 γέγονεν
522 653 713 726 ἱερεύς,
775 649 841 709 Ἢ
898 653 999 731 γὰρ
1075 652 1378 740 ὁρκωμοσία
1433 652 1495 707 16
1579 650 1902 727 ἀμετάθετον

2022 650 2350 714 acriﬂcare.
2373 657 2565 732 Atque
2594 653 2705 715 hoc
2738 655 3056 735 paiiorem,
3083 656 3238 736 quod
3273 675 3392 718 non
3413 657 3642 740 absque

249 740 417 810 δηλοῖ
466 752 562 802 106
616 740 823 800 ἔσεσθαι
879 742 1036 800 αὐτὸν
1109 739 1364 821 ἀρχιερέα
1419 742 1494 805 εἰς
1552 741 1645 797 τὸν
1714 740 1903 801 αἰῶνα.

2022 740 2374 820 urejurando
2405 759 2503 803 res
2530 749 2659 804 acta
2688 742 2822 805 sit.»
2858 742 3067 825 Tanto,
3089 744 3299 825 inquit,
3331 737 3640 812 meliorem

259 857 289 888 ι
341 838 400 893 Οἱ
451 834 549 913 μὲν
605 835 707 913 γὰρ
763 836 929 915 χωρὶς
1000 834 1354 915 ὁρκωμοσίας.
1394 856 1419 892 n
1480 833 1620 892 Εἶτα
1689 832 1750 890 ἐκ
1807 839 1903 889 ττῦ

2022 828 2148 907 [und
2185 846 2301 891 non
2325 830 2457 892 sine
2477 830 2873 910 jurejurando
2916 832 3104 894 factus
3134 832 3211 895 sit
3239 832 3510 899 Christus
3539 856 3639 899 sa-

253 924 536 989 ἒλᾶττονος
588 926 642 980 αἱ
696 926 992 1005 συγκρίσεις
1046 928 1150 980 τῶν
1205 922 1349 1001 παρὰ
1406 920 1675 986 Ἰουδαίοις
1727 921 1905 1000 ἱερέων

2026 918 2206 981 erdos
2221 919 2639 994 Jusjurandum
2657 923 2815 984 enim
2839 922 3377 987 immutabilitatem
3395 926 3645 1003 indicat,

255 1016 348 1071 καὶ
380 1021 474 1071 τοῦ
501 1014 657 1088 ἡμῶν
715 1012 1035 1094 ἀρχιερέως.
1100 1035 1124 1069 ιι
1194 1013 1292 1068 Διὰ
1363 1022 1454 1071 τοῦ
1482 1010 1732 1090 λέγοντος
1776 1012 1907 1091 πρὸς

2022 1008 2151 1087 [ιιοά
2198 1008 2428 1071 futurus
2472 1011 2548 1073 sit
2592 1013 2855 1092 pontifex
2885 1012 2945 1074 in
2971 1022 3280 1079 aeternum.
3313 1014 3503 1077 uNam
3555 1017 3645 1079 illi

261 1106 443 1165 αυτὸν.
484 1128 507 1157 ιο
545 1107 676 1160 Οἴον
703 1100 787 1159 διὰ
816 1109 911 1160 τοῦ
979 1108 1132 1163 Θεοῦ.
1201 1102 1298 1157 Διὰ
1353 1108 1446 1159 τοῦ
1513 1100 1681 1158 Δαυ³ιδ
1736 1101 1836 1180 γὰρ
1883 1121 1912 1176 9

2022 1096 2242 1177 [uidem
2280 1101 2428 1161 citra
2454 1100 2940 1181 jusjurandum»
2964 1103 3103 1163 579
3129 1102 3354 1166 Deinde
3376 1123 3408 1166 a
3431 1105 3647 1168 minori

265 1196 396 1259 Θεὸς
421 1191 621 1255 ἐλάλει.
659 1216 686 1249 ι
763 1193 912 1251 Κατὰ
963 1197 1212 1249 τοσοῦτον
1281 1190 1596 1268 κρείττονος,
1664 1211 1689 1247 α
1752 1192 1913 1269 Καθὸ,

2022 1187 2468 1268 :omparationes
2500 1189 2637 1252 facit
2670 1190 3044 1254 sacerdotum
3081 1192 3182 1275 qui
3215 1194 3367 1275 apud
3410 1194 3648 1259 Judmos

264 1285 448 1364 φησὶν,
480 1285 528 1339 οἱ
577 1282 674 1359 μὲν
730 1282 871 1361 παρὰ
927 1278 1190 1344 Ἰουδαίοις
1265 1282 1424 1359 ἱερεῖς
1495 1278 1623 1360 δίχα
1677 1278 1857 1358 ὅρκου,
1889 1281 1918 1334 6

2022 1283 2191 1365 erant,
2229 1290 2286 1337 et
2321 1282 2507 1340 nostri
2539 1280 2859 1360 pontiﬁcis.
2895 1306 2915 1337 ι
2956 1285 3065 1343 t'er
3093 1301 3229 1345 eum
3263 1282 3365 1365 qui
3397 1284 3544 1347 dixit
3571 1286 3643 1348 ad

266 1361 321 1428 δὲ
353 1361 577 1448 Χριστὸς
634 1373 769 1447 μετὰ
836 1373 992 1449 ὅρκου
1060 1369 1276 1448 γέγονεν
1344 1368 1645 1448 ἀρχιερεύς.
1707 1371 1815 1427 Οὔκ
1857 1365 1918 1422 ἂν

2026 1362 2231 1425 llum.»
2255 1365 2381 1429 Hoc
2411 1376 2500 1430 est
2527 1388 2634 1448 per
2664 1371 2852 1432 Deum
2880 1391 2894 1431 :
2927 1388 3063 1432 nam
3088 1390 3194 1452 per
3214 1361 3394 1434 David
3422 1374 3652 1437 locutus

268 1460 323 1519 δὲ
355 1464 511 1519 τοῦτο
555 1460 765 1540 γέγονε.
814 1460 995 1539 φησὶν,
1026 1459 1179 1535 εἰμὴ
1224 1457 1448 1536 μεγίστη
1479 1457 1544 1525 ἧν
1589 1458 1624 1525 ἧ
1671 1454 1910 1537 διαφορά.

2022 1461 2095 1514 est
2124 1455 2301 1517 Deus.
2345 1478 2369 1512 ιι
2406 1455 2592 1519 Tanto
2645 1459 2887 1539 potioris
2935 1461 3296 1525 testamenti.
3353 1488 3377 1520 ο
3422 1462 3648 1536 Quate-

270 1556 573 1629 Τοιγαροῦν
598 1551 692 1634 καί
715 1549 812 1616 τῆς
868 1547 988 1613 νέας
1046 1547 1273 1627 μεγίστη
1302 1549 1338 1615 ἡ
1382 1544 1603 1626 διαφορὰ
1656 1547 1789 1626 πρὸς
1817 1557 1915 1613 την

2022 1560 2146 1634 ius,
2169 1545 2382 1625 inquit,
2420 1546 2764 1609 sacerdotes
2793 1548 3133 1612 Judaeorum
3170 1550 3398 1633 absque
3421 1553 3652 1634 jureju-

271 1627 530 1698 παλαιάν.
588 1657 617 1697 ε
655 1627 917 1717 υΕγγυος.
958 1660 984 1691 ι)
1013 1640 1143 1695 Οἴον
1168 1634 1458 1714 ἐγγυητὴς,
1493 1635 1735 1710 μεσίτης.
1761 1658 1789 1690 α
1820 1636 1917 1692 Καὶ

2022 1632 2215 1713 'ando,
2248 1635 2516 1697 Christus
2542 1656 2679 1698 vero
2714 1656 2847 1698 cum
2873 1639 3270 1720 jurejurando
3297 1627 3502 1704 'fact'us
3535 1627 3647 1720 est,

272 1732 320 1787 οἱ
364 1730 465 1804 μὲν
492 1726 758 1789 πλείονες.
789 1750 814 1781 ι
845 1726 944 1785 Καὶ
985 1726 1122 1786 κατὰ
1151 1723 1336 1799 ἄλλον,
1395 1726 1523 1805 φησὶ
1582 1724 1775 1803 τρόπον
1805 1722 1920 1799 μεί⁴

2022 1721 2364 1795 ;iontifede
2386 1732 2585 1785 autem
2618 1743 2989 1806 nequaquam
3022 1726 3239 1789 factum
3271 1727 3501 1803 fuisset,
3538 1730 3654 1791 nisi

270 1824 378 1889 ζων
407 1819 569 1892 ἡμῶν
601 1818 629 1872 6
674 1815 974 1895 ἀρχιερεὺς,
1010 1816 1071 1871 οὐ
1112 1813 1274 1889 μόνον
1305 1811 1390 1871 διὰ
1414 1814 1507 1870 τὸν
1564 1811 1741 1892 ὅρκον,
1789 1809 1926 1867 ἀλλὰ

2022 1808 2266 1899 ςιιδιιίιιιιι
2314 1822 2469 1873 esset
2509 1812 2860 1876 dissidentia
2893 1823 2950 1876 et
2981 1815 3405 1895 praecellentia.
3448 1816 3653 1899 Itaque

269 1908 361 1962 καὶ
388 1904 473 1962 διὰ
502 1907 565 1962 τὸ
596 1905 740 1963 εἶναι
769 1905 925 1960 αὐτὸν
967 1901 1340 1970 ἂτελεύτητον,
1423 1926 1444 1957 ι
1485 1902 1582 1961 Διὰ
1603 1904 1688 1974 τὸ,
1721 1901 1926 1975 θανάτῳ

2022 1898 2144 1988 n_ovi
2170 1900 2239 1959 ad
2278 1909 2442 1961 vetus
2475 1902 2723 1964 maxima
2758 1911 2844 1965 est
2876 1904 3222 1967 eminentia.
3264 1931 3290 1962 α
3318 1898 3645 1988 Sponsor.»

274 1993 587 2056 κωλύεσθαι,
649 2017 676 2048 ιι
743 1994 889 2051 Κατὰ
965 1993 1066 2072 γὰρ
1132 1992 1353 2049 θάνατον
1447 1992 1535 2048 καὶ
1632 1988 1923 2067 ἐναλλαγὴ,

2022 1982 2134 2047 Hoc
2167 1998 2250 2047 est
2278 1989 2616 2069 tidejussor,
2639 1991 2948 2055 mediator.
2975 2015 2997 2049 α
3033 1991 3105 2056 Ει
3130 1992 3217 2055 illi
3247 1982 3488 2076 quidem
3514 1996 3650 2076 plu-

279 2083 457 2161 ἱερέως
510 2081 775 2149 δηλονότι.
846 2106 866 2134 ο
933 2080 1283 2160 Παραμένειν.
1323 2103 1347 2137 ι)
1399 2079 1488 2139 Ἐν
1531 2087 1600 2157 τῇ
1667 2079 1922 2160 ἱερωσύνῃ

2022 2093 2105 2136 res
2143 2076 2308 2138 nAlio
2336 2097 2570 2159 quoque
2604 2081 2779 2143 modo
2812 2081 3005 2161 potior
3022 2090 3109 2144 est
3133 2092 3337 2146 noster
3366 2085 3654 2166 pontifex,

282 2170 552 2238 δηλονότι,
590 2196 615 2225 ι
651 2168 1044 2250 Ἀπαράϐατον.
1080 2194 1106 2225 ι
1146 2168 1477 2249 Ἀδιάδοχον,
1550 2169 1920 2248 ἀτελεύτητον,

285 2286 307 2315 ο
356 2250 543 2319 εὈθεν.
572 2283 594 2316 ι
623 2258 861 2339 Ἐπειδὴ,
894 2261 1075 2338 φησὶν,
1108 2259 1189 2315 ἀεὶ
1230 2266 1321 2336 ζῇ.
1359 2261 1482 2323 «Εἷς
1513 2262 1574 2315 16
1602 2257 1918 2323 παντελές.)

274 2353 385 2409 Οὔκ
414 2350 633 2406 ἐνταῦθα
700 2349 884 2425 μόνον,
936 2347 1073 2406 ἀλλὰ
1127 2350 1213 2405 καὶ
1267 2348 1406 2411 ἐκεῖ.
1465 2357 1630 2407 Τοῦτο
1700 2350 1800 2428 γὰρ
1863 2350 1926 2404 16

268 2438 528 2505 παντελὲς
584 2441 671 2495 καὶ
741 2436 1072 2499 παντέλειον.
1177 2461 1200 2493 ι
1266 2440 1398 2502 Τοὺς
1467 2438 1926 2518 προσερχομέντυς

270 2529 340 2588 δι’
370 2532 553 2590 αὐτοῦ,
595 2554 619 2584 ν
658 2529 757 2585 Διὰ
810 2529 911 2595 τῆς
940 2529 1011 2594 εἰς
1069 2528 1224 2584 αὐτὸν
1308 2530 1557 2591 πίστεως,
1633 2549 1657 2584 α
1694 2529 1927 2585 Πάντοτε

274 2626 403 2692 ζῶν.
444 2642 468 2678 ι
523 2618 623 2675 Διά
650 2620 828 2692 τοῦτο,
869 2620 1050 2698 φησὶν,
1084 2619 1157 2681 εἰς
1213 2619 1275 2674 τὸ
1332 2617 1584 2684 παντελὲς
1632 2619 1812 2699 σώζει,
1844 2616 1928 2674 διὰ

274 2711 339 2766 16
369 2709 602 2766 πάντοτε
637 2713 731 2785 ζῇν
761 2725 775 2740 ⁸
815 2707 971 2778 σώζει
997 2705 1073 2789 δὲ,
1121 2709 1272 2788 φησὶ,
1305 2705 1389 2764 διὰ
1443 2708 1538 2765 τοῦ
1590 2707 1928 2789 ἐντυγχάνειν

279 2798 409 2877 ὒπέρ
436 2805 544 2855 τῶν
605 2796 1050 2877 προσερχομένων
1091 2804 1170 2873 τῷ
1215 2801 1331 2871 Θεῷ
1383 2798 1473 2854 καὶ
1528 2799 1713 2878 Πατρί,
1752 2817 1781 2856 ε
1843 2798 1928 2860 Εἰς

280 2892 344 2948 16
378 2888 721 2969 ἐντυγχάνειν
751 2887 880 2967 ὑπὲρ
937 2890 1131 2949 αὐτῶν.
1172 2908 1195 2944 ι
1260 2888 1386 2967 Περὶ
1412 2894 1506 2944 106
1570 2889 1707 2946 κατὰ
1761 2888 1929 2968 σάρκα

279 2966 521 3059 Χριστοῦγ
540 2966 766 3057 *εἴρηται
821 2978 884 3033 16
938 2978 1185 3034 ταπεινὸν
1226 2976 1403 3039 τοῦτο.
1459 2966 1635 3036 ’Ὀταν
1689 2974 1743 3033 δὲ
1789 2975 1931 3033 εἴπω

2010 2183 2223 2246 nempe
2235 2185 2352 2229 non
2365 2169 2553 2229 solum
2569 2172 3462 2252 propterjusjurandum,verum
3477 2174 3653 2236 etiam

2010 2270 2080 2314 eo
2094 2254 2247 2334 quod
2264 2274 2505 2337 semper
2525 2258 2681 2319 idem
2700 2259 2776 2320 sit
2794 2259 3164 2323 immortalis.
3180 2259 3274 2322 «Id
3284 2279 3353 2323 eo
3375 2263 3529 2343 quod
3547 2282 3656 2344 per

2011 2351 2263 2406 mortem
2294 2364 2413 2407 non
2436 2346 2839 2409 sinerentur.»
2868 2347 2946 2410 Ex
2976 2358 3168 2413 morte
3198 2360 3258 2413 et
3287 2350 3652 2414 immutatio-

2011 2450 2109 2507 ne,
2164 2434 2489 2497 sacerdotis
2535 2436 2835 2502 videlicet.
2870 2465 2896 2496 α
2931 2437 3312 2513 Permanere,
3354 2463 3376 2497 ι
3414 2442 3563 2503 Puta
3593 2443 3654 2503 in

2009 2523 2365 2588 sacerdotio.
2406 2549 2431 2579 α
2456 2524 2922 2607 Sempiternum.
2965 2555 2988 2583 ι
3023 2527 3419 2592 Successione
3445 2549 3514 2593 ac
3536 2532 3655 2593 line

2009 2630 2241 2676 carens.
2281 2612 2506 2677 «Unde.
2538 2640 2560 2671 ιι
2581 2614 3074 2698 Quanquuidem
3104 2636 3343 2700 semper
3369 2618 3656 2682 vivit.¢Ad

2012 2705 2277 2784 plenum.
2318 2729 2343 2760 ιο
2380 2704 2510 2767 Νοιι
2538 2706 2598 2767 in
2626 2707 2737 2768 hoc
2776 2716 3000 2768 tantum
3049 2707 3288 2789 sacculo,
3342 2709 3443 2771 sed
3477 2709 3652 2771 etiam

2008 2793 2071 2855 in
2099 2793 2319 2856 futuro.
2352 2792 2499 2855 Nam
2532 2795 2645 2857 hoc
2676 2795 2790 2858 sibi
2850 2796 3050 2857 volunt
3084 2797 3340 2863 παντελὲς
3373 2806 3431 2860 et
3462 2801 3625 2857 παντέ

2009 2884 2172 2946 λειον,
2214 2907 2237 2939 α
2271 2882 2379 2956 Qui
2414 2901 2520 2965 per
2545 2884 2736 2965 ipsum
2761 2884 3006 2953 adeunt.
3028 2905 3055 2945 ι
3093 2884 3207 2948 Per
3233 2886 3410 2948 fidem
3444 2889 3656 2969 quaein

2012 2971 2209 3053 ipsum
2240 2983 2350 3035 est.
2402 2999 2429 3030 α
2456 2973 2708 3054 Semper
2737 2975 2960 3035 vivens.
3001 3000 3021 3031 ι
3062 2972 3405 3054 Propterea,
3440 2976 3655 3056 inquit,

283 3068 424 3126 κατά
464 3067 657 3147 σοίρκα,
691 3067 751 3123 οὐ
792 3063 1051 3145 διαίρησιν
1107 3064 1277 3133 δηλῶ.
1337 3067 1426 3134 Μὴ
1483 3066 1689 3145 γένοιτο
1725 3065 1740 3126 ἰ
1809 3065 1928 3123 ἀλλ’

2022 3061 2085 3123 ad
2118 3063 2361 3143 plenum
2394 3063 2749 3143 s::lvat,quia
2775 3082 3014 3144 semper
3031 3062 3440 3127 vivit.Perhoc
3460 3074 3655 3127 autem

278 3154 406 3218 οἶδα
450 3142 607 3214 αὗτὸν
669 3142 1000 3235 ἅδιαιρέτως,
1057 3154 1396 3236 ἀσυγχύτως,
1431 3142 1508 3214 ἐν’
1541 3162 1638 3231 μιᾷ
1691 3156 1926 3214 ὑποστά-

2022 3151 2199 3213 salvat
2225 3155 2378 3232 quod
2407 3172 2513 3233 pro
2538 3142 3016 3235 his’postulatﬁqui
3036 3152 3108 3213 ad
3132 3152 3317 3215 Deum
3344 3161 3404 3216 et
3423 3153 3658 3216 Patrem

277 3268 360 3304 σει
420 3245 880 3321 προσκυνούμενον
938 3244 1073 3319 μετὰ
1127 3250 1226 3312 τῆς
1302 3243 1431 3309 ἰδίας
1500 3248 1659 3303 αὐτοῦ
1714 3246 1929 3325 σαρκός.

2022 3243 2324 3305 accedunt.
2365 3267 2392 3298 α
2429 3240 2499 3306 Ut
2536 3241 2875 3322 interpellet
2900 3260 3008 3322 pro
3036 3241 3177 3303 illis.
3222 3265 3244 3298 ι
3273 3244 3358 3304 De
3398 3243 3656 3322 Christo,

281 3336 347 3396 Τί
413 3334 469 3393 δὲ
521 3336 598 3411 τὸ,
659 3331 1073 3415 Ἐντυγχάνειη
1118 3338 1271 3410 Οἴον²
1341 3332 1513 3392 δέεται
1569 3341 1661 3392 τοῦ
1734 3338 1933 3415 Πατρὸς

2022 3339 2078 3393 ut
2110 3338 2198 3393 est
2217 3332 2547 3395 secundum
2589 3331 3094 3412 carnem,dictum
3146 3338 3236 3392 est
3272 3331 3516 3393 verbum
3549 3333 3665 3394 hoc

277 3429 437 3485 αἰντοῦ
477 3425 607 3504 ὑπὲρ
668 3426 846 3500 ἡμῶν.
907 3422 1125 3492 Ἐπειδὴ
1183 3424 1282 3503 γὰρ
1351 3422 1502 3482 εἴπεν
1585 3424 1741 3481 αὐτὸν
1769 3425 1930 3505 ἱερέα,

2022 3421 2259 3483 humile.
2300 3421 2442 3485 Cum
2477 3431 2675 3485 autem
2720 3423 3048 3483 secundum
3079 3439 3321 3483 carnem
3352 3420 3510 3493 dico,
3544 3440 3664 3483 non

281 3514 419 3572 ἴδιον
442 3512 497 3571 δὲ
524 3513 702 3594 ἱερέως
732 3514 793 3569 16
840 3510 1041 3594 δεῖσθαι
1097 3515 1255 3583 ὑπὲρ.
1296 3520 1386 3570 106
1442 3512 1573 3571 λαοῦ
1608 3535 1623 3549 ο
1671 3512 1755 3571 διὰ
1781 3525 1933 3575 10610

2022 3510 2364 3572 divisionem
2397 3510 2903 3590 signiﬁco.Absit:
2939 3511 3041 3571 sed
3076 3509 3200 3571 scio
3231 3510 3425 3591 ipsum
3445 3510 3665 3572 indivi-

160 3671 171 3679 _
282 3603 433 3680 εἷπε,
464 3604 538 3661 T6
569 3590 934 3682 ἐντυγχάνειν.
971 3590 1102 3660 ιὈτι
1150 3604 1250 3682 γὰρ
1289 3602 1444 3660 τοῦτό
1492 3602 1624 3678 ἕσιν,
1686 3607 1714 3661 ὁ
1771 3605 1933 3676 οἰκείᾳ

2022 3602 2423 3675 se,inconfuse
2467 3602 2526 3662 in
2575 3619 2693 3662 una
2743 3598 3049 3681 hypostasi
3097 3590 3333 3661 adorari
3382 3619 3494 3661 una
3528 3619 3661 3663 cum

285 3692 525 3764 αὐθεντίᾳ
596 3691 805 3768 νεκροὺς
861 3690 1098 3771 ἐγείρων,
1183 3694 1273 3749 καὶ
1383 3694 1641 3772 ἁμαρτίας
1739 3694 1932 3774 ἀφιεὶς,

2022 3708 2199 3752 carne
2220 3708 2347 3752 sua.
2379 3688 2531 3762 Quid
2564 3698 2650 3751 est
2681 3698 2902 3762 autem,
2925 3686 3001 3751 Ut
3030 3687 3413 3768 interpellet?
3447 3707 3669 3770 nempe

283 3783 377 3841 οὐκ
418 3780 483 3838 ἂν
513 3782 586 3845 εἰς
647 3781 711 3836 τὸ
754 3786 921 3838 σῶσαι
991 3777 1181 3851 ἐδεήθη
1224 3787 1318 3837 τοῦ
1375 3784 1604 3862 Πατρὸς,
1666 3786 1739 3848 ὡς
1783 3786 1933 3848 αὐτὸς

2022 3786 2084 3840 ut
2114 3778 2344 3840 Patrem
2377 3796 2547 3839 suum
2562 3775 3667 3862 preceturpronobis.Quandoquidem

278 3870 536 3955 ᾴδύνατος
600 3870 676 3928 ὢν
733 3872 897 3944 οἰκείᾳ
943 3877 1110 3928 σῶσαι
1151 3869 1387 3946 δυναμει.
1599 3871 1933 3955 [ΟΙΚΟΥΜ.]

2024 3867 2184 3931 enim
2211 3867 2404 3949 ipsum
2435 3868 2581 3929 dixit
2603 3884 2737 3955 esse
2760 3866 3152 3955 sacerdotem,
3178 3860 3500 3955 proprium
3516 3884 3667 3955 ivero

279 3951 367 4019 ’Ἡ
409 3964 494 4041 τὸ,
528 3960 871 4042 ἐντυγχάνειν
925 3959 1096 4038 δέξας,
1129 3963 1293 4020 καθὼι
1322 3962 1407 4037 16,
1448 3984 1475 4016 α
1505 3951 1757 4043 ’Ἐχομεν
1787 3951 1933 4024 αὐτὸξ

2026 3958 2351 4022 sacerdotis
2382 3966 2470 4018 est
2501 3954 2731 4036 precari
2762 3973 2867 4035 pro
2903 3953 3117 4043 populo
3135 3962 3450 4043 propterea
3470 3953 3664 4019 dixit:

282 4051 632 4131 παράκλητον
684 4052 815 4131 πρὸς
871 4053 962 4109 τὸν
1023 4052 1250 4132 Πατέρα.
1285 4076 1314 4109 ι
1378 4050 1465 4118 Ἐξ
1521 4042 1708 4126 αὐτῆς,
1783 4076 1933 4133 φησι,

2023 4048 2098 4112 Ut
2122 4044 2656 4128 interpellet.Quod
2680 4051 2875 4133 autem
2899 4042 3121 4104 idcirco
3151 4042 3374 4133 dictum
3406 4043 3502 4118 sit,
3538 4062 3670 4107 ma-

277 4147 381 4210 τῆς
425 4140 877 4220 ἑνανθρωπήσεως
932 4140 1237 4222 παρακαλεῖ
1302 4141 1392 4201 καὶ
1444 4132 1805 4222 προτρέπεται
1846 4145 1933 4200 τὸν

2023 4138 2300 4201 nifestum
2334 4137 2605 4199 est.Nam
2635 4132 2735 4214 qui
2770 4133 3009 4214 propria
3037 4132 3386 4222 auctoritate
3410 4140 3672 4195 mortuos

286 4230 492 4310 Πατέρα
534 4229 711 4287 ἐλεεῖν
750 4232 913 4306 ἡμᾶς.
1014 4220 1022 4222 ⁷
1490 4220 1495 4221 ί
1582 4220 1589 4222 ἡ

2022 4227 2257 4301 excitat,
2307 4233 2549 4307 peccata
2579 4222 2851 4303 remittit,
2900 4239 3273 4310 nequaquam
3318 4220 3494 4284 Patre
3523 4241 3674 4304 opus

283 4309 466 4382 habet
486 4325 554 4381 ut
574 4319 781 4395 salvet,
806 4317 974 4400 quasi
1004 4317 1133 4400 ipse
1163 4317 1465 4400 impotens
1493 4326 1656 4381 esset
1684 4318 1791 4398 qui
1821 4338 1927 4382 sua
1958 4318 2151 4403 ipsius
2186 4314 2449 4398 potentia
2477 4313 2754 4376 salvaret.
2794 4348 2870 4358 —
2908 4309 3081 4403 Quod
3107 4311 3190 4403 ait
3221 4327 3235 4373 :
3274 4313 3352 4374 Ut
3381 4312 3674 4403 interpel-

286 4406 394 4481 let,
425 4407 627 4491 accipe
640 4409 806 4471 velut
834 4408 895 4471 id
924 4399 1084 4491 quod
1122 4399 1343 4471 dicitur
1373 4426 1387 4471 :
1433 4433 1459 4465 α
1491 4408 1796 4472 Habemus
1822 4399 2018 4490 ipsum
2049 4407 2395 4471 advocatum
2428 4403 2583 4486 apud
2618 4404 2849 4466 Patrem
2877 4402 3002 4462 δι.»
3038 4402 3122 4464 Ex
3153 4399 3306 4481 ipsa,
3338 4403 3552 4483 inquit,
3585 4401 3674 4464 in-

292 4498 636 4561 carnatione
658 4506 935 4581 precatur
963 4504 1022 4561 et
1050 4496 1399 4580 interpellat
1423 4500 1659 4562 Patrem
1688 4506 1752 4561 ut
1773 4499 2125 4563 misereatur
2154 4496 2347 4560 nobis.

382 4611 408 4647 ι
474 4589 727 4654 Τοιοῦτος
777 4590 876 4670 γὰρ
932 4592 1068 4666 ἡμῖν
1126 4588 1348 4670 ἔπρεπεν
1417 4590 1719 4671 ἀρχιερεὺς,
1765 4587 1932 4661 ὅσιος,

2100 4586 2227 4668 VII,
2261 4585 2479 4650 25-28.
2533 4582 2699 4647 Talis
2744 4584 2910 4645 enim
2957 4581 3203 4646 decebat
3232 4590 3299 4646 ut
3329 4590 3481 4647 esset
3505 4582 3678 4646 nobis

292 4675 521 4759 ἅπακος,
579 4678 856 4758 ἀμίαντος,
939 4677 1336 4759 κεχωρισμένος
1417 4679 1525 4737 ἀπὸ
1604 4680 1709 4737 τῶν
1766 4682 1933 4759 ἀμαρ-

2025 4682 2331 4761 ponti/ex,
2350 4675 2511 4754 pius,
2534 4674 2820 4735 innocens
2849 4671 3227 4761 impollutus,
3258 4681 3610 4754 segregatus
3639 4691 3680 4735 ιι

291 4766 499 4849 τωλῶν,
577 4768 666 4825 καὶ
733 4766 1067 4848 ὑψηλότερος
1150 4767 1257 4825 τῶν
1345 4769 1579 4847 οὐρανῶν
1634 4770 1933 4847 γενόμενος.

2025 4765 2451 4849 peccatoribus,
2484 4769 2544 4826 et
2568 4760 2889 4825 sublimior
2913 4764 3078 4822 caelis
3106 4760 3369 4841 eﬂ'ectus,
3418 4762 3518 4823 cui
3554 4777 3679 4823 non

292 4848 404 4922 υΟς
437 4860 535 4916 οὐκ
596 4854 714 4938 ἔχει
772 4854 887 4914 καθ’
957 4856 1163 4936 ἡμέραν
1214 4855 1478 4936 ἀνάγκην,
1550 4856 1729 4938 ὥσπερ
1757 4861 1804 4915 οἰ
1845 4858 1933 4936 ἆρ-

2026 4848 2109 4920 sit
2140 4855 2412 4939 quotidie
2438 4869 2703 4927 necesse,
2739 4859 2787 4910 Β
2806 4861 2838 4909 3
2857 4859 2905 4910 Β
2929 4851 3435 4930 quemadmodum
3464 4852 3677 4931 ponti-

287 4961 527 5031 χιερεῖς,
594 4946 847 5027 πρότερον
942 4947 1072 5026 ὑπὲρ
1152 4952 1257 5003 τῶν
1351 4943 1492 5003 ἰδίων
1550 4946 1933 5026 ἁμαρτημάτωε

2029 4946 2267 5027 ﬁcibus,
2289 4944 2464 5023 prius
2480 4958 2595 5023 pro
2613 4940 2877 5022 propriis
2894 4940 3159 5031 peccatis
3195 4941 3475 5031 victimas
3495 4940 3682 5031 offer:

289 5028 474 5102 θυσίας
551 5034 854 5115 ἀναφέρειν,
959 5032 1146 5092 ἔπειτα
1211 5034 1342 5114 ὑπὲρ
1438 5040 1547 5091 τῶν
1628 5037 1722 5092 106
1795 5034 1933 5095 laci).

2031 5052 2096 5099 re
2113 5035 2328 5098 deinde
2346 5050 2460 5114 pro
2487 5032 2743 5114 peccatis
2770 5029 3004 5110 populi.
3036 5028 3196 5092 Nam
3225 5029 3290 5090 id
3316 5030 3459 5108 fecit
3496 5028 3683 5093 semel

292 5134 464 5187 T0610
533 5127 633 5205 γὰρ
728 5124 975 5192 ἐποίησεν
1059 5121 1262 5205 ἐφάπαξ
1355 5124 1540 5181 ἑαυτὸν
1636 5124 1944 5204 ἀνενέγκας.

296 5208 361 5275 Ὀ
465 5217 627 5292 νόμος
716 5214 818 5293 γὰρ
892 5212 1197 5295 ἀνθρώπους
1286 5212 1593 5280 καθίστησιν
1675 5214 1948 5295 ἀρχιερεῖς

294 5305 523 5388 ἔχοντας
588 5291 879 5361 ἂισθένειαν.
943 5291 999 5360 Ὀ
1066 5300 1225 5381 λόγος
1300 5299 1356 5358 δὲ
1438 5306 1538 5368 τῆς
1618 5291 1949 5383 ὁρκωμοσίας

295 5401 399 5464 τῆς
455 5394 591 5474 μετὰ
640 5394 733 5451 τὸν
804 5392 987 5468 νόμον,
1053 5393 1172 5449 Υίὸν
1260 5392 1334 5456 εἰς
1414 5392 1507 5448 τὸν
1578 5393 1742 5448 αἰῶνα
1797 5413 1954 5450 τετε-

291 5485 616 5563 λειωμένον.
652 5502 685 5545 ι

378 5569 532 5658 Ὀρᾷς
584 5574 667 5632 ὅτι
724 5575 842 5653 περὶ
883 5578 975 5631 τοῦ
1012 5572 1149 5630 κατὰ
1191 5571 1358 5652 σάρκα
1413 5581 1575 5631 ταῦτα
1617 5571 1758 5652 λέγει
1818 5581 1952 5651 Χρι-

361 5741 418 5787 ﬂ
447 5742 473 5807 Ι
500 5738 682 5804 Joan.
719 5739 875 5813 11,1.

2031 5143 2170 5189 cum
2219 5124 2605 5203 semetipsum
2659 5119 2898 5182 obtulit.
2950 5117 3260 5197 Siquidem
3291 5118 3388 5181 lex
3412 5120 3685 5183 homines

2033 5214 2339 5278 constituit
2364 5211 2673 5292 pontiﬁces
2702 5208 2989 5279 habentes
3021 5207 3461 5289 inﬁrmitatem.
3490 5209 3683 5272 Porro

2034 5321 2226 5367 sermo
2246 5298 2666 5382 jurisjurandi
2706 5297 2863 5378 quod
2890 5304 3020 5378 past
3063 5302 3255 5378 legem
3282 5298 3423 5379 fuit,
3455 5298 3680 5362 Filium

2035 5394 2339 5457 constituit
2369 5393 2432 5453 in
2465 5397 2767 5452 internum
2793 5395 3294 5450 consummatum.

2116 5571 2298 5635 Vides
2316 5570 2476 5654 quod
2497 5568 2573 5633 de
2586 5565 2824 5632 Christo
2844 5564 3173 5629 secundum
3204 5582 3447 5628 carnem
3474 5565 3685 5648 loqua-
