4132 6424
424 345 544 412 359

1550 343 1966 410 (ECUMENII
2009 342 2307 406 TRICC/E
2343 342 2681 409 EPISGOPI

3698 338 3822 410 360

423 482 554 544 tur?
570 480 877 557 Quomodo
896 481 1056 544 enim
1079 480 1154 543 de
1177 479 1482 542 divinitate
1500 478 1750 553 diceret,
1785 480 2066 543 Innocens

2159 477 2326 538 στουξ
2360 485 2481 544 Πῶς
2510 482 2609 561 γὰρ
2653 479 2715 537 ἂν
2753 479 2903 561 ἔλεγε
2960 483 3069 562 περὶ
3124 486 3223 550 τῆς
3312 482 3589 562 θεότητος,
3622 470 3817 539 ’Ἀκα-

423 572 536 633 hoc
568 579 678 652 est,
708 569 935 650 absque
964 567 1152 632 dolo?
1183 568 1282 632 Ait
1302 569 1465 633 enim
1496 576 1556 631 et
1584 567 1725 630 alibi
1747 567 1822 630 de
1842 568 2066 632 Cbristc

2160 591 2281 649 κος,
2313 568 2582 628 τουτέστιν
2611 568 2797 635 ἄδολος
2830 590 2847 650 ς
2888 594 2916 627 ε
2952 573 3048 629 Καὶ
3103 569 3259 638 δόλος
3316 572 3440 653 γὰρ,
3485 569 3674 653 φησὶν,
3708 574 3813 651 οὐχ

431 686 457 715 α
484 662 693 742 Neque
741 659 912 722 dolus
963 659 1240 721 inventus
1293 666 1383 720 est
1428 659 1489 720 in
1521 676 1625 720 ore
1655 658 1785 736 ejus
1811 659 1897 719 35.
1937 678 1967 719 ›
2006 694 2078 704 -

427 774 452 805 α
487 748 814 811 Sublimior
842 746 1009 810 ccelis
1037 747 1302 809 ell'ectus.
1347 768 1374 807 ι
1412 745 1721 828 Siquidem
1772 747 1848 807 ad
1878 746 2072 827 ipsum

420 837 690 900 ascendit
727 841 1043 899 Paternum
1072 834 1549 908 tbronum.Quod
1575 843 1774 897 autem
1807 834 2073 910 ait,Eﬁe-

423 933 573 1002 ctus,
602 945 676 988 an
711 945 829 987 non
860 926 1074 988 clamat
1107 924 1261 1006 quod
1295 923 1370 985 de
1400 942 1581 986 carne
1610 923 1801 1005 ipsius
1823 924 1948 985 haec
1981 924 2072 984 lo-

425 1014 683 1097 quatur?
705 1013 864 1077 Deus
894 1032 1149 1094 namque
1182 1014 1439 1075 Verbum
1470 1031 1709 1094 semper
1753 1012 1866 1075 fuit
1906 1013 2074 1077 caelis

421 1103 762 1166 sublimior.
795 1127 817 1161 ι
856 1102 963 1166 Cui
993 1121 1111 1164 non
1143 1102 1218 1164 sit
1247 1101 1512 1183 quotidie
1561 1119 1830 1165 necesse.
1877 1127 1903 1158 ι»
1943 1103 2073 1164 Non

424 1193 559 1255 ideo
591 1194 780 1256 solum
818 1191 1102 1274 prmeellit
1148 1192 1485 1255 .ludteorum
1539 1190 1877 1253 sacerdotes
1916 1191 2070 1272 quod

424 1283 555 1346 sine
581 1290 826 1365 peccato
857 1282 955 1355 sit,
990 1299 1193 1342 verum
1243 1281 1418 1343 etiam
1468 1299 1499 1341 a
1535 1279 1707 1341 modo
1741 1280 2016 1343 sacrificii
2051 1300 2065 1344 :

425 1372 564 1454 quia
596 1391 714 1433 non
748 1390 851 1452 pro
882 1369 1078 1452 seipso
1140 1369 1394 1450 primum
1453 1370 1643 1439 oﬁ‘ert,
1689 1369 1910 1433 deinde
1966 1389 2072 1452 pro

425 1462 684 1543 peccatis
716 1460 941 1543 populi,
986 1468 1044 1521 et
1087 1460 1243 1540 quod
1292 1459 1526 1521 unicam
1560 1458 1853 1521 victimam
1886 1460 2071 1522 semel

418 1552 701 1614 obtulerit
732 1567 839 1631 pro
863 1549 1049 1612 solius
1074 1549 1272 1630 populi
1302 1548 1577 1628 peccatis.
1619 1570 1645 1608 ι
1678 1548 2073 1621 Quemadmo-

423 1641 564 1702 dum
597 1639 1016 1723 pontificibus;
1051 1664 1078 1694 »
1115 1637 1452 1701 Judteorum
1482 1637 1982 1702 viclelicet.cNatn
2011 1638 2071 1701 id

2161 659 2341 738 εὒρέθη
2373 657 2426 716 ἔν
2455 664 2532 733 τῷ
2562 661 2787 736 στόματι
2814 662 2993 722 αὗτοῦ.
3036 681 3064 719 ι
3133 695 3205 707 -
3241 686 3264 719 ο
3320 652 3679 741 ’Υψηλότερος
3710 666 3821 717 τῶν

2159 749 2392 827 οὐρανῶν
2437 748 2743 827 γενόμενος.
2783 770 2807 806 ι
2886 751 2973 814 Εἰς
3037 752 3194 808 αὑτὸν
3250 752 3350 831 γὰρ
3418 752 3510 807 τὸν
3556 752 3823 830 Πατρικὸν

2158 837 2366 894 ἐκάθισε
2437 838 2637 917 θρόνον.
2697 840 2768 896 Τὸ
2836 836 2915 919 δὲ,
2961 839 3274 914 Γενόμενος,
3312 842 3370 898 οὗ
3430 841 3534 918 βοᾷ
3573 838 3655 896 ὅτι
3698 839 3822 919 περὶ

2155 931 2252 994 τῆς
2297 927 2492 1004 σαρκὸς
2553 924 2711 983 αὐτοῦ
2766 932 2931 984 ταῦτα
2987 926 3132 1007 λέγει
3170 948 3187 1002 ;
3233 927 3262 984 ὅ
3290 927 3392 1009 γᾶρ
3435 930 3565 994 Θεὸς
3621 927 3807 1008 λόγος,

2155 1014 2220 1082 ἧν
2263 1015 2342 1071 ἀεὶ
2367 1015 2695 1096 ὑψηλότερος
2725 1015 2831 1074 τῶν
2876 1019 3131 1096 οὐρανῶν,
3183 1042 3210 1073 ιι
3275 1009 3383 1082 ”Ος
3416 1020 3511 1075 οὐκ
3542 1017 3660 1099 ἔχει
3691 1014 3813 1074 καθ’

2155 1103 2357 1183 ἡμέραν
2412 1104 2672 1184 ἀνάγκην.
2710 1128 2739 1160 3
2789 1106 2863 1164 Οὔ
2917 1105 3102 1187 μόνον,
3135 1108 3318 1188 φησὶν,
3388 1108 3494 1165 ἀπὸ
3554 1116 3649 1164 τοῦ
3674 1107 3817 1164 ἀνα-

2155 1194 2392 1268 μάτητον
2463 1195 2619 1249 αὒτὸν
2688 1194 2830 1251 εἷναί
2885 1195 3025 1252 ἐστιν
3094 1198 3129 1264 ἡ
3202 1195 3422 1278 διαφορᾶ
3496 1198 3629 1277 πρὸς
3702 1197 3822 1262 τοὺς

2156 1279 2415 1339 Ἰουδαίων
2460 1282 2650 1361 ἱερέας,
2684 1281 2822 1339 ἀλλὰ
2849 1285 2937 1341 καὶ
3003 1285 3109 1341 ἀπὸ
3178 1295 3272 1345 τοῦ
3327 1284 3523 1363 τρόπου
3580 1291 3679 1353 τῆς
3710 1289 3810 1343 θυ-

2154 1369 2293 1449 σίας,
2326 1368 2407 1427 ὅτι
2450 1371 2555 1451 οὔχ
2582 1372 2713 1450 ὑπὲρ
2741 1372 2926 1431 ἑαυτοῦ
2983 1373 3296 1455 προσφέρειν
3352 1381 3585 1454 πρῶτον,
3621 1373 3810 1431 ἔπειτα

2153 1460 2282 1537 ὑπὲρ
2324 1470 2416 1520 τοῦ
2478 1459 2631 1541 λαοῦ,
2703 1462 2791 1518 καὶ
2844 1460 2925 1541 ὅτι
2984 1460 3121 1529 ἅπαξ
3190 1463 3407 1531 ἐποίησε
3468 1464 3569 1532 τὴν
3625 1465 3805 1521 θυσίαν

2152 1548 2281 1628 ὑπὲρ
2309 1556 2403 1606 τοῦ
2431 1549 2561 1609 λαοῦ
2592 1540 2776 1626 μόνον.
2818 1574 2838 1606 σ
2884 1540 3100 1632 υι..ὶσπερ
3170 1554 3218 1610 οἱ
3273 1553 3577 1634 ἁρχιερεῖς.
3613 1576 3642 1608 ι
3691 1559 3813 1611 Τῶν

2155 1634 2417 1695 Ἰουδαίων
2466 1637 2695 1709 δηλαδή.
2750 1662 2777 1694 α
2824 1646 2992 1697 Τοῦτο
3034 1642 3135 1720 γὰρ
3207 1639 3455 1709 ἕποίησεν
3510 1640 3738 1723 ἐφάπαξ.
3776 1665 3805 1699 ι

424 1730 566 1792 iecit
594 1728 939 1802 semelmld,
976 1727 1312 1809 quidnam?
1340 1726 1410 1790 Ut
1445 1746 1549 1808 pro
1583 1726 1782 1809 populi
1816 1729 2066 1808 peccatis

2156 1734 2319 1785 Τοῦτο
2375 1741 2574 1810 ποϊονς
2649 1731 2710 1786 τὸ
2753 1728 2885 1809 ὑπὲρ
2941 1736 3034 1786 τοῦ
3108 1729 3239 1789 λαοὺ
3296 1731 3574 1811 ἀνενέγκαι
3648 1734 3809 1790 αὑτὸν

421 1819 807 1898 semetipsum
830 1817 1073 1879 olferret
1101 1816 1401 1878 victimam
1428 1837 1441 1877 :
1474 1808 1607 1878 nam
1641 1835 1745 1897 pro
1777 1816 1974 1899 seipso
2000 1836 2066 1881 ne

2156 1817 2355 1875 θυσίαν.
2420 1808 2577 1897 εΥπὲρ
2633 1820 2733 1899 γὰρ
2791 1808 2998 1890 ἑαυτοῦ,
3083 1819 3201 1875 οὔτε
3288 1819 3426 1886 ἅπαξ
3464 1808 3811 1888 λιιεποίηκεν.

424 1908 608 1969 semel
636 1905 875 1988 quidem
911 1904 1280 1986 fecit.Neque
1312 1904 1473 1967 enim
1499 1924 1647 1985 opus
1679 1905 1908 1986 illifuit,
1941 1926 2066 1968 cum

2162 1911 2235 1966 Οὔ
2262 1910 2362 1989 γὰρ
2389 1908 2584 1987 ἐδεῖτο,
2637 1911 2977 1988 ἆναμάτητος
3036 1910 3134 1989 ὢν,
3204 1911 3336 1992 ὑπὲρ
3388 1914 3574 1971 ἑαυτοῦ
3605 1913 3815 1991 ἀναγα-

427 2014 672 2076 peccare
703 2014 821 2056 non
853 2002 1143 2074 posset,ut
1162 2013 1267 2075 pro
1288 1995 1485 2068 seipso
1517 1994 1878 2057 oti‘erret.Ne
1898 1995 2066 2075 igitu'

2162 2011 2304 2076 γεῖν.
2365 1999 2454 2067 Μὴ
2510 2002 2679 2057 τοίνυν
2762 2000 3016 2080 ἀρχιερέα
3099 2002 3255 2059 αὐτὸν
3340 2001 3568 2075 ἀκούων,
3633 2000 3816 2074 νόμιζε

418 2105 550 2147 cum
569 2084 906 2165 pontiﬁcem
933 2101 1068 2145 eum
1087 2082 1601 2157 audis,existimes
1624 2082 1818 2159 ipsum
1842 2101 2066 2164 sempe.

2166 2088 2319 2146 αὐτὸν
2373 2087 2454 2144 ἀεὶ
2509 2091 2763 2168 ἱερᾶσθαι.
2828 2090 2922 2147 Καὶ
2978 2090 3079 2167 γὰρ
3134 2096 3290 2146 τοῦτο
3372 2091 3604 2160 ποιήσας
3648 2088 3814 2165 ἅπαξ,

424 2175 784 2238 sacriﬁcare.
819 2173 1130 2255 Siquidem
1181 2173 1282 2235 ubi
1320 2172 1507 2235 semel
1566 2174 1678 2234 hoc
1710 2172 1973 2247 fecisset,
2004 2174 2066 2235 ad

2162 2173 2348 2232 λοιπὸν
2380 2177 2452 2240 εἰς
2499 2178 2591 2233 τὸν
2638 2179 2898 2258 Πατρικὸν
2939 2177 3147 2235 ἐκάθισε
3217 2177 3428 2258 θρόνον.
3496 2185 3815 2256 Λειτουργου

422 2268 743 2329 Paternum
773 2260 1044 2325 ascendit
1074 2263 1350 2324 thronum
1380 2282 1396 2342 ;
1441 2260 1698 2323 ministri
1735 2270 1990 2343 namque
2019 2275 2066 2324 et

2162 2263 2258 2338 μὲν
2287 2264 2388 2344 γάρ
2443 2267 2533 2321 καὶ
2588 2266 2794 2348 ἱερέως,
2880 2267 2941 2323 τὸ
2996 2265 3235 2328 ἑστάναι,

419 2352 744 2417 sacerdotis
793 2360 883 2413 est
925 2359 1082 2412 stare
1115 2368 1129 2413 :
1166 2351 1380 2412 sedere
1413 2369 1550 2412 vero
1592 2350 1887 2431 signiﬁcat
1917 2353 2072 2433 quod

425 2442 611 2505 semel
645 2441 899 2504 hostiam
930 2440 1487 2520 adduxerit,nempe
1517 2440 1816 2521 proprium
1835 2459 2073 2523 corpus,

420 2552 489 2595 ac
513 2531 888 2613 postmodum
907 2529 1220 2605 sederit,ut
1247 2528 1360 2591 sibi
1390 2529 1763 2591 ministretur
1778 2528 1851 2591 ab
1876 2528 2075 2591 incor-

420 2624 618 2704 poreis
647 2618 1060 2702 potestatibus.
1109 2643 1130 2676 ιι
1160 2619 1468 2700 Siquidem
1504 2619 1591 2680 lex
1625 2619 1895 2680 homines
1925 2637 2072 2681 con-

421 2709 642 2773 stituit.
687 2735 706 2766 ι
748 2710 819 2773 Et
843 2727 1025 2790 quare
1060 2727 1178 2770 non
1201 2708 1309 2771 fuit
1341 2707 1429 2770 illi
1452 2726 1701 2770 necesse
1737 2726 1841 2789 pro
1874 2708 2069 2790 seipso

420 2801 644 2863 hostias
675 2800 916 2878 otl'erre,
942 2816 1134 2880 neque
1160 2798 1374 2878 saepius
1408 2816 1512 2876 pro
1546 2797 1764 2879 popqu
1787 2799 2069 2880 quemad-

421 2892 661 2953 modum
698 2888 1029 2969 pontiﬁces,
1064 2888 1167 2949 sed
1201 2887 1344 2949 satis
1376 2887 1482 2948 fuit
1513 2887 1698 2949 semel
1729 2887 2067 2951 obtulisse?

418 2979 651 3053 Quare?
681 2978 830 3051 Quia
864 2976 1210 3039 sacerdotes
1252 2976 1493 3058 quidem
1527 2995 1559 3038 ιι
1596 2976 1725 3057 lege
1777 2976 2064 3056 designati

419 3076 664 3150 peccato
698 3067 943 3130 obnoxii
974 3066 1278 3139 sunt,ideo
1311 3083 1552 3142 semper
1580 3066 1698 3127 illis
1721 3086 1869 3147 opus
1900 3076 1988 3129 est
2008 3075 2068 3129 et

3324 2269 3394 2325 Τὸ
3451 2265 3506 2323 δὲ
3548 2270 3811 2335 καθῆσθαι

2156 2350 2317 2420 δηλοῖ
2346 2351 2426 2409 ὅτι
2498 2353 2633 2421 ἅπαξ
2687 2356 2785 2421 τὴν
2855 2355 3030 2413 θυσίαν
3101 2357 3479 2437 προσαγαγὼν,
3546 2354 3814 2430 τουτέστι,

2158 2443 2220 2499 τὸ
2290 2439 2428 2500 ἴδιον
2484 2449 2663 2524 σῶμα,
2722 2443 2909 2502 λοιπὸν
2995 2446 3237 2501 κεκάθικε
3274 2462 3288 2476 ”
3348 2446 3813 2525 λειτουργούμενος

2155 2533 2258 2588 ὑπὸ
2303 2534 2430 2608 ξτῶν
2485 2532 2783 2608 ἀσωμάτων
2853 2531 3143 2610 δυνάμεων.
3212 2557 3239 2589 α
3278 2524 3334 2591 t0
3365 2524 3535 2611 νόμος
3577 2535 3677 2615 γὰρ
3718 2534 3817 2591 ἆν-

2154 2622 2392 2701 θρώπους
2444 2623 2772 2690 καθίστησιν,
2828 2646 2852 2679 ο
2905 2623 3003 2680 Καὶ
3054 2624 3191 2689 τίνος
3262 2623 3439 2681 ἓνεκεν
3469 2626 3561 2681 οὒκ
3592 2623 3808 2706 ἐδεήθη,

2152 2711 2333 2790 φησὶν,
2364 2711 2494 2789 ὑπὲρ
2564 2712 2749 2769 ἑαυτοῦ
2815 2712 2993 2768 θυσίαν
3040 2711 3354 2790 ἀναγαγεῖν.
3389 2710 3503 2770 οὒδὲ
3712 2720 3808 2770 τοῦ

2150 2798 2280 2857 λαοῦ
2322 2798 2577 2865 πολλάκις
2629 2799 2809 2881 ὥσπερ
2864 2804 2913 2857 οἱ
2968 2799 3267 2881 ἀρχιερεῐς⁶
3316 2799 3452 2860 ἆλλά
3509 2800 3647 2867 ἅπαξ
3702 2802 3806 2859 ἆν-

2150 2888 2366 2969 ενέγκας
2396 2889 2657 2970 ἠρκέσθτη
2707 2892 2805 2947 Διὰ
2831 2890 2883 2947 τί
2929 2910 2945 2967 ;
2977 2882 3109 2949 ιὈτι
3138 2894 3186 2947 οἱ
3217 2892 3316 2962 μὲν
3358 2890 3464 2948 ἀπὸ
3499 2890 3593 2949 τοῦ
3636 2891 3805 2967 νόμου

2150 2977 2569 3059 προϐαλλόμενοι
2639 2984 2827 3061 ἱερεῖς,
2886 2982 2990 3038 ὑπὸ
3037 2981 3295 3061 ἁμαρτίας
3354 2981 3473 3041 εἰσί.
3527 2982 3620 3037 Διὸ
3649 2977 3805 3037 δέον-

2150 3091 2235 3125 ται
2293 3068 2398 3151 ἀεὶ,
2432 3070 2558 3149 ὑπέρ
2626 3092 2684 3126 τε
2760 3074 2932 3129 αὒτῶν
3001 3072 3089 3127 καὶ
3173 3078 3268 3129 τοῦ
3350 3069 3482 3129 λαοῦ
3530 3069 3809 3151 ἀναφέρειν

417 3135 523 3239 pro
543 3158 668 3221 suis
683 3164 743 3221 et
765 3175 871 3239 pro
904 3154 1106 3238 populi
1121 3135 1333 3236 peccat
1348 3154 1397 3216 is
1429 3135 1643 3216 oﬂ'erre
1657 3135 2066 3219 hos'tias.Deus

2152 3158 2348 3219 θυσίαν.
2388 3150 2445 3217 Ὀ
2518 3135 2574 3214 ἑὲ
2646 3160 2775 3226 Θεὸς
2834 3158 2917 3216 ’διὰ
2973 3165 3072 3228 τῆς
3129 3162 3462 3238 ὁρκωμοσίας
3514 3161 3613 3227 τῆς
3645 3135 3808 3235 μετά

418 3257 619 3313 autem
655 3264 760 3327 per
783 3243 1206 3326 Jusjurandum
1243 3253 1375 3325 post
1411 3243 1597 3323 legem
1627 3245 1869 3319 factum,
1903 3243 2071 3307 Chri-

419 3344 575 3398 stum
604 3336 790 3398 ﬁlium
826 3353 996 3397 suum
1039 3341 1301 3396 creatum
1356 3334 1723 3414 pontiﬁcem,
1760 3334 2068 3398 constituit

415 3426 788 3487 sacerdotem
820 3431 1315 3498 consummatum,
1356 3441 1549 3503 neque
1579 3422 1835 3486 similem
1869 3424 1942 3486 iis
1964 3425 2065 3505 qui

411 3515 580 3593 juxta
627 3513 820 3593 legem
869 3519 1146 3575 creantur
1190 3512 1624 3589 sacerdotibus,
1658 3514 1799 3574 574
1847 3532 2065 3594 nempe

417 3602 810 3665 imbecillitati
851 3621 885 3665 a
920 3610 1161 3682 peccato
1189 3600 1534 3675 obnoxium,
1570 3603 1675 3664 sed
1709 3602 1896 3665 semel
1929 3611 2061 3664 tan-

413 3711 588 3773 quam
621 3691 842 3755 Fillum
875 3690 984 3753 Dei
1013 3710 1082 3753 ac
1110 3694 1298 3755 Deum
1365 3716 1389 3746 α
1424 3690 1638 3753 Filium
1674 3692 1979 3754 constituit
2003 3692 2064 3754 in

413 3790 704 3844 aeternum
730 3788 1226 3843 consummatum.
1263 3804 1291 3837 ι
1320 3778 1463 3842 Nam
1497 3800 1531 3842 a
1562 3782 1865 3843 communi
1891 3781 2066 3845 intel-

413 3873 570 3934 lectu
592 3871 909 3935 Constituit
931 3864 1327 3952 supplendum
1353 3878 1463 3933 est.
1484 3869 1821 3953 Constituit,
1847 3871 2058 3954 inquit,

411 3960 786 4023 sacerdotem
830 3960 891 4022 in
936 3969 1223 4023 aeternum
1256 3968 1730 4021 consummatum
1803 3961 1914 4022 hoc
1946 3970 2059 4037 est,

410 4070 531 4113 non
561 4050 664 4132 qui
694 4069 851 4113 nunc
873 4058 1096 4113 tantum
1126 4050 1200 4111 sit
1237 4048 1369 4111 sine
1402 4057 1670 4129 peccato,
1710 4049 1814 4110 sed
1847 4058 1907 4112 et
1930 4050 2063 4112 talis

412 4140 474 4202 in
506 4147 859 4221 perpetuum
889 4140 1118 4203 futurus
1149 4146 1258 4201 est.
1319 4137 1383 4201 Si
1414 4156 1552 4219 ergo
1575 4145 1634 4200 et
1675 4138 1863 4201 Filius
1892 4146 1983 4202 est
2006 4146 2066 4203 et

412 4230 472 4289 in
505 4237 791 4292 aeternum
816 4236 1285 4301 consummatus,
1322 4246 1498 4308 quam
1530 4226 1605 4289 ob
1638 4246 1874 4290 causam
1899 4229 2059 4292 futu-

412 4336 543 4379 rum
576 4326 734 4380 esset
763 4326 826 4379 ut
852 4317 941 4379 illi
972 4335 1121 4399 opus
1153 4323 1310 4379 esset
1336 4315 1542 4377 multis
1566 4315 1921 4382 sacriﬁciis?

502 4405 656 4489 VllI,
682 4406 1108 4469 l-6.Catterum
1129 4423 1337 4468 eorum
1367 4422 1500 4487 qua:
1522 4406 1789 4469 dicimus
1806 4406 1961 4470 illud
1980 4415 2066 4471 est

413 4499 779 4578 eaput,quod
795 4497 975 4558 talem
998 4494 1286 4558 habemus
1306 4495 1786 4576 pontiﬁcem,qui
1797 4501 2065 4562 consedit

414 4589 500 4650 ad
518 4586 838 4650 dexteram
867 4584 1497 4661 thronimaiestatisin
1512 4583 1694 4653 catis.
1711 4594 2062 4652 sanctorum

412 4676 887 4739 administrator
898 4676 1111 4739 caveri
1129 4671 1845 4754 tabernaeuli,quodﬁa:it
1862 4676 2062 4744 Dom.

410 4784 527 4829 nus
548 4772 607 4829 et
627 4782 752 4829 non
771 4768 969 4828 homo.
988 4764 1382 4828 ()mnisenim
1399 4763 1678 4843 pontifex
1696 4763 1778 4825 ad
1798 4766 2059 4845 effare"-

407 4856 553 4918 dum
566 4855 833 4918 donaria
843 4855 1194 4918 etvictimas
1205 4855 1635 4917 constituitur:
1652 4855 1814 4917 unde
1828 4869 2063 4917 necesse

410 4951 498 5015 est
510 4944 685 5008 uthic
700 4946 884 5008 etiam
908 4943 1127 5007 habeat
1154 4942 1392 5025 aliquid
1400 4945 1560 5023 quod
1571 4945 1809 5025 o/ferat.
1829 4944 1990 5008 Nam
2007 4943 2062 5004 si

411 5041 563 5096 esset
578 5034 644 5096 in
663 5042 928 5108 terrame
942 5036 1232 5097 sacerdos
1247 5034 1485 5114 quidem
1502 5042 1668 5107 esset,
1689 5034 1794 5097 ubi
1805 5040 2058 5096 suntsa-

409 5122 1051 5205 cerdotesquioﬂ'erant
1068 5126 1253 5205 juxta
1284 5123 1477 5206 legem
1491 5125 1771 5200 donaria,
1799 5128 1906 5205 qui
1916 5122 2058 5203 qui-

410 5210 543 5272 (lem
555 5212 1198 5292 exemptarietumbraa
1210 5214 2064 5294 deserviuntcaelestiumque-

411 5300 804 5363 marlmodum
814 5302 1062 5365 oraculo
1073 5303 1299 5381 accepit
1308 5304 1655 5371 Moses,cum
1669 5311 1820 5366 esset
1831 5304 2063 5365 absolu-

410 5388 1074 5453 turustabernaculum.
1090 5391 1538 5470 Vide.inquit.ut
1548 5393 1746 5472 facias
1758 5398 1963 5456 omnia
1975 5409 2064 5454 se-

409 5478 673 5540 cundum
697 5481 1177 5560 exemptarquad
1197 5490 1501 5545 ostensum
1515 5491 1600 5546 est
1630 5483 1742 5547 tibi
1761 5485 1823 5546 in
1838 5491 2060 5545 monte.

489 5646 544 5688 ³⁶
574 5651 688 5712 lsa.
722 5665 843 5724 Lm,
874 5650 934 5714 9.

2147 3249 2238 3305 τὸν
2310 3249 2471 3324 νόμον
2540 3248 2831 3327 γενομένης
2914 3246 3343 3329 προϐαλλόμενος
3402 3248 3654 3329 ἀρχιερέα
3712 3251 3805 3307 τὸν

2149 3339 2374 3417 Χριστὸν
2440 3340 2559 3395 Υἱὸν
2619 3337 2766 3419 ὄντα,
2843 3340 3000 3396 αὐτὸν
3071 3337 3392 3406 κατέστησεν
3449 3338 3588 3417 ἱερέα
3646 3359 3807 3395 τετε-

2147 3425 2461 3505 λειωμόνον,
2493 3429 2580 3484 κκὶ
2610 3428 2688 3503 μὴ
2744 3428 2842 3496 τὴν
2901 3428 3030 3496 ἴσην
3086 3441 3205 3493 τοῖς
3264 3430 3402 3485 κατὰ
3473 3429 3567 3485 τὸν
3636 3428 3804 3505 νόμον

2145 3520 2335 3597 ἱερεῦσι
2393 3518 2752 3596 περικείμενον
2811 3516 3079 3578 ἀσθένειαν
3177 3518 3265 3575 καὶ
3322 3518 3605 3596 ἁμαρτίαν,
3663 3515 3804 3583 ἅπαξ

2146 3607 2217 3671 ὡς
2250 3608 2367 3663 Υἷὸν
2401 3613 2549 3684 ’Θεοῦ
2603 3608 2690 3663 καὶ
2748 3606 2901 3669 Θεόν.
2944 3628 2968 3663 ι
3028 3608 3116 3670 Εἰς
3202 3607 3293 3663 τὸν
3349 3607 3508 3664 οὶῶνα
3548 3604 3805 3663 τετελιω-

2147 3695 2327 3770 μένον,
2370 3718 2392 3751 ι
2464 3696 2599 3752 ⁹Λπὸ
2656 3703 2854 3754 κοινοῦ.
2919 3696 3234 3763 Καθίστησιν
3293 3693 3456 3776 ἱερέα,
3504 3695 3682 3775 φησὶν,
3716 3695 3790 3759 εἷς

2146 3786 2242 3850 τὸν
2267 3787 2436 3841 αἰῶνα
2465 3783 2870 3865 τετελιωμένον,
2931 3784 3218 3861 τουτέστιν,
3281 3784 3339 3841 οὗ
3395 3794 3482 3843 νῦν
3539 3782 3663 3840 ὅντα
3694 3783 3799 3859 μό·-

2148 3896 2236 3930 νον
2293 3873 2686 3950 ἀναμάρτητον.
2748 3871 2885 3930 ἀλλὰ
2927 3874 3014 3929 καὶ
3071 3874 3144 3937 εἰς
3202 3875 3293 3931 τὸν
3352 3874 3517 3929 αἱῶνα
3565 3880 3801 3931 τοιοῦτον

2146 3962 2420 4038 ἐσόμενον.
2458 3964 2514 4019 Εἰ
2544 3962 2713 4021 τοίνυν
2759 3964 2878 4026 Υἱός
2932 3961 2992 4018 τέ
3061 3962 3172 4019 ἐστι
3201 3963 3289 4019 καὶ
3330 3962 3404 4024 εἰς
3462 3963 3553 4018 τὸν
3641 3962 3806 4018 αἰῶνα

2146 4050 2482 4128 παντέλειος,
2570 4054 2709 4116 τίνος
2781 4050 2958 4109 ἕνεκεν
3040 4049 3243 4127 ἤμελλε
3319 4049 3521 4108 δεῖσθαι
3587 4047 3802 4108 πολλῶν

2146 4144 2336 4198 θυσιῶν
2347 4191 2361 4204 .

2234 4431 2262 4464 ιι
2317 4408 2610 4491 Κεφάλαιον
2684 4407 2739 4466 δέ
2793 4408 2880 4467 ἐπὶ
2948 4422 3066 4475 τοῖς
3160 4407 3473 4490 λεγομένοι)
3529 4414 3797 4484 τοιοῦτον,

2154 4496 2356 4579 ἔχομεν
2411 4499 2684 4579 ἀρχιερέα,
2743 4500 2800 4562 ὃς
2858 4498 3096 4559 ἐκάθισεν
3163 4498 3222 4555 ὲτ
3288 4496 3426 4571 δεξίᾷ
3520 4498 3615 4555 τοῦ
3670 4498 3802 4576 θρό-

2154 4609 2244 4645 νου
2324 4592 2421 4654 τῆς
2505 4585 2911 4666 μέγαλωσύνης,
2997 4586 3052 4644 ἐν
3159 4599 3279 4651 τοῖς
3359 4588 3602 4668 οὐρανοῖς
3688 4592 3800 4644 τῶν

2153 4677 2313 4755 ἁγίων
2385 4674 2689 4756 λειτουργός
2742 4677 2832 4733 καὶ
2887 4681 2986 4744 τῆς
3055 4677 3250 4742 σκννῆς
3306 4681 3406 4744 τῆς
3483 4674 3743 4745 ἀληθινῆς
3781 4695 3798 4712 ⁸

2142 4765 2209 4832 ἣν
2267 4763 2457 4833 ἔπηξεν
2511 4769 2539 4822 ὁ
2610 4766 2798 4846 Κύριος
2854 4767 2943 4823 καὶ
2998 4764 3093 4823 οὒκ
3160 4762 3458 4846 ἅνθρωπος.
3516 4772 3626 4830 Πᾶς
3696 4766 3802 4847 γὰρ

2145 4855 2420 4936 ἀρχιερεὺς
2477 4856 2578 4936 εἰςΔ
2621 4856 2683 4911 τὸ
2763 4853 3074 4936 προσφέρειν
3148 4852 3289 4933 δῶρά
3342 4876 3399 4911 τε
3456 4855 3546 4915 καὶ
3612 4856 3796 4920 θυσίας

2145 4933 2473 5003 καθίσταται.
2540 4933 2707 5003 υΟθεν
2778 4933 3075 5023 αναγκαῖον
3134 4942 3291 5025 ἔχειν
3370 4966 3421 5000 τι
3491 4945 3578 5000 καὶ
3606 4953 3795 5004 τοῦτον

2143 5034 2171 5089 ὃ
2213 5032 2566 5112 προσενέγκῃ.
2615 5035 2675 5091 Εἰ
2745 5033 2842 5109 μὲν
2870 5035 2973 5112 γὰρ
3013 5032 3080 5101 ἧν
3111 5032 3197 5090 ἐπὶ
3252 5038 3381 5114 γῆς,
3438 5031 3546 5091 ουδ’
3619 5032 3683 5092 ἂν
3726 5036 3800 5101 ἦν

2142 5124 2333 5203 ἱερεὺς,
2394 5121 2560 5180 ὄντων
2614 5128 2721 5180 τῶν
2778 5124 2975 5203 ἱερέων’
3012 5130 3119 5182 τῶν
3198 5124 3601 5205 προσφερόντων
3661 5124 3803 5180 κατὰ

2142 5216 2235 5270 τὸν
2263 5214 2425 5289 νόμον
2471 5213 2538 5270 τὰ
2607 5210 2769 5294 δῶρα,
2829 5216 2881 5271 οἳ
2930 5235 3071 5277 τινες
3128 5212 3471 5293 ὑποδείγματι
3528 5214 3617 5271 καὶ
3672 5219 3803 5286 σκιᾷ

2145 5302 2449 5376 λατρεύουοι
2546 5308 2652 5360 τῶν
2735 5303 3077 5385 ἐπουρανίων,
3165 5305 3338 5369 καθὼς
3450 5303 3800 5385 κεχρημᾴτι-

2146 5414 2264 5449 σται
2339 5391 2550 5459 Maeci;
2616 5391 2827 5469 μέλλων
2867 5380 2876 5384 ⁷
2910 5380 3175 5450 ἐπιτελεῖν
3206 5393 3306 5461 τὴν
3359 5380 3588 5462 σκηνήν.
3673 5380 3801 5471 Ὀρα

2147 5482 2269 5561 γὰρ,
2353 5484 2503 5561 φησὶ,
2571 5483 2837 5557 ποιήσεις,
2884 5480 3057 5539 πάότα
3132 5482 3271 5541 κατά
3323 5484 3414 5539 τὸν
3484 5481 3649 5539 τύπον
3705 5483 3802 5539 τὸν
