4132 6418
293 351 403 418 361
1450 357 1854 424 ΟΟΜΜΕΝΤ.
1895 358 1944 419 Ι]

2031 357 2276 424 EPIST.
2318 358 2423 422 AD
2466 358 2698 422 HEBR.
2966 390 2991 405 ι
3577 363 3698 434 362

284 485 560 570 δειχθέντα
628 511 713 546 σοι
768 489 824 547 ἐν
877 494 956 565 τῷ
1032 488 1164 572 ὅρει.
1227 494 1350 552 Νυνὶ
1410 490 1465 549 δὲ
1548 492 1936 576 διαφορωτέρας

2031 492 2200 556 Nunc
2220 510 2367 558 vero
2394 493 2507 557 hoc
2551 493 2938 559 excellentius
2996 497 3252 561 sortitus
3285 505 3375 563 est
3412 502 3699 567 ministe-

284 576 482 658 τέτυχε
540 577 891 675 λειτουργίας,
950 578 1071 675 ὅσῳ-
1126 583 1215 640 καὶ
1282 582 1583 663 κρείττονός
1646 583 1757 642 ἐστι
1809 582 1944 675 Δδιασ-

2031 581 2360 675 rium,quo
2375 585 2829 675 prtestantiom's
2878 593 2960 648 est
2992 592 3337 651 testamenti
3367 590 3696 675 mediator,

282 667 458 737 θήκης
528 670 770 747 μεσίτης,
850 667 963 738 ἥτις
1053 669 1140 729 ἐπὶ
1230 674 1518 754 κρείττοσιν
1604 671 1944 754 ἐπαγγελίαις

2031 671 2184 750 quod
2214 674 2280 734 in
2306 674 2840 755 prtestamioribus
2853 677 3169 756 promissis
3195 679 3503 743 sancitum
3526 686 3638 745 est.

287 757 723 834 νενομοθέτηται,
758 781 787 816 ι

373 870 404 903 α
438 847 740 928 Κεφάλαιον
786 846 864 912 δέ.
891 872 918 904 ι
982 847 1092 907 Ἀεὶ
1146 852 1207 907 τὸ
1264 850 1517 931 μέγιστον
1570 850 1714 933 λέγει
1773 853 1945 934 κεφά-

283 934 460 997 λαιον.
522 959 547 995 tt
608 944 855 997 Τοιοῦτον
912 938 1116 1020 ἔχομεν
1180 940 1456 1022 ἀρχιερέα.
1510 965 1539 998 α
1572 940 1947 1022 ’Λναμίγνυσιν

282 1027 504 1083 ἓνταυθα
529 1028 598 1084 τὰ
637 1030 861 1086 ταπεινὰ
930 1043 1048 1093 τοῖς
1104 1029 1360 1105 ὑψηλοῖς,
1408 1030 1503 1088 ’ίνα
1553 1029 1639 1090 διὰ
1692 1038 1799 1089 τῶν
1842 1054 1944 1089 τα-

284 1123 479 1204 πεινῶν
560 1114 855 1197 ὁδοποιήσῃ
955 1132 1074 1184 τοῖς
1158 1119 1423 1204 ρψηλοῖς.
1513 1124 1772 1204 Ταπεινὰ,
1856 1125 1942 1204 τὸ,

283 1203 539 1286 ἀρχιερέα
608 1209 698 1263 καὶ
766 1206 1089 1288 λειτουργόν.
1157 1199 1390 1285 ιΥψηλὰ,
1454 1212 1515 1266 τὸ
1587 1199 1858 1270 Ἐκάθίσεν
1889 1199 1944 1268 ἐν

283 1292 424 1368 δεξίᾷ
462 1303 554 1353 τοῦ
584 1303 717 1356 Θεοῦ
743 1299 831 1354 καὶ
876 1297 930 1353 ἐν
981 1311 1100 1363 τοϊς
1158 1300 1426 1379 οὐρανοῖς,
1494 1320 1519 1356 ι
1592 1305 1709 1360 Τῶν
1778 1301 1941 1380 ἁγίων

283 1382 615 1465 λειτουργός.
670 1408 694 1443 ι
783 1384 1115 1470 Ἀρχιερεὺλς,
1182 1391 1334 1469 φησὶ,
1419 1395 1526 1447 τῶν
1599 1390 1942 1470 ἡγιασμένων

2118 872 2147 905 α
2178 848 2331 913 lllud
2362 859 2455 914 est
2485 860 2688 935 caput.
2722 878 2744 911 ο
2786 852 3040 936 Semper
3070 854 3132 918 id
3174 856 3335 937 quod
3368 857 3693 923 maximum

2031 946 2123 999 est
2149 948 2317 1001 vocat
2373 949 2571 1022 caput.
2615 964 2638 999 ιι
2697 941 2904 1006 Talem
2935 942 3230 1006 habemus
3259 946 3626 1026 pontificem.
3659 968 3690 1011 ι

2031 1027 2366 1119 Permiscet
2422 1030 2537 1092 hoc
2596 1031 2727 1094 loco
2781 1031 3031 1095 humilia
3073 1032 3457 1118 sublimibus,
3490 1045 3558 1099 ut
3586 1055 3696 1119 per

2029 1116 2278 1180 humilia
2322 1119 2474 1181 viam
2507 1128 2820 1201 praestruat
2847 1121 3231 1186 sublimibus.
3265 1116 3525 1189 Humilia
3551 1116 3695 1188 sunt

2028 1206 2370 1297 pontiﬁcem
2399 1226 2533 1272 esse
2567 1219 2626 1273 et
2655 1210 3202 1275 administratorem
3227 1235 3240 1272 :
3265 1213 3569 1297 sublimia,
3590 1234 3690 1280 se-

2026 1295 2172 1358 dere
2199 1297 2273 1359 ad
2324 1298 2630 1362 dexteram
2683 1299 2792 1362 Dei
2848 1307 2907 1362 et
2939 1300 3000 1363 in
3032 1302 3229 1366 caelis.
3273 1325 3301 1359 α
3336 1295 3692 1368 Sanctorum

2026 1383 2503 1474 administrator.
2544 1413 2571 1445 ι
2608 1388 2905 1466 Pontifex,
2933 1389 3467 1472 iuquit,hominum
3498 1393 3600 1474 qui
3617 1392 3691 1456 ab

285 1495 401 1563 παρ
451 1475 613 1535 αὺτοῦ
680 1468 988 1552 ἀνθρώπων.
1056 1468 1241 1553 Ἠμῶν
1293 1479 1392 1559 γάρ
1443 1478 1584 1536 ἔστιν
1639 1468 1938 1561 ἀρχιερεὺς.

2031 1473 2154 1555 ipso
2186 1477 2536 1539 sanctiﬁcati
2589 1485 2765 1556 sunt;
2799 1468 3215 1541 noster—enim
3272 1488 3364 1543 est
3393 1468 3686 1563 pontifex.

283 1562 346 1619 El.
389 1562 627 1621 ἐκάθισεν
655 1564 717 1621 ὲκ
746 1563 921 1631 δεξιῶν
976 1573 1069 1624 τοῦ
1099 1570 1327 1641 Πατρὸς,
1385 1575 1499 1633 πῶς
1558 1567 1669 1627 ἔστι
1700 1570 1940 1650 λειτουρ-

2023 1562 2246 1625 Verum
2278 1565 2331 1625 si
2362 1565 2435 1627 ad
2468 1566 2773 1629 dexteram
2834 1566 3027 1629 Patris
3057 1568 3236 1644 sedit,
3266 1562 3564 1651 quomodo
3595 1580 3692 1636 est

281 1652 423 1734 γός;
456 1658 776 1733 Λειτουργοῦ
803 1656 902 1735 γὰρ
932 1653 1092 1731 ἴδιον,
1152 1658 1214 1713 τὸ
1272 1658 1487 1715 ἑστάναι
1542 1660 1630 1715 καὶ
1696 1659 1940 1739 λειτουρ-

2031 1651 2469 1716 administrator
2488 1654 2518 1715 ?
2540 1656 2799 1719 Ministri
2824 1675 3081 1739 namque
3102 1657 3412 1740 proprium
3427 1667 3518 1723 est
3533 1667 3693 1724 stare

280 1755 404 1821 γεϊν
437 1758 452 1774 ⁸
496 1744 559 1800 τὸ
603 1740 658 1798 δὲ
688 1745 968 1825 καθῆσθαι,
1029 1753 1185 1825 Θεοῦ,
1218 1750 1265 1821 ᾧ
1318 1749 1354 1815 ἡ
1414 1746 1712 1827 λειτουργία
1743 1750 1940 1828 ἀναφέ-

2031 1758 2093 1802 ac
2120 1742 2498 1819 ministrare;
2549 1745 2764 1807 sedere
2813 1763 2955 1807 vero
3013 1744 3123 1808 Dei
3154 1746 3254 1809 cui
3284 1748 3692 1811 ministerium

283 1852 452 1911 ρεται.
486 1829 664 1913 Ἀλλ’,
697 1835 771 1897 ὡς
819 1831 1054 1914 εἴρηται,
1128 1836 1195 1892 τὰ
1252 1837 1476 1893 ταπεινὰ
1530 1850 1647 1904 τοῖς
1706 1837 1945 1914 ὑψηλοῖς

284 1920 547 1999 μίγνυσιν,
608 1920 703 1978 ’ίνα
772 1921 857 1979 διὰ
909 1923 1006 2000 μὲν
1072 1934 1166 1984 τοῦ
1235 1928 1493 1994 καθῆσθαι
1551 1929 1679 1995 τὴν.
1720 1929 1946 1997 θεότητα

289 2007 452 2087 δείξῃ,
483 2009 568 2067 διὰ
596 2009 652 2067 δὲ
708 2018 802 2068 τοῦ
857 2011 1185 2108 λειτουργεῖν
1241 2015 1341 2082 τὴν
1410 2018 1527 2097 περὶ
1596 2018 1737 2092 ἡμᾶς
1788 2015 1945 2085 κηδεο

296 2102 478 2174 μονίαν
506 2102 594 2186 καὶ
670 2102 1078 2181 ἀνθρωπότητα,
1160 2102 1217 2161 Ἠ
1268 2112 1424 2163 τοῦτο
1481 2104 1802 2186 λειτουργῶν
1856 2108 1945 2163 καὶ

291 2198 446 2248 τοῦτο
505 2182 825 2272 Ἱερατεύων,
909 2194 971 2249 τὸ
1051 2194 1174 2257 τοὺς
1242 2194 1545 2274 ἀνθρώπους
1576 2195 1944 2275 ἀποκαθαίρειν

290 2285 400 2336 τῶν
440 2280 703 2359 ἁμαρτιῶν
754 2283 844 2339 καὶ
915 2282 1093 2361 ἁγίους
1134 2297 1336 2347 ποιεῖν.
1412 2292 1499 2360 Τῷ
1570 2286 1671 2365 γὰρ
1721 2287 1944 2361 τοιούτῴ

284 2367 576 2447 λειτουργῷ
628 2371 713 2427 καὶ
756 2373 1026 2451 αὐτουργῷ
1082 2379 1190 2430 τῶν
1256 2373 1445 2453 ἁγίων,
1496 2374 1684 2453 πρέπει
1720 2376 1794 2438 ὡς
1827 2380 1944 2449 Θεῷ

283 2456 522 2533 ἀληθινῷ
549 2460 637 2515 καὶ
709 2463 837 2540 Υἱῷ,
898 2459 959 2517 iit
1020 2458 1200 2528 δεξιῶν
1270 2461 1363 2518 τοῦ
1419 2465 1627 2543 Πατρὸς
1657 2466 1939 2532 καθῆσθαι.

289 2567 315 2603 α
364 2548 466 2606 Καὶ
505 2552 609 2615 τῆς
664 2554 869 2617 σκηνῆς
916 2556 1016 2618 τῆς
1070 2549 1350 2618 ἀληθινῆς.
1381 2571 1411 2612 »
1480 2554 1696 2620 Σκηνὴν
1739 2552 1955 2613 ἐνταῦθα

282 2638 376 2694 τὸν
405 2637 624 2716 οὐρανόν
690 2661 875 2719 φησιν.
949 2638 1166 2703 Ἐπειδὴ
1226 2642 1326 2722 γὰρ
1394 2640 1576 2721 ἔλεγον
1609 2641 1744 2704 ἴσως
1792 2646 1841 2700 οἱ
1899 2643 1951 2710 ἐξ

283 2724 551 2785 ἰουδαὶων
592 2729 779 2785 πιστοί
812 2746 827 2761 ⁹
865 2732 922 2787 Ei
968 2730 1245 2810 ἀρχιερεύς
1309 2730 1446 2812 ἐστι,
1520 2738 1624 2789 ποῦ
1677 2734 1712 2801 ἡ
1772 2733 1948 2802 σκηνὴ

282 2817 339 2907 έν
365 2816 404 2893 ᾖ
430 2820 742 2900 ἱερουργετ;
794 2817 1045 2878 δείκνυσιν
1093 2822 1239 2878 εἶναι
1291 2822 1382 2878 καὶ
1437 2822 1669 2898 σκηνὴν,
1741 2824 1833 2879 καὶ
1885 2826 1977 2907 τὸ.

281 2904 530 2987 διάφορον
558 2908 723 2976 αὐτῆς
751 2910 825 2974 ὡς
846 2910 978 2989 πρὸς
1046 2911 1148 2978 τὴν
1209 2908 1507 2978 Ἰουδαϊκήν
1562 2911 1792 2993 σκηνὴν,
1825 2910 1945 2970 δετ-

282 2993 366 3062 ξαι
395 2995 586 3073 θέλων,
631 2999 812 3077 φησὶν,
867 2998 933 3067 ἥν
1004 2997 1194 3067 ἔπηξεν
1238 3002 1267 3057 ὁ
1311 3001 1500 3079 Κύριος
1553 3001 1643 3057 καὶ
1698 3002 1793 3058 οὒκ
1844 3001 1943 3060 ἅν-

281 3088 517 3166 θρωπος,
556 3109 584 3141 α
630 3093 742 3153 Πᾶς
770 3088 871 3169 γὰρ
899 3084 1200 3171 ἅρχιερεὺς,
1239 3112 1263 3148 ι)
1320 3088 1539 3159 Ἐπειδὴ
1596 3090 1722 3171 γὰρ,
1758 3093 1940 3171 φησὶν,

2027 1830 2364 1896 exhibetur.
2400 1832 2517 1895 Sed
2543 1832 3043 1914 quemadmodum
3066 1835 3292 1897 dictum
3314 1837 3693 1914 est,humilia

2028 1918 2384 1983 sublimibus
2439 1922 2782 2005 permiscet,
2836 1932 2899 1985 ut
2930 1941 3037 2004 per
3064 1924 3398 1988 sessionem
3446 1925 3689 2008 quidem

2027 2008 2301 2096 ostendat
2329 2009 2723 2087 divinitatem,
2749 2029 2855 2093 per
2884 2012 3292 2075 ministerium
3310 2031 3454 2077 vero
3485 2015 3690 2096 provi-

2028 2095 2291 2160 dentiam
2322 2116 2461 2178 erga
2491 2100 2692 2181 nosIet
2719 2101 3173 2165 humanitatem.
3206 2102 3350 2164 2575
3372 2095 3502 2166 Aut
3523 2104 3690 2185 quod

2026 2186 2128 2263 ait,
2161 2188 2610 2252 Administrans
2655 2198 2716 2253 et
2763 2190 3129 2267 sacriﬁcans,
3194 2200 3283 2255 est
3334 2192 3612 2256 homines
3654 2213 3692 2256 a

2029 2278 2288 2356 peccatis
2316 2278 2645 2342 emundare
2678 2287 2737 2341 et
2766 2288 3005 2342 sanctos
3033 2280 3271 2343 efﬁcere
3295 2301 3313 2359 ;
3336 2281 3688 2363 hujusmodi

2026 2364 2185 2426 enim
2219 2367 2552 2430 ministerio
2609 2378 2978 2445 sanctorum,
3034 2388 3105 2432 ac
3126 2369 3486 2433 formatione
3515 2370 3693 2434 decet

2024 2462 2090 2515 ut
2110 2462 2388 2537 tanquam
2418 2456 2577 2518 Deus
2596 2476 2772 2520 verus
2791 2477 2858 2520 ac
2880 2457 3068 2521 Filius
3088 2459 3162 2520 ad
3187 2458 3691 2523 dexteramPatris

2037 2543 2261 2607 sedeat.
2304 2545 2423 2608 «Ac
2457 2547 2581 2609 veri
2611 2547 3039 2610 tabernaculi.)
3076 2547 3552 2612 Taberuaculum
3575 2550 3691 2613 hoc

2035 2631 2168 2694 loco
2194 2635 2339 2697 dicit
2359 2635 2596 2701 caelum.
2632 2636 2923 2709 Quoniam
2940 2638 3099 2700 enim
3125 2638 3395 2701 dicerent
3419 2638 3689 2702 fortassis

2034 2724 2351 2787 credentes
2394 2743 2466 2787 ex
2490 2724 2715 2788 Judaeis
2752 2746 2765 2785 :
2800 2727 2862 2789 Si
2896 2726 3159 2807 pontifex
3188 2726 3433 2789 ubinam
3465 2738 3564 2792 est
3593 2736 3688 2791 ta-

2030 2811 2418 2875 bernaculum
2450 2814 2512 2876 in
2543 2835 2658 2896 quo
2680 2815 2978 2877 sacrificat
2997 2814 3027 2875 εδ
3049 2813 3322 2880 Ostendit
3347 2816 3525 2880 etiam
3555 2836 3690 2881 esse

2029 2899 2477 2967 tabernaculum
2513 2922 2526 2966 :
2564 2914 2622 2966 et
2643 2904 2829 2985 ipsius
2848 2904 3268 2967 excellentiam
3287 2924 3467 2987 supra
3481 2906 3687 2970 Iudai-

2028 3008 2163 3051 cum
2185 2991 2633 3055 tabernaculum
2656 2994 2865 3055 volens
2887 2995 3354 3072 ostendere,ait:
3383 2993 3550 3068 Quod
3563 2996 3691 3059 lixit

2026 3076 2336 3159 Dominus,
2372 3092 2431 3143 et
2460 3100 2576 3145 non
2609 3085 2810 3145 homo.
2852 3082 3096 3146 «Omnis
3127 3083 3288 3145 enim
3321 3084 3611 3165 pontifex.
3648 3109 3678 3144 »

284 3165 425 3231 ἴδιον
477 3176 659 3257 ἱερέων
719 3165 796 3234 τὸ⁷
844 3165 1163 3261 ’προσέρέρειν
1242 3177 1378 3259 δῶρο
1459 3181 1548 3236 καὶ
1837 3165 1941 3258 (ἐπὶ

2031 3165 2318 3240 Quoniam
2340 3171 2650 3253 proprium
2675 3179 2790 3250 est,
2815 3172 3449 3253 inquit,sacerdotibus
3470 3174 3687 3238 offerre

282 3266 577 3346 τούτῳγὰρ
606 3268 989 3349 καθίστανται),
1036 3269 1339 3349 ἀναγκαῖον
1399 3266 1548 3349 ἔχειν
1605 3292 1658 3326 τι
1721 3272 1808 3327 καὶ
1848 3272 1940 3328 τὸν

2025 3258 2273 3322 donaria
2307 3270 2365 3322 et
2394 3262 2682 3338 Victimas,
2746 3262 2818 3324 ad
2852 3263 2965 3324 hoc
2996 3262 3157 3324 enim
3188 3264 3635 3327 constituuntur
3667 3285 3683 3331 :

286 3357 518 3433 Χριστὸν
559 3356 970 3439 ᾂπροσενεγκῃ,
1027 3358 1204 3425 θυσίας
1260 3357 1426 3436 λέγω.
1492 3360 1586 3415 Διὸ
1653 3356 1785 3439 ἔσχε
1839 3360 1941 3427 τὴν

2031 3366 2271 3411 necesse
2326 3359 2416 3412 est
2461 3352 2698 3413 Christo
2747 3350 2972 3433 aliquid
3005 3352 3229 3415 habere
3259 3354 3417 3434 quod
3452 3355 3682 3430 offerat,

285 3444 457 3522 σάρκα
497 3434 598 3512 τὴν
668 3442 822 3521 ἰδίαν,
856 3434 933 3513 ἢν
976 3448 1064 3503 καὶ
1114 3434 1470 3526 προσήνεγκε.
1529 3456 1693 3507 Τοῦτο
1716 3434 1803 3504 -δὲ
1860 3449 1943 3505 εἶ-

2031 3438 2248 3499 hostias
2280 3440 2453 3511 dico;
2482 3440 2618 3502 ideo
2657 3439 2861 3503 habuit
2882 3441 3185 3522 propriam
3216 3460 3481 3520 carnem,
3508 3462 3685 3524 quam

285 3555 408 3608 πεν,
443 3532 637 3611 ἵναμή
708 3556 789 3599 τις
863 3534 1017 3615 λέγῃ,
1093 3538 1151 3593 Εἰ
1203 3536 1480 3616 ἀρχιερευς
1534 3539 1679 3593 ἔστιν
1737 3538 1809 3604 εἰς
1850 3539 1940 3595 τὸν

286 3623 473 3698 αἰῶνα,
531 3619 617 3679 διὰ
670 3624 721 3680 τί
787 3613 1058 3705 ἀπέθανε,
1122 3613 1377 3705 Διὰ-τί,
1441 3613 1567 3683 υινα
1611 3626 1941 3706 προσενέγκῃ

283 3712 463 3769 θυσίαν
529 3713 739 3773 ἑαυτόν.
816 3714 945 3793 Δίγα
1007 3716 1107 3793 γὰρ
1217 3715 1420 3795 θυσίας,
1492 3713 1609 3772 οὗδὲ
1665 3716 1943 3797 ἀρχιερεὺς

284 3799 350 3857 ἂν
390 3800 485 3868 ἦν.
552 3825 582 3857 α
632 3801 955 3882 Ἀναγκαῖον
1014 3803 1162 3885 ἔχειν
1220 3826 1270 3861 τι
1325 3805 1415 3861 καὶ
1459 3805 1643 3863 τούτον
1687 3807 1716 3863 ὃ
1770 3828 1943 3887 προσ-

284 3889 506 3971 ενέγκῃ,
544 3913 570 3949 ι
606 3896 738 3951 Οἷον
780 3894 872 3952 τὸν
900 3894 1145 3974 Χριστόν.

372 4087 405 4129 ι
450 4071 512 4128 El.
554 4069 655 4146 μὲν
710 4072 811 4151 γὰρ
865 4071 933 4141 ἦν
988 4072 1073 4130 ἐπὶ
1120 4078 1244 4153 γῆς.
1282 4094 1306 4132 ε
1383 4078 1549 4131 Τοῦτο
1608 4070 1663 4129 δὲ
1732 4072 1826 4153 ἧν,
1900 4074 1943 4129 εί

284 4158 367 4234 μὴ
444 4157 735 4242 ἐτεθνήκει,
823 4159 962 4237 μηδὲ
1027 4161 1250 4242 ἐγερθεὶς
1331 4159 1629 4241 ἀνελήφθη.
1700 4159 1818 4220 Οὐδ’
1879 4161 1943 4219 ἂν

286 4248 359 4314 ἰν
654 4235 835 4306 Ἦσαν
878 4252 977 4330 γὰρ
1032 4235 1221 4332 ἕτεροι,
1283 4253 1373 4308 καὶ
1440 4235 1629 4308 λοίπὸν
1685 4249 1753 4318 ἧν
1810 4251 1942 4310 στά-

290 4355 376 4400 σις
459 4336 513 4393 ἓν
568 4344 648 4413 τῷ
701 4339 999 4419 πράγματι,
1061 4351 1164 4400 Νῦν
1240 4338 1296 4396 δὲ
1364 4338 1591 4396 ἀπέθανε
1642 4338 1760 4414 μὲν,
1852 4338 1947 4396 ἵνα

289 4426 391 4493 τὴν
456 4426 631 4483 θυσίαν
699 4429 1028 4509 προσενέγκῃ
1039 4478 1054 4493 .

290 4512 583 4595 ἀνελήφθη,
652 4516 747 4575 ἵνα
807 4520 972 4600 σχοίῃ
1028 4514 1193 4577 τόπᾶν
1260 4520 1352 4576 τὸν
1406 4518 1646 4598 οὖρανὸν,
1699 4516 1818 4574 ἔνθα
1845 4522 1943 4578 αὒ-

289 4605 383 4661 τὸν
435 4605 663 4683 ἱερᾶσθαι
721 4598 1143 4688 δεῖξ”Ιερᾶσθαι
1196 4606 1254 4665 δὲ
1309 4607 1442 4689 νόει,
1538 4608 1601 4663 τὸ
1671 4606 1940 4687 ὲντῦγχά-

289 4713 403 4751 νειν
431 4695 560 4775 ὑπὲρ
587 4697 765 4774 ἡμῶν.
841 4707 1016 4758 Ταῦτα
1068 4694 1128 4755 δέ
1195 4699 1370 4756 πάντα
1425 4699 1493 4755 τὰ
1559 4698 1783 4757 ταπεινὰ
1836 4698 1940 4775 ῥή-

286 4804 454 4860 ματα,
490 4782 575 4840 διά
622 4807 682 4844 τε
728 4787 830 4854 τὴν
887 4788 1266 4865 άνθρωπότητα
1324 4787 1540 4867 εἴρηκε,
1608 4786 1697 4844 καὶ
1753 4783 1838 4843 διὰ
1880 4788 1942 4844 τὸ

283 4870 549 4940 νηπιῶδες
602 4879 712 4932 τῶν
784 4875 1104 4939 ἀκουόντων.
1175 4900 1204 4933 ε
1237 4875 1449 4940 Ο⁹ίτινες
1504 4872 1871 4954 ὑποδείγματι.
1912 4899 1935 4933 ι

278 4961 520 5043 Οἵτινες,
551 4965 713 5043 ἱερεῖς
784 4970 890 5023 τῶν
934 4964 1222 5040 Ἰουδαίων,
1254 4965 1408 5047 φησί.
1476 4965 1574 5023 Καὶ
1629 4970 1745 5028 πῶς
1800 4966 1940 5023 ὑπο-

277 5048 529 5129 δείγματι
622 5054 713 5111 καὶ
794 5061 920 5135 σκιᾷ
1027 5054 1334 5135 λατρεύουσι
1390 5059 1498 5111 τῶν
1580 5053 1939 5135 ἐπουρανίων,

285 5140 498 5218 Προϊὼν
539 5139 683 5221 λέγει
729 5158 745 5174 ⁸
782 5133 931 5223 ιὈρα
957 5146 1080 5224 γὰρ,
1113 5133 1264 5224 φησὶ,
1325 5144 1571 5213 ποιήσεις
1613 5143 1786 5199 πάντα
1808 5133 1945 5201 κατᾶ

280 5230 380 5285 τὰν
408 5230 572 5287 τύπον
597 5234 690 5289 τὸν
718 5230 1004 5315 δειχθέντα
1014 5256 1096 5290 σοι
1119 5233 1174 5289 ἐν
1193 5240 1271 5308 τῷ
1300 5230 1387 5312 ὀρε
1402 5256 1445 5293 ι.
1488 5232 1564 5289 Τὰ
1584 5227 1638 5287 δέ
1667 5228 1944 5311 δειχθέντα

285 5317 454 5400 αὗτῷ,
525 5321 739 5397 οὐράνια
803 5311 900 5391 ἦν,
974 5311 1142 5382 Ἠσαν
1209 5322 1265 5379 δὲ
1351 5316 1444 5379 xit
1525 5318 1796 5399 λατρεϊαι,
1856 5315 1945 5378 καὶ

289 5408 469 5488 εὐχαὶ,
535 5410 626 5466 καὶ
678 5411 870 5487 θυσίαι,
941 5413 1031 5469 καὶ
1083 5414 1119 5481 ἡ
1176 5416 1276 5479 τῆς
1357 5413 1563 5477 σκηνῆς
1618 5412 1942 5481 κατασκευή.

293 5515 321 5553 ι
374 5500 556 5565 Καθὼς
597 5502 1030 5581 κεχρημάτισται
1059 5506 1313 5569 Μωϋσῆς.
1379 5521 1402 5557 ε
1440 5498 1725 5576 Ἀκήκοεν,
1774 5497 1942 5560 οἶδεν.

291 5603 324 5646 (
356 5588 505 5648 Κατὰ
527 5590 620 5645 τὸν
649 5590 816 5647 τύπον
855 5592 948 5647 τὸν
1017 5588 1292 5671 δειχθέντα
1347 5611 1455 5647 σοι.
1498 5610 1519 5643 ι
1580 5586 1948 5671 Εὖμαθεστέρα

283 5676 321 5745 ἡ
354 5674 477 5752 ὄψις
535 5677 632 5746 τῆς
675 5677 874 5746 ἀκοῆς.
925 5703 955 5737 α
986 5682 1109 5738 Νυνὶ
1173 5677 1230 5736 δὲ
1285 5676 1697 5761 διαφορωτέρας.
1732 5700 1760 5733 ι
1826 5685 1948 5740 Νυνὶ

856 5826 1118 5895 ΡΑΤιιοι..
1155 5831 1269 5895 Gn.
1302 5826 1513 5891 CXIX.

2026 3527 2203 3588 etiam
2229 3528 2459 3590 obtulit.
2499 3528 2622 3591 Hoc
2643 3538 2842 3591 autem
2868 3529 3037 3613 dixit,
3073 3548 3149 3593 ne
3166 3530 3300 3611 quis
3316 3531 3547 3593 diceret
3573 3551 3587 3591 :
3622 3529 3689 3594 Si

2027 3617 2285 3697 pontifex
2319 3627 2407 3679 est
2438 3618 2501 3678 in
2532 3626 3041 3700 aaternum,quare
3067 3619 3243 3682 etiam
3264 3628 3535 3683 mortuus
3550 3619 3686 3685 est?

2027 3704 2220 3778 Quare
2242 3705 2273 3764 ‘l
2302 3704 2377 3768 Ut
2435 3706 2698 3787 seipsum
2748 3706 3045 3769 victimam
3079 3709 3342 3771 offerret.
3375 3710 3525 3773 Nam
3553 3709 3687 3771 sine

2027 3794 2268 3858 victima
2297 3814 2373 3858 ne
2408 3796 2669 3877 pontifex
2700 3795 2942 3877 quidem
2964 3795 3199 3860 fuisset.
3246 3816 3278 3857 ‹
3306 3794 3566 3860 Necesse
3598 3805 3691 3859 est

2028 3892 2093 3947 ut
2122 3884 2302 3946 etiam
2335 3885 2430 3947 hic
2459 3886 2673 3947 habeat
2701 3884 2920 3966 aliquid
2950 3885 3112 3965 quod
3142 3885 3371 3948 oﬂ'crat.
3409 3910 3437 3944 »
3472 3885 3583 3949 Hic
3607 3885 3690 3948 vi-

2027 3972 2247 4038 delicet
2275 3974 2567 4037 Christus.

2087 4061 2268 4125 «Nam
2281 4067 2328 4126 si
2345 4074 2501 4127 esset
2513 4066 2573 4126 in
2587 4062 2932 4127 terra.»Hoc
2949 4073 3148 4129 autem
3166 4064 3690 4147 esset,simortuus

2027 4172 2146 4215 non
2158 4153 2581 4236 fuisset,neque
2591 4154 2980 4216 resuscitatus
2991 4162 3328 4236 assumptus
3338 4152 3691 4218 fuisset-Ne

2028 4244 2307 4306 sacerdos
2324 4244 2564 4325 quidem
2580 4252 2757 4308 esset.
2769 4242 3020 4306 nEssent
3035 4243 3196 4308 enim
3209 4243 3517 4326 alii,etiam
3530 4244 3690 4306 sedi-

2029 4332 2111 4395 tio
2124 4334 2353 4396 essetin
2370 4334 2480 4396 hac
2496 4353 2583 4397 re.
2612 4333 2783 4397 Nunc
2794 4352 2932 4397 vero
2966 4342 3236 4395 mortuus
3249 4333 3493 4415 quidem
3506 4341 3596 4397 est
3624 4342 3690 4398 ut

1141 4427 1399 4493 Ἀναστὰς
1494 4427 1549 4485 δὲ
1632 4427 1694 4485 ἐκ
1748 4434 1942 4507 νεκρῶν

2031 4421 2325 4484 victimam
2351 4424 2615 4499 offerret,
2649 4441 2972 4501 resurgens
2994 4431 3190 4485 autem
3224 4441 3295 4485 ex
3324 4424 3579 4487 mortuis
3597 4442 3688 4485 as-

2027 4519 2300 4590 sumptus
2334 4520 2444 4590 est,
2478 4520 2543 4574 ut
2563 4511 2807 4575 haberet
2838 4513 3031 4574 locum
3062 4514 3260 4594 ipsum
3291 4515 3534 4594 coelum,
3583 4513 3690 4577 ubi

2024 4601 2193 4664 illum
2226 4601 2566 4668 sacriﬁcare
2591 4601 3203 4684 oportet.Sacriﬁcare
3224 4619 3366 4663 vero
3389 4602 3684 4683 intelligo,

2026 4709 2133 4770 pro
2163 4689 2337 4753 nobis
2394 4691 2801 4772 interpellare.
2860 4693 3049 4755 Porro
3115 4693 3241 4752 haec
3271 4691 3473 4753 omnia
3502 4691 3687 4754 verba

2026 4780 2277 4841 humilia
2330 4787 2391 4843 et
2420 4786 2664 4861 propter
2694 4780 3126 4842 humanitatem
3161 4777 3307 4840 dixit
3353 4786 3413 4841 et
3440 4788 3686 4860 propter

2025 4868 2333 4931 infantiam
2367 4869 2761 4933 audientium.
2803 4867 2978 4947 «‘Qui
3005 4868 3246 4950 quidem
3270 4868 3620 4949 exemplari.
3649 4891 3681 4929 ι

2028 4957 2141 5031 Qui
2165 4959 2505 5021 sacerdotes
2531 4958 2898 5023 Judaeorum.
2932 4959 3008 5021 Et
3030 4958 3327 5040 quomodo
3354 4958 3682 5040 exemplari

2028 5056 2089 5111 et
2116 5048 2343 5110 umbrae
2368 5048 2715 5112 deserviunt
2753 5047 3082 5110 caelestium
3104 5046 3134 5107 ‘l
3155 5046 3220 5108 In
3242 5065 3562 5127 progressu
3586 5047 3684 5109 di-

2027 5138 2309 5213 cit.Vide,
2342 5139 2554 5219 inquit,
2580 5147 2641 5200 ut
2685 5136 2865 5200 facias
2887 5136 3088 5200 omnia
3115 5137 3448 5199 secundum
3474 5154 3686 5199 exem-

2028 5230 2159 5308 plar
2188 5230 2344 5309 quod
2400 5236 2705 5291 ostensum
2747 5235 2838 5291 est
2861 5226 2971 5288 tibi
3001 5227 3065 5288 in
3096 5235 3339 5309 monte;
3373 5245 3507 5307 quae
3547 5245 3689 5291 vero

2025 5320 2144 5402 ipsi
2173 5333 2411 5382 ostensa
2430 5328 2620 5391 erant,
2650 5318 2891 5383 fuerunt
2909 5316 3197 5393 caelestia,
3228 5334 3445 5399 nempe
3466 5323 3527 5378 et
3554 5316 3688 5379 cul-

2026 5417 2121 5472 tus
2150 5418 2209 5472 et
2239 5419 2391 5487 vota,
2428 5416 2487 5471 et
2532 5408 2788 5473 victimae
2843 5415 2902 5470 et
2930 5408 3253 5470 exstructio
3285 5405 3685 5469 tabernaculi.

2036 5498 2587 5573 «Quemadmodum
2606 5498 2846 5561 oraculo
2869 5497 3101 5579 accepit
3121 5501 3377 5561 Moses.»
3390 5495 3560 5559 Sicut
3575 5514 3687 5559 au-

2029 5592 2175 5656 divit
2205 5591 2296 5653 vel
2351 5588 2667 5652 intellexit.
2727 5614 2755 5646 «
2792 5587 3134 5652 Secundum
3193 5586 3500 5667 exemplar
3529 5587 3687 5667 quod

2029 5690 2332 5747 ostensum
2395 5686 2487 5743 est
2539 5678 2669 5742 tibi.
2708 5702 2732 5738 ι)
2782 5676 3042 5741 Facilius
3097 5677 3353 5740 docetur
3409 5681 3691 5755 aspectus

3211 5820 3281 5886 12
