4132 6448
501 435 619 505 363

1627 437 2040 501 OEGUMENII
2082 414 2379 497 TRICCE
2415 429 2749 496 EPISCOPI

3765 420 3863 487 364

493 593 670 657 quam
718 574 975 637 auditus.
1028 597 1055 629 α
1089 571 1259 634 Nunc
1314 588 1453 633 vero
1514 572 1623 632 hoc
1656 569 2063 633 excellentius.
2101 593 2128 624 υ

2221 564 2294 657 δὲ,
2328 567 2509 647 φησὶν,
2530 564 2725 657 ,ἐπειδὴ
2782 564 3049 657 μὴᾼὲστιν
3106 563 3193 657 ἐν-
3216 569 3286 641 τῇ
3361 567 3457 657 γῇ,
3516 556 3636 617 ἀλλ’
3696 556 3751 657 ἐν
3796 559 3865 630 τῷ

496 664 667 727 Nunc
697 671 894 726 autem
926 661 1204 744 quoniam
1226 678 1343 724 non
1367 658 1538 723 estin
1584 668 1763 737 terra,
1798 659 2010 740 inquit,
2045 658 2148 720 sed

500 753 565 815 in
595 754 767 830 caelo,
800 752 1176 835 praestantius
1198 748 1442 812 sortitus
1469 756 1559 811 est
1581 748 1979 811 ministerium
2009 748 2152 811 :hoc

498 851 589 905 est
617 844 687 906 ad
724 841 1114 906 excellentius
1148 838 1544 901 ministerium
1576 845 1665 900 est
1686 838 1970 919 pontifex.
1998 836 2151 902 Vide

496 942 691 995 autem
725 931 1023 1013 quomodo
1048 929 1411 1004 versatur,in
1425 928 1751 990 humilibus
1782 934 2024 1008 propter
2042 926 2154 987 im-

496 1021 884 1086 becillitatem
909 1020 1244 1083 auditorum
1272 1037 1285 1082 :
1310 1020 1450 1079 576
1474 1016 1631 1099 quod
1672 1020 1718 1080 si
1744 1016 1965 1079 alicubi
1996 1015 2152 1078 dicat

495 1112 723 1194 aliquid
754 1111 1036 1192 sublime,
1072 1110 1342 1190 protinus
1374 1107 1446 1169 ab
1476 1108 1583 1169 illo
1615 1106 1893 1180 discedit,
1928 1105 2152 1168 veritus

499 1220 577 1263 ne
608 1220 727 1264 non
755 1200 1103 1280 recipiatur.
1143 1222 1167 1255 ι(
1207 1198 1332 1271 Quo
1388 1195 1835 1276 praestantioris.
1875 1220 1901 1251 »
1937 1196 2147 1275 Tanto,

496 1290 712 1371 inquit,
747 1288 1120 1370 praestantius
1151 1300 1243 1348 est
1270 1285 1674 1348 ministerium
1702 1283 2150 1366 veteri,[quanto

501 1380 678 1442 etiam
715 1377 1086 1461 prmstantius
1147 1384 1236 1438 est
1290 1393 1507 1436 novum
1538 1379 1960 1437 testamentum
1983 1373 2153 1453 cujus

503 1469 797 1532 mediator
825 1477 912 1531 est
930 1467 1196 1531 Christus
1221 1486 1237 1543 ;
1263 1483 1479 1527 novum
1503 1463 1710 1525 dicens
1731 1472 2149 1525 testamentum

498 1560 679 1621 fidem
710 1560 772 1619 in
801 1558 1021 1639 ipsum,
1057 1574 1165 1637 per
1189 1573 1364 1635 quam
1400 1553 1576 1615 ﬁdem
1609 1553 1908 1615 mediator
1931 1553 2041 1614 fuit
2062 1553 2151 1613 in-

502 1656 597 1711 ter
627 1644 888 1728 seipsum
923 1651 985 1708 et
1012 1647 1264 1706 Patrem.
1304 1668 1329 1697 α
1356 1641 1523 1715 Quod
1558 1642 1617 1702 in
1643 1641 2151 1723 praestantioribus

2234 645 2461 735 οὐρανῷ,
2517 654 2790 733 βελτιονος
2877 654 3108 735 ἐπέτυχε
3179 652 3530 731 λειτουργίας,
3589 645 3864 735 τορτέστιν,

2232 726 2318 801 ἐπί
2385 726 2631 823 βελτίονα
2700 726 3225 826 λειτουργίαίέστὶν
3294 726 3597 822 ἀρχιερεύς.
3630 726 3865 826 ίὈραᾼδέ

2231 836 2345 897 πῶς
2405 831 2713 913 ἐνδιατριϐει
2771 824 2890 899 τοῖς
2945 833 3223 897 ταπεῖνοις
3268 830 3352 888 διὰ
3393 832 3455 887 τὸ
3496 831 3600 887 τῶν
3655 824 3867 883 ἀκουόν-

2231 945 2337 980 των
2369 922 2603 989 ἀσθενές.
2647 914 2883 1000 ’Υψηλὸν
2911 921 2966 979 δὲ
3026 921 3183 983 εἵπου
3213 921 3367 999 εἴπῃ,
3428 920 3572 984 εὐθὺς
3602 913 3866 974 ἀπαλλάτ-

2232 1037 2403 1092 τεται,
2434 1015 2679 1082 δεδοικὼς
2705 1017 2784 1092 μὴ
2813 1016 2873 1072 οὒ
2921 1013 3254 1096 παραδεχθῇ,
3295 1037 3323 1069 α
3372 1002 3531 1085 ’Όσῳ
3585 1009 3674 1065 καὶ
3701 1027 3866 1087 κρειτ-

2234 1106 2382 1168 τοιός
2441 1103 2575 1164 ἐστι.
2615 1126 2639 1163 ι
2734 1105 3001 1179 Τοσούτῳ,
3057 1106 3241 1186 φησὶν,
3300 1102 3440 1159 ἐστιν
3500 1102 3537 1168 ἡ
3591 1096 3871 1186 λειτουργία

2232 1192 2451 1270 βελτίων
2476 1199 2575 1262 τῆς
2619 1192 2875 1270 παλαιᾶς,
2929 1193 3039 1268 ὅσῳ
3073 1184 3168 1251 καὶ
3209 1195 3244 1261 ἡ
3301 1190 3527 1261 διαθήκη
3584 1190 3621 1257 ἡ
3671 1186 3781 1264 νέα,
3807 1184 3869 1253 ἧς

2235 1284 2455 1359 μεσίτης
2526 1284 2662 1341 ἐστὶν
2707 1286 2735 1340 ὁ
2792 1285 3036 1364 Χριστὸς,
3094 1283 3214 1340 νέαν
3269 1280 3413 1360 λέγω
3453 1278 3733 1351 διαθῆκην,
3780 1275 3870 1341 τὴν

2234 1374 2305 1437 εἷς
2361 1374 2519 1432 αὐτὸν
2603 1374 2800 1448 πίστιν,
2864 1373 2919 1430 ἐν
2974 1373 3010 1449 ᾗ
3097 1373 3270 1430 πίστει
3354 1372 3525 1446 ἑαυτῷ
3579 1366 3869 1445 ἐμεσίτευσε

2233 1462 2320 1518 καὶ
2377 1468 2454 1537 τῷ
2507 1461 2692 1543 Πατρί,
2759 1453 2992 1543 αᾼξἭττ
3055 1461 3139 1518 ἐπὶ
3194 1461 3483 1541 κρείττοσιν
3542 1453 3869 1533 ἐπαγγελίαις

2234 1540 2663 1627 νενομοθέτηται,
2714 1570 2744 1610 ι
2786 1540 2947 1617 "Hm;
3003 1540 3256 1624 διαθήκη,
3316 1550 3470 1629 φησὶ,
3528 1545 3613 1603 ἐπὶ
3641 1544 3869 1624 κρείττο-

2235 1662 2316 1696 σιν
2373 1639 2710 1719 ἐπαγγελίαις
2808 1639 3236 1716 νενομοθέτηναι.
3341 1631 3404 1695 Ἠ
3460 1638 3559 1712 μὲν
3628 1636 3727 1714 γὰρ
3778 1653 3874 1688 πα-

498 1724 815 1819 promissis
863 1734 1156 1797 sancitum
1190 1745 1301 1794 est.
1336 1757 1363 1787 »
1399 1730 1706 1811 Siquidem
1768 1740 1934 1793 vetus
1966 1739 2139 1792 testa-

2231 1727 2381 1819 λαιὰ,
2411 1731 2477 1787 τὰ
2518 1730 2689 1808 ἀγαθὰ
2716 1735 2816 1798 τῆς
2847 1728 3282 1819 γῆς-ἐπτγγελτο
3313 1747 3331 1765 ο
3383 1730 3418 1797 ἡ
3447 1725 3502 1783 δὲ
3554 1725 3668 1819 νέα,
3718 1724 3871 1819 βασι-

499 1814 766 1888 mentnm
798 1823 958 1887 bona
984 1832 1158 1886 terrae
1188 1821 1571 1903 promittebat
1598 1840 1610 1883 :
1643 1840 1856 1883 novum
1889 1839 2139 1899 vero,re-

2231 1817 2372 1875 λείαν
2419 1822 2671 1897 οὐρανῶν.
2734 1822 2834 1878 Καὶ
2905 1817 3069 1882 οὕτως
3125 1819 3417 1898 κρείττονες
3464 1819 3516 1872 αἱ
3572 1814 3635 1871 ἐκ
3685 1814 3871 1879 ταύτης

495 1934 677 1996 gnum
738 1911 1120 1976 caelorum.Et
1176 1899 1257 1972 ita
1292 1911 1737 1990 prastantiores
1766 1919 1903 1973 sunt
1935 1930 2002 1973 ex
2031 1910 2139 1972 ista

2228 1907 2561 1987 ἐπαγγελίαι,
2608 1908 2689 1965 ὅτι
2758 1910 2793 1977 ἡ
2838 1908 2936 1986 μὲν
3006 1907 3316 1988 εἰσηνέχθη,
3376 1903 3707 1996 ἐκϐέᾷληταξ
3734 1899 3787 1996 δὲ
3836 1903 3872 1968 ἦ

496 1990 930 2086 promissiones
966 2021 978 2066 :
1014 2005 1152 2083 quia
1174 2019 1388 2062 novum
1420 1999 1661 2081 quidem
1693 1999 1999 2062 inductum
2033 2010 2139 2075 est,

2226 1996 2452 2058 παλαιά.
2490 1999 2587 2054 Διὰ
2617 2005 2771 2056 τοῦτο
2843 1999 2942 2078 γὰρ
2995 1999 3031 2065 ἠ
3086 1996 3176 2053 νέα
3229 2011 3439 2077 κρατεῖ,
3494 1994 3575 2086 δτι
3631 1990 3869 2069 βελτίων,

492 2075 662 2158 vietus
690 2102 886 2156 autem
922 2075 1536 2172 ejectumPropterea
1566 2091 1724 2151 enim
1758 2108 1972 2151 novum
2009 2089 2139 2151 vin-

2228 2088 2315 2144 καὶ
2358 2088 2443 2143 ἐπὶ
2498 2085 2757 2165 βελτίοσιν
2823 2075 3164 2166 ἐπαγγελίαις
3223 2075 3447 2146 δέδοται.
3499 2075 3561 2141 Ἠ
3633 2081 3688 2137 δὲ
3746 2079 3871 2172 βελέ

492 2184 600 2260 cit,
637 2182 773 2264 quia
800 2169 1175 2263 praestantius
1231 2186 1290 2240 et
1335 2169 1419 2238 de
1468 2178 1971 2259 prazstantioribus
1997 2194 2139 2257 pro-

2226 2177 2370 2264 τίους,
2396 2176 2596 2257 ἔχουσα
2627 2178 2721 2241 τὰς
2751 2175 3096 2257 ἐπαγγελίας,
3156 2174 3242 2233 ὅτι
3300 2175 3519 2233 Βελτίων
3550 2172 3684 2248 ἐστὶ,
3721 2169 3875 2227 παντί

491 2263 693 2334 missis
722 2272 930 2333 datum
965 2278 1056 2331 est
1087 2287 1100 2328 :
1168 2267 1547 2329 manifestum
1581 2275 1670 2328 est
1699 2276 1895 2329 autem
1920 2267 2143 2349 ubique
2221 2288 2325 2322 που
2356 2263 2540 2333 δῆλον,

487 2359 864 2442 praestantius
877 2358 1171 2439 essequod
1187 2356 1596 2438 prastantiora
1606 2355 2136 2438 habeatpromissa.

1124 2457 1367 2524 CAPUT
1412 2456 1513 2520 XI.

2836 2465 3088 2521 ΚΕΦΑΛ.
3136 2449 3247 2534 ιΑ’,

484 2560 873 2625 Excellentia
913 2560 1057 2622 novi
1106 2559 1448 2621 testamenti
1474 2573 1662 2637 supra
1692 2563 1860 2619 vetus
1887 2564 2139 2637 propter

2228 2577 2257 2609 ιι
2295 2545 2563 2636 ’Υπεροχή
2592 2557 2690 2623 τῆς
2720 2555 2959 2637 δευτέρας
3003 2556 3260 2630 διαθήκης
3303 2556 3433 2635 ὑπὲρ
3460 2556 3559 2623 την
3588 2550 3866 2633 προτέραν,

759 2640 1262 2721 propitiationem
1290 2644 1347 2700 et
1377 2636 1897 2699 sanctimoniam.’
2006 2636 2013 2637 “

2651 2637 2706 2693 ἐν
2734 2636 2948 2713 ἱλασμῷ
2975 2640 3061 2695 καὶ
3106 2640 3374 2718 ἁγιασμῷ.
3410 2657 3440 2697 ι

569 2741 722 2817 VIII,
759 2744 890 2806 7-9.
918 2744 998 2806 Et
1028 2744 1192 2806 enim
1230 2742 1284 2803 si
1312 2741 1488 2821 prius
1508 2740 1671 2802 illud
1690 2738 1812 2802 tale
1832 2738 2045 2819 fuisset
2075 2747 2139 2802 ut

2308 2761 2332 2793 ιι
2370 2740 2429 2795 Εἴ
2454 2740 2553 2819 γὰρ
2634 2741 2670 2809 ἡ
2726 2740 2914 2819 πρώτη
2974 2739 3147 2808 ἐκείνη
3216 2740 3282 2808 ἧν
3348 2738 3607 2814 ἄμεπτος,
3668 2739 3761 2794 οὐκ
3810 2737 3873 2795 ἂν

483 2830 643 2894 nihil
663 2835 730 2894 in
741 2850 808 2894 eo
823 2828 1585 2914 possitreprehendi,haud
1602 2846 1907 2909 quaquam
1927 2830 2139 2907 fuisset

2222 2826 2462 2909 δευτέρας
2520 2828 2765 2901 ἐζητεῖτο
2853 2830 3042 2894 τόπος.
3103 2830 3456 2910 Μεμφόμενος
3523 2829 3622 2907 γὰρ
3691 2831 3875 2894 αὐτοῖς

486 2921 742 2983 secundo
759 2925 1045 3000 quaesitus
1065 2922 1250 2983 locus.
1272 2921 1428 2980 Nam
1450 2920 1742 2981 incusans
1755 2935 1850 2980 eos
1873 2918 2139 2998 loquitur

2222 2918 2365 2998 λέγει
2412 2939 2426 2954 ⁸
2488 2919 2618 2979 Ἰδοὺ
2675 2922 2868 3002 ἡμέραι
2965 2921 3240 3002 ἔρχονται,
3300 2920 3444 3001 λέγει
3505 2920 3715 3000 Κύριος,
3776 2918 3873 2976 καὶ

488 3009 613 3071 illis
640 3031 652 3067 :
678 3009 839 3072 Ecce
854 3011 981 3071 dies
1002 3007 1429 3088 veniunt,dieit
1457 3008 1844 3075 Dominus,et
1866 3023 2139 3069 consum-

2221 3006 2515 3066 συντελέσω
2565 3008 2651 3066 ἐπὶ
2695 3012 2787 3066 τὸν
2836 3013 2988 3069 οἷκον
3058 3008 3274 3091 Ἰσραὴλ
3345 3011 3433 3067 καὶ
3502 3008 3587 3066 ἐπὶ
3643 3010 3735 3064 τὸν
3787 3008 3876 3064 οἷ-

487 3098 663 3160 mabo
682 3117 865 3176 super
894 3098 1140 3161 domum
1168 3098 1363 3161 Israel
1405 3103 1461 3159 et
1490 3113 1670 3177 super
1700 3095 1947 3157 domum
1976 3094 2138 3157 Juda

2221 3119 2314 3155 κον
2372 3095 2539 3155 Ἰούδα
2594 3096 2847 3170 διαθήκην
2905 3101 3120 3175 καινὴν,
3181 3104 3242 3159 οὗ
3304 3099 3439 3156 κατὰ
3492 3099 3593 3166 τὴν
3681 3094 3874 3167 διαθή-

492 3196 915 3283 testamentum
946 3206 1162 3283 novum
1175 3205 1320 3263 ,mm
1334 3189 1529 3283 juxta
1548 3191 1969 3283 testamentum
1983 3183 2138 3283 quod

2221 3208 2321 3254 κην
2388 3187 2454 3255 ἣν
2512 3186 2737 3256 ἐποίησα
2804 3202 2922 3253 τοῖς
3000 3189 3259 3270 πατράσιν
3346 3188 3517 3246 αὒτῶν
3587 3186 3641 3243 ἐν
3698 3185 3877 3265 ἡμέρᾳ

489 3277 765 3357 disposui
783 3277 1066 3356 patribus
1088 3278 1333 3339 illorum
1355 3279 1421 3337 in
1439 3274 1537 3336 die
1555 3291 1691 3336 cum
1721 3273 2136 3354 apprehende-

2221 3273 2605 3353 ἐπιλαϐομένου
2684 3300 2785 3354 μου
2852 3283 2950 3346 τῆς
3018 3280 3201 3359 χειρὸς
3306 3278 3506 3357 αὐτῶν,
3591 3274 3876 3356 ἐξαγαγεῖν

487 3383 615 3427 rem
645 3383 900 3428 manum
951 3367 1228 3440 illorum,
1288 3373 1357 3427 ut
1405 3365 1723 3426 educerem
1754 3380 1853 3424 eos
1881 3364 1950 3424 de
1972 3370 2139 3424 terra

2221 3367 2408 3430 αὐτοὺς
2452 3365 2513 3423 ἐκ
2554 3372 2655 3446 γῆς
2704 3368 2990 3446 Αἰγύπτου,
3055 3358 3189 3427 "Ott
3246 3369 3391 3426 αὐτοὶ
3449 3369 3544 3424 οὐκ
3599 3365 3873 3442 ἐνέμειναν

485 3454 747 3535 Αέθῃρίὶ
778 3472 796 3515 :
828 3457 1113 3533 quoniam
1143 3458 1260 3535 ipst
1279 3471 1403 3516 non
1427 3457 1818 3533 perstiterunt
1851 3454 1918 3512 in
1949 3458 2136 3514 testa-

2222 3456 2282 3513 ἐκ
2322 3462 2392 3533 τῇ
2446 3454 2674 3535 διαθήκῃ
2744 3480 2868 3535 μου,
2928 3458 3080 3539 κάγὼ
3133 3457 3384 3535 ἠμέλησα
3456 3459 3652 3532 αὐτῶν,
3724 3454 3873 3534 λέγει

486 3552 688 3605 mento
716 3560 868 3619 meo,
902 3550 957 3605 et
976 3544 1278 3625 neglectui
1296 3561 1394 3605 eos
1414 3541 1621 3620 habui,
1648 3542 1797 3602 dicit
1825 3539 2134 3603 Dominus.
2225 3544 2437 3624 Κύριος.
2477 3567 2505 3599 »

574 3630 635 3694 Si
664 3631 836 3707 nihil,
868 3632 1081 3713 inquit,
1111 3633 1198 3693 illi
1224 3632 1432 3707 defuit,
1474 3630 1525 3692 si
1556 3629 2137 3718 inculpatos_habuit

2302 3635 2360 3691 Εἰ
2429 3633 2574 3691 οὐδὲν
2629 3636 2781 3716 εἶχε,
2857 3638 3040 3718 φησὶν,
3122 3634 3388 3712 ἐλλειπές,
3447 3637 3491 3693 εί
3547 3634 3870 3711 ἀμέμπτους

483 3721 785 3795 homines,
824 3722 1123 3802 quomodo
1152 3721 1234 3782 ita
1263 3720 1610 3799 abrogatum
1646 3720 1778 3780 est?
1814 3739 1839 3775 ιι
1874 3716 2021 3778 Nam
2047 3719 2134 3779 in-

489 3829 702 3872 cusans
732 3828 859 3873 eos.
900 3835 925 3866 ››
982 3811 1125 3873 Eos.
1172 3808 1380 3882 Quos?
1430 3810 1669 3872 Judaeos
1715 3807 1815 3887 qui
1859 3807 1916 3867 in
1948 3809 2134 3869 veteri

482 3907 838 3961 testamento
892 3899 1053 3978 leges
1091 3898 1499 3978 suscipiebant
1529 3905 1586 3959 et
1616 3895 2127 3975 gubernabantur.

489 4010 513 4044 ι
552 3988 708 4049 Ecce
738 3987 866 4049 dies
913 3986 1180 4049 veniunt.
1214 4013 1240 4044 ι)
1272 3990 1594 4067 Postquam
1655 4004 1763 4066 per
1793 3986 1977 4046 multa
2004 4005 2135 4066 quae

483 4077 778 4156 promissa
806 4084 945 4137 sunt
1000 4077 1248 4137 astruxit
1305 4094 1518 4137 novum
1551 4077 1687 4135 577
1715 4083 2133 4136 testamentum

2215 3721 2381 3779 ἐποίει
2412 3724 2532 3787 τοὺς
2577 3723 2904 3805 ἀνθρώπους,
2950 3727 3066 3791 πῶς
3118 3725 3285 3791 οὕτως
3340 3723 3594 3804 διεῤῥύης
3646 3747 3668 3779 ι
3705 3730 3872 3799 Μεμ-

2214 3812 2440 3890 φόμενος
2470 3815 2570 3893 γὰρ
2595 3815 2802 3880 αὐτοῖς.
2840 3838 2864 3874 ι)
2903 3815 3119 3879 Αὐτοῖς.
3174 3817 3288 3874 Τίσι
3321 3834 3337 3896 ς
3392 3825 3521 3877 Τοῖς
3564 3814 3615 3870 ἐν
3656 3818 3724 3890 τῇ
3752 3835 3873 3869 πα-

2212 3898 2337 3973 λαιᾷ
2406 3904 2870 3980 νομοθετουμένοις
2923 3907 3011 3962 καὶ
3100 3903 3513 3981 διευθυνομένοις
3573 3899 3872 3967 Ἰουδαίοις,

2224 4010 2248 4046 ι
2287 3988 2416 4049 Ἰδοὺ
2446 3994 2633 4072 ἡμέροι
2678 3993 2948 4075 ἔρχονται.
3014 4018 3042 4050 α
3074 3996 3223 4053 Μετὰ
3275 3996 3337 4050 τὸ
3393 3992 3478 4050 διὰ
3554 3990 3772 4050 πολλῶν
3817 3993 3877 4050 ἐν

2214 4092 2334 4145 τοῖς
2366 4079 2475 4137 ἅνω
2518 4085 2905 4145 κατασκευάσαι
2934 4085 3033 4153 τὴν
3082 4084 3201 4141 νέαν
3270 4086 3370 4151 τῆς
3429 4087 3660 4146 παλαιᾶς
3704 4083 3877 4159 ἀμεί-

482 4164 860 4242 praestantius
871 4183 1003 4226 esse
1016 4165 1381 4230 veteri,nunc
1393 4164 1655 4245 apertius
1671 4182 1904 4244 quoque
1917 4163 2134 4226 veteris

2221 4188 2312 4249 νω,
2385 4176 2473 4226 νῦν
2545 4179 2780 4251 φανερῶς
2846 4175 2934 4229 καὶ
3016 4174 3114 4242 τὴν
3197 4170 3425 4241 ἐκϐολὴν
3481 4173 3577 4241 τῆς
3634 4170 3880 4237 παλαιᾶς

484 4253 842 4331 ejectionem
867 4254 1146 4333 suggillat
1185 4271 1197 4316 :
1235 4272 1436 4315 verum
1486 4254 1601 4314 hoc
1632 4272 1747 4313 non
1781 4253 1904 4313 suis
1934 4252 2133 4316 verbis

2221 4255 2487 4338 κωμῳδεῖ,
2534 4258 2653 4316 ἀλλ’
2684 4265 2776 4319 οὒκ
2806 4261 2896 4340 ἀφ’
2927 4263 3113 4319 ἑαυτοῦ
3141 4271 3298 4321 τοῦτο
3326 4274 3496 4336 ποιεῖ,
3529 4260 3623 4315 ἵνα
3653 4261 3734 4337 μὴ
3767 4258 3877 4339 γέ-

480 4341 623 4421 agit,
658 4361 733 4402 ne
760 4342 1044 4405 molestus
1074 4342 1171 4417 sit,
1192 4343 1630 4405 sedleremiam
1659 4341 1884 4421 profert
1906 4341 1965 4403 in
1998 4361 2130 4403 me-

2221 4367 2369 4411 νηται
2398 4350 2669 4427 φορτικὸς,
2711 4352 2803 4406 τὸν
2845 4347 2900 4405 δὲ
2965 4342 3215 4431 Ἰερεμίαν
3258 4352 3544 4430 παραφέρει
3575 4348 3805 4428 λέγοντα
3856 4369 3876 4385 ⁸

476 4431 642 4491 dium
676 4448 694 4492 :
735 4432 836 4493 «In
863 4431 962 4493 die
992 4450 1126 4492 cum
1153 4432 1730 4513 apprehenderem.»
1775 4429 1842 4491 In
1874 4430 2000 4511 illo,
2035 4431 2131 4491 in-

2221 4452 2249 4494 (
2307 4433 2397 4491 Ἐν
2452 4436 2623 4516 ἡμέρᾳ
2688 4429 3075 4516 ἐπιλαϐομένου
3132 4463 3257 4515 μου,
3318 4429 3346 4496 ί
3406 4429 3495 4496 Ἐν
3550 4445 3619 4515 τῇ
3690 4437 3882 4515 ἡμέρᾳ

477 4518 733 4599 quit,die
755 4538 872 4600 quo
902 4520 1275 4600 apprehendi
1307 4539 1549 4583 manum
1580 4520 1848 4600 ipsorum
1885 4527 1947 4579 ut
1976 4520 2127 4581 edu-

2221 4522 2404 4602 ἒκείνῃ,
2454 4527 2635 4603 φησὶν,
2695 4527 2750 4583 ἐν
2780 4529 2817 4604 ᾗ
2887 4527 3227 4605 ἐπελαθόμην
3280 4528 3377 4597 τῆς
3446 4528 3666 4608 χειρὺςη
3691 4528 3881 4584 αὐτῶν

480 4627 683 4670 (ΞΘΓΘῙΠ
719 4627 821 4670 eos
852 4608 1117 4697 deterra
1145 4608 1399 4690 Egypti.
1432 4611 1521 4673 Ne
1560 4608 2007 4697 suspicarentur
2037 4617 2128 4670 te-

2221 4612 2295 4668 ἐπὶ
2338 4619 2413 4687 τῷ
2442 4612 2721 4694 ἐξαγαγεῖν
2773 4617 2958 4683 αὐτοὺς
3017 4617 3078 4674 ἐκ
3131 4623 3233 4697 γῆς
3291 4605 3578 4696 Αἰγύπτου.
3628 4605 3757 4673 υΙνα
3790 4616 3883 4691 μὴ

473 4697 758 4759 stamenti
778 4695 1131 4777 ejectionem
1153 4716 1283 4759 esse
1306 4697 1462 4779 quod
1484 4706 1689 4777 pactus
1712 4695 1974 4758 estDeus
1996 4715 2126 4758 cum

2221 4700 2547 4771 5πονοήσωσι
2605 4708 2704 4771 τῆς
2764 4708 2894 4783 πρὸς
2964 4708 3058 4762 τὸν
3130 4695 3377 4785 ’Ἀϐραάμ
3398 4703 3656 4775 διαθήκης
3712 4702 3883 4761 εἶναι

476 4787 781 4851 Abraham
812 4805 827 4849 ε
853 4790 1005 4851 Nam
1030 4787 1145 4875 hoc
1162 4788 1238 4849 ad
1264 4784 1560 4875 Christum
1582 4786 1799 4847 factum
1818 4793 1944 4848 erat
1964 4806 1984 4875 7:
2014 4808 2039 4846 ι
2061 4785 2133 4847 Et

2221 4789 2307 4856 τὴν
2361 4787 2587 4861 ἐκϐολήν
2623 4807 2636 4822 '
2703 4795 2776 4857 εἰς
2847 4797 3070 4875 Χριστὸν
3154 4784 3253 4874 γὰρ
3338 4795 3514 4861 ἐκείνη
3580 4792 3826 4872 ἐγεγόνει
3856 4807 3873 4822 ⁹

475 4875 693 4938 semini
727 4883 850 4955 tuo,
886 4874 1242 4966 inquit,qui
1279 4885 1369 4966 est
1396 4874 1789 4966 Christusiil’r;
1828 4899 1851 4931 η
1889 4874 2131 4966 subjun-

2221 4894 2244 4935 I
2282 4879 2380 4935 Καὶ
2424 4877 2687 4959 σπέρματί
2710 4903 2803 4939 σου
2827 4874 2951 4964 γὰρ,
2999 4885 3179 4966 φησὶν,
3243 4883 3301 4947 ὅς
3357 4884 3469 4941 ἐστι
3514 4881 3739 4963 Χριστός
3765 4901 3783 4916 '
3837 4904 3876 4938 ι

476 4966 562 5044 git
589 4966 759 5046 cujus
790 4964 1131 5027 testamenti
1160 4965 1409 5045 rejectio
1460 4963 1655 5027 fuerit.
1689 4963 1832 5044 Ejus
1862 4964 1946 5026 ait
1966 4967 2128 5045 quod

472 5054 536 5114 in
557 5054 755 5116 Exodo
779 5072 885 5135 per
904 5058 1128 5117 Mosem
1167 5054 1456 5117 sancitum
1491 5062 1603 5116 est.
1631 5053 1899 5116 Dicendo
1922 5053 2083 5116 enim
2109 5074 2123 5112 :

472 5141 602 5204 Non
658 5143 827 5222 juxta
878 5151 1295 5206 testamentum
1328 5143 1499 5220 illud,
1543 5143 1804 5205 ostendit
1830 5144 2127 5223 rejectum

475 5249 629 5307 esse,
664 5241 941 5311 tanquam
984 5233 1251 5296 diceret:
1286 5233 1462 5295 Altud
1490 5232 1644 5294 dabo
1676 5240 2118 5309 testamentum,

472 5338 593 5380 non
614 5320 784 5400 quale
802 5320 924 5397 jam
965 5321 1102 5387 dedi
1130 5344 1146 5399 ;
1170 5322 1318 5385 illud
1343 5322 1503 5385 enim
1539 5329 1780 5403 propter
1809 5339 1977 5384 suam
2005 5321 2123 5382 im-

470 5407 856 5470 becillitatem
910 5427 944 5469 a
975 5428 1071 5471 me
1122 5412 1415 5490 rejectum
1475 5421 1586 5473 est.
1629 5437 1655 5466 a
1687 5409 1976 5482 Quoniam
2008 5410 2145 5492 ipsi.

472 5517 590 5559 non
623 5495 1030 5578 perstiterunt.
1071 5524 1099 5555 »
1137 5499 1303 5571 Quod
1367 5501 1464 5563 hic
1527 5500 1752 5563 dictum
1802 5508 1892 5561 est
1944 5501 2124 5563 veluti

473 5605 650 5650 causa
673 5595 732 5650 et
757 5587 1073 5668 responsio
1112 5598 1224 5666 est,
1259 5608 1367 5652 cur
1396 5609 1431 5652 a
1456 5590 1579 5654 Deo
1610 5588 1909 5671 neglectui
1940 5590 2125 5654 habiti

547 5750 613 5804 55
640 5751 683 5819 G
732 5749 833 5816 lat.
864 5766 953 5833 ui,
982 5753 1046 5813 6.

2211 4967 2395 5046 ἐπάγει
2435 4970 2587 5035 ποίας
2645 4969 2901 5045 διαθήκης
2960 4974 3176 5054 γέγονεν
3233 4971 3453 5044 ἐκϐολή,
3502 4973 3609 5041 Τῆς
3667 4972 3722 5029 ἓν
3800 4977 3887 5050 τῇ

2211 5056 2391 5133 ὲξόδῳ,
2476 5062 2628 5140 φησὶ,
2700 5059 2785 5119 διὰ
2828 5064 3060 5129 Μωσέως
3112 5063 3428 5144 γενομένης.
3491 5063 3579 5138 Τῷ
3621 5063 3720 5142 γὰρ
3800 5062 3883 5119 εἰ.

2208 5160 2357 5221 πεῖν,
2416 5152 2488 5207 Οὐ
2542 5152 2678 5208 κατὰ
2717 5153 2817 5221 τὴν
2899 5152 3155 5226 διαθήκην
3203 5154 3432 5226 ἐκείνην,
3493 5152 3750 5212 δείκνυσιν
3784 5152 3888 5208 ἐκ-

2205 5234 2564 5315 ϐεϐλημένην,
2610 5243 2734 5299 ὡσεὶ
2774 5243 2953 5324 ἔλεγεν
2989 5264 3002 5280 ·
3082 5236 3301 5312 "AM-qv
3352 5244 3507 5302 δώσω
3575 5242 3880 5320 διαθήκην,

2206 5328 2309 5406 οὐχ
2352 5326 2474 5383 οἵαν
2504 5328 2673 5387 ἔδωκα
2702 5329 2830 5399 ἤδη.
2866 5333 3077 5401 Ἐκείνη
3119 5335 3221 5413 γὰρ
3277 5332 3363 5389 διὰ
3418 5335 3479 5390 τὸ
3522 5330 3731 5398 ἀσθενὲς
3764 5337 3886 5392 αὒ-

2204 5421 2329 5493 τῆς,
2362 5414 2680 5501 ἐκᾷέϐληται
2724 5420 2850 5501 παρ’
2891 5422 3043 5499 ἐμοῦ.
3095 5412 3143 5478 «⁷
3188 5412 3318 5482 "On
3340 5423 3497 5479 αὐτοῦ
3526 5424 3618 5479 οὐκ
3645 5420 3889 5498 ἐνέμει-

2207 5528 2322 5566 ναν.
2358 5528 2383 5562 ι
2437 5497 2655 5590 (Ὠσπερ
2683 5497 2944 5591 ἁπολογία
2987 5511 3097 5570 ἐστὶ
3125 5521 3219 5585 τῆς
3262 5510 3511 5589 ἀμελείας
3567 5518 3659 5567 τοῦ
3730 5497 3889 5569 Θεοῦ

2204 5597 2267 5653 τὸ
2309 5597 2585 5674 εἰρημένοι
2620 5615 2633 5629 '
2690 5590 2877 5679 “Ott,
2910 5603 3092 5682 φησὶν,
3139 5603 3282 5661 αὐτοὶ
3337 5606 3431 5661 οὐκ
3488 5599 3768 5679 ἐνέμειναν
3820 5603 3890 5657 ἐν
