4132 6426
225 379 332 454 365

1298 397 1697 464 COMMENT.
1744 397 1830 461 IN
1872 395 2118 461 EPIST.
2168 396 2268 461 AD
2312 399 2544 463 HEBB.

3496 396 3615 465 366

218 519 530 613 firmae-dx“
560 548 689 604 μου.
745 516 987 607 ’Ἠρξατο
1039 529 1140 610 γὰρ
1182 527 1235 596 ἐξ
1292 531 1467 588 αὖτῶν
1498 532 1533 598 ἦ
1590 530 1861 611 παρακοὴ,

1954 528 2089 592 sint.
2148 528 2441 603 Quoniam
2512 527 2651 611 ipsi,
2732 528 2945 610 inquit,
3011 548 3132 593 non
3218 530 3614 613 perstiterunt

221 612 303 668 καὶ
328 611 493 681 οὕτως
520 617 554 686 ἡ
586 622 680 674 τοῦ
705 624 838 676 Θεοῦ
867 618 1091 694 ἀμέλεια
1119 617 1569 688 ἐπηκολούθησεν.

1953 616 2015 680 in
2048 625 2401 683 testamento
2459 637 2615 683 meo.
2672 617 2762 682 Ab
2818 618 2965 701 ipsis
2996 638 3254 703 namque
3293 627 3490 703 coepta
3518 629 3611 685 est

220 698 646 790 inobedientia,
679 713 739 769 et
766 706 847 770 ita
875 716 1263 772 consecutum
1294 713 1385 771 est
1413 716 1480 773 ut
1510 728 1546 771 a
1570 707 1694 772 Deo
1731 707 2036 790 neglectui
2068 708 2449 773 haberentur.

306 813 330 846 ι
368 781 497 852 ’Ὁτι
540 781 675 864 αὕτη
746 797 783 865 ἦ
838 794 1066 870 διαθήκη
1121 821 1223 876 μου
1276 799 1345 868 ἢν
1424 797 1739 876 διαθήσομαι
1796 781 1874 874 τῶ

219 875 354 954 οἴκῳ
423 879 638 963 Ἰσραὴλ
710 887 847 963 μετὰ
900 888 996 951 τὰς
1101 875 1309 966 ἡμέρας
1399 875 1651 965 Excivere.
1727 887 1871 967 λέγει

218 968 425 1048 Κύριος.
481 970 649 1038 διδοὺς
724 977 919 1053 νόμους
1013 986 1118 1054 μοῢ
1187 979 1258 1043 εἷς
1306 979 1406 1046 τὴν
1463 976 1698 1037 διάνοιαν
1780 977 1870 1034 αὖ·

212 1058 340 1134 τῶν,
398 1062 487 1118 καὶ
580 1063 668 1121 ἐπὶ
736 1063 948 1145 καρδίας
1006 1068 1177 1125 αὐτῶν
1274 1065 1555 1146 ἐπιγράψω
1655 1066 1861 1131 αὐτούς.

212 1147 313 1204 Καὶ
374 1146 562 1226 ἔσομαι
620 1152 807 1216 αὐτοῖς
880 1156 954 1218 εἷς
1042 1156 1197 1230 Θεὸν,
1257 1157 1347 1213 καὶ
1433 1156 1579 1213 αὐτοὶ
1662 1154 1868 1213 ἔσονταί

209 1257 305 1311 μοι
358 1238 430 1304 εἷς
502 1237 653 1303 λαόν.
716 1244 815 1301 Καὶ
872 1247 933 1302 ού
1002 1243 1080 1321 μτὶ
1138 1241 1413 1316 διδάξωσιν
1483 1244 1706 1311 ἕκαστος
1775 1245 1866 1301 τὸν

205 1325 429 1415 πλησίον
480 1329 663 1395 αὐτοῦ.
745 1334 834 1391 καὶ
889 1332 1111 1399 ἕκαστος
1182 1335 1274 1390 τὸν
1371 1332 1597 1415 ἀδελφὸν
1684 1334 1862 1415 αὐτοῦ,

211 1412 404 1493 λέγων,
480 1423 646 1476 Γνῶθι
706 1422 797 1478 τὸν
855 1423 1093 1503 ,Κύριοη
1169 1421 1250 1479 ὅτι
1330 1412 1524 1485 πάντες
1607 1412 1865 1494 εἷδήσουσί

214 1525 287 1578 με
351 1505 459 1562 ἀπὸ
512 1516 704 1588 μικροῦ
762 1512 954 1574 αὐτῶν.
1024 1510 1125 1578 ἕως
1206 1510 1443 1590 μεγάλου
1515 1515 1707 1589 αὐτῶν,
1783 1509 1864 1568 ὅτι

213 1591 376 1657 ’ἵλεως
474 1594 663 1673 ἔσομαι
762 1613 882 1666 ταῖς
963 1598 1187 1666 ἀδικίαις
1272 1601 1471 1676 αὐτῶν,
1574 1603 1665 1659 καὶ
1759 1606 1865 1658 τῶν

215 1682 486 1762 ἁμαρτιῶν
540 1691 714 1747 αὐτῶν
767 1692 856 1745 καὶ
910 1697 1015 1748 τῶν
1099 1691 1335 1766 ἀνομιῶν
1428 1692 1597 1748 αὐτῶν
1661 1691 1722 1747 οὒ
1788 1690 1867 1766 μὴ

2035 795 2189 875 VIII,
2231 799 2440 864 10-13.
2491 798 2658 863 Nam
2717 799 2825 862 hoc
2879 806 2965 862 est
2996 804 3422 865 testamentum
3451 801 3611 883 quod

1951 886 2276 967 disponam
2309 889 2520 952 domui
2545 888 2742 953 Israel
2793 893 2927 968 post
2954 888 3080 952 dies
3109 889 3270 967 illos,
3303 890 3457 954 dicit
3484 890 3610 953 Do-

1950 981 2176 1059 minus,
2208 979 2364 1041 dans
2394 977 2550 1059 leges
2580 996 2748 1042 meas
2777 984 2846 1041 in
2872 985 3129 1045 mentem
3165 979 3435 1063 illorum,
3468 982 3612 1044 etin
3678 1042 3679 1045 η

1949 1065 2135 1129 eorde
2162 1084 2373 1130 eorum
2425 1068 2759 1131 inscribam
2810 1066 2949 1130 illas
2983 1086 2997 1131 :
3028 1075 3087 1132 et
3116 1086 3218 1131 ero
3245 1070 3392 1150 ipsis
3424 1071 3609 1150 Deus,

1947 1158 2006 1215 et
2034 1155 2152 1233 ipsi
2203 1163 2382 1220 erunt
2436 1156 2591 1220 mihi
2638 1156 2930 1239 populus.
2989 1156 3079 1219 Et
3120 1176 3243 1221 non
3293 1156 3609 1237 docebunt,

1947 1249 2198 1324 quisque
2224 1248 2573 1327 proximum
2604 1264 2786 1309 suum
2829 1253 2891 1308 et
2909 1249 3330 1328 unusquisque
3351 1249 3613 1327 fratrem

1943 1350 2143 1396 suum.
2178 1335 2386 1399 dicens
2417 1354 2435 1399 :
2473 1338 2782 1417 Cognosce
2814 1337 3171 1419 Dominum,
3206 1338 3355 1418 quia
3403 1353 3614 1400 omnes

1944 1432 2303 1501 cognoscent
2351 1443 2448 1488 me
2472 1444 2507 1488 ιι
2536 1424 2765 1506 pusillo
2796 1426 2958 1488 inter
2986 1423 3127 1488 itlos
3154 1443 3347 1508 usque
3368 1425 3451 1488 ad
3470 1442 3609 1488 ma-

1945 1512 2185 1575 ximum
2214 1515 2378 1576 inter
2433 1514 2618 1593 illos;
2675 1515 2964 1594 quoniam
2988 1513 3271 1595 placatus
3298 1532 3403 1578 ero
3431 1533 3615 1597 super

1949 1600 2274 1680 injustitiis
2303 1608 2592 1685 ipsorum,
2621 1609 2679 1666 et
2697 1604 2959 1683 peccatis
2981 1620 3220 1681 eorum,
3244 1609 3301 1667 et
3323 1604 3615 1684 iniquita-

1952 1695 2080 1752 tum
2127 1708 2332 1754 eorum
2383 1711 2507 1756 non
2562 1691 2926 1755 recordabor
2981 1691 3268 1774 amplius.
3322 1692 3444 1756 Per
3499 1694 3610 1757 hoc

218 1776 433 1864 μνησθῶ
476 1774 576 1835 ἔτι.
612 1774 703 1834 Ἐν
758 1784 836 1853 τῷ
892 1778 1066 1859 λέγειν
1120 1780 1334 1858 καινὴν,
1397 1778 1742 1837 πεπαλαίωκε
1772 1780 1866 1847 τὴν

1954 1780 2116 1859 quod
2141 1781 2295 1844 dicit
2340 1786 2605 1857 novum,’
2623 1783 2967 1861 antiquanit
2988 1785 3195 1862 prius.
3229 1782 3422 1845 Porro
3447 1784 3616 1864 quod

218 1860 454 1939 πρώτην.
516 1867 587 1922 Τὸ
658 1862 713 1923 δὲ
765 1866 1156 1944 παλαιούμενον
1238 1870 1325 1925 καὶ
1379 1869 1645 1948 γήράσκον
1714 1868 1871 1948 ἐγγὺς

222 1948 535 2031 ἀφανισμοῦ.
584 1978 613 2011 »

307 2024 615 2112 ι’ὶότιαότη
638 2046 674 2114 ἡ
696 2042 983 2118 διαθήκη.»
1037 2051 1205 2116 Αὕτη,
1224 2050 1356 2106 Ποία
1392 2068 1408 2131 ;
1439 2039 1867 2128 Ἦξνέαξδηλαδὴ.

235 2131 408 2219 altera
435 2132 526 2196 τὰς
553 2133 755 2214 ἡμέρας
804 2135 1068 2202 ἐκείνας.»
1125 2138 1300 2195 Πούαο
1352 2136 1594 2219 ἡμέρας
1627 2137 1732 2202 Τὰς
1775 2142 1871 2204 τῆς

231 2216 426 2310 Ίἐξόδου,
470 2221 523 2278 ἰν
552 2226 640 2288 αἶς
670 2221 858 2283 ἔλαϐον
887 2227 979 2281 τὸν
1008 2227 1191 2301 νόμον.
1244 2225 1425 2291 Διδοὺς
1455 2216 1645 2303 νόμους
1677 2247 1800 2304 μου,
1839 2249 1864 2282 n

244 2306 323 2364 Ην
351 2306 683 2387 διαθήσομαι,
728 2311 901 2379 διδοὺς
932 2317 1129 2392 νομοὺς
1163 2338 1290 2393 μου,
1350 2342 1375 2373 ιι
1413 2318 1511 2376 Καὶ
1580 2315 1666 2373 ἐπὶ
1734 2338 1870 2395 καρ-

224 2393 333 2460 δίας
402 2398 591 2459 αὐτῶν.
631 2424 657 2458 υ
718 2400 848 2461 Οὐδὲ
898 2404 997 2483 γὰρ
1053 2403 1105 2461 ἐν
1178 2406 1454 2485 γράμμασι
1485 2393 1866 2482 νομοθετηθεῒ-

223 2508 319 2544 σαν
372 2487 471 2555 τὴν
527 2490 648 2547 νέαν
698 2489 1092 2572 παρελάϐομεν,
1181 2493 1319 2551 ἀλλὰ
1373 2492 1465 2551 διὰ
1559 2495 1867 2570 Πνεύματος

220 2576 385 2654 ἁγίου.
435 2579 534 2636 Καὶ
563 2587 719 2638 τοῦτο
750 2578 911 2648 δηλοῖ
965 2584 993 2639 ὁ
1061 2584 1285 2663 Χριστὸς
1340 2581 1512 2663 λέγων
1561 2596 1681 2648 τοῖς
1726 2583 1867 2640 ἀπο-

218 2663 446 2730 στόλοις.
488 2690 512 2724 α
549 2666 790 2735 Ἐκεῖνος
826 2669 1136 2752 (τουτέστιν,
1184 2674 1213 2729 ὁ
1255 2671 1628 2752 Παράκλητος)
1680 2671 1866 2746 ἐλθὼν,

216 2753 511 2831 ἀναμνήσει
560 2759 698 2834 ὑμᾶς
756 2761 846 2817 καὶ
902 2758 1090 2827 διδάξει
1165 2763 1302 2837 ὑμᾶς
1390 2762 1582 2820 πάντα.
1622 2784 1646 2821 ι)
1715 2753 1868 2841 ιΟρᾷς

218 2841 302 2900 ὅτι
350 2848 444 2905 οὐκ
500 2846 557 2902 ἐν
614 2848 920 2927 γράμμασιν
988 2852 1024 2920 ἡ
1077 2849 1190 2925 νέα,
1258 2849 1396 2908 ἀλλὰ
1438 2849 1522 2908 διὰ
1565 2851 1868 2926 Πνεύματος

216 2933 414 3015 ἁγίους
467 2935 691 3015 Λογίζου
761 2938 851 2995 οὖν
908 2937 1008 3007 ὅση
1064 2941 1154 2996 καὶ
1211 2942 1247 3008 ἡ
1294 2941 1538 3021 ὑπεροχὴ
1567 2945 1665 3004 τῆς
1724 2939 1864 3004 νέας,

223 3045 249 3078 α
306 3024 403 3080 Καὶ
458 3023 649 3097 ἔσομαι
697 3030 881 3093 αὐτοῖς
952 3030 1026 3092 εἷς
1083 3028 1237 3091 Θεόν.
1275 3051 1300 3088 ο
1355 3018 1498 3087 Ἴ)τῖ
1546 3030 1646 3109 γὰρ
1714 3038 1868 3088 τοῦτο

216 3110 387 3195 ἔστιν,
412 3112 553 3173 ἔνθεν
612 3113 798 3184 δῆλον.
860 3117 947 3183 Τίς
1018 3118 1321 3196 μετέπειθεν
1380 3121 1616 3198 εὐχερῶς
1669 3140 1787 3175 τινα
1814 3117 1870 3174 ἐν

213 3208 290 3280 τῇ
346 3202 548 3277 παλαιᾷ
592 3204 891 3274 ἀποστῆναι
987 3208 1084 3276 τῆς
1195 3206 1324 3272 ἰδίας
1412 3206 1871 3289 δεισιδαιμονίαςς

208 3293 515 3351 τούναντίον
572 3296 673 3371 μὲν
729 3295 816 3354 οὖν
872 3296 979 3354 ἀπὸ
1034 3302 1135 3365 τῆς
1198 3298 1516 3377 θεογνωσίας
1573 3299 1601 3354 ὁ
1632 3296 1867 3376 Ἰσραὴλ,

210 3384 289 3448 εἰς
314 3383 412 3451 τὴν
472 3382 684 3451 πλάνην
743 3386 1063 3461 μετετίθετο.
1140 3409 1168 3442 α
1202 3389 1300 3445 Καὶ
1356 3390 1416 3447 οὐ
1473 3386 1551 3462 μὴ
1609 3383 1871 3451 διδάξωσιν

211 3473 440 3539 ἕκαστος
468 3476 561 3532 τὸν
591 3475 818 3544 πλησίον
847 3482 1026 3540 αὐτοῦ.
1066 3501 1091 3537 ι
1184 3477 1422 3558 Διδαχὴν
1482 3477 1725 3558 ἐνταῦθα,
1769 3477 1869 3544 τὴν

213 3564 607 3644 ἐπιπονωτέραν
678 3563 1014 3624 διδασκαλίαν
1074 3566 1245 3647 λέγει.
1316 3566 1450 3625 Ἰδοὺ
1505 3567 1606 3646 γὰρ
1665 3569 1869 3646 ὁρῶμεν

213 3651 300 3710 ὅτι
326 3651 443 3711 οὔτε
484 3653 748 3712 πλειόνων
795 3654 968 3735 λόγων
1026 3659 1181 3738 χρεία
1236 3658 1367 3736 πρὸς
1426 3658 1546 3721 τοὺς
1603 3656 1868 3735 ὑγιαίνον-

212 3765 310 3807 τας
333 3745 423 3799 τὸν
466 3752 608 3819 νοῦν,
643 3746 716 3808 εἷς
747 3747 807 3801 τὸ
864 3745 1055 3803 πεῖσαι
1111 3746 1378 3803 πιστεύειν
1422 3750 1658 3826 Χριστῷ.
1733 3752 1869 3801 Θεο-

214 3830 442 3890 δίδακτοι
472 3834 574 3913 γὰρ
618 3833 847 3897 ἅπαντές
904 3836 1035 3891 εἰσιν
1091 3833 1376 3915 ἄνθρωποι,
1427 3832 1545 3893 Ἐπὶ
1596 3835 1696 3913 γὰρ
1747 3847 1870 3898 ταῖς

215 3920 449 4002 καρδίαις
495 3928 678 4004 ἡμῶν,
736 3924 855 3988 τοὺς
902 3923 1107 4000 νόμους
1162 3924 1323 3981 αὐτοῦ
1389 3923 1617 4004 ἔγραψεν
1660 3925 1689 3979 ὁ
1736 3930 1869 4003 Χρι-

215 4012 366 4076 σαός.
423 4035 452 4069 α
518 4002 651 4071 ’Ὅτι
719 4013 912 4075 πάντες
970 4010 1232 4084 εἰδήσουσί
1275 4035 1364 4089 με,
1402 4002 1438 4069 »ἡ
1499 4004 1562 4070 ιΗ
1619 4012 1719 4088 μὲν

209 4097 479 4171 Ἰουδϊίκὴ
510 4109 709 4181 γνῶσις
765 4102 855 4158 καὶ
903 4103 1100 4179 πίστις,
1164 4105 1236 4168 εἷς
1282 4104 1407 4178 μίαν
1461 4107 1558 4170 τῆς
1617 4102 1867 4179 οἰκουμέ-

209 4190 308 4258 νῆς
380 4194 575 4268 γωνίαν
634 4188 1038 4266 ἀποκέκλειστο,
1095 4191 1194 4259 τὴν
1251 4191 1632 4259 Παλαιστίνην.
1696 4181 1759 4248 Ἠ
1816 4190 1869 4247 δὲ

214 4284 324 4335 τῶν
393 4282 741 4360 Χριστιανῶν²
789 4278 999 4338 ἅπασαν
1047 4277 1337 4341 ἐπελάϐετο
1391 4282 1490 4349 τὴν
1519 4286 1646 4361 γῆν.
1680 4271 1868 4340 ((Ὀτι

213 4365 384 4434 ἵλεως
412 4368 597 4451 ἔσομαι
655 4383 779 4434 ταῖς
835 4368 1065 4437 ἀδικίαις
1106 4371 1301 4431 αὐτῶν.
1341 4392 1364 4426 ι
1420 4380 1552 4436 Ταῖς
1609 4393 1869 4451 προγενο-

1954 1871 2321 1950 antiquetur
2348 1889 2417 1935 ac
2468 1873 2752 1954 senescit,
2783 1877 2851 1935 in
2872 1873 3223 1953 propinquo
3252 1880 3338 1935 est
3364 1879 3432 1935 ut
3461 1889 3607 1936 eva-

1954 1968 2185 2022 nescat.

2042 2070 2065 2105 α
2099 2052 2252 2114 Nam
2282 2051 2397 2113 hoc
2427 2058 2517 2113 est
2544 2055 2992 2113 testamentum.
3028 2074 3057 2107 ι
3090 2048 3241 2113 Hoc.
3264 2048 3612 2123 Quodnam?

1956 2154 2168 2198 novum
2230 2138 2530 2202 videlicet.
2570 2160 2600 2199 ι
2630 2141 2773 2202 Post
2804 2137 2933 2200 dies
2977 2138 3134 2200 illos.
3172 2162 3202 2195 ι
3246 2136 3404 2211 Quos
3435 2138 3615 2200 dies?

1954 2222 2096 2286 Dies
2126 2228 2487 2307 egressionis
2516 2227 2734 2309 quibus
2762 2227 2954 2307 legem
2984 2233 3371 2309 acceperunt.
3413 2226 3606 2290 «Dans

1955 2312 2120 2392 leges
2149 2335 2336 2380 meas.
2378 2340 2402 2377 ν
2439 2316 2609 2390 Quod
2663 2316 2979 2396 disponam
3022 2315 3170 2378 dans
3222 2315 3389 2395 leges
3418 2333 3610 2379 meas.

1962 2426 1983 2460 σ
2020 2403 2093 2466 Ει
2119 2405 2181 2467 in
2213 2407 2395 2469 corde
2426 2425 2662 2469 eorum.
2701 2431 2728 2463 ιν
2758 2404 2965 2487 Neque
2991 2405 3153 2468 enim
3185 2403 3401 2467 litteris
3421 2403 3618 2467 sanci-

1952 2501 2074 2555 tum
2106 2514 2323 2557 novum
2346 2502 2766 2577 testamentum
2789 2493 3269 2575 accepimus,sed
3288 2513 3399 2575 per
3418 2492 3614 2577 Spiri-

1952 2588 2076 2644 tum
2109 2591 2404 2648 sanctum.
2438 2584 2511 2646 Et
2566 2585 2681 2648 hoc
2739 2583 3075 2646 manifestat
3105 2583 3379 2646 Christus
3402 2582 3616 2647 dicens

1952 2670 2250 2753 Apostolis
2282 2692 2295 2736 :
2354 2694 2385 2735 «
2418 2672 2546 2751 Ille,
2609 2692 2830 2755 nempe
2860 2672 3225 2750 Paracletus,
3258 2690 3396 2734 cum
3429 2690 3617 2736 vene-

1948 2758 2332 2839 rit,suggeret
2358 2761 2524 2824 vobis
2547 2760 2866 2824 etdocebit
2886 2777 2991 2821 vos
3019 2759 3326 2822 omnia56.
3364 2785 3392 2817 ι
3428 2758 3616 2824 Vides

1950 2865 2168 2909 novum
2213 2867 2333 2910 non
2381 2848 2509 2912 dari
2530 2849 2591 2911 in
2619 2849 2857 2925 litteris,
2890 2846 3031 2909 578
3066 2846 3173 2911 sed
3195 2866 3305 2929 per
3329 2845 3610 2928 Spiritum

1949 2937 2578 3001 sanctum?Considera
2588 2938 2772 3016 igitur
2783 2945 3005 3019 quanta
3018 2936 3094 2999 sit
3113 2936 3456 3018 praestantia
3472 2937 3613 2999 novi

1953 3027 2312 3089 testamenti.
2353 3050 2377 3084 ιι
2411 3026 2483 3088 Et
2504 3045 2605 3089 ero
2636 3026 2784 3109 ipsis
2805 3026 2981 3091 Deus.
3017 3049 3041 3085 υ
3064 3028 3212 3090 Nam
3236 3025 3396 3106 quod
3415 3025 3497 3087 ita
3510 3024 3611 3103 sit,

1888 3094 2096 3178 Chinc
2152 3116 2531 3180 manifestum
2591 3094 2701 3180 esi.
2758 3115 2902 3188 Quis
2947 3132 3207 3197 unquam
3253 3094 3435 3177 lacile
3466 3094 3609 3196 per;

1956 3206 2141 3267 suasit
2169 3206 2231 3267 in
2262 3205 2445 3268 veteri
2462 3212 2840 3282 testamcnto,
2866 3212 2931 3267 ut
2953 3204 3294 3268 discederet
3315 3202 3613 3287 quispiam

1955 3314 1988 3357 a
2016 3314 2122 3357 sua
2142 3295 2567 3376 superstitione
2585 3295 2616 3356 ‘?
2642 3295 2784 3377 quin
2804 3298 2998 3376 potius
3020 3313 3053 3357 e
3074 3294 3314 3358 diverso
3336 3312 3372 3357 a
3391 3292 3501 3356 Dei
3521 3312 3620 3356 co-

1953 3384 2220 3463 gnitione
2248 3392 2671 3447 lransmutatus
2714 3393 2806 3447 est
2835 3383 3016 3447 Israel
3046 3384 3121 3447 ad
3150 3402 3445 3446 errorem.
3484 3407 3513 3441 α
3542 3382 3619 3446 Ει

1955 3490 2073 3537 non
2104 3473 2427 3555 docebunt,
2463 3475 2714 3555 quisque
2748 3474 3085 3554 proximum
3110 3491 3347 3536 suum.»
3367 3470 3610 3535 Doctri-

1951 3582 2086 3624 nam
2119 3562 2380 3643 appellat
2408 3563 2521 3625 hoc
2553 3563 2683 3626 loco
2717 3564 2951 3643 plenam
2984 3562 3206 3625 laboris
3242 3563 3611 3625 exhortatio-

1950 3672 2113 3716 nem.
2153 3652 2306 3715 Ecce
2340 3653 2501 3714 enim
2532 3652 2807 3715 videmus
2840 3672 2917 3716 ne
2947 3652 3151 3715 multis
3181 3651 3425 3733 quidem
3456 3671 3610 3733 opus

1951 3761 2084 3804 esse
2114 3742 2491 3804 sermonibus
2514 3743 2672 3823 apud
2702 3742 2838 3804 illos
2859 3741 3113 3827 qui'sani
3133 3748 3272 3803 sunt
3294 3749 3516 3817 mente,
3538 3741 3614 3803 ad

1951 3831 2430 3913 persuadendum
2466 3837 2531 3894 ut
2560 3830 2807 3894 credant
2835 3832 2898 3893 in
2929 3830 3257 3893 Christum.
3293 3827 3605 3911 Siquidem

1951 3939 2162 3983 omnes
2176 3918 2444 3983 homines
2482 3928 2620 3982 sunt
2648 3938 2685 3982 a
2714 3919 2836 3982 Deo
2889 3919 3129 3998 edocti;
3161 3936 3300 3980 nam
3333 3917 3608 3981 Christus

1949 4010 2013 4071 in
2044 4009 2321 4072 cordibus
2378 4010 2597 4074 nostris
2655 4008 2896 4090 scripsit
2950 4009 3114 4088 leges
3162 4026 3322 4087 suas.
3398 4031 3426 4063 α
3460 4006 3609 4081 Quia

1952 4118 2161 4163 omnes
2191 4106 2554 4178 cognoscent
2584 4117 2702 4161 me.
2740 4122 2759 4155 ι
2796 4096 3047 4161 Iudaica
3070 4114 3327 4178 namque
3346 4096 3606 4176 cognitio

1952 4197 2012 4252 et
2041 4189 2190 4252 ﬁdes
2240 4187 2302 4249 in
2354 4207 2536 4250 unum
2588 4186 2750 4250 orbis
2798 4186 3079 4266 angulum
3131 4186 3415 4249 conclusa
3448 4191 3606 4265 erat,

1956 4298 2174 4360 nempe
2203 4279 2576 4341 Palaestinam
2611 4295 2625 4340 :
2659 4276 3133 4341 Christianorum
3189 4293 3328 4340 vero
3359 4275 3605 4338 univer-

1955 4388 2081 4431 sam
2111 4368 2508 4452 apprchendit
2536 4376 2777 4429 terram.
2819 4389 2841 4423 α
2873 4366 3169 4439 Quoniam
3198 4365 3468 4446 placatus
3500 4383 3602 4427 ero

218 4456 430 4532 μέναις.
465 4448 659 4525 ’Ἱλεως
730 4456 785 4516 δὲ
814 4458 1036 4538 γίνεται,
1109 4458 1257 4540 ἀφεὶς
1298 4462 1438 4536 ἡμῖν
1480 4448 1661 4526 αὐτὰς⁷
1696 4448 1752 4518 ἐν
1793 4468 1866 4537 τῷ

1954 4448 2489 4540 ευμεν-ἰηλυειὶιὶὶε
2540 4458 2836 4537 ipsorum.
2873 4478 2901 4517 »
2941 4454 3082 4529 Quae
3138 4462 3602 4537 prmoesserunt.

216 4547 564 4623 βαπτίσματι.
611 4572 633 4605 ι
698 4551 799 4608 Καὶ
840 4555 947 4605 τῶν
1002 4549 1234 4626 ἀνομιῶν
1277 4550 1449 4607 αὐτῶν
1490 4554 1550 4610 οὐ
1597 4550 1678 4627 μὴ
1722 4574 1867 4628 μνη-

215 4638 325 4692 σθῶ
366 4635 467 4701 ἔτι,
505 4660 533 4693 ι
582 4644 698 4697 Τῶν
753 4639 853 4719 γὰρ
923 4638 980 4696 ἐν
1048 4646 1126 4714 τῷ
1174 4640 1499 4716 βαπτίσματι
1544 4639 1860 4720 ἀφεθεισῶν,

209 4734 306 4785 οὔκ
337 4725 414 4785 ἔτι
443 4729 821 4804 μιμνήσκεται.
859 4750 888 4784 ι
913 4728 1004 4787 Ἐν
1030 4732 1110 4803 τῷ
1167 4727 1343 4808 λέγειν
1401 4729 1611 4800 καινήν.
1650 4752 1679 4785 ι
1727 4730 1866 4790 Αύτό

203 4817 306 4895 γὰρ
334 4816 398 4873 τὸ
440 4815 580 4882 ὅλως
611 4817 866 4893 ὀνομάσαι
922 4817 1141 4893 καινὴν,
1202 4818 1302 4886 τὴν
1357 4817 1576 4898 πρώτην
1631 4816 1862 4876 παλαιὰν

196 4905 478 4973 ἐποίησεν,
519 4926 544 4962 α
576 4906 651 4964 Τὸ
679 4903 735 4962 δὲ
765 4903 1152 4982 παλαιούμενον
1208 4906 1296 4961 καὶ
1369 4905 1660 4985 γηράσκον,
1696 4929 1724 4963 ι
1757 4915 1861 4966 Νῦν

188 4990 375 5053 λαϐὼν
444 4992 742 5073 παρῥησίαν
824 4993 967 5072 παρὰ
1051 4999 1144 5050 τοῦ
1198 4994 1498 5075 προφήτου,
1565 4997 1653 5051 καὶ
1706 4995 1863 5060 αὒτὸς

192 5083 574 5164 ἀποφαίνεται.
658 5085 802 5150 Αὕτη
853 5083 1001 5162 ίμὲν,
1084 5084 1236 5165 φησὶ,
1296 5083 1480 5156 καινὴ,
1539 5083 1741 5141 παλαιὰ
1788 5083 1863 5141 δὲ

193 5172 405 5240 ἐκείνη.
468 5176 541 5232 Τὸ
595 5170 651 5228 δὲ
707 5171 1097 5248 παλαιούμενον
1155 5172 1465 5253 ἠφάνισται,
1525 5175 1677 5254 φησί.
1738 5183 1867 5232 Τοι-

188 5268 389 5342 γαροῦν
434 5263 524 5319 καὶ
584 5259 927 5337 ἔκϐἑϐληται,
978 5263 1067 5318 καὶ
1107 5260 1457 5319 καταλέλυται
1508 5261 1570 5318 ἐκ
1648 5262 1741 5320 τοῦ
1770 5266 1869 5343 γή-

192 5372 308 5431 ρως
336 5366 353 5380 ⁸
385 5352 463 5415 ὥς
506 5352 551 5408 εἰ
606 5351 790 5430 ἔλεγεν
824 5368 838 5382 ·
866 5350 981 5409 Οὔκ
1036 5349 1267 5430 ἀκαίρως
1323 5350 1654 5407 κατέπαυσεν
1684 5354 1719 5421 ἡ
1776 5353 1866 5410 νέα

193 5441 291 5496 τὲν
338 5439 596 5523 παλαιὰν²
626 5439 766 5498 ἀλλὰ
796 5438 881 5496 διὰ
906 5441 968 5496 τὸ
1008 5446 1177 5520 γῆρας
1228 5441 1316 5497 καὶ
1371 5445 1472 5508 τὴν
1528 5439 1864 5510 παλαιότητα

188 5530 396 5607 αὐτῆς,
444 5532 679 5589 τουτέστι
739 5527 826 5586 διὰ
878 5530 941 5585 τὸ
995 5528 1207 5593 ἀσθενὲς
1264 5530 1351 5585 καὶ
1392 5526 1679 5609 ἀνωφελές,
1720 5553 1743 5587 ιι
1792 5533 1863 5590 Τὸ

275 5698 348 5753 ³ο
379 5701 552 5767 Joan.
585 5716 712 5779 xxv,
742 5701 847 5767 26.

1950 4547 2220 4611 Placatus
2248 4556 2444 4610 autem
2474 4545 2747 4621 eﬂicitur,
2781 4564 2918 4607 cum
2977 4545 3112 4607 illas
3145 4544 3317 4605 nobis
3349 4543 3606 4623 ignoscit

1948 4637 2010 4700 in
2043 4637 2413 4719 baptismate.
2453 4661 2482 4692 α
2537 4634 2609 4696 Et
2655 4634 3032 4715 iniquitatem
3084 4652 3293 4696 eorum
3355 4650 3476 4693 non
3506 4649 3605 4693 re-

1948 4725 2240 4789 cordabor
2296 4725 2576 4807 amplius.
2636 4745 2664 4784 ι
2729 4723 3040 4804 Siquidem
3104 4741 3309 4786 earum
3354 4739 3487 4803 quae
3539 4721 3603 4782 in

1948 4814 2299 4897 baptismate
2329 4814 2596 4876 remissae
2646 4821 2809 4888 sunt,
2865 4830 2986 4874 non
3030 4809 3441 4873 reminiscitur
3468 4827 3602 4871 am-

1944 4904 2122 4986 plius.
2163 4904 2312 4966 «Per
2329 4904 2441 4966 hoc
2485 4901 2642 4984 quod
2676 4901 2823 4963 dicit
2842 4918 3121 4962 novum.»
3157 4898 3312 4961 Illud
3344 4916 3602 4979 namque

1945 4994 2190 5057 omnino
2249 4993 2310 5055 in
2359 5011 2538 5054 causa
2583 4990 2721 5069 fuit,
2753 5008 2860 5053 cur
2884 4990 3000 5052 hoc
3021 4995 3334 5051 vocaretur
3353 5006 3597 5065 novum,

1951 5085 2210 5163 primum
2242 5090 2437 5146 autem
2467 5089 2655 5144 Vetus.
2697 5105 2722 5135 α
2758 5082 2943 5143 Porro
2977 5077 3134 5161 quod
3164 5077 3505 5159 antiquetur
3533 5094 3603 5139 ac

1950 5173 2228 5236 senescit.
2270 5198 2292 5232 υ
2320 5173 2577 5253 Accepta
2596 5190 2756 5233 nunc
2786 5168 3070 5251 loquendi
3088 5168 3363 5230 libertate
3392 5186 3426 5230 a
3454 5185 3603 5247 pro-

1950 5264 2148 5344 pheta,
2180 5262 2360 5324 etiam
2413 5262 2542 5343 ipso
2600 5257 2868 5322 enuntiat
2899 5275 3190 5339 suamque
3220 5257 3334 5319 fert
3361 5263 3601 5341 senten-

1950 5352 2115 5414 tiam.
2148 5350 2297 5432 Hoc,
2346 5351 2559 5432 inquit,
2591 5367 2806 5412 novum
2854 5358 2966 5425 est,
2992 5348 3140 5410 illud
3161 5356 3360 5410 autem
3389 5354 3554 5409 vetus
3590 5364 3605 5406 :

1948 5460 2126 5522 porro
2144 5442 2299 5522 quod
2322 5442 2639 5503 veterascit
2660 5438 2785 5519 jam
2804 5437 3099 5502 emarcuit
3125 5458 3139 5501 :
3180 5437 3382 5518 itaque
3422 5435 3601 5497 etiam

1945 5531 2240 5612 rejectum
2293 5539 2406 5606 est,
2441 5536 2502 5592 et
2531 5547 2652 5611 prae
2684 5536 2996 5591 senectute
3026 5526 3411 5589 dissolutum.
3444 5524 3608 5587 Tan-
