4132 6454
542 439 661 509 367

1663 440 2078 507 (ECUMENII
2121 436 2419 505 TRICCE
2460 440 2797 506 EPISGOPI

3816 429 3931 498 368

544 595 724 658 quam
780 576 1057 639 diceret:
1110 574 1241 638 Non
1299 575 1722 654 intempestive
1773 593 1989 637 novum
2021 582 2204 637 testa-

2297 575 2390 653 γὰρ
2415 573 2691 649 ἀδύνατον,
2764 575 2921 656 φησὶν
2981 572 3244 656 ἀλλαχοῦ,
3316 576 3410 633 τοῦ
3467 572 3653 652 νόμου,
3695 591 3719 627 ο
3783 566 3835 624 ἐν
3885 567 3930 638 ᾧ

548 681 814 728 mentum
874 684 1111 728 cessare
1172 665 1310 727 fecit
1369 672 1559 740 vetus,
1620 664 1722 728 sed
1755 671 2001 747 propter
2050 663 2207 726 illius

2297 663 2498 730 ἠσθένει
2541 661 2625 721 διὰ
2651 669 2757 733 τῆσ
2783 665 2995 744 σαρκός.

544 763 914 818 senectutem
967 775 1039 818 ac
1086 762 1468 831 vetustatem,
1502 754 1616 816 hoc
1648 761 1737 816 est
1760 746 2009 835 propter
2053 750 2523 815 imbecillitatem
2576 771 2645 816 ac
2697 751 3101 816 inutilitatem.
3140 777 3169 810 α
3200 750 3370 826 Quod
3405 746 3779 833 impossibile
3809 749 3932 809 erat

547 843 684 925 legi.
726 869 752 900 υ
787 844 870 907 ait
896 844 1064 925 alibi,
1100 863 1170 907 ea
1200 853 1365 926 parte
1395 861 1511 925 qua
1540 843 1863 906 imbecillis
1893 851 2020 905 erat
2049 861 2157 923 per
2185 858 2426 903 carnem
2454 841 2541 906 37.
2576 862 2607 903 ι

625 933 724 995 ΙΧ.
759 936 877 999 1-5.
914 934 1184 997 Habebat
1241 936 1439 1013 itaque
1481 935 1671 995 etiam
1716 935 1887 1012 prius
1915 933 2074 995 illud
2108 938 2205 994 ta-

544 1022 939 1086 bernaculum
987 1024 1456 1103 justiﬁcationes
1532 1022 1728 1085 cultus
1806 1039 1875 1084 ac
1930 1027 2208 1084 sanctum

543 1113 952 1177 mundanum.
995 1112 1315 1192 Siquidem
1366 1110 1822 1174 tabernaculum
1861 1117 2207 1174 extructum

547 1201 668 1278 fuit
690 1203 984 1282 primum,
1019 1203 1085 1263 in
1115 1219 1233 1282 quo
1261 1207 1389 1263 erat
1420 1209 1474 1262 et
1518 1200 1767 1263 lucerna
1823 1206 1879 1263 et
1909 1217 2120 1262 mensa
2150 1205 2209 1260 et

540 1292 871 1370 propositio
920 1309 1173 1372 panum,
1227 1308 1361 1371 quae
1391 1298 1611 1353 vocant
1665 1296 1901 1353 sancta.
1937 1291 2081 1351 Post
2106 1305 2206 1350 se-

548 1378 813 1441 cundum
843 1388 1050 1443 autem
1097 1379 1296 1442 velum
1353 1387 1488 1440 erat
1536 1378 2019 1452 tabernaculum,
2054 1379 2209 1457 quod

546 1475 803 1531 vocatur
848 1468 1142 1533 Sanctum
1214 1473 1589 1548 sanctorum,
1666 1485 1921 1531 aureum
1979 1466 2207 1529 habens

547 1556 956 1634 thuribulum,
1019 1565 1077 1619 et
1133 1575 1345 1621 artam
1397 1560 1734 1620 testamenti
1789 1558 2057 1637 undique
2080 1557 2204 1618 cir-

547 1654 901 1710 cumiectam
931 1664 1103 1723 auro,
1140 1649 1209 1710 in
1254 1664 1375 1726 qua
1399 1654 1536 1709 erat
1563 1664 1730 1709 urna
1760 1663 1958 1709 aurea
1977 1644 2207 1708 habens

546 1752 802 1812 manna,
832 1742 889 1800 et
913 1739 1097 1815 virga
1126 1738 1333 1799 Aaron
1364 1753 1499 1818 quis
1555 1737 2034 1815 germinaverat,
2067 1736 2207 1797 379

544 1831 603 1887 et
634 1824 854 1888 tabulae
882 1826 1251 1889 testamenti.
1288 1825 1498 1905 Supra
1546 1825 1705 1888 hanc
1734 1824 2207 1904 autemCheru-

2372 950 2403 992 (
2437 936 2578 1013 Εἱχε
2622 932 2719 1009 μὲν
2747 932 2836 990 οὖν
2870 933 2957 989 καὶ
3012 934 3047 1001 ἡ
3117 932 3303 1004 πρώτη
3366 930 3543 999 σκηνῆ
3602 925 3928 1002 δικαιώματα

2289 1018 2555 1099 λατρείας,
2619 1020 2681 1078 τό
2743 1042 2802 1077 τε
2858 1020 3010 1100 ἅγιον
3079 1021 3361 1098 κοσμικόν.
3420 1022 3605 1087 Σκηνιὶ
3646 1017 3749 1097 γάρ
3797 1035 3928 1071 κατ-

2291 1110 2578 1172 εσκευάσθη
2651 1112 2687 1179 ἡ
2738 1110 2948 1190 πρώτη,
3010 1111 3065 1167 ἐν
3132 1113 3170 1188 ᾗ
3211 1111 3248 1180 ἢ
3311 1132 3369 1167 τε
3455 1108 3671 1190 λυχνία,
3744 1106 3829 1162 καὶ
3894 1105 3928 1170 ἦ

2288 1199 2545 1277 τράπεζα,
2616 1199 2703 1256 καὶ
2757 1201 2792 1267 ἡ
2845 1199 3090 1279 πρόθεσις
3159 1206 3266 1257 τῶν
3321 1198 3515 1281 ἄρτων,
3599 1196 3718 1265 ἥτις
3773 1194 3929 1273 λέγε-

2287 1309 2374 1343 ται
2466 1288 2614 1367 ἁγία,
2715 1288 2861 1349 Metti
2931 1287 2987 1345 δὲ
3071 1291 3134 1346 τὸ
3210 1288 3447 1368 δεύτερον
3529 1284 3930 1359 καταπέτασμα,

2288 1377 2461 1444 σκηνὴ
2519 1379 2553 1445 ἦ
2611 1376 2901 1456 λεγομένη,
2978 1368 3150 1458 υΑγια
3228 1379 3391 1457 ἁγίων
3446 1376 3676 1459 χρυσοῦν
3732 1372 3932 1455 ἔχουσα

2286 1466 2652 1545 θυμιατήριον,
2754 1468 2842 1523 καὶ
2916 1467 3015 1535 τὴν
3137 1466 3364 1525 κιϐωτὸν
3470 1471 3567 1534 τῆς
3678 1462 3932 1533 διαθήκης

2288 1554 2822 1634 περικεκαλυμμένην
2919 1557 3178 1615 πάντοθεν
3260 1556 3481 1637 χρυσίῳ,
3583 1555 3637 1612 ἐν
3712 1554 3750 1630 ᾗ
3801 1551 3933 1609 στά-

2290 1669 2418 1720 μνος
2490 1653 2669 1728 χρυσῆ
2746 1646 2947 1728 ἔχουσα
3000 1651 3061 1707 τὸ
3160 1650 3352 1727 μάννα,
3453 1650 3541 1705 καὶ
3631 1650 3667 1716 ἦ
3752 1642 3935 1725 ῥάϐδος

2290 1731 2497 1814 τΑαρὼν
2525 1739 2560 1805 ἡ
2592 1735 2961 1813 βλαστήσασα,
2991 1739 3078 1795 καὶ
3133 1741 3187 1795 αἱ
3244 1736 3445 1802 πλάκες
3513 1741 3613 1807 τῆς
3647 1734 3931 1805 διαθήκης.

2292 1812 2563 1904 ιι’περέινω
2594 1812 2673 1891 ίδὲ
2732 1827 2918 1901 αὗτῆς,
2993 1826 3255 1906 Χερουϐὶμ
3311 1824 3462 1895 δόξης
3522 1825 3938 1896 κατασκιάζοντα

542 1914 669 1977 bim
690 1915 902 1994 glorias
928 1915 1355 1978 obumbrantia
1382 1899 1888 1995 prapitiatorium
1926 1899 2036 1979 {de
2063 1917 2203 1993 qui-

2297 1915 2349 1970 οὸ
2392 1913 2696 1995 ἱλαστήριον
2725 1930 2740 1947 ⁸
2801 1918 2918 1995 περὶ
2973 1918 3048 1973 ὧν
3106 1917 3201 1974 οὒκ
3256 1916 3366 1974 ἐστι
3424 1922 3513 1972 νῦν
3555 1914 3730 1994 λέγειν
3801 1914 3940 1970 κατὰ

546 2003 656 2065 bus
683 2021 807 2066 non
840 2012 928 2066 est
956 2022 1121 2067 nunc
1151 2004 1473 2067 dicendum
1501 2003 1895 2083 singulatim.

624 2090 901 2155 Ostendit
912 2093 975 2156 iu
988 2093 1402 2175 superioribus
1416 2112 1485 2155 ex
1500 2092 1827 2155 mutatione
1851 2091 2201 2173 sacerdotis,

544 2182 825 2244 sacriﬁcii
848 2195 908 2244 et
932 2182 1459 2262 testamenti,quod
1481 2182 1661 2244 ﬁnem
1686 2182 1987 2262 acceperit
2011 2195 2200 2255 vetus,

545 2273 824 2352 quodque
854 2290 1072 2334 novum
1102 2271 1305 2333 multis
1336 2271 1682 2333 nominibus
1714 2271 1789 2332 sit
1817 2271 1920 2333 illo
1955 2270 2166 2333 melius
2186 2318 2201 2343 ,

547 2377 709 2421 nunc
739 2361 1062 2424 ostendere
1088 2361 1213 2423 vult
1242 2379 1312 2422 ex
1342 2360 1471 2441 ipsa
1500 2360 1891 2441 dispositione
1925 2360 2205 2421 taberna—

547 2448 668 2511 culi
699 2450 855 2531 quod
882 2450 985 2512 illa
1013 2450 1233 2513 fuerint
1266 2451 1452 2530 ﬁgura
1479 2468 1755 2513 verorum
1783 2470 1795 2510 :
1825 2468 2000 2531 porro
2023 2448 2210 2529 ﬁgura

548 2537 730 2599 ﬁnem
756 2540 935 2602 sumit
963 2540 1067 2602 ubi
1097 2540 1323 2603 veritas
1366 2540 1619 2603 accedit.
1654 2538 1822 2612 Quod
1854 2539 1935 2601 ait
1971 2560 1983 2600 :
2024 2564 2048 2594 ιι
2084 2537 2206 2599 Ha-

548 2625 748 2704 bebat,
784 2654 809 2684 ιι
854 2629 1152 2709 signiﬁcat
1198 2629 1356 2711 quod
1390 2648 1549 2691 nunc
1580 2648 1699 2691 non
1736 2627 1974 2691 habeat.
2006 2627 2210 2708 Itaque

550 2734 890 2798 quanquam
925 2738 1045 2780 non
1079 2717 1325 2780 omnino
1386 2717 1732 2799 cessaverit,
1768 2736 1838 2778 eo
1864 2714 2020 2794 quod
2052 2734 2207 2776 non-

551 2806 701 2867 nulli
732 2806 930 2869 adhuc
960 2807 1074 2889 ipsi
1106 2807 1396 2880 haereant,
1452 2814 1711 2868 attamen
1751 2803 2211 2885 justiﬁcationes

551 2913 672 2956 non
729 2896 925 2957 habet.
962 2896 1212 2960 —Ali0
1269 2896 1465 2960 modo.
1528 2893 1697 2967 Quod
1761 2894 1891 2957 ait:
1944 2891 2212 2956 Habebat

552 2983 795 3065 quidem
827 2984 991 3066 prius
1015 2984 1473 3066 justiﬁcationes
1503 2984 1719 3060 cultus,
1754 3002 1875 3045 non
1910 2981 1984 3045 de
2007 2981 2212 3045 taber-

549 3074 763 3136 naculo
814 3074 1042 3137 dictum
1096 3092 1231 3137 esse
1284 3072 1565 3149 arbitror,
1618 3072 1726 3135 sed
1759 3072 1833 3134 de
1864 3072 1995 3153 ipso
2027 3072 2213 3132 veteri

2288 2024 2470 2080 μερος.
2511 2027 2536 2063 ι

2375 2082 2614 2158 ’Ἐδειξεν
2642 2093 2749 2151 ἀπὸ
2776 2095 2874 2163 τῆς
2919 2101 3019 2161 τῆς
3076 2094 3376 2175 ἐναλλαγῆς
3459 2102 3551 2152 τοῦ
3606 2094 3806 2176 ἱερέως,
3838 2099 3940 2161 τῆς

2287 2184 2595 2261 ἱερωσύνης,
2626 2187 2726 2251 της
2795 2184 3082 2260 διαθήκης,
3142 2184 3222 2242 ὅτι
3278 2184 3431 2249 τέλος
3503 2183 3725 2265 εἴληφεν
3767 2186 3942 2254 ἡπα-
4001 2195 4011 2203 ⁸

2288 2270 2437 2352 λαιὰ,
2470 2273 2558 2327 καὶ
2601 2272 2681 2329 ὅτι
2726 2273 2955 2349 ἀμείνων
3027 2275 3233 2343 ἐκείνης
3303 2276 3339 2344 ἡ
3411 2274 3504 2332 νέα
3543 2273 3770 2337 πολλοῖς
3811 2273 3941 2353 τρό-

2288 2382 2411 2423 ποις
2443 2376 2458 2391 °
2494 2367 2583 2416 νῦν
2634 2358 2799 2427 δεῖξαι
2854 2362 2992 2419 θέλει
3046 2361 3098 2429 ἐξ
3156 2364 3314 2424 αὐτοῦ
3379 2371 3473 2420 τοῦ
3530 2365 3812 2444 σχήματος
3843 2368 3943 2430 τῆς

2292 2453 2520 2525 σκηνῆς,
2574 2448 2655 2508 ὅτι
2699 2451 2863 2515 τύπος
2918 2453 2982 2521 ἦν
3038 2452 3220 2512 ἐκεῖνα
3273 2456 3379 2510 τῶν
3448 2451 3732 2520 ἀληθινῶν.
3772 2444 3829 2510 Ὀ
3887 2450 3943 2508 δὲ

2289 2538 2475 2618 τύπος,
2534 2544 2632 2606 τῆς
2717 2538 2964 2608 ἀληθείας
3043 2542 3360 2623 ἐπιστάσης,
3446 2541 3595 2623 τέλος
3654 2539 3938 2617 λαμϐάνει.

2293 2628 2388 2707 Τὸ,
2441 2651 2469 2682 α
2502 2628 2665 2708 Εἶχε.
2719 2652 2747 2686 ι
2781 2628 2963 2712 δηλοῖ,
3012 2631 3091 2690 ὅτι
3121 2656 3211 2690 νυν
3241 2622 3351 2690 οὐκ
3372 2631 3513 2713 ἔχει,
3578 2622 3753 2688 ιὨστε
3783 2632 3825 2687 εί
3852 2633 3944 2687 καὶ

2294 2716 2369 2791 μή
2414 2716 2686 2783 παντελῶς
2719 2719 2986 2778 ἐπαύσατο
3015 2720 3100 2778 διὰ
3168 2723 3255 2801 τὸ,
3282 2723 3427 2786 τινὰς
3508 2722 3642 2797 αὒτῇ
3691 2719 3768 2776 ἔτι
3802 2742 3946 2776 στοι-

2293 2818 2440 2884 χεῖν,
2503 2807 2569 2863 τὰ
2620 2806 2800 2883 μέντοι
2857 2807 3188 2887 δικαιώματα
3233 2800 3327 2868 οὐκ
3368 2809 3508 2891 ἕχει,
3567 2838 3648 2853 -
3692 2800 3943 2873 "Alliam.

2299 2892 2524 2974 [ΦΩἸχ]
2572 2897 2667 2970 Τὸ,
2699 2897 2827 2978 εἶχε
2861 2898 2956 2974 μὲν
2984 2900 3019 2969 ἡ
3078 2899 3264 2975 πρώτη
3320 2896 3652 2975 δικαιώματα
3674 2900 3941 2979 λατρείας,

2296 2982 2354 3039 οὔ
2396 2985 2640 3063 περὶτῆς
2687 2992 2891 3055 σκηνῆς
2935 2989 3172 3068 εἰρῆσθαι
3204 2990 3422 3065 νομίζω,
3484 2987 3622 3046 ἀλλὰ
3677 3009 3797 3069 περι
3840 2991 3945 3047 αὖ-

2295 3077 2393 3141 τῆς
2434 3078 2535 3142 τῆς
2564 3074 2819 3154 παλαιᾶς,
2851 3075 3130 3149 διαθήκης.
3161 3079 3234 3139 Οὗ
3257 3080 3357 3160 γὰρ
3390 3080 3490 3148 τὴν
3519 3080 3725 3147 σκηνὴν
3753 3086 3822 3157 τῇ
3851 3080 3948 3139 νέα

553 3170 938 3225 testamento.
971 3166 1180 3244 Neque
1210 3162 1371 3224 enim
1399 3160 1846 3225 tabernaculum
1868 3160 2207 3222 conferebat

2297 3161 2559 3240 συνέκρινε
2590 3161 2840 3243 διαθήκη,
2885 3165 3004 3224 ἀλλ’
3051 3167 3190 3236 ὅλην
3230 3170 3328 3238 τὴν
3385 3166 3617 3226 παλαιὰν
3687 3168 3947 3241 διαθήγην

551 3271 687 3314 cum
719 3272 867 3314 novo
902 3260 1279 3327 testamento,
1312 3250 1419 3313 sed
1451 3259 1634 3313 totum
1682 3260 1849 3313 vetus
1885 3257 2209 3312 testamen-

554 3349 681 3403 tum
710 3360 846 3403 cum
908 3362 1080 3418 novo,
1142 3349 1199 3403 et
1256 3359 1437 3423 supra
1467 3349 1652 3403 totum
1689 3339 1828 3402 illud
1863 3339 2215 3401 ostendebat

553 3429 732 3510 hnjus
756 3431 1197 3493 excellentiam.
1246 3428 1416 3502 Nam,
1450 3453 1473 3486 α
1509 3428 1662 3492 Ecce
1685 3427 1929 3509 (inquit)
1956 3428 2086 3491 dies
2117 3449 2209 3489 ve-

2293 3256 2363 3328 τῇ
2404 3251 2514 3325 νέα,
2562 3254 2650 3309 καὶ
2696 3257 2826 3334 πρὸς
2883 3254 3017 3325 ὅλην
3075 3258 3281 3326 ἐκείνην
3348 3258 3543 3325 ταύτης
3607 3257 3805 3316 ἐδείκνυ
3844 3260 3947 3327 τὴν

2294 3341 2591 3421 ὑπεροχήν.
2630 3366 2658 3398 α
2693 3342 2825 3402 Ἰδοο
2882 3348 3005 3425 γὰρ,
3066 3349 3248 3429 φησὶν,
3300 3348 3494 3428 ἡμέραι
3548 3346 3824 3429 ἔρχονται,
3857 3351 3950 3405 καὶ

2295 3430 2588 3487 συντελέσω
2617 3432 2704 3489 ἐπὶ
2745 3436 2836 3491 τὸν
2881 3436 3033 3494 οἷκον
3077 3434 3289 3516 Ἰσραὴλ
3335 3440 3425 3495 καὶ
3495 3436 3580 3494 ἐπὶ
3638 3440 3731 3495 τὸν
3788 3438 3947 3495 οἷκον

554 3519 1259 3596 niunt,etconsummabo
1283 3538 1464 3600 super
1478 3518 1721 3581 domum
1746 3519 1928 3581 Israel
1953 3526 2009 3580 et
2030 3534 2207 3598 super

2297 3518 2460 3577 Ἰούδα
2509 3520 2766 3593 διαθήκην
2834 3526 3045 3602 καινὴν,
3123 3530 3181 3587 οὗ
3249 3529 3384 3587 κατὰ
3446 3528 3546 3595 τὴν
3599 3525 3855 3599 διαθήκην
3882 3526 3952 3596 ἦν

557 3608 798 3671 domum
827 3608 981 3672 Juda
1003 3617 1421 3671 testamentum
1454 3626 1820 3683 novum,non
1839 3608 2005 3686 juxta
2027 3616 2207 3669 testa-

2297 3607 2538 3685 διεθέμην
2567 3625 2686 3677 τοῖς
2731 3615 2989 3695 πατράσιν
3038 3616 3231 3675 αὐτῶν.
3268 3637 3292 3673 σ
3326 3618 3426 3674 Καὶ
3455 3616 3613 3676 πάλιν
3645 3633 3661 3651 ⁸
3701 3635 3731 3675 (
3750 3617 3842 3673 Ἐν
3870 3621 3953 3692 τῷ

556 3705 823 3763 mentum
859 3698 1013 3781 quod
1039 3697 1307 3779 disposui
1331 3696 1599 3777 patribus
1630 3695 1891 3759 illorum.
1922 3721 1945 3752 υ
1983 3698 2054 3758 Et
2084 3715 2207 3757 rur-

2297 3697 2466 3778 λέγειν
2494 3701 2703 3775 καινὴν,
2738 3704 3080 3763 πεπαλαίωκε
3125 3709 3223 3775 τὴν
3270 3706 3511 3786 πρώτην,
3554 3729 3576 3763 ι
3639 3708 3736 3765 Καὶ
3780 3705 3953 3763 ταῦτα

556 3805 713 3851 sum:
748 3811 768 3844 ιι
782 3792 898 3852 Per
916 3789 1030 3849 hoc
1044 3787 1201 3877 quod
1215 3786 1965 3877 dicit,no_vum,antiquavit
1976 3787 2206 3877 prius.)

2297 3789 2479 3877 εἰπὼν,
2513 3788 2720 3869 ἐπάγει⁰
2764 3794 2940 3875 «Εἶχε
2960 3795 3056 3871 μὲν
3084 3795 3171 3853 οὗν
3201 3785 3340 3865 καὶῆ
3371 3797 3619 3877 πρώτη..
3649 3785 3826 3851 υΩστε
3847 3793 3956 3864 δῆ-

551 3877 730 3940 Ethis
744 3878 919 3940 dictis
931 3875 1781 3956 subiungit:allabebatitaque
1795 3875 1969 3937 etiam
1986 3874 2203 3955 prius.-

2297 3875 2410 3951 λον,
2443 3877 2524 3934 ὅτι
2554 3882 2670 3961 περὶ
2701 3888 2797 3949 τῆς
2845 3874 3100 3955 διαθήκης
3171 3886 3313 3962 αύτῷ
3384 3874 3460 3942 ἔτι
3494 3889 3521 3943 ὁ
3576 3885 3758 3964 λόγος.
3795 3881 3957 3943 Ἐπεὶ

553 3965 928 4029 Manifestum
961 3984 1109 4045 ergo
1142 3965 1297 4047 quod
1356 3965 1457 4055 de,
1486 3973 1842 4055 testamento
1876 3964 2069 4025 adhuc
2099 3964 2207 4045 ipsi

2297 3968 2392 4045 γὰρ
2460 3968 2749 4027 κατέϐαλεν
2799 3973 2963 4041 αὐτὴν
3017 3981 3084 4051 τῇ
3128 3975 3413 4055 πρὸςᾼτὴν
3453 3975 3575 4033 νέαν
3634 3974 3951 4055 παραθέσει,

553 4074 752 4118 sermo
776 4064 885 4119 est.
919 4055 1209 4128 Quoniam
1245 4056 1405 4116 enim
1427 4053 1805 4135 depresserat
1826 4053 2017 4134 ipsum
2039 4073 2207 4115 com-

2297 4055 2387 4143 ’ίνα
2414 4058 2488 4127 μή
2518 4080 2599 4123 τις
2631 4057 2788 4141 εἴπῃ,
2819 4061 2900 4119 ὅτι
2953 4065 3149 4123 Οὒκοῦν
3171 4053 3180 4055 _
3203 4053 3288 4121 ἀεὶ·
3324 4062 3630 4133 ἀπόϐλητος
3682 4064 3772 4138 ἧν,
3806 4053 3954 4143 “apo;

557 4145 862 4225 paratione
920 4144 993 4206 ad
1056 4163 1297 4218 novum,
1348 4162 1423 4204 ne
1453 4143 1588 4219 quis
1618 4143 1868 4221 diceret,
1902 4143 2057 4223 quod
2091 4161 2207 4203 non

2297 4142 2491 4226 λαϐὼν,
2527 4150 2679 4229 ρησὶ,
2708 4148 2788 4206 ὅτι
2837 4164 2962 4233 ετχε
3019 4154 3235 4221 κάκείνη
3293 4152 3626 4229 δικαιώματα
3677 4142 3953 4233 λατρείας,

555 4253 794 4323 semper
823 4235 1125 4323 abjectumr
1153 4232 1647 4323 fueri_t,pra2_venit
1672 4232 1877 4323 dicens
1908 4231 2064 4323 quod
2099 4232 2207 4293 ha-

2297 4234 2509 4311 νόμους,
2558 4240 2712 4319 φησὶ,
2769 4242 2857 4297 καὶ
2896 4231 3071 4308 γτάξιν
3128 4246 3216 4301 καὶ
3274 4243 3581 4301 ἀκολουθίαν
3633 4231 3955 4323 ἐμπρέπου-

555 4322 737 4413 bebat
767 4326 943 4405 etiam
986 4322 1136 4384 illud
1178 4321 1641 4413 iustiﬁcationes
1694 4321 1911 4413 cultus,
1966 4321 2125 4401 leges
2156 4330 2207 4382 et

2297 4323 2625 4404 σκνλατρείᾳ
2655 4335 2806 4389 Θεοὺ.
2855 4332 3033 4389 Εἰπὼν
3075 4331 3128 4389 δὲ
3172 4356 3306 4391 κατα
3335 4334 3486 4413 γένος
3538 4331 3619 4389 ὅτι
3682 4321 3814 4412 εἶχε
3859 4330 3954 4389 δι-

557 4412 857 4486 ordinem,
884 4430 952 4476 ac
984 4430 1053 4474 ea
1085 4431 1215 4493 qum
1246 4411 1559 4473 decentem
1610 4410 1719 4472 Dei
1749 4411 1971 4471 cultum
2005 4428 2207 4472 conse-

2297 4414 2577 4489 καιώματα
2635 4415 2899 4497 λατρείας,
2960 4421 3299 4504 ἐπεξέρχεται
3350 4410 3478 4480 διαὶ
3559 4421 3696 4479 κατὰ
3744 4410 3955 4502 Ημέρος

558 4474 967 4595 ςιιυοῐυιιξυυὶ
995 4474 1193 4595 autem
1226 4502 1286 4563 in
1328 4518 1551 4581 genere
1584 4500 1731 4595 dixit
1761 4501 1930 4595 quod
1954 4501 2207 4595 habebat

2297 4474 2579 4581 ἀρξάμενος
2622 4474 2856 4578 ἀπὸῑτῆς
2886 4474 3207 4581 σκηνῆςῖὰιι
3244 4513 3408 4595 Εἶχε,
3470 4516 3634 4592 φησὶ,
3692 4514 3753 4568 τὸ
3784 4474 3960 4591 27:0;

550 4592 1011 4673 justiﬁcationes
1041 4592 1254 4667 cultus,
1283 4598 1560 4683 recenset
1581 4591 1758 4683 etiam
1787 4591 2203 4671 particulatim,

2297 4596 2569 4683 κοσμικόν.
2608 4618 2636 4651 ι
2673 4597 2813 4656 Εἶτα
2842 4602 2976 4675 μετὰ
3004 4603 3065 4659 τὸ
3108 4602 3261 4683 ἅγιον
3419 4591 3674 4678 κοσμικὸν
3701 4602 3790 4657 καὶ
3821 4607 3963 4659 πᾶσι

555 4681 851 4763 incipiens
872 4701 905 4743 a
928 4680 1334 4744 tabernaculo.
1376 4705 1402 4736 «
1423 4678 1667 4756 Habeat,
1696 4678 1911 4760 inquit,
1936 4688 2206 4741 sanetum

2297 4681 2471 4756 βατὸν,
2549 4684 2678 4765 εἶχε
2730 4687 2890 4746 πάλιν
2977 4678 3169 4772 ἑτέραν-
3222 4692 3450 4773 σκηνὴν,
3510 4688 3965 4771 προτεταγμένην

560 4773 972 4853 mundanum;
1006 4795 1027 4827 ι
1067 4770 1285 4832 deinde
1317 4777 1450 4851 pcst
1474 4776 1740 4830 sanctum
1762 4768 2128 4831 mundanum
2151 4778 2207 4832 et

2297 4776 2390 4861 τῆς
2434 4775 2843 4861 μυστικωτέρας
2893 4778 2969 4836 ἔτι
3022 4768 3110 4837 καὶ
3166 4768 3455 4861 άγιωτέρας
3555 4768 3785 4848 σκηνῆς.
3854 4782 3965 4839 Καὶ

557 4864 711 4944 quod
748 4862 988 4944 patebat
1018 4860 1317 4934 omnibus,
1352 4857 1610 4951 habebat
1654 4874 1892 4951 rursum
1924 4858 2080 4951 aliud
2114 4867 2204 4920 ta-

2297 4858 2343 4914 ἐν
2387 4860 2484 4951 μέν
2515 4868 2585 4939 τῇ
2604 4868 3036 4948 προτεταγμένῃ,
3071 4869 3108 4939 ἢ
3138 4892 3196 4928 τε
3215 4857 3417 4951 λυχνία
3472 4871 3561 4927 καὶ
3613 4871 3648 4938 ἡ
3701 4871 3964 4950 πρόθεσις

556 4953 977 5028 bevnaculum,
1024 4950 1484 5039 praeordinatum
1516 4948 1588 5010 ad
1621 4948 1911 5011 secretius
1937 4948 2129 5010 adhuc
2155 4959 2207 5011 et

2297 4954 2400 5004 τῶν
2430 4946 2625 5032 ἄρτων,
2659 4952 2776 5021 ἥτις
2828 4946 3026 5034 σκηνὴ,
3103 4963 3163 5019 ού
3219 4946 3429 5039 λένεται
3478 4946 3963 5038 κωμικὸν-ἅγιον,

558 5044 818 5104 sanctius
849 5040 1321 5103 tabernaculum.
1356 5037 1428 5100 Et
1483 5039 1539 5099 in
1594 5037 1781 5127 priori
1812 5036 2054 5127 quidem
2087 5047 2207 5127 erat

2297 5039 2471 5118 ὥσπερ
2499 5042 2534 5109 ἡ
2559 5049 2741 5101 πασῶν
2800 5049 2995 5122 σκηνὴ,
3055 5049 3264 5126 πρώτη,
3296 5036 3448 5105 ⁷ἀλλ’
3521 5036 3706 5112 ἁπλῶς
3797 5036 3963 5127 ἅγια,

557 5131 803 5193 lucerna
836 5150 904 5192 ac
927 5129 1251 5211 propositio
1284 5147 1499 5210 panum
1529 5147 1542 5187 :
1572 5126 1729 5208 quod
1761 5126 2205 5188 tabernaculum

2297 5128 2424 5185 Μετ’
2465 5129 2668 5199 ἐκείνην
2712 5130 2766 5189 δὲ
2797 5139 2991 5207 σκηνή.
3017 5171 3092 5182 -
3118 5137 3452 5218 [OIKOl‘bL]
3487 5129 3550 5195 ’Ἠ
3575 5138 3817 5217 ’πρώτη,
3854 5126 3932 5196 εἴ
3952 5175 3967 5185 -

557 5237 677 5280 non
709 5220 931 5282 dicitur
959 5227 1225 5282 sanctum
1259 5216 1651 5297 mundanum,
1685 5216 1838 5277 sicut
1868 5214 2018 5276 illud
2049 5216 2206 5297 quod

2297 5239 2406 5309 πεν,
2441 5222 2512 5285 ὡς
2556 5223 2686 5301 πρὸς
2715 5225 2782 5280 τὰ
2810 5226 2936 5305 α’για
2962 5234 3068 5284 τῶν
3097 5228 3285 5307 ἅγίων,
3320 5227 3437 5285 ἐπεὶ
3488 5230 3583 5285 οὐκ
3633 5228 3704 5296 ἧν
3732 5229 3964 5309 πρώτη,

561 5310 819 5389 primum
852 5319 978 5372 erat
1003 5311 1266 5371 omnium
1302 5306 1967 5378 tabernaculorum,sed
1989 5305 2207 5387 simpli-

2297 5305 2431 5398 ἀλλὰ
2460 5308 2623 5383 μέση.
2656 5313 2848 5392 Πρώτη
2878 5317 2977 5396 γὰρ
3018 5317 3106 5394 ἦν,
3149 5305 3300 5373 Ϋὲνθα
3356 5319 3419 5373 τὸ
3463 5316 3702 5398 χαλκοῦν
3762 5305 3969 5377 θυσιαζ-

565 5401 718 5461 citer
732 5401 1096 5460 sancta.Post
1109 5398 1252 5460 illud
1267 5405 1462 5459 autem
1479 5394 2207 5459 tabernaculum.Primum

2297 5397 2515 5476 στώριον
2574 5404 2678 5456 τῶν
2723 5405 2914 5460 θυσιῶν
2971 5408 3058 5463 καὶ
3115 5411 3222 5463 τῶν
3280 5405 3766 5482 ὁλοκαυτωμάτων.
3815 5416 3967 5463 Δευ-

563 5488 736 5561 dixit,
790 5487 975 5551 veluti
1032 5488 1395 5551 conferendo
1444 5486 1517 5548 ad
1551 5496 1816 5549 sanctum
1848 5493 2207 5561 sanctorum,

2297 5486 2417 5565 τέρα
2466 5485 2617 5555 αὕτη.
2666 5493 2785 5572 περὶ
2828 5493 2894 5561 ἧς
2943 5518 3128 5575 φησιν,
3192 5495 3282 5554 Ἐν
3323 5497 3360 5572 ᾗ
3414 5497 3449 5565 ἡ
3506 5494 3724 5577 λυχνία,
3799 5498 3899 5553 καὶ
3933 5498 3972 5565 ἡ

564 5577 849 5660 quoniam
875 5596 993 5639 non
1023 5584 1153 5639 erat
1181 5576 1437 5659 primum
1470 5576 1573 5638 sed
1625 5576 1910 5637 medium.
1944 5574 2207 5637 Primum

2297 5577 2545 5641 παόθεσις
2575 5584 2685 5636 τῶν
2719 5579 2891 5660 ἄρτων
2946 5574 3001 5640 ἐν
3053 5590 3121 5662 τῇ
3175 5584 3430 5665 τραπέζῃ.
3476 5574 3658 5666 Τρίτη,
3709 5574 3782 5641 *ἐν
3903 5587 3972 5642 τὸ

639 5740 703 5792 37
739 5740 917 5805 Rom.
950 5754 1079 5815 vm,
1111 5738 1173 5801 3.
