4132 6422
189 373 315 444 369

1310 376 1705 443 COMMENT.
1752 371 1835 438 IN
1876 373 2121 437 EPIST.
2166 375 2270 438 AD
2311 376 2543 441 HEBR.

3469 369 3589 436 370

190 517 425 590 χρυσοῦν
494 510 846 589 θυμιατήριον
901 511 989 569 καὶ
1044 512 1080 581 ἡ
1134 508 1360 576 κιϐωτὸς
1416 513 1514 576 τῆς
1559 506 1839 578 διαθήκης.

1928 521 2181 586 namque
2213 511 2340 568 erat
2391 504 2537 570 illud
2588 504 2693 567 ubi
2746 504 2923 567 situm
2973 510 3100 568 erat
3129 522 3365 568 aeneum
3395 502 3582 566 altare

200 619 234 660 (
296 599 652 675 Δικαιώματα
708 598 974 679 λατρείας.
1036 623 1059 659 ι
1149 598 1419 679 Τύμϐολα,
1468 597 1690 685 θεσμοὺς
1746 595 1850 651 λα-

190 690 382 768 τρειῶν
408 690 495 746 καὶ
539 691 738 769 εὐχῶν.
789 713 817 745 ι)
853 690 924 748 τό
951 712 1009 746 τε
1053 688 1206 769 ἅγιον
1250 690 1532 764 κοσμικόν.
1568 706 1599 747 ι
1652 696 1853 769 ξςοσμι-

191 781 292 836 κὸν
325 779 449 835 αὐτὸ
491 777 658 856 λέγει,
693 776 777 835 διὰ
818 780 878 836 τὸ
907 786 1066 836 πᾶσιν
1109 779 1304 846 ἐξεῖναι
1348 777 1585 841 εἰσιέναι,
1654 764 1851 854 υΑγιον

188 866 250 924 δὲ
278 870 496 926 ἐνταῦθα
523 867 683 925 καλεῖ
738 870 827 925 τὸν
886 870 1010 925 ναὸν
1062 869 1304 948 εἰκότως,
1351 868 1404 925 ἐν
1474 871 1520 942 ᾧ
1587 865 1687 933 τὴν
1728 862 1847 921 λει-

190 958 438 1036 τουργίαν
507 955 843 1016 ἀποδίδοσθαι
924 964 1001 1033 τῷ
1056 966 1171 1034 Θεῷ
1237 955 1558 1030 συνέϐαινεν,
1617 955 1732 1011 εἴτε
1762 956 1850 1011 καὶ

187 1046 294 1113 τὴν
319 1046 546 1121 σκηνὴν,
580 1044 762 1114 ἐπειδὴ
794 1047 990 1115 ταύτην
1058 1047 1112 1103 ἐν
1185 1045 1325 1113 τάξει
1382 1046 1476 1103 τοῦ
1543 1044 1670 1102 ναοῦ
1711 1042 1849 1121 πρό-

189 1156 344 1214 τερον
372 1136 558 1215 εἶχον,
604 1137 771 1199 οὕτως
856 1138 1020 1205 αὐτὴν
1076 1135 1383 1201 καλοῦντες.
1431 1136 1530 1194 Καὶ
1557 1141 1713 1191 τοῦτο
1742 1154 1848 1206 μα·

187 1227 305 1280 θεῖν
336 1223 475 1282 ’ἐστιν
518 1223 625 1281 ἀπὸ
695 1226 792 1293 τῆς
849 1227 1065 1306 πρώτης
1134 1227 1240 1283 τῶν
1302 1223 1596 1282 Βασιλειῶν
1669 1226 1849 1302 σαφῶς

189 1311 453 1391 λεγούσης
490 1330 503 1345 ·
564 1319 588 1370 ι
657 1316 753 1373 Καὶ
796 1314 1050 1392 Σαμουὴλ
1097 1314 1366 1374 ἐκάθευδεν
1395 1314 1448 1372 ἐν
1493 1319 1569 1388 τῷ
1589 1320 1699 1387 ναῷ
1738 1321 1850 1369 Κυ-

184 1404 333 1475 ρέομ,
368 1402 427 1459 οὗ
451 1402 517 1471 ἧν
547 1404 580 1473 ἠ
612 1400 835 1467 κιϐωτὸς
866 1411 958 1461 τοῦ
990 1412 1141 1467 Θεοῦ,
1182 1429 1207 1459 n
1275 1407 1347 1463 Τὸ
1390 1404 1476 1461 οὖν
1523 1400 1699 1481 ἅγιον,
1732 1422 1846 1479 φη-

187 1492 296 1565 σὶν,
328 1490 413 1548 ἐπὶ
443 1497 541 1558 τῆς
574 1492 804 1556 παλαιᾶς
835 1491 1089 1565 διαθήκης
1132 1494 1198 1562 ἧν
1255 1495 1533 1571 κοσμικὸν,
1587 1491 1680 1547 ’ἕνα
1709 1486 1844 1564 εἴπῃ

188 1581 283 1638 ὅτε
313 1582 700 1638 κατεσκεύαστο
753 1586 780 1638 6
810 1585 933 1647 ναὸς
1001 1585 1074 1648 εἷς
1130 1584 1291 1640 τύπον
1348 1590 1439 1640 τοῦ
1467 1584 1693 1657 κόσμου.
1730 1585 1840 1635 Πε-

1934 592 2304 657 victimarum
2356 601 2415 656 et
2471 593 3415 675 holocautomatum;secundum
3447 593 3589 670 hoc,

1936 682 2011 743 de
2036 701 2154 764 quo
2187 684 2269 745 ait
2303 704 2316 747 :
2350 683 2491 744 580
2518 683 2582 746 In
2614 704 2730 765 quo
2752 692 2880 745 erat
2899 684 3146 745 lucerna
3174 692 3232 745 et
3261 684 3592 765 propositio

1938 790 2155 853 panum
2186 773 2250 835 in
2280 772 2781 835 mensa.Tertium
2813 773 2875 834 in
2906 792 3022 854 quo
3042 791 3293 837 aureum
3321 773 3593 835 thuribu-

1937 860 2059 923 lum
2091 870 2152 925 et
2182 879 2318 924 arca
2345 863 2703 926 testamenti.
2747 887 2773 918 α
2805 860 3272 925 Justiﬁcationes
3304 863 3495 924 cultus
3523 881 3587 940 ;»

1933 950 2048 1012 hoc
2076 958 2170 1014 est
2199 950 2464 1033 symbola
2494 970 2813 1035 sacrosque
2839 952 3032 1015 cultus
3061 952 3281 1014 rituum
3335 961 3396 1015 et
3424 960 3592 1013 voto-

1933 1056 2088 1101 rum.
2130 1040 2249 1103 «Ac
2281 1050 2553 1105 sanctum
2585 1042 3018 1104 mundanum.»
3053 1042 3416 1106 Mundanum
3448 1041 3595 1104 dicit

1932 1128 2127 1210 ipsum
2158 1148 2229 1191 eo
2260 1131 2415 1212 quod
2447 1131 2727 1195 omnibus
2773 1132 2985 1194 liceret
3006 1131 3155 1194 illud
3186 1132 3442 1209 ingredi.
3477 1131 3592 1194 Hic

1932 1224 2129 1280 autem
2153 1220 2440 1300 templum
2474 1221 2687 1284 merito
2711 1229 2879 1286 vocat
2917 1229 3186 1283 sanctum
3235 1221 3296 1283 in
3329 1241 3444 1302 quo
3467 1221 3588 1282 Deo

1932 1307 2226 1371 sacriﬁcia
2257 1310 2681 1393 oﬁ'erebantur,
2717 1311 2840 1374 sive
2890 1312 3067 1375 etiam
3103 1310 3590 1387 tabernaculum,

1932 1399 2211 1478 quoniam
2245 1399 2358 1461 hoc
2389 1400 2690 1463 habebant
2720 1401 2977 1483 primum
3019 1400 3081 1463 in
3108 1399 3319 1463 ordine
3358 1398 3588 1482 templi,

1928 1485 2010 1547 ita
2041 1486 2187 1549 illud
2213 1488 2600 1570 appellantes.
2631 1490 2816 1572 quue
2856 1489 3092 1553 discere
3123 1490 3266 1552 lieet
3294 1508 3361 1552 ex
3395 1489 3589 1572 primo

1928 1509 2010 1547 ua
2041 1509 2187 1549 uqu
2213 1509 2600 1570 appellantes.
2631 1509 2816 1572 taque
2856 1509 3092 1553 discere
3123 1509 3266 1552 ueet
3294 1509 3361 1552 ex
3435 1509 3589 1550 rimo

1927 1573 2152 1655 Regum
2185 1578 2285 1659 qui
2313 1587 2523 1659 aperte
2553 1579 2700 1642 dicit
2744 1600 2757 1641 :
2804 1603 2828 1638 α
2861 1580 2933 1642 Ει
2964 1579 3203 1643 Samuel
3254 1509 3592 1640 dorriiiebat

183 1693 391 1738 ποιηκε
422 1670 518 1746 μὲν
548 1672 638 1728 οὖν
668 1675 695 1728 6
728 1674 854 1737 Θεὸς
913 1674 1004 1729 τὸν
1061 1674 1278 1752 οῦρανὸν
1336 1674 1424 1729 καὶ
1466 1672 1564 1739 τὴν
1596 1675 1719 1749 γῆν,
1769 1669 1842 1729 ὼς

1928 1664 1989 1724 in
2016 1666 2236 1746 templo
2260 1667 2500 1730 Domini
2521 1669 2581 1731 in
2604 1689 2720 1751 quo
2746 1678 3025 1733 eratarca
3044 1667 3588 1732 Dei38.»Sanctum

184 1764 215 1818 6
291 1763 520 1827 Μωῦσης
580 1783 765 1841 φησιν,
840 1761 894 1817 ἐν
992 1762 1164 1843 ἀρχῇ,
1281 1762 1496 1840 οὖρανὸν
1582 1759 1843 1827 ἀνώτερον

1928 1752 2104 1843 igitur
2132 1757 2192 1817 in
2225 1757 2411 1819 veteri
2437 1767 2794 1822 testamento
2818 1767 2945 1821 erat
2963 1759 3331 1821 mundanum
3363 1779 3377 1829 ;
3406 1755 3590 1819 veluti

187 1850 385 1929 λέγω,
432 1856 501 1928 τῇ
521 1849 733 1928 δευτέρᾳ
798 1850 993 1930 ἡμέρᾳ,
1051 1842 1143 1909 τόν
1199 1851 1466 1931 ὁρώμενον
1508 1859 1691 1908 τοῦτον
1748 1849 1843 1903 οἰ-

1928 1842 2182 1906 dicendo
2216 1846 2376 1926 quod
2410 1856 2775 1909 exstructum
2803 1856 2928 1911 erat
2946 1848 3231 1928 templum
3252 1847 3312 1908 in
3336 1848 3584 1927 ﬁgnram

189 1942 346 2017 ρανὸν
394 1940 449 1997 ἐν
521 1939 671 2014 μέσῳ
722 1946 827 1996 τιὸν
880 1938 1081 1996 ὑδάτων
1148 1942 1439 2007 ὑποστῆναι
1499 1936 1838 2018 παρασκευά-

1928 1933 2153 1995 mundi.
2221 1935 2382 1998 Fecit
2430 1936 2628 2017 itaque
2700 1936 2859 1999 Deus
2935 1938 3151 1999 cmlum
3221 1945 3279 1999 et
3338 1946 3582 2012 terram,

188 2051 287 2095 σας
315 2046 329 2061 ⁸
378 2030 515 2088 ὥστε
559 2031 645 2086 καὶ
674 2030 946 2106 ῦψωθέντκ
995 2029 1140 2109 ἔχειν
1196 2031 1282 2087 ἐπὶ
1325 2030 1478 2087 νότου
1535 2029 1601 2086 τὰ
1654 2023 1835 2084 ὕδατα.

108 2168 122 2179 .
194 2109 414 2198 ’Ὠσπερ
484 2122 570 2176 οὖν
627 2116 893 2195 σύμϐολον
977 2126 1068 2176 τοῦ
1149 2120 1353 2195 κόσμου
1449 2116 1840 2175 κατασκευάσαι

189 2210 331 2266 καεά
360 2231 476 2266 τινα
511 2210 673 2266 τύπον
700 2216 887 2265 Mum!
914 2208 1139 2266 κελεύων
1198 2211 1226 2266 6
1280 2210 1434 2283 Θεὸς,
1490 2208 1578 2275 τὴν
1635 2204 1840 2273 σκηνὴν

191 2297 510 2378 προσέταξεν
564 2302 704 2373 αὒτῴ
738 2315 751 2329 ·
826 2322 854 2353 ι
890 2296 1170 2373 Περίϐολον
1228 2300 1471 2370 ποιήσεις
1572 2296 1679 2352 ἀπὸ
1733 2299 1841 2350 τῶν

189 2387 706 2464 καταπετασμάτων,
756 2387 904 2463 μέσῳ
959 2385 1333 2463 διειλημμένον
1405 2385 1589 2466 ἑτέρῳ.
1630 2407 1653 2441 ι
1691 2381 1841 2441 Οῧτω

187 2474 258 2544 δή
305 2478 393 2533 καὶ
421 2478 448 2533 ὁ
489 2479 611 2540 ναὸς
640 2478 778 2534 κατὰ
804 2479 895 2535 τὸν
937 2477 1095 2533 αὒτὸν
1150 2476 1363 2556 ὕστερον
1418 2475 1627 2554 ἐγένετο
1656 2476 1842 2533 τύπον.

192 2569 292 2627 Καὶ
319 2568 387 2636 ἧν
418 2571 446 2625 6
477 2574 578 2632 πᾶς
623 2569 778 2632 οἶκος
835 2567 983 2644 μέσῳ
1054 2567 1431 2644 διειλημμένος
1462 2569 1653 2648 τοίχῳ,
1708 2565 1844 2623 ὥστε

186 2659 280 2715 τὸν
324 2658 423 2734 μὲν
449 2657 602 2723 ἐκτὸς
647 2670 827 2732 οῐπον,
874 2657 927 2715 ἐν
976 2661 1022 2733 ᾧ
1092 2655 1177 2715 δεῖ
1218 2659 1337 2724 τοὺς
1405 2660 1565 2737 ἱερεῖς
1624 2656 1723 2724 τὴν
1761 2652 1846 2711 διὰ

186 2753 296 2804 τῶν
337 2751 528 2806 θυσιῶν
588 2747 863 2827 θεραπείαν
916 2749 1006 2805 καὶ
1073 2752 1178 2804 τῶν
1249 2746 1450 2804 λοιπῦν
1507 2745 1572 2815 δὴ
1629 2745 1839 2803 πάντων

185 2834 490 2895 ἀποδιδόναι
548 2841 625 2909 τῷ
693 2843 808 2911 Θεῷ
851 2834 1118 2894 συνέϐαινε
1174 2832 1441 2911 σύμϐολον
1497 2835 1640 2893 εἶναι
1711 2834 1839 2892 τού-

184 2948 283 2983 του
322 2925 389 2994 δὴ
419 2937 510 2986 τοῦ
533 2927 650 3004 περὶ
693 2925 794 3005 γῆν
825 2926 1012 3005 τόπου,
1045 2924 1126 3006 ἐφ’
1198 2926 1258 2982 υῦ
1300 2924 1498 3004 διάγειν
1553 2934 1641 2982 νῦν
1697 2925 1839 2999 ἡμᾶς

186 3014 493 3093 συμϐέϐηκε
529 3033 543 3047 ⁸
605 3017 698 3072 τὸν
756 3013 809 3071 δὲ
892 3013 1180 3096 ὲνδοτερον,
1227 3014 1282 3071 ἐν
1331 3019 1378 3090 ᾧ
1440 3016 1529 3071 τὸν
1594 3011 1842 3093 ἆρχιερέα

186 3106 333 3173 ἅπαξ
390 3106 551 3183 μόνον
607 3128 697 3162 νου
752 3103 988 3165 ἐνιαυτοῦ
1043 3104 1257 3162 εἰσιέναι
1317 3104 1508 3183 ἐχρῆν,
1582 3100 1842 3179 σύμϐολον

1925 2023 2429 2102 quemadmodum
2462 2028 2658 2089 Moses
2676 2025 2982 2109 dicitwﬁn
3015 2027 3186 2090 initio
3214 2046 3227 2091 :
3252 2025 3470 2089 caelum
3500 2025 3588 2087 di-

1923 2130 2065 2173 cens
2096 2116 2390 2193 superius,
2450 2116 2716 2178 secundo
2775 2117 2874 2180 die
2930 2116 3168 2179 visibile
3221 2117 3336 2178 hoc
3369 2115 3583 2177 coelum

1923 2202 2229 2264 conditum
2286 2205 2661 2268 constituisse
2718 2206 2779 2269 in
2831 2206 3027 2269 medio
3060 2224 3375 2287 aquarum,
3409 2212 3587 2285 atque

1925 2291 2004 2352 ita
2033 2290 2256 2354 habere
2314 2293 2570 2357 elevatas
2633 2314 2815 2376 aquas
2853 2297 2926 2358 ad
2957 2304 3249 2358 austrum.
3275 2295 3582 2375 Tanquam

1927 2378 2258 2460 symbolum
2311 2381 2492 2462 igitur
2545 2384 2756 2445 mundi
2804 2384 3028 2465 jubens
3095 2384 3255 2448 Deus
3314 2385 3465 2447 Mosi
3526 2390 3589 2444 ut

1929 2478 2258 2534 exstrueret
2286 2471 2460 2552 juxta
2490 2479 2694 2555 typum
2726 2474 3045 2556 quemdam
3104 2472 3581 2547 tabernaculum,

1929 2559 2213 2647 praecepit
2240 2560 2294 2622 ei
2324 2561 2536 2625 dicens
2573 2585 2586 2622 :
2643 2585 2667 2621 (ι
2702 2563 2911 2627 Facies
2942 2564 3235 2647 porticum
3266 2582 3400 2645 quae
3429 2561 3585 2623 divi-

1928 2646 2102 2735 datur
2131 2648 2204 2711 ab
2226 2649 2417 2713 altera
2447 2652 2642 2714 media
2673 2672 2781 2735 per
2803 2654 2934 2716 vela
2963 2653 3086 2716 sive
3136 2651 3397 2715 cortinas
3426 2652 3511 2715 40.
3554 2674 3578 2711 ι

1928 2734 2013 2797 Ita
2033 2755 2176 2800 sane
2196 2740 2478 2822 templum
2504 2734 2971 2821 juxtaeumdem
3001 2750 3350 2824 sequentem
3384 2749 3584 2823 typum

1930 2826 2152 2890 factum
2184 2837 2293 2890 est.
2343 2829 2599 2914 Eratque
2656 2834 2996 2896 universum
3031 2832 3350 2895 aediﬁcium
3384 2831 3582 2893 medio

1930 2917 2155 2995 pariete
2185 2918 2463 2997 divisum,
2499 2931 2561 2982 ut
2589 2922 2851 2987 exterior
2880 2923 3123 3005 quidem
3154 2920 3498 2998 exstructio,
3521 2920 3583 2982 in

1926 3024 2041 3086 qua
2069 3008 2379 3088 Oportebat
2409 3011 2749 3074 sacerdotes
2767 3013 2989 3075 cultum
3017 3012 3447 3075 sacriﬁciorum
3470 3028 3581 3071 caa-

1926 3102 2308 3180 terurumque
2338 3100 2603 3162 omnium
2620 3101 2904 3164 exhibere
2926 3100 3411 3183 Deo,symbolum
3437 3116 3585 3162 sane

186 3204 299 3254 τῶν
355 3194 764 3275 ῦπερουρανίων,
824 3194 877 3250 ἐν
933 3197 1018 3259 οἷς
1064 3194 1150 3251 τὸν
1224 3194 1353 3252 Θεὸν
1410 3191 1646 3263 ἐδόξαζον
1677 3194 1843 3248 οἰκεῖν

1928 3194 2084 3248 esset
2112 3188 2290 3269 hujus
2341 3190 2457 3252 loci
2510 3190 2612 3272 qui
2665 3191 2824 3254 circa
2853 3200 3069 3254 terram
3132 3199 3243 3267 est,
3279 3189 3381 3272 qui
3404 3187 3581 3251 nobis

188 3290 238 3345 οἱ
283 3283 548 3347 Ἰουδαίοι,
580 3319 649 3329 -
678 3308 704 3339 α
732 3284 916 3352 Σκηνὴ
935 3284 1035 3363 γὰρ
1076 3284 1469 3350 κατεσκευάσθη
1499 3284 1534 3350 ἡ
1565 3280 1774 3361 πρώτη.
1815 3304 1839 3335 ι)

191 3375 543 3456 [OlKUl‘bL]
593 3386 750 3455 Τρεῖς
806 3373 1221 3451 ἐσημειωσάμην
1269 3375 1342 3439 εἰς
1399 3373 1497 3440 τὴν
1567 3369 1845 3429 Ὀκτάτευ-

190 3490 296 3547 χον
329 3466 532 3532 σκηνὰς
564 3464 721 3529 οὔσας
759 3480 773 3495 ⁸
806 3464 929 3541 μίαν
960 3463 1082 3542 μὲν,
1126 3464 1244 3542 περὶ
1290 3466 1357 3532 ἧς
1405 3484 1535 3543 φησι
1592 3483 1653 3518 το
1693 3459 1845 3538 ἅγιον

186 3558 472 3633 κοσμικὸν,
548 3554 666 3611 ἔνθα
746 3553 812 3622 ἧν
871 3555 931 3610 τὸ
994 3552 1234 3633 χαλκοῦν
1302 3553 1668 3629 θυσιαστήριον
1739 3556 1843 3606 τῶν

186 3647 676 3727 ὁλοκαυτωμάτων,
732 3647 819 3702 καὶ
895 3646 1051 3702 παντὶ
1109 3643 1228 3711 ἐξῆν
1299 3649 1376 3717 τῷ
1432 3642 1547 3718 λαῷ
1603 3641 1838 3714 εἰσιέναι,

185 3740 274 3795 καὶ
304 3739 397 3801 τὰς
430 3736 609 3800 θυσίας
680 3732 944 3791 ἐπιτελεῖν
980 3754 993 3767 ·
1069 3731 1308 3812 δευτέραν
1353 3731 1429 3807 δὲ,
1463 3730 1583 3789 ἔνθα
1609 3741 1727 3795 τοὺς
1760 3732 1843 3787 ἰε-

191 3838 366 3906 ρεῦσιν
397 3826 519 3894 ἐξῆν
581 3826 663 3881 ἀεὶ
731 3825 823 3887 τὰς
865 3821 1108 3903 λατρείας
1165 3821 1455 3896 ἐπιτελεῖν,
1517 3820 1633 3878 ἔνθα
1688 3820 1754 3888 ἦν
1808 3821 1843 3888 ἡ

186 3916 385 3997 λυχνία
413 3916 506 3973 καὶ
540 3916 571 3984 ἦ
602 3914 856 3991 τράπεζα,
910 3914 998 3969 καὶ
1054 3914 1089 3982 ἡ
1145 3912 1389 3991 πρόθεσις
1444 3912 1548 3969 τῶν
1620 3910 1791 3990 ἄρτων
1825 3924 1840 3938 '

187 4009 394 4087 τρίτην,
429 4003 553 4062 ἔνθα
621 4004 687 4072 ἦν
746 4005 807 4059 τὸ
854 4004 1199 4081 θυμιατήριον
1268 4003 1357 4060 καὶ
1399 4004 1434 4070 ἡ
1504 3999 1756 4078 κιϐωτός,
1789 3998 1843 4056 ἐν

183 4100 222 4173 ᾗ
256 4093 395 4161 ἅπαξ
437 4093 531 4151 τοῦ
575 4091 811 4150 ἐνιαυτοῦ
844 4092 1010 4169 εἰσῄει
1041 4091 1261 4173 μόνος-ὁ
1305 4090 1605 4171 ἀρχιερεύς,
1647 4112 1667 4144 ι
1701 4089 1845 4145 Μετὰ

184 4184 243 4242 δὲ
274 4186 336 4241 τὸ
365 4181 603 4263 δεύτερον
649 4180 1057 4256 καταπέτασμα.
1096 4203 1120 4237 ι
1181 4167 1328 4259 ’Ἄρα
1381 4182 1475 4236 οὒκ
1530 4179 1595 4247 ἧν
1637 4178 1692 4234 ὲν
1736 4178 1843 4254 μό-

186 4297 280 4331 νον
337 4272 743 4347 καταπέτασμα.
798 4272 1013 4337 Σκηνὴν
1056 4267 1112 4325 δὲ
1155 4267 1435 4349 πανταχοῦ
1476 4266 1658 4341 καλεῖ,
1702 4269 1844 4345 παρὰ

189 4387 256 4422 το
288 4362 714 4427 σκηνοῦγέκεῖ.
789 4381 812 4417 α
875 4359 986 4426 Τὴν
1041 4355 1268 4415 κιϐωτὸν
1334 4363 1432 4426 τῆς
1489 4355 1770 4428 διαθήκης,
1818 4381 1837 4411 ι

192 4453 310 4518 Τὴν
340 4450 588 4529 φέρουσαν
643 4450 711 4506 τὰ
766 4453 866 4516 τῆς
923 4444 1179 4517 διαθήκης
1249 4443 1509 4522 σύμϐολα,
1559 4449 1678 4504 οἷον
1750 4447 1844 4509 τὰς

194 4540 407 4602 πλάκας
436 4546 527 4596 τοῦ
573 4546 761 4616 νημοῦ,
813 4539 901 4594 καὶ
941 4537 1009 4593 τά
1066 4534 1224 4596 ἄλλα.
1265 4558 1292 4591 ι
1345 4534 1436 4593 Ἐν
1492 4536 1529 4611 ᾗ

195 4634 398 4712 χρυσῆ.
437 4651 460 4685 ι
499 4629 673 4687 Πάντα
702 4635 865 4686 ταῦτα
904 4626 971 4694 ἦν
1028 4623 1084 4681 ἒν
1137 4631 1207 4703 τῇ
1265 4621 1496 4712 κιϐωτῷ,
1529 4623 1630 4691 τὴν
1659 4623 1840 4712 ἀγνω-

486 4723 590 4774 τῶν
666 4713 927 4774 Ἰουδαίων
1000 4701 1321 4793 ἐλέγχοντα.
1358 4703 1415 4769 Ὀ
1470 4712 1569 4787 μὲν
1625 4701 1837 4790 ράϐδος,

186 4807 275 4866 διὰ
304 4808 404 4874 τὴν
427 4816 519 4866 τοῦ
546 4806 754 4885 Ἀαρὼν
797 4804 1150 4863 ἐπανάστασιν
1186 4819 1199 4831 ·
1258 4805 1309 4858 αἱ
1351 4798 1407 4856 δὲ
1458 4798 1683 4876 πλάκες,
1757 4801 1841 4859 διὰ

184 4900 249 4955 τὸ
307 4896 570 4978 πρόφασιν
643 4893 881 4974 γενέσθαι
960 4892 1081 4955 τοὺς
1176 4889 1453 4953 Ἰουδαίους
1521 4897 1849 4970 κατεαγῆναι

179 4989 279 5050 τας
308 4988 525 5066 πρώτας
562 5002 576 5016 ⁸
629 4987 690 5041 τὸ
747 4981 801 5039 δὲ
844 4982 1032 5060 μέννα,
1079 4978 1163 5037 διὰ
1223 4983 1286 5037 τὸ
1339 4980 1643 5060 τρώγοντας
1703 4982 1846 5041 ἀπο-

185 5064 492 5157 γογγύζειν.
549 5064 711 5132 ’Ἔδει
794 5073 884 5130 οὗν
967 5072 1054 5128 καὶ
1111 5072 1184 5134 εἰς
1241 5069 1488 5147 ἐκγόνους
1561 5076 1723 5157 ταῦτα
1782 5074 1848 5129 τα

186 5151 432 5240 σύμϐολα
474 5166 929 5245 παααπεμςρθῆναι
958 5163 1089 5239 πρὸς
1142 5156 1302 5242 φόϐον
1360 5160 1554 5245 αύτῷν,
1597 5182 1621 5215 ιι
1662 5151 1847 5242 ’Υπερ-

188 5255 302 5310 ἀνω
330 5250 385 5309 δὲ
414 5257 602 5320 αὐτῆς,
664 5278 684 5306 ι
750 5244 858 5320 Τῆς
902 5248 1150 5311 κιϐωτοῦ,
1218 5272 1244 5304 α
1281 5244 1539 5326 Χερουϐίμ
1595 5246 1773 5317 δόξης,
1812 5274 1836 5309 ν

190 5343 261 5411 ἢν
290 5343 356 5398 τα
386 5340 587 5422 ἔνδοξα,
635 5342 671 5411 ἢ
702 5343 768 5398 τὰ
835 5338 961 5396 ὄντα
1010 5344 1111 5406 τῆς
1164 5335 1340 5404 δόξης,
1404 5336 1691 5414 τουτέστιν,
1752 5347 1844 5396 τοῦ

190 5439 346 5495 Θεοῦ,
411 5455 439 5486 ι
502 5431 930 5502 Κατασκιάζοντα
1008 5430 1069 5485 τὸ
1129 5426 1456 5505 ἱλαστήριον.
1501 5448 1522 5481 ν
1607 5434 1680 5484 [ἰν
1744 5431 1845 5509 γὰρ

186 5522 368 5581 ἐπάνω
423 5523 522 5589 τῆς
590 5518 845 5593 κιϐωτοῦ,
915 5518 1106 5576 ὡσανεὶ
1161 5515 1393 5595 τράπεζά
1448 5537 1533 5579 τις
1571 5518 1841 5597 τετράγω-

1929 3294 2090 3339 nunc
2118 3278 2366 3358 contigit
2421 3287 2483 3341 ut
2528 3281 2587 3342 in
2640 3300 2710 3343 eo
2742 3283 3079 3345 viveremus
3114 3302 3127 3345 :
3161 3280 3413 3342 interior
3439 3295 3578 3340 vero

1927 3364 1989 3425 in
2013 3385 2127 3448 qua
2158 3370 2496 3448 pontiﬁcem
2530 3370 2717 3433 semel
2738 3371 2800 3432 in
2822 3369 3223 3451 annoingredi
3244 3366 3581 3451 oportebat,

1928 3455 2259 3534 symbolum
2318 3460 2672 3535 cmlestium,
2734 3460 2795 3522 in
2840 3460 3058 3542 quibus
3088 3461 3276 3524 Deum
3308 3458 3586 3523 habitare

1930 3544 2348 3611 existimabant
2374 3549 2586 3611 Judaei.
2618 3584 2696 3594 —
2737 3574 2757 3607 ι
2789 3548 3097 3631 Siquidem
3131 3549 3578 3612 tabernaculum

1927 3645 2286 3699 exstructum
2318 3638 2427 3700 luit
2452 3639 2735 3720 primum.
2776 3664 2799 3697 π
2836 3638 2977 3702 Tria
3002 3640 3279 3702 annotavi
3308 3639 3371 3701 in
3399 3637 3578 3703 Octa-

1929 3728 2216 3789 teuchum
2272 3728 2455 3791 fuisse
2513 3729 2944 3796 tabernacula:
2995 3747 3180 3792 unum
3234 3730 3476 3810 quidem
3505 3730 3582 3794 de

1928 3835 2044 3898 quo
2061 3817 2144 3879 ait
2160 3816 2439 3881 Sanctum
2474 3818 2973 3893 mundanum,ubi
2995 3826 3123 3881 erat
3140 3836 3373 3883 aeneum
3395 3819 3584 3881 altare

1928 3906 2506 3985 holocautomatum;
2540 3918 2598 3971 et
2635 3908 2912 3972 universo
2941 3908 3162 3990 populo
3194 3907 3424 3971 licitum
3457 3916 3584 3971 erat

1933 3995 2074 4057 illud
2097 3997 2332 4078 ingredi
2354 4018 2423 4061 ac
2444 4000 2660 4062 offerre
2675 3997 2944 4061 victimas
2967 4022 2982 4073 ;
3005 3996 3335 4060 secundum
3355 4006 3579 4076 autem,

1928 4083 1989 4145 in
2019 4104 2137 4166 quo
2191 4087 2601 4150 sacerdotibus
2660 4087 2877 4151 licebat
2908 4104 3148 4169 semper
3172 4087 3364 4149 cultus
3395 4088 3582 4169 perﬁ-

1928 4192 2086 4251 cere,
2113 4175 2214 4237 ubi
2246 4186 2372 4241 erat
2399 4177 2647 4241 lucerna
2692 4186 2748 4239 et
2775 4196 2982 4239 mensa
3010 4195 3080 4241 ac
3112 4179 3438 4259 propositio
3471 4196 3581 4260 pa-

1928 4284 2094 4328 num.
2155 4266 2447 4341 Tertium,
2509 4266 2611 4328 ubi
2664 4272 2790 4329 erat
2818 4266 3184 4329 thuribulum
3219 4273 3276 4329 et
3312 4286 3489 4344 arca;
3520 4268 3583 4331 in

1929 4356 2087 4436 quod
2119 4355 2571 4436 ingrediebatur
2600 4358 2788 4419 semel
2822 4357 2884 4420 in
2911 4376 3070 4419 anno
3099 4357 3262 4419 solus
3292 4358 3580 4440 pontifex.

1933 4448 2109 4508 cPost
2138 4446 2466 4508 secundum
2497 4455 2694 4509 autem
2723 4447 2977 4510 velum.»
3021 4444 3178 4510 Sane
3200 4463 3317 4512 non
3341 4447 3582 4511 unicum

1613 4534 2053 4611 nipvquerat
2083 4535 2301 4597 velum.
2338 4535 2523 4599 Vocat
2576 4544 2774 4600 autem
2830 4535 3052 4617 ubique
3100 4539 3327 4608 σκηνήν.
3374 4537 3434 4600 id
3467 4544 3579 4616 est,

1924 4626 2242 4687 tentorium
2299 4625 2423 4687 sive
2474 4625 2947 4701 tabernaculum,
3007 4627 3113 4683 ἀπὸ
3167 4627 3260 4684 τοῦ
3331 4638 3580 4710 σκηνοῦν,

1923 4712 1985 4775 id
2018 4714 2214 4789 est,ab
2243 4714 2630 4777 inhabitando
2655 4714 2873 4777 inillis.
2902 4721 3053 4774 ss:
3103 4737 3126 4772 ιι
3160 4713 3374 4777 Arcam
3400 4723 3587 4779 testa-

1928 4804 2138 4865 menti.
2178 4828 2206 4860 ι
2245 4802 2387 4877 Quae
2412 4802 2676 4885 symbola
2698 4802 2975 4866 servabat
2996 4802 3584 4889 testamenti,nempe

1931 4893 2161 4956 tabulas
2191 4893 2340 4974 legis
2386 4901 2444 4955 et
2498 4893 2636 4956 alia.
2678 4913 2705 4952 ‹
2737 4892 2803 4955 In
2835 4911 2951 4974 qua
2980 4898 3108 4954 erat
3129 4910 3280 4954 urna
3307 4912 3509 4957 aurea.
3550 4920 3575 4957 ι

1929 4979 2145 5045 Omnia
2198 4982 2326 5047 hac
2382 4991 2554 5046 erant
2603 4982 2666 5045 in
2723 5001 2885 5056 arca,
2933 4979 3582 5063 quaeingratitudinem

1927 5074 2353 5136 convincerent
2402 5070 2741 5134 Judzeorum
2779 5089 2792 5134 :
2826 5070 2987 5151 virga
3043 5072 3308 5153 quidem,
3342 5082 3589 5156 prapter

1930 5163 2287 5225 seditionem
2318 5164 2379 5223 in
2411 5161 2781 5224 ordinatione
2810 5160 3010 5223 Aaron
3038 5181 3054 5238 ;
3090 5161 3305 5225 tabula
3323 5180 3486 5241 vero,
3511 5183 3582 5228 eo

1928 5251 2085 5334 quod
2104 5252 2299 5317 Judaei
2329 5251 2563 5314 occasio
2585 5250 2837 5337 fuissent
2858 5268 2965 5337 cur
2985 5250 3217 5337 priores
3237 5252 3584 5337 confringe-

1926 5331 2134 5396 rentur
2160 5351 2177 5409 ;
2200 5352 2417 5395 manna
2430 5340 2628 5394 autem
2650 5332 2788 5394 ideo
2811 5332 2968 5413 quod
2983 5331 3231 5395 edentes
3252 5332 3399 5396 illud
3424 5331 3587 5400 mur-

1928 5432 2286 5487 murassent.
2349 5420 2626 5503 Oportuit
2673 5421 2857 5503 igitur
2912 5429 2976 5483 ut
3032 5421 3159 5484 haec
3211 5421 3287 5485 ad
3335 5433 3586 5506 nepotes

1924 5531 2164 5598 quoque
2194 5532 2300 5596 pro
2329 5520 2557 5575 terrore
2577 5510 3139 5576 transmitterentur.
3170 5535 3195 5569 ι
3216 5509 3410 5595 Supra
3430 5514 3584 5579 hanc

258 5680 381 5745 381
413 5680 568 5761 Reg.
604 5696 670 5756 ιι,
704 5679 765 5743 3.
848 5678 914 5731 59
940 5680 1094 5744 Gen.
1127 5691 1168 5758 ι,
1208 5682 1233 5737 1
1271 5692 1440 5756 seqq.
1527 5676 1589 5727 ιο
1618 5677 1808 5741 Exod.

1928 5694 2007 5742 v1.
2035 5676 2097 5739 4.
2126 5758 2135 5763 _
