4132 6456
516 405 625 474 371
1658 402 2068 472 (ECUMENII
2111 402 2407 467 TRICC/E
2450 405 2786 470 EPISCOPI
3787 405 3901 472 372

519 550 743 617 autem,
777 561 802 603 ι
841 557 1060 624 nempe
1090 556 1311 606 arcam.
1343 565 1369 599 ε
1404 539 1724 604 Cberubim
1757 539 1977 620 gloriae,
2018 559 2041 596 ο
2074 541 2164 596 aut

2255 556 2342 598 νος
2415 536 2611 615 χρυσῆ,
2670 536 2801 609 ὅπερ
2869 536 3173 619 ἱλαστήριον
3246 538 3493 598 ἐκαλεῖτο
3550 546 3782 597 τυποῦσα
3808 541 3901 597 τὸν

516 630 905 713 gloriosa,aut
923 650 1054 713 quae
1078 643 1251 695 erant
1275 630 1726 711 glorise,nempe
1749 628 1881 693 Dei.
1909 624 2164 689 «Obum-

2262 626 2508 701 Χριστὸν,
2550 626 2673 713 ..τὸν
2730 625 3019 704 λεγόμενον
3076 629 3216 704 ἡμῖν
3285 628 3511 707 ἱλασμὸν
3569 630 3657 685 καὶ
3712 627 3904 686 ἀπολύ-

512 705 750 784 brantia
781 705 1304 803 'propitiatorium:
1334 745 1361 777 a
1396 705 1537 781 Erat
1570 705 1729 781 enim
1763 734 1944 797 super
1976 730 2164 803 arcam

2257 735 2471 792 τρωσιν,
2550 705 2695 796 ιὈρα
2763 718 2860 784 τὴν
2920 717 2974 773 ἐν
3030 723 3099 794 τῇ
3159 716 3360 794 Ἐξόδῳ
3413 705 3800 799 παραγραφὴν,
3851 717 3903 775 ἐν

513 811 676 873 velut
705 802 1196 891 quadrangularis
1222 808 1490 890 quaedam
1544 824 1751 869 mensa
1780 823 1981 879 aurea,
2014 802 2164 884 quod

2258 814 2371 868 τοῖς
2442 805 2561 884 περὶ
2629 805 2830 861 τούτων
2860 806 3075 872 τόποις.
3133 830 3162 862 ι
3206 809 3328 886 Περὶ
3378 811 3454 863 ὧν
3512 808 3607 864 οὐκ
3656 806 3764 863 ἔστι
3818 817 3900 867 νῦν

514 890 993 982 propitiatorium
1049 898 1382 979 dicebatur,
1428 898 1686 976 ﬁgurans
1744 894 2040 982 Christum
2071 890 2175 972 qui

513 981 732 1051 dicitur
755 987 930 1050 nobis
946 987 1286 1069 propitiatio
1307 988 1361 1037 41
1394 994 1454 1049 et
1483 983 1814 1064 redemptio
1844 981 2084 1069 49.Vide
2116 984 2173 1040 in

510 1077 719 1140 Exodo
774 1076 1290 1159 praescriptionem
1340 1075 1403 1136 in
1446 1074 1540 1165 h_i_s
1568 1074 1743 1165 locis.
1781 1096 1808 1129 α
1847 1071 1927 1165 I_)e
1958 1068 2175 1165 quibus

514 1185 635 1229 non
669 1156 972 1228 est'nunc
1026 1156 1376 1228 dicendum.
1415 1187 1440 1222 ι)
1476 1161 1612 1226 Vult
1669 1161 1986 1223 ostendere
2016 1156 2173 1239 quod

2258 889 2453 970 λέγειν,
2520 917 2547 947 »
2606 892 2757 950 Θέλει
2810 892 2984 961 δεῖξαι
3055 893 3137 951 ὅτι
3213 897 3496 975 αἰνίγματά
3565 918 3681 952 τινα
3721 895 3788 964 ἦν
3838 898 3903 953 τὰ

2256 981 2518 1060 ὁρώμενα,
2551 984 2637 1039 καὶ
2666 983 2820 1041 τύποι
2854 991 2959 1041 τῶν
3004 983 3289 1052 ἀληθινῶν.
3324 990 3432 1045 Οὔκ
3500 985 3640 1043 ἔστιν
3669 985 3758 1041 οὖν
3785 995 3893 1065 νῦν,

2256 1072 2404 1150 φησὶ,
2444 1072 2578 1128 κατὰ
2609 1071 2765 1150 μέρος
2815 1071 2997 1151 λέγειν
3078 1075 3199 1154 περὶ
3254 1074 3447 1136 αὐτῶν.
3510 1073 3777 1131 Πλειόνων
3806 1076 3901 1154 γὰρ

2254 1156 2457 1216 δέονται
2487 1159 2687 1238 λόγων,
2718 1162 2755 1230 ἢ
2785 1164 2919 1218 κατὰ
2948 1163 3048 1231 τὴν
3079 1165 3343 1242 παροῦσαν
3373 1164 3568 1243 ὁρμήν,

512 1256 830 1334 ωηὶειηειο
883 1254 1153 1335 quaedam
1202 1261 1372 1316 erant
1418 1270 1491 1313 ea
1541 1270 1674 1334 quae
1726 1250 2082 1313 videbantur
2133 1264 2219 1335 ac
2250 1246 2453 1326 ﬁgurae
2481 1266 2780 1311 verorum.
2825 1248 2955 1312 Non
2998 1250 3170 1313 datur
3198 1250 3376 1330 igitur
3416 1269 3575 1313 nunc
3604 1250 3816 1332 inquit,
3843 1258 3909 1313 ut

514 1345 856 1424 singulatim
874 1334 1105 1425 deipsis
1119 1345 1463 1426 loquamur:
1487 1341 1758 1423 pluribus
1787 1340 1946 1401 enim
1970 1334 2351 1420 opushabent
2374 1338 2759 1401 sermonibus
2779 1358 2958 1421 quam
2980 1342 3257 1422 praesenti
3283 1340 3558 1422 expediat
3583 1342 3902 1422 proposito.

591 1432 688 1509 IX,
716 1434 778 1509 6,
803 1435 865 1496 7.
892 1435 1002 1495 His
1031 1440 1235 1496 autem
1277 1434 1359 1495 ad
1378 1432 1538 1493 hunc
1560 1431 1809 1493 modum
1827 1429 2164 1500 ordinatis,

2341 1450 2368 1483 α
2414 1436 2622 1485 Τοῦτων
2682 1427 2743 1487 δα
2812 1428 2975 1495 οὕτως
3072 1431 3597 1507 κατεσκευασμένων,
3660 1432 3734 1494 εἰς
3810 1431 3904 1507 μὲν

510 1527 580 1584 in
602 1523 782 1603 prius
801 1521 1042 1601 quidem
1072 1519 1531 1584 tabernaculum
1553 1536 1792 1599 semper
1812 1517 2164 1597 ingrediun-

2254 1516 2352 1583 τὴν
2407 1518 2622 1597 πρώτην
2707 1519 2913 1586 σκηνὴν
2996 1518 3280 1585 διαπαντὸς
3370 1522 3586 1577 εἰσίασιν
3647 1523 3695 1577 οἱ
3749 1522 3907 1601 ἱερεῖς

512 1593 625 1675 tur
629 1593 992 1692 sacerdotes,
1023 1614 1132 1691 qui
1183 1611 1502 1673 saérorum
1543 1593 1702 1672 ritus
1720 1593 2019 1688 peragant
2053 1623 2067 1665 ε
2103 1606 2164 1666 in

2254 1605 2345 1668 τὰς
2398 1593 2640 1679 λατρείας
2723 1607 3108 1683 ἐπιτελοῦντες,
3201 1611 3273 1673 εἰς
3357 1606 3411 1665 δὲ
3480 1611 3580 1677 τὴν
3637 1593 3901 1691 δευτέραν,

508 1701 841 1763 secundum
870 1707 1075 1762 autem
1104 1699 1288 1763 semel
1344 1704 1672 1779 quotannis
1698 1697 1862 1760 solus
1888 1697 2164 1776 pontifex

2254 1694 2388 1761 ἅπαξ
2473 1706 2565 1757 τοῦ
2621 1697 2879 1773 ἐνιαυτοῦ,
2938 1698 3101 1773 μόνος
3158 1700 3187 1754 ὁ
3261 1698 3537 1779 ἀρχιερεὺς
3623 1699 3682 1754 οὺ
3737 1701 3902 1779 χωρὶς

509 1807 634 1853 non
662 1791 792 1852 sine
819 1794 1147 1871 sanguine,
1177 1806 1355 1870 quem
1385 1787 1558 1867 oﬂ‘ert
1584 1805 1700 1869 pro
1743 1789 1940 1867 seipso
1971 1792 2027 1847 et
2052 1801 2168 1865 pro

501 1879 720 1961 populi
748 1880 1141 1956 ignorantiis.

590 1968 668 2030 Et
697 1966 779 2029 ita
809 1966 986 2029 ﬁebat
1012 1977 1078 2029 ut
1117 1987 1195 2031 ne
1243 1969 1517 2031 viderent
1548 1967 1791 2049 quidem
1818 1963 2006 2028 Judaei
2037 1979 2167 2043 quae

508 2057 1117 2138 ﬁerent,probibente
1147 2058 1207 2120 id
1239 2059 1394 2122 velo.
1424 2057 1628 2139 Itaque
1660 2075 1777 2118 non
1808 2056 1996 2133 magis
2022 2050 2169 2133 ipsis

509 2145 853 2209 serviebant
899 2166 1075 2227 quam
1107 2146 1226 2209 illis
1256 2147 1472 2228 qnibus
1494 2146 2021 2228 fpraeﬁgurabatur,
2055 2142 2169 2203 hoc

509 2243 602 2298 est
633 2234 831 2297 nobis.
870 2255 900 2295 ι
932 2233 1131 2298 Semel
1155 2236 1471 2318 quotannis
1488 2237 1648 2298 solus
1670 2230 2169 2316 pontifex.»Quo-

517 2323 679 2385 niam
713 2323 1054 2386 offendebat
1078 2324 1240 2406 ipsos
1265 2343 1398 2387 cum
1431 2325 1687 2388 infantes
1730 2322 1923 2385 adhuc
1946 2326 2169 2406 essent,

519 2412 676 2494 quod
697 2410 872 2475 unica
895 2405 1116 2476 Christi
1160 2414 1404 2479 victima
1424 2414 1683 2494 potuerit
1711 2412 1941 2474 solvere
1965 2405 2174 2471 mundi

514 2508 780 2584 peccata,
815 2502 1249 2584 ostenditquod
1265 2504 1326 2565 in
1350 2505 1535 2565 veteri
1560 2520 1795 2585 quoque
1819 2505 2171 2563 testamento

510 2590 572 2656 id
593 2589 793 2667 fuerit,
827 2591 985 2671 quod
1011 2601 1137 2672 erat
1161 2593 1354 2674 ﬁgura
1376 2593 1537 2656 novi.
1586 2591 1649 2653 In
1693 2590 1893 2654 Exodo
1925 2588 2026 2651 ubi
2055 2586 2168 2650 ba-

2250 1784 2506 1864 αῗματος,
2537 1786 2565 1841 ὃ
2596 1785 2876 1866 προσφέρει
2907 1787 3038 1867 ὑπὲρ
3098 1788 3305 1864 ἑαυτοῦ,
3368 1790 3454 1845 καὶ
3508 1793 3612 1845 τῶν
3656 1796 3751 1846 τοῦ
3777 1786 3907 1845 λαοῦ

2249 1872 2606 1951 ἀγνοημάτων
2619 1919 2632 1934 .
2670 1899 2697 1931 ι

2332 1964 2430 2020 Καὶ
2460 1962 2726 2021 συνέϐαινε
2796 1967 2917 2030 τοὺς
2979 1963 3253 2031 Ἰουδαίους
3285 1967 3422 2041 μήτε
3480 1967 3603 2045 ὁρᾷν
3661 1968 3726 2023 τὰ
3755 1968 3906 2045 γινό-

2252 2072 2402 2126 μενα,
2465 2051 2776 2132 διείργοντος
2818 2064 2911 2114 τοῦ
2980 2055 3480 2131 καταπετάσματος.
3593 2045 3745 2112 Ὠστε
3814 2060 3911 2115 οῦκ

2252 2140 2469 2205 ἐκείνοις
2500 2141 2700 2217 μᾶλλον
2767 2144 2858 2224 ἧν,
2931 2144 2967 2213 ἢ
3024 2148 3111 2207 οῖς
3180 2150 3564 2225 προετυποῦτο,
3637 2145 3908 2202 τουτέστιν

2253 2231 2389 2305 ἡμῖν
2452 2255 2480 2286 ι(
2531 2223 2716 2298 υΑπαξ
2772 2223 2863 2290 τοῦ
2916 2236 3154 2291 ἐνιαυτοῦ
3219 2233 3381 2308 μόνος
3441 2235 3470 2289 ὁ
3525 2223 3821 2314 ἆρχιερεύς,
3879 2257 3903 2290 ι

2259 2317 2477 2388 Ἐπειδὴ
2536 2322 2852 2399 προσίστατο
2911 2323 3090 2385 οὖτοϊς
3179 2320 3256 2378 ἔτι
3313 2322 3524 2389 νηπίοις
3583 2322 3720 2396 οὖσι,
3792 2330 3910 2388 πῶς

2256 2406 2452 2488 ἴσχυσε
2485 2418 2577 2484 μία
2632 2412 2778 2467 θυσία
2834 2412 2868 2479 ἡ
2927 2419 3020 2468 τοῦ
3076 2418 3326 2491 Χριστοῦ,
3386 2412 3631 2491 ρύσασθαι
3689 2412 3783 2477 τὰς
3812 2423 3910 2473 τοῦ

2254 2498 2454 2574 κόσμου
2484 2499 2739 2578 ἁμαρτίας
2778 2519 2793 2573 ;
2829 2500 3066 2556 Δείκνυσι
3093 2501 3180 2559 καὶ
3207 2503 3264 2557 ἒν
3325 2507 3394 2577 τῇ
3463 2500 3666 2557 παλαιὰ
3748 2508 3907 2560 τοῦτο

2252 2587 2330 2661 ὃν,
2366 2585 2479 2654 ἤτις
2521 2592 2557 2656 ἦ
2599 2588 2759 2653 τύπος
2794 2589 2891 2657 τῆς
2947 2590 3093 2653 νέας.
3158 2587 3249 2647 Ἐν
3305 2596 3373 2667 τῇ
3419 2587 3614 2664 Ἐξόδῳ
3681 2588 3734 2647 ἐν
3781 2605 3904 2655 τοϊς

517 2679 739 2743 bentur
760 2669 887 2741 haec
909 2669 1293 2757 loca,dicitur
1311 2680 1367 2724 ‘3
1387 2682 1544 2763 quod
1577 2681 1668 2743 bis
1690 2678 1936 2759 singulis
1956 2675 2164 2739 diebus

2254 2677 2367 2755 περὶ
2394 2677 2589 2734 τούτων
2634 2677 2816 2740 τόποις
2874 2679 3025 2758 φησὶ,
3072 2676 3153 2734 ὅτι
3207 2675 3281 2741 ἃς
3324 2683 3423 2746 τῆς
3478 2678 3681 2759 ἡμέρας
3732 2680 3906 2757 εἰσῄει

515 2766 968 2848 ingrediebatur
989 2770 1252 2852 pontifex
1271 2773 1485 2835 Sancta
1496 2766 2164 2846 sanctorum,oblaturus

2255 2766 2283 2821 ὁ
2315 2764 2589 2845 ἀρχιερεὺς
2666 2780 2783 2831 τοῖς
2843 2765 3042 2846 Ἀγίοις
3095 2773 3201 2822 τῶν
3254 2767 3417 2845 ἁγίων
3451 2768 3765 2852 θυμιάσων,
3799 2769 3906 2824 Γέ-

515 2844 853 2955 incensum.
907 2844 1206 2955 Scriptum
1260 2868 1351 2923 est
1404 2870 1603 2923 autem
1643 2844 2001 2955 ὶιοοεπινοάοε
2044 2879 2063 2911 c
2102 2854 2164 2917 EI

2255 2844 2483 2932 γραπται
2512 2852 2567 2910 δὲ
2612 2854 2778 2918 οὕτως
2828 2870 2840 2885 ’
2881 2844 2932 2915 (ὴ
2957 2857 3054 2913 Καὶ
3104 2844 3346 2931 θυμιάσει
3377 2844 3465 2912 ἐπ’
3528 2856 3707 2932 αὐτοῦ,
3757 2877 3913 2914 τουτ-

516 2943 783 3009 adolebit
808 2964 989 3029 super
1016 2948 1227 3013 illud.»
1269 2961 1504 3031 (nempe
1528 2966 1709 3031 super
1724 2948 1906 3009 altare
1927 2962 2164 3006 aureum

2256 2942 2417 3031 εστιν,
2507 2943 2592 3000 ἐπὶ
2661 2954 2753 3003 τοῦ
2804 2944 3003 3024 χρυσοῦ
3058 2946 3401 3021 θυμιατηρίο)
3444 2946 3473 3001 ὃ
3541 2945 3608 3013 ἧν
3677 2945 3730 3002 ἐν
3784 2958 3907 3010 τοῖς

516 3033 749 3098 incénsi
772 3023 928 3116 quod
952 3045 1081 3099 erat
1128 3038 1191 3100 in
1223 3023 1453 3102 Sanctis
1469 3023 1838 3115 sanctorum)
1862 3039 2058 3098 Aaron
2088 3034 2164 3094 in-

2262 3023 2456 3109 Ἀγίοις
2526 3039 2634 3089 τῶν
2684 3023 2872 3113 ἁγίων)
2954 3036 2982 3090 ὃ
3052 3031 3256 3112 Ἀαρὼν
3324 3033 3560 3110 θυμίαμα
3616 3034 3910 3100 συνθέσεως

519 3140 771 3187 censum
800 3126 1247 3209 compositionis
1279 3128 1659 3191 comminutae
1693 3148 1707 3188 :
1750 3141 1982 3187 summo
2013 3122 2164 3184 dilu-

2256 3120 2454 3189 λεπτῆς
2484 3124 2545 3178 τὸ
2588 3126 2733 3202 πρωϊ
2766 3126 2911 3200 πρωλι
2945 3122 3070 3179 ὅταν
3124 3123 3440 3200 ἐπισκευάζῃ
3496 3124 3617 3187 τοὺς
3647 3122 3907 3205 λύχνους,

514 3213 679 3288 culo,
715 3214 951 3294 quando
1007 3216 1372 3298 adaptaverit
1400 3218 1675 3279 lucernas
1703 3212 1967 3278 adolebit
1994 3229 2164 3291 super

2256 3212 2497 3286 θυμιάσει
2562 3212 2643 3268 ἐπ’
2716 3214 2893 3269 αὐτοῦ.
2967 3214 3066 3270 Καὶ
3135 3210 3261 3268 ὅταν
3331 3212 3477 3289 ἅπτῇ
3525 3213 3723 3291 Ἀαρὼν
3780 3214 3907 3278 τοὺς

508 3300 685 3377 illud,
718 3307 779 3362 et
805 3306 1040 3383 quando
1100 3306 1442 3369 accenderit
1496 3310 1695 3370 Aaron
1725 3305 1864 3366 582
1895 3301 2169 3362 lucernas

508 3389 749 3478 vesperi
777 3391 1040 3456 adolebit
1070 3394 1385 3458 incensum
1438 3403 1815 3478 perpetuum.
1859 3393 2167 3469 Quomodo

509 3498 652 3562 ergo
685 3477 765 3539 ait
795 3480 909 3544 hoc
932 3483 1061 3546 loco
1097 3484 1267 3547 divus
1287 3484 1528 3562 Paulus,
1564 3507 1595 3544 ι
1621 3484 1821 3547 Semel
1851 3484 2168 3567 quotannis

2250 3298 2476 3381 λύχνους
2519 3302 2580 3357 τὸ
2611 3301 2708 3376 ὀψὲ
2752 3301 2993 3376 θυμιάσει
3036 3302 3271 3377 θυμίαμα
3300 3299 3698 3381 ἐνδελεχισμοῦ.
3727 3326 3754 3357 ι
3786 3309 3912 3367 Πῶς

2251 3390 2338 3446 οὖν
2368 3389 2481 3447 οῦδὲ
2508 3413 2666 3473 φησιν
2710 3393 2737 3446 ὁ
2766 3389 2916 3469 ἅγιος
2948 3390 3176 3471 Παῦλος,
3243 3412 3267 3448 (ι
3307 3380 3490 3457 "Arrcti
3533 3398 3625 3448 106
3667 3391 3913 3450 ἐνιαυτοῦ

2253 3478 2411 3555 μόνος
2444 3483 2471 3535 ὁ
2502 3480 2776 3560 ἀρχιερεύς
2812 3499 2827 3559 ς
2882 3503 2909 3534 α
2945 3481 3043 3537 Καί
3071 3502 3266 3560 φαμεν,
3327 3479 3408 3536 ὅτι
3462 3481 3599 3555 μετὰ
3671 3477 3910 3555 αἵματος

2251 3569 2349 3643 μὲν
2379 3567 2515 3633 ἅπαξ
2559 3570 2723 3645 εἰσῄει
2781 3576 2872 3624 τοῦ
2926 3569 3186 3649 ἐνιαυτοῦ,
3261 3571 3333 3634 ὡς
3390 3571 3477 3625 καὶ
3541 3568 3595 3624 ἐν
3652 3569 3795 3643 αὐτῷ
3824 3578 3912 3646 τῷ

2250 3656 2399 3731 τόπῳ
2426 3662 2525 3724 τῆς
2556 3655 2764 3723 Ἐξόδου
2792 3660 2942 3738 φησὶ,
3004 3659 3285 3733 Θυμιάσων
3355 3655 3433 3734 δὲ,
3479 3656 3554 3723 δὶς
3610 3659 3705 3727 τὰς
3751 3659 3904 3734 ἡμέ-

2251 3768 2368 3823 ρας,
2406 3748 2500 3803 Καὶ
2528 3748 2627 3827 γὰρ
2658 3748 2746 3803 καὶ
2787 3746 2888 3804 ὦδέ
2918 3770 3099 3827 φησιν,
3162 3771 3185 3803 ιι
3224 3747 3294 3805 Οὔ
3346 3748 3512 3828 χωρὶς
3570 3746 3825 3828 αἵματος,
3869 3773 3902 3804 ι

509 3570 673 3634 solus
695 3572 1004 3655 pontifex?
1068 3597 1090 3629 ι
1125 3573 1199 3636 Et
1228 3574 1483 3637 dicimus
1521 3574 1681 3656 quod
1712 3593 1846 3637 cum
1880 3574 2169 3653 sanguine

514 3660 756 3740 quidem
789 3662 1236 3741 ingrediebatur
1264 3663 1452 3725 semel
1482 3666 1794 3745 quotannis
1829 3682 1842 3723 :
1878 3664 2167 3743 quemad—

511 3751 755 3848 modum
781 3751 960 3815 etiam
983 3752 1266 3848 praedicto
1292 3753 1479 3816 Exodi
1496 3754 1627 3848 loco
1648 3754 1901 3848 dicitur:
1930 3755 2001 3816 ad
2026 3754 2163 3848 ado-
2251 3751 2500 3848 ραςιΙΚαὶ
2528 3751 2627 3827 γὰρ
2646 3751 2888 3848 ,καὶήῶδέ
2918 3770 3099 3848 φησίν,
3162 3771 3206 3848 αἱ
3224 3751 3294 3805 0'3
3310 3835 3334 3848 η
3346 3751 3512 3828 χωρὶς
3568 3770 3598 3848 g

502 3838 750 3903 landum
782 3842 1047 3918 vero,his
1075 3842 1289 3906 diebus
1306 3843 1582 3924 singulis.
1620 3844 1854 3908 Etenim
1873 3845 2048 3906 etiam
2074 3842 2164 3905 hic

2254 3836 2505 3916 τουτέστι,
2540 3838 2673 3912 μετὰ
2716 3835 2972 3916 αἵματος,
3030 3836 3121 3893 ’ἱνα
3177 3838 3212 3913 ᾖ
3278 3835 3446 3902 οὕτως
3482 3854 3496 3869 ³
3568 3835 3746 3903 ’Ὰπαξ
3806 3846 3909 3895 106

499 3929 666 3993 addit
700 3949 715 3994 :
756 3950 787 3992 ‹
817 3930 947 3994 Non
980 3932 1112 4023 sine
1142 3933 1563 4013 sanguine,nid
1588 3939 1678 3995 est
1696 3951 1830 3994 cum
1854 3932 2164 4023 sanguine;

2254 3924 2486 3984 ἐνιαυτοῦ
2544 3929 2570 3982 ὁ
2640 3926 2924 4006 ἀρχιερεὺς
3013 3927 3147 4001 μετά
3244 3925 3499 4002 αἵματος,
3605 3931 3664 3986 οὒ
3766 3930 3912 4003 μετὰ

501 4025 569 4080 ut
598 4019 676 4081 sit
707 4021 823 4083 iste
851 4038 1065 4084 sensus
1098 4013 1112 4085 Ξ
1140 4021 1335 4085 Semel
1370 4021 1689 4102 quotannis
1738 4022 1999 4103 pontifex
2033 4040 2164 4083 cum

2254 4013 2598 4113 θυμιάματος.
2655 4038 2676 4069 α
2740 4016 2812 4072 Οὔ
2870 4016 3037 4094 χωρὶς
3095 4013 3353 4091 αἵματος.
3387 4034 3416 4075 )
3481 4018 3628 4073 Μετὰ
3682 4017 3908 4096 θυσιῶν⁹

504 4108 794 4188 sanguine
822 4129 942 4172 non
974 4129 1106 4173 cum
1140 4101 1412 4176 incenso.
1436 4136 1462 4167 α
1486 4110 1617 4174 Non
1649 4101 1779 4173 sine
1811 4111 2161 4191 sanguine.»

2254 4101 2430 4180 φησίν.
2479 4101 2653 4159 υῼστε
2722 4105 2811 4160 καὶ
2864 4105 2925 4159 τὸ
2998 4110 3091 4160 τοῦ
3147 4103 3404 4184 αἵματος,
3449 4105 3613 4168 τύπος
3681 4104 3748 4172 ἧν
3805 4116 3910 4165 τοῦ

500 4184 647 4258 Cum
674 4198 960 4281 victimis,
988 4199 1201 4280 inquit.
1224 4199 1429 4281 Itaque
1447 4201 1505 4264 id
1526 4200 1700 4263 etiam
1732 4200 1890 4281 quod
1913 4184 1987 4261 de
2019 4218 2155 4261 san-

2254 4197 2495 4269 Χριστοῦ.
2534 4211 2558 4247 ι
2625 4184 2701 4250 U0
2772 4192 3050 4273 προσφέρει
3120 4192 3249 4272 ὑπὲρ
3319 4195 3531 4256 ἑαυτοῦ,
3600 4215 3623 4250 α
3682 4200 3907 4250 Παντα-

498 4285 683 4364 guine
706 4284 874 4368 dicit,
899 4273 1120 4350 Christi
1150 4273 1349 4369 ﬁgura
1370 4297 1535 4352 erat:
1568 4314 1594 4345 α
1620 4273 1809 4361 Quem
1856 4288 2028 4350 offert
2056 4307 2161 4368 pro

2254 4287 2355 4359 χοῦ
2399 4284 2485 4357 τὸ,
2563 4273 2721 4361 (Υπὲρ
2775 4281 2985 4355 ἑαυτοῦ,
3046 4284 3242 4359 τίθησι,
3304 4280 3505 4346 δεικνὺς
3574 4285 3636 4339 τὸ
3694 4281 3901 4364 διαφο-

503 4373 726 4456 seipso.
743 4399 763 4432 ι
795 4373 1028 4457 Ubique
1058 4376 1243 4454 addit,
1268 4377 1380 4439 Pro
1404 4377 1629 4459 seipso,
1654 4377 1976 4439 ostendens
1993 4377 2164 4440 Chri-

2254 4390 2339 4446 ρον
2359 4380 2452 4429 τοῦ
2481 4377 2706 4450 Χριστοῦ
2745 4371 2833 4426 καὶ
2889 4373 2979 4426 106
3048 4371 3190 4448 παρὰ
3251 4369 3513 4435 Ἰουδαίοις
3569 4372 3904 4452 ἀρχιερέως,

497 4462 576 4525 sti
606 4462 1025 4528 excellentiam
1050 4483 1230 4547 supra
1259 4458 1606 4546 pontificem
1629 4465 1992 4529 Judaaorum.
2031 4491 2057 4523 σ
2092 4466 2164 4528 Et

2255 4480 2280 4512 σ
2320 4462 2414 4517 Καὶ
2443 4465 2549 4515 τῶν
2590 4459 2682 4516 106
2710 4458 2861 4533 λαοῦ,
2891 4463 3070 4539 φησὶν,
3122 4460 3496 4539 ἀγνοημάτων.
3536 4483 3560 4517 ι
3601 4462 3696 4519 Καὶ
3756 4460 3910 4518 ἔνθεν

497 4569 609 4634 pro
643 4552 850 4633 populi
880 4552 1260 4633 ignorantiis.
1292 4581 1315 4615 υ
1344 4556 1542 4621 Etiam
1571 4556 1713 4618 hinc
1745 4554 2158 4617 excellentiam

492 4640 921 4722 ostenditquod
935 4643 1441 4726 victimaalquidem
1455 4645 1781 4709 secundum
1797 4643 1989 4723 legem
2002 4643 2161 4706 obla-

492 4738 706 4811 taa,pro
725 4730 1080 4809 ignorantiis
1104 4733 1509 4797 offerebantur
1525 4756 1539 4795 :
1556 4733 1976 4797 eondonabant
1997 4734 2157 4796 enim

487 4826 738 4900 peccata
754 4838 890 4900 qua
912 4840 1022 4903 per
1044 4822 1440 4902 ignorantiam
1455 4823 1772 4886 commissa
1784 4828 1971 4884 crant:
1993 4821 2160 4885 Chri~

486 4907 737 4994 sti_\_r_ero
767 4909 1027 4994 victima,
1054 4911 1235 4994 etiam
1266 4931 1399 4994 quae
1428 4913 1690 4994 scientes
1722 4910 2157 4975 commisimus.

591 4931 737 4970 vero
767 4931 1027 4994 Vlcnma,
1054 4931 1235 4974 euam
1308 4932 1399 4975 uae
1428 4931 1690 4976 scientes
1722 4931 2157 4975 commnsrmus.

566 4987 674 5065 IX,
705 4989 885 5055 8-10.
914 4992 1079 5056 Illud
1105 4931 1498 5074 sigm%cante
1516 4993 1760 5075 Spiritu
1780 4998 1989 5054 sancto
2009 5010 2159 5055 non-

488 5076 635 5139 dum
667 5082 1126 5160 manifestatum
1164 5099 1289 5145 esse
1333 5089 1694 5146 sanctorum
1737 5082 1927 5154 viam,
1964 5080 2160 5146 adhuc

479 5168 693 5246 priore
725 5168 1114 5234 tabernaculo
1145 5173 1560 5235 consistente:
1601 5189 1734 5251 quae
1760 5177 1902 5233 erat
1929 5171 2154 5234 simili-

488 5254 636 5317 tudo
664 5257 745 5319 ad
788 5264 1020 5340 tempus
1069 5261 1232 5341 quod
1279 5261 1576 5339 instabat,
1609 5259 1942 5325 secundum
1970 5277 2155 5340 quam

481 5341 651 5433 dona
679 5352 743 5407 et
769 5349 1075 5429 sacriﬁcia
1102 5349 1541 5433 oﬁ'erebantur,
1574 5368 1712 5432 quae
1732 5369 1854 5415 non
1866 5359 2156 5432 poterant

479 5431 665 5507 inata
682 5436 1119 5500 conscienth
1131 5440 1466 5518 perfectum
1482 5431 1739 5503 reddere
1762 5431 2153 5518 cultoremn'u

479 5519 633 5585 cibis
648 5522 959 5588 duntaxat
980 5531 1038 5589 et
1074 5527 1443 5607 potionibus,
1467 5537 1525 5592 et
1538 5529 1798 5593 diversis
1813 5530 2150 5596 oblationi-

2243 4549 2305 4603 τὸ
2333 4545 2576 4628 διάφορον
2619 4546 2895 4624 δείκνυσιν,
2931 4547 3012 4604 ὅτι
3072 4551 3122 4604 αἱ
3153 4550 3252 4624 μὲν
3303 4551 3440 4607 κατὰ
3494 4549 3654 4626 νόμον
3698 4551 3908 4627 θυσίαι,

2241 4636 2368 4715 ὑπὲρ
2438 4636 2793 4715 ἀγνοημάτων
2864 4637 3269 4717 προσεφέροντο.
3331 4641 3406 4697 Τὰ
3449 4640 3547 4718 γὰρ
3601 4638 3655 4694 ὲν
3710 4638 3917 4717 ἀγνοίᾳ

2241 4726 2575 4805 συνεχώρουν
2618 4728 2995 4805 ἁμαρτήματα,
3044 4728 3078 4794 ἡ
3108 4724 3161 4783 δὲ
3221 4728 3444 4807 Χρίστοῦ
3498 4728 3667 4809 θυσία,
3700 4730 3794 4784 καὶ
3838 4731 3917 4784 τὰ

2241 4813 2295 4870 ἐν
2340 4815 2557 4894 γνώσει.

2332 5016 2354 5048 ι
2396 5002 2559 5051 Τοῦτο
2657 4994 2942 5062 δηλοῦντος
3036 5004 3130 5055 τοῦ
3215 4996 3514 5072 Πνεύματος
3569 5003 3661 5055 τοῦ
3718 4999 3912 5080 ἁγίου,

2242 5084 2318 5158 μή
2378 5106 2465 5139 πω
2528 5089 2926 5165 πεφανερῶσθαι
3008 5084 3109 5151 τὴν
3207 5085 3311 5142 τῶν
3388 5087 3554 5164 ἁγίων
3580 5085 3757 5178 χόδὸν,
3820 5088 3912 5144 ἔτι

2239 5176 2337 5240 τῆς
2425 5174 2642 5252 πρώτης
2715 5179 2920 5243 σκηνῆς
2974 5173 3207 5254 ἐχούσης
3307 5176 3510 5235 στάσιν.
3584 5173 3723 5242 Ἠτις
3784 5200 3912 5235 πα-

2238 5263 2438 5343 ραϐολὴ
2508 5269 2581 5331 εἷς
2633 5269 2721 5325 τὸν
2796 5269 2978 5347 καιρὸν
3056 5269 3147 5323 τὸν
3247 5266 3569 5336 ἐνεστηκότα
3637 5270 3759 5327 καθ’
3834 5272 3914 5338 ἣν

2237 5353 2377 5434 δῶρά
2433 5378 2490 5412 τε
2546 5380 2636 5413 και
2707 5358 2875 5416 θυσίαι
2959 5356 3368 5437 προσφέρονται,
3460 5358 3538 5435 μὴ
3608 5356 3914 5436 δονάμεναι

2236 5448 2372 5501 κατὰ
2509 5444 2804 5514 συνειδησιν
2937 5444 3216 5503 τελειῶσαι
3348 5449 3438 5503 τὸν
3547 5446 3841 5527 λατρεύοντ
3853 5474 3884 5506 1
3894 5500 3912 5531 ,

2236 5537 2398 5612 μόνον
2462 5536 2547 5594 ἐπὶ
2636 5537 2879 5615 βρώμασι
2962 5534 3057 5593 καί
3170 5536 3376 5613 πόμασι
3461 5537 3548 5595 καὶ
3619 5534 3921 5617 διαφόροις

565 5692 623 5744 41
655 5694 833 5760 Joan.
862 5712 927 5772 ιι,
960 5692 1024 5758 2.
1112 5695 1171 5747 4³
1202 5697 1227 5761 I
1258 5695 1394 5761 Cor.
1424 5714 1471 5773 ι,
1504 5696 1603 5763 30.
1693 5700 1756 5751 45
1783 5699 1973 5770 Exod.
2003 5720 2145 5783 xxx,
2180 5706 2282 5770 10.
