4132 6432
442 378 560 445 375

954 526 1119 583 τοι
1162 518 1408 585 CAPUT
1452 519 1581 584 XII.

440 623 535 688 De
588 628 890 709 sanguine
940 627 1168 693 Christi
1225 630 1291 691 in
1328 646 1445 709 quo
1484 629 1852 692 condebatur
1872 645 2096 691 novum

523 711 1078 792 testamentum,qui
1100 726 1317 792 verum
1328 710 1564 792 inducit
1567 709 2090 792 puriﬁcationem,

521 805 648 872 non
672 790 1347 872 frequentiasacriﬁcia
1392 790 1530 871 quae
1555 790 1781 872 ﬁebant
1809 806 1922 871 per
1947 807 2096 851 san-

520 869 1192 950 guinem—animalium.

520 982 621 1048 IX.
647 988 676 1048 1
691 989 715 1049 1
729 988 841 1048 -12
852 1038 866 1052 .
890 987 973 1051 At
1001 987 1279 1051 Christus
1294 1005 1432 1051 cum
1446 989 1787 1051 accessisset
1804 987 1986 1069 ponti
1988 988 2096 1065 fere

435 1071 791 1152 futurorum
823 1076 1114 1139 bonorum
1140 1094 1255 1158 per
1294 1078 1496 1157 majus
1526 1086 1581 1139 et
1630 1076 1964 1157 perfectius
1996 1081 2095 1137 ta-

440 1161 834 1229 bernaculum
880 1184 1005 1229 non
1031 1168 1473 1245 manufactum,
1522 1167 1627 1229 hoc
1652 1174 1881 1228 estnon
1917 1164 2097 1245 hujus

439 1254 768 1317 creationis
781 1275 801 1315 :
822 1272 1018 1335 neque
1028 1273 1137 1336 per
1151 1258 1511 1335 sanguinem
1529 1255 1839 1318 hircorum
1852 1272 1923 1317 ac
1944 1255 2099 1316 vitu-

439 1339 664 1419 lorum,
695 1343 800 1405 sed
810 1361 923 1423 per
934 1345 1260 1425 proprium
1279 1345 1645 1425 sanguinem
1665 1345 1980 1426 ingressus
2009 1348 2098 1405 est

438 1429 624 1493 semel
652 1436 722 1494 in
747 1431 1008 1507 Sancta,
1043 1441 1275 1496 aeterna
1306 1434 1716 1513 redemptione
1746 1435 2008 1495 inventa.

520 1520 671 1581 Cum
704 1520 779 1581 ob
810 1521 947 1598 hoc,
982 1522 1195 1603 inquit,
1231 1523 1602 1598 accessisset,
1656 1521 1731 1583 ob
1764 1523 1877 1583 hoc
1907 1521 2094 1582 factus

439 1614 531 1671 est
559 1608 822 1688 pontifex
874 1618 939 1672 ut
973 1611 1150 1673 etiam
1206 1610 1504 1673 victimam
1569 1611 1831 1673 oﬂ‘erret.
1866 1611 1944 1670 At
1975 1629 2093 1670 non

439 1695 609 1772 dixit,
660 1697 1000 1773 Victimam,
1051 1699 1157 1761 sed
1190 1699 1251 1761 in
1283 1699 1545 1761 medium
1580 1700 1852 1780 proferre
1889 1698 2095 1760 volens

1572 382 1988 453 (ECUMENII
2032 382 2328 449 TRICCAE
2367 390 2703 456 EPISCOPI

3718 387 3839 454 376

2806 534 3060 588 ΚΕΦΑΛ.
3093 517 3201 591 m'.

2185 653 2213 686 α
2246 634 2371 716 Cepi
2397 642 2491 716 τοῦ
2519 634 2748 711 α’ίματος
2779 642 2871 716 τοῦ
2900 642 3125 716 Χριστοῦ
3167 636 3221 693 ἐν
3277 643 3324 712 ᾦ
3378 633 3444 703 ἧν
3513 636 3548 703 ἠ
3581 633 3673 691 νέα
3714 633 3832 716 δια-

2256 714 2421 795 θήκη,
2455 712 2539 795 ὅυι
2565 722 2720 773 τοῦτο
2750 712 2958 795 ἀληθὲς
2990 717 3271 795 καθάρσιον
3329 716 3548 794 εἰσάγει,
3594 719 3654 774 οῦ
3680 715 3746 771 τὰ
3775 714 3831 771 ἐν

2261 792 2449 869 α’ίμοσι
2479 794 2628 866 ζώων
2674 794 2935 861 πολλάκις
2978 792 3397 879 προσφερόμενα.
3448 792 3477 852 ο

2264 998 2289 1031 ιι
2327 980 2547 1056 Χριστὶς
2575 977 2630 1034 δὲ
2700 982 3128 1058 παραγενόμενος
3187 979 3466 1060 ἀρχιερεὺς
3514 984 3621 1035 τῶν
3689 976 3830 1054 μελ-

2176 1063 2377 1122 λόντων
2473 1067 2706 1145 ἀγαθῶν,
2767 1066 2851 1125 διὰ
2903 1075 3004 1137 τῆς
3077 1069 3312 1145 μείζονος
3371 1070 3459 1126 καὶ
3501 1067 3830 1149 τελειοτέρας

2176 1160 2377 1221 σκηνῆς
2472 1158 2531 1213 οὗ
2612 1160 3014 1237 χειροποιήτου,
3103 1157 3393 1233 τουτέστιν,
3470 1158 3529 1214 οὗ
3627 1158 3828 1223 ταύτης

2176 1248 2272 1310 τῆς
2302 1246 2547 1319 κτίσεῶς,
2616 1237 2747 1302 οὐδὲ⁴
2780 1245 2849 1303 δι’
2905 1248 3137 1323 ατίματος
3194 1248 3404 1326 τράγων
3455 1249 3543 1303 καὶ
3575 1248 3826 1327 μόσχων.

2181 1333 2277 1389 Διὰ
2304 1331 2359 1388 δὲ
2388 1356 2480 1390 του
2507 1334 2633 1392 ἰδίου
2663 1336 2895 1411 αἵματος
2926 1336 3166 1405 εἰσῆλθεν
3196 1335 3401 1416 ἐφαπαξ
3432 1339 3505 1401 εἰς
3528 1339 3595 1393 τὰ
3626 1326 3826 1415 ιἈγιςι,

2176 1423 2386 1479 αἰωνίαν
2417 1422 2672 1504 λότρωσιν
2696 1426 2998 1505 εὑρόμενος.
3050 1450 3078 1482 ι

2256 1508 2378 1569 Ἐπὶ
2431 1514 2623 1588 τούτῳ,
2698 1517 2848 1595 φησὶ,
2901 1514 3328 1595 παραγενόμενος
3387 1515 3472 1573 ἐπὶ
3529 1522 3604 1590 τῷ
3663 1514 3825 1594 γενέ-

2175 1602 2290 1658 σθαι
2323 1599 2597 1682 ἀρχιερεὺς
2639 1605 2726 1660 καὶ
2757 1602 3099 1682 προσενέγκαι
3142 1604 3203 1659 τὸ
3257 1607 3417 1679 θῦμα.
3491 1601 3678 1661 Ἀλλὰ’
3733 1605 3831 1661 οὒκ

2175 1688 2323 1769 εἶπε,
2354 1692 2426 1748 Τὸ
2453 1694 2612 1768 θῦμα,
2660 1693 2769 1760 Τὴν
2816 1692 2876 1749 ἐκ
2921 1693 3013 1749 τοῦ
3066 1694 3293 1769 θυμάτος
3365 1690 3420 1748 δὲ
3477 1695 3817 1772 παραστῆσαι

438 1785 688 1847 salutem
721 1806 853 1868 qua;
882 1805 956 1850 ex
984 1789 1224 1851 victima
1240 1789 1527 1869 consequi
1550 1779 1722 1862 solet,
1755 1789 1835 1850 ait
1862 1808 1875 1847 :
1909 1813 1932 1843 (ι
1970 1789 2085 1851 Fu-

2180 1779 2438 1858 σωτηρίαν
2479 1779 2820 1857 βουλόμενος,
2889 1782 3017 1862 φησί
3050 1798 3064 1811 '
3136 1804 3163 1836 α
3211 1787 3327 1839 Τῶν
3356 1781 3655 1860 γενομένων
3687 1781 3827 1859 ἀγα-

437 1880 707 1937 turorum
741 1875 1034 1938 bonorum
1060 1896 1081 1953 ;
1118 1902 1140 1936 ι)
1176 1877 1239 1939 in
1261 1896 1369 1940 nos
1388 1878 1690 1941 videlicet.
1716 1902 1742 1934 α
1779 1878 1890 1939 Per
1905 1878 2093 1957 majus

435 1969 495 2024 et
522 1963 841 2043 perfectius
870 1964 1347 2028 tabernaculum.
1382 1991 1404 2026 ιι
1443 1966 1663 2030 Christi
1695 1985 1909 2047 corpus
1926 1975 2095 2028 vocat

433 2050 908 2129 tabernaculum,
967 2072 1038 2116 eo
1095 2055 1253 2136 quod
1308 2055 1371 2116 in
1403 2056 1533 2135 ipso
1580 2055 1871 2116 inhabitet
1899 2054 2094 2116 omnis

432 2139 739 2220 plenitudo
769 2141 1095 2206 divinitatis
1118 2144 1510 2224 corporaliter
1528 2146 1609 2202 45.
1648 2146 1837 2224 Majus
1867 2151 2089 2218 autem,

436 2246 507 2290 eo
537 2230 694 2309 quod
743 2231 904 2293 Deus
942 2230 1055 2292 sit:
1108 2232 1436 2312 perfectius
1464 2251 1605 2294 vero
1638 2251 1709 2295 eo
1739 2232 1898 2314 quod
1924 2232 1995 2293 ad
2029 2251 2094 2294 se

434 2318 793 2381 accedentes
853 2320 1142 2399 perﬁciat.
1204 2344 1227 2377 ιι
1263 2320 1393 2382 Non
1444 2322 1866 2383 manufactum.
1908 2344 1930 2378 ι
1962 2319 2092 2382 Non

435 2408 513 2468 ad
543 2406 961 2482 imitationem,
994 2409 1208 2490 inquit,
1239 2408 1473 2473 Judaici
1522 2410 1911 2473 tabernaculi.
1945 2409 2090 2471 Nam

434 2494 552 2557 hoc
579 2495 712 2558 loco
741 2498 1195 2561 tabernaculum
1218 2513 1336 2561 non
1362 2500 1756 2561 manulactum
1780 2498 2093 2580 appellavit

438 2590 710 2648 naturam
741 2587 1275 2669 bumanam,quam
1300 2589 1565 2670 suscepit
1590 2590 1863 2652 Christus
1882 2588 2090 2650 Domi-

437 2691 577 2738 nus.
607 2672 815 2755 Neque
842 2676 1004 2738 enim
1036 2678 1376 2758 nuptiarum
1402 2678 1577 2740 modo
1601 2686 1839 2759 paratus
1858 2685 1946 2739 est
1965 2680 2092 2739 tha-

435 2761 627 2825 lamus
656 2764 958 2846 nuptialis,
1003 2766 1107 2829 sed
1139 2767 1555 2830 sanctissimus
1610 2768 1867 2848 Spiritus
1897 2769 2094 2829 taber-

432 2852 716 2915 naculum
741 2855 1049 2919 exstruxit.
1083 2853 1251 2928 Quod
1283 2865 1478 2919 autem
1513 2857 1593 2918 ait
1627 2877 1640 2919 :
1703 2855 1877 2918 «Non
1907 2855 2085 2935 hujus

431 2941 776 3019 creationis,
815 2962 844 3003 )
873 2943 989 3005 hoc
1020 2953 1110 3007 est
1141 2964 1260 3007 non
1285 2947 1453 3025 juxta
1486 2946 1677 3024 legem
1709 2953 1934 3006 naturae
1956 2963 2086 3026 quae

430 3029 494 3091 in
526 3038 801 3093 creatura
859 3044 1150 3098 versatur.
1189 3060 1215 3091 α
1249 3036 1380 3098 Non
1442 3036 1623 3116 hujus
1670 3034 2013 3099 creationis.
2048 3058 2079 3092 ι

2174 1870 2276 1939 θεον
2312 1882 2329 1898 ⁸
2380 1892 2406 1923 »
2456 1873 2527 1933 εἰς
2558 1871 2699 1945 ἡμᾶς
2730 1868 2997 1938 δηλονότι,
3057 1894 3085 1926 α
3151 1871 3248 1927 Διὰ
3305 1875 3403 1937 τῆς
3474 1871 3712 1945 μείζονος
3741 1872 3829 1927 καί

2174 1954 2498 2036 τελειοτέρας
2556 1964 2783 2027 σκηνῆς.
2823 1982 2847 2017 ι)
2927 1961 3142 2028 Σκηνὴν
3224 1961 3285 2016 τὸ
3369 1967 3525 2035 σῶμα
3603 1967 3828 2038 Χριστοῦ

2174 2044 2341 2124 λέγει,
2389 2045 2472 2103 διὰ
2502 2050 2563 2104 τὸ
2594 2047 2648 2103 ἐν
2706 2051 2847 2124 αὒτῷ
2902 2049 3271 2123 κατῳκηκέναι
3328 2055 3433 2106 πᾶν
3462 2051 3521 2105 τὸ
3553 2048 3825 2130 πλήρωμα

2174 2141 2272 2202 τῆς
2311 2137 2562 2204 θεότητος
2632 2145 2972 2213 σωματικῶς,
3032 2139 3256 2209 Μείζονα
3311 2138 3391 2212 δὲ,
3438 2137 3522 2195 διὰ
3563 2141 3624 2195 τὸ
3696 2142 3828 2196 Θεὸν

2176 2225 2317 2281 εἶναι
2355 2242 2368 2257 ⁸
2415 2225 2743 2305 τελειοτέραν
2786 2226 2864 2307 δὲ,
2892 2225 2975 2284 διὰ
3019 2230 3079 2284 τὸ
3135 2227 3368 2285 τελειοῦν
3423 2228 3545 2292 τοὺς
3609 2250 3833 2308 προσερ-

2175 2313 2439 2394 χομένους
2486 2318 2645 2391 αὐτῷ.
2687 2339 2714 2371 α
2749 2319 2822 2374 Οῦ
2850 2319 3257 2397 χειροποιήτου.
3303 2341 3325 2373 η
3380 2317 3451 2375 Οὔ
3481 2319 3617 2374 κατὰ
3648 2324 3828 2395 μίμη-

2174 2427 2277 2476 σιν,
2352 2406 2503 2485 φησὶ,
2562 2411 2660 2473 τῆς
2727 2407 2869 2485 παρὰ
2942 2405 3209 2472 Ἰουδαίοις
3274 2412 3504 2474 σκηνῆς.
3567 2404 3828 2467 Ἐνταῦθα

2174 2496 2274 2574 γὰρ
2344 2498 2547 2563 σκηνὴν
2625 2495 3062 2576 ἀχειροποίητον,
3119 2496 3219 2565 τὴν
3280 2496 3603 2575 ἀνθρωπείαν
3671 2497 3827 2577 φύσιν

2174 2582 2443 2659 ἐκάλεσεν,
2475 2584 2540 2650 ἦν
2566 2582 2814 2642 ἀνέλαϐεν
2870 2587 2898 2641 6
2964 2586 3241 2653 Δεσπότης
3298 2584 3546 2665 Χριστός,
3619 2587 3693 2644 O6
3722 2587 3823 2665 γὰρ

2174 2675 2308 2732 κατὰ
2354 2675 2582 2751 γαμικὸν
2654 2675 2934 2752 γεγένηται
2991 2675 3186 2753 γάμον,
3247 2673 3386 2732 ἀλλὰ
3434 2676 3494 2731 τὸ
3564 2675 3822 2753 πανάγιον

2174 2768 2387 2838 Πνεῦμα
2430 2763 2528 2829 τὴν
2571 2764 2776 2831 σκηνὴν
2816 2765 3189 2825 καιεσκεύασε.
3251 2765 3323 2822 Τὸ
3366 2763 3439 2839 δὲ,
3503 2785 3527 2819 ιι
3578 2765 3649 2822 Οὐ
3688 2764 3823 2820 ταύ-

2168 2872 2265 2918 της
2293 2856 2393 2919 τῆς
2422 2852 2664 2932 κτίσεως,
2703 2876 2729 2907 ιι
2766 2852 2879 2909 ἀντὶ
2924 2860 3038 2924 τοῦ,
3105 2856 3177 2912 Οὒ
3225 2854 3361 2910 κατὰ
3431 2855 3590 2928 νόμον
3619 2854 3825 2932 φύσεως

2165 2946 2263 3007 τῆς
2294 2940 2348 2997 ἐν
2390 2947 2460 3018 τῇ
2489 2943 2654 2999 κτίσει
2724 2940 3170 3018 πολιτευομένης.
3237 2966 3265 2998 α
3327 2944 3399 3000 Οὔ
3453 2944 3648 3010 ταύτης
3723 2942 3822 3010 τῆς

2166 3030 2408 3093 κτίσεως.
2464 3051 2487 3085 υ
2552 3032 2622 3087 Τὸ
2681 3036 2838 3106 σῶμα
2891 3038 3139 3111 Χριστοῦ,
3198 3032 3284 3088 καὶ
3341 3032 3535 3099 ταύτης
3610 3031 3678 3099 ἦν
3722 3037 3822 3099 τῆς

431 3118 661 3200 Corpus
688 3120 909 3185 Christi
965 3130 1026 3185 et
1062 3125 1241 3205 hujus
1302 3133 1428 3186 erat
1475 3123 1819 3197 creationis,
1857 3131 1916 3184 et
1966 3143 2082 3186 non

2180 3119 2404 3184 ιτίσεως,
2453 3120 2540 3176 καὶ
2585 3119 2643 3175 ού
2699 3120 2918 3187 ταύτης.
2982 3121 3189 3187 Ταύτης
3248 3120 3367 3197 μὲν,
3428 3123 3564 3178 κατὰ
3594 3123 3655 3177 τὸ
3698 3120 3825 3179 ’ίσον

428 3207 632 3289 hujus.
691 3210 881 3291 Hujus
936 3214 1201 3295 quidem,
1267 3233 1339 3276 eo
1416 3216 1572 3296 quod
1645 3213 1870 3295 aequale
1925 3223 2082 3275 esset

429 3306 489 3360 et
518 3316 626 3380 per
681 3300 884 3363 omnia
937 3302 1131 3366 simile
1185 3311 1388 3365 nostro
1439 3304 1722 3385 corpori:
1756 3321 1876 3364 non
1908 3303 2082 3383 hujus

426 3404 593 3464 vero,
631 3406 702 3450 eo
731 3388 888 3470 quod
939 3409 1058 3453 non
1088 3392 1337 3455 confuse
1368 3411 1479 3455 nec
1526 3392 1942 3473 separabiliter
1970 3392 2081 3455 ad-

418 3475 688 3557 junctam
747 3477 1020 3542 habuerit
1076 3480 1470 3545 divinitatem.
1523 3483 1664 3543 585
1704 3481 1867 3554 Quod
1907 3480 2086 3561 igitur

425 3563 501 3628 ab
529 3566 814 3647 Apostolo
860 3567 1085 3631 dictum
1122 3578 1234 3645 est,
1282 3571 1411 3634 Non
1435 3572 1611 3652 hujus
1633 3569 1975 3645 creationis,
2006 3568 2083 3631 ad

425 3655 541 3717 hoc
569 3655 794 3719 referas
821 3657 979 3739 quod
1010 3658 1379 3725 divinitatem
1407 3660 1707 3736 habuerit,
1744 3677 2079 3742 quanquam

2166 3209 2307 3265 εἶναι
2350 3211 2438 3266 καὶ
2487 3206 2570 3267 διὰ
2638 3210 2848 3266 πάντων
2896 3209 3084 3286 ὅμοιον
3140 3218 3217 3285 τῷ
3266 3211 3404 3286 ἡμετ
3426 3209 3528 3286 έρω
3585 3212 3821 3291 σώματι,

2165 3301 2223 3354 οῦ
2253 3300 2446 3366 ταύτης
2477 3296 2555 3372 δὲ,
2615 3299 2752 3355 κατὰ
2806 3301 2866 3356 τὸ
2940 3298 3087 3380 ἔχειν
3144 3301 3462 3379 ἆσυγχύτως
3520 3301 3607 3356 καὶ
3655 3298 3823 3357 ἀδιαι-

2165 3388 2326 3467 ρέτως
2357 3389 2455 3455 τὴν
2484 3388 2731 3455 θεότητα,
2764 3390 2833 3446 Τὸ
2863 3389 2949 3446 οὗν
3019 3388 3297 3468 εἰρημένον
3338 3396 3417 3464 τῷ
3474 3387 3816 3469 Ἀποστολῳ,

2166 3481 2238 3536 06
2293 3479 2487 3545 ταύτης
2561 3477 2657 3545 τῆς
2710 3478 2949 3552 κτίσεως,
3012 3476 3152 3544 δέξαι
3207 3481 3280 3542 ὡς
3338 3479 3468 3557 πρὸς
3538 3480 3599 3534 τὸ
3671 3478 3821 3558 ἔχειν

2164 3567 2263 3635 τὴν
2290 3570 2539 3635 θεότητα.
2579 3558 2671 3630 Ὠς
2700 3567 2760 3623 τό
2790 3588 2851 3645 γε
2921 3574 3076 3645 σῶμα
3108 3570 3232 3625 αὐτὸ
3286 3565 3401 3625 καθ’
3433 3567 3582 3644 αὐτὸ,
3616 3568 3819 3641 ὁμοσύ-

2164 3677 2276 3713 σιον
2330 3655 2395 3723 ἧν
2448 3663 2526 3730 τῷ
2593 3638 2857 3735 ἡμετέρα).
2925 3638 3122 3714 ’ΪΙ-ὅτι
3194 3660 3289 3716 οὐκ
3339 3656 3404 3722 ἧν
3459 3638 3656 3719 ταύτης
3711 3655 3813 3720 τῆς

421 3746 624 3826 ipsum
651 3762 796 3807 sane
824 3765 1039 3828 corpus
1068 3748 1129 3810 in
1162 3768 1227 3812 se
1256 3750 1528 3831 ejusdem
1550 3757 1708 3812 esset
1738 3740 2083 3811 substantiae

2180 3745 2405 3825 ιτίσεως,
2437 3748 2618 3827 φησὶν,
2692 3745 2742 3811 ἐξ
2812 3744 2877 3812 ἧς
2920 3750 2954 3815 ἡ
3013 3744 3274 3804 Ἰουδαίων
3332 3766 3526 3811 σκηνη.
3590 3740 3811 3831 Ἐπειδὴ

427 3851 564 3898 cum
594 3841 796 3897 nostro
825 3854 1100 3917 corpore.
1126 3838 1243 3901 Aut
1264 3840 1419 3921 quod
1448 3856 1566 3901 non
1586 3846 1748 3902 esset
1769 3839 1898 3918 ejus
1921 3856 2081 3899 crea-

421 3929 574 3985 turae
599 3922 726 3986 sive
757 3924 1046 3997 materiai,
1105 3927 1278 4008 cujus
1339 3936 1469 3990 erat
1495 3927 1943 3993 tabernaculum
1971 3926 2080 3989 Ju-

424 4011 712 4074 daaorum.
744 4010 1033 4085 Quoniam
1068 4016 1231 4078 enim
1290 4016 1737 4080 tabernaculnm
1768 4023 2080 4077 vocaverat

421 4100 643 4164 Christi
692 4119 932 4182 corpus,
998 4122 1146 4185 opus
1198 4105 1310 4168 fuit
1359 4106 1707 4188 hujusmodi
1762 4105 2078 4167 verborum

418 4189 895 4271 prmscriptione.
969 4212 999 4251 α
1029 4194 1236 4275 Neque
1268 4214 1375 4277 per
1404 4196 1752 4276 sanguinem
1778 4195 2079 4256 hircorum

417 4295 487 4342 ac
516 4278 858 4341 vitulorum.
896 4304 924 4336 ι
961 4279 1105 4353 Quae
1128 4284 1372 4347 Judaica
1398 4293 1568 4348 erant
1589 4293 1645 4347 et
1681 4302 1787 4365 per
1817 4302 1949 4364 quae
1984 4282 2078 4343 in-

419 4366 805 4447 grediebatur
820 4368 1157 4449 pontifexin
1180 4371 1395 4436 Sancta
1416 4381 1782 4436 sanctorum.
1798 4372 2085 4434 «Eterna-

2163 3835 2261 3915 γὰρ
2304 3838 2478 3902 σκηνή
2543 3837 2604 3891 τὸ
2661 3839 2816 3909 σῶμα
2885 3834 3103 3891 ἐκάλεσε
3146 3835 3237 3891 τ’ιῦ
3286 3839 3534 3914 Χριστοῦ,
3619 3828 3810 3901 ἐδεήθη

2162 3925 2345 3982 τούτου
2374 3932 2463 3981 τοῦ
2494 3922 2889 4003 προδιορισμοῦ.
2959 3946 2981 3980 α
3021 3924 3148 3982 Οὐδὲ
3220 3922 3286 3979 δι’
3344 3922 3576 3997 αἵματος
3606 3922 3813 4001 τράγων

2164 4016 2250 4070 καὶ
2288 4014 2533 4093 μόσχων.
2573 4037 2600 4068 ιι
2656 4024 2799 4091 Λπερ
2847 4013 2910 4080 ἧν
2957 4012 3242 4086 Ἰουδαϊκὰ,
3295 4014 3382 4069 καὶ
3425 4009 3497 4068 δι’
3542 4014 3618 4065 ὧν
3648 4010 3815 4087 εἰσῄει

2163 4106 2192 4159 ὑ
2221 4104 2495 4183 ἀρχιερεὺς
2529 4104 2600 4166 εἰς
2651 4104 2717 4159 τὰ
2751 4095 2923 4182 ’Ἅγια
2978 4110 3084 4160 τῶν
3142 4104 3328 4180 ἁγίων.
3396 4122 3420 4157 ι
3461 4101 3681 4157 Λίωνίαν
3713 4098 3816 4157 λύ-

2162 4215 2355 4272 τρωσιν
2385 4193 2686 4270 εῦρόμενος,
2739 4218 2765 4250 n
2831 4192 3102 4272 Τουτέστι,
3179 4191 3536 4270 κατορθώσας,
3600 4191 3816 4245 αἰωνίαν

2162 4281 2417 4362 λύτρωσιν
2447 4279 2653 4360 εὕρατο.
2686 4287 2802 4363 Οὐχ
2858 4284 3049 4357 ἑαυτῷ,
3097 4279 3268 4363 Δ(πῶς
3325 4281 3425 4359 γὰρ
3494 4282 3522 4336 6
3566 4279 3814 4358 ἀναμάρ-

3097 4351 3124 4377 9‘

2162 4381 2379 4450 τητοςς)
2415 4369 2552 4429 ἀλλὰ
2586 4378 2663 4445 τῷ
2691 4370 2804 4447 λαῷ
2853 4375 3030 4431 αὐτοῦ.
3100 4366 3159 4429 Ἠ
3235 4367 3418 4437 ἐπειδὴ
3475 4366 3683 4449 κεφαλὴ
3710 4373 3812 4435 τῆς

414 4456 831 4537 redemptione
880 4457 1143 4524 inventa.
1182 4485 1205 4520 ο
1247 4468 1373 4526 Hoc
1428 4472 1517 4526 est
1552 4484 1568 4524 :
1605 4464 1749 4525 Cum
1785 4462 2080 4524 etfecisset

2180 4461 2563 4541 ὶνθρωπότητος
2605 4460 2825 4529 ἠξίωσεν
2878 4462 3044 4536 εἶναι,
3117 4463 3183 4519 τὰ
3241 4463 3377 4536 ἡμῖν
3419 4457 3813 4537 κατορθωθέντα

418 4553 702 4608 aeternam
757 4546 1259 4629 redemptionem,
1320 4552 1544 4615 invenit
1598 4570 1754 4627 eam,
1807 4549 2072 4626 nonsibi

2180 4556 2298 4625 ιῦτῷ
2327 4553 2683 4629 κατορθῶσθαι
2714 4550 2857 4629 λέγει
2890 4553 2918 4607 6
2951 4552 3297 4618 Ἀπόσῖολος.

411 4634 573 4725 ipsi;
608 4655 744 4699 nam
778 4654 1037 4718 quonam
1065 4641 1241 4704 modo
1274 4643 1337 4704 id
1368 4643 1499 4705 ﬁeri
1529 4641 1817 4725 potuisset
1863 4659 1995 4703 cum
2027 4640 2159 4721 ipse
2207 4656 2459 4721 peccare
2516 4638 2896 4719 nequiverit?
2927 4640 3030 4702 sed
3062 4660 3168 4703 suo
3218 4640 3460 4721 populo.
3504 4641 3625 4702 Aut
3651 4654 3809 4718 quo-

413 4724 573 4790 niam
606 4727 999 4790 humanitatis
1026 4740 1200 4812 caput
1229 4751 1359 4796 esse
1390 4724 1664 4813 dignatus
1698 4740 1809 4812 est,
1841 4749 1972 4812 quae
2003 4728 2179 4793 nobis
2209 4728 2499 4811 acquisita
2529 4737 2687 4804 sunt,
2718 4728 2830 4809 ipsi
2854 4730 3083 4812 acquiri
3108 4729 3251 4793 dicit
3285 4730 3625 4811 Apostolus.

492 4813 590 4899 IX,
619 4814 719 4898 13,
752 4818 851 4882 14.
883 4820 1045 4886 Nam
1100 4824 1155 4884 si
1214 4824 1472 4903 sanguis
1501 4829 1823 4885 taurorum
1853 4826 1911 4881 et
1940 4819 2073 4881 hi1-

409 4924 646 4988 corum,
692 4911 966 4993 cinisque
1000 4915 1281 4993 juvencce
1324 4928 1660 4993 aspergens
1718 4908 2073 4988 inquinatos
2156 4910 2243 4976 δὸς

2247 4843 2269 4876 (ι
2320 4823 2379 4878 Εἰ
2408 4820 2507 4897 γὰρ
2551 4821 2611 4875 τὸ
2657 4823 2794 4896 αἷμα
2825 4822 3027 4898 ταύρων
3085 4821 3172 4877 καὶ
3228 4823 3456 4901 τράγων,
3529 4823 3615 4881 καὶ
3663 4843 3807 4879 σπο-

2354 4906 2630 4984 δαμάλεως
2751 4910 3055 4987 ῥαντίζουσα
3176 4913 3298 4975 τοὺς
3388 4910 3808 4986 κεκοινωμένους

406 4997 746 5076 sanctiﬁcat
777 5001 856 5063 ad
897 5004 1106 5065 carnis
1131 5003 1648 5083 puriﬁcationem,
1686 5006 1914 5080 quanto
1943 5014 2074 5059 ma-

2180 5000 2356 5078 ιγιάζει
2425 4999 2554 5075 πρὸς
2627 4998 2724 5066 τὴν
2780 5003 2877 5068 τῆς
2936 5003 3129 5079 σαρκὸς
3219 5002 3577 5080 καθαρότητα,
3649 5001 3808 5077 πόσῳ

408 5091 503 5166 gis
530 5090 783 5167 sanguis
843 5092 1100 5172 Christi,
1148 5091 1257 5171 qui
1278 5108 1393 5173 per
1450 5091 1743 5171 Spiritum
1775 5095 2071 5150 wteruum

2180 5088 2360 5145 ιᾶλλον
2415 5089 2477 5143 τὸ
2536 5091 2678 5163 αἷμα
2706 5098 2802 5147 τοῦ
2856 5096 3105 5170 Χρισειοῠ,
3176 5092 3233 5153 ὃς

408 5175 675 5254 seipsum
702 5176 917 5242 obtulit
946 5181 1406 5244 immaculatum
1440 5180 1589 5261 Deo,
1619 5175 1907 5260 purgabit
1933 5192 2071 5237 con-

2180 5179 2383 5251 ιίωνίου,
2444 5179 2628 5234 ἑαυτὸν
2699 5181 3058 5257 προσήνεγκεν
3158 5178 3381 5256 ἄμωμον

3321 5088 3406 5145 διὰ
3492 5090 3806 5165 Πνεύματος

3492 5186 3570 5254 τῷ
3661 5186 3804 5253 θεῷ,

409 5263 733 5353 scientiam
786 5276 1057 5333 vestram
1112 5274 1187 5333 ab
1237 5269 1525 5353 operibus
1551 5270 1805 5331 mortuis
1837 5264 1919 5328 ad
1949 5281 2069 5326 ser-

2180 5272 2391 5346 ,αθαριεῖ
2419 5269 2516 5333 την
2544 5264 2836 5333 συνείδησιν
2866 5269 3015 5344 ὑμῶν
3033 5269 3138 5325 ἀπὸ
3179 5274 3375 5349 νεκρῶν
3407 5268 3599 5347 ἔργων,
3635 5269 3709 5333 εἰς
3741 5272 3805 5327 τὸ

408 5351 701 5415 viendum
727 5352 858 5417 Deo
876 5358 1129 5421 viventi.
1266 5424 1271 5428 ,

464 5439 714 5505 Deinde
741 5447 1023 5524 quoniam
1051 5446 1405 5510 incredibile
1434 5446 1745 5510 videbatur
1768 5443 1928 5526 quod
1959 5464 2067 5526 per

2151 5357 2414 5429 λατρεύειν
2459 5364 2574 5430 Θεῳ
2603 5357 2758 5427 ζῶντι
2781 5377 2796 5437 ς

2230 5449 2377 5519 Εἶτα,
2425 5443 2608 5513 ἐπειδὴ
2680 5445 2926 5504 ἀπίθανον
2986 5448 3128 5505 εἶναι
3187 5446 3354 5506 ἐδόκει
3424 5451 3485 5507 τὸ
3543 5447 3627 5505 διὰ
3672 5455 3802 5523 μιᾶς

403 5546 582 5594 unam
610 5531 909 5596 victimam
942 5554 1249 5618 unumque
1274 5536 1623 5618 sanguinem
1649 5543 1932 5599 aeternam
1967 5552 2065 5614 pa-

2180 5537 2317 5601 υσίας
2375 5535 2460 5590 καὶ
2530 5535 2760 5610 αἳματος
2824 5534 2938 5601 ἐνὸς
3008 5534 3263 5617 λύτρωσιν
3355 5540 3565 5595 αἰωνίαν
3625 5560 3791 5613 παρα-

401 5619 1404 5701 rassetretributionem,conlirmat
1420 5627 1533 5689 hoc
1564 5633 1622 5688 et
1652 5622 1913 5687 ostendit
1935 5641 2063 5686 cre-

2180 5637 2326 5706 χεϊν,
2359 5623 2759 5694 κατασκευάζει,
2799 5625 2948 5706 αῦτὸ,
2985 5627 3073 5682 καὶ
3142 5625 3367 5685 δείκνυσι
3432 5628 3650 5685 πιθανὸν
3706 5621 3801 5684 καἱ

481 5752 546 5806 4⁵
572 5756 800 5835 Coloss,
831 5773 896 5837 ιι,
928 5759 987 5821 9.
