4132 6424
416 305 534 381 379
1532 311 1944 389 (EGUMENII
1989 309 2287 374 TRICC/E
2331 308 2669 377 EPISCOPI
3677 314 3802 383 380

414 448 712 532 inquiunt,
742 452 918 516 nobis
964 453 1109 515 dare
1142 450 1568 533 promissiones
1587 452 1639 515 is
1658 451 1760 534 qui
1784 456 2054 514 mortuus

2157 442 2313 535 Ξούναι
2383 446 2480 535 τὰς
2549 447 2868 530 ἐπαγγελίας
2948 455 2977 509 6
3046 452 3375 530 ἀποθανών;
3462 453 3801 535 Περιστρέφει

415 550 504 602 est
518 541 1210 624 2587Retorquetigitur
1226 548 1286 602 et
1306 542 1565 604 ostendit
1586 541 1739 624 quod
1755 540 1871 602 alio
1886 538 2063 601 modo

2157 534 2234 624 ἶῦν
2278 537 2362 593 καὶ
2403 534 2680 614 δείκνυσιν,
2743 543 2837 598 οὒκ
2890 539 3065 607 ἄλλως
3121 546 3265 620 ἡμᾶς
3323 534 3637 620 δυναμένους
3695 534 3802 601 λα-

415 647 535 691 non
554 619 955 709 potuissemus
970 619 1379 694 hereditatem
1399 637 1456 691 et
1479 619 1930 712 promissionem
1953 644 2061 689 ac-

2157 619 2262 712 Ξεϊν
2291 625 2403 712 ,τὴν
2471 626 2824 706 κληρονομίαν
2892 633 2979 689 καὶ
3031 634 3129 701 την
3167 619 3548 712 ἐπαγγελίαν,
3622 636 3667 690 εί
3721 634 3803 710 μὴ

415 708 638 799 cipere,
672 719 788 781 nisi
816 728 1084 782 mortuus
1140 718 1350 780 fuisset
1379 708 1671 784 Christus.
1709 742 1742 778 ς
1771 716 2061 793 Quoniam

2157 709 2533 804 ἐτετελευτήκει
2594 720 2622 774 6
2680 720 2924 799 Χριστός,
2990 743 3018 777 ε
3076 718 3227 780 Ἐπεὶ
3283 708 3371 797 μη
3421 743 3550 779 ποτε
3592 708 3801 804 ἰσχύσει

416 825 559 902 num
609 809 964 902 quandoque
990 808 1144 902 valet
1192 807 1443 902 quando
1462 809 1600 871 vivit
1629 804 2064 902 testatorl_Per

2157 798 2341 902 ἶτιυζῇ
2383 806 2410 860 6
2468 802 2843 902 διατιθέμενος,
2914 832 2937 864 ι
3001 808 3133 869 Κατ’
3192 810 3450 890 ἐρώτησιν
3510 798 3797 891 ἀνάγνωθι.

413 894 945 976 interrogationem
990 897 1195 977 legito.
1255 922 1280 951 «
1313 895 1485 960 Unde
1515 916 1590 959 ne
1619 898 1783 979 prius
1813 896 2057 979 quidem

2157 912 2171 982 ι
2213 893 2385 982 ἐῸθεν
2444 893 2559 950 οὐδὲ
2620 898 2650 964 ἦ
2703 897 2913 977 πρώτη.
2968 922 2992 956 ι
3043 901 3143 958 Καὶ
3181 899 3338 975 οὕτω,
3372 901 3524 981 φησὶ,
3568 901 3799 982 θανάτῳ,

413 983 581 1046 illud.
618 1010 642 1044 υ
682 987 755 1049 Et
785 987 933 1048 adeo
961 995 1172 1061 morte,
1200 984 1413 1066 inquit,
1448 987 1830 1049 conﬁrmatur
1879 996 2058 1048 testa-

414 1082 707 1148 mentum,
741 1076 897 1156 quod
933 1075 1094 1156 prius
1123 1094 1358 1157 quoque
1387 1074 1532 1138 illud
1568 1094 1673 1157 pro
1706 1084 1894 1138 morte
1913 1095 2057 1139 san-

413 1163 650 1238 guinem
674 1163 948 1226 habuerit
978 1164 1185 1227 mortis
1215 1163 1568 1245 symbolum,
1597 1165 1658 1226 in
1689 1184 1841 1227 novo
1864 1175 2060 1229 autem

411 1269 552 1314 vere
583 1262 834 1316 mortem
869 1254 1047 1316 habet
1083 1272 1098 1317 :
1130 1272 1200 1315 eo
1229 1254 1387 1335 quod
1443 1253 1544 1315 illa
1573 1253 1809 1336 quidem
1859 1255 2062 1335 ﬁgurae

414 1345 969 1423 erant,quaeveroin
993 1362 1163 1415 novo,
1202 1343 1438 1405 veritas.
1483 1343 1757 1424 «Absque
1774 1346 2059 1423 sanguine

417 1429 756 1494 dedicatum
790 1433 917 1495 iuit.
956 1458 982 1488 ι
1019 1433 1102 1495 Ac
1144 1432 1193 1493 si
1236 1430 1465 1494 diceret
1490 1450 1503 1495 :
1528 1435 1656 1496 Non
1679 1434 1928 1496 cessavit
1957 1441 2058 1495 aut

413 1517 791 1583 intermissus
837 1531 926 1584 est
954 1523 1192 1603 sanguis
1220 1522 1311 1583 vel
1367 1522 1440 1584 ad
1472 1531 1703 1604 tempus
1735 1523 2058 1599 modicum,

416 1607 520 1669 sed
544 1610 888 1689 protinusut
912 1620 1328 1675 testamentum
1359 1611 1702 1674 dedicatum
1737 1620 1848 1693 est,
1886 1612 2062 1675 etiam

413 1698 763 1776 sanguinem
795 1700 1001 1763 habuit
1029 1702 1518 1783 subsequentem.

494 1786 589 1863 IX,
624 1789 831 1853 19-99.
882 1790 1035 1854 Cum
1078 1793 1238 1853 enim
1278 1792 1474 1855 Moses
1503 1809 1676 1854 omne
1691 1797 2065 1871 prwceptum

401 1879 590 1953 juwla
605 1876 789 1958 legem
811 1882 1184 1962 exposuisset
1211 1882 1377 1943 omni
1401 1882 1649 1962 populo,
1675 1887 1911 1961 sumpto
1923 1896 2064 1941 sun-

405 1967 596 2041 guine
616 1970 953 2033 vitulorum
969 1977 1025 2034 et
1039 1971 1353 2034 hircorum
1373 1988 1515 2032 cum
1534 1987 1692 2048 aqua
1710 1970 1921 2032 etlana
1937 1985 2066 2031 coc-

411 2058 549 2119 cina
567 2076 640 2120 ac
680 2060 960 2142 hyssopo,
993 2064 1185 2125 simul
1212 2070 1270 2122 et
1308 2063 1505 2139 ipsum
1534 2060 1758 2123 librum
1789 2066 1844 2121 et
1875 2064 2061 2121 tolum

404 2146 697 2228 populum
718 2150 1714 2230 aspersit,dicens:Hicestsanguis
1728 2149 2063 2221 testamenti

407 2237 565 2316 quod
583 2238 1081 2302 mandavitvobis
1099 2239 1559 2321 Deuansuper
1569 2246 1781 2301 autem
1792 2245 1844 2300 et
1864 2235 2063 2321 taber-

405 2325 693 2389 naculum
716 2334 774 2390 et
792 2335 1002 2391 omnia
1027 2346 1176 2393 vasa
1190 2330 1520 2393 ministerii
1534 2326 2063 2408 sanguinesimili-

409 2417 976 2496 teraspergebaLEt
992 2424 1199 2482 omnia
1214 2418 1343 2498 fere
1354 2419 1689 2482 secundum
1707 2416 1898 2496 legem
1912 2432 2059 2477 san-

408 2510 593 2583 guine
609 2507 1045 2587 puriﬁcantur,
1078 2514 1134 2571 et
1181 2509 1403 2589 absque
1436 2508 1759 2588 sanguinis
1778 2504 2063 2585 eﬂ'usione

408 2609 534 2655 non
550 2595 619 2675 ﬁt
643 2598 1157 2679 remissithaque
1184 2616 1426 2662 necesse
1471 2604 1558 2660 est
1599 2602 1666 2657 ut
1686 2593 2062 2672 exemplaria

411 2684 655 2762 Quidem
679 2702 885 2749 eorum
905 2706 1041 2769 quae
1055 2697 1200 2751 sunt
1216 2691 1283 2751 in
1306 2686 1664 2761 ccelis,hisce
1685 2684 1861 2747 rebus
1878 2689 2060 2763 puri-

410 2770 712 2859 ﬁoenlur;
732 2782 1012 2840 caeterum
1043 2778 1179 2859 ipsa
1208 2777 1461 2841 cwleslia
1492 2773 1848 2838 melioribus
1876 2790 2063 2853 quam

411 2858 505 2922 hoe
533 2862 661 2924 sint
688 2867 969 2942 victimis,
1002 2858 1404 2931 mandentur.

497 2951 805 3034 Siquidem
838 2955 939 3018 ubi
974 2958 1162 3022 Moses
1210 2958 1441 3019 locutus
1473 2966 1631 3020 esset
1673 2960 2055 3039 praeceptum,

2088 1666 2126 1715 B

2141 975 2441 1054 βεϐαιοῦται
2470 983 2504 1051 ἡ
2537 975 2788 1065 διαθήκη,
2819 985 2900 1042 ὅτι
2930 989 3018 1045 καὶ
3059 989 3093 1057 ἡ
3152 989 3340 1068 πρώτη
3387 975 3522 1046 άντὶ⁷
3551 975 3801 1070 θανάτου,

2140 1071 2280 1144 αἷμα
2312 1070 2461 1151 εἶχε,
2521 1074 2580 1129 τὸ
2620 1074 2713 1130 105
2762 1076 2985 1134 θανάτου
3045 1076 3307 1153 σύμϐολον
3341 1098 3357 1115 ο
3436 1075 3521 1135 ἐπὶ
3577 1076 3633 1134 δὲ
3701 1083 3803 1145 τῆς

2146 1154 2285 1247 χέας,
2322 1159 2413 1247 16v
2456 1158 2622 1226 ὅντως
2652 1162 2873 1221 θάνατον
2904 1163 3046 1247 ἔχει,
3097 1168 3241 1226 Καθὰ
3297 1166 3479 1224 ἐκεῖνα
3522 1167 3618 1243 μὲν
3651 1167 3804 1224 τύποι

2141 1242 2298 1335 ἦσαν,
2326 1246 2547 1335 ἀλήθεια
2576 1248 2653 1330 δὲ,
2688 1253 2753 1309 τὰ
2784 1252 2836 1308 ἐν
2866 1242 3079 1331 νέᾳ,
3125 1279 3152 1310 α
3189 1257 3359 1335 Χωρὶς
3389 1242 3622 1332 αἵματος
3655 1254 3808 1335 ἐγκε-

2141 1333 2419 1425 καίνισται.
2460 1360 2483 1394 n
2524 1330 2615 1403 (δὶς
2668 1343 2712 1396 εί
2768 1330 2925 1400 εἶπεν
2971 1366 2977 1371 ·
3039 1346 3112 1402 Οὐ
3166 1330 3397 1401 διέλειπε
3452 1330 3624 1425 βραχὺ
3681 1330 3806 1423 γοῦν

2140 1422 2337 1501 χρόνον
2348 1427 2406 1481 τὸ
2429 1430 2592 1508 αἷμα,
2623 1429 2743 1486 ἀλλ’
2772 1431 2883 1506 ἅμα
2913 1433 2972 1488 τὸ
2993 1432 3384 1512 ἐγκαινισθῆναι
3405 1422 3502 1502 τὴν)
3523 1422 3806 1509 δίάθήδὶην,

2143 1514 2233 1569 καὶ
2262 1516 2321 1571 τὸ
2350 1520 2491 1590 αἷμα
2517 1517 2649 1599 ἔσχε
2680 1521 3081 1585 συνακύλουθον,

2236 1803 2264 1835 α
2348 1784 2681 1856 Λαληθείσης
2750 1792 2849 1869 γὰρ
2919 1791 3096 1858 πάσης
3174 1789 3393 1859 ἐντολῆς
3451 1792 3585 1849 κατᾶ
3641 1793 3805 1868 νόμον

2145 1872 2249 1927 ὑπὸ
2306 1874 2538 1940 Μωσέως
2624 1881 2776 1937 παντὶ
2845 1884 2922 1956 τῷ
2993 1880 3130 1956 λαῷ,
3191 1879 3368 1938 λαϐὼν
3407 1884 3469 1939 16
3526 1882 3669 1957 αῖμα
3699 1887 3809 1937 τῶν

2148 1962 2374 2043 μόσχων
2443 1968 2530 2022 καὶ
2612 1969 2821 2047 τράγων
2898 1970 3033 2047 μετὰ
3087 1968 3274 2035 ὕδατος
3332 1973 3421 2028 καὶ
3476 1971 3612 2050 ἐρίου
3667 1991 3806 2027 κοκ-

2145 2054 2288 2109 κίνου
2377 2057 2465 2111 καὶ
2551 2058 2821 2138 ὑσσώπου,
2912 2059 3037 2118 αὐτό
3134 2081 3192 2116 τε
3288 2061 3349 2117 τό
3431 2058 3634 2137 βιϐλίον
3718 2062 3806 2117 καὶ

2144 2140 2314 2199 πάντα
2395 2146 2486 2201 τὸν
2570 2144 2721 2223 λαὸν,
2808 2147 3094 2227 ἐρράντισε,
3182 2147 3352 2228 λέγων
3388 2167 3403 2184 ⁸
3490 2155 3657 2207 Τοῦτο
3741 2151 3804 2205 16

2144 2235 2283 2316 αἷμα
2327 2234 2463 2301 ’τῆς
2534 2232 2812 2310 διαθήκης,
2885 2240 2954 2304 ἧς
3007 2236 3304 2297 ἐνετείλατο
3361 2238 3491 2316 πρὸς
3547 2240 3686 2314 ὑμᾶς
3774 2240 3803 2295 6

2144 2312 2329 2377 Θεός.’
2368 2316 2465 2372 Καί
2544 2319 2643 2384 τὴν
2719 2317 2924 2385 σκηνὴν
2993 2316 3046 2375 δὲ
3117 2320 3205 2375 καὶ
3273 2312 3447 2375 πάντα
3516 2312 3591 2374 τὰ.
3637 2319 3802 2386 σκεύη

2141 2402 2240 2469 τῆς
2337 2401 2659 2485 λειτουργίας
2758 2411 2837 2482 τῷ
2937 2408 3161 2484 α’ἷμκτι-
3225 2407 3422 2484 ὁμοίως
3505 2407 3800 2486 ἐρῤάντισε,

2146 2493 2242 2548 Καὶ
2272 2492 2465 2573 σχεδὸν
2493 2494 2548 2550 ἐν
2575 2494 2767 2571 α’ἷματι
2797 2497 2969 2553 πάντα
2988 2498 3315 2577 καθαρίζεται
3344 2497 3479 2553 κατὰ
3499 2500 3590 2553 τὸν
3611 2496 3799 2573 νόμον,

2146 2582 2246 2638 Καὶ
2290 2583 2457 2661 χωρὶς
2512 2587 2929 2667 αἱματεκχυσίας
2972 2586 3032 2643 οὗ
3077 2588 3275 2665 γίνεται
3322 2585 3528 2668 ἄφεσις.
3562 2584 3801 2664 Ἀνάγκη

2145 2670 2233 2726 οὖν
2260 2672 2328 2726 τὰ
2374 2672 2471 2748 μὲν
2523 2674 2881 2755 ὑποδείγματα
2926 2682 3033 2733 τῶν
3063 2675 3117 2732 ἐν
3149 2689 3268 2739 τοῖς
3299 2677 3538 2754 ούρανοϊς
3595 2676 3801 2739 τούτοις

2145 2761 2531 2837 καθαρίζεσθαι,
2567 2764 2698 2821 αὐτὰ
2726 2761 2782 2820 δὲ
2838 2766 2904 2821 τὰ
2946 2764 3249 2845 ἐπουράνια,
3310 2764 3571 2844 κρείττοσι
3600 2762 3805 2827 θυσίαις

2144 2849 2285 2925 παρὰ
2312 2849 2524 2913 ταύτας.

3233 2812 3249 2845 ἳ

3610 2957 3638 2968 ..ι

2232 2956 2378 3011 Μετὰ
2407 2956 2506 3034 γὰρ
2548 2956 2608 3011 16
2652 2953 2881 3023 λαλῆσαι
2936 2956 3037 3023 τὴν
3091 2950 3337 3025 ἐντολὴν,
3396 2950 3516 3008 τότε
3568 2957 3647 3025 τῷ
3705 2948 3804 3007 αἵ-

415 3046 559 3104 tunc
582 3028 871 3125 sanguine
893 3046 1169 3128 aspersit.
1208 3072 1235 3103 α
1267 3049 1434 3109 Juxta
1467 3028 1690 3127 legem:
1722 3071 1741 3103 r
1776 3028 2065 3121 Quemad-

2157 3066 2279 3120 ματι
2336 3028 2629 3123 ἐρῤάντισεν
2700 3047 2728 3101 6
2784 3050 3007 3111 Μωσῆς,
3079 3066 3105 3098 ι
3169 3042 3316 3101 Κατά
3372 3043 3460 3098 τὸν
3496 3041 3721 3116 ονόμον.
3773 3059 3802 3100 ι

416 3130 678 3204 modum,
736 3134 947 3216 inquit.
986 3137 1185 3198 statuit
1233 3137 1414 3212 Deus,
1464 3139 1631 3217 juxta
1686 3137 1795 3200 Dei
1849 3136 2064 3215 legem.

421 3218 703 3303 «Sumpto
726 3225 1014 3304 sanguine
1034 3225 1411 3287 vitulorum.»
1457 3226 1568 3289 Hic
1599 3227 1840 3304 sanguis
1886 3227 2072 3304 ﬁgura

416 3318 543 3372 erat
596 3313 902 3390 sanguinis
960 3315 1064 3378 Dei
1125 3335 1195 3377 ac
1253 3313 1566 3379 Salvatoris
1618 3317 1803 3378 nostri
1832 3318 2071 3397 quinos

418 3402 682 3480 purgavit
698 3403 770 3465 ab
791 3403 951 3465 omni
973 3405 1227 3467 macula.
1262 3408 1437 3469 «Cum
1459 3424 1667 3487 aqua.»
1713 3406 1884 3487 Aqua
1915 3406 2064 3486 ﬁgu-

417 3506 483 3550 ra
515 3502 641 3553 erat
671 3491 975 3573 baptismi.
1018 3519 1046 3551 α
1081 3495 1152 3557 Et
1190 3495 1328 3557 lana
1356 3500 1599 3557 coccina
1626 3514 1692 3556 ac
1713 3496 2000 3576 hyssopo.
2040 3517 2063 3553 υ

417 3581 582 3641 Lana
611 3590 669 3643 et
700 3584 989 3664 hyssopus
1003 3585 1392 3647 sumebantur
1406 3593 1646 3667 propter
1660 3604 1860 3646 earum
1876 3592 2071 3645 reten-

417 3670 664 3732 tionem.
694 3672 1001 3753 Siquidem
1047 3675 1334 3756 hyssoytus
1387 3694 1518 3738 cum
1554 3675 1739 3735 densa
1770 3674 1847 3736 sit
1874 3693 1942 3735 ac
1975 3680 2068 3735 te-

419 3778 564 3821 nera
593 3763 944 3842 sanguinem
975 3763 1275 3827 retinebat
1302 3782 1372 3826 ac
1403 3762 1782 3845 aspergebat,
1815 3764 2071 3844 lanaque

419 3849 718 3913 similiter.
764 3852 1020 3916 Coccina
1076 3872 1215 3917 vero
1270 3866 1393 3915 erat
1434 3854 1567 3915 lana
1617 3862 1679 3915 ut
1712 3855 1837 3934 ipso
1871 3853 2072 3914 colore

420 3946 616 4019 typum
650 3942 829 4004 ferret
858 3943 1168 4023 sanguinis
1223 3943 1462 4007 Christi.
1504 3968 1529 3998 α
1566 3941 1754 4006 Simul
1789 3950 1847 4005 et
1876 3942 2071 4022 ipsum

421 4028 661 4091 librum.
677 4033 892 4096 nLiber
914 4042 1080 4115 typus
1102 4041 1227 4095 erat
1248 4031 1753 4113 credentium,qui
1773 4032 1833 4092 in
1857 4031 2072 4112 seipsis

421 4121 641 4184 habent
667 4122 779 4184 Dei
810 4123 1024 4202 legem.
1068 4148 1094 4178 α
1125 4125 1377 4204 Insuper
1403 4131 1600 4185 autem
1635 4130 1694 4185 et
1726 4120 2074 4183 tabernacu-

423 4210 955 4276 lum.»388Etiam
982 4212 1427 4275 tabernaculum
1453 4213 1638 4291 ﬁgura
1660 4219 1786 4273 erat
1816 4210 2072 4273 creden-

2156 3135 2361 3205 Καθὼς,
2423 3136 2605 3214 φησὶν,
2665 3137 2691 3191 ὁ
2749 3136 2875 3198 Θεὸς
2935 3133 3309 3210 ἐνομοθέτησε,
3353 3153 3490 3188 κατα
3562 3132 3653 3187 τὸν
3710 3136 3806 3186 τοῦ

2154 3230 2286 3280 Θεοῦ
2314 3224 2499 3300 νόμον.
2554 3246 2577 3279 ¢
2630 3222 2814 3281 Λαϐὼν
2871 3226 2970 3305 γὰρ
3024 3226 3085 3280 τὸ
3130 3227 3270 3299 αἷμα
3326 3228 3433 3279 τῶν
3476 3221 3723 3300 μόσχων.
3782 3242 3803 3275 I

2153 3312 2324 3376 Τύπος
2353 3312 2418 3380 ἦν
2446 3312 2601 3369 τοῦτο
2652 3314 2714 3369 τὸ
2775 3313 2913 3390 α’ίμα
2967 3322 3060 3372 τοῦ
3101 3313 3332 3388 α’ίματος
3387 3313 3481 3368 τοῦ
3538 3316 3670 3366 Θεοῦ
3723 3310 3815 3365 καὶ

2153 3402 2405 3480 Σωτῆρος
2462 3404 2639 3476 ἡμῶν,
2702 3409 2793 3460 τοῦ
2868 3404 3189 3481 καθάραντος
3263 3403 3404 3478 ἡμᾶς
3461 3400 3567 3456 ἀπὸ
3634 3399 3813 3466 πάσης

2151 3489 2397 3557 κηλῖδος.
2441 3512 2464 3547 ιι
2502 3493 2647 3549 Μετὰ
2677 3490 2885 3557 ὕδατος.
2952 3516 2978 3546 »
3044 3495 3114 3551 T6
3174 3489 3333 3572 ὕδωρ,
3380 3491 3539 3555 τύπος
3595 3488 3661 3556 ἧν
3719 3495 3815 3545 τοῦ

2153 3580 2538 3661 βαπτῖσματος.
2597 3605 2624 3637 α
2674 3584 2770 3640 Καὶ
2814 3582 2950 3661 ἐρίου
3007 3584 3249 3638 κοκκίνου
3294 3581 3383 3637 καὶ
3442 3578 3710 3635 ὑσσώπου.
3778 3599 3806 3631 ιν

2157 3659 2348 3746 ’Ἐριον
2402 3675 2489 3728 καὶ
2545 3671 2788 3729 ὕσσωπον
2848 3671 3196 3750 ἐλαμϐάνετο,
3256 3670 3340 3728 διὰ
3381 3671 3442 3727 16
3497 3668 3809 3748 κρατητικὸν

2156 3766 2349 3826 αὖτῶν.
2411 3766 2481 3822 T6
2524 3766 2624 3844 γὰρ
2665 3764 2909 3821 ὕσσωπον
2969 3765 3165 3820 πυκνὸν
3225 3762 3467 3841 ὅπάρχον
3509 3759 3595 3815 καὶ
3659 3756 3808 3812 ἀπα-

2154 3852 2271 3935 λὸν,
2322 3853 2527 3933 ἐκράτει
2577 3856 2638 3910 16
2682 3858 2823 3930 αἷμα
2874 3855 2963 3910 καὶ
3019 3851 3335 3932 ἒῤῥάντιζεν,
3397 3850 3485 3907 καὶ
3541 3849 3601 3905 16
3670 3845 3812 3925 ’ἐριον

2155 3943 2375 4018 ὁμοίως.
2413 3943 2667 4001 Κόκκινον
2693 3941 2747 3999 δὲ
2773 3942 2840 4011 ἦν
2883 3944 2943 3999 τὸ
2974 3940 3134 4022 ἔριον,
3166 3940 3259 3996 ’ίνα
3288 3940 3375 3995 καὶ
3405 3937 3467 3995 ἐκ
3494 3942 3592 4005 τῆς
3624 3941 3815 4016 χροιᾶς

2154 4032 2318 4088 τύπον
2346 4031 2479 4112 φέρῃ
2529 4040 2622 4089 τοῦ
2670 4031 2902 4108 αἵματος
2944 4038 3038 4088 τοῦ
3079 4037 3324 4110 Χριστοῦ.
3379 4051 3401 4083 ι
3463 4026 3600 4087 Αύτό
3642 4046 3700 4081 τε
3753 4027 3818 4080 τὸ

2154 4111 2374 4196 βιϐλίον,
2415 4111 2439 4179 ε
2478 4121 2650 4187 Τύπος
2679 4121 2746 4189 ἧν
2775 4126 2881 4177 τῶν
2927 4122 3128 4177 πιστῶν
3185 4119 3247 4174 τὸ
3299 4114 3526 4194 βιϐλίον,
3599 4120 3706 4171 τῶν
3763 4111 3820 4168 ἐν

2156 4209 2367 4273 ἑαυτοῖς
2422 4210 2660 4291 ἐχόντων
2701 4212 2791 4267 τὸν
2849 4211 3011 4286 νόμον
3066 4215 3157 4266 τοῦ
3218 4212 3372 4267 Θεοῦ.
3450 4228 3479 4260 α
3555 4204 3653 4263 Καὶ
3718 4202 3820 4271 τὴν

426 4300 597 4374 tium,
624 4310 869 4383 propter
890 4302 949 4364 id
982 4301 1138 4383 quod
1170 4302 1454 4383 scriptum
1488 4310 1577 4363 est
1610 4322 1623 4362 :
1658 4325 1685 4356 α
1721 4298 2069 4362 lnhabitabo

2158 4299 2359 4367 σκηνὴν
2401 4297 2477 4359 δέ.
2525 4322 2548 4358 ι
2627 4301 2725 4357 Καὶ
2766 4301 2801 4369 ἡ
2861 4299 3033 4366 σκηνὴ
3081 4301 3239 4360 τύπος
3297 4295 3365 4363 ἧν
3423 4294 3530 4351 τῶν
3585 4294 3813 4371 πιστῶν,

424 4390 487 4452 in
510 4391 628 4453 illis
651 4400 710 4454 et
731 4391 1114 4454 inambulabo
1134 4392 1259 4456 47.)
1296 4424 1374 4435 -
1401 4415 1429 4447 α
1456 4391 1525 4453 Et
1544 4391 1744 4452 omnia
1765 4389 1949 4453 fere.»
1986 4385 2075 4451 Ob

421 4480 481 4543 id
514 4480 683 4559 dixit,
721 4481 892 4558 Fere,
929 4482 1207 4563 quoniam
1263 4499 1382 4542 non
1433 4498 1578 4561 pure
1619 4497 1813 4560 neque
1843 4478 2079 4542 sincere

421 4578 564 4633 tunc
614 4571 1105 4653 puriﬁcabantur,
1176 4570 1472 4652 siquidem
1534 4570 1876 4650 corporales
1936 4577 2076 4630 tunc

421 4667 591 4723 erant
619 4660 1085 4743 puriﬁcationes,
1115 4678 1248 4723 cum
1285 4659 1406 4740 typi
1439 4666 1639 4721 essent
1685 4675 1892 4720 eorum
1945 4676 2078 4739 quae

420 4769 581 4813 nunc
614 4758 675 4814 et
693 4749 926 4812 animas
955 4759 1014 4812 et
1045 4767 1295 4830 corpora
1330 4749 1679 4830 puriﬁcant:
1716 4745 1819 4809 «Et
1847 4747 2075 4829 absque

419 4838 724 4921 sanguinis
758 4839 1050 4903 eﬂ'usione
1072 4858 1191 4901 non
1222 4839 1298 4900 sit
1329 4837 1623 4901 remissio.
1654 4861 1677 4897 η
1711 4835 2081 4899 Videbantur

420 4931 580 4993 enim
613 4928 789 4991 etiam
820 4937 958 4992 tunc
979 4927 1324 5009 hujusmodi
1349 4926 1795 5009 puriﬁcationes
1814 4925 2081 5008 praabere

421 5017 865 5083 remissionem.
906 5044 931 5076 ιι
987 5017 1190 5100 Itaque
1222 5035 1472 5081 necesse
1502 5025 1592 5078 est
1622 5024 1684 5078 ut
1715 5016 2084 5096 exemplaria

424 5107 664 5189 quidem
687 5127 895 5170 eorum
916 5128 1049 5190 quae
1064 5117 1202 5170 sunt
1218 5107 1280 5170 in
1297 5107 1466 5170 caelis
1478 5157 1490 5170 .
1502 5132 1528 5163 η
1541 5105 1816 5170 Οωιεειὶει
1831 5113 1999 5167 vocat
2017 5124 2088 5167 ea

424 5195 1635 5277 quassuminNovoTestamentozquoniam
1654 5212 1959 5256 sacrorum
1980 5194 2094 5255 ini-

424 5284 729 5365 tiatioqure
744 5285 801 5347 in
816 5286 944 5366 ipso
968 5287 1032 5347 ﬁt
1047 5286 1492 5353 cmlestisestmc
1505 5283 1781 5347 cozlestes
1793 5281 2096 5345 civessunt

430 5374 664 5449 ﬁdeles,
688 5394 1019 5456 quanquam
1045 5376 1284 5437 interim
1307 5381 1620 5439 versentur
1645 5374 1706 5435 in
1732 5381 1888 5435 terra
1920 5392 1934 5432 :
1964 5392 2095 5455 quae

430 5465 591 5527 enim
624 5467 683 5525 in
719 5464 919 5527 Veteri
938 5474 1128 5542 erant,
1162 5463 1527 5546 exemplaria
1575 5463 1842 5544 fuerunt,
1868 5470 1935 5526 ut
1963 5482 2097 5544 quae

507 5633 568 5685 47
601 5633 781 5697 Levit.
815 5650 974 5713 xxvr,
1011 5634 1129 5712 12;
1160 5633 1214 5699 II
1242 5633 1378 5697 Cor.
1410 5651 1493 5711 vr,
1531 5633 1630 5699 16.

2160 4387 2244 4446 διὰ
2272 4391 2356 4464 16,
2411 4413 2439 4446 α
2473 4388 2771 4460 Ἐνοικήσω
2814 4388 2870 4446 ἐν
2927 4391 3108 4453 αὐτοῖς
3160 4387 3249 4442 καὶ
3291 4382 3731 4463 ἐμπεριπατήσω,
3789 4403 3811 4435 ι

2160 4511 2237 4523 -
2273 4500 2296 4536 α
2336 4481 2440 4558 Καὶ
2462 4479 2633 4535 πάντα
2665 4476 2881 4558 σχεδόν.
2921 4500 2946 4533 ι)
2996 4474 3226 4557 Σχεδὸν,
3272 4472 3356 4530 διὰ
3414 4481 3570 4532 τοῦτο
3636 4472 3818 4551 εἶπεν,

2161 4511 2237 4523 -
2273 4500 2296 4536 α
2336 4481 2633 4637 Καῖςῑάντα
2665 4481 2881 4558 σχεδόν.
2921 4500 2946 4533 n
2996 4481 3226 4557 Σχεδὸν,
3272 4481 3356 4530 διὰ
3414 4481 3570 4532 τοῦτο
3636 4481 3818 4551 εἶπεν,

2161 4567 2344 4637 ἐπειδὴ
2415 4593 2455 4645 μ
2555 4572 2794 4648 καθαρῶς
2848 4567 2936 4624 καὶ
2994 4565 3284 4645 εἰλικρινῶς
3338 4562 3459 4620 τότε
3515 4561 3822 4639 ἐκαθαρίζε-

2162 4681 2246 4721 το.
2306 4658 2437 4717 Τότε
2480 4659 2579 4737 γὰρ
2632 4657 2929 4733 σωματικοὶ
2984 4655 3120 4723 ἦσαν
3182 4657 3230 4709 οἱ
3285 4652 3641 4732 καθαρισμοὶ,Δ
3669 4650 3824 4706 τύποι

2161 4749 2304 4813 ὄντες
2334 4755 2439 4805 τῶν
2471 4756 2557 4806 νῦν
2589 4747 2769 4828 ψυχὰς
2800 4747 2888 4803 καὶ
2934 4744 3159 4821 σώματα
3205 4741 3582 4821 καθαιρόντων.
3644 4760 3668 4794 α
3726 4740 3827 4797 Καὶ

2162 4840 2333 4919 χωρὶς
2389 4825 2805 4917 αἱματεκχυσίας
2859 4837 2918 4893 οὗ
2960 4836 3161 4914 γίνεται
3218 4829 3421 4911 ἄφεσις.
3488 4852 3516 4885 ι
3573 4825 3825 4886 Ἐδόκουν

2304 4929 2393 4985 καὶ
2434 4928 2555 4985 τότε
2599 4916 2656 4983 oi,
2701 4934 2929 4985 τοιοῦτοι
2984 4923 3239 5002 καθαρμοὶ
3295 4916 3478 4999 ἔφεσιν
3535 4916 3707 4996 παρέγ
3722 4937 3824 4979 ειν,

2170 5005 2409 5095 Ἀνάγκη
2461 5017 2550 5074 οὖν
2599 5017 2667 5073 τὰ
2737 5016 2833 5090 μὲν
2888 5012 3245 5091 ὑποδείγματα
3303 5015 3409 5066 τῶν
3466 5008 3521 5065 ἐν
3568 5020 3686 5071 τοῖς
3743 5005 3833 5065 o6-

2173 5107 2381 5187 ρανοῖς,
2421 5130 2449 5162 π
2484 5107 2706 5187 Οὖράνια
2734 5105 2801 5161 τὰ
2829 5102 2881 5161 ἐν
2911 5108 2981 5180 τῇ
3008 5107 3169 5179 καινῇ
3211 5098 3380 5179 λέγει,
3439 5095 3623 5164 ἐπειδὴ
3773 5095 3830 5187 ἐν

2174 5182 2307 5273 αὒτῇ
2379 5182 2723 5275 μυσταγωγία
2788 5194 2997 5273 οὐρανία
3070 5191 3203 5271 ἐστὶ,
3276 5188 3365 5244 καὶ
3422 5182 3833 5275 οὐρανοπολϊταί

2176 5288 2306 5342 εἰσιν
2363 5289 2409 5342 οἱ
2463 5274 2667 5352 πιστοὶ,
2725 5285 2768 5340 εἰ
2816 5284 2904 5339 καὶ
2962 5281 3047 5337 ἐπὶ
3093 5283 3195 5358 γῆς
3246 5276 3381 5341 τέως
3437 5274 3828 5337 πολιτεύονται,

2181 5366 2572 5452 ’Υποδείγματα
2613 5374 2713 5452 γὰρ
2772 5372 2839 5428 τὰ
2891 5375 2990 5438 τῆς
3042 5367 3294 5442 παλαιᾶς,
3354 5367 3426 5430 ὡς
3484 5365 3639 5422 τύποι
3706 5360 3834 5421 ὄντα

2178 5470 2276 5532 τῆς
2306 5451 2450 5528 νέας.
2491 5488 2518 5519 ι
2551 5451 2765 5526 Τούτοις
2817 5460 3196 5540 καθαρίζεσθαι.
3256 5479 3279 5513 ι
3328 5464 3458 5519 Τοῖς
3506 5451 3830 5533 εἰρημένοις.
