4132 6452
371 382 473 450 381
1505 379 1907 448 COMMENT.
1950 378 2036 441 IN
2080 379 2323 443 EPIST.
2372 380 2475 443 AD
2516 381 2747 444 HEBR.
3652 381 3768 449 382

372 540 398 577 ιι
430 520 573 577 Mira
601 517 657 576 δὲ
685 518 751 577 τὰ
779 518 1083 599 ἐπουράνια.
1118 541 1147 574 ι
1202 518 1278 578 Τὰ
1317 518 1414 586 τῆς
1461 517 1649 594 μένας.
1688 538 1717 573 α
1764 514 2019 595 Κρείττοσι

2118 512 2239 594 typi
2269 520 2438 577 erant
2466 512 2630 578 novi.
2651 537 2674 571 α
2706 512 2884 577 Hisce
2913 513 3097 578 rebus
3126 514 3539 595 puriﬁcentur.
3567 539 3594 571 κ
3625 514 3769 589 Quae

363 610 585 674 θυσίαις.
646 628 677 669 ι
734 606 884 667 Ἐπεὶ
934 606 1023 664 οὖν
1080 606 1277 689 ἔχρῃζε
1331 608 1469 665 κατὰ
1522 607 1617 674 τὰς
1665 605 1809 673 ἀξίας
1865 603 2019 661 αὒτιῖν

2119 601 2294 665 dictae
2315 610 2472 665 sunt.
2505 623 2536 664 (
2556 604 2847 668 Caeterum
2868 604 2997 685 ipsa
3012 604 3298 669 ccelestia.
3334 628 3354 662 δ
3378 604 3592 678 Quaein
3603 604 3765 668 Novo

365 700 658 780 κρείττονος
728 697 931 762 θυσίας.
1013 699 1170 761 αὐτὸς
1259 700 1287 755 6
1339 706 1434 756 τοῦ
1488 702 1619 754 Θεοῦ
1678 696 1797 759 Υἱὸς
1852 693 2019 770 ἐτύθη,

2115 699 2256 780 sunt
2275 691 2679 756 Testamento.
2702 715 2726 750 α
2755 692 3101 757 Melioribus
3115 693 3389 758 victimis.
3415 719 3442 753 ι
3474 693 3765 768 Quoniam

364 779 503 847 ὥστε
533 791 562 846 6
618 787 839 854 θανάτος
899 797 993 847 τοῦ
1048 788 1257 867 Κυρίου.
1318 787 1379 845 οὒ
1432 787 1592 863 μόνον
1635 785 1765 865 πρὸς
1821 785 1883 841 τὸ
1936 784 2019 860 βε-

2112 779 2293 860 igitur
2321 801 2470 863 opus
2495 783 2607 844 fuit
2627 783 2799 864 juxta
2826 784 3093 865 ipsorum
3157 783 3474 865 dignitates
3528 784 3768 848 meliori

364 880 588 940 ϐαιῶσαι
682 881 783 949 τὴν
875 877 1133 952 διαθήκην
1202 878 1451 960 ὠφέλησε
1535 880 1624 936 καὶ
1706 878 2022 957 ἐνήργησεν,

364 970 499 1029 ἀλλά
548 971 637 1028 καὶ
693 971 943 1050 πρὸς-,τὸ
1000 970 1324 1050 καθαρισμὸν
1390 967 1565 1045 ἀληθῇ
1619 968 1707 1025 καὶ
1791 966 2024 1046 ψυχικὸν

363 1047 780 1141 ἀπεργάσασθαι.
843 1047 1003 1116 ”Ανω
1051 1056 1105 1115 δὲ
1138 1047 1242 1116 ’καὶ
1285 1058 1432 1115 κάτω
1483 1059 1575 1114 τὸν
1630 1057 1851 1114 θάνατον
1883 1056 2023 1112 ἀπο-

361 1148 583 1209 δείκνυσι
638 1154 730 1206 τοῦ
788 1147 998 1228 Κυρίου,
1080 1147 1180 1215 τὴν
1253 1147 1517 1226 σωτηρίαν
1583 1152 1662 1220 τῷ
1729 1143 1870 1223 γένει
1915 1150 2022 1201 τῶν

361 1239 646 1320 ἀνθρώπων
690 1237 1070 1318 ἐργασάμενον,
1129 1235 1213 1293 διὰ
1269 1236 1328 1293 τό
1372 1259 1519 1301 τινας
1577 1240 1681 1292 τῶν
1712 1234 2021 1293 ἀσθενεστέ-

367 1354 471 1408 ρων
500 1328 926 1403 σκανδαλίζεσθαι
960 1329 1056 1386 ἰητπί
1084 1335 1161 1404 τῷ
1190 1336 1420 1410 σταυρῷ.

451 1621 475 1657 (ι
523 1605 597 1660 O6
638 1600 737 1680 γὰρ
794 1602 867 1664 εἰς
924 1600 1276 1680 χειροποίητα
1328 1598 1457 1678 ἅγια
1514 1595 1753 1665 εἰσῆλθεν
1797 1598 1825 1653 6
1883 1603 2016 1675 Χρι-

362 1692 486 1753 στὸς
586 1690 840 1749 ἀντίτυπα
923 1695 1028 1745 τῶν
1128 1687 1415 1770 ἀληθινῶν,
1507 1685 1626 1746 ἀλλ’
1698 1688 1769 1752 εἷς
1870 1687 2027 1743 αὐτὸν

359 1781 455 1837 τὸν
516 1780 760 1860 οὐρανὸν,
849 1788 935 1838 νῦν
1011 1778 1393 1860 ἐμφανισθῆναι
1470 1784 1547 1853 τῷ
1601 1782 1871 1855 προσώπῳ
1936 1782 2027 1833 τοῦ

362 1876 497 1927 Θεοῦ
564 1856 695 1947 ῦπὲρ
781 1870 961 1943 ἡμῶν,
1052 1856 1161 1924 οὔδ’
1245 1867 1339 1924 ἵνα
1427 1866 1685 1930 πολλάκις
1753 1866 2025 1947 προσφέρῃ

358 1960 573 2035 ἑαυτὸν,
673 1958 852 2038 ὥσπερ
950 1960 979 2015 6
1062 1957 1341 2038 ἀρχιερεὺς
1425 1956 1719 2037 εἰσέρχεται
1803 1958 1876 2020 εἰς
1958 1957 2024 2013 τὰ

359 2049 492 2127 ἅγια
579 2045 699 2105 κατ’
784 2047 1019 2104 ἐνιαυτὸν
1102 2046 1158 2103 ἐν
1245 2045 1437 2123 αἵματι
1506 2045 1787 2127 ἀλλοτρίῳ.
1876 2044 2023 2105 Ἐπεὶ

358 2136 467 2195 ἔδει
569 2139 727 2197 αὐτὸν
838 2136 1096 2200 πολλάκις
1206 2139 1395 2194 παθεῖν
1505 2135 1611 2192 ἀπὸ
1714 2133 2021 2204 καταϐολῆς

353 2227 585 2303 κόσμου.
667 2233 772 2286 Νῦν
842 2222 898 2283 δὲ
966 2222 1104 2290 ἅπαξ
1185 2223 1269 2282 ἐπὶ
1350 2222 1616 2297 συντελείᾷ
1697 2229 1803 2283 τῶν
1885 2226 2019 2282 αἰώ-

357 2338 471 2373 νων
554 2317 627 2382 εἰς
699 2314 953 2383 ἀθέτησιν
1016 2314 1297 2394 ἁμαρτίας,
1370 2312 1454 2372 διὰ
1508 2319 1606 2381 τῆς
1674 2316 1852 2381 θυσίας
1922 2319 2022 2375 αὖ·

359 2414 461 2465 τοῦ
576 2403 968 2484 πεφανέρωται,
1056 2405 1155 2463 Καὶ
1235 2403 1458 2461 καθόσον
1542 2403 1819 2461 ἀπόκειται
1904 2417 2021 2468 τοῖς

355 2493 659 2574 ἀνθρώποις
730 2492 869 2560 ἅπαξ
957 2494 1265 2569 ἀποθανεῖν,
1342 2495 1476 2570 μετὰ
1555 2492 1610 2550 δὲ
1680 2501 1834 2552 τοῦτο
1901 2497 2021 2575 κρί-

354 2605 445 2648 σις
479 2601 493 2616 ·
553 2582 718 2649 οὕτως
761 2584 851 2640 καὶ
879 2585 908 2639 6
939 2584 1189 2662 Χριστὸς,
1224 2582 1365 2649 ἅπαξ
1393 2585 1769 2663 προσενεχθεὶς
1828 2585 1900 2649 εἰς
1958 2586 2019 2642 τὸ

352 2671 457 2730 πο)
469 2670 576 2729 λῶν
607 2670 911 2751 ἀνενεγκεῖν
951 2672 1234 2752 ἁμαρτίας,
1262 2671 1323 2729 ὲκ
1350 2669 1589 2751 δευτέρου
1641 2674 1808 2752 χωρὶς
1841 2675 2018 2754 ἁμαρ-

352 2772 477 2826 τιας
535 2761 821 2842 ὀφθήσεται
877 2774 994 2825 τοῖς
1046 2763 1204 2819 αὐτὸν
1260 2759 1711 2841 ἀπεκδεχομένοις
1769 2764 1841 2826 εἰς
1905 2785 2017 2820 σω-

352 2851 544 2929 τηρίαν
557 2894 572 2910 .
607 2873 635 2906 ι

444 2937 666 3007 Ἐπειδή
699 2939 839 3019 μέγα
896 2939 1142 3021 ἐφρόνουν
1198 2939 1283 2997 ἐπὶ
1338 2946 1415 3015 τῷ
1471 2943 1581 3015 ναῷ
1649 2944 1696 2998 οἰ
1750 2939 2019 3017 Ἰουδαῖοι,

353 3027 457 3109 ὅρα
531 3032 645 3094 πῶς
701 3032 944 3109 καθαιρεῖ
998 3030 1124 3088 αὐτὸ
1185 3036 1254 3107 τῇ
1308 3029 1590 3105 παραθέσει
1632 3032 1726 3086 τοῦ
1780 3031 2016 3110 οὐρανοῦ.

2112 869 2348 935 victima
2376 879 2436 934 et
2463 873 2782 945 sacriﬁcio,
2814 872 2943 953 ipse
2996 872 3105 938 Dei
3157 872 3345 935 Filius
3401 875 3765 937 sacriﬁcatus

2106 967 2217 1023 est.
2250 963 2414 1024 Mors
2443 961 2643 1042 itaque
2702 960 2942 1024 Domini
3005 981 3123 1024 non
3181 964 3251 1024 ad
3287 964 3763 1026 conﬁrmandum

2105 1047 2389 1112 duntaxat
2408 1058 2833 1113 testamentum
2870 1051 3091 1132 profuit
3146 1068 3215 1115 ac
3248 1053 3361 1114 vim
3395 1053 3623 1127 habuit,
3654 1071 3760 1115 ve-

2104 1154 2235 1198 rum
2270 1139 2449 1201 etiam
2467 1139 2540 1202 ad
2563 1140 2677 1202 hoc
2697 1149 2758 1202 ut
2800 1160 3000 1204 veram
3038 1141 3253 1204 animae
3277 1142 3756 1224 puriﬁcationem

2104 1224 2390 1291 efficeret.
2418 1228 2489 1290 Et
2509 1230 2571 1290 in
2592 1230 3068 1311 praecedentibus
3090 1240 3286 1294 autem
3322 1239 3380 1292 et
3408 1232 3468 1293 in
3504 1251 3762 1313 sequen-

2107 1313 2264 1378 tibus
2288 1317 2657 1381 demonstrat
2685 1319 2924 1382 Domini
2958 1329 3211 1384 mortem
3244 1321 3507 1383 humano
3546 1320 3757 1401 generi

2102 1414 2402 1485 operatam
2429 1427 2563 1471 esse
2590 1409 2868 1485 salutem,
2891 1430 2960 1472 eo
2976 1411 3131 1491 quod
3149 1410 3399 1473 nonnuli
3415 1410 3763 1474 imbecillio-

2099 1511 2200 1556 res
2227 1496 2673 1561 oﬂ‘enderentur
2702 1506 2942 1580 propter
2971 1518 3239 1563 crucem.

2190 1584 2295 1662 IX,
2328 1588 2537 1651 94-?8.
2572 1588 2709 1652 Non
2740 1592 2906 1653 enim
2932 1593 3000 1653 in
3028 1595 3385 1672 manufacta
3413 1601 3625 1656 sancta
3658 1593 3761 1654 in-

2107 1694 2352 1757 gressus
2382 1687 2475 1741 est
2503 1679 2788 1744 Christus
2819 1681 3201 1762 exemplaria
3222 1700 3530 1759 verorum,
3555 1685 3664 1746 sed
3693 1684 3762 1746 in

2109 1767 2310 1845 ipsum
2341 1771 2580 1845 caelum,
2614 1777 2686 1832 ut
2742 1788 2905 1833 nunc
2948 1779 3244 1853 appareat
3274 1775 3617 1853 conspectui
3648 1774 3763 1836 Dei

2104 1874 2213 1936 pro
2240 1856 2449 1921 nobis:
2487 1876 2613 1922 non
2630 1867 2697 1922 ut
2721 1862 2944 1940 saepius
2958 1862 3588 1943 o/feratsemetipsum,
3614 1880 3761 1943 que-

2105 1947 2494 2009 madmodum
2518 1951 2802 2030 ponti/ea:
2832 1950 3189 2031 ingreditur
3217 1952 3281 2013 in
3310 1957 3522 2015 sancta
3540 1953 3757 2032 singu-

2104 2032 2180 2095 lis
2209 2036 2389 2098 annis
2407 2054 2522 2117 per
2548 2040 2915 2117 sanguinem
2975 2037 3266 2102 alienum.
3301 2038 3542 2118 Alioqui
3569 2056 3757 2119 opor-

2104 2126 2317 2187 tuisset
2371 2125 2548 2187 illum
2600 2122 2820 2207 saepius
2868 2143 3120 2208 passum
3169 2129 3363 2203 fuisse
3420 2146 3460 2190 a
3508 2130 3759 2191 condito

2102 2219 2328 2277 mundo
2384 2214 2566 2279 Nunc
2591 2224 2793 2279 autem
2823 2217 3009 2280 semel
3034 2217 3143 2280 sub
3174 2224 3760 2281 consummationem

2103 2303 2457 2366 siliculorum
2502 2306 2580 2368 ad
2628 2306 3123 2387 proﬂigationem
3173 2308 3401 2385 peccati
3428 2325 3544 2387 per
3571 2307 3755 2370 vieti-

2102 2408 2267 2454 mam
2310 2410 2484 2456 suam
2533 2396 2843 2473 apparuit.
2904 2395 2989 2459 Et
3041 2402 3340 2477 quatenus
3374 2397 3529 2459 illud
3556 2402 3759 2460 manet

2102 2480 2386 2545 homines
2415 2489 2483 2546 ut
2535 2484 2719 2547 semet
2759 2487 3128 2563 moriantur,
3186 2493 3323 2567 post
3383 2486 3493 2550 hoc
3547 2494 3755 2550 autem

2100 2571 2448 2647 iudicium:
2510 2577 2597 2637 ita
2657 2574 2933 2638 Christus
2990 2575 3177 2638 semel
3227 2576 3466 2640 oblatus
3492 2584 3560 2639 ut
3588 2574 3755 2639 mul-

2103 2667 2303 2724 torum
2347 2663 2646 2742 perferret
2691 2671 2971 2745 peccata,
3012 2682 3233 2727 rursus
3264 2664 3492 2747 absque
3514 2670 3757 2746 peccato

2101 2753 2573 2831 conspiciemur,
2632 2754 2707 2816 iis
2742 2755 2852 2834 qui
2904 2753 3080 2817 illum
3136 2761 3487 2836 exspectant
3541 2758 3608 2817 in
3651 2772 3756 2817 sa—

2103 2838 2313 2903 lutem.

2182 2929 2470 3004 Quoniam
2500 2930 2692 2995 ,ἰυόωί
2727 2933 2937 2997 cristas
2970 2933 3277 3014 erigebant
3327 2943 3572 3016 propter
3603 2940 3756 2996 tem-

2105 3020 2268 3101 plum
2302 3021 2435 3085 vide
2462 3023 2766 3104 quomodo
2801 3023 2950 3087 illud
2982 3023 3282 3106 deprimat
3315 3024 3457 3087 589
3504 3039 3754 3104 compa-

363 3141 394 3175 ι
449 3116 736 3176 Ἀντίτυπα
777 3124 885 3175 τῶν
940 3117 1226 3186 ἀληθινῶν.
1305 3142 1333 3174 ιο
1383 3112 1439 3177 Ὀ
1510 3120 1611 3200 γὰρ
1653 3121 1775 3184 ναὸς
1832 3109 2019 3202 χειρο-

2106 3110 2337 3173 ratione
2364 3112 2435 3173 ad
2466 3112 2704 3174 coelum.
2746 3135 2774 3172 α
2804 3112 3180 3194 Exemplaria
3210 3131 3510 3202 verorum.
3542 3135 3567 3171 ι)
3601 3109 3752 3202 Nam

352 3208 580 3275 ποίητός
608 3229 666 3266 τε
708 3208 800 3283 ἧν,
834 3211 920 3265 καὶ
949 3208 1228 3272 ἀντίτυπος
1280 3215 1372 3265 τοῦ
1427 3211 1646 3288 οὒρανοῦ
1697 3211 2019 3269 κατεσκεύα-

2107 3204 2392 3280 templum
2427 3220 2605 3264 manu
2659 3203 2877 3265 factum
2911 3189 3058 3275 erat,
3094 3210 3152 3265 et
3181 3196 3243 3264 in
3276 3201 3582 3283 exemplar
3612 3200 3756 3263 caeli

351 3318 478 3360 στο,
517 3320 544 3352 α
578 3294 728 3353 Ἀλλ’
760 3298 831 3361 εἰς
876 3298 1030 3354 αὐτὸν
1059 3298 1151 3353 τὸν
1208 3296 1446 3377 οὗρανόν.
1494 3287 1529 3353 γι
1592 3298 1685 3368 Τὸ,
1746 3299 1834 3360 Εἰς
1863 3298 2019 3353 αὒτὸν

2106 3287 2474 3352 fabricatum.
2515 3291 2667 3355 «Sed
2691 3293 2750 3353 in
2770 3292 2964 3371 ipsum
2983 3290 3227 3356 coelum.
3250 3316 3272 3349 ι)
3301 3291 3440 3354 Haec
3465 3289 3758 3371 particula

351 3384 596 3455 εἰσῆλθεν
638 3388 729 3443 τὸν
760 3385 1001 3466 οὐρανὸν,
1035 3385 1141 3459 ἀπὸ
1183 3393 1363 3443 κοινοῦ
1408 3384 1663 3452 ληπτέον,
1710 3389 1849 3461 οἷον,
1898 3384 2015 3445 Οὒδ⁹

357 3475 458 3532 ’ἕνα
485 3474 746 3539 πολλάκις
804 3474 1069 3556 προσφέρῃ
1101 3475 1310 3556 ἑαυτὸν,
1371 3473 1612 3541 εἰσῆλθεν
1657 3478 1730 3538 εἰς
1774 3478 1865 3532 τὸν
1922 3480 2018 3534 οὖ-

358 3565 541 3644 ρανόν.
601 3566 674 3624 Τὸ
726 3565 826 3644 γὰρ
882 3563 1141 3628 πολλάκις
1197 3564 1372 3629 θύσιας
1446 3562 1498 3621 ἐν
1558 3564 1748 3641 πήματι
1778 3565 2017 3646 προσφέ-

355 3676 493 3735 ρειν,
553 3660 658 3711 τῶν
716 3653 1103 3734 εἰσερχομένων
1175 3655 1247 3718 εἰς
1292 3655 1357 3710 τὰ
1412 3653 1665 3711 ἀντίτυπα
1721 3661 1825 3711 τῶν
1874 3654 2017 3722 ἀλη-

351 3747 512 3800 θινῶν
560 3742 725 3823 ὲστιν,
782 3741 904 3823 ἀνθ’
961 3743 1084 3821 οὒχὶ
1142 3748 1236 3799 τοῦ
1296 3740 1616 3806 εἰσελθόντος
1673 3744 1746 3806 εἰς
1802 3744 1893 3799 τὸν
1923 3748 2017 3803 οὒ-

351 3835 511 3913 ρανὸν
574 3833 752 3893 αὖτόν.
823 3856 845 3888 u
887 3838 991 3891 Νῦν
1023 3832 1433 3913 ἐμφανισθῆναι,
1485 3855 1514 3888 ι
1547 3833 1694 3889 Μετὰ
1734 3838 1834 3900 τῆς
1894 3855 2016 3913 σαρ-

349 3923 451 3986 κός
536 3945 700 4004 φησιν
806 3921 1218 4003 ἐμφανισθῆναι,
1311 3945 1333 3977 ι
1426 3929 1513 3997 Τῷ
1621 3922 1847 4001 προτώῳ
1930 3932 2021 3980 τοῦ

354 4018 510 4073 Θεοῦ.
566 4034 589 4070 ι
640 4013 700 4070 Τί
747 4010 973 4092 λέγεις;
1022 4009 1147 4068 Ἐὰν
1179 4011 1255 4085 μὴ
1302 4010 1508 4088 εἰσέλθῃ
1554 4012 1626 4075 εἰς
1659 4013 1749 4067 τὸν
1779 4013 2014 4090 οὐρανὸν,

358 4106 454 4161 οὒκ
510 4101 849 4182 ἐμφανίζεται
905 4108 982 4176 τῷ
1024 4100 1295 4180 προσώπῳ
1355 4111 1448 4159 τοῦ
1506 4102 1733 4181 Πατρὸς,
1793 4103 1820 4158 6
1877 4123 2020 4158 παν-

355 4197 530 4270 ταχοῦ
586 4192 754 4271 παρὸν
806 4194 894 4247 καὶ
935 4191 1002 4247 τὰ
1034 4190 1207 4247 πάντα
1250 4188 1468 4268 πληρῶν
1505 4210 1521 4271 ς
1587 4182 1739 4268 Ὀρᾷς
1784 4189 1864 4247 ὅτι
1920 4196 2020 4258 τῆς

362 4281 660 4357 οἰκονομίας
687 4280 797 4337 ἐστὶ
830 4281 896 4338 τὰ
936 4279 1160 4337 ταπεινά
1193 4298 1209 4359 ς
1251 4304 1270 4335 ς
1311 4271 1470 4359 ’Υπὲρ
1499 4284 1675 4355 ἡμῶν.
1712 4305 1734 4334 ιι
1774 4281 1916 4336 Μετά
1935 4283 2018 4336 θυ-

365 4368 474 4434 σίας
527 4369 722 4438 ἀνῆλθε
776 4371 875 4438 τῆς
944 4379 1036 4429 τοῦ
1090 4366 1217 4427 ἰδίου
1271 4370 1544 4448 σώματος,
1603 4368 1694 4425 ’ίνα
1764 4371 1898 4450 ὀφθῇ
1938 4377 2016 4445 τῷ

369 4461 523 4538 Πατρί
588 4458 716 4539 ὑπὲρ
792 4459 973 4534 ἡμῶν,
1060 4458 1320 4535 τουτέστι,

366 4551 523 4623 αὒτῷ,
580 4556 690 4619 Τῆς
752 4552 851 4631 γὰρ
910 4552 1107 4631 σαρκὸς
1179 4548 1564 4628 ἐπιλαϐόμενος
1649 4553 1677 4607 6
1760 4552 2018 4632 μακάριος

366 4637 589 4720 Παῦλος,
630 4641 805 4697 πάντα
856 4641 924 4699 τὰ
977 4641 1200 4699 ταπεινά
1241 4639 1408 4706 ἀδεῶς
1464 4637 1641 4696 λαλεῖ.
1708 4663 1732 4698 ιι
1767 4638 1884 4699 Οὐδ’
1926 4640 2019 4697 ἵνα

364 4726 617 4793 πολλάκις
665 4729 936 4809 προσφέρῃ
990 4730 1199 4802 ἑαυτὸν,
1266 4752 1291 4784 ι)
1318 4737 1507 4811 ,τοῦτο
1563 4728 1805 4804 ἐποίησε,
1864 4732 2016 4811 φησὶ,

361 4818 421 4873 τὸ
459 4807 937 4883 ἀνελθεῖνείςτὸν
969 4819 1207 4897 οὒρανόν.
1250 4842 1269 4872 ε
1313 4807 1531 4899 ’Ὠσπερ
1577 4821 1605 4874 6
1635 4807 1933 4900 ἀρχιερεύς.
1987 4843 2012 4879 ι

365 4895 515 4986 Ὀρᾷς
544 4906 846 4987 ὃιαφοράνς
904 4895 1068 4971 Οὗτος
1124 4905 1243 4965 κατ’
1299 4895 1559 4984 ἐνιαυτὸν,
1792 4895 2017 4989 Χριστὸς

359 4994 515 5063 ἅπαξ.
586 5018 611 5054 α
661 4996 749 5055 Ἐν
804 4997 996 5074 α⁷’ματι
1067 4995 1351 5077 ἀλλοτρίῳ.
1412 5016 1443 5057 )
1502 4999 1667 5063 Οὗτος
1712 4997 1764 5055 ἐν
1828 4999 2023 5075 α”ματι

361 5082 640 5168 ἀλλοτρίῳ,
696 5087 900 5166 ταύρων
956 5088 1043 5144 καὶ
1098 5088 1333 5166 τράγων,
1394 5089 1422 5143 6
1479 5084 1533 5143 δὲ
1594 5089 1816 5166 Χριστὸς
1861 5088 1916 5144 ἐν
1946 5097 2023 5166 τῷ

360 5171 488 5249 ἰδίῳ,
540 5199 568 5231 ε
615 5174 765 5235 Ἐπεὶ
820 5174 924 5232 ἔδει
967 5177 1124 5235 αὖτὸν
1167 5174 1427 5240 πολλάκις
1469 5176 1688 5236 παθεῖν.
1745 5198 1770 5233 ι)
1820 5178 1879 5233 Εἰ
1922 5180 2021 5259 γὰρ

361 5262 526 5345 ἐχρῆν
575 5268 733 5325 αὐτὸν
780 5265 1042 5329 πολλάκις
1098 5266 1413 5347 προσφέρειν
1455 5266 1651 5340 θυσίαν,
1703 5264 1806 5322 ἔδει
1864 5270 2020 5325 αὐτὸν

361 5350 410 5419 ἐξ
480 5357 543 5412 οὗ
620 5352 925 5425 κατεϐλήθη
992 5357 1066 5418 εἰς
1136 5356 1306 5413 κτίσιν
1380 5358 1408 5411 6
1464 5355 1690 5431 κόσμος,
1763 5354 2018 5423 πολλάκις

358 5441 660 5519 ἀποθανεῖν,
707 5445 781 5509 ὡς
840 5447 1039 5502 οἰκεῖον
1094 5448 1234 5521 αἷμα
1276 5443 1662 5525 προσφέροντα,
1727 5464 1749 5499 α
1813 5452 1915 5502 Νῦν
1963 5443 2018 5503 δὲ

356 5530 492 5599 ἅπαξ
550 5533 636 5590 ἐπὶ
692 5532 964 5609 συντελείᾳ
1018 5539 1126 5591 τῶν
1182 5534 1412 5596 αἰώνων.
1464 5558 1490 5590 ι
1554 5532 1677 5592 Ἐπὶ
1748 5534 2020 5609 συντελείᾳ

355 5626 461 5678 τῶν
501 5622 732 5704 αἰώνων,
765 5624 1059 5699 τουτέστιν,
1119 5623 1209 5681 ἐπ’
1270 5625 1404 5701 αὐτῇ
1455 5629 1525 5701 τῇ
1565 5621 1840 5702 πληρώσει
1911 5625 2019 5682 τῶν

362 5712 588 5793 αἰώνων,
617 5714 706 5771 καὶ
734 5711 819 5770 ἐπ’
870 5713 1013 5790 αὐτῷ
1054 5721 1132 5790 τῷ
1161 5711 1325 5776 τέλει.
1360 5714 1431 5772 T6
1459 5711 1751 5793 ὑπερϐατὸν
1779 5714 2016 5796 πεφανέ-

2103 3377 2164 3438 in
2193 3379 2388 3459 ipsum
2421 3380 2723 3459 ingressus
2756 3388 2846 3441 est
2875 3379 3113 3452 coelum,
3139 3379 3525 3459 intelligenda
3542 3385 3630 3439 est
3648 3396 3756 3459 per

2102 3466 2348 3546 ﬁguram
2373 3488 2505 3551 qua:
2526 3469 2748 3532 dicitur
2769 3470 2874 3527 ἀπὸ
2897 3482 3096 3542 κοινοῦ,
3135 3470 3195 3531 id
3240 3478 3348 3545 est,
3382 3488 3416 3530 a
3447 3467 3755 3530 communi

2101 3559 2397 3620 sententia
2424 3560 2692 3640 acceptio
2711 3559 2833 3622 sive
2852 3577 3100 3638 zeugma
3126 3581 3141 3637 ;
3167 3576 3385 3640 nempe
3406 3559 3519 3620 hoc
3537 3555 3748 3620 modo:

2099 3644 2303 3728 Neque
2333 3657 2396 3709 ut
2415 3649 2758 3729 frequenter
2802 3650 3187 3730 semetipsum
3216 3650 3424 3712 offerat
3446 3646 3755 3727 ingressus

2103 3744 2192 3797 est
2221 3737 2282 3798 in
2312 3738 2551 3799 coelum.
2605 3737 2913 3820 Siquidem
2971 3740 3322 3821 frequenter
3350 3737 3617 3800 victimas
3647 3754 3757 3816 per

2103 3827 2451 3906 sanguinem
2483 3829 2725 3908 offerre,
2757 3847 2966 3890 eorum
3023 3837 3112 3890 est
3161 3828 3261 3909 qui
3294 3828 3355 3888 in
3389 3824 3751 3907 exemplaria

2104 3933 2377 3977 verorum
2412 3917 2858 3997 ingrediuntur,
2896 3928 2955 3979 at
2985 3938 3102 3980 non
3139 3917 3297 3981 illius
3329 3916 3429 4000 qui
3462 3917 3523 3977 in
3556 3915 3751 3995 ipsum

2103 4004 2414 4085 ingressus
2444 4015 2532 4068 est
2564 4007 2805 4070 ccelum.
2839 4032 2864 4062 α
2892 4006 2966 4070 Ut
3008 4027 3165 4069 nunc
3202 4015 3503 4090 appareat.
3540 4026 3568 4066 ›
3607 4003 3753 4066 Cum

2103 4112 2305 4174 carne,
2329 4095 2545 4178 inquit,
2575 4111 2876 4179 appareat.
2911 4123 2935 4155 ιι
2973 4098 3334 4179 ConSpectui
3363 4097 3493 4161 Dei.
3534 4121 3562 4153 υ
3598 4092 3754 4167 Quid

2101 4184 2229 4245 ais?
2257 4185 2388 4250 Nisi
2423 4188 2726 4264 ingressus
2749 4196 2908 4249 esset
2931 4186 2990 4248 in
3017 4188 3255 4264 caelum,
3287 4208 3404 4251 non
3436 4190 3756 4269 appareret

2100 4275 2447 4355 conspectui
2463 4275 2781 4357 Patris,qui
2805 4276 3025 4356 ubique
3044 4295 3305 4358 praesens
3319 4287 3407 4340 est
3433 4275 3756 4355 omniaque

2098 4363 2318 4445 replet?
2352 4364 2534 4429 Vides
2548 4367 2703 4448 quod
2719 4366 3183 4448 dispensationis
3199 4368 3319 4430 sint
3335 4368 3445 4431 ista
3460 4364 3704 4429 humilia
3724 4360 3756 4421 ?

1409 4456 1789 4517 καταλλάσσων
1874 4460 2017 4535 ἡμᾶς

2110 4454 2258 4516 «Pro
2275 4455 2505 4520 nobis.»
2541 4457 2685 4520 Cum
2707 4456 2943 4519 victima
2965 4458 3188 4539 proprii
3206 4459 3474 4540 corporis
3486 4456 3758 4524 ascendit

2104 4545 2658 4628 utappareretapud
2683 4545 2915 4608 Patrem
2941 4564 3047 4627 pro
3075 4547 3268 4621 nobis.
3298 4550 3410 4612 hoc
3448 4560 3538 4613 est
3560 4559 3623 4613 ut
3647 4570 3755 4613 nos

2102 4632 2213 4711 Ipsi
2230 4633 2985 4715 reconciliaret.Siquidem
3005 4635 3156 4697 facta
3170 4637 3244 4698 de
3258 4656 3435 4700 carne
3455 4641 3757 4704 mentione

2102 4718 2310 4785 beatus
2340 4723 2557 4787 Paulus
2598 4724 2800 4785 omnia
2841 4724 3090 4785 humilia
3129 4726 3424 4808 intrepide
3464 4729 3749 4810 loquitur.

2107 4811 2574 4893 «Nonutsaepius
2588 4812 3752 4899 oﬂeratsemetipsmn»bocfecit,inquit,

2101 4918 2320 4981 nempe
2340 4901 2497 4983 quod
2522 4901 2795 4963 ascendit
2817 4899 2878 4961 in
2901 4901 3137 4962 coelum.
3173 4929 3198 4958 α
3238 4902 3751 4976 Quemadmodum

2108 4991 2393 5071 pontifex.
2408 4990 2627 5055 nVides
2646 4990 3141 5071 pmcellentiam‘?
3171 4993 3280 5055 Hic
3296 4995 3545 5075 singulis
3556 4996 3751 5072 annis,

2106 5078 2374 5143 Christus
2403 5100 2541 5144 vero
2575 5079 2786 5143 semel.
2828 5105 2855 5136 α
2890 5080 3002 5142 Per
3031 5082 3382 5161 sanguinem
3415 5086 3699 5150 alienum.
3721 5112 3748 5143 ιι

2103 5169 2214 5232 Hic
2247 5189 2354 5251 per
2383 5171 2736 5247 sanguinem
2794 5169 3055 5232 alienum
3116 5180 3414 5236 taurorum
3449 5195 3665 5258 nempe
3697 5185 3757 5239 et

2104 5259 2432 5335 hircorum,
2467 5260 2741 5324 Christus
2772 5278 2912 5321 vero
2950 5278 3057 5341 per
3087 5262 3414 5342 proprium.
3455 5287 3484 5326 α
3510 5267 3756 5348 Alioqui

2103 5350 2461 5432 oportuisset
2505 5350 2673 5412 illum
2705 5351 2919 5430 saepius
2952 5368 3190 5431 passum
3220 5352 3426 5419 fuisse.
3454 5381 3475 5412 υ
3508 5357 3569 5420 Si
3593 5357 3754 5419 enim

2103 5439 2464 5521 Oportuisset
2494 5440 2664 5503 illum
2716 5439 2937 5518 saepius
2968 5441 3185 5503 otferre
3218 5442 3537 5522 victimam,
3572 5466 3755 5529 opor-

2105 5529 2315 5591 tuisset
2337 5548 2471 5592 eum
2498 5548 2569 5592 ex
2591 5548 2661 5592 eo
2687 5538 2975 5611 tempore,
3026 5550 3144 5612 quo
3183 5532 3342 5613 jacta
3376 5548 3517 5598 sunt
3548 5537 3753 5599 mundi

2100 5618 2491 5683 fundamenta
2518 5619 2869 5702 frequenter
2899 5629 3202 5683 mortuum
3261 5622 3472 5699 fuisse,
3530 5634 3597 5687 ut
3653 5625 3754 5707 qui

2099 5711 2409 5796 proprium
2430 5711 2671 5776 oﬂ‘erret
2693 5711 3068 5795 sanguinem.
3099 5737 3127 5769 α
3152 5712 3320 5779 Nunc
3344 5725 3548 5780 autem
3570 5717 3757 5781 semel
