4136 6428
341 358 461 429 383
1480 361 1895 428 (ῈΟΠΜΕΝΙῙ
1940 364 1995 426 Τη

2084 363 2236 427 CCE
2278 360 2614 429 EPISCOPI
3620 358 3753 425 384⁴

345 495 457 560 sub
488 499 1003 562 consummatione
1061 499 1438 563 saeculorum.
1507 522 1531 553 ι»
1585 496 1713 560 Ηοο
1741 504 1853 575 est,
1888 494 1995 559 sub

2084 518 2245 577 ρωται
2277 512 2292 528 ·
2344 496 2708 579 πεφανέρωται
2743 495 2798 554 δὲ
2831 499 2902 563 εἰς
2944 499 3006 555 τὸ
3036 497 3289 569 ἀθετῆσαι
3320 498 3406 555 καὶ
3432 494 3615 554 σϐέσαι
3641 495 3744 562 τὴν

341 586 533 668 ipsam
563 587 1022 670 completionem
1055 588 1408 651 saeculorum
1459 594 1519 650 et
1548 586 1675 650 -sub
1700 586 1892 668 ipsum
1927 586 1995 647 fi-

2084 586 2339 665 ἁμαρτίαν
2381 593 2475 643 τοῦ
2501 586 2703 662 κόσμου
2746 585 2830 643 διὰ
2888 592 2988 655 τῆς
3030 589 3210 653 θυσίας
3269 589 3458 667 αὐτοῦ,
3523 585 3589 652 ἣν
3617 584 3747 662 ὑπὲρ

343 693 507 738 nem.
532 675 606 739 Et
635 694 741 757 per
763 677 1131 760 hyperbaton
1150 676 1530 759 jungendum
1556 685 1667 743 est.
1688 675 1995 757 Apparuit.

2084 677 2237 743 ἡμῶν
2278 677 2633 754 προσήνεγκε.
2687 698 2715 730 ε
2752 677 2850 733 Διά
2896 681 2993 743 τῆς
3046 676 3225 742 θυσίας
3268 673 3632 758 πεφανέρωται
3658 691 3673 706 ·
3711 695 3740 728 ι

339 765 634 847 Apparuit
662 774 863 829 autem
894 774 960 829 ut
989 767 1336 849 proﬂigaret
1354 773 1414 828 et
1434 765 1838 845 exstingueret
1867 783 1995 847 pec-

2084 763 2319 822 τουτέστι
2347 765 2481 841 μετά
2510 770 2610 833 τῆς
2655 766 2848 845 σαρκὸς
2892 764 2949 822 ὲν
2977 770 3055 840 τῷ
3082 765 3295 841 κόσμῳ,
3333 784 3364 825 (
3395 765 3495 823 Καὶ
3522 762 3745 820 καθόσον

343 862 540 917 catum
589 855 796 919 mundi
820 873 930 937 per
948 856 1253 918 victimam
1279 873 1468 924 suam,
1496 873 1673 935 quam
1698 873 1804 935 pro
1832 853 1995 916 nobis

2084 853 2364 910 ἀπόκειται
2408 854 2529 919 τοῖς
2587 853 2899 933 ἀνθρώποις.
2941 875 2965 912 ι
3055 853 3225 928 Λπαξ,
3276 855 3426 935 φησὶ,
3485 851 3586 921 τὴν
3641 851 3742 908 ἀν-

345 942 582 1008 obtulit.
617 968 641 996 α
684 946 800 1008 Per
833 945 1131 1008 victimam
1164 963 1329 1007 suam
1361 943 1653 1025 apparuit,
1688 969 1709 1001 ι
1745 945 1857 1006 hoc
1888 951 1995 1024 est,

2084 943 2402 1020 θρωπότητα
2452 949 2627 1000 πᾶσαν
2668 942 2838 1023 ἐχρῆν
2886 942 3195 1025 ἀποθανεῖν.
3255 949 3419 1001 Τοῦτο
3475 942 3536 999 τὸ
3604 937 3744 1007 ἅπαξ

345 1049 478 1094 cum
506 1050 688 1095 carne
709 1033 770 1095 in
786 1034 1030 1098 mundo.
1052 1059 1078 1090 ι
1103 1034 1176 1097 Et
1196 1021 1489 1115 quatenus
1513 1032 1654 1095 illud
1679 1021 1995 1095 hominess

2084 1033 2212 1111 ὑπὲρ
2240 1033 2397 1107 ἡμῶν
2441 1021 2753 1089 ἀπέθανενίδ
2809 1032 3057 1111 Χριστός,
3122 1021 3298 1088 ’Ὥστε
3352 1031 3441 1088 καὶ
3498 1029 3742 1099 ἀποθνή-

344 1119 568 1197 Semel,
597 1122 815 1203 inquit,
852 1142 1033 1185 omne
1089 1142 1280 1203 genus
1337 1123 1665 1185 humanum
1695 1120 1995 1202 oportebat

2084 1142 2301 1184 σκοντες
2344 1128 2453 1200 νῦν,
2499 1120 2558 1178 οὗ
2612 1121 2940 1201 κρατούμεθα
2998 1120 3105 1177 ἀπὸ
3154 1128 3245 1178 τοῦ
3297 1120 3541 1192 θανάτου,
3587 1120 3617 1176 ὃ
3675 1123 3746 1196 τῇ

347 1209 544 1273 mori:
596 1211 710 1273 hoc
742 1217 805 1273 ut
831 1214 1017 1276 semel
1049 1213 1241 1285 fieret,
1280 1230 1385 1293 pro
1416 1211 1589 1275 nobis
1619 1219 1885 1275 mortuus
1915 1219 1995 1275 est

2084 1208 2320 1287 δυνάμει,
2355 1208 2472 1269 οὐδὲ
2520 1210 2807 1267 ἀποθανεῖν
2866 1208 3000 1269 ἔστι.
3069 1230 3092 1267 α
3128 1210 3308 1276 Οὕτως
3351 1210 3441 1267 καὶ
3508 1211 3537 1266 ὁ
3599 1215 3740 1288 Χρι-

346 1299 646 1366 Christus.
678 1300 850 1364 Nunc
880 1302 1081 1383 itaque
1135 1301 1312 1365 etiam
1363 1301 1414 1363 si
1472 1302 1823 1377 moriamur,
1882 1321 1995 1363 non

2084 1300 2229 1363 στός,
2292 1321 2315 1357 ι)
2369 1297 2586 1367 Ἐπειδὴ
2631 1298 2902 1378 ἄνθρωπος
2949 1300 3014 1367 ἦν
3073 1300 3206 1375 μετά
3248 1305 3342 1357 τοῦ
3383 1299 3527 1356 εἶναι
3583 1299 3741 1371 Θεὸς,

344 1387 686 1454 detinemur
716 1408 750 1451 a
791 1398 981 1452 morte
1015 1411 1029 1455 :
1088 1391 1207 1453 imo
1268 1391 1330 1452 in
1380 1390 1597 1452 virtute
1627 1392 1741 1452 hoc
1766 1409 1887 1453 non
1914 1399 1995 1453 est

2084 1391 2170 1446 καὶ
2211 1390 2391 1468 αὐτὸς,
2454 1389 2606 1468 φησὶ,
2659 1390 2721 1445 τὸ
2776 1390 2953 1445 κοινὸν
3008 1394 3113 1446 τῶν
3184 1388 3472 1468 ἀνθρώπων
3514 1386 3742 1463 ὑπέμει-

349 1477 523 1540 mori.
562 1503 589 1534 α
624 1482 711 1543 Ita
741 1487 800 1542 et
856 1480 1148 1544 Christus.
1210 1505 1238 1537 »
1300 1479 1589 1553 Quoniam
1641 1480 1819 1542 homo
1850 1488 1995 1555 erat,

2084 1501 2189 1541 νεν,
2240 1468 2457 1557 υιὲσττερ
2518 1478 2618 1557 γὰρ
2679 1480 2726 1534 οἱ
2779 1476 3041 1558 ἅνθρωποι
3099 1475 3238 1544 ἅπαξ
3294 1477 3737 1553 ἀποθνήσκουσιν,

343 1585 686 1649 quanquam
720 1568 900 1630 simul
933 1576 1090 1631 esset
1117 1569 1297 1649 Deus,
1330 1568 1506 1630 etiam
1537 1567 1667 1649 ipse
1695 1568 1854 1649 quod
1885 1570 1995 1631 ho-

2084 1567 2247 1630 οὕτως
2305 1568 2393 1624 καὶ
2451 1569 2480 1624 ὁ
2537 1567 2794 1647 Χριστὸς,
2883 1564 3021 1633 ἅπαξ
3103 1567 3498 1647 προσενεχθεὶς,
3584 1567 3743 1629 αὐτὸς

350 1655 613 1718 minibus
644 1676 962 1720 commune
994 1666 1124 1721 erat
1152 1657 1454 1721 sustinuit.
1483 1656 1995 1730 Quemadmodum

2084 1661 2263 1716 ἑαυτὸν
2320 1658 2699 1737 προσενέγκας.
2766 1657 2838 1715 Οὐ
2892 1659 2991 1736 γάρ
3054 1658 3164 1715 ἐστι
3222 1657 3382 1733 μὸνον
3436 1657 3738 1737 ἀρχιερεὺς,

344 1745 505 1808 enim
536 1747 812 1808 homines
858 1747 1044 1809 semel
1108 1747 1464 1821 moriuntur,
1514 1748 1595 1807 ita
1651 1754 1708 1809 et
1736 1748 1995 1810 Christus

2084 1748 2218 1804 ἀλλά
2274 1749 2361 1805 καὶ
2422 1751 2581 1823 θυμα.
2639 1747 2971 1825 Ἐνενεγκεῖν
3042 1748 3323 1827 ἁμαρτίας.
3366 1769 3390 1805 ι
3452 1744 3741 1824 Ἀνήνεγκε

345 1836 533 1898 semel
555 1835 811 1911 oblatus,
827 1836 957 1918 ipse
976 1836 1244 1918 seipsum
1272 1836 1346 1898 ob
1360 1837 1513 1900 tulit.
1538 1838 1678 1898 590
1691 1837 1995 1917 Siquidem

2084 1839 2176 1903 τὰς
2234 1821 2495 1917 ἁμαρτίας
2548 1837 2653 1894 τῶν
2711 1821 2999 1917 ἀνθρώπων
3158 1821 3372 1917 ’Πατρζ
3422 1836 3516 1892 ἵνα
3584 1821 3741 1899 αὐτὸς

347 1943 467 1986 non
495 1932 727 1987 tantum
760 1926 1278 2007 estpoutifex,sed
1296 1938 1352 1988 et
1373 1926 1631 1990 victima.
1683 1951 1709 1982 α
1761 1926 1995 1988 Perfer-

2085 1928 2415 2007 συγχωρήσῃ
2460 1926 2545 1982 καὶ
2598 1925 2867 2007 ἐξαλείψῃ,
2894 1926 3073 1990 αὒτάς.
3111 1927 3209 1982 Διὰ
3236 1926 3286 1982 τί
3325 1924 3381 1982 δὲ
3410 1926 3556 1999 εἷπε,
3605 1923 3743 1982 Πολ-

345 2022 440 2076 ret
463 2023 724 2095 peccata.
759 2040 785 2072 ai
815 2006 1070 2077 Pertulit
1098 2035 1166 2078 ac
1201 2017 1401 2078 retulit
1424 2017 1732 2078 hominum
1766 2023 1995 2097 peccata

2084 2006 2225 2091 λῶν,
2247 2018 2335 2072 καὶ
2367 2017 2467 2091 μὴ,
2510 2017 2778 2096 Πάντωνς
2834 2006 2962 2074 ’Ὁτι
3018 2017 3096 2093 μὴ
3154 2015 3347 2079 πάντες
3405 2015 3735 2076 ἐπίστευσαν.

343 2103 529 2180 Patri,
552 2114 617 2167 ut
639 2105 742 2168 ille
763 2106 1151 2174 condonaret,
1170 2107 1415 2188 ipsaque
1435 2105 1995 2179 deleret.Quamob-

2084 2113 2200 2164 Τῶν
2283 2107 2382 2185 γὰρ
2466 2106 2819 2164 πιστευόντων
2901 2106 3208 2188 ἀφαιρεῖται
3292 2105 3386 2168 τὰς
3454 2106 3738 2183 ἁμαρτίας.

343 2212 474 2256 rem
531 2213 672 2256 vero
732 2195 901 2270 dixit,
952 2196 1295 2272 Multorum,
1354 2203 1413 2258 et
1465 2214 1610 2269 non,
1671 2193 1995 2259 Omnium?

2086 2192 2340 2253 Ἀπέθανε
2369 2197 2489 2275 γὰρ,
2524 2198 2597 2261 είς
2648 2197 2710 2252 τὸ
2747 2196 2947 2260 πάντας
3008 2200 3199 2275 σῶσαι,
3257 2194 3317 2251 τό
3373 2216 3435 2272 γε
3490 2194 3621 2262 ἧκον
3664 2196 3739 2259 εἰς

346 2283 498 2359 Quia
522 2304 640 2347 non
665 2304 876 2348 omnes
898 2285 1287 2348 crediderunt
1314 2307 1330 2367 ;
1368 2304 1579 2347 eorum
1611 2304 1869 2367 namque
1898 2289 1995 2367 qui

2084 2285 2262 2363 αὒτὸν,
2295 2285 2390 2349 τὰς
2424 2283 2478 2341 δὲ
2522 2286 2776 2365 ἁμαρτίας
2828 2285 3012 2365 ἀφίησι
3064 2297 3182 2348 τοῖς
3252 2296 3472 2347 πιστοῖς
3528 2284 3737 2359 μόνοις,

345 2374 601 2435 credunt
620 2374 813 2437 aufert
841 2382 1104 2456 peccata.
1140 2378 1409 2439 Mortuus
1432 2374 1590 2437 enim
1614 2382 1701 2437 est
1719 2383 2001 2439 utomnes

346 2463 539 2525 salvos
560 2463 805 2539 faceret,
831 2465 987 2546 quod
1008 2465 1079 2527 ad
1108 2464 1300 2545 ipsum
1318 2464 1597 2546 pertinet,
1622 2482 1827 2525 verum
1852 2483 1995 2546 pec-

344 2561 473 2613 cata
500 2552 645 2615 solis
669 2553 919 2616 remittit
950 2553 1357 2616 credentibus.
1391 2554 1530 2626 Aut,
1572 2552 1650 2618 Ut
1681 2553 1996 2616 multorum

347 2640 642 2720 perferret
667 2650 910 2723 peccata
931 2642 990 2704 in
1021 2660 1200 2704 cruce
1224 2642 1371 2704 dicit
1397 2658 1413 2716 ;
1435 2648 1497 2702 ut
1516 2640 1647 2721 ipsa
1671 2641 1845 2702 etiam
1869 2658 1998 2703 exs-

343 2730 663 2811 tingueret,
697 2731 847 2794 dans
871 2750 1074 2813 pmnas
1100 2750 1205 2813 pro
1228 2731 1396 2813 ipsis.
1452 2755 1477 2785 α
1522 2729 1749 2793 Rursus
1770 2729 1997 2810 absque

345 2828 615 2900 peccato.
656 2844 680 2880 ι)
714 2821 831 2884 Aut
856 2820 969 2883 hoc
995 2821 1136 2883 dicit
1158 2820 1313 2903 quod
1336 2819 1489 2884 Uubi
1509 2839 1599 2881 ru:
1618 2837 1718 2881 sus
1738 2820 1992 2901 venerit,

345 2928 465 2971 non
499 2910 661 2972 venit
691 2921 755 2973 ut
783 2911 999 2974 iterum
1035 2911 1249 2974 debeat
1307 2929 1413 2991 pro
1474 2907 1733 2991 peccatis
1788 2910 1995 2972 vestris

346 2999 523 3076 mori,
547 3008 647 3062 aut
673 3001 854 3082 quod,
877 3019 995 3062 non
1042 3000 1297 3082 amplius
1341 2998 1617 3061 liberabit
1651 3017 1753 3059 vos
1796 3006 1933 3061 tunc
1962 3019 1997 3061 a

346 3089 630 3168 peccatis,
668 3090 822 3153 sicut
849 3091 977 3171 ipsa
1010 3109 1167 3152 nunc
1223 3089 1415 3151 aufert
1448 3110 1461 3150 :
1526 3096 1626 3149 aut
1675 3087 1833 3168 quod
1866 3086 1996 3150 Non

2104 2379 2148 2428 [Ι
2210 2375 2297 2453 τὸ,
2357 2376 2445 2438 Εἰς
2489 2376 2549 2431 τὸ
2606 2372 2820 2432 πολλῶν
2862 2374 3166 2451 ἀνενεγκεῖν
3208 2372 3492 2453 ἁμαγτίας,
3552 2375 3606 2430 ἓν
3660 2376 3740 2448 τῷ

2081 2468 2311 2542 σταυρῷ,
2386 2464 2568 2544 φησὶν,
2638 2462 2733 2521 ’ίνα
2799 2463 2961 2528 αὐτὰς
3016 2463 3105 2519 καὶ
3159 2460 3350 2539 σϐέσῃ,
3406 2459 3573 2525 διδοὺς
3634 2461 3735 2529 τὴν

2079 2550 2209 2632 ὑπὲρ
2234 2552 2406 2610 αὒτῶν
2435 2552 2608 2621 δίκην.
2669 2576 2690 2608 ι
2747 2551 2843 2611 Ἐκ
2869 2551 3108 2632 δευτέρου
3160 2552 3329 2632 χωρὶς
3387 2551 3667 2631 ἁμαρτίας,
3703 2573 3733 2606 n

2100 2648 2145 2699 Η
2214 2650 2371 2700 τοῦτο
2428 2641 2594 2721 λέγει,
2655 2642 2734 2699 ὅτι
2791 2640 2889 2701 Ἐκ
2936 2640 3175 2720 δευτέρου
3244 2641 3562 2721 ἐρχόμενος,
3633 2639 3740 2721 οὐχ

2085 2729 2191 2799 ἥξει
2236 2731 2396 2789 πάλιν
2453 2730 2538 2789 διὰ
2578 2733 2672 2796 τὰς
2729 2734 2875 2809 ὑμῶν
2946 2731 3204 2811 ἁμαρτίας
3261 2728 3484 2812 ὀφείλων
3532 2730 3742 2787 ἀποθα-

2078 2835 2189 2879 νεῖν
2222 2841 2233 2858 ·
2294 2822 2356 2897 ἢ,
2414 2820 2495 2878 ὅτι
2552 2821 2736 2881 Οὐκέτι
2806 2822 3012 2900 ῥύσεται
3094 2822 3230 2897 ὑμᾶς
3291 2820 3408 2877 τότε
3467 2821 3744 2899 ἁμαρτιῶν

2077 2910 2257 2990 ὥσπερ
2286 2912 2374 2966 καὶ
2403 2917 2491 2967 νῦν
2532 2911 2767 2991 ἀφαιρῶν
2820 2910 2979 2974 αὐτάς
3015 2928 3028 2943 ⁸
3076 2907 3137 2988 ἢ,
3169 2908 3251 2965 ὅτι
3291 2912 3407 2988 Οὐχ
3436 2909 3741 2987 ἁμαρτήσει

2075 2998 2313 3070 κολάζων
2367 3001 2487 3064 τοὺς
2537 3001 2730 3064 αἰτίους
2781 3002 2868 3057 καὶ
2923 3000 3172 3082 ἐνόχους,
3229 2998 3314 3057 διὰ
3354 3001 3415 3057 τὸ
3487 3020 3733 3077 σταυρω-

2078 3092 2232 3156 θῆναι
2296 3088 2425 3167 ὑπὲρ
2481 3090 2661 3164 ἡμῶν,
2723 3087 3051 3168 [ΟΙΚΟΥΜ.]
3131 3099 3233 3149 Νῦν
3302 3089 3403 3168 γὰρ
3473 3088 3734 3168 ἁμαρτίαν

347 3177 639 3258 peccabit,
665 3198 806 3242 reos
828 3178 1822 3259 etpeccatisobnoxiospuniens,eo
1838 3178 1993 3259 quod

2084 3180 2308 3248 ποιήσας
2339 3180 2495 3235 αὐτὸν
2525 3180 2552 3234 ὁ
2584 3179 2766 3249 Πατὴρ
2822 3176 3053 3254 ἔπεμψε.
3118 3180 3215 3237 Καὶ
3266 3180 3366 3257 γὰρ
3417 3177 3483 3246 ἧν
3536 3175 3737 3257 σφόδρα

347 3285 453 3341 pro
473 3267 646 3331 nobis
671 3270 988 3331 cruciﬁxus
1012 3270 1108 3330 sit.
1140 3304 1199 3314 -
1261 3270 1432 3332 Nunc
1458 3267 1615 3329 enim
1642 3269 1811 3327 Pater
1839 3267 2000 3329 misit

342 3354 539 3435 ipsum
555 3356 770 3419 factum
789 3367 1095 3439 peccatum
1109 3357 1363 3420 .Etenim
1383 3358 1655 3420 Christus
1672 3356 1997 3417 vehemen-

344 3451 441 3506 ter
463 3454 738 3525 peccator
761 3456 907 3523 eral,
935 3447 1115 3529 utqui
1157 3448 1337 3510 totius
1378 3446 1581 3509 mundi
1625 3454 1865 3526 peccata
1895 3464 1997 3506 as-

344 3544 702 3614 sumpserat,
729 3537 962 3619 sibique
990 3537 1228 3617 propria
1275 3538 1538 3600 fecerat:
1572 3535 1676 3598 sed
1712 3534 1863 3596 datis
1893 3555 2001 3617 per

346 3640 584 3685 crucem
618 3625 811 3706 poenis
839 3646 970 3708 quae
1001 3626 1174 3688 nobis
1225 3626 1640 3707 peccatoribus
1672 3626 1997 3689 convenie-

344 3711 572 3775 bantac
594 3713 989 3792 debebantur,
1022 3716 1397 3798 postmodum
1425 3735 1561 3778 cum
1589 3718 1837 3776 Paterna
1860 3734 1996 3780 ven-

342 3808 510 3865 turus
540 3812 631 3869 est
658 3805 865 3885 gloria,
900 3826 1019 3868 non
1049 3806 1165 3886 jam
1201 3818 1476 3887 tanquam
1496 3813 1770 3888 peccator
1785 3818 1994 3873 etcum

345 3889 568 3981 iniquis
598 3904 928 3976 reputatus.
978 3894 1146 3968 Quod
1212 3895 1369 3956 enim
1418 3896 1688 3960 Christus
1719 3910 1999 3981 peccator

340 3978 544 4058 fuerit,
575 3984 754 4049 audi:
789 3984 938 4047 Eum
971 3985 1073 4066 qui
1106 3991 1415 4067 peccatum
1449 4004 1567 4047 non
1600 3978 1866 4064 noverat,
1896 3990 1995 4052 in-

341 4070 492 4158 quit,
553 4091 659 4153 pro
716 4075 891 4137 nobis
945 4083 1253 4156 peccatum
1309 4074 1469 4151 fecit,
1534 4082 1808 4158 tanquam
1868 4099 1996 4142 rem

340 4156 529 4240 ipsam
563 4180 699 4243 quae
726 4172 1033 4244 peccatum
1066 4173 1177 4226 est.

422 4248 496 4330 X,
532 4252 664 4315 1-4.
694 4252 858 4315 Nam
907 4253 1005 4315 lea:
1052 4253 1333 4317 umbram
1383 4255 1615 4318 habens
1639 4257 1988 4334 futurorum

347 4338 667 4423 bonorum,
702 4360 817 4405 non
847 4343 1043 4422 ipsam
1065 4345 1397 4425 imaginem
1426 4345 1993 4426 rerum,hishostiis

340 4445 496 4508 quas
522 4430 778 4511 singulis
805 4434 987 4495 annis
1026 4432 1260 4494 easdem
1289 4434 1673 4496 continenter
1701 4437 1989 4515 offerunt.

2081 3266 2396 3346 ἁμαρτωλὸς
2468 3270 2496 3324 ὁ
2550 3269 2795 3346 Χριστὸς,
2858 3268 2931 3331 ὡς
2979 3269 3072 3334 τὰς
3129 3275 3221 3325 τοῦ
3276 3268 3475 3330 παντὸς
3533 3267 3737 3342 κόσμου

2080 3355 2357 3414 ἀναλαϐὼν
2414 3358 2504 3413 καὶ
2575 3357 2984 3433 οἰκειωσάμενος
3049 3358 3329 3437 ἁμαρτίας.
3403 3353 3570 3413 Ἀλλὰ
3637 3356 3739 3424 τὴν

2079 3449 2215 3524 ἡμῖν
2247 3461 2362 3512 τοῖς
2421 3446 2764 3527 ἁμαρτωλοῖς
2820 3450 3191 3528 προσήκουσαν
3240 3450 3329 3506 καὶ
3383 3445 3738 3526 ὀφειλομένην

2080 3534 2228 3604 δίκην
2273 3534 2441 3601 διδοὺς
2498 3534 2583 3592 διὰ
2632 3546 2725 3596 τοῦ
2754 3546 2997 3617 σταυροῦ,
3056 3535 3243 3593 λοιπὸν
3299 3535 3435 3612 μετά
3475 3538 3574 3601 τῆς
3631 3541 3739 3591 Πα-

2077 3629 2250 3709 τρῴας
2314 3626 2421 3695 ἥξει
2461 3626 2640 3699 δόξης,
2701 3628 2872 3687 οὐκέτι
2929 3630 3001 3694 ὡς
3056 3628 3372 3707 ἁμαρτωλὸς
3442 3627 3530 3683 καὶ
3601 3626 3735 3702 μετὰ

2078 3718 2293 3794 ἀνόμων
2371 3717 2877 3797 καταλογιζόμενος.
2963 3709 2977 3730 ²
3001 3727 3098 3776 Οτι
3168 3719 3267 3796 γὰρ
3323 3714 3633 3794 ἁμαρτωλὸς
3702 3716 3731 3771 ὁ

2080 3808 2326 3886 Χριστὸς,
2375 3803 2554 3867 ἄκουε.
2603 3808 2703 3864 Τὸν
2756 3808 2856 3887 γὰρ
2912 3810 2990 3883 μὴ
3049 3807 3264 3885 γνόντα,
3323 3809 3506 3886 φησὶν,
3552 3806 3728 3883 ἀμαρ-

2078 3896 2215 3977 τίαν,
2247 3897 2376 3977 ὑπὲρ
2423 3899 2577 3973 ἡμῶν
2627 3896 2883 3977 ἁμαρτίαν
2939 3895 3207 3971 ἐποίησεν,
3255 3899 3372 3953 οἷον
3415 3895 3737 3976 αὐτόχρημα

2079 3987 2359 4064 ἁμαρτίαν.

2161 4279 2188 4311 σ
2247 4253 2410 4311 Σκιὰν
2465 4253 2565 4335 γὰρ
2618 4253 2762 4335 ἔχων
2820 4257 2848 4311 ὁ
2903 4255 3066 4330 νόμος
3094 4260 3200 4312 τῶν
3232 4252 3535 4331 μελλόντων
3589 4255 3733 4334 ἀγα-

2074 4347 2202 4423 θῶν,
2262 4344 2356 4400 οὐκ
2412 4342 2576 4411 αὐτὴν
2628 4345 2728 4412 τὴν
2785 4344 2960 4401 εὶκόνα
3030 4350 3136 4401 τῶν
3201 4345 3552 4424 πραγμάτων,
3612 4342 3736 4402 κατ’

2075 4432 2310 4489 ἐνιαυτὸν
2393 4445 2516 4497 ταῖς
2622 4435 2812 4497 αὐταῖς
2907 4433 3107 4498 θυσίαις
3206 4434 3269 4498 ἃς
3351 4432 3730 4514 προσφέρουσιν

339 4536 657 4612 nunquam
699 4527 894 4612 potest
941 4521 1298 4612 accedentes,
1343 4525 1646 4602 perfectos
1714 4527 1988 4591 reddere.

2084 4525 2147 4588 εἰς
2201 4524 2264 4579 τὸ
2322 4520 2586 4599 διηνεκὲς,
2658 4520 2906 4597 οὐδέποτε
2975 4521 3216 4580 δύνανται
3292 4525 3415 4589 τοὺς
3500 4545 3734 4605 προσερ-

334 4607 579 4686 Alioqui
605 4627 809 4673 nonne
845 4611 1163 4674 desiissent
1212 4611 1421 4693 offerri
1476 4620 1800 4694 propterea
1828 4618 1995 4697 quod

342 4699 469 4776 iam
498 4699 740 4762 nullam
770 4699 1125 4763 habuissent
1154 4706 1585 4768 conscientiam
1612 4713 1993 4781 peccatorum

339 4789 444 4867 qui
464 4788 909 4869 sacriﬁcassent
935 4807 1006 4853 ac
1029 4792 1214 4853 semel
1230 4793 1490 4872 purgati
1518 4791 1764 4854 essent?
1800 4796 1995 4876 Atqui

334 4882 403 4938 in
431 4878 570 4941 istis
597 4881 1081 4943 commemoratio
1126 4880 1199 4961 ﬁt
1231 4888 1623 4961 peccatorum
1654 4887 1992 4961 quotannis

330 4963 472 5028 Non
500 4972 662 5031 enim
688 4975 883 5049 potest
909 4971 1166 5051 sanguis
1216 4977 1541 5034 taurorum
1586 4977 1646 5032 et
1675 4970 1989 5035 hircorum

343 5057 589 5134 auferre
613 5066 883 5138 peccato.

430 5169 452 5201 ι
484 5142 766 5208 Umbram
794 5147 1022 5213 habens
1043 5149 1157 5211 lex.
1193 5174 1216 5206 ιι
1259 5147 1487 5230 Typum
1519 5147 1804 5210 duntaxat
1826 5148 1990 5213 futu-

336 5250 539 5295 rorum
581 5233 895 5312 bonorum,
932 5238 1063 5299 novi
1095 5238 1375 5301 videlicet
1420 5241 1778 5299 testamenti.
1816 5238 1991 5303 Potes

338 5329 396 5383 et
425 5321 538 5384 hoc
570 5322 746 5384 modo
781 5324 1145 5405 intelligere.
1181 5331 1230 5391 A
1264 5327 1397 5389 divo
1431 5325 1721 5406 Gregorio
1741 5326 1803 5388 in
1821 5331 1988 5410 Apo-

328 5410 591 5492 logetico
623 5411 751 5473 etin
769 5413 1059 5477 Oratione
1072 5417 1151 5478 ad
1164 5416 1621 5486 subditosdicta
1636 5425 1851 5479 suntea
1865 5437 1995 5499 quae

339 5519 500 5562 nunc
530 5507 786 5581 aguntur
817 5521 885 5564 ac
916 5511 1243 5567 tractantur
1273 5506 1577 5586 mysteria,
1631 5507 1997 5589 exemplaria

343 5607 475 5652 esse
504 5591 798 5672 majorum
827 5593 960 5655 ὅθι
1017 5593 1460 5675 mysteriorum.
1520 5598 1902 5677 Rursumque
1932 5597 1995 5658 in

344 5677 499 5742 libro
519 5680 608 5745 De
629 5683 1079 5747 resurrectione
1107 5700 1121 5746 :
1154 5682 1507 5766 Participes,
1542 5684 1761 5767 inquit,
1794 5703 1999 5748 sumus

354 5768 645 5836 Pascha:
679 5788 837 5836 nunc
860 5772 1101 5861 quidem
1131 5773 1325 5838 adhuc
1368 5773 1588 5856 typice,
1617 5775 1999 5856 postmodum

2076 4610 2337 4693 χομένοξς
2366 4609 2669 4674 τελειῶσαι.
2703 4607 2853 4670 Ἐπεὶ
2882 4613 2978 4670 οδκ
3005 4610 3066 4669 ἂν
3096 4612 3392 4671 ἐπαύσαντο
3433 4614 3733 4694 προσφερό-

2075 4723 2230 4777 μεναι
2259 4700 2343 4758 διὰ
2396 4702 2458 4758 τὸ
2502 4699 2764 4777 μηδεμίαν
2807 4700 2963 4783 ἔχειν
3004 4701 3081 4759 ἔτι
3141 4701 3433 4771 συνείδησιν
3462 4702 3736 4783 ἁμαρτιῶν

2073 4791 2194 4855 τοὺς
2224 4788 2568 4868 λατρεύοντας
2610 4787 2750 4855 ἅπαξ
2778 4790 3198 4869 κεκαθαρμένους
3232 4810 3249 4865 ;
3283 4789 3431 4849 Ἀλλ’
3459 4794 3515 4849 ἓν
3544 4795 3732 4855 αὐταῖς

2074 4880 2368 4958 ἀνάμνησις
2452 4880 2748 4960 ἁμαρτιῶν,
2857 4879 2977 4937 κατ’
3073 4881 3334 4941 ἒνιαυτόν.
3449 4877 3735 4939 Ἀδύνατον

2072 4970 2172 5049 γὰρ
2265 4973 2407 5045 αἷμα
2495 4969 2696 5050 ταύρων
2781 4971 2871 5026 καὶ
2949 4970 3156 5051 τράγων
3226 4971 3473 5050 ἀφαιρεῖν
3556 4971 3731 5051 ἀμαρ-

2071 5061 2184 5124 τίας
2197 5106 2208 5116 .
2249 5085 2269 5112 ο

2160 5170 2184 5205 ιι
2243 5148 2406 5205 Σκιάν
2462 5149 2562 5229 γὰρ
2625 5146 2769 5228 ἔχων
2811 5150 2840 5205 ὁ
2883 5147 3070 5224 νόμος,
3138 5172 3162 5208 ι
3227 5150 3400 5209 Τύπον
3431 5149 3595 5225 μόνον
3624 5153 3731 5205 τῶν

2073 5236 2377 5316 μελλόντων
2441 5238 2671 5317 ἀγαθῶν,
2716 5240 2843 5307 ,τῆς
2926 5238 3045 5301 νέας
3135 5236 3391 5310 διαθήκης
3456 5236 3727 5306 δηλονότι.

2079 5329 2219 5405 Δύνῃ
2276 5328 2364 5384 καὶ
2421 5326 2587 5392 οὕτως
2670 5331 2882 5394 νοῆσαι,
2966 5361 3038 5373 -
3108 5323 3434 5410 [ΟΙΚΟΥΜ,]
3504 5326 3732 5408 Εἴρηται

2075 5425 2151 5491 τῷ
2233 5416 2288 5473 ἐν
2371 5417 2536 5495 ἁγίοις
2620 5416 2892 5495 Γρηγορίῳ
3000 5416 3055 5473 ὲν
3137 5419 3215 5493 τῷ
3297 5415 3730 5497 Ἀπολογητικῷ,

2076 5508 2164 5562 καὶ
2246 5505 2301 5561 ἐν
2382 5512 2461 5580 τῷ
2546 5508 2680 5586 Πρὸς
2765 5507 2885 5570 τοὺς
2969 5505 3426 5581 πολιτευομένους,
3510 5508 3577 5564 τὰ
3646 5513 3737 5564 νῦν

2076 5600 2197 5654 θεῖα
2254 5597 2540 5676 μυστήρια,
2587 5595 2841 5658 ἀντίτυπα
2896 5597 3039 5655 εἶναι
3097 5597 3352 5674 μειζόνων
3407 5595 3733 5676 μυστηρίων.

2084 5687 2182 5743 Καὶ
2261 5684 2422 5743 πάλιν
2503 5686 2560 5743 ἐν
2640 5691 2720 5763 τῷ
2800 5688 2926 5766 Περὶ
3005 5686 3343 5750 ἀναστάσεως
3378 5700 3391 5715 ·
3485 5684 3736 5752 Μεταλη-

2082 5775 2291 5853 ψόμεθα
2332 5775 2423 5835 τοῦ
2475 5775 2695 5859 Πάσχα,
2753 5777 2906 5859 φησὶ,
2951 5784 3041 5836 νῦν
3085 5774 3182 5853 μὲν
3238 5780 3496 5850 τυπικῶς,
3541 5773 3620 5832 ἔτι
3661 5776 3736 5840 εἰς
