4136 6424
379 365 496 436 385

1479 370 1877 441 COMMENT.
1927 376 2008 438 IN
2053 360 2297 436 EPIST.
2342 371 2443 433 AD
2481 367 2712 433 HEBR.

3653 373 3778 444 386

381 504 594 586 ὕστερον
622 503 677 562 δὲ
705 505 1050 587 τελειότερον.
1084 509 1156 568 To
1201 508 1300 588 γὰρ
1357 509 1577 585 νομικὸν
1626 509 1820 591 Πάσχα
1851 509 2034 588 τολμῶ

2134 523 2259 567 vero
2291 505 2793 585 perfectius.Nam
2826 506 3052 570 Pascha
3082 507 3299 592 legale,
3324 511 3518 574 audeo
3537 521 3597 575 et
3629 513 3786 576 dico:

382 596 470 654 καὶ
496 593 660 676 λέγω,
706 597 870 657 τύπου
897 598 1062 662 τύπος
1090 598 1178 667 ἦν,

465 685 676 742 Τούτων
756 685 923 751 οὕτως
1008 687 1322 767 εἰρημένων,
1408 687 1554 748 οὐδὲν
1625 687 1678 745 ἐν
1733 691 1936 756 τούτοις
2009 694 2037 748 ὁ

387 770 714 839 ’Λπόστολος
772 776 924 832 σκιὰν
967 778 1056 832 καὶ
1119 778 1315 850 εἰκόνα,
1361 779 1448 836 καὶ
1519 778 1781 855 μέλλοντα
1848 781 2036 860 ἀγαθὰ,

387 862 418 918 ἃ
458 865 547 919 καὶ
602 863 893 943 πράγματα
962 869 1148 948 καλεῖ,
1213 867 1482 925 τουτέστιν
1538 867 1734 938 ἀληθῆ,
1799 861 1890 936 Ὠς
1943 871 2044 951 γὰρ

385 952 514 1040 πρὸς
571 952 856 1040 παράθεσιν
912 961 1068 1022 σκιᾶς
1140 957 1228 1014 καὶ
1309 957 1535 1036 εἰκόνος,
1617 959 1683 1014 τὰ
1763 960 2054 1040 πράγματα

386 1037 632 1109 ἀλήθειαν
689 1038 872 1115 δηλοῖ,
933 1045 1018 1100 καὶ
1074 1045 1175 1125 γὰρ
1219 1045 1362 1103 ἐστιν
1421 1044 1662 1118 ἀλήθεια.
1727 1037 1895 1104 Σκιάν
1958 1050 2056 1126 μὲν

385 1127 472 1185 οὖν
529 1127 645 1185 οἶδε
689 1131 755 1186 τὰ
810 1131 866 1186 ἐν
937 1133 1107 1208 νόμῳ,
1167 1135 1340 1191 εἰκόνα
1399 1134 1453 1192 δὲ
1520 1159 1586 1195 τα
1647 1137 1880 1218 ἡμέτερα
1946 1144 2056 1195 τῶν

387 1224 742 1300 Χριστιανῶν,
805 1219 1071 1295 μέλλοντα
1125 1221 1181 1280 δὲ
1247 1225 1335 1281 καὶ
1389 1225 1556 1304 ἀγαθὰ
1612 1229 1698 1283 καὶ
1767 1228 2052 1306 πράγματα

386 1306 585 1388 ἀληθῆ,
615 1310 682 1365 τὰ
721 1309 774 1366 ἐν
818 1318 894 1386 τῷ
948 1311 1199 1387 μέλλοντι
1243 1315 1416 1377 αἰῶνι.
1481 1317 1579 1374 Καὶ
1622 1317 1721 1395 γὰρ
1777 1317 1900 1374 ὅσον
1955 1317 2055 1374 ἀπ,

387 1395 498 1468 ᾴδει
541 1399 694 1455 εἰκὼν
756 1399 1026 1474 ἀληθείας,
1074 1405 1324 1460 τοσοῦτον
1385 1405 1585 1466 εἰκόνος
1639 1407 1786 1468 σκιά,
1837 1398 1898 1463 Ἠ
1956 1429 2053 1481 μεν

386 1487 485 1565 γὰρ
514 1487 693 1560 εἰκὼν,
728 1491 772 1546 εἰ
814 1493 901 1546 καὶ
958 1491 1036 1564 μὴ
1094 1493 1258 1560 αὐτὴν
1317 1491 1434 1574 ἔχει
1464 1495 1564 1562 τὴν
1606 1493 1878 1569 ἀλήθειαν,
1904 1495 2047 1564 πλὴν

386 1576 602 1651 μίμημα
662 1575 874 1657 ἐναργές
932 1579 1073 1636 ἐστιν
1117 1580 1391 1659 ἀληθείας,
1453 1585 1516 1639 τὸ
1571 1590 1766 1664 σχῆμα
1808 1585 2047 1657 σώζουσα

387 1664 469 1724 διὰ
508 1674 616 1724 τῶν
659 1670 988 1749 χρωμάτων,
1051 1675 1138 1730 καὶ
1190 1675 1290 1742 τὴν
1348 1673 1629 1757 ἀναλογίαν
1682 1683 1787 1734 τῶν
1845 1676 2042 1757 μελῶν,

2119 593 2319 673 ﬁgurae
2349 595 2536 674 ﬁgura
2569 604 2721 658 erat.

2203 682 2308 744 His
2339 683 2417 744 ita
2449 684 2648 759 dictis,
2684 685 2843 746 novit
2891 687 3210 768 Apostolus
3259 687 3323 750 in
3372 689 3462 752 his
3514 689 3784 752 umbram

2123 779 2186 832 et
2215 772 2533 852 imaginem
2550 775 2823 836 etfutura
2841 774 2999 838 bona
3021 795 3150 858 qua;
3172 779 3349 840 etiam
3376 797 3474 840 res
3502 780 3784 861 appellat,

2135 879 2354 942 nempe
2383 862 2776 926 veras.Veluti
2819 865 2980 927 enim
3011 865 3083 927 ad
3117 867 3345 929 umbrae
3391 887 3459 930 ac
3515 870 3790 949 imaginis

2138 951 2774 1031 comparationem,res
2802 954 3787 1038 signiticantveritatem:siquidem

2141 1039 2822 1104 suntveritas.Umbram
2854 1045 3050 1124 itaque
3081 1045 3154 1105 sit
3179 1063 3249 1105 ea
3290 1063 3422 1107 esse
3474 1064 3606 1126 quae
3651 1046 3784 1108 fue-

2140 1139 2280 1190 runt
2310 1129 2371 1189 in
2403 1130 2881 1210 lege,imaginem
2895 1141 3326 1212 autem,nostra
3345 1133 3446 1214 qui
3467 1134 3789 1198 Christiani

2136 1233 2361 1293 sumus,
2395 1218 2590 1280 futura
2618 1237 2754 1281 vero
2780 1228 2839 1282 et
2870 1220 3026 1281 bona
3077 1232 3138 1283 et
3192 1239 3290 1281 res
3341 1240 3530 1296 veras,
3566 1241 3698 1303 quae
3729 1224 3789 1285 in

2136 1305 2331 1367 futuro
2364 1316 2534 1368 erunt
2560 1309 3037 1371 saaculo.Etenim
3057 1321 3342 1390 quantum
3373 1311 3572 1372 differt
3595 1313 3788 1390 imago

2137 1413 2171 1455 a
2200 1395 2466 1470 veritate,
2521 1406 2744 1459 tantum
2779 1397 2990 1460 umbra
3027 1399 3102 1460 ab
3162 1399 3442 1479 imagine.
3479 1399 3787 1482 Siquidem

2138 1501 2474 1565 quanquam
2504 1485 2695 1566 imago
2731 1507 2847 1548 non
2881 1489 3070 1569 ipsam
3101 1490 3402 1552 contineat
3451 1491 3784 1565 veritatem,

2123 1568 2222 1633 est
2251 1581 2442 1634 tamsn
2475 1577 2786 1636 manifesta
2807 1568 3055 1638 imitatio
3069 1577 3633 1652 veritatis,babitum
3653 1596 3785 1640 ser-

2129 1680 2270 1722 vans
2303 1683 2408 1743 per
2437 1665 2670 1726 colores
2691 1685 2758 1726 ac
2775 1666 3178 1728 membrorum
3214 1667 3786 1748 proportiones,rei-

389 1758 475 1812 καὶ
516 1759 578 1814 τὸ
623 1762 819 1838 χρῶμα
877 1767 970 1818 τοῦ
1025 1763 1390 1838 ὕποκειμένο).
1442 1755 1504 1821 Ἠ
1535 1763 1590 1820 δὲ
1638 1766 1767 1822 σκιά
1813 1762 2045 1842 ῗνδαλμά

2134 1771 2245 1831 que
2278 1753 2593 1832 proposita;
2628 1755 2915 1818 colorem.
2948 1754 3171 1818 Umbra
3194 1775 3329 1817 vero
3362 1764 3538 1818 tenue
3560 1766 3618 1816 et
3639 1756 3784 1817 obs-

390 1844 528 1900 ἐστιν
571 1845 803 1927 ἀμυδρὸν
845 1855 944 1917 τῆς
1009 1853 1232 1926 εἰκόνος,
1293 1852 1437 1910 οὖδὲν
1493 1854 1694 1910 τούτων
1737 1857 1808 1912 ὧν
1857 1857 1890 1923 ἡ
1962 1858 2042 1912 εἰ-

2134 1859 2333 1901 curum
2357 1851 2448 1902 est
2475 1843 2748 1922 imaginis
2765 1843 3335 1920 simulacrum,nihil
3353 1863 3559 1906 eorum
3579 1853 3785 1906 osten-

389 1936 495 1992 κὼν
551 1938 930 2018 ὑποφαίνουσα.
1003 1943 1098 1999 Καὶ
1171 1943 1405 2021 ἡγοῦμαι
1491 1945 1584 2000 τὸν
1656 1943 1905 2025 θεολόγον
1987 1951 2048 2002 ἒκ

387 2026 585 2082 τούτων
639 2029 746 2084 τῶν
802 2027 1170 2114 ἀποστολικῶν
1213 2033 1390 2110 ῥητῶν
1466 2037 1804 2114 προαχθῆναι
1877 2037 2048 2092 εἰπεῖν

386 2115 451 2170 τὰ
492 2118 836 2194 προκείμενα.
888 2109 1094 2196 (Ὀμοια
1136 2119 1190 2177 δὲ
1216 2109 1462 2196 τούτων,
1513 2125 1601 2180 ααὶ
1654 2122 1806 2183 ἄλλοι
1837 2124 2050 2189 πλείους

389 2204 548 2260 εἶπον
580 2205 828 2284 Πατέρες.
867 2230 894 2262 α
928 2207 1037 2266 Οὐκ
1066 2211 1227 2278 αὐτὴν
1255 2211 1355 2278 τὴν
1400 2212 1600 2272 εἰκόνα.
1668 2236 1692 2272 ν
1759 2215 1865 2280 Τὴν
1910 2215 2052 2282 ἀλη-

391 2296 552 2353 θειαν.
625 2321 649 2349 α
715 2298 828 2352 Τῶν
883 2299 1231 2376 πραγμάτων,
1285 2323 1309 2357 ι
1378 2302 1672 2381 Πράγματα
1726 2302 1907 2377 καλεῖ,
1961 2306 2051 2362 τὸν

393 2382 661 2474 μέλλοντα
697 2385 809 2461 βίον
844 2402 858 2416 ⁸
921 2388 1095 2446 εἰκόνα
1150 2387 1204 2444 δὲ
1263 2392 1612 2469 πραγμάτων,
1675 2392 1771 2458 τὴν
1822 2395 2050 2474 εὐαγγε-

393 2469 550 2539 λικὴν
580 2473 850 2533 πολιτείαν
881 2492 894 2505 ⁸
949 2477 1100 2533 σκιὰν
1131 2475 1184 2532 δὲ
1213 2483 1313 2545 τῆς
1363 2486 1470 2535 τῶν
1514 2481 1838 2559 πραγμάτων
1897 2483 2042 2539 εἰκό-

389 2583 497 2633 νος,
561 2563 660 2630 τὴν
718 2563 948 2620 παλαιὰν
1005 2562 1282 2636 διαθήκην.
1349 2559 1410 2624 Ἠ
1451 2569 1550 2647 γὰρ
1608 2571 1759 2626 εἰκὼν
1817 2572 2042 2650 ἒναργέ-

387 2672 545 2730 στερα
588 2648 809 2708 δείκνυσι
853 2655 918 2708 τὰ
959 2653 1252 2734 ἀρχέτυπα.
1319 2647 1380 2714 Ἠ
1443 2657 1497 2713 δὲ
1555 2661 1873 2740 σκιαγραφία
1915 2647 2040 2729 -τῆς

392 2741 592 2804 εἰκόνος
662 2739 1007 2822 ἀμυδρότερον
1094 2753 1258 2801 ταῦτα
1299 2745 1625 2825 παραδηλοῖ.
1697 2739 1871 2826 Ταύτῃ
1941 2752 2040 2831 γὰρ

389 2834 489 2896 τῆς
569 2828 800 2894 παλαιᾶς
886 2830 1141 2903 διαθήκης
1226 2833 1469 2893 ἐπείκασε
1551 2838 1650 2905 τήν
1747 2828 2037 2902 ἀσθένειαν,

395 2917 603 2984 Πολλὰς
647 2920 770 2998 γὰρ,
827 2923 980 3001 φησὶ,
1025 2924 1202 2986 θυσίας
1259 2925 1346 2982 καὶ
1388 2927 1455 2982 τὰ
1497 2928 1656 2991 αὐτὰς
1714 2928 1831 2984 κατ’
1862 2927 2040 2988 ἐνιαυ-

387 3011 480 3066 τὸν
534 3008 934 3090 προσφέροντες,
997 3010 1277 3069 τελειῶσαι
1333 3016 1453 3079 τοὺς
1509 3017 1647 3072 κατὰ
1713 3018 1878 3092 νόμον
1945 3041 2041 3076 πο⁹

389 3095 752 3174 λιτευομένους
809 3100 868 3157 οὗ
919 3099 1182 3162 δύνανται,
1265 3125 1288 3158 σ
1366 3102 1494 3162 Κατ’
1565 3105 1825 3166 ἐνιαυτόν.
1893 3131 1914 3163 ι
1983 3109 2044 3166 Τί

388 3195 529 3268 οὖν;
595 3190 692 3245 Καὶ
748 3191 911 3266 ἡμεῖς
957 3190 1050 3248 οὒκ
1103 3191 1184 3248 ἀεὶ
1234 3195 1408 3258 θυσίας
1460 3194 1816 3270 ἀναιμάκτους
1873 3197 2045 3277 προσὲ

385 3281 668 3362 φέρομεν;
728 3278 897 3335 Ἀλλὰ
953 3281 1041 3336 καὶ
1098 3281 1214 3347 ἑνὸς
1258 3285 1479 3341 θανάτου
1537 3288 1762 3364 Χριστοῦ
1817 3286 2058 3363 ἀναμνή-

386 3391 498 3432 σεις
561 3375 815 3444 ποιοῦμεν
898 3371 985 3427 καὶ
1067 3373 1119 3430 ἓν
1193 3370 1246 3428 δὲ
1313 3380 1468 3448 σῶμα
1543 3375 1771 3453 Χριστοῦ
1827 3377 2054 3437 πάντοτε

391 3458 655 3533 ἐσθίομεν,
703 3459 775 3514 Οὐ
858 3459 959 3537 γὰρ
1014 3468 1106 3518 νῦν
1166 3465 1263 3538 μὲν
1319 3461 1480 3520 ἄλλου
1540 3471 1788 3544 Χριστοῦ,
1863 3465 2054 3526 ἄλλοτε

385 3549 441 3610 δὲ
461 3546 644 3622 ἄλλου,
677 3545 796 3605 ἀλλ’
831 3548 911 3604 ἀεὶ
940 3552 1032 3606 τοῦ
1060 3551 1241 3614 αὐτοῦ,
1277 3556 1337 3610 Αἰ
1358 3550 1412 3608 δὲ
1442 3559 1547 3610 τῶν
1580 3552 1840 3611 Ἰουδαίων
1861 3559 2048 3631 θυσίαι,

389 3634 618 3717 διάφορα
673 3637 832 3718 εἶχον
876 3641 1110 3721 θύματα,
1165 3646 1284 3698 οἷον
1328 3641 1592 3723 πρόϐατα,
1650 3645 1800 3720 βόας,
1861 3648 2048 3725 αἶγας,

396 3729 509 3816 Διο
537 3726 728 3784 πολλαὶ
783 3729 975 3792 θυσίαι,
1023 3733 1084 3786 Αἱ
1128 3732 1231 3811 γὰρ
1284 3733 1462 3812 ἡμῶν,
1524 3735 1568 3789 εἰ
1609 3735 1698 3790 καὶ
1726 3741 1794 3811 τῇ
1821 3735 2054 3816 ἐνεργείᾳ

393 3815 612 3898 πολλαὶ,
647 3823 715 3893 τῇ
743 3819 922 3894 μέντοι
981 3818 1198 3897 δυνάμει
1256 3823 1371 3897 μία,
1441 3844 1464 3879 (ι
1514 3833 1646 3890 Ταῖς
1705 3829 1892 3887 αὐταῖς
1957 3831 2052 3884 θυ-

388 3905 554 3968 σίαις,
609 3927 633 3962 ιι
696 3914 827 3972 Ταῖς
886 3909 1074 3972 αὐταῖς
1132 3917 1209 3984 τῷ
1260 3911 1458 3989 τρόπῳ.
1520 3920 1647 3976 Τοῖς
1703 3914 1803 3991 γὰρ
1861 3915 2052 3990 θύμασι

385 3992 680 4074 διαφόροις,
747 4019 774 4050 ιι
809 3998 896 4060 Εἰς
943 3999 1008 4053 τὸ
1059 3996 1322 4066 διηνεκές.
1385 4023 1412 4056 ι
1471 4000 1602 4058 Κατ’
1660 4001 1894 4058 ἐνιαυτὸν
1953 4007 2054 4083 γὰρ

383 4084 774 4164 προσεφέροντο
831 4089 903 4152 εἰς
949 4087 1265 4168 ἀπέραντον.
1321 4111 1344 4144 ιι
1408 4087 1668 4147 Οὐδέποτε
1723 4089 1956 4154 δύναται,
2023 4117 2046 4151 ι)

389 4163 448 4229 Ὀ
479 4173 668 4248 νόμος,
697 4174 985 4236 τουτέστιν.
1042 4201 1066 4232 v
1121 4180 1250 4242 Τοὺς
1311 4179 1773 4260 προσερχομένους
1829 4186 2053 4239 τελειῶ-

388 4281 495 4321 σαι,
544 4286 573 4317 ι
639 4263 736 4319 Διά
779 4265 830 4321 τί
861 4286 878 4346 ;
914 4265 1139 4336 Ἐπειδῆ
1171 4269 1333 4334 τύπος
1363 4259 1625 4331 ἓστίνλΗ
1655 4271 1754 4349 γὰρ
1798 4269 2046 4350 ἀλήθεια,

390 4351 654 4408 τουτέστιν
696 4355 724 4410 ὁ
755 4358 1005 4435 Χριστὸς,
1053 4364 1207 4414 τοῦτο
1259 4358 1498 4430 ἐποίησε,
1561 4357 1646 4415 διὰ
1693 4367 1816 4437 μιᾶς
1874 4363 2052 4419 θυσίας

393 4444 710 4520 καθαρισμὸν
741 4442 1123 4524 ἐργασάμενος.
1165 4469 1190 4506 σ
1225 4445 1377 4506 Ἐπεὶ
1407 4450 1502 4506 οὒκ
1557 4446 1621 4505 ἂν
1677 4449 1965 4514 ἐπαύσατο,
2017 4476 2044 4508 ι

396 4531 536 4627 βατὰ
570 4531 846 4627 ,ἐρώτησιν
918 4536 1203 4615 ἀνάγνωθι.
1289 4539 1348 4595 Εἰ
1427 4539 1528 4618 γὰρ
1588 4537 1804 4621 ἔπαυον,
1865 4543 2045 4627 φησὶν,

389 4622 644 4701 ἁμαρτίας
699 4625 902 4684 ἐκεῖναι
944 4632 998 4686 αἱ
1057 4632 1226 4687 θυσίαι
1280 4631 1476 4696 πάντὸς
1562 4636 1656 4691 ουκ
1734 4632 1794 4690 ἂν
1878 4622 2048 4694 ἐπαύέ

389 4731 546 4802 σαντο
586 4718 1036 4799 προσφερόμεναι,
1068 4717 1152 4776 διὰ
1181 4721 1244 4776 τὸ
1272 4719 1467 4794 μηκέτι
1509 4720 1855 4802 πεοειλῆφθαι
1886 4725 2051 4782 συνεί.

386 4797 536 4868 δησιν
567 4804 862 4887 ἁμαρτιῶν,
892 4805 978 4864 διὰ
1005 4797 1067 4865 τὸ
1095 4807 1232 4876 ἅπαξ
1263 4811 1628 4889 κεκαθαρίσθαι
1657 4830 1674 4891 ς
1728 4797 1760 4867 «ν
1806 4809 1956 4868 Ἀλλ’
1996 4813 2052 4870 ἐν

386 4893 573 4956 αὐταῖς
603 4892 898 4969 ἀνάμνησις
930 4898 1230 4978 ἁμαρτιῶν,
1286 4921 1315 4955 ι
1373 4896 1462 4956 Ἐν
1494 4901 1707 4981 αὐταῖς,
1740 4903 1894 4981 φησὶ,
1926 4916 2049 4965 ταῖς

382 4980 621 5071 θυσίαις,
695 4981 990 5060 ἀνάμνησις
1059 4987 1220 5063 μόνον
1290 4989 1378 5045 καὶ
1461 4980 1698 5069 ἔλεγχος
1753 4980 2046 5071 αμαρτιῶν,

387 5068 570 5161 {ipsum
603 5069 658 5127 δὲ
688 5072 786 5130 οὗκ
829 5074 928 5134 ἔτι.
979 5077 1080 5134 Καὶ
1107 5075 1306 5155 δεῖγμα
1333 5083 1423 5134 τοῦ
1453 5079 1530 5154 μὴ
1574 5068 1717 5135 εἶναι
1749 5068 1957 5161 ἄφεσιν,
1988 5083 2050 5138 τὸ

389 5158 467 5214 ἀεὶ
500 5161 642 5218 εῖναι
685 5163 887 5229 θυσίας,
921 5168 995 5224 Οὐ
1022 5167 1121 5246 γὰρ
1151 5167 1338 5244 μόνον,
1372 5169 1552 5248 φησὶν,
1607 5168 1692 5226 ἐπὶ
1720 5158 1844 5234 ταῖς
1876 5158 2052 5250 ἐπιγι-

387 5250 626 5337 νομέναις
653 5253 932 5334 ἁμαρτίαις
964 5259 1014 5312 αἱ
1043 5257 1209 5314 θυσίαι
1240 5257 1641 5337 φροσφέρονται,
1676 5258 1813 5316 ἀλλὰ
1841 5259 2045 5335 μᾶλλον

385 5336 468 5395 ἐπὶ
495 5340 714 5418 πάσαις,
769 5345 844 5408 ὡς
887 5345 966 5421 μὴ
1009 5336 1328 5425 ἀφεθείσαις,
1388 5361 1512 5413 ταῖς
1572 5346 1676 5416 ἤδη
1732 5349 2042 5426 γενομέναις

382 5430 603 5518 θυσίαις.
688 5452 713 5488 ι
790 5431 1071 5492 Ἀδύνατον
1126 5437 1226 5514 γὰρ
1269 5440 1408 5513 αἷμα
1463 5439 1689 5518 ταύρων,
1755 5460 1778 5496 ο
1846 5441 2043 5498 Λοιπὸν

383 5513 634 5577 δείκνυσιν
697 5521 870 5591 ἀληθῆ
926 5525 992 5581 τὰ
1049 5513 1322 5604 εἰρημένα,
1397 5527 1460 5584 ἐκ
1499 5513 1596 5597 τῆς
1651 5527 1910 5596 εὐτελείας
1953 5534 2046 5587 τοῦ

389 5607 618 5685 α’τματος
631 5661 642 5673 ,

2129 1929 2279 1991 dens
2329 1950 2460 2010 qua)
2510 1932 2702 2011 imago
2762 1932 3155 1996 demonstrat.
3190 1933 3384 2014 Atque
3432 1932 3786 2012 Gregorium

2134 2017 2408 2080 existimo
2442 2040 2512 2081 ex
2550 2021 2643 2082 his
2673 2022 3018 2102 apostolicis
3037 2021 3575 2083 verbisadductum
3600 2021 3784 2083 fuisse

2135 2116 2200 2168 ut
2222 2107 2447 2170 diceret
2477 2129 2622 2190 qua;
2643 2111 2946 2190 prapusita
2975 2120 3130 2171 sunt.
3187 2112 3292 2171 His
3340 2119 3535 2172 autem
3569 2111 3788 2174 similia

2138 2197 2414 2258 dixerunt
2443 2210 2499 2259 et
2530 2200 2630 2259 alii
2663 2199 2865 2278 plures
2915 2218 2984 2262 ex
3040 2200 3327 2279 patribus.
3364 2225 3391 2255 α
3427 2202 3557 2263 Non
3589 2199 3783 2281 ipsam

2135 2286 2521 2366 imaginem.»
2548 2290 2672 2351 Hoc
2703 2302 2794 2350 est
2825 2289 3135 2351 veritatem
3174 2309 3203 2348 (ι
3223 2287 3505 2351 Rerum.»
3541 2288 3658 2351 Res
3686 2309 3787 2370 ap-

2135 2377 2312 2457 pellat
2357 2377 2612 2439 futuram
2669 2378 3228 2457 vitamzimaginem
3291 2387 3489 2440 autem
3553 2397 3784 2452 rerum,

2134 2467 2533 2545 evangelicam
2566 2468 2868 2547 politiam;
2916 2470 3186 2528 umbram
3219 2486 3356 2528 vero
3379 2467 3655 2545 imaginis
3685 2487 3786 2529 re-

2125 2572 2280 2628 rum,
2318 2564 2482 2615 vetus
2506 2555 3156 2635 testamentum.lmago
3189 2557 3350 2617 enim
3383 2558 3786 2619 manifestiora

2126 2644 2384 2706 ostendit
2416 2645 2777 2725 exemplaria
2805 2664 2818 2708 :
2851 2646 3230 2707 adumbratio
3262 2655 3458 2706 autem
3509 2645 3785 2726 imaginis

2125 2733 2436 2796 obscurius
2465 2735 2588 2796 haec
2625 2735 2985 2797 manifestat.
3019 2734 3163 2795 Nam
3185 2735 3310 2796 haec
3345 2738 3566 2796 veteris
3598 2745 3780 2796 testa-

2125 2827 2306 2884 menti
2342 2823 2618 2904 exprimit
2649 2822 3144 2886 imbecillitatem.
3210 2825 3321 2896 Qui
3353 2823 3512 2884 enim
3547 2825 3778 2902 multas,

2124 2911 2335 2993 inquit,
2363 2923 2421 2974 et
2450 2914 2688 2976 easdem
2722 2914 2972 2992 singulis
3007 2915 3184 2975 annis
3221 2915 3479 2976 offerunt
3532 2915 3781 2992 hostias,

2125 3002 2412 3083 perﬁcere
2436 3012 2738 3084 nequeunt
2776 3004 3042 3084 illos,qui
3073 3003 3403 3065 secundum
3438 3004 3628 3082 legem
3643 3024 3784 3064 con-

2127 3104 2459 3155 versantur.
2497 3118 2523 3148 «
2557 3093 2821 3172 Singulis
2869 3093 3063 3154 annis.
3102 3118 3129 3149 ι)
3180 3093 3330 3165 Quid
3389 3092 3581 3172 ergo?
3625 3111 3783 3154 anne

2065 3170 2105 3220 C
2140 3201 2248 3243 nos
2277 3201 2515 3264 semper
2539 3170 2846 3245 offer—imus
2884 3183 3106 3245 hostias
3137 3182 3424 3262 sanguiue
3459 3170 3784 3244 carentes?

2136 3274 2255 3335 Sed
2288 3275 2465 3336 unius
2489 3274 2874 3355 ejusdemque
2908 3275 3113 3334 mortis
3158 3271 3381 3336 Christi
3437 3273 3784 3334 memoriam

2137 3363 2404 3445 facimus,
2441 3373 2500 3424 et
2533 3383 2710 3425 unum
2745 3364 2961 3425 Christi
2992 3382 3210 3443 corpus
3257 3381 3499 3443 semper
3519 3362 3780 3425 edimus.

2137 3452 2264 3514 Non
2295 3455 2454 3515 enim
2491 3474 2647 3514 nunc
2678 3454 2919 3535 quidem
2951 3455 3132 3516 unius
3177 3454 3420 3534 Christi,
3470 3453 3614 3514 alias
3645 3471 3781 3514 vero

2137 3544 2402 3618 alterius,
2461 3545 2565 3606 sed
2616 3563 2856 3624 semper
2913 3544 3204 3622 ejusdem.
3263 3543 3602 3606 Judaeorum
3647 3561 3784 3604 vero

2137 3633 2343 3694 hostiae
2366 3633 2555 3695 varias
2583 3633 2878 3695 habebant
2902 3633 3190 3709 victimas,
3227 3651 3444 3712 nempe
3476 3650 3634 3705 oves,
3670 3633 3781 3693 ho-

2137 3741 2264 3805 ves,
2285 3742 2495 3804 capras
2520 3741 2532 3786 :
2562 3723 2697 3784 ideo
2725 3724 2922 3784 multm
2952 3732 3090 3784 sunt
3113 3723 3326 3786 hostia}
3353 3741 3366 3784 :
3398 3730 3615 3783 nostra:
3647 3741 3785 3783 vero

2135 3832 2469 3894 quanquam
2529 3814 2756 3874 actione
2814 3814 3012 3874 multae
3052 3815 3190 3890 sint,
3243 3812 3420 3873 unica
3469 3821 3664 3872 tamen
3697 3822 3787 3872 est

2135 3911 2443 3983 potestate.
2488 3927 2508 3958 ο
2547 3904 2797 3964 Easdem
2862 3905 3102 3964 hostias.
3145 3927 3167 3959 υ
3205 3901 3456 3963 Easdem
3507 3901 3568 3961 in
3604 3903 3778 3964 modo

2136 3992 2448 4068 oil‘erendi,
2484 3993 2659 4055 variis
2691 4003 2888 4056 tamen
2912 3993 3163 4054 victimis
3197 4009 3210 4050 :
3249 4017 3275 4047 «
3309 3991 3726 4055 Continenter.
3749 4018 3776 4048 »

2138 4079 2400 4163 Singulis
2431 4084 2588 4143 enim
2621 4083 2794 4144 annis
2824 4083 2954 4144 sine
2995 4083 3114 4142 ullo
3151 4081 3404 4143 termino
3439 4080 3780 4142 offereban-

2137 4178 2251 4232 tur.
2294 4195 2315 4225 τι
2351 4171 2663 4252 Nunquam
2694 4172 3050 4253 potest,»lex
3069 4170 3785 4233 viilelicet.uAccedentes

2139 4262 2436 4341 perfectos
2468 4263 2740 4325 reddere.
2777 4267 2818 4319 »ι’
2849 4263 2988 4323 592
3013 4260 3410 4334 Quamobrem
3437 4262 3461 4321 Υ
3491 4259 3782 4332 Quoniam

2141 4352 2328 4433 ﬁgura
2357 4361 2518 4414 erat:
2551 4371 2683 4414 nam
2737 4351 2971 4428 veritas,
3007 4359 3146 4433 puta
3181 4349 3451 4438 Christus
3475 4351 3587 4412 hoc
3617 4350 3780 4431 fecit,

2137 4461 2246 4523 per
2288 4463 2464 4506 unam
2512 4443 2764 4505 hostiam
2815 4443 2967 4504 facta
3014 4442 3448 4524 purificatione.
3490 4466 3516 4497 τ
3543 4441 3788 4523 Alioqui

2135 4551 2336 4596 nonne
2367 4532 2720 4596 desiissent?
2754 4562 2775 4592 υ
2816 4532 2929 4594 Per
2989 4533 3516 4614 interrogationem
3573 4532 3778 4610 legito.

2131 4621 2279 4686 Nam
2296 4623 2347 4685 si
2375 4642 2614 4688 cessare
2641 4632 2882 4705 peccata
2910 4623 3190 4685 fecissent
3210 4623 3328 4684 illae
3347 4623 3787 4699 bostiaa,annon

2134 4713 2378 4776 omnino
2410 4723 2744 4776 cessassent
2774 4713 3327 4796 olferri,propterea
3346 4712 3504 4794 quod
3527 4713 3784 4793 amplius

2133 4803 2312 4866 nulla;
2338 4804 2584 4866 involuti
2606 4803 2857 4866 fuissent
2888 4812 3267 4884 peccatorum
3291 4801 3659 4864 conscientia
3679 4820 3780 4863 se—

2135 4895 2252 4956 mel
2285 4893 2624 4974 puriﬁcati?
2650 4919 2676 4948 α
2702 4891 2880 4974 Atqui
2911 4891 2974 4953 in
3016 4891 3168 4971 ipsis
3201 4893 3266 4952 ﬁt
3295 4891 3786 4954 commemoratio

2134 4993 2534 5066 peccatorum.
2559 5005 2588 5042 υ
2622 4981 2689 5044 In
2720 4983 2888 5065 ipsis,
2923 4982 3138 5065 inquit,
3172 4983 3386 5045 hOStiis
3415 4982 3481 5042 fit
3506 4981 3788 5044 duntaxat

2133 5073 2622 5137 commemoratio
2650 5083 2709 5136 et
2737 5071 3079 5152 redargutio
3110 5081 3646 5153 peccatorum,non
3675 5091 3784 5134 au-

2137 5173 2253 5225 tem
2286 5163 2462 5225 etiam
2496 5163 2768 5224 remissio
2797 5183 2809 5224 :
2839 5180 3014 5243 porro
3045 5163 3202 5244 quod
3239 5181 3357 5224 non
3407 5168 3483 5224 sit
3510 5162 3786 5224 remissio

2125 5253 2359 5335 signum
2384 5261 2471 5315 est
2491 5253 2648 5334 quod
2665 5272 2903 5334 semper
2918 5253 3135 5314 durent
3163 5251 3446 5316 hostiae.N
3453 5271 3604 5335 eque
3627 5255 3786 5316 enim

2127 5347 2203 5408 ob
2225 5347 2535 5427 sequentia
2558 5354 2784 5410 tantum
2807 5359 3048 5430 peccata
3069 5350 3790 5432 offerentur,inquit,hos-

2127 5437 2244 5514 tiae,
2279 5439 2384 5498 sed
2413 5439 2609 5519 potius
2641 5450 2888 5521 propter
2927 5441 3150 5519 omnia,
3187 5451 3462 5524 tanquam
3516 5442 3784 5506 nonduin

2126 5527 2382 5590 remissa
2436 5527 2556 5590 sint
2595 5529 2810 5594 hostiis
2840 5552 2974 5613 quae
3006 5533 3175 5596 facta;
3208 5541 3367 5597 sunt.
3411 5559 3436 5589 α
3464 5533 3591 5596 Νοη
3626 5535 3783 5598 enim

2129 5627 2320 5700 potest
2348 5620 2584 5698 sanguis
2614 5629 2942 5690 taurorum.
2970 5645 2997 5684 ν
3033 5625 3308 5688 Ostendit
3344 5634 3786 5707 consequenter

388 5713 525 5760 vera
555 5717 688 5762 esse
717 5722 852 5784 quae
881 5703 1044 5767 dicta
1076 5713 1214 5767 sunt
1244 5723 1313 5768 ex
1344 5705 1680 5786 abjectione
1711 5715 1771 5770 et
1801 5707 2046 5773 utilitate
2077 5708 2404 5790 sanguinis.
3057 5723 3065 5731 '
