4136 6442
425 350 542 420 387

1036 489 1278 555 CAPUT
1321 491 1473 556 XIII.

424 585 855 649 Testimonium
885 585 959 648 de
997 587 1595 728 solaDpuriﬁcatione
1621 598 1677 654 et
1706 609 1950 657 accessu
1986 598 2069 659 ad

1197 685 1354 730 eum.

498 760 748 835 X,5-l0.
774 759 1153 841 Quapropter
1173 761 1519 842 ingrediens
1538 769 1841 830 mundum
1874 770 2025 835 dicit
2048 790 2062 835 :

412 849 806 932 Sacriﬁcium
834 858 888 913 et
915 849 1279 913 oblationem
1318 851 1588 928 noluisti,
1623 874 1842 938 corpus
1862 867 2067 924 autem

414 938 1333 1030 aptastimittiﬂolocautomata
1345 950 1404 1004 et
1424 961 1536 1020 pro
1543 955 1789 1024 peccato
1802 966 1925 1010 non
1934 949 2066 1030 pla-

412 1037 674 1092 cuerunt
696 1028 805 1092 tibi
828 1046 845 1091 :
863 1037 1008 1091 tunc
1020 1029 1178 1091 dici:
1191 1028 1344 1093 Ecce
1357 1031 1579 1095 adsum
1611 1034 1687 1097 In
1701 1040 1902 1116 capite
1917 1028 2064 1102 libri

411 1120 702 1198 scriptum
743 1125 827 1181 est
864 1118 936 1180 dc
956 1137 1047 1178 me
1079 1124 1148 1181 ut
1184 1119 1434 1200 faciam,
1479 1122 1655 1198 Deus,
1689 1128 2061 1191 voluntatem

414 1206 916 1288 tuam.8uperius
936 1225 1067 1269 cum
1086 1209 1239 1270 dicit
1267 1226 1286 1269 :
1311 1210 1691 1290 Sacriﬁcium
1709 1223 1768 1276 et
1794 1216 2059 1280 oblatio-

408 1314 547 1358 nem
567 1303 619 1359 et
632 1296 1118 1359 holocautomata
1132 1304 1189 1359 et
1203 1315 1319 1378 pro
1333 1308 1572 1379 peccato
1587 1303 2061 1386 noluisti,neque

403 1387 775 1466 placuerunt
794 1386 908 1446 tibi
938 1388 1264 1466 qutejuxta
1287 1386 1477 1469 legem
1505 1390 1889 1471 offeruntur,-
1914 1405 2059 1459 tunc

406 1476 595 1538 dixit:
641 1474 792 1537 Ecce
828 1475 1045 1537 adsum
1084 1484 1151 1538 ut
1190 1478 1437 1554 faciam,
1477 1481 1658 1555 Deus,
1686 1482 2056 1548 voluntatem

407 1571 600 1627 tuam.
630 1562 807 1626 Tollit
840 1565 1015 1644 prius
1048 1573 1113 1626 ut
1139 1572 1437 1645 posterius
1461 1576 1713 1644 statuat;
1730 1590 1841 1653 per
1874 1592 2059 1654 quam

402 1654 766 1717 uoluntatem
778 1655 973 1716 sancti
975 1654 1141 1732 ﬁcath
1151 1672 1376 1729 sumus,
1387 1659 1490 1736 qui
1502 1659 1672 1720 illam
1682 1679 1799 1740 per
1809 1662 2061 1727 oblatio-

402 1761 536 1804 nem
548 1743 817 1823 corporis
833 1741 1486 1824 lesusemelpcractam
1508 1751 1812 1811 consecuti
1823 1769 2051 1815 sumus.

482 1830 770 1929 Qhristus,
814 1831 1032 1929 inquit,
1087 1838 1679 1929 c_o_rpo_r_e_mundum
1711 1839 2114 1929 ingrediensB

398 1921 542 1982 dicit
567 1939 673 2002 per
693 1920 956 1982 medium
993 1922 1198 1985 David.
1252 1922 1315 1986 Si
1360 1923 1625 2003 inutiles,
1670 1928 1882 2008 inquit,
1917 1942 2053 1995 sunt

396 2010 625 2086 hostiae,
658 2027 841 2091 quare
891 2010 1133 2073 omnino
1179 2012 1419 2074 fuerunt
1469 2015 1787 2079 institutae?
1815 2019 2053 2091 Quare?

392 2098 644 2179 Propter
682 2100 1076 2180 pervicaciam
1121 2100 1551 2174 Judaaorum,et
1595 2109 1736 2169 595
1757 2110 1895 2189 quia
1925 2110 2047 2175 Deo

390 2206 633 2270 semper
660 2189 948 2278 adversati
979 2192 1379 2254 sunt.Deinde
1403 2196 1665 2257 ostendit
1692 2200 1845 2278 quod
1867 2200 2043 2264 etiam

389 2286 526 2340 ante
554 2278 792 2340 Domini
828 2276 1297 2343 incarnationem
1330 2282 1467 2344 odio
1506 2276 1727 2348 habitai
1767 2288 2044 2353 fuerinta

383 2368 532 2431 Deo.
554 2365 759 2448 Neque
777 2366 935 2428 enim
970 2368 1462 2449 dixit.,Ingressus
1496 2376 1552 2433 in
1589 2377 2037 2456 mundum,sed,

382 2454 730 2536 Ingrediens
755 2477 771 2518 ε
798 2457 1170 2520 ostendendo
1193 2458 1347 2540 quod
1374 2461 1718 2544 priusquam
1740 2454 2043 2547 ingressus

386 2555 568 2628 esset,
600 2547 739 2609 odio
761 2547 980 2610 habita),
1009 2557 1198 2611 erant.

460 2638 609 2700 Alio
647 2638 840 2701 modo.
888 2637 1235 2718 Ingrediens
1266 2640 1323 2703 in
1358 2636 1649 2706 mundum
1681 2644 1830 2708 dixit
1859 2647 2036 2711 Chri-

378 2733 530 2807 stus,
583 2725 690 2788 sed
735 2745 854 2788 non
899 2728 1254 2808 ingressus:
1282 2729 1561 2794 videlicet
1592 2733 2039 2814 ingrediebatur

376 2814 613 2906 quando
649 2815 1025 2906 promittebat
1046 2817 1160 2898 ipsi
1186 2818 1365 2882 David
1391 2827 1450 2881 et
1468 2822 1845 2886 asseverabat
1873 2828 2031 2906 quod

378 2904 455 2964 de
475 2903 668 2965 fructu
695 2904 918 2967 ventris
933 2907 1023 2967 sui
1049 2906 1261 2968 sedere
1290 2907 1512 2971 faceret
1549 2928 1731 2992 super
1754 2903 2032 2977 thronum

375 3010 548 3054 suum
580 3011 766 3074 usque
786 2994 847 3055 in
869 2995 1235 3057 saeculum“.
1272 2995 1621 3075 Ingrediens
1651 3000 1828 3081 igitur
1852 3021 2028 3066 mun-

373 3081 656 3175 dum_per
686 3091 858 3175 pacta
888 3082 959 3145 ad
995 3084 1174 3175 David
1204 3085 1378 3167 facta,
1410 3088 1586 3149 etiam
1618 3089 1731 3153 hoc
1749 3091 1895 3153 dicit
1924 3113 2032 3175 per

1545 364 1896 432 (EGUMEN
1899 368 1960 432 II
2003 364 2299 433 TRICGE
2340 368 2679 435 EPISCOPI

2097 513 2140 562 Α
2788 510 3039 568 arma.
3087 492 3193 568 11".

3702 364 3820 436 388

2158 613 2187 647 «
2219 596 2484 674 Μαρτυρία
2511 596 2631 676 περὶ
2669 595 2767 664 τῆς
2794 595 2958 671 μονῆς
2999 594 3302 676 καθάρσεως
3332 596 3421 654 κάὶ
3449 593 3815 675 προσαγωγῆς

2777 678 2910 754 πρὸς
2938 674 3090 733 Θεόν.
3131 674 3160 731 ᾖ

2238 783 2262 819 ι
2301 765 2395 821 Διὸ
2424 765 2801 846 εἰσερχόμενος
2831 766 2904 830 εἰς
2962 767 3051 822 τὸν
3107 764 3312 842 κόσμον
3367 762 3511 843 λέγει
3547 778 3560 794 ·
3624 766 3816 821 Θυσίαν

2149 853 2237 908 καὶ
2305 856 2606 934 προσφορὰν
2664 859 2758 915 οῦκ
2844 852 3134 928 ἠθέλησας,
3207 860 3366 930 σῶμα
3462 851 3517 909 δὲ
3604 874 3813 930 κατηρ-

2147 939 2275 995 τίσω
2344 965 2459 1018 μοι,
2537 934 2986 1019 ²Ολοκαυτώματα
3052 943 3142 999 καὶ
3211 943 3332 1021 περὶ
3388 942 3649 1021 ἁμαρτίας
3719 943 3813 1000 οῦκ

2146 1026 2457 1107 εὐδόκησας,
2519 1032 2636 1090 τότε
2693 1033 2877 1105 εἷπον,
2960 1030 3092 1089 Ἰδοὺ
3172 1029 3315 1099 ἥκω.
3398 1028 3490 1088 Ἐν
3575 1028 3811 1110 κεφαλίδι

2143 1115 2344 1194 βιϐλίου
2427 1122 2719 1201 γέγραπται
2802 1124 2921 1202 περὶ
3020 1121 3173 1199 ἐμοῦ,
3279 1127 3372 1177 τοῦ
3473 1120 3697 1188 ποιῆσαι
3783 1122 3810 1177 ὁ

2145 1209 2295 1285 Θεὸς,
2358 1212 2419 1267 τὸ
2472 1210 2679 1288 θέλημά
2731 1233 2849 1286 σου,
2910 1210 3175 1290 ἀνώτερον
3251 1209 3422 1289 λέγων
3478 1208 3562 1265 ὅτι
3628 1208 3811 1268 Θυσίαν

2140 1298 2229 1354 καὶ
2297 1302 2598 1381 προσφορὰν
2656 1304 2743 1358 καὶ
2813 1301 3234 1377 ὁλοκαυτώματα
3304 1301 3394 1356 καὶ
3450 1299 3569 1378 περὶ
3628 1300 3809 1378 ἁμαρ-

2138 1386 2277 1467 τίας,
2344 1393 2438 1448 οὐκ
2508 1390 2772 1458 ἠθέλησας
2832 1388 2947 1448 οὐδὲ
3031 1387 3342 1464 εὐδόκησας,
3406 1387 3609 1453 αἵτινες
3669 1388 3808 1444 κατᾶ

2138 1476 2229 1531 τὸν
2288 1478 2449 1553 νόμον
2478 1480 2863 1560 προσφέρονται
2901 1495 2914 1509 ⁶
2950 1482 3071 1536 τότε
3104 1476 3321 1559 εἴρηκεν
3354 1492 3370 1508 ⁶
3406 1474 3538 1535 Ἰδοὺ
3567 1475 3687 1543 ἥκω
3715 1484 3808 1534 τοῦ

2140 1570 2383 1641 ποιῆσαι,
2418 1570 2446 1624 ὁ
2477 1570 2632 1649 Θεὸς,
2663 1572 2724 1626 τὸ
2765 1568 2976 1645 θέλημά
3025 1590 3141 1649 σου,
3200 1566 3438 1645 Ἀναιρεϊ
3466 1569 3529 1623 τὸ
3569 1572 3803 1644 πρῶτον,

2138 1652 2232 1710 ἵνα
2300 1657 2362 1711 τὸ
2418 1653 2651 1739 δεύτερον
2698 1661 2895 1736 στήσῃ,
2944 1655 3034 1715 Ἐν
3091 1662 3137 1732 ᾧ
3178 1654 3437 1731 θελήματι
3490 1654 3804 1733 ἡγιασμένοι

2140 1742 2383 1826 ἐσμὲν,οἱ
2408 1745 2492 1803 διὰ
2511 1747 2606 1816 τῆς
2637 1754 2940 1829 προσφορᾶς
2969 1754 3059 1804 τοῦ
3079 1747 3326 1824 σώματος
3347 1743 3525 1811 Ἰησοῦ
3549 1751 3799 1824 Χριστοῦ,

2139 1832 2365 1913 ἐφάπαξ.
2407 1854 2438 1894 )

2220 1913 2277 1980 εΟ
2304 1925 2550 2005 Χριστὸς,
2597 1926 2778 2005 φησὶν,
2826 1928 2881 1982 ἒν
2925 1925 3133 2001 σώματι
3193 1926 3266 1988 είς
3326 1926 3416 1981 τὸν
3446 1923 3648 1998 κόσμον
3692 1924 3803 1979 εἰσ-

2133 2013 2452 2094 ερχόμενος,
2524 2014 2668 2094 λέγει
2713 2014 2797 2073 διὰ
2855 2015 3018 2093 μέσου
3073 2022 3166 2072 τοῦ
3212 2011 3400 2077 Δαυΐδ,
3468 2014 3528 2070 Εἰ
3584 2012 3798 2093 ἀνωφε-

2130 2100 2271 2182 λεῖς,
2330 2106 2511 2181 φησὶν.
2587 2108 2639 2161 αἱ
2692 2106 2887 2180 θυσίαι,
2940 2103 3026 2161 διὰ
3080 2104 3129 2161 τί
3188 2102 3328 2167 ὅλως
3373 2103 3660 2182 ἐγίνοντο,
3699 2104 3797 2161 Διὰ

2127 2191 2227 2271 τί,
2290 2194 2388 2248 Διὰ
2439 2194 2539 2261 τήν
2593 2192 2916 2274 φιλονεικίαν
2974 2201 3079 2252 τῶν
3139 2191 3424 2268 Ἰουδαίων,
3484 2193 3572 2248 καὶ
3614 2189 3704 2253 διὰ
3733 2193 3796 2247 τὸ

2126 2280 2206 2336 ὰεὶ
2234 2279 2586 2339 ἐναντιοῦσθαι
2636 2286 2713 2359 τῷ
2770 2290 2909 2358 Θεῷ.
2972 2285 3072 2342 Καὶ
3127 2281 3315 2339 λοιπὸν
3371 2279 3628 2337 δείκνυσιν
3687 2284 3791 2340 αὗ·-

2124 2370 2243 2446 τὰς,
2280 2372 2368 2427 καὶ
2409 2372 2510 2450 πρὸ
2559 2372 2656 2441 τῆς
2714 2373 3163 2451 ἐνανθρωπήσεως
3207 2381 3298 2430 τοῦ
3356 2372 3568 2450 Κυρίου,
3630 2390 3793 2445 μεμι-

2125 2458 2361 2535 σημένας
2419 2467 2535 2534 Θεῷ
2570 2477 2583 2491 ⁸
2633 2465 2694 2521 οὗ
2750 2464 2850 2541 γὰρ
2894 2462 3076 2535 εἶπεν,
3137 2459 3399 2519 Εἱσελθων
3459 2463 3487 2515 ὁ
3531 2461 3787 2539 Χριστὸς,

2122 2546 2268 2622 ἀλλ’,
2298 2550 2719 2631 Εἷσερχόμενος,
2765 2550 2967 2617 δεικνὺς
3026 2550 3106 2608 ὅτι
3163 2552 3281 2631 πρὶν
3327 2548 3535 2625 εἰσέλθῃ
3592 2548 3787 2624 ἐμεμί-

2123 2659 2314 2705 σηντο,

2205 2716 2452 2793 ”Αλλως.
2505 2730 2896 2810 Εἰσερχόμενως
2953 2732 3025 2795 εἰς
3082 2731 3174 2787 τὸν
3217 2731 3442 2810 κόσμον,
3500 2729 3681 2803 εἶπεν,
3755 2731 3785 2784 ὁ

2118 2819 2366 2897 Χριστὸς,
2401 2816 2523 2874 ἀλλ’
2581 2820 2706 2900 οὐχὶ
2750 2818 3019 2880 εἰσελθών.
3067 2821 3366 2900 Εῐσήρχετο
3408 2816 3464 2875 δὲ
3506 2816 3780 2898 δηλονότι,

2114 2904 2202 2963 ὅτε
2230 2913 2308 2983 τῷ
2341 2907 2507 2966 Δαυῖδ
2548 2910 2891 2991 ὑπισχνεῖτο,
2949 2911 3037 2969 καὶ
3092 2907 3392 2990 διετείνετο,
3452 2908 3514 2965 ὲκ
3566 2914 3778 2987 καρποῦ

2110 3000 2210 3064 τῇς
2279 2995 2482 3061 κοιλίας
2537 2999 2719 3079 αὐτοῦ,
2804 3000 3010 3059 καθίσαι
3089 3001 3247 3057 αὐτὸν
3304 2997 3407 3055 ἐπὶ
3448 2996 3540 3054 τοῦ
3591 2997 3780 3076 θρόνου

2112 3085 2270 3145 αὐτοῦ
2319 3085 2421 3169 ἕως
2465 3094 2558 3145 τοῦ
2615 3091 2828 3153 αἰῶνος.
2875 3088 3289 3169 Εἶσερχόμενοςί
3320 3094 3409 3144 οῦν
3452 3088 3526 3151 εἰς
3555 3087 3646 3142 τὸν
3675 3086 3780 3143 κό-

375 3172 653 3235 eumdem
687 3173 867 3236 David
900 3191 914 3235 :
951 3199 975 3229 α
1003 3172 1151 3246 Quia
1176 3175 1534 3238 sacriﬁcium
1566 3186 1623 3239 et
1662 3172 2023 3245 oblationem

2130 3195 2246 3250 τμον
2302 3174 2384 3232 διὰ
2444 3184 2550 3235 τῶν
2605 3180 2737 3257 πρὸς
2799 3181 2886 3235 τὸν
2950 3176 3119 3234 Δαυῖδ
3166 3179 3460 3253 συνθηκῶν,
3505 3177 3593 3233 καὶ
3621 3181 3779 3232 τοῦτο

374 3261 617 3351 noluisti
635 3261 757 3343 49,»
783 3280 979 3343 neque
998 3264 1351 3343 placuerunt
1372 3264 1478 3327 tibi
1500 3284 1631 3348 quae
1654 3267 1714 3330 in
1732 3269 1862 3350 lege
1886 3290 2029 3351 per-

369 3350 737 3428 agebantur:
765 3359 823 3413 et
851 3370 972 3413 non
1020 3352 1187 3429 dixit,
1224 3352 1353 3416 Non
1393 3355 1633 3436 placent
1678 3350 2027 3438 neque’vis,

369 3439 991 3518 sed,Noluisti,neque
1014 3442 1510 3522 placuerunttibi;
1536 3454 1764 3511 tantum
1795 3468 1913 3512 non
1934 3451 2030 3513 di-

366 3547 529 3591 cens:
559 3528 651 3589 Ab
683 3529 810 3603 ipsa
857 3530 1095 3593 illarum
1153 3532 1583 3596 constitutione
1636 3544 1694 3598 et
1740 3539 2031 3623 principio

364 3640 485 3683 non
514 3629 684 3684 erant
706 3623 812 3683 tibi
831 3633 1013 3702 gratae
1037 3644 1234 3706 neque
1257 3625 1558 3707 placentes
1589 3630 1818 3694 hostiae.
1852 3631 2019 3705 Quod

363 3709 413 3771 si
437 3710 580 3791 quid
598 3710 776 3772 etiam
799 3712 1010 3773 horum
1035 3733 1066 3774 a
1089 3722 1143 3776 te
1165 3726 1509 3797 susceptum
1526 3724 1639 3799 est,
1663 3726 1905 3800 propter
1924 3741 2016 3785 ac-

359 3800 699 3862 cedentium
732 3801 1200 3866 imbecillitatem
1239 3814 1579 3886 susceptum
1600 3816 1717 3869 est:
1742 3811 2015 3890 quando-

359 3891 604 3979 quidem
640 3907 781 3969 ergo
813 3891 940 3952 hac
972 3893 1245 3973 repulisti
1292 3901 1352 3956 et
1402 3914 1617 3976 corpus
1649 3899 1862 3979 aptasti
1898 3901 2015 3962 mi-

356 3977 441 4058 hi,
470 3986 608 4039 tunc
640 3979 810 4040 venio
840 3988 904 4042 ut
933 3979 1147 4043 faciam
1204 3983 1364 4044 Deus
1422 3977 1781 4048 voluntatem
1837 3996 2017 4053 tuam.

355 4064 500 4128 Nam
530 4076 588 4128 et
619 4068 733 4130 hoc
753 4069 830 4130 de
860 4071 1208 4160 meidictum
1226 4081 1464 4155 est,non
1489 4085 2021 4160 utcunque,neque

354 4156 414 4217 in
450 4159 924 4233 transcursu,sed
964 4159 1025 4220 in
1057 4178 1237 4242 scopo
1272 4171 1330 4223 et
1363 4173 1714 4240 argumento
1747 4165 1887 4228 libri
1919 4156 2020 4249 qui

351 4246 832 4309 vaticinationem
864 4249 939 4310 de
965 4268 1062 4312 me
1107 4250 1270 4313 facit.
1329 4253 1573 4315 Librum
1622 4264 1820 4317 autem
1872 4246 2020 4319 diiit

353 4342 543 4423 totum
588 4343 768 4423 vetus
810 4337 1301 4403 instrumentum.
1353 4340 1721 4423 Praecipuum
1770 4345 1930 4408 enim
1959 4357 2019 4412 et

351 4422 766 4501 dignissimum
799 4425 1022 4488 veteris
1055 4429 1433 4491 instrumenti
1466 4422 1886 4509 argumentum
1919 4453 2018 4496 va-

2114 3262 2258 3342 λέγει
2288 3262 2356 3321 δι’
2413 3270 2592 3343 αὐτοῦ,
2653 3265 2734 3322 ὅτι
2798 3290 2826 3322 ε
2887 3264 3037 3324 Ἐπεὶ
3093 3267 3272 3323 θυσίαν
3329 3267 3418 3323 καὶ
3473 3264 3778 3345 προσφορὰν

2115 3356 2210 3413 οὐκ
2277 3354 2564 3433 ἠθέλησας,
2617 3379 2644 3412 ι
2721 3354 2838 3413 οὐδὲ
2890 3354 3192 3423 ηὐδόκησας
3252 3357 3318 3412 τὰ
3374 3354 3427 3410 ἐν
3496 3360 3574 3429 τῷ
3627 3354 3779 3429 νόμῳ

2114 3441 2424 3521 τελούμενα,
2488 3447 2588 3505 Καὶ
2659 3448 2755 3503 οὒκ
2806 3446 2985 3524 εἶπεν,
3058 3445 3138 3502 ὅτι
3195 3446 3304 3504 Οὔκ
3358 3443 3596 3508 εῦδοκεϊς
3656 3443 3775 3503 οῦδὲ

2112 3532 2302 3610 θέλεις,
2336 3533 2480 3610 ἀλλ’,
2515 3540 2623 3594 Οὐκ
2673 3534 2964 3617 ἠθέλησας,
3020 3534 3137 3593 οὐδὲ
3190 3533 3516 3615 ἠῦδόκησας,
3583 3554 3774 3610 μονον-

2112 3624 2236 3703 ουχὶ
2288 3622 2483 3706 λέγων,
2529 3627 2602 3688 ὡς
2661 3622 2782 3681 Ἀπ’
2843 3629 3007 3695 αὐτῆς
3066 3630 3167 3693 τῆς
3225 3620 3528 3690 καταϐολῆς
3599 3625 3768 3681 αὐτῶν

2111 3714 2198 3769 καὶ
2248 3718 2347 3781 τῆς
2405 3714 2701 3794 εἰσαγωγῆς
2758 3715 2855 3771 οῦκ
2921 3715 3056 3784 ἦσάν
3113 3736 3195 3770 σοι
3266 3715 3328 3771 τὸ
3371 3711 3495 3769 ὅλον
3535 3712 3763 3769 καταθύ-

2110 3824 2221 3877 μιοι
2264 3804 2353 3860 καὶ
2395 3805 2661 3883 εὐάρεστοι
2718 3808 2768 3861 αἱ
2822 3806 3012 3863 θυσίαι.
3073 3802 3242 3861 Ἀλλὰ
3298 3805 3385 3859 καὶ
3429 3801 3482 3859 εἴ
3552 3825 3601 3858 τι
3664 3804 3762 3860 αὺ-

2106 3892 2213 3949 τῶν
2254 3892 2593 3950 ἀποδέδεκταί
2636 3915 2742 3970 σοι,
2804 3892 2889 3951 διὰ
2949 3895 3048 3962 τήν
3107 3894 3376 3951 ἀσθένειαν
3421 3889 3765 3949 ἀποδέδεκται

2104 3986 2211 4037 τῶν
2283 3984 2679 4062 προσαγόντων,
2770 3982 2918 4041 Ἐπεὶ
2987 3984 3075 4041 οὗν
3144 3986 3232 4040 καὶ
3299 3992 3465 4042 ταῦτα
3534 3982 3761 4060 ἀπώσω,

2102 4072 2191 4128 καὶ
2245 4078 2400 4148 σῶμα
2454 4074 2756 4152 κατηρτίσω
2812 4096 2927 4149 μοι,
2985 4074 3104 4131 τότε
3147 4072 3268 4140 ἥκω
3323 4072 3409 4128 ἐπὶ
3458 4078 3537 4146 τῷ
3592 4075 3762 4138 ποιῆ-

2102 4181 2188 4215 σαι
2244 4162 2306 4217 τὸ
2359 4160 2567 4239 θέλημά
2625 4184 2742 4227 σου.
2801 4173 2966 4222 Τοῦτο
3036 4166 3137 4243 γὰρ
3218 4163 3307 4218 καί
3360 4161 3571 4241 εἴρηται
3641 4162 3763 4239 περὶ

2100 4248 2230 4324 ἐμοῦ
2261 4252 2382 4331 οὐχὶ
2416 4250 2598 4317 ἁπλῶς
2650 4255 2739 4309 καὶ
2791 4253 2929 4310 κατὰ
2979 4252 3228 4333 πάροδον,
3291 4249 3427 4308 ἀλλὰ
3469 4249 3761 4331 κεφάλαιον

2098 4340 2186 4394 καὶ
2256 4341 2498 4399 ὑπόθεσιν
2548 4347 2639 4398 τοῦ
2692 4339 2894 4419 βιϐλίου
2950 4344 3050 4410 τήν
3107 4343 3224 4422 περὶ
3280 4341 3410 4417 ἐμοῦ
3466 4337 3758 4419 πρόρρησιν

2099 4430 2432 4505 ποιουμένου.
2472 4428 2679 4489 Βιϐλίον
2722 4430 2798 4512 δέ,
2849 4430 2981 4500 ὅλην
3025 4432 3170 4511 λέγει
3226 4431 3324 4498 τὴν
3376 4427 3631 4486 παλαιάν.
3680 4431 3756 4487 Τὸ

325 4512 554 4574 ‘ticinia
583 4520 721 4575 sunt
768 4514 844 4576 de
884 4516 1139 4579 Chrisxo.
1183 4538 1213 4579 (
1245 4517 1622 4581 Sacrificium
1654 4529 1714 4582 et
1745 4521 2042 4587 oblatio-l

2130 4519 2192 4597 ἁρ
2232 4518 2517 4601 κεφάλαιον
2577 4522 2665 4579 καὶ
2747 4524 2782 4591 ἡ
2866 4520 3264 4601 ἀξιολογωτάτη
3347 4519 3590 4582 ὑπόθεσις
3650 4520 3752 4585 τῆς

349 4621 486 4665 nem
522 4605 789 4670 noluisti.
826 4630 848 4664 ι
886 4606 999 4669 Hic
1046 4608 1289 4671 aﬂ‘ertur
1337 4609 1558 4673 Christi
1614 4629 1870 4692 persona
1909 4614 2005 4677 lo-

2137 4608 2344 4690 κλαιᾶς,
2406 4612 2462 4667 αἱ
2512 4613 2630 4690 περὶ
2671 4618 2898 4691 Χριστοῦ
2967 4611 3277 4691 προρρήσεις
3333 4609 3485 4670 εἰσίν.
3553 4627 3584 4669 ‹
3637 4615 3748 4665 Θυ-

346 4712 536 4788 quens
556 4696 628 4788 ad
658 4696 942 4788 Patrem},
961 4695 1478 4788 Quandoquidem,
1511 4699 1729 4784 inquit,
1748 4721 1782 4764 0
1806 4701 2003 4788 Pater,

2130 4696 2204 4753 ίαν
2286 4701 2373 4755 καὶ
2456 4701 2756 4781 προσφορὰν
2823 4702 2918 4759 οὒκ
2989 4701 3268 4768 ἐθέλησας.
3349 4720 3379 4761 ι

3475 4696 3749 4757 Ἐντεῦθεν

345 4784 705 4847 sacriﬁcium
752 4794 812 4849 et
850 4785 1213 4850 oblationem
1267 4788 1535 4865 noluisti,
1569 4808 1699 4870 quae
1730 4784 2008 4858 videlicet

2130 4787 2380 4868 ,σφέρεται
2465 4791 2526 4846 τὸ
2580 4799 2673 4849 τοῦ
2726 4797 2948 4867 Χριστοῦ
3016 4791 3326 4872 πρόσωπον,
3386 4787 3541 4868 λέγον
3607 4789 3745 4869 πρὸς

336 4872 1279 4959 juxtalegemoﬂ'eruntur,neque
1298 4877 1408 4939 fuit
1431 4877 1537 4939 tibi
1560 4877 1999 4961 beneplacitum

2130 4880 2177 4934 ὃν
2262 4877 2495 4958 Πατέρα.
2581 4878 2826 4956 Ἐπειδὴ,
2913 4883 3097 4962 φησὶν,
3179 4883 3225 4937 ὦ
3309 4879 3506 4958 Πάτερ,
3565 4879 3745 4935 θυσίαν

340 4963 403 5024 in
427 4964 920 5028 holocautomatis
936 4966 1372 5046 legalibus,hoc
1392 4977 1707 5050 est,neque
1721 4971 2000 5035 holocau-

2130 4968 2171 5023 ιὶ
2219 4970 2520 5049 προσφορὰν
2578 4969 2673 5026 οὐκ
2728 4968 3011 5048 ἐθέλησας,
3070 4971 3167 5038 τὴν
3236 4971 3373 5027 κατὰ
3429 4968 3591 5045 νόμον
3634 4964 3743 5035 δη-

342 5060 569 5115 tomata
590 5054 943 5134 placuerunt
967 5056 1075 5120 tibi
1088 5065 1269 5120 autea
1285 5057 1543 5119 voluisti.
1576 5082 1603 5114 α
1623 5057 1693 5123 Et
1719 5077 1827 5141 pro
1857 5079 2001 5141 pec-

2130 5057 2257 5114 ›νότι
2288 5058 2748 5139 προσφερομένην,
2811 5061 2927 5117 οὔτε
2986 5061 3094 5137 μὴν
3137 5058 3440 5129 ηὒδόκησας
3496 5058 3552 5114 ἐν
3608 5056 3740 5115 ὁλο-

340 5149 534 5201 cato.»
564 5141 688 5203 Hoc
711 5145 1055 5216 est,oblatio
1089 5165 1194 5227 pro
1228 5157 1498 5227 peccato:
1524 5166 1558 5207 a
1583 5150 1998 5212 communiin-

2130 5147 2389 5224 ιυτώμασι
2456 5161 2576 5213 τοῖς
2646 5151 2783 5206 κατὰ
2837 5152 2929 5207 τὸν
3000 5151 3185 5231 νόμον,
3270 5148 3562 5224 τουτέστιν,
3622 5147 3741 5208 οῦδῖ

341 5228 579 5291 tellecta
604 5231 857 5321 sumitur
885 5232 1112 5296 Placuit
1143 5235 1270 5299 tibi.
1306 5237 1494 5300 Recte
1518 5243 1715 5298 autem
1746 5236 1848 5313 ait,
1880 5238 1994 5302 Pro

2130 5238 2497 5313 tomotdipzta
2565 5238 2890 5318 ηὐδόκησας,
2962 5239 3125 5321 ἤγουν
3168 5228 3471 5309 ἠθέλησας.
3537 5262 3564 5294 σ
3639 5240 3739 5297 Καὶ

340 5327 609 5398 peccato.
632 5317 776 5379 Nam
811 5321 965 5383 inter
989 5323 1299 5400 sacriﬁcia,
1336 5325 1605 5406 quaedam
1640 5343 1747 5404 pro
1780 5330 1991 5406 salute,

340 5407 605 5437 ηηηιᾸη-νι
638 5425 774 5437 ..Α-ιι
801 5427 899 5437 ⁵...υι
931 5419 1167 5437 ..-Α--ι-
1207 5413 1604 5437 ,ΔὩΑ-Αι.---ι--..
1658 5416 1677 5437 Δ
1705 5432 1723 5437 Α
1758 5417 1798 5437 με
1832 5415 1879 5437 ,1⁸
1940 5436 1945 5437 ,

2130 5328 2193 5405 ερὶ
2258 5328 2539 5408 ἁμαρτίας.
2607 5352 2632 5385 a
2691 5330 2960 5407 Τουτέστι,
3017 5317 3334 5411 ’προσφορὰν
3391 5331 3509 5409 περὶ
3565 5328 3737 5408 ἆμαρ-

2304 5419 2347 5437 ..
2412 5419 2425 5437 η
2672 5429 2691 5437 -
2823 5422 2837 5437 ς
2984 5420 3111 5437 ...ευ
3405 5429 3439 5437 -.
3486 5418 3505 5437 ς
3528 5424 3553 5433 η
3684 5416 3731 5437 δ,

337 5407 609 5488 quaedam
638 5425 777 5469 vero
798 5427 903 5489 pro
931 5419 1174 5488 peccato
1201 5413 1625 5476 olferebantur.
1644 5416 1728 5477 Ac
1750 5417 1801 5477 si
1823 5415 1993 5479 dice-
2076 5416 2212 5480 τίεις.

337 5504 448 5559 ret:
460 5497 752 5570 Quoniam
772 5516 1145 5582 nequaquam
1159 5500 1488 5566 oblationes
1500 5521 1695 5585 neque
1707 5506 1996 5570 sacriﬁcia

2130 5526 2205 5572 νισι
2264 5509 2389 5589 Περὶ
2450 5508 2730 5586 ἁμαρτίας.
2818 5497 2933 5567 Tti
3016 5511 3117 5592 γὰρ
3196 5513 3409 5591 θυσιῶν,

415 5670 479 5721 48
506 5667 663 5732 Psal.
705 5685 907 5748 cxxxx,
942 5673 1039 5734 ll.
1127 5672 1189 5723 49
1216 5670 1369 5736 Psal.
1400 5690 1601 5771 xxxix,
1631 5675 1698 5737 7.

3405 5418 3592 5482 Καλῶς
3676 5416 3734 5474 δέ

3495 5511 3546 5565 αἱ
3630 5507 3731 5586 μὲν
3780 5562 3789 5571 κ

2304 5419 2437 5474 Ἀπὸ
2520 5429 2698 5478 κοινοῦ
2788 5422 2872 5502 τὸ,
2984 5420 3313 5489 Εὒδόκησας.
