  <div class='ocr_page' id='page_1' title='image "/cluster/home/n/w/nwhite01/storage/ocr_20150623/119:no.2/coo.31924054870237/204.png"; bbox 0 0 4136 6428; ppageno 0'>
   <div class='ocr_carea' id='block_1_1' title="bbox 313 392 432 464">
    <p class='ocr_par' dir='ltr' id='par_1_1' title="bbox 313 392 432 464">
     <span class='ocr_line' id='line_1_1' title="bbox 313 392 432 464; baseline 0.017 -2"><span class='ocrx_word' id='word_1_1' title='bbox 313 392 432 464; x_wconf 89' lang='grc'><strong>389</strong></span> 
     </span>
    </p>
   </div>
   <div class='ocr_carea' id='block_1_2' title="bbox 1396 400 2632 471">
    <p class='ocr_par' dir='ltr' id='par_1_2' title="bbox 1396 400 2632 471">
     <span class='ocr_line' id='line_1_2' title="bbox 1396 400 2632 471; baseline 0 -2"><span class='ocrx_word' id='word_1_2' title='bbox 1396 400 1794 470; x_wconf 86' lang='lat' dir='ltr'><strong>COMMENT.</strong></span> <span class='ocrx_word' id='word_1_3' title='bbox 1840 400 1925 469; x_wconf 91' lang='lat' dir='ltr'><strong>IN</strong></span> <span class='ocrx_word' id='word_1_4' title='bbox 1968 400 2211 470; x_wconf 86' lang='lat' dir='ltr'><strong>EPIST.</strong></span> <span class='ocrx_word' id='word_1_5' title='bbox 2256 408 2362 471; x_wconf 83' lang='lat' dir='ltr'><strong>AD</strong></span> <span class='ocrx_word' id='word_1_6' title='bbox 2400 404 2632 470; x_wconf 85' lang='lat' dir='ltr'><strong>HEBR.</strong></span> 
     </span>
    </p>
   </div>
   <div class='ocr_carea' id='block_1_3' title="bbox 3589 401 3709 470">
    <p class='ocr_par' dir='ltr' id='par_1_3' title="bbox 3589 401 3709 470">
     <span class='ocr_line' id='line_1_3' title="bbox 3589 401 3709 470; baseline -0.008 0"><span class='ocrx_word' id='word_1_7' title='bbox 3589 401 3709 470; x_wconf 88' lang='lat'><strong>390</strong></span> 
     </span>
    </p>
   </div>
   <div class='ocr_carea' id='block_1_4' title="bbox 314 529 1970 622">
    <p class='ocr_par' dir='ltr' id='par_1_4' title="bbox 314 529 1968 622">
     <span class='ocr_line' id='line_1_4' title="bbox 314 529 1968 622; baseline 0.005 -36"><span class='ocrx_word' id='word_1_8' title='bbox 314 529 760 622; x_wconf 13' lang='grc' dir='ltr'>θπέρᾲσωτηρίας,</span> <span class='ocrx_word' id='word_1_9' title='bbox 801 535 865 622; x_wconf 80' lang='grc' dir='ltr'>αἱ</span> <span class='ocrx_word' id='word_1_10' title='bbox 917 533 973 592; x_wconf 77' lang='grc' dir='ltr'>δὲ</span> <span class='ocrx_word' id='word_1_11' title='bbox 1033 534 1165 616; x_wconf 81' lang='grc' dir='ltr'>ὑπὲρ</span> <span class='ocrx_word' id='word_1_12' title='bbox 1219 535 1475 615; x_wconf 83' lang='grc' dir='ltr'>ἁμαρτίας</span> <span class='ocrx_word' id='word_1_13' title='bbox 1533 534 1921 617; x_wconf 75' lang='grc' dir='ltr'><strong>προσεφέροντο</strong></span> <span class='ocrx_word' id='word_1_14' title='bbox 1954 553 1968 567; x_wconf 86' lang='grc'><strong><em>⁸</em></strong></span> 
     </span>
    </p>
   </div>
   <div class='ocr_carea' id='block_1_5' title="bbox 2054 529 3707 622">
    <p class='ocr_par' dir='ltr' id='par_1_5' title="bbox 2057 537 3707 622">
     <span class='ocr_line' id='line_1_5' title="bbox 2057 537 3707 622; baseline 0.005 -25"><span class='ocrx_word' id='word_1_15' title='bbox 2057 537 2314 615; x_wconf 88' lang='lat' dir='ltr'><strong>voluisti,</strong></span> <span class='ocrx_word' id='word_1_16' title='bbox 2343 556 2540 621; x_wconf 91' lang='lat' dir='ltr'><strong>neque</strong></span> <span class='ocrx_word' id='word_1_17' title='bbox 2584 538 3059 602; x_wconf 87' lang='lat' dir='ltr'><strong>holocautomata</strong></span> <span class='ocrx_word' id='word_1_18' title='bbox 3099 559 3211 603; x_wconf 91' lang='lat' dir='ltr'><strong>nec</strong></span> <span class='ocrx_word' id='word_1_19' title='bbox 3241 557 3350 622; x_wconf 91' lang='lat' dir='ltr'><strong>pro</strong></span> <span class='ocrx_word' id='word_1_20' title='bbox 3378 540 3570 606; x_wconf 80' lang='lat' dir='ltr'><strong>salute</strong></span> <span class='ocrx_word' id='word_1_21' title='bbox 3596 560 3707 606; x_wconf 90' lang='lat' dir='ltr'><strong>nec</strong></span> 
     </span>
    </p>
   </div>
   <div class='ocr_carea' id='block_1_6' title="bbox 311 620 1963 707">
    <p class='ocr_par' dir='ltr' id='par_1_6' title="bbox 311 620 1963 707">
     <span class='ocr_line' id='line_1_6' title="bbox 311 620 1963 707; baseline 0.005 -32"><span class='ocrx_word' id='word_1_22' title='bbox 311 620 384 683; x_wconf 83' lang='grc' dir='ltr'>ὡς</span> <span class='ocrx_word' id='word_1_23' title='bbox 428 620 472 677; x_wconf 80' lang='grc' dir='ltr'><strong>εί</strong></span> <span class='ocrx_word' id='word_1_24' title='bbox 533 621 690 679; x_wconf 76' lang='grc' dir='ltr'>εἶπεν</span> <span class='ocrx_word' id='word_1_25' title='bbox 724 639 738 654; x_wconf 86' lang='grc'>⁶</span> <span class='ocrx_word' id='word_1_26' title='bbox 798 620 949 682; x_wconf 81' lang='grc' dir='ltr'>Ἐπεὶ</span> <span class='ocrx_word' id='word_1_27' title='bbox 1006 623 1186 683; x_wconf 79' lang='grc' dir='ltr'><strong>οὐδένα</strong></span> <span class='ocrx_word' id='word_1_28' title='bbox 1243 626 1435 706; x_wconf 78' lang='grc' dir='ltr'>τρόπον</span> <span class='ocrx_word' id='word_1_29' title='bbox 1490 632 1788 707; x_wconf 81' lang='grc' dir='ltr'>προσφορᾶς</span> <span class='ocrx_word' id='word_1_30' title='bbox 1848 624 1963 684; x_wconf 68' lang='grc' dir='ltr'><strong>οὐδὲ</strong></span> 
     </span>
    </p>
   </div>
   <div class='ocr_carea' id='block_1_7' title="bbox 307 708 1964 795">
    <p class='ocr_par' dir='ltr' id='par_1_7' title="bbox 307 708 1964 795">
     <span class='ocr_line' id='line_1_7' title="bbox 307 708 1964 795; baseline 0.005 -30"><span class='ocrx_word' id='word_1_31' title='bbox 307 708 483 773; x_wconf 83' lang='grc' dir='ltr'>θυσίας</span> <span class='ocrx_word' id='word_1_32' title='bbox 526 709 852 788; x_wconf 70' lang='grc' dir='ltr'>ἠϐουλήθης,</span> <span class='ocrx_word' id='word_1_33' title='bbox 916 712 1033 772; x_wconf 71' lang='grc' dir='ltr'>οῦδὲ</span> <span class='ocrx_word' id='word_1_34' title='bbox 1089 714 1535 795; x_wconf 71' lang='grc' dir='ltr'><strong>ὁλοκαυτώματα,</strong></span> <span class='ocrx_word' id='word_1_35' title='bbox 1590 720 1650 774; x_wconf 77' lang='grc' dir='ltr'><strong>οὔ</strong></span> <span class='ocrx_word' id='word_1_36' title='bbox 1704 718 1820 794; x_wconf 84' lang='grc' dir='ltr'>περὶ</span> <span class='ocrx_word' id='word_1_37' title='bbox 1850 738 1964 773; x_wconf 88' lang='grc' dir='ltr'><strong>σω-</strong></span> 
     </span>
    </p>
   </div>
   <div class='ocr_carea' id='block_1_8' title="bbox 308 800 1966 884">
    <p class='ocr_par' dir='ltr' id='par_1_8' title="bbox 308 800 1966 884">
     <span class='ocr_line' id='line_1_8' title="bbox 308 800 1966 884; baseline -0.002 -19"><span class='ocrx_word' id='word_1_38' title='bbox 308 800 516 879; x_wconf 79' lang='grc' dir='ltr'>τηρίας,</span> <span class='ocrx_word' id='word_1_39' title='bbox 593 800 653 858; x_wconf 78' lang='grc' dir='ltr'><strong>οὒ</strong></span> <span class='ocrx_word' id='word_1_40' title='bbox 709 805 827 883; x_wconf 83' lang='grc' dir='ltr'>περὶ</span> <span class='ocrx_word' id='word_1_41' title='bbox 883 803 1164 884; x_wconf 74' lang='grc' dir='ltr'>ἁμαρτίας,</span> <span class='ocrx_word' id='word_1_42' title='bbox 1228 803 1343 872; x_wconf 64' lang='grc' dir='ltr'><strong>ἥκω</strong></span> <span class='ocrx_word' id='word_1_43' title='bbox 1417 810 1572 881; x_wconf 83' lang='grc' dir='ltr'>σῶμα</span> <span class='ocrx_word' id='word_1_44' title='bbox 1630 802 1829 880; x_wconf 81' lang='grc' dir='ltr'>λαϐὼν,</span> <span class='ocrx_word' id='word_1_45' title='bbox 1908 807 1966 863; x_wconf 76' lang='grc' dir='ltr'>τὸ</span> 
     </span>
    </p>
   </div>
   <div class='ocr_carea' id='block_1_9' title="bbox 308 886 1965 997">
    <p class='ocr_par' dir='ltr' id='par_1_9' title="bbox 308 886 1965 997">
     <span class='ocr_line' id='line_1_9' title="bbox 308 886 1965 997; baseline 0.004 -53"><span class='ocrx_word' id='word_1_46' title='bbox 308 886 524 968; x_wconf 70' lang='grc' dir='ltr'>ὀφεῖλον</span> <span class='ocrx_word' id='word_1_47' title='bbox 592 891 832 997; x_wconf 58' lang='grc' dir='ltr'>γενέσθαι</span> <span class='ocrx_word' id='word_1_48' title='bbox 904 895 1051 953; x_wconf 81' lang='grc' dir='ltr'><strong>θυσία</strong></span> <span class='ocrx_word' id='word_1_49' title='bbox 1123 894 1410 997; x_wconf 43' lang='grc' dir='ltr'>εὐάρεστός,</span> <span class='ocrx_word' id='word_1_50' title='bbox 1456 914 1563 970; x_wconf 89' lang='grc' dir='ltr'>σοι,</span> <span class='ocrx_word' id='word_1_51' title='bbox 1809 894 1965 997; x_wconf 70' lang='grc' dir='ltr'>αὐτός</span> 
     </span>
    </p>
   </div>
   <div class='ocr_carea' id='block_1_10' title="bbox 291 978 1969 1064">
    <p class='ocr_par' dir='ltr' id='par_1_10' title="bbox 291 978 1969 1064">
     <span class='ocr_line' id='line_1_10' title="bbox 291 978 1969 1064; baseline 0.003 -30"><span class='ocrx_word' id='word_1_52' title='bbox 291 978 405 1064; x_wconf 81' lang='grc' dir='ltr'>’μοι</span> <span class='ocrx_word' id='word_1_53' title='bbox 463 981 787 1060; x_wconf 81' lang='grc' dir='ltr'>κατηρτίσω.</span> <span class='ocrx_word' id='word_1_54' title='bbox 836 984 907 1041; x_wconf 67' lang='lat' dir='ltr'><strong>Tia</strong></span> <span class='ocrx_word' id='word_1_55' title='bbox 954 989 1166 1061; x_wconf 83' lang='grc' dir='ltr'>Πνεῦμα</span> <span class='ocrx_word' id='word_1_56' title='bbox 1217 984 1318 1064; x_wconf 78' lang='grc' dir='ltr'>γὰρ</span> <span class='ocrx_word' id='word_1_57' title='bbox 1373 982 1525 1064; x_wconf 65' lang='grc' dir='ltr'>ἅγιον</span> <span class='ocrx_word' id='word_1_58' title='bbox 1575 985 1665 1041; x_wconf 85' lang='grc' dir='ltr'><strong>καὶ</strong></span> <span class='ocrx_word' id='word_1_59' title='bbox 1723 978 1969 1060; x_wconf 73' lang='grc' dir='ltr'>Ὑψίστου</span> 
     </span>
    </p>
   </div>
   <div class='ocr_carea' id='block_1_11' title="bbox 244 1063 1970 1152">
    <p class='ocr_par' dir='ltr' id='par_1_11' title="bbox 244 1063 1970 1152">
     <span class='ocr_line' id='line_1_11' title="bbox 244 1063 1970 1152; baseline 0.004 -30"><span class='ocrx_word' id='word_1_60' title='bbox 244 1082 251 1087; x_wconf 81' lang='lat'><strong><em>‘</em></strong></span> <span class='ocrx_word' id='word_1_61' title='bbox 311 1063 551 1146; x_wconf 84' lang='grc' dir='ltr'>δύναμις,</span> <span class='ocrx_word' id='word_1_62' title='bbox 598 1068 874 1128; x_wconf 79' lang='grc' dir='ltr'>ἐπεσκίασε</span> <span class='ocrx_word' id='word_1_63' title='bbox 920 1077 988 1150; x_wconf 78' lang='grc' dir='ltr'><strong>τῇ</strong></span> <span class='ocrx_word' id='word_1_64' title='bbox 1058 1072 1325 1152; x_wconf 76' lang='grc' dir='ltr'><strong>Παρθένῳ.</strong></span> <span class='ocrx_word' id='word_1_65' title='bbox 1391 1063 1559 1129; x_wconf 68' lang='grc' dir='ltr'><strong>ιἨιιω</strong></span> <span class='ocrx_word' id='word_1_66' title='bbox 1613 1070 1691 1148; x_wconf 81' lang='grc' dir='ltr'>δὲ,</span> <span class='ocrx_word' id='word_1_67' title='bbox 1762 1072 1856 1131; x_wconf 73' lang='grc' dir='ltr'>’ίνα</span> <span class='ocrx_word' id='word_1_68' title='bbox 1907 1073 1970 1130; x_wconf 75' lang='grc' dir='ltr'>τὸ</span> 
     </span>
    </p>
   </div>
   <div class='ocr_carea' id='block_1_12' title="bbox 314 1158 1969 1244">
    <p class='ocr_par' dir='ltr' id='par_1_12' title="bbox 314 1158 1969 1244">
     <span class='ocr_line' id='line_1_12' title="bbox 314 1158 1969 1244; baseline 0.004 -30"><span class='ocrx_word' id='word_1_69' title='bbox 314 1158 405 1215; x_wconf 76' lang='grc' dir='ltr'><strong>σὺν</strong></span> <span class='ocrx_word' id='word_1_70' title='bbox 459 1162 673 1232; x_wconf 83' lang='grc' dir='ltr'>ποιήσω</span> <span class='ocrx_word' id='word_1_71' title='bbox 714 1163 918 1239; x_wconf 85' lang='grc' dir='ltr'>θέλημα</span> <span class='ocrx_word' id='word_1_72' title='bbox 973 1171 1067 1221; x_wconf 72' lang='grc' dir='ltr'>τοῦ</span> <span class='ocrx_word' id='word_1_73' title='bbox 1124 1164 1330 1244; x_wconf 81' lang='grc' dir='ltr'>Πατρός</span> <span class='ocrx_word' id='word_1_74' title='bbox 1366 1180 1380 1195; x_wconf 92' lang='grc'><strong>·</strong></span> <span class='ocrx_word' id='word_1_75' title='bbox 1444 1165 1539 1221; x_wconf 73' lang='grc' dir='ltr'><strong>ἵνα</strong></span> <span class='ocrx_word' id='word_1_76' title='bbox 1595 1166 1684 1229; x_wconf 80' lang='grc' dir='ltr'>οὒς</span> <span class='ocrx_word' id='word_1_77' title='bbox 1740 1163 1969 1228; x_wconf 71' lang='grc' dir='ltr'>δέδωκάς</span> 
     </span>
    </p>
   </div>
   <div class='ocr_carea' id='block_1_13' title="bbox 313 1246 1972 1339">
    <p class='ocr_par' dir='ltr' id='par_1_13' title="bbox 313 1246 1972 1339">
     <span class='ocr_line' id='line_1_13' title="bbox 313 1246 1972 1339; baseline 0.002 -30"><span class='ocrx_word' id='word_1_78' title='bbox 313 1275 428 1339; x_wconf 81' lang='grc' dir='ltr'>μοι,</span> <span class='ocrx_word' id='word_1_79' title='bbox 499 1256 579 1330; x_wconf 81' lang='grc' dir='ltr'><strong>μὴ</strong></span> <span class='ocrx_word' id='word_1_80' title='bbox 636 1255 884 1314; x_wconf 79' lang='grc' dir='ltr'><strong>ἀπολέσω</strong></span> <span class='ocrx_word' id='word_1_81' title='bbox 942 1256 993 1324; x_wconf 74' lang='grc' dir='ltr'><strong>ἐξ</strong></span> <span class='ocrx_word' id='word_1_82' title='bbox 1063 1260 1258 1339; x_wconf 70' lang='grc' dir='ltr'>αὖτιῖυν,</span> <span class='ocrx_word' id='word_1_83' title='bbox 1321 1256 1583 1339; x_wconf 51' lang='grc' dir='ltr'>Κεφιλίδα</span> <span class='ocrx_word' id='word_1_84' title='bbox 1643 1256 1699 1314; x_wconf 78' lang='grc' dir='ltr'><strong>δὲ</strong></span> <span class='ocrx_word' id='word_1_85' title='bbox 1771 1246 1972 1335; x_wconf 81' lang='grc' dir='ltr'>βιϐλίου</span> 
     </span>
    </p>
   </div>
   <div class='ocr_carea' id='block_1_14' title="bbox 317 1335 1973 1427">
    <p class='ocr_par' dir='ltr' id='par_1_14' title="bbox 317 1335 1973 1427">
     <span class='ocr_line' id='line_1_14' title="bbox 317 1335 1973 1427; baseline 0.002 -26"><span class='ocrx_word' id='word_1_86' title='bbox 317 1335 555 1424; x_wconf 71' lang='grc' dir='ltr'>Ἑϐραῖοι</span> <span class='ocrx_word' id='word_1_87' title='bbox 611 1346 703 1401; x_wconf 82' lang='grc' dir='ltr'>τὸν</span> <span class='ocrx_word' id='word_1_88' title='bbox 757 1345 934 1423; x_wconf 84' lang='grc' dir='ltr'>Νόμον</span> <span class='ocrx_word' id='word_1_89' title='bbox 964 1347 1141 1427; x_wconf 83' lang='grc' dir='ltr'>φασίν,</span> <span class='ocrx_word' id='word_1_90' title='bbox 1191 1335 1419 1412; x_wconf 64' lang='grc' dir='ltr'>Ἠσαίας</span> <span class='ocrx_word' id='word_1_91' title='bbox 1474 1346 1529 1403; x_wconf 80' lang='grc' dir='ltr'><strong>δὲ</strong></span> <span class='ocrx_word' id='word_1_92' title='bbox 1584 1349 1646 1404; x_wconf 81' lang='grc' dir='ltr'><strong>τὸ</strong></span> <span class='ocrx_word' id='word_1_93' title='bbox 1705 1349 1821 1427; x_wconf 89' lang='grc' dir='ltr'>περὶ</span> <span class='ocrx_word' id='word_1_94' title='bbox 1877 1347 1973 1416; x_wconf 77' lang='grc' dir='ltr'>τῆς</span> 
     </span>
    </p>
   </div>
   <div class='ocr_carea' id='block_1_15' title="bbox 310 1431 1974 1516">
    <p class='ocr_par' dir='ltr' id='par_1_15' title="bbox 310 1431 1974 1516">
     <span class='ocr_line' id='line_1_15' title="bbox 310 1431 1974 1516; baseline 0.002 -27"><span class='ocrx_word' id='word_1_95' title='bbox 310 1431 759 1513; x_wconf 65' lang='grc' dir='ltr'>ἐνανθρωπήσεως</span> <span class='ocrx_word' id='word_1_96' title='bbox 840 1438 1128 1516; x_wconf 77' lang='grc' dir='ltr'>μυστήριον</span> <span class='ocrx_word' id='word_1_97' title='bbox 1222 1447 1316 1496; x_wconf 90' lang='grc' dir='ltr'>τοῦ</span> <span class='ocrx_word' id='word_1_98' title='bbox 1410 1443 1739 1515; x_wconf 83' lang='grc' dir='ltr'>Μονογενοῦς</span> <span class='ocrx_word' id='word_1_99' title='bbox 1824 1433 1974 1492; x_wconf 81' lang='grc' dir='ltr'>διδα-</span> 
     </span>
    </p>
   </div>
   <div class='ocr_carea' id='block_1_16' title="bbox 2047 628 3706 712">
    <p class='ocr_par' dir='ltr' id='par_1_16' title="bbox 2047 628 3706 712">
     <span class='ocr_line' id='line_1_16' title="bbox 2047 628 3706 712; baseline 0.004 -25"><span class='ocrx_word' id='word_1_100' title='bbox 2047 644 2152 707; x_wconf 93' lang='lat' dir='ltr'><strong>pro</strong></span> <span class='ocrx_word' id='word_1_101' title='bbox 2168 628 2614 708; x_wconf 84' lang='lat' dir='ltr'><strong>peccato,venio</strong></span> <span class='ocrx_word' id='word_1_102' title='bbox 2642 637 2838 708; x_wconf 81' lang='lat' dir='ltr'><strong>aptato</strong></span> <span class='ocrx_word' id='word_1_103' title='bbox 2857 646 3111 710; x_wconf 90' lang='lat' dir='ltr'><strong>corpore</strong></span> <span class='ocrx_word' id='word_1_104' title='bbox 3134 630 3292 712; x_wconf 88' lang='lat' dir='ltr'><strong>quod</strong></span> <span class='ocrx_word' id='word_1_105' title='bbox 3316 629 3532 694; x_wconf 79' lang='lat' dir='ltr'><strong>debeat</strong></span> <span class='ocrx_word' id='word_1_106' title='bbox 3551 632 3706 698; x_wconf 81' lang='lat' dir='ltr'><strong>efﬁci</strong></span> 
     </span>
    </p>
   </div>
   <div class='ocr_carea' id='block_1_17' title="bbox 2046 714 3704 805">
    <p class='ocr_par' dir='ltr' id='par_1_17' title="bbox 2046 714 3704 805">
     <span class='ocr_line' id='line_1_17' title="bbox 2046 714 3704 805; baseline 0.006 -30"><span class='ocrx_word' id='word_1_107' title='bbox 2046 714 2376 805; x_wconf 26' lang='lat' dir='ltr'><strong>hostia‘tibi</strong></span> <span class='ocrx_word' id='word_1_108' title='bbox 2428 715 2859 799; x_wconf 90' lang='lat' dir='ltr'><strong>beneplaceus,</strong></span> <span class='ocrx_word' id='word_1_109' title='bbox 2893 719 3051 798; x_wconf 92' lang='lat' dir='ltr'><strong>quod</strong></span> <span class='ocrx_word' id='word_1_110' title='bbox 3106 718 3234 800; x_wconf 91' lang='lat' dir='ltr'><strong>ipse</strong></span> <span class='ocrx_word' id='word_1_111' title='bbox 3286 720 3434 782; x_wconf 89' lang='lat' dir='ltr'><strong>mihi</strong></span> <span class='ocrx_word' id='word_1_112' title='bbox 3465 723 3704 805; x_wconf 84' lang='lat' dir='ltr'><strong>aptasti.</strong></span> 
     </span>
    </p>
   </div>
   <div class='ocr_carea' id='block_1_18' title="bbox 2047 801 3704 887">
    <p class='ocr_par' dir='ltr' id='par_1_18' title="bbox 2047 801 3704 887">
     <span class='ocr_line' id='line_1_18' title="bbox 2047 801 3704 887; baseline 0.006 -22"><span class='ocrx_word' id='word_1_113' title='bbox 2047 801 2194 865; x_wconf 86' lang='lat' dir='ltr'><strong>Nam</strong></span> <span class='ocrx_word' id='word_1_114' title='bbox 2235 801 2490 887; x_wconf 75' lang='lat' dir='ltr'><strong>Spiritus</strong></span> <span class='ocrx_word' id='word_1_115' title='bbox 2512 815 2754 869; x_wconf 79' lang='lat' dir='ltr'><strong>sanctus</strong></span> <span class='ocrx_word' id='word_1_116' title='bbox 2774 816 2833 870; x_wconf 91' lang='lat' dir='ltr'><strong>et</strong></span> <span class='ocrx_word' id='word_1_117' title='bbox 2847 807 3139 870; x_wconf 82' lang='lat' dir='ltr'><strong>Altissimi</strong></span> <span class='ocrx_word' id='word_1_118' title='bbox 3169 810 3354 872; x_wconf 87' lang='lat' dir='ltr'><strong>virtus</strong></span> <span class='ocrx_word' id='word_1_119' title='bbox 3381 801 3704 875; x_wconf 84' lang='lat' dir='ltr'><strong>obumbra-</strong></span> 
     </span>
    </p>
   </div>
   <div class='ocr_carea' id='block_1_19' title="bbox 2052 891 3706 973">
    <p class='ocr_par' dir='ltr' id='par_1_19' title="bbox 2052 891 3706 973">
     <span class='ocr_line' id='line_1_19' title="bbox 2052 891 3706 973; baseline 0.008 -22"><span class='ocrx_word' id='word_1_120' title='bbox 2052 892 2129 953; x_wconf 83' lang='lat' dir='ltr'><strong>vit</strong></span> <span class='ocrx_word' id='word_1_121' title='bbox 2160 891 2387 973; x_wconf 83' lang='lat' dir='ltr'><strong>Virgini</strong></span> <span class='ocrx_word' id='word_1_122' title='bbox 2406 895 2488 957; x_wconf 83' lang='lat'><strong>50.</strong></span> <span class='ocrx_word' id='word_1_123' title='bbox 2518 894 2707 958; x_wconf 74' lang='lat' dir='ltr'><strong>Venio</strong></span> <span class='ocrx_word' id='word_1_124' title='bbox 2749 909 2947 959; x_wconf 90' lang='lat' dir='ltr'><strong>autem</strong></span> <span class='ocrx_word' id='word_1_125' title='bbox 2974 905 3038 958; x_wconf 93' lang='lat' dir='ltr'><strong>ut</strong></span> <span class='ocrx_word' id='word_1_126' title='bbox 3067 905 3227 959; x_wconf 89' lang='lat' dir='ltr'><strong>tuam</strong></span> <span class='ocrx_word' id='word_1_127' title='bbox 3250 898 3461 961; x_wconf 79' lang='lat' dir='ltr'><strong>faciam</strong></span> <span class='ocrx_word' id='word_1_128' title='bbox 3493 902 3706 964; x_wconf 81' lang='lat' dir='ltr'><strong>volnu-</strong></span> 
     </span>
    </p>
   </div>
   <div class='ocr_carea' id='block_1_20' title="bbox 2048 986 3704 1070">
    <p class='ocr_par' dir='ltr' id='par_1_20' title="bbox 2048 986 3704 1070">
     <span class='ocr_line' id='line_1_20' title="bbox 2048 986 3704 1070; baseline 0.007 -27"><span class='ocrx_word' id='word_1_129' title='bbox 2048 990 2253 1064; x_wconf 90' lang='lat' dir='ltr'><strong>tatem,</strong></span> <span class='ocrx_word' id='word_1_130' title='bbox 2309 986 2478 1047; x_wconf 78' lang='lat' dir='ltr'><strong>Pater</strong></span> <span class='ocrx_word' id='word_1_131' title='bbox 2506 987 2591 1060; x_wconf 79' lang='lat'><strong>5|,</strong></span> <span class='ocrx_word' id='word_1_132' title='bbox 2626 994 2768 1065; x_wconf 91' lang='lat' dir='ltr'><strong>puta</strong></span> <span class='ocrx_word' id='word_1_133' title='bbox 2805 995 2867 1046; x_wconf 89' lang='lat' dir='ltr'><strong>ut</strong></span> <span class='ocrx_word' id='word_1_134' title='bbox 2921 986 3147 1048; x_wconf 89' lang='lat' dir='ltr'><strong>nullum</strong></span> <span class='ocrx_word' id='word_1_135' title='bbox 3203 1005 3271 1050; x_wconf 82' lang='lat' dir='ltr'><strong>ex</strong></span> <span class='ocrx_word' id='word_1_136' title='bbox 3317 988 3411 1051; x_wconf 89' lang='lat' dir='ltr'><strong>his</strong></span> <span class='ocrx_word' id='word_1_137' title='bbox 3458 991 3704 1070; x_wconf 85' lang='lat' dir='ltr'><strong>perdam</strong></span> 
     </span>
    </p>
   </div>
   <div class='ocr_carea' id='block_1_21' title="bbox 2050 1072 3709 1157">
    <p class='ocr_par' dir='ltr' id='par_1_21' title="bbox 2050 1072 3709 1157">
     <span class='ocr_line' id='line_1_21' title="bbox 2050 1072 3709 1157; baseline 0.008 -26"><span class='ocrx_word' id='word_1_138' title='bbox 2050 1091 2202 1152; x_wconf 88' lang='lat' dir='ltr'><strong>quos</strong></span> <span class='ocrx_word' id='word_1_139' title='bbox 2235 1072 2453 1136; x_wconf 88' lang='lat' dir='ltr'><strong>dedisti</strong></span> <span class='ocrx_word' id='word_1_140' title='bbox 2486 1074 2730 1136; x_wconf 70' lang='lat' dir='ltr'><strong>mihi52.</strong></span> <span class='ocrx_word' id='word_1_141' title='bbox 2769 1076 2909 1137; x_wconf 73' lang='lat'><strong>594</strong></span> <span class='ocrx_word' id='word_1_142' title='bbox 2939 1078 3124 1157; x_wconf 87' lang='lat' dir='ltr'><strong>Caput</strong></span> <span class='ocrx_word' id='word_1_143' title='bbox 3153 1094 3293 1139; x_wconf 88' lang='lat' dir='ltr'><strong>vero</strong></span> <span class='ocrx_word' id='word_1_144' title='bbox 3335 1077 3472 1142; x_wconf 84' lang='lat' dir='ltr'><strong>libri</strong></span> <span class='ocrx_word' id='word_1_145' title='bbox 3502 1079 3709 1144; x_wconf 86' lang='lat' dir='ltr'><strong>dicunt</strong></span> 
     </span>
    </p>
   </div>
   <div class='ocr_carea' id='block_1_22' title="bbox 2051 1160 3705 1247">
    <p class='ocr_par' dir='ltr' id='par_1_22' title="bbox 2051 1160 3705 1247">
     <span class='ocr_line' id='line_1_22' title="bbox 2051 1160 3705 1247; baseline 0.006 -24"><span class='ocrx_word' id='word_1_146' title='bbox 2051 1160 2285 1223; x_wconf 71' lang='lat' dir='ltr'><strong>Hebraei</strong></span> <span class='ocrx_word' id='word_1_147' title='bbox 2317 1181 2448 1225; x_wconf 91' lang='lat' dir='ltr'><strong>esse</strong></span> <span class='ocrx_word' id='word_1_148' title='bbox 2468 1163 2686 1243; x_wconf 86' lang='lat' dir='ltr'><strong>legem.</strong></span> <span class='ocrx_word' id='word_1_149' title='bbox 2716 1164 2895 1227; x_wconf 85' lang='lat' dir='ltr'><strong>Isaias</strong></span> <span class='ocrx_word' id='word_1_150' title='bbox 2925 1183 3067 1227; x_wconf 87' lang='lat' dir='ltr'><strong>vero</strong></span> <span class='ocrx_word' id='word_1_151' title='bbox 3101 1166 3442 1247; x_wconf 79' lang='lat' dir='ltr'><strong>mysterium</strong></span> <span class='ocrx_word' id='word_1_152' title='bbox 3474 1169 3550 1231; x_wconf 89' lang='lat' dir='ltr'><strong>de</strong></span> <span class='ocrx_word' id='word_1_153' title='bbox 3564 1170 3705 1232; x_wconf 91' lang='lat' dir='ltr'><strong>uni-</strong></span> 
     </span>
    </p>
   </div>
   <div class='ocr_carea' id='block_1_23' title="bbox 2054 1249 3709 1330">
    <p class='ocr_par' dir='ltr' id='par_1_23' title="bbox 2054 1249 3709 1330">
     <span class='ocr_line' id='line_1_23' title="bbox 2054 1249 3709 1330; baseline 0.007 -20"><span class='ocrx_word' id='word_1_154' title='bbox 2054 1249 2236 1330; x_wconf 81' lang='lat' dir='ltr'><strong>geniti</strong></span> <span class='ocrx_word' id='word_1_155' title='bbox 2260 1251 2675 1315; x_wconf 86' lang='lat' dir='ltr'><strong>incarnatione</strong></span> <span class='ocrx_word' id='word_1_156' title='bbox 2696 1254 2970 1329; x_wconf 88' lang='lat' dir='ltr'><strong>edoctus,</strong></span> <span class='ocrx_word' id='word_1_157' title='bbox 2996 1254 3229 1319; x_wconf 80' lang='lat' dir='ltr'><strong>audivit</strong></span> <span class='ocrx_word' id='word_1_158' title='bbox 3248 1276 3303 1317; x_wconf 71' lang='grc' dir='ltr'>τι</span> <span class='ocrx_word' id='word_1_159' title='bbox 3330 1254 3538 1320; x_wconf 86' lang='lat' dir='ltr'><strong>Scribe</strong></span> <span class='ocrx_word' id='word_1_160' title='bbox 3561 1259 3709 1322; x_wconf 89' lang='lat' dir='ltr'><strong>mihi</strong></span> 
     </span>
    </p>
   </div>
   <div class='ocr_carea' id='block_1_24' title="bbox 2053 1339 3707 1412">
    <p class='ocr_par' dir='ltr' id='par_1_24' title="bbox 2053 1339 3707 1412">
     <span class='ocr_line' id='line_1_24' title="bbox 2053 1339 3707 1412; baseline 0.007 -11"><span class='ocrx_word' id='word_1_161' title='bbox 2053 1339 2115 1401; x_wconf 91' lang='lat' dir='ltr'><strong>in</strong></span> <span class='ocrx_word' id='word_1_162' title='bbox 2147 1340 2263 1404; x_wconf 90' lang='lat' dir='ltr'><strong>isto</strong></span> <span class='ocrx_word' id='word_1_163' title='bbox 2297 1342 2430 1403; x_wconf 89' lang='lat' dir='ltr'><strong>stilo</strong></span> <span class='ocrx_word' id='word_1_164' title='bbox 2482 1342 2743 1405; x_wconf 78' lang='lat' dir='ltr'><strong>hominis</strong></span> <span class='ocrx_word' id='word_1_165' title='bbox 2761 1345 2887 1408; x_wconf 66' lang='lat'><strong>53.»</strong></span> <span class='ocrx_word' id='word_1_166' title='bbox 2920 1367 2941 1400; x_wconf 77' lang='grc' dir='ltr'><strong>ι</strong></span> <span class='ocrx_word' id='word_1_167' title='bbox 2966 1342 3334 1407; x_wconf 89' lang='lat' dir='ltr'><strong>Sacriﬁcium</strong></span> <span class='ocrx_word' id='word_1_168' title='bbox 3372 1354 3431 1408; x_wconf 91' lang='lat' dir='ltr'><strong>et</strong></span> <span class='ocrx_word' id='word_1_169' title='bbox 3452 1347 3707 1412; x_wconf 73' lang='lat' dir='ltr'><strong>oblatio-</strong></span> 
     </span>
    </p>
   </div>
   <div class='ocr_carea' id='block_1_25' title="bbox 2058 1429 3705 1513">
    <p class='ocr_par' dir='ltr' id='par_1_25' title="bbox 2058 1429 3705 1513">
     <span class='ocr_line' id='line_1_25' title="bbox 2058 1429 3705 1513; baseline 0.007 -23"><span class='ocrx_word' id='word_1_170' title='bbox 2058 1448 2218 1491; x_wconf 88' lang='lat' dir='ltr'><strong>nem.</strong></span> <span class='ocrx_word' id='word_1_171' title='bbox 2254 1455 2277 1487; x_wconf 68' lang='grc' dir='ltr'><strong>ι</strong></span> <span class='ocrx_word' id='word_1_172' title='bbox 2304 1429 2487 1493; x_wconf 88' lang='lat' dir='ltr'><strong>Vides</strong></span> <span class='ocrx_word' id='word_1_173' title='bbox 2530 1434 2685 1513; x_wconf 89' lang='lat' dir='ltr'><strong>quod</strong></span> <span class='ocrx_word' id='word_1_174' title='bbox 2723 1432 3018 1495; x_wconf 88' lang='lat' dir='ltr'><strong>sacriﬁcia</strong></span> <span class='ocrx_word' id='word_1_175' title='bbox 3048 1432 3224 1495; x_wconf 88' lang='lat' dir='ltr'><strong>etiam</strong></span> <span class='ocrx_word' id='word_1_176' title='bbox 3258 1444 3397 1497; x_wconf 90' lang='lat' dir='ltr'><strong>ante</strong></span> <span class='ocrx_word' id='word_1_177' title='bbox 3423 1436 3705 1502; x_wconf 87' lang='lat' dir='ltr'><strong>incarna-</strong></span> 
     </span>
    </p>
   </div>
   <div class='ocr_carea' id='block_1_26' title="bbox 311 1519 1970 1606">
    <p class='ocr_par' dir='ltr' id='par_1_26' title="bbox 311 1522 1970 1606">
     <span class='ocr_line' id='line_1_26' title="bbox 311 1522 1970 1606; baseline 0.001 -28"><span class='ocrx_word' id='word_1_178' title='bbox 311 1523 598 1597; x_wconf 76' lang='grc' dir='ltr'>σχόμενος,</span> <span class='ocrx_word' id='word_1_179' title='bbox 628 1522 796 1606; x_wconf 34' lang='grc' dir='ltr'>ἤκουε.</span> <span class='ocrx_word' id='word_1_180' title='bbox 821 1542 840 1561; x_wconf 73' lang='grc'><strong>⁸</strong></span> <span class='ocrx_word' id='word_1_181' title='bbox 906 1544 932 1580; x_wconf 75' lang='grc' dir='ltr'>ι</span> <span class='ocrx_word' id='word_1_182' title='bbox 990 1525 1199 1604; x_wconf 81' lang='grc' dir='ltr'>Γρᾶψόν</span> <span class='ocrx_word' id='word_1_183' title='bbox 1255 1547 1347 1601; x_wconf 90' lang='grc' dir='ltr'><strong>μοι</strong></span> <span class='ocrx_word' id='word_1_184' title='bbox 1420 1527 1491 1590; x_wconf 81' lang='grc' dir='ltr'><strong>είς</strong></span> <span class='ocrx_word' id='word_1_185' title='bbox 1552 1527 1710 1585; x_wconf 70' lang='grc' dir='ltr'>αὐτὸν</span> <span class='ocrx_word' id='word_1_186' title='bbox 1768 1523 1970 1606; x_wconf 66' lang='grc' dir='ltr'>γραφίδι</span> 
     </span>
    </p>
   </div>
   <div class='ocr_carea' id='block_1_27' title="bbox 2054 1519 3711 1606">
    <p class='ocr_par' dir='ltr' id='par_1_27' title="bbox 2060 1519 3711 1601">
     <span class='ocr_line' id='line_1_27' title="bbox 2060 1519 3711 1601; baseline 0.007 -21"><span class='ocrx_word' id='word_1_187' title='bbox 2060 1519 2284 1582; x_wconf 89' lang='lat' dir='ltr'><strong>tionem</strong></span> <span class='ocrx_word' id='word_1_188' title='bbox 2317 1520 2546 1601; x_wconf 90' lang='lat' dir='ltr'><strong>abjecta</strong></span> <span class='ocrx_word' id='word_1_189' title='bbox 2580 1523 2810 1586; x_wconf 80' lang='lat' dir='ltr'><strong>essent?</strong></span> <span class='ocrx_word' id='word_1_190' title='bbox 2829 1527 2973 1588; x_wconf 90' lang='lat' dir='ltr'><strong>Cum</strong></span> <span class='ocrx_word' id='word_1_191' title='bbox 3007 1524 3166 1585; x_wconf 90' lang='lat' dir='ltr'><strong>enim</strong></span> <span class='ocrx_word' id='word_1_192' title='bbox 3195 1524 3388 1587; x_wconf 87' lang='lat' dir='ltr'><strong>nolles</strong></span> <span class='ocrx_word' id='word_1_193' title='bbox 3418 1526 3711 1591; x_wconf 88' lang='lat' dir='ltr'><strong>sacriﬁcia</strong></span> 
     </span>
    </p>
   </div>
   <div class='ocr_carea' id='block_1_28' title="bbox 308 1603 1970 1696">
    <p class='ocr_par' dir='ltr' id='par_1_28' title="bbox 308 1603 1970 1696">
     <span class='ocr_line' id='line_1_28' title="bbox 308 1603 1970 1696; baseline 0.002 -29"><span class='ocrx_word' id='word_1_194' title='bbox 308 1611 608 1691; x_wconf 81' lang='grc' dir='ltr'>ἀνθρώπου.</span> <span class='ocrx_word' id='word_1_195' title='bbox 676 1637 704 1668; x_wconf 75' lang='lat' dir='ltr'><strong>n</strong></span> <span class='ocrx_word' id='word_1_196' title='bbox 759 1603 890 1696; x_wconf 67' lang='grc' dir='ltr'><strong>υΟτι</strong></span> <span class='ocrx_word' id='word_1_197' title='bbox 945 1603 1120 1671; x_wconf 81' lang='grc' dir='ltr'>Θυσίαν</span> <span class='ocrx_word' id='word_1_198' title='bbox 1161 1617 1248 1671; x_wconf 86' lang='grc' dir='ltr'><strong>καὶ</strong></span> <span class='ocrx_word' id='word_1_199' title='bbox 1290 1616 1616 1696; x_wconf 76' lang='grc' dir='ltr'>προσφοράν.</span> <span class='ocrx_word' id='word_1_200' title='bbox 1683 1603 1836 1695; x_wconf 75' lang='grc' dir='ltr'>Ὀρᾷς</span> <span class='ocrx_word' id='word_1_201' title='bbox 1888 1603 1970 1678; x_wconf 14' lang='grc' dir='ltr'>*ὅτι</span> 
     </span>
    </p>
   </div>
   <div class='ocr_carea' id='block_1_29' title="bbox 2054 1603 3711 1696">
    <p class='ocr_par' dir='ltr' id='par_1_29' title="bbox 2060 1610 3711 1690">
     <span class='ocr_line' id='line_1_29' title="bbox 2060 1610 3711 1690; baseline 0.004 -18"><span class='ocrx_word' id='word_1_202' title='bbox 2060 1617 2121 1672; x_wconf 88' lang='lat' dir='ltr'><strong>et</strong></span> <span class='ocrx_word' id='word_1_203' title='bbox 2167 1610 2657 1686; x_wconf 83' lang='lat' dir='ltr'><strong>holocautomata,</strong></span> <span class='ocrx_word' id='word_1_204' title='bbox 2719 1622 2860 1675; x_wconf 90' lang='lat' dir='ltr'><strong>tunc</strong></span> <span class='ocrx_word' id='word_1_205' title='bbox 2915 1612 3035 1674; x_wconf 87' lang='lat' dir='ltr'><strong>dixi</strong></span> <span class='ocrx_word' id='word_1_206' title='bbox 3072 1631 3085 1675; x_wconf 93' lang='lat'>:</span> <span class='ocrx_word' id='word_1_207' title='bbox 3121 1614 3278 1676; x_wconf 90' lang='lat' dir='ltr'><strong>Ecce</strong></span> <span class='ocrx_word' id='word_1_208' title='bbox 3328 1615 3522 1678; x_wconf 90' lang='lat' dir='ltr'><strong>venio.</strong></span> <span class='ocrx_word' id='word_1_209' title='bbox 3566 1616 3711 1690; x_wconf 87' lang='lat' dir='ltr'><strong>Quis</strong></span> 
     </span>
    </p>
   </div>
   <div class='ocr_carea' id='block_1_30' title="bbox 307 1692 1970 1784">
    <p class='ocr_par' dir='ltr' id='par_1_30' title="bbox 307 1692 1970 1784">
     <span class='ocr_line' id='line_1_30' title="bbox 307 1692 1970 1784; baseline 0.002 -27"><span class='ocrx_word' id='word_1_210' title='bbox 307 1703 362 1757; x_wconf 80' lang='grc' dir='ltr'>αἱ</span> <span class='ocrx_word' id='word_1_211' title='bbox 391 1702 561 1758; x_wconf 81' lang='grc' dir='ltr'>θυσίαι</span> <span class='ocrx_word' id='word_1_212' title='bbox 613 1692 958 1770; x_wconf 72' lang='grc' dir='ltr'>ἐξεὸέὸλήντο</span> <span class='ocrx_word' id='word_1_213' title='bbox 1006 1706 1095 1760; x_wconf 84' lang='grc' dir='ltr'><strong>καὶ</strong></span> <span class='ocrx_word' id='word_1_214' title='bbox 1152 1706 1253 1784; x_wconf 81' lang='grc' dir='ltr'>πρὸ</span> <span class='ocrx_word' id='word_1_215' title='bbox 1307 1692 1405 1771; x_wconf 77' lang='grc' dir='ltr'>τῆς</span> <span class='ocrx_word' id='word_1_216' title='bbox 1444 1692 1920 1783; x_wconf 65' lang='grc' dir='ltr'><strong>⁷ἐνανθριιοπῆσεως</strong></span> <span class='ocrx_word' id='word_1_217' title='bbox 1956 1722 1970 1784; x_wconf 84' lang='grc'><strong>;</strong></span> 
     </span>
    </p>
   </div>
   <div class='ocr_carea' id='block_1_31' title="bbox 2054 1692 3708 1784">
    <p class='ocr_par' dir='ltr' id='par_1_31' title="bbox 2059 1699 3708 1768">
     <span class='ocr_line' id='line_1_31' title="bbox 2059 1699 3708 1768; baseline 0.005 -9"><span class='ocrx_word' id='word_1_218' title='bbox 2059 1699 2237 1760; x_wconf 85' lang='lat' dir='ltr'><strong>dixit:</strong></span> <span class='ocrx_word' id='word_1_219' title='bbox 2288 1699 2443 1762; x_wconf 90' lang='lat' dir='ltr'><strong>Ecce</strong></span> <span class='ocrx_word' id='word_1_220' title='bbox 2458 1700 2659 1763; x_wconf 84' lang='lat' dir='ltr'><strong>venio?</strong></span> <span class='ocrx_word' id='word_1_221' title='bbox 2689 1702 2959 1765; x_wconf 74' lang='lat' dir='ltr'><strong>Christus</strong></span> <span class='ocrx_word' id='word_1_222' title='bbox 2990 1702 3488 1766; x_wconf 85' lang='lat' dir='ltr'><strong>videlicet.Venio</strong></span> <span class='ocrx_word' id='word_1_223' title='bbox 3511 1716 3708 1768; x_wconf 90' lang='lat' dir='ltr'><strong>autem</strong></span> 
     </span>
    </p>
   </div>
   <div class='ocr_carea' id='block_1_32' title="bbox 310 1789 1970 1886">
    <p class='ocr_par' dir='ltr' id='par_1_32' title="bbox 310 1791 1970 1874">
     <span class='ocr_line' id='line_1_32' title="bbox 310 1791 1970 1874; baseline 0.001 -27"><span class='ocrx_word' id='word_1_224' title='bbox 310 1792 459 1848; x_wconf 77' lang='grc' dir='ltr'>Μετὰ</span> <span class='ocrx_word' id='word_1_225' title='bbox 500 1793 602 1872; x_wconf 73' lang='grc' dir='ltr'>γὰρ</span> <span class='ocrx_word' id='word_1_226' title='bbox 654 1793 715 1848; x_wconf 87' lang='grc' dir='ltr'><strong>τὸ</strong></span> <span class='ocrx_word' id='word_1_227' title='bbox 758 1792 837 1867; x_wconf 80' lang='grc' dir='ltr'>μὴ</span> <span class='ocrx_word' id='word_1_228' title='bbox 887 1791 1108 1860; x_wconf 79' lang='grc' dir='ltr'>θελῆσαί</span> <span class='ocrx_word' id='word_1_229' title='bbox 1149 1815 1234 1869; x_wconf 93' lang='grc' dir='ltr'><strong>σε,</strong></span> <span class='ocrx_word' id='word_1_230' title='bbox 1292 1794 1442 1874; x_wconf 77' lang='grc' dir='ltr'>φησὶ,</span> <span class='ocrx_word' id='word_1_231' title='bbox 1501 1794 1596 1855; x_wconf 77' lang='grc' dir='ltr'>τὰς</span> <span class='ocrx_word' id='word_1_232' title='bbox 1654 1794 1830 1858; x_wconf 80' lang='grc' dir='ltr'>θυσίας</span> <span class='ocrx_word' id='word_1_233' title='bbox 1888 1804 1970 1859; x_wconf 78' lang='grc' dir='ltr'>καὶ</span> 
     </span>
    </p>
   </div>
   <div class='ocr_carea' id='block_1_33' title="bbox 2054 1789 3707 1886">
    <p class='ocr_par' dir='ltr' id='par_1_33' title="bbox 2058 1789 3707 1886">
     <span class='ocr_line' id='line_1_33' title="bbox 2058 1789 3707 1886; baseline 0.005 -37"><span class='ocrx_word' id='word_1_234' title='bbox 2058 1797 2121 1848; x_wconf 90' lang='lat' dir='ltr'><strong>ut</strong></span> <span class='ocrx_word' id='word_1_235' title='bbox 2148 1789 2358 1886; x_wconf 81' lang='lat' dir='ltr'><strong>faciam</strong></span> <span class='ocrx_word' id='word_1_236' title='bbox 2377 1790 2733 1886; x_wconf 63' lang='lat' dir='ltr'><strong>voluntatem</strong></span> <span class='ocrx_word' id='word_1_237' title='bbox 2767 1792 3183 1886; x_wconf 36' lang='lat' dir='ltr'><strong>tuan-nmque;</strong></span> <span class='ocrx_word' id='word_1_238' title='bbox 3222 1793 3330 1886; x_wconf 71' lang='lat' dir='ltr'><strong>fuit</strong></span> <span class='ocrx_word' id='word_1_239' title='bbox 3378 1796 3569 1886; x_wconf 84' lang='lat' dir='ltr'><strong>Patris</strong></span> <span class='ocrx_word' id='word_1_240' title='bbox 3597 1815 3707 1857; x_wconf 90' lang='lat' dir='ltr'><strong>vo-</strong></span> 
     </span>
    </p>
   </div>
   <div class='ocr_carea' id='block_1_34' title="bbox 305 1879 1970 1962">
    <p class='ocr_par' dir='ltr' id='par_1_34' title="bbox 305 1879 1969 1962">
     <span class='ocr_line' id='line_1_34' title="bbox 305 1879 1969 1962; baseline -0.001 -25"><span class='ocrx_word' id='word_1_241' title='bbox 305 1882 377 1937; x_wconf 77' lang='grc' dir='ltr'><strong>τᾶ</strong></span> <span class='ocrx_word' id='word_1_242' title='bbox 406 1879 848 1962; x_wconf 72' lang='grc' dir='ltr'>ὁλοκαυτώματα,</span> <span class='ocrx_word' id='word_1_243' title='bbox 908 1886 1029 1939; x_wconf 86' lang='grc' dir='ltr'>τότε</span> <span class='ocrx_word' id='word_1_244' title='bbox 1085 1883 1268 1958; x_wconf 72' lang='grc' dir='ltr'>εἷπον,</span> <span class='ocrx_word' id='word_1_245' title='bbox 1329 1880 1459 1962; x_wconf 76' lang='grc' dir='ltr'><strong>Ἰδοὺ</strong></span> <span class='ocrx_word' id='word_1_246' title='bbox 1499 1881 1642 1949; x_wconf 73' lang='grc' dir='ltr'>ἥκω.</span> <span class='ocrx_word' id='word_1_247' title='bbox 1675 1884 1761 1948; x_wconf 82' lang='grc' dir='ltr'>Τίς</span> <span class='ocrx_word' id='word_1_248' title='bbox 1791 1882 1969 1960; x_wconf 79' lang='grc' dir='ltr'>εἶπεν,</span> 
     </span>
    </p>
   </div>
   <div class='ocr_carea' id='block_1_35' title="bbox 2054 1879 3707 1962">
    <p class='ocr_par' dir='ltr' id='par_1_35' title="bbox 2057 1879 3707 1957">
     <span class='ocr_line' id='line_1_35' title="bbox 2057 1879 3707 1957; baseline 0.005 -18"><span class='ocrx_word' id='word_1_249' title='bbox 2057 1879 2396 1955; x_wconf 63' lang='lat' dir='ltr'><strong>luntas,nisi</strong></span> <span class='ocrx_word' id='word_1_250' title='bbox 2429 1889 2490 1939; x_wconf 93' lang='lat' dir='ltr'><strong>ut</strong></span> <span class='ocrx_word' id='word_1_251' title='bbox 2519 1879 2702 1942; x_wconf 84' lang='lat' dir='ltr'><strong>Filius</strong></span> <span class='ocrx_word' id='word_1_252' title='bbox 2750 1879 3245 1957; x_wconf 83' lang='lat' dir='ltr'><strong>cruciﬁgeretur?</strong></span> <span class='ocrx_word' id='word_1_253' title='bbox 3292 1881 3461 1955; x_wconf 86' lang='lat' dir='ltr'><strong>Quod</strong></span> <span class='ocrx_word' id='word_1_254' title='bbox 3509 1895 3707 1948; x_wconf 90' lang='lat' dir='ltr'><strong>autem</strong></span> 
     </span>
    </p>
   </div>
   <div class='ocr_carea' id='block_1_36' title="bbox 305 1961 1972 2052">
    <p class='ocr_par' dir='ltr' id='par_1_36' title="bbox 305 1961 1972 2052">
     <span class='ocr_line' id='line_1_36' title="bbox 305 1961 1972 2052; baseline 0 -25"><span class='ocrx_word' id='word_1_255' title='bbox 305 1967 446 2027; x_wconf 78' lang='grc' dir='ltr'><strong>Ἰδοὺ</strong></span> <span class='ocrx_word' id='word_1_256' title='bbox 481 1967 594 2036; x_wconf 69' lang='grc' dir='ltr'>ἥκω</span> <span class='ocrx_word' id='word_1_257' title='bbox 626 1990 643 2052; x_wconf 67' lang='grc' dir='ltr'><strong><em>ς</em></strong></span> <span class='ocrx_word' id='word_1_258' title='bbox 694 1963 751 2029; x_wconf 67' lang='grc' dir='ltr'><strong>ιΟ</strong></span> <span class='ocrx_word' id='word_1_259' title='bbox 798 1961 1019 2050; x_wconf 81' lang='grc' dir='ltr'>Χριστὸς</span> <span class='ocrx_word' id='word_1_260' title='bbox 1064 1968 1335 2039; x_wconf 84' lang='grc' dir='ltr'>δηλονότι.</span> <span class='ocrx_word' id='word_1_261' title='bbox 1385 1961 1551 2028; x_wconf 76' lang='grc' dir='ltr'><strong>ΗΗκω</strong></span> <span class='ocrx_word' id='word_1_262' title='bbox 1581 1969 1658 2047; x_wconf 76' lang='grc' dir='ltr'>δὲ,</span> <span class='ocrx_word' id='word_1_263' title='bbox 1692 1971 1777 2027; x_wconf 82' lang='grc' dir='ltr'><strong>ἐπὶ</strong></span> <span class='ocrx_word' id='word_1_264' title='bbox 1805 1978 1882 2045; x_wconf 84' lang='grc' dir='ltr'>τῷ</span> <span class='ocrx_word' id='word_1_265' title='bbox 1910 1972 1972 2027; x_wconf 81' lang='grc' dir='ltr'><strong>τὸ</strong></span> 
     </span>
    </p>
   </div>
   <div class='ocr_carea' id='block_1_37' title="bbox 303 2057 1963 2139">
    <p class='ocr_par' dir='ltr' id='par_1_37' title="bbox 303 2057 1963 2139">
     <span class='ocr_line' id='line_1_37' title="bbox 303 2057 1963 2139; baseline -0.001 -22"><span class='ocrx_word' id='word_1_266' title='bbox 303 2057 519 2133; x_wconf 75' lang='grc' dir='ltr'>θέλημά</span> <span class='ocrx_word' id='word_1_267' title='bbox 576 2083 669 2118; x_wconf 94' lang='grc' dir='ltr'>σου</span> <span class='ocrx_word' id='word_1_268' title='bbox 711 2062 955 2127; x_wconf 73' lang='grc' dir='ltr'>ποιῆσαι.</span> <span class='ocrx_word' id='word_1_269' title='bbox 1002 2062 1062 2119; x_wconf 86' lang='grc' dir='ltr'>Τί</span> <span class='ocrx_word' id='word_1_270' title='bbox 1102 2059 1158 2118; x_wconf 83' lang='grc' dir='ltr'><strong>δέ</strong></span> <span class='ocrx_word' id='word_1_271' title='bbox 1207 2063 1269 2118; x_wconf 81' lang='grc' dir='ltr'><strong>τὸ</strong></span> <span class='ocrx_word' id='word_1_272' title='bbox 1328 2060 1536 2137; x_wconf 84' lang='grc' dir='ltr'>θέλημα</span> <span class='ocrx_word' id='word_1_273' title='bbox 1592 2067 1682 2117; x_wconf 89' lang='grc' dir='ltr'><strong>τοῦ</strong></span> <span class='ocrx_word' id='word_1_274' title='bbox 1738 2062 1963 2139; x_wconf 76' lang='grc' dir='ltr'>Πατρὸς,</span> 
     </span>
    </p>
   </div>
   <div class='ocr_carea' id='block_1_38' title="bbox 305 2142 1965 2233">
    <p class='ocr_par' dir='ltr' id='par_1_38' title="bbox 305 2142 1965 2233">
     <span class='ocr_line' id='line_1_38' title="bbox 305 2142 1965 2233; baseline -0.001 -26"><span class='ocrx_word' id='word_1_275' title='bbox 305 2152 345 2218; x_wconf 77' lang='grc' dir='ltr'><strong>ἢ</strong></span> <span class='ocrx_word' id='word_1_276' title='bbox 371 2153 466 2207; x_wconf 85' lang='grc' dir='ltr'><strong>τὸν</strong></span> <span class='ocrx_word' id='word_1_277' title='bbox 515 2153 637 2208; x_wconf 75' lang='grc' dir='ltr'><strong>Υἶὸν</strong></span> <span class='ocrx_word' id='word_1_278' title='bbox 692 2154 1102 2233; x_wconf 70' lang='grc' dir='ltr'>σταυρωθῆναι,</span> <span class='ocrx_word' id='word_1_279' title='bbox 1168 2142 1298 2210; x_wconf 80' lang='grc' dir='ltr'><strong>υΟτι</strong></span> <span class='ocrx_word' id='word_1_280' title='bbox 1355 2149 1409 2206; x_wconf 82' lang='grc' dir='ltr'><strong>δὲ</strong></span> <span class='ocrx_word' id='word_1_281' title='bbox 1464 2152 1552 2207; x_wconf 85' lang='grc' dir='ltr'><strong>καὶ</strong></span> <span class='ocrx_word' id='word_1_282' title='bbox 1616 2149 1743 2223; x_wconf 70' lang='grc' dir='ltr'><strong>ἥξω,</strong></span> <span class='ocrx_word' id='word_1_283' title='bbox 1802 2149 1965 2230; x_wconf 68' lang='grc' dir='ltr'>φησί,</span> 
     </span>
    </p>
   </div>
   <div class='ocr_carea' id='block_1_39' title="bbox 302 2236 1967 2320">
    <p class='ocr_par' dir='ltr' id='par_1_39' title="bbox 302 2236 1967 2320">
     <span class='ocr_line' id='line_1_39' title="bbox 302 2236 1967 2320; baseline 0.001 -26"><span class='ocrx_word' id='word_1_284' title='bbox 302 2242 399 2295; x_wconf 88' lang='grc' dir='ltr'><strong>καὶ</strong></span> <span class='ocrx_word' id='word_1_285' title='bbox 470 2242 531 2296; x_wconf 79' lang='grc' dir='ltr'><strong>τὸ</strong></span> <span class='ocrx_word' id='word_1_286' title='bbox 584 2239 793 2317; x_wconf 83' lang='grc' dir='ltr'>θέλημά</span> <span class='ocrx_word' id='word_1_287' title='bbox 868 2262 960 2299; x_wconf 92' lang='grc' dir='ltr'>σου</span> <span class='ocrx_word' id='word_1_288' title='bbox 1032 2242 1268 2319; x_wconf 75' lang='grc' dir='ltr'>ποιήσω,</span> <span class='ocrx_word' id='word_1_289' title='bbox 1339 2240 1394 2297; x_wconf 76' lang='grc' dir='ltr'>ἐν</span> <span class='ocrx_word' id='word_1_290' title='bbox 1471 2237 1707 2320; x_wconf 78' lang='grc' dir='ltr'>κεφαλίδι</span> <span class='ocrx_word' id='word_1_291' title='bbox 1764 2236 1967 2315; x_wconf 79' lang='grc' dir='ltr'>βιϐλίου</span> 
     </span>
    </p>
   </div>
   <div class='ocr_carea' id='block_1_40' title="bbox 301 2328 1970 2413">
    <p class='ocr_par' dir='ltr' id='par_1_40' title="bbox 301 2328 1970 2413">
     <span class='ocr_line' id='line_1_40' title="bbox 301 2328 1970 2413; baseline 0.01 -44"><span class='ocrx_word' id='word_1_292' title='bbox 301 2329 628 2409; x_wconf 58' lang='grc' dir='ltr'>γέγραπται,</span> <span class='ocrx_word' id='word_1_293' title='bbox 702 2332 852 2413; x_wconf 73' lang='grc' dir='ltr'>φησὶ,</span> <span class='ocrx_word' id='word_1_294' title='bbox 933 2332 1053 2412; x_wconf 82' lang='grc' dir='ltr'>περὶ</span> <span class='ocrx_word' id='word_1_295' title='bbox 1120 2330 1251 2405; x_wconf 81' lang='grc' dir='ltr'>ἐμοῦ</span> <span class='ocrx_word' id='word_1_296' title='bbox 1333 2335 1520 2388; x_wconf 89' lang='grc' dir='ltr'>ταῦτα.</span> <span class='ocrx_word' id='word_1_297' title='bbox 1594 2328 1771 2392; x_wconf 58' lang='grc' dir='ltr'>Οὕτως</span> <span class='ocrx_word' id='word_1_298' title='bbox 1857 2330 1970 2409; x_wconf 77' lang='grc' dir='ltr'><strong>χρὴ</strong></span> 
     </span>
    </p>
   </div>
   <div class='ocr_carea' id='block_1_41' title="bbox 298 2416 1967 2501">
    <p class='ocr_par' dir='ltr' id='par_1_41' title="bbox 298 2416 1967 2501">
     <span class='ocr_line' id='line_1_41' title="bbox 298 2416 1967 2501; baseline 0.001 -27"><span class='ocrx_word' id='word_1_299' title='bbox 298 2416 575 2484; x_wconf 75' lang='grc' dir='ltr'>συντάξαι,</span> <span class='ocrx_word' id='word_1_300' title='bbox 664 2421 973 2501; x_wconf 69' lang='grc' dir='ltr'>Προφητικὰ</span> <span class='ocrx_word' id='word_1_301' title='bbox 1072 2419 1173 2498; x_wconf 82' lang='grc' dir='ltr'>γὰρ</span> <span class='ocrx_word' id='word_1_302' title='bbox 1276 2419 1423 2494; x_wconf 76' lang='grc' dir='ltr'>ὄντα,</span> <span class='ocrx_word' id='word_1_303' title='bbox 1530 2416 1719 2478; x_wconf 83' lang='grc' dir='ltr'>σκολιά</span> <span class='ocrx_word' id='word_1_304' title='bbox 1804 2419 1967 2483; x_wconf 80' lang='grc' dir='ltr'>ἐστιν,</span> 
     </span>
    </p>
   </div>
   <div class='ocr_carea' id='block_1_42' title="bbox 305 2509 1969 2592">
    <p class='ocr_par' dir='ltr' id='par_1_42' title="bbox 305 2509 1969 2592">
     <span class='ocr_line' id='line_1_42' title="bbox 305 2509 1969 2592; baseline 0.001 -26"><span class='ocrx_word' id='word_1_305' title='bbox 305 2533 331 2566; x_wconf 72' lang='grc' dir='ltr'><strong>α</strong></span> <span class='ocrx_word' id='word_1_306' title='bbox 390 2511 499 2569; x_wconf 72' lang='grc' dir='ltr'>Οὐκ</span> <span class='ocrx_word' id='word_1_307' title='bbox 534 2510 821 2592; x_wconf 80' lang='grc' dir='ltr'>ἠθέλησας,</span> <span class='ocrx_word' id='word_1_308' title='bbox 884 2509 999 2570; x_wconf 60' lang='grc' dir='ltr'>οῦδὲ</span> <span class='ocrx_word' id='word_1_309' title='bbox 1051 2509 1358 2579; x_wconf 68' lang='grc' dir='ltr'>εὐδόκησας.</span> <span class='ocrx_word' id='word_1_310' title='bbox 1405 2533 1429 2569; x_wconf 73' lang='grc' dir='ltr'>ι</span> <span class='ocrx_word' id='word_1_311' title='bbox 1487 2513 1651 2578; x_wconf 76' lang='grc' dir='ltr'>Αὐτὸς</span> <span class='ocrx_word' id='word_1_312' title='bbox 1694 2514 1820 2572; x_wconf 71' lang='grc' dir='ltr'>αὐτὸ</span> <span class='ocrx_word' id='word_1_313' title='bbox 1879 2512 1969 2592; x_wconf 79' lang='grc' dir='ltr'><strong>ἐρ-</strong></span> 
     </span>
    </p>
   </div>
   <div class='ocr_carea' id='block_1_43' title="bbox 299 2599 1965 2681">
    <p class='ocr_par' dir='ltr' id='par_1_43' title="bbox 299 2599 1965 2681">
     <span class='ocr_line' id='line_1_43' title="bbox 299 2599 1965 2681; baseline 0 -26"><span class='ocrx_word' id='word_1_314' title='bbox 299 2600 534 2676; x_wconf 83' lang='grc' dir='ltr'>μηνεύει</span> <span class='ocrx_word' id='word_1_315' title='bbox 577 2599 917 2681; x_wconf 70' lang='grc' dir='ltr'>σαφέστερον.</span> <span class='ocrx_word' id='word_1_316' title='bbox 993 2624 1017 2655; x_wconf 82' lang='grc' dir='ltr'><strong>ιι</strong></span> <span class='ocrx_word' id='word_1_317' title='bbox 1069 2599 1281 2666; x_wconf 66' lang='grc' dir='ltr'>Οῗτινες</span> <span class='ocrx_word' id='word_1_318' title='bbox 1335 2601 1469 2659; x_wconf 74' lang='grc' dir='ltr'>κατὰ</span> <span class='ocrx_word' id='word_1_319' title='bbox 1529 2602 1620 2657; x_wconf 85' lang='grc' dir='ltr'>τὸν</span> <span class='ocrx_word' id='word_1_320' title='bbox 1690 2602 1868 2677; x_wconf 90' lang='grc' dir='ltr'>νόμον.</span> <span class='ocrx_word' id='word_1_321' title='bbox 1938 2623 1965 2655; x_wconf 69' lang='grc' dir='ltr'><strong><em>ι</em></strong></span> 
     </span>
    </p>
   </div>
   <div class='ocr_carea' id='block_1_44' title="bbox 298 2687 1972 2765">
    <p class='ocr_par' dir='ltr' id='par_1_44' title="bbox 298 2687 1972 2765">
     <span class='ocr_line' id='line_1_44' title="bbox 298 2687 1972 2765; baseline 0.001 -20"><span class='ocrx_word' id='word_1_322' title='bbox 298 2691 404 2745; x_wconf 79' lang='grc' dir='ltr'>τὸν</span> <span class='ocrx_word' id='word_1_323' title='bbox 486 2687 779 2747; x_wconf 72' lang='grc' dir='ltr'>Ἰουδαϊκὸν</span> <span class='ocrx_word' id='word_1_324' title='bbox 861 2687 1131 2765; x_wconf 75' lang='grc' dir='ltr'>δηλονότι,</span> <span class='ocrx_word' id='word_1_325' title='bbox 1219 2690 1306 2747; x_wconf 85' lang='grc' dir='ltr'><strong>καὶ</strong></span> <span class='ocrx_word' id='word_1_326' title='bbox 1386 2692 1489 2747; x_wconf 79' lang='grc' dir='ltr'><strong>ὑπὸ</strong></span> <span class='ocrx_word' id='word_1_327' title='bbox 1550 2697 1655 2747; x_wconf 81' lang='grc' dir='ltr'><strong>τῶν</strong></span> <span class='ocrx_word' id='word_1_328' title='bbox 1715 2688 1972 2747; x_wconf 82' lang='grc' dir='ltr'>Ἰουδαίων</span> 
     </span>
    </p>
   </div>
   <div class='ocr_carea' id='block_1_45' title="bbox 299 2770 1968 2859">
    <p class='ocr_par' dir='ltr' id='par_1_45' title="bbox 299 2770 1968 2859">
     <span class='ocr_line' id='line_1_45' title="bbox 299 2770 1968 2859; baseline 0.001 -25"><span class='ocrx_word' id='word_1_329' title='bbox 299 2776 363 2834; x_wconf 82' lang='grc' dir='ltr'><strong>δὲ</strong></span> <span class='ocrx_word' id='word_1_330' title='bbox 433 2779 837 2859; x_wconf 73' lang='grc' dir='ltr'>προσφέρονται.</span> <span class='ocrx_word' id='word_1_331' title='bbox 929 2770 1083 2857; x_wconf 76' lang='grc' dir='ltr'>Ὀρᾷς</span> <span class='ocrx_word' id='word_1_332' title='bbox 1139 2776 1219 2835; x_wconf 81' lang='grc' dir='ltr'>ὅτι</span> <span class='ocrx_word' id='word_1_333' title='bbox 1279 2781 1379 2859; x_wconf 80' lang='grc' dir='ltr'>πρὸ</span> <span class='ocrx_word' id='word_1_334' title='bbox 1436 2779 1532 2847; x_wconf 79' lang='grc' dir='ltr'><strong>τῆς</strong></span> <span class='ocrx_word' id='word_1_335' title='bbox 1602 2776 1968 2854; x_wconf 81' lang='grc' dir='ltr'>καταϐάσεως,</span> 
     </span>
    </p>
   </div>
   <div class='ocr_carea' id='block_1_46' title="bbox 303 2868 1971 2949">
    <p class='ocr_par' dir='ltr' id='par_1_46' title="bbox 303 2868 1971 2949">
     <span class='ocr_line' id='line_1_46' title="bbox 303 2868 1971 2949; baseline 0.001 -24"><span class='ocrx_word' id='word_1_336' title='bbox 303 2868 640 2945; x_wconf 71' lang='grc' dir='ltr'>ἐμεμίσηντο</span> <span class='ocrx_word' id='word_1_337' title='bbox 682 2872 735 2925; x_wconf 88' lang='grc' dir='ltr'>αἱ</span> <span class='ocrx_word' id='word_1_338' title='bbox 776 2869 986 2949; x_wconf 74' lang='grc' dir='ltr'>θυσίαι,</span> <span class='ocrx_word' id='word_1_339' title='bbox 1026 2889 1049 2924; x_wconf 74' lang='grc' dir='ltr'>α</span> <span class='ocrx_word' id='word_1_340' title='bbox 1106 2874 1207 2926; x_wconf 85' lang='grc' dir='ltr'><strong>Τοῦ</strong></span> <span class='ocrx_word' id='word_1_341' title='bbox 1248 2873 1470 2937; x_wconf 82' lang='grc' dir='ltr'>ποιῆσαι</span> <span class='ocrx_word' id='word_1_342' title='bbox 1514 2872 1543 2926; x_wconf 84' lang='grc' dir='ltr'>ὁ</span> <span class='ocrx_word' id='word_1_343' title='bbox 1587 2871 1717 2932; x_wconf 84' lang='grc' dir='ltr'>Θεὸς</span> <span class='ocrx_word' id='word_1_344' title='bbox 1771 2870 1834 2926; x_wconf 78' lang='grc' dir='ltr'><strong>τὸ</strong></span> <span class='ocrx_word' id='word_1_345' title='bbox 1879 2868 1971 2926; x_wconf 86' lang='grc' dir='ltr'>θέ-</span> 
     </span>
    </p>
   </div>
   <div class='ocr_carea' id='block_1_47' title="bbox 300 2957 1972 3035">
    <p class='ocr_par' dir='ltr' id='par_1_47' title="bbox 300 2957 1972 3035">
     <span class='ocr_line' id='line_1_47' title="bbox 300 2957 1972 3035; baseline 0 -21"><span class='ocrx_word' id='word_1_346' title='bbox 300 2957 466 3032; x_wconf 85' lang='grc' dir='ltr'>λημά</span> <span class='ocrx_word' id='word_1_347' title='bbox 523 2980 640 3021; x_wconf 87' lang='grc' dir='ltr'>σου,</span> <span class='ocrx_word' id='word_1_348' title='bbox 703 2982 732 3012; x_wconf 68' lang='grc' dir='ltr'><strong>ι</strong></span> <span class='ocrx_word' id='word_1_349' title='bbox 792 2957 855 3029; x_wconf 73' lang='grc' dir='ltr'>Τί</span> <span class='ocrx_word' id='word_1_350' title='bbox 912 2957 1044 3035; x_wconf 79' lang='grc' dir='ltr'>οὗν;</span> <span class='ocrx_word' id='word_1_351' title='bbox 1106 2960 1167 3014; x_wconf 81' lang='grc' dir='ltr'><strong>Αἱ</strong></span> <span class='ocrx_word' id='word_1_352' title='bbox 1221 2959 1357 3016; x_wconf 83' lang='grc' dir='ltr'>κατὰ</span> <span class='ocrx_word' id='word_1_353' title='bbox 1426 2958 1588 3035; x_wconf 85' lang='grc' dir='ltr'>νόμον</span> <span class='ocrx_word' id='word_1_354' title='bbox 1655 2958 1822 3015; x_wconf 86' lang='grc' dir='ltr'>θυσίαι</span> <span class='ocrx_word' id='word_1_355' title='bbox 1879 2958 1972 3015; x_wconf 76' lang='grc' dir='ltr'><strong>οῦκ</strong></span> 
     </span>
    </p>
   </div>
   <div class='ocr_carea' id='block_1_48' title="bbox 300 3035 1970 3128">
    <p class='ocr_par' dir='ltr' id='par_1_48' title="bbox 300 3035 1970 3128">
     <span class='ocr_line' id='line_1_48' title="bbox 300 3035 1970 3128; baseline -0.001 -24"><span class='ocrx_word' id='word_1_356' title='bbox 300 3046 450 3116; x_wconf 75' lang='grc' dir='ltr'>ἦσαν</span> <span class='ocrx_word' id='word_1_357' title='bbox 508 3046 769 3124; x_wconf 75' lang='grc' dir='ltr'>θελήματι</span> <span class='ocrx_word' id='word_1_358' title='bbox 827 3055 1007 3128; x_wconf 69' lang='grc' dir='ltr'>Θεοῦ,</span> <span class='ocrx_word' id='word_1_359' title='bbox 1091 3035 1257 3104; x_wconf 70' lang='grc' dir='ltr'>Ἠσαν</span> <span class='ocrx_word' id='word_1_360' title='bbox 1326 3047 1446 3125; x_wconf 79' lang='grc' dir='ltr'>μὲν,</span> <span class='ocrx_word' id='word_1_361' title='bbox 1521 3044 1641 3103; x_wconf 79' lang='grc' dir='ltr'>ἀλλ’</span> <span class='ocrx_word' id='word_1_362' title='bbox 1726 3046 1970 3126; x_wconf 82' lang='grc' dir='ltr'>ἀναγκα-</span> 
     </span>
    </p>
   </div>
   <div class='ocr_carea' id='block_1_49' title="bbox 2055 1968 3708 2053">
    <p class='ocr_par' dir='ltr' id='par_1_49' title="bbox 2055 1968 3708 2053">
     <span class='ocr_line' id='line_1_49' title="bbox 2055 1968 3708 2053; baseline 0.006 -26"><span class='ocrx_word' id='word_1_363' title='bbox 2055 1975 2114 2028; x_wconf 89' lang='lat' dir='ltr'><strong>et</strong></span> <span class='ocrx_word' id='word_1_364' title='bbox 2147 1977 2424 2028; x_wconf 89' lang='lat' dir='ltr'><strong>venturus</strong></span> <span class='ocrx_word' id='word_1_365' title='bbox 2453 1968 2563 2029; x_wconf 89' lang='lat' dir='ltr'><strong>sim</strong></span> <span class='ocrx_word' id='word_1_366' title='bbox 2589 1977 2647 2029; x_wconf 74' lang='lat' dir='ltr'><strong>et</strong></span> <span class='ocrx_word' id='word_1_367' title='bbox 2671 1968 3028 2030; x_wconf 87' lang='lat' dir='ltr'><strong>voluntatem</strong></span> <span class='ocrx_word' id='word_1_368' title='bbox 3073 1978 3228 2031; x_wconf 92' lang='lat' dir='ltr'><strong>tuam</strong></span> <span class='ocrx_word' id='word_1_369' title='bbox 3271 1971 3550 2053; x_wconf 81' lang='lat' dir='ltr'><strong>facturus,</strong></span> <span class='ocrx_word' id='word_1_370' title='bbox 3581 1974 3708 2037; x_wconf 72' lang='lat' dir='ltr'><strong>haec</strong></span> 
     </span>
    </p>
   </div>
   <div class='ocr_carea' id='block_1_50' title="bbox 2049 2054 3709 2137">
    <p class='ocr_par' dir='ltr' id='par_1_50' title="bbox 2049 2054 3709 2137">
     <span class='ocr_line' id='line_1_50' title="bbox 2049 2054 3709 2137; baseline 0.005 -21"><span class='ocrx_word' id='word_1_371' title='bbox 2049 2054 2115 2116; x_wconf 89' lang='lat' dir='ltr'><strong>in</strong></span> <span class='ocrx_word' id='word_1_372' title='bbox 2150 2057 2344 2137; x_wconf 82' lang='lat' dir='ltr'><strong>capite</strong></span> <span class='ocrx_word' id='word_1_373' title='bbox 2368 2057 2505 2118; x_wconf 84' lang='lat' dir='ltr'><strong>libri</strong></span> <span class='ocrx_word' id='word_1_374' title='bbox 2536 2057 2611 2119; x_wconf 89' lang='lat' dir='ltr'><strong>de</strong></span> <span class='ocrx_word' id='word_1_375' title='bbox 2644 2077 2738 2119; x_wconf 91' lang='lat' dir='ltr'><strong>me</strong></span> <span class='ocrx_word' id='word_1_376' title='bbox 2760 2060 2979 2137; x_wconf 88' lang='lat' dir='ltr'><strong>scripta</strong></span> <span class='ocrx_word' id='word_1_377' title='bbox 3008 2068 3166 2121; x_wconf 85' lang='lat' dir='ltr'><strong>sunt.</strong></span> <span class='ocrx_word' id='word_1_378' title='bbox 3194 2062 3278 2123; x_wconf 83' lang='lat' dir='ltr'><strong>Ita</strong></span> <span class='ocrx_word' id='word_1_379' title='bbox 3310 2070 3449 2123; x_wconf 90' lang='lat' dir='ltr'><strong>sunt</strong></span> <span class='ocrx_word' id='word_1_380' title='bbox 3480 2061 3592 2125; x_wconf 91' lang='lat' dir='ltr'><strong>ista</strong></span> <span class='ocrx_word' id='word_1_381' title='bbox 3614 2082 3709 2125; x_wconf 90' lang='lat' dir='ltr'><strong>er-</strong></span> 
     </span>
    </p>
   </div>
   <div class='ocr_carea' id='block_1_51' title="bbox 2049 2146 3709 2232">
    <p class='ocr_par' dir='ltr' id='par_1_51' title="bbox 2049 2146 3709 2232">
     <span class='ocr_line' id='line_1_51' title="bbox 2049 2146 3709 2232; baseline 0.004 -27"><span class='ocrx_word' id='word_1_382' title='bbox 2049 2146 2313 2208; x_wconf 89' lang='lat' dir='ltr'><strong>dinanda</strong></span> <span class='ocrx_word' id='word_1_383' title='bbox 2349 2163 2363 2209; x_wconf 88' lang='lat'><strong>:</strong></span> <span class='ocrx_word' id='word_1_384' title='bbox 2397 2165 2530 2207; x_wconf 90' lang='lat' dir='ltr'><strong>nam</strong></span> <span class='ocrx_word' id='word_1_385' title='bbox 2565 2165 2696 2208; x_wconf 85' lang='lat' dir='ltr'><strong>cum</strong></span> <span class='ocrx_word' id='word_1_386' title='bbox 2742 2148 3086 2228; x_wconf 87' lang='lat' dir='ltr'><strong>prophetica</strong></span> <span class='ocrx_word' id='word_1_387' title='bbox 3156 2151 3293 2230; x_wconf 89' lang='lat' dir='ltr'><strong>sint,</strong></span> <span class='ocrx_word' id='word_1_388' title='bbox 3360 2150 3604 2232; x_wconf 88' lang='lat' dir='ltr'><strong>obliqua</strong></span> <span class='ocrx_word' id='word_1_389' title='bbox 3652 2159 3709 2215; x_wconf 87' lang='lat' dir='ltr'><strong>et</strong></span> 
     </span>
    </p>
   </div>
   <div class='ocr_carea' id='block_1_52' title="bbox 2051 2236 3699 2318">
    <p class='ocr_par' dir='ltr' id='par_1_52' title="bbox 2051 2236 3699 2318">
     <span class='ocr_line' id='line_1_52' title="bbox 2051 2236 3699 2318; baseline 0.004 -22"><span class='ocrx_word' id='word_1_390' title='bbox 2051 2243 2318 2298; x_wconf 88' lang='lat' dir='ltr'><strong>contorta</strong></span> <span class='ocrx_word' id='word_1_391' title='bbox 2351 2245 2511 2298; x_wconf 82' lang='lat' dir='ltr'><strong>Sunt.</strong></span> <span class='ocrx_word' id='word_1_392' title='bbox 2542 2261 2566 2291; x_wconf 81' lang='grc' dir='ltr'><strong>α</strong></span> <span class='ocrx_word' id='word_1_393' title='bbox 2596 2236 2849 2298; x_wconf 86' lang='lat' dir='ltr'><strong>Noluisti</strong></span> <span class='ocrx_word' id='word_1_394' title='bbox 2886 2255 3081 2318; x_wconf 90' lang='lat' dir='ltr'><strong>neque</strong></span> <span class='ocrx_word' id='word_1_395' title='bbox 3133 2237 3484 2318; x_wconf 88' lang='lat' dir='ltr'><strong>placuerunt</strong></span> <span class='ocrx_word' id='word_1_396' title='bbox 3507 2241 3633 2303; x_wconf 88' lang='lat' dir='ltr'><strong>tibi.</strong></span> <span class='ocrx_word' id='word_1_397' title='bbox 3672 2264 3699 2303; x_wconf 71' lang='grc' dir='ltr'><strong>ι</strong></span> 
     </span>
    </p>
   </div>
   <div class='ocr_carea' id='block_1_53' title="bbox 2051 2323 3697 2409">
    <p class='ocr_par' dir='ltr' id='par_1_53' title="bbox 2051 2323 3697 2409">
     <span class='ocr_line' id='line_1_53' title="bbox 2051 2323 3697 2409; baseline 0.005 -23"><span class='ocrx_word' id='word_1_398' title='bbox 2051 2323 2185 2406; x_wconf 88' lang='lat' dir='ltr'><strong>Ipse</strong></span> <span class='ocrx_word' id='word_1_399' title='bbox 2216 2324 2369 2386; x_wconf 69' lang='lat' dir='ltr'><strong>idem</strong></span> <span class='ocrx_word' id='word_1_400' title='bbox 2407 2326 2670 2407; x_wconf 88' lang='lat' dir='ltr'><strong>apertius</strong></span> <span class='ocrx_word' id='word_1_401' title='bbox 2700 2326 3149 2406; x_wconf 90' lang='lat' dir='ltr'><strong>interpretatur.</strong></span> <span class='ocrx_word' id='word_1_402' title='bbox 3196 2350 3220 2385; x_wconf 73' lang='grc' dir='ltr'><strong>α</strong></span> <span class='ocrx_word' id='word_1_403' title='bbox 3248 2328 3391 2400; x_wconf 67' lang='lat' dir='ltr'><strong>Quae</strong></span> <span class='ocrx_word' id='word_1_404' title='bbox 3411 2330 3580 2409; x_wconf 85' lang='lat' dir='ltr'><strong>juxta</strong></span> <span class='ocrx_word' id='word_1_405' title='bbox 3607 2332 3697 2394; x_wconf 83' lang='lat' dir='ltr'><strong>le-</strong></span> 
     </span>
    </p>
   </div>
   <div class='ocr_carea' id='block_1_54' title="bbox 2053 2415 3704 2497">
    <p class='ocr_par' dir='ltr' id='par_1_54' title="bbox 2053 2415 3704 2497">
     <span class='ocr_line' id='line_1_54' title="bbox 2053 2415 3704 2497; baseline 0.005 -21"><span class='ocrx_word' id='word_1_406' title='bbox 2053 2434 2210 2493; x_wconf 87' lang='lat' dir='ltr'><strong>gem,</strong></span> <span class='ocrx_word' id='word_1_407' title='bbox 2247 2440 2269 2473; x_wconf 76' lang='grc' dir='ltr'><strong>ι</strong></span> <span class='ocrx_word' id='word_1_408' title='bbox 2303 2415 2609 2479; x_wconf 86' lang='lat' dir='ltr'><strong>Judaicam</strong></span> <span class='ocrx_word' id='word_1_409' title='bbox 2661 2415 2961 2496; x_wconf 58' lang='lat' dir='ltr'><strong>videlicet,</strong></span> <span class='ocrx_word' id='word_1_410' title='bbox 2994 2423 3208 2497; x_wconf 72' lang='lat' dir='ltr'><strong>etquae</strong></span> <span class='ocrx_word' id='word_1_411' title='bbox 3238 2435 3272 2478; x_wconf 91' lang='lat' dir='ltr'><strong>a</strong></span> <span class='ocrx_word' id='word_1_412' title='bbox 3303 2417 3525 2482; x_wconf 69' lang='lat' dir='ltr'><strong>Judaais</strong></span> <span class='ocrx_word' id='word_1_413' title='bbox 3554 2422 3704 2484; x_wconf 81' lang='lat' dir='ltr'><strong>oﬂ‘e-</strong></span> 
     </span>
    </p>
   </div>
   <div class='ocr_carea' id='block_1_55' title="bbox 2052 2504 3707 2586">
    <p class='ocr_par' dir='ltr' id='par_1_55' title="bbox 2052 2504 3707 2586">
     <span class='ocr_line' id='line_1_55' title="bbox 2052 2504 3707 2586; baseline 0.005 -22"><span class='ocrx_word' id='word_1_414' title='bbox 2052 2514 2285 2565; x_wconf 88' lang='lat' dir='ltr'><strong>runtur.</strong></span> <span class='ocrx_word' id='word_1_415' title='bbox 2322 2505 2504 2567; x_wconf 89' lang='lat' dir='ltr'><strong>Vides</strong></span> <span class='ocrx_word' id='word_1_416' title='bbox 2547 2505 2707 2586; x_wconf 90' lang='lat' dir='ltr'><strong>quod</strong></span> <span class='ocrx_word' id='word_1_417' title='bbox 2754 2514 2890 2566; x_wconf 90' lang='lat' dir='ltr'><strong>ante</strong></span> <span class='ocrx_word' id='word_1_418' title='bbox 2922 2504 3139 2567; x_wconf 88' lang='lat' dir='ltr'><strong>Christi</strong></span> <span class='ocrx_word' id='word_1_419' title='bbox 3169 2506 3524 2571; x_wconf 88' lang='lat' dir='ltr'><strong>descensum</strong></span> <span class='ocrx_word' id='word_1_420' title='bbox 3566 2510 3707 2573; x_wconf 88' lang='lat' dir='ltr'><strong>odio</strong></span> 
     </span>
    </p>
   </div>
   <div class='ocr_carea' id='block_1_56' title="bbox 2056 2592 3705 2673">
    <p class='ocr_par' dir='ltr' id='par_1_56' title="bbox 2056 2592 3705 2673">
     <span class='ocr_line' id='line_1_56' title="bbox 2056 2592 3705 2673; baseline 0.005 -18"><span class='ocrx_word' id='word_1_421' title='bbox 2056 2592 2423 2656; x_wconf 86' lang='lat' dir='ltr'><strong>haberentur</strong></span> <span class='ocrx_word' id='word_1_422' title='bbox 2453 2592 2776 2657; x_wconf 84' lang='lat' dir='ltr'><strong>sacriﬁcia?</strong></span> <span class='ocrx_word' id='word_1_423' title='bbox 2805 2620 2829 2651; x_wconf 71' lang='grc' dir='ltr'><strong>α</strong></span> <span class='ocrx_word' id='word_1_424' title='bbox 2856 2593 2931 2658; x_wconf 94' lang='lat' dir='ltr'><strong>Ut</strong></span> <span class='ocrx_word' id='word_1_425' title='bbox 2963 2595 3197 2672; x_wconf 83' lang='lat' dir='ltr'><strong>faciam,</strong></span> <span class='ocrx_word' id='word_1_426' title='bbox 3232 2596 3413 2673; x_wconf 92' lang='lat' dir='ltr'><strong>Deus,</strong></span> <span class='ocrx_word' id='word_1_427' title='bbox 3431 2598 3705 2663; x_wconf 86' lang='lat' dir='ltr'><strong>volunta-</strong></span> 
     </span>
    </p>
   </div>
   <div class='ocr_carea' id='block_1_57' title="bbox 2056 2683 3703 2769">
    <p class='ocr_par' dir='ltr' id='par_1_57' title="bbox 2056 2683 3703 2769">
     <span class='ocr_line' id='line_1_57' title="bbox 2056 2683 3703 2769; baseline 0.005 -25"><span class='ocrx_word' id='word_1_428' title='bbox 2056 2690 2178 2745; x_wconf 87' lang='lat' dir='ltr'><strong>tem</strong></span> <span class='ocrx_word' id='word_1_429' title='bbox 2211 2692 2394 2748; x_wconf 85' lang='lat' dir='ltr'><strong>tuam.</strong></span> <span class='ocrx_word' id='word_1_430' title='bbox 2436 2710 2459 2741; x_wconf 73' lang='grc' dir='ltr'><strong><em>η</em></strong></span> <span class='ocrx_word' id='word_1_431' title='bbox 2490 2684 2640 2757; x_wconf 87' lang='lat' dir='ltr'><strong>Quid</strong></span> <span class='ocrx_word' id='word_1_432' title='bbox 2689 2683 2881 2762; x_wconf 81' lang='lat' dir='ltr'><strong>ergo?</strong></span> <span class='ocrx_word' id='word_1_433' title='bbox 2932 2683 3237 2748; x_wconf 86' lang='lat' dir='ltr'><strong>Sacriﬁcia</strong></span> <span class='ocrx_word' id='word_1_434' title='bbox 3288 2687 3457 2767; x_wconf 85' lang='lat' dir='ltr'><strong>juxta</strong></span> <span class='ocrx_word' id='word_1_435' title='bbox 3511 2689 3703 2769; x_wconf 88' lang='lat' dir='ltr'><strong>legem</strong></span> 
     </span>
    </p>
   </div>
   <div class='ocr_carea' id='block_1_58' title="bbox 2056 2773 3703 2860">
    <p class='ocr_par' dir='ltr' id='par_1_58' title="bbox 2056 2773 3703 2860">
     <span class='ocr_line' id='line_1_58' title="bbox 2056 2773 3703 2860; baseline 0.003 -25"><span class='ocrx_word' id='word_1_436' title='bbox 2056 2792 2177 2835; x_wconf 92' lang='lat' dir='ltr'><strong>non</strong></span> <span class='ocrx_word' id='word_1_437' title='bbox 2209 2782 2379 2835; x_wconf 89' lang='lat' dir='ltr'><strong>erant</strong></span> <span class='ocrx_word' id='word_1_438' title='bbox 2407 2794 2478 2836; x_wconf 86' lang='lat' dir='ltr'><strong>ex</strong></span> <span class='ocrx_word' id='word_1_439' title='bbox 2523 2774 2629 2835; x_wconf 89' lang='lat' dir='ltr'><strong>Dei</strong></span> <span class='ocrx_word' id='word_1_440' title='bbox 2678 2773 3019 2836; x_wconf 83' lang='lat' dir='ltr'><strong>voluntate?</strong></span> <span class='ocrx_word' id='word_1_441' title='bbox 3076 2778 3259 2838; x_wconf 88' lang='lat' dir='ltr'><strong>Erant</strong></span> <span class='ocrx_word' id='word_1_442' title='bbox 3298 2777 3567 2860; x_wconf 86' lang='lat' dir='ltr'><strong>quidem,</strong></span> <span class='ocrx_word' id='word_1_443' title='bbox 3600 2780 3703 2841; x_wconf 86' lang='lat' dir='ltr'><strong>sed</strong></span> 
     </span>
    </p>
   </div>
   <div class='ocr_carea' id='block_1_59' title="bbox 2055 2863 3706 2944">
    <p class='ocr_par' dir='ltr' id='par_1_59' title="bbox 2055 2863 3706 2944">
     <span class='ocr_line' id='line_1_59' title="bbox 2055 2863 3706 2944; baseline 0.004 -21"><span class='ocrx_word' id='word_1_444' title='bbox 2055 2863 2235 2926; x_wconf 87' lang='lat' dir='ltr'><strong>veluti</strong></span> <span class='ocrx_word' id='word_1_445' title='bbox 2264 2872 2484 2927; x_wconf 69' lang='lat' dir='ltr'><strong>coacta.</strong></span> <span class='ocrx_word' id='word_1_446' title='bbox 2522 2864 2956 2944; x_wconf 88' lang='lat' dir='ltr'><strong>Propemodum</strong></span> <span class='ocrx_word' id='word_1_447' title='bbox 2988 2865 3149 2925; x_wconf 89' lang='lat' dir='ltr'><strong>enim</strong></span> <span class='ocrx_word' id='word_1_448' title='bbox 3181 2865 3330 2929; x_wconf 85' lang='lat' dir='ltr'><strong>dixit</strong></span> <span class='ocrx_word' id='word_1_449' title='bbox 3360 2866 3482 2929; x_wconf 75' lang='lat' dir='ltr'><strong>illis</strong></span> <span class='ocrx_word' id='word_1_450' title='bbox 3516 2886 3529 2931; x_wconf 91' lang='lat'>:</span> <span class='ocrx_word' id='word_1_451' title='bbox 3561 2868 3706 2931; x_wconf 79' lang='lat' dir='ltr'><strong>Mihi</strong></span> 
     </span>
    </p>
   </div>
   <div class='ocr_carea' id='block_1_60' title="bbox 2053 2951 3709 3029">
    <p class='ocr_par' dir='ltr' id='par_1_60' title="bbox 2053 2951 3709 3029">
     <span class='ocr_line' id='line_1_60' title="bbox 2053 2951 3709 3029; baseline 0.004 -17"><span class='ocrx_word' id='word_1_452' title='bbox 2053 2951 2115 3013; x_wconf 93' lang='lat' dir='ltr'><strong>in</strong></span> <span class='ocrx_word' id='word_1_453' title='bbox 2148 2952 2487 3015; x_wconf 89' lang='lat' dir='ltr'><strong>universum</strong></span> <span class='ocrx_word' id='word_1_454' title='bbox 2552 2951 3020 3029; x_wconf 73' lang='lat' dir='ltr'><strong>sanguinulentae</strong></span> <span class='ocrx_word' id='word_1_455' title='bbox 3062 2954 3315 3016; x_wconf 70' lang='lat' dir='ltr'><strong>victimae</strong></span> <span class='ocrx_word' id='word_1_456' title='bbox 3353 2973 3460 3017; x_wconf 91' lang='lat' dir='ltr'><strong>suo</strong></span> <span class='ocrx_word' id='word_1_457' title='bbox 3491 2975 3709 3019; x_wconf 90' lang='lat' dir='ltr'><strong>cruore</strong></span> 
     </span>
    </p>
   </div>
   <div class='ocr_carea' id='block_1_61' title="bbox 2052 3041 3699 3126">
    <p class='ocr_par' dir='ltr' id='par_1_61' title="bbox 2052 3041 3699 3126">
     <span class='ocr_line' id='line_1_61' title="bbox 2052 3041 3699 3126; baseline 0.002 -23"><span class='ocrx_word' id='word_1_458' title='bbox 2052 3041 2466 3103; x_wconf 73' lang='lat' dir='ltr'><strong>abominandae</strong></span> <span class='ocrx_word' id='word_1_459' title='bbox 2488 3051 2624 3103; x_wconf 67' lang='lat' dir='ltr'><strong>sunt</strong></span> <span class='ocrx_word' id='word_1_460' title='bbox 2649 3041 2786 3104; x_wconf 86' lang='lat' dir='ltr'><strong>:sed</strong></span> <span class='ocrx_word' id='word_1_461' title='bbox 2818 3043 3097 3123; x_wconf 86' lang='lat' dir='ltr'><strong>quoniam</strong></span> <span class='ocrx_word' id='word_1_462' title='bbox 3128 3044 3440 3106; x_wconf 90' lang='lat' dir='ltr'><strong>immolare</strong></span> <span class='ocrx_word' id='word_1_463' title='bbox 3460 3045 3699 3126; x_wconf 90' lang='lat' dir='ltr'><strong>cupitis,</strong></span> 
     </span>
    </p>
   </div>
   <div class='ocr_carea' id='block_1_62' title="bbox 299 3126 1970 3227">
    <p class='ocr_par' dir='ltr' id='par_1_62' title="bbox 299 3126 1968 3217">
     <span class='ocr_line' id='line_1_62' title="bbox 299 3126 1968 3217; baseline -0.001 -23"><span class='ocrx_word' id='word_1_464' title='bbox 299 3143 475 3202; x_wconf 83' lang='grc' dir='ltr'>στῶς,</span> <span class='ocrx_word' id='word_1_465' title='bbox 526 3137 698 3195; x_wconf 72' lang='grc' dir='ltr'>Μόνον</span> <span class='ocrx_word' id='word_1_466' title='bbox 725 3138 824 3217; x_wconf 77' lang='grc' dir='ltr'>γὰρ</span> <span class='ocrx_word' id='word_1_467' title='bbox 867 3136 926 3194; x_wconf 77' lang='grc' dir='ltr'><strong>οὒ</strong></span> <span class='ocrx_word' id='word_1_468' title='bbox 978 3126 1134 3195; x_wconf 81' lang='grc' dir='ltr'>τοῦτο</span> <span class='ocrx_word' id='word_1_469' title='bbox 1178 3136 1332 3193; x_wconf 78' lang='grc' dir='ltr'>εἶπεν</span> <span class='ocrx_word' id='word_1_470' title='bbox 1376 3136 1583 3203; x_wconf 73' lang='grc' dir='ltr'>αὒτοτς,</span> <span class='ocrx_word' id='word_1_471' title='bbox 1618 3135 1700 3192; x_wconf 80' lang='grc' dir='ltr'><strong>ὅτι</strong></span> <span class='ocrx_word' id='word_1_472' title='bbox 1733 3134 1968 3194; x_wconf 85' lang='grc' dir='ltr'>Καθόλου</span> 
     </span>
    </p>
   </div>
   <div class='ocr_carea' id='block_1_63' title="bbox 2054 3126 3706 3227">
    <p class='ocr_par' dir='ltr' id='par_1_63' title="bbox 2054 3126 3706 3214">
     <span class='ocr_line' id='line_1_63' title="bbox 2054 3126 3706 3214; baseline 0.004 -22"><span class='ocrx_word' id='word_1_473' title='bbox 2054 3126 2201 3193; x_wconf 86' lang='lat' dir='ltr'><strong>mihi</strong></span> <span class='ocrx_word' id='word_1_474' title='bbox 2232 3150 2374 3193; x_wconf 90' lang='lat' dir='ltr'><strong>sane</strong></span> <span class='ocrx_word' id='word_1_475' title='bbox 2409 3138 2467 3194; x_wconf 92' lang='lat' dir='ltr'><strong>et</strong></span> <span class='ocrx_word' id='word_1_476' title='bbox 2498 3150 2614 3193; x_wconf 93' lang='lat' dir='ltr'><strong>non</strong></span> <span class='ocrx_word' id='word_1_477' title='bbox 2644 3130 2823 3193; x_wconf 90' lang='lat' dir='ltr'><strong>idolis</strong></span> <span class='ocrx_word' id='word_1_478' title='bbox 2856 3131 3196 3196; x_wconf 80' lang='lat' dir='ltr'><strong>immolato:</strong></span> <span class='ocrx_word' id='word_1_479' title='bbox 3230 3134 3387 3214; x_wconf 88' lang='lat' dir='ltr'><strong>quod</strong></span> <span class='ocrx_word' id='word_1_480' title='bbox 3422 3152 3543 3195; x_wconf 93' lang='lat' dir='ltr'><strong>non</strong></span> <span class='ocrx_word' id='word_1_481' title='bbox 3579 3144 3706 3198; x_wconf 90' lang='lat' dir='ltr'><strong>erat</strong></span> 
     </span>
    </p>
   </div>
   <div class='ocr_carea' id='block_1_64' title="bbox 298 3220 1970 3305">
    <p class='ocr_par' dir='ltr' id='par_1_64' title="bbox 298 3223 1964 3304">
     <span class='ocr_line' id='line_1_64' title="bbox 298 3223 1964 3304; baseline -0.001 -20"><span class='ocrx_word' id='word_1_482' title='bbox 298 3228 408 3304; x_wconf 75' lang='grc' dir='ltr'>μὲν</span> <span class='ocrx_word' id='word_1_483' title='bbox 436 3229 489 3283; x_wconf 73' lang='grc' dir='ltr'>αἱ</span> <span class='ocrx_word' id='word_1_484' title='bbox 520 3225 693 3285; x_wconf 82' lang='grc' dir='ltr'>’ἐνυλοι</span> <span class='ocrx_word' id='word_1_485' title='bbox 748 3227 915 3284; x_wconf 89' lang='grc' dir='ltr'>θυσίαι</span> <span class='ocrx_word' id='word_1_486' title='bbox 973 3226 1092 3303; x_wconf 79' lang='grc' dir='ltr'>ἐμοὶ</span> <span class='ocrx_word' id='word_1_487' title='bbox 1147 3233 1225 3302; x_wconf 80' lang='grc' dir='ltr'>τῷ</span> <span class='ocrx_word' id='word_1_488' title='bbox 1267 3224 1432 3302; x_wconf 80' lang='grc' dir='ltr'>ἂῦλῳ,</span> <span class='ocrx_word' id='word_1_489' title='bbox 1478 3223 1755 3303; x_wconf 84' lang='grc' dir='ltr'>βδελυκταί</span> <span class='ocrx_word' id='word_1_490' title='bbox 1810 3227 1964 3289; x_wconf 78' lang='grc' dir='ltr'>εἰσιν.</span> 
     </span>
    </p>
   </div>
   <div class='ocr_carea' id='block_1_65' title="bbox 2054 3220 3703 3305">
    <p class='ocr_par' dir='ltr' id='par_1_65' title="bbox 2054 3220 3703 3305">
     <span class='ocr_line' id='line_1_65' title="bbox 2054 3220 3703 3305; baseline -0.001 -22"><span class='ocrx_word' id='word_1_491' title='bbox 2054 3239 2213 3303; x_wconf 66' lang='lat' dir='ltr'><strong>purae</strong></span> <span class='ocrx_word' id='word_1_492' title='bbox 2263 3240 2330 3283; x_wconf 93' lang='lat' dir='ltr'><strong>ac</strong></span> <span class='ocrx_word' id='word_1_493' title='bbox 2379 3220 2673 3301; x_wconf 64' lang='lat' dir='ltr'><strong>primariae</strong></span> <span class='ocrx_word' id='word_1_494' title='bbox 2717 3221 3048 3283; x_wconf 86' lang='lat' dir='ltr'><strong>voluntatis.</strong></span> <span class='ocrx_word' id='word_1_495' title='bbox 3116 3242 3139 3278; x_wconf 76' lang='grc' dir='ltr'><strong>ι</strong></span> <span class='ocrx_word' id='word_1_496' title='bbox 3197 3220 3375 3285; x_wconf 92' lang='lat' dir='ltr'><strong>Tollit</strong></span> <span class='ocrx_word' id='word_1_497' title='bbox 3430 3226 3620 3305; x_wconf 89' lang='lat' dir='ltr'><strong>prius.</strong></span> <span class='ocrx_word' id='word_1_498' title='bbox 3674 3250 3703 3281; x_wconf 67' lang='grc' dir='ltr'><strong><em>ι</em></strong></span> 
     </span>
    </p>
   </div>
   <div class='ocr_carea' id='block_1_66' title="bbox 297 3314 1965 3395">
    <p class='ocr_par' dir='ltr' id='par_1_66' title="bbox 297 3314 1965 3395">
     <span class='ocr_line' id='line_1_66' title="bbox 297 3314 1965 3395; baseline 0 -22"><span class='ocrx_word' id='word_1_499' title='bbox 297 3314 464 3373; x_wconf 79' lang='grc' dir='ltr'>Ἀλλ’</span> <span class='ocrx_word' id='word_1_500' title='bbox 527 3314 710 3384; x_wconf 79' lang='grc' dir='ltr'>ἐπειδὴ</span> <span class='ocrx_word' id='word_1_501' title='bbox 767 3315 1072 3393; x_wconf 77' lang='grc' dir='ltr'>ἐπιθυμεῖτε</span> <span class='ocrx_word' id='word_1_502' title='bbox 1129 3317 1289 3391; x_wconf 83' lang='grc' dir='ltr'>θύειν,</span> <span class='ocrx_word' id='word_1_503' title='bbox 1365 3315 1525 3393; x_wconf 54' lang='grc' dir='ltr'><strong>ἐμοὶδ</strong></span> <span class='ocrx_word' id='word_1_504' title='bbox 1552 3323 1677 3395; x_wconf 86' lang='grc' dir='ltr'>γοῦν</span> <span class='ocrx_word' id='word_1_505' title='bbox 1730 3317 1818 3373; x_wconf 88' lang='grc' dir='ltr'><strong>καὶ</strong></span> <span class='ocrx_word' id='word_1_506' title='bbox 1888 3316 1965 3392; x_wconf 79' lang='grc' dir='ltr'>μὴ</span> 
     </span>
    </p>
   </div>
   <div class='ocr_carea' id='block_1_67' title="bbox 297 3404 1965 3487">
    <p class='ocr_par' dir='ltr' id='par_1_67' title="bbox 297 3404 1965 3487">
     <span class='ocr_line' id='line_1_67' title="bbox 297 3404 1965 3487; baseline -0.001 -24"><span class='ocrx_word' id='word_1_507' title='bbox 297 3420 429 3471; x_wconf 71' lang='grc' dir='ltr'>τοῖς</span> <span class='ocrx_word' id='word_1_508' title='bbox 466 3404 702 3471; x_wconf 70' lang='grc' dir='ltr'>εἰδώλοις</span> <span class='ocrx_word' id='word_1_509' title='bbox 729 3407 899 3482; x_wconf 80' lang='grc' dir='ltr'>θύετε,</span> <span class='ocrx_word' id='word_1_510' title='bbox 946 3405 1076 3487; x_wconf 80' lang='grc' dir='ltr'>ὅπερ</span> <span class='ocrx_word' id='word_1_511' title='bbox 1132 3410 1227 3465; x_wconf 74' lang='grc' dir='ltr'>οὐκ</span> <span class='ocrx_word' id='word_1_512' title='bbox 1277 3404 1343 3474; x_wconf 80' lang='grc' dir='ltr'><strong>ἧν</strong></span> <span class='ocrx_word' id='word_1_513' title='bbox 1399 3409 1627 3486; x_wconf 80' lang='grc' dir='ltr'>καθαροῦ</span> <span class='ocrx_word' id='word_1_514' title='bbox 1668 3409 1757 3463; x_wconf 86' lang='grc' dir='ltr'><strong>καὶ</strong></span> <span class='ocrx_word' id='word_1_515' title='bbox 1809 3427 1965 3487; x_wconf 82' lang='grc' dir='ltr'>πρω-</span> 
     </span>
    </p>
   </div>
   <div class='ocr_carea' id='block_1_68' title="bbox 298 3494 1975 3576">
    <p class='ocr_par' dir='ltr' id='par_1_68' title="bbox 298 3494 1975 3576">
     <span class='ocr_line' id='line_1_68' title="bbox 298 3494 1975 3576; baseline -0.001 -22"><span class='ocrx_word' id='word_1_516' title='bbox 298 3497 538 3556; x_wconf 80' lang='grc' dir='ltr'>τοτύπου</span> <span class='ocrx_word' id='word_1_517' title='bbox 567 3494 892 3572; x_wconf 78' lang='grc' dir='ltr'>θελήματος.</span> <span class='ocrx_word' id='word_1_518' title='bbox 945 3518 973 3551; x_wconf 75' lang='grc' dir='ltr'><strong>α</strong></span> <span class='ocrx_word' id='word_1_519' title='bbox 1035 3495 1273 3576; x_wconf 81' lang='grc' dir='ltr'>Ἀναιρεῖ</span> <span class='ocrx_word' id='word_1_520' title='bbox 1327 3496 1390 3553; x_wconf 80' lang='grc' dir='ltr'><strong>τὸ</strong></span> <span class='ocrx_word' id='word_1_521' title='bbox 1444 3501 1681 3575; x_wconf 81' lang='grc' dir='ltr'>πρῶτον,</span> <span class='ocrx_word' id='word_1_522' title='bbox 1725 3514 1757 3558; x_wconf 79' lang='grc'><strong>)</strong></span> <span class='ocrx_word' id='word_1_523' title='bbox 1807 3495 1975 3559; x_wconf 80' lang='grc' dir='ltr'>Ποῖόν</span> 
     </span>
    </p>
   </div>
   <div class='ocr_carea' id='block_1_69' title="bbox 303 3582 1973 3667">
    <p class='ocr_par' dir='ltr' id='par_1_69' title="bbox 303 3582 1973 3667">
     <span class='ocr_line' id='line_1_69' title="bbox 303 3582 1973 3667; baseline -0.001 -23"><span class='ocrx_word' id='word_1_524' title='bbox 303 3588 426 3644; x_wconf 73' lang='grc' dir='ltr'>ἐστι</span> <span class='ocrx_word' id='word_1_525' title='bbox 467 3588 529 3643; x_wconf 78' lang='grc' dir='ltr'><strong>τὸ</strong></span> <span class='ocrx_word' id='word_1_526' title='bbox 586 3592 843 3667; x_wconf 69' lang='grc' dir='ltr'>πρῶτον,</span> <span class='ocrx_word' id='word_1_527' title='bbox 895 3589 959 3643; x_wconf 79' lang='grc' dir='ltr'><strong>Αἱ</strong></span> <span class='ocrx_word' id='word_1_528' title='bbox 1011 3585 1204 3645; x_wconf 89' lang='grc' dir='ltr'>θυσίαι.</span> <span class='ocrx_word' id='word_1_529' title='bbox 1265 3592 1433 3643; x_wconf 74' lang='grc' dir='ltr'>Ποῖον</span> <span class='ocrx_word' id='word_1_530' title='bbox 1490 3582 1543 3640; x_wconf 71' lang='grc' dir='ltr'><strong>δὲ</strong></span> <span class='ocrx_word' id='word_1_531' title='bbox 1575 3586 1636 3642; x_wconf 82' lang='grc' dir='ltr'>τὸ</span> <span class='ocrx_word' id='word_1_532' title='bbox 1685 3583 1973 3666; x_wconf 72' lang='grc' dir='ltr'>δεύτερον,</span> 
     </span>
    </p>
   </div>
   <div class='ocr_carea' id='block_1_70' title="bbox 307 3670 1976 3757">
    <p class='ocr_par' dir='ltr' id='par_1_70' title="bbox 307 3670 1976 3757">
     <span class='ocr_line' id='line_1_70' title="bbox 307 3670 1976 3757; baseline -0.001 -24"><span class='ocrx_word' id='word_1_533' title='bbox 307 3670 377 3737; x_wconf 62' lang='grc' dir='ltr'><strong>²Ο</strong></span> <span class='ocrx_word' id='word_1_534' title='bbox 408 3676 657 3757; x_wconf 77' lang='grc' dir='ltr'>σταυρός.</span> <span class='ocrx_word' id='word_1_535' title='bbox 687 3679 749 3734; x_wconf 78' lang='grc' dir='ltr'><strong>Αἱ</strong></span> <span class='ocrx_word' id='word_1_536' title='bbox 780 3676 949 3733; x_wconf 87' lang='grc' dir='ltr'>θυσίαι</span> <span class='ocrx_word' id='word_1_537' title='bbox 1007 3676 1096 3733; x_wconf 79' lang='grc' dir='ltr'><strong>οῦν</strong></span> <span class='ocrx_word' id='word_1_538' title='bbox 1153 3671 1523 3750; x_wconf 78' lang='grc' dir='ltr'>ἐκϐάλλονται,</span> <span class='ocrx_word' id='word_1_539' title='bbox 1579 3678 1666 3732; x_wconf 87' lang='grc' dir='ltr'><strong>καὶ</strong></span> <span class='ocrx_word' id='word_1_540' title='bbox 1722 3679 1750 3733; x_wconf 91' lang='grc' dir='ltr'>ὁ</span> <span class='ocrx_word' id='word_1_541' title='bbox 1809 3697 1976 3732; x_wconf 87' lang='grc' dir='ltr'>σταυ-</span> 
     </span>
    </p>
   </div>
   <div class='ocr_carea' id='block_1_71' title="bbox 304 3764 1973 3848">
    <p class='ocr_par' dir='ltr' id='par_1_71' title="bbox 304 3764 1973 3848">
     <span class='ocr_line' id='line_1_71' title="bbox 304 3764 1973 3848; baseline -0.001 -26"><span class='ocrx_word' id='word_1_542' title='bbox 304 3768 423 3848; x_wconf 77' lang='grc' dir='ltr'>ρὸς,</span> <span class='ocrx_word' id='word_1_543' title='bbox 471 3765 769 3839; x_wconf 78' lang='grc' dir='ltr'>τουτέστιν,</span> <span class='ocrx_word' id='word_1_544' title='bbox 838 3767 875 3834; x_wconf 82' lang='grc' dir='ltr'><strong>ἡ</strong></span> <span class='ocrx_word' id='word_1_545' title='bbox 933 3771 1027 3822; x_wconf 91' lang='grc' dir='ltr'><strong>τοῦ</strong></span> <span class='ocrx_word' id='word_1_546' title='bbox 1085 3771 1311 3845; x_wconf 77' lang='grc' dir='ltr'>Χριστοῦ</span> <span class='ocrx_word' id='word_1_547' title='bbox 1358 3764 1526 3845; x_wconf 89' lang='grc' dir='ltr'>θυσία,</span> <span class='ocrx_word' id='word_1_548' title='bbox 1584 3764 1973 3843; x_wconf 78' lang='grc' dir='ltr'>ἆντεισάγεται.</span> 
     </span>
    </p>
   </div>
   <div class='ocr_carea' id='block_1_72' title="bbox 312 3854 1978 3936">
    <p class='ocr_par' dir='ltr' id='par_1_72' title="bbox 312 3854 1978 3936">
     <span class='ocr_line' id='line_1_72' title="bbox 312 3854 1978 3936; baseline -0.002 -22"><span class='ocrx_word' id='word_1_549' title='bbox 312 3882 341 3914; x_wconf 79' lang='grc' dir='ltr'>ι</span> <span class='ocrx_word' id='word_1_550' title='bbox 409 3854 501 3916; x_wconf 87' lang='grc' dir='ltr'>Ἐν</span> <span class='ocrx_word' id='word_1_551' title='bbox 556 3860 604 3931; x_wconf 83' lang='grc' dir='ltr'>ᾦ</span> <span class='ocrx_word' id='word_1_552' title='bbox 642 3855 901 3932; x_wconf 76' lang='grc' dir='ltr'>θελήματι</span> <span class='ocrx_word' id='word_1_553' title='bbox 952 3855 1270 3936; x_wconf 79' lang='grc' dir='ltr'>ἡγιασμένοι</span> <span class='ocrx_word' id='word_1_554' title='bbox 1326 3855 1510 3932; x_wconf 82' lang='grc' dir='ltr'>ἐσμέν.</span> <span class='ocrx_word' id='word_1_555' title='bbox 1560 3878 1590 3913; x_wconf 68' lang='grc' dir='ltr'><strong><em>ι</em></strong></span> <span class='ocrx_word' id='word_1_556' title='bbox 1655 3854 1739 3913; x_wconf 77' lang='grc' dir='ltr'>Δι’</span> <span class='ocrx_word' id='word_1_557' title='bbox 1789 3858 1851 3913; x_wconf 85' lang='grc' dir='ltr'>οῦ</span> <span class='ocrx_word' id='word_1_558' title='bbox 1896 3859 1978 3911; x_wconf 84' lang='grc' dir='ltr'>θε-</span> 
     </span>
    </p>
   </div>
   <div class='ocr_carea' id='block_1_73' title="bbox 306 3944 1971 4027">
    <p class='ocr_par' dir='ltr' id='par_1_73' title="bbox 306 3944 1971 4027">
     <span class='ocr_line' id='line_1_73' title="bbox 306 3944 1971 4027; baseline -0.002 -23"><span class='ocrx_word' id='word_1_559' title='bbox 306 3947 609 4021; x_wconf 72' lang='grc' dir='ltr'>λήματος,⁸</span> <span class='ocrx_word' id='word_1_560' title='bbox 671 3947 851 4027; x_wconf 70' lang='grc' dir='ltr'>φησὶν,</span> <span class='ocrx_word' id='word_1_561' title='bbox 936 3944 1253 4025; x_wconf 77' lang='grc' dir='ltr'>ἡγιασμένοι</span> <span class='ocrx_word' id='word_1_562' title='bbox 1337 3944 1476 4005; x_wconf 81' lang='grc' dir='ltr'><strong>ἐστέ.</strong></span> <span class='ocrx_word' id='word_1_563' title='bbox 1539 3946 1697 4003; x_wconf 73' lang='grc' dir='ltr'>Ποίου</span> <span class='ocrx_word' id='word_1_564' title='bbox 1752 3945 1971 4025; x_wconf 70' lang='grc' dir='ltr'>τούτου,</span> 
     </span>
    </p>
   </div>
   <div class='ocr_carea' id='block_1_74' title="bbox 309 4035 1975 4116">
    <p class='ocr_par' dir='ltr' id='par_1_74' title="bbox 309 4035 1975 4116">
     <span class='ocr_line' id='line_1_74' title="bbox 309 4035 1975 4116; baseline -0.004 -21"><span class='ocrx_word' id='word_1_565' title='bbox 309 4037 417 4095; x_wconf 78' lang='grc' dir='ltr'><strong>Τοῦ</strong></span> <span class='ocrx_word' id='word_1_566' title='bbox 501 4035 750 4115; x_wconf 83' lang='grc' dir='ltr'>σταυροῦ,</span> <span class='ocrx_word' id='word_1_567' title='bbox 834 4038 935 4102; x_wconf 82' lang='grc' dir='ltr'><strong>τῆς</strong></span> <span class='ocrx_word' id='word_1_568' title='bbox 1018 4041 1321 4116; x_wconf 79' lang='grc' dir='ltr'>προσφορᾶς</span> <span class='ocrx_word' id='word_1_569' title='bbox 1405 4041 1497 4092; x_wconf 88' lang='grc' dir='ltr'>τοῦ</span> <span class='ocrx_word' id='word_1_570' title='bbox 1580 4035 1825 4111; x_wconf 86' lang='grc' dir='ltr'>σώματος</span> <span class='ocrx_word' id='word_1_571' title='bbox 1881 4040 1975 4091; x_wconf 80' lang='grc' dir='ltr'><strong>του</strong></span> 
     </span>
    </p>
   </div>
   <div class='ocr_carea' id='block_1_75' title="bbox 312 4121 1976 4205">
    <p class='ocr_par' dir='ltr' id='par_1_75' title="bbox 312 4121 1976 4205">
     <span class='ocr_line' id='line_1_75' title="bbox 312 4121 1976 4205; baseline -0.003 -22"><span class='ocrx_word' id='word_1_572' title='bbox 312 4134 565 4205; x_wconf 78' lang='grc' dir='ltr'>Χριστοῦ.</span> <span class='ocrx_word' id='word_1_573' title='bbox 599 4128 673 4183; x_wconf 72' lang='grc' dir='ltr'>Οὔ</span> <span class='ocrx_word' id='word_1_574' title='bbox 728 4125 828 4205; x_wconf 82' lang='grc' dir='ltr'>γὰρ</span> <span class='ocrx_word' id='word_1_575' title='bbox 879 4124 1046 4200; x_wconf 88' lang='grc' dir='ltr'>μόνον</span> <span class='ocrx_word' id='word_1_576' title='bbox 1103 4124 1339 4204; x_wconf 69' lang='grc' dir='ltr'>ἀφέσεως</span> <span class='ocrx_word' id='word_1_577' title='bbox 1389 4126 1787 4205; x_wconf 76' lang='grc' dir='ltr'>τετυχήκαμεν,</span> <span class='ocrx_word' id='word_1_578' title='bbox 1840 4121 1976 4180; x_wconf 75' lang='grc' dir='ltr'>ἀλλὰ</span> 
     </span>
    </p>
   </div>
   <div class='ocr_carea' id='block_1_76' title="bbox 315 4210 1975 4294">
    <p class='ocr_par' dir='ltr' id='par_1_76' title="bbox 315 4210 1975 4294">
     <span class='ocr_line' id='line_1_76' title="bbox 315 4210 1975 4294; baseline -0.002 -23"><span class='ocrx_word' id='word_1_579' title='bbox 315 4216 404 4271; x_wconf 89' lang='grc' dir='ltr'><strong>καὶ</strong></span> <span class='ocrx_word' id='word_1_580' title='bbox 444 4215 801 4294; x_wconf 73' lang='grc' dir='ltr'>ἡγιάσθημεν.</span> <span class='ocrx_word' id='word_1_581' title='bbox 868 4235 891 4271; x_wconf 84' lang='grc' dir='ltr'><strong>ιι</strong></span> <span class='ocrx_word' id='word_1_582' title='bbox 957 4215 1017 4270; x_wconf 85' lang='lat' dir='ltr'><strong>O&#39;t</strong></span> <span class='ocrx_word' id='word_1_583' title='bbox 1074 4210 1158 4268; x_wconf 77' lang='grc' dir='ltr'>διὰ</span> <span class='ocrx_word' id='word_1_584' title='bbox 1206 4215 1304 4280; x_wconf 74' lang='grc' dir='ltr'>τῆς</span> <span class='ocrx_word' id='word_1_585' title='bbox 1335 4219 1634 4294; x_wconf 74' lang='grc' dir='ltr'>προσφορᾶς</span> <span class='ocrx_word' id='word_1_586' title='bbox 1662 4219 1756 4270; x_wconf 91' lang='grc' dir='ltr'>τοῦ</span> <span class='ocrx_word' id='word_1_587' title='bbox 1783 4212 1975 4287; x_wconf 87' lang='grc' dir='ltr'>σώμα-</span> 
     </span>
    </p>
   </div>
   <div class='ocr_carea' id='block_1_77' title="bbox 318 4300 1977 4383">
    <p class='ocr_par' dir='ltr' id='par_1_77' title="bbox 318 4300 1977 4383">
     <span class='ocr_line' id='line_1_77' title="bbox 318 4300 1977 4383; baseline -0.002 -24"><span class='ocrx_word' id='word_1_588' title='bbox 318 4325 409 4365; x_wconf 86' lang='grc' dir='ltr'>τος</span> <span class='ocrx_word' id='word_1_589' title='bbox 452 4303 632 4371; x_wconf 83' lang='grc' dir='ltr'>Ἰησοῦ</span> <span class='ocrx_word' id='word_1_590' title='bbox 694 4309 938 4383; x_wconf 77' lang='grc' dir='ltr'>Χριστοῦ.</span> <span class='ocrx_word' id='word_1_591' title='bbox 980 4324 1008 4358; x_wconf 64' lang='grc' dir='ltr'><strong><em>ι</em></strong></span> <span class='ocrx_word' id='word_1_592' title='bbox 1045 4300 1178 4360; x_wconf 81' lang='grc' dir='ltr'><strong>ἰδοὺ</strong></span> <span class='ocrx_word' id='word_1_593' title='bbox 1232 4303 1558 4383; x_wconf 73' lang='grc' dir='ltr'>ἡρμήνευσε,</span> <span class='ocrx_word' id='word_1_594' title='bbox 1614 4303 1663 4359; x_wconf 86' lang='grc' dir='ltr'>τί</span> <span class='ocrx_word' id='word_1_595' title='bbox 1718 4300 1858 4357; x_wconf 81' lang='grc' dir='ltr'>ἐστιν</span> <span class='ocrx_word' id='word_1_596' title='bbox 1915 4302 1977 4358; x_wconf 81' lang='grc' dir='ltr'><strong>τὸ</strong></span> 
     </span>
    </p>
   </div>
   <div class='ocr_carea' id='block_1_78' title="bbox 324 4390 1977 4473">
    <p class='ocr_par' dir='ltr' id='par_1_78' title="bbox 324 4390 1977 4473">
     <span class='ocr_line' id='line_1_78' title="bbox 324 4390 1977 4473; baseline -0.001 -25"><span class='ocrx_word' id='word_1_597' title='bbox 324 4391 529 4469; x_wconf 74' lang='grc' dir='ltr'>θέλημα</span> <span class='ocrx_word' id='word_1_598' title='bbox 593 4395 690 4451; x_wconf 85' lang='grc' dir='ltr'><strong>τοῦ</strong></span> <span class='ocrx_word' id='word_1_599' title='bbox 758 4390 965 4473; x_wconf 88' lang='grc' dir='ltr'>Πατρός</span> <span class='ocrx_word' id='word_1_600' title='bbox 1000 4412 1016 4429; x_wconf 78' lang='grc' dir='ltr'><strong>ο</strong></span> <span class='ocrx_word' id='word_1_601' title='bbox 1084 4393 1119 4461; x_wconf 72' lang='grc' dir='ltr'><strong>ἡ</strong></span> <span class='ocrx_word' id='word_1_602' title='bbox 1198 4392 1470 4473; x_wconf 71' lang='grc' dir='ltr'>προσφορὰ</span> <span class='ocrx_word' id='word_1_603' title='bbox 1551 4398 1644 4449; x_wconf 90' lang='grc' dir='ltr'>τοῦ</span> <span class='ocrx_word' id='word_1_604' title='bbox 1729 4391 1977 4467; x_wconf 86' lang='grc' dir='ltr'>σώματος</span> 
     </span>
    </p>
   </div>
   <div class='ocr_carea' id='block_1_79' title="bbox 2049 3309 3708 3391">
    <p class='ocr_par' dir='ltr' id='par_1_79' title="bbox 2049 3309 3708 3391">
     <span class='ocr_line' id='line_1_79' title="bbox 2049 3309 3708 3391; baseline 0.004 -20"><span class='ocrx_word' id='word_1_605' title='bbox 2049 3309 2356 3383; x_wconf 91' lang='lat' dir='ltr'><strong>Quodnam</strong></span> <span class='ocrx_word' id='word_1_606' title='bbox 2392 3319 2480 3373; x_wconf 91' lang='lat' dir='ltr'><strong>est</strong></span> <span class='ocrx_word' id='word_1_607' title='bbox 2532 3311 2736 3391; x_wconf 80' lang='lat' dir='ltr'><strong>prius?</strong></span> <span class='ocrx_word' id='word_1_608' title='bbox 2786 3310 3107 3374; x_wconf 78' lang='lat' dir='ltr'><strong>Sacriﬁcia.</strong></span> <span class='ocrx_word' id='word_1_609' title='bbox 3164 3309 3472 3384; x_wconf 91' lang='lat' dir='ltr'><strong>Quodnam</strong></span> <span class='ocrx_word' id='word_1_610' title='bbox 3510 3323 3708 3377; x_wconf 90' lang='lat' dir='ltr'><strong>autem</strong></span> 
     </span>
    </p>
   </div>
   <div class='ocr_carea' id='block_1_80' title="bbox 2049 3398 3704 3483">
    <p class='ocr_par' dir='ltr' id='par_1_80' title="bbox 2049 3398 3704 3483">
     <span class='ocr_line' id='line_1_80' title="bbox 2049 3398 3704 3483; baseline 0.003 -22"><span class='ocrx_word' id='word_1_611' title='bbox 2049 3408 2139 3462; x_wconf 92' lang='lat' dir='ltr'><strong>est</strong></span> <span class='ocrx_word' id='word_1_612' title='bbox 2170 3398 2513 3480; x_wconf 71' lang='lat' dir='ltr'><strong>posterius?</strong></span> <span class='ocrx_word' id='word_1_613' title='bbox 2546 3399 2697 3462; x_wconf 86' lang='lat' dir='ltr'><strong>Crux</strong></span> <span class='ocrx_word' id='word_1_614' title='bbox 2758 3408 2816 3462; x_wconf 91' lang='lat' dir='ltr'><strong>et</strong></span> <span class='ocrx_word' id='word_1_615' title='bbox 2876 3419 3036 3462; x_wconf 88' lang='lat' dir='ltr'><strong>mors</strong></span> <span class='ocrx_word' id='word_1_616' title='bbox 3079 3398 3315 3464; x_wconf 89' lang='lat' dir='ltr'><strong>Christi.</strong></span> <span class='ocrx_word' id='word_1_617' title='bbox 3366 3402 3704 3483; x_wconf 86' lang='lat' dir='ltr'><strong>Ejiciuntur</strong></span> 
     </span>
    </p>
   </div>
   <div class='ocr_carea' id='block_1_81' title="bbox 2058 3487 3708 3569">
    <p class='ocr_par' dir='ltr' id='par_1_81' title="bbox 2058 3487 3708 3569">
     <span class='ocr_line' id='line_1_81' title="bbox 2058 3487 3708 3569; baseline 0.004 -21"><span class='ocrx_word' id='word_1_618' title='bbox 2058 3487 2261 3569; x_wconf 84' lang='lat' dir='ltr'><strong>itaque</strong></span> <span class='ocrx_word' id='word_1_619' title='bbox 2292 3488 2628 3550; x_wconf 90' lang='lat' dir='ltr'><strong>sacriﬁcia:</strong></span> <span class='ocrx_word' id='word_1_620' title='bbox 2667 3497 2723 3550; x_wconf 93' lang='lat' dir='ltr'><strong>et</strong></span> <span class='ocrx_word' id='word_1_621' title='bbox 2753 3508 2918 3568; x_wconf 85' lang='lat' dir='ltr'><strong>crux,</strong></span> <span class='ocrx_word' id='word_1_622' title='bbox 2961 3489 3075 3550; x_wconf 90' lang='lat' dir='ltr'><strong>hoc</strong></span> <span class='ocrx_word' id='word_1_623' title='bbox 3117 3498 3207 3552; x_wconf 90' lang='lat' dir='ltr'><strong>est</strong></span> <span class='ocrx_word' id='word_1_624' title='bbox 3237 3489 3451 3554; x_wconf 87' lang='lat' dir='ltr'><strong>Christi</strong></span> <span class='ocrx_word' id='word_1_625' title='bbox 3483 3494 3708 3555; x_wconf 88' lang='lat' dir='ltr'><strong>sacriﬁ-</strong></span> 
     </span>
    </p>
   </div>
   <div class='ocr_carea' id='block_1_82' title="bbox 2059 3576 3712 3661">
    <p class='ocr_par' dir='ltr' id='par_1_82' title="bbox 2059 3576 3712 3661">
     <span class='ocr_line' id='line_1_82' title="bbox 2059 3576 3712 3661; baseline 0.004 -22"><span class='ocrx_word' id='word_1_626' title='bbox 2059 3576 2239 3650; x_wconf 83' lang='lat' dir='ltr'><strong>cium,</strong></span> <span class='ocrx_word' id='word_1_627' title='bbox 2261 3596 2466 3639; x_wconf 87' lang='lat' dir='ltr'><strong>eorum</strong></span> <span class='ocrx_word' id='word_1_628' title='bbox 2501 3579 2626 3638; x_wconf 91' lang='lat' dir='ltr'><strong>loco</strong></span> <span class='ocrx_word' id='word_1_629' title='bbox 2658 3577 3077 3642; x_wconf 88' lang='lat' dir='ltr'><strong>introducitur.</strong></span> <span class='ocrx_word' id='word_1_630' title='bbox 3117 3602 3142 3635; x_wconf 80' lang='grc' dir='ltr'>(ι</span> <span class='ocrx_word' id='word_1_631' title='bbox 3176 3577 3290 3641; x_wconf 91' lang='lat' dir='ltr'><strong>Per</strong></span> <span class='ocrx_word' id='word_1_632' title='bbox 3319 3599 3494 3661; x_wconf 91' lang='lat' dir='ltr'><strong>quam</strong></span> <span class='ocrx_word' id='word_1_633' title='bbox 3510 3583 3712 3645; x_wconf 89' lang='lat' dir='ltr'><strong>volun-</strong></span> 
     </span>
    </p>
   </div>
   <div class='ocr_carea' id='block_1_83' title="bbox 2062 3667 3709 3750">
    <p class='ocr_par' dir='ltr' id='par_1_83' title="bbox 2062 3667 3709 3750">
     <span class='ocr_line' id='line_1_83' title="bbox 2062 3667 3709 3750; baseline 0.003 -20"><span class='ocrx_word' id='word_1_634' title='bbox 2062 3677 2239 3730; x_wconf 88' lang='lat' dir='ltr'><strong>tatem</strong></span> <span class='ocrx_word' id='word_1_635' title='bbox 2272 3667 2622 3729; x_wconf 87' lang='lat' dir='ltr'><strong>sanctiﬁcati</strong></span> <span class='ocrx_word' id='word_1_636' title='bbox 2650 3686 2878 3730; x_wconf 91' lang='lat' dir='ltr'><strong>sumus.</strong></span> <span class='ocrx_word' id='word_1_637' title='bbox 2916 3693 2942 3723; x_wconf 71' lang='grc' dir='ltr'><strong>ιι</strong></span> <span class='ocrx_word' id='word_1_638' title='bbox 2971 3667 3085 3729; x_wconf 89' lang='lat' dir='ltr'><strong>Per</strong></span> <span class='ocrx_word' id='word_1_639' title='bbox 3114 3687 3314 3749; x_wconf 90' lang='lat' dir='ltr'><strong>quam,</strong></span> <span class='ocrx_word' id='word_1_640' title='bbox 3346 3671 3562 3750; x_wconf 86' lang='lat' dir='ltr'><strong>inquit,</strong></span> <span class='ocrx_word' id='word_1_641' title='bbox 3599 3692 3709 3735; x_wconf 85' lang='lat' dir='ltr'><strong>vo-</strong></span> 
     </span>
    </p>
   </div>
   <div class='ocr_carea' id='block_1_84' title="bbox 2059 3756 3707 3840">
    <p class='ocr_par' dir='ltr' id='par_1_84' title="bbox 2059 3756 3707 3840">
     <span class='ocr_line' id='line_1_84' title="bbox 2059 3756 3707 3840; baseline 0.004 -22"><span class='ocrx_word' id='word_1_642' title='bbox 2059 3757 2708 3823; x_wconf 76' lang='lat' dir='ltr'><strong>luntatemfsanctiﬁcati</strong></span> <span class='ocrx_word' id='word_1_643' title='bbox 2740 3756 2905 3821; x_wconf 91' lang='lat' dir='ltr'><strong>estis.</strong></span> <span class='ocrx_word' id='word_1_644' title='bbox 2923 3756 3206 3830; x_wconf 61' lang='lat' dir='ltr'><strong>Quianam</strong></span> <span class='ocrx_word' id='word_1_645' title='bbox 3226 3768 3315 3819; x_wconf 90' lang='lat' dir='ltr'><strong>est</strong></span> <span class='ocrx_word' id='word_1_646' title='bbox 3337 3759 3503 3823; x_wconf 59' lang='lat' dir='ltr'><strong>haec?</strong></span> <span class='ocrx_word' id='word_1_647' title='bbox 3525 3762 3707 3840; x_wconf 80' lang='lat' dir='ltr'><strong>Crux,</strong></span> 
     </span>
    </p>
   </div>
   <div class='ocr_carea' id='block_1_85' title="bbox 2058 3846 3708 3927">
    <p class='ocr_par' dir='ltr' id='par_1_85' title="bbox 2058 3846 3708 3927">
     <span class='ocr_line' id='line_1_85' title="bbox 2058 3846 3708 3927; baseline 0.002 -19"><span class='ocrx_word' id='word_1_648' title='bbox 2058 3846 2300 3922; x_wconf 76' lang='lat' dir='ltr'><strong>oblatio,</strong></span> <span class='ocrx_word' id='word_1_649' title='bbox 2336 3863 2554 3926; x_wconf 89' lang='lat' dir='ltr'><strong>corpus</strong></span> <span class='ocrx_word' id='word_1_650' title='bbox 2592 3846 3050 3927; x_wconf 88' lang='lat' dir='ltr'><strong>Christi.Neque</strong></span> <span class='ocrx_word' id='word_1_651' title='bbox 3083 3846 3240 3908; x_wconf 92' lang='lat' dir='ltr'><strong>enim</strong></span> <span class='ocrx_word' id='word_1_652' title='bbox 3292 3850 3708 3912; x_wconf 88' lang='lat' dir='ltr'><strong>remissionem</strong></span> 
     </span>
    </p>
   </div>
   <div class='ocr_carea' id='block_1_86' title="bbox 2060 3936 3707 4012">
    <p class='ocr_par' dir='ltr' id='par_1_86' title="bbox 2060 3936 3707 4012">
     <span class='ocr_line' id='line_1_86' title="bbox 2060 3936 3707 4012; baseline 0.003 -15"><span class='ocrx_word' id='word_1_653' title='bbox 2060 3944 2286 3998; x_wconf 89' lang='lat' dir='ltr'><strong>tantum</strong></span> <span class='ocrx_word' id='word_1_654' title='bbox 2321 3936 2626 3997; x_wconf 88' lang='lat' dir='ltr'><strong>consecuti</strong></span> <span class='ocrx_word' id='word_1_655' title='bbox 2656 3937 2995 4012; x_wconf 88' lang='lat' dir='ltr'><strong>sumus,sed</strong></span> <span class='ocrx_word' id='word_1_656' title='bbox 3019 3945 3077 3997; x_wconf 88' lang='lat' dir='ltr'><strong>et</strong></span> <span class='ocrx_word' id='word_1_657' title='bbox 3092 3937 3443 4000; x_wconf 77' lang='lat' dir='ltr'><strong>sanctiﬁcati</strong></span> <span class='ocrx_word' id='word_1_658' title='bbox 3475 3958 3707 4002; x_wconf 86' lang='lat' dir='ltr'><strong>sumus.</strong></span> 
     </span>
    </p>
   </div>
   <div class='ocr_carea' id='block_1_87' title="bbox 2065 4024 3704 4106">
    <p class='ocr_par' dir='ltr' id='par_1_87' title="bbox 2065 4024 3704 4106">
     <span class='ocr_line' id='line_1_87' title="bbox 2065 4024 3704 4106; baseline 0.003 -24"><span class='ocrx_word' id='word_1_659' title='bbox 2065 4052 2091 4082; x_wconf 74' lang='grc' dir='ltr'><strong>α</strong></span> <span class='ocrx_word' id='word_1_660' title='bbox 2129 4025 2241 4098; x_wconf 88' lang='lat' dir='ltr'><strong>Qui</strong></span> <span class='ocrx_word' id='word_1_661' title='bbox 2279 4025 2440 4086; x_wconf 89' lang='lat' dir='ltr'><strong>illam</strong></span> <span class='ocrx_word' id='word_1_662' title='bbox 2473 4042 2578 4105; x_wconf 92' lang='lat' dir='ltr'><strong>per</strong></span> <span class='ocrx_word' id='word_1_663' title='bbox 2599 4024 2960 4086; x_wconf 82' lang='lat' dir='ltr'><strong>oblationem</strong></span> <span class='ocrx_word' id='word_1_664' title='bbox 2980 4025 3398 4106; x_wconf 85' lang='lat' dir='ltr'><strong>corporisJesu</strong></span> <span class='ocrx_word' id='word_1_665' title='bbox 3422 4025 3704 4093; x_wconf 67' lang='lat' dir='ltr'><strong>Christi.»</strong></span> 
     </span>
    </p>
   </div>
   <div class='ocr_carea' id='block_1_88' title="bbox 2059 4114 3708 4195">
    <p class='ocr_par' dir='ltr' id='par_1_88' title="bbox 2059 4114 3708 4195">
     <span class='ocr_line' id='line_1_88' title="bbox 2059 4114 3708 4195; baseline 0.002 -17"><span class='ocrx_word' id='word_1_666' title='bbox 2059 4120 2219 4178; x_wconf 82' lang='lat' dir='ltr'><strong>Ecce</strong></span> <span class='ocrx_word' id='word_1_667' title='bbox 2267 4114 3076 4195; x_wconf 73' lang='lat' dir='ltr'><strong>interpretatusestquaznam</strong></span> <span class='ocrx_word' id='word_1_668' title='bbox 3111 4116 3468 4178; x_wconf 87' lang='lat' dir='ltr'><strong>sitvoluntas</strong></span> <span class='ocrx_word' id='word_1_669' title='bbox 3501 4119 3708 4193; x_wconf 80' lang='lat' dir='ltr'><strong>Patris,</strong></span> 
     </span>
    </p>
   </div>
   <div class='ocr_carea' id='block_1_89' title="bbox 2060 4202 3711 4287">
    <p class='ocr_par' dir='ltr' id='par_1_89' title="bbox 2060 4202 3711 4287">
     <span class='ocr_line' id='line_1_89' title="bbox 2060 4202 3711 4287; baseline 0.002 -21"><span class='ocrx_word' id='word_1_670' title='bbox 2060 4221 2278 4283; x_wconf 87' lang='lat' dir='ltr'><strong>nempe</strong></span> <span class='ocrx_word' id='word_1_671' title='bbox 2296 4204 2519 4265; x_wconf 89' lang='lat' dir='ltr'><strong>oblatio</strong></span> <span class='ocrx_word' id='word_1_672' title='bbox 2548 4202 2814 4284; x_wconf 89' lang='lat' dir='ltr'><strong>corporis</strong></span> <span class='ocrx_word' id='word_1_673' title='bbox 2833 4202 3072 4266; x_wconf 86' lang='lat' dir='ltr'><strong>Christi.</strong></span> <span class='ocrx_word' id='word_1_674' title='bbox 3109 4203 3252 4267; x_wconf 87' lang='lat' dir='ltr'><strong>Cum</strong></span> <span class='ocrx_word' id='word_1_675' title='bbox 3281 4205 3438 4266; x_wconf 85' lang='lat' dir='ltr'><strong>enim</strong></span> <span class='ocrx_word' id='word_1_676' title='bbox 3465 4205 3526 4267; x_wconf 92' lang='lat' dir='ltr'><strong>in</strong></span> <span class='ocrx_word' id='word_1_677' title='bbox 3561 4226 3711 4287; x_wconf 74' lang='lat' dir='ltr'><strong>prte-</strong></span> 
     </span>
    </p>
   </div>
   <div class='ocr_carea' id='block_1_90' title="bbox 2059 4292 3709 4375">
    <p class='ocr_par' dir='ltr' id='par_1_90' title="bbox 2059 4292 3709 4375">
     <span class='ocr_line' id='line_1_90' title="bbox 2059 4292 3709 4375; baseline 0.001 -18"><span class='ocrx_word' id='word_1_678' title='bbox 2059 4294 2409 4357; x_wconf 87' lang='lat' dir='ltr'><strong>cedentibus</strong></span> <span class='ocrx_word' id='word_1_679' title='bbox 2463 4302 2523 4356; x_wconf 90' lang='lat' dir='ltr'><strong>et</strong></span> <span class='ocrx_word' id='word_1_680' title='bbox 2570 4292 2958 4373; x_wconf 85' lang='lat' dir='ltr'><strong>sequentibus</strong></span> <span class='ocrx_word' id='word_1_681' title='bbox 3008 4293 3082 4355; x_wconf 90' lang='lat' dir='ltr'><strong>de</strong></span> <span class='ocrx_word' id='word_1_682' title='bbox 3139 4293 3437 4356; x_wconf 79' lang='lat' dir='ltr'><strong>voluntate</strong></span> <span class='ocrx_word' id='word_1_683' title='bbox 3467 4296 3709 4375; x_wconf 85' lang='lat' dir='ltr'><strong>dixerit,</strong></span> 
     </span>
    </p>
   </div>
   <div class='ocr_carea' id='block_1_91' title="bbox 2060 4381 3713 4465">
    <p class='ocr_par' dir='ltr' id='par_1_91' title="bbox 2060 4381 3713 4465">
     <span class='ocr_line' id='line_1_91' title="bbox 2060 4381 3713 4465; baseline 0.001 -20"><span class='ocrx_word' id='word_1_684' title='bbox 2060 4390 2499 4465; x_wconf 89' lang='lat' dir='ltr'><strong>consequenter</strong></span> <span class='ocrx_word' id='word_1_685' title='bbox 2529 4381 2823 4463; x_wconf 86' lang='lat' dir='ltr'><strong>expressit</strong></span> <span class='ocrx_word' id='word_1_686' title='bbox 2858 4400 2990 4463; x_wconf 61' lang='lat' dir='ltr'><strong>qua;</strong></span> <span class='ocrx_word' id='word_1_687' title='bbox 3018 4382 3096 4444; x_wconf 88' lang='lat' dir='ltr'><strong>sit</strong></span> <span class='ocrx_word' id='word_1_688' title='bbox 3125 4383 3413 4445; x_wconf 88' lang='lat' dir='ltr'><strong>voluntas.</strong></span> <span class='ocrx_word' id='word_1_689' title='bbox 3451 4409 3475 4439; x_wconf 81' lang='grc' dir='ltr'><strong>α</strong></span> <span class='ocrx_word' id='word_1_690' title='bbox 3513 4384 3713 4449; x_wconf 92' lang='lat' dir='ltr'><strong>Semel</strong></span> 
     </span>
    </p>
   </div>
   <div class='ocr_carea' id='block_1_92' title="bbox 328 4467 1970 4563">
    <p class='ocr_par' dir='ltr' id='par_1_92' title="bbox 328 4467 1970 4563">
     <span class='ocr_line' id='line_1_92' title="bbox 328 4467 1970 4563; baseline -0.001 -26"><span class='ocrx_word' id='word_1_691' title='bbox 328 4488 420 4538; x_wconf 68' lang='grc' dir='ltr'><strong>⁸τοῦ</strong></span> <span class='ocrx_word' id='word_1_692' title='bbox 459 4467 709 4563; x_wconf 72' lang='grc' dir='ltr'>Χριστοῦ.</span> <span class='ocrx_word' id='word_1_693' title='bbox 762 4467 981 4548; x_wconf 73' lang='grc' dir='ltr'>Ἐπειδὴ</span> <span class='ocrx_word' id='word_1_694' title='bbox 1040 4481 1139 4561; x_wconf 79' lang='grc' dir='ltr'>γὰρ</span> <span class='ocrx_word' id='word_1_695' title='bbox 1209 4467 1320 4537; x_wconf 75' lang='grc' dir='ltr'><strong>ἄνω</strong></span> <span class='ocrx_word' id='word_1_696' title='bbox 1352 4467 1463 4537; x_wconf 47' lang='lat' dir='ltr'><strong>stati</strong></span> <span class='ocrx_word' id='word_1_697' title='bbox 1518 4481 1666 4537; x_wconf 86' lang='grc' dir='ltr'>κάτω</span> <span class='ocrx_word' id='word_1_698' title='bbox 1706 4480 1825 4560; x_wconf 81' lang='grc' dir='ltr'>περὶ</span> <span class='ocrx_word' id='word_1_699' title='bbox 1886 4481 1970 4536; x_wconf 89' lang='grc' dir='ltr'>θε-</span> 
     </span>
    </p>
   </div>
   <div class='ocr_carea' id='block_1_93' title="bbox 2054 4467 3712 4563">
    <p class='ocr_par' dir='ltr' id='par_1_93' title="bbox 2060 4469 3712 4556">
     <span class='ocr_line' id='line_1_93' title="bbox 2060 4469 3712 4556; baseline 0.002 -21"><span class='ocrx_word' id='word_1_700' title='bbox 2060 4483 2381 4556; x_wconf 89' lang='lat' dir='ltr'><strong>peractam.</strong></span> <span class='ocrx_word' id='word_1_701' title='bbox 2419 4496 2440 4529; x_wconf 87' lang='grc' dir='ltr'><strong>ι</strong></span> <span class='ocrx_word' id='word_1_702' title='bbox 2477 4469 2601 4534; x_wconf 90' lang='lat' dir='ltr'><strong>Hoc</strong></span> <span class='ocrx_word' id='word_1_703' title='bbox 2632 4480 2743 4547; x_wconf 89' lang='lat' dir='ltr'><strong>est,</strong></span> <span class='ocrx_word' id='word_1_704' title='bbox 2779 4491 2897 4533; x_wconf 94' lang='lat' dir='ltr'><strong>non</strong></span> <span class='ocrx_word' id='word_1_705' title='bbox 2937 4472 2996 4534; x_wconf 92' lang='lat' dir='ltr'><strong>in</strong></span> <span class='ocrx_word' id='word_1_706' title='bbox 3030 4471 3272 4534; x_wconf 88' lang='lat' dir='ltr'><strong>modum</strong></span> <span class='ocrx_word' id='word_1_707' title='bbox 3329 4474 3712 4538; x_wconf 86' lang='lat' dir='ltr'><strong>Judaicorum</strong></span> 
     </span>
    </p>
   </div>
   <div class='ocr_carea' id='block_1_94' title="bbox 333 4560 1970 4650">
    <p class='ocr_par' dir='ltr' id='par_1_94' title="bbox 333 4560 1970 4650">
     <span class='ocr_line' id='line_1_94' title="bbox 333 4560 1970 4650; baseline -0.001 -25"><span class='ocrx_word' id='word_1_708' title='bbox 333 4560 566 4646; x_wconf 73' lang='grc' dir='ltr'>λήματος</span> <span class='ocrx_word' id='word_1_709' title='bbox 621 4568 826 4650; x_wconf 77' lang='grc' dir='ltr'>ἔλεγεν,</span> <span class='ocrx_word' id='word_1_710' title='bbox 886 4570 1012 4627; x_wconf 78' lang='grc' dir='ltr'>εἶπε</span> <span class='ocrx_word' id='word_1_711' title='bbox 1058 4560 1277 4645; x_wconf 85' lang='grc' dir='ltr'>λοιπὸν,</span> <span class='ocrx_word' id='word_1_712' title='bbox 1349 4569 1402 4625; x_wconf 89' lang='grc' dir='ltr'><strong>τί</strong></span> <span class='ocrx_word' id='word_1_713' title='bbox 1468 4568 1578 4625; x_wconf 78' lang='grc' dir='ltr'>ἐστι</span> <span class='ocrx_word' id='word_1_714' title='bbox 1627 4570 1690 4625; x_wconf 84' lang='grc' dir='ltr'>τὸ</span> <span class='ocrx_word' id='word_1_715' title='bbox 1741 4567 1970 4645; x_wconf 81' lang='grc' dir='ltr'>θέλημα.</span> 
     </span>
    </p>
   </div>
   <div class='ocr_carea' id='block_1_95' title="bbox 2054 4560 3712 4650">
    <p class='ocr_par' dir='ltr' id='par_1_95' title="bbox 2058 4560 3712 4650">
     <span class='ocr_line' id='line_1_95' title="bbox 2058 4560 3712 4650; baseline 0.001 -24"><span class='ocrx_word' id='word_1_716' title='bbox 2058 4560 2649 4650; x_wconf 34' lang='grc' dir='ltr'><strong>εδοιῆὶοὶοτυιηηεοιί</strong></span> <span class='ocrx_word' id='word_1_717' title='bbox 2682 4565 2889 4650; x_wconf 87' lang='lat' dir='ltr'><strong>semel</strong></span> <span class='ocrx_word' id='word_1_718' title='bbox 2932 4561 2992 4623; x_wconf 92' lang='lat' dir='ltr'><strong>id</strong></span> <span class='ocrx_word' id='word_1_719' title='bbox 3043 4562 3258 4623; x_wconf 84' lang='lat' dir='ltr'><strong>factum</strong></span> <span class='ocrx_word' id='word_1_720' title='bbox 3304 4570 3416 4625; x_wconf 88' lang='lat' dir='ltr'><strong>est.</strong></span> <span class='ocrx_word' id='word_1_721' title='bbox 3460 4588 3481 4620; x_wconf 76' lang='grc' dir='ltr'><strong>ι</strong></span> <span class='ocrx_word' id='word_1_722' title='bbox 3510 4566 3712 4627; x_wconf 90' lang='lat' dir='ltr'><strong>Semel</strong></span> 
     </span>
    </p>
   </div>
   <div class='ocr_carea' id='block_1_96' title="bbox 340 4648 1970 4742">
    <p class='ocr_par' dir='ltr' id='par_1_96' title="bbox 340 4648 1970 4742">
     <span class='ocr_line' id='line_1_96' title="bbox 340 4648 1970 4742; baseline -0.004 -24"><span class='ocrx_word' id='word_1_723' title='bbox 340 4679 372 4718; x_wconf 72' lang='grc' dir='ltr'>ι</span> <span class='ocrx_word' id='word_1_724' title='bbox 425 4659 685 4741; x_wconf 76' lang='grc' dir='ltr'>Ἐφάπαξ,</span> <span class='ocrx_word' id='word_1_725' title='bbox 727 4648 761 4719; x_wconf 12' lang='grc' dir='ltr'><strong>ἡ»</strong></span> <span class='ocrx_word' id='word_1_726' title='bbox 822 4661 977 4742; x_wconf 77' lang='grc' dir='ltr'>φησὶ,</span> <span class='ocrx_word' id='word_1_727' title='bbox 1034 4659 1328 4740; x_wconf 84' lang='grc' dir='ltr'>τουτέστιν,</span> <span class='ocrx_word' id='word_1_728' title='bbox 1374 4661 1434 4718; x_wconf 75' lang='grc' dir='ltr'><strong>οὐ</strong></span> <span class='ocrx_word' id='word_1_729' title='bbox 1488 4659 1624 4716; x_wconf 79' lang='grc' dir='ltr'>κατὰ</span> <span class='ocrx_word' id='word_1_730' title='bbox 1646 4660 1739 4715; x_wconf 83' lang='grc' dir='ltr'><strong>τὸν</strong></span> <span class='ocrx_word' id='word_1_731' title='bbox 1783 4659 1970 4738; x_wconf 79' lang='grc' dir='ltr'>τρόπον</span> 
     </span>
    </p>
   </div>
   <div class='ocr_carea' id='block_1_97' title="bbox 2054 4648 3713 4742">
    <p class='ocr_par' dir='ltr' id='par_1_97' title="bbox 2061 4648 3713 4735">
     <span class='ocr_line' id='line_1_97' title="bbox 2061 4648 3713 4735; baseline 0.001 -20"><span class='ocrx_word' id='word_1_732' title='bbox 2061 4659 2385 4735; x_wconf 90' lang='lat' dir='ltr'><strong>peractam.</strong></span> <span class='ocrx_word' id='word_1_733' title='bbox 2428 4676 2450 4709; x_wconf 77' lang='grc' dir='ltr'>ιο</span> <span class='ocrx_word' id='word_1_734' title='bbox 2514 4648 2624 4722; x_wconf 89' lang='lat' dir='ltr'><strong>Qui</strong></span> <span class='ocrx_word' id='word_1_735' title='bbox 2676 4649 2836 4712; x_wconf 91' lang='lat' dir='ltr'><strong>illam</strong></span> <span class='ocrx_word' id='word_1_736' title='bbox 2896 4669 3003 4732; x_wconf 92' lang='lat' dir='ltr'><strong>per</strong></span> <span class='ocrx_word' id='word_1_737' title='bbox 3044 4650 3405 4714; x_wconf 88' lang='lat' dir='ltr'><strong>oblationem</strong></span> <span class='ocrx_word' id='word_1_738' title='bbox 3442 4654 3713 4735; x_wconf 89' lang='lat' dir='ltr'><strong>corporis</strong></span> 
     </span>
    </p>
   </div>
   <div class='ocr_carea' id='block_1_98' title="bbox 333 4740 1970 4830">
    <p class='ocr_par' dir='ltr' id='par_1_98' title="bbox 333 4740 1970 4830">
     <span class='ocr_line' id='line_1_98' title="bbox 333 4740 1970 4830; baseline -0.001 -24"><span class='ocrx_word' id='word_1_739' title='bbox 333 4756 433 4809; x_wconf 78' lang='grc' dir='ltr'><strong>τῶν</strong></span> <span class='ocrx_word' id='word_1_740' title='bbox 460 4740 764 4809; x_wconf 75' lang='grc' dir='ltr'>Ἰουδαϊκῶν</span> <span class='ocrx_word' id='word_1_741' title='bbox 790 4740 1004 4824; x_wconf 81' lang='grc' dir='ltr'>θυσιῶν,</span> <span class='ocrx_word' id='word_1_742' title='bbox 1063 4745 1183 4806; x_wconf 76' lang='grc' dir='ltr'>ἀλλ’</span> <span class='ocrx_word' id='word_1_743' title='bbox 1239 4746 1462 4830; x_wconf 71' lang='grc' dir='ltr'>ἐφάπαξ.</span> <span class='ocrx_word' id='word_1_744' title='bbox 1504 4767 1527 4803; x_wconf 76' lang='grc' dir='ltr'><strong>α</strong></span> <span class='ocrx_word' id='word_1_745' title='bbox 1563 4745 1686 4828; x_wconf 72' lang='grc' dir='ltr'><strong>Ἐφ,</strong></span> <span class='ocrx_word' id='word_1_746' title='bbox 1744 4745 1907 4813; x_wconf 75' lang='grc' dir='ltr'>ἅπαξ.</span> <span class='ocrx_word' id='word_1_747' title='bbox 1944 4770 1970 4805; x_wconf 77' lang='grc' dir='ltr'><strong><em>ι</em></strong></span> 
     </span>
    </p>
   </div>
   <div class='ocr_carea' id='block_1_99' title="bbox 2054 4740 3712 4830">
    <p class='ocr_par' dir='ltr' id='par_1_99' title="bbox 2061 4740 3712 4821">
     <span class='ocr_line' id='line_1_99' title="bbox 2061 4740 3712 4821; baseline -0.001 -15"><span class='ocrx_word' id='word_1_748' title='bbox 2061 4744 2201 4807; x_wconf 81' lang='lat' dir='ltr'><strong>Jesu</strong></span> <span class='ocrx_word' id='word_1_749' title='bbox 2277 4740 2495 4805; x_wconf 87' lang='lat' dir='ltr'><strong>Christi</strong></span> <span class='ocrx_word' id='word_1_750' title='bbox 2568 4740 2791 4802; x_wconf 86' lang='lat' dir='ltr'><strong>semel&#39;</strong></span> <span class='ocrx_word' id='word_1_751' title='bbox 2844 4747 3141 4821; x_wconf 86' lang='lat' dir='ltr'><strong>peractam</strong></span> <span class='ocrx_word' id='word_1_752' title='bbox 3216 4742 3522 4804; x_wconf 89' lang='lat' dir='ltr'><strong>consecuti</strong></span> <span class='ocrx_word' id='word_1_753' title='bbox 3604 4762 3712 4806; x_wconf 64' lang='lat' dir='ltr'><strong>suo</strong></span> 
     </span>
    </p>
   </div>
   <div class='ocr_carea' id='block_1_100' title="bbox 329 4836 2217 4921">
    <p class='ocr_par' dir='ltr' id='par_1_100' title="bbox 329 4836 2217 4921">
     <span class='ocr_line' id='line_1_100' title="bbox 329 4836 2217 4921; baseline -0.002 -22"><span class='ocrx_word' id='word_1_754' title='bbox 329 4842 390 4899; x_wconf 79' lang='grc' dir='ltr'><strong>Οἱ</strong></span> <span class='ocrx_word' id='word_1_755' title='bbox 440 4838 524 4897; x_wconf 79' lang='grc' dir='ltr'><strong>διὰ</strong></span> <span class='ocrx_word' id='word_1_756' title='bbox 578 4844 679 4907; x_wconf 79' lang='grc' dir='ltr'><strong>τῆς</strong></span> <span class='ocrx_word' id='word_1_757' title='bbox 720 4836 924 4921; x_wconf 75' lang='grc' dir='ltr'>ἐφάπαξ</span> <span class='ocrx_word' id='word_1_758' title='bbox 983 4844 1284 4921; x_wconf 74' lang='grc' dir='ltr'>προσφορᾶς</span> <span class='ocrx_word' id='word_1_759' title='bbox 1354 4843 1449 4895; x_wconf 88' lang='grc' dir='ltr'><strong>τοῦ</strong></span> <span class='ocrx_word' id='word_1_760' title='bbox 1504 4836 1751 4913; x_wconf 82' lang='grc' dir='ltr'>σώματος</span> <span class='ocrx_word' id='word_1_761' title='bbox 1803 4837 1981 4905; x_wconf 80' lang='grc' dir='ltr'><strong>Ἰησοῦ</strong></span> <span class='ocrx_word' id='word_1_762' title='bbox 2064 4850 2217 4897; x_wconf 89' lang='lat' dir='ltr'><strong>mus.</strong></span> 
     </span>
    </p>
   </div>
   <div class='ocr_carea' id='block_1_101' title="bbox 327 4936 573 4993">
    <p class='ocr_par' dir='ltr' id='par_1_101' title="bbox 327 4936 573 4993">
     <span class='ocr_line' id='line_1_101' title="bbox 327 4936 573 4993; baseline 0.016 -7"><span class='ocrx_word' id='word_1_763' title='bbox 327 4936 573 4993; x_wconf 77' lang='grc' dir='ltr'>Χριστοῦ.</span> 
     </span>
    </p>
   </div>
   <div class='ocr_carea' id='block_1_102' title="bbox 378 4952 1970 5101">
    <p class='ocr_par' dir='ltr' id='par_1_102' title="bbox 378 4952 1970 5101">
     <span class='ocr_line' id='line_1_102' title="bbox 378 4952 1970 5101; baseline -0.001 -26"><span class='ocrx_word' id='word_1_764' title='bbox 378 4952 593 5077; x_wconf 45' lang='lat' dir='ltr'><strong>Finit!</strong></span> <span class='ocrx_word' id='word_1_765' title='bbox 643 5024 748 5084; x_wconf 82' lang='grc' dir='ltr'><strong>πᾶς</strong></span> <span class='ocrx_word' id='word_1_766' title='bbox 806 5019 904 5096; x_wconf 80' lang='grc' dir='ltr'>μὲν</span> <span class='ocrx_word' id='word_1_767' title='bbox 945 5019 1110 5101; x_wconf 78' lang='grc' dir='ltr'>ἱερεὺς</span> <span class='ocrx_word' id='word_1_768' title='bbox 1168 5014 1361 5087; x_wconf 74' lang='grc' dir='ltr'>ἕστηκε</span> <span class='ocrx_word' id='word_1_769' title='bbox 1418 5014 1534 5075; x_wconf 85' lang='grc' dir='ltr'>καθ’</span> <span class='ocrx_word' id='word_1_770' title='bbox 1589 5016 1792 5099; x_wconf 77' lang='grc' dir='ltr'>ἡμέραν</span> <span class='ocrx_word' id='word_1_771' title='bbox 1863 5015 1970 5073; x_wconf 89' lang='grc' dir='ltr'>λει-</span> 
     </span>
    </p>
   </div>
   <div class='ocr_carea' id='block_1_103' title="bbox 2054 4952 3715 5101">
    <p class='ocr_par' dir='ltr' id='par_1_103' title="bbox 2149 5008 3715 5101">
     <span class='ocr_line' id='line_1_103' title="bbox 2149 5008 3715 5101; baseline 0.004 -29"><span class='ocrx_word' id='word_1_772' title='bbox 2149 5009 2222 5091; x_wconf 86' lang='grc' dir='ltr'>Χ,</span> <span class='ocrx_word' id='word_1_773' title='bbox 2266 5009 2459 5101; x_wconf 79' lang='lat' dir='ltr'><strong>tl-l8.</strong></span> <span class='ocrx_word' id='word_1_774' title='bbox 2512 5008 2594 5071; x_wconf 88' lang='lat' dir='ltr'><strong>Et</strong></span> <span class='ocrx_word' id='word_1_775' title='bbox 2639 5008 2833 5071; x_wconf 82' lang='lat' dir='ltr'><strong>omnis</strong></span> <span class='ocrx_word' id='word_1_776' title='bbox 2881 5008 3123 5089; x_wconf 82' lang='lat' dir='ltr'><strong>quidem</strong></span> <span class='ocrx_word' id='word_1_777' title='bbox 3165 5012 3447 5101; x_wconf 75' lang='lat' dir='ltr'><strong>sacerdos</strong></span> <span class='ocrx_word' id='word_1_778' title='bbox 3484 5013 3715 5079; x_wconf 79' lang='lat' dir='ltr'><strong>assistit</strong></span> 
     </span>
    </p>
   </div>
   <div class='ocr_carea' id='block_1_104' title="bbox 325 5099 1970 5189">
    <p class='ocr_par' dir='ltr' id='par_1_104' title="bbox 325 5099 1970 5189">
     <span class='ocr_line' id='line_1_104' title="bbox 325 5099 1970 5189; baseline 0 -26"><span class='ocrx_word' id='word_1_779' title='bbox 325 5114 559 5189; x_wconf 83' lang='grc' dir='ltr'>τουργῶν</span> <span class='ocrx_word' id='word_1_780' title='bbox 664 5111 753 5166; x_wconf 81' lang='grc' dir='ltr'><strong>καὶ</strong></span> <span class='ocrx_word' id='word_1_781' title='bbox 856 5110 951 5175; x_wconf 82' lang='grc' dir='ltr'>τὰς</span> <span class='ocrx_word' id='word_1_782' title='bbox 997 5099 1003 5101; x_wconf 20' lang='grc' dir='ltr'><em>ν</em></span> <span class='ocrx_word' id='word_1_783' title='bbox 1056 5108 1217 5173; x_wconf 76' lang='grc' dir='ltr'>αῦτᾶς</span> <span class='ocrx_word' id='word_1_784' title='bbox 1318 5105 1581 5171; x_wconf 84' lang='grc' dir='ltr'>πολλάκις</span> <span class='ocrx_word' id='word_1_785' title='bbox 1678 5105 1970 5188; x_wconf 68' lang='grc' dir='ltr'>προσφέρω</span> 
     </span>
    </p>
   </div>
   <div class='ocr_carea' id='block_1_105' title="bbox 2054 5099 3714 5189">
    <p class='ocr_par' dir='ltr' id='par_1_105' title="bbox 2069 5099 3714 5184">
     <span class='ocr_line' id='line_1_105' title="bbox 2069 5099 3714 5184; baseline 0.001 -21"><span class='ocrx_word' id='word_1_786' title='bbox 2069 5099 2340 5181; x_wconf 77' lang='lat' dir='ltr'><strong>quotidie</strong></span> <span class='ocrx_word' id='word_1_787' title='bbox 2374 5115 2552 5161; x_wconf 85' lang='lat' dir='ltr'><strong>sacra</strong></span> <span class='ocrx_word' id='word_1_788' title='bbox 2594 5115 2914 5179; x_wconf 83' lang='lat' dir='ltr'><strong>peragens,</strong></span> <span class='ocrx_word' id='word_1_789' title='bbox 2951 5106 3011 5160; x_wconf 83' lang='lat' dir='ltr'><strong>et</strong></span> <span class='ocrx_word' id='word_1_790' title='bbox 3059 5100 3296 5163; x_wconf 84' lang='lat' dir='ltr'><strong>easdem</strong></span> <span class='ocrx_word' id='word_1_791' title='bbox 3322 5103 3542 5183; x_wconf 71' lang='lat' dir='ltr'><strong>sapius</strong></span> <span class='ocrx_word' id='word_1_792' title='bbox 3567 5102 3714 5184; x_wconf 80' lang='lat' dir='ltr'><strong>offe-</strong></span> 
     </span>
    </p>
   </div>
   <div class='ocr_carea' id='block_1_106' title="bbox 328 5190 1970 5277">
    <p class='ocr_par' dir='ltr' id='par_1_106' title="bbox 328 5194 1970 5277">
     <span class='ocr_line' id='line_1_106' title="bbox 328 5194 1970 5277; baseline 0 -23"><span class='ocrx_word' id='word_1_793' title='bbox 328 5200 527 5272; x_wconf 84' lang='grc' dir='ltr'>θυσίας,</span> <span class='ocrx_word' id='word_1_794' title='bbox 668 5197 870 5263; x_wconf 74' lang='grc' dir='ltr'>α’ίτινες</span> <span class='ocrx_word' id='word_1_795' title='bbox 994 5196 1242 5258; x_wconf 71' lang='grc' dir='ltr'>οὐδέποτε</span> <span class='ocrx_word' id='word_1_796' title='bbox 1371 5194 1610 5255; x_wconf 78' lang='grc' dir='ltr'>δύνανται</span> <span class='ocrx_word' id='word_1_797' title='bbox 1721 5195 1970 5277; x_wconf 63' lang='grc' dir='ltr'>περιελεϊπ</span> 
     </span>
    </p>
   </div>
   <div class='ocr_carea' id='block_1_107' title="bbox 2054 5190 3717 5277">
    <p class='ocr_par' dir='ltr' id='par_1_107' title="bbox 2070 5190 3717 5273">
     <span class='ocr_line' id='line_1_107' title="bbox 2070 5190 3717 5273; baseline 0.005 -25"><span class='ocrx_word' id='word_1_798' title='bbox 2070 5206 2211 5253; x_wconf 84' lang='lat' dir='ltr'><strong>rens</strong></span> <span class='ocrx_word' id='word_1_799' title='bbox 2242 5190 2498 5264; x_wconf 78' lang='lat' dir='ltr'><strong>hostias,</strong></span> <span class='ocrx_word' id='word_1_800' title='bbox 2539 5204 2674 5269; x_wconf 72' lang='lat' dir='ltr'><strong>qua:</strong></span> <span class='ocrx_word' id='word_1_801' title='bbox 2700 5206 3019 5267; x_wconf 81' lang='lat' dir='ltr'><strong>nunquam</strong></span> <span class='ocrx_word' id='word_1_802' title='bbox 3054 5193 3285 5270; x_wconf 77' lang='lat' dir='ltr'><strong>possint</strong></span> <span class='ocrx_word' id='word_1_803' title='bbox 3313 5194 3556 5269; x_wconf 77' lang='lat' dir='ltr'><strong>auferre</strong></span> <span class='ocrx_word' id='word_1_804' title='bbox 3575 5210 3717 5273; x_wconf 79' lang='lat' dir='ltr'><strong>pec-</strong></span> 
     </span>
    </p>
   </div>
   <div class='ocr_carea' id='block_1_108' title="bbox 332 5277 1970 5368">
    <p class='ocr_par' dir='ltr' id='par_1_108' title="bbox 332 5286 1970 5368">
     <span class='ocr_line' id='line_1_108' title="bbox 332 5286 1970 5368; baseline 0 -26"><span class='ocrx_word' id='word_1_805' title='bbox 332 5286 614 5368; x_wconf 78' lang='grc' dir='ltr'>ἆμαρτίας.</span> <span class='ocrx_word' id='word_1_806' title='bbox 692 5290 858 5353; x_wconf 71' lang='grc' dir='ltr'>Αὐτὸς</span> <span class='ocrx_word' id='word_1_807' title='bbox 927 5286 982 5345; x_wconf 80' lang='grc' dir='ltr'><strong>δὲ</strong></span> <span class='ocrx_word' id='word_1_808' title='bbox 1063 5289 1186 5351; x_wconf 73' lang='grc' dir='ltr'>μίαν</span> <span class='ocrx_word' id='word_1_809' title='bbox 1266 5287 1397 5368; x_wconf 76' lang='grc' dir='ltr'>ὑπὲρ</span> <span class='ocrx_word' id='word_1_810' title='bbox 1466 5286 1737 5367; x_wconf 79' lang='grc' dir='ltr'>ἁμαρτιῶν</span> <span class='ocrx_word' id='word_1_811' title='bbox 1819 5307 1970 5365; x_wconf 92' lang='grc' dir='ltr'>προσ-</span> 
     </span>
    </p>
   </div>
   <div class='ocr_carea' id='block_1_109' title="bbox 2054 5277 3720 5368">
    <p class='ocr_par' dir='ltr' id='par_1_109' title="bbox 2068 5277 3720 5368">
     <span class='ocr_line' id='line_1_109' title="bbox 2068 5277 3720 5368; baseline 0.001 -26"><span class='ocrx_word' id='word_1_812' title='bbox 2068 5287 2228 5342; x_wconf 87' lang='lat' dir='ltr'><strong>cata.</strong></span> <span class='ocrx_word' id='word_1_813' title='bbox 2263 5277 2381 5341; x_wconf 74' lang='lat' dir='ltr'><strong>Hic</strong></span> <span class='ocrx_word' id='word_1_814' title='bbox 2408 5296 2546 5341; x_wconf 83' lang='lat' dir='ltr'><strong>vero</strong></span> <span class='ocrx_word' id='word_1_815' title='bbox 2566 5295 2691 5368; x_wconf 75' lang='lat' dir='ltr'><strong>una</strong></span> <span class='ocrx_word' id='word_1_816' title='bbox 2712 5277 2979 5368; x_wconf 57' lang='grc' dir='ltr'><strong>ὅθέἲρνο</strong></span> <span class='ocrx_word' id='word_1_817' title='bbox 3019 5282 3272 5359; x_wconf 77' lang='lat' dir='ltr'><strong>peccatis</strong></span> <span class='ocrx_word' id='word_1_818' title='bbox 3308 5280 3513 5343; x_wconf 81' lang='lat' dir='ltr'><strong>oblata</strong></span> <span class='ocrx_word' id='word_1_819' title='bbox 3546 5284 3720 5345; x_wconf 75' lang='lat' dir='ltr'><strong>victi-</strong></span> 
     </span>
    </p>
   </div>
   <div class='ocr_carea' id='block_1_110' title="bbox 329 5367 1970 5456">
    <p class='ocr_par' dir='ltr' id='par_1_110' title="bbox 329 5367 1970 5456">
     <span class='ocr_line' id='line_1_110' title="bbox 329 5367 1970 5456; baseline 0 -24"><span class='ocrx_word' id='word_1_820' title='bbox 329 5367 546 5456; x_wconf 79' lang='grc' dir='ltr'>ενέγκας</span> <span class='ocrx_word' id='word_1_821' title='bbox 647 5379 847 5454; x_wconf 87' lang='grc' dir='ltr'>θυσίαν,</span> <span class='ocrx_word' id='word_1_822' title='bbox 954 5379 1026 5443; x_wconf 81' lang='grc' dir='ltr'><strong>είς</strong></span> <span class='ocrx_word' id='word_1_823' title='bbox 1127 5379 1188 5435; x_wconf 80' lang='grc' dir='ltr'>τὸ</span> <span class='ocrx_word' id='word_1_824' title='bbox 1289 5367 1528 5445; x_wconf 69' lang='grc' dir='ltr'>διηνεκὲς</span> <span class='ocrx_word' id='word_1_825' title='bbox 1613 5375 1848 5433; x_wconf 73' lang='grc' dir='ltr'>ἐκάθισεν</span> <span class='ocrx_word' id='word_1_826' title='bbox 1932 5377 1970 5432; x_wconf 55' lang='grc' dir='ltr'><strong>ἐκ</strong></span> 
     </span>
    </p>
   </div>
   <div class='ocr_carea' id='block_1_111' title="bbox 2054 5367 3720 5456">
    <p class='ocr_par' dir='ltr' id='par_1_111' title="bbox 2067 5367 3720 5451">
     <span class='ocr_line' id='line_1_111' title="bbox 2067 5367 3720 5451; baseline 0.002 -20"><span class='ocrx_word' id='word_1_827' title='bbox 2067 5387 2190 5447; x_wconf 86' lang='lat' dir='ltr'><strong>ma,</strong></span> <span class='ocrx_word' id='word_1_828' title='bbox 2212 5374 2501 5449; x_wconf 77' lang='lat' dir='ltr'><strong>perpetuo</strong></span> <span class='ocrx_word' id='word_1_829' title='bbox 2524 5367 2685 5433; x_wconf 80' lang='lat' dir='ltr'><strong>sedet</strong></span> <span class='ocrx_word' id='word_1_830' title='bbox 2714 5367 2795 5430; x_wconf 85' lang='lat' dir='ltr'><strong>ad</strong></span> <span class='ocrx_word' id='word_1_831' title='bbox 2822 5367 3139 5431; x_wconf 74' lang='lat' dir='ltr'><strong>dexteram</strong></span> <span class='ocrx_word' id='word_1_832' title='bbox 3170 5369 3303 5446; x_wconf 79' lang='lat' dir='ltr'><strong>Dei,</strong></span> <span class='ocrx_word' id='word_1_833' title='bbox 3339 5370 3404 5433; x_wconf 80' lang='lat' dir='ltr'><strong>id</strong></span> <span class='ocrx_word' id='word_1_834' title='bbox 3432 5372 3595 5451; x_wconf 84' lang='lat' dir='ltr'><strong>quod</strong></span> <span class='ocrx_word' id='word_1_835' title='bbox 3623 5390 3720 5435; x_wconf 85' lang='lat' dir='ltr'><strong>su-</strong></span> 
     </span>
    </p>
   </div>
   <div class='ocr_carea' id='block_1_112' title="bbox 329 5456 1970 5549">
    <p class='ocr_par' dir='ltr' id='par_1_112' title="bbox 329 5461 1970 5549">
     <span class='ocr_line' id='line_1_112' title="bbox 329 5461 1970 5549; baseline -0.001 -27"><span class='ocrx_word' id='word_1_836' title='bbox 329 5461 470 5541; x_wconf 80' lang='grc' dir='ltr'>δεξιᾷ</span> <span class='ocrx_word' id='word_1_837' title='bbox 567 5467 663 5525; x_wconf 82' lang='grc' dir='ltr'>τοῦ</span> <span class='ocrx_word' id='word_1_838' title='bbox 745 5474 899 5549; x_wconf 87' lang='grc' dir='ltr'>Θεοῦ,</span> <span class='ocrx_word' id='word_1_839' title='bbox 984 5470 1047 5524; x_wconf 82' lang='grc' dir='ltr'>τὸ</span> <span class='ocrx_word' id='word_1_840' title='bbox 1158 5465 1347 5525; x_wconf 83' lang='grc' dir='ltr'>λοιπὸν</span> <span class='ocrx_word' id='word_1_841' title='bbox 1431 5464 1797 5547; x_wconf 75' lang='grc' dir='ltr'><strong>ἐνδεχόμενος⁹</strong></span> <span class='ocrx_word' id='word_1_842' title='bbox 1885 5464 1970 5522; x_wconf 72' lang='grc' dir='ltr'><strong>ἕως</strong></span> 
     </span>
    </p>
   </div>
   <div class='ocr_carea' id='block_1_113' title="bbox 2054 5456 3719 5549">
    <p class='ocr_par' dir='ltr' id='par_1_113' title="bbox 2059 5456 3719 5549">
     <span class='ocr_line' id='line_1_113' title="bbox 2059 5456 3719 5549; baseline 0.003 -29"><span class='ocrx_word' id='word_1_843' title='bbox 2059 5464 2270 5540; x_wconf 86' lang='lat' dir='ltr'><strong>perest</strong></span> <span class='ocrx_word' id='word_1_844' title='bbox 2303 5462 2655 5538; x_wconf 71' lang='lat' dir='ltr'><strong>exspectans</strong></span> <span class='ocrx_word' id='word_1_845' title='bbox 2682 5456 2868 5519; x_wconf 80' lang='lat' dir='ltr'><strong>donec</strong></span> <span class='ocrx_word' id='word_1_846' title='bbox 2892 5459 3074 5549; x_wconf 51' lang='lat' dir='ltr'><strong>positi</strong></span> <span class='ocrx_word' id='word_1_847' title='bbox 3099 5459 3221 5522; x_wconf 82' lang='lat' dir='ltr'><strong>sint</strong></span> <span class='ocrx_word' id='word_1_848' title='bbox 3250 5461 3488 5549; x_wconf 76' lang='lat' dir='ltr'><strong>inimici</strong></span> <span class='ocrx_word' id='word_1_849' title='bbox 3520 5462 3719 5542; x_wconf 86' lang='lat' dir='ltr'><strong>ipsius</strong></span> 
     </span>
    </p>
   </div>
   <div class='ocr_carea' id='block_1_114' title="bbox 326 5544 1970 5640">
    <p class='ocr_par' dir='ltr' id='par_1_114' title="bbox 326 5544 1970 5640">
     <span class='ocr_line' id='line_1_114' title="bbox 326 5544 1970 5640; baseline -0.001 -26"><span class='ocrx_word' id='word_1_850' title='bbox 326 5559 549 5615; x_wconf 87' lang='grc' dir='ltr'>τεθῶσιν</span> <span class='ocrx_word' id='word_1_851' title='bbox 626 5560 675 5615; x_wconf 78' lang='grc' dir='ltr'><strong>οἱ</strong></span> <span class='ocrx_word' id='word_1_852' title='bbox 754 5544 936 5640; x_wconf 68' lang='grc' dir='ltr'>ἐχθροὶ</span> <span class='ocrx_word' id='word_1_853' title='bbox 1018 5559 1176 5617; x_wconf 73' lang='grc' dir='ltr'>αὐτοῦ</span> <span class='ocrx_word' id='word_1_854' title='bbox 1255 5544 1586 5615; x_wconf 30' lang='grc' dir='ltr'>ὑποπόδιον-⁷</span> <span class='ocrx_word' id='word_1_855' title='bbox 1620 5561 1727 5613; x_wconf 84' lang='grc' dir='ltr'><strong>τῶν</strong></span> <span class='ocrx_word' id='word_1_856' title='bbox 1812 5553 1970 5613; x_wconf 60' lang='grc' dir='ltr'><strong>ποδῶε</strong></span> 
     </span>
    </p>
   </div>
   <div class='ocr_carea' id='block_1_115' title="bbox 2054 5544 3722 5640">
    <p class='ocr_par' dir='ltr' id='par_1_115' title="bbox 2067 5544 3722 5626">
     <span class='ocr_line' id='line_1_115' title="bbox 2067 5544 3722 5626; baseline 0.003 -15"><span class='ocrx_word' id='word_1_857' title='bbox 2067 5545 2393 5611; x_wconf 82' lang='lat' dir='ltr'><strong>scabellum</strong></span> <span class='ocrx_word' id='word_1_858' title='bbox 2418 5546 2642 5626; x_wconf 88' lang='lat' dir='ltr'><strong>pedum</strong></span> <span class='ocrx_word' id='word_1_859' title='bbox 2670 5562 2940 5611; x_wconf 76' lang='lat' dir='ltr'><strong>suorum.</strong></span> <span class='ocrx_word' id='word_1_860' title='bbox 2987 5544 3176 5611; x_wconf 83' lang='lat' dir='ltr'><strong>Unica</strong></span> <span class='ocrx_word' id='word_1_861' title='bbox 3226 5551 3389 5612; x_wconf 82' lang='lat' dir='ltr'><strong>enim</strong></span> <span class='ocrx_word' id='word_1_862' title='bbox 3419 5547 3722 5616; x_wconf 77' lang='lat' dir='ltr'><strong>oblatione</strong></span> 
     </span>
    </p>
   </div>
   <div class='ocr_carea' id='block_1_116' title="bbox 411 5715 1970 5806">
    <p class='ocr_par' dir='ltr' id='par_1_116' title="bbox 411 5724 1970 5806">
     <span class='ocr_line' id='line_1_116' title="bbox 411 5724 1970 5806; baseline -0.001 -14"><span class='ocrx_word' id='word_1_863' title='bbox 411 5728 474 5780; x_wconf 69' lang='lat'><strong>50</strong></span> <span class='ocrx_word' id='word_1_864' title='bbox 506 5728 656 5792; x_wconf 87' lang='lat' dir='ltr'><strong>Luc.</strong></span> <span class='ocrx_word' id='word_1_865' title='bbox 689 5745 729 5806; x_wconf 84' lang='grc' dir='ltr'><strong>ι,</strong></span> <span class='ocrx_word' id='word_1_866' title='bbox 762 5728 862 5793; x_wconf 84' lang='grc'><strong>35.</strong></span> <span class='ocrx_word' id='word_1_867' title='bbox 945 5728 1002 5780; x_wconf 64' lang='grc'>51</span> <span class='ocrx_word' id='word_1_868' title='bbox 1032 5726 1203 5793; x_wconf 77' lang='lat' dir='ltr'><strong>Joan.</strong></span> <span class='ocrx_word' id='word_1_869' title='bbox 1237 5743 1323 5804; x_wconf 70' lang='grc' dir='ltr'>γι,</span> <span class='ocrx_word' id='word_1_870' title='bbox 1354 5724 1456 5791; x_wconf 90' lang='lat'><strong>38.</strong></span> <span class='ocrx_word' id='word_1_871' title='bbox 1538 5724 1601 5779; x_wconf 66' lang='lat'><strong>59</strong></span> <span class='ocrx_word' id='word_1_872' title='bbox 1631 5726 1802 5791; x_wconf 81' lang='lat' dir='ltr'><strong>Joan.</strong></span> <span class='ocrx_word' id='word_1_873' title='bbox 1832 5739 1970 5791; x_wconf 79' lang='lat' dir='ltr'><strong>mu</strong></span> 
     </span>
    </p>
   </div>
   <div class='ocr_carea' id='block_1_117' title="bbox 2054 5715 2641 5806">
    <p class='ocr_par' dir='ltr' id='par_1_117' title="bbox 2054 5715 2641 5791">
     <span class='ocr_line' id='line_1_117' title="bbox 2054 5715 2641 5791; baseline 0 -13"><span class='ocrx_word' id='word_1_874' title='bbox 2054 5725 2092 5787; x_wconf 65' lang='grc' dir='ltr'><strong>ι,</strong></span> <span class='ocrx_word' id='word_1_875' title='bbox 2176 5717 2241 5770; x_wconf 71' lang='grc'><strong>5³</strong></span> <span class='ocrx_word' id='word_1_876' title='bbox 2273 5715 2388 5780; x_wconf 87' lang='lat' dir='ltr'><strong>Isa.</strong></span> <span class='ocrx_word' id='word_1_877' title='bbox 2418 5730 2548 5791; x_wconf 81' lang='lat' dir='ltr'><strong>vm,</strong></span> <span class='ocrx_word' id='word_1_878' title='bbox 2582 5718 2641 5779; x_wconf 79' lang='lat' dir='ltr'><strong>l.</strong></span> 
     </span>
    </p>
   </div>
  </div>
