4136 6438
465 355 580 424 391
1586 349 2003 420 (ῈΟΙΙΜΕΝΙΙ
2049 350 2095 415 'l‘

2182 346 2349 415 iCCzE
2384 344 2724 415 EPISCOPI
3743 342 3861 413 392

448 495 746 577 perfectos
758 494 960 575 eﬂ'ecit
976 493 1044 557 in
1066 499 1437 575 perpetuum
1466 509 1562 555 eos
1583 492 1691 572 qui
1719 489 2095 570 sanctiﬁcan-

2193 486 2371 577 αὑτοῦ.
2464 491 2572 559 Μιᾷ
2656 485 2757 564 γὰρ
2840 490 3111 577 προσφορᾷ
3207 483 3552 542 τετελείωκεν
3593 487 3743 577 μείς,
3795 486 3859 542 τὸ

455 571 978 663 turLTesti/icatur
1006 571 1208 647 autem
1237 581 1406 645 nobis
1439 587 1496 644 et
1528 571 1655 662 ipse
1678 582 1935 661 spiritus
1953 596 2095 641 san-

2188 571 2428 641 διηνεκὲς
2525 574 2647 638 τοὺς
2729 573 3137 654 ἁγιαζομένους.
3226 581 3505 655 Μαρτυρεῖ
3587 573 3643 632 δὲ
3726 575 3857 651 ὑμῖν

453 682 611 756 ctus,
658 674 957 737 nimirum
996 689 1130 735 cum
1177 673 1540 753 praedixerit
1563 688 1576 733 :
1621 672 1739 732 Hoc
1783 676 1869 733 est
1920 673 2095 731 testa-

2189 664 2277 720 καὶ
2358 664 2419 720 τὸ
2502 669 2717 739 Πνεῦμα
2797 666 2860 720 τὸ
2945 663 3122 743 ἅγιον,
3210 666 3356 723 Μετὰ
3441 665 3542 745 γὰρ
3597 666 3660 722 1:6
3716 685 3858 744 προ-

449 751 722 827 meutum
751 762 912 844 quod
941 751 1201 825 condam
1247 778 1401 843 erga
1432 760 1573 824 illos
1618 767 1755 841 post
1785 759 1912 822 dies
1942 757 2095 833 illos,

2201 752 2490 844 ειρηκέναι,
2755 755 2791 822 ἡ
2865 751 3093 844 διαθήκη
3119 841 3131 844 _
3178 753 3244 844 ἣν
3321 752 3641 844 διαθήσομαι
3722 753 3858 833 πρὸς

450 854 594 917 dicit
625 841 939 933 Dominus,
970 851 1127 914 dans
1153 841 1506 940 teges'meas
1539 856 1603 912 in
1648 850 1828 912 corde
1879 863 2091 910 eorum

2201 842 2409 940 αὐτοὺς,
2469 843 2605 917 μετὰ
2668 843 2764 908 τὰς
2837 842 3039 923 ἡμέρας
3115 841 3339 940 ξκείνας,
3425 842 3569 922 λέγει
3643 844 3856 940 Κύριος3

457 950 519 1006 et
545 945 611 1005 in
641 928 939 1004 mentibus
984 928 1254 1020 ipsorum
1285 938 1615 1003 inscribam
1642 957 1744 1002 eas
1779 956 1791 997 :
1828 944 1887 1000 et
1907 953 2095 1017 peccat

2201 928 2366 997 διδοὺς
2393 932 2609 1020 ,νόμους
2684 954 2788 1008 μου
2868 931 2955 990 ἐπὶ
3017 930 3230 1011 καρδίας
3320 933 3516 1013 αὐτῶν,
3599 934 3687 990 καὶ
3770 930 3859 989 ἐπὶ

457 1039 655 1097 torum
700 1048 914 1093 eorum
964 1018 1146 1110 atque
1210 1030 1612 1110 iniquitatum
1670 1031 1941 1110 ipsorum
1993 1044 2095 1088 ποι

2199 1026 2305 1076 τῶν
2386 1018 2628 1078 διανοιῶν
2709 1020 2880 1078 αὒτῶν
2962 1020 3243 1101 ἐπιγράψω
3323 1022 3537 1103 αὐτοὺς,
3606 1023 3696 1079 καὶ
3747 1026 3861 1080 τῶν

454 1120 827 1184 recordabar
864 1120 1150 1200 amplius.
1206 1120 1400 1181 Porro
1448 1118 1835 1208 ubihorum
1885 1124 1970 1179 est
2002 1135 2095 1178 re-

2190 1111 2460 1208 ἁμαρτιῶν
2490 1114 2682 1183 αὐτῶν,
2713 1112 2801 1167 καὶ
2829 1117 2935 1168 τῶν
2965 1111 3203 1186 ἀνομιῶν
3229 1111 3402 1168 αὐτῶν
3434 1116 3493 1171 οὐ
3522 1112 3602 1188 μὴ
3635 1114 3856 1187 μνησθῶ

455 1211 738 1290 misssio,
809 1226 934 1271 non
969 1191 1078 1270 ἐει
1151 1208 1420 1289 amplius
1494 1206 1719 1271 oblatio
1792 1224 1903 1287 pro
1962 1222 2095 1285 pec-

2190 1198 2288 1261 ἔτι.
2339 1191 2519 1257 υΟπου
2575 1197 2630 1256 δὲ
2690 1198 2873 1281 ἄφεσις
2902 1201 3129 1280 τούτων,
3160 1204 3258 1260 οὒκ
3301 1197 3378 1257 ἔτι
3420 1201 3700 1282 προσφορὰ
3731 1200 3858 1280 περὶ

453 1308 608 1363 cato.
857 1389 864 1390 ί
1013 1389 1020 1390 7
1055 1389 1060 1390 ν
1395 1389 1402 1390 7
1610 1387 1620 1390 _
1692 1387 1702 1390 Α

2188 1289 2470 1368 ἁμαρτίας.
2510 1312 2533 1349 s
3316 1368 3329 1390 ρ

540 1417 567 1447 ιι
601 1390 672 1453 Ει
707 1389 902 1453 omnis
927 1389 1165 1470 quidem
1199 1389 1480 1451 sacerdos
1509 1387 1789 1452 assistit.»
1825 1390 1980 1451 Sane
2001 1406 2095 1449 as-

2271 1396 2301 1438 t
2335 1379 2434 1436 Καὶ
2462 1384 2565 1443 πᾶς
2595 1380 2693 1457 μὲν
2743 1379 2907 1460 ἱερεὺς
2953 1378 3171 1447 ἕστηκε.
3221 1401 3250 1434 3
3316 1375 3463 1470 έἈρα
3520 1378 3583 1436 τὸ
3611 1379 3852 1454 ἑστάναι,

454 1480 671 1543 sistere
704 1486 761 1541 et
792 1465 986 1541 astare
1040 1477 1353 1541 ministerii
1409 1486 1499 1539 est
1557 1477 1790 1557 signum
1840 1477 2095 1540 :sedere

2187 1468 2418 1543 σημεῖόν
2478 1467 2588 1525 ἐστι
2666 1479 2760 1529 τοῦ
2842 1470 3193 1548 λειτουργεῖν.
3270 1469 3342 1526 T6
3424 1465 3481 1524 δὲ
3563 1472 3850 1544 καθῆσθαι,

376 1554 384 1563 ’
450 1587 596 1631 vero
627 1567 1130 1650 quemadmodum
1163 1566 1434 1630 Christus
1478 1554 1637 1629 sedit
1681 1567 1755 1629 ad
1791 1566 2095 1628 dexteram

2186 1555 2364 1636 ὥσπερ
2434 1559 2461 1614 6
2540 1561 2763 1637 Χριστὸς
2847 1557 3085 1616 ἐκάθισεν
3141 1559 3197 1614 ἐν
3267 1555 3408 1629 δεξιᾷ
3463 1564 3558 1615 τοῦ
3616 1560 3847 1639 Πατρὸς,

449 1647 667 1733 Patris,
719 1659 954 1736 signum
986 1665 1075 1718 est
1103 1656 1259 1737 quod
1293 1655 1408 1718 sibi
1443 1656 1837 1731 ministretur,
1889 1665 1953 1716 ut
2001 1655 2095 1736 qui

2187 1647 2417 1737 mpetd‘v
2471 1647 2582 1737 ἐστι
2640 1658 2735 1737 τοῦ
2790 1647 3241 1728 λειτουργετσθαι,
3324 1650 3417 1704 οἶα
3487 1650 3617 1706 Θεὸν
3697 1648 3848 1709 ὄντα.

450 1746 608 1809 Deus
639 1747 740 1809 sit.
773 1733 798 1803 ἆ
830 1733 1306 1841 Quotidie-sacra
1341 1763 1651 1841 peragens,
1689 1754 1746 1806 et
1779 1733 2043 1841 easdem.
2071 1771 2095 1802 ιι

2193 1758 2220 1789 α
2270 1733 2395 1794 Καθ’
2438 1735 2642 1815 ἡμέραν
2683 1736 3025 1816 λειτουργῶν,
3079 1760 3103 1795 3
3144 1736 3349 1814 [$.21]
3385 1736 3489 1801 Τὰς
3522 1738 3711 1818 αὐτὰς,
3745 1760 3849 1818 φη-

450 1836 1104 1917 Easdem,inquit,quia
1124 1852 1229 1917 pro
1254 1823 1626 1929 εἰεθειηέοιη
1638 1853 1746 1916 per
1766 1834 2095 1929 offereban-

2190 1825 2292 1899 σὶν,
2375 1823 2456 1881 ὅτι
2525 1825 2654 1905 ὑπὲρ
2712 1832 2819 1883 τῶν
2902 1826 3073 1883 αὖτῶν
3145 1824 3531 1905 προσεφέροντο
3590 1826 3692 1908 ἀεὶ,
3768 1828 3849 1903 μὴ

455 1934 572 2003 tur,
608 1944 745 1988 cum
796 1914 1203 2006 nonpossent
1244 1926 1332 1988 vel
1386 1914 1699 2006 praeterit—a3
1718 1924 1809 1985 vel
1834 1942 2095 2005 praesen-

2187 1914 2484 1993 ἰσχυωσῶν
2555 1917 2659 1971 τῶν
2729 1921 3019 1995 γεγονυιῶν
3115 1918 3203 1972 καὶ
3277 1914 3570 1994 γινομένων
3655 1918 3847 1973 θυσιῶν

457 2002 816 2078 ιεενὶοιίῐηω
839 2023 897 2076 et
919 2002 1276 2088 oblationes,
1296 2002 1400 2076 vel
1418 2033 1599 2076 unum
1628 2002 1933 2093 peccatum
1960 2032 2095 2093 pure

2190 2003 2283 2093 ni.
2346 2008 2655 2083 προσφορῶν
2741 2002 3008 2079 μηδεμιαν
3081 2005 3341 2093 ἁμαρτίαν
3427 2005 3669 2083 καθαρῶς
3752 2028 3852 2063 πε-

453 2122 524 2166 ac
550 2103 777 2180 integre
799 2102 1213 2165 aulerre.«Hic
1243 2122 1447 2177 vero,»
1484 2088 1754 2167 Christus
1804 2088 2095 2166 videlicet

2190 2088 2516 2192 pcslstv‘mi
2570 2090 2899 2192 ὁλοκλήρως.
2965 2114 2997 2152 σ
3056 2095 3223 2157 Αὐτὸς
3265 2091 3320 2149 δὲ
3366 2093 3488 2168 μίαν
3526 2109 3539 2123 ·
3573 2113 3603 2153 )
3653 2096 3681 2150 6
3712 2101 3848 2174 Χρι-

456 2214 480 2250 ι
507 2196 623 2257 Pro
655 2177 955 2285 peccatis,
981 2217 1009 2249 η
1040 2192 1284 2267 nostris,
1337 2212 1442 2273 pro
1483 2192 1698 2285 quibus
1735 2211 1972 2285 passus
1989 2200 2095 2285 est:

2192 2182 2315 2243 στὸς
2340 2177 2607 2247 δηλονότι.
2649 2204 2676 2235 α
2720 2177 2877 2262 ’Υπὲρ
2926 2183 3220 2263 ἁμαρτιῶν,
3284 2206 3311 2238 3
3374 2188 3491 2240 Τῶν
3545 2184 3844 2263 ἡμετέρων,

450 2303 479 2343 ‹
507 2269 823 2363 Perpetuo.
854 2306 876 2339 ι
915 2281 1061 2344 Cum
1092 2300 1211 2342 una
1242 2269 1528 2362 perpetuo
1558 2269 1828 2343 sufficiat.
1873 2306 1898 2336 ε
1936 2280 2095 2355 Quod

2185 2269 2314 2347 ὑπὲρ
2342 2271 2417 2325 ῶν
2445 2269 2722 2329 πέπονθεν.
2762 2293 2790 2326 ι
2837 2273 2925 2336 Εἷς
2968 2274 3031 2328 τὸ
3072 2270 3333 2340 διηνεκές.
3391 2294 3412 2327 3
3475 2273 3633 2347 Μίαν,
3679 2275 3753 2339 εἷς
3782 2277 3845 2331 τὸ

449 2355 725 2450 super-est
757 2377 1163 2451 exspectans.-
1200 2355 1273 2433 Εἰ
1302 2355 1485 2451 quare
1537 2389 1653 2432 non
1700 2370 1892 2432 statim
1925 2370 2095 2451 positi

2185 2355 2422 2425 διηνεκὲς
2451 2359 2703 2423 ἀκοῦσαν.
2764 2382 2787 2417 s
2851 2365 2922 2420 T6
2979 2360 3168 2418 λοιπὸν
3212 2360 3595 2443 ἐκδεχόμενος.
3655 2387 3679 2422 3
3747 2367 3847 2422 Καὶ

448 2465 588 2520 sunt
619 2456 847 2519 inimici
870 2457 1001 2537 ejus
1030 2457 1140 2521 sub
1169 2458 1424 2537 pedibus
1454 2457 1691 2540 ipsius?
1722 2461 1973 2537 Propter
2000 2459 2099 2522 fu-

453 2555 616 2610 turos
644 2566 712 2609 ac
744 2546 1076 2609 nascituros
1101 2547 1545 2630 ﬁdeles.Neque
1563 2548 1721 2610 enim
1749 2548 1863 2611 soli
1885 2549 2102 2611 daemo-

451 2654 559 2698 nes
579 2636 808 2698 inimici
830 2636 1103 2716 sunt,sed
1121 2636 1299 2698 etiam
1329 2637 1895 2701 increduli.«Donec
1922 2637 2100 2720 positi
2129 2704 2137 2712 ,

452 2724 572 2787 sint
607 2751 628 2783 ιο
653 2722 783 2786 Non
810 2722 1402 2805 tlixil,Subjiciantur
1427 2747 1441 2787 :
1463 2725 1568 2789 sed
1595 2727 1905 2788 maximam
1929 2727 2097 2789 desi-

449 2832 638 2895 gnans
668 2813 1131 2896 subjectionem,
1155 2815 1269 2877 ait:
1305 2816 1481 2877 Positi
1504 2815 1971 2879 sintscabellum
2006 2836 2105 2897 pe-

448 2904 589 2965 dum
621 2921 887 2967 suorum.
921 2901 1087 2976 Quod
1133 2912 1330 2967 autem
1384 2904 1495 2986 ipsi
1546 2914 1837 2985 ponantur
1867 2904 2100 2967 scabel-

448 2992 596 3068 lum,
651 2992 894 3054 evidens
946 2992 1214 3073 probatio
1264 3002 1372 3063 est,
1426 2994 1581 3075 quod
1635 2998 1762 3074 ipse
1795 2995 2001 3057 sedeat
2029 2994 2101 3057 ad

2182 2448 2321 2513 τίνος
2391 2447 2566 2505 ἕνεκεν
2637 2451 2731 2507 οὐκ
2800 2450 2987 2517 εὐθέως
3043 2451 3295 2519 ἐτέθησαν
3357 2452 3458 2507 ὑπὸ
3500 2452 3622 2516 τοὺς
3678 2450 3844 2517 πόδας

2182 2540 2341 2596 αὐτοῦ
2410 2541 2457 2594 οἱ
2512 2538 2690 2619 ἐχθροὶ
2748 2543 2957 2621 αὐτοῦ,
3022 2541 3121 2596 Διὰ
3190 2543 3312 2605 τοὺς
3391 2538 3686 2617 μέλλοντας
3764 2548 3848 2621 γί-

2182 2630 2357 2685 νεσθαι
2425 2629 2514 2685 καὶ
2580 2630 2843 2687 τίκτεσθαι
2925 2632 3169 2696 πιστούς.
3264 2632 3338 2689 Οὔ
3418 2632 3519 2710 γὰρ
3603 2627 3846 2708 δαίμονες

2184 2717 2344 2792 μόνον
2374 2719 2500 2775 εἰσὶν
2543 2718 2747 2799 ἐχθροὶ,
2779 2718 2918 2776 ἀλλὰ
2957 2722 3045 2777 καὶ
3087 2718 3326 2783 ἄπιστοι.
3377 2744 3405 2777 ε
3473 2712 3625 2787 ιἘως
3679 2725 3842 2778 τεθῶ-

2185 2829 2288 2869 σιν.
2335 2826 2367 2867 3
2430 2812 2538 2867 Οὐκ
2590 2809 2746 2866 εἶπεν
2820 2799 3208 2891 ’Υποταγῶσιη
3284 2808 3421 2867 ἀλλὰ
3473 2812 3536 2868 τὸ
3591 2809 3847 2890 μέγιστον

2183 2900 2281 2963 τῆς
2324 2897 2597 2976 ὑποταγῆς
2642 2901 2943 2975 σημαίνων,
3009 2902 3261 2974 Τεθῶσιν,
3321 2900 3500 2980 εἶπεν,
3557 2898 3845 2959 ὑποπόδιον

2184 2986 2288 3041 τῶν
2343 2983 2519 3043 ποδῶν
2589 2989 2767 3048 αὐτοῦ.
2826 2995 2927 3046 Τοῦ
2980 2986 3035 3044 δὲ
3091 2991 3304 3057 τεθῆναι
3373 2989 3560 3053 αὐτοὺς
3626 2990 3841 3046 ὑποπό-

448 3080 751 3144 dexteram
784 3071 992 3144 Patris.
1024 3105 1046 3139 ι
1088 3080 1276 3145 Unica
1305 3071 1464 3145 enim
1499 3071 1823 3157 oblatione,
1865 3110 1886 3143 η
1925 3103 2095 3165 quam

2185 3071 2315 3151 διον,
2390 3073 2652 3143 ἀπόδειξις
2718 3080 2782 3134 τὸ
2865 3079 3159 3145 καθῆσθαι
3200 3078 3359 3134 αὐτὸν
3427 3077 3483 3134 ἐν
3554 3075 3696 3151 δεξιᾷ
3748 3086 3843 3136 τοῦ

448 3170 662 3232 obtulit
694 3169 985 3247 Christus,
1032 3172 1282 3252 perfecit
1310 3173 1435 3235 sive
1476 3173 1769 3255 perfectos
1810 3172 2094 3251 reddidit,

444 3260 709 3341 perfecte
732 3279 767 3322 a
798 3261 1053 3341 peccatis
1078 3261 1378 3326 liberavit.
1417 3261 1565 3324 «Eos
1593 3262 1695 3340 qui
1712 3263 2098 3325 sanctifican-

450 3355 586 3411 tur:
624 3373 646 3407 ι
687 3349 799 3410 hoc
830 3359 941 3425 est,
975 3350 1221 3414 ﬁdeles:
1258 3372 1396 3415 nam
1427 3352 1488 3414 bi
1520 3370 1588 3414 ex
1620 3352 1779 3414 dicta
1803 3351 2100 3415 oblatione

447 3435 914 3499 sanctiﬁcantur.
957 3463 978 3491 α
1024 3438 1397 3503 Testificatur
1434 3450 1632 3503 autem
1681 3440 1853 3502 nobis
1882 3449 1942 3502 et
1969 3440 2099 3521 ipse

442 3523 701 3605 Spiritus
731 3536 1030 3588 sanctus.»
1060 3528 1210 3600 Quid
1238 3529 1584 3592 testiﬁcatur
1608 3528 1633 3592 Υ
1657 3528 1826 3602 Quod
1846 3530 2100 3592 remissa

444 3614 565 3675 sint
587 3624 786 3677 nostra
816 3616 1199 3695 peccata.«Et
1210 3628 1594 3700 peccatorum
1619 3637 1889 3682 eorum.»
1915 3617 2099 3683 Addi-

441 3703 548 3776 dit,
572 3704 787 3785 inquit,
812 3704 883 3766 Et
911 3717 1289 3787 peccatorum
1334 3728 1537 3770 eorum
1590 3728 1708 3770 non
1740 3708 2099 3770 rrcordabor

437 3792 717 3872 amplius.
754 3793 936 3857 Vides
974 3814 1114 3876 ergo
1165 3797 1322 3878 quod
1383 3797 1736 3861 testificatus
1768 3796 1844 3859 sit
1872 3796 2093 3858 remis-

435 3880 665 3944 sionem
744 3882 874 3944 ﬁeri
950 3886 1381 3965 peccatorum?
1440 3887 1581 3948 396
1660 3885 1828 3948 Tunc
1893 3894 2092 3947 autem

438 3970 675 4033 remisit
722 3971 966 4052 quando
1016 3994 1232 4036 novum
1281 3975 1574 4038 condebat
1626 3983 2090 4039 testamentum:

439 4078 658 4122 novum
690 4077 828 4125 vero
861 4070 1278 4125 testamentum
1325 4064 1600 4126 condidit
1629 4082 1735 4145 per
1791 4063 2092 4126 victimam

441 4147 570 4209 Filii
603 4148 695 4210 sui
724 4150 864 4212 Jesu
907 4151 1129 4214 Christi
1184 4152 1428 4216 Domini
1460 4156 1669 4215 nostri.
1710 4177 1736 4209 α
1774 4155 1957 4216 Porro
1990 4152 2093 4214 ubi

441 4236 658 4298 horum
690 4245 779 4299 est
796 4238 1091 4300 remissio.
1132 4265 1154 4298 η
1180 4243 1565 4304 Peccatorum
1601 4242 1936 4305 videliceu
1964 4241 2091 4303 Non

438 4332 534 4386 est
562 4325 818 4406 amplius
849 4325 1068 4389 oblatio
1104 4347 1208 4410 pro
1242 4338 1548 4410 peccato.»
1586 4329 1728 4403 Quae
1787 4330 1949 4392 enim
1983 4348 2093 4391 ne-

2183 3163 2412 3244 Πατρός,
2484 3184 2515 3226 3
2598 3172 2711 3239 Μιᾷ
2780 3168 2880 3246 γὰρ
2934 3172 3230 3247 προσφορᾷ,
3310 3189 3334 3224 3
3411 3167 3477 3234 ἣν
3533 3168 3844 3248 προσήνεγ-

2181 3274 2272 3310 κεν
2355 3258 2383 3312 ὁ
2467 3257 2715 3336 Χριστὸς,
2802 3255 3161 3331 τετελείωκεν,
3264 3255 3494 3321 τελείους
3576 3257 3843 3338 ἀπειργά-

2181 3365 2332 3421 σατο,
2404 3343 2617 3410 τελείως
2689 3343 2959 3417 ἀπήλλαξε
3028 3350 3132 3402 τῶν
3219 3347 3513 3427 ἁμαρτιῶν,
3608 3369 3630 3402 ε
3709 3349 3846 3415 Τοὺς

2181 3433 2582 3511 ἁγιαζομένους.
2668 3454 2698 3495 3
2789 3434 3059 3511 Τουτέστι,
3143 3456 3264 3501 τους
3356 3436 3598 3501 πιστούς.
3683 3438 3842 3495 Οὗτοι

2180 3524 2279 3601 γὰρ
2321 3522 2383 3579 ἐκ
2423 3525 2522 3590 τῆς
2554 3523 2838 3602 εἰρημένης
2870 3530 3171 3604 προσφορᾶς
3208 3525 3536 3605 ἁγιάζονται.
3600 3548 3629 3581 ε
3683 3532 3838 3605 Μαρ-

2178 3625 2329 3696 τυρεῖ
2394 3609 2449 3668 δὲ
2522 3615 2660 3689 ἡμῖν
2715 3615 2802 3670 καὶ
2870 3615 2931 3669 τὸ
2987 3620 3225 3690 Πνεῦμα.
3290 3638 3319 3670 3
3395 3615 3456 3673 Τί
3526 3629 3834 3696 μαρτυρεῖς

2183 3690 2315 3759 υΟτι
2347 3701 2613 3783 ἀφέθησαν
2656 3704 2809 3780 ἡμῶν
2842 3705 2893 3760 αἱ
2937 3704 3209 3784 ἁμαρτίαι,
3276 3723 3307 3764 (
3342 3706 3440 3763 Καὶ
3484 3690 3615 3762 τῶν⁷
3655 3690 3835 3784 diu?

2177 3794 2304 3848 τιῶν
2361 3794 2555 3856 αὐτῶν,
2626 3816 2654 3849 3
2723 3794 3047 3875 Προσέθηκε,
3107 3797 3258 3875 φησὶ,
3335 3794 3441 3854 Καὶ
3499 3796 3605 3852 τῶν
3656 3796 3836 3874 ἁμαρ-

2176 3884 2301 3938 τιῶν
2359 3881 2532 3938 αὐτῶν
2601 3884 2662 3940 οὗ
2723 3883 2800 3959 μὴ
2857 3886 3078 3959 μνησθῶ
3140 3874 3251 3943 ἔτι,
3317 3874 3472 3965 Ὀρᾷς
3529 3883 3609 3941 ὅτι
3665 3883 3838 3966 ἔμαρ-

2177 3972 2396 4050 τύρησεν
2454 3970 2641 4052 ἄφεσιν
2691 3973 3012 4053 ἁμαρτιῶν;
3074 3973 3205 4031 Τότε
3284 3971 3339 4030 δὲ
3427 3974 3659 4055 ἀφῶκεν,
3749 3973 3840 4033 ὅτε

2177 4066 2275 4127 τὴν
2345 4060 2463 4117 νέαν
2522 4058 2686 4117 ὲδίδου
2754 4059 3032 4132 διαθήκην.
3094 4063 3204 4130 Τὴν
3257 4060 3312 4119 δὲ
3384 4062 3505 4119 νέαν
3553 4061 3836 4145 διαθήκην,

2176 4148 2261 4205 διὰ
2328 4153 2426 4218 τῆς
2483 4152 2659 4215 θυσίας
2720 4149 2881 4208 ἔδωκε
2949 4151 3211 4233 1061106
3254 4151 3410 4210 αὐτοῦ
3470 4149 3646 4220 Ἰησοῦ
3703 4160 3841 4233 Χρι-

2176 4247 2302 4296 στοῦ
2343 4245 2435 4296 τοῦ
2494 4240 2682 4321 Κυρίου
2723 4243 2902 4316 ἡμῶν.
2957 4263 2980 4298 ι
3019 4231 3201 4301 υΟϊοιου
3231 4240 3285 4298 δὲ
3329 4240 3513 4320 ἄφεσις
3538 4243 3761 4302 τούτων.
3804 4267 3832 4299 3

2177 4336 2293 4387 Τῶν
2324 4330 2593 4408 ἁμαρτιῶν
2652 4327 2918 4398 δηλονότι.
2981 4354 3009 4387 α
3082 4331 3189 4390 Οὐκ
3248 4330 3324 4388 ἔτι
3389 4334 3663 4412 προσφορὰ
3717 4334 3840 4413 περὶ

440 4414 687 4476 cessitas
706 4423 803 4503 est
834 4415 1147 4478 multarum
1183 4417 1570 4494 oblationum,
1607 4438 1742 4482 cum
1790 4419 1964 4481 unica
1993 4419 2094 4481 illa

2182 4420 2455 4495 ἁμαρτίας.
2505 4443 2532 4476 3
2586 4420 2673 4484 Τίς
2716 4422 2840 4501 γὰρ,
2880 4423 3033 4500 φησὶ,
3062 4421 3219 4502 χρεία
3246 4419 3460 4478 πολλῶν
3491 4428 3833 4503 προσφορῶν,

439 4520 616 4584 quam
650 4502 918 4566 exhibuit
946 4504 1212 4569 Christus
1260 4507 1438 4569 fuerit
1466 4507 1767 4571 sufﬁciens
1816 4508 1890 4570 ad
1920 4508 2091 4571 aufe-

433 4592 629 4655 renda
658 4601 902 4674 peccata
930 4596 958 4656 ?

520 4681 592 4764 X,
634 4686 847 4747 19-23.
885 4686 1038 4748 Cum
1089 4685 1301 4768 igitur,
1349 4689 1613 4766 /ratres,
1656 4685 1984 4751 habeamus
2013 4687 2091 4752 li-

437 4771 734 4836 bertatem
784 4774 869 4837 ad
913 4775 1150 4838 aditum
1202 4780 1269 4838 in
1313 4784 1530 4841 sancta
1570 4793 1690 4857 per
1726 4779 2092 4856 sanguinem

436 4863 605 4940 Iesu,
627 4880 807 4944 quem
834 4864 1150 4929 innovavit
1171 4865 1345 4929 nobis
1362 4874 1655 4929 recentem
1678 4884 1748 4930 ac
1766 4869 2086 4942 viventem,

427 4970 545 5033 per
571 4957 1006 5022 velamentum.
1063 4955 1175 5017 hoc
1224 4962 1311 5018 est
1362 4972 1473 5035 per
1522 4972 1774 5018 carnem
1801 4973 2004 5032 suum,
2034 4964 2091 5020 et

433 5041 812 5105 sacerdotem
861 5060 1147 5124 magnum
1186 5048 1516 5125 perlectum
1565 5043 1779 5107 Domui
1821 5044 1960 5119 Dei,
1993 5064 2091 5108 ac-

429 5132 700 5194 cedemus
721 5148 859 5193 cum
891 5151 1026 5196 vero
1057 5133 1239 5197 corde
1285 5134 1353 5197 in
1389 5135 1759 5198 certitudine
1780 5134 1944 5214 ﬁdei,
1979 5153 2087 5198 as-

426 5220 628 5300 persis
682 5220 986 5304 cordibus,
1039 5240 1108 5285 ac
1165 5223 1421 5304 depulsa
1467 5225 1838 5287 conscientia
1894 5224 2085 5307 mala,

434 5316 491 5370 et
522 5307 715 5371 abluti
744 5324 993 5389 corpore
1022 5330 1183 5390 aqua
1201 5330 1390 5393 pura,
1419 5320 1729 5377 teneamus
1756 5317 2086 5393 confessio-

431 5414 572 5460 nem
601 5398 732 5477 spei
760 5415 881 5461 non
929 5402 1327 5466 vacillantem
1361 5422 1375 5464 :
1410 5403 1611 5484 ﬁdelis
1656 5404 1819 5467 enim
1866 5411 1950 5467 est
1978 5407 2088 5487 qui

423 5489 738 5569 promisit.

513 5578 801 5652 Quoniam
854 5584 1279 5646 demonstravit
1324 5586 1568 5648 multum
1606 5586 1898 5650 interesse
1935 5587 2091 5651 inter

438 5687 652 5733 novum
680 5680 735 5734 et
757 5682 923 5736 vetus
947 5679 1388 5748 testamentum,
1406 5674 1728 5737 acceditad
1748 5693 2089 5740 sermonem

2175 4514 2273 4574 τῆς
2304 4514 2429 4584 μιᾶς
2472 4508 2536 4577 ἣν
2569 4511 2792 4589 Χριστὸς
2820 4510 3181 4590 προσήγαγεν,
3236 4511 3536 4591 ἰσχυσάσης
3564 4510 3838 4591 περιελεῖν

2173 4599 2269 4663 τὰς
2301 4598 2558 4680 ᾁμαρτίας
2590 4618 2608 4680 ;

2260 4711 2288 4743 ι
2325 4677 2603 4771 ’Ἔχοντες
2621 4686 2733 4761 οὗν,
2779 4686 3012 4770 ἀδελφοὶ,
3060 4688 3353 4769 παῤῥησίαν
3383 4691 3458 4755 εἷς
3501 4691 3601 4759 τὴν
3625 4689 3839 4749 εἴσοδον

2172 4781 2279 4835 τῶν
2303 4780 2469 4858 ἁγίων
2498 4801 2553 4836 εν
2584 4785 2658 4854 τῷ
2713 4778 2904 4855 α’ίματι
2963 4778 3164 4860 Ἰησοῦ,
3211 4780 3279 4847 ἣν
3336 4779 3655 4838 ἐνεκαίνισεν
3695 4783 3838 4858 ἡμῖν

2174 4867 2290 4925 ὁδὸν
2337 4869 2643 4949 πρόσφατον
2690 4868 2778 4924 καὶ
2821 4874 2995 4940 ζῶσαν
3052 4868 3138 4925 διὰ
3192 4876 3283 4926 τοῦ
3331 4871 3833 4949 καταπετάσματος,

2170 4956 2431 5033 τουτέστι,
2462 4964 2562 5025 τῆς
2591 4959 2785 5038 σαρκὸς
2836 4960 3017 5031 αὐτοῦ,
3063 4960 3152 5016 καὶ
3192 4960 3334 5039 ἱερέα
3375 4960 3546 5039 μέγαν
3601 4960 3686 5017 ἐπὶ
3738 4964 3834 5017 τὸν

2172 5048 2327 5105 οἶκον
2356 5070 2447 5104 του
2491 5054 2641 5129 Θεοῦ,
2672 5049 3093 5129 προσερχώμεθα
3136 5052 3273 5126 μετὰ
3328 5049 3588 5119 ἀληθινῆς
3617 5049 3832 5130 καρδίας

2168 5141 2225 5194 ὲν
2293 5135 2625 5219 πληροφορίᾳ
2670 5138 2922 5215 πίστεως,
2995 5136 3386 5217 έρῤαντισμένοι
3448 5141 3544 5205 τὰς
3614 5137 3831 5221 καρδίας

2170 5227 2276 5284 ἀπὸ
2385 5227 2733 5299 συνειδήσεως
2832 5234 3090 5307 πονηρᾶς,
3190 5230 3278 5287 καὶ
3374 5228 3683 5306 λελουμένοι
3769 5232 3831 5287 τὸ

2169 5322 2326 5392 σῶμα
2408 5315 2553 5372 ὕδατι
2636 5321 2869 5398 καθαρῷ,
2957 5318 3277 5399 κατέχωμεν
3360 5322 3458 5388 τὴν
3542 5321 3832 5400 ὁμολογίαν

2168 5411 2266 5473 τῆς
2322 5403 2529 5471 ἐλπίδος
2586 5406 2800 5476 ἁκλινῆ.
2875 5408 3066 5472 Πιστὸς
3122 5409 3222 5487 γὰρ
3297 5412 3325 5465 6
3404 5408 3834 5489 ἐπαγγγειλάμε-

2169 5516 2282 5559 νος.
2350 5518 2372 5551 ο

2253 5582 2471 5654 Ἐπειδή
2514 5584 2750 5653 ἀπέδειξε
2792 5585 2928 5644 πολὺ
2968 5588 3030 5644 τὸ
3086 5587 3247 5664 μέσον
3295 5594 3394 5657 τῆς
3448 5587 3567 5653 νέας
3596 5589 3670 5656 ὡς
3700 5592 3832 5671 πρὸς

2172 5677 2266 5745 τὴν
2324 5674 2579 5751 παλαιάν,
2620 5674 2777 5744 ἦλθεν
2846 5678 2920 5739 είς
2974 5680 3065 5733 τὸν
3120 5679 3237 5757 περὶ
3291 5682 3519 5743 πίστεως
3571 5680 3660 5737 καὶ
3716 5679 3829 5758 βίου
