4136 6414
464 414 582 481 395

1590 416 2002 480 CECUMENII
2044 409 2341 475 TRICCE
2378 402 2713 471 EPISCOPI

3730 394 3848 461 396

464 569 631 632 spem
680 550 911 612 ﬁrmam
961 557 1021 614 et
1075 550 1513 612 inconcussam.
1548 548 1734 623 Quam
1793 550 2008 630 spem?
2037 547 2107 612 Ut

2196 546 2291 611 τῆς
2363 540 2571 608 ἐλπίδος
2646 543 2845 609 ταὺεης
2917 539 3206 619 ὁμολογίαν
3274 535 3510 632 βεϐαίαν·
3561 535 3686 632 καὶ..
3718 531 3847 632 ἀσά-

463 659 773 721 speremus
799 659 905 721 per
936 640 1283 719 sanguinem
1315 640 1536 701 Christi
1559 639 1866 704 introitum
1896 642 1958 702 in
1989 659 2114 702 coa-

461 728 607 811 lum,
644 733 801 811 quod
830 749 939 810 per
984 730 1177 809 ipsum
1232 729 1615 808 ignoscantur
1643 729 1815 791 nobis
1847 738 2111 811 peccata,

463 820 624 900 quod
661 838 767 898 per
786 819 980 900 ipsum
1016 819 1178 897 digni
1207 818 1538 880 habeamur
1568 819 1670 899 qui
1697 819 1758 880 in
1785 820 1937 881 ﬁlios
1963 820 2112 881 ado-

463 916 761 989 ptemur.a
789 909 1013 971 Fidelis
1042 911 1199 969 enim
1223 918 1313 971 est
1342 909 1442 989 qui
1475 908 1816 989 promisit.»
1849 912 1977 972 Hoc
1998 918 2109 984 est,

460 1014 656 1059 verax.
688 997 839 1069 Quid
871 1007 1071 1060 autem
1108 996 1424 1077 promisit?
1452 996 1618 1068 Quod
1655 998 2115 1078 ingrederemur

465 1085 529 1147 in
558 1106 808 1166 regnum
840 1087 1050 1168 ipsius.
1093 1087 1311 1161 «Volo,
1340 1086 1557 1167 inquit,
1592 1093 1655 1147 ut
1684 1087 1786 1148 ubi
1831 1106 1963 1149 sum
2003 1106 2112 1167 ego

466 1176 665 1256 etipsi
694 1176 816 1239 sint
858 1195 1090 1239 mecum
1119 1178 1202 1239 55.
1232 1202 1259 1233 ιι
1297 1175 1452 1238 Dixit
1482 1175 1663 1252 enim,
1696 1177 1837 1258 lpsi,
1874 1185 2116 1259 propter

466 1263 699 1328 ﬁdeles.

967 1448 1108 1509 598
1149 1446 1397 1511 CAPUT
1442 1445 1593 1511 XIV.

549 1538 930 1604 Exhortatio
985 1540 1065 1603 ad
1120 1542 1407 1683 virtgtem
1461 1560 1540 1605 ea:
1590 1543 1806 1604 timore
1834 1540 2038 1620 futuri

1173 1640 1236 1684 m
1287 1641 1413 1684 icu.

1198 1640 1413 1684 uaicu.

547 1714 619 1788 Χ,
659 1714 877 1777 24-25.
906 1715 989 1777 Et
1016 1640 1590 1778 consideremusnos
1625 1716 1884 1778 invicem
1914 1716 1980 1777 in
2005 1715 2116 1778 hoc

466 1810 534 1867 ut
558 1822 947 1885 provocemus
966 1806 1045 1866 ad
1070 1806 1440 1869 charitatem
1476 1814 1536 1867 et
1570 1805 1727 1868 bona
1754 1823 1964 1884 opera,
1994 1824 2116 1869 non

465 1894 801 1957 deserentes
830 1896 1296 1975 aggregationes
1348 1896 1568 1972 nostri,
1628 1896 1811 1957 sicuti
1850 1913 1977 1957 mos
2025 1903 2116 1957 est

460 1983 813 2046 nonnullis:
849 1966 956 2046 sed
985 1966 1401 2060 ealzortantes,
1421 1966 1604 2064 idque
1633 1985 1944 2063 hocmagis
1960 1985 2107 2063 quod

2199 1973 2447 2024 τοσοῦτον
2544 1966 2770 2047 μᾶλλον,

460 2073 678 2136 videtis
707 2074 1295 2155 appropinquantem
1319 2074 1502 2136 diem.

546 2162 665 2225 (Ει
691 2162 1137 2225 consideremus
1168 2182 1276 2224 nos
1331 2162 1611 2237 invicem,
1655 2187 1676 2216 ι
1706 2162 1862 2243 quod
1898 2161 2127 2223 fratres.

462 2252 651 2314 simus
680 2272 694 2311 :
720 2252 875 2332 quod
905 2270 1046 2330 grex
1087 2270 1240 2312 unus
1271 2252 1446 2313 unius
1480 2251 1735 2332 pastoris
1762 2272 1775 2312 :
1809 2252 1921 2313 hoc
1954 2251 2112 2312 enim

464 2341 705 2419 augebit
735 2353 1002 2402 mutuam
1030 2340 1562 2403 dilectionem.Aut
1593 2340 2047 2402 consideremus
2064 2340 2114 2401 si

469 2431 603 2511 quis
633 2429 855 2511 probus
901 2430 997 2502 sit,
1030 2437 1095 2489 ut
1149 2430 1309 2493 huuc
1354 2430 1642 2493 imitetur.
1674 2431 1789 2492 Aut
1836 2430 1997 2491 circa
2044 2448 2114 2492 ea

464 2519 852 2590 nostinvicem
900 2518 1369 2597 consideremus,
1418 2538 1665 2601 quorum
1708 2518 2023 2582 curiositas
2055 2527 2113 2579 et

467 2617 807 2670 scrutamen
840 2625 909 2668 ac
950 2606 1451 2683 consideratio,ad
1475 2607 1856 2671 dilectionem
1878 2608 2115 2670 exacuit

462 2704 523 2759 et
541 2697 786 2758 incitat:
823 2697 936 2759 hoc
956 2703 1151 2758 autem
1185 2697 1410 2760 faciunt
1438 2698 1540 2778 qui
1583 2697 1731 2760 nihil
1766 2697 2110 2778 pravumde

464 2805 529 2847 se
552 2786 807 2849 invicem
856 2786 1078 2866 ferunt,
1113 2791 1314 2848 omnia
1358 2796 1553 2849 autom
1584 2787 1646 2847 in
1671 2786 1888 2848 bonam
1911 2804 1976 2847 ac
2012 2803 2102 2847 sa-

463 2876 697 2937 niorem
732 2885 958 2956 partem
992 2875 1488 2957 rejiciunt,etiam
1519 2894 1651 2956 qua;
1678 2875 1953 2937 videntur
1980 2892 2109 2937 esse

468 2964 704 3027 delicta.
743 2989 764 3021 α
799 2965 871 3028 Ut
894 2982 1287 3044 provocemus
1313 2965 1385 3026 ad
1420 2965 1791 3028 charitatem.
1823 2989 1849 3020 ι)
1884 2962 1960 3027 Ut
1979 2980 2111 3026 exa-

467 3070 716 3113 cnamus
765 3059 823 3113 et
865 3070 1182 3131 augeamus
1236 3060 1498 3114 mutuam
1538 3051 1941 3113 dilectionem.
1980 3074 2006 3107 α
2038 3049 2111 3112 Et

460 3139 621 3203 bona
650 3140 974 3220 opera.nEt
1004 3148 1066 3201 ut
1097 3159 1451 3203 exacuamur
1479 3142 1550 3203 ad
1575 3139 1928 3201 imitandum
1974 3138 2109 3201 illos

2197 632 2401 695 λευτον,
2466 634 2625 696 Ποίας
2684 629 2943 711 ἐλπίδοςς
3018 631 3089 688 Τὸ
3145 628 3372 700 ἐλπίζειν
3442 624 3527 681 διὰ
3595 622 3689 711 τοῦ
3759 619 3854 677 αἵ-

2196 744 2362 798 ματος
2415 728 2507 778 τοῦ
2566 727 2792 799 Χριστοῦ
2860 723 2958 787 τὴν
3016 720 3089 782 εἰς
3146 720 3393 795 οὒρανοῦς
3465 710 3737 799 siccam.“
3780 711 3854 768 Τὸ

2196 797 2441 891 ἀφεῖσθαι
2499 797 2635 885 ἡμῖν
2691 807 2759 866 δι’
2818 808 2975 868 αὐτοῦ
3028 808 3123 872 τὰς
3180 805 3465 885 ἁμαρτίας.
3524 803 3619 882 Τὸ,
3680 797 3853 866 ἀξιω-

2195 902 2445 970 θήσεσθαι
2500 900 2753 962 υἱοθεσίας
2815 895 2881 954 δι’
2926 899 3108 956 αὐτοῦ.
3189 918 3211 952 σ
3261 895 3454 959 Πιστὸς
3510 893 3636 972 γὰρ,
3661 913 3690 946 ³
3723 909 3856 945 ταδ’

2196 988 2392 1064 τέστιν,
2450 1012 2477 1044 α
2510 987 2713 1056 ἀληθὴς
2773 989 2802 1044 ὁ
2845 985 3318 1065 ἐπαγγειλάμενος.
3367 1007 3396 1040 ι
3445 982 3506 1042 Τί
3561 980 3617 1037 δί
3686 979 3857 1058 ἐπηγο

2194 1077 2408 1156 γειλατο
2443 1096 2460 1159 ς
2506 1081 2567 1134 τὸ
2596 1075 2850 1134 εἰσελθεῖν
2876 1078 3019 1151 ἡμᾶς
3066 1077 3140 1140 εἰς
3198 1075 3294 1143 τὴν
3352 1070 3622 1151 βασιλείαν
3665 1071 3850 1129 αὐτοῦ·

2201 1191 2230 1223 α
2264 1165 2415 1225 Θὲλω
2443 1167 2566 1247 γὰρ,
2619 1167 2802 1248 φησὶν,
2858 1165 2952 1223 ἵνα
3015 1162 3150 1222 ὅπου
3206 1165 3312 1240 εἰμὶ
3376 1162 3508 1243 ἐγὼ,
3567 1161 3655 1218 καὶ
3706 1161 3852 1216 οὗτοι

2196 1258 2297 1315 ῶσι
2327 1255 2444 1333 μετ’
2477 1256 2629 1332 ἐμοῦ.
2683 1278 2707 1315 ι
2771 1257 2843 1314 Τὸ
2885 1256 3008 1337 γὰρ,
3056 1256 3234 1315 Οὗτοι.
3291 1252 3376 1311 διὰ
3443 1252 3562 1318 τώς
3632 1249 3857 1312 πιστοὺς

2198 1346 2378 1412 εἶπεν.

2830 1443 3079 1498 asciuit.
3118 1424 3231 1497 ω’.

2284 1549 2313 1582 ι
2352 1529 2633 1609 Προτροπὴ
2675 1525 2909 1592 σπουδῆς
2933 1527 3102 1662 ίκατὰ
3137 1521 3301 1605 φρϐον
3328 1527 3430 1591 τῆς
3474 1520 3771 1601 μελλούσης

2864 1629 2928 1662 κο
2949 1629 3107 1662 σεως-
3146 1629 3174 1661 ι

2864 1629 3107 1687 κρίσεως.
3146 1629 3174 1661 ³

2282 1719 2304 1751 ε
2344 1698 2442 1756 Καὶ
2485 1705 2829 1774 κατανοῶμεν
2868 1695 3133 1767 ἀλλήλους
3165 1697 3238 1758 εἷς
3269 1692 3603 1774 παροξυσμὸν
3636 1691 3854 1770 ἀγάπης

2200 1787 2284 1842 καὶ
2315 1786 2493 1843 καλῶν
2525 1786 2714 1868 ἔργων,
2748 1788 2826 1863 μὴ
2857 1786 3299 1866 ἐγκαταλιπόντες
3320 1785 3419 1851 τὴν
3442 1780 3849 1859 ἐπισυναγωγὴν

2196 1875 2419 1950 ἑαυτῶν,
2478 1879 2650 1941 καθὼς
2696 1876 2810 1943 ἔθος
2869 1877 3027 1956 τισὶν,
3085 1874 3222 1932 ἀλλὰ
3264 1872 3714 1952 παρακαλοῦντες,
3762 1871 3852 1926 καὶ

2872 1965 2981 2039 ὅσῳ
3062 1963 3284 2042 βλέπετε
3366 1963 3670 2041 ἐγγίζουσαν
3748 1960 3849 2025 τὴν

2194 2055 2417 2136 ἡμέραν,
2462 2080 2483 2112 ι
3042 2112 3046 2116 .

2283 2168 2310 2200 τι
2401 2148 2495 2204 Καὶ
2563 2147 2980 2223 κατανοήσωμεν
3033 2143 3324 2219 ἀλλήλους,
3396 2167 3423 2199 ι
3486 2141 3590 2219 ὅτι,
3664 2144 3849 2223 φησὶν,

2196 2233 2407 2314 ἀδελφοί
2489 2234 2671 2311 ἐσμεν,
2760 2235 2841 2292 ὅτι
2912 2235 3113 2310 ποίμνη
3199 2234 3292 2309 μία
3372 2232 3624 2308 ποιμένος
3708 2233 3853 2314 ὲνόξ.

2195 2303 2359 2381 Tauro
2403 2326 2501 2403 γὰρ
2551 2303 2782 2395 ἀὐξήσει
2839 2327 2939 2392 τὴν
3006 2303 3083 2388 ἐἷς
3141 2303 3403 2393 ἀλλήλους
3460 2303 3694 2400 ἀγάπην,
3788 2303 3851 2378 Ἦ

2195 2419 2537 2491 κατανοῶμεν
2581 2412 2635 2470 εἴ
2677 2436 2758 2477 τις
2828 2414 3092 2491 ἐνάρετος,
3165 2411 3259 2467 ἵνα
3328 2419 3512 2468 τοῦτον
3568 2409 3842 2487 ζηλῶμεν,

2202 2482 2261 2557 ’Ϊτί
2316 2482 2451 2580 περὶ.
2478 2502 2658 2560 ἐκεῖνα
2700 2482 2991 2577 ἀλλήλους,
3036 2482 3403 2577 κατανοῶμεν,
3462 2503 3537 2556 ῶν
3579 2504 3615 2570 ἡ
3669 2482 3845 2557 πολυ-

2193 2593 2542 2670 πραγμοσύνη
2611 2594 2700 2649 καὶ
2769 2590 2949 2669 ’ἐρευνα
3018 2592 3105 2648 καὶ
3174 2591 3496 2658 κατανόησις
3555 2592 3626 2655 εἰς
3702 2590 3846 2669 ἀγά-

2193 2702 2303 2747 πην
2372 2680 2535 2753 ἀκονᾷ
2591 2682 2680 2738 καὶ
2729 2682 3045 2761 παραθήγει.
3102 2679 3267 2739 Τοῦτο
3349 2678 3404 2736 δὲ
3474 2686 3712 2736 παριοῦσιν
3798 2682 3846 2736 οἱ

2194 2767 2388 2848 φαυλον
2472 2771 2572 2846 μὲν
2653 2771 2772 2850 περὶ
2868 2768 3143 2842 ἀλλήλων,
3245 2767 3411 2846 μηδὲν
3491 2768 3846 2850 ἀνεχόμενοι,

2194 2857 2363 2914 πάντα
2404 2856 2459 2914 δὲ
2502 2861 2574 2923 εἰς
2614 2861 2677 2916 τὸ
2719 2859 2914 2937 ἀγαθὸν
2978 2860 3067 2915 καὶ
3126 2856 3343 2934 ἄμεινον
3399 2855 3843 2935 ἐκλαμϐάνοντες,

2191 2948 2279 3002 καὶ
2337 2948 2370 3003 ἃ
2423 2945 2573 3006 δοκεῖ
2631 2948 2774 3006 εἶναι
2818 2946 3194 3024 ἐλαττώματα,
3272 2970 3300 3003 ι
3360 2948 3450 3011 Εἰς
3512 2945 3849 3023 παροξυσμὸν

2191 3035 2429 3114 ἀγάπης.
2506 3060 2530 3096 ι
2606 3039 2693 3104 Εἷς
2774 3040 2834 3093 τὸ
2917 3036 3198 3116 παροξῦναὶ
3269 3038 3357 3094 καὶ
3440 3036 3660 3104 αὐξῆσαι
3744 3038 3847 3104 τὴν

2191 3126 2266 3188 εἷς
2308 3124 2572 3197 ἀλλήλους
2627 3128 2866 3206 ἀγάπην.
2928 3150 2949 3183 ι
3017 3129 3115 3185 Καὶ
3166 3125 3342 3183 καλῶν
3399 3125 3586 3204 ἔργων,
3655 3148 3682 3180 ι
3744 3127 3847 3183 Καὶ

461 3229 564 3309 qui
586 3192 897 3290 versantur
924 3228 985 3288 in
1012 3228 1186 3290 bonis
1218 3229 1518 3310 Operibus.
1550 3254 1578 3285 α
1612 3229 2104 3310 Aggregationem

2196 3213 2280 3270 ἵνα
2350 3192 2750 3297 παροξυνθῶμεν
2802 3192 2996 3288 ζηλοῦν
3063 3217 3183 3282 τοὺς
3253 3216 3307 3272 ἐν
3361 3192 3581 3295 ἀγιαθοϊς
3640 3213 3841 3295 ἔργοις.

460 3316 793 3379 ηοειι-ἰ.ιυι
823 3335 1064 3397 semper
1091 3317 1151 3378 in
1178 3317 1453 3380 eumdem
1501 3319 1696 3380 locum
1726 3317 2103 3392 conveniant,

467 3405 808 3467 dilectionis
836 3415 931 3468 est
958 3406 1371 3486 productivum
1404 3427 1416 3471 :
1452 3407 1676 3469 idcirco
1710 3406 1985 3487 prohibet
2012 3425 2108 3469 se-

460 3495 830 3575 parationem
855 3518 867 3553 :
894 3512 1043 3574 opus
1073 3495 1232 3555 enim
1267 3496 1569 3557 charitatis
1599 3515 1716 3556 non
1748 3504 1838 3557 est
1866 3494 2099 3570 divisio,

461 3585 567 3646 sed
600 3584 770 3645 fortis
796 3592 854 3645 et
884 3593 1084 3645 exacta
1109 3586 1768 3665 unio.Aggregationem
1790 3584 2108 3664 appellavit.

459 3682 729 3735 mutuum
787 3690 1169 3736 consensum.
1212 3699 1238 3729 α
1265 3676 1383 3735 Sed
1432 3675 1834 3736 exhortantes.
1874 3698 1900 3727 »
1929 3672 2105 3745 Ωιιεε-

460 3762 651 3824 nam?
706 3762 1180 3842 aggregationem
1244 3764 1452 3839 nostri,
1504 3765 1617 3827 hoc
1664 3772 1778 3837 est,
1815 3770 2100 3826 mutuam.

462 3850 608 3913 Nam
628 3870 662 3912 a
684 3852 988 3913 communi
1019 3871 1199 3914 sensu
1242 3854 1670 3915 resumendum
1706 3861 1794 3915 est
1822 3870 2104 3931 aggrega-

453 3941 676 4002 tionem
710 3942 919 4003 nostri.
976 3940 1317 4004 Exhortatio
1352 3960 1490 4004 vero
1530 3942 1963 4022 aggregalionis
1992 3949 2100 4017 est,

449 4037 519 4091 ut
546 4039 815 4111 prompte
834 4039 892 4091 et
922 4030 1101 4111 longo
1127 4040 1396 4113 tempore
1418 4032 1587 4093 nobis
1621 4041 1821 4092 mutuo
1845 4034 2105 4109 conjun-

450 4137 766 4197 gamur.—
796 4119 927 4181 Alio
967 4122 1160 4183 modo.
1203 4147 1231 4177 α
1277 4121 1394 4184 Sed
1453 4124 1852 4183 exhortantes.
1902 4144 1925 4177 η
1977 4122 2098 4181 lm-

452 4207 790 4269 becilliores
819 4209 1196 4271 videlicet.Et
1231 4218 1415 4287 tanto,
1446 4211 1661 4292 inquit,
1697 4209 1867 4270 nobis
1918 4209 2103 4288 magis

453 4314 600 4377 opus
635 4306 724 4357 est
773 4297 1123 4360 charitatem
1172 4319 1240 4361 ac
1270 4301 1425 4361 bona
1456 4319 1637 4380 Opera
1669 4299 2012 4359 desiderare
2047 4307 2104 4357 et

451 4385 724 4466 adipisci,
752 4395 969 4465 quanto
1025 4406 1211 4469 magis
1255 4393 1692 4469 appropinquat
1718 4388 2098 4466 diesjudicii.

451 4476 579 4538 Hoc
636 4483 833 4536 autem
895 4483 1069 4537 etiam
1117 4479 1190 4539 ad
1248 4479 1715 4540 consolationem
1775 4478 1920 4557 ipsis
1954 4487 2100 4553 erat,

451 4583 670 4645 nempe
703 4564 1035 4642 defatigatis
1068 4575 1309 4648 propter
1334 4568 1707 4629 altlictiones.

531 4654 1133 4729 599X,‘26-31.Nam
1156 4659 1260 4720 ubi
1280 4661 1625 4721 voluntarie
1639 4674 1955 4738 peccamus
1973 4666 2104 4736 post

448 4755 754 4825 acceptum
772 4748 1167 4825 cognitionem
1189 4743 1611 4828 veritatis,non
1635 4747 1807 4809 ultra
1837 4764 1945 4828 pro
1957 4762 2103 4827 pec-

450 4841 604 4897 catis
627 4834 865 4913 reliqua
902 4843 988 4895 est
1027 4835 1360 4912 hostia,sed
1397 4835 1802 4916 formidabilis
1827 4837 2107 4916 quaedam

449 4925 1042 5004 exspectatiojudicii
1053 4933 1105 4989 et
1118 4929 1285 5005 ignis
1300 4926 1469 4989 zelus
1485 4927 1586 5006 qui
1607 4926 2003 4988 devoraturus
2021 4929 2108 4988 est

450 5013 869 5076 adversarios.
884 5014 1010 5091 Qui
1034 5023 1397 5096 aspernatus
1410 5015 1761 5095 fueritMosi
1784 5013 2106 5096 legem,ab-

446 5117 591 5179 sque
629 5103 1065 5166 misericordia
1098 5107 1208 5168 sub
1243 5107 1476 5169 duobus
1511 5110 1620 5167 aut
1650 5104 1842 5168 tribus
1863 5104 2108 5167 tcstibus

443 5190 981 5265 moritur.Quanto
996 5197 1228 5273 putatis
1241 5198 1438 5277 pejori
1454 5194 1770 5275 afﬁcietur
1785 5195 2101 5273 supplicio,

446 5283 555 5357 qui
583 5277 808 5340 Filium
840 5279 958 5342 Dei
984 5284 1498 5361 conculcaverit,et
1522 5285 1884 5363 sanguinem
1916 5289 2099 5345 testa-

443 5367 632 5429 menti
650 5384 1025 5432 communem
1039 5373 1321 5438 habuerit
1332 5392 1449 5455 per
1462 5391 1639 5454 quem
1660 5373 1865 5451 fuerat
1877 5378 2101 5435 sancti-

442 5456 746 5537 ﬁcatns,et
761 5459 1048 5537 spiritum
1072 5465 1292 5542 gratiae
1312 5466 1542 5542 injuria
1562 5460 1875 5543 affecerit?
1901 5460 2097 5526 Novi-

445 5562 580 5607 mus
609 5547 773 5608 enim
805 5564 942 5609 eum
990 5553 1096 5631 qui
1133 5554 1298 5616 dixit
1317 5560 1337 5582 '
1369 5558 1570 5617 Meum
1600 5562 1686 5615 est
1726 5552 1955 5633 ulcisci,
1988 5572 2098 5635 ego

522 5707 786 5774 5510mm.
819 5727 937 5790 xw,
981 5711 1079 5780 24.

2195 3326 2223 3359 α
2283 3305 2392 3372 Τὴν
2434 3306 2520 3363 ἐπὶ
2571 3308 2884 3386 συναγωγὴν
2956 3307 3176 3365 ἑαυτῶν.
3224 3325 3255 3366 )
3314 3307 3385 3363 Τὸ
3441 3307 3541 3385 γὰρ
3597 3305 3678 3362 ἀεὶ
3721 3327 3844 3362 συν-

2187 3398 2355 3475 ῆχθαι
2386 3395 2471 3452 ἐπὶ
2499 3399 2560 3453 τὸ
2589 3399 2739 3458 αὐτὸ.
2773 3397 2986 3475 ἀγάπης
3047 3395 3155 3453 ἐστὶ
3199 3396 3533 3475 γεννητικόν.
3597 3397 3690 3451 Διὸ
3747 3396 3842 3453 τὸν

2187 3474 2463 3564 χωρισμὸν
2537 3474 2871 3565 ἀπαγορεύει.
2963 3474 3164 3564 ’Ἔργον
3214 3474 3343 3565 γὰρ
3422 3490 3521 3552 τῆς
3597 3484 3837 3564 ἀγάπης,

2189 3578 2292 3654 οὐχ
2348 3579 2382 3643 ἡ
2440 3574 2709 3657 διαίρεσις,
2768 3575 2886 3631 ἀλλ’
2944 3577 2979 3645 ἢ
3038 3573 3256 3655 ἀκριϐής
3310 3574 3520 3638 ἔνωσις.
3582 3572 3837 3633 Ἐπισυν-

2189 3665 2405 3743 αγωγὴν
2447 3672 2546 3733 τήν
2592 3666 2893 3747 συμφωνίαν
2949 3664 3218 3725 ἐκάλεσεν.
3273 3685 3298 3722 ι
3361 3663 3525 3722 Ἀλλὰ
3579 3686 3834 3738 παρακα-

2187 3751 2421 3817 λοῦντες.
2457 3774 2486 3814 ι
2537 3757 2707 3836 Τίνα,
2768 3762 2864 3823 τήν
2922 3754 3329 3835 ἐπισυναγωγὴν
3392 3756 3612 3832 ἑαυτῶν,
3678 3778 3834 3812 τουτ-

2189 3843 2350 3920 έστιν,
2396 3844 2685 3915 ἀλλήλους.
2744 3843 2880 3901 Ἀπὸ
2932 3853 3112 3903 κοινοῦ
3165 3847 3265 3925 γὰρ
3319 3846 3419 3909 τὴν
3503 3845 3838 3926 ἐπισυναγω-

2187 3934 2288 4010 γὴν
2348 3934 2546 3991 ἑαυτῶν
2602 3933 2856 4002 ληπτέον.
2951 3933 3287 4013 Παράκλησις
3364 3932 3419 3990 δὲ
3498 3935 3840 4015 ἐπισυναγω-

2185 4027 2313 4101 γῆς,
2397 4026 2458 4079 τὸ
2543 4026 2842 4103 προθύμως,
2929 4025 3015 4081 καὶ
3071 4023 3155 4081 διὰ
3207 4034 3410 4125 μακροῦ
3478 4032 3571 4082 τοῦ
3642 4027 3839 4105 χρόνου

2185 4111 2620 4170 ἐπισυνάπτεσθαι
2659 4116 2891 4178 ἑαυτοῖς.
2927 4149 3001 4160 -
3054 4114 3267 4193 [ΦΩΤᾸ
3328 4111 3568 4181 Ἀλλως.
3611 4134 3640 4174 ι
3673 4114 3840 4172 Ἀλλά

2185 4202 2632 4280 παρακαλοῦντες.
2696 4229 2723 4259 )›
2787 4215 2915 4269 Τοῖς
2974 4205 3361 4283 ἀσθενεστέροις
3406 4203 3675 4272 δηλονότι.
3740 4207 3844 4263 Καὶ

2185 4293 2441 4367 τοσούτῳ,
2475 4296 2625 4375 φησὶ,
2660 4293 2861 4370 μᾶλλον
2905 4292 2987 4350 δεῖ
3036 4294 3175 4369 ἡμῖν
3239 4294 3453 4373 ἀγάπης
3511 4296 3597 4351 καὶ
3653 4294 3837 4351 καλῶν

2186 4378 2321 4457 ἕγων
2344 4382 2751 4464 ἀντιποιεῖσθαι,
2784 4383 2892 4457 ὅσῳ
2922 4382 3123 4460 μᾶλλον
3153 4382 3435 4454 πλησιάζει
3466 4387 3501 4453 ἠ
3532 4383 3705 4464 ἡμέρα
3740 4389 3840 4451 τῆς

2257 4470 2266 4488 Ι
2537 4483 2559 4491 υ
2662 4471 2699 4491 κς
2808 4476 2819 4493 ς
3106 4475 3116 4491 Ι
3182 4472 3207 4493 γ
3312 4472 3325 4491 3
3524 4474 3536 4493 9

2185 4492 2425 4547 κρισεως.
2463 4483 2625 4531 Τουτο
2655 4482 2709 4529 ὸε
2739 4496 2824 4529 και
2853 4477 3151 4549 παραμυθια
3178 4495 3243 4539 ην
3275 4487 3479 4550 αυτοῖς,
3514 4473 3843 4554 ἀπειρηκόσι

2126 4563 2169 4612 D
2188 4562 2317 4636 πρὸς
2348 4563 2467 4625 τοὺς
2497 4565 2841 4642 πειρασμούς.

2271 4671 2300 4706 σ
2383 4656 2646 4716 Εκουσίως
2724 4655 2824 4732 γὰρ
2894 4653 3301 4730 ἁμαρτανόντων
3374 4654 3531 4730 ἡμῶν
3586 4654 3722 4731 μετά
3779 4655 3845 4710 τὸ

2188 4737 2372 4797 λαϐεῖν
2456 4743 2555 4812 τήν
2640 4742 2920 4823 ἐπίγνωσιν
3021 4744 3119 4809 τῆς
3224 4741 3497 4820 ἀληθείας,
3584 4745 3677 4800 οὐκ
3761 4741 3841 4800 ἔτι

2188 4830 2307 4908 περὶ
2391 4832 2662 4912 ἁμαρτιῶν
2764 4831 3105 4889 ἀπολείπεται
3191 4834 3337 4889 θυσία
3373 4848 3387 4863 ⁸
3491 4831 3687 4913 φοϐερὰ
3783 4831 3843 4888 δέ

2187 4941 2266 4984 τις
2351 4919 2551 5002 ἐκδοχὴ
2646 4922 2865 5001 κρίσεως
2967 4924 3052 4979 καὶ
3149 4924 3309 5002 πυρὸς
3406 4922 3567 4994 ζῆλος
3649 4922 3843 4979 ἐσθίειν

2190 5007 2478 5085 μέλλοντος
2561 5012 2683 5077 τοὺς
2763 5013 3123 5077 ὑπεναντίους.
3218 5012 3511 5082 Ἀθετήσας
3595 5032 3674 5076 τις
3756 5012 3847 5068 νόε-

2189 5120 2286 5176 μον
2360 5100 2621 5167 Μωυσέως
2692 5105 2857 5182 χωρὶς
2931 5103 3215 5181 οἰκτιρμῶν
3287 5101 3374 5157 ἐπὶ
3431 5099 3571 5158 δυσὶν
3629 5101 3665 5170 ἢ
3707 5103 3851 5181 τρισὶ

2189 5191 2439 5270 μάρτυσιν
2549 5192 2898 5261 ἀποθνήσκει.
3028 5192 3185 5266 Πόσῳ
3286 5189 3494 5249 δοκεῖτε
3606 5192 3853 5271 χείρονος

2182 5278 2528 5351 ἀξιωθήσεται
2624 5282 2904 5363 τιμωρίας,
3010 5285 3038 5339 ὁ
3139 5283 3230 5337 τὸν
3336 5282 3455 5336 Υίὸν
3538 5289 3631 5339 τοῦ
3714 5288 3852 5339 Θεοῦ

2180 5375 2587 5449 καταπατήσας,
2660 5375 2749 5429 καὶ
2813 5376 2874 5429 τὸ
2946 5378 3087 5450 αἷμα
3154 5376 3252 5441 τῆς
3311 5369 3573 5442 διαθήκης
3665 5375 3849 5431 κοινὸν

2179 5462 2543 5545 ἡγησάμενος,
2602 5462 2657 5520 ἐν
2715 5465 2761 5518 ὦ
2828 5464 3078 5544 ἡγιάσθη,
3154 5463 3243 5519 καὶ
3310 5463 3370 5518 τὸ
3449 5467 3657 5539 πνεῦμα
3737 5462 3841 5532 τῆς

2179 5554 2398 5633 χάριτος
2494 5551 2783 5632 ἐνυϐρίσας,
2896 5552 3129 5630 Οἴδαμεν
3238 5553 3336 5632 γὰρ
3419 5553 3510 5609 τὸν
3593 5552 3835 5630 εἰπόντα,
