4136 6474
256 449 364 517 397

1329 453 1726 520 COMMENT.
1773 451 1856 516 IN
1898 448 2141 515 EPIST.
2187 453 2292 516 AD
2331 451 2561 516 HEBR.

3515 442 3635 514 398

254 583 393 662 Ἐμοὶ
422 585 715 668 ἐκδίκησις,
764 587 873 667 ἐγὼ
927 584 1309 661 ἀνταποδώσω,
1363 586 1505 666 λέγει
1556 587 1765 665 Κύριος,
1802 584 1900 645 Καὶ

1986 584 2338 663 rependam,
2372 584 2518 647 dicit
2544 583 2861 647 Dominus.
2892 581 2978 647 Et
3016 599 3305 646 rursum:
3342 584 3639 648 Dominus

249 672 396 731 πάλιν
427 692 442 707 ·
478 677 668 755 Κύριος
695 690 869 751 κρινεῖ
889 679 981 734 τὸν
1002 676 1131 734 λαὸν
1161 679 1339 737 αὐτοῦ.
1373 673 1605 756 Φοϐερὸν
1638 677 1699 733 τὸ
1730 676 1890 752 ἐμπε-

1986 673 2270 737 ῖιιιίίεαὺίι
2297 682 2591 755 poputum
2616 691 2820 737 suum.
2852 673 3243 739 Horrendum
3261 681 3345 738 est
3368 675 3639 739 incidere

247 778 352 822 σετν
376 766 449 847 εἰς
493 779 688 847 χεῖρας
721 773 855 825 Θεοῦ
896 772 1118 838 ζῶντος.
1157 788 1182 825 ι)

326 877 353 910 σ
387 846 671 921 Ἑκουσίως
700 856 825 937 γάρ.
865 878 889 914 t
928 890 1005 902 —
1049 855 1382 935 [OIKOI‘MJ
1420 846 1608 937 Ὠς-τά
1648 876 1709 934 γε
1734 853 1890 913 ἀκού-

248 965 331 1001 σια
366 935 724 1027 ἐλαφροτέραν
772 935 890 1027 ἔχει
949 947 1048 1015 τὴν
1101 947 1387 1025 τιμωρίαν.
1456 963 1486 1004 (
1526 935 1888 1024 Ἀμαρτανόν-

246 1054 344 1091 των
369 1034 549 1111 ἡμῶν.
608 1057 632 1092 ι
690 1035 1001 1113 Σημείωσαι
1058 1033 1140 1092 ὅτι
1183 1038 1279 1094 οὒκ
1321 1035 1477 1092 εἶπεν
1546 1035 1893 1114 ἁμαρτησάν-

247 1144 365 1203 των,
426 1122 564 1182 ἀλλὰ
616 1131 695 1200 τῷ
730 1132 1097 1204 ,παρατατικῷ
1152 1125 1449 1206 ἒχρήσατο,
1505 1121 1671 1206 δεῖξαι
1728 1122 1893 1181 θέλων

246 1212 305 1268 τὸ
329 1202 454 1293 ἄχρι
478 1214 733 1282 τελευτῆς
798 1202 1064 1291 ἐπιμένειν
1107 1202 1479 1294 τῇηᾶμαρτίᾳ.
1545 1202 1738 1270 ⁷Ἐνθεν
1793 1213 1892 1293 γὰρ

249 1301 470 1379 μάλιστα
538 1301 725 1378 δῆλον,
791 1302 872 1362 ὅτι
948 1304 1043 1362 οὒκ
1104 1303 1312 1384 ἀναιρεῖ
1393 1303 1494 1372 τὴν
1580 1302 1888 1379 μετάνοιαν.

255 1412 282 1449 σ
325 1393 469 1456 Μετᾶ
524 1395 585 1451 τὸ
614 1391 830 1451 λαϐεῖν
884 1394 983 1462 τὴν
1034 1393 1339 1472 ἐπίγνωσιν.
1387 1411 1418 1453 )
1479 1391 1749 1469 Τουτέστι,
1794 1392 1893 1459 τὴν

247 1484 356 1562 περὶ
411 1490 637 1565 Χριστοῦ
694 1484 893 1547 πίστιν,
945 1505 974 1539 ιι
1021 1483 1130 1542 Οὔκ
1183 1481 1260 1540 ἔτι
1328 1483 1450 1565 περὶ
1519 1484 1812 1561 ἁμαρτιῶν.
1863 1506 1890 1537 ι

250 1559 334 1636 Εἷς
379 1559 786 1650 ⁸τδ-ἒξαλεϊιὶιαι
856 1574 951 1638 τὰς
1021 1571 1307 1652 ἁμαρτίας.
1365 1559 1534 1629 Ἦσαν
1589 1559 1689 1650 γὰρ
1757 1571 1897 1651 παρὰ

248 1659 510 1729 Ἰουδαίοις
570 1662 993 1743 προσφερόμεναι
1063 1661 1231 1718 θυσίαι
1301 1661 1431 1739 ὑπὲρ
1499 1660 1737 1742 ἀφέσεως
1795 1663 1894 1718 αὖ·

245 1759 370 1833 τῶν,
412 1753 491 1828 μὴ
533 1751 615 1809 ὅτι
671 1753 759 1810 καὶ
788 1751 989 1810 ἐκεῖναι
1046 1751 1178 1829 ὑπὲρ
1222 1749 1505 1813 ἀκουσίων,
1552 1772 1575 1807 ιι
1641 1749 1895 1808 Ἀπολεί-

246 1862 396 1899 πεται
451 1842 620 1903 θυσία.
663 1865 687 1899 ι
726 1844 835 1901 Οὐκ
889 1841 1099 1919 ἀναιρεῖ
1153 1840 1251 1907 τὴν
1307 1841 1612 1916 μετάνοιαν,
1658 1840 1735 1916 μὴ
1793 1840 1891 1919 γέ-

1972 761 2041 824 in
2069 781 2288 827 manus
2319 765 2426 826 Dei
2456 765 2742 827 viventis.

2058 876 2086 909 ιι
2119 851 2266 915 Nam
2301 853 2402 915 ubi
2435 852 2783 916 voluntarie.
2825 875 2848 910 ι)
2887 850 3639 934 Tanquaminvoluntaria

1971 940 2158 1004 levius
2218 943 2562 1023 puniantur.
2629 967 2653 999 ιι
2711 944 3060 1007 Peccamus.
3108 962 3135 1007 ι
3210 942 3637 1007 Animadverte

1975 1030 2133 1111 quod
2156 1049 2272 1093 non
2303 1031 2523 1095 dixerit
2545 1033 2944 1113 peccavimus,
2977 1032 3079 1094 sed
3112 1031 3470 1112 imperfecto
3489 1051 3636 1097 usus

1977 1126 2065 1180 est
2091 1120 2425 1202 participio,
2460 1124 2889 1202 ἁμαρτανόντων,
2927 1120 3247 1185 ostendere
3274 1122 3482 1186 volens
3503 1141 3638 1204 per-

1976 1210 2368 1273 severantiam
2397 1210 2460 1273 in
2491 1219 2735 1293 peccato
2781 1229 2970 1293 usque
3026 1211 3098 1274 ad
3157 1220 3433 1277 mortem.
3484 1211 3639 1276 Hinc

1977 1298 2136 1360 enim
2171 1300 2482 1381 potissimo
2530 1300 2911 1364 manifestum
2962 1310 3052 1365 est
3095 1302 3255 1384 quod
3318 1321 3439 1364 non
3469 1303 3638 1365 tollat

1977 1388 2483 1469 resipiscentiam.
2522 1414 2546 1447 ιι
2583 1389 2723 1452 Post
2778 1398 3085 1472 acceptam
3119 1390 3563 1472 cognitionem:
3603 1418 3630 1450 ι

1978 1474 2106 1539 Hoc
2138 1486 2251 1554 est,
2284 1479 2467 1542 ﬁdem
2497 1478 2574 1541 de
2605 1477 2862 1544 Christo.
2895 1504 2921 1536 ι
2946 1478 3075 1543 Non
3096 1480 3258 1543 ultra
3293 1498 3405 1562 pro
3427 1500 3641 1563 pecca-

1978 1565 2092 1629 tis:
2133 1593 2156 1624 a
2195 1568 2266 1629 ad
2299 1568 2556 1631 delenda
2587 1567 2686 1631 illa
2734 1578 2999 1650 peccata.
3054 1568 3236 1632 Erant
3285 1569 3446 1632 enim
3476 1571 3633 1653 apud

1976 1654 2216 1717 Judaaos
2247 1656 2463 1721 hostiae
2492 1677 2624 1740 quae
2652 1675 2760 1737 pro
2792 1657 3058 1739 ipsorum
3088 1659 3441 1723 remissione
3485 1662 3636 1724 οιτο-

1975 1746 2290 1824 rebantur,
2326 1747 2410 1809 sic
2444 1756 2507 1809 ut
2535 1749 2653 1811 illa;
2684 1766 2802 1811 non
2825 1756 3025 1811 essent
3057 1767 3165 1830 pro
3196 1749 3631 1815 involuntariis.

1982 1858 2006 1891 ι
2041 1833 2294 1916 Reliqua
2338 1845 2428 1899 est
2469 1837 2682 1901 hostia.
2722 1862 2747 1894 υ
2784 1836 2913 1899 Non
2944 1838 3097 1900 tollit
3127 1838 3632 1920 resipiscentiam.

248 1953 383 1988 νοιτο
414 1949 430 1966 ’
488 1930 625 1987 ἀλλὰ
666 1932 729 1987 τὸ
772 1931 913 1988 εἶναι
961 1929 1196 2010 δεύτερον
1240 1929 1514 2006 βάπτισμα
1543 1930 1888 2010 ἀπαγορεύει,

1986 1923 2224 1986 minime
2238 1926 2540 2005 gentium:
2572 1927 2677 1989 sed
2698 1927 2962 1990 secundo
2989 1927 3277 2008 baptizari
3298 1928 3630 1992 interdicit.

249 2021 432 2077 Θυσίαν
476 2021 575 2100 γὰρ
618 2020 858 2094 ἐνταῦθα,
930 2021 1022 2077 τὸν
1093 2020 1317 2099 σταυρὸν
1372 2020 1460 2077 καὶ
1501 2020 1563 2076 τὸ
1619 2019 1896 2095 βάπτισμα

245 2109 420 2186 καλεῖ,
468 2111 642 2174 καθὼς
695 2111 785 2167 καὶ
842 2108 1088 2191 ἀλλαχοῦ
1128 2131 1283 2190 φησι.
1364 2131 1387 2164 ι
1450 2115 1557 2182 Μιᾷ
1611 2109 1710 2188 γὰρ
1750 2110 1897 2183 θυσίᾳ

247 2198 577 2257 τετελείωκεν
620 2201 693 2263 εἷς
722 2201 785 2256 τὸ
813 2197 1052 2267 διηνεκὲς
1110 2200 1234 2265 τοὺς
1288 2197 1689 2278 ἁγιαζομένους.
1744 2222 1766 2255 ι
1819 2234 1895 2244 -

254 2307 287 2349 ε
329 2289 425 2347 Καὶ
466 2291 626 2368 πυρὸς
677 2288 860 2361 ζῆλος.
912 2312 939 2345 λυ
1006 2278 1226 2367 ΗΩσπερ
1274 2289 1372 2368 γὰρ
1422 2289 1522 2345 ὑπὸ
1564 2287 1727 2360 ζήλου
1754 2291 1895 2354 τινὸς

246 2378 585 2452 κεντούμενον
641 2377 818 2435 ἐκεῖνο
875 2380 938 2434 τὸ
994 2384 1117 2451 πῦρ,
1182 2375 1411 2450 δαπανᾷ,
1497 2378 1586 2433 καὶ
1640 2378 1896 2441 κατεσθίει

246 2468 367 2531 τοὺς
422 2465 805 2544 ἐμϐληθέντας.
883 2458 1248 2531 ειἐιιεναντίους
1299 2465 1355 2522 δὲ
1411 2465 1580 2546 λέγει,
1634 2469 1693 2523 οὗ
1735 2468 1898 2544 μόνον

245 2558 368 2622 τοὺς
399 2556 673 2631 ἀπίστους,
735 2555 874 2615 ἀλλὰ
924 2557 1013 2613 καὶ
1070 2558 1194 2619 τοὺς
1252 2555 1492 2635 ἄντικρυς
1552 2563 1657 2613 τῶν
1685 2579 1897 2636 παραγ-

248 2645 531 2725 γελμάτιον
603 2653 695 2704 τοῦ
767 2653 991 2727 Χριστοῦ
1069 2646 1419 2726 πράττοντας.
1508 2663 1539 2705 (
1610 2643 1899 2718 Ἀθετήσας

246 2756 327 2801 τις
369 2735 528 2811 νόμον
588 2733 880 2799 Μωϋσέως,
920 2758 945 2791 ιι
981 2734 1120 2793 Ἀπὸ
1145 2741 1236 2791 τοῦ
1290 2733 1567 2800 ἐλάττονος
1595 2736 1630 2803 ἡ
1676 2735 1899 2814 σύγκρι-

248 2847 354 2889 σις.
386 2823 636 2884 Βούλεται
681 2825 783 2904 γὰρ
838 2822 1005 2891 δεῖξαι
1062 2826 1162 2891 τὴν
1219 2832 1311 2883 τοῦ
1364 2825 1526 2903 «opp:
1581 2832 1764 2884 καῦσιν
1814 2823 1898 2881 δι-

247 2914 409 2978 καίως
479 2913 638 2971 οὖσαν
678 2914 816 2971 κατὰ
858 2918 964 2970 τῶν
1008 2912 1351 2976 δπεναντίων.
1404 2914 1582 2990 Νόμον
1625 2910 1680 2969 δὲ
1740 2920 1900 2970 Mutti-

247 3002 384 3068 σέως
412 3001 579 3083 λέγει,
627 3001 714 3060 διὰ
741 3004 802 3060 τὸ
825 3003 894 3059 τὰ
918 3000 1092 3059 πολλὰ
1146 3008 1254 3059 τῶν
1295 3001 1350 3057 ἒν
1408 3008 1486 3077 τῷ
1542 3002 1691 3079 νόμῳ
1745 3005 1899 3062 αὐτὸν

248 3092 643 3173 διατεταχέναι.
704 3115 733 3148 σ
795 3090 916 3151 Ἐπὶ
959 3091 1100 3149 δυσὶν
1156 3092 1193 3160 ἢ
1221 3094 1357 3173 τρισὶ
1400 3093 1674 3172 μάρτυσιν.
1712 3116 1741 3150 ι
1778 3091 1903 3151 Ἐὰν

248 3184 352 3263 γὰρ
381 3180 468 3240 δύο
508 3183 545 3253 ἢ
588 3195 734 3263 τρεῖς
788 3182 1176 3264 ἐμαρτύρησαν,
1237 3181 1333 3239 οὗκ
1388 3180 1464 3238 ἔτι
1521 3181 1585 3249 ἧν
1635 3184 1905 3263 οἶκτιρμὸς

253 3272 293 3341 ἢ
350 3274 666 3353 συγγνώμη,
754 3270 873 3329 ἀλλ’
947 3270 1300 3340 ἀπέθνησκεν.
1376 3275 1435 3329 Εἰ
1490 3271 1578 3329 οὖν
1635 3271 1907 3351 ἀνθρώπου

252 3383 336 3427 τις
394 3362 578 3438 νόμον,
647 3363 776 3443 φησὶ
818 3360 1080 3423 τουτέστι.
1140 3359 1407 3427 Μωΰσέως
1449 3361 1611 3438 νόμον
1667 3360 1905 3441 παραϐὰς

244 3451 635 3531 ἀσυγγνώστως
698 3453 834 3527 μετᾶ
890 3451 989 3519 τὴν
1073 3451 1355 3531 μαρτυρίαν
1431 3451 1775 3527 ἀποθνήσκει,
1861 3452 1908 3508 τί

247 3539 457 3600 δοκεῖτε
523 3540 635 3598 δεῖν
691 3540 972 3617 ὑπομένειν
1023 3541 1151 3620 τοὺς
1200 3548 1293 3598 τοῦ
1338 3547 1563 3620 Χριστοῦ
1630 3544 1750 3606 τοὺς
1810 3540 1905 3598 νό-

248 3653 383 3707 μους
435 3631 972 3711 καταπατήσαντας,
1036 3649 1061 3686 ι
1141 3619 1200 3685 Ὀ
1254 3631 1348 3686 τὸν
1390 3619 1538 3687 ⁷Υίὸν
1607 3637 1699 3688 τοῦ
1771 3636 1903 3687 Θεοῦ

246 3722 663 3790 καταπατήσας.
702 3742 726 3777 ι
765 3725 885 3784 Πῶς
930 3718 987 3775 δέ
1015 3740 1095 3782 τις
1123 3732 1424 3777 καταπατεϊ
1478 3721 1570 3777 τὸν
1628 3722 1748 3776 Υίὸν
1810 3726 1903 3776 τοῦ

247 3817 426 3892 Θεοῦ;
476 3798 655 3869 ΗΟταν
684 3813 843 3868 αὐτοῦ
889 3807 1187 3889 παρακούῃ,
1242 3806 1367 3865 ὅταν
1410 3807 1567 3868 αὐτοῦ
1618 3808 1901 3885 μεταλαμ-

247 3898 445 3975 ϐάνων,
514 3900 776 3980 ἁμαρτίας
829 3898 1125 3979 ἐργάζεται.
1187 3906 1350 3957 Τοῦτο
1404 3899 1504 3978 γὰρ
1584 3900 1901 3965 ταταπατῆ-

246 4013 362 4065 σαι,
409 3991 472 4046 τὸ
502 3993 921 4071 καταφρονῆσαι.
959 4008 984 4043 ιι
1020 3989 1117 4045 Καὶ
1143 3988 1205 4043 τὸ
1248 3991 1389 4063 αἷμα
1411 3989 1511 4054 τῆς
1555 3986 1835 4059 διαθήκης.
1873 4006 1903 4047 )

245 4084 402 4157 Αἷμα
446 4078 732 4151 διαθήκης,
789 4079 850 4134 τὸ
905 4081 1046 4152 αἷμα
1102 4083 1327 4155 Χριστοῦ
1380 4098 1533 4156 φησι,
1573 4098 1596 4132 ι
1638 4075 1716 4133 Δι’
1749 4077 1906 4133 αὐτου

245 4171 352 4250 γὰρ
387 4169 487 4236 τὴν
546 4167 668 4225 νέαν
727 4165 1023 4249 εἰλήφαμεν
1052 4163 1331 4236 διαθήκην.
1384 4189 1412 4221 α
1462 4167 1648 4224 Κοινὸν
1689 4167 1907 4246 ἡγησά-

1977 2011 2125 2075 Nam
2150 2015 2403 2077 hostiam
2441 2015 2590 2078 dicit
2635 2018 2747 2079 hoc
2769 2016 2900 2079 loco
2919 2016 3256 2098 passionem
3304 2017 3636 2101 etibaptis-

1981 2121 2101 2176 ma,
2137 2105 2643 2184 quemadmodum
2677 2105 2854 2167 etiam
2907 2106 2968 2168 in
3018 2106 3432 2188 superioribus
3461 2108 3632 2174 dicit.

1986 2214 2010 2249 ιι
2044 2191 2232 2257 Unica
2254 2194 2413 2255 enim
2439 2195 2632 2257 hostia
2651 2195 2948 2276 perfectos
2970 2195 3166 2259 effecit
3198 2196 3261 2259 in
3283 2207 3637 2281 perpetuum

1979 2300 2082 2342 eos
2111 2284 2213 2363 qui
2242 2285 2711 2349 sanctiﬁcantur.
2737 2308 2761 2344 ο
2799 2321 2877 2331 -
2912 2308 2936 2343 ιι
2972 2285 3044 2347 Ει
3071 2286 3228 2366 ignis
3256 2288 3444 2352 zelus.
3477 2312 3500 2348 υ
3533 2289 3637 2351 Si-

1981 2370 2224 2451 quidem
2254 2380 2531 2454 tanquam
2564 2374 2976 2438 exstimulatus
3005 2375 3106 2438 ille
3136 2375 3292 2456 ignis
3342 2377 3639 2440 consumit

1980 2477 2050 2521 ac
2074 2461 2314 2523 devorat
2338 2481 2442 2524 eos
2473 2463 2574 2544 qui
2604 2463 2811 2544 injecti
2840 2473 2997 2528 sunt.
3027 2464 3417 2529 Adversarios
3437 2476 3638 2531 autem

1979 2556 2151 2611 vocat
2181 2569 2299 2612 non
2327 2557 2551 2613 tantum
2584 2554 3163 2635 incredulos,verum
3188 2555 3362 2618 etiam
3396 2566 3638 2620 contra-

1988 2638 2079 2700 rio
2109 2640 2287 2701 modo
2317 2650 2635 2721 operantes
2692 2660 2868 2722 quam
2914 2642 3174 2705 habeant
3222 2644 3446 2707 Christi
3478 2664 3638 2726 prte-

1984 2736 2176 2808 cepta.
2239 2751 2260 2785 ι
2294 2726 2407 2801 Qui
2463 2738 2817 2808 aspernatus
2873 2731 3053 2793 fuerit
3107 2732 3303 2811 legem
3360 2734 3531 2799 Mosi.
3589 2735 3644 2798 A

1985 2816 2204 2878 minori
2236 2817 2301 2878 fit
2325 2818 2716 2899 comparatio.
2752 2817 2895 2881 Vult
2924 2821 3086 2882 enim
3117 2825 3438 2888 ostendere
3486 2824 3643 2905 ignis

1986 2906 2356 2970 exustionem
2384 2910 2545 2988 just‘e
2593 2908 2811 2970 immiti
2839 2917 3048 2973 contra
3088 2910 3486 2978 adversarios.
3519 2913 3642 2978 Le-

1987 3013 2123 3077 gem
2155 3004 2352 3058 autem
2384 2998 2531 3059 dicit
2558 2997 2890 3071 Mosi56.eo
2924 3000 3084 3081 quod
3123 3001 3225 3065 ille
3267 3002 3451 3065 multa
3484 3022 3638 3085 prte-

1986 3085 2215 3166 ceperit
2244 3105 2451 3148 eorum
2482 3107 2615 3169 quae
2643 3088 2706 3150 in
2730 3089 2864 3169 lege
2885 3090 3463 3156 continentur.¢Sub
3484 3094 3640 3156 duo-

1988 3172 2100 3236 bus
2130 3181 2229 3236 aut
2260 3175 2450 3238 tribus
2482 3176 2792 3242 testibus.»
2826 3176 2972 3242 Nam
3005 3180 3057 3240 si
3083 3179 3205 3242 duo
3236 3188 3337 3243 aut
3365 3189 3488 3245 tres
3516 3191 3640 3246 tes-

1924 3241 1965 3292 C
1990 3262 2193 3324 tiﬁcati
2226 3272 2448 3342 essent,
2487 3285 2605 3327 non
2636 3276 2763 3330 erat
2789 3268 3047 3350 amplius
3077 3269 3503 3334 misericordia;
3539 3281 3642 3336 aut

1986 3352 2177 3413 veniae
2232 3353 2421 3427 locus,
2486 3355 2590 3417 sed
2651 3357 3041 3422 moriebatur.
3095 3358 3238 3420 400
3284 3360 3349 3425 Si
3395 3361 3448 3423 is
3503 3379 3643 3440 ergo

1988 3442 2090 3522 qui
2120 3443 2383 3507 hominis
2406 3446 2623 3528 legem,
2658 3448 2770 3510 hoc
2806 3457 2896 3512 est
2922 3448 3094 3524 Mosi,
3127 3459 3497 3531 trangressus
3527 3459 3640 3529 est,

1987 3533 2213 3613 absque
2262 3536 2435 3597 venia
2478 3544 2612 3617 post
2660 3537 2844 3600 latum
2905 3540 3310 3604 testimonium
3363 3542 3640 3620 moritur,

1986 3621 2201 3713 inquit,
2254 3625 2405 3713 quid
2486 3643 2588 3687 eos
2648 3627 2766 3706 pati
2847 3638 3129 3709 oportere
3203 3630 3486 3711 judicatis
3538 3632 3642 3713 qui

1984 3710 2204 3783 Christi
2249 3711 2448 3793 legem
2508 3716 3035 3781 conculcaverint?
3070 3743 3089 3775 ι
3138 3710 3249 3791 Otii
3299 3720 3488 3782 ﬁlium
3537 3710 3645 3782 Dei

1986 3800 2381 3891 conculcarit.
2403 3800 2748 3874 sQuomodo
2778 3815 2975 3868 autem
3001 3808 3310 3870 conculcet
3339 3808 3639 3891 quispiam

1984 3886 2200 3950 Filium
2234 3890 2395 3952 Dei?
2423 3890 2630 3963 Qaudo
2659 3893 2856 3973 ipsum
2908 3915 3027 3957 non
3084 3896 3275 3973 audit,
3328 3886 3563 3979 quan-do
3592 3898 3645 3961 is

1986 3979 2090 4060 qui
2120 3997 2256 4040 cum
2287 3998 2358 4042 eo
2389 3981 2729 4064 participat,
2763 3994 3005 4065 peccata
3030 3993 3310 4066 operatur
3343 4006 3358 4048 :
3410 4004 3551 4048 nam
3582 3987 3644 4049 id

1991 4077 2081 4131 est
2127 4070 2503 4148 conculcare,
2552 4091 2770 4154 nempe
2801 4082 3205 4137 contemnere.
3246 4100 3273 4132 α
3300 4075 3373 4138 Ει
3399 4076 3644 4157 sangui-

1994 4176 2129 4218 nem
2165 4160 2942 4242 testamenti.»Sanguinem
2974 4164 3317 4226 testamenti
3347 4164 3492 4227 dicit
3513 4183 3649 4227 sau-

243 4246 436 4335 μενος,
474 4280 503 4313 α
536 4258 750 4331 Κοινὸν,
793 4246 875 4312 τδ
912 4253 1047 4334 μηδὲ
1105 4254 1211 4311 τῶν
1267 4253 1444 4311 ἄλλων
1471 4252 1713 4335 διαφέρον
1746 4274 1761 4289 ο
1794 4259 1900 4313 οἷοι

1996 4246 2238 4326 guinem
2262 4248 2479 4310 Christi
2500 4267 2513 4312 :
2539 4268 2646 4330 per
2664 4251 2858 4332 ipsum
2886 4252 3046 4314 enim
3067 4252 3408 4335 accepimus
3429 4273 3647 4317 novum

241 4347 498 4424 λέγουσιν
528 4349 574 4402 οἱ
629 4347 922 4424 φάσκοντες
979 4346 1135 4403 αὐτὸν
1187 4342 1344 4420 ψιλὸν
1402 4343 1697 4423 ἄνθρωπον.
1759 4344 1900 4403 Οὗτοι

2000 4346 2440 4403 testamentum.
2483 4364 2509 4396 ιι
2538 4343 2926 4405 Communem
2959 4343 3253 4407 habuerit.
3295 4369 3318 4405 υ
3357 4345 3647 4408 Commu-

246 4408 358 4515 γὰρ
416 4432 562 4491 οῦδὲν
614 4408 708 4492 τοῦ
758 4434 1021 4515 ἡμετέρου
1076 4408 1384 4491 διαλλάττον
1470 4408 1555 4532 είς.
1598 4434 1760 4510 τιμὴν
1815 4433 1900 4491 λέ-

2000 4437 2449 4528 nem,tanquam
2472 4432 2703 4494 caeteris
2716 4432 2865 4494 nihil
2888 4433 3278 4497 excellentius
3300 4433 3643 4517 habentem,

251 4546 445 4603 γουσιν
498 4526 642 4588 αὐτό,
711 4525 851 4583 Εἶτα
889 4526 952 4581 τὸ
980 4524 1273 4604 ἀχάριστον
1317 4528 1485 4582 αὐτῶν
1528 4521 1752 4600 δεικνὺς,
1799 4548 1900 4604 φη-

1994 4516 2165 4579 sicuti
2198 4519 2406 4580 dicunt
2445 4519 2545 4600 qui
2592 4521 2784 4601 ipsum
2816 4523 2981 4586 aiunt
3010 4524 3237 4585 nudum
3269 4542 3403 4587 esse
3448 4516 3649 4586 homi-

253 4614 367 4694 σὶν,
419 4611 473 4668 ἐν
514 4617 558 4689 ᾧ
612 4614 870 4693 ἡγιάσθη,
926 4636 955 4671 α
1014 4614 1115 4671 Καὶ
1173 4615 1237 4670 τὸ
1286 4619 1494 4689 πνεῦμα
1534 4612 1631 4681 τῆς
1688 4614 1900 4693 χάριτος

1996 4626 2157 4671 nem.
2206 4607 2281 4670 Hi
2312 4628 2567 4690 namque
2599 4610 2749 4672 nihil
2780 4630 2913 4675 esse
2942 4612 3149 4675 dicunt
3187 4613 3355 4676 illum
3402 4612 3652 4693 sangui-

254 4699 550 4782 ἐνυϐρίσας.
612 4727 640 4760 ι
693 4695 751 4762 Ὀ
808 4705 907 4784 γὰρ
964 4703 1064 4769 τὴν
1131 4699 1410 4779 διδομένην
1467 4702 1762 4782 εὐεργεσίαν
1832 4703 1900 4780 μὶ

1998 4715 2161 4778 nem,
2194 4697 2256 4758 in
2288 4717 2404 4779 quo
2450 4700 2716 4762 varietur
2742 4720 2777 4763 a
2807 4710 3010 4764 nostro
3059 4722 3176 4785 quo
3225 4704 3298 4765 ad
3356 4705 3647 4766 honorem

251 4790 576 4874 δεχόμενος,
639 4790 815 4873 ὕϐρισε
866 4794 958 4850 τὸν
999 4791 1330 4871 παρέχοντα.
1392 4788 1647 4859 Ἐποίησέ
1693 4795 1900 4875 σεμυὶὸι

1998 4789 2510 4869 pertinet.Deinde
2539 4791 2778 4854 illorum
2809 4796 3135 4856 ostendens
3163 4793 3651 4875 ingratitudinem

249 4870 417 4957 Θεοῦ,
476 4884 539 4939 σὺ
609 4879 667 4938 δὲ
708 4870 925 4960 Ὗβούλει
997 4870 1175 4937 εἶναι
1216 4878 1401 4945 δοῦλος
1474 4883 1680 4942 παθῶν.
1761 4870 1900 4940 ἸἨθεε

2003 4880 2119 4940 ait:
2157 4880 2275 4941 Per
2302 4898 2479 4960 quem
2510 4881 2703 4943 fuerat
2748 4883 3173 4947 sanctiﬁcatus.
3205 4870 3343 4944 «'Et
3370 4882 3649 4963 spiritum

246 4971 530 5054 ἔνοικήσαι
583 4971 639 5028 ἐν
684 4972 790 5052 σοὶ,
833 4972 895 5029 σὺ
953 4968 1010 5027 δὲ
1066 4969 1366 5049 ἐπεισάγεις
1425 4969 1602 5049 σαῦτῷ
1654 4972 1746 5029 τὸν
1799 4971 1900 5029 διά-

2002 4965 2207 5047 gratiae
2258 4968 2479 5049 injuria
2538 4969 2827 5035 aﬂ‘ecerit.
2866 4996 2894 5028 ››
2929 4970 3074 5035 Nam
3139 4971 3241 5054 qui
3296 4971 3499 5033 datum
3529 4989 3651 5034 non

246 5059 444 5124 ϐολον.
477 5049 608 5136 Ἰ’Λρα
665 5049 831 5119 ταυτα
888 5062 994 5141 οὐχ
1046 5055 1189 5139 ὕϐρις
1238 5058 1375 5117 κατὰ
1429 5068 1522 5118 τοῦ
1574 5061 1918 5142 πνεύματος,

254 5174 291 5209 α
327 5147 573 5227 Οἴδαμεν
615 5151 716 5232 γὰρ
746 5152 838 5210 τὸν
869 5150 1106 5209 εἰπόντα.
1158 5171 1185 5209 ι
1234 5148 1343 5209 Καὶ
1387 5147 1468 5205 ὅτι
1527 5157 1691 5208 ταῦτα
1720 5149 1918 5225 άληθη,

248 5241 449 5324 φησὶν,
495 5239 651 5308 αὐτὸς
717 5243 746 5299 ὁ
777 5242 907 5306 Θεὸς
952 5251 1230 5319 μαρτυρεῖ,
1264 5238 1434 5318 λέγων
1469 5259 1483 5273 ’
1537 5262 1565 5294 α
1593 5239 1750 5316 Ἐμοὶ
1779 5239 1918 5297 ἐκδί-

246 5352 449 5400 κησις,
506 5354 533 5387 ιι
581 5330 852 5408 Τουτὲστι,
911 5328 1038 5408 παρ’
1094 5326 1213 5405 ἐμοὶ
1263 5330 1341 5410 -τὸ
1396 5326 1648 5387 ἐκδικεῖν.
1703 5352 1731 5384 σ
1778 5330 1923 5410 Ἐγὼ

245 5419 651 5503 ἀνταποδώσω,
696 5420 843 5501 λεγει
899 5407 1112 5499 Κύριος.
1174 5441 1203 5474 ι
1262 5407 1462 5498 Ἠρέμα
1517 5415 1572 5473 δὲ
1630 5425 1784 5476 τοῦτο
1841 5407 1921 5477 ei-

2003 5055 2267 5138 suscepit
2295 5057 2824 5137 beneﬁcium,eum
2857 5062 2961 5143 qui
2994 5060 3379 5136 dabat,at‘ﬁcit
3406 5060 3650 5142 injuria,

2002 5145 2170 5209 Fecit
2198 5155 2257 5210 te
2288 5149 2397 5211 Dei
2428 5149 2641 5225 lilium,
2682 5158 2746 5212 tu
2775 5159 2974 5213 autem
3004 5152 3188 5213 mavis
3234 5150 3392 5213 efﬁci
3417 5168 3649 5213 servus.

2007 5237 2182 5299 Venit
2211 5247 2276 5300 ut
2304 5237 2365 5300 in
2400 5247 2453 5300 te
2477 5238 2863 5317 habitaret,tu
2886 5260 3024 5304 vero
3045 5241 3352 5305 diabolum
3377 5240 3440 5302 in
3457 5241 3652 5322 teipso

2005 5326 2359 5390 introducis.
2391 5334 2607 5393 Annon
2636 5330 2857 5410 injuria
2886 5339 2947 5393 et
2972 5331 3337 5395 contumelia
3364 5337 3501 5393 sunt
3529 5330 3658 5392 haec

2004 5416 2287 5480 adversus
2342 5418 2660 5500 spiritum?
2716 5445 2742 5476 ιι
2792 5419 3084 5483 Novimus
3144 5422 3304 5484 enim
3363 5440 3499 5484 eum
3557 5419 3665 5502 qui

245 5512 407 5592 πὼν,
439 5513 528 5569 καὶ
554 5514 946 5591 παραμυθεῖται
994 5508 1179 5573 αὐτοὺς
1226 5506 1308 5588 ἐφ’
1340 5512 1426 5572 οἷς
1457 5529 1649 5573 κακολς
1680 5507 1900 5590 ἔπασχοε

2007 5507 2175 5572 dixit.
2213 5532 2240 5565 »
2278 5507 2348 5569 Ει
2380 5509 2539 5590 quod
2568 5510 2695 5574 haec
2724 5528 2865 5573 vera
2893 5511 3041 5594 sint,
3088 5508 3308 5594 inquit,
3350 5513 3662 5574 attestatur

245 5603 365 5660 ὑπὸ
424 5607 529 5659 τῶν
570 5599 715 5659 ἰδ’ὶων
768 5598 1134 5683 συμφυλετῶν,
1182 5599 1306 5656 ὡσεὶ
1354 5596 1504 5677 ἔλεγε
1535 5612 1549 5627 ⁸
1606 5596 1668 5656 τί
1724 5597 1900 5674 ἐιδημο

2008 5597 2138 5679 ipse
2167 5596 2328 5660 Deus
2356 5599 2459 5680 qui
2485 5598 2605 5663 ait:
2646 5623 2669 5658 α
2705 5602 2900 5664 Meum
2941 5611 3030 5664 est
3077 5601 3306 5664 ulcisci.
3345 5625 3373 5658 πυ
3410 5600 3535 5663 Hoc
3567 5609 3665 5663 est

340 5762 412 5817 56
440 5763 629 5827 Levit.
665 5778 747 5839 tv,
780 5760 860 5823 22
886 5778 1055 5844 seqq.
