4136 6446
412 504 415 511 λ
516 407 641 477 399

1644 402 2057 471 CEGUMENII
2100 402 2398 471 TRICCzE
2441 401 2783 471 EPISCOPI

3789 405 3911 473 400

517 540 679 616 apud
710 557 808 601 me
840 545 950 614 est,
985 544 1050 600 ut
1079 535 1373 599 ulciscar:
1412 560 1439 593 α
1473 539 1592 616 Ego
1641 534 1996 617 rependam,
2030 534 2175 597 dicit

2268 550 2450 615 δεῖτε;
2512 539 2666 621 ἔχετε
2710 544 2771 600 τὸ
2829 541 3133 601 ἐκδικοῦντα
3182 546 3270 601 καὶ
3330 542 3737 602 ἆνταποδιδόντα
3790 558 3909 607 τοῖς

520 630 813 695 Dominus
835 627 1205 691 57.»Sensim
1240 636 1439 689 autem
1470 627 1584 687 hoc
1608 625 1865 687 dicendo
1897 625 2164 687 consola-

2246 628 2626 707 ὑπηρεάζουσιν
2658 634 2793 708 ὑμᾶς
2822 632 2996 702 δίκην.

522 731 618 783 tur
669 740 774 783 eos
833 719 909 781 ob
971 719 1124 779 mala
1179 736 1307 796 quae
1370 715 1525 798 passi
1597 723 1769 779 erant
1800 734 1834 776 a
1866 714 2127 795 propriis
2187 715 2651 784 contribulibus.
2683 722 2771 786 Ac
2823 722 2874 785 si
2902 723 3170 787 diceret:
3208 722 3364 797 Quid
3395 721 3728 787 manetis"
3773 740 3912 785 cum

521 810 787 873 habeatis
819 809 1073 871 ultorem
1099 813 1157 866 et
1188 824 1325 867 eum
1357 808 1456 886 qni
1490 823 1693 886 poenas
1719 804 2000 886 rependit
2026 803 2099 865 iis
2127 802 2229 885 qni
2258 823 2362 868 vos
2390 809 2658 889 afﬂigunt
2676 810 2707 871 ?

1140 912 1381 977 CAPUT
1423 912 1553 977 XV.

564 1012 733 1086 Quod
761 1010 985 1074 bonum
1014 1009 1266 1071 initium
1293 1009 1371 1071 ad
1395 1008 1617 1071 bonum
1649 1007 1829 1086 ﬁnem
1865 1006 2126 1069 deducit.

600 1188 1178 1265 X,32-36.Redeant
1201 1196 1406 1250 autem
1435 1185 1603 1249 vobis
1621 1190 1685 1247 in
1706 1185 2069 1247 memoriam
2081 1201 2181 1245 su-

514 1283 787 1361 periores
824 1280 1047 1351 dies,in
1061 1277 1276 1359 quibus
1288 1276 1864 1356 illuminati,ingens
1876 1280 2174 1336 certamen

521 1371 898 1432 sustinuistis
933 1368 1323 1448 afﬂictionum
1354 1367 1621 1447 :partim
1667 1364 1912 1443 quidem
1946 1363 2089 1425 dum
2121 1366 2179 1425 et

518 1460 766 1540 probris
790 1466 849 1520 et
880 1457 1266 1519 contumeliis
1303 1456 1505 1537 affecti
1545 1456 1892 1535 spectacqu
1944 1452 2173 1530 fuistis,

518 1554 751 1628 partim
772 1565 911 1609 vero
933 1547 1077 1609 dum
1099 1553 1404 1609 consortes
1415 1546 1503 1608 ita
1517 1542 2009 1606 conversantium
2024 1540 2181 1620 facti

521 1636 1007 1716 estis.Siquidem
1020 1643 1076 1698 et
1087 1634 1492 1716 afﬂictionum
1514 1650 1649 1714 quae
1662 1628 2007 1693 eavinculis
2027 1630 2177 1691 meis

523 1727 908 1807 contigerunt
922 1726 1251 1804 participes
1271 1725 1507 1802 fuistis,
1534 1722 1667 1783 401
1695 1730 1754 1783 et
1779 1720 2177 1799 direptionem

520 1818 891 1895 facultatum
946 1821 1298 1876 vestrarum
1353 1830 1488 1875 cum
1545 1812 1772 1890 gaudio
1830 1811 2170 1890 accepistis,

521 1911 772 1968 scientes
795 1921 898 1965 vos
925 1902 1146 1966 habere
1167 1905 1234 1965 in
1260 1902 1424 1965 vobis
1438 1906 1738 1982 potiorem
1767 1899 2174 1962 susbtuntiam

522 1997 591 2057 in
617 1994 763 2057 caelo
788 2013 858 2054 ac
886 2001 1248 2055 manentem.
1281 1991 1374 2054 Ne
1407 1979 1741 2069 a'bieceritis
1793 1992 1981 2069 igitur
2015 1988 2177 2068 ﬁdu-

2268 1979 2554 2069 παρῥησίαν
2571 2062 2583 2069 _
2636 1984 2808 2065 ὑμῶν,

525 2090 683 2147 ciam
698 2090 1123 2163 vestram,qute
1152 2099 1440 2163 magnam
1464 2080 1638 2142 habet
1664 2080 1883 2159 premii
1904 2076 2177 2141 retribu-

533 2180 785 2238 tionem.
817 2171 977 2234 Nam
1002 2174 1307 2252 patientia
1338 2170 1506 2233 vobis
1536 2178 1627 2232 est
1654 2187 1826 2250 opus,
1861 2175 1927 2231 ut
1960 2170 2067 2230 ubi
2086 2185 2181 2230 v0-

525 2264 821 2326 luntatem
836 2261 951 2322 Dei
964 2262 1669 2341 peregeritis,reportetis
1694 2259 2172 2339 promissionem.

607 2350 696 2416 Ab
728 2350 997 2426 exordio,
1032 2349 1246 2429 inquit,
1303 2349 1442 2411 ﬁdei
1469 2356 1679 2411 vestrae
1728 2348 1923 2409 statim
1966 2348 2176 2410 decer-

528 2441 732 2516 tastis;
777 2440 889 2501 hoc
930 2447 1235 2501 certamen
1279 2438 1339 2499 in
1391 2447 1591 2501 mente
1622 2437 1921 2518 habetote,
1956 2456 2033 2499 ne
2063 2455 2178 2516 quo

529 2530 705 2592 modo
728 2546 834 2608 per
852 2527 1165 2606 segnitiem
1193 2528 1456 2609 perdatis
1487 2527 1752 2608 priorum
1784 2526 2178 2589 certaminum

528 2618 791 2700 praemia.
814 2615 1138 2680 Considera
1168 2616 1394 2697 ingenii
1422 2616 1858 2679 dexteritatem.
1882 2614 2178 2696 Ubiipso-

526 2727 657 2770 rum
680 2708 909 2769 animas
930 2706 1081 2768 facta
1102 2705 1264 2768 illius
1297 2706 1451 2785 ignis
1492 2705 1798 2767 mentione
1836 2705 2176 2781 commovit,

531 2817 691 2860 nunc
751 2816 859 2878 per
909 2795 1181 2857 encomia
1214 2796 1377 2876 ipsos
1409 2796 1781 2859 adhortatur.
1821 2819 1846 2850 α
1874 2794 1941 2856 In
1965 2793 2180 2876 quibus

2882 928 3134 986 ΚΕΦΑΛ.
3169 910 3275 987 m'.

2344 1028 2372 1061 α
2418 1012 2544 1082 Περι
2586 1014 2679 1066 τοῦ
2713 1008 2886 1079 καλὴν
2924 1011 3101 1092 ἀρχὴν
3159 1014 3233 1077 είς
3291 1012 3454 1072 καλὸν
3508 1012 3661 1079 τέλος
3695 1034 3830 1088 προ-

2347 1193 2377 1234 (
2435 1174 2893 1253 Ἀναμιμνήσκετε
2928 1105 3176 1247 αὲαγξέζ
3210 1115 3464 1264 ⁸ιιέρότερον
3539 1182 3769 1263 ἡμέρας,
3853 1182 3910 1239 ἐν

2260 1266 2349 1329 αἷς
2456 1267 2797 1345 φωτισθέντες
2920 1269 3129 1339 πολλὴν
3252 1269 3474 1341 ἄθλησιν
3598 1273 3915 1348 ὑπεμείνατε

2258 1355 2613 1430 παθημάτων,
2670 1368 2822 1416 τοῦτο
2880 1359 2976 1433 μὲν
3030 1358 3351 1439 ὀνειδισμοῖς
3429 1384 3487 1419 τε
3543 1363 3631 1419 καὶ
3700 1360 3910 1436 θλίψεσι

2258 1444 2673 1522 θεατριζόμενοι,
2749 1456 2843 1506 τοῦ
2898 1446 2954 1504 δὲ
3010 1452 3251 1507 κοινωνοὶ
3334 1458 3438 1508 τῶν
3524 1451 3691 1516 οὕτως
3774 1451 3914 1509 ἀνα-

2260 1532 2627 1611 στρεφομένων
2713 1536 3042 1614 γενηθέντες.
3134 1540 3231 1596 Καὶ
3316 1541 3417 1620 γὰρ
3494 1554 3612 1604 τοῖς
3689 1538 3914 1616 δεσμοῖς

2260 1642 2361 1695 μου
2411 1626 2831 1701 συνεπαθήσατε,
2894 1628 2982 1683 καὶ
3063 1628 3163 1695 τὴν
3245 1630 3490 1708 ἁρπαγὴν
3558 1637 3664 1688 τῶν
3735 1631 3913 1710 ὑπαρ-

2258 1709 2470 1789 χόκτων
2552 1715 2698 1789 ὑμῶν
2781 1716 2915 1791 μετὰ
2998 1723 3170 1797 χαρᾶς
3255 1717 3652 1800 προσεδέξασθε,
3739 1709 3909 1798 γινώ-

2257 1820 2472 1864 σκοντες
2566 1800 2713 1882 ἔχειν
2798 1805 2854 1860 ἐν
2921 1802 3138 1870 ἑαυτοῖς
3221 1808 3490 1886 κρείττονα
3556 1806 3770 1883 ὕπαρξιν
3854 1809 3913 1866 ἐν

2258 1892 2499 1969 οὐρανοῖς
2565 1894 2654 1950 καὶ
2735 1893 3017 1969 μένουσαν,
3104 1897 3193 1965 Μὴ
3276 1895 3583 1966 ἀποϐάλητε
3653 1900 3740 1957 οὖν
3812 1902 3915 1969 τὴν

2900 1982 3013 2051 ἥτις
3098 1984 3215 2066 ἔχει
3309 1986 3723 2064 μισθαποδοσίαν
3805 2011 3912 2066 με-

2258 2066 2451 2159 γαλην,
2571 2062 2873 2150 ιΥπομονῆς
2956 2078 3055 2154 γὰρ
3127 2062 3321 2156 τέχετετ
3379 2078 3587 2159 χρείαν,
3675 2078 3767 2137 ἴνα
3809 2062 3913 2137 ’τὸ

2256 2155 2464 2247 θέλημα
2564 2168 2658 2218 του
2763 2171 2896 2224 Θεοῦ
2997 2155 3337 2247 ποιήσαντες,
3384 2155 3730 2244 ψκομίσησθε
3812 2171 3915 2237 τὴν

2258 2244 2601 2326 ἐπαγγελίαν.
2653 2275 2682 2308 ι

2342 2339 2489 2417 Παρὰ
2530 2340 2629 2406 τὴν
2672 2342 2873 2423 ἀρχὴν,
2930 2346 3082 2426 φησὶ,
3127 2350 3226 2412 τῆς
3275 2348 3502 2411 πίστεως
3529 2349 3676 2424 ὑμῶν
3704 2348 3915 2428 ἠγωνί-

2262 2430 2440 2489 σασθε.
2490 2435 2682 2486 Τοῦτον
2706 2434 2763 2488 ἒν
2809 2440 2881 2508 νῷ
2931 2433 3085 2514 ἔχετε
3133 2436 3224 2491 τὸν
3269 2435 3473 2515 ἀγῶνα,
3533 2438 3609 2513 μή
3670 2460 3784 2502 πως
3828 2435 3916 2494 διὰ

2261 2515 2511 2593 ῥᾳθυμίας
2582 2518 2882 2588 ἀπολέσητε
2939 2524 3005 2578 τὰ
3060 2524 3523 2602 προηγωνισμένα.
3615 2515 3760 2606 υΟρα
3818 2526 3915 2583 εὑ-

2263 2606 2444 2683 φυίαν·
2494 2610 2817 2675 Κατασείσας
2862 2613 3033 2668 αὐτῶν
3089 2614 3184 2676 τὰς
3229 2615 3410 2694 ψυχὰς
3468 2620 3538 2691 τῇ
3581 2618 3772 2693 μνήμῃ
3823 2616 3918 2673 τοῦ

2265 2694 2424 2771 πυρὸς
2475 2694 2706 2786 Δἐκείνου,
2761 2707 2850 2757 νῦν
2901 2699 2970 2758 δι’
3023 2702 3303 2786 ἐγκωμίων
3375 2705 3560 2771 αὐτοὺς
3614 2706 3917 2786 προτρέπε-

2262 2805 2370 2845 ται.
2411 2804 2439 2837 α
2475 2781 2563 2844 Ἐν
2595 2773 3083 2869 αῖςφωτισθέντεςξ
3119 2773 3248 2849 31E!
3296 2793 3414 2870 περὶ
3469 2800 3561 2849 τοῦ
3603 2773 3918 2870 βαπτίσμα-

530 2874 873 2949 illuminati.
916 2909 944 2940 η
980 2886 1103 2946 Aut
1133 2874 1294 2946 circa
1338 2884 1651 2964 baptisma,
1704 2882 1917 2963 inquit,
1951 2874 2177 2944 illumi-

2268 2874 2353 2938 τός
2382 2898 2513 2955 φησι
2546 2879 2628 2953 τὸ,
2665 2879 3030 2958 φωτισθέντες,
3058 2880 3095 2949 ἢ
3125 2883 3242 2962 περὶ
3282 2886 3382 2948 τῆς
3426 2881 3765 2961 ἐπιγνώσεως
3823 2884 3922 2941 τοῦ

530 2975 784 3048 nati,aut
824 2974 982 3036 circa
1025 2972 1240 3037 Christi
1274 2973 1701 3052 cognitionem.
1741 2972 2007 3035 «Partim
2039 2972 2176 3052 qui-

2268 2965 2514 3042 Χριστοῦ.
2571 2987 2594 3022 α
2643 2975 2808 3025 Τοῦτο
2865 2970 2982 3044 μὲν,
3046 2968 3392 3047 ὀνειδισμοῖς.
3441 2995 3469 3027 ι
3531 2974 3777 3037 Γενναίας
3807 2971 3923 3030 δεῖ·

531 3066 667 3128 dem
700 3065 839 3126 dum
873 3071 930 3125 et
963 3062 1261 3141 probris.»
1300 3062 1562 3124 Robusta
1590 3079 1737 3142 opus
1768 3070 1856 3123 est
1875 3060 2073 3124 anima
2104 3060 2174 3122 ad

2268 3073 2345 3107 ται
2361 3057 2564 3142 ’ψυχῆς
2608 3056 2669 3112 τὸ
2712 3055 2950 3137 ἐνεγκεῖν
2986 3057 3317 3134 ὀνειδισμοὺς
3346 3062 3434 3117 καὶ
3478 3058 3672 3140 ὕϐρεις,
3742 3063 3787 3117 εί
3830 3064 3923 3118 καὶ

528 3154 773 3218 ferenda
817 3138 1031 3232 probra
1072 3159 1131 3212 et
1185 3151 1458 3231 injurias,
1505 3138 1681 3214 etiam
1731 3150 1779 3211 si
1815 3150 2084 3231 privatim
2117 3156 2175 3211 et

2268 3138 2375 3198 ιατ’
2451 3141 2581 3200 ἰδίαν
2637 3146 2909 3224 γίνωνται.
2973 3145 3188 3217 Ἐπειδὴ
3243 3147 3297 3205 δὲ
3369 3138 3607 3230 φανερῶς
3676 3153 3764 3208 καὶ
3834 3151 3906 3207 ἐπ

528 3245 760 3306 occulte
792 3231 967 3304 fiant:
993 3241 1273 3321 quoniam
1304 3250 1501 3303 autem
1549 3239 1857 3302 manifeste
1888 3249 1946 3302 et
1970 3257 2171 3301 coram

2268 3231 2489 3312 πάντων,
2527 3232 2703 3313 (τοῦτο
2749 3237 2848 3316 γὰρ
2902 3238 2984 3313 τὸ,
3044 3239 3476 3317 θεατριζόμενοι),
3536 3237 3923 3320 γενναιοτέραςὶ

532 3332 811 3394 omnibus
841 3330 1062 3392 ﬁebant
1089 3332 1252 3408 (nam
1291 3331 1404 3391 hoc
1434 3330 1727 3407 signiﬁcat
1771 3350 1785 3389 :
1822 3328 2172 3409 Spectacqu

2268 3322 2476 3399 χρήζει.
2516 3346 2541 3377 (ι
2578 3331 2743 3381 Τοῦτο
2800 3323 2854 3381 δὲ
2884 3327 3145 3385 κοινωνοί.
3185 3350 3212 3383 ι
3276 3330 3348 3386 Οὐ
3401 3329 3582 3406 μόνον,
3618 3331 3772 3409 φησὶ,
3821 3331 3921 3396 τὰς

533 3418 1139 3500 aﬂuistis),robustior
1186 3426 1275 3480 est
1321 3420 1658 3483 necessaria
1724 3444 1750 3475 α
1789 3420 2009 3481 Partim
2038 3437 2178 3479 vero

2268 3411 2334 3475 εἰς
2366 3412 2500 3486 ὑμᾶς
2545 3410 2716 3489 ὕϐρεις
2773 3416 3024 3492 γενναίως
3074 3416 3357 3498 ἠνέγκατε,
3405 3416 3543 3474 ἀλλὰ
3588 3420 3677 3475 καὶ
3719 3441 3923 3475 κοινω-

534 3511 672 3572 dum
742 3518 1135 3573 consortes.»
1192 3507 1323 3570 Non
1381 3510 1570 3569 solum
1632 3509 1864 3590 inquit,
1914 3508 2181 3589 proprias

533 3599 783 3679 injurias
839 3598 990 3660 virili
1039 3598 1237 3660 animo
1298 3598 1538 3678 tulistis,
1598 3598 1700 3658 sed
1761 3606 1819 3659 et
1876 3608 2183 3659 consortes

530 3689 734 3752 fuistis
765 3706 969 3749 eorum
1001 3687 1103 3766 qui
1133 3687 1349 3767 injuria
1396 3686 1834 3767 efﬁciebantur,
1885 3687 2184 3768 apostolos

532 3777 894 3858 signiﬁcans,
957 3787 1218 3838 versatos
1275 3776 1553 3838 videlicet
1610 3776 1672 3837 in
1715 3777 2094 3839 contumeliis
2126 3784 2185 3838 et

535 3865 983 3927 afﬂictionibus.
1024 3889 1051 3922 ιι
1104 3863 1412 3945 Siquidem
1447 3874 1504 3926 et
1533 3865 1921 3927 afﬂictionum
1952 3885 2082 3946 quae
2112 3884 2183 3928 ex

536 3955 791 4019 vinculis
822 3956 970 4018 meis
994 3956 1394 4035 contigerunt,
1433 3955 1752 4036 participes
1778 3955 2025 4017 fuistis:
2054 3954 2183 4017 Non

528 4044 970 4125 solum,inquit,
1003 4064 1124 4107 non
1175 4064 1323 4125 opus
1382 4044 1491 4105 fuit
1548 4044 1711 4106 vobis
1752 4045 2179 4121 consolatione,

530 4133 634 4195 sed
665 4132 797 4195 aliis
827 4153 1063 4214 quoque
1098 4132 1311 4194 vinctis
1360 4152 1569 4195 manus
1608 4133 2008 4196 auxiliatrices
2038 4152 2181 4214 por-

528 4222 790 4284 rexistis.
844 4247 865 4278 ι
906 4224 983 4286 Et
1033 4222 1450 4303 direptionem.
1491 4248 1514 4283 ι)
1551 4223 1821 4303 Magnum
1883 4232 1973 4285 est
2030 4224 2185 4285 ferre

530 4311 926 4389 direptionem
987 4312 1530 4384 facultatum.Quod
1578 4322 1774 4374 autem
1821 4314 1997 4375 etiam
2048 4332 2181 4375 cum

533 4400 746 4479 gaudio
779 4401 1023 4475 feratur,
1060 4400 1445 4481 apostolicum
1472 4410 1582 4463 est.
1614 4423 1640 4460 α
1668 4400 1811 4463 Cum
1844 4401 2057 4482 gaudio
2079 4421 2180 4463 ac-

531 4489 838 4569 cepistis.»
895 4489 1303 4554 Voluntariam
1353 4490 1625 4570 ipsorum
1679 4492 2019 4572 patientiam
2053 4493 2181 4556 col-

2262 3504 2339 3559 νοὶ
2425 3510 2529 3559 τῶν
2611 3500 2957 3583 ὑϐριζομένων
3043 3504 3298 3586 ἐγένεσθε,
3385 3508 3507 3570 τοὺς
3591 3506 3922 3575 ἀποστόλους

2264 3592 2463 3665 δηλῶν,
2511 3593 2979 3674 ἀναστρεφομένων
3050 3593 3127 3672 δὲ,
3186 3595 3240 3652 ἐν
3293 3597 3615 3673 ὀνειδισμοῖς
3669 3600 3757 3655 καὶ
3799 3597 3925 3655 θλί-

2267 3688 2416 3758 ψεσι.
2469 3704 2493 3740 α
2545 3685 2643 3743 Καὶ
2683 3685 2783 3763 γὰρ
2823 3686 2944 3749 τοῖς
3005 3682 3223 3761 δεσμοῖς
3271 3708 3372 3762 μου
3430 3690 3846 3759 συνεπαθήσατε.
3887 3709 3924 3750 )

2267 3772 2338 3830 Οὒ
2368 3773 2551 3849 μόνον,
2599 3777 2782 3854 φησὶν,
2839 3776 2995 3851 ὑμεῖς
3055 3775 3150 3832 οὐκ
3190 3774 3443 3847 ἐδεήθητε
3501 3776 3919 3856 παρακλήσεως,

2267 3860 2401 3921 ἀλλὰ
2443 3864 2531 3920 καὶ
2587 3862 2771 3929 ἄλλοις
2827 3861 3120 3940 δεδεμένοις
3177 3879 3372 3946 χεῖρές
3427 3867 3678 3947 ὠρέγετε.
3734 3889 3757 3924 ι
3818 3871 3924 3927 Καὶ

2266 3954 2365 4032 γὰρ
2421 3954 2521 4020 τὴν
2579 3954 2850 4033 ἁρπαγήν.
2911 3954 3060 4033 Μέγα
3103 3956 3163 4011 τὸ
3222 3956 3460 4036 ἐνεγκεῖν
3516 3958 3617 4023 την
3672 3958 3925 4037 ἁρπαγὴν

2265 4044 2371 4100 τῶν
2426 4045 2798 4125 ὑπαρχόντων,
2858 4042 2913 4101 δὲ
2993 4046 3082 4101 καὶ
3165 4047 3301 4122 μετὰ
3367 4053 3563 4127 χαρᾶς,
3624 4047 3926 4106 ἀποστολι-

2266 4132 2381 4190 κόν.
2461 4152 2484 4189 α
2533 4135 2679 4189 Μετὰ
2721 4140 2893 4214 χαρᾶς
2948 4131 3347 4214 προσεδέξασθε,
3411 4160 3441 4193 ι
3515 4137 3621 4205 Τὴν
3679 4138 3927 4196 ἑκούσιον

2270 4222 2439 4277 αὐτῶν
2493 4221 2766 4297 ὑπομονὴν
2835 4222 3067 4281 ἐπαινεῖ·
3136 4248 3157 4282 τι
3222 4225 3585 4291 Γινώσκοντες
3647 4226 3819 4308 ἔχειν,
3891 4252 3924 4284 ι

2268 4306 2401 4366 Ἰδοὺ
2430 4311 2518 4366 καὶ
2546 4312 2720 4369 πίστιν
2769 4316 2951 4379 αὐτοῖς
2994 4328 3272 4395 μαρτυρεῖ.
3340 4339 3369 4371 α
3430 4318 3528 4374 Καὶ
3567 4306 3848 4393 μένουσαν.
3892 4342 3924 4375 ι

2268 4397 2515 4457 Τουτέστι
2544 4397 2778 4476 βεϐαίαν,
2815 4402 2919 4483 οὑχ
2947 4405 3021 4468 ὡς
3081 4405 3177 4472 τὴν
3234 4405 3477 4481 ἐνταῦθα,
3539 4407 3634 4475 τὴν
3693 4406 3926 4465 ἀπολλυ-

2268 4487 2454 4565 μένην,
2513 4491 2602 4547 καὶ
2670 4489 3081 4566 μεταϐαίνουσαν
3153 4493 3248 4551 ἀπ’
3323 4492 3499 4553 ἄλλων
3559 4498 3630 4562 εἰς
3702 4495 3928 4565 ἄλλους.

530 4578 753 4671 laudat.
796 4578 1126 4671 «Lscientes
1155 4596 1256 4640 vos
1288 4578 1533 4671 habere.
1576 4604 1598 4638 »
1633 4579 1787 4643 Ecce
1823 4581 1999 4643 [idem
2030 4601 2178 4671 quo-

2271 4612 2345 4622 —
2404 4602 2425 4633 c
2463 4579 2552 4645 Μὴ
2581 4577 2889 4649 ἀποϐάλητε
2945 4584 3055 4646 οὗν.
3122 4603 3151 4644 )
3203 4583 3417 4664 [ΦΩΤ,]
3480 4586 3779 4643 Δείκνουσιν
3844 4586 3931 4645 ἔτι

532 4686 649 4749 que
677 4667 809 4729 illos
842 4668 1063 4731 habere
1105 4676 1372 4731 testatur.
1398 4692 1440 4750 ¹«ι
1471 4669 1557 4731 Ac
1604 4678 1963 4735 manentem.
2002 4694 2024 4729 υ
2062 4669 2185 4733 Hoc

532 4768 622 4821 est
653 4760 906 4822 firmam.
961 4780 1077 4822 non
1120 4761 1291 4842 quasi
1338 4771 1713 4844 pereuntem,
1751 4772 1810 4825 et
1837 4762 1910 4824 ab
1943 4762 2082 4824 aliis
2113 4763 2183 4824 ad

528 4848 676 4911 alios
731 4859 1166 4914 transeuntem.
1221 4885 1293 4897 -
1330 4871 1359 4910 ‹
1389 4848 1477 4913 Ne
1525 4851 1863 4932 abjeceritis
1920 4852 2124 4932 igitur.
2157 4878 2180 4909 ι)

530 4936 807 5001 Ostendit
864 4940 1025 5020 ipsos
1075 4938 1269 5001 adhuc
1313 4939 1408 5001 his
1442 4940 1619 5003 affici.
1658 4941 2017 5004 «Fiduciam
2049 4960 2185 5004 ves-

536 5036 707 5089 tram.
747 5054 773 5085 »
813 5028 1051 5091 Habent
1101 5029 1260 5091 enim
1309 5049 1343 5091 a
1382 5028 1503 5092 Deo
1563 5030 1837 5093 ﬁduciam
1897 5031 1996 5112 qui
2048 5032 2187 5093 talia

533 5128 774 5197 propter
822 5119 1016 5199 ipsum
1053 5119 1378 5200 patiuntur.
1411 5144 1437 5176 α
1474 5122 1564 5185 Ne
1616 5120 1957 5201 abjeceritis
2010 5122 2188 5201 igitur

536 5207 812 5269 fiduciam
849 5217 1131 5271 vestram.
1171 5235 1193 5267 ι)
1228 5210 1370 5282 Quae
1400 5227 1582 5292 opera
1625 5221 1819 5273 vestra
1865 5213 2186 5293 consequi-

534 5302 794 5378 ειη-,συσὶ
817 5299 1157 5381 ﬁdem,quaa
1186 5300 1562 5378 afﬂictiones,
1582 5322 1713 5383 qum
1744 5303 2176 5384 paenitentiam;

534 5403 668 5446 nam
702 5387 829 5448 haec
864 5407 1071 5467 magna
1102 5398 1239 5450 sunt
1267 5391 1338 5451 ad
1374 5393 1766 5471 praestandam
1820 5392 1992 5454 nobis
2021 5392 2179 5454 fidu-

531 5473 684 5535 ciam
753 5476 909 5556 quod
982 5478 1271 5557 promissa
1339 5483 1717 5545 consecuturi
1774 5481 1980 5543 simus.
2043 5481 2186 5554 Quae

532 5582 808 5643 magnam
867 5565 1047 5629 habet
1096 5567 1323 5648 praemii
1377 5571 1859 5635 retributionem.
1910 5570 1982 5633 Et
2025 5573 2183 5636 unde

613 5742 675 5794 57
706 5741 734 5805 Ι
763 5743 977 5807 Thess.
1014 5762 1077 5823 ιι,
1108 5747 1206 5810 14.

2272 4669 2455 4733 αὐτοὺς
2532 4668 2821 4757 έχομένους
2889 4674 2996 4730 τῶν
3066 4675 3262 4738 αὐτῶν.
3342 4698 3371 4731 α
3441 4676 3550 4744 Τὴν
3622 4676 3931 4757 παρῤησίαν

2269 4759 2438 4834 ὑμῶν.
2477 4781 2502 4819 ι
2544 4751 2778 4843 ’Ἔχουσι
2833 4764 2932 4842 γὰρ
2990 4761 3284 4842 παῤῥησὶαν
3340 4766 3481 4843 παρὰ
3539 4772 3655 4841 Θεῷ
3798 4790 3931 4825 τοι-

2271 4858 2402 4908 αὕτα
2466 4848 2533 4907 δι’
2592 4854 2745 4910 αὐτὸν
2789 4852 3160 4928 ὑπομένοντες.
3229 4878 3259 4911 α
3319 4857 3408 4924 Μὴ
3468 4854 3777 4926 ἀποϐάλητε
3827 4857 3928 4916 οὖν

2269 4941 2368 5007 τὴν
2410 4941 2702 5021 παρρησίαν
2756 4944 2927 5020 ὑμῶν,
2984 4963 3015 5003 )
3062 4945 3162 5013 τὴν
3215 4943 3321 5001 ἀπὸ
3363 4952 3469 5003 τῶν
3527 4945 3694 5027 ἔργων
3744 4949 3927 5026 ὑμῶν,

2267 5032 2367 5099 τὴν
2409 5033 2516 5088 ἀπὸ
2546 5036 2644 5098 τῆς
2689 5033 2941 5108 πίστεως,
2975 5034 3072 5103 τὴν
3108 5034 3214 5091 ἀπὸ
3266 5042 3372 5091 τῶν
3427 5043 3759 5118 πειρασμῶν,
3818 5038 3930 5107 τὴν

2270 5122 2375 5179 ἐιπὸ
2401 5129 2498 5191 τῆς
2528 5123 2826 5199 ὑπομονῆς.
2883 5131 3056 5181 Ταῦτα
3103 5125 3202 5204 γάρ
3245 5125 3355 5182 ἐστι
3397 5128 3464 5183 τὰ
3519 5126 3728 5206 μεγάλα
3783 5129 3929 5203 ἡμῖν

2267 5213 2365 5281 τὴν
2398 5213 2713 5299 πάῤῥησίαν,
2759 5213 2839 5271 ὅτι
2869 5212 3153 5290 τευξόμεθα
3203 5214 3300 5283 τῆς
3344 5216 3688 5297 ἐπαγγελίας,
3748 5240 3929 5299 χαριε-

2267 5304 2482 5378 ζόμενα,
2548 5323 2578 5363 (
2640 5294 2808 5368 “Huc;
2868 5303 2984 5383 ἕχει
3032 5294 3471 5381 μισθαποδοσίαν,
3500 5294 3543 5363 ⁷>ι
3607 5310 3706 5366 Καὶ

2265 5400 2420 5451 τοῦτο
2464 5393 2624 5462 δῆλον
2660 5411 2676 5470 ;
2725 5385 2935 5471 Ὑμεῖς,
2993 5397 3147 5476 φησὶ,
3207 5397 3485 5477 μάρτυρες,
3535 5400 3581 5455 οἱ
3623 5398 3931 5477 γινώσκονε

2265 5507 2353 5548 τες
2415 5484 2561 5565 ἔχειν
2626 5485 2898 5565 κρείττονα
2955 5484 3172 5564 ὕπαρξιν
3234 5486 3287 5542 ἐν
3331 5487 3532 5566 οὑρανῳ
3583 5490 3673 5546 καὶ
3734 5489 3934 5566 μένου-

2268 5599 2383 5635 eum,
2443 5598 2464 5630 (ί
2505 5566 2811 5652 Ὑπομονῆς
2873 5575 2972 5654 γὰρ
3016 5574 3172 5656 ἔχετε
3202 5577 3406 5657 χρείαν.
3449 5603 3476 5634 ι)
3527 5580 3662 5660 Οὑχὶ
3692 5584 3935 5659 προσθήσ-
