4136 6418
267 343 370 412 401

1346 336 1742 411 COMMENT.
1790 326 1879 411 IN'
1917 345 2162 408 EPIST.
2213 342 2311 408 AD
2355 344 2584 408 HEBR.

3537 338 3659 403 402

263 504 384 554 κην,
453 478 574 538 ἀλλ’
627 481 869 557 ὑπομονὴ
926 486 1097 555 ζητῶ,
1140 480 1235 538 ἵνα
1289 493 1407 545 τοϊς
1454 485 1635 547 αὑτοῖς
1708 481 1923 559 ἐπιμεί-

2027 496 2124 540 ioc
2154 477 2535 541 manifestum
2567 484 2701 542 est?
2721 479 2865 559 Vos,
2897 476 3113 560 inquit,
3140 478 3276 539 402
3294 484 3476 540 testes
3491 475 3661 549 estis,

268 591 415 638 νητε.
446 593 472 627 α
505 560 631 627 ιἸνα
664 572 724 627 τὸ
747 569 954 647 θέλημα
992 578 1086 628 τοῦ
1134 576 1286 633 Θεοῦ,
1334 593 1353 624 ο
1391 569 1612 647 Θέλημα
1642 579 1736 629 τοῦ
1769 580 1921 648 Θεοῦ,

267 662 329 717 τὸ
366 656 496 741 ἄχρι
538 658 722 725 τέλους
783 660 1063 735 ἐπιμεῖναι
1123 660 1243 726 τοῖς
1286 662 1492 734 αὑτοῖς,
1538 662 1628 718 καὶ
1684 662 1746 718 τὸ
1786 662 1925 718 ὑπο-

269 762 449 824 μεῖναι
504 748 607 818 τὴν
664 747 932 817 ἀναϐολὴν
1010 754 1110 816 τῆς
1196 747 1600 814 ὰνταποδόσεως
1668 752 1758 808 καὶ
1825 752 1925 817 τῆς

270 837 609 918 ἐπαγγελίας,
643 872 725 883 --
756 836 972 918 [ΦΩΤ]
1008 838 1229 914 Θὲλημα
1277 848 1372 898 τοῦ
1425 846 1556 899 Θεοῦ
1596 840 1661 897 τὸ
1703 840 1924 897 πιστεύ-

272 950 346 984 ειν
403 926 697 1007 εἰλικρινῶς
742 929 815 993 εἷς
858 930 1038 1000 αὑτὸν,
1110 929 1198 984 καὶ
1256 928 1506 1006 πράττειν
1561 930 1656 992 τὰς
1711 929 1921 1007 ἀρετὰς,

270 1018 357 1073 καὶ
425 1015 502 1073 ἔτι
571 1018 632 1072 τὸ
688 1017 818 1095 ὑπὲρ
890 1019 1061 1074 αὐτῶν
1133 1024 1316 1096 καιροῦ
1387 1017 1672 1083 καλοῦντος
1732 1018 1925 1099 μέχρις

272 1106 501 1171 α”ιιατος
534 1106 895 1185 ἀγωνίζεσθαι.
946 1109 1006 1164 Οἱ
1050 1106 1150 1187 γὰρ
1191 1113 1419 1164 τοιοῦτοι
1478 1109 1781 1183 κομίζονται
1826 1109 1925 1177 τὴν

271 1194 616 1273 ἐπαγγελίαν.

273 1301 381 1365 pro
424 1283 573 1382 ipsis
630 1284 880 1368 insuper
928 1283 1032 1346 ubi
1084 1292 1320 1382 tempus
1379 1285 1695 1368 expetierit
1760 1284 1833 1349 ad
1892 1282 2241 1362 sanguinem
2292 1302 2481 1366 usque
2530 1282 2850 1346 decertetis
2905 1305 2918 1348 :

270 1373 751 1455 promissionem.

355 1487 383 1519 σι
449 1454 576 1522 Ἐτι
620 1466 719 1545 γὰρ
763 1468 953 1545 μικρὸν
1007 1464 1129 1523 ὅσον
1179 1465 1327 1547 ὅσον,
1392 1468 1420 1523 ὁ
1471 1466 1766 1547 ἐρχόμενος
1818 1466 1928 1535 ἥξει

266 1554 359 1610 καὶ
428 1555 489 1611 οὗ
556 1568 791 1635 χρονιεῖ.
850 1546 908 1612 Ὀ
970 1554 1025 1612 δὲ
1067 1553 1266 1620 δίκαιος
1313 1546 1389 1613 ἐκ
1429 1546 1657 1621 πίστεως
1684 1559 1923 1635 ζήσεται,

265 1645 358 1699 καὶ
428 1642 517 1701 ἐὰν
580 1643 979 1716 ὑποστείληται,
1067 1649 1164 1704 οὒκ
1237 1642 1445 1704 εὐδοκεῖ
1508 1649 1542 1714 ἡ
1600 1648 1753 1728 ψυχή
1828 1670 1928 1722 μου

266 1736 324 1794 ἐν
396 1740 560 1812 αὐτῷ.
648 1729 838 1813 Ἡμεῖς
913 1735 970 1795 δὲ
1055 1741 1149 1795 οὒκ
1233 1738 1392 1815 ἐσμῖν
1473 1740 1772 1809 ὑποστολῆς
1857 1744 1928 1807 εἰς

267 1824 566 1903 ἀπώλειαν,
672 1826 810 1884 ἀλλὰ
907 1830 1135 1893 πίστεως
1234 1830 1304 1894 εἷς
1400 1831 1733 1910 περιποίησιν
1819 1836 1926 1907 ψυ-

265 1936 408 1994 χης.
448 1934 475 1975 ι

358 2005 457 2063 Καὶ
485 2005 638 2085 πότε,
693 2007 871 2087 φησὶν,
928 2004 1127 2086 ἔχομεν
1184 2008 1499 2084 κομίσασθαι
1538 2008 1634 2076 τὴν
1691 2008 1930 2087 ἐπαγγε-

266 2094 444 2175 λίαν;
494 2096 607 2177 Μὴλ
634 2095 996 2169 ἀποκνησητε,
1045 2099 1227 2177 φησίν.
1288 2095 1476 2176 Ἐγγύς
1532 2097 1673 2154 ἐστιν
1717 2101 1744 2155 ὁ
1788 2122 1929 2173 παρ-

267 2184 447 2265 έχων.
517 2209 541 2239 ιι
596 2174 722 2242 ’Ἑτι
752 2187 852 2267 γὰρ
883 2174 1070 2265 μικρὸν
1101 2185 1225 2244 ὅσον
1255 2174 1407 2262 ὅσον,
1438 2189 1465 2243 ὁ
1496 2187 1789 2268 ἐρχόμενος
1820 2188 1933 2255 ἥξει

396 2277 458 2332 οὑ
485 2276 723 2356 χρονιεῖ,
759 2299 787 2331 n
816 2277 887 2334 Τὸ
915 2275 967 2332 δὲ
990 2276 1111 2334 ὅσον
1132 2275 1280 2352 ὅσον,
1302 2278 1363 2333 τὸ
1387 2279 1522 2334 πάνυ
1541 2280 1727 2357 μικρὸν
1750 2277 1925 2345 δηλοῖ.

275 2386 299 2421 α
338 2355 402 2423 ¢0
424 2362 479 2420 δὲ
502 2363 706 2429 δίκαιος
734 2364 794 2421 ἐκ
810 2366 1036 2432 πίστεως
1065 2367 1303 2438 ζήσεται.
1346 2390 1373 2422 n
1425 2377 1521 2423 Δεῖ
1550 2355 1649 2424 οὖν
1670 2369 1934 2424 πιστεύειν

266 2454 358 2511 ὅτι
420 2453 535 2521 ἥξει
568 2473 586 2492 ⁸
646 2457 674 2511 ὁ
737 2456 837 2535 γὰρ
879 2453 1077 2521 δίκαιος
1121 2456 1180 2513 ἐκ
1236 2458 1463 2520 πίστεως
1505 2457 1744 2528 ζήσεται.
1805 2456 1933 2516 Ἐὰν

263 2546 353 2622 δὲ,
414 2548 567 2629 φησὶ,
614 2549 926 2627 ιρᾳθυμήσας
980 2548 1277 2618 ὑποσταλιῖῃ
1340 2549 1376 2619 ἢ
1422 2548 1482 2606 ἐκ
1536 2549 1633 2617 τῆς
1679 2551 1929 2627 πίστεως,

262 2640 301 2707 ἢ
339 2638 407 2695 ἐκ
450 2643 555 2721 τῷν
613 2642 944 2720 πειρασμῶν,
1005 2641 1098 2696 οῦκ
1141 2638 1345 2697 εὐδοκεῖ
1394 2641 1428 2709 ἡ
1501 2639 1656 2721 ψυχή
1715 2664 1819 2718 μου
1875 2641 1930 2697 ἐν

264 2729 446 2802 αὑτῷ,
496 2719 588 2792 Ὠς
631 2728 738 2785 ἀπὸ
791 2728 883 2786 τοῦ
931 2719 1155 2809 Χριστοῦ
1203 2728 1341 2796 δὲξαι
1371 2736 1526 2788 τοῦτο
1555 2719 1704 2794 ὅλον,
1751 2733 1823 2789 Τὸ
1852 2730 1928 2804 δὲ,

266 2817 393 2875 οὐκ
462 2815 670 2874 εὐδοκεῖ
736 2817 1023 2894 τουτέστιν,
1102 2817 1248 2876 οὐδὲν
1326 2819 1520 2897 ἀγαθὸν
1588 2818 1824 2897 βουληθῇ
1895 2818 1932 2888 ἢ

267 2906 498 2977 θελήσει
542 2908 578 2974 ἡ
610 2908 762 2987 ψυχή
803 2929 927 2983 μου.
967 2930 990 2964 ι
1030 2898 1222 2983 Ἠμετς
1252 2905 1307 2964 δὲ
1335 2908 1430 2987 οὑκ
1485 2907 1644 2985 ἐσμὲν
1700 2910 1934 2966 ὑποστο-

267 2995 385 3064 λῆς
463 2996 537 3060 εἰς
604 2995 898 3055 ἀπώλειαν.
983 3020 1007 3051 ιι
1086 2995 1306 3066 Ἐπειδὴ
1370 2997 1695 3066 κατέπληξεν
1753 3000 1938 3062 αὐτοὺς

270 3085 537 3166 εἰρηκὼς,
599 3083 724 3142 Ἐὰν
781 3085 1178 3159 ὑποστείληται,
1240 3089 1421 3168 φησὶν,
1477 3090 1585 3146 Οὔκ
1639 3087 1845 3146 εὑδοκεῖ
1904 3090 1938 3157 ἡ

269 3176 442 3257 ψυχή
502 3199 605 3253 μου
674 3176 727 3232 ἐν
785 3178 947 3252 αὑτῷ.
1016 3180 1319 3257 Διορθοῦτιι
1374 3178 1524 3252 αὑτὸ,
1585 3180 1674 3234 καί
1727 3201 1888 3258 φησιν
1921 3194 1934 3209 ·

2010 567 2114 649 qui
2147 567 2505 648 cognoscitis
2527 585 2630 631 vos
2663 566 2884 630 habere
2931 567 3223 648 potiorem
3271 564 3663 629 substantiam

2010 657 2070 719 in
2103 658 2252 720 coelo
2297 676 2367 720 ac
2426 655 2987 721 manentem.¢Nam
3038 656 3324 738 patientia
3378 653 3546 716 vobis
3575 660 3667 716 est

2010 765 2221 827 opus.»
2256 744 2387 808 Non
2411 746 2926 827 augmentum,sed
2960 746 3307 826 patientiam
3331 753 3564 824 expeto,
3600 749 3664 803 ut

2010 834 2225 898 iisdem
2257 835 2675 917 perseveretis.
2717 856 2746 895 ε
2775 834 2875 910 Ut,
2906 835 3008 897 ubi
3036 836 3399 899 voluntatem
3428 833 3537 896 Dei
3566 851 3664 913 pe-

2011 925 2309 1005 regeritis.
2348 950 2374 982 »
2404 924 2692 987 Voluntas
2723 923 2829 987 Dei
2844 933 2934 987 est
2953 932 3019 985 ut
3037 925 3099 986 in
3124 924 3352 988 eisdem
3377 940 3563 1003 usque
3591 921 3664 983 ad

2011 1015 2190 1075 ﬁnem
2224 1014 2637 1096 perseveretis,
2673 1021 2733 1076 et
2762 1013 3109 1076 dilationem
3140 1010 3551 1075 retributionis
3595 1029 3666 1072 ac

2008 1103 2426 1184 promissionis
2482 1103 2846 1166 sustineatis.
2893 1142 2958 1150 —
2986 1102 3273 1164 Voluntas
3315 1101 3422 1165 Dei
3473 1108 3563 1163 est
3602 1107 3669 1161 ut

2006 1194 2068 1254 in
2099 1212 2233 1255 eum
2271 1194 2508 1257 sincere
2538 1193 2794 1255 credatis
2823 1212 2892 1255 ac
2933 1194 3180 1255 virtutes
3217 1190 3570 1273 Operemini,
3607 1195 3667 1250 et

2979 1283 3125 1345 tales
3164 1280 3323 1344 enim
3388 1279 3660 1347 referunt

2095 1462 2165 1525 X.
2195 1461 2398 1527 37-39.
2426 1464 2643 1526 Adhuc
2670 1467 2833 1525 enim
2854 1462 3262 1543 perpusillum
3293 1458 3670 1540 temporis,et

2011 1555 2118 1632 qui
2146 1559 2436 1616 venturus
2466 1563 2548 1615 est
2581 1555 2777 1616 veniet
2819 1561 2878 1615 et
2927 1570 3052 1614 non
3110 1551 3400 1615 tardabit.
3459 1551 3672 1623 Justus

2009 1648 2210 1704 autem
2240 1660 2317 1704 ex
2343 1642 2460 1721 ﬁde
2489 1648 2670 1717 vivet,
2704 1650 2760 1705 et
2788 1642 2845 1704 si
2885 1660 2947 1703 se
2972 1641 3342 1705 subduxerit
3369 1656 3490 1701 non
3518 1653 3667 1718 pro-

2011 1729 2256 1793 babitur
2285 1733 2491 1794 animo
2523 1749 2668 1793 meo.
2706 1731 2792 1793 At
2841 1749 2951 1793 nos
2996 1749 3117 1794 non
3157 1747 3367 1792 sumus
3394 1728 3499 1807 qui
3526 1724 3672 1789 sub-

2009 1819 2305 1883 ducamus
2333 1838 2445 1883 nos
2476 1822 2540 1882 in
2569 1820 2992 1900 perditionem,
3025 1820 3131 1882 sed
3151 1820 3230 1881 ad
3257 1818 3440 1898 ﬁdem
3468 1816 3666 1896 perti-

1956 1914 1990 1962 B
2013 1925 2228 1970 nemus
2258 1914 2325 1970 in
2355 1910 2813 1988 acquisitiouem
2846 1909 3088 1970 animos.

2094 1995 2164 2056 Et
2192 1996 2427 2076 quando
2452 1994 3295 2077 possumus,inquit.accipere
3320 1991 3671 2075 promissio-

2014 2086 2185 2147 nem?
2205 2085 2290 2146 Ne
2308 2104 2520 2165 segnes
2552 2086 2919 2161 efﬁciamini,
2954 2085 3034 2146 ait
3061 2103 3074 2147 :
3112 2085 3175 2145 in
3207 2083 3474 2164 proximo
3502 2088 3588 2143 est
3620 2080 3672 2142 is

2016 2174 2119 2256 qui
2149 2175 2707 2255 rependit.«Adhuc
2738 2176 2899 2237 enim
2933 2173 3324 2256 perpusillum
3357 2171 3667 2251 temporis,

2016 2273 2073 2326 et
2105 2265 2205 2345 qui
2239 2274 2518 2325 venturus
2550 2272 2640 2325 est
2665 2264 2862 2324 veniet
2891 2272 2950 2324 et
2990 2281 3108 2323 non
3142 2260 3420 2323 tardabit.
3459 2283 3487 2315 »
3520 2260 3672 2321 Nam

2015 2352 2170 2436 quod
2203 2353 2284 2414 ait
2332 2353 2455 2411 ὅσον
2484 2354 2608 2411 ὅσον
2639 2351 2933 2432 signiﬁcat
2979 2352 3148 2413 valde
3191 2351 3376 2412 breve
3411 2357 3670 2428 tempus.

2022 2440 2261 2504 (Justus
2282 2449 2478 2503 autem
2515 2461 2584 2503 ex
2619 2441 2737 2503 ﬁde
2772 2440 2946 2503 vivet.
2994 2464 3020 2496 »
3052 2442 3306 2521 Oportet
3333 2437 3511 2518 igitur
3540 2455 3673 2498 cre-

2016 2531 2161 2594 dere
2192 2531 2345 2612 quod
2378 2531 2598 2596 veniet.
2634 2550 2770 2592 nam
2796 2531 2993 2610 justus
3029 2550 3099 2591 ex
3127 2529 3244 2590 ﬁde
3275 2528 3445 2589 vivet.
3484 2525 3672 2589 Siau-

2015 2630 2135 2683 tem
2165 2619 2908 2701 segnior,inquit,eﬁ‘ectus
2939 2636 3004 2680 se
3034 2617 3405 2697 subduxerit,
3463 2623 3561 2677 aut
3609 2633 3677 2675 ex

2015 2711 2157 2785 ﬁde,
2194 2719 2297 2771 aut
2333 2728 2404 2771 ex
2448 2708 2896 2783 afﬂictionibus,
2932 2727 3050 2770 non
3084 2707 3434 2788 probabitur
3466 2705 3668 2767 animo

2020 2819 2152 2861 meo
2189 2808 2291 2860 :ut
2320 2800 2613 2876 a_Cltristo
2665 2798 2990 2879 accipiatur
3038 2797 3102 2859 iu
3155 2797 3462 2859 solidum:
3503 2793 3670 2867 Quod

2016 2897 2217 2951 autem
2240 2889 2320 2950 ait
2350 2892 2458 2947 Οὑκ
2488 2888 2697 2947 εὑδοκεϊ
2724 2891 2758 2957 ἡ
2816 2890 2969 2968 ψυχή
3004 2910 3126 2963 μου,
3160 2886 3273 2948 hoc
3312 2893 3403 2947 est
3446 2884 3675 2946 nullum

2022 2978 2210 3059 ipsius
2241 2977 2462 3039 bonum
2485 2985 2715 3058 gratum
2738 2975 2983 3039 habebit
3005 2984 3103 3038 aut
3125 2976 3279 3038 volet
3301 2974 3497 3036 anima
3519 2991 3673 3035 mea.

2029 3093 2056 3125 α
2090 3068 2163 3130 At
2189 3086 2298 3130 nos
2328 3087 2446 3129 non
2478 3086 2684 3129 sumus
2700 3066 2802 3148 qui
2834 3065 3241 3128 subducamus
3264 3083 3373 3126 nos
3394 3064 3454 3125 in
3486 3062 3681 3143 perdi-

2026 3158 2327 3219 tionem.»
2358 3155 2652 3229 Quoniam
2706 3164 3002 3218 terruerat
3048 3173 3152 3217 eos
3204 3152 3484 3217 dicendo.
3521 3150 3583 3215 Si
3614 3170 3679 3212 se

281 3241 620 3343 ilil’p’.e"t;'ov’m
649 3266 808 3341 ἐσμὲν
863 3241 962 3333 tia;
1004 3241 1301 3337 ὑποστολῆς
1357 3269 1446 3325 καὶ
1497 3241 1597 3335 τῆς
1668 3241 1936 3348 ῥᾳθυμίας,

2027 3246 2396 3323 subduxerit,
2432 3266 2549 3307 non
2581 3245 2932 3328 probabitur
2981 3244 3182 3306 animo
3220 3261 3396 3319 meo;
3434 3241 3680 3319 corrigit

268 3360 420 3435 ἅπερ
464 3357 537 3420 εἷς
590 3354 859 3412 ἀπώλειαν
903 3354 1042 3437 ἄγει,
1105 3354 1241 3413 ἀλλὰ
1295 3357 1390 3426 τῆς
1449 3358 1702 3430 πίστεως,
1755 3359 1938 3438 φησὶν,

272 3452 362 3515 εἷς
426 3448 489 3504 τὸ
560 3446 901 3526 περιποιῆσαι
974 3446 1171 3505 ἑαυτῶν
1254 3448 1348 3513 τὰς
1420 3448 1600 3529 ψυχὰς
1670 3448 1759 3504 καὶ
1841 3468 1946 3503 σω-

269 3539 467 3608 θῆναι.

900 3720 1154 3777 ΚΕΦΑΛ.
1205 3706 1331 3790 ις’.

454 3829 483 3863 ι
531 3807 656 3881 Περὶ
690 3805 917 3873 πίστεως
945 3810 1044 3873 τῆς
1074 3805 1162 3861 καὶ
1192 3806 1314 3872 τοὺς
1343 3804 1600 3871 παλαιοὺς
1629 3802 1784 3872 δοξα-

996 3887 1191 3953 σάσης.
1230 3909 1258 3941 ι)

369 4002 397 4033 α
436 3966 604 4035 ’Ἐστι
662 3974 716 4033 δὲ
788 3977 961 4041 πίστις
1019 3974 1377 4050 ἐλπιζομένων
1431 3975 1744 4050 ὑπόστασις,
1796 3999 1938 4056 πρα-

278 4069 508 4148 γμάτων
578 4064 804 4146 ἔλεγχος
863 4066 922 4123 οὑ
998 4063 1364 4142 βλεπομένων,
1441 4062 1529 4121 Ἐν
1610 4064 1775 4141 ταύτῃ
1842 4066 1941 4143 γὰρ

282 4157 724 4237 ἐμαρτυρήθησαν
822 4158 869 4212 οἱ
968 4151 1330 4233 πρεσϐύτεροι.
1437 4154 1615 4210 Πίστει
1719 4160 1941 4229 νοοῦμεν

286 4246 631 4324 κατηρτίσθαι
699 4245 819 4310 τοὺς
892 4245 1084 4309 αἰῶνας
1155 4242 1351 4320 ῥήματι
1413 4248 1564 4315 Θεοῦ,
1624 4244 1697 4306 εἰς
1749 4244 1809 4299 τὸ
1863 4243 1940 4318 μὴ

290 4335 355 4391 ἐκ
427 4334 750 4413 φαινομένων
838 4335 906 4391 τὰ
973 4331 1310 4409 βλλεπόμενα
1379 4331 1676 4413 γεγονέναι,
1764 4332 1941 4389 Πίστει

290 4412 508 4481 πλείονα
585 4424 763 4482 θυσίαν
849 4412 1024 4481 ’Ἅϐελ
1132 4423 1275 4501 παρὰ
1373 4423 1510 4482 Κάϊν
1610 4424 1941 4503 προσήνεγκε

2027 3336 2174 3399 illud
2206 3346 2265 3398 et
2291 3336 2371 3398 ait
2405 3356 2418 3396 :
2458 3337 2589 3399 Non
2621 3355 2826 3398 sumus
2871 3334 2969 3415 qui
3022 3333 3421 3396 subducamus
3454 3349 3561 3393 nos
3588 3329 3678 3391 vel

2028 3443 2240 3506 segnes
2269 3425 2479 3501 simus,
2514 3426 2672 3508 quod
2706 3426 2768 3487 in
2800 3424 3200 3506 perditionem
3232 3421 3396 3483 ducit
3436 3438 3450 3484 :
3479 3420 3585 3483 sed
3607 3419 3681 3481 ad

2027 3517 2206 3578 ﬁdem
2239 3515 2628 3597 pertinemus,
2663 3515 2736 3577 ad
2776 3513 3202 3596 possidendum
3235 3519 3293 3575 et
3333 3509 3682 3574 salvandum

2024 3615 2258 3668 nostras
2296 3606 2548 3669 animas.

2560 3699 2701 3760 405
2743 3694 2990 3763 CAPUT
3034 3697 3188 3761 XVI.

2197 3794 2284 3856 De
2312 3794 2433 3873 ﬁde
2460 3810 2591 3875 qua:
2616 3799 2839 3856 veteres
2868 3809 3105 3872 quoque
3130 3790 3523 3872 gloriﬁcavit.

2112 3963 2242 4037 XI,t
2257 3965 2343 4028 -4,
2375 3963 2483 4026 Est
2508 3969 2710 4026 autem
2725 3962 2876 4042 ﬁdes
2899 3978 3115 4024 earum
3150 3976 3354 4023 rerum
3379 3978 3517 4041 quae
3537 3977 3677 4041 spe-

2024 4054 2588 4118 rantursubstantia
2599 4104 2608 4121 .
2619 4057 3050 4134 argumentum
3066 4068 3275 4113 eorum
3290 4070 3423 4130 quae
3436 4068 3560 4113 non
3582 4049 3680 4110 vi-

2024 4144 2268 4207 dentur:
2291 4161 2406 4220 per
2432 4142 2589 4206 hanc
2609 4144 2771 4204 enim
2800 4142 3212 4204 testimonium
3228 4158 3567 4223 aceepe-ruu
3601 4157 3693 4202 se-

2021 4236 2248 4295 niores.
2285 4234 2406 4294 Per
2433 4232 2607 4310 ﬁdem
2636 4230 3046 4309 intelligimus
3065 4230 3339 4310 perfecta
3360 4231 3549 4310 fuisse
3576 4248 3684 4291 soe-

2025 4325 2171 4386 cula
2200 4325 2375 4386 verbo
2401 4322 2547 4399 Dei,
2569 4329 2633 4383 ut
2665 4338 2742 4383 ex
2768 4321 2862 4383 his
2893 4338 3029 4400 quos
3053 4338 3181 4382 non
3210 4320 3690 4401 apparebant,ea

2024 4429 2154 4491 quae
2176 4409 2827 4492 videnturﬁerint.Per
2846 4409 3049 4491 ﬁdem,
3072 4410 3331 4474 hostium
3347 4410 3695 4473 uberiorem

293 4519 373 4588 τῷ
414 4519 549 4589 Θεῷ,
605 4510 677 4569 δι’
743 4514 811 4580 ἧς
854 4497 1222 4592 ἐμαρτυρήθη-
1250 4511 1392 4567 εἶναι
1450 4497 1673 4585 δίκαιος,
1736 4497 1936 4589 μαρτυ-

2027 4499 2175 4563 Abel
2203 4499 2438 4592 obtulit,
2470 4502 2592 4562 Deo
2620 4516 2802 4592 quam
2833 4497 3007 4592 Cain,
3041 4517 3154 4577 per
3196 4501 3691 4592 quam-testimo-

295 4608 506 4682 ροῦντος
576 4603 665 4658 ἐπὶ
719 4614 837 4667 τοῖς
894 4599 1081 4680 δώροις
1137 4600 1296 4659 αὑτοῦ
1350 4606 1441 4657 τοῦ
1501 4607 1652 4673 Θεοῦ,
1727 4601 1813 4656 καὶ
1872 4596 1944 4655 δι’

294 4694 457 4760 αὑτῆς
487 4690 762 4748 ἀποθανὼν
792 4689 874 4747 ἔτι
904 4688 1177 4752 λαλετται,
1214 4712 1241 4745 ι

374 4871 573 4929 Λοιπὸν
644 4867 887 4951 ἐκφράζει
930 4868 982 4925 τί
1037 4867 1148 4926 ἐστὶ
1189 4870 1392 4943 πίστις,
1422 4869 1511 4927 καί
1552 4890 1708 4949 φησι,
1768 4870 1948 4931 Πίστις

286 4958 432 5017 ἐστιν
489 4961 622 5027 αὑτὴ
695 4960 732 5026 ἠ
793 4957 1079 5022 ὑπόστασις
1140 4958 1229 5015 καὶ
1294 4958 1441 5016 οὐσία
1499 4958 1604 5015 τῶν
1661 4955 1947 5032 ἐλπιζομέ-

284 5071 392 5106 νων
451 5049 796 5130 πραγμάτων.
860 5045 1058 5115 Ἐπεδὴ
1110 5048 1213 5127 γὰρ
1273 5048 1340 5104 τὰ
1384 5047 1437 5103 ἐν
1498 5046 1701 5103 ἐλπίσιν
1746 5045 1947 5101 ἀνυπό-

287 5137 458 5194 στατα
514 5137 673 5213 ἐστὶν,
734 5140 809 5200 ὡς
864 5135 1000 5201 τέως
1045 5137 1123 5212 μὴ
1169 5139 1427 5217 παρόντα,
1489 5138 1525 5205 ἡ
1584 5136 1758 5200 πίστις
1803 5134 1950 5193 οὐσία

288 5249 370 5294 τις
413 5230 584 5289 αὑτῶν
626 5229 713 5285 καὶ
758 5229 794 5296 ἡ
851 5225 1139 5290 ὑπόστασις
1193 5227 1414 5305 γίνεται,
1469 5227 1611 5284 εἶναι
1680 5225 1813 5284 αὑτὰ
1868 5225 1955 5281 καὶ

290 5329 542 5396 παρεῖναι
601 5316 799 5397 τρόπον
840 5316 959 5373 τινὰ
1027 5317 1518 5395 παρασκευάζουσα,
1579 5312 1664 5371 διὰ
1722 5321 1813 5370 τοῦ
1870 5337 1955 5370 πι-

288 5406 491 5463 στεύειν
533 5407 702 5468 εῒναι.
743 5394 909 5465 ’Ἐστι
939 5404 994 5460 δὲ
1021 5406 1057 5473 ἡ
1090 5394 1265 5469 πίστις
1323 5404 1555 5485 ἔλεγχος
1603 5404 1692 5461 καὶ
1742 5400 1955 5460 ἀπόδει-

288 5496 370 5563 ξις
409 5503 512 5554 νῶν
576 5499 639 5554 οὗ
695 5494 1062 5572 βλεπομένων.
1123 5490 1485 5552 Ἀποδείκνυσι
1529 5492 1584 5550 δὲ
1646 5493 1809 5572 ὁρατὰ
1886 5492 1954 5548 τὰ

283 5586 510 5664 ἀόρατα,
573 5577 637 5642 Ἠ
695 5584 867 5647 πίστις
920 5589 1091 5664 mide;
1164 5588 1243 5657 τῷ
1294 5590 1368 5658 νῷ
1427 5584 1515 5640 καὶ
1570 5596 1690 5645 ταῖς
1751 5579 1952 5638 ἐλπίσιν

281 5678 464 5755 ὁρῶσα
513 5677 583 5733 τὰ
643 5675 723 5749 μὴ
766 5675 1076 5756 φαινόμενα.
1134 5695 1161 5727 α
1226 5669 1315 5729 Ἐν
1376 5672 1537 5748 ταύτῃ
1594 5672 1693 5750 γὰρ
1723 5668 1955 5749 ἐμαρτυ-

2026 4593 2200 4653 nium
2228 4591 2456 4653 meruit
2476 4589 2635 4670 quod
2665 4595 2822 4651 esset
2848 4591 3074 4665 justus,
3104 4589 3511 4651 testimonium
3530 4606 3683 4668 per-

2027 4679 2265 4742 hibente
2331 4678 2406 4741 de
2449 4679 2725 4741 donariis
2774 4676 2942 4740 illius
2995 4678 3119 4740 Deo
3149 4726 3168 4754 ,
3218 4685 3277 4740 el
3319 4695 3433 4758 per
3489 4678 3691 4757 ipsam

2029 4777 2306 4831 mortuus
2326 4767 2523 4831 adhuc
2547 4767 2840 4848 loquitur.

2110 4857 2401 4940 Exprimit
2458 4863 2895 4936 consequenter
2946 4855 3089 4936 quid
3136 4855 3211 4917 sit
3259 4854 3431 4930 ﬁdes,
3468 4861 3527 4918 et
3554 4855 3688 4919 ait:

2032 4948 2212 5012 Fides
2244 4954 2333 5009 est
2359 4945 2687 5008 substantia
2712 4964 2778 5007 ac
2803 4945 3062 5007 essentia
3087 4962 3291 5007 earum
3323 4962 3522 5007 rerum
3556 4965 3689 5026 quae

2033 5046 2372 5119 sperantur.
2418 5034 2566 5098 Nam
2616 5034 2896 5115 quoniam
2930 5052 2999 5095 ea
3032 5052 3163 5114 qua:
3201 5032 3332 5114 spei
3362 5034 3691 5097 subsistunt

2032 5126 2242 5189 sentiri
2273 5130 2599 5207 nequeunt,
2634 5131 2696 5185 ut
2726 5142 2859 5204 quae
2905 5122 3145 5184 interim
3204 5123 3521 5203 praesentia
3569 5143 3687 5186 non

2038 5215 2354 5286 sunt.ﬁdes
2404 5212 2665 5276 essentia
2712 5211 2984 5293 quaedam
3033 5211 3299 5293 ipsorum
3333 5219 3422 5275 est
3453 5221 3513 5275 et
3542 5213 3689 5276 sub-

2036 5306 2271 5385 stantia,
2302 5303 2569 5367 eﬂiciens
2602 5309 2661 5364 ut
2689 5300 2812 5363 sint
2842 5308 2902 5362 et
2930 5301 3372 5382 quodammodo
3424 5321 3691 5384 praesen—

2038 5398 2117 5456 tia
2145 5395 2310 5471 ﬁant,
2346 5413 2415 5455 eo
2449 5390 2611 5473 quod
2641 5391 2849 5454 credat
2879 5409 2950 5453 ea
2983 5410 3142 5454 esse.
3174 5391 3281 5455 Est
3311 5400 3509 5456 autem
3542 5393 3692 5455 ﬁdes

2037 5490 2454 5562 argumentum
2512 5499 2582 5543 ac
2637 5479 3070 5543 demonstratio
3129 5500 3336 5544 eorum
3388 5502 3519 5564 quae
3572 5501 3693 5544 non

2036 5573 2329 5634 videntur.
2364 5570 2616 5634 Exhibet
2661 5590 2927 5653 namque
2976 5570 3127 5634 ﬁdes
3154 5571 3414 5635 visibilia
3459 5591 3529 5635 ea
3560 5591 3693 5652 quae

2039 5670 2181 5725 sunt
2208 5659 2562 5727 invisibilia.
2595 5659 2953 5734 Quomodo?
3011 5669 3212 5726 mente
3242 5669 3301 5726 et
3328 5661 3459 5744 ipse
3485 5660 3696 5725 videns
