4136 6418
462 308 581 380 403

1604 314 1951 381 (ECUMEN
1955 313 2014 377 II
2057 310 2353 378 TRICGE
2395 314 2734 382 EPISCOPI

461 467 532 512 ea
562 468 695 532 qum
723 468 843 513 non
855 452 1330 533 apparenMPer
1344 451 1497 514 hanc
1519 450 1679 513 enim
1701 448 2108 513 testimonium

2194 449 2455 529 ρήθησαν.
2538 469 2569 511 ›

3734 317 3860 387 404

2664 450 2756 510 Ἐν
2838 457 2906 529 τῇ
2990 451 3161 510 πίστει
3233 451 3669 535 ἐμαρτυρήθησαν
3753 455 3859 512 ὑπὸ

462 550 844 622 acceperunt.
884 566 911 599 ι
949 540 1062 603 Per
1100 541 1276 603 ﬁdem
1305 542 1703 604 testimonium
1736 559 1771 603 a
1799 540 1923 603 Deo
1953 555 2108 603 acce-

2207 545 2361 614 Θεοῦ,
2423 539 2830 620 εὒηρεστηκέναι
2902 540 3065 617 αὐτῷ.
3153 561 3178 598 ι
3266 545 3326 601 Οἱ
3396 541 3759 624 πρεσϐύτεροι.
3826 566 3853 603 ι

462 637 679 711 perunt
705 629 865 712 quod
923 629 1288 711 placuissent
1313 630 1452 712 ipsi.
1497 655 1523 687 α
1560 630 1862 695 Seniores.
1913 654 1935 688 ι)
1973 627 2108 702 Qui-

2205 628 2366 685 Ποῖοι
2400 648 2417 709 ;
2464 631 2582 710 περὶ
2622 633 2697 686 ὧν
2740 629 2923 705 μέλλει
2953 628 3129 711 λέγειν
3164 649 3179 664 ·
3218 654 3247 687 α
3277 631 3454 689 Πίστει
3481 640 3703 710 νοοῦμεν
3729 655 3860 691 κατ-

462 718 634 783 nam?
656 719 717 780 hi
748 737 895 801 quos
917 718 1288 781 recensebit:
1330 744 1356 775 α
1372 722 1484 782 Per
1513 720 1692 782 ﬁdem
1723 718 2117 799 intelligimus

462 808 728 889 perfecta
754 808 940 871 fuisse
969 808 1205 872 saecula.
1249 834 1272 869 ι
1308 808 1455 871 Nam
1487 828 1621 890 quae
1647 810 1798 871 ratio
1828 815 2025 888 posset
2053 806 2115 869 id

462 897 875 961 demonstrare
895 903 922 957 ‘I
942 906 1175 979 oportet
1200 898 1400 981 itaque
1416 898 1530 961 sibi
1560 898 1676 960 ﬁde
1699 896 2060 979 persuadere
2098 915 2112 929 °

469 1008 493 1045 ι
520 985 591 1049 Ut
620 1005 691 1050 ex
722 987 815 1049 his
835 1005 966 1069 qua
996 1006 1117 1049 non
1148 986 1895 1069 apparebant.»Quisenim
1918 1005 2117 1048 sermo

459 1074 896 1138 demonstrabit
944 1074 1047 1137 illa
1090 1076 1271 1138 fuisse
1326 1076 1579 1139 deducta
1635 1077 1706 1137 ad
1759 1094 1891 1137 esse
1940 1093 2010 1136 ex
2040 1093 2111 1136 eo

463 1164 750 1245 quodnon
784 1172 939 1228 erat?
967 1189 993 1221 α
1017 1163 1371 1228 Uberiorem
1405 1166 1659 1227 hostiam
1696 1163 1902 1227 Abel.»
1931 1165 2112 1244 Cujus

462 1254 624 1317 enim
659 1254 905 1316 alterius
935 1255 1208 1336 exemplo
1236 1258 1425 1318 Deum
1459 1253 1930 1334 honorabat,nisi
1951 1254 2108 1334 quod

461 1342 582 1405 ﬁde
604 1343 1111 1406 credebathorum
1125 1345 1253 1406 ﬁeri
1269 1343 1911 1406 retributionem?«Per
1932 1362 2105 1424 quam

461 1432 873 1495 testimonium
900 1434 1118 1496 meruit
1146 1434 1299 1516 quod
1333 1445 1491 1496 esset
1506 1432 1917 1515 justus.»Cum
1948 1433 2106 1495 enim

461 1522 676 1585 dixerit
707 1525 862 1587 Deus
886 1523 960 1585 ad
990 1524 1162 1598 Cain,
1189 1523 1340 1585 Nnm
1367 1523 1417 1585 si
1439 1531 1599 1585 recte
1647 1522 1957 1596 obtuleris,
1992 1542 2112 1584 non

457 1618 625 1674 recte
649 1619 843 1675 autem
866 1612 1519 1675 diviserisztestiﬁcatus
1544 1620 1635 1673 est
1670 1612 1744 1675 de
1767 1612 1918 1674 Abel
1951 1610 2110 1692 quod

2202 718 2462 798 ηρτίσθαι,
2516 742 2540 774 ιι
2604 721 2691 784 Τίς
2749 721 2848 800 γὰρ
2876 720 3051 801 ἰσχύει
3083 720 3340 801 λογισμὸς
3382 732 3539 783 τοῦτο
3568 728 3857 804 παραστῆ-

2201 829 2287 863 σαι
2323 827 2339 887 ;
2398 805 2482 865 δεῖ
2511 807 2600 865 οὖν
2630 812 2772 884 αὖτῷ
2800 810 2973 866 πίστει
3019 808 3230 870 εἰδέναι.
3267 834 3295 867 ι
3345 813 3432 877 Εἰς
3489 814 3573 888 τὸ,
3615 834 3638 869 α
3675 813 3764 881 Μὴ
3795 812 3859 868 ἐκ

2199 896 2552 976 φαινομένων,
2601 919 2630 952 ι
2676 899 2752 955 Τὰ
2794 898 2895 976 γὰρ
2934 897 2996 955 ἐκ
3051 909 3143 958 τοῦ
3186 899 3265 975 μὴ
3309 898 3460 965 ὄντος
3505 903 3579 965 είς
3612 903 3672 958 τὸ
3705 902 3858 958 εἶναι

2198 984 2563 1069 παραχθέντα,
2609 986 2687 1050 τίς
2730 988 3059 1066 παραστήσει
3089 986 3298 1069 Myos;
3339 1011 3362 1046 α
3398 988 3620 1047 Πλείονα
3675 991 3857 1049 θυσίαν

2203 1062 2401 1136 ”Α⁷ϐελ,
2438 1096 2465 1129 ι»
2498 1075 2621 1133 Τίνα
2664 1076 2763 1156 γὰρ
2793 1062 3043 1155 ἑωρακὼς
3092 1062 3294 1156 ἕτερον,
3340 1078 3495 1154 ἐτίμα
3539 1080 3629 1135 τὸν
3697 1085 3853 1159 Θεὸν,

2194 1162 2229 1232 ἢ
2275 1162 2354 1219 ὅτι
2411 1165 2697 1229 πιστεύσας
2755 1166 2899 1222 εἶναι
2957 1166 3157 1222 τούτων
3212 1165 3522 1249 ἀντίδοσινς
3586 1190 3610 1225 ι
3674 1171 3751 1227 Δι’
3785 1196 3855 1241 ης

2194 1251 2527 1333 ἐμαρτυρήθη
2572 1255 2714 1311 εἶναι
2768 1253 2988 1321 δίκαιος.
3031 1279 3055 1313 ι
3116 1247 3172 1314 ιΟ
3226 1257 3326 1337 γὰρ
3381 1247 3515 1336 πρὸς
3568 1261 3659 1316 τὸν
3718 1264 3857 1321 Κάϊν

2194 1345 2419 1435 εἰρηκῶς
2469 1347 2635 1435 Θεδς,
2677 1346 2784 1404 Οὒκ
2836 1345 2896 1402 ἂν
2958 1348 3120 1426 ὀρθῶς
3180 1348 3278 1424 μὲν
3310 1350 3714 1435 προσενέγκῃς,
3767 1356 3855 1435 ἀρ-

2192 1436 2296 1495 θῶς
2340 1431 2393 1489 δὲ
2440 1435 2516 1509 μὴ
2549 1432 2751 1511 ὃιέλῃς,
2806 1434 3135 1516 ἐμαρτύρησε
3186 1444 3263 1512 τῷ
3310 1426 3484 1495 ’Ἅϐελ
3543 1426 3643 1497 καὶή
3687 1426 3854 1521 δρθῶς

2193 1523 2621 1601 προσενεγκόντι,
2654 1525 2742 1580 καὶ
2772 1524 2936 1603 ὀρθῶς
2999 1523 3223 1582 διελόντι
3258 1546 3273 1561 ⁸
3334 1526 3551 1607 λέγεται
3606 1532 3693 1587 καὶ
3749 1540 3855 1613 πῦρ

2194 1613 2579 1692 κατενηνέχθαι
2636 1613 2720 1670 ἐπὶ
2775 1620 2844 1691 τῇ
2914 1613 3267 1673 ὁλοκαυτώσει
3343 1619 3520 1694 αὐτοῦ,
3585 1619 3690 1681 ἀπὸ
3760 1633 3857 1683 τοῦ

457 1709 519 1764 ct
544 1709 709 1763 recte
734 1700 1021 1764 obtulerit
1042 1710 1099 1765 et
1119 1711 1278 1765 recte
1303 1702 1593 1764 diviserit.
1617 1702 1843 1766 Dicitur
1872 1720 2106 1782 quoque

2196 1700 2435 1780 ούρανοῦ.
2489 1722 2511 1758 α
2575 1704 2671 1760 Καὶ
2727 1701 2793 1758 δι’
2839 1707 3002 1771 αὐτῆς
3058 1705 3356 1769 ἀποθανών,
3416 1730 3441 1766 ιι
3519 1712 3628 1778 Τῆς
3670 1713 3850 1775 θυσίας

451 1789 608 1868 ignis
638 1808 671 1852 e
703 1790 853 1852 caelo
884 1790 1165 1872 delapsus
1186 1792 1368 1855 fuisse
1397 1810 1578 1872 super
1606 1791 1795 1874 ipsius
1818 1791 2104 1852 holocau-

2193 1790 2448 1881 τουτέστι.
2495 1791 2783 1881 Πρόφασιςη
2808 1793 2907 1870 γὰρ
2964 1798 3105 1869 αὒτῷ
3160 1794 3376 1873 γέγονεν
3420 1798 3455 1865 ἡ
3498 1799 3647 1856 θυσία
3705 1822 3849 1881 σιρα-

454 1889 634 1943 stum.
653 1880 795 1942 404
823 1906 846 1939 ι
878 1880 949 1943 Et
981 1882 1293 1963 peripsam
1327 1890 1616 1944 mortuus.
1654 1880 1944 1944 Videlicet
1972 1881 2106 1941 hos-

455 1968 600 2031 tiam
632 1968 778 2031 Nam
811 1970 1007 2033 hostia
1035 1971 1272 2053 fuitipsi
1296 1972 1477 2034 caedis
1512 1969 1943 2043 occasio.Quod
1969 1968 2053 2030 ait
2087 1990 2100 2029 :

2190 1879 2312 1957 γῆς.
2377 1880 2472 1953 Τὸ,
2534 1876 2600 1935 δι’
2659 1880 2821 1948 αὐτῆς
2882 1881 3161 1939 ἀποθανὼν
3224 1883 3299 1939 ἔτι
3358 1883 3629 1961 λαλεϊται,
3673 1888 3711 1956 ἢ
3751 1876 3851 1946 ⁷ὅτι

2189 1969 2321 2033 αὕτη
2392 1969 2427 2036 ἡ
2514 1968 2662 2024 θυσία
2730 1967 2961 2036 κατέστη
3018 1976 3095 2044 τῷ
3164 1969 3373 2054 ἀδελφῷ
3424 1975 3496 2038 εἰς
3555 1976 3846 2069 βασκανίας

452 2056 568 2120 Per
596 2058 785 2139 ipsam
818 2065 1084 2121 mortuus
1127 2061 1323 2122 adhuc
1370 2061 1655 2141 loquitur,
1691 2068 1790 2121 aut
1819 2058 2104 2137 inielligi-

2193 2056 2447 2135 πρόφασιν
2492 2058 2579 2113 καὶ
2633 2056 2843 2136 φθόνου,
2902 2060 2930 2114 ὁ
2991 2056 3045 2114 δὲ
3104 2059 3249 2117 ἔτεκε
3305 2064 3394 2119 τὸν
3452 2064 3634 2144 φόνον,
3672 2056 3732 2122 ’Π
3762 2065 3850 2123 ὅτι

455 2154 552 2209 tur
578 2147 736 2229 quod
788 2147 919 2229 ipsa
964 2147 1159 2210 hostia
1190 2148 1361 2211 fratri
1390 2150 1500 2211 fuit
1549 2149 1790 2210 inviilize
1819 2166 1890 2210 ac
1918 2165 2108 2208 aemu-

453 2236 697 2300 lationis
748 2238 1023 2302 occasio:
1062 2257 1237 2319 porro
1268 2240 1395 2302 haec
1432 2240 1664 2322 peperit
1692 2237 2104 2301 homicidium.

450 2326 571 2389 Aut
597 2327 755 2408 quod
789 2344 895 2409 per
940 2328 1136 2408 ipsam
1194 2329 1479 2410 loquitur,
1516 2328 1750 2391 tametsi
1787 2334 2055 2389 mortuus
2087 2346 2101 2387 :

451 2434 591 2478 nam
621 2416 745 2478 haec
766 2433 943 2479 causa
967 2424 1054 2478 est
1074 2436 1181 2479 cur
1198 2417 1348 2480 Abel
1367 2419 1428 2480 in
1452 2427 1735 2500 perpetua
1764 2417 1839 2479 sit
1870 2434 2105 2478 memo-

451 2504 565 2580 ria,
600 2523 714 2568 nec
760 2524 1020 2588 unquam
1066 2505 1350 2570 oblivioni
1398 2508 1689 2571 tradatur.
1747 2507 1864 2568 Aut
1892 2505 1940 2567 si
1970 2506 2104 2587 quis

461 2594 728 2657 exactius
760 2602 1078 2676 utrumque
1112 2596 1513 2674 consideret,a
1530 2594 1839 2660 communi
1869 2602 2105 2657 senten-

454 2684 537 2747 tia
564 2684 1042 2766 accipiatur.Per
1070 2686 1287 2768 ipsam,
1330 2695 1394 2749 ut
1421 2688 1715 2750 referatur
1748 2694 1807 2749 et
1836 2686 1909 2747 ad
1943 2686 2106 2747 Mor-

451 2781 587 2837 tuus
621 2781 681 2837 et
724 2774 799 2837 ad
822 2776 1141 2858 Loquitur:
1171 2785 1234 2839 ut
1265 2778 1340 2839 sit
1364 2796 1578 2841 sensus
1606 2796 1619 2841 :
1654 2776 1768 2839 Per
1796 2776 1985 2857 ipsam
2016 2773 2108 2836 vel

454 2872 699 2945 propter
744 2864 933 2945 ipsam
981 2865 1238 2928 hostiam
1290 2876 1579 2941 mortuus,
1618 2867 1815 2928 adhuc
1846 2862 2110 2945 loquitur

2191 2141 2258 2199 δι’
2317 2147 2480 2213 αὐτῆς
2551 2144 2819 2221 λαλεϊται,
2908 2148 3075 2204 καίτοι
3153 2141 3476 2212 ἀποθανών.-
3515 2152 3659 2222 Αὕτη
3745 2157 3849 2236 γὰρ

2192 2232 2407 2326 γέγονεν
2453 2236 2649 2326 ,αἰτίαςμ
2684 2242 2774 2292 τοῦ
2830 2236 3149 2313 ἀείμνηστον
3205 2241 3293 2296 καὶ
3346 2240 3611 2310 ἀλάθητον
3699 2232 3846 2302 εἶναι

2192 2324 2281 2381 τὸν
2359 2313 2556 2388 ”Αϐελ,
2626 2313 2709 2399 Ἡ,
2785 2326 2839 2381 εἴ
2904 2348 2985 2390 τις
3061 2325 3428 2410 ἀκριϐέστερον
3494 2330 3846 2403 ἐπισκοπήσει

2191 2412 2494 2504 ἀμφότερα,
2517 2413 2624 2470 ἀπὸ
2671 2421 2857 2504 κοινοῦ
2902 2412 3304 2493 λαμϐανομένου
3358 2426 3472 2498 τοῦ,
3525 2419 3604 2477 Δι’
3651 2424 3841 2504 αὐτῆς,

2192 2505 2309 2559 οἷον
2365 2503 2501 2559 κατά
2541 2524 2598 2559 τε
2653 2509 2745 2560 τοῦ
2788 2502 3119 2581 Ἀποθανὼν,
3162 2508 3249 2564 καὶ
3305 2515 3399 2566 τοῦ
3448 2508 3730 2574 Λαλεϊται.
3763 2502 3848 2558 -ὲ

2192 2591 2534 2681 [ΟΙΚΟΥΜ.]
2568 2599 2642 2681 Δ,Η
2686 2589 2754 2648 δι’
2796 2593 2957 2661 αὐτῆς
2997 2600 3095 2662 τῆς
3148 2596 3397 2663 πίστεως.
3458 2598 3627 2681 Aetla!
3661 2597 3739 2681 δὲ,
3772 2608 3844 2681 τῇ

2191 2683 2373 2763 φήμῃ,
2404 2687 2471 2759 τῇ
2503 2678 2651 2758 δόξῃ,
2684 2688 2752 2758 τῇ
2784 2684 3000 2760 μνήμῃ.
3037 2717 3107 2729 -
3142 2683 3365 2767 [ΦΔΤ]
3406 2705 3437 2747 (
3484 2678 3611 2746 ἸΕειτι
3646 2678 3842 2748 λαλεῐέ-

2190 2792 2300 2832 ται.
2359 2793 2387 2825 ιι
2447 2768 2796 2846 ’Λείμνηστός
2850 2771 3013 2833 ἐστιν.
3073 2775 3180 2832 Οὐκ
3235 2774 3295 2849 ἐᾷ
3350 2777 3505 2835 αὐτὸν
3562 2780 3596 2847 ἡ
3655 2778 3844 2859 πρᾶξις

2190 2860 2371 2942 αὐτοῦ,
2403 2861 2437 2928 ἡ
2469 2860 2529 2916 ἐκ
2558 2862 2807 2939 πίστεως,
2840 2862 2911 2926 εἷς
2955 2860 3146 2939 λήθην,
3180 2867 3362 2945 φησὶν,
3403 2865 3597 2930 ἐλθεῖν.

454 2972 563 3036 per
600 2953 812 3035 ipsam.
844 2953 961 3015 Aut
990 2972 1098 3035 per
1127 2954 1320 3036 ipsam
1352 2957 1532 3019 ﬁdem
1567 2977 1582 3033 ;
1615 2957 1877 3037 loquitur
1904 2965 2102 3016 autem
2134 2949 2308 3025 fama,
2344 2948 2551 3039 gloria,
2588 2950 2899 3039 memoria.
2934 2951 3192 3015 «Adhuc
3213 2953 3500 3035 loquitur.
3537 2981 3563 3014 >›
3593 2955 3662 3019 In
3695 2976 3843 3039 per-

452 3051 643 3126 petua
673 3044 963 3107 memoria
991 3054 1101 3108 est.
1134 3045 1264 3109 Non
1297 3046 1441 3108 sinit
1469 3048 1687 3128 ipsum,
1724 3064 1872 3127 opus
1903 3062 2074 3105 suum
2107 3039 2261 3123 quod
2295 3057 2367 3100 ex
2398 3038 2516 3100 ﬁde
2548 3038 2861 3128 processit,
2890 3042 2949 3103 in
2980 3041 3350 3107 oblivionem
3382 3046 3609 3110 venire.

529 3132 631 3216 XI,
662 3133 784 3199 5-7.
820 3137 942 3198 Per
994 3135 1176 3216 ﬁdem
1237 3139 1445 3200 Enoch
1495 3127 1617 3217 fuit
1671 3133 2003 3199 translatus
2032 3151 2105 3195 ne

2276 3153 2303 3185 ιι
2359 3131 2537 3186 Πίστει
2597 3127 2777 3209 Ἐνὼχ
2834 3133 3088 3205 μετετέθη
3144 3145 3237 3195 τοῦ
3292 3137 3370 3213 μὴ
3419 3137 3548 3195 ἰδεῖν
3590 3139 3840 3218 θάνατον,

450 3224 683 3287 videret
710 3230 982 3301 mortem,
1010 3243 1119 3288 nec
1142 3227 1265 3302 fuit
1285 3228 1588 3308 inventus,
1612 3232 1935 3307 propterea
1956 3224 2111 3303 quod

453 3311 854 3377 transtulerat
880 3315 1079 3393 ipsum
1108 3314 1269 3379 Deus
1298 3338 1311 3380 :
1335 3317 1691 3398 priusquam
1719 3315 1880 3377 enim
1912 3320 2111 3375 trans-

449 3401 726 3482 ferretur
780 3405 1187 3466 testimom'um
1236 3413 1538 3467 meruerat
1590 3404 1751 3486 quod
1790 3401 2110 3483 placuisset

451 3490 791 3571 Deo.Atque
832 3495 962 3553 sine
1004 3494 1139 3573 ﬁde
1183 3494 1323 3575 ﬁeri
1372 3513 1494 3558 non
1544 3502 1709 3576 potes
1737 3499 1805 3556 ut
1830 3493 1968 3573 quis
2016 3490 2111 3553 illi

449 3582 709 3661 placeat.
744 3578 904 3643 Nam
931 3585 1037 3661 qui
1062 3584 1286 3647 accedit
1314 3585 1396 3648 ad
1424 3584 1621 3648 Deum
1667 3584 1829 3646 hunc
1859 3580 2109 3644 credere

453 3677 691 3751 oportet
712 3686 839 3733 esse
860 3669 1084 3748 Deum,
1117 3680 1318 3737 etesse
1363 3682 1880 3737 remuneratorem
1937 3688 2106 3752 quae-

450 3759 726 3823 rentibus
756 3777 842 3823 se.
880 3761 997 3824 Per
1015 3762 1197 3842 ﬁdem
1227 3764 1573 3827 admonitus
1601 3761 1844 3826 oraculo
1873 3760 1997 3823 Noe
2032 3777 2107 3822 ea

449 3866 587 3931 quae
613 3850 889 3912 nondum
926 3851 1293 3916 videbantur
1323 3856 1577 3927 veritus,
1634 3856 1963 3933 apparavit
1996 3866 2104 3911 ar-

2193 3221 2280 3277 καὶ
2335 3224 2438 3299 οὐχ
2493 3221 2779 3299 ε’)ρίσκετο,
2855 3220 2986 3278 διότι
3046 3224 3332 3299 μετέθηκεν
3390 3230 3545 3285 αὐτὸν
3600 3231 3628 3285 ὁ
3686 3231 3844 3292 Θεός.

2192 3311 2300 3389 Πρὸ
2384 3310 2484 3389 γὰρ
2565 3313 2661 3376 τῆς
2748 3311 3076 3383 μεταθέσεως
3178 3317 3356 3389 αὐτοῦ,
3445 3321 3845 3398 μεμαρτύρηται

2193 3398 2604 3480 εὖηρεστηκέναι
2691 3406 2828 3473 Θεῷ.
2918 3405 3089 3481 Χωρὶς
3188 3402 3241 3461 δὲ
3325 3407 3575 3481 πίστεως,
3661 3408 3850 3467 ἀδύνα-

2191 3512 2280 3546 τον
2367 3488 2736 3567 εὖαρεστῆσαι.
2826 3496 3107 3549 Πιστεῦσαι
3191 3496 3290 3575 γὰρ
3375 3496 3458 3554 δεῖ
3539 3500 3627 3555 τὸν
3681 3522 3849 3578 προσ·

2192 3579 2485 3658 ερχόμενον
2556 3585 2632 3653 τῷ
2702 3586 2839 3655 Θεῷ,
2895 3578 2975 3637 ὅτι
3035 3580 3167 3647 ἔστι,
3242 3587 3339 3645 Καὶ
3393 3589 3515 3652 τοῦς
3585 3586 3846 3659 ἐκζητοῦ-

2191 3689 2273 3723 σιν
2355 3668 2534 3741 αὒτὸν,
2622 3665 3015 3742 μισθαποδότης
3087 3674 3305 3751 γίνεται.
3383 3677 3559 3733 Πίστει
3613 3700 3847 3757 χρημα-

2187 3759 2378 3821 τισθεὶς
2493 3761 2610 3813 Νῶε
2712 3760 2828 3837 περὶ
2928 3767 3034 3816 τῶν
3136 3762 3363 3839 μηδέπω
3472 3765 3840 3849 βλεπομένων,

2189 3843 2492 3912 εὐλαϐηθεὶς
2589 3848 2942 3905 κατεσκεύασε
3048 3849 3293 3915 κιϐωτὸν.
3403 3843 3480 3919 εἰς
3579 3843 3847 3937 σωτηρίαν

446 3955 597 4036 eam
624 3938 708 4001 ad
735 3937 997 4036 salutem
1026 3941 1241 4005 domus
1271 3960 1415 4018 sure,
1446 3960 1556 4023 per
1585 3958 1767 4023 quam
1814 3939 2100 4036 condem-

2193 3941 2280 3991 τοῦ
2362 3934 2512 3991 οῗκου
2596 3939 2775 3998 αὐτου,
2868 3936 2948 3993 Δι’
3007 3940 3073 4006 ἧς
3128 3942 3400 4024 κατέκρινε
3462 3947 3553 4001 τὸν
3610 3934 3843 4036 κόσμον,

447 4029 622 4091 navit
649 4029 947 4092 mundum
980 4051 995 4091 :
1032 4036 1092 4094 et
1119 4033 1255 4110 ejus
1283 4050 1415 4113 quae
1434 4032 1768 4095 secundum
1795 4029 1978 4111 ﬁdem
2017 4034 2105 4091 est

2193 4025 2273 4116 καὶ
2329 4023 2425 4093 τῆς
2510 4025 2647 4083 κατὰ
2715 4026 2891 4085 πίστιν
2959 4023 3303 4101 δικαιοσύνης
3365 4034 3577 4115 ἐγένετο
3632 4023 3846 4116 κληρολ

451 4118 699 4193 iustitia
728 4119 922 4196 factus
951 4128 1040 4183 est
1070 4112 1305 4184 haeres.

2193 4112 2371 4190 νόμος,
2412 4136 2441 4169 ι

543 4232 563 4262 ι
597 4204 713 4269 Per
755 4206 935 4270 ﬁdem
993 4207 1222 4272 Enoch.
1258 4235 1279 4267 ι
1314 4210 1396 4273 Ex
1457 4210 1559 4273 illo
1621 4206 2107 4291 praeﬁgurabatur

2273 4225 2301 4257 α
2333 4202 2512 4292 Πίστει
2544 4199 2748 4284 Ἐνώχ.
2785 4227 2812 4261 η
2848 4204 2935 4273 Ἐξ
2964 4208 3163 4266 ἐκείνου
3204 4223 3560 4292 προετυποῦτο
3602 4216 3637 4283 ἡ
3696 4215 3845 4272 ἀναί-

454 4295 665 4358 mortis
697 4296 985 4386 abolitio.
1029 4296 1334 4380 Siquidem
1386 4319 1491 4382 per
1542 4298 1693 4362 Abel
1734 4307 1971 4386 ostensa
2000 4295 2108 4386 fuit

2193 4312 2327 4372 ρεσις
2358 4291 2452 4386 τοῦ
2489 4292 2735 4386 θανάτου.
2795 4296 2892 4352 Διὰ
2936 4298 3033 4386 μέν
3088 4301 3187 4381 γὰρ
3247 4312 3337 4363 τοῦ
3404 4292 3579 4361 ’Ἅϐελ
3621 4304 3840 4386 ἐδείχθη

454 4383 1297 4475 sententiaaconﬁrmatiomer
1314 4381 1518 4453 Enoch
1540 4407 1679 4452 vero
1719 4385 1880 4449 illius
1912 4384 2100 4475 aboli-

2193 4386 2304 4475 τῆς⁸
2359 4381 2723 4475 ἀποφάνσεως-
2762 4386 2824 4441 τὸ
2894 4385 3135 4464 βέϐαιον,
3200 4393 3298 4448 Διὰ
3339 4391 3392 4448 δὲ
3441 4401 3535 4451 τοῦ
3567 4381 3771 4475 Ἑνὼχ,
3806 4396 3844 4459 ἢ

457 4472 832 4539 tio.Credidit
859 4482 1057 4538 autem
1088 4476 1292 4540 Enoch
1331 4479 1521 4541 Deum
1578 4495 1710 4540 esse
1740 4473 1968 4557 praemii
1997 4492 2101 4536 re-

2193 4469 2445 4563 ἀναίρεσις
2490 4471 2674 4563 αίῦτῆς.
2704 4470 3015 4563 ,Ἐπίστευσε
3068 4475 3123 4534 δὲ
3181 4479 3384 4563 Ἐνὼχ,
3442 4481 3522 4539 ὅτι
3580 4469 3848 4558 μισθαποο

458 4570 900 4650 muneratorem
939 4584 953 4625 :
989 4564 1126 4629 ideo
1149 4569 1322 4630 etiam
1347 4555 1843 4650 placuitzatquein
1871 4571 2101 4625 tantum

2193 4555 2341 4625 Βότης
2372 4561 2413 4650 δ
2431 4559 2584 4650 Θεός.
2635 4562 2728 4617 Διὸ
2783 4565 2871 4621 καὶ
2898 4566 3241 4646 εὖηρέστησε.
3305 4555 3401 4630 Καὶ
3443 4555 3690 4630 τοσούτον
3744 4574 3848 4630 πί-

453 4647 595 4714 ﬁdei
620 4659 793 4715 erant
843 4672 976 4735 qua;
1021 4646 1394 4740 videbantur,
1428 4667 1493 4720 ut
1521 4646 1697 4721 etiam
1738 4652 2101 4717 contrarium

2193 4668 2351 4745 στεως
2382 4646 2847 4747 ἦν’τὰῼὸρώμενα,
2882 4652 2961 4710 ὅτι
3008 4656 3102 4712 καί
3154 4660 3216 4714 τὸ
3272 4658 3503 4719 ἐναντίον
3561 4661 3843 4741 παρέθετο.

448 4734 950 4825 appareret.Abel
972 4745 1131 4807 enim
1157 4766 1290 4809 cum
1324 4734 1442 4811 Deo
1464 4742 2105 4829 placuisset,jugulatus

2303 4736 2402 4830 γάρ
2429 4827 2438 4830 Α
2466 4734 2640 4795 ’Ἀϐελ
2697 4742 3051 4821 εὖαρεστήσας
3110 4755 3247 4823 Θεῷ,
3316 4751 3403 4806 καὶ
3463 4734 3693 4830 ἐσφάγη,
3751 4756 3847 4810 καὶ

451 4824 653 4894 tamen
684 4844 919 4905 est,nec
960 4834 1143 4897 voluit
1198 4833 1358 4899 Deus
1413 4824 1546 4899 cum
1581 4832 2001 4917 eoconnivere
2031 4847 2106 4891 ne

2193 4824 2284 4917 οὒκ
2337 4824 2627 4917 ἐπήμυνεν,
2658 4832 2800 4905 αὐτῷ
2842 4834 2870 4887 ὁ
2915 4837 3044 4899 Θεὸς
3100 4839 3232 4916 πρὸς
3274 4840 3335 4895 τὸ
3393 4841 3471 4915 μὴ
3525 4824 3839 4904 ἀποθανεῖν.

451 4930 833 4998 moreretur;
866 4923 1002 4987 ideo
1040 4943 1147 5006 per
1174 4925 1359 4988 solam
1393 4926 1571 4990 ﬁdem
1602 4923 1806 4987 Enoch
1840 4917 2108 5002 placebat

2194 4916 2286 4971 Διὸ
2329 4917 2501 4972 πίστει
2560 4916 2698 4995 μόνῃ
2755 4922 2782 4975 ὁ
2833 4921 3015 5005 Ἐνὼχ
3076 4926 3344 5008 εὖηρέστει
3406 4937 3544 5006 Θεῷ,
3577 4934 3841 4989 πιστεύων

452 5011 596 5088 Deo,
618 5012 871 5075 credens
902 5004 1347 5080 esse—bonorum
1369 5014 2108 5089 retributionemJ’ropter

2193 5004 2332 5061 εἶναι
2392 5011 2497 5062 τῶν
2563 5006 2774 5084 ἀγαθῶν
2831 5004 3109 5077 ἀντίδοσιν.
3176 5004 3296 5074 ⁷Διόι
3348 5019 3435 5075 οὖν
3492 5004 3590 5087 τὴν
3663 5021 3844 5078 πίστιν

450 5099 629 5163 ﬁdem
655 5100 834 5181 igitur
864 5103 1151 5185 placebat,
1189 5114 1246 5168 et
1272 5106 1408 5188 quia
1471 5104 1743 5188 placebat
1787 5097 2107 5188 translatus

2193 5093 2479 5173 εὐηρέστει,
2524 5096 2612 5150 καὶ
2669 5094 2753 5152 διὰ
2794 5100 2892 5168 τὴν
2942 5105 3279 5185 εὐαρέστησιν
3331 5109 3607 5184 μετετέθη,
3662 5132 3685 5167 ι
3735 5120 3844 5171 Τοῦ

446 5196 565 5251 est.
607 5213 629 5245 ι
663 5188 751 5253 Ne
774 5181 1007 5256 videret
1038 5181 1312 5258 mortem:
1357 5221 1377 5254 ι
1415 5181 1635 5260 Vivens
1665 5192 1824 5257 enim
1856 5184 2103 5281 transla-

2193 5181 2426 5281 μὴᾲίδειϊν
2458 5183 2937 5281 θάνατονᾈημΕῶν
2967 5181 3066 5274 γὰρ
3121 5181 3397 5278 μετετέθη,
3459 5202 3545 5256 καὶ
3602 5201 3678 5258 ἔτι
3745 5210 3837 5281 ζη.

444 5284 546 5368 tus
577 5285 687 5351 est,
740 5287 803 5344 et
850 5282 1046 5346 adhuc
1090 5285 1274 5350 vivit:
1310 5305 1488 5368 porro
1539 5286 1639 5347 ubi
1674 5292 1733 5346 et
1776 5275 2099 5362 quomodo,

2193 5278 2293 5368 Ποῦ
2337 5270 2413 5348 δὲ,
2459 5272 2496 5342 ἢ
2525 5278 2663 5349 πῶς,
2698 5275 2913 5346 ἄδηλον,
2955 5305 2983 5338 α
3030 5289 3200 5365 Χωρὶς
3245 5284 3299 5343 δὲ
3330 5270 3555 5353 πίστεως
3585 5270 3842 5349 ἀδύνατον

445 5364 744 5456 incertum
800 5377 911 5433 est.
966 5395 994 5428 α
1020 5373 1198 5456 Atqui
1226 5363 1359 5439 sine
1380 5376 1498 5439 ﬁde
1520 5375 1648 5438 ﬁeri
1674 5390 1790 5435 non
1818 5371 2010 5456 potest
2041 5370 2107 5425 ut

2193 5363 2553 5456 εὐαρεστῆσαι.
2593 5386 2639 5456 nn
2675 5368 2729 5423 Ei
2772 5370 2870 5450 γάρ
2913 5395 2993 5438 τις
3062 5377 3139 5452 μὴ
3195 5379 3519 5435 πιστεύσειεν
3576 5379 3842 5439 ἀντίδοσιν

445 5455 580 5537 quis
608 5456 693 5520 illi
726 5458 1011 5541 placeat»
1043 5450 1353 5546 Siquidem
1379 5466 1495 5528 nisi
1522 5465 1654 5547 quis
1685 5461 1959 5525 crederet
1988 5450 2102 5512 bo-

2193 5454 2302 5507 εἷνα
2372 5451 2549 5508 καλῶν
2616 5452 2782 5533 ἔργων
2825 5464 2912 5518 καὶ
2967 5471 3168 5543 κακῶν,
3228 5470 3322 5524 οὒκ
3364 5468 3425 5525 ἄν
3481 5473 3836 5549 εὖαρεστήσῃ,

441 5563 656 5610 norum
689 5558 749 5643 et
779 5550 1073 5614 malorum
1107 5543 1237 5616 ﬁeri
1292 5543 1868 5643 remunerationem,
1904 5558 2102 5643 aequa

2194 5543 2269 5643 Γίς
2298 5546 2397 5623 γὰρ
2430 5543 2491 5600 ἂν
2534 5545 2632 5643 τὴν
2684 5547 2931 5643 ἐπίπονον
2970 5563 3085 5625 »τῆς
3143 5559 3333 5639 ἀρετῆς
3390 5543 3585 5639 ὁδεύση
3633 5543 3836 5643 τρίϐον,

441 5654 620 5718 quam
667 5637 903 5720 placere
953 5651 1174 5723 posset.
1209 5642 1354 5720 Quis
1384 5644 1545 5708 enim
1576 5661 1684 5725 per
1741 5634 2097 5702 laboriosam

2193 5630 2260 5701 si;
2305 5631 2653 5710 πεπεισμένος
2724 5641 2865 5699 εἶναί
2913 5666 3060 5711 τινας
3116 5630 3393 5730 ἀμοιϐἁς;
3460 5673 3484 5707 a
3546 5630 3840 5711 Πιστεῦσαί
