4136 6428
315 303 430 371 405

1398 311 1793 376 COMMENT.
1840 312 1924 375 IN
1966 310 2210 374 EPIST.
2256 312 2358 376 AD
2400 314 2629 377 HEBR.

3577 299 3697 372 406

313 443 409 522 γὰρ
453 439 540 501 δεῖ
582 443 675 501 τὸν
715 443 1149 525 προσερχόμενον
1207 445 1284 522 τῷ
1327 450 1463 522 Θεῷ.
1512 470 1540 503 ι
1597 446 1669 505 Ob
1698 449 1748 503 τί
1796 446 1934 504 ἐστὶν

2043 443 2186 506 405
2209 445 2438 509 virtutis
2463 446 2733 509 semitam
2765 446 3131 528 graderetur,
3157 447 3272 510 nisi
3303 446 3417 511 sibi
3445 464 3687 528 persua-

294 530 424 592 οὐδὲ
447 533 550 602 τὴν
605 534 784 592 οῦσίαν
838 535 1300 615 περιεργάσασθαι,
1345 535 1484 593 ἀλλᾶ
1540 534 1624 593 δεῖ
1679 543 1953 593 πιστεῦσαι

311 623 472 700 μόνον
515 622 597 680 ὅτι
648 624 781 699 ἔστι,
813 627 899 682 καὶ
929 624 1010 681 ὅτι
1039 625 1322 684 ἀποδίδωσι
1373 629 1557 703 μισθὸν
1611 639 1731 691 τοϊς
1788 626 1951 699 ἐκζη-

305 719 478 770 τοῦσιν
522 715 700 774 αὐτόν.
738 737 765 769 α
815 716 990 772 Πίστει
1034 718 1417 796 χρηματισθεὶς
1462 722 1600 774 Νῶε.
1648 739 1676 771 ι
1733 717 1829 793 Τὸ,
1860 715 1953 773 πί·-

304 825 434 869 στει,
471 810 569 879 τῷ,
606 803 935 885 εὐλαϐηθεὶς,
987 805 1256 881 σύνταξον,
1315 806 1409 862 ’ίνα
1448 806 1485 883 ᾗ
1536 808 1699 872 οὕτως
1726 824 1741 841 ’
1800 813 1951 885 Χρη-

306 894 568 969 ματισθεὶς
655 900 770 952 Νῶε
854 896 970 974 περὶ
1071 901 1175 952 τῶν
1280 894 1504 973 μηδέπω
1585 894 1950 972 βλεπομένων,

305 982 472 1039 πίστει
558 980 860 1049 εῦλαϐηθεὶς
943 985 1295 1041 κατεσκεύασε
1378 982 1628 1042 κιϐωτὸν.
1718 985 1950 1048 Πίστεως

305 1072 403 1150 γὰρ
458 1073 524 1140 ἧν
579 1075 641 1129 τὸ
697 1073 994 1131 ἀκούσαντα
1062 1074 1141 1130 ὅτι
1196 1073 1341 1132 ἔσται
1407 1073 1800 1149 κατακλυσμὸς,
1860 1076 1950 1131 εῦ-

303 1160 597 1230 λαϐηθῆναι
640 1165 728 1220 καὶ
757 1166 1073 1233 πτοηθῆναι.
1118 1186 1139 1218 α
1174 1164 1579 1243 Χρηματισθείς.
1623 1187 1645 1219 υ
1696 1163 1952 1227 Ἀκούσας

301 1253 403 1308 ὑπὸ
432 1260 523 1309 τοῦ
554 1260 707 1313 Θεοῦ.
756 1251 1026 1335 Ἀλλαχοῦ
1068 1277 1251 1333 φησιν,
1316 1250 1409 1311 Ἦν
1466 1258 1607 1329 αῦτῷ
1661 1275 1949 1333 κεχρημα-

300 1343 546 1424 τισμένον
628 1345 729 1400 ὑπὸ
809 1351 900 1401 τοῦ
988 1347 1310 1420 Πνεύματος,
1402 1335 1555 1424 Ὀρᾷς
1638 1344 1948 1424 ἰσοτιμίαν,

302 1418 523 1509 (Ὠσπερ
567 1434 595 1487 ὁ
628 1432 811 1509 Πατὴρ
851 1440 981 1513 χρᾷ,
1029 1418 1166 1489 οὕτω
1193 1435 1279 1490 καὶ
1313 1435 1373 1489 τὸ
1432 1418 1642 1507 Πνεῦμα
1669 1434 1729 1487 τὸ
1773 1418 1946 1509 ἅγιονξ

303 1542 326 1574 ι
370 1522 492 1599 Περὶ
519 1528 624 1578 τῶν
659 1520 883 1589 μηδέπω
932 1522 1293 1599 βλεπομένων.
1339 1548 1361 1575 ι
1422 1521 1525 1579 Τοῦ
1580 1520 1951 1595 κατακλυσμοῦ

294 1632 483 1690 φησιν.
524 1634 550 1664 α
602 1609 683 1666 Δι’
713 1613 782 1677 ἧς
810 1613 1081 1690 κατέκρινε
1109 1613 1200 1668 τὸν
1227 1611 1450 1688 κόσμον.
1491 1631 1519 1671 )
1575 1600 1817 1675 ’Ἐδειξεν
1847 1614 1945 1669 αῦ-

291 1700 415 1765 τοὺς
459 1698 629 1766 ἀξίους
660 1699 815 1765 ὅντας
843 1701 1136 1782 κολάσεως,
1198 1701 1278 1759 ὅτι
1335 1700 1492 1779 μηδὲ,
1552 1707 1945 1771 κατασκευαζο-

291 1787 465 1864 μένην
550 1792 772 1869 ὁρῶντες
859 1792 956 1858 τὴν
1014 1788 1260 1863 κιϐωτὸν,
1350 1790 1657 1847 ἐπίστευσαν
1741 1787 1947 1845 ἔσεσθαι

290 1878 691 1954 κατακλυσμόν.
754 1902 777 1935 α
818 1882 915 1939 Καὶ
954 1886 1051 1947 τῆς
1095 1882 1231 1937 κατὰ
1286 1881 1459 1937 πίστιν
1516 1877 1875 1944 δικαιοσύνης.
1915 1902 1941 1930 »
1974 1859 2007 1908 Β

286 1967 398 2035 Τῆς
454 1965 537 2024 διὰ
592 1969 819 2034 πίστεως
878 1970 1163 2035 συστάσης.
1238 1968 1449 2037 Ἐκείνη
1506 1968 1607 2047 γὰρ
1685 1966 1841 2021 αῦτὸν
1911 1966 1945 2033 ἡ

286 2055 468 2122 πίστις
498 2055 825 2138 ἐδικαίωσεν,
853 2058 921 2126 ἢν
949 2058 1220 2115 ἐπίστευσε
1246 2064 1324 2133 τῷ
1353 2065 1490 2133 Θεῷ.

2036 551 2167 596 sum
2201 543 2357 597 esset
2388 535 2612 618 aliquid
2632 536 2762 598 fore
2781 536 3326 600 remunerationis?
3354 560 3378 593 α
3408 538 3557 598 Nam
3581 536 3686 616 qui

2035 623 2264 685 accedit
2309 624 2382 687 ad
2430 625 2641 701 Deum,
2696 626 2855 689 hunc
2902 627 3154 689 credere
3213 632 3467 708 oportet.
3501 650 3525 681 »
3554 625 3687 688 Non

2034 711 2177 791 quid
2200 712 2296 786 sit,
2318 733 2513 795 neque
2542 715 2860 778 essentiam
2888 715 3123 778 curiose
3148 713 3686 796 scrutari,sedtan-

2038 811 2160 863 tum
2191 803 2440 866 credere
2471 811 2699 885 oportet
2742 804 2898 886 quod
2931 804 3029 878 sit,
3089 814 3148 867 et
3197 805 3352 886 quod
3411 803 3689 884 rependit

2035 891 2373 953 mercedem
2407 892 2809 974 quaerentibus
2839 913 2965 956 se.«
3001 893 3116 956 Per
3140 895 3316 956 ﬁdem
3347 894 3687 955 admonitus

2034 977 2180 1041 Noe.
2215 1004 2239 1034 η
2272 982 2385 1043 Per
2419 982 2595 1043 fidem
2627 982 2882 1062 adjunge
2905 983 2962 1045 ei
2988 984 3144 1064 quod
3170 982 3471 1063 sequitur:
3503 980 3679 1043 Veri-

2034 1076 2150 1141 tus,
2186 1076 2247 1129 ut
2276 1069 2350 1130 sit
2384 1071 2479 1132 hic
2497 1090 2750 1132 sensus:
2789 1073 3147 1135 Admonitus
3176 1073 3415 1136 oraculo
3434 1070 3580 1143 Noe,
3616 1090 3685 1131 ea

2035 1176 2165 1239 quae
2192 1159 2451 1220 nondum
2485 1160 2835 1223 videbantur
2880 1181 2984 1237 per
3015 1161 3191 1222 ﬁdem
3221 1161 3462 1236 veritus,
3498 1178 3682 1240 appa-

2035 1246 2186 1307 ravit
2214 1266 2431 1309 arcam.
2452 1249 2615 1311 Fidei
2653 1269 2909 1332 namque
2929 1258 3056 1313 erat
3079 1250 3233 1331 quod
3256 1249 3505 1311 audiens
3532 1248 3682 1310 futu-

2036 1357 2165 1399 rum
2200 1338 2486 1399 diluvium
2520 1347 2843 1415 vereretur,
2873 1350 2931 1403 et
2963 1359 3177 1421 pavore
3197 1346 3688 1401 consternaretur

2042 1451 2065 1482 «
2102 1428 2453 1488 Admonitus
2484 1429 2783 1489 oraculo.»
2813 1430 2933 1492 Aoc
2965 1438 3074 1505 est,
3104 1449 3237 1491 cum
3265 1447 3299 1491 a
3328 1429 3450 1490 Deo
3481 1427 3683 1489 audis-

2036 1516 2307 1579 set.Alibi
2335 1517 2959 1598 diciturzﬂesponsum
2981 1517 3445 1600 acceperat,sive
3475 1516 3684 1578 admo-

2030 1604 2188 1666 nitus
2247 1616 2372 1667 erat
2425 1626 2459 1668 a
2505 1604 2729 1687 Spiritu
2790 1616 2994 1669 sancto
3050 1608 3157 1669 57'.
3194 1607 3377 1671 Vides
3437 1605 3684 1668 honoris

2030 1695 2421 1775 aequalitatem
2442 1696 2472 1757 ‘?
2502 1696 3018 1768 Quemadmodum
3050 1701 3225 1761 Pater
3257 1696 3497 1759 oraculo
3549 1714 3683 1756 res-

2032 1786 2274 1865 pondet,
2299 1785 2472 1860 ita,et
2496 1786 2750 1866 Spiritus
2779 1795 3038 1850 sanctus.
3078 1812 3103 1842 «
3126 1787 3210 1849 Ea
3236 1806 3367 1868 quae
3414 1785 3685 1847 nnndum

2030 1872 2443 1937 videbantur.»
2472 1874 2774 1938 Diluvium
2806 1876 2973 1937 dicit.
3007 1879 3159 1939 «Per
3187 1895 3362 1958 quam
3392 1874 3684 1937 condem-

2030 1963 2187 2023 navit
2242 1964 2615 2027 mundum.»
2684 1962 2955 2026 Ostendit
3014 1965 3174 2046 ipsos
3234 1966 3416 2026 fuisse
3469 1962 3680 2043 dignos

2030 2052 2347 2133 supplicio,
2408 2054 2567 2134 quod
2627 2072 2822 2134 neque
2876 2054 3178 2118 intuentes
3230 2053 3422 2135 parari
3459 2071 3679 2129 arcam,

285 2143 675 2207 crediderant
705 2145 833 2209 fore
896 2145 1211 2210 diluvium.
1252 2171 1276 2203 ‹‹
1328 2147 1404 2209 Et
1432 2146 1562 2228 ejus
1590 2162 1722 2226 quae
1756 2139 2083 2205 secundum
2126 2142 2305 2205 ﬁdem
2341 2152 2431 2206 est
2454 2144 2718 2224 justitiae.
2754 2143 2895 2215 Quae
2923 2162 3030 2224 per
3058 2143 3236 2206 ﬁdem
3267 2141 3677 2204 constituitur.

278 2231 434 2297 Nam
466 2234 569 2297 illa
596 2236 746 2299 ﬁdes
776 2256 912 2300 eum
933 2236 1281 2319 justiﬁcavit
1309 2255 1424 2319 qua
1453 2234 1706 2300 credidit
1732 2233 1878 2297 Deo.

374 2346 404 2384 ι
458 2327 637 2384 Πίστει
690 2326 1016 2404 καλούμενος
1086 2325 1350 2407 Ἀϐραὰμ,
1436 2329 1735 2398 ὑπήκουσεν
1804 2321 1943 2389 ἐξελ-

275 2420 400 2475 θεῖν
472 2418 545 2481 εἰς
608 2418 699 2474 τὸν
789 2418 974 2491 τύπον,
1072 2418 1129 2474 ὃν
1220 2415 1422 2493 ἤμελλε
1509 2414 1795 2492 λαμϐάνειν
1867 2415 1939 2477 εἷς

275 2506 666 2586 κληρονομίαν.
754 2509 855 2566 Καὶ
953 2507 1136 2576 ἐξῆλθε
1245 2510 1323 2585 μὴ
1405 2507 1755 2581 ἐπιστάμενος
1839 2512 1941 2562 ποῦ

275 2596 525 2676 ἔρχεται.
614 2597 789 2654 Πίστει
874 2599 1191 2677 παρῴκησεν
1247 2601 1317 2665 εἰς
1388 2603 1490 2677 γῆν
1550 2597 1650 2663 τῆς
1698 2593 1938 2672 ἐπαγγε..

274 2684 404 2748 λίας
516 2686 591 2748 ὡς
696 2684 996 2767 ἀλλοτρίαν,
1112 2686 1167 2743 ἐν
1277 2699 1505 2755 σκηναῖς
1617 2684 1941 2753 κατοικήσας

278 2774 433 2851 μετὰ,
483 2772 667 2832 Ἰσαὰκ
737 2779 823 2833 καὶ
898 2775 1095 2834 Ἰακὼϐ
1169 2779 1275 2834 τῶν
1344 2773 1791 2856 συγκληρονόμων
1842 2777 1940 2839 τῆς

274 2862 606 2943 ἐπαγγελίας
648 2869 745 2932 τῆς
789 2869 976 2934 αῦτῆς.
1028 2864 1333 2947 Ἐξεδέχετο
1363 2867 1465 2945 γὰρ
1501 2867 1599 2933 τὴν
1628 2865 1749 2929 τοὺς
1777 2866 1942 2938 θεμε-

270 2953 428 3017 λίους
482 2954 714 3033 ἔχουσαν
742 2954 920 3028 πόλιν,
966 2957 1035 3023 ἧς
1090 2959 1340 3036 τεχνίτης
1398 2957 1487 3012 καὶ
1540 2954 1855 3032 δημιουργὸς
1914 2954 1941 3007 ὁ

270 3042 436 3107 Θεός.
496 3043 675 3100 Πίστει
720 3045 806 3100 καὶ
848 3045 982 3112 αῦτη
1039 3045 1213 3123 sese:
1256 3042 1473 3120 δύναμιν
1520 3046 1591 3107 εἷς
1640 3041 1942 3109 καταϐολὴν

269 3131 585 3211 σπέρματος
616 3130 795 3208 ἔλαϐε,
829 3136 917 3191 καὶ
947 3134 1088 3213 παρὰ
1142 3135 1323 3214 καιρὸν
1351 3132 1561 3203 ἡλικίας
1592 3132 1792 3204 ἔτεκεν,
1822 3131 1938 3187 επεὶ

267 3224 469 3280 πιστὸν
526 3224 773 3301 ἡγήσατο
844 3225 934 3280 τὸν
994 3223 1470 3303 ἐπαγγειλάμενον.
1538 3225 1631 3279 Διὸ
1702 3224 1789 3279 καὶ
1847 3217 1935 3299 ἀφ’

267 3313 400 3375 ἐνὸς
484 3311 864 3394 ἐγεννήθησαν,
950 3315 1038 3370 καὶ
1121 3323 1284 3372 ταῦτα
1341 3314 1693 3393 νεκρωμένου,
1766 3310 1939 3372 καθὼς

2105 2320 2202 2397 XI,
2239 2322 2539 2386 8-12.1’er
2563 2322 2744 2403 ﬁdem
2773 2329 3020 2387 vocatus
3048 2323 3361 2386 Abraham
3385 2323 3679 2396 obedivit,

2021 2416 2090 2474 ut
2117 2413 2312 2474 exiret
2342 2417 2409 2473 in
2440 2411 2631 2474 locum
2665 2429 2836 2491 quem
2867 2421 3222 2492 accepturus
3251 2419 3383 2476 erat
3413 2415 3480 2474 in
3496 2412 3686 2474 haere-

2022 2502 2276 2565 ditatem
2306 2522 2318 2561 :
2344 2508 2403 2564 et
2451 2504 2645 2565 exivit
2704 2505 2979 2566 nesciens
3031 2520 3149 2584 quo
3193 2510 3341 2566 esset
3368 2509 3684 2565 venturus.

2026 2592 2144 2652 Per
2195 2591 2368 2657 ﬁdem
2413 2593 2838 2672 commigravit
2868 2594 2935 2655 in
2972 2599 3201 2655 terram
3259 2593 3688 2672 promissionis

2026 2678 2211 2743 veluti
2238 2682 2648 2761 peregrinam,
2672 2698 2805 2743 cum
2836 2682 2901 2743 in
2924 2680 3336 2745 tabernaculis
3355 2681 3687 2743 habitasset

2026 2769 2369 2847 cumzlsaae
2399 2779 2452 2832 et
2481 2769 2686 2847 Iacob,
2722 2771 3129 2833 eohwredibus
3149 2771 3412 2850 ejusa‘em
3436 2773 3687 2850 promis-

2025 2861 2238 2923 sionis.
2274 2859 2691 2940 Exspectabat
2732 2863 2891 2922 enim
2922 2860 3243 2923 habentem
3274 2861 3686 2939 fundamenta

2026 2950 2358 3024 civitatem,
2394 2951 2568 3025 cuius
2598 2950 2803 3029 epifex
2820 2956 2878 3012 et
2905 2950 3182 3012 conditor
3210 2955 3299 3013 est
3344 2949 3525 3012 Deus.
3568 2951 3692 3011 Per

2027 3038 2209 3119 ﬁdem
2242 3044 2298 3101 et
2328 3040 2461 3118 ipsa
2493 3038 2651 3101 Sara
2714 3041 2839 3101 vim
2892 3040 2972 3101 ad
3002 3041 3455 3120 concipiendum
3483 3056 3555 3102 ac
3584 3056 3683 3101 re-

2023 3128 2343 3190 tinendum
2388 3146 2587 3190 semen
2617 3129 2868 3209 accepit,
2903 3136 2961 3191 et
2984 3135 3212 3209 praeter
3240 3134 3438 3191 aetatis
3486 3130 3684 3191 ratio-

2022 3236 2158 3280 nem
2185 3219 2447 3298 peperit,
2498 3218 2660 3297 quod
2676 3217 3233 3296 ﬁdelemindicaret
3264 3236 3400 3280 eum
3430 3223 3685 3299 quipro-

2028 3314 2299 3369 miserat.
2338 3306 2717 3387 Quapropter
2744 3316 2804 3368 et
2833 3326 2910 3369 ea;
2951 3325 3072 3370 uno
3120 3310 3256 3369 nati
3296 3314 3454 3385 sunt,
3508 3325 3687 3386 eoque

276 3369 283 3370 ί
386 3369 397 3375 ⁷
526 3369 538 3391 ι
660 3369 691 3384 '7
728 3369 740 3381 ¹
848 3369 864 3394 τ
955 3369 980 3370 Π
1196 3369 1212 3372 ⁷
1434 3369 1449 3393 [ν
1514 3369 1523 3389 Ι
1678 3369 1693 3387 ⁷
1926 3369 1934 3372 ⁷

266 3405 343 3459 τὰ
432 3399 598 3482 ἄστρα
681 3409 771 3459 τοῦ
881 3406 1100 3484 ούρανοῦ
1202 3409 1278 3478 τῷ
1377 3402 1593 3476 πλήθει,
1697 3403 1770 3464 ὡς
1856 3392 1942 3457 καὶ

2032 3398 2152 3472 iam
2181 3403 2392 3477 efferto,
2427 3369 2600 3458 tanti;
2622 3413 2873 3459 numero
2919 3403 3149 3476 quanto
3178 3403 3321 3459 sunt
3347 3369 3536 3460 steilce
3565 3369 3685 3459 (:03-

268 3495 304 3562 ἡ
346 3490 530 3569 ἅμμος
559 3494 594 3561 ἡ
666 3493 810 3573 παρὰ
859 3494 922 3550 τὸ
978 3492 1171 3574 χεῖλος
1227 3498 1328 3561 τῆς
1370 3492 1639 3559 θαλάσσης
1668 3493 1703 3560 ἡ
1734 3491 1938 3571 empto.

272 3604 460 3659 μητος
472 3631 485 3644 .
518 3603 552 3639 ι

373 3692 401 3731 α
437 3673 615 3729 Πίστει
648 3670 972 3747 καλούμενος
1004 3670 1270 3753 Ἀϐραάμ.
1303 3697 1330 3728 n
1382 3674 1454 3732 Οῦ
1496 3673 1594 3751 γὰρ
1657 3673 1717 3728 ἂν
1774 3673 1942 3749 ὕπερ-

260 3766 524 3836 ήκουσεν,
586 3764 631 3818 εί
678 3762 755 3837 μὴ
808 3762 1112 3820 ἐπίστευσεν
1172 3762 1447 3831 ἀληθεύειν
1510 3764 1601 3818 τὸν
1653 3764 1804 3833 Θεὸν,
1867 3762 1939 3825 εἰς

268 3855 337 3911 τὸ
373 3864 653 3931 παροικεῖν
706 3852 805 3920 τὴν
866 3854 971 3932 γῆν
1014 3852 1240 3921 ἐκείνην.
1296 3854 1392 3912 Καὶ
1453 3853 1580 3909 αὐτὸ
1611 3849 1666 3908 δὲ
1696 3853 1758 3909 τὸ
1787 3849 1938 3916 ἐξελ-

268 3947 394 4001 θετν
464 3941 693 4005 πίστεως
750 3943 843 4009 ἦν,
927 3949 1059 4000 Θεοῦ
1140 3944 1242 4022 γὰρ
1298 3940 1590 4005 καλοῦντος
1645 3941 1936 4015 ὑπήκουσε,

270 4032 567 4095 πιστεύσας
597 4030 679 4087 ὅτι
730 4031 817 4088 ἐπ’
866 4032 1047 4110 ἀγαθῷ
1103 4030 1280 4091 καλεῖ.
1352 4054 1380 4087 α
1438 4032 1528 4099 Μὴ
1587 4030 1937 4105 ἐπιστάμενος

269 4128 381 4179 ποῦ
425 4119 668 4201 ἔρχεται.
702 4143 731 4176 ι
770 4122 869 4179 Καὶ
915 4122 977 4177 τὸ
1025 4128 1219 4198 μεῖζον
1274 4125 1375 4191 τῆς
1418 4120 1676 4200 πίστεως,
1705 4119 1791 4177 ὅτι
1824 4117 1940 4179 οὐδὲ

276 4210 538 4278 ἠπίστατο
566 4219 661 4269 τοῦ
687 4208 965 4290 καλεῖται,
1034 4231 1059 4265 α
1112 4212 1290 4267 Πίστει
1335 4211 1660 4290 παρῴκησεν
1719 4211 1793 4274 εἷς
1839 4214 1942 4287 γῆν

279 4304 383 4365 τῆς
412 4297 750 4378 ἐπαγγελίας.
789 4322 812 4355 ι
852 4288 999 4379 ιὈρα
1029 4300 1079 4356 τί
1131 4323 1292 4381 φησιν
1324 4317 1340 4333 ⁶
1418 4288 1507 4358 Εἰς
1565 4301 1664 4368 τὴν
1723 4305 1827 4379 γῆν
1876 4299 1942 4366 ἦν

283 4386 638 4467 ἐπηγγείλατο
666 4391 694 4446 ὁ
736 4390 890 4470 Θεὸς,
921 4388 1099 4468 λέγων
1135 4406 1150 4420 ·
1187 4391 1279 4447 Σοὶ
1308 4387 1462 4447 δώσω
1505 4391 1672 4459 αὐτὴν
1723 4391 1811 4446 καὶ
1866 4394 1942 4462 τῷ

292 4476 545 4556 σπέρματί
603 4500 717 4555 σου,
776 4480 1008 4554 κατῴκει
1073 4480 1148 4542 ὡς
1202 4479 1258 4536 ἐν
1328 4477 1600 4560 ἆλλοσρίᾳ,
1659 4480 1747 4536 καὶ
1802 4481 1939 4559 ὁρῶν

2029 3486 2097 3561 li,
2127 3492 2183 3549 et
2206 3486 2369 3548 relut
2408 3503 2599 3548 arena
2623 3502 2756 3564 quae
2786 3491 2871 3549 est
2886 3489 3080 3565 juxta
3112 3492 3457 3567 marginem
3488 3488 3687 3549 maris

2027 3575 2515 3639 innumerabilis.

2112 3668 2263 3727 «Per
2293 3664 2473 3726 ﬁdem
2505 3670 2742 3727 vocatus
2772 3664 3099 3727 Abraham.
3151 3667 3285 3728 Non
3340 3665 3503 3728 enim
3535 3666 3686 3729 obe-

2024 3754 2235 3835 disset,
2270 3752 2389 3817 nisi
2422 3753 2778 3816 credidisset
2838 3772 2977 3815 vera
3025 3755 3229 3817 dicere
3276 3753 3491 3830 Deum,
3526 3757 3686 3837 quod

2023 3843 2187 3905 illam
2245 3843 2490 3905 daturus
2539 3851 2697 3904 esset
2740 3851 2986 3907 terram.
3020 3843 3092 3905 Et
3123 3844 3237 3905 hoc
3295 3845 3492 3924 ipsum
3524 3846 3685 3925 quod

2025 3932 2264 4017 exierit,
2296 3932 2434 3994 ﬁdei
2468 3939 2618 3994 erat.
2653 3931 2774 3993 Deo
2812 3950 3069 4013 namque
3100 3940 3352 3994 vocante
3397 3932 3683 4015 obedivit,

2026 4022 2282 4085 credens
2313 4021 2469 4103 quod
2511 4029 2757 4103 propter
2776 4019 3001 4083 bonum
3032 4029 3291 4086 vocaret.
3332 4045 3359 4076 α
3397 4021 3685 4085 Nesciens

2025 4131 2141 4193 quo
2195 4120 2354 4174 esset
2409 4118 2717 4174 venturus.
2758 4135 2778 4166 ι
2814 4111 2890 4173 Et
2920 4111 3033 4173 hoc
3082 4111 3327 4192 majoris
3375 4112 3514 4172 406
3557 4121 3685 4174 erat

2027 4201 2189 4283 ﬁdei,
2224 4202 2380 4280 quod
2428 4200 2873 4281 obtemperaret
2931 4220 3289 4283 quocunque
3338 4213 3675 4265 vocaretur.

2031 4291 2180 4353 «Per
2212 4290 2392 4352 ﬁdem
2423 4289 2833 4370 commigravit
2864 4290 2925 4351 in
2956 4303 3175 4354 terram
3194 4292 3674 4373 promissionis.»

2025 4379 2354 4445 Considera
2383 4378 2524 4461 quid
2563 4379 2724 4441 dicat
2745 4400 2758 4440 :
2780 4382 2845 4443 In
2869 4388 3086 4443 terram
3106 4401 3281 4463 quam
3324 4381 3684 4462 promiserat

2024 4469 2204 4543 Deus,
2253 4468 2503 4532 dicens:
2543 4468 2678 4531 Tibi
2721 4468 2874 4531 dabo
2934 4470 3122 4552 ipsam
3176 4479 3235 4535 et
3280 4471 3496 4533 semini
3574 4480 3675 4534 tuo

291 4566 370 4641 μὴ
426 4563 757 4627 ἐκϐαίνουσαν
811 4569 906 4625 τοῦ
970 4574 1100 4626 Θεοῦ
1157 4570 1256 4637 τὴν
1313 4559 1655 4649 ἐπαγγελίαν.
1723 4559 1780 4626 εΟ
1840 4569 1937 4644 μὲν

2032 4567 2422 4643 commoratus
2470 4566 2561 4620 est
2612 4566 2890 4641 tanquam
2919 4560 2981 4621 in
3012 4560 3226 4627 aliena.
3266 4561 3440 4623 etiam
3468 4560 3678 4623 videns

292 4656 390 4736 γὰρ
422 4658 548 4720 Θεὸς
604 4659 807 4739 εἰρήκει
860 4655 1039 4715 δοῦναι
1098 4659 1284 4727 αὐτὴν,
1360 4661 1524 4723 Αὐτὸς
1583 4656 1662 4740 δὲ,
1696 4659 1769 4722 ὡς
1800 4659 1947 4728 πάρ-

290 4767 457 4820 οικος,
502 4746 556 4805 ἐν
600 4753 673 4826 γῇ
726 4745 845 4825 ξένῃ
902 4745 1054 4823 ᾤκει,
1129 4749 1217 4804 καὶ
1292 4746 1409 4807 οῦδὲ
1466 4745 1634 4811 οὕτως
1686 4747 1948 4816 ἠσθένησε

284 4842 355 4914 τῇ
383 4838 576 4917 πίστει,
621 4835 759 4894 ἀλλὰ
787 4838 876 4894 καὶ
925 4846 1093 4897 ταῦτα
1150 4838 1283 4912 μετὰ
1339 4840 1446 4895 τῶν
1502 4836 1735 4917 ἐκγόνων
1795 4839 1950 4894 οἰκῶν

284 4927 358 4989 είς
418 4926 585 4994 αὒτὴν
640 4927 711 4991 ὡς
780 4924 1085 5004 ἀλλοτρίαν,
1141 4924 1291 5002 ὅμως
1348 4927 1427 4985 ἔτι
1482 4926 1748 4984 ἐπίστευεν
1806 4928 1949 5003 αῦτῴ

281 5018 370 5073 καὶ
422 5024 499 5092 τῷ
556 5016 819 5097 σπέρματι
880 5018 1039 5075 αῦτοῦ
1113 5015 1421 5089 δοθήσεσθαι
1492 5017 1678 5088 αὑτήν.
1767 5040 1792 5070 α
1858 5014 1946 5073 Ἐν

284 5120 510 5173 σκηναῖς
542 5108 889 5175 κατοικήσας.
928 5130 957 5161 ι
1007 5108 1080 5165 Τὸ
1110 5108 1210 5188 γὰρ
1267 5108 1468 5175 σκηνὰς
1525 5107 1811 5182 πήξασθαι,
1860 5106 1946 5172 ξέ-

289 5216 392 5250 νων
421 5195 529 5253 ἐστὶ
558 5198 644 5253 καὶ
674 5195 964 5275 ἀλλοτρίων
1011 5200 1108 5264 τῆς
1141 5202 1268 5275 γῆς,
1337 5221 1364 5252 α
1424 5197 1570 5254 Μετὰ
1624 5196 1805 5254 Ἰσαὰκ
1859 5205 1947 5259 καὶ

288 5281 496 5345 Ἰακώϐ.
546 5287 644 5345 Καὶ
686 5286 883 5343 τούτων
926 5285 1100 5342 πίστιν
1159 5284 1434 5367 δείκνυσιν,
1510 5285 1589 5342 ὅτι
1653 5288 1741 5342 καὶ
1800 5285 1946 5345 αὗτοὶ

284 5373 708 5454 συγκληρονόμοι
764 5375 936 5455 ὄντες,
985 5376 1059 5439 ὡς
1134 5374 1269 5442 ξένοι
1313 5375 1484 5451 ᾤκουν
1542 5378 1614 5442 εἷς
1685 5378 1784 5443 τὴν
1842 5380 1943 5454 γῆν

286 5460 510 5532 ἐκείνην.
588 5466 687 5523 Καὶ
756 5467 785 5521 ὁ
844 5465 942 5540 μὲν
1015 5463 1220 5546 Ἰσαὰκ,
1279 5464 1624 5542 ἐλαυνόμενος
1693 5466 1794 5521 ὑπὸ
1851 5470 1945 5522 τοῦ

355 5633 442 5686 57'
475 5635 627 5700 Luc.
657 5650 721 5711 n,
754 5633 858 5696 26.

2030 4671 2149 4713 non
2181 4650 2528 4729 contingere
2559 4650 2665 4712 Dei
2686 4650 3482 4732 promissionem.Siquidem
3504 4650 3679 4712 dixe-

2029 4751 2124 4804 rat
2153 4740 2311 4803 Deus
2341 4740 2680 4801 sedaturum
2712 4739 2924 4820 ipsam,
2954 4740 3084 4821 ipse
3112 4749 3311 4803 tamen
3357 4739 3535 4800 veluti
3565 4740 3676 4801 ad-

2030 4849 2181 4893 vena
2216 4829 2274 4890 in
2307 4837 2468 4891 terra
2509 4829 2827 4910 peregrina
2866 4829 3200 4892 habitabat:
3240 4838 3296 4891 et
3326 4848 3401 4890 ne
3432 4828 3512 4888 ita
3538 4828 3675 4907 qui-

2032 4922 2166 4984 dem
2204 4918 2495 4982 inﬁrminr
2523 4919 2582 4979 in
2622 4918 2740 4981 ﬁde
2768 4918 2957 4980 factus
2987 4928 3119 4982 est:
3156 4918 3261 4981 sed
3310 4918 3448 4979 licet
3497 4917 3674 4979 etiam

2030 5031 2165 5076 cum
2209 5008 2525 5091 nepotibus
2576 5009 2636 5069 in
2690 5026 2761 5069 ea
2806 5007 3098 5070 habitaret
3146 5017 3423 5089 tanquam
3455 5006 3672 5089 aliena,

2030 5102 2223 5163 adhuc
2252 5112 2450 5160 tamen
2499 5097 2780 5159 credebat
2836 5097 2950 5159 sibi
3001 5106 3059 5158 et
3107 5097 3323 5159 semini
3349 5116 3453 5159 suo
3484 5096 3675 5177 ipsam

2029 5190 2282 5252 dandam
2319 5206 2472 5250 esse.
2505 5211 2525 5243 ‹‹
2566 5187 2708 5250 Cum
2747 5187 2805 5249 in
2839 5187 3235 5250 tabernaculis
3255 5187 3601 5249 habitasset.
3639 5207 3670 5248 )

2030 5278 2337 5361 Siquidem
2370 5276 2750 5338 tabernacula
2780 5277 2981 5356 ﬁgere,
3024 5277 3475 5358 peregrinorum
3502 5285 3590 5338 est
3619 5285 3679 5339 et

2026 5369 2495 5448 alienigenarum
2546 5366 2608 5428 in
2667 5376 2887 5430 terra.«
2938 5366 3082 5430 Cum
3122 5368 3283 5431 Isaac
3312 5374 3372 5429 et
3394 5365 3577 5429 Jacob
3642 5391 3670 5424 »

2028 5457 2217 5523 Etiam
2273 5458 2488 5519 horum
2558 5457 2737 5521 fidem
2813 5457 3073 5522 ostendit
3134 5456 3293 5541 quod
3369 5475 3508 5520 cum
3564 5455 3680 5537 ipsi
