4136 6418
435 375 553 442 407

1573 370 1925 439 ΈΟΗΜΕΝ
1930 371 1989 433 II
2033 371 2329 436 TBICGIE
2370 368 2708 437 EPISCOPI

3710 364 3831 431 408

432 512 709 578 haredes
729 519 928 576 essent
955 519 1130 575 terra
1146 508 1580 592 promissionis,
1597 515 1874 589 tanquam
1896 522 2076 586 pere-

2183 504 2410 579 Ισμαηλ,
2444 509 2471 563 6
2501 504 2555 562 δέ
2605 503 2801 563 Ἰακὼϐ
2840 503 3260 587 φυγαδευόμενος
3308 506 3410 563 ὑπὸ
3478 509 3570 563 τοῦ
3629 493 3825 564 Ἡσαῦ.

439 605 595 686 grini
626 602 968 666 habitabant
995 602 1057 665 in
1082 603 1208 665 illa.
1253 600 1326 662 Et
1354 602 1515 663 Isaac
1558 596 1800 678 quidem
1821 595 2087 676 abjectus

439 693 519 756 ab
547 693 785 769 Ismael,
816 691 999 755 Jacob
1037 700 1236 755 autem
1268 690 1499 769 fugatus
1540 687 1612 749 ab
1643 691 1798 751 Esau
1836 704 1849 748 :
1894 703 2089 766 neque

441 791 641 848 tamen
671 784 753 845 ita
798 783 1219 863 desperarunt,
1273 780 1419 861 quin
1466 778 1711 840 daretur
1755 776 1874 837 illis
1929 785 2092 837 terra

440 874 566 937 illa.
595 871 999 954 «Expectabat
1029 871 1212 933 enim.
1230 869 1332 931 :Et
1355 886 1470 949 quo
1501 866 1700 939 modo,
1737 865 1943 947 inquit.
1971 883 2091 926 non

441 963 848 1027 reddebantur
867 961 929 1023 hi
960 960 1076 1022 ﬁde
1101 958 1547 1031 imbecilliores,
1568 974 1701 1017 cum
1736 955 2087 1036 promissam

440 1063 661 1117 terram
691 1060 968 1133 tanquam
1000 1050 1256 1111 alienam
1286 1043 1733 1109 inhabitarent?
1772 1044 1920 1117 Quia
1950 1043 2088 1103 nul-

440 1146 560 1209 lam
590 1153 767 1205 terrae
795 1158 997 1203 curam
1029 1137 1350 1217 habebant,
1366 1135 1473 1198 sed
1501 1151 1836 1216 quanquam
1871 1140 2088 1195 terram

441 1230 858 1316 promissionis
910 1229 1335 1310 suscepissent,
1372 1225 1596 1304 majora
1637 1220 1999 1304 quarebant,
2032 1230 2093 1284 et

443 1311 747 1388 caelestem
798 1318 1092 1382 civitatem
1155 1313 1595 1397 exspectabant.
1674 1314 1824 1375 Nam
1883 1311 1935 1373 si
1988 1330 2093 1373 cor

444 1420 622 1477 terra
648 1411 885 1475 aﬂixum
915 1404 1500 1485 habuissent,utique
1529 1402 1808 1465 commoti
1838 1401 2091 1464 fuissent

445 1502 603 1585 quod
635 1519 766 1564 eam
797 1517 917 1561 non
952 1498 1313 1579 acciperent.
1359 1494 1455 1557 Sic
1484 1502 1544 1556 et
1574 1512 1702 1567 nos,
1737 1492 1951 1574 inquit,
1984 1510 2089 1553 su-

443 1611 633 1675 perna
682 1608 953 1673 quaerere
1000 1596 1254 1671 oportet,
1293 1594 1350 1649 et
1383 1585 1763 1668 praesentium
1796 1585 2090 1645 rationem

443 1673 563 1745 non
577 1682 820 1744 habere.
834 1679 1201 1741 «Habentem
1218 1676 1604 1738 fundamenta
1617 1673 1907 1736 civitatem
1922 1723 1931 1732 .
1944 1674 2096 1735 nAut

444 1782 692 1854 propter
725 1771 913 1852 ipsius
939 1767 1316 1830 stabilitatem
1340 1784 1409 1827 ac
1430 1765 1768 1827 ﬁrmitatem
1796 1762 1943 1854 dicit
1965 1780 2092 1854 eam

442 1834 668 1924 habere
686 1834 1103 1923 fundamenta:
1127 1857 1408 1938 autquod
1430 1856 1533 1917 illa
1561 1856 1687 1916 sola
1715 1853 1932 1916 habeat
1953 1853 2094 1915 fun-
2116 1834 2156 1884 Β

445 1950 723 2014 damenta
745 1968 910 2014 :nam
936 1956 1191 2010 terrena
1209 1946 1475 2009 civitates
1497 1945 1569 2006 ad
1602 1943 1762 2005 illius
1781 1960 2091 2023 compara-

443 2041 667 2104 tionem
703 2058 775 2102 ea
804 2058 923 2101 non
950 2037 1195 2099 habent.
1237 2060 1263 2092 α
1296 2035 1477 2115 Cujus
1508 2033 1704 2113 opifex
1737 2040 1795 2094 et
1827 2032 2099 2094 conditor

445 2140 536 2195 est
596 2131 817 2194 Deus.»
881 2128 1202 2190 Maximum
1256 2131 1348 2187 est
1397 2126 1510 2185 hoc
1559 2122 1819 2186 caelestis
1848 2122 2097 2184 civitatis

447 2220 809 2284 encomium.
846 2239 870 2275 ιι
903 2217 1019 2279 Per
1046 2216 1225 2278 ﬁdem
1254 2222 1312 2276 et
1337 2215 1467 2294 ipsa
1490 2216 1650 2276 Sara.
1694 2238 1721 2269 ιο
1757 2212 2093 2274 Exhortati-

443 2328 581 2371 vum
613 2315 705 2371 est
731 2306 891 2389 quod
924 2306 1026 2383 ait,
1056 2303 1129 2366 Et
1154 2307 1279 2384 ipsa
1306 2305 1472 2376 Sara,
1512 2312 1788 2383 tanquam
1816 2301 2045 2362 diceret
2076 2319 2090 2363 :

447 2398 513 2462 Si
544 2397 763 2459 mulier
788 2392 1417 2475 credidit,pudendum
1453 2389 1866 2453 foretsietiam
1890 2390 2097 2452 mulie-

444 2507 514 2552 re
561 2486 972 2549 inveniremur
1001 2483 1186 2562 magis
1221 2482 1651 2564 pusillanimes.
1688 2480 1910 2543 Verum
1942 2499 2095 2560 quo-

447 2576 626 2640 modo
668 2572 966 2638 credidit?
1016 2572 1199 2652 Atqui
1240 2571 1374 2633 risit
1408 2592 1420 2634 :
1453 2589 1657 2632 verum
1718 2568 2098 2650 postmodum

449 2665 778 2746 objurgata,
812 2663 1025 2723 timore
1056 2667 1331 2740 correpta
1382 2667 1496 2734 est,
1544 2657 1700 2739 quod
1751 2655 1889 2718 ﬁdei
1947 2667 2095 2719 erat.

455 2778 479 2814 α
515 2754 604 2817 Ad
635 2748 1091 2833 concipiendum
1152 2768 1223 2811 ac
1267 2746 1649 2811 retinendum
1679 2764 1908 2810 semen.
1947 2771 1971 2802 »
2012 2750 2097 2813 Εἰς

448 2842 723 2923 ὑποδοχὴν
774 2842 1098 2921 σπέρματος,
1160 2840 1273 2900 hoc
1322 2845 1431 2911 est,
1492 2836 1844 2899 conﬁrmata
1893 2835 2004 2898 fuit
2036 2846 2113 2897 ut

448 2932 783 3014 susciperet
806 2929 1210 3009 generativum
1241 2946 1470 2990 semen.
1512 2952 1534 2985 ι)
1570 2924 1640 2987 Et
1674 2934 1887 3003 prater
1913 2929 2100 2987 atatis

446 3023 740 3085 rationem
763 3020 1013 3102 peperit.
1050 3040 1078 3079 ι
1107 3017 1271 3091 Quod
1307 3016 1408 3095 ait,
1442 3015 1535 3091 Et,
1569 3024 1819 3090 tantum,
1841 3014 1956 3077 sibi
1977 3015 2101 3079 vult

449 3114 562 3175 hoc
584 3113 716 3174 loco
741 3128 755 3174 :
785 3110 916 3172 Non
946 3109 1163 3184 solum,
1196 3105 1409 3188 inquit,
1459 3105 1678 3169 sterilis
1708 3112 1855 3180 erat,
1896 3122 2099 3167 verum

2170 594 2298 653 Οὐδέ
2341 596 2508 660 οὕτως
2537 595 2837 664 ἠπίστησαν
2881 596 2959 672 μὴ
3017 599 3199 661 αὐτοῖς
3255 594 3560 667 δοθήσεσθαι
3593 592 3690 660 τὴν
3721 597 3826 671 γῆν

2170 684 2396 752 ἐκείνην.
2439 706 2462 740 ι
2498 683 2807 766 Ἐξεδέχετο
2832 686 2955 765 γάρ.
2994 709 3021 741 ι
3085 687 3185 744 Καὶ
3226 686 3364 760 ποίῳ
3413 683 3582 763 λόγῳ,
3639 684 3825 762 φησὶν,

2171 774 2266 831 οὒκ
2320 774 2614 842 ἠσθένησαν
2672 778 2819 833 οὗται
2878 780 2947 852 τῇ
2997 776 3195 856 πίστει,
3227 776 3329 856 ab:
3398 772 3679 853 ἀλλοτρίαν
3738 772 3825 828 oi-

2172 864 2385 928 κοῦντες
2418 866 2516 933 τὴν
2549 862 2956 944 ἐπηγγελμένην
3008 869 3111 943 γῆν
3144 852 3189 945 ς’
3223 852 3378 939 ιὈτι,
3439 852 3633 943 φησῖν,
3678 858 3828 917 οωέν

2173 953 2473 1033 ἐφρόντιζον
2515 960 2644 1033 γῆς,
2690 953 2827 1011 ἀλλὰ
2871 955 2960 1010 καί
3013 976 3094 1010 τοι
3148 959 3252 1033 γῆν
3307 951 3625 1032 ἐπαγγελίας
3684 948 3831 1015 δεξά-

2172 1066 2343 1124 μενοι,
2395 1045 2460 1101 τὰ
2503 1045 2716 1120 μείζονα
2743 1044 2958 1116 ἐζήτουν
3017 1045 3105 1100 καὶ
3154 1041 3459 1124 ἐξεδέχοντο
3513 1042 3610 1108 τὴν
3664 1040 3829 1118 οὖρά-

2172 1156 2279 1191 νιον
2321 1132 2497 1192 πόλιν.
2533 1135 2591 1190 Εἰ
2644 1134 2744 1212 γὰρ
2786 1132 2919 1200 ἦσαν
2963 1132 3371 1213 προσηλωμένοι
3420 1137 3489 1209 τῇ
3532 1138 3629 1210 γῇ,
3692 1128 3827 1186 ἐσα-

2172 1222 2432 1290 λεύθησαν
2516 1221 2575 1280 ἂν
2647 1228 2725 1296 τῷ
2779 1224 2857 1299 μὴ
2914 1220 3099 1280 λαϐεῖν
3164 1224 3347 1293 αὐτήν.
3409 1220 3561 1279 Οὕτω
3604 1218 3688 1276 δεῖ
3740 1220 3830 1275 καὶ

2173 1315 2336 1389 ἡμᾶς,
2371 1313 2521 1393 φησὶ,
2550 1313 2617 1369 τὰ
2673 1311 2783 1369 ἄνω
2835 1318 3042 1387 ζητεῖν,
3103 1314 3190 1368 καὶ
3245 1316 3352 1368 τῶν
3408 1310 3625 1369 ἐνταῦθα
3666 1307 3829 1388 λόγον

2175 1403 2254 1479 μὴ
2284 1402 2452 1483 ἔχειν.
2490 1426 2517 1457 α
2551 1402 2660 1469 Τὴν
2702 1402 2822 1464 τοὺς
2854 1400 3126 1477 θεμελίους
3170 1399 3401 1482 ἔχουσαν
3442 1399 3623 1461 πόλιν,
3678 1422 3699 1455 ι
3780 1405 3828 1455 Η

2176 1491 2259 1549 διὰ
2327 1495 2388 1549 τὸ
2456 1494 2680 1568 μόνιμον
2738 1494 2827 1548 καὶ
2891 1488 3102 1569 βέϐαιον
3160 1493 3365 1560 ἐκείνης
3439 1490 3582 1569 λέγει
3666 1490 3832 1557 αὖτὴν

2175 1582 2405 1662 ἔχουσαν
2460 1581 2752 1657 θεμελίους,
2827 1584 2864 1651 ἢ
2923 1582 3004 1638 ὅτι
3076 1582 3251 1649 ἐκείνη
3335 1581 3473 1656 μόνη
3557 1578 3831 1656 θεμελίους

2175 1671 2319 1752 ἔχει,
2366 1675 2428 1729 Ai
2457 1673 2557 1752 γὰρ
2590 1671 2674 1728 ἐπὶ
2723 1677 2850 1752 γῆς,
2903 1674 2976 1737 ὡς
3034 1675 3108 1737 εἰς
3152 1674 3420 1752 σύγκρισιν
3463 1670 3693 1745 ἐκείνης,
3737 1670 3835 1725 οὒκ

2178 1761 2415 1842 ἔχουσιν.
2469 1785 2496 1816 ιι
2544 1756 2638 1836 ᾟς
2669 1762 2919 1843 τεχνίτης
2946 1764 3030 1820 καὶ
3061 1762 3379 1841 δημιουργὸς
3410 1765 3439 1818 6
3472 1761 3623 1831 Θεός.
3664 1782 3687 1816 ι
3722 1757 3833 1815 Μέ-

2177 1873 2357 1929 γιστον
2387 1855 2485 1919 τῆς
2531 1850 2585 1906 ἐν
2629 1854 2831 1932 οὖρανῷ
2880 1853 3089 1917 πόκεως
3147 1855 3209 1909 τὸ
3260 1852 3549 1931 ἐγκώμιον,
3589 1873 3617 1905 ιι
3650 1849 3831 1905 Πίστει

2176 1941 2263 1997 καὶ
2305 1942 2439 2009 αὐτὴ
2485 1940 2678 2020 Σάῤῥα.
2751 1966 2769 1996 ι
2837 1940 3206 2021 Ἐντρεπτικόν
3250 1942 3362 1998 ἐστι
3408 1943 3493 2016 τὸ,
3543 1941 3641 1998 Καὶ
3699 1938 3833 2005 αὕτη

2177 2029 2373 2110 mppx,
2417 2032 2543 2087 ὡσεὶ
2588 2030 2767 2110 ἔλεγεν
2802 2051 2816 2065 ⁸
2881 2034 2939 2089 Ei.
2982 2032 3114 2109 γυνὴ
3170 2031 3494 2105 ἐπίστευσεν,
3530 2030 3759 2107 αἰσχύνη
3791 2036 3837 2090 εὶ

2176 2121 2264 2177 καὶ
2346 2121 2594 2202 γυναικὸς
2678 2119 3121 2201 ὀλιγοψυχότεροι
3207 2121 3521 2198 εὑρεθῶμεν.
3597 2121 3718 2183 nam
3782 2118 3837 2198 3,3

2178 2210 2499 2290 ἐπίστευσε;
2556 2212 2738 2269 Καίτοι
2795 2209 3067 2289 ἐγέλασεν.
3134 2207 3282 2267 Ἀλλ’
3327 2208 3542 2289 ὕστερον
3598 2205 3837 2289 ἐφοϐήθη

2179 2298 2524 2379 ἐλεγχθεῖσα,
2558 2298 2688 2379 ὅπερ
2716 2300 2943 2364 πίστεώς
2981 2299 3117 2361 ἐστι.
3157 2324 3184 2355 ι
3215 2300 3304 2362 Εἰς
3335 2296 3640 2365 καταϐολὴν
3671 2297 3837 2376 σπέρ-

2179 2413 2345 2466 ματος
2376 2388 2555 2453 ἔλαϐε.
2594 2413 2617 2449 ι
2676 2394 2761 2455 Εἰς
2813 2390 3085 2471 ὑποδοχὴν
3143 2390 3468 2471 σπέρματος,
3529 2388 3770 2446 τουτέστι
3786 2412 3828 2462 δ,

2180 2478 2545 2557 ἐνεδυναμώθη
2617 2482 2690 2545 εἰς
2763 2482 2825 2537 τὸ
2897 2479 3236 2549 ὑποδέξασθαι
3295 2478 3608 2537 παιδοποιὸν
3664 2478 3831 2559 σπέρ-

2179 2592 2275 2647 μα.
2316 2589 2345 2629 (
2380 2570 2477 2628 Καὶ
2506 2570 2649 2650 παρὰ
2690 2571 2869 2648 καιρὸν
2925 2568 3134 2639 ἡλικίας
3177 2568 3345 2632 ἔτεκε,
3404 2595 3429 2627 ι
3468 2571 3561 2649 Τὸ,
3594 2571 3706 2643 καὶ,
3741 2569 3835 2625 ἐν-

2177 2663 2343 2718 καῦθα
2384 2669 2537 2719 τοῦτο
2578 2658 2824 2736 βούλεται
2894 2662 2954 2717 οὗ
3012 2661 3194 2740 μόνον,
3269 2662 3450 2740 φησὶν,
3524 2658 3605 2716 ὅτι
3650 2672 3837 2737 στεῖρα

2177 2749 2263 2817 ἦν,
2327 2747 2464 2806 ἀλλά
2519 2750 2607 2805 καὶ
2675 2750 2818 2828 παρά
2873 2751 3057 2830 καιρὸν
3111 2748 3345 2823 ἡλικίας,
3418 2748 3705 2817 τουτέστιν,
3781 2746 3838 2803 ἐν

2178 2838 2321 2913 αὗτῷ
2375 2845 2455 2914 τῷ
2523 2837 2740 2919 ἐσχάτῷ
2809 2853 2950 2919 γτρᾳ
3008 2836 3372 2914 ἐνεδυναμώθη
3416 2840 3489 2901 εἰς
3559 2834 3836 2916 ὑποδοχὴν

2181 2927 2506 3006 σπέρματος,
2543 2952 2571 2984 ι
2612 2928 2759 2985 Ἐπεὶ
2786 2928 2974 2985 πιστὸν
3002 2929 3268 3006 ἡγήσατο.
3308 2947 3337 2986 ι
3368 2929 3584 3000 Πιστὸν,
3633 2924 3835 2993 ἀληθῆ.

2182 3024 2290 3076 Ποῦ
2332 3016 2386 3074 δὲ
2417 3016 2775 3097 ἐπηγγείλατο
2809 3038 2825 3099 ς
2892 3020 3039 3077 Κατὰ
3090 3019 3180 3075 τὸν
3224 3019 3406 3096 καιρὸν
3460 3024 3643 3076 τοῦτον
3687 3016 3841 3075 ἐλεύ-

2183 3130 2368 3183 σομαι,
2418 3109 2568 3189 φησί,
2612 3110 2701 3166 καὶ
2745 3108 2891 3165 ἔσται
2943 3114 3012 3185 τῇ
3068 3106 3242 3187 Eappa
3299 3110 3434 3171 υίὸς.
3505 3127 3535 3168 (
3598 3113 3691 3164 Διὸ
3746 3112 3840 3167 καὶ

450 3202 629 3268 etiam
662 3203 880 3282 prater
907 3199 1097 3261 atatis
1124 3196 1415 3259 rationem
1437 3195 1581 3258 fuit:
1609 3196 1722 3256 hoc
1760 3193 1949 3276 est,{in
1973 3194 2097 3275 ipsa

2184 3196 2273 3279 ἀφ’
2306 3199 2511 3273 ἑνός.)
2560 3201 2758 3257 Τούτου
2813 3200 2995 3280 χάριν,
3056 3201 3207 3280 φησὶ,
3241 3196 3333 3279 ἀφ’
3363 3200 3478 3263 ἑνὸς
3510 3198 3838 3279 σπέρματος,
3944 3203 3949 3209 ’

451 3300 721 3356 extrema
749 3288 1243 3369 senectute,quod
1268 3287 1617 3349 conﬁrmata
1645 3284 1723 3346 sit
1750 3285 1823 3346 ad
1855 3285 2097 3347 seminis

2181 3289 2466 3345 καὶταῦτα
2508 3300 2691 3369 νεκροῦ
2737 3286 2886 3353 ὄντος
2930 3286 3014 3345 διὰ
3071 3289 3161 3344 τὸν
3219 3287 3436 3368 χρόνον,
3482 3288 3841 3366 ἐγεννήθησαν

451 3380 917 3461 susceptionem.
957 3378 1097 3441 407
1140 3402 1167 3433 α
1206 3375 1373 3450 Quod
1425 3374 1665 3438 ﬁdelem
1710 3373 2031 3454 judicaret.
2073 3396 2097 3431 ι

2183 3376 2377 3443 πάντες
2408 3381 2454 3434 οἱ
2484 3385 2576 3435 τοῦ
2635 3379 2935 3458 σπέρματος
2979 3374 3243 3457 Ἀϐραὰμ,
3303 3381 3349 3435 οἱ
3402 3379 3538 3435 κατὰ
3578 3379 3645 3437 τὰ
3675 3378 3844 3458 ἄστρα

447 3471 743 3547 Fidelem,
773 3470 835 3533 id
854 3477 966 3547 est,
993 3486 1287 3531 veracem.
1307 3464 1421 3529 Ubi
1452 3472 1649 3527 autem
1680 3463 1978 3545 promisit?
2000 3462 2097 3526 Se-

2184 3468 2271 3522 καὶ
2312 3468 2412 3535 τὴν
2441 3468 2662 3543 ψάμμον
2694 3472 2771 3543 τῷ
2799 3466 3013 3538 πλήθει,

450 3561 715 3623 cundum
754 3561 867 3623 hoc
896 3565 1155 3640 tempus,
1188 3555 1404 3637 inquit,
1440 3556 1699 3635 veniam,
1734 3565 1793 3617 et
1822 3554 1937 3617 erit
1967 3551 2127 3617 Sara
2155 3554 2333 3619 filius.
2376 3578 2399 3614 ιι
2426 3556 2803 3638 Quapropter
2832 3565 2890 3619 ct
2920 3575 2989 3619 ex
3022 3576 3170 3620 uno.
3205 3582 3227 3614 ι
3266 3556 3592 3640 Propterea
3618 3558 3690 3622 ab
3716 3578 3838 3621 uno

450 3651 705 3731 semine,
740 3669 932 3732 eoque
961 3655 1204 3730 propter
1259 3654 1490 3709 atatem
1549 3643 1888 3726 elanguido,
1948 3642 2071 3707 nati
2128 3653 2266 3707 sunt
2323 3664 2532 3708 omnes
2561 3646 2665 3728 qui
2695 3655 2834 3708 sunt
2865 3648 2942 3710 de
2971 3647 3202 3710 semine
3231 3646 3558 3731 Abraham,
3585 3667 3836 3714 numero

448 3748 753 3825 aquantes
782 3748 941 3803 astra
971 3737 1114 3801 coeli
1143 3745 1199 3798 et
1227 3755 1474 3799 arenam
1510 3736 1712 3798 maris.

528 3832 630 3909 X,,
665 3832 863 3895 13-16.
885 3831 1085 3894 Juxta
1109 3828 1291 3908 ﬁdem
1320 3828 1548 3889 mortui
1595 3832 1739 3888 sunt
1777 3825 1844 3887 hi
1874 3843 2097 3903 omnes,

2271 3852 2299 3884 α
2362 3828 2508 3887 Κατὰ
2562 3829 2737 3886 πίστιν
2794 3827 3054 3886 ἀπέθανον
3112 3828 3253 3885 οὗτοι
3311 3829 3527 3905 πάντες,
3600 3832 3677 3906 μὴ
3735 3830 3843 3889 λα·-

446 3941 572 3987 ηοη
613 3925 875 4002 acceptis
913 3915 1506 3999 repromissionibus,
1544 3915 1649 3977 sed
1696 3915 1844 3994 ipsis
1885 3915 2097 3994 procul

2183 3916 2364 3982 ϐόννες
2446 3920 2540 3983 τὰς
2643 3918 2986 3997 ἐπαγγελίας,
3092 3917 3230 3976 ἀλλά
3330 3918 3594 3999 πόῤῥωθεν
3678 3922 3841 3986 αὑτὰς

447 4015 596 4077 visis
623 4019 680 4075 et
701 4010 971 4080 creditis,
1001 4025 1137 4070 cum
1156 4005 1430 4087 amplexi
1457 4006 1722 4084 fuissent
1758 4012 1814 4065 et
1843 4004 2097 4083 confessi

2181 4008 2379 4074 ἰδόντες
2489 4013 2575 4067 καὶ
2678 4011 3068 4087 ἀσπασάμενοι,
3186 4012 3274 4068 καὶ
3384 4010 3841 4091 ὁμολογήσαντες,

449 4121 515 4166 se
545 4103 813 4182 hospites
835 4105 1014 4179 atque
1039 4098 1302 4160 advenas
1332 4113 1458 4159 esse
1479 4096 1547 4158 in
1570 4103 1756 4187 terra.
1789 4092 1948 4156 Nam
1974 4094 2097 4158 hac

2181 4100 2261 4157 ὅτι
2345 4098 2479 4165 ξένοι
2560 4103 2649 4158 καὶ
2731 4098 3089 4181 παρεπίδημοί
3171 4103 3300 4158 εἰσιν
3383 4102 3468 4158 ἐπὶ
3550 4107 3650 4168 τῆς
3708 4107 3839 4181 γῆς.

451 4193 564 4275 qui
582 4191 817 4265 dicunt,
855 4187 1172 4250 declarant
1200 4203 1263 4248 se
1288 4190 1557 4266 patriam
1582 4184 1920 4275 inquirere.
1950 4184 2097 4247 Etsi

2187 4193 2247 4248 Οἱ
2317 4190 2417 4268 γὰρ
2497 4200 2714 4250 τοιαῦτα
2793 4189 3039 4269 λέγοντες
3112 4189 3479 4271 ἐμφανίζουσιν
3563 4190 3643 4249 ὅτι
3725 4214 3840 4249 πα-

450 4274 619 4342 illius
674 4279 917 4359 quidem
973 4291 1271 4338 memores
1325 4276 1585 4351 fuissent
1638 4274 1800 4335 unde
1850 4274 2097 4350 fuerant

2185 4277 2329 4359 τρίδα
2413 4280 2739 4351 ἐπιζητοῦσι.
2830 4282 2929 4338 Καὶ
3012 4282 3056 4336 εἱ
3139 4281 3236 4356 μὲν
3320 4280 3525 4348 ἐκείνης
3592 4281 3842 4358 ἐμνημό-

445 4370 732 4452 profecti,
772 4364 1075 4428 habebant
1105 4366 1318 4445 utique
1341 4364 1860 4443 opportunitatem
1892 4380 2097 4425 rever-

2187 4390 2333 4428 νευον
2401 4370 2491 4450 ἀφ’
2548 4374 2614 4439 ἧς
2670 4368 2903 4442 ἐξῆλθον,
2967 4370 3129 4450 εἶχον
3186 4369 3246 4426 ἂν
3325 4372 3508 4450 καιρὸν
3592 4371 3843 4446 ἀνακάμ-

451 4458 637 4523 tendi.
665 4454 847 4518 Nunc
876 4460 1080 4517 autem
1129 4453 1450 4515 meliorem
1492 4457 1801 4532 expetunt,
1837 4454 1948 4514 hoc
1991 4459 2097 4527 est,

2188 4462 2308 4533 ψαι.
2396 4466 2500 4517 Νῦν
2602 4458 2657 4515 δὲ
2753 4461 3048 4539 κρείττονος
3147 4458 3445 4539 ὀρέγονται,
3548 4460 3841 4536 τουτέστιν,

450 4548 766 4612 caelestem.
820 4544 1201 4624 Quapropter
1246 4560 1369 4605 non
1425 4531 1720 4604 erubescit
1772 4531 1899 4621 ipse
1943 4541 2097 4604 Deus

2189 4548 2520 4628 ἐπουρανίου.
2621 4553 2738 4623 Διὸ,
2843 4550 2936 4608 οὒκ
3035 4550 3416 4629 ἐπαισχύνεται
3518 4551 3708 4614 αὐτοὺς
3815 4556 3844 4610 6

448 4638 656 4702 vocari
684 4637 843 4700 Deus
880 4633 1149 4696 illorum.
1211 4632 1465 4694 Paravit
1500 4636 1665 4693 enim
1710 4632 1839 4693 illis
1884 4633 2097 4696 civita-

2190 4625 2346 4719 Θεὸς,
2393 4641 2523 4703 Θεὸς
2552 4639 2919 4698 ἐπικαλεῖσθαι
2949 4641 3143 4704 αὐτῶν,
3199 4625 3485 4716 δΠτοίμασε
3514 4625 3612 4719 γὰς
3656 4640 3843 4709 αὐτοῖς

450 4736 590 4794 tem.
1415 4748 1419 4752 ’

2188 4726 2366 4792 πόλιν,
2420 4751 2444 4787 ν

532 4820 661 4880 Duo
692 4817 806 4878 hoc
836 4815 969 4877 loco
999 4815 1352 4894 quaruntur
1382 4828 1395 4873 :
1430 4809 1895 4892 quomodo,cum
1919 4829 2097 4892 supe-

2271 4820 2371 4877 Δύο
2415 4818 2634 4879 ἐνταῦθα
2670 4827 2935 4892 ζητεῖται.
2984 4826 3130 4892 Πῶς,
3180 4821 3343 4877 εἰπὼν
3397 4818 3507 4877 ἄνω
3552 4818 3633 4876 ὅτι
3678 4821 3845 4896 μετέ-

448 4909 577 4971 rius
600 4905 815 4971 dixerit
837 4904 997 4987 quod
1020 4901 1326 4965 transtulit
1353 4899 1557 4991 Enoch
1583 4900 1742 4963 Deus
1774 4920 1849 4991 ne
1877 4902 2097 4970 videre!

2190 4911 2320 4975 θηκε
2362 4910 2453 4966 τὸν
2513 4909 2695 4991 Ἐνὼχ
2765 4913 2793 4967 6
2836 4911 2966 4974 Θεὸς
3009 4919 3102 4969 τοῦ
3153 4911 3231 4985 μὴ
3300 4907 3432 4966 ἰδεῖν
3473 4910 3720 4983 θάνατον,
3755 4921 3843 4970 νῦν

448 5004 726 5071 mortem,
761 4995 921 5057 dicat
949 5010 1130 5073 nunc,
1165 4993 1350 5080 Juxta;
1383 4989 1561 5053 ﬁdem
1611 4990 1826 5057 mortui
1860 5004 1993 5059 sunt
2045 5000 2097 5064 hi

2191 4998 2341 5072 εἷπε,
2376 5001 2522 5058 Κατὰ
2569 5000 2744 5057 πίστιν
2786 5000 2975 5057 ἀθανον
3033 5002 3175 5057 οὗτοι
3218 4999 3461 5080 πάντεςς
3515 5001 3611 5057 Καὶ
3680 4998 3841 5057 πάλιν

451 5083 695 5148 omnes?
713 5082 1089 5164 Rursumque
1117 5080 1283 5161 dicit,
1303 5078 1431 5142 Non
1463 5083 1723 5164 acceptis
1753 5087 2104 5166 promissio-

448 5174 631 5237 nibus
657 5192 671 5237 :
698 5173 862 5255 atqui
881 5172 1028 5234 dixit
1048 5171 1110 5232 in
1142 5169 1740 5259 superioribus,quod
1761 5178 2104 5259 acceperint

453 5264 764 5346 praemium
796 5260 961 5323 ﬁdei.
998 5259 1305 5341 Siquidem
1350 5256 1474 5321 Noe
1522 5271 1786 5325 servatus
1834 5256 1926 5329 est
1967 5287 2100 5331 cum

452 5353 632 5416 domo
692 5368 823 5432 sua,
875 5357 934 5412 et
987 5348 1196 5411 Enoch
1243 5349 1564 5412 translatus
1596 5361 1684 5415 est
1731 5363 1789 5417 et
1820 5375 1937 5419 non
1960 5358 2107 5421 vidit

452 5446 801 5515 mortem,et
830 5436 983 5501 Abel
1005 5436 1197 5500 adhuc
1227 5438 1486 5518 loquitur
1516 5459 1622 5522 per
1648 5445 1896 5520 gloriam
1913 5467 1979 5511 ac
2001 5467 2106 5512 ce-

451 5528 684 5593 lebrem
711 5528 951 5600 famam,
995 5534 1053 5589 et
1081 5526 1385 5616 Abraham
1434 5533 1694 5611 suscepit
1752 5538 2101 5616 promissam

450 5630 699 5697 terram,
730 5625 788 5682 et
818 5615 1006 5679 ﬁlium
1050 5615 1367 5700 progenuit
1410 5635 1480 5679 ex
1532 5621 1697 5686 Sara.
1732 5615 1812 5670 4
1836 5626 2099 5694 Salutio.

450 5706 620 5784 Quod
649 5707 751 5787 ait,
782 5705 996 5771 Mortui
1054 5711 1194 5770 sunt
1234 5704 1294 5767 hi
1338 5723 1570 5787 omnes,
1607 5712 1811 5797 accipe
1860 5728 2103 5800 excepto

2188 5086 2335 5160 εἷπε,
2400 5089 2489 5157 Μὴ
2561 5086 2813 5155 λαϐόντες
2879 5089 2972 5152 τὰς
3044 5087 3384 5167 ἐπαγγελίας,
3446 5090 3619 5146 καίτοι
3679 5091 3842 5146 εἰπὼν

2186 5174 2432 5256 ἀνωτέρω
2503 5177 2785 5259 εἰληφότας
2853 5178 3039 5242 αὐτοὺς
3109 5178 3229 5241 τοὺς
3300 5181 3399 5247 τῆς
3468 5178 3695 5242 πίστεως
3741 5201 3840 5254 μι-

2184 5267 2358 5330 σθούς.
2438 5259 2495 5326 (Ο
2555 5268 2651 5343 μὲν
2708 5269 2807 5347 γὰρ
2864 5272 2981 5326 Νῶε
3041 5264 3266 5333 διεσώθη
3321 5269 3459 5342 μετὰ
3524 5274 3616 5324 τοῦ
3686 5267 3842 5325 οἴκου

2186 5354 2365 5418 αὐτοῦ,
2401 5360 2500 5438 Καί
2529 5360 2556 5414 6
2597 5356 2782 5438 Ἐνὼχ
2812 5356 3089 5433 μετετέθη,
3135 5357 3223 5413 καὶ
3271 5360 3366 5416 οὐκ
3422 5355 3535 5413 εἶδε
3593 5356 3841 5421 θάνατον,

2188 5445 2287 5502 Καὶ
2370 5448 2398 5502 6
2480 5434 2636 5503 Ἀϐελ
2706 5434 2784 5503 ἔτι
2860 5443 3020 5503 λαλεῖ
3092 5442 3176 5501 διὰ
3230 5451 3329 5513 τῆς
3388 5444 3568 5513 δόξης
3645 5447 3744 5503 Καὶ
3814 5450 3842 5504 6

2188 5531 2428 5615 Ἀϐρααμ
2491 5534 2776 5593 ἐπελάϐετό
2836 5559 2892 5593 τε
2948 5536 3047 5601 τῆς
3091 5535 3499 5614 ἐπηγγελμένης
3565 5540 3691 5615 γῆς,
3756 5538 3843 5593 καὶ

2187 5622 2596 5693 ἐπιιδοποίησεν
2669 5625 2728 5681 ἐκ
2781 5630 2881 5692 τῆς
2928 5622 3153 5703 Σάῤῥας.
3214 5658 3283 5668 —
3345 5625 3527 5690 Λύσις.
3601 5627 3674 5683 Τὸ
3718 5624 3840 5700 μὲν,

2187 5711 2479 5771 Ἀπέθανον
2546 5716 2688 5772 οὗτοι
2765 5715 2981 5788 πάντες,
3054 5710 3215 5790 δέξαι,
3288 5711 3683 5794 ὁπεξῃρημένου
3752 5721 3844 5773 τοῦ
