4136 6424
318 374 429 442 409

1437 369 1836 435 COMMENT.
1882 369 1965 432 IN
2009 369 2252 432 EPIST.
2299 371 2402 432 AD
2444 370 2674 432 HEBR.

3599 364 3719 432 410

319 509 518 592 Ἐνώχ.
551 512 623 570 Τὸ
693 508 774 590 δὲ,
851 509 941 576 Μὴ
1005 505 1257 571 λαϐόντες
1315 505 1408 570 τὰς
1477 503 1814 583 ἐπαγγελίας,
1849 504 1966 584 περὶ

2058 500 2467 592 Enoch.Porro
2489 501 2645 584 quod
2674 501 2976 579 dicit,Non
2998 501 3263 582 acceptis
3287 499 3706 592 promissioni-

325 603 532 659 πάντων
589 599 760 677 λέγει,
829 597 1030 677 δεικνὸς
1088 596 1167 654 ὅτι
1224 609 1382 677 τοῖς-.
1400 595 1516 674 περὶ
1564 596 1675 677 ’τὸν
1730 592 1970 677 Ἀϐραὰμ

322 683 408 742 καὶ
451 679 632 741 Ἰσαὰκ
662 673 751 739 καῖ
791 676 986 737 Ἰακὼϐ
1029 679 1088 735 οὒ
1130 681 1202 758 γῆ
1240 677 1305 745 ῆν
1357 673 1735 753 ’ἐπηγγελμένη
1783 676 1968 751 μόνον,

2055 591 2269 667 bus,de
2296 592 2572 654 omnibus
2592 592 2874 674 loquitur,
2908 592 3230 654 ostendens
3250 591 3406 673 quod
3428 590 3702 667 Abrahae,

2055 682 2216 743 Isaac
2237 691 2294 746 et
2322 682 2504 745 Jacob
2530 701 2646 744 non
2669 682 2791 743 sola
2818 690 2976 744 terra
2996 680 3290 763 promissa
3313 689 3456 755 erat,
3492 682 3597 744 sed
3632 681 3706 743 ob

322 771 480 846 ἀλλὰ,
506 769 592 828 διὰ
635 773 731 839 τῆς
759 769 952 850 ἀρετῆς
983 767 1176 838 αὐτῶν,
1211 767 1298 824 καὶ
1344 765 1410 820 τὰ
1439 764 1670 843 οὐράνια.
1731 774 1895 823 Τοῦτο
1919 762 1972 819 δὲ

2058 769 2317 850 ipsorum
2350 771 2629 832 virtutem
2660 771 2835 833 etiam
2855 762 3137 833 ccelestia.
3170 768 3296 832 Hoc
3318 777 3512 832 autem
3545 778 3602 832 et
3632 771 3708 834 de

326 864 411 918 καὶ
440 863 560 942 περὶ
601 867 708 918 τῶν
739 857 916 915 ἄλλων
946 857 1076 915 νόει.
1113 854 1239 914 Ούδέ
1297 856 1421 942 γὰρ,
1479 855 1659 934 φησὶν,
1711 856 1738 910 6
1797 875 1972 942 μεγα-

321 936 547 1028 λόδωρος
577 951 706 1012 Θεὸς
735 945 1007 1004 διελύσατο
1035 944 1098 1000 ἂν
1127 953 1202 1021 τῷ
1249 945 1344 1021 μὲν
1375 936 1554 1000 ’Ἅϐελ
1613 945 1686 1009 εὶς
1731 944 1790 1000 τὸ
1820 941 1970 1008 δοξα-

323 1040 526 1114 σθῆναι,
588 1045 665 1113 τῷ
736 1035 791 1092 δὲ
863 1036 1044 1116 Ἐνὼχ
1102 1037 1174 1100 εἷς
1244 1037 1305 1094 τὸ
1362 1038 1739 1112 μετατεθῆναι,
1786 1039 1862 1108 τῷ
1919 1031 1972 1088 δὲ

329 1135 445 1188 Νῶε
477 1131 550 1193 εἷς
581 1130 644 1185 τὸ
687 1127 934 1208 ἐκφυγεῖν
990 1127 1077 1182 τὸν
1136 1129 1428 1205 παραυτίκα
1478 1125 1720 1198 θάνατον,
1785 1130 1861 1197 τῷ
1919 1121 1972 1177 δὲ

325 1218 569 1300 Ἀϐραὰμ
626 1221 698 1284 εἷς
746 1219 808 1274 τὸ
872 1213 1278 1296 παιδοποιῆσαι,
1339 1215 1375 1284 ἢ
1461 1217 1558 1282 τῆς
1613 1219 1715 1292 γῆς
1789 1214 1861 1275 ὡς
1919 1212 1972 1268 ἐν

323 1308 574 1389 παροικίᾳ
629 1303 991 1368 ἐπιλαϐέσθαι,
1028 1303 1192 1362 Ἀλλὰ
1243 1315 1407 1364 ταῦτα
1461 1303 1558 1380 μὲν
1615 1302 1668 1358 ἐν
1737 1303 1969 1376 προσθή-

322 1422 426 1466 κης
483 1397 630 1477 μέρει
692 1397 871 1460 οώτοϊς
930 1392 1191 1474 ἐδωρήθη.
1239 1401 1420 1460 Γεῦσις
1490 1391 1544 1451 δέ
1599 1416 1678 1457 τις
1734 1392 1799 1459 ἦν
1867 1395 1970 1446 τῶν

324 1489 490 1554 ὅντως
565 1484 918 1564 ἐπαγγελιῶν.
983 1483 1157 1551 Δηλοϊ
1225 1485 1323 1564 γὰρ
1397 1483 1476 1541 ὅτι
1537 1484 1652 1560 περὶ
1703 1479 1969 1558 βασιλείας

321 1581 557 1654 οόρανὼν
613 1577 1132 1656 προμεμαθήκεισαν,
1213 1575 1396 1646 εἰπὼν,
1475 1571 1738 1652 Πόῤῥωθεν
1813 1571 1970 1634 αύτὰς

322 1669 522 1731 ἰδόντες
551 1668 640 1725 καὶ
697 1665 1085 1741 ἀσπασάμενοι.
1154 1697 1225 1708 -
1283 1684 1306 1719 tl
1365 1661 1530 1720 Ἀλλὰ
1593 1661 1856 1740 πόῤῥωθεν
1888 1664 1978 1718 αὖ·

322 1760 420 1824 τὰς
464 1757 680 1821 ἰδόντες.
723 1777 746 1812 ι
799 1752 968 1830 Οὕτω,
1031 1755 1209 1834 φησὶν,
1270 1753 1458 1818 αὖταῖς
1514 1753 1806 1831 ἐπίστευον,
1839 1749 1974 1829 πόρο

317 1851 485 1928 ῥωθεν
514 1843 580 1902 δι’
612 1843 842 1918 ἐλπίδος,
905 1843 985 1900 ὅτι
1042 1846 1129 1900 καὶ
1191 1843 1408 1924 ἔχαιρον
1480 1839 1562 1899 ἐπ’
1618 1845 1829 1920 αὐταῖς,
1889 1840 1974 1896 καὶ

322 1936 616 2016 μονονουχὶ
685 1932 1124 2012 περιπλεκόμενοι
1194 1933 1619 2004 κατησπάζοντο,
1692 1932 1788 2010 Τὸ,
1834 1929 1974 2007 1166-

320 2031 488 2109 ῥωθεν
518 2025 739 2100 ἰδόντες,
783 2024 907 2100 φασί
959 2045 1121 2104 τινες,
1182 2022 1261 2079 ὅτι
1319 2021 1564 2102 προετδον
1632 2025 1680 2078 οἱ
1721 2021 1854 2101 ἀμφὶ
1885 2022 1974 2075 τὸν

324 2116 575 2198 Ἀϐραὰμ
631 2116 732 2182 τὴν
776 2113 828 2180 ἐξ
873 2114 1134 2192 Αἰγύπτου
1186 2113 1521 2192 ὑποστροφὴν
1569 2111 1662 2168 τοῦ
1728 2109 1973 2187 σπέρμα-

318 2229 415 2270 τος
449 2210 642 2267 αὐτῶν,
679 2201 829 2260 Ἀλλ’
861 2201 1077 2264 ἄτοπον,
1111 2209 1294 2277 Φαμεν
1377 2200 1454 2275 δέ,
1529 2202 1615 2258 ὅτι
1673 2202 1790 2280 περὶ
1817 2201 1975 2276 βασι-

317 2299 470 2360 λείας
527 2298 761 2373 οὐρανῶν
846 2293 979 2360 ἦσαν
1079 2290 1556 2370 εὒαγγελισθέντες,
1635 2292 1723 2348 καὶ
1780 2287 1878 2346 ὅσα
1949 2291 1976 2345 6

318 2386 554 2468 Χριστὸς
599 2380 864 2461 ἐκήρυξεν.
924 2383 977 2438 Εἰ
1033 2381 1132 2461 γὰρ
1189 2389 1266 2456 μή
1317 2388 1479 2437 ταῦτα
1549 2381 1893 2454 ἠκηκόεισαν,
1928 2373 1978 2435 τί

319 2478 530 2549 δήποτε
587 2471 761 2540 ξένους
819 2472 1032 2534 ἑαυτοὺς
1089 2471 1176 2528 καὶ
1233 2469 1628 2550 παρεπιδήμους
1701 2469 1920 2529 ἐκάλουν
1959 2489 1974 2542 ;

321 2567 403 2626 Οὔ
433 2566 534 2644 γὰρ
590 2558 839 2641 πατρίδος
883 2559 1116 2638 ἐπιγείου
1187 2560 1492 2640 ὀρεγόμενοι
1547 2569 1710 2619 ταῦτα
1767 2557 1972 2638 ἔλεγον,

309 2657 440 2716 ἐπεὶ
485 2654 575 2709 καὶ
643 2650 973 2729 ὑποστρέψαι
1031 2649 1213 2713 αὐτοις
1272 2651 1343 2713 εἷς
1406 2649 1506 2716 τὴν
1561 2650 1761 2705 ἑαυτῶν
1829 2647 1975 2719 ἐξῆν,

312 2744 464 2804 ἀλλὰ
491 2744 582 2800 τὸν
611 2741 826 2820 οὐρανὸν
899 2739 1138 2820 ἐζήτουν,
1198 2735 1425 2803 ’Ἄλλως
1469 2759 1550 2812 τε,
1609 2739 1652 2794 εἰ
1705 2738 1784 2813 μὴ
1826 2736 1980 2796 τοῦτο

2055 859 2285 920 caeteris
2311 859 2820 940 intellige.Neque
2842 859 3000 921 enim
3033 860 3190 921 Deus
3224 859 3571 939 magniﬁcus
3603 879 3710 940 per

2056 950 2174 1011 hoc
2205 950 2493 1012 satisfecit
2521 949 2691 1026 Abel,
2727 949 3124 1030 inquit,quod
3157 948 3479 1028 gloriosum
3513 949 3712 1010 reddi-

2057 1039 2254 1103 derit:
2294 1048 2396 1102 aut
2450 1041 2698 1115 Enochi,
2761 1039 2917 1121 quod
2973 1037 3336 1100 transtulerit
3371 1058 3385 1096 :
3419 1046 3520 1098 aut
3547 1038 3698 1114 Noe,

2057 1128 2211 1208 quod
2268 1128 2522 1191 subitam
2584 1138 2836 1190 mortem
2899 1127 3220 1206 effugerit:
3279 1135 3380 1188 aut
3429 1127 3706 1203 Abrahae,

2055 1217 2211 1309 quod
2247 1218 2492 1309 prolem
2537 1219 2590 1280 ei
2643 1217 2893 1284 dederit,
2951 1226 3052 1279 aut
3107 1217 3426 1309 quodgille
3485 1226 3708 1309 terram

2055 1306 2115 1367 in
2151 1307 2678 1387 perigriuationem
2734 1309 3057 1389 acceperit.
3117 1307 3232 1371 Sed
3289 1307 3415 1368 haec
3475 1325 3619 1367 sane
3650 1306 3710 1367 in

2055 1397 2295 1457 modum
2330 1397 2580 1459 auctarii
2639 1399 2784 1479 ipsis
2836 1398 2967 1460 data
3019 1405 3155 1459 sunt
3192 1415 3204 1457 :
3245 1405 3302 1457 et
3333 1405 3503 1458 erant
3533 1397 3710 1457 veluti

2055 1495 2255 1564 gustus
2279 1487 2516 1566 quidam
2532 1506 2670 1548 vere
2695 1488 3144 1569 promissorum.
3181 1485 3532 1565 Signiﬁcant
3550 1485 3708 1576 enim

2055 1575 2210 1656 quod
2243 1577 2318 1638 de
2347 1595 2528 1656 regno
2559 1577 2842 1639 ccelorum
2875 1577 3040 1660 prius
3064 1578 3257 1638 edocti
3283 1576 3564 1651 sint,cum
3587 1575 3706 1636 ait}

2057 1666 2198 1724 408
2220 1664 2370 1746 Ipsis
2391 1668 2596 1746 procul
2626 1667 2764 1729 visis
2793 1687 2862 1730 ac
2909 1667 3194 1730 salutatis.
3229 1701 3310 1710 —
3355 1690 3377 1726 ι
3420 1665 3534 1728 Sed
3569 1665 3713 1746 ipsis

2062 1756 2267 1836 procul
2301 1755 2455 1817 visis.
2494 1782 2520 1813 »
2559 1757 2745 1822 Adeo.
2807 1757 3024 1838 inquit,
3057 1757 3203 1837 ipsis
3233 1774 3339 1836 per
3366 1775 3528 1836 spem
3564 1755 3714 1816 emi-

2062 1863 2173 1905 nus
2200 1845 2340 1906 visis
2369 1845 2714 1920 credebant,
2776 1854 2840 1908 ut
2869 1847 3048 1908 etiam
3081 1855 3321 1927 propter
3351 1865 3450 1906 eas
3478 1845 3707 1924 gaude-

2055 1944 2211 2006 rent,
2240 1945 2296 1996 et
2328 1937 2755 2017 propemodum
2803 1937 3229 2017 amplexantes,
3283 1935 3708 1997 avellabantur.

2059 2024 2227 2097 Quod
2284 2025 2387 2099 ait,
2448 2025 2658 2088 Procul
2707 2025 2870 2102 visis,
2907 2033 3184 2088 asserunt
3215 2023 3455 2106 quidam
3486 2023 3708 2084 dictum

2062 2133 2214 2187 esse,
2249 2114 2404 2194 quod
2439 2114 2827 2195 prmviderent
2862 2115 3163 2179 Abraham
3195 2123 3253 2176 et
3282 2113 3480 2176 caeteri
3508 2131 3708 2174 rever-

2061 2204 2292 2265 sionem
2351 2204 2598 2266 seminis
2651 2205 2916 2285 ipsorum
2952 2224 3025 2268 ex
3079 2205 3324 2285 [Egypto
3359 2225 3372 2264 :
3408 2221 3615 2264 verum
3650 2201 3709 2262 id

2058 2293 2380 2356 absurdum
2413 2302 2526 2357 est.
2561 2294 2829 2358 Dicimus
2859 2303 3051 2357 autem
3085 2295 3239 2376 quod
3265 2293 3337 2354 de
3370 2309 3557 2373 regno
3587 2310 3712 2354 caa-

2063 2384 2251 2447 lorum
2305 2383 2449 2464 ipsis
2530 2386 2942 2448 annuntiatum
3016 2397 3166 2460 erat,
3228 2391 3285 2445 et
3341 2401 3712 2464 quaecunque

2059 2473 2435 2554 postmodum
2468 2473 2736 2538 Christus
2777 2475 3134 2557 praedicavit.
3180 2472 3324 2536 Nam
3357 2473 3407 2534 si
3441 2474 3562 2534 haec
3592 2491 3710 2534 non

2058 2563 2444 2644 audivissent,
2493 2584 2666 2646 quam
2718 2565 2793 2627 ob
2823 2584 3063 2628 causam
3107 2564 3337 2645 seipsos
3366 2563 3622 2625 advenas
3654 2571 3711 2624 et

2063 2652 2408 2733 peregrinos
2437 2661 2792 2718 vocassent?
2823 2673 3017 2736 neque
3047 2655 3204 2716 enim
3241 2653 3494 2732 patriam
3525 2659 3712 2713 terre-

2065 2759 2199 2802 nam
2223 2750 2572 2823 appetentes
2589 2744 2712 2805 hrec
2733 2743 3033 2820 dicebant,
3059 2763 3191 2806 cum
3235 2744 3415 2806 etiam
3455 2741 3518 2803 in
3547 2759 3712 2803 suam

311 2837 418 2914 ἧν,
451 2817 774 2910 εὒρίσκονται
804 2827 832 2885 ὅ
864 2850 920 2884 τε
973 2817 1147 2884 υΑϐελ
1191 2829 1278 2884 καὶ
1306 2827 1489 2910 Ἐνὼχ
1533 2829 1618 2884 καὶ
1676 2834 1817 2908 Νῶε,
1847 2823 1972 2902 μηδὲ

2065 2817 2279 2892 reverti
2303 2817 2454 2910 ipsis
2487 2832 2714 2909 liceret,
2749 2833 2853 2896 sed
2909 2817 3123 2896 caelum
3151 2831 3516 2914 quaerebant.
3547 2833 3710 2894 Prae-

309 2923 625 3004 ἐσχηκότες
668 2920 811 2999 παρᾶ
855 2924 986 2975 Θεοῦ
1056 2916 1398 3006 ἐπαγγελίας,
1459 2915 1587 3006 Ούδέ
1658 2917 1758 2997 γὰρ
1800 2920 1972 2979 αὐτοῖς

2067 2931 2228 2984 terea
2263 2941 2498 3002 quoque
2528 2923 2578 2984 si
2633 2923 2758 2985 haec
2789 2943 2909 2985 non
2961 2925 3214 3006 placent,
3249 2921 3631 2984 inveniuntur
3659 2926 3717 2981 et

314 3027 519 3094 γηϊνον
589 3007 970 3087 ἐπηγγείλατο.
1066 3005 1195 3066 Ούδέ
1280 3008 1379 3087 γὰρ
1463 3005 1579 3064 οὔτε
1635 3008 1696 3063 τὸ
1750 3007 1972 3072 σωθῆναι

2068 3011 2215 3073 Abel
2269 3019 2326 3072 et
2354 3011 2560 3074 Enoch
2614 3031 2682 3075 ac
2712 3012 2836 3076 Noe
2865 3033 2897 3076 a
2928 3014 3049 3076 Deo
3078 3033 3194 3075 non
3225 3015 3534 3093 accepisse
3572 3028 3710 3090 pro-

318 3107 388 3163 ἐν
419 3101 707 3181 ἐπαγγελίᾳ
749 3101 946 3170 εἰρήκει
978 3102 1054 3173 τῷ
1098 3099 1235 3157 Νῶε.
1309 3121 1330 3151 α
1369 3097 1465 3157 Καὶ
1525 3097 1914 3172 ἀσπασάμενοι.
1953 3121 1972 3150 ιι

2071 3101 2409 3163 missiones.
2441 3102 2601 3164 Nihil
2635 3104 2794 3165 enim
2825 3112 3134 3167 terrenum
3163 3103 3310 3186 ipsis
3337 3101 3709 3183 promiserat.

319 3189 654 3253 Πεισθέντες.
697 3212 721 3244 u
758 3185 1118 3267 Παρεπίδημοί
1147 3189 1274 3244 εἰσιν
1321 3187 1406 3244 ἐπὶ
1477 3192 1573 3253 τῆς
1647 3191 1773 3265 γῆς.
1808 3209 1835 3240 n
1915 3189 1972 3243 0'7.

2071 3193 2376 3277 Siquidem
2433 3215 2730 3278 nunquam
2788 3197 3021 3260 dixerat
3069 3197 3130 3259 in
3163 3185 3558 3279 promissione
3588 3194 3716 3256 Noe

318 3290 431 3352 τῆς
464 3279 872 3370 ἐπηγγελμένης
907 3281 988 3352 (ού
1017 3279 1116 3358 γὰρ
1177 3279 1315 3358 μέγα
1373 3278 1575 3359 τοῦτο),
1623 3277 1761 3335 ἀλλὰ
1784 3280 1972 3370 παντὸς

2068 3284 2224 3366 quoa
2275 3277 2632 3350 servaretur.
2671 3312 2698 3344 α
2733 3286 2876 3350 Cum
2933 3277 3187 3370 amplexi
3219 3287 3492 3350 fuissent.
3528 3304 3556 3343 ι
3593 3281 3718 3343 Ηοο

320 3382 425 3432 τοῦ
473 3373 701 3448 κόσμου.
767 3389 796 3428 (
833 3361 1226 3450 Ἐμφανίζουσι.
1266 3392 1288 3426 ι
1369 3369 1722 3428 Δεικνύουσιν.
1787 3392 1814 3422 α
1853 3359 1972 3426 ιὈτι

2070 3359 2179 3449 est,
2237 3375 2632 3438 credidissent
2676 3395 2744 3440 ac
2801 3359 3068 3459 persuasi
3135 3384 3338 3440 essent
3425 3396 3454 3435 ι
3511 3372 3714 3436 Adve-

319 3461 554 3540 πατρίδα
626 3458 958 3527 ἐπιξητοῦσι.
1010 3481 1034 3516 ιι
1288 3457 1342 3514 ἐν
1425 3457 1628 3536 οὐρανῷ
1706 3455 1972 3524 δηλονότι.

2069 3483 2172 3525 nas
2207 3483 2341 3525 esse
2390 3465 2450 3525 in
2510 3474 2688 3531 terra.
2744 3493 2764 3524 ι
2801 3455 2958 3532 ’Νοιι
3017 3488 3150 3550 quae
3198 3465 3490 3550 promissa
3537 3468 3710 3524 erat:

331 3573 368 3612 ε
407 3537 504 3611 Καὶ
535 3553 578 3608 εἰ
638 3550 734 3625 μὲν
799 3548 1026 3616 ἐκείνης.
1072 3571 1094 3604 ι
1159 3537 1289 3606 HOtt
1344 3548 1444 3628 γὰρ
1514 3548 1614 3614 τὴν
1669 3547 1722 3603 ἐν
1781 3549 1972 3626 οὒρχνιῖ

2067 3574 2202 3616 nam
2259 3556 2372 3619 hoc
2423 3557 2572 3619 nihil
2648 3577 2927 3639 magnum
2991 3537 3244 3635 fuisset;
3306 3555 3411 3619 sed
3465 3553 3526 3614 in
3587 3560 3713 3614 toto

323 3644 574 3721 ἐζήτουν»
609 3639 750 3696 ἔνθεν
780 3637 963 3706 δηλον·
1025 3640 1082 3696 Εἶ
1145 3637 1241 3714 μέν
1299 3639 1397 3717 γὰρ
1453 3638 1550 3705 τὴν
1606 3634 1736 3693 ἰδίαν
1768 3636 1982 3707 ἐζήτουν
2067 3645 2314 3708 mundo.
2355 3667 2382 3704 ‹
2413 3634 2806 3710 Βθοιειιοηιίη
2847 3634 3248 3712 Manifestant.
3283 3672 3309 3702 κ
3345 3648 3421 3709 Se
3464 3643 3713 3723 patriam

318 3732 380 3799 ἕξ
422 3731 487 3800 ἧς
516 3728 760 3796 ἒξέϐαλεν
828 3729 1016 3792 αὖτοὺς
1073 3731 1101 3784 6
1159 3730 1312 3802 Θεὸς,
1372 3726 1566 3808 ἴσχυον
1631 3725 1972 3806 ὑποστρέψαι,

2066 3734 2397 3814 inquirere.
2436 3757 2464 3795 ι
2500 3736 2642 3810 Quae
2689 3738 2750 3799 in
2804 3739 2969 3802 caelis
3029 3746 3117 3801 est
3161 3736 3460 3799 videlicet.
3504 3756 3526 3789 ιι
3565 3728 3716 3790 Ειεὶ

325 3823 511 3901 Εἶχον
567 3820 668 3898 γὰρ
717 3821 846 3897 πρὸς
899 3827 1052 3878 τοῦτο
1102 3819 1285 3897 καιρὸν
1340 3817 1432 3875 ἵνα
1485 3819 1557 3882 είς
1613 3817 1712 3885 τὴν
1781 3818 1972 3874 ἑαυτῶν

2065 3823 2225 3884 illius
2255 3823 2518 3904 quidem.
2560 3851 2586 3882 ι
2622 3825 2768 3888 Nam
2829 3828 2985 3909 quod
3045 3826 3346 3889 caelestem
3377 3824 3718 3905 quaererent

323 3909 680 3968 ἐπανέλθιιηι.
743 3915 844 3966 Νῦν
912 3907 967 3964 δὲ
1049 3913 1128 3981 τῷ
1183 3905 1404 3988 πατρίδα
1477 3908 1573 3982 μὲν
1629 3915 1833 3980 ζητεῖν,
1902 3905 1972 3981 μὴ

2065 3913 2201 3974 hinc
2230 3913 2607 3977 manifestum
2641 3926 2751 3980 est.
2784 3905 3035 3982 Si—enim
3071 3915 3371 3999 propriam
3406 3909 3715 3994 quaesivis-

323 3999 670 4080 ὅποστρὲφειν
714 3997 769 4054 δὲ
817 3996 868 4064 ἐξ
923 4000 992 4064 ἧς
1049 3996 1284 4070 ἐξῆλθον,
1333 3995 1493 4064 δῆλον
1550 3996 1630 4052 ὅτι
1687 3996 1972 4075 κρείττονος

2067 4011 2200 4064 sent
2228 4022 2296 4065 ex
2328 4025 2443 4086 qua
2476 4007 2735 4088 ejecerat
2765 4028 2867 4071 eos
2923 3995 3103 4084 Deus,
3161 3995 3428 4087 poterant
3457 4000 3717 4076 reverti;

317 4093 412 4147 καὶ
465 4087 703 4167 οὖρανίου
757 4090 1088 4163 ἐπιθυμοῦσι.
1165 4089 1257 4144 Διὸ
1334 4091 1428 4146 οὐκ
1497 4085 1898 4166 ἐπαισχύνεται.
1951 4108 1972 4139 n

2070 4085 2364 4155 habebant
2397 4085 2650 4178 namque
2679 4099 2752 4160 ad
2806 4100 2918 4161 hoc
2968 4085 3466 4180 opportunitatem
3528 4105 3590 4156 ut
3643 4093 3717 4156 ad

327 4171 342 4190 ’
371 4190 550 4258 Ωσπερ
580 4179 680 4255 γὰρ
750 4175 998 4234 καλεῖται
1058 4179 1188 4241 Θεὸς
1239 4187 1330 4236 τοῦ
1368 4176 1596 4251 κόσμου,
1658 4176 1824 4240 οὕτως
1898 4170 1972 4232 κα

2071 4202 2237 4245 suam
2264 4169 2729 4252 reverterentur.
2765 4169 3314 4270 Nuncautem,cum
3341 4185 3590 4269 patriam
3619 4184 3715 4246 in-

329 4264 572 4346 Ἀϐραὰμ
628 4267 716 4323 καὶ
771 4266 951 4323 Ἰσαὰκ
1006 4267 1095 4322 καῖ
1152 4263 1363 4340 Ἰακὼϐ,
1424 4264 1770 4344 ἆντιῤῥόπους
1801 4265 1972 4322 αὖτοὺς

2073 4271 2331 4354 quirant,
2361 4294 2472 4336 nec
2497 4275 2569 4337 ad
2605 4295 2736 4338 eam
2765 4279 2990 4340 reversi
3031 4263 3247 4340 sint'ex
3279 4263 3395 4359 qua
3424 4276 3716 4346 exierant,

336 4358 434 4425 τῆς
461 4359 677 4423 κτίσεως
749 4358 1083 4425 πεποιηκώς,
1144 4355 1403 4436 Μέγιστον
1459 4355 1514 4412 δέ
1571 4363 1725 4414 τοῦτο
1757 4355 1972 4431 ἀξίωμα,

2071 4362 2444 4424 manifestum
2467 4374 2554 4426 est
2576 4367 2731 4447 quod
2752 4367 3060 4430 meliorem
3085 4387 3154 4430 ac
3175 4355 3474 4430 cmlestem
3495 4383 3721 4426 concu-

337 4449 400 4503 τὸ
427 4446 741 4514 καταξιῶσαι
799 4450 890 4504 τὸν
950 4449 1078 4504 Θεὸν
1149 4446 1515 4505 ἐπικαλεῖσθαι
1599 4445 1770 4502 αὖτῶν
1828 4448 1972 4507 Θεόν⁴

2071 4452 2320 4533 piscant.
2364 4479 2382 4508 ι
2423 4435 2794 4538 Quapropter
2827 4477 2946 4520 non
2996 4458 3318 4522 erubescit.
3359 4483 3381 4515 ι)
3419 4453 3722 4530 Quemad-

341 4526 553 4616 ιἰισπερ
597 4539 696 4616 γὰρ
739 4536 1272 4623 ἐγκαλλωπιζόμενον
1303 4539 1331 4592 ὁ
1405 4537 1534 4599 Θεὸς
1591 4549 1706 4600 τοῖς
1738 4537 1972 4616 πατριάρ-

2072 4543 2312 4604 modum
2374 4526 2566 4606 enim'
2593 4526 2835 4609 vocatur
2891 4547 3050 4610 Deus
3084 4547 3312 4623 mundi,
3347 4547 3424 4608 ita
3474 4555 3530 4606 et
3567 4548 3722 4607 Deus

333 4648 484 4706 χαις,
518 4625 683 4690 οὕτως
733 4631 989 4684 καλεῖται
1065 4629 1194 4690 Θεὸς
1259 4617 1498 4705 ’Λϐραὰμ
1549 4627 1636 4682 καὶ
1680 4623 1860 4682 Ἰσαὰκ
1900 4629 1972 4682 κα

2070 4631 2371 4694 Abraham
2407 4643 2463 4695 et
2512 4633 2676 4698 Isaac
2725 4643 2783 4698 et
2829 4637 3034 4717 Jacob,
3069 4617 3312 4719 aequalis
3345 4635 3624 4717 ponderis
3651 4653 3719 4696 ac

333 4714 546 4777 Ἰακὼϐ.
586 4740 614 4770 α
647 4715 936 4792 Ἠτοίμασε
967 4717 1066 4795 γὰρ
1122 4719 1302 4781 αὐτοῖς
1343 4713 1523 4772 πόλιν.
1563 4735 1588 4772 ι
1654 4716 1760 4772 Οἰκ
1829 4714 1972 4770 ἐπαι-

2073 4721 2314 4808 roboris
2340 4742 2442 4785 eos
2469 4744 2602 4808 cum
2627 4733 2746 4789 tota
2764 4726 3003 4808 reliqua
3023 4713 3313 4788 creatura
3336 4713 3622 4808 efﬁciens.
3659 4722 3721 4786 Id

331 4806 580 4885 σχύνεται
613 4808 797 4870 αὖτοὺς
861 4809 888 4862 6
961 4807 1090 4869 Θεὸς
1165 4807 1236 4869 εἷς
1300 4806 1362 4861 τὸ
1433 4806 1563 4869 Θεὸς
1623 4803 1968 4861 ἐπικαλεῖσθα

2075 4811 2272 4864 autem
2300 4803 2429 4866 loco
2450 4806 2722 4869 maximae
2742 4803 3044 4886 dignitatis
3083 4819 3195 4888 εει,
3221 4805 3378 4887 quod
3398 4804 3537 4865 vel't
3566 4803 3724 4866 Deus

329 4895 525 4957 αὒντῶν.
587 4897 687 4953 Καὶ
743 4893 933 4969 οὕτως,
997 4897 1177 4974 φησὶν,
1261 4896 1356 4951 οὐκ
1430 4893 1830 4974 ἐπαισχύνεται,
1909 4892 1968 4950 ὅτ

2072 4891 2360 4971 appellari
2393 4893 2553 4956 Deus
2586 4895 2875 4976 ipsorum.
2912 4897 3220 4978 Siquidem
3249 4914 3316 4958 ac
3347 4894 3398 4956 si
3438 4895 3724 4974 glorietur

329 4985 415 5040 καὶ
499 4985 562 5040 τὸ
614 4983 822 5059 θέλημα
893 4985 1063 5041 αὐτῶν
1121 4981 1424 5063 ἐπλήρωσε,
1486 4982 1642 5039 Πόλιν
1702 4981 1972 5058 ἐπεθύμουτ

2071 4979 2230 5042 Deus
2255 4981 2310 5041 in
2360 4985 2734 5062 patriarchis,
2770 4985 2846 5047 ita
2878 4993 3116 5047 vocatur
3147 4985 3303 5047 Deus
3333 4985 3629 5046 Abraham
3665 4992 3721 5044 ct

328 5071 381 5127 ἐν
410 5075 636 5152 οὐρανῷ,
673 5075 762 5130 καὶ
794 5073 1082 5150 ἤτοιμάσεν
1115 5077 1301 5133 αὐτοῖς
1331 5075 1387 5129 ἐν
1419 5077 1560 5147 αὐτῷ
1602 5069 1780 5130 πόλιν.

2071 5069 2228 5131 Isaac
2259 5080 2317 5132 et
2345 5072 2547 5138 Jat-oh.
2589 5075 2858 5137 «Paravit
2879 5075 3038 5136 enim
3064 5075 3184 5136 illis
3207 5074 3566 5137 civitatem.)
3592 5073 3719 5136 Non

329 5161 554 5241 pudeﬁt
584 5162 739 5224 Deus
760 5163 1206 5244 qropteripsos,
1235 5161 1389 5244 quod
1424 5159 1902 5240 voceturleorum
1931 5159 2086 5222 Deus
2119 5181 2132 5221 :
2161 5169 2218 5221 et
2241 5161 2388 5224 adeo
2416 5183 2534 5225 non
2561 5165 2805 5246 pudeﬁt.
2843 5165 3051 5246 inquit,
3076 5174 3137 5227 ut
3163 5166 3339 5228 etiam
3364 5165 3720 5226 voluntatem

332 5268 534 5313 eorum
563 5252 925 5334 impleverit.
962 5251 1266 5316 Civitatem
1301 5251 1622 5333 cupiebant
1655 5251 1716 5311 in
1749 5251 1921 5324 ccelo,
1958 5259 2016 5312 et
2047 5251 2270 5332 paravit
2301 5253 2392 5314 eis
2421 5254 2481 5314 in
2515 5255 2642 5336 ipso
2674 5254 2993 5319 civitatem.

415 5364 438 5395 ιι
517 5346 696 5400 Πίστει
768 5345 1163 5424 προσενήνοχεν
1253 5341 1497 5421 Ἀϐραάμ
1597 5343 1688 5397 τὸν
1777 5339 1972 5421 Ἰσαάκ,

2148 5341 2246 5417 ΧΙ,
2285 5343 2493 5406 t7~2‘2.
2530 5346 2650 5407 Per
2697 5345 2876 5426 ﬁdem
2929 5345 3142 5408 obtulit
3202 5345 3517 5408 Abraham.
3552 5344 3728 5408 Isaac

331 5433 726 5511 πειραζόμενος,
816 5434 902 5490 καὶ
985 5435 1078 5490 τὸν
1175 5437 1436 5510 μονογενῆ
1536 5432 1853 5512 προσέφερεν
1956 5434 1972 5487 ξ

2067 5447 2202 5491 cum
2259 5439 2621 5506 lenta-retur,
2674 5441 2732 5498 et
2787 5437 3172 5516 unigenitum
3227 5435 3444 5498 obtulit
3493 5435 3558 5496 in
3609 5451 3728 5514 quo

330 5522 417 5585 τὰς
477 5521 798 5602 ἐπαγγελίας
898 5521 1310 5601 ἅναδελάμενος,
1385 5523 1516 5600 πρὸς
1602 5523 1658 5576 ὃν
1748 5514 1972 5590 ἐλαλήθη

2061 5522 2501 5600 promissiones
2548 5514 3083 5604 acceperat—409
3141 5525 3218 5587 ad
3272 5542 3441 5605 quem
3493 5525 3722 5587 dictum

331 5607 404 5665 ὅτι
479 5610 566 5669 Ἐν
629 5611 811 5670 Ἰσαὰκ
867 5611 1194 5682 κληθήσεταί
1284 5633 1365 5667 σοι
1452 5610 1684 5690 σπέρμα,
1757 5609 1972 5689 λογισά-

2067 5610 2265 5687 fuerat
2302 5629 2314 5671 :
2346 5611 2412 5672 In
2447 5611 2621 5675 Isaac
2650 5613 2965 5678 vocabitur
2997 5615 3109 5678 tibi
3135 5631 3372 5696 semen,
3406 5632 3541 5676 cum
3574 5614 3730 5676 illud

329 5720 505 5776 μενος,
612 5701 694 5758 ὅτι
756 5703 842 5759 καὶ
921 5705 984 5759 ἐκ
1067 5703 1265 5780 νεκρῶν
1349 5700 1607 5780 ἐγείρειν,
1657 5698 1872 5765 δυνατὸς
1958 5703 1972 5757 ἱ

2067 5716 2270 5762 secum
2301 5703 2732 5783 perpendisset,
2763 5703 2961 5768 Deum
2982 5705 3074 5768 uel
3101 5722 3139 5766 a
3172 5707 3424 5767 mortuis
3453 5704 3727 5769 eme-itare
