  <div class='ocr_page' id='page_1' title='image "/cluster/home/n/w/nwhite01/storage/ocr_20150623/119:no.2/coo.31924054870237/217.png"; bbox 0 0 4136 6428; ppageno 0'>
   <div class='ocr_carea' id='block_1_1' title="bbox 391 349 510 413">
    <p class='ocr_par' dir='ltr' id='par_1_1' title="bbox 391 349 510 413">
     <span class='ocr_line' id='line_1_1' title="bbox 391 349 510 413; baseline 0.017 -2"><span class='ocrx_word' id='word_1_1' title='bbox 391 349 510 413; x_wconf 75' lang='grc'><strong>415</strong></span> 
     </span>
    </p>
   </div>
   <div class='ocr_carea' id='block_1_2' title="bbox 1515 346 2643 418">
    <p class='ocr_par' dir='ltr' id='par_1_2' title="bbox 1515 346 2643 418">
     <span class='ocr_line' id='line_1_2' title="bbox 1515 346 2643 418; baseline -0.003 0"><span class='ocrx_word' id='word_1_2' title='bbox 1515 350 1867 418; x_wconf 78' lang='lat' dir='ltr'><strong>(ECU&#39;MEN</strong></span> <span class='ocrx_word' id='word_1_3' title='bbox 1876 350 1930 414; x_wconf 94' lang='lat' dir='ltr'><strong>II</strong></span> <span class='ocrx_word' id='word_1_4' title='bbox 1974 346 2270 412; x_wconf 68' lang='lat' dir='ltr'><strong>TRICCE</strong></span> <span class='ocrx_word' id='word_1_5' title='bbox 2307 350 2643 416; x_wconf 81' lang='lat' dir='ltr'><strong>EPISCOPI</strong></span> 
     </span>
    </p>
   </div>
   <div class='ocr_carea' id='block_1_3' title="bbox 3656 341 3774 410">
    <p class='ocr_par' dir='ltr' id='par_1_3' title="bbox 3656 341 3774 410">
     <span class='ocr_line' id='line_1_3' title="bbox 3656 341 3774 410; baseline -0.008 -1"><span class='ocrx_word' id='word_1_6' title='bbox 3656 341 3774 410; x_wconf 78' lang='grc'><strong>416</strong></span> 
     </span>
    </p>
   </div>
   <div class='ocr_carea' id='block_1_4' title="bbox 387 474 2039 569">
    <p class='ocr_par' dir='ltr' id='par_1_4' title="bbox 387 486 2039 569">
     <span class='ocr_line' id='line_1_4' title="bbox 387 486 2039 569; baseline -0.002 -22"><span class='ocrx_word' id='word_1_7' title='bbox 387 503 684 550; x_wconf 82' lang='lat' dir='ltr'><strong>annorum</strong></span> <span class='ocrx_word' id='word_1_8' title='bbox 708 487 835 550; x_wconf 85' lang='lat' dir='ltr'><strong>vitae</strong></span> <span class='ocrx_word' id='word_1_9' title='bbox 848 486 1031 552; x_wconf 86' lang='lat' dir='ltr'><strong>Jacob</strong></span> <span class='ocrx_word' id='word_1_10' title='bbox 1054 496 1290 552; x_wconf 79' lang='lat' dir='ltr'><strong>centum</strong></span> <span class='ocrx_word' id='word_1_11' title='bbox 1312 486 1699 569; x_wconf 81' lang='lat' dir='ltr'><strong>quadraginta</strong></span> <span class='ocrx_word' id='word_1_12' title='bbox 1720 489 2039 567; x_wconf 89' lang='lat' dir='ltr'><strong>septem,et</strong></span> 
     </span>
    </p>
   </div>
   <div class='ocr_carea' id='block_1_5' title="bbox 2127 474 3771 569">
    <p class='ocr_par' dir='ltr' id='par_1_5' title="bbox 2127 474 3771 569">
     <span class='ocr_line' id='line_1_5' title="bbox 2127 474 3771 569; baseline -0.015 -7"><span class='ocrx_word' id='word_1_13' title='bbox 2127 474 2246 563; x_wconf 50' lang='grc' dir='ltr'>Ρμξ.</span> <span class='ocrx_word' id='word_1_14' title='bbox 2275 485 2388 562; x_wconf 69' lang='grc' dir='ltr'>ἔτη,</span> <span class='ocrx_word' id='word_1_15' title='bbox 2425 487 2653 567; x_wconf 63' lang='grc' dir='ltr'>ἤγγισαν</span> <span class='ocrx_word' id='word_1_16' title='bbox 2710 486 2765 545; x_wconf 76' lang='grc' dir='ltr'>δὲ</span> <span class='ocrx_word' id='word_1_17' title='bbox 2820 489 2873 546; x_wconf 75' lang='grc' dir='ltr'><strong>αἱ</strong></span> <span class='ocrx_word' id='word_1_18' title='bbox 2945 487 3140 569; x_wconf 81' lang='grc' dir='ltr'><strong>ἡμέραι</strong></span> <span class='ocrx_word' id='word_1_19' title='bbox 3197 486 3413 569; x_wconf 77' lang='grc' dir='ltr'>Ἰσραὴλ</span> <span class='ocrx_word' id='word_1_20' title='bbox 3470 483 3562 545; x_wconf 72' lang='grc' dir='ltr'>τοῦ</span> <span class='ocrx_word' id='word_1_21' title='bbox 3628 483 3771 539; x_wconf 73' lang='grc' dir='ltr'><strong>ἀπο-ν</strong></span> 
     </span>
    </p>
   </div>
   <div class='ocr_carea' id='block_1_6' title="bbox 389 577 2041 659">
    <p class='ocr_par' dir='ltr' id='par_1_6' title="bbox 389 577 2041 659">
     <span class='ocr_line' id='line_1_6' title="bbox 389 577 2041 659; baseline 0 -21"><span class='ocrx_word' id='word_1_22' title='bbox 389 577 1015 659; x_wconf 79' lang='lat' dir='ltr'><strong>appropinquaverunt</strong></span> <span class='ocrx_word' id='word_1_23' title='bbox 1044 579 1175 641; x_wconf 92' lang='lat' dir='ltr'><strong>dies</strong></span> <span class='ocrx_word' id='word_1_24' title='bbox 1231 578 1413 641; x_wconf 86' lang='lat' dir='ltr'><strong>Israel</strong></span> <span class='ocrx_word' id='word_1_25' title='bbox 1447 586 1507 639; x_wconf 95' lang='lat' dir='ltr'><strong>ut</strong></span> <span class='ocrx_word' id='word_1_26' title='bbox 1538 585 1908 640; x_wconf 77' lang='lat' dir='ltr'><strong>moreretur:</strong></span> <span class='ocrx_word' id='word_1_27' title='bbox 1946 596 2041 639; x_wconf 88' lang='lat' dir='ltr'><strong>vo-</strong></span> 
     </span>
    </p>
   </div>
   <div class='ocr_carea' id='block_1_7' title="bbox 391 665 2041 749">
    <p class='ocr_par' dir='ltr' id='par_1_7' title="bbox 391 665 2041 749">
     <span class='ocr_line' id='line_1_7' title="bbox 391 665 2041 749; baseline 0.001 -22"><span class='ocrx_word' id='word_1_28' title='bbox 391 665 662 747; x_wconf 85' lang='lat' dir='ltr'><strong>cavitque</strong></span> <span class='ocrx_word' id='word_1_29' title='bbox 706 666 890 730; x_wconf 91' lang='lat' dir='ltr'><strong>ﬁlium</strong></span> <span class='ocrx_word' id='word_1_30' title='bbox 950 687 1126 729; x_wconf 91' lang='lat' dir='ltr'><strong>suum</strong></span> <span class='ocrx_word' id='word_1_31' title='bbox 1180 668 1427 749; x_wconf 80' lang='lat' dir='ltr'><strong>Joseph,</strong></span> <span class='ocrx_word' id='word_1_32' title='bbox 1467 686 1536 728; x_wconf 91' lang='lat' dir='ltr'><strong>ac</strong></span> <span class='ocrx_word' id='word_1_33' title='bbox 1590 666 1743 728; x_wconf 80' lang='lat' dir='ltr'><strong>dixit</strong></span> <span class='ocrx_word' id='word_1_34' title='bbox 1775 667 1829 728; x_wconf 91' lang='lat' dir='ltr'><strong>ei</strong></span> <span class='ocrx_word' id='word_1_35' title='bbox 1865 687 1878 729; x_wconf 93' lang='lat'><strong>:</strong></span> <span class='ocrx_word' id='word_1_36' title='bbox 1921 688 1948 726; x_wconf 84' lang='grc'><strong>‹</strong></span> <span class='ocrx_word' id='word_1_37' title='bbox 1977 666 2041 730; x_wconf 93' lang='lat' dir='ltr'><strong>Si</strong></span> 
     </span>
    </p>
   </div>
   <div class='ocr_carea' id='block_1_8' title="bbox 388 754 2042 838">
    <p class='ocr_par' dir='ltr' id='par_1_8' title="bbox 388 754 2042 838">
     <span class='ocr_line' id='line_1_8' title="bbox 388 754 2042 838; baseline 0.001 -21"><span class='ocrx_word' id='word_1_38' title='bbox 388 754 590 818; x_wconf 92' lang='lat' dir='ltr'><strong>inveni</strong></span> <span class='ocrx_word' id='word_1_39' title='bbox 621 755 863 836; x_wconf 83' lang='lat' dir='ltr'><strong>gratiam</strong></span> <span class='ocrx_word' id='word_1_40' title='bbox 897 775 1095 819; x_wconf 89' lang='lat' dir='ltr'><strong>coram</strong></span> <span class='ocrx_word' id='word_1_41' title='bbox 1131 765 1373 838; x_wconf 91' lang='lat' dir='ltr'><strong>te,pone</strong></span> <span class='ocrx_word' id='word_1_42' title='bbox 1422 774 1661 818; x_wconf 92' lang='lat' dir='ltr'><strong>manum</strong></span> <span class='ocrx_word' id='word_1_43' title='bbox 1682 764 1838 819; x_wconf 84' lang='lat' dir='ltr'><strong>tuam</strong></span> <span class='ocrx_word' id='word_1_44' title='bbox 1860 758 1933 819; x_wconf 89' lang='lat' dir='ltr'><strong>ad</strong></span> <span class='ocrx_word' id='word_1_45' title='bbox 1960 756 2042 818; x_wconf 80' lang='lat' dir='ltr'><strong>fe-</strong></span> 
     </span>
    </p>
   </div>
   <div class='ocr_carea' id='block_1_9' title="bbox 392 845 2041 923">
    <p class='ocr_par' dir='ltr' id='par_1_9' title="bbox 392 845 2041 923">
     <span class='ocr_line' id='line_1_9' title="bbox 392 845 2041 923; baseline 0.001 -16"><span class='ocrx_word' id='word_1_46' title='bbox 392 865 528 907; x_wconf 89' lang='lat' dir='ltr'><strong>mur</strong></span> <span class='ocrx_word' id='word_1_47' title='bbox 550 856 840 923; x_wconf 87' lang='lat' dir='ltr'><strong>meum,et</strong></span> <span class='ocrx_word' id='word_1_48' title='bbox 860 847 1038 909; x_wconf 86' lang='lat' dir='ltr'><strong>facies</strong></span> <span class='ocrx_word' id='word_1_49' title='bbox 1063 866 1293 909; x_wconf 90' lang='lat' dir='ltr'><strong>mecum</strong></span> <span class='ocrx_word' id='word_1_50' title='bbox 1311 845 1786 909; x_wconf 78' lang='lat' dir='ltr'><strong>misericordiam</strong></span> <span class='ocrx_word' id='word_1_51' title='bbox 1810 866 1877 908; x_wconf 90' lang='lat' dir='ltr'><strong>ac</strong></span> <span class='ocrx_word' id='word_1_52' title='bbox 1893 847 2041 909; x_wconf 89' lang='lat' dir='ltr'><strong>veri-</strong></span> 
     </span>
    </p>
   </div>
   <div class='ocr_carea' id='block_1_10' title="bbox 390 935 2040 1017">
    <p class='ocr_par' dir='ltr' id='par_1_10' title="bbox 390 935 2040 1017">
     <span class='ocr_line' id='line_1_10' title="bbox 390 935 2040 1017; baseline 0.002 -21"><span class='ocrx_word' id='word_1_53' title='bbox 390 943 592 996; x_wconf 85' lang='lat' dir='ltr'><strong>tatem.</strong></span> <span class='ocrx_word' id='word_1_54' title='bbox 630 945 835 997; x_wconf 89' lang='lat' dir='ltr'><strong>utnon</strong></span> <span class='ocrx_word' id='word_1_55' title='bbox 856 936 1112 1016; x_wconf 87' lang='lat' dir='ltr'><strong>sepelias</strong></span> <span class='ocrx_word' id='word_1_56' title='bbox 1137 955 1231 997; x_wconf 88' lang='lat' dir='ltr'><strong>me</strong></span> <span class='ocrx_word' id='word_1_57' title='bbox 1273 935 1335 998; x_wconf 91' lang='lat' dir='ltr'><strong>in</strong></span> <span class='ocrx_word' id='word_1_58' title='bbox 1365 936 1634 1017; x_wconf 65' lang='lat' dir='ltr'><strong>Egypto,</strong></span> <span class='ocrx_word' id='word_1_59' title='bbox 1669 936 1775 997; x_wconf 92' lang='lat' dir='ltr'><strong>sed</strong></span> <span class='ocrx_word' id='word_1_60' title='bbox 1802 936 2040 1000; x_wconf 82' lang='lat' dir='ltr'><strong>deferas</strong></span> 
     </span>
    </p>
   </div>
   <div class='ocr_carea' id='block_1_11' title="bbox 389 1023 2040 1106">
    <p class='ocr_par' dir='ltr' id='par_1_11' title="bbox 389 1023 2040 1106">
     <span class='ocr_line' id='line_1_11' title="bbox 389 1023 2040 1106; baseline 0.001 -21"><span class='ocrx_word' id='word_1_61' title='bbox 389 1043 523 1085; x_wconf 92' lang='lat' dir='ltr'><strong>cum</strong></span> <span class='ocrx_word' id='word_1_62' title='bbox 557 1023 822 1104; x_wconf 78' lang='lat' dir='ltr'><strong>patribus</strong></span> <span class='ocrx_word' id='word_1_63' title='bbox 853 1025 1025 1099; x_wconf 90' lang='lat' dir='ltr'><strong>meis,</strong></span> <span class='ocrx_word' id='word_1_64' title='bbox 1085 1024 1373 1106; x_wconf 87' lang='lat' dir='ltr'><strong>tollasque</strong></span> <span class='ocrx_word' id='word_1_65' title='bbox 1424 1040 1518 1087; x_wconf 86' lang='lat' dir='ltr'><strong>me</strong></span> <span class='ocrx_word' id='word_1_66' title='bbox 1550 1042 1621 1086; x_wconf 84' lang='lat' dir='ltr'><strong>ex</strong></span> <span class='ocrx_word' id='word_1_67' title='bbox 1669 1023 1936 1104; x_wconf 67' lang='lat' dir='ltr'><strong>Egyptn,</strong></span> <span class='ocrx_word' id='word_1_68' title='bbox 1970 1043 2040 1086; x_wconf 90' lang='lat' dir='ltr'><strong>ac</strong></span> 
     </span>
    </p>
   </div>
   <div class='ocr_carea' id='block_1_12' title="bbox 389 1112 2032 1196">
    <p class='ocr_par' dir='ltr' id='par_1_12' title="bbox 389 1112 2032 1196">
     <span class='ocr_line' id='line_1_12' title="bbox 389 1112 2032 1196; baseline -0.001 -21"><span class='ocrx_word' id='word_1_69' title='bbox 389 1114 643 1193; x_wconf 89' lang='lat' dir='ltr'><strong>sepelias</strong></span> <span class='ocrx_word' id='word_1_70' title='bbox 676 1134 767 1175; x_wconf 90' lang='lat' dir='ltr'><strong>me</strong></span> <span class='ocrx_word' id='word_1_71' title='bbox 797 1114 859 1176; x_wconf 90' lang='lat' dir='ltr'><strong>in</strong></span> <span class='ocrx_word' id='word_1_72' title='bbox 903 1115 1176 1195; x_wconf 90' lang='lat' dir='ltr'><strong>sepulcro</strong></span> <span class='ocrx_word' id='word_1_73' title='bbox 1230 1114 1520 1196; x_wconf 92' lang='lat' dir='ltr'><strong>ipsorum.</strong></span> <span class='ocrx_word' id='word_1_74' title='bbox 1583 1114 1655 1175; x_wconf 91' lang='lat' dir='ltr'><strong>At</strong></span> <span class='ocrx_word' id='word_1_75' title='bbox 1712 1113 1813 1175; x_wconf 89' lang='lat' dir='ltr'><strong>ille</strong></span> <span class='ocrx_word' id='word_1_76' title='bbox 1844 1112 2032 1175; x_wconf 82' lang='lat' dir='ltr'><strong>dixit:</strong></span> 
     </span>
    </p>
   </div>
   <div class='ocr_carea' id='block_1_13' title="bbox 393 1202 2040 1285">
    <p class='ocr_par' dir='ltr' id='par_1_13' title="bbox 393 1202 2040 1285">
     <span class='ocr_line' id='line_1_13' title="bbox 393 1202 2040 1285; baseline 0.001 -20"><span class='ocrx_word' id='word_1_77' title='bbox 393 1202 511 1281; x_wconf 84' lang='lat' dir='ltr'><strong>Ego</strong></span> <span class='ocrx_word' id='word_1_78' title='bbox 533 1204 742 1266; x_wconf 79' lang='lat' dir='ltr'><strong>faciam</strong></span> <span class='ocrx_word' id='word_1_79' title='bbox 766 1205 937 1285; x_wconf 78' lang='lat' dir='ltr'><strong>juxta</strong></span> <span class='ocrx_word' id='word_1_80' title='bbox 979 1203 1223 1266; x_wconf 82' lang='lat' dir='ltr'><strong>verbum</strong></span> <span class='ocrx_word' id='word_1_81' title='bbox 1260 1213 1448 1266; x_wconf 87' lang='lat' dir='ltr'><strong>tuum.</strong></span> <span class='ocrx_word' id='word_1_82' title='bbox 1482 1202 1581 1264; x_wconf 85' lang='lat' dir='ltr'><strong>Ait</strong></span> <span class='ocrx_word' id='word_1_83' title='bbox 1609 1214 1804 1264; x_wconf 85' lang='lat' dir='ltr'><strong>autem</strong></span> <span class='ocrx_word' id='word_1_84' title='bbox 1837 1222 1849 1265; x_wconf 91' lang='lat'><strong>:</strong></span> <span class='ocrx_word' id='word_1_85' title='bbox 1899 1202 2040 1266; x_wconf 90' lang='lat' dir='ltr'><strong>Jura</strong></span> 
     </span>
    </p>
   </div>
   <div class='ocr_carea' id='block_1_14' title="bbox 391 1290 2038 1373">
    <p class='ocr_par' dir='ltr' id='par_1_14' title="bbox 391 1290 2038 1373">
     <span class='ocr_line' id='line_1_14' title="bbox 391 1290 2038 1373; baseline 0.002 -23"><span class='ocrx_word' id='word_1_86' title='bbox 391 1291 555 1351; x_wconf 90' lang='lat' dir='ltr'><strong>mihi.</strong></span> <span class='ocrx_word' id='word_1_87' title='bbox 593 1295 662 1354; x_wconf 88' lang='lat' dir='ltr'><strong>Et</strong></span> <span class='ocrx_word' id='word_1_88' title='bbox 692 1291 907 1365; x_wconf 85' lang='lat' dir='ltr'><strong>iuravit</strong></span> <span class='ocrx_word' id='word_1_89' title='bbox 954 1292 1009 1353; x_wconf 91' lang='lat' dir='ltr'><strong>ei</strong></span> <span class='ocrx_word' id='word_1_90' title='bbox 1065 1292 1444 1373; x_wconf 83' lang='lat' dir='ltr'><strong>adoravitque</strong></span> <span class='ocrx_word' id='word_1_91' title='bbox 1501 1290 1682 1352; x_wconf 81' lang='lat' dir='ltr'><strong>Israel</strong></span> <span class='ocrx_word' id='word_1_92' title='bbox 1741 1291 2038 1369; x_wconf 87' lang='lat' dir='ltr'><strong>fastigium</strong></span> 
     </span>
    </p>
   </div>
   <div class='ocr_carea' id='block_1_15' title="bbox 385 1378 2040 1460">
    <p class='ocr_par' dir='ltr' id='par_1_15' title="bbox 385 1378 2040 1460">
     <span class='ocr_line' id='line_1_15' title="bbox 385 1378 2040 1460; baseline 0.004 -24"><span class='ocrx_word' id='word_1_93' title='bbox 385 1378 562 1458; x_wconf 79' lang='lat' dir='ltr'><strong>virgae</strong></span> <span class='ocrx_word' id='word_1_94' title='bbox 591 1380 750 1442; x_wconf 89' lang='lat' dir='ltr'><strong>illius</strong></span> <span class='ocrx_word' id='word_1_95' title='bbox 773 1379 1138 1442; x_wconf 46' lang='lat' dir='ltr'><strong>BOA—«Per</strong></span> <span class='ocrx_word' id='word_1_96' title='bbox 1156 1381 1332 1443; x_wconf 91' lang='lat' dir='ltr'><strong>ﬁdem</strong></span> <span class='ocrx_word' id='word_1_97' title='bbox 1356 1380 1570 1460; x_wconf 80' lang='lat' dir='ltr'><strong>Joseph</strong></span> <span class='ocrx_word' id='word_1_98' title='bbox 1599 1379 1886 1441; x_wconf 90' lang='lat' dir='ltr'><strong>moriens.</strong></span> <span class='ocrx_word' id='word_1_99' title='bbox 1925 1406 1945 1433; x_wconf 82' lang='lat'><strong>»</strong></span> <span class='ocrx_word' id='word_1_100' title='bbox 1976 1380 2040 1442; x_wconf 89' lang='lat' dir='ltr'><strong>In</strong></span> 
     </span>
    </p>
   </div>
   <div class='ocr_carea' id='block_1_16' title="bbox 384 1468 2042 1550">
    <p class='ocr_par' dir='ltr' id='par_1_16' title="bbox 384 1468 2042 1550">
     <span class='ocr_line' id='line_1_16' title="bbox 384 1468 2042 1550; baseline 0.002 -23"><span class='ocrx_word' id='word_1_101' title='bbox 384 1474 631 1541; x_wconf 88' lang='lat' dir='ltr'><strong>tantum,</strong></span> <span class='ocrx_word' id='word_1_102' title='bbox 666 1468 877 1550; x_wconf 89' lang='lat' dir='ltr'><strong>inquit,</strong></span> <span class='ocrx_word' id='word_1_103' title='bbox 930 1469 1182 1531; x_wconf 83' lang='lat' dir='ltr'><strong>credidit</strong></span> <span class='ocrx_word' id='word_1_104' title='bbox 1240 1469 1396 1549; x_wconf 92' lang='lat' dir='ltr'><strong>quod</strong></span> <span class='ocrx_word' id='word_1_105' title='bbox 1458 1468 1640 1529; x_wconf 75' lang='lat' dir='ltr'><strong>Israel</strong></span> <span class='ocrx_word' id='word_1_106' title='bbox 1697 1488 2042 1547; x_wconf 84' lang='lat' dir='ltr'><strong>egressurus</strong></span> 
     </span>
    </p>
   </div>
   <div class='ocr_carea' id='block_1_17' title="bbox 384 1557 2041 1639">
    <p class='ocr_par' dir='ltr' id='par_1_17' title="bbox 384 1557 2041 1639">
     <span class='ocr_line' id='line_1_17' title="bbox 384 1557 2041 1639; baseline 0.002 -22"><span class='ocrx_word' id='word_1_107' title='bbox 384 1565 542 1618; x_wconf 90' lang='lat' dir='ltr'><strong>esset</strong></span> <span class='ocrx_word' id='word_1_108' title='bbox 572 1576 639 1619; x_wconf 84' lang='lat' dir='ltr'><strong>ex</strong></span> <span class='ocrx_word' id='word_1_109' title='bbox 686 1558 956 1639; x_wconf 58' lang='lat' dir='ltr'><strong>IEgypto,</strong></span> <span class='ocrx_word' id='word_1_110' title='bbox 1019 1567 1082 1619; x_wconf 91' lang='lat' dir='ltr'><strong>ut</strong></span> <span class='ocrx_word' id='word_1_111' title='bbox 1140 1560 1314 1620; x_wconf 87' lang='lat' dir='ltr'><strong>etiam</strong></span> <span class='ocrx_word' id='word_1_112' title='bbox 1366 1557 1439 1619; x_wconf 89' lang='lat' dir='ltr'><strong>de</strong></span> <span class='ocrx_word' id='word_1_113' title='bbox 1477 1558 1907 1620; x_wconf 74' lang='lat' dir='ltr'><strong>transferendis</strong></span> <span class='ocrx_word' id='word_1_114' title='bbox 1942 1578 2041 1620; x_wconf 90' lang='lat' dir='ltr'><strong>os-</strong></span> 
     </span>
    </p>
   </div>
   <div class='ocr_carea' id='block_1_18' title="bbox 385 1644 2041 1728">
    <p class='ocr_par' dir='ltr' id='par_1_18' title="bbox 385 1644 2041 1728">
     <span class='ocr_line' id='line_1_18' title="bbox 385 1644 2041 1728; baseline 0.002 -24"><span class='ocrx_word' id='word_1_115' title='bbox 385 1644 550 1707; x_wconf 88' lang='lat' dir='ltr'><strong>sibus</strong></span> <span class='ocrx_word' id='word_1_116' title='bbox 599 1649 721 1708; x_wconf 89' lang='lat' dir='ltr'><strong>suis</strong></span> <span class='ocrx_word' id='word_1_117' title='bbox 768 1647 978 1709; x_wconf 90' lang='lat' dir='ltr'><strong>fratres</strong></span> <span class='ocrx_word' id='word_1_118' title='bbox 1030 1648 1355 1728; x_wconf 84' lang='lat' dir='ltr'><strong>adjuraret.</strong></span> <span class='ocrx_word' id='word_1_119' title='bbox 1393 1647 1532 1708; x_wconf 74' lang='grc'><strong>412</strong></span> <span class='ocrx_word' id='word_1_120' title='bbox 1586 1647 2041 1721; x_wconf 83' lang='lat' dir='ltr'><strong>Quamobrem?</strong></span> 
     </span>
    </p>
   </div>
   <div class='ocr_carea' id='block_1_19' title="bbox 387 1733 2042 1817">
    <p class='ocr_par' dir='ltr' id='par_1_19' title="bbox 387 1733 2042 1817">
     <span class='ocr_line' id='line_1_19' title="bbox 387 1733 2042 1817; baseline 0.002 -20"><span class='ocrx_word' id='word_1_121' title='bbox 387 1733 462 1797; x_wconf 90' lang='lat' dir='ltr'><strong>Ut</strong></span> <span class='ocrx_word' id='word_1_122' title='bbox 490 1754 728 1816; x_wconf 86' lang='lat' dir='ltr'><strong>semper</strong></span> <span class='ocrx_word' id='word_1_123' title='bbox 761 1756 1056 1800; x_wconf 90' lang='lat' dir='ltr'><strong>memores</strong></span> <span class='ocrx_word' id='word_1_124' title='bbox 1084 1738 1472 1817; x_wconf 87' lang='lat' dir='ltr'><strong>adjurationis</strong></span> <span class='ocrx_word' id='word_1_125' title='bbox 1525 1737 1791 1816; x_wconf 83' lang='lat' dir='ltr'><strong>Josephi,</strong></span> <span class='ocrx_word' id='word_1_126' title='bbox 1819 1737 2042 1800; x_wconf 80' lang='lat' dir='ltr'><strong>scirent</strong></span> 
     </span>
    </p>
   </div>
   <div class='ocr_carea' id='block_1_20' title="bbox 2120 573 3772 657">
    <p class='ocr_par' dir='ltr' id='par_1_20' title="bbox 2120 573 3772 657">
     <span class='ocr_line' id='line_1_20' title="bbox 2120 573 3772 657; baseline 0 -26"><span class='ocrx_word' id='word_1_127' title='bbox 2120 578 2321 657; x_wconf 80' lang='grc' dir='ltr'>θανεῖν,</span> <span class='ocrx_word' id='word_1_128' title='bbox 2359 579 2446 634; x_wconf 74' lang='grc' dir='ltr'><strong>καὶ</strong></span> <span class='ocrx_word' id='word_1_129' title='bbox 2487 577 2712 635; x_wconf 74' lang='grc' dir='ltr'>ἒπάλεσε</span> <span class='ocrx_word' id='word_1_130' title='bbox 2755 580 2848 635; x_wconf 79' lang='grc' dir='ltr'>τὸν</span> <span class='ocrx_word' id='word_1_131' title='bbox 2889 580 2999 636; x_wconf 74' lang='grc' dir='ltr'>υἱὸν</span> <span class='ocrx_word' id='word_1_132' title='bbox 3049 578 3208 637; x_wconf 75' lang='grc' dir='ltr'>αὐτοῦ</span> <span class='ocrx_word' id='word_1_133' title='bbox 3250 575 3464 657; x_wconf 67' lang='grc' dir='ltr'>Ἰωσὴρ,</span> <span class='ocrx_word' id='word_1_134' title='bbox 3497 575 3585 632; x_wconf 83' lang='grc' dir='ltr'><strong>καὶ</strong></span> <span class='ocrx_word' id='word_1_135' title='bbox 3613 573 3772 629; x_wconf 79' lang='grc' dir='ltr'>εἶπεν</span> 
     </span>
    </p>
   </div>
   <div class='ocr_carea' id='block_1_21' title="bbox 2123 661 3776 749">
    <p class='ocr_par' dir='ltr' id='par_1_21' title="bbox 2123 661 3776 749">
     <span class='ocr_line' id='line_1_21' title="bbox 2123 661 3776 749; baseline 0.005 -29"><span class='ocrx_word' id='word_1_136' title='bbox 2123 665 2264 739; x_wconf 75' lang='grc' dir='ltr'>αὒτῷ</span> <span class='ocrx_word' id='word_1_137' title='bbox 2299 686 2309 696; x_wconf 74' lang='grc'><strong><em>³</em></strong></span> <span class='ocrx_word' id='word_1_138' title='bbox 2350 689 2371 721; x_wconf 77' lang='grc' dir='ltr'><strong>σ</strong></span> <span class='ocrx_word' id='word_1_139' title='bbox 2411 668 2469 724; x_wconf 78' lang='grc' dir='ltr'><strong>Εἰ</strong></span> <span class='ocrx_word' id='word_1_140' title='bbox 2497 665 2694 748; x_wconf 73' lang='grc' dir='ltr'>εὕρηκα</span> <span class='ocrx_word' id='word_1_141' title='bbox 2764 669 2922 749; x_wconf 81' lang='grc' dir='ltr'>χάριν</span> <span class='ocrx_word' id='word_1_142' title='bbox 2990 668 3223 725; x_wconf 71' lang='grc' dir='ltr'>ὶναντίον</span> <span class='ocrx_word' id='word_1_143' title='bbox 3280 690 3397 741; x_wconf 83' lang='grc' dir='ltr'>σου,</span> <span class='ocrx_word' id='word_1_144' title='bbox 3457 665 3646 727; x_wconf 80' lang='grc' dir='ltr'><strong>ὑπόθες</strong></span> <span class='ocrx_word' id='word_1_145' title='bbox 3674 661 3776 729; x_wconf 69' lang='grc' dir='ltr'>τὴν</span> 
     </span>
    </p>
   </div>
   <div class='ocr_carea' id='block_1_22' title="bbox 2122 749 3775 837">
    <p class='ocr_par' dir='ltr' id='par_1_22' title="bbox 2122 749 3775 837">
     <span class='ocr_line' id='line_1_22' title="bbox 2122 749 3775 837; baseline -0.002 -27"><span class='ocrx_word' id='word_1_146' title='bbox 2122 754 2287 834; x_wconf 78' lang='grc' dir='ltr'>χεῖρά</span> <span class='ocrx_word' id='word_1_147' title='bbox 2316 777 2408 813; x_wconf 92' lang='grc' dir='ltr'><strong>σου</strong></span> <span class='ocrx_word' id='word_1_148' title='bbox 2451 758 2537 813; x_wconf 67' lang='lat' dir='ltr'><strong>hri</strong></span> <span class='ocrx_word' id='word_1_149' title='bbox 2566 758 2658 813; x_wconf 88' lang='grc' dir='ltr'>τὸν</span> <span class='ocrx_word' id='word_1_150' title='bbox 2701 757 2873 837; x_wconf 83' lang='grc' dir='ltr'>μηρόν</span> <span class='ocrx_word' id='word_1_151' title='bbox 2920 780 3047 832; x_wconf 90' lang='grc' dir='ltr'>μου.</span> <span class='ocrx_word' id='word_1_152' title='bbox 3110 759 3206 816; x_wconf 79' lang='grc' dir='ltr'>Καὶ</span> <span class='ocrx_word' id='word_1_153' title='bbox 3262 758 3509 826; x_wconf 76' lang='grc' dir='ltr'>ωοιήσεις</span> <span class='ocrx_word' id='word_1_154' title='bbox 3561 749 3647 810; x_wconf 65' lang='grc' dir='ltr'><strong>ἐπ’</strong></span> <span class='ocrx_word' id='word_1_155' title='bbox 3676 750 3775 827; x_wconf 73' lang='grc' dir='ltr'><strong>ὶμὲ</strong></span> 
     </span>
    </p>
   </div>
   <div class='ocr_carea' id='block_1_23' title="bbox 2120 842 3775 923">
    <p class='ocr_par' dir='ltr' id='par_1_23' title="bbox 2120 842 3775 923">
     <span class='ocr_line' id='line_1_23' title="bbox 2120 842 3775 923; baseline -0.002 -24"><span class='ocrx_word' id='word_1_156' title='bbox 2120 842 2487 920; x_wconf 76' lang='grc' dir='ltr'>ἒλεημοσόνην</span> <span class='ocrx_word' id='word_1_157' title='bbox 2518 847 2603 902; x_wconf 83' lang='grc' dir='ltr'>καὶ</span> <span class='ocrx_word' id='word_1_158' title='bbox 2659 846 2932 921; x_wconf 65' lang='grc' dir='ltr'>ἀλήθειαν,</span> <span class='ocrx_word' id='word_1_159' title='bbox 2993 847 3081 903; x_wconf 84' lang='grc' dir='ltr'>τὸν</span> <span class='ocrx_word' id='word_1_160' title='bbox 3125 848 3203 923; x_wconf 78' lang='grc' dir='ltr'>μή</span> <span class='ocrx_word' id='word_1_161' title='bbox 3256 868 3321 922; x_wconf 85' lang='grc' dir='ltr'><strong>με</strong></span> <span class='ocrx_word' id='word_1_162' title='bbox 3370 846 3534 921; x_wconf 73' lang='grc' dir='ltr'>θάψαι</span> <span class='ocrx_word' id='word_1_163' title='bbox 3574 844 3630 899; x_wconf 73' lang='grc' dir='ltr'><strong>ἒν</strong></span> <span class='ocrx_word' id='word_1_164' title='bbox 3676 843 3775 898; x_wconf 75' lang='lat' dir='ltr'><strong>Al-</strong></span> 
     </span>
    </p>
   </div>
   <div class='ocr_carea' id='block_1_24' title="bbox 2122 931 3774 1012">
    <p class='ocr_par' dir='ltr' id='par_1_24' title="bbox 2122 931 3774 1012">
     <span class='ocr_line' id='line_1_24' title="bbox 2122 931 3774 1012; baseline 0 -25"><span class='ocrx_word' id='word_1_165' title='bbox 2122 931 2327 1010; x_wconf 63' lang='grc' dir='ltr'>γύπτῳ,</span> <span class='ocrx_word' id='word_1_166' title='bbox 2374 931 2511 990; x_wconf 82' lang='grc' dir='ltr'>ἀλλὰ</span> <span class='ocrx_word' id='word_1_167' title='bbox 2541 936 2939 1011; x_wconf 73' lang='grc' dir='ltr'>κοιμηθήσομαι</span> <span class='ocrx_word' id='word_1_168' title='bbox 3000 935 3135 1006; x_wconf 73' lang='grc' dir='ltr'>μετὰ</span> <span class='ocrx_word' id='word_1_169' title='bbox 3190 936 3294 991; x_wconf 73' lang='grc' dir='ltr'><strong>τῶν</strong></span> <span class='ocrx_word' id='word_1_170' title='bbox 3350 933 3590 1012; x_wconf 76' lang='grc' dir='ltr'><strong>πατέρων</strong></span> <span class='ocrx_word' id='word_1_171' title='bbox 3646 952 3774 1006; x_wconf 76' lang='grc' dir='ltr'>μον,</span> 
     </span>
    </p>
   </div>
   <div class='ocr_carea' id='block_1_25' title="bbox 2122 1019 3774 1103">
    <p class='ocr_par' dir='ltr' id='par_1_25' title="bbox 2122 1019 3774 1103">
     <span class='ocr_line' id='line_1_25' title="bbox 2122 1019 3774 1103; baseline 0.005 -27"><span class='ocrx_word' id='word_1_172' title='bbox 2122 1021 2209 1077; x_wconf 81' lang='grc' dir='ltr'><strong>καὶ</strong></span> <span class='ocrx_word' id='word_1_173' title='bbox 2277 1020 2409 1103; x_wconf 61' lang='grc' dir='ltr'>ἄρῃς</span> <span class='ocrx_word' id='word_1_174' title='bbox 2466 1044 2532 1099; x_wconf 87' lang='grc' dir='ltr'><strong>με</strong></span> <span class='ocrx_word' id='word_1_175' title='bbox 2553 1020 2604 1089; x_wconf 70' lang='grc' dir='ltr'><strong>ιε</strong></span> <span class='ocrx_word' id='word_1_176' title='bbox 2646 1024 2909 1103; x_wconf 70' lang='grc' dir='ltr'>Αἰγύπτου</span> <span class='ocrx_word' id='word_1_177' title='bbox 2961 1025 3051 1080; x_wconf 89' lang='grc' dir='ltr'><strong>καὶ</strong></span> <span class='ocrx_word' id='word_1_178' title='bbox 3077 1023 3253 1100; x_wconf 76' lang='grc' dir='ltr'>θάψῃς</span> <span class='ocrx_word' id='word_1_179' title='bbox 3282 1046 3349 1099; x_wconf 83' lang='grc' dir='ltr'><strong>με</strong></span> <span class='ocrx_word' id='word_1_180' title='bbox 3400 1024 3459 1080; x_wconf 69' lang='grc' dir='ltr'><strong>ἒν</strong></span> <span class='ocrx_word' id='word_1_181' title='bbox 3514 1027 3593 1096; x_wconf 80' lang='grc' dir='ltr'>τῷ</span> <span class='ocrx_word' id='word_1_182' title='bbox 3619 1019 3774 1098; x_wconf 72' lang='grc' dir='ltr'>τάφῳ</span> 
     </span>
    </p>
   </div>
   <div class='ocr_carea' id='block_1_26' title="bbox 2122 1101 3777 1191">
    <p class='ocr_par' dir='ltr' id='par_1_26' title="bbox 2122 1101 3777 1191">
     <span class='ocr_line' id='line_1_26' title="bbox 2122 1101 3777 1191; baseline 0 -27"><span class='ocrx_word' id='word_1_183' title='bbox 2122 1111 2314 1170; x_wconf 67' lang='grc' dir='ltr'>αὐτῶν.</span> <span class='ocrx_word' id='word_1_184' title='bbox 2368 1101 2511 1191; x_wconf 32' lang='grc' dir='ltr'><strong>Ὀ-δὲ</strong></span> <span class='ocrx_word' id='word_1_185' title='bbox 2554 1101 2735 1185; x_wconf 66' lang='grc' dir='ltr'>εἶπεν,</span> <span class='ocrx_word' id='word_1_186' title='bbox 2766 1109 2909 1191; x_wconf 85' lang='grc' dir='ltr'><strong>Ἐγὼ</strong></span> <span class='ocrx_word' id='word_1_187' title='bbox 2938 1112 3151 1183; x_wconf 74' lang='grc' dir='ltr'>ποιήσω</span> <span class='ocrx_word' id='word_1_188' title='bbox 3206 1112 3342 1167; x_wconf 75' lang='grc' dir='ltr'>κατὰ</span> <span class='ocrx_word' id='word_1_189' title='bbox 3368 1111 3430 1167; x_wconf 80' lang='grc' dir='ltr'>τὸ</span> <span class='ocrx_word' id='word_1_190' title='bbox 3481 1109 3629 1189; x_wconf 76' lang='grc' dir='ltr'><strong>ρῆμά</strong></span> <span class='ocrx_word' id='word_1_191' title='bbox 3657 1128 3777 1164; x_wconf 89' lang='grc' dir='ltr'>σου.</span> 
     </span>
    </p>
   </div>
   <div class='ocr_carea' id='block_1_27' title="bbox 2124 1187 3776 1278">
    <p class='ocr_par' dir='ltr' id='par_1_27' title="bbox 2124 1187 3776 1278">
     <span class='ocr_line' id='line_1_27' title="bbox 2124 1187 3776 1278; baseline -0.002 -23"><span class='ocrx_word' id='word_1_192' title='bbox 2124 1198 2261 1255; x_wconf 78' lang='grc' dir='ltr'>Εἷπε</span> <span class='ocrx_word' id='word_1_193' title='bbox 2288 1196 2366 1278; x_wconf 78' lang='grc' dir='ltr'>δὲ,</span> <span class='ocrx_word' id='word_1_194' title='bbox 2404 1187 2653 1278; x_wconf 36' lang='grc' dir='ltr'>έὨμοσόν</span> <span class='ocrx_word' id='word_1_195' title='bbox 2685 1222 2799 1276; x_wconf 87' lang='grc' dir='ltr'>μοι.</span> <span class='ocrx_word' id='word_1_196' title='bbox 2833 1187 2931 1259; x_wconf 61' lang='grc' dir='ltr'>Καὶ</span> <span class='ocrx_word' id='word_1_197' title='bbox 2960 1200 3168 1277; x_wconf 79' lang='grc' dir='ltr'><strong>ὤμοσεν</strong></span> <span class='ocrx_word' id='word_1_198' title='bbox 3212 1202 3375 1276; x_wconf 68' lang='grc' dir='ltr'>ασῦτῷ,</span> <span class='ocrx_word' id='word_1_199' title='bbox 3453 1187 3550 1257; x_wconf 72' lang='grc' dir='ltr'><strong>Καὶ</strong></span> <span class='ocrx_word' id='word_1_200' title='bbox 3601 1217 3776 1278; x_wconf 88' lang='grc' dir='ltr'>προσ-</span> 
     </span>
    </p>
   </div>
   <div class='ocr_carea' id='block_1_28' title="bbox 2123 1277 3768 1369">
    <p class='ocr_par' dir='ltr' id='par_1_28' title="bbox 2123 1277 3768 1369">
     <span class='ocr_line' id='line_1_28' title="bbox 2123 1277 3768 1369; baseline 0.003 -27"><span class='ocrx_word' id='word_1_201' title='bbox 2123 1277 2373 1355; x_wconf 84' lang='grc' dir='ltr'>εκύνησεν</span> <span class='ocrx_word' id='word_1_202' title='bbox 2403 1277 2612 1364; x_wconf 77' lang='grc' dir='ltr'>ἰσραὴλ</span> <span class='ocrx_word' id='word_1_203' title='bbox 2644 1289 2729 1347; x_wconf 81' lang='grc' dir='ltr'><strong>ἐπὶ</strong></span> <span class='ocrx_word' id='word_1_204' title='bbox 2778 1292 2838 1346; x_wconf 80' lang='grc' dir='ltr'>τὸ</span> <span class='ocrx_word' id='word_1_205' title='bbox 2910 1288 3066 1369; x_wconf 68' lang='grc' dir='ltr'>ἄκρον</span> <span class='ocrx_word' id='word_1_206' title='bbox 3126 1294 3224 1357; x_wconf 78' lang='grc' dir='ltr'>τῆς</span> <span class='ocrx_word' id='word_1_207' title='bbox 3268 1286 3455 1369; x_wconf 74' lang='grc' dir='ltr'>ῥάϐδου</span> <span class='ocrx_word' id='word_1_208' title='bbox 3523 1277 3701 1347; x_wconf 70' lang='grc' dir='ltr'>αὗτοῧ.</span> <span class='ocrx_word' id='word_1_209' title='bbox 3746 1307 3768 1340; x_wconf 72' lang='grc' dir='ltr'>ι</span> 
     </span>
    </p>
   </div>
   <div class='ocr_carea' id='block_1_29' title="bbox 2125 1376 3774 1458">
    <p class='ocr_par' dir='ltr' id='par_1_29' title="bbox 2125 1376 3774 1458">
     <span class='ocr_line' id='line_1_29' title="bbox 2125 1376 3774 1458; baseline -0.001 -26"><span class='ocrx_word' id='word_1_210' title='bbox 2125 1410 2200 1420; x_wconf 90' lang='lat'><strong>——</strong></span> <span class='ocrx_word' id='word_1_211' title='bbox 2240 1398 2263 1432; x_wconf 77' lang='grc' dir='ltr'><strong>α</strong></span> <span class='ocrx_word' id='word_1_212' title='bbox 2312 1378 2491 1434; x_wconf 82' lang='grc' dir='ltr'><strong>Πίστει</strong></span> <span class='ocrx_word' id='word_1_213' title='bbox 2564 1377 2755 1458; x_wconf 76' lang='grc' dir='ltr'>’[ωσὴρ</span> <span class='ocrx_word' id='word_1_214' title='bbox 2812 1378 3097 1458; x_wconf 82' lang='grc' dir='ltr'>τελευτῶν,</span> <span class='ocrx_word' id='word_1_215' title='bbox 3167 1402 3189 1436; x_wconf 73' lang='grc' dir='ltr'><strong>ι</strong></span> <span class='ocrx_word' id='word_1_216' title='bbox 3251 1384 3532 1453; x_wconf 78' lang='grc' dir='ltr'><strong>Τοσοῦτον,</strong></span> <span class='ocrx_word' id='word_1_217' title='bbox 3592 1376 3774 1457; x_wconf 75' lang='grc' dir='ltr'>φησὶν,</span> 
     </span>
    </p>
   </div>
   <div class='ocr_carea' id='block_1_30' title="bbox 2124 1456 3774 1549">
    <p class='ocr_par' dir='ltr' id='par_1_30' title="bbox 2124 1456 3774 1549">
     <span class='ocr_line' id='line_1_30' title="bbox 2124 1456 3774 1549; baseline 0 -26"><span class='ocrx_word' id='word_1_218' title='bbox 2124 1466 2424 1524; x_wconf 81' lang='grc' dir='ltr'><strong>ἐπίστευσεν</strong></span> <span class='ocrx_word' id='word_1_219' title='bbox 2476 1466 2557 1524; x_wconf 81' lang='grc' dir='ltr'><strong>ὅτι</strong></span> <span class='ocrx_word' id='word_1_220' title='bbox 2614 1456 2938 1535; x_wconf 61' lang='grc' dir='ltr'>ξεῖ-πλεύσεται</span> <span class='ocrx_word' id='word_1_221' title='bbox 2999 1472 3027 1526; x_wconf 82' lang='grc' dir='ltr'><strong>ὁ</strong></span> <span class='ocrx_word' id='word_1_222' title='bbox 3097 1466 3312 1549; x_wconf 76' lang='grc' dir='ltr'>Ἰσραὴλ</span> <span class='ocrx_word' id='word_1_223' title='bbox 3367 1467 3419 1534; x_wconf 75' lang='grc' dir='ltr'>ἐξ</span> <span class='ocrx_word' id='word_1_224' title='bbox 3490 1467 3774 1546; x_wconf 74' lang='grc' dir='ltr'><strong>Αἰγύπτου,</strong></span> 
     </span>
    </p>
   </div>
   <div class='ocr_carea' id='block_1_31' title="bbox 2125 1554 3778 1639">
    <p class='ocr_par' dir='ltr' id='par_1_31' title="bbox 2125 1554 3778 1639">
     <span class='ocr_line' id='line_1_31' title="bbox 2125 1554 3778 1639; baseline 0.001 -28"><span class='ocrx_word' id='word_1_225' title='bbox 2125 1554 2204 1612; x_wconf 85' lang='grc' dir='ltr'>ὅτι</span> <span class='ocrx_word' id='word_1_226' title='bbox 2237 1557 2324 1612; x_wconf 85' lang='grc' dir='ltr'><strong>καὶ</strong></span> <span class='ocrx_word' id='word_1_227' title='bbox 2392 1557 2459 1639; x_wconf 67' lang='grc' dir='ltr'><strong>τα</strong></span> <span class='ocrx_word' id='word_1_228' title='bbox 2544 1558 2673 1615; x_wconf 81' lang='grc' dir='ltr'>ὀστᾶ</span> <span class='ocrx_word' id='word_1_229' title='bbox 2729 1561 2885 1615; x_wconf 74' lang='grc' dir='ltr'>αὖτοῦ</span> <span class='ocrx_word' id='word_1_230' title='bbox 2943 1562 3327 1639; x_wconf 68' lang='grc' dir='ltr'><strong>μετενεχθῆναι</strong></span> <span class='ocrx_word' id='word_1_231' title='bbox 3381 1557 3678 1637; x_wconf 82' lang='grc' dir='ltr'>ἐνώρκωσε.</span> <span class='ocrx_word' id='word_1_232' title='bbox 3715 1555 3778 1612; x_wconf 88' lang='grc' dir='ltr'><strong>Τί</strong></span> 
     </span>
    </p>
   </div>
   <div class='ocr_carea' id='block_1_32' title="bbox 2125 1636 3776 1727">
    <p class='ocr_par' dir='ltr' id='par_1_32' title="bbox 2125 1636 3776 1727">
     <span class='ocr_line' id='line_1_32' title="bbox 2125 1636 3776 1727; baseline 0.001 -28"><span class='ocrx_word' id='word_1_233' title='bbox 2125 1642 2321 1715; x_wconf 78' lang='grc' dir='ltr'>δήποτε</span> <span class='ocrx_word' id='word_1_234' title='bbox 2357 1667 2373 1727; x_wconf 82' lang='grc'><strong>;</strong></span> <span class='ocrx_word' id='word_1_235' title='bbox 2409 1636 2533 1705; x_wconf 73' lang='lat' dir='ltr'><strong>U[vat</strong></span> <span class='ocrx_word' id='word_1_236' title='bbox 2563 1647 2643 1703; x_wconf 85' lang='grc' dir='ltr'>ἀεὶ</span> <span class='ocrx_word' id='word_1_237' title='bbox 2675 1648 3006 1723; x_wconf 74' lang='grc' dir='ltr'><strong>μεμνημένοι</strong></span> <span class='ocrx_word' id='word_1_238' title='bbox 3033 1636 3358 1727; x_wconf 34' lang='grc' dir='ltr'>τῶν-ὅρκων</span> <span class='ocrx_word' id='word_1_239' title='bbox 3413 1636 3505 1703; x_wconf 76' lang='grc' dir='ltr'><strong>τοῦ</strong></span> <span class='ocrx_word' id='word_1_240' title='bbox 3550 1643 3776 1725; x_wconf 66' lang='grc' dir='ltr'>Ἰωσὴφ,</span> 
     </span>
    </p>
   </div>
   <div class='ocr_carea' id='block_1_33' title="bbox 2126 1732 3777 1816">
    <p class='ocr_par' dir='ltr' id='par_1_33' title="bbox 2126 1732 3777 1816">
     <span class='ocr_line' id='line_1_33' title="bbox 2126 1732 3777 1816; baseline -0.001 -28"><span class='ocrx_word' id='word_1_241' title='bbox 2126 1732 2310 1791; x_wconf 72' lang='grc' dir='ltr'>εἰδεῖεν</span> <span class='ocrx_word' id='word_1_242' title='bbox 2340 1737 2426 1791; x_wconf 85' lang='grc' dir='ltr'><strong>καὶ</strong></span> <span class='ocrx_word' id='word_1_243' title='bbox 2455 1736 2519 1791; x_wconf 73' lang='grc' dir='ltr'>τὰ</span> <span class='ocrx_word' id='word_1_244' title='bbox 2562 1738 2678 1816; x_wconf 89' lang='grc' dir='ltr'>περὶ</span> <span class='ocrx_word' id='word_1_245' title='bbox 2720 1736 2819 1804; x_wconf 77' lang='grc' dir='ltr'>τῆς</span> <span class='ocrx_word' id='word_1_246' title='bbox 2873 1734 3071 1801; x_wconf 81' lang='grc' dir='ltr'>ἐξόδου,</span> <span class='ocrx_word' id='word_1_247' title='bbox 3136 1737 3222 1801; x_wconf 88' lang='grc' dir='ltr'><strong>Τίς</strong></span> <span class='ocrx_word' id='word_1_248' title='bbox 3280 1736 3379 1815; x_wconf 81' lang='grc' dir='ltr'>γὲιρ</span> <span class='ocrx_word' id='word_1_249' title='bbox 3422 1734 3487 1792; x_wconf 81' lang='grc' dir='ltr'>ἃν</span> <span class='ocrx_word' id='word_1_250' title='bbox 3555 1732 3777 1812; x_wconf 82' lang='grc' dir='ltr'><strong>ὥρκωσε</strong></span> 
     </span>
    </p>
   </div>
   <div class='ocr_carea' id='block_1_34' title="bbox 382 1812 2039 1907">
    <p class='ocr_par' dir='ltr' id='par_1_34' title="bbox 382 1812 2039 1907">
     <span class='ocr_line' id='line_1_34' title="bbox 382 1812 2039 1907; baseline 0.001 -21"><span class='ocrx_word' id='word_1_251' title='bbox 382 1824 560 1886; x_wconf 90' lang='lat' dir='ltr'><strong>etiam</strong></span> <span class='ocrx_word' id='word_1_252' title='bbox 593 1812 721 1906; x_wconf 63' lang='lat' dir='ltr'><strong>quae</strong></span> <span class='ocrx_word' id='word_1_253' title='bbox 750 1826 822 1887; x_wconf 92' lang='lat' dir='ltr'><strong>de</strong></span> <span class='ocrx_word' id='word_1_254' title='bbox 851 1845 1093 1907; x_wconf 88' lang='lat' dir='ltr'><strong>egressu</strong></span> <span class='ocrx_word' id='word_1_255' title='bbox 1125 1812 1314 1890; x_wconf 74' lang='lat' dir='ltr'><strong>erant.</strong></span> <span class='ocrx_word' id='word_1_256' title='bbox 1351 1828 1493 1901; x_wconf 89' lang='lat' dir='ltr'><strong>Quis</strong></span> <span class='ocrx_word' id='word_1_257' title='bbox 1516 1812 1682 1890; x_wconf 83' lang='lat' dir='ltr'><strong>enim</strong></span> <span class='ocrx_word' id='word_1_258' title='bbox 1706 1828 1777 1889; x_wconf 87' lang='lat' dir='ltr'><strong>ad</strong></span> <span class='ocrx_word' id='word_1_259' title='bbox 1781 1829 2039 1906; x_wconf 87' lang='lat' dir='ltr'><strong>jurasset</strong></span> 
     </span>
    </p>
   </div>
   <div class='ocr_carea' id='block_1_35' title="bbox 2127 1812 3779 1907">
    <p class='ocr_par' dir='ltr' id='par_1_35' title="bbox 2127 1812 3779 1907">
     <span class='ocr_line' id='line_1_35' title="bbox 2127 1812 3779 1907; baseline -0.002 -26"><span class='ocrx_word' id='word_1_260' title='bbox 2127 1825 2189 1881; x_wconf 74' lang='grc' dir='ltr'>τὰ</span> <span class='ocrx_word' id='word_1_261' title='bbox 2218 1825 2348 1880; x_wconf 85' lang='grc' dir='ltr'>ὀστᾶ</span> <span class='ocrx_word' id='word_1_262' title='bbox 2377 1830 2533 1885; x_wconf 72' lang='grc' dir='ltr'>αὐτοῦ</span> <span class='ocrx_word' id='word_1_263' title='bbox 2558 1812 2970 1907; x_wconf 62' lang='grc' dir='ltr'>μετενεχθῆναι,</span> <span class='ocrx_word' id='word_1_264' title='bbox 3017 1827 3059 1882; x_wconf 77' lang='grc' dir='ltr'>εἷ</span> <span class='ocrx_word' id='word_1_265' title='bbox 3091 1825 3171 1902; x_wconf 66' lang='grc' dir='ltr'>μὴ</span> <span class='ocrx_word' id='word_1_266' title='bbox 3214 1812 3411 1905; x_wconf 79' lang='grc' dir='ltr'>σφόδρα</span> <span class='ocrx_word' id='word_1_267' title='bbox 3461 1821 3658 1903; x_wconf 77' lang='grc' dir='ltr'>ἐθάρῥει</span> <span class='ocrx_word' id='word_1_268' title='bbox 3701 1823 3779 1885; x_wconf 86' lang='grc' dir='ltr'>ὡς</span> 
     </span>
    </p>
   </div>
   <div class='ocr_carea' id='block_1_36' title="bbox 384 1914 2043 1995">
    <p class='ocr_par' dir='ltr' id='par_1_36' title="bbox 384 1914 2043 1995">
     <span class='ocr_line' id='line_1_36' title="bbox 384 1914 2043 1995; baseline 0.002 -21"><span class='ocrx_word' id='word_1_269' title='bbox 384 1914 461 1974; x_wconf 91' lang='lat' dir='ltr'><strong>de</strong></span> <span class='ocrx_word' id='word_1_270' title='bbox 512 1915 939 1978; x_wconf 81' lang='lat' dir='ltr'><strong>transferendis</strong></span> <span class='ocrx_word' id='word_1_271' title='bbox 993 1917 1117 1978; x_wconf 86' lang='lat' dir='ltr'><strong>suis</strong></span> <span class='ocrx_word' id='word_1_272' title='bbox 1174 1917 1433 1995; x_wconf 88' lang='lat' dir='ltr'><strong>ossibus,</strong></span> <span class='ocrx_word' id='word_1_273' title='bbox 1488 1918 1603 1979; x_wconf 88' lang='lat' dir='ltr'><strong>nisi</strong></span> <span class='ocrx_word' id='word_1_274' title='bbox 1658 1918 2043 1979; x_wconf 87' lang='lat' dir='ltr'><strong>vehementer</strong></span> 
     </span>
    </p>
   </div>
   <div class='ocr_carea' id='block_1_37' title="bbox 385 2003 1514 2087">
    <p class='ocr_par' dir='ltr' id='par_1_37' title="bbox 385 2003 1514 2087">
     <span class='ocr_line' id='line_1_37' title="bbox 385 2003 1514 2087; baseline 0 -21"><span class='ocrx_word' id='word_1_275' title='bbox 385 2003 714 2066; x_wconf 76' lang='lat' dir='ltr'><strong>confideret</strong></span> <span class='ocrx_word' id='word_1_276' title='bbox 737 2006 897 2086; x_wconf 88' lang='lat' dir='ltr'><strong>quod</strong></span> <span class='ocrx_word' id='word_1_277' title='bbox 931 2014 1139 2069; x_wconf 90' lang='lat' dir='ltr'><strong>essent</strong></span> <span class='ocrx_word' id='word_1_278' title='bbox 1159 2010 1455 2087; x_wconf 89' lang='lat' dir='ltr'><strong>egressuri</strong></span> <span class='ocrx_word' id='word_1_279' title='bbox 1484 2007 1514 2067; x_wconf 86' lang='lat'><strong>?</strong></span> 
     </span>
    </p>
   </div>
   <div class='ocr_carea' id='block_1_38' title="bbox 460 2092 2039 2174">
    <p class='ocr_par' dir='ltr' id='par_1_38' title="bbox 460 2092 2039 2174">
     <span class='ocr_line' id='line_1_38' title="bbox 460 2092 2039 2174; baseline -0.001 -19"><span class='ocrx_word' id='word_1_280' title='bbox 460 2093 559 2166; x_wconf 85' lang='lat' dir='ltr'><strong>XI,</strong></span> <span class='ocrx_word' id='word_1_281' title='bbox 594 2092 807 2159; x_wconf 68' lang='lat'><strong>23-‘26.</strong></span> <span class='ocrx_word' id='word_1_282' title='bbox 840 2095 956 2157; x_wconf 85' lang='lat' dir='ltr'><strong>Per</strong></span> <span class='ocrx_word' id='word_1_283' title='bbox 983 2095 1186 2174; x_wconf 85' lang='lat' dir='ltr'><strong>ﬁdem,</strong></span> <span class='ocrx_word' id='word_1_284' title='bbox 1220 2115 1355 2159; x_wconf 85' lang='lat' dir='ltr'><strong>cum</strong></span> <span class='ocrx_word' id='word_1_285' title='bbox 1404 2103 1587 2159; x_wconf 81' lang='lat' dir='ltr'><strong>natus</strong></span> <span class='ocrx_word' id='word_1_286' title='bbox 1619 2102 1770 2158; x_wconf 80' lang='lat' dir='ltr'><strong>esset</strong></span> <span class='ocrx_word' id='word_1_287' title='bbox 1823 2092 2039 2171; x_wconf 81' lang='lat' dir='ltr'><strong>Moses,</strong></span> 
     </span>
    </p>
   </div>
   <div class='ocr_carea' id='block_1_39' title="bbox 380 2183 2038 2265">
    <p class='ocr_par' dir='ltr' id='par_1_39' title="bbox 380 2183 2038 2265">
     <span class='ocr_line' id='line_1_39' title="bbox 380 2183 2038 2265; baseline 0.001 -20"><span class='ocrx_word' id='word_1_288' title='bbox 380 2183 712 2246; x_wconf 79' lang='lat' dir='ltr'><strong>occultatus</strong></span> <span class='ocrx_word' id='word_1_289' title='bbox 771 2191 859 2247; x_wconf 80' lang='lat' dir='ltr'><strong>est</strong></span> <span class='ocrx_word' id='word_1_290' title='bbox 915 2204 1142 2247; x_wconf 82' lang='lat' dir='ltr'><strong>menses</strong></span> <span class='ocrx_word' id='word_1_291' title='bbox 1202 2194 1322 2248; x_wconf 87' lang='lat' dir='ltr'><strong>tres</strong></span> <span class='ocrx_word' id='word_1_292' title='bbox 1370 2206 1408 2246; x_wconf 90' lang='lat' dir='ltr'><strong>a</strong></span> <span class='ocrx_word' id='word_1_293' title='bbox 1474 2183 1835 2265; x_wconf 83' lang='lat' dir='ltr'><strong>parentibus</strong></span> <span class='ocrx_word' id='word_1_294' title='bbox 1888 2186 2038 2263; x_wconf 84' lang='lat' dir='ltr'><strong>suis,</strong></span> 
     </span>
    </p>
   </div>
   <div class='ocr_carea' id='block_1_40' title="bbox 374 2273 2047 2356">
    <p class='ocr_par' dir='ltr' id='par_1_40' title="bbox 374 2273 2047 2356">
     <span class='ocr_line' id='line_1_40' title="bbox 374 2273 2047 2356; baseline 0.002 -24"><span class='ocrx_word' id='word_1_295' title='bbox 374 2278 697 2353; x_wconf 84' lang='lat' dir='ltr'><strong>propterea</strong></span> <span class='ocrx_word' id='word_1_296' title='bbox 727 2273 884 2352; x_wconf 83' lang='lat' dir='ltr'><strong>quod</strong></span> <span class='ocrx_word' id='word_1_297' title='bbox 912 2274 1187 2337; x_wconf 76' lang='lat' dir='ltr'><strong>viderent</strong></span> <span class='ocrx_word' id='word_1_298' title='bbox 1216 2277 1554 2356; x_wconf 77' lang='lat' dir='ltr'><strong>elegantem</strong></span> <span class='ocrx_word' id='word_1_299' title='bbox 1603 2274 1900 2353; x_wconf 81' lang='lat' dir='ltr'><strong>puellum,</strong></span> <span class='ocrx_word' id='word_1_300' title='bbox 1934 2291 2047 2335; x_wconf 80' lang='lat' dir='ltr'><strong>nec</strong></span> 
     </span>
    </p>
   </div>
   <div class='ocr_carea' id='block_1_41' title="bbox 381 2362 2041 2445">
    <p class='ocr_par' dir='ltr' id='par_1_41' title="bbox 381 2362 2041 2445">
     <span class='ocr_line' id='line_1_41' title="bbox 381 2362 2041 2445; baseline 0 -21"><span class='ocrx_word' id='word_1_301' title='bbox 381 2363 563 2425; x_wconf 83' lang='lat' dir='ltr'><strong>veriti</strong></span> <span class='ocrx_word' id='word_1_302' title='bbox 591 2370 732 2424; x_wconf 78' lang='lat' dir='ltr'><strong>sunt</strong></span> <span class='ocrx_word' id='word_1_303' title='bbox 789 2363 1051 2426; x_wconf 84' lang='lat' dir='ltr'><strong>edictum</strong></span> <span class='ocrx_word' id='word_1_304' title='bbox 1098 2366 1278 2445; x_wconf 83' lang='lat' dir='ltr'><strong>regis.</strong></span> <span class='ocrx_word' id='word_1_305' title='bbox 1315 2364 1439 2427; x_wconf 88' lang='lat' dir='ltr'><strong>Per</strong></span> <span class='ocrx_word' id='word_1_306' title='bbox 1481 2365 1656 2444; x_wconf 83' lang='lat' dir='ltr'><strong>ﬁdem</strong></span> <span class='ocrx_word' id='word_1_307' title='bbox 1700 2362 1893 2425; x_wconf 82' lang='lat' dir='ltr'><strong>Moses</strong></span> <span class='ocrx_word' id='word_1_308' title='bbox 1913 2365 2041 2443; x_wconf 86' lang='lat' dir='ltr'><strong>jam</strong></span> 
     </span>
    </p>
   </div>
   <div class='ocr_carea' id='block_1_42' title="bbox 386 2450 2048 2534">
    <p class='ocr_par' dir='ltr' id='par_1_42' title="bbox 386 2450 2048 2534">
     <span class='ocr_line' id='line_1_42' title="bbox 386 2450 2048 2534; baseline 0.001 -22"><span class='ocrx_word' id='word_1_309' title='bbox 386 2450 666 2531; x_wconf 79' lang='lat' dir='ltr'><strong>grandis,</strong></span> <span class='ocrx_word' id='word_1_310' title='bbox 703 2453 908 2514; x_wconf 84' lang='lat' dir='ltr'><strong>renuit</strong></span> <span class='ocrx_word' id='word_1_311' title='bbox 941 2455 1147 2515; x_wconf 84' lang='lat' dir='ltr'><strong>vocari</strong></span> <span class='ocrx_word' id='word_1_312' title='bbox 1169 2453 1337 2533; x_wconf 83' lang='lat' dir='ltr'><strong>ﬁlius</strong></span> <span class='ocrx_word' id='word_1_313' title='bbox 1365 2451 1509 2534; x_wconf 73' lang='lat' dir='ltr'><strong>ﬁliae</strong></span> <span class='ocrx_word' id='word_1_314' title='bbox 1540 2452 1898 2525; x_wconf 77' lang='lat' dir='ltr'><strong>Pharaonis,</strong></span> <span class='ocrx_word' id='word_1_315' title='bbox 1928 2470 2005 2531; x_wconf 84' lang='lat' dir='ltr'><strong>po</strong></span> <span class='ocrx_word' id='word_1_316' title='bbox 2032 2486 2048 2498; x_wconf 86' lang='lat'><strong>-</strong></span> 
     </span>
    </p>
   </div>
   <div class='ocr_carea' id='block_1_43' title="bbox 387 2539 2046 2624">
    <p class='ocr_par' dir='ltr' id='par_1_43' title="bbox 387 2539 2046 2624">
     <span class='ocr_line' id='line_1_43' title="bbox 387 2539 2046 2624; baseline 0.002 -23"><span class='ocrx_word' id='word_1_317' title='bbox 387 2540 509 2601; x_wconf 83' lang='lat' dir='ltr'><strong>tius</strong></span> <span class='ocrx_word' id='word_1_318' title='bbox 536 2539 763 2621; x_wconf 84' lang='lat' dir='ltr'><strong>eligens</strong></span> <span class='ocrx_word' id='word_1_319' title='bbox 789 2542 978 2603; x_wconf 82' lang='lat' dir='ltr'><strong>simul</strong></span> <span class='ocrx_word' id='word_1_320' title='bbox 1003 2560 1307 2605; x_wconf 62' lang='lat' dir='ltr'><strong>erumnas</strong></span> <span class='ocrx_word' id='word_1_321' title='bbox 1348 2544 1479 2624; x_wconf 83' lang='lat' dir='ltr'><strong>pati</strong></span> <span class='ocrx_word' id='word_1_322' title='bbox 1509 2560 1644 2604; x_wconf 86' lang='lat' dir='ltr'><strong>eum</strong></span> <span class='ocrx_word' id='word_1_323' title='bbox 1676 2540 1900 2622; x_wconf 84' lang='lat' dir='ltr'><strong>populo</strong></span> <span class='ocrx_word' id='word_1_324' title='bbox 1936 2542 2046 2604; x_wconf 84' lang='lat' dir='ltr'><strong>Dei</strong></span> 
     </span>
    </p>
   </div>
   <div class='ocr_carea' id='block_1_44' title="bbox 384 2631 2041 2711">
    <p class='ocr_par' dir='ltr' id='par_1_44' title="bbox 384 2631 2041 2711">
     <span class='ocr_line' id='line_1_44' title="bbox 384 2631 2041 2711; baseline 0.002 -21"><span class='ocrx_word' id='word_1_325' title='bbox 384 2645 569 2709; x_wconf 86' lang='lat' dir='ltr'><strong>quam</strong></span> <span class='ocrx_word' id='word_1_326' title='bbox 599 2632 979 2710; x_wconf 84' lang='lat' dir='ltr'><strong>temporariis</strong></span> <span class='ocrx_word' id='word_1_327' title='bbox 1007 2633 1237 2711; x_wconf 82' lang='lat' dir='ltr'><strong>peccati</strong></span> <span class='ocrx_word' id='word_1_328' title='bbox 1291 2631 1619 2695; x_wconf 84' lang='lat' dir='ltr'><strong>commodis</strong></span> <span class='ocrx_word' id='word_1_329' title='bbox 1650 2632 1781 2707; x_wconf 79' lang='lat' dir='ltr'><strong>frui</strong></span> <span class='ocrx_word' id='word_1_330' title='bbox 1843 2632 2041 2710; x_wconf 85' lang='lat' dir='ltr'><strong>majo-</strong></span> 
     </span>
    </p>
   </div>
   <div class='ocr_carea' id='block_1_45' title="bbox 384 2720 2046 2804">
    <p class='ocr_par' dir='ltr' id='par_1_45' title="bbox 384 2720 2046 2804">
     <span class='ocr_line' id='line_1_45' title="bbox 384 2720 2046 2804; baseline 0.003 -22"><span class='ocrx_word' id='word_1_331' title='bbox 384 2737 483 2783; x_wconf 85' lang='lat' dir='ltr'><strong>res</strong></span> <span class='ocrx_word' id='word_1_332' title='bbox 533 2720 867 2786; x_wconf 76' lang='lat' dir='ltr'><strong>arbitratus</strong></span> <span class='ocrx_word' id='word_1_333' title='bbox 917 2723 1164 2788; x_wconf 75' lang='lat' dir='ltr'><strong>divitias</strong></span> <span class='ocrx_word' id='word_1_334' title='bbox 1229 2724 1517 2803; x_wconf 82' lang='lat' dir='ltr'><strong>probrum</strong></span> <span class='ocrx_word' id='word_1_335' title='bbox 1563 2723 1809 2803; x_wconf 74' lang='lat' dir='ltr'><strong>Christi,</strong></span> <span class='ocrx_word' id='word_1_336' title='bbox 1858 2742 2046 2804; x_wconf 73' lang='lat' dir='ltr'><strong>quam</strong></span> 
     </span>
    </p>
   </div>
   <div class='ocr_carea' id='block_1_46' title="bbox 387 2809 2044 2893">
    <p class='ocr_par' dir='ltr' id='par_1_46' title="bbox 387 2809 2044 2893">
     <span class='ocr_line' id='line_1_46' title="bbox 387 2809 2044 2893; baseline 0.002 -20"><span class='ocrx_word' id='word_1_337' title='bbox 387 2809 822 2892; x_wconf 65' lang='lat' dir='ltr'><strong>lEg-yptiorum</strong></span> <span class='ocrx_word' id='word_1_338' title='bbox 843 2812 1177 2878; x_wconf 78' lang='lat' dir='ltr'><strong>thesauros.</strong></span> <span class='ocrx_word' id='word_1_339' title='bbox 1218 2815 1562 2893; x_wconf 83' lang='lat' dir='ltr'><strong>Respectum</strong></span> <span class='ocrx_word' id='word_1_340' title='bbox 1589 2815 1753 2876; x_wconf 82' lang='lat' dir='ltr'><strong>enim</strong></span> <span class='ocrx_word' id='word_1_341' title='bbox 1782 2812 2044 2877; x_wconf 84' lang='lat' dir='ltr'><strong>habebat</strong></span> 
     </span>
    </p>
   </div>
   <div class='ocr_carea' id='block_1_47' title="bbox 388 2907 926 2968">
    <p class='ocr_par' dir='ltr' id='par_1_47' title="bbox 388 2907 926 2968">
     <span class='ocr_line' id='line_1_47' title="bbox 388 2907 926 2968; baseline 0.013 -7"><span class='ocrx_word' id='word_1_342' title='bbox 388 2907 926 2968; x_wconf 77' lang='lat' dir='ltr'><strong>remunerationis.</strong></span> 
     </span>
    </p>
   </div>
   <div class='ocr_carea' id='block_1_48' title="bbox 470 2986 2041 3075">
    <p class='ocr_par' dir='ltr' id='par_1_48' title="bbox 470 2986 2041 3075">
     <span class='ocr_line' id='line_1_48' title="bbox 470 2986 2041 3075; baseline 0.002 -23"><span class='ocrx_word' id='word_1_343' title='bbox 470 2986 580 3052; x_wconf 85' lang='lat' dir='ltr'><strong>Ubi</strong></span> <span class='ocrx_word' id='word_1_344' title='bbox 600 2988 758 3052; x_wconf 89' lang='lat' dir='ltr'><strong>viros</strong></span> <span class='ocrx_word' id='word_1_345' title='bbox 774 2991 992 3071; x_wconf 90' lang='lat' dir='ltr'><strong>probos</strong></span> <span class='ocrx_word' id='word_1_346' title='bbox 1003 3011 1073 3054; x_wconf 91' lang='lat' dir='ltr'><strong>ac</strong></span> <span class='ocrx_word' id='word_1_347' title='bbox 1092 2991 1290 3054; x_wconf 88' lang='lat' dir='ltr'><strong>virtuti</strong></span> <span class='ocrx_word' id='word_1_348' title='bbox 1306 2992 1497 3054; x_wconf 87' lang='lat' dir='ltr'><strong>editos</strong></span> <span class='ocrx_word' id='word_1_349' title='bbox 1509 2993 1928 3056; x_wconf 85' lang='lat' dir='ltr'><strong>recensuisset.</strong></span> <span class='ocrx_word' id='word_1_350' title='bbox 1941 2993 2041 3075; x_wconf 90' lang='lat' dir='ltr'><strong>qui</strong></span> 
     </span>
    </p>
   </div>
   <div class='ocr_carea' id='block_1_49' title="bbox 2125 1911 2519 1995">
    <p class='ocr_par' dir='ltr' id='par_1_49' title="bbox 2125 1911 2519 1995">
     <span class='ocr_line' id='line_1_49' title="bbox 2125 1911 2519 1995; baseline 0.003 -27"><span class='ocrx_word' id='word_1_351' title='bbox 2125 1911 2477 1977; x_wconf 77' lang='grc' dir='ltr'>ἐξελεύσονται</span> <span class='ocrx_word' id='word_1_352' title='bbox 2503 1935 2519 1995; x_wconf 74' lang='grc'><strong>;</strong></span> 
     </span>
    </p>
   </div>
   <div class='ocr_carea' id='block_1_50' title="bbox 2212 2001 3779 2084">
    <p class='ocr_par' dir='ltr' id='par_1_50' title="bbox 2212 2001 3779 2084">
     <span class='ocr_line' id='line_1_50' title="bbox 2212 2001 3779 2084; baseline -0.001 -27"><span class='ocrx_word' id='word_1_353' title='bbox 2212 2025 2234 2057; x_wconf 73' lang='grc' dir='ltr'><strong><em>ι</em></strong></span> <span class='ocrx_word' id='word_1_354' title='bbox 2311 2005 2487 2060; x_wconf 86' lang='grc' dir='ltr'>Πίστει</span> <span class='ocrx_word' id='word_1_355' title='bbox 2547 2010 2761 2072; x_wconf 76' lang='grc' dir='ltr'>Μοϋσης</span> <span class='ocrx_word' id='word_1_356' title='bbox 2860 2006 3127 2083; x_wconf 86' lang='grc' dir='ltr'>γεννηθεὶς</span> <span class='ocrx_word' id='word_1_357' title='bbox 3248 2001 3438 2084; x_wconf 75' lang='grc' dir='ltr'>ἐκρύϐη</span> <span class='ocrx_word' id='word_1_358' title='bbox 3524 2002 3779 2081; x_wconf 83' lang='grc' dir='ltr'>τρίμηνον</span> 
     </span>
    </p>
   </div>
   <div class='ocr_carea' id='block_1_51' title="bbox 2128 2090 3778 2172">
    <p class='ocr_par' dir='ltr' id='par_1_51' title="bbox 2128 2090 3778 2172">
     <span class='ocr_line' id='line_1_51' title="bbox 2128 2090 3778 2172; baseline -0.001 -26"><span class='ocrx_word' id='word_1_359' title='bbox 2128 2092 2225 2147; x_wconf 70' lang='grc' dir='ltr'><strong>ὕπὸ</strong></span> <span class='ocrx_word' id='word_1_360' title='bbox 2276 2098 2381 2148; x_wconf 87' lang='grc' dir='ltr'>τῶν</span> <span class='ocrx_word' id='word_1_361' title='bbox 2464 2091 2703 2172; x_wconf 77' lang='grc' dir='ltr'>πατέρων</span> <span class='ocrx_word' id='word_1_362' title='bbox 2789 2092 2970 2166; x_wconf 76' lang='grc' dir='ltr'>αὖτοῦ,</span> <span class='ocrx_word' id='word_1_363' title='bbox 3031 2090 3161 2149; x_wconf 85' lang='grc' dir='ltr'>διότι</span> <span class='ocrx_word' id='word_1_364' title='bbox 3214 2090 3360 2150; x_wconf 78' lang='grc' dir='ltr'>εἶδον</span> <span class='ocrx_word' id='word_1_365' title='bbox 3431 2092 3650 2149; x_wconf 73' lang='grc' dir='ltr'>ἀστεῖον</span> <span class='ocrx_word' id='word_1_366' title='bbox 3713 2091 3778 2146; x_wconf 82' lang='grc' dir='ltr'>τὸ</span> 
     </span>
    </p>
   </div>
   <div class='ocr_carea' id='block_1_52' title="bbox 2127 2179 3781 2262">
    <p class='ocr_par' dir='ltr' id='par_1_52' title="bbox 2127 2179 3781 2262">
     <span class='ocr_line' id='line_1_52' title="bbox 2127 2179 3781 2262; baseline -0.001 -25"><span class='ocrx_word' id='word_1_367' title='bbox 2127 2179 2351 2262; x_wconf 88' lang='grc' dir='ltr'>παιδίον,</span> <span class='ocrx_word' id='word_1_368' title='bbox 2452 2185 2539 2239; x_wconf 86' lang='grc' dir='ltr'><strong>καὶ</strong></span> <span class='ocrx_word' id='word_1_369' title='bbox 2614 2185 2707 2239; x_wconf 69' lang='grc' dir='ltr'><strong>οὒκ</strong></span> <span class='ocrx_word' id='word_1_370' title='bbox 2787 2179 3125 2261; x_wconf 72' lang='grc' dir='ltr'>ἐφοϐήθησαν</span> <span class='ocrx_word' id='word_1_371' title='bbox 3208 2183 3268 2237; x_wconf 80' lang='grc' dir='ltr'>τὸ</span> <span class='ocrx_word' id='word_1_372' title='bbox 3365 2179 3628 2260; x_wconf 84' lang='grc' dir='ltr'>διάταγμα</span> <span class='ocrx_word' id='word_1_373' title='bbox 3685 2185 3781 2237; x_wconf 75' lang='grc' dir='ltr'>τοῦ</span> 
     </span>
    </p>
   </div>
   <div class='ocr_carea' id='block_1_53' title="bbox 2127 2269 3782 2350">
    <p class='ocr_par' dir='ltr' id='par_1_53' title="bbox 2127 2269 3782 2350">
     <span class='ocr_line' id='line_1_53' title="bbox 2127 2269 3782 2350; baseline 0.001 -24"><span class='ocrx_word' id='word_1_374' title='bbox 2127 2269 2408 2346; x_wconf 75' lang='grc' dir='ltr'>βασιλέως.</span> <span class='ocrx_word' id='word_1_375' title='bbox 2469 2271 2645 2327; x_wconf 84' lang='grc' dir='ltr'>Πίστει</span> <span class='ocrx_word' id='word_1_376' title='bbox 2743 2278 2956 2337; x_wconf 72' lang='grc' dir='ltr'>Μουσης</span> <span class='ocrx_word' id='word_1_377' title='bbox 3039 2271 3205 2349; x_wconf 76' lang='grc' dir='ltr'>μέγας</span> <span class='ocrx_word' id='word_1_378' title='bbox 3302 2271 3586 2350; x_wconf 90' lang='grc' dir='ltr'>γενόμενος</span> <span class='ocrx_word' id='word_1_379' title='bbox 3670 2271 3782 2348; x_wconf 77' lang='grc' dir='ltr'><strong>ἡρ-</strong></span> 
     </span>
    </p>
   </div>
   <div class='ocr_carea' id='block_1_54' title="bbox 2130 2357 3782 2440">
    <p class='ocr_par' dir='ltr' id='par_1_54' title="bbox 2130 2357 3782 2440">
     <span class='ocr_line' id='line_1_54' title="bbox 2130 2357 3782 2440; baseline 0.002 -27"><span class='ocrx_word' id='word_1_380' title='bbox 2130 2362 2327 2433; x_wconf 64' lang='grc' dir='ltr'>νῇσατο</span> <span class='ocrx_word' id='word_1_381' title='bbox 2401 2358 2643 2438; x_wconf 78' lang='grc' dir='ltr'>λέγεσθαι</span> <span class='ocrx_word' id='word_1_382' title='bbox 2728 2363 2837 2424; x_wconf 75' lang='grc' dir='ltr'>υἱὸς</span> <span class='ocrx_word' id='word_1_383' title='bbox 2962 2362 3214 2440; x_wconf 82' lang='grc' dir='ltr'>θυγατρὸς</span> <span class='ocrx_word' id='word_1_384' title='bbox 3312 2361 3534 2440; x_wconf 85' lang='grc' dir='ltr'>Φαραὼ,</span> <span class='ocrx_word' id='word_1_385' title='bbox 3634 2357 3782 2435; x_wconf 82' lang='grc' dir='ltr'><strong>μᾶλ-</strong></span> 
     </span>
    </p>
   </div>
   <div class='ocr_carea' id='block_1_55' title="bbox 2129 2446 3777 2531">
    <p class='ocr_par' dir='ltr' id='par_1_55' title="bbox 2129 2446 3777 2531">
     <span class='ocr_line' id='line_1_55' title="bbox 2129 2446 3777 2531; baseline 0.002 -25"><span class='ocrx_word' id='word_1_386' title='bbox 2129 2446 2222 2506; x_wconf 73' lang='grc' dir='ltr'>λον</span> <span class='ocrx_word' id='word_1_387' title='bbox 2280 2449 2533 2526; x_wconf 77' lang='grc' dir='ltr'>ἐλόμενος</span> <span class='ocrx_word' id='word_1_388' title='bbox 2610 2453 3092 2531; x_wconf 78' lang='grc' dir='ltr'>συγκακουχεϊσθαι</span> <span class='ocrx_word' id='word_1_389' title='bbox 3149 2456 3226 2526; x_wconf 81' lang='grc' dir='ltr'>τῷ</span> <span class='ocrx_word' id='word_1_390' title='bbox 3294 2449 3408 2525; x_wconf 84' lang='grc' dir='ltr'>λαῷ</span> <span class='ocrx_word' id='word_1_391' title='bbox 3474 2457 3566 2507; x_wconf 83' lang='grc' dir='ltr'>τοῦ</span> <span class='ocrx_word' id='word_1_392' title='bbox 3623 2457 3777 2524; x_wconf 78' lang='grc' dir='ltr'>Θεοῦ,</span> 
     </span>
    </p>
   </div>
   <div class='ocr_carea' id='block_1_56' title="bbox 2128 2538 3786 2622">
    <p class='ocr_par' dir='ltr' id='par_1_56' title="bbox 2128 2538 3786 2622">
     <span class='ocr_line' id='line_1_56' title="bbox 2128 2538 3786 2622; baseline -0.001 -25"><span class='ocrx_word' id='word_1_393' title='bbox 2128 2539 2164 2608; x_wconf 74' lang='grc' dir='ltr'>ἢ</span> <span class='ocrx_word' id='word_1_394' title='bbox 2248 2540 2564 2621; x_wconf 76' lang='grc' dir='ltr'>πρόσκαιρον</span> <span class='ocrx_word' id='word_1_395' title='bbox 2671 2538 2820 2621; x_wconf 76' lang='grc' dir='ltr'>ἔχειν</span> <span class='ocrx_word' id='word_1_396' title='bbox 2914 2539 3172 2615; x_wconf 77' lang='grc' dir='ltr'>ἁμαρτίας</span> <span class='ocrx_word' id='word_1_397' title='bbox 3270 2538 3584 2622; x_wconf 82' lang='grc' dir='ltr'>ἀπόλαυσιν,</span> <span class='ocrx_word' id='word_1_398' title='bbox 3668 2540 3786 2615; x_wconf 86' lang='grc' dir='ltr'>μεί-</span> 
     </span>
    </p>
   </div>
   <div class='ocr_carea' id='block_1_57' title="bbox 2128 2629 3783 2709">
    <p class='ocr_par' dir='ltr' id='par_1_57' title="bbox 2128 2629 3783 2709">
     <span class='ocr_line' id='line_1_57' title="bbox 2128 2629 3783 2709; baseline -0.001 -24"><span class='ocrx_word' id='word_1_399' title='bbox 2128 2637 2253 2701; x_wconf 83' lang='grc' dir='ltr'>ζονα</span> <span class='ocrx_word' id='word_1_400' title='bbox 2282 2629 2509 2688; x_wconf 78' lang='grc' dir='ltr'>πλοῦτον</span> <span class='ocrx_word' id='word_1_401' title='bbox 2551 2632 2892 2709; x_wconf 76' lang='grc' dir='ltr'>ἡγησάμενος</span> <span class='ocrx_word' id='word_1_402' title='bbox 2942 2635 3048 2687; x_wconf 86' lang='grc' dir='ltr'>τῶν</span> <span class='ocrx_word' id='word_1_403' title='bbox 3093 2630 3147 2685; x_wconf 80' lang='grc' dir='ltr'><strong>ἐν</strong></span> <span class='ocrx_word' id='word_1_404' title='bbox 3206 2631 3452 2707; x_wconf 68' lang='grc' dir='ltr'>Αἰγύπτῳ</span> <span class='ocrx_word' id='word_1_405' title='bbox 3503 2629 3783 2708; x_wconf 79' lang='grc' dir='ltr'>θησαυρῶν</span> 
     </span>
    </p>
   </div>
   <div class='ocr_carea' id='block_1_58' title="bbox 2126 2714 3782 2801">
    <p class='ocr_par' dir='ltr' id='par_1_58' title="bbox 2126 2714 3782 2801">
     <span class='ocr_line' id='line_1_58' title="bbox 2126 2714 3782 2801; baseline -0.001 -25"><span class='ocrx_word' id='word_1_406' title='bbox 2126 2721 2219 2776; x_wconf 83' lang='grc' dir='ltr'><strong>τὸν</strong></span> <span class='ocrx_word' id='word_1_407' title='bbox 2243 2718 2544 2796; x_wconf 75' lang='grc' dir='ltr'>ὀνειδισμὸν</span> <span class='ocrx_word' id='word_1_408' title='bbox 2614 2729 2708 2780; x_wconf 79' lang='grc' dir='ltr'>τοῦ</span> <span class='ocrx_word' id='word_1_409' title='bbox 2750 2726 2995 2801; x_wconf 82' lang='grc' dir='ltr'>Χριστοῦ.</span> <span class='ocrx_word' id='word_1_410' title='bbox 3055 2714 3351 2776; x_wconf 73' lang='grc' dir='ltr'>Ἀπέϐλεπε</span> <span class='ocrx_word' id='word_1_411' title='bbox 3396 2720 3495 2800; x_wconf 84' lang='grc' dir='ltr'>γὰρ</span> <span class='ocrx_word' id='word_1_412' title='bbox 3552 2723 3623 2786; x_wconf 79' lang='grc' dir='ltr'>εἱς</span> <span class='ocrx_word' id='word_1_413' title='bbox 3679 2717 3782 2787; x_wconf 75' lang='grc' dir='ltr'><strong>τὴν</strong></span> 
     </span>
    </p>
   </div>
   <div class='ocr_carea' id='block_1_59' title="bbox 2129 2807 2630 2885">
    <p class='ocr_par' dir='ltr' id='par_1_59' title="bbox 2129 2807 2630 2885">
     <span class='ocr_line' id='line_1_59' title="bbox 2129 2807 2630 2885; baseline 0.006 -20"><span class='ocrx_word' id='word_1_414' title='bbox 2129 2807 2563 2885; x_wconf 81' lang='grc' dir='ltr'>μισθαποδοσίαν.</span> <span class='ocrx_word' id='word_1_415' title='bbox 2606 2832 2630 2868; x_wconf 73' lang='grc' dir='ltr'>ι</span> 
     </span>
    </p>
   </div>
   <div class='ocr_carea' id='block_1_60' title="bbox 2207 2986 3783 3069">
    <p class='ocr_par' dir='ltr' id='par_1_60' title="bbox 2207 2986 3783 3069">
     <span class='ocr_line' id='line_1_60' title="bbox 2207 2986 3783 3069; baseline 0 -23"><span class='ocrx_word' id='word_1_416' title='bbox 2207 2986 2504 3053; x_wconf 79' lang='grc' dir='ltr'>Καταλὲξας</span> <span class='ocrx_word' id='word_1_417' title='bbox 2563 2987 2752 3069; x_wconf 77' lang='grc' dir='ltr'>ἄνδρας</span> <span class='ocrx_word' id='word_1_418' title='bbox 2850 2987 3121 3068; x_wconf 76' lang='grc' dir='ltr'>ἐναρέτους</span> <span class='ocrx_word' id='word_1_419' title='bbox 3191 2988 3363 3046; x_wconf 89' lang='grc' dir='ltr'>πάντα</span> <span class='ocrx_word' id='word_1_420' title='bbox 3447 2988 3616 3047; x_wconf 80' lang='grc' dir='ltr'>πίστει</span> <span class='ocrx_word' id='word_1_421' title='bbox 3673 3012 3783 3047; x_wconf 90' lang='grc' dir='ltr'>πε-</span> 
     </span>
    </p>
   </div>
   <div class='ocr_carea' id='block_1_61' title="bbox 388 3076 2039 3163">
    <p class='ocr_par' dir='ltr' id='par_1_61' title="bbox 388 3077 2037 3163">
     <span class='ocr_line' id='line_1_61' title="bbox 388 3077 2037 3163; baseline 0.003 -24"><span class='ocrx_word' id='word_1_422' title='bbox 388 3077 590 3140; x_wconf 87' lang='lat' dir='ltr'><strong>omnia</strong></span> <span class='ocrx_word' id='word_1_423' title='bbox 612 3096 719 3160; x_wconf 92' lang='lat' dir='ltr'><strong>per</strong></span> <span class='ocrx_word' id='word_1_424' title='bbox 739 3081 913 3142; x_wconf 87' lang='lat' dir='ltr'><strong>ﬁdem</strong></span> <span class='ocrx_word' id='word_1_425' title='bbox 932 3082 1274 3156; x_wconf 69' lang='lat' dir='ltr'><strong>effecerant,</strong></span> <span class='ocrx_word' id='word_1_426' title='bbox 1306 3081 1448 3143; x_wconf 90' lang='lat' dir='ltr'><strong>dicit</strong></span> <span class='ocrx_word' id='word_1_427' title='bbox 1470 3083 1646 3144; x_wconf 90' lang='lat' dir='ltr'><strong>etiam</strong></span> <span class='ocrx_word' id='word_1_428' title='bbox 1676 3081 1750 3143; x_wconf 91' lang='lat' dir='ltr'><strong>de</strong></span> <span class='ocrx_word' id='word_1_429' title='bbox 1774 3082 1915 3144; x_wconf 79' lang='lat' dir='ltr'><strong>Mosi</strong></span> <span class='ocrx_word' id='word_1_430' title='bbox 1942 3102 2037 3163; x_wconf 89' lang='lat' dir='ltr'><strong>pa-</strong></span> 
     </span>
    </p>
   </div>
   <div class='ocr_carea' id='block_1_62' title="bbox 2127 3076 3783 3163">
    <p class='ocr_par' dir='ltr' id='par_1_62' title="bbox 2127 3076 3783 3158">
     <span class='ocr_line' id='line_1_62' title="bbox 2127 3076 3783 3158; baseline 0.001 -23"><span class='ocrx_word' id='word_1_431' title='bbox 2127 3078 2441 3158; x_wconf 87' lang='grc' dir='ltr'>ποιηκότας,</span> <span class='ocrx_word' id='word_1_432' title='bbox 2475 3076 2617 3158; x_wconf 80' lang='grc' dir='ltr'>λέγει</span> <span class='ocrx_word' id='word_1_433' title='bbox 2647 3080 2733 3136; x_wconf 85' lang='grc' dir='ltr'><strong>καὶ</strong></span> <span class='ocrx_word' id='word_1_434' title='bbox 2782 3080 2900 3157; x_wconf 84' lang='grc' dir='ltr'>περὶ</span> <span class='ocrx_word' id='word_1_435' title='bbox 2951 3084 3055 3135; x_wconf 83' lang='grc' dir='ltr'>τῶν</span> <span class='ocrx_word' id='word_1_436' title='bbox 3112 3078 3309 3156; x_wconf 78' lang='grc' dir='ltr'>γονέων</span> <span class='ocrx_word' id='word_1_437' title='bbox 3375 3086 3468 3137; x_wconf 84' lang='grc' dir='ltr'>τοῦ</span> <span class='ocrx_word' id='word_1_438' title='bbox 3512 3080 3783 3146; x_wconf 78' lang='grc' dir='ltr'>Μωυσέως</span> 
     </span>
    </p>
   </div>
   <div class='ocr_carea' id='block_1_63' title="bbox 385 3166 2038 3252">
    <p class='ocr_par' dir='ltr' id='par_1_63' title="bbox 385 3166 2038 3252">
     <span class='ocr_line' id='line_1_63' title="bbox 385 3166 2038 3252; baseline 0.003 -23"><span class='ocrx_word' id='word_1_439' title='bbox 385 3166 657 3231; x_wconf 87' lang='lat' dir='ltr'><strong>rentibus</strong></span> <span class='ocrx_word' id='word_1_440' title='bbox 678 3168 947 3233; x_wconf 86' lang='lat' dir='ltr'><strong>obscuris</strong></span> <span class='ocrx_word' id='word_1_441' title='bbox 969 3170 1322 3252; x_wconf 85' lang='lat' dir='ltr'><strong>quibusdam</strong></span> <span class='ocrx_word' id='word_1_442' title='bbox 1347 3170 2038 3246; x_wconf 88' lang='lat' dir='ltr'><strong>hominibus,exhortans</strong></span> 
     </span>
    </p>
   </div>
   <div class='ocr_carea' id='block_1_64' title="bbox 388 3260 2035 3341">
    <p class='ocr_par' dir='ltr' id='par_1_64' title="bbox 388 3260 2035 3341">
     <span class='ocr_line' id='line_1_64' title="bbox 388 3260 2035 3341; baseline 0.002 -22"><span class='ocrx_word' id='word_1_443' title='bbox 388 3276 590 3333; x_wconf 88' lang='lat' dir='ltr'><strong>eos,ac</strong></span> <span class='ocrx_word' id='word_1_444' title='bbox 609 3260 1037 3341; x_wconf 88' lang='lat' dir='ltr'><strong>propemodum</strong></span> <span class='ocrx_word' id='word_1_445' title='bbox 1061 3261 1289 3323; x_wconf 90' lang='lat' dir='ltr'><strong>dicens:</strong></span> <span class='ocrx_word' id='word_1_446' title='bbox 1314 3260 1401 3323; x_wconf 89' lang='lat' dir='ltr'><strong>llli</strong></span> <span class='ocrx_word' id='word_1_447' title='bbox 1424 3262 1574 3322; x_wconf 88' lang='lat' dir='ltr'><strong>adeo</strong></span> <span class='ocrx_word' id='word_1_448' title='bbox 1593 3260 1829 3322; x_wconf 88' lang='lat' dir='ltr'><strong>obscuri</strong></span> <span class='ocrx_word' id='word_1_449' title='bbox 1856 3261 2035 3323; x_wconf 88' lang='lat' dir='ltr'><strong>ﬁdem</strong></span> 
     </span>
    </p>
   </div>
   <div class='ocr_carea' id='block_1_65' title="bbox 388 3347 2039 3424">
    <p class='ocr_par' dir='ltr' id='par_1_65' title="bbox 388 3347 2039 3424">
     <span class='ocr_line' id='line_1_65' title="bbox 388 3347 2039 3424; baseline 0.002 -15"><span class='ocrx_word' id='word_1_450' title='bbox 388 3347 857 3424; x_wconf 88' lang='lat' dir='ltr'><strong>habuerunt,vos</strong></span> <span class='ocrx_word' id='word_1_451' title='bbox 871 3358 1066 3412; x_wconf 88' lang='lat' dir='ltr'><strong>autem</strong></span> <span class='ocrx_word' id='word_1_452' title='bbox 1090 3349 1614 3422; x_wconf 83' lang='lat' dir='ltr'><strong>ﬂuctuatis?Quare</strong></span> <span class='ocrx_word' id='word_1_453' title='bbox 1632 3359 1825 3411; x_wconf 81' lang='lat' dir='ltr'><strong>autem</strong></span> <span class='ocrx_word' id='word_1_454' title='bbox 1844 3352 2039 3415; x_wconf 88' lang='lat' dir='ltr'><strong>occul-</strong></span> 
     </span>
    </p>
   </div>
   <div class='ocr_carea' id='block_1_66' title="bbox 386 3439 2039 3521">
    <p class='ocr_par' dir='ltr' id='par_1_66' title="bbox 386 3439 2039 3521">
     <span class='ocr_line' id='line_1_66' title="bbox 386 3439 2039 3521; baseline 0.001 -24"><span class='ocrx_word' id='word_1_455' title='bbox 386 3443 586 3499; x_wconf 88' lang='lat' dir='ltr'><strong>tarunt</strong></span> <span class='ocrx_word' id='word_1_456' title='bbox 608 3456 741 3499; x_wconf 90' lang='lat' dir='ltr'><strong>eum</strong></span> <span class='ocrx_word' id='word_1_457' title='bbox 757 3458 993 3501; x_wconf 87' lang='lat' dir='ltr'><strong>menses</strong></span> <span class='ocrx_word' id='word_1_458' title='bbox 1008 3440 1336 3521; x_wconf 87' lang='lat' dir='ltr'><strong>tres,idque</strong></span> <span class='ocrx_word' id='word_1_459' title='bbox 1350 3459 1484 3501; x_wconf 88' lang='lat' dir='ltr'><strong>cum</strong></span> <span class='ocrx_word' id='word_1_460' title='bbox 1497 3439 1724 3515; x_wconf 86' lang='lat' dir='ltr'><strong>regium</strong></span> <span class='ocrx_word' id='word_1_461' title='bbox 1744 3449 1899 3502; x_wconf 90' lang='lat' dir='ltr'><strong>esset</strong></span> <span class='ocrx_word' id='word_1_462' title='bbox 1917 3441 2039 3502; x_wconf 91' lang='lat' dir='ltr'><strong>edi-</strong></span> 
     </span>
    </p>
   </div>
   <div class='ocr_carea' id='block_1_67' title="bbox 387 3528 2039 3610">
    <p class='ocr_par' dir='ltr' id='par_1_67' title="bbox 387 3528 2039 3610">
     <span class='ocr_line' id='line_1_67' title="bbox 387 3528 2039 3610; baseline 0.001 -21"><span class='ocrx_word' id='word_1_463' title='bbox 387 3534 641 3602; x_wconf 88' lang='lat' dir='ltr'><strong>ctum,ut</strong></span> <span class='ocrx_word' id='word_1_464' title='bbox 667 3528 914 3590; x_wconf 88' lang='lat' dir='ltr'><strong>masculi</strong></span> <span class='ocrx_word' id='word_1_465' title='bbox 942 3530 1211 3610; x_wconf 89' lang='lat' dir='ltr'><strong>protinus</strong></span> <span class='ocrx_word' id='word_1_466' title='bbox 1241 3529 1774 3592; x_wconf 84' lang='lat' dir='ltr'><strong>interimerentur?</strong></span> <span class='ocrx_word' id='word_1_467' title='bbox 1793 3529 2039 3591; x_wconf 79' lang='lat' dir='ltr'><strong>Manife-</strong></span> 
     </span>
    </p>
   </div>
   <div class='ocr_carea' id='block_1_68' title="bbox 382 3618 2037 3700">
    <p class='ocr_par' dir='ltr' id='par_1_68' title="bbox 382 3618 2037 3700">
     <span class='ocr_line' id='line_1_68' title="bbox 382 3618 2037 3700; baseline 0.005 -23"><span class='ocrx_word' id='word_1_468' title='bbox 382 3623 535 3677; x_wconf 91' lang='lat' dir='ltr'><strong>stum</strong></span> <span class='ocrx_word' id='word_1_469' title='bbox 561 3618 831 3698; x_wconf 90' lang='lat' dir='ltr'><strong>estquod</strong></span> <span class='ocrx_word' id='word_1_470' title='bbox 854 3618 1240 3681; x_wconf 90' lang='lat' dir='ltr'><strong>crediderunt</strong></span> <span class='ocrx_word' id='word_1_471' title='bbox 1270 3619 1466 3700; x_wconf 91' lang='lat' dir='ltr'><strong>ipsnm</strong></span> <span class='ocrx_word' id='word_1_472' title='bbox 1493 3619 1848 3681; x_wconf 88' lang='lat' dir='ltr'><strong>servandum</strong></span> <span class='ocrx_word' id='word_1_473' title='bbox 1884 3638 2037 3685; x_wconf 91' lang='lat' dir='ltr'><strong>esse.</strong></span> 
     </span>
    </p>
   </div>
   <div class='ocr_carea' id='block_1_69' title="bbox 386 3705 2043 3789">
    <p class='ocr_par' dir='ltr' id='par_1_69' title="bbox 386 3705 2043 3789">
     <span class='ocr_line' id='line_1_69' title="bbox 386 3705 2043 3789; baseline 0.001 -19"><span class='ocrx_word' id='word_1_474' title='bbox 386 3705 557 3770; x_wconf 89' lang='lat' dir='ltr'><strong>Unde</strong></span> <span class='ocrx_word' id='word_1_475' title='bbox 579 3718 774 3769; x_wconf 87' lang='lat' dir='ltr'><strong>autem</strong></span> <span class='ocrx_word' id='word_1_476' title='bbox 798 3708 925 3770; x_wconf 65' lang='lat' dir='ltr'><strong>haec</strong></span> <span class='ocrx_word' id='word_1_477' title='bbox 945 3708 1210 3789; x_wconf 89' lang='lat' dir='ltr'><strong>ipsorum</strong></span> <span class='ocrx_word' id='word_1_478' title='bbox 1236 3707 1501 3772; x_wconf 80' lang='lat' dir='ltr'><strong>ﬁdes?Ex</strong></span> <span class='ocrx_word' id='word_1_479' title='bbox 1526 3726 1595 3769; x_wconf 92' lang='lat' dir='ltr'><strong>eo</strong></span> <span class='ocrx_word' id='word_1_480' title='bbox 1626 3708 1779 3789; x_wconf 88' lang='lat' dir='ltr'><strong>quod</strong></span> <span class='ocrx_word' id='word_1_481' title='bbox 1802 3708 2043 3789; x_wconf 89' lang='lat' dir='ltr'><strong>elegans</strong></span> 
     </span>
    </p>
   </div>
   <div class='ocr_carea' id='block_1_70' title="bbox 388 3796 2027 3880">
    <p class='ocr_par' dir='ltr' id='par_1_70' title="bbox 388 3796 2027 3880">
     <span class='ocr_line' id='line_1_70' title="bbox 388 3796 2027 3880; baseline 0.002 -22"><span class='ocrx_word' id='word_1_482' title='bbox 388 3796 623 3877; x_wconf 89' lang='lat' dir='ltr'><strong>puellus</strong></span> <span class='ocrx_word' id='word_1_483' title='bbox 647 3805 823 3861; x_wconf 91' lang='lat' dir='ltr'><strong>esset.</strong></span> <span class='ocrx_word' id='word_1_484' title='bbox 854 3796 1236 3880; x_wconf 87' lang='lat' dir='ltr'><strong>Nequaquam</strong></span> <span class='ocrx_word' id='word_1_485' title='bbox 1252 3799 1408 3860; x_wconf 92' lang='lat' dir='ltr'><strong>enim</strong></span> <span class='ocrx_word' id='word_1_486' title='bbox 1431 3796 1655 3879; x_wconf 88' lang='lat' dir='ltr'><strong>absque</strong></span> <span class='ocrx_word' id='word_1_487' title='bbox 1674 3797 1871 3859; x_wconf 80' lang='lat' dir='ltr'><strong>divina</strong></span> <span class='ocrx_word' id='word_1_488' title='bbox 1890 3817 2027 3876; x_wconf 84' lang='lat' dir='ltr'><strong>gra-</strong></span> 
     </span>
    </p>
   </div>
   <div class='ocr_carea' id='block_1_71' title="bbox 385 3882 2025 3962">
    <p class='ocr_par' dir='ltr' id='par_1_71' title="bbox 385 3882 2025 3962">
     <span class='ocr_line' id='line_1_71' title="bbox 385 3882 2025 3962; baseline 0.002 -18"><span class='ocrx_word' id='word_1_489' title='bbox 385 3882 905 3962; x_wconf 87' lang='lat' dir='ltr'><strong>tia,inquit,statim</strong></span> <span class='ocrx_word' id='word_1_490' title='bbox 929 3904 962 3948; x_wconf 91' lang='lat' dir='ltr'><strong>a</strong></span> <span class='ocrx_word' id='word_1_491' title='bbox 980 3886 1147 3949; x_wconf 91' lang='lat' dir='ltr'><strong>cunis</strong></span> <span class='ocrx_word' id='word_1_492' title='bbox 1169 3885 1251 3949; x_wconf 90' lang='lat' dir='ltr'><strong>ita</strong></span> <span class='ocrx_word' id='word_1_493' title='bbox 1270 3886 1487 3948; x_wconf 83' lang='lat' dir='ltr'><strong>factum</strong></span> <span class='ocrx_word' id='word_1_494' title='bbox 1510 3884 1738 3947; x_wconf 84' lang='lat' dir='ltr'><strong>fuisset.</strong></span> <span class='ocrx_word' id='word_1_495' title='bbox 1779 3889 1927 3948; x_wconf 66' lang='lat' dir='ltr'><strong>«Per</strong></span> <span class='ocrx_word' id='word_1_496' title='bbox 1956 3886 2025 3947; x_wconf 89' lang='lat' dir='ltr'><strong>ﬁ-</strong></span> 
     </span>
    </p>
   </div>
   <div class='ocr_carea' id='block_1_72' title="bbox 2120 3167 3777 3247">
    <p class='ocr_par' dir='ltr' id='par_1_72' title="bbox 2120 3167 3777 3247">
     <span class='ocr_line' id='line_1_72' title="bbox 2120 3167 3777 3247; baseline 0.001 -23"><span class='ocrx_word' id='word_1_497' title='bbox 2120 3168 2347 3246; x_wconf 75' lang='grc' dir='ltr'>ἀσήμων</span> <span class='ocrx_word' id='word_1_498' title='bbox 2375 3169 2554 3227; x_wconf 80' lang='grc' dir='ltr'>τινῶν.</span> <span class='ocrx_word' id='word_1_499' title='bbox 2615 3167 2879 3247; x_wconf 80' lang='grc' dir='ltr'>ἐντρέπων</span> <span class='ocrx_word' id='word_1_500' title='bbox 2950 3168 3163 3247; x_wconf 67' lang='grc' dir='ltr'>αὐτοὺς,</span> <span class='ocrx_word' id='word_1_501' title='bbox 3225 3167 3305 3224; x_wconf 85' lang='grc' dir='ltr'>ὅτι</span> <span class='ocrx_word' id='word_1_502' title='bbox 3366 3170 3464 3228; x_wconf 80' lang='grc' dir='ltr'>Καὶ</span> <span class='ocrx_word' id='word_1_503' title='bbox 3524 3172 3571 3226; x_wconf 78' lang='grc' dir='ltr'><strong>οἱ</strong></span> <span class='ocrx_word' id='word_1_504' title='bbox 3603 3168 3777 3234; x_wconf 69' lang='grc' dir='ltr'>οὕτως</span> 
     </span>
    </p>
   </div>
   <div class='ocr_carea' id='block_1_73' title="bbox 2122 3252 3780 3338">
    <p class='ocr_par' dir='ltr' id='par_1_73' title="bbox 2122 3252 3780 3338">
     <span class='ocr_line' id='line_1_73' title="bbox 2122 3252 3780 3338; baseline 0 -24"><span class='ocrx_word' id='word_1_505' title='bbox 2122 3257 2323 3334; x_wconf 72' lang='grc' dir='ltr'>ἄσημοι</span> <span class='ocrx_word' id='word_1_506' title='bbox 2379 3259 2554 3314; x_wconf 86' lang='grc' dir='ltr'>πίστιν</span> <span class='ocrx_word' id='word_1_507' title='bbox 2614 3255 2800 3337; x_wconf 75' lang='grc' dir='ltr'>ἔσχον,</span> <span class='ocrx_word' id='word_1_508' title='bbox 2882 3257 3038 3332; x_wconf 77' lang='grc' dir='ltr'>ὑμεῖς</span> <span class='ocrx_word' id='word_1_509' title='bbox 3089 3252 3144 3312; x_wconf 73' lang='grc' dir='ltr'><strong>δὲ</strong></span> <span class='ocrx_word' id='word_1_510' title='bbox 3240 3255 3567 3338; x_wconf 70' lang='grc' dir='ltr'>σαλεύεσθες</span> <span class='ocrx_word' id='word_1_511' title='bbox 3626 3257 3780 3322; x_wconf 87' lang='grc' dir='ltr'>Τίνος</span> 
     </span>
    </p>
   </div>
   <div class='ocr_carea' id='block_1_74' title="bbox 2122 3346 3785 3429">
    <p class='ocr_par' dir='ltr' id='par_1_74' title="bbox 2122 3346 3785 3429">
     <span class='ocr_line' id='line_1_74' title="bbox 2122 3346 3785 3429; baseline 0 -25"><span class='ocrx_word' id='word_1_512' title='bbox 2122 3349 2222 3429; x_wconf 76' lang='grc' dir='ltr'><strong>γὰρ</strong></span> <span class='ocrx_word' id='word_1_513' title='bbox 2291 3346 2465 3403; x_wconf 72' lang='grc' dir='ltr'>ἕνεκεν</span> <span class='ocrx_word' id='word_1_514' title='bbox 2552 3346 2782 3426; x_wconf 78' lang='grc' dir='ltr'>ἔκρ›ψαν</span> <span class='ocrx_word' id='word_1_515' title='bbox 2865 3348 3019 3404; x_wconf 63' lang='grc' dir='ltr'>αὐτὸν</span> <span class='ocrx_word' id='word_1_516' title='bbox 3120 3346 3396 3427; x_wconf 72' lang='grc' dir='ltr'>τρίμηνον,</span> <span class='ocrx_word' id='word_1_517' title='bbox 3470 3348 3557 3403; x_wconf 85' lang='grc' dir='ltr'>καὶ</span> <span class='ocrx_word' id='word_1_518' title='bbox 3614 3353 3785 3404; x_wconf 78' lang='grc' dir='ltr'>ταῦτα</span> 
     </span>
    </p>
   </div>
   <div class='ocr_carea' id='block_1_75' title="bbox 2122 3433 3781 3518">
    <p class='ocr_par' dir='ltr' id='par_1_75' title="bbox 2122 3433 3781 3518">
     <span class='ocr_line' id='line_1_75' title="bbox 2122 3433 3781 3518; baseline -0.003 -22"><span class='ocrx_word' id='word_1_519' title='bbox 2122 3438 2529 3518; x_wconf 78' lang='grc' dir='ltr'>προστάγματος</span> <span class='ocrx_word' id='word_1_520' title='bbox 2600 3436 2747 3503; x_wconf 74' lang='grc' dir='ltr'>ὄντος</span> <span class='ocrx_word' id='word_1_521' title='bbox 2826 3433 3100 3513; x_wconf 76' lang='grc' dir='ltr'>βασιλικοῦ</span> <span class='ocrx_word' id='word_1_522' title='bbox 3154 3458 3218 3493; x_wconf 90' lang='grc' dir='ltr'><strong>τα</strong></span> <span class='ocrx_word' id='word_1_523' title='bbox 3330 3436 3518 3517; x_wconf 80' lang='grc' dir='ltr'>ἅῤῥενα</span> <span class='ocrx_word' id='word_1_524' title='bbox 3586 3435 3781 3501; x_wconf 70' lang='grc' dir='ltr'>εὐθέως</span> 
     </span>
    </p>
   </div>
   <div class='ocr_carea' id='block_1_76' title="bbox 2123 3524 3775 3605">
    <p class='ocr_par' dir='ltr' id='par_1_76' title="bbox 2123 3524 3775 3605">
     <span class='ocr_line' id='line_1_76' title="bbox 2123 3524 3775 3605; baseline 0.002 -22"><span class='ocrx_word' id='word_1_525' title='bbox 2123 3527 2450 3605; x_wconf 77' lang='grc' dir='ltr'>ἀναιρεῖσθαι</span> <span class='ocrx_word' id='word_1_526' title='bbox 2494 3543 2509 3601; x_wconf 86' lang='grc'><strong>;</strong></span> <span class='ocrx_word' id='word_1_527' title='bbox 2562 3526 2737 3595; x_wconf 81' lang='grc' dir='ltr'>Δῆλον</span> <span class='ocrx_word' id='word_1_528' title='bbox 2795 3525 2875 3582; x_wconf 81' lang='grc' dir='ltr'>ὅτι</span> <span class='ocrx_word' id='word_1_529' title='bbox 2931 3524 3238 3583; x_wconf 77' lang='grc' dir='ltr'>ἐπίστευσαν</span> <span class='ocrx_word' id='word_1_530' title='bbox 3296 3526 3551 3599; x_wconf 77' lang='grc' dir='ltr'>σώζεσθαι</span> <span class='ocrx_word' id='word_1_531' title='bbox 3594 3526 3775 3586; x_wconf 83' lang='grc' dir='ltr'>αὑτόν.</span> 
     </span>
    </p>
   </div>
   <div class='ocr_carea' id='block_1_77' title="bbox 2127 3606 3784 3694">
    <p class='ocr_par' dir='ltr' id='par_1_77' title="bbox 2127 3606 3784 3694">
     <span class='ocr_line' id='line_1_77' title="bbox 2127 3606 3784 3694; baseline -0.001 -23"><span class='ocrx_word' id='word_1_532' title='bbox 2127 3606 2189 3671; x_wconf 62' lang='grc' dir='ltr'><strong>ἸΙ</strong></span> <span class='ocrx_word' id='word_1_533' title='bbox 2248 3613 2303 3672; x_wconf 77' lang='grc' dir='ltr'><strong>δὲ</strong></span> <span class='ocrx_word' id='word_1_534' title='bbox 2346 3615 2517 3681; x_wconf 83' lang='grc' dir='ltr'>πίστις</span> <span class='ocrx_word' id='word_1_535' title='bbox 2566 3614 2741 3672; x_wconf 71' lang='grc' dir='ltr'>αὐτῶν</span> <span class='ocrx_word' id='word_1_536' title='bbox 2789 3613 2984 3694; x_wconf 69' lang='grc' dir='ltr'>πόθεν,</span> <span class='ocrx_word' id='word_1_537' title='bbox 3050 3613 3146 3670; x_wconf 85' lang='grc' dir='ltr'><strong>Ἐκ</strong></span> <span class='ocrx_word' id='word_1_538' title='bbox 3201 3615 3296 3671; x_wconf 76' lang='grc' dir='ltr'><strong>τοῦ</strong></span> <span class='ocrx_word' id='word_1_539' title='bbox 3363 3628 3501 3672; x_wconf 77' lang='grc' dir='ltr'>εῖναι</span> <span class='ocrx_word' id='word_1_540' title='bbox 3560 3614 3784 3671; x_wconf 69' lang='grc' dir='ltr'>ἀστεῖον</span> 
     </span>
    </p>
   </div>
   <div class='ocr_carea' id='block_1_78' title="bbox 2123 3700 3786 3784">
    <p class='ocr_par' dir='ltr' id='par_1_78' title="bbox 2123 3700 3786 3784">
     <span class='ocr_line' id='line_1_78' title="bbox 2123 3700 3786 3784; baseline -0.001 -24"><span class='ocrx_word' id='word_1_541' title='bbox 2123 3705 2185 3760; x_wconf 84' lang='grc' dir='ltr'>τὸ</span> <span class='ocrx_word' id='word_1_542' title='bbox 2214 3703 2442 3767; x_wconf 89' lang='grc' dir='ltr'>παιδίον,</span> <span class='ocrx_word' id='word_1_543' title='bbox 2504 3704 2610 3762; x_wconf 73' lang='grc' dir='ltr'>Οὐκ</span> <span class='ocrx_word' id='word_1_544' title='bbox 2679 3703 2741 3760; x_wconf 79' lang='grc' dir='ltr'>ἂν</span> <span class='ocrx_word' id='word_1_545' title='bbox 2797 3704 2919 3783; x_wconf 79' lang='grc' dir='ltr'>γὰρ,</span> <span class='ocrx_word' id='word_1_546' title='bbox 2976 3703 3163 3784; x_wconf 76' lang='grc' dir='ltr'>φησὶν,</span> <span class='ocrx_word' id='word_1_547' title='bbox 3248 3700 3370 3761; x_wconf 77' lang='grc' dir='ltr'>ἄνευ</span> <span class='ocrx_word' id='word_1_548' title='bbox 3424 3705 3563 3768; x_wconf 85' lang='grc' dir='ltr'>θείας</span> <span class='ocrx_word' id='word_1_549' title='bbox 3622 3704 3786 3784; x_wconf 80' lang='grc' dir='ltr'>χάρι-</span> 
     </span>
    </p>
   </div>
   <div class='ocr_carea' id='block_1_79' title="bbox 2124 3790 3779 3873">
    <p class='ocr_par' dir='ltr' id='par_1_79' title="bbox 2124 3790 3779 3873">
     <span class='ocr_line' id='line_1_79' title="bbox 2124 3790 3779 3873; baseline 0.001 -23"><span class='ocrx_word' id='word_1_550' title='bbox 2124 3816 2213 3858; x_wconf 88' lang='grc' dir='ltr'><strong>τος</strong></span> <span class='ocrx_word' id='word_1_551' title='bbox 2272 3795 2415 3859; x_wconf 73' lang='grc' dir='ltr'>εὖθὺς</span> <span class='ocrx_word' id='word_1_552' title='bbox 2473 3792 2534 3851; x_wconf 78' lang='grc' dir='ltr'>ἐκ</span> <span class='ocrx_word' id='word_1_553' title='bbox 2613 3792 2932 3873; x_wconf 86' lang='grc' dir='ltr'>σπαργάνων</span> <span class='ocrx_word' id='word_1_554' title='bbox 3013 3790 3180 3855; x_wconf 74' lang='grc' dir='ltr'>οὕτως</span> <span class='ocrx_word' id='word_1_555' title='bbox 3262 3790 3493 3868; x_wconf 76' lang='grc' dir='ltr'>ἤμελλεν</span> <span class='ocrx_word' id='word_1_556' title='bbox 3605 3793 3779 3852; x_wconf 78' lang='grc' dir='ltr'>εἶναι.</span> 
     </span>
    </p>
   </div>
   <div class='ocr_carea' id='block_1_80' title="bbox 2118 3881 3786 3961">
    <p class='ocr_par' dir='ltr' id='par_1_80' title="bbox 2118 3881 3786 3961">
     <span class='ocr_line' id='line_1_80' title="bbox 2118 3881 3786 3961; baseline -0.001 -22"><span class='ocrx_word' id='word_1_557' title='bbox 2118 3906 2142 3939; x_wconf 79' lang='grc' dir='ltr'><strong>ιι</strong></span> <span class='ocrx_word' id='word_1_558' title='bbox 2222 3883 2398 3941; x_wconf 78' lang='grc' dir='ltr'>Πίστει</span> <span class='ocrx_word' id='word_1_559' title='bbox 2456 3888 2672 3951; x_wconf 57' lang='lat' dir='ltr'><strong>Meiter-7;:</strong></span> <span class='ocrx_word' id='word_1_560' title='bbox 2746 3882 2911 3961; x_wconf 80' lang='grc' dir='ltr'>μέγας</span> <span class='ocrx_word' id='word_1_561' title='bbox 2989 3882 3297 3960; x_wconf 88' lang='grc' dir='ltr'>γενόμενος,</span> <span class='ocrx_word' id='word_1_562' title='bbox 3333 3904 3360 3938; x_wconf 72' lang='grc' dir='ltr'>ι)</span> <span class='ocrx_word' id='word_1_563' title='bbox 3436 3889 3611 3941; x_wconf 83' lang='grc' dir='ltr'>Ταῦτα</span> <span class='ocrx_word' id='word_1_564' title='bbox 3680 3881 3786 3960; x_wconf 76' lang='grc' dir='ltr'><strong>γὰρ</strong></span> 
     </span>
    </p>
   </div>
   <div class='ocr_carea' id='block_1_81' title="bbox 385 3970 2039 4056">
    <p class='ocr_par' dir='ltr' id='par_1_81' title="bbox 385 3971 2026 4056">
     <span class='ocr_line' id='line_1_81' title="bbox 385 3971 2026 4056; baseline 0.002 -22"><span class='ocrx_word' id='word_1_565' title='bbox 385 3971 520 4035; x_wconf 90' lang='lat' dir='ltr'><strong>dem</strong></span> <span class='ocrx_word' id='word_1_566' title='bbox 536 3978 733 4038; x_wconf 89' lang='lat' dir='ltr'><strong>Moses</strong></span> <span class='ocrx_word' id='word_1_567' title='bbox 739 3976 866 4055; x_wconf 87' lang='lat' dir='ltr'><strong>jam</strong></span> <span class='ocrx_word' id='word_1_568' title='bbox 904 3976 1163 4056; x_wconf 85' lang='lat' dir='ltr'><strong>grandis.</strong></span> <span class='ocrx_word' id='word_1_569' title='bbox 1191 4001 1219 4035; x_wconf 76' lang='grc' dir='ltr'><strong><em>ι</em></strong></span> <span class='ocrx_word' id='word_1_570' title='bbox 1251 3976 1558 4040; x_wconf 65' lang='grc' dir='ltr'>Ηωοεηίιη</span> <span class='ocrx_word' id='word_1_571' title='bbox 1574 3975 2026 4039; x_wconf 82' lang='lat' dir='ltr'><strong>faciebatconﬁ-</strong></span> 
     </span>
    </p>
   </div>
   <div class='ocr_carea' id='block_1_82' title="bbox 2127 3970 3787 4056">
    <p class='ocr_par' dir='ltr' id='par_1_82' title="bbox 2127 3970 3787 4056">
     <span class='ocr_line' id='line_1_82' title="bbox 2127 3970 3787 4056; baseline -0.002 -25"><span class='ocrx_word' id='word_1_572' title='bbox 2127 3976 2301 4050; x_wconf 65' lang='grc' dir='ltr'>ἐποίει,</span> <span class='ocrx_word' id='word_1_573' title='bbox 2393 3974 2608 4051; x_wconf 74' lang='grc' dir='ltr'>μείζονα</span> <span class='ocrx_word' id='word_1_574' title='bbox 2649 4052 2661 4056; x_wconf 30' lang='grc' dir='ltr'><strong>Α</strong></span> <span class='ocrx_word' id='word_1_575' title='bbox 2707 3979 2813 4029; x_wconf 81' lang='grc' dir='ltr'>τῶν</span> <span class='ocrx_word' id='word_1_576' title='bbox 2898 3970 3173 4050; x_wconf 87' lang='grc' dir='ltr'>παρόντων</span> <span class='ocrx_word' id='word_1_577' title='bbox 3250 3972 3459 4052; x_wconf 82' lang='grc' dir='ltr'>ἀγαθῶν</span> <span class='ocrx_word' id='word_1_578' title='bbox 3514 3971 3787 4048; x_wconf 79' lang='grc' dir='ltr'>λήψεσθαι</span> 
     </span>
    </p>
   </div>
   <div class='ocr_carea' id='block_1_83' title="bbox 384 4052 2039 4146">
    <p class='ocr_par' dir='ltr' id='par_1_83' title="bbox 384 4052 2027 4146">
     <span class='ocr_line' id='line_1_83' title="bbox 384 4052 2027 4146; baseline 0.003 -24"><span class='ocrx_word' id='word_1_579' title='bbox 384 4060 532 4124; x_wconf 90' lang='lat' dir='ltr'><strong>dens</strong></span> <span class='ocrx_word' id='word_1_580' title='bbox 548 4052 771 4143; x_wconf 76' lang='lat' dir='ltr'><strong>potiora</strong></span> <span class='ocrx_word' id='word_1_581' title='bbox 785 4083 850 4127; x_wconf 88' lang='lat' dir='ltr'><strong>se</strong></span> <span class='ocrx_word' id='word_1_582' title='bbox 868 4052 1286 4145; x_wconf 76' lang='lat' dir='ltr'><strong>percepturum</strong></span> <span class='ocrx_word' id='word_1_583' title='bbox 1300 4065 1637 4146; x_wconf 85' lang='lat' dir='ltr'><strong>bonaquam</strong></span> <span class='ocrx_word' id='word_1_584' title='bbox 1653 4074 1851 4126; x_wconf 89' lang='lat' dir='ltr'><strong>essent</strong></span> <span class='ocrx_word' id='word_1_585' title='bbox 1874 4084 2027 4146; x_wconf 71' lang='lat' dir='ltr'><strong>prae-</strong></span> 
     </span>
    </p>
   </div>
   <div class='ocr_carea' id='block_1_84' title="bbox 2127 4052 3784 4146">
    <p class='ocr_par' dir='ltr' id='par_1_84' title="bbox 2127 4052 3784 4146">
     <span class='ocr_line' id='line_1_84' title="bbox 2127 4052 3784 4146; baseline -0.001 -26"><span class='ocrx_word' id='word_1_586' title='bbox 2127 4064 2331 4144; x_wconf 70' lang='grc' dir='ltr'>ιαῤῥῶν.</span> <span class='ocrx_word' id='word_1_587' title='bbox 2373 4066 2444 4122; x_wconf 85' lang='grc' dir='ltr'><strong>Τὸ</strong></span> <span class='ocrx_word' id='word_1_588' title='bbox 2490 4061 2568 4142; x_wconf 74' lang='grc' dir='ltr'>δὲ,</span> <span class='ocrx_word' id='word_1_589' title='bbox 2646 4052 2971 4146; x_wconf 36' lang='grc' dir='ltr'>Ἠρνήσατάο,</span> <span class='ocrx_word' id='word_1_590' title='bbox 3031 4063 3093 4118; x_wconf 81' lang='grc' dir='ltr'>τὸ</span> <span class='ocrx_word' id='word_1_591' title='bbox 3151 4061 3288 4137; x_wconf 82' lang='grc' dir='ltr'>μετὰ</span> <span class='ocrx_word' id='word_1_592' title='bbox 3343 4058 3576 4129; x_wconf 79' lang='grc' dir='ltr'>σπουδῆς</span> <span class='ocrx_word' id='word_1_593' title='bbox 3608 4059 3784 4119; x_wconf 78' lang='grc' dir='ltr'>ἀλλο-</span> 
     </span>
    </p>
   </div>
   <div class='ocr_carea' id='block_1_85' title="bbox 383 4131 2039 4234">
    <p class='ocr_par' dir='ltr' id='par_1_85' title="bbox 383 4131 2030 4234">
     <span class='ocr_line' id='line_1_85' title="bbox 383 4131 2030 4234; baseline 0.001 -21"><span class='ocrx_word' id='word_1_594' title='bbox 383 4131 774 4225; x_wconf 77' lang='lat' dir='ltr'><strong>sentia.Quod</strong></span> <span class='ocrx_word' id='word_1_595' title='bbox 790 4131 986 4216; x_wconf 76' lang='lat' dir='ltr'><strong>autem</strong></span> <span class='ocrx_word' id='word_1_596' title='bbox 999 4131 1352 4231; x_wconf 68' lang='lat' dir='ltr'><strong>ail,Renuit,</strong></span> <span class='ocrx_word' id='word_1_597' title='bbox 1382 4131 1717 4216; x_wconf 73' lang='lat' dir='ltr'><strong>mabifestat</strong></span> <span class='ocrx_word' id='word_1_598' title='bbox 1735 4131 1887 4234; x_wconf 87' lang='lat' dir='ltr'><strong>quod</strong></span> <span class='ocrx_word' id='word_1_599' title='bbox 1913 4162 2030 4216; x_wconf 90' lang='lat' dir='ltr'><strong>stu-</strong></span> 
     </span>
    </p>
   </div>
   <div class='ocr_carea' id='block_1_86' title="bbox 2127 4131 3783 4234">
    <p class='ocr_par' dir='ltr' id='par_1_86' title="bbox 2127 4131 3783 4234">
     <span class='ocr_line' id='line_1_86' title="bbox 2127 4131 3783 4234; baseline -0.005 -24"><span class='ocrx_word' id='word_1_600' title='bbox 2127 4131 2327 4234; x_wconf 67' lang='grc' dir='ltr'>τρίίῦσαι</span> <span class='ocrx_word' id='word_1_601' title='bbox 2360 4131 2831 4234; x_wconf 38' lang='grc' dir='ltr'>ἐαυτὸνδηλρὶα</span> <span class='ocrx_word' id='word_1_602' title='bbox 3022 4131 3346 4231; x_wconf 75' lang='grc' dir='ltr'>πρόσκαιρον</span> <span class='ocrx_word' id='word_1_603' title='bbox 3405 4150 3552 4232; x_wconf 80' lang='grc' dir='ltr'>ἔχειν</span> <span class='ocrx_word' id='word_1_604' title='bbox 3608 4151 3783 4233; x_wconf 81' lang='grc' dir='ltr'>ἁμαρ-</span> 
     </span>
    </p>
   </div>
   <div class='ocr_carea' id='block_1_87' title="bbox 384 4232 2039 4324">
    <p class='ocr_par' dir='ltr' id='par_1_87' title="bbox 384 4232 2032 4324">
     <span class='ocr_line' id='line_1_87' title="bbox 384 4232 2032 4324; baseline 0.001 -20"><span class='ocrx_word' id='word_1_605' title='bbox 384 4242 482 4304; x_wconf 91' lang='lat' dir='ltr'><strong>dio</strong></span> <span class='ocrx_word' id='word_1_606' title='bbox 499 4244 761 4323; x_wconf 89' lang='lat' dir='ltr'><strong>seipsum</strong></span> <span class='ocrx_word' id='word_1_607' title='bbox 780 4243 1151 4307; x_wconf 88' lang='lat' dir='ltr'><strong>alienaverit.</strong></span> <span class='ocrx_word' id='word_1_608' title='bbox 1167 4270 1185 4299; x_wconf 79' lang='grc' dir='ltr'><strong>ι</strong></span> <span class='ocrx_word' id='word_1_609' title='bbox 1199 4244 1383 4317; x_wconf 89' lang='lat' dir='ltr'><strong>Quam</strong></span> <span class='ocrx_word' id='word_1_610' title='bbox 1413 4251 1528 4305; x_wconf 93' lang='lat' dir='ltr'><strong>tem</strong></span> <span class='ocrx_word' id='word_1_611' title='bbox 1539 4232 1789 4324; x_wconf 73' lang='lat' dir='ltr'><strong>porariis</strong></span> <span class='ocrx_word' id='word_1_612' title='bbox 1805 4244 2032 4324; x_wconf 84' lang='lat' dir='ltr'><strong>peccati</strong></span> 
     </span>
    </p>
   </div>
   <div class='ocr_carea' id='block_1_88' title="bbox 2127 4232 3782 4324">
    <p class='ocr_par' dir='ltr' id='par_1_88' title="bbox 2127 4232 3782 4320">
     <span class='ocr_line' id='line_1_88' title="bbox 2127 4232 3782 4320; baseline -0.001 -21"><span class='ocrx_word' id='word_1_613' title='bbox 2127 4232 2233 4309; x_wconf 71' lang='grc' dir='ltr'>τίας</span> <span class='ocrx_word' id='word_1_614' title='bbox 2264 4240 2575 4317; x_wconf 80' lang='grc' dir='ltr'>ἀπόλαυσιν,</span> <span class='ocrx_word' id='word_1_615' title='bbox 2622 4265 2648 4297; x_wconf 76' lang='lat' dir='ltr'><strong>n</strong></span> <span class='ocrx_word' id='word_1_616' title='bbox 2686 4232 2970 4318; x_wconf 74' lang='grc' dir='ltr'>Ἀμαρτίαν</span> <span class='ocrx_word' id='word_1_617' title='bbox 3024 4239 3263 4313; x_wconf 69' lang='grc' dir='ltr'>ἐκάλεσε,</span> <span class='ocrx_word' id='word_1_618' title='bbox 3326 4242 3387 4297; x_wconf 79' lang='grc' dir='ltr'>τὸ</span> <span class='ocrx_word' id='word_1_619' title='bbox 3442 4242 3521 4317; x_wconf 75' lang='grc' dir='ltr'>μὴ</span> <span class='ocrx_word' id='word_1_620' title='bbox 3580 4232 3782 4320; x_wconf 77' lang='grc' dir='ltr'>συγκαο</span> 
     </span>
    </p>
   </div>
   <div class='ocr_carea' id='block_1_89' title="bbox 384 4330 2039 4411">
    <p class='ocr_par' dir='ltr' id='par_1_89' title="bbox 384 4331 2039 4406">
     <span class='ocr_line' id='line_1_89' title="bbox 384 4331 2039 4406; baseline 0.002 -13"><span class='ocrx_word' id='word_1_621' title='bbox 384 4332 717 4394; x_wconf 90' lang='lat' dir='ltr'><strong>commodis</strong></span> <span class='ocrx_word' id='word_1_622' title='bbox 734 4331 1228 4395; x_wconf 75' lang='lat' dir='ltr'><strong>frui.»Peccatum</strong></span> <span class='ocrx_word' id='word_1_623' title='bbox 1246 4334 1488 4406; x_wconf 84' lang='lat' dir='ltr'><strong>vocavit,</strong></span> <span class='ocrx_word' id='word_1_624' title='bbox 1517 4350 1635 4394; x_wconf 94' lang='lat' dir='ltr'><strong>non</strong></span> <span class='ocrx_word' id='word_1_625' title='bbox 1671 4332 2039 4396; x_wconf 87' lang='lat' dir='ltr'><strong>collaborare</strong></span> 
     </span>
    </p>
   </div>
   <div class='ocr_carea' id='block_1_90' title="bbox 2127 4330 3783 4411">
    <p class='ocr_par' dir='ltr' id='par_1_90' title="bbox 2127 4330 3783 4411">
     <span class='ocr_line' id='line_1_90' title="bbox 2127 4330 3783 4411; baseline -0.001 -21"><span class='ocrx_word' id='word_1_626' title='bbox 2127 4337 2434 4411; x_wconf 76' lang='grc' dir='ltr'>κουγετσθαι</span> <span class='ocrx_word' id='word_1_627' title='bbox 2456 4339 2532 4408; x_wconf 81' lang='grc' dir='ltr'>τῷ</span> <span class='ocrx_word' id='word_1_628' title='bbox 2574 4332 2688 4407; x_wconf 85' lang='grc' dir='ltr'>λαῷ</span> <span class='ocrx_word' id='word_1_629' title='bbox 2741 4377 2755 4391; x_wconf 92' lang='grc'><strong>.</strong></span> <span class='ocrx_word' id='word_1_630' title='bbox 2787 4333 2881 4388; x_wconf 73' lang='grc' dir='ltr'>οὐκ</span> <span class='ocrx_word' id='word_1_631' title='bbox 2911 4330 3217 4402; x_wconf 74' lang='grc' dir='ltr'>ἀπήλαυσεν</span> <span class='ocrx_word' id='word_1_632' title='bbox 3248 4331 3338 4388; x_wconf 83' lang='grc' dir='ltr'>οὖν</span> <span class='ocrx_word' id='word_1_633' title='bbox 3387 4336 3486 4400; x_wconf 78' lang='grc' dir='ltr'>τῆς</span> <span class='ocrx_word' id='word_1_634' title='bbox 3517 4330 3783 4411; x_wconf 83' lang='grc' dir='ltr'>ἁμαρτίας</span> 
     </span>
    </p>
   </div>
   <div class='ocr_carea' id='block_1_91' title="bbox 385 4419 2039 4503">
    <p class='ocr_par' dir='ltr' id='par_1_91' title="bbox 385 4420 2038 4503">
     <span class='ocr_line' id='line_1_91' title="bbox 385 4420 2038 4503; baseline 0.001 -20"><span class='ocrx_word' id='word_1_635' title='bbox 385 4429 485 4483; x_wconf 87' lang='lat' dir='ltr'><strong>aut</strong></span> <span class='ocrx_word' id='word_1_636' title='bbox 507 4420 682 4484; x_wconf 92' lang='lat' dir='ltr'><strong>simul</strong></span> <span class='ocrx_word' id='word_1_637' title='bbox 698 4440 993 4484; x_wconf 69' lang='lat' dir='ltr'><strong>aerumnas</strong></span> <span class='ocrx_word' id='word_1_638' title='bbox 1012 4422 1130 4502; x_wconf 91' lang='lat' dir='ltr'><strong>pati</strong></span> <span class='ocrx_word' id='word_1_639' title='bbox 1148 4442 1281 4483; x_wconf 91' lang='lat' dir='ltr'><strong>cum</strong></span> <span class='ocrx_word' id='word_1_640' title='bbox 1303 4421 1646 4503; x_wconf 90' lang='lat' dir='ltr'><strong>populoDei:</strong></span> <span class='ocrx_word' id='word_1_641' title='bbox 1671 4442 1787 4483; x_wconf 87' lang='lat' dir='ltr'><strong>non</strong></span> <span class='ocrx_word' id='word_1_642' title='bbox 1802 4430 2038 4501; x_wconf 85' lang='lat' dir='ltr'><strong>estergo</strong></span> 
     </span>
    </p>
   </div>
   <div class='ocr_carea' id='block_1_92' title="bbox 2127 4419 3786 4503">
    <p class='ocr_par' dir='ltr' id='par_1_92' title="bbox 2127 4419 3786 4503">
     <span class='ocr_line' id='line_1_92' title="bbox 2127 4419 3786 4503; baseline -0.002 -21"><span class='ocrx_word' id='word_1_643' title='bbox 2127 4425 2347 4492; x_wconf 62' lang='grc' dir='ltr'>ταύτης.</span> <span class='ocrx_word' id='word_1_644' title='bbox 2420 4423 2634 4503; x_wconf 67' lang='grc' dir='ltr'>Ποίας,</span> <span class='ocrx_word' id='word_1_645' title='bbox 2680 4428 2772 4478; x_wconf 77' lang='grc' dir='ltr'>τοῦ</span> <span class='ocrx_word' id='word_1_646' title='bbox 2830 4421 2909 4497; x_wconf 78' lang='grc' dir='ltr'>μὴ</span> <span class='ocrx_word' id='word_1_647' title='bbox 2995 4424 3482 4503; x_wconf 72' lang='grc' dir='ltr'>ωγκακουχετσθαι</span> <span class='ocrx_word' id='word_1_648' title='bbox 3535 4427 3612 4497; x_wconf 82' lang='grc' dir='ltr'>τῷ</span> <span class='ocrx_word' id='word_1_649' title='bbox 3665 4419 3786 4499; x_wconf 82' lang='grc' dir='ltr'>λαῷ</span> 
     </span>
    </p>
   </div>
   <div class='ocr_carea' id='block_1_93' title="bbox 379 4509 2039 4592">
    <p class='ocr_par' dir='ltr' id='par_1_93' title="bbox 379 4509 2039 4592">
     <span class='ocr_line' id='line_1_93' title="bbox 379 4509 2039 4592; baseline 0.001 -20"><span class='ocrx_word' id='word_1_650' title='bbox 379 4509 596 4573; x_wconf 85' lang='lat' dir='ltr'><strong>fruitus</strong></span> <span class='ocrx_word' id='word_1_651' title='bbox 626 4511 804 4592; x_wconf 86' lang='lat' dir='ltr'><strong>hujus</strong></span> <span class='ocrx_word' id='word_1_652' title='bbox 861 4511 1087 4592; x_wconf 87' lang='lat' dir='ltr'><strong>peccati</strong></span> <span class='ocrx_word' id='word_1_653' title='bbox 1145 4511 1499 4573; x_wconf 91' lang='lat' dir='ltr'><strong>commodis.</strong></span> <span class='ocrx_word' id='word_1_654' title='bbox 1564 4509 1797 4591; x_wconf 85' lang='lat' dir='ltr'><strong>anus?</strong></span> <span class='ocrx_word' id='word_1_655' title='bbox 1826 4521 1890 4572; x_wconf 91' lang='lat' dir='ltr'><strong>ut</strong></span> <span class='ocrx_word' id='word_1_656' title='bbox 1920 4530 2039 4573; x_wconf 88' lang='lat' dir='ltr'><strong>non</strong></span> 
     </span>
    </p>
   </div>
   <div class='ocr_carea' id='block_1_94' title="bbox 379 4598 2041 4682">
    <p class='ocr_par' dir='ltr' id='par_1_94' title="bbox 379 4598 2041 4682">
     <span class='ocr_line' id='line_1_94' title="bbox 379 4598 2041 4682; baseline 0 -20"><span class='ocrx_word' id='word_1_657' title='bbox 379 4618 499 4662; x_wconf 89' lang='lat' dir='ltr'><strong>una</strong></span> <span class='ocrx_word' id='word_1_658' title='bbox 526 4617 659 4663; x_wconf 90' lang='lat' dir='ltr'><strong>cum</strong></span> <span class='ocrx_word' id='word_1_659' title='bbox 693 4600 909 4682; x_wconf 93' lang='lat' dir='ltr'><strong>populo</strong></span> <span class='ocrx_word' id='word_1_660' title='bbox 935 4598 1040 4663; x_wconf 91' lang='lat' dir='ltr'><strong>Dei</strong></span> <span class='ocrx_word' id='word_1_661' title='bbox 1071 4602 1351 4662; x_wconf 68' lang='lat' dir='ltr'><strong>aerumnis</strong></span> <span class='ocrx_word' id='word_1_662' title='bbox 1378 4600 2041 4680; x_wconf 72' lang='lat' dir='ltr'><strong>atﬁceretur.».\!ajores</strong></span> 
     </span>
    </p>
   </div>
   <div class='ocr_carea' id='block_1_95' title="bbox 381 4688 2042 4770">
    <p class='ocr_par' dir='ltr' id='par_1_95' title="bbox 381 4688 2042 4770">
     <span class='ocr_line' id='line_1_95' title="bbox 381 4688 2042 4770; baseline -0.001 -19"><span class='ocrx_word' id='word_1_663' title='bbox 381 4689 700 4751; x_wconf 87' lang='lat' dir='ltr'><strong>arbitratus</strong></span> <span class='ocrx_word' id='word_1_664' title='bbox 755 4688 1014 4753; x_wconf 89' lang='lat' dir='ltr'><strong>divitias.</strong></span> <span class='ocrx_word' id='word_1_665' title='bbox 1076 4714 1102 4745; x_wconf 76' lang='grc' dir='ltr'>ι)</span> <span class='ocrx_word' id='word_1_666' title='bbox 1166 4690 1295 4753; x_wconf 86' lang='grc' dir='ltr'>Νοη</span> <span class='ocrx_word' id='word_1_667' title='bbox 1350 4688 1549 4753; x_wconf 85' lang='lat' dir='ltr'><strong>dixit:</strong></span> <span class='ocrx_word' id='word_1_668' title='bbox 1612 4690 1872 4770; x_wconf 77' lang='lat' dir='ltr'><strong>Majores</strong></span> <span class='ocrx_word' id='word_1_669' title='bbox 1936 4688 2042 4751; x_wconf 87' lang='lat' dir='ltr'><strong>du-</strong></span> 
     </span>
    </p>
   </div>
   <div class='ocr_carea' id='block_1_96' title="bbox 378 4777 2039 4860">
    <p class='ocr_par' dir='ltr' id='par_1_96' title="bbox 378 4777 2039 4860">
     <span class='ocr_line' id='line_1_96' title="bbox 378 4777 2039 4860; baseline -0.001 -18"><span class='ocrx_word' id='word_1_670' title='bbox 378 4780 464 4842; x_wconf 80' lang='lat' dir='ltr'><strong>xit</strong></span> <span class='ocrx_word' id='word_1_671' title='bbox 493 4778 726 4841; x_wconf 84' lang='lat' dir='ltr'><strong>divitias</strong></span> <span class='ocrx_word' id='word_1_672' title='bbox 749 4797 922 4858; x_wconf 90' lang='lat' dir='ltr'><strong>quam</strong></span> <span class='ocrx_word' id='word_1_673' title='bbox 944 4779 1255 4841; x_wconf 88' lang='lat' dir='ltr'><strong>thesauros</strong></span> <span class='ocrx_word' id='word_1_674' title='bbox 1293 4777 1699 4859; x_wconf 68' lang='lat' dir='ltr'><strong>Egyptiorum</strong></span> <span class='ocrx_word' id='word_1_675' title='bbox 1725 4778 1876 4839; x_wconf 91' lang='lat' dir='ltr'><strong>bona</strong></span> <span class='ocrx_word' id='word_1_676' title='bbox 1910 4798 2039 4860; x_wconf 72' lang='lat' dir='ltr'><strong>quae</strong></span> 
     </span>
    </p>
   </div>
   <div class='ocr_carea' id='block_1_97' title="bbox 377 4865 2040 4949">
    <p class='ocr_par' dir='ltr' id='par_1_97' title="bbox 377 4865 2040 4949">
     <span class='ocr_line' id='line_1_97' title="bbox 377 4865 2040 4949; baseline -0.001 -19"><span class='ocrx_word' id='word_1_677' title='bbox 377 4868 437 4930; x_wconf 89' lang='lat' dir='ltr'><strong>in</strong></span> <span class='ocrx_word' id='word_1_678' title='bbox 470 4867 636 4931; x_wconf 68' lang='lat' dir='ltr'><strong>caelis</strong></span> <span class='ocrx_word' id='word_1_679' title='bbox 693 4871 957 4949; x_wconf 90' lang='lat' dir='ltr'><strong>reposita</strong></span> <span class='ocrx_word' id='word_1_680' title='bbox 1015 4874 1176 4944; x_wconf 90' lang='lat' dir='ltr'><strong>sunt,</strong></span> <span class='ocrx_word' id='word_1_681' title='bbox 1242 4866 1349 4929; x_wconf 86' lang='lat' dir='ltr'><strong>sed</strong></span> <span class='ocrx_word' id='word_1_682' title='bbox 1403 4865 1593 4946; x_wconf 84' lang='lat' dir='ltr'><strong>magis</strong></span> <span class='ocrx_word' id='word_1_683' title='bbox 1623 4866 2040 4929; x_wconf 90' lang='lat' dir='ltr'><strong>demonstrans</strong></span> 
     </span>
    </p>
   </div>
   <div class='ocr_carea' id='block_1_98' title="bbox 376 4956 2035 5039">
    <p class='ocr_par' dir='ltr' id='par_1_98' title="bbox 376 4956 2035 5039">
     <span class='ocr_line' id='line_1_98' title="bbox 376 4956 2035 5039; baseline -0.001 -20"><span class='ocrx_word' id='word_1_684' title='bbox 376 4958 564 5039; x_wconf 91' lang='lat' dir='ltr'><strong>ipsius</strong></span> <span class='ocrx_word' id='word_1_685' title='bbox 590 4959 889 5034; x_wconf 89' lang='lat' dir='ltr'><strong>virtutem,</strong></span> <span class='ocrx_word' id='word_1_686' title='bbox 924 4957 1044 5022; x_wconf 89' lang='lat' dir='ltr'><strong>ait:</strong></span> <span class='ocrx_word' id='word_1_687' title='bbox 1085 4983 1105 5013; x_wconf 77' lang='grc' dir='ltr'><strong>ι</strong></span> <span class='ocrx_word' id='word_1_688' title='bbox 1147 4956 1435 5019; x_wconf 90' lang='lat' dir='ltr'><strong>Probrum</strong></span> <span class='ocrx_word' id='word_1_689' title='bbox 1463 4956 1742 5038; x_wconf 64' lang='lat' dir='ltr'><strong>Christi,»</strong></span> <span class='ocrx_word' id='word_1_690' title='bbox 1784 4956 1895 5023; x_wconf 88' lang='lat' dir='ltr'><strong>hoc</strong></span> <span class='ocrx_word' id='word_1_691' title='bbox 1927 4965 2035 5032; x_wconf 89' lang='lat' dir='ltr'><strong>est,</strong></span> 
     </span>
    </p>
   </div>
   <div class='ocr_carea' id='block_1_99' title="bbox 381 5045 2039 5127">
    <p class='ocr_par' dir='ltr' id='par_1_99' title="bbox 381 5045 2039 5127">
     <span class='ocr_line' id='line_1_99' title="bbox 381 5045 2039 5127; baseline -0.001 -18"><span class='ocrx_word' id='word_1_692' title='bbox 381 5047 600 5127; x_wconf 86' lang='lat' dir='ltr'><strong>probro</strong></span> <span class='ocrx_word' id='word_1_693' title='bbox 657 5047 810 5110; x_wconf 85' lang='lat' dir='ltr'><strong>afﬁci</strong></span> <span class='ocrx_word' id='word_1_694' title='bbox 869 5048 1025 5111; x_wconf 91' lang='lat' dir='ltr'><strong>sicut</strong></span> <span class='ocrx_word' id='word_1_695' title='bbox 1083 5046 1372 5112; x_wconf 88' lang='lat' dir='ltr'><strong>Christus.</strong></span> <span class='ocrx_word' id='word_1_696' title='bbox 1443 5072 1469 5101; x_wconf 75' lang='grc' dir='ltr'><strong>α</strong></span> <span class='ocrx_word' id='word_1_697' title='bbox 1528 5045 1671 5119; x_wconf 88' lang='lat' dir='ltr'><strong>Quis</strong></span> <span class='ocrx_word' id='word_1_698' title='bbox 1727 5063 1925 5107; x_wconf 86' lang='lat' dir='ltr'><strong>au&#39;em</strong></span> <span class='ocrx_word' id='word_1_699' title='bbox 1984 5055 2039 5108; x_wconf 93' lang='lat' dir='ltr'><strong>te</strong></span> 
     </span>
    </p>
   </div>
   <div class='ocr_carea' id='block_1_100' title="bbox 378 5136 2033 5220">
    <p class='ocr_par' dir='ltr' id='par_1_100' title="bbox 378 5136 2033 5220">
     <span class='ocr_line' id='line_1_100' title="bbox 378 5136 2033 5220; baseline -0.002 -21"><span class='ocrx_word' id='word_1_700' title='bbox 378 5138 683 5200; x_wconf 89' lang='lat' dir='ltr'><strong>constituit</strong></span> <span class='ocrx_word' id='word_1_701' title='bbox 732 5138 1088 5220; x_wconf 86' lang='lat' dir='ltr'><strong>principem,</strong></span> <span class='ocrx_word' id='word_1_702' title='bbox 1144 5138 1444 5220; x_wconf 87' lang='lat' dir='ltr'><strong>inquiunt,</strong></span> <span class='ocrx_word' id='word_1_703' title='bbox 1499 5156 1682 5219; x_wconf 91' lang='lat' dir='ltr'><strong>super</strong></span> <span class='ocrx_word' id='word_1_704' title='bbox 1729 5156 1836 5199; x_wconf 92' lang='lat' dir='ltr'><strong>nos</strong></span> <span class='ocrx_word' id='word_1_705' title='bbox 1865 5136 1973 5199; x_wconf 66' lang='lat'><strong>6&quot;!</strong></span> <span class='ocrx_word' id='word_1_706' title='bbox 2010 5162 2033 5193; x_wconf 83' lang='lat'><strong>»</strong></span> 
     </span>
    </p>
   </div>
   <div class='ocr_carea' id='block_1_101' title="bbox 381 5224 2038 5307">
    <p class='ocr_par' dir='ltr' id='par_1_101' title="bbox 381 5224 2038 5307">
     <span class='ocr_line' id='line_1_101' title="bbox 381 5224 2038 5307; baseline -0.001 -19"><span class='ocrx_word' id='word_1_707' title='bbox 381 5224 526 5288; x_wconf 91' lang='lat' dir='ltr'><strong>Nam</strong></span> <span class='ocrx_word' id='word_1_708' title='bbox 559 5234 617 5289; x_wconf 90' lang='lat' dir='ltr'><strong>et</strong></span> <span class='ocrx_word' id='word_1_709' title='bbox 644 5227 757 5288; x_wconf 89' lang='lat' dir='ltr'><strong>hoc</strong></span> <span class='ocrx_word' id='word_1_710' title='bbox 775 5226 1045 5290; x_wconf 90' lang='lat' dir='ltr'><strong>Christus</strong></span> <span class='ocrx_word' id='word_1_711' title='bbox 1068 5228 1325 5291; x_wconf 85' lang='lat' dir='ltr'><strong>audivit:</strong></span> <span class='ocrx_word' id='word_1_712' title='bbox 1366 5252 1394 5283; x_wconf 70' lang='grc' dir='ltr'><strong>α</strong></span> <span class='ocrx_word' id='word_1_713' title='bbox 1431 5230 1541 5288; x_wconf 87' lang='lat' dir='ltr'><strong>Per</strong></span> <span class='ocrx_word' id='word_1_714' title='bbox 1569 5243 1742 5307; x_wconf 87' lang='lat' dir='ltr'><strong>quam</strong></span> <span class='ocrx_word' id='word_1_715' title='bbox 1775 5234 2038 5306; x_wconf 88' lang='lat' dir='ltr'><strong>potesta-</strong></span> 
     </span>
    </p>
   </div>
   <div class='ocr_carea' id='block_1_102' title="bbox 376 5314 2034 5396">
    <p class='ocr_par' dir='ltr' id='par_1_102' title="bbox 376 5314 2034 5396">
     <span class='ocr_line' id='line_1_102' title="bbox 376 5314 2034 5396; baseline -0.001 -19"><span class='ocrx_word' id='word_1_716' title='bbox 376 5322 496 5377; x_wconf 89' lang='lat' dir='ltr'><strong>tem</strong></span> <span class='ocrx_word' id='word_1_717' title='bbox 526 5315 651 5376; x_wconf 73' lang='lat' dir='ltr'><strong>haec</strong></span> <span class='ocrx_word' id='word_1_718' title='bbox 674 5314 817 5377; x_wconf 77' lang='lat' dir='ltr'><strong>iacis</strong></span> <span class='ocrx_word' id='word_1_719' title='bbox 836 5315 1087 5380; x_wconf 64' lang='grc' dir='ltr'>θεῗοΑιιῑ</span> <span class='ocrx_word' id='word_1_720' title='bbox 1130 5317 1349 5395; x_wconf 70' lang='lat' dir='ltr'><strong>probro</strong></span> <span class='ocrx_word' id='word_1_721' title='bbox 1394 5315 1548 5377; x_wconf 86' lang='lat' dir='ltr'><strong>afﬁci</strong></span> <span class='ocrx_word' id='word_1_722' title='bbox 1585 5325 1827 5396; x_wconf 89' lang='lat' dir='ltr'><strong>propter</strong></span> <span class='ocrx_word' id='word_1_723' title='bbox 1858 5315 2034 5379; x_wconf 86' lang='lat' dir='ltr'><strong>Chri-</strong></span> 
     </span>
    </p>
   </div>
   <div class='ocr_carea' id='block_1_103' title="bbox 374 5402 2037 5486">
    <p class='ocr_par' dir='ltr' id='par_1_103' title="bbox 374 5402 2037 5486">
     <span class='ocr_line' id='line_1_103' title="bbox 374 5402 2037 5486; baseline 0.001 -21"><span class='ocrx_word' id='word_1_724' title='bbox 374 5412 550 5465; x_wconf 91' lang='lat' dir='ltr'><strong>stum.</strong></span> <span class='ocrx_word' id='word_1_725' title='bbox 594 5429 617 5459; x_wconf 83' lang='grc' dir='ltr'>α</span> <span class='ocrx_word' id='word_1_726' title='bbox 650 5402 795 5465; x_wconf 90' lang='lat' dir='ltr'><strong>Nam</strong></span> <span class='ocrx_word' id='word_1_727' title='bbox 828 5412 993 5486; x_wconf 90' lang='lat' dir='ltr'><strong>petra</strong></span> <span class='ocrx_word' id='word_1_728' title='bbox 1020 5413 1148 5466; x_wconf 84' lang='lat' dir='ltr'><strong>erat</strong></span> <span class='ocrx_word' id='word_1_729' title='bbox 1201 5406 1474 5467; x_wconf 86' lang='lat' dir='ltr'><strong>Christus</strong></span> <span class='ocrx_word' id='word_1_730' title='bbox 1506 5404 1608 5479; x_wconf 77' lang='lat'><strong>63;</strong></span> <span class='ocrx_word' id='word_1_731' title='bbox 1649 5431 1671 5460; x_wconf 69' lang='grc' dir='ltr'><strong>η</strong></span> <span class='ocrx_word' id='word_1_732' title='bbox 1711 5405 1808 5466; x_wconf 90' lang='lat' dir='ltr'><strong>hic</strong></span> <span class='ocrx_word' id='word_1_733' title='bbox 1838 5413 2037 5467; x_wconf 87' lang='lat' dir='ltr'><strong>autem</strong></span> 
     </span>
    </p>
   </div>
   <div class='ocr_carea' id='block_1_104' title="bbox 378 5495 2033 5579">
    <p class='ocr_par' dir='ltr' id='par_1_104' title="bbox 378 5495 2033 5579">
     <span class='ocr_line' id='line_1_104' title="bbox 378 5495 2033 5579; baseline 0.001 -22"><span class='ocrx_word' id='word_1_734' title='bbox 378 5514 486 5576; x_wconf 90' lang='lat' dir='ltr'><strong>pro</strong></span> <span class='ocrx_word' id='word_1_735' title='bbox 518 5502 685 5578; x_wconf 91' lang='lat' dir='ltr'><strong>petra</strong></span> <span class='ocrx_word' id='word_1_736' title='bbox 715 5495 838 5572; x_wconf 90' lang='lat' dir='ltr'><strong>illa,</strong></span> <span class='ocrx_word' id='word_1_737' title='bbox 895 5504 951 5558; x_wconf 87' lang='lat' dir='ltr'><strong>et</strong></span> <span class='ocrx_word' id='word_1_738' title='bbox 1007 5498 1162 5578; x_wconf 90' lang='lat' dir='ltr'><strong>quod</strong></span> <span class='ocrx_word' id='word_1_739' title='bbox 1217 5496 1449 5559; x_wconf 89' lang='lat' dir='ltr'><strong>dederit</strong></span> <span class='ocrx_word' id='word_1_740' title='bbox 1500 5516 1569 5560; x_wconf 83' lang='lat' dir='ltr'><strong>ex</strong></span> <span class='ocrx_word' id='word_1_741' title='bbox 1602 5517 1673 5559; x_wconf 86' lang='lat' dir='ltr'><strong>ea</strong></span> <span class='ocrx_word' id='word_1_742' title='bbox 1704 5516 1916 5579; x_wconf 84' lang='lat' dir='ltr'><strong>aquam</strong></span> <span class='ocrx_word' id='word_1_743' title='bbox 1948 5497 2033 5576; x_wconf 66' lang='grc' dir='ltr'><strong>δι,</strong></span> 
     </span>
    </p>
   </div>
   <div class='ocr_carea' id='block_1_105' title="bbox 2123 4510 3786 4588">
    <p class='ocr_par' dir='ltr' id='par_1_105' title="bbox 2123 4510 3786 4588">
     <span class='ocr_line' id='line_1_105' title="bbox 2123 4510 3786 4588; baseline -0.002 -17"><span class='ocrx_word' id='word_1_744' title='bbox 2123 4522 2215 4572; x_wconf 70' lang='grc' dir='ltr'><strong>τοῦ</strong></span> <span class='ocrx_word' id='word_1_745' title='bbox 2272 4513 2425 4575; x_wconf 79' lang='grc' dir='ltr'><strong>Θεοῦ.</strong></span> <span class='ocrx_word' id='word_1_746' title='bbox 2496 4535 2517 4567; x_wconf 72' lang='grc' dir='ltr'><strong>ι</strong></span> <span class='ocrx_word' id='word_1_747' title='bbox 2585 4511 2811 4583; x_wconf 80' lang='grc' dir='ltr'>Μείζονα</span> <span class='ocrx_word' id='word_1_748' title='bbox 2871 4510 3103 4571; x_wconf 78' lang='grc' dir='ltr'>πλοῦτον</span> <span class='ocrx_word' id='word_1_749' title='bbox 3180 4511 3550 4588; x_wconf 75' lang='grc' dir='ltr'>ἡγησάμενος.</span> <span class='ocrx_word' id='word_1_750' title='bbox 3586 4533 3614 4565; x_wconf 68' lang='grc' dir='ltr'><strong><em>ι</em></strong></span> <span class='ocrx_word' id='word_1_751' title='bbox 3673 4514 3786 4570; x_wconf 71' lang='grc' dir='ltr'>Οὔκ</span> 
     </span>
    </p>
   </div>
   <div class='ocr_carea' id='block_1_106' title="bbox 2123 4599 3784 4679">
    <p class='ocr_par' dir='ltr' id='par_1_106' title="bbox 2123 4599 3784 4679">
     <span class='ocr_line' id='line_1_106' title="bbox 2123 4599 3784 4679; baseline -0.004 -18"><span class='ocrx_word' id='word_1_752' title='bbox 2123 4605 2249 4661; x_wconf 76' lang='grc' dir='ltr'>εἶπε</span> <span class='ocrx_word' id='word_1_753' title='bbox 2285 4621 2299 4636; x_wconf 78' lang='grc'><strong>⁸</strong></span> <span class='ocrx_word' id='word_1_754' title='bbox 2332 4602 2556 4674; x_wconf 81' lang='grc' dir='ltr'>Μείζονα</span> <span class='ocrx_word' id='word_1_755' title='bbox 2588 4599 2815 4658; x_wconf 78' lang='grc' dir='ltr'>πλοῦτον</span> <span class='ocrx_word' id='word_1_756' title='bbox 2872 4600 3117 4679; x_wconf 72' lang='grc' dir='ltr'>ἡγήσατο</span> <span class='ocrx_word' id='word_1_757' title='bbox 3186 4606 3293 4655; x_wconf 81' lang='grc' dir='ltr'><strong>τῶν</strong></span> <span class='ocrx_word' id='word_1_758' title='bbox 3324 4602 3381 4656; x_wconf 72' lang='grc' dir='ltr'>ὲν</span> <span class='ocrx_word' id='word_1_759' title='bbox 3408 4600 3653 4679; x_wconf 75' lang='grc' dir='ltr'>Αἰγύπτῳ</span> <span class='ocrx_word' id='word_1_760' title='bbox 3680 4601 3784 4668; x_wconf 88' lang='grc' dir='ltr'>θη-</span> 
     </span>
    </p>
   </div>
   <div class='ocr_carea' id='block_1_107' title="bbox 2123 4687 3789 4773">
    <p class='ocr_par' dir='ltr' id='par_1_107' title="bbox 2123 4687 3789 4773">
     <span class='ocr_line' id='line_1_107' title="bbox 2123 4687 3789 4773; baseline -0.004 -21"><span class='ocrx_word' id='word_1_761' title='bbox 2123 4699 2327 4773; x_wconf 78' lang='grc' dir='ltr'>σαυρῶν</span> <span class='ocrx_word' id='word_1_762' title='bbox 2380 4692 2446 4748; x_wconf 83' lang='grc' dir='ltr'>τὰ</span> <span class='ocrx_word' id='word_1_763' title='bbox 2539 4692 2594 4747; x_wconf 65' lang='lat' dir='ltr'><strong>by</strong></span> <span class='ocrx_word' id='word_1_764' title='bbox 2656 4691 2902 4771; x_wconf 71' lang='grc' dir='ltr'>οὐρανοῖς</span> <span class='ocrx_word' id='word_1_765' title='bbox 2956 4689 3282 4766; x_wconf 78' lang='grc' dir='ltr'>ἀποκείμενα</span> <span class='ocrx_word' id='word_1_766' title='bbox 3389 4690 3584 4769; x_wconf 80' lang='grc' dir='ltr'>ἀγαθὰ,</span> <span class='ocrx_word' id='word_1_767' title='bbox 3643 4687 3789 4750; x_wconf 78' lang='grc' dir='ltr'>ἀλλὰ</span> 
     </span>
    </p>
   </div>
   <div class='ocr_carea' id='block_1_108' title="bbox 2121 4778 3789 4858">
    <p class='ocr_par' dir='ltr' id='par_1_108' title="bbox 2121 4778 3789 4858">
     <span class='ocr_line' id='line_1_108' title="bbox 2208 4778 3545 4812; baseline -0.002 -13"><span class='ocrx_word' id='word_1_768' title='bbox 2208 4782 2218 4799; x_wconf 71' lang='grc' dir='ltr'><strong>ι</strong></span> <span class='ocrx_word' id='word_1_769' title='bbox 2392 4802 2403 4812; x_wconf 60' lang='grc'><strong>,</strong></span> <span class='ocrx_word' id='word_1_770' title='bbox 2468 4780 2481 4801; x_wconf 78' lang='grc' dir='ltr'><strong>ι</strong></span> <span class='ocrx_word' id='word_1_771' title='bbox 2643 4780 2658 4801; x_wconf 70' lang='grc' dir='ltr'><strong>ν</strong></span> <span class='ocrx_word' id='word_1_772' title='bbox 2734 4784 2757 4796; x_wconf 77' lang='lat'><strong>-</strong></span> <span class='ocrx_word' id='word_1_773' title='bbox 2829 4779 2842 4797; x_wconf 60' lang='grc' dir='ltr'><strong>κ</strong></span> <span class='ocrx_word' id='word_1_774' title='bbox 3076 4778 3089 4799; x_wconf 63' lang='grc' dir='ltr'><strong>ς</strong></span> <span class='ocrx_word' id='word_1_775' title='bbox 3530 4778 3545 4796; x_wconf 63' lang='grc' dir='ltr'><strong>ς</strong></span> 
     </span>
     <span class='ocr_line' id='line_1_109' title="bbox 2121 4778 3789 4858; baseline -0.003 -18"><span class='ocrx_word' id='word_1_776' title='bbox 2121 4781 2282 4840; x_wconf 86' lang='grc' dir='ltr'>πλεον</span> <span class='ocrx_word' id='word_1_777' title='bbox 2312 4778 2561 4837; x_wconf 70' lang='grc' dir='ltr'>δεικνυων</span> <span class='ocrx_word' id='word_1_778' title='bbox 2604 4800 2762 4836; x_wconf 85' lang='grc' dir='ltr'>αυτου</span> <span class='ocrx_word' id='word_1_779' title='bbox 2790 4800 2887 4847; x_wconf 93' lang='grc' dir='ltr'><strong>την</strong></span> <span class='ocrx_word' id='word_1_780' title='bbox 2941 4778 3159 4858; x_wconf 79' lang='grc' dir='ltr'>ἄριτην,</span> <span class='ocrx_word' id='word_1_781' title='bbox 3219 4778 3370 4854; x_wconf 79' lang='grc' dir='ltr'>εἷπε,</span> <span class='ocrx_word' id='word_1_782' title='bbox 3412 4801 3439 4832; x_wconf 72' lang='grc' dir='ltr'><strong>α</strong></span> <span class='ocrx_word' id='word_1_783' title='bbox 3486 4787 3588 4837; x_wconf 84' lang='grc' dir='ltr'><strong>Τον</strong></span> <span class='ocrx_word' id='word_1_784' title='bbox 3645 4779 3789 4835; x_wconf 80' lang='grc' dir='ltr'>ὁνει-</span> 
     </span>
    </p>
   </div>
   <div class='ocr_carea' id='block_1_109' title="bbox 2121 4864 3787 4949">
    <p class='ocr_par' dir='ltr' id='par_1_109' title="bbox 2121 4864 3787 4949">
     <span class='ocr_line' id='line_1_110' title="bbox 2121 4864 3787 4949; baseline -0.002 -21"><span class='ocrx_word' id='word_1_785' title='bbox 2121 4870 2306 4946; x_wconf 78' lang='grc' dir='ltr'>δισμὸν</span> <span class='ocrx_word' id='word_1_786' title='bbox 2349 4872 2440 4926; x_wconf 72' lang='grc' dir='ltr'><strong>τοῦ</strong></span> <span class='ocrx_word' id='word_1_787' title='bbox 2471 4874 2720 4949; x_wconf 82' lang='grc' dir='ltr'>Χριστοῦ,</span> <span class='ocrx_word' id='word_1_788' title='bbox 2757 4888 2785 4928; x_wconf 72' lang='grc' dir='ltr'><strong><em>ι</em></strong></span> <span class='ocrx_word' id='word_1_789' title='bbox 2834 4867 3096 4941; x_wconf 78' lang='grc' dir='ltr'>τουτέστι,</span> <span class='ocrx_word' id='word_1_790' title='bbox 3156 4868 3217 4923; x_wconf 81' lang='grc' dir='ltr'>τὸ</span> <span class='ocrx_word' id='word_1_791' title='bbox 3264 4864 3597 4939; x_wconf 80' lang='grc' dir='ltr'>ὀνειδίζεσθαι</span> <span class='ocrx_word' id='word_1_792' title='bbox 3648 4868 3723 4930; x_wconf 88' lang='grc' dir='ltr'>ὡς</span> <span class='ocrx_word' id='word_1_793' title='bbox 3756 4869 3787 4924; x_wconf 77' lang='grc' dir='ltr'>ὁ</span> 
     </span>
    </p>
   </div>
   <div class='ocr_carea' id='block_1_110' title="bbox 2122 4954 3785 5039">
    <p class='ocr_par' dir='ltr' id='par_1_110' title="bbox 2122 4954 3785 5039">
     <span class='ocr_line' id='line_1_111' title="bbox 2122 4954 3785 5039; baseline -0.004 -22"><span class='ocrx_word' id='word_1_794' title='bbox 2122 4959 2367 5039; x_wconf 76' lang='grc' dir='ltr'>Χριστός.</span> <span class='ocrx_word' id='word_1_795' title='bbox 2434 4981 2457 5014; x_wconf 81' lang='grc' dir='ltr'><strong>ιι</strong></span> <span class='ocrx_word' id='word_1_796' title='bbox 2519 4957 2607 5021; x_wconf 87' lang='grc' dir='ltr'><strong>Τίς</strong></span> <span class='ocrx_word' id='word_1_797' title='bbox 2660 4978 2718 5012; x_wconf 87' lang='grc' dir='ltr'><strong>σε</strong></span> <span class='ocrx_word' id='word_1_798' title='bbox 2784 4955 3104 5036; x_wconf 82' lang='grc' dir='ltr'>κατέστησε,</span> <span class='ocrx_word' id='word_1_799' title='bbox 3164 4958 3344 5037; x_wconf 74' lang='grc' dir='ltr'>φησὶν,</span> <span class='ocrx_word' id='word_1_800' title='bbox 3406 4954 3640 5037; x_wconf 78' lang='grc' dir='ltr'>ἄρχοντα</span> <span class='ocrx_word' id='word_1_801' title='bbox 3693 4957 3785 5037; x_wconf 66' lang='grc' dir='ltr'><strong>ἔφ’</strong></span> 
     </span>
    </p>
   </div>
   <div class='ocr_carea' id='block_1_111' title="bbox 2122 5042 3784 5129">
    <p class='ocr_par' dir='ltr' id='par_1_111' title="bbox 2122 5042 3784 5129">
     <span class='ocr_line' id='line_1_112' title="bbox 2122 5042 3784 5129; baseline -0.004 -22"><span class='ocrx_word' id='word_1_802' title='bbox 2122 5053 2307 5129; x_wconf 66' lang='grc' dir='ltr'>ἡμᾶς,</span> <span class='ocrx_word' id='word_1_803' title='bbox 2373 5072 2393 5103; x_wconf 72' lang='grc' dir='ltr'><strong>ι</strong></span> <span class='ocrx_word' id='word_1_804' title='bbox 2448 5054 2611 5105; x_wconf 81' lang='grc' dir='ltr'>Τοῦτο</span> <span class='ocrx_word' id='word_1_805' title='bbox 2654 5047 2753 5127; x_wconf 77' lang='grc' dir='ltr'>γὰρ</span> <span class='ocrx_word' id='word_1_806' title='bbox 2804 5047 2894 5103; x_wconf 88' lang='grc' dir='ltr'><strong>καὶ</strong></span> <span class='ocrx_word' id='word_1_807' title='bbox 2962 5046 2991 5101; x_wconf 80' lang='grc' dir='ltr'><strong>ὓ</strong></span> <span class='ocrx_word' id='word_1_808' title='bbox 3051 5046 3273 5129; x_wconf 56' lang='grc' dir='ltr'>Χριστος</span> <span class='ocrx_word' id='word_1_809' title='bbox 3328 5045 3576 5119; x_wconf 72' lang='grc' dir='ltr'>ἤκουσεν,</span> <span class='ocrx_word' id='word_1_810' title='bbox 3629 5066 3652 5101; x_wconf 73' lang='grc' dir='ltr'><strong>ε</strong></span> <span class='ocrx_word' id='word_1_811' title='bbox 3689 5042 3784 5103; x_wconf 84' lang='grc' dir='ltr'>Ἐν</span> 
     </span>
    </p>
   </div>
   <div class='ocr_carea' id='block_1_112' title="bbox 2123 5123 3785 5215">
    <p class='ocr_par' dir='ltr' id='par_1_112' title="bbox 2123 5123 3785 5215">
     <span class='ocr_line' id='line_1_113' title="bbox 2123 5123 3785 5215; baseline -0.003 -20"><span class='ocrx_word' id='word_1_812' title='bbox 2123 5123 2248 5212; x_wconf 78' lang='grc' dir='ltr'>ποίᾳ</span> <span class='ocrx_word' id='word_1_813' title='bbox 2293 5123 2509 5209; x_wconf 48' lang='grc' dir='ltr'>’ἐξουσίᾳ</span> <span class='ocrx_word' id='word_1_814' title='bbox 2563 5123 2736 5194; x_wconf 29' lang='grc' dir='ltr'>ταῦτα*</span> <span class='ocrx_word' id='word_1_815' title='bbox 2808 5147 3033 5215; x_wconf 69' lang='grc' dir='ltr'>ποιεῖς,</span> <span class='ocrx_word' id='word_1_816' title='bbox 3087 5123 3114 5189; x_wconf 55' lang='grc' dir='ltr'><strong>υ</strong></span> <span class='ocrx_word' id='word_1_817' title='bbox 3187 5123 3271 5192; x_wconf 65' lang='grc' dir='ltr'><strong>εἨ</strong></span> <span class='ocrx_word' id='word_1_818' title='bbox 3330 5135 3391 5191; x_wconf 82' lang='grc' dir='ltr'>τὸ</span> <span class='ocrx_word' id='word_1_819' title='bbox 3448 5132 3785 5206; x_wconf 78' lang='grc' dir='ltr'>ὀνειδίζεσθαι</span> 
     </span>
    </p>
   </div>
   <div class='ocr_carea' id='block_1_113' title="bbox 2123 5215 3781 5303">
    <p class='ocr_par' dir='ltr' id='par_1_113' title="bbox 2123 5215 3781 5303">
     <span class='ocr_line' id='line_1_114' title="bbox 2123 5215 3781 5303; baseline -0.003 -18"><span class='ocrx_word' id='word_1_820' title='bbox 2123 5228 2207 5285; x_wconf 81' lang='grc' dir='ltr'>διὰ</span> <span class='ocrx_word' id='word_1_821' title='bbox 2236 5229 2325 5284; x_wconf 83' lang='grc' dir='ltr'>τὸν</span> <span class='ocrx_word' id='word_1_822' title='bbox 2368 5224 2620 5301; x_wconf 79' lang='grc' dir='ltr'>Χριστόν.</span> <span class='ocrx_word' id='word_1_823' title='bbox 2674 5247 2702 5279; x_wconf 73' lang='grc' dir='ltr'>ι</span> <span class='ocrx_word' id='word_1_824' title='bbox 2736 5215 2801 5281; x_wconf 70' lang='grc' dir='ltr'><strong>Ἠ</strong></span> <span class='ocrx_word' id='word_1_825' title='bbox 2859 5224 2959 5303; x_wconf 78' lang='grc' dir='ltr'><strong>γὰρ</strong></span> <span class='ocrx_word' id='word_1_826' title='bbox 3017 5222 3185 5303; x_wconf 81' lang='grc' dir='ltr'>πέτρα</span> <span class='ocrx_word' id='word_1_827' title='bbox 3247 5222 3316 5291; x_wconf 74' lang='grc' dir='ltr'><strong>ἦν</strong></span> <span class='ocrx_word' id='word_1_828' title='bbox 3375 5226 3403 5280; x_wconf 84' lang='grc' dir='ltr'><strong>δ</strong></span> <span class='ocrx_word' id='word_1_829' title='bbox 3461 5223 3712 5303; x_wconf 83' lang='grc' dir='ltr'>Χριστὸς.</span> <span class='ocrx_word' id='word_1_830' title='bbox 3750 5246 3781 5280; x_wconf 73' lang='grc' dir='ltr'><strong><em>ι</em></strong></span> 
     </span>
    </p>
   </div>
   <div class='ocr_carea' id='block_1_114' title="bbox 2121 5309 3785 5393">
    <p class='ocr_par' dir='ltr' id='par_1_114' title="bbox 2121 5309 3785 5393">
     <span class='ocr_line' id='line_1_115' title="bbox 2121 5309 3785 5393; baseline -0.004 -17"><span class='ocrx_word' id='word_1_831' title='bbox 2121 5319 2284 5382; x_wconf 74' lang='grc' dir='ltr'>Οὗτος</span> <span class='ocrx_word' id='word_1_832' title='bbox 2348 5314 2402 5372; x_wconf 72' lang='grc' dir='ltr'>δὲ</span> <span class='ocrx_word' id='word_1_833' title='bbox 2458 5316 2588 5393; x_wconf 74' lang='grc' dir='ltr'>ὑπὲρ</span> <span class='ocrx_word' id='word_1_834' title='bbox 2632 5313 2728 5383; x_wconf 75' lang='grc' dir='ltr'>τῆς</span> <span class='ocrx_word' id='word_1_835' title='bbox 2773 5313 2968 5393; x_wconf 75' lang='grc' dir='ltr'>πέτρας</span> <span class='ocrx_word' id='word_1_836' title='bbox 3038 5314 3250 5381; x_wconf 75' lang='grc' dir='ltr'>ἒκείνης</span> <span class='ocrx_word' id='word_1_837' title='bbox 3324 5315 3410 5370; x_wconf 84' lang='grc' dir='ltr'><strong>καὶ</strong></span> <span class='ocrx_word' id='word_1_838' title='bbox 3457 5319 3548 5370; x_wconf 78' lang='grc' dir='ltr'><strong>τοῦ</strong></span> <span class='ocrx_word' id='word_1_839' title='bbox 3603 5309 3785 5371; x_wconf 79' lang='grc' dir='ltr'>δοῦναι</span> 
     </span>
    </p>
   </div>
   <div class='ocr_carea' id='block_1_115' title="bbox 2120 5399 3787 5483">
    <p class='ocr_par' dir='ltr' id='par_1_115' title="bbox 2120 5399 3787 5483">
     <span class='ocr_line' id='line_1_116' title="bbox 2120 5399 3787 5483; baseline -0.003 -19"><span class='ocrx_word' id='word_1_840' title='bbox 2120 5407 2172 5473; x_wconf 78' lang='grc' dir='ltr'><strong>ἐξ</strong></span> <span class='ocrx_word' id='word_1_841' title='bbox 2202 5408 2365 5474; x_wconf 70' lang='grc' dir='ltr'>αὐτῆς</span> <span class='ocrx_word' id='word_1_842' title='bbox 2412 5405 2472 5461; x_wconf 87' lang='grc' dir='ltr'>τὸ</span> <span class='ocrx_word' id='word_1_843' title='bbox 2497 5402 2653 5483; x_wconf 75' lang='grc' dir='ltr'>ὕδωρ,</span> <span class='ocrx_word' id='word_1_844' title='bbox 2714 5401 2890 5460; x_wconf 83' lang='grc' dir='ltr'>πολλὰ</span> <span class='ocrx_word' id='word_1_845' title='bbox 2954 5400 3267 5483; x_wconf 73' lang='grc' dir='ltr'>ἐλοιδορήθη</span> <span class='ocrx_word' id='word_1_846' title='bbox 3324 5403 3426 5459; x_wconf 76' lang='grc' dir='ltr'>ὑπὸ</span> <span class='ocrx_word' id='word_1_847' title='bbox 3486 5407 3593 5458; x_wconf 85' lang='grc' dir='ltr'><strong>τῶν</strong></span> <span class='ocrx_word' id='word_1_848' title='bbox 3640 5399 3787 5459; x_wconf 85' lang='grc' dir='ltr'>Ἰου-</span> 
     </span>
    </p>
   </div>
   <div class='ocr_carea' id='block_1_116' title="bbox 2120 5488 3787 5570">
    <p class='ocr_par' dir='ltr' id='par_1_116' title="bbox 2120 5488 3787 5570">
     <span class='ocr_line' id='line_1_117' title="bbox 2120 5488 3787 5570; baseline -0.002 -18"><span class='ocrx_word' id='word_1_849' title='bbox 2120 5495 2300 5557; x_wconf 85' lang='grc' dir='ltr'>δαίων,</span> <span class='ocrx_word' id='word_1_850' title='bbox 2342 5517 2368 5549; x_wconf 75' lang='grc' dir='ltr'><strong>α</strong></span> <span class='ocrx_word' id='word_1_851' title='bbox 2405 5494 2506 5552; x_wconf 82' lang='grc' dir='ltr'>Τὸν</span> <span class='ocrx_word' id='word_1_852' title='bbox 2533 5488 2830 5568; x_wconf 83' lang='grc' dir='ltr'>ὀνειδισμὸν</span> <span class='ocrx_word' id='word_1_853' title='bbox 2861 5497 2956 5548; x_wconf 79' lang='grc' dir='ltr'>τοῦ</span> <span class='ocrx_word' id='word_1_854' title='bbox 3007 5498 3259 5570; x_wconf 78' lang='grc' dir='ltr'>Χριστοῦ.</span> <span class='ocrx_word' id='word_1_855' title='bbox 3298 5514 3319 5546; x_wconf 74' lang='grc' dir='ltr'><strong>ι</strong></span> <span class='ocrx_word' id='word_1_856' title='bbox 3383 5493 3444 5551; x_wconf 89' lang='grc' dir='ltr'>Τί</span> <span class='ocrx_word' id='word_1_857' title='bbox 3511 5492 3644 5565; x_wconf 65' lang='grc' dir='ltr'>ἐστι,</span> <span class='ocrx_word' id='word_1_858' title='bbox 3680 5491 3787 5550; x_wconf 78' lang='grc' dir='ltr'><strong>Τὸν</strong></span> 
     </span>
    </p>
   </div>
   <div class='ocr_carea' id='block_1_117' title="bbox 449 5657 2039 5743">
    <p class='ocr_par' dir='ltr' id='par_1_117' title="bbox 449 5664 2038 5743">
     <span class='ocr_line' id='line_1_118' title="bbox 449 5664 2038 5743; baseline -0.002 -11"><span class='ocrx_word' id='word_1_859' title='bbox 449 5665 513 5717; x_wconf 78' lang='grc'><strong>60</strong></span> <span class='ocrx_word' id='word_1_860' title='bbox 546 5664 695 5732; x_wconf 88' lang='lat' dir='ltr'><strong>Gen.</strong></span> <span class='ocrx_word' id='word_1_861' title='bbox 729 5669 910 5730; x_wconf 69' lang='lat' dir='ltr'><strong>xnvu‘</strong></span> <span class='ocrx_word' id='word_1_862' title='bbox 943 5666 1023 5731; x_wconf 66' lang='grc'><strong>29</strong></span> <span class='ocrx_word' id='word_1_863' title='bbox 1051 5667 1156 5729; x_wconf 82' lang='lat' dir='ltr'><strong>3t.</strong></span> <span class='ocrx_word' id='word_1_864' title='bbox 1199 5664 1254 5715; x_wconf 79' lang='grc' dir='ltr'>ϐί</span> <span class='ocrx_word' id='word_1_865' title='bbox 1288 5666 1454 5729; x_wconf 80' lang='lat' dir='ltr'><strong>Exod</strong></span> <span class='ocrx_word' id='word_1_866' title='bbox 1514 5683 1577 5743; x_wconf 84' lang='grc' dir='ltr'><strong>ιι,</strong></span> <span class='ocrx_word' id='word_1_867' title='bbox 1612 5667 1712 5730; x_wconf 77' lang='grc'><strong>14.</strong></span> <span class='ocrx_word' id='word_1_868' title='bbox 1765 5666 1825 5717; x_wconf 64' lang='grc'><strong>6³</strong></span> <span class='ocrx_word' id='word_1_869' title='bbox 1859 5669 2038 5732; x_wconf 82' lang='lat' dir='ltr'><strong>Matth</strong></span> 
     </span>
    </p>
   </div>
   <div class='ocr_carea' id='block_1_118' title="bbox 2127 5657 3658 5743">
    <p class='ocr_par' dir='ltr' id='par_1_118' title="bbox 2127 5657 3658 5743">
     <span class='ocr_line' id='line_1_119' title="bbox 2127 5657 3658 5743; baseline -0.006 -12"><span class='ocrx_word' id='word_1_870' title='bbox 2127 5681 2223 5743; x_wconf 78' lang='lat' dir='ltr'><strong>LXI,</strong></span> <span class='ocrx_word' id='word_1_871' title='bbox 2255 5664 2356 5726; x_wconf 72' lang='grc'><strong>23.</strong></span> <span class='ocrx_word' id='word_1_872' title='bbox 2402 5661 2467 5713; x_wconf 74' lang='grc'><strong>6³</strong></span> <span class='ocrx_word' id='word_1_873' title='bbox 2492 5660 2517 5725; x_wconf 96' lang='lat' dir='ltr'><strong>I</strong></span> <span class='ocrx_word' id='word_1_874' title='bbox 2547 5661 2683 5725; x_wconf 90' lang='lat' dir='ltr'><strong>Cor.</strong></span> <span class='ocrx_word' id='word_1_875' title='bbox 2716 5678 2779 5743; x_wconf 87' lang='lat' dir='ltr'><strong>x,</strong></span> <span class='ocrx_word' id='word_1_876' title='bbox 2809 5663 2869 5723; x_wconf 81' lang='grc'><strong>4.</strong></span> <span class='ocrx_word' id='word_1_877' title='bbox 2912 5658 2980 5711; x_wconf 73' lang='grc' dir='ltr'><strong>ϐι</strong></span> <span class='ocrx_word' id='word_1_878' title='bbox 3010 5657 3200 5723; x_wconf 81' lang='lat' dir='ltr'><strong>Exod.</strong></span> <span class='ocrx_word' id='word_1_879' title='bbox 3237 5675 3382 5732; x_wconf 79' lang='lat' dir='ltr'><strong>xvn.</strong></span> <span class='ocrx_word' id='word_1_880' title='bbox 3416 5661 3445 5723; x_wconf 84' lang='grc'><strong>1</strong></span> <span class='ocrx_word' id='word_1_881' title='bbox 3484 5677 3658 5740; x_wconf 89' lang='lat' dir='ltr'><strong>seqq.</strong></span> 
     </span>
    </p>
   </div>
  </div>
