4136 6432
397 407 518 474 419
1515 408 1864 475 (ῈΟΗΜΕΝ
1874 409 1928 471 ΙΙ
1975 411 1998 474 'l

2088 397 2273 475 [CCIE
2308 402 2648 476 EPISCOPI
3665 393 3784 465 420

393 547 778 611 crediderunt
798 566 866 611 se
894 547 1348 628 transituros,ac
1376 547 1758 610 transierunt.
1796 545 1998 608 Tantui

2088 546 2429 623 ὶΑἰγύτι-τιοι.
2467 570 2495 601 ι
2576 536 2743 610 ’Ἱσως
2813 546 2913 625 γὰρ
2953 543 3206 601 ὑπενόουν
3265 541 3431 610 αὐτὴν
3487 545 3590 622 γῆν
3640 539 3783 596 εἷναι

395 637 545 699 valet
577 637 747 710 ﬁdes,
782 644 847 699 ut
876 656 1006 719 quae
1064 638 1241 701 etiam
1271 636 1667 718 impossibilia
1707 643 1846 697 sunt
1877 634 1998 697 faci:

2132 637 2219 692 καὶ
2290 634 2569 716 ἐπείρασαν
2625 637 2713 693 καὶ
2770 636 2915 693 αὐτοὶ
2970 632 3277 710 παρελθεῖν,
3335 630 3456 689 ἀλλ’
3511 632 3547 699 ἡ
3618 633 3789 689 αὐτῶν

388 725 717 808 possibilia.
756 748 781 785 α
819 724 988 799 Quod
1013 725 1803 807 cumtentassentEgyptii.
1834 750 1859 781 ι
1896 724 1998 787 Foi

2132 722 2394 805 ἀπώλεια,
2469 723 2656 791 ἔδειξεν
2713 734 2871 784 οὖσαν
2947 722 3214 781 θάλασσαν
3269 720 3505 797 ἀληθῶς,
3568 720 3657 777 καὶ
3726 720 3787 776 ού

389 815 562 878 tassis
594 816 754 878 enim
811 815 1271 897 suspicabantur
1325 833 1491 879 mare
1548 833 1680 877 esse
1710 821 1998 889 terram,:

2132 815 2417 892 φαντασίαν
2474 815 2613 873 τινά.
2696 822 2784 889 Τῷ
2843 813 2941 890 μὲν
3016 814 3116 893 γὰρ
3202 810 3417 891 Ἰσραὴλ
3486 811 3631 889 παρὰ
3686 811 3788 877 τὴν

388 912 766 969 tentaverunt
793 904 910 986 ipsi
939 922 1181 987 quoque
1206 904 1601 986 pertransire,
1630 903 1738 966 sed
1772 902 1998 964 interit:

2133 903 2327 959 οἰκείαν
2388 904 2540 984 φύσιν
2595 908 2904 985 σχισθεϊσα,
2975 904 3035 960 τὸ
3104 903 3340 975 πεζεύειν
3423 897 3610 976 ἐδίδου,
3664 898 3785 961 τοὺς

383 996 649 1079 ipsorum
687 994 951 1058 ostendit
1006 995 1165 1076 quod
1225 1013 1371 1056 vere
1426 1001 1590 1057 esset
1615 1010 1802 1066 mare,
1837 1005 1897 1053 et
1927 1010 1998 1052 no

2129 988 2184 1047 δὲ
2254 994 2567 1071 Αἰγυπτίους
2650 995 2787 1052 κατὰ
2865 993 2965 1061 τὴν
3034 994 3230 1051 οἰκείαν
3292 988 3545 1061 ἐπέκλυζε
3601 988 3779 1069 φύσιν,

387 1078 698 1168 phantasia
719 1083 1015 1165 quaedam.
1041 1082 1340 1146 Dilﬁssum
1357 1100 1613 1164 namque
1635 1090 1849 1163 praeter
1876 1098 1998 1142 sua:

2130 1081 2338 1147 Σκοπός
2396 1080 2451 1139 δὲ
2509 1084 2653 1158 αὐτῷ
2719 1082 2787 1151 ἧν
2856 1082 3141 1162 ἐναγαγετν
3190 1080 3376 1168 αὐτοὺς
3433 1081 3507 1144 εἰς
3563 1078 3624 1135 τὸ
3679 1099 3779 1134 πι-

383 1167 656 1238 naturam
688 1192 794 1256 pro
825 1173 1037 1251 Israel,
1062 1172 1123 1235 id
1156 1171 1470 1253 praestabat
1498 1179 1561 1233 ut
1593 1171 1847 1250 pedibus
1875 1171 1998 1233 ince

2126 1170 2324 1227 στεύειν
2366 1185 2489 1235 ταῖς
2519 1169 2837 1247 μελλούσαις
2880 1170 3079 1247 ἐλπίσι,
3121 1171 3210 1227 καὶ
3266 1167 3353 1226 διὰ
3407 1175 3563 1226 τοῦτο
3604 1168 3780 1224 πάντα

384 1265 598 1328 derent
657 1254 706 1322 ί
735 1262 1041 1344 Egyptios
1124 1280 1265 1324 vero
1315 1260 1606 1324 conclusit
1649 1261 1818 1340 juxta
1873 1277 1998 1321 sua:

2124 1260 2214 1316 τὸν
2245 1257 2403 1339 λόγον
2433 1271 2612 1321 τοῦτον
2643 1259 2874 1328 ἐκίνησε,
2914 1284 2940 1317 α
2992 1260 3169 1319 Πίστει
3212 1260 3278 1316 τὰ
3306 1258 3466 1338 τείχη
3497 1254 3770 1337 Ἰεριχώ.»

385 1363 654 1417 naturam
668 1350 921 1433 .Scopus
950 1359 1148 1414 autem
1180 1350 1295 1432 ipsi
1312 1358 1438 1413 erat
1459 1360 1522 1412 ut
1550 1350 1711 1430 ipsos
1730 1348 1998 1410 induceri

2124 1346 2463 1409 Ἐπίστευσαν
2540 1351 2639 1431 γὰρ
2735 1352 2867 1409 αὐτὰ
2948 1346 3392 1424 καταϐάλλεσθαι,
3454 1348 3544 1403 καὶ
3617 1344 3683 1414 δὴ
3741 1346 3777 1413 ἡ

382 1444 456 1508 ad
482 1442 876 1516 credendum,
896 1441 1378 1524 sperandumque
1409 1441 1625 1516 futura,
1662 1446 1838 1520 atque
1872 1436 1947 1499 ob
1979 1437 1998 1498 i

2121 1439 2297 1524 πίστις
2351 1442 2438 1497 καὶ
2491 1442 2558 1498 τὰ
2612 1442 2754 1520 παρὰ
2808 1441 2958 1520 φύσιν
3057 1439 3427 1518 κατώρθωσεν.
3494 1459 3520 1495 ι
3596 1438 3776 1493 Πίστει

382 1551 622 1595 omnem
649 1532 808 1594 hunc
838 1518 1021 1595 movit
1036 1518 1401 1593 sermonem.
1432 1556 1451 1586 ι
1483 1528 1595 1591 Per
1616 1518 1796 1590 ﬁdem
1825 1525 1998 1588 ηιαιηὶ

2125 1518 2287 1586 Ῥαὰϐ
2310 1531 2347 1600 ἦ
2415 1530 2610 1606 πόρνη.
2651 1518 2699 1587 ι.
2750 1518 2961 1597 Ἐκείνη
3018 1531 3118 1609 γὰρ
3185 1529 3453 1587 ἀκούσασα
3495 1532 3601 1584 τῶν
3672 1526 3775 1583 ἆν-

381 1622 647 1685 Jericho.
681 1641 711 1682 ›
749 1619 1144 1683 Crediderunt
1177 1619 1336 1681 enim
1369 1619 1628 1681 futurum
1661 1626 1723 1678 ut
1750 1616 1998 1678 concide

2123 1614 2257 1696 δρῶν
2286 1618 2735 1699 ἀπαγγελλόντων
2766 1618 3036 1677 ἐπίστευσε
3093 1620 3182 1676 καὶ
3234 1616 3520 1685 ὑπεδέξατο
3563 1616 3774 1696 αὐτοὺς,

378 1719 537 1787 rent,
592 1722 652 1772 et
703 1716 867 1772 certe
914 1710 1063 1771 ﬁdes
1092 1708 1266 1771 etiam
1302 1727 1371 1770 ea
1395 1727 1527 1789 quas
1555 1725 1734 1788 supra
1767 1714 1998 1768 natura:

2120 1707 2291 1763 καίτοι
2320 1714 2424 1764 τῶν
2453 1708 2656 1767 λοιπῶν
2685 1708 3114 1776 ἀπιστησάντων,

379 1809 547 1863 erant
576 1799 816 1863 direxit.
858 1822 881 1856 α
914 1802 1029 1862 Per
1059 1798 1236 1861 ﬁdem
1269 1798 1472 1861 Rabab
1524 1801 1824 1859 meretrix.
1868 1820 1893 1851 ››
1956 1793 2262 1876 Siquidem
2319 1814 2456 1858 cum
2483 1796 2751 1862 audisset
2775 1797 3106 1861 referentes
3157 1796 3339 1871 viros,
3373 1793 3632 1858 credidit
3684 1811 3754 1856 ac

376 1888 641 1971 suscepit
668 1908 795 1964 eos,
828 1887 1058 1950 tametsi
1088 1886 1304 1969 reliqui
1335 1895 1647 1949 manerent
1679 1885 1998 1948 increduli.

455 1978 561 2053 XI,
596 1976 817 2042 39-40.
851 1979 932 2040 Et
956 1977 1106 2058 quid
1154 1985 1447 2057 praeterea
1480 1974 1743 2056 loquor?
1776 1975 1998 2054 Deﬁcie

2088 1987 2093 2027 ι
2204 2000 2224 2031 ο
2279 1978 2377 2036 Καὶ
2417 1977 2467 2034 τί
2496 1975 2571 2033 ἔτι
2602 1976 2787 2059 λέγω;
2821 1976 3118 2053 Ἐπιλείψει
3189 1977 3288 2056 γάρ
3345 1997 3412 2051 με
3470 1975 3760 2057 διηγούμε-

374 2072 540 2134 enim
595 2086 688 2130 me
739 2075 979 2148 tempus
1033 2074 1601 2130 commemorantem
1635 2066 1706 2127 de
1738 2065 1998 2127 Gedeona

2121 2086 2207 2122 νον
2237 2069 2265 2123 6
2294 2067 2491 2148 χρόνος
2534 2070 2651 2148 περὶ
2720 2065 2943 2142 Γεδεὼν,
3004 2067 3182 2147 Βαράκ
3235 2087 3293 2123 τε
3370 2066 3465 2122 καὶ
3526 2070 3768 2145 Σαμψών

373 2159 449 2222 de
479 2160 676 2221 Barac
719 2165 775 2219 et
822 2155 1127 2219 Samsone
1183 2163 1238 2219 et
1276 2156 1508 2234 Iephte,
1541 2172 1648 2217 nec
1677 2173 1797 2217 non
1832 2154 1997 2216 Davi

2117 2156 2205 2212 καὶ
2256 2154 2479 2236 nassae,
2542 2154 2709 2213 Δαυίδ
2756 2178 2813 2215 τε
2872 2159 2961 2213 καὶ
3004 2155 3259 2233 Σαμουὴλ
3307 2158 3396 2212 καὶ
3462 2158 3567 2215 τῶν
3627 2180 3767 2236 προ-

372 2254 427 2311 et
450 2246 734 2310 Samuele
753 2263 825 2308 ac
844 2245 1180 2327 prophetis,
1214 2251 1320 2324 qui
1364 2262 1477 2325 per
1494 2245 1679 2325 ﬁdem
1712 2261 1996 2323 expugna

2117 2252 2324 2323 φητῶν,
2388 2248 2440 2302 οἳ
2521 2244 2607 2303 διὰ
2675 2247 2902 2311 πίστεως
2959 2246 3393 2325 κατηγωνίσαντο
3464 2246 3765 2323 βααιλείας,

369 2344 591 2399 verunt
638 2352 848 2415 regna,
901 2336 1141 2415 operati
1191 2341 1332 2397 sunt
1377 2335 1708 2413 justitiam,
1774 2343 1998 2395 assecut

2117 2335 2425 2413 εἰργάσαντο
2548 2334 2905 2410 δικαιοσύνην,
3023 2334 3287 2415 ἐπέτυχον
3402 2334 3761 2417 ἐπαγγελιῶν,

372 2434 513 2487 sunt
557 2427 1006 2506 promissiones,
1047 2423 1423 2487 occluserunt
1476 2441 1587 2486 ora
1623 2424 1890 2498 leonum,
1920 2439 1995 2484 ea:

2114 2420 2336 2503 ἔφραξαν
2456 2424 2695 2501 στόματα
2817 2424 3071 2497 λεόντων,
3200 2422 3420 2482 ἔσϐεσαν
3549 2425 3767 2502 δύναμιν

369 2519 726 2577 ειίηαενιιηι
748 2519 872 2576 vim
902 2515 1085 2595 ignis,
1110 2513 1457 2593 effugerunt
1485 2515 1650 2575 acies
1671 2512 1891 2592 gladii.
1918 2529 1994 2573 va

2113 2514 2297 2592 πυρὸς,
2383 2512 2573 2593 ἔφυγον
2667 2514 2905 2591 στόματα
2991 2516 3282 2594 μαχαίρας,
3372 2511 3769 2591 ἐνεδυναμώθη-

368 2605 483 2666 lidi
526 2605 684 2683 facti
736 2610 881 2667 sunt
937 2621 1015 2666 ea:
1067 2602 1506 2677 imbecillitate,
1541 2603 1735 2681 effecti
1764 2608 1905 2664 sunt
1931 2618 1998 2663 ro

2111 2622 2206 2656 σαν
2263 2600 2367 2659 ἀπὸ
2450 2602 2739 2685 ἀσθενείας,
2818 2603 3145 2682 ἐγενήθησαν
3226 2605 3435 2684 ἰσχυροί
3512 2602 3574 2685 ἐκ
3655 2627 3766 2661 πο-

377 2681 536 2756 busti
556 2696 625 2756 in
646 2692 821 2770 bello,
854 2693 1231 2756 incursiones
1260 2698 1618 2754 averterunt
1646 2696 1998 2753 ea'terorum

2109 2685 2280 2770 λέμῳ,
2370 2681 2733 2770 παρεμϐολὰς
2811 2681 3022 2749 ἔκλιναν
3102 2681 3414 2771 ἀλλοτρίων.
3521 2681 3764 2754 ’Ἐλαϐον

369 2781 658 2846 Mulieres
716 2788 1087 2863 acceperunt
1143 2797 1221 2843 ea:
1278 2783 1709 2843 resurrectione
1754 2789 1996 2842 mortuo

2107 2792 2355 2863 γυναῖκες
2428 2779 2480 2847 ἐξ
2576 2780 2912 2846 ἀναστάσεως
3020 2782 3140 2845 τοὺς
3250 2782 3463 2860 νεκροὺς
3562 2784 3762 2849 αὐτῶν,

364 2890 527 2935 suos.
581 2873 710 2936 Alii
752 2857 898 2936 vero
926 2873 1068 2935 caesi
1095 2877 1258 2945 sunt,
1291 2876 1608 2951 aspernati
1663 2870 1998 2950 redemptio-

2113 2857 2311 2926 ’Ἄλλοι
2435 2868 2489 2926 δὲ
2597 2869 3075 2949 ἐτυμπανίσθησαν,
3168 2869 3226 2927 οὔ
3343 2857 3759 2952 προσδεξάμενοι

364 2979 527 3042 nem,
574 2969 642 3025 ut
693 2964 994 3044 potiorem
1070 2966 1434 3024 sortirentur
1486 2959 1991 3022 resurrectionem

2106 2958 2206 3027 τὴν
2301 2957 2687 3044 ἀπολύτρωσιν,
2820 2960 2913 3018 ἵνα
3021 2961 3317 3041 κρείττονος
3415 2962 3757 3028 ἀναστάσεως

362 3050 486 3113 Alii
513 3039 731 3114 rursus
759 3050 1047 3113 ludibriis
1076 3058 1133 3113 et
1156 3048 1369 3130 ﬂagris
1398 3049 1697 3129 explorati
1724 3054 1885 3125 sunt,
1924 3049 1998 3109 in

2100 3049 2358 3128 τύχωσιν.
2447 3039 2666 3130 "Erigor.
2770 3048 2826 3107 δὲ
2896 3039 3223 3130 ἐμπαιγμῶν
3304 3053 3393 3109 καὶ
3473 3052 3748 3131 μαστίγων

361 3156 553 3221 super
578 3148 635 3204 et
665 3140 923 3204 uinculis
978 3147 1035 3203 et
1064 3155 1309 3202 carcere
1344 3160 1357 3197 :
1390 3136 1531 3199 M3
1561 3138 1823 3219 lapidati
1849 3144 1998 3213 sunt,

2105 3151 2292 3217 πεῖραν
2389 3136 2600 3209 ἔλαϐον,
2683 3137 2759 3196 ἔτι
2857 3137 2912 3196 δὲ
2985 3138 3193 3216 δεσμῶν
3260 3142 3348 3200 καὶ
3444 3139 3684 3223 φυλακῆς
3710 3133 3748 3174 Ἰ

359 3229 613 3292 dissecti
637 3235 802 3307 sunt,
841 3230 1059 3292 tentati
1085 3236 1249 3305 sunt,
1284 3233 1582 3291 occisione
1609 3226 1807 3307 gladii
1837 3244 1998 3289 occu-

2097 3226 2467 3303 ἐλιθάσθησαν,
2621 3227 2963 3307 ἐπρίσθησαν,
3119 3230 3526 3309 ἐπειράσθησαν,
3694 3230 3749 3287 ἐν

361 3316 620 3381 buerunt
652 3341 668 3379 :
700 3319 1137 3381 oberraverunt
1166 3318 1234 3379 in
1263 3317 1461 3381 ovillis
1496 3324 1553 3381 et
1582 3317 1856 3396 caprinis
1878 3317 1998 3398 pel-

2099 3317 2243 3398 φόνῳ
2298 3319 2569 3397 μαχαίρας
2685 3318 2944 3377 ἀπέθανον
2978 3335 2994 3351 ·
3069 3319 3353 3400 περιῆλθον
3441 3320 3494 3378 ἐν
3552 3319 3750 3398 μηλω-

359 3405 541 3482 libus,
575 3409 877 3515 destituti,
935 3410 1153 3515 pressi,
1199 3406 1446 3510 afﬂicti,
1480 3405 1695 3487 quibus
1722 3406 1998 3515 indigna:

2099 3419 2245 3488 ταῖς,
2307 3405 2362 3462 ἐν
2446 3407 2664 3486 αἰγείοις
2722 3406 2968 3487 δέρμασιν
3005 3425 3018 3438 ⁶
3109 3410 3496 3490 ὑστερούμενοι,
3569 3407 3756 3467 θλιϐό-

358 3504 493 3560 erat
521 3499 828 3571 mundus;
866 3502 933 3560 in
987 3498 1241 3560 desertis
1280 3506 1557 3559 errantes
1600 3504 1656 3559 et
1714 3497 1998 3561 montibui

2100 3517 2273 3573 μενοι,
2317 3498 2764 3577 κακουχούμενοι,
2824 3501 2898 3556 ὧν
2968 3501 3063 3556 οὐκ
3115 3499 3182 3567 ἦν
3265 3498 3407 3566 ἄξιος
3466 3502 3495 3557 ὁ
3549 3501 3754 3577 κόσμος

356 3602 430 3647 ac
459 3586 761 3667 speluncis
816 3595 870 3651 et
925 3588 1207 3650 cavernis
1256 3594 1458 3649 terrae.
1489 3587 1690 3667 Atque
1719 3603 1925 3649 omnes
1951 3586 1998 3649 h;

2098 3583 2153 3640 ἐν
2210 3584 2454 3663 ἐρημίαις
2523 3585 2863 3663 πλανώμενοι
2964 3589 3048 3645 καὶ
3126 3587 3408 3656 σπηλαίοις
3465 3592 3554 3647 καὶ
3620 3590 3752 3653 ταῖς

354 3680 762 3739 testimonium
784 3678 1111 3758 promeriti
1136 3694 1249 3757 per
1275 3676 1480 3757 ﬁdem,
1522 3694 1639 3738 non
1662 3694 1998 3754 acceperunt

2097 3675 2258 3741 ὀπαῖς
2314 3675 2409 3742 τῆς
2466 3681 2590 3754 γῆς.
2672 3678 2769 3734 Καὶ
2825 3676 2965 3734 οὗτοι
3036 3677 3230 3743 πάντες
3326 3677 3747 3758 μαρτυρηθέντες

344 3768 832 3848 promissionem,
867 3767 1029 3847 quod
1055 3767 1213 3829 Deus
1260 3768 1335 3828 de
1390 3765 1563 3828 nobis
1594 3766 1812 3829 melius
1841 3768 1998 3846 quid-

2095 3761 2179 3821 διὰ
2206 3770 2306 3831 τῆς
2349 3766 2597 3841 πίστεως,
2634 3769 2730 3824 οὒκ
2753 3766 3067 3843 ἐκομίσαντο
3122 3768 3221 3834 τὴν
3278 3767 3621 3847 ἐπαγγελίαν,
3653 3778 3751 3827 τοῦ

349 3853 491 3917 dam
504 3856 796 3936 providit,
830 3874 909 3919 ne
935 3857 1067 3919 sine
1095 3856 1271 3919 nobis
1304 3863 1894 3921 consummarentur.

2092 3854 2224 3911 Θεοῦ
2247 3855 2367 3934 περὶ
2406 3857 2560 3931 ἡμῶν
2608 3857 2849 3935 κρεῖττόν
2881 3878 2929 3912 τι
3002 3854 3459 3935 προϐλεψαμένου,
3505 3857 3597 3915 ’ίνα
3660 3860 3741 3933 μὴ

2091 3946 2255 4025 χωρὶς
2285 3947 2442 4019 ἡμῶν
2471 3943 2848 4006 τελειωθῶσιν.
2879 3970 2904 4002 s

432 4031 577 4095 Cum
611 4053 951 4097 sermonem
972 4034 1032 4095 in
1062 4035 1375 4097 meretrice
1398 4034 2004 4117 terminasset,ipsos-

348 4139 463 4202 que
495 4124 842 4187 exhortatus
876 4131 1034 4186 esset
1064 4142 1098 4185 a
1128 4143 1399 4205 persona)
1420 4124 1721 4205 qualitate,
1759 4126 2007 4205 posthac

352 4213 696 4291 compendii
748 4214 956 4295 gratia,
1018 4233 1134 4274 non
1192 4213 1457 4274 omnium
1491 4213 1731 4293 quidem
1767 4217 2008 4278 nomina

350 4311 662 4363 enumerat
695 4320 709 4364 :
748 4321 860 4363 nec
893 4315 1090 4363 tamen
1121 4301 1371 4363 remittit
1399 4320 1760 4364 sermonem.
1806 4306 2004 4367 «Deﬁ-

351 4386 470 4449 ciet
501 4389 659 4449 enim
681 4409 775 4452 me
803 4398 1096 4472 tempus.»
1126 4390 1387 4471 Tempus
1412 4391 1557 4453 dicit
1580 4392 1843 4472 epistolae
1868 4412 2007 4455 con-

345 4477 594 4539 veniens
626 4488 684 4539 et
717 4480 901 4541 veluti
932 4479 1465 4560 pr0portionatum.
1499 4505 1524 4535 α
1555 4482 1639 4541 De
1657 4482 1997 4545 Gedeone.»

348 4564 547 4639 Qualis
565 4567 740 4630 fuerit
761 4568 1026 4632 Gedeon.
1057 4567 1327 4631 «Necnon
1356 4569 1596 4631 David.»
1633 4571 1839 4643 Qualis
1867 4571 2003 4634 fue-

2172 4032 2477 4097 Καταλύσας
2508 4036 2599 4091 τὸν
2630 4032 2788 4113 λόγον
2832 4037 2905 4101 εἰς
2959 4036 3056 4103 τὴν
3126 4036 3353 4117 πόρνην,
3414 4039 3501 4095 καὶ
3556 4038 3739 4117 ἐντρέ-

2089 4130 2195 4197 ψας
2228 4123 2413 4187 αὐτοὺς
2449 4123 2555 4180 ἀπὸ
2579 4128 2677 4191 τῆς
2709 4134 2803 4183 τοῦ
2850 4126 3137 4204 προσώπου
3178 4126 3485 4199 ποιότητος,
3548 4126 3742 4184 λοιπὸν

2088 4213 2366 4289 συντομίας
2399 4214 2582 4293 χάριν,
2614 4215 2679 4269 τὰ
2736 4215 2833 4290 μὲν
2890 4214 3126 4276 ὀνόματα
3170 4218 3262 4273 οὒκ
3320 4217 3567 4294 ὀνομάζει
3597 4218 3743 4274 πάν-
3846 4217 3851 4221 ’

2088 4325 2215 4386 των,
2263 4304 2321 4359 οὐ
2359 4303 2455 4377 μὲν
2498 4303 2560 4375 ἐᾷ
2586 4305 2677 4360 τὸν
2708 4302 2892 4382 λόγον.
2932 4322 2961 4364 ι
2996 4306 3357 4384 Διηγούμενον
3388 4309 3417 4362 6
3447 4306 3668 4386 χρόνος.
3711 4329 3735 4362 ι

2092 4383 2148 4450 εΟ
2179 4398 2246 4469 τῇ
2273 4391 2555 4470 ἐπιστολῇ,
2589 4395 2771 4472 φησὶν,
2799 4392 3073 4473 ἁρμόδιος,
3119 4383 3215 4452 καὶ
3257 4396 3376 4452 οἷον
3528 4418 3741 4472 συμμε-

2085 4482 2224 4561 τρία.
2262 4505 2291 4537 α
2325 4484 2446 4562 Περὶ
2474 4480 2695 4545 Γεδεών,
2735 4505 2759 4541 ι
2811 4488 2941 4548 Οἷος
2974 4486 3002 4540 6
3048 4482 3269 4547 Γεδεών,
3327 4508 3355 4540 α
3392 4488 3559 4565 Δαυίρ
3583 4507 3665 4549 τε.
3704 4510 3734 4542 π

2087 4575 2215 4637 Οἶος
2246 4573 2274 4627 6
2348 4570 2538 4649 Δαυῖδ,
2597 4570 2681 4629 διὰ
2735 4574 2798 4630 τὸ
2854 4573 3060 4630 καθίσαι
3144 4573 3228 4630 ἐπὶ
3310 4575 3492 4655 θρόνου
3551 4579 3734 4657 αὐτοῦ,

343 4660 424 4719 rit
440 4658 650 4741 David,
681 4678 752 4722 eo
774 4660 933 4741 quod
955 4660 1337 4721 constituerit
1356 4659 1416 4720 in
1442 4662 1654 4746 throno
1673 4681 1800 4742 suo,
1829 4661 1998 4742 juxta

2088 4662 2341 4727 αἰσθητῶς
2386 4661 2507 4742 μὲν,
2538 4662 2628 4720 τὸν
2685 4663 2931 4730 αἰσθητὸν
2988 4661 3336 4739 Σολομῶντα,
3392 4670 3595 4731 νοητῶς
3651 4662 3732 4746 δὲ,

344 4746 662 4811 litteralem
693 4749 935 4832 quidem
998 4748 1399 4825 Salomonem,
1428 4744 1596 4830 juxta
1625 4751 1996 4832 spiritualem

342 4854 482 4899 vero
514 4838 907 4917 intellectum,
941 4840 1345 4916 Salomonem,
1386 4839 1755 4920 Spiritualem
1787 4840 1997 4903 Domi-

345 4944 487 4990 num
510 4927 746 4995 Jesum.
777 4928 919 5003 cQui
952 4947 1059 5011 per
1083 4929 1316 4992 ﬁdem»
1354 4927 1577 4992 Omnes
1610 4929 1671 4991 hi
1693 4949 1800 5011 per
1816 4929 1997 4993 ﬁdem

343 5014 613 5080 fecerunt
631 5037 701 5081 ea
720 5037 852 5101 quae
872 5019 1145 5082 fecerunt
1173 5039 1188 5080 :
1215 5018 1535 5095 Abraham,
1560 5021 1776 5095 Moses,
1798 5021 1993 5083 Jesus.

350 5127 379 5190 ς
440 5105 954 5188 Expugnaverunt.
1019 5130 1042 5162 ι
1124 5109 1503 5190 Devicerunt,
1585 5108 1995 5190 perdiderunt.

344 5189 642 5265 Quosnam
664 5203 692 5260 ’ἶ
708 5196 1009 5260 Abraham
1035 5196 1252 5261 devicit
1278 5216 1451 5277 reges
1466 5199 1564 5278 qui
1591 5189 1699 5261 Lot
1721 5207 1998 5280 nepotem

342 5299 517 5344 suum
570 5285 865 5366 captivum
920 5286 1312 5369 abduxerant,
1367 5294 1427 5349 et
1474 5305 1682 5366 regem
1732 5286 1992 5353 Geram.

340 5371 537 5434 Moses
556 5392 756 5453 regem
784 5373 1036 5456 IEgypti,
1069 5375 1334 5458 aliosque
1361 5376 1598 5439 multos.
1633 5380 1831 5455 .lesus,
1867 5378 1991 5460 plu-

338 5479 440 5525 res
466 5461 549 5522 65.
583 5485 606 5520 ι
642 5464 884 5546 Operati
913 5473 1051 5526 sunt
1073 5464 1387 5544 justitiam.
1426 5491 1453 5522 ι
1497 5466 1820 5550 Abraham,
1862 5468 1998 5531 Phi-

340 5569 510 5615 nees.
542 5552 670 5617 Hoc
714 5554 843 5617 loco
883 5555 959 5618 de
997 5553 1201 5632 David,
1236 5555 1473 5637 opinor,
1500 5554 1664 5621 dicit.
1695 5558 1993 5633 Justitiam

435 5720 501 5771 85
543 5726 669 5789 Gen
706 5778 719 5791 .
755 5742 876 5806 xiv,
912 5725 1270 5807 20;Gen.'xv
1289 5723 1467 5792 Num.
1501 5741 1640 5790 xxv.

2078 4753 2170 4808 τὸν
2211 4752 2404 4818 νοητὸν
2446 4748 2772 4829 Σολομιῖιντα
2814 4752 3021 4821 Ἰησοῦν
3055 4756 3146 4810 τὸν
3204 4754 3412 4834 Κύριον.
3472 4776 3497 4810 ιι
3532 4755 3599 4812 Οἳ
3650 4752 3738 4811 διὰ

2079 4860 2332 4905 πιστεως.
2366 4858 2396 4899 )
2446 4840 2645 4906 Πάντες
2676 4842 2819 4898 οὗτοι
2875 4840 2959 4899 διὰ
3028 4842 3256 4908 πίστεως
3313 4842 3570 4910 ἐποίησαν
3598 4843 3736 4924 ἅπερ

2079 4928 2333 4997 ἐποίησαν
2369 4950 2382 4963 ·
2416 4927 2677 5008 Ἀϐραὰμ,
2734 4936 2959 5011 Μωσῆς,
3026 4931 3254 5001 Ἰησοῦς,
3321 4952 3351 4992 ι
3414 4935 3737 5012 Κατηγωνί-

2081 5040 2263 5078 σαντο.
2299 5041 2328 5076 ι
2417 5017 2720 5087 Ἐνίκησαν,
2820 5018 3136 5083 κατέϐαλον.
3212 5022 3409 5103 Τίνας,
3485 5018 3738 5100 Ἀϐραὰμ

2080 5107 2288 5177 ἐνίκησε
2335 5109 2454 5174 τοὺς
2511 5107 3057 5189 αἰχμαλωτεύσαντας
3127 5112 3219 5167 τὸν
3289 5111 3509 5186 ἀνεψιὸν
3574 5112 3735 5171 αὐτοῦ

2080 5200 2201 5255 Λὼτ
2231 5197 2495 5275 βασιλεῖς,
2558 5201 2646 5255 καὶ
2720 5199 2811 5255 τὸν
2853 5200 3117 5279 Γεράρων,
3189 5198 3409 5275 Μωσῆς,
3486 5200 3577 5257 τὸν
3632 5203 3733 5257 Λί-

2079 5288 2303 5369 γύπτου,
2359 5289 2447 5346 καὶ
2542 5287 2734 5354 ἄλλους
2834 5287 3088 5354 πολλοὺς.
3172 5287 3401 5367 Ἰησοῦς,
3491 5287 3727 5355 πλείους,

2087 5398 2111 5434 α
2175 5379 2495 5458 Εἰργάσκντο
2564 5375 2920 5446 δικαιοσύνην.
2989 5401 3014 5437 ι
3052 5376 3316 5461 Ἀϐραὰμ,
3367 5379 3574 5443 Φινεές.
3608 5377 3733 5437 Ἐν-

2078 5470 2237 5528 ταῦθα
2266 5468 2385 5547 περὶ
2424 5474 2517 5525 τοῦ
2575 5465 2765 5543 Δαυ³ιδ,
2798 5469 2981 5545 οἶμαι,
3015 5468 3181 5549 ὶέγει.
3246 5470 3595 5536 Δικαιοσύνην
3646 5466 3727 5551 δὲ,

2078 5558 2177 5626 την
2249 5555 2639 5639 φιλανθρωπίαν
2698 5556 2971 5622 ἐκάλεσεν,
3039 5578 3065 5615 α
3127 5557 3427 5638 ’Νπέτυχον
3484 5558 3727 5639 ἐπαγγε-
