4136 6418
439 349 562 416 423
1560 339 1913 407 OECUMEN
1918 337 1975 400 II
2019 337 2106 399 ΤΕ

2192 331 2316 396 ὶΟιΕ
2357 318 2695 394 EPISGOPI
3712 317 3828 385 424

446 493 506 548 et
536 503 645 546 nos
666 501 798 545 cum
822 482 969 562 ipsis
990 499 1370 544 coronemur.
1403 478 1527 541 Hoc
1556 485 1752 539 autem
1784 492 1892 554 pro
1925 469 2096 533 nobis

2192 482 2298 533 τοῖς
2323 467 2758 546 στεφανωθῶμεν.
2822 467 2987 519 Τοῦτο
3079 459 3159 535 δὲ,
3229 457 3359 538 ὑπὲρ
3438 457 3594 533 ἡμῶν
3689 454 3828 512 ἐστιν

447 583 536 636 est
573 596 586 635 :
621 573 707 634 illi
749 546 1006 652 namque
1063 571 1276 632 sedent
1330 564 1773 639 irremunerati,
1978 580 2092 652 no-

2192 558 2413 614 Ἐκεῖνοι
2445 555 2566 634 γάρ,
2629 553 2782 632 φησὶ,
2841 551 3110 650 κάθηνται.
3154 548 3460 628 ἀγέραστοι,
3521 550 3620 614 τὴν
3672 546 3826 620 ἡμῶν

443 671 626 725 straw
682 636 1092 742 exspectantes
1142 657 1741 721 administrationem
1784 678 1806 709 (ι
1843 650 1928 713 Ne
1959 650 2088 710 sine

2192 645 2544 722 περιμένοντες
2600 641 2928 702 ἐπιστασίαν,
3009 663 3036 694 ι
3075 636 3197 695 υινα
3269 639 3345 714 μῆ
3435 638 3602 716 χωρὶς
3673 636 3827 710 ἡμῶν

441 751 615 814 nobis
637 727 1254 813 consummarentur.»
1281 747 1598 821 Nondixit,
1627 746 2086 814 Coronarentur,

2192 737 2544 795 τελειωθῶσιν.
2579 758 2602 795 ι
2643 734 2750 792 Οὔκ
2818 733 2965 808 εἷπε,
3020 735 3456 812 Στεφανωθῶσιν,
3513 727 3631 785 ἀλλ’
3656 727 3686 783 ὅ
3715 727 3828 803 μεί-

443 843 548 906 sed
581 843 738 923 quod
774 844 1058 918 majorem
1091 838 1271 900 habet
1309 817 1661 918 emphasim,
1698 835 2090 923 Consumma-

2192 835 2295 897 ζονα
2324 827 2547 906 ἔμφασιν
2617 823 2760 904 ἔχει,
2820 821 3171 895 Τελειωθῶσι,
3251 821 3402 901 φησὶ,
3471 817 3734 898 τουτέστι,
3763 817 3826 871 τὸ

2225 915 2234 923 .
2405 922 2410 923 ,
2505 916 2516 923 .
2603 917 2661 923 -_
2801 913 2812 923 .
2845 913 2858 923 .
2916 913 2928 923 .
3033 913 3057 923 -
3157 911 3166 923 .
3395 915 3419 923 -
3687 905 3762 923 δ.

443 905 800 1005 rentur,sive
823 905 1284 1003 Perﬁcerentur,
1319 905 1431 986 hoc
1462 933 1573 998 est,
1604 905 1946 1001 acciperent
1977 925 2088 977 ter-

2192 915 2332 996 ιέρας
2359 905 2465 971 τῶν
2494 916 2703 993 ἀγαθῶν
2732 913 2819 968 καὶ
2842 913 2970 990 ὑπὲρ
2999 913 3060 967 οὗ
3104 911 3292 986 κάμνει
3349 915 3492 967 πᾶσα
3545 905 3824 965 σπουδαίου

443 1002 670 1081 minum
707 1017 1140 1097 bonorum,pro
1165 1002 1280 1097 quo
1310 1012 1746 1076 laboratomnis
1776 1014 2091 1071 conatuset

2192 1006 2402 1086 ιίνησις,
2434 1002 2744 1061 ἀπολάϐωσι
2755 1050 2768 1063 ,

441 1107 704 1191 fatigatio
738 1107 867 1188 ejus
899 1107 1004 1188 qui
1032 1105 1244 1167 virtute
1276 1104 1560 1186 praeditus
1591 1111 1702 1164 est.

1031 1210 1280 1276 CAPUT
1324 1210 1501 1274 XVII.

2808 1117 3056 1174 ΚΕΦΑΛ.
3091 1101 3193 1172 iz'.

2350 1243 2373 1273 «
2423 1219 2548 1296 Περὶ
2575 1218 2846 1291 ὑπομονῆς
2880 1214 2932 1271 ἐν
2964 1212 3310 1284 ἀκολουθήσει
3342 1219 3586 1292 Χριστοῦ.
3637 1236 3658 1267 ι

672 1317 758 1379 De
788 1316 1096 1398 patientia
1120 1332 1198 1377 ea:
1226 1315 1571 1375 imitatione
1601 1312 1852 1374 Christi.

527 1431 655 1509 XII,
689 1435 742 1508 1,
776 1432 834 1493 2.
869 1430 1138 1492 Proinde
1169 1447 1280 1492 nos
1311 1445 1546 1509 quoque
1575 1445 1711 1489 cum
1745 1433 1912 1490 tanta
1950 1431 2102 1506 septi

441 1522 636 1584 simus
658 1521 814 1584 nube
873 1523 1142 1595 testium,
1198 1519 1464 1598 deposito
1490 1519 1656 1579 omni
1685 1534 1894 1591 one-re,
1922 1524 1977 1578 et
2009 1526 2099 1578 te-

443 1617 681 1674 naciter
709 1610 1054 1673 adhaerente
1095 1618 1358 1690 peccato,
1395 1625 1508 1686 per
1539 1607 1926 1669 tolerantiam
1957 1624 2101 1668 cur-

445 1718 662 1762 ramus
691 1703 756 1763 in
784 1706 1097 1780 proposito
1126 1697 1298 1760 nobis
1325 1699 1685 1771 certamine,
1723 1697 2106 1776 respicientes

443 1790 526 1852 ad
555 1790 700 1870 ﬁdei
755 1792 971 1851 ducem
1020 1796 1077 1850 et
1127 1793 1683 1850 consummatorem
1735 1790 1963 1859 Jesum,
1996 1784 2105 1864 qui

443 1867 564 1960 pro
585 1879 814 1959 gaudio
843 1879 966 1941 sibi
1016 1879 1326 1959 proposito
1349 1875 1604 1957 pertulit
1632 1893 1892 1941 crucem.
1925 1879 2098 1956 igno-
2118 1871 2158 1920 Β
2181 1867 2377 1960 χφράς,

438 1968 636 2031 minia
664 1974 1020 2049 contempta,
1045 1972 1099 2029 et
1127 1967 1206 2029 ad
1232 1967 1540 2029 dexteram
1572 1965 1780 2026 throni
1821 1966 1932 2028 Dei
1961 1983 2096 2028 con—

437 2060 615 2122 sedit.

2269 1345 2292 1378 ιι
2354 1321 2638 1399 Τοιγαροῦν
2707 1319 2795 1374 καὶ
2845 1319 3008 1394 ἡμεῖς
3079 1323 3327 1373 τοσοῦτον
3414 1316 3628 1397 ἔχοντες
3685 1337 3829 1396 περι-

2181 1413 2419 1488 κείμενον
2489 1417 2624 1484 ημῖν
2709 1407 2862 1488 νέφος
2963 1407 3264 1486 μαρτύρων,
3341 1405 3499 1485 ὄγκον
3557 1405 3831 1482 ἆποθήμε-

2951 1498 3314 1575 εὐπερίστατον
3399 1496 3679 1576 ἁμαρτίαν,
3763 1493 3830 1551 δι’

2183 1591 2455 1666 ὑπομονῆς
2511 1588 2789 1668 τρέχωμεν
2836 1588 2926 1642 τὸν
2984 1588 3331 1665 προκείμενον
3389 1588 3524 1662 ἡμῖν
3619 1586 3825 1664 ἀγῶνα,

2184 1682 2478 1761 ἀφορῶντες
2510 1680 2582 1740 εἷς
2643 1678 2732 1732 τὸν
2790 1681 2887 1742 τῆς
2948 1676 3174 1740 πίστεως
3245 1676 3514 1756 ἀρχηγὸν,
3573 1677 3661 1731 καὶ
3739 1697 3826 1732 τε·

2185 1769 2390 1836 λεωτῆν
2461 1766 2693 1845 Ἰησοῦν,
2756 1765 2812 1828 ὃς
2883 1765 2997 1820 ἀντὶ
3075 1771 3173 1831 της
3271 1765 3626 1843 προκειμένης
3688 1769 3833 1840 αὑτῴ

2503 1858 2748 1931 ὑπέμεινε
2844 1855 3087 1933 σταυρὸν,
3201 1856 3461 1935 αἰσχύνης
3573 1876 3834 1936 καταφρο-

2179 1954 2366 2025 νήσας,
2427 1948 2471 2003 ἐι
2525 1945 2670 2018 δεξιᾷ
2739 1967 2796 2003 τε
2880 1952 2972 2002 τοῦ
3051 1944 3233 2023 θρόνου
3329 1952 3423 2002 τοῦ
3479 1953 3609 2004 Θεοῦ
3659 1947 3829 2004 κεκά-

2179 2044 2343 2102 θικεν,
2396 2062 2418 2092 ιι

2185 1524 2262 1558 νοι
2317 1501 2489 1556 πάντα
2569 1498 2657 1554 καὶ
2738 1502 2838 1563 τὴν

526 2149 656 2209 Non
689 2146 836 2210 dixit
855 2145 1172 2208 imminere
1215 2144 1390 2206 nobis
1410 2151 1510 2206 aut
1538 2163 1718 2224 supra
1749 2163 1857 2205 nos
1887 2144 2096 2220 attolli,

2263 2133 2374 2187 Ωὑκ
2420 2140 2592 2206 εἶπεν,
2651 2125 3100 2204 ἐπαιωρούμενον,
3160 2123 3274 2181 ἀλλ’
3310 2123 3338 2180 ὅ
3368 2124 3528 2181 πλέον
3557 2125 3644 2202 ἧν,
3676 2148 3832 2206 περι-

2252 2221 2260 2234 ι
2566 2225 2603 2234 -.
2623 2216 2631 2230 α
2947 2216 2958 2234 ν
3221 2206 3280 2234 ε..
3384 2214 3397 2230 κ
3538 2218 3547 2228 ι
3735 2220 3742 2234 ,

446 2236 745 2317 sed,quod
777 2237 968 2315 majus
999 2235 1314 2316 est,sepire
1337 2253 1465 2298 uos.
1505 2258 1528 2292 (ι
1567 2220 1735 2296 Nube
1771 2235 2028 2296 testium.
2069 2259 2093 2293 ι

2192 2221 2442 2295 κείμενον.
2485 2237 2509 2272 ιι
2565 2220 2734 2294 Νέφος
2793 2220 3090 2294 μαρτύρων.
3131 2238 3158 2268 ³
3223 2220 3282 2270 Η
3341 2220 3436 2288 μὲν
3495 2220 3593 2294 γὰρ
3642 2220 3834 2292 μνήμη

2229 2315 2248 2322 η-
2492 2307 2503 2324 Ι
2745 2318 2768 2324 ..
2953 2306 2964 2324 3
3090 2305 3103 2324 \
3205 2302 3218 2324 ἳ
3287 2306 3332 2324 AI
3544 2309 3556 2324 ν
3649 2307 3658 2324 Ι
3748 2307 3759 2320 9
3814 2309 3829 2324 \

451 2302 761 2406 Siquidem
794 2302 1084 2386 memoria
1123 2302 1360 2386 testium
1400 2325 1522 2386 sive
1547 2333 1864 2405 martyrum
1889 2325 2102 2386 excitat

2192 2315 2288 2364 τῶν
2341 2307 2612 2386 μαρτύρων
2679 2318 2854 2360 κεῖται
2926 2306 2997 2369 εἰς
3056 2305 3115 2359 τὸ
3201 2302 3422 2382 ἐρεθίσαι
3503 2307 3689 2369 αὖτοός
3743 2307 3833 2362 ἐπὶ

2217 2400 2230 2411 .
2308 2399 2329 2411 η
2593 2403 2608 2410 -
2718 2395 2729 2410 .
2801 2395 2811 2411 ι
2987 2393 3075 2411 μη
3495 2392 3536 2411 M
3591 2395 3603 2411 ς
3665 2395 3702 2411 ,η

449 2393 612 2496 ips-os
635 2415 709 2476 ad
741 2415 994 2475 similem
1022 2413 1212 2476 zelum
1246 2414 1320 2475 ad
1365 2393 1718 2476 certamina:
1742 2413 1971 2475 Nubem
2005 2432 2105 2476 au-

2192 2400 2273 2455 τὸν
2306 2399 2490 2471 ὅμοιον
2546 2403 2652 2450 τῶν
2709 2395 2929 2472 ἀγώνων
2987 2393 3171 2464 ζῆλον,
3259 2394 3427 2473 Νέφος
3489 2393 3544 2449 δὲ
3587 2395 3837 2452 ἐκάλεσεν

448 2484 567 2566 tem
590 2504 753 2585 ipsos
785 2503 1124 2584 appellavit,
1179 2513 1278 2566 aut
1309 2521 1342 2565 a
1372 2505 1720 2584 metaphora
1749 2521 1954 2564 eorum
2001 2502 2105 2582 qui

2192 2488 2397 2560 αὖτοὺς,
2423 2485 2459 2553 ii
2527 2486 2632 2540 ἀπὸ
2691 2489 2987 2562 μεταφορᾶς
3039 2487 3143 2538 τῶν
3196 2485 3297 2538 ὑπὸ
3350 2484 3614 2560 καύματος
3673 2508 3838 2541 κατα-

446 2572 777 2656 exuruntur
805 2572 880 2654 ab
910 2603 1077 2663 aestu,
1111 2600 1174 2654 et
1203 2593 1263 2654 in
1295 2572 1557 2656 roriilam
1588 2591 1807 2654 nubem
1854 2572 2106 2671 ingressi

2192 2575 2531 2658 φλεγομένων
2598 2575 2684 2630 καὶ
2735 2572 3147 2628 ὑπεισελθόντων
3231 2575 3303 2635 εἷς
3391 2573 3612 2654 νεφέλην
3669 2572 3843 2654 ὃροσί-

449 2683 915 2746 consolationem
947 2681 1266 2763 accipiunt.
1309 2681 1599 2744 Memoria
1619 2700 1873 2762 namque
1889 2690 2106 2762 marty-

458 2791 589 2834 rum
617 2773 960 2834 consolatnr
985 2790 1087 2836 eos
1112 2771 1214 2853 qui
1241 2770 1313 2834 ab
1327 2779 1475 2834 aestu
1495 2771 1885 2835 tentationum
1909 2771 2108 2831 disso-

451 2863 564 2924 luti
591 2869 767 2925 sunt:
803 2871 904 2924 aut
935 2862 1075 2942 quia
1103 2860 1474 2942 spiritualem
1493 2859 1667 2922 nobis
1692 2879 1891 2922 rorem
1914 2858 2113 2922 distri-

452 2954 656 3026 buant,
690 2952 879 3014 Deum
907 2971 1011 3032 pro
1034 2951 1208 3012 nobis
1223 2949 1960 3030 obscurantes.oDeposito
1981 2968 2108 3010 om-

451 3043 512 3104 ni
545 3061 750 3104 onere.
785 3066 807 3101 ν
851 3041 1130 3122 Deposita
1151 3041 1432 3118 gravitate
1461 3059 1660 3102 rerum
1709 3041 2102 3115 saacularium,

2191 2675 2377 2737 ζουσαν
2407 2667 2494 2721 καὶ
2521 2666 3020 2743 παραμυθηθεντων.
3089 2663 3186 2719 Καὶ
3254 2664 3353 2741 γὰρ
3410 2665 3444 2731 ἡ
3501 2670 3608 2720 τῶν
3673 2665 3839 2742 ἁγίων

2193 2758 2384 2832 μνήμη
2415 2756 2538 2818 τοὺς
2560 2756 2661 2809 ὑπὸ
2732 2763 2825 2811 τοῦ
2866 2751 3133 2832 καύσωνος
3184 2758 3292 2807 τῶν
3348 2759 3660 2832 πειρασμῶν
3689 2753 3840 2810 ἐκλε-

2195 2825 2449 2924 λυμένους
2477 2846 2886 2923 παραμυθεῖται.
2927 2825 2986 2900 Ἠ
3049 2841 3129 2896 ὅτι
3194 2842 3394 2909 νοητὴν
3441 2825 3615 2919 ἰὴμῖν,
3683 2846 3838 2925 φησὶ,

2190 2937 2373 3018 δρόσον
2425 2935 2693 3012 νέμουσιν,
2752 2933 2882 3010 ὑπὲρ
2937 2934 3091 3008 ἡμῶν
3144 2934 3236 2988 τὸν
3293 2934 3421 2987 Θεὸν
3483 2933 3838 2998 ἴκετεύοντες.

2198 3052 2221 3086 ι
2260 3028 2604 3100 Ἀποθέμενοι
2649 3023 2844 3085 πάντα.
2897 3044 2921 3079 ι)
2987 3020 3350 3097 Ἀποθέμενοι.
3412 3024 3562 3103 φησί,
3595 3026 3655 3078 τὸ
3675 3025 3839 3102 βάρος

456 3129 754 3213 Omnique
766 3111 1323 3213 simul'neglig‘entia
1338 3129 1678 3208 etsegnitie.
1693 3132 1802 3192 «Et
1819 3111 2106 3191 tenaciter

2192 3125 2295 3176 τῶν
2339 3118 2599 3193 βιωτικῶν
2644 3113 2998 3190 πραγμάτων,
3057 3113 3144 3166 καὶ
3196 3111 3314 3186 μετ’
3375 3115 3546 3169 αὑτῶν
3602 3116 3700 3181 τὴν
3730 3114 3843 3170 ολι-

452 3201 854 3282 adhaerentum
873 3201 1153 3301 peccato.“
1148 3245 1174 3276 »
1185 3219 1452 3300 Autquia
1472 3201 1645 3280 facile
1656 3220 1917 3281 adhaeret
1933 3218 2106 3280 nobis

2192 3209 2404 3288 γωρίαν,
2449 3206 2538 3260 καὶ
2565 3204 2660 3270 τῆν
2746 3201 3017 3278 ρᾳθυμίαν.
3066 3225 3094 3255 ι
3158 3204 3257 3258 Καὶ
3325 3204 3422 3270 τὴν
3471 3203 3842 3281 εὐπερίστατον

452 3310 701 3391 autquia
715 3290 889 3370 facile
898 3317 1091 3390 potest
1104 3327 1306 3370 casum
1322 3290 1378 3369 et
1390 3307 1790 3388 dejectionem
1805 3311 2106 3388 suscipere

2192 3302 2469 3374 ἁμαρτίαν,
2506 3317 2534 3348 ι)
2574 3290 2585 3303 ’
2612 3299 2740 3347 litat
2799 3292 2898 3358 τὴν
2943 3290 3172 3354 εὐκόλως
3218 3292 3638 3368 περιῖσταμένην
3667 3295 3841 3374 ἡμᾶς,

447 3398 590 3461 Ideo
625 3400 860 3460 dicitur.
897 3402 1261 3478 εὐπερίστατος
1307 3397 1707 3479 ἁκαρτία,‹ιΡθῐ·
1737 3398 2108 3459 tolerantiam

454 3507 789 3550 curramus.
830 3513 856 3544 »
895 3487 1103 3568 Neque
1133 3488 1293 3549 enim
1350 3488 1466 3550 alio
1500 3489 1674 3550 modo
1706 3487 1910 3568 abjicit
1941 3488 2110 3568 quis-

457 3578 612 3658 piam
647 3578 878 3658 pondus
925 3587 1126 3639 rerﬂm
1178 3576 1577 3652 saecularium,
1614 3596 1787 3658 quam
1817 3596 1922 3657 per
1955 3577 2110 3639 tole-

455 3669 731 3730 rantiam.
766 3668 948 3730 Porro
992 3668 1317 3729 tolerantiae
1371 3669 1642 3729 meminit
1691 3677 1971 3746 tanquam
2021 3666 2108 3728 rei

457 3757 606 3839 ipsis
638 3758 980 3838 aptissimaa.
1020 3757 1346 3842 Considera
1376 3775 1516 3820 vero
1543 3758 1695 3838 quod
1731 3776 1849 3818 non
1871 3757 2110 3834 dixerit,

458 3846 680 3926 Pugnis
711 3848 1113 3924 deoertemus,
1149 3856 1268 3909 aut.
1296 3846 1728 3922 Bellemus,sed
1749 3849 1906 3928 quod
1927 3847 2112 3908 levius

453 3946 601 4012 erat,
637 3940 958 4000 Curramus
979 3937 1038 3997 in
1060 3937 1405 3999 certamine.
1427 3937 1695 3998 Praesens
1719 3957 1974 4018 namque
1997 3943 2112 3999 vita

455 4027 600 4086 418
631 4037 930 4088 certamen
977 4036 1067 4088 est
1099 4045 1112 4088 :
1169 4036 1494 4102 certamen,
1530 4028 1792 4108 inquam,
1829 4033 2110 4090 adversus

455 4125 700 4198 peccata
730 4126 789 4180 et
820 4117 1353 4196 concupiscentias,
1388 4125 1488 4178 aut
1525 4136 1627 4178 eos
1666 4118 1765 4198 qui
1783 4119 2109 4199 spirituali-

397 4265 405 4272 ,
460 4213 553 4266 ter
581 4205 753 4265 nobis
769 4206 1177 4267 adversantur.
1202 4205 1264 4267 In
1290 4207 1402 4268 hoc
1427 4208 1604 4284 igitur
1626 4209 1952 4269 certamine
1974 4227 2106 4270 cur-

453 4312 656 4354 ramus
687 4313 754 4355 ac
779 4295 1029 4354 viriliter
1054 4314 1317 4372 agamus.
1356 4320 1382 4351 ¢
1417 4296 1830 4376 Respicinntes
1873 4298 1943 4358 ad
1967 4297 2108 4359 ﬁdei

454 4383 695 4444 ducem.
737 4383 1001 4444 «Deinde
1033 4385 1104 4444 ad
1138 4392 1310 4465 caput
1335 4386 1526 4465 ipsum
1560 4385 1719 4447 venit
1748 4388 2108 4448 adhortatio-

2191 3388 2228 3456 ἢ
2255 3389 2352 3454 τὴν
2420 3381 2649 3446 εὐκόλως
2699 3381 3007 3460 περίστασιν
3075 3385 3265 3438 παθεῖν
3322 3378 3636 3458 δυναμένην,
3677 3406 3704 3436 α
3756 3385 3839 3438 Δι’

2191 3475 2461 3553 ὑπομονῆς
2492 3473 2793 3553 τρέχωμεν.
2835 3496 2859 3526 ι»
2895 3476 2966 3530 Οὐ
3029 3472 3128 3551 γὰρ
3185 3469 3361 3535 ἄλλως
3420 3494 3499 3536 τις
3558 3476 3620 3530 τὸ
3677 3475 3840 3551 βάρος

2195 3568 2493 3634 ῆπωθεῖται
2524 3570 2625 3618 τῶν
2669 3564 2964 3637 βιωτικῶν,
3041 3562 3074 3629 ii
3131 3559 3204 3616 δι’
3262 3563 3558 3638 ὑπομονῆς.
3619 3568 3726 3630 Τῆς
3785 3563 3844 3620 δὲ

2192 3664 2462 3735 ὑπομονῆς
2504 3659 2769 3736 ἐμνήσθη,
2827 3659 2900 3720 ως
2974 3654 3203 3731 μάλιστα
3274 3656 3522 3735 ἀρμοδίου
3593 3659 3840 3736 ἐκείνοις,

2198 3742 2342 3828 UOps:
2372 3747 2425 3803 δὲ
2454 3749 2547 3803 οὑκ
2608 3746 2756 3819 εἶπε,
2831 3747 3167 3825 Πυτεύωμεν,
3225 3745 3261 3812 ἢ
3307 3745 3658 3824 Πολεμῶμεν,
3716 3747 3843 3806 ἀλλ’

2193 3841 2438 3917 δκοῦφον
2493 3837 2579 3912 ἦν,
2630 3838 2941 3916 Τρέχωμεν,
3016 3838 3164 3917 φησὶ,
3225 3837 3317 3891 τὸν
3374 3836 3578 3914 ἀγῶνα,
3617 3828 3672 3895 ιΟ
3739 3842 3842 3919 γὰρ

2191 3931 2374 4008 παρὼν
2403 3929 2534 4004 βίος,
2568 3928 2713 4006 ἁγών
2742 3928 2904 3984 ἐστιν.
2982 3925 3156 4004 Ἀγὼν
3229 3925 3284 3981 δὲ
3340 3929 3474 3982 κατὰ
3534 3933 3638 3982 τῶν
3670 3931 3844 4011 ἁμαρ-

2191 4027 2318 4075 τιῶν
2346 4020 2433 4074 καὶ
2463 4017 2746 4092 ἐπιθυμιῶν
2805 4018 2892 4071 καὶ
2947 4021 3052 4070 τῶν
3123 4023 3324 4082 νοητῶς
3383 4016 3842 4077 ἀντιπαλαιόντων

2192 4110 2352 4184 ἡμῖν,
2409 4113 2604 4164 Τοῦτον
2675 4105 2762 4161 οὖν
2848 4104 3129 4184 τρέχωμεν
3218 4108 3304 4162 καὶ
3356 4110 3693 4184 κατορθῶμεν
3747 4113 3843 4169 τὸν

2193 4199 2394 4276 ἀγῶνα.
2437 4219 2464 4251 α
2501 4195 2826 4276 Ἀιρορωντες
2858 4197 2902 4250 εἰ
2925 4198 3016 4251 τὸν
3059 4198 3156 4263 τῆς
3215 4196 3440 4260 πίστεως
3499 4197 3768 4277 ἀρχηγόν,
3810 4227 3838 4258 n

2193 4298 2325 4345 Εἶτα
2353 4288 2423 4352 εἰς
2465 4287 2526 4340 τὸ
2573 4285 2858 4364 κεφάλαιον
2902 4290 2997 4352 τῆς
3055 4285 3446 4364 παρακλήσεως
3512 4285 3658 4364 ἦλθε,
3748 4292 3844 4352 τὸν

2192 4384 2440 4460 Χριστὸν,
2473 4382 2562 4438 καὶ
2591 4402 2756 4459 φησιν
2794 4403 2806 4416 ο
2844 4383 2902 4437 Εἰ
2931 4379 3225 4457 βουλόμεθα
3282 4383 3554 4457 ὑπομονὴν
3601 4404 3658 4438 τε
3690 4381 3843 4462 ἔχειν

453 4475 550 4532 nis
609 4480 668 4532 et
717 4473 1169 4553 consolationis,
1217 4493 1433 4554 nempe
1463 4474 1760 4536 Christum
1793 4485 1851 4538 et
1880 4477 1962 4538 ait
1997 4495 2010 4537 :
2047 4476 2106 4540 Si

2193 4474 2280 4529 καὶ
2311 4471 2521 4550 τρέχειν
2553 4468 2753 4544 καλῶς,
2811 4473 2938 4549 πρὸς
2963 4471 3054 4526 τὸν
3125 4472 3348 4550 Χριστὸν
3404 4469 3696 4552 ἀπίδωμεν,
3751 4475 3845 4528 καὶ

451 4562 726 4622 volumus
758 4570 816 4623 et
846 4562 1219 4624 tolerantiam
1249 4563 1471 4625 habere
1502 4580 1554 4624 et
1577 4574 1739 4628 recte
1764 4566 2104 4642 currere,ad

455 4649 755 4712 Christum
785 4650 1201 4733 respiciamus,
1253 4652 1669 4734 discamusque
1696 4663 1752 4716 et
1782 4664 1946 4717 recte
1977 4675 2108 4718 cur-

451 4758 589 4802 rere
621 4749 679 4802 et
708 4741 1027 4816 sustinere,
1063 4751 1347 4824 vocatque
1397 4739 1593 4824 ipsum
1626 4745 1837 4807 ducem
1860 4765 1928 4808 ac
1957 4765 2105 4809 con-

452 4832 1030 4907 summatorem,hoc
1061 4834 1383 4894 ostendens
1403 4841 1560 4914 quod
1592 4841 1652 4896 et
1679 4837 1965 4898 credendi
1993 4856 2106 4900 no-

453 4919 548 4981 bis
573 4939 753 4983 causa
786 4921 988 4997 fuerit,
1008 4929 1065 4984 et
1088 4923 1406 4984 terminum
1440 4924 1825 5004 impositurus
1847 4926 2103 5002 sitﬁdei,

455 5017 520 5069 ut
551 5009 745 5090 ipsam
778 5011 1010 5073 firmam
1037 5011 1362 5074 habeamus
1395 5019 1452 5074 et
1479 5011 1955 5078 inconcuss‘amn
1995 5015 2108 5088 Qui

455 5117 560 5178 pro
594 5101 806 5180 gaudio
840 5101 955 5163 sibi
988 5102 1312 5182 proposito.
1355 5126 1377 5159 ιι
1416 5102 1559 5184 Ipsi,
1595 5103 1808 5183 inquit,
1844 5105 2110 5168 licuisset

2191 4561 2536 4637 μανθάνωμεν
2596 4561 2682 4615 καὶ
2749 4559 2962 4640 τρέχειν
3076 4559 3251 4623 καλῶς
3345 4561 3433 4616 καὶ
3528 4557 3837 4635 ὑπομένειν,

2190 4653 2466 4731 Ἀρχηγὸν
2496 4647 2761 4720 δὲσαὺτὸν
2818 4654 2905 4706 καὶ
2947 4647 3233 4716 τελειωτὴν
3282 4649 3463 4726 καλεῖ,
3527 4657 3681 4707 τοῦτο
3738 4648 3847 4706 δει-

2189 4743 2337 4816 κνὺς,
2368 4740 2448 4795 ὅτι
2498 4739 2654 4803 αὐτὸς
2684 4741 2772 4796 καὶ
2813 4748 2907 4796 τοῦ
2977 4739 3114 4804 ὅλως
3158 4747 3442 4796 πιστεύσαι
3499 4741 3636 4816 ἡμῖν
3665 4739 3844 4806 α’ίτιος

2189 4832 2409 4911 γίνεται,
2442 4831 2530 4886 καὶ
2579 4831 2732 4894 αὐτὸς
2793 4831 2956 4909 πέρας
3016 4829 3252 4900 ἐπιθήσει
3303 4835 3372 4906 τῇ
3441 4830 3637 4907 πίστει,
3699 4830 3841 4888 ὥστε

2192 4921 2337 5002 ἔχειν
2367 4923 2530 4987 αὐτην
2559 4920 2771 4997 βεϐαίαν
2801 4923 2943 4997 ἡμᾶς
2977 4923 3062 4980 καὶ
3118 4919 3430 4981 ἀσάλευτον.
3494 4940 3518 4976 α
3573 4911 3680 4984 ΗΟς
3725 4922 3845 4977 ἀντὶ

2187 5017 2287 5078 τῆς
2318 5010 2693 5089 προκειμένης.
2736 5035 2758 5065 ι
2828 5010 2981 5078 Ἐξην
3038 5012 3201 5090 αὐτῷ,
3269 5011 3422 5090 φησὶ,
3497 5012 3631 5086 μετὰ
3683 5009 3842 5078 δόξης

2189 5103 2279 5158 καὶ
2305 5107 2476 5180 χαρᾶς
2507 5099 2702 5179 διαγειν
2732 5102 2787 5155 ἓν
2818 5100 2960 5173 αὑτῷ
3001 5101 3190 5175 κόσμῳ
3221 5119 3238 5134 '
3282 5121 3306 5155 α
3359 5098 3626 5163 Ἐξουσίαν
3669 5103 3835 5179 γὰρ.»

456 5205 592 5247 cum
626 5189 837 5265 gaudio
896 5198 955 5251 et
1006 5190 1193 5269 gloria
1226 5192 1468 5270 degere,
1501 5192 1560 5252 in
1589 5193 1699 5253 hoc
1733 5195 1952 5256 mundo
1989 5198 2106 5258 :ait

2197 5193 2376 5272 φησὶν.
2415 5214 2442 5245 ιι
2469 5188 2583 5270 ἔχω
2611 5194 2779 5247 θεῖναι
2809 5191 2906 5258 τῆν
2939 5192 3121 5271 ψυχήν
3141 5213 3242 5265 μου
3271 5192 3358 5246 καὶ
3387 5187 3571 5247 λαϐεῖν
3604 5193 3835 5260 αὑτήν.»

456 5277 618 5336 enim
648 5297 662 5337 :
707 5301 727 5335 ιι
743 5281 1093 5340 Potestatem
1110 5279 1300 5342 habeo
1325 5282 1583 5362 ponendi
1610 5282 1867 5344 animam
1889 5304 2104 5362 meam,

2199 5282 2316 5339 ἀλλ’
2344 5282 2438 5340 οὑκ
2466 5281 2761 5355 ἠϐουλήθη,
2806 5281 2925 5339 ἀλλ’
2983 5283 3232 5346 ἐκουσίως
3300 5281 3547 5357 ὑπέμεινε
3591 5282 3844 5361 σταυρόν.

458 5374 516 5426 et
541 5366 875 5446 recipiendi
899 5369 1089 5448 ipsam
1116 5369 1217 5432 74:
1246 5373 1388 5432 nsed
1413 5391 1533 5433 non
1559 5373 1886 5448 voluit,imo
1905 5375 2106 5437 volun-

2201 5396 2229 5429 ιι
2264 5373 2535 5453 Αἰσχύνης
2592 5375 3020 5453 καταφρονήσας.
3056 5395 3084 5428 »
3158 5374 3255 5430 Καὶ
3311 5374 3410 5452 γὰρ
3451 5372 3516 5438 ἦν
3576 5370 3844 5453 ἐπονείξι-

455 5454 608 5516 tarie
643 5474 884 5518 crucem
925 5446 1244 5524 sustinuit.
1312 5483 1334 5517 ιι
1397 5446 2106 5549 Ignominia-contempta

2198 5486 2319 5528 στος
2365 5465 2449 5520 καὶ
2521 5464 2902 5542 ἐπικατάρατος
2957 5468 2985 5521 ὁ
3051 5462 3135 5524 διὰ
3195 5471 3414 5543 σταυροῦ
3457 5463 3702 5528 θάνατος,
3759 5446 3847 5522 Ἂν

537 5617 600 5668 74
629 5615 802 5682 Joan.
827 5634 890 5695 Χ,
919 5619 1017 5680 18.
