4136 6432
277 371 393 437 425

1364 376 1761 443 COMMENT.
1808 379 1894 443 IN
1935 378 2179 442 EPIST.
2226 381 2329 444 AD
2369 381 2600 473 ῌΕΒΒ.

3547 384 3671 453 426

274 507 343 570 εἰς
373 514 558 568 τοῦτον
586 510 674 569 οὖν
720 508 1012 589 ἀπίδωμεν,
1070 514 1158 569 καὶ
1213 512 1377 588 ἡμεῖς
1435 514 1796 601 ὑπομενοῦμεν
1844 513 1917 577 ὡς

2005 509 2140 573 Erat
2160 530 2415 601 namque
2437 512 2698 596 probosa
2717 531 2790 578 ac
2810 515 3173 580 exsecranda
3197 513 3360 582 mors
3379 537 3487 601 per
3514 538 3661 585 cru-

275 598 359 652 καὶ
389 599 544 663 αὐτὸς
616 582 915 676 ὑπέμεινεν..
977 582 1055 647 έ
1114 582 1657 681 [ΟΙΚΌΥΜΕΝΙόΙἏ]
1838 602 1924 681 τὸ,

278 681 416 743 Ἀντὶ
443 692 541 755 τῆς
587 689 945 769 προκειμένης
1004 691 1147 765 αὐτῷ
1201 697 1398 771 χαρᾶς,
1458 689 1623 756 οὕτως
1653 687 1821 771 δέξαι,
1853 692 1925 753 ὼς

277 774 360 831 καὶ
388 777 679 857 Γρηγόριός
707 802 894 859 φησιν.
930 774 994 860 ᾯ
1047 778 1180 861 ἐξὸν,
1242 782 1424 860 φησὶν,
1482 778 1658 856 μένειν
1714 779 1799 836 ἐπὶ
1826 784 1925 847 τῆς

275 861 402 931 ἰδίας
443 863 597 934 δόξης
623 890 677 924 τε
706 870 795 926 καὶ
836 868 1112 941 θεότητος,
1152 868 1211 925 ού
1255 868 1417 945 μόνον
1476 868 1657 926 ἑαυτὸν
1726 866 1926 925 ἐκένω-

277 974 361 1009 σεν
417 950 545 1035 ἄχρι
616 963 716 1024 τῆς
786 954 971 1017 δούλου
1029 963 1258 1039 μορφῆς,
1346 955 1485 1015 ἀλλά
1558 957 1645 1014 καὶ
1703 958 1924 1036 σταυρὸν

278 1042 573 1123 ὑπέμεινεν,
640 1048 901 1128 αἰσχύνης
958 1048 1386 1127 καταφρονήσας.
1451 1069 1478 1102 α
1538 1043 1629 1103 Ἐν
1671 1042 1811 1118 δεξιᾷ
1868 1068 1924 1102 τε

278 1139 369 1190 τοῦ
423 1133 630 1214 θρόνου.
695 1160 725 1193 ι
801 1128 999 1203 Ἱκανὸς
1052 1137 1161 1213 οὖν,
1235 1138 1386 1218 φησὶ,
1445 1136 1533 1193 καὶ
1604 1135 1923 1212 ἀμείψασθαι

277 1222 410 1297 ὑμᾶς
465 1225 595 1306 ὑπὲρ
640 1232 745 1284 τῶν
798 1224 865 1282 δι’
918 1227 1073 1284 αὐτὸν
1144 1224 1400 1303 θλίψεων.
1461 1227 1533 1284 Οὒ
1591 1226 1691 1304 γὰρ
1762 1225 1924 1301 μόνον

278 1310 597 1393 ἐσταυρώθη,
636 1314 773 1372 ἀλλά
802 1318 889 1373 καὶ
930 1318 985 1372 ἐν
1042 1313 1181 1389 δεξιᾷ
1237 1316 1460 1384 κάθηται
1517 1324 1609 1373 τοῦ
1639 1320 1789 1389 Θεοῦ,
1823 1319 1921 1381 τῆς

275 1397 439 1466 δεξιᾶς
467 1403 555 1460 καὶ
582 1409 681 1471 τῆς
710 1403 960 1484 καθέδρας
989 1406 1050 1461 τὸ
1072 1405 1315 1480 ἰσότιμον
1346 1403 1716 1483 παριστώσης,

2009 618 2140 661 cem
2171 600 2353 665 illata.
2387 602 2449 665 Si
2478 603 2660 682 igitur
2688 602 2750 664 in
2784 603 2942 667 hunc
2978 600 3439 685 inspexerimus,
3475 619 3533 672 et
3553 628 3664 676 nos

2009 707 2243 770 quoque
2270 691 2675 768 tolerabimus,
2709 693 3214 773 quemadmodum
3243 703 3300 758 et
3330 696 3462 778 ipse
3507 699 3666 763 tole-

2007 779 2177 869 ravit.
2207 783 2322 869 Aut
2347 781 2509 861 quod
2539 780 2901 869 dicitur,Pro
2933 781 3145 862 gaudio
3176 783 3291 846 sibi
3321 788 3659 869 proposito,

2006 863 2088 927 ita
2117 868 2343 949 accipe,
2380 869 2533 931 sicut
2575 877 2633 931 et
2673 868 2998 949 Gregorius
3044 872 3147 936 ait.
3194 874 3300 937 Cui
3322 863 3468 938 cum
3502 863 3659 941 libe;

2006 974 2164 1038 rum,
2194 956 2625 1038 inquit,fuisset
2654 977 2897 1021 manere
2920 962 2980 1021 in
3012 961 3255 1043 propria
3281 963 3472 1042 gloria
3487 972 3548 1029 et
3567 967 3661 1030 di-

2005 1044 2269 1122 vinitate,
2300 1065 2421 1108 non
2450 1047 2643 1110 solum
2674 1047 3005 1110 exinanivit
3032 1050 3418 1133 semetipsum
3472 1073 3664 1138 usque

2004 1132 2079 1195 ad
2109 1133 2358 1196 formam
2388 1136 2562 1210 servi,
2599 1137 2707 1199 sed
2738 1146 2795 1199 et
2827 1156 3067 1200 crucem
3092 1132 3655 1223 sustinuitignomi-

2006 1223 2104 1284 nia
2134 1224 2615 1305 contempta.cEt
2641 1225 2718 1287 ad
2748 1226 3057 1289 dexteram
3087 1228 3307 1291 throni.
3346 1254 3374 1287 ››
3401 1229 3661 1297 ldoneus

2002 1311 2180 1391 igitur
2210 1321 2299 1374 est
2331 1312 2431 1394 qui
2453 1331 2554 1375 vos
2586 1315 2763 1377 etiam
2791 1325 3142 1379 remuneret
3171 1335 3277 1398 pro
3306 1318 3655 1385 afﬂictioni-

2003 1400 2113 1462 bus
2157 1419 2301 1482 quas
2331 1410 2574 1483 propter
2621 1421 2756 1465 eum
2800 1404 3092 1484 patimini.
3125 1404 3334 1488 Neque
3363 1407 3525 1473 enim
3554 1428 3658 1474 so-

277 1488 398 1552 lum
428 1491 746 1556 cruciﬁxus
775 1504 887 1571 est,
929 1511 1136 1556 verum
1167 1492 1343 1556 etiam
1381 1493 1443 1555 in
1473 1492 1717 1560 dextera
1745 1490 1856 1556 Dei
1886 1490 2074 1554 sedet.
2108 1490 2361 1554 Dextera
2388 1500 2585 1554 autem
2614 1499 2672 1555 et
2699 1493 2984 1557 cathedra
3011 1494 3377 1560 demonstrat
3415 1498 3664 1565 honoris

275 1579 687 1662 inqualitatem.

364 1692 388 1727 ε
451 1669 851 1754 Ἀναλογίσασθε
917 1675 1017 1754 γὰρ
1088 1676 1177 1732 τὸν
1249 1675 1498 1743 τοιαύτην
1558 1677 1907 1751 ὑπομεμενη-

2071 1668 2199 1734 XII.
2234 1670 2368 1732 3-9.
2398 1671 2749 1753 Recogitate
2777 1674 2940 1737 enim
2979 1692 3120 1740 eum
3164 1682 3273 1759 qui
3302 1678 3489 1743 talem
3516 1697 3656 1744 sus-

278 1759 406 1818 κότα
462 1763 564 1820 ὑπὸ
614 1770 721 1820 τῶν
831 1763 1160 1843 ἁμαρτωλῶν
1228 1766 1302 1829 εἰς
1373 1766 1529 1822 αὐτὸν
1602 1762 1923 1842 ἀντιλογίαν,

276 1848 367 1907 ἵνα
423 1853 501 1928 μὴ
556 1854 765 1930 κὰμητε
862 1867 985 1918 ταῖς
1083 1859 1294 1935 ψυχαῖς
1377 1855 1525 1931 ὑμῶν
1591 1853 1918 1932 ἐκλυόμενοι.

278 1936 437 1997 Οὔπω
491 1941 684 2023 μέχρις
767 1943 998 2020 αἵματος
1096 1942 1511 2012 ἀντικατέστητε
1592 1946 1723 2025 πρὸς
1822 1944 1922 2010 τὴν

276 2028 532 2110 ἁμαρτίαν
623 2032 1121 2112 ἀνταγωνιζόμενοι,
1239 2035 1328 2090 καὶ
1435 2033 1725 2101 ἐκλέλησθε
1822 2038 1920 2100 τῆς

274 2119 686 2205 παρακλήσεως,
760 2122 872 2191 ἥτις
968 2126 1096 2201 ὑμῖν
1197 2125 1270 2188 ὡς
1329 2126 1467 2188 υἱοῖς
1566 2122 1865 2203 διαλέγεται
1903 2139 1915 2152 ”

277 2210 356 2285 μὴ
446 2209 688 2293 ὀλιγώρει
772 2211 1009 2277 παιδείας
1092 2213 1302 2293 Κυρίου.
1393 2212 1483 2293 ἱξιέ
1572 2236 1699 2290 μου,
1787 2210 1922 2290 μηδὲ

276 2296 460 2355 ἐκλύου
528 2291 622 2357 ὑπἱ
677 2306 834 2362 αὐτοῦ
919 2291 1301 2383 ἐλεγχόμενος.
1392 2291 1500 2359 υΟν
1587 2304 1687 2381 γὰρ
1743 2302 1924 2381 ἀγαπᾷ

278 2389 465 2468 Κύριος
535 2389 766 2448 παιδεύει
798 2408 812 2423 ’
889 2404 1147 2470 μαστιγοῖ
1178 2390 1233 2447 δὲ
1263 2391 1434 2448 πάντα
1464 2392 1573 2448 υἱὸν
1627 2392 1682 2449 ὃν
1741 2413 1920 2470 παρα-

276 2475 514 2558 δέχεται.
614 2483 673 2538 Εἰ
749 2480 988 2538 παιδείαν
1056 2479 1368 2557 ὑπομένετε,
1439 2483 1513 2545 ὡς
1574 2483 1734 2562 υἱὸῖς,
1795 2482 1921 2558 ὑμῖν

277 2568 622 2650 προσφέρεται
676 2573 705 2627 ὁ
762 2572 916 2635 Θεός.
976 2571 1064 2634 Τίς
1142 2571 1243 2651 γάρ
1308 2570 1449 2628 ἐστιν
1516 2573 1647 2646 υἱὸς,
1736 2571 1795 2627 ὃν
1863 2570 1923 2626 οὔ

278 2655 512 2715 παιδεύει
583 2661 797 2739 πατήρ;
856 2661 916 2718 El
994 2657 1050 2716 δὲ
1130 2659 1297 2740 χωρίς
1355 2658 1471 2716 ἐστε
1526 2659 1783 2740 παιδείας,
1855 2662 1922 2727 ἧς

278 2747 505 2828 μέτοχοι
579 2749 829 2828 γεγόνασι
884 2749 1102 2824 πάντες,
1167 2749 1268 2827 ἄρα
1328 2750 1466 2807 νόθοι
1496 2749 1641 2806 ’ἐστὲ
1682 2751 1770 2806 καὶ
1822 2752 1926 2830 οὔχ

274 2838 400 2899 υἱοί.
459 2838 596 2896 Εἶτα
669 2840 789 2903 τοὺς
846 2838 942 2915 μὲν
993 2843 1091 2906 τῆς
1167 2839 1358 2917 σαρκὸς
1444 2840 1599 2915 ἡμῶν
1696 2838 1925 2918 πατέρας

282 2923 514 3006 εἴχομεν
544 2926 823 2994 παιδευτὰς
852 2929 941 2986 καὶ
969 2927 1374 3007 ἐνετρεπόμεθα,
1422 2928 1481 2985 οὗ
1511 2926 1693 3003 πολλῷ
1722 2927 1924 3004 μᾶλλον

2009 1760 2195 1822 tinuit
2225 1776 2264 1821 a
2280 1761 2701 1841 peccatoribus
2750 1763 3047 1826 adversus
3091 1767 3478 1847 semetipsum
3506 1786 3658 1834 con-

2007 1847 2451 1930 tradictionem,
2487 1867 2564 1911 ne
2587 1850 3010 1932 defatigemini
3036 1856 3264 1917 animis
3283 1859 3499 1920 vestris
3525 1858 3658 1922 dis-

2004 1936 2210 2029 soluti.
2244 1937 2529 2001 Nondum
2578 1956 2762 2019 usque
2792 1941 2873 2003 ad
2920 1945 3287 2022 sanguinem
3319 1947 3661 2029 restitistis,

2004 2025 2292 2088 adversus
2339 2036 2648 2107 peccatum
2698 2038 3124 2111 repugnantes,
3180 2038 3235 2096 et
3288 2033 3463 2098 obliti
3517 2025 3661 2099 estis

2002 2115 2442 2206 ewhortatiouis
2480 2134 2611 2206 qua:
2631 2117 2798 2180 vobis
2827 2126 3128 2199 tanquam
3157 2121 3307 2201 ﬁliis
3336 2122 3607 2206 loquitur
3638 2144 3656 2188 :

2003 2205 2127 2264 Fili
2156 2210 2262 2280 mi,
2295 2223 2370 2267 ne
2398 2204 2747 2284 neglexeris
2783 2210 3227 2290 correptionem
3256 2204 3529 2291 Domini,
3555 2232 3662 2279 ne-

2004 2311 2120 2374 que
2149 2294 2393 2374 deﬁcias
2422 2313 2561 2357 eum
2590 2295 2666 2358 ab
2697 2313 2767 2359 eo
2792 2300 3103 2379 argueris.
3139 2291 3335 2376 Quem
3365 2306 3529 2367 enim
3559 2305 3655 2368 di-

2004 2382 2140 2476 ligit
2176 2384 2352 2461 Deus,
2394 2387 2647 2465 corripit
2681 2386 3000 2476 {ﬂagellat
3053 2396 3261 2453 autem
3317 2409 3553 2457 omnem
3578 2395 3660 2476 ﬁ-

2005 2470 2159 2566 lium
2182 2492 2357 2566 quem
2400 2476 2640 2555 recipit.
2686 2474 2766 2566 Si
2801 2483 3265 2566 castigationem
3317 2470 3658 2566 sustinetis,

2005 2561 2190 2653 veluti
2216 2563 2364 2642 [iliis
2393 2569 2561 2640 offert
2588 2581 2652 2625 se
2673 2560 2839 2627 vobis
2866 2566 3051 2629 Deus.
3103 2567 3251 2643 Quis
3279 2572 3437 2634 enim
3466 2579 3556 2636 est
3580 2560 3661 2653 ﬁ;-

2006 2649 2124 2712 lius
2156 2670 2335 2732 quem
2362 2671 2484 2715 non
2514 2655 2775 2732 castigat
2798 2662 2987 2736 pater
3005 2658 3039 2718 ?
3064 2658 3206 2720 419
3238 2660 3414 2735 Quod
3441 2663 3496 2723 si
3515 2649 3663 2726 alie-

2006 2742 2227 2803 niestis
2244 2759 2282 2804 a
2303 2744 2698 2823 castigatione
2716 2748 2889 2823 cujus
2912 2749 3244 2828 participes
3262 2758 3407 2813 sunt
3424 2768 3655 2829 omnes,

2008 2830 2201 2908 igitur
2228 2832 2428 2912 spurii
2458 2833 2623 2913 estis,
2665 2850 2790 2895 non
2844 2833 2984 2914 ﬁlii.
3037 2835 3256 2917 Itaque
3286 2857 3422 2902 cum
3451 2845 3665 2904 carnis

2006 2928 2229 2981 nostra:
2258 2927 2465 2999 patres
2494 2920 2885 2983 habuerimus
2932 2927 3358 3004 castigatores,
3388 2935 3445 2990 et
3486 2946 3661 2992 reve-

273 3017 720 3096 ὑποταγησόμεθα
801 3026 877 3094 τῷ
970 3019 1134 3098 Πατρὶ
1228 3023 1332 3075 τῶν
1417 3019 1751 3094 πνευμάτων,
1839 3018 1920 3074 καὶ

2008 3010 2113 3069 riti
2140 3011 2330 3071 simus
2353 3008 2512 3085 illos,
2546 3027 2754 3073 annon
2786 3010 2974 3074 multo
3022 3019 3224 3095 magis
3263 3015 3661 3097 subjiciemur

271 3108 506 3182 ζήσομεν
529 3128 545 3189 ς

364 3216 389 3251 ε
427 3193 833 3277 Ἀναλογίσασθε
861 3198 987 3278 γάρ.
1022 3220 1051 3253 ι
1113 3196 1172 3254 Εἰ
1199 3197 1299 3277 γὰρ
1342 3199 1370 3253 ὁ
1426 3197 1494 3253 τὰ
1535 3196 1640 3254 τῶν
1696 3195 1922 3273 ὁμοδού-

270 3284 385 3341 λων
441 3284 781 3365 λογιζόμενος
830 3287 996 3362 πάθη,
1056 3285 1171 3367 ἔχει
1231 3287 1559 3367 παραμυθίαν
1602 3284 1656 3342 ἐν
1697 3300 1814 3354 τοῖς
1839 3290 1921 3345 οἱ-

269 3376 438 3441 κείοις
489 3377 700 3453 πάθεσι,
760 3376 910 3450 πόσῳ
967 3373 1170 3453 μᾶλλον
1241 3378 1269 3431 ὁ
1336 3376 1403 3432 τὰ
1456 3381 1545 3433 τοῦ
1606 3376 1919 3453 Δεσπότου;

278 3485 305 3520 ι
345 3455 478 3521 ’Ὑπὸ
505 3472 599 3523 τοῦ
629 3463 980 3546 ἁμαρτωλῶν.
1021 3486 1045 3523 ι
1084 3466 1156 3523 Τὸ
1197 3461 1253 3519 δὲ
1282 3471 1492 3539 μεῖζον,
1550 3462 1631 3520 ὅτι
1686 3468 1781 3521 καί
1825 3467 1925 3522 ὑπὸ

276 3556 608 3635 ἁμαρτωλῶν
689 3564 850 3615 ταῦτα
958 3552 1384 3631 ὑπομεμένηκεν,
1468 3552 1799 3633 Ἀντιλογῖαν
1870 3552 1926 3610 δέ

274 3645 409 3722 φησὶ
436 3647 527 3702 τὸν
571 3643 803 3724 γέλωτα,
861 3645 954 3707 τὰς
1000 3642 1237 3721 πληγὰς,
1297 3643 1391 3707 τὰς
1450 3641 1759 3723 χλευασίας,
1838 3645 1925 3700 καὶ

272 3731 375 3790 ὅσα
444 3734 728 3815 ἀντέλεγον
796 3747 913 3799 τοῖς
958 3736 1116 3792 αὐτοῦ
1163 3731 1391 3811 δόγμασι
1415 3808 1451 3815 Η
1475 3732 1564 3788 καὶ
1618 3728 1921 3809 διδάγμασι,

269 3825 362 3880 καὶ
391 3824 485 3889 τὰς
515 3824 600 3882 ἐπὶ
631 3808 722 3881 τοῦ
753 3821 979 3882 Πιλάτου
1033 3808 1286 3902 κραυγάς,
1349 3843 1377 3875 α
1415 3808 1538 3876 ’Ίνα
1583 3819 1660 3895 μὴ
1715 3808 1924 3895 κάμητε

265 3927 395 3978 ταῖς
426 3918 634 3994 ψυχαῖς
666 3915 838 3990 ὑμῶν.
877 3936 904 3968 ι)
964 3913 1023 3969 Εἰ
1072 3912 1173 3991 γὰρ
1226 3916 1389 3966 ταῦτα
1447 3906 1735 3987 λογιεῖσθε,
1769 3911 1919 3990 φησὶ,

265 4006 672 4081 στομωθήσεσθε
728 4004 859 4083 πρὸς
911 4002 1032 4066 τοὺς
1088 4000 1437 4079 πειρασμοὺς,
1495 3997 1685 4062 εἱδότες
1743 4022 1921 4075 μιμη-

262 4096 360 4161 τὰς
417 4094 633 4159 ἑαυτοὺς
691 4091 999 4172 γινομένους
1044 4098 1197 4153 Θεοῦ.
1263 4113 1283 4144 ι
1323 4086 1483 4147 Οὔπω
1535 4087 1726 4167 μέχρις
1756 4088 1923 4165 αἵμα-

262 4206 380 4251 τος.
421 4207 444 4243 ι
508 4181 904 4262 Ἐμαρτύρησεν
989 4183 1173 4243 αὐτοῖς
1229 4177 1498 4258 ἀνωτέρω,
1554 4176 1729 4235 πολλὰ
1755 4177 1918 4247 ἠθλη-

262 4275 444 4349 κέναι,
474 4273 527 4330 ἐν
557 4286 641 4354 οῖς
672 4295 827 4354 φησι,
858 4269 1068 4339 Πολλὴν
1098 4268 1317 4337 ἄθλησιν
1367 4269 1679 4345 ὑπεμεῖνατε
1736 4272 1916 4336 παθη-

269 4364 483 4440 μάτων.
544 4353 665 4421 υΙνα
689 4353 695 4354 ί
722 4362 811 4421 οὖν
870 4361 948 4439 μὴ
1034 4359 1349 4440 ἔπαρθῶσιν-
1414 4357 1475 4414 ἑκ
1533 4359 1717 4414 τούτου
1772 4356 1916 4438 λέγει

2007 3099 2187 3160 Patri
2214 3101 2569 3179 spirituum,
2603 3108 2659 3162 et
2690 3102 3002 3164 vivemus?

2095 3208 2118 3243 ιι
2154 3186 2492 3267 Recogitate
2515 3188 2698 3249 enim.
2727 3209 2755 3249 ii
2787 3187 2937 3253 Nam
2968 3190 3019 3251 si
3049 3191 3141 3253 his
3170 3192 3272 3274 qui
3319 3193 3660 3258 considerat

2007 3295 2431 3340 conservorum
2459 3278 2836 3355 afﬂictiones,
2870 3280 3344 3344 consolationem
3383 3283 3560 3347 habet
3591 3284 3656 3347 in

2006 3363 2129 3424 suis
2155 3365 2597 3441 alllictionibus,
2622 3375 2841 3447 quanto
2871 3368 3058 3448 magis
3088 3370 3190 3449 qui
3210 3370 3447 3433 Domini
3472 3373 3659 3435 amic-

2010 3452 2202 3515 tiones
2222 3454 2792 3537 animo_perpendit.
2833 3481 2861 3512 α
2887 3458 2942 3519 Α
2972 3459 3408 3538 peccatoribus,
3446 3487 3470 3520 tt
3521 3465 3656 3526 Ma-

1999 3542 2100 3622 jus
2122 3544 2281 3603 enim
2314 3547 2597 3625 est,quod
2628 3545 2803 3607 etiam
2822 3565 2856 3608 a
2880 3548 3299 3625 peccatoribus
3313 3550 3439 3613 haec
3470 3552 3656 3615 susti-

2005 3632 2225 3693 nuerit.
2258 3632 2775 3697 Contradictiones
2832 3644 3028 3698 autem
3087 3646 3254 3700 vocat
3283 3640 3651 3719 irrisionem,

2004 3721 2273 3797 verbera,
2303 3721 2818 3802 subsannationes,
2855 3734 2913 3785 et
2941 3743 3313 3807 quaecunque
3343 3729 3655 3791 contradi-

2007 3810 2222 3872 cebant
2269 3812 2568 3891 dogmatis
2604 3821 2662 3874 et
2687 3814 2976 3876 doctrinis
3025 3815 3256 3896 ipsius:
3291 3815 3573 3879 similiter
3596 3825 3659 3881 et

2005 3901 2295 3961 clamores
2325 3901 2538 3981 quibus
2567 3901 2676 3963 sub
2727 3902 2912 3965 Pilato
2971 3904 3469 3967 vociferabantur.
3508 3927 3532 3964 ι
3567 3905 3657 3970 Ne

2005 3989 2413 4069 defatigemini
2441 3991 2658 4052 animis
2681 3992 2952 4056 vestris.
2989 3992 3137 4055 Nam
3164 3994 3217 4057 si
3246 3995 3395 4071 haec,
3430 3994 3645 4077 inquit,

2003 4079 2200 4169 animo
2231 4080 3145 4160 perpenderitis,obdurabimini
3170 4084 3243 4146 ad
3273 4084 3653 4169 al'llictiones,

2002 4167 2265 4230 scientes
2290 4188 2387 4229 vos
2417 4169 2602 4233 factos
2632 4188 2763 4233 esse
2784 4170 2894 4233 Dei
2923 4172 3273 4237 imitatores.
3316 4195 3340 4231 ιι
3370 4167 3653 4238 Nondum

2002 4276 2190 4337 usque
2212 4258 2285 4319 ad
2317 4259 2728 4337 sanguinem.»
2764 4259 2831 4322 In
2861 4261 3270 4343 superioribus
3300 4263 3653 4326 testiﬁcatus

2003 4355 2091 4405 est
2122 4348 2209 4407 eis
2232 4349 2389 4428 quod
2422 4349 2744 4429 plurimum
2776 4352 3156 4426 certaverint,
3188 4351 3293 4414 ubi
3309 4351 3409 4414 ait:
3435 4351 3653 4433 Ingens

271 4428 388 4532 νῦν,
421 4449 501 4507 ὅτι
529 4450 687 4509 Οὔπω
712 4428 1428 4530 τελείωςήηγωνίσασθεηδεῖ
1467 4447 1597 4523 ὑμῖν
1660 4447 1747 4503 καὶ
1796 4428 1916 4503 ἐτέ-

2005 4444 2307 4497 certamen
2363 4439 2726 4500 sustinuistis
2773 4440 3164 4502 amictionum
3202 4463 3215 4500 :
3250 4460 3327 4503 ne
3371 4428 3549 4519 igitur
3578 4460 3652 4504 ex

275 4563 371 4621 ρου
400 4541 536 4605 τίνος
568 4557 582 4571 ⁸
615 4540 745 4622 ὅπερ
772 4544 861 4598 καὶ
916 4550 1070 4599 τοῦτο
1129 4536 1274 4604 εἶδός
1339 4535 1449 4594 ἐστι
1504 4534 1912 4617 παρακλήσεως,

271 4619 416 4699 φησὶ
444 4631 542 4712 γὰρ
570 4650 585 4665 ⁸
620 4619 798 4711 ’Ἄχρι
823 4628 1093 4708 διωγμῶν,
1131 4625 1280 4707 [ἄχρι
1306 4633 1403 4704 τῇς
1432 4629 1545 4712 τῶν
1567 4626 1917 4706 ὑπαρχόντων

268 4705 598 4801 ἀφαιρέσεως
632 4705 843 4799 ἦλθετε,
877 4705 998 4799 οὐκ]
1031 4705 1161 4798 ἄχρι
1190 4705 1477 4775 ἠθανάτου.
1531 4705 1588 4773 Ὀ
1638 4712 1693 4770 δέ
1719 4705 1917 4784 Ἰησοῦς

261 4812 490 4891 Χριστὸς
562 4807 691 4891 ἄχρι
732 4808 957 4866 θανάτου
1011 4806 1161 4876 ἦλθε.
1240 4826 1264 4862 a
1316 4807 1451 4883 Πρὸς
1521 4803 1621 4872 τὴν
1664 4804 1921 4883 ἁμαρτίαν

263 4900 771 4980 ἀνταγωνιζόμενοι.
823 4921 851 4953 ιι
896 4897 1134 4955 Δείκνυσι
1163 4896 1251 4953 καὶ
1306 4896 1404 4963 τὴν
1469 4895 1724 4972 ἁμαρτίαν
1783 4917 1920 4977 σφο-

261 4988 385 5071 δρὸν
430 4989 709 5067 πνέουσαν,
755 4989 844 5045 καὶ
897 4988 1111 5052 τούτους
1170 4984 1605 5064 ἀγωνιζομένους.
1653 4985 1724 5042 Τὸ
1794 4988 1916 5067 γὰρ,

270 5100 299 5136 ε
336 5077 796 5155 Ἀντικατέστητε,
834 5101 862 5134 ιο
910 5081 1028 5134 οἷον
1056 5078 1129 5141 εἷς
1185 5072 1491 5155 παράταξιν,
1529 5074 1601 5136 εἱς
1657 5071 1918 5156 πόλεμον,

258 5173 341 5236 ὡς
384 5170 474 5226 καὶ
537 5173 638 5237 τῆς
696 5166 955 5245 ἁμαρτίας
998 5164 1359 5231 ἀνθεστώσης.
1417 5185 1441 5221 ι
1480 5163 1576 5221 Καὶ
1636 5161 1919 5231 ἐκλέλησθε

259 5265 370 5328 τῆς
427 5256 838 5338 παρακλήσεως.
902 5280 929 5313 ι
991 5264 1276 5338 Τοσοῦτον,
1349 5252 1551 5338 -φησὶνὲ,
1610 5250 1919 5338 ᾗθυμήσατε

256 5342 357 5400 καὶ
428 5329 739 5414 ἐξαλύθητε,
807 5338 946 5397 ὥστε
1013 5338 1103 5394 καὶ
1159 5329 1265 5391 τῶν
1322 5329 1395 5397 εἰς
1450 5329 1684 5411 ἀνδρείαν
1742 5331 1918 5413 λόγων

256 5428 609 5496 ἐπιλέλησθε.
701 5434 869 5487 Τοῦτο
945 5425 1001 5483 δὲ
1084 5424 1236 5494 δῆλοι
1321 5423 1506 5488 αὐτοὺς
1589 5421 1916 5491 ἀπωκνηκό-

253 5544 385 5586 τας.
422 5523 483 5579 Οἱ
508 5521 609 5601 γὰρ
635 5525 863 5577 τοιοῦτοι
906 5519 994 5576 καὶ
1037 5523 1144 5574 τῶν
1201 5515 1254 5572 ἐν
1297 5515 1481 5595 χερσὶν
1535 5508 1915 5571 ἐπιλανθάνον-

252 5636 376 5673 ται.
418 5636 446 5669 α
493 5604 656 5677 "En;
698 5609 827 5686 ὑμῖν
853 5610 927 5674 ὡς
956 5611 1092 5671 υἱοῖς
1123 5603 1439 5683 διαλέγεται.
1478 5625 1507 5659 ι
1543 5605 1616 5661 Οὐ
1645 5603 1743 5682 γὰρ
1780 5606 1917 5668 υἱοῖς

250 5701 416 5770 ἰδίοις
459 5698 638 5766 ἐλάϐει
667 5697 946 5776 Σολομῶν,
974 5696 1112 5755 ἀλλὰ
1151 5695 1335 5761 κοινὴν
1395 5688 1731 5749 διδασκαλίαν
1763 5690 1917 5759 ἕξετί-

833 5857 1094 5927 ΡΑτιιοι..
1130 5858 1245 5923 Gn.
1277 5855 1488 5920 CXIX.

1998 4524 2114 4587 hoc
2144 4529 2590 4603 extollerentur,
2628 4529 2775 4590 dicit
2815 4549 2973 4592 nunc
3007 4548 3020 4593 :
3054 4528 3330 4592 Nondum
3389 4532 3653 4613 perfecte

2000 4616 2376 4693 decertastis,
2407 4636 2559 4698 opus
2592 4626 2681 4679 est
2715 4618 2882 4681 vobis
2914 4628 2973 4681 et
2998 4620 3116 4681 alio
3157 4620 3414 4701 quodam
3442 4639 3456 4681 :
3494 4621 3655 4701 quod

2001 4713 2059 4767 et
2090 4707 2203 4767 hoc
2250 4715 2338 4767 est
2366 4725 2553 4784 genus
2585 4709 3034 4772 exhortationis.
3068 4709 3167 4770 Ait
3196 4708 3357 4770 enim
3399 4730 3411 4767 τ
3454 4707 3656 4790 Usque

2004 4796 2075 4857 ad
2109 4796 2581 4875 persecutiones,
2611 4816 2799 4880 usque
2845 4799 2919 4859 ad
2968 4799 3310 4861 facultatum
3359 4797 3651 4879 direptio-

2004 4903 2141 4946 nem
2171 4886 2547 4966 pervenistis,
2573 4906 2693 4949 non
2721 4906 2912 4969 usque
2960 4888 3034 4950 ad
3064 4896 3323 4950 mortem
3352 4907 3365 4947 :
3402 4886 3651 4950 atJesus

2004 4974 2273 5039 Christus
2327 4977 2401 5038 ad
2459 4984 2713 5039 mortem
2766 4994 2954 5059 usque
2995 4976 3256 5039 devenit.
3295 5000 3324 5032 α
3353 4974 3655 5039 Adversus

2003 5074 2310 5145 peccatum
2356 5073 2774 5145 repugnantes.
2818 5090 2846 5121 ιο
2899 5064 3174 5129 Ostendit
3231 5072 3290 5127 et
3344 5073 3653 5145 peccatum

2003 5154 2406 5230 vehementer,
2442 5156 2691 5235 spirare,
2727 5163 2787 5216 et
2806 5154 2968 5235 ipsos
2990 5154 3267 5217 ediverso
3299 5154 3657 5218 certare.Ait

2001 5244 2187 5316 enim,
2233 5268 2250 5296 τι
2287 5243 2954 5326 Restitistis,»tanquam
2987 5245 3050 5305 in
3079 5243 3232 5326 acie,
3263 5253 3541 5325 tanquam
3590 5244 3656 5307 in

2001 5331 2182 5408 bello,
2216 5332 2398 5393 veluti
2446 5336 2622 5395 etiam
2674 5335 2990 5397 resistente
3020 5344 3288 5415 peccato.
3320 5358 3349 5390 α
3381 5332 3454 5394 Et
3484 5332 3656 5396 obliti

2002 5422 2147 5484 estis
2177 5422 2626 5488 exhortationis.
2648 5424 2870 5506 )Adeo,
2902 5423 3116 5506 inquit,
3152 5423 3490 5487 contristati
3509 5423 3658 5488 estis

2000 5511 2317 5593 animoque
2330 5512 2660 5593 dejecto,ut
2679 5514 2820 5575 etim
2837 5513 3008 5575 obliti
3027 5513 3162 5577 sitis
3182 5530 3532 5577 sermonum
3551 5511 3655 5594 qui

2000 5602 2075 5664 ad
2098 5602 2505 5665 forttiudinem
2527 5603 2903 5669 faciunt.Hoc
2922 5612 3119 5667 autem
3143 5603 3653 5685 signiﬁcateosve-

2002 5693 2317 5757 hementer
2344 5711 2559 5774 segnes
2576 5694 2820 5758 effectos
2838 5713 2851 5755 :
2867 5712 3005 5758 nam
3026 5692 3133 5777 qui
3150 5693 3305 5759 tales
3331 5699 3470 5756 sunt
3486 5689 3654 5755 obli-

3182 5855 3252 5918 14
