4136 6432
459 397 582 465 427

1602 393 2014 461 (ECUMENII
2056 392 2352 455 TRICC/E
2398 393 2731 457 EPISCOPI

3732 387 3853 453 428

455 537 773 599 viscuntur
795 533 969 596 etiam
993 550 1200 595 eorum
1222 550 1353 613 quae
1370 537 1511 594 sunt
1534 529 1596 591 iu
1624 527 1923 591 manibus.
1941 526 2115 600 «Quae

2210 532 2337 591 )ετο,
2376 530 2472 584 Διὰ
2513 536 2666 586 τοῦτο
2697 530 2779 602 τὸ,
2818 516 2954 591 "ac,
2993 545 3023 586 (
3052 524 3172 584 Ἀπ’
3214 531 3369 586 αὐτοῦ
3399 525 3782 606 ἐλεγχόμενος.
3822 541 3851 581 ι

458 624 628 688 vobis
650 630 926 703 tanquam
946 620 1084 682 ﬁliis
1107 621 1567 702 loquitur.»Non
1585 618 1742 680 enim
1769 616 2029 699 propriis
2054 616 2116 677 ﬁ-

459 714 557 777 liis
574 711 934 793 loquebatur
955 708 1217 784 Salomo,
1253 708 1355 770 sed
1379 725 1758 770 communem
1784 705 2116 767 doctrinam

458 803 523 866 in
538 800 800 865 medium
814 797 1470 880 promebat:propterea
1487 796 1570 857 ait
1592 795 1920 875 Tanquam.
1937 819 1958 849 ι
1971 795 2117 857 Cum

461 892 537 956 ab
562 910 632 954 eo
665 890 951 968 argueris.
980 911 1008 945 ι
1047 887 1299 951 Maxima
1328 896 1418 949 est
1449 884 1781 948 exhortatio
1814 892 1874 946 et
1900 902 2118 945 conso-

462 981 627 1056 latio,
681 978 837 1041 scire
869 975 1023 1057 quod
1058 995 1129 1037 ex
1176 974 1283 1038 Dei
1316 974 1717 1055 promissione
1749 972 1819 1035 ad
1856 982 2116 1034 nostram

463 1069 779 1133 utilitatem
809 1063 1233 1146 superveniant
1276 1063 1659 1139 aﬂlictiones,
1717 1060 2010 1142 siquidem
2043 1060 2117 1121 ad

466 1154 1006 1242 philosophandum
1037 1154 1321 1216 inducant
1348 1171 1457 1215 nos
1486 1151 1845 1242 aﬁlictioues
1899 1169 1912 1213 :
1951 1149 2115 1242 quod

469 1239 521 1311 si
551 1267 620 1310 ex
638 1245 746 1310 Dei
776 1242 1171 1325 permissione
1201 1240 1726 1324 superveniaut,ab
1760 1240 1890 1322 ipso
1912 1239 2119 1300 viden-

470 1345 570 1399 tur
615 1331 997 1415 supervenire
1028 1338 1086 1392 et
1113 1330 1375 1395 immitti.
1419 1356 1439 1385 ι
1467 1329 1656 1403 Quem
1707 1329 1867 1391 enim
1924 1328 2119 1408 diligit

468 1424 629 1488 Deus
654 1421 960 1502 corripit.»
983 1418 1289 1503 Siquidem
1326 1419 1520 1483 nullus
1546 1425 1736 1500 potest
1759 1435 2120 1499 quemquam

474 1512 793 1576 ostendere
805 1511 1034 1591 justum
1056 1507 1281 1588 absque
1296 1508 1616 1570 afﬂictione
1638 1529 1652 1571 :
1672 1506 1815 1566 420
1842 1509 2121 1588 quoniam

483 1626 507 1662 α
531 1608 777 1682 angusta
801 1606 861 1661 et
888 1604 1049 1661 arcta
1074 1604 1166 1661 est
1195 1597 1285 1658 via
1309 1615 1440 1678 quae
1473 1596 1633 1658 ducit
1663 1595 1733 1658 ad
1767 1595 1945 1656 vitam
1969 1595 2033 1646 73
2095 1620 2120 1649 ι

473 1689 681 1773 Itaque
709 1696 765 1751 et
795 1706 897 1749 vos
920 1686 1113 1767 quoad
1138 1686 1573 1748 correctionem
1605 1693 1771 1747 vocat
1802 1684 1979 1747 Deus.
2006 1704 2123 1746 non

474 1781 549 1844 ad
593 1776 972 1859 supplicium.
1025 1775 1113 1838 Eo
1162 1775 1293 1857 ipso
1341 1774 1520 1852 igitur
1573 1793 1689 1855 quo
1721 1792 1786 1837 se
1815 1773 2122 1836 existima-

475 1867 619 1931 bant
645 1885 678 1928 a
706 1865 829 1927 Deo
859 1863 1175 1926 derelictos
1205 1882 1360 1941 esse,
1398 1880 1615 1942 nempe
1647 1870 1888 1945 propter
1937 1862 2125 1924 afﬂic-

2202 618 2436 696 Μεγίστη
2481 617 2839 698 παράκλησις,
2888 620 2946 673 τὸ
2970 615 3163 674 εἰδέναι
3215 616 3296 672 ὅτι
3354 616 3488 672 κατὰ
3545 614 3801 694 συγχώρη
3834 631 3850 648 ⁶

2202 731 2283 763 σιν
2329 714 2458 764 Θεοῦ
2515 709 2647 788 πρὸς
2690 706 2948 785 ἡμέτερον
3005 705 3193 785 ὁφελος
3254 709 3299 762 οἱ
3346 706 3627 784 πειρασμοὶ
3691 702 3854 782 ἐπέρ-

2202 818 2417 876 χονται.
2454 799 2514 853 Αἱ
2582 797 2683 875 γὰρ
2731 795 2935 872 θλίψεις
2978 794 3292 877 φιλοσοφεῖν
3334 795 3618 852 πείθουσιν.
3678 793 3737 849 Ei.
3796 789 3853 847 δὲ

2202 886 2337 942 κατὰ
2386 886 2759 966 συγχώρησιν.
2797 884 3117 966 ἐπέρχονται
3163 891 3317 959 Θεοῦ,
3364 882 3489 963 παρ’
3548 885 3704 939 αἰτοῦ
3758 878 3855 936 δο-

2201 984 2379 1032 κοῦσιν
2407 973 2639 1036 ἐπιέναι,
2680 995 2701 1027 α
2738 958 2832 1031 ”ον
2875 974 2975 1051 γὰρ
3017 973 3199 1051 ἀγαπᾷ
3258 973 3469 1052 Κύριος,
3531 969 3780 1032 παιδεύει,
3819 991 3845 1026 ι

2203 1060 2378 1125 Οὗδεὶς
2449 1062 2549 1141 γὰρ
2606 1060 2816 1119 δύναται
2899 1059 3068 1127 δεῖξαι
3126 1059 3322 1118 δίκαιον
3378 1061 3545 1141 χωρὶς
3598 1057 3852 1137 θλίψεως,

2201 1149 2383 1219 ἐπειδὴ
2434 1174 2454 1206 ι
2505 1152 2662 1221 στενή
2695 1150 2805 1208 ἐστι
2849 1152 2937 1207 καὶ
2978 1149 3304 1226 τεθλιμμένη
3333 1152 3367 1217 ἡ
3424 1151 3495 1215 εἷς
3556 1152 3656 1216 τὴν
3710 1147 3855 1218 ζωὴν

2201 1238 2341 1303 ὁδός,
2380 1264 2406 1295 n
2483 1246 2770 1319 Τοιγαροῦν
2839 1241 2928 1296 καὶ
2983 1241 3119 1315 ὑμᾶς
3164 1241 3238 1303 εἰς
3322 1237 3554 1295 παιδείαν
3614 1234 3772 1294 καλεῖ
3827 1238 3857 1292 ὁ

2203 1331 2354 1398 Θεὸς,
2404 1334 2499 1389 οὐκ
2526 1331 2598 1393 εἰς
2629 1328 2869 1391 κόλασιν,
2917 1333 3068 1402 Αὐτῷ
3137 1329 3224 1385 οῦν
3353 1328 3593 1405 ἐνόμιζον
3622 1326 3856 1405 ἐγκατα-

2204 1416 2478 1497 λελεῖφθαι
2532 1415 2616 1475 διὰ
2673 1418 2793 1481 τοὺς
2819 1418 3166 1498 πειρασμοὺς,
3213 1415 3280 1473 δι’
3342 1417 3501 1473 αὐτοῦ
3554 1416 3721 1473 πείθει
3758 1415 3857 1470 αὒ-

2205 1510 2323 1572 τοῦς
2352 1510 2425 1573 ὡς
2456 1507 2508 1564 ἐν
2539 1507 2766 1589 φροντίδι
2809 1508 2907 1563 εἰσὶ
2960 1508 3103 1587 παρὰ
3132 1514 3209 1581 τῷ
3264 1511 3403 1580 Θεῷ.
3462 1507 3534 1563 Τὸ
3573 1506 3673 1585 γαρ
3702 1503 3858 1559 ἐναν-

2206 1599 2338 1671 τίον,
2398 1599 2580 1677 φησὶί,
2639 1596 2703 1665 ἦν
2762 1596 2824 1653 ἂν
2893 1596 3301 1677 ἐγκατάλεεψις,
3362 1599 3406 1653 εί
3478 1592 3597 1652 ἄνευ
3632 1594 3864 1671 θλίψεως

2207 1670 2438 1766 διήγετε..
2479 1709 2507 1742 α
2539 1670 2632 1744 "Ov
2662 1670 3044 1766 παραδέχεται,
3082 1709 3107 1743 ι
3168 1670 3291 1744 (‘er
3331 1682 3691 1766 παραδέχεται
3734 1670 3863 1762 παρ⁶

2208 1777 2399 1851 ἑαυτῷ,
2448 1777 2505 1833 ὃν
2576 1773 2966 1854 προσλαμϐάνει
3023 1778 3095 1840 εἷς
3165 1778 3227 1832 τὸ
3311 1776 3454 1832 εἶναι
3527 1779 3682 1833 αὐτοὶ
3726 1774 3860 1830 υἱόν.

2218 1886 2241 1921 α
2279 1855 2371 1929 Ὠς
2416 1868 2552 1928 υἱοῖς
2610 1866 2739 1940 ὑμῖν
2812 1865 3155 1945 προσφέρεται
3229 1868 3257 1921 ὁ
3328 1864 3480 1929 Θεός.
3514 1887 3535 1918 ο
3598 1863 3748 1921 Ἐπεὶ
3776 1862 3867 1919 οῦν

475 1958 696 2031 tiones,
722 1972 829 2035 per
855 1952 914 2016 id
946 1951 1157 2014 suadet
1178 1952 1265 2014 eis
1296 1952 1455 2034 quod
1494 1956 1614 2013 Deo
1646 1970 1805 2014 cura;
1829 1951 1975 2028 siut;
2007 1953 2125 2013 imo

2211 1953 2408 2032 δεῖγμα
2475 1957 2601 2011 υἱῶν
2670 1956 2731 2010 τὸ
2788 1952 3117 2011 παιδεύεσθαι
3182 1953 3492 2030 ὑπομένετε,
3554 1952 3705 2034 φησὶ,
3765 1950 3867 2018 τὴν

477 2043 749 2127 opposito
779 2042 958 2103 modo
991 2060 1004 2104 :
1042 2041 1324 2104 Derelicti
1354 2040 1871 2122 essetis,inquit,si
1898 2041 2123 2122 absque

2210 2042 2468 2105 παιδείαν,
2520 2044 2628 2101 Υἱοὶ
2656 2041 2711 2099 δὲ
2741 2050 2834 2099 τοῦ
2865 2051 2997 2103 Θεοῦ
3048 2046 3094 2100 οἱ
3125 2041 3337 2105 δίκαιοι.
3381 2063 3410 2102 ε
3456 2043 3515 2100 El.
3585 2039 3641 2097 δὲ
3697 2041 3867 2121 χωρὶς

478 2132 902 2199 afﬂictionibus
930 2130 1211 2211 ageretis.
1252 2156 1275 2187 ε
1294 2129 1481 2203 Quem
1524 2129 1809 2211 recipit.»
1832 2129 2019 2202 Quem
2052 2130 2122 2191 ad

2210 2133 2327 2190 ἐστὲ
2369 2131 2629 2196 παιδείας,
2661 2156 2689 2187 ι
2724 2133 2914 2197 Πείσας
2985 2139 3191 2212 πρῶτον
3259 2133 3366 2189 ἀπὸ
3423 2130 3749 2211 πραγμάτων
3791 2136 3872 2205 τῷ

479 2243 547 2288 se
575 2221 842 2303 suscipit,
869 2238 1046 2302 quem
1075 2219 1377 2301 accipitut
1405 2238 1550 2281 suus
1574 2219 1730 2281 ﬁlius
1763 2221 1857 2281 sit.
1898 2244 1923 2275 α
1946 2219 2125 2282 Velu-

2210 2235 2546 2301 παραγαγετν
2588 2220 2723 2286 τοὺς
2741 2222 3021 2287 τοσούτους
3077 2223 3256 2302 ἁγίους
3299 2220 3382 2280 διὰ
3437 2219 3665 2297 θλίψεως
3709 2218 3869 2297 ἄγω-

480 2314 530 2376 ti
548 2312 705 2375 ﬁlius
735 2311 907 2373 oﬂ'ert
936 2326 1003 2372 se
1031 2307 1196 2370 vobis
1223 2308 1403 2373 Deus.
1436 2333 1458 2367 ιι
1498 2307 1789 2381 Quoniam
1830 2308 2008 2388 igitur
2038 2308 2125 2369 in-

2213 2310 2543 2388 νισαμὲνους,
2572 2318 2661 2367 νῦν
2689 2312 2775 2368 καὶ
2846 2311 2951 2368 ἀπὸ
3006 2310 3277 2392 λογισμῶν
3321 2311 3656 2389 ἀνθρωπίνων
3735 2321 3871 2365 πεῖ-

482 2402 706 2466 dicium
733 2400 991 2462 ﬁliorum
1016 2407 1105 2460 est
1135 2398 1380 2477 corripi,
1417 2399 1689 2472 tolerate,
1723 2398 1939 2480 inquit,
1975 2397 2125 2460 afﬂi-

2215 2423 2301 2457 σαι
2344 2399 2529 2465 αὖτοὺς
2590 2398 2878 2480 ἐπιχειρεῖ,
2946 2423 2974 2456 α
3026 2391 3175 2480 ’Ἄρα
3218 2400 3363 2458 νόθοι
3423 2399 3572 2479 ἐστὲ,
3646 2398 3733 2455 καὶ
3762 2401 3875 2478 οὗχ

484 2491 765 2555 ctionem.
820 2486 958 2551 Filii
1001 2494 1200 2550 autem
1253 2488 1363 2552 Dei
1422 2502 1553 2549 sunt
1609 2487 1778 2567 justi.
1818 2511 1843 2543 α
1874 2485 2042 2559 Quod
2086 2486 2125 2548 si

2215 2490 2335 2551 υἱοί.
2376 2509 2406 2549 )
2443 2491 2499 2546 Εἰ
2542 2488 2629 2547 οῦν
2660 2489 2825 2545 νόθων
2853 2490 2951 2565 μὲν
2994 2502 3225 2566 σημεῖον
3275 2491 3337 2545 τὸ
3400 2489 3479 2564 μὴ
3508 2486 3874 2567 παιδεύεσθαι,

484 2580 664 2644 alieni
689 2577 835 2641 estis
858 2595 894 2639 a
920 2576 1327 2656 castigatione.
1366 2602 1385 2634 ι
1423 2574 1537 2639 Ubi
1569 2594 1602 2638 a
1631 2576 1808 2639 rebus
1838 2576 1984 2657 ipsis
2004 2594 2125 2638 sua-

2218 2578 2451 2656 γνησίων
2480 2575 2625 2634 δὲτὸ
2668 2575 3019 2642 παιδεύεσθαι,
3069 2575 3174 2655 δεῖ,
3232 2578 3384 2660 φησὶ,
3440 2576 3646 2657 χαίρειν
3690 2573 3774 2631 ἐπὶ
3800 2581 3874 2651 τῇ

487 2671 685 2745 sisset,
711 2683 930 2747 nempe
959 2673 1043 2726 tot
1072 2667 1296 2727 sanctis
1335 2666 1399 2727 in
1431 2665 1694 2727 medium
1738 2664 2009 2727 adductis
2039 2670 2125 2746 qui

2221 2664 2457 2740 παιδείᾳ.
2537 2688 2560 2723 ι
2620 2668 2717 2725 Καὶ
2771 2665 3154 2747 ἐνετρεπόμεθα
3214 2690 3242 2724 ι
3320 2664 3616 2742 Ἠκούομεν
3673 2665 3872 2743 αὖτῶν,

488 2776 597 2841 per
624 2755 979 2819 afﬂictioues
1026 2753 1501 2835 decertaverant,
1535 2773 1691 2815 nunc
1740 2752 1812 2815 ab
1863 2754 2125 2815 humani:

2223 2757 2374 2837 φησὶ,
2461 2757 2549 2812 καὶ
2630 2758 2957 2841 ηρυθριῶμεν
3039 2757 3248 2821 αὐτούς.
3321 2780 3348 2813 ι
3395 2760 3483 2829 Τῷ
3528 2754 3689 2835 Πατρὶ
3766 2754 3879 2809 τῶν

485 2836 820 2910 rationibus
845 2842 1055 2905 nititur
1081 2842 1229 2924 ipsis
1259 2842 1645 2924 persuadere.
1686 2864 1709 2900 α
1746 2841 1930 2923 Igitur
1958 2844 2123 2923 spuri

2226 2836 2560 2921 πνευμάτων.
2602 2836 2806 2903 ι”Ητοι
2836 2853 2942 2903 τῶν
2968 2847 3340 2927 χαρισμάτων,
3373 2844 3411 2914 ἣ
3438 2847 3545 2902 τῶν
3575 2848 3791 2924 ψυχῶν,
3837 2842 3880 2911 ἢ

490 2936 659 3016 estis,
695 2941 753 2997 et
780 2951 900 2994 non
931 2931 1062 2994 ﬁlii.
1094 2957 1121 2989 »
1150 2930 1214 2995 Si
1240 2950 1380 3013 ergo
1412 2932 1648 3012 signum
1682 2932 2020 3012 spuriorum
2056 2950 2120 2994 es

2226 2942 2331 2992 τῶν
2360 2934 2660 3010 ἀσωμάτων
2689 2934 2985 3011 δυνάμεων,
3026 2960 3050 2991 ιι
3087 2937 3187 2993 Καὶ
3227 2937 3485 3011 ζήσομεν.
3517 2958 3543 2990 ι
3578 2940 3741 2992 Τοῦτο
3775 2933 3882 3011 γὰρ

490 3043 612 3087 non
641 3021 936 3102 castigari,
981 3020 1382 3101 legitimorum
1426 3029 1623 3082 autem
1678 3020 1937 3083 ﬁliorum
1962 3021 2125 3083 casti-

2225 3024 2361 3097 ζωὴ,
2409 3025 2470 3079 τὸ
2510 3025 2870 3105 ὑποτετάχθαι
2903 3032 3041 3101 Θεῷ,

489 3112 639 3195 gari,
698 3117 949 3193 oportet,
1009 3109 1220 3191 inquit,
1274 3111 1350 3173 de
1399 3110 1783 3189 castigatione
1814 3110 2094 3190 gaudere.
2134 3137 2160 3168 α
2193 3111 2262 3175 Ει
2292 3110 2533 3175 reveriti
2584 3132 2792 3175 sumus
2823 3113 2979 3177 i'los.
3037 3138 3065 3170 ι
3100 3111 3526 3190 Audiebamus,
3561 3111 3773 3192 inquit,
3808 3128 3885 3173 ac

490 3200 913 3266 reverebamur
940 3198 1101 3262 illos.
1137 3223 1163 3255 α
1194 3198 1353 3261 Patri
1385 3199 1726 3281 spirituum.
1767 3223 1790 3257 υ
1827 3200 1960 3263 Sive
1989 3201 2387 3282 spiritualium
2417 3202 2711 3265 donorum
2740 3204 2864 3267 sive
2891 3204 3224 3266 animarum
3253 3210 3351 3265 aut
3388 3202 3882 3283 incorporearum

491 3293 799 3354 virtutum.
843 3286 954 3349 «Et
978 3287 1303 3350 vivemus.)
1341 3287 1488 3351 Nam
1513 3289 1639 3351 haec
1665 3300 1757 3350 est
1784 3288 1925 3365 vita,
1960 3290 2175 3371 subjici
2205 3290 2352 3354 Deo.

567 3378 694 3455 ΧΠ,
712 3386 733 3439 4
748 3378 842 3441 0-1
860 3380 883 3441 1
900 3426 914 3440 .
932 3378 981 3438 A
994 3383 1131 3458 tque
1162 3378 1254 3440 illi
1282 3379 1530 3457 quidem
1550 3378 1630 3442 ad
1640 3396 1863 3459 paucos
1880 3380 2008 3443 dies
2026 3398 2125 3461 pre

2308 3405 2335 3438 α
2368 3383 2429 3441 Oi
2471 3383 2568 3459 μὲν
2596 3383 2697 3462 γὰρ
2724 3384 2857 3462 πρὸς
2900 3384 3080 3464 ὀλίγας
3132 3382 3334 3464 ἡμέρας
3376 3383 3514 3441 κατὰ
3572 3384 3636 3439 τὸ
3691 3380 3880 3440 δοκοῦν

494 3469 801 3534 arbitratu
829 3483 939 3529 suo
970 3484 1077 3529 nos
1092 3467 1493 3531 erudiebant:
1526 3468 1625 3530 hic
1646 3474 1848 3531 autem
1882 3470 1962 3533 ad
1983 3488 2125 3533 com-

2229 3473 2413 3536 αὒτοτς
2486 3470 2780 3552 ἐπαίδευον,
2852 3475 2881 3530 ὁ
2950 3471 3005 3529 δὲ
3054 3474 3141 3531 ἐπὶ
3206 3475 3268 3530 τὸ
3339 3472 3601 3555 συμφέρον
3662 3473 3733 3535 είς
3817 3474 3886 3528 τὸ

492 3559 740 3623 modum
770 3562 1065 3629 nostrum,
1097 3557 1165 3619 in
1194 3556 1304 3620 hoc
1335 3565 1404 3618 ut
1426 3558 1743 3637 impartiat
1770 3558 1942 3620 nobis
1964 3577 2125 3623 sanc-

2232 3558 2553 3637 μεταλαϐετν
2624 3565 2723 3628 τῆς
2791 3561 3075 3641 ἁγιότητος
3165 3563 3342 3622 αὐτοῦ.
3422 3568 3571 3619 Πᾶσα
3625 3558 3679 3617 δὲ
3745 3582 3887 3617 παι-

494 3648 814 3714 timoniam
843 3662 1045 3707 suam.
1074 3647 1287 3708 Omnis
1310 3653 1512 3709 autem
1546 3648 1872 3728 castigatio
1902 3648 1968 3709 in
1995 3666 2125 3729 prae

2230 3648 2340 3707 δεία
2406 3652 2537 3729 πρὸς
2580 3649 2677 3726 μὲν
2733 3652 2796 3707 τὸ
2864 3654 3053 3733 παρὸν,
3128 3656 3187 3711 οὖ
3265 3651 3417 3709 δοκεῖ
3498 3656 3672 3731 χαρᾶς
3741 3663 3887 3706 εἶναι

493 3755 634 3802 sens
663 3734 904 3816 quidem
935 3751 1060 3796 non
1088 3735 1337 3798 videtur
1364 3752 1493 3798 ssse
1536 3735 1771 3816 gaudii,
1802 3737 1903 3800 sed
1927 3754 2149 3801 maero-

493 3830 605 3892 ris.
640 3828 941 3905 Atpostea
960 3822 1233 3903 fructum
1262 3826 1674 3905 tranquillum
1710 3826 1969 3906 jus-titius
2001 3828 2147 3890 red-

497 3917 591 3980 dit
620 3914 718 3978 his
737 3914 844 3994 qui
862 3929 975 3993 per
1003 3911 1174 3974 illam
1193 3915 1429 3993 fuerint
1454 3916 1798 3980 exercitati.

586 4023 616 4065 (
647 4004 840 4084 Atque
887 4000 974 4062 illi
1003 4000 1242 4081 quidem
1303 4001 1377 4063 ad
1428 4022 1647 4084 paucos
1697 4003 1850 4068 dies.
1888 4030 1914 4061 ιι
1948 4004 2153 4088 Neque

497 4093 659 4156 enim
709 4098 959 4173 possunt
1005 4109 1114 4152 nos
1158 4109 1399 4172 semper
1426 4091 1728 4155 instruere
1759 4102 1823 4155 ut
1863 4096 2155 4172 perfectos

2231 3738 2369 3796 ἀλλὰ
2436 3738 2635 3807 λύπης.
2721 3738 2937 3821 ὕστερον
3006 3739 3084 3822 δὲ,
3155 3742 3359 3820 καρπὸν
3437 3740 3704 3819 εἰρηνικὸν
3761 3752 3887 3804 τοῖς

2233 3827 2300 3885 δι’
2414 3827 2577 3896 αὐτῆς
2704 3829 3157 3908 γεγυμνασμένοις
3277 3827 3560 3887 ἀποδίδωσι
3683 3826 3892 3885 δικαιο-

2234 3939 2454 4065 σωάλςὸὶ
2512 4007 2608 4083 μὲν
2664 4008 2764 4088 γὰρ
2805 4008 2937 4087 πρὸς
2992 4006 3175 4088 ὅλίγας
3218 4007 3447 4089 ἡμέρας.
3499 4030 3524 4066 ι
3587 4007 3716 4067 Οὐδὲ
3784 4010 3894 4089 γὰρ

2233 4096 2477 4176 ἰσχύουσι
2535 4094 2710 4153 διόλου
2763 4095 3029 4154 παιδεύειν
3086 4100 3255 4174 ἡμᾶς,
3287 4097 3381 4154 ἵνα
3434 4095 3665 4164 τελείους
3718 4096 3892 4178 ἐργά-

495 4180 749 4244 reddant
777 4201 789 4237 :
813 4178 971 4240 Deus
999 4187 1194 4240 autem
1227 4180 1331 4260 qui
1358 4198 1599 4262 semper
1646 4182 1841 4245 erudit
1869 4192 1928 4246 et
1958 4185 2125 4247 casti-

2236 4207 2432 4245 σωνται
2463 4205 2477 4219 ⁸
2512 4191 2539 4246 ὁ
2613 4188 2669 4245 δὲ
2716 4191 2845 4254 Θεὸς
2916 4190 2997 4247 ἀεὶ
3052 4188 3336 4266 παιδεύων,
3396 4188 3626 4254 τελείους
3708 4203 3891 4255 ποιεῖ,

500 4278 618 4366 gat,
648 4267 940 4349 perfectos
960 4266 1179 4366 reddit.
1203 4266 1394 4366 Patris
1423 4286 1681 4366 namque
1713 4290 1872 4333 mors
1901 4282 2001 4334 aut
2037 4274 2120 4336 ﬁli

2250 4284 2293 4334 Π
2323 4278 2423 4357 γὰρ
2452 4278 2673 4341 θάνατος
2737 4277 2831 4335 τοῦ
2883 4280 3107 4358 πατρὸς,
3160 4278 3197 4347 ἢ
3253 4276 3467 4345 αὔξησις
3522 4285 3616 4336 τοῦ
3667 4278 3890 4361 παιδὸς,

499 4359 968 4431 incrementum,
1012 4356 1168 4417 sistit
1195 4357 1661 4435 castigationem.
1702 4362 1812 4422 Pro
1859 4361 2125 4425 arbitrati

2229 4365 2414 4433 ἵστησι
2452 4368 2552 4435 τὴν
2593 4364 2850 4427 παιδείαν.
2891 4391 2919 4423 ιι
2955 4356 3100 4427 κοινὰ
3141 4369 3203 4423 τὸ
3261 4364 3448 4425 δοκοῦν
3503 4369 3709 4432 αὐτοῖς.
3750 4391 3775 4426 ι
3811 4356 3894 4427 Τδ

500 4465 699 4508 δυο.»
726 4442 893 4543 Quod
924 4451 1120 4543 autem
1134 4443 1305 4543 hpatri
1336 4444 1589 4522 videtur,
1625 4467 1741 4510 non
1766 4468 2007 4531 semper
2026 4452 2125 4515 ﬁlii

2230 4453 2284 4510 δὲ
2314 4452 2497 4512 δοκοῦν
2566 4462 2643 4531 τῷ
2678 4458 2857 4536 πατρὶ,
2920 4460 2980 4515 οὗ
3036 4457 3248 4521 πάντως
3292 4454 3559 4514 λυσιτελεῖ
3628 4464 3705 4532 τῷ
3761 4460 3892 4532 υἱῷ,

500 4535 800 4628 ριόὁθδίξ⁸
816 4531 1109 4613 siquidem
1130 4532 1473 4628 frequenter
1500 4535 1719 4599 docent
1749 4547 1953 4619 turpes
1969 4541 2125 4603 etian

2235 4547 2331 4628 Kal
2360 4545 2460 4625 γὰρ
2526 4531 2799 4611 πολλάκις*
2842 4531 2941 4603 καὶ
3009 4547 3233 4628 αἰσχρὰς
3290 4543 3585 4603 διδάσκουσι
3657 4546 3893 4628 τέχνας.

500 4621 842 4689 artes.«Hic
868 4628 1064 4683 autem
1097 4622 1168 4683 ad
1200 4622 1574 4686 commodum
1611 4635 1939 4689 nostrum.»
1972 4633 2125 4693 Porri

2244 4658 2269 4688 ιι
2308 4621 2450 4693 Ὀδέ
2494 4633 2579 4693 ἐπὶ
2633 4637 2694 4692 τὸ
2738 4636 3020 4717 συμφέρον.
3186 4632 3240 4691 δὲ
3280 4638 3430 4710 Θεὸς,
3504 4638 3566 4692 τὸ
3622 4621 3897 4716 συμφέρον

500 4714 665 4805 Deus
691 4729 931 4805 semper
960 4715 1976 4805 nostramvenaturutilitatem.Non
1991 4720 2125 4782 enin

2210 4726 2370 4799 ,ἡμῖν
2398 4724 2479 4781 ἀεὶ
2534 4727 2778 4805 θηρᾶται,
2830 4714 2918 4783 0'6-
2956 4727 3057 4804 γὰρ
3108 4723 3202 4783 ἵνα
3267 4722 3406 4802 λάϐῃ
3456 4748 3507 4783 τι
3548 4722 3675 4805 παρ’

499 4810 565 4867 ut
593 4800 814 4896 aliquid
845 4817 880 4862 a
908 4799 1081 4861 nobis
1108 4800 1381 4882 accipiat,
1414 4806 1914 4896 quemadmodum
1958 4817 2120 4890 patre

2236 4814 2412 4892 ὥσπερ
2440 4799 2652 4873 οἱκατὰ
2680 4815 2848 4894 σάρκα
2904 4799 3152 4896 πατέρες,
3223 4815 3290 4871 τὰ
3352 4799 3473 4871 καθ’
3737 4799 3899 4872 οἶκο-

500 4891 854 4985 secundum
891 4907 1157 4972 carnem,
1188 4899 1391 4985 nostra
1438 4892 1744 4975 dispensat
1776 4914 1789 4958 :
1826 4898 1930 4959 sed
1957 4910 2021 4960 ut
2051 4898 2125 4962 de

2236 4891 2414 4979 νομεῖ,
2460 4902 2581 4962 ἀλλ’
2607 4904 2699 4961 ἵνα
2730 4891 2825 4979 δῷ,
2857 4905 2944 4961 καὶ
2997 4891 3074 4979 δῷ
3134 4891 3193 4963 οῦ
3223 4903 3410 4984 μικρόν
3465 4925 3538 4985 τι,
3572 4891 3734 4966 νᾶλλὰ
3788 4908 3903 4973 τῆς

503 4982 791 5082 potius,et
819 4980 923 5082 det
950 4998 1069 5042 non
1101 4979 1401 5081 mediocre
1429 4982 1756 5065 quidpiam,
1790 4988 1896 5049 sed
1930 4988 2117 5050 sancti

2237 4993 2548 5071 ἁγιότητος,
2594 4993 2852 5074 τουτέστι,
2905 4998 3004 5061 τῆς
3062 4979 3446 5073 καθαρότητος,
3506 4979 3644 5051 ὥστε
3716 4992 3900 5060 ἀξίους

506 5071 766 5171 moniam
779 5071 935 5171 ,_hoc
961 5071 1406 5171 est,puritatern
1416 5091 1430 5134 :
1451 5079 1536 5171 ut.
1551 5082 1837 5153 quantum
1873 5076 2125 5159 possibili

2236 5086 2414 5171 αὐτοῦ,
2448 5081 2574 5140 ὅσον
2617 5071 2851 5164 ἐφικτὸν,
2909 5082 3171 5163 γενέσθαι.
3203 5071 3236 5140 τε
3284 5088 3438 5140 Πᾶσα
3475 5081 3531 5139 δὲ
3587 5081 3814 5171 παιδᾴι.
3860 5106 3893 5144 ι

508 5158 815 5254 εει,θίεηὶ
848 5177 919 5220 eo
949 5159 1296 5223 elﬁciamur.
1328 5157 1573 5223 «Omnis
1601 5171 1796 5225 autem
1830 5154 2085 5228 erhditio
2119 5191 2125 5224 τ

2238 5154 2411 5229 Πάλιν*
2446 5172 2542 5231 ἐπὸ
2572 5154 2669 5242 τηὲ
2699 5154 2885 5240 κοινῆς
2923 5154 3140 5237 ’ἐννοίας
3208 5172 3305 5237 τὰς
3356 5172 3598 5254 ἀφορμὰς
3628 5154 3901 5249 lauabat.

510 5249 648 5349 4:2!
690 5250 950 5349 Rursum
982 5249 1340 5347 acommuni
1368 5248 1757 5330 intelligentia
1777 5255 2125 5320 sumitocca‘

2236 5267 2334 5328 τῆς
2366 5263 2747 5341 παραινέσεως,
2807 5262 2895 5322 καί
2964 5285 3094 5344 φησι
3126 5280 3139 5295 ⁶
3198 5285 3226 5318 α
3286 5248 3714 5320 Πᾶσαμπαιδεία
3748 5286 3777 5319 ι
3835 5265 3907 5322 οῦ

508 5336 710 5437 siones
732 5336 1245 5419 exhortationis,et
1268 5337 1376 5399 ait:
1411 5336 1661 5402 «Omnis
1690 5343 2008 5420 eruditio,»
2036 5364 2125 5408 n01

2240 5336 2457 5427 μόνονῆ
2488 5336 2845 5428 πνευματικὴ,
2878 5336 3016 5408 ἀλλᾶ
3043 5353 3133 5410 καὶ
3186 5353 3221 5421 ἡ
3253 5352 3504 5431 σαρκικὴ,
3570 5376 3597 5408 α
3634 5351 3693 5409 οῦ
3741 5350 3907 5412 δοκεῖ

508 5424 832 5526 spiritualis
849 5424 1060 5497 solum,
1086 5424 1190 5486 sed
1217 5431 1276 5487 et
1292 5427 1742 5501 carnalis,nnon
1771 5432 2006 5497 videtur
2026 5454 2121 5497 ess

2241 5424 2413 5521 χαρᾶς
2458 5424 2630 5506 εἶναι..
2664 5465 2687 5497 ι
2724 5424 2915 5504 Καλῶς
2941 5442 3025 5517 τὸ,
3064 5450 3247 5500 Δοκεῖ.
3294 5424 3367 5501 όῦ
3408 5424 3508 5521 γὰρ
3535 5439 3750 5509 άληθῶς
3781 5441 3906 5501 ἐστι

510 5513 710 5595 gaudii
737 5538 765 5572 ι
790 5511 978 5590 Recte
1007 5521 1203 5575 autem
1234 5513 1398 5589 dicit,
1449 5515 1735 5582 Videtur:
1771 5539 1965 5603 neque
1994 5525 2125 5587 enin

2468 5537 2588 5596 Πῶς
2658 5531 2758 5610 γὰρ
2816 5528 2878 5587 ἂν
2930 5511 3023 5597 εἴη
3080 5531 3271 5611 κυρίως
3572 5529 3909 5613 εὖφροσύνης

498 5712 505 5715 -
590 5675 655 5728 75
679 5675 883 5742 Matth.
913 5690 1018 5753 vn,
1054 5676 1152 5736 M.
