4136 6436
316 371 436 437 429

1420 374 1816 438 COMMENT.
1867 364 1948 426 IN
1993 361 2234 425 EPIST.
2282 362 2381 424 AD
2419 362 2647 424 HEBR.

3588 361 3709 430 430

316 505 444 562 οὖσα
474 507 654 585 μήτηρ
681 525 695 586 ;
729 504 878 562 Ἀλλ’
909 508 982 570 ὡς
1014 509 1141 584 πρὸς
1168 509 1312 583 ἡμᾶς
1345 507 1464 570 τοὺς
1495 503 1763 605 δυσχερῶς
1796 504 1974 585 φέρον-

2066 515 2197 558 vere
2230 516 2447 559 mceror
2495 504 2619 559 est:
2657 496 2955 578 quomodo
2987 499 3146 561 enim
3194 501 3433 582 proprie
3487 517 3708 562 mceror

315 617 409 659 τας
438 597 532 658 διας
561 593 825 676 παιδείας,
857 597 943 676 τὸ,
990 602 1194 678 Δοκεῖ,
1214 596 1425 677 εἴρηται
1456 596 1619 669 αὐτῷ,
1653 617 1676 651 lt
1707 585 1968 672 υι’στερον

316 681 392 743 δέ.
431 707 453 743 ι
493 686 638 741 Μετᾶ
665 686 766 764 γὰρ
828 685 926 752 τὴν
992 686 1209 743 ἐνταῦθα
1279 683 1539 761 παιδείαν,
1613 684 1728 741 ἐκεῖ
1784 683 1970 740 λοιπὸν

319 773 524 853 εἰρήνη,
576 775 888 853 εὖφροσύνη,
969 772 1296 848 δικαιοσύνη,
1401 775 1490 830 καὶ
1574 772 1672 829 ὅσα
1727 779 1966 850 τοιαῦτα,

326 885 349 918 ι
385 872 510 925 Τοῖς
541 860 608 918 δι’
649 863 812 932 αὖτῆς
884 864 1356 943 γεγυμνασμένοις,
1397 887 1420 916 n
1472 864 1724 940 Γυμνάζει
1768 858 1866 940 ἄρα
1933 862 1966 927 ἡ

318 949 523 1007 παιδεία
608 953 737 1032 πρὸς
786 953 976 1032 ἀρετὴν
1047 955 1136 1009 καὶ
1205 952 1429 1034 ἀλείφει,
1506 950 1968 1030 Γε-ρμνασμένους

319 1037 373 1096 δέ
428 1061 555 1121 φησι
629 1042 750 1108 τοὺς
822 1043 957 1117 μετὰ
1055 1041 1414 1122 μακροθυμίας
1514 1044 1600 1097 καὶ
1695 1041 1967 1114 ὑπομονῆς

321 1129 631 1208 ἐνεγκόντας
658 1131 757 1198 τὴν
787 1129 1049 1189 παιδείαν.

949 1407 1200 1462 ΚΕΦΑΛ.
1237 1395 1350 1465 in'.

328 1512 356 1543 α
403 1491 524 1572 ῌερὶ
556 1571 559 1572 ν
597 1491 961 1570 σωφροσύνης,
1015 1490 1116 1555 ἕως
1166 1495 1353 1572 ,καιρὸς
1435 1491 1827 1572 κατορθώσεως,
1857 1568 1866 1572 _
1892 1489 1969 1564 μὴ

403 1568 756 1651 ἀποτύχωμξεν
816 1572 976 1639 αὖτῆς
1032 1574 1104 1635 ὡς
1162 1568 1351 1650 Ἠσαῦ,
1413 1573 1491 1649 μὴ
1570 1568 1752 1651 ἐὒρὼν
1808 1568 1969 1626 τόπον

404 1653 684 1726 μετανοίας
695 1699 710 1714 ,
747 1675 774 1707 ι

412 1774 437 1808 α
477 1754 570 1809 Διὸ
625 1754 720 1818 τὰς
781 1753 1103 1834 παρειμένας
1162 1767 1352 1834 χεῖρας
1419 1756 1506 1812 καὶ
1560 1755 1626 1810 τὰ
1681 1751 1973 1832 παραλελυ-

322 1843 458 1920 μένα
556 1844 754 1921 γόνατα
852 1844 1204 1925 ἀνορθώσατε,
1321 1847 1409 1902 καὶ

2055 603 2188 647 esse
2212 594 2430 668 posset,
2467 606 2600 648 cum
2634 586 2708 647 sit
2730 595 2920 649 mater
2947 588 3177 652 laetitia?
3209 589 3315 652 sed
3339 601 3619 669 tanquam
3633 588 3704 650 ad

2053 693 2161 734 nos
2211 676 2480 755 loquens,
2515 676 2661 736 dixit
2692 698 2704 738 :
2741 676 3013 756 Videtur,
3069 677 3170 759 qui
3209 678 3608 740 eruditionem
3641 698 3708 740 ac

2053 763 2494 843 castigationem
2529 765 2782 846 graviter
2813 767 3080 828 ferimus.
3124 791 3146 823 (ι
3174 767 3248 830 At
3277 777 3538 850 postea.»
3569 767 3710 828 Post

2052 862 2406 933 praesentem
2446 857 2602 916 enim
2649 855 3069 930 eruditionem,
3114 876 3222 938 pax
3253 857 3366 919 erit
3394 858 3453 918 in
3483 857 3704 932 futuro,

2052 941 2252 1003 laetitia
2297 962 2364 1004 ac
2392 943 2624 1024 justitia
2656 954 2713 1006 et
2745 964 3112 1026 quaecunque
3163 955 3300 1008 sunt
3340 945 3704 1026 bujusmodi.

2059 1056 2083 1086 α
2119 1031 2223 1093 His
2250 1033 2350 1113 qui
2398 1050 2504 1111 per
2555 1033 2718 1095 illam
2763 1035 2986 1096 fuerint
3037 1035 3362 1098 exercitati.
3401 1062 3426 1092 »
3458 1035 3709 1097 Exercet

2053 1139 2196 1182 sane
2228 1136 2290 1183 et
2318 1122 2549 1202 inungit
2574 1123 2874 1202 castigatio
2906 1124 2979 1184 ad
3013 1123 3309 1186 virtutem.
3345 1123 3708 1186 Exercitatos

2052 1219 2248 1272 autem
2281 1211 2426 1272 dicit
2457 1231 2560 1274 eos
2579 1212 3336 1293 quiperlonganimitatem
3369 1221 3427 1275 et
3457 1213 3709 1275 toleran-

2051 1300 2190 1360 tiam
2227 1300 2496 1362 tulerunt
2524 1301 3002 1382 castigationem.

2642 1402 2886 1467 CAPUT
2931 1403 3137 1468 XVIII.

2054 1493 2148 1556 De
2178 1498 2597 1578 temperantia,
2631 1498 2776 1561 dum
2802 1500 3038 1561 occasio
3076 1500 3260 1562 datur
3290 1502 3705 1563 correctionis:

2132 1593 2210 1662 ne
2239 1593 2550 1662 careamus
2601 1597 2675 1662 ea
2705 1585 2771 1640 in
2800 1580 3046 1641 modum
3076 1580 3273 1662 Esau,
3309 1583 3416 1662 qui
3439 1590 3709 1662 postmo-

2135 1655 2281 1717 dum
2310 1675 2435 1720 non
2467 1660 2704 1721 invenit
2731 1665 3098 1739 paenitentiae
3126 1655 3343 1724 locum:

2136 1749 2261 1825 XII,
2304 1753 2511 1816 l2-l7.
2544 1754 2924 1834 Quapropter
2951 1773 3174 1817 manus
3204 1758 3489 1819 remissas
3520 1763 3579 1819 et
3597 1774 3710 1836 ge-

1521 1845 1740 1924 τροχιὰς
1818 1843 1971 1918 ὀρθὰς

2066 1857 2182 1901 nua
2212 1840 2410 1904 soluta
2441 1841 2760 1923 subrigite,
2794 1853 2850 1905 et
2881 1845 3067 1921 facite
3092 1855 3158 1908 ut
3190 1845 3338 1907 recti
3378 1847 3499 1906 sint
3541 1862 3710 1925 gres-

321 1933 582 2002 ποιήσατε
651 1946 767 1996 το⁴ς
837 1936 989 1991 ποσὶν
1045 1935 1214 2009 ὑμῶν,
1263 1935 1359 1992 ἴνα
1414 1935 1492 2010 μη
1539 1939 1600 1990 το
1662 1931 1845 2013 χωλὸν
1872 1934 1970 1987 εκ-

2066 1946 2155 1990 ςιιε
2177 1930 2432 2010 pedibus
2462 1920 2698 2012 vestris,
2736 1951 2814 1994 ne
2852 1920 3223 1996 claudicatio
3253 1935 3494 1997 aberret
3521 1920 3562 1994 ά
3580 1935 3707 2010 via,

317 2027 520 2101 τραπῇ,
592 2022 712 2098 ίαθῇ
769 2021 822 2078 δὲ
901 2022 1125 2099 μᾶλλον.
1221 2025 1446 2104 Εἰρήνην
1529 2021 1750 2079 διώκετε
1838 2020 1973 2096 μετὰ

320 2111 534 2167 πάντων
605 2113 690 2168 καὶ
743 2114 834 2168 τὸν
900 2113 1190 2191 ἁγιασμὸν,
1268 2116 1327 2170 οὗ
1375 2113 1542 2193 χωρὶς
1601 2110 1764 2174 οὐδεὶς
1835 2109 1970 2186 ὅψε-

321 2223 415 2259 ται
485 2202 578 2257 τὸν
629 2201 836 2281 Κύριον.
911 2200 1380 2276 Ἐπισκοποῦντες,
1467 2203 1544 2277 μή
1607 2224 1687 2265 τις
1743 2202 1970 2279 ὑστερῶν

325 2291 436 2349 ἀπὸ
492 2295 587 2358 τῆς
657 2291 880 2372 χάριτος
930 2297 1023 2348 τοῦ
1083 2297 1238 2372 Θεοῦ,
1328 2292 1404 2368 μή
1461 2312 1541 2354 τις
1597 2290 1709 2368 ῥίζα
1765 2290 1972 2367 πικρίας

323 2385 434 2442 ἄνω
516 2395 714 2466 iptio-eoat
772 2383 993 2465 ἐνοχλῇ,
1053 2385 1140 2440 καὶ
1237 2382 1328 2440 διὰ
1410 2384 1605 2450 ταύτης
1643 2462 1655 2466 Δ
1718 2385 1971 2458 μιανθῶσι

325 2462 542 2548 πολλοὶ,
597 2475 759 2548 μήτις
812 2462 1004 2552 πόρνος
1066 2473 1103 2541 ἢ
1181 2471 1407 2549 βέϐηλος
1494 2475 1567 2536 ὡς
1642 2462 1826 2546 Ἠσαῦ,
1915 2471 1972 2532 ὃς

323 2563 438 2620 ἀντὶ
480 2563 766 2644 ,βρώσεως
825 2568 950 2639 μιᾶς
1023 2559 1246 2620 ἀπέδοτο
1333 2564 1398 2618 τὰ
1469 2561 1802 2642 πρωτοτόκια
1875 2561 1972 2616 αὒ-

323 2659 438 2718 τοῦ,
477 2643 628 2711 "tot:
699 2654 799 2733 γὰρ
841 2651 922 2708 ὅτι
980 2653 1068 2709 καὶ
1125 2652 1410 2729 μετέπειτα
1475 2651 1640 2708 θέλων
1709 2649 1972 2728 κληρονο-

325 2747 501 2819 μῆσαι
580 2742 680 2808 τὴν
739 2740 1001 2820 εὐλογίαν,
1060 2739 1478 2818 ἀπεδοκιμάσθη.
1518 2740 1807 2802 Μετανοίας
1875 2739 1975 2818 γὰρ

323 2832 486 2888 τόπον
555 2833 660 2912 οὐχ
708 2829 845 2910 εὗρε,
922 2832 1110 2910 καίπερ
1168 2831 1303 2906 μετὰ
1358 2827 1590 2909 δακρύων
1676 2829 1974 2900 ἐκζητήσας

324 2921 512 2997 αὐτήν,
1637 2922 1641 2926 ’

411 3032 436 3064 ιι
487 3010 579 3068 Διὸ
621 3010 717 3073 τὰς
746 3008 1069 3089 παρειμένας
1100 3023 1316 3091 χεῖρας.
1360 3031 1384 3068 ο
1417 3008 1766 3089 Παρειμένας,
1796 3029 1976 3087 παρα-

324 3096 632 3175 λελυμένοις.
697 3095 832 3156 Ἀπὸ
892 3097 1084 3180 μέρους
1127 3101 1189 3158 τὸ
1245 3105 1350 3156 πᾶν
1405 3100 1582 3162 εἶπεν.
1643 3100 1715 3157 Οὔ
1769 3097 1868 3177 γὰρ
1925 3099 1978 3153 αἱ

2056 2024 2174 2080 imo
2201 2029 2450 2082 sanetur
2472 2023 2702 2101 potius.
2739 2021 2960 2086 Pacem
2986 2025 3296 2087 sectemim’
3332 2041 3467 2086 cum
3505 2026 3706 2087 omni-

2057 2107 2248 2190 bus,et
2277 2112 2748 2173 sanctimoniam
2760 2113 2891 2173 sine
2903 2130 3213 2193 quanemo
3232 2113 3454 2176 videbit
3482 2115 3707 2176 Deum:

2055 2214 2264 2260 curam
2308 2208 2661 2278 agentes,ne
2693 2202 2836 2280 quis
2873 2205 2955 2262 sit
2999 2204 3103 2282 qui
3145 2203 3386 2282 deﬁciat
3424 2220 3463 2265 a
3504 2204 3713 2282 gratia

2057 2285 2193 2362 Dei,
2223 2306 2298 2349 ne
2330 2307 2449 2368 qua
2479 2290 2666 2351 rudia:
2693 2292 3121 2353 amarulentiw
3147 2291 3575 2372 suppullutans
3603 2290 3710 2352 ob-

2058 2376 2282 2452 turbet,
2319 2385 2379 2438 et
2402 2395 2508 2456 per
2537 2379 2695 2440 hanc
2752 2381 3154 2460 inquinentur
3193 2381 3418 2443 multi:
3464 2395 3537 2444 ne
3580 2383 3714 2461 quis

2054 2472 2350 2528 scortator
2373 2474 2481 2528 aut
2497 2472 2798 2548 impurus,
2832 2471 3021 2531 veluti
3048 2467 3226 2531 Esau
3249 2475 3354 2549 qui
3374 2471 3553 2532 unico
3574 2469 3716 2532 edu-

2059 2555 2144 2616 lio
2193 2557 2570 2634 permutavit
2617 2558 2720 2636 jus
2768 2558 3492 2636 primogeniturw.Scitis
3549 2559 3715 2620 enim

2058 2647 2222 2725 quod
2254 2652 2309 2707 et
2332 2653 2540 2725 postea
2573 2664 2711 2708 cum
2741 2645 2916 2709 vellet
2959 2647 3352 2710 hoereditario
3371 2651 3518 2727 jure
3549 2648 3718 2710 bene-

2058 2734 2388 2796 dictionem
2416 2737 2679 2817 assequi,
2715 2735 3068 2816 reprobatus
3097 2739 3196 2798 sit.
3229 2737 3367 2800 Non
3413 2739 3575 2800 enim
3611 2741 3716 2798 in-

2057 2824 2227 2886 venit
2269 2825 2651 2903 pcenitentiae
2701 2825 2920 2897 locum,
2974 2827 3210 2888 tametsi
3240 2844 3376 2889 cum
3417 2825 3717 2905 lacrymis

2059 2913 2430 2992 quaesivisset
2458 2932 2616 2978 eam.

2141 3001 2282 3062 4-22
2322 3028 2339 3059 ι
2367 3002 2735 3084 Quapropter
2786 3023 2998 3067 manus
3047 3005 3350 3070 remissas.
3388 3031 3416 3062 »
3471 3003 3713 3067 Remis-

2063 3109 2182 3166 sas,
2219 3091 2618 3156 dissolutas.A
2650 3105 2822 3174 parte
2851 3094 2998 3155 dixit
3040 3103 3253 3158 totum.
3302 3097 3509 3177 Neque
3550 3095 3712 3156 enim

325 3201 510 3270 χεῖρες
541 3192 701 3265 μόνον
732 3189 821 3246 καὶ
862 3190 928 3245 τὰ
957 3189 1154 3268 γόνατα
1208 3201 1328 3255 τοϊς
1387 3201 1704 3268 πειρασμοῖς
1761 3184 1976 3266 παρελέ-

2066 3181 2208 3243 solae
2241 3200 2447 3242 manus
2478 3190 2742 3262 etgenua
2764 3183 3184 3245 afﬂictionibus
3213 3183 3708 3258 dissolvebantur,

329 3276 506 3351 λυντο,
567 3277 705 3334 ἀλλὰ
759 3279 894 3354 μετὰ
949 3284 1041 3335 τοῦ
1109 3281 1308 3345 παντὸς
1380 3279 1655 3358 σώματος,
1700 3277 1788 3332 καὶ
1831 3275 1982 3354 ψυχὴ

323 3368 416 3424 καὶ
443 3369 478 3436 ἡ
508 3365 735 3432 διάνοια,
813 3369 910 3425 Καὶ
980 3368 1080 3446 γὰρ
1135 3375 1290 3426 τοῦτο
1360 3369 1395 3438 ἡ
1453 3367 1646 3443 ἀθυμία
1699 3377 1848 3422 ποιεῖ
1897 3379 1985 3434 καὶ

323 3458 361 3525 ἡ
391 3455 568 3526 πολλῆ
597 3455 762 3525 λύπη-
810 3490 888 3502 -ο
919 3457 1132 3537 [ΦλὶΤ]
1183 3457 1254 3516 Οὔ
1306 3459 1425 3538 περὶ
1481 3457 1716 3536 γονάτων
1775 3451 1830 3510 δὲ
1896 3462 1985 3516 καὶ

324 3553 524 3626 χειρῶν
582 3545 749 3626 λέγει,
809 3545 946 3602 ἀλλὰ
1002 3547 1120 3626 περὶ
1176 3545 1448 3626 λογισμῶν
1500 3544 1849 3627 χωλευόντων
1904 3547 1982 3615 τῷ

322 3634 516 3706 πλήθει
544 3643 652 3692 τῶν
709 3641 1018 3715 πειρασμῶν
1076 3637 1167 3693 καὶ
1225 3634 1585 3712 ἐκλυομένων,
1626 3658 1654 3690 α
1704 3635 1802 3692 Καὶ
1853 3654 1980 3709 τρο-

323 3727 452 3807 χιὰς
691 3749 719 3783 n
767 3729 899 3784 Οἷον
969 3726 1210 3802 βήματα,
1269 3724 1518 3805 δρόμους.
1595 3716 1687 3789 ιΩς
1737 3722 1983 3803 δρομεῦσι

324 3817 416 3875 καὶ
444 3817 771 3897 ἀγωνισταῖς
828 3817 1008 3879 αὺτοῖς
1068 3814 1386 3896 διαλέγεται.
1448 3813 1630 3872 Πολλὰ
1684 3812 1740 3870 δὲ
1797 3813 1984 3873 αὐτοὺς

321 3907 605 3964 αἰνίττεται
635 3903 749 3962 δεῖν
806 3905 1030 3985 ὀρθῶσαι
1071 3906 1194 3970 τοὺς
1253 3905 1540 3985 λογισμοὺς
1604 3904 1708 3983 (ὃτι
1753 3905 1847 3961 οὒκ
1875 3901 1980 3957 ἀπὸ

324 3996 529 4078 μίσους,
576 3993 696 4052 ἀλλ’
726 3995 832 4052 ἀπὸ
860 3993 1176 4071 κηδεμονίας
1210 4002 1342 4052 Θεοῦ
1414 3997 1466 4051 αἱ
1534 3991 1780 4050 παιδεῖαι
1815 3993 1903 4048 καὶ
1935 3993 1981 4046 οἱ

325 4086 612 4167 πειρα-σμοὶ
636 4086 726 4142 καὶ
753 4085 848 4150 τὰς
903 4087 1022 4166 περῖ
1107 4085 1335 4150 πίστεως
1394 4086 1480 4141 καὶ
1549 4081 1828 4163 δογμάτων
1886 4078 1980 4136 δό-

327 4165 444 4243 ξας..
481 4165 611 4234 ’Ἔτι
639 4175 740 4255 γὰρ
769 4176 950 4245 νήπιοι
978 4165 1153 4256 ὃᾭτες,
1213 4175 1268 4232 ἐν
1311 4197 1454 4232 τισιν
1496 4171 1717 4256 εἴχοντο
1746 4181 1839 4230 τοῦ
1863 4171 1981 4226 ἰου-

330 4263 584 4342 δαϊσμοῦ,
613 4267 703 4322 καὶ
732 4266 820 4321 τὸν
850 4265 962 4342 βίον
1021 4267 1110 4322 καὶ
1152 4265 1253 4332 τὴν
1317 4261 1608 4322 πολιτείαν.
1674 4251 1798 4318 U[vat
1827 4261 1977 4341 φησὶ,

332 4355 414 4426 μὴ
479 4355 540 4410 τὸ
619 4353 873 4435 ἐναρχθέν
914 4356 1079 4411 κακὸν
1145 4353 1320 4435 (τοῦτο
1377 4355 1477 4432 γὰρ
1529 4352 1589 4408 τὸ
1643 4348 1845 4430 χωλὸν)
1909 4349 1982 4411 εἰς

334 4443 625 4513 ἀνήκεστον
654 4443 804 4525 ἔλθῃ,
840 4443 1041 4520 μᾶλλον
1097 4443 1152 4500 δὲ
1209 4442 1482 4521 διορθωθῇ.
1549 4437 1678 4497 Ἰδοὺ
1747 4443 1981 4520 φανερῶς

2067 3270 2171 3332 sed
2204 3289 2320 3332 una
2349 3292 2482 3334 cum
2520 3281 2640 3334 toto
2671 3291 2921 3354 corpore
2943 3283 2999 3334 et
3019 3293 3185 3335 mens
3203 3282 3262 3335 et
3289 3272 3713 3354 anima.Siqui-

2069 3360 2204 3422 dem
2237 3361 2296 3421 id
2329 3361 2466 3422 facit
2513 3363 2747 3423 tristitia
2792 3381 3130 3444 mwrorque
3185 3364 3528 3426 vehemens.
3581 3363 3714 3425 Non

2068 3450 2216 3510 dixit
2243 3458 2437 3512 autem
2471 3451 2545 3512 de
2577 3452 2829 3530 genibus
2861 3460 2920 3514 et
2951 3453 3361 3529 manibus,sed
3387 3453 3462 3516 de
3484 3453 3713 3532 cogita-

2069 3539 2331 3601 tionibus
2351 3559 2482 3620 quae
2497 3541 2831 3602 claudicant
2861 3555 2920 3602 et
2937 3542 3340 3605 dissolvuntur
3359 3543 3432 3606 ad
3457 3543 3714 3606 multitu—

2065 3628 2264 3690 dinem
2297 3625 2680 3691 alﬂictionum
2708 3649 2774 3692 ac
2805 3630 3221 3693 tentationum.
3257 3653 3284 3692 ‹
3317 3634 3392 3696 Ut
3419 3640 3571 3696 rectt
3599 3633 3718 3693 sint

2067 3738 2306 3798 gressus
2354 3745 2380 3775 ι›
2407 3718 2538 3781 Sive
2571 3720 3054 3801 vestigia,cursus
3082 3739 3094 3783 :
3124 3729 3402 3803 tanquam
3429 3742 3564 3784 cum
3585 3741 3714 3782 cur-

2069 3808 2303 3870 soribus
2333 3809 2722 3889 acpugilibus
2763 3810 3024 3890 loquitur
3071 3810 3238 3890 ipsis.
3287 3810 3486 3872 Innuit
3514 3820 3710 3872 autem

2070 3899 2390 3979 plurimum
2419 3917 2668 3959 necesse
2689 3916 2842 3971 esse,
2859 3908 2923 3961 ut
2955 3899 3340 3978 cogitationes
3361 3901 3718 3961 conﬁrment

2065 3988 2248 4068 (quod
2281 4007 2396 4048 non
2431 4007 2498 4048 ex
2523 3987 2684 4064 odio,
2723 3988 2827 4049 sed
2861 3988 2967 4050 Dei
3000 3988 3432 4066 gubernatione
3463 4007 3713 4070 correp-

2066 4078 2263 4139 tiones
2293 4086 2350 4138 et
2391 4077 2742 4165 afﬂictiones
2793 4078 3164 4158 prbveniant.)
3201 4096 3270 4141 ac
3301 4079 3614 4160 opiniones
3641 4079 3716 4142 de

2066 4167 2184 4229 fide
2213 4177 2270 4228 et
2302 4166 2610 4246 dogmatis.
2669 4168 2812 4228 Cum
2874 4168 3031 4229 enim
3085 4169 3279 4230 adhuc
3318 4167 3573 4230 infantes
3620 4187 3718 4230 es-

2066 4264 2219 4332 sent,
2242 4255 2593 4338 quibusdam
2631 4256 2932 4319 haerebant
2961 4256 3139 4319 rebus
3187 4257 3453 4320 Judaicis
3491 4256 3552 4318 in
3602 4258 3720 4320 vita

2067 4358 2128 4409 et
2177 4345 2646 4409 conversatione.
2698 4344 2783 4407 Ne
2835 4346 3160 4427 inceptum.
3215 4346 3430 4428 inquit,
3495 4347 3714 4409 malum

2064 4437 2230 4516 (nam
2264 4437 2373 4497 hoc
2401 4444 2572 4497 vocat
2601 4434 3230 4508 claudicationemtﬁal
3251 4435 3715 4511 incurabtle,sed

337 4530 455 4589 οἶδε
525 4535 829 4610 μετάνοιαν,
900 4535 988 4590 καὶ
1043 4535 1338 4609 σημείωσαι
1397 4530 1480 4587 διὰ
1535 4530 1658 4592 τοὺς
1717 4538 1976 4586 Ναυατια-

2068 4526 2269 4607 potius
2316 4525 2830 4604 corrigatur.tlcce
2863 4526 3020 4606 quod
3056 4526 3362 4588 manifeste
3409 4525 3720 4587 admiserit

335 4623 480 4688 νούς.
517 4647 545 4678 α
581 4625 807 4704 Εἰρήνην
837 4621 1054 4680 διώκετε
1104 4623 1240 4698 μετὰ
1294 4622 1529 4682 πάντων,
1584 4644 1608 4672 ι»
1670 4616 1794 4674 Μεθ’
1854 4617 1983 4672 έαυ-

332 4720 464 4787 τῶν,
548 4715 635 4770 καὶ
677 4716 782 4769 τῶν
839 4712 1260 4792 ἐπηρεαζόντων,
1324 4709 1464 4767 Πολὺ
1513 4711 1611 4789 γὰρ
1667 4707 1727 4763 τὸ
1781 4704 1982 4770 πλάτος

330 4808 449 4878 τοῦ,
484 4804 629 4858 Μετὰ
685 4803 921 4863 πάντων.
975 4825 1002 4856 α
1035 4803 1184 4858 Μετὰ
1241 4801 1341 4880 γὰρ
1396 4805 1504 4856 τῶν
1548 4797 1842 4874 μισούντων
1883 4796 1982 4862 τὴν

330 4894 571 4972 εἰρήνην,
605 4893 787 4971 φησὶν,
859 4889 1008 4968 ἤμην
1063 4891 1347 4970 εἰρηνικός.
1385 4911 1409 4948 ι)
1473 4887 1600 4946 Ἐὰν
1643 4887 1742 4966 γὰρ
1799 4887 1826 4941 ὁ
1884 4884 1983 4960 μὲν

330 4980 516 5059 ἀδικῇ,
563 4982 626 5037 σὺ
654 4978 709 5036 δὲ
741 4980 836 5038 οὐκ
867 4979 1066 5060 ἀμύνῃ,
1099 4978 1311 5060 τάχέως
1368 4980 1517 5036 ἐσται
1561 4977 1768 5055 εἰρήνη,
1813 4995 1834 5030 ι
1886 4974 1984 5032 Καὶ

327 5070 424 5127 τὸε
479 5069 764 5149 ἁγιασμόν.
803 5093 830 5126 ι
893 5061 1185 5149 Ἀγιασμὸν
1256 5066 1400 5147 λέγει
1484 5065 1581 5132 τὴν
1624 5064 1978 5149 καθαρότητα,

333 5163 456 5219 οἷον
484 5161 583 5228 τὴν
630 5162 931 5240 παρθενίαν,
977 5157 1138 5238 ἤγουν
1198 5159 1296 5226 τὴν
1351 5156 1713 5240 σωφροσύνην,
1775 5146 1832 5212 Ὀ
1886 5154 1984 5232 γὰρ

331 5251 424 5310 καὶ
453 5250 512 5308 ἐκ
539 5251 697 5328 γάμῳ
753 5255 1059 5330 σωφρονῶν,
1093 5251 1138 5306 εἰ
1193 5248 1390 5324 καὶμὴ
1449 5247 1663 5326 κυρίως,
1722 5245 1984 5322 ἁγιασμὸν

331 5338 600 5398 ἐπιτελεῖ.
636 5341 710 5396 Οὐ
737 5340 838 5420 γὰρ
879 5338 1055 5418 ἅγιος,
1085 5337 1222 5395 ἀλλὰ
1262 5339 1432 5414 τίμιος
1487 5338 1516 5392 ὁ
1545 5335 1716 5414 γάμος
1746 5331 1978 5410 εἴρηται.

334 5420 538 5505 ιὈμως
609 5431 696 5486 καὶ
745 5429 911 5495 οὕτως
995 5431 1256 5509 ἁγιασμὸν
1326 5425 1585 5489 ἐπιτελεῖ,
1625 5449 1652 5480 α
1699 5427 1774 5482 Οὔ
1818 5426 1985 5505 χωρὶς

336 5519 506 5588 οὐδεὶς
577 5520 768 5598 ὄψεται
836 5522 928 5579 τὸν
986 5521 1193 5599 Κύριον.
1258 5543 1286 5574 »
1339 5519 1394 5575 Εἰ
1451 5518 1552 5596 γὰρ
1610 5513 1725 5572 οὔτε
1803 5513 1984 5593 πόρνοι

415 5683 479 5736 76
505 5684 663 5750 Psal.
705 5699 864 5762 cm,
890 5684 950 5746 7.

2068 4615 2496 4694 pmnitentiam,
2527 4613 2704 4694 idque
2736 4614 3148 4677 animadverte
3181 4627 3424 4695 propter
3447 4614 3718 4676 Novatia-

2067 4723 2198 4766 nos.
2230 4731 2252 4759 ‹ι
2288 4707 2497 4766 Pacem
2544 4704 2855 4764 sectemini
2906 4724 3039 4766 cum
3089 4703 3394 4767 omnibus.
3447 4703 3516 4764 Et
3561 4704 3719 4765 inter

2063 4812 2167 4855 vos
2197 4803 2399 4855 mutuo
2433 4802 2490 4855 et
2518 4793 2674 4852 inter
2704 4793 3405 4872 calumniatores.Magna
3435 4799 3524 4854 est
3556 4794 3714 4854 enim

2065 4882 2312 4944 latitudo
2343 4901 2474 4943 cum
2508 4881 2749 4955 dicitur,
2784 4881 2928 4943 Cum
2957 4880 3716 4957 omnibus.Etenim,«Cum

2067 4971 2182 5049 his,
2207 4971 2421 5052 inquit,
2451 4971 2550 5052 qui
2581 4970 2827 5032 oderant
2857 4989 3062 5051 pacem
3086 4989 3246 5031 eram
3277 4970 3558 5052 pacificus
3589 4970 3710 5030 76.»

2068 5064 2220 5126 Nam
2257 5061 2307 5123 si
2337 5061 2438 5121 ille
2471 5059 2710 5141 quidem
2738 5059 2919 5120 aflicit
2957 5059 3267 5139 injuria,tu
3292 5078 3430 5121 vero
3464 5079 3584 5122 non
3618 5062 3715 5123 ul-

2068 5149 2334 5224 cisccris,
2365 5149 2478 5211 cito
2503 5149 2616 5210 erit
2648 5167 2778 5227 pax.
2823 5174 2846 5203 (ι
2893 5148 2964 5209 Ει
2986 5147 3470 5212 sanctimoniam.
3504 5175 3525 5205 ν
3565 5152 3717 5213 San-

2068 5239 2412 5303 ctimoniam
2445 5238 2588 5299 dicit
2619 5238 2959 5320 puritatem,
3006 5239 3120 5300 hoc
3164 5248 3274 5314 est,
3317 5239 3714 5320 virginitatem

2066 5330 2189 5392 sive
2231 5327 2708 5409 temperantiam.
2755 5326 2896 5388 Nam
2951 5327 3051 5408 qui
3098 5327 3274 5389 etiam
3325 5329 3386 5390 in
3445 5329 3720 5411 conjugio

2070 5427 2433 5502 temperatus
2461 5426 2571 5492 est,
2605 5417 3061 5480 sanctimoniam
3095 5419 3719 5502 complet,quanquam

2069 5528 2188 5572 non
2223 5506 2711 5591 proprie.Neque
2741 5507 2900 5569 enim
2934 5509 3342 5587 sanctum,sed
3372 5509 3720 5572 honorabile
