4136 6418
484 381 599 449 431

1601 372 2014 445 (ῈΟΗΜΕΝΙΙ
2058 365 2356 434 TRICCE
2391 374 2729 438 EPISCOPI

3758 362 3877 430 432

485 514 713 579 dictum
753 521 844 577 est
889 530 1022 577 esse
1069 511 1632 595 conjugium.«Sine
1677 530 1793 593 qua
1824 527 2000 572 nemo
2044 505 2121 565 vi-

2220 505 2335 563 ούτε
2368 512 2553 590 μοιχοὶ
2596 512 2683 567 καὶ
2726 512 2773 567 οἱ
2802 511 3006 575 τούτοις
3058 508 3233 585 ὅμοιοι
3290 507 3558 585 βασιλείαν
3617 516 3747 567 Θεοῦ
3814 509 3873 564 οὗ

486 604 654 667 debit
692 603 904 667 Deum.
937 624 963 664 ι
1000 602 1145 667 Nam
1185 604 1236 665 si
1276 621 1473 682 neque
1522 610 1896 673 scortatores,
1946 612 2140 676 neque

486 693 768 774 adulteri,
822 702 921 755 aut
968 693 1063 755 bis
1105 693 1333 755 similes
1372 709 1624 772 regnum
1659 689 1767 753 Dei
1794 686 2140 750 haereditate

488 781 877 864 possidebunt
898 782 981 856 77,
1017 783 1317 864 quomodo
1349 781 1673 843 Dominum
1715 779 1990 840 viderent
2038 774 2139 864 qui

486 863 609 933 non
655 878 793 933 sunt
838 863 1242 954 temperantes
1270 917 1285 943 ,
1334 879 1397 931 ut
1438 870 1643 932 videre
1693 874 1948 947 oportet,
2009 863 2139 954 sine

486 960 931 1023 sanctimonia?
966 950 1008 1019 ἀ
1039 960 1255 1024 Curam
1302 956 1667 1040 agentes'ne
1723 956 1857 1039 quis
1910 954 1985 1014 sit
2039 950 2140 1032 qui

487 1049 741 1112 deﬁciat.
799 1073 823 1107 θ
865 1048 1379 1122 Quemadmodum
1432 1048 1611 1128 longa
1660 1047 1754 1108 via
1800 1040 2140 1124 gradientes

484 1136 549 1199 in
593 1138 897 1215 comitatu,
950 1138 1424 1217 considerantes,
1475 1135 1695 1217 inquit,
1728 1136 1843 1196 hoc
1874 1139 1964 1195 est
1995 1128 2137 1190 dili-

485 1235 696 1305 genter
751 1228 1182 1309 prospicientes
1242 1236 1301 1289 et
1359 1235 1828 1307 perscrutantes,
1888 1239 1963 1282 ne
2008 1220 2140 1299 quis

487 1315 759 1379 desertus
789 1324 944 1379 esset
969 1336 1003 1379 a
1033 1317 1225 1394 gratia
1256 1315 1929 1397 Dei.0portetnamque
1956 1315 2013 1369 et
2033 1326 2138 1397 pro

484 1405 802 1487 vobisipsis
830 1414 888 1467 et
912 1424 1017 1485 pro
1047 1406 1329 1468 fratribus
1361 1396 1566 1467 curam
1612 1403 1858 1475 habere,
1908 1417 1984 1460 ne
2009 1396 2140 1477 quis

486 1513 557 1557 ea
585 1503 802 1558 careat.
831 1494 1089 1558 Gratiam
1116 1504 1311 1558 autem
1346 1494 1452 1557 Dei
1486 1503 1654 1556 vocat
1711 1493 1910 1553 futura
1954 1487 2131 1561 bona,

486 1584 610 1646 sive
638 1584 815 1645 ﬁdem
859 1593 960 1647 aut
1003 1584 1378 1646 commodam
1414 1581 1948 1647 conversationem.
1982 1579 2133 1639 Nam

485 1673 614 1734 haec
643 1672 844 1734 omnia
885 1681 1021 1734 sunt
1052 1672 1245 1752 gratia
1273 1673 1404 1738 Dei.
1445 1697 1471 1729 α
1507 1672 1593 1734 Ne
1624 1689 1741 1752 qua
1770 1666 1936 1731 radix
1967 1682 2131 1725 ama-

482 1761 776 1825 rulentiaa.
815 1786 841 1819 η
868 1761 1150 1824 Radicem
1183 1762 1591 1824 amarulentim
1622 1760 1768 1821 dicit
1800 1763 2131 1839 peccatum.

2222 596 2680 675 κληρονομήσουσι
2726 607 2838 663 πῶς
2871 603 2916 656 οἱ
2975 600 3052 674 μὴ
3099 607 3485 678 σωφρονοῦντες
3560 597 3722 654 ἴδοιεν
3780 599 3870 654 τὸν

2227 687 2433 766 Κύριον,
2512 692 2585 753 ὡς
2629 688 2762 746 ἰδεῖν
2821 690 2932 769 χρὴ
2991 686 3112 744 ἄνευ
3176 691 3485 766 ἁγιασμοῦ;
3559 710 3585 742 α
3621 687 3873 743 Ἐπισχο-

2221 785 2441 842 ποῦντες
2519 782 2596 855 μή
2666 802 2746 843 τις
2787 781 3037 858 ὑστερῶν.
3088 802 3115 834 ι
3184 778 3427 857 Καθάπερ
3485 775 3603 833 ὁδὸν
3658 776 3867 854 μακρὰν

2221 865 2534 941 βαδιζόντων
2590 869 2760 925 αὐτῶν
2818 870 2871 925 ἐν
2915 866 3143 943 συνοδίᾳ,
3207 869 3387 948 φησὶν,
3435 868 3867 944 ἐπισκοποῦντες,

2218 955 2509 1037 τουτέστιν,
2580 954 2807 1037 ἀκριϐῶς
2865 957 3220 1037 προσέχοντες
3304 958 3391 1012 καὶ
3437 956 3746 1034 ἐρευνῶντες
3790 956 3868 1029 μή

2220 1067 2300 1108 τις
2332 1045 2423 1112 εἴη
2454 1045 2917 1122 ἆπολαλειμμένος
2995 1052 3093 1113 τῆς
3146 1046 3367 1126 χάριτος
3422 1055 3516 1104 τοῦ
3583 1045 3736 1113 Θεοῦ,
3773 1052 3872 1099 Δεῖ

2219 1133 2319 1210 γὰρ
2377 1135 2465 1189 καί
2522 1136 2651 1213 ὑπὲρ
2717 1137 2914 1193 ἑαυτῶν
2972 1137 3060 1191 καὶ
3142 1138 3246 1191 τῶν
3306 1132 3543 1214 ἀδελφῶν
3586 1137 3870 1213 φροντίζειν

2222 1223 2298 1296 μή
2342 1245 2421 1286 τις
2453 1224 2743 1304 ὑστερήσῃ,
2777 1226 2937 1304 Χάριν
2993 1222 3048 1280 δὲ
3093 1231 3224 1283 Θεοῦ
3282 1221 3425 1301 λέγει
3468 1224 3535 1279 τὰ
3605 1220 3871 1298 μέλλοντα

2222 1310 2414 1391 ἀγαθὰ,
2447 1310 2609 1391 ἤγουν
2636 1314 2734 1380 τὴν
2790 1315 2989 1393 πίστιν,
3021 1312 3057 1381 ἢ
3114 1314 3214 1380 τὴν
3272 1312 3512 1392 χρηστὴν
3571 1310 3865 1371 πολιτείαν.

2224 1400 2400 1457 Πάντα
2444 1402 2543 1481 γὰρ
2576 1403 2762 1483 ,ταῦτα
2803 1403 2960 1483 χάρις
3033 1409 3163 1458 Θεοῦ
3233 1404 3353 1464 εἶσι,
3435 1425 3461 1456 ι
3496 1403 3582 1471 Μή
3633 1424 3713 1466 τις
3757 1401 3869 1479 ῥίζα

2219 1490 2450 1568 πικρίας,
2505 1513 2526 1547 ι)
2570 1482 2734 1562 (Ρίζαν
2768 1491 3001 1571 πικρίας,
3064 1490 3164 1557 τὴν
3235 1491 3491 1569 ἁμαρτίαν
3548 1490 3698 1569 φησί,
3759 1489 3868 1545 Λέ-

2217 1598 2298 1654 γει
2324 1577 2411 1634 οὖν
2445 1596 2459 1609 ⁹
2504 1579 2610 1637 Κᾶν
2638 1603 2716 1645 τις
2759 1583 2795 1657 ᾗ
2826 1582 2898 1644 εἰς
2941 1582 3075 1654 ὑμᾶς
3106 1580 3201 1636 οὒκ
3256 1579 3425 1657 ἀγαθὰ
3468 1580 3694 1659 φρονῶν,
3720 1579 3871 1637 ἐκκο-

2218 1666 2394 1722 πτέτω
2451 1670 2478 1723 ὁ
2533 1677 2766 1734 τοιοῦτος
2825 1672 2898 1733 είς
2947 1668 3097 1748 ἔργον
3156 1667 3361 1746 ἐξάγειν
3453 1668 3551 1736 τὴν
3609 1669 3867 1748 ἁμαρτίαν

2224 1754 2401 1835 (τοῦτο
2430 1757 2529 1835 γὰρ
2557 1760 2640 1832 τὸ,
2680 1748 2837 1815 ’Ἃνω
2864 1760 3104 1839 φύουσα),
3139 1758 3228 1813 ἵνα
3259 1757 3335 1833 μὴ
3379 1759 3465 1813 καὶ
3508 1771 3625 1821 τοῖς
3655 1756 3868 1821 λοιποῖς

482 1850 582 1913 Ait
601 1869 739 1931 ergo
769 1852 947 1913 :425
969 1851 1029 1915 Si
1070 1852 1246 1914 etiam
1290 1853 1469 1915 fuerit
1499 1850 1793 1933 quispiam
1846 1848 2007 1908 inter
2035 1861 2121 1905 vos

2220 1845 2476 1926 πρόφασις
2520 1847 2746 1926 γένηται
2785 1848 3065 1928 ἁμαρτίας.

484 1958 605 2001 non
662 1947 827 2003 recte
856 1942 1131 2018 aﬂ‘ectus,
1163 1948 1503 2022 amputetur
1519 1931 1687 2013 italis,
1726 1957 1802 2000 ne
1850 1940 2156 2017 peccatum
2187 1931 2246 1994 in
2280 1952 2429 2014 opus
2464 1935 2697 2013 educat,
2733 1937 2897 2017 (nam
2930 1936 3044 1998 hoc
3101 1943 3192 1999 est
3239 1934 3392 2016 quod
3427 1935 3506 1997 ait
3537 1933 3867 2016 Suppullu-

486 2030 660 2111 laus),
694 2049 771 2092 ne
798 2030 1045 2112 reliquis
1075 2049 1309 2112 quoque
1339 2032 1438 2092 ﬁat
1464 2028 1696 2092 occasio
1729 2026 1978 2108 peccati.

563 2118 663 2180 Ait
682 2119 1271 2201 enimnEtperhanc
1291 2118 1677 2200 inquinentur
1689 2116 1879 2179 multi.
1893 2113 2131 2194 »Siqui-

484 2206 624 2270 dem
673 2207 881 2270 videns
930 2209 1182 2290 quisque
1235 2208 1572 2288 proximum
1626 2214 1996 2287 peccantem,
2058 2202 2131 2263 ad

481 2296 919 2359 aemulationem
969 2296 1190 2373 veniet,
1245 2304 1309 2358 ut
1364 2296 1491 2377 ipse
1544 2303 1769 2377 peccet.
1812 2293 1993 2355 Recte
2022 2310 2128 2353 au-

481 2393 603 2447 tem
661 2385 887 2447 vocavit
956 2384 1219 2448 radicem
1289 2385 1734 2461 amarulentiae,
1797 2389 2124 2464 peccatum.

477 2474 698 2536 Amara
710 2492 967 2555 namque
978 2473 1146 2536 radix
1168 2481 1359 2555 potest
1380 2474 1603 2536 fructus
1619 2470 2122 2555 proferredulces,

478 2570 539 2624 at
568 2563 736 2625 radix
768 2564 1174 2625 amarulentize
1209 2572 1266 2625 et
1305 2563 1420 2625 sibi
1458 2564 1571 2645 ipsi
1601 2581 1801 2625 amara
1833 2570 1921 2622 est
1953 2569 2012 2622 et
2032 2558 2127 2620 his

475 2651 692 2734 quibus
749 2661 839 2716 est
884 2652 1052 2715 radix
1094 2674 1108 2716 :
1152 2653 1559 2716 amarulentiaa
1610 2652 1768 2714 enim
1817 2649 1985 2711 radix
2037 2655 2126 2709 est

475 2741 807 2803 substantia
837 2749 896 2803 et
922 2742 1104 2805 veluti
1134 2741 1415 2805 essentia.
1450 2741 1570 2804 «Ne
1601 2742 1733 2822 quis
1758 2747 2070 2802 scortator.
2091 2762 2116 2793 υ

477 2828 604 2891 Non
638 2830 806 2910 dixit,
833 2829 1158 2912 Scortator,
1192 2831 1508 2893 referendo
1542 2830 1613 2892 ad
1644 2827 1933 2905 Esau,sed
1956 2826 2122 2907 poni-

473 2920 642 2981 turad
679 2921 1016 3001 oppositum
1061 2921 1190 3000 ejus
1234 2921 1390 3001 quod
1433 2916 2123 3002 przecessit,Sanc1imo-

472 3009 633 3071 niam
664 3009 998 3071 sectemini.
1046 3013 1334 3089 Impurus
1362 3029 1501 3071 vero
1556 3009 1793 3091 ponitur
1835 3006 1999 3088 quasi
2050 3007 2121 3068 ad

469 3097 624 3160 Esau
653 3098 949 3161 referatur
1003 3097 1309 3179 Impurum
1341 3106 1535 3160 autem
1588 3098 1734 3159 dixit
1774 3096 2122 3176 gastrimar-

470 3207 631 3264 gum,
655 3207 725 3249 eo
757 3187 913 3269 quod
935 3187 1114 3249 unico
1144 3187 1343 3249 edulio
1375 3187 1712 3249 distraxerit
1747 3186 1854 3248 Dei
1872 3186 2116 3262 donum,

2303 2136 2329 2168 α
2368 2113 2565 2191 Καὶξδυ
2622 2116 2781 2184 αὐτῆς
2838 2117 2963 2196 γὰρ,
3022 2118 3173 2198 φησὶ,
3251 2117 3506 2192 μιανθῶσι
3573 2114 3783 2174 πολὶοί.
3832 2140 3860 2172 n

2219 2194 2383 2282 Ὀρῶν
2425 2206 2525 2284 γὰρ
2579 2205 2801 2270 ἕκαστος
2856 2194 2961 2262 γτὸν
3037 2194 3267 2273 ’πλησίον
3330 2206 3721 2286 ἁμαρτάνοντα,
3791 2210 3864 2271 εἱς

2212 2292 2373 2363 ζῆλον
2422 2291 2528 2361 ἥξει
2574 2303 2666 2352 τοῦ
2705 2296 2793 2351 καὶ
2836 2296 2993 2358 αὐτὸς
3039 2297 3381 2375 ἁμαρτάνειν.
3460 2294 3647 2361 Καλῶς
3676 2296 3730 2351 δὲ
3774 2300 3863 2353 εἶ-

2212 2403 2279 2438 πε
2322 2383 2461 2461 ῥίζαν
2547 2386 2755 2464 πικρίας
2798 2385 2896 2452 τὴν
2940 2384 3217 2464 ἁμαρτίαν.
3259 2376 3320 2442 Ἠ
3379 2384 3473 2460 μὲν
3532 2387 3631 2464 γὰρ
3700 2386 3864 2465 πικρὰ

2210 2471 2322 2549 ῥίζα
2377 2469 2586 2529 δύναται
2657 2475 2888 2553 καρποὺς
2944 2473 3179 2553 ἐνεγκεῖν
3236 2472 3479 2553 γλυκεῖς.
3529 2466 3594 2531 Ἠ
3651 2473 3705 2531 δὲ
3760 2480 3857 2542 τῆς

2210 2572 2418 2639 πικρίας
2449 2563 2560 2641 ῥίζα
2590 2565 2751 2641 ἑαυτῇ
2779 2564 2837 2620 τέ
2860 2567 2972 2620 ἐστι
3033 2565 3217 2645 πικρὰ,
3290 2565 3377 2621 καὶ
3411 2566 3495 2621 ’ὧν
3539 2564 3649 2620 ἐστι

2209 2653 2424 2729 Πικρίας
2454 2654 2553 2733 γάρ
2604 2653 2715 2709 ἐστι
2766 2653 2876 2730 ῥίζα
2944 2654 3031 2710 καὶ
3099 2654 3406 2723 ὑπόστασις,
3448 2654 3535 2710 καὶ
3594 2659 3712 2711 οἱον
3775 2658 3861 2713 οὒ-

2206 2740 2314 2799 σία.
2358 2765 2380 2797 ι
2433 2743 2519 2811 Μή
2563 2765 2643 2807 τις
2697 2743 2914 2821 πόρνος.
2955 2763 2979 2799 υ
3039 2744 3133 2817 Τὸ,
3170 2743 3391 2821 Πόρνος,
3439 2742 3527 2799 οὖν
3571 2743 3727 2799 εἶπεν
3784 2744 3856 2808 ὡς

2204 2832 2335 2909 πρὸς
2390 2832 2481 2887 τὸν
2553 2831 2743 2912 Ἠσαῦ,
2815 2829 2953 2888 ἀλλὰ
3022 2833 3153 2910 πρὸς
3226 2829 3629 2899 ἀντιδιαστολὴν
3681 2845 3856 2889 κεῖται

2206 2929 2321 2999 τοῦ,
2396 2922 2493 2977 Τὸν
2554 2922 2815 2998 ἁγιασμὸν
2860 2918 3096 2978 διώκετε.
3145 2922 3216 2978 Τὸ
3298 2918 3373 2991 δὲ,
3450 2917 3708 2993 Βέϐηλος,
3782 2923 3856 2985 ὡς

2205 3010 2334 3087 πρὸς
2367 3011 2457 3065 τὸν
2507 3001 2671 3066 Ἠσαῦ
2727 3023 2925 3069 κεῖται.
2987 3007 3223 3077 Βέϐηλον
3280 3007 3335 3065 δέ
3404 3032 3556 3088 φησι,
3629 3013 3718 3067 τὸν
3750 3033 3854 3090 γα-

2205 3104 2541 3178 στρίμαργον,
2604 3097 2687 3155 διὰ
2766 3100 2826 3155 τὸ
2909 3100 3041 3170 ὑπὲρ
3110 3100 3357 3179 βρώσεως
3403 3105 3527 3175 μιᾶς
3599 3099 3853 3175 ἀπεμπο-

2204 3186 2367 3254 λῆσαι
2437 3190 2594 3247 αὐτὸν
2651 3189 2748 3256 τὴν
2805 3196 2895 3245 τοῦ
2958 3197 3089 3245 Θεοῦ
3176 3187 3396 3269 δωρεὰν,
3457 3189 3712 3249 τουτέστι.
3788 3192 3853 3246 τὰ

469 3294 688 3356 nempe
710 3277 811 3357 jus
835 3276 1649 3358 primogenituraaScriptum
1665 3285 1753 3337 est
1776 3275 1931 3337 enim
1958 3275 2016 3336 in
2042 3274 2116 3336 li-

2207 3279 2558 3356 πρωτοτύκια.
2619 3277 2916 3357 Γέγραπται
3001 3279 3100 3358 γὰρ
3183 3277 3237 3334 ἐν
3316 3275 3480 3355 βίϐλῳ
3536 3278 3798 3345 Γενέσεως
3834 3326 3849 3341 .

472 3365 580 3427 bro
605 3366 1009 3430 Genescos78:
1034 3366 1405 3429 «Creverunt
1433 3374 1630 3428 autem
1678 3366 1867 3447 pueri;
1908 3373 1965 3426 et
1997 3375 2121 3427 erat

2211 3390 2233 3422 ιι
2262 3364 2575 3437 Ηύξτιξθησαν
2602 3365 2656 3423 δὲ
2715 3371 2761 3424 οἱ
2828 3368 3106 3426 νεανίσκοι.
3168 3368 3267 3425 Καὶ
3307 3368 3374 3436 ἧν
3435 3359 3599 3428 Ἠσαῦ
3646 3366 3851 3448 ἅνθρω-

477 3456 633 3517 Esau
702 3454 881 3517 homo
941 3453 1195 3515 venandi
1256 3456 1502 3535 peritus,
1562 3454 1621 3514 in
1667 3472 1804 3533 agro
1847 3454 2113 3532 degens:

2207 3479 2298 3520 πος
2343 3454 2490 3521 εἰδὼς
2522 3462 2795 3536 κυνῆγεϊν,
2887 3458 3164 3536 ἀγροῖκος,
3210 3454 3403 3513 ’[ακὼϐ
3442 3454 3517 3530 δὲ,
3580 3453 3851 3537 ἅνθρωπος

465 3542 650 3607 Jacob
680 3562 818 3606 vero
840 3544 1018 3606 homo
1042 3544 1337 3620 sincerus,
1373 3545 1536 3607 domi
1554 3543 1847 3606 habitans.
1869 3542 2116 3604 Dilexit—

2207 3543 2489 3615 ἔπλαπος,
2570 3547 2725 3603 οἰκῶν
2785 3548 2971 3607 οὶκίαν.
3042 3545 3317 3623 Ἐγάπησε
3383 3544 3437 3601 δὲ
3506 3543 3689 3602 Ἰσαὰκ
3757 3550 3849 3604 τὸν

466 3652 581 3715 que
601 3633 766 3696 Isaac
795 3633 972 3715 Esau,
1009 3653 1079 3697 eo
1112 3636 1268 3716 quod
1318 3634 1630 3697 venatione
1671 3633 1861 3714 ipsius
1906 3651 2115 3695 vesce-

2207 3626 2389 3713 Ἠσαῦ,
2455 3636 2535 3693 ὅτι
2584 3638 2619 3705 ἡ
2673 3637 2808 3716 Θὴρα
2864 3639 3044 3716 αὐτοῦ,
3117 3637 3308 3716 βρῶσις
3366 3633 3507 3708 αύτῷ
3541 3650 3555 3663 ’
3620 3632 3847 3691 Ρεϐέκκα

465 3730 672 3787 retur:
709 3723 985 3788 Rebecca
1031 3715 1230 3785 autem
1279 3723 1561 3804 diligebat
1607 3722 1810 3787 Jacob.
1859 3721 1929 3782 Et
1960 3723 2114 3784 coxit

2207 3722 2255 3780 δὲ
2311 3725 2494 3804 ἠγάπα
2548 3727 2637 3783 τὸν
2695 3715 2909 3787 Ἰακὼϐ.
2986 3715 3208 3801 ζἘψησε
3264 3721 3317 3779 δὲ
3374 3719 3563 3785 Ἰακὼϐ
3630 3721 3840 3799 ἕψημα,

464 3811 648 3875 Jacob
668 3812 966 3893 quoddam
998 3811 1687 3874 edulium.Venitautem
1715 3811 1865 3873 Esau
1882 3830 1945 3872 ex
1971 3830 2109 3891 agro

462 3900 688 3963 viribus
708 3902 1049 3982 destitutus,
1082 3910 1139 3963 et
1170 3902 1251 3965 ait
1287 3904 1441 3965 Esau
1479 3903 1551 3964 ad
1595 3900 1777 3964 Jacob
1806 3921 1817 3961 :
1848 3900 1933 3962 Da
1965 3901 2111 3962 mihi

463 4000 531 4054 ut
557 3999 788 4070 gustem
819 3991 894 4053 de
924 3992 1038 4054 hoc
1070 3992 1224 4054 fulvo
1266 3993 1489 4074 edulio,
1520 3992 1653 4073 quia
1682 3991 1906 4053 viribus
1923 3991 2109 4053 desti-

462 4088 620 4144 tuor.
643 4080 961 4162 Propterea
1000 4090 1269 4144 vocatum
1323 4090 1418 4145 est
1461 4101 1675 4143 nomen
1727 4082 1855 4160 ejus
1893 4080 2105 4144 Edom.

463 4166 619 4230 Dixit
649 4177 842 4230 autem
876 4169 1054 4231 Jacob
1086 4170 1157 4230 ad
1189 4170 1377 4232 Esau:
1411 4169 1617 4230 Vende
1649 4169 1794 4231 mihi
1820 4169 2109 4248 hodiejus

454 4255 958 4337 primogenitum.
990 4257 1263 4339 Dixitque
1292 4260 1447 4321 Esau
1472 4280 1486 4319 :
1508 4258 1663 4320 Ecce
1706 4276 1810 4336 ego
1843 4257 1914 4318 ad
1945 4277 2106 4319 mor-

456 4353 574 4407 tem
607 4346 919 4421 accedo,et
947 4365 1228 4427 quorsum
1264 4348 1411 4409 mihi
1444 4349 1544 4428 jus
1580 4348 1690 4408 hoc
1744 4347 2104 4427 primogeni-

459 4434 646 4496 turae?
673 4436 748 4498 Et
770 4435 952 4496 aitilli
981 4434 1163 4498 Jacob
1192 4459 1204 4495 :
1229 4437 1375 4500 Jura
1412 4438 1558 4499 mihi
1590 4437 1790 4500 hodie.
1822 4435 2109 4517 Juratque

2193 3812 2319 3880 ἦλθε
2386 3812 2439 3870 δὲ
2501 3806 2663 3874 Ἠσαῦ
2719 3814 2779 3871 ἐκ
2820 3821 2912 3871 τοῦ
2954 3813 3123 3873 κεδίου
3174 3811 3449 3873 ἐκλείπων.
3525 3813 3622 3871 Καὶ
3690 3812 3842 3869 εἶπεν

2198 3902 2365 3960 Ἠσαῦ
2420 3913 2497 3980 τῷ
2554 3902 2746 3962 Ἰακὼϐ
2780 3920 2794 3934 ⁶
2873 3905 3064 3961 Γεῦσόν
3109 3926 3175 3980 με
3232 3903 3338 3959 ἀπὸ
3421 3909 3511 3960 τοῦ
3566 3901 3844 3978 ἐψήματος

2192 3999 2283 4050 τοῦ
2312 3992 2505 4072 πυῤῥοῦ
2574 3995 2778 4069 τούτου,
2830 3993 2910 4050 ὅτι
2968 3992 3218 4054 ἐκλείπω,
3297 3994 3393 4050 Διὰ
3440 3998 3594 4049 τοῦτο
3646 3990 3845 4063 ἐκλήθη

2193 4083 2253 4138 τὸ
2284 4080 2451 4159 ὄνομα
2482 4084 2636 4140 αὐτοῦ
2668 4082 2869 4160 Ἐδώμ,
2948 4087 3083 4141 Εἷπε
3140 4081 3195 4138 δὲ
3259 4080 3451 4140 Ἰακὼϐ
3504 4090 3581 4158 τῷ
3652 4082 3843 4162 Ἠσαῦ,

2193 4170 2419 4253 ξΑπόδου
2446 4175 2678 4253 σήμερον
2732 4175 2797 4230 τὰ
2848 4172 3182 4253 πρωτοτόκια
3255 4194 3345 4229 σου
3390 4172 3529 4247 ἐμοί,
3590 4171 3732 4229 Εἴπε
3789 4169 3845 4227 δὲ

2196 4251 2387 4341 Ἠσαῦ,
2447 4251 2728 4342 Ἰδοὺ-ἐγὼ
2785 4251 3072 4342 πορεύομαι
3141 4259 3410 4336 τελευτᾷν,
3488 4283 3577 4318 και
3647 4261 3741 4318 ἵνα
3795 4262 3845 4317 τί

2194 4373 2282 4409 μοι
2326 4353 2492 4408 ταῦτα
2584 4353 2962 4432 πρωτοτόκια;
3039 4353 3138 4409 Καὶ
3210 4364 3363 4407 εἶπεν
3420 4354 3563 4426 αὐτῷ
3620 4348 3840 4427 Ἰακὼϐ,

2196 4430 2211 4453 ’
2233 4442 2441 4514 Ομοσόν
2472 4465 2561 4518 μοι
2595 4444 2848 4518 σήμερον.
2880 4443 2999 4520 ιΚαὶ
3083 4441 3291 4515 ὤμοσεν
3349 4439 3514 4515 αὐτῷ,
3587 4439 3842 4498 Ἀπέδοτο

458 4523 572 4587 illi.
610 4525 834 4589 Vendit
880 4518 1091 4605 itaque
1111 4530 1263 4589 Esau
1305 4529 1404 4608 jus
1458 4527 1940 4608 primogeniturae
1989 4545 2110 4589 sua:

2207 4529 2246 4587 ΒΞ
2283 4524 2446 4590 Ἡσαῦ
2494 4534 2559 4589 τὰ
2615 4531 2949 4613 πρωτοτόκια
3007 4532 3164 4588 αὐτοῦ
3230 4535 3308 4605 τῷ
3364 4527 3579 4588 Ἰακώϐ.
3612 4550 3644 4591 )
3705 4536 3840 4587 Λοι-

456 4612 639 4678 Jacob
662 4615 783 4675 78.»
824 4613 908 4676 Ex
944 4633 1015 4676 eo
1052 4614 1251 4696 itaque
1291 4626 1557 4699 tempore
1597 4622 1863 4676 nostrum
1897 4623 1986 4676 est
2010 4616 2111 4695 jus

455 4703 964 4785 primogenitum,
1002 4713 1061 4766 et
1092 4724 1210 4767 non
1252 4707 1615 4769 Iudaeorum.
1643 4704 1790 4784 Nam
1847 4724 1913 4766 ex
1950 4707 2110 4767 lsaac

459 4801 521 4855 et
547 4793 729 4857 Jacob
752 4793 1126 4856 deducimur.
1160 4821 1185 4851 α
1204 4796 1579 4878 Reprobatus
1610 4794 1704 4856 sit.
1732 4819 1758 4849 η
1797 4794 1844 4855 Α
1875 4793 1995 4855 Deo
2018 4814 2112 4857 re-

458 4881 740 4964 probatus
769 4883 867 4947 sit.
896 4881 1043 4945 Nam
1074 4883 1234 4947 Deus
1292 4903 1470 4947 causa
1528 4884 1656 4956 fuit,
1714 4883 1870 4963 quod
1929 4884 2109 4946 falsus

456 4971 617 5033 Isaac
636 4971 1010 5034 benedixerit
1026 4973 1293 5038 Jacob79.
1311 4976 1595 5037 «Tametsi
1620 4992 1752 5033 cum
1767 4972 2063 5052 lacrymis.
2077 4998 2102 5029 π

461 5058 711 5131 Quidam
744 5062 825 5123 ita
855 5062 1329 5144 interpretantur
1359 5082 1372 5126 :
1399 5064 1743 5143 Quanquam
1768 5081 1899 5122 cum
1926 5063 2108 5143 lacry-

461 5147 573 5209 mis
605 5150 972 5226 quaesivisset
1002 5153 1217 5233 ipsam,
1256 5173 1470 5234 nempe
1502 5150 2105 5214 benedictionemzet-

460 5236 616 5314 quod
652 5238 868 5299 dicitur
892 5260 905 5301 :
932 5240 1300 5305 Paenitentiaa
1340 5243 1534 5305 locum
1577 5260 1693 5302 non
1718 5241 1964 5311 invenit,
2002 5262 2109 5322 per

457 5324 973 5406 interpositionem
1008 5331 1168 5409 poni.
1223 5356 1245 5389 «
1288 5332 1666 5404 Quaesivisset
1697 5348 1825 5391 eam
1892 5354 1912 5387 α
1950 5330 2102 5393 Num

458 5412 636 5493 igitur
666 5415 1072 5495 paenitentiam
1102 5420 1333 5501 rejicit?
1356 5419 1938 5491 Minime.Quomodo
1964 5441 2105 5499 ergo

458 5504 511 5565 si
541 5522 678 5567 cum
707 5504 981 5586 lacrymis
1011 5510 1419 5589 pmnitentiam
1451 5508 1743 5592 quaesivit,
1774 5527 1892 5572 non
1935 5528 2103 5574 asse-

539 5675 601 5727 77
629 5672 848 5757 Ephes,
885 5695 945 5752 ν,
981 5678 1041 5742 5.
1129 5679 1191 5729 78
1221 5678 1366 5741 Gen.
1402 5698 1542 5764 xxv,
1574 5679 1792 5745 96-33.

2193 4622 2294 4677 πὸν
2337 4622 2424 4678 οὖν
2474 4623 2650 4698 ἡμῶν,
2726 4624 2813 4679 καὶ
2892 4623 2987 4678 οὐκ
3040 4618 3300 4679 Ἰουδαίων
3345 4622 3410 4677 τὰ
3478 4620 3836 4695 πρωτοτόκια.

2195 4708 2288 4767 Ἐκ
2345 4713 2444 4790 γὰρ
2519 4712 2699 4769 Ἰσαὰκ
2752 4714 2839 4769 καὶ
2910 4709 3102 4769 Ἰακὼϐ
3173 4712 3534 4790 καταγόμεθα,
3596 4732 3624 4765 α
3684 4708 3843 4767 Ἀπεσ

2191 4796 2506 4877 δοκιμάσθη.
2568 4824 2595 4856 »
2658 4799 3082 4875 Ἀπεδοκιμάσθη
3154 4802 3296 4880 παρὰ
3380 4802 3530 4858 Θεοῦ.
3614 4791 3670 4858 ιΟ
3739 4802 3840 4880 γὰρ

2193 4891 2320 4954 Θεὸς
2352 4891 2523 4953 αἴτιος
2579 4897 2692 4970 τοῦ,
2768 4893 2858 4946 τὸν
2902 4889 3082 4947 Ἰσαὰκ
3137 4889 3496 4964 ἑιπατηθέντα,
3556 4888 3838 4968 εὐλογῆσαι

2189 4978 2281 5033 τὸν
2330 4976 2542 5041 Ἰακώϐ,
2610 5002 2637 5034 (ι
2669 4981 2867 5058 Καίπερ
2936 4979 3070 5054 μετὰ
3111 4977 3366 5059 δακρύων.
3406 5001 3430 5035 ι
3466 4978 3614 5043 Τινὲς
3672 4978 3838 5044 οὕτως

2191 5067 2530 5146 ἑρμηνεύουσι
2565 5085 2578 5099 ⁸
2642 5070 2821 5127 Καίτοι
2879 5069 3013 5145 μετὰ
3092 5065 3325 5147 δακρύων
3382 5068 3678 5139 ἐκζητήσας
3737 5071 3839 5126 αὒ-

2190 5158 2313 5233 τήν,
2359 5160 2458 5225 τὴν
2489 5157 2752 5237 εὐλογίλν,
2797 5157 3034 5215 τουτέστι
3069 5173 3082 5187 ⁸
3112 5158 3200 5214 καὶ
3242 5159 3325 5233 τὸ,
3353 5159 3643 5222 Μετανοίας
3675 5158 3838 5216 τόπον

2192 5250 2294 5325 οὐχ
2326 5249 2460 5326 εὗρε,
2494 5244 2578 5302 διὰ
2621 5246 2803 5322 μέσου,
2845 5270 2866 5301 ι
2905 5246 3242 5317 Ἐκζητήσας
3287 5248 3470 5316 αὐτήν.
3506 5266 3534 5305 )
3600 5242 3728 5326 Ἀρα
3758 5247 3838 5323 μὴ

2190 5334 2432 5393 ἐκϐάλλει
2475 5338 2574 5403 τὴν
2608 5338 2887 5412 μετάνοιαν
2913 5356 2928 5417 ς
2955 5337 3041 5405 Μὴ
3067 5336 3294 5416 γένοιτο.
3347 5342 3467 5400 Πῶς
3513 5339 3598 5393 οἴη
3629 5338 3672 5392 εἰ
3702 5338 3840 5413 μετὰ

2189 5424 2421 5504 δακρύων
2465 5426 2722 5497 ἐζήτησεν
2751 5427 2939 5499 αὐτὴν,
2986 5430 3080 5485 οὔκ
3117 5425 3373 5507 ἐπέτυχεν
3417 5425 3582 5495 αὐτῆς
3602 5446 3619 5502 ;
3668 5425 3837 5499 Ἐζή-

2187 5536 2318 5582 τησε
2350 5515 2470 5597 μὲν,
2515 5514 2658 5583 πλὴν
2718 5518 2822 5598 οὐχ
2878 5518 3015 5597 εὗρε,
3088 5518 3148 5575 οὒ
3203 5515 3303 5597 γὰρ
3345 5514 3524 5581 καλῶς
3582 5516 3836 5600 ἐζήτησε,

1882 5682 1943 5732 79
1971 5682 2121 5746 Gen.
2152 5701 2328 5763 xxvn,
2365 5689 2433 5748 3t
2471 5705 2637 5770 seqq.
