4136 6418
266 373 376 442 433

1338 381 1733 447 COMMENT.
1781 384 1865 445 IN
1908 378 2149 443 EPIST.
2196 384 2300 446 AD
2341 384 2569 447 HEBB.

3528 381 3647 448 434

266 516 416 591 Πῶς;
455 501 586 570 υΟτι
630 514 688 570 οῦ
742 517 1062 591 μετενοήσεν
1120 517 1176 573 ὃν
1248 517 1418 597 ἐχρῆν
1462 515 1681 594 τρόπον,
1744 517 1906 579 Ποίας

2000 522 2163 576 cutus
2186 527 2275 578 est
2306 535 2433 578 eam
2456 517 2487 577 ?
2521 517 2796 591 Ωυξοείνὶι
2815 518 3081 599 quidem,
3101 526 3359 581 attamen
3393 537 3513 580 non
3545 517 3643 580 in-

266 601 356 677 γὰρ
385 598 444 657 ἂν
469 600 533 670 ἧν
584 605 868 679 μετανοίας
898 605 965 660 τὰ
1007 605 1218 682 ῥήματα
1248 606 1281 660 ἃ
1335 604 1613 685 ἐφθέγξατο
1650 624 1665 680 ;
1703 628 1729 659 ιι
1780 606 1910 683 Ἐγ-

266 691 483 767 γὶσουσι,
520 692 704 771 φησὶν,
752 695 802 748 αἱ
856 692 1052 770 ἡμέραι
1123 703 1215 753 τοῦ
1284 694 1500 756 πένθους
1572 703 1662 753 τοῦ
1714 694 1912 774 πατρός

271 801 385 854 μου,
419 780 505 835 καὶ
536 780 813 837 ἀποκτενῶ
866 780 1040 839 Ιακὼϐ
1080 784 1171 838 τὸν
1229 781 1451 863 ἀδελφόν
1513 806 1635 858 μου.
1679 808 1699 838 ι
1740 774 1915 838 “tle-te

270 865 350 923 διὰ
400 878 554 929 τοῦτο
606 871 708 949 οὐχ
769 873 881 949 εὗρε
925 870 1024 939 τὴν
1069 873 1372 945 μετάνοιαν,
1449 871 1631 940 ἐπειδὴ
1689 873 1767 948 μὴ
1839 873 1912 937 ὡς

268 955 428 1037 ἐχρῆν
484 959 648 1027 αὖτὴν
706 958 990 1030 ἐζήτησεν,
1072 968 1117 1016 Η
1175 960 1264 1017 οὗν
1318 961 1473 1020 τοῦτό
1529 962 1693 1040 ἐστιν,
1736 962 1772 1030 ἢ
1830 963 1910 1018 ὅτι

268 1048 384 1112 τοὺς
412 1045 633 1122 μηδέπω
676 1048 936 1113 πεσόντας
978 1050 1148 1124 τούτῳ
1202 1057 1279 1125 τῷ
1347 1051 1527 1130 τρόπῳ
1576 1050 1755 1130 φοϐεῖ,
1830 1051 1908 1127 μὴ

270 1149 468 1214 πεσεῖν⁷
496 1143 569 1211 τῷ
613 1137 691 1212 μὴ
748 1138 892 1195 εἶναι
950 1139 1034 1195 ἐπὶ
1078 1153 1197 1205 τοῖς
1256 1140 1523 1218 μεγίστοις
1582 1142 1907 1219 ἁμαρτήμα-

270 1246 350 1280 σιν
389 1223 528 1290 ἆξίαν
557 1226 862 1301 μετάνοιαν.
900 1229 998 1286 Καὶ
1024 1230 1155 1307 πρὸς
1186 1229 1282 1304 μὲν
1326 1229 1447 1292 τοὺς
1493 1232 1660 1306 μήπω
1729 1231 1906 1310 ἁμαρ-

270 1314 524 1383 τήσαντας
582 1314 748 1380 οὕτως
803 1315 972 1395 λέγει,
1046 1325 1121 1393 τῷ
1190 1315 1339 1398 φόϐῳ
1396 1327 1665 1398 συντηρῶν
1722 1320 1907 1383 αὐτοὺς

271 1403 340 1470 πὴ
371 1416 574 1468 πεσεῖν,
614 1394 790 1464 ”Οταν
833 1404 888 1462 δὲ
947 1405 1038 1484 ἴδῃ
1082 1409 1227 1472 τινας
1268 1407 1448 1465 τέλεον
1499 1409 1778 1489 πεσόντας,
1812 1408 1907 1487 ὅρα

267 1500 374 1558 πῶς
403 1491 815 1568 μεταϐάλλεται,
860 1498 1000 1562 Φησὶ
1043 1498 1141 1576 γὰρ
1179 1518 1191 1533 ·
1274 1521 1297 1552 ιι
1347 1498 1555 1573 Τεκνία,
1616 1500 1704 1562 οὓς
1751 1497 1910 1556 πάλιν

268 1581 449 1655 ὠδίνω,
486 1580 644 1664 ἄχρις
677 1587 738 1641 οὗ
780 1589 1033 1665 μορφωθῇ
1102 1589 1332 1667 Χριστὸς
1404 1587 1458 1643 ἐν
1526 1590 1677 1662 ὑμῖν.
1708 1608 1738 1648 1»
1778 1578 1908 1646 ιὈτι

267 1673 361 1751 γὰρ
401 1672 530 1751 πρὸς
560 1671 662 1741 ἤδη
722 1674 981 1738 πεσόντας
1025 1682 1190 1733 ταῦτα
1245 1676 1456 1756 φράφει,
1512 1675 1698 1744 δῆλον.
1768 1679 1909 1744 Φησὶ

265 1762 404 1841 γάρ·
474 1785 495 1818 ι
547 1762 753 1828 οοῖτινες
808 1766 862 1820 ἓν
923 1763 1070 1839 νόμῳ
1140 1762 1453 1846 δικαιοῦσθε,
1513 1769 1612 1834 τῆς
1687 1766 1970 1867 χάριτοςΒ

267 1849 311 1867 Ῥ
394 1849 404 1867 Ι
686 1843 733 1867 ιν-
780 1858 806 1867 ς..
899 1851 925 1867 η
1243 1860 1269 1867 ρ.
1392 1857 1406 1867 ε
1613 1856 1623 1867 ι

264 1849 549 1915 ἐξεπέσετε.
593 1877 616 1910 υ
686 1843 838 1931 Ὀρᾷς
897 1851 977 1908 ὅτι
1035 1860 1308 1934 μαρτυρῶν
1352 1843 1534 1918 αὐτοῖς
1578 1856 1638 1911 τὸ
1685 1843 1905 1912 πεπτω-

260 1939 423 2015 κέναι,
478 1943 609 2019 πρὸς
665 1942 726 1997 τὸ
784 1943 862 2017 μὴ
912 1943 982 2008 εἷς
1026 1943 1326 2022 ἀπόγνωσιν
1397 1943 1593 2017 ἐλθεῖν,
1653 1946 1778 2002 εἶπε
1820 1948 1900 2017 τὸ,

268 2049 289 2083 ι
324 2031 423 2092 Οὓς
482 2029 644 2086 πάλιν
715 2028 907 2103 ὠδίνω,
968 2030 1124 2112 ἄχρις
1192 2035 1249 2089 οῦ
1307 2036 1558 2113 μορφωθῇ
1604 2036 1822 2111 Χριστὸς
1852 2034 1905 2089 ἐν

253 2118 416 2199 ὑμτνς
466 2141 486 2173 ι
527 2117 682 2185 Εἶδες
714 2121 790 2195 μὴ
834 2117 1231 2196 ἐκϐεϐλημένην
1282 2123 1380 2189 τὴν
1439 2122 1723 2198 μετάνοιαν

260 2207 609 2283 οἰκονομικῶς
674 2208 844 2267 πάντα
899 2209 1254 2288 φθεγγόμενον
1324 2212 1413 2266 τὸν
1482 2210 1632 2289 ἅγιον
1674 2220 1895 2292 τοῦτονς

1993 604 2192 666 venit:
2256 624 2447 685 neque
2507 608 2664 668 enim
2722 615 2886 668 recte
2936 607 3223 688 quaesivit.
3291 606 3646 680 Quomodo?

1976 692 2141 767 .Quia
2172 714 2289 755 non
2320 694 2486 755 illum
2524 695 2720 756 debito
2757 695 2930 757 modo
2978 698 3271 777 pmnituit.
3309 698 3450 758 424
3480 697 3638 771 Qua-

1995 781 2069 843 lis
2100 783 2256 843 enim
2291 783 2654 864 poenitentiae
2681 783 2861 845 verba
2889 794 3058 846 erant
3082 805 3213 867 qum
3246 790 3474 849 locutus
3506 783 3646 848 est?

2002 895 2025 927 (ι
2049 872 2628 953 Appropinquabunt
2658 874 2788 936 dies
2818 873 3016 936 luctus
3049 876 3231 956 patris
3254 876 3463 957 mei,et
3491 874 3645 937 occi-

1996 960 2129 1020 dam
2166 961 2340 1023 .lacob
2371 962 2612 1024 fratrem
2644 981 2865 1023 meum.
2900 986 2921 1019 υ
2952 965 3153 1045 Itaque
3187 975 3504 1046 prepterea
3523 982 3643 1026 non

1990 1049 2220 1111 invenit
2260 1051 2692 1130 pmnitentiam,
2728 1051 2868 1132 quia
2925 1070 3044 1115 non
3098 1053 3549 1135 eamqnassivit
3581 1060 3645 1114 ut

1990 1139 2249 1219 Oportuit
2278 1139 2393 1200 Aut
2425 1159 2562 1219 ergo
2597 1142 2707 1202 hoc
2738 1140 3129 1222 est,autquod
3148 1161 3248 1204 eos
3264 1145 3361 1223 qui
3378 1142 3643 1204 nondum

1989 1228 2349 1303 ceciderant,
2379 1248 2611 1291 rursum
2649 1237 2834 1291 terret
2855 1248 2932 1292 ne
2956 1230 3194 1307 cadant,
3237 1232 3397 1313 quod
3444 1230 3638 1293 maxi-

1990 1316 2105 1379 mis
2144 1320 2404 1398 peccatis
2437 1338 2555 1379 non
2586 1317 2661 1379 sit
2715 1319 2894 1399 digna
2925 1320 3298 1400 paenitentia:
3331 1328 3390 1383 et
3420 1320 3494 1382 ad
3538 1339 3641 1382 eos

1990 1405 2091 1487 qui
2116 1407 2380 1468 nondum
2415 1416 2804 1487 peccaverant
2832 1408 2913 1469 ita
2946 1408 3226 1489 loquitur,
3261 1416 3492 1472 terrore
3509 1428 3649 1470 con-

1991 1514 2233 1557 servans
2262 1513 2366 1558 eos
2396 1516 2470 1558 ne
2501 1498 2737 1559 cadant.
2772 1495 2917 1579 Cum
2962 1508 3161 1560 autem
3206 1498 3369 1562 videt
3412 1498 3644 1579 aliquos

1991 1585 2233 1646 omnino
2262 1586 2580 1666 cecidisse,
2630 1578 2948 1647 considera
2976 1587 3276 1668 quomodo
3321 1578 3646 1650 commutat

1992 1692 2354 1739 sermonem.
2391 1674 2486 1735 Ait
2517 1674 2676 1736 enim
2715 1694 2729 1734 :
2768 1697 2791 1731 ιι
2822 1668 3015 1736 Filioli
3046 1676 3190 1758 mei,
3236 1694 3387 1757 quos
3427 1676 3644 1738 iterum

1994 1763 2280 1844 parturio,
2316 1765 2508 1826 donec
2558 1765 2850 1826 formetur
2894 1763 3162 1827 Christus
3191 1766 3253 1827 in
3284 1765 3455 1828 vobis
3498 1766 3581 1830 80.
3617 1790 3639 1824 ι»

1991 1852 2135 1915 Nam
2170 1853 2329 1934 quod
2363 1854 2486 1915 haec
2523 1852 2595 1915 ad
2626 1871 2729 1915 eos
2758 1852 2980 1915 scribat
2999 1854 3099 1935 qui
3123 1854 3249 1937 jam
3277 1854 3642 1931 ceciderant,

1993 1942 2373 2005 manifestum
2408 1956 2523 2005 BSt.
2557 1942 2654 2004 Ait
2685 1942 2841 2003 enim
2873 1964 2885 2005 :
2916 1941 3065 2015 «Qui
3095 1962 3202 2024 per
3231 1944 3425 2024 legem
3460 1943 3645 2025 justi-

1991 2030 2276 2105 ﬁcamini,
2300 2051 2334 2092 a
2371 2034 2553 2111 gratia
2580 2032 2882 2093 excidistis
2904 2032 2983 2095 θ’.
3018 2056 3041 2091 »
3077 2033 3265 2095 Vides
3317 2032 3475 2114 quod
3509 2051 3644 2094 cum

1732 2172 1746 2203 ,
1780 2122 1898 2179 ἀλλ’
1987 2121 2571 2202 ipsistesteturquod
2588 2121 3036 2199 ceciderant,ne
3067 2121 3128 2182 in
3162 2114 3644 2203 desperationem

1984 2209 2247 2290 veniant,
2270 2210 2468 2273 dicat:
2500 2236 2525 2266 α
2552 2210 2712 2283 Quos
2736 2210 2948 2271 iterum
2984 2210 3273 2291 parturio,
3308 2210 3505 2273 donec
3526 2210 3643 2271 for-

260 2303 455 2357 metur
483 2295 758 2360 Christus
804 2294 867 2357 in
924 2296 1140 2360 vobis?
1175 2322 1197 2356 »
1234 2298 1528 2379 Agnoscis
1570 2316 1648 2361 ne
1677 2307 1947 2364 sanctum
1979 2302 2137 2364 hunc
2172 2318 2292 2361 non
2322 2299 2583 2380 abjicere
2614 2298 3045 2381 pmnitentiam,
3081 2298 3187 2361 sed
3218 2298 3368 2375 huic,
3401 2298 3649 2380 dispen-

258 2385 485 2449 satorie
512 2385 723 2467 loqui?

884 2502 1136 2555 ΚΕΦΛΛ.
1174 2488 1284 2559 19'.

259 2611 283 2644 σ
321 2580 456 2651 ιὈτι
486 2590 816 2672 φοϐερώτερα
848 2594 952 2672 τῶν
984 2594 1068 2650 ἐπὶ
1102 2594 1366 2659 Μωυσέως
1408 2596 1474 2652 τὰ
1526 2595 1791 2672 μέλλοντα
1821 2598 1910 2653 καὶ

589 2671 829 2735 πλείονος
862 2671 976 2740 ἄξια
1008 2673 1241 2743 σπουδῆς
1276 2679 1343 2735 τὰ
1386 2684 1496 2739 νῦν.
1530 2671 1562 2733 ί»

337 2882 395 2912 «α
437 2862 521 2918 06
578 2860 678 2938 γὰρ
749 2858 1167 2936 προσεληλόθοτε
1218 2861 1599 2944 ψηλαφωμένῳ
1661 2860 1768 2943 ὄρει
1822 2866 1911 2920 καὶ

260 2946 578 3025 κεκαυμένῳ
620 2952 741 3028 πυρὶ
810 2951 894 3007 καὶ
936 2951 1116 3032 γνόφῳ
1176 2954 1264 3008 καὶ
1336 2954 1511 3027 σκότῳ
1551 2956 1639 3011 καὶ
1692 2950 1908 3028 θυέλλη,

261 3036 345 3092 καὶ
434 3036 736 3117 σάλπιγγος
804 3036 950 3119 ἤχῳ,
1018 3042 1104 3096 καὶ
1176 3047 1313 3119 φονῇ
1406 3043 1684 3121 ῥημάτων,
1753 3041 1818 3109 ἧς
1864 3045 1912 3099 οἱ

264 3125 579 3191 ἀκούσαντες
674 3130 1053 3207 παρητήσαντο
1151 3132 1228 3206 μὴ
1354 3135 1703 3210 προστεθῆναι
1805 3131 1908 3187 αῦ-

253 3228 366 3279 τοϊς
450 3215 634 3293 λόγον.
700 3216 808 3274 Οὔκ
904 3216 1086 3298 ἔφερον
1142 3220 1242 3298 γὰρ
1311 3221 1372 3276 τὸ
1449 3219 1907 3296 διαστελλόμενον.

260 3304 363 3360 Κᾶν
417 3305 605 3385 θηρίον
673 3306 792 3383 θίγῃ
863 3315 955 3364 τοῦ
1041 3305 1215 3386 ὅρους,
1317 3308 1815 3384 λιθοϐοληθήσεναι,
1874 3309 1911 3377 ἢ

261 3392 291 3467 β
362 3391 405 3429 ρ
706 3393 727 3417 r

294 3410 420 3450 om:
496 3397 1032 3465 κατατοςευθήσεται.

254 3481 313 3536 1:3
339 3481 735 3563 φανταζόμενον
765 3485 836 3549 ὡς
870 3489 1098 3554 Μωυσῆς
1131 3487 1285 3544 εἶπεν

256 3567 508 3649 ἔντρομος
519 3619 534 3632 .
574 3595 599 3627 υ

332 3664 403 3718 T0
434 3667 540 3739 πῦρ
572 3657 657 3717 διὰ
702 3667 878 3736 τοῦτο,
940 3663 1033 3719 π’να
1092 3662 1450 3745 φοϐερώτερος
1508 3671 1648 3744 φανῇ
1689 3669 1912 3740 νομοθε-

251 3754 351 3805 νῶν
381 3753 410 3806 6
442 3749 600 3811 Θεός.
666 3772 692 3805 ι
729 3752 829 3808 Καὶ
870 3752 1051 3833 γνόφῳ
1109 3756 1196 3810 καὶ
1267 3755 1463 3828 σκότῳ,
1507 3778 1527 3808 ι
1594 3746 1652 3824 ὀ
1719 3755 1910 3834 γνόφος

243 3841 330 3894 καὶ
364 3859 423 3895 το
470 3838 689 3919 σκότος)
724 3842 785 3895 τῦ
844 3842 1289 3919 συνεσκιασμένον
1348 3850 1447 3911 τῆς
1522 3842 1756 3908 Παλαιᾶς
1817 3841 1911 3909 δη-

247 3925 358 3987 λοῖ.
396 3930 456 3985 Εἰ
486 3929 589 4005 γὰρ
637 3926 818 3985 ἐκεῖνα
860 3931 1011 3988 τύποι
1069 3931 1224 4006 ἦσαν,
1287 3930 1446 3999 δῆλον
1506 3931 1586 3987 ὅτι
1656 3930 1755 3996 ἕως
1814 3931 1911 3999 ἦλ-

248 4020 331 4073 θεν
367 4018 403 4085 ἡ
433 4015 684 4097 ἀλήθεια,
717 4017 944 4099 ἀσαφεῖς
1016 4020 1149 4088 ἦσαν
1207 4025 1254 4079 οἱ
1293 4022 1471 4096 τύποι,
1532 4022 1609 4097 μὴ
1640 4020 1911 4099 γινωσκό-

251 4127 400 4180 μενοι
446 4104 762 4173 τῖδηλοῦσι.
815 4110 911 4166 Καὶ
956 4111 1017 4166 τὸ
1068 4110 1290 4190 ἀόρατον
1323 4112 1377 4188 νε
1423 4113 1515 4167 τοῦ
1548 4117 1679 4167 Θεοῦ
1711 4113 1738 4167 6
1782 4110 1912 4189 γνό-

256 4216 355 4275 φος
420 4193 605 4274 δηλρῖ.
666 4214 695 4254 (
731 4198 829 4254 Καὶ
878 4199 1072 4279 γνόφος
1102 4201 1221 4279 γὰρ,
1257 4201 1437 4280 φησὶν,
1471 4201 1571 4256 ὑπὸ
1600 4200 1720 4265 τοὺς
1752 4198 1912 4262 πόδας

259 4284 442 4346 αὐτοῦ.
521 4309 542 4339 ιι
613 4320 688 4330 —
728 4310 750 4341 ιι
809 4289 907 4368 Καὶ
963 4288 1180 4368 θυέλλῃ.
1238 4313 1259 4344 ι
1300 4282 1363 4345 εΠ
1412 4288 1602 4346 θύελλα
1660 4290 1916 4367 ῥᾳθύμους

256 4371 414 4437 ὄντας
445 4372 790 4442 διανίστησιν.
838 4365 1103 4434 "saeuae
1159 4378 1372 4459 θὺελλα,
1426 4378 1620 4453 ἀνέμου
1688 4400 1916 4456 συστρο-

254 4464 352 4543 φή.
400 4467 466 4521 Αἱ
497 4461 551 4519 δὲ
583 4463 898 4544 σάλπιγγες,
962 4469 1036 4531 ὡς
1070 4466 1331 4544 βασιλέως
1396 4467 1680 4545 παρόντος.
1752 4473 1918 4524 Τοῦτο

254 4554 357 4632 γὰρ
382 4555 471 4610 καὶ
532 4552 601 4610 ἒν·
643 4561 710 4631 τῇ
765 4553 977 4635 δευτέρᾳ
1032 4559 1288 4636 παρουσὲᾳ
1342 4555 1509 4617 ἔσται.
1550 4578 1579 4614 σ
1619 4557 1713 4614 Καὶ
1770 4561 1919 4635 φωνῇ

254 4640 606 4725 ρημάτιονι.»
673 4634 726 4701 Ὀ
775 4646 874 4723 γὰρ
918 4634 1132 4712 Μωσῆς
1176 4645 1375 4721 ἐλάλει,
1436 4646 1751 4725 ἀπεκρίνατο
1787 4634 1860 4700 δὲ
1890 4648 1918 4701 6

255 4739 413 4794 Θεὸς.
457 4756 481 4786 σι
524 4722 680 4790 “East
712 4734 811 4812 γὰρ
839 4740 930 4790 τοῦ
981 4742 1111 4794 Θεοῦ
1166 4739 1406 4816 φέρεσθαι
1463 4736 1560 4803 τὴν
1591 4734 1795 4813 φωνὴν,
1828 4734 1918 4791 ἵνα

1295 3535 1310 3568 ,
1377 3477 1649 3568 ’Ἐκφοϐός
1693 3489 1801 3562 εἶμι
1827 3490 1915 3544 καὶ

2599 2494 2844 2559 CAPUT
2888 2495 3043 2561 XIX.

1994 2605 2167 2681 Quod
2187 2604 2701 2685 formidabitiores
2724 2591 2850 2666 Sint
2871 2606 3101 2682 futurae
3124 2621 3323 2685 poema
3349 2604 3477 2667 illis
3517 2620 3649 2683 quae

2072 2685 2183 2748 sub
2216 2685 2384 2747 Mose
2415 2683 3249 2766 inﬂz'gebantur,dignunique
3276 2687 3353 2748 sit
3384 2693 3451 2747 ut
3488 2687 3649 2748 circa

2066 2769 2393 2847 praesentia
2420 2764 2617 2845 majus
2639 2764 3009 2828 adhibeatur
3029 2764 3319 2829 studium.

2070 2857 2204 2934 ΧΠ,
2241 2859 2439 2922 18-21.
2465 2859 2602 2922 Non
2632 2860 2793 2921 enim
2830 2860 3161 2922 accessistis
3190 2858 3272 2921 ad
3304 2850 3652 2923 contactum

1992 2956 2249 3011 montem
2275 2955 2332 3011 et
2355 2950 2667 3010 incensum
2694 2950 2902 3026 ignem
2931 2965 3003 3008 ac
3032 2946 3362 3027 caliginem
3395 2954 3449 3010 et
3481 2954 3649 3011 tene-

1994 3038 2138 3101 bras
2167 3056 2237 3099 ac
2260 3036 2870 3118 turbinem,tubceque
2896 3041 3163 3099 sonitum
3191 3043 3247 3099 et
3275 3053 3475 3100 vocem
3502 3055 3650 3102 ver-

1998 3128 2236 3201 borum,
2269 3144 2451 3208 quam
2499 3125 2824 3188 audierant
2853 3125 3163 3205 deprecati
3189 3132 3354 3207 sunt,
3398 3145 3473 3188 ne
3500 3128 3651 3208 ipsis

1992 3217 2399 3296 ﬁeretsermo.
2421 3214 2556 3276 Non
2588 3216 2749 3277 enim
2776 3214 3055 3293 ferebant
3083 3214 3240 3294 quod
3269 3214 3647 3279 edicebatur.

1995 3307 2203 3369 Etiam
2232 3306 2288 3367 si
2320 3306 2508 3367 bestia
2531 3305 2797 3385 tetigerit
2824 3312 3109 3379 montem,
3143 3303 3515 3385 tapidabitur
3542 3313 3649 3367 aut

1128 3399 1226 3455 Καὶ
1309 3398 1472 3480 οὕτως
1532 3397 1751 3479 φοϐερὸν
1843 3401 1911 3465 ἦν

2000 3394 2195 3475 iaculo
2251 3394 2613 3474 eonﬁgetur;
2648 3402 2700 3455 et
2736 3393 2886 3455 adeo
2938 3392 3211 3456 terribile
3254 3401 3388 3456 erat
3443 3395 3646 3456 visum

1997 3487 2155 3567 quod
2187 3484 2542 3564 apparebat,
2574 3488 2644 3545 ut
2676 3482 2868 3545 Moses
2896 3482 3160 3545 diceret:
3194 3481 3654 3564 Expavefactus

1995 3592 2123 3637 sum
2158 3592 2228 3635 ac
2261 3571 2719 3635 tremebundus.

2076 3662 2547 3742 42‘5Propterea
2566 3659 2814 3739 ignis,ut
2829 3660 3040 3738 majori
3071 3660 3289 3723 terrori
3313 3667 3471 3723 esset
3489 3660 3649 3727 Deus

1996 3753 2100 3835 qui
2133 3753 2325 3831 legem
2370 3749 2622 3812 ferebat.
2657 3773 2683 3804 α
2711 3748 2793 3811 Ac
2822 3747 3136 3827 caliginem
3187 3757 3245 3810 et
3276 3749 3579 3814 tenebras.
3617 3776 3643 3807 ι)

1996 3842 2195 3920 Caligo
2223 3848 2281 3901 et
2311 3838 2576 3901 tenebrae
2612 3838 2949 3914 signiﬁcant
2997 3835 3233 3900 Veteris
3282 3837 3649 3901 Testamenti

1997 3929 2541 3994 obumbrationem.
2567 3930 2718 3991 Nam
2743 3925 2792 3985 si
2816 3926 2914 3988 illa
2928 3926 3131 4005 ﬁgurae
3146 3934 3339 4007 erant,
3371 3927 3652 3991 manifes-

1999 4030 2122 4084 tum
2145 4027 2234 4080 est
2248 4017 2402 4098 quod
2420 4017 2608 4077 donec
2626 4014 2859 4077 veniret
2880 4014 3397 4091 veritas,obscura3
3410 4018 3655 4080 erantﬁ-

1995 4108 2328 4190 gurze,dum
2352 4126 2469 4167 non
2493 4112 2951 4184 cognosceretur
2969 4103 3109 4185 quid
3131 4104 3654 4184 siguiﬁcarent.Si-

1998 4197 2236 4278 gniﬁcat
2261 4205 2456 4257 autem
2481 4194 2669 4272 caligo
2695 4194 2873 4254 etiam
2895 4191 3003 4254 Dei
3027 4191 3512 4255 invisibilitatem.
3531 4216 3553 4250 α
3580 4193 3655 4256 Et

2000 4288 2211 4366 caligo,
2240 4284 2455 4365 inquit,
2481 4282 2590 4345 sub
2616 4281 2865 4363 pedibus
2896 4283 3025 4363 ejus
3045 4281 3254 4345 83.9—
3295 4308 3316 4338 ι
3356 4286 3435 4344 Ac
3458 4282 3651 4345 turbi-

2000 4396 2159 4439 nem.
2174 4370 3148 4451 »Perdictionem,Turbo,excitat
3166 4389 3268 4433 eos
3280 4389 3414 4432 cum
3436 4389 3653 4452 segnes

2003 4464 2339 4529 essent.Est
2354 4470 2550 4524 autem
2575 4461 2745 4524 turbo
2769 4460 2929 4522 venti
2946 4458 3466 4524 contorsio.Tubae
3484 4479 3649 4542 vero,

2000 4565 2280 4638 tanquam
2316 4559 2607 4633 praisente
2637 4568 2814 4630 rege;
2850 4568 2985 4611 nam
3031 4559 3089 4611 et
3136 4551 3248 4611 hoc
3276 4549 3340 4610 in
3387 4550 3651 4612 secundo

2003 4645 2115 4707 erit
2169 4643 2444 4704 adventu.
2510 4665 2535 4695 α
2596 4638 2669 4700 Et
2721 4657 2926 4700 vocem
2986 4638 3324 4700 verborum.
3373 4663 3400 4695 ω
3459 4642 3654 4702 Moses

2003 4735 2161 4797 enim
2196 4729 2568 4811 loquebatur,
2623 4735 2678 4789 et
2710 4726 2866 4789 Deus
2914 4728 3316 4808 respondebat
3334 4728 3418 4788 83.
3454 4726 3651 4809 Opor-

255 4819 563 4887 ἀξιόπιστος
617 4824 652 4890 ἡ
712 4825 992 4898 νομοθεσία
1071 4823 1312 4903 γένηται,
1387 4826 1473 4881 καὶ
1542 4824 1620 4900 μὴ
1693 4827 1912 4900 νομισθῇ

2002 4823 2109 4884 tuit
2139 4799 2394 4900 namque
2417 4818 2524 4879 Dei
2554 4799 2761 4878 vocem
2792 4799 3129 4891 formari,ut
3148 4817 3265 4878 ﬁde
3283 4817 3460 4896 digna
3481 4799 3656 4880 fieret

256 4909 497 4976 Μωσέως
579 4912 746 4985 εἶναι,
798 4909 864 4967 δι’
937 4913 996 4970 οῦ
1040 4917 1341 4989 νομοθενεϊν
1416 4912 1636 4988 ἔμελλεν
1685 4915 1713 4968 6
1761 4912 1914 4975 Θεός.

265 5000 431 5056 (Οὐκ
460 4998 641 5080 ἔφερον
696 5001 819 5080 γάρ.
870 5025 897 5056 ι)
936 5010 1073 5059 Εϊπε
1142 5003 1241 5071 τὴν
1312 5003 1479 5060 αἰτίαν
1509 5003 1604 5070 τῆς
1660 5003 1920 5080 παραιτή-

258 5109 424 5167 σεως,
472 5088 554 5145 ὅτι
586 5091 679 5146 οὒκ
705 5088 889 5169 ἔφερον
916 5092 977 5147 τὸ
1028 5089 1466 5169 διαστελλόμενον
1523 5093 1666 5161 οἷον,
1723 5093 1784 5147 τὸ
1828 5090 1918 5148 ἐν-

254 5175 586 5241 τελλόμενον
636 5181 724 5236 καὶ
781 5178 1129 5255 λαλούμενον,
1188 5184 1285 5240 Καὶ
1327 5182 1425 5262 γὰρ
1481 5195 1635 5238 εϊπον
1680 5189 1867 5238 Mans!
1899 5197 1914 5212 ‘

2001 4908 2380 4990 legislatio,et
2401 4925 2520 4968 non
2542 4905 2978 4967 existimaretur
3005 4924 3136 4968 esse
3164 4905 3448 4987 Mosi,per
3474 4923 3653 4987 quem

2002 5008 2129 5063 erat
2155 5000 2310 5060 Deus
2341 4996 2530 5074 legem
2562 4996 2809 5058 laturus.
2849 5015 2879 5055 ί
2907 4996 3039 5057 Non
3072 4994 3233 5056 enim
3287 4994 3579 5058 ferebant.
3617 5015 3645 5055 ι

2003 5090 2250 5154 Causam
2309 5086 2454 5146 dixit
2511 5083 2931 5158 excusationis,
2966 5084 3104 5165 quia
3132 5102 3252 5146 non
3295 5082 3568 5147 ferebant
3593 5083 3654 5145 id

2003 5179 2156 5261 quod
2192 5174 2604 5249 deﬁniebatur,
2656 5174 2770 5234 hoc
2820 5182 2931 5250 est,
2992 5174 3153 5252 quod
3202 5173 3657 5255 praecipiebatur

259 5290 288 5321 α
325 5266 580 5335 Λάλησυν
607 5270 744 5345 ἡμῖν
772 5270 856 5344 σὺ,
903 5270 1100 5346 καὶμή
1145 5269 1378 5328 λαλαίτω
1433 5273 1569 5347 ἡμῖν
1599 5274 1627 5328 6
1681 5271 1833 5334 Θεός,
1888 5295 1910 5326 ι

2003 5268 2124 5331 sive
2149 5262 2793 5344 dicebatur.Siquidem
2816 5262 3092 5325 dixerunt
3118 5262 3301 5327 Mosi:
3336 5286 3360 5321 α
3384 5263 3657 5345 Loquere

253 5389 333 5401 —
386 5375 416 5416 ι
468 5356 784 5437 Κᾶνθηρίον
851 5360 994 5439 θίγῃ.
1036 5382 1058 5416 ι)
1109 5367 1364 5426 Τοσοῦτος
1413 5360 1479 5428 ἧν
1535 5363 1563 5417 6
1620 5359 1800 5440 φόϐος,
1837 5360 1912 5418 ὅτι

2001 5366 2063 5420 tu
2094 5356 2357 5418 nobis.et
2388 5372 2506 5414 non
2538 5354 2812 5433 loquatur
2842 5352 3012 5415 nobis
3032 5352 3277 5418 Deus84.
3306 5352 3656 5415 n—«Etiam

249 5448 349 5502 κᾶν
409 5446 594 5524 θηρίον
648 5447 785 5527 ἔθιγε
827 5456 919 5505 τοῦ
974 5449 1150 5528 ὄρους,
1210 5447 1587 5509 ἐλιθνιϐολεῖτο.
1628 5475 1655 5506 α
1698 5451 1912 5509 K11033-

2000 5447 2050 5508 si
2092 5445 2280 5507 bestia
2327 5442 2659 5522 tetigerit.»
2696 5442 2916 5505 Tantus
2962 5450 3088 5506 erat
3141 5449 3358 5519 terror,
3407 5442 3565 5525 quod
3600 5448 3663 5505 et

247 5559 355 5599 τως
386 5534 616 5615 φοῗερον
643 5537 709 5605 ἧν
756 5540 817 5594 τὸ
859 5541 1274 5617 φανναζόμενον.
1328 5564 1352 5594 ι
1392 5538 1542 5596 θέλει
1607 5538 1771 5608 δεῖξαι
1830 5543 1912 5597 καὶ

2000 5535 2195 5601 bestia
2224 5533 2274 5594 si
2306 5531 2583 5612 tangebar.
2616 5538 2907 5615 montem,
2939 5531 3336 5615 lapidabatur.
3361 5552 3385 5586 ι
3408 5530 3482 5595 Et
3507 5530 3658 5594 adeo

332 5704 400 5756 80
432 5702 625 5772 Galat.
658 5723 740 5789 ιν,
776 5706 872 5772 49.
907 5706 961 5758 8¹
990 5704 1180 5772 Galat.
1215 5724 1276 5785 v,
1308 5709 1366 5771 4.
1414 5707 1478 5759 82
1506 5710 1663 5775 Psal.
1697 5726 1845 5793 xvu,
1880 5712 1905 5774 1

2024 5709 2088 5762 83
2116 5702 2304 5771 Exod.
2336 5719 2461 5783 XIX,
2496 5701 2601 5767 19.
2646 5702 2711 5755 84
2745 5701 2934 5770 Exod.
2964 5718 3067 5782 xx,
3102 5703 3203 5770 19.
