4136 6422
412 414 533 482 435
1541 413 1952 478 (ECUMENII
1997 411 2293 476 TRICCAE
2329 409 2664 478 EPISCOPI
3680 411 3801 492 43;

416 548 683 613 terribile
717 557 842 612 erat
871 551 1055 611 visum
1089 548 1249 630 quod
1277 546 1652 627 apprrebat.»
1682 546 1825 606 Vult
1855 556 2059 610 osten-

2157 549 2199 633 ίν
2229 551 2400 627 τούτῳ
2428 550 2678 632 διαφορὰν
2719 552 2816 620 τῆς
2850 550 3010 631 Νέας,
3058 552 3130 617 ὡς
3162 554 3294 633 πρὸς
3362 553 3460 621 τὴν
3536 551 3792 615 Παλαιαν,

417 640 561 701 dere
589 638 651 700 in
681 639 791 700 hoc
814 657 1048 720 quoque
1063 636 1354 699 excellere
1376 633 1597 697 Novum
1618 633 2067 698 Testamentum

2157 630 2216 696 Ἠ
2260 641 2365 719 γὰρ
2417 630 2620 701 παλαιὰ
2689 640 2855 698 καίτοι
2902 630 3069 716 μηδὲν
3147 630 3346 723 ἔχουσα
3388 649 3623 699 τοιοῦτον
3681 644 3797 699 οἷον

420 730 476 791 in
507 728 720 789 ordine
750 727 823 789 ad
855 724 1375 806 Vetus.Siquidem
1393 737 1563 787 vetus
1584 724 1763 786 etiam
1786 725 1838 786 si
1864 726 2067 806 hujus-

2157 730 2183 797 ἣ
2214 728 2347 810 Νέα,
2377 727 2573 810 φοϐερά
2600 752 2686 794 τις
2717 729 2805 797 ἦν,
2843 720 2907 786 Ἠ
2937 727 2992 785 δὲ
3036 720 3404 812 Νέαίφησὶν,
3467 730 3667 811 ἔχουσα
3736 732 3797 787 τὸ

419 816 582 879 modi
610 816 761 878 nihil
790 816 1039 879 haberet
1060 815 1232 896 quale
1262 813 1513 887 Novum,
1555 813 1882 876 timendum
1918 835 2064 896 quo-

2157 817 2372 899 réletov,
2408 820 2541 888 ἡπία
2570 818 2678 876 ἕστὶ
2706 820 2794 875 καὶ
2837 820 3004 898 χωρὶς
3035 816 3221 899 φόϐου,
3282 842 3311 875 α
3345 825 3558 887 Μοῦσῆς
3588 833 3740 878 εἴπεν
3778 834 3795 851 ⁶

419 904 739 967 dammodo
770 895 1191 969 erattNorum
1225 921 1390 974 vero,
1448 921 1583 963 cum
1636 895 2064 983 perfectionem

2157 895 2431 987 ’Ἐκφοϐός
2462 909 2568 984 εἰμι
2599 909 2688 964 καὶ
2715 895 2990 988 ἔντρομος,
3028 895 3060 963 n
3118 910 3281 973 Οὗτός
3326 932 3508 990 φησιν,
3543 912 3571 966 6
3607 911 3679 973 εἰς
3708 911 3799 967 τὸν

420 994 655 1071 habeat,
681 994 946 1056 clemens
978 1001 1066 1055 est
1090 1001 1149 1054 et
1176 991 1401 1072 absque
1432 1000 1685 1054 terrore.
1727 1017 1752 1047 α
1776 990 1853 1054 Ut
1876 994 2068 1054 Moses

2152 996 2345 1077 γνόφον
2390 996 2659 1060 εἰσελθών.

418 1085 686 1147 diceret:
742 1081 1166 1163 Expavet‘actus
1198 1099 1330 1145 sum
1379 1094 1431 1145 et
1470 1082 1872 1144 tremefactus.
1912 1107 1938 1138 ιι
1972 1081 2083 1147 Hic
2112 1084 2290 1148 etiam
2322 1085 2425 1168 qui
2478 1086 2537 1147 in
2592 1085 2903 1167 caliginem
2958 1086 3337 1169 ingressurus
3379 1095 3525 1164 erat,
3560 1088 3673 1150 hoc
3700 1086 3798 1150 di-

420 1172 613 1236 cebaL

502 1265 626 1340 XII,
650 1267 729 1328 Ἡ
755 1267 859 1330 24.
874 1267 993 1331 Sed
1008 1269 1344 1330 accessistis
1362 1266 1443 1328 ad
1458 1273 1717 1328 montem
1728 1264 1879 1327 Sion
1905 1274 1962 1329 et
1981 1267 2066 1329 ad

421 1357 731 1419 civitatem
767 1356 877 1421 Dei
895 1355 1523 1429 viventis,Jerusalem
1552 1358 1873 1437 cates-tem,
1908 1362 1965 1419 et
1987 1356 2068 1419 ad

421 1445 963 1508 innumerabilium
985 1446 1339 1528 angelorum
1362 1452 1601 1521 acetum,
1626 1453 1679 1507 et
1715 1444 1796 1507 ad
1823 1451 2066 1508 concio-

422 1552 562 1597 nem
589 1536 1137 1614 primogenitorum
1158 1536 1264 1616 qui
1287 1535 1610 1613 conscripti
1638 1542 1777 1595 sunt
1800 1537 1862 1596 in
1881 1534 2067 1616 uelis,

419 1631 479 1686 et
506 1624 587 1685 ad
606 1624 884 1702 judicem
904 1628 1328 1687 universorum
1360 1623 1575 1697 Deum,
1610 1629 1664 1685 et
1697 1624 1777 1685 ad
1819 1626 2073 1705 spiritus

408 1715 719 1793 justorum
738 1712 1173 1793 perfectorum,
1206 1721 1261 1776 et
1291 1713 1371 1775 ad
1400 1719 1543 1775 novi
1574 1716 1919 1775 testamenti
1939 1732 2073 1777 con-

415 1802 777 1881 ciliatorem,
812 1805 1039 1877 Jesum,
1087 1809 1145 1865 et
1174 1803 1255 1864 ad
1296 1804 1659 1883 sanguinem
1694 1805 2075 1882 aspersionis

419 1891 640 1954 melius
665 1892 1008 1974 loquentem
1039 1909 1226 1972 quam
1248 1894 1502 1971 sanguis
1532 1890 1707 1954 Abel.

509 2003 535 2039 α
562 1979 678 2043 Sed
708 1980 1067 2044 accessistis.
1110 2006 1133 2040 υ
1174 1983 1281 2043 Pro
1305 1987 1527 2057 monte,
1560 1980 1772 2061 inquit,
1810 1979 1951 2043 Sion
1984 1990 2074 2044 est

420 2069 519 2132 hic
549 2069 787 2133 calum.
846 2073 996 2136 Nam
1050 2071 1164 2133 hoc
1222 2069 1365 2131 dicit
1394 2070 1493 2131 hic
1538 2078 1797 2133 montem
1840 2070 1984 2132 Sion
2015 2078 2075 2133 et

417 2156 756 2222 Jerusalem
786 2180 800 2220 :
820 2159 981 2222 unde
1002 2159 1303 2240 subjungit
1332 2158 1668 2222 leestem.
1686 2158 2072 2221 «Etinnume-

420 2246 698 2310 rabilium
730 2248 1077 2328 angelorum
1111 2257 1350 2310 cretum.
1376 2271 1399 2303 υ
1427 2246 1539 2308 Pro
1557 2247 1800 2309 Judaico
1826 2249 2063 2329 populo,

421 2336 636 2398 adsunt
658 2336 876 2416 angeli.
898 2338 1041 2398 426
1087 2336 1156 2398 Et
1177 2336 1534 2399 solemnem.
1568 2335 1782 2417 inquit,
1818 2344 2067 2414 coetum,

421 2424 526 2506 qui
555 2444 626 2487 ex
654 2426 1191 2488 innumerabilibus
1220 2432 1451 2488 constat
1480 2426 1730 2503 angelis.
1764 2426 2068 2506 Primoge-

425 2513 584 2577 nitos
615 2523 812 2578 autem
844 2515 990 2578 dicit
1018 2515 1249 2589 ﬁdeles,
1278 2532 1531 2596 quorum
1572 2514 1815 2575 nomina
1842 2524 1981 2577 sunt
2008 2515 2069 2577 in

424 2603 579 2665 libro
608 2602 914 2668 vitaa.Nam
948 2605 1061 2667 hoc
1086 2605 1263 2666 etiam
1295 2603 1440 2665 dicit
1484 2601 1772 2664 Dominus
1802 2603 2069 2685 discipu-

424 2691 501 2753 lis
530 2713 543 2755 :
576 2718 601 2748 α
622 2692 907 2775 Gaudete,
937 2694 1094 2774 quod
1130 2695 1373 2754 nomina
1400 2703 1594 2753 vestra
1620 2691 1838 2771 Scripta
1867 2693 1984 2754 sint
2010 2693 2071 2755 in

425 2780 592 2843 cmlis
617 2783 703 2843 85.
731 2807 759 2841 »
789 2819 866 2829 —
886 2782 1095 2845 Aliud.
1133 2781 1561 2860 Primogenitos
1609 2780 1752 2842 dicit
1809 2791 2067 2856 sanctos,

424 2870 525 2951 qui
545 2870 767 2934 habent
791 2871 1011 2952 aliquid
1028 2871 1325 2934 excellens
1344 2883 1559 2951 praeter
1571 2869 1719 2932 alios
1743 2870 1950 2933 ﬁdeles
1973 2873 2074 2952 qui

418 2959 799 3041 adoptionem
816 2969 1175 3041 acceperunt
1195 2979 1230 3022 α
1252 2958 1661 3040 primogenitis
1672 2959 1772 3039 qui
1794 2960 1947 3039 apud
1968 2979 2073 3023 nos

419 3048 691 3131 suut,qui
712 3068 783 3111 ex
798 3050 938 3131 jure
961 3049 1442 3130 primogenitum;
1468 3048 1685 3110 habent
1705 3048 1900 3128 aliqua
1918 3068 2071 3130 pras-

420 3137 597 3219 cipua
625 3137 953 3218 legata.aEt
981 3138 1053 3200 ad
1078 3136 1347 3219 judicem
1378 3136 1792 3199 universorum
1816 3138 2063 3203 Deum.»

2239 1292 2260 1324 ι
2305 1266 2473 1329 Ἀλλὰ
2514 1270 2941 1351 προσεληλύθατε
2997 1274 3137 1330 Σιὼν
3174 1272 3282 1353 ὄρει
3328 1273 3416 1329 καὶ
3465 1271 3617 1329 πόλει
3670 1278 3802 1331 Θεοῦ

2150 1364 2367 1431 ζῶντος,
2519 1358 2865 1439 Ἰερουσαλὴμ
2945 1360 3254 1441 ἐπουρανίῳ,
3365 1361 3453 1418 καί
3561 1362 3803 1442 μυριάσιν

2152 1446 2420 1527 ἅγγέλων,
2494 1451 2791 1530 πανηγύρει
2895 1452 2983 1507 καὶ
3097 1450 3353 1525 ἐκκλησίᾳ
3449 1452 3802 1531 πρωτοτόκων

2153 1537 2207 1593 ἐν
2234 1540 2476 1617 οὐρανοῖς
2506 1539 3020 1618 ἀπογεγραμμένων,
3066 1541 3154 1597 καὶ
3196 1546 3353 1620 κριτῇ
3423 1547 3538 1614 Θεῳ
3565 1540 3801 1614 πάντων,

2153 1628 2241 1684 καὶ
2291 1629 2551 1703 πνεύμασι
2613 1628 2826 1686 δικαίων
2883 1628 3332 1707 τελελειωμένων,
3404 1631 3491 1686 καὶ
3545 1627 3803 1700 διαθήκης

2154 1715 2275 1781 νέας
2299 1718 2488 1793 μεσίτῃ
2527 1717 2755 1799 Ἰησοῦ,Δ
2800 1721 2887 1776 καὶ
2958 1718 3150 1797 αἵματι
3206 1719 3527 1798 ῥαντισμωῦ,
3562 1732 3804 1799 κρεῖττον

2155 1804 2399 1863 λαλοῦντι
2428 1808 2570 1888 παρὰ
2596 1809 2686 1864 τὸν
2721 1796 2918 1869 ”Α6ελ.

2242 2008 2264 2039 α
2302 1981 2956 2065 Ἀλλὰπροσεληλύθατε,
2994 2010 3022 2042 ι
3087 1985 3230 2043 Ἀντὶ
3300 1992 3391 2043 τοῦ
3448 1988 3587 2044 Σιὼν
3630 1986 3801 2068 ὄρους,

2154 2073 2321 2154 φησὶν
2364 2073 2581 2131 ἐνταῦθα
2639 2075 2779 2133 ἐστιν
2836 2078 2865 2132 6
2923 2075 3162 2155 οὖρανός.
3226 2084 3420 2134 Τοῦτον
3473 2077 3573 2156 γὰρ
3644 2074 3805 2134 καλεῖ

2154 2164 2293 2220 Σιὼν
2336 2164 2455 2244 ὅρος
2485 2168 2572 2223 καὶ
2646 2156 2989 2243 Ἰερουσαλήμ
3104 2168 3232 2223 Οθεν
3274 2162 3481 2243 ἕπάγει,
3530 2163 3801 2245 Ἐπουρα-

2153 2253 2268 2327 νίῷ.
2313 2275 2336 2309 α
2390 2257 2488 2314 Καὶ
2532 2255 2777 2334 μυριάσιν
2834 2252 3099 2332 ἀγγέλων.
3139 2277 3166 2308 ιι
3230 2254 3372 2310 Ἀντὶ
3429 2261 3523 2312 τοῦ
3580 2252 3804 2313 Ἰουδαί-

2152 2340 2247 2398 κοῦ
2302 2341 2455 2424 λαοῦ,
2515 2341 2731 2422 ἄγγελοι
2790 2343 3021 2421 πάρεισι.
3090 2343 3187 2400 Καὶ
3241 2343 3556 2421 πανηγύρει,
3615 2346 3797 2423 φησὶν,

2154 2430 2206 2488 ἐν
2266 2434 2505 2510 μυριάσιν
2563 2431 2805 2511 ἀγγέλων
2896 2432 3239 2510 ὑπαρχούσῃ.
3324 2431 3696 2510 Πρωτοτόκους
3745 2432 3802 2490 δὲ

2154 2522 2306 2601 φησὶ,
2335 2523 2456 2585 τοὺς
2485 2523 2723 2601 πιστοὺς,
2764 2521 2838 2579 ὥν
2894 2522 2960 2578 τὰ
3014 2521 3250 2597 ὸνόματα
3279 2519 3333 2577 ὲν
3390 2518 3556 2598 βίϐλῳ
3624 2528 3793 2594 ζωῆς.

2157 2618 2321 2668 Τοῦτο
2365 2611 2465 2691 γάρ
2493 2613 2621 2692 φησὶ
2650 2612 2738 2668 καὶ
2768 2613 2797 2667 6
2841 2612 3027 2690 Κύριος
3048 2622 3165 2673 τοῖς
3196 2613 3464 2685 μαθηταῖς
3498 2633 3513 2665 ι
3552 2611 3805 2691 «Χαίρετε

2156 2697 2237 2755 ὅτι
2262 2700 2326 2779 τᾲ
2368 2699 2604 2776 ὸνόματα
2650 2702 2799 2775 ὑμῶν
2840 2700 3132 2779 γέγραπται
3183 2699 3237 2755 ἐν
3290 2712 3410 2763 τοῖς
3467 2699 3735 2779 οὐρανοῖς.
3774 2722 3798 2759 I
3906 2710 3920 2721 '

2155 2820 2236 2832 —
2268 2777 2469 2847 ”Λλ).ο.
2527 2777 3021 2868 ΠρωτοτόκουςὝδὲ,
3067 2788 3186 2852 τοὺς
3235 2788 3416 2867 ἁγίους
3482 2777 3649 2867 λέγει,
3682 2790 3804 2856 τοὺς

2156 2879 2219 2933 τὸ
2276 2875 2534 2955 ἐξαίρετον
2592 2877 2818 2959 ἔχοντας
2891 2878 3032 2957 παρὰ
3085 2878 3208 2940 τοὺς
3270 2874 3488 2940 λοιπούς
3558 2880 3801 2952 πιστοὺς,

2162 2966 2277 3031 τοὺς
2308 2971 2406 3034 τῆς
2444 2967 2697 3031 υἱοθεσίας
2750 2965 3095 3042 ἠξιωμένους,
3158 2965 3264 3022 ἀπὸ
3335 2970 3440 3022 τῶν
3491 2964 3614 3046 παρ’
3667 2969 3805 3043 ἡμῖν

2153 3055 2528 3133 πρωτοτόκων,
2598 3058 2653 3115 οἳ
2710 3056 2769 3113 ἐκ
2824 3056 2929 3114 τῶν
3028 3055 3399 3135 πρωτοτοκίων
3472 3053 3659 3136 ἔχουσί
3713 3080 3802 3114 τι-

2154 3166 2216 3201 να
2259 3143 2541 3224 πρεσϐεῖα,
2607 3163 2636 3205 (
2709 3146 2807 3204 Καὶ
2873 3151 3030 3225 κριτῇ
3102 3147 3218 3220 Θεῷ
3291 3145 3527 3205 πάντων.
3572 3168 3596 3203 ι
3661 3136 3805 3204 Ὠσεὶ

418 3224 723 3308 Tanquam
756 3227 1013 3290 diceret:
1043 3227 1132 3291 llli
1157 3245 1232 3290 ne
1261 3227 1440 3288 verbo
1482 3226 1722 3306 quidem
1773 3232 1900 3288 ausi
1931 3239 2068 3293 sunt

2157 3234 2307 3290 εἶπεν
2333 3251 2346 3267 ⁸
2424 3233 2681 3312 Ἐκεῖνοι,
2756 3224 2937 3315 φησὶν,
3013 3232 3129 3294 οὒδὲ
3188 3235 3441 3313 ῥημάτων
3497 3233 3804 3311 ἐτόλμησαν

418 3316 672 3393 audire;
702 3335 804 3379 vos
833 3324 1031 3379 autem
1061 3317 1134 3379 ad
1165 3317 1360 3398 ipsum
1410 3316 1678 3397 judicem
1705 3315 2061 3395 accessistis,

419 3405 532 3467 hoc
558 3412 670 3480 est,
721 3406 793 3467 ad
855 3404 1177 3469 Christum.
1216 3430 1242 3462 α
1271 3409 1422 3471 Nam
1468 3405 1661 3487 Pater,
1696 3402 1909 3485 inqui,
1944 3418 2061 3472 non

410 3492 642 3575 judicat
670 3494 1166 3575 quemquam,sed
1191 3494 1487 3575 judicium
1511 3496 1674 3558 dedit
1705 3497 2063 3565 b16086.»—

424 3607 451 3639 α
473 3582 543 3644 Ει
569 3583 644 3646 ad
664 3582 1245 3665 spiritusjustorum.
1272 3610 1294 3640 ιο
1324 3585 1468 3648 Cum
1502 3586 1645 3667 ipsis
1677 3595 1839 3653 enim
1885 3592 2063 3654 futuri

419 3671 585 3748 estis,
607 3673 708 3754 qui
729 3672 803 3735 ad
820 3692 1033 3735 novum
1064 3681 1479 3736 testamentum
1506 3679 2069 3745 accessistis.Vocat

416 3769 614 3824 autem
637 3763 820 3843 ipsos,
866 3772 929 3825 ut
958 3764 1058 3845 qui
1088 3781 1254 3826 suam
1293 3771 1432 3827 tunc
1485 3766 1913 3847 perfectionem
1946 3770 2069 3833 sint

416 3850 697 3927 habituri,
747 3852 1251 3934 quemadmodum
1304 3857 1478 3917 etiam
1530 3858 1807 3938 superius
1834 3860 1952 3921 ait:
1984 3859 2069 3922 Ne

415 3940 547 4004 sine
574 3939 747 4004 nobis
776 3954 1358 4007 consummarentur.
1410 3970 1437 4001 α
1485 3945 1557 4006 Et
1609 3947 1681 4008 ad
1716 3949 1848 4009 novi
1885 3956 2066 4012 testa-

417 4031 603 4092 menti
633 4030 1103 4094 conciliatorem.
1143 4057 1162 4087 ι
1198 4035 1315 4096 Pro
1338 4037 1502 4097 Mose
1527 4035 1625 4097 hic
1651 4045 1740 4098 est
1772 4037 2065 4101 Christus.

415 4117 778 4198 Sanguinem
794 4138 933 4183 vero
955 4121 1317 4201 aspersionis
1338 4121 1483 4184 dicit
1508 4125 1831 4201 pretiosum
1854 4127 2070 4190 Christi

416 4207 794 4288 sanguinem.
851 4233 879 4264 α
938 4210 1147 4273 Melius
1197 4211 1547 4292 loquentem
1598 4233 1774 4295 quam
1831 4216 2070 4295 sanguis

417 4295 591 4359 Abel.
624 4323 650 4355 ι
675 4296 829 4370 Quid
859 4298 1019 4359 enim
1044 4300 1287 4377 sanguis
1318 4299 1513 4364 Abel?
1540 4320 1616 4364 an
1661 4304 1900 4368 locutus
1934 4307 2069 4367 est?

416 4384 655 4466 Utique.
706 4388 850 4447 Nam
908 4404 1015 4467 per
1066 4387 1285 4468 ipsum,
1332 4392 1544 4470 inquit,
1580 4402 1849 4455 mortuus
1876 4394 2070 4455 adhuc

2148 3321 2617 3402 5moﬁczv.,ﬁps'tq.
2648 3322 2702 3380 δὲ
2759 3326 2901 3399 αὐτῷ
2968 3325 3045 3404 τῷ
3112 3330 3267 3403 κριτῇ
3350 3323 3799 3404 προσεληλύθατε,

2146 3413 2405 3493 τουτέστι,
2476 3420 2554 3488 τῷ
2606 3419 2843 3492 Χριστῷ.
2883 3434 2907 3468 ιι
2972 3403 3029 3471 Ὀ
3086 3413 3186 3491 γὰρ
3230 3411 3434 3491 Πατὴρ,
3485 3416 3639 3494 φησὶ,
3696 3403 3805 3495 xpl-

2148 3522 2224 3557 νει
2268 3499 2470 3582 οὒδένα,
2516 3503 2613 3570 τήν
2658 3500 2714 3558 δὲ
2743 3503 2909 3580 κρίσιν
2968 3499 3129 3557 ἔδωκε
3182 3507 3259 3576 τῷ
3303 3504 3430 3577 Υἱῷ.
3467 3525 3497 3559 ι
3536 3538 3605 3547 -
3645 3525 3673 3558 ι
3703 3508 3804 3563 Καὶ

2150 3591 2413 3667 πνεύμασι
2442 3590 2678 3654 δικαίων,
2719 3612 2743 3649 ι
2782 3589 2905 3647 Μετ’
2969 3592 3137 3648 αὐτῶν
3194 3592 3296 3668 γὰρ
3365 3590 3509 3648 εἶναι
3551 3590 3793 3672 μέλλετε,

2152 3681 2332 3759 φησὶν,
2397 3682 2445 3736 οἱ
2495 3687 2564 3757 τῇ
2636 3679 2744 3753 Νέᾳ
2796 3677 3198 3759 προσελθόντες,
3265 3677 3714 3757 Τετελειωμένους
3743 3678 3799 3737 δὲ

2150 3769 2334 3832 αὖτοὺς
2380 3767 2564 3850 καλεῖ,
2614 3770 2687 3834 ὡς
2746 3767 3052 3847 μελλόντων
3081 3768 3253 3850 αῦτῶν
3310 3769 3429 3826 τότε
3472 3771 3533 3826 τὸ
3596 3767 3796 3827 τέλειον

2150 3855 2303 3931 ἕξειν,
2350 3860 2524 3923 καθὼς
2549 3847 2670 3915 ᾑκαὶ
2699 3857 2809 3915 ἅνω
2876 3859 3059 3939 φησὶν,
3109 3847 3233 3915 υΙνα
3282 3858 3360 3934 μὴ
3418 3860 3585 3939 χωρὶς
3644 3860 3800 3935 ἡμῶν

2151 3946 2521 4010 τελειωθῶσιν,
2558 3967 2580 4003 ι
2646 3948 2744 4006 Καὶ
2786 3945 3047 4017 διαθήκης
3120 3945 3244 4010 νέας
3298 3950 3514 4025 μεσίτῃ.
3555 3972 3577 4006 ο
3660 3946 3804 4005 Ἀντὶ

2153 4037 2424 4117 Μοῦσέως,
2484 4038 2512 4093 6
2584 4038 2802 4116 Χριστὸς
2859 4036 3096 4098 ἐνταῦθα.
3186 4035 3340 4113 Α’ίμα
3394 4034 3449 4094 δὲ
3491 4038 3800 4115 ῥαντισμοῦ,

2151 4126 2415 4207 τουτέστι,
2487 4130 2833 4207 καθαρισμοῦ,
2904 4128 2965 4183 τὸ
3020 4126 3195 4203 τίμιον
3292 4130 3434 4201 αἷμα
3485 4126 3630 4205 λέγει
3713 4135 3807 4184 τοῦ

2153 4206 2405 4295 Χριστοῦ.
2451 4238 2473 4271 ο
2514 4225 2765 4296 ᾕρεϊττον
2820 4206 3069 4272 λαλουντι
3124 4216 3268 4294 παρὰ
3320 4217 3382 4272 τὸ
3443 4206 3621 4279 Ἀϐελ.
3662 4239 3686 4274 ι
3725 4207 3806 4276 Τί’

2150 4294 2249 4384 γὰρ
2289 4306 2351 4363 τὸ
2387 4313 2479 4362 τοῦ
2514 4294 2688 4361 ’Ἅϐελ
2718 4322 2734 4381 ;
2768 4304 3031 4387 ἐλάλησε;
3066 4305 3186 4368 Ναί,
3239 4303 3320 4361 Δι’
3354 4304 3510 4362 αὒτου
3538 4304 3663 4386 γὰρ,
3696 4330 3799 4388 φη-

2151 4395 2255 4467 σὶν,
2282 4393 2556 4451 ἀποθανὼν
2600 4393 2675 4450 ἔτι
2706 4393 2883 4468 λαλεῖ,
2920 4401 2989 4471 τῇ
3028 4393 3173 4473 δόξῃ,
3223 4401 3293 4473 τῇ
3322 4396 3479 4475 φήμῃ
3524 4392 3793 4463 δηλονοτι.

416 4474 694 4555 loquitur,
731 4472 793 4564 in
830 4474 1019 4554 gloria
1046 4476 1324 4541 videlicet
1372 4488 1431 4540 et
1486 4479 1660 4541 fama.
1710 4481 1796 4543 De
1852 4480 2068 4545 Christi

2157 4484 2225 4541 Τὸ
2253 4480 2309 4539 δὲ
2350 4493 2444 4543 τοῦ
2472 4491 2696 4564 Χριστοῦ
2734 4488 2873 4559 αἷμα
2930 4480 3145 4551 εωηλον
3197 4483 3278 4541 ὅτι
3334 4472 3401 4561 τῇ
3458 4480 3581 4561 δόξῃ
3636 4482 3799 4541 πλέον

413 4580 555 4625 vero
586 4562 880 4641 sanguine
910 4565 1295 4645 perspicuum
1324 4575 1413 4629 est
1433 4569 1591 4649 quod
1616 4571 1802 4649 magis
1829 4589 1934 4651 per
1949 4571 2068 4650 glo-

2157 4570 2335 4649 λαλεῖ,
2367 4576 2428 4630 τὸ
2471 4562 2665 4638 παντὸς
2726 4583 2817 4632 τοῦ
2886 4573 3088 4648 κόσμου
3144 4573 3536 4648 καθαριστικόν.
3610 4570 3718 4630 Ἀεὶ
3748 4572 3801 4630 δὲ

414 4651 567 4715 riam
593 4652 894 4735 loquatur,
922 4672 1057 4715 cum
1088 4653 1373 4742 idoneum
1405 4657 1481 4718 sit
1508 4658 1580 4719 ad
1632 4659 2068 4739 puriﬁcandum

2157 4661 2218 4718 ἐκ
2245 4667 2350 4718 τῶν
2421 4661 2851 4742 ἐλαχιστοτάτων
2903 4661 2997 4726 τὰς
3046 4663 3341 4741 συγκρίσεις
3398 4674 3661 4742 ποιεῖται,
3718 4660 3804 4718 διὰ

413 4742 762 4805 universum
790 4741 1367 4825 mundum.Semper
1390 4754 1585 4809 autem
1609 4766 1643 4809 a
1668 4748 1932 4810 minimis
1954 4757 2068 4811 tra-

2157 4752 2213 4807 τὸ
2273 4741 2556 4830 νηπιῶδεςί
2591 4757 2697 4807 τῶν
2754 4750 3077 4812 ἀκουόντων,
3137 4784 3216 4795 -
3275 4749 3553 4830 [ΚΥΡΙΑ]
3604 4741 3674 4808 T6
3705 4751 3804 4827 μὲν

412 4831 503 4893 bit
529 4832 1065 4920 comparationem,
1090 4841 1334 4914 propter
1361 4835 1681 4897 ruditatem
1705 4837 2066 4904 auditorum.

2157 4840 2253 4920 γὰρ
2283 4829 2461 4897 ’Ἅϐελ
2513 4844 2652 4917 αἷμα
2708 4840 3084 4919 κατεκεκράγει
3128 4849 3221 4899 τοῦ
3275 4829 3550 4920 φονευτοῦ.
3607 4840 3678 4896 Τὸ
3747 4838 3803 4895 δὲ

412 4956 487 5009 -έ
519 4918 831 5002 Siquidem
867 4922 1109 5002 sanguis
1136 4921 1285 4985 Abel
1333 4923 1627 4987 clamabat
1649 4927 1931 4988 adversus
1956 4927 2068 4990 lto-

2157 4918 2398 5009 Χριστοῦ,
2457 4928 2587 5008 ὑπὲρ
2625 4930 2780 5004 ἡμῶν
2850 4918 3007 4985 λαλεῖ
3077 4930 3206 5009 πρὸς
3265 4918 3357 4983 τὸν
3412 4927 3640 5009 gat-ripa.
3706 4929 3805 4990 Διά

415 5000 714 5100 micidam,
756 5000 1154 5073 Christi'vero
1198 5013 1435 5093 sanguis
1468 5033 1573 5095 pro
1607 5014 1779 5077 nobis
1813 5016 2068 5097 loquitur

2157 5000 2304 5075 τόῦτό
2335 5000 2488 5100 φησι,
2527 5000 2569 5074 α’
2602 5000 2856 5099 Κρετττον
2881 5000 3130 5075 λαλοῦντί
3157 5019 3300 5097 παρὰ
3328 5019 3391 5073 τὸ
3423 5000 3621 5076 ”Αϐελ.
3664 5040 3685 5075 ι

412 5097 486 5159 ad
520 5100 790 5162 Patrem:
827 5108 1149 5181 propterea
1196 5101 1381 5186 dicit}
1424 5128 1445 5159 α
1484 5104 1696 5167 Melius
1726 5104 2066 5187 loquentem

414 5205 589 5269 quam
624 5187 864 5268 sanguis
894 5188 1070 5253 Abel.
1095 5215 1121 5248 ιο

492 5273 1058 5368 Χῌ,25ι26.ξ⁷ἰιίειε
1070 5297 1147 5342 ne
1158 5282 1580 5361 aspernemini
1590 5300 1727 5346 eum
1747 5289 1854 5363 qui
1875 5286 2066 5364 loqui-

2234 5309 2263 5343 α
2317 5286 2547 5345 Βλεπετε
2631 5287 2708 5363 μὴ
2767 5289 3166 5368 παραιτήσησθε
3237 5289 3329 5344 τὸν
3402 5284 3686 5349 λαλοῦντα.
3746 5288 3803 5343 Εἰ

415 5367 704 5429 turJVam
723 5366 779 5429 si
798 5365 899 5428 illi
918 5384 1040 5429 non
1066 5368 1438 5450 effugerunt,
1473 5374 1785 5454 aspernati
1806 5391 1942 5436 eum
1963 5376 2067 5453 qui

410 5471 601 5535 supra
630 5459 860 5518 terram
872 5456 986 5532 jus
1020 5454 1475 5530 dicebat,multo
1506 5464 1695 5542 magis
1725 5480 1836 5526 nos
1852 5465 1906 5527 si
1925 5483 2065 5529 eum

415 5547 525 5625 qui
537 5543 612 5608 de
632 5543 766 5606 cor’s
786 5550 872 5605 est
891 5560 1247 5607 aversemur
1266 5563 1285 5608 :
1308 5551 1481 5626 cuius
1496 5568 1615 5615 vos:
1630 5559 1757 5618 tum
1772 5557 2067 5619 concussit

493 5723 559 5776 95
586 5721 731 5786 Luc.
759 5739 818 5802 χ,
848 5721 948 5786 20.
1032 5720 1097 5773 96
1126 5724 1295 5789 Joan.
1327 5742 1387 5804 ν,
1420 5725 1518 5791 22.

2147 5376 2246 5457 γὰρ
2302 5377 2497 5435 ἐκεῖνοι
2567 5379 2662 5436 οὐκ
2718 5376 2929 5459 ἔφυγον,
2984 5379 3077 5435 τὸν
3134 5376 3219 5434 ἐπὶ
3288 5382 3389 5455 γῆς
3460 5376 3795 5457 ποραιτησά-

2147 5488 2296 5541 μενοι
2354 5467 2774 5547 χρηματίζοντα,
2844 5465 3028 5541 πολλῷ
3125 5465 3332 5544 μᾶλλον
3385 5468 3546 5543 ἡμεῖς
3605 5468 3652 5523 οἱ
3709 5468 3800 5521 τὸν

2147 5553 2240 5611 ἀπ’
2311 5559 2542 5635 οὐρανῶν
2609 5556 3084 5637 ἀποστρεφόμενοι,
3188 5559 3246 5613 οὗ
3342 5559 3377 5625 ἡ
3461 5555 3611 5637 φωνὴ
3697 5557 3798 5623 τὴν
