4136 6418
400 354 521 426 439

1531 350 1945 418 (ECUMENII
1990 352 2286 415 TRIGCIE
2327 350 2663 417 EPISGOPI

3660 353 3780 417 440

396 492 781 558 sonoritatem
813 490 1277 574 praedicationis,
1312 507 1417 572 per
1473 506 1649 570 quam
1680 485 1962 549 commoti
1994 493 2052 546 et

2145 484 2493 565 γενησομένῃ,
2526 484 2651 543 ὅταν
2682 493 2948 565 μεταποιῇ
2990 487 3079 545 καί
3146 486 3443 566 ἐναλλάσσῃ
3512 489 3612 555 τὴν
3664 488 3777 544 κτί-

398 582 672 646 translati
725 590 886 659 sunt,
923 595 1063 663 puta
1108 601 1143 644 a
1169 579 1358 642 veteri
1415 586 1564 640 statu
1597 577 1699 658 qui
1731 576 1793 636 in
1842 592 2046 637 errore

399 670 799 753 agebaturJta
820 671 1189 734 habetdivus
1211 669 1503 749 Cyrillus:
1531 666 1696 739 Quod
1717 666 1816 744 ait,
1838 664 2048 726 Adhuc

396 760 758 836 semel,dicit
784 760 848 821 in
896 760 1161 823 secundo
1208 778 1314 820 suo
1366 757 1618 819 adventu
1651 754 1754 833 qui
1780 755 1876 815 ﬁet
1910 771 2045 815 cum

396 850 853 932 gloria,quando
883 848 1301 911 transmntabit
1330 856 1389 909 et
1416 844 1669 908 variabit
1691 852 2044 906 creaturam:

396 947 538 1002 tunc
568 940 727 1002 enim
769 940 1027 1001 maxime
1086 934 1560 1001 commovebitur
1592 943 1865 996 creatura
1899 950 1911 994 :
1952 941 2053 993 aut

396 1046 605 1092 verum
635 1036 811 1090 terra:
840 1036 1067 1090 motum
1117 1034 1175 1089 et
1205 1024 1659 1088 concussionem
1689 1030 1823 1084 :aut
1854 1030 2049 1084 trans-

398 1117 789 1181 mutationem
848 1135 884 1178 a
933 1116 1090 1180 malo
1118 1116 1191 1177 ad
1222 1113 1445 1176 bonum
1478 1114 1808 1187 hominum,
1844 1111 1946 1192 qui
1976 1110 2049 1172 ad

396 1204 635 1288 tempus
650 1205 796 1268 illud
814 1203 1594 1288 pertingent.Animadverte
1617 1219 1850 1282 quoque
1872 1200 2054 1262 adno-

399 1295 687 1360 tationem
722 1295 877 1357 beati
895 1294 1093 1376 Cyrilli
1116 1294 1178 1355 in
1202 1294 1478 1373 Aggzeum
1500 1293 1564 1342 90
1591 1310 1605 1351 :
1646 1291 1898 1352 «Eorum
1924 1308 2052 1372 quas

400 1386 827 1449 concutiuntur
883 1384 1329 1446 translationem
1366 1402 1379 1446 :
1416 1402 1446 1443 )
1514 1398 1730 1461 nempe
1798 1380 1935 1441 coeli
1994 1389 2052 1441 et

398 1482 740 1554 terraquaa
787 1481 928 1535 tunc
962 1472 1378 1534 concutientur
1398 1489 1467 1531 ex
1501 1468 1777 1551 praesenti
1808 1476 1960 1529 statu
1989 1467 2050 1528 in

399 1582 518 1646 quo
547 1564 703 1625 facta
754 1569 917 1636 sunt,
970 1579 1076 1643 per
1128 1561 1512 1623 variationem
1546 1567 1603 1620 et
1633 1557 2048 1620 commutatio-

398 1671 564 1717 nem.
602 1677 631 1710 α
662 1651 877 1733 Utpote
925 1670 1054 1732 quae
1083 1650 1235 1715 facta
1287 1657 1444 1710 sunt.
1478 1670 1506 1710 δ
1544 1647 1849 1728 Tanquam
1881 1646 2051 1709 dice-

396 1750 527 1805 ret:
554 1741 719 1814 Quod
751 1742 1016 1802 naturale
1038 1749 1127 1803 est
1151 1735 2049 1816 sustinebunt.Quandoquidem

2130 598 2233 637 σιν.
2281 576 2411 633 Τότε
2439 578 2539 655 γὰρ
2589 576 2821 653 μάλιστα
2863 580 3195 650 σεισθήσεται
3250 582 3285 649 ἡ
3331 580 3523 654 κτίσις,
3597 577 3633 647 ἢ
3688 580 3780 635 τὸν

2131 663 2294 728 δ’ντως
2326 668 2542 741 σεισμὸν
2585 668 2672 725 καὶ
2721 668 2957 747 πάταγον
2989 668 3025 736 ἢ
3068 669 3165 736 τὴν
3210 669 3487 746 μετάθεσιν
3542 668 3642 736 τὴν
3672 668 3778 725 ἀπὸ

2133 754 2219 811 to;
2249 762 2412 812 κακοῦ
2465 757 2536 819 είς
2575 758 2637 814 τὸ
2691 757 2910 837 ἀγαθὸν,
2971 764 3079 815 τῶν
3107 758 3228 814 τότε
3283 755 3620 838 φθανομὲνων
3682 756 3778 812 ἆν-

2132 843 2376 923 θρώπων,
2437 844 2679 925 Πρόσχες
2737 847 2824 902 καὶ
2879 852 2947 923 τῇ
2990 851 3309 928 παραγραφῇ
3347 855 3440 905 τοῦ
3522 845 3780 924 μακαρίου

2132 931 2384 1004 Κυρίλλου
2414 935 2485 998 είς
2517 935 2608 991 τὸν
2641 935 2899 1014 Ἀγγαϊον
2937 954 2951 969 ·
3019 959 3048 991 α
3094 937 3208 994 Τῶν
3268 932 3634 1008 σαλευομενων
3678 935 3778 1002 τὴν

2133 1024 2432 1097 μετάθεσιν,
2469 1046 2494 1077 ι)
2557 1023 2819 1099 τουτέστι,
2879 1031 2977 1093 τῆς
3037 1028 3162 1104 γῆς,
3225 1031 3317 1081 τοῦ
3389 1022 3628 1102 οὒρανοῦ,
3674 1030 3782 1081 τῶν

2132 1112 2251 1167 τότε
2284 1109 2586 1187 μελλόντων
2630 1111 2936 1171 σαλεύεσθαι
2988 1112 3048 1171 ἐκ
3101 1119 3199 1182 τῆς
3260 1119 3345 1171 νῦν
3402 1112 3777 1175 καταστάσεως

2134 1199 2186 1257 ἐν
2216 1206 2284 1277 τῇ
2313 1198 2521 1279 ἀλλαγῇ
2548 1203 2636 1258 καὶ
2677 1205 3058 1279 μεταποιήσει.
3117 1228 3142 1258 α
3178 1195 3272 1266 Ὠς
3314 1201 3711 1278 πεποιημένων,
3747 1221 3777 1262 )

2132 1290 2390 1364 τουτέστι,
2422 1290 2483 1346 τὸ
2538 1293 2675 1348 κατὰ
2717 1293 2865 1373 φύσιν
2929 1293 3277 1373 πασχόντων.
3342 1288 3559 1359 Ἐπειδὴ
3595 1291 3695 1370 γὰρ
3722 1292 3784 1347 τὸ

2133 1377 2419 1457 ἀρξάμενον
2461 1381 2548 1435 καὶ
2598 1379 2761 1460 πέρας
2820 1379 3103 1461 λαμϐάνει,
3157 1382 3341 1463 φησὶν,
3398 1374 3488 1446 (Ως
3545 1401 3784 1446 πεποιη-

2135 1467 2306 1544 μένων
2404 1467 2621 1536 Ἐπειδὴ
2691 1471 2790 1550 γὰρ
2847 1471 3158 1548 πεποίηται,
3218 1471 3306 1527 καὶ
3349 1469 3454 1526 ἀπὸ
3523 1471 3784 1540 κινήσεως

2132 1555 2345 1638 ἤρξατο,
2391 1563 2489 1625 τῆς
2519 1558 2579 1615 ἐκ
2606 1569 2696 1619 τοῦ
2739 1560 2817 1635 μὴ
2861 1560 3010 1625 ὄντος
3072 1562 3145 1626 εἰς
3202 1561 3263 1617 τὸ
3335 1559 3503 1633 εἶναι,
3565 1559 3783 1623 εἰκότως

2132 1645 2288 1703 πάλιν
2345 1646 2725 1717 σαλευθήσεται
2782 1651 2870 1706 καὶ
2927 1650 3403 1725 μετακινηθήσεται
3474 1648 3532 1704 ἐν
3574 1653 3642 1724 τῇ
3678 1647 3782 1704 ἀλ-

2134 1742 2294 1817 λαγῇ.
2332 1762 2359 1793 σ
2396 1730 2520 1797 υΙνα
2550 1742 2703 1818 μείνῃ
2775 1742 2840 1801 τὰ
2871 1744 2947 1817 μὴ
3004 1740 3352 1818 σαλευόμενα.
3392 1763 3416 1799 ι
3483 1739 3697 1797 Σαλεύει
3729 1738 3785 1796 δὲ

400 1831 562 1893 enim
591 1829 651 1892 id
685 1828 843 1911 quod
875 1828 1112 1891 initium
1154 1826 1575 1902 habuit,etiam
1599 1824 1917 1886 terminum
1949 1844 2049 1886 ac-

2145 1837 2237 1905 τίξν
2291 1830 2459 1885 κτίσιν
2526 1830 2645 1886 τότε
2704 1832 2789 1888 καὶ
2833 1830 3167 1903 ἐναλλάσσει,
3230 1829 3320 1886 ἵνα
3378 1829 3532 1905 μείνη
3588 1830 3654 1886 τὰ
3709 1829 3786 1905 μὴ

397 1919 598 2001 cipiet,
633 1919 749 1980 ait:
784 1917 994 1999 Utpote
1024 1936 1154 2000 quae
1193 1918 1345 1979 facta
1368 1925 1525 1977 sunt.
1556 1914 1701 1977 Nam
1734 1914 1874 1994 quia
1905 1915 2053 1975 facta

2145 1915 2485 1998 σαλευόμενα,
2558 1919 2821 2000 τουτέστι,
2866 1922 2933 1977 τὰ
2996 1919 3190 1994 μηκέτι
3253 1917 3517 1994 μέλλοντα
3586 1916 3785 1975 σαλεύ-

397 2016 556 2083 sunt,
583 2014 962 2088 etcceperunt
991 2025 1060 2069 ex
1104 2006 1431 2067 mutatione
1452 2025 1485 2066 a
1515 2023 1634 2065 non
1659 2022 1791 2064 esse
1817 2006 1891 2066 ad
1922 2021 2053 2064 esse

2145 2009 2280 2063 εσθαι
2308 2009 2396 2063 καὶ
2423 2005 2725 2083 ἀμείϐεσθαι
2755 2029 2768 2043 °
2816 2011 2890 2072 ὡς
2934 2009 2977 2065 εἰ
3006 2007 3157 2088 ἕλεγε
3198 2026 3212 2043 ⁸
3279 2008 3377 2066 Διὰ
3431 2014 3587 2065 τοῦτο
3659 2008 3785 2063 σείει

398 2097 488 2180 (ut
516 2097 596 2159 ita
621 2096 784 2177 loqui
817 2096 1265 2176 liceat),merito
1296 2112 1537 2156 rursum
1564 2092 1977 2154 concutientur
1998 2102 2053 2154 et

2145 2097 2221 2150 καὶ
2265 2095 2572 2155 ἐναλλάσσει
2599 2100 2699 2165 τὴν
2767 2098 2957 2178 κτίσιν,
3032 2097 3124 2153 ἵνα
3196 2095 3382 2153 λοιπὸν
3440 2096 3594 2173 μείνῃ
3651 2096 3786 2151 κατὰ

395 2185 931 2248 commovebuntur
957 2202 1061 2265 per
1086 2184 1498 2245 mutationem.
1540 2203 1562 2238 (ε
1584 2181 1661 2245 Ut
1686 2191 1960 2243 maneant
1986 2200 2053 2243 ea

2145 2185 2319 2264 χώραν
2350 2187 2541 2261 μηκέτι
2586 2186 2849 2263 μέλλοντα
2897 2186 3204 2243 σαλεύεσθαι
3252 2185 3289 2255 ἢ
3348 2183 3779 2244 ἐναλλάσσεσθαι.

395 2292 533 2354 quae
561 2293 679 2336 non
709 2273 1195 2335 concutiuntur.»
1231 2272 1400 2334 Tunc
1431 2280 1627 2333 autem
1660 2270 1960 2332 concutiet
1992 2281 2048 2331 et

2145 2275 2223 2341 Μὴ
2284 2274 2710 2358 ἐναλλασσόμενα
2766 2275 2842 2358 δὲ,
2891 2276 3109 2340 εἰκότως
3165 2274 3260 2331 οὒκ
3314 2274 3387 2330 ἔνι
3449 2273 3633 2350 μέλλει
3691 2296 3787 2330 σα-

397 2362 734 2425 immutabit
788 2371 1144 2440 creaturam,
1206 2371 1269 2424 ut
1317 2369 1598 2423 maneant
1641 2378 1710 2421 ea
1767 2377 1898 2439 quae
1926 2378 2044 2420 non

2145 2363 2389 2424 \edaaﬁzt.
2456 2356 2639 2431 ιἈπαξ
2680 2367 2781 2447 γὰρ
2828 2356 2936 2432 τὴν
3004 2365 3220 2444 πρώτην
3264 2362 3565 2443 ἐναλλαγὴν
3623 2361 3779 2429 δεξά-

402 2452 845 2525 concutiuntur,
870 2453 985 2513 hoc
1015 2460 1129 2532 est,
1161 2471 1292 2533 quae
1315 2452 1438 2532 jam
1470 2468 1588 2510 non
1620 2448 1873 2528 amplius
1903 2467 2049 2509 con-

2145 2472 2268 2507 ιενα
2298 2449 2532 2534 ἄφθαρτα
2564 2455 2730 2519 ἔσται.

403 2544 683 2608 eutienda
710 2553 848 2607 sunt
876 2554 978 2607 aut
996 2545 1388 2607 immutanda.
1413 2543 1717 2625 Tanquam
1747 2543 1970 2604 diceret
1998 2563 2011 2603 :
2036 2546 2356 2625 Propterea
2385 2548 2647 2609 concutit
2665 2555 2723 2609 et
2750 2547 3022 2609 immutat
3039 2552 3394 2627 creaturam,
3417 2553 3480 2607 ut
3501 2543 3785 2627 deinceps

399 2652 509 2696 suo
528 2634 845 2715 persistant
867 2634 995 2697 loco
1021 2653 1153 2715 quae
1173 2653 1291 2696 non
1314 2633 1568 2715 amplius
1590 2632 1985 2694 concutienda
2002 2640 2104 2694 aut
2120 2633 2491 2697 immutanda
2512 2645 2670 2700 sunt.
2688 2635 2829 2710 Quae
2842 2653 2981 2698 vero
3003 2654 3119 2697 non
3141 2635 3550 2711 immutantur,
3574 2640 3783 2698 merito

397 2740 517 2784 non
547 2723 803 2803 amplius
834 2732 969 2784 sunt
998 2723 1273 2803 agitanda
1306 2744 1319 2784 :
1363 2741 1497 2784 nam
1525 2721 1626 2783 ubi
1653 2721 1839 2783 semel
1868 2720 2116 2800 primam
2148 2721 2618 2789 immutationem
2651 2723 3047 2807 susceperint,
3074 2724 3135 2786 in
3156 2724 3558 2807 compatibilia
3583 2733 3781 2788 erunt.

475 2809 601 2887 XII,
620 2812 825 2875 28-29.
838 2812 1215 2894 Quapropter
1232 2829 1487 2892 regnum
1510 2810 2060 2891 assumentesguod

396 2901 640 2963 concuti
655 2918 779 2963 non
791 2902 1349 2983 potest,habeamus
1369 2903 1634 2981 gratiam
1648 2917 1954 2980 perquam
1972 2900 2056 2961 ita

397 2989 520 3051 Deo
540 2991 839 3052 servimus
860 2996 929 3053 ut
952 2990 1049 3052 illi
1069 2991 1423 3072 placeamus
1445 3007 1579 3052 cum
1598 2989 1837 3070 pado-re
1883 2997 1937 3050 et
1957 3006 2057 3050 re-

2228 2835 2255 2867 α
2349 2817 2441 2871 Διὸ
2518 2814 2786 2893 βασιλείαν
2884 2814 3172 2872 ἀσάλευτον
3253 2812 3780 2895 παραλαμϐάνοντες,

2142 2898 2356 2980 ἔχωμεν
2399 2906 2579 2987 χάριν,
2623 2903 2689 2961 δι’
2731 2909 2796 2975 ἧς
2853 2904 3176 2984 λατρεύομεν
3232 2906 3522 2982 εὖαρεστως
3565 2911 3642 2980 τῷ
3671 2911 3787 2979 Θεῷ

2143 2992 2275 3064 μετὰ
2305 2990 2489 3058 α’ίδοῦς
2534 2996 2620 3053 καὶ
2662 2991 2929 3058 εὐλαϐείας
2977 3011 2993 3028 ⁸
3067 2994 3155 3049 καὶ
3183 2994 3286 3073 γὰρ
3347 2995 3375 3049 6
3444 2994 3573 3058 Θεὸς
3627 2995 3783 3069 ἡμῶν

395 3080 689 3175 verentia.
723 3080 971 3175 Etenim
994 3080 1152 3142 Deus
1169 3087 1374 3143 noster
1396 3081 1557 3160 ignis
1575 3095 1927 3141 consumens
1947 3085 2053 3140 est.

2145 3080 2244 3158 πῦρ
2273 3081 2680 3145 καταναλίσκον.

486 3167 551 3231 Si
582 3175 852 3230 creatura
891 3168 1250 3232 inconcussa
1305 3167 1590 3243 manebit,
1648 3166 1833 3228 multo
1876 3167 2059 3246 magis

304 3258 309 3263 ’
398 3272 650 3335 regnum
674 3256 959 3318 ccelorum
983 3259 1140 3338 quod
1163 3257 1461 3338 recepturi
1486 3256 1632 3319 estis
1655 3256 1713 3316 in
1750 3255 2057 3335 praemium

405 3343 794 3406 afﬂictionum
834 3364 981 3426 quas
1010 3346 1109 3408 hic
1141 3366 1247 3428 pro
1306 3346 1540 3410 Christo
1578 3343 1862 3406 toleratis.
1896 3343 2058 3417 Quo-

402 3431 566 3494 niam
596 3431 775 3511 igitur
802 3433 1156 3497 afﬂictiones
1184 3454 1432 3515 regnum
1457 3433 2055 3513 conciliant,gratiam

402 3519 731 3582 habeamus
783 3540 893 3599 pro
942 3522 1061 3585 illis
1114 3526 1262 3588 Deo.
1323 3545 1352 3584 ι
1405 3523 1519 3585 Per
1549 3541 1726 3603 quem
1769 3521 2059 3582 servimus

401 3609 551 3673 Deo.
594 3632 617 3666 ιι
657 3611 796 3672 429
824 3613 972 3675 Nam
998 3631 1103 3694 per
1133 3616 1251 3677 hoc
1280 3612 1436 3694 quod
1470 3632 1576 3693 pro
1606 3609 2060 3673 adversitatibus

405 3705 466 3759 et
494 3696 913 3763 afflictionibus
941 3700 1063 3764 Deo
1095 3703 1299 3781 gratia;
1324 3711 1601 3783 aguntur,
1638 3700 1923 3778 contingit
1948 3699 2059 3779 ipsi

399 3786 627 3850 servire
653 3788 735 3850 ita
763 3798 827 3852 ut
855 3790 988 3872 quis
1020 3791 1109 3853 illi
1141 3791 1523 3874 placeat.Nec
1552 3789 1693 3853 satis
1722 3789 2053 3870 est,inquit,

401 3875 594 3937 solum
629 3876 717 3939 illi
745 3880 964 3958 gratias
993 3899 1194 3961 agere,
1218 3882 1332 3943 nisi
1351 3889 1409 3943 et
1439 3880 1630 3961 pudor
1658 3896 1797 3955 erga
1822 3895 2054 3950 omnes,

402 3971 463 4027 et
492 3969 835 4031 reverentia
888 3987 1027 4050 erga
1072 3971 1259 4033 Deum
1302 3971 1478 4032 simul
1507 3968 1723 4031 adsint.
1756 3993 1782 4023 α
1816 3968 2055 4030 Etenim

398 4051 559 4115 Deus
584 4064 788 4118 noster
815 4057 968 4137 ignis
996 4078 1356 4122 consumens
1384 4067 1497 4121 est.
1538 4080 1558 4111 ι
1597 4056 1713 4118 Aut
1740 4055 1901 4135 ipsos
1931 4063 2056 4116 ter-

396 4156 535 4203 rere
573 4143 724 4225 vult,
751 4163 829 4207 ne
858 4146 1070 4226 ingrati
1126 4149 1246 4209 sint
1271 4156 1370 4210 aut
1402 4147 1477 4209 ob
1508 4144 1859 4208 afﬂictiones
1889 4162 2057 4205 mur-

397 4238 638 4329 rnurent
670 4252 685 4294 :
720 4250 796 4294 ne
830 4253 946 4329 quo
982 4236 1403 4318 modo,inquit,
1438 4236 1626 4298 Deum
1656 4233 2058 4312 assequamini

396 4321 614 4379 iratum
633 4327 733 4380 aut
753 4321 1047 4403 supplicia
1062 4324 1566 4387 inferentem.Aut
1589 4322 1709 4383 vult
1738 4322 2054 4396 consolari,

2224 3172 2283 3227 Εἱ
2325 3173 2359 3239 ἡ
2393 3172 2559 3239 κτίσις
2615 3171 2923 3248 ἀσάλευτος,
2982 3170 3167 3247 πολλῷ
3226 3168 3429 3248 μᾶλλον
3472 3172 3507 3239 ἡ
3547 3169 3787 3248 βασιλεία

2142 3262 2246 3315 τῶν
2305 3264 2535 3339 οὐρανῶν
2588 3264 2652 3330 ἦν
2721 3259 3052 3343 παραλαϐεῖν
3111 3259 3340 3337 μάλλετε
3400 3259 3623 3318 ἔπαθλον
3680 3261 3786 3318 τῶν

2143 3346 2358 3407 ἐνταῦθα
2413 3352 2542 3433 ὑπὲρ
2597 3360 2821 3433 Χριστοῦ
2876 3351 3126 3427 θλίψεων.
3189 3350 3337 3406 Ἐπεὶ
3405 3349 3495 3406 οἶν
3551 3352 3602 3406 αἱ
3670 3348 3783 3407 θλί-

2147 3439 2262 3511 ψεις
2286 3438 2522 3519 πρόξενοι
2562 3441 2657 3509 τῆς
2731 3440 3024 3522 βασιλείας,
3070 3440 3228 3520 χάριν
3258 3436 3473 3518 ἔχωμεν
3528 3438 3656 3519 ὑπὲρ
3688 3442 3786 3495 αυ-

2142 3526 2246 3583 τῶν
2275 3536 2352 3603 τῷ
2402 3538 2536 3606 Θεῷ.
2603 3555 2631 3587 α
2695 3530 2775 3587 Δι’
2840 3530 2904 3598 ἧς
2970 3528 3312 3609 λατρεύομεν,
3376 3528 3474 3586 Διὰ
3541 3530 3640 3608 γὰρ
3694 3539 3786 3587 τοῦ

2140 3616 2228 3671 καὶ
2278 3618 2406 3697 ὑπὲρ
2458 3626 2564 3676 τῶν
2617 3619 2844 3697 θλίψεων
2918 3621 3005 3675 καὶ
3102 3622 3409 3697 πειρασμῶν
3465 3621 3784 3697 εὐθαριστεϊν

2141 3705 2218 3781 τῷ
2275 3713 2410 3784 Θεῷ,
2468 3709 2608 3766 ἔστιν
2666 3714 2807 3782 αὐτῷ
2855 3707 3143 3787 εὖαρέστως
3199 3704 3490 3785 λατρεύειν,
3523 3705 3617 3765 Καὶ
3692 3708 3785 3763 οὐκ

2141 3792 2315 3876 ἀρκεῖ,
2361 3801 2511 3878 φησὶ,
2545 3799 2705 3876 μόνον
2772 3798 3113 3879 εὐχαρίστους
3158 3797 3323 3869 εἶναι,
3356 3797 3399 3851 εἰ
3429 3797 3506 3870 μὴ
3565 3798 3651 3852 καὶ
3704 3799 3787 3852 αἱ-

2139 3880 2241 3948 δὼς
2271 3888 2305 3954 ἡ
2350 3890 2480 3966 πρὸς
2523 3889 2749 3952 πάντας.
2803 3891 2891 3945 καὶ
2931 3890 2965 3956 ἡ
3010 3888 3140 3966 πρὸς
3200 3886 3327 3941 Θεὸν
3372 3883 3618 3942 εὐλάϐεια
3647 3907 3787 3963 συμ-

2138 3980 2305 4054 παρῇ.
2332 3995 2361 4036 (
2395 3980 2493 4044 Καὶ
2523 3982 2622 4059 γὰρ
2664 3983 2692 4036 ὁ
2751 3980 2880 4043 Θεὸς
2934 3979 3087 4054 ἡμῶν
3144 3981 3244 4053 πῦρ
3313 3974 3719 4039 καταναλίσκον,
3759 4001 3783 4035 ι

2162 4071 2206 4121 Η
2239 4069 2423 4132 αὖτοὺς
2453 4071 2684 4136 maio-au
2714 4067 2849 4125 θέλει
2906 4069 2984 4143 μὴ
3044 4064 3359 4147 ἀχαριστεῖν
3419 4062 3555 4141 μηδὲ
3596 4068 3789 4145 γογγύο

2140 4160 2247 4224 ζειν
2306 4157 2390 4214 ἐπὶ
2445 4160 2571 4222 ταῖς
2627 4158 2859 4235 θλίψεσι,
2920 4159 3138 4236 μήπως,
3210 4155 3392 4233 φησὶν,
3449 4154 3787 4232 ὀργιζομένου

2141 4246 2230 4300 καὶ
2257 4248 2652 4327 τιμωρουμένου
2709 4248 2910 4328 τύχητε
2967 4256 3059 4305 τοῦ
3129 4253 3260 4303 Θεοῦ
3293 4258 3306 4273 ’
3386 4242 3418 4310 ἢ
3476 4248 3785 4323 παραμυθή-

2141 4337 2354 4395 σασθαι.
2391 4338 2465 4400 ὡς
2489 4339 2531 4392 εἷ
2557 4336 2733 4416 ἔλεγεν
2783 4354 2796 4367 ·
2865 4328 3054 4411 Ἠμεϊς
3097 4337 3183 4392 ἒπὶ
3239 4345 3360 4397 ταῖς
3413 4331 3649 4409 θλίψεσιν
3706 4340 3789 4395 εὖ·

398 4412 695 4506 tanquan}
713 4409 991 4506 diceret_:
1027 4411 1225 4506 Nosin
1257 4409 2053 4506 afﬂictionibusgratiasaga-

2145 4425 2548 4501 χαριστάσωμεν
2583 4448 2595 4460 ·
2632 4426 2829 4506 ἔχομεν
2851 4427 2950 4505 γὰρ
3014 4433 3291 4491 Δεσπότην
3320 4419 3643 4487 ἐξαναλῶσαι
3664 4428 3788 4487 τοὺς

400 4512 539 4557 mus
573 4517 587 4556 :
621 4497 915 4578 siquidem
935 4499 1251 4564 Dominum
1276 4503 1562 4565 habemus
1588 4501 1688 4582 qui
1712 4499 1897 4581 possit
1916 4519 2054 4562 con-

392 4601 637 4648 sumere
659 4586 1055 4652 adversarios.

1029 4692 1272 4758 CAPUT
1308 4693 1433 4757 XX.

636 4793 725 4857 De
743 4794 1018 4873 fraterno
1046 4815 1251 4862 amore
1275 4817 1346 4862 ac
1378 4791 1811 4878 hospitalitate.

432 4983 445 4994 .
467 4892 621 4972 XIII,
639 4896 675 4994 _l
688 4897 1094 4994 -_6,Fraterna
1107 4901 1376 4994 charitas
1395 4900 2058 4994 maneatzhaspitalita-

392 4984 477 5084 tis
498 4984 735 5084 nesitis
759 4987 1288 5055 immemores.Per
1315 4991 1477 5054 hanc
1495 4990 1655 5052 enim
1670 4992 1919 5068 quidam
1953 4996 2055 5053 in-

386 5078 644 5174 scientes
659 5086 1018 5174 emeeperunt
1028 5081 1271 5174 angelos
1281 5081 1543 5161 hospitio
1559 5078 1865 5174 .Memores
1876 5088 2056 5174 estote

388 5165 736 5250 vinctorum
750 5170 1036 5246 tanquam
1045 5188 1172 5233 una
1183 5172 1394 5235 vineti:
1417 5188 1622 5233 eorum
1637 5175 1746 5249 qui
1758 5171 2052 5250 afﬂigun-

2138 4512 2477 4580 ὑπεναντίους
2505 4512 2811 4591 δυνάμενον.

2781 4684 3157 4758 ΚΕΦΑΛ,Κᾏ

2417 4820 2448 4862 (
2478 4802 2607 4881 Περὶ
2639 4799 2979 4883 φιλαδελφίας
3011 4803 3096 4859 καί
3130 4801 3449 4883 φιλοξενίας.
3487 4827 3514 4861 ι

2228 4924 2252 4957 (ι
2294 4893 2355 4961 Ἠ
2388 4903 2697 4985 φιλαδελφία
2747 4903 2973 4981 μενέτω,
3022 4908 3129 4971 Τῆς
3187 4903 3477 4985 φιλοξενίας
3528 4907 3607 4981 μὴ
3664 4907 3788 4964 ἐπι-

2140 4990 2470 5051 λανθάνεσθε.
2565 4996 2662 5054 Διὰ
2745 4994 2940 5061 ταύτης
3031 4994 3131 5072 γὰρ
3208 4993 3391 5052 ἔλαθόν
3468 5018 3605 5061 τινες
3663 4996 3791 5063 ξενί-

2138 5099 2321 5145 σαντες
2405 5080 2659 5160 ἀγγέλους
2671 5130 2684 5145 ,

2776 5082 3145 5157 Μιμνήσκεσθε
3216 5088 3320 5139 τῶν
3404 5081 3655 5166 δεσμίων,
3713 5088 3785 5151 ὡς

2138 5166 2495 5245 συνδεδεμένοι
2532 5191 2545 5204 ·

2634 5177 2740 5227 τῶν
2830 5169 3192 5246 κακουμένων,
3284 5174 3359 5236 ὡς
3456 5160 3543 5229 καὶ
3639 5160 3789 5232 αὐτοὶ

394 5248 726 5348 ιιι-ζ’,ρδιαζί
737 5255 1099 5348 ipstguoque
1108 5268 1418 5323 versantes
1445 5262 1512 5322 in
1546 5248 1818 5340 corpore.
1836 5248 2051 5321 Hono-

2145 5256 2283 5323 ὅντες
2343 5258 2397 5314 έν
2477 5261 2705 5337 σώματι.
2781 5261 2968 5335 Τίμιος
3034 5262 3062 5316 6
3125 5261 3297 5338 γάμος
3381 5262 3435 5319 ἐν
3489 5269 3643 5337 πᾶσι,
3700 5267 3789 5322 καὶ

391 5333 594 5440 rabilis
610 5346 695 5400 est
706 5333 1058 5440 coniugium
1075 5348 1141 5409 in
1158 5349 1438 5440 omnibus
1454 5355 1512 5413 et
1546 5333 1751 5440 culi-tle
1769 5348 2053 5440 impollu-

2145 5348 2169 5415 ἧ
2241 5348 2393 5415 κοίτη
2463 5333 2739 5440 ἀμίαντος.
2812 5333 3040 5428 Πόρνους
3127 5333 3207 5405 δὲ-
3259 5353 3347 5408 καὶ
3400 5333 3638 5432 μοιχοὺς.
3678 5375 3790 5433 κρι-

383 5422 918 5521 ium-Scoriatores
929 5440 1135 5499 autem
1146 5437 1526 5502 etadulteros
1536 5440 1569 5518 j
1574 5438 1654 5501 ud
1662 5422 2046 5500 ieabitDeus.

2145 5450 2218 5493 νεῖ
2266 5440 2292 5493 6
2360 5422 2511 5505 656;.
2576 5422 2952 5520 Ἀφιλάργυρος
3050 5441 3077 5494 6
3162 5422 3411 5520 τρόποςί
3445 5422 3788 5521 ’λ’ρκούμενοι

374 5509 523 5578 Sint
556 5530 759 5585 mores
799 5519 990 5585 alieni
1035 5526 1115 5588 ab
1142 5527 1434 5603 avaritia,
1488 5509 1760 5593 contenti
1788 5524 1884 5588 his
1916 5544 2050 5607 quae

2145 5538 2249 5589 τοῖς
2293 5534 2565 5605 παροῦσιν.
2622 5509 2936 5607 Ᾰῦτὸςγὰρ
2990 5509 3207 5607 εἴρηκεν
3239 5546 3253 5560 ⁸
3310 5532 3383 5589 Οὐ
3411 5509 3598 5607 μήτε
3637 5509 3784 5611 αἰνῶ,

453 5688 521 5747 90
541 5690 697 5776 Au.
725 5714 794 5783 ιι,
827 5702 854 5762 l
891 5716 1067 5784 seqq.
