4136 6416
341 372 449 437 441
1496 366 1896 434 GOMMENT.
1942 366 2025 429 IN
2068 366 2311 430 EPIST.
2357 370 2459 432 AD
2504 370 2732 433 HEBR.
3615 372 3737 440 442

338 506 446 570 εὗδ’
476 507 537 566 οὗ
595 509 673 585 μή
716 528 775 564 σε
837 502 1204 585 ἐγκαταλίπω,
1268 492 1444 561 ’Ὥστε
1484 503 1797 585 θαῤῥοῦντας
1853 504 1978 576 ﬂuit

2081 497 2325 562 adsunt.
2350 498 2670 581 Siquidem
2718 504 2846 583 ipse
2887 503 3051 565 dixit
3086 520 3100 566 :
3138 503 3275 568 Non
3310 512 3366 567 te
3392 505 3602 570 desero
3633 526 3739 570 ne-

336 596 511 677 λέγειν
545 614 562 631 ’
618 598 807 676 Κύριος
858 596 975 671 ἐμοὶ
1002 594 1219 672 βοηθὸς,
1265 595 1353 651 καὶ
1402 593 1462 651 οὗ
1517 592 1887 676 φοϐηθήσομαι
1942 616 1978 650 τι

2072 604 2184 677 que
2201 588 2595 671 deretinquo:
2622 598 2692 652 ut
2713 591 3075 672 conﬁdentes
3095 592 3376 656 dicamus
3401 612 3415 654 :
3443 594 3740 659 Dominus

332 688 548 759 ποιήσει
579 709 672 763 μοι
696 685 993 759 ἄνθρωπος,
1031 707 1059 739 ι

421 798 450 832 α
513 767 577 833 Ἠ
612 772 928 857 φιλαδελπία
973 774 1200 849 μενέτω.
1266 796 1289 832 ι
1344 773 1613 831 Δείκνυσιν
1669 773 1752 831 δτι
1794 773 1990 830 τούτων

339 867 561 948 εἴχοντο
602 865 794 942 πάλαι,
870 864 1008 923 ἀλλὰ
1065 876 1152 926 νῦν
1208 865 1269 923 ἐκ
1308 870 1414 924 τῶν
1467 864 1696 942 θλίψεων
1751 866 1989 945 ῥᾳθυμή-

341 979 525 1021 σαντες
584 955 742 1024 ἦσαν.
791 955 958 1014 Πάλιν
1016 957 1106 1014 οὖν
1152 955 1341 1019 αὖτοὺς
1404 957 1477 1020 εἷς
1535 965 1699 1015 ταῦτα
1763 953 1991 1035 προτρέ-

341 1067 519 1109 πεται.
561 1068 590 1102 κ
628 1045 727 1105 Διὰ
753 1046 954 1112 ταύτης
984 1046 1083 1125 γὰρ
1112 1042 1297 1102 ἔλαθόν
1340 1066 1501 1109 τινες,
1555 1068 1582 1101 ι)
1647 1043 1820 1125 Οὕτω,
1878 1066 1992 1124 φη-

341 1137 414 1209 σὶ,
444 1133 657 1214 μεγάλη
686 1136 721 1203 ἡ
781 1133 1071 1215 φιλοξενία,
1121 1133 1201 1190 ὅτι
1244 1134 1504 1214 πρόφασις
1546 1148 1665 1200 τοῖς
1713 1133 1845 1212 ἀμφὶ
1900 1132 1989 1190 τὸν

340 1223 590 1305 Ἀϐρααμ
646 1225 734 1281 καὶ
789 1225 882 1280 τὸν
940 1224 1061 1280 Λὼτ
1117 1222 1335 1302 γέγονεν
1403 1222 1663 1303 ἀγγέλους
1731 1220 1989 1289 ὑποδέξα-

513 1302 775 1390 ἼΞλαθον,
808 1315 989 1395 φησὶν,
1042 1313 1354 1393 ἀγνοοῦντες
1411 1302 1497 1371 ὅτι
1553 1311 1770 1393 ἄγγελοι
1824 1313 1985 1385 ἦσαν,

337 1403 558 1475 ἐξένιζον
604 1402 741 1460 οὕτω
799 1401 1153 1483 φιλοφρόνως.
1218 1402 1310 1459 Διὸ
1378 1406 1466 1461 καὶ
1517 1402 1684 1480 μέγας
1752 1405 1903 1468 οὗτος
1938 1405 1989 1459 ιὸ

339 1495 526 1571 μισθὸς
552 1496 763 1574 αὸτοϊς,
811 1496 886 1556 ὡς
944 1492 999 1549 εἴ
1042 1514 1102 1572 γε
1151 1489 1389 1574 ᾔδεισαν,
1451 1492 1598 1550 οῦδὲν
1655 1492 1792 1572 μέγα
1835 1492 1989 1549 ἐποί-

334 1605 446 1643 ουν.
484 1606 512 1638 ε
547 1573 638 1646 Ὠς
684 1573 1069 1658 συνδεδεμένοι,
1132 1605 1160 1637 n
1224 1573 1282 1640 Ὀ
1340 1580 1394 1639 δέ
1451 1580 1816 1675 συνδεδεμένος
1872 1585 1988 1647 πῶς

333 1671 397 1729 ἂν
426 1670 734 1730 ἐπιλάθοιτο
765 1691 780 1753 ;
819 1693 842 1730 ε
875 1678 989 1731 Τῶν
1034 1671 1503 1752 κακουχουμένων.
1545 1696 1567 1729 ι
1628 1670 1687 1730 Ἠ
1716 1672 1771 1728 ἐν
1827 1672 1989 1753 φυλα-

334 1773 484 1840 καῖς,
530 1761 566 1825 ἢ
595 1761 648 1818 ἐν
673 1759 841 1842 λιμῳ,
867 1761 903 1829 ἢ
931 1763 986 1819 ἓν
1030 1760 1183 1841 ἐτέρᾳ
1223 1760 1421 1837 θλίψει.
1482 1763 1540 1820 Εἰ
1594 1762 1694 1842 γάρ
1746 1784 1826 1827 τις
1855 1761 1986 1817 ἂνα-

2071 675 2226 739 miln'
2247 680 2594 742 uumitiator
2617 699 2723 743 nec
2746 681 2963 744 timebo
2980 682 3124 761 quid
3145 684 3508 760 faciutmihi
3531 684 3732 749 homo.

2163 792 2181 822 ι
2220 766 2504 829 Fraterua
2534 770 2791 831 charitas
2824 781 3080 832 maneat.
3114 796 3141 827 ι)
3178 770 3618 854 Ostenditquod
3645 776 3736 837 his

2074 857 2772 933 anteaadhmt-bant,sed
2792 878 2948 921 nunc
2970 859 3043 921 ob
3063 861 3413 923 afﬂictiones
3427 862 3737 943 segniores

2076 945 2215 1008 facti
2248 946 2706 1010 erant.Rursum
2752 948 2931 1028 igitur
2980 948 3142 1030 ipsos
3172 950 3242 1011 ad
3272 951 3478 1012 eadem
3514 953 3730 1013 exhor-

2076 1041 2248 1096 tatur.
2292 1038 2443 1099 «Per
2472 1038 2623 1099 hanc
2656 1038 2814 1098 enim
2847 1037 3086 1119 quidam
3117 1038 3501 1102 inscientes.»
3536 1041 3726 1113 Adeo,

2073 1122 2286 1207 inquit,
2312 1145 2523 1203 magna
2580 1134 2669 1189 est
2722 1128 3113 1208 hospitalitas,
3166 1136 3229 1190 ut
3257 1128 3510 1191 Abrahae
3540 1137 3598 1191 et
3626 1129 3733 1191 Lot

2072 1212 2250 1277 fuerit
2280 1216 2513 1278 occasio
2536 1217 2693 1297 quod
2724 1217 2966 1294 angelos
3000 1217 3343 1299 exciperent
3370 1219 3455 1282 91.
3492 1218 3733 1281 Latebat

2073 1303 2231 1364 enim
2264 1321 2389 1386 eos,
2419 1314 2679 1368 attamen
2712 1306 3053 1386 ignorantes
3082 1306 3240 1387 quod
3278 1309 3473 1388 angeli
3505 1316 3723 1381 essent,

2071 1392 2154 1453 ita
2176 1393 2431 1473 benigne
2462 1406 2825 1477 exceperunt
2855 1397 3132 1479 hospitio.
3156 1396 3292 1459 Ideo
3325 1417 3561 1479 quoque
3585 1399 3730 1480 ipsis

2072 1500 2283 1561 magna
2311 1483 2419 1545 fuit
2464 1485 2591 1546 haec
2639 1504 2915 1548 merces:
2966 1486 3121 1568 quod
3155 1488 3205 1547 si
3248 1488 3573 1562 novissent,
3599 1489 3724 1567 jam

2072 1571 2220 1632 nihil
2274 1573 2466 1652 magni
2521 1574 2805 1636 fecissent
2867 1575 3232 1657 «Tanquam
3286 1595 3403 1638 una
3453 1577 3653 1641 vincti.
3689 1599 3718 1638 ι

2068 1660 2211 1720 450
2238 1660 2383 1723 Nam
2442 1663 2544 1744 qui
2601 1683 2719 1725 una
2772 1664 3002 1726 vinctus
3059 1675 3167 1737 est,
3227 1684 3483 1746 quonam
3547 1667 3725 1729 modo

2070 1749 2288 1830 poterit
2317 1751 2637 1814 oblivisci?
2673 1778 2699 1808 α
2733 1752 2952 1814 Eorum
2987 1754 3087 1835 qui
3120 1755 3489 1832 afﬂiguntur.
3526 1779 3551 1810 ι
3588 1754 3725 1817 Sive

335 1839 622 1930 λογίσαιτο·
648 1848 731 1907 ὅτι
772 1839 861 1908 καὶ
917 1850 1074 1915 αὖτὸς
1122 1839 1429 1929 περίκειται
1487 1839 1802 1927 ὁμοιοπαθὲς
1844 1851 1978 1907 ἐκεί-

2070 1839 2132 1898 in
2164 1839 2527 1917 carceribus,
2562 1841 2686 1903 sive
2739 1861 2846 1920 per
2872 1842 3085 1905 famem
3111 1852 3207 1904 aut
3235 1844 3410 1905 aliam
3440 1843 3718 1906 afﬂictio-

338 1926 451 2003 νοις
483 1946 662 2021 σῶμα,
700 1939 908 2011 ἐλεήσει
939 1939 1140 2017 μᾶλλον
1186 1926 1370 2006 αὐτοὺς
1428 1926 1529 2003 διά
1555 1963 1612 1997 τε
1640 1942 1739 2009 τὴν
1769 1941 1978 2017 συμπά-

2068 1926 2299 1991 nem.Si
2328 1930 2461 2010 quis
2490 1931 2648 1992 enim
2681 1950 2884 1993 secum
2920 1941 3154 2013 reputet
3183 1933 3340 2013 quod
3383 1933 3587 2013 etipse
3609 1933 3722 1994 cir-

329 2032 496 2104 θειαν,
528 2031 617 2087 καὶ
645 2028 730 2087 διὰ
758 2031 850 2087 τὸν
878 2028 1061 2111 φόϐον,
1108 2030 1186 2106 μὴ
1236 2031 1303 2088 τὰ
1350 2028 1508 2106 ὅμοια
1549 2032 1612 2087 ἐκ
1665 2035 1764 2097 τῆς
1810 2030 1985 2087 ἀπαν-

326 2119 560 2199 θρωπίας
593 2120 758 2198 πάθῃ.
796 2144 823 2176 ι
888 2121 1071 2196 Τίμιος
1117 2124 1145 2177 6
1188 2120 1360 2198 γάμος
1389 2120 1443 2178 ἐν
1499 2127 1681 2180 πᾶσιν,
1736 2141 1760 2178 I
1796 2121 1903 2177 Οὔκ
1932 2120 1986 2175 ἐν

328 2209 503 2282 τούτῳ
546 2209 643 2285 μὲν
672 2213 750 2285 τῷ
779 2208 929 2290 μέρει
957 2209 1154 2286 τίμιος,
1187 2209 1241 2265 ἐν
1272 2208 1434 2288 ἑτέρῳ
1462 2208 1516 2265 δὲ
1546 2212 1640 2268 οὐκ
1682 2209 1757 2266 ’ἐτι
1794 2225 1808 2239 ⁸
1866 2207 1985 2266 ἀλλ’

328 2297 455 2355 ὅλον
480 2296 548 2354 δι’
578 2297 704 2356 ὅλου
733 2306 861 2356 πᾶσι
887 2299 1103 2379 τρόποις
1132 2300 1304 2376 τίμιος
1328 2301 1416 2356 καὶ
1443 2299 1719 2376 ἀμίαντός.
1780 2319 1803 2355 ι
1839 2300 1984 2379 Πόρ-

328 2409 446 2450 νους
490 2388 579 2444 καὶ
621 2388 851 2469 μοιχοὺς
893 2403 1067 2469 κρινεῖ
1108 2391 1137 2446 6
1196 2388 1357 2452 Θεός.
1408 2412 1434 2443 »
1496 2389 1593 2446 Καὶ
1634 2388 1870 2454 εἰκότως.
1926 2395 1986 2446 Et

330 2476 431 2555 γὰρ
461 2478 490 2532 6
518 2476 688 2553 γάμος
748 2476 1143 2558 ἐπιτέτραπται,
1219 2478 1307 2534 καὶ
1347 2476 1545 2543 ἔξεστιν
1599 2478 1984 2555 ἀναμαρτήτως

334 2566 437 2634 τήν
480 2564 755 2643 ἐπιθυμίαν
784 2565 1043 2647 πληροῦν,
1066 2566 1143 2634 τίς
1172 2565 1317 2624 ἔσται
1348 2580 1464 2631 τοῖς
1497 2567 1719 2647 μοιχοῖς
1749 2568 1838 2624 καὶ
1868 2580 1987 2632 τοῖς

335 2655 551 2733 πόρνοις
582 2654 891 2735 ἀπολογίας
956 2679 985 2712 ι
1035 2654 1419 2737 Ἀφιλάργυρος
1469 2658 1498 2713 6
1540 2658 1756 2736 τρόπος,
1793 2680 1821 2712 ι
1881 2660 1988 2715 Οῦκ

333 2742 480 2817 εἷπε,
515 2741 681 2818 μηδὲν
712 2748 997 2811 κεκτῆσθαι
1050 2747 1158 2820 (καὶ
1207 2743 1367 2812 δῆλον
1404 2743 1455 2810 ἐξ
1498 2747 1571 2801 ὤν
1614 2744 1821 2824 ἐπάγει,
1853 2745 1983 2825 Ἀρ-

332 2832 576 2908 κούμενοι
633 2846 751 2899 τοῖς
806 2844 1082 2914 παροῦσιν,
1150 2833 1248 2891 ὅσα
1303 2832 1366 2891 ἂν
1418 2835 1502 2912 ᾖ),
1563 2834 1701 2892 ἀλλὰ
1761 2835 1985 2914 γνώμην

330 2922 477 3005 ἔχειν
506 2922 792 3007 φιλόσοφον
820 2924 911 2984 καὶ
965 2926 1348 3008 ἀφυλάργυρον,
1402 2947 1425 2983 ι
1472 2929 1546 2986 Οῦ
1587 2929 1664 3003 μή
1695 2950 1754 2985 σε
1778 2929 1907 2987 ἀνῶ.
1951 2951 1975 2986 ι

330 3012 550 3083 Ἐπειδὴ
626 3016 953 3096 ἁρπαγέντες
1045 3017 1182 3086 ἦσαν
1255 3015 1427 3097 (λέγει
1506 3018 1629 3097 γὰρ,
1708 3019 1806 3077 Καὶ
1882 3018 1982 3086 τὴν

323 3103 571 3183 ἁρπαγὴν
626 3110 734 3161 τῶν
791 3106 1144 3186 ὑπαρχόντων
1194 3107 1340 3181 ὑμῶν
1386 3107 1519 3182 μετὰ
1571 3112 1743 3187 χαρᾶς
1807 3129 1979 3187 προσ-

322 3187 607 3273 εδέξασθε),
640 3207 892 3273 παραινεῖ
920 3196 1102 3259 αὐτοῖς
1151 3194 1436 3275 ἀρκεῖσθαι
1493 3208 1609 3259 τοϊς
1670 3203 1922 3275 παροῦσιν
1959 3212 1972 3226 ·

321 3278 416 3336 ἵνα
441 3281 518 3355 μὴ
565 3280 794 3363 εἴποιεν,
848 3285 1026 3348 Ποίοις
1070 3291 1371 3365 παροῦσιν,
1424 3275 1767 3364 Ἠρπάγημεν
1825 3286 1925 3365 γάρ
1956 3303 1972 3320 ’

321 3369 481 3451 φησιν
515 3387 530 3401 ·
580 3368 750 3431 Ἀὶλὰ
778 3371 875 3429 κᾶν
906 3373 1211 3453 ἡρπάγητε,
1257 3371 1494 3454 δύνασθε,
1523 3387 1638 3440 τοῖς
1668 3376 1977 3450 ὑπομείνασι

323 3459 680 3540 βραχυτάτοις
712 3461 856 3518 οὖσιν
885 3461 1159 3543 ἀρκεῖσθαι
1189 3461 1274 3519 διὰ
1313 3465 1404 3520 τὸν
1459 3463 1673 3521 εἰπόντα
1717 3466 1869 3542 Θεὸν,
1906 3468 1979 3524 Οὔ

321 3550 400 3625 μή
427 3570 487 3605 σε
514 3549 648 3622 ἀνῶ,
681 3550 971 3628 τουτέστιν,
1002 3554 1075 3610 Οὐ
1104 3554 1182 3628 μή
1226 3574 1285 3609 σε
1344 3552 1509 3628 ἐάσω,
1560 3551 1665 3612 οὐδ’
1711 3554 1770 3610 οὔ
1812 3556 1889 3631 μή
1920 3577 1979 3611 σε

321 3635 686 3716 ἐγκαταλίπω.
727 3663 754 3695 α
792 3630 968 3696 υιὶστε
995 3640 1309 3720 θαῤῥοῦντας
1338 3644 1481 3718 ἡμᾶς
1538 3640 1714 3721 λέγειν
1749 3663 1765 3680 °
1834 3667 1855 3698 ι
1920 3646 1979 3702 Εἰ

324 3730 419 3785 οὐκ
488 3726 570 3800 ἐᾷ,
632 3726 751 3785 οῦδὲ
806 3729 1258 3809 ἐγκαταλιμπάνει
1322 3733 1351 3789 ὁ
1422 3733 1577 3811 Θεὸς,
1636 3731 1973 3812 θαρροῦντας,

314 3817 445 3897 φησὶ
473 3817 647 3897 λέγειν
689 3818 801 3901 χρή
830 3821 893 3876 τὸ
936 3830 1027 3879 τοῦ
1059 3819 1237 3883 Δαυίδ.
1295 3823 1355 3880 Εἰ
1398 3821 1497 3901 γὰρ
1541 3824 1569 3878 6
1600 3824 1728 3887 Θεὸς
1760 3823 1972 3899 βοηθεῖ,

312 3907 375 3963 οὗ
426 3903 510 3964 δεῖ
557 3907 689 3988 ὑπὲρ
762 3910 871 3965 τῶν
928 3910 1269 3988 ἁρπαζόντων
1325 3910 1360 3979 ἢ
1425 3911 1825 3990 ἐπηρεαζόντων
1885 3910 1975 3968 δε-

314 3991 549 4052 δοικέναι
560 4043 573 4058 ,

2069 2018 2378 2079 cumdatus
2406 2020 2480 2080 sit
2511 2040 2759 2102 corpore
2780 2024 2987 2083 allecto
3015 2023 3182 2085 malis
3204 2022 3719 2102 similibus,magis

2070 2108 2483 2171 miserebitur:
2520 2112 2731 2193 partim
2764 2132 2832 2172 ex
2864 2112 3118 2174 naturali
3144 2111 3548 2187 condoleutia,
3578 2132 3715 2192 par-

2069 2196 2171 2257 tim
2196 2198 2269 2257 ob
2293 2200 2676 2277 timorem,ne
2693 2201 2911 2262 similia
2930 2201 3004 2261 ob
3022 2220 3187 2262 suam
3219 2201 3709 2261 inbumanitatem

2068 2285 2343 2366 patiatur.
2384 2289 2777 2352 «Honorabile
2801 2290 3244 2372 estconjugium
3279 2290 3337 2350 in
3371 2289 3708 2353 omnibus.»

2067 2374 2197 2437 Non
2224 2375 2284 2438 in
2316 2378 2429 2439 hoc
2460 2380 2702 2460 quidem
2733 2379 3106 2461 bonorabile,
3140 2380 3202 2441 in
3231 2379 3345 2441 alio
3377 2397 3513 2440 vero
3547 2398 3664 2440 non
3699 2398 3713 2439 :

2069 2464 2175 2527 sed
2208 2465 2820 2548 integre,perl‘ecte,et
2847 2468 3127 2530 omnibus
3157 2468 3349 2531 modis
3369 2466 3716 2530 honorabile

2070 2562 2128 2615 et
2156 2554 2552 2636 impollutum.
2597 2582 2618 2615 α
2655 2557 3025 2621 Scortatores
3075 2568 3271 2621 autem
3330 2570 3386 2619 et
3415 2558 3715 2621 adulteros

2061 2644 2357 2723 judicabit
2383 2648 2560 2709 Deus.
2598 2674 2623 2703 ι)
2680 2648 2748 2710 Et
2799 2648 3030 2710 merito.
3087 2650 3235 2711 Nam
3269 2647 3319 2708 si
3374 2646 3716 2727 conjugium

2068 2738 2422 2814 permissum
2455 2748 2544 2798 est
2572 2746 2631 2800 et
2659 2739 2786 2799 sine
2817 2748 3058 2820 peccato
3088 2738 3227 2799 licet
3253 2737 3325 2798 ad
3363 2736 3714 2817 explendam

2068 2824 2637 2906 concupiscentiam,
2671 2828 2806 2909 quis
2831 2829 2945 2890 erit
2971 2826 3372 2890 excusationis
3401 2834 3717 2908 praetextus

2066 2916 2492 2980 scortatoribus
2513 2926 2570 2979 et
2598 2918 2930 2980 adulteris?
2964 2942 2991 2974 α
3025 2919 3155 2983 Sint
3202 2935 3401 2979 mores
3431 2914 3613 2977 alieni
3642 2914 3716 2978 ab

2065 3008 2327 3069 avaritia.
2358 3030 2387 3067 ›
2425 3010 2555 3071 Non
2587 3008 2733 3070 dixit
2757 3008 2902 3070 nihil
2925 3008 3350 3089 acquirendum
3375 3005 3717 3087 esse,idque

2066 3097 2441 3160 manifestum
2475 3108 2564 3161 est
2592 3118 2659 3162 ex
2693 3119 2763 3162 eo
2794 3099 2952 3181 quod
2970 3100 3306 3179 subjungnt:
3334 3095 3717 3161 Conlentihis

2062 3206 2194 3268 quae
2213 3189 2943 3272 adsunt,qu:Bcunqueii|a
2962 3190 3210 3253 l‘uerint:
3236 3190 3338 3251 sed
3368 3198 3424 3250 ut
3448 3187 3711 3249 animum

2060 3277 2389 3341 habeamus
2420 3281 2919 3362 phiIOSOphicum,
2946 3290 3004 3343 et
3035 3300 3065 3341 a
3099 3280 3486 3360 pecuniarum
3511 3295 3716 3338 amore

2060 3368 2344 3431 alienum.
2385 3395 2410 3425 (ι
2439 3370 2565 3433 Non
2600 3372 2811 3434 desero
2844 3391 3038 3451 neque
3070 3370 3445 3450 tlerelinquo.
3483 3391 3513 3426 υ
3548 3365 3711 3441 Quo-

2061 3462 2220 3520 niam
2254 3459 2646 3541 direptionem
2680 3463 2836 3543 passi
2872 3471 3042 3524 erant
3074 3462 3237 3543 (nam
3270 3461 3371 3536 ait,
3407 3458 3713 3541 Direptio-

2064 3568 2201 3610 nem
2234 3550 2576 3613 facultatum
2601 3561 2926 3614 vestrarum
2945 3572 3079 3614 cum
3104 3551 3317 3631 gaudio
3341 3548 3709 3631 accepistis),

2061 3639 2413 3703 adhortatur
2443 3660 2546 3703 eos
2587 3650 2648 3702 ut
2678 3642 2770 3703 his
2800 3662 2932 3722 qua:
2950 3638 3445 3704 adsuntcontenti
3464 3640 3601 3700 sint.
3626 3637 3714 3700 Ne

2058 3737 2257 3790 autem
2296 3730 2498 3793 dicere
2524 3732 2771 3813 possint,
2808 3730 3085 3804 Quaenam
3122 3731 3336 3792 adsunt
3356 3728 3548 3804 nobis,
3576 3747 3711 3789 cum

2061 3818 2456 3900 direptionem
2477 3820 2632 3901 passi
2647 3821 2832 3883 simus
2852 3820 2882 3881 ἰν
2902 3822 2981 3882 ait
3005 3841 3019 3882 :
3045 3820 3163 3883 Sed
3203 3820 3311 3881 etsi
3338 3819 3491 3899 passi
3518 3819 3708 3893 estist,

2062 3909 2437 3990 paucissimis
2454 3910 2547 3970 his
2568 3928 2702 3990 qua:
2721 3919 3138 3972 remanserunt
3162 3910 3408 3988 potestis
3426 3926 3556 3970 esse
3569 3925 3708 3967 con-

2060 3998 2480 4080 tenti,propter
2508 3999 2694 4062 Deum
2745 4000 2843 4081 qui
2886 3998 3069 4061 dixit:
3099 3998 3225 4060 Non
3250 4008 3304 4059 te
3325 3997 3561 4071 desero,
3596 3997 3710 4058 hoc

313 4090 426 4171 est,
448 4100 569 4144 non
595 4090 653 4145 te
677 4081 950 4147 deseram
981 4104 1179 4168 neque
1204 4094 1258 4150 te
1283 4087 1720 4171 derelinquam.
1761 4111 1783 4145 ι
1813 4087 1891 4152 Ut
1917 4090 2285 4153 conﬁdentes
2317 4089 2607 4152 dicamus.
2648 4115 2673 4145 η
2713 4090 2772 4153 Si
2800 4109 2917 4151 non
2942 4089 3165 4151 deserit
3186 4105 3294 4148 nos
3312 4085 3490 4157 Deus,
3517 4105 3713 4167 neque

310 4169 705 4254 derelinquit,
765 4173 1144 4239 conﬁdentes
1172 4177 1380 4241 dicere
1438 4169 1669 4259 oportet
1729 4175 1878 4240 illud
1938 4179 2096 4261 quod
2130 4180 2211 4241 ait
2239 4179 2441 4241 David.
2476 4178 2622 4241 Nam
2650 4179 2699 4239 si
2731 4179 2889 4242 Deus
2935 4179 3154 4241 auxilio
3182 4185 3294 4253 est,
3330 4196 3446 4237 non
3478 4185 3711 4257 oportet

310 4267 578 4341 raptores
606 4268 709 4324 aut
737 4262 1209 4329 calumniatores
1239 4276 1530 4330 metuere.

398 4372 451 4442 «ξ
474 4352 843 4442 Μνημονεύετε
870 4360 977 4412 τῶν
1006 4356 1319 4442 ἡγουμένων
1347 4360 1517 4435 ὑμῶν,
1545 4358 1742 4421 ο’ἷτινες
1773 4356 1964 4426 ἐλάλη-

2125 4357 2273 4434 ΧΙΙΙ,
2313 4359 2424 4423 7-8
2471 4358 2767 4423 Μειηονρε
2823 4369 3011 4425 estote
3048 4380 3257 4426 eorum
3307 4364 3409 4442 qui
3436 4364 3709 4441 prwsunt

310 4460 409 4528 σαν
433 4440 564 4516 ὑμῖν
591 4442 684 4498 τὸν
713 4439 875 4522 λόγον
923 4451 1015 4501 τοῦ
1058 4448 1209 4505 Θεοῦ.
1264 4441 1358 4504 Ὧν
1417 4449 1831 4528 ἀναθεωροῦντες
1874 4448 1973 4515 τὴν

309 4527 522 4587 ἔκϐασιν
549 4536 650 4599 τῆς
681 4531 1037 4614 ἀναστροφῆς,
1092 4540 1342 4611 μιμεῖσθε
1397 4538 1496 4605 τὴν
1527 4527 1725 4598 πίστιν.
1764 4536 1970 4604 Ἰησοῦς

313 4619 540 4699 Χριστὸς
610 4620 741 4698 χθὲς
800 4624 890 4679 καὶ
941 4624 1198 4705 σήμερον,
1258 4627 1286 4683 6
1336 4625 1493 4690 αὐτὸς
1564 4628 1651 4683 καὶ
1722 4626 1793 4691 εἰς
1849 4628 1970 4691 τοὺς

312 4708 531 4774 αἰῶνας.
578 4731 607 4765 ι

392 4816 418 4852 ι
470 4797 846 4882 Μνημονεύετε
901 4802 1007 4859 τῶν
1063 4802 1398 4882 ἡγουμένων,
1448 4825 1477 4865 ι
1541 4810 1657 4864 Τῶν
1714 4801 1968 4861 διδασκά-

302 4882 431 4942 λων.
473 4906 498 4942 ι
536 4881 632 4943 Ὧν
684 4886 1120 4969 ἀναθεωροῦντες,
1162 4915 1185 4948 ι
1235 4892 1724 4974 Ἀναλογιζόμενοι,
1784 4892 1967 4959 ἐξετά-

299 4980 500 5045 ζοντες.
557 4975 787 5034 Δύναται
846 4986 1004 5037 τοῦτο
1058 4982 1147 5038 καὶ
1204 4984 1322 5063 περὶ
1379 4982 1833 5051 τετελευτηκότων
1889 4985 1968 5039 εἰ-

303 5068 512 5146 ρῆσθαι,
546 5069 636 5123 καὶ
659 5069 779 5148 περὶ
808 5070 1038 5141 ζώντων.
1090 5073 1555 5144 Τετελευτηκότων
1601 5076 1697 5153 μέν
1732 5096 1747 5111 ο
1813 5083 1966 5132 Θεω-

300 5160 532 5233 ροῦντες,
596 5158 751 5236 φησὶ,
809 5165 924 5224 πῶς
984 5159 1233 5230 ἐξέϐησαν
1289 5166 1380 5222 τὸν
1437 5165 1573 5246 βίον,
1647 5164 1773 5238 ποίᾳ
1829 5165 1964 5221 ἀνα-

304 5263 504 5324 στροφῃ
537 5243 841 5325 ἐχρήσαντο
870 5248 925 5305 ἐν
953 5257 1030 5326 τῷ
1079 5251 1286 5329 κόσμῳ,
1323 5243 1579 5330 μέμεϊσθε
1635 5256 1733 5322 τὴν
1763 5255 1961 5312 πίστιν.

304 5332 501 5423 tit-1&9
529 5332 947 5423 pﬁ‘éntctewav
977 5338 1177 5398 ἐκεῖνοι
1207 5356 1326 5407 τοῖς
1376 5342 1687 5423 μέλλουσιν,
1747 5343 1842 5401 οῦκ
1902 5340 1963 5400 ἂν

303 5418 521 5497 ἀρίστην
608 5419 935 5490 ἐπεδείξαντο
1015 5427 1311 5494 πολιτείαν.
1380 5418 1508 5512 Περὶ
1584 5433 1796 5505 ζώντων
1848 5430 1961 5488 δέ’

296 5514 650 5589 Θεωροῦντες,
710 5514 864 5592 φησὶ,
923 5522 1037 5579 πῶς
1094 5516 1452 5601 διεξέρχονται
1507 5521 1685 5588 καλῶς
1741 5520 1840 5594 τὴν
1912 5520 1967 5577 ἐν

363 5637 422 5693 9i
458 5638 619 5709 Gen.
645 5658 812 5727 xvm,
850 5651 873 5707 1
914 5665 1082 5733 seqq.

2054 4449 2354 4529 vobis,qui
2387 4449 2572 4511 locuti
2590 4459 2727 4511 sunt
2759 4451 2922 4514 vobis
2940 4470 3274 4516 sermonum
3304 4453 3708 4533 Dei,quorum

2054 4541 2382 4601 imitemini
2410 4541 2610 4619 ﬁdem,
2637 4541 3095 4607 considerantes
3135 4546 3270 4624 quis
3298 4545 3485 4622 fuerit
3508 4546 3708 4602 exitus

2053 4630 2533 4692 conversationis
2590 4629 2860 4695 illorum.
2912 4633 3087 4695 Iesus
3139 4635 3423 4695 Christus
3469 4633 3600 4697 heri
3653 4640 3708 4696 et

2050 4715 2253 4798 hodie,
2287 4718 2448 4781 idem
2479 4725 2666 4783 etiam
2697 4725 2764 4782 in
2791 4722 3034 4784 sternte.

2138 4833 2163 4861 α
2202 4811 2500 4870 Memores
2532 4817 2722 4871 estote
2780 4829 2985 4873 eorum
3018 4812 3117 4893 qui
3152 4821 3411 4892 praesunt
3439 4812 3629 4875 vobis.
3674 4839 3699 4869 ι»

2050 4894 2490 4977 Praeceptorum
2558 4924 2579 4952 α
2640 4899 2900 4973 Quorum
2960 4903 3179 4966 exitum
3240 4903 3707 4965 conversationis

2051 4983 2525 5049 considerantes.
2547 5013 2571 5042 υ
2610 4989 2672 5051 ld
2696 4998 2806 5062 cst,
2832 4991 3701 5070 expeudcntes,examinantes.

2051 5071 2251 5133 Potest
2275 5074 2387 5135 hoc
2429 5084 2486 5136 et
2523 5076 2597 5138 de
2640 5078 2890 5140 mortuis
2920 5079 3144 5141 dictum
3178 5099 3309 5143 esse
3341 5089 3399 5142 et
3427 5082 3503 5142 de
3533 5080 3695 5145 vivis.

2049 5164 2135 5226 De
2160 5163 2407 5225 mortuis
2422 5167 2658 5246 quidem
2682 5187 2697 5227 :
2725 5166 3491 5250 Considerautesquomodo
3517 5179 3703 5231 trans-

2051 5251 2283 5328 egerint
2336 5253 2535 5334 vitam,
2599 5275 2714 5336 qua
2786 5260 3234 5322 conversatione
3294 5259 3382 5321 usi
3467 5260 3586 5321 sint
3643 5262 3702 5322 in

2048 5341 2293 5415 mundo,
2354 5342 2674 5407 imitemini
2734 5347 2937 5409 fidem.
2991 5347 3112 5410 Nisi
3167 5350 3325 5411 enim
3377 5351 3459 5411 illi
3495 5351 3707 5414 futuris

2050 5430 2471 5509 credidissent,
2508 5444 2659 5494 est
2729 5439 3011 5517 optimam
3044 5442 3549 5503 conversationem
3585 5461 3701 5502 non

2049 5519 2481 5587 exhibuissent.
2516 5523 2600 5590 De
2653 5525 2797 5593 vivis
2828 5535 3020 5594 autem
3052 5545 3065 5599 ;
3101 5528 3562 5597 Considerantes
3586 5549 3704 5619 quo
