4136 6428
384 360 507 427 M3

1505 352 1917 431 (EGUMENII
1962 363 2258 427 TRICCIE
2299 362 2637 429 EPISCOPI

3662 359 3784 428 444

387 497 564 561 modo
619 497 1127 561 conversationem
1180 497 1242 560 in
1285 497 1403 561 vita
1459 506 1625 561 recte
1683 498 2056 580 transigant,

2143 504 2194 573 τῷ
2262 498 2363 575 βίῳ
2432 497 2790 579 ἂναστροφῆν,
2853 496 3083 574 μιμηταὶ
3149 499 3351 578 γίνεσθε
3403 501 3503 566 τῆς
3548 496 3781 554 πίστεως

388 587 713 650 imitatores
734 593 923 651 estote
949 587 1091 651 ﬁdei
1122 587 1386 652 illorum.
1418 610 1441 646 ι
1478 586 1621 661 Quis
1650 588 1828 651 fuerit
1850 588 2042 652 exitus

389 675 880 741 conversationis.
933 698 960 735 ιι
1022 676 1164 750 Quae
1218 676 1453 740 vivendi
1512 696 1723 740 norma
1750 697 1937 761 usque
1966 680 2041 742 ad

388 766 633 829 ﬁnemr
667 768 841 831 Jesus
861 766 1134 830 Christus
1155 767 1288 830 heri
1317 776 1378 829 et
1406 767 1646 830 hodie.»
1683 767 1867 831 Erant
1895 787 2041 831 non-

391 856 538 919 nulli
559 856 714 938 apud
745 875 849 919 eos
897 857 999 939 qui
1035 856 1343 920 dicerent:
1376 860 1431 921 ls
1460 856 1562 939 qui
1593 856 1907 921 cruciﬁxus
1927 867 2039 922 est.

391 967 508 1010 non
539 955 625 1010 est
650 948 703 1010 is
738 948 840 1030 qui
877 948 1261 1012 annuntiatus
1291 957 1385 1012 est
1426 957 1485 1012 et
1522 949 1623 1031 qui
1667 958 2045 1031 exspectatur

386 1037 654 1102 Christus
689 1058 703 1099 :
738 1038 891 1100 alius
913 1038 1133 1102 veniet.
1167 1036 1306 1102 Ideo
1339 1037 1421 1102 ait
1463 1056 1477 1101 :
1512 1064 1533 1092 ιι
1570 1040 1743 1102 .lesus
1772 1039 2046 1103 Christus

387 1126 519 1190 heri
549 1134 606 1189 et
637 1128 1009 1204 horlie,idem
1035 1129 1213 1191 etiam
1237 1128 1297 1189 in
1316 1128 1566 1191 saecula:
1599 1149 1629 1189 ›
1667 1147 1774 1210 per
1799 1129 1856 1191 id
1887 1128 2046 1210 quod

388 1215 489 1286 ait,
521 1217 688 1292 Heri,
717 1217 1055 1297 signiﬁcans
1089 1217 1385 1299 praeterita
1409 1217 1624 1279 saecula
1649 1237 1665 1298 ;
1698 1236 1804 1298 per
1832 1217 2043 1305 Hodie,

391 1307 729 1386 praesentia;
750 1326 855 1388 per
871 1307 930 1369 id
950 1309 1106 1390 quod
1120 1309 1411 1390 sequitur:
1436 1307 1634 1371 «Idem
1655 1308 1833 1370 etiam
1855 1308 1915 1370 in
1939 1328 2045 1372 sa:-

389 1396 582 1467 cula,»
619 1396 835 1461 futura.
873 1397 1175 1479 Tanquam
1218 1399 1441 1461 diceret
1471 1417 1484 1461 :
1509 1396 1635 1461 Non
1668 1398 1864 1460 veniet
1892 1398 2048 1461 alius

389 1483 682 1548 Christus.
745 1486 889 1549 Nam
939 1489 1037 1570 qui
1097 1491 1275 1568 venit,
1308 1488 1466 1549 idem
1499 1486 1597 1548 hic
1627 1495 1716 1548 est
1747 1487 1846 1568 qui
1883 1487 2048 1570 prius

392 1584 539 1653 erat,
577 1585 635 1639 et
664 1585 777 1660 est,
811 1586 870 1640 et
899 1579 1013 1641 erit
1040 1578 1099 1641 in
1131 1578 1369 1642 saecula.

994 1747 1236 1812 CAPUT
1278 1747 1430 1812 ΧΧῘ.

393 1845 480 1907 De
514 1863 636 1908 non
658 1848 910 1928 vivendo
935 1848 1272 1912 carnaliter
1303 1849 1489 1928 juxta
1543 1847 1756 1928 legem,
1783 1847 1890 1910 sed
1915 1848 2046 1928 spi-

514 1926 828 1990 ritualiter
853 1932 1196 1993 secundum
1234 1926 1541 1992 Christum
1578 1926 1644 1991 in
1678 1933 1924 1991 virtute.

470 2028 624 2109 XIII,
654 2032 834 2096 9-H.
868 2032 1183 2096 Dat-trinis
1232 2034 1425 2096 variis
1473 2051 1548 2095 ac
1575 2030 1946 2114 peregrinis,
1977 2049 2053 2095 ne

388 2121 942 2201 circum/crumini.
977 2123 1209 2185 Bonum
1258 2130 1344 2184 est
1385 2123 1546 2185 enim
1576 2122 1779 2201 gratia
1812 2128 2051 2184 consta-

394 2210 561 2274 biliri
591 2229 719 2287 cor,
747 2230 871 2274 non
903 2213 1079 2275 escis.
1118 2230 1256 2291 quae
1286 2230 1407 2274 non
1435 2214 1809 2292 profuerunt
1840 2210 1919 2271 iis
1947 2212 2056 2290 qui

390 2301 618 2364 versati
645 2303 864 2363 suntin
895 2302 1043 2363 itlis.
1056 2304 1147 2363 Ha
1156 2301 1354 2363 bemus
1378 2301 1678 2380 altru'e,de
1694 2317 1810 2378 quo
1825 2315 1947 2361 non
1972 2307 2057 2363 est

389 2393 488 2469 fas
509 2390 685 2453 edere
713 2390 792 2452 iis
819 2391 927 2469 qui
959 2390 1353 2453 tabernaculo
1369 2386 2055 2452 serviunt.Animalium

399 2479 563 2541 enim
620 2497 878 2559 quorum
933 2483 1181 2559 sanguis
1233 2481 1506 2558 infertur
1561 2498 1671 2561 pro
1722 2483 1960 2560 peccato
1988 2481 2056 2548 δη

398 2578 612 2632 sancta
634 2586 745 2649 per
770 2569 1133 2650 pontiﬁcem,
1171 2569 1390 2631 horum
1420 2587 1670 2652 corpora
1701 2573 2057 2635 cremantur

398 2668 574 2723 extra
594 2665 819 2723 castra.

490 2748 824 2812 «Doctrinis
851 2748 1053 2810 variis.
1094 2774 1116 2806 ιο
1156 2748 1480 2824 Doctrinis,
1515 2750 1728 2831 inquit,
1762 2771 1894 2833 qua;
1921 2759 2062 2815 sunt

401 2839 476 2901 de
507 2837 800 2917 dogmatis
840 2837 1095 2900 diversis
1141 2846 1241 2898 aut
1293 2838 1646 2919 peregrinis,
1687 2860 1762 2902 ne
1791 2842 2058 2905 attraha-

405 2926 777 2992 mini.Unum
800 2926 958 2989 enim
983 2936 1072 2988 est
1093 2927 1371 3007 idemque
1388 2928 1732 3008 praeclarum
1754 2932 2060 3011 etinsigne

2125 586 2320 647 αὐτῶν.
2370 610 2399 643 ι
2462 587 2572 655 Τὴν
2626 584 2841 644 ἔκϐασιν
2896 592 2995 655 τῆς
3049 586 3404 669 ἂναστροφῆς.
3443 610 3471 644 ι
3507 587 3617 655 Τὴν
3648 583 3778 666 ἄχρι

2124 674 2307 740 τέλους
2350 675 2646 758 πολιτείαν.
2711 697 2735 733 α
2801 676 3007 745 Ἰησοῦς
3055 680 3280 758 Χριστὸς
3325 676 3455 758 χθὲς
3486 677 3574 733 καὶ
3606 676 3780 751 σήμε-

2125 787 2237 846 ρον,
2290 789 2317 822 α
2351 754 2517 825 ⁴¹Ἠσάν
2546 787 2683 830 τινες
2735 766 2861 847 παρ’
2905 754 3114 833 αὐτοῖς-
3149 754 3415 846 λέγοντες,
3478 767 3587 824 Οὒκ
3640 762 3781 821 ἔστιν

2127 857 2155 911 ὁ
2206 857 2541 934 σταυρωθεὶς,
2597 858 2625 913 ὁ
2681 854 3111 934 κατηγγελμένος
3169 857 3256 914 καὶ
3311 853 3783 936 προσδοσκώμενος

2126 947 2374 1026 Χριστός.
2412 936 2643 1021 ἸΔλλος,
2701 948 2855 1026 φασὶν
2913 945 3039 1013 ἕξει,
3091 948 3183 1004 Διό
3234 970 3418 1027 φησιν,
3485 968 3509 1004 α
3574 944 3781 1014 Ἰησοῦς

2127 1037 2352 1115 Χριστὸς
2411 1036 2539 1116 χθὲς
2607 1036 2695 1092 καὶ
2764 1037 2997 1114 σήμερον
3054 1039 3082 1093 ὁ
3153 1037 3332 1111 αὐτὸς,
3388 1037 3477 1093 καὶ
3531 1036 3605 1101 εἷς
3659 1034 3781 1098 τοὺς

2126 1125 2342 1191 αἰῶνας.
2382 1148 2410 1181 ι
2479 1124 2579 1182 Διὰ
2632 1130 2726 1182 τοῦ
2784 1124 2942 1199 Χθὲς,
2974 1126 3098 1190 τοὺς
3128 1123 3559 1204 παρεληλυθότας
3589 1126 3785 1186 αἱῶνας

2127 1210 2306 1294 δηλῶν
2336 1232 2353 1249 ο
2389 1212 2472 1270 διὰ
2501 1213 2617 1294 τοῦ,
2665 1214 2934 1294 Σήμερον,
2980 1215 3102 1281 τοὺς
3145 1213 3438 1278 ἐνεστῶτας
3474 1230 3489 1244 ⁸
3548 1210 3633 1269 διὰ
3659 1218 3780 1293 τοῦ,

2135 1327 2162 1359 ι
2200 1293 2256 1361 Ὀ
2289 1305 2446 1378 αὗτᾷς
2490 1305 2577 1360 καὶ
2605 1293 2694 1367 εἷς
2745 1293 2867 1367 τοῦς
2936 1304 3154 1377 αίῶνας,
3208 1326 3232 1362 o
3280 1304 3403 1367 τοὺς
3462 1300 3780 1378 μέλλοντας.

2132 1384 2225 1456 Ὧς
2258 1394 2300 1449 εἰ
2343 1393 2499 1450 εἶπεν
2533 1408 2546 1423 ⁶
2596 1397 2714 1473 Οὐχ
2740 1391 2855 1460 ἥξει
2899 1392 3076 1474 ἕτερος
3107 1393 3353 1473 Χριστός,
3390 1382 3448 1451 Ὀ
3463 1393 3563 1473 γὰρ
3593 1391 3784 1467 ἐλθὼν,

2130 1483 2280 1547 οὗτός
2326 1482 2469 1540 ἐστιν
2527 1484 2584 1548 ὃς
2641 1487 2838 1563 προῆν,
2898 1484 2986 1540 καὶ
3048 1481 3159 1539 ἔστι
3203 1483 3292 1539 καὶ
3337 1480 3481 1539 ἔσται
3537 1482 3612 1548 εἷς
3664 1481 3786 1547 τοὺς

2131 1572 2347 1636 αἰῶνας.

2739 1746 2988 1801 ΚΕΦΑΛ.
3049 1729 3181 1804 KA'.

2136 1862 2164 1894 α
2194 1840 2318 1919 Περὶ
2348 1849 2437 1899 τοῦ
2468 1839 2546 1915 μὴ
2577 1845 2895 1915 σωματικῶς
2925 1844 3020 1916 ζῇν
3064 1839 3201 1897 κατὰ
3231 1838 3413 1916 νόμον,
3452 1836 3592 1896 ἀλλὰ
3619 1859 3787 1896 πνευ-

2425 1927 2663 1996 ματικῶς
2708 1920 2843 1977 κατᾶ
2874 1920 3097 2000 Χριστὸν
3131 1920 3185 1976 ἐν
3228 1920 3413 1999 ἀρετῇ.
3451 1939 3481 1980 )

2222 2044 2246 2078 ε
2303 2020 2567 2103 Διδαχαϊς
2611 2020 2877 2086 ποικίλαις
2926 2019 3021 2077 καί
3069 2018 3238 2088 ξέναις
3296 2022 3374 2097 μὴ
3405 2018 3786 2102 παραφέρεσθε.

2139 2109 2310 2170 Καλὸν
2343 2113 2443 2191 γὰρ
2472 2112 2653 2192 χάριτι
2705 2109 3036 2189 βεϐαιοῦσθαι
3084 2111 3183 2178 τὴν
3213 2108 3447 2190 καρδίαν,
3481 2110 3789 2192 οὖ-βρώμα-

2138 2225 2242 2278 σιν,
2270 2201 2323 2259 ἐν
2354 2189 2440 2267 οἷς
2583 2201 2933 2283 Οφελήθησαν
2951 2204 2999 2258 οἱ
3019 2189 3502 2281 περιπατήσαντες.
3537 2189 3791 2282 ’Ἐχομεν

2135 2293 2509 2373 θυσιαστήριον
2553 2290 2605 2358 ἐξ
2636 2293 2698 2350 οὗ
2750 2292 2949 2373 φαγεῖν
2993 2289 3088 2349 οῦκ
3143 2288 3358 2371 ἔχουσιν
3387 2289 3619 2357 ἐξουσίαν
3647 2292 3694 2347 οἱ
3721 2295 3792 2364 τῇ

2138 2387 2310 2458 σκηνῇ
2393 2380 2753 2463 λατρεύοντες.
2853 2375 2949 2447 Ὧν
3048 2381 3149 2461 γὰρ
3251 2380 3543 2461 εἰσφέρεται
3639 2379 3790 2452 ζώων

2136 2471 2196 2527 τὸ
2241 2473 2379 2546 αἷμα
2408 2473 2524 2551 περὶ
2554 2471 2809 2551 ἁμαρτίας
2867 2472 2943 2537 είς
2987 2472 3053 2527 τὰ
3080 2470 3207 2549 ἅγια
3235 2467 3321 2527 διὰ
3350 2476 3440 2526 τοῦ
3468 2467 3786 2550 ἀρχιερέως,

2137 2560 2342 2619 τούτων
2410 2563 2475 2619 τὰ
2546 2561 2770 2637 σώματα
2810 2560 3151 2618 κατακαίεται
3198 2558 3299 2626 ἔξω
3351 2564 3450 2626 τῆς
3507 2555 3788 2637 παρεμϐο-

2140 2647 2266 2716 λῆς.
2300 2673 2327 2707 ι

2227 2762 2255 2795 α
2295 2737 2559 2820 Διδαχατς
2587 2738 2876 2806 ποικίλαις.
2926 2758 2958 2800 )
3025 2736 3420 2819 Διδασκαλίαις,
3473 2738 3625 2819 φησὶ,
3671 2749 3793 2801 ταῖς

2140 2827 2269 2909 ὑπὲρ
2296 2828 2600 2908 δογμάτων,
2635 2831 2773 2905 μήτε
2830 2828 3097 2910 διαφόροις
3152 2829 3292 2904 μὴτε
3321 2826 3491 2894 ξέναις
3521 2826 3794 2906 παρασύραι

2141 2921 2279 2982 εσθε,
2349 2928 2419 2977 Εν
2448 2919 2548 2998 γάρ
2574 2919 2685 2976 ἐστι
2727 2920 2815 2977 καὶ
2843 2921 2969 2978 αὐτὸ
2999 2918 3264 2997 γνώριμον
3292 2918 3354 2975 τὸ
3383 2914 3554 2995 δόγμα
3588 2931 3602 2946 ·
3649 2916 3712 2972 τὸ
3742 2912 3797 2971 δὲ

399 3019 634 3098 dogma.
661 3017 1049 3080 Circumferri
1069 3004 1515 3106 autem—dictum
1542 3004 2056 3101 est,ametaphhra

2143 3009 2551 3090 παραφέρεσθαι,
2612 3009 2717 3067 ἀπὸ
2767 3014 3066 3090 μεταφορᾶς
3120 3012 3226 3064 τῶν
3284 3004 3638 3086 μαινομένων,
3689 3009 3795 3062 τῶν

403 3093 609 3173 eorum
641 3107 744 3190 qui
774 3104 1215 3186 insaniunt,qui
1240 3106 1353 3167 huc
1372 3116 1429 3169 et
1459 3106 1601 3170 illuc
1623 3093 2056 3172 circumferun-

2143 3095 2270 3175 τῇδε
2298 3098 2517 3190 κάκεῖσε
2560 3097 3028 3179 παραφερομένων,
3090 3094 3324 3176 εἴρηται.
3381 3116 3405 3150 ι
3464 3093 3636 3153 Καλὸν
3696 3094 3797 3174 γὰρ

406 3211 522 3262 tur.
562 3226 584 3255 «ο
621 3179 851 3261 Bonum
904 3206 994 3259 est
1042 3179 1199 3257 enim
1259 3195 1461 3274 gratia.
1504 3222 1531 3253 η
1597 3197 1901 3280 Siquidem
1960 3219 2056 3263 cor

2144 3188 2348 3269 χάριτι.
2390 3212 2412 3243 II
2453 3179 2514 3280 ᾙ
2545 3190 2645 3268 γὰρ
2706 3188 2888 3280 χάριτι
2932 3189 3063 3280 Θεοῦ
3117 3182 3471 3280 βεϐαιουμένη
3526 3185 3658 3264 πρὸς
3700 3184 3798 3280 την

404 3287 755 3367 Dei,gratia
813 3286 1228 3348 conﬁrmatum
1289 3285 1361 3347 ad
1416 3286 1620 3368 fidem,
1680 3308 1878 3370 neque
1906 3291 2065 3354 varia

408 3396 600 3458 neque
629 3375 943 3458 peregrina
975 3375 1348 3437 circumferri
1404 3383 1598 3456 potest
1627 3377 1923 3452 doctrina,
1956 3380 2061 3442 sed

405 3466 563 3546 quod
617 3472 844 3527 rectum
897 3472 984 3525 est
1035 3483 1276 3545 semper
1306 3466 1552 3528 tenebit‘
1595 3493 1620 3522 α
1654 3466 1781 3529 Non
1815 3468 1969 3531 escis
2028 3495 2056 3528 ι

407 3555 555 3619 Fide
595 3554 773 3634 igitur
830 3571 963 3632 quae
995 3571 1101 3632 per
1131 3552 1239 3616 Dei
1271 3553 1517 3633 gratiam
1550 3566 1851 3635 operatur,
1896 3566 2059 3618 ηε

405 3664 553 3726 opus
601 3655 692 3707 est
747 3641 1118 3705 constabiliri
1189 3661 1313 3719 cor,
1380 3661 1496 3706 non
1568 3645 1935 3708 constabiliri
1984 3650 2061 3712 ad

403 3733 875 3795 observationem
911 3730 1204 3794 ciborum.
1239 3729 1384 3793 Nam
1416 3732 1604 3815 quilin
1630 3733 1758 3796 istis
1785 3733 2062 3799 observa-

404 3821 666 3884 tionibus
696 3827 1027 3895 versantur,
1083 3821 1193 3883 hoc
1242 3830 1354 3892 est,
1409 3823 1508 3903 qui
1562 3842 1661 3884 eas
1693 3825 2059 3906 custodiunt,

406 3912 553 3974 nihil
575 3910 648 3973 ab
670 3909 816 3993 ipsis
829 3910 1130 3990 juvantur.
1152 3909 1353 3973 Innuit
1374 3919 1569 3973 autem
1596 3917 1886 3993 quosdam
1904 3915 2062 3995 apud

401 4002 564 4083 ipsos
595 4019 748 4073 esse,
802 3998 903 4080 qui
967 4018 1132 4061 more
1176 3997 1424 4061 Judaico
1458 3999 1730 4063 ciborum
1764 4003 2057 4065 delectum

2142 3280 2319 3334 πίστιν
2366 3275 2572 3358 καρδία,
2645 3276 2762 3335 οὔτε
2820 3274 2939 3354 ξένῃ
2998 3274 3116 3334 οὔτε
3171 3272 3390 3351 ποικίλη
3443 3272 3798 3355 παρενεχθείη

2143 3363 2470 3447 διδασκαλίᾳ,
2517 3365 2656 3424 ἀλλὰ
2707 3367 2805 3434 τὴν
2864 3364 3021 3445 ὀρθὴν
3079 3365 3324 3444 τηρήσει.
3384 3382 3411 3421 ι
3447 3366 3520 3421 Οῦ
3573 3362 3800 3442 βρώμα-

2146 3478 2250 3520 σιν.
2290 3480 2313 3515 ιι
2379 3454 2469 3515 Ἐν
2498 3462 2567 3535 τῇ
2596 3457 2765 3514 πίστει
2816 3455 2902 3513 οὖν
2959 3460 3028 3531 τῇ
3056 3451 3140 3509 διὰ
3191 3454 3412 3533 χάριτος
3459 3459 3590 3510 Θεοῦ
3647 3451 3798 3531 ἐνερ-

2143 3545 2376 3624 γουμένη
2434 3544 2519 3604 δεῖ
2554 3543 2886 3623 βεϐαιοῦσθαι
2944 3545 3043 3612 τὴν
3095 3540 3330 3622 καρδίαν,
3392 3544 3453 3602 οὗ
3526 3541 3635 3618 μὴν
3698 3542 3797 3618 βε-

2141 3632 2411 3692 ϐαιοῦσθαι
2469 3638 2599 3717 πρὸς
2665 3636 3030 3715 παρατήρησιν
3087 3632 3404 3711 ϐρωμάτων.
3454 3633 3515 3690 Οἱ
3569 3631 3668 3710 γὰρ
3722 3630 3796 3695 εἷς

2147 3725 2237 3788 τὰς
2291 3727 2690 3806 παρατηρήσεις
2732 3725 2925 3790 ταύτας
2993 3729 3431 3802 περιπατοῦντες,
3498 3718 3792 3793 τουτέστιν,

2143 3818 2190 3874 οἱ
2220 3817 2412 3881 ταύτας
2455 3814 2827 3897 φυλάττοντες,
2879 3812 3024 3872 οὐδὲν
3067 3811 3118 3879 ἐξ
3191 3811 3363 3868 αὐτῶν
3419 3807 3796 3897 ᾦφελήθησαν.

2144 3907 2435 3964 Αἷνίττεται
2463 3895 2518 3963 δέ
2568 3928 2705 3970 τινας
2762 3901 2888 3985 παρ’
2934 3906 3118 3985 αὐτοῖς
3165 3898 3267 3958 έθει
3310 3895 3588 3974 ἰουδαϊκῷ
3630 3918 3803 3979 παρα-

2142 3995 2498 4075 τηρουμένους
2528 3996 2593 4051 τὰ
2633 3981 2909 4075 βρώματα.
2964 4017 2992 4048 α
3032 3981 3285 4073 ’Ἐχομεν
3338 3989 3729 4067 θυσιαστήριον,
3769 4009 3793 4045 ε

406 4079 834 4154 observarent.
857 4088 1191 4151 -Habemus
1220 4089 1465 4153 altare.»
1502 4089 1794 4163 Quoniam
1827 4092 2056 4156 dixerat

2146 4083 2365 4154 Ἐπειδὴ
2411 4087 2566 4143 εἶπεν
2627 4085 2708 4143 ὅτι
2754 4089 2813 4146 οὐ
2869 4084 2981 4165 χρὴ
3037 4082 3459 4163 παρατηρεῖσθαι
3515 4079 3794 4159 βρώματα,

406 4182 564 4264 quod
589 4199 702 4242 non
723 4187 994 4259 oporteat
1016 4178 1330 4241 observare
1354 4178 1627 4255 cibos,ne
1649 4180 2056 4243 existimarent

2143 4174 2237 4233 ἵνα
2293 4177 2372 4251 μὴ
2415 4177 2701 4252 νομίσωσιν
2771 4174 3202 4264 εὐκαταφρόνητα
3257 4170 3401 4264 εἶναι
3437 4169 3518 4264 ne
3564 4168 3800 4264 ἡμέτερα

408 4258 875 4349 contemptibilia
904 4288 1036 4331 esse
1066 4276 1291 4339 nostra,
1319 4288 1386 4329 eo
1410 4270 1565 4350 quod
1594 4269 1739 4332 nihil
1775 4269 1935 4331 obse.
1959 4290 2056 4331 va-

2143 4272 2221 4341 τῷ
2250 4266 2391 4323 εἶναι
2424 4265 2836 4345 ἁπαρατήρητα,
2894 4266 3047 4345 φησὶ,
3092 4262 3183 4330 Μὴ
3225 4261 3326 4341 γὰρ
3366 4260 3456 4350 καὶ
3485 4259 3660 4350 ἡμεῖς-
3704 4258 3802 4314 οὐκ

406 4359 588 4422 tionis
624 4344 939 4431 haberent,
972 4358 1053 4419 ait
1085 4375 1100 4420 :
1134 4360 1350 4419 Annon
1385 4344 1444 4419 et
1474 4377 1580 4419 nos
1612 4358 2056 4422 observationes

2145 4352 2345 4434 ’έχομεν
2389 4344 2781 4435 παρατηρήσεις
2816 4373 2833 4430 ;
2886 4344 3037 4410 Ἀλλ’
3082 4352 3143 4408 οὒ
3190 4349 3512 4431 βρωμάτων,
3541 4344 3677 4435 ἀλλὰ
3707 4352 3801 4435 τοῦ

409 4417 1023 4529 anteaantea“;
1041 4417 1101 4507 si
1119 4417 1246 4508 ea.
1259 4417 1414 4509 alio}
1436 4417 1573 4520 um,
1586 4417 1916 4511 signa;
1931 4417 2056 4511 1.1;:

2144 4417 2511 4524 θῦσίαστηρίόυ
2533 4417 2712 4520 ἡμῶν,
2746 4417 2863 4503 ’ἑῶν
2915 4443 3014 4522 γὰρ
3070 4417 3201 4498 ἐκεῖ.
3226 4417 3506 4515 κειμένων⁷
3533 4432 3650 4494 οῦδὲ
3694 4433 3797 4491 αῦ-

409 4537 539 4603 stri.
558 4536 702 4600 Nam
727 4555 936 4600 eorum
962 4554 1094 4619 quae
1114 4554 1298 4616 super
1328 4535 1469 4597 illud
1506 4545 1831 4619 ponuntur,
1868 4556 2064 4619 neque

407 4629 554 4708 ipsis
580 4627 919 4689 Judaeurum
941 4625 1319 4707 pontificibus
1338 4625 1543 4687 liceret
1563 4645 1697 4688 esse
1720 4627 2061 4709 participes.

408 4717 483 4780 Hi
514 4717 675 4781 enim
711 4716 1118 4790 tabernaculo,
1154 4716 1268 4777 hoc
1329 4723 1440 4791 est,
1478 4717 1682 4796 ﬁgurae
1712 4735 1777 4777 ac
1811 4717 2059 4795 umbra),

407 4818 616 4872 etnon
643 4805 874 4869 veritati
928 4804 1214 4868 serviunt.
1260 4830 1285 4862 α
1351 4805 1436 4868 De
1487 4802 1773 4884 quonon
1834 4814 1924 4868 est
1979 4807 2065 4868 fas

407 4897 611 4960 edere.
652 4921 678 4951 η
716 4898 846 4959 Non
900 4894 1120 4977 qualia,
1179 4894 1394 4976 inquit,
1454 4903 1590 4956 sunt
1620 4893 1888 4971 Judaica,
1926 4895 2066 4957 talia

408 4995 634 5049 suntet
665 4995 906 5047 nostra:
940 4985 1090 5046 adeo
1146 4995 1208 5045 ut
1267 5003 1342 5046 ne
1395 4984 1509 5066 ipsi
1559 4985 1797 5065 quidem
1831 5001 2064 5049 summo

414 5075 709 5137 sacerdoti
733 5076 818 5137 fas
848 5075 925 5136 sit
950 5075 1162 5137 horum
1197 5091 1330 5136 esse
1362 5073 1729 5155 participem.
1775 5074 2063 5136 «Anima-

411 5164 554 5226 lium
612 5165 773 5226 enim
827 5183 1079 5245 quorum
1136 5163 1376 5242 sanguis
1428 5162 1705 5227 infertur.
1770 5189 1795 5220 ι)
1835 5162 2064 5226 Deinde

408 5272 490 5316 os
506 5253 673 5316 endit
692 5253 1033 5315 veneranda
1050 5272 1181 5333 qua:
1196 5253 1352 5334 apud
1373 5253 1607 5316 .ludacos
1621 5263 2063 5324 erant.noslr0-

408 5361 541 5405 rum
574 5341 757 5405 fuisse
785 5342 1023 5422 ﬁguras.
1050 5344 1204 5404 etalt
1232 5363 1246 5403 :
1270 5341 1785 5415 Quemadmodum
1810 5343 1869 5404 in
1892 5341 2065 5403 victi-

412 5432 528 5494 mis
548 5449 679 5513 quae
703 5450 806 5512 pro
831 5440 1073 5512 peccato
1105 5432 1527 5512 oﬂ‘erebantur,
1561 5432 1800 5511 sanguis
1826 5432 2067 5503 quidem

409 5522 471 5584 in
502 5530 705 5586 sancta
727 5520 1092 5583 inferebatur
1135 5539 1242 5600 per
1296 5522 1660 5599 pontificem,
1695 5541 1911 5603 corpus
1932 5540 2069 5585 vero

425 5619 592 5677 extra
614 5620 806 5673 castra
826 5608 1203 5672 cremabatur
1227 5626 1241 5674 :
1261 5609 1340 5672 ita
1366 5619 1427 5672 et
1449 5609 1666 5674 Christi
1695 5610 1943 5694 sanguis
1964 5629 2069 5693 pro

2144 4544 2262 4597 τοῖς
2286 4545 2403 4597 τοῖς
2446 4539 2552 4591 τῶν
2596 4530 2857 4591 Ἰουδαίων
2901 4531 3239 4611 ἀρχιερεῦσιν
3269 4526 3434 4594 ’ἔξεστι
3466 4536 3800 4604 μετασχεῖν.

2147 4624 2303 4680 Οὗτοι
2334 4623 2433 4702 γὰρ
2463 4625 2511 4679 οἱ
2552 4628 2621 4700 τῇ
2681 4628 2877 4699 σκηνῇ,
2926 4624 3044 4679 οἷον
3086 4620 3163 4696 τῷ
3218 4618 3367 4692 τύπῳ
3421 4616 3510 4673 καὶ
3563 4620 3633 4691 τῇ
3675 4618 3804 4686 σκιᾷ

2145 4714 2234 4770 καὶ
2303 4715 2397 4771 οὒκ
2452 4711 2671 4785 ἀληθείᾳ
2739 4709 3090 4775 δουλεύοντες.
3147 4730 3172 4766 α
3224 4705 3310 4773 Ἐξ
3363 4707 3425 4764 οῦ
3469 4716 3665 4786 φαγεῖν
3709 4705 3808 4762 οῦκ

2146 4801 2363 4883 ἔχουσιν
2393 4801 2650 4869 ἐξουσίαν.
2684 4826 2713 4858 ι
2763 4800 2887 4881 Ηῦχ
2931 4804 3045 4874 οἷα,
3092 4799 3245 4881 φησὶ,
3288 4798 3356 4854 τὰ
3398 4794 3666 4873 ίουδαῒκὰ,
3690 4814 3802 4883 τοι·

2146 4881 2279 4949 αῦτα
2335 4894 2422 4949 καὶ
2466 4893 2532 4949 τὰ
2573 4890 2830 4971 ἡμέτερα,
2890 4891 2963 4954 ὡς
3022 4887 3159 4966 μηδὲ
3215 4893 3292 4963 τῷ
3349 4885 3598 4965 ἀρχιερεῖ
3652 4881 3805 4959 θέμις

2147 4982 2288 5038 εἶναι
2321 4994 2620 5063 μετασχεῖν
2666 4982 2859 5039 αῦτῶν.
2900 5001 2924 5036 α
2960 4974 3055 5034 Ἰἰιιν
3082 4977 3184 5057 γὰρ
3214 4974 3505 5056 εἰσφέρεται
3556 4972 3736 5045 ζώων.
3771 4992 3802 5027 ι

2149 5072 2288 5129 Ε’ίτα
2365 5061 2587 5129 δείκνυσι
2669 5071 2737 5127 τὰ
2804 5069 2947 5150 παρὰ
3019 5064 3287 5150 Ἰουδαίοις
3344 5063 3536 5140 σεμνὰ.
3607 5061 3805 5125 τύπους

2147 5158 2273 5218 ὄντα
2311 5166 2415 5218 τῶν
2457 5159 2755 5241 ἡμετέρων,
2799 5144 2894 5216 καί
2930 5180 3115 5240 φησιν,
3164 5144 3381 5234 ’Ὥσπερ
3423 5151 3508 5209 ἐπὶ
3558 5157 3664 5210 τῶν
3707 5154 3807 5209 θυ-

2147 5256 2277 5307 σιῶν
2321 5257 2428 5307 τῶν
2473 5250 2604 5330 ὑπὲρ
2646 5249 2902 5330 ἁμαρτίας
2953 5244 3361 5330 εἰσφερομένων,
3433 5243 3495 5301 τὸ
3551 5241 3651 5320 μὲν
3704 5244 3807 5298 αἷ-

2149 5365 2225 5420 μα
2253 5344 2326 5406 εἰς
2372 5344 2438 5399 τὰ
2474 5342 2603 5422 ἅγια
2647 5340 2944 5423 εἰσεφέρετο
2972 5338 3057 5396 διὰ
3106 5341 3199 5396 τοῦ
3238 5336 3564 5419 ἀρχιερέως,
3633 5334 3697 5391 τὸ
3749 5331 3809 5390 δὲ

2151 5439 2309 5508 σῶμα
2340 5431 2439 5499 ἔξω
2465 5432 2562 5500 τῆς
2613 5430 2955 5513 παρεμϐολῆς
2998 5429 3204 5488 ἐκαίετο
3237 5447 3253 5465 ⁸
3315 5425 3453 5485 οὕτω
3507 5425 3596 5482 καὶ
3623 5424 3687 5481 τὸ
3714 5431 3812 5484 τοῦ

2154 5530 2379 5601 Χριστοῦ
2420 5525 2562 5597 αἷμα
2609 5521 2833 5603 ἐκχυθὲν
2882 5520 3011 5599 ὑπὲρ
3067 5526 3174 5576 τῶν
3232 5526 3324 5577 τοῦ
3364 5517 3574 5592 κόσμαυ
3628 5514 3809 5593 ἁμαρ-

2156 5600 2313 5686 τιῶν,
2359 5612 2530 5669 πάντα
2572 5600 2918 5691 τὸνηγκίσμον
2973 5609 3213 5689 ἐκάθαρε,
3260 5610 3358 5665 καί
3420 5607 3482 5663 τὸ
3514 5610 3697 5706 δσῶμα
3755 5600 3813 5660 δὲ
