4136 6418
308 398 424 463 445

1393 398 1789 462 COMMENT.
1839 396 1927 468 IN
1976 393 2218 457 EPIST.
2268 392 2368 457 AD
2413 397 2641 459 HEBR.

3594 393 3715 460 446

307 530 470 589 αύτοῦ
539 527 638 596 ἔξω
691 534 788 598 τῆς
852 528 1062 597 πόλεως
1122 529 1470 612 Ἰερουσαλὴμ
1520 529 1964 602 ἀνεσκολοπίσθη,

2074 527 2259 590 nundi
2292 529 2552 610 peccatis
2581 530 2802 593 effusus
2823 548 3060 595 omnem
3083 530 3368 593 mundum
3397 530 3707 612 purgavit:

310 618 397 677 διὰ
438 620 526 692 τὸ,
569 619 755 677 καὶτὰ
810 619 1036 696 σώματα
1092 626 1197 677 τῶν
1252 620 1381 700 ὑπὲρ
1438 620 1697 699 ἁμαρτίας
1754 624 1971 691 θυσιῶν,

312 708 414 775 ἔξω
449 713 549 775 τῆς
605 705 913 787 παραϐολῆς
963 710 1222 773 καίεσθαι,
1282 716 1448 768 Τοῦτο
1504 706 1570 777 δὴ
1624 708 1713 767 οὖν
1745 710 1806 766 τὸ
1836 712 1975 784 αἷμα

315 795 403 855 διὰ
442 798 536 855 τοῦ
574 795 700 877 παρ’
745 799 883 874 ἡμῖν
940 798 1234 880 ἀρχιερέως
1292 798 1583 880 εἰσφέρεται
1644 800 1718 864 εἰς
1761 798 1822 855 τὸ
1851 798 1975 877 παρ’

314 888 453 963 ἡμῖν
508 888 898 967 θυσιαστήριον,
978 889 1071 945 Διὸ
1143 888 1238 946 οὒκ
1312 885 1479 953 ἔξεστι
1535 900 1655 952 τοῖς
1714 886 1976 945 Ἰουδαίων

317 974 650 1057 ἀρχιερεῦσιν
681 972 734 1042 ἐξ
765 977 923 1033 αὐτοῦ
951 983 1044 1035 τοῦ
1071 978 1420 1057 θυσιαστηρία
1446 990 1663 1058 φαγεῖν.

407 1177 435 1211 ι
473 1155 567 1212 Διὸ
594 1154 683 1213 καὶ
727 1151 932 1223 Ἰησοῦς
986 1154 1079 1213 ἵνα
1131 1155 1328 1236 ἁγιάσῇ
1369 1154 1455 1213 διὰ
1495 1164 1589 1216 106
1628 1152 1757 1213 ἰδίου
1803 1153 1979 1228 α”μα-

320 1266 409 1309 τος
438 1245 531 1301 τὸν
560 1242 714 1320 λαὸν,
760 1244 859 1312 ἔξω
918 1250 1017 1314 τῆς
1059 1244 1233 1314 πύλης
1288 1244 1469 1305 ἔπαθε.
1518 1246 1697 1305 Τοίνυν
1740 1242 1975 1324 ἐξερχώ-

2059 636 2275 699 corpus
2322 637 2460 681 vero
2491 619 2678 701 ipsius
2727 629 2893 683 extra
2942 620 3237 683 civitatem
3289 620 3616 684 Jerusalem
3651 621 3711 683 iu

2058 726 2237 770 cruce
2258 727 2614 789 suspensum
2635 718 2719 771 est
2749 728 2762 769 :
2784 729 2854 773 eo
2885 710 3040 791 quod
3065 710 3243 773 etiam
3267 727 3519 790 corpora
3538 710 3712 772 victi-

2062 816 2094 855 ι.
2122 815 2289 860 arum
2324 817 2430 878 pro
2465 808 2703 880 peccato
2722 808 2886 862 extra
2907 807 3102 863 castra
3130 799 3574 862 cremabantur.
3605 799 3713 862 Hic

2059 885 2257 968 itaque
2290 888 2530 967 sanguis
2587 907 2693 970 per
2753 891 3094 965 pontiﬁcem
3148 896 3412 951 nostrum
3464 889 3719 951 infertur

2060 994 2242 1058 super
2269 978 2452 1041 altare
2483 979 2640 1060 quod
2690 980 2843 1061 apud
2894 999 3003 1042 nos
3056 988 3145 1042 est
3172 997 3185 1043 :
3218 978 3443 1042 idcirco
3475 998 3592 1041 non
3624 989 3717 1041 est

2059 1065 2146 1128 fas
2176 1068 2515 1131 Iudaeorum
2550 1068 2936 1149 pontiﬁcibus
2961 1088 3030 1131 ex
3062 1068 3193 1149 ipso
3223 1067 3395 1132 altari
3425 1069 3630 1133 edere.

2143 1155 2296 1234 XIII,
2326 1159 2544 1222 12-15.
2603 1157 2741 1235 Qua
2771 1167 3010 1240 qropter
3038 1166 3099 1222 et
3144 1161 3321 1222 Iesus
3349 1167 3419 1221 ut
3439 1159 3713 1239 sanctiﬁ-

2058 1253 2227 1309 caret
2264 1264 2388 1328 per
2424 1250 2751 1329 proprium
2792 1250 3157 1330 sanguinem
3200 1247 3513 1329 populum,
3544 1256 3715 1311 extra

321 1337 453 1411 μεθα
496 1335 627 1415 πρὸς
658 1333 961 1402 αὖτὸν”έξω
1015 1335 1111 1404 τῆς
1155 1334 1523 1416 παρεμϐολῆς,
1557 1336 1649 1394 τὸν
1679 1331 1978 1409 ὀνειδισμὸν

2074 1342 2299 1399 oortum
2324 1355 2539 1417 passus
2570 1347 2683 1402 est.
2716 1338 3029 1402 Exeamus
3049 1339 3251 1421 igitur
3278 1338 3359 1399 ad
3386 1355 3522 1399 eum
3544 1343 3716 1400 extra

320 1428 479 1484 αύτοῦ
506 1422 776 1505 φέροντες.
838 1425 911 1483 Οὔ
953 1424 1053 1505 γὰρ
1096 1422 1299 1507 ἔχομεν
1356 1425 1459 1483 ὦδε
1506 1424 1770 1502 μένουσαν
1797 1422 1976 1497 πόλιν,

320 1511 459 1570 ἀλλὰ
480 1514 579 1581 τὴν
610 1512 908 1590 μέλλουσαν
938 1513 1321 1592 ἐπιζητοῦμεν,
1383 1514 1463 1572 Δι’
1514 1515 1674 1572 αὒτοῦ
1722 1513 1812 1572 οὖν
1854 1513 1979 1569 ἀνα-

319 1602 561 1683 φέρωμεν
616 1604 796 1662 θυσίαν
854 1603 1101 1669 αἰνέσεως
1160 1602 1245 1662 διὰ
1303 1605 1503 1667 παντὸς
1557 1611 1634 1681 τῷ
1690 1610 1829 1680 Θεῷ,
1861 1624 1954 1660 του

2064 1432 2281 1503 castra,
2317 1428 2713 1509 opprobrium
2744 1431 2870 1510 ejus
2896 1434 3226 1510 portantes.
3263 1430 3394 1490 Non
3415 1428 3575 1489 enim
3602 1425 3716 1489 ha-

2064 1516 2269 1579 bemus
2297 1516 2395 1579 hic
2423 1526 2768 1581 manentem
2825 1520 3151 1597 civitatem,
3182 1516 3288 1579 sed
3310 1518 3590 1594 futuram
3620 1515 3722 1578 in-

2063 1606 2388 1684 quirimus.
2421 1606 2547 1670 Per
2595 1613 2791 1688 ipsum
2848 1610 3038 1688 igitur
3087 1604 3401 1686 offerimus
3454 1605 3720 1669 hos/iam

318 1691 488 1772 τέστι,
560 1694 766 1774 καρπὸν
835 1691 1064 1774 χειλέων
1143 1692 1549 1774 ὁμολογούντων
1614 1700 1691 1769 τῷ
1760 1692 1979 1769 ὀνόματι

2074 1693 2263 1758 laudis
2316 1714 2553 1778 semper
2606 1698 2723 1760 Deo
2746 1717 2766 1757 :
2798 1696 2911 1761 hoc
2965 1704 3049 1761 est
3095 1696 3368 1778 fructum
3420 1695 3723 1758 labiorum

323 1781 504 1845 αὐτοῦ,
541 1806 571 1839 ι

412 1895 441 1927 ι
477 1874 572 1930 Διὸ
598 1874 687 1931 καὶ
715 1858 949 1941 ὃΙησοῦς.
988 1897 1012 1928 n
1049 1879 1213 1933 T0610
1241 1875 1374 1954 πρὸς
1426 1875 1549 1939 τοὺς
1610 1873 1980 1953 ἔπαπορήσαν-

322 1982 420 2025 τας
450 1959 538 2034 ἂν,
572 1969 695 2029 Πῶς
727 1960 905 2042 λέγεις
934 1961 1083 2044 ἔχειν
1137 1966 1504 2044 θυσιαστήριον
1532 1984 1549 2046 ς
1612 1964 1672 2023 Τί
1727 1964 1826 2043 γὰρ
1870 1961 1982 2021 ἐτυ-

320 2052 391 2118 θη
418 2052 476 2107 ὲν
518 2051 663 2125 αύτῷ
694 2070 711 2132 ;
760 2053 861 2111 Καὶ
888 2054 988 2132 γὰρ
1020 2052 1107 2110 καὶ
1135 2052 1294 2118 αὐτὸς
1324 2056 1352 2111 ὁ
1382 2054 1631 2134 Χριστὸς,
1666 2053 1726 2110 ὃν
1755 2052 1864 2108 ἄνω
1891 2052 1978 2108 καὶ

323 2140 474 2197 κάτω
501 2140 772 2221 περιάγεις
805 2139 885 2198 ὅτι
929 2141 1109 2223 ἐτύθη,
1139 2140 1221 2199 ὅτι
1248 2143 1397 2200 θυσία
1424 2142 1641 2222 γέγονεν
1699 2142 1828 2222 ὅπερ
1883 2150 1977 2200 τοῦ

324 2228 529 2306 κόσμου
553 2233 642 2288 καὶ
681 2232 977 2312 προσφορὰ,
1024 2229 1131 2291 οὔδ’
1188 2234 1343 2296 αὑτὸς
1401 2232 1488 2290 οὖν
1545 2232 1601 2289 ἐν
1653 2235 1732 2307 τῷ
1786 2234 1972 2289 θυσια-

324 2320 544 2401 στηρίῳ-
571 2342 677 2377 που
734 2320 963 2383 τέθυται,
1010 2322 1244 2401 Φανερὸν
1288 2321 1412 2401 γὰρ,
1459 2319 1540 2378 ὅτι
1600 2320 1699 2387 ἔξω
1753 2322 1853 2388 τῆς
1897 2319 1995 2376 πό-

325 2398 464 2474 λεως
530 2398 878 2489 Ἰερουσαλὴμ
948 2398 1163 2474 ἔπαθεξ
1214 2398 1371 2492 Πρὸς
1411 2411 1501 2468 οὖν
1571 2411 1810 2492 τούτους,
1869 2409 1993 2495 Ναὶ,

327 2499 511 2582 φησὶν,
584 2495 684 2563 ’ἐξω
739 2498 837 2575 μὲν
912 2496 1123 2572 ἔπαθεν,
1187 2498 1325 2558 ἀλλὰ
1393 2498 1478 2561 διὰ
1544 2501 1729 2559 τούτου
1785 2498 1995 2575 μᾶλλον

329 2587 801 2661 κατασκευάζεται,
872 2587 953 2647 ὅτι
1012 2588 1217 2671 ἔχομεν
1285 2592 1674 2671 θυσιαστῆριον.
1739 2592 1839 2650 Καὶ
1896 2591 1996 2669 γὰρ

332 2681 423 2739 καὶ
464 2674 587 2759 παρ’
655 2680 819 2754 ἡμῖν,
877 2680 970 2736 οὐκ
1039 2680 1093 2737 ἐν
1164 2683 1353 2745 αὐτοῖς
1410 2694 1528 2747 τοῖς
1593 2681 1992 2754 θυσιαστηρίοις

329 2769 672 2830 κατακαίεται
717 2773 823 2827 τῶν
865 2770 1133 2847 θυομένων
1174 2774 1241 2830 τὰ
1299 2772 1545 2849 σώματα,
1602 2770 1721 2829 ἀλλ’
1771 2769 1869 2837 ἔξω
1898 2770 1993 2837 τῆς

329 2857 701 2941 παρεμϐολῆς.
748 2861 848 2918 Καὶ
901 2859 979 2917 ἔτι
1031 2858 1119 2924 διὰ
1172 2871 1327 2922 τοῦτο
1371 2861 1471 2929 ἔξω
1511 2867 1610 2929 τῆς
1666 2861 1838 2928 πύλης
1869 2858 2000 2917 ἔπα-

329 2956 418 3010 θεν
458 2947 554 3007 ἵνα
600 2949 825 3023 πάντας,
873 2950 964 3006 καὶ
1021 2950 1100 3027 μὴ
1159 2951 1321 3027 μόνον
1376 2953 1496 3014 τοὺς
1539 2954 1724 3031 ἱερετς,
1769 2950 1991 3034 ἆγιάσῃξ

333 3041 394 3099 Ei
448 3037 503 3096 δὲ
571 3038 722 3098 θυσία
803 3039 1017 3119 γέγονεν
1074 3039 1204 3121 ὑπὲρ
1254 3041 1492 3121 πάντων,
1549 3046 1664 3104 πῶς
1734 3040 1857 3121 οὐχὶ
1908 3039 1995 3094 καί

2003 1776 2042 1826 Β
2062 1776 2475 1865 conﬁtentium
2506 1787 2740 1849 nomini
2768 1789 2925 1865 ejus.

2151 1895 2173 1927 ι
2211 1871 2583 1955 Quapropter
2637 1883 2695 1938 et
2752 1878 2952 1938 Jews.
2992 1900 3013 1933 ιι
3044 1873 3169 1936 Hoc
3209 1872 3281 1935 ad
3315 1891 3418 1937 eos
3447 1871 3592 1935 dicit
3620 1871 3722 1953 qui

2062 1961 2404 2026 haesitantes
2426 1964 2628 2026 dicere
2654 1974 2897 2046 possent
2920 1982 2933 2027 :
2957 1963 3264 2037 Quomodo
3285 1962 3373 2024 ais
3397 1981 3504 2023 nos
3529 1959 3718 2024 habe-

2057 2069 2126 2111 re
2154 2051 2343 2115 altare
2362 2058 2389 2113 ν
2445 2054 2586 2134 quid
2619 2073 2802 2135 super
2823 2054 3016 2135 ipsum
3043 2052 3305 2114 oblatum
3322 2060 3411 2114 est
3432 2058 3459 2115 ?
3478 2050 3716 2114 Etenim

2058 2142 2190 2220 ipse
2205 2161 2440 2223 quoque
2462 2145 2737 2207 Christus
2753 2144 2827 2206 de
2846 2163 2962 2225 quo
2988 2142 3163 2205 toties
3185 2145 3407 2204 asseris
3428 2140 3583 2222 quod
3608 2139 3717 2202 imo

2078 2230 2330 2293 molatos
2353 2233 2450 2304 sit,
2478 2242 2638 2293 488
2662 2234 2819 2315 quod
2853 2233 3043 2296 hostia
3072 2232 3251 2295 fuerit
3282 2250 3387 2313 pro
3410 2231 3635 2294 mundo
3667 2238 3726 2292 et

2077 2318 2316 2381 oblatio.
2351 2340 2426 2383 ne
2476 2322 2606 2404 ipse
2652 2341 2832 2404 super
2887 2322 3126 2404 quidem
3176 2322 3361 2384 altare
3386 2320 3726 2382 immolatus

2078 2416 2167 2469 est
2192 2430 2205 2472 :
2232 2410 2607 2473 manifestum
2626 2412 2785 2473 enim
2810 2422 2900 2475 est
2929 2414 3083 2493 quod
3114 2420 3279 2473 extra
3305 2410 3601 2473 civitatem
3621 2408 3725 2473 Je-

2077 2498 2334 2562 rusalem
2350 2518 2559 2581 passus
2580 2501 2773 2565 sit.Ad
2795 2503 2903 2564 hos
2924 2502 3106 2582 igitur
3127 2502 3406 2584 loquens:
3428 2498 3725 2574 Profecto,

2078 2585 2467 2668 inquit,extra
2489 2589 2781 2653 civitatem
2813 2608 3018 2671 passus
3045 2601 3135 2653 est
3168 2612 3182 2649 :
3217 2590 3323 2653 sed
3355 2608 3427 2652 ex
3455 2589 3571 2651 hoc
3598 2606 3728 2650 ma-

2079 2676 2168 2755 gis
2198 2679 2583 2742 conﬁrmatur
2639 2681 2794 2761 quod
2825 2680 3151 2743 habeamus
3179 2681 3390 2744 altare.
3418 2678 3727 2759 Siquidem

2081 2766 2258 2829 etiam
2281 2770 2433 2849 apud
2454 2767 2694 2833 Iudaeos
2717 2789 2836 2833 non
2885 2788 3066 2849 super
3082 2770 3210 2851 ipsa
3224 2770 3435 2831 altaria
3458 2785 3728 2830 creman-

2081 2861 2176 2916 tur
2205 2856 2538 2920 oblatornm
2583 2878 2854 2941 corpora.
2889 2859 2995 2923 sed
3036 2869 3199 2921 extra
3233 2867 3456 2939 castra;
3490 2868 3548 2920 et
3571 2875 3725 2940 pra:-

2081 2953 2247 3007 terea
2273 2946 2349 3008 ob
2381 2948 2440 3009 id
2483 2959 2646 3011 extra
2679 2957 2905 3030 portam
2941 2967 3151 3030 passus
3192 2957 3305 3023 est,
3339 2957 3402 3010 ut
3432 2966 3641 3010 omnes
3669 2956 3729 3008 et

2080 3052 2196 3095 non
2234 3036 2391 3099 solos
2411 3040 2753 3103 sacerdotes
2781 3040 3182 3101 sanctiﬁcaret
3213 3058 3226 3099 :
3262 3037 3474 3120 quodsi
3494 3036 3732 3099 victima

328 3128 699 3209 θυσιαστήριόν
727 3132 871 3188 ἔστιν
907 3148 924 3212 ς
971 3132 1042 3189 Τὸ
1084 3128 1163 3210 δὲ,
1195 3153 1223 3187 σ
1273 3120 1398 3188 υ[να
1427 3130 1625 3209 ἁγιάσῃ
1652 3131 1744 3187 τὸν
1772 3120 1927 3205 λαὸι,
1961 3152 1983 3183 ιι

2075 3122 2264 3187 lactus
2286 3136 2372 3189 est
2406 3147 2511 3209 pro
2540 3130 2842 3205 omnibus,
2880 3128 3179 3212 quomodo
3196 3147 3315 3190 non
3348 3127 3523 3189 etiam
3550 3126 3733 3188 altare

332 3220 424 3276 καὶ
470 3217 641 3287 ἄλλην
698 3217 901 3276 ἔννοιαν
950 3217 1179 3281 δίδωσιν.
1213 3219 1413 3294 Εἶπον,
1469 3220 1652 3300 φησὶν,
1698 3216 1777 3275 ὅτι
1820 3220 1866 3275 οἱ
1922 3223 1991 3294 τῆ

332 3315 510 3387 σκηνῇ
552 3306 891 3390 λατρεύοντες
924 3313 1019 3369 οὐκ
1062 3308 1281 3391 ἔχουσιν
1311 3308 1549 3375 ἔξουσίαν
1588 3321 1783 3391 φαγεῖν
1811 3307 1873 3364 ἐκ
1899 3314 1990 3364 του

326 3398 695 3479 θυσιαστηρίου
737 3399 914 3475 ἡμῶν,
970 3401 1074 3479 οὐχ
1128 3397 1210 3456 ὅτι
1269 3396 1519 3457 ἀδύνατον
1578 3398 1763 3461 αὺτοῖς
1807 3407 1983 3459 τοῦτο,

325 3485 458 3544 ἀλλ’
489 3486 570 3545 ὅτι
600 3487 737 3545 κατὰ
779 3488 1000 3567 γνώμην
1032 3489 1253 3569 ἑαυτῶν,
1298 3486 1534 3554 ἀναξίους
1578 3489 1794 3550 ἑαυτοὺς
1851 3487 1980 3543 ἆπο.

331 3577 627 3658 φαίνουσιν,
688 3573 861 3655 Ἐπεὶ,
907 3578 970 3634 τό
1030 3599 1093 3657 γε
1152 3578 1259 3635 ἀπὸ
1314 3577 1408 3646 τῆς
1465 3575 1854 3657 φιλανθρωπίας
1898 3585 1991 3635 106

328 3673 573 3744 Χριστοῦ,
611 3671 672 3727 οὐ
727 3667 889 3744 μόνον
946 3669 1005 3725 ού
1044 3666 1360 3743 κεκώλυται,
1408 3664 1527 3723 ἀλλ’
1579 3668 1667 3723 καὶ
1736 3664 1803 3722 δι’
1862 3666 1989 3721 αὒτὸ

327 3756 484 3816 10610
512 3756 797 3818 πέπονθεν.
830 3745 955 3815 υΙνα
986 3757 1086 3837 γὰρ
1126 3756 1351 3836 ἁγιάσῃ,
1409 3759 1588 3837 φησὶν,
1650 3756 1773 3836 οὐχὶ
1814 3753 1985 3834 τόνδε,

325 3846 361 3915 ἢ
422 3845 592 3927 τόνδε,
666 3845 806 3904 ἀλλὰ
887 3846 1170 3923 σύμπαντα
1250 3847 1341 3902 τὸν
1425 3844 1582 3917 λαὸν,
1643 3847 1730 3902 καὶ
1785 3846 1987 3920 ποιήσῃ

328 3937 516 4001 αὐτοὺς
558 3935 791 4004 ἑξούσίαν
846 3935 1003 4018 ἔχειν
1057 3937 1144 3993 καὶ
1210 3938 1274 3992 ὲκ
1330 3942 1422 3992 τοῦ
1462 3936 1831 4013 θυσιαστήριου
1891 3937 1987 3992 αὒ-

326 4032 422 4083 106
448 4024 657 4103 ἐσθίειν,
699 4046 723 4084 ε
760 4024 859 4092 ἔξω
880 4029 977 4095 τῆς
1007 4023 1179 4093 πύλης
1211 4023 1390 4082 ἔπαθε.
1435 4048 1456 4079 ι
1493 4057 1571 4068 -
1596 4047 1623 4079 α
1649 4023 1830 4081 Τοίνυν
1855 4020 1989 4101 ἐξερ-

329 4114 578 4195 χώμεθα.
624 4135 655 4176 )
709 4112 860 4174 Ἐπεὶ
903 4115 991 4172 οὖν
1023 4117 1051 4171 ὁ
1108 4119 1331 4194 Χριστός
1359 4112 1459 4180 ’ἐξω
1502 4113 1599 4180 τῆς
1644 4109 1990 4193 παρεμϐολῆς

330 4203 540 4278 ἔπαθεν,
599 4202 942 4287 ἐξερχώμεθα
1000 4204 1133 4284 πρὸς
1192 4203 1349 4260 αύτὸν
1402 4202 1503 4269 ἔξω
1558 4204 1657 4269 τῆς
1713 4198 1989 4280 παρεμϐο-

330 4292 458 4374 λῆς,
499 4294 794 4367 τουτέστιν,
856 4292 955 4359 ἔξω
1003 4301 1099 4353 106
1148 4292 1373 4372 κόσμου,
1432 4290 1623 4368 μηδὲν,
1682 4293 1832 4372 φησὶ,
1894 4314 1991 4347 κο-

328 4383 516 4463 σμικξν
551 4385 690 4460 μήτε
739 4384 937 4463 γήϊνον
989 4383 1127 4458 μήτε
1175 4387 1275 4449 τῆς
1326 4383 1470 4438 κάτω
1498 4381 1640 4445 ἰλύος
1668 4382 1990 4462 ἐπιφερόμε-

364 4452 374 4459 .
472 4452 499 4479 ν
552 4452 627 4494 ,κν
754 4452 812 4489 ._,
989 4452 999 4458 .
1258 4471 1268 4488 ν
1503 4472 1518 4492 ε
1662 4473 1675 4490 ἱ
1717 4470 1730 4489 ’
1775 4452 1785 4462 .
1829 4452 1838 4461 .
1892 4452 1900 4456 .
1943 4484 1965 4496 θ

326 4494 432 4535 νοι.
489 4480 557 4553 Η,
593 4471 693 4539 εξω
721 4496 817 4531 του
848 4472 1054 4548 κόσμου
1080 4487 1093 4501 ·
1131 4473 1188 4528 Εἰ
1218 4469 1346 4541 δεοι,
1393 4493 1543 4552 φησι,
1592 4494 1680 4527 και
1709 4474 1934 4527 αποθανε
1954 4496 1994 4525 ,ν

2022 4525 2061 4574 D

2073 3215 2208 3276 est?
2228 3214 2393 3290 Quod
2426 3228 2620 3281 autem
2642 3222 2757 3282 ait:
2790 3246 2816 3276 α
2842 3219 2915 3283 Ut
2945 3219 3347 3281 sanvtiticaret
3379 3215 3684 3297 populum,
3705 3246 3726 3272 υ

2071 3304 2328 3385 aliquam
2349 3327 2583 3390 quoque
2607 3306 3488 3387 tribuitintelligentiam.Dixit,
3512 3304 3730 3387 inquit,

2072 3394 2229 3474 quod
2259 3395 2331 3458 iis
2361 3397 2461 3478 qui
2487 3398 2870 3460 tabernaculo
2903 3398 3320 3478 serviunt,non
3340 3400 3416 3458 sit
3439 3396 3526 3457 fas
3548 3395 3729 3457 edere

2072 3501 2139 3545 ex
2175 3485 2343 3547 altari
2365 3498 2565 3549 nostro
2599 3506 2613 3551 :
2641 3508 2757 3549 non
2791 3488 2947 3569 quod
2984 3488 3095 3549 hoc
3127 3486 3215 3549 eis
3244 3485 3595 3566 contingere
3616 3503 3723 3548 ne-

2072 3583 2249 3653 queat
2269 3575 2387 3635 ullo
2421 3577 2620 3650 modo,
2654 3578 2757 3639 sed
2791 3578 2945 3657 quod
2973 3595 3041 3637 ex
3077 3585 3279 3637 mente
3310 3594 3417 3637 sua
3449 3575 3729 3655 indignos

2070 3681 2207 3723 sese
2229 3664 2578 3729 exhibeant:
2601 3667 2881 3746 quoniam
2906 3666 3058 3744 quod
3075 3665 3149 3725 ad
3166 3665 3384 3727 Christi
3399 3663 3731 3742 benignita-

2074 3762 2190 3813 tem
2242 3757 2521 3834 perlinet,
2584 3774 2699 3816 non
2759 3757 2951 3817 solum
3014 3774 3131 3817 non
3190 3765 3276 3816 est
3338 3753 3726 3834 prohibitum,

2074 3861 2273 3904 verum
2304 3844 2478 3906 etiam
2514 3856 2759 3925 propter
2806 3848 2920 3907 hoc
2972 3845 3164 3926 ipsum
3228 3862 3433 3924 passus
3493 3851 3605 3907 est.
3656 3844 3732 3908 Ut

2075 3933 2233 3994 enim
2268 3936 2695 4009 sanctﬁcarei,
2754 3936 2968 4015 inquit,
3025 3954 3142 3996 non
3198 3935 3360 3996 hunc
3409 3941 3506 3994 aut
3537 3932 3729 4007 illum,

2074 4022 2177 4082 sed
2213 4023 2551 4085 universum
2588 4025 2894 4105 populum,
2928 4032 2987 4087 et
3020 4025 3239 4086 faceret
3270 4033 3333 4084 ut
3358 4024 3445 4085 eis
3468 4024 3555 4083 fas
3576 4032 3736 4086 esset

2075 4130 2145 4171 ex
2180 4115 2305 4190 ipso
2336 4112 2502 4173 altari
2536 4114 2755 4185 vivere,
2796 4139 2822 4169 α
2861 4124 3023 4176 extra
3060 4124 3284 4195 portam
3312 4131 3518 4194 passus
3551 4120 3664 4175 est.
3708 4138 3729 4167 υ

2085 4226 2106 4252 υ
2145 4200 2434 4263 Exeamus
2460 4202 2655 4281 igitur.
2703 4203 3022 4276 -Quoniam
3052 4204 3225 4279 igitur
3243 4204 3511 4267 Christus
3532 4220 3736 4282 passus

2081 4298 2169 4350 est
2227 4299 2322 4352 ext
2359 4310 2391 4353 a
2451 4302 2669 4366 caslra,
2730 4311 3010 4354 exeamus
3038 4293 3110 4354 ad
3143 4313 3277 4355 eum
3314 4301 3478 4354 extra
3511 4300 3731 4365 castra,

2081 4379 2192 4440 hoc
2226 4389 2335 4453 est,
2364 4390 2525 4442 extra
2557 4382 2865 4443 mundum.
2898 4383 3081 4448 Nihil.
3118 4383 3332 4463 inquit,
3365 4382 3732 4443 mundanum

2081 4482 2170 4528 aut
2202 4472 2685 4550 terrenum,uihil
2710 4472 2865 4552 quod
2892 4472 3000 4532 sub
3024 4472 3149 4532 sole
3170 4474 3243 4533 sit
3274 4489 3735 4552 prosequamur.

326 4564 458 4634 ὑπὲρ
502 4567 680 4637 αὐτοῦ,
741 4562 1001 4632 τουτέστι,
1058 4562 1124 4618 τὰ
1177 4559 1335 4637 εμοια
1376 4561 1520 4636 αὒτῴ
1568 4562 1893 4641 ’πάσχοντας
1959 4582 1981 4615 ε

2081 4560 2216 4639 Aut,
2251 4572 2415 4621 extra
2436 4562 2745 4639 mundum,
2781 4561 2891 4621 hoc
2917 4562 3132 4622 modo:
3161 4560 3221 4622 Si
3261 4561 3439 4622 etiam
3492 4580 3641 4640 opus
3663 4562 3733 4622 sit

330 4650 541 4723 δεήσοι,
578 4659 744 4711 Τοῦτο
772 4652 873 4731 γὰρ
913 4649 1075 4719 δηλοῖ
1101 4652 1300 4724 καὶτὸ,
1333 4652 1433 4708 Τὸν
1479 4648 1776 4724 ὀνειδισμὸν
1836 4652 1984 4705 αἰοτοί

2082 4658 2332 4709 mortem
2373 4669 2477 4730 pro
2514 4653 2638 4729 ipso
2662 4649 2871 4713 obire:
2914 4651 3023 4713 hoc
3054 4659 3165 4728 est,
3200 4650 3419 4711 similia
3443 4669 3576 4710 cum
3611 4649 3740 4728 ipso

328 4740 599 4823 φέροντες,
644 4743 703 4799 ὃν
760 4742 918 4805 αὐτὸς
959 4739 1238 4816 ὑπέμεινε,
1300 4737 1385 4797 διά
1416 4761 1475 4796 τε
1501 4743 1608 4796 τῶν
1651 4738 1984 4823 σκωμμάτωι.

2080 4738 2393 4817 patiamur,
2415 4739 2466 4800 si
2497 4758 2644 4818 opus
2694 4739 2871 4800 fuerit
2932 4739 3077 4801 Nam
3113 4741 3225 4801 hoc
3256 4738 3551 4818 signiﬁcat
3586 4736 3740 4818 ξορ-

326 4815 417 4889 ἐπὶ
448 4840 541 4890 τοῦ
572 4832 818 4911 σταυροῦ,
872 4865 954 4877 --
1012 4819 1215 4911 Ἄλλο.
1251 4825 1795 4908 [οικογΜΕΝιοΥ[.
1830 4815 1984 4884 ’Ἐοι-

2082 4815 2383 4902 i=robrium
2419 4815 2551 4907 ejus
2574 4837 2898 4907 portantes.
2951 4829 3145 4902 idest,
3177 4815 3332 4909 quml
3371 4828 3497 4908 ipse
3530 4815 3742 4909 passus

325 4943 418 4978 κεν
447 4924 476 4978 ὁ
531 4907 804 4985 θεσπέσιος
868 4916 1075 4983 Παῦλος
1141 4907 1294 4985 ’Ἑξω
1352 4923 1452 4985 τῆς
1506 4912 1840 4997 παραϐολῆς,
1897 4914 1984 5000 ἔξω

2086 4926 2326 4989 est,tum
2354 4936 2460 4998 per
2479 4926 2825 4995 scommata,
2862 4927 2980 4980 tum
3008 4937 3114 5000 per
3144 4907 3493 4981 crucem.—
3526 4907 3738 4981 Aliud.

323 5010 419 5067 106
459 5011 663 5087 κόσμου
711 5008 918 5089 λέγειν.
974 5012 1129 5075 Ζωῆς
1186 5008 1287 5087 γὰρ
1340 5009 1485 5084 ἡμᾶς
1529 5005 1760 5072 ἐξίστησι
1814 4997 1984 5078 κοσμιῖ

2081 5006 2334 5067 Videtur
2357 4997 2531 5069 divus
2563 5006 2775 5069 Paulus
2831 4997 3055 5078 dicere,
3092 5007 3269 5070 Extra
3302 5015 3495 5069 castra
3531 5028 3545 5069 :
3582 5016 3744 5070 extra

321 5105 451 5168 κῆς.
491 5120 514 5157 α
550 5100 623 5159 Οὔ
656 5100 758 5180 γὰρ
802 5097 1021 5180 ’ἔχωμεν
1061 5093 1162 5154 ὦδε
1208 5097 1466 5174 μένουσαν
1497 5094 1678 5154 πόλιν.
1709 5117 1738 5150 ι
1778 5103 1874 5152 Δεῖ
1903 5094 1984 5150 οὖν

2080 5096 2398 5158 mundum.
2427 5094 2571 5158 Nam
2592 5115 2624 5157 a
2657 5096 2958 5159 mundana
2988 5098 3102 5159 vita
3125 5116 3234 5159 nos
3265 5098 3507 5163 alienat.
3548 5121 3571 5152 α
3612 5100 3741 5162 Non

326 5191 466 5267 μετὰ
534 5188 823 5270 προθυμίας
879 5189 1140 5268 αἱρεῖσθαι
1196 5188 1288 5244 τὸν
1358 5187 1489 5267 ὑπὲρ
1546 5183 1774 5265 Χρισιοῦ
1827 5183 1984 5243 θάνα-

2081 5184 2240 5247 enim
2266 5185 2554 5248 habemus
2578 5186 2673 5248 hic
2703 5195 3038 5248 manentem
3075 5186 3396 5251 civitatem.
3437 5212 3460 5246 η
3499 5185 3748 5269 Oportet

324 5302 439 5355 τον,
494 5278 751 5357 μάλιστα,
796 5279 980 5358 φησὶν,
1035 5275 1115 5333 ὅτι
1158 5277 1253 5335 οὔκ
1304 5278 1433 5333 εἰσιν
1490 5278 1645 5352 ἡμῶν
1701 5271 1886 5338 πόλεις
1932 5276 1983 5329 αἱ

2074 5273 2248 5354 igitur
2271 5276 2341 5338 arl
2370 5284 2619 5338 mortem
2674 5295 2781 5358 pro
2804 5276 3038 5340 Christo
3073 5277 3440 5340 tolerandam
3474 5285 3747 5360 prompto

320 5367 424 5426 ὧδε
453 5367 662 5434 πόλεις,
713 5366 850 5425 ἀλλὰ
901 5364 985 5424 δεῖ
1055 5367 1242 5447 ἑτέρπν
1290 5374 1477 5439 ζητεῖν
1515 5376 1625 5448 τὴν-
1670 5362 1931 5440 μένουσαν
1964 5380 1978 5393 ο

2074 5364 2213 5426 ferri
2249 5365 2760 5438 uuimo.mnxime,
2783 5366 3001 5448 inquit,
3034 5367 3189 5448 quod
3225 5386 3342 5428 non
3375 5367 3496 5429 sint
3521 5374 3754 5431 nostrae

323 5461 475 5515 αὗται
505 5460 605 5536 γὰρ
636 5456 982 5519 ἀπόλλυνται,
1022 5475 1053 5515 α
1087 5445 1167 5512 Δι’
1198 5455 1354 5513 αὐτοῦ
1396 5456 1506 5512 οὖν.
1549 5478 1573 5513 ε
1612 5445 1702 5519 (Ως
1731 5450 1799 5509 δι’
1825 5450 1984 5547 ἔρχι-

2074 5454 2337 5518 civitates
2358 5474 2492 5537 quas
2532 5456 2629 5518 hic
2678 5465 2818 5547 sunt
2848 5445 3140 5532 civitates,
3174 5457 3276 5520 sed
3301 5457 3478 5547 aliain
3517 5465 3741 5539 oporte

320 5548 482 5628 ερὲως
508 5549 570 5606 τὸ
613 5548 749 5604 κατὰ
779 5547 966 5627 σάρκα.
1007 5566 1034 5605 ε
1072 5546 1169 5602 Διᾶ
1212 5545 1409 5608 παντὸς
1451 5551 1528 5619 τῷ
1570 5549 1706 5618 Θεῷ.
1744 5564 1772 5596 ι
1831 5543 1886 5598 Ἠ
1920 5543 1981 5598 τὸ

2074 5562 2337 5625 quaerere
2361 5546 2826 5627 manentem,haa
2844 5546 3002 5608 enim
3027 5554 3306 5628 pereunt.
3348 5568 3374 5605 ‹
3409 5546 3523 5609 Per
3551 5547 3753 5627 ipsum

318 5637 507 5717 Πατρὶ,
541 5636 578 5706 ἢ
622 5636 744 5716 γοῦν
792 5639 933 5710 αὖτῷ
961 5632 1029 5691 δι’
1070 5636 1277 5695 ἑαυτοῦ.
1340 5658 1366 5688 α
1405 5634 1616 5712 Καρπὸν
1647 5629 1898 5713 χειλέων,
1948 5653 1973 5689 ι

2074 5632 2303 5711 igitur.»
2334 5634 2642 5716 Tanquam
2677 5652 2784 5716 per
2820 5632 3186 5716 pontiﬁcem,
3220 5636 3564 5698 secundum
3596 5651 3667 5695 ca
3686 5651 3753 5696 r-

325 5726 388 5786 Τί
430 5725 485 5785 δέ
536 5730 652 5785 ὶστι
694 5727 897 5807 καρπὸς
942 5724 1169 5807 χειλέων
1204 5744 1221 5807 ς
1292 5724 1470 5805 εὐχαὶ,
1539 5722 1716 5802 ὕμνοι,
1770 5718 1976 5792 δεήσεις

2074 5741 2195 5786 mem
2228 5721 2441 5805 ipsius.
2484 5747 2506 5781 ι
2539 5721 2791 5807 Semper
2846 5725 3001 5789 Deo.
3048 5749 3073 5785 ι
3107 5724 3226 5788 Aut
3264 5724 3452 5802 Patri,
3483 5731 3584 5787 aut
3610 5721 3703 5805 ips
