4136 6424
377 373 495 439 447
1500 374 1851 442 (ECUMEN
1861 369 1914 434 II
1957 369 2024 432 Τ]

2109 370 2253 434 ΞΟιΕ
2292 370 2627 435 EPISCOPI
3638 369 3759 437 448

375 533 486 596 per
512 515 798 596 seipsum.
830 539 857 571 α
879 515 1162 578 Fructum
1195 513 1509 576 labiorum.
1544 539 1566 570 ι
1604 510 1760 587 Quid
1793 514 1883 571 est
1909 523 2019 567 au-

2109 507 2233 586 πρὸς
2275 508 2367 564 τὸν
2397 507 2549 596 θεόν,
2583 506 2800 576 Ἐπειδή
2844 508 2944 587 γὰρ
2975 509 3103 565 εἷπε
3131 509 3340 583 Θυσίας,
3388 508 3481 566 ἵνα
3511 509 3589 586 μὴ
3610 508 3759 584 νομί-

376 595 496 667 tem
526 595 753 667 fructus
784 605 1076 667 labiorum
1098 603 1128 665 ?
1158 598 2024 685 Vota,bymni,obsecrationes

2109 618 2239 654 σωσι
2269 597 2363 661 τὰς
2395 595 2480 653 διὰ
2506 596 2657 669 ζώων
2712 599 2870 656 αὒτὸν
2922 597 3123 679 λέγειν,
3181 600 3511 679 ἡρμήνευσεν
3543 599 3753 662 ἑαυτόν,

375 697 449 759 ad
480 698 692 758 Deum.
752 693 1041 767 Quoniam
1092 694 1253 755 enim
1286 693 1435 755 dixit
1469 712 1483 753 :
1520 691 1748 766 Hostia,
1786 707 1859 750 ne
1892 687 2024 748 exi-

2109 689 2316 760 Θυσίας,
2351 688 2503 767 φησὶ,
2540 685 2724 768 ιλέγω,
2756 688 2851 752 τὰς
2882 687 3257 764 ἀναιμάκτους,
3286 689 3379 752 τὰς
3401 686 3485 745 διὰ
3500 687 3752 769 χειλέων,

374 785 685 846 stimarent
741 801 877 845 eum
931 782 1135 844 dicere
1193 782 1268 846 de
1322 781 1698 856 animalibus,
1761 777 2024 858 seipsum

2109 775 2201 841 τὰς
2232 774 2286 832 ἐν
2316 778 2507 854 εὐχαῖς
2535 776 2623 831 καὶ
2645 775 2825 850 ὕμνοις
2856 778 2941 858 καὶ
2967 775 3227 847 δεήσεσιν.
3273 797 3295 833 α
3323 768 3757 855 ιΟμολογούντων

372 873 798 955 interpretatus
827 879 940 936 est.
999 871 1257 946 Hostias,
1312 871 1525 952 inquit,
1574 855 1708 931 dico
1735 855 2024 946 sanguine

2109 868 2183 939 τῷ
2251 863 2468 939 ὀνόματι
2540 863 2716 922 αὐτοῦ.
2783 887 2809 919 ι
2875 855 3306 944 Ὀμολογούντων
3370 870 3477 922 τῶν
3522 864 3754 946 χειλέων

374 953 669 1026 carentes.
729 962 871 1022 4⁸54
913 980 1066 1043 quae~
1093 960 1267 1024 labiis
1296 961 1649 1034 oﬁ‘eruntur,
1684 957 2022 1020 consisten-

2109 960 2182 1029 τῷ
2207 953 2424 1028 ὀνόματι
2455 953 2631 1028 αὖτοῦ,
2656 953 2914 1026 τουτέστι,
2948 954 3105 1034 χάριν
3128 953 3362 1028 εἰδότων,
3388 954 3468 1011 ὅτι
3498 955 3627 1034 ὑπὲρ
3650 958 3757 1012 τῶν

374 1053 669 1115 stentesin
693 1052 864 1125 votis,
893 1040 1128 1131 hymnis
1145 1070 1214 1112 ac
1238 1050 1538 1132 precibus.
1571 1045 2024 1113 «Conﬁtentium

2109 1042 2378 1120 ἡμετέρων
2409 1040 2665 1132 ἀπέθανεν
2683 1041 2974 1121 ἁμαρτιῶν.
3026 1050 3072 1100 Η
3102 1042 3503 1121 ὁμολογούντων
3531 1050 3610 1118 τῷ
3633 1043 3759 1101 ὀνό-

373 1141 603 1204 nomini
622 1142 672 1222 ej
686 1161 813 1202 us.»
842 1129 1153 1202 Labiorum
1184 1129 1593 1203 conﬁtentium
1618 1136 1850 1200 nomini
1873 1134 2024 1215 ejus,

2111 1154 2237 1208 ματι
2269 1135 2448 1210 αὐτοῦ,
2471 1130 2757 1206 τουτέστιν,
2793 1129 3194 1210 ὁμολογούντων
3223 1136 3328 1190 τῶν
3351 1131 3580 1213 χειλέων
3603 1132 3757 1209 ἡμῶν

372 1230 488 1292 hoc
520 1221 915 1313 est,igratiam
961 1229 1405 1309 agnoscentium
1456 1227 1612 1309 quod
1674 1245 1776 1307 pro
1810 1222 2024 1313 nostris

2109 1228 2186 1296 τῷ
2228 1221 2448 1295 ὀνόματι
2482 1222 2661 1280 αὐτοῦ.

374 1306 637 1400 peccatis
672 1306 956 1382 Vmortuus
986 1306 1081 1381 sit.
1114 1319 1232 1382 Aut
1265 1336 1279 1381 :
1334 1306 1751 1380 Conﬁtentium
1788 1311 2019 1375 nomini
2049 1310 2198 1391 ejus,
2258 1326 2476 1389 nempe
2508 1306 2797 1370 labiorum
2828 1315 3167 1373 nostrorum
3201 1311 3611 1375 confitentium
3643 1330 3759 1375 no-

375 1407 523 1470 mini
555 1411 712 1490 ejus.

452 1498 608 1574 XIII,
636 1499 848 1562 16-19.
887 1502 1191 1562 Craterum
1233 1497 1643 1577 beneﬁcentiae
1672 1506 1727 1559 et
1752 1513 2054 1564 c0mmu-.

372 1590 700 1652 m'cation-is
744 1607 817 1651 ne
864 1587 1329 1651 obliviscamini.
1417 1586 1658 1649 Talibus
1709 1587 1870 1649 enim
1929 1587 2025 1649 vi—

372 1677 574 1739 ctimis
598 1675 870 1756 placetur
922 1678 1069 1739 Deo.
1125 1678 1338 1739 Parete
1366 1676 1461 1739 his
1493 1678 1601 1756 qui
1628 1684 2027 1755 praesimtvo-

373 1765 464 1829 bis
493 1774 549 1829 el
600 1766 950 1844 subjacete:
1007 1766 1299 1845 siqu-idem
1359 1766 1458 1826 illi
1510 1765 1884 1845 pervigilant
1911 1783 2025 1845 pro

370 1857 688 1919 animabus
718 1861 957 1936 vestris,
1021 1865 1309 1933 tauquam
1357 1857 1648 1916 rationem
1680 1855 1978 1918 reddituri
2009 1877 2021 1915 :

2109 1858 2181 1919 ὡς
2268 1853 2426 1933 λόγον
2508 1853 2897 1926 ἀποδώσοντες,
2967 1853 3059 1910 ἵνα
3132 1856 3265 1932 μετά
3340 1860 3512 1936 χαρᾶς
3606 1863 3761 1913 τοῦτο

371 1953 435 2007 ut
462 1964 599 2007 cum
627 1946 854 2025 gaudio
881 1945 989 2007 hoc
1018 1947 1273 2025 faciant,
1309 1953 1508 2007 etnon
1531 1945 2024 2023 gementes.Nam

2109 1951 2321 2025 ποιῶσι,
2407 1947 2496 2001 καὶ
2580 1946 2656 2019 μὴ
2758 1945 3118 2015 στενάζοντες,
3224 1943 3558 2009 Ἀλυσιτελὲς
3660 1948 3761 2025 γὰρ

368 2033 432 2095 id
460 2041 545 2097 est
574 2032 740 2096 vobis
775 2034 1015 2098 inutile.
1070 2036 1252 2096 Orate
1281 2032 1610 2114 pronobis.
1647 2032 2024 2113 Conﬁdimus

2109 2036 2236 2110 ὑμῖν
2310 2040 2485 2091 τοῦτο.
2574 2033 2937 2113 Προσεύχεσθε
3021 2034 3139 2113 περὶ
3220 2036 3398 2111 ἡμῶν.
3492 2036 3759 2092 Πεποίθα-

368 2126 530 2186 enim
586 2123 741 2203 quod
789 2124 999 2186 bonam
1039 2126 1361 2185 habeamus
1407 2123 1833 2185 conscientiam
1868 2124 2024 2184 inter

2109 2146 2205 2199 μεν
2261 2125 2361 2203 γὰρ
2437 2123 2517 2179 ὅτι
2588 2121 2759 2189 καλὴν
2829 2120 3123 2191 συνείδησιν
3209 2123 3412 2205 ἔχομεν
3480 2125 3533 2182 ἐν
3605 2131 3759 2199 πᾶσι,

368 2228 594 2288 omnes,
628 2213 936 2293 cupientes
988 2215 1231 2275 honeste
1289 2213 1658 2274 conversari.
1696 2210 1890 2291 Magis
1919 2230 2024 2272 au-

2109 2212 2283 2276 καλεῦς
2417 2211 2655 2277 θέλοντες
2798 2210 3225 2293 ἀναστρέφεσθαι.
3368 2212 3761 2294 Περισσοτέρως

370 2308 484 2364 tem
513 2302 747 2364 obsecro
794 2308 863 2364 ut
915 2301 1025 2364 hoc
1061 2304 1332 2381 faciatis,
1395 2318 1518 2380 quo
1547 2303 1811 2362 celerius
1842 2303 2021 2363 resti-

2109 2300 2159 2357 δὲ
2218 2300 2508 2381 παρακαλῶ
2567 2308 2716 2357 τοῦτο
2772 2306 3014 2378 ποιῆσαι,
3075 2303 3168 2359 ἵνα
3220 2302 3414 2383 τάχιον
3480 2303 3760 2360 ἀποκατα-

371 2396 517 2454 tuar
536 2391 725 2453 vobis.

2109 2395 2280 2448 σταθῶ
2307 2393 2459 2467 ὑμῖν.
2499 2413 2525 2444 n

457 2503 480 2536 α
506 2482 797 2542 Caeterum
856 2478 1287 2542 beneﬁcentiae.
1328 2504 1354 2534 ιο
1395 2483 1504 2540 Pro
1550 2480 1760 2541 cadem
1809 2478 2023 2559 accipit

2187 2498 2217 2538 (
2252 2481 2359 2545 Τῆς
2411 2476 2465 2534 δὲ
2509 2479 2765 2542 εὐποιίας.
2829 2501 2850 2533 ι
2902 2479 3149 2538 Εὐποιίαν
3192 2482 3281 2539 καὶ
3326 2482 3604 2541 κοινωνίαν
3658 2484 3756 2552 τὴν

372 2568 584 2630 virtute
612 2568 1069 2631 beneﬁcentiam
1103 2577 1159 2630 et
1189 2569 1815 2631 communicationem.
1849 2569 2020 2628 «Pla-

2110 2568 2271 2635 αὒτην
2299 2567 2464 2646 λέγει,
2522 2590 2540 2620 ο
2581 2569 2954 2645 Εὖαρεστεῖται
3013 2571 3040 2625 6
3080 2570 3230 2634 Θεός.
3270 2593 3297 2626 n
3360 2574 3490 2629 Οἷον
3534 2571 3759 2651 ἀρέσκε-

370 2668 537 2722 cetur
566 2658 748 2720 Deo.»
813 2658 959 2721 Nam
1010 2659 1384 2738 εὖαρεττοῦμκι
1436 2659 1612 2738 (quod
1660 2657 1899 2738 proprie
1934 2659 2023 2717 Sl-

2109 2679 2216 2740 ται,
2276 2658 2347 2715 Τὸ
2408 2658 2508 2736 γὰρ
2567 2658 2949 2735 εὐαρεστεῖται,
3010 2657 3186 2725 καλῶς
3238 2659 3512 2740 ἀρέσκεται
3569 2660 3749 2730 δηλοῖ.

369 2736 1175 2828 gniﬁcat,hilariteraﬁectus
1191 2766 1319 2808 sum
1333 2756 1449 2819 ,aut
1467 2736 1694 2827 placide
1710 2736 1803 2807 me
1817 2745 2024 2821 habeo)

2112 2736 2288 2802 Ἰιὶστε
2351 2750 2408 2805 εὖ
2462 2753 2573 2826 χρὴ
2632 2746 2793 2822 μόνον
2856 2748 3058 2826 καρπὸν
3129 2736 3357 2829 χειλέων
3413 2751 3757 2832 προσφέρειν,

369 2836 545 2901 etiam
583 2837 816 2917 placere
848 2837 1187 2916 signiﬁcare
1219 2845 1411 2917 potest
1461 2835 1666 2917 Itaque
1696 2855 1814 2897 non
1838 2855 2022 2916 opor-

2109 2833 2243 2892 ἀλλὰ
2282 2836 2370 2892 καὶ
2410 2836 2505 2897 τὰς
2550 2835 2796 2898 τοιαύτας
2838 2836 3038 2900 θυσίας,
3089 2856 3119 2897 ι
3154 2838 3395 2895 Πείθεσθε
3438 2852 3555 2905 τοῖς
3584 2843 3754 2921 ἡγου-

369 2935 451 2990 tet
467 2926 658 2990 solum
708 2927 964 2988 fructum
1008 2925 1299 2988 labiorum
1333 2927 1574 3000 offerre,
1607 2945 1809 2987 verum
1843 2926 2021 2988 etiam

2109 2925 2309 2998 μένοις.
2383 2948 2405 2982 ι)
2472 2925 2730 3004 Πρότερον
2789 2927 2974 2989 αὐτοὺς
3032 2927 3193 2984 εἰπὼν
3251 2929 3465 2994 πιστοὺς
3523 2932 3612 2987 καὶ
3666 2938 3762 2989 τοῦ

368 3016 713 3096 hujusmodi
772 3016 1019 3078 hostias.
1084 3040 1110 3070 α
1145 3014 1355 3077 Parete
1412 3015 1502 3076 his
1539 3015 1637 3096 qui
1672 3023 1950 3095 prwsunt.
1994 3039 2016 3072 ι)

2109 3013 2388 3085 ζηλοῦσθαι
2431 3013 2625 3085 ἀξίους,
2674 3013 2727 3071 ἐν
2770 3020 2848 3088 τῷ
2911 3014 3108 3097 λέγειν,
3180 3011 3276 3072 Ὠν
3344 3017 3760 3099 ἀναθεωροῦντες

369 3086 513 3171 Cain
540 3105 703 3186 prius
723 3124 826 3167 eos
848 3104 1065 3167 dixerit
1094 3104 1301 3166 ﬁdeles
1332 3125 1400 3167 ac
1424 3086 1754 3166 imitatione
1785 3105 2018 3183 dignos,

2109 3106 2206 3171 την
2263 3100 2477 3160 ἔκϐασιν
2528 3110 2626 3172 τῆς
2681 3104 3034 3186 ἀιαστροφῆς,
3099 3104 3321 3178 ζηλοῦτε
3387 3108 3486 3175 τὴν
3556 3110 3755 3180 πίστιν,

370 3195 579 3259 dicens
616 3215 629 3258 :
665 3196 930 3269 Quorum
964 3194 1284 3257 imitemini
1336 3194 1540 3269 ﬁdem,
1573 3194 2022 3255 considerantes

2109 3194 2224 3250 τότε
2293 3194 2502 3273 ἐπάγει,
2578 3194 2817 3250 Πείθεσθε
2850 3210 2865 3225 ⁸
2941 3203 3017 3271 τῷ
3070 3197 3170 3275 γὰρ
3229 3199 3405 3261 κακῶς
3462 3201 3761 3256 πιστεύοντι

368 3284 503 3364 quis
558 3285 736 3346 fuerit
794 3284 985 3345 exitus
1036 3283 1500 3345 conversationis
1556 3283 1816 3357 illorum,
1866 3301 2024 3343 nunc

2140 3288 2153 3307 ς
2446 3284 2457 3304 ι
2758 3289 2783 3298 -ι
2854 3282 2901 3317 κλ
3063 3292 3085 3301 ..
3214 3288 3229 3303 κ
3400 3293 3421 3303 ..
3695 3296 3720 3306 ,,

2109 3307 2164 3343 ου
2232 3283 2313 3341 δεῖ
2370 3287 2655 3364 πειθετθαι,
2712 3306 2789 3360 τῳ
2849 3298 2904 3341 οι
2948 3308 3124 3349 κακως
3171 3309 3266 3362 μεν
3311 3288 3506 3364 βιουντι
3579 3288 3760 3356 καλως

367 3375 676 3456 subjungit
705 3394 719 3434 :
761 3372 972 3435 Parete
1007 3372 1356 3434 eis.Etenim
1392 3391 1567 3453 prave
1601 3372 1872 3433 credenti
1903 3391 2022 3433 non

2109 3371 2157 3428 ἒξ
2218 3374 2518 3431 πιστεύοντι
2575 3374 2839 3431 πείθεσθαι
2899 3377 3031 3455 χρή,
3073 3399 3098 3429 n
3162 3376 3339 3432 Πάντα
3395 3377 3516 3457 γὰρ,
3572 3379 3754 3457 φησὶν,

2198 1520 2219 1551 «
2259 1501 2367 1563 Τῆς
2397 1492 2452 1551 δὲ
2495 1495 2728 1557 εὖποιίας
2785 1496 2872 1552 καὶ
2937 1496 3209 1561 κοινωνίας
3264 1497 3341 1573 μὴ
3411 1495 3759 1555 ἐπιλανθάνε-

2111 1590 2219 1645 σθε.
2296 1586 2569 1649 Τοιαύταις
2651 1586 2751 1664 γὰρ
2820 1585 3017 1651 θυσίαις
3100 1586 3458 1667 εὐαρεστεῖται
3517 1590 3545 1644 6
3603 1588 3758 1654 Θεός.

2112 1678 2353 1732 Πείθεστε
2436 1688 2554 1739 τοῖς
2640 1673 2954 1753 ἡγουμένοις
3054 1676 3224 1757 ὑμῶν,
3330 1678 3417 1733 καὶ
3497 1674 3757 1737 ὑπείκετε.

2050 1748 2087 1797 Β
2113 1767 2264 1824 Αὗτοὶ
2333 1766 2432 1845 γὰρ
2520 1748 2866 1844 ἀγρυπνοῧσιν
2935 1765 3063 1840 ὑπὲρ
3147 1748 3252 1823 τιῖίν
3321 1770 3512 1847 ψυχῶν
3586 1768 3759 1843 ὑμῶν,

368 3473 604 3546 oportet
642 3481 849 3544 parere
885 3483 898 3525 :
960 3471 1238 3524 caeterum
1303 3462 1453 3523 male
1499 3462 1743 3543 quidem
1778 3461 2017 3536 viventi,
2105 3461 2203 3519 ὅσα
2247 3461 2308 3518 ἂν
2351 3461 2576 3539 λέγωσιν
2620 3464 2749 3537 ὑμῖν
2792 3478 2994 3539 ποιεῖν,
3052 3479 3260 3522 ποιεῖτε
3300 3482 3312 3496 ’
3373 3466 3511 3524 κατὰ
3580 3465 3634 3523 δὲ
3691 3470 3757 3525 τὰ

2106 3552 2231 3631 ἔργα
2263 3552 2453 3632 αὐτῶν,
2488 3552 2566 3628 μὴ
2592 3567 2818 3614 ποιεῖτε.
2871 3578 2898 3610 ι)
2937 3552 3057 3613 Ἐπὶ
3087 3554 3142 3611 δὲ
3174 3563 3280 3612 τῶν
3312 3557 3430 3637 περὶ
3459 3557 3559 3625 τὴν
3586 3558 3758 3614 πίστιν

2105 3641 2515 3723 διεφθαρμένων,
2574 3642 2749 3722 φησί’
2828 3642 3090 3724 Διδαχαῖς
3147 3644 3416 3711 ποικίλαις
3459 3648 3547 3704 καὶ
3586 3643 3755 3712 ξέναις

2107 3732 2183 3806 μὴ
2214 3730 2594 3812 παραφέρεσθε.
2644 3731 2705 3789 Τί
2758 3731 3006 3814 armore;
3056 3732 3134 3790 ὅτι
3196 3737 3223 3791 6
3268 3735 3364 3811 μὲν
3421 3741 3597 3799 κακῶς
3629 3736 3753 3812 βιῶν

2105 3823 2198 3877 οὒκ
2229 3823 2290 3876 ἂν
2346 3827 2525 3884 κακῶς
2568 3821 2710 3897 βὶοῦν
2770 3819 3172 3898 συμϐουλεύσειε
3229 3838 3348 3889 τοῖς
3409 3823 3612 3889 ἄλλοις.
3659 3826 3760 3884 Καὶ

2103 3910 2203 3988 γὰρ
2259 3913 2344 3967 καὶ
2407 3912 2562 3974 αὒτὸς
2605 3917 2770 3967 ταῦτα
2828 3912 3071 3991 πράττων
3126 3913 3457 3993 αἰσχύνεται,
3515 3912 3611 3971 καὶ
3667 3912 3761 3982 δη-

2103 3997 2193 4055 λοῖ
2222 4000 2284 4055 τὸ
2313 4000 2556 4079 κρύπτειν
2607 4005 2974 4079 μηχανᾶσθαι,
3036 3993 3092 4061 εΟ
3150 4000 3205 4058 δὲ
3258 4004 3376 4081 περὶ
3429 4005 3530 4071 τὴν
3586 4003 3760 4061 πίστιν

2104 4090 2292 4164 κακὸς,
2325 4096 2503 4154 κακῶς
2556 4090 2644 4145 καὶ
2689 4098 2763 4165 τῷ
2806 4089 2921 4166 λαῷ
2964 4090 3195 4171 κηρύξει.
3262 4115 3288 4146 α
3351 4102 3476 4158 Τοῖς
3528 4093 3765 4172 ἡγουμέ-

2105 4200 2211 4242 νοις
2254 4180 2432 4253 ἡμῶν.
2504 4202 2524 4233 ι
2576 4181 2701 4258 Περὶ
2744 4180 3049 4238 ἐπισκόπων
3104 4179 3269 4258 λέγει.
3329 4204 3357 4236 α
3419 4183 3515 4240 Καὶ
3547 4184 3761 4240 ὑπείκε-

367 3563 531 3616 recte
560 3561 754 3615 tamen
785 3552 1050 3614 credenti
1081 3570 1293 3631 parere
1311 3560 1543 3631 oportet
1582 3550 1758 3611 «Nam
1796 3552 2017 3626 omnia,

366 3643 580 3724 inquit,
614 3660 987 3722 quaecunque
1017 3640 1715 3708 dixerintvobis.servate
1735 3651 1793 3703 et
1817 3639 2017 3713 facite,

359 3735 527 3814 juxta
556 3751 736 3814 opera
775 3750 911 3794 vero
944 3750 1147 3793 eorum
1184 3749 1259 3791 ne
1284 3730 1539 3792 feceritis
1567 3730 1690 3792 92.»
1731 3733 1915 3793 Porro
1947 3729 2021 3790 de

365 3822 459 3886 his
489 3823 588 3903 qui
619 3822 882 3902 corrupti
915 3830 1054 3881 sunt
1103 3821 1163 3881 in
1190 3820 1327 3894 ﬁde,
1360 3819 1441 3879 ait
1467 3842 1480 3878 :
1524 3819 1819 3883 Dnctrinis
1847 3817 2023 3878 variis

366 3932 434 3975 ac
468 3911 795 3994 peregrinis
844 3928 920 3971 ne
975 3910 1507 3989 circumforamini,
1571 3907 2023 3982 Quamobrem?

368 4004 514 4077 Quia
543 4002 594 4064 is
621 4004 718 4082 qui
754 4001 905 4062 male
937 4000 1095 4072 vivit,
1157 4018 1528 4080 nequaquam
1588 3996 1861 4059 suadebit
1889 3996 2023 4058 aliis

307 4162 311 4166 _
370 4101 432 4154 ut
452 4091 605 4154 male
628 4091 818 4153 vivant
850 4088 1091 4153 Etenim
1121 4087 1249 4168 ipse
1280 4090 1689 4169 quoquc,dum
1722 4089 1846 4149 haec
1878 4086 2017 4166 agit,

366 4181 586 4244 rubore
616 4177 1194 4255 suﬁ'unditur,idque
1226 4188 1429 4255 aperte
1462 4177 1917 4256 signiﬁcat,cum
1952 4193 2023 4235 ea

2105 3461 2203 3519 ὅσα
2247 3461 2308 3518 ἂν
2351 3461 2576 3539 λέγωσιν
2620 3464 2749 3537 ὑμῖν
2792 3478 2994 3539 ποιεῖν,
3052 3479 3260 3522 ποιεῖτε
3300 3482 3312 3496 ’

372 4270 668 4332 occultare
698 4269 995 4338 enitatur;
1031 4269 1433 4346 atquipravus
1452 4275 1541 4328 est
1570 4267 1626 4326 in
1662 4266 1800 4332 ﬁde.
1842 4281 2023 4344 prave

2109 4290 2185 4328 τε,
2238 4291 2264 4322 ν
2332 4269 2440 4334 Τὴν
2500 4267 2881 4346 ἐπιτεταμένην
2938 4271 3103 4328 πειθὼ
3158 4268 3241 4327 διὰ
3286 4276 3402 4346 τού,
3466 4261 3757 4336 ’Υπείκετε,

369 4327 798 4440 ἑόξιῖήᾞόριιιο
831 4327 1395 4418 concinidnabitur.
1438 4327 1466 4411 αί
1505 4354 1606 4415 llis
1641 4356 1738 4435 qui
1768 4327 2024 4433 praesunt

2177 4327 2180 4328 ,
2400 4327 2410 4334 ,
2717 4327 2727 4346 ,
2840 4327 2851 4338 ,
3386 4327 3402 4346 ,
3536 4327 3582 4328 ρ

2109 4354 2287 4423 δηλοῖ.
2339 4378 2361 4412 α
2400 4359 2553 4414 Αὐτοὶ
2608 4360 2708 4439 γὰρ
2762 4360 3132 4440 ἀγρυπνοῦσιν.
3198 4383 3226 4415 »
3291 4359 3657 4419 ’Λκουέτωσαν
3714 4365 3762 4420 οἱ

364 4449 554 4511 vobis.
594 4474 619 4504 υ
655 4447 739 4509 De
790 4445 1086 4526 episcopis
1143 4445 1427 4526 loquitur.
1471 4469 1493 4503 α
1532 4444 1600 4505 Et
1631 4444 1959 4523 subjacete.
1991 4467 2016 4498 ι)

2109 4446 2414 4524 ἡγούμενοι,
2464 4446 2544 4504 ὅτι
2601 4448 2777 4528 ὥσπερ
2823 4452 2910 4507 τὸν
2951 4450 3079 4507 λαὸν
3123 4451 3390 4520 πειθήνιον
3431 4451 3580 4508 εἶναι
3622 4451 3760 4532 χρὴ,

365 4539 638 4602 Exactam
654 4535 948 4615 signiﬁcat
966 4534 1368 4597 obedientiam
1390 4534 1447 4594 in
1470 4533 2021 4613 verbo,Subjacete.

2109 4535 2273 4599 οὕτως
2315 4538 2407 4593 τὸν
2449 4537 2587 4617 ἱερόα
2629 4539 2758 4618 ὁπέρ
2802 4545 2907 4597 τῶν
2950 4540 3221 4617 ἁμαρτιῶν
3276 4546 3368 4595 τοῦ
3408 4538 3538 4597 λαοῦ
3594 4538 3759 4620 ἄγρυ-

369 4651 398 4689 «
434 4625 745 4708 Siquidem
772 4622 887 4705 ipsi
920 4622 1291 4704 pervigilant.
1325 4649 1346 4679 ι
1376 4623 1634 4685 Audiant
1657 4624 1716 4685 bi
1750 4622 1849 4704 qui
1882 4644 2024 4704 pra)-

2109 4647 2258 4684 πνον.
2294 4628 2355 4685 ΟΣ
2382 4627 2481 4706 γὰρ
2529 4628 2971 4709 ἡγούμενοιᾉὺπὲρ
3020 4635 3127 4686 τῶν
3170 4639 3264 4689 τοῦ
3305 4627 3436 4685 λαοῦ
3488 4632 3762 4709 ἁμαρτιῶν

365 4707 530 4792 sunt,
559 4715 740 4798 quod,
778 4714 1283 4796 quemadmodum
1310 4718 1589 4795 populum
1624 4722 1859 4794 oportet
1889 4733 2022 4776 esse

2113 4716 2416 4772 ὑπόκεινται
2443 4719 2686 4795 τιμωρία.
2729 4737 2757 4776 ι
2793 4707 2917 4775 εἸνα
2946 4719 3081 4793 μετὰ
3111 4724 3282 4799 χαρᾶς
3312 4725 3466 4776 τοῦτο
3481 4724 3695 4777 ποιῶσι.
3728 4744 3753 4775 ι

364 4804 885 4880 obedientium,ita
901 4804 1272 4866 sacerdotem
1293 4822 1399 4883 pro
1415 4800 1674 4883 peccatis
1698 4803 1896 4884 populi
1922 4824 2021 4865 ex-

2109 4805 2259 4861 Αὒτοὶ
2290 4804 2387 4880 μὲν
2430 4805 2517 4862 οὖν
2560 4807 2773 4871 πάντως
2804 4806 3226 4886 ἀγρυπνήσουσιν
3255 4808 3384 4886 ὑπὲρ
3416 4808 3522 4865 τῶν
3566 4808 3759 4888 ψυχῶν

363 4897 680 4960 cubantem
734 4903 793 4957 et
847 4893 1193 4957 sollicitum.
1254 4894 1396 4953 4ὖῦ
1425 4891 1570 4953 Nam
1603 4892 1705 4973 qui
1739 4903 2016 4970 prmsunt,

2109 4894 2272 4968 ὕμοῦν,
2319 4895 2382 4951 τὸ
2425 4893 2479 4950 δὲ
2534 4896 2681 4971 ὑμῶν
2736 4898 3005 4967 πειθήνιον
3061 4897 3095 4965 ἢ
3140 4897 3241 4972 μὴ,
3302 4895 3527 4962 ἐκείνους
3558 4897 3595 4966 ἢ
3626 4898 3763 4973 μετὰ

364 4986 676 5067 subjacent
697 4984 992 5065 supplicio
1010 5003 1114 5064 pro
1140 4983 1380 5065 populo.
1398 4980 1649 5045 «Utcnm
1676 4983 1888 5060 gaudio
1909 4984 2020 5044 hoc

2109 4989 2275 5067 χαρᾷς
2309 4982 2343 5051 ἢ
2388 4985 2522 5059 μετὰ
2552 4991 2861 5064 στεναγμῶν
2917 4994 3072 5045 τοῦτο
3113 4998 3293 5043 ποιεῖν
3348 4987 3759 5066 παρασκευάσει.

362 5062 603 5138 faciant.
638 5101 661 5133 ιι
700 5062 1021 5155 Siquidem
1066 5062 1182 5153 ipsi
1221 5062 1526 5135 excubias
1557 5071 1881 5132 servabunt
1914 5092 2018 5152 pro

2110 5095 2135 5125 σ
2202 5062 2380 5150 ιὈπερ
2440 5062 2743 5138 ἀλυσιτελὲς
2785 5076 2915 5149 ὑμῖν
2972 5073 3142 5151 ἔσται,
3208 5098 3231 5133 υ
3295 5062 3446 5156 φησὶ,
3498 5074 3757 5152 τουτέστι,

366 5164 679 5226 animabus
725 5163 971 5225 vestris:
1008 5172 1288 5225 caeterum
1335 5169 1522 5224 vestra
1555 5160 1894 5223 obedientia
1924 5171 2023 5223 aut

2109 5159 2211 5239 [οἰ]
2271 5160 2553 5242 συμφέρον,
2606 5160 2762 5241 ίοῦδὲ]
2795 5162 3065 5245 ὠφέλιμον
3093 5179 3106 5193 ⁸
3164 5167 3192 5221 ὁ
3238 5167 3368 5228 Θεὸς
3419 5166 3519 5245 γὰρ
3562 5164 3764 5241 ἐπαμυ-

366 5251 775 5314 inobedientia
787 5250 1096 5325 elﬁciet,ut
1114 5252 1169 5313 id
1192 5271 1326 5313 cum
1352 5252 1563 5331 gaudio
1583 5259 1679 5313 aut
1700 5250 2023 5329 gemitibus

2109 5263 2210 5312 νεῖ,
2259 5274 2277 5304 ι
2323 5253 2677 5332 Προσεύχεσθε
2729 5254 2846 5334 περὶ
2898 5256 3077 5329 ἡμῶν.
3143 5276 3167 5312 ι
3235 5250 3451 5325 Ἐπειδή
3477 5275 3614 5318 τινες
3644 5251 3759 5310 διέ-

366 5340 606 5413 faciant,
643 5340 797 5421 quod
825 5340 1071 5403 «inutile
1093 5340 1259 5402 vobis
1282 5342 1457 5406 erit.»
1486 5342 1597 5402 hoc
1629 5350 1741 5413 est,
1776 5339 2015 5421 damno,

2109 5337 2304 5398 ϐαλλον
2355 5344 2448 5397 τὸν
2493 5339 2817 5401 Ἀπόστολον
2850 5345 2922 5409 ὡς
2951 5345 3279 5402 ἀποστασίαν
3322 5351 3414 5401 τοῦ
3456 5344 3619 5420 νόμου
3678 5342 3759 5400 δι-

370 5428 946 5492 incommodo.Deus
962 5429 1120 5491 enim
1139 5431 1633 5511 rependet,eteos
1650 5429 1724 5491 ob
1741 5429 2017 5510 injuriam

2109 5427 2379 5502 δάσκοντα,
2425 5431 2677 5510 ἀπεχθῶς
2735 5432 2896 5513 εἶχον
2939 5434 3069 5512 πρὸς
3126 5435 3307 5493 αὐτόν.
3373 5435 3467 5491 Διὸ
3523 5431 3639 5491 οὐδὲ
3695 5435 3759 5490 τὸ

371 5517 713 5584 ulciscetur.
743 5540 770 5574 α
800 5521 980 5582 Orate
1010 5537 1115 5600 pro
1140 5518 1335 5582 nobis.
1373 5544 1398 5576 ι
1434 5518 1720 5593 Quoniam
1749 5517 2018 5582 nonnulli

2109 5517 2270 5595 ἕνομα
2328 5521 2483 5577 αὖτοῦ
2536 5521 2589 5577 ἐν
2650 5522 2796 5605 ἀρχῇ
2854 5529 2952 5590 τῆς
3014 5521 3337 5591 Ἐπιστολῆς
3368 5522 3616 5589 τέθεικεν’
3665 5522 3759 5579 Tu

442 5675 503 5733 9%
559 5674 763 5743 Matth.
798 5691 965 5753 χχιιι,
990 5674 1027 5738 3
