4136 6418
346 362 467 431 449

1463 367 1862 437 COMMENT.
1911 362 1991 433 IN
2037 366 2282 432 EPIST.
2328 369 2430 432 AD
2470 366 2702 433 HEBR.

3618 368 3740 434 450

347 499 426 574 μή
495 499 699 558 Παύλου
754 503 815 560 τὸ
863 499 1028 578 ὄνομα
1099 504 1443 584 εὑρίσκοντες,
1528 502 1675 581 μηδὴ
1732 504 1989 582 ἆναγνῶτι

2080 497 3147 581 calumniabanturApostolum,quod
3165 497 3595 564 discessionem
3613 503 3739 565 ale-

349 589 450 656 τῆν
482 589 828 662 Ἐπιστολήν.
860 592 1016 649 ’Ὅθεν
1074 600 1160 650 νῦν
1203 591 1554 672 ἀπολογεῖται
1612 598 1794 657 αὐτοῖς
1824 610 1838 624 ·
1896 591 2000 651 E6-

350 681 536 757 χεσθε,
584 682 763 759 φησὶν,
811 681 939 760 ὑπὲρ
998 683 1177 757 ἡμῶν,
1237 683 1567 758 Πεποίοαμεν
1624 683 1745 762 γὰρ,
1818 682 1995 762 φησὶν,

350 766 432 824 ὅτι
487 768 659 837 καλὴν
716 768 1006 838 συνείδησιν
1064 771 1262 852 ἔχομεν
1317 772 1372 829 ἐν
1430 780 1583 843 πᾶσι,
1630 776 1717 830 καὶ
1758 772 1813 827 ἐν
1881 785 1999 836 τοῖς

353 855 519 914 ἔθνεσι
548 861 636 942 καὶ
658 860 794 938 πρὸς
849 861 984 936 ὑμᾶς
1045 860 1210 937 μηδὲν
1266 860 1620 942 σφαλλόμενοι
1676 865 1751 917 ὠν
1806 860 1997 941 λέγου-

350 971 457 1009 σιν.
497 972 524 1003 α
550 938 680 1007 ’Ὁτι
709 948 882 1017 καλὴν
904 949 1195 1019 συνείδησιν
1223 950 1445 1032 ἔχομεν.
1483 977 1506 1007 ν
1543 954 1650 1010 Οὐκ
1676 952 1995 1008 ἀποστασίαν

346 1045 441 1095 τοῦ
508 1037 675 1112 νόμου
728 1039 1104 1119 κηρύσσοντες,
1155 1041 1329 1102 καθώς
1398 1062 1538 1104 τινες
1604 1038 1992 1113 διαϐάλλουσιν,

343 1123 464 1181 ἀλλ’
506 1125 612 1182 ἀπὸ
640 1132 734 1183 106
762 1128 1074 1206 γράμματος
1118 1131 1205 1185 καὶ
1260 1129 1357 1196 τῆς
1415 1137 1590 1209 σκιᾶς,
1637 1128 1722 1186 ἐπὶ
1749 1130 1812 1185 16
1844 1128 1999 1185 πνεῦ-

342 1236 418 1289 μα
463 1216 550 1270 καὶ
620 1215 718 1283 τὴν
790 1215 1041 1287 ἀλήθειαν
1087 1217 1451 1297 μετάγοντες’
1515 1218 1644 1300 ὅπερ
1708 1218 1803 1276 ούκ
1855 1216 1995 1275 ἔστιν

344 1304 659 1381 ἀποστασία,
707 1303 844 1362 ἀλλὰ
885 1305 1156 1377 πλήρωσις
1188 1309 1275 1363 καὶ
1321 1309 1604 1389 συνηγορία
1658 1319 1753 1368 106
1810 1307 1992 1383 νόμου.

352 1394 741 1473 Περισσοτέρως
812 1393 869 1452 δὲ
938 1396 1229 1477 παρακαλῶ
1297 1408 1450 1457 τοῦτο
1516 1405 1759 1465 ποιῆσαι.
1836 1405 1999 1455 Ποῖον

346 1490 504 1540 τοῦτο
538 1504 554 1564 ;
608 1486 681 1542 '1‘6
710 1482 954 1565 εὔχεσθαι
983 1487 1113 1566 ὑπὲρ
1164 1489 1343 1563 ἡμῶν.
1403 1510 1429 1542 ιι
1465 1478 1587 1545 "Iw:
1616 1488 1806 1568 τάχιον
1858 1488 2000 1544 ἀπο-

2083 608 2154 667 ge
2177 587 2698 663 doceret,inimico
2729 588 2925 651 affecti
2947 597 3118 650 erant
3138 607 3276 668 erga
3291 589 3483 671 ipsum
3503 592 3735 659 animo:

2085 678 2202 740 idci
2243 698 2309 739 co
2338 697 2533 758 neque
2546 697 2766 740 nomen
2785 697 2957 739 suum
2974 679 3030 738 in
3052 676 3218 738 initio
3235 679 3740 764 posuitEpistolze,

2085 786 2161 829 ue
2192 768 2359 830 Pauli
2385 769 2626 831 nomine
2641 766 3231 848 reperto,Epistolam
3267 786 3341 830 ne
3377 768 3578 848 legere
3599 772 3738 854 qui-

2084 857 2220 919 dem
2239 859 2648 937 dignarentur.
2685 856 2853 920 Unde
2877 875 3035 918 nunc
3058 857 3203 936 ipsis
3223 859 3636 939 respondens:
3665 860 3740 926 O-

2085 954 2233 1027 rate,
2267 946 2480 1029 inquit,
2515 967 2620 1029 pro
2649 948 2861 1024 nobis;
2893 965 3026 1007 nam
3056 946 3409 1009 conﬁdimus
3436 950 3593 1029 quod
3626 950 3737 1012 bo-

2082 1053 2218 1097 nam
2245 1036 2571 1099 habeamus
2592 1035 3018 1098 conscientiam
3058 1035 3220 1097 inter
3240 1055 3467 1112 omnes,
3496 1046 3554 1100 et
3582 1038 3742 1103 inter

2081 1132 2287 1203 gentes
2320 1133 2379 1186 et
2403 1143 2543 1202 erga
2571 1124 2853 1199 vos,nihil
2879 1132 3145 1185 errantes
3176 1123 3236 1185 in
3259 1124 3356 1187 his
3376 1145 3507 1207 quae
3527 1128 3602 1191 de
3624 1149 3736 1192 no-

2082 1212 2171 1274 bis
2191 1213 2613 1295 obloquuntur.
2631 1212 2829 1286 «Quod
2848 1213 3061 1275 bonam
3087 1210 3412 1276 habeamus
3427 1218 3737 1281 conscien-

2085 1303 2289 1366 tiam.»
2326 1302 2454 1364 Non
2490 1303 2920 1369 discessionem
2947 1322 2981 1364 a
3004 1305 3134 1382 lege
3163 1302 3740 1382 praedicantes,sicut

2084 1393 2360 1454 nonnulli
2386 1393 2864 1454 calumniantur:
2919 1392 3021 1454 sed
3055 1410 3087 1452 a
3111 1391 3306 1452 littera
3337 1401 3395 1456 et
3426 1395 3636 1458 umbra
3664 1398 3737 1459 ad

2084 1484 2357 1565 spiritum
2393 1491 2449 1543 et
2484 1483 2786 1543 Y«eritatem
2822 1481 3253 1543 transferentes
3278 1499 3291 1545 :
3314 1483 3471 1562 quod
3503 1504 3620 1547 non
3652 1494 3743 1550 est

349 1574 683 1637 κατασταθῶ,
727 1599 747 1629 ι
798 1580 961 1633 Τοῦτο
1008 1573 1316 1654 θαρροῦντος
1346 1575 1411 1643 ἦν
1465 1575 1545 1632 ὅτι
1596 1577 1798 1655 ἀγαθὴν
1843 1576 1989 1635 συνεί·

2087 1572 2380 1654 apostasia
2403 1573 2524 1632 sive
2547 1572 2859 1651 discessio,
2894 1570 2996 1632 sed
3021 1570 3529 1651 complementum
3552 1584 3610 1636 et
3640 1595 3741 1658 pa-

349 1658 501 1727 δησιν
574 1662 724 1744 εἶχε,
796 1666 857 1721 τὸ
929 1663 1096 1721 θέλειν
1176 1666 1265 1722 καὶ
1336 1665 1759 1747 αὖτοςρροσώπως
1818 1667 1989 1725 αὐτοὺς

2088 1662 2403 1725 trocinium
2422 1661 2589 1741 legis.
2607 1660 2827 1741 «Magis
2849 1669 3044 1722 autem
3074 1659 3324 1721 obsecro
3350 1663 3542 1725 uthoc
3564 1665 3742 1728 facia-

348 1763 535 1808 πεῖσαι
546 1802 558 1814 ,

2082 1753 2177 1813 tis.
2216 1778 2242 1808 ι)
2281 1751 2575 1824 Quidnam
2601 1750 2760 1812 hoc?
2783 1748 3009 1831 Nempe
3027 1766 3199 1812 orare
3230 1767 3335 1830 pro
3367 1750 3736 1828 nobis.«Quo

351 1841 613 1904 celerius
670 1841 954 1905 restituar
1010 1842 1199 1905 vobis.
1240 1869 1266 1901 ι
1300 1843 1424 1906 Hoc
1457 1841 1815 1905 conﬁdentis
1874 1850 1997 1904 erat
2055 1842 2209 1922 quod
2274 1842 2490 1901 bonam
2544 1840 2796 1903 haberet
2820 1838 3267 1915 conscientiam,
3303 1858 3436 1901 cum
3469 1842 3647 1906 vellet
3673 1846 3737 1907 in

349 1931 592 2012 propria
621 1949 857 2014 quoque
882 1951 1136 2014 persona
1160 1935 1320 2015 ipsos
1351 1935 1674 1997 exhortari.

953 2047 1203 2104 ΚΕΦΑΛ.
1264 2030 1391 2105 Ku'.

358 2148 382 2183 α
423 2128 572 2208 [εὐχὴ
619 2130 749 2209 πρὸς
798 2130 890 2186 τὸν
933 2132 1062 2186 Θεὸν
1117 2132 1234 2211 περὶ
1275 2131 1371 2199 τῆς
1416 2133 1489 2196 εἰς
1546 2132 1736 2211 ἀρετὴν
1779 2131 1997 2210 ἀγωγῆς

914 2212 1002 2267 καὶ
1032 2212 1359 2287 οἰκονομίας.
1401 2236 1431 2270 ι)

437 2321 464 2353 α
499 2289 556 2356 Ὀ
599 2295 655 2354 δὲ
686 2299 816 2363 Θεὸς
845 2305 945 2367 τῆς
1003 2302 1239 2381 εἰρήνης,
1294 2304 1322 2358 ὁ
1376 2303 1656 2380 ἀναγαγὼν
1700 2300 1760 2359 ἐκ
1802 2306 1997 2381 νεκρῶν

345 2389 437 2445 τὸν
511 2388 736 2465 ποιμένα
792 2396 899 2446 τῶν
968 2387 1243 2471 προϐάτων
1314 2394 1403 2448 τὸν
1474 2390 1637 2469 μέγαν
1709 2391 1761 2447 ἐν
1805 2388 1997 2466 αἵματι

347 2475 603 2548 διαθήκης
715 2479 945 2553 αἰωνίου,
1047 2481 1138 2535 16v
1240 2480 1426 2558 Κύριον
1525 2484 1680 2556 ἡμῶν
1765 2477 1994 2559 Ἰησοῦν,

342 2569 650 2644 καταρτίσαι
738 2569 870 2644 δμᾶς
946 2569 1000 2625 ἐν
1083 2572 1239 2626 παντὶ
1322 2568 1457 2649 ἔργῷ
1520 2570 1702 2648 ἀγαθῷ
1784 2571 1854 2635 εἰς
1935 2572 1997 2625 τὸ

346 2656 565 2726 ποιῆσαι
634 2659 695 2713 τὸ
769 2657 977 2734 θέλημα
1048 2662 1225 2733 αὐτοῦ,
1325 2660 1491 2716 ποιῶν
1576 2662 1630 2715 εν
1714 2660 1851 2733 ἡμῖν
1935 2662 1997 2715 16

345 2745 617 2825 εὒάρεστον
715 2747 937 2805 ἐνώπιον
1034 2747 1213 2822 αὐτοῦ,
1326 2746 1411 2803 διὰ
1492 2747 1667 2814 Ἰησοῦ
1746 2748 1990 2827 Χριστοῦ,

345 2841 393 2911 ᾧ
460 2839 495 2906 ἡ
564 2836 685 2904 δόξα
737 2840 809 2902 εἰς
880 2842 1001 2903 τοὺς
1059 2841 1249 2906 αἰῶνας
1318 2846 1423 2895 τῶν
1506 2840 1733 2900 αἰώνων.
1795 2837 1990 2915 Ἀμήν.

350 2928 646 3006 Παρακαλῶ
716 2926 771 2984 δὲ
862 2931 1023 3005 ὑμᾶς,
1084 2927 1318 3009 ἀδελφοὶ,
1398 2927 1653 3008 ἀνέχεσθε
1732 2935 1824 2985 106
1894 2927 1992 2984 λό-

343 3038 442 3093 γου
509 3022 607 3086 τῆς
663 3016 1073 3097 παρακλήσεως.
1151 3020 1247 3076 Καὶ
1298 3019 1397 3098 γὰρ
1452 3016 1534 3073 διὰ
1590 3018 1837 3098 βραχέων
1894 3018 1993 3074 ἐπ-

339 3103 545 3163 έστειλα
624 3108 777 3184 ὕμιν,
879 3108 1169 3166 Γινώσκετε
1257 3109 1348 3164 τὸν
1444 3106 1666 3188 ἀδελφὸν
1739 3109 1992 3184 Τιμόθεον

336 3194 751 3273 ἀπολελυμένον,
866 3197 978 3273 μεθ’
1086 3200 1167 3277 οὗ,
1269 3198 1359 3254 ἐὰν
1457 3197 1649 3277 τάχιον
1732 3194 1984 3276 ἔρχηται,

866 3197 978 3273 μεθ’
1086 3200 1144 3254 οὗ

1151 3246 1167 3277 ⁷

2668 2035 2916 2100 CAPUT
2954 2033 3135 2099 XXII.

2081 2130 2365 2191 Precatio
2402 2127 2481 2190 ad
2506 2128 2697 2189 Deum
2730 2132 2799 2188 ut
2819 2126 2900 2188 ad
2914 2128 3204 2188 virtutem
3227 2126 3650 2193 instituantur
3678 2142 3737 2197 et

2563 2217 2797 2278 obedire
2826 2215 3262 2295 gubernentur.

2162 2305 2318 2381 XIII,
2355 2307 2565 2369 20-95.
2604 2308 2763 2368 Deus
2805 2312 3012 2367 autem
3063 2305 3231 2383 pacis
3276 2306 3386 2384 qui
3427 2308 3676 2374 reduxit
3703 2329 3742 2375 a

2079 2398 2335 2459 mortuis
2344 2403 2650 2476 pastorem
2664 2412 2714 2455 m
2725 2410 2953 2475 agnum
2988 2399 3193 2454 ovium
3217 2393 3284 2454 in
3298 2396 3598 2474 sanguine
3612 2407 3736 2461 tes-

2081 2488 2336 2548 tamenti
2351 2486 2568 2547 aaterni
2574 2484 2748 2545 Domi
2753 2499 2900 2544 num
2914 2482 3739 2560 nostrumJesum,absolutos

2079 2576 2407 2637 vosredrlat
2428 2576 2493 2637 in
2517 2576 2684 2635 omni
2696 2590 2878 2652 opere
2891 2571 3509 2648 bono,ad/aciendum
3529 2575 3737 2640 uolun-

2081 2673 2269 2727 tatem
2294 2662 2785 2744 2'psins,e//iciens
2804 2668 2866 2722 ut
2889 2661 3048 2739 quod
3072 2665 3316 2740 agimus
3338 2671 3644 2744 acceptum
3656 2670 3737 2731 sit

2077 2755 2143 2815 in
2166 2762 2478 2834 conspectu
2493 2772 2601 2814 suo
2620 2768 2731 2830 per
2743 2749 2953 2813 Jesum
2979 2749 3315 2823 Christum,
3335 2752 3435 2813 cui
3445 2752 3650 2833 gloria
3664 2760 3734 2821 in

2078 2843 2295 2905 saecula
2310 2861 2465 2905 sa’cu
2475 2845 2697 2904 lorum.
2747 2844 2965 2902 Amen.
2991 2840 3132 2899 1156
3153 2840 3405 2902 Obsecro
3424 2862 3552 2918 vos,
3588 2850 3733 2922 fra-

2079 2932 2475 3014 tres,suﬂ'erte
2495 2948 2828 3014 sermonem
2844 2930 3280 3014 consolationis
3292 2980 3296 2988 .
3310 2930 3369 3014 E
3374 2939 3468 2993 ten
3479 2935 3557 2993 im
3566 2952 3728 3014 pau-

2076 3015 2163 3075 cis
2182 3008 2397 3094 scripsi
2412 3012 2598 3074 nobis.
2623 3012 2806 3073 Scitis
2824 3010 3081 3089 fratrem
3109 3008 3486 3074 Timotheum
3511 3008 3730 3077 dimis-

2073 3122 2208 3165 sum.
2226 3120 2516 3183 esse,cum
2536 3103 2735 3182 quo,si
2747 3101 2924 3162 celeri
2929 3117 2997 3161 us
3013 3101 3219 3161 veneri
3224 3102 3472 3174 t,uisa.m
3488 3102 3732 3168 vos.Sa~

2073 3194 2262 3255 lutate
2284 3210 2486 3254 omnes
2509 3193 2612 3271 qui
2655 3188 3137 3271 prwsuntvobis,
3174 3188 3228 3251 et
3249 3207 3451 3252 omnes
3465 3200 3726 3257 sanctos.

335 3280 533 3360 ὄψομαι
616 3284 776 3360 ὔμᾶς,
853 3284 1186 3341 Ἀσπάσασθε
1260 3286 1461 3349 πάντας
1532 3285 1653 3346 τοὺς
1738 3277 3727 3362 ἡγουμέ-(ῖδαιαιαηῑυοεΙιαίὶθνοιίιιοιιιηοιηηὶὺιιευοὺίεΑηιεη,

332 3395 453 3438 νους
479 3375 650 3451 ὑμῶν,
696 3376 783 3431 καὶ
813 3375 1013 3439 πάντας
1042 3374 1163 3439 τοὺς
1194 3375 1396 3454 ἁγίους,
1432 3372 1782 3445 Ἀσπάζονται
1812 3375 1944 3449 ὑμᾶς
2004 3376 2051 3431 οἱ
2122 3373 2226 3429 ἀπὸ
2286 3378 2382 3439 τῇς
2453 3370 2706 3445 Ἰταλίας,
2755 3359 2817 3425 Ἠ
2876 3370 3032 3449 χάρις
3078 3370 3211 3445 μετὰ
3281 3371 3494 3427 πάντων
3577 3374 3724 3449 ὑμῶν

335 3461 533 3541 Ἀμήν.

414 3573 473 3629 Εἰ
514 3570 570 3628 δὲ
613 3575 642 3629 ὁ
685 3574 838 3646 Θεὸς,
902 3574 1030 3636 Θεὸς
1090 3573 1302 3651 εἰρήνης
1363 3571 1523 3649 ἐστὶν,
1588 3575 1647 3630 o6
1701 3569 1784 3627 δεῖ
1839 3573 1984 3646 ἡμᾶς

335 3661 441 3717 ἀπὸ
505 3667 675 3738 μονῆς
723 3663 890 3730 ἀκοῆς
962 3659 1204 3739 ψευδοῦς,
1270 3660 1654 3733 διαστασιάζειν
1704 3662 1834 3741 πρὸς
1889 3661 1984 3737 ἐμὲ

336 3751 422 3807 καὶ
466 3751 735 3830 πολεμίως
780 3752 946 3833 ἔχειν.
1030 3776 1054 3808 ιι
1118 3754 1219 3810 Τὸν
1275 3750 1503 3827 ποιμένα
1545 3757 1652 3807 τῶν
1707 3748 1982 3830 προϐάτων

330 3844 421 3899 τὸν
492 3842 682 3922 μέγαν.
752 3867 773 3898 ι
859 3849 1074 3922 Ποῖονς
1136 3843 1236 3900 Τὸν
1294 3841 1480 3921 Κύριον
1550 3842 1727 3916 ἡμῶν,
1802 3841 1980 3920 φησὶν,

331 3927 555 3998 Ἰησοῦν.
616 3953 641 3988 α
688 3931 780 3989 Ἐν
838 3931 1031 4007 α’ίματι
1063 3929 1344 4001 διαθήκης.
1401 3950 1426 3990 ν
1476 3929 1741 4008 ’Ἔγειρεν
1800 3928 1977 4002 αὒτὸν,

328 4022 508 4101 φησὶν,
554 4020 616 4077 ἐκ
644 4026 864 4101 νεκρῶν,
894 4017 1107 4101 ἵναβίἠ
1165 4020 1225 4075 16
1280 4023 1420 4095 αἷμα
1466 4023 1622 4077 αὒτοῦ
1682 4018 1753 4082 εἰς
1797 4015 1980 4087 διαθή-

324 4132 429 4176 κην
482 4113 620 4187 ἡμῖν
676 4110 907 4170 αἰώνιον.
1093 4106 1258 4172 οὕτως
1294 4125 1307 4138 ’
1373 4097 1622 4188 ’Ἐγειρεν
1694 4109 1851 4164 αὺτὸν
1923 4106 1982 4163 ἐκ

328 4204 525 4279 νεκρῶν
592 4200 683 4257 σὺν
767 4196 957 4276 αἵματι
1052 4196 1309 4268 διαθήκης
1396 4199 1626 4272 αἰωνίου,
1714 4195 1977 4271 τουτέστι,

331 4289 423 4344 σὺν
450 4294 517 4357 τῆ
546 4289 747 4371 ἐγέρσει
805 4289 984 4369 αὑτοῦ,
1035 4288 1124 4345 καὶ
1165 4288 1227 4343 16
1270 4290 1409 4363 αἷμα
1465 4288 1622 4344 αὐτοῦ
1664 4286 1980 4366 κεχάρισται

329 4379 466 4454 ἡμῖν
521 4381 595 4444 εἰς
649 4378 906 4449 διαθήκην
961 4378 1194 4440 αἰώνιον.
1274 4380 1329 4435 Εἰ
1397 4377 1497 4457 γὰρ
1566 4376 1643 4452 μὴ
1700 4374 1980 4456 ἐγήγερτο,

331 4471 426 4527 οὐκ
467 4466 530 4525 ἂν
557 4469 622 4537 ἧν
652 4469 789 4544 ἡμῖν
834 4469 898 4523 16
944 4470 1081 4543 αἷμα
1125 4465 1283 4525 αὐτοῦ
1339 4466 1411 4530 εἰς
1469 4463 1745 4535 διαθήκην.
1788 4484 1812 4520 tt
1849 4475 1985 4523 Κατο

334 4558 537 4638 αρτίσαι
566 4559 725 4634 ὑμᾶς,
783 4578 807 4613 ο
870 4560 1027 4630 Οἶον,
1082 4553 1388 4635 πληρώσαι,
1443 4552 1745 4616 τελειῶσαι.
1811 4546 1981 4630 εΗμῑὶς

2150 3567 2319 3641 Quod
2370 3567 2419 3627 si
2455 3569 2612 3629 Deus
2659 3575 2750 3626 est
2780 3563 2940 3625 Deus
2995 3563 3181 3645 pacis,
3213 3583 3334 3625 non
3364 3574 3596 3647 oportet
3624 3585 3726 3630 vos

2068 3657 2142 3719 ab
2182 3676 2299 3717 uno
2324 3656 2450 3717 solo
2481 3654 2688 3716 auditu
2722 3654 2994 3714 mendaci
3028 3653 3386 3715 seditionem
3427 3674 3626 3734 agere,
3659 3677 3728 3721 ac

2069 3744 2382 3807 inimicum
2432 3762 2643 3823 gerere
2695 3744 2961 3804 animum
3024 3761 3165 3822 erga
3193 3761 3314 3803 me.
3357 3766 3377 3799 ιι
3420 3744 3725 3808 Pastorem

2072 3854 2349 3914 magnum
2382 3835 2604 3895 ovium.
2645 3854 2672 3893 ι
2711 3831 3042 3904 Quemnam
3066 3831 3096 3891 ‘?
3118 3832 3435 3895 Dominum
3453 3845 3723 3897 nostrum

2064 3923 2551 4005 Jesum,inquit.«
2591 3924 2652 3985 In
2681 3921 3342 4000 sanguinetestamenti.
3385 3948 3403 3978 ι
3439 3922 3727 3988 Excitavit

2065 4031 2199 4077 eum
2219 4033 2252 4075 a
2278 4012 2550 4087 mortuis,
2599 4015 2702 4086 ait,
2738 4020 2802 4072 ut
2832 4010 3076 4089 sanguis
3099 4011 3228 4090 ejus
3261 4020 3418 4073 esset
3446 4012 3618 4074 nobis
3647 4015 3722 4077 ad

2067 4111 2488 4166 testamentum
2520 4110 2833 4164 aeternum.
2887 4104 3003 4164 Aut
3035 4100 3145 4161 hoc
3180 4101 3353 4162 modo
3388 4122 3405 4163 :
3439 4100 3725 4167 Excitavit

2061 4193 2259 4274 ipsum
2292 4212 2325 4254 a
2350 4193 2599 4257 mortuis
2629 4210 2763 4253 cum
2796 4190 3088 4270 sanguine
3120 4191 3459 4253 testamenti
3487 4193 3718 4272 aeterni,

2064 4283 2178 4344 hoc
2211 4292 2323 4359 est,
2359 4301 2465 4364 per
2518 4280 2937 4344 excitationem
2994 4280 3185 4362 ipsius
3214 4280 3455 4361 sanguis
3483 4301 3721 4366 quoque

2066 4372 2195 4453 ejus
2226 4372 2481 4433 donatus
2511 4379 2602 4433 est
2629 4368 2803 4432 nobis
2829 4369 2902 4432 ad
2935 4378 3353 4432 testamentum
3376 4379 3665 4434 aeternum
3702 4391 3717 4437 :

2067 4463 2182 4524 nisi
2213 4462 2375 4523 enim
2396 4461 2702 4529 excitatus
2726 4460 2961 4536 fuisset,
2997 4478 3367 4541 nequaquam
3391 4461 3597 4524 fuisset
3615 4482 3722 4525 no-

2067 4552 2157 4615 bis
2182 4552 2425 4629 sanguis
2476 4551 2667 4632 ipsius
2716 4551 2788 4612 ad
2836 4557 3278 4612 testamentum.
3339 4576 3365 4606 «
3402 4552 3721 4616 Absolutos

329 4648 417 4707 οὖν
503 4645 586 4704 δεῖ
654 4644 980 4727 ἐνάρξασθαι,
1053 4644 1143 4701 τὸν
1217 4642 1272 4700 δὲ
1328 4642 1653 4727 πληροῦν-ταΔ
1701 4644 1973 4702 ἱκετεύειν.

2078 4660 2166 4704 vos
2198 4640 2427 4704 reddat.
2471 4666 2491 4697 ι
2530 4642 2655 4703 Hoc
2680 4639 3069 4720 est,pcrﬁciat
3091 4647 3149 4700 et
3170 4650 3566 4703 consummet.
3598 4640 3720 4705 Nos

330 4757 359 4797 (
396 4739 485 4802 Εἰς
527 4738 588 4793 τὸ
644 4723 872 4802 ποιίῆσαι
916 4737 978 4791 τὸ
1033 4731 1242 4810 θέλημα
1302 4736 1481 4794 αὐτοῦ.
1545 4757 1573 4790 ι
1640 4723 1697 4791 εΟ
1746 4734 1846 4813 γὰρ
1904 4734 1977 4798 εἰς

2078 4732 2239 4811 εἱιυι·
2261 4738 2493 4811 oportet
2517 4730 2822 4809 inchoare,
2840 4737 2899 4792 et
2921 4747 3054 4790 eum
3077 4728 3176 4809 qui
3198 4729 3430 4809 perﬁcit
3445 4729 3714 4794 obsecra-

325 4833 430 4883 πᾶν
487 4824 641 4905 ’ἔργον
695 4825 891 4905 ἀγαθὸν
939 4822 1357 4901 κατηρτισμένος
1414 4824 1502 4879 καὶ
1558 4821 1979 4903 πεπληρωμένος

2078 4839 2189 4885 rem:
2217 4820 2307 4883 Ad
2330 4818 2665 4882 faciendum
2688 4818 3054 4881 voluntatem
3086 4817 3333 4898 ipsius.»
3367 4817 3512 4881 Nam
3537 4820 3587 4881 is
3617 4823 3717 4902 qui

324 4916 500 4997 ἰσχύει
543 4918 765 4985 ποιῆσαι
822 4915 883 4970 τὸ
925 4911 1136 4989 θέλημα
1196 4920 1288 4971 τοῦ
1344 4919 1496 4970 Θεοῦ.
1557 4918 1667 4968 Πᾶν
1717 4909 1773 4967 δὲ
1831 4909 1982 4992 ἔργον

2078 4911 2135 4973 1d
2157 4928 2332 4972 omne
2379 4929 2528 4991 opus
2566 4908 2787 4970 bonum
2820 4906 3130 4997 absolutus
3161 4916 3251 4970 est
3280 4917 3337 4970 et
3358 4911 3713 4989 completus,

327 4993 493 5083 λέγει,
527 5003 680 5084 ἔργον
722 5004 811 5060 καὶ
839 5002 1034 5064 πίστιν,
1097 5023 1125 5057 α
1160 5001 1335 5058 Ποιῶν
1392 5000 1448 5057 ἐν
1490 5002 1627 5077 ἡμῖν
1681 5002 1741 5057 τὸ
1798 5001 1983 5081 εὐάρε-

2078 5008 2257 5081 potest
2270 5000 2468 5061 facere
2486 4999 2584 5060 Dei
2598 4993 3172 5059 voluntatemﬂmne
3186 5006 3379 5059 autem
3395 5017 3543 5079 opus
3554 5010 3720 5063 vocat

331 5119 487 5154 στων.
546 5114 575 5154 )
642 5084 818 5152 υΟτςιιν
876 5090 931 5148 δὲ
986 5092 1130 5167 ἡμᾶς
1187 5090 1474 5170 καταρτίσῃ
1534 5091 1607 5156 εἰς
1664 5096 1769 5147 πᾶν
1836 5089 1986 5170 ἔργον

334 5187 526 5267 ἀγαθὸν
556 5188 631 5250 εἰς
658 5186 720 5242 τὸ
776 5196 952 5241 ποιεῖν
1010 5185 1071 5239 τὸ
1113 5180 1321 5258 θέλημα
1368 5186 1547 5259 αύτοῦ,
1594 5182 1714 5239 τότε
1768 5181 1986 5258 ἐμποιεῖ

332 5276 386 5333 ἐν
442 5279 577 5355 ἡμῖν
621 5279 683 5333 τὸ
749 5274 1023 5354 εὐάρεστον
1076 5273 1239 5347 αὐτῷ.
1285 5273 1347 5330 Τί
1395 5270 1451 5328 δέ
1494 5272 1632 5329 ἐστιν
1691 5272 1833 5346 αὐτῷ
1889 5271 1982 5327 εὐ-

330 5367 593 5447 άρεστονς
641 5366 712 5424 T6
754 5376 931 5421 ποιεῖν
986 5364 1130 5436 ἡμᾶς
1186 5363 1248 5418 τὸ
1302 5360 1511 5439 θέλημα
1566 5363 1744 5423 αὐτοῦ,
1807 5380 1831 5416 ο
1885 5361 1984 5417 Διὰ

326 5455 505 5526 ἰησοῦ
552 5460 801 5534 Χριστοῦ.
857 5475 886 5510 ιο
941 5451 1129 5534 Αὐτὸς,
1176 5451 1330 5532 φησὶ,
1387 5464 1537 5508 ποιεῖ
1590 5452 1650 5507 τὸ
1702 5450 1980 5529 εὐάρεστον

328 5550 494 5628 αὐτῷ,
544 5530 612 5602 δι’ἱ
645 5545 802 5620 ἡμῶν
858 5540 1057 5619 μέσων,
1107 5530 1261 5622 Ὀρᾷδ
1315 5530 1397 5596 ὅτι
1439 5541 1502 5597 τὸ
1556 5545 1660 5597 πᾶν
1703 5545 1795 5596 106
1850 5546 1982 5597 Θεοῦ

2071 5109 2219 5170 npus
2250 5098 2311 5151 et
2338 5087 2867 5151 fidem.cEiIiciens
2891 5095 2952 5148 ut
2974 5086 3127 5167 quod
3161 5087 3389 5167 agimus
3404 5098 3718 5171 acceptum

2070 5179 2203 5241 sit.»
2240 5177 2352 5242 Ubi
2383 5187 2580 5241 autem
2612 5196 2721 5239 nos
2751 5176 3057 5239 absolutos
3085 5176 3418 5240 reddiderit
3437 5177 3509 5240 ad
3540 5198 3720 5243 omne

2067 5287 2217 5351 opus
2245 5268 2466 5330 bonum
2499 5268 2568 5329 ad
2594 5266 2928 5329 faciendam
2960 5285 3129 5328 suam
3162 5266 3547 5344 voluntatem,
3579 5278 3720 5333 tunc

2065 5358 2309 5421 inducet
2328 5359 2390 5420 in
2410 5357 2582 5418 nobis
2596 5357 2753 5438 quod
2772 5356 2887 5418 sibi
2902 5367 3213 5438 acceptum
3228 5355 3495 5430 est.Quid
3518 5367 3718 5423 autem

2061 5447 2178 5529 ipsi
2201 5447 2512 5528 acceptdm
2533 5446 2674 5508 est?
2695 5444 2771 5508 Ut
2787 5445 3075 5508 faciamus
3103 5446 3291 5527 ipsius
3323 5447 3715 5512 voluntatem.

2066 5561 2095 5594 «
2120 5540 2237 5601 Per
2258 5534 2468 5618 Jesum
2502 5536 2824 5597 Christum.
2847 5556 2877 5597 ν
2910 5533 3067 5617 Ipse,
3101 5535 3316 5617 inquit,
3349 5536 3533 5600 efﬁcit
3559 5537 3718 5618 quod

328 5616 493 5709 icti;
546 5616 711 5693 Τοῦτο
790 5616 871 5689 δὲ’
922 5632 1135 5701 ποιήσει
1171 5616 1281 5688 ’καὶ
1338 5628 1628 5687 ἐπιτελέσει
1686 5630 1758 5693 εἰς
1830 5629 1975 5705 ἡμᾶς

2078 5626 2175 5690 tibi
2203 5616 2516 5709 aéceptum
2548 5633 2639 5689 est
2661 5643 2768 5708 per
2797 5643 2906 5689 nos
2934 5616 3204 5690 medios:
3216 5625 3401 5689 Vides
3429 5616 3596 5709 quod
3618 5632 3716 5688 to-

470 5685 486 5718 Ὶ
