4136 6422
436 351 547 416 451

1584 348 1764 412 CECU
1774 349 1968 413 MENI
1975 349 2000 410 Ι
2043 347 2340 411 TRICCzE
2386 343 2723 411 EPISCOPI

3731 334 3850 404 459

443 493 566 547 tum
608 485 684 547 sit
720 483 825 547 Dei
868 483 1064 565 opus?
1122 483 1246 545 Hoc
1275 490 1472 544 autem
1505 481 1680 544 faciet
1731 490 1789 544 et
1817 501 2099 544 consum-

2187 485 2246 540 τὸ
2277 484 2552 564 εὖάρεστον
2584 485 2723 556 αὒτῴ
2752 479 2835 536 διὰ
2898 490 2982 540 τοῦ
3040 481 3285 558 Χριστοῦ,
3350 481 3408 537 Εἰ
3464 478 3562 558 γὰρ
3620 475 3842 554 μεσίτης

443 575 629 637 mabit
645 575 705 636 in
729 574 1030 655 nos,quod
1055 572 1171 635 sibi
1193 581 1505 654 acceptum
1529 579 1617 634 est
1635 591 1742 654 per
1771 571 2092 635 Christum.

441 665 590 728 Nam
615 663 665 726 si
694 663 1047 726 conciliator
1075 662 1232 723 inter
1273 661 1458 724 Deum
1495 669 1554 722 et
1590 679 1698 722 nos
1728 661 1860 724 ﬁeri
1893 661 2096 737 voluit,

442 753 655 816 merito
687 771 794 835 per
821 755 1015 834 ipsum
1041 751 1218 813 Pater
1242 750 1399 831 quod
1431 750 1545 812 sibi
1575 759 1882 830 acceptum
1905 759 2016 826 est,
2039 750 2099 812 in

442 860 552 905 nos
585 842 871 924 perficiet.
902 841 1196 904 «Sutferte
1232 858 1570 902 sermonem
1605 839 2032 903 consolationis
2067 862 2093 900 ι

442 929 571 992 Non
595 929 762 1006 dicit,
796 928 1068 1004 Consilii,
1095 925 1694 1003 aut,Exbortationis,
1731 927 1834 988 δρᾶ
1863 936 2104 1008 propter

441 1018 798 1081 afflictiones
827 1017 887 1080 in
909 1016 1124 1098 quibus
1158 1023 1364 1078 erant:
1393 1015 1849 1091 Consolationis,
1883 1015 2096 1097 inquit.

451 1134 476 1165 α
512 1110 750 1170 Etenim
788 1107 993 1188 paucis
1022 1105 1259 1186 scripsi.
1301 1130 1324 1163 »
1360 1103 1613 1167 Paucis:
1640 1104 2004 1166 conferendo
2027 1105 2099 1167 ad

444 1217 515 1261 ea
535 1217 665 1280 quae
682 1197 953 1260 dicturus
973 1195 1202 1269 fuisset,
1237 1213 1368 1277 quae
1392 1194 1645 1276 plurima
1662 1203 1854 1270 erant,
1888 1195 1939 1256 si
1967 1195 2100 1257 sin-

442 1287 579 1368 gula
599 1287 758 1350 dicta
781 1285 1057 1350 fuissent.
1098 1283 1308 1348 «Scitis
1341 1284 1582 1346 fratrem
1602 1283 1983 1346 Timotheum
2004 1283 2101 1345 di-

441 1377 758 1440 missum.»
819 1376 1004 1455 Magis
1054 1393 1192 1455 erga
1244 1373 1623 1436 Timotheum
1676 1373 1870 1436 amico
1902 1374 2102 1435 animo

446 1467 642 1530 atl‘ecti
659 1474 857 1544 erant,
889 1466 1026 1526 ideo
1050 1465 1125 1526 de
1170 1466 1297 1545 ipso
1319 1463 1547 1526 scribit.
1577 1461 1726 1536 Quid
1760 1473 1850 1524 est
1878 1472 2100 1540 autem,

2181 571 2420 649 γενέσθαι
2449 579 2580 629 Θεοῦ
2607 571 2695 629 καὶ
2722 571 2878 646 ἡμῶν
2918 568 3204 644 ἠθέλησεν,
3252 568 3470 632 εἰκότως
3513 564 3580 624 δι’
3614 567 3772 624 αὐτοῦ
3815 567 3844 622 ὁ

2182 661 2366 741 Πατὴρ
2409 663 2470 718 τὸ
2499 660 2777 740 εὐάρεστον
2807 661 2948 735 αὖεῴ
2990 661 3061 726 εἷς
3107 661 3252 736 ἡμᾶς
3285 656 3610 718 ἆπιτελὲσει.
3650 679 3678 711 α
3711 654 3845 712 ’Λν-

2183 750 2368 830 ἐχεσθε
2408 757 2501 808 τοῦ
2529 749 2690 829 λόγου
2719 751 2819 817 τῆς
2849 747 3262 831 παρακλήσεως.
3306 772 3326 804 ο
3365 750 3438 806 Οὔ
3479 746 3654 826 λέγει,
3702 751 3846 821 Συμ-

2185 836 2404 913 ϐουλῆς,
2436 839 2498 919 ἢ,
2533 839 2919 918 Παραινέσεως,
2967 836 3108 896 ἀλλὰ
3135 835 3220 894 διὰ
3248 837 3343 902 τὰς
3395 834 3598 912 θλίψεις
3651 837 3708 892 ἒν
3751 835 3842 898 αἶς

2184 929 2343 1002 ἦσαν,
2399 926 2792 1008 Παρακλήσεώς
2852 950 3006 1009 φησι,
3075 949 3101 987 ο
3163 928 3264 988 Καὶ
3306 927 3405 1007 γὰρ
3460 923 3544 982 διὰ
3595 921 3844 1004 βραχέων

2185 1016 2482 1080 ἐπέστειλα,
2550 1041 2574 1072 n
2641 1018 2738 1077 Διὰ
2791 1017 3061 1098 βραχέων,
3137 1019 3211 1082 ὡς
3267 1017 3397 1096 πρὸς
3453 1016 3519 1072 τὰ
3581 1011 3843 1090 μέλλοντα

2184 1107 2422 1188 λέγεσθαι
2497 1107 2632 1166 πάνυ
2700 1105 2874 1164 πολλὰ
2929 1107 3076 1183 ὄντα,
3146 1105 3304 1187 εἴπερ
3371 1105 3545 1164 πάντα
3597 1100 3835 1182 εἴρηται.

2192 1221 2218 1252 α
2265 1197 2556 1254 Γινώσκετε
2605 1198 2697 1253 τὸν
2740 1194 2963 1277 ἀδελφὸν
3006 1196 3284 1273 Τιμόθεον,
3352 1218 3378 1249 ι
3438 1191 3652 1252 Μᾶλλον
3707 1192 3840 1270 πρὸς

2186 1289 2274 1344 τὸν
2331 1287 2584 1362 Τιμόθεον
2644 1289 2738 1344 οὒκ
2796 1286 2958 1366 εἶχον
3020 1285 3294 1366 ἐπαχθῶς,
3355 1281 3434 1366 Sto
3482 1282 3670 1362 γράφει
3724 1281 3845 1355 περὶ

2186 1377 2364 1437 ανῦτοῦ.
2395 1353 2459 1433 ἒΓί
2487 1371 2541 1431 δέ
2583 1374 2695 1431 ἐστι
2727 1376 2806 1447 τὸ,
2860 1353 3291 1452 τΛπολελυξὲἑνον
3324 1393 3342 1455 ;
3405 1353 3610 1430 Ἢνῃὲκί
3633 1353 3845 1452 φυλάῇ

2185 1463 2274 1539 ἦν,
2320 1465 2357 1533 ἢ
2399 1462 2452 1530 ἐξ
2505 1463 2743 1532 Ἀθηνῶν
2785 1461 3069 1540 ἀπελύετο,
3113 1464 3230 1521 ἐκεῖ
3289 1465 3392 1542 γὰρ
3433 1461 3523 1536 ἧν,
3563 1481 3586 1517 α
3623 1457 3752 1517 Μεθ’
3781 1457 3843 1518 οὗ

444 1555 812 1618 Dimissum?
846 1555 966 1618 Aut
1010 1554 1072 1615 in
1103 1571 1345 1616 carcere
1374 1552 1586 1634 fuerat,
1621 1561 1721 1614 aut
1752 1571 1822 1614 ex
1855 1553 2100 1614 Athenis

2188 1554 2275 1610 ἐὰν
2304 1554 2494 1634 τάχιον
2540 1551 2791 1634 ἔρχηται,
2837 1551 3039 1630 ὄψομαι
3083 1554 3241 1618 ὑμᾶς,
3305 1573 3333 1612 ι
3398 1551 3661 1617 Ἀπελύθη
3720 1548 3840 1626 μέν.

445 1646 726 1710 dimissus
781 1643 1024 1725 erat,ibi
1081 1661 1342 1724 namque
1381 1641 1594 1704 fuerat.
1634 1665 1657 1698 α
1711 1640 1857 1703 Cum
1887 1661 2025 1724 quo,
2054 1641 2100 1704 si

2190 1645 2248 1700 Εἰ
2291 1641 2344 1699 δὲ
2382 1645 2578 1722 τάχιον
2609 1641 2734 1720 ἔλθῃ
2765 1643 2895 1723 πρὸς
2940 1643 3030 1719 μὶ,
3079 1644 3170 1700 σὺν
3227 1643 3370 1718 αὒτῷ
3421 1639 3622 1716 ὄψομαι
3676 1639 3838 1715 ὑμᾶς,

447 1734 706 1798 celerius
733 1733 1179 1809 venerit,visam
1196 1750 1321 1794 vos.
1338 1730 1664 1793 iDimissns
1693 1731 1933 1812 quidem
1967 1739 2057 1794 est
2085 1749 2098 1793 ε

2188 1732 2478 1812 ἐρχόμενος
2556 1733 2686 1811 πρὸς
2769 1733 2928 1808 ὑμᾶς.
3008 1733 3163 1796 Εἰκὸς
3220 1732 3319 1812 γὰρ
3373 1730 3438 1798 ἧν
3489 1726 3840 1788 ἀπολελῦσθαι

443 1823 599 1905 quod
627 1823 677 1884 si
696 1823 951 1884 celerius
990 1820 1222 1884 venerit
1243 1821 1317 1882 ad
1345 1840 1462 1890 me,
1495 1819 1633 1880 457
1660 1838 1781 1881 una
1810 1838 1942 1880 cum
1973 1818 2100 1900 ipso

2189 1823 2284 1898 μὲν
2316 1823 2494 1902 αὒτὸν,
2526 1822 2692 1892 πήπω
2734 1818 2787 1877 δὲ
2847 1819 3228 1890 ἀπεληλυθένυι
3289 1823 3418 1900 πρὸς
3474 1819 3564 1876 τὸν
3609 1814 3840 1880 Παῦλον.

444 1913 746 1993 profectus
769 1912 982 1974 videbo
996 1929 1119 1976 vos.
1133 1910 1472 1973 Verisimile
1491 1929 1746 1990 namque
1766 1917 1890 1970 erat
1911 1909 2100 1989 ipsum

2195 1943 2221 1972 ι(
2297 1908 2359 1973 Ἠ
2411 1916 2568 1995 χάρις
2627 1915 2760 1991 μετὰ
2814 1915 3026 1971 πάντων
3097 1917 3269 1991 ὑμῶν.
3356 1938 3382 1968 ι
3445 1911 3744 1986 Τωτὲστιν,
3802 1913 3840 1978 ἡ

441 2003 682 2082 quidem
719 2001 901 2064 fuisse
930 2001 1266 2073 dimissum,
1329 2009 1387 2060 at
1434 1999 1697 2061 nondum
1729 1998 1798 2059 ad
1859 1998 2100 2059 l‘aulum

2189 2006 2371 2088 ἄρεσις
2449 2006 2554 2061 τῶν
2642 2006 2910 2084 ἁμαρτιῶν
2979 2007 3067 2062 καὶ
3137 2008 3170 2074 ἡ
3241 2005 3490 2084 κάθαρσις
3562 2001 3652 2070 εἴη
3725 1997 3840 2077 μεθ’

448 2091 816 2172 pervenisse.
847 2089 1082 2155 «Gratia
1111 2108 1246 2151 cum
1289 2087 1545 2150 onnibus
1583 2087 1767 2150 vobis.
1789 2114 1805 2141 ι
1843 2089 1967 2148 Hoc
1990 2097 2099 2168 est,

447 2180 725 2242 remissio
761 2187 1140 2260 peccatorum
1192 2187 1247 2239 et
1300 2177 1632 2258 purificatio
1665 2177 1741 2237 sit
1773 2176 2100 2238 vobiscum.

446 2268 757 2342 Quomodo
789 2277 985 2330 autem
1021 2286 1153 2329 esse
1177 2267 1393 2347 poterit
1421 2285 1554 2327 cum
1586 2265 1863 2327 omnibus
1883 2265 2054 2327 nobis
2077 2266 2106 2326 ‘?

446 2357 649 2421 Sinon
681 2357 970 2418 fuerimus
1027 2355 1086 2416 in
1121 2355 1228 2417 Dei
1262 2354 1620 2418 beneficium
1655 2355 2098 2429 contumeliosi,

447 2454 765 2528 peccantes
794 2465 862 2508 ac
895 2443 1090 2507 effecti
1122 2443 1451 2523 segniores.

448 2550 860 2631 Finis,divino
872 2546 1781 2628 favmleauwilio,Epistolwad
1797 2546 2098 2611 Hebraeos.

659 2650 894 2730 Scripta
929 2660 1018 2712 est
1048 2649 1121 2712 ab
1153 2649 1320 2711 Italia
1359 2667 1466 2728 per
1493 2647 1896 2712 Timotheum.

2186 2097 2356 2170 ὑμῶν.
2402 2099 2523 2155 Πῶς
2581 2089 2626 2147 δ’
2683 2090 2744 2147 ἂν
2793 2091 2885 2160 εἴη
2930 2095 3064 2168 μετὰ
3119 2095 3331 2152 πάντων
3384 2093 3581 2171 ﬁlatim;
3645 2091 3702 2148 Εἰ
3761 2089 3839 2164 μὴ

2184 2183 2476 2262 ὑϐρίσωμεν
2510 2184 2582 2245 είς
2614 2181 2713 2250 τήν
2770 2183 3064 2262 εὐεργεσίαν
3119 2190 3210 2240 τοῦ
3267 2190 3416 2255 Θεοῦ,
3456 2181 3843 2260 ἁμαρτάνοντες

2185 2275 2271 2330 καὶ
2306 2274 2674 2352 ῥᾳθυμοῦντες-

2194 2577 2216 2605 ιι
2268 2550 2430 2616 Τέλος
2477 2552 2568 2608 σὺν
2613 2557 2752 2630 Θεῷ,
2793 2556 2893 2618 τῆς
2943 2552 3072 2630 πρὸς
3107 2541 3374 2628 Ἐϐραίους
3409 2546 3753 2616 Ἐπιστολῆς.
3808 2569 3832 2602 ι

2490 2649 2731 2731 Ἐγράφη
2763 2640 2868 2706 atra,
2899 2648 3124 2713 Ἰταλίας
3155 2647 3238 2705 διὰ
3267 2647 3542 2725 Τιμοθέου,

1712 2978 2600 3109 ΥΠΟΘΕΣΙΣ

1014 3251 1228 3335 ΤΗΣ
1305 3237 1956 3336 ΚΑΘΟΛΙΚΗΣ
2050 3251 2552 3342 ΙΑΚΩΒΟΥ
2635 3249 3278 3342 ΕΠΙΣΤΟΛΗΣ

1661 3624 1734 3725 A
1763 3622 2635 3734 HGUMENTUM

1237 3871 1897 3959 CATHOLIC/E
1973 3875 2083 3958 JA
2108 3875 2364 3961 COBI
2451 3877 3052 3965 EPISTOIJE.

537 4231 1062 4296 438llancscribit
1080 4231 1339 4295 Jacobus
1364 4232 1454 4293 his
1478 4233 1632 4313 quia
1669 4235 1983 4296 duodecim
2010 4233 2100 4294 tri-

2270 4234 2477 4303 Ταύτην
2527 4237 2680 4302 αὐτὸς
2739 4239 2768 4293 ὁ
2838 4232 3086 4300 ἰὰκωόος
3159 4229 3453 4290 ἐπιστέλλει
3528 4242 3647 4293 τοῖς
3731 4227 3837 4284 ἀπὸ

455 4324 652 4387 bubus
683 4321 938 4403 dispersi
959 4321 1289 4392 fuerunt,et
1311 4321 1697 4386 crediderunt
1713 4323 1772 4384 in
1790 4322 2102 4384 Dominum

459 4411 768 4476 nostrumJ
777 4429 940 4472 esum
957 4408 1698 4473 Christum.Scribitautem
1713 4421 1910 4493 aptam
1923 4415 1995 4475 ad
2009 4414 2105 4476 do-

458 4502 714 4566 cendum
729 4499 1292 4580 Epistolam,docens
1304 4499 1376 4561 de
1394 4502 1781 4563 tentationum
1801 4502 2099 4577 varietate,

458 4608 776 4676 quaenama
791 4591 909 4652 Deo
923 4591 1089 4663 sil,et
1110 4607 1239 4669 qua:
1258 4606 1294 4650 a
1310 4591 1550 4670 proprio
1564 4590 1744 4652 corde
1767 4592 2100 4656 hominum:

452 4679 862 4763 quodquenon
884 4677 1062 4738 verbo
1086 4679 1445 4752 tantum,sed
1463 4686 1520 4739 et
1541 4698 1720 4759 opere
1742 4680 1918 4741 fidem
1934 4699 2106 4762 opor-

451 4767 1444 4848 teatostendere,nequeauditores
1475 4768 1756 4846 legis,sed
1789 4771 2103 4833 effectores

445 4855 878 4942 justificari.De
908 4855 1192 4918 divitibus
1212 4875 1446 4938 quoque
1478 4857 1744 4939 praecipit
1761 4877 1835 4920 ne
1865 4859 1925 4920 in
1948 4870 2100 4922 cwtu

453 4949 725 5012 ecclesia:
745 4947 1678 5028 przeponanlurpauperibus,sed
1705 4949 2097 5028 potiusincre-

454 5046 692 5119 pentur,
758 5045 1036 5116 tanquam
1081 5036 1324 5098 fastuosi
1354 5054 1421 5098 ac
1454 5037 1722 5117 superbi.
1761 5037 1832 5098 Et
1863 5038 2100 5100 tandem

452 5127 788 5188 consolatus
820 5125 954 5187 illos
983 5125 1084 5206 qui
1122 5126 1344 5206 injuria
1373 5125 1964 5208 afficiuntur,eosque
1995 5147 2100 5188 ex-

455 5215 726 5278 hortatus
739 5215 1180 5292 utlonganimes
1195 5214 1314 5276 sint
1331 5233 1518 5296 usque
1545 5215 1615 5277 ad
1639 5213 1869 5278 Judicis
1886 5218 2102 5280 adven-

453 5310 603 5377 tum,
656 5302 758 5364 ubi
791 5303 967 5365 etiam
998 5303 1072 5363 de
1126 5303 1426 5384 patientiae
1456 5305 1794 5380 commodo,
1829 5307 2099 5388 exemplo

451 5389 565 5456 Job
597 5391 821 5468 docuit,
883 5391 1153 5470 praecipit
1184 5393 1462 5455 advocari
1513 5393 1893 5474 presbyteros
1923 5416 2104 5478 super

451 5481 748 5555 infirmos,
782 5488 966 5560 utque
995 5481 1272 5543 studeant
1300 5483 1372 5544 ad
1407 5482 1717 5546 veritatem
1749 5493 2102 5551 convertere

2188 4326 2292 4381 τῶν
2353 4325 2553 4383 δώδεκα
2595 4325 2772 4407 φυλῶν
2842 4323 3186 4404 διασπείρεται
3238 4323 3324 4379 καὶ
3366 4319 3706 4377 πιστεύσασιν
3763 4319 3836 4382 εἷς

2187 4417 2278 4471 τὸν
2350 4416 2537 4495 Κύριον
2589 4403 2742 4491 ripa»
2800 4413 3004 4482 Ἰησοῦν
3045 4403 3302 4484 Χριστόν.
3378 4410 3569 4490 Γράφει
3641 4403 3696 4463 δὲ
3753 4404 3837 4463 δι-

2188 4502 2519 4573 δασκαλικὴν
2561 4507 2660 4573 τὴν
2706 4503 3051 4576 Ἐπιστολὴν,
3107 4499 3361 4558 διδάσκων
3414 4501 3530 4577 περὶ
3583 4497 3835 4577 διαφορᾶς

2187 4600 2516 4673 πειρασμῶν,
2580 4608 2736 4660 ποῖος
2780 4594 2876 4670 μὲν
2919 4592 3060 4648 ἔστιν
3120 4593 3147 4646 ὁ
3210 4590 3316 4646 ἀπὸ
3371 4589 3522 4662 Θεοῦ,
3577 4586 3739 4650 ποῖος
3783 4583 3838 4640 δὲ

2187 4687 2214 4740 ὁ
2287 4684 2388 4741 ἆπὸ
2445 4690 2540 4748 τῆς
2595 4682 2724 4748 ἰδίας
2797 4681 3005 4763 καρδίας
3064 4685 3169 4736 τῶν
3226 4677 3536 4755 ἀνθρώπων.
3600 4676 3698 4734 Καὶ
3755 4673 3837 4730 ὅτι

2185 4778 2244 4830 οὗ
2287 4773 2432 4854 λόγῳ
2476 4774 2660 4851 μόνον,
2727 4772 2862 4830 ἀλλὰ
2916 4772 3005 4829 καὶ
3072 4771 3212 4850 ἔργῳ
3267 4767 3350 4824 δεῖ
3408 4766 3675 4854 δεικνύναι
3704 4765 3836 4854 ,τὴν

2183 4852 2382 4944 πίστιν,
2441 4866 2527 4921 διαὶ
2584 4866 2685 4944 οὐχ
2757 4867 2804 4920 οἱ
2861 4862 3110 4942 ἀκροαταὶ
3179 4865 3272 4915 τοῦ
3342 4857 3525 4932 νόμου,
3598 4852 3718 4911 ἀλλ’
3789 4857 3836 4911 οἱ

2184 4958 2400 5024 ποιηταὶ
2459 4955 2802 5016 δικαιοῦνται.
2864 4955 2988 5035 Περί
3044 4974 3100 5009 τε
3153 4956 3259 5008 τῶν
3301 4949 3564 5008 πλουσίων
3618 4970 3830 5027 παραγ-

2183 5044 2384 5124 γέλλει,
2428 5045 2520 5102 ἵνα
2579 5046 2656 5121 μὴ
2711 5045 3091 5125 προκρίνωνται
3132 5047 3238 5098 τῶν
3293 5043 3531 5118 πτωχῶν
3601 5036 3656 5094 ἐν
3711 5051 3833 5100 ταῖς

2185 5133 2514 5210 ἐκκλησίαις,
2583 5133 2718 5190 ἀλλὰ
2797 5133 2998 5212 μᾶλλον
3081 5131 3170 5188 καὶ
3252 5129 3678 5197 ἐπιπλήττωνται
3762 5128 3835 5191 ὡς

2183 5226 2528 5305 ὑπερήφανοι.
2645 5225 2742 5282 Καὶ
2842 5222 2992 5287 τέλος
3092 5217 3603 5300 παραμυθησάμενος
3712 5217 3835 5279 τοὺς

2184 5312 2578 5389 ἀδικουμένους,
2651 5316 2739 5370 καὶ
2806 5311 3238 5393 προτρεψάμενος
3319 5307 3504 5371 αὐτοὺς
3565 5308 3832 5385 μακροθυ-

2186 5416 2309 5480 μεῖν
2366 5402 2466 5469 ἕως
2521 5409 2619 5471 τῆς
2692 5392 2977 5482 παρουσίας
3049 5408 3139 5458 τοῦ
3215 5403 3425 5478 Κριτοῦ,
3483 5397 3571 5452 καὶ
3627 5392 3833 5461 διδάξας

2186 5495 2302 5572 περὶ
2329 5493 2599 5568 ὑπομονῆς
2631 5493 2690 5551 ἐκ
2737 5499 2830 5550 τοῦ
2877 5490 3000 5550 Ἰὼϐ
3045 5493 3106 5548 τὸ
3162 5488 3402 5570 χρηστὸν
3459 5485 3643 5565 αὐτῆς,
3701 5507 3833 5566 παρ-

451 5569 675 5648 eosqui
700 5569 933 5632 seducti
968 5577 1106 5631 sunt
1132 5579 1231 5632 aut
1259 5570 1362 5652 qui
1393 5580 1630 5636 errant:
1656 5573 1738 5636 ait
1767 5576 1926 5638 enim
1959 5594 2093 5642 esse

2185 5569 2419 5662 ιγγέλλει
2479 5581 2890 5662 προσκαλεῖσθαι
2953 5582 3071 5646 τοὺς
3131 5569 3509 5658 πρεσϐυτέρους
3568 5574 3652 5632 ἐπὶ
3707 5577 3837 5650 τοὺς
