4136 6440
1550 376 1966 443 (ECUMENII
2010 370 2308 440 TRICCE
2349 376 2687 443 EPISCOPI

3709 359 3831 438 456

1162 659 1957 791 ΙΑΚΩΒΟΥ
2054 656 3150 790 ΑΠΟΣΤΟΛΟΥ

1443 934 1517 1017 Η
1553 932 1775 1019 ΚΑΘ
1790 932 2140 1019 ΟΛΙΚΗ
2210 930 2820 1025 ΕΠΙΣΤΟΛΗ.

1479 1295 1961 1406 JACOBl
2085 1296 2767 1407 APOSTOLI

1499 1550 2038 1637 EPISTOLA
2090 1548 2759 1646 CATHOLICA.

993 1891 1124 1951 441
1174 1889 1419 1955 CAPUT
1465 1890 1511 1955 Ι.

434 1993 1025 2075 Depulientiaetﬁde
1044 1995 1208 2057 nihil
1236 1993 2081 2074 haesitanteauldiiudicante,

550 2078 791 2137 canimi
806 2076 1098 2137 modestia
1112 2075 1191 2137 ad
1205 2075 1522 2137 diviteszin
1535 2092 1653 2153 quo
1668 2082 1845 2136 etiam
1858 2081 2087 2137 tractat

509 2155 580 2217 de
601 2155 1088 2233 concupiscentia
1131 2173 1267 2235 quoe
1302 2156 1366 2215 in
1399 2153 1575 2217 nobis
1591 2163 1749 2216 estet
1771 2154 2085 2235 aﬂectibus

510 2253 645 2297 eam
667 2234 1339 2315 csnsequintibus,quod
1356 2254 1475 2296 non
1491 2236 1570 2296 sit
1587 2252 1769 2296 causa
1781 2253 1857 2315 ea;
1874 2234 2085 2297 Demsi

508 2316 654 2394 quid
680 2314 1015 2378 enim’boni
1042 2314 1215 2377 nobis
1245 2323 1354 2389 est,
1388 2317 1447 2376 id
1478 2315 1553 2377 ab
1574 2334 1640 2378 eo
1668 2333 1798 2378 esse
1827 2314 1997 2377 dicit.

510 2416 556 2493 Ι,
586 2418 718 2498 l,9.
742 2420 1003 2480 Jarobus
1029 2419 1141 2480 Dei
1161 2435 1232 2480 ac
1255 2415 1870 2479 Dominiuostrilesu
1895 2415 2080 2480 Chri-

422 2508 506 2570 sti
524 2524 752 2581 servus,
787 2506 1094 2568 duodecim
1133 2507 1393 2569 tributus
1425 2523 1564 2586 qua:
1595 2513 1734 2567 sunt
1755 2507 1819 2568 in
1842 2506 2079 2587 disper-

420 2597 611 2675 sione,
632 2594 908 2657 salutem.
949 2595 1070 2657 Pro
1091 2613 1323 2658 summo
1343 2596 1564 2675 gaudio
1596 2596 1819 2667 duciie,
1846 2595 2079 2673 fratres

422 2685 564 2755 mei,
600 2686 837 2765 quoties
868 2685 933 2746 in
960 2687 1316 2747 tentatione‘s
1344 2688 1547 2746 varias
1568 2684 1933 2747 incideritis.

506 2774 620 2834 Dei
646 2772 885 2853 quidem
917 2772 1127 2845 Patris,
1165 2772 1417 2835 Domini
1439 2792 1579 2834 vero
1604 2771 1762 2834 Filii.
1794 2774 1993 2854 Itaque
2023 2775 2072 2837 si

423 2878 496 2922 ex
519 2880 687 2943 aequo
714 2862 905 2924 Patris
929 2870 987 2924 et
1007 2862 1141 2924 Filii
1163 2881 1370 2925 servus
1393 2872 1501 2937 est,
1537 2863 1785 2944 mqualis
1808 2872 1896 2924 est
1919 2865 2074 2926 l’atri

418 2949 480 3011 in
510 2951 737 3012 honore
768 2950 975 3025 Filius,
1006 2959 1065 3013 et
1120 2952 1177 3013 in
1224 2952 1484 3014 essentia
1517 2964 1575 3015 et
1606 2955 1666 3013 in
1700 2952 2069 3033 operatione.

2793 1893 3046 1948 ΚΕΦΑΛ.
3097 1884 3193 1948 Α¹.

2176 2018 2203 2049 α
2237 1994 2361 2073 Περὶ
2388 1995 2659 2068 ὑπομονῆς
2683 1991 2771 2047 καὶ
2794 1992 3020 2073 πίστεως
3050 1987 3368 2073 ἀδιακρίτου,
3388 1985 3505 2073 ⁸Καὶ
3560 1983 3691 2073 περὶ
3716 2004 3821 2073 τα..

2247 2061 2684 2154 πείνοφροσῦνης,
2718 2072 2848 2154 προς
2891 2061 3327 2154 πλουσίουςἶ
3374 2065 3584 2154 ᾧᾼπερὶ
3623 2068 3728 2154 ’τῆς
3764 2061 3819 2154 ἐν

2248 2157 2384 2231 ἡμῖν
2414 2142 2700 2233 πυρώσεως
2720 2142 2831 2233 ,καὶ
2887 2160 2995 2210 τῶν
3049 2150 3100 2217 ἐξ
3144 2150 3306 2233 αὐτῆς
3357 2142 3562 2233 παθῶν,
3621 2142 3701 2201 ὅτι

2246 2220 2387 2315 παρὰ
2416 2220 2546 2291 Θεοῦ
2575 2235 2636 2290 τὸ
2679 2230 2874 2296 αἴτιον,
2910 2234 2978 2292 Εἴ
3021 2254 3071 2289 τι
3126 2231 3226 2311 γὰρ
3282 2229 3474 2307 ἀγαθὸν
3500 2228 3663 2303 ἡμῖν,
3692 2220 3817 2303 παρ’

2244 2320 2400 2375 αὐτοῦ
2410 2364 2423 2378 .
2464 2336 2487 2373 ι

2250 2446 2277 2478 α
2316 2420 2567 2487 Ἰάκωϐος
2619 2430 2751 2481 Θεοῦ
2795 2421 2881 2477 καὶ
2932 2419 3119 2498 Κυρίο)
3146 2416 3324 2485 Ἰησοῦ
3354 2422 3581 2494 Χριστοῦ
3606 2409 3813 2486 δοῦλος,

2159 2525 2283 2576 ταῖς
2327 2508 2528 2568 δώδεκα
2570 2510 2762 2591 φυλαῖς
2805 2510 2931 2574 ταῖς
2962 2507 3014 2565 ἐν
3044 2513 3113 2584 τῇ
3140 2505 3417 2584 διασπορᾷ,
3453 2503 3682 2583 χαίρειν,
3707 2506 3815 2556 Πᾶ-

2161 2623 2255 2658 σαν
2287 2602 2460 2681 χαρὰν
2488 2601 2784 2681 ἡγήσασθε,
2815 2595 3027 2678 ἀδελφοί
3056 2618 3181 2678 μου,
3211 2594 3336 2652 ὅταν
3368 2604 3686 2672 πειρασμοῖς
3716 2611 3816 2646 πε-

2159 2690 2411 2769 ριπέσητε
2441 2688 2700 2754 ποικίλοις
2711 2736 2724 2751 .

2239 2787 2369 2839 Θεοῦ
2419 2780 2518 2855 μὲν
2556 2786 2649 2835 τοῦ
2694 2779 2920 2858 Πατρὸς,
2979 2777 3164 2856 Κυρίου
3214 2773 3270 2831 δὲ
3312 2781 3405 2831 τοῦ
3455 2775 3594 2833 Υἱοῦ.
3641 2768 3811 2825 ’Ὥστε

2156 2871 2199 2926 εἰ
2251 2869 2303 2936 ἐξ
2371 2868 2493 2926 ἴσου
2565 2870 2768 2948 Πατρὸς
2821 2869 2910 2924 καὶ
2954 2870 3076 2923 Υἱοῦ
3133 2863 3337 2940 δοῦλος,
3383 2860 3667 2948 ὁμότιμόςᾲ
3700 2858 3811 2948 ἐστι

2154 2967 2231 3035 τῷ
2276 2960 2436 3039 [ἰατρὶ
2479 2960 2565 3013 καὶ
2608 2959 2636 3013 ὃ
2680 2946 2823 3037 Ῡὶὸς,
2885 2958 2973 3013 καὶ
3014 2954 3134 3012 κατ’
3179 2955 3356 3011 οὐσίαν
3413 2953 3500 3008 καὶ
3554 2946 3670 3006 κατ’
3719 2947 3812 3003 ἐν-

418 3036 609 3121 Supra
624 3058 862 3102 omnem
876 3050 1069 3102 autem
1088 3041 1445 3103 mundanam
1460 3041 1803 3120 dignitatem
1818 3041 2063 3119 glorian-

2170 3036 2400 3129 ἔργειανξ
2462 3038 2620 3128 ιΥπὲρ
2688 3036 2815 3104 πᾶνί
2862 3044 2917 3102 δὲ
3001 3047 3260 3122 κοσμικὸν
3340 3040 3543 3116 ἀξίωμα
3615 3041 3663 3094 οἱ
3717 3042 3813 3095 τοῦ

418 3136 506 3217 tes
536 3129 788 3209 apostoli
820 3128 1057 3190 Domini
1081 3129 1235 3209 quod
1254 3130 1375 3192 sint
1395 3131 1548 3191 servi
1567 3131 1808 3205 Chl‘lSli,
1849 3132 1958 3191 hoc
1980 3131 2063 3192 sui

2170 3126 2344 3217 Κυρίου
2398 3126 2685 3194 ἀπόστολοι
2756 3141 2833 3209 τῷ
2902 3133 3076 3195 δοῦλοι
3134 3134 3361 3213 Χριστοῦ
3442 3143 3581 3186 εἶναι
3631 3126 3808 3217 ,καλ-

414 3216 948 3317 indicium-haberi
985 3223 1207 3294 volunt,
1238 3225 1297 3279 et
1345 3218 1644 3317 loquendo
1661 3227 1722 3317 et
1751 3218 2063 3317 scribendo

2170 3216 2533 3302 Κωπιζόμενοι,
2634 3228 2788 3284 τοῦτο
2885 3224 3160 3304 γνώρισμα
3245 3223 3444 3278 ἑαυτῶν
3529 3216 3809 3295 βούλονται

416 3314 476 3366 et
503 3307 797 3369 docendo.
837 3332 864 3363 α
887 3306 998 3368 Pro
1028 3326 1261 3368 summo
1290 3308 1566 3386 gaudio.»
1599 3307 1923 3371 Tristitiam
1938 3327 2063 3389 quae

2170 3319 2441 3393 ποιεῖσθαι,
2487 3318 2574 3373 καὶ
2611 3314 2878 3395 λέγοντες,
2925 3315 3012 3369 καὶ
3068 3308 3487 3384 ἐπιστέλλοντες,
3543 3307 3632 3363 καὶ
3658 3305 3809 3364 διδά-

413 3397 741 3457 secundum
795 3396 982 3458 Deum
1017 3405 1107 3457 est
1158 3405 1215 3458 et
1261 3398 1368 3458 has
1414 3398 1767 3459 tentationes
1796 3398 1972 3460 laude
2001 3418 2063 3459 ac

2170 3427 2387 3470 movrec.
2450 3427 2473 3460 ι
2538 3412 2718 3462 Πᾶσαν
2769 3404 2967 3484 χαράν.
3034 3425 3062 3458 ι
3128 3402 3236 3468 Τὴν
3289 3399 3426 3456 κατὰ
3457 3399 3588 3454 Θεὸν
3630 3395 3806 3484 λύπην

415 3484 628 3563 gaudio
647 3486 855 3562 dignas
895 3504 1028 3548 esse
1064 3487 1244 3548 novit.
1278 3488 1417 3547 442
1442 3489 1581 3550 Haec
1606 3496 1741 3548 sunt
1771 3489 1930 3549 enim
1960 3507 2063 3550 ro-

2170 3496 2236 3551 ιαὶ
2299 3495 2419 3559 τοὺς
2489 3483 2813 3573 πειρασμοῦς
2896 3492 3113 3555 τούτους
3170 3490 3261 3545 καὶ
3311 3486 3615 3551 ἐπαινετοὺς
3686 3483 3803 3542 οἶδε

414 3575 652 3635 bustum
674 3574 1066 3656 vinculum,et
1082 3590 1465 3654 augmentum
1490 3576 1792 3639 charitatis
1812 3587 1870 3639 et
1892 3596 2061 3639 com-

2170 3583 2233 3639 :a‘t
2276 3589 2448 3663 χαρᾶς
2492 3582 2661 3648 ἀξίους
2697 3601 2710 3616 ⁶
2773 3579 2962 3658 δεσμὸς
3016 3580 3116 3659 γὰρ
3172 3578 3310 3635 οῦτοί
3366 3578 3494 3633 εἰσιν
3535 3573 3791 3663 ἀῤῥαγὴς,

422 3664 785 3742 punctionis.
820 3663 991 3728 Unde
1018 3665 1165 3726 illud
1199 3685 1434 3747 quoque
1469 3665 1690 3729 dictum
1711 3677 1835 3728 est:
1874 3692 1893 3725 ,ι
1925 3666 2059 3743 Fili,

2170 3674 2234 3729 ιαὶ
2282 3662 2503 3740 αὔξησις
2586 3672 2799 3751 ἀγάπης
2870 3671 2959 3727 καὶ
3033 3667 3383 3733 κατανύξεως.
3458 3663 3611 3723 ⁹¹Οθεν
3691 3662 3790 3717 κά-

411 3752 459 3812 si
492 3753 745 3814 accedas
776 3754 847 3815 ad
883 3754 1263 3818 serviendum
1319 3755 1464 3829 Deo,
1507 3775 1770 3836 praepara
1804 3756 2061 3818 animam

2170 3778 2296 3822 ιετνο
2340 3763 2556 3844 εἴρηται
2593 3780 2606 3794 ⁸
2659 3787 2688 3819 α
2721 3763 2938 3836 Τέκνον,
2996 3762 3039 3817 εί
3097 3759 3372 3839 προσέρχῃ
3416 3755 3672 3813 δουλεύειν
3714 3759 3791 3827 τῷ

411 3849 569 3931 tuam
591 3842 664 3903 ad
686 3843 1072 3905 tentationem
1105 3847 1193 3906 1.»
1228 3843 1299 3905 Ει
1329 3845 1633 3909 Christus:
1671 3867 1693 3900 α
1718 3843 1784 3905 In
1815 3845 2062 3922 mundo,

2170 3853 2342 3929 [υρίῳ,
2399 3842 2680 3928 Ἵέτοίμασον
2729 3855 2827 3918 τὴν
2884 3851 3068 3931 ψυχήν
3123 3870 3217 3905 σου
3273 3850 3346 3912 εἱς
3390 3844 3702 3931 πειρασμόν.
3762 3866 3786 3900 ιι

409 3928 639 4021 inquit,
689 3931 1069 3995 aﬂlictionem
1135 3933 1451 4010 habebitis,
1494 3933 1599 3996 sed
1661 3932 1815 3995 bono
1864 3936 2063 3996 animo

2170 3928 2251 3998 (ai
2320 3943 2348 3997 ὁ
2416 3943 2660 4021 Χριστὸς,
2732 3964 2757 3996 ι
2833 3937 2923 3997 Ἐν
2960 3928 3060 4013 Ἵτῷ
3128 3937 3337 4015 κόσμῳ,
3413 3935 3561 4015 φησὶ,
3621 3929 3795 4008 θλίψιν

411 4026 599 4109 estote
619 4019 646 4062 ε
675 4043 691 4096 ;
726 4044 753 4077 ιο
784 4030 873 4083 et:
906 4046 933 4079 α
955 4022 1217 4103 Augusta
1245 4042 1313 4085 ac
1342 4023 1477 4085 trita
1507 4033 1594 4083 est
1622 4022 1713 4083 via
1743 4042 1874 4104 quae
1904 4024 2063 4086 ducit

2172 4028 2305 4104 ξετε,
2341 4019 2477 4087 ἀλλᾶ
2532 4032 2799 4109 Θαρσεῖτε.
2864 4051 2892 4083 ι
2954 4028 3073 4107 Καὶ,
3143 4045 3169 4085 ι
3232 4024 3403 4091 Στενὴ
3445 4044 3533 4079 και
3574 4024 3794 4097 τεθλιμ-

408 4106 484 4168 ad
509 4108 683 4169 vitam
712 4110 803 4171 ὅ.»
832 4109 1038 4192 Neque
1071 4112 1229 4173 enim
1252 4111 1653 4193 absquelucta
1681 4120 1741 4172 et
1769 4113 2055 4175 exercita-

2170 4118 2277 4185 ιὲνη
2320 4120 2354 4186 ἡ
2399 4117 2517 4182 ὁδὸς
2672 4117 2950 4195 ἀπάγουσα
3006 4106 3076 4179 εἰς
3133 4115 3235 4182 τὴν
3291 4114 3456 4185 ζωήν.
3511 4135 3533 4165 ι
3597 4113 3671 4170 Οὐ
3694 4111 3795 4190 γὰρ

409 4196 571 4258 tione
595 4199 886 4278 contingit
914 4211 1012 4261 aut
1045 4201 1376 4262 mundanas
1407 4212 1506 4263 aut
1535 4201 1767 4263 divinas
1797 4204 2062 4274 nancisci

2170 4228 2282 4263 στιν
2349 4206 2505 4270 ἐκτὸς
2561 4208 2883 4287 γυμνασίων,
2957 4202 3074 4261 οὔτε
3130 4206 3426 4280 κωμικῶν,
3496 4199 3613 4255 οὔτε
3684 4199 3791 4257 τῶν

409 4304 685 4350 coronas.
699 4290 958 4353 Modeste
974 4299 1170 4351 autem
1196 4294 1273 4352 de
1290 4311 1355 4351 se
1377 4291 1882 4372 sentiens,fratres
1896 4291 2059 4373 ipsos

2170 4297 2275 4352 ατὰ
2346 4298 2475 4354 Θεὸν
2541 4286 2810 4375 στεφάνων
2892 4292 3197 4361 ἀξιωθῆναι,
3280 4290 3678 4370 Μετριοφρονῶν
3735 4286 3790 4344 δὲ

404 4381 720 4466 vocamen
740 4377 916 4442 ﬁlios.
948 4382 1239 4440 Caeterum
1268 4379 1468 4460 probis
1490 4399 1556 4441 ac
1574 4380 1856 4442 studiosis
1887 4400 2055 4442 sum-

2170 4383 2391 4466 δελφοὺς
2420 4387 2633 4459 αὐτοὺς,
2667 4385 2821 4465 ,οὒχὶ
2866 4383 3023 4441 τέκνα
3065 4381 3247 4441 καλεῖ.
3313 4384 3490 4458 Χαρᾶς
3522 4376 3576 4434 δὲ
3607 4378 3788 4446 πάσης

408 4462 489 4523 mi
518 4464 716 4543 gaudii
749 4484 924 4529 causa
965 4476 1102 4529 sunt
1136 4468 1490 4531 tentationes
1521 4469 1642 4530 sive
1671 4470 2052 4547 alﬂictiones,

2170 4477 2186 4531 ἱ
2267 4462 2549 4555 πειρασμοὶ
2630 4462 2893 4555 παραίτιοι
2977 4485 3093 4537 τοῖς
3179 4468 3499 4544 σπουδαίοις,
3574 4467 3654 4525 ὅτι
3724 4470 3787 4525 τὸ

403 4574 740 4647 quanquam
755 4577 863 4639 per
882 4559 1040 4641 ipsas
1084 4560 1392 4621 manifesta
1414 4560 1491 4621 sit
1520 4578 1725 4621 eorum
1760 4560 2049 4641 probatio.

2170 4565 2373 4641 οκίμιον
2429 4564 2600 4621 αὐτῶν
2675 4562 2759 4620 διὰ
2825 4564 3024 4621 τούτων
3103 4562 3299 4640 γίνεται
3382 4557 3625 4639 φανερόν.
3714 4565 3787 4616 Τὸ

404 4644 681 4734 Probatio
716 4657 911 4709 autem
936 4650 1007 4710 ad
1030 4667 1179 4730 opus
1203 4649 1531 4730 perfectum
1548 4649 1911 4715 transmittit.
1934 4651 2052 4714 Sed

2170 4653 2191 4709 ὲ
2249 4651 2485 4729 δοκίμιον
2544 4656 2617 4719 εἰς
2680 4653 2832 4734 ἔργον
2906 4651 3105 4709 τέλειον
3176 4648 3546 4729 παραπέμπει,
3633 4646 3785 4705 Ἀλλ’

401 4732 562 4797 dicet
581 4736 830 4818 aliquis:
858 4735 919 4800 Si
941 4739 1055 4800 hoc
1078 4739 1338 4801 cilicium
1370 4738 2052 4819 tentationes,quomod0

2170 4756 2247 4822 ρετ
2305 4765 2385 4807 τις
2417 4759 2434 4774 ⁸
2494 4744 2554 4801 Εἰ
2607 4732 2760 4801 τοῦτο
2814 4745 2876 4800 τὸ
2927 4748 3031 4798 τῶν
3089 4745 3398 4819 πειρασμῶν
3441 4736 3616 4817 ἔργον,
3667 4738 3784 4804 πῶς

401 4824 576 4887 docet
607 4845 714 4888 nos
767 4826 1034 4910 Christus
1069 4836 1188 4888 uta
1216 4827 1337 4888 Deo
1398 4836 1659 4907 petamus
1693 4827 1755 4888 in
1785 4831 2052 4892 oratione

2170 4834 2207 4897 ίς
2256 4834 2545 4913 πειρασμὸν
2607 4835 2635 4889 ὁ
2715 4833 2940 4911 Χριστὸς
3018 4830 3097 4906 μὴ
3172 4829 3536 4907 εἰσενεχθῆναι
3606 4825 3659 4884 ἐν
3714 4833 3786 4904 τῇ

400 4932 521 4975 non
552 4914 760 4979 induci
810 4917 873 4978 in
928 4917 1405 4980 tentationem4‘!
1431 4916 1695 4978 Dicimus
1724 4935 1862 4997 ergo
1892 4924 2049 5000 quod

400 5004 668 5084 duplices
697 5017 835 5068 sunt
864 5008 1217 5070 tentationes
1243 5007 1331 5069 vel
1352 5006 1986 5079 alﬂictioneQuzedam
2018 5028 2051 5070 a

400 5092 572 5154 nobis
601 5093 749 5175 ipsis
778 5096 1137 5179 principium
1165 5096 1453 5158 habentes
1483 5113 1498 5171 ;
1525 5095 1655 5157 aliae
1683 5114 1822 5157 vero
1858 5116 1989 5177 quae
2016 5116 2051 5160 a

400 5184 523 5245 Deo
555 5187 820 5248 exercitii
871 5189 1059 5268 gratia
1088 5198 1146 5251 et
1176 5189 1249 5251 ad
1291 5188 1550 5250 victorize
1580 5188 2043 5253 declarationem

397 5273 570 5334 nobis
603 5275 984 5342 inducuntur.
1047 5277 1303 5340 Rursum
1357 5277 1625 5357 duplices
1686 5285 1824 5338 sunt
1851 5297 2048 5358 quzea

398 5361 573 5424 nobis
604 5363 824 5426 habent
852 5365 1430 5429 initium.Nonnulta9
1449 5367 1765 5447 siquidem,
1793 5367 1868 5428 ob
1899 5367 2043 5430 irra~

396 5451 743 5514 tionabilem
765 5455 1277 5538 fortitudinem,qu
1288 5476 1381 5518 am
1405 5474 1514 5517 nos
1536 5458 1912 5519 temerariam
1935 5476 2046 5520 au-

394 5540 627 5604 daciam
640 5559 1123 5628 vocamus,quam
1142 5548 1318 5609 etiam
1330 5546 1788 5610 utobservemus
1804 5548 2049 5612 instruit

473 5712 493 5755 ¹
525 5710 707 5778 Eccli.
745 5732 806 5795 ιι,
846 5718 899 5781 1.

2134 4923 2271 5001 εὐχῇ
2328 4919 2555 4978 διδάσκει
2610 4923 2754 4997 ἡμᾶς
2810 4921 2900 4978 τὸν
2945 4921 3075 4975 Θεὸν
3116 4917 3540 4997 παραιτεῖσθαις
3597 4916 3785 4992 Φαμὲν

2133 5010 2222 5068 οῦδ
2253 5009 2341 5066 ὅτι
2399 5009 2560 5066 διττοί
2615 5012 2742 5067 εἰσιν
2796 5012 2844 5065 οἱ
2899 5006 3205 5087 πειρασμοί,
3255 5007 3315 5063 Οἱ
3372 5004 3470 5081 μὲν
3502 5003 3590 5085 ἀφ’
3623 5006 3778 5080 ἡμῶν

2130 5100 2228 5168 τὴν
2286 5100 2464 5180 ἀρχὴν
2532 5099 2774 5180 ἔχοντες,
2847 5101 2895 5155 οἱ
2963 5095 3017 5153 δὲ
3083 5096 3189 5153 ἀπὸ
3258 5095 3410 5168 Θεοῦ,
3486 5095 3775 5173 γυμνασίας

2131 5191 2290 5271 χάριν
2371 5191 2461 5246 καὶ
2542 5188 2874 5269 ἀναρρήσεως
2958 5189 3095 5264 ἡμῖν
3180 5184 3522 5264 ἐπαγόμενοι.
3600 5186 3778 5241 Διττοὶ

2128 5279 2183 5336 δὲ
2212 5281 2301 5336 καὶ
2329 5283 2376 5335 οἱ
2418 5276 2506 5358 ἀφ’
2543 5280 2697 5354 ἡμῶν
2755 5279 2854 5348 τὴν
2908 5278 3084 5359 ἀρχὴν
3141 5275 3383 5357 ἔχοντες.
3431 5276 3491 5331 Oi
3528 5274 3626 5349 μὲν
3676 5277 3776 5355 γὰρ

2127 5367 2193 5426 δι’
2265 5367 2545 5447 ἀλόγιστον
2601 5367 2861 5449 ἀνδρείας,
2921 5368 2949 5424 ὃ
3005 5368 3095 5424 καὶ
3150 5366 3339 5446 Θράσος
3399 5362 3685 5441 καλοῦμεν,
3749 5368 3778 5421 ὁ

2126 5461 2214 5517 καὶ
2270 5457 2616 5540 φυλάττεσθαι
2676 5460 2975 5538 εἰσηγεῖται
3046 5459 3075 5513 ὁ
3120 5458 3330 5536 Κύριος,
3404 5456 3478 5519 ὡς
3530 5456 3623 5511 τοῦ
3678 5456 3779 5531 μὲν

2129 5550 2427 5626 πνεύματος
2471 5548 2735 5628 προθύμου
2791 5548 2966 5625 ὀντος,
3032 5545 3225 5625 μεταξὺ
3275 5542 3331 5601 δὲ
3392 5543 3609 5624 ἀγώνων
3678 5544 3776 5614 τῆς

988 5717 1016 5761 ³
1040 5716 1212 5782 Joan.
1243 5734 1365 5795 XVI,
1396 5715 1498 5782 33.
1583 5717 1617 5769 δ
1643 5716 1846 5781 Matth.
1876 5734 1981 5797 vn,
2019 5718 2117 5784 14.
2200 5717 2234 5770 4
2259 5715 2467 5786 Matth.
2507 5733 2592 5798 vr,
2627 5718 2721 5783 i3.
