4136 6426
324 320 449 389 457

1316 323 1715 387 COMMENT.
1762 322 1847 387 IN
1890 310 2134 381 EPIST.
2178 315 2505 389 GATHOL.
2549 288 2828 387 JACOBI.

3604 319 3724 386 458

319 455 612 537 προθυμίας
671 453 1111 537 ἀποσϐεσθείσης,
1182 457 1272 513 καὶ
1337 456 1430 515 οὒκ
1486 457 1559 521 εἷς
1618 454 1815 534 ἀγαθὸν
1870 465 1970 510 τοϊς

2072 466 2181 541 nos
2210 452 2536 519 Dominus:
2563 457 2718 539 quod
2751 464 3064 541 promptus
3085 457 3329 541 quidem
3360 456 3721 541 sitspiritus:

322 544 690 626 χρησαμένοις
777 544 1169 614 τελευτησάσης
1204 561 1219 577 ο
1306 548 1353 604 οἱ
1442 543 1496 602 δὲ
1592 543 1661 601 δι’
1723 543 1981 623 ἁμαρτίαν

320 635 650 715 ἐπαγόμενοι
699 637 773 700 ὡς
833 649 950 700 τοῖς
1008 633 1322 713 Σοδομίταις
1380 637 1408 693 ὁ
1457 633 1697 714 ὄλεθρος.
1755 634 1979 696 Τούτους

319 727 443 790 τοὺς
524 725 873 806 πειρασμοὺς,
987 723 1089 795 ὅση
1196 724 1438 806 δύναμις,
1524 722 1792 806 φευκτέον,
1880 721 1979 779 ἆν-

321 816 640 895 αμαρτήτως
712 816 977 892 βιοῦντας.
1040 812 1190 872 Ἐπεὶ
1250 816 1370 879 τούς
1414 836 1475 894 γε
1529 814 1635 870 ἀπὸ
1691 817 1842 887 Θεοῦ,
1901 812 1977 874 ὡς

318 910 396 979 τῷ
453 901 594 964 Ἰὼϐ.
654 904 731 968 ὣς
789 908 867 978 τῷ
925 901 1188 980 Ἀϐραὰμ,
1230 904 1308 981 μὴ
1350 905 1512 980 μόνον
1577 904 1637 960 οὒ
1699 899 1971 983 φευκτέον,

318 990 442 1049 ἀλλ’
499 991 554 1049 εἴ
595 1014 645 1049 τι
702 993 791 1049 καὶ
849 989 1089 1068 δυνατὸν,
1147 990 1232 1050 διὰ
1284 998 1385 1060 τῆς
1439 994 1712 1069 ὑπομονῆς
1757 990 1973 1056 καὶτῆς

320 1081 656 1163 εὐχαριστίας
723 1081 1100 1146 ὲπισπαστέον,
1182 1073 1240 1140 Ὀ
1316 1083 1417 1162 γὰρ
1488 1083 1619 1144 Θεὸς
1690 1078 1968 1160 πειράζων,

322 1168 407 1227 ἐπ’
437 1170 662 1250 ὠφελείᾳ
687 1171 776 1228 καὶ
804 1170 1084 1250 ἀναῤῥήσει
1140 1179 1295 1230 τοῦτο
1341 1185 1518 1229 ποιεῖν
1551 1169 1719 1230 οἶδεν.
1751 1175 1964 1247 Πειροισ⁴

323 1274 452 1337 μοῖς
486 1258 541 1317 δὲ
570 1259 830 1325 ποικίλοις
884 1262 1035 1343 ε’ίπε,
1096 1259 1181 1318 διὰ
1221 1263 1283 1318 τὸ
1313 1262 1435 1327 τοὺς
1479 1262 1603 1342 μὲν,
1634 1263 1707 1324 ὡς
1739 1256 1967 1340 ἔφημεν,

321 1351 429 1408 ἀπὸ
458 1358 609 1433 Θεου,
653 1352 772 1415 τοὺς
802 1349 857 1408 δὲ
884 1350 974 1433 ἀφ’
1019 1352 1173 1429 ἡμῶν
1198 1354 1363 1417 εἶναι.

406 1638 432 1676 ι
490 1606 622 1677 υΟτι
679 1620 740 1676 τὸ
791 1617 1026 1696 δοκίμιον
1080 1621 1229 1697 ὑμῶν
1289 1627 1387 1698 τῇς
1444 1622 1672 1685 πίστεως
1712 1610 1971 1698 κατεργά-

317 1714 461 1780 ζεται
545 1710 841 1785 ὑπομονήν,
932 1700 994 1768 Ἦ
1078 1707 1132 1765 δὲ
1214 1712 1458 1787 ὑπομονὴ
1542 1709 1693 1791 ἔργον
1767 1707 1967 1765 τέλειον

317 1796 515 1879 ἐχέτω,
573 1798 667 1855 ἵνα
719 1798 816 1867 ἦτε
899 1798 1091 1859 τέλειοι
1159 1802 1245 1858 καὶ
1318 1799 1623 1878 ὁλόκληροι,
1679 1801 1735 1856 ἒν
1784 1795 1968 1875 μηδενὶ

2064 540 2170 602 sed
2204 545 2597 626 exstinguitur
2628 540 3149 630 promptitudoilla
3178 550 3336 612 inter
3365 540 3716 624 certamina,

2062 647 2173 693 nec
2184 632 2257 694 ad
2274 633 2495 699 bonum
2515 636 3289 720 ceditutentibus:quaadam
3307 657 3450 701 vero
3472 643 3718 719 prapter

2061 732 2367 799 peccatum
2389 725 2772 804 inducuntur,
2806 735 2871 791 ut
2911 727 3233 797 Sodomitis
3263 727 3560 790 interitus.
3593 724 3714 797 Has

2060 813 2413 899 tentationes
2448 824 2735 897 quantum
2772 835 3112 899 possumus,
3143 817 3346 899 fugere
3392 816 3706 892 debemus,

2058 898 2280 981 absque
2303 911 2545 982 peccato
2574 905 3044 969 vivendo.Porro
3071 898 3202 988 qua
3220 898 3264 969 a
3292 906 3417 969 Deo
3449 912 3609 983 sunt,
3645 912 3713 969 ut

2056 1005 2187 1068 qum
2207 989 2317 1052 Job
2340 1001 2442 1056 aut
2470 993 2774 1057 Abraham
2805 995 3205 1078 contigerunt,
3256 1014 3375 1059 non
3413 993 3713 1076 fugiendae

2054 1087 2216 1168 sunt,
2251 1081 2394 1162 quin
2425 1084 2644 1166 potius,
2695 1084 2747 1147 si
2791 1105 2907 1166 quo
2951 1085 3127 1148 modo
3179 1086 3310 1148 ﬁeri
3348 1092 3565 1168 potest,
3603 1102 3713 1166 per

2054 1166 2397 1246 patientiam
2419 1174 2810 1253 etgratiarum
2829 1175 3126 1238 actionem
3145 1166 3535 1249 asciscendte.
3549 1175 3712 1238 Deus

2055 1256 2213 1345 enim
2239 1260 2341 1341 qui
2374 1268 2579 1345 tentat,
2604 1263 2678 1326 ad
2708 1264 3021 1328 utilitatem
3052 1283 3122 1328 ac
3153 1265 3417 1329 victoriae
3448 1264 3716 1333 declara-

2052 1344 2276 1409 tionem
2299 1349 2414 1413 hoc
2428 1344 2629 1416 facere
2651 1354 2836 1419 novit.
2871 1354 3029 1419 Dixit
3048 1362 3248 1419 autem
3280 1377 3296 1419 :
3323 1354 3708 1429 Tentationes

2049 1435 2266 1511 varias,
2302 1458 2371 1502 eo
2403 1443 2560 1522 quod
2588 1444 2766 1507 nulla;
2793 1463 2829 1508 a
2860 1444 2982 1508 Deo
3013 1452 3078 1507 ut
3118 1444 3398 1523 diximus,
3432 1444 3706 1529 quaedam

2050 1542 2187 1588 vero
2216 1545 2251 1588 a
2279 1529 2452 1593 nobis
2483 1534 2838 1613 procedunt.

2132 1617 2178 1688 Ι,
2211 1617 2350 1694 3-4,
2385 1622 2663 1686 Scientes
2693 1625 2852 1705 quod
2877 1623 3163 1706 probatio
3188 1631 3403 1689 vestra:
3422 1624 3566 1705 ﬁdei
3583 1641 3709 1704 ope-

2050 1713 2222 1797 retur
2242 1711 2651 1788 patientiam:
2681 1716 2979 1794 patientia
3009 1732 3150 1778 vero
3180 1732 3325 1797 opus
3362 1715 3707 1795 perfectum

2051 1792 2306 1860 habeat:
2336 1806 2405 1861 ut
2430 1801 2566 1863 sitis
2589 1792 2843 1882 perfecti
2891 1813 2948 1867 et
2990 1792 3239 1887 integri,
3290 1792 3586 1884 nullaQue
3637 1806 3709 1867 in

1987 1865 2028 1916 Β
2048 1893 2231 1962 parte
2259 1887 2572 1952 diminuti.

2137 1976 2385 2053 Δοκίμιον
2417 1977 2561 2040 dicit
2590 1979 2746 2061 quod
2766 1980 3136 2061 exploratum
3160 1990 3253 2046 est
3272 1990 3331 2046 et
3351 1979 3703 2066 comproba-

318 2089 427 2147 νον,
472 2066 812 2154 τὸνκαθαρόν.
863 2065 957 2133 Ὠς
1012 2069 1101 2125 καὶ
1154 2070 1239 2144 τὸ,
1307 2092 1335 2125 ι
1396 2068 1671 2148 Ἀργύριον
1724 2088 1966 2147 πεπυρω-

2061 2068 2208 2154 lnm:
2237 2083 2413 2144 porro
2430 2069 2879 2150 comprobatum
2900 2070 3123 2135 dicitur
3133 2090 3345 2154 purum
3374 2090 3389 2136 :
3410 2070 3702 2154 quemad-

317 2155 498 2233 μένον,
530 2153 767 2232 δοκίμιον
808 2162 878 2234 τῇ
1076 2175 1108 2218 )
1159 2163 1279 2222 Πῶς
1322 2155 1376 2214 δὲ
1433 2159 1495 2214 τὸ
1538 2155 1773 2233 δοκίμιον
1827 2157 1965 2213 ὑπο-

2061 2153 2294 2245 rnodum
2316 2156 2602 2238 scriptum
2626 2167 2748 2222 est:
2778 2153 3290 2241 «Arsentum’igne
3303 2153 3697 2245 exploratum,

317 2246 487 2320 μονὴν
540 2246 966 2328 κατεργάζεται,
1033 2246 1243 2315 Ἐκείνη
1301 2248 1400 2328 γὰρ
1456 2249 1492 2317 ἡ
1535 2248 1709 2312 πίστις
1767 2246 1967 2323 καθαρὰ

2061 2242 2360 2321 purgatum
2386 2254 2565 2308 terra.
2604 2274 2632 2304 ι)
2670 2247 2978 2321 Quomodo
3008 2257 3205 2313 autem
3247 2242 3515 2332 probatio
3549 2242 3702 2333 parit

315 2334 620 2417 ἐλέγχεται,
709 2337 746 2404 ἡ
820 2336 876 2393 ἐν
931 2337 1174 2415 ὑπομονῇ
1224 2339 1311 2395 καὶ
1386 2336 1630 2418 καρτερίᾳ
1695 2336 1802 2393 τῶν
1860 2334 1968 2391 ἐπι-

2061 2333 2435 2411 patientiam?
2455 2335 2602 2408 Quia
2622 2338 2770 2400 ﬁdes
2790 2339 2890 2402 illa
2923 2358 3069 2421 pura
3099 2358 3231 2402 esse
3254 2337 3702 2422 probatur,quas

315 2424 620 2506 φερομένων
728 2432 1038 2504 πειρασμῶν
1147 2424 1473 2485 διατελοῦσα.
1576 2433 1772 2485 Πιστοῦ
1866 2427 1966 2506 γὰρ

2061 2438 2158 2501 per
2214 2424 2556 2503 patientiam
2603 2446 2672 2490 ac
2731 2428 3102 2492 tolerantiam
3141 2430 3282 2490 445
3317 2429 3697 2500 inducturum

313 2517 388 2580 ὡς
473 2513 684 2583 ἀληθῶς
770 2513 947 2597 ἔργον,
1034 2517 1093 2573 τὸ
1176 2517 1311 2593 μετὰ
1377 2517 1736 2597 μακροθυμίας
1777 2537 1836 2573 τε
1879 2516 1967 2573 καὶ

2061 2509 2437 2576 ιΐίιίοιὶοηυῐη
2457 2516 2782 2595 perﬁcitur,
2814 2517 2962 2580 Nam
2991 2537 3132 2581 vere
3160 2519 3354 2582 ﬁdelis
3383 2537 3533 2599 opus
3584 2526 3696 2598 est,

314 2603 678 2689 εὐχαριστίας,
789 2605 884 2668 τὰς
922 2620 933 2626 ’
994 2606 1238 2672 τοιαύτας
1339 2609 1593 2687 επιφορᾶς
1692 2604 1962 2686 δέχεσθαι.

2061 2619 2156 2680 per
2183 2601 2692 2682 longanimitatem
2722 2614 2780 2669 et
2807 2607 3128 2687 gratiarum
3158 2607 3453 2670 actionem
3482 2608 3696 2689 hujus-

318 2684 538 2752 Ὀποῒόν
580 2716 650 2777 ’τε
706 2695 793 2752 καὶ
850 2696 879 2751 δ
934 2692 1059 2753 Ἰὼϐ
1110 2694 1363 2775 ἔπραττεν
1420 2684 1475 2753 ἐν
1501 2684 1510 2687 τ
1532 2702 1695 2754 πᾶσιν
1737 2684 1963 2777 εύχαρι-

2061 2690 2209 2777 modi
2240 2691 2500 2773 impetus
2528 2684 2845 2776 excipere}
2877 2698 3377 2777 quemadmodum
3402 2715 3467 2759 se
3493 2684 3701 2760 habuit

316 2788 476 2845 στῶν,
518 2805 542 2839 ι
580 2771 785 2864 ’Ἔργον
840 2781 1044 2842 τέλειον
1094 2771 1293 2867 ἐχέτω,
1325 2805 1356 2847 )
1419 2786 1620 2868 Σκόπει
1651 2801 1668 2819 ⁸
1723 2771 1836 2844 οὐκ*
1869 2771 1961 2842 εἴ-

2061 2776 2230 2857 lob5,
2252 2771 2352 2862 qui
2381 2784 2441 2844 in
2474 2771 2755 2847 omnibus
2784 2771 3002 2864 graiias
3031 2787 3263 2867 agebat.
3297 2811 3325 2845 α
3362 2785 3526 2868 Opus
3557 2804 3697 2866 per-

313 2893 381 2930 πε
448 2874 565 2959 τήν,
603 2872 874 2949 ὑπομονὴν
957 2865 1260 2953 ὁριστικῶς,
1319 2873 1425 2952 ὅτι,
1489 2865 1693 2956 ’Ἔργον
1761 2874 1965 2933 τέλειον

2061 2871 2266 2959 Tectum
2290 2871 2991 2939 habeat.»Animadverte
3026 2865 3183 2958 quod
3215 2896 3335 2943 non
3356 2865 3571 2939 dixerit
3590 2894 3701 2959 per

315 2960 456 3042 ἔχει,
488 2958 626 3018 ἀλλὰ
653 2965 1079 3041 προστακτικῶς,
1133 2961 1366 3044 Ἐχέτω,
1409 2964 1481 3023 Οὒ
1509 2966 1610 3045 γὰρ
1638 2976 1962 3044 προϋποκει-

2061 2957 2626 3044 .ndicativum,0pus
2654 2964 2981 3044 perfectum
3013 2956 3216 3046 habet,
3240 2965 3345 3027 sed
3378 2956 3699 3046 perimpe-

317 1885 646 1963 λειπόμενοι.
685 1910 710 1943 n

399 1979 673 2053 Δοκίμιον,
743 1979 805 2034 τὸ
859 1978 1167 2059 κεκριμένον
1222 1978 1389 2058 λέγει,
1449 1980 1511 2036 τὸ
1578 1976 1967 2054 δεδοκιμασμέ-

313 3051 485 3163 μένηέἱ
509 3049 701 3131 ἀρετὴν
722 3049 1065 3163 ἐξαγγέλλει,
1098 3052 1235 3110 ἀλλὰ
1254 3060 1343 3111 νῦν
1365 3053 1733 3135 ἐγγινομένην,
1760 3057 1833 3120 ὡς
1852 3055 1962 3136 χρὴ
1981 3112 2023 3163 C

314 3141 539 3219 γίνεσθαι
586 3142 887 3216 νομοθετεῖ.

399 3339 422 3375 ι
471 3320 533 3377 Εἰ
561 3316 617 3376 δέ
643 3341 724 3384 τις
766 3319 913 3395 ὑμῶν
943 3317 1180 3378 λείπεται
1210 3323 1417 3404 σοφίας,
1450 3323 1659 3381 αἰτείτω
1700 3324 1843 3405 παρὰ
1872 3323 1965 3381 τοῦ

312 3405 542 3473 διδόντος
573 3415 705 3466 Θεοῦ
745 3414 905 3466 πᾶσιν
947 3408 1157 3491 ἁπλῶς,
1202 3412 1289 3470 καὶ
1338 3414 1416 3490 μὴ
1469 3411 1829 3487 ὀνειδίζοντος,
1877 3414 1964 3471 καὶ

312 3496 607 3583 δοθήσεταιΔ
644 3502 808 3575 αὐτῷ.
856 3500 1074 3558 Αἰτείτω
1115 3499 1170 3557 δὲ
1198 3500 1253 3557 ἐν
1304 3503 1503 3578 πίστει,
1549 3501 1715 3580 μηδὲν
1768 3501 1963 3583 διακρι-

316 3589 557 3664 νόμενος.
593 3578 651 3646 (Ο
690 3588 790 3669 γὰρ
825 3585 1217 3669 διακρινόμενος
1274 3589 1414 3650 ἔοικε
1442 3578 1665 3649 κλύδωνι
1690 3578 1962 3659 θαλάσσης

313 3676 678 3756 ἀνεμιζομένῳ
704 3677 791 3734 καὶ
831 3677 1176 3756 ῥιπιζομένῳ.
1228 3681 1316 3749 Μὴ
1347 3682 1448 3761 γὰρ
1477 3681 1664 3739 οἰέσθω
1692 3680 1962 3761 ἄνθρωπος

313 3765 544 3843 ἐκεῖνος,
603 3767 685 3824 ὅτι
753 3765 986 3844 λήψεταί
1038 3791 1090 3826 τι
1158 3770 1301 3850 παρὰ
1353 3781 1446 3831 τοῦ
1524 3770 1731 3850 Κυρίου.
1802 3768 1964 3850 Ἀνὴρ

312 3853 562 3938 δίψυχος,
669 3856 1033 3924 ἀκατάστατος
1142 3859 1198 3915 ἐν
1293 3860 1489 3926 πάσαις

314 3948 489 4008 αὐτοῦ.
522 3965 555 4008 ι

393 4037 465 4093 Τὸ
514 4034 693 4095 α’ίτισν
749 4046 842 4097 τοῦ
894 4037 1095 4096 τελείου
1150 4037 1304 4119 ἔργου
1385 4039 1486 4108 τὴν
1541 4041 1727 4121 σοφίαν
1794 4037 1961 4118 λέγει.

323 4147 349 4180 σι
397 4127 615 4183 Αἰτείτω
658 4128 801 4207 παρὰ
830 4134 980 4192 Θεοῦ,
1035 4151 1061 4187 ι
1124 4127 1491 4200 Ἐπειδὴέοῖδε
1520 4131 1582 4187 τὸ
1610 4134 1709 4197 τῆς
1738 4130 1965 4193 πίστεως

316 4211 576 4298 δοκίμιον,
619 4217 709 4274 καὶ
750 4217 848 4286 τὴν
875 4217 1149 4293 ὑπομονὴν
1205 4218 1306 4287 τὴν
1362 4218 1416 4276 ἐν
1471 4232 1591 4284 τοῖς
1621 4230 1966 4299 πειρασμοῖς,

319 4306 380 4364 οὗ
420 4309 525 4363 τῶν
582 4305 858 4386 τυχόντων
912 4306 1202 4388 ἀνθρώπων
1259 4308 1600 4390 κατόρθωμα,
1672 4307 1809 4365 ἀλλὰ
1864 4311 1970 4365 τῶν

318 4393 454 4452 κατὰ
483 4395 613 4453 Θεὸν
641 4400 844 4476 σοφῶν,
875 4392 960 4455 διὰ
1012 4403 1168 4455 τοῦτο
1212 4396 1298 4454 ἐπὶ
1341 4397 1524 4479 σοφίας
1569 4397 1788 4467 αἴτησιν
1825 4420 1968 4477 παρ-

1596 3874 1713 3926 ταῖς
1819 3857 1964 3924 ὁδοῖς

2045 3048 2318 3125 rativum,
2381 3050 2627 3114 Habeat.
2679 3052 2810 3116 Non
2871 3054 3029 3116 enim
3090 3053 3372 3134 praedicat
3402 3072 3532 3118 eam
3566 3072 3699 3135 quae

2049 3138 2281 3219 praefuit
2306 3138 2611 3218 virtutem,
2645 3144 2751 3205 sed
2793 3162 2925 3225 quae
2974 3144 3226 3226 accedit,
3282 3150 3345 3206 et
3400 3140 3702 3225 quomodo

2049 3228 2181 3290 ﬁeri
2213 3237 2479 3310 oporteat
2509 3233 2728 3297 statuit.

2128 3318 2173 3394 Ι,
2200 3319 2335 3383 5-8.
2375 3321 2543 3395 Quod
2591 3323 2649 3385 si
2700 3324 2800 3386 cui
2847 3328 3120 3387 vestrum
3168 3324 3332 3388 deest
3374 3321 3697 3403 sapientia,

2042 3408 2307 3487 postulet
2332 3429 2369 3470 a
2406 3412 2527 3473 Deo
2558 3413 2665 3493 qui
2696 3413 2803 3476 dat
2831 3414 3109 3476 omnibus
3134 3412 3418 3494 candide,
3442 3429 3553 3474 nec
3580 3429 3697 3474 ea:-

2040 3498 2318 3580 probrat,
2351 3507 2417 3562 et
2436 3500 2690 3564 dabitur
2720 3505 2796 3580 ei,
2830 3503 3111 3567 Postulet
3141 3511 3345 3566 autem
3378 3518 3511 3564 eum
3534 3501 3700 3581 ﬁdu-

2047 3589 2146 3652 cia
2177 3590 2466 3669 quiinihil
2495 3592 2754 3653 htesitat.
2780 3591 2940 3654 Nam
2971 3594 3080 3672 qui
3100 3592 3337 3656 haesitat
3363 3591 3591 3653 similis
3611 3597 3705 3654 est

2046 3678 2262 3757 ﬂuctui
2281 3680 2473 3741 maris
2498 3682 2605 3759 qui
2635 3683 2826 3745 ventis
2854 3683 3060 3761 agitur
3095 3690 3156 3746 et
3174 3685 3404 3762 impetu
3432 3681 3700 3760 rapitur.

2044 3764 2255 3845 Neque
2283 3769 2447 3829 enim
2469 3769 2770 3832 existimet
2799 3772 2973 3834 homo
2993 3771 3099 3834 ille
3127 3788 3194 3834 se
3223 3767 3461 3847 aliquid
3487 3785 3702 3849 accep-

2048 3860 2256 3917 turum
2277 3872 2314 3917 a
2344 3857 2627 3920 Domino.
2676 3857 2778 3921 Vir
2798 3859 3033 3941 duplici
3090 3860 3296 3922 animo
3343 3862 3702 3920 inconstans

2049 3951 2134 4007 est
2164 3945 2229 4006 in
2256 3945 2539 4008 omnibus
2568 3951 2685 4009 viis
2712 3949 2865 4011 suis.

2131 4032 2379 4096 Causam
2395 4035 2859 4118 perfectioperis
2888 4036 3033 4099 dicit
3060 4036 3439 4118 sapientiam.
3454 4037 3700 4099 «Postu-

2051 4121 2187 4184 leta
2216 4120 2401 4184 Deo.)
2412 4122 2699 4198 Quoniam
2722 4126 2883 4188 novit
2900 4126 3040 4188 ﬁdei
3061 4144 3192 4188 com
3200 4124 3610 4207 probationem
3633 4142 3704 4187 ac

2052 4212 2431 4275 tolerantiam
2464 4213 2526 4274 in
2548 4213 2993 4291 afﬂictionibus,
3031 4234 3154 4277 non
3196 4233 3326 4278 esse
3375 4232 3526 4296 opus
3552 4232 3704 4294 quo-

2050 4302 2275 4365 rumvis
2303 4301 2749 4385 hominum,sed
2784 4323 2988 4368 eorum
3020 4305 3123 4387 qui
3145 4304 3478 4367 secundum
3515 4305 3702 4367 Deum

2052 4391 2353 4472 sapientes
2383 4401 2874 4474 sunt,propterea
2895 4395 2968 4457 ad
3000 4393 3311 4476 sapientiae
3345 4390 3700 4467 postulatio-

320 4488 460 4562 ορμᾷ
525 4484 647 4550 τοὺς
696 4492 862 4543 ταῦτα
917 4489 1201 4566 κατορθοῦν
1251 4485 1654 4550 ἐπιποθοῦντας.
1735 4506 1765 4548 (
1838 4493 1965 4554 Μη-

2061 4498 2193 4543 nem
2221 4479 2474 4561 impellit
2506 4499 2608 4543 eos
2638 4484 2739 4563 qui
2771 4485 2898 4546 haec
2920 4493 3200 4564 praestare
3228 4479 3703 4554 conantquui

317 4570 406 4629 δὲν
432 4570 847 4654 διακρινόμενος.
903 4598 933 4632 ι
985 4577 1050 4634 Εἰ
1091 4576 1191 4656 γὰρ
1246 4577 1478 4634 πιστεύει
1534 4578 1763 4652 αἰτείτω,
1824 4578 1868 4633 εἰ
1910 4575 1965 4632 δὲ

318 4659 660 4744 διακρίνεται,
720 4662 855 4741 μηδὲ
927 4665 1157 4746 αἰτείτω.
1204 4663 1355 4741 Οὐδὲ,
1385 4667 1486 4746 γὰρ
1544 4664 1775 4742 λήψεται
1834 4665 1967 4723 ἀπι-

318 4742 457 4809 στῶν
487 4749 569 4809 ὅτι
600 4742 857 4829 λήψεται.
909 4773 932 4810 α
978 4742 1169 4812 "Eous
1225 4742 1468 4811 κλύδωνι⁷
1492 4752 1786 4824 θαλάσσης.
1823 4778 1851 4811 ι
1909 4745 1967 4813 ⁸0

319 4839 421 4920 γὰρ
476 4840 869 4922 διακρινόμενος
940 4840 1236 4924 ἀμφίϐολος
1294 4842 1368 4901 ὢν
1438 4844 1557 4923 περὶ
1629 4846 1725 4912 τὰς
1786 4845 1971 4902 ἑαυτοῦ

321 4932 579 5013 αἰτήσεις,
647 4935 837 5013 μικρὸν
919 4933 1406 5014 προσκαρτερήσας,
1467 4935 1612 5000 εὐθὺς
1668 4935 1968 5015 ἀναχωρεῖ.

324 5022 530 5102 Πάσχει
573 5019 629 5078 δὲ
659 5029 813 5081 τοῦτο
842 5021 895 5089 ἒξ
923 5022 1306 5103 ὑπερηφανίας,
1352 5022 1696 5103 ἀπαγορεύων
1726 5022 1967 5104 ταχέως,

323 5109 403 5167 ὅτι
446 5111 524 5187 μὴ
584 5112 728 5192 παρὰ
782 5111 946 5180 πόδας
989 5110 1386 5180 ἐπηκολούθησε
1442 5113 1509 5170 τὰ
1549 5114 1854 5190 αἰτούμενα,
1901 5113 1973 5178 ὡς

323 5195 389 5267 δὴ
430 5199 639 5280 μεγάλα
680 5201 921 5279 οἰόμενος
978 5202 1097 5282 περὶ
1153 5202 1359 5277 ἑαυτοῦ,
1416 5203 1504 5259 καὶ
1533 5204 1607 5267 ὡς
1639 5206 1733 5261 οὐκ
1764 5200 1973 5268 ἀνάξιος

325 5286 589 5369 ἀστοχεῖν
644 5292 721 5347 ὧν
789 5304 1027 5350 ποιεῖται
1081 5312 1180 5359 την
1238 5290 1479 5360 αἴτησιν.
1540 5292 1720 5367 Τούτῷ
1775 5289 1830 5348 δὲ
1860 5292 1972 5348 ἀπ·-

323 5380 560 5443 εναντίας
587 5381 616 5437 ὁ
646 5381 1036 5462 ταπεινόφρων.
1098 5403 1120 5436 ε
1170 5382 1261 5448 Μὴ
1306 5380 1406 5461 γὰρ
1468 5379 1654 5438 οἰέσθω
1705 5378 1973 5461 ἅνθρωπος

323 5465 554 5535 ἐκεῖνος.
608 5492 631 5527 ι
669 5462 729 5529 Ὀ
779 5469 894 5548 μεθ’
948 5469 1237 5550 ὑπεροψίας
1286 5470 1447 5527 αἰτῶν
1489 5467 1694 5538 δηλαδὴ
1737 5472 1823 5528 καὶ
1853 5469 1972 5529 ὀλι-

408 5629 604 5699 ³101).
635 5645 681 5708 ι,
713 5634 742 5694 ί
779 5648 947 5715 seqq.
1642 5594 1675 5641 ί

883 5790 1148 5860 Parnm.
1184 5791 1299 5860 Gn.
1330 5792 1543 5861 CXIX.

2049 4569 2203 4633 nihil
2233 4570 2480 4632 haesitat.
2498 4567 2596 4632 »81
2626 4572 2783 4634 enim
2816 4573 3082 4654 conﬁdit,
3106 4578 3268 4654 petat
3292 4592 3308 4651 ;
3334 4573 3381 4634 si
3408 4588 3548 4633 vero
3567 4568 3698 4633 ha:-

2049 4659 2211 4734 sitat,
2234 4679 2310 4720 ne
2332 4666 2488 4740 petat
2508 4659 2919 4743 quidem,quia
2940 4680 3062 4724 non
3082 4660 3335 4742 accipiet
3350 4660 3453 4742 qui
3486 4657 3705 4721 difﬁdit

2051 4766 2115 4809 se
2141 4748 2826 4828 accepturum.«Similis
2846 4759 2937 4813 est
2952 4750 3159 4814 fluctui
3181 4749 3424 4814 maris.»
3450 4747 3508 4810 Is
3539 4746 3702 4813 enim

2051 4837 2154 4919 qui
2182 4836 2660 4911 hmsitat,dubius
2674 4838 2834 4901 circa
2863 4857 2997 4902 suas
3020 4838 3360 4921 petitiones,
3384 4836 3489 4900 ubi
3510 4834 3705 4918 pauli-

2053 4944 2194 5006 sper
2223 4923 2729 5003 sustinuit,statim
2760 4926 3471 4991 recedit.Acciditautem
3486 4926 3601 4988 hoc
3619 4923 3708 4987 illi

2055 5034 2123 5079 ex
2151 5013 2620 5097 superbia,quod
2644 5015 2760 5078 cito
2782 5015 3064 5098 desperet
3087 5034 3158 5079 eo
3190 5015 3348 5097 quod
3377 5033 3497 5077 non
3527 5033 3560 5077 e
3595 5032 3703 5077 ve-

2056 5104 2231 5185 stigio
2263 5113 2587 5186 sequantur
2600 5124 2731 5185 quae
2754 5114 3069 5188 petuntur:
3093 5114 3297 5186 utpote
3319 5123 3527 5184 magna
3548 5103 3624 5166 de
3645 5121 3711 5165 se

2055 5195 2402 5276 concipiens
2449 5202 2507 5256 et
2552 5195 2709 5274 quod
2755 5194 2968 5277 repelli
2998 5201 3301 5259 mereatur
3330 5194 3390 5256 in
3423 5192 3709 5276 petitione

2056 5303 2234 5367 quam
2265 5285 2616 5346 facitJ’orro
2647 5285 2943 5348 contrario
2975 5285 3150 5348 modo
3179 5285 3252 5348 ad
3285 5281 3716 5347 huncsebabet

2057 5375 2160 5457 qui
2173 5373 2425 5437 modesti
2444 5374 2529 5435 esl
2553 5373 2759 5437 animi.
2775 5376 3019 5457 «Neque
3039 5374 3200 5437 enim
3218 5374 3513 5437 existimet
3534 5378 3710 5439 homo

2119 5462 2451 5546 illnNempe
2476 5462 2581 5545 qui
2604 5481 2673 5527 ex
2695 5463 2852 5528 fastu
2874 5473 2933 5528 et
2950 5462 3309 5546 negligentia
3330 5462 3501 5546 petit.
3524 5464 3713 5535 Aufer

3244 5789 3319 5862 15
