4136 6432
480 348 603 411 459
1614 332 2033 400 (EGUMENII
2080 330 2137 392 TI

2223 328 2379 393 ί]οΕ
2415 331 2750 398 EPISCOPI
3772 326 3894 398 460

483 499 516 543 a
551 479 741 559 teipso
772 476 956 540 animi
986 473 1427 556 duplicitatem,
1460 487 1655 552 neque
1687 468 1960 559 omnino,
2021 485 2137 559 cun

2241 471 2457 559 γωρίας.
2516 461 2668 555 Ἀρον
2738 484 2956 536 σεαυτοῦ
3036 474 3136 543 τὴν
3220 473 3495 554 διψυχίαν,
3579 471 3669 529 καὶ
3747 457 3886 548 μηδὲ

482 557 709 650 aliquid
740 585 774 628 a
799 570 922 630 Deo
952 564 1106 644 petis
1153 562 1353 626 animo
1402 560 1664 650 vacilles,
1697 557 1953 650 dicendo
1984 557 2137 639 apud

2229 558 2367 627 ὅλως
2428 560 2736 645 διψυχήσῃς
2809 566 3120 635 αἰτήσασθαι
3189 564 3332 643 παρὰ
3402 568 3534 620 Θεοῦ
3589 559 3765 639 λέγειν
3832 559 3889 617 ἐν

482 647 1082 739 teipsum,Quomodo
1108 670 1349 734 possum
1373 648 1674 739 quidpiam
1699 667 1734 710 a
1761 647 2137 739 Dominopej

2228 658 2454 733 σεαυτῷ,
2513 650 2618 728 ὅτι,
2686 658 2809 720 Πῶς
2885 652 3107 731 δύναμάι
3192 653 3405 720 αἰτῆσαί
3461 674 3512 709 τι
3581 651 3724 731 παρὰ
3794 658 3890 709 τοῦ

483 737 613 810 ῑειίθ
645 753 703 809 et
733 745 1030 825 accipere,
1057 742 1161 823 qui
1191 740 1369 802 toties
1396 739 1458 799 in
1487 738 1680 818 ipsum
1719 737 2137 818 peccaverim‘i

2232 741 2416 820 Κυρίου
2462 744 2551 800 καὶ
2598 740 2809 819 λαϐεῖν,
2868 744 3197 823 ἡμαρτηκὼς
3252 741 3480 799 τοσάῦτα
3545 741 3618 804 εἷς
3675 738 3884 820 αὖτόνς

483 836 572 900 Ne
604 838 729 898 haec
751 834 994 913 cogites,
1032 830 1137 893 sed
1169 848 1240 891 ex
1274 837 1396 890 toto
1428 826 1608 889 corde
1655 835 2009 890 convertere
2069 825 2137 888 ad

2230 830 2318 897 Μὴ
2363 829 2659 910 διαλογίζου
2709 838 2897 913 ταῦτα,
2943 829 3062 888 ἀλλ’
3124 829 3175 897 ἐξ
3218 829 3348 898 ὅλης
3376 827 3590 908 καρδίας
3632 829 3872 905 ἒπίστρε-

489 925 902 998 Dominum,et
935 929 1068 1002 pete
1103 918 1174 981 ab
1204 918 1333 999 ipso
1359 916 1491 978 sine
1518 915 1918 996 haesitatione,
1955 924 2016 977 et
2036 934 2141 978 co-

486 1034 738 1095 gnosces
773 1009 1213 1074 multitudinem
1246 1005 1670 1069 misericordiae
1700 1005 2018 1086 ejus,quod
2042 1023 2142 1066 ne-

487 1094 781 1186 quaquam
825 1112 881 1164 te
912 1101 1172 1177 deserat,
1219 1096 1324 1159 sed
1368 1094 1727 1186 petitionem
1769 1095 1983 1186 animm
2030 1101 2144 1186 tuae

487 1182 832 1275 complebit.
865 1190 996 1253 Non
1026 1196 1114 1251 est
1142 1187 1302 1249 enim
1333 1186 1489 1275 Deus
1519 1187 1673 1246 sicut
1713 1182 2143 1275 ho_m_ines,_qui

488 1270 825 1345 mutuarum
858 1277 1209 1360 iujuriarum
1244 1274 1679 1337 meminerunt:
1705 1271 1809 1334 sed
1842 1270 1969 1351 ipse
1990 1271 2143 1332 obli-

483 1371 732 1434 viscitur
761 1369 1016 1451 injuriae,
1057 1376 1118 1429 et
1150 1365 1466 1427 miseretur
1507 1366 1795 1425 creaturae
1825 1379 1967 1423 suae.
2001 1360 2138 1451 444

494 1486 523 1519 α
548 1460 657 1523 Vir
677 1450 905 1541 duplici
933 1460 1195 1520 animo.»
1226 1453 1461 1535 Duplici
1492 1453 1688 1514 animo
1721 1451 1912 1512 virum
1942 1450 2141 1541 appel-

487 1550 570 1614 lat
596 1538 934 1611 instabilem
967 1556 1026 1609 et
1056 1565 1173 1607 non
1206 1544 1464 1618 ﬁrmum,
1496 1542 1595 1624 qui
1619 1561 1817 1623 nuque
1839 1543 1912 1606 ad
1941 1538 2141 1604 futura

488 1639 903 1718 solide,neque
933 1637 1005 1699 ad
1028 1634 1342 1717 praesentia
1355 1651 1568 1695 secure
1596 1633 1862 1696 ﬁrmatus
1887 1635 2007 1696 est:
2034 1632 2138 1693 sed

485 1730 606 1792 huc
625 1739 799 1810 atque
822 1727 964 1788 illuc
984 1725 1220 1787 ducitur
1247 1742 1315 1784 ac
1336 1721 1752 1785 circumfertur
1776 1744 1789 1784 :
1817 1731 1875 1785 et
1900 1722 2139 1797 interim

489 1818 727 1900 quidem
742 1817 1121 1896 futura,quan
1131 1814 1328 1893 doque
1346 1830 1482 1874 vero
1506 1812 1825 1897 praesentia
1839 1812 2110 1900 amplecti
2123 1850 2139 1860 ι

488 1899 821 1970 tur.Talem
838 1913 1036 1967 autem
1062 1902 1266 1964 ﬂuctui
1291 1919 1530 1982 quoque
1546 1901 1729 1963 maris
1751 1899 2135 1983 comparavit,

485 2016 599 2059 nec
634 1995 970 2059 ﬁrmitatem
1018 2010 1132 2054 nec
1180 1989 1565 2052 stabilitatem
1614 1990 1971 2052 habentizet
2005 1990 2138 2052 ﬂori

486 2085 692 2149 herbae
710 2085 813 2164 qui
843 2082 983 2144 etim
1008 2100 1127 2142 non
1153 2079 1622 2161 perseverat.sed
1654 2079 1830 2141 simul
1855 2085 1919 2140 ut
1948 2077 2140 2141 oritur

487 2176 577 2237 sol
611 2170 1177 2236 deﬂuit.Considera
1202 2186 1343 2230 vero
1372 2166 1533 2248 quod
1564 2186 1682 2229 non
1713 2167 1930 2230 dixerit
1961 2168 2137 2229 talem

488 2262 806 2327 assimilari
841 2259 1066 2340 herbae,
1111 2260 1217 2322 sed
1248 2257 1381 2319 ﬂori
1416 2255 1641 2331 herbae,
1687 2255 1867 2319 breve
1891 2256 2135 2318 omnino

488 2362 725 2432 tempus
753 2350 1093 2429 signiﬁcans
1122 2366 1231 2429 per
1258 2344 1760 2419 ﬂoremQuoniam
1793 2354 1990 2408 autem
2013 2364 2138 2408 om-

489 2442 656 2504 nium
689 2439 1072 2502 obstetricem
1091 2457 1158 2500 ac
1174 2436 1443 2499 altricem
1466 2436 1628 2497 novit
1651 2453 1782 2498 esse
1810 2434 1995 2498 animi
2016 2453 2141 2496 mo-

493 2531 836 2605 destiam,et
863 2530 994 2590 sine
1023 2529 1134 2589 hac
1163 2525 1313 2587 nihil
1346 2543 1479 2587 esse
1509 2524 1813 2603 egregium
1844 2524 1907 2585 in
1939 2522 2143 2604 probis

491 2641 561 2683 ac
582 2619 864 2683 studiosis
890 2616 1053 2692 viris,
1080 2615 1215 2677 ideo
1248 2614 1556 2695 subjungit
1586 2633 1602 2674 :
1639 2613 1937 2678 Glorietur
1960 2613 2143 2677 frater

493 2711 595 2792 qui
620 2708 862 2771 humilis
894 2703 1650 2792 est,etc.Quomodoautem
1673 2709 1930 2792 etquare
1946 2701 2142 2764 dictus

493 2790 586 2863 est
615 2799 767 2863 alius
784 2795 1006 2876 duplici
1032 2792 1263 2855 animo?
1283 2791 1450 2865 Quod
1474 2808 1670 2871 neque
1691 2790 1764 2851 ad
1787 2798 2140 2871 praesentem

492 2887 669 2949 vitam
704 2905 897 2967 neque
919 2885 990 2946 ad
1016 2883 1270 2945 futuram
1296 2880 1682 2944 sitﬁrmatus:
1723 2898 1859 2942 nam
1893 2879 2006 2941 vita
2035 2879 2135 2941 di-

489 2978 643 3040 citur
685 2976 862 3038 etiam
896 2973 1200 3055 anima,ut
1231 2990 1364 3033 cum
1408 2969 1665 3032 dicitur:
1698 2994 1725 3025 α
1763 2969 1979 3033 Omnia
2006 2986 2139 3048 quae

2225 923 2326 994 ψον
2383 921 2470 977 επὶ
2516 921 2725 1001 Κύριον,
2783 922 2873 978 καὶ
2929 923 3076 978 ατ.τοῦ
3127 917 3252 1000 παρ’
3285 920 3445 977 αὐτοῦ
3502 914 3831 980 ἀδιστάκτως
3866 933 3883 950 ⁸

2223 1010 2311 1064 καὶ
2384 1010 2568 1087 γνώσῃ
2648 1012 2748 1078 τὴν
2831 1008 3309 1091 πολύσπλαγχνίαν
3396 1008 3574 1082 αὑτοῦ,
3659 1004 3741 1062 ὅτι
3824 1006 3887 1062 οὑ

2223 1100 2300 1173 μή
2351 1120 2410 1155 σε
2466 1099 2821 1182 ἐκγαταλίπῃ,
2908 1099 3045 1157 ἀλλὰ
3122 1103 3185 1157 τὸ
3262 1098 3474 1175 αἴτημα
3541 1102 3640 1165 τῆς
3693 1101 3881 1177 ψυχῆς

2222 1210 2316 1245 σου
2345 1187 2764 1270 πληροφορήσεί.
2827 1191 2935 1248 Οὒκ
2992 1188 3105 1247 ἔστι
3163 1190 3264 1269 γὰρ
3301 1191 3329 1245 6
3389 1190 3517 1253 Θεὸς
3575 1189 3648 1252 ὥς
3690 1189 3738 1244 οἱ
3780 1183 3883 1244 ἄν·

2223 1280 2443 1354 θρωποι,
2518 1282 2565 1336 οἱ
2638 1286 3087 1355 μνησικακοῦντες
3172 1276 3456 1358 ἀλλήλοις,
3530 1273 3651 1333 ἀλλ’
3722 1274 3882 1339 αὑτὸς

2222 1368 2586 1443 ἀμνησίκακός
2616 1368 2749 1443 ἐστι,
2803 1371 2891 1425 καὶ
2947 1367 3364 1449 σπλαγχνίζεται
3420 1367 3508 1423 ἐπὶ
3561 1366 3660 1433 τὴν
3716 1365 3883 1432 ποίη-

2223 1479 2304 1513 σιν
2348 1457 2527 1519 arb-:05.
2588 1479 2619 1514 α
2680 1457 2846 1538 Ἀνὴρ
2903 1455 3149 1538 δίψυχος.
3200 1480 3228 1513 ι)
3292 1458 3529 1535 Δίψυχον
3587 1453 3750 1511 ἅνδαα
3790 1454 3884 1511 τόν

2221 1545 2609 1626 ἆνεπέρειστον,
2674 1548 2765 1603 τὸν
2815 1547 3132 1627 ἆστήρικτον
3177 1544 3345 1627 λέγει,
3403 1546 3493 1602 τὸν
3552 1544 3691 1621 μήτε
3747 1544 3881 1623 πρὸς

2221 1636 2287 1691 τὰ
2317 1633 2578 1709 μέλλοντα
2642 1636 2871 1714 παγίως,
2919 1637 3057 1712 μήτε
3115 1637 3247 1715 πρὸς
3303 1635 3371 1692 τὰ
3411 1634 3646 1715 παρόντα
3700 1632 3879 1713 ἀσφα-

2221 1723 2328 1787 λῶς
2391 1722 2741 1803 ἡδρασμένον,
2788 1723 2937 1781 me;
2993 1722 3120 1802 τῇδε
3181 1723 3402 1781 κάκεῖσε
3458 1722 3720 1803 ἀγόμενον
3788 1722 3880 1777 καὶ

2223 1813 2652 1895 περιφερόμενον,
2700 1815 2788 1871 καὶ
2833 1815 2965 1873 ποτὲ
3008 1815 3106 1890 μὲν
3147 1821 3253 1871 τῶν
3301 1811 3627 1890 μελλόντων,
3665 1809 3793 1868 ποτὲ
3822 1808 3879 1866 δὲ

2221 1909 2326 1960 τῶν
2356 1904 2631 1983 παρόντων
2673 1903 3055 1985 ἀντεχόμενον.
3115 1904 3213 1962 Τὸν
3256 1901 3312 1959 δὲ
3358 1912 3599 1962 τοιοῦτον
3629 1902 3715 1957 καὶ
3743 1898 3878 1957 κλύ-

2220 1990 2344 2048 δωνι
2394 1993 2647 2050 ἀπείκασε
2704 1992 2973 2061 θαλάσσης
3033 1996 3126 2053 οὑκ
3169 1991 3353 2073 ἔχοντι
3412 1993 3474 2048 τὺ
3524 1988 3731 2071 ἑδραῖον
3789 1991 3881 2048 καὶ

2221 2082 2501 2158 στάσιμον,
2530 2084 2618 2139 καὶ
2669 2080 2809 2139 ἄνθει
2870 2083 3069 2163 χόρτου
3128 2080 3241 2139 οὐδὲ
3298 2083 3440 2155 αὒτῷ
3496 2079 3876 2161 παραμένοντι,

2222 2170 2340 2227 ἀλλ’
2396 2172 2508 2249 ἅμα
2567 2178 2644 2247 τῷ
2673 2171 2950 2230 ἀνατεῖλαι
3009 2175 3095 2229 τὸν
3156 2170 3335 2246 ἥλιον,
3411 2169 3876 2250 ἀπορυῒσκομένῳ,

2221 2261 2417 2318 Σκόπει
2461 2259 2516 2317 δὲ
2546 2260 2626 2318 ὅτι
2657 2261 2752 2319 οὑκ
2793 2262 2941 2338 εἶπε,
2995 2262 3179 2341 χόρτῳ
3232 2259 3465 2318 ἐοικέναι
3493 2261 3586 2316 τὸν
3615 2262 3875 2335 τοιοῦτον,

2220 2347 2339 2405 ἀλλ’
2394 2347 2539 2406 ἄνθει
2596 2352 2817 2431 χόρτου,
2862 2353 2923 2407 τὸ
2976 2350 3170 2416 τελέως
3224 2348 3603 2431 ὀλιγοχρόνιον
3644 2347 3732 2405 διὰ
3784 2360 3881 2409 τοῦ

2222 2435 2405 2503 ἄνθους
2436 2437 2635 2506 δηλῶν.
2698 2438 2915 2507 Ἐπειδὴ
2946 2437 3001 2495 δὲ
3055 2446 3163 2497 τῶν
3219 2437 3396 2496 καλῶν
3440 2439 3688 2495 ἁπάντων
3741 2461 3878 2514 μαι-

2224 2529 2430 2608 εύτριαν
2478 2527 2593 2586 οἶδε
2646 2531 2746 2598 τὴν
2788 2530 3293 2610 ταπεινοφροσύνην,
3354 2529 3442 2586 καὶ
3497 2525 3619 2585 ἄνευ
3673 2529 3874 2596 ταύτης

2224 2615 2368 2676 οὐδὲν
2426 2620 2839 2699 κατορθούμενον
2880 2620 2987 2676 τῶν
3030 2617 3346 2695 σπουδαίων,
3411 2616 3499 2675 διὰ
3536 2624 3693 2675 τοῦτο
3749 2618 3875 2676 ἐπι-

2224 2706 2366 2787 φέρει
2407 2710 2492 2782 τὸ,
2568 2709 2869 2789 Καυχάσθω
2911 2711 2940 2765 6
2982 2706 3203 2787 ἀδελφὸς
3247 2711 3275 2764 6
3333 2709 3605 2775 ταπεινὸς,
3666 2709 3753 2765 καὶ
3807 2710 3877 2766 τὰ

2224 2796 2345 2863 ἑξῆς
2402 2800 2524 2862 Πῶς
2556 2796 2610 2853 δὲ
2648 2796 2873 2878 δίψυχος
2904 2798 3116 2877 εἴρηται
3160 2798 3245 2854 καὶ
3300 2795 3384 2854 διὰ
3438 2798 3489 2853 τί
3529 2817 3547 2875 ;
3597 2789 3690 2863 Ὠς
3734 2799 3875 2875 μήτε

2222 2887 2352 2964 πρὸς
2384 2894 2484 2954 τὴν
2541 2894 2810 2966 παροῦσαν
2852 2888 3017 2964 ζωὴν,
3066 2888 3205 2964 μήτε
3244 2889 3375 2965 πρὸς
3417 2888 3518 2956 τὴν
3576 2888 3875 2963 μέλλουσαν

2218 2972 2568 3054 ἡδρασμένος.
2614 2977 2782 3057 Ψυχὴ
2826 2978 2926 3057 γὰρ
2969 2977 3058 3034 καὶ
3098 2978 3132 3045 ἡ
3163 2976 3275 3047 ζωὴ
3304 2975 3535 3055 λέγεται,
3570 2979 3645 3042 ὡς
3688 2982 3744 3035 ἓν
3771 2983 3873 3054 τῷ.

486 3066 668 3129 habet
692 3067 870 3127 homo
902 3062 1064 3150 dabit
1088 3080 1193 3143 pro
1215 3061 1413 3150 anima
1432 3077 1538 3150 sua
1555 3058 1607 3118 6.
1639 3084 1665 3115 κ
1688 3093 1769 3104 -
1791 3080 1814 3115 ιι
1846 3058 1907 3150 in
1938 3058 2137 3119 omni-

2229 3085 2255 3118 α
2290 3064 2466 3120 Πάντα
2496 3063 2595 3122 ὅσα
2623 3063 2741 3146 ἔχει
2800 3065 3071 3145 ἄνθρωπος
3129 3063 3284 3121 δώσει
3339 3064 3471 3145 ὑπὲρ
3528 3072 3628 3134 τῆς
3670 3072 3875 3150 ,ψυχῆς

488 3156 603 3217 bus
631 3155 743 3216 viis
772 3153 918 3216 suis.
952 3177 974 3207 ι)
995 3149 1131 3213 Vias
1153 3149 1298 3211 dicit
1318 3148 1503 3209 animi
1536 3154 1730 3210 motus
1761 3145 1979 3227 quibus
2000 3165 2138 3228 spes

492 3245 778 3323 elevatur,
803 3242 926 3302 sive
949 3258 1080 3320 quae
1108 3238 1269 3300 utilis
1294 3245 1382 3300 est
1411 3240 1531 3299 sive
1562 3256 1694 3319 quae
1723 3236 1968 3312 inutilis,
1971 3237 2139 3316 juxta

487 3331 548 3394 id
578 3332 738 3412 quod
769 3330 848 3393 ait
864 3328 1070 3391 David:
1106 3326 1208 3389 «Et
1233 3346 1441 3389 omnes
1462 3327 1590 3389 vias
1618 3345 1782 3388 meas
1803 3344 2138 3408 praecogno-

489 3420 625 3482 visti
643 3422 732 3483 7.»

569 3509 812 3585 1,9-11.
863 3507 1179 3571 Gloriatur
1236 3514 1440 3571 autem
1495 3508 1690 3585 frater
1741 3511 1847 3586 qui
1888 3503 2139 3568 humilis

488 3609 579 3663 est
608 3602 675 3662 in
695 3597 1069 3661 sublimitate
1118 3605 1509 3661 sua:contra
1560 3595 1668 3677 qui
1712 3594 1881 3657 dives
1932 3602 2040 3669 est,
2071 3595 2139 3656 in

486 3688 828 3752 humilitate
855 3704 967 3749 sua
1003 3704 1014 3743 :
1052 3691 1341 3766 quoniam
1367 3685 1555 3748 veluti
1604 3683 1716 3764 ﬂos
1762 3682 1956 3745 herbas
1984 3701 2138 3764 prae-

486 3780 710 3843 teribit.
747 3777 1022 3840 Exortus
1053 3782 1139 3838 est
1171 3776 1334 3838 enim
1359 3774 1450 3838 sol
1493 3790 1631 3836 cum
1675 3779 1844 3844 (astu,
1878 3780 1936 3836 et
1983 3789 2135 3835 exa-

483 3869 611 3930 ruit
638 3867 847 3940 herba,
880 3874 937 3929 et
965 3864 1078 3946 ﬂos
1101 3865 1272 3928 illius
1303 3864 1551 3941 decidit,
1576 3868 1631 3925 et
1648 3862 1832 3925 decor
1859 3868 2138 3942 aspectus

484 3957 655 4020 illius
706 3956 909 4036 periit.
969 3955 1077 4017 Sic
1125 3961 1183 4017 et
1232 3955 1400 4017 dives
1456 3954 1525 4016 in
1583 3952 1701 4015 vtis
1739 3955 1870 4014 suis
1899 3967 2136 4013 mares-

486 4052 602 4110 cet.

569 4226 864 4313 Quoniam
893 4225 1263 4288 vacillantem
1286 4224 1571 4287 assimilat
1595 4222 1799 4287 ﬂuctui
1834 4222 1935 4303 qui
1963 4230 2135 4283 vento

486 4310 699 4397 agitur,
729 4316 831 4395 qui
860 4315 1098 4376 inﬂatus
1132 4313 1487 4377 sublimatur
1516 4333 1633 4376 una
1662 4331 1797 4374 cum
1829 4310 2137 4392 spiritibus

487 4405 812 4481 maris,sed
846 4404 1187 4485 priusquam
1212 4404 1498 4477 elevetur,
1533 4400 1929 4484 prosternitur
1957 4420 2026 4463 ac
2046 4420 2110 4463 se

2220 3155 2398 3215 αὑτοῦ.
2437 3176 2461 3212 ι
2502 3188 2573 3198 —
2614 3173 2638 3211 α
2670 3154 2762 3211 Ἐν
2797 3155 2993 3219 πάσαις
3023 3168 3145 3219 ταῖς
3177 3152 3322 3218 ὁδοῖς
3368 3154 3548 3217 αὑτοῦ.
3591 3181 3611 3211 ι
3668 3147 3871 3240 Ὀδοὺς,

2218 3242 2311 3308 τὰς
2354 3244 2590 3323 ψυχικὰς
2615 3241 2760 3322 λέγει
2788 3245 3044 3325 κινήσεις,
3097 3248 3188 3308 αἷς
3240 3241 3446 3309 ἐλπίδες
3490 3243 3875 3327 ὲπαιωροῦνται

2219 3328 2331 3387 εἴτε
2360 3334 2590 3411 χρησταὶ
2645 3329 2759 3388 εἴτε
2804 3334 2894 3389 καὶ
2950 3332 3054 3408 μὴ,
3099 3331 3228 3390 καθό
3271 3354 3400 3412 φησι
3457 3335 3543 3391 καὶ
3602 3337 3630 3391 6
3680 3336 3872 3415 Δαυῖδ,

2227 3443 2248 3475 ι
2287 3422 2386 3478 Καὶ
2426 3422 2597 3487 πάσας
2628 3422 2724 3485 τὰς
2756 3418 2904 3486 ὁδούς
2936 3443 3039 3497 μου
3065 3419 3335 3502 προεῖδες.
3375 3445 3399 3481 ν

2309 3530 2331 3563 ι
2397 3512 2699 3590 Καυχάσθω
2754 3509 2809 3568 δὲ
2871 3514 2898 3568 6
2957 3509 3200 3592 ἁδελφὸς,
3259 3514 3287 3569 6
3342 3514 3613 3596 ταπεινὸς,
3687 3515 3741 3573 ἐν
3799 3524 3878 3594 τῷ

2219 3596 2340 3674 ὕψει
2424 3598 2583 3660 αὑτοῦ
2618 3619 2630 3633 ·
2703 3604 2732 3658 6
2815 3599 2872 3657 δὲ
2940 3599 3189 3664 πλούσιος
3260 3601 3322 3659 ἐκ
3403 3609 3473 3681 τῇ
3556 3605 3869 3663 ταπεινώσει

2219 3687 2379 3747 αὑτοῦ
2411 3732 2425 3748 .
2535 3687 2617 3746 ὅτι
2727 3692 2801 3755 ὡς
2904 3690 3054 3757 ἄνθος
3163 3691 3362 3772 χόρτου
3471 3691 3865 3774 παρελεύσεται.

2221 3774 2487 3835 Ἀνέτειλε
2530 3779 2633 3860 γὰρ
2675 3781 2703 3837 6
2765 3777 2919 3847 ἥλιος
2986 3780 3079 3835 σὺν
3121 3787 3199 3855 τῷ
3266 3782 3522 3859 καύσωνι,
3594 3784 3682 3840 καὶ
3750 3782 3873 3856 ἐξῆ-

2221 3888 2342 3944 ρανε
2412 3869 2503 3923 τὸν
2572 3868 2794 3957 χόρτον,
2875 3869 2962 3926 καὶ
3044 3869 3106 3926 τὸ
3176 3868 3330 3935 ἄνθος
3397 3873 3554 3930 αὐτοῦ
3635 3871 3871 3957 ἐξέπεσε,

2219 3957 2309 4014 καὶ
2376 3958 2412 4025 ἡ
2482 3956 2767 4038 εὐπρέπεια
2843 3964 2935 4037 τοὺ
3020 3958 3308 4037 προσώπου
3378 3961 3533 4019 αὑτοῦ
3601 3956 3871 4027 ἀπώλετο,

2221 4044 2401 4110 Οὕτως
2470 4047 2559 4103 καὶ
2628 4049 2656 4103 6
2740 4044 2989 4112 πλούσιος
3054 4046 3108 4104 ἐν
3186 4061 3309 4113 ταῖς
3394 4050 3629 4131 πορείαις
3717 4054 3877 4112 αὐτοῦ

2220 4136 2634 4215 μαρανθήσεται,
2686 4159 2711 4194 ι)

2301 4222 2520 4294 Ἐπειδὴ
2574 4224 2799 4285 κλύδωνι
2851 4227 3046 4305 ἀνέμου
3111 4227 3203 4284 τὸν
3262 4226 3654 4309 διακρινόμενον
3712 4232 3876 4290 ἀπει-

2217 4315 2391 4395 κάζει,
2465 4315 2522 4377 ὃς
2581 4320 2950 4398 μετεωρίζεται
3007 4316 3106 4393 μὲν
3177 4331 3294 4383 τοῖς
3364 4319 3657 4396 πνεύμασιν
3714 4319 3874 4402 ἐξογ-

2217 4404 2495 4485 κούμενος,
2555 4407 2744 4463 θᾶττον
2803 4405 2859 4463 δέ
2915 4409 2952 4476 ἢ
3019 4408 3294 4483 ὑψωθῆναι
3354 4412 3761 4491 καταστορεῖταί
3815 4434 3875 4470 τε

488 4494 697 4557 datur:
731 4496 841 4556 boc
880 4495 1073 4574 ipsum
1122 4502 1320 4554 autem
1366 4493 1654 4572 contingit
1680 4489 1997 4562 vacillanti,
2033 4490 2134 4572 qui

2223 4494 2302 4549 καὶ
2343 4494 2658 4570 κοιμίζεται,
2703 4497 2865 4555 ταύτὸ
2933 4494 2988 4552 δὲ
3037 4505 3191 4555 τοῦτο
3246 4498 3334 4554 καὶ
3392 4499 3421 4554 6
3476 4489 3874 4579 διακρινόμενος

484 4602 608 4665 prae
636 4585 785 4646 iastu
813 4602 880 4646 ac
909 4582 1190 4662 superbia
1216 4584 1273 4645 in
1306 4582 1468 4644 nullo
1500 4599 1707 4644 eorum
1741 4598 1871 4661 quae
1905 4587 2137 4660 oportet

482 4675 679 4735 ﬁrmat
706 4693 843 4735 suas
875 4673 1213 4753 petitiones;
1238 4680 1550 4753 propterea
1579 4667 2137 4749 subjuugitzGlorie-

486 4770 585 4826 tur
612 4763 798 4826 frater
827 4764 927 4844 qui
959 4772 1050 4823 est
1075 4761 1341 4823 humilis.
1377 4762 1461 4824 Ac
1492 4761 1543 4823 si
1573 4760 1802 4822 diceret
1831 4777 1843 4821 :
1883 4757 1993 4830 Qui
2018 4758 2138 4820 vult

484 4852 787 4933 quippiam
824 4859 1046 4933 petere,
1081 4851 1341 4931 primum
1361 4851 1600 4931 quidem
1629 4856 1784 4929 petat
1805 4866 1937 4928 quae
1965 4865 2136 4928 opor-

486 4941 660 5015 tet,in
692 4942 909 5023 quibus
941 4960 1314 5021 nequaquam
1346 4938 1716 5002 fraudabitur
1739 4938 1942 5019 petitts
1971 4938 2135 5000 :haec

485 5038 682 5092 autem
704 5043 844 5092 sunt
870 5049 1118 5110 regnum
1143 5028 1249 5091 Dei
1272 5039 1327 5091 et
1346 5030 1609 5109 justitia:
1635 5028 1854 5090 deinde
1872 5025 2134 5094 tolerans

484 5119 560 5181 sit
588 5120 649 5180 in
676 5120 879 5181 talium
914 5119 1430 5200 petilione,neque
1459 5119 1560 5181 ubi
1594 5118 1898 5198 paululum
1922 5135 2133 5200 preca-

484 5215 579 5268 tus
611 5216 719 5283 est,
746 5208 941 5268 statim
971 5208 1326 5285 discedat,id
1360 5209 1518 5270 enim
1550 5209 1878 5286 arrogantis
1908 5207 2131 5271 est:sed

487 5297 987 5375 exspectetdonec
998 5298 1267 5377 accipiat,
1280 5316 1385 5378 per
1396 5296 1785 5359 humilitatem
1803 5298 2129 5361 tolerando.

494 5406 517 5442 ι
549 5384 661 5456 Qui
691 5384 927 5447 humilis
949 5396 1083 5463 est,,
1105 5386 1163 5447 in
1188 5387 1548 5450 sublimitate
1564 5404 1727 5449 sua.»
1750 5386 1832 5449 Ex
1849 5388 2132 5451 humilia-

486 5471 648 5535 tione
660 5474 994 5537 secundum
1006 5474 1500 5555 Deum,coniingit
1517 5477 1692 5539 nobis
1704 5496 1880 5541 omne
1890 5477 2129 5542 bonum.

566 5648 599 5703 ϐ
620 5648 750 5718 Job.
779 5668 844 5737 ιι,
879 5653 936 5716 4.
1025 5656 1055 5705 7
1084 5654 1235 5723 Psal.
1264 5672 1542 5735 CXXXVIII,
1574 5655 1635 5721 4.

2216 4582 2441 4662 πάσχει,
2512 4580 2564 4649 ἐξ
2618 4585 2973 4664 ὑπερηφανίας
3043 4587 3132 4642 καὶ
3198 4586 3487 4665 ὑπεροψίας
3543 4589 3674 4668 πρὸς
3727 4587 3876 4650 οὐδὲν

2220 4672 2321 4728 τῶν
2359 4670 2582 4730 δεόντων
2642 4672 2990 4753 ἐπιστηρίζων
3042 4674 3137 4738 τὰς
3213 4674 3399 4735 ἑαυτοῦ
3455 4677 3717 4758 αἰτήσεις,
3790 4677 3877 4737 διὰ

2216 4770 2369 4820 τοῦτο
2398 4761 2631 4842 ἐπιφέρει
2660 4764 2743 4839 τὸ,
2791 4763 3092 4844 Καυχάσθω
3136 4765 3165 4820 6
3225 4761 3447 4844 ἀδελφὸς
3493 4767 3522 4822 6
3578 4768 3825 4835 ταπεινός
3854 4815 3871 4833 .

2215 4850 2452 4911 τοιοῦτόν
2480 4874 2531 4907 τι
2575 4850 2746 4930 λέγων
2782 4872 2797 4887 ⁸
2862 4844 2918 4911 Ὀ
2962 4851 3284 4930 βουλόμενος
3329 4855 3499 4912 αἰτεῖν
3556 4877 3608 4911 τι
3663 4863 3873 4938 πρῶτον

2218 4941 2317 5016 μὲι
2363 4941 2571 4997 αἰτείτω
2610 4943 2675 5001 τὰ
2742 4941 2950 5018 δέοντα,
2996 4941 3049 5000 ἒν
3109 4946 3194 5008 οἷς
3243 4941 3358 5003 οὐδὲ
3413 4943 3709 5025 ἆστοχήσει
3765 4949 3876 5006 τῶν

2218 5030 2564 5107 αἰτουμένων,
2627 5038 2803 5090 Ταῦτα
2861 5030 2916 5089 δέ
2974 5032 3114 5092 ἐστιν
3186 5035 3222 5102 ἡ
3285 5031 3524 5110 βασιλεία
3577 5041 3670 5093 τοῦ
3742 5046 3875 5096 Θεοῦ

2215 5122 2302 5177 καὶ
2349 5123 2383 5190 ἡ
2434 5118 2759 5190 δικαιοσύνη.
2823 5111 3058 5182 ’Ἔπειτα
3099 5124 3414 5205 καρτερείτω
3455 5126 3573 5205 περὶ
3612 5127 3712 5195 τὴν
3765 5134 3876 5185 τῶν

2215 5210 2466 5268 τοιούτων
2522 5210 2763 5288 αἴτησιν,
2850 5212 2988 5271 ἀλλὰ
3049 5214 3126 5290 μὴ
3186 5212 3270 5272 ἐπ’
3332 5211 3510 5291 ὀλίγον
3564 5214 3872 5297 εὗξάμενος,

2216 5299 2360 5363 εὐθὺς
2390 5299 2759 5381 ἀναχωρείτω,
2793 5300 3073 5383 (ἀλαζόνος
3102 5304 3202 5384 γὰρ
3253 5300 3458 5383 τοῦτο,)
3520 5302 3657 5362 ἄλλά
3711 5327 3878 5387 περι-

2214 5389 2417 5478 μενέτω
2497 5391 2596 5459 τὴν
2679 5390 2845 5470 λῆψιν
2931 5393 2986 5450 ἐν
3072 5393 3390 5453 ταπεινώσει
3472 5402 3873 5478 προκαρτερῶν.

2220 5502 2246 5534 α
2312 5471 2371 5538 Ὀ
2426 5484 2693 5560 ταπεινὸς,
2743 5483 2797 5540 ἐν
2840 5491 2917 5560 τῷ
2970 5482 3093 5561 ὕψει
3152 5486 3329 5548 αὑτοῦ,
3372 5509 3394 5543 ι
3458 5471 3555 5543 Ἐκ
3610 5471 3704 5548 τοῦ
3734 5471 3876 5548 κατὰ
