4136 6420
240 347 364 414 465

1219 345 1617 414 COMMENT.
1662 346 1748 409 IN
1791 347 2034 411 EPIST.
2080 344 2405 411 GATHOL.
2450 347 2733 411 JADOBI.

3509 349 3628 414 466

234 480 480 561 ὑπολάϐῃ
513 480 712 559 ὁμοίως
756 483 893 558 ἡμῖν
939 484 1028 540 καὶ
1069 482 1161 540 τὸν
1205 482 1327 540 Υἱὸν
1368 480 1655 540 ἀποτεκεῖν
1710 479 1883 555 αὐτὸν,

1978 478 2207 543 mutati.
2241 477 2549 552 Quomodo
2577 497 2837 561 namque
2880 480 3253 545 immutabile
3283 489 3439 546 esset
3466 484 3624 565 quod

231 575 321 630 καί
344 570 461 649 μεθ’
489 573 646 648 ἡμῶν
696 572 784 629 καὶ
824 572 914 629 τὸν
972 572 1093 628 Υἱὸν
1141 574 1507 651 γεγεννῆσθαι,
1562 569 1747 649 ἐπάγει
1802 570 1886 649 τὸ,

230 661 389 741 Λόγῳ
429 659 705 729 ἀληθείας,
754 661 957 729 Πάντα,
989 660 1111 740 γὰρ,
1146 661 1281 717 κατὰ
1304 661 1396 717 τὸν
1437 664 1581 717 θεῖον
1611 656 1884 732 Ἰωάννην,

230 748 318 807 διὰ
356 759 452 810 τοῦ
495 752 617 808 Υἱοῦ
645 749 875 830 ἐγένετο.
933 747 1102 807 ’Ὥστε
1146 752 1189 806 εἱ
1231 748 1315 808 διὰ
1352 756 1445 807 τοὺ
1499 754 1597 817 τῆς
1641 745 1887 815 ἀληθείας

234 840 409 919 Λόγου
436 842 472 909 ἡ
498 838 720 920 πρόοδος
750 842 911 916 ἡμῖν,
944 841 991 896 οἱ
1048 840 1109 896 τὸ
1167 839 1310 896 εἶναι
1360 837 1580 919 ἔχοντες
1636 836 1741 898 ἀπὸ
1797 846 1889 896 τοῦ

236 929 431 1007 Λόγου,
465 931 569 1008 οὐχ
613 930 892 1007 ὁμογενεῖς
923 934 1001 1002 τῷ
1027 924 1114 1009 ὑφ’
1143 928 1203 985 οὗ
1257 927 1570 1006 γεγόναμεν.
1611 948 1638 982 α
1686 927 1775 990 Εἰς
1828 932 1890 982 τὸ

238 1017 385 1075 εἶναι
425 1019 570 1094 ἡμᾶς
611 1018 892 1099 ἀπαρχήν,
929 1040 957 1072 n
1018 1016 1162 1075 Ἀντὶ
1217 1025 1309 1077 τοῦ
1352 1018 1593 1098 πρώτους
1645 1017 1733 1074 καὶ
1801 1039 1890 1073 τι-

238 1106 560 1183 μιωτάτους.
614 1109 889 1184 Κτίσματα
940 1105 996 1164 δὲ
1057 1107 1221 1175 αὐτὴν
1265 1106 1362 1176 τὴν
1420 1106 1695 1188 ὁρωμένην
1723 1107 1890 1163 κτίσιν

236 1196 392 1277 φησι.

1973 586 2045 630 ex
2073 587 2193 630 non
2225 586 2358 631 esse
2391 587 2498 649 per
2548 569 2935 632 mutationem
2982 570 3250 652 procedit
3296 572 3373 635 ad
3434 591 3565 637 esse
3590 573 3622 634 ‘2

1970 656 2202 721 Deinde
2221 658 2359 739 quia
2380 657 2528 719 dixit
2552 679 2566 720 :
2598 660 2923 739 Progenuit
2942 678 3073 737 nos,
3090 678 3167 723 ne
3195 659 3327 743 quis
3357 662 3621 743 suspica-

1970 754 2134 808 retur
2160 747 2317 828 quod
2349 747 2625 811 similiter
2651 755 2715 810 ut
2743 757 2802 811 et
2842 767 2973 826 nos,
3009 750 3199 830 ipsum
3250 768 3486 831 quoque
3514 750 3620 814 Fi-

1972 835 2114 897 lium
2148 837 2560 918 progenuerit,
2603 844 2662 900 et
2690 855 2809 901 una
2841 838 3150 901 nobiscum
3184 838 3365 900 etiam
3397 839 3615 902 Filium

1972 925 2156 988 fuisse
2186 935 2413 1001 natum,
2446 927 2790 1007 subjungit:
2824 927 3022 992 Verbo
3071 928 3356 991 veritatis.
3407 928 3622 992 Omnia

1973 1015 2157 1091 enim,
2173 1016 2343 1096 juxta
2363 1015 2601 1079 beatum
2630 1016 2921 1083 Joannem
2953 1018 3026 1094 11,
3062 1034 3167 1098 per
3208 1015 3422 1079 Filium
3468 1018 3623 1082 facta

1972 1112 2131 1168 sunt.
2162 1103 2366 1187 Itaque
2395 1104 2446 1166 si
2474 1123 2585 1187 per
2630 1104 2892 1169 Verbum
2946 1105 3209 1169 veritatis
3266 1125 3622 1187 progressus

1973 1191 2147 1255 nobis
2196 1193 2466 1274 contigit,
2499 1194 2600 1277 qui
2643 1213 2677 1256 a
2730 1195 2927 1258 Verbo
2982 1193 3271 1257 habemus
3312 1214 3467 1270 esse,
3501 1214 3620 1258 non

239 1299 456 1346 sumus
482 1301 599 1347 una
627 1301 764 1347 cum
797 1302 869 1349 eo
897 1283 1082 1366 geniti
1109 1301 1144 1346 a
1173 1301 1290 1365 quo
1318 1283 1458 1347 facti
1485 1300 1713 1346 sumus.
1751 1305 1779 1339 α
1813 1280 1889 1346 Ut
1917 1299 2186 1346 essemus
2231 1282 2528 1365 primitiae.
2567 1303 2595 1345 ›
2647 1285 2774 1348 Hoc
2822 1290 2932 1363 est,
2972 1282 3149 1366 primi
3190 1294 3251 1346 et
3278 1284 3622 1346 honoratis-

239 1369 422 1456 simi.
440 1375 712 1450 Κτίσματα
754 1381 952 1437 autem
983 1373 1131 1437 dicit
1161 1373 1351 1456 ipsam
1374 1373 1673 1437 visibilem
1696 1379 2050 1436 creaturam.

318 1483 344 1518 ι
383 1451 581 1536 "una,
614 1462 829 1544 ἀδελφοί
858 1488 960 1543 μου
988 1451 1279 1544 ἀγαπητοὶ,
1305 1464 1445 1522 ’έστω
1479 1471 1583 1531 πᾶς
1613 1460 1883 1541 ἅνθρωπος

229 1551 400 1631 ταχὺς
431 1552 505 1617 εἰς
549 1554 610 1610 τὸ
639 1553 887 1629 ἀκοῦσαι,
945 1551 1133 1634 βραδὺς
1180 1555 1254 1618 εἷς
1308 1556 1369 1611 τὸ
1412 1553 1662 1628 λαλῆσαι,
1695 1552 1882 1632 βραδὺς

229 1640 515 1801 εξζόργήν.
552 1642 720 1722 Ὀργὴ
750 1643 850 1722 γὰρ
878 1641 1059 1722 ἀνδρὸς
1091 1640 1425 1711 δικαιοσύνην
1455 1650 1585 1731 Θεού
1604 1643 1663 1701 ού
1693 1634 1884 1723 κατερ-

229 1753 264 1801 γ
331 1750 470 1790 εται.
520 1753 546 1788 ι

228 1750 443 1809 γαςεται
455 1774 470 1790 .
520 1753 546 1788 ι

2045 1459 2095 1536 Ι,
2130 1461 2344 1524 19-921.
2383 1460 2618 1544 Itaque,
2640 1465 2875 1542 fratres
2902 1469 3027 1527 mei
3054 1462 3282 1539 dilecti,
3317 1468 3397 1527 sit
3425 1465 3620 1527 omnis

1964 1549 2140 1613 homo
2168 1550 2345 1614 velox
2367 1551 2447 1614 ad
2474 1552 2863 1630 audiendum,
2875 1552 3090 1616 tardus
3121 1552 3201 1614 ad
3226 1552 3617 1633 loquendum,

1967 1640 2178 1702 tardus
2204 1641 2283 1704 ad
2304 1642 2484 1706 iram.
2519 1639 2629 1703 Ira
2658 1642 2820 1705 enim
2848 1644 2976 1706 uiri
2994 1643 3305 1723 justitiam
3359 1640 3477 1703 Dei
3502 1660 3623 1705 non

1967 1729 2176 1810 efﬁcit.

312 1796 407 1900 :l‘o,
453 1820 658 1902 Τάχὺς,
705 1823 827 1902 οὐχὶ
868 1823 943 1886 εἷς
986 1821 1150 1898 ψιλὴν
1220 1821 1470 1901 ἀκρόασιν
1526 1821 1877 1902 περιίστησιν,

2000 1796 2183 1880 "448
2203 1819 2373 1894 Quod
2393 1821 2477 1883 ait
2492 1819 2698 1897 Velox,
2734 1838 2854 1886 non
2884 1820 2956 1883 ad
2989 1819 3212 1882 nudam
3243 1818 3609 1882 auditionem

230 1906 354 1965 ἀλλ’
382 1910 456 1972 εἷς
488 1908 585 1979 μὲν
614 1909 843 1990 ἐνεργον,
875 1912 963 1969 καὶ
991 1913 1053 1968 τὸ
1082 1911 1299 1968 ἀκοῦσαι
1327 1914 1458 1991 πρὸς
1486 1912 1586 1980 τὴν
1618 1910 1880 1992 μεταχεί-

233 2019 368 2074 ρισιν
434 2003 540 2055 τῶν
594 1999 936 2074 ἠκουσμένων
1005 2001 1348 2082 ἀφορμῶσαν,
1420 1991 1725 2059 Ἐπίσταται
1780 1991 1880 2079 γὰρ

229 2088 324 2144 τὸν
397 2088 532 2164 μετὰ
601 2085 832 2156 σπουδῆς
886 2089 1156 2171 ὑπέχοντα
1221 2103 1334 2155 τοῖς
1405 2089 1713 2169 λεγομένοις
1781 2089 1878 2158 τὴν

225 2176 422 2257 ἀκοὴν,
466 2177 554 2234 καὶ
602 2179 735 2252 πρὸς
789 2179 888 2247 τὴν
945 2179 1190 2259 ἐργασίαν
1230 2181 1440 2260 τούτον,
1497 2178 1711 2256 ἕτοιμον
1734 2201 1878 2236 ,πα-

225 2266 442 2349 ρέξοντα
500 2268 686 2328 ἑαυτόν
718 2287 735 2305 ·
808 2269 987 2349 ὥσπερ
1069 2271 1164 2328 ἀπ’
1250 2260 1510 2348 ἐναντίας,
1581 2272 1671 2327 τὸν
1747 2270 1882 2346 μετά

222 2354 550 2438 βραδυτῆτος
614 2357 745 2437 πρός
815 2381 867 2416 τι
934 2357 1289 2436 διατιθέμενον
1346 2366 1415 2438 τῇ
1484 2357 1741 2437 ἀναϐολῇ,
1794 2359 1882 2415 καὶ

224 2446 454 2522 πάμπαν
525 2446 827 2526 εἰργόμενον
881 2447 990 2507 ἔσθ’
1042 2448 1131 2506 ὅτε
1184 2452 1284 2519 τῆς
1340 2448 1719 2530 ἐγχειρήσεως.
1790 2447 1881 2504 Διὸ

229 2534 318 2592 ἐπὶ
355 2535 453 2611 μὲν
480 2540 579 2603 τῆς
632 2543 737 2593 τῶν
793 2537 943 2594 θείων
987 2535 1322 2603 διδασκαλίας
1377 2542 1656 2619 ταχυτῆτα
1700 2535 1883 2595 ἐντέλ-

232 2623 409 2699 λεται,
443 2624 527 2683 ἐπὶ
569 2623 624 2683 δὲ
681 2627 785 2684 τῶν
827 2625 1093 2708 ἐπισφαλῆ
1143 2627 1241 2696 τὴν
1299 2628 1661 2709 μεταχείρισιν
1716 2626 1883 2708 ἐχόν-

229 2738 364 2794 των,
431 2715 528 2783 τὴν
598 2714 917 2797 βραδυτῆτα.
982 2727 1156 2777 Ταῦτα
1213 2715 1267 2774 δέ
1318 2717 1453 2797 ἐστι,
1511 2719 1572 2774 τὸ
1626 2714 1881 2790 λαλῆσαι,

232 2807 294 2863 τὸ
323 2804 650 2886 ὀργισθῆναι.
688 2794 772 2863 υΗ
799 2827 858 2863 τε
898 2807 998 2886 γὰρ
1026 2807 1340 2887 ἀπρομηθής
1369 2794 1550 2882 λαλία,
1596 2804 1687 2872 ἥτε
1746 2805 1885 2863 ἀπε-

232 2895 510 2997 ρίσκεπῖος
731 2900 825 2997 οὐκ
870 2897 944 2961 εἰς
981 2896 1192 2997 ἀγαθδν
1235 2892 1341 2997 ἔσθ’
1396 2894 1486 2953 ὅτε
1539 2893 1686 2997 οἶδεν
1714 2895 1884 2997 ,ἀπο-

229 2974 502 3057 τελευτᾷν.
542 2974 626 3041 Δι’
657 2974 691 3042 δέ
729 2986 817 3043 καί
865 3008 947 3051 τις
972 2974 1105 3065 ἀνὴρ
1133 2986 1278 3053 θεῖός
1309 3007 1468 3067 φησιν
1505 3006 1519 3019 ·
1557 2974 1615 3043 Ὀ
1644 2983 1883 3056 λαλήσας

1959 1908 2246 1986 refertur,
2271 1909 2377 1972 sed
2426 1909 2499 1971 ad
2557 1916 2863 1972 strenuum
2916 1908 2979 1971 in
3036 1927 3216 1989 opere
3247 1915 3307 1970 et
3348 1927 3485 1971 eum
3518 1910 3621 1989 qui

1962 2006 2269 2079 postquam
2299 1999 2825 2081 audivit,procedit
2873 1998 2948 2061 ad
3000 2016 3069 2059 ea
3109 1997 3439 2079 praestanda
3487 2015 3616 2078 quae

1961 2087 2207 2151 audivit.
2251 2087 2422 2150 Novit
2452 2088 2612 2150 enim
2648 2107 2781 2150 eum
2815 2088 2917 2169 qui
2958 2086 3159 2150 subdit
3187 2085 3451 2148 auditum
3483 2104 3618 2148 cum

1962 2176 2158 2238 studio
2189 2178 2262 2240 ad
2292 2197 2362 2240 ea
2391 2196 2521 2258 quae
2544 2177 2847 2254 dicuntur,
2874 2176 3047 2239 etiam
3078 2175 3462 2257 praebiturum
3490 2173 3613 2236 sei-

1965 2284 2133 2346 psum
2146 2274 2414 2348 paratum
2439 2267 2511 2329 ad
2530 2285 2735 2329 eorum
2757 2266 3194 2345 operationem:
3220 2264 3612 2346 quemadmo-

1963 2354 2108 2416 dum
2134 2375 2166 2418 e
2198 2356 2431 2418 diverso
2487 2374 2627 2418 eum
2685 2356 2787 2436 qui
2818 2374 2954 2418 cum
2988 2353 3259 2416 tarditate
3291 2353 3364 2414 ad
3396 2350 3622 2434 aliquid

1966 2445 2452 2525 procrastinando
2484 2444 2754 2522 afﬁcitur,
2788 2443 3107 2526 aliquando
3161 2442 3396 2522 penitus
3438 2460 3615 2522 sepa-

1965 2534 2217 2596 randum
2248 2534 2321 2597 ab
2354 2533 2518 2596 omni
2559 2540 2776 2600 conatu
2824 2532 3046 2613 operis.
3078 2530 3221 2594 Ideo
3253 2533 3315 2591 in
3346 2529 3619 2591 doctrina

1965 2621 2206 2703 quidem
2238 2641 2439 2685 rerum
2472 2621 2805 2684 divinarum
2825 2620 3198 2684 velocitatem
3231 2618 3519 2699 praecipit,
3558 2619 3620 2679 in

1966 2711 2062 2773 his
2092 2720 2286 2774 autem
2317 2730 2447 2794 quae
2477 2711 2876 2793 periculosam
2905 2710 3130 2773 habent
3159 2707 3620 2771 administratio-

1968 2820 2129 2877 nem,
2169 2802 2527 2864 tarditatem.
2577 2801 2715 2863 Haec
2743 2808 2944 2863 autem
2970 2809 3106 2861 sunt
3135 2797 3299 2879 loqui
3331 2805 3389 2859 et
3417 2796 3618 2858 irasci.

1965 2888 2113 2953 Nam
2144 2899 2206 2953 et
2231 2890 2569 2953 inconsulta
2622 2889 2842 2952 lacutio
2902 2895 2961 2950 et
3011 2886 3510 2968 incircumspecla
3535 2885 3624 2946 ira

1966 3000 2083 3042 non
2142 2980 2302 3043 novit
2362 2999 2622 3062 unquam
2654 2980 2717 3041 in
2748 2978 2970 3042 bonum
3019 2976 3322 3040 desinere.
3370 2974 3624 3055 Propter

231 3073 473 3153 μετέγνω
501 3072 783 3148 πολλάκις,
829 3077 858 3133 ὁ
901 3073 957 3131 δὲ
1001 3064 1279 3147 σιωπήσας
1323 3064 1437 3132 οὐδέ
1483 3095 1632 3133 ποτε.
1696 3075 1796 3133 Καὶ
1852 3077 1880 3131 ὁ

1972 3068 2123 3150 quod
2154 3070 2245 3131 vir
2274 3069 2512 3151 quidam
2537 3068 2773 3132 divinus
2793 3068 2910 3130 ait:
2943 3066 3313 3147 Frequenter
3344 3064 3620 3146 paenituit

225 3152 485 3244 μακάριος
539 3160 593 3219 δέ
661 3162 822 3221 πάλιν
904 3162 1073 3224 Δαυῖδ
1103 3181 1119 3196 ⁸
1204 3185 1228 3221 ιι
1295 3152 1596 3244 Ὀργίζεσθε
1660 3164 1749 3219 καὶ
1806 3164 1884 3240 μὴ

221 3252 576 3333 ἁμαρτάνετε,
654 3276 682 3309 ι
770 3253 1039 3329 Τουτέστι,
1114 3252 1193 3330 μὴ
1251 3253 1606 3334 ὀργιζόμενοι,
1692 3251 1882 3319 εὐθέως

221 3344 315 3401 καὶ
355 3342 458 3410 τὴν
487 3339 929 3419 ὑποϐαλλομένην
958 3342 1020 3400 ἐκ
1056 3342 1153 3412 τῆς
1195 3344 1357 3422 ὀργῆς
1411 3341 1638 3421 ἐπάγετε
1667 3342 1878 3419 μανίαν,

227 3431 497 3511 Σύμιρωνα
537 3430 744 3496 τούτοις
787 3432 876 3488 καὶ
916 3431 984 3488 τὰ
1036 3430 1294 3511 παρόντα,
1353 3431 1425 3490 Τό
1493 3452 1555 3488 τε
1610 3430 1711 3511 γὰρ
1765 3426 1884 3509 περὶ

221 3521 286 3577 τὸ
334 3518 565 3587 λαλῆσαι
619 3520 802 3602 ἀργὸν,
848 3519 912 3577 τό
966 3541 1024 3577 τε
1066 3521 1187 3601 περὶ
1225 3521 1288 3577 τὸ
1316 3520 1620 3600 ὀργισθῆναι
1662 3521 1882 3599 νωθρὸν,

222 3615 296 3688 τῇ
323 3611 441 3692 περὶ
468 3616 635 3667 ταῦτα
691 3608 951 3686 μελλήσει
1006 3610 1312 3689 ἐπανήγαγε
1365 3611 1457 3666 τὸν
1510 3610 1884 3690 μεταχειριού-

230 3720 391 3776 μενον
445 3699 576 3778 πρὸς
632 3700 695 3756 τὸ
749 3697 864 3756 δέον
918 3698 1006 3757 καὶ
1034 3701 1097 3757 τὸ
1148 3699 1313 3764 εὖθές,
1365 3699 1464 3757 Καὶ
1518 3698 1554 3768 ἢ
1608 3697 1903 3764 παντελῶςκ

223 3790 327 3857 τὴν
368 3788 486 3869 περὶ
522 3794 687 3845 ταῦτα
744 3785 981 3855 ἐξέλυσεν
1040 3788 1213 3870 ὁρμήν
1268 3785 1353 3845 διὰ
1420 3786 1516 3856 τῆς
1559 3785 1876 3865 κεκριμένης

1968 3175 2100 3220 esse
2149 3157 2433 3240 locutum,
2489 3159 2744 3221 tacuisse
2800 3175 2939 3220 vero
2990 3172 3318 3237 nunquam.
3358 3153 3616 3215 Rursum

1964 3254 2160 3308 autem
2195 3246 2401 3309 beatus
2431 3246 2532 3308 ille
2560 3247 2743 3309 David
2781 3265 2795 3309 :
2826 3271 2852 3302 (ι
2880 3244 3209 3309 Irascimini
3232 3251 3288 3304 et
3309 3261 3385 3304 ne
3406 3260 3613 3323 pecce-

1966 3334 2040 3396 tis
2056 3335 2108 3379 19
2143 3358 2155 3397 :
2196 3360 2220 3393 »
2256 3337 2371 3399 hoc
2401 3344 2597 3412 est,ne
2629 3335 2802 3399 facile
2822 3333 3438 3409 irascendo,furorem
3457 3351 3616 3413 quo-

1965 3444 2081 3507 que
2112 3425 2372 3490 incitetis
2401 3444 2575 3507 quem
2630 3426 2891 3505 suggerit
2918 3421 3140 3491 ira.His
3171 3422 3346 3485 etiam
3380 3420 3623 3484 confor-

1968 3514 2088 3576 mia
2114 3522 2253 3577 sunt
2278 3534 2411 3596 quae
2440 3515 2538 3577 hic
2568 3515 2871 3577 dicuntur.
2906 3512 3215 3594 Siquidem
3258 3510 3504 3574 tarditas
3555 3508 3619 3573 in

1966 3603 2265 3684 loquendo
2296 3613 2353 3667 et
2382 3605 2656 3686 tepiditas
2685 3604 2745 3666 in
2774 3603 3109 3675 irascendo,
3143 3601 3523 3664 cunctatione
3552 3600 3616 3661 in

1966 3692 2060 3755 his
2114 3702 2392 3775 servata,,
2440 3694 2736 3757 reducunt
2790 3692 2864 3754 ad
2908 3691 2970 3753 id
3001 3691 3157 3774 quod
3187 3692 3409 3753 decens
3443 3698 3536 3751 est
3564 3696 3622 3751 et

1963 3789 2192 3845 rectum
2219 3799 2232 3845 :
2261 3790 2320 3844 et
2348 3782 2439 3846 vel
2463 3785 2706 3845 omnino
2722 3781 3010 3863 impetum
3041 3781 3201 3842 circa
3231 3780 3357 3841 haec
3390 3778 3615 3840 dissol-

221 3877 584 3954 ἐπισκέψεως,
645 3878 682 3943 ἢ
741 3878 877 3935 κατὰ
942 3881 1005 3935 τὸ
1059 3868 1330 3958 προσῆκον
1384 3877 1491 3934 τῶν
1550 3876 1876 3955 πραγμάτων

1972 3879 2103 3943 runt
2122 3890 2229 3953 per
2262 3871 2648 3935 deliberatam
2677 3868 3239 3945 considerationem,
3275 3869 3365 3958 vel
3387 3885 3613 3930 conve-

224 3968 553 4039 ποιήσασθαι
607 3967 707 4036 τὴν
763 3965 987 4034 διέξοδον
1065 3968 1260 4025 τούτων
1344 3966 1689 4045 εἰσηγήσατο,
1763 3966 1873 4041 μά-

1972 3960 2145 4024 aienti
2160 3961 2333 4023 modo
2352 3962 2422 4023 ad
2446 3979 2542 4023 res
2566 3978 2698 4042 quae
2718 3967 3038 4022 occurrunt
3057 3960 3269 4020 horum
3289 3957 3611 4019 decursum

217 4055 379 4114 λιστα
473 4061 574 4124 τῆς
676 4056 863 4137 ὀργῆς.
980 4046 1146 4120 υΗτις
1254 4054 1544 4135 ἀλογίστως
1649 4074 1872 4133 προενε-

1972 4050 2089 4111 ieri
2118 4050 2741 4130 docent,potissimum
2768 4057 2962 4110 autem
2993 4048 3123 4124 irae;
3156 4066 3287 4129 quae
3304 4045 3610 4137 si_irratio-

214 4150 418 4228 χθετσα
464 4147 565 4213 τῆς
606 4134 871 4205 τοῦ-Θεοῦ
916 4143 1250 4213 δικαιοσύδης
1293 4134 1603 4224 ἀποστερεῖ,
1669 4144 1763 4200 Διὸ
1792 4151 1882 4207 καὶ

1972 4138 2244 4202 nabiliter
2266 4138 2509 4202 inducta
2527 4138 2824 4221 sit,privat
2842 4137 3044 4228 divina
3060 4134 3612 4228 justitiarldeoque

216 4224 322 4304 τὴν
352 4235 519 4292 αἰτίαν
551 4234 739 4315 ἐπάγει
768 4235 988 4310 ταύτην,
1040 4236 1126 4310 τὸ,
1184 4233 1351 4315 Ὀργὴ
1405 4234 1505 4314 γὰρ
1557 4230 1742 4313 ἀνδρὸς
1795 4230 1882 4289 δι-

1972 4230 2118 4291 hanc
2148 4228 2453 4311 subjungit
2491 4247 2727 4292 causam
2763 4246 2776 4291 :
2812 4230 2908 4291 lra
2953 4227 3114 4290 enim
3164 4225 3276 4287 viri
3316 4224 3609 4307 justitiam

216 4324 507 4391 καιοσύνην
565 4314 705 4382 Θεοῧ⁸
746 4329 807 4385 οὗ
859 4324 1255 4405 κατεργάζεται.
1318 4323 1377 4382 Εἰ
1419 4324 1519 4403 γὰρ
1577 4320 1880 4390 δικαιοσύνη

1972 4319 2068 4381 Dei
2118 4339 2236 4382 non
2288 4319 2493 4383 efﬁcit.
2527 4319 2758 4382 Etenim
2793 4317 2844 4379 si
2892 4316 3121 4398 justitia
3161 4314 3403 4405 habitus
3428 4322 3521 4375 est
3551 4316 3611 4376 in

223 4413 368 4470 ἐστὶν
411 4411 515 4479 ἕξις
574 4412 628 4469 ἐν
685 4418 840 4494 ψυχῇ
896 4415 990 4471 τοῦ
1044 4411 1163 4470 κατ’
1212 4411 1356 4478 ἀξίαν
1411 4412 1621 4486 ἑκάστῳ
1677 4412 1877 4469 ἀπονε-

1972 4408 2163 4471 anima
2191 4407 2293 4490 qui
2322 4407 2534 4470 dividit
2580 4406 2904 4487 unicuique
2950 4407 3117 4487 juxta
3148 4423 3315 4467 suam
3348 4404 3610 4485 dignita-

224 4475 461 4580 μητικὴ,
501 4475 668 4584 ’ὀργὴ
700 4475 711 4490 ⁸
728 4475 840 4576 δέξι-
862 4504 1001 4560 κατὰ
1052 4502 1142 4560 τὸν
1199 4475 1433 4577 εἰπόντα,
1478 4475 1737 4558 ἀπόλλυσι
1794 4502 1882 4558 καὶ

1972 4475 2465 4574 ῐεηιήνείνει-οωι
2492 4496 2575 4560 ait
2604 4475 2933 4576 ille,pe.rdit
2950 4475 3140 4557 etiam
3160 4475 3610 4575 sapientesquo

219 4590 529 4673 φρονίμους,
584 4598 701 4655 πῶς
759 4589 793 4648 ἃ
847 4591 980 4659 αὕτη
1030 4592 1066 4660 ἡ
1121 4588 1205 4647 διὰ
1264 4590 1364 4660 τὴν
1405 4591 1537 4670 ἁγαν
1591 4590 1880 4666 ἐμπάθειαν

1972 4588 2139 4649 modo
2163 4588 2289 4650 haec
2336 4588 2465 4667 ipsa
2484 4605 2612 4669 quae
2634 4587 2970 4649 vehementi
3000 4584 3313 4647 affectione
3344 4592 3605 4673 mentem

217 4672 486 4739 σκοτοῦσα
543 4680 639 4737 τὸν
692 4687 834 4757 νοῦν,
911 4681 985 4744 ὡς
1055 4680 1142 4737 καὶ
1211 4679 1490 4761 φρονίμους
1559 4677 1874 4761 ἀπολλύναι,

1972 4678 2110 4740 adeo
2141 4676 2493 4740 obtenebrat
2512 4684 2575 4738 ut
2605 4676 2810 4756 perdat
2840 4675 3021 4738 etiam
3048 4672 3608 4761 sapientes,consti-

213 4770 319 4838 τὴν
373 4769 697 4848 κεκριμένως
756 4769 1125 4847 ἀπονέμουσαν
1173 4768 1381 4845 ἑκάστῳ
1432 4769 1494 4825 τὸ
1550 4766 1667 4827 κατ’
1734 4760 1878 4835 ἀξίαν

1972 4776 2157 4830 lueret
2189 4785 2319 4829 eam
2351 4785 2483 4847 quae
2510 4765 2719 4827 dividit
2746 4765 3067 4846 unicuique
3089 4763 3258 4843 juxta
3291 4779 3455 4823 suam
3510 4760 3608 4821 di-

215 4858 580 4940 συστήκειενς
635 4880 660 4916 ι
710 4857 908 4939 Βραδὺς
957 4859 1030 4923 εἷς
1087 4859 1273 4938 ὀργήν,
1313 4882 1337 4914 ι)
1416 4857 1526 4925 Τὴν
1581 4855 1880 4937 βραδυτῆτα

1972 4855 2282 4935 gnitatem?
2324 4881 2341 4911 ι
2382 4855 2614 4918 Tardus
2669 4854 2743 4918 ad
2786 4855 2963 4918 iram.
2999 4879 3022 4912 υ
3078 4850 3442 4915 Tarditatem
3490 4850 3615 4912 vult

216 4946 390 5029 διχῶς
446 4946 695 5026 βούλεται
760 4946 1086 5029 ἐνεργεῖσθαι
1161 4947 1286 5028 παρ’
1356 4946 1511 5022 ἡμῶν
1565 4947 1647 5010 εἴς
1703 4968 1761 5003 τε
1815 4948 1877 5004 τὸ

1972 4946 2232 5009 bifariam
2263 4946 2325 5008 in
2353 4946 2523 5009 nobis
2550 4947 2838 5028 exerceri,
2873 4953 3011 5027 puta
3038 4943 3112 5005 ad
3148 4940 3517 5023 loquendum
3550 4947 3613 5002 et

215 5035 478 5116 λαλῆσαι,
509 5039 598 5095 καὶ
639 5038 702 5094 τὸ
732 5037 1064 5116 ὀργισθῆναι.
1110 5035 1240 5096 Οἷδε
1281 5037 1381 5117 γὰρ
1422 5036 1457 5106 ἢ
1501 5034 1760 5114 μέλλησις
1788 5037 1876 5094 καὶ

1972 5035 2032 5097 id
2061 5035 2645 5097 irascendum.Novit
2675 5033 2836 5096 enim
2859 5031 3159 5097 cunctatio
3188 5029 3609 5094 abstinentiam

217 5126 445 5208 ἀποχήν
473 5125 773 5210 ἐργάζεσθαι
815 5132 916 5195 τῆς
941 5129 1136 5208 ὁρμῆς.

1972 5122 2445 5187 icommittendo
2478 5122 2745 5186 efficere.

860 5232 1112 5291 ΚΕΦΑΛ.
1159 5216 1243 5291 Β”.

2523 5226 2666 5289 449
2694 5224 2936 5290 CAPUT
2969 5223 3040 5289 ΙΙ.

224 5345 254 5383 ι
305 5324 432 5406 Περὶ
458 5346 759 5406 πρᾳοτητος
816 5325 904 5382 καὶ
927 5325 1138 5404 ἁγνείας
1164 5327 1252 5383 καὶ
1276 5321 1512 5406 πράξεως
1540 5322 1751 5403 ἀγαθῆς
1774 5345 1874 5401 με·

302 5404 589 5471 ταδοτικῆς
617 5406 704 5464 ἐπί
746 5411 1068 5485 μακαρισμῷ
1099 5421 1113 5436 ⁸
1176 5407 1265 5465 καὶ
1310 5404 1429 5484 περὶ
1458 5404 1761 5482 ἐπιστήμης
1789 5406 1878 5463 καὶ

301 5486 623 5564 συμμετρίας
666 5486 850 5567 λόγου.
887 5511 908 5541 ι

301 5609 325 5644 ι
407 5587 488 5644 Δι’
542 5588 574 5644 ὃ
627 5586 941 5665 ἀποθέμενοι
999 5592 1173 5645 πᾶσαν
1225 5586 1479 5666 ῥυπαρίαν
1556 5587 1645 5644 καὶ
1699 5607 1878 5668 περισ-

294 5721 349 5773 ﬂ
382 5718 561 5798 Joan,
595 5736 641 5805 ι,
669 5721 730 5787 3.
817 5720 880 5775 η
906 5719 1064 5789 Psal.
1098 5735 1178 5800 Iv,
1212 5720 1274 5784 5.

1946 5324 2051 5389 ‘Dc
2078 5325 2547 5388 mansuetudine
2576 5344 2650 5389 ac
2677 5325 3022 5389 innocentia
3078 5330 3134 5386 et
3188 5321 3431 5384 actione
3463 5319 3619 5384 bona

2039 5423 2175 5488 quce
2205 5406 2487 5488 conducit
2516 5406 2596 5469 ad
2628 5405 3084 5481 beatitudinem,
3137 5408 3195 5466 et
3242 5402 3318 5465 de
3359 5402 3616 5465 scientia

2037 5486 2110 5549 ac
2138 5486 2554 5550 mediocritate
2574 5491 2895 5550 sermonis.

2038 5582 2302 5667 1,21-22.
2328 5583 2713 5668 Quapropter
2729 5586 3006 5669 deposita
3027 5584 3194 5649 omni
3214 5580 3621 5645 immunditia
