4136 6416
447 364 565 432 467

1567 364 1979 429 (ECUMENII
2024 362 2318 425 TRICCzE
2360 363 2697 428 EPISCOPI

3724 365 3846 430 468

446 509 506 568 et
535 501 949 566 redundantia
977 500 1258 577 malitia,
1286 516 1395 582 per
1430 498 1959 563 mansuetudinem
1991 513 2095 561 re-

2203 496 2323 553 retav
2406 499 2618 573 κακίας,
2705 497 2761 555 ἐν
2842 498 3103 578 πραΰτητι
3197 497 3405 567 δέξασθε
3490 472 3583 556 τὸν
3668 495 3842 577 ’ἐμφυ-

447 595 625 675 cipite
645 592 899 655 insitum
923 608 1281 668 sermonem,
1309 595 1419 672 qui
1453 596 1652 671 potest
1678 588 1927 653 salvare
1955 593 2097 653 ani-

449 698 580 744 mas
608 685 864 743 vestras.

528 766 927 831 Immunditiaa
946 766 1112 829 addit
1133 766 1312 828 etiam
1342 765 1801 829 redundantiam
1832 764 2095 843 malitias,

447 859 660 923 volens
687 857 802 919 hoc
857 857 1271 919 demonstrare
1315 855 1711 937 :Quanquam
1759 855 2103 937 frequenter

449 947 674 1011 incidat
703 947 997 1028 quispiam
1049 946 1110 1007 in
1141 945 1397 1027 aliquam
1427 944 1887 1018 immunditiam,
1929 943 2103 1005 citius

450 1038 525 1101 ab
553 1056 624 1100 ea
650 1035 940 1111 discedat,
974 1054 1085 1097 nec
1135 1034 1539 1116 permanando
1584 1043 1643 1096 et
1680 1032 2011 1095 cunctando
2040 1033 2103 1094 in

450 1127 577 1208 illa,
601 1144 710 1208 per
737 1123 1229 1187 consuetudinem
1262 1124 1476 1187 efliciat
1498 1124 1719 1185 malum
1750 1123 2001 1197 ﬁrmius,
2034 1140 2105 1184 ac

452 1214 755 1280 difﬁcilius
785 1215 858 1277 ad
889 1213 1255 1276 abluendum
1286 1236 1299 1272 :
1334 1233 1469 1276 cum
1504 1221 1640 1275 nata
1669 1212 1931 1293 sintque:
1952 1230 2101 1274 con-

453 1307 619 1369 tinue
647 1311 704 1367 et
735 1303 972 1367 abunde
1003 1304 1153 1365 ﬁnnt
1182 1305 1241 1366 in
1276 1302 1470 1379 nobis,
1503 1302 1577 1364 ad
1599 1302 2011 1364 reducendum
2043 1300 2105 1362 in

456 1404 727 1458 naturam
770 1394 832 1455 id
859 1393 1015 1475 quod
1049 1394 1324 1468 efﬁcitur,
1372 1393 1495 1454 sive
1553 1399 1779 1455 natura;
1835 1390 2103 1454 habitum

453 1484 571 1565 ipsi
595 1483 929 1564 acquirere.
971 1507 997 1537 α
1035 1484 1151 1545 Per
1180 1480 1759 1543 mansuetudinem.»
1798 1477 2105 1559 Siquidem

456 1592 564 1655 per
591 1571 1110 1636 mansuetudinem
1143 1580 1202 1633 et
1256 1589 1375 1632 non
1406 1589 1516 1649 per
1545 1568 1861 1631 tumultum
1892 1585 1962 1628 ac
1979 1577 2108 1629 tur-

453 1661 757 1724 bationem
774 1661 1024 1723 traditur
1043 1660 1378 1741 disciplina.
1397 1658 1678 1720 «Iusitum
1700 1674 2101 1720 sermonem.»

454 1751 702 1816 Iusitum
758 1748 932 1811 nobis
991 1750 1116 1813 sive
1168 1747 1498 1811 naturalem
1558 1764 1897 1809 sermonem
1940 1751 2110 1808 vocat

2182 606 2271 643 τον
2355 584 2536 664 λόγον,
2623 589 2714 643 τὸν
2815 584 3098 663 δυνάμενον
3202 594 3371 645 σῶσαι
3470 589 3570 653 τὰς
3656 588 3841 667 ψυχὰς

2183 678 2330 753 ὑμῶν
2340 724 2351 737 .
2388 699 2413 737 tt

2265 771 2344 842 Τῇ
2414 765 2634 845 ῥυπαρία
2703 767 3010 846 προστίθησι
3067 767 3155 824 καὶ
3221 769 3307 843 16,
3362 768 3670 844 Περισσείαν
3740 789 3847 824 κα-

2184 856 2326 936 κίας,
2368 862 2523 912 τοῦτο
2579 854 2899 932 βουλόμενος
2955 862 3324 935 παραστῆσαι,
3379 857 3467 929 16,
3524 858 3584 914 Εἰ
3626 858 3716 913 καί
3742 879 3845 913 τινι

2184 943 2440 1009 πολλάκις
2491 943 2771 1024 περιέπεσέ
2822 967 2903 1009 τις
2958 945 3204 1025 ῥυπαρία,
3258 946 3472 1027 ταχέως
3529 950 3693 1014 αὐτῆς
3749 947 3850 1002 ὓπ-

2185 1032 2502 1108 εξίστασθαι,
2561 1030 2699 1089 ἀλλὰ
2740 1033 2818 1108 μὴ
2860 1039 2930 1111 τῇ
2987 1034 3109 1090 κατ’
3165 1035 3329 1102 αὒτήν
3371 1035 3600 1112 ἐπιμονῃ
3658 1057 3717 1091 τε
3757 1037 3850 1091 καὶ

2185 1122 2481 1203 ἐγχρονίσει
2512 1120 2595 1178 διὰ
2650 1127 2749 1189 τῆς
2808 1124 3079 1190 συνηθείας
3141 1123 3474 1205 βεϐαιότερον
3528 1126 3619 1181 καὶ
3668 1122 3849 1181 δυσεκ-

2187 1214 2491 1292 νιπτότερον
2583 1213 2647 1268 16
2752 1215 2915 1270 κακὸν
3021 1213 3428 1294 ἀπεργάζεσθαι,
3533 1214 3847 1295 πεφυκότων

2185 1308 2292 1359 τῶν
2351 1300 2728 1382 συνεχέστερον
2788 1303 2925 1377 ἡμῖν
3006 1304 3094 1359 καὶ
3152 1303 3514 1383 περιττότερον
3566 1301 3846 1360 ἐπιτελου-

2189 1392 2386 1472 μένων,
2446 1394 2518 1455 εἷς
2591 1392 2741 1470 φύσιν
2802 1390 3162 1467 ἆποκαθιστᾷν
3218 1395 3280 1449 16
3331 1391 3672 1469 τελούμενον,
3728 1390 3849 1459 ἤτοι

2189 1482 2392 1562 φύσεως
2436 1480 2541 1547 ἕξιν
2571 1482 2713 1555 αύτῷ
2760 1494 3084 1560 περιποιεῖν.
3127 1500 3157 1540 ι
3199 1480 3289 1540 Ἐν
3317 1483 3601 1560 πραΰτητι,
3665 1505 3694 1538 ι
3759 1479 3849 1537 Ἐν

2188 1572 2450 1649 πραΰτητι
2479 1570 2599 1649 γὰρ,
2634 1568 2753 1626 ἀλλ’
2788 1569 2884 1627 οὒκ
2912 1569 2967 1627 ἐν
3010 1568 3210 1651 θορύϐῳ
3232 1573 3340 1652 ⁸καὶ
3386 1576 3601 1652 ταραχῇ
3655 1573 3691 1639 ἡ
3746 1574 3847 1637 τῆς

2190 1648 2526 1725 διδασκαλίας
2553 1648 2755 1739 γίνεται
2786 1648 3096 1741 παραδοχήν.
3135 1684 3163 1716 »
3231 1648 3748 1742 ’Ἑμφυτονηλόγοι
3822 1683 3844 1714 ι

2195 1742 2475 1834 ’Ἐμφυτον
2500 1751 2660 1831 λόγον
2701 1749 2883 1832 καλεῖ,
2913 1754 3002 1810 τὸν
3061 1751 3381 1833 διακριτικὸν
3434 1755 3527 1810 τοῦ
3580 1750 3848 1829 βελτίονος

455 1860 593 1904 eum
622 1839 725 1921 qui
755 1839 1044 1902 discernit
1098 1838 1312 1901 melius
1359 1857 1393 1899 a
1438 1836 1667 1919 pejori:
1703 1854 1737 1898 a
1767 1855 1884 1917 quo
1929 1835 2107 1897 etiam

2203 1844 2278 1899 ιιαὶ
2332 1849 2423 1899 τοῦ
2482 1842 2745 1923 χείρονος.
2822 1843 2951 1899 Καθ’
3023 1844 3051 1900 ὃ
3122 1845 3210 1900 καὶ
3261 1841 3468 1922 λογικοί
3536 1843 3695 1919 ἐσμεν
3761 1847 3851 1901 καὶ

456 1929 755 1993 naturales
776 1947 980 1991 sumus
1009 1947 1076 1990 ac
1108 1926 1389 1991 dicimur.

536 2018 583 2097 Ι,
617 2018 825 2083 23-25.
855 2017 1009 2082 Sit-is
1042 2026 1250 2080 autem
1279 2018 1571 2098 effectores
1591 2015 1885 2078 sermonis
1907 2018 1963 2076 et
1989 2031 2112 2075 non

456 2118 691 2175 tantum
710 2107 1323 2187 auditores,fallentes
1356 2106 1787 2185 vosmetipsos:
1822 2107 2113 2185 quoniam

455 2202 511 2263 si
541 2203 679 2281 quis
709 2200 924 2262 audiat
953 2214 1318 2270 sermonem,
1349 2213 1456 2258 nec
1498 2213 1632 2257 etim
1672 2194 1856 2274 factis
1898 2194 2105 2274 expri-

456 2298 605 2371 mat,
626 2289 737 2352 hic
754 2287 979 2351 similis
1018 2296 1102 2350 est
1132 2289 1262 2349 viro
1294 2285 1711 2348 consideranti
1737 2284 1964 2363 faciem
1991 2300 2111 2345 na-

462 2380 722 2443 tivitatis
740 2396 868 2441 suae
891 2378 957 2439 in
982 2375 1245 2458 speculo.
1284 2375 1707 2437 Consideravit
1741 2376 1906 2435 enim
1947 2374 2113 2453 seip-

458 2486 594 2532 sum
630 2476 684 2531 et
714 2467 888 2542 abiit,
922 2468 1248 2546 statimque
1303 2464 1523 2527 oblitus
1563 2471 1649 2525 est
1696 2464 1898 2542 qualis
1939 2468 2109 2527 esset.

458 2559 543 2621 At
570 2558 680 2638 qui
698 2556 1084 2637 prospexerit
1118 2561 1185 2616 in
1217 2557 1410 2636 legem
1456 2554 1795 2633 perfectam
1846 2569 1981 2632 quae
2026 2556 2116 2613 est

461 2646 784 2721 libertatis,
820 2653 875 2708 et
930 2645 1351 2723 permanserit,
1384 2643 1480 2705 hic
1511 2660 1657 2704 cum
1680 2659 1800 2703 non
1823 2641 1905 2703 sit
1926 2640 2110 2702 audi-

465 2741 556 2799 tor
583 2733 936 2811 obliuiosus,
992 2734 1101 2796 sed
1152 2734 1394 2814 effector
1450 2734 1661 2814 operis,
1699 2732 1902 2794 beatus
1947 2732 2113 2809 facto

459 2842 573 2888 suo
621 2825 762 2888 erit.

542 2913 831 2987 Quoniam
847 2911 1248 2994 novitaliquos
1279 2930 1619 2974 sermonem
1643 2930 1776 2973 cum
1809 2909 2115 2990 diligentia

463 3002 802 3079 audientes,
827 3002 1005 3064 etiam
1026 3002 1155 3083 ipso
1180 3008 1447 3083 tempore
1478 3020 1594 3082 quo
1621 2999 1893 3080 audiunt,
1918 3001 2113 3061 fervo-

464 3110 595 3154 rem
623 3091 971 3172 frequenter
993 3088 1536 3170 exstinguere,ideo
1560 3106 1717 3153 nunc
1734 3089 1860 3151 hmc
1876 3087 2116 3169 subjun-

2192 1930 2475 2010 λεγόμεθα.
2516 1955 2543 1988 θ

2282 2042 2305 2075 ιι
2339 2022 2543 2078 Γίνεσθε
2594 2018 2648 2076 δὲ
2705 2022 2923 2089 ποιηταὶ
2966 2019 3148 2099 λόγου,
3209 2022 3297 2078 καὶ
3340 2020 3418 2097 μὴ
3452 2020 3611 2096 μόνον
3651 2021 3853 2100 ἀκροα-

2191 2109 2309 2182 ταί,
2387 2109 2863 2188 παραλογιζόμενοι
2922 2109 3164 2172 ἑαυτούς,
3224 2108 3347 2168 “Οτι
3405 2108 3458 2164 εἴ
3516 2131 3596 2172 τις
3655 2108 3853 2188 51x90:-

2191 2200 2292 2266 τὴς
2376 2197 2537 2278 λόγου
2623 2198 2757 2271 ἐστὶ,
2842 2199 2929 2255 καὶ
3012 2198 3072 2255 o6
3154 2199 3410 2273 ποιητὴς,
3472 2200 3621 2264 οὗτος
3678 2196 3855 2255 ἔοικεν

2195 2287 2339 2367 ἀνδρὶ
2420 2294 2758 2344 κατανοοῦντι
2841 2289 2903 2344 16
3004 2289 3287 2367 πρόσωπον
3398 2293 3496 2355 τῆς
3597 2287 3853 2367 γενέσεως

2197 2383 2353 2438 αὐτοῦ
2435 2380 2491 2435 ἐν
2574 2377 2838 2456 ἐσόπτρῳ.
2932 2375 3235 2444 Κατενόησε
3310 2376 3412 2456 γὰρ
3500 2377 3681 2434 ἐαυτὸν
3764 2378 3856 2432 καὶ

2196 2466 2516 2543 ἀπελήλυθε,
2582 2468 2670 2523 καὶ
2731 2466 2917 2530 εὐθέως
2974 2464 3257 2523 ἐπελάθετο
3302 2468 3490 2532 ὁποῖος
3549 2465 3635 2534 ἦν.
3684 2456 3741 2524 Ὀ
3799 2462 3856 2520 δὲ

2196 2558 2512 2637 παρακύψας
2573 2558 2645 2621 εἰς
2716 2556 2880 2632 νόμον
2935 2554 3139 2613 τέλειον
3198 2556 3289 2612 τὸν
3365 2561 3465 2624 τῆς
3536 2554 3851 2637 ἐλευθερίας,

2196 2649 2285 2705 καὶ
2342 2648 2696 2727 παραμείνας,
2771 2648 2921 2710 οὗτος
2987 2645 3081 2703 οὐκ
3138 2645 3403 2725 ἀκροατὴς
3482 2644 3854 2717 ἐπιλησμονῆς

2197 2736 2505 2815 γενόμενος,
2538 2733 2675 2791 ἀλλὰ
2700 2735 2932 2803 ποιητὴς
2964 2732 3143 2815 ἔργου,
3176 2736 3327 2798 οὗτος
3375 2734 3632 2813 μακάριος
3676 2734 3728 2791 ἐν
3782 2740 3857 2811 τῇ

2198 2826 2415 2882 ποιώσει
2448 2825 2607 2881 αὖτοῠ
2634 2824 2808 2887 ἔσται,
2845 2848 2868 2882 ι

2278 2911 2497 2981 Ἐπειδὴ
2551 2912 2667 2970 οἶδε
2738 2914 2827 2970 καὶ
2885 2914 3008 2979 τοὺς
3073 2911 3275 2990 σπουδῇ
3332 2913 3689 2980 ἐπακούοντας
3763 2924 3859 2975 106

2196 3005 2357 3086 λόγου
2415 3005 2673 3071 πολλάκις
2754 3007 2853 3074 τὴν
2928 3005 3227 3084 θερμότητα
3305 3006 3395 3063 καὶ
3452 3007 3505 3064 ἐν
3576 3007 3716 3082 αὐτῷ
3774 3015 3853 3082 τῷ

2197 3097 2479 3176 ἀκροᾶσθαι
2562 3093 3007 3175 ἁποσϐεννύντας,
3082 3093 3165 3152 διὰ
3240 3104 3393 3155 τοῦτο
3474 3106 3560 3156 νῦν
3617 3096 3855 3176 ἐπιφέρει

463 3179 715 3261 git,idin
734 3154 960 3242 effectu
988 3154 1461 3260 praecip’ienszl‘ie
1494 3178 1685 3240 solum
1716 3177 1780 3239 in
1816 3154 2113 3240 audie'ndo

2203 3154 2384 3262 1a61a,
2432 3186 2646 3263 δυνάμει
2702 3189 2865 3244 ταῦτα
2920 3154 3411 3267 παρακελευόμενος
3448 3204 3462 3218 ⁸
3539 3188 3627 3256 Μὴ
3674 3154 3732 3247 ἐλά

466 3269 842 3347 diligentiam
873 3269 1335 3351 ostendatis,sed
1366 3270 1552 3331 multo
1585 3270 1769 3350 magis
1797 3269 1859 3331 in
1888 3269 2114 3333 facien-

2203 3277 2483 3354 ἀκροᾶσθαι
2541 3277 2703 3352 μόνον
2778 3277 2879 3344 τὴν
2970 3274 3203 3343 σπουδὴν
3279 3275 3651 3350 ἐπιδείκνυσθε,
3721 3275 3862 3333 ἀλλὰ

465 3358 713 3423 (10.450
741 3359 1069 3423 «Fallentes
1088 3367 1284 3421 autem
1305 3359 1714 3439 vosmetipsos.
1729 3359 1888 3421 nHoc
1911 3367 2114 3441 est,se-

2203 3364 2333 3423 πολὺ
2363 3364 2565 3442 μᾶλλον
2618 3365 2672 3424 ἐν
2715 3372 2792 3441 τῷ
2852 3379 3055 3428 ποιεῖν.
3117 3367 3187 3424 T6
3239 3364 3318 3447 δὲ,
3378 3365 3862 3446 Παραλογιζόμενοι

468 3447 971 3512 ducentes.Porro
998 3447 1210 3509 faciem
1241 3448 1565 3509 nativitatis
1581 3448 1727 3510 dicit
1756 3466 2114 3529 cognoscere

2203 3456 2441 3533 ἑαυτοὺς,
2501 3456 2614 3512 ἀντὶ
2670 3461 2763 3512 τοῦ
2816 3453 3237 3521 Ἐξαπατῶντες.
3291 3478 3313 3512 ι
3380 3455 3861 3535 Παραλογιζόμενοι

466 3536 729 3619 seipsum
762 3555 867 3618 per
889 3536 1261 3617 legem.Ideo
1292 3538 1469 3599 etiam
1502 3544 1653 3619 post,
1678 3537 1941 3611 Faciem,
1967 3537 2114 3599 sub—

2208 3545 2450 3610 ὲαυτούς,
2530 3568 2552 3600 ι)
2618 3545 2908 3624 Πρόσωπον
2966 3545 3246 3623 φενέσεως,
3307 3547 3369 3601 16
3426 3544 3511 3601 διὰ
3551 3550 3644 3601 τοῦ
3699 3546 3862 3618 νόμου

460 3626 678 3709 junxit,
712 3625 1050 3690 nativitatis.
1080 3625 1228 3689 Nam
1261 3645 1366 3707 per
1395 3627 1587 3707 legem
1615 3626 1883 3689 dicentes
1910 3626 2114 3708 quales

2208 3634 2351 3713 λέγει
2408 3634 2591 3691 ἐαυτὸν
2676 3632 2985 3713 ἐγνωκέναι.
3074 3634 3171 3690 Αιὸ
3241 3636 3328 3690 καὶ
3410 3642 3488 3710 τῷ
3557 3633 3851 3713 Προσῶπῳ,

467 3716 606 3779 facti
633 3715 1296 3791 simus,consideramus
1316 3716 1473 3797 quod
1503 3716 1649 3779 tales
1681 3717 1867 3778 factos
1888 3716 1978 3778 lex
1998 3718 2114 3797 spi-

2208 3723 2441 3803 ἐγήγαγε
2484 3726 2568 3804 16,
2630 3723 2917 3786 Γενέσεως,
2979 3722 3077 3779 Διᾶ
3130 3724 3230 3802 γὰρ
3287 3732 3380 3783 106
3436 3724 3599 3799 νόμου
3650 3721 3854 3798 μανθά-

464 3807 696 3871 ritualis
726 3808 993 3889 perficiat
1023 3828 1131 3871 nos
1179 3825 1282 3890 per
1308 3809 1605 3870 lavacrum
1629 3808 2114 3888 regenerationis.

2204 3826 2417 3877 Δνοντες.
2457 3816 2565 3870 οὒοι
2633 3812 2951 3892 γεγόναμεν,
3020 3819 3377 3888 κατανοοῦμεν
3435 3812 3586 3876 οἴους
3630 3811 3857 3891 γενομέ-

466 3898 696 3962 Deinde
718 3898 871 3960 nein
889 3897 992 3960 tali
1020 3898 1498 3961 consideratione
1531 3918 1636 3979 per
1665 3899 1958 3962 actionem
1979 3917 2114 3979 per-

2207 3925 2325 3967 νους
2382 3905 2411 3959 6
2481 3903 2835 3979 πνευματικὸς
2887 3903 3030 3976 ἡμᾶς
3089 3900 3342 3959 ἀπονελεϊ
3400 3903 3558 3978 νόμος
3618 3900 3702 3958 διὰ
3769 3908 3866 3959 τοῦ

467 3989 987 4065 manentes,etiam
1019 3987 1220 4068 gratiae
1243 3988 1661 4051 obliviscamur
1691 4007 1758 4049 ac
1789 3987 1953 4049 doni.
1973 3989 2114 4051 Nam

2204 3991 2422 4072 λουτροῦ
2462 4001 2559 4064 τῆς
2618 3990 3045 4069 παλιγγενεσίας.
3108 3992 3245 4049 Εἶτα
3298 3993 3377 4067 μὴ
3426 3990 3743 4067 ἐμμένοντες
3798 3996 3866 4067 τῇ

466 4079 570 4160 qui
587 4077 780 4159 pravis
800 4076 1134 4140 actionibus
1156 4081 1416 4159 seipsum
1438 4077 1699 4159 exponit,
1728 4096 1804 4139 ne
1853 4078 2114 4140 meminit

2203 4082 2420 4161 τοιαύτῃ
2462 4081 2554 4153 θέᾳ
2609 4079 2694 4137 διὰ
2747 4086 2846 4148 τῆς
2916 4079 3174 4160 πράξεως,
3235 4082 3322 4138 καὶ
3378 4083 3470 4138 τοῦ
3529 4081 3865 4160 χαρίσματος

468 4166 710 4250 quidem
741 4167 896 4247 quod
926 4186 958 4228 a
989 4166 1112 4229 Deo
1142 4168 1219 4229 sit
1246 4166 1541 4230 beneﬁcio
1572 4169 1838 4229 affectus.
1874 4167 1936 4228 Si
1961 4168 2114 4230 enim

2206 4169 2655 4246 ἐπιλανθανόμεθα
2701 4189 2714 4202 ·
2804 4173 2832 4227 6
2901 4170 3000 4249 γὰρ
3070 4167 3317 4248 πράξεσιν
3408 4170 3595 4226 ἑαυτὸν
3680 4167 3866 4232 ἐκδοὺς

471 4254 846 4318 meminisset
873 4256 1030 4336 quod
1064 4256 1125 4317 in
1156 4256 1344 4318 ﬁlium
1375 4257 1485 4321 Dei
1504 4256 1812 4339 adoptatus
1834 4256 2114 4338 sitetjus-

2205 4272 2495 4339 πονηραῖς,
2543 4256 2658 4317 οὒδὲ
2701 4256 2780 4314 ὅτι
2825 4257 3173 4338 εύηργέτηται
3204 4260 3347 4339 παρὰ
3387 4265 3480 4315 τοῦ
3525 4260 3657 4315 Θεοῦ
3712 4281 3863 4334 μνη-

428 4362 439 4371 ‘
470 4346 725 4409 tiﬁcatus
753 4363 822 4407 ac
852 4345 1272 4422 sanctiﬁcatus,
1308 4364 1441 4427 qua:
1470 4347 1626 4409 dona
1656 4355 1793 4408 sunt
1836 4346 2114 4427 spiritua-

2207 4350 2437 4424 μονεύει,
2478 4350 2536 4405 Εἰ
2578 4349 2677 4427 γὰρ
2739 4348 3123 4424 ἐμνημόνευεν,
3175 4346 3257 4404 ὅτι
3300 4349 3576 4419 υἱοθετήθη
3631 4348 3718 4403 καὶ
3751 4345 3870 4404 ἐδι-

470 4436 950 4517 lia,nequaquam
983 4434 1244 4516 seipsum
1276 4436 1535 4498 traderet
1564 4436 1842 4517 operibus
1875 4436 2114 4516 gratiam

2204 4439 2408 4505 καιώθη
2467 4439 2554 4494 καὶ
2596 4439 2850 4515 ἡγιάσθη,
2899 4439 2933 4493 ἃ
2988 4437 3318 4511 πνευματικά
3360 4437 3471 4495 ἐστι
3529 4437 3866 4517 χαρίσματα,

469 4522 922 4606 repellentibus.
953 4548 981 4580 α
1014 4523 1081 4586 In
1112 4525 1359 4604 speculo
1396 4549 1422 4581 »
1457 4525 1548 4586 Ab
1581 4527 1693 4588 hoc
1727 4534 1868 4587 noto
1902 4545 2114 4607 specu-

2204 4533 2302 4588 οὒκ
2356 4526 2419 4582 ἂν
2464 4528 2648 4583 ἑαυτὸν
2702 4525 2975 4607 παρεδίδου
3017 4540 3135 4591 τοῖς
3208 4525 3478 4585 ἀθετοῦσιν
3538 4525 3709 4605 ἔργοις
3769 4526 3874 4593 τὴν

469 4614 527 4676 lo
561 4612 843 4675 transfert
874 4631 1214 4676 sermonem
1252 4613 1325 4675 ad
1356 4615 1756 4677 intellectuale
1787 4617 2114 4699 speculum,

2205 4618 2386 4696 χάριν.
2444 4636 2473 4675 (
2524 4614 2613 4673 Ἐν
2657 4615 2888 4690 ἐσόπτῳ.
2952 4639 2980 4670 »
3052 4616 3186 4672 Ἀπὸ
3239 4617 3334 4671 106
3374 4615 3625 4685 συνήθους
3683 4615 3874 4671 τούτνυ

469 4702 624 4766 nihil
652 4701 1020 4784 subjungens
1050 4721 1258 4767 eorum
1293 4723 1424 4785 qua:
1451 4705 1510 4766 id
1570 4705 1728 4786 quod
1782 4706 2004 4768 dictum
2038 4715 2129 4769 est

469 4801 744 4875 aptarent
772 4793 1044 4874 exemplo
1080 4811 1094 4857 :
1122 4801 1263 4875 puta
1290 4802 1353 4857 ut
1411 4794 1526 4857 hoc
1557 4795 1732 4857 modo
1765 4795 2031 4859 diceret:
2064 4795 2127 4860 Si

470 4884 605 4968 quis
634 4883 833 4946 audiat
856 4901 1224 4961 sermonem,
1274 4902 1387 4946 nec
1415 4903 1554 4945 eum
1584 4884 1756 4945 factis
1808 4884 2122 4965 exprimat,

470 4974 570 5037 hic
598 4972 813 5035 similis
846 4982 939 5036 est
968 4974 1092 5036 viro
1124 4974 1532 5038 consideranti
1591 4974 1800 5036 faciem
1859 4975 2127 5037 navitatis

471 5081 592 5126 sum
620 5062 683 5125 in
704 5062 1488 5144 speculo.Quemadmodum
1524 5064 1682 5125 enim
1717 5065 1815 5126 ille
1846 5064 2126 5127 conside-

475 5152 629 5215 ravit
657 5153 918 5235 seipsum
951 5162 1009 5216 et
1029 5154 1194 5231 abiit,
1229 5155 1542 5236 statimque
1569 5154 1785 5216 oblitus
1817 5164 1906 5218 est
1934 5157 2124 5238 qualis

479 5250 639 5307 esset
665 5264 679 5305 :
705 5242 785 5305 ita
806 5250 866 5304 et
893 5242 992 5305 hic
1018 5244 1119 5323 qui
1152 5262 1257 5325 per
1291 5244 1445 5308 Mosi
1478 5244 1670 5322 legem
1723 5245 2126 5309 consideravit

475 5333 547 5397 ad
581 5332 722 5415 quid
752 5331 944 5394 factus
973 5340 1377 5415 esset,nempe
1397 5333 1554 5414 quod
1584 5334 1656 5395 ad
1673 5334 1918 5414 gloriam
1946 5335 2126 5398 Deiet

475 5422 551 5487 ad
579 5420 901 5501 imaginem
929 5420 1035 5481 Dei
1052 5423 1339 5484 creatoris
1356 5423 1541 5485 factus
1572 5422 2125 5507 fuisset,postquam

476 5509 897 5585 consideravit,
928 5509 1077 5572 nihil
1109 5529 1315 5573 eorum
1364 5532 1497 5594 quae
1546 5512 1924 5576 considerata
1954 5527 2128 5579 erant

475 5599 643 5664 factis
677 5599 990 5681 expressit,
1019 5600 1122 5662 sed
1146 5601 1273 5680 pari
1299 5602 1476 5663 modo
1508 5602 1664 5664 circa
1693 5603 2127 5666 consideratio-
2160 5653 2166 5657 .

476 5708 617 5754 nem
641 5688 963 5771 dispositus
984 5700 1073 5754 est
1101 5689 1256 5754 sicut
1289 5690 1474 5772 prius.
1498 5692 1631 5755 Non
1678 5710 1821 5772 ergo
1852 5710 2131 5757 sermone

2207 4706 2486 4785 ἐσόπτρου,
2562 4705 2648 4762 ἐπὶ
2731 4706 2793 4762 τὸ
2862 4707 3053 4772 νοητὸν
3114 4704 3363 4784 ἕσοπτριν
3420 4701 3705 4775 διαϐιϐάζει
3776 4705 3874 4759 τὸν

2208 4795 2396 4875 λόγον,
2430 4794 2595 4870 μηδὲν
2627 4794 2915 4874 ἐπενέγκας
2972 4797 3079 4850 τῶν
3148 4796 3221 4858 εἷς
3280 4791 3614 4874 παράδειγμα
3674 4792 3873 4872 ἀφορι-

2206 4887 2402 4957 ζόντων
2445 4886 2506 4943 τό
2567 4884 2869 4966 εἰρημένον,
2928 4888 3045 4943 οἷον
3090 4883 3182 4940 ἵνα
3226 4881 3358 4961 εἴπῃ
3414 4882 3581 4948 οὕτως
3622 4905 3635 4917 ’
3685 4880 3756 4940 Εἴ
3785 4905 3873 4949 τις

2207 4976 2475 5056 ἀκροατὴς
2517 4973 2678 5054 λόγου
2728 4976 2814 5031 καὶ
2872 4977 2931 5032 οὒ
2986 4974 3247 5046 ποιητὴς,
3305 4975 3456 5036 οὗτος
3500 4972 3671 5029 ἔοικεν
3724 4969 3875 5050 ave,»

2208 5072 2555 5144 κατανοοῦντι
2606 5065 2667 5121 16
2716 5063 2998 5144 πρόσωπον
3069 5067 3166 5132 τῆς
3244 5062 3501 5142 γενέσεως
3568 5064 3726 5120 αὒτοῦ
3813 5062 3871 5118 ἐν

2207 5154 2468 5232 ἐσόπτρῳ.
2546 5143 2635 5218 Ὠς
2689 5155 2789 5233 γὰρ
2865 5153 3071 5217 ἐκεῖνος
3147 5152 3470 5219 κατενόησεν
3541 5151 3726 5207 ἑαυτὸν
3780 5153 3875 5207 καὶ

2207 5242 2524 5323 ἀπελήλυθε,
2582 5243 2672 5299 καὶ
2732 5241 2919 5308 εὐθέως
2978 5242 3261 5300 ἐπελάθετο
3319 5243 3507 5304 ὁποῖος
3549 5239 3618 5307 ἦν
3652 5255 3665 5269 '
3729 5237 3873 5296 οῧτω

2205 5334 2294 5390 καὶ
2322 5335 2473 5395 οὗτος
2521 5335 2548 5389 6
2591 5329 2676 5387 διὰ
2725 5340 2816 5391 106
2873 5333 3105 5394 Μωσέως
3166 5331 3329 5406 νόμου
3382 5329 3718 5398 κατανοήσας
3779 5330 3870 5403 τὸ,

2207 5422 2291 5480 διὰ
2320 5423 2371 5479 τί
2397 5422 2632 5501 γέγονεν,
2665 5420 2746 5478 ὅτι
2775 5423 2908 5498 πρὸς
2938 5419 3088 5488 δόξαν
3147 5428 3303 5501 Θεοῦ,
3349 5421 3438 5476 καὶ
3492 5420 3554 5475 τὸ
3609 5415 3728 5475 κατ’
3789 5420 3875 5475 εἱ-

2210 5513 2339 5569 κόνα
2381 5511 2621 5591 γενέσθαι
2669 5517 2762 5568 106
2805 5511 3164 5579 πεποιηκότος
3227 5517 3383 5592 Θεού,
3443 5509 3577 5587 μετὰ
3606 5509 3667 5564 τὸ
3709 5530 3877 5565 κατα-

2211 5608 2423 5675 νοῆσαι,
2539 5599 2685 5658 ούδὲν
2794 5601 2902 5657 τῶν
3011 5599 3443 5667 κατανοηθέντων
3564 5599 3869 5675 εἰργάσατο,

2212 5691 2332 5749 ἀλλ’
2390 5693 2640 5756 ὡσαύτως
2698 5697 2775 5765 τῷ
2833 5691 3029 5770 πρώτῳ
3087 5690 3203 5771 περὶ
3274 5690 3374 5759 τὴν
3431 5686 3753 5755 κατανόησιν
3784 5684 3872 5744 δι-
