4136 6418
263 401 385 468 469
1198 399 1591 466 COMMENT.
1639 400 1722 461 IN
1769 397 2012 475 EPIST.
2057 399 2382 463 CATHOL.
2428 399 2706 466 JACOBI.
3551 395 3668 462 470

265 538 440 607 ετέθη.
480 537 658 604 Οὕτως
689 537 776 596 οὖν
819 543 864 614 ᾧ
918 536 1064 616 λόγῳ
1118 537 1418 617 χρήσασθαι
1448 532 1586 608 δέον,
1621 535 1679 590 ού
1703 532 1914 613 κέχρη-

2014 548 2145 592 lSllS
2177 539 2269 592 est
2299 531 2595 612 quomodo
2617 528 2704 593 uti
2723 539 3047 611 oporteret.
3078 531 3141 593 Id
3166 539 3366 594 autem
3393 551 3510 593 non
3528 533 3664 594 fru-

267 649 378 690 ται.
425 637 591 688 Τοῦτο
622 626 676 684 δὲ
709 631 769 686 οὔ
799 628 974 703 μάτην
1031 639 1181 683 ποιεῖ
1223 629 1251 681 6
1308 631 1400 682 τοῦ
1437 623 1621 702 Κ)ρίου
1681 621 1922 698 μαθητὴς

2014 627 2130 681 stra
2161 637 2229 680 ac
2261 629 2487 682 temere
2519 619 2658 682 facit
2693 620 2949 682 Jacobus
3008 620 3244 683 Domini
3296 622 3658 703 discipulus,

271 715 551 797 Ἰάκωϐος,
626 716 764 774 ἀλλά
820 716 1094 792 συντόμως
1179 714 1389 771 ἅπαντα
1459 711 1764 793 φθέγγεται,
1851 712 1923 774 ὡς

2014 709 2115 770 sed
2147 709 2349 770 omnia
2402 709 2660 772 breviter
2689 710 2969 792 loquitur,
3001 720 3277 792 tanquam
3338 711 3667 775 abbreviati

269 814 361 863 τοῦ
402 805 834 882 συντετμημένου
903 805 1148 880 μαθητὴς
1201 802 1384 882 λόγου,
1448 804 1537 859 καὶ
1594 801 1707 876 ἅμα
1763 800 1922 860 συνά-

2014 797 2178 860 verbi
2210 798 2556 880 discipulus,
2593 799 2890 880 simulque
2922 801 3250 863 auditorem
3283 801 3575 880 colligens
3598 821 3666 864 ac

269 919 379 974 γων
406 897 498 952 τὸν
551 897 844 975 ἀκροατὴν,
908 895 996 952 καὶ
1044 895 1320 950 συντείνων
1377 893 1448 956 εἰς
1506 893 1566 947 τὸ
1617 891 1694 967 μὴ
1740 889 1929 968 παρέρ-

273 1008 382 1063 γως
412 974 631 1041 τούτων
660 985 890 1044 ἀκούειν.
950 1008 978 1038 α
1015 974 1072 1040 Ὀ
1131 980 1184 1038 δὲ
1240 982 1550 1061 παρακύψας
1647 1003 1668 1035 υ
1733 979 1929 1063 Σκόπει

275 1060 356 1130 δτι
414 1075 737 1152 Παρακύψας
795 1074 972 1147 εἶπεν,
1021 1071 1142 1128 ἀλλ’
1202 1060 1632 1132 οὒκνΕἰσελθών,
1673 1092 1696 1124 »
1745 1060 1800 1126 Ὀ
1833 1069 1931 1145 γὰρ

275 1165 629 1239 πνευματικὸς
703 1164 864 1238 νόμος
918 1163 978 1218 τὸ
1031 1162 1218 1242 ἐφετὸν
1277 1167 1556 1239 πανταχοῦ
1614 1159 1701 1214 καὶ
1755 1177 1930 1235 μεγα-

275 1251 427 1309 λεῖον
497 1252 667 1332 ἔχων,
725 1254 813 1308 καὶ
857 1249 950 1308 ἀπ’
1003 1253 1167 1318 αὐτῆς
1224 1254 1324 1316 τῆς
1384 1248 1640 1329 βραχείας
1683 1245 1926 1324 ἐντυχίας

277 1339 424 1398 οἶδεν
454 1340 756 1422 ἐφέλκεσθαί
797 1362 854 1396 τε
909 1341 996 1396 καὶ
1041 1339 1400 1418 τελειοποεῖν,
1459 1338 1547 1394 καὶ
1597 1335 1690 1392 ἅτε
1747 1336 1806 1390 τὸ
1836 1333 1927 1391 τέ-

275 1429 418 1488 λειον
448 1429 591 1510 ἔχων
623 1432 709 1487 καὶ
755 1433 872 1510 περὶ
925 1431 1095 1488 πάντα
1143 1428 1448 1507 ἀνελλιπὲς,
1501 1428 1600 1494 τὴν
1653 1424 1929 1496 ἐνδοιάζειν

272 1521 392 1599 περί
440 1544 490 1578 τι
547 1525 652 1577 ’ὧν
724 1519 778 1575 ἐν
843 1522 986 1594 αὖτῴ
1045 1517 1350 1583 ἀπαλλάξας
1396 1519 1486 1573 τὸν
1538 1515 1923 1594 ἐτυγχάνοντα,

2013 888 2326 950 continens
2348 907 2421 949 ne
2445 889 2572 950 haec
2604 889 2794 950 otiose
2817 889 3074 952 audiret.
3114 915 3140 945 α
3173 892 3373 971 Atqui
3407 910 3666 972 prospe-

2012 976 2562 1040 xerit.»Considera
2588 979 2745 1058 quod
2775 979 3026 1041 dixerit:
3055 979 3166 1051 Qui
3186 981 3576 1060 prospexerit,
3603 989 3664 1042 et

2015 1085 2157 1140 non,
2190 1064 2302 1138 Qui
2331 1066 2638 1144 ingressus
2666 1067 2864 1130 fuerit.
2903 1067 3239 1148 Spiritualis
3271 1089 3529 1150 namque
3575 1072 3670 1133 lex

2016 1154 2392 1234 magnificum
2417 1155 2698 1236 quiddam
2722 1166 2779 1218 et
2801 1156 3020 1238 ubique
3044 1157 3440 1221 desiderabile
3462 1159 3662 1240 habet,

2015 1243 2170 1306 unde
2205 1243 2380 1306 etiam
2403 1265 2471 1306 ex
2496 1264 2671 1325 prava
2689 1245 2784 1308 sui
2800 1248 3175 1308 assecutione
3198 1247 3666 1311 novitattrahere

2012 1342 2071 1395 et
2101 1333 2428 1413 perfectum
2461 1334 2717 1397 reddere
2749 1358 2762 1394 :
2800 1355 3055 1417 cumque
3087 1337 3516 1418 perfectionem
3552 1340 3664 1400 ha-

1969 1486 1974 1490 _
2011 1421 2148 1484 beat
2178 1422 2312 1486 etin
2341 1423 2620 1486 omnibus
2641 1425 2878 1487 defectu
2902 1436 3264 1498 careat,eum
3297 1429 3398 1510 qui
3419 1447 3664 1489 assecu-

2015 1519 2106 1572 tus
2134 1513 2312 1588 est,in
2331 1514 2494 1575 nullo
2516 1514 2800 1595 relinquit
2817 1515 2996 1577 dubio
3019 1517 3176 1578 circa
3194 1516 3414 1598 aliquid
3430 1517 3585 1598 quod
3607 1519 3670 1580 iu

273 1611 360 1666 καὶ
431 1609 753 1688 παραμένειν
830 1607 1049 1665 πέπεικε
1116 1621 1234 1672 τοῖς
1305 1605 1660 1682 τεθεαμένοις.
1753 1625 1774 1658 ε
1842 1604 1925 1664 Εἰς

2014 1620 2080 1664 ea
2095 1604 2432 1664 continetur
2465 1622 2479 1665 :
2508 1611 2566 1664 et
2583 1603 2668 1666 eis
2691 1603 2791 1684 qui
2814 1605 2908 1667 vel
2929 1604 3317 1686 inspexerunt
3345 1610 3667 1687 persuadet

272 1698 436 1773 νόμον
494 1697 716 1761 τέλειον,
784 1722 812 1754 ι
892 1695 1111 1765 Ἐπειδὴ
1187 1696 1323 1775 μέγα
1378 1695 1626 1775 ἐφρόνουν
1685 1690 1925 1750 Ἰουδαῖοι

2014 1700 2078 1754 ut
2104 1692 2163 1752 in
2197 1712 2265 1754 ea
2295 1699 2707 1773 permaneant.
2747 1717 2769 1750 «
2806 1695 3017 1772 Legem
3053 1697 3397 1775 perfectam.
3439 1720 3460 1749 ι
3500 1697 3663 1770 Quo-

275 1788 330 1844 ἐν
385 1800 507 1851 ταῖς
555 1794 650 1845 τοῦ
707 1788 872 1864 νόμου
930 1788 1352 1868 παρατηρήσεσι,
1426 1787 1514 1841 καὶ
1570 1784 1782 1846 ταύταις
1866 1783 1925 1837 τὸ

2014 1782 2170 1843 niam
2205 1781 2602 1874 efferebantur
2629 1781 2818 1874 Judaei
2851 1791 3093 1874 propter
3117 1784 3264 1863 legis
3292 1786 3661 1849 observatio-

272 1884 377 1935 πᾶν
419 1883 518 1944 τῆς
561 1879 680 1956 περὶ
747 1879 876 1934 Θεὸν
928 1875 1189 1940 εὐσεϐείας
1247 1873 1529 1954 κατορθοῦν
1579 1872 1767 1947 ᾤοντο,
1839 1874 1925 1928 καὶ

2014 1890 2139 1951 nes,
2175 1881 2232 1933 et
2276 1871 2369 1932 his
2400 1889 2690 1932 summam
2725 1872 3042 1951 pietatisin
3073 1873 3260 1937 Deum
3295 1893 3360 1937 se
3384 1885 3664 1956 prastare

273 1969 392 2045 περὶ
459 1967 650 2030 ταύτας
710 1966 1103 2048 ἀσχολούμενοι
1184 1965 1370 2041 μόνας,
1456 1964 1599 2020 αὐτοὶ
1685 1963 1780 2038 μὲν
1865 1963 1925 2017 τὸ

2014 1963 2327 2038 putabant:
2351 1961 2565 2041 hisque
2598 1960 2742 2021 solis
2774 1971 3070 2038 vacantes,
3096 1963 3214 2025 sibi
3242 1964 3485 2044 quidem
3518 1985 3659 2046 per-

272 2055 474 2112 τέλειον
507 2056 718 2119 ἑαυτοῖς
777 2054 1248 2134 περιπεποιηκέναι
1305 2053 1623 2132 ἐλογίζοντο,
1697 2054 1827 2130 πρὸς
1872 2050 1925 2107 δὲ

2014 2051 2327 2113 fectionem
2359 2050 2910 2128 vindicabant,erga
2940 2059 3187 2114 caeteros
3217 2072 3354 2115 vero
3391 2057 3669 2118 homines

274 2147 396 2208 τοὺς
466 2143 655 2208 ἄλλους
730 2145 1031 2224 ἀνθρώπους
1089 2143 1434 2224 ὑπερηφάνως
1505 2143 1591 2198 καὶ
1646 2142 1924 2198 ὀνειδιστι-

2014 2139 2270 2220 superbo
2303 2139 2819 2221 etimproperioso
2852 2142 3048 2202 animo
3080 2143 3276 2207 affecti
3297 2153 3464 2206 erant
3485 2167 3497 2204 :
3519 2146 3654 2207 451

275 2241 385 2298 κῶς
428 2231 702 2308 διέκειντο,
735 2235 809 2299 ὡς
839 2232 998 2302 δῆλον
1052 2233 1157 2290 ἀπὸ
1206 2242 1298 2291 τοῦ
1353 2231 1406 2287 ἐν
1462 2230 1768 2310 Εὒαγγελίῳ
1820 2254 1926 2309 φα-

277 2323 478 2403 ρισαίου
546 2324 634 2379 καὶ
717 2325 792 2377 ὧν
867 2325 1001 2379 κατά
1065 2329 1156 2380 τοῦ
1205 2321 1436 2378 τελώνου
1487 2318 1872 2386 ἀπηυθαδίσατο
1907 2340 1922 2354 ⁸

274 2412 470 2478 ταύτην
527 2411 627 2478 τὴν
681 2409 862 2477 οἴησιν
919 2409 1292 2468 καταστέλλων
1341 2412 1369 2466 6
1417 2408 1672 2486 μακάριος
1734 2406 1926 2466 Ἰάκω-

274 2498 382 2565 ϐως
441 2501 506 2556 τὰ
560 2499 881 2579 προκείμενα
950 2522 1108 2576 φησι.
1192 2499 1446 2565 Μνησθεὶς
1528 2498 1628 2576 γὰρ
1702 2508 1930 2564 ποιητοῦ

277 2593 449 2670 ἐργων
546 2591 635 2646 καὶ
717 2590 1010 2666 μακαρίσας
1084 2589 1262 2665 αὑτὸν,
1333 2591 1706 2666 ἐπανορθοῦται
1787 2588 1928 2650 εὒθὺς

275 2681 364 2736 καὶ
405 2681 467 2736 τὸ
510 2679 564 2736 ἐν
594 2684 662 2755 τῇ
690 2679 901 2749 ποιήσει
945 2679 1087 2758 παρά
1137 2691 1253 2743 τοῖς
1311 2675 1537 2741 πολλοῖς
1579 2676 1931 2756 ἐπιφυόμενον

274 2770 465 2844 κακὸν,
512 2771 601 2826 καί
644 2790 772 2849 φησι
809 2784 823 2798 ⁶
886 2769 974 2836 Μὴ
1033 2764 1396 2844 ὑπολάμϐανε,
1431 2769 1459 2822 6
1501 2765 1607 2822 ἀπὸ
1637 2766 1733 2832 τῆς
1764 2766 1930 2835 ποιή-

273 2881 411 2923 σεως
479 2866 574 2916 τοῦ
646 2858 809 2934 νόμου
866 2857 1053 2938 λαχὼν
1110 2859 1172 2913 τὸ
1227 2857 1508 2935 μακάριον,
1569 2857 1643 2918 ὡς
1703 2854 1840 2930 μόνη
1895 2855 1930 2921 ἡ

275 2951 490 3016 ποίησις
534 2947 650 3028 ἔχει
680 2947 773 3004 καῖ
819 2949 880 3003 τὸ
935 2945 1225 3004 ἀπόδεκτον
1276 2946 1417 3024 παρά
1461 2951 1597 3019 Θεῷ.
1657 2947 1730 3003 Οὔ
1785 2944 1884 3021 γάρ
1919 2962 1930 2974 °

277 3037 392 3094 ἀλλ’
459 3040 666 3101 ἐκεῖνος
727 3039 754 3092 ὁ
815 3037 950 3112 μετά
1005 3058 1096 3093 του
1153 3047 1350 3109 ποιεῖν,
1412 3033 1491 3110 μὴ
1519 3031 1930 3098 ἐξονειδιστικώς

2011 2229 2512 2309 quemadmodum
2573 2227 2950 2291 manifestum
3001 2239 3090 2291 est
3125 2249 3193 2291 ex
3236 2233 3548 2314 pliarisazo,
3583 2234 3660 2296 de

2011 2337 2127 2399 quo
2159 2318 2218 2378 in
2251 2317 2722 2395 Evangelio‘3,et
2741 2317 2814 2379 ab
2838 2318 2932 2379 his
2961 2320 3062 2398 qui
3083 2321 3366 2382 adversus
3387 2323 3664 2385 Publica-

2010 2427 2152 2468 num
2178 2406 2600 2470 contumeliosi
2624 2414 2791 2468 erant
2815 2409 3003 2470 :hunc
3027 2409 3300 2472 timorem
3323 2412 3664 2492 reprimens

2012 2496 2220 2559 beatus
2248 2495 2504 2560 Jacobus
2534 2496 2680 2558 dicit
2728 2514 2794 2557 ea
2833 2515 2964 2576 quae
3010 2508 3449 2579 proponuntur.
3485 2501 3670 2564 Facta

2013 2605 2270 2668 namque
2286 2587 2586 2648 mentione
2603 2586 2847 2666 operum
2873 2587 2999 2666 ejus
3016 2587 3116 2668 qui
3134 2607 3474 2651 sermonem
3493 2591 3666 2653 factis

2015 2675 2421 2756 exprimit,ubi
2456 2693 2590 2736 eum
2615 2676 2852 2736 beatum
2888 2677 3455 2757 praedicavit,statim
3484 2682 3663 2743 etiam

2016 2764 2256 2844 corrigit
2279 2764 2493 2825 malum
2519 2764 2676 2844 quod
2692 2764 2891 2825 multis
2913 2785 2982 2827 ex
3012 2767 3357 2846 operatione
3391 2770 3664 2832 adnasci-

2019 2865 2202 2928 tur,et
2224 2853 2416 2916 aitzNe
2431 2853 2730 2915 existimes
2747 2854 2902 2934 quod
2915 2874 2986 2917 ex
3002 2855 3281 2936 operibus
3295 2858 3441 2936 legis
3455 2861 3663 2922 sortia-

2013 2945 2096 3004 ris
2115 2943 2738 3024 beatitudinem,quasi
2757 2944 3158 3024 solaoperalio
3178 2947 3393 3008 habeat
3407 2949 3660 3012 utetiam

2016 3033 2171 3114 apud
2201 3032 2388 3095 Deum
2419 3032 2632 3094 reddat
2660 3033 3090 3114 acceptabilem
3119 3053 3132 3096 :
3173 3055 3544 3117 nequaquam
3580 3039 3662 3101 ita

275 3132 384 3184 τῶν
452 3124 630 3183 ἄλλων
702 3111 838 3202 μηδὲ
910 3124 1328 3206 ἀφιλανθρώπως
1394 3125 1525 3203 πρὸς
1609 3123 1726 3186 τοὺς
1796 3124 1897 3197 ὁμο

2014 3111 2237 3204 est,sed
2290 3121 2391 3182 ille
2448 3121 2652 3183 beatus
2682 3131 2770 3183 est
2809 3111 2909 3204 qui
2940 3123 3117 3186 simul
3150 3133 3208 3185 et
3235 3111 3403 3198 facit,
3431 3135 3486 3188 et
3519 3147 3662 3208 erga

276 3228 453 3295 γενεῖς
512 3213 861 3291 διακείμενος.
935 3238 959 3270 ιι
997 3217 1097 3272 Τὸν
1140 3219 1237 3281 τῆς
1297 3213 1610 3292 ἐλευθερίας.
1675 3235 1696 3268 ι
1754 3212 1930 3268 Εἰπὼν

278 3305 457 3380 Νόμον
513 3303 742 3385 τέλειον,
815 3303 1100 3382 ἐπήνεγκε,
1146 3305 1249 3362 Τὸν
1292 3309 1391 3370 τῆς
1446 3301 1759 3385 ἐλευθερίας,
1831 3302 1928 3368 τὴν

275 3393 564 3474 ἐλευθερίαν
619 3382 879 3469 ἐπίσημον
937 3398 1095 3452 αὐτοῦ
1152 3393 1492 3468 ποιούμενος.
1557 3382 1614 3448 Ὀ
1667 3393 1766 3470 γὰρ
1795 3391 1930 3446 κατά

277 3486 500 3563 Χριστὸν
531 3483 721 3559 νόμος,
767 3488 864 3550 τῆς
895 3485 1014 3562 περὶ
1071 3489 1176 3540 πᾶν
1231 3483 1292 3538 τὸ
1337 3482 1586 3562 σαρκικὸν
1617 3478 1925 3550 ἀπήλλάξας

273 3571 533 3645 δουλείας,
620 3569 1014 3648 σαϐϐατισμῶν,
1100 3573 1186 3628 καὶ
1266 3575 1584 3650 περιτομῆς,
1657 3571 1744 3628 καὶ
1827 3574 1924 3636 τῆς

275 3665 392 3740 περὶ
433 3663 555 3725 τοὺς
613 3660 803 3727 ἄλλους
857 3662 1146 3740 ἀγνισμοὺς
1215 3659 1479 3740 λατρείας,
1555 3660 1608 3715 ἐν
1666 3657 1926 3738 ἐλευθερίᾳ

274 3751 474 3808 τούτων
504 3752 591 3807 καὶ
620 3750 791 3807 ἀνέσει
848 3753 938 3808 τὸν
983 3750 1268 3830 προσιόντα
1327 3750 1624 3814 καθίστησι.
1689 3749 1787 3806 Καὶ
1842 3745 1926 3802 διὰ

270 3842 334 3900 τὸ
377 3839 686 3920 ἐλευθέριον,
745 3843 832 3896 καὶ
896 3841 958 3896 τὸ
1012 3840 1120 3896 ἀπὸ
1183 3844 1281 3906 τῆς
1325 3838 1614 3917 ἐλευθερίας
1661 3835 1780 3908 ἡδὺ,
1839 3843 1926 3895 καὶ

271 3931 620 4010 προσεκτικὸν
691 3930 968 4008 εἰργάσατο
1035 3937 1242 4003 τοῦτον,
1315 3926 1539 3994 καὶτῆς
1598 3923 1924 4000 λυμαινομέ-

271 4042 368 4086 νης
394 4018 561 4075 ἅπασι
603 4032 724 4082 τοῖς
778 4018 967 4082 καλοῖς
1017 4017 1319 4088 ἀπήλλαξεν
1371 4015 1760 4091 ἐπιλησμονῆς.
1824 4016 1922 4072 0'3-

271 4107 358 4164 δὲν
401 4109 501 4188 γὰρ
544 4107 682 4166 οὕτω
739 4107 1078 4188 περιέχεσθαί
1120 4129 1260 4171 τινος
1317 4106 1504 4185 πείθει,
1563 4107 1636 4170 ὡς
1693 4106 1752 4160 τὸ
1809 4105 1924 4182 περὶ

269 4200 334 4254 τὸ
388 4205 608 4277 πρᾶγμα
659 4197 1070 4276 ἐνθεωρούμενον
1141 4195 1322 4254 ἅνετόν
1383 4217 1440 4251 τε
1481 4196 1569 4252 καὶ
1613 4193 1920 4273 ἐλευθέριον,

269 4287 490 4364 Προσέτι
521 4288 607 4343 καὶ
637 4287 894 4368 μακάριον
925 4286 1162 4367 ἀπέφηνε
1192 4287 1281 4342 τὸν
1314 4292 1580 4348 τοιοῦτον,
1642 4301 1671 4342 (
1704 4284 1923 4361 Ἀκροα·

269 4376 369 4444 τὴς
427 4374 816 4453 ἐπιλησμονῆς.
876 4399 899 4432 ι
975 4381 1053 4453 Τῇ
1109 4375 1355 4455 ἀκροασει
1404 4373 1604 4450 συνῆψε
1647 4373 1746 4440 τὴν
1802 4377 1924 4429 ἐπι-

2013 3219 2260 3273 caeteros
2285 3211 2375 3272 sui
2395 3211 2630 3290 generis
2661 3212 2934 3273 homines
2961 3232 3080 3273 non
3102 3215 3529 3278 contumelioso
3551 3236 3662 3280 nec

2011 3302 2335 3362 inhumano
2364 3299 2564 3362 animo
2585 3301 2828 3364 affectus
2863 3302 3164 3374 estJQuae
3196 3304 3656 3370 estlibertatis.»

2011 3388 2122 3452 Ubi
2153 3388 2398 3450 dixisset
2421 3388 2634 3466 Legem
2651 3389 3000 3469 perfectam,
3026 3391 3329 3470 subjunxit
3354 3412 3365 3455 :
3389 3396 3528 3467 Quae
3574 3405 3664 3458 est

2011 3479 2646 3560 libertatis,assignans
2669 3481 2798 3559 ejus
2819 3480 3305 3545 libertatem.Lex
3326 3485 3484 3546 enim
3499 3487 3663 3550 Chri-

2009 3569 2146 3631 stia
2174 3572 2456 3632 servitute
2506 3570 2762 3632 liberans
2808 3572 3076 3633 omnium
3127 3576 3485 3656 carnalium,
3522 3585 3663 3658 puta

2010 3656 2399 3720 Sabbatorum
2420 3659 2474 3720 ei
2499 3659 2970 3722 circumcisionis
2995 3681 3062 3724 ac
3085 3665 3274 3725 cultus
3303 3665 3459 3727 circa
3482 3656 3666 3729 ciete-

2008 3766 2103 3809 ras
2133 3747 2954 3828 puriﬁcationes,inlibertate
2975 3759 3030 3812 et
3054 3753 3260 3832 requie
3284 3752 3358 3814 ab
3382 3755 3474 3815 his
3493 3774 3665 3817 cons-

2008 3838 2165 3898 ti'uit
2187 3837 2665 3899 accedentemzet
2694 3848 2934 3919 propter
2957 3839 3288 3902 libertatem
3313 3861 3381 3904 ac
3414 3844 3668 3907 suavita-

2010 3935 2124 3990 tem
2164 3945 2342 4008 quaaa
2367 3926 2637 3989 libertate
2665 3928 3132 4008 procedit,etiam
3179 3931 3337 3992 hunc
3366 3940 3653 3994 attentum

2006 4017 2234 4093 reddit,
2261 4017 2592 4098 liberatque
2623 4017 2920 4079 oblivione
2946 4038 3074 4098 quae
3109 4019 3262 4080 bona
3295 4023 3493 4083 omnia
3520 4041 3663 4084 cor-

2005 4106 2415 4188 rumpit.1\'ibil
2445 4107 2602 4168 enim
2635 4108 2782 4169 adeo
2814 4109 3128 4189 persuadet
3156 4111 3465 4172 adhaerere
3488 4112 3667 4174 alicui

2009 4196 2162 4257 sicut
2191 4197 2588 4278 illud,nempe
2607 4199 2763 4278 quod
2795 4198 3380 4279 requiemanegotiis
3404 4210 3459 4262 et
3479 4202 3669 4264 liber-

2009 4294 2184 4347 talem
2219 4285 2361 4347 dare
2393 4287 3039 4368 conspicitur.[nsuper
3069 4290 3227 4350 hunc
3259 4310 3490 4372 quoque
3516 4291 3660 4354 bea-

2012 4383 2133 4436 tum
2156 4377 2601 4438 demonstravit.
2631 4377 2913 4439 «Auditor
2945 4378 3331 4441 obliviosus.»
3360 4382 3664 4444 Auditioni

270 4464 572 4546 λησμονὴν,
630 4467 704 4529 ὼς
774 4467 818 4522 εί
877 4464 1018 4522 ἐνδεῖ
1072 4469 1169 4530 τῆς
1225 4465 1500 4533 ποιήσεως
1557 4465 1591 4531 ἡ
1651 4463 1924 4542 ἀκρόασις,

2014 4466 2327 4545 conjunxit
2351 4464 2905 4547 oblivionem,quod
2939 4467 3226 4528 auditioni
3258 4489 3405 4549 opus
3422 4471 3497 4531 sit
3517 4491 3666 4552 ope-

269 4553 418 4611 οὖδέν
483 4561 700 4635 πρᾶγμα
758 4556 835 4632 μὴ
891 4557 979 4612 καὶ
1039 4554 1138 4621 τὴν
1195 4551 1561 4628 ἐπιλησμονὴν
1630 4551 1924 4609 ἐπακολου-

269 4647 456 4724 θῆσαι,
515 4646 590 4710 ὡς
621 4645 758 4703 κατὰ
799 4646 1060 4723 πάρεργον
1106 4641 1203 4700 οὒκ
1229 4641 1454 4722 ἐνεργῶς
1497 4643 1596 4710 τὴν
1626 4642 1926 4721 ἀκροάσεως

270 4733 563 4814 γενομένης
574 4783 588 4797 ,

355 4846 382 4878 α
432 4821 498 4879 Εἴ
542 4845 622 4888 τις
681 4822 832 4881 δοκεῖ
885 4827 1114 4904 θρῆσκος
1158 4822 1301 4879 εἶναι
1357 4821 1409 4878 ἐν
1457 4820 1724 4897 ὑμῖν,’μὴ
1755 4819 1922 4900 χαλι-

263 4918 518 4991 ναγωγῶν
592 4911 842 4992 γλῶσσαν
925 4916 1102 4992 αύτοῦ,
1190 4912 1328 4970 ἀλλά
1412 4913 1630 4968 ἀπατῶν
1711 4909 1924 4990 καρδίαν

266 5002 448 5075 αὐτοῦ,
536 5001 724 5058 τούτου
827 5003 1052 5078 μάταιος
1150 5005 1184 5070 ἡ
1285 5001 1556 5080 θρησκεία.
1663 4999 1924 5078 Θρησκεία

265 5091 466 5167 καθαρὰ
534 5092 623 5147 καὶ
691 5090 944 5167 ἀμίαντος
1001 5093 1143 5173 παρά
1235 5092 1311 5166 τῷ
1381 5097 1498 5164 Θεῷ
1574 5090 1662 5145 καὶ
1732 5090 1914 5168 [Ix-cpi,

264 5178 398 5248 αὕτη
484 5179 648 5256 ἐστὶν,
748 5180 1154 5239 ἐπισκέπτεσθαι
1236 5181 1491 5262 ὀρφανοὺς

263 5267 317 5325 ἐν
402 5275 470 5346 τῇ
554 5269 728 5345 θλίψει
813 5275 983 5331 αὐτῶν
1020 5289 1033 5302 ⁸

258 5358 367 5414 ἀπὸ
413 5366 504 5416 τοῦ
535 5359 761 5435 κόσμου.
802 5384 825 5420 υ

349 5437 411 5504 εΗ
455 5448 750 5529 θρησκεία,λ
776 5449 960 5527 πλέον,
1020 5474 1071 5508 τι
1128 5449 1276 5507 δοκεῖ
1332 5454 1430 5516 τῆς
1475 5449 1701 5510 πίστεως
1745 5447 1914 5527 ἔχειν,

266 5539 504 5619 Κρυιρίων
550 5539 651 5617 γάρ
910 5542 1110 5620 γνώσιν
1165 5542 1226 5597 τὸ
1284 5538 1450 5615 ὄνομα
1507 5536 1915 5616 ἐπαγγέλλεται,

343 5699 403 5750 15
431 5697 570 5764 Luc.
607 5717 778 5776 xvul,
815 5702 914 5766 10.

2007 4556 2259 4629 ratione,
2295 4555 2524 4616 nullum
2560 4565 2754 4616 autem
2789 4575 2936 4636 opus
2967 4555 3326 4617 oblivionem
3357 4569 3661 4640 sequatur:

2010 4645 2180 4725 quasi
2208 4643 2512 4725 superflua
2543 4645 2620 4707 sit
2650 4645 2871 4706 auditio
2921 4664 3052 4725 quae
3084 4648 3285 4726 operis
3339 4649 3660 4712 efﬁcaciam

2008 4733 2208 4796 habet.

2091 4822 2137 4897 Ι,
2170 4823 2391 4885 26-27.
2428 4825 2497 4884 Si
2536 4823 2676 4903 quis
2718 4825 2962 4887 videtur
2991 4824 3307 4904 religiosus
3338 4843 3466 4889 esse
3492 4829 3660 4892 inter

2009 4930 2112 4975 vos
2143 4917 2247 4993 qui
2288 4931 2406 4975 non
2452 4913 2663 4992 frenat
2699 4915 2974 4994 linguam
3023 4916 3327 4995 sua-m,sed
3365 4916 3524 4994 fallit
3554 4936 3664 4982 cor

2009 5019 2206 5079 suum,
2241 5003 2419 5079 huius
2449 5020 2610 5064 vana
2631 5011 2715 5065 est
2744 5005 2986 5081 religio.
3023 5003 3253 5085 Religio
3269 5023 3432 5084 pura
3455 5015 3511 5068 et
3538 5009 3658 5069 im-

2010 5093 2316 5154 maculata
2350 5093 2513 5172 apud
2545 5091 2742 5154 Deum
2773 5101 2826 5154 et
2850 5093 3093 5154 Patrem
3129 5095 3256 5155 haec
3279 5104 3382 5168 est,
3408 5099 3662 5161 visilare

1577 5181 1664 5234 καὶ
1741 5180 1916 5258 χήρας
1996 5180 2578 5261 pupillosucviduas
2599 5185 2662 5244 in
2699 5181 3658 5263 afﬂictioneipsorum:immacu-

1149 5269 1370 5329 ἄσπιλον
1467 5268 1650 5324 ἐαυτὸν
1733 5281 1918 5347 τηρεῖν

2014 5271 2194 5333 latum
2221 5289 2466 5333 servare
2485 5274 2748 5352 seipsum
2776 5289 2812 5333 α
2840 5272 3084 5334 mundo.

2085 5450 2348 5529 Θρησκεία
2395 5449 2601 5529 religio
2649 5450 2781 5530 plus
2832 5449 3111 5531 quiddam
3159 5452 3379 5516 habere
3428 5456 3660 5519 videtur

2005 5558 2183 5619 quam
2198 5539 2366 5601 fides.
2393 5539 2795 5612 Quorumdam
2817 5541 2976 5603 enim
2995 5542 3361 5606 occultorum
3375 5547 3661 5626 cognitio-
