4136 6420
437 386 551 451 471

1577 394 1987 460 (ECUMENII
2030 393 2324 457 TRICCE.
2368 397 2703 461 EPISCOPI

3703 397 3826 462 472

432 540 573 585 nem
603 522 898 614 promittit
927 523 1128 614 ipsum
1179 544 1420 603 nomen,
1456 535 1514 590 et
1567 547 1772 591 eorum
1809 548 1939 611 quae
1970 527 2083 590 ﬁde

2175 533 2253 587 καὶ
2317 528 2639 607 βεϐαιότητα
2709 540 2815 588 τῶν
2864 535 2999 590 κατὰ
3063 535 3163 602 τὴν
3219 537 3392 592 πίστιν
3471 534 3822 614 ἐνθεωρουμέ-

437 611 890 692 conspiciuntur
919 613 1283 678 ﬁrmitatem.
1318 617 1456 680 ldeo
1484 619 1596 680 hac
1619 619 1796 679 etiam
1830 619 2090 682 dictione

435 717 580 763 usus
611 710 698 763 est
731 699 935 763 beatus
961 703 1247 778 Iacobus,
1273 707 1518 770 dicens:
1553 707 1888 787 Religio,ac
1920 709 1971 770 si
1991 707 2089 769 di-

433 790 1028 870 xisset:Cognoscere
1050 801 1111 855 te
1140 794 1446 858 existimas
1471 806 1528 859 et
1551 805 1751 859 exacte
1774 798 2091 860 observare

439 898 656 943 arcana
684 899 814 961 quae
846 891 983 942 sunt
1012 881 1073 943 in
1105 883 1571 963 lege.Quomodo
1604 887 1715 950 boc
1739 888 1869 949 ﬁeri
1900 896 2092 969 potest

436 988 570 1033 cum
585 970 1107 1047 linguam-frenare
1132 975 1764 1048 nescias,detrahendo
1795 978 2086 1058 proximo:

437 1067 498 1123 et
524 1060 786 1122 fastuose
808 1059 982 1122 vitam
1015 1060 1261 1141 degens,
1289 1064 1509 1127 nullius
1531 1067 1702 1145 egeni
1725 1067 2086 1128 miserearis:

434 1148 576 1210 452
627 1167 763 1210 cum
797 1149 890 1210 lex
917 1169 1112 1232 neque
1175 1153 1590 1216 detrahentem
1647 1156 1896 1237 recipiat
1922 1158 1991 1233 14,
2035 1164 2093 1217 et

433 1239 814 1301 inimicorum
848 1258 1084 1321 quoque
1116 1242 1390 1304 misereri
1403 1244 1708 1324 jubeat,ac
1738 1245 1980 1307 inimica
1996 1265 2092 1307 oc-

436 1336 649 1409 cupato
673 1328 736 1388 in
767 1327 1127 1392 sublevando
1159 1351 1266 1393 suo
1289 1335 1565 1413 jumeuto
1589 1336 1745 1415 quod
1774 1335 1883 1396 sub
1909 1355 2092 1398 onere

435 1419 681 1496 cecidit,
699 1421 912 1499 jubeat
934 1429 998 1482 ut
1026 1421 1106 1483 sis
1137 1425 1356 1486 auxilio
1383 1426 1468 1486 45‘!
1501 1425 1560 1488 Si
1590 1445 1729 1506 ergo
1775 1427 2091 1506 religiosus

435 1528 570 1572 esse
591 1510 785 1584 vis,ne
807 1518 864 1572 te
886 1529 956 1572 ex
978 1511 1128 1590 legis
1155 1515 1495 1594 cognitione
1525 1517 1868 1596 religiosum
1895 1525 2090 1578 osten-

433 1599 673 1676 das,sed
705 1617 779 1661 ex
811 1601 1178 1682 operatione,
1213 1603 1270 1665 id
1302 1614 1497 1666 autem
1523 1605 1865 1668 miserendo
1894 1607 2088 1686 proxi-

435 1689 552 1752 mi:
584 1707 722 1751 nam
754 1689 1169 1753 misericordia
1201 1711 1339 1772 erga
1390 1694 1720 1774 proximum
1756 1693 2086 1757 similitudo

2171 641 2298 682 νων,
2350 621 2446 677 Διά
2488 645 2570 678 τοι
2627 629 2786 679 τοῦτο
2827 623 2915 679 καὶ
2953 645 3038 679 νυν
3085 625 3112 680 ὁ
3171 625 3429 704 μακάριος
3474 621 3726 689 Ἰάκωϐος
3757 629 3826 700 τῇ

2172 707 2305 775 λέξει
2389 712 2556 788 ταύτῃ
2627 713 2919 792 ἐχρήσατο,
2999 719 3237 791 Θρῆσκος
3325 715 3506 788 εἰπὼν,
3602 714 3828 793 ὡσπερεὶ

2172 798 2341 878 ἔλεγε,
2371 802 2620 869 Γνώστην
2679 803 2861 859 ἑαυτὸν
2921 801 3025 859 οἴει
3083 809 3186 859 τῶν
3247 801 3300 857 ἐν
3358 808 3434 876 τῷ
3463 803 3611 878 νόμῳ
3662 801 3827 881 ἀποῤ·

2171 889 2345 965 ῥήτων
2388 892 2474 947 καὶ
2505 889 2695 970 ἀκριϐῆ
2753 889 2980 971 φύλακα,
3043 897 3164 955 Πῶς
3200 910 3216 972 ς
3278 881 3454 970 ΗΟσγε
3497 893 3595 960 τὴν
3640 891 3824 972 γλῶσ-

2175 1001 2270 1034 σαν
2327 981 2404 1055 μὴ
2453 980 2801 1056 ἐπιστάμενος
2857 980 3286 1060 χαλιναγωγεϊν,
3345 981 3666 1046 καταλαλετς
3736 985 3829 1039 τοῦ

2174 1067 2421 1142 πλησίον,
2457 1071 2543 1126 καὶ
2584 1071 2951 1148 ὑπεροπτικῶς
2994 1067 3226 1134 διαϐιοὺς
3287 1069 3466 1130 οὐδένα
3521 1078 3624 1128 τῶν
3682 1072 3825 1128 ἀπο-

2173 1158 2400 1235 ρούντων
2457 1159 2749 1238 οἰκτείρεις,
2817 1166 2909 1216 τοῦ
2979 1162 3142 1235 νόμου
3231 1161 3366 1235 μήτε
3429 1160 3520 1216 τὸν
3577 1160 3821 1217 καταλα-

2173 1246 2361 1304 λοῦντα
2405 1249 2774 1328 προσιεμένου,
2833 1247 2970 1312 ἀλλὰ
3039 1250 3128 1306 καὶ
3179 1251 3301 1314 τοὺς
3360 1250 3581 1330 ἐχθροὺς
3639 1251 3821 1307 οἰκτεί-

2174 1359 2280 1415 ρειν
2324 1336 2659 1413 καλεύοντος,
2721 1339 2809 1394 καὶ
2860 1346 2937 1413 τῷ
2979 1340 3107 1419 ὑπὲρ
3150 1341 3239 1395 τὸν
3304 1341 3464 1415 νόμον
3519 1342 3580 1396 τὸ
3641 1340 3826 1397 ἑαυτοῦ

2173 1432 2368 1493 κτῆνος
2428 1425 2780 1503 ἐμπεπτωκὸς
2828 1425 3008 1507 ἔχοντι
3066 1425 3593 1503 καταλαμϐανομένῳ
3649 1426 3828 1507 ἐχθρῷ

2173 1517 2672 1591 συναντιλαμϐάνειν
2713 1518 2886 1592 τούτῳ
2933 1520 3270 1581 καλεύοντος.
3336 1517 3505 1598 Εἴπερ
3557 1521 3644 1576 οὖν
3685 1522 3825 1596 θρῆ-

2173 1630 2298 1670 σκος
2332 1607 2472 1663 εἶναι
2517 1607 2718 1687 βούλει,
2753 1609 2830 1684 μὴ
2876 1608 2929 1664 ἐν
2985 1616 3054 1684 τῇ
3111 1609 3301 1688 γνώσει
3359 1616 3450 1664 τοῦ
3507 1609 3668 1684 νόμου
3699 1608 3824 1665 ἐπι-

2171 1695 2435 1752 δείκνυσον
2487 1698 2576 1753 τὸν
2633 1701 2885 1776 θρῆσκον,
2958 1695 3078 1753 ἀλλ’
3135 1696 3190 1752 ἐν
3239 1705 3309 1774 τῇ
3367 1698 3825 1768 ποιήσει.⁶Τοῦτο

433 1779 698 1875 quaedam
727 1785 822 1875 .est
851 1780 923 1842 ad
956 1779 1165 1875 Deum.
1199 1782 1295 1843 Ait
1327 1783 1485 1844 enim
1524 1803 1597 1875 :_«
1631 1783 1832 1875 Estote
1857 1783 2087 1875 miseri-

2175 1785 2223 1844 δέ
2267 1787 2380 1842 ἐστι
2431 1788 2487 1842 τὸ
2543 1788 2664 1851 τοὺς
2708 1786 2956 1860 πλησίον,
3020 1788 3317 1866 οἰκτείρειν.
3385 1778 3441 1846 Ὀ
3498 1789 3598 1866 γὰρ
3631 1789 3703 1853 εἷς
3733 1789 3824 1845 τὸν

430 1869 643 1930 cordes
691 1867 848 1931 sicut
893 1877 952 1930 et
1003 1871 1176 1932 Pater
1208 1879 1400 1932 vester
1454 1873 1714 1934 caelestis
1745 1872 2086 1935 misericors

427 1957 728 2021 est46.Sed
751 1966 810 2022 et
831 1957 1242 2021 misericordia
1255 1979 1374 2023 non
1390 1962 1467 2024 sit
1488 1981 1622 2023 cum
1651 1969 1925 2042 respectu
1949 1981 2084 2044 per-

425 2065 706 2110 sonarum
742 2065 754 2109 :
790 2047 1133 2128 quianeque
1154 2048 1310 2112 Deus
1335 2069 1444 2112 sua
1467 2051 1760 2113 beneficia
1789 2050 1929 2110 facit
1949 2050 2086 2111 huic

425 2137 518 2198 vel
535 2136 623 2196 illi
644 2135 1197 2210 distribuendo,sed
1211 2139 1439 2200 nullum
1459 2138 1857 2200 discernendo
1878 2157 2086 2200 omnes

427 2225 723 2288 beneficio
780 2225 1050 2303 afﬁcit",
1076 2228 1285 2289 divites
1332 2247 1402 2290 ac
1448 2248 1763 2310 pauperes,
1801 2227 1986 2293 malos
2017 2247 2086 2289 ac

426 2312 917 2378 bonos.Frenans
945 2325 1165 2396 autem,
1202 2319 1316 2380 hoc
1339 2318 1842 2393 est,cohibens.et
1871 2336 1988 2378 non
2017 2336 2087 2378 ex

423 2404 770 2482 arrogantia
802 2405 970 2485 quasi
1022 2406 1214 2485 legem
1247 2407 1420 2469 factis
1452 2407 1836 2488 exprimeret,
1873 2407 2086 2468 fallens

427 2511 595 2555 suam
617 2494 1210 2557 conscientiamznam
1237 2497 1348 2557 hoc
1370 2495 1962 2575 signiﬁcatcor,sicut
1978 2496 2079 2558 ibi:

436 2586 587 2647 «Cor
606 2584 926 2648 contritum
957 2597 1014 2648 et
1045 2586 1421 2648 humiliatum
1471 2607 1586 2648 non
1618 2586 1916 2666 despicies
1941 2584 2014 2648 ‘8.
2051 2605 2078 2644 ι

428 2707 510 2719 -
545 2672 808 2751 «Religio
841 2675 1345 2754 pura.»Fortassis
1376 2676 1535 2739 dicet
1569 2675 1785 2756 aliquis
1813 2692 1827 2735 :
1865 2674 1926 2736 Si
1959 2683 2080 2736 tes-

432 2763 678 2826 tamenti
708 2763 866 2843 quod
897 2765 1098 2825 statuit
1131 2765 1402 2827 Christus
1427 2766 1636 2827 doctor
1684 2773 1773 2826 est
1805 2763 2078 2836 Jacobus,

433 2852 731 2934 quomodo
757 2871 875 2913 non
905 2851 1152 2933 abrogat
1171 2873 1330 2916 nunc
1349 2873 1480 2935 quae
1512 2855 1658 2934 legis
1685 2853 1956 2928 sunt,sed
1983 2871 2084 2934 po-

430 2941 546 3003 tius
580 2941 1171 3024 extollit,suscipiens
1204 2963 1307 3006 eos
1331 2944 1433 3025 qui
1463 2944 1522 3004 in
1551 2945 1682 3024 ejus
1712 2943 2088 3005 observantia

431 3042 887 3104 versantur,nec
914 3033 1022 3094 hos
1052 3034 1504 3114 reprehendens
1537 3042 1637 3095 aut
1685 3033 1983 3114 repellens
2013 3029 2086 3092 ab

2169 1875 2394 1944 πλησίον
2443 1879 2710 1956 οἱκτιρμὸς
2761 1877 3082 1956 ἀφομοίωσίς
3156 1880 3267 1934 ἐστι
3328 1879 3460 1956 πρὸς
3506 1879 3597 1932 τὸν
3668 1879 3823 1941 Θεόν,

2176 1990 2202 2020 (ι
2279 1968 2485 2022 Γίνεσθε
2545 1967 2666 2046 γὰρ,
2753 1968 2936 2045 φησὶν,
3016 1966 3358 2046 οἰκτίρμονες,
3419 1967 3591 2030 καθὼς
3661 1969 3746 2023 καὶ
3795 1971 3823 2024 ὁ

2169 2056 2352 2133 Πατὴρ
2410 2056 2557 2130 ὑμῶν
2629 2058 2656 2111 ὁ
2715 2056 2950 2133 οὐράνιος
3009 2057 3290 2134 οἰκτίρμων
3356 2056 3486 2112 ἐστί.
3547 2080 3575 2111 ι)
3658 2053 3825 2113 Ἀλλὰ

2169 2147 2255 2200 καὶ
2313 2147 2341 2200 ὁ
2387 2145 2652 2222 οἰκτιρμὸς
2719 2145 2797 2218 μὴ
2857 2144 2911 2199 ἐν
2963 2143 3390 2224 προσωποληψίᾳ
3447 2144 3603 2202 ἔστω.
3676 2146 3825 2202 Ἐπεὶ

2168 2231 2304 2310 μηδὲ
2361 2233 2389 2287 ὃ
2450 2236 2580 2295 Θεὸς
2639 2233 3137 2312 ἀπομεμερισμένας
3192 2235 3282 2299 τὰς
3347 2235 3532 2294 ἑαυτοῦ
3588 2248 3822 2291 ποιεῖται

2169 2323 2488 2401 εὐεργεσίας,
2564 2321 2701 2378 ἀλλὰ
2785 2320 3147 2387 ἀδιαστάκτως
3233 2324 3457 2398 πάντας,
3545 2323 3822 2389 πλουσίους

2169 2413 2255 2466 καὶ
2309 2410 2566 2490 πένητας,
2637 2412 2902 2490 πονηροὺς
2961 2413 3048 2467 καὶ
3124 2412 3350 2490 ἀγαθοὺς
3410 2415 3698 2491 εὖεργετεϊ.
3749 2415 3821 2470 Τὸ

2169 2499 2248 2574 δὲ,
2295 2499 2710 2580 χαλιναγωγῶν,
2771 2502 2926 2557 οἱονεὶ
2969 2502 3284 2581 κατάγχων,
3335 2503 3422 2557 καὶ
3467 2502 3543 2578 μὴ
3599 2500 3652 2567 ἒξ
3709 2504 3822 2571 οἰή-

2169 2610 2303 2652 σεως
2375 2591 2446 2652 ὡς
2518 2590 2750 2657 ποιητὴς
2831 2590 2995 2666 νόμου
3079 2590 3298 2647 ἀπατῶν
3354 2592 3454 2658 τὴὸ
3529 2589 3824 2656 συνείδησιν

2167 2679 2348 2738 αὺτοῦ.
2383 2684 2546 2736 Τοῦτο
2598 2681 2697 2756 γὰρ
2744 2680 2778 2748 ἡ
2838 2677 3019 2758 καρδία
3064 2678 3308 2756 βούλεται
3366 2680 3661 2755 σημαίνειν.
3731 2671 3822 2744 εΩς

2168 2766 2222 2822 ἐν
2273 2774 2371 2847 τῷ,
2453 2791 2481 2823 α
2541 2768 2763 2847 Καρδίαν
2849 2769 3296 2848 συντετριμμένην
3368 2771 3456 2826 καὶ
3506 2791 3824 2826 τεταπεινω-

2171 2858 2356 2934 μένην,
2395 2880 2423 2912 ιι
2456 2893 2536 2905 -
2571 2881 2597 2912 α
2628 2859 2891 2936 Θρησκεία
2933 2860 3160 2938 καθαρά.
3199 2883 3227 2914 ι
3268 2848 3434 2924 Ἰ[σως
3463 2858 3575 2938 ἐρεῖ
3601 2881 3680 2925 τις
3709 2879 3720 2891 ⁸
3762 2861 3822 2917 Εἰ

2169 2947 2264 3014 τῆς
2322 2947 2458 3002 κατὰ
2520 2949 2744 3025 Χριστὸν
2789 2945 3044 3017 διαθήκης
3089 2945 3400 3010 διδάσκαλος
3463 2951 3491 3004 ὁ
3545 2945 3820 3011 Ἰάκωϐος,

2171 3043 2284 3100 πῶς
2317 3045 2402 3094 νῦν
2448 3037 2569 3116 οὐχὶ
2611 3050 2870 3116 καταργεϊ
2909 3037 2974 3092 τὰ
3024 3047 3118 3096 τοῦ
3176 3036 3360 3116 νόμου,
3423 3035 3558 3092 ἀλλὰ
3618 3036 3824 3112 μᾶλλον

433 3120 845 3184 observatione
877 3122 1028 3201 legis
1053 3130 1082 3185 ?
1110 3109 1196 3185 Ᾱᾱ
1226 3123 1383 3204 quod
1416 3123 1562 3185 illud
1613 3109 1890 3202 dicimus,
1923 3119 2083 3202 quod

2175 3125 2380 3205 ἐξαίρει,
2439 3127 2561 3189 τοὺς
2620 3127 2674 3182 ἐν
2744 3133 2812 3203 τῇ
2870 3127 3052 3183 τούτου
3108 3127 3357 3206 θρησκεία
3401 3123 3822 3205 ἀποδεχόμενος,

431 3229 540 3294 per
571 3210 813 3272 modum
841 3211 1264 3275 introducendi
1314 3212 1508 3294 potius
1560 3232 1718 3273 nunc
1773 3229 1905 3273 cum
1938 3210 2084 3290 ipsis

433 3299 701 3374 disserit,
747 3309 804 3361 et
852 3301 1116 3365 demittit
1145 3321 1211 3364 sc
1239 3302 1314 3364 ad
1347 3320 1552 3363 eorum
1585 3300 2078 3375 imbecillitatem,

431 3408 510 3452 ne
537 3390 732 3450 statim
757 3389 828 3451 ab
851 3391 1093 3452 exordio
1127 3392 1322 3473 legem
1348 3391 1828 3464 evertens,faciat
1859 3408 1964 3451 eos
1981 3408 2082 3450 re-

437 3478 1154 3553 troredere,fastidientes
1185 3481 1260 3543 ob
1284 3481 1628 3561 dogmatum
1667 3480 2008 3558 novitatem,
2031 3486 2088 3538 et

435 3567 998 3631 adincredulitatem
1013 3569 1873 3632 declinantes.Convenientius
1887 3577 2086 3630 autem

430 3675 562 3721 rem
595 3666 876 3733 tractans,
907 3667 965 3720 et
985 3678 1050 3721 se
1071 3659 1393 3721 demittens
1419 3659 1492 3720 ad
1519 3659 1734 3738 legem,
1757 3677 1870 3738 quo
1893 3656 1963 3720 ad
1990 3657 2092 3718 illa

431 3747 494 3810 in
527 3747 742 3829 quibus
766 3767 913 3810 novo
945 3748 1724 3812 testamentononaﬂ‘erebat
1757 3765 2088 3809 nocumen-

431 3845 556 3900 tum
589 3836 712 3900 suis
740 3839 1403 3920 superstitionibus(qui
1425 3839 1582 3900 enim
1605 3847 1780 3900 nocet
1803 3837 1943 3898 ﬁdei
1962 3853 2093 3915 quae

432 3927 496 3988 in
520 3926 818 3990 Christum
850 3937 962 4002 est,
995 3928 1334 3990 observatio
1379 3928 1759 3990 sabbatorum
1801 3933 1904 3988 aut
1924 3926 2090 4005 jeju-

435 4019 602 4080 nium
616 4025 716 4080 aut
729 4017 1086 4080 abstinentia
1104 4037 1136 4080 a
1151 4017 1506 4099 quibusdam
1523 4015 1890 4095 cibis),ethis
1907 4023 2087 4076 atten-

431 4108 618 4169 tiores
648 4126 752 4170 eos
783 4107 856 4169 ad
889 4127 1061 4169 suum
1094 4126 1434 4169 sermonem
1462 4105 1839 4179 reddens,ita
1870 4103 2090 4166 sensim

436 4215 506 4260 ac
537 4196 815 4278 paulatim
847 4196 1161 4259 discedere
1191 4196 1432 4278 quidem
1463 4197 1736 4258 hortatur
1766 4215 1798 4256 a
1821 4194 1968 4273 legis
1991 4191 2092 4253 ob-

439 4284 897 4363 servationibus,
933 4293 1212 4366 tanquam
1267 4285 1601 4366 laboriosis,
1637 4295 1696 4347 et
1726 4293 1923 4346 tamen
1958 4286 2091 4343 inu-

440 4375 667 4451 tilibus,
705 4381 764 4436 et
786 4381 1065 4455 tanquam
1089 4374 1160 4436 ad
1195 4375 1559 4450 servitutem,
1597 4393 1715 4434 non
1746 4373 1817 4433 ad
1852 4373 2093 4434 liberta-

441 4471 560 4526 tem
595 4481 726 4545 quae
756 4462 816 4524 in
845 4462 1077 4526 Christo
1111 4473 1220 4539 est,
1258 4464 1619 4526 vocantibus.
1667 4461 1952 4524 Brevibus
1982 4462 2095 4522 ita-

442 4572 560 4636 que
591 4553 1154 4616 commutationibus
1175 4573 1243 4615 ac
1273 4552 1767 4614 alternationibus
1795 4552 2100 4631 sapienter

443 4661 609 4717 usus,
660 4641 761 4705 ubi
787 4643 912 4723 jam
943 4642 1152 4707 habuit
1184 4644 1345 4724 ipsos
1378 4662 1495 4703 non
1527 4642 1784 4721 graviter
1838 4642 2098 4702 ferentes

445 4752 578 4814 quae
629 4732 996 4807 dicerentur,
1053 4742 1192 4794 tunc
1227 4750 1294 4794 ea
1323 4751 1454 4812 quae
1500 4730 1848 4807 Christianis
1878 4748 2094 4790 conve-

441 4822 688 4885 niebant
731 4822 1030 4904 proponit.
1069 4848 1095 4878 (ι
1129 4822 1377 4885 Servare
1427 4821 1690 4901 seipsum
1725 4839 1759 4881 a
1785 4819 2027 4882 mundo.
2065 4842 2087 4875 ν

442 4912 659 4975 Mundo
693 4913 790 4974 hic
819 4911 1157 4992 intelligere
1189 4911 1480 4974 debemus
1514 4911 1862 4991 popularem
1887 4928 1956 4970 ac
1977 4907 2096 4968 vul-

443 5020 644 5082 garem
695 5003 948 5081 turbam,
987 5022 1117 5085 quae
1174 5001 1676 5083 concupiscentiis
1731 4999 1818 5060 sui
1879 4997 2098 5081 erroris

446 5092 870 5174 corrumpitur.

1075 5294 1324 5360 CAPUT
1370 5295 1468 5359 ΙΙΙ.

444 5401 586 5465 455
597 5403 690 5468 De
701 5405 994 5468 charitate
1009 5422 1160 5486 erga
1177 5404 1804 5484 unumquemquesine
1833 5410 2100 5482 respectu

849 5503 1122 5568 personae
1150 5487 1479 5548 secundum
1512 5487 1722 5562 legem.

523 5587 995 5667 II,1-4,Fratres
1013 5591 1155 5665 mei,
1180 5607 1256 5652 ne
1273 5595 1543 5669 respectu
1564 5603 1971 5668 personarum
1990 5589 2100 5648 ha-

1687 5765 1741 5810 16

522 5767 574 5814 ¹⁴
603 5769 760 5835 Psal.
795 5786 849 5850 c,
882 5771 943 5833 5.
1033 5767 1086 5812 1⁵
1115 5767 1300 5832 Exod.
1338 5783 1502 5843 XXIII,
1541 5769 1601 5830 5.

1823 5766 1963 5829 Luc.
2000 5786 2077 5846 v1,
2113 5767 2212 5832 36.

2166 3217 2362 3292 καὶμὴ
2408 3217 2669 3292 ἐπιτιμῶν
2714 3217 2917 3279 τούτοις
2961 3217 3048 3272 καὶ
3105 3221 3202 3284 τῆς
3262 3225 3354 3274 τοῦ
3410 3215 3574 3291 νόμου
3633 3215 3828 3272 ἀπανι-

2167 3310 2302 3361 στῶν
2361 3306 2829 3384 παρατηρήσεως,
2902 3307 3036 3384 Πρὸς
3092 3306 3150 3360 ὃν
3207 3304 3425 3382 ἐροῦμεν
3479 3304 3678 3376 ἐκεῖνο,
3755 3307 3828 3372 ὡς

2168 3395 2652 3474 εἶσαγωγικώτερον
2710 3398 2894 3458 αὐτοῖς
2957 3401 3046 3450 νῦν
3105 3392 3428 3473 διαλέγεται,
3476 3396 3564 3450 καὶ
3621 3417 3827 3474 συγκα-

2169 3481 2398 3542 ταϐαίνει
2448 3490 2516 3562 τῇ
2570 3485 2765 3540 τούτων
2821 3484 3082 3544 ἀσθενεία.
3133 3474 3257 3542 ulva:
3315 3485 3391 3559 μὴ
3438 3483 3500 3538 ἐκ
3558 3487 3827 3565 προθύρων

2171 3573 2480 3654 ἀνατρέπων
2541 3574 2630 3630 τὸν
2661 3573 2847 3650 νόμον,
2883 3573 3052 3630 ὀπίσω
3096 3586 3301 3653 χωρεῖν
3358 3574 3552 3649 αοιήση
3612 3581 3680 3650 τῇ
3709 3596 3828 3631 διαι-

2173 3663 2354 3731 νότητι
2437 3669 2543 3720 τῶν
2627 3661 2962 3741 διδαγμάτων
3073 3669 3416 3736 ναυτιῶντας,
3525 3666 3612 3720 καὶ
3692 3666 3822 3741 πρὸς

2173 3756 2439 3812 ἀπείθειαν
2509 3751 2916 3816 ἀποκλίναντας.
2989 3752 3472 3830 Οίκονομικώτερον
3544 3751 3598 3808 δὲ
3656 3773 3823 3828 μετα-

2173 3845 2551 3925 χειρισάμενος
2611 3843 2672 3898 τὸ
2738 3848 2978 3920 πρᾶγμα,
3053 3842 3142 3897 καὶ
3196 3839 3442 3904 ὑπενδοὺς
3501 3840 3622 3898 ὅσον
3674 3843 3828 3899 αὐτὸν

2175 3937 2268 3990 οὒκ
2311 3930 2568 3988 ἔϐλαπτεν
2615 3933 2688 3994 εἷς
2731 3932 2830 3998 τὴν
2874 3937 3060 3997 καινὴν
3113 3927 3370 3999 διαθήκην
3413 3944 3534 3993 ταῖς
3580 3944 3830 4005 νομικαϊς

2176 4021 2471 4084 δεισιθείαις
2507 4039 2521 4054 ⁸
2568 4021 2616 4076 τί
2673 4021 2771 4098 γὰρ
2822 4016 3207 4098 σαϐϐατισμὸς,
3239 4019 3273 4086 ἢ
3304 4021 3544 4092 νηστεία,
3576 4019 3612 4087 ἢ
3639 4020 3831 4099 ἀποχή

2176 4111 2470 4189 βρωμάτων
2514 4111 2585 4172 εἷς
2616 4108 2714 4176 τὴν
2744 4110 2880 4165 κατὰ
2933 4109 3156 4187 Χριστὸν
3215 4105 3551 4187 παραϐλάψει
3582 4109 3755 4165 πίστιν
3787 4108 3829 4189 ;)

2176 4202 2264 4257 καὶ
2335 4201 2540 4262 τούτοις
2632 4198 3143 4277 προσεκτικωτέρους
3227 4197 3415 4260 αὐτοὺς
3484 4203 3576 4254 τοῦ
3645 4199 3835 4254 ἑαυτοῦ

2178 4289 2336 4368 λόγου
2395 4286 2594 4360 λαϐὼν,
2668 4286 2831 4350 οὕτως
2886 4287 3057 4366 ἠρέμα
3127 4287 3215 4342 καὶ
3288 4287 3423 4344 κατὰ
3479 4288 3667 4365 μικρὸν
3723 4293 3833 4344 τῶν

2180 4380 2256 4454 μὴ
2312 4379 2620 4458 ἀφίστασθαι
2683 4390 2931 4456 παραινεῖ
2992 4383 3097 4433 τῶν
3163 4385 3255 4434 τοῦ
3313 4375 3499 4456 νόμου,
3552 4378 3622 4442 ὡς
3681 4376 3836 4455 ἐγκό-

2181 4492 2294 4524 πων
2335 4469 2432 4542 μὲν
2462 4466 2746 4546 ἀνωφελῶν
2777 4464 2854 4539 δὲ,
2888 4467 2976 4522 καὶ
3027 4469 3099 4530 ὡς
3131 4467 3261 4545 πρὸς
3290 4463 3524 4522 δουλείαν
3581 4465 3640 4522 οὗ
3699 4469 3834 4545 πρὸς

2182 4557 2469 4636 ἐλευθερίαν
2537 4553 2973 4632 μετακαλούντων
3029 4556 3127 4622 τὴν
3207 4555 3260 4610 ἐν
3340 4561 3567 4631 Χριστῷ.
3643 4561 3834 4634 Σοφῶς

2179 4649 2451 4726 τοιγαροῦν
2523 4659 2644 4709 ταῖς
2709 4645 2987 4724 βραχείαις
3047 4643 3388 4722 ὺπαλλαγαῖς
3461 4645 3832 4723 χρησάμενος,

2179 4736 2266 4792 ὅτε
2299 4738 2373 4811 μὰ
2402 4734 2920 4814 δυσανασχετοῦντας
2954 4734 3082 4814 εἶχε
3112 4745 3230 4798 τοῖς
3260 4731 3566 4811 λεγομένοις
3606 4734 3724 4788 τότε
3767 4734 3838 4789 τὰ

2177 4827 2514 4903 προσήκοντα
2546 4832 2880 4903 Χριστιανοϊς
2907 4825 3264 4902 παρατίθεται,
3335 4846 3356 4877 ιι
3397 4815 3612 4879 Ἐαυτὸν
3642 4823 3835 4902 τηρεῖν

2178 4917 2282 4972 ἀπὸ
2330 4917 2422 4971 τοῦ
2471 4915 2692 4989 κόσμου,
2733 4937 2760 4968 ι
2831 4913 3041 4987 Κόσμον
3087 4911 3303 4968 ἐνταῦθα
3354 4913 3445 4968 τὸν
3494 4909 3717 4988 δημώδη
3746 4913 3838 4968 καὶ

2180 5006 2430 5084 συρφετὸν
2461 5001 2625 5082 ὄχλον
2669 5001 2976 5074 ἀκουστέον,
3019 5003 3108 5058 τὸν
3138 5003 3274 5061 κατά
3301 5002 3395 5066 τὰς
3427 4999 3700 5077 ἐπιθυμίας
3731 5003 3836 5068 τῆς

2181 5095 2388 5161 ἀπάτης
2421 5093 2578 5150 αὒτοῦ
2621 5091 2980 5172 φθειρόμενον,

2815 5301 3068 5357 ΚΕΦΑΛ.
3118 5285 3198 5356 Γ’.

2188 5426 2216 5458 α
2274 5405 2406 5478 Περὶ
2462 5405 2559 5469 τῆς
2609 5400 2740 5478 πρὸς
2801 5399 3020 5456 ἕκαστον
3074 5400 3286 5478 ἀγάπης
3341 5395 3841 5478 ἀπροσωπολήπτου

2784 5481 2919 5537 κατὰ
2964 5481 3147 5558 νόμον.
3198 5503 3226 5536 n

2269 5611 2290 5643 ε
2355 5585 2595 5665 ’Λδελφοί
2649 5607 2772 5662 μου,
2860 5587 2938 5661 μὴ
3025 5585 3078 5642 ἐν
3148 5583 3622 5665 προσωποληψίαις
3679 5583 3839 5664 ἔχετε

2302 5766 2353 5809 1⁷
2383 5765 2585 5832 Matth.
2616 5781 2675 5842 v,
2705 5765 2805 5828 45.
2893 5762 2945 5807 ¹⁸
2974 5763 3132 5829 Psal.
3165 5779 3224 5842 L,
3259 5763 3358 5826 19.
