4136 6456
339 399 463 471 473

1307 407 1703 470 COMMENT.
1751 408 1834 470 IN
1880 397 2120 466 EPIST.
2167 403 2491 470 CATHOL.
2539 409 2816 472 JACOBI.

3630 399 3746 467 474

332 544 438 610 τὴν
485 541 660 599 πίστιν
747 541 842 598 τοῦ
932 543 1124 622 Κυρίου
1179 544 1334 618 ἡμῶν
1391 541 1569 610 Ἰησοῦ
1625 550 1848 623 Χριστοῦ
1909 550 1994 636 τῆς

2095 537 2288 636 beatis
2313 539 2490 636 {idem
2525 541 2992 636 Domininostri
3012 541 3175 636 ‘Jesu
3235 538 3471 636 Christi
3510 555 3590 600 ex

333 629 513 699 δόξης.
603 628 728 690 Ἐὰν
837 631 938 710 γὰρ
1034 630 1242 710 εἰσέλθῃ

333 723 483 800 ὑμῶν
581 720 716 800 ἀνὴρ
803 718 1247 800 χρυσοδακτύλιος
1347 721 1401 778 ὶν
1497 721 1676 790 ἐσθῆτι
1754 721 1992 805 λαμπρᾷ,

332 811 543 888 εἰσέλθῃ
599 809 655 867 δὲ
730 811 820 867 καὶ
877 810 1102 891 πτωχὸς
1172 810 1226 867 ἔν
1323 810 1529 891 ῥυπαρᾷ
1627 811 1832 887 ἐσθῆτι,
1907 816 1997 871 καὶ

337 899 668 977 ἐπιϐλέψητε
756 899 842 956 ἐπὶ
924 902 1016 957 τὸν
1113 908 1370 981 φοροῦντα
1478 902 1577 969 την
1649 901 1844 970 ἐσθῆτα
1897 905 1996 972 τὴν

336 990 608 1070 λαμπρὰν,
639 989 727 1046 καὶ
784 987 977 1056 εἴπητε
1031 993 1196 1070 αύτῷ,
1280 991 1353 1046 Σὺ
1408 990 1565 1047 κάθου
1633 989 1733 1048 ὧδε
1791 991 1993 1075 καλῶς,

336 1084 428 1139 καὶ
479 1087 556 1156 τῷ
599 1083 810 1160 πτωχῷ
856 1080 1078 1160 εἴπητε,
1139 1082 1212 1136 Σὺ
1277 1083 1454 1160 στῆθι,
1544 1080 1686 1157 ἐκεῖ,
1744 1082 1780 1150 ἢ
1835 1083 1997 1144 κάθου

341 1169 446 1229 ὧδε
471 1171 575 1227 ὑπὸ
652 1170 715 1224 τὸ
783 1168 1068 1227 ὑποπόδιόν
1125 1192 1250 1246 μου,
1311 1171 1410 1227 Καὶ
1465 1171 1525 1226 οὗ
1580 1169 1868 1251 διεκρίθητε
1941 1173 1995 1230 ἐν

344 1262 578 1325 ἑαυτοῖς.
651 1258 750 1317 Καὶ
833 1257 1066 1337 ἐγένεσθε
1134 1260 1304 1338 κριταὶ
1400 1257 1754 1339 διαλογισμῶν
1813 1284 1990 1330 πονη-

338 1356 465 1427 ρῶν.
500 1372 529 1405 ι

1327 633 1400 698 εἷς
1483 633 1582 700 τὴν
1679 633 1995 713 συναγωγὴν

2076 628 2277 691 nione.
2307 628 2468 693 Nam
2491 637 2546 693 si
2566 631 2962 712 ingrediatur
3000 632 3067 692 in
3095 636 3324 693 coetum
3353 633 3620 692 vestrum
3640 629 3743 689 vir

2078 733 2333 780 aureum
2390 727 2630 801 gestans
2676 720 2996 797 annulum,
3043 726 3198 784 veste
3239 719 3488 782 indutus
3525 717 3736 798 splen-

2077 805 2244 883 dida,
2277 809 2662 890 ingrediatur
2714 819 2922 874 autem
2973 819 3034 873 et
3076 826 3313 892 pauper
3367 812 3436 870 in
3483 805 3736 870 sordida

2080 902 2264 967 veste,
2299 907 2355 960 et
2384 902 2782 980 respexeritis
2837 902 2915 963 ad
2946 900 3118 963 illum
3150 901 3256 980 qui
3286 904 3506 960 vestem
3542 901 3739 977 gestat

2080 984 2486 1069 splendidam,
2543 1007 2615 1050 ac
2645 990 2931 1053 dixeritis
2960 989 3058 1051 illi
3093 1009 3106 1050 :
3175 991 3261 1049 Tu.
3288 987 3423 1050 sede
3440 986 3539 1047 hic
3570 984 3736 1064 bene,

2075 1078 2342 1156 pauperi
2363 1095 2505 1140 vero
2535 1080 2831 1143 dixeritis
2865 1101 2882 1140 :
2923 1080 3008 1142 Tu
3034 1085 3129 1142 sta
3162 1077 3313 1152 illic,
3349 1082 3456 1138 aut
3478 1073 3617 1136 sede
3643 1071 3740 1133 hic

2075 1163 2280 1226 subter
2306 1167 2632 1230 scabellum
2663 1186 2862 1231 meum
2893 1186 2906 1230 :
2941 1177 2996 1231 et
3021 1185 3142 1230 non
3171 1163 3561 1247 dijudieastis
3575 1160 3738 1242 apud

2071 1269 2182 1400 Eros
2208 1257 2366 1333 ipsos
2400 1273 2418 1318 :
2450 1263 2506 1320 et
2528 1259 2677 1336 facti
2703 1259 2843 1322 estis
2861 1258 3095 1339 judices
3134 1258 3577 1338 cogitationum
3606 1267 3740 1312 ma-

2105 1359 2306 1400 arum-

2105 1359 2283 1407 arum
2293 1395 2306 1408 .

419 1461 445 1493 ¢
480 1439 568 1506 Μὴ
599 1437 653 1495 ἐν
679 1437 1180 1513 προσωποληψίαις.
1209 1461 1238 1493 ιο
1308 1428 1365 1496 Ὀ
1422 1439 1524 1518 γὰρ
1582 1439 1637 1495 ὲν
1693 1462 1983 1520 πρυσωπο-

2156 1453 2179 1488 α
2206 1431 2293 1497 Ne
2315 1454 2449 1498 cum
2479 1445 2758 1519 respectu
2791 1455 3248 1520 personarum.»
3282 1434 3430 1498 Nam
3463 1431 3562 1512 qui
3597 1445 3736 1520 cum

324 1527 499 1604 ληψίᾳ
589 1547 640 1583 τι
695 1533 888 1600 ποιῶν,
951 1526 1152 1584 πολλοῦ
1223 1515 1446 1603 σπίλου,
1493 1515 1700 1597 πολλῆς
1737 1515 1981 1598 κηλῖδος

2076 1532 2347 1602 respectu
2381 1515 2770 1606 personarum
2793 1515 3025 1608 aliquid
3055 1527 3221 1605 facit,
3259 1523 3443 1585 multa
3474 1515 3732 1589 macula,

330 1617 516 1672 ἑαυτὸν
599 1615 995 1692 ἀναπίμπλησι,
1075 1616 1138 1671 τὸ
1228 1615 1481 1694 ὁμογενὲς
1547 1617 1836 1692 ἀτιμάζων.
1897 1621 1987 1676 καὶ

2076 1614 2256 1672 multo
2287 1614 2504 1693 probro
2536 1616 2798 1697 seipsum
2834 1617 3046 1697 replet,
3073 1615 3407 1697 proximum
3434 1610 3737 1697 dedecori!

327 1709 431 1785 πρὸ
460 1705 657 1763 ἐκείνου
687 1706 896 1780 ἑαυτὸν,
942 1705 996 1762 εἴ
1053 1728 1114 1785 γε
1142 1708 1176 1774 ἡ
1249 1692 1375 1785 πρδ·
1403 1708 1468 1764 τὸ
1512 1706 1696 1784 ὅμοιον
1718 1708 1983 1786 ἐπίδειξις,

2076 1692 2439 1781 afﬁciens,ac
2460 1692 2724 1787 seipsum
2749 1692 2925 1768 etiam
2951 1692 3089 1767 ante
3109 1705 3276 1766 illum
3305 1718 3475 1764 :nam
3504 1692 3740 1787 exhibi-

331 1798 419 1854 καὶ
488 1798 620 1876 πρὸς
705 1796 890 1852 ἑαυτὸν
973 1796 1381 1876 παραπέμπεται
1451 1799 1511 1854 τὸ
1594 1801 1976 1878 πραττόμενον.

2076 1787 2149 1878 tio
2177 1807 2316 1870 erga
2346 1780 2683 1858 consortem
2721 1794 3067 1857 transmittit
3098 1793 3156 1854 id
3188 1791 3346 1873 quod
3375 1791 3436 1852 tit
3461 1787 3639 1850 etiam
3637 1780 3735 1878 ἑά

335 1906 362 1943 ι
414 1870 616 1945 Καὶρῦ
659 1883 970 1964 διεκρίθητε.
1009 1870 1155 1946 ι’Ὁ.
1188 1870 1336 1961 ’Καὶ,
1392 1870 1677 1964 σύνδεσμος
1723 1870 1977 1970 παρέλκει

2076 1877 2358 1970 ςβίρευῐῐι.
2400 1911 2423 1941 α
2458 1884 2531 1946 Et
2558 1903 2678 1946 non
2710 1884 3111 1965 dijudicastis.
3151 1907 3179 1937 »
3208 1870 3604 1963 Ἐοηεῇιιῐιοῐίο,
3637 1870 3732 1951 Et,

324 1974 474 2034 Ἀντὶ
542 1981 656 2051 τοῦ,
704 1977 776 2034 Τὸ
833 1974 1152 2056 διακριτικὸν
1209 1977 1356 2050 ὑμῶν
1413 1975 1750 2062 διεφθείρατε,
1801 1967 1978 2058 pnas-

2076 1967 2324 2036 abundat
2349 1996 2362 2010 ·
2393 1977 2503 2038 hoc
2525 1973 3022 2054 est,Dijudicandi
3047 1972 3164 2034 vim
3180 1992 3310 2062 quae
3333 1973 3391 2033 in
3415 1970 3580 2033 vobis
3601 1970 3730 2062 era}

329 2066 455 2142 μίαν
527 2066 812 2137 συζήτησιν
868 2066 1188 2134 ποιήσαντες
1264 2066 1484 2146 πότερον
1555 2069 1830 2152 τιμητέον,
1888 2074 1978 2128 τὸν

2076 2063 2672 2145 :orrupistis,nullam
2714 2053 3162 2144 inquisitionem
3196 2061 3480 2123 facientes
3501 2068 3634 2122 uter
3655 2053 3732 2116 sit

328 2155 538 2222 πένητα
582 2156 702 2231 μὲν,
751 2153 1035 2211 σπουδαῖον
1079 2151 1158 2228 δὲ,
1205 2153 1242 2222 ἢ
1285 2156 1376 2211 τὸν
1408 2155 1657 2215 πλούσιον
1715 2150 1838 2242 μὲν,
1881 2160 1980 2240 ῥα-

2076 2153 2482 2242 honorandus,
2518 2171 2822 2236 pauperne
2855 2152 3086 2234 probus
3117 2153 3239 2214 sive
3270 2150 3620 2220 industrius,
3653 2168 3729 2210 an

331 2248 498 2320 θυμον
528 2243 607 2324 δὲ,
667 2241 792 2299 ἀλλ’
849 2243 1014 2308 οὗτως
1070 2241 1382 2322 ἀδιακρίτως
1439 2244 1535 2302 καὶ
1594 2247 1646 2303 ἐν
1703 2271 1988 2328 προσωπο-

2076 2241 2234 2304 dives
2263 2247 2460 2322 segnis
2495 2262 2508 2306 :
2535 2243 2640 2306 sed
2677 2243 2764 2305 ita
2791 2243 2922 2304 sine
2943 2243 3174 2321 judicio
3207 2249 3270 2305 et
3290 2259 3424 2303 cum
3451 2259 3725 2320 persona-

330 2333 508 2410 ληψία
553 2335 645 2390 τὸν
689 2333 788 2410 μὲν
855 2332 1143 2408 ἐτιμήσατε
1204 2331 1287 2389 διὰ
1346 2335 1436 2391 τὸν
1507 2335 1755 2413 πλοῦτον,
1812 2341 1904 2395 τὸν
1933 2338 1988 2396 δὲ

2076 2350 2198 2393 rum
2233 2341 2532 2414 respectu,
2567 2335 2724 2395 hunc
2756 2332 2998 2412 quidem
3023 2339 3268 2413 propter
3290 2329 3523 2393 divitias
3545 2331 3726 2391 hono-

329 2425 634 2499 ἡτιμήσατε
705 2421 790 2480 διὰ
846 2421 946 2490 τὴν
1000 2423 1205 2485 πενίαν,
1284 2446 1313 2478 σ
1375 2425 1473 2482 Καὶ
1529 2425 1764 2505 ἐγένεσθέ
1818 2432 1989 2508 κριταὶ

2076 2420 2271 2493 rastis,
2298 2422 2465 2484 illum
2492 2441 2630 2484 vero
2653 2431 2897 2504 propter
2927 2428 3337 2502 paupertatem
3363 2419 3732 2500 contemptui

329 2510 694 2592 διαλογισμῶν
748 2513 1020 2590 πονηρῶν,
1078 2535 1106 2566 κ
1186 2511 1485 2591 Τουτέστιν,
1566 2513 1734 2574 ἄδικοι
1793 2521 1985 2600 κριταὶ,

2076 2510 2382 2573 habuistis.
2428 2536 2451 2570 ι
2487 2512 2561 2574 Et
2622 2512 2763 2574 facti
2820 2511 2962 2573 estis
3010 2510 3246 2600 judices
3303 2508 3728 2600 cogitationum

327 2601 394 2678 τῇ
462 2603 692 2681 πονηρίᾳ
779 2601 838 2657 ἐκ
920 2599 1376 2680 προσωποληψίας
1473 2605 1839 2684 προσθέμενοι.
1907 2598 1988 2688 Ὀ,

2078 2600 2389 2664 malarum.
2427 2627 2453 2658 »
2483 2601 2608 2664 Hoc
2641 2609 2752 2683 est,
2784 2601 2989 2680 injusti
3015 2598 3506 2681 judices,ma|itia
3529 2598 3752 2685 affecti

329 2693 453 2769 Καὶ,
489 2690 801 2768 σύνδεσμος,
846 2689 1096 2770 παρέλκει
1154 2690 1370 2748 ἐνταυθα
1423 2694 1496 2756 ὡς
1557 2694 1792 2773 εἴρηται,
1827 2699 1992 2769 συνή-

2076 2708 2147 2751 ex
2177 2709 2568 2771 personarum
2621 2701 2918 2773 respectu.
2953 2688 3079 2751 Hoc
3130 2689 3260 2751 loco
3292 2689 3553 2752 abundat
3583 2708 3730 2750 con-

326 2786 431 2846 θως
483 2782 820 2862 ἀρχαϊζούσῃ
875 2782 1084 2862 φράσει.
1133 2779 1284 2839 Ἐπεὶ
1335 2782 1638 2850 ἀποδόσεως
1695 2785 1856 2854 οὔσης
1897 2788 1987 2844 ἐν-

2076 2779 2300 2859 junctio
2330 2785 2439 2862 καὶ,
2462 2781 2520 2842 id
2539 2789 2651 2862 est,
2687 2789 2767 2854 et,
2801 2781 2952 2842 sicut
2983 2779 3207 2841 dictum
3241 2786 3351 2850 est,
3381 2798 3450 2841 ex
3482 2797 3592 2840 usu
3627 2797 3730 2840 ve-

327 2876 498 2932 ταῦθα
554 2878 646 2953 τοῦ
715 2870 962 2943 ἀνωτέρω
1032 2871 1328 2950 εἰρημένου,
1406 2875 1649 2953 περιττὸς
1720 2879 1748 2932 ὁ
1805 2876 1984 2934 σύνδε-

2076 2870 2212 2930 teris
2243 2869 2648 2950 phrasis.Cum
2685 2870 2841 2931 enim
2875 2869 2950 2930 sit
2980 2867 3078 2930 hic
3101 2868 3395 2930 sermonis
3421 2867 3729 2949 responsio

327 2985 490 3038 σμος.
537 2951 707 3018 ’Ἐστι
737 2961 837 3040 γὰρ
884 2959 1073 3025 οὕτως.
1125 2958 1251 3019 Ἐὰν
1320 2962 1419 3042 γὰρ
1476 2951 1681 3042 εἰσέλθῃ
1740 2967 1813 3032 εἷς
1890 2969 1990 3035 τὴν

2076 2957 2148 3019 ad
2182 2957 2244 3019 id
2267 2958 2424 3039 quod
2448 2958 3090 3040 praecessit,supertlua
3106 2965 3196 3019 est
3225 2957 3591 3036 conjunctio.
3625 2956 3729 3018 Est

329 3050 655 3130 συναγωγὴν
723 3051 892 3125 ὑμῶν,
969 3049 1105 3130 ἀνὴρ
1198 3049 1642 3130 χρυσοδακτύλιος
1701 3055 1754 3111 ἐν
1811 3057 1989 3125 ἐσθῆτι

2076 3046 2234 3108 enim
2258 3047 2339 3110 ita
2367 3049 2702 3110 ordinanda
2732 3047 3031 3110 sententia
3067 3066 3080 3107 :
3112 3045 3258 3108 Nam
3291 3045 3340 3107 si
3361 3045 3730 3125 ingrediatur

328 3140 575 3219 λαμπρᾷ,
621 3138 828 3217 εἰσέλθῃ
899 3137 954 3196 δὲ
1010 3141 1098 3197 καὶ
1151 3143 1370 3220 πτωχὸς
1429 3142 1482 3198 ἐν
1550 3144 1750 3224 ῥυπαρᾷ
1807 3145 1988 3214 ἐσθῆτι

2076 3137 2132 3197 ἱη
2167 3145 2382 3199 costum
2419 3147 2677 3201 vestrum
2710 3139 2798 3200 vir
2847 3153 3094 3200 aureum
3123 3144 3360 3216 gestans
3415 3135 3725 3216 annulum,

331 3209 417 3286 xui.
481 3209 628 3304 ξιξ-ης,
695 3228 755 3286 οὔ
804 3209 1100 3308 ’διεκρίθητε
1157 3228 1211 3285 ἐν
1273 3209 1559 3306 ’έαυτοϊς,’
1607 3209 1696 3290 καί
1730 3209 1989 3312 ’ἐγένεσθε

2076 3235 2235 3288 veste
2262 3227 2502 3290 indutus
2533 3209 3254 3308 splendida,ingrediatur
3275 3231 3468 3287 autem
3497 3234 3555 3286 et
3577 3209 3727 3305 pan;

333 3321 509 3397 κριταὶ
553 3315 915 3396 διαλογισμῶν
971 3323 1218 3398 πονηρῶν
1251 3334 1266 3350 ⁸
1321 3319 1582 3402 τουτέστι,
1630 3324 1702 3380 Τὸ
1730 3321 1989 3402 διακριτι-

2076 3335 2183 3396 per
2211 3316 2272 3378 in
2307 3317 2550 3380 sordida
2579 3327 2765 3392 veste,
2801 3325 2946 3396 etc.,
2979 3334 3098 3378 non
3142 3314 3512 3394 dijudicastis
3541 3313 3603 3374 in
3633 3333 3728 3375 vo-

333 3410 426 3466 κὸν
489 3409 638 3483 ὑμῶν
693 3404 1100 3488 διαφθείραντες,
1185 3409 1436 3487 γεγόνατε
1498 3409 1552 3466 ἐν
1633 3409 1829 3491 ἐκλογῇ
1887 3417 1992 3470 τῶν

2076 3405 2314 3486 bisipsis
2345 3416 2402 3468 et
2459 3407 2598 3469 facti
2649 3406 2796 3470 eStiS
2819 3405 3056 3487 judices
3088 3404 3509 3484 cogitationum
3537 3403 3727 3464 mala-

333 3505 587 3578 πονηρῶν
658 3493 1038 3576 διαλογισμῶν,
1113 3498 1204 3554 τὸν
1260 3497 1346 3555 νὲν
1402 3501 1743 3576 τιμήσαντες,
1791 3505 1882 3560 τὸν
1937 3502 1990 3559 δὲ

2076 3512 2206 3555 rum
2234 3515 2248 3556 :
2276 3496 2419 3557 454
2435 3499 2547 3559 hoc
2571 3495 3067 3577 est,Dijudicandi
3099 3495 3217 3556 vim
3251 3502 3724 3574 corrumpentes,

331 3589 724 3665 ἀτιμήσαντες,
758 3588 928 3644 καίτοι
986 3593 1082 3665 τῇς
1138 3588 1342 3668 φύσεως
1395 3590 1494 3656 τῆς
1551 3591 1742 3671 αὐτῆς.
1773 3591 1991 3674 ἐνυπαρ-

2076 3582 2339 3661 elegistis
2371 3586 2554 3648 malas
2583 3585 2994 3666 cogitationes,
3051 3585 3221 3674 illum
3261 3583 3502 3674 quidem
3533 3583 3728 3645 hono-

332 3679 544 3760 χούσης
579 3676 922 3758 ἀμφοτέροις.
1673 3716 1678 3718 -
1942 3673 1945 3674 ν

2076 3681 2297 3745 rantes,
2333 3676 2494 3737 hunc
2543 3686 2743 3737 autem
2795 3674 3163 3754 contemptui
3210 3673 3546 3735 habentes:
3589 3691 3724 3735 cum

2076 3770 2273 3822 tamen
2305 3763 2512 3825 eadem
2537 3770 2698 3824 esset
2725 3763 2788 3824 in
2819 3771 3070 3842 utroque
3101 3769 3332 3823 natura.

417 3881 445 3912 α
482 3855 798 3930 ’Λκούσατε,
830 3853 1042 3936 ἀδελφοὶ
1099 3877 1199 3930 μου
1258 3854 1547 3934 ἀγαπητοί.
1596 3860 1712 3939 Οὒχ
1772 3862 1800 3916 ὃ
1857 3862 1987 3924 Θεὸς

2153 3850 2225 3925 ΙΙ,
2280 3853 2417 3914 5-9.
2475 3853 2713 3927 Audite,
2774 3853 2992 3930 fratres
3041 3853 3159 3912 mei
3207 3850 3465 3939 dilecti;
3523 3867 3728 3912 nonne

335 3945 603 4012 ἐξελέξατο
711 3946 832 4009 τοὺς
926 3947 1178 4026 πτωχοὺς
1301 3954 1393 4004 τοῦ
1491 3938 1706 4023 κόσμου
1777 3949 1984 4029 τούτου,

2076 3939 2242 4002 Deus
2302 3941 2483 4022 elegit
2532 3959 2839 4022 pauperes
2885 3943 3096 4003 saeculi
3153 3941 3376 4029 huius,
3411 3938 3638 4029 divites
3660 3939 3726 4000 in

337 4035 616 4099 πλουσίους
688 4034 742 4090 ἐν
808 4034 1004 4107 πίστει,
1089 4036 1176 4092 καὶ
1259 4033 1623 4115 κληρονόμους
1709 4043 1808 4106 τῆς
1895 4026 1990 4116 βαξ

2076 4031 2186 4103 ﬁde
2205 4036 2258 4092 et
2309 4032 2575 4094 hazredes
2625 4032 2804 4112 regni
2842 4031 3006 4111 quod
3032 4031 3311 4108 promisit
3340 4026 3728 4107 diligentibus

339 4124 562 4200 σιλείας,
615 4129 681 4194 ἧς
755 4123 1110 4204 ἐπηγγείλατο
1205 4137 1322 4189 τοῖς
1419 4125 1694 4204 ἀγαπῶσιν
1779 4129 1984 4202 αὒτόν;

2076 4119 2328 4183 se?Nos
2357 4131 2554 4184 autem
2610 4124 2977 4200 contemptui
3021 4119 3319 4182 habuistis
3362 4135 3716 4200 pauperem.

341 4205 528 4291 ’Υμεϊς
598 4213 654 4271 δὲ
710 4215 1007 4290 ἠτιμήσατε
1097 4216 1187 4271 τὸν
1263 4215 1507 4295 πτωχόν.
1567 4219 1675 4275 Ούκ
1727 4221 1774 4274 οἱ
1829 4218 1992 4276 πλού-

2076 4208 2288 4271 Nonne
2339 4210 2556 4274 divites
2612 4211 2997 4291 tyrannidem
3044 4217 3317 4272 exercent
3377 4209 3444 4270 in
3491 4224 3616 4286 vos,
3667 4213 3725 4268 et

336 4326 434 4362 σιοι
518 4302 1052 4362 καταδυναστεύουσιν
1166 4305 1337 4380 ὑμῶν,
1411 4305 1500 4361 καὶ
1592 4308 1738 4365 αὐτοὶ
1807 4307 1989 4365 ἕλκου-

2076 4297 2256 4358 iidem
2313 4300 2571 4362 trahunt
2623 4316 2728 4362 vos
2783 4299 2866 4360 ad
2925 4299 3307 4361 tribunalia?
3357 4296 3573 4359 Nonne
3603 4295 3724 4375 ipsi

335 4416 414 4450 σιν
481 4396 618 4470 ὑμᾶς
692 4396 765 4458 εἰς
821 4395 1120 4474 κριτήρια;
1194 4395 1301 4452 Οὔκ
1386 4394 1528 4451 αὒτοὶ
1609 4395 1985 4477 βλασφημοῦσι

2076 4385 2488 4467 blasphemant
2544 4391 2762 4453 bonum
2808 4406 3028 4451 nomen
3079 4389 3235 4468 quod
3260 4390 3606 4450 invocatum
3639 4390 3726 4446 est

335 4485 396 4540 τὸ
417 4484 582 4542 καλὸν
628 4484 795 4560 ὄνομα
864 4486 926 4540 τὸ
983 4482 1268 4550 ἐπικληθὲν
1325 4483 1409 4564 ἐφ’
1466 4485 1645 4565 ὑμᾶςς
1734 4488 1795 4544 Εἰ
1851 4487 1984 4562 μέν-

2076 4494 2252 4556 super
2280 4480 2430 4541 vos?
2460 4481 2530 4542 Si
2570 4488 2772 4542 tamen
2804 4479 2987 4558 legem
3046 4480 3294 4559 quidem
3323 4477 3574 4556 expletis
3631 4491 3724 4536 re-

338 4595 417 4630 τοι
478 4574 639 4650 νόμον
721 4572 926 4631 τελεῖτε
984 4572 1261 4651 βασιλικὸν
1346 4573 1485 4630 κατὰ
1561 4575 1655 4641 τὴν
1751 4577 1985 4658 Γραφὴν,

2076 4569 2246 4647 giam
2279 4571 2469 4647 juxta
2549 4569 2940 4650 Scripturam
3010 4585 3023 4628 :
3087 4566 3725 4658 Diligesiproaimum

338 4661 666 4741 Ἀγαπήσεις
732 4664 823 4720 τὸν
877 4662 1103 4731 πλησίον
1199 4685 1292 4720 σου
1375 4666 1448 4727 ὡς
1509 4665 1751 4739 σεαυτὸν,
1813 4657 1990 4731 καλῶς

2077 4665 2248 4718 tuum
2299 4660 2460 4721 sicut
2511 4662 2791 4740 teipsum,
2849 4659 2993 4721 bene
3045 4659 3273 4731 facitis.
3315 4657 3382 4720 Si
3417 4672 3556 4716 vero
3573 4670 3721 4733 per-

344 4765 568 4814 ποιεῖτε.
633 4750 776 4811 ΕΙδέ
862 4751 1403 4832 προσωποληπτεττε,
1504 4753 1762 4832 ἁμαρτίαν
1833 4754 1992 4834 ἐργά-

2076 4764 2280 4809 sonam
2309 4750 2632 4829 respicitis,
2662 4755 2967 4829 peccatum
3005 4747 3394 4820 committitis,
3425 4743 3727 4806 convinctt'

348 4846 490 4913 ζεσθε
563 4841 916 4923 ἐλεγχόμενοι
987 4843 1089 4898 ὑπὸ
1173 4850 1265 4900 τοῦ
1348 4843 1534 4922 νόμου,
1617 4844 1688 4908 ὡς
1746 4842 1990 4923 παραϐά-

2076 4855 2183 4918 per
2210 4837 2404 4919 legem
2428 4839 2588 4918 quod
2615 4840 2750 4902 sitis
2779 4844 3274 4916 transgressores.

346 4952 452 4991 ται.
490 4957 519 4988 ι

423 5019 642 5090 Ἐπειδὴ
684 5023 720 5090 ἡ
775 5022 930 5079 πενία
989 5019 1246 5102 δυσχερές
1295 5020 1405 5076 ἐστι
1478 5032 1597 5084 τοῖς
1640 5019 1866 5085 πολλοῖς
1907 5025 1994 5080 καὶ

2157 5016 2446 5091 Quoniam
2482 5025 2800 5099 paupertas
2825 5017 2912 5079 vel
2935 5015 3136 5078 auditu
3163 5013 3361 5094 gravis
3384 5024 3476 5076 est
3496 5014 3718 5088 multis,

345 5110 500 5185 μόνον
529 5113 900 5180 ἀκουσθῆναι·
965 5109 1048 5169 διὰ
1107 5119 1261 5168 τοῦτο
1313 5110 1501 5184 είπὼν,
1554 5111 1678 5173 τοὺς
1733 5114 1991 5192 Πτωχοὺς

2077 5106 2211 5169 ideo
2265 5125 2398 5169 cum
2433 5107 2702 5182 dixisset,
2738 5109 3034 5186 Pauperes
3090 5104 3318 5179 mundi,
3349 5103 3540 5165 statim
3575 5102 3720 5164 sub-

344 5199 430 5258 ὒοῦ
487 5202 704 5277 κόσκου,
773 5199 959 5266 εὐθέως
1002 5201 1266 5281 ἐπήγαγε,
1327 5197 1632 5264 Πλουσίους.
1681 5202 1806 5278 Περὶ
1845 5203 1896 5259 τί
1937 5200 1992 5259 δὲ

2076 5195 2289 5276 iunxit,
2340 5196 2586 5260 Divites.
2649 5195 2714 5257 In
2745 5212 2861 5276 quo
2891 5202 3088 5256 autem
3148 5193 3402 5257 divites?
3429 5194 3490 5254 in
3519 5193 3633 5256 ﬁde
3663 5202 3725 5256 et

347 5288 670 5373 πλουσίους,
717 5293 841 5372 Περὶ
868 5295 968 5360 τήν
1007 5292 1181 5349 πίστιν
1235 5291 1324 5346 καὶ
1379 5289 1432 5346 ἐν
1514 5294 1582 5366 τῇ
1636 5289 1830 5354 πίστει,
1894 5293 1993 5350 Καὶ

2076 5285 2234 5348 circa
2276 5287 2478 5349 ﬁdem.
2537 5285 2768 5350 Etenim
2812 5286 2891 5346 ita
2951 5302 3015 5346 se
3043 5302 3142 5347 res
3171 5283 3368 5346 habet.
3404 5285 3550 5346 Nam
3583 5300 3719 5373 cum

349 5380 444 5460 γὰρ
472 5381 637 5445 οὕτως
655 5371 808 5463 ἔχει,
841 5382 912 5439 Τὸ
955 5381 1054 5461 γὰρ
1100 5382 1216 5461 περὶ
1277 5381 1371 5437 τὸν
1451 5377 1653 5455 κόσμον
1706 5380 1994 5461 ἀπερίσπα-

2079 5395 2374 5457 pauperes
2405 5396 2547 5438 non'
2581 5375 2984 5439 distrahantur
3013 5373 3174 5436 circa
3227 5393 3326 5436 res
3356 5373 3585 5446 mundi,
3623 5371 3724 5434 ubi

352 5490 467 5527 στον
504 5478 608 5528 τῶν
650 5471 918 5547 πενήτων,
978 5469 1336 5552 ἐνεργοτέρους
1420 5469 1605 5534 αὐτοὺς
1655 5472 1744 5527 καὶ
1812 5493 1989 5551 πρακ-

2076 5467 2441 5530 accesserint
2459 5469 2533 5530 ad
2564 5466 2766 5539 ﬁdem,
2803 5464 2990 5544 magis
3041 5465 3270 5526 strenui
3297 5463 3628 5525 redduntur
3655 5481 3724 5524 ac

351 5560 659 5640 τικωτέρους
708 5567 817 5617 τῶν
903 5560 1288 5637 πλουτούντων,
1371 5556 1584 5615 ἒπειδὰν
1665 5559 1988 5640 προσέλθωσι

2076 5558 2241 5640 operi
2265 5559 2455 5639 magis
2479 5557 2822 5620 insistentes
2853 5573 3028 5638 quam
3079 5554 3311 5616 divites.
3368 5553 3509 5617 Ideo
3543 5553 3721 5644 etiam

353 5651 416 5724 τῇ
473 5650 664 5725 πίστει,
734 5663 906 5714 ποιεῖ.
967 5653 1060 5708 Διὸ
1107 5652 1194 5708 καὶ
1237 5653 1264 5708 ὁ
1321 5650 1511 5730 Κύριος
1551 5649 1817 5714 τοιούτους
1868 5652 1988 5718 τοὺς

2076 5647 2361 5711 Dominus
2392 5646 2540 5710 tales
2571 5647 2748 5727 elegit
2780 5645 3125 5726 discipulos,
3160 5661 3309 5725 quos
3338 5645 3516 5706 etiam
3549 5651 3720 5722 regni

352 5741 581 5812 μαθητὰς
630 5737 930 5817 ἐπελέξατο,
987 5741 1074 5808 οὖς
1120 5743 1208 5799 καὶ
1261 5739 1621 5821 κληρονόμους
1677 5745 1775 5808 τῆς
1829 5741 1987 5818 βασι-

2076 5739 2341 5802 haaredes
2359 5737 2699 5802 declaravit.
2715 5736 3176 5820 «Blasphemunt
3194 5734 3412 5799 bonum
3435 5751 3674 5800 nomen.
3690 5756 3716 5790 υ
