4136 6444
331 362 451 426 475
1451 364 1866 430 mCUMENII
1911 366 2002 428 ΤΗ

2093 362 2209 428 (ἰλΕ
2249 366 2587 430 EPISCOPI
3609 371 3732 438 476

332 497 565 560 Bonum
595 517 818 561 nomen
843 505 934 561 est
957 516 1177 561 nomen
1201 517 1416 561 novum
1441 500 1609 580 juxta
1638 500 1988 582 prophetam

2090 500 2218 565 ista:
2244 497 2496 566 ἀνέδειξεν
2533 549 2547 564 ,
2596 524 2633 583 μ’
2678 501 3060 583 Βλασφημοῦσι
3116 505 3177 560 τὸ
3233 502 3397 561 καλὸν
3450 502 3644 581 ὄνομα,
3694 527 3723 559 ιο

334 586 639 650 dicentem
679 609 690 649 :
733 613 756 643 «
795 591 902 652 His
932 588 1032 670 qui
1071 588 1216 650 mihi
1247 579 1512 651 serviunt
1542 579 1846 653 vocabitur
1875 608 1988 651 no—

2090 591 2145 649 Γδ
2173 588 2337 647 καλὸν
2367 589 2551 666 ὄνομα.
2595 579 2816 668 ’Ὀνομα
2837 579 2848 583 ⁷
2868 594 3073 668 καινὸν,
3117 595 3178 649 τὸ
3217 594 3355 652 κατὰ
3395 593 3488 651 τὸν
3516 579 3733 673 προφή-

336 695 474 739 men
494 695 708 740 novum
734 677 893 761 quod
913 676 1304 740 benedicetur
1323 697 1503 760 super
1521 697 1758 743 omnem
1775 678 1993 744 faciem

2090 680 2170 747 τὴν
2200 680 2291 737 τὸν
2324 680 2612 760 φάσκοντα.
2666 699 2698 742 (
2741 689 2869 746 Τοῖς
2902 679 2957 738 δὲ
3001 680 3298 741 δουλεύουσί
3368 706 3462 760 μοι
3517 682 3732 754 κληθή-

335 774 513 829 terra;
529 766 609 830 19.
624 770 951 831 ι-αδιιιιιι
979 766 1371 850 Scripturam.
1398 790 1426 831 ›
1463 768 1994 832 Deuteronomium

2090 790 2222 825 τεται
2281 765 2451 845 ὄνομα
2504 771 2706 851 οαινὸν,
2780 771 2809 828 ὃ
2868 770 3281 852 εὐλογηθήσεται
3354 773 3441 831 ἐπὶ
3510 779 3616 831 πᾶν
3670 773 3733 829 τὸ

338 854 508 918 dicit.
2078 856 2361 938 πρόσωπον
2388 861 2487 927 τῆς
2511 862 2638 936 γῆς.
2689 881 2718 914 ι
2758 893 2832 904 -
2879 882 2909 916 α
2942 862 3093 919 Κατὰ
3160 861 3260 930 τὴν
3317 862 3558 944 Γραφήν.
3600 882 3627 920 ι
3663 860 3736 919 Τὸ

2086 947 2493 1027 Δευτερονόμιον
2517 945 2686 1027 λέγει,

420 1035 466 1111 Ι,
492 1033 696 1100 10-13.
723 1034 1020 1117 Quisquis
1051 1036 1217 1099 enim
1237 1041 1421 1100 totam
1438 1037 1629 1117 legem
1646 1036 2000 1114 servaverit,

335 1122 653 1203 offenderit
663 1130 865 1188 autem
881 1130 948 1188 in
959 1142 1098 1187 uno.
1103 1126 1301 1204 factus
1311 1133 1400 1187 esi
1410 1126 1677 1188 omnium
1690 1123 2006 1188 reus-Nam

334 1213 441 1291 qui
451 1213 736 1277 dixit:Ne
747 1213 1240 1289 mwcherisdiwit
1254 1215 1556 1290 eiiam,Nc
1565 1215 1817 1278 occidas.
1828 1213 2007 1291 Quod

335 1302 546 1364 sinam
563 1303 763 1380 fueris
796 1301 1154 1384 mwchatus,
1177 1304 1470 1366 occideris
1501 1311 1719 1381 tamen,
1726 1304 1926 1384 factus
1943 1320 2006 1366 es

341 1397 751 1470 transgressor
763 1390 1033 1472 legis-Ila
1052 1394 1388 1472 loquamini
1400 1401 1461 1456 et
1478 1394 1565 1456 ita
1575 1394 2005 1473 faciatispelu-

337 1480 386 1540 ti
394 1496 506 1560 per
525 1479 706 1559 legem
720 1479 1021 1543 libertatis
1035 1481 1352 1560 iudicandi
1365 1531 1370 1538 .
1382 1482 1695 1562 Siquidem
1697 1483 2003 1563 judicium

339 1567 565 1649 absque
576 1569 995 1632 misericordia
1008 1571 1127 1633 erit
1141 1571 1196 1633 ei
1210 1573 1315 1650 qui
1328 1588 1448 1633 non
1460 1573 1756 1653 praestitit
1767 1573 2002 1634 miseri-

337 1657 612 1720 cordiam
674 1657 992 1722 Gloriatur
1029 1666 1238 1722 autem
1260 1660 1693 1723 misericordia
1715 1660 2005 1723 adversus

322 1745 637 1825 judicium
651 1797 664 1811 .

355 1907 358 1910 ,
430 1836 795 1899 «Offenderit
821 1844 1020 1900 autem
1051 1836 1110 1898 in
1145 1856 1287 1900 uno.
1329 1861 1356 1893 ι)
1393 1836 1519 1900 Hoc
1550 1838 1708 1901 circa
1736 1839 2004 1903 dilectio-

345 1943 481 1987 nem
497 1925 916 2007 dixit,propter
930 1945 1102 2008 quam
1125 1926 1300 1988 etiam
1312 1945 1551 1989 omnem
1567 1929 1999 2009 praecedentem

344 2033 685 2077 sermonem
719 2016 894 2079 latius
920 2016 1202 2079 disseruit
1231 2017 1759 2081 demonstrationis
1792 2018 1997 2099 gratia.

340 2103 485 2164 455
507 2105 670 2168 Dixit
692 2106 1013 2180 autem,Ne
1039 2105 1380 2180 moecheris,
1408 2123 1482 2169 ne
1505 2106 1767 2189 occidas,
1793 2126 1999 2169 exem-

346 2194 431 2277 pli
460 2212 658 2256 causa.
695 2194 1024 2257 Considera
1054 2202 1255 2255 tamen
1287 2194 1444 2274 quod
1479 2195 1751 2275 exempla
1782 2196 1902 2257 sint
1930 2216 2001 2259 ex

341 2283 495 2363 lege,
526 2291 818 2365 quatenus
840 2282 1187 2345 conferebat
1209 2283 1281 2345 ad
1315 2283 1873 2347 dilectionem.Nam
1900 2285 2000 2368 qui

347 2374 609 2454 perfecte
639 2372 832 2452 diligit
864 2373 1218 2453 proximum,
1250 2372 1347 2434 hic
1380 2392 1574 2455 neque
1606 2374 2002 2438 mazchabitur

345 2481 541 2544 neque
565 2460 968 2525 occidet.Haec
1000 2462 1159 2524 enim
1194 2462 1323 2543 ejus
1355 2472 1491 2525 sunt
1519 2464 1619 2545 qui
1649 2464 1847 2527 animo
1876 2464 1999 2526 ini-

344 2552 497 2614 mico
527 2552 770 2614 affectus
801 2560 890 2613 est
939 2570 1078 2630 erga
1110 2551 1466 2632 proximum.
1502 2552 1996 2635 Quandoquidem

343 2640 459 2704 nisi
490 2642 571 2702 ita
597 2642 920 2716 diceretur,
972 2641 1170 2702 nullus
1221 2641 1529 2703 hominum
1561 2643 1753 2704 salvus
1805 2644 1997 2715 fieret,

345 2748 481 2792 cum
516 2749 690 2791 nemo
723 2749 828 2811 per
856 2729 1055 2792 omnia
1086 2738 1279 2791 servet
1306 2739 1735 2812 praeceptorum
1762 2732 2002 2811 integri--

340 2827 521 2880 tatem
578 2819 690 2893 Qui
723 2821 884 2883 enim
915 2822 1249 2882 castitatem
1308 2820 1471 2881 verbi
1505 2839 1683 2883 causa
1721 2822 1994 2899 servavit,

2165 1035 2349 1101 ’Ὅστις
2428 1037 2528 1116 γὰρ
2622 1036 2746 1094 ὅλον
2775 1039 2866 1095 τὸν
2949 1038 3110 1096 νότὶον
3188 1040 3430 1120 τηρήσῃ,
3535 1038 3734 1116 πταίσῃ

2088 1123 2142 1182 δὲ
2172 1122 2227 1182 ’έν
2273 1127 2370 1203 ἒνὶ,
2458 1125 2643 1207 γέγονε
2710 1127 2923 1184 πάντων
2982 1126 3200 1208 ἔνοχος.
3289 1137 3331 1187 Ο
3387 1129 3489 1209 γὰρ
3546 1127 3733 1202 εἰπὼν,

2087 1215 2177 1284 Μὴ
2222 1216 2539 1297 μοιχεύσῃς,
2597 1216 2723 1274 εἷπε
2789 1218 2898 1294 καὶ,
2944 1217 3035 1285 Μὴ
3092 1218 3375 1299 φονεύσῃς.
3420 1219 3480 1276 Ei
3562 1214 3618 1272 δὲ
3675 1219 3757 1295 οὗ,

2085 1305 2382 1385 μοιχεύσῃς
2518 1326 2777 1386 φονευσης
2899 1304 2976 1386 δὲ,
3085 1306 3305 1386 γέγονας
3425 1302 3737 1387 παραϐάτης

2083 1393 2270 1469 νόμου.
2316 1393 2495 1459 Οὕτως
2561 1392 2805 1470 λαλεῖτε,
2855 1396 2942 1452 καὶ
2984 1394 3151 1461 οὕτως
3207 1407 3439 1476 ποιεῖτε,
3499 1396 3572 1461 ὡς
3647 1390 3733 1450 διὰ

2083 1481 2249 1557 νόμου
2273 1480 2561 1563 ἐλευθερίας
2619 1481 2903 1559 μέλλοντες
2948 1483 3232 1563 κρίνεσθαι.
3310 1474 3374 1542 Ἠ
3571 1481 3738 1560 κρίσις

2083 1570 2296 1637 ἀνέλεος
2345 1578 2421 1647 τῷ
2476 1572 2555 1649 μὴ
2612 1574 2894 1644 ποιήσαντι
2950 1572 3120 1638 ἕλεος.
3195 1573 3614 1653 Κατακαυχὰται
3683 1567 3739 1627 δὲ

2082 1657 2231 1718 ἔλεον
2259 1664 2503 1740 κρίσεως,
2545 1684 2570 1717 ιι

2167 1857 2199 1900 ι
2246 1839 2448 1917 Πταίσῃ
2468 1838 2523 1897 δὲ
2552 1839 2606 1898 ἂν
2639 1841 2733 1899 ἐνί.
2772 1864 2800 1897 ι
2836 1849 3000 1901 Τοῦτο
3027 1831 3144 1923 περὶ
3175 1841 3388 1921 ἀγάπης
3428 1840 3642 1920 εἴρηκε,
3670 1837 3737 1896 δι’

2084 1931 2150 1994 ἦν
2208 1928 2295 1983 καὶ
2348 1928 2519 1985 πάντα
2576 1931 2666 1986 τὸν
2720 1932 2823 2009 πρὸ
2865 1932 3049 1989 τούτω
3107 1929 3373 1987 κατέτεινε
3427 1926 3588 2006 λόγον
3665 1928 3738 1992 εἷς

2081 2017 2434 2086 κατασκευήν,
2506 2019 2579 2075 Τὸ
2636 2016 2717 2092 δὲ,
2765 2019 2837 2077 Οὐ
2907 2020 3238 2101 μοιχεύσεις,
3332 2018 3390 2076 οὗ
3442 2017 3736 2096 φονεύσεις,
3778 2040 3781 2041 ⁷

2082 2101 2463 2182 ὕποδείγματος
2522 2106 2707 2185 εἴρηκε
2747 2109 2928 2188 χάριν.
3018 2109 3216 2165 Σκόπει
3274 2105 3329 2163 δὲ
3385 2104 3471 2162 ὅτι
3531 2105 3618 2164 καὶ
3674 2104 3741 2160 τὰ

2081 2191 2443 2273 ὑποδείγματα
2500 2194 2562 2251 ἐκ
2611 2206 2702 2256 τοῦ
2759 2199 2831 2262 είς
2918 2198 3134 2277 ἀγάπην
3193 2194 3561 2257 συντελοῦντός
3633 2194 3732 2249 εἶσι

2083 2282 2267 2358 νόμου.
2301 2292 2341 2340 Ο
2373 2284 2472 2363 γὰρ
2499 2283 2680 2342 τέλεον
2750 2286 2963 2365 ἐγαπῶν
3004 2290 3066 2345 τὸ
3109 2286 3362 2366 πλησίον,
3414 2284 3567 2349 οὗτος
3623 2281 3739 2342 οὐδὲ

2084 2372 2385 2452 μοιχεύσει,
2429 2372 2545 2432 οὐδέ
2587 2376 2850 2454 φονεύσει.
2916 2375 3144 2458 Ἐχθροῦ
3198 2376 3299 2456 γὰρ
3376 2379 3542 2431 ταῦτα
3602 2370 3740 2429 οὕτω

2081 2457 2397 2526 διατιθέντος
2427 2464 2516 2519 τὸν
2557 2463 2805 2532 πλησίον.
2871 2457 3020 2525 Ἐπεὶ
3066 2468 3109 2523 εὶ
3180 2466 3259 2542 μὴ
3330 2470 3513 2537 τοῦτο,
3573 2457 3738 2524 οὐδεὶς

2083 2546 2144 2603 ἂν
2176 2549 2446 2629 ἀτθρώπον
2503 2553 2719 2632 σωθείη,
2767 2552 2973 2621 οὒδενὸς
3043 2554 3266 2636 ἔχοντος
3321 2555 3383 2611 τὸ
3440 2549 3524 2608 διὰ
3552 2555 3740 2606 πασῶν

2082 2643 2189 2693 τῶν
2217 2638 2442 2698 ἐντολῶν
2487 2640 2813 2708 ἀνελλιπές.⁵
2846 2636 2905 2703 Ὀ
2975 2645 3074 2725 γὰρ
3131 2645 3364 2724 ἀγνείαν,
3426 2639 3573 2722 φέρε,
3633 2658 3739 2694 κα-

2080 2728 2398 2805 τωρθωκὼς,
2430 2732 2593 2805 θυμοῦ
2623 2730 2729 2788 ἔσθ’
2800 2731 2888 2789 ὅτε
2956 2734 3203 2802 ἡττᾶται.
3265 2733 3364 2790 Καὶ
3415 2732 3444 2786 ὁ
3501 2727 3738 2802 ἐλεημο-

2081 2815 2211 2891 σύνῃ
2266 2820 2742 2897 περιανθιζόμενες,
2796 2823 3076 2903 βασκανίᾳ,
3142 2824 3186 2879 εἰ
3241 2822 3418 2901 τύχοι,
3477 2816 3739 2895 12tl~'~1"5?“"'

341 2908 434 2970 ira
460 2908 761 2971 interdum
790 2918 1102 2991 superatus
1127 2917 1215 2971 est
1244 2928 1257 2969 :
1288 2917 1345 2970 et
1374 2912 1470 2989 qui
1495 2913 1886 2992 eleemosyna
1906 2930 1999 2974 or-

2090 2928 2192 2965 ται.
2226 2906 2395 2966 ’Ὠστε
2439 2910 2498 2967 οὗ
2550 2912 2667 2989 περὶ
2710 2915 2910 2978 παντὸς
2986 2911 3224 2991 εἴρηται,
3281 2917 3372 2968 τοῦ
3441 2907 3579 2964 κατά
3647 2905 3740 2967 νὰς

343 3005 525 3094 natus
547 3007 657 3075 est,
692 2999 917 3061 invidia
977 2998 1250 3061 fortassis
1298 3000 2002 3094 _of_l‘uscatus__est.lta_que

2090 2994 2270 3073 ἀρετὰς
2328 2996 2663 3072 ἀνελλιποῦς,
2695 2999 2834 3059 ἀλλά
2889 3003 3007 3082 περὶ
3070 3000 3306 3081 ἀγάπης,
3369 3001 3442 3062 ὡς
3513 2996 3574 3053 οὗ

344 3106 462 3149 non
490 3087 567 3151 de
598 3089 806 3169 quovis
829 3090 1050 3151 dictum
1093 3096 1182 3151 est
1213 3087 1314 3168 qui
1353 3087 1413 3148 in
1440 3088 1751 3151 virtutibus
1774 3090 2002 3151 nullum

2090 3083 2674 3163 προσωποληπτοῦντας
2732 3080 3030 3153 ἀνελλιπῶς
3113 3080 3311 3156 ταύτην
3365 3086 3562 3164 ἀνύειν,
3620 3080 3723 3137 ἀλλ

341 3177 557 3270 habeat
589 3179 1021 3270 defectum,sed
1047 3178 1122 3241 de
1145 3178 1658 3259 dilectiuue,quod
1693 3198 1809 3241 non
1834 3198 2002 3261 opor-

2094 3171 2374 3270 ὁλοτελῶς.
2423 3186 2587 3237 Τοῦτο
2629 3176 2799 3235 δὲκαὶ
2828 3180 2946 3257 περὶ
2986 3184 3093 3235 τῶν
3147 3177 3325 3236 ἄλλων
3382 3176 3584 3257 ἀρετῶν
3630 3193 3741 3253 φα-

342 3273 461 3328 teat
484 3267 638 3329 hanc
652 3286 784 3329 cum
812 3268 1048 3331 defectu
1068 3287 1136 3329 ex
1162 3285 1551 3348 personarum
1578 3277 1854 3350 respectu
1874 3260 2002 3351 per-

2094 3285 2213 3338 μεν,
2244 3260 2337 3330 "Oc;
2366 3266 2466 3345 γὰρ
2521 3268 2600 3343 μὴ
2657 3264 2741 3324 διὰ
2784 3266 2965 3328 τέλους
3008 3273 3114 3325 τῶν
3168 3271 3532 3348 σωφρονικῶν,
3592 3260 3740 3343 φέρε,

344 3355 551 3431 ficere,
573 3356 677 3417 sed
713 3356 971 3437 integre.
997 3359 1124 3420 Hoc
1142 3364 1342 3420 autem
1373 3355 1448 3418 de
1468 3356 1601 3419 aliis
1625 3378 1863 3441 quoque
1880 3350 2002 3423 vir-

2094 3353 2264 3422 ἢτῶν
2292 3353 2503 3411 δικαίων
2572 3356 2914 3438 ἀντίσχηται,
2975 3356 3098 3415 ἀλλ’
3154 3355 3521 3434 ἐλλιπέστερον
3591 3350 3742 3432 χρή-

343 3443 571 3507 tutibus
595 3445 849 3507 dicimus
879 3446 1023 3508 Nam
1049 3447 1145 3528 qui
1171 3466 1287 3508 non
1310 3447 1574 3528 perfecte
1599 3448 1885 3511 modestis
1907 3460 2002 3513 aut

2090 3465 2271 3511 σηται,
2332 3448 2481 3509 οὗτος
2553 3445 2809 3526 χωλεύων
2859 3448 2974 3527 περὶ
3048 3447 3146 3515 τὴν
3200 3446 3588 3528 μεταχείρισιν,
3663 3444 3741 3513 τῷ

329 3532 508 3613 justis
536 3533 718 3596 rebus
748 3534 911 3596 verbi
944 3525 1131 3612 gratia
1159 3525 1430 3611 adhaesit,
1453 3537 1556 3599 sed
1590 3556 1723 3599 cum
1760 3539 1994 3603 defectu

2090 3535 2241 3590 παντί
2283 3540 2381 3601 τῆς
2424 3525 2618 3613 ἀρετῆς
2649 3525 2949 3615 ἐλυμήνατο
3005 3537 3237 3614 σώματι.
3286 3525 3459 3594 ιὈλον
3515 3533 3607 3588 οὗν
3647 3530 3739 3586 τὸν

334 3624 795 3701 ususfuerit,hic
818 3625 1207 3688 claudicando
1232 3627 1290 3687 in
1314 3626 1634 3689 tractandis
1656 3628 1990 3712 virtutibus,

2090 3623 2237 3698 νόμον
2268 3626 2356 3681 τὸν
2410 3626 2528 3703 περὶ
2556 3631 2656 3695 τῆς
2690 3626 2906 3706 ἀγάπης
2935 3625 3242 3706 ἀκουστέον,
3306 3626 3423 3703 περὶ
3475 3625 3536 3680 οὗ
3563 3640 3737 3712 προη-

335 3712 613 3774 universo
643 3714 878 3777 virtutis
907 3734 1161 3795 corpore
1191 3716 1427 3778 vitiatus
1459 3725 1570 3778 est.
1603 3709 1993 3799 Intelligenda

2090 3715 2348 3795 γουμένως
2394 3715 2537 3789 αὒτῷ
2578 3719 2606 3773 ὁ
2671 3719 2894 3782 σκοπός.
2956 3714 3220 3793 Νόμον,δὲ
3275 3714 3590 3793 ἐλευθερίας,
3648 3709 3739 3799 τξδν

340 3814 431 3865 est
459 3802 639 3884 igitur
667 3804 760 3866 lex
792 3823 924 3886 quae
952 3787 1030 3865 de
1059 3803 1377 3868 dilectione
1395 3804 1616 3883 agit,de
1640 3825 1756 3888 qua
1780 3787 1991 3889 praeci-

2090 3787 2578 3883 ίπροσωπόληπτόν
2611 3828 2794 3886 φησιν,
2857 3805 2915 3869 ὅς
2973 3787 3114 3863 ἐστιν
3158 3808 3185 3862 ὁ
3226 3812 3321 3862 τοῦ
3370 3787 3629 3889 Χριστοῦ.-
3678 3787 3737 3855 εΟ

336 3910 489 3973 puus
536 3904 626 3954 est
655 3893 769 3975 ipsi
797 3912 1037 3975 scopas.
1094 3895 1316 3975 Legem
1349 3914 1486 3957 vero
1521 3894 1810 3958 libertatis
1861 3898 2007 3967 dicit

336 4000 467 4062 quae
515 3991 678 4045 caret
726 3992 1004 4064 respectu
1062 4002 1456 4066 personarum
1519 4006 1533 4045 :
1585 4004 1715 4066 quae
1769 3994 1858 4049 est
1908 3988 2005 4053 lex

337 4069 576 4134 Christi.
613 4071 724 4145 Qui
779 4072 938 4134 enim
1001 4091 1322 4153 personam
1375 4073 1648 4155 respicit,
1697 4094 1817 4136 non
1850 4076 2006 4139 liber

333 4168 445 4232 est,
480 4161 585 4222 sed
620 4180 825 4223 servus
859 4179 872 4223 :
907 4160 1052 4223 Nam
1086 4180 1099 4225 :
1143 4187 1169 4217 α
1202 4163 1251 4224 Α
1274 4181 1393 4241 quo
1419 4162 1554 4244 quis
1576 4172 1889 4244 Superatus
1913 4172 2005 4229 est

334 4250 465 4328 ejus
496 4257 555 4311 et
578 4267 784 4312 servus
815 4250 1044 4314 est20.»
1072 4286 1152 4297 —
1190 4251 1523 4313 «Judicium
1558 4252 1787 4333 absque
1816 4255 2002 4318 mise-

334 4338 598 4400 ricordia
630 4339 741 4400 erit
773 4339 892 4404 ei.»
929 4339 989 4402 Si
1021 4340 1303 4420 proximis
1326 4341 1745 4403 remiserimus
1767 4352 2004 4424 peccata

336 4426 553 4510 quibus
583 4428 643 4488 in
675 4447 783 4490 nos
806 4428 1206 4510 deliquerunt,
1236 4440 1292 4493 et
1325 4449 1545 4510 egenos
1575 4436 1674 4512 qui
1709 4432 1868 4494 inter
1895 4455 2003 4498 nos

2087 3894 2186 3972 γὰρ
2241 3894 2735 3975 προσωπολήπτης,
2820 3894 2916 3951 οὒκ
2984 3893 3275 3974 ἐλεύθερος,
3335 3891 3473 3950 ἀλλά
3528 3886 3737 3953 δοῦλοςο

2093 4005 2118 4038 α
2142 3977 2205 4064 ᾯ
2236 3985 2336 4064 γάρ
2357 4006 2435 4049 τις
2483 3983 2731 4056 ἥττηται,
2765 3984 2931 4041 τούεὼ
2960 3986 3045 4043 καὶ
3066 3981 3400 4042 δεδούλωται.
3438 4004 3467 4036 ι
3506 4013 3581 4025 -
3610 4000 3639 4033 α
3692 3981 3739 4033 Η

2085 4074 2185 4153 γὰρ
2245 4075 2411 4149 κρίσις
2456 4072 2664 4139 ἀνέλεος
2718 4080 2795 4148 τῷ
2838 4072 2916 4150 μὴ
2986 4075 3268 4144 ποιήσαντι
3312 4070 3480 4136 ἕλεος.
3521 4092 3545 4128 1
3621 4074 3741 4126 Τῶν

2086 4165 2160 4228 εἷς
2192 4164 2406 4227 ἑαυτοὺς
2457 4163 2855 4239 ἁμαρτημάτων
2925 4162 3168 4244 ἀφιέντας
3223 4163 3366 4237 ἡμᾶς
3409 4176 3525 4223 τοῖς
3584 4156 3736 4224 πλη-

2087 4255 2221 4334 σίον,
2293 4256 2382 4311 καὶ
2435 4266 2551 4315 τοῖς
2603 4259 2710 4309 τῶν
2765 4253 3116 4333 ὑπαρχόντων
3184 4253 3322 4328 ἡμῖν
3397 4245 3733 4326 μεταδόσεως

2086 4345 2464 4406 κοινωνοῦντας
2507 4342 2629 4407 τοῖς
2659 4339 2903 4422 ἐνδεέσιν,
2964 4344 2993 4398 ὁ
3023 4341 3128 4398 ἀπὸ
3153 4351 3245 4402 τοῦ
3287 4348 3420 4400 Θεοῦ
3460 4341 3534 4404 είς
3591 4338 3737 4412 ἡμᾶς

2085 4430 2233 4497 ἕλεος
2277 4432 2331 4488 έν
2363 4437 2429 4508 τῇ
2473 4437 2579 4488 τῶν
2621 4428 2999 4507 βαϐαιωμένων
3042 4429 3375 4507 ἀναλήψεται
3431 4426 3731 4506 διαγνώσει.

335 4525 494 4592 sunt,
529 4517 1041 4598 eleemosynarum
1066 4527 1401 4581 nostrarum
1431 4521 1753 4601 participes
1784 4522 1999 4585 feceri-

2090 4520 2236 4599 Μέγα
2293 4521 2391 4600 γὰρ
2470 4520 2536 4575 τὰ
2586 4519 2922 4599 κατόρθωμα,
2997 4519 3176 4599 ὥσπερ
3228 4517 3541 4582 ἀπεναντίας

335 4625 468 4669 mus
498 4624 512 4670 :
548 4606 608 4668 in
640 4606 1021 4670 discussione
1081 4626 1287 4670 eorum
1344 4628 1475 4690 qua;
1523 4609 1581 4671 in
1616 4611 1734 4673 vita
1759 4621 1998 4692 peracta

2090 4610 2141 4665 τὸ
2183 4612 2483 4690 κατάκριμα
2527 4621 2643 4672 τοτς
2700 4611 2778 4685 μή
2835 4611 2967 4688 πρὸς
3010 4611 3072 4666 τὸ
3142 4607 3406 4689 ὁμόφυλον
3449 4603 3736 4663 εὒσυνειδό-

333 4704 489 4765 sunt,
527 4695 633 4757 Dei
671 4715 908 4777 quoque
938 4696 1352 4759 misericordia
1372 4717 1479 4759 nos
1505 4699 1998 4783 excipiet.Siqui-

2090 4721 2187 4762 τως
2220 4697 2557 4761 διατεθετσιν.
2618 4696 2736 4756 Ἐπί
2792 4720 2849 4755 τε
2906 4699 3006 4779 γὰρ
3062 4698 3168 4755 τῶν
3224 4699 3296 4762 είς
3349 4695 3565 4761 ἑαυτοὺς
3634 4695 3736 4751 ὑπὸ

335 4785 473 4847 dem
500 4785 560 4846 id
582 4787 933 4867 praeclarum
961 4794 1050 4847 est
1066 4787 1831 4868 facinus,quemadmodum
1853 4809 1886 4854 e
1912 4791 1998 4854 di-

2090 4794 2186 4845 τῶν
2256 4788 2480 4857 πλησίον
2564 4786 3058 4864 πλημμεληθέντων
3102 4789 3423 4864 ἀσυμπαθίυς
3492 4783 3735 4863 διαγενο-

334 4891 502 4939 verso
528 4874 725 4954 gravis
752 4876 1170 4938 condemnatio
1201 4876 1318 4938 illis
1339 4876 1454 4939 erit
1483 4877 1583 4958 qui
1614 4897 1730 4938 non
1758 4878 2001 4943 fuerunt

2090 4878 2280 4954 μένων,
2326 4881 2386 4935 τὸ
2428 4887 2520 4938 τοῦ
2575 4884 2810 4958 πονηροῦ
2860 4875 3045 4935 δούλου
3100 4877 3402 4953 κατάκριμα
3457 4895 3733 4954 περιστοι-

339 4963 491 5026 bene
518 4982 588 5026 ac
619 4964 715 5046 pie
744 4965 936 5028 aﬂ‘ecti
969 4983 1108 5044 erga
1138 4984 1262 5028 suae
1312 4970 1489 5028 sortis
1520 4966 1820 5030 homines.
1850 4968 1997 5032 Nam

2090 4988 2251 5048 χισει,
2284 4968 2419 5032 μετά
2460 4969 2549 5023 καί
2576 4975 2669 5024 τοῦ
2724 4967 2778 5024 ἐν
2822 4989 2889 5043 τῃ
2946 4968 3085 5048 eam
3142 4964 3600 5041 ἀνταποδόματος.
3637 4964 3735 5022 Καὶ

337 5072 439 5116 eos
475 5053 577 5135 qui
607 5064 959 5135 permanent
990 5056 1154 5117 nullo
1183 5056 1579 5119 condolentiie
1607 5057 1824 5120 all'ectu
1854 5059 1999 5121 moti

2090 5058 2181 5137 γὰρ
2212 5056 2418 5138 ἀφιέναι
2447 5059 2583 5133 ἡμῖν
2613 5056 2728 5114 ἐκεῖ
2796 5058 2830 5125 ἡ
2915 5056 3131 5124 αἴτησις
3186 5058 3317 5136 πρὸς
3361 5055 3512 5126 Θεὸν,
3559 5053 3733 5117 καθὼς

332 5161 471 5222 erga
498 5143 803 5226 proximos
862 5146 963 5227 qui
1022 5146 1082 5207 in
1115 5164 1181 5208 se
1231 5146 1636 5227 deliquerunt,
1672 5148 1813 5209 mali
1843 5148 1999 5213 servi

2090 5147 2169 5203 καὶ
2237 5149 2401 5223 ἡμεῖς
2457 5158 2575 5210 τοῖς
2632 5147 2705 5211 είς
2756 5147 2898 5221 ἡμᾶς
2973 5142 3428 5221 πλημμελήσασιν
3484 5141 3727 5222 ἀφίεμεν.

337 5231 756 5296 condemnatio
789 5235 1245 5317 complectetur,
1299 5255 1416 5298 una
1442 5255 1575 5298 cum
1607 5236 1998 5302 retributione

2090 5237 2183 5293 Καὶ
2223 5249 2342 5302 τοῖς
2427 5233 2667 5304 ἀνηλεῶς
2736 5234 2855 5303 ἤτοι
2912 5235 3284 5306 ἀκοινωνήτως
3340 5236 3428 5291 καί
3486 5231 3732 5312 σκληρῶς

337 5339 469 5402 quae
523 5321 585 5383 in
640 5323 909 5386 oratione
960 5325 1266 5387 Dominica
1317 5324 1684 5406 designatur.
1718 5326 1806 5390 lbi
1836 5328 1992 5390 enim

2090 5329 2209 5407 πρὸς
2280 5326 2402 5391 τοὺς
2468 5326 2768 5406 χρῄζοντας
2839 5329 3152 5402 σωματικῆς
3231 5325 3559 5406 παραμυθίας
3609 5320 3731 5379 δια-

337 5409 594 5490 petimus
623 5429 658 5473 a
685 5410 804 5473 Deo
838 5421 900 5472 ut
949 5412 1123 5475 nobis
1151 5414 1416 5476 remittat
1445 5415 1599 5478 sicut
1628 5424 1686 5478 et
1736 5435 1846 5477 nos
1890 5436 1994 5479 re.-

2090 5414 2367 5492 ιιειμένοις,
2414 5413 2633 5480 ἅνίλεως
2662 5416 2751 5473 καὶ
2778 5416 2814 5484 ἡ
2868 5415 3036 5494 κρίσις
3108 5415 3401 5485 ἀπαντήσει
3457 5413 3597 5471 κατά
3636 5413 3729 5469 τὸν

338 5498 629 5561 mittimus
687 5499 773 5562 eis
831 5500 933 5582 qui
988 5501 1049 5562 in
1106 5521 1215 5565 nos
1299 5504 1705 5585 deliquerunt.
1768 5505 1839 5566 Et
1894 5524 1995 5571 eos

2090 5507 2312 5585 παρόντα
2341 5503 2523 5583 λόγον,
2565 5522 2594 5561 ε
2626 5510 3041 5584 Κανακαυχᾶται
3085 5501 3140 5560 δὲ
3212 5502 3361 5559 ἔλεον
3412 5502 3657 5583 κρίσεως.
3699 5525 3724 5557 ι

331 5588 435 5672 qui
492 5587 628 5651 duri
685 5596 850 5664 sunt,
930 5590 1217 5674 nulloque
1292 5592 1729 5657 misericordiae
1777 5593 1995 5660 aﬁ'ectu

2090 5600 2139 5655 Di
2183 5598 2283 5676 γὰρ
2314 5592 2599 5670 ὂλεήμονες
2655 5590 3062 5670 ἐλεηθήσονται,
3117 5593 3255 5684 κατά
3323 5591 3427 5661 τὴν
3482 5593 3576 5650 τοῦ
3618 5601 3732 5651 Κυ-

411 5753 469 5805 i9
496 5751 592 5817 Isa
621 5769 760 5834 LXII,
792 5756 855 5821 2.
941 5755 1005 5809 ³ο
1032 5754 1082 5822 II
1112 5755 1266 5821 Pctr.
1304 5774 1371 5834 II,
1406 5758 1502 5821 19.
