  <div class='ocr_page' id='page_1' title='image "/cluster/home/n/w/nwhite01/storage/ocr_20150623/119:no.2/coo.31924054870237/248.png"; bbox 0 0 4136 6452; ppageno 0'>
   <div class='ocr_carea' id='block_1_1' title="bbox 398 392 3811 472">
    <p class='ocr_par' dir='ltr' id='par_1_1' title="bbox 398 392 3811 472">
     <span class='ocr_line' id='line_1_1' title="bbox 398 392 3811 472; baseline 0.005 -16"><span class='ocrx_word' id='word_1_1' title='bbox 398 393 516 456; x_wconf 76' lang='grc'><strong>477</strong></span> <span class='ocrx_word' id='word_1_2' title='bbox 1340 397 1735 459; x_wconf 89' lang='lat' dir='ltr'><strong>COMMENT.</strong></span> <span class='ocrx_word' id='word_1_3' title='bbox 1784 394 1864 460; x_wconf 86' lang='lat' dir='ltr'><strong>IN</strong></span> <span class='ocrx_word' id='word_1_4' title='bbox 1913 394 2154 457; x_wconf 92' lang='lat' dir='ltr'><strong>EPIST.</strong></span> <span class='ocrx_word' id='word_1_5' title='bbox 2203 392 2526 458; x_wconf 84' lang='lat' dir='ltr'><strong>CATHOL.</strong></span> <span class='ocrx_word' id='word_1_6' title='bbox 2571 400 2854 463; x_wconf 81' lang='lat' dir='ltr'><strong>JACOBI.</strong></span> <span class='ocrx_word' id='word_1_7' title='bbox 3693 406 3811 472; x_wconf 82' lang='grc'>478</span> 
     </span>
    </p>
   </div>
   <div class='ocr_carea' id='block_1_2' title="bbox 395 515 2046 614">
    <p class='ocr_par' dir='ltr' id='par_1_2' title="bbox 395 515 2046 614">
     <span class='ocr_line' id='line_1_2' title="bbox 395 515 2046 614; baseline 0.002 -33"><span class='ocrx_word' id='word_1_8' title='bbox 395 527 506 614; x_wconf 88' lang='grc' dir='ltr'>ρίου</span> <span class='ocrx_word' id='word_1_9' title='bbox 536 524 825 604; x_wconf 84' lang='grc' dir='ltr'>ἀπόφασιν.</span> <span class='ocrx_word' id='word_1_10' title='bbox 864 515 1088 591; x_wconf 54' lang='grc' dir='ltr'><strong>ιἈλλως</strong></span> <span class='ocrx_word' id='word_1_11' title='bbox 1155 549 1214 584; x_wconf 86' lang='grc' dir='ltr'><strong>τε</strong></span> <span class='ocrx_word' id='word_1_12' title='bbox 1256 528 1344 585; x_wconf 85' lang='grc' dir='ltr'><strong>καὶ</strong></span> <span class='ocrx_word' id='word_1_13' title='bbox 1402 530 1446 584; x_wconf 78' lang='grc' dir='ltr'><strong>εἰ</strong></span> <span class='ocrx_word' id='word_1_14' title='bbox 1505 525 1906 606; x_wconf 78' lang='grc' dir='ltr'>εἱδωλολάτραις</span> <span class='ocrx_word' id='word_1_15' title='bbox 1937 529 1964 583; x_wconf 88' lang='grc' dir='ltr'>ὁ</span> <span class='ocrx_word' id='word_1_16' title='bbox 1995 527 2046 584; x_wconf 73' lang='grc' dir='ltr'>ἐν</span> 
     </span>
    </p>
   </div>
   <div class='ocr_carea' id='block_1_3' title="bbox 2130 515 3803 614">
    <p class='ocr_par' dir='ltr' id='par_1_3' title="bbox 2137 527 3803 614">
     <span class='ocr_line' id='line_1_3' title="bbox 2137 527 3803 614; baseline 0.01 -30"><span class='ocrx_word' id='word_1_17' title='bbox 2137 536 2450 587; x_wconf 84' lang='lat' dir='ltr'><strong>moventur</strong></span> <span class='ocrx_word' id='word_1_18' title='bbox 2462 545 2598 607; x_wconf 78' lang='lat' dir='ltr'><strong>erga</strong></span> <span class='ocrx_word' id='word_1_19' title='bbox 2615 527 2751 590; x_wconf 91' lang='lat' dir='ltr'><strong>illos</strong></span> <span class='ocrx_word' id='word_1_20' title='bbox 2765 529 2866 611; x_wconf 91' lang='lat' dir='ltr'><strong>qui</strong></span> <span class='ocrx_word' id='word_1_21' title='bbox 2894 532 3189 612; x_wconf 84' lang='lat' dir='ltr'><strong>corporali</strong></span> <span class='ocrx_word' id='word_1_22' title='bbox 3224 543 3403 614; x_wconf 82' lang='lat' dir='ltr'><strong>egent</strong></span> <span class='ocrx_word' id='word_1_23' title='bbox 3434 536 3803 599; x_wconf 90' lang='lat' dir='ltr'><strong>consolatio-</strong></span> 
     </span>
    </p>
   </div>
   <div class='ocr_carea' id='block_1_4' title="bbox 397 613 2046 704">
    <p class='ocr_par' dir='ltr' id='par_1_4' title="bbox 397 613 2046 704">
     <span class='ocr_line' id='line_1_4' title="bbox 397 613 2046 704; baseline 0.001 -32"><span class='ocrx_word' id='word_1_24' title='bbox 397 613 622 682; x_wconf 81' lang='grc' dir='ltr'>πένησιν</span> <span class='ocrx_word' id='word_1_25' title='bbox 678 615 956 704; x_wconf 72' lang='grc' dir='ltr'>οἱκτιρμὸς</span> <span class='ocrx_word' id='word_1_26' title='bbox 1013 613 1300 698; x_wconf 71' lang='grc' dir='ltr'><strong>ἐξαλείφειν</strong></span> <span class='ocrx_word' id='word_1_27' title='bbox 1370 617 1585 676; x_wconf 86' lang='grc' dir='ltr'>δύναται</span> <span class='ocrx_word' id='word_1_28' title='bbox 1641 617 1896 693; x_wconf 83' lang='grc' dir='ltr'>ἁμαρτίας</span> <span class='ocrx_word' id='word_1_29' title='bbox 1957 615 2046 696; x_wconf 85' lang='grc' dir='ltr'><strong>(ὡς</strong></span> 
     </span>
    </p>
   </div>
   <div class='ocr_carea' id='block_1_5' title="bbox 2130 613 3801 704">
    <p class='ocr_par' dir='ltr' id='par_1_5' title="bbox 2135 613 3801 704">
     <span class='ocr_line' id='line_1_5' title="bbox 2135 613 3801 704; baseline 0.008 -30"><span class='ocrx_word' id='word_1_30' title='bbox 2135 631 2235 689; x_wconf 89' lang='lat' dir='ltr'><strong>ne,</strong></span> <span class='ocrx_word' id='word_1_31' title='bbox 2240 615 2529 692; x_wconf 89' lang='lat' dir='ltr'><strong>judicium</strong></span> <span class='ocrx_word' id='word_1_32' title='bbox 2547 636 2784 699; x_wconf 90' lang='lat' dir='ltr'><strong>quoque</strong></span> <span class='ocrx_word' id='word_1_33' title='bbox 2798 619 3056 700; x_wconf 82' lang='lat' dir='ltr'><strong>excipiet</strong></span> <span class='ocrx_word' id='word_1_34' title='bbox 3069 621 3200 685; x_wconf 86' lang='lat' dir='ltr'><strong>sine</strong></span> <span class='ocrx_word' id='word_1_35' title='bbox 3212 613 3626 687; x_wconf 72' lang='lat' dir='ltr'><strong>misericordia</strong></span> <span class='ocrx_word' id='word_1_36' title='bbox 3638 625 3801 704; x_wconf 82' lang='lat' dir='ltr'><strong>juxta</strong></span> 
     </span>
    </p>
   </div>
   <div class='ocr_carea' id='block_1_6' title="bbox 397 703 2046 786">
    <p class='ocr_par' dir='ltr' id='par_1_6' title="bbox 397 703 2046 786">
     <span class='ocr_line' id='line_1_6' title="bbox 397 703 2046 786; baseline 0 -24"><span class='ocrx_word' id='word_1_37' title='bbox 397 705 452 762; x_wconf 73' lang='grc' dir='ltr'>ἒν</span> <span class='ocrx_word' id='word_1_38' title='bbox 482 710 561 779; x_wconf 82' lang='grc' dir='ltr'><strong>τῷ</strong></span> <span class='ocrx_word' id='word_1_39' title='bbox 594 703 794 772; x_wconf 78' lang='grc' dir='ltr'><strong>Δανιὴλ</strong></span> <span class='ocrx_word' id='word_1_40' title='bbox 847 705 1200 786; x_wconf 63' lang='grc' dir='ltr'>ἠκούσαμεν),</span> <span class='ocrx_word' id='word_1_41' title='bbox 1274 708 1323 764; x_wconf 89' lang='grc' dir='ltr'><strong>τί</strong></span> <span class='ocrx_word' id='word_1_42' title='bbox 1379 709 1473 765; x_wconf 77' lang='grc' dir='ltr'>οὒκ</span> <span class='ocrx_word' id='word_1_43' title='bbox 1525 707 1588 762; x_wconf 81' lang='grc' dir='ltr'><strong>ἃν</strong></span> <span class='ocrx_word' id='word_1_44' title='bbox 1640 707 1921 786; x_wconf 79' lang='grc' dir='ltr'>ἐργάσαιτο</span> <span class='ocrx_word' id='word_1_45' title='bbox 1970 705 2046 762; x_wconf 78' lang='grc' dir='ltr'><strong>ἒπῖ</strong></span> 
     </span>
    </p>
   </div>
   <div class='ocr_carea' id='block_1_7' title="bbox 2130 703 3798 786">
    <p class='ocr_par' dir='ltr' id='par_1_7' title="bbox 2139 703 3798 783">
     <span class='ocr_line' id='line_1_7' title="bbox 2139 703 3798 783; baseline 0.008 -19"><span class='ocrx_word' id='word_1_46' title='bbox 2139 709 2492 783; x_wconf 67' lang='grc' dir='ltr'>ρι’ωεεηῑειη</span> <span class='ocrx_word' id='word_1_47' title='bbox 2525 723 2892 772; x_wconf 89' lang='lat' dir='ltr'><strong>sermonem.</strong></span> <span class='ocrx_word' id='word_1_48' title='bbox 2931 734 2959 765; x_wconf 77' lang='grc' dir='ltr'><strong>α</strong></span> <span class='ocrx_word' id='word_1_49' title='bbox 2992 708 3300 774; x_wconf 81' lang='lat' dir='ltr'><strong>Gloriatur</strong></span> <span class='ocrx_word' id='word_1_50' title='bbox 3327 712 3523 776; x_wconf 88' lang='lat' dir='ltr'><strong>auiem</strong></span> <span class='ocrx_word' id='word_1_51' title='bbox 3555 703 3798 776; x_wconf 73' lang='lat' dir='ltr'><strong>miseri-</strong></span> 
     </span>
    </p>
   </div>
   <div class='ocr_carea' id='block_1_8' title="bbox 395 794 2055 876">
    <p class='ocr_par' dir='ltr' id='par_1_8' title="bbox 395 794 2055 876">
     <span class='ocr_line' id='line_1_8' title="bbox 395 794 2055 876; baseline -0.001 -23"><span class='ocrx_word' id='word_1_52' title='bbox 395 801 598 854; x_wconf 83' lang='grc' dir='ltr'><strong>πιστῶν</strong></span> <span class='ocrx_word' id='word_1_53' title='bbox 628 794 964 876; x_wconf 67' lang='grc' dir='ltr'>ἀνθρώπωνς</span> <span class='ocrx_word' id='word_1_54' title='bbox 1013 805 1231 856; x_wconf 85' lang='grc' dir='ltr'>Τυιοῦτο</span> <span class='ocrx_word' id='word_1_55' title='bbox 1261 795 1316 853; x_wconf 80' lang='grc' dir='ltr'>δὲ</span> <span class='ocrx_word' id='word_1_56' title='bbox 1370 797 1422 854; x_wconf 85' lang='grc' dir='ltr'><strong>τί</strong></span> <span class='ocrx_word' id='word_1_57' title='bbox 1475 819 1567 872; x_wconf 88' lang='grc' dir='ltr'><strong>μοι</strong></span> <span class='ocrx_word' id='word_1_58' title='bbox 1632 795 1782 854; x_wconf 85' lang='grc' dir='ltr'>δοκεῖ</span> <span class='ocrx_word' id='word_1_59' title='bbox 1842 799 1994 860; x_wconf 81' lang='grc' dir='ltr'>οὗτος</span> <span class='ocrx_word' id='word_1_60' title='bbox 2027 798 2055 852; x_wconf 85' lang='grc' dir='ltr'>ὁ</span> 
     </span>
    </p>
   </div>
   <div class='ocr_carea' id='block_1_9' title="bbox 401 881 2059 965">
    <p class='ocr_par' dir='ltr' id='par_1_9' title="bbox 401 881 2059 965">
     <span class='ocr_line' id='line_1_9' title="bbox 401 881 2059 965; baseline 0 -24"><span class='ocrx_word' id='word_1_61' title='bbox 401 883 548 949; x_wconf 74' lang='grc' dir='ltr'>’ἕλεος</span> <span class='ocrx_word' id='word_1_62' title='bbox 619 881 1047 964; x_wconf 77' lang='grc' dir='ltr'>διαπράττεσθαι,</span> <span class='ocrx_word' id='word_1_63' title='bbox 1114 883 1242 965; x_wconf 82' lang='grc' dir='ltr'>ὅπερ</span> <span class='ocrx_word' id='word_1_64' title='bbox 1293 886 1378 942; x_wconf 81' lang='grc' dir='ltr'>ἐπὶ</span> <span class='ocrx_word' id='word_1_65' title='bbox 1431 886 1536 943; x_wconf 80' lang='grc' dir='ltr'><strong>τῶν</strong></span> <span class='ocrx_word' id='word_1_66' title='bbox 1607 883 1849 953; x_wconf 77' lang='grc' dir='ltr'><strong>ἀθλητῶν</strong></span> <span class='ocrx_word' id='word_1_67' title='bbox 1904 894 2059 944; x_wconf 79' lang='grc' dir='ltr'>τοῦτο</span> 
     </span>
    </p>
   </div>
   <div class='ocr_carea' id='block_1_10' title="bbox 401 970 2055 1055">
    <p class='ocr_par' dir='ltr' id='par_1_10' title="bbox 401 970 2055 1055">
     <span class='ocr_line' id='line_1_10' title="bbox 401 970 2055 1055; baseline -0.001 -25"><span class='ocrx_word' id='word_1_68' title='bbox 401 971 466 1042; x_wconf 76' lang='grc' dir='ltr'>δὴ</span> <span class='ocrx_word' id='word_1_69' title='bbox 509 973 570 1029; x_wconf 80' lang='grc' dir='ltr'>τὸ</span> <span class='ocrx_word' id='word_1_70' title='bbox 600 971 706 1030; x_wconf 77' lang='grc' dir='ltr'><strong>ἀπὸ</strong></span> <span class='ocrx_word' id='word_1_71' title='bbox 736 979 844 1029; x_wconf 83' lang='grc' dir='ltr'><strong>τῶν</strong></span> <span class='ocrx_word' id='word_1_72' title='bbox 914 970 1135 1052; x_wconf 83' lang='grc' dir='ltr'><strong>δένδρων</strong></span> <span class='ocrx_word' id='word_1_73' title='bbox 1191 973 1609 1055; x_wconf 70' lang='grc' dir='ltr'>ἒπαλειφόμενον</span> <span class='ocrx_word' id='word_1_74' title='bbox 1663 972 1862 1034; x_wconf 79' lang='grc' dir='ltr'>ἔλαιον.</span> <span class='ocrx_word' id='word_1_75' title='bbox 1927 981 2055 1029; x_wconf 90' lang='grc' dir='ltr'>Διο-</span> 
     </span>
    </p>
   </div>
   <div class='ocr_carea' id='block_1_11' title="bbox 397 1061 2056 1141">
    <p class='ocr_par' dir='ltr' id='par_1_11' title="bbox 397 1061 2056 1141">
     <span class='ocr_line' id='line_1_11' title="bbox 397 1061 2056 1141; baseline 0.001 -23"><span class='ocrx_word' id='word_1_76' title='bbox 397 1061 680 1118; x_wconf 86' lang='grc' dir='ltr'>λισθαίνειν</span> <span class='ocrx_word' id='word_1_77' title='bbox 749 1061 849 1141; x_wconf 78' lang='grc' dir='ltr'><strong>γὰρ</strong></span> <span class='ocrx_word' id='word_1_78' title='bbox 919 1062 1099 1129; x_wconf 77' lang='grc' dir='ltr'>οὒτοὺς</span> <span class='ocrx_word' id='word_1_79' title='bbox 1154 1061 1329 1120; x_wconf 82' lang='grc' dir='ltr'>δίδωσι</span> <span class='ocrx_word' id='word_1_80' title='bbox 1419 1063 1514 1129; x_wconf 76' lang='grc' dir='ltr'><strong>τὰς</strong></span> <span class='ocrx_word' id='word_1_81' title='bbox 1591 1069 1696 1121; x_wconf 87' lang='grc' dir='ltr'><strong>τῶν</strong></span> <span class='ocrx_word' id='word_1_82' title='bbox 1754 1062 2056 1120; x_wconf 63' lang='grc' dir='ltr'>ἀντιπάλων</span> 
     </span>
    </p>
   </div>
   <div class='ocr_carea' id='block_1_12' title="bbox 402 1148 2056 1232">
    <p class='ocr_par' dir='ltr' id='par_1_12' title="bbox 402 1148 2056 1232">
     <span class='ocr_line' id='line_1_12' title="bbox 402 1148 2056 1232; baseline 0.001 -25"><span class='ocrx_word' id='word_1_83' title='bbox 402 1148 593 1214; x_wconf 78' lang='grc' dir='ltr'>λαϐάς.</span> <span class='ocrx_word' id='word_1_84' title='bbox 626 1152 778 1208; x_wconf 80' lang='grc' dir='ltr'>Οὗτω</span> <span class='ocrx_word' id='word_1_85' title='bbox 805 1152 893 1208; x_wconf 86' lang='grc' dir='ltr'><strong>καὶ</strong></span> <span class='ocrx_word' id='word_1_86' title='bbox 921 1151 976 1208; x_wconf 79' lang='grc' dir='ltr'>ἐν</span> <span class='ocrx_word' id='word_1_87' title='bbox 997 1158 1066 1229; x_wconf 72' lang='grc' dir='ltr'><strong>τῇ</strong></span> <span class='ocrx_word' id='word_1_88' title='bbox 1118 1156 1439 1231; x_wconf 83' lang='grc' dir='ltr'>παγκοσμίῳ</span> <span class='ocrx_word' id='word_1_89' title='bbox 1497 1153 1688 1232; x_wconf 73' lang='grc' dir='ltr'>κρίσει,</span> <span class='ocrx_word' id='word_1_90' title='bbox 1761 1153 1857 1214; x_wconf 81' lang='grc' dir='ltr'>τὰς</span> <span class='ocrx_word' id='word_1_91' title='bbox 1912 1153 2056 1232; x_wconf 76' lang='grc' dir='ltr'>παρὰ</span> 
     </span>
    </p>
   </div>
   <div class='ocr_carea' id='block_1_13' title="bbox 403 1237 2053 1322">
    <p class='ocr_par' dir='ltr' id='par_1_13' title="bbox 403 1237 2053 1322">
     <span class='ocr_line' id='line_1_13' title="bbox 403 1237 2053 1322; baseline 0.001 -26"><span class='ocrx_word' id='word_1_92' title='bbox 403 1247 507 1297; x_wconf 86' lang='grc' dir='ltr'><strong>τῶν</strong></span> <span class='ocrx_word' id='word_1_93' title='bbox 558 1237 867 1318; x_wconf 81' lang='grc' dir='ltr'>κατηγόρων</span> <span class='ocrx_word' id='word_1_94' title='bbox 919 1242 1074 1316; x_wconf 81' lang='grc' dir='ltr'>ἡμῶν</span> <span class='ocrx_word' id='word_1_95' title='bbox 1145 1240 1412 1302; x_wconf 83' lang='grc' dir='ltr'>δαιμόνων</span> <span class='ocrx_word' id='word_1_96' title='bbox 1472 1243 1724 1322; x_wconf 80' lang='grc' dir='ltr'>ἐπιφορὰς</span> <span class='ocrx_word' id='word_1_97' title='bbox 1782 1239 2053 1321; x_wconf 82' lang='grc' dir='ltr'>διαδιδρά-</span> 
     </span>
    </p>
   </div>
   <div class='ocr_carea' id='block_1_14' title="bbox 409 1328 2052 1408">
    <p class='ocr_par' dir='ltr' id='par_1_14' title="bbox 409 1328 2052 1408">
     <span class='ocr_line' id='line_1_14' title="bbox 409 1328 2052 1408; baseline 0.002 -22"><span class='ocrx_word' id='word_1_98' title='bbox 409 1351 554 1386; x_wconf 91' lang='grc' dir='ltr'>σκειν</span> <span class='ocrx_word' id='word_1_99' title='bbox 582 1328 852 1407; x_wconf 77' lang='grc' dir='ltr'><strong>παρέξεται</strong></span> <span class='ocrx_word' id='word_1_100' title='bbox 881 1332 910 1386; x_wconf 84' lang='grc' dir='ltr'>ὁ</span> <span class='ocrx_word' id='word_1_101' title='bbox 939 1332 1012 1394; x_wconf 79' lang='grc' dir='ltr'>εἷς</span> <span class='ocrx_word' id='word_1_102' title='bbox 1066 1332 1188 1397; x_wconf 87' lang='grc' dir='ltr'>τοὺς</span> <span class='ocrx_word' id='word_1_103' title='bbox 1248 1330 1476 1398; x_wconf 82' lang='grc' dir='ltr'>πλησίον</span> <span class='ocrx_word' id='word_1_104' title='bbox 1545 1334 1701 1408; x_wconf 77' lang='grc' dir='ltr'>ἡμῶν</span> <span class='ocrx_word' id='word_1_105' title='bbox 1758 1329 1930 1396; x_wconf 79' lang='grc' dir='ltr'>ἔλεος.</span> <span class='ocrx_word' id='word_1_106' title='bbox 1977 1365 2052 1376; x_wconf 91' lang='lat'><strong>—</strong></span> 
     </span>
    </p>
   </div>
   <div class='ocr_carea' id='block_1_15' title="bbox 408 1408 2057 1501">
    <p class='ocr_par' dir='ltr' id='par_1_15' title="bbox 408 1408 2057 1501">
     <span class='ocr_line' id='line_1_15' title="bbox 408 1408 2057 1501; baseline 0.001 -25"><span class='ocrx_word' id='word_1_107' title='bbox 408 1408 653 1483; x_wconf 73' lang='grc' dir='ltr'><strong>υΑλλως.</strong></span> <span class='ocrx_word' id='word_1_108' title='bbox 706 1441 726 1474; x_wconf 74' lang='grc' dir='ltr'><strong>ι</strong></span> <span class='ocrx_word' id='word_1_109' title='bbox 801 1410 863 1478; x_wconf 62' lang='grc' dir='ltr'><em>Ἠ</em></span> <span class='ocrx_word' id='word_1_110' title='bbox 906 1421 1006 1500; x_wconf 80' lang='grc' dir='ltr'><strong>γὰρ</strong></span> <span class='ocrx_word' id='word_1_111' title='bbox 1048 1421 1214 1500; x_wconf 89' lang='grc' dir='ltr'>κρίσις</span> <span class='ocrx_word' id='word_1_112' title='bbox 1274 1420 1510 1493; x_wconf 81' lang='grc' dir='ltr'><strong>ἀνέλεος,</strong></span> <span class='ocrx_word' id='word_1_113' title='bbox 1550 1446 1577 1477; x_wconf 67' lang='grc' dir='ltr'><strong><em>ι</em></strong></span> <span class='ocrx_word' id='word_1_114' title='bbox 1641 1421 1706 1478; x_wconf 87' lang='grc' dir='ltr'><strong>Ἠ</strong></span> <span class='ocrx_word' id='word_1_115' title='bbox 1765 1421 2057 1501; x_wconf 75' lang='grc' dir='ltr'>αἷτιολογία</span> 
     </span>
    </p>
   </div>
   <div class='ocr_carea' id='block_1_16' title="bbox 400 1507 2056 1591">
    <p class='ocr_par' dir='ltr' id='par_1_16' title="bbox 400 1507 2056 1591">
     <span class='ocr_line' id='line_1_16' title="bbox 400 1507 2056 1591; baseline 0.002 -27"><span class='ocrx_word' id='word_1_116' title='bbox 400 1509 532 1586; x_wconf 83' lang='grc' dir='ltr'>πρὸς</span> <span class='ocrx_word' id='word_1_117' title='bbox 558 1509 680 1572; x_wconf 85' lang='grc' dir='ltr'>τοὺς</span> <span class='ocrx_word' id='word_1_118' title='bbox 710 1507 762 1574; x_wconf 79' lang='grc' dir='ltr'>ἐξ</span> <span class='ocrx_word' id='word_1_119' title='bbox 815 1508 1070 1576; x_wconf 81' lang='grc' dir='ltr'>ἂπηνείας</span> <span class='ocrx_word' id='word_1_120' title='bbox 1141 1508 1274 1589; x_wconf 73' lang='grc' dir='ltr'>ἄγαν</span> <span class='ocrx_word' id='word_1_121' title='bbox 1326 1511 1387 1568; x_wconf 84' lang='grc' dir='ltr'>τὸ</span> <span class='ocrx_word' id='word_1_122' title='bbox 1442 1512 1789 1591; x_wconf 76' lang='grc' dir='ltr'><strong>ὑπεροπτικὸν</strong></span> <span class='ocrx_word' id='word_1_123' title='bbox 1833 1513 1905 1575; x_wconf 75' lang='grc' dir='ltr'>εἷς</span> <span class='ocrx_word' id='word_1_124' title='bbox 1935 1512 2056 1576; x_wconf 81' lang='grc' dir='ltr'>τοὺς</span> 
     </span>
    </p>
   </div>
   <div class='ocr_carea' id='block_1_17' title="bbox 399 1597 2042 1678">
    <p class='ocr_par' dir='ltr' id='par_1_17' title="bbox 399 1597 2042 1678">
     <span class='ocr_line' id='line_1_17' title="bbox 399 1597 2042 1678; baseline 0.002 -24"><span class='ocrx_word' id='word_1_125' title='bbox 399 1597 794 1678; x_wconf 66' lang='grc' dir='ltr'>εὖτελεστέροος</span> <span class='ocrx_word' id='word_1_126' title='bbox 921 1597 977 1654; x_wconf 78' lang='grc' dir='ltr'>ὲν</span> <span class='ocrx_word' id='word_1_127' title='bbox 1062 1599 1490 1678; x_wconf 78' lang='grc' dir='ltr'>προσωποληψίᾳ</span> <span class='ocrx_word' id='word_1_128' title='bbox 1568 1597 2042 1676; x_wconf 70' lang='grc' dir='ltr'>ἓπιδεικνυμένους.</span> 
     </span>
    </p>
   </div>
   <div class='ocr_carea' id='block_1_18' title="bbox 398 1686 2045 1769">
    <p class='ocr_par' dir='ltr' id='par_1_18' title="bbox 398 1686 2045 1769">
     <span class='ocr_line' id='line_1_18' title="bbox 398 1686 2045 1769; baseline 0.001 -25"><span class='ocrx_word' id='word_1_129' title='bbox 398 1686 780 1744; x_wconf 66' lang='grc' dir='ltr'>Μαλάσσειοῦν</span> <span class='ocrx_word' id='word_1_130' title='bbox 806 1688 977 1747; x_wconf 74' lang='grc' dir='ltr'>αὐτῶν</span> <span class='ocrx_word' id='word_1_131' title='bbox 1023 1689 1083 1744; x_wconf 84' lang='grc' dir='ltr'>τὸ</span> <span class='ocrx_word' id='word_1_132' title='bbox 1126 1689 1330 1756; x_wconf 80' lang='grc' dir='ltr'>ἀπηνὲς</span> <span class='ocrx_word' id='word_1_133' title='bbox 1389 1691 1476 1746; x_wconf 79' lang='grc' dir='ltr'><strong>καὶ</strong></span> <span class='ocrx_word' id='word_1_134' title='bbox 1519 1689 1750 1769; x_wconf 81' lang='grc' dir='ltr'>σκληρὸν</span> <span class='ocrx_word' id='word_1_135' title='bbox 1791 1696 1859 1767; x_wconf 75' lang='grc' dir='ltr'>τῇ</span> <span class='ocrx_word' id='word_1_136' title='bbox 1905 1690 2045 1746; x_wconf 86' lang='grc' dir='ltr'>ἆπο-</span> 
     </span>
    </p>
   </div>
   <div class='ocr_carea' id='block_1_19' title="bbox 397 1769 2046 1857">
    <p class='ocr_par' dir='ltr' id='par_1_19' title="bbox 397 1769 2046 1857">
     <span class='ocr_line' id='line_1_19' title="bbox 397 1769 2046 1857; baseline 0.002 -24"><span class='ocrx_word' id='word_1_137' title='bbox 397 1775 579 1854; x_wconf 73' lang='grc' dir='ltr'>φάνσει</span> <span class='ocrx_word' id='word_1_138' title='bbox 622 1777 792 1854; x_wconf 86' lang='grc' dir='ltr'>ταύτῃ</span> <span class='ocrx_word' id='word_1_139' title='bbox 836 1775 1035 1857; x_wconf 78' lang='grc' dir='ltr'>φοϐῶν,</span> <span class='ocrx_word' id='word_1_140' title='bbox 1089 1777 1325 1834; x_wconf 70' lang='grc' dir='ltr'>τοιοῦτόν</span> <span class='ocrx_word' id='word_1_141' title='bbox 1380 1800 1429 1834; x_wconf 89' lang='grc' dir='ltr'><strong>τι</strong></span> <span class='ocrx_word' id='word_1_142' title='bbox 1487 1777 1658 1856; x_wconf 86' lang='grc' dir='ltr'>λέγων</span> <span class='ocrx_word' id='word_1_143' title='bbox 1695 1798 1709 1812; x_wconf 86' lang='grc'>⁶</span> <span class='ocrx_word' id='word_1_144' title='bbox 1768 1769 1825 1836; x_wconf 51' lang='grc' dir='ltr'><strong>(Ο</strong></span> <span class='ocrx_word' id='word_1_145' title='bbox 1861 1787 2046 1857; x_wconf 85' lang='grc' dir='ltr'>νόμος</span> 
     </span>
    </p>
   </div>
   <div class='ocr_carea' id='block_1_20' title="bbox 2139 793 3802 882">
    <p class='ocr_par' dir='ltr' id='par_1_20' title="bbox 2139 793 3802 882">
     <span class='ocr_line' id='line_1_20' title="bbox 2139 793 3802 882; baseline 0.009 -29"><span class='ocrx_word' id='word_1_146' title='bbox 2139 793 2344 882; x_wconf 84' lang='lat' dir='ltr'><strong>cordia</strong></span> <span class='ocrx_word' id='word_1_147' title='bbox 2370 793 2655 858; x_wconf 88' lang='lat' dir='ltr'><strong>adversus</strong></span> <span class='ocrx_word' id='word_1_148' title='bbox 2678 797 3354 882; x_wconf 74' lang='lat' dir='ltr'><strong>judicium.»Siquidem</strong></span> <span class='ocrx_word' id='word_1_149' title='bbox 3378 802 3802 868; x_wconf 87' lang='lat' dir='ltr'><strong>misericordes</strong></span> 
     </span>
    </p>
   </div>
   <div class='ocr_carea' id='block_1_21' title="bbox 2142 881 3800 969">
    <p class='ocr_par' dir='ltr' id='par_1_21' title="bbox 2142 881 3800 969">
     <span class='ocr_line' id='line_1_21' title="bbox 2142 881 3800 969; baseline 0.01 -28"><span class='ocrx_word' id='word_1_150' title='bbox 2142 881 2616 945; x_wconf 87' lang='lat' dir='ltr'><strong>misericordiam</strong></span> <span class='ocrx_word' id='word_1_151' title='bbox 2633 896 3081 968; x_wconf 75' lang='lat' dir='ltr'><strong>consequentur</strong></span> <span class='ocrx_word' id='word_1_152' title='bbox 3092 881 3260 969; x_wconf 77' lang='lat' dir='ltr'><strong>juxta</strong></span> <span class='ocrx_word' id='word_1_153' title='bbox 3281 892 3520 954; x_wconf 88' lang='lat' dir='ltr'><strong>Domini</strong></span> <span class='ocrx_word' id='word_1_154' title='bbox 3551 902 3800 956; x_wconf 48' lang='lat' dir='ltr'><strong>sentena‘</strong></span> 
     </span>
    </p>
   </div>
   <div class='ocr_carea' id='block_1_22' title="bbox 2143 969 3798 1059">
    <p class='ocr_par' dir='ltr' id='par_1_22' title="bbox 2143 969 3798 1059">
     <span class='ocr_line' id='line_1_22' title="bbox 2143 969 3798 1059; baseline 0.01 -29"><span class='ocrx_word' id='word_1_155' title='bbox 2143 969 2282 1059; x_wconf 85' lang='lat' dir='ltr'><strong>tiam</strong></span> <span class='ocrx_word' id='word_1_156' title='bbox 2300 971 2353 1020; x_wconf 67' lang='grc'>21</span> <span class='ocrx_word' id='word_1_157' title='bbox 2367 971 2825 1037; x_wconf 67' lang='lat' dir='ltr'><strong>.456Praeterea</strong></span> <span class='ocrx_word' id='word_1_158' title='bbox 2847 995 3081 1059; x_wconf 89' lang='lat' dir='ltr'><strong>quoque</strong></span> <span class='ocrx_word' id='word_1_159' title='bbox 3102 978 3152 1039; x_wconf 91' lang='lat' dir='ltr'><strong>si</strong></span> <span class='ocrx_word' id='word_1_160' title='bbox 3184 979 3246 1041; x_wconf 87' lang='lat' dir='ltr'><strong>in</strong></span> <span class='ocrx_word' id='word_1_161' title='bbox 3270 979 3599 1044; x_wconf 83' lang='lat' dir='ltr'><strong>idololatris</strong></span> <span class='ocrx_word' id='word_1_162' title='bbox 3618 983 3798 1046; x_wconf 84' lang='lat' dir='ltr'><strong>mise-</strong></span> 
     </span>
    </p>
   </div>
   <div class='ocr_carea' id='block_1_23' title="bbox 2139 1058 3796 1153">
    <p class='ocr_par' dir='ltr' id='par_1_23' title="bbox 2139 1058 3796 1153">
     <span class='ocr_line' id='line_1_23' title="bbox 2139 1058 3796 1153; baseline 0.008 -34"><span class='ocrx_word' id='word_1_163' title='bbox 2139 1058 2400 1153; x_wconf 83' lang='lat' dir='ltr'><strong>ricordia</strong></span> <span class='ocrx_word' id='word_1_164' title='bbox 2459 1079 2596 1153; x_wconf 79' lang='lat' dir='ltr'><strong>erga</strong></span> <span class='ocrx_word' id='word_1_165' title='bbox 2658 1081 2952 1144; x_wconf 84' lang='lat' dir='ltr'><strong>pauperes</strong></span> <span class='ocrx_word' id='word_1_166' title='bbox 2990 1058 3208 1147; x_wconf 86' lang='lat' dir='ltr'><strong>potest</strong></span> <span class='ocrx_word' id='word_1_167' title='bbox 3268 1068 3474 1131; x_wconf 89' lang='lat' dir='ltr'><strong>delere</strong></span> <span class='ocrx_word' id='word_1_168' title='bbox 3531 1082 3796 1153; x_wconf 84' lang='lat' dir='ltr'><strong>peccata,</strong></span> 
     </span>
    </p>
   </div>
   <div class='ocr_carea' id='block_1_24' title="bbox 2138 1149 3792 1242">
    <p class='ocr_par' dir='ltr' id='par_1_24' title="bbox 2138 1149 3792 1242">
     <span class='ocr_line' id='line_1_24' title="bbox 2138 1149 3792 1242; baseline 0.008 -34"><span class='ocrx_word' id='word_1_169' title='bbox 2138 1149 2734 1242; x_wconf 77' lang='lat' dir='ltr'><strong>quemadmodumin</strong></span> <span class='ocrx_word' id='word_1_170' title='bbox 2763 1153 3010 1215; x_wconf 90' lang='lat' dir='ltr'><strong>Daniele</strong></span> <span class='ocrx_word' id='word_1_171' title='bbox 3043 1155 3368 1220; x_wconf 88' lang='lat' dir='ltr'><strong>didicimus</strong></span> <span class='ocrx_word' id='word_1_172' title='bbox 3392 1158 3468 1234; x_wconf 62' lang='lat'><strong>99,</strong></span> <span class='ocrx_word' id='word_1_173' title='bbox 3503 1149 3641 1242; x_wconf 82' lang='lat' dir='ltr'><strong>quid</strong></span> <span class='ocrx_word' id='word_1_174' title='bbox 3674 1149 3792 1222; x_wconf 87' lang='lat' dir='ltr'><strong>non</strong></span> 
     </span>
    </p>
   </div>
   <div class='ocr_carea' id='block_1_25' title="bbox 2138 1237 3796 1330">
    <p class='ocr_par' dir='ltr' id='par_1_25' title="bbox 2138 1237 3796 1330">
     <span class='ocr_line' id='line_1_25' title="bbox 2138 1237 3796 1330; baseline 0.008 -32"><span class='ocrx_word' id='word_1_175' title='bbox 2138 1237 2405 1330; x_wconf 80' lang='lat' dir='ltr'><strong>efﬁceret</strong></span> <span class='ocrx_word' id='word_1_176' title='bbox 2433 1241 2494 1302; x_wconf 91' lang='lat' dir='ltr'><strong>in</strong></span> <span class='ocrx_word' id='word_1_177' title='bbox 2528 1241 2807 1304; x_wconf 91' lang='lat' dir='ltr'><strong>ﬁdelibus</strong></span> <span class='ocrx_word' id='word_1_178' title='bbox 2833 1243 3375 1309; x_wconf 85' lang='lat' dir='ltr'><strong>bominibus?Tale</strong></span> <span class='ocrx_word' id='word_1_179' title='bbox 3399 1237 3593 1310; x_wconf 75' lang='lat' dir='ltr'><strong>autem</strong></span> <span class='ocrx_word' id='word_1_180' title='bbox 3625 1250 3796 1330; x_wconf 90' lang='lat' dir='ltr'><strong>quid-</strong></span> 
     </span>
    </p>
   </div>
   <div class='ocr_carea' id='block_1_26' title="bbox 2138 1327 3793 1419">
    <p class='ocr_par' dir='ltr' id='par_1_26' title="bbox 2138 1327 3793 1419">
     <span class='ocr_line' id='line_1_26' title="bbox 2138 1327 3793 1419; baseline 0.007 -29"><span class='ocrx_word' id='word_1_181' title='bbox 2138 1327 2272 1419; x_wconf 82' lang='lat' dir='ltr'><strong>dam</strong></span> <span class='ocrx_word' id='word_1_182' title='bbox 2303 1329 2542 1419; x_wconf 80' lang='lat' dir='ltr'><strong>videtur</strong></span> <span class='ocrx_word' id='word_1_183' title='bbox 2566 1331 2713 1394; x_wconf 90' lang='lat' dir='ltr'><strong>mihi</strong></span> <span class='ocrx_word' id='word_1_184' title='bbox 2734 1333 2860 1395; x_wconf 74' lang='lat' dir='ltr'><strong>haec</strong></span> <span class='ocrx_word' id='word_1_185' title='bbox 2887 1333 3298 1398; x_wconf 87' lang='lat' dir='ltr'><strong>misericordia</strong></span> <span class='ocrx_word' id='word_1_186' title='bbox 3329 1338 3591 1413; x_wconf 80' lang='lat' dir='ltr'><strong>efficere,</strong></span> <span class='ocrx_word' id='word_1_187' title='bbox 3620 1327 3793 1419; x_wconf 82' lang='lat' dir='ltr'><strong>quale</strong></span> 
     </span>
    </p>
   </div>
   <div class='ocr_carea' id='block_1_27' title="bbox 2138 1417 3786 1501">
    <p class='ocr_par' dir='ltr' id='par_1_27' title="bbox 2138 1417 3786 1501">
     <span class='ocr_line' id='line_1_27' title="bbox 2138 1417 3786 1501; baseline 0.005 -23"><span class='ocrx_word' id='word_1_188' title='bbox 2138 1417 2252 1479; x_wconf 91' lang='lat' dir='ltr'><strong>hoc</strong></span> <span class='ocrx_word' id='word_1_189' title='bbox 2271 1418 2468 1481; x_wconf 91' lang='lat' dir='ltr'><strong>oleum</strong></span> <span class='ocrx_word' id='word_1_190' title='bbox 2497 1418 2569 1480; x_wconf 92' lang='lat' dir='ltr'><strong>ab</strong></span> <span class='ocrx_word' id='word_1_191' title='bbox 2597 1419 2911 1484; x_wconf 76' lang='lat' dir='ltr'><strong>arboribus</strong></span> <span class='ocrx_word' id='word_1_192' title='bbox 2931 1425 3270 1501; x_wconf 89' lang='lat' dir='ltr'><strong>manans,in</strong></span> <span class='ocrx_word' id='word_1_193' title='bbox 3291 1426 3529 1491; x_wconf 88' lang='lat' dir='ltr'><strong>athletis</strong></span> <span class='ocrx_word' id='word_1_194' title='bbox 3550 1417 3786 1488; x_wconf 79' lang='lat' dir='ltr'><strong>illitum.</strong></span> 
     </span>
    </p>
   </div>
   <div class='ocr_carea' id='block_1_28' title="bbox 2139 1505 3786 1588">
    <p class='ocr_par' dir='ltr' id='par_1_28' title="bbox 2139 1505 3786 1588">
     <span class='ocr_line' id='line_1_28' title="bbox 2139 1505 3786 1588; baseline 0.007 -20"><span class='ocrx_word' id='word_1_195' title='bbox 2139 1505 2248 1569; x_wconf 89' lang='lat' dir='ltr'><strong>Dat</strong></span> <span class='ocrx_word' id='word_1_196' title='bbox 2278 1508 2434 1570; x_wconf 91' lang='lat' dir='ltr'><strong>enim</strong></span> <span class='ocrx_word' id='word_1_197' title='bbox 2459 1509 2614 1572; x_wconf 86' lang='lat' dir='ltr'><strong>istud</strong></span> <span class='ocrx_word' id='word_1_198' title='bbox 2639 1510 2816 1588; x_wconf 85' lang='lat' dir='ltr'><strong>elabi,</strong></span> <span class='ocrx_word' id='word_1_199' title='bbox 2837 1531 2913 1573; x_wconf 90' lang='lat' dir='ltr'><strong>ne</strong></span> <span class='ocrx_word' id='word_1_200' title='bbox 2944 1514 3015 1574; x_wconf 89' lang='lat' dir='ltr'><strong>ab</strong></span> <span class='ocrx_word' id='word_1_201' title='bbox 3049 1513 3399 1579; x_wconf 85' lang='lat' dir='ltr'><strong>adversariis</strong></span> <span class='ocrx_word' id='word_1_202' title='bbox 3428 1525 3742 1580; x_wconf 89' lang='lat' dir='ltr'><strong>teneantur</strong></span> <span class='ocrx_word' id='word_1_203' title='bbox 3774 1537 3786 1580; x_wconf 94' lang='lat'>:</span> 
     </span>
    </p>
   </div>
   <div class='ocr_carea' id='block_1_29' title="bbox 2131 1595 3788 1681">
    <p class='ocr_par' dir='ltr' id='par_1_29' title="bbox 2131 1595 3788 1681">
     <span class='ocr_line' id='line_1_29' title="bbox 2131 1595 3788 1681; baseline 0.007 -24"><span class='ocrx_word' id='word_1_204' title='bbox 2131 1603 2189 1657; x_wconf 91' lang='lat' dir='ltr'><strong>et</strong></span> <span class='ocrx_word' id='word_1_205' title='bbox 2214 1595 2293 1657; x_wconf 90' lang='lat' dir='ltr'><strong>ita</strong></span> <span class='ocrx_word' id='word_1_206' title='bbox 2317 1598 2492 1658; x_wconf 89' lang='lat' dir='ltr'><strong>etiam</strong></span> <span class='ocrx_word' id='word_1_207' title='bbox 2525 1597 2587 1659; x_wconf 92' lang='lat' dir='ltr'><strong>in</strong></span> <span class='ocrx_word' id='word_1_208' title='bbox 2618 1600 2935 1664; x_wconf 85' lang='lat' dir='ltr'><strong>universali</strong></span> <span class='ocrx_word' id='word_1_209' title='bbox 2962 1602 3194 1681; x_wconf 87' lang='lat' dir='ltr'><strong>judicio</strong></span> <span class='ocrx_word' id='word_1_210' title='bbox 3232 1605 3648 1668; x_wconf 89' lang='lat' dir='ltr'><strong>misericordia</strong></span> <span class='ocrx_word' id='word_1_211' title='bbox 3681 1625 3788 1668; x_wconf 86' lang='lat' dir='ltr'><strong>no-</strong></span> 
     </span>
    </p>
   </div>
   <div class='ocr_carea' id='block_1_30' title="bbox 2130 1691 3791 1778">
    <p class='ocr_par' dir='ltr' id='par_1_30' title="bbox 2130 1691 3791 1778">
     <span class='ocr_line' id='line_1_30' title="bbox 2130 1691 3791 1778; baseline 0.007 -30"><span class='ocrx_word' id='word_1_212' title='bbox 2130 1693 2251 1748; x_wconf 81' lang='lat' dir='ltr'><strong>stra</strong></span> <span class='ocrx_word' id='word_1_213' title='bbox 2284 1705 2424 1778; x_wconf 82' lang='lat' dir='ltr'><strong>erga</strong></span> <span class='ocrx_word' id='word_1_214' title='bbox 2445 1708 2664 1778; x_wconf 84' lang='lat' dir='ltr'><strong>egenos</strong></span> <span class='ocrx_word' id='word_1_215' title='bbox 2687 1691 2851 1753; x_wconf 88' lang='lat' dir='ltr'><strong>dabit</strong></span> <span class='ocrx_word' id='word_1_216' title='bbox 2875 1693 3138 1772; x_wconf 79' lang='lat' dir='ltr'><strong>eﬁ‘ugere</strong></span> <span class='ocrx_word' id='word_1_217' title='bbox 3161 1694 3422 1775; x_wconf 86' lang='lat' dir='ltr'><strong>impetus</strong></span> <span class='ocrx_word' id='word_1_218' title='bbox 3437 1715 3507 1758; x_wconf 89' lang='lat' dir='ltr'><strong>ac</strong></span> <span class='ocrx_word' id='word_1_219' title='bbox 3529 1697 3791 1778; x_wconf 90' lang='lat' dir='ltr'><strong>pericula</strong></span> 
     </span>
    </p>
   </div>
   <div class='ocr_carea' id='block_1_31' title="bbox 2131 1776 3792 1854">
    <p class='ocr_par' dir='ltr' id='par_1_31' title="bbox 2131 1776 3792 1854">
     <span class='ocr_line' id='line_1_31' title="bbox 2131 1776 3792 1854; baseline 0.006 -19"><span class='ocrx_word' id='word_1_220' title='bbox 2131 1791 2268 1854; x_wconf 66' lang='lat' dir='ltr'><strong>quae</strong></span> <span class='ocrx_word' id='word_1_221' title='bbox 2297 1793 2332 1837; x_wconf 87' lang='lat' dir='ltr'><strong>a</strong></span> <span class='ocrx_word' id='word_1_222' title='bbox 2359 1776 2732 1840; x_wconf 70' lang='lat' dir='ltr'><strong>daemonibus</strong></span> <span class='ocrx_word' id='word_1_223' title='bbox 2785 1783 3235 1845; x_wconf 85' lang='lat' dir='ltr'><strong>accusatoribus</strong></span> <span class='ocrx_word' id='word_1_224' title='bbox 3273 1785 3490 1847; x_wconf 89' lang='lat' dir='ltr'><strong>nostris</strong></span> <span class='ocrx_word' id='word_1_225' title='bbox 3519 1776 3792 1846; x_wconf 80' lang='lat' dir='ltr'><strong>immine-</strong></span> 
     </span>
    </p>
   </div>
   <div class='ocr_carea' id='block_1_32' title="bbox 397 1856 2046 1970">
    <p class='ocr_par' dir='ltr' id='par_1_32' title="bbox 397 1856 2046 1947">
     <span class='ocr_line' id='line_1_32' title="bbox 397 1856 2046 1947; baseline 0.002 -27"><span class='ocrx_word' id='word_1_226' title='bbox 397 1865 606 1942; x_wconf 77' lang='grc' dir='ltr'>ἇγαπᾷν</span> <span class='ocrx_word' id='word_1_227' title='bbox 649 1867 740 1923; x_wconf 81' lang='grc' dir='ltr'><strong>τὸν</strong></span> <span class='ocrx_word' id='word_1_228' title='bbox 771 1856 995 1934; x_wconf 87' lang='grc' dir='ltr'>πλησίον</span> <span class='ocrx_word' id='word_1_229' title='bbox 1064 1873 1338 1946; x_wconf 76' lang='grc' dir='ltr'><strong>παρεγγυᾷ</strong></span> <span class='ocrx_word' id='word_1_230' title='bbox 1405 1870 1479 1930; x_wconf 81' lang='grc' dir='ltr'>ὡς</span> <span class='ocrx_word' id='word_1_231' title='bbox 1564 1868 1766 1930; x_wconf 77' lang='grc' dir='ltr'>ἑουτόν,</span> <span class='ocrx_word' id='word_1_232' title='bbox 1830 1856 2046 1947; x_wconf 69' lang='grc' dir='ltr'>’Ὠσπερ</span> 
     </span>
    </p>
   </div>
   <div class='ocr_carea' id='block_1_33' title="bbox 2130 1856 3790 1970">
    <p class='ocr_par' dir='ltr' id='par_1_33' title="bbox 2134 1861 3790 1970">
     <span class='ocr_line' id='line_1_33' title="bbox 2134 1861 3790 1970; baseline 0.007 -47"><span class='ocrx_word' id='word_1_233' title='bbox 2134 1861 2301 1970; x_wconf 76' lang='lat' dir='ltr'><strong>bunt.</strong></span> <span class='ocrx_word' id='word_1_234' title='bbox 2335 1898 2414 1908; x_wconf 91' lang='lat'><strong>—</strong></span> <span class='ocrx_word' id='word_1_235' title='bbox 2439 1865 2575 1928; x_wconf 86' lang='lat' dir='ltr'><strong>Alio</strong></span> <span class='ocrx_word' id='word_1_236' title='bbox 2598 1868 2797 1930; x_wconf 90' lang='lat' dir='ltr'><strong>modo.</strong></span> <span class='ocrx_word' id='word_1_237' title='bbox 2839 1870 3166 1932; x_wconf 84' lang='lat' dir='ltr'><strong>«Judicium</strong></span> <span class='ocrx_word' id='word_1_238' title='bbox 3194 1871 3420 1954; x_wconf 90' lang='lat' dir='ltr'><strong>absque</strong></span> <span class='ocrx_word' id='word_1_239' title='bbox 3453 1873 3790 1936; x_wconf 85' lang='lat' dir='ltr'><strong>misericor-</strong></span> 
     </span>
    </p>
   </div>
   <div class='ocr_carea' id='block_1_34' title="bbox 399 1953 2050 2036">
    <p class='ocr_par' dir='ltr' id='par_1_34' title="bbox 399 1953 2050 2036">
     <span class='ocr_line' id='line_1_34' title="bbox 399 1953 2050 2036; baseline 0.002 -27"><span class='ocrx_word' id='word_1_240' title='bbox 399 1953 453 2009; x_wconf 80' lang='grc' dir='ltr'><strong>δέ</strong></span> <span class='ocrx_word' id='word_1_241' title='bbox 513 1957 645 2034; x_wconf 84' lang='grc' dir='ltr'>πρὸς</span> <span class='ocrx_word' id='word_1_242' title='bbox 702 1956 888 2012; x_wconf 77' lang='grc' dir='ltr'>ἑαυτὸν</span> <span class='ocrx_word' id='word_1_243' title='bbox 941 1958 1000 2013; x_wconf 80' lang='grc' dir='ltr'>οὑ</span> <span class='ocrx_word' id='word_1_244' title='bbox 1070 1955 1533 2035; x_wconf 81' lang='grc' dir='ltr'>προσωποληωτετ</span> <span class='ocrx_word' id='word_1_245' title='bbox 1587 1979 1665 2022; x_wconf 89' lang='grc' dir='ltr'><strong>τις</strong></span> <span class='ocrx_word' id='word_1_246' title='bbox 1712 1956 1894 2033; x_wconf 81' lang='grc' dir='ltr'>(μανία</span> <span class='ocrx_word' id='word_1_247' title='bbox 1950 1958 2050 2036; x_wconf 81' lang='grc' dir='ltr'><strong>γὰρ</strong></span> 
     </span>
    </p>
   </div>
   <div class='ocr_carea' id='block_1_35' title="bbox 399 2042 2049 2124">
    <p class='ocr_par' dir='ltr' id='par_1_35' title="bbox 399 2042 2049 2124">
     <span class='ocr_line' id='line_1_35' title="bbox 399 2042 2049 2124; baseline 0.001 -25"><span class='ocrx_word' id='word_1_248' title='bbox 399 2042 603 2123; x_wconf 71' lang='grc' dir='ltr'>τοῦτο),</span> <span class='ocrx_word' id='word_1_249' title='bbox 629 2042 766 2100; x_wconf 61' lang='grc' dir='ltr'>οὕτω</span> <span class='ocrx_word' id='word_1_250' title='bbox 797 2044 932 2120; x_wconf 78' lang='grc' dir='ltr'>μηδὲ</span> <span class='ocrx_word' id='word_1_251' title='bbox 981 2046 1044 2102; x_wconf 81' lang='grc' dir='ltr'>σὺ</span> <span class='ocrx_word' id='word_1_252' title='bbox 1073 2045 1552 2124; x_wconf 79' lang='grc' dir='ltr'>πρασωπολήπτει.</span> <span class='ocrx_word' id='word_1_253' title='bbox 1601 2047 1659 2104; x_wconf 80' lang='grc' dir='ltr'><strong>Εἰ</strong></span> <span class='ocrx_word' id='word_1_254' title='bbox 1716 2043 1770 2102; x_wconf 80' lang='grc' dir='ltr'>δὲ</span> <span class='ocrx_word' id='word_1_255' title='bbox 1828 2043 1880 2111; x_wconf 80' lang='grc' dir='ltr'>ἐξ</span> <span class='ocrx_word' id='word_1_256' title='bbox 1909 2045 2049 2102; x_wconf 82' lang='grc' dir='ltr'>ἀπο-</span> 
     </span>
    </p>
   </div>
   <div class='ocr_carea' id='block_1_36' title="bbox 402 2131 2046 2214">
    <p class='ocr_par' dir='ltr' id='par_1_36' title="bbox 402 2131 2046 2214">
     <span class='ocr_line' id='line_1_36' title="bbox 402 2131 2046 2214; baseline 0 -24"><span class='ocrx_word' id='word_1_257' title='bbox 402 2134 544 2196; x_wconf 88' lang='grc' dir='ltr'>νοίας</span> <span class='ocrx_word' id='word_1_258' title='bbox 592 2135 680 2190; x_wconf 80' lang='grc' dir='ltr'><strong>καὶ</strong></span> <span class='ocrx_word' id='word_1_259' title='bbox 732 2131 1095 2213; x_wconf 79' lang='grc' dir='ltr'>σκληρότητος</span> <span class='ocrx_word' id='word_1_260' title='bbox 1168 2134 1253 2191; x_wconf 74' lang='grc' dir='ltr'>ἐπὶ</span> <span class='ocrx_word' id='word_1_261' title='bbox 1307 2134 1763 2214; x_wconf 74' lang='grc' dir='ltr'>προσωποληψὶαν</span> <span class='ocrx_word' id='word_1_262' title='bbox 1817 2147 2046 2214; x_wconf 73' lang='grc' dir='ltr'>χωρεῖς,</span> 
     </span>
    </p>
   </div>
   <div class='ocr_carea' id='block_1_37' title="bbox 400 2219 2050 2304">
    <p class='ocr_par' dir='ltr' id='par_1_37' title="bbox 400 2219 2050 2304">
     <span class='ocr_line' id='line_1_37' title="bbox 400 2219 2050 2304; baseline 0.002 -26"><span class='ocrx_word' id='word_1_263' title='bbox 400 2219 561 2302; x_wconf 77' lang='grc' dir='ltr'>φοϐοῦ</span> <span class='ocrx_word' id='word_1_264' title='bbox 595 2224 790 2297; x_wconf 81' lang='grc' dir='ltr'>μήπως</span> <span class='ocrx_word' id='word_1_265' title='bbox 821 2224 908 2295; x_wconf 79' lang='grc' dir='ltr'>κᾳί</span> <span class='ocrx_word' id='word_1_266' title='bbox 938 2225 1094 2289; x_wconf 75' lang='grc' dir='ltr'>αὐτὸς</span> <span class='ocrx_word' id='word_1_267' title='bbox 1138 2230 1243 2281; x_wconf 84' lang='grc' dir='ltr'><strong>τῶν</strong></span> <span class='ocrx_word' id='word_1_268' title='bbox 1305 2226 1502 2299; x_wconf 84' lang='grc' dir='ltr'>ὁμοίων</span> <span class='ocrx_word' id='word_1_269' title='bbox 1557 2223 1709 2301; x_wconf 81' lang='grc' dir='ltr'>τεύξῃ</span> <span class='ocrx_word' id='word_1_270' title='bbox 1761 2225 1903 2304; x_wconf 80' lang='grc' dir='ltr'>παρὰ</span> <span class='ocrx_word' id='word_1_271' title='bbox 1958 2231 2050 2281; x_wconf 81' lang='grc' dir='ltr'>τοῦ</span> 
     </span>
    </p>
   </div>
   <div class='ocr_carea' id='block_1_38' title="bbox 398 2309 2047 2394">
    <p class='ocr_par' dir='ltr' id='par_1_38' title="bbox 398 2309 2047 2394">
     <span class='ocr_line' id='line_1_38' title="bbox 398 2309 2047 2394; baseline 0.001 -27"><span class='ocrx_word' id='word_1_272' title='bbox 398 2309 598 2368; x_wconf 82' lang='grc' dir='ltr'>δικαίου</span> <span class='ocrx_word' id='word_1_273' title='bbox 655 2322 858 2394; x_wconf 62' lang='grc' dir='ltr'>κριτοῦ,</span> <span class='ocrx_word' id='word_1_274' title='bbox 952 2315 1041 2370; x_wconf 83' lang='grc' dir='ltr'><strong>καὶ</strong></span> <span class='ocrx_word' id='word_1_275' title='bbox 1123 2312 1445 2391; x_wconf 87' lang='grc' dir='ltr'>ἆποκλείσῃς</span> <span class='ocrx_word' id='word_1_276' title='bbox 1528 2321 1732 2389; x_wconf 83' lang='grc' dir='ltr'>σεαυτῷ</span> <span class='ocrx_word' id='word_1_277' title='bbox 1788 2315 1877 2370; x_wconf 84' lang='grc' dir='ltr'><strong>τὸν</strong></span> <span class='ocrx_word' id='word_1_278' title='bbox 1955 2312 2047 2369; x_wconf 84' lang='grc' dir='ltr'><strong>ἀπ’</strong></span> 
     </span>
    </p>
   </div>
   <div class='ocr_carea' id='block_1_39' title="bbox 401 2393 2048 2482">
    <p class='ocr_par' dir='ltr' id='par_1_39' title="bbox 401 2393 2048 2482">
     <span class='ocr_line' id='line_1_39' title="bbox 401 2393 2048 2482; baseline 0 -26"><span class='ocrx_word' id='word_1_279' title='bbox 401 2400 598 2459; x_wconf 77' lang='grc' dir='ltr'>ἐκείνου</span> <span class='ocrx_word' id='word_1_280' title='bbox 630 2400 798 2464; x_wconf 69' lang='grc' dir='ltr'>ἔλεον,</span> <span class='ocrx_word' id='word_1_281' title='bbox 866 2393 927 2459; x_wconf 69' lang='grc' dir='ltr'><strong>Ἠ</strong></span> <span class='ocrx_word' id='word_1_282' title='bbox 983 2403 1082 2482; x_wconf 81' lang='grc' dir='ltr'><strong>γὰρ</strong></span> <span class='ocrx_word' id='word_1_283' title='bbox 1149 2403 1316 2482; x_wconf 87' lang='grc' dir='ltr'>κρίσις</span> <span class='ocrx_word' id='word_1_284' title='bbox 1387 2402 1624 2467; x_wconf 79' lang='grc' dir='ltr'>ἀνέλεος.</span> <span class='ocrx_word' id='word_1_285' title='bbox 1692 2422 1722 2462; x_wconf 90' lang='grc'><strong>(</strong></span> <span class='ocrx_word' id='word_1_286' title='bbox 1769 2413 2048 2460; x_wconf 83' lang='grc' dir='ltr'>Κατακαυ-</span> 
     </span>
    </p>
   </div>
   <div class='ocr_carea' id='block_1_40' title="bbox 398 2489 2049 2572">
    <p class='ocr_par' dir='ltr' id='par_1_40' title="bbox 398 2489 2049 2572">
     <span class='ocr_line' id='line_1_40' title="bbox 398 2489 2049 2572; baseline 0.001 -26"><span class='ocrx_word' id='word_1_287' title='bbox 398 2497 563 2572; x_wconf 82' lang='grc' dir='ltr'>χᾶται</span> <span class='ocrx_word' id='word_1_288' title='bbox 621 2489 706 2572; x_wconf 74' lang='grc' dir='ltr'><strong>δά³</strong></span> <span class='ocrx_word' id='word_1_289' title='bbox 750 2515 772 2548; x_wconf 76' lang='grc' dir='ltr'>ι</span> <span class='ocrx_word' id='word_1_290' title='bbox 837 2492 950 2549; x_wconf 77' lang='grc' dir='ltr'>ἀντὶ</span> <span class='ocrx_word' id='word_1_291' title='bbox 991 2502 1104 2566; x_wconf 80' lang='grc' dir='ltr'><strong>τοῦ,</strong></span> <span class='ocrx_word' id='word_1_292' title='bbox 1167 2498 1309 2568; x_wconf 80' lang='grc' dir='ltr'>νικᾷ,</span> <span class='ocrx_word' id='word_1_293' title='bbox 1380 2494 1811 2572; x_wconf 77' lang='grc' dir='ltr'>καταγωνίζεται,</span> <span class='ocrx_word' id='word_1_294' title='bbox 1861 2492 2049 2567; x_wconf 83' lang='grc' dir='ltr'>ἀπαμ-</span> 
     </span>
    </p>
   </div>
   <div class='ocr_carea' id='block_1_41' title="bbox 398 2580 595 2644">
    <p class='ocr_par' dir='ltr' id='par_1_41' title="bbox 398 2580 595 2644">
     <span class='ocr_line' id='line_1_41' title="bbox 398 2580 595 2644; baseline 0 -6"><span class='ocrx_word' id='word_1_295' title='bbox 398 2580 595 2644; x_wconf 86' lang='grc' dir='ltr'>ϐλύνει.</span> 
     </span>
    </p>
   </div>
   <div class='ocr_carea' id='block_1_42' title="bbox 2135 1950 3785 2044">
    <p class='ocr_par' dir='ltr' id='par_1_42' title="bbox 2135 1950 3785 2044">
     <span class='ocr_line' id='line_1_42' title="bbox 2135 1950 3785 2044; baseline 0.007 -32"><span class='ocrx_word' id='word_1_296' title='bbox 2135 1950 2254 2013; x_wconf 88' lang='lat' dir='ltr'><strong>dia.</strong></span> <span class='ocrx_word' id='word_1_297' title='bbox 2295 1977 2317 2008; x_wconf 79' lang='grc' dir='ltr'><strong>ιι</strong></span> <span class='ocrx_word' id='word_1_298' title='bbox 2355 1955 2560 2017; x_wconf 77' lang='lat' dir='ltr'><strong>Causae</strong></span> <span class='ocrx_word' id='word_1_299' title='bbox 2580 1957 2839 2019; x_wconf 87' lang='lat' dir='ltr'><strong>redditio</strong></span> <span class='ocrx_word' id='word_1_300' title='bbox 2871 1968 2958 2020; x_wconf 91' lang='lat' dir='ltr'><strong>est</strong></span> <span class='ocrx_word' id='word_1_301' title='bbox 3001 1961 3281 2022; x_wconf 86' lang='lat' dir='ltr'><strong>adversus</strong></span> <span class='ocrx_word' id='word_1_302' title='bbox 3312 1950 3414 2023; x_wconf 82' lang='lat' dir='ltr'><strong>eos</strong></span> <span class='ocrx_word' id='word_1_303' title='bbox 3444 1962 3544 2044; x_wconf 90' lang='lat' dir='ltr'><strong>qui</strong></span> <span class='ocrx_word' id='word_1_304' title='bbox 3574 1963 3785 2024; x_wconf 85' lang='lat' dir='ltr'><strong>fastum</strong></span> 
     </span>
    </p>
   </div>
   <div class='ocr_carea' id='block_1_43' title="bbox 2134 2044 3787 2130">
    <p class='ocr_par' dir='ltr' id='par_1_43' title="bbox 2134 2044 3787 2130">
     <span class='ocr_line' id='line_1_43' title="bbox 2134 2044 3787 2130; baseline 0.006 -28"><span class='ocrx_word' id='word_1_305' title='bbox 2134 2049 2194 2130; x_wconf 84' lang='lat' dir='ltr'><strong>et</strong></span> <span class='ocrx_word' id='word_1_306' title='bbox 2224 2044 2618 2130; x_wconf 81' lang='lat' dir='ltr'><strong>arrogantiam</strong></span> <span class='ocrx_word' id='word_1_307' title='bbox 2654 2066 2861 2127; x_wconf 85' lang='lat' dir='ltr'><strong>magna</strong></span> <span class='ocrx_word' id='word_1_308' title='bbox 2893 2049 3114 2111; x_wconf 70' lang='lat' dir='ltr'><strong>saevitia</strong></span> <span class='ocrx_word' id='word_1_309' title='bbox 3142 2051 3787 2130; x_wconf 82' lang='lat' dir='ltr'><strong>demonstrarunterga</strong></span> 
     </span>
    </p>
   </div>
   <div class='ocr_carea' id='block_1_44' title="bbox 2133 2128 3785 2219">
    <p class='ocr_par' dir='ltr' id='par_1_44' title="bbox 2133 2128 3785 2219">
     <span class='ocr_line' id='line_1_44' title="bbox 2133 2128 3785 2219; baseline 0.006 -29"><span class='ocrx_word' id='word_1_310' title='bbox 2133 2128 2495 2209; x_wconf 86' lang='lat' dir='ltr'><strong>abjectiores</strong></span> <span class='ocrx_word' id='word_1_311' title='bbox 2518 2153 2648 2194; x_wconf 92' lang='lat' dir='ltr'><strong>cum</strong></span> <span class='ocrx_word' id='word_1_312' title='bbox 2673 2146 2949 2216; x_wconf 89' lang='lat' dir='ltr'><strong>respectu</strong></span> <span class='ocrx_word' id='word_1_313' title='bbox 2972 2141 3567 2218; x_wconf 89' lang='lat' dir='ltr'><strong>persenarum.Lenit</strong></span> <span class='ocrx_word' id='word_1_314' title='bbox 3588 2128 3785 2219; x_wconf 77' lang='lat' dir='ltr'><strong>itaque</strong></span> 
     </span>
    </p>
   </div>
   <div class='ocr_carea' id='block_1_45' title="bbox 2135 2222 3786 2300">
    <p class='ocr_par' dir='ltr' id='par_1_45' title="bbox 2135 2222 3786 2300">
     <span class='ocr_line' id='line_1_45' title="bbox 2135 2222 3786 2300; baseline 0.005 -20"><span class='ocrx_word' id='word_1_315' title='bbox 2135 2236 2339 2280; x_wconf 90' lang='lat' dir='ltr'><strong>eorum</strong></span> <span class='ocrx_word' id='word_1_316' title='bbox 2373 2222 2785 2286; x_wconf 89' lang='lat' dir='ltr'><strong>crudelitatem</strong></span> <span class='ocrx_word' id='word_1_317' title='bbox 2816 2226 3323 2300; x_wconf 87' lang='lat' dir='ltr'><strong>aeduritiam,hae</strong></span> <span class='ocrx_word' id='word_1_318' title='bbox 3347 2229 3641 2291; x_wconf 90' lang='lat' dir='ltr'><strong>sententia</strong></span> <span class='ocrx_word' id='word_1_319' title='bbox 3673 2238 3786 2289; x_wconf 91' lang='lat' dir='ltr'><strong>ter-</strong></span> 
     </span>
    </p>
   </div>
   <div class='ocr_carea' id='block_1_46' title="bbox 2131 2311 3794 2397">
    <p class='ocr_par' dir='ltr' id='par_1_46' title="bbox 2131 2311 3794 2397">
     <span class='ocr_line' id='line_1_46' title="bbox 2131 2311 3794 2397; baseline 0.008 -30"><span class='ocrx_word' id='word_1_320' title='bbox 2131 2325 2294 2397; x_wconf 81' lang='lat' dir='ltr'><strong>rens,</strong></span> <span class='ocrx_word' id='word_1_321' title='bbox 2321 2327 2387 2371; x_wconf 90' lang='lat' dir='ltr'><strong>ac</strong></span> <span class='ocrx_word' id='word_1_322' title='bbox 2417 2311 2467 2372; x_wconf 93' lang='lat' dir='ltr'><strong>si</strong></span> <span class='ocrx_word' id='word_1_323' title='bbox 2491 2314 2718 2377; x_wconf 88' lang='lat' dir='ltr'><strong>diceret</strong></span> <span class='ocrx_word' id='word_1_324' title='bbox 2756 2335 2770 2374; x_wconf 92' lang='lat'>:</span> <span class='ocrx_word' id='word_1_325' title='bbox 2806 2317 2917 2377; x_wconf 86' lang='lat' dir='ltr'><strong>Lex</strong></span> <span class='ocrx_word' id='word_1_326' title='bbox 2943 2315 3118 2396; x_wconf 89' lang='lat' dir='ltr'><strong>jubet</strong></span> <span class='ocrx_word' id='word_1_327' title='bbox 3160 2320 3494 2397; x_wconf 86' lang='lat' dir='ltr'><strong>proximum</strong></span> <span class='ocrx_word' id='word_1_328' title='bbox 3542 2318 3794 2396; x_wconf 83' lang='lat' dir='ltr'><strong>diligere</strong></span> 
     </span>
    </p>
   </div>
   <div class='ocr_carea' id='block_1_47' title="bbox 2130 2395 3790 2486">
    <p class='ocr_par' dir='ltr' id='par_1_47' title="bbox 2130 2395 3790 2486">
     <span class='ocr_line' id='line_1_47' title="bbox 2130 2395 3790 2486; baseline 0.007 -30"><span class='ocrx_word' id='word_1_329' title='bbox 2130 2395 2282 2458; x_wconf 86' lang='lat' dir='ltr'><strong>sicut</strong></span> <span class='ocrx_word' id='word_1_330' title='bbox 2312 2399 2576 2480; x_wconf 87' lang='lat' dir='ltr'><strong>seipsum</strong></span> <span class='ocrx_word' id='word_1_331' title='bbox 2615 2427 2626 2462; x_wconf 90' lang='lat'><strong>:</strong></span> <span class='ocrx_word' id='word_1_332' title='bbox 2684 2395 3186 2484; x_wconf 82' lang='lat' dir='ltr'><strong>quemadmodum</strong></span> <span class='ocrx_word' id='word_1_333' title='bbox 3224 2407 3405 2486; x_wconf 84' lang='lat' dir='ltr'><strong>igitur</strong></span> <span class='ocrx_word' id='word_1_334' title='bbox 3435 2425 3611 2469; x_wconf 89' lang='lat' dir='ltr'><strong>nemo</strong></span> <span class='ocrx_word' id='word_1_335' title='bbox 3645 2395 3790 2486; x_wconf 81' lang='lat' dir='ltr'><strong>erga</strong></span> 
     </span>
    </p>
   </div>
   <div class='ocr_carea' id='block_1_48' title="bbox 2130 2487 3792 2574">
    <p class='ocr_par' dir='ltr' id='par_1_48' title="bbox 2130 2487 3792 2574">
     <span class='ocr_line' id='line_1_48' title="bbox 2130 2487 3792 2574; baseline 0.002 -23"><span class='ocrx_word' id='word_1_336' title='bbox 2130 2487 2394 2568; x_wconf 88' lang='lat' dir='ltr'><strong>seipsum</strong></span> <span class='ocrx_word' id='word_1_337' title='bbox 2421 2509 2738 2570; x_wconf 88' lang='lat' dir='ltr'><strong>personam</strong></span> <span class='ocrx_word' id='word_1_338' title='bbox 2757 2494 3003 2574; x_wconf 90' lang='lat' dir='ltr'><strong>respicit</strong></span> <span class='ocrx_word' id='word_1_339' title='bbox 3022 2509 3176 2562; x_wconf 72' lang='lat' dir='ltr'><strong>(nam</strong></span> <span class='ocrx_word' id='word_1_340' title='bbox 3204 2495 3261 2556; x_wconf 89' lang='lat' dir='ltr'><strong>id</strong></span> <span class='ocrx_word' id='word_1_341' title='bbox 3288 2496 3562 2557; x_wconf 88' lang='lat' dir='ltr'><strong>insanum</strong></span> <span class='ocrx_word' id='word_1_342' title='bbox 3584 2503 3792 2574; x_wconf 58' lang='lat' dir='ltr'><strong>esset),</strong></span> 
     </span>
    </p>
   </div>
   <div class='ocr_carea' id='block_1_49' title="bbox 2131 2577 3786 2664">
    <p class='ocr_par' dir='ltr' id='par_1_49' title="bbox 2131 2577 3786 2664">
     <span class='ocr_line' id='line_1_49' title="bbox 2131 2577 3786 2664; baseline 0.004 -25"><span class='ocrx_word' id='word_1_343' title='bbox 2131 2577 2214 2639; x_wconf 91' lang='lat' dir='ltr'><strong>ita</strong></span> <span class='ocrx_word' id='word_1_344' title='bbox 2246 2595 2440 2658; x_wconf 93' lang='lat' dir='ltr'><strong>neque</strong></span> <span class='ocrx_word' id='word_1_345' title='bbox 2472 2588 2532 2642; x_wconf 93' lang='lat' dir='ltr'><strong>tu</strong></span> <span class='ocrx_word' id='word_1_346' title='bbox 2563 2601 2877 2662; x_wconf 89' lang='lat' dir='ltr'><strong>personam</strong></span> <span class='ocrx_word' id='word_1_347' title='bbox 2909 2584 3398 2664; x_wconf 88' lang='lat' dir='ltr'><strong>respicias.Quod</strong></span> <span class='ocrx_word' id='word_1_348' title='bbox 3431 2583 3480 2646; x_wconf 91' lang='lat' dir='ltr'><strong>si</strong></span> <span class='ocrx_word' id='word_1_349' title='bbox 3513 2604 3580 2647; x_wconf 84' lang='lat' dir='ltr'><strong>ex</strong></span> <span class='ocrx_word' id='word_1_350' title='bbox 3614 2603 3786 2646; x_wconf 90' lang='lat' dir='ltr'><strong>arro-</strong></span> 
     </span>
    </p>
   </div>
   <div class='ocr_carea' id='block_1_50' title="bbox 398 2667 3794 2756">
    <p class='ocr_par' dir='ltr' id='par_1_50' title="bbox 398 2667 3794 2756">
     <span class='ocr_line' id='line_1_50' title="bbox 398 2667 3794 2756; baseline -0.001 -22"><span class='ocrx_word' id='word_1_351' title='bbox 398 2671 596 2752; x_wconf 80' lang='lat' dir='ltr'><strong>gantia</strong></span> <span class='ocrx_word' id='word_1_352' title='bbox 623 2677 681 2733; x_wconf 90' lang='lat' dir='ltr'><strong>et</strong></span> <span class='ocrx_word' id='word_1_353' title='bbox 709 2670 927 2735; x_wconf 88' lang='lat' dir='ltr'><strong>duritia</strong></span> <span class='ocrx_word' id='word_1_354' title='bbox 953 2671 1028 2734; x_wconf 86' lang='lat' dir='ltr'><strong>ad</strong></span> <span class='ocrx_word' id='word_1_355' title='bbox 1061 2689 1331 2754; x_wconf 66' lang='lat' dir='ltr'><strong>personae</strong></span> <span class='ocrx_word' id='word_1_356' title='bbox 1359 2678 1696 2754; x_wconf 88' lang='lat' dir='ltr'><strong>respectum</strong></span> <span class='ocrx_word' id='word_1_357' title='bbox 1729 2669 2019 2747; x_wconf 87' lang='lat' dir='ltr'><strong>deﬂectis,</strong></span> <span class='ocrx_word' id='word_1_358' title='bbox 2057 2667 2198 2730; x_wconf 90' lang='lat' dir='ltr'><strong>time</strong></span> <span class='ocrx_word' id='word_1_359' title='bbox 2232 2688 2266 2729; x_wconf 85' lang='grc' dir='ltr'><strong>η</strong></span> <span class='ocrx_word' id='word_1_360' title='bbox 2297 2695 2304 2717; x_wconf 80' lang='grc' dir='ltr'><strong>ι</strong></span> <span class='ocrx_word' id='word_1_361' title='bbox 2331 2688 2449 2750; x_wconf 90' lang='lat' dir='ltr'><strong>qno</strong></span> <span class='ocrx_word' id='word_1_362' title='bbox 2478 2672 2654 2733; x_wconf 91' lang='lat' dir='ltr'><strong>modo</strong></span> <span class='ocrx_word' id='word_1_363' title='bbox 2685 2672 2814 2752; x_wconf 89' lang='lat' dir='ltr'><strong>ipse</strong></span> <span class='ocrx_word' id='word_1_364' title='bbox 2847 2693 3084 2756; x_wconf 91' lang='lat' dir='ltr'><strong>quoque</strong></span> <span class='ocrx_word' id='word_1_365' title='bbox 3107 2674 3326 2735; x_wconf 90' lang='lat' dir='ltr'><strong>similia</strong></span> <span class='ocrx_word' id='word_1_366' title='bbox 3356 2694 3390 2737; x_wconf 89' lang='lat' dir='ltr'><strong>a</strong></span> <span class='ocrx_word' id='word_1_367' title='bbox 3411 2674 3794 2755; x_wconf 84' lang='lat' dir='ltr'><strong>justojudice</strong></span> 
     </span>
    </p>
   </div>
   <div class='ocr_carea' id='block_1_51' title="bbox 397 2757 3786 2844">
    <p class='ocr_par' dir='ltr' id='par_1_51' title="bbox 397 2757 3786 2844">
     <span class='ocr_line' id='line_1_51' title="bbox 397 2757 3786 2844; baseline 0 -21"><span class='ocrx_word' id='word_1_368' title='bbox 397 2761 805 2843; x_wconf 88' lang='lat' dir='ltr'><strong>consequaris.</strong></span> <span class='ocrx_word' id='word_1_369' title='bbox 839 2781 910 2824; x_wconf 90' lang='lat' dir='ltr'><strong>ac</strong></span> <span class='ocrx_word' id='word_1_370' title='bbox 941 2762 1226 2826; x_wconf 86' lang='lat' dir='ltr'><strong>excludas</strong></span> <span class='ocrx_word' id='word_1_371' title='bbox 1257 2781 1291 2824; x_wconf 91' lang='lat' dir='ltr'><strong>a</strong></span> <span class='ocrx_word' id='word_1_372' title='bbox 1320 2762 1508 2844; x_wconf 89' lang='lat' dir='ltr'><strong>teipso</strong></span> <span class='ocrx_word' id='word_1_373' title='bbox 1539 2762 1703 2824; x_wconf 92' lang='lat' dir='ltr'><strong>illius</strong></span> <span class='ocrx_word' id='word_1_374' title='bbox 1736 2757 2205 2822; x_wconf 88' lang='lat' dir='ltr'><strong>misericordiam</strong></span> <span class='ocrx_word' id='word_1_375' title='bbox 2238 2776 2251 2820; x_wconf 92' lang='lat'>:</span> <span class='ocrx_word' id='word_1_376' title='bbox 2293 2759 2600 2840; x_wconf 81' lang='lat' dir='ltr'><strong>Siquidem</strong></span> <span class='ocrx_word' id='word_1_377' title='bbox 2627 2761 2922 2842; x_wconf 89' lang='lat' dir='ltr'><strong>judicium</strong></span> <span class='ocrx_word' id='word_1_378' title='bbox 2950 2765 3180 2844; x_wconf 87' lang='lat' dir='ltr'><strong>absqne</strong></span> <span class='ocrx_word' id='word_1_379' title='bbox 3214 2763 3646 2840; x_wconf 82' lang='lat' dir='ltr'><strong>misericordia,</strong></span> <span class='ocrx_word' id='word_1_380' title='bbox 3672 2773 3786 2825; x_wconf 87' lang='lat' dir='ltr'><strong>etc.</strong></span> 
     </span>
    </p>
   </div>
   <div class='ocr_carea' id='block_1_52' title="bbox 403 2850 2074 2932">
    <p class='ocr_par' dir='ltr' id='par_1_52' title="bbox 403 2850 2074 2932">
     <span class='ocr_line' id='line_1_52' title="bbox 403 2850 2074 2932; baseline -0.004 -16"><span class='ocrx_word' id='word_1_381' title='bbox 403 2876 433 2908; x_wconf 75' lang='grc' dir='ltr'><strong>α</strong></span> <span class='ocrx_word' id='word_1_382' title='bbox 465 2851 770 2916; x_wconf 86' lang='lat' dir='ltr'><strong>Gloriatur</strong></span> <span class='ocrx_word' id='word_1_383' title='bbox 791 2862 991 2915; x_wconf 88' lang='lat' dir='ltr'><strong>autem</strong></span> <span class='ocrx_word' id='word_1_384' title='bbox 1023 2851 1438 2915; x_wconf 86' lang='lat' dir='ltr'><strong>misericordia</strong></span> <span class='ocrx_word' id='word_1_385' title='bbox 1461 2852 1744 2914; x_wconf 91' lang='lat' dir='ltr'><strong>adversus</strong></span> <span class='ocrx_word' id='word_1_386' title='bbox 1755 2850 2074 2932; x_wconf 88' lang='lat' dir='ltr'><strong>judicium.</strong></span> 
     </span>
    </p>
   </div>
   <div class='ocr_carea' id='block_1_53' title="bbox 1037 2949 1412 3021">
    <p class='ocr_par' dir='ltr' id='par_1_53' title="bbox 1037 2949 1412 3021">
     <span class='ocr_line' id='line_1_53' title="bbox 1037 2949 1412 3021; baseline 0.005 -3"><span class='ocrx_word' id='word_1_387' title='bbox 1037 2964 1289 3021; x_wconf 79' lang='grc' dir='ltr'><strong>ΚΕΦΑΛ.</strong></span> <span class='ocrx_word' id='word_1_388' title='bbox 1327 2949 1412 3020; x_wconf 74' lang='lat' dir='ltr'><strong>A&#39;.</strong></span> 
     </span>
    </p>
   </div>
   <div class='ocr_carea' id='block_1_54' title="bbox 403 3054 2048 3140">
    <p class='ocr_par' dir='ltr' id='par_1_54' title="bbox 403 3054 2048 3140">
     <span class='ocr_line' id='line_1_54' title="bbox 403 3054 2048 3140; baseline -0.005 -15"><span class='ocrx_word' id='word_1_389' title='bbox 403 3086 434 3125; x_wconf 75' lang='grc' dir='ltr'><strong>σ</strong></span> <span class='ocrx_word' id='word_1_390' title='bbox 470 3054 603 3123; x_wconf 64' lang='grc' dir='ltr'><strong>ιὈτι</strong></span> <span class='ocrx_word' id='word_1_391' title='bbox 634 3065 729 3122; x_wconf 74' lang='grc' dir='ltr'><strong>οὐκ</strong></span> <span class='ocrx_word' id='word_1_392' title='bbox 757 3063 818 3120; x_wconf 75' lang='grc' dir='ltr'>ἐκ</span> <span class='ocrx_word' id='word_1_393' title='bbox 872 3066 1099 3129; x_wconf 86' lang='grc' dir='ltr'>πίστεως</span> <span class='ocrx_word' id='word_1_394' title='bbox 1158 3065 1339 3139; x_wconf 82' lang='grc' dir='ltr'>μόνον,</span> <span class='ocrx_word' id='word_1_395' title='bbox 1401 3062 1538 3122; x_wconf 74' lang='grc' dir='ltr'>ἀλλὰ</span> <span class='ocrx_word' id='word_1_396' title='bbox 1608 3065 1695 3120; x_wconf 84' lang='grc' dir='ltr'><strong>καὶ</strong></span> <span class='ocrx_word' id='word_1_397' title='bbox 1760 3062 1811 3129; x_wconf 78' lang='grc' dir='ltr'>ἐξ</span> <span class='ocrx_word' id='word_1_398' title='bbox 1881 3061 2048 3140; x_wconf 71' lang='grc' dir='ltr'>ἔργων</span> 
     </span>
    </p>
   </div>
   <div class='ocr_carea' id='block_1_55' title="bbox 475 3143 2048 3224">
    <p class='ocr_par' dir='ltr' id='par_1_55' title="bbox 475 3143 2048 3224">
     <span class='ocr_line' id='line_1_55' title="bbox 475 3143 2048 3224; baseline -0.001 -23"><span class='ocrx_word' id='word_1_399' title='bbox 475 3146 563 3201; x_wconf 79' lang='grc' dir='ltr'><strong>καὶ</strong></span> <span class='ocrx_word' id='word_1_400' title='bbox 588 3148 682 3204; x_wconf 78' lang='grc' dir='ltr'><strong>οὒκ</strong></span> <span class='ocrx_word' id='word_1_401' title='bbox 713 3144 774 3224; x_wconf 81' lang='grc' dir='ltr'><strong>’ἐκ</strong></span> <span class='ocrx_word' id='word_1_402' title='bbox 818 3145 1035 3224; x_wconf 83' lang='grc' dir='ltr'>θατέρου</span> <span class='ocrx_word' id='word_1_403' title='bbox 1105 3143 1302 3221; x_wconf 73' lang='grc' dir='ltr'>ἱδίκῶς,</span> <span class='ocrx_word' id='word_1_404' title='bbox 1362 3143 1481 3200; x_wconf 81' lang='grc' dir='ltr'>ἀλλ’</span> <span class='ocrx_word' id='word_1_405' title='bbox 1544 3143 1594 3210; x_wconf 76' lang='grc' dir='ltr'><strong>ἐξ</strong></span> <span class='ocrx_word' id='word_1_406' title='bbox 1635 3144 1839 3224; x_wconf 81' lang='grc' dir='ltr'>ἀμφοῖν</span> <span class='ocrx_word' id='word_1_407' title='bbox 1936 3145 2048 3219; x_wconf 79' lang='grc' dir='ltr'>ἅμα</span> 
     </span>
    </p>
   </div>
   <div class='ocr_carea' id='block_1_56' title="bbox 397 3223 1088 3304">
    <p class='ocr_par' dir='ltr' id='par_1_56' title="bbox 397 3223 1088 3304">
     <span class='ocr_line' id='line_1_56' title="bbox 397 3223 1088 3304; baseline -0.004 -21"><span class='ocrx_word' id='word_1_408' title='bbox 397 3226 693 3286; x_wconf 74' lang='grc' dir='ltr'>δικαιοῦτὰι</span> <span class='ocrx_word' id='word_1_409' title='bbox 724 3223 995 3304; x_wconf 73' lang='grc' dir='ltr'>ἅνθρωπος</span> <span class='ocrx_word' id='word_1_410' title='bbox 1009 3267 1021 3286; x_wconf 91' lang='grc'><em>.</em></span> <span class='ocrx_word' id='word_1_411' title='bbox 1060 3249 1088 3280; x_wconf 68' lang='lat' dir='ltr'><strong>s</strong></span> 
     </span>
    </p>
   </div>
   <div class='ocr_carea' id='block_1_57' title="bbox 2113 2846 3788 2933">
    <p class='ocr_par' dir='ltr' id='par_1_57' title="bbox 2113 2846 3788 2933">
     <span class='ocr_line' id='line_1_57' title="bbox 2113 2846 3788 2933; baseline 0.003 -24"><span class='ocrx_word' id='word_1_412' title='bbox 2113 2871 2139 2903; x_wconf 79' lang='grc'>»</span> <span class='ocrx_word' id='word_1_413' title='bbox 2171 2846 2295 2910; x_wconf 83' lang='grc' dir='ltr'>Ηοο</span> <span class='ocrx_word' id='word_1_414' title='bbox 2327 2858 2436 2923; x_wconf 89' lang='lat' dir='ltr'><strong>est,</strong></span> <span class='ocrx_word' id='word_1_415' title='bbox 2471 2849 2674 2924; x_wconf 83' lang='lat' dir='ltr'><strong>vincit,</strong></span> <span class='ocrx_word' id='word_1_416' title='bbox 2710 2861 3026 2933; x_wconf 82' lang='lat' dir='ltr'><strong>expugnat,</strong></span> <span class='ocrx_word' id='word_1_417' title='bbox 3058 2851 3334 2915; x_wconf 90' lang='lat' dir='ltr'><strong>obtundit</strong></span> <span class='ocrx_word' id='word_1_418' title='bbox 3383 2854 3474 2916; x_wconf 89' lang='lat' dir='ltr'><strong>vel</strong></span> <span class='ocrx_word' id='word_1_419' title='bbox 3524 2853 3788 2916; x_wconf 60' lang='lat' dir='ltr'><strong>hebetat.</strong></span> 
     </span>
    </p>
   </div>
   <div class='ocr_carea' id='block_1_58' title="bbox 2766 2957 3168 3025">
    <p class='ocr_par' dir='ltr' id='par_1_58' title="bbox 2766 2957 3168 3025">
     <span class='ocr_line' id='line_1_58' title="bbox 2766 2957 3168 3025; baseline 0.01 -4"><span class='ocrx_word' id='word_1_420' title='bbox 2766 2957 3017 3024; x_wconf 79' lang='lat' dir='ltr'><strong>CAPUT</strong></span> <span class='ocrx_word' id='word_1_421' title='bbox 3064 2959 3168 3025; x_wconf 90' lang='lat' dir='ltr'><strong>1V.</strong></span> 
     </span>
    </p>
   </div>
   <div class='ocr_carea' id='block_1_59' title="bbox 2127 3055 3791 3141">
    <p class='ocr_par' dir='ltr' id='par_1_59' title="bbox 2127 3055 3791 3141">
     <span class='ocr_line' id='line_1_59' title="bbox 2127 3055 3791 3141; baseline 0.002 -19"><span class='ocrx_word' id='word_1_422' title='bbox 2127 3055 2314 3132; x_wconf 80' lang='lat' dir='ltr'><strong>Quod</strong></span> <span class='ocrx_word' id='word_1_423' title='bbox 2344 3077 2466 3122; x_wconf 83' lang='lat' dir='ltr'><strong>non</strong></span> <span class='ocrx_word' id='word_1_424' title='bbox 2497 3078 2579 3122; x_wconf 67' lang='lat' dir='ltr'><strong>ea:</strong></span> <span class='ocrx_word' id='word_1_425' title='bbox 2605 3064 2738 3125; x_wconf 87' lang='lat' dir='ltr'><strong>sola</strong></span> <span class='ocrx_word' id='word_1_426' title='bbox 2759 3063 2904 3140; x_wconf 83' lang='lat' dir='ltr'><strong>ﬁde,</strong></span> <span class='ocrx_word' id='word_1_427' title='bbox 2940 3063 3048 3126; x_wconf 84' lang='lat' dir='ltr'><strong>sed</strong></span> <span class='ocrx_word' id='word_1_428' title='bbox 3085 3065 3268 3125; x_wconf 87' lang='lat' dir='ltr'><strong>etiam</strong></span> <span class='ocrx_word' id='word_1_429' title='bbox 3299 3081 3375 3126; x_wconf 77' lang='lat' dir='ltr'><strong>ea:</strong></span> <span class='ocrx_word' id='word_1_430' title='bbox 3401 3062 3699 3141; x_wconf 75' lang='lat' dir='ltr'><strong>operibus,</strong></span> <span class='ocrx_word' id='word_1_431' title='bbox 3733 3071 3791 3126; x_wconf 86' lang='lat' dir='ltr'><strong>et</strong></span> 
     </span>
    </p>
   </div>
   <div class='ocr_carea' id='block_1_60' title="bbox 2211 3141 3830 3224">
    <p class='ocr_par' dir='ltr' id='par_1_60' title="bbox 2211 3141 3830 3224">
     <span class='ocr_line' id='line_1_60' title="bbox 2211 3141 3830 3224; baseline 0.005 -26"><span class='ocrx_word' id='word_1_432' title='bbox 2211 3155 2335 3224; x_wconf 79' lang='lat' dir='ltr'><strong>non</strong></span> <span class='ocrx_word' id='word_1_433' title='bbox 2364 3158 2442 3224; x_wconf 74' lang='lat' dir='ltr'><strong>ex</strong></span> <span class='ocrx_word' id='word_1_434' title='bbox 2469 3141 2669 3224; x_wconf 71' lang='lat' dir='ltr'><strong>altero</strong></span> <span class='ocrx_word' id='word_1_435' title='bbox 2716 3146 2992 3220; x_wconf 84' lang='lat' dir='ltr'><strong>seorsim,</strong></span> <span class='ocrx_word' id='word_1_436' title='bbox 3028 3145 3134 3206; x_wconf 81' lang='lat' dir='ltr'><strong>sed</strong></span> <span class='ocrx_word' id='word_1_437' title='bbox 3178 3144 3364 3206; x_wconf 83' lang='lat' dir='ltr'><strong>simul</strong></span> <span class='ocrx_word' id='word_1_438' title='bbox 3394 3161 3473 3205; x_wconf 78' lang='lat' dir='ltr'><strong>ea:</strong></span> <span class='ocrx_word' id='word_1_439' title='bbox 3499 3145 3790 3224; x_wconf 82' lang='lat' dir='ltr'><strong>utrisque</strong></span> <span class='ocrx_word' id='word_1_440' title='bbox 3821 3153 3830 3160; x_wconf 76' lang='grc'><em>”</em></span> 
     </span>
    </p>
   </div>
   <div class='ocr_carea' id='block_1_61' title="bbox 2202 3219 2805 3298">
    <p class='ocr_par' dir='ltr' id='par_1_61' title="bbox 2202 3219 2805 3298">
     <span class='ocr_line' id='line_1_61' title="bbox 2202 3219 2805 3298; baseline 0.007 -19"><span class='ocrx_word' id='word_1_441' title='bbox 2202 3219 2581 3298; x_wconf 78' lang='lat' dir='ltr'><strong>justiﬁcatur</strong></span> <span class='ocrx_word' id='word_1_442' title='bbox 2607 3222 2805 3286; x_wconf 88' lang='lat' dir='ltr'><strong>homo.</strong></span> 
     </span>
    </p>
   </div>
   <div class='ocr_carea' id='block_1_62' title="bbox 481 3287 2046 3395">
    <p class='ocr_par' dir='ltr' id='par_1_62' title="bbox 481 3287 2046 3395">
     <span class='ocr_line' id='line_1_62' title="bbox 481 3287 2046 3395; baseline -0.003 -23"><span class='ocrx_word' id='word_1_443' title='bbox 481 3339 504 3372; x_wconf 76' lang='grc' dir='ltr'><strong>α</strong></span> <span class='ocrx_word' id='word_1_444' title='bbox 541 3316 602 3375; x_wconf 87' lang='grc' dir='ltr'>Τί</span> <span class='ocrx_word' id='word_1_445' title='bbox 654 3317 717 3372; x_wconf 82' lang='grc' dir='ltr'><strong>τὸ</strong></span> <span class='ocrx_word' id='word_1_446' title='bbox 771 3287 991 3395; x_wconf 40' lang='lat' dir='ltr'><strong>begs}qu</strong></span> <span class='ocrx_word' id='word_1_447' title='bbox 1040 3312 1252 3394; x_wconf 75' lang='grc' dir='ltr'>ἀδελφοί</span> <span class='ocrx_word' id='word_1_448' title='bbox 1328 3336 1454 3394; x_wconf 69' lang='grc' dir='ltr'>μου,</span> <span class='ocrx_word' id='word_1_449' title='bbox 1527 3313 1615 3369; x_wconf 79' lang='grc' dir='ltr'>ἐὰν</span> <span class='ocrx_word' id='word_1_450' title='bbox 1686 3313 1858 3370; x_wconf 86' lang='grc' dir='ltr'>πίστιν</span> <span class='ocrx_word' id='word_1_451' title='bbox 1915 3312 2046 3392; x_wconf 87' lang='grc' dir='ltr'>λέγῃ</span> 
     </span>
    </p>
   </div>
   <div class='ocr_carea' id='block_1_63' title="bbox 2130 3287 3789 3395">
    <p class='ocr_par' dir='ltr' id='par_1_63' title="bbox 2183 3287 3789 3395">
     <span class='ocr_line' id='line_1_63' title="bbox 2183 3287 3789 3395; baseline 0.004 -27"><span class='ocrx_word' id='word_1_452' title='bbox 2202 3287 2284 3384; x_wconf 70' lang='lat' dir='ltr'><strong>ll,</strong></span> <span class='ocrx_word' id='word_1_453' title='bbox 2316 3287 2666 3387; x_wconf 45' lang='lat' dir='ltr'><strong>lli—iamne</strong></span> <span class='ocrx_word' id='word_1_454' title='bbox 2685 3315 2949 3392; x_wconf 88' lang='lat' dir='ltr'><strong>utilitas,</strong></span> <span class='ocrx_word' id='word_1_455' title='bbox 2957 3315 3191 3392; x_wconf 69' lang='lat' dir='ltr'><strong>fratres</strong></span> <span class='ocrx_word' id='word_1_456' title='bbox 3206 3313 3412 3386; x_wconf 85' lang='lat' dir='ltr'><strong>mei,si</strong></span> <span class='ocrx_word' id='word_1_457' title='bbox 3429 3312 3607 3392; x_wconf 81' lang='lat' dir='ltr'><strong>ﬁdem</strong></span> <span class='ocrx_word' id='word_1_458' title='bbox 3628 3313 3789 3374; x_wconf 81' lang='lat' dir='ltr'><strong>dicat</strong></span> 
     </span>
    </p>
   </div>
   <div class='ocr_carea' id='block_1_64' title="bbox 396 3400 2046 3486">
    <p class='ocr_par' dir='ltr' id='par_1_64' title="bbox 396 3400 2046 3486">
     <span class='ocr_line' id='line_1_64' title="bbox 396 3400 2046 3486; baseline -0.002 -24"><span class='ocrx_word' id='word_1_459' title='bbox 396 3428 476 3470; x_wconf 72' lang='grc' dir='ltr'><strong>τις</strong></span> <span class='ocrx_word' id='word_1_460' title='bbox 507 3405 680 3486; x_wconf 72' lang='grc' dir='ltr'>ἔχειν,</span> <span class='ocrx_word' id='word_1_461' title='bbox 711 3403 839 3483; x_wconf 73' lang='grc' dir='ltr'>ἔργα</span> <span class='ocrx_word' id='word_1_462' title='bbox 887 3403 942 3460; x_wconf 85' lang='grc' dir='ltr'><strong>δέ</strong></span> <span class='ocrx_word' id='word_1_463' title='bbox 985 3407 1064 3480; x_wconf 80' lang='grc' dir='ltr'>μὴ</span> <span class='ocrx_word' id='word_1_464' title='bbox 1137 3403 1293 3484; x_wconf 69' lang='grc' dir='ltr'><strong>ἔχῃς</strong></span> <span class='ocrx_word' id='word_1_465' title='bbox 1356 3405 1446 3471; x_wconf 79' lang='grc' dir='ltr'><strong>Μὴ</strong></span> <span class='ocrx_word' id='word_1_466' title='bbox 1517 3400 1726 3460; x_wconf 82' lang='grc' dir='ltr'>δύναται</span> <span class='ocrx_word' id='word_1_467' title='bbox 1780 3405 1814 3471; x_wconf 77' lang='grc' dir='ltr'>ἡ</span> <span class='ocrx_word' id='word_1_468' title='bbox 1872 3403 2046 3486; x_wconf 77' lang='grc' dir='ltr'>πῖστις</span> 
     </span>
    </p>
   </div>
   <div class='ocr_carea' id='block_1_65' title="bbox 397 3485 2046 3575">
    <p class='ocr_par' dir='ltr' id='par_1_65' title="bbox 397 3485 2046 3575">
     <span class='ocr_line' id='line_1_65' title="bbox 397 3485 2046 3575; baseline -0.001 -25"><span class='ocrx_word' id='word_1_469' title='bbox 397 3485 573 3552; x_wconf 82' lang='grc' dir='ltr'>σῶσαι</span> <span class='ocrx_word' id='word_1_470' title='bbox 634 3494 833 3575; x_wconf 67' lang='grc' dir='ltr'>αὖτόνς</span> <span class='ocrx_word' id='word_1_471' title='bbox 883 3491 1007 3552; x_wconf 80' lang='grc' dir='ltr'>Ἐὰν</span> <span class='ocrx_word' id='word_1_472' title='bbox 1062 3492 1121 3549; x_wconf 82' lang='grc' dir='ltr'>δὲ</span> <span class='ocrx_word' id='word_1_473' title='bbox 1206 3491 1430 3575; x_wconf 78' lang='grc' dir='ltr'>ἀδελφὸς</span> <span class='ocrx_word' id='word_1_474' title='bbox 1482 3493 1519 3562; x_wconf 74' lang='grc' dir='ltr'>ἢ</span> <span class='ocrx_word' id='word_1_475' title='bbox 1589 3491 1788 3572; x_wconf 75' lang='grc' dir='ltr'>ἀδελφὴ</span> <span class='ocrx_word' id='word_1_476' title='bbox 1858 3485 2046 3571; x_wconf 89' lang='grc' dir='ltr'>γυμνοῖ</span> 
     </span>
    </p>
   </div>
   <div class='ocr_carea' id='block_1_66' title="bbox 395 3581 2041 3665">
    <p class='ocr_par' dir='ltr' id='par_1_66' title="bbox 395 3581 2041 3665">
     <span class='ocr_line' id='line_1_66' title="bbox 395 3581 2041 3665; baseline -0.004 -24"><span class='ocrx_word' id='word_1_477' title='bbox 395 3585 700 3665; x_wconf 77' lang='grc' dir='ltr'>ὑπάρχωσι,</span> <span class='ocrx_word' id='word_1_478' title='bbox 734 3585 821 3640; x_wconf 83' lang='grc' dir='ltr'>καὶ</span> <span class='ocrx_word' id='word_1_479' title='bbox 892 3583 1199 3660; x_wconf 80' lang='grc' dir='ltr'>λειπόμενοι</span> <span class='ocrx_word' id='word_1_480' title='bbox 1249 3587 1348 3641; x_wconf 85' lang='grc' dir='ltr'>ὦσι</span> <span class='ocrx_word' id='word_1_481' title='bbox 1412 3589 1509 3653; x_wconf 74' lang='grc' dir='ltr'><strong>τῆς</strong></span> <span class='ocrx_word' id='word_1_482' title='bbox 1581 3581 1844 3665; x_wconf 80' lang='grc' dir='ltr'>ἐφημέρου</span> <span class='ocrx_word' id='word_1_483' title='bbox 1914 3603 2041 3661; x_wconf 90' lang='grc' dir='ltr'>τρο-</span> 
     </span>
    </p>
   </div>
   <div class='ocr_carea' id='block_1_67' title="bbox 395 3663 2044 3754">
    <p class='ocr_par' dir='ltr' id='par_1_67' title="bbox 395 3663 2044 3754">
     <span class='ocr_line' id='line_1_67' title="bbox 395 3663 2044 3754; baseline -0.005 -21"><span class='ocrx_word' id='word_1_484' title='bbox 395 3663 574 3754; x_wconf 22' lang='grc' dir='ltr'><strong>φῆςςν</strong></span> <span class='ocrx_word' id='word_1_485' title='bbox 601 3671 734 3750; x_wconf 68' lang='grc' dir='ltr'>εἴπῃ</span> <span class='ocrx_word' id='word_1_486' title='bbox 792 3671 846 3730; x_wconf 77' lang='grc' dir='ltr'>δὲ</span> <span class='ocrx_word' id='word_1_487' title='bbox 899 3697 978 3738; x_wconf 89' lang='grc' dir='ltr'><strong>τις</strong></span> <span class='ocrx_word' id='word_1_488' title='bbox 1052 3673 1238 3737; x_wconf 76' lang='grc' dir='ltr'>αὐτοῖς</span> <span class='ocrx_word' id='word_1_489' title='bbox 1321 3673 1373 3740; x_wconf 68' lang='grc' dir='ltr'><strong>ἒξ</strong></span> <span class='ocrx_word' id='word_1_490' title='bbox 1428 3675 1596 3749; x_wconf 77' lang='grc' dir='ltr'>ὑμῶν,</span> <span class='ocrx_word' id='word_1_491' title='bbox 1675 3663 1930 3750; x_wconf 69' lang='grc' dir='ltr'>’Υπάγετε</span> <span class='ocrx_word' id='word_1_492' title='bbox 1990 3670 2044 3725; x_wconf 80' lang='grc' dir='ltr'>ἐν</span> 
     </span>
    </p>
   </div>
   <div class='ocr_carea' id='block_1_68' title="bbox 395 3758 2044 3843">
    <p class='ocr_par' dir='ltr' id='par_1_68' title="bbox 395 3758 2044 3843">
     <span class='ocr_line' id='line_1_68' title="bbox 395 3758 2044 3843; baseline -0.003 -23"><span class='ocrx_word' id='word_1_493' title='bbox 395 3766 602 3843; x_wconf 76' lang='grc' dir='ltr'>εἱρῆνῃ.</span> <span class='ocrx_word' id='word_1_494' title='bbox 675 3763 1007 3843; x_wconf 80' lang='grc' dir='ltr'>θερμαίνεσθε</span> <span class='ocrx_word' id='word_1_495' title='bbox 1077 3765 1163 3820; x_wconf 82' lang='grc' dir='ltr'><strong>καὶ</strong></span> <span class='ocrx_word' id='word_1_496' title='bbox 1234 3765 1556 3843; x_wconf 79' lang='grc' dir='ltr'>χορτάζεσθε</span> <span class='ocrx_word' id='word_1_497' title='bbox 1590 3778 1604 3792; x_wconf 81' lang='grc'><strong><em>⁸</em></strong></span> <span class='ocrx_word' id='word_1_498' title='bbox 1660 3762 1736 3836; x_wconf 74' lang='grc' dir='ltr'>μὴ</span> <span class='ocrx_word' id='word_1_499' title='bbox 1791 3758 1920 3816; x_wconf 70' lang='grc' dir='ltr'>δῶτε</span> <span class='ocrx_word' id='word_1_500' title='bbox 1989 3758 2044 3815; x_wconf 81' lang='grc' dir='ltr'>δὲ</span> 
     </span>
    </p>
   </div>
   <div class='ocr_carea' id='block_1_69' title="bbox 397 3848 2040 3930">
    <p class='ocr_par' dir='ltr' id='par_1_69' title="bbox 397 3848 2040 3930">
     <span class='ocr_line' id='line_1_69' title="bbox 397 3848 2040 3930; baseline -0.004 -19"><span class='ocrx_word' id='word_1_501' title='bbox 397 3859 578 3917; x_wconf 78' lang='grc' dir='ltr'>αὐτοῖς</span> <span class='ocrx_word' id='word_1_502' title='bbox 608 3853 675 3916; x_wconf 74' lang='grc' dir='ltr'><strong>τὰ</strong></span> <span class='ocrx_word' id='word_1_503' title='bbox 745 3851 1018 3924; x_wconf 80' lang='grc' dir='ltr'>ἐπιτήδεια</span> <span class='ocrx_word' id='word_1_504' title='bbox 1085 3860 1178 3910; x_wconf 80' lang='grc' dir='ltr'>τοῦ</span> <span class='ocrx_word' id='word_1_505' title='bbox 1250 3852 1518 3928; x_wconf 86' lang='grc' dir='ltr'>σώματος,</span> <span class='ocrx_word' id='word_1_506' title='bbox 1563 3851 1614 3906; x_wconf 89' lang='grc' dir='ltr'><strong>τί</strong></span> <span class='ocrx_word' id='word_1_507' title='bbox 1682 3853 1742 3906; x_wconf 79' lang='grc' dir='ltr'>τὸ</span> <span class='ocrx_word' id='word_1_508' title='bbox 1813 3848 2040 3930; x_wconf 78' lang='grc' dir='ltr'>ὄφελος;</span> 
     </span>
    </p>
   </div>
   <div class='ocr_carea' id='block_1_70' title="bbox 396 3938 2045 4021">
    <p class='ocr_par' dir='ltr' id='par_1_70' title="bbox 396 3938 2045 4021">
     <span class='ocr_line' id='line_1_70' title="bbox 396 3938 2045 4021; baseline -0.005 -20"><span class='ocrx_word' id='word_1_509' title='bbox 396 3944 547 4002; x_wconf 79' lang='grc' dir='ltr'>Οὕτω</span> <span class='ocrx_word' id='word_1_510' title='bbox 576 3945 662 4000; x_wconf 84' lang='grc' dir='ltr'>καὶ</span> <span class='ocrx_word' id='word_1_511' title='bbox 691 3945 726 4012; x_wconf 77' lang='grc' dir='ltr'>ἡ</span> <span class='ocrx_word' id='word_1_512' title='bbox 770 3944 969 4017; x_wconf 85' lang='grc' dir='ltr'>πίστις,</span> <span class='ocrx_word' id='word_1_513' title='bbox 1043 3941 1132 4000; x_wconf 80' lang='grc' dir='ltr'><strong>ἐὰν</strong></span> <span class='ocrx_word' id='word_1_514' title='bbox 1203 3943 1280 4017; x_wconf 78' lang='grc' dir='ltr'>μὴ</span> <span class='ocrx_word' id='word_1_515' title='bbox 1336 3941 1464 4020; x_wconf 79' lang='grc' dir='ltr'>ἔργα</span> <span class='ocrx_word' id='word_1_516' title='bbox 1521 3940 1648 4021; x_wconf 75' lang='grc' dir='ltr'><strong>ἔχῃ,</strong></span> <span class='ocrx_word' id='word_1_517' title='bbox 1723 3940 1878 4018; x_wconf 84' lang='grc' dir='ltr'>νεκρά</span> <span class='ocrx_word' id='word_1_518' title='bbox 1935 3938 2045 3996; x_wconf 78' lang='grc' dir='ltr'>ἔστι</span> 
     </span>
    </p>
   </div>
   <div class='ocr_carea' id='block_1_71' title="bbox 396 4022 2042 4108">
    <p class='ocr_par' dir='ltr' id='par_1_71' title="bbox 396 4022 2042 4108">
     <span class='ocr_line' id='line_1_71' title="bbox 396 4022 2042 4108; baseline -0.004 -18"><span class='ocrx_word' id='word_1_519' title='bbox 396 4022 515 4090; x_wconf 83' lang='grc' dir='ltr'>καθ’</span> <span class='ocrx_word' id='word_1_520' title='bbox 587 4033 803 4103; x_wconf 78' lang='grc' dir='ltr'>ἑαυτήν,</span> <span class='ocrx_word' id='word_1_521' title='bbox 877 4031 1028 4090; x_wconf 83' lang='grc' dir='ltr'>Ἀλλ’</span> <span class='ocrx_word' id='word_1_522' title='bbox 1099 4033 1223 4108; x_wconf 80' lang='grc' dir='ltr'>ἐμεῖ</span> <span class='ocrx_word' id='word_1_523' title='bbox 1281 4054 1360 4096; x_wconf 88' lang='grc' dir='ltr'><strong>τις</strong></span> <span class='ocrx_word' id='word_1_524' title='bbox 1409 4051 1422 4064; x_wconf 90' lang='grc'><strong>·</strong></span> <span class='ocrx_word' id='word_1_525' title='bbox 1485 4031 1558 4086; x_wconf 82' lang='grc' dir='ltr'>Σὺ</span> <span class='ocrx_word' id='word_1_526' title='bbox 1641 4029 1814 4086; x_wconf 89' lang='grc' dir='ltr'>πίστιν</span> <span class='ocrx_word' id='word_1_527' title='bbox 1871 4026 2042 4108; x_wconf 71' lang='grc' dir='ltr'>ἔχεις,</span> 
     </span>
    </p>
   </div>
   <div class='ocr_carea' id='block_1_72' title="bbox 397 4117 2048 4201">
    <p class='ocr_par' dir='ltr' id='par_1_72' title="bbox 397 4117 2048 4201">
     <span class='ocr_line' id='line_1_72' title="bbox 397 4117 2048 4201; baseline -0.001 -25"><span class='ocrx_word' id='word_1_528' title='bbox 397 4122 549 4199; x_wconf 79' lang='grc' dir='ltr'><strong>κάγὼ</strong></span> <span class='ocrx_word' id='word_1_529' title='bbox 596 4120 722 4200; x_wconf 81' lang='grc' dir='ltr'>ἔργα</span> <span class='ocrx_word' id='word_1_530' title='bbox 753 4121 892 4201; x_wconf 70' lang='grc' dir='ltr'>ἔχω.</span> <span class='ocrx_word' id='word_1_531' title='bbox 943 4121 1127 4188; x_wconf 77' lang='grc' dir='ltr'>Δετξόν</span> <span class='ocrx_word' id='word_1_532' title='bbox 1174 4143 1264 4197; x_wconf 86' lang='grc' dir='ltr'><strong>μοι</strong></span> <span class='ocrx_word' id='word_1_533' title='bbox 1333 4122 1431 4188; x_wconf 74' lang='grc' dir='ltr'><strong>τὴν</strong></span> <span class='ocrx_word' id='word_1_534' title='bbox 1488 4120 1664 4176; x_wconf 77' lang='grc' dir='ltr'>πίστιν</span> <span class='ocrx_word' id='word_1_535' title='bbox 1748 4138 1840 4173; x_wconf 87' lang='grc' dir='ltr'><strong>σου</strong></span> <span class='ocrx_word' id='word_1_536' title='bbox 1897 4117 2048 4194; x_wconf 75' lang='grc' dir='ltr'><strong>κάγὼ</strong></span> 
     </span>
    </p>
   </div>
   <div class='ocr_carea' id='block_1_73' title="bbox 396 4208 2042 4290">
    <p class='ocr_par' dir='ltr' id='par_1_73' title="bbox 396 4208 2042 4290">
     <span class='ocr_line' id='line_1_73' title="bbox 396 4208 2042 4290; baseline -0.003 -24"><span class='ocrx_word' id='word_1_537' title='bbox 396 4208 545 4276; x_wconf 81' lang='grc' dir='ltr'>δείξω</span> <span class='ocrx_word' id='word_1_538' title='bbox 601 4233 685 4267; x_wconf 88' lang='grc' dir='ltr'><strong>σοι</strong></span> <span class='ocrx_word' id='word_1_539' title='bbox 756 4211 818 4269; x_wconf 84' lang='grc' dir='ltr'>ἐκ</span> <span class='ocrx_word' id='word_1_540' title='bbox 902 4219 1007 4268; x_wconf 82' lang='grc' dir='ltr'>τῶν</span> <span class='ocrx_word' id='word_1_541' title='bbox 1076 4211 1249 4290; x_wconf 74' lang='grc' dir='ltr'>ἕαγων</span> <span class='ocrx_word' id='word_1_542' title='bbox 1323 4233 1424 4286; x_wconf 85' lang='grc' dir='ltr'><strong>μου</strong></span> <span class='ocrx_word' id='word_1_543' title='bbox 1505 4209 1602 4277; x_wconf 78' lang='grc' dir='ltr'>τὴν</span> <span class='ocrx_word' id='word_1_544' title='bbox 1672 4209 1849 4264; x_wconf 86' lang='grc' dir='ltr'>πίστιν</span> <span class='ocrx_word' id='word_1_545' title='bbox 1920 4229 2042 4282; x_wconf 88' lang='grc' dir='ltr'>μου,</span> 
     </span>
    </p>
   </div>
   <div class='ocr_carea' id='block_1_74' title="bbox 399 4296 2042 4373">
    <p class='ocr_par' dir='ltr' id='par_1_74' title="bbox 399 4296 2042 4373">
     <span class='ocr_line' id='line_1_74' title="bbox 399 4296 2042 4373; baseline 0.002 -17"><span class='ocrx_word' id='word_1_546' title='bbox 399 4301 472 4357; x_wconf 88' lang='grc' dir='ltr'><strong>Σὺ</strong></span> <span class='ocrx_word' id='word_1_547' title='bbox 513 4302 775 4366; x_wconf 83' lang='grc' dir='ltr'>πιστεύεις</span> <span class='ocrx_word' id='word_1_548' title='bbox 832 4300 912 4357; x_wconf 83' lang='grc' dir='ltr'><strong>ὅτι</strong></span> <span class='ocrx_word' id='word_1_549' title='bbox 956 4303 984 4358; x_wconf 87' lang='grc' dir='ltr'>ὁ</span> <span class='ocrx_word' id='word_1_550' title='bbox 1045 4304 1173 4365; x_wconf 83' lang='grc' dir='ltr'>Θεὸς</span> <span class='ocrx_word' id='word_1_551' title='bbox 1219 4302 1303 4364; x_wconf 72' lang='grc' dir='ltr'>εἷς</span> <span class='ocrx_word' id='word_1_552' title='bbox 1370 4299 1534 4373; x_wconf 76' lang='grc' dir='ltr'>ἕστις</span> <span class='ocrx_word' id='word_1_553' title='bbox 1596 4296 1785 4359; x_wconf 76' lang='grc' dir='ltr'><strong>Κὰλῶς</strong></span> <span class='ocrx_word' id='word_1_554' title='bbox 1841 4309 2042 4360; x_wconf 77' lang='grc' dir='ltr'>ποιεῖς.</span> 
     </span>
    </p>
   </div>
   <div class='ocr_carea' id='block_1_75' title="bbox 397 4388 1738 4470">
    <p class='ocr_par' dir='ltr' id='par_1_75' title="bbox 397 4388 1738 4470">
     <span class='ocr_line' id='line_1_75' title="bbox 397 4388 1738 4470; baseline -0.004 -23"><span class='ocrx_word' id='word_1_555' title='bbox 397 4391 495 4447; x_wconf 81' lang='grc' dir='ltr'>Καὶ</span> <span class='ocrx_word' id='word_1_556' title='bbox 536 4391 603 4448; x_wconf 82' lang='grc' dir='ltr'><strong>τὰ</strong></span> <span class='ocrx_word' id='word_1_557' title='bbox 631 4388 876 4466; x_wconf 80' lang='grc' dir='ltr'>δαιμόνια</span> <span class='ocrx_word' id='word_1_558' title='bbox 919 4391 1225 4448; x_wconf 78' lang='grc' dir='ltr'>πιστεῦουσι</span> <span class='ocrx_word' id='word_1_559' title='bbox 1259 4391 1348 4448; x_wconf 84' lang='grc' dir='ltr'><strong>καὶ</strong></span> <span class='ocrx_word' id='word_1_560' title='bbox 1376 4390 1672 4470; x_wconf 81' lang='grc' dir='ltr'>φρίσσουσι,</span> <span class='ocrx_word' id='word_1_561' title='bbox 1712 4411 1738 4441; x_wconf 75' lang='grc'><strong>»</strong></span> 
     </span>
    </p>
   </div>
   <div class='ocr_carea' id='block_1_76' title="bbox 2132 3394 3789 3482">
    <p class='ocr_par' dir='ltr' id='par_1_76' title="bbox 2132 3394 3789 3482">
     <span class='ocr_line' id='line_1_76' title="bbox 2132 3394 3789 3482; baseline 0.006 -27"><span class='ocrx_word' id='word_1_562' title='bbox 2132 3394 2362 3476; x_wconf 86' lang='lat' dir='ltr'><strong>aliquis</strong></span> <span class='ocrx_word' id='word_1_563' title='bbox 2380 3399 2606 3462; x_wconf 84' lang='lat' dir='ltr'><strong>habere</strong></span> <span class='ocrx_word' id='word_1_564' title='bbox 2624 3419 2710 3482; x_wconf 85' lang='lat' dir='ltr'><strong>se,</strong></span> <span class='ocrx_word' id='word_1_565' title='bbox 2735 3420 2920 3482; x_wconf 84' lang='lat' dir='ltr'><strong>opera</strong></span> <span class='ocrx_word' id='word_1_566' title='bbox 2936 3419 3074 3464; x_wconf 82' lang='lat' dir='ltr'><strong>vero</strong></span> <span class='ocrx_word' id='word_1_567' title='bbox 3089 3420 3215 3465; x_wconf 84' lang='lat' dir='ltr'><strong>non</strong></span> <span class='ocrx_word' id='word_1_568' title='bbox 3233 3402 3487 3465; x_wconf 83' lang='lat' dir='ltr'><strong>habeat?</strong></span> <span class='ocrx_word' id='word_1_569' title='bbox 3509 3400 3665 3464; x_wconf 83' lang='lat' dir='ltr'><strong>Num</strong></span> <span class='ocrx_word' id='word_1_570' title='bbox 3682 3420 3789 3481; x_wconf 85' lang='lat' dir='ltr'><strong>po-</strong></span> 
     </span>
    </p>
   </div>
   <div class='ocr_carea' id='block_1_77' title="bbox 2133 3486 3788 3570">
    <p class='ocr_par' dir='ltr' id='par_1_77' title="bbox 2133 3486 3788 3570">
     <span class='ocr_line' id='line_1_77' title="bbox 2133 3486 3788 3570; baseline 0.004 -24"><span class='ocrx_word' id='word_1_571' title='bbox 2133 3493 2240 3547; x_wconf 83' lang='lat' dir='ltr'><strong>test</strong></span> <span class='ocrx_word' id='word_1_572' title='bbox 2262 3486 2418 3566; x_wconf 82' lang='lat' dir='ltr'><strong>ﬁdes</strong></span> <span class='ocrx_word' id='word_1_573' title='bbox 2431 3489 2664 3552; x_wconf 85' lang='lat' dir='ltr'><strong>salvum</strong></span> <span class='ocrx_word' id='word_1_574' title='bbox 2700 3493 2901 3568; x_wconf 85' lang='lat' dir='ltr'><strong>facere</strong></span> <span class='ocrx_word' id='word_1_575' title='bbox 2925 3492 3098 3555; x_wconf 86' lang='lat' dir='ltr'><strong>ittum</strong></span> <span class='ocrx_word' id='word_1_576' title='bbox 3117 3495 3145 3552; x_wconf 86' lang='lat'><em>?</em></span> <span class='ocrx_word' id='word_1_577' title='bbox 3184 3491 3352 3566; x_wconf 80' lang='lat' dir='ltr'><strong>Quod</strong></span> <span class='ocrx_word' id='word_1_578' title='bbox 3371 3492 3428 3553; x_wconf 85' lang='lat' dir='ltr'><strong>si</strong></span> <span class='ocrx_word' id='word_1_579' title='bbox 3459 3493 3658 3570; x_wconf 85' lang='lat' dir='ltr'><strong>frater</strong></span> <span class='ocrx_word' id='word_1_580' title='bbox 3684 3500 3788 3553; x_wconf 87' lang='lat' dir='ltr'><strong>aut</strong></span> 
     </span>
    </p>
   </div>
   <div class='ocr_carea' id='block_1_78' title="bbox 2125 3579 3784 3661">
    <p class='ocr_par' dir='ltr' id='par_1_78' title="bbox 2125 3579 3784 3661">
     <span class='ocr_line' id='line_1_78' title="bbox 2125 3579 3784 3661; baseline 0.005 -27"><span class='ocrx_word' id='word_1_581' title='bbox 2125 3592 2302 3637; x_wconf 83' lang='lat' dir='ltr'><strong>soror</strong></span> <span class='ocrx_word' id='word_1_582' title='bbox 2323 3579 2475 3640; x_wconf 79' lang='lat' dir='ltr'><strong>nudi</strong></span> <span class='ocrx_word' id='word_1_583' title='bbox 2484 3579 2806 3660; x_wconf 84' lang='lat' dir='ltr'><strong>fuerint,et</strong></span> <span class='ocrx_word' id='word_1_584' title='bbox 2825 3590 3059 3661; x_wconf 83' lang='lat' dir='ltr'><strong>egentes</strong></span> <span class='ocrx_word' id='word_1_585' title='bbox 3074 3587 3197 3644; x_wconf 85' lang='lat' dir='ltr'><strong>sint</strong></span> <span class='ocrx_word' id='word_1_586' title='bbox 3217 3582 3575 3660; x_wconf 84' lang='lat' dir='ltr'><strong>quotidiana</strong></span> <span class='ocrx_word' id='word_1_587' title='bbox 3599 3586 3784 3654; x_wconf 85' lang='lat' dir='ltr'><strong>victu,</strong></span> 
     </span>
    </p>
   </div>
   <div class='ocr_carea' id='block_1_79' title="bbox 2128 3662 3783 3749">
    <p class='ocr_par' dir='ltr' id='par_1_79' title="bbox 2128 3662 3783 3749">
     <span class='ocr_line' id='line_1_79' title="bbox 2128 3662 3783 3749; baseline 0.005 -26"><span class='ocrx_word' id='word_1_588' title='bbox 2128 3662 2290 3728; x_wconf 87' lang='lat' dir='ltr'><strong>dicat</strong></span> <span class='ocrx_word' id='word_1_589' title='bbox 2309 3673 2506 3729; x_wconf 88' lang='lat' dir='ltr'><strong>autem</strong></span> <span class='ocrx_word' id='word_1_590' title='bbox 2533 3667 2756 3747; x_wconf 78' lang='lat' dir='ltr'><strong>aliquis</strong></span> <span class='ocrx_word' id='word_1_591' title='bbox 2775 3677 3040 3732; x_wconf 85' lang='lat' dir='ltr'><strong>vestrum</strong></span> <span class='ocrx_word' id='word_1_592' title='bbox 3057 3669 3181 3732; x_wconf 83' lang='lat' dir='ltr'><strong>illis</strong></span> <span class='ocrx_word' id='word_1_593' title='bbox 3204 3692 3217 3729; x_wconf 89' lang='lat'><strong>:</strong></span> <span class='ocrx_word' id='word_1_594' title='bbox 3240 3669 3418 3732; x_wconf 86' lang='lat' dir='ltr'><strong>Abite</strong></span> <span class='ocrx_word' id='word_1_595' title='bbox 3447 3688 3583 3732; x_wconf 86' lang='lat' dir='ltr'><strong>eum</strong></span> <span class='ocrx_word' id='word_1_596' title='bbox 3610 3687 3783 3749; x_wconf 85' lang='lat' dir='ltr'><strong>pace,</strong></span> 
     </span>
    </p>
   </div>
   <div class='ocr_carea' id='block_1_80' title="bbox 2129 3751 3788 3840">
    <p class='ocr_par' dir='ltr' id='par_1_80' title="bbox 2129 3751 3788 3840">
     <span class='ocr_line' id='line_1_80' title="bbox 2129 3751 3788 3840; baseline 0.005 -28"><span class='ocrx_word' id='word_1_597' title='bbox 2129 3751 2399 3818; x_wconf 84' lang='lat' dir='ltr'><strong>calescite</strong></span> <span class='ocrx_word' id='word_1_598' title='bbox 2417 3762 2996 3833; x_wconf 67' lang='lat' dir='ltr'><strong>etsatureminimec</strong></span> <span class='ocrx_word' id='word_1_599' title='bbox 3015 3768 3228 3820; x_wconf 84' lang='lat' dir='ltr'><strong>tamen</strong></span> <span class='ocrx_word' id='word_1_600' title='bbox 3247 3759 3536 3820; x_wconf 81' lang='lat' dir='ltr'><strong>dederitis</strong></span> <span class='ocrx_word' id='word_1_601' title='bbox 3557 3761 3788 3840; x_wconf 82' lang='lat' dir='ltr'><strong>eisquce</strong></span> 
     </span>
    </p>
   </div>
   <div class='ocr_carea' id='block_1_81' title="bbox 2129 3847 3789 3927">
    <p class='ocr_par' dir='ltr' id='par_1_81' title="bbox 2129 3847 3789 3927">
     <span class='ocr_line' id='line_1_81' title="bbox 2129 3847 3789 3927; baseline 0.005 -26"><span class='ocrx_word' id='word_1_602' title='bbox 2129 3849 2467 3906; x_wconf 84' lang='lat' dir='ltr'><strong>necessaria</strong></span> <span class='ocrx_word' id='word_1_603' title='bbox 2495 3857 2639 3908; x_wconf 87' lang='lat' dir='ltr'><strong>sunt</strong></span> <span class='ocrx_word' id='word_1_604' title='bbox 2661 3853 3065 3927; x_wconf 72' lang='lat' dir='ltr'><strong>corpori,quae</strong></span> <span class='ocrx_word' id='word_1_605' title='bbox 3082 3849 3200 3910; x_wconf 82' lang='lat' dir='ltr'><strong>erit</strong></span> <span class='ocrx_word' id='word_1_606' title='bbox 3221 3847 3500 3910; x_wconf 79' lang='lat' dir='ltr'><strong>utilitas?</strong></span> <span class='ocrx_word' id='word_1_607' title='bbox 3519 3847 3652 3907; x_wconf 68' lang='grc'><strong>457</strong></span> <span class='ocrx_word' id='word_1_608' title='bbox 3680 3848 3789 3910; x_wconf 79' lang='lat' dir='ltr'><strong>Sic</strong></span> 
     </span>
    </p>
   </div>
   <div class='ocr_carea' id='block_1_82' title="bbox 2129 3933 3780 4018">
    <p class='ocr_par' dir='ltr' id='par_1_82' title="bbox 2129 3933 3780 4018">
     <span class='ocr_line' id='line_1_82' title="bbox 2129 3933 3780 4018; baseline 0.005 -29"><span class='ocrx_word' id='word_1_609' title='bbox 2129 3938 2184 3992; x_wconf 89' lang='lat' dir='ltr'><strong>et</strong></span> <span class='ocrx_word' id='word_1_610' title='bbox 2207 3933 2422 4008; x_wconf 61' lang='lat' dir='ltr'><strong>ﬁdesjsi</strong></span> <span class='ocrx_word' id='word_1_611' title='bbox 2454 3953 2639 4014; x_wconf 84' lang='lat' dir='ltr'><strong>opera</strong></span> <span class='ocrx_word' id='word_1_612' title='bbox 2674 3954 2797 3998; x_wconf 83' lang='lat' dir='ltr'><strong>non</strong></span> <span class='ocrx_word' id='word_1_613' title='bbox 2834 3936 3140 4011; x_wconf 81' lang='lat' dir='ltr'><strong>habuerit,</strong></span> <span class='ocrx_word' id='word_1_614' title='bbox 3183 3943 3425 3998; x_wconf 83' lang='lat' dir='ltr'><strong>mortua</strong></span> <span class='ocrx_word' id='word_1_615' title='bbox 3449 3943 3532 3999; x_wconf 82' lang='lat' dir='ltr'><strong>est</strong></span> <span class='ocrx_word' id='word_1_616' title='bbox 3561 3955 3671 4018; x_wconf 86' lang='lat' dir='ltr'><strong>per</strong></span> <span class='ocrx_word' id='word_1_617' title='bbox 3698 3955 3780 3999; x_wconf 88' lang='lat' dir='ltr'><strong>se.</strong></span> 
     </span>
    </p>
   </div>
   <div class='ocr_carea' id='block_1_83' title="bbox 2127 4018 3782 4107">
    <p class='ocr_par' dir='ltr' id='par_1_83' title="bbox 2127 4018 3782 4107">
     <span class='ocr_line' id='line_1_83' title="bbox 2127 4018 3782 4107; baseline 0.004 -27"><span class='ocrx_word' id='word_1_618' title='bbox 2127 4018 2254 4081; x_wconf 89' lang='lat' dir='ltr'><strong>Sed</strong></span> <span class='ocrx_word' id='word_1_619' title='bbox 2268 4023 2418 4085; x_wconf 81' lang='lat' dir='ltr'><strong>dicet</strong></span> <span class='ocrx_word' id='word_1_620' title='bbox 2443 4026 2668 4103; x_wconf 73' lang='lat' dir='ltr'><strong>aliquis</strong></span> <span class='ocrx_word' id='word_1_621' title='bbox 2696 4042 2708 4086; x_wconf 79' lang='grc' dir='ltr'>ε</span> <span class='ocrx_word' id='word_1_622' title='bbox 2740 4024 2826 4087; x_wconf 86' lang='lat' dir='ltr'><strong>Tu</strong></span> <span class='ocrx_word' id='word_1_623' title='bbox 2847 4025 3029 4105; x_wconf 76' lang='lat' dir='ltr'><strong>ﬁdem</strong></span> <span class='ocrx_word' id='word_1_624' title='bbox 3049 4024 3319 4107; x_wconf 82' lang='lat' dir='ltr'><strong>hubes,et</strong></span> <span class='ocrx_word' id='word_1_625' title='bbox 3340 4044 3449 4104; x_wconf 86' lang='lat' dir='ltr'><strong>ego</strong></span> <span class='ocrx_word' id='word_1_626' title='bbox 3469 4044 3647 4106; x_wconf 81' lang='lat' dir='ltr'><strong>Opera</strong></span> <span class='ocrx_word' id='word_1_627' title='bbox 3665 4025 3782 4087; x_wconf 87' lang='lat' dir='ltr'><strong>ha-</strong></span> 
     </span>
    </p>
   </div>
   <div class='ocr_carea' id='block_1_84' title="bbox 2129 4109 3787 4195">
    <p class='ocr_par' dir='ltr' id='par_1_84' title="bbox 2129 4109 3787 4195">
     <span class='ocr_line' id='line_1_84' title="bbox 2129 4109 3787 4195; baseline 0.004 -23"><span class='ocrx_word' id='word_1_628' title='bbox 2129 4109 2232 4173; x_wconf 88' lang='lat' dir='ltr'><strong>beo</strong></span> <span class='ocrx_word' id='word_1_629' title='bbox 2260 4132 2273 4170; x_wconf 89' lang='lat'><strong>:</strong></span> <span class='ocrx_word' id='word_1_630' title='bbox 2298 4115 2536 4176; x_wconf 86' lang='lat' dir='ltr'><strong>ostende</strong></span> <span class='ocrx_word' id='word_1_631' title='bbox 2553 4115 2709 4176; x_wconf 83' lang='lat' dir='ltr'><strong>mihi</strong></span> <span class='ocrx_word' id='word_1_632' title='bbox 2726 4115 2907 4195; x_wconf 81' lang='lat' dir='ltr'><strong>ﬁdem</strong></span> <span class='ocrx_word' id='word_1_633' title='bbox 2932 4123 3192 4191; x_wconf 87' lang='lat' dir='ltr'><strong>tuam,et</strong></span> <span class='ocrx_word' id='word_1_634' title='bbox 3213 4133 3326 4195; x_wconf 88' lang='lat' dir='ltr'><strong>ego</strong></span> <span class='ocrx_word' id='word_1_635' title='bbox 3345 4117 3653 4178; x_wconf 80' lang='lat' dir='ltr'><strong>ostendam</strong></span> <span class='ocrx_word' id='word_1_636' title='bbox 3676 4116 3787 4178; x_wconf 70' lang='lat' dir='ltr'><strong>tibi</strong></span> 
     </span>
    </p>
   </div>
   <div class='ocr_carea' id='block_1_85' title="bbox 2127 4202 3784 4284">
    <p class='ocr_par' dir='ltr' id='par_1_85' title="bbox 2127 4202 3784 4284">
     <span class='ocr_line' id='line_1_85' title="bbox 2127 4202 3784 4284; baseline 0.004 -22"><span class='ocrx_word' id='word_1_637' title='bbox 2127 4218 2203 4262; x_wconf 79' lang='lat' dir='ltr'><strong>ea:</strong></span> <span class='ocrx_word' id='word_1_638' title='bbox 2221 4202 2402 4279; x_wconf 85' lang='lat' dir='ltr'><strong>factis</strong></span> <span class='ocrx_word' id='word_1_639' title='bbox 2444 4205 2593 4265; x_wconf 79' lang='lat' dir='ltr'><strong>meis</strong></span> <span class='ocrx_word' id='word_1_640' title='bbox 2620 4204 2801 4284; x_wconf 82' lang='lat' dir='ltr'><strong>ﬁdem</strong></span> <span class='ocrx_word' id='word_1_641' title='bbox 2829 4222 3047 4267; x_wconf 88' lang='lat' dir='ltr'><strong>meam.</strong></span> <span class='ocrx_word' id='word_1_642' title='bbox 3093 4207 3177 4266; x_wconf 89' lang='lat' dir='ltr'><strong>’l‘u</strong></span> <span class='ocrx_word' id='word_1_643' title='bbox 3207 4205 3405 4268; x_wconf 82' lang='lat' dir='ltr'><strong>credis</strong></span> <span class='ocrx_word' id='word_1_644' title='bbox 3439 4205 3594 4284; x_wconf 82' lang='lat' dir='ltr'><strong>quod</strong></span> <span class='ocrx_word' id='word_1_645' title='bbox 3629 4205 3784 4268; x_wconf 85' lang='lat' dir='ltr'><strong>Deus</strong></span> 
     </span>
    </p>
   </div>
   <div class='ocr_carea' id='block_1_86' title="bbox 2127 4291 3784 4372">
    <p class='ocr_par' dir='ltr' id='par_1_86' title="bbox 2127 4291 3784 4372">
     <span class='ocr_line' id='line_1_86' title="bbox 2127 4291 3784 4372; baseline 0.004 -21"><span class='ocrx_word' id='word_1_646' title='bbox 2127 4307 2287 4352; x_wconf 86' lang='lat' dir='ltr'><strong>unus</strong></span> <span class='ocrx_word' id='word_1_647' title='bbox 2317 4295 2453 4355; x_wconf 79' lang='lat' dir='ltr'><strong>est?</strong></span> <span class='ocrx_word' id='word_1_648' title='bbox 2509 4291 2693 4355; x_wconf 86' lang='lat' dir='ltr'><strong>Recte</strong></span> <span class='ocrx_word' id='word_1_649' title='bbox 2720 4295 2914 4372; x_wconf 82' lang='lat' dir='ltr'><strong>facis:</strong></span> <span class='ocrx_word' id='word_1_650' title='bbox 2967 4303 3021 4356; x_wconf 88' lang='lat' dir='ltr'><strong>et</strong></span> <span class='ocrx_word' id='word_1_651' title='bbox 3069 4295 3371 4357; x_wconf 66' lang='lat' dir='ltr'><strong>daemonia</strong></span> <span class='ocrx_word' id='word_1_652' title='bbox 3427 4294 3680 4357; x_wconf 73' lang='lat' dir='ltr'><strong>credunt</strong></span> <span class='ocrx_word' id='word_1_653' title='bbox 3710 4313 3784 4359; x_wconf 85' lang='lat' dir='ltr'><strong>ac</strong></span> 
     </span>
    </p>
   </div>
   <div class='ocr_carea' id='block_1_87' title="bbox 2126 4383 2611 4447">
    <p class='ocr_par' dir='ltr' id='par_1_87' title="bbox 2126 4383 2611 4447">
     <span class='ocr_line' id='line_1_87' title="bbox 2126 4383 2611 4447; baseline -0.002 -5"><span class='ocrx_word' id='word_1_654' title='bbox 2126 4383 2611 4447; x_wconf 81' lang='lat' dir='ltr'><strong>contremiscunt.</strong></span> 
     </span>
    </p>
   </div>
   <div class='ocr_carea' id='block_1_88' title="bbox 475 4469 2046 4556">
    <p class='ocr_par' dir='ltr' id='par_1_88' title="bbox 475 4475 2038 4556">
     <span class='ocr_line' id='line_1_88' title="bbox 475 4475 2038 4556; baseline -0.004 -21"><span class='ocrx_word' id='word_1_655' title='bbox 475 4479 672 4536; x_wconf 73' lang='grc' dir='ltr'>Σκόπει</span> <span class='ocrx_word' id='word_1_656' title='bbox 701 4481 1063 4555; x_wconf 75' lang='grc' dir='ltr'>πνευματικὴν</span> <span class='ocrx_word' id='word_1_657' title='bbox 1113 4481 1346 4545; x_wconf 88' lang='grc' dir='ltr'>σύνεσιν,</span> <span class='ocrx_word' id='word_1_658' title='bbox 1391 4479 1464 4537; x_wconf 69' lang='grc' dir='ltr'><strong>Οὔ</strong></span> <span class='ocrx_word' id='word_1_659' title='bbox 1517 4478 1616 4556; x_wconf 83' lang='grc' dir='ltr'><strong>γὰρ</strong></span> <span class='ocrx_word' id='word_1_660' title='bbox 1674 4487 1798 4535; x_wconf 77' lang='grc' dir='ltr'>εὐπε</span> <span class='ocrx_word' id='word_1_661' title='bbox 1855 4475 2038 4551; x_wconf 81' lang='grc' dir='ltr'>μόνον,</span> 
     </span>
    </p>
   </div>
   <div class='ocr_carea' id='block_1_89' title="bbox 2130 4469 3784 4556">
    <p class='ocr_par' dir='ltr' id='par_1_89' title="bbox 2163 4469 3784 4554">
     <span class='ocr_line' id='line_1_89' title="bbox 2163 4469 3784 4554; baseline 0.002 -24"><span class='ocrx_word' id='word_1_662' title='bbox 2163 4469 2606 4546; x_wconf 61' lang='lat' dir='ltr'><strong>{Animadverte</strong></span> <span class='ocrx_word' id='word_1_663' title='bbox 2622 4473 2990 4554; x_wconf 79' lang='lat' dir='ltr'><strong>spiritualem</strong></span> <span class='ocrx_word' id='word_1_664' title='bbox 3005 4472 3784 4554; x_wconf 87' lang='lat' dir='ltr'><strong>intellectum.Nequeenim</strong></span> 
     </span>
    </p>
   </div>
   <div class='ocr_carea' id='block_1_90' title="bbox 392 4560 2039 4651">
    <p class='ocr_par' dir='ltr' id='par_1_90' title="bbox 392 4560 2039 4651">
     <span class='ocr_line' id='line_1_90' title="bbox 392 4560 2039 4651; baseline -0.003 -27"><span class='ocrx_word' id='word_1_665' title='bbox 392 4567 518 4624; x_wconf 84' lang='grc' dir='ltr'><strong>Ἐὰν</strong></span> <span class='ocrx_word' id='word_1_666' title='bbox 546 4568 722 4625; x_wconf 89' lang='grc' dir='ltr'>πίστιν</span> <span class='ocrx_word' id='word_1_667' title='bbox 754 4568 914 4649; x_wconf 77' lang='grc' dir='ltr'><strong>ἔχῃς³</strong></span> <span class='ocrx_word' id='word_1_668' title='bbox 949 4568 1109 4643; x_wconf 78' lang='grc' dir='ltr'>ἀλλὰ,</span> <span class='ocrx_word' id='word_1_669' title='bbox 1142 4570 1203 4627; x_wconf 89' lang='grc' dir='ltr'>Τί</span> <span class='ocrx_word' id='word_1_670' title='bbox 1243 4571 1304 4627; x_wconf 79' lang='grc' dir='ltr'>τὸ</span> <span class='ocrx_word' id='word_1_671' title='bbox 1329 4567 1518 4651; x_wconf 58' lang='grc' dir='ltr'>ὀὶρελος</span> <span class='ocrx_word' id='word_1_672' title='bbox 1546 4587 1562 4644; x_wconf 85' lang='grc'><strong>;</strong></span> <span class='ocrx_word' id='word_1_673' title='bbox 1598 4560 1842 4643; x_wconf 70' lang='grc' dir='ltr'>Ὠσπερει</span> <span class='ocrx_word' id='word_1_674' title='bbox 1867 4564 2039 4642; x_wconf 77' lang='grc' dir='ltr'>ἔλεγε·</span> 
     </span>
    </p>
   </div>
   <div class='ocr_carea' id='block_1_91' title="bbox 395 4655 2040 4739">
    <p class='ocr_par' dir='ltr' id='par_1_91' title="bbox 395 4655 2040 4739">
     <span class='ocr_line' id='line_1_91' title="bbox 395 4655 2040 4739; baseline -0.002 -26"><span class='ocrx_word' id='word_1_675' title='bbox 395 4655 579 4722; x_wconf 78' lang='grc' dir='ltr'>Δετξόν</span> <span class='ocrx_word' id='word_1_676' title='bbox 612 4673 700 4734; x_wconf 82' lang='grc' dir='ltr'><strong>μοι</strong></span> <span class='ocrx_word' id='word_1_677' title='bbox 729 4660 790 4714; x_wconf 85' lang='grc' dir='ltr'>τὸ</span> <span class='ocrx_word' id='word_1_678' title='bbox 821 4666 1062 4739; x_wconf 80' lang='grc' dir='ltr'>πρᾶγμα,</span> <span class='ocrx_word' id='word_1_679' title='bbox 1108 4658 1199 4739; x_wconf 83' lang='grc' dir='ltr'><strong>ἀφ’</strong></span> <span class='ocrx_word' id='word_1_680' title='bbox 1272 4661 1332 4715; x_wconf 80' lang='grc' dir='ltr'>οὗ</span> <span class='ocrx_word' id='word_1_681' title='bbox 1399 4681 1482 4714; x_wconf 92' lang='grc' dir='ltr'><strong>σοι</strong></span> <span class='ocrx_word' id='word_1_682' title='bbox 1540 4659 1639 4725; x_wconf 79' lang='grc' dir='ltr'><strong>την</strong></span> <span class='ocrx_word' id='word_1_683' title='bbox 1694 4655 2040 4734; x_wconf 80' lang='grc' dir='ltr'>προσεγορίαν</span> 
     </span>
    </p>
   </div>
   <div class='ocr_carea' id='block_1_92' title="bbox 390 4744 2038 4826">
    <p class='ocr_par' dir='ltr' id='par_1_92' title="bbox 390 4744 2038 4826">
     <span class='ocr_line' id='line_1_92' title="bbox 390 4744 2038 4826; baseline -0.002 -24"><span class='ocrx_word' id='word_1_684' title='bbox 390 4747 587 4815; x_wconf 86' lang='grc' dir='ltr'>ταύτην</span> <span class='ocrx_word' id='word_1_685' title='bbox 655 4746 969 4826; x_wconf 84' lang='grc' dir='ltr'>λογίσομαι.</span> <span class='ocrx_word' id='word_1_686' title='bbox 1031 4747 1195 4807; x_wconf 72' lang='grc' dir='ltr'>Τοῦτο</span> <span class='ocrx_word' id='word_1_687' title='bbox 1229 4749 1328 4826; x_wconf 83' lang='grc' dir='ltr'><strong>γὰρ</strong></span> <span class='ocrx_word' id='word_1_688' title='bbox 1366 4749 1427 4804; x_wconf 78' lang='grc' dir='ltr'>τὸ</span> <span class='ocrx_word' id='word_1_689' title='bbox 1483 4752 1582 4815; x_wconf 78' lang='grc' dir='ltr'>τῆς</span> <span class='ocrx_word' id='word_1_690' title='bbox 1626 4746 1852 4808; x_wconf 89' lang='grc' dir='ltr'>πίστεως</span> <span class='ocrx_word' id='word_1_691' title='bbox 1909 4744 2038 4823; x_wconf 75' lang='grc' dir='ltr'>ὄφε-</span> 
     </span>
    </p>
   </div>
   <div class='ocr_carea' id='block_1_93' title="bbox 390 4833 2042 4919">
    <p class='ocr_par' dir='ltr' id='par_1_93' title="bbox 390 4833 2042 4919">
     <span class='ocr_line' id='line_1_93' title="bbox 390 4833 2042 4919; baseline -0.002 -27"><span class='ocrx_word' id='word_1_692' title='bbox 390 4835 501 4901; x_wconf 77' lang='grc' dir='ltr'>λος.</span> <span class='ocrx_word' id='word_1_693' title='bbox 536 4859 563 4890; x_wconf 74' lang='grc' dir='ltr'><strong>α</strong></span> <span class='ocrx_word' id='word_1_694' title='bbox 599 4835 751 4894; x_wconf 74' lang='grc' dir='ltr'>Οὕτω</span> <span class='ocrx_word' id='word_1_695' title='bbox 781 4839 868 4894; x_wconf 79' lang='grc' dir='ltr'><strong>καὶ</strong></span> <span class='ocrx_word' id='word_1_696' title='bbox 898 4844 932 4907; x_wconf 76' lang='grc' dir='ltr'>ἡ</span> <span class='ocrx_word' id='word_1_697' title='bbox 963 4837 1162 4919; x_wconf 69' lang='grc' dir='ltr'>πίστις,</span> <span class='ocrx_word' id='word_1_698' title='bbox 1236 4839 1326 4894; x_wconf 75' lang='grc' dir='ltr'>ἐὰν</span> <span class='ocrx_word' id='word_1_699' title='bbox 1371 4838 1449 4914; x_wconf 74' lang='grc' dir='ltr'>μὴ</span> <span class='ocrx_word' id='word_1_700' title='bbox 1507 4835 1635 4915; x_wconf 72' lang='grc' dir='ltr'>ἔργα</span> <span class='ocrx_word' id='word_1_701' title='bbox 1692 4833 1824 4914; x_wconf 75' lang='grc' dir='ltr'><strong>ἔχῃ,</strong></span> <span class='ocrx_word' id='word_1_702' title='bbox 1885 4833 2042 4911; x_wconf 83' lang='grc' dir='ltr'>νεκρά</span> 
     </span>
    </p>
   </div>
   <div class='ocr_carea' id='block_1_94' title="bbox 387 4925 2038 5008">
    <p class='ocr_par' dir='ltr' id='par_1_94' title="bbox 387 4925 2038 5008">
     <span class='ocr_line' id='line_1_94' title="bbox 387 4925 2038 5008; baseline -0.002 -27"><span class='ocrx_word' id='word_1_703' title='bbox 387 4925 497 4982; x_wconf 76' lang='grc' dir='ltr'>ἔστι</span> <span class='ocrx_word' id='word_1_704' title='bbox 539 4927 656 4982; x_wconf 76' lang='grc' dir='ltr'>καθ’</span> <span class='ocrx_word' id='word_1_705' title='bbox 688 4925 903 4996; x_wconf 73' lang='grc' dir='ltr'>ἑαυτήν.</span> <span class='ocrx_word' id='word_1_706' title='bbox 939 4946 968 4986; x_wconf 83' lang='grc'><strong>)</strong></span> <span class='ocrx_word' id='word_1_707' title='bbox 1003 4930 1112 4986; x_wconf 71' lang='grc' dir='ltr'>Οὐκ</span> <span class='ocrx_word' id='word_1_708' title='bbox 1152 4928 1458 5008; x_wconf 75' lang='grc' dir='ltr'>ἀντιφάσκει</span> <span class='ocrx_word' id='word_1_709' title='bbox 1505 4947 1670 4982; x_wconf 85' lang='grc' dir='ltr'>ταυτα</span> <span class='ocrx_word' id='word_1_710' title='bbox 1711 4931 1789 4999; x_wconf 85' lang='grc' dir='ltr'>τῷ</span> <span class='ocrx_word' id='word_1_711' title='bbox 1858 4944 2038 4998; x_wconf 80' lang='grc' dir='ltr'>μακα-</span> 
     </span>
    </p>
   </div>
   <div class='ocr_carea' id='block_1_95' title="bbox 387 5012 2039 5094">
    <p class='ocr_par' dir='ltr' id='par_1_95' title="bbox 387 5012 2039 5094">
     <span class='ocr_line' id='line_1_95' title="bbox 387 5012 2039 5094; baseline 0.003 -24"><span class='ocrx_word' id='word_1_712' title='bbox 387 5017 480 5092; x_wconf 79' lang='grc' dir='ltr'>ρίῳ</span> <span class='ocrx_word' id='word_1_713' title='bbox 511 5014 726 5090; x_wconf 79' lang='grc' dir='ltr'>Παύλῳ,</span> <span class='ocrx_word' id='word_1_714' title='bbox 759 5017 895 5075; x_wconf 75' lang='grc' dir='ltr'>κατὰ</span> <span class='ocrx_word' id='word_1_715' title='bbox 939 5016 1030 5073; x_wconf 89' lang='grc' dir='ltr'><strong>δύο</strong></span> <span class='ocrx_word' id='word_1_716' title='bbox 1078 5017 1492 5094; x_wconf 80' lang='grc' dir='ltr'>σημαινομένων</span> <span class='ocrx_word' id='word_1_717' title='bbox 1524 5025 1617 5074; x_wconf 79' lang='grc' dir='ltr'>τοῦ</span> <span class='ocrx_word' id='word_1_718' title='bbox 1678 5019 1778 5081; x_wconf 74' lang='grc' dir='ltr'><strong>τῆς</strong></span> <span class='ocrx_word' id='word_1_719' title='bbox 1811 5012 2039 5075; x_wconf 77' lang='grc' dir='ltr'>πίστεως</span> 
     </span>
    </p>
   </div>
   <div class='ocr_carea' id='block_1_96' title="bbox 384 5101 2038 5185">
    <p class='ocr_par' dir='ltr' id='par_1_96' title="bbox 384 5101 2038 5185">
     <span class='ocr_line' id='line_1_96' title="bbox 384 5101 2038 5185; baseline -0.003 -24"><span class='ocrx_word' id='word_1_720' title='bbox 384 5105 642 5180; x_wconf 85' lang='grc' dir='ltr'>ὸνόματος</span> <span class='ocrx_word' id='word_1_721' title='bbox 697 5105 1012 5185; x_wconf 83' lang='grc' dir='ltr'>φερομένου.</span> <span class='ocrx_word' id='word_1_722' title='bbox 1075 5104 1197 5164; x_wconf 84' lang='grc' dir='ltr'>Ἐπί</span> <span class='ocrx_word' id='word_1_723' title='bbox 1251 5129 1309 5163; x_wconf 88' lang='grc' dir='ltr'><strong>τε</strong></span> <span class='ocrx_word' id='word_1_724' title='bbox 1365 5108 1465 5185; x_wconf 84' lang='grc' dir='ltr'>γὰρ</span> <span class='ocrx_word' id='word_1_725' title='bbox 1526 5106 1625 5171; x_wconf 74' lang='grc' dir='ltr'>τῆς</span> <span class='ocrx_word' id='word_1_726' title='bbox 1698 5101 1876 5170; x_wconf 76' lang='grc' dir='ltr'>ἁπλῆς</span> <span class='ocrx_word' id='word_1_727' title='bbox 1947 5107 2038 5157; x_wconf 78' lang='grc' dir='ltr'>τοῦ</span> 
     </span>
    </p>
   </div>
   <div class='ocr_carea' id='block_1_97' title="bbox 386 5190 2039 5275">
    <p class='ocr_par' dir='ltr' id='par_1_97' title="bbox 386 5190 2039 5275">
     <span class='ocr_line' id='line_1_97' title="bbox 386 5190 2039 5275; baseline -0.003 -25"><span class='ocrx_word' id='word_1_728' title='bbox 386 5194 703 5274; x_wconf 74' lang='grc' dir='ltr'>φαινομένου</span> <span class='ocrx_word' id='word_1_729' title='bbox 773 5195 1228 5275; x_wconf 81' lang='grc' dir='ltr'>συγκαταθέσεως,</span> <span class='ocrx_word' id='word_1_730' title='bbox 1319 5197 1494 5254; x_wconf 88' lang='grc' dir='ltr'>πίστιν</span> <span class='ocrx_word' id='word_1_731' title='bbox 1552 5194 1806 5270; x_wconf 69' lang='grc' dir='ltr'>εἰώθαμεν</span> <span class='ocrx_word' id='word_1_732' title='bbox 1864 5190 2039 5269; x_wconf 89' lang='grc' dir='ltr'>λέγειν</span> 
     </span>
    </p>
   </div>
   <div class='ocr_carea' id='block_1_98' title="bbox 387 5282 2040 5365">
    <p class='ocr_par' dir='ltr' id='par_1_98' title="bbox 387 5282 2040 5365">
     <span class='ocr_line' id='line_1_98' title="bbox 387 5282 2040 5365; baseline -0.002 -25"><span class='ocrx_word' id='word_1_733' title='bbox 387 5284 526 5340; x_wconf 70' lang='lat' dir='ltr'><strong>Kueh</strong></span> <span class='ocrx_word' id='word_1_734' title='bbox 570 5285 658 5341; x_wconf 82' lang='grc' dir='ltr'>καὶ</span> <span class='ocrx_word' id='word_1_735' title='bbox 701 5285 824 5348; x_wconf 85' lang='grc' dir='ltr'>τοὺς</span> <span class='ocrx_word' id='word_1_736' title='bbox 856 5284 1107 5362; x_wconf 77' lang='grc' dir='ltr'>δαίμονας</span> <span class='ocrx_word' id='word_1_737' title='bbox 1167 5285 1407 5365; x_wconf 76' lang='grc' dir='ltr'>ἔγνωμεν</span> <span class='ocrx_word' id='word_1_738' title='bbox 1460 5285 1723 5342; x_wconf 86' lang='grc' dir='ltr'>πιστεύειν</span> <span class='ocrx_word' id='word_1_739' title='bbox 1778 5282 1859 5338; x_wconf 80' lang='grc' dir='ltr'><strong>ὅτι</strong></span> <span class='ocrx_word' id='word_1_740' title='bbox 1909 5285 2040 5337; x_wconf 82' lang='grc' dir='ltr'>Θεοῦ</span> 
     </span>
    </p>
   </div>
   <div class='ocr_carea' id='block_1_99' title="bbox 386 5362 2039 5449">
    <p class='ocr_par' dir='ltr' id='par_1_99' title="bbox 386 5362 2039 5449">
     <span class='ocr_line' id='line_1_99' title="bbox 386 5362 2039 5449; baseline -0.002 -22"><span class='ocrx_word' id='word_1_741' title='bbox 386 5372 527 5449; x_wconf 77' lang='grc' dir='ltr'>Υἱός,</span> <span class='ocrx_word' id='word_1_742' title='bbox 607 5375 702 5432; x_wconf 80' lang='grc' dir='ltr'>Καὶ</span> <span class='ocrx_word' id='word_1_743' title='bbox 755 5373 914 5431; x_wconf 70' lang='grc' dir='ltr'>πάλιν</span> <span class='ocrx_word' id='word_1_744' title='bbox 982 5375 1079 5442; x_wconf 82' lang='grc' dir='ltr'><strong>τὴν</strong></span> <span class='ocrx_word' id='word_1_745' title='bbox 1151 5362 1218 5432; x_wconf 11' lang='lat' dir='ltr'><strong>Exi</strong></span> <span class='ocrx_word' id='word_1_746' title='bbox 1293 5372 1572 5438; x_wconf 86' lang='grc' dir='ltr'>διαθέσεως</span> <span class='ocrx_word' id='word_1_747' title='bbox 1626 5371 2039 5437; x_wconf 82' lang='grc' dir='ltr'>ἐπακολούθησιν</span> 
     </span>
    </p>
   </div>
   <div class='ocr_carea' id='block_1_100' title="bbox 383 5460 2039 5543">
    <p class='ocr_par' dir='ltr' id='par_1_100' title="bbox 383 5460 2039 5543">
     <span class='ocr_line' id='line_1_100' title="bbox 383 5460 2039 5543; baseline -0.001 -26"><span class='ocrx_word' id='word_1_748' title='bbox 383 5463 517 5535; x_wconf 82' lang='grc' dir='ltr'>μετὰ</span> <span class='ocrx_word' id='word_1_749' title='bbox 546 5460 760 5538; x_wconf 75' lang='grc' dir='ltr'>βεϐαία&gt;</span> <span class='ocrx_word' id='word_1_750' title='bbox 812 5464 1244 5543; x_wconf 83' lang='grc' dir='ltr'>συγκαταθέσεως</span> <span class='ocrx_word' id='word_1_751' title='bbox 1279 5470 1358 5538; x_wconf 81' lang='grc' dir='ltr'>τῷ</span> <span class='ocrx_word' id='word_1_752' title='bbox 1415 5470 1513 5532; x_wconf 77' lang='grc' dir='ltr'><strong>τῆς</strong></span> <span class='ocrx_word' id='word_1_753' title='bbox 1585 5463 1814 5526; x_wconf 84' lang='grc' dir='ltr'>πίστεως</span> <span class='ocrx_word' id='word_1_754' title='bbox 1870 5477 2039 5539; x_wconf 81' lang='grc' dir='ltr'>προσ-</span> 
     </span>
    </p>
   </div>
   <div class='ocr_carea' id='block_1_101' title="bbox 379 5545 2038 5631">
    <p class='ocr_par' dir='ltr' id='par_1_101' title="bbox 379 5545 2038 5631">
     <span class='ocr_line' id='line_1_101' title="bbox 379 5545 2038 5631; baseline -0.001 -25"><span class='ocrx_word' id='word_1_755' title='bbox 379 5551 576 5627; x_wconf 82' lang='grc' dir='ltr'>ρήματι</span> <span class='ocrx_word' id='word_1_756' title='bbox 649 5551 952 5610; x_wconf 79' lang='grc' dir='ltr'>καλοόντων</span> <span class='ocrx_word' id='word_1_757' title='bbox 1007 5555 1186 5631; x_wconf 76' lang='grc' dir='ltr'>ἡμῶν,</span> <span class='ocrx_word' id='word_1_758' title='bbox 1239 5545 1486 5619; x_wconf 64' lang='grc' dir='ltr'>Ἰάκωϐος</span> <span class='ocrx_word' id='word_1_759' title='bbox 1545 5553 1640 5629; x_wconf 77' lang='grc' dir='ltr'>μὲν</span> <span class='ocrx_word' id='word_1_760' title='bbox 1703 5553 1800 5620; x_wconf 74' lang='grc' dir='ltr'><strong>τὴν</strong></span> <span class='ocrx_word' id='word_1_761' title='bbox 1861 5547 2038 5629; x_wconf 35' lang='lat' dir='ltr'><strong>didior;</strong></span> 
     </span>
    </p>
   </div>
   <div class='ocr_carea' id='block_1_102' title="bbox 2125 4559 3781 4644">
    <p class='ocr_par' dir='ltr' id='par_1_102' title="bbox 2125 4559 3781 4644">
     <span class='ocr_line' id='line_1_102' title="bbox 2125 4559 3781 4644; baseline 0.001 -25"><span class='ocrx_word' id='word_1_762' title='bbox 2125 4559 2314 4620; x_wconf 91' lang='lat' dir='ltr'><strong>solum</strong></span> <span class='ocrx_word' id='word_1_763' title='bbox 2343 4560 2490 4622; x_wconf 86' lang='lat' dir='ltr'><strong>dixit</strong></span> <span class='ocrx_word' id='word_1_764' title='bbox 2523 4582 2536 4622; x_wconf 88' lang='lat'>:</span> <span class='ocrx_word' id='word_1_765' title='bbox 2566 4561 2627 4624; x_wconf 90' lang='lat' dir='ltr'><strong>Si</strong></span> <span class='ocrx_word' id='word_1_766' title='bbox 2649 4563 2827 4624; x_wconf 88' lang='lat' dir='ltr'><strong>ﬁdem</strong></span> <span class='ocrx_word' id='word_1_767' title='bbox 2854 4562 3096 4644; x_wconf 84' lang='lat' dir='ltr'><strong>habeas,</strong></span> <span class='ocrx_word' id='word_1_768' title='bbox 3123 4564 3226 4624; x_wconf 91' lang='lat' dir='ltr'><strong>sed</strong></span> <span class='ocrx_word' id='word_1_769' title='bbox 3246 4563 3424 4624; x_wconf 65' lang='lat' dir='ltr'><strong>etiam</strong></span> <span class='ocrx_word' id='word_1_770' title='bbox 3453 4584 3467 4622; x_wconf 89' lang='lat'><strong>:</strong></span> <span class='ocrx_word' id='word_1_771' title='bbox 3495 4561 3636 4634; x_wconf 87' lang='lat' dir='ltr'><strong>Quae</strong></span> <span class='ocrx_word' id='word_1_772' title='bbox 3667 4561 3781 4622; x_wconf 88' lang='lat' dir='ltr'><strong>uti-</strong></span> 
     </span>
    </p>
   </div>
   <div class='ocr_carea' id='block_1_103' title="bbox 2123 4647 3779 4732">
    <p class='ocr_par' dir='ltr' id='par_1_103' title="bbox 2123 4647 3779 4732">
     <span class='ocr_line' id='line_1_103' title="bbox 2123 4647 3779 4732; baseline 0.002 -24"><span class='ocrx_word' id='word_1_773' title='bbox 2123 4647 2308 4709; x_wconf 79' lang='lat' dir='ltr'><strong>litas?</strong></span> <span class='ocrx_word' id='word_1_774' title='bbox 2327 4649 2410 4711; x_wconf 89' lang='lat' dir='ltr'><strong>Ac</strong></span> <span class='ocrx_word' id='word_1_775' title='bbox 2428 4649 2478 4710; x_wconf 88' lang='lat' dir='ltr'><strong>si</strong></span> <span class='ocrx_word' id='word_1_776' title='bbox 2501 4650 2726 4714; x_wconf 88' lang='lat' dir='ltr'><strong>diceret</strong></span> <span class='ocrx_word' id='word_1_777' title='bbox 2748 4670 2761 4714; x_wconf 70' lang='grc' dir='ltr'><strong>τ</strong></span> <span class='ocrx_word' id='word_1_778' title='bbox 2789 4651 3054 4714; x_wconf 83' lang='lat' dir='ltr'><strong>Ostende</strong></span> <span class='ocrx_word' id='word_1_779' title='bbox 3077 4652 3226 4713; x_wconf 89' lang='lat' dir='ltr'><strong>mihi</strong></span> <span class='ocrx_word' id='word_1_780' title='bbox 3263 4671 3410 4732; x_wconf 92' lang='lat' dir='ltr'><strong>opus</strong></span> <span class='ocrx_word' id='word_1_781' title='bbox 3441 4671 3474 4712; x_wconf 89' lang='lat' dir='ltr'><strong>a</strong></span> <span class='ocrx_word' id='word_1_782' title='bbox 3497 4671 3610 4732; x_wconf 91' lang='lat' dir='ltr'><strong>quo</strong></span> <span class='ocrx_word' id='word_1_783' title='bbox 3631 4652 3779 4711; x_wconf 74' lang='lat' dir='ltr'><strong>exis-</strong></span> 
     </span>
    </p>
   </div>
   <div class='ocr_carea' id='block_1_104' title="bbox 2123 4737 3778 4822">
    <p class='ocr_par' dir='ltr' id='par_1_104' title="bbox 2123 4737 3778 4822">
     <span class='ocr_line' id='line_1_104' title="bbox 2123 4737 3778 4822; baseline 0.002 -26"><span class='ocrx_word' id='word_1_784' title='bbox 2123 4737 2337 4799; x_wconf 89' lang='lat' dir='ltr'><strong>timare</strong></span> <span class='ocrx_word' id='word_1_785' title='bbox 2369 4739 2592 4818; x_wconf 89' lang='lat' dir='ltr'><strong>possim</strong></span> <span class='ocrx_word' id='word_1_786' title='bbox 2619 4741 2774 4802; x_wconf 84' lang='lat' dir='ltr'><strong>hanc</strong></span> <span class='ocrx_word' id='word_1_787' title='bbox 2796 4741 3256 4822; x_wconf 86' lang='lat' dir='ltr'><strong>appellationem</strong></span> <span class='ocrx_word' id='word_1_788' title='bbox 3277 4740 3385 4801; x_wconf 91' lang='lat' dir='ltr'><strong>tibi</strong></span> <span class='ocrx_word' id='word_1_789' title='bbox 3414 4739 3778 4802; x_wconf 85' lang='lat' dir='ltr'><strong>convenire:</strong></span> 
     </span>
    </p>
   </div>
   <div class='ocr_carea' id='block_1_105' title="bbox 2122 4825 3779 4909">
    <p class='ocr_par' dir='ltr' id='par_1_105' title="bbox 2122 4825 3779 4909">
     <span class='ocr_line' id='line_1_105' title="bbox 2122 4825 3779 4909; baseline 0.003 -25"><span class='ocrx_word' id='word_1_790' title='bbox 2122 4825 2182 4885; x_wconf 91' lang='lat' dir='ltr'><strong>id</strong></span> <span class='ocrx_word' id='word_1_791' title='bbox 2209 4826 2368 4887; x_wconf 90' lang='lat' dir='ltr'><strong>enim</strong></span> <span class='ocrx_word' id='word_1_792' title='bbox 2399 4827 2539 4890; x_wconf 89' lang='lat' dir='ltr'><strong>ﬁdei</strong></span> <span class='ocrx_word' id='word_1_793' title='bbox 2564 4829 2786 4891; x_wconf 89' lang='lat' dir='ltr'><strong>utilitas</strong></span> <span class='ocrx_word' id='word_1_794' title='bbox 2808 4829 3070 4892; x_wconf 75' lang='lat' dir='ltr'><strong>est.uSic</strong></span> <span class='ocrx_word' id='word_1_795' title='bbox 3101 4838 3159 4891; x_wconf 92' lang='lat' dir='ltr'><strong>et</strong></span> <span class='ocrx_word' id='word_1_796' title='bbox 3190 4830 3356 4906; x_wconf 87' lang='lat' dir='ltr'><strong>ﬁdes,</strong></span> <span class='ocrx_word' id='word_1_797' title='bbox 3379 4829 3427 4890; x_wconf 91' lang='lat' dir='ltr'><strong>si</strong></span> <span class='ocrx_word' id='word_1_798' title='bbox 3452 4848 3630 4909; x_wconf 87' lang='lat' dir='ltr'><strong>opera</strong></span> <span class='ocrx_word' id='word_1_799' title='bbox 3661 4849 3779 4890; x_wconf 92' lang='lat' dir='ltr'><strong>non</strong></span> 
     </span>
    </p>
   </div>
   <div class='ocr_carea' id='block_1_106' title="bbox 2124 4914 3777 5000">
    <p class='ocr_par' dir='ltr' id='par_1_106' title="bbox 2124 4914 3777 5000">
     <span class='ocr_line' id='line_1_106' title="bbox 2124 4914 3777 5000; baseline 0.004 -25"><span class='ocrx_word' id='word_1_800' title='bbox 2124 4914 2658 4991; x_wconf 87' lang='lat' dir='ltr'><strong>habuerit,mortua</strong></span> <span class='ocrx_word' id='word_1_801' title='bbox 2690 4931 2777 4981; x_wconf 89' lang='lat' dir='ltr'><strong>est</strong></span> <span class='ocrx_word' id='word_1_802' title='bbox 2809 4938 2916 5000; x_wconf 92' lang='lat' dir='ltr'><strong>per</strong></span> <span class='ocrx_word' id='word_1_803' title='bbox 2946 4919 3211 4982; x_wconf 68' lang='lat' dir='ltr'><strong>se.»Non</strong></span> <span class='ocrx_word' id='word_1_804' title='bbox 3241 4920 3627 4981; x_wconf 87' lang='lat' dir='ltr'><strong>adversantur</strong></span> <span class='ocrx_word' id='word_1_805' title='bbox 3650 4920 3777 4981; x_wconf 64' lang='lat' dir='ltr'><strong>haec</strong></span> 
     </span>
    </p>
   </div>
   <div class='ocr_carea' id='block_1_107' title="bbox 2123 5002 3779 5088">
    <p class='ocr_par' dir='ltr' id='par_1_107' title="bbox 2123 5002 3779 5088">
     <span class='ocr_line' id='line_1_107' title="bbox 2123 5002 3779 5088; baseline 0.003 -23"><span class='ocrx_word' id='word_1_806' title='bbox 2123 5002 2294 5066; x_wconf 89' lang='lat' dir='ltr'><strong>beato</strong></span> <span class='ocrx_word' id='word_1_807' title='bbox 2327 5006 2529 5087; x_wconf 84' lang='lat' dir='ltr'><strong>Paulo,</strong></span> <span class='ocrx_word' id='word_1_808' title='bbox 2565 5027 2700 5069; x_wconf 92' lang='lat' dir='ltr'><strong>cum</strong></span> <span class='ocrx_word' id='word_1_809' title='bbox 2760 5027 2979 5070; x_wconf 89' lang='lat' dir='ltr'><strong>nomen</strong></span> <span class='ocrx_word' id='word_1_810' title='bbox 3040 5009 3179 5070; x_wconf 88' lang='lat' dir='ltr'><strong>ﬁdei</strong></span> <span class='ocrx_word' id='word_1_811' title='bbox 3210 5009 3283 5070; x_wconf 88' lang='lat' dir='ltr'><strong>ad</strong></span> <span class='ocrx_word' id='word_1_812' title='bbox 3309 5009 3426 5070; x_wconf 93' lang='lat' dir='ltr'><strong>duo</strong></span> <span class='ocrx_word' id='word_1_813' title='bbox 3450 5009 3779 5088; x_wconf 81' lang='lat' dir='ltr'><strong>signiﬁcata</strong></span> 
     </span>
    </p>
   </div>
   <div class='ocr_carea' id='block_1_108' title="bbox 2120 5093 3775 5179">
    <p class='ocr_par' dir='ltr' id='par_1_108' title="bbox 2120 5093 3775 5179">
     <span class='ocr_line' id='line_1_108' title="bbox 2120 5093 3775 5179; baseline 0.002 -25"><span class='ocrx_word' id='word_1_814' title='bbox 2120 5093 2344 5156; x_wconf 82' lang='lat' dir='ltr'><strong>feratur</strong></span> <span class='ocrx_word' id='word_1_815' title='bbox 2373 5095 2456 5160; x_wconf 68' lang='grc'><strong>25.</strong></span> <span class='ocrx_word' id='word_1_816' title='bbox 2501 5096 2648 5158; x_wconf 74' lang='lat' dir='ltr'><strong>Nam</strong></span> <span class='ocrx_word' id='word_1_817' title='bbox 2681 5107 2740 5162; x_wconf 91' lang='lat' dir='ltr'><strong>et</strong></span> <span class='ocrx_word' id='word_1_818' title='bbox 2766 5099 2839 5159; x_wconf 88' lang='lat' dir='ltr'><strong>de</strong></span> <span class='ocrx_word' id='word_1_819' title='bbox 2881 5099 3139 5179; x_wconf 87' lang='lat' dir='ltr'><strong>simplici</strong></span> <span class='ocrx_word' id='word_1_820' title='bbox 3185 5117 3435 5160; x_wconf 87' lang='lat' dir='ltr'><strong>assensu</strong></span> <span class='ocrx_word' id='word_1_821' title='bbox 3468 5100 3646 5160; x_wconf 84' lang='lat' dir='ltr'><strong>ﬁdem</strong></span> <span class='ocrx_word' id='word_1_822' title='bbox 3678 5101 3775 5160; x_wconf 80' lang='grc' dir='ltr'><strong>(Ιι-</strong></span> 
     </span>
    </p>
   </div>
   <div class='ocr_carea' id='block_1_109' title="bbox 2122 5185 3778 5268">
    <p class='ocr_par' dir='ltr' id='par_1_109' title="bbox 2122 5185 3778 5268">
     <span class='ocr_line' id='line_1_109' title="bbox 2122 5185 3778 5268; baseline 0.003 -24"><span class='ocrx_word' id='word_1_823' title='bbox 2122 5202 2259 5246; x_wconf 89' lang='lat' dir='ltr'><strong>cere</strong></span> <span class='ocrx_word' id='word_1_824' title='bbox 2282 5185 2736 5267; x_wconf 86' lang='lat' dir='ltr'><strong>solemus,juxta</strong></span> <span class='ocrx_word' id='word_1_825' title='bbox 2761 5188 2904 5248; x_wconf 89' lang='lat' dir='ltr'><strong>illud</strong></span> <span class='ocrx_word' id='word_1_826' title='bbox 2928 5189 3082 5268; x_wconf 89' lang='lat' dir='ltr'><strong>quod</strong></span> <span class='ocrx_word' id='word_1_827' title='bbox 3110 5187 3285 5250; x_wconf 89' lang='lat' dir='ltr'><strong>etiam</strong></span> <span class='ocrx_word' id='word_1_828' title='bbox 3311 5187 3614 5250; x_wconf 62' lang='lat' dir='ltr'><strong>dmmones</strong></span> <span class='ocrx_word' id='word_1_829' title='bbox 3645 5207 3778 5250; x_wconf 86' lang='lat' dir='ltr'><strong>cre-</strong></span> 
     </span>
    </p>
   </div>
   <div class='ocr_carea' id='block_1_110' title="bbox 2123 5272 3771 5357">
    <p class='ocr_par' dir='ltr' id='par_1_110' title="bbox 2123 5272 3771 5357">
     <span class='ocr_line' id='line_1_110' title="bbox 2123 5272 3771 5357; baseline 0.004 -22"><span class='ocrx_word' id='word_1_830' title='bbox 2123 5272 2347 5335; x_wconf 90' lang='lat' dir='ltr'><strong>didisse</strong></span> <span class='ocrx_word' id='word_1_831' title='bbox 2373 5274 2643 5337; x_wconf 90' lang='lat' dir='ltr'><strong>novimus</strong></span> <span class='ocrx_word' id='word_1_832' title='bbox 2673 5277 2832 5357; x_wconf 89' lang='lat' dir='ltr'><strong>quod</strong></span> <span class='ocrx_word' id='word_1_833' title='bbox 2863 5275 2969 5339; x_wconf 90' lang='lat' dir='ltr'><strong>Dei</strong></span> <span class='ocrx_word' id='word_1_834' title='bbox 2998 5277 3185 5339; x_wconf 83' lang='lat' dir='ltr'><strong>Filius</strong></span> <span class='ocrx_word' id='word_1_835' title='bbox 3217 5287 3378 5340; x_wconf 88' lang='lat' dir='ltr'><strong>esset</strong></span> <span class='ocrx_word' id='word_1_836' title='bbox 3401 5277 3672 5340; x_wconf 88' lang='lat' dir='ltr'><strong>Christus</strong></span> <span class='ocrx_word' id='word_1_837' title='bbox 3692 5278 3771 5341; x_wconf 63' lang='grc'><strong>24.</strong></span> 
     </span>
    </p>
   </div>
   <div class='ocr_carea' id='block_1_111' title="bbox 2121 5360 3776 5448">
    <p class='ocr_par' dir='ltr' id='par_1_111' title="bbox 2121 5360 3776 5448">
     <span class='ocr_line' id='line_1_111' title="bbox 2121 5360 3776 5448; baseline 0.003 -24"><span class='ocrx_word' id='word_1_838' title='bbox 2121 5360 2500 5443; x_wconf 83' lang='lat' dir='ltr'><strong>Rursumque</strong></span> <span class='ocrx_word' id='word_1_839' title='bbox 2529 5384 2661 5425; x_wconf 92' lang='lat' dir='ltr'><strong>cum</strong></span> <span class='ocrx_word' id='word_1_840' title='bbox 2688 5366 3171 5429; x_wconf 90' lang='lat' dir='ltr'><strong>consecutionem</strong></span> <span class='ocrx_word' id='word_1_841' title='bbox 3217 5384 3285 5428; x_wconf 86' lang='lat' dir='ltr'><strong>ex</strong></span> <span class='ocrx_word' id='word_1_842' title='bbox 3317 5366 3530 5428; x_wconf 82' lang='lat' dir='ltr'><strong>aﬁ‘ectu</strong></span> <span class='ocrx_word' id='word_1_843' title='bbox 3561 5385 3776 5448; x_wconf 89' lang='lat' dir='ltr'><strong>proce-</strong></span> 
     </span>
    </p>
   </div>
   <div class='ocr_carea' id='block_1_112' title="bbox 2122 5451 3772 5537">
    <p class='ocr_par' dir='ltr' id='par_1_112' title="bbox 2122 5451 3772 5537">
     <span class='ocr_line' id='line_1_112' title="bbox 2122 5451 3772 5537; baseline 0.002 -25"><span class='ocrx_word' id='word_1_844' title='bbox 2122 5451 2361 5513; x_wconf 90' lang='lat' dir='ltr'><strong>dentem</strong></span> <span class='ocrx_word' id='word_1_845' title='bbox 2391 5471 2526 5515; x_wconf 86' lang='lat' dir='ltr'><strong>cum</strong></span> <span class='ocrx_word' id='word_1_846' title='bbox 2556 5453 2726 5515; x_wconf 90' lang='lat' dir='ltr'><strong>ﬁrmo</strong></span> <span class='ocrx_word' id='word_1_847' title='bbox 2749 5473 2995 5517; x_wconf 86' lang='lat' dir='ltr'><strong>assensu</strong></span> <span class='ocrx_word' id='word_1_848' title='bbox 3027 5454 3270 5518; x_wconf 91' lang='lat' dir='ltr'><strong>nomine</strong></span> <span class='ocrx_word' id='word_1_849' title='bbox 3299 5455 3438 5518; x_wconf 90' lang='lat' dir='ltr'><strong>ﬁdei</strong></span> <span class='ocrx_word' id='word_1_850' title='bbox 3459 5473 3772 5537; x_wconf 86' lang='lat' dir='ltr'><strong>vocemus;</strong></span> 
     </span>
    </p>
   </div>
   <div class='ocr_carea' id='block_1_113' title="bbox 2103 5541 3774 5625">
    <p class='ocr_par' dir='ltr' id='par_1_113' title="bbox 2103 5541 3774 5625">
     <span class='ocr_line' id='line_1_113' title="bbox 2103 5541 3774 5625; baseline 0.001 -22"><span class='ocrx_word' id='word_1_851' title='bbox 2103 5541 2375 5604; x_wconf 59' lang='lat' dir='ltr'><strong>*Jacobus</strong></span> <span class='ocrx_word' id='word_1_852' title='bbox 2406 5541 2646 5624; x_wconf 89' lang='lat' dir='ltr'><strong>quidem</strong></span> <span class='ocrx_word' id='word_1_853' title='bbox 2680 5544 3012 5625; x_wconf 91' lang='lat' dir='ltr'><strong>simplicem</strong></span> <span class='ocrx_word' id='word_1_854' title='bbox 3074 5563 3389 5608; x_wconf 87' lang='lat' dir='ltr'><strong>assensum</strong></span> <span class='ocrx_word' id='word_1_855' title='bbox 3422 5545 3566 5607; x_wconf 73' lang='lat' dir='ltr'><strong>dicit</strong></span> <span class='ocrx_word' id='word_1_856' title='bbox 3595 5545 3774 5606; x_wconf 89' lang='lat' dir='ltr'><strong>ﬁdem</strong></span> 
     </span>
    </p>
   </div>
   <div class='ocr_carea' id='block_1_114' title="bbox 459 5691 2046 5780">
    <p class='ocr_par' dir='ltr' id='par_1_114' title="bbox 459 5697 2028 5779">
     <span class='ocr_line' id='line_1_114' title="bbox 459 5697 2028 5779; baseline -0.002 -18"><span class='ocrx_word' id='word_1_857' title='bbox 459 5698 509 5742; x_wconf 61' lang='grc' dir='ltr'>εί</span> <span class='ocrx_word' id='word_1_858' title='bbox 541 5699 746 5764; x_wconf 87' lang='lat' dir='ltr'><strong>Matth.</strong></span> <span class='ocrx_word' id='word_1_859' title='bbox 781 5719 843 5778; x_wconf 72' lang='grc' dir='ltr'><strong>γ,</strong></span> <span class='ocrx_word' id='word_1_860' title='bbox 877 5704 938 5760; x_wconf 88' lang='grc'><strong>7.</strong></span> <span class='ocrx_word' id='word_1_861' title='bbox 1025 5701 1084 5752; x_wconf 67' lang='grc'><strong>29</strong></span> <span class='ocrx_word' id='word_1_862' title='bbox 1111 5701 1262 5764; x_wconf 90' lang='lat' dir='ltr'><strong>Dan.</strong></span> <span class='ocrx_word' id='word_1_863' title='bbox 1298 5719 1374 5779; x_wconf 81' lang='grc' dir='ltr'>ιν,</span> <span class='ocrx_word' id='word_1_864' title='bbox 1399 5702 1502 5767; x_wconf 66' lang='grc'><strong>24.</strong></span> <span class='ocrx_word' id='word_1_865' title='bbox 1589 5700 1648 5752; x_wconf 64' lang='grc' dir='ltr'><strong>εὖ</strong></span> <span class='ocrx_word' id='word_1_866' title='bbox 1675 5701 1852 5762; x_wconf 79' lang='lat' dir='ltr'><strong>Rom.</strong></span> <span class='ocrx_word' id='word_1_867' title='bbox 1885 5714 1970 5773; x_wconf 83' lang='lat' dir='ltr'><strong>IV,</strong></span> <span class='ocrx_word' id='word_1_868' title='bbox 2001 5697 2028 5758; x_wconf 85' lang='grc'>1</span> 
     </span>
    </p>
   </div>
   <div class='ocr_carea' id='block_1_115' title="bbox 2130 5691 3550 5780">
    <p class='ocr_par' dir='ltr' id='par_1_115' title="bbox 2130 5691 3550 5780">
     <span class='ocr_line' id='line_1_115' title="bbox 2130 5691 3550 5780; baseline 0.009 -34"><span class='ocrx_word' id='word_1_869' title='bbox 2130 5711 2234 5774; x_wconf 62' lang='grc' dir='ltr'><strong>ιῳι.</strong></span> <span class='ocrx_word' id='word_1_870' title='bbox 2323 5691 2383 5743; x_wconf 63' lang='grc'><strong>³4</strong></span> <span class='ocrx_word' id='word_1_871' title='bbox 2411 5693 2616 5758; x_wconf 88' lang='lat' dir='ltr'><strong>Matth.</strong></span> <span class='ocrx_word' id='word_1_872' title='bbox 2654 5715 2727 5772; x_wconf 84' lang='lat' dir='ltr'><strong>IV,</strong></span> <span class='ocrx_word' id='word_1_873' title='bbox 2757 5699 2795 5759; x_wconf 90' lang='lat'>3</span> <span class='ocrx_word' id='word_1_874' title='bbox 2829 5717 3018 5780; x_wconf 64' lang='lat' dir='ltr'><strong>seqq;</strong></span> <span class='ocrx_word' id='word_1_875' title='bbox 3053 5696 3172 5760; x_wconf 89' lang='lat' dir='ltr'><strong>Luc</strong></span> <span class='ocrx_word' id='word_1_876' title='bbox 3205 5713 3284 5772; x_wconf 85' lang='lat' dir='ltr'><strong>IV,</strong></span> <span class='ocrx_word' id='word_1_877' title='bbox 3325 5698 3344 5759; x_wconf 83' lang='lat'><strong>1</strong></span> <span class='ocrx_word' id='word_1_878' title='bbox 3385 5714 3550 5777; x_wconf 80' lang='lat' dir='ltr'><strong>seqq.</strong></span> 
     </span>
    </p>
   </div>
  </div>
