4136 6422
426 387 539 452 481
1348 383 1747 448 COMMENT.
1792 383 1877 448 IN
1919 379 2162 445 EPIST.
2209 380 2534 445 CATHOL.
2578 382 2857 445 JACOBI.
3687 382 3810 449 482

423 521 744 586 ἀποστόλοις
775 519 1017 588 λαλῆσαν
1047 525 1275 596 πνεῦμα.
1310 517 1478 576 Ἀλλᾶ
1520 523 1619 586 τῆς
1675 519 1774 595 μὲν
1833 516 1900 575 δι’
1943 523 2078 596 ὁμο-

2189 516 2406 596 ιιιίάθηι
2437 516 2584 578 ﬁdes
2616 516 2739 578 sola
2765 515 3142 578 confessione
3168 515 3454 597 justiﬁcet
3524 518 3814 582 acceden-

422 613 606 693 λογίας
655 613 826 688 μόνης
897 609 1199 677 δικαιούσης
1268 611 1360 666 τὸν
1418 611 1724 688 προσιόντα,
1799 610 1843 666 εἰ
1897 631 2075 689 παρα-

2189 623 2304 677 em,
2329 605 2379 666 si
2406 606 2600 667 statim
2629 624 2662 666 a
2685 605 2837 666 mala
2857 605 2974 667 vita
3005 605 3270 667 discedat
3300 607 3466 682 (huic
3505 609 3663 670 enim
3693 628 3814 671 non

421 708 614 783 χρῆμα
680 700 900 758 ἀπέλθοι
970 706 1063 756 τοῦ
1105 699 1217 776 βίου
1251 719 1266 733 ⁸
1327 699 1498 772 τούτῳ
1565 699 1666 777 γὰρ
1723 699 1783 754 οὒ
1839 699 2076 778 πάρεισιν

2189 695 2376 758 dsunt
2405 715 2610 776 opera,
2633 695 2735 757 sed
2771 695 3074 757 sufﬁciens
3097 696 3208 776 ipsi
3231 699 3564 761 remedium
3590 707 3679 761 est
3698 720 3812 782 pu-

423 791 572 872 ἕργα,
619 789 738 848 ἀλλ’
769 787 976 870 ἐφόδιον
1007 791 1150 862 αὗτῷ
1191 789 1367 845 ἱκανὸν
1395 789 1430 856 ἡ
1481 785 1565 842 διὰ
1617 793 1712 844 (τοῦ
1769 788 2076 864 βαπτίσμα-

2193 784 2407 846 iﬁcatio
2441 804 2547 865 per
2577 785 2988 866 baptismum),
3021 785 3119 846 illa
3169 804 3308 848 vero
3359 787 3432 848 ab
3474 806 3546 850 eo
3569 790 3667 869 qui
3685 791 3812 870 jam

422 903 513 946 τος
541 877 816 961 κάθαρσις)
851 895 868 912 ⁶
904 883 1003 946 τῆς
1034 875 1089 934 δὲ
1127 880 1218 935 τὸν
1276 876 1377 945 ἤδη
1436 874 1851 954 βεϐαπτισμένον
1908 877 2074 933 ἀπαιο

2189 872 2486 954 ιθριὶῑίιιυε
2521 882 2609 936 est
2622 874 3059 954 requiritetiam
3073 873 3364 936 bonorum
3384 895 3631 958 operum
3652 878 3818 941 exhi-

423 970 619 1036 τούσης
697 969 785 1026 καὶ
830 968 1039 1044 ἆγαθὼν
1125 964 1275 1046 ἔργον
1334 963 1596 1030 ἐπίδειξιν.
1671 966 1852 1040 Τούτῳ
1907 967 1995 1022 καὶ
2050 968 2077 1022 6

2189 961 2494 1024 vitionems.
2511 964 2654 1027 Cum
2680 963 2793 1024 hoc
2817 981 2994 1024 sensu
3012 963 3235 1026 Paulus
3257 984 3491 1046 quoque
3521 967 3816 1030 consentit

428 1058 632 1122 Παῦλος
691 1069 975 1135 συμφωνεῖ
1029 1055 1241 1135 ἑτέρωθι
1295 1054 1466 1134 λέγων
1553 1053 1716 1119 οὕτως
1788 1057 1876 1111 καὶ
1930 1053 2076 1111 διδά-

2189 1050 2276 1112 .lio
2309 1050 2370 1111 in
2402 1051 2641 1126 loco,ita
2663 1052 2969 1125 dicens,ac
2991 1051 3214 1113 docens
3237 1053 3413 1115 ﬁdem
3438 1068 3574 1136 post
3619 1055 3814 1136 bapti-

429 1170 570 1206 σκων
595 1148 692 1215 τὴν
767 1146 905 1222 μετὰ
959 1146 1021 1201 16
1089 1145 1361 1220 βάπτισμα
1411 1144 1607 1217 πίστιν,
1667 1145 1766 1212 τὴν
1834 1142 1917 1200 διὰ
1972 1151 2077 1201 τῶν

2195 1159 2288 1200 ma
2316 1141 2745 1220 perfectionem
2777 1141 3091 1221 requirere
3120 1160 3225 1221 per
3267 1161 3470 1222 opera,
3530 1163 3667 1206 cum
3695 1145 3807 1206 ait:

431 1236 598 1316 ἔργων
625 1234 896 1294 τελειωσιν
929 1233 1190 1314 ἀπαιτείν,
1243 1231 1297 1288 ἐν
1354 1235 1438 1295 οἷς
1496 1255 1680 1314 φησιν,
1749 1256 1770 1288 ι
1807 1232 1935 1291 Οὔτε
1978 1256 2080 1291 πε-

433 1327 626 1406 ριτομή
688 1347 737 1380 τι
780 1323 978 1404 ἰσχύει,
1039 1322 1157 1378 οὒτε
1215 1319 1555 1400 ἀκροϐυστία,
1615 1320 1753 1378 ἀλλὰ
1796 1323 1971 1387 πίστις
2014 1321 2080 1378 δι’

432 1400 642 1492 ἆγάπης
697 1400 1070 1493 ἐνεργουμένη.
1110 1431 1135 1468 ιι
1204 1400 1266 1466 Ἠ
1325 1407 1380 1464 δὲ
1423 1409 1630 1488 ἀγάπη.
1673 1408 1878 1478 πολλης
1922 1408 2082 1492 φιλο-

430 1503 613 1582 σοφίας
640 1500 817 1558 δεῖται
850 1503 922 1566 εἷς
954 1502 1016 1557 τὸ
1046 1499 1414 1579 πληρωθῆναι,

513 1582 764 1656 (Ἀλλως,
795 1597 904 1660 Της
951 1591 1050 1667 μὲν
1107 1589 1168 1646 ἐκ
1226 1589 1396 1666 μόνης
1465 1589 1688 1656 πίστεως
1760 1587 2082 1655 δικαιώσεως

431 1683 586 1739 εἰκὼν
641 1683 708 1750 ἧν
765 1679 1029 1758 Ἀϐραὰμ,
1093 1678 1180 1735 ὅτε
1239 1679 1523 1745 πιστεύσας
1607 1678 1854 1758 ἐλογίσθη
1925 1684 2084 1740 αὐτοῦ

431 1771 515 1836 εἴς
585 1768 942 1845 δικαιοσύνην,
1003 1773 1099 1836 τῆς
1183 1766 1238 1824 δὲ
1297 1765 1348 1833 ἕξ
1419 1767 1609 1848 ἔργων,
1670 1768 1758 1825 ὅτε
1815 1771 1903 1828 τὸν
1973 1774 2082 1826 υἱον

2175 1252 2196 1285 ιι
2231 1227 2436 1310 Neque
2460 1231 2832 1293 circumcisio
2853 1230 3176 1312 quidquam
3197 1232 3348 1292 valet
3369 1251 3561 1313 neque
3583 1252 3814 1314 praepu-

2165 1317 2337 1394 tium,
2371 1321 2510 1382 459
2531 1321 2634 1382 sed
2656 1320 2802 1382 ﬁdes
2833 1338 2964 1400 quae
3022 1337 3130 1400 per
3187 1320 3568 1383 dilectionem
3599 1341 3813 1402 opera-

2167 1414 2264 1469 tur
2285 1407 2396 1472 93.»
2458 1409 2641 1472 Porro
2700 1409 2939 1472 dilectio
2990 1409 3171 1490 longo
3227 1418 3360 1489 eget
3413 1411 3697 1474 exercitio
3756 1419 3821 1473 ut

2167 1499 2556 1579 compleatur.

2247 1589 2392 1650 Alio
2423 1590 2620 1652 modo.
2683 1587 2979 1650 Abraham
3011 1589 3203 1668 imago
3234 1589 3476 1670 quidem
3503 1589 3613 1651 fuit
3633 1590 3818 1672 jnsti-

2165 1677 2458 1740 ﬁcationis
2487 1697 2618 1759 quae
2639 1697 2706 1741 ex
2739 1678 2865 1738 sola
2895 1676 3012 1739 ﬁde
3043 1679 3125 1752 ﬁt,
3153 1679 3388 1759 quando
3455 1679 3815 1760 imputatum

2170 1767 2275 1828 fuit
2305 1768 2413 1847 ipsi
2451 1771 2520 1828 ad
2535 1768 2825 1847 justitiam
2850 1766 3005 1848 quod
3025 1767 3464 1832 crediderit”:
3503 1770 3632 1849 ejus
3681 1788 3818 1830 vero

430 1859 713 1940 ἀνενέγκας
780 1860 866 1916 ἐπὶ
905 1860 968 1915 16
1035 1859 1434 1936 θυσιαστήριον,
1510 1860 1608 1916 Καὶ
1661 1859 1759 1937 γὰρ
1819 1863 1875 1918 οὐ
1928 1859 2086 1935 μόνον

2189 1876 2304 1939 luce
2337 1866 2424 1919 est
2471 1876 2540 1919 ex
2575 1857 2878 1938 operibus,
2915 1857 3149 1938 quando
3180 1856 3367 1918 ﬁlium
3399 1858 3611 1920 obtulit
3639 1876 3820 1940 super

432 1953 492 2006 16
524 1950 678 2030 ἔργον
721 1949 911 2029 ἐποίει,
957 1946 1093 2005 ἀλλὰ
1121 1947 1208 2005 καὶ
1254 1946 1352 2015 τῆς
1422 1946 1648 2011 πίστεως
1705 1952 1798 2006 οὐκ
1855 1949 2084 2021 ἀπέστη,

2189 1947 2352 2008 litare
2371 1947 2451 2010 28.
2477 1947 2783 2028 Siquidem
2807 1966 2923 2008 non
2947 1948 3136 2008 solum
3168 1945 3488 2027 peragebat
3517 1966 3687 2028 opus,
3711 1947 3817 2008 sed

437 2041 517 2097 ὃτι
563 2040 615 2095 ἐν
645 2038 830 2096 Ἰσαὰκ
858 2036 1045 2115 μέλλει
1077 2038 1139 2094 τὸ
1187 2036 1395 2116 σπέρμα
1463 2041 1621 2096 αὐτοῦ
1676 2036 1957 2105 πληθύνειν
2015 2041 2088 2103 ὡς

2189 2035 2349 2097 etiam
2377 2036 2438 2098 in
2463 2037 2580 2098 ﬁde
2600 2035 2925 2116 permansit
2948 2036 3102 2115 quod
3119 2055 3225 2116 per
3240 2034 3402 2097 Isaac
3427 2037 3819 2119 multiplican-

433 2131 500 2188 τα
570 2128 757 2206 ἄστρα,
817 2126 1168 2208 λογισάμενος
1225 2125 1305 2182 ὅτι
1361 2127 1448 2182 καὶ
1527 2126 1585 2182 ἐκ
1633 2134 1829 2205 νεκρῶν
1887 2127 2088 2208 ἐγεῖραι

2189 2126 2312 2187 lum
2328 2132 2702 2188 essetsemen
2731 2144 2901 2186 suum
2934 2124 3086 2185 sicut
3115 2123 3643 2197 astra,existimans
3661 2127 3819 2208 quod

438 2204 722 2282 δυνατὸςδ
755 2204 909 2281 Θεός,
976 2204 1174 2292 υΟμως
1379 2216 1471 2271 τὸν
1562 2204 1732 2274 Δαυὶδ
1789 2219 1816 2272 6
1889 2204 2094 2284 Παῦλος

2189 2215 2349 2277 etiam
2377 2233 2445 2276 ex
2472 2214 2720 2276 mortuis
2750 2222 2950 2295 posset
2981 2216 3138 2276 Deus
3161 2215 3446 2275 suscitare
3473 2214 3557 2278 99.
3594 2204 3821 2278 Tamen

437 2307 742 2386 προκομίζει
795 2303 1055 2384 μάρτλρα,
1101 2311 1278 2384 σοφῶς
1334 2301 1684 2374 διασκευάζων
1739 2307 1805 2362 τὰ
1875 2307 2082 2365 ἑαυτοῦ.

2189 2305 2391 2367 Paulus
2419 2303 2691 2385 producit
2711 2302 2884 2365 etiam
2910 2301 3095 2363 David
3118 2303 3177 2364 in
3199 2309 3407 2363 testem
3430 2305 3824 2386 50,sapienter

436 2376 580 2466 νΠδει
610 2376 711 2473 γὰρ
741 2376 818 2468 τῷ
857 2376 980 2469 θείω
1009 2376 1272 2469 Πνεύματι
1300 2393 1400 2461 τὴν
1429 2392 1723 2468 μέλλουσαν
1770 2395 1825 2450 ἐν
1879 2403 2088 2476 Χριστῷ

2189 2413 2277 2455 sua
2297 2376 2672 2454 conﬁrmans.
2703 2391 3126 2453 Noveratenim
3148 2390 3249 2452 ille
3266 2409 3371 2471 per
3385 2376 3667 2473 Spiritum
3691 2412 3821 2456 eam

438 2485 753 2564 παρέσεσται
783 2484 918 2539 κατὰ
945 2483 1155 2562 καιροὺς
1186 2483 1383 2544 πίστιν.
1440 2483 1532 2538 Διό
1587 2506 1715 2560 φησι
1749 2501 1764 2516 ·
1835 2505 1858 2541 α
1896 2493 2088 2542 Μακα-

2189 2483 2350 2544 idem
2385 2501 2512 2564 quae
2544 2482 2754 2544 futuris
2814 2480 3178 2561 temporibus
3235 2488 3478 2542 ventura
3539 2490 3664 2544 erat
3719 2501 3826 2563 per

440 2596 556 2654 ριος
601 2574 735 2650 ἀνὴρ
763 2576 810 2647 ᾧ
839 2572 899 2628 οὗ
928 2573 1006 2648 μὴ
1051 2571 1328 2650 λογίσηται
1389 2573 1575 2652 Κύριος
1620 2574 1896 2652 ἁμαρτίαν.
1949 2600 1976 2632 ιι
2011 2611 2090 2622 —

2189 2571 2469 2635 3hristum
2500 2593 2514 2631 :
2551 2571 2686 2632 ideo
2717 2569 2825 2632 ait:
2856 2570 3104 2631 «Beatus
3124 2568 3212 2630 vir
3233 2568 3328 2631 cui
3361 2588 3487 2630 non
3509 2569 3826 2650 imputabit

446 2651 782 2724 σ’Ππίστις
843 2663 1011 2742 χωρὶς
1069 2667 1174 2718 τῶν
1231 2661 1398 2741 ἔργων
1470 2651 1639 2742 νεκρά
1709 2651 1842 2727 ἐστι,
1883 2689 1906 2719 η
1983 2670 2095 2737 Τὴν

2189 2661 2468 2723 Dominus
2494 2669 2798 2742 peccatum
2819 2660 2896 2717 51.
2941 2677 3088 2714 »-«
3110 2657 3286 2719 Fides
3340 2658 3563 2740 absque
3618 2661 3822 2740 operi-
3857 2651 3860 2656 ’

442 2754 576 2828 μετὰ
604 2751 667 2808 τὸ
721 2752 994 2827 βάπτισμα
1049 2751 1230 2807 πίστιν
1313 2749 1481 2829 λέγει.
1553 2749 1716 2808 Οὐδὲν
1769 2755 1870 2833 γὰρ
1927 2758 2095 2824 πίστις

2189 2749 2292 2812 bus
2325 2763 2558 2812 mortua
2589 2758 2699 2824 est,
2742 2774 2762 2805 ι
2801 2748 3006 2811 Fidem
3037 2746 3183 2808 dicit
3211 2764 3340 2827 quae
3369 2757 3460 2810 est
3493 2755 3624 2828 post
3646 2749 3827 2829 bapti-

442 2840 648 2921 ὼφελεῐ
676 2840 982 2921 χηρεύουσα
1031 2839 1223 2920 ἔργων,
1271 2842 1314 2896 εἰ
1345 2841 1423 2915 μὴ
1492 2841 1580 2896 καὶ
1665 2843 1900 2918 μείζονος
1957 2849 2095 2923 ἡμᾶς

2189 2858 2330 2902 sma.
2364 2839 2522 2901 Nihil
2561 2839 2718 2900 enim
2745 2837 2986 2918 prodest
3016 2837 3163 2896 ﬁdes
3193 2835 3471 2897 destituta
3520 2837 3821 2917 operibus,

443 2932 829 3012 ἁμαρτήματος
938 2927 1214 2994 ὑποδίκους
1292 2930 1594 3010 καθίστησι,
1694 2934 1755 2988 τὸ
1839 2933 2095 2994 τάλαντον

2189 2929 2298 2989 nisi
2331 2929 2484 3010 quod
2519 2949 2625 2990 nos
2658 2925 2866 3006 majori
2895 2926 3090 2987 adhuc
3121 2933 3360 3005 peceato
3403 2925 3601 2986 reddit
3631 2925 3824 2988 obno-

442 3024 540 3105 μὲν
585 3018 867 3095 λαϐόντας,
942 3021 1021 3096 μὴ
1079 3020 1486 3102 ἐπιφερομένους
1545 3020 1600 3078 δὲ
1655 3023 1754 3091 τὴν
1821 3027 2093 3105 ἒργασίαν.

2189 3018 2328 3095 xios,
2358 3019 2458 3101 qui
2485 3018 2767 3079 talentum
2801 3015 3040 3096 quidem
3068 3016 3428 3095 accepimus,
3471 3013 3708 3076 lucrum
3733 3023 3825 3077 ta-

447 3103 612 3171 ιὈθεν
658 3112 745 3167 καὶ
781 3113 809 3166 6
857 3110 1044 3189 Κύριος
1096 3111 1446 3190 ὑπογραμμὸν
1502 3109 1694 3186 διδοὺς,
1769 3102 2007 3192 ὡςξμετὰ
2035 3119 2095 3176 τὸ

2189 3131 2320 3173 men
2350 3128 2469 3170 non
2487 3106 2826 3169 retulimus.
2859 3103 3030 3168 Unde
3056 3102 3414 3192 etDominus
3441 3103 3598 3165 velut
3611 3104 3828 3166 adum-

441 3203 718 3280 βάπτισμα
787 3199 877 3256 καὶ
961 3198 1111 3278 ἔργον
1206 3202 1342 3276 ἡμῖν
1451 3197 1557 3276 δεῖ,
1616 3203 1920 3278 βαπτισθεὶς
1993 3207 2095 3280 ὑπδ

2189 3200 2407 3263 brando
2433 3195 2797 3259 nobistradit
2817 3195 2974 3276 quod
3008 3199 3139 3272 post
3164 3191 3462 3272 baptisma
3489 3196 3828 3258 necessaria

416 3290 692 3350 ’.Ἰωάννου
760 3289 862 3356 τὴν
930 3288 1132 3369 ἔρημον
1190 3289 1400 3370 ἔφθασε,
1462 3292 1552 3346 καὶ
1621 3293 1742 3356 τοὺς
1799 3295 1937 3351 κατὰ
2005 3307 2099 3357 τοῦ

443 3377 686 3438 διαϐόλου
729 3375 1013 3458 ἀνεδέχετο
1066 3378 1300 3456 ἀγῶνας,
1353 3381 1452 3439 Καὶ
1496 3379 1702 3447 Παῦλος
1747 3379 1801 3440 δὲ
1844 3399 1960 3450 τοῖς
1997 3384 2096 3455 ἤδη

441 3477 548 3528 τῶν
599 3468 900 3547 μυστηρίων
971 3467 1240 3534 ἆξιωθεϊσι
1287 3483 1559 3548 παραινεῖ,
1606 3470 1799 3551 λέγων,
1854 3498 1878 3530 ι
1915 3482 2099 3536 Σπου-

443 3559 688 3636 δάσωμεν
757 3557 1012 3615 εἰσελθεῖν
1083 3560 1156 3624 εἷς
1227 3559 1433 3627 ἐκείνην
1505 3563 1604 3629 τὴν
1660 3565 2016 3640 κατάπαυσιν,
2068 3591 2091 3626 n

444 3653 519 3716 ὣς
575 3651 671 3707 οὐκ
765 3647 1026 3730 ἀρκούσης
1081 3653 1182 3716 τῆς
1265 3649 1516 3722 πίστεως,
1604 3650 1724 3709 ἀλλ’
1783 3653 2097 3734 ὀφειλούσης

444 3741 794 3820 προστεθῆναι
864 3739 953 3794 καὶ
1017 3743 1118 3806 τῆς
1187 3739 1566 3818 καθαριότητος
1636 3748 1729 3799 τοῦ
1786 3744 1920 3821 βίου,

449 3826 660 3895 πολλὴν
700 3827 818 3906 περὶ
859 3827 1047 3884 τούτου
1087 3826 1328 3906 γενέσθαι
1371 3827 1628 3896 σπουδὴν,

2015 3747 2102 3803 καὶ

537 3941 563 3974 ιι
599 3917 688 3984 Μὴ
757 3914 948 3973 πολλοὶ
1031 3913 1333 3974 διδάσκαλοι
1389 3918 1615 3996 γίνεσθε,
1695 3917 1906 3998 ἀδελγοί
1975 3944 2094 3999 μου,

447 4006 642 4074 εἰδότες
699 4005 780 4062 ὅτι
850 4013 1035 4083 μεῖζον
1133 4020 1303 4086 κρῖμα
1377 4005 1684 4084 ληψόμεθα.
1758 4010 1939 4068 Πολλὰ
1997 4014 2097 4094 γὰρ

441 4097 705 4173 πταίομεν
735 4093 986 4158 ἅπαντες,
1023 4115 1054 4156 )

527 4187 702 4246 Εἰπὼν
768 4184 1016 4264 ἀνωτέρω
1087 4187 1177 4243 καί
1217 4183 1422 4253 διδάξας
1452 4189 1552 4255 τὴν
1579 4188 1755 4246 πίστιν
1810 4189 1888 4266 μὴ
1918 4187 2092 4247 διάκε-

447 4297 533 4336 νον
617 4275 786 4355 ἔργων
883 4273 1180 4332 σπουδαίων
1256 4280 1551 4344 κεκτῆσθαι
1633 4279 1754 4342 τοὺς
1852 4281 2093 4355 πιστοὺς,

2177 3290 2352 3352 nobis
2383 3289 2505 3351 sint
2525 3304 2730 3368 opera,
2767 3303 2902 3347 cum
2933 3301 2966 3344 a
2995 3284 3219 3345 Joanne
3267 3280 3592 3362 baptizatus
3616 3282 3690 3344 ad
3720 3283 3828 3346 de-

2179 3387 2403 3442 sertum
2436 3377 2727 3460 pervenit,
2763 3382 2822 3436 et
2851 3371 3181 3435 certamina
3209 3371 3497 3434 adversus
3525 3371 3828 3434 diabolum

2179 3469 2440 3551 suscepit
2469 3468 2548 3528 33.
2574 3466 2792 3528 Paulus
2813 3481 3046 3545 quoque
3079 3480 3182 3524 eos
3219 3460 3356 3551 _qui_
3398 3460 3679 3542 mysteria
3700 3463 3828 3551 jam

2179 3549 2916 3640 acceperantadhortatur,
2931 3553 3159 3614 dicens:
3178 3549 3576 3640 «Studeamus
3595 3550 3831 3640 ingredi

2178 3649 2241 3710 in
2271 3639 2430 3710 illam
2459 3645 2727 3727 requiem
2754 3644 2820 3693 33
2842 3661 2896 3705 ε»
2925 3641 3094 3722 quasi
3120 3659 3239 3701 non
3267 3639 3515 3702 suﬂiciat
3545 3639 3832 3718 ﬁdes,sed

2183 3739 2321 3801 addi
2343 3755 2577 3819 quoque
2636 3733 2850 3796 debeat
2903 3732 3036 3793 vitae
3095 3729 3344 3810 puritas,
3405 3737 3463 3791 et
3518 3729 3678 3792 circa
3717 3730 3832 3792 hoc

2185 3845 2463 3905 magnum
2494 3823 2773 3887 adhiberi
2805 3820 3097 3884 studium.

2264 3914 2748 3993 Ill,12.Nolite
2801 3911 3007 3991 plures
3062 3909 3342 3989 magistri
3385 3908 3547 3988 ﬁeri,
3607 3907 3835 3988 fratres

2184 4009 2326 4087 mei,
2376 4006 2627 4067 scientes
2674 4001 2832 4082 quod
2917 3999 3116 4078 majus
3149 3998 3464 4076 judicium
3519 3997 3830 4080 sumpturi

2174 4099 2410 4160 simus:
2444 4097 2508 4157 in
2536 4092 2746 4156 multis
2775 4093 2940 4154 enim
2972 4087 3240 4152 labimur
3267 4104 3495 4149 omnes.

2257 4185 2405 4249 Cum
2434 4184 2495 4245 in
2517 4180 2922 4264 superioribus
2942 4177 3188 4240 dixisset
3206 4195 3273 4238 ac
3302 4175 3819 4243 docuissetﬁdeles

2179 4284 2244 4340 ut
2271 4275 2448 4338 ﬁdem
2475 4271 2848 4354 possiderent
2872 4288 2989 4330 non
3011 4284 3258 4330 vacuam
3294 4265 3467 4327 bonis
3517 4266 3824 4351 operibus,

448 4363 645 4444 μετέϐη
674 4366 763 4422 καὶ
791 4362 873 4446 ἐφ’
943 4363 1116 4445 ἕτερον
1187 4363 1409 4446 ἀδελφὺν
1466 4365 1653 4423 αούτοδ
1718 4367 2095 4448 παράγγελμα,

2189 4366 2253 4429 ad
2283 4364 2440 4428 aliud
2473 4361 2705 4424 transiit
2726 4367 3085 4442 praeceptum
3117 4355 3257 4418 huic
3278 4373 3654 4448 germanum.
3685 4355 3831 4420 Ete-

452 4455 576 4537 (Καὶ
603 4455 704 4535 γάρ
760 4445 900 4518 τινες
970 4452 1239 4512 διδάσκειν
1281 4445 1642 4536 ἐπιχειροῦσιν
1685 4455 1718 4511 ἃ
1761 4445 1838 4534 μη
1878 4445 2095 4538 κατώρέ

2189 4456 2308 4518 nim
2340 4453 2578 4535 quidam
2613 4451 2830 4513 docere
2860 4459 3152 4512 conantur
3179 4463 3310 4528 quae
3366 4463 3476 4507 nec
3519 4445 3646 4538 ipsi
3678 4464 3832 4538 prte-

447 4525 630 4603 θωσαν
663 4525 858 4624 abluat).
891 4545 992 4603 Καί
1044 4566 1204 4625 φησιν
1287 4525 1414 4602 ὅτι..
1442 4525 1627 4621 μεῖζον
1683 4525 1772 4603 16'
1799 4561 1970 4627 κρῖμα
1995 4525 2095 4606 1ti

2189 4525 2384 4608 stant-2
2419 4551 2476 4605 et
2505 4542 2585 4604 ait
2612 4539 2772 4622 quod
2821 4539 3015 4618 majus
3073 4525 3828 4627 eritieorumujudicium,

445 4635 701 4693 τοιούτων
768 4634 904 4711 μετά
971 4643 1066 4693 τοῦ
1121 4633 1288 4711 μηδὲν
1354 4633 1664 4714 κερδαίνειν.
1754 4627 1812 4695 Ὀ
1882 4638 1982 4718 γὰρ
2038 4638 2103 4694 τὰ

448 4730 529 4804 μὴ
578 4726 842 4808 προσόντα
899 4724 1140 4784 διδάσκον
1232 4729 1305 4792 ὡς
1383 4727 1509 4784 ὄντα
1571 4729 1737 4804 acup,
1823 4731 2102 4810 κατάριτός

450 4817 590 4874 ἐστιν
619 4819 694 4882 ὡς
744 4815 829 4874 διὰ
898 4820 997 4884 τῆς
1056 4816 1215 4873 αὗτοῦ
1285 4814 1537 4896 γλώσσης
1580 4818 1911 4880 ὀλισθαίνων.
2004 4820 2102 4876 Καὶ

449 4903 678 4984 βεϐαιῶν
742 4912 900 4963 τοῦτο
955 4905 1014 4962 ἐκ
1083 4907 1360 4986 περουσίας
1443 4908 1626 4988 φησίν.
1719 4909 1778 4966 Εἰ
1846 4908 1945 4988 γὰρ
2014 4910 2112 4968 καὶ.

450 4995 627 5060 ἄλλως
692 4998 728 5066 ἡ
791 4995 1011 5076 γλῶσσα
1064 4996 1296 5077 πέφυκεν
1379 4994 1689 5054 ὀλισθαίνειν
1762 4995 1814 5063 ἐξ
1882 4998 2105 5078 ἀπροσε-

449 5083 559 5152 ξίας
601 5087 676 5143 ὧν
745 5088 835 5144 καὶ
889 5087 951 5142 16
1007 5099 1174 5166 κρῖμα
1218 5087 1313 5144 οὒκ
1379 5085 1755 5168 ἀποδιδράσκει
1826 5090 1854 5144 6
1909 5089 2106 5157 ταύτην

450 5175 803 5252 κεκτημένος,
837 5178 910 5241 ὡς
942 5176 1200 5253 Σολομῶν
1230 5200 1384 5259 φησι,
1413 5176 1606 5256 λέγων,
1648 5197 1678 5238 (
1725 5176 1806 5235 Δι’
1849 5179 2108 5259 ἁμαρτίαν

449 5264 682 5347 χειλέων
727 5266 1019 5344 ἐμπίμπτει
1064 5269 1136 5331 εἷς
1166 5266 1360 5347 παγίδα
1388 5266 1728 5348 ἁμαρτωλόςι
1754 5288 1784 5330 )
1820 5273 1962 5336 ἦπου
1985 5267 2049 5324 ἂν
2078 5271 2105 5325 6

452 5355 513 5412 ἐκ
539 5355 786 5437 προνοίας
845 5357 1182 5439 ἁμαρτάνων,
1239 5355 1498 5417 διδάσκων
1552 5363 1621 5436 τῇ
1690 5356 1910 5437 γλώσσῃ
1941 5356 1974 5414 ά
2026 5361 2104 5435 μὴ

532 5523 590 5569 ³⁸
618 5522 810 5588 Galat.
837 5541 902 5595 ιτ,
936 5526 995 5589 6.
1085 5523 1138 5570 ³⁷
1170 5527 1322 5591 Gen.
1350 5543 1448 5603 xv,
1481 5527 1542 5590 6.

1655 5523 1711 5568 ’3
1740 5524 2068 5614 Gen._1_tx_u,
2099 5529 2176 5593 10
2200 5544 2368 5614 seqq.

2184 4632 2664 4716 quandoquidem
2697 4628 2846 4692 nihil
2873 4627 3024 4690 lucri
3079 4625 3424 4716 attulerunt.
3455 4623 3600 4716 Nam
3634 4625 3737 4706 qui
3764 4643 3835 4687 ea

2185 4712 2357 4786 docet
2377 4712 2509 4804 quae
2542 4740 2661 4782 non
2691 4723 3241 4804 prosunttanquamﬁ
3262 4714 3364 4776 illa
3393 4712 3648 4804 habens,
3682 4731 3831 4776 con-

2185 4802 2500 4876 demnatus
2530 4817 2624 4872 est
2655 4806 2832 4870 veluti
2861 4825 2967 4868 sua
2998 4805 3202 4884 lingua
3231 4803 3449 4883 lapsus.
3486 4802 3610 4864 Hoc
3630 4810 3832 4864 autem

2185 4900 2582 4966 abundantius
2604 4898 2962 4961 conﬁrmans
2983 4894 3149 4956 dicit.
3173 4893 3519 4973 Quanquam
3539 4891 3698 4954 enim
3720 4892 3834 4954 alio

2187 5010 2425 5074 quoque
2453 4990 2629 5052 modo
2659 5006 2727 5050 ex
2758 4982 3132 5074 negligentia
3166 4999 3356 5074 prona
3386 4989 3474 5042 est
3526 4981 3733 5074 lingua
3761 4982 3836 5074 ad

2189 5071 2534 5161 labendum,
2567 5079 2628 5141 in
2646 5095 2717 5140 ea
2737 5092 2988 5158 quorum
3003 5071 3305 5161 judicium,
3324 5089 3443 5161 non
3477 5071 3718 5161 etiugiet
3737 5071 3840 5152 qui

2189 5175 2344 5237 hanc
2372 5159 2580 5232 nactus
2609 5175 2721 5241 est,
2756 5160 3260 5247 quemadmodum
3294 5160 3473 5223 habet
3529 5159 3836 5238 Solomon,

2190 5263 2397 5325 dicens
2422 5283 2436 5325 :
2457 5260 2599 5320 460
2622 5277 2647 5310 α
2669 5261 2919 5336 Propter
2941 5260 3254 5334 peccatum
3289 5249 3588 5312 labiorum
3631 5249 3842 5312 incidit

2189 5358 2250 5419 in
2275 5356 2550 5437 laqueum
2573 5347 2982 5433 peccator“;
3033 5343 3222 5406 multo
3274 5349 3471 5405 tamen
3524 5343 3711 5424 magis
3740 5341 3842 5424 qui

2480 5521 2535 5566 ’9
2564 5520 2750 5585 Hebr.
2783 5537 2842 5584 χι
2873 5515 3101 5582 17-19.·
3198 5510 3254 5556 ³ο
3280 5511 3454 5579 Rom.
3487 5529 3571 5596 Iv,
3603 5512 3642 5578 6
3669 5529 3836 5594 seqq.

450 5604 500 5650 ³⁸
535 5605 692 5668 Psal.
725 5622 887 5683 uxr,
917 5607 980 5672 2.
1069 5604 1124 5650 39
1149 5605 1360 5672 Matth.
1391 5623 1472 5683 ιγ,
1504 5613 1532 5672 4
1569 5626 1736 5691 seqq.
1823 5607 1878 5654 ³³
1901 5604 2086 5673 Hebr.

2189 5604 2345 5694 ,4."
2380 5604 2772 5677 “Pi-omni,
2810 5604 2909 5666 43.
