4136 6426
337 351 458 417 483

1478 345 1893 412 (ῈΟΙΙΜΕΝΙΙ
1936 342 2232 407 ΤΒῙΟΟιΕ
2271 340 2604 405 EPISCOPI

3618 331 3740 395 484

342 487 541 550 sciens
591 505 660 549 ac
714 485 1027 548 advertens
1075 491 1302 563 peccat,
1340 482 1544 561 lingua
1572 479 1842 542 docendo
1873 493 1999 557 quin

2212 472 2363 551 πείρᾳ
2431 472 2758 549 μεμάθηκεν,
2847 468 3108 549 ἀποφύγοι
3207 468 3306 536 τὴν
3390 465 3733 548 ἆδιάδραστον

342 577 712 658 experientia
733 594 852 637 non
874 573 1483 654 didicit,nequaquam
1504 571 1763 650 effugere
1783 567 2000 649 poterit

341 685 577 748 poenam
610 663 1038 728 inevitabilem.

995 781 1235 846 CAPUT
1281 785 1353 846 V.

341 902 508 978 Quod
532 920 796 984 prazceps
853 908 912 964 et
937 901 1339 979 incomposita
1371 897 1592 984 lingua
1621 901 1827 958 enecat
1856 911 1995 955 eum

420 978 546 1063 qui"
578 978 776 1063 ipsain
824 990 1047 1045 nactus
1075 978 1158 1042 est
1216 1000 1229 1038 :
1264 994 1460 1063 quam
1488 978 1733 1063 vincere
1762 991 1998 1063 necesse

417 1058 498 1126 est
530 1058 619 1126 ad
665 1062 914 1125 laudem
962 1070 1014 1124 et
1045 1063 1311 1139 gloriam
1354 1058 1461 1119 Dei
1498 1079 1510 1118 :
1542 1059 1610 1117 in
1658 1075 1777 1136 quo
1810 1059 1996 1139 etiam

421 1151 638 1207 tractat
658 1145 730 1205 de
763 1144 914 1205 bona
937 1135 1387 1204 conuersatione
1411 1145 1466 1198 et
1486 1139 1613 1198 sine
1636 1135 1776 1198 rixa
1806 1135 1992 1196 unius

417 1225 705 1287 adversus
730 1225 1033 1290 aliumet
1050 1222 1258 1301 gloria:
1279 1218 1872 1301 cupiditatemropter
1887 1233 1991 1301 sa-

414 1305 712 1386 pientiam
763 1297 1136 1386 humanam;
1170 1308 1226 1363 et
1275 1297 1362 1361 de
1389 1300 1603 1386 divina
1629 1297 1936 1376 sapientia
1972 1315 1985 1357 :

419 1378 479 1448 et
521 1385 679 1465 quod
736 1401 810 1465 ea:
879 1378 1172 1465 socordia!
1221 1388 1279 1442 et
1334 1378 1709 1465 voluptatum
1785 1391 1993 1465 arnore

422 1457 711 1528 oriantur
734 1464 874 1526 lites
902 1481 970 1524 ac
995 1463 1311 1524 seditiones
1332 1467 1388 1521 el
1417 1457 1744 1521 inimicitia
1774 1457 1989 1518 adver-

422 1563 526 1608 sus
559 1547 751 1607 Denm
774 1567 798 1616 ;
828 1550 886 1606 et
923 1545 1002 1605 de
1030 1541 1445 1621 resipiscentia
1503 1539 1583 1601 ad
1612 1538 1893 1612 salutem,
1929 1553 2000 1598 ac

421 1627 493 1687 de
521 1643 643 1687 non
646 1629 682 1704 j
689 1624 984 1686 uilicando
1002 1628 1384 1702 proximum.

426 1740 526 1822 IlI,
555 1741 692 1803 9-4.
729 1739 802 1802 Si
847 1740 981 1819 quis
1034 1741 1098 1799 in
1149 1753 1424 1799 sermone
1451 1753 1570 1798 non
1618 1734 1871 1814 labitur,
1905 1732 2002 1795 hic

2079 559 2251 629 δίκην,

2719 781 2969 835 unum.
2998 763 3078 833 ε’.

2086 917 2113 949 α
2182 883 2312 951 ”Οτι
2367 896 2401 962 ἡ
2452 894 2722 973 προπετὴς
2781 896 2869 950 καὶ
2947 893 3172 958 ἄτακτος
3242 893 3454 972 γλῶττα
3509 897 3729 951 θανατοϊ

2155 977 2244 1030 τὸν
2305 978 2655 1054 κεκτημένον,
2714 977 2782 1040 ἧς
2841 988 3063 1053 κρατεῖν
3132 975 3337 1053 ἀνάγκη
3417 977 3490 1040 εἷς
3547 976 3716 1054 εὔφη-

2159 1055 2281 1129 μίαν
2349 1057 2436 1110 καὶ
2491 1053 2640 1119 δόξαν
2739 1061 2830 1111 τοῦ
2906 1062 3062 1114 Θεοῦ.
3150 1055 3238 1113 Ἐν
3419 1057 3536 1130 περὶ
3590 1053 3726 1110 ἅνα-

2159 1140 2390 1215 στροιρῆς
2418 1135 2651 1215 Δἀγαθῆς
2737 1137 2824 1191 καὶ
2917 1135 3136 1215 ἀμάχω
3245 1138 3372 1214 πρὸι
3454 1134 3719 1206 ἀλλήλους

2155 1214 2215 1269 ἐκ
2287 1212 2578 1295 φιλοδοξίας
2663 1215 2758 1282 τῆς
2847 1215 2932 1271 ἐπὶ
3004 1212 3157 1295 σοφία
3233 1212 3556 1296 ἀνθρωπινη,
3639 1215 3728 1271 καὶ

2153 1296 2304 1376 περὶΔ
2351 1296 2490 1360 θείας
2551 1297 2756 1376 σοφίας,
2855 1297 2944 1352 καὶ
3026 1297 3106 1352 ὅτι
3190 1295 3250 1352 ἐκ
3332 1295 3586 1374 ίραθυμίας
3642 1296 3734 1350 καὶ

2153 1371 2477 1456 φιληδονίας,
2551 1371 2656 1456 ἔρις
2717 1376 2804 1432 καὶ
2900 1377 3257 1435 ἀκαταστασία
3315 1371 3400 1434 καὶ
3479 1379 3513 1444 ἡ
3584 1378 3718 1454 πρὸς

2161 1459 2288 1512 Θεὸν
2359 1455 2521 1536 ἔχθρα
2580 1455 2840 1534 ⁷γίνεται,
2890 1459 2978 1514 καὶ
3047 1459 3164 1537 περὶ
3262 1457 3540 1533 μετανοίας
3627 1458 3724 1537 ,είς

2163 1537 2448 1615 σωτηρίαν,
2521 1539 2608 1594 καὶ
2663 1539 2779 1615 περὶ
2861 1545 2952 1595 τοῦ
3051 1536 3128 1614 μὴ
3196 1539 3386 1617 κρίνειν
3435 1541 3528 1594 τὸν
3581 1536 3732 1603 πλη-

2163 1639 2298 1676 σιον.
2338 1641 2364 1672 οι

2171 1739 2198 1771 α
2249 1714 2314 1772 Εἴ
2345 1737 2426 1780 τις
2468 1715 2523 1772 ἐν
2554 1714 2698 1796 διόγῳ
2726 1717 2788 1773 σὺ
2850 1719 3024 1773 πταίει
3095 1717 3246 1778 οὗτος
3302 1713 3502 1778 τέλειος
3572 1715 3727 1795 ἀνὴρ,

335 1803 637 1912 perfectus
667 1834 756 1892 est
778 1803 894 1906 viri,
931 1828 1044 1907 qui
1065 1831 1256 1906 possit
1277 1827 1448 1904 freno
1478 1825 1780 1887 moderari
1807 1803 1999 1885 totum

2101 1805 2298 1868 ἷυνατὸς
2373 1803 2820 1885 χαλιναγωγῆσαι
2904 1807 2992 1861 καὶ
3093 1803 3215 1861 ὅλον
3272 1807 3332 1860 τὸ
3409 1808 3586 1880 σῶμα,
3675 1807 3732 1863 Εἰ

340 1926 521 1983 etiam
569 1936 804 1999 corpus.
857 1916 1016 1979 Ecce
1047 1922 1250 1978 autem
1295 1916 1362 1977 in
1384 1933 1491 1976 ora
1517 1932 1803 1994 equorum
1827 1915 2002 1992 frena

343 2010 735 2072 immittimus
756 2015 822 2069 ut
845 2013 1101 2086 pareant
1130 2005 1390 2077 nobis,et
1415 2013 1606 2066 totum
1640 2021 1852 2083 corpus
1884 2004 2002 2064 cir-

343 2114 479 2159 cum
508 2098 770 2178 agimus.
809 2094 966 2156 Ecce
1003 2111 1192 2155 naves
1221 2110 1456 2172 quoque
1495 2110 1632 2154 cum
1665 2095 1847 2154 luntre
1874 2094 2000 2152 sint

343 2194 400 2248 et
430 2204 467 2248 α
497 2187 694 2248 ventis
723 2185 900 2246 strvis
929 2188 1220 2262 aguntur,
1255 2200 1291 2244 α
1320 2184 1568 2244 minimo
1595 2181 1998 2261 gubernaculo

345 2276 850 2354 circumaguntur
877 2287 1250 2352 quocumque
1276 2271 1529 2351 impetus
1557 2271 1879 2349 dirigentis
1903 2287 1999 2331 vo-

349 2363 552 2427 luerit.

425 2539 590 2614 Quod
627 2539 1046 2602 inevitabiliter
1084 2539 1282 2602 nullus
1322 2538 1630 2600 hominum
1663 2538 1834 2600 vitam
1859 2537 2000 2599 abs-

343 2649 463 2712 que
498 2637 740 2711 peccato
775 2630 1092 2708 transigat,
1121 2649 1189 2691 ex
1247 2629 1468 2707 linguae
1497 2627 1833 2689 lubricitate
1863 2646 1999 2688 con-

344 2721 540 2782 ﬁrmat
595 2718 674 2780 Ex
734 2717 942 2780 eadem
1005 2737 1143 2780 vero
1201 2717 1377 2779 etiam
1429 2717 1796 2778 demonstrat
1855 2715 2002 2777 nulli

352 2808 779 2890 perfectionem
834 2807 1198 2887 contingere.
1236 2808 1367 2868 461
1405 2805 1547 2878 Quis
1587 2806 1746 2867 enim
1781 2813 1871 2866 est
1900 2805 1999 2885 qui

350 2918 467 2960 non
488 2897 773 2959 erraverit
797 2914 902 2976 per
953 2897 1206 2976 linguam
1232 2916 1399 2958 suam
1422 2897 1448 2954 ?
1469 2895 1635 2968 Quod
1661 2896 1707 2955 si
1725 2895 1859 2976 quis
1879 2913 2001 2957 suae

349 2988 564 3066 lingnaa
597 2985 997 3048 lubricitotem
1047 2987 1372 3066 superavit,
1406 3004 1601 3046 annon
1628 2984 1723 3044 hic
1751 2983 2001 3044 idoneus

345 3087 436 3138 est
467 3076 568 3156 qui
594 3083 780 3135 totum
812 3092 1029 3154 corpus
1061 3075 1469 3154 circumagat?
1507 3073 1653 3134 Nam
1685 3073 1734 3134 is
1764 3072 1864 3152 qui
1888 3073 1999 3133 de--

344 3165 481 3228 vicit
514 3163 658 3227 illud
704 3161 862 3242 quod
887 3163 1233 3225 facillimum
1267 3173 1356 3225 est
1384 3163 1454 3225 ad
1491 3163 1745 3243 lapsum,
1780 3181 1998 3241 nequa.

2082 1892 2136 1950 δὲ
2195 1901 2301 1950 τῶν
2353 1893 2540 1950 ’ίππων
2625 1895 2746 1959 τοὺς

2083 1981 2418 2059 ἐμϐάλλομεν
2528 1986 2659 2064 πρὸς
2746 1986 2804 2040 τὸ
2917 1987 3179 2040 πείθεσθαι
3287 1983 3471 2047 αὐτοὺς
3571 1987 3732 2058 ἡμιν,

2083 2074 2170 2128 καὶ
2201 2071 2322 2129 ὅλον
2393 2074 2452 2128 τὸ
2515 2079 2672 2148 σῶμα
2725 2075 3050 2152 μετάγομεν,
3088 2071 3216 2129 Ἰδοὺ
3289 2074 3377 2129 καὶ
3446 2073 3512 2128 τὰ
3565 2071 3733 2148 πλοῖα

2857 1894 3111 1974 χαλινοὺς
3211 1895 3283 1958 εἰς
3361 1895 3426 1949 τὰ
3494 1894 3732 1970 στόματα

2080 2160 2372 2228 τηλικαῦτα
2511 2163 2634 2218 ὄντα
2741 2166 2828 2220 καὶ
2953 2165 3055 2219 ὑπὸ
3167 2161 3413 2240 σκληρῶν
3523 2161 3735 2238 ἀνέμων

2081 2249 2402 2326 ἐλαυνόμενα
2524 2253 2809 2330 μετάγεται
2915 2254 3015 2308 ὑπὸ
3145 2249 3432 2331 ελαχίστου
3552 2249 3733 2319 πηδα-

2079 2338 2192 2396 )ίου
2273 2337 2405 2398 ὅπου
2459 2338 2522 2396 ἂν
2611 2343 2646 2409 ἡ
2731 2341 2871 2419 ὁρμή
2954 2340 3048 2398 τοῦ
3133 2341 3428 2406 εὒθύνοντος
3529 2340 3731 2417 βούληαι

2083 2450 2191 2489 ται,
2231 2451 2260 2484 ι

2166 2531 2236 2588 Τὸ
2265 2528 2609 2612 ἀδιάφευκτον
2637 2542 2730 2592 τοῦ
2785 2534 2862 2608 μή
2917 2554 3035 2589 τινα
3091 2532 3242 2596 ἐκτὸς
3301 2531 3557 2609 ἁμαρτίας
3612 2529 3732 2587 δια-

2083 2617 2327 2677 ϐιώσκειν
2382 2621 2688 2702 ἀνθρώπων,
2764 2623 2869 2679 ἀπὸ
2922 2630 3014 2680 τοῦ
3083 2627 3180 2692 τῆς
3238 2621 3489 2701 γλώσσης
3561 2621 3734 2678 εὺολί-

2085 2713 2206 2766 σθου
2236 2717 2510 2767 πιστοῦται
2585 2710 2679 2767 Ἐκ
2705 2712 2885 2768 τούτου
2957 2711 3010 2768 δὲ
3065 2713 3152 2769 καὶ
3203 2715 3264 2768 τὸ
3309 2709 3495 2788 μηδενὶ
3564 2733 3733 2791 προσ-

2085 2813 2222 2856 εῖναι
2253 2801 2312 2855 τὸ
2355 2799 2555 2856 τέλειον
2583 2801 2882 2879 περίστησι,
2916 2803 3005 2868 Τίς
3058 2804 3157 2881 γὰρ
3209 2802 3265 2865 ὃς
3335 2803 3438 2882 οὐχ
3497 2800 3732 2879 ἥμαρτεν

2085 2889 2138 2945 ἐν
2167 2896 2233 2965 τῇ
2263 2887 2482 2968 γλώσσῃ
2507 2890 2665 2948 αὒτοῦ
2711 2913 2728 2968 ς
2777 2893 2834 2948 Εἰ
2883 2889 2938 2947 δὲ
3009 2899 3100 2949 τοῦ
3171 2891 3434 2951 εὒολίσθου
3489 2891 3735 2971 περιεγέ-

2083 3001 2198 3035 νετο
2226 2985 2324 3046 τῆς
2369 2978 2616 3058 γλώσσης
2667 2982 2854 3038 ἐσυτοῦ
2920 3004 3019 3057 τις,
3093 2988 3209 3047 πῶς
3269 2983 3392 3062 οὐχὶ
3448 2984 3536 3038 καὶ
3608 2979 3732 3038 ὅλον

2085 3071 2235 3133 οὗτος
2265 3071 2441 3132 ἱκανὸς
2473 3071 2532 3125 τὸ
2563 3071 2717 3145 σῶμα
2764 3084 3040 3150 περιαγεῖν
3109 3071 3286 3134 καλῶς
3324 3090 3340 3152 ς
3388 3062 3444 3128 Ὀ
3501 3071 3601 3149 γὰρ
3645 3080 3737 3128 τοῦ

2085 3160 2216 3236 πρὸς
2244 3160 2304 3214 τὸ
2333 3164 2543 3216 πταίειν
2614 3159 2828 3219 εὖκόλου
2875 3163 3143 3236 κρατήσας
3204 3159 3380 3241 σχολῇ
3440 3181 3501 3238 γε
3572 3159 3634 3214 ἃν
3691 3161 3735 3214 εἱ

345 3273 524 3336 quam
550 3253 824 3333 superari
840 3252 1137 3334 poteritab
1160 3270 1233 3315 e0
1255 3253 1412 3334 quod
1448 3256 1618 3329 longe
1641 3251 1866 3313 tardius
1887 3261 1999 3329 est.

2101 3258 2177 3307 τοῦ
2205 3247 2518 3328 νωθεστέρου
2574 3249 2652 3324 μή
2695 3251 2940 3327 κυριεύοι.
2977 3273 3000 3307 ιι
3053 3253 3107 3307 Εἰ
3151 3249 3206 3306 δὲ
3234 3257 3339 3306 τῶν
3393 3249 3577 3306 ἵππων
3609 3249 3736 3315 τοὺς

348 3369 376 3400 α
413 3344 567 3406 Ecce
596 3351 790 3404 autem
853 3343 913 3402 in
973 3361 1076 3404 ora
1137 3361 1449 3423 equorum.
1488 3367 1513 3398 ι)
1549 3341 1675 3403 Hoc
1708 3340 1882 3404 modo
1919 3356 2007 3405 est

344 3433 560 3495 litterae
621 3431 966 3493 ordinatio:
1029 3430 1095 3492 In
1126 3451 1229 3493 ora
1285 3449 1573 3512 equorum
1628 3430 2006 3494 immittimus

342 3524 513 3584 frena
542 3543 556 3582 :
587 3520 701 3582 nisi
726 3519 979 3582 enimita
1007 3519 1895 3602 componatur,inintelligibilis
1919 3531 2006 3584 est

344 3629 543 3674 sermo
581 3609 889 3690 (videlicet
931 3609 980 3670 si
1030 3609 1232 3673 Graeca
1262 3609 1437 3672 verba
1467 3628 1665 3672 sumas
1695 3628 1764 3671 eo
1795 3611 2006 3674 ordine

343 3720 462 3782 quo
510 3700 621 3762 sita
653 3700 837 3778 sunt).
874 3700 1013 3761 Haec
1072 3707 1267 3761 autem
1313 3701 1623 3761 confirmat
1652 3699 1710 3761 id
1743 3701 1898 3781 quod
1931 3701 2005 3762 de

343 3790 546 3868 lingua
578 3789 801 3850 dictum
837 3795 1013 3862 est,et
1046 3789 1238 3867 majus
1272 3790 1451 3851 etiam
1486 3790 1767 3870 quiddam
1791 3807 2001 3869 aggre-

344 3879 506 3941 ditur
543 3897 556 3941 :
598 3896 816 3958 nempe
840 3877 994 3958 quod
1028 3876 1079 3938 is
1109 3878 1207 3959 qui
1231 3879 1453 3960 redigit
1483 3880 1727 3940 insuam
1752 3888 2003 3958 potesta-

343 3977 463 4030 tem
497 3968 554 4029 id
582 3967 740 4049 quod
772 3967 945 4028 facile
969 3975 1059 4028 est
1081 3976 1143 4027 ut
1164 3969 1760 4050 componatur,etiam
1786 3987 1998 4050 super-

342 4057 466 4120 abit
484 4058 540 4119 id
570 4057 726 4138 quod
752 4057 1076 4120 difﬁculter
1101 4058 1340 4120 tractari
1363 4065 1580 4139 potest.
1615 4058 1728 4120 Per
1748 4059 1860 4120 hoc
1891 4078 2002 4121 au-

343 4152 463 4207 tem
496 4145 670 4206 solvit
701 4144 1473 4225 objectionem.Verisimile
1501 4147 1660 4208 enim
1695 4154 1820 4208 erat
1847 4147 2001 4227 quod

344 4233 638 4315 quispiam
701 4233 813 4294 hoc
870 4232 1263 4314 subjungeret
1293 4255 1306 4297 :
1341 4234 1484 4307 Quis
1543 4234 1709 4297 lnbor
1740 4244 1830 4296 est
1857 4235 2004 4298 adeo

341 4340 587 4403 parvum
621 4321 958 4401 gubernare
1011 4323 1346 4384 membrum
1369 4325 1399 4384 ‘?
1421 4332 1522 4387 aut
1552 4326 1708 4406 quod
1742 4325 2002 4387 futurum

2089 3335 2366 3417 χαλινούς.
2406 3359 2429 3395 ι
2471 3329 2532 3394 Ἠ
2567 3337 2802 3404 σύνταξις
2830 3339 2996 3404 οὕτως
3031 3359 3048 3376 ο
3083 3342 3170 3403 Εἰς
3222 3341 3288 3396 τὰ
3344 3339 3583 3414 στόματα
3625 3337 3732 3393 τῶν

2085 3426 2271 3482 ’ίππων
2301 3425 2635 3503 ἐμϐάλλομεν
2705 3429 2824 3493 τοὺς
2896 3429 3170 3510 χαλινούς.
3217 3430 3274 3485 Εἰ
3307 3429 3407 3507 γὰρ
3450 3427 3527 3503 μὴ
3599 3426 3736 3484 οὕτω

2091 3517 2392 3595 συνταγείη,
2451 3517 2732 3586 άιανόητος
2790 3522 2818 3576 ὁ
2870 3517 3052 3598 λόγος.
3159 3518 3623 3578 Κατασκευαστικὰ
3679 3515 3732 3572 δὲ

2087 3612 2250 3662 ταῦτα
2277 3616 2368 3664 τοῦ
2396 3608 2512 3686 περὶ
2567 3613 2665 3674 τῆς
2721 3606 2972 3686 γλώσσης
3026 3608 3330 3686 εἰρημένου,
3379 3607 3468 3664 καὶ
3525 3607 3585 3664 ἐκ
3643 3615 3732 3664 τοῦ

2089 3693 2292 3771 μᾶλλον
2365 3695 2781 3776 ἐπιχειροῦντος,
2854 3698 2934 3756 ὅτι
2994 3701 3021 3754 ὁ
3064 3720 3157 3754 του
3213 3699 3341 3776 πρὸς
3411 3696 3731 3775 μεταγωγὴν

2087 3783 2302 3842 εὖκόλου
2359 3786 2628 3866 κυριεύων,
2686 3789 2772 3843 καὶ
2833 3797 2925 3845 τοῦ
3001 3785 3502 3866 δυσμεταχειρίστου
3587 3787 3733 3850 οὗτος

2085 3875 2496 3951 κατακρατήσει.
2535 3873 2878 3934 Ἀντιπῖπτον
2921 3874 2974 3931 δὲ
3031 3875 3085 3932 ἐν
3154 3878 3327 3950 ταύτῷ
3382 3874 3514 3937 λύει,
3576 3875 3728 3936 Εἰκὸς

2083 3963 2184 4041 γάρ
2251 3985 2366 4019 τινα
2426 3963 2740 4046 ἐπαγαγεῖν,
2819 3964 2922 4044 ὅτι,
2983 3967 3081 4024 Καὶ
3160 3968 3238 4030 τίς
3307 3965 3472 4028 κόπος
3545 3966 3734 4043 μικρὸν

2086 4051 2223 4107 οὕτω
2253 4049 2572 4131 κυϐερνῆσαι
2598 4053 2799 4135 μέλοςς
2881 4059 2925 4111 Η
2996 4077 3075 4118 τις
3137 4056 3241 4112 ἀπὸ
3299 4062 3390 4111 τοῦ
3447 4052 3733 4133 ἐλάχιστοι»

2083 4139 2419 4218 γενησομένη
2469 4139 2684 4219 BMG-:1;
2746 4145 2843 4200 Καὶ
2897 4141 3120 4200 δείκνυσι
3169 4145 3258 4200 καὶ
3325 4149 3489 4199 ταῦτα
3546 4141 3606 4197 ἔκ
3673 4161 3732 4197 τε

2087 4237 2178 4286 τοὺ
2240 4228 2464 4310 χαλινοῦ
2533 4233 2622 4288 καὶ
2679 4239 2772 4289 τοῦ
2823 4231 3082 4294 πηδαλίου
3136 4234 3223 4290 καὶ
3278 4239 3371 4290 τοῦ
3423 4231 3730 4310 σπινθῆρος,

2088 4319 2120 4375 ἃ
2164 4322 2324 4399 μικρὰ
2349 4320 2446 4396 μὲν
2473 4319 2608 4397 ἔστι,
2638 4321 2844 4399 μεγάλα
2885 4320 2940 4379 δὲ
2983 4321 3259 4383 ἀποτελεῖ.
3329 4355 3406 4367 -
3479 4310 3727 4383 (Ἄλλως,

348 4399 438 4474 est
454 4429 488 4472 a
518 4399 765 4472 minimo
789 4411 1060 4473 membro
1076 4422 1500 4475 nocumentum
1525 4399 1645 4476 ?Et
1661 4414 1786 4476 haec
1809 4423 1999 4476 osten-

2101 4399 2219 4466 ’Ἐτι
2274 4411 2362 4468 καὶ
2408 4411 2572 4467 ταῦτα
2624 4414 2742 4491 περὶ
2793 4420 2886 4470 τοῦ
2961 4414 3038 4489 μὴ
3095 4411 3207 4470 δεῖν
3270 4414 3343 4475 ὡς
3419 4409 3576 4490 ἔτυχε
3631 4409 3731 4477 τὴν

347 4501 435 4563 dit
458 4519 491 4562 a
511 4501 680 4562 freno
709 4509 764 4562 et
789 4500 1190 4580 gubernaculo
1213 4511 1274 4564 et
1302 4521 1337 4564 a
1353 4467 1620 4565 scintilla
1632 4467 1999 4584 ρυῖηἶῖπίἷιὶὲ

2101 4497 2332 4575 γλῶσσαν
2389 4512 2580 4580 κινεῖν,
2632 4467 2752 4558 ἀλλ’
2805 4502 2888 4558 ἐπὶ
2961 4467 3038 4558 ’τάξ
3115 4503 3336 4581 κρείττω
3395 4467 3730 4580 μετάίρέρειν,

345 4589 588 4672 quidem
623 4597 781 4664 sunt,
815 4590 920 4652 sed
964 4609 1176 4668 magna
1208 4591 1496 4654 efﬁciunt.
1536 4629 1605 4638 ——
1638 4592 1773 4656 Alio
1801 4594 1996 4655 modo.

2101 4589 2157 4650 bc
2201 4588 2357 4644 ἵππω
2382 4589 2574 4667 θράσος
2622 4596 2700 4664 τῷ
2736 4590 2969 4671 χαλινῷ,
3041 4593 3130 4648 καὶ
3171 4590 3360 4650 πλοίο)
3428 4591 3596 4668 ὁρμὴν
3655 4593 3732 4661 τῷ

347 4682 646 4744 Praeterea
675 4699 909 4761 quoque
941 4681 1266 4743 ostendunt
1295 4683 1420 4744 haec
1438 4702 1555 4745 non
1581 4691 1856 4764 Oportere
1879 4682 1997 4744 lin-

2101 4676 2348 4753 πηδαλίῳ.
2383 4679 2560 4744 Οὕτως
2589 4682 2676 4736 οὖν
2705 4683 2792 4737 καὶ
2847 4682 2948 4750 τὴν
2991 4689 3234 4760 γλῶσσαν
3267 4682 3338 4745 εἷς
3394 4681 3456 4736 τὸ
3519 4679 3576 4735 εὖ
3605 4676 3734 4758 ἕχον

348 4788 524 4851 gnam
559 4777 790 4832 temere
819 4789 1082 4845 movere,
1118 4772 1224 4833 sed
1255 4773 1326 4834 ad
1361 4773 1996 4835 meliora-transferre:

2101 4775 2162 4842 τῷ
2189 4770 2322 4848 ὀρθῷ
2365 4767 2510 4847 λόγῳ
2566 4772 2812 4850 μετάγειν
2881 4772 3184 4852 ὀφείλομεν.
3259 4774 3330 4829 Τὸ
3386 4771 3510 4850 γὰρ,
3582 4768 3732 4826 Οὕτω

346 4860 850 4940 quemadmodum
901 4861 1040 4942 equi
1089 4860 1460 4924 ferocitatem
1507 4863 1698 4939 freno,
1753 4870 1810 4923 et
1839 4862 1999 4924 navis

2101 4859 2173 4913 ιαὶ
2227 4860 2261 4925 ἡ
2305 4856 2542 4936 γλῶσσα,
2602 4867 2757 4916 τοῦτο
2813 4862 3082 4937 σημαίνει,
3147 4860 3227 4917 ὅτι
3311 4860 3476 4917 οὖτων
3534 4857 3729 4937 ὀφείλει

345 4949 634 5031 impetum
669 4949 1092 5029 gubernaculo.
1128 4950 1214 5014 Ita
1244 4951 1420 5031 igitur
1449 4960 1509 5014 et
1550 4953 1813 5029 linguam
1840 4951 1912 5012 ad
1936 4951 1997 5014 id

347 5037 504 5118 quod
546 5038 788 5119 expedit
817 5049 980 5102 recto
1009 5059 1287 5103 sermone
1319 5041 1640 5103 transferre
1681 5040 1992 5104 debemus.

346 5128 498 5190 Nam
535 5129 648 5188 hoc
696 5127 980 5206 signiﬁcat
1027 5130 1184 5212 quod
1218 5130 1298 5192 ait
1331 5152 1344 5192 :
1380 5130 1464 5192 Ita
1499 5139 1556 5192 et
1585 5130 1806 5209 lingua,
1838 5131 1996 5211 quod

344 5215 462 5278 hoc
485 5215 659 5276 modo
700 5216 879 5278 debet
921 5219 1128 5298 lingua
1155 5229 1321 5282 recto
1352 5239 1628 5285 sermone
1649 5219 1994 5301 circumagi,

348 5311 410 5366 et
438 5323 556 5366 non
609 5305 722 5365 hoc
773 5307 966 5369 facere
997 5309 1156 5389 quod
1189 5310 1366 5372 facit:
1425 5330 1559 5373 cum
1596 5310 1755 5372 enim
1790 5309 2001 5392 pusilla

348 5394 447 5470 sit,
481 5411 694 5470 magna
723 5393 880 5475 facit,
915 5407 972 5458 et
1009 5415 1285 5477 magnum
1311 5398 1546 5461 bustum
1579 5398 1751 5460 nobis
1781 5418 2003 5461 accen-

348 5481 458 5559 dit,
492 5481 975 5570 quandoquidem
1037 5495 1096 5548 et
1145 5486 1274 5567 ipsa
1303 5489 1455 5568 ignis
1485 5498 1596 5551 est.
1629 5489 1702 5550 Et
1731 5507 2000 5570 quaenam

347 5577 486 5634 sunt
505 5588 637 5652 qua;
658 5569 759 5660 illa
780 5571 917 5634 facit
938 5573 962 5635 Υ
981 5571 1168 5638 Ornat
1194 5576 1565 5659 iniquitatem
1597 5595 1706 5660 per
1729 5569 2002 5641 callidam

2085 4947 2228 5014 καὶὴ
2283 4945 2498 5025 γλῶσσα
2556 4951 2873 5028 μετάγεσθαι
2917 4956 2993 5024 τῷ
3047 4951 3182 5031 ὀρθῷ
3239 4949 3404 5030 λόγῳ,
3493 4945 3611 5004 ἀλλ’
3672 4949 3732 5004 οὒ

2080 5042 2234 5092 τοῦτο
2262 5050 2439 5093 ποιεῖν
2489 5038 2516 5092 ὃ
2590 5053 2759 5100 ποιεῖ.
2812 5042 2985 5120 Μικρὰ
3039 5041 3138 5120 γάρ
3208 5063 3287 5104 τις
3341 5041 3468 5096 οὖσα
3524 5037 3731 5116 μεγάλα

2081 5139 2230 5182 ποιεῖ
2262 5124 2340 5182 διὸ
2411 5129 2499 5184 καὶ
2551 5129 2792 5208 μεγαλην
2848 5131 2982 5206 ἡμῖν
3055 5131 3274 5187 ἀνάπτει
3333 5129 3524 5208 ποράν.
3577 5128 3733 5198 Ἐπεὶ

2081 5216 2170 5273 καὶ
2199 5215 2331 5283 αὕτη
2354 5226 2476 5295 πῦρ,
2513 5219 2609 5275 Καὶ
2640 5220 2754 5275 τίνα
2783 5218 2816 5275 ἂ
2843 5233 3031 5300 ποιεῖς
3095 5231 3302 5297 Κοσμεῖ
3369 5220 3463 5275 τᾶν
3520 5217 3724 5278 ἀδικίαν

2084 5304 2168 5362 διὰ
2197 5311 2294 5373 τῆς
2337 5311 2444 5362 τῶν
2472 5307 2708 5384 ῥητόρων
2767 5309 3064 5384 εὖγλώττου
3115 5308 3472 5378 δεινόττητος.
3532 5310 3730 5370 Σπιλοῐ

2085 5397 2145 5451 τὸ
2217 5401 2394 5470 σῶμα.
2453 5397 2702 5453 πείθουσα
2755 5412 2877 5463 ταῖς
2935 5399 3329 5479 προσαγωγίαις
3396 5401 3460 5456 τὰ
3516 5401 3727 5478 γύναια.

2085 5485 2286 5548 φόνους
2317 5482 2382 5540 δι’
2431 5485 2642 5554 ἀπάτης
2682 5487 2977 5567 ἐργάζεται.
3043 5489 3370 5569 Ἐπιοκρίαις
3440 5490 3506 5546 τὰ
3561 5489 3731 5547 ἀλλό-

2084 5597 2204 5654 τρια
2231 5585 2544 5651 καρποῦται.
2579 5579 2677 5635 Καὶ
2750 5577 2834 5635 ἐπὶ
2889 5586 3043 5655 πᾶσι,
3100 5578 3332 5660 φλογίζει
3389 5582 3481 5638 τὸν
3536 5581 3734 5660 τροχὸν

346 5658 1477 5750 τιλοιοταῐῐιθιοςιιθηιὶειιηβοηιοωὶηοι
1499 5658 1734 5749 corpus,
1754 5686 1999 5750 persua—

2101 5670 2186 5733 ιῆς
2243 5663 2483 5743 γεέννης.
2559 5668 2856 5745 Τουτέστιν,
2949 5658 3146 5727 ἐκκαίει
3202 5658 3290 5726 καί
3344 5658 3577 5749 ἐρεθίζει
3616 5658 3733 5728 καθ’

350 5751 500 5818 done
531 5749 888 5813 mulieribus
909 5759 974 5815 ut
989 5753 1083 5817 sui
1099 5771 1408 5822 accessum
1435 5757 1734 5840 patiantur
1758 5749 1771 5819 ἐ
1817 5759 1999 5824 cedes

2101 5760 2244 5834 ἡμῶν
2330 5756 2428 5824 τὴν
2520 5757 2758 5840 γέενναν,
2845 5760 3071 5840 ὡσπερεὶ
3168 5758 3518 5839 κατατρέχειν
3580 5760 3733 5836 ἡμῶν
