4136 6442
282 344 404 410 485
1227 324 1619 409 COMMENT.
1666 343 1751 409 IN
1795 339 2041 406 EPIST.
2087 346 2416 412 CATHOL.
2461 349 2742 432 JACOBI,
3569 352 3692 420 486

284 475 526 536 πατοῦσα
553 476 616 533 τό
636 484 769 578 πῦρ.
827 473 996 578 ’.ξλλὰ
1021 476 1155 578 fat
1210 476 1369 550 αὒτὴ,
1440 476 1592 557 φησὶ²
1651 473 1973 578 (phyma-rat.

2057 474 2244 578 'raude
2271 487 2588 578 operatur}
2617 479 2904 578 periuriis
2924 480 3118 545 aliena
3155 483 3382 578 carpit:
3422 492 3488 578 et
3507 502 3691 568 super

283 567 386 625 ὑπὸ
427 566 526 635 τῆς
558 564 806 645 γεέννης.
855 563 946 631 Ὧς
1017 563 1178 633 δῆλον
1235 565 1341 623 ἀπὸ
1397 574 1491 625 τοῦ
1542 568 1642 631 τὴν
1712 564 1962 641 γλῶσσαν

2057 567 2245 630 smnia
2275 575 2461 631 rotam
2483 570 2775 649 gehennae
2803 571 3170 636 inﬂammat:
3201 563 3316 636 hoc
3356 582 3446 636 est
3472 563 3689 637 incen-

285 654 812 734 ἀποτηγανιζομὲνου
856 652 1128 717 πλουσίου.
1206 654 1318 723 Τὴν
1383 652 1629 733 γλῶσσαν
1699 654 1799 731 γὰρ
1867 656 1961 711 οὐκ

295 743 430 802 ἄλλο
489 742 799 819 κολάζεται,
853 741 946 800 διὰ
1017 745 1079 800 τὸ
1133 745 1265 822 πρὸς
1323 742 1616 801 ἀπόλαυσιν
1658 745 1745 800 καὶ
1795 740 1961 824 φλυα-

287 833 404 909 ρίαν
450 830 724 913 εὐτρεπές.
786 833 845 890 Εἰ
917 832 1015 908 μὲν
1072 831 1163 891 οὗν
1221 837 1332 900 Τῆς
1390 831 1611 911 γεέννης
1684 829 1824 911 ἔχει,
1884 829 1957 893 ὥς

285 945 406 980 τινα
433 927 542 979 τῶν
584 921 916 1001 ἀντιγράφων
948 919 1094 1003 ἔχει,
1168 920 1308 978 οὕτω
1362 922 1423 977 τὸ
1483 920 1643 998 ῥητὸν
1718 921 1955 976 ἀναπτυ-

286 1011 465 1074 κτέυν,
502 1013 562 1069 Ei
615 1009 670 1066 δὲ
712 1014 806 1068 τὸν
851 1012 1052 1091 τροχὸν
1107 1015 1204 1078 νῆς
1258 1010 1517 1088 γενέσεως
1576 1010 1718 1090 ἔχει,
1775 1008 1956 1065 τοιαύ-

288 1121 390 1169 της
443 1101 701 1181 τυγχάνει
746 1105 846 1167 τῆς
916 1099 1117 1165 λύσεως
1152 1115 1167 1130 ⁸
1241 1101 1449 1180 Τροχὸν
1505 1098 1787 1179 γενέσεως,
1859 1099 1961 1165 τήν

297 1190 445 1262 ζωὴν
495 1192 651 1266 ἡμῶν
733 1211 888 1269 φησι.
948 1188 1276 1268 Φλογίζουσα
1327 1192 1414 1247 οὖν
1468 1191 1561 1245 τὶν
1615 1190 1813 1269 τροχὸν
1864 1187 1960 1256 τῆς

297 1278 584 1359 γενέσεως²
649 1277 834 1336 σπιλοϊ
886 1277 987 1345 τὴν
1046 1280 1213 1351 ζωήν.
1274 1277 1379 1337 Καὶ
1449 1282 1616 1359 arma;
1676 1282 1959 1358 Προπετῶς

2043 656 2129 718 dit
2157 665 2217 718 et
2244 657 2458 721 excitat
2486 658 2548 720 in
2581 678 2690 721 nos
2720 661 3082 740 gehennam,
3107 662 3286 724 veluti
3315 663 3570 743 grassari
3599 663 3688 726 fa—

2041 743 2207 835 ciens
2243 746 2557 811 adversum
2616 767 2727 810 nos
2782 749 3004 829 ignem.
3049 749 3163 814 Sed
3197 759 3255 814 et
3285 752 3435 834 ipsa,
3470 752 3683 835 inquit,

2039 833 2378 898 incenditur
2405 839 2745 917 agehenna,
2775 839 3278 920 quemadmodum
3312 833 3688 905 manifestum

2040 931 2130 1012 est
2158 942 2227 986 ex
2258 925 2438 987 divite
2464 926 2564 1007 qui
2597 926 2794 1006 lingua
2814 928 3187 990 cruciabatur
3202 930 3505 1012 35.Neque
3524 931 3684 993 enim

2042 1011 2118 1101 ob
2144 1012 2300 1101 aliud
2327 1014 2529 1094 lingua
2560 1016 2825 1096 punitur,
2861 1036 3036 1097 quam
3067 1017 3203 1079 ideo
3233 1019 3391 1100 quod
3410 1011 3688 1101 prompta

2039 1100 2218 1163 fuerit
2237 1103 2308 1164 ad
2333 1102 2581 1166 delicias
2598 1114 2654 1167 et
2676 1123 2887 1186 nugas.
2912 1104 3115 1187 Itaque
3145 1106 3197 1169 si
3216 1107 3443 1187 legatur
3476 1100 3686 1172 Butam

2040 1192 2354 1272 gehennae,
2388 1193 2540 1255 sicut
2590 1194 2877 1258 nonnulla
2925 1194 3148 1256 habent
3196 1196 3576 1277 exemplaria,
3611 1196 3691 1258 ita

2041 1279 2391 1361 explicanda
2419 1300 2508 1345 εει
2537 1285 2853 1346 sententia.
2917 1282 2981 1345 Si
3032 1303 3174 1346 vero
3222 1285 3439 1348 habeat
3484 1284 3694 1347 [lotam

299 1368 609 1444 κινουμένη.
640 1365 758 1449 Ἀφ’
790 1369 852 1424 οὗ
908 1369 937 1425 6
993 1369 1103 1445 βίος
1156 1369 1312 1444 ἡμῶν
1395 1368 1797 1448 ἐκτραχύνεται⁷
1828 1366 1946 1434 ἤτοι

2057 1368 2368 1445 nativitatis,
2403 1371 2579 1433 talem
2624 1373 2964 1454 assequitur
3018 1373 3376 1435 solutionem
3414 1395 3428 1437 ε
3460 1375 3674 1438 Rotam

298 1460 327 1515 ὃ
358 1460 552 1540 χρόνος
584 1464 681 1527 τῆς
710 1461 853 1532 ζωῆς
882 1460 1062 1535 ἡμῶν.
1108 1469 1302 1519 Τοῦτον
1345 1461 1451 1539 γὰα
1494 1461 1582 1516 καὶ
1613 1462 1641 1516 6
1672 1457 1944 1533 Μελῳδὸς,

2057 1458 2348 1522 nativitatis
2369 1460 2696 1523 dicitvitam
2722 1462 3396 1526 nostramJnllammans
3413 1480 3553 1542 ergo
3571 1480 3677 1524 ro-

296 1549 554 1629 στέφανον
584 1550 746 1606 εἰπὼν
801 1554 894 1605 τοῦ
947 1549 1206 1610 ἐνιαυτοῦ.
1268 1550 1532 1631 Στέφανος
1577 1546 1630 1605 δὲ
1685 1549 1773 1605 καὶ
1817 1569 1944 1627 τρο-

2057 1565 2147 1610 am
2179 1549 2502 1612 nativitatis
2560 1550 2922 1612 contaminat
2971 1551 3189 1613 vitam:
3233 1560 3294 1613 et
3325 1550 3680 1634 quomodo?

294 1637 397 1718 χός
426 1640 487 1697 οὐ
514 1636 856 1719 διενηνόχασι
927 1639 1062 1698 κατὰ
1116 1639 1178 1695 τὸ
1232 1637 1482 1696 κυκλικὸν
1523 1639 1613 1695 καὶ
1640 1635 1944 1718 τροχοειδὲς

2057 1638 2165 1699 162
2189 1641 2341 1702 Dum
2397 1646 2622 1701 temere
2665 1659 2734 1702 ac
2793 1640 3124 1720 petulanter
3180 1649 3470 1723 movetur,
3519 1640 3680 1703 unde

296 1729 503 1807 Τροχδς
533 1724 588 1784 δὲ
633 1727 801 1805 ὁβίας
829 1729 902 1793 ὡς
957 1729 1030 1791 εἰς
1074 1728 1260 1785 ἑαυτὸν
1328 1726 1750 1804 ἀνελιττόμενος.
1827 1730 1973 1790 Πῶςῖ

2057 1736 2413 1809 :xaspcratur
2443 1729 2557 1790 vita
2587 1737 2810 1798 nostra,
2844 1729 2967 1790 sive
2998 1736 3232 1810 tempus
3275 1729 3406 1792 vitae
3436 1736 3677 1791 nostrae.

295 1811 351 1870 δὲ
394 1813 583 1872 σπιλοϊ
614 1817 706 1871 τὸν
749 1816 862 1893 βίον
891 1817 1106 1901 ﬁgam;
1163 1814 1314 1872 Οὕτω
1366 1814 1653 1890 κινουμένη
1685 1815 1759 1878 ὡς
1800 1813 1946 1871 ἀνω-

2057 1814 2161 1880 Ioc
2190 1818 2348 1880 enim
2403 1827 2463 1879 et
2499 1818 2995 1900 Psalmographus
3026 1837 3307 1880 coronam
3337 1818 3673 1901 appellavit

295 1902 432 1983 τέρω
518 1892 827 1983 εἰρήκαμεν,
891 1892 1011 1984 Ἀφ’
1070 1907 1143 1961 ὧν
1240 1906 1329 1962 καὶ
1418 1903 1781 1984 ἐῤῥυπωμένος
1863 1904 1951 1960 καὶ

2057 1906 2241 1968 licens
2269 1925 2282 1969 ε
2318 1906 2648 1969 Benedices
2678 1892 2916 1970 corona;
2946 1909 3110 1972 anni.
3149 1910 3303 1972 Rota
3324 1892 3461 1971 vero
3506 1915 3567 1970 et
3586 1927 3688 1970 co-

298 1989 724 2057 πολυστένακτος
775 1996 805 2050 6
861 1992 973 2071 βίος
1069 1992 1435 2051 ἀποτελεῖται.
1528 1993 1706 2059 Οὕτως
1777 1994 1865 2049 οὖν
1917 1993 1953 2060 ἡ

2057 2014 2180 2057 'ona
2211 1996 2270 2056 in
2304 2014 2375 2058 eo
2407 1997 2958 2079 conveniunt,quod
2991 2006 3240 2079 utraque
3270 1996 3581 2060 circularis
3599 2003 3690 2060 est

303 2080 523 2159 γλῶσσα
549 2082 860 2161 μετκγὲσθω
919 2088 997 2158 τῷ
1048 2083 1184 2162 ὁρθῷ
1240 2080 1410 2161 λόγῳ.
1440 2081 1548 2165 Κάν
1588 2084 1689 2162 γὰρ
1754 2081 1953 2157 κόσμος

2057 2093 2097 2147 ιι
2125 2083 2480 2146 orbicularis
2509 2084 2656 2148 Rota
2677 2095 2877 2148 autem
2905 2086 3122 2148 dicitur
3153 2087 3284 2161 vita,
3318 2094 3597 2167 tanquam
3629 2084 3692 2147 in

302 2168 414 2228 ἐστὶ
443 2175 542 2239 τῆς
586 2168 811 2248 ἀδικίας,
884 2172 1039 2228 οἱονεὶ
1093 2173 1225 2251 πρὸς
1282 2174 1375 2229 τὸν
1430 2169 1733 2253 συρφετώδη
1788 2169 1956 2250 ὄχλον

2057 2174 2299 2254 ιοίρεεῐη
2354 2174 2642 2237 revoluta.
2704 2174 3013 2248 Quomodo
3080 2183 3278 2238 autem
3330 2177 3693 2238 contaminat

298 2260 388 2358 καὶ
416 2257 640 2336 δημώδη
674 2259 1002 2339 ἐκφερομένη
1074 2262 1162 2318 καὶ
1245 2260 1532 2358 βλέποιυσα.
1590 2261 1803 2337 Κόσμον
1857 2260 1957 2339 γὰρ

2057 2264 2222 2327 vitam
2255 2263 2550 2325 nostram?
2570 2263 2654 2326 Ita
2678 2273 2834 2327 mota
2861 2266 3014 2328 sicut
3033 2273 3209 2328 antea
3228 2264 3486 2326 diximus
3516 2285 3529 2325 :
3559 2282 3694 2345 pro-

302 2347 519 2405 ἐνταῦθα
573 2350 634 2407 τὸ
716 2348 917 2416 πλῆθος
985 2349 1292 2410 ἀκουστέον.
1393 2347 1452 2408 Ἡ
1509 2348 1713 2426 κόσμος
1795 2349 1958 2429 ἐστὶν,

2057 2362 2177 2433 pter
2205 2371 2335 2434 quae
2364 2360 2424 2415 et
2446 2354 2747 2416 sordidata
2776 2361 2836 2415 et
2865 2354 3040 2435 plena
3069 2354 3342 2436 suspiriis
3363 2354 3479 2417 vita
3495 2361 3696 2417 nostra

304 2438 427 2506 ἤτοι
495 2448 767 2516 κοσμοῦσα
821 2440 922 2508 τὴν
978 2439 1308 2520 ἀνθρωπίνην
1377 2442 1548 2521 φύσιν,
1634 2440 1809 2517 Ταύτῃ
1862 2438 1963 2518 γὰρ

2057 2442 2348 2522 peragitur
2401 2440 2529 2504 Hoc
2561 2443 2736 2504 modo
2770 2443 2944 2524 igitur
2974 2444 3173 2525 lingua
3203 2452 3364 2506 recto
3415 2461 3696 2507 sermone

306 2527 564 2599 ἀλλήλοις
607 2529 971 2609 ξκοινωνοῦμεν
1038 2537 1145 2587 τῶν
1201 2531 1399 2588 ἑαυτῶν
1451 2529 1756 2606 νοημάτων,
1819 2528 1968 2585 Ἐπεὶ

2057 2532 2508 2611 circumagatur.
2536 2532 2765 2596 Etenim
2798 2533 3052 2594 mundus
3082 2544 3170 2596 est
3201 2531 3550 2614 iniquitatis.
3588 2550 3693 2594 ve-

302 2620 402 2675 καὶ
472 2616 611 2675 οὕτω
666 2619 806 2677 τινὲς
870 2617 1148 2695 βούλονται
1261 2622 1352 2677 τὸν
1406 2620 1609 2694 κόσμον
1677 2616 1966 2694 λαμϐάνειν

2057 2621 2163 2685 luti
2192 2622 2264 2683 ad
2296 2622 2472 2683 vilem
2522 2640 2590 2683 ac
2652 2622 2992 2702 popularem
3040 2622 3276 2686 turbam
3335 2622 3611 2685 devoluta
3641 2628 3701 2683 et

313 2709 444 2787 πρὸς
476 2708 765 2784 σημασίαν,
800 2706 949 2764 Ἀλλ’
1008 2709 1098 2766 οὗν
1153 2712 1284 2789 πρὸς
1354 2710 1444 2766 τὸν
1515 2705 1738 2785 δημώδη
1796 2704 1966 2789 ὄχλον

2057 2712 2560 2793 respiciens.Nam
2592 2711 2850 2774 mundus
2874 2713 2986 2774 hoc
3019 2715 3146 2774 loco
3167 2710 3516 2792 intelligitur
3539 2710 3699 2772 mul-

311 2797 599 2877 φερόμενον
658 2795 855 2871 ἀδικεῖ,
900 2799 996 2855 παὶ
1050 2797 1239 2857 σπιλοτ
1307 2797 1430 2856 ὅλον
1518 2801 1580 2855 τὸ
1639 2804 1820 2874 σῶμα,
1879 2799 1966 2853 καὶ

2057 2802 2384 2866 titudoAut
2415 2802 2669 2863 mundus
2698 2801 2875 2877 est,id
2914 2808 3027 2883 est,
3087 2810 3529 2879 ornamentum,
3579 2800 3701 2863 sive

314 2884 550 2966 φλογίζει
578 2887 674 2987 τὸν
711 2887 940 2987 τροχὸνἸ
978 2892 1076 2954 τῆς
1147 2885 1430 2987 γενέσεως,
1520 2889 1606 2944 καὶ
1666 2885 1967 2987 φλογίζετκι

2057 2909 2270 2953 ornans
2300 2891 2621 2953 humanam
2651 2899 2920 2952 naturam
2959 2908 2972 2953 :
3010 2910 3117 2971 per
3141 2892 3293 2953 hanc
3334 2890 3498 2952 enim
3529 2908 3700 2952 com-

318 2976 422 3031 ὑπὸ
450 2978 550 3043 τῆς
594 2973 836 3053 γεὲννης.
905 2973 1101 3051 ⁷Ὀμως
1156 2980 1216 3034 οὗ
1285 2974 1530 3056 χαλεπὸν
1580 2974 1967 3055 μεταχειρίσα-

2057 2980 2432 3043 municamus
2463 2980 2717 3043 invicem
2748 2987 2979 3042 nostras
3009 2980 3397 3060 cogitationes
3428 2978 3702 3059 quando-

320 3066 437 3121 σθαι
464 3063 663 3130 ταύτην
692 3065 825 3144 πρὸς
866 3064 928 3121 τὸ
957 3063 1190 3144 εὐλόγως
1247 3068 1530 3137 κινεῖσθαι,
1595 3065 1684 3121 καὶ
1725 3067 1798 3128 ὡς
1847 3061 1910 3119 ἂν
1938 3065 1967 3118 6

2057 3069 2292 3150 quidem
2348 3069 2409 3130 in
2441 3070 2551 3131 hac
2581 3088 2814 3151 quoque
2853 3068 3291 3149 signiﬁcatione
3323 3068 3523 3129 volunt
3545 3085 3702 3128 non-

317 3134 822 3235 μεταχειριζόμενος
905 3134 1212 3234 βουληθείη.
1298 3159 1357 3215 Εἰ
1437 3134 1536 3237 γὰρ
1606 3162 1750 3214 πᾶσα
1815 3156 1966 3237 φύσις

2057 3134 2197 3221 nulli
2248 3157 2535 3223 Mundum
2578 3134 2878 3240 accipere.
2907 3134 3145 3239 “Itaque
3202 3157 3343 3220 dum
3400 3157 3597 3220 fertur
3625 3156 3700 3218 ad

313 3243 509 3325 θηρίων
579 3266 638 3301 τε
702 3248 792 3303 καὶ
844 3249 1122 3321 πετεινῶν,
1195 3247 1426 3327 ἑρπετῶν
1482 3267 1539 3302 τε
1608 3248 1695 3303 καὶ
1748 3244 1967 3304 ἐναλίων

2057 3247 2226 3310 vilem
2256 3248 2796 3329 turbam,injuriam
2829 3247 2968 3310 facit
2988 3256 3047 3309 et
3064 3255 3239 3309 nocet
3269 3265 3338 3309 ac
3368 3252 3553 3308 totum
3576 3263 3705 3307 cor-

319 3332 607 3411 δαμάζεται
655 3337 745 3392 καὶ
799 3333 1116 3412 διδάμασται
1170 3341 1240 3413 τῇ
1309 3335 1458 3416 φύσει
1640 3336 1965 3417 ἀνθρωπίνῃ,

2057 3356 2161 3419 pus
2190 3336 2577 3413 contaminat,
2595 3345 2653 3399 et
2679 3337 3007 3398 inﬂammat
3034 3343 3223 3398 rotam
3257 3334 3705 3401 nativitatisjn-

318 3423 422 3503 ἆρα
462 3428 563 3493 τὴν
592 3422 840 3506 γλῶσσαν
897 3424 979 3483 ὅτι
1035 3425 1405 3507 ἀκατάσχετον
1445 3427 1629 3502 κανὸν,
1684 3424 1765 3483 ότι
1795 3425 1967 3503 μεστὴ

2057 3427 2501 3509 llammaturque
2530 3445 2565 3489 a
2591 3426 2888 3507 gehenna.
2920 3424 3044 3488 Nec
3075 3433 3275 3488 tamen
3306 3426 3460 3487 hanc
3485 3423 3705 3486 difﬁci-

312 3515 394 3572 ἱοῦ
460 3514 827 3595 θανατηφόρου
887 3512 1051 3579 οὐδεὶς
1107 3515 1395 3595 ἀνθρώπων
1437 3516 1647 3573 θόναται
1689 3514 1966 3598 δαμάσαις

2057 3516 2112 3578 le
2141 3521 2233 3578 est
2261 3515 2528 3592 dirigere
2574 3524 2637 3577 ut
2693 3523 2856 3578 recte
2898 3523 3225 3591 moveatur,
3280 3522 3340 3578 et
3397 3533 3467 3577 eo
3529 3513 3708 3575 modo

314 3604 424 3662 Οὐκ
450 3600 512 3662 ἂν
545 3603 783 3681 εἴποιμι.
808 3607 868 3664 Ei
910 3606 1012 3686 γὰρ
1066 3603 1368 3682 ἀδάμαστος
1436 3607 1526 3663 καὶ
1596 3604 1785 3663 οὔποτε
1839 3610 1970 3686 πρὸς

2057 3624 2169 3687 quo
2199 3603 2339 3667 velit
2366 3603 2418 3666 is
2448 3604 2549 3684 qui
2573 3604 2883 3682 gubernat.
2916 3601 3063 3664 Nam
3091 3603 3143 3665 si
3169 3602 3364 3666 omnis
3388 3610 3598 3664 natura
3628 3601 3709 3664 fe-

314 3693 378 3750 τὸ
448 3706 700 3773 κρεῖσσον
755 3694 1103 3769 ἀπονεύουσα,
1171 3700 1289 3760 πῶς
1355 3694 1410 3753 ἑν
1468 3695 1603 3772 αὐτῇ
1657 3694 1972 3775 εὖλογοῦμεν

2057 3713 2256 3757 rarum
2287 3712 2356 3756 ac
2387 3698 2695 3754 volucrum
2724 3711 2792 3755 ac
2823 3693 3192 3774 serpentium
3241 3703 3302 3755 et
3332 3691 3708 3754 marinorum

312 3783 406 3840 τὸν
471 3784 601 3839 Θεὸν
656 3785 747 3841 καὶ
817 3784 1047 3865 Πατέρα²
1115 3785 1205 3842 καὶ
1273 3784 1328 3840 ἐν
1424 3787 1561 3861 αὐτῇ
1625 3785 1973 3863 καταρώμεθα

2059 3784 2331 3846 domatur
2359 3789 2419 3845 et
2447 3781 2671 3844 domita
2700 3789 2789 3844 est
2837 3800 2871 3843 a
2920 3792 3131 3843 natura
3179 3783 3459 3857 humana,
3509 3787 3707 3842 utrum

313 3871 436 3936 τοὺς
467 3870 823 3955 ἀνθρώπουςς
882 3870 1015 3932 Ἰδοὺ
1065 3875 1195 3954 πρὸς
1263 3874 1324 3931 τὸ
1376 3871 1623 3951 βούλημα
1692 3874 1978 3954 μετάγεται

317 3969 409 4020 τοῦ
465 3961 772 4045 χρωμένου.
835 3963 986 4022 Ἀλλ’
1045 3968 1106 4024 οὒ
1173 3963 1311 4047 χρὴ,
1383 3963 1599 4046 ἀδελφοί
1641 3986 1769 4042 μου,
1810 3970 1976 4021 ταῦτα

320 4049 459 4111 οὕτω
514 4051 769 4132 γίνεσθαι.
832 4055 892 4112 El
951 4054 1043 4132 γὰ,
1104 4051 1171 4111 δι’
1242 4055 1407 4124 αὐτῆς
1480 4052 1819 4133 εὐλογοῦμεν,
1878 4058 1978 4132 ἄρα

318 4141 443 4207 τοὺς
501 4140 620 4199 καθ’
673 4142 928 4219 ὁμοίωσιν
979 4151 1110 4223 Θεου
1166 4142 1455 4223 γεγονότας
1529 4142 1832 4221 ἀνθρώπους
1885 4141 1980 4199 οὒκ

328 4231 566 4312 αἰσχύνη
671 4217 994 4313 καταρᾶσθαι
1031 4249 1048 4308 ;
1079 4217 1149 4291 Ἥ
1181 4217 1400 4290 *δίδαιον
1466 4231 1562 4290 ’ίνα
1614 4217 1679 4289 ἐκ
1729 4230 1822 4289 τοῦ
1877 4232 1977 4289 αὒ-

317 4326 412 4378 τοῦ
464 4320 730 4398 στόματος
785 4320 1072 4405 ὶξέρχηται
1160 4320 1370 4401 εὐλογία
1439 4323 1523 4381 ναὶ
1584 4321 1835 4403 κατάρας
1908 4320 1982 4380 Οὗ

321 4410 460 4490 χρή.

2050 3873 2323 3954 -linguam
2353 3871 2512 3954 quod
2535 3871 2613 3934 sit
2643 3870 3037 3934 incoercihile
3066 3869 3311 3935 malum.
3341 3872 3503 3952 quod
3536 3869 3714 3950 plena

2057 3980 2287 4025 veneno
2304 3959 2838 4036 mortifero,nullus
2870 3958 3181 4021 hominum
3214 3960 3460 4020 domare
3488 3955 3713 4038 potest?

2059 4049 2443 4134 Nequaquam
2473 4050 2555 4112 ita
2575 4067 2709 4112 esse
2728 4049 3019 4130 dicerem,
3046 4046 3110 4112 Si
3139 4047 3303 4110 enim
3330 4045 3562 4110 domari
3593 4063 3715 4107 non

2061 4149 2278 4224 potest,
2318 4156 2429 4202 nec
2458 4157 2717 4222 unquam
2738 4138 2810 4224 ad
2834 4138 2895 4200 id
2918 4138 3079 4219 quod
3104 4137 3321 4200 melius
3342 4143 3433 4199 est
3453 4134 3717 4198 declinat

2061 4218 2360 4313 quomodo
2413 4245 2523 4310 per
2562 4218 2701 4290 eam
2751 4218 3165 4291 benedicimus
3192 4225 3314 4289 Deo
3346 4233 3406 4288 et
3445 4224 3626 4304 Patri,
3660 4229 3721 4286 et

2062 4337 2336 4402 per_eam
2359 4318 2770 4381 maledicimus
2793 4316 3169 4380 hominibus?
3188 4316 3341 4380 Ecce
3360 4315 3435 4378 ad
3468 4316 3595 4394 ejus
3615 4313 3718 4395 qui

1990 4410 2240 4475 Dutitur
2267 4409 2632 4471 voluntatem
2663 4405 3108 4486 circumagitur.
3142 4404 3259 4469 Sed
3292 4424 3413 4467 non
3443 4410 3707 4485 oportet,

318 4498 536 4562 fratres
564 4498 707 4578 mei,
741 4500 869 4564 haec
897 4497 979 4563 ita
1006 4499 1160 4565 ﬁeri.
1194 4498 1258 4564 Si
1288 4500 1451 4564 enim
1481 4518 1592 4583 per
1646 4500 1834 4582 ipsam
1882 4500 2299 4567 benedicimus
2344 4496 2488 4574 Deo,
2523 4516 2721 4561 annon
2752 4497 2942 4580 pudor
2972 4503 3064 4558 est
3116 4495 3484 4559 maledicere
3514 4492 3721 4583 homi~

321 4586 506 4652 nibus
535 4589 641 4672 qui
670 4589 745 4672 ad
775 4589 886 4654 Dei
912 4589 1368 4654 similitudinem
1405 4580 1628 4653 conditi
1656 4580 1839 4654 sunt?
1866 4610 1941 4654 an
1969 4593 2197 4675 justum
2250 4595 2340 4652 est
2367 4596 2433 4650 ut
2478 4606 2553 4651 ex
2599 4589 2811 4651 eodem
2855 4605 2960 4650 ore
2999 4584 3341 4665 egrediatur
3372 4580 3714 4647 benedictio

327 4684 387 4739 et
417 4678 806 4743 maledictio?
834 4699 957 4744 non
985 4688 1220 4764 oportet
1260 4683 1343 4744 ita
1369 4680 1526 4744 ﬁeri.

409 4790 435 4827 ι
469 4768 623 4829 Οὕτω
681 4772 771 4829 καὶ
823 4774 859 4841 ἡ
934 4771 1153 4853 γλῶσσα
1223 4774 1411 4853 μικρὸν
1470 4769 1634 4849 μέλος
1705 4771 1834 4852 ἐστὶ,
1885 4774 1975 4830 καὶ

324 4856 671 4942 μεγαλαυχεῖ
677 4906 693 4921 .
820 4859 954 4920 Ἰδοὺ
1083 4861 1269 4932 ἡλίκον
1350 4860 1452 4942 πῦρ
1552 4858 1747 4928 ἡλίκην
1844 4860 1977 4929 ὗλην

323 4947 569 5009 ἀνάπτει.
646 4952 747 5009 Καὶ
834 4952 871 5022 ἡ
939 4951 1159 5033 γλῶσσα
1221 4954 1285 5010 τὸ
1359 4960 1482 5029 πῦρ.
1539 4942 1597 5010 Ὀ
1641 4950 1842 5026 κόσμος
1878 4951 1978 5020 τῆς

322 5035 548 5098 ἀδικίας.
633 5039 813 5107 Οὕτως
910 5042 947 5111 ἡ
1031 5041 1249 5121 γλῶσσα
1330 5042 1642 5100 παθίσταται
1727 5038 1782 5096 ἐν
1863 5053 1981 5099 τοτε

324 5125 541 5205 μέλεοιν
586 5130 768 5206 ἡμῶν,
857 5132 894 5201 ἡ
964 5131 1228 5191 σπιλοῦσα
1325 5129 1450 5189 ὅλον
1531 5131 1594 5187 τὸ
1650 5130 1832 5211 σῶμα,
1898 5131 1985 5188 καὶ

325 5215 645 5299 φλογίζουσα
712 5222 805 5279 τὸν
879 5223 1081 5304 τροχὸν
1160 5223 1261 5289 τῆς
1315 5220 1598 5299 γενέσεως,
1686 5220 1775 5276 καὶ
1848 5217 1985 5301 φλο-

326 5307 584 5386 γιζομένη
653 5310 755 5367 ὑπὸ
865 5313 966 5380 τῆς
1064 5310 1310 5391 γεέννης.
1424 5316 1576 5367 Πᾶσα
1649 5308 1750 5389 γὰρ
1833 5310 1985 5390 φύσις

328 5398 523 5484 θηρίων
591 5419 650 5455 τε
707 5401 797 5458 καὶ
892 5404 1172 5483 πετεινῶν,
1257 5400 1492 5484 ἑρπετῶν
1569 5420 1629 5456 τε
1714 5400 1803 5456 καὶ
1859 5397 1986 5456 ἐνα-

327 5483 455 5544 λίων
545 5484 834 5564 δαμάζεται
940 5493 1029 5549 καὶ
1123 5483 1442 5570 δεδάμασται
1524 5493 1594 5566 τῇ
1687 5487 1838 5570 φύσει
1918 5494 1988 5566 τῇ

414 5645 469 5694 ³⁸
495 5646 643 5714 Luc.
676 5665 798 5730 xu,
829 5648 932 5716 24.

2137 4768 2240 4845 Ill,
2271 4768 2400 4831 5~9.
2444 4768 2541 4832 Ita
2581 4769 2797 4849 lingua
2824 4765 3117 4848 pusillum
3148 4764 3485 4828 membrum
3517 4768 3626 4838 est,
3661 4777 3696 4822 e

2058 4876 2284 4941 magna
2300 4859 2516 4939 jactat.
2547 4858 2703 4920 Ecce
2724 4859 2988 4938 exiguus
3016 4856 3176 4937 ignis
3203 4871 3384 4935 quam
3411 4867 3709 4941 magnam

2061 4939 2386 5013 materiam
2437 4944 2819 5010 incenditEt
2862 4945 3074 5026 lingua
3103 4945 3265 5023 ignis
3304 4948 3417 5023 est,
3448 4939 3717 5004 mundus

2066 5039 2433 5121 iniquitatis.
2466 5036 2576 5101 Sic
2605 5038 2817 5117 lingua
2863 5035 3260 5099 constituitur
3320 5034 3386 5095 in
3434 5027 3722 5121 membris

2066 5118 2295 5193 nos—tris
2322 5130 2455 5208 quae
2498 5126 2766 5189 maculat
2816 5130 3008 5187 totum
3039 5128 3345 5204 corpus,“
3375 5118 3721 5208 inﬂammat

2066 5225 2269 5281 rotam
2296 5206 2666 5297 nativitatis,
2690 5222 2747 5278 et
2768 5214 3235 5293 inﬂammatum
3260 5208 3555 5291 gehenna.
3581 5206 3724 5268 465

2070 5307 2291 5372 Omnis
2318 5306 2481 5368 enim
2508 5312 2735 5369 natura
2764 5311 2817 5367 et
2835 5304 3116 5384 ferarum
3138 5306 3196 5366 et
3223 5300 3560 5373 volucrum,
3592 5313 3724 5360 ser-

2064 5397 2455 5479 pentiumque
2479 5400 2945 5467 etgmarinorum
2974 5393 3258 5456 domatur
3294 5398 3352 5454 et
3374 5387 3608 5479 domita
3635 5392 3722 5479 est

2070 5475 2109 5552 a
2133 5475 2365 5551 natura
2386 5484 2658 5549 humana
2691 5505 2712 5547 :
2744 5485 3021 5566 linguam
3049 5490 3256 5547 autem
3274 5477 3486 5544 nullus
3518 5475 3722 5540 homi-
