  <div class='ocr_page' id='page_1' title='image "/cluster/home/n/w/nwhite01/storage/ocr_20150623/119:no.2/coo.31924054870237/253.png"; bbox 0 0 4136 6424; ppageno 0'>
   <div class='ocr_carea' id='block_1_1' title="bbox 434 350 555 416">
    <p class='ocr_par' dir='ltr' id='par_1_1' title="bbox 434 350 555 416">
     <span class='ocr_line' id='line_1_1' title="bbox 434 350 555 416; baseline -0.033 0"><span class='ocrx_word' id='word_1_1' title='bbox 434 350 555 416; x_wconf 72' lang='grc'><strong>487</strong></span> 
     </span>
    </p>
   </div>
   <div class='ocr_carea' id='block_1_2' title="bbox 435 547 2096 642">
    <p class='ocr_par' dir='ltr' id='par_1_2' title="bbox 435 547 2096 642">
     <span class='ocr_line' id='line_1_2' title="bbox 435 547 2096 642; baseline -0.017 -7"><span class='ocrx_word' id='word_1_2' title='bbox 435 588 666 635; x_wconf 79' lang='lat' dir='ltr'><strong>veneno</strong></span> <span class='ocrx_word' id='word_1_3' title='bbox 687 547 1019 642; x_wconf 59' lang='lat' dir='ltr'><strong>morti/iero.</strong></span> <span class='ocrx_word' id='word_1_4' title='bbox 1054 564 1173 627; x_wconf 83' lang='lat' dir='ltr'><strong>Per</strong></span> <span class='ocrx_word' id='word_1_5' title='bbox 1201 564 1398 640; x_wconf 77' lang='lat' dir='ltr'><strong>ipsum</strong></span> <span class='ocrx_word' id='word_1_6' title='bbox 1448 556 1854 642; x_wconf 63' lang='lat' dir='ltr'><strong>benedicimua</strong></span> <span class='ocrx_word' id='word_1_7' title='bbox 1884 547 2012 610; x_wconf 87' lang='lat' dir='ltr'><strong>Deo</strong></span> <span class='ocrx_word' id='word_1_8' title='bbox 2041 552 2096 642; x_wconf 70' lang='lat' dir='ltr'><strong>et</strong></span> 
     </span>
    </p>
   </div>
   <div class='ocr_carea' id='block_1_3' title="bbox 439 636 2094 738">
    <p class='ocr_par' dir='ltr' id='par_1_3' title="bbox 439 636 2094 738">
     <span class='ocr_line' id='line_1_3' title="bbox 439 636 2094 738; baseline -0.018 -12"><span class='ocrx_word' id='word_1_9' title='bbox 439 662 643 732; x_wconf 84' lang='lat' dir='ltr'><strong>Patri,</strong></span> <span class='ocrx_word' id='word_1_10' title='bbox 675 665 732 720; x_wconf 82' lang='lat' dir='ltr'><strong>et</strong></span> <span class='ocrx_word' id='word_1_11' title='bbox 759 636 1089 738; x_wconf 37' lang='lat' dir='ltr'><strong>per-ipsam</strong></span> <span class='ocrx_word' id='word_1_12' title='bbox 1119 636 1543 712; x_wconf 80' lang='lat' dir='ltr'><strong>maledicimus</strong></span> <span class='ocrx_word' id='word_1_13' title='bbox 1591 639 1941 707; x_wconf 83' lang='lat' dir='ltr'><strong>hominibus</strong></span> <span class='ocrx_word' id='word_1_14' title='bbox 1985 636 2094 716; x_wconf 83' lang='lat' dir='ltr'><strong>qui</strong></span> 
     </span>
    </p>
   </div>
   <div class='ocr_carea' id='block_1_4' title="bbox 438 739 1617 816">
    <p class='ocr_par' dir='ltr' id='par_1_4' title="bbox 438 739 1617 816">
     <span class='ocr_line' id='line_1_4' title="bbox 438 739 1617 816; baseline -0.016 1"><span class='ocrx_word' id='word_1_15' title='bbox 438 753 515 816; x_wconf 84' lang='lat' dir='ltr'><strong>ad</strong></span> <span class='ocrx_word' id='word_1_16' title='bbox 541 747 1009 815; x_wconf 72' lang='lat' dir='ltr'><strong>similitudinem</strong></span> <span class='ocrx_word' id='word_1_17' title='bbox 1039 740 1154 802; x_wconf 84' lang='lat' dir='ltr'><strong>Dei</strong></span> <span class='ocrx_word' id='word_1_18' title='bbox 1183 739 1417 802; x_wconf 74' lang='lat' dir='ltr'><strong>conditi</strong></span> <span class='ocrx_word' id='word_1_19' title='bbox 1447 741 1617 799; x_wconf 74' lang='lat' dir='ltr'><strong>sunt.</strong></span> 
     </span>
    </p>
   </div>
   <div class='ocr_carea' id='block_1_5' title="bbox 525 992 2084 1091">
    <p class='ocr_par' dir='ltr' id='par_1_5' title="bbox 525 992 2084 1091">
     <span class='ocr_line' id='line_1_5' title="bbox 525 992 2084 1091; baseline -0.015 -17"><span class='ocrx_word' id='word_1_20' title='bbox 525 1043 553 1074; x_wconf 76' lang='grc' dir='ltr'>α</span> <span class='ocrx_word' id='word_1_21' title='bbox 589 1019 674 1076; x_wconf 89' lang='lat' dir='ltr'><strong>lta</strong></span> <span class='ocrx_word' id='word_1_22' title='bbox 702 1021 760 1076; x_wconf 91' lang='lat' dir='ltr'><strong>et</strong></span> <span class='ocrx_word' id='word_1_23' title='bbox 791 1013 1047 1091; x_wconf 74' lang='lat' dir='ltr'><strong>lingua.»</strong></span> <span class='ocrx_word' id='word_1_24' title='bbox 1084 1007 1391 1088; x_wconf 86' lang='lat' dir='ltr'><strong>Tanquam</strong></span> <span class='ocrx_word' id='word_1_25' title='bbox 1423 1003 1771 1091; x_wconf 69' lang='lat' dir='ltr'><strong>diceretur:</strong></span> <span class='ocrx_word' id='word_1_26' title='bbox 1804 992 1890 1058; x_wconf 88' lang='lat' dir='ltr'><strong>Ad</strong></span> <span class='ocrx_word' id='word_1_27' title='bbox 1912 1010 2084 1091; x_wconf 40' lang='lat' dir='ltr'><strong>eumf</strong></span> 
     </span>
    </p>
   </div>
   <div class='ocr_carea' id='block_1_6' title="bbox 442 1087 2088 1177">
    <p class='ocr_par' dir='ltr' id='par_1_6' title="bbox 442 1087 2088 1177">
     <span class='ocr_line' id='line_1_6' title="bbox 442 1087 2088 1177; baseline -0.018 -7"><span class='ocrx_word' id='word_1_28' title='bbox 442 1107 578 1170; x_wconf 91' lang='lat' dir='ltr'><strong>dem</strong></span> <span class='ocrx_word' id='word_1_29' title='bbox 612 1103 853 1166; x_wconf 89' lang='lat' dir='ltr'><strong>modum</strong></span> <span class='ocrx_word' id='word_1_30' title='bbox 881 1087 947 1161; x_wconf 75' lang='lat' dir='ltr'><strong>et</strong></span> <span class='ocrx_word' id='word_1_31' title='bbox 979 1100 1176 1177; x_wconf 90' lang='lat' dir='ltr'><strong>lingua</strong></span> <span class='ocrx_word' id='word_1_32' title='bbox 1204 1087 1368 1157; x_wconf 87' lang='lat' dir='ltr'><strong>recte</strong></span> <span class='ocrx_word' id='word_1_33' title='bbox 1400 1089 1622 1154; x_wconf 84' lang='lat' dir='ltr'><strong>moveri</strong></span> <span class='ocrx_word' id='word_1_34' title='bbox 1645 1087 1843 1156; x_wconf 85' lang='lat' dir='ltr'><strong>debet,</strong></span> <span class='ocrx_word' id='word_1_35' title='bbox 1878 1100 2010 1163; x_wconf 65' lang='lat' dir='ltr'><strong>qua:</strong></span> <span class='ocrx_word' id='word_1_36' title='bbox 2032 1087 2088 1141; x_wconf 89' lang='lat' dir='ltr'><strong>et</strong></span> 
     </span>
    </p>
   </div>
   <div class='ocr_carea' id='block_1_7' title="bbox 439 1179 2080 1276">
    <p class='ocr_par' dir='ltr' id='par_1_7' title="bbox 439 1179 2080 1276">
     <span class='ocr_line' id='line_1_7' title="bbox 439 1179 2080 1276; baseline -0.019 -18"><span class='ocrx_word' id='word_1_37' title='bbox 439 1196 489 1258; x_wconf 89' lang='lat' dir='ltr'><strong>si</strong></span> <span class='ocrx_word' id='word_1_38' title='bbox 520 1193 799 1276; x_wconf 90' lang='lat' dir='ltr'><strong>pusillum</strong></span> <span class='ocrx_word' id='word_1_39' title='bbox 830 1189 907 1252; x_wconf 90' lang='lat' dir='ltr'><strong>sit</strong></span> <span class='ocrx_word' id='word_1_40' title='bbox 935 1187 1292 1256; x_wconf 85' lang='lat' dir='ltr'><strong>membrum,</strong></span> <span class='ocrx_word' id='word_1_41' title='bbox 1328 1199 1536 1257; x_wconf 87' lang='lat' dir='ltr'><strong>magna</strong></span> <span class='ocrx_word' id='word_1_42' title='bbox 1565 1188 1758 1239; x_wconf 89' lang='lat' dir='ltr'><strong>tamen</strong></span> <span class='ocrx_word' id='word_1_43' title='bbox 1784 1179 2080 1276; x_wconf 77' lang='lat' dir='ltr'><strong>operatur,</strong></span> 
     </span>
    </p>
   </div>
   <div class='ocr_carea' id='block_1_8' title="bbox 441 1262 2088 1346">
    <p class='ocr_par' dir='ltr' id='par_1_8' title="bbox 441 1262 2088 1346">
     <span class='ocr_line' id='line_1_8' title="bbox 441 1262 2088 1346; baseline -0.018 0"><span class='ocrx_word' id='word_1_44' title='bbox 441 1262 596 1346; x_wconf 73' lang='lat' dir='ltr'><strong>bona</strong></span> <span class='ocrx_word' id='word_1_45' title='bbox 616 1280 892 1343; x_wconf 87' lang='lat' dir='ltr'><strong>videlicet</strong></span> <span class='ocrx_word' id='word_1_46' title='bbox 927 1285 984 1340; x_wconf 90' lang='lat' dir='ltr'><strong>et</strong></span> <span class='ocrx_word' id='word_1_47' title='bbox 1013 1275 1166 1337; x_wconf 87' lang='lat' dir='ltr'><strong>mala</strong></span> <span class='ocrx_word' id='word_1_48' title='bbox 1195 1295 1206 1332; x_wconf 91' lang='lat'>:</span> <span class='ocrx_word' id='word_1_49' title='bbox 1237 1291 1355 1334; x_wconf 91' lang='lat' dir='ltr'><strong>non</strong></span> <span class='ocrx_word' id='word_1_50' title='bbox 1409 1278 1497 1331; x_wconf 91' lang='lat' dir='ltr'><strong>est</strong></span> <span class='ocrx_word' id='word_1_51' title='bbox 1549 1276 1745 1328; x_wconf 89' lang='lat' dir='ltr'><strong>autem</strong></span> <span class='ocrx_word' id='word_1_52' title='bbox 1781 1262 1932 1324; x_wconf 73' lang='lat' dir='ltr'><strong>adeo</strong></span> <span class='ocrx_word' id='word_1_53' title='bbox 1982 1277 2088 1319; x_wconf 83' lang='lat' dir='ltr'><strong>ex-</strong></span> 
     </span>
    </p>
   </div>
   <div class='ocr_carea' id='block_1_9' title="bbox 440 1347 2083 1456">
    <p class='ocr_par' dir='ltr' id='par_1_9' title="bbox 440 1347 2083 1456">
     <span class='ocr_line' id='line_1_9' title="bbox 440 1347 2083 1456; baseline -0.018 -19"><span class='ocrx_word' id='word_1_54' title='bbox 440 1373 678 1456; x_wconf 91' lang='lat' dir='ltr'><strong>plicitus</strong></span> <span class='ocrx_word' id='word_1_55' title='bbox 726 1387 966 1447; x_wconf 83' lang='lat' dir='ltr'><strong>sermo,</strong></span> <span class='ocrx_word' id='word_1_56' title='bbox 1015 1363 1299 1446; x_wconf 88' lang='lat' dir='ltr'><strong>quoniam</strong></span> <span class='ocrx_word' id='word_1_57' title='bbox 1347 1355 1674 1421; x_wconf 90' lang='lat' dir='ltr'><strong>abbreviati</strong></span> <span class='ocrx_word' id='word_1_58' title='bbox 1702 1352 1866 1454; x_wconf 58' lang='lat' dir='ltr'><strong>rprbi</strong></span> <span class='ocrx_word' id='word_1_59' title='bbox 1897 1347 2083 1449; x_wconf 44' lang='lat' dir='ltr'><strong>disci:</strong></span> 
     </span>
    </p>
   </div>
   <div class='ocr_carea' id='block_1_10' title="bbox 442 1437 2078 1546">
    <p class='ocr_par' dir='ltr' id='par_1_10' title="bbox 442 1437 2078 1546">
     <span class='ocr_line' id='line_1_10' title="bbox 442 1437 2078 1546; baseline -0.021 -20"><span class='ocrx_word' id='word_1_60' title='bbox 442 1437 614 1546; x_wconf 73' lang='lat' dir='ltr'><strong>pulus</strong></span> <span class='ocrx_word' id='word_1_61' title='bbox 645 1467 734 1522; x_wconf 88' lang='lat' dir='ltr'><strong>est</strong></span> <span class='ocrx_word' id='word_1_62' title='bbox 761 1458 862 1539; x_wconf 88' lang='lat' dir='ltr'><strong>qui</strong></span> <span class='ocrx_word' id='word_1_63' title='bbox 887 1437 999 1518; x_wconf 81' lang='lat' dir='ltr'><strong>hoc</strong></span> <span class='ocrx_word' id='word_1_64' title='bbox 1031 1437 1261 1546; x_wconf 77' lang='lat' dir='ltr'><strong>scribit.</strong></span> <span class='ocrx_word' id='word_1_65' title='bbox 1300 1472 1323 1507; x_wconf 78' lang='grc' dir='ltr'><strong>(ι</strong></span> <span class='ocrx_word' id='word_1_66' title='bbox 1361 1446 1616 1546; x_wconf 67' lang='lat' dir='ltr'><strong>Mundus</strong></span> <span class='ocrx_word' id='word_1_67' title='bbox 1662 1437 2014 1546; x_wconf 58' lang='lat' dir='ltr'><strong>iniquitatis.</strong></span> <span class='ocrx_word' id='word_1_68' title='bbox 2041 1461 2078 1546; x_wconf 46' lang='grc'><strong>1»</strong></span> 
     </span>
    </p>
   </div>
   <div class='ocr_carea' id='block_1_11' title="bbox 437 1541 1333 1620">
    <p class='ocr_par' dir='ltr' id='par_1_11' title="bbox 437 1541 1333 1620">
     <span class='ocr_line' id='line_1_11' title="bbox 437 1541 1333 1620; baseline -0.015 -5"><span class='ocrx_word' id='word_1_69' title='bbox 437 1541 724 1615; x_wconf 80' lang='lat' dir='ltr'><strong>Mundum</strong></span> <span class='ocrx_word' id='word_1_70' title='bbox 757 1551 871 1609; x_wconf 91' lang='lat' dir='ltr'><strong>hoc</strong></span> <span class='ocrx_word' id='word_1_71' title='bbox 901 1545 1033 1606; x_wconf 88' lang='lat' dir='ltr'><strong>loco</strong></span> <span class='ocrx_word' id='word_1_72' title='bbox 1062 1541 1267 1603; x_wconf 86' lang='lat' dir='ltr'><strong>volunt</strong></span> <span class='ocrx_word' id='word_1_73' title='bbox 1296 1559 1333 1620; x_wconf 92' lang='lat' dir='ltr'><strong>q</strong></span> 
     </span>
    </p>
   </div>
   <div class='ocr_carea' id='block_1_12' title="bbox 441 1618 2079 1716">
    <p class='ocr_par' dir='ltr' id='par_1_12' title="bbox 441 1618 2079 1716">
     <span class='ocr_line' id='line_1_12' title="bbox 441 1618 2079 1716; baseline -0.016 -12"><span class='ocrx_word' id='word_1_74' title='bbox 441 1640 781 1712; x_wconf 88' lang='lat' dir='ltr'><strong>titudinem,</strong></span> <span class='ocrx_word' id='word_1_75' title='bbox 842 1618 1337 1716; x_wconf 83' lang='lat' dir='ltr'><strong>quemadmodum</strong></span> <span class='ocrx_word' id='word_1_76' title='bbox 1399 1626 1574 1688; x_wconf 91' lang='lat' dir='ltr'><strong>etiam</strong></span> <span class='ocrx_word' id='word_1_77' title='bbox 1630 1622 1731 1684; x_wconf 89' lang='lat' dir='ltr'><strong>ubi</strong></span> <span class='ocrx_word' id='word_1_78' title='bbox 1785 1618 2079 1716; x_wconf 36' lang='lat' dir='ltr'><strong>dicitur;</strong></span> 
     </span>
    </p>
   </div>
   <div class='ocr_carea' id='block_1_13' title="bbox 1567 309 2710 399">
    <p class='ocr_par' dir='ltr' id='par_1_13' title="bbox 1567 309 2710 399">
     <span class='ocr_line' id='line_1_13' title="bbox 1567 309 2710 399; baseline -0.019 1"><span class='ocrx_word' id='word_1_79' title='bbox 1567 316 1986 399; x_wconf 79' lang='lat' dir='ltr'><strong>(ECUMENII</strong></span> <span class='ocrx_word' id='word_1_80' title='bbox 2031 313 2331 386; x_wconf 71' lang='lat' dir='ltr'><strong>TRICGE</strong></span> <span class='ocrx_word' id='word_1_81' title='bbox 2372 309 2710 380; x_wconf 86' lang='lat' dir='ltr'><strong>EPISGOPI</strong></span> 
     </span>
    </p>
   </div>
   <div class='ocr_carea' id='block_1_14' title="bbox 435 447 2091 556">
    <p class='ocr_par' dir='ltr' id='par_1_14' title="bbox 435 457 2091 556">
     <span class='ocr_line' id='line_1_14' title="bbox 435 457 2091 556; baseline -0.019 -9"><span class='ocrx_word' id='word_1_82' title='bbox 435 501 588 546; x_wconf 84' lang='lat' dir='ltr'><strong>num</strong></span> <span class='ocrx_word' id='word_1_83' title='bbox 626 481 877 544; x_wconf 72' lang='lat' dir='ltr'><strong>domare</strong></span> <span class='ocrx_word' id='word_1_84' title='bbox 899 478 1091 556; x_wconf 76' lang='lat' dir='ltr'><strong>potest</strong></span> <span class='ocrx_word' id='word_1_85' title='bbox 1117 473 1143 534; x_wconf 85' lang='lat'><strong><em>?</em></strong></span> <span class='ocrx_word' id='word_1_86' title='bbox 1167 466 1554 533; x_wconf 74' lang='lat' dir='ltr'><strong>incoercibile</strong></span> <span class='ocrx_word' id='word_1_87' title='bbox 1600 465 1854 535; x_wconf 83' lang='lat' dir='ltr'><strong>malum,</strong></span> <span class='ocrx_word' id='word_1_88' title='bbox 1893 457 2091 556; x_wconf 66' lang='lat' dir='ltr'><strong>pte-ne</strong></span> 
     </span>
    </p>
   </div>
   <div class='ocr_carea' id='block_1_15' title="bbox 2176 447 2707 556">
    <p class='ocr_par' dir='ltr' id='par_1_15' title="bbox 2176 447 2707 526">
     <span class='ocr_line' id='line_1_15' title="bbox 2176 447 2707 526; baseline -0.002 -24"><span class='ocrx_word' id='word_1_89' title='bbox 2176 447 2466 526; x_wconf 70' lang='grc' dir='ltr'><strong>ἀνθρωπίνῃ</strong></span> <span class='ocrx_word' id='word_1_90' title='bbox 2501 463 2516 478; x_wconf 82' lang='grc'><strong>⁸</strong></span> <span class='ocrx_word' id='word_1_91' title='bbox 2606 447 2707 514; x_wconf 79' lang='grc' dir='ltr'><strong>τὴν</strong></span> 
     </span>
    </p>
   </div>
   <div class='ocr_carea' id='block_1_16' title="bbox 3713 306 3831 372">
    <p class='ocr_par' dir='ltr' id='par_1_16' title="bbox 3713 306 3831 372">
     <span class='ocr_line' id='line_1_16' title="bbox 3713 306 3831 372; baseline 0.017 -2"><span class='ocrx_word' id='word_1_92' title='bbox 3713 306 3831 372; x_wconf 86' lang='grc'><strong>488</strong></span> 
     </span>
    </p>
   </div>
   <div class='ocr_carea' id='block_1_17' title="bbox 2817 440 3826 523">
    <p class='ocr_par' dir='ltr' id='par_1_17' title="bbox 2817 440 3826 523">
     <span class='ocr_line' id='line_1_17' title="bbox 2817 440 3826 523; baseline -0.005 -21"><span class='ocrx_word' id='word_1_93' title='bbox 2817 443 2872 502; x_wconf 78' lang='grc' dir='ltr'><strong>δὲ</strong></span> <span class='ocrx_word' id='word_1_94' title='bbox 2971 443 3218 523; x_wconf 81' lang='grc' dir='ltr'>γλῶσσαν</span> <span class='ocrx_word' id='word_1_95' title='bbox 3317 445 3484 508; x_wconf 71' lang='grc' dir='ltr'>οὐδεὶς</span> <span class='ocrx_word' id='word_1_96' title='bbox 3613 440 3826 500; x_wconf 80' lang='grc' dir='ltr'>δύναται</span> 
     </span>
    </p>
   </div>
   <div class='ocr_carea' id='block_1_18' title="bbox 2175 533 3826 616">
    <p class='ocr_par' dir='ltr' id='par_1_18' title="bbox 2175 533 3826 616">
     <span class='ocr_line' id='line_1_18' title="bbox 2175 533 3826 616; baseline -0.004 -24"><span class='ocrx_word' id='word_1_97' title='bbox 2175 535 2451 615; x_wconf 87' lang='grc' dir='ltr'>ἐνθρώπων</span> <span class='ocrx_word' id='word_1_98' title='bbox 2551 533 2829 611; x_wconf 78' lang='grc' dir='ltr'>δαμάσαι;</span> <span class='ocrx_word' id='word_1_99' title='bbox 2937 533 3336 616; x_wconf 84' lang='grc' dir='ltr'>Ἀκατάσχετον</span> <span class='ocrx_word' id='word_1_100' title='bbox 3457 533 3624 591; x_wconf 75' lang='grc' dir='ltr'>κακὸν</span> <span class='ocrx_word' id='word_1_101' title='bbox 3735 551 3826 607; x_wconf 89' lang='grc' dir='ltr'>με-</span> 
     </span>
    </p>
   </div>
   <div class='ocr_carea' id='block_1_19' title="bbox 2173 621 3825 704">
    <p class='ocr_par' dir='ltr' id='par_1_19' title="bbox 2173 621 3825 704">
     <span class='ocr_line' id='line_1_19' title="bbox 2173 621 3825 704; baseline -0.002 -24"><span class='ocrx_word' id='word_1_102' title='bbox 2173 625 2274 692; x_wconf 77' lang='grc' dir='ltr'><strong>στὴ</strong></span> <span class='ocrx_word' id='word_1_103' title='bbox 2391 627 2470 683; x_wconf 83' lang='grc' dir='ltr'><strong>ἱου</strong></span> <span class='ocrx_word' id='word_1_104' title='bbox 2577 625 2963 704; x_wconf 78' lang='grc' dir='ltr'>θανατηφόρου,</span> <span class='ocrx_word' id='word_1_105' title='bbox 3081 621 3184 688; x_wconf 89' lang='grc' dir='ltr'><strong>Ἐν¹</strong></span> <span class='ocrx_word' id='word_1_106' title='bbox 3267 628 3400 701; x_wconf 72' lang='grc' dir='ltr'>αὐτῇ</span> <span class='ocrx_word' id='word_1_107' title='bbox 3509 621 3825 700; x_wconf 73' lang='grc' dir='ltr'>ιῦλογοζμεν</span> 
     </span>
    </p>
   </div>
   <div class='ocr_carea' id='block_1_20' title="bbox 2169 710 3826 791">
    <p class='ocr_par' dir='ltr' id='par_1_20' title="bbox 2169 710 3826 791">
     <span class='ocr_line' id='line_1_20' title="bbox 2169 710 3826 791; baseline -0.004 -21"><span class='ocrx_word' id='word_1_108' title='bbox 2169 716 2262 770; x_wconf 86' lang='grc' dir='ltr'>τὸν</span> <span class='ocrx_word' id='word_1_109' title='bbox 2335 717 2463 771; x_wconf 84' lang='grc' dir='ltr'><strong>Θεὸν</strong></span> <span class='ocrx_word' id='word_1_110' title='bbox 2533 715 2620 770; x_wconf 85' lang='grc' dir='ltr'>καὶ</span> <span class='ocrx_word' id='word_1_111' title='bbox 2692 713 2920 791; x_wconf 80' lang='grc' dir='ltr'><strong>Πατέρα,</strong></span> <span class='ocrx_word' id='word_1_112' title='bbox 2992 714 3078 771; x_wconf 80' lang='grc' dir='ltr'>καὶ</span> <span class='ocrx_word' id='word_1_113' title='bbox 3145 713 3199 769; x_wconf 85' lang='grc' dir='ltr'><strong>ἐν</strong></span> <span class='ocrx_word' id='word_1_114' title='bbox 3275 715 3408 790; x_wconf 79' lang='grc' dir='ltr'>αὐτῇ</span> <span class='ocrx_word' id='word_1_115' title='bbox 3478 710 3826 790; x_wconf 79' lang='grc' dir='ltr'><strong>καταρώμεθα</strong></span> 
     </span>
    </p>
   </div>
   <div class='ocr_carea' id='block_1_21' title="bbox 2167 801 3826 884">
    <p class='ocr_par' dir='ltr' id='par_1_21' title="bbox 2167 801 3826 884">
     <span class='ocr_line' id='line_1_21' title="bbox 2167 801 3826 884; baseline -0.002 -25"><span class='ocrx_word' id='word_1_116' title='bbox 2167 805 2288 868; x_wconf 81' lang='grc' dir='ltr'>τούς</span> <span class='ocrx_word' id='word_1_117' title='bbox 2408 805 2708 884; x_wconf 79' lang='grc' dir='ltr'><strong>ἀνθρώπους</strong></span> <span class='ocrx_word' id='word_1_118' title='bbox 2819 802 2934 860; x_wconf 89' lang='grc' dir='ltr'>καθ’</span> <span class='ocrx_word' id='word_1_119' title='bbox 3074 804 3326 879; x_wconf 86' lang='grc' dir='ltr'>ὁμοίωσιν</span> <span class='ocrx_word' id='word_1_120' title='bbox 3438 801 3570 859; x_wconf 86' lang='grc' dir='ltr'><strong>Θεοῦ</strong></span> <span class='ocrx_word' id='word_1_121' title='bbox 3663 820 3826 878; x_wconf 81' lang='grc' dir='ltr'>γεγο-</span> 
     </span>
    </p>
   </div>
   <div class='ocr_carea' id='block_1_22' title="bbox 2169 894 2346 958">
    <p class='ocr_par' dir='ltr' id='par_1_22' title="bbox 2169 894 2346 958">
     <span class='ocr_line' id='line_1_22' title="bbox 2169 894 2346 958; baseline 0.006 -10"><span class='ocrx_word' id='word_1_122' title='bbox 2169 894 2346 958; x_wconf 83' lang='grc' dir='ltr'>νότας,</span> 
     </span>
    </p>
   </div>
   <div class='ocr_carea' id='block_1_23' title="bbox 2257 978 3822 1061">
    <p class='ocr_par' dir='ltr' id='par_1_23' title="bbox 2257 978 3822 1061">
     <span class='ocr_line' id='line_1_23' title="bbox 2257 978 3822 1061; baseline -0.004 -21"><span class='ocrx_word' id='word_1_123' title='bbox 2257 1006 2280 1040; x_wconf 74' lang='grc' dir='ltr'><strong>α</strong></span> <span class='ocrx_word' id='word_1_124' title='bbox 2332 981 2481 1040; x_wconf 68' lang='grc' dir='ltr'>Οὕτω</span> <span class='ocrx_word' id='word_1_125' title='bbox 2507 980 2595 1038; x_wconf 84' lang='grc' dir='ltr'><strong>καὶ</strong></span> <span class='ocrx_word' id='word_1_126' title='bbox 2636 981 2873 1061; x_wconf 81' lang='grc' dir='ltr'>γλῶσσα.</span> <span class='ocrx_word' id='word_1_127' title='bbox 2918 1005 2941 1040; x_wconf 74' lang='grc' dir='ltr'>ι</span> <span class='ocrx_word' id='word_1_128' title='bbox 2993 980 3145 1038; x_wconf 72' lang='grc' dir='ltr'>Ἀντί</span> <span class='ocrx_word' id='word_1_129' title='bbox 3174 987 3267 1038; x_wconf 79' lang='grc' dir='ltr'>τοῦ</span> <span class='ocrx_word' id='word_1_130' title='bbox 3305 1001 3316 1014; x_wconf 91' lang='grc'><strong>·</strong></span> <span class='ocrx_word' id='word_1_131' title='bbox 3351 981 3452 1040; x_wconf 76' lang='grc' dir='ltr'><strong>Τὸν</strong></span> <span class='ocrx_word' id='word_1_132' title='bbox 3497 979 3654 1038; x_wconf 76' lang='grc' dir='ltr'>αὐτὸν</span> <span class='ocrx_word' id='word_1_133' title='bbox 3695 978 3822 1057; x_wconf 85' lang='grc' dir='ltr'>τρό-</span> 
     </span>
    </p>
   </div>
   <div class='ocr_carea' id='block_1_24' title="bbox 2169 1067 3820 1151">
    <p class='ocr_par' dir='ltr' id='par_1_24' title="bbox 2169 1067 3820 1151">
     <span class='ocr_line' id='line_1_24' title="bbox 2169 1067 3820 1151; baseline -0.005 -21"><span class='ocrx_word' id='word_1_134' title='bbox 2169 1095 2268 1131; x_wconf 97' lang='grc' dir='ltr'>πον</span> <span class='ocrx_word' id='word_1_135' title='bbox 2311 1074 2398 1129; x_wconf 87' lang='grc' dir='ltr'><strong>καὶ</strong></span> <span class='ocrx_word' id='word_1_136' title='bbox 2428 1074 2461 1140; x_wconf 79' lang='grc' dir='ltr'>ἡ</span> <span class='ocrx_word' id='word_1_137' title='bbox 2491 1070 2710 1151; x_wconf 82' lang='grc' dir='ltr'>γλῶσσα</span> <span class='ocrx_word' id='word_1_138' title='bbox 2779 1070 2974 1151; x_wconf 81' lang='grc' dir='ltr'><strong>ὀφείλει</strong></span> <span class='ocrx_word' id='word_1_139' title='bbox 3029 1074 3288 1128; x_wconf 73' lang='grc' dir='ltr'>κινεῖσθαι</span> <span class='ocrx_word' id='word_1_140' title='bbox 3373 1069 3574 1149; x_wconf 81' lang='grc' dir='ltr'>καλῶς,</span> <span class='ocrx_word' id='word_1_141' title='bbox 3626 1069 3654 1125; x_wconf 87' lang='grc' dir='ltr'><strong>ὃ</strong></span> <span class='ocrx_word' id='word_1_142' title='bbox 3724 1067 3820 1123; x_wconf 74' lang='grc' dir='ltr'><strong>κάν</strong></span> 
     </span>
    </p>
   </div>
   <div class='ocr_carea' id='block_1_25' title="bbox 2172 1155 3820 1242">
    <p class='ocr_par' dir='ltr' id='par_1_25' title="bbox 2172 1155 3820 1242">
     <span class='ocr_line' id='line_1_25' title="bbox 2172 1155 3820 1242; baseline -0.003 -25"><span class='ocrx_word' id='word_1_143' title='bbox 2172 1164 2357 1242; x_wconf 75' lang='grc' dir='ltr'>μικρὸν</span> <span class='ocrx_word' id='word_1_144' title='bbox 2387 1160 2547 1236; x_wconf 81' lang='grc' dir='ltr'><strong>μέλος</strong></span> <span class='ocrx_word' id='word_1_145' title='bbox 2628 1161 2789 1236; x_wconf 84' lang='grc' dir='ltr'>ἐστὶν,</span> <span class='ocrx_word' id='word_1_146' title='bbox 2838 1159 2976 1216; x_wconf 85' lang='grc' dir='ltr'>ἀλλὰ</span> <span class='ocrx_word' id='word_1_147' title='bbox 3024 1155 3242 1240; x_wconf 66' lang='grc' dir='ltr'><strong>¹μεγιίιλα</strong></span> <span class='ocrx_word' id='word_1_148' title='bbox 3313 1159 3610 1238; x_wconf 71' lang='grc' dir='ltr'><strong>ἐργάζεται,</strong></span> <span class='ocrx_word' id='word_1_149' title='bbox 3683 1156 3820 1214; x_wconf 83' lang='grc' dir='ltr'><strong>καλά</strong></span> 
     </span>
    </p>
   </div>
   <div class='ocr_carea' id='block_1_26' title="bbox 2170 1246 3823 1329">
    <p class='ocr_par' dir='ltr' id='par_1_26' title="bbox 2170 1246 3823 1329">
     <span class='ocr_line' id='line_1_26' title="bbox 2170 1246 3823 1329; baseline -0.004 -22"><span class='ocrx_word' id='word_1_150' title='bbox 2170 1251 2372 1319; x_wconf 79' lang='grc' dir='ltr'>δηλαδὴ</span> <span class='ocrx_word' id='word_1_151' title='bbox 2414 1253 2501 1307; x_wconf 89' lang='grc' dir='ltr'><strong>καὶ</strong></span> <span class='ocrx_word' id='word_1_152' title='bbox 2529 1251 2688 1312; x_wconf 87' lang='grc' dir='ltr'>κακά.</span> <span class='ocrx_word' id='word_1_153' title='bbox 2763 1252 2868 1308; x_wconf 77' lang='grc' dir='ltr'>Οὐκ</span> <span class='ocrx_word' id='word_1_154' title='bbox 2913 1249 3214 1316; x_wconf 83' lang='grc' dir='ltr'>ἐξηπλωται</span> <span class='ocrx_word' id='word_1_155' title='bbox 3245 1247 3300 1305; x_wconf 75' lang='grc' dir='ltr'><em>δὲ</em></span> <span class='ocrx_word' id='word_1_156' title='bbox 3358 1248 3545 1329; x_wconf 75' lang='grc' dir='ltr'>οὕτως,</span> <span class='ocrx_word' id='word_1_157' title='bbox 3605 1246 3686 1302; x_wconf 80' lang='grc' dir='ltr'><strong>ὅτι</strong></span> <span class='ocrx_word' id='word_1_158' title='bbox 3732 1251 3823 1301; x_wconf 79' lang='grc' dir='ltr'><strong>τοῦ</strong></span> 
     </span>
    </p>
   </div>
   <div class='ocr_carea' id='block_1_27' title="bbox 2168 1327 3817 1410">
    <p class='ocr_par' dir='ltr' id='par_1_27' title="bbox 2168 1327 3817 1410">
     <span class='ocr_line' id='line_1_27' title="bbox 2168 1327 3817 1410; baseline -0.005 -18"><span class='ocrx_word' id='word_1_159' title='bbox 2168 1330 2594 1407; x_wconf 85' lang='grc' dir='ltr'>συντετμημένου</span> <span class='ocrx_word' id='word_1_160' title='bbox 2677 1331 2838 1410; x_wconf 84' lang='grc' dir='ltr'><strong>λόγου</strong></span> <span class='ocrx_word' id='word_1_161' title='bbox 2929 1330 3194 1406; x_wconf 73' lang='grc' dir='ltr'>μαθητὴς,</span> <span class='ocrx_word' id='word_1_162' title='bbox 3271 1332 3298 1386; x_wconf 82' lang='grc' dir='ltr'>ὁ</span> <span class='ocrx_word' id='word_1_163' title='bbox 3355 1327 3538 1388; x_wconf 74' lang='grc' dir='ltr'>ταῦτα</span> <span class='ocrx_word' id='word_1_164' title='bbox 3575 1327 3817 1408; x_wconf 76' lang='grc' dir='ltr'>φράφων.</span> 
     </span>
    </p>
   </div>
   <div class='ocr_carea' id='block_1_28' title="bbox 2173 1423 3824 1506">
    <p class='ocr_par' dir='ltr' id='par_1_28' title="bbox 2173 1423 3824 1506">
     <span class='ocr_line' id='line_1_28' title="bbox 2173 1423 3824 1506; baseline -0.004 -20"><span class='ocrx_word' id='word_1_165' title='bbox 2173 1454 2201 1486; x_wconf 79' lang='grc' dir='ltr'>(ι</span> <span class='ocrx_word' id='word_1_166' title='bbox 2239 1423 2294 1488; x_wconf 67' lang='grc' dir='ltr'><strong>Ὀ</strong></span> <span class='ocrx_word' id='word_1_167' title='bbox 2359 1431 2560 1506; x_wconf 87' lang='grc' dir='ltr'>κόσμος</span> <span class='ocrx_word' id='word_1_168' title='bbox 2613 1434 2712 1497; x_wconf 79' lang='grc' dir='ltr'>τῆς</span> <span class='ocrx_word' id='word_1_169' title='bbox 2773 1427 3062 1490; x_wconf 74' lang='grc' dir='ltr'>ἀδικίας.»</span> <span class='ocrx_word' id='word_1_170' title='bbox 3128 1427 3340 1504; x_wconf 84' lang='grc' dir='ltr'>Κόσμον</span> <span class='ocrx_word' id='word_1_171' title='bbox 3396 1427 3536 1490; x_wconf 79' lang='grc' dir='ltr'>τινὲς</span> <span class='ocrx_word' id='word_1_172' title='bbox 3606 1425 3824 1481; x_wconf 79' lang='grc' dir='ltr'>ἐνταῦθα</span> 
     </span>
    </p>
   </div>
   <div class='ocr_carea' id='block_1_29' title="bbox 1338 1514 2091 1613">
    <p class='ocr_par' dir='ltr' id='par_1_29' title="bbox 1338 1514 2084 1613">
     <span class='ocr_line' id='line_1_29' title="bbox 1338 1514 2084 1613; baseline -0.017 -14"><span class='ocrx_word' id='word_1_173' title='bbox 1338 1537 1536 1598; x_wconf 90' lang='lat' dir='ltr'><strong>uidam</strong></span> <span class='ocrx_word' id='word_1_174' title='bbox 1570 1514 1907 1613; x_wconf 74' lang='lat' dir='ltr'><strong>signiﬁcare</strong></span> <span class='ocrx_word' id='word_1_175' title='bbox 1937 1526 2084 1588; x_wconf 91' lang='lat' dir='ltr'><strong>mul-</strong></span> 
     </span>
    </p>
   </div>
   <div class='ocr_carea' id='block_1_30' title="bbox 2176 1514 3820 1613">
    <p class='ocr_par' dir='ltr' id='par_1_30' title="bbox 2176 1514 3820 1613">
     <span class='ocr_line' id='line_1_30' title="bbox 2176 1514 3820 1613; baseline -0.005 -37"><span class='ocrx_word' id='word_1_176' title='bbox 2176 1519 2458 1613; x_wconf 50' lang='grc' dir='ltr'>εὸ.πλῆθος</span> <span class='ocrx_word' id='word_1_177' title='bbox 2509 1517 2785 1595; x_wconf 81' lang='grc' dir='ltr'>βούλονται</span> <span class='ocrx_word' id='word_1_178' title='bbox 2859 1518 3160 1593; x_wconf 78' lang='grc' dir='ltr'><strong>σημαίνειν,</strong></span> <span class='ocrx_word' id='word_1_179' title='bbox 3209 1517 3387 1596; x_wconf 83' lang='grc' dir='ltr'>ὥσπερ</span> <span class='ocrx_word' id='word_1_180' title='bbox 3456 1517 3543 1572; x_wconf 83' lang='grc' dir='ltr'><strong>καὶ</strong></span> <span class='ocrx_word' id='word_1_181' title='bbox 3595 1514 3649 1570; x_wconf 85' lang='grc' dir='ltr'>ἐν</span> <span class='ocrx_word' id='word_1_182' title='bbox 3719 1518 3820 1590; x_wconf 81' lang='grc' dir='ltr'>τῷ,</span> 
     </span>
    </p>
   </div>
   <div class='ocr_carea' id='block_1_31' title="bbox 2173 1599 3826 1686">
    <p class='ocr_par' dir='ltr' id='par_1_31' title="bbox 2173 1599 3826 1686">
     <span class='ocr_line' id='line_1_31' title="bbox 2173 1599 3826 1686; baseline -0.008 -16"><span class='ocrx_word' id='word_1_183' title='bbox 2173 1629 2203 1670; x_wconf 81' lang='grc'><strong>(</strong></span> <span class='ocrx_word' id='word_1_184' title='bbox 2238 1601 2294 1668; x_wconf 59' lang='grc' dir='ltr'><strong>”Ο</strong></span> <span class='ocrx_word' id='word_1_185' title='bbox 2338 1610 2538 1686; x_wconf 85' lang='grc' dir='ltr'>κόσμος</span> <span class='ocrx_word' id='word_1_186' title='bbox 2569 1609 2722 1666; x_wconf 66' lang='grc' dir='ltr'>αὐτὸν</span> <span class='ocrx_word' id='word_1_187' title='bbox 2754 1609 2847 1665; x_wconf 77' lang='grc' dir='ltr'><strong>οὐκ</strong></span> <span class='ocrx_word' id='word_1_188' title='bbox 2877 1606 3036 1686; x_wconf 78' lang='grc' dir='ltr'>ἔγνω,</span> <span class='ocrx_word' id='word_1_189' title='bbox 3077 1630 3100 1664; x_wconf 78' lang='grc' dir='ltr'><strong>ι)</strong></span> <span class='ocrx_word' id='word_1_190' title='bbox 3119 1606 3284 1686; x_wconf 29' lang='grc' dir='ltr'>μᾶπὶ,</span> <span class='ocrx_word' id='word_1_191' title='bbox 3329 1613 3442 1681; x_wconf 82' lang='grc' dir='ltr'>τοῦ,</span> <span class='ocrx_word' id='word_1_192' title='bbox 3487 1606 3550 1663; x_wconf 77' lang='grc' dir='ltr'>τὸ</span> <span class='ocrx_word' id='word_1_193' title='bbox 3581 1599 3826 1678; x_wconf 82' lang='grc' dir='ltr'>δημῶδες</span> 
     </span>
    </p>
   </div>
   <div class='ocr_carea' id='block_1_32' title="bbox 451 1691 2091 1797">
    <p class='ocr_par' dir='ltr' id='par_1_32' title="bbox 451 1691 2084 1797">
     <span class='ocr_line' id='line_1_32' title="bbox 451 1691 2084 1797; baseline -0.017 -4"><span class='ocrx_word' id='word_1_194' title='bbox 451 1755 473 1788; x_wconf 75' lang='grc' dir='ltr'><strong><em>α</em></strong></span> <span class='ocrx_word' id='word_1_195' title='bbox 509 1691 921 1792; x_wconf 53' lang='grc' dir='ltr'><strong>Μυηιίυέθιῗιη</strong></span> <span class='ocrx_word' id='word_1_196' title='bbox 953 1741 1068 1784; x_wconf 92' lang='lat' dir='ltr'><strong>non</strong></span> <span class='ocrx_word' id='word_1_197' title='bbox 1093 1718 1364 1797; x_wconf 80' lang='lat' dir='ltr'><strong>cognovit</strong></span> <span class='ocrx_word' id='word_1_198' title='bbox 1385 1716 1469 1791; x_wconf 72' lang='lat'><strong>36,</strong></span> <span class='ocrx_word' id='word_1_199' title='bbox 1489 1716 1633 1776; x_wconf 71' lang='lat' dir='ltr'><strong>nhoc</strong></span> <span class='ocrx_word' id='word_1_200' title='bbox 1663 1706 2084 1790; x_wconf 82' lang='lat' dir='ltr'><strong>est,popularis</strong></span> 
     </span>
    </p>
   </div>
   <div class='ocr_carea' id='block_1_33' title="bbox 2176 1691 3824 1797">
    <p class='ocr_par' dir='ltr' id='par_1_33' title="bbox 2176 1691 3824 1776">
     <span class='ocr_line' id='line_1_33' title="bbox 2176 1691 3824 1776; baseline -0.006 -20"><span class='ocrx_word' id='word_1_201' title='bbox 2176 1699 2392 1767; x_wconf 76' lang='grc' dir='ltr'>πλῆθος.</span> <span class='ocrx_word' id='word_1_202' title='bbox 2427 1699 2632 1774; x_wconf 77' lang='grc' dir='ltr'>Κόσμος</span> <span class='ocrx_word' id='word_1_203' title='bbox 2675 1696 2763 1754; x_wconf 80' lang='grc' dir='ltr'><strong>οὖν</strong></span> <span class='ocrx_word' id='word_1_204' title='bbox 2791 1699 2880 1754; x_wconf 89' lang='grc' dir='ltr'>καὶ</span> <span class='ocrx_word' id='word_1_205' title='bbox 2936 1698 2970 1765; x_wconf 83' lang='grc' dir='ltr'>ἡ</span> <span class='ocrx_word' id='word_1_206' title='bbox 3005 1695 3224 1774; x_wconf 82' lang='grc' dir='ltr'>γλῶσσα</span> <span class='ocrx_word' id='word_1_207' title='bbox 3288 1696 3545 1776; x_wconf 72' lang='grc' dir='ltr'><strong>τουτέστι,</strong></span> <span class='ocrx_word' id='word_1_208' title='bbox 3620 1691 3824 1759; x_wconf 77' lang='grc' dir='ltr'>πλῆθος</span> 
     </span>
    </p>
   </div>
   <div class='ocr_carea' id='block_1_34' title="bbox 443 1797 2086 1888">
    <p class='ocr_par' dir='ltr' id='par_1_34' title="bbox 443 1797 2086 1888">
     <span class='ocr_line' id='line_1_34' title="bbox 443 1797 2086 1888; baseline -0.016 -7"><span class='ocrx_word' id='word_1_209' title='bbox 443 1818 785 1882; x_wconf 79' lang='lat' dir='ltr'><strong>multitudo.</strong></span> <span class='ocrx_word' id='word_1_210' title='bbox 837 1812 1093 1878; x_wconf 84' lang='lat' dir='ltr'><strong>Mundus</strong></span> <span class='ocrx_word' id='word_1_211' title='bbox 1150 1807 1329 1888; x_wconf 85' lang='lat' dir='ltr'><strong>igitur</strong></span> <span class='ocrx_word' id='word_1_212' title='bbox 1377 1814 1468 1867; x_wconf 87' lang='lat' dir='ltr'><strong>est</strong></span> <span class='ocrx_word' id='word_1_213' title='bbox 1513 1813 1573 1866; x_wconf 93' lang='lat' dir='ltr'><strong>et</strong></span> <span class='ocrx_word' id='word_1_214' title='bbox 1624 1802 1843 1880; x_wconf 81' lang='lat' dir='ltr'><strong>lingua,</strong></span> <span class='ocrx_word' id='word_1_215' title='bbox 1896 1797 1956 1888; x_wconf 80' lang='lat' dir='ltr'><strong>id</strong></span> <span class='ocrx_word' id='word_1_216' title='bbox 1997 1803 2086 1888; x_wconf 73' lang='lat' dir='ltr'><strong>est</strong></span> 
     </span>
    </p>
   </div>
   <div class='ocr_carea' id='block_1_35' title="bbox 445 1884 2088 1983">
    <p class='ocr_par' dir='ltr' id='par_1_35' title="bbox 445 1884 2088 1983">
     <span class='ocr_line' id='line_1_35' title="bbox 445 1884 2088 1983; baseline -0.015 -13"><span class='ocrx_word' id='word_1_217' title='bbox 445 1905 758 1969; x_wconf 80' lang='lat' dir='ltr'><strong>multitudo</strong></span> <span class='ocrx_word' id='word_1_218' title='bbox 787 1901 1138 1983; x_wconf 74' lang='lat' dir='ltr'><strong>iniquitatis.</strong></span> <span class='ocrx_word' id='word_1_219' title='bbox 1177 1884 1257 1960; x_wconf 67' lang='lat' dir='ltr'><strong>Et</strong></span> <span class='ocrx_word' id='word_1_220' title='bbox 1301 1903 1522 1978; x_wconf 91' lang='lat' dir='ltr'><strong>quanta</strong></span> <span class='ocrx_word' id='word_1_221' title='bbox 1561 1894 1610 1954; x_wconf 93' lang='lat' dir='ltr'><strong>si</strong></span> <span class='ocrx_word' id='word_1_222' title='bbox 1659 1886 1973 1983; x_wconf 83' lang='lat' dir='ltr'><strong>multitudo</strong></span> <span class='ocrx_word' id='word_1_223' title='bbox 2004 1884 2088 1946; x_wconf 91' lang='lat' dir='ltr'><strong>ibi</strong></span> 
     </span>
    </p>
   </div>
   <div class='ocr_carea' id='block_1_36' title="bbox 443 1977 2084 2070">
    <p class='ocr_par' dir='ltr' id='par_1_36' title="bbox 443 1977 2084 2070">
     <span class='ocr_line' id='line_1_36' title="bbox 443 1977 2084 2070; baseline -0.015 -11"><span class='ocrx_word' id='word_1_224' title='bbox 443 1997 665 2059; x_wconf 89' lang='lat' dir='ltr'><strong>dictum</strong></span> <span class='ocrx_word' id='word_1_225' title='bbox 697 1977 930 2056; x_wconf 79' lang='lat' dir='ltr'><strong>estcum</strong></span> <span class='ocrx_word' id='word_1_226' title='bbox 947 1977 1434 2070; x_wconf 65' lang='lat' dir='ltr'><strong>praemisit,quam</strong></span> <span class='ocrx_word' id='word_1_227' title='bbox 1455 1999 1727 2062; x_wconf 90' lang='lat' dir='ltr'><strong>magnam</strong></span> <span class='ocrx_word' id='word_1_228' title='bbox 1757 1977 2084 2070; x_wconf 82' lang='lat' dir='ltr'><strong>materiam.</strong></span> 
     </span>
    </p>
   </div>
   <div class='ocr_carea' id='block_1_37' title="bbox 450 2066 2089 2150">
    <p class='ocr_par' dir='ltr' id='par_1_37' title="bbox 450 2066 2089 2150">
     <span class='ocr_line' id='line_1_37' title="bbox 450 2066 2089 2150; baseline -0.015 -1"><span class='ocrx_word' id='word_1_229' title='bbox 450 2112 474 2142; x_wconf 77' lang='grc' dir='ltr'>α</span> <span class='ocrx_word' id='word_1_230' title='bbox 511 2085 720 2148; x_wconf 91' lang='lat' dir='ltr'><strong>Omnis</strong></span> <span class='ocrx_word' id='word_1_231' title='bbox 751 2081 909 2145; x_wconf 90' lang='lat' dir='ltr'><strong>enim</strong></span> <span class='ocrx_word' id='word_1_232' title='bbox 942 2066 1172 2142; x_wconf 83' lang='lat' dir='ltr'><strong>natura.</strong></span> <span class='ocrx_word' id='word_1_233' title='bbox 1214 2066 1406 2149; x_wconf 65' lang='grc' dir='ltr'>»Ὀιιω</span> <span class='ocrx_word' id='word_1_234' title='bbox 1427 2081 1564 2136; x_wconf 87' lang='lat' dir='ltr'><strong>sunt</strong></span> <span class='ocrx_word' id='word_1_235' title='bbox 1587 2071 1762 2150; x_wconf 84' lang='lat' dir='ltr'><strong>hujus</strong></span> <span class='ocrx_word' id='word_1_236' title='bbox 1793 2066 2089 2146; x_wconf 78' lang='lat' dir='ltr'><strong>objectio-</strong></span> 
     </span>
    </p>
   </div>
   <div class='ocr_carea' id='block_1_38' title="bbox 445 2155 2094 2257">
    <p class='ocr_par' dir='ltr' id='par_1_38' title="bbox 445 2155 2094 2257">
     <span class='ocr_line' id='line_1_38' title="bbox 445 2155 2094 2257; baseline -0.015 -19"><span class='ocrx_word' id='word_1_237' title='bbox 445 2177 558 2257; x_wconf 81' lang='lat' dir='ltr'><strong>nis,</strong></span> <span class='ocrx_word' id='word_1_238' title='bbox 594 2173 923 2251; x_wconf 83' lang='lat' dir='ltr'><strong>intelligere</strong></span> <span class='ocrx_word' id='word_1_239' title='bbox 973 2176 1207 2250; x_wconf 81' lang='lat' dir='ltr'><strong>oportet</strong></span> <span class='ocrx_word' id='word_1_240' title='bbox 1247 2168 1416 2257; x_wconf 83' lang='lat' dir='ltr'><strong>juxta</strong></span> <span class='ocrx_word' id='word_1_241' title='bbox 1457 2182 1526 2225; x_wconf 87' lang='lat' dir='ltr'><strong>ea</strong></span> <span class='ocrx_word' id='word_1_242' title='bbox 1569 2179 1699 2243; x_wconf 68' lang='lat' dir='ltr'><strong>quae</strong></span> <span class='ocrx_word' id='word_1_243' title='bbox 1743 2157 1908 2257; x_wconf 71' lang='lat' dir='ltr'><strong>prius</strong></span> <span class='ocrx_word' id='word_1_244' title='bbox 1937 2155 2094 2216; x_wconf 91' lang='lat' dir='ltr'><strong>dicta</strong></span> 
     </span>
    </p>
   </div>
   <div class='ocr_carea' id='block_1_39' title="bbox 451 2247 2095 2339">
    <p class='ocr_par' dir='ltr' id='par_1_39' title="bbox 451 2247 2095 2339">
     <span class='ocr_line' id='line_1_39' title="bbox 451 2247 2095 2339; baseline -0.015 -12"><span class='ocrx_word' id='word_1_245' title='bbox 451 2247 762 2327; x_wconf 83' lang='lat' dir='ltr'><strong>sunt.Cum</strong></span> <span class='ocrx_word' id='word_1_246' title='bbox 787 2247 953 2323; x_wconf 74' lang='lat' dir='ltr'><strong>enim</strong></span> <span class='ocrx_word' id='word_1_247' title='bbox 986 2247 1147 2339; x_wconf 76' lang='lat' dir='ltr'><strong>prius</strong></span> <span class='ocrx_word' id='word_1_248' title='bbox 1183 2256 1428 2320; x_wconf 80' lang='lat' dir='ltr'><strong>dixisset</strong></span> <span class='ocrx_word' id='word_1_249' title='bbox 1470 2272 1538 2315; x_wconf 92' lang='lat' dir='ltr'><strong>ac</strong></span> <span class='ocrx_word' id='word_1_250' title='bbox 1597 2247 1958 2313; x_wconf 89' lang='lat' dir='ltr'><strong>ostendisset</strong></span> <span class='ocrx_word' id='word_1_251' title='bbox 1991 2262 2095 2339; x_wconf 76' lang='lat' dir='ltr'><strong>per</strong></span> 
     </span>
    </p>
   </div>
   <div class='ocr_carea' id='block_1_40' title="bbox 447 2333 2094 2432">
    <p class='ocr_par' dir='ltr' id='par_1_40' title="bbox 447 2333 2094 2432">
     <span class='ocr_line' id='line_1_40' title="bbox 447 2333 2094 2432; baseline -0.015 -15"><span class='ocrx_word' id='word_1_252' title='bbox 447 2356 684 2417; x_wconf 84' lang='lat' dir='ltr'><strong>frenum</strong></span> <span class='ocrx_word' id='word_1_253' title='bbox 709 2361 767 2414; x_wconf 92' lang='lat' dir='ltr'><strong>et</strong></span> <span class='ocrx_word' id='word_1_254' title='bbox 789 2369 894 2432; x_wconf 92' lang='lat' dir='ltr'><strong>per</strong></span> <span class='ocrx_word' id='word_1_255' title='bbox 922 2333 1388 2429; x_wconf 81' lang='lat' dir='ltr'><strong>gubernaculum</strong></span> <span class='ocrx_word' id='word_1_256' title='bbox 1419 2341 1575 2425; x_wconf 89' lang='lat' dir='ltr'><strong>quod</strong></span> <span class='ocrx_word' id='word_1_257' title='bbox 1609 2359 1675 2402; x_wconf 82' lang='lat' dir='ltr'><strong>ea</strong></span> <span class='ocrx_word' id='word_1_258' title='bbox 1720 2355 1850 2419; x_wconf 64' lang='lat' dir='ltr'><strong>qum</strong></span> <span class='ocrx_word' id='word_1_259' title='bbox 1878 2333 2094 2417; x_wconf 88' lang='lat' dir='ltr'><strong>pusilla</strong></span> 
     </span>
    </p>
   </div>
   <div class='ocr_carea' id='block_1_41' title="bbox 444 2432 2086 2526">
    <p class='ocr_par' dir='ltr' id='par_1_41' title="bbox 444 2432 2086 2526">
     <span class='ocr_line' id='line_1_41' title="bbox 444 2432 2086 2526; baseline -0.014 -20"><span class='ocrx_word' id='word_1_260' title='bbox 444 2443 684 2526; x_wconf 87' lang='lat' dir='ltr'><strong>quidem</strong></span> <span class='ocrx_word' id='word_1_261' title='bbox 717 2447 854 2502; x_wconf 90' lang='lat' dir='ltr'><strong>sunt</strong></span> <span class='ocrx_word' id='word_1_262' title='bbox 884 2457 1096 2518; x_wconf 91' lang='lat' dir='ltr'><strong>magna</strong></span> <span class='ocrx_word' id='word_1_263' title='bbox 1117 2436 1379 2498; x_wconf 74' lang='lat' dir='ltr'><strong>efﬁciunt</strong></span> <span class='ocrx_word' id='word_1_264' title='bbox 1400 2433 1540 2495; x_wconf 88' lang='lat' dir='ltr'><strong>dum</strong></span> <span class='ocrx_word' id='word_1_265' title='bbox 1567 2437 1728 2491; x_wconf 85' lang='lat' dir='ltr'><strong>recte</strong></span> <span class='ocrx_word' id='word_1_266' title='bbox 1755 2432 2086 2526; x_wconf 71' lang='lat' dir='ltr'><strong>moveptur,</strong></span> 
     </span>
    </p>
   </div>
   <div class='ocr_carea' id='block_1_42' title="bbox 439 2512 2092 2611">
    <p class='ocr_par' dir='ltr' id='par_1_42' title="bbox 439 2512 2092 2611">
     <span class='ocr_line' id='line_1_42' title="bbox 439 2512 2092 2611; baseline -0.014 -16"><span class='ocrx_word' id='word_1_267' title='bbox 439 2512 507 2595; x_wconf 71' lang='lat' dir='ltr'><strong>ac</strong></span> <span class='ocrx_word' id='word_1_268' title='bbox 539 2531 945 2611; x_wconf 84' lang='lat' dir='ltr'><strong>subjunxisset</strong></span> <span class='ocrx_word' id='word_1_269' title='bbox 975 2512 1132 2608; x_wconf 80' lang='lat' dir='ltr'><strong>quod</strong></span> <span class='ocrx_word' id='word_1_270' title='bbox 1175 2525 1300 2606; x_wconf 87' lang='lat' dir='ltr'><strong>pari</strong></span> <span class='ocrx_word' id='word_1_271' title='bbox 1334 2523 1510 2584; x_wconf 93' lang='lat' dir='ltr'><strong>modo</strong></span> <span class='ocrx_word' id='word_1_272' title='bbox 1560 2528 1617 2581; x_wconf 90' lang='lat' dir='ltr'><strong>et</strong></span> <span class='ocrx_word' id='word_1_273' title='bbox 1663 2512 2092 2611; x_wconf 76' lang='lat' dir='ltr'><strong>lingua_debet</strong></span> 
     </span>
    </p>
   </div>
   <div class='ocr_carea' id='block_1_43' title="bbox 442 2601 2088 2699">
    <p class='ocr_par' dir='ltr' id='par_1_43' title="bbox 442 2601 2088 2699">
     <span class='ocr_line' id='line_1_43' title="bbox 442 2601 2088 2699; baseline -0.015 -14"><span class='ocrx_word' id='word_1_274' title='bbox 442 2601 760 2699; x_wconf 76' lang='lat' dir='ltr'><strong>circumagi</strong></span> <span class='ocrx_word' id='word_1_275' title='bbox 797 2628 958 2680; x_wconf 90' lang='lat' dir='ltr'><strong>recto</strong></span> <span class='ocrx_word' id='word_1_276' title='bbox 990 2601 1308 2678; x_wconf 76' lang='lat' dir='ltr'><strong>sermone:</strong></span> <span class='ocrx_word' id='word_1_277' title='bbox 1335 2611 1598 2675; x_wconf 72' lang='lat' dir='ltr'><strong>ostendit</strong></span> <span class='ocrx_word' id='word_1_278' title='bbox 1620 2625 1776 2699; x_wconf 83' lang='lat' dir='ltr'><strong>nunc</strong></span> <span class='ocrx_word' id='word_1_279' title='bbox 1806 2601 2088 2684; x_wconf 87' lang='lat' dir='ltr'><strong>subjectis</strong></span> 
     </span>
    </p>
   </div>
   <div class='ocr_carea' id='block_1_44' title="bbox 442 2695 2082 2791">
    <p class='ocr_par' dir='ltr' id='par_1_44' title="bbox 442 2695 2082 2791">
     <span class='ocr_line' id='line_1_44' title="bbox 442 2695 2082 2791; baseline -0.015 -16"><span class='ocrx_word' id='word_1_280' title='bbox 442 2695 732 2791; x_wconf 74' lang='lat' dir='ltr'><strong>exemplis</strong></span> <span class='ocrx_word' id='word_1_281' title='bbox 761 2706 920 2790; x_wconf 87' lang='lat' dir='ltr'><strong>quod</strong></span> <span class='ocrx_word' id='word_1_282' title='bbox 955 2702 1330 2786; x_wconf 77' lang='lat' dir='ltr'><strong>impossibile</strong></span> <span class='ocrx_word' id='word_1_283' title='bbox 1359 2719 1477 2763; x_wconf 89' lang='lat' dir='ltr'><strong>non</strong></span> <span class='ocrx_word' id='word_1_284' title='bbox 1509 2699 1585 2761; x_wconf 88' lang='lat' dir='ltr'><strong>sit</strong></span> <span class='ocrx_word' id='word_1_285' title='bbox 1626 2697 1713 2758; x_wconf 88' lang='lat' dir='ltr'><strong>illi</strong></span> <span class='ocrx_word' id='word_1_286' title='bbox 1745 2695 2039 2791; x_wconf 71' lang='lat' dir='ltr'><strong>imperare</strong></span> <span class='ocrx_word' id='word_1_287' title='bbox 2069 2713 2082 2751; x_wconf 87' lang='lat'><strong>:</strong></span> 
     </span>
    </p>
   </div>
   <div class='ocr_carea' id='block_1_45' title="bbox 442 2782 2089 2881">
    <p class='ocr_par' dir='ltr' id='par_1_45' title="bbox 442 2782 2089 2881">
     <span class='ocr_line' id='line_1_45' title="bbox 442 2782 2089 2881; baseline -0.013 -19"><span class='ocrx_word' id='word_1_288' title='bbox 442 2782 719 2881; x_wconf 75' lang='lat' dir='ltr'><strong>tanquam</strong></span> <span class='ocrx_word' id='word_1_289' title='bbox 743 2782 798 2859; x_wconf 76' lang='lat' dir='ltr'><strong>si</strong></span> <span class='ocrx_word' id='word_1_290' title='bbox 823 2782 1058 2858; x_wconf 75' lang='lat' dir='ltr'><strong>diceret</strong></span> <span class='ocrx_word' id='word_1_291' title='bbox 1080 2815 1092 2856; x_wconf 90' lang='lat'>:</span> <span class='ocrx_word' id='word_1_292' title='bbox 1118 2791 1232 2856; x_wconf 86' lang='lat' dir='ltr'><strong>Sed</strong></span> <span class='ocrx_word' id='word_1_293' title='bbox 1262 2792 1422 2881; x_wconf 80' lang='lat' dir='ltr'><strong>dicet</strong></span> <span class='ocrx_word' id='word_1_294' title='bbox 1449 2788 1662 2868; x_wconf 88' lang='lat' dir='ltr'><strong>aliquis</strong></span> <span class='ocrx_word' id='word_1_295' title='bbox 1695 2783 1851 2866; x_wconf 90' lang='lat' dir='ltr'><strong>quod</strong></span> <span class='ocrx_word' id='word_1_296' title='bbox 1893 2782 2089 2860; x_wconf 89' lang='lat' dir='ltr'><strong>lingua</strong></span> 
     </span>
    </p>
   </div>
   <div class='ocr_carea' id='block_1_46' title="bbox 438 2879 2090 2972">
    <p class='ocr_par' dir='ltr' id='par_1_46' title="bbox 438 2879 2090 2972">
     <span class='ocr_line' id='line_1_46' title="bbox 438 2879 2090 2972; baseline -0.013 -20"><span class='ocrx_word' id='word_1_297' title='bbox 438 2879 776 2972; x_wconf 83' lang='lat' dir='ltr'><strong>quanquam</strong></span> <span class='ocrx_word' id='word_1_298' title='bbox 810 2884 1090 2966; x_wconf 89' lang='lat' dir='ltr'><strong>pusillum</strong></span> <span class='ocrx_word' id='word_1_299' title='bbox 1123 2883 1196 2944; x_wconf 85' lang='lat' dir='ltr'><strong>sit</strong></span> <span class='ocrx_word' id='word_1_300' title='bbox 1226 2879 1851 2952; x_wconf 89' lang='lat' dir='ltr'><strong>membrum,attamen</strong></span> <span class='ocrx_word' id='word_1_301' title='bbox 1875 2890 2090 2951; x_wconf 84' lang='lat' dir='ltr'><strong>magna</strong></span> 
     </span>
    </p>
   </div>
   <div class='ocr_carea' id='block_1_47' title="bbox 440 2967 2090 3057">
    <p class='ocr_par' dir='ltr' id='par_1_47' title="bbox 440 2967 2090 3057">
     <span class='ocr_line' id='line_1_47' title="bbox 440 2967 2090 3057; baseline -0.012 -15"><span class='ocrx_word' id='word_1_302' title='bbox 440 2967 721 3057; x_wconf 78' lang='lat' dir='ltr'><strong>operatur</strong></span> <span class='ocrx_word' id='word_1_303' title='bbox 751 2975 907 3037; x_wconf 91' lang='lat' dir='ltr'><strong>bona</strong></span> <span class='ocrx_word' id='word_1_304' title='bbox 936 2982 994 3036; x_wconf 92' lang='lat' dir='ltr'><strong>et</strong></span> <span class='ocrx_word' id='word_1_305' title='bbox 1028 2972 1178 3034; x_wconf 91' lang='lat' dir='ltr'><strong>mala</strong></span> <span class='ocrx_word' id='word_1_306' title='bbox 1212 2991 1225 3034; x_wconf 92' lang='lat'>:</span> <span class='ocrx_word' id='word_1_307' title='bbox 1257 2988 1450 3051; x_wconf 88' lang='lat' dir='ltr'><strong>neque</strong></span> <span class='ocrx_word' id='word_1_308' title='bbox 1502 2967 1860 3047; x_wconf 91' lang='lat' dir='ltr'><strong>obsequens,</strong></span> <span class='ocrx_word' id='word_1_309' title='bbox 1897 2980 2090 3042; x_wconf 89' lang='lat' dir='ltr'><strong>neque</strong></span> 
     </span>
    </p>
   </div>
   <div class='ocr_carea' id='block_1_48' title="bbox 445 3051 2088 3138">
    <p class='ocr_par' dir='ltr' id='par_1_48' title="bbox 445 3051 2088 3138">
     <span class='ocr_line' id='line_1_48' title="bbox 445 3051 2088 3138; baseline -0.011 -10"><span class='ocrx_word' id='word_1_310' title='bbox 445 3051 776 3138; x_wconf 66' lang='lat' dir='ltr'><strong>tractabilis</strong></span> <span class='ocrx_word' id='word_1_311' title='bbox 806 3072 894 3126; x_wconf 91' lang='lat' dir='ltr'><strong>est</strong></span> <span class='ocrx_word' id='word_1_312' title='bbox 915 3082 950 3124; x_wconf 91' lang='lat' dir='ltr'><strong>a</strong></span> <span class='ocrx_word' id='word_1_313' title='bbox 978 3062 1152 3124; x_wconf 90' lang='lat' dir='ltr'><strong>nobis</strong></span> <span class='ocrx_word' id='word_1_314' title='bbox 1181 3060 1253 3123; x_wconf 88' lang='lat' dir='ltr'><strong>ad</strong></span> <span class='ocrx_word' id='word_1_315' title='bbox 1284 3079 1355 3122; x_wconf 89' lang='lat' dir='ltr'><strong>ea</strong></span> <span class='ocrx_word' id='word_1_316' title='bbox 1399 3076 1534 3138; x_wconf 65' lang='lat' dir='ltr'><strong>quae</strong></span> <span class='ocrx_word' id='word_1_317' title='bbox 1578 3057 1869 3118; x_wconf 86' lang='lat' dir='ltr'><strong>volumus.</strong></span> <span class='ocrx_word' id='word_1_318' title='bbox 1925 3051 2088 3115; x_wconf 88' lang='lat' dir='ltr'><strong>Nihil</strong></span> 
     </span>
    </p>
   </div>
   <div class='ocr_carea' id='block_1_49' title="bbox 2168 1782 3821 1865">
    <p class='ocr_par' dir='ltr' id='par_1_49' title="bbox 2168 1782 3821 1865">
     <span class='ocr_line' id='line_1_49' title="bbox 2168 1782 3821 1865; baseline -0.005 -20"><span class='ocrx_word' id='word_1_319' title='bbox 2168 1788 2392 1862; x_wconf 82' lang='grc' dir='ltr'>ἀδικίας,</span> <span class='ocrx_word' id='word_1_320' title='bbox 2473 1790 2559 1845; x_wconf 71' lang='grc' dir='ltr'>καὶ</span> <span class='ocrx_word' id='word_1_321' title='bbox 2628 1785 2751 1844; x_wconf 64' lang='grc' dir='ltr'>ὅσου</span> <span class='ocrx_word' id='word_1_322' title='bbox 2824 1786 3076 1862; x_wconf 77' lang='grc' dir='ltr'><strong>πλήθους,</strong></span> <span class='ocrx_word' id='word_1_323' title='bbox 3132 1785 3365 1865; x_wconf 67' lang='grc' dir='ltr'>εἴρηται,</span> <span class='ocrx_word' id='word_1_324' title='bbox 3427 1784 3494 1842; x_wconf 82' lang='grc' dir='ltr'>δι’</span> <span class='ocrx_word' id='word_1_325' title='bbox 3578 1787 3651 1840; x_wconf 80' lang='grc' dir='ltr'><strong>ὧν</strong></span> <span class='ocrx_word' id='word_1_326' title='bbox 3694 1782 3821 1862; x_wconf 76' lang='grc' dir='ltr'>ἐφη,</span> 
     </span>
    </p>
   </div>
   <div class='ocr_carea' id='block_1_50' title="bbox 2169 1869 3824 1955">
    <p class='ocr_par' dir='ltr' id='par_1_50' title="bbox 2169 1869 3824 1955">
     <span class='ocr_line' id='line_1_50' title="bbox 2169 1869 3824 1955; baseline -0.005 -21"><span class='ocrx_word' id='word_1_327' title='bbox 2169 1877 2361 1947; x_wconf 80' lang='grc' dir='ltr'>ἡλίκην</span> <span class='ocrx_word' id='word_1_328' title='bbox 2406 1877 2561 1944; x_wconf 78' lang='grc' dir='ltr'>ὅλην,</span> <span class='ocrx_word' id='word_1_329' title='bbox 2611 1899 2639 1931; x_wconf 70' lang='grc' dir='ltr'><strong>α</strong></span> <span class='ocrx_word' id='word_1_330' title='bbox 2688 1882 2837 1932; x_wconf 83' lang='grc' dir='ltr'><strong>Πᾶσα</strong></span> <span class='ocrx_word' id='word_1_331' title='bbox 2879 1877 2978 1955; x_wconf 86' lang='grc' dir='ltr'><strong>γὰρ</strong></span> <span class='ocrx_word' id='word_1_332' title='bbox 3049 1876 3281 1955; x_wconf 76' lang='grc' dir='ltr'><strong>φύσις.»</strong></span> <span class='ocrx_word' id='word_1_333' title='bbox 3344 1875 3420 1933; x_wconf 82' lang='grc' dir='ltr'><strong>Τά</strong></span> <span class='ocrx_word' id='word_1_334' title='bbox 3475 1879 3575 1940; x_wconf 78' lang='grc' dir='ltr'>τῆς</span> <span class='ocrx_word' id='word_1_335' title='bbox 3605 1869 3824 1928; x_wconf 88' lang='grc' dir='ltr'>ἀντιλο-</span> 
     </span>
    </p>
   </div>
   <div class='ocr_carea' id='block_1_51' title="bbox 2171 1959 3825 2048">
    <p class='ocr_par' dir='ltr' id='par_1_51' title="bbox 2171 1959 3825 2048">
     <span class='ocr_line' id='line_1_51' title="bbox 2171 1959 3825 2048; baseline -0.005 -24"><span class='ocrx_word' id='word_1_336' title='bbox 2171 1969 2288 2048; x_wconf 88' lang='grc' dir='ltr'>γίας</span> <span class='ocrx_word' id='word_1_337' title='bbox 2358 1968 2553 2035; x_wconf 82' lang='grc' dir='ltr'><strong>ταύτης</strong></span> <span class='ocrx_word' id='word_1_338' title='bbox 2613 1968 2744 2045; x_wconf 78' lang='grc' dir='ltr'>πρὸς</span> <span class='ocrx_word' id='word_1_339' title='bbox 2786 1967 2853 2022; x_wconf 82' lang='grc' dir='ltr'>τὰ</span> <span class='ocrx_word' id='word_1_340' title='bbox 2894 1965 3142 2041; x_wconf 80' lang='grc' dir='ltr'><strong>ἀνωτέρω</strong></span> <span class='ocrx_word' id='word_1_341' title='bbox 3209 1963 3460 2045; x_wconf 73' lang='grc' dir='ltr'>εἰρημένα</span> <span class='ocrx_word' id='word_1_342' title='bbox 3517 1959 3825 2022; x_wconf 78' lang='grc' dir='ltr'>ἀκουστέον,</span> 
     </span>
    </p>
   </div>
   <div class='ocr_carea' id='block_1_52' title="bbox 2174 2047 3833 2136">
    <p class='ocr_par' dir='ltr' id='par_1_52' title="bbox 2174 2047 3833 2136">
     <span class='ocr_line' id='line_1_52' title="bbox 2174 2047 3833 2136; baseline -0.007 -21"><span class='ocrx_word' id='word_1_343' title='bbox 2174 2047 2350 2115; x_wconf 79' lang='grc' dir='ltr'>Εἰπὼν</span> <span class='ocrx_word' id='word_1_344' title='bbox 2421 2058 2521 2136; x_wconf 75' lang='grc' dir='ltr'><strong>γὰρ</strong></span> <span class='ocrx_word' id='word_1_345' title='bbox 2581 2059 2669 2113; x_wconf 84' lang='grc' dir='ltr'><strong>καὶ</strong></span> <span class='ocrx_word' id='word_1_346' title='bbox 2739 2053 2904 2120; x_wconf 81' lang='grc' dir='ltr'>δείξας</span> <span class='ocrx_word' id='word_1_347' title='bbox 2961 2053 3045 2116; x_wconf 72' lang='grc' dir='ltr'><strong>διὰ</strong></span> <span class='ocrx_word' id='word_1_348' title='bbox 3097 2062 3192 2112; x_wconf 75' lang='grc' dir='ltr'>τοῦ</span> <span class='ocrx_word' id='word_1_349' title='bbox 3248 2054 3497 2134; x_wconf 78' lang='grc' dir='ltr'><strong>χαλινοῦ,</strong></span> <span class='ocrx_word' id='word_1_350' title='bbox 3587 2050 3671 2108; x_wconf 81' lang='grc' dir='ltr'><strong>διὰ</strong></span> <span class='ocrx_word' id='word_1_351' title='bbox 3737 2047 3833 2106; x_wconf 71' lang='grc' dir='ltr'>τοῦ</span> 
     </span>
    </p>
   </div>
   <div class='ocr_carea' id='block_1_53' title="bbox 2175 2141 3828 2223">
    <p class='ocr_par' dir='ltr' id='par_1_53' title="bbox 2175 2141 3828 2223">
     <span class='ocr_line' id='line_1_53' title="bbox 2175 2141 3828 2223; baseline -0.005 -20"><span class='ocrx_word' id='word_1_352' title='bbox 2175 2145 2458 2222; x_wconf 79' lang='grc' dir='ltr'>πηδαλίου,</span> <span class='ocrx_word' id='word_1_353' title='bbox 2521 2144 2554 2202; x_wconf 75' lang='grc' dir='ltr'><em>ἃ</em></span> <span class='ocrx_word' id='word_1_354' title='bbox 2622 2146 2790 2223; x_wconf 79' lang='grc' dir='ltr'>μικρὰ</span> <span class='ocrx_word' id='word_1_355' title='bbox 2847 2144 2942 2220; x_wconf 78' lang='grc' dir='ltr'>μὲν</span> <span class='ocrx_word' id='word_1_356' title='bbox 2980 2143 3112 2217; x_wconf 76' lang='grc' dir='ltr'>ἔστι,</span> <span class='ocrx_word' id='word_1_357' title='bbox 3177 2142 3385 2221; x_wconf 85' lang='grc' dir='ltr'>μεγάλα</span> <span class='ocrx_word' id='word_1_358' title='bbox 3429 2141 3484 2198; x_wconf 78' lang='grc' dir='ltr'><strong>δὲ</strong></span> <span class='ocrx_word' id='word_1_359' title='bbox 3552 2143 3828 2220; x_wconf 75' lang='grc' dir='ltr'>κατορθοῖ,</span> 
     </span>
    </p>
   </div>
   <div class='ocr_carea' id='block_1_54' title="bbox 2174 2228 3834 2314">
    <p class='ocr_par' dir='ltr' id='par_1_54' title="bbox 2174 2228 3834 2314">
     <span class='ocr_line' id='line_1_54' title="bbox 2174 2228 3834 2314; baseline -0.005 -22"><span class='ocrx_word' id='word_1_360' title='bbox 2174 2234 2353 2292; x_wconf 84' lang='grc' dir='ltr'>καλῶν</span> <span class='ocrx_word' id='word_1_361' title='bbox 2423 2236 2729 2314; x_wconf 83' lang='grc' dir='ltr'>κινούμενα,</span> <span class='ocrx_word' id='word_1_362' title='bbox 2786 2235 2874 2292; x_wconf 87' lang='grc' dir='ltr'><strong>καὶ</strong></span> <span class='ocrx_word' id='word_1_363' title='bbox 2954 2233 3243 2311; x_wconf 79' lang='grc' dir='ltr'><strong>ἐπενέγκας</strong></span> <span class='ocrx_word' id='word_1_364' title='bbox 3313 2232 3392 2288; x_wconf 78' lang='grc' dir='ltr'>ὅτι</span> <span class='ocrx_word' id='word_1_365' title='bbox 3460 2230 3598 2288; x_wconf 75' lang='grc' dir='ltr'>οὕτω</span> <span class='ocrx_word' id='word_1_366' title='bbox 3652 2228 3742 2286; x_wconf 83' lang='grc' dir='ltr'>καὶ</span> <span class='ocrx_word' id='word_1_367' title='bbox 3795 2228 3834 2296; x_wconf 77' lang='grc' dir='ltr'>ἡ</span> 
     </span>
    </p>
   </div>
   <div class='ocr_carea' id='block_1_55' title="bbox 2174 2320 3832 2408">
    <p class='ocr_par' dir='ltr' id='par_1_55' title="bbox 2174 2320 3832 2408">
     <span class='ocr_line' id='line_1_55' title="bbox 2174 2320 3832 2408; baseline -0.005 -25"><span class='ocrx_word' id='word_1_368' title='bbox 2174 2326 2390 2406; x_wconf 82' lang='grc' dir='ltr'>γλῶσσα</span> <span class='ocrx_word' id='word_1_369' title='bbox 2437 2326 2634 2408; x_wconf 79' lang='grc' dir='ltr'>ὀφείλει</span> <span class='ocrx_word' id='word_1_370' title='bbox 2709 2327 3024 2406; x_wconf 78' lang='grc' dir='ltr'>μετάγεσθαι</span> <span class='ocrx_word' id='word_1_371' title='bbox 3068 2333 3146 2401; x_wconf 83' lang='grc' dir='ltr'>τῷ</span> <span class='ocrx_word' id='word_1_372' title='bbox 3189 2328 3325 2405; x_wconf 83' lang='grc' dir='ltr'><strong>ὁρθῷ</strong></span> <span class='ocrx_word' id='word_1_373' title='bbox 3383 2322 3549 2402; x_wconf 87' lang='grc' dir='ltr'>λόγῳ,</span> <span class='ocrx_word' id='word_1_374' title='bbox 3608 2320 3832 2378; x_wconf 84' lang='grc' dir='ltr'>δείκνυσι</span> 
     </span>
    </p>
   </div>
   <div class='ocr_carea' id='block_1_56' title="bbox 2173 2409 3833 2496">
    <p class='ocr_par' dir='ltr' id='par_1_56' title="bbox 2173 2409 3833 2496">
     <span class='ocr_line' id='line_1_56' title="bbox 2173 2409 3833 2496; baseline -0.007 -22"><span class='ocrx_word' id='word_1_375' title='bbox 2173 2419 2260 2474; x_wconf 80' lang='grc' dir='ltr'><strong>νῦν</strong></span> <span class='ocrx_word' id='word_1_376' title='bbox 2316 2422 2410 2478; x_wconf 73' lang='grc' dir='ltr'><strong>οὐκ</strong></span> <span class='ocrx_word' id='word_1_377' title='bbox 2468 2417 2693 2474; x_wconf 81' lang='grc' dir='ltr'>ἀδύνατα</span> <span class='ocrx_word' id='word_1_378' title='bbox 2745 2418 3122 2496; x_wconf 68' lang='grc' dir='ltr'>προστάσσειν,</span> <span class='ocrx_word' id='word_1_379' title='bbox 3167 2413 3250 2476; x_wconf 81' lang='grc' dir='ltr'><strong>διὰ</strong></span> <span class='ocrx_word' id='word_1_380' title='bbox 3319 2419 3424 2470; x_wconf 80' lang='grc' dir='ltr'>τῶν</span> <span class='ocrx_word' id='word_1_381' title='bbox 3467 2409 3833 2486; x_wconf 78' lang='grc' dir='ltr'><strong>ὑποκειμένων</strong></span> 
     </span>
    </p>
   </div>
   <div class='ocr_carea' id='block_1_57' title="bbox 2170 2496 3830 2586">
    <p class='ocr_par' dir='ltr' id='par_1_57' title="bbox 2170 2496 3830 2586">
     <span class='ocr_line' id='line_1_57' title="bbox 2170 2496 3830 2586; baseline -0.006 -24"><span class='ocrx_word' id='word_1_382' title='bbox 2170 2504 2592 2586; x_wconf 77' lang='grc' dir='ltr'><strong>ὑποδειγμάτων,</strong></span> <span class='ocrx_word' id='word_1_383' title='bbox 2628 2507 2805 2586; x_wconf 80' lang='grc' dir='ltr'>ὥσπερ</span> <span class='ocrx_word' id='word_1_384' title='bbox 2839 2510 2882 2563; x_wconf 86' lang='grc' dir='ltr'>εἱ</span> <span class='ocrx_word' id='word_1_385' title='bbox 2940 2504 3120 2584; x_wconf 63' lang='grc' dir='ltr'>ἔλεγε»</span> <span class='ocrx_word' id='word_1_386' title='bbox 3154 2520 3168 2535; x_wconf 83' lang='grc'>⁸</span> <span class='ocrx_word' id='word_1_387' title='bbox 3247 2501 3393 2561; x_wconf 81' lang='grc' dir='ltr'>Ἀλλ’</span> <span class='ocrx_word' id='word_1_388' title='bbox 3424 2501 3537 2581; x_wconf 81' lang='grc' dir='ltr'>ἐρεῖ</span> <span class='ocrx_word' id='word_1_389' title='bbox 3605 2522 3686 2564; x_wconf 89' lang='grc' dir='ltr'><strong>τις</strong></span> <span class='ocrx_word' id='word_1_390' title='bbox 3748 2496 3830 2553; x_wconf 81' lang='grc' dir='ltr'>ὅτι</span> 
     </span>
    </p>
   </div>
   <div class='ocr_carea' id='block_1_58' title="bbox 2171 2589 3832 2676">
    <p class='ocr_par' dir='ltr' id='par_1_58' title="bbox 2171 2589 3832 2676">
     <span class='ocr_line' id='line_1_58' title="bbox 2171 2589 3832 2676; baseline -0.003 -25"><span class='ocrx_word' id='word_1_391' title='bbox 2171 2595 2268 2651; x_wconf 82' lang='grc' dir='ltr'>κάν</span> <span class='ocrx_word' id='word_1_392' title='bbox 2312 2598 2497 2676; x_wconf 87' lang='grc' dir='ltr'>μικρὸν</span> <span class='ocrx_word' id='word_1_393' title='bbox 2527 2596 2686 2672; x_wconf 82' lang='grc' dir='ltr'>μέλος</span> <span class='ocrx_word' id='word_1_394' title='bbox 2715 2598 2750 2664; x_wconf 85' lang='grc' dir='ltr'>ἡ</span> <span class='ocrx_word' id='word_1_395' title='bbox 2782 2594 3022 2674; x_wconf 80' lang='grc' dir='ltr'>γλῶσσα,</span> <span class='ocrx_word' id='word_1_396' title='bbox 3087 2592 3208 2651; x_wconf 83' lang='grc' dir='ltr'>ἀλλ’</span> <span class='ocrx_word' id='word_1_397' title='bbox 3265 2593 3352 2650; x_wconf 80' lang='grc' dir='ltr'>οὖν</span> <span class='ocrx_word' id='word_1_398' title='bbox 3397 2589 3606 2670; x_wconf 88' lang='grc' dir='ltr'>μεγάλα</span> <span class='ocrx_word' id='word_1_399' title='bbox 3666 2589 3832 2668; x_wconf 81' lang='grc' dir='ltr'>ἐργα-</span> 
     </span>
    </p>
   </div>
   <div class='ocr_carea' id='block_1_59' title="bbox 2167 2679 3830 2764">
    <p class='ocr_par' dir='ltr' id='par_1_59' title="bbox 2167 2679 3830 2764">
     <span class='ocr_line' id='line_1_59' title="bbox 2167 2679 3830 2764; baseline -0.009 -17"><span class='ocrx_word' id='word_1_400' title='bbox 2167 2685 2367 2761; x_wconf 82' lang='grc' dir='ltr'>ζομένη</span> <span class='ocrx_word' id='word_1_401' title='bbox 2411 2687 2549 2744; x_wconf 80' lang='grc' dir='ltr'><strong>καλά</strong></span> <span class='ocrx_word' id='word_1_402' title='bbox 2577 2688 2664 2742; x_wconf 83' lang='grc' dir='ltr'>καὶ</span> <span class='ocrx_word' id='word_1_403' title='bbox 2724 2686 2889 2764; x_wconf 80' lang='grc' dir='ltr'>κακὰ,</span> <span class='ocrx_word' id='word_1_404' title='bbox 2950 2688 3044 2742; x_wconf 78' lang='grc' dir='ltr'>οὒκ</span> <span class='ocrx_word' id='word_1_405' title='bbox 3103 2684 3345 2751; x_wconf 75' lang='grc' dir='ltr'>εὗπειθὴς</span> <span class='ocrx_word' id='word_1_406' title='bbox 3405 2679 3507 2739; x_wconf 71' lang='grc' dir='ltr'>οὔδ’</span> <span class='ocrx_word' id='word_1_407' title='bbox 3559 2679 3830 2757; x_wconf 72' lang='grc' dir='ltr'><strong>εὐάγωγος</strong></span> 
     </span>
    </p>
   </div>
   <div class='ocr_carea' id='block_1_60' title="bbox 2167 2769 3826 2854">
    <p class='ocr_par' dir='ltr' id='par_1_60' title="bbox 2167 2769 3826 2854">
     <span class='ocr_line' id='line_1_60' title="bbox 2167 2769 3826 2854; baseline -0.005 -23"><span class='ocrx_word' id='word_1_408' title='bbox 2167 2777 2304 2852; x_wconf 75' lang='grc' dir='ltr'>ἡμῖν</span> <span class='ocrx_word' id='word_1_409' title='bbox 2387 2775 2496 2832; x_wconf 88' lang='grc' dir='ltr'>ἐστι</span> <span class='ocrx_word' id='word_1_410' title='bbox 2554 2777 2684 2854; x_wconf 79' lang='grc' dir='ltr'>πρὸς</span> <span class='ocrx_word' id='word_1_411' title='bbox 2730 2773 2763 2831; x_wconf 80' lang='grc' dir='ltr'>ἂ</span> <span class='ocrx_word' id='word_1_412' title='bbox 2843 2773 3162 2851; x_wconf 65' lang='grc' dir='ltr'>βοδλόμεθα,</span> <span class='ocrx_word' id='word_1_413' title='bbox 3240 2770 3396 2831; x_wconf 75' lang='grc' dir='ltr'>Οὐδὲν</span> <span class='ocrx_word' id='word_1_414' title='bbox 3465 2777 3620 2827; x_wconf 78' lang='grc' dir='ltr'>τοῦτο</span> <span class='ocrx_word' id='word_1_415' title='bbox 3689 2769 3826 2846; x_wconf 84' lang='grc' dir='ltr'>πρὸς</span> 
     </span>
    </p>
   </div>
   <div class='ocr_carea' id='block_1_61' title="bbox 2169 2856 3833 2944">
    <p class='ocr_par' dir='ltr' id='par_1_61' title="bbox 2169 2856 3833 2944">
     <span class='ocr_line' id='line_1_61' title="bbox 2169 2856 3833 2944; baseline -0.005 -24"><span class='ocrx_word' id='word_1_416' title='bbox 2169 2863 2480 2943; x_wconf 87' lang='grc' dir='ltr'>ἀπολογίαν.</span> <span class='ocrx_word' id='word_1_417' title='bbox 2518 2867 2576 2923; x_wconf 80' lang='grc' dir='ltr'><strong>Εἰ</strong></span> <span class='ocrx_word' id='word_1_418' title='bbox 2625 2867 2726 2944; x_wconf 81' lang='grc' dir='ltr'>γὰρ</span> <span class='ocrx_word' id='word_1_419' title='bbox 2782 2865 3016 2922; x_wconf 88' lang='grc' dir='ltr'>ἀνοίκεια</span> <span class='ocrx_word' id='word_1_420' title='bbox 3049 2870 3117 2941; x_wconf 76' lang='grc' dir='ltr'>τῇ</span> <span class='ocrx_word' id='word_1_421' title='bbox 3162 2864 3356 2920; x_wconf 80' lang='grc' dir='ltr'>άαυτοῦ</span> <span class='ocrx_word' id='word_1_422' title='bbox 3397 2862 3547 2943; x_wconf 79' lang='grc' dir='ltr'>φύσει</span> <span class='ocrx_word' id='word_1_423' title='bbox 3609 2856 3833 2932; x_wconf 80' lang='grc' dir='ltr'><strong>δαμάζει</strong></span> 
     </span>
    </p>
   </div>
   <div class='ocr_carea' id='block_1_62' title="bbox 2172 2944 3830 3034">
    <p class='ocr_par' dir='ltr' id='par_1_62' title="bbox 2172 2944 3830 3034">
     <span class='ocr_line' id='line_1_62' title="bbox 2172 2944 3830 3034; baseline -0.008 -19"><span class='ocrx_word' id='word_1_424' title='bbox 2172 2953 2440 3034; x_wconf 69' lang='grc' dir='ltr'>ἅνθρωπος</span> <span class='ocrx_word' id='word_1_425' title='bbox 2473 2953 2615 3032; x_wconf 83' lang='grc' dir='ltr'>θδρία</span> <span class='ocrx_word' id='word_1_426' title='bbox 2683 2953 2901 3034; x_wconf 83' lang='grc' dir='ltr'>χαλεπά</span> <span class='ocrx_word' id='word_1_427' title='bbox 2973 2955 3070 3030; x_wconf 78' lang='grc' dir='ltr'><strong>μὲν</strong></span> <span class='ocrx_word' id='word_1_428' title='bbox 3129 2953 3286 3028; x_wconf 78' lang='grc' dir='ltr'>ἰδεῖν,</span> <span class='ocrx_word' id='word_1_429' title='bbox 3359 2949 3712 3032; x_wconf 76' lang='grc' dir='ltr'>χαλεπώτερα</span> <span class='ocrx_word' id='word_1_430' title='bbox 3771 2944 3830 3002; x_wconf 74' lang='grc' dir='ltr'><strong>δὲ</strong></span> 
     </span>
    </p>
   </div>
   <div class='ocr_carea' id='block_1_63' title="bbox 2173 3035 3830 3124">
    <p class='ocr_par' dir='ltr' id='par_1_63' title="bbox 2173 3035 3830 3124">
     <span class='ocr_line' id='line_1_63' title="bbox 2173 3035 3830 3124; baseline -0.004 -25"><span class='ocrx_word' id='word_1_431' title='bbox 2173 3047 2664 3124; x_wconf 80' lang='grc' dir='ltr'>μεταχειρίσασθαι,</span> <span class='ocrx_word' id='word_1_432' title='bbox 2714 3043 2771 3099; x_wconf 71' lang='grc' dir='ltr'>οὔ</span> <span class='ocrx_word' id='word_1_433' title='bbox 2817 3042 3006 3118; x_wconf 83' lang='grc' dir='ltr'>πολλῷ</span> <span class='ocrx_word' id='word_1_434' title='bbox 3058 3041 3255 3120; x_wconf 82' lang='grc' dir='ltr'>μῦλλον</span> <span class='ocrx_word' id='word_1_435' title='bbox 3326 3043 3388 3097; x_wconf 82' lang='grc' dir='ltr'>τὸ</span> <span class='ocrx_word' id='word_1_436' title='bbox 3433 3041 3620 3096; x_wconf 76' lang='grc' dir='ltr'>ἑαυτοῦ</span> <span class='ocrx_word' id='word_1_437' title='bbox 3663 3035 3830 3113; x_wconf 86' lang='grc' dir='ltr'>μέλος</span> 
     </span>
    </p>
   </div>
   <div class='ocr_carea' id='block_1_64' title="bbox 437 3124 2091 3237">
    <p class='ocr_par' dir='ltr' id='par_1_64' title="bbox 437 3124 2090 3237">
     <span class='ocr_line' id='line_1_64' title="bbox 437 3124 2090 3237; baseline -0.011 -17"><span class='ocrx_word' id='word_1_438' title='bbox 437 3157 553 3220; x_wconf 89' lang='lat' dir='ltr'><strong>hoc</strong></span> <span class='ocrx_word' id='word_1_439' title='bbox 583 3135 704 3237; x_wconf 85' lang='lat' dir='ltr'><strong>agit</strong></span> <span class='ocrx_word' id='word_1_440' title='bbox 735 3154 807 3215; x_wconf 90' lang='lat' dir='ltr'><strong>ad</strong></span> <span class='ocrx_word' id='word_1_441' title='bbox 843 3124 1472 3233; x_wconf 74' lang='lat' dir='ltr'><strong>responsionemNam</strong></span> <span class='ocrx_word' id='word_1_442' title='bbox 1499 3145 1550 3209; x_wconf 90' lang='lat' dir='ltr'><strong>si</strong></span> <span class='ocrx_word' id='word_1_443' title='bbox 1579 3145 1736 3207; x_wconf 87' lang='lat' dir='ltr'><strong>feras</strong></span> <span class='ocrx_word' id='word_1_444' title='bbox 1757 3161 1862 3204; x_wconf 92' lang='lat' dir='ltr'><strong>sua</strong></span> <span class='ocrx_word' id='word_1_445' title='bbox 1881 3148 2090 3203; x_wconf 85' lang='lat' dir='ltr'><strong>natura</strong></span> 
     </span>
    </p>
   </div>
   <div class='ocr_carea' id='block_1_65' title="bbox 2176 3124 3834 3237">
    <p class='ocr_par' dir='ltr' id='par_1_65' title="bbox 2176 3124 3834 3237">
     <span class='ocr_line' id='line_1_65' title="bbox 2176 3124 3834 3213; baseline -0.005 -24"><span class='ocrx_word' id='word_1_446' title='bbox 2176 3133 2415 3197; x_wconf 83' lang='grc' dir='ltr'>εὒείκτως</span> <span class='ocrx_word' id='word_1_447' title='bbox 2447 3133 2920 3213; x_wconf 81' lang='grc' dir='ltr'>μεταχειρίσαιτο;</span> <span class='ocrx_word' id='word_1_448' title='bbox 2955 3133 3046 3190; x_wconf 84' lang='grc' dir='ltr'><strong>Ειὸ</strong></span> <span class='ocrx_word' id='word_1_449' title='bbox 3093 3133 3182 3188; x_wconf 90' lang='grc' dir='ltr'><strong>καὶ</strong></span> <span class='ocrx_word' id='word_1_450' title='bbox 3249 3131 3335 3211; x_wconf 81' lang='grc' dir='ltr'>τὸ,</span> <span class='ocrx_word' id='word_1_451' title='bbox 3408 3129 3516 3196; x_wconf 66' lang='grc' dir='ltr'><strong>Τὴν</strong></span> <span class='ocrx_word' id='word_1_452' title='bbox 3558 3125 3615 3183; x_wconf 79' lang='grc' dir='ltr'>δὲ</span> <span class='ocrx_word' id='word_1_453' title='bbox 3657 3124 3834 3204; x_wconf 79' lang='grc' dir='ltr'>γλῶσ-</span> 
     </span>
     <span class='ocr_line' id='line_1_66' title="bbox 2359 3215 3820 3237; baseline 0 0"><span class='ocrx_word' id='word_1_454' title='bbox 2359 3227 2373 3237; x_wconf 71' lang='grc' dir='ltr'><strong>ι</strong></span> <span class='ocrx_word' id='word_1_455' title='bbox 2391 3220 2414 3237; x_wconf 57' lang='grc' dir='ltr'>Α</span> <span class='ocrx_word' id='word_1_456' title='bbox 2443 3224 2455 3237; x_wconf 77' lang='grc' dir='ltr'>ι</span> <span class='ocrx_word' id='word_1_457' title='bbox 2559 3222 2572 3237; x_wconf 69' lang='lat'><strong>9</strong></span> <span class='ocrx_word' id='word_1_458' title='bbox 2617 3226 2638 3237; x_wconf 67' lang='grc' dir='ltr'><strong>ιι</strong></span> <span class='ocrx_word' id='word_1_459' title='bbox 2698 3223 2708 3237; x_wconf 79' lang='grc'><strong><em>1</em></strong></span> <span class='ocrx_word' id='word_1_460' title='bbox 2927 3219 2951 3237; x_wconf 54' lang='grc' dir='ltr'>Ἀ</span> <span class='ocrx_word' id='word_1_461' title='bbox 3048 3222 3058 3237; x_wconf 86' lang='grc'><strong><em>1</em></strong></span> <span class='ocrx_word' id='word_1_462' title='bbox 3230 3218 3279 3237; x_wconf 60' lang='grc' dir='ltr'><strong>ᾗ,</strong></span> <span class='ocrx_word' id='word_1_463' title='bbox 3595 3217 3609 3236; x_wconf 60' lang='grc' dir='ltr'>κ</span> <span class='ocrx_word' id='word_1_464' title='bbox 3805 3215 3820 3234; x_wconf 75' lang='lat'><strong><em>\</em></strong></span> 
     </span>
    </p>
   </div>
   <div class='ocr_carea' id='block_1_66' title="bbox 441 3232 2089 3318">
    <p class='ocr_par' dir='ltr' id='par_1_66' title="bbox 441 3232 2089 3318">
     <span class='ocr_line' id='line_1_67' title="bbox 441 3232 2089 3318; baseline -0.011 -10"><span class='ocrx_word' id='word_1_465' title='bbox 441 3266 561 3308; x_wconf 88' lang='lat' dir='ltr'><strong>non</strong></span> <span class='ocrx_word' id='word_1_466' title='bbox 591 3232 958 3306; x_wconf 73' lang='lat' dir='ltr'><strong>domesticas</strong></span> <span class='ocrx_word' id='word_1_467' title='bbox 979 3240 1180 3302; x_wconf 89' lang='lat' dir='ltr'><strong>domat</strong></span> <span class='ocrx_word' id='word_1_468' title='bbox 1210 3239 1409 3318; x_wconf 89' lang='lat' dir='ltr'><strong>homo,</strong></span> <span class='ocrx_word' id='word_1_469' title='bbox 1445 3253 1627 3299; x_wconf 83' lang='lat' dir='ltr'><strong>saevas</strong></span> <span class='ocrx_word' id='word_1_470' title='bbox 1659 3232 1898 3315; x_wconf 89' lang='lat' dir='ltr'><strong>quidem</strong></span> <span class='ocrx_word' id='word_1_471' title='bbox 1921 3249 2089 3310; x_wconf 90' lang='lat' dir='ltr'><strong>aspe-</strong></span> 
     </span>
    </p>
   </div>
   <div class='ocr_carea' id='block_1_67' title="bbox 441 3324 2089 3411">
    <p class='ocr_par' dir='ltr' id='par_1_67' title="bbox 441 3324 2089 3411">
     <span class='ocr_line' id='line_1_68' title="bbox 441 3324 2089 3411; baseline -0.009 -15"><span class='ocrx_word' id='word_1_472' title='bbox 441 3344 568 3409; x_wconf 86' lang='lat' dir='ltr'><strong>ctu,</strong></span> <span class='ocrx_word' id='word_1_473' title='bbox 597 3342 655 3395; x_wconf 88' lang='lat' dir='ltr'><strong>at</strong></span> <span class='ocrx_word' id='word_1_474' title='bbox 683 3333 859 3411; x_wconf 89' lang='lat' dir='ltr'><strong>longe</strong></span> <span class='ocrx_word' id='word_1_475' title='bbox 889 3329 1076 3410; x_wconf 89' lang='lat' dir='ltr'><strong>magis</strong></span> <span class='ocrx_word' id='word_1_476' title='bbox 1105 3347 1289 3391; x_wconf 75' lang='lat' dir='ltr'><strong>saevas</strong></span> <span class='ocrx_word' id='word_1_477' title='bbox 1320 3327 1393 3389; x_wconf 86' lang='lat' dir='ltr'><strong>ad</strong></span> <span class='ocrx_word' id='word_1_478' title='bbox 1444 3324 1842 3394; x_wconf 83' lang='lat' dir='ltr'><strong>tractandum,</strong></span> <span class='ocrx_word' id='word_1_479' title='bbox 1890 3338 2089 3382; x_wconf 88' lang='lat' dir='ltr'><strong>nonne</strong></span> 
     </span>
    </p>
   </div>
   <div class='ocr_carea' id='block_1_68' title="bbox 445 3416 2090 3500">
    <p class='ocr_par' dir='ltr' id='par_1_68' title="bbox 445 3416 2090 3500">
     <span class='ocr_line' id='line_1_69' title="bbox 445 3416 2090 3500; baseline -0.01 -14"><span class='ocrx_word' id='word_1_480' title='bbox 445 3425 631 3487; x_wconf 90' lang='lat' dir='ltr'><strong>multo</strong></span> <span class='ocrx_word' id='word_1_481' title='bbox 665 3422 849 3500; x_wconf 89' lang='lat' dir='ltr'><strong>magis</strong></span> <span class='ocrx_word' id='word_1_482' title='bbox 876 3419 1180 3500; x_wconf 89' lang='lat' dir='ltr'><strong>proprium</strong></span> <span class='ocrx_word' id='word_1_483' title='bbox 1236 3416 1570 3478; x_wconf 87' lang='lat' dir='ltr'><strong>membrum</strong></span> <span class='ocrx_word' id='word_1_484' title='bbox 1601 3421 1857 3475; x_wconf 85' lang='lat' dir='ltr'><strong>tractare</strong></span> <span class='ocrx_word' id='word_1_485' title='bbox 1892 3416 2090 3491; x_wconf 91' lang='lat' dir='ltr'><strong>posset</strong></span> 
     </span>
    </p>
   </div>
   <div class='ocr_carea' id='block_1_69' title="bbox 444 3501 2082 3589">
    <p class='ocr_par' dir='ltr' id='par_1_69' title="bbox 444 3501 2082 3589">
     <span class='ocr_line' id='line_1_70' title="bbox 444 3501 2082 3589; baseline -0.01 -13"><span class='ocrx_word' id='word_1_486' title='bbox 444 3525 509 3575; x_wconf 87' lang='lat' dir='ltr'><strong>ut</strong></span> <span class='ocrx_word' id='word_1_487' title='bbox 539 3512 652 3574; x_wconf 89' lang='lat' dir='ltr'><strong>sibi</strong></span> <span class='ocrx_word' id='word_1_488' title='bbox 681 3511 854 3573; x_wconf 82' lang='lat' dir='ltr'><strong>facile</strong></span> <span class='ocrx_word' id='word_1_489' title='bbox 873 3505 1351 3589; x_wconf 85' lang='lat' dir='ltr'><strong>obtemperaret?</strong></span> <span class='ocrx_word' id='word_1_490' title='bbox 1379 3504 1519 3566; x_wconf 87' lang='lat' dir='ltr'><strong>Ideo</strong></span> <span class='ocrx_word' id='word_1_491' title='bbox 1557 3507 1734 3566; x_wconf 90' lang='lat' dir='ltr'><strong>etiam</strong></span> <span class='ocrx_word' id='word_1_492' title='bbox 1768 3501 1924 3583; x_wconf 90' lang='lat' dir='ltr'><strong>quod</strong></span> <span class='ocrx_word' id='word_1_493' title='bbox 1954 3501 2036 3562; x_wconf 90' lang='lat' dir='ltr'><strong>ait</strong></span> <span class='ocrx_word' id='word_1_494' title='bbox 2068 3520 2082 3560; x_wconf 93' lang='lat'>:</span> 
     </span>
    </p>
   </div>
   <div class='ocr_carea' id='block_1_70' title="bbox 449 3594 2084 3681">
    <p class='ocr_par' dir='ltr' id='par_1_70' title="bbox 449 3594 2084 3681">
     <span class='ocr_line' id='line_1_71' title="bbox 449 3594 2084 3681; baseline -0.007 -17"><span class='ocrx_word' id='word_1_495' title='bbox 449 3603 739 3681; x_wconf 88' lang='lat' dir='ltr'><strong>Linguam</strong></span> <span class='ocrx_word' id='word_1_496' title='bbox 772 3606 967 3662; x_wconf 91' lang='lat' dir='ltr'><strong>autem</strong></span> <span class='ocrx_word' id='word_1_497' title='bbox 1000 3598 1196 3659; x_wconf 89' lang='lat' dir='ltr'><strong>nullus</strong></span> <span class='ocrx_word' id='word_1_498' title='bbox 1243 3595 1549 3658; x_wconf 89' lang='lat' dir='ltr'><strong>hominum</strong></span> <span class='ocrx_word' id='word_1_499' title='bbox 1581 3594 1824 3656; x_wconf 85' lang='lat' dir='ltr'><strong>domare</strong></span> <span class='ocrx_word' id='word_1_500' title='bbox 1872 3598 2084 3681; x_wconf 90' lang='lat' dir='ltr'><strong>potest,</strong></span> 
     </span>
    </p>
   </div>
   <div class='ocr_carea' id='block_1_71' title="bbox 440 3680 2087 3766">
    <p class='ocr_par' dir='ltr' id='par_1_71' title="bbox 440 3680 2087 3766">
     <span class='ocr_line' id='line_1_72' title="bbox 440 3680 2087 3766; baseline -0.007 -12"><span class='ocrx_word' id='word_1_501' title='bbox 440 3711 558 3754; x_wconf 91' lang='lat' dir='ltr'><strong>non</strong></span> <span class='ocrx_word' id='word_1_502' title='bbox 575 3680 1028 3753; x_wconf 82' lang='lat' dir='ltr'><strong>estafﬁrmative</strong></span> <span class='ocrx_word' id='word_1_503' title='bbox 1051 3685 1504 3766; x_wconf 89' lang='lat' dir='ltr'><strong>legendum,sed</strong></span> <span class='ocrx_word' id='word_1_504' title='bbox 1531 3680 2087 3764; x_wconf 77' lang='lat' dir='ltr'><strong>perdubitationem</strong></span> 
     </span>
    </p>
   </div>
   <div class='ocr_carea' id='block_1_72' title="bbox 441 3770 2087 3859">
    <p class='ocr_par' dir='ltr' id='par_1_72' title="bbox 441 3770 2087 3859">
     <span class='ocr_line' id='line_1_73' title="bbox 441 3770 2087 3859; baseline -0.009 -15"><span class='ocrx_word' id='word_1_505' title='bbox 441 3790 546 3845; x_wconf 90' lang='lat' dir='ltr'><strong>aut</strong></span> <span class='ocrx_word' id='word_1_506' title='bbox 600 3778 1154 3859; x_wconf 88' lang='lat' dir='ltr'><strong>interrogationem,</strong></span> <span class='ocrx_word' id='word_1_507' title='bbox 1185 3784 1250 3838; x_wconf 89' lang='lat' dir='ltr'><strong>ut</strong></span> <span class='ocrx_word' id='word_1_508' title='bbox 1297 3776 1412 3836; x_wconf 91' lang='lat' dir='ltr'><strong>hoc</strong></span> <span class='ocrx_word' id='word_1_509' title='bbox 1474 3773 1648 3836; x_wconf 93' lang='lat' dir='ltr'><strong>modo</strong></span> <span class='ocrx_word' id='word_1_510' title='bbox 1709 3771 1961 3859; x_wconf 83' lang='lat' dir='ltr'><strong>dicatur.</strong></span> <span class='ocrx_word' id='word_1_511' title='bbox 2025 3770 2087 3832; x_wconf 81' lang='lat' dir='ltr'><strong><em>Si</em></strong></span> 
     </span>
    </p>
   </div>
   <div class='ocr_carea' id='block_1_73' title="bbox 440 3858 2093 3933">
    <p class='ocr_par' dir='ltr' id='par_1_73' title="bbox 440 3858 2093 3933">
     <span class='ocr_line' id='line_1_74' title="bbox 440 3858 2093 3933; baseline -0.008 1"><span class='ocrx_word' id='word_1_512' title='bbox 440 3873 598 3933; x_wconf 85' lang='lat' dir='ltr'><strong>feras</strong></span> <span class='ocrx_word' id='word_1_513' title='bbox 651 3858 970 3932; x_wconf 87' lang='lat' dir='ltr'><strong>indomitas</strong></span> <span class='ocrx_word' id='word_1_514' title='bbox 1023 3864 1415 3928; x_wconf 87' lang='lat' dir='ltr'><strong>mansuefacit</strong></span> <span class='ocrx_word' id='word_1_515' title='bbox 1461 3865 1638 3925; x_wconf 93' lang='lat' dir='ltr'><strong>homo</strong></span> <span class='ocrx_word' id='word_1_516' title='bbox 1667 3873 1726 3923; x_wconf 86' lang='lat' dir='ltr'><strong>et</strong></span> <span class='ocrx_word' id='word_1_517' title='bbox 1756 3858 2093 3923; x_wconf 87' lang='lat' dir='ltr'><strong>tractabiles</strong></span> 
     </span>
    </p>
   </div>
   <div class='ocr_carea' id='block_1_74' title="bbox 439 3949 2096 4036">
    <p class='ocr_par' dir='ltr' id='par_1_74' title="bbox 439 3949 2096 4036">
     <span class='ocr_line' id='line_1_75' title="bbox 439 3949 2096 4036; baseline -0.008 -12"><span class='ocrx_word' id='word_1_518' title='bbox 439 3961 659 4036; x_wconf 87' lang='lat' dir='ltr'><strong>reddit,</strong></span> <span class='ocrx_word' id='word_1_519' title='bbox 714 3976 913 4021; x_wconf 90' lang='lat' dir='ltr'><strong>annon</strong></span> <span class='ocrx_word' id='word_1_520' title='bbox 947 3975 1115 4019; x_wconf 89' lang='lat' dir='ltr'><strong>suam</strong></span> <span class='ocrx_word' id='word_1_521' title='bbox 1165 3955 1427 4034; x_wconf 89' lang='lat' dir='ltr'><strong>linguam</strong></span> <span class='ocrx_word' id='word_1_522' title='bbox 1459 3953 1703 4014; x_wconf 88' lang='lat' dir='ltr'><strong>domare</strong></span> <span class='ocrx_word' id='word_1_523' title='bbox 1735 3949 1984 4032; x_wconf 81' lang='lat' dir='ltr'><strong>poterit?</strong></span> <span class='ocrx_word' id='word_1_524' title='bbox 2009 3949 2096 4011; x_wconf 91' lang='lat' dir='ltr'><strong>Ita</strong></span> 
     </span>
    </p>
   </div>
   <div class='ocr_carea' id='block_1_75' title="bbox 441 4039 2096 4131">
    <p class='ocr_par' dir='ltr' id='par_1_75' title="bbox 441 4039 2096 4131">
     <span class='ocr_line' id='line_1_76' title="bbox 441 4039 2096 4131; baseline -0.008 -18"><span class='ocrx_word' id='word_1_525' title='bbox 441 4070 583 4131; x_wconf 85' lang='lat' dir='ltr'><strong>ergo</strong></span> <span class='ocrx_word' id='word_1_526' title='bbox 635 4047 952 4129; x_wconf 85' lang='lat' dir='ltr'><strong>legendum</strong></span> <span class='ocrx_word' id='word_1_527' title='bbox 1004 4053 1095 4108; x_wconf 91' lang='lat' dir='ltr'><strong>est</strong></span> <span class='ocrx_word' id='word_1_528' title='bbox 1125 4046 1238 4107; x_wconf 86' lang='lat' dir='ltr'><strong>hoc</strong></span> <span class='ocrx_word' id='word_1_529' title='bbox 1269 4053 1327 4106; x_wconf 90' lang='lat' dir='ltr'><strong>et</strong></span> <span class='ocrx_word' id='word_1_530' title='bbox 1359 4041 1839 4121; x_wconf 88' lang='lat' dir='ltr'><strong>intelligendum.</strong></span> <span class='ocrx_word' id='word_1_531' title='bbox 1873 4039 2018 4106; x_wconf 85' lang='lat' dir='ltr'><strong>Nam</strong></span> <span class='ocrx_word' id='word_1_532' title='bbox 2039 4039 2096 4102; x_wconf 83' lang='lat' dir='ltr'><strong>si</strong></span> 
     </span>
    </p>
   </div>
   <div class='ocr_carea' id='block_1_76' title="bbox 2171 3215 3836 3302">
    <p class='ocr_par' dir='ltr' id='par_1_76' title="bbox 2171 3215 3836 3302">
     <span class='ocr_line' id='line_1_77' title="bbox 2171 3215 3836 3302; baseline -0.005 -22"><span class='ocrx_word' id='word_1_533' title='bbox 2171 3245 2268 3280; x_wconf 89' lang='grc' dir='ltr'>σαν</span> <span class='ocrx_word' id='word_1_534' title='bbox 2324 3220 2489 3286; x_wconf 67' lang='grc' dir='ltr'>οὐδεὶς</span> <span class='ocrx_word' id='word_1_535' title='bbox 2550 3222 2839 3302; x_wconf 84' lang='grc' dir='ltr'>ἀνθρώπων</span> <span class='ocrx_word' id='word_1_536' title='bbox 2923 3219 3154 3298; x_wconf 84' lang='grc' dir='ltr'>δαμάσαι</span> <span class='ocrx_word' id='word_1_537' title='bbox 3225 3218 3460 3294; x_wconf 79' lang='grc' dir='ltr'>δύναται,</span> <span class='ocrx_word' id='word_1_538' title='bbox 3544 3217 3624 3293; x_wconf 77' lang='grc' dir='ltr'>μὴ</span> <span class='ocrx_word' id='word_1_539' title='bbox 3698 3215 3836 3273; x_wconf 74' lang='grc' dir='ltr'><strong>κατά</strong></span> 
     </span>
    </p>
   </div>
   <div class='ocr_carea' id='block_1_77' title="bbox 2173 3305 3832 3393">
    <p class='ocr_par' dir='ltr' id='par_1_77' title="bbox 2173 3305 3832 3393">
     <span class='ocr_line' id='line_1_78' title="bbox 2173 3305 3832 3393; baseline -0.005 -25"><span class='ocrx_word' id='word_1_540' title='bbox 2173 3311 2466 3393; x_wconf 72' lang='grc' dir='ltr'>ἀπόφανσιν</span> <span class='ocrx_word' id='word_1_541' title='bbox 2551 3310 2940 3390; x_wconf 83' lang='grc' dir='ltr'>ἀναγνωστέον,</span> <span class='ocrx_word' id='word_1_542' title='bbox 3032 3309 3170 3367; x_wconf 81' lang='grc' dir='ltr'>ἀλλὰ</span> <span class='ocrx_word' id='word_1_543' title='bbox 3265 3307 3384 3366; x_wconf 88' lang='grc' dir='ltr'>κατ’</span> <span class='ocrx_word' id='word_1_544' title='bbox 3469 3305 3832 3385; x_wconf 81' lang='grc' dir='ltr'>ἐπαπόρησιν,</span> 
     </span>
    </p>
   </div>
   <div class='ocr_carea' id='block_1_78' title="bbox 2177 3392 3833 3478">
    <p class='ocr_par' dir='ltr' id='par_1_78' title="bbox 2177 3392 3833 3478">
     <span class='ocr_line' id='line_1_79' title="bbox 2177 3392 3833 3478; baseline -0.006 -18"><span class='ocrx_word' id='word_1_545' title='bbox 2177 3392 2301 3460; x_wconf 59' lang='lat' dir='ltr'><strong>“lvd</strong></span> <span class='ocrx_word' id='word_1_546' title='bbox 2356 3405 2392 3478; x_wconf 75' lang='grc' dir='ltr'><strong>ᾗ</strong></span> <span class='ocrx_word' id='word_1_547' title='bbox 2449 3401 2640 3467; x_wconf 71' lang='grc' dir='ltr'>οὕτως.</span> <span class='ocrx_word' id='word_1_548' title='bbox 2704 3403 2761 3459; x_wconf 77' lang='grc' dir='ltr'><strong>Εἰ</strong></span> <span class='ocrx_word' id='word_1_549' title='bbox 2831 3403 2899 3458; x_wconf 79' lang='grc' dir='ltr'>τὰ</span> <span class='ocrx_word' id='word_1_550' title='bbox 2971 3401 3226 3458; x_wconf 87' lang='grc' dir='ltr'>ἀτίθασσα</span> <span class='ocrx_word' id='word_1_551' title='bbox 3305 3398 3459 3478; x_wconf 86' lang='grc' dir='ltr'>θηρία</span> <span class='ocrx_word' id='word_1_552' title='bbox 3558 3393 3833 3474; x_wconf 72' lang='grc' dir='ltr'>ἅνθρωπος</span> 
     </span>
    </p>
   </div>
   <div class='ocr_carea' id='block_1_79' title="bbox 2169 3489 3834 3574">
    <p class='ocr_par' dir='ltr' id='par_1_79' title="bbox 2169 3489 3834 3574">
     <span class='ocr_line' id='line_1_80' title="bbox 2169 3489 3834 3574; baseline -0.006 -22"><span class='ocrx_word' id='word_1_553' title='bbox 2169 3496 2464 3552; x_wconf 79' lang='grc' dir='ltr'>τιθασσεύει</span> <span class='ocrx_word' id='word_1_554' title='bbox 2523 3496 2610 3552; x_wconf 83' lang='grc' dir='ltr'>καὶ</span> <span class='ocrx_word' id='word_1_555' title='bbox 2654 3496 2980 3574; x_wconf 77' lang='grc' dir='ltr'>χειρονοήθη</span> <span class='ocrx_word' id='word_1_556' title='bbox 3053 3506 3224 3573; x_wconf 73' lang='grc' dir='ltr'>ποιεῖ,</span> <span class='ocrx_word' id='word_1_557' title='bbox 3297 3491 3396 3572; x_wconf 83' lang='grc' dir='ltr'><strong>ἆρα</strong></span> <span class='ocrx_word' id='word_1_558' title='bbox 3480 3489 3578 3556; x_wconf 79' lang='grc' dir='ltr'><strong>τὴν</strong></span> <span class='ocrx_word' id='word_1_559' title='bbox 3645 3489 3834 3544; x_wconf 83' lang='grc' dir='ltr'><strong>ἑαυτοῦ</strong></span> 
     </span>
    </p>
   </div>
   <div class='ocr_carea' id='block_1_80' title="bbox 2171 3575 3833 3664">
    <p class='ocr_par' dir='ltr' id='par_1_80' title="bbox 2171 3575 3833 3664">
     <span class='ocr_line' id='line_1_81' title="bbox 2171 3575 3833 3664; baseline -0.006 -23"><span class='ocrx_word' id='word_1_560' title='bbox 2171 3584 2418 3664; x_wconf 83' lang='grc' dir='ltr'>γλῶσσαν</span> <span class='ocrx_word' id='word_1_561' title='bbox 2473 3586 2533 3641; x_wconf 69' lang='grc' dir='ltr'>οὐ</span> <span class='ocrx_word' id='word_1_562' title='bbox 2629 3582 2906 3664; x_wconf 85' lang='grc' dir='ltr'>δαμάσει;</span> <span class='ocrx_word' id='word_1_563' title='bbox 2969 3583 3069 3642; x_wconf 81' lang='grc' dir='ltr'>Οὖν</span> <span class='ocrx_word' id='word_1_564' title='bbox 3145 3578 3532 3660; x_wconf 88' lang='grc' dir='ltr'>ἀναγνωστέον,</span> <span class='ocrx_word' id='word_1_565' title='bbox 3600 3578 3660 3634; x_wconf 83' lang='grc' dir='ltr'><strong>Εἰ</strong></span> <span class='ocrx_word' id='word_1_566' title='bbox 3733 3575 3833 3654; x_wconf 76' lang='grc' dir='ltr'>γὰρ</span> 
     </span>
    </p>
   </div>
   <div class='ocr_carea' id='block_1_81' title="bbox 2172 3667 3829 3754">
    <p class='ocr_par' dir='ltr' id='par_1_81' title="bbox 2172 3667 3829 3754">
     <span class='ocr_line' id='line_1_82' title="bbox 2172 3667 3829 3754; baseline -0.007 -22"><span class='ocrx_word' id='word_1_567' title='bbox 2172 3675 2310 3732; x_wconf 71' lang='grc' dir='ltr'><strong>κατά</strong></span> <span class='ocrx_word' id='word_1_568' title='bbox 2355 3673 2678 3754; x_wconf 76' lang='grc' dir='ltr'>ἀπόφανσιν,</span> <span class='ocrx_word' id='word_1_569' title='bbox 2713 3675 2806 3730; x_wconf 73' lang='grc' dir='ltr'><strong>οὐκ</strong></span> <span class='ocrx_word' id='word_1_570' title='bbox 2836 3671 2897 3729; x_wconf 77' lang='grc' dir='ltr'><strong>ἂν</strong></span> <span class='ocrx_word' id='word_1_571' title='bbox 2950 3671 3070 3748; x_wconf 78' lang='grc' dir='ltr'>δέξῃ</span> <span class='ocrx_word' id='word_1_572' title='bbox 3099 3672 3306 3751; x_wconf 81' lang='grc' dir='ltr'>προϊὼν</span> <span class='ocrx_word' id='word_1_573' title='bbox 3373 3667 3550 3730; x_wconf 83' lang='grc' dir='ltr'>καλῶς</span> <span class='ocrx_word' id='word_1_574' title='bbox 3611 3669 3829 3745; x_wconf 84' lang='grc' dir='ltr'>κεχρῆ-</span> 
     </span>
    </p>
   </div>
   <div class='ocr_carea' id='block_1_82' title="bbox 2171 3755 3832 3842">
    <p class='ocr_par' dir='ltr' id='par_1_82' title="bbox 2171 3755 3832 3842">
     <span class='ocr_line' id='line_1_83' title="bbox 2171 3755 3832 3842; baseline -0.008 -21"><span class='ocrx_word' id='word_1_575' title='bbox 2171 3767 2286 3821; x_wconf 84' lang='grc' dir='ltr'>σθαι</span> <span class='ocrx_word' id='word_1_576' title='bbox 2317 3771 2393 3839; x_wconf 80' lang='grc' dir='ltr'>τῷ</span> <span class='ocrx_word' id='word_1_577' title='bbox 2435 3765 2805 3842; x_wconf 81' lang='grc' dir='ltr'>νουθετήματι,</span> <span class='ocrx_word' id='word_1_578' title='bbox 2840 3760 3064 3841; x_wconf 72' lang='grc' dir='ltr'>λέγωδὲ</span> <span class='ocrx_word' id='word_1_579' title='bbox 3136 3768 3238 3840; x_wconf 81' lang='grc' dir='ltr'><strong>τῷ,</strong></span> <span class='ocrx_word' id='word_1_580' title='bbox 3289 3757 3382 3833; x_wconf 77' lang='grc' dir='ltr'>Οὕ,</span> <span class='ocrx_word' id='word_1_581' title='bbox 3443 3755 3658 3837; x_wconf 78' lang='grc' dir='ltr'>ἀδελφοι</span> <span class='ocrx_word' id='word_1_582' title='bbox 3683 3775 3832 3833; x_wconf 67' lang='grc' dir='ltr'>ιμου,</span> 
     </span>
    </p>
   </div>
   <div class='ocr_carea' id='block_1_83' title="bbox 2173 3843 3839 3932">
    <p class='ocr_par' dir='ltr' id='par_1_83' title="bbox 2173 3843 3839 3932">
     <span class='ocr_line' id='line_1_84' title="bbox 2173 3843 3839 3932; baseline -0.007 -22"><span class='ocrx_word' id='word_1_583' title='bbox 2173 3864 2336 3913; x_wconf 79' lang='grc' dir='ltr'>ταῦτα</span> <span class='ocrx_word' id='word_1_584' title='bbox 2387 3852 2523 3910; x_wconf 60' lang='grc' dir='ltr'>οὕτω</span> <span class='ocrx_word' id='word_1_585' title='bbox 2593 3853 2846 3932; x_wconf 84' lang='grc' dir='ltr'>γίνεσθαι.</span> <span class='ocrx_word' id='word_1_586' title='bbox 2898 3854 2955 3908; x_wconf 82' lang='grc' dir='ltr'><strong>Εἰ</strong></span> <span class='ocrx_word' id='word_1_587' title='bbox 3015 3852 3115 3930; x_wconf 80' lang='grc' dir='ltr'><strong>γὰρ</strong></span> <span class='ocrx_word' id='word_1_588' title='bbox 3170 3848 3420 3906; x_wconf 77' lang='grc' dir='ltr'>ἀδύνατον</span> <span class='ocrx_word' id='word_1_589' title='bbox 3478 3843 3839 3932; x_wconf 72' lang='grc' dir='ltr'>μεταρρυθμί-</span> 
     </span>
    </p>
   </div>
   <div class='ocr_carea' id='block_1_84' title="bbox 2175 3931 3842 4021">
    <p class='ocr_par' dir='ltr' id='par_1_84' title="bbox 2175 3931 3842 4021">
     <span class='ocr_line' id='line_1_85' title="bbox 2175 3931 3842 4021; baseline -0.007 -21"><span class='ocrx_word' id='word_1_590' title='bbox 2175 3966 2283 4020; x_wconf 85' lang='grc' dir='ltr'>σαι,</span> <span class='ocrx_word' id='word_1_591' title='bbox 2345 3946 2374 3999; x_wconf 79' lang='grc' dir='ltr'>ὁ</span> <span class='ocrx_word' id='word_1_592' title='bbox 2425 3941 2693 4008; x_wconf 81' lang='grc' dir='ltr'>ἀδυνάτοις</span> <span class='ocrx_word' id='word_1_593' title='bbox 2763 3941 3069 4021; x_wconf 83' lang='grc' dir='ltr'>ἐπιχειρεῖν</span> <span class='ocrx_word' id='word_1_594' title='bbox 3121 3945 3416 4020; x_wconf 82' lang='grc' dir='ltr'>παραινῶν,</span> <span class='ocrx_word' id='word_1_595' title='bbox 3487 3939 3582 3994; x_wconf 72' lang='grc' dir='ltr'><strong>οὒκ</strong></span> <span class='ocrx_word' id='word_1_596' title='bbox 3623 3931 3842 4014; x_wconf 75' lang='grc' dir='ltr'>ἀσφαλῆ</span> 
     </span>
    </p>
   </div>
   <div class='ocr_carea' id='block_1_85' title="bbox 2174 4022 3846 4113">
    <p class='ocr_par' dir='ltr' id='par_1_85' title="bbox 2174 4022 3846 4113">
     <span class='ocr_line' id='line_1_86' title="bbox 2174 4022 3846 4113; baseline -0.007 -23"><span class='ocrx_word' id='word_1_597' title='bbox 2174 4035 2274 4102; x_wconf 81' lang='grc' dir='ltr'>τὴν</span> <span class='ocrx_word' id='word_1_598' title='bbox 2305 4035 2604 4113; x_wconf 88' lang='grc' dir='ltr'>παραίνεσιν</span> <span class='ocrx_word' id='word_1_599' title='bbox 2645 4045 2818 4095; x_wconf 77' lang='grc' dir='ltr'>ποιεῖ,</span> <span class='ocrx_word' id='word_1_600' title='bbox 2885 4032 3116 4103; x_wconf 80' lang='grc' dir='ltr'>Φήσειέν</span> <span class='ocrx_word' id='word_1_601' title='bbox 3171 4052 3252 4093; x_wconf 89' lang='grc' dir='ltr'><strong>τις</strong></span> <span class='ocrx_word' id='word_1_602' title='bbox 3289 4047 3303 4061; x_wconf 92' lang='grc'><strong>·</strong></span> <span class='ocrx_word' id='word_1_603' title='bbox 3367 4031 3439 4087; x_wconf 85' lang='grc' dir='ltr'>Τὸ</span> <span class='ocrx_word' id='word_1_604' title='bbox 3507 4025 3588 4106; x_wconf 79' lang='grc' dir='ltr'><strong>δὲ,</strong></span> <span class='ocrx_word' id='word_1_605' title='bbox 3645 4022 3846 4081; x_wconf 81' lang='grc' dir='ltr'>ἀκατά-</span> 
     </span>
    </p>
   </div>
   <div class='ocr_carea' id='block_1_86' title="bbox 439 4112 2091 4215">
    <p class='ocr_par' dir='ltr' id='par_1_86' title="bbox 439 4112 2091 4215">
     <span class='ocr_line' id='line_1_87' title="bbox 439 4112 2091 4215; baseline -0.007 -12"><span class='ocrx_word' id='word_1_606' title='bbox 439 4112 724 4203; x_wconf 67' lang='grc' dir='ltr'>αεξθτιίνξ</span> <span class='ocrx_word' id='word_1_607' title='bbox 753 4137 1463 4215; x_wconf 87' lang='lat' dir='ltr'><strong>diceretur,nequaquam</strong></span> <span class='ocrx_word' id='word_1_608' title='bbox 1495 4112 1904 4212; x_wconf 37' lang='lat' dir='ltr'><strong>invprogressu</strong></span> <span class='ocrx_word' id='word_1_609' title='bbox 1932 4138 2091 4192; x_wconf 87' lang='lat' dir='ltr'><strong>recte</strong></span> 
     </span>
    </p>
   </div>
   <div class='ocr_carea' id='block_1_87' title="bbox 2176 4112 3844 4215">
    <p class='ocr_par' dir='ltr' id='par_1_87' title="bbox 2178 4112 3844 4203">
     <span class='ocr_line' id='line_1_88' title="bbox 2178 4112 3844 4203; baseline -0.007 -24"><span class='ocrx_word' id='word_1_610' title='bbox 2178 4145 2373 4203; x_wconf 83' lang='grc' dir='ltr'>σχετον</span> <span class='ocrx_word' id='word_1_611' title='bbox 2422 4125 2612 4196; x_wconf 81' lang='grc' dir='ltr'>κακὸν,</span> <span class='ocrx_word' id='word_1_612' title='bbox 2675 4122 2846 4198; x_wconf 80' lang='grc' dir='ltr'>μεστὴ</span> <span class='ocrx_word' id='word_1_613' title='bbox 2907 4124 2986 4180; x_wconf 82' lang='grc' dir='ltr'><strong>ἱοῦ</strong></span> <span class='ocrx_word' id='word_1_614' title='bbox 3041 4120 3428 4202; x_wconf 73' lang='grc' dir='ltr'>θανατηφόρου,</span> <span class='ocrx_word' id='word_1_615' title='bbox 3485 4116 3622 4173; x_wconf 84' lang='grc' dir='ltr'>κατὰ</span> <span class='ocrx_word' id='word_1_616' title='bbox 3697 4112 3844 4168; x_wconf 84' lang='grc' dir='ltr'>ἀπό-</span> 
     </span>
    </p>
   </div>
   <div class='ocr_carea' id='block_1_88' title="bbox 438 4199 2091 4316">
    <p class='ocr_par' dir='ltr' id='par_1_88' title="bbox 438 4199 2091 4316">
     <span class='ocr_line' id='line_1_89' title="bbox 438 4199 2091 4316; baseline -0.006 -27"><span class='ocrx_word' id='word_1_617' title='bbox 769 4225 856 4316; x_wconf 81' lang='lat' dir='ltr'><strong>uti</strong></span> <span class='ocrx_word' id='word_1_618' title='bbox 875 4199 1320 4316; x_wconf 58' lang='lat' dir='ltr'><strong>exhortatione;</strong></span> <span class='ocrx_word' id='word_1_619' title='bbox 1359 4240 1493 4283; x_wconf 90' lang='lat' dir='ltr'><strong>cum</strong></span> <span class='ocrx_word' id='word_1_620' title='bbox 1525 4199 1641 4282; x_wconf 76' lang='lat' dir='ltr'><strong>ait:</strong></span> <span class='ocrx_word' id='word_1_621' title='bbox 1677 4199 1806 4280; x_wconf 62' lang='lat' dir='ltr'><strong>Non</strong></span> <span class='ocrx_word' id='word_1_622' title='bbox 1839 4227 2091 4298; x_wconf 42' lang='lat' dir='ltr'><strong>oportet.</strong></span> 
     </span>
    </p>
   </div>
   <div class='ocr_carea' id='block_1_89' title="bbox 2176 4199 3844 4316">
    <p class='ocr_par' dir='ltr' id='par_1_89' title="bbox 2189 4199 3844 4316">
     <span class='ocr_line' id='line_1_90' title="bbox 2189 4199 3844 4293; baseline -0.008 -23"><span class='ocrx_word' id='word_1_623' title='bbox 2189 4234 2374 4293; x_wconf 74' lang='grc' dir='ltr'>φανσιν</span> <span class='ocrx_word' id='word_1_624' title='bbox 2428 4211 2823 4290; x_wconf 80' lang='grc' dir='ltr'>προσενεκτέον.</span> <span class='ocrx_word' id='word_1_625' title='bbox 2891 4209 3156 4279; x_wconf 77' lang='grc' dir='ltr'>Λύξητικὰ</span> <span class='ocrx_word' id='word_1_626' title='bbox 3227 4199 3327 4289; x_wconf 75' lang='grc' dir='ltr'><strong>γάρ</strong></span> <span class='ocrx_word' id='word_1_627' title='bbox 3385 4208 3494 4264; x_wconf 82' lang='grc' dir='ltr'>ἐστι</span> <span class='ocrx_word' id='word_1_628' title='bbox 3566 4210 3658 4260; x_wconf 80' lang='grc' dir='ltr'>τοῦ</span> <span class='ocrx_word' id='word_1_629' title='bbox 3711 4199 3844 4257; x_wconf 88' lang='grc' dir='ltr'>δυσ-</span> 
     </span>
     <span class='ocr_line' id='line_1_91' title="bbox 2458 4291 3842 4316; baseline 0 0"><span class='ocrx_word' id='word_1_630' title='bbox 2458 4304 2468 4316; x_wconf 78' lang='grc' dir='ltr'>ι</span> <span class='ocrx_word' id='word_1_631' title='bbox 2666 4300 2696 4311; x_wconf 74' lang='grc' dir='ltr'><strong>-ο</strong></span> <span class='ocrx_word' id='word_1_632' title='bbox 2811 4301 2827 4316; x_wconf 74' lang='lat'><strong><em>\</em></strong></span> <span class='ocrx_word' id='word_1_633' title='bbox 2867 4302 2876 4316; x_wconf 76' lang='grc' dir='ltr'><strong><em>ο</em></strong></span> <span class='ocrx_word' id='word_1_634' title='bbox 3111 4299 3124 4316; x_wconf 69' lang='grc' dir='ltr'>ι</span> <span class='ocrx_word' id='word_1_635' title='bbox 3147 4312 3154 4316; x_wconf 87' lang='grc'>.</span> <span class='ocrx_word' id='word_1_636' title='bbox 3177 4299 3263 4316; x_wconf 71' lang='lat'><strong>\\\</strong></span> <span class='ocrx_word' id='word_1_637' title='bbox 3401 4299 3414 4316; x_wconf 85' lang='lat'><strong><em>\</em></strong></span> <span class='ocrx_word' id='word_1_638' title='bbox 3507 4297 3523 4316; x_wconf 56' lang='grc' dir='ltr'><strong>Χ</strong></span> <span class='ocrx_word' id='word_1_639' title='bbox 3605 4291 3699 4316; x_wconf 45' lang='grc' dir='ltr'><strong>’τμη</strong></span> <span class='ocrx_word' id='word_1_640' title='bbox 3748 4298 3842 4316; x_wconf 52' lang='grc' dir='ltr'><strong>--ΤΒ</strong></span> 
     </span>
    </p>
   </div>
   <div class='ocr_carea' id='block_1_90' title="bbox 443 4291 2091 4394">
    <p class='ocr_par' dir='ltr' id='par_1_90' title="bbox 443 4291 2091 4394">
     <span class='ocr_line' id='line_1_92' title="bbox 443 4291 2091 4394; baseline -0.005 -15"><span class='ocrx_word' id='word_1_641' title='bbox 443 4320 661 4380; x_wconf 86' lang='lat' dir='ltr'><strong>fratres</strong></span> <span class='ocrx_word' id='word_1_642' title='bbox 691 4314 969 4394; x_wconf 76' lang='lat' dir='ltr'><strong>mei,haec</strong></span> <span class='ocrx_word' id='word_1_643' title='bbox 989 4313 1072 4375; x_wconf 91' lang='lat' dir='ltr'><strong>ita</strong></span> <span class='ocrx_word' id='word_1_644' title='bbox 1101 4313 1256 4377; x_wconf 87' lang='lat' dir='ltr'><strong>ﬁeri.</strong></span> <span class='ocrx_word' id='word_1_645' title='bbox 1291 4291 1436 4374; x_wconf 77' lang='lat' dir='ltr'><strong>Nam</strong></span> <span class='ocrx_word' id='word_1_646' title='bbox 1472 4312 1523 4372; x_wconf 91' lang='lat' dir='ltr'><strong>si</strong></span> <span class='ocrx_word' id='word_1_647' title='bbox 1555 4291 1928 4390; x_wconf 88' lang='lat' dir='ltr'><strong>impossibile</strong></span> <span class='ocrx_word' id='word_1_648' title='bbox 1946 4291 2091 4371; x_wconf 66' lang='lat' dir='ltr'><strong>essel</strong></span> 
     </span>
    </p>
   </div>
   <div class='ocr_carea' id='block_1_91' title="bbox 2176 4291 3848 4394">
    <p class='ocr_par' dir='ltr' id='par_1_91' title="bbox 2190 4291 3848 4382">
     <span class='ocr_line' id='line_1_93' title="bbox 2190 4291 3848 4382; baseline -0.007 -24"><span class='ocrx_word' id='word_1_649' title='bbox 2190 4291 2593 4382; x_wconf 82' lang='grc' dir='ltr'>μεταχειρίστου</span> <span class='ocrx_word' id='word_1_650' title='bbox 2636 4300 2730 4370; x_wconf 75' lang='grc' dir='ltr'>τῆς</span> <span class='ocrx_word' id='word_1_651' title='bbox 2774 4301 3046 4379; x_wconf 80' lang='grc' dir='ltr'>γλώσσης.</span> <span class='ocrx_word' id='word_1_652' title='bbox 3111 4299 3278 4358; x_wconf 80' lang='grc' dir='ltr'>Ἀλλὰ</span> <span class='ocrx_word' id='word_1_653' title='bbox 3329 4299 3419 4356; x_wconf 86' lang='grc' dir='ltr'><strong>καὶ</strong></span> <span class='ocrx_word' id='word_1_654' title='bbox 3472 4297 3557 4375; x_wconf 82' lang='grc' dir='ltr'><strong>τὸ,</strong></span> <span class='ocrx_word' id='word_1_655' title='bbox 3605 4291 3705 4350; x_wconf 87' lang='grc' dir='ltr'>Ἐκ</span> <span class='ocrx_word' id='word_1_656' title='bbox 3745 4298 3848 4347; x_wconf 80' lang='grc' dir='ltr'><strong>τσῦ</strong></span> 
     </span>
    </p>
   </div>
   <div class='ocr_carea' id='block_1_92' title="bbox 442 4387 2091 4485">
    <p class='ocr_par' dir='ltr' id='par_1_92' title="bbox 442 4387 2091 4485">
     <span class='ocr_line' id='line_1_94' title="bbox 442 4387 2091 4485; baseline -0.005 -15"><span class='ocrx_word' id='word_1_657' title='bbox 442 4409 526 4470; x_wconf 92' lang='lat' dir='ltr'><strong>ita</strong></span> <span class='ocrx_word' id='word_1_658' title='bbox 581 4387 888 4485; x_wconf 72' lang='lat' dir='ltr'><strong>adaptare,</strong></span> <span class='ocrx_word' id='word_1_659' title='bbox 940 4402 992 4463; x_wconf 92' lang='lat' dir='ltr'><strong>is</strong></span> <span class='ocrx_word' id='word_1_660' title='bbox 1047 4402 1150 4484; x_wconf 92' lang='lat' dir='ltr'><strong>qui</strong></span> <span class='ocrx_word' id='word_1_661' title='bbox 1206 4399 1604 4484; x_wconf 90' lang='lat' dir='ltr'><strong>impossibilia</strong></span> <span class='ocrx_word' id='word_1_662' title='bbox 1632 4387 1930 4474; x_wconf 79' lang='lat' dir='ltr'><strong>admonet,</strong></span> <span class='ocrx_word' id='word_1_663' title='bbox 1962 4399 2091 4461; x_wconf 70' lang='lat'><strong>464</strong></span> 
     </span>
    </p>
   </div>
   <div class='ocr_carea' id='block_1_93' title="bbox 2176 4387 3842 4485">
    <p class='ocr_par' dir='ltr' id='par_1_93' title="bbox 2189 4387 3842 4485">
     <span class='ocr_line' id='line_1_95' title="bbox 2189 4387 3842 4485; baseline -0.005 -32"><span class='ocrx_word' id='word_1_664' title='bbox 2189 4397 2346 4485; x_wconf 69' lang='grc' dir='ltr'>αὐτοῦ</span> <span class='ocrx_word' id='word_1_665' title='bbox 2403 4394 2666 4472; x_wconf 82' lang='grc' dir='ltr'>στόματος</span> <span class='ocrx_word' id='word_1_666' title='bbox 2753 4395 3024 4476; x_wconf 82' lang='grc' dir='ltr'>ἐξέρχεται</span> <span class='ocrx_word' id='word_1_667' title='bbox 3119 4394 3330 4473; x_wconf 75' lang='grc' dir='ltr'>εὐλογία</span> <span class='ocrx_word' id='word_1_668' title='bbox 3437 4392 3526 4448; x_wconf 83' lang='grc' dir='ltr'><strong>καὶ</strong></span> <span class='ocrx_word' id='word_1_669' title='bbox 3609 4387 3842 4466; x_wconf 81' lang='grc' dir='ltr'>κατάρα,</span> 
     </span>
    </p>
   </div>
   <div class='ocr_carea' id='block_1_94' title="bbox 442 4478 2091 4566">
    <p class='ocr_par' dir='ltr' id='par_1_94' title="bbox 442 4478 2091 4558">
     <span class='ocr_line' id='line_1_96' title="bbox 442 4478 2091 4558; baseline -0.002 1"><span class='ocrx_word' id='word_1_670' title='bbox 442 4517 560 4558; x_wconf 92' lang='lat' dir='ltr'><strong>non</strong></span> <span class='ocrx_word' id='word_1_671' title='bbox 573 4478 842 4557; x_wconf 76' lang='lat' dir='ltr'><strong>stabilem</strong></span> <span class='ocrx_word' id='word_1_672' title='bbox 870 4511 939 4554; x_wconf 92' lang='lat' dir='ltr'><strong>ac</strong></span> <span class='ocrx_word' id='word_1_673' title='bbox 955 4478 1410 4554; x_wconf 70' lang='lat' dir='ltr'><strong>convenientem</strong></span> <span class='ocrx_word' id='word_1_674' title='bbox 1439 4491 1576 4552; x_wconf 84' lang='lat' dir='ltr'><strong>facit</strong></span> <span class='ocrx_word' id='word_1_675' title='bbox 1605 4489 2091 4556; x_wconf 90' lang='lat' dir='ltr'><strong>admonitionem.</strong></span> 
     </span>
    </p>
   </div>
   <div class='ocr_carea' id='block_1_95' title="bbox 2176 4478 3842 4566">
    <p class='ocr_par' dir='ltr' id='par_1_95' title="bbox 2187 4478 3842 4566">
     <span class='ocr_line' id='line_1_97' title="bbox 2187 4478 3842 4566; baseline -0.005 -24"><span class='ocrx_word' id='word_1_676' title='bbox 2187 4484 2307 4542; x_wconf 89' lang='grc' dir='ltr'>κατ’</span> <span class='ocrx_word' id='word_1_677' title='bbox 2361 4486 2690 4566; x_wconf 81' lang='grc' dir='ltr'>ἐπαπόρησιν</span> <span class='ocrx_word' id='word_1_678' title='bbox 2758 4484 3153 4565; x_wconf 75' lang='grc' dir='ltr'>ἀναγνωστέον.</span> <span class='ocrx_word' id='word_1_679' title='bbox 3229 4481 3606 4557; x_wconf 74' lang='grc' dir='ltr'>Ἐντρέποντθς</span> <span class='ocrx_word' id='word_1_680' title='bbox 3650 4478 3752 4557; x_wconf 78' lang='grc' dir='ltr'>γὰρ</span> <span class='ocrx_word' id='word_1_681' title='bbox 3806 4479 3842 4532; x_wconf 86' lang='grc' dir='ltr'>ὁ</span> 
     </span>
    </p>
   </div>
   <div class='ocr_carea' id='block_1_96' title="bbox 441 4576 2106 4663">
    <p class='ocr_par' dir='ltr' id='par_1_96' title="bbox 441 4576 2106 4663">
     <span class='ocr_line' id='line_1_98' title="bbox 441 4576 2106 4663; baseline -0.005 -12"><span class='ocrx_word' id='word_1_682' title='bbox 441 4587 681 4651; x_wconf 84' lang='lat' dir='ltr'><strong>Diceret</strong></span> <span class='ocrx_word' id='word_1_683' title='bbox 709 4581 925 4663; x_wconf 90' lang='lat' dir='ltr'><strong>aliquis</strong></span> <span class='ocrx_word' id='word_1_684' title='bbox 978 4600 992 4644; x_wconf 89' lang='lat'><strong>:</strong></span> <span class='ocrx_word' id='word_1_685' title='bbox 1040 4584 1327 4646; x_wconf 82' lang='lat' dir='ltr'><strong>Attamen</strong></span> <span class='ocrx_word' id='word_1_686' title='bbox 1380 4579 1538 4661; x_wconf 90' lang='lat' dir='ltr'><strong>quod</strong></span> <span class='ocrx_word' id='word_1_687' title='bbox 1571 4578 1675 4642; x_wconf 90' lang='lat' dir='ltr'><strong>ait.</strong></span> <span class='ocrx_word' id='word_1_688' title='bbox 1711 4576 2106 4643; x_wconf 89' lang='lat' dir='ltr'><strong>Incoercibile</strong></span> 
     </span>
    </p>
   </div>
   <div class='ocr_carea' id='block_1_97' title="bbox 441 4668 2102 4755">
    <p class='ocr_par' dir='ltr' id='par_1_97' title="bbox 441 4668 2102 4755">
     <span class='ocr_line' id='line_1_99' title="bbox 441 4668 2102 4755; baseline -0.005 -18"><span class='ocrx_word' id='word_1_689' title='bbox 441 4676 686 4751; x_wconf 91' lang='lat' dir='ltr'><strong>malum,</strong></span> <span class='ocrx_word' id='word_1_690' title='bbox 723 4673 899 4755; x_wconf 89' lang='lat' dir='ltr'><strong>plena</strong></span> <span class='ocrx_word' id='word_1_691' title='bbox 932 4690 1164 4733; x_wconf 89' lang='lat' dir='ltr'><strong>veneno</strong></span> <span class='ocrx_word' id='word_1_692' title='bbox 1199 4671 1506 4732; x_wconf 85' lang='lat' dir='ltr'><strong>mortifero</strong></span> <span class='ocrx_word' id='word_1_693' title='bbox 1553 4668 1839 4730; x_wconf 90' lang='lat' dir='ltr'><strong>assertive</strong></span> <span class='ocrx_word' id='word_1_694' title='bbox 1899 4669 2102 4749; x_wconf 84' lang='lat' dir='ltr'><strong>profe-</strong></span> 
     </span>
    </p>
   </div>
   <div class='ocr_carea' id='block_1_98' title="bbox 438 4758 2108 4839">
    <p class='ocr_par' dir='ltr' id='par_1_98' title="bbox 438 4758 2108 4839">
     <span class='ocr_line' id='line_1_100' title="bbox 438 4758 2108 4839; baseline -0.005 -12"><span class='ocrx_word' id='word_1_695' title='bbox 438 4765 694 4828; x_wconf 90' lang='lat' dir='ltr'><strong>rendum</strong></span> <span class='ocrx_word' id='word_1_696' title='bbox 727 4771 852 4825; x_wconf 88' lang='lat' dir='ltr'><strong>est:</strong></span> <span class='ocrx_word' id='word_1_697' title='bbox 886 4761 1013 4823; x_wconf 75' lang='lat' dir='ltr'><strong>haec</strong></span> <span class='ocrx_word' id='word_1_698' title='bbox 1044 4760 1202 4822; x_wconf 90' lang='lat' dir='ltr'><strong>enim</strong></span> <span class='ocrx_word' id='word_1_699' title='bbox 1228 4778 1333 4839; x_wconf 89' lang='lat' dir='ltr'><strong>per</strong></span> <span class='ocrx_word' id='word_1_700' title='bbox 1364 4765 1750 4839; x_wconf 83' lang='lat' dir='ltr'><strong>augmentum</strong></span> <span class='ocrx_word' id='word_1_701' title='bbox 1781 4758 2108 4820; x_wconf 88' lang='lat' dir='ltr'><strong>ostendunt</strong></span> 
     </span>
    </p>
   </div>
   <div class='ocr_carea' id='block_1_99' title="bbox 438 4847 2100 4936">
    <p class='ocr_par' dir='ltr' id='par_1_99' title="bbox 438 4847 2100 4936">
     <span class='ocr_line' id='line_1_101' title="bbox 438 4847 2100 4936; baseline -0.003 -20"><span class='ocrx_word' id='word_1_702' title='bbox 438 4854 704 4936; x_wconf 88' lang='lat' dir='ltr'><strong>linguam</strong></span> <span class='ocrx_word' id='word_1_703' title='bbox 735 4871 863 4916; x_wconf 85' lang='lat' dir='ltr'><strong>esse</strong></span> <span class='ocrx_word' id='word_1_704' title='bbox 896 4848 1590 4913; x_wconf 89' lang='lat' dir='ltr'><strong>intractabilem.Verum</strong></span> <span class='ocrx_word' id='word_1_705' title='bbox 1609 4867 1640 4910; x_wconf 92' lang='lat' dir='ltr'><strong>e</strong></span> <span class='ocrx_word' id='word_1_706' title='bbox 1659 4847 2100 4924; x_wconf 85' lang='lat' dir='ltr'><strong>diverso,illud,</strong></span> 
     </span>
    </p>
   </div>
   <div class='ocr_carea' id='block_1_100' title="bbox 437 4936 2102 5024">
    <p class='ocr_par' dir='ltr' id='par_1_100' title="bbox 437 4936 2102 5024">
     <span class='ocr_line' id='line_1_102' title="bbox 437 4936 2102 5024; baseline -0.005 -18"><span class='ocrx_word' id='word_1_707' title='bbox 437 4944 521 5006; x_wconf 83' lang='lat' dir='ltr'><strong>Ex</strong></span> <span class='ocrx_word' id='word_1_708' title='bbox 542 4943 751 5006; x_wconf 89' lang='lat' dir='ltr'><strong>eodem</strong></span> <span class='ocrx_word' id='word_1_709' title='bbox 783 4963 886 5006; x_wconf 90' lang='lat' dir='ltr'><strong>ore</strong></span> <span class='ocrx_word' id='word_1_710' title='bbox 944 4940 1218 5024; x_wconf 90' lang='lat' dir='ltr'><strong>procedit</strong></span> <span class='ocrx_word' id='word_1_711' title='bbox 1271 4937 1614 5000; x_wconf 85' lang='lat' dir='ltr'><strong>benedictio</strong></span> <span class='ocrx_word' id='word_1_712' title='bbox 1647 4946 1704 4999; x_wconf 89' lang='lat' dir='ltr'><strong>et</strong></span> <span class='ocrx_word' id='word_1_713' title='bbox 1737 4936 2102 5014; x_wconf 88' lang='lat' dir='ltr'><strong>maledictio,</strong></span> 
     </span>
    </p>
   </div>
   <div class='ocr_carea' id='block_1_101' title="bbox 437 5026 2098 5112">
    <p class='ocr_par' dir='ltr' id='par_1_101' title="bbox 437 5026 2098 5112">
     <span class='ocr_line' id='line_1_103' title="bbox 437 5026 2098 5112; baseline -0.005 -17"><span class='ocrx_word' id='word_1_714' title='bbox 437 5033 760 5096; x_wconf 83' lang='lat' dir='ltr'><strong>dubitative</strong></span> <span class='ocrx_word' id='word_1_715' title='bbox 784 5029 1228 5112; x_wconf 82' lang='lat' dir='ltr'><strong>estlegendum:</strong></span> <span class='ocrx_word' id='word_1_716' title='bbox 1255 5036 1344 5090; x_wconf 91' lang='lat' dir='ltr'><strong>est</strong></span> <span class='ocrx_word' id='word_1_717' title='bbox 1359 5027 1519 5090; x_wconf 91' lang='lat' dir='ltr'><strong>enim</strong></span> <span class='ocrx_word' id='word_1_718' title='bbox 1549 5045 1746 5089; x_wconf 87' lang='lat' dir='ltr'><strong>sermo</strong></span> <span class='ocrx_word' id='word_1_719' title='bbox 1770 5026 2098 5088; x_wconf 78' lang='lat' dir='ltr'><strong>exhortan-</strong></span> 
     </span>
    </p>
   </div>
   <div class='ocr_carea' id='block_1_102' title="bbox 447 5114 2096 5198">
    <p class='ocr_par' dir='ltr' id='par_1_102' title="bbox 447 5114 2096 5198">
     <span class='ocr_line' id='line_1_104' title="bbox 447 5114 2096 5198; baseline -0.003 -16"><span class='ocrx_word' id='word_1_720' title='bbox 447 5121 520 5183; x_wconf 90' lang='lat' dir='ltr'><strong>tis</strong></span> <span class='ocrx_word' id='word_1_721' title='bbox 550 5122 874 5186; x_wconf 90' lang='lat' dir='ltr'><strong>auditores.</strong></span> <span class='ocrx_word' id='word_1_722' title='bbox 900 5120 1046 5182; x_wconf 88' lang='lat' dir='ltr'><strong>Nam</strong></span> <span class='ocrx_word' id='word_1_723' title='bbox 1082 5118 1131 5180; x_wconf 89' lang='lat' dir='ltr'><strong>si</strong></span> <span class='ocrx_word' id='word_1_724' title='bbox 1156 5117 1442 5198; x_wconf 90' lang='lat' dir='ltr'><strong>jubemur</strong></span> <span class='ocrx_word' id='word_1_725' title='bbox 1473 5135 1682 5178; x_wconf 88' lang='lat' dir='ltr'><strong>omnes</strong></span> <span class='ocrx_word' id='word_1_726' title='bbox 1710 5114 2096 5190; x_wconf 87' lang='lat' dir='ltr'><strong>benedicere,</strong></span> 
     </span>
    </p>
   </div>
   <div class='ocr_carea' id='block_1_103' title="bbox 440 5203 2099 5291">
    <p class='ocr_par' dir='ltr' id='par_1_103' title="bbox 440 5203 2099 5291">
     <span class='ocr_line' id='line_1_105' title="bbox 440 5203 2099 5291; baseline -0.004 -20"><span class='ocrx_word' id='word_1_727' title='bbox 440 5211 736 5291; x_wconf 89' lang='lat' dir='ltr'><strong>siquidem</strong></span> <span class='ocrx_word' id='word_1_728' title='bbox 766 5209 1044 5272; x_wconf 90' lang='lat' dir='ltr'><strong>maledici</strong></span> <span class='ocrx_word' id='word_1_729' title='bbox 1073 5227 1324 5285; x_wconf 84' lang='lat' dir='ltr'><strong>regnum</strong></span> <span class='ocrx_word' id='word_1_730' title='bbox 1340 5206 1448 5268; x_wconf 90' lang='lat' dir='ltr'><strong>Dei</strong></span> <span class='ocrx_word' id='word_1_731' title='bbox 1471 5207 1528 5267; x_wconf 92' lang='lat' dir='ltr'><strong>in</strong></span> <span class='ocrx_word' id='word_1_732' title='bbox 1548 5203 1962 5268; x_wconf 77' lang='lat' dir='ltr'><strong>haereditetem</strong></span> <span class='ocrx_word' id='word_1_733' title='bbox 1983 5223 2099 5265; x_wconf 91' lang='lat' dir='ltr'><strong>non</strong></span> 
     </span>
    </p>
   </div>
   <div class='ocr_carea' id='block_1_104' title="bbox 440 5292 2097 5380">
    <p class='ocr_par' dir='ltr' id='par_1_104' title="bbox 440 5292 2097 5380">
     <span class='ocr_line' id='line_1_106' title="bbox 440 5292 2097 5380; baseline -0.004 -19"><span class='ocrx_word' id='word_1_734' title='bbox 440 5308 1112 5380; x_wconf 87' lang='lat' dir='ltr'><strong>consequentur,annon</strong></span> <span class='ocrx_word' id='word_1_735' title='bbox 1141 5296 1323 5378; x_wconf 90' lang='lat' dir='ltr'><strong>pudet</strong></span> <span class='ocrx_word' id='word_1_736' title='bbox 1363 5296 1576 5358; x_wconf 90' lang='lat' dir='ltr'><strong>eodem</strong></span> <span class='ocrx_word' id='word_1_737' title='bbox 1610 5295 1695 5355; x_wconf 88' lang='lat' dir='ltr'><strong>uti</strong></span> <span class='ocrx_word' id='word_1_738' title='bbox 1728 5292 1996 5354; x_wconf 89' lang='lat' dir='ltr'><strong>membro</strong></span> <span class='ocrx_word' id='word_1_739' title='bbox 2027 5294 2097 5356; x_wconf 90' lang='lat' dir='ltr'><strong>ad</strong></span> 
     </span>
    </p>
   </div>
   <div class='ocr_carea' id='block_1_105' title="bbox 441 5381 2101 5468">
    <p class='ocr_par' dir='ltr' id='par_1_105' title="bbox 441 5381 2101 5468">
     <span class='ocr_line' id='line_1_107' title="bbox 441 5381 2101 5468; baseline -0.004 -18"><span class='ocrx_word' id='word_1_740' title='bbox 441 5388 837 5450; x_wconf 87' lang='lat' dir='ltr'><strong>ministerium</strong></span> <span class='ocrx_word' id='word_1_741' title='bbox 857 5386 1184 5468; x_wconf 89' lang='lat' dir='ltr'><strong>iniquitatis</strong></span> <span class='ocrx_word' id='word_1_742' title='bbox 1204 5394 1263 5447; x_wconf 90' lang='lat' dir='ltr'><strong>et</strong></span> <span class='ocrx_word' id='word_1_743' title='bbox 1293 5385 1464 5447; x_wconf 70' lang='lat' dir='ltr'><strong>bona:</strong></span> <span class='ocrx_word' id='word_1_744' title='bbox 1487 5381 1885 5466; x_wconf 84' lang='lat' dir='ltr'><strong>operationis?</strong></span> <span class='ocrx_word' id='word_1_745' title='bbox 1913 5381 2101 5444; x_wconf 86' lang='lat' dir='ltr'><strong>Nemo</strong></span> 
     </span>
    </p>
   </div>
   <div class='ocr_carea' id='block_1_106' title="bbox 440 5476 2102 5561">
    <p class='ocr_par' dir='ltr' id='par_1_106' title="bbox 440 5476 2102 5561">
     <span class='ocr_line' id='line_1_108' title="bbox 440 5476 2102 5561; baseline -0.004 -20"><span class='ocrx_word' id='word_1_746' title='bbox 440 5477 708 5561; x_wconf 88' lang='lat' dir='ltr'><strong>prudens</strong></span> <span class='ocrx_word' id='word_1_747' title='bbox 739 5477 954 5540; x_wconf 86' lang='lat' dir='ltr'><strong>eodem</strong></span> <span class='ocrx_word' id='word_1_748' title='bbox 986 5476 1383 5550; x_wconf 82' lang='lat' dir='ltr'><strong>instrumento</strong></span> <span class='ocrx_word' id='word_1_749' title='bbox 1411 5477 1603 5538; x_wconf 89' lang='lat' dir='ltr'><strong>lutum</strong></span> <span class='ocrx_word' id='word_1_750' title='bbox 1627 5479 1891 5536; x_wconf 79' lang='lat' dir='ltr'><strong>moveret</strong></span> <span class='ocrx_word' id='word_1_751' title='bbox 1912 5479 1969 5534; x_wconf 90' lang='lat' dir='ltr'><strong>et</strong></span> <span class='ocrx_word' id='word_1_752' title='bbox 1995 5491 2102 5535; x_wconf 89' lang='lat' dir='ltr'><strong>un-</strong></span> 
     </span>
    </p>
   </div>
   <div class='ocr_carea' id='block_1_107' title="bbox 519 5655 995 5736">
    <p class='ocr_par' dir='ltr' id='par_1_107' title="bbox 519 5655 995 5736">
     <span class='ocr_line' id='line_1_109' title="bbox 519 5655 995 5736; baseline 0.002 -12"><span class='ocrx_word' id='word_1_753' title='bbox 519 5655 586 5711; x_wconf 73' lang='lat'><strong>33</strong></span> <span class='ocrx_word' id='word_1_754' title='bbox 609 5655 783 5724; x_wconf 86' lang='lat' dir='ltr'><strong>Joan.</strong></span> <span class='ocrx_word' id='word_1_755' title='bbox 817 5674 860 5736; x_wconf 81' lang='grc' dir='ltr'>ι,</span> <span class='ocrx_word' id='word_1_756' title='bbox 893 5659 995 5725; x_wconf 79' lang='grc'><strong>10.</strong></span> 
     </span>
    </p>
   </div>
   <div class='ocr_carea' id='block_1_108' title="bbox 2187 4566 3843 4654">
    <p class='ocr_par' dir='ltr' id='par_1_108' title="bbox 2187 4566 3843 4654">
     <span class='ocr_line' id='line_1_110' title="bbox 2187 4566 3843 4654; baseline -0.007 -23"><span class='ocrx_word' id='word_1_757' title='bbox 2187 4573 2347 4654; x_wconf 85' lang='grc' dir='ltr'>λόγος</span> <span class='ocrx_word' id='word_1_758' title='bbox 2431 4576 2551 4640; x_wconf 86' lang='grc' dir='ltr'>τοὺς</span> <span class='ocrx_word' id='word_1_759' title='bbox 2621 4574 2881 4653; x_wconf 85' lang='grc' dir='ltr'>ἀκροατάς</span> <span class='ocrx_word' id='word_1_760' title='bbox 2949 4574 3118 4654; x_wconf 88' lang='grc' dir='ltr'>ἐστιν,</span> <span class='ocrx_word' id='word_1_761' title='bbox 3210 4574 3254 4629; x_wconf 85' lang='grc' dir='ltr'><strong>εἷ</strong></span> <span class='ocrx_word' id='word_1_762' title='bbox 3321 4569 3565 4648; x_wconf 72' lang='grc' dir='ltr'>εὐλογεῖν</span> <span class='ocrx_word' id='word_1_763' title='bbox 3635 4566 3843 4627; x_wconf 79' lang='grc' dir='ltr'>πάντας</span> 
     </span>
    </p>
   </div>
   <div class='ocr_carea' id='block_1_109' title="bbox 2186 4655 3842 4744">
    <p class='ocr_par' dir='ltr' id='par_1_109' title="bbox 2186 4655 3842 4744">
     <span class='ocr_line' id='line_1_111' title="bbox 2186 4655 3842 4744; baseline -0.007 -23"><span class='ocrx_word' id='word_1_764' title='bbox 2186 4664 2508 4742; x_wconf 60' lang='grc' dir='ltr'>ηλευόμεθα</span> <span class='ocrx_word' id='word_1_765' title='bbox 2533 4681 2547 4695; x_wconf 83' lang='grc'><strong>⁸</strong></span> <span class='ocrx_word' id='word_1_766' title='bbox 2583 4663 2818 4744; x_wconf 82' lang='grc' dir='ltr'>Λοίδοροι</span> <span class='ocrx_word' id='word_1_767' title='bbox 2849 4665 2950 4744; x_wconf 79' lang='grc' dir='ltr'>γὰρ</span> <span class='ocrx_word' id='word_1_768' title='bbox 2980 4663 3248 4742; x_wconf 84' lang='grc' dir='ltr'>βασιλείαν</span> <span class='ocrx_word' id='word_1_769' title='bbox 3322 4668 3451 4718; x_wconf 82' lang='grc' dir='ltr'><strong>Θεοῦ</strong></span> <span class='ocrx_word' id='word_1_770' title='bbox 3519 4662 3578 4716; x_wconf 76' lang='grc' dir='ltr'>οὗ</span> <span class='ocrx_word' id='word_1_771' title='bbox 3630 4655 3842 4733; x_wconf 87' lang='grc' dir='ltr'>κληρο-</span> 
     </span>
    </p>
   </div>
   <div class='ocr_carea' id='block_1_110' title="bbox 2187 4746 3844 4834">
    <p class='ocr_par' dir='ltr' id='par_1_110' title="bbox 2187 4746 3844 4834">
     <span class='ocr_line' id='line_1_112' title="bbox 2187 4746 3844 4834; baseline -0.007 -23"><span class='ocrx_word' id='word_1_772' title='bbox 2187 4756 2532 4831; x_wconf 75' lang='grc' dir='ltr'>νομήσουσιν.</span> <span class='ocrx_word' id='word_1_773' title='bbox 2621 4749 2750 4834; x_wconf 67' lang='grc' dir='ltr'>Ἆρα</span> <span class='ocrx_word' id='word_1_774' title='bbox 2825 4756 2918 4811; x_wconf 75' lang='grc' dir='ltr'><strong>οὐκ</strong></span> <span class='ocrx_word' id='word_1_775' title='bbox 2975 4754 3204 4833; x_wconf 78' lang='grc' dir='ltr'>κῖσχύνη</span> <span class='ocrx_word' id='word_1_776' title='bbox 3261 4755 3338 4826; x_wconf 82' lang='grc' dir='ltr'>τῷ</span> <span class='ocrx_word' id='word_1_777' title='bbox 3434 4749 3577 4823; x_wconf 70' lang='grc' dir='ltr'>αὐτῷ</span> <span class='ocrx_word' id='word_1_778' title='bbox 3631 4746 3844 4824; x_wconf 84' lang='grc' dir='ltr'>ὸργάνῳ</span> 
     </span>
    </p>
   </div>
   <div class='ocr_carea' id='block_1_111' title="bbox 2187 4831 3843 4925">
    <p class='ocr_par' dir='ltr' id='par_1_111' title="bbox 2187 4831 3843 4925">
     <span class='ocr_line' id='line_1_113' title="bbox 2187 4831 3843 4925; baseline 0.001 -25"><span class='ocrx_word' id='word_1_779' title='bbox 2187 4848 2424 4925; x_wconf 79' lang='grc' dir='ltr'><strong>χρῆσθα.</strong></span> <span class='ocrx_word' id='word_1_780' title='bbox 2474 4831 2719 4924; x_wconf 77' lang='grc' dir='ltr'>ὑπουργῷ</span> <span class='ocrx_word' id='word_1_781' title='bbox 2786 4845 2973 4908; x_wconf 78' lang='grc' dir='ltr'>κακίας</span> <span class='ocrx_word' id='word_1_782' title='bbox 3023 4831 3110 4901; x_wconf 60' lang='grc' dir='ltr'><strong>κάξ</strong></span> <span class='ocrx_word' id='word_1_783' title='bbox 3165 4839 3604 4919; x_wconf 67' lang='grc' dir='ltr'>καλοκάγαθίαςς</span> <span class='ocrx_word' id='word_1_784' title='bbox 3663 4831 3843 4901; x_wconf 75' lang='grc' dir='ltr'>Οὐδεὶς</span> 
     </span>
    </p>
   </div>
   <div class='ocr_carea' id='block_1_112' title="bbox 2185 4922 3842 5015">
    <p class='ocr_par' dir='ltr' id='par_1_112' title="bbox 2185 4922 3842 5015">
     <span class='ocr_line' id='line_1_114' title="bbox 2185 4922 3842 5015; baseline -0.007 -23"><span class='ocrx_word' id='word_1_785' title='bbox 2351 4922 2757 5015; x_wconf 67' lang='grc' dir='ltr'>σωφρονοῦντων</span> <span class='ocrx_word' id='word_1_786' title='bbox 2811 4940 2889 5009; x_wconf 85' lang='grc' dir='ltr'>τῷ</span> <span class='ocrx_word' id='word_1_787' title='bbox 2959 4937 3099 5008; x_wconf 82' lang='grc' dir='ltr'><strong>αὒτῷ</strong></span> <span class='ocrx_word' id='word_1_788' title='bbox 3169 4932 3376 5012; x_wconf 86' lang='grc' dir='ltr'>ὀργάνῳ</span> <span class='ocrx_word' id='word_1_789' title='bbox 3436 4925 3687 5006; x_wconf 76' lang='grc' dir='ltr'>βόρϐορον</span> <span class='ocrx_word' id='word_1_790' title='bbox 3757 4922 3842 4980; x_wconf 75' lang='grc' dir='ltr'><strong>διὰ</strong></span> 
     </span>
    </p>
   </div>
   <div class='ocr_carea' id='block_1_113' title="bbox 2182 5016 3842 5105">
    <p class='ocr_par' dir='ltr' id='par_1_113' title="bbox 2182 5016 3842 5105">
     <span class='ocr_line' id='line_1_115' title="bbox 2182 5016 3842 5105; baseline -0.008 -23"><span class='ocrx_word' id='word_1_791' title='bbox 2182 5024 2419 5105; x_wconf 79' lang='grc' dir='ltr'>ταράξειε</span> <span class='ocrx_word' id='word_1_792' title='bbox 2490 5026 2577 5081; x_wconf 87' lang='grc' dir='ltr'>καὶ</span> <span class='ocrx_word' id='word_1_793' title='bbox 2648 5024 2833 5102; x_wconf 83' lang='grc' dir='ltr'>μύρον.</span> <span class='ocrx_word' id='word_1_794' title='bbox 2909 5025 3243 5103; x_wconf 72' lang='grc' dir='ltr'>Προσεύχῃς</span> <span class='ocrx_word' id='word_1_795' title='bbox 3317 5018 3406 5088; x_wconf 69' lang='grc' dir='ltr'>Μτὶ</span> <span class='ocrx_word' id='word_1_796' title='bbox 3476 5022 3693 5096; x_wconf 87' lang='grc' dir='ltr'>καταρῶ</span> <span class='ocrx_word' id='word_1_797' title='bbox 3748 5016 3842 5070; x_wconf 79' lang='grc' dir='ltr'>τὸν</span> 
     </span>
    </p>
   </div>
   <div class='ocr_carea' id='block_1_114' title="bbox 2183 5106 3838 5196">
    <p class='ocr_par' dir='ltr' id='par_1_114' title="bbox 2183 5106 3838 5196">
     <span class='ocr_line' id='line_1_116' title="bbox 2183 5106 3838 5196; baseline -0.006 -23"><span class='ocrx_word' id='word_1_798' title='bbox 2183 5115 2394 5196; x_wconf 76' lang='grc' dir='ltr'>ἐχθρόν.</span> <span class='ocrx_word' id='word_1_799' title='bbox 2431 5115 2586 5195; x_wconf 75' lang='grc' dir='ltr'><strong>Εὐχῆ</strong></span> <span class='ocrx_word' id='word_1_800' title='bbox 2638 5115 2738 5192; x_wconf 84' lang='grc' dir='ltr'><strong>γὰρ</strong></span> <span class='ocrx_word' id='word_1_801' title='bbox 2777 5116 2867 5171; x_wconf 85' lang='grc' dir='ltr'><strong>καὶ</strong></span> <span class='ocrx_word' id='word_1_802' title='bbox 2894 5115 3095 5192; x_wconf 85' lang='grc' dir='ltr'>κατάρα</span> <span class='ocrx_word' id='word_1_803' title='bbox 3141 5111 3276 5170; x_wconf 84' lang='grc' dir='ltr'>πολὺ</span> <span class='ocrx_word' id='word_1_804' title='bbox 3318 5112 3378 5166; x_wconf 87' lang='grc' dir='ltr'>τὸ</span> <span class='ocrx_word' id='word_1_805' title='bbox 3407 5108 3568 5185; x_wconf 83' lang='grc' dir='ltr'>μέσον</span> <span class='ocrx_word' id='word_1_806' title='bbox 3599 5106 3838 5186; x_wconf 73' lang='grc' dir='ltr'>ἔχουσιν.</span> 
     </span>
    </p>
   </div>
   <div class='ocr_carea' id='block_1_115' title="bbox 2184 5196 3837 5284">
    <p class='ocr_par' dir='ltr' id='par_1_115' title="bbox 2184 5196 3837 5284">
     <span class='ocr_line' id='line_1_117' title="bbox 2184 5196 3837 5284; baseline -0.008 -21"><span class='ocrx_word' id='word_1_807' title='bbox 2184 5207 2242 5263; x_wconf 76' lang='grc' dir='ltr'>Εἰ</span> <span class='ocrx_word' id='word_1_808' title='bbox 2287 5206 2364 5280; x_wconf 79' lang='grc' dir='ltr'>μὴ</span> <span class='ocrx_word' id='word_1_809' title='bbox 2405 5204 2563 5284; x_wconf 71' lang='grc' dir='ltr'>ἀφίης</span> <span class='ocrx_word' id='word_1_810' title='bbox 2623 5212 2699 5279; x_wconf 88' lang='grc' dir='ltr'>τῷ</span> <span class='ocrx_word' id='word_1_811' title='bbox 2753 5203 3099 5280; x_wconf 79' lang='grc' dir='ltr'>λελυπηκότι,</span> <span class='ocrx_word' id='word_1_812' title='bbox 3143 5201 3267 5259; x_wconf 64' lang='grc' dir='ltr'><strong>«οὖδὶ</strong></span> <span class='ocrx_word' id='word_1_813' title='bbox 3341 5196 3659 5281; x_wconf 65' lang='grc' dir='ltr'>ἀφεθήσετσί</span> <span class='ocrx_word' id='word_1_814' title='bbox 3727 5217 3837 5272; x_wconf 91' lang='grc' dir='ltr'>σοι,</span> 
     </span>
    </p>
   </div>
   <div class='ocr_carea' id='block_1_116' title="bbox 2183 5284 3837 5374">
    <p class='ocr_par' dir='ltr' id='par_1_116' title="bbox 2183 5284 3837 5374">
     <span class='ocr_line' id='line_1_118' title="bbox 2183 5284 3837 5374; baseline -0.007 -23"><span class='ocrx_word' id='word_1_815' title='bbox 2183 5294 2319 5353; x_wconf 83' lang='grc' dir='ltr'>ἀλλὰ</span> <span class='ocrx_word' id='word_1_816' title='bbox 2413 5295 2789 5374; x_wconf 84' lang='grc' dir='ltr'>καταρώμενας</span> <span class='ocrx_word' id='word_1_817' title='bbox 2890 5296 3109 5352; x_wconf 85' lang='grc' dir='ltr'>σεαυτὸν</span> <span class='ocrx_word' id='word_1_818' title='bbox 3166 5291 3375 5368; x_wconf 78' lang='grc' dir='ltr'>ἀλώσῃ,</span> <span class='ocrx_word' id='word_1_819' title='bbox 3475 5287 3635 5356; x_wconf 78' lang='grc' dir='ltr'>ἠνίκα</span> <span class='ocrx_word' id='word_1_820' title='bbox 3697 5284 3837 5365; x_wconf 70' lang='grc' dir='ltr'>εὔχῃ</span> 
     </span>
    </p>
   </div>
   <div class='ocr_carea' id='block_1_117' title="bbox 2183 5378 3841 5466">
    <p class='ocr_par' dir='ltr' id='par_1_117' title="bbox 2183 5378 3841 5466">
     <span class='ocr_line' id='line_1_119' title="bbox 2183 5378 3841 5466; baseline -0.006 -26"><span class='ocrx_word' id='word_1_821' title='bbox 2183 5384 2435 5466; x_wconf 74' lang='grc' dir='ltr'>ἀφεθῆναί</span> <span class='ocrx_word' id='word_1_822' title='bbox 2500 5407 2583 5441; x_wconf 92' lang='grc' dir='ltr'>σοι</span> <span class='ocrx_word' id='word_1_823' title='bbox 2641 5385 2708 5443; x_wconf 77' lang='grc' dir='ltr'><strong>τὰ</strong></span> <span class='ocrx_word' id='word_1_824' title='bbox 2764 5383 3124 5464; x_wconf 77' lang='grc' dir='ltr'>ὀφειλήματα,</span> <span class='ocrx_word' id='word_1_825' title='bbox 3195 5382 3370 5444; x_wconf 87' lang='grc' dir='ltr'>καθὼς</span> <span class='ocrx_word' id='word_1_826' title='bbox 3422 5379 3483 5437; x_wconf 83' lang='grc' dir='ltr'>ἂν</span> <span class='ocrx_word' id='word_1_827' title='bbox 3541 5378 3629 5436; x_wconf 85' lang='grc' dir='ltr'><strong>καὶ</strong></span> <span class='ocrx_word' id='word_1_828' title='bbox 3683 5378 3841 5440; x_wconf 75' lang='grc' dir='ltr'>αὐτὸς</span> 
     </span>
    </p>
   </div>
   <div class='ocr_carea' id='block_1_118' title="bbox 2184 5465 3843 5556">
    <p class='ocr_par' dir='ltr' id='par_1_118' title="bbox 2184 5465 3843 5556">
     <span class='ocr_line' id='line_1_120' title="bbox 2184 5465 3843 5556; baseline -0.007 -24"><span class='ocrx_word' id='word_1_829' title='bbox 2184 5465 2344 5556; x_wconf 65' lang='grc' dir='ltr'>ἀφίης</span> <span class='ocrx_word' id='word_1_830' title='bbox 2399 5487 2518 5540; x_wconf 74' lang='grc' dir='ltr'>τοῖς</span> <span class='ocrx_word' id='word_1_831' title='bbox 2579 5483 2797 5534; x_wconf 83' lang='grc' dir='ltr'>σεαυτοῦ</span> <span class='ocrx_word' id='word_1_832' title='bbox 2869 5473 3192 5555; x_wconf 81' lang='grc' dir='ltr'>ὀφειλέταις.</span> <span class='ocrx_word' id='word_1_833' title='bbox 3268 5469 3435 5530; x_wconf 82' lang='grc' dir='ltr'>Ἀλλὰ</span> <span class='ocrx_word' id='word_1_834' title='bbox 3530 5465 3694 5525; x_wconf 83' lang='grc' dir='ltr'>καλὸν</span> <span class='ocrx_word' id='word_1_835' title='bbox 3750 5470 3843 5522; x_wconf 80' lang='grc' dir='ltr'><strong>τοῦ</strong></span> 
     </span>
    </p>
   </div>
  </div>
