4136 6442
475 359 586 425 491

1608 349 2024 423 (ῈΟΙΙΜΕΝΙΙ
2068 347 2366 416 ΤΗῙΟΟλΕ
2407 349 2741 420 EPISCOPI

3751 353 3866 426 492

473 497 786 577 instigatus
817 496 890 558 ad
915 493 1144 574 aliquid
1170 513 1304 559 cum
1329 492 1525 576 aliqua
1548 491 1980 555 assimilatione
2011 489 2122 567 eju:

2222 487 2415 577 μικρὸν
2449 486 2732 568 ἐπήνεγκε,
2792 488 2992 557 δεικνὺς
3039 493 3099 549 τὸ
3129 494 3258 574 πρὸς
3287 495 3337 551 τί
3366 498 3393 552 6
3423 493 3605 567 ζῆλος.
3642 494 3862 574 Ἐρίθεια

473 588 549 649 ad
582 587 739 666 quod
769 594 858 647 est
889 586 1150 647 studium
1182 585 1276 647 vel
1329 583 1589 661 allectus)
1641 590 1956 661 propterea
1985 577 2131 640 sub-

467 677 670 756 junxit
716 677 1013 748 Amaram,
1078 673 1400 736 ostendens
1430 673 1500 734 ad
1532 670 1672 752 quid
1707 671 1784 730 sit
1811 668 2128 730 aemulatio.

474 769 665 848 ἐρίθεια
695 783 832 824 vero
865 771 952 825 est
983 761 1389 843 vituperabilis
1440 758 1742 848 contentio
1776 765 1833 819 et
1865 761 2128 837 pertina-

475 847 587 918 cia.
622 879 649 910 α
690 854 954 916 Primum
986 853 1228 932 quidem
1259 859 1417 911 casta
1447 859 1556 912 est.
1603 872 1622 904 ι
1660 847 1723 909 Id
1757 855 1868 920 est,
1902 863 2050 925 pura
2074 853 2129 905 et

477 944 610 1005 sine
642 942 839 1022 sorde,
875 941 1023 1003 nulli
1052 940 1140 1001 rei
1172 939 1398 1001 carnali
1426 938 1758 1000 adhaerens.
1823 959 1849 990 α
1885 933 2127 1015 Absque

475 1031 924 1112 dijudicatione.
961 1051 988 1090 ι
1027 1028 1154 1090 Non
1185 1029 1535 1090 discernens
1563 1023 2008 1088 observationes
2038 1022 2126 1084 ci-

473 1126 684 1188 borum
720 1133 778 1187 et
807 1123 1102 1185 variarum
1136 1121 1448 1184 lotionum.
1484 1119 1570 1182 De
1590 1118 1684 1179 his
1704 1125 1900 1179 autem
1926 1122 2130 1176 exacte

474 1216 716 1278 disserit
754 1214 974 1275 Paulus
1003 1212 1065 1272 in
1096 1211 1358 1290 Epistola
1390 1209 1463 1271 ad
1493 1208 1873 1269 Colossenses
1901 1202 1976 1264 33.

554 1303 655 1376 IV,
695 1307 829 1362 1-4.
871 1300 1038 1364 Unde
1070 1300 1226 1362 bella
1258 1317 1330 1361 ac
1362 1301 1496 1360 lites
1540 1299 1699 1360 inter
1731 1313 1836 1357 vos
1860 1294 1886 1354 ?
1913 1295 2129 1358 Nonne

479 1394 647 1468 hinc,
677 1409 891 1472 nempe
921 1409 1002 1452 ea?
1029 1389 1436 1469 voluptatibus
1454 1394 1666 1450 vestris
1697 1403 1829 1466 qua:
1858 1384 2128 1447 militant

479 1485 545 1545 in
577 1482 866 1544 membris
887 1479 1152 1542 vestris?
1181 1478 1614 1558 Coucupiscitis
1643 1485 1701 1538 et
1723 1493 1842 1536 non
1864 1473 2120 1536 habetis:

481 1573 750 1635 occiditis
780 1577 840 1632 et
867 1569 1258 1643 armulamini,
1285 1586 1395 1630 nec
1418 1567 1663 1645 potestis
1691 1564 1986 1645 adipisci:
2011 1580 2127 1643 pu-

469 1667 678 1739 gnatis
706 1678 777 1722 ac
811 1658 1077 1738 bellatis,
1109 1658 1249 1718 466
1303 1666 1355 1719 et
1386 1675 1510 1719 non
1557 1655 1852 1735 accipitis,
1887 1653 1951 1715 id
1971 1670 2123 1732 pro-

467 1757 610 1830 ptcr
640 1749 797 1828 quod
818 1746 1167 1828 postulatis.
1223 1747 1433 1809 Petitis
1464 1754 1693 1839 et_non
1733 1743 2024 1839 accipitis,
2059 1759 2122 1839 eo
2147 1789 2184 1839 Β

473 1840 637 1919 quod
695 1840 856 1900 male
905 1839 1151 1917 petatis,
1211 1843 1276 1898 ut
1332 1838 1398 1897 in
1454 1832 1864 1914 voluptatibus
1907 1833 2123 1893 vestris

471 1928 817 1990 insumatis.
877 1927 1162 1988 Adulteri
1215 1934 1273 1986 et
1325 1925 1615 1986 adultera:
1669 1923 1908 1984 nescitis
1969 1919 2126 2000 quod

473 2017 752 2078 amicitia
785 2016 996 2078 mundi
1026 2015 1354 2076 inimicitia
1384 2021 1471 2076 est
1498 2030 1646 2092 erga
1678 2008 1921 2072 Denm?
1965 2009 2123 2084 Qui-

475 2123 705 2184 cunque
734 2123 878 2186 ergo
908 2104 1173 2167 voluerit
1203 2121 1329 2165 esse
1379 2105 1609 2166 amicus
1639 2101 1876 2174 mundi,
1910 2101 2123 2160 inimi-

469 2210 578 2256 cus
613 2195 727 2256 Dei
758 2195 1177 2255 constituitur.

552 2280 826 2343 Ostendit
843 2283 1000 2362 quod
1026 2281 1165 2342 licet
1188 2280 1570 2362 praeceptoris
1593 2296 1930 2342 sermonem
1955 2276 2128 2337 efﬁn-

473 2377 637 2449 gant,
675 2370 778 2430 toti
814 2378 1010 2432 tamen
1033 2373 1300 2431 carnales
1317 2378 1477 2450 sunt,
1502 2378 1560 2431 et
1582 2367 1994 2446 indignissima
2017 2383 2123 2445 pa-

473 2466 651 2532 trant,
679 2458 1010 2537 voluptates
1030 2457 1146 2518 sibi
1169 2457 1315 2538 ipsis
1341 2464 1716 2519 accersentes
1744 2477 1755 2515 :
1790 2454 1853 2516 hi
1882 2454 2121 2535 quidem

473 2565 739 2609 mensam
755 2547 1359 2627 delicatiorem,(quod
1374 2546 1814 2626 etPaulusipsos
1826 2543 2124 2622 arguendo

474 2635 619 2698 dicit
654 2661 676 2692 «
719 2635 859 2708 Qam
891 2637 993 2717 qui
1025 2637 1170 2698 tales
1201 2643 1359 2710 sunt,
1393 2635 1608 2716 inquit,
1645 2633 1892 2696 Domino
1921 2641 2123 2695 nostro

477 2743 597 2785 non
616 2724 892 2787 serviunt
906 2725 1007 2786 sed
1033 2744 1138 2787 suo
1161 2724 1352 2786 ventri
1371 2722 1446 2798 39;
1461 2750 1483 2778 η
1497 2727 1513 2798 )
1528 2724 1627 2785 alii
1646 2721 2125 2803 verolpossessio-

475 2831 613 2874 nem
647 2813 1044 2895 pretiosorum
1072 2831 1344 2894 agrorum
1364 2820 1462 2874 aut
1492 2812 1800 2874 domorum
1834 2811 2122 2890 concupi-

471 2910 754 2964 scentes:
818 2902 929 2964 alii
987 2922 1224 2964 rursum
1300 2902 1580 2963 familiam
1665 2917 1968 2962 assumere
2023 2908 2124 2961 aut

469 2990 712 3052 domum
765 2992 967 3052 domui
1029 2993 1438 3073 conjungere:
1499 2989 1650 3053 alius
1708 2998 1902 3051 autem
1962 2987 2123 3050 aliud

475 3080 809 3160 quippiam,
842 3080 902 3141 in
934 3080 1151 3160 quibus
1185 3080 1478 3159 malignus
1535 3079 1638 3140 ille
1670 3078 1924 3158 imponit
1955 3076 2118 3156 Ipsis,

474 3160 744 3230 coﬂando
762 3169 999 3231 illorum
1013 3169 1342 3250 depraedari
1361 3167 1605 3230 animas.
1639 3192 1666 3223 α
1693 3166 2123 3247 Concupiscitis

471 3265 532 3319 et
555 3276 672 3319 non
698 3258 951 3340 habetis,
980 3283 1002 3316 »
1061 3266 1176 3320 etc.
1207 3261 1322 3320 Per
1341 3258 1478 3315 οέσιν
1511 3267 1567 3319 et
1597 3254 1766 3336 ἄρσιν,
1800 3256 1858 3317 id
1894 3263 1983 3316 est
2013 3274 2120 3337 po-

470 3346 748 3409 sitionem
787 3358 844 3408 et
873 3347 1229 3409 ablationem
1266 3347 1573 3427 procedit:
1638 3365 1770 3406 cum
1808 3344 1992 3407 thesis
2022 3363 2121 3405 as-

474 3435 730 3498 sumitur
762 3445 1005 3517 propter
1055 3435 1502 3510 absurditatem,
1537 3434 1867 3497 absurditas
1924 3442 2122 3495 autem

473 3535 793 3604 propterea
825 3525 981 3605 quod
1007 3526 1391 3586 incitamenta
1417 3524 1728 3604 voluptatis
1752 3532 1953 3604 postea
1973 3542 2121 3584 con-

468 3613 796 3692 spiciantur
825 3613 1009 3676 latere
1041 3615 1099 3674 in
1124 3615 1297 3676 thesi.
1325 3618 1376 3677 Ν
1383 3633 1474 3674 am
1492 3611 2044 3692 etconcupiscentia
2061 3611 2122 3672 in

466 3702 834 3781 perfectione
867 3705 1225 3784 voluptatum
1251 3703 1456 3764 ﬁnitur
1477 3711 1535 3765 et
1574 3703 1768 3763 caedes
1791 3701 2114 3779 aamulatio,

465 3808 779 3871 pugnaque
799 3791 1074 3853 similiter
1095 3811 1164 3853 ac
1182 3791 1405 3852 bellum
1433 3810 1548 3851 non
1595 3799 1731 3851 suut
1755 3790 1910 3852 bona
1937 3812 1950 3853 :
1983 3790 2118 3851 ideo

469 3897 665 3960 neque
695 3881 796 3941 illa
844 3889 1291 3961 consequuntur
1320 3898 1574 3960 quorum
1605 3898 1782 3941 causa
1817 3881 1940 3940 haec
1971 3880 2117 3941 aﬂ‘e-

469 3975 645 4029 ctant.
677 3970 1273 4031 Animadvertentum
1312 3978 1400 4030 est
1429 3976 1626 4030 autem
1654 3969 1766 4029 boc
1798 3968 1930 4030 loco
1961 3971 2121 4049 quod

469 4056 697 4118 cadem
731 4065 790 4118 et
818 4056 1044 4120 bellum
1077 4059 1221 4119 dicit
1251 4078 1368 4119 non
1402 4057 1734 4137 corporalia
1768 4081 1780 4115 :
1816 4057 1928 4118 hoc
1961 4063 2121 4119 enim

468 4163 646 4224 grave
678 4155 837 4208 esset
867 4149 1042 4209 etiam
1077 4148 1152 4209 de
1183 4146 1514 4208 latronibus
1569 4145 1824 4225 cogitare
1859 4165 1872 4208 :
1936 4147 2121 4208 multo

471 4253 610 4313 ergo
635 4236 832 4296 minus
846 4237 1022 4297 dehis
1044 4237 1145 4317 qui
1162 4236 1523 4317 aliquantum
1545 4235 1751 4298 ﬁdeles
1773 4246 1962 4312 erant,
1978 4235 2121 4297 etad

469 4324 788 4386 Dominum
825 4325 1206 4386 accedebant.
1244 4324 1361 4387 Sed
1396 4333 1456 4386 ut
1487 4324 1635 4385 mihi
1667 4327 1920 4400 videtur,
1956 4329 2120 4388 occi-

471 4411 614 4472 dere
636 4413 924 4474 dicuntur
945 4413 1032 4474 illi
1054 4415 1154 4494 qui
1179 4414 1511 4476 temerariis
1524 4414 1615 4474 his
1627 4414 1934 4475 conatibus
1949 4434 2119 4478 suam

2215 572 2270 630 δέ
2327 575 2466 632 ἐστιν
2527 577 2781 659 ἐπίψογος
2824 579 3138 662 φιλονεικία.
3174 572 3182 574 ἡ
3213 606 3236 640 α
3299 590 3512 664 Πρῶτον
3571 585 3669 660 μὲν
3707 572 3860 663 -ἁγνή

2211 666 2373 724 ἔστιν,
2429 689 2456 722 ι
2519 665 2711 748 Ἀγνὴ,
2757 671 2954 749 καθαρᾶ
2996 674 3085 729 καὶ
3142 672 3426 754 ἀρύπαρος,
3487 672 3714 750 μηδενὸς
3756 678 3860 730 τῶν

2213 759 2476 830 σαρκικῶν
2504 755 2863 836 ἀντεχομένη.
2897 783 2919 815 ι
2959 757 3306 840 Ἀδιάκριτος.
3342 782 3374 823 )
3411 763 3499 830 Μὴ
3531 761 3858 842 διαιρινοῦσα

2212 845 2604 930 παρατηρήσεις
2659 847 2977 925 βρωμάτων,
3041 851 3128 906 καὶ
3183 847 3451 930 διαφόρων
3520 852 3856 927 βαπτισμῶν.

2213 928 2467 1009 Ἀκριϐῶς
2497 929 2551 988 δὲ
2592 936 2709 1014 περὶ
2737 937 2933 995 τούτων
2965 937 3017 995 ἐν
3062 944 3130 1015 τῇ
3159 928 3300 1018 πρὸς
3320 928 3646 1004 Κολοσσαεῖς
3675 937 3858 996 διαλὲ-
3891 999 3895 1004 ,

2210 1039 2357 1095 γεται
2389 1023 2416 1076 6
2448 1021 2674 1088 Παῦλος.

2295 1311 2319 1344 ιι
2357 1287 2519 1345 Πόθεν
2569 1288 2795 1367 πόλεμοι
2837 1293 2923 1349 καὶ
2966 1294 3146 1375 μάχαι
3192 1294 3246 1351 ἐν
3289 1297 3417 1371 ὑμῖν
3451 1316 3468 1378 ;
3526 1300 3632 1356 Οὐκ
3674 1298 3856 1356 ἐντεῦ-

2207 1381 2314 1454 θεν,
2403 1382 2464 1436 ἒκ
2531 1386 2638 1436 τῶν
2697 1379 2900 1450 ἡδονῶν
2980 1386 3148 1464 ὑμῶν,
3239 1391 3344 1444 τῶν
3429 1390 3858 1468 στρατευομένων

2205 1470 2261 1524 ἒν
2304 1482 2419 1533 τοῖς
2465 1468 2676 1545 μέλεσιν
2733 1472 2926 1552 ὑμῶν;
2997 1471 3363 1556 Ἐπιθυμεῖτε,
3407 1479 3495 1534 καὶ
3535 1482 3630 1537 οὐκ
3676 1479 3854 1559 ἔχετε,

2207 1564 2427 1614 Φονεῖτε
2497 1560 2585 1614 καὶ
2636 1557 2877 1636 ζηλοῦτε,
2959 1563 3045 1618 καὶ
3130 1565 3189 1620 οὔ
3263 1561 3474 1622 δύνασθε
3551 1557 3831 1648 ἐπιτυχεῖν

2209 1647 2456 1725 Μάχεσθε
2525 1649 2614 1704 καὶ
2692 1647 3002 1731 πολεμεῖτε,
3090 1655 3177 1709 καὶ
3260 1654 3354 1710 οὒκ
3436 1653 3591 1735 ἔχετε
3663 1647 3746 1713 διᾶ
3797 1659 3861 1713 τὸ

2207 1737 2463 1792 αἰτεῖσθαι
2514 1738 2672 1812 ὑμᾶς,
2730 1740 2962 1821 Αἰτεῖτε,
3018 1743 3105 1798 καὶ
3178 1745 3238 1800 οὗ
3319 1741 3638 1820 λαμϐάνετε,
3725 1744 3868 1803 διότι

2207 1829 2382 1886 κακῶς
2440 1825 2694 1906 αἰτεῖσθε,
2747 1824 2837 1882 ’ίνα
2893 1831 2947 1885 ἒν
3025 1843 3148 1895 ταῖς
3220 1829 3439 1899 ἡδοναῖς
3515 1835 3669 1909 ἡμῶν
3755 1833 3857 1891 δα-

2206 1914 2503 1982 πανήσητε,
2600 1915 2797 1994 Μοιχοὶ
2879 1919 2967 1974 καὶ
3051 1918 3382 2001 μοιχαλίδες,
3470 1923 3565 1979 οὐκ
3647 1923 3858 1999 οἴδατε,

2207 1999 2286 2095 ότι
2436 2001 2594 2095 ,φιλία
2663 2011 2788 2095 τοῦΔ
2825 2007 3049 2082 κόσμου,
3104 1999 3270 2088 ἐχθρὰ
3325 1999 3418 2066 τοῦ
3475 2011 3607 2068 Θεοῦ
3659 2013 3856 2095 ἐστιν;

2209 2091 2266 2154 ὃς
2323 2088 2384 2145 ἂν
2428 2091 2662 2182 βουληθῇ
2720 2092 2869 2172 φίλος
2932 2096 3074 2153 εἶναι
3117 2108 3209 2157 τοῦ
3249 2098 3476 2176 κόσμου,
3522 2099 3712 2182 ἐχθρὸς
3766 2088 3866 2161 τοδ

2209 2185 2341 2237 Θεοῦ
2373 2179 2698 2242 καθίσταται.
2737 2205 2764 2237 ι

2293 2267 2558 2356 Δείκνυσιν
2619 2271 2692 2335 ὡς
2748 2269 2846 2326 κᾶν
2901 2271 3336 2333 ὑποπλάττωνται
3388 2275 3546 2356 λόγον
3601 2277 3862 2338 διδασκα-

2209 2354 2380 2430 λικὸν,
2413 2355 2559 2432 ὅμως
2591 2357 2704 2415 ὅλοι
2762 2362 3001 2439 σαρκικοί
3051 2364 3173 2438 εἶσι,
3233 2364 3327 2420 καῖ
3386 2354 3865 2446 τὰ-χαλεπώτατα

2208 2448 2542 2526 πράττουσιν,
2637 2449 2827 2518 ἡδονὰς
2913 2453 3122 2518 ἑαυτοῖς
3191 2457 3550 2534 ποριζόμενοι,
3626 2464 3684 2517 Οἱ
3756 2464 3861 2539 μὲν

2207 2534 2486 2630 ἀϐροτέρας
2546 2539 2833 2622 τραπέζης,
2905 2544 2952 2619 (ὃ
3009 2545 3096 2600 καὶ
3139 2544 3345 2612 Παύλος
3402 2552 3574 2607 αὐτῶν
3627 2534 3860 2630 καταγι-

2206 2626 2424 2718 νώσκων
2466 2630 2623 2718 φησίν
2657 2647 2674 2665 ⁸
2729 2633 2789 2688 Οἱ
2831 2633 2931 2712 γὰρ
2972 2644 3206 2694 τοιοῦτοι
3256 2643 3334 2711 τῷ
3392 2638 3564 2718 Κυρίῳ
3619 2640 3678 2697 οὗ
3732 2626 3860 2698 δου-

2207 2713 2465 2805 λεύουσιν,
2529 2716 2664 2774 ἀλλὰ
2719 2725 2786 2795 τῇ
2843 2721 3040 2778 ἑαυτῶν
3084 2723 3279 2805 κοιλίᾳ,
3321 2747 3344 2782 ο
3405 2713 3554 2783 οἶδὲ
3614 2731 3857 2800 κτήσεως

2206 2801 2464 2882 λαμπρῶν
2517 2806 2689 2895 ἀγρῶν
2744 2808 2780 2875 ἢ
2848 2811 3026 2866 οἰκιῶν
3069 2801 3438 2895 ὀριγνώμενοι.
3489 2805 3710 2895 ”Αλλοι,
3769 2822 3859 2877 οἱ-

2206 2895 2408 2949 κετείαν
2449 2893 2818 2974 περιϐαλέσθαι
2851 2900 2887 2966 ἢ
2948 2901 3232 2972 συνοικίας,
3276 2893 3489 2969 ’Ἄλλος
3519 2905 3575 2962 δὲ
3604 2893 3699 2964 διί
3724 2908 3860 2969 ἄλλο

2204 3004 2279 3074 τι.
2331 2985 2451 3074 Περὶ
2499 2984 2533 3038 ἃ
2590 2987 2617 3040 6
2674 2990 2904 3064 πονηρὸς
2960 2989 3142 3056 αὐτοῖς
3200 2993 3527 3074 ὑποτίθησιν,
3587 2995 3858 3072 ἀποωλᾷν

2206 3073 2391 3135 αὖτοὺς
2434 3077 2531 3140 τῆς
2589 3074 2788 3132 ἑαυτῶν
2833 3078 3228 3157 μηχανώμενος
3270 3073 3557 3161 σωτηρίας,
3611 3109 3634 3141 ι
3699 3084 3854 3144 Ἐπιο

2142 3148 2182 3199 C
2205 3164 2420 3237 θυμεῖτε
2475 3163 2562 3218 καὶ
2618 3161 2711 3219 οὐκ
2782 3162 2959 3244 ἔχετε.
3035 3191 3063 3222 ι
3144 3171 3287 3227 Κατὰ
3361 3171 3500 3229 θέσιν
3560 3176 3647 3231 καὶ
3703 3175 3852 3255 ἄρσιν

2205 3251 2411 3328 πρόεισι
2466 3256 2565 3318 τῆς
2633 3252 2850 3334 θέσεως,
2923 3255 3305 3336 ἀναιρουμένης
3363 3259 3446 3319 διὰ
3496 3263 3559 3318 τὸ
3630 3251 3851 3324 ἄτοπον.

2208 3343 2277 3397 T6
2345 3338 2400 3395 δὲ
2457 3339 2652 3397 ἄτοπον
2694 3339 2777 3398 διὰ
2847 3346 2908 3400 τὸ
2949 3343 3148 3413 ἡδονῆς
3205 3349 3585 3425 ὑπεκκαύματα
3641 3352 3860 3428 μέλλειν

2204 3430 2416 3524 ἒςσεσθαι-
2477 3431 2543 3524 τα
2599 3430 2703 3524 ἐπὶΔ
2741 3438 2809 3509 τῇ
2875 3433 3013 3524 θέσει
3069 3435 3492 3524 ἐνθεωρούμενα,
3560 3431 3703 3498 “Et:
3755 3446 3860 3524 γὰρ

2206 3519 2450 3595 ἐπιθυμία
2522 3519 2577 3574 ἐν
2645 3519 2847 3587 ἡδονῶν
2918 3523 3206 3583 ἐπιτελέσει
3285 3527 3612 3605 ἀποτελευτᾷ
3687 3532 3716 3588 6'
3770 3519 3858 3590 ’τὲ

2206 3609 2364 3698 φόνος
2394 3609 2482 3664 καὶ
2513 3611 2540 3664 6
2583 3608 2765 3698 ζῆλος,
2812 3613 2900 3667 καὶ
2954 3611 3018 3680 δὴ
3076 3617 3163 3670 καὶ
3209 3618 3243 3684 ἡ
3295 3617 3452 3698 μάχη
3482 3641 3541 3674 τε
3571 3622 3658 3677 καὶ
3688 3623 3716 3677 6
3745 3622 3858 3678 πό-

2200 3695 2361 3787 λεμος
2425 3698 2517 3753 οὐκ
2577 3697 2768 3777 ἂγαθά.
2835 3701 3028 3781 Διόπερ
3086 3703 3202 3760 οὐδὲ
3257 3695 3577 3786 τυγχάνουσι
3629 3711 3858 3787 τούτων,

2201 3789 2275 3841 ῶν
2330 3786 2506 3842 ἕνεκεν
2573 3789 2735 3844 ταῦτα
2791 3787 3206 3857 ἐπιτηδεύουσιν.
3270 3791 3614 3855 Ἐπιστατέον
3671 3797 3725 3855 δὲ
3779 3786 3856 3865 ὡς

2205 3876 2359 3954 φόνον
2418 3876 2637 3969 ἐνταῦθα
2686 3879 2778 3969 καὶ
2835 3877 3070 3956 πόλεμον
3128 3884 3187 3938 οὒ
3243 3885 3334 3940 τὸν
3391 3888 3642 3964 σαρκικόν
3696 3911 3858 3969 φησι,

2203 3973 2366 4023 Τοῦτο
2409 3966 2510 4045 γὰρ
2583 3967 2712 4044 βαρὺ
2771 3969 2860 4025 καὶ
2915 3971 3054 4028 κατὰ
3107 3969 3319 4048 λῃστῶν
3365 3973 3589 4052 ἐννοεῖν,
3647 3966 3724 4054 μῆ
3775 3977 3862 4036 ὅτι

2205 4075 2269 4148 γε
2334 4056 2469 4148 κατα
2774 4060 2977 4148 πιστῶν
3046 4063 3137 4148 καὶ
3201 4063 3280 4138 τῷ
3336 4066 3506 4143 Κυρίῳ
3548 4089 3861 4148 προσερχο-

2206 4143 2396 4236 μένων.
2451 4143 2593 4201 Ἀλλ’
2656 4147 2730 4211 ὥς
2774 4147 2836 4226 γέ
2893 4169 2985 4223 μοι
3037 4147 3206 4227 δοκεῖ,
3276 4153 3514 4231 φονεύειν
3556 4143 3685 4236 φησί
3715 4143 3863 4225 ’τοὺς

2203 4235 2300 4325 τὴν
2362 4235 2561 4325 ἑαυτῶν
2617 4237 2800 4316 ψυχὴν
2859 4237 3264 4325 ἀποκτιννύντας
3348 4255 3470 4308 ταῖς
3555 4235 3863 4325 τολμηραῖς

2202 4323 2418 4412 ταύταις
2479 4323 2870 4406 ἐπιχειρήσεσι,
2931 4324 2997 4384 δι’
3061 4329 3126 4394 ἃς
3169 4331 3256 4387 καὶ
3301 4332 3329 4387 6
3387 4335 3518 4412 πρὸς
3559 4335 3659 4402 τὴν
3702 4323 3862 4392 εύσέ-

2204 4408 2349 4468 ϐειαν
2409 4413 2593 4476 αὐτοῖς
2648 4414 2907 4491 πόλεμος.
2975 4419 3074 4476 Καὶ
3129 4419 3306 4500 ὥσπερ
3350 4408 3555 4501 προῖὼν
3623 4429 3861 4504 μοιχοὺς

469 4500 1047 4583 occiduntanimam,
1069 4512 1310 4583 propter
1328 4503 1483 4582 quod
1510 4502 1685 4564 etiam
1720 4503 1942 4564 bellum
1977 4505 2122 4586 ipsis

2208 4503 2292 4556 καὶ
2343 4502 2659 4583 μοιχαλίδας
2731 4504 2861 4585 ἐρεῖ,
2922 4511 2982 4566 οὒ
3063 4509 3274 4574 πάντως
3345 4500 3613 4577 τοιούτους
3672 4500 3864 4581 αύτοὺς

471 4595 562 4650 est
589 4589 878 4651 adversus
909 4590 1214 4670 pietatem.
1262 4591 1332 4652 Et
1365 4591 1864 4671 quemadmodum
1897 4592 1956 4653 in
1992 4585 2122 4673 pro-

2208 4593 2385 4670 ὄντας,
2433 4594 2552 4651 ἀλλ’
2609 4599 2682 4662 ὡς
2731 4601 2796 4656 τὰ
2826 4603 2948 4657 θεῖα
2966 4600 3070 4680 ⁴καί
3126 4600 3305 4667 καλῶς
3364 4603 3561 4684 ἔχοντα
3616 4610 3864 4687 προστά-

469 4695 678 4756 gressu
709 4679 1011 4741 adulteros
1031 4688 1199 4742 vocat
1229 4693 1289 4742 et
1319 4681 1642 4761 adulteras,
1678 4697 1795 4741 non
1819 4682 1969 4762 quod
1989 4701 2122 4742 om-

466 4766 610 4828 nino
645 4768 790 4829 tales
819 4769 960 4843 sint,
1000 4770 1103 4830 sed
1135 4770 1291 4850 quod
1323 4769 1520 4831 divina
1549 4776 1828 4850 recteque
1858 4770 2122 4832 instituta

465 4865 762 4937 praecepta
776 4858 1551 4939 constupreut,declinando
1571 4859 1641 4919 ad
1660 4859 1773 4920 alia
1791 4859 2118 4938 illegitima:

467 4963 666 5024 neque
698 4948 858 5008 enim
895 4949 1175 5010 toleraret
1223 4948 1516 5028 qutspiam
1564 4962 1950 5010 scortatorem
1979 4969 2124 5031 pree-

468 5044 797 5116 ceptorem,
827 5035 1002 5096 etiam
1027 5038 1073 5097 si
1101 5040 1286 5115 magis
1316 5056 1492 5117 quam
1512 5036 1675 5116 porci
1699 5056 1867 5098 coeno
1885 5039 2118 5100 involu-

468 5126 563 5181 tus
591 5133 752 5183 esset
784 5141 796 5185 :
834 5123 915 5184 ita
942 5143 1082 5204 ergo
1114 5127 1308 5188 credes
1337 5145 1406 5186 ac
1429 5125 1584 5186 bella
1601 5126 1744 5187 dicit
1763 5145 1878 5187 non
1901 5146 2119 5208 corpo-

467 5209 637 5272 ralia.
674 5212 778 5272 sed
815 5213 1074 5275 animam
1100 5215 1545 5277 concernentia.
1613 5239 1638 5269 α
1675 5214 1881 5277 Petilis
1912 5226 1968 5278 et
1999 5237 2118 5279 non

467 5298 760 5379 accipitis.
801 5324 822 5358 υ
861 5299 1376 5371 Quemadmodum
1442 5304 1764 5384 phariszeus
1808 5305 1882 5366 de
1915 5325 2028 5387 quo
2059 5307 2118 5370 in

468 5388 786 5465 Evangelio
817 5392 1147 5453 secundum
1173 5397 1393 5456 Lucam
1415 5395 1477 5444 40
1507 5415 1519 5458 :
1555 5412 1688 5455 nam
1715 5403 1932 5474 quanto
1955 5396 2125 5476 plura

470 5477 822 5540 recensebat
851 5497 957 5543 sua
988 5481 1144 5543 bona
1199 5502 1402 5564 opera,
1469 5492 1626 5547 tanto
1683 5485 1871 5563 magis
1897 5485 2126 5551 divinas

2206 4705 2385 4774 γματα
2451 4691 2518 4762 τῇ
2577 4690 2708 4766 πρὸς
2765 4687 2918 4768 ἕτερα
2969 4690 3092 4746 νόθα
3148 4690 3421 4750 ἀποκλίσει
3487 4697 3807 4774 πορεύοντας
3845 4718 3861 4733 ⁸

2207 4775 2301 4830 οὒκ
2357 4771 2418 4828 ἂν
2488 4775 2588 4854 γάρ
2647 4798 2728 4840 τις
2792 4779 2984 4857 πόρνου
3037 4779 3330 4860 ἀνάσχοιτο
3373 4771 3705 4863 διδασκάλου,
3758 4788 3864 4843 κᾶν

2208 4863 2405 4954 χοίρων
2476 4865 2512 4939 ᾗ
2575 4864 3051 4947 βορϐορωδὲστερος
3137 4870 3274 4926 οὕτω
3343 4874 3430 4928 καὶ
3513 4873 3701 4954 φόνους
3770 4880 3866 4935 καὶ

2205 4951 2493 5029 πολέμους,
2541 4956 2599 5010 οὑ
2641 4956 2760 5020 τοὺς
2817 4958 3178 5032 σωματικοὺς,
3225 4957 3362 5015 ἀλλὰ
3414 4951 3538 5026 τοὺς
3595 4966 3863 5044 ψυχικοὺς

2205 5038 2368 5132 λέγει,
2412 5065 2439 5096 ιι
2474 5044 2680 5100 Αἰτεῖτε
2710 5045 2799 5101 καὶ
2841 5047 2901 5102 οὐ
2943 5044 3259 5122 λαμϐάνετε.
3295 5071 3319 5106 ι)
3389 5040 3482 5115 Ὠς
3517 5054 3545 5108 6
3575 5038 3862 5132 φῴισαῖος

2205 5131 2232 5184 ὁ
2266 5130 2340 5219 ἐν,
2363 5138 2439 5205 τῷ
2481 5134 2617 5189 κατὰ
2667 5139 2871 5190 Λουκᾶν
2929 5134 3255 5214 Εὖαγγελίῳ.
3302 5136 3452 5211 ’Ὀσῳ
3494 5130 3599 5219 γὰρ
3642 5130 3864 5201 πλείονα

2202 5218 2455 5298 κατέλεγε
2517 5229 2622 5278 τῶν
2680 5227 2835 5282 αὐτοῦ
2906 5226 3353 5307 κατορθωμάτων,
3408 5229 3643 5306 τοσούτῳ
3698 5230 3864 5290 πλέον

2203 5309 2302 5374 τὴν
2327 5309 2466 5366 θείαν
2497 5309 2722 5368 ἀπέϐυεν
2765 5313 2955 5394 ἀκοὴν,
3002 5316 3092 5370 καὶ
3143 5317 3170 5370 6
3227 5321 3332 5371 τῶν
3389 5317 3643 5394 ῥημάτων
3702 5320 3862 5399 ὄγκος

2203 5401 2354 5462 κενὸς
2394 5402 2603 5478 περὶτὰ
2633 5402 2790 5482 χείλη
2821 5401 3078 5483 κατέῤῥει,
3133 5405 3220 5460 καὶ
3276 5407 3350 5469 εἰς
3393 5407 3556 5488 ἀφρὸν
3603 5407 3861 5489 διελύετο,

2206 5489 2438 5566 καθάπερ
2497 5490 2862 5571 παφλάζοντος
2931 5493 3190 5569 κύματος.
3266 5493 3416 5552 Ἀλλ’
3477 5496 3590 5577 ἐρεῖ
3643 5521 3747 5581 τις,
3801 5503 3862 5559 El

545 5637 612 5726 ‘58
636 5639 866 5704 Coloss.
904 5659 967 5723 ιι,
1008 5645 1033 5704 1
1073 5661 1241 5727 seqq.
1274 5645 1348 5695 39
1378 5646 1551 5709 Rom.
1585 5663 1704 5723 xvr,
1740 5646 1829 5708 18.
1867 5648 1928 5698 4ο
1957 5652 2098 5716 Luc.

2208 5669 2298 5729 'm,
2331 5655 2428 5715 11.
