4136 6424
432 337 555 404 495
1551 343 1966 409 (ECUMENII
2011 342 2085 404 TI

2168 339 2308 407 ῙΟΑΕ
2346 344 2682 408 EPISCOPI
3715 337 3834 404 496

437 475 750 550 natur,Dei
779 476 1059 539 inimicus
1090 477 1366 540 eﬂicitur.
1388 475 1534 539 Nam
1565 484 1806 558 propter
1835 476 2085 538 studium

2179 481 2296 557 περὶ
2339 481 2372 535 ἃ
2415 478 2717 537 σπεύδουσιν
2775 479 3058 560 ἄνθρωποι,
3123 487 3255 539 Θεοῦ
3323 482 3406 537 ναὶ
3462 481 3690 556 κόσμου,
3747 477 3832 534 καὶ

436 563 594 626 circa
609 564 866 641 inutilia,
893 566 1268 646 negligenter
1313 585 1386 629 ac
1404 565 1714 628 fastidiose
1732 585 1796 628 se
1813 565 1996 627 habet
2025 565 2085 626 ac‘

2180 566 2296 624 καθ’
2341 569 2585 648 ἑκάτερον
2656 569 2856 626 τούτων
2913 567 3002 627 δύο
3070 569 3462 649 στρεφομένων,
3521 567 3695 648 φιλίας
3749 567 3836 622 καὶ

437 652 660 730 divina,
687 655 844 734 quod
877 655 1037 717 circa
1068 657 1225 718 solos
1256 656 1391 717 illos
1421 654 1594 717 nobis
1645 654 2085 735 contingitquos

2182 657 2384 739 μίσους,
2438 661 2555 737 περὶ
2601 649 2853 739 ὁπότερον
2907 659 3104 716 τούτων
3150 657 3528 730 σπουδάζοντες
3572 655 3833 737 ληφθείη·-

439 742 575 803 odio
609 742 896 806 habemus
931 745 1240 826 nostrique
1269 753 1407 806 sunt
1437 744 1689 806 inimici.
1719 747 1860 808 Cum
1895 743 2097 824 itaque

436 831 554 893 duo
585 832 705 893 sint
733 832 892 896 circa
923 853 1052 916 quae
1097 834 1338 896 student
1367 834 1664 910 homines,
1698 851 1916 914 nempe
1939 831 2097 894 Deus

433 938 502 982 ac
533 922 812 998 mundus,
848 933 910 987 et
971 924 1132 985 circa
1187 931 1506 1004 utrumque
1540 924 1752 984 horum
1783 929 2096 984 versentur

436 1009 576 1084 duo,
620 1011 882 1074 amicitia
939 1021 997 1075 et
1045 1012 1248 1075 odium
1299 1012 1505 1075 :circa
1556 1012 1845 1074 utrumvis
1878 1012 2090 1072 horum

433 1098 686 1160 studiosi
717 1119 846 1162 esse
879 1101 1424 1182 deprehendamur,
1451 1104 1702 1163 alterum
1729 1101 1962 1181 penitus
1989 1119 2092 1161 ne-

436 1187 660 1266 gligere
691 1189 983 1252 videmur.
1019 1189 1293 1253 Studium
1327 1199 1524 1252 autem
1560 1190 1714 1270 parit
1742 1189 2086 1262 amicitiam,

435 1276 800 1357 negligentia
818 1298 959 1341 vero
991 1279 1214 1341 odium.
1249 1279 1358 1351 Qui
1391 1298 1530 1358 ergo
1561 1279 1774 1341 divinis
1800 1279 2087 1352 adhaeret,

435 1367 544 1428 Dei
575 1367 802 1429 amicus
835 1377 1017 1450 est,et
1044 1369 1302 1430 dicitur:
1355 1367 1464 1440 Qui
1506 1387 1644 1430 vero
1683 1371 1870 1431 Deum
1895 1368 2090 1446 negli-

2181 767 2299 821 μεν,
2331 747 2544 810 πάντως
2599 756 2691 806 τοῦ
2734 746 2911 826 ἐτέρου
2968 745 3298 828 ἀφειδοῦντες
3348 746 3615 825 ὁρώμεθα,
3679 750 3835 801 Ποιετ

2179 833 2255 910 δὲ,
2291 838 2325 903 ἡ
2371 836 2469 911 μὲν
2511 835 2712 903 σπουδὴ
2757 835 2957 918 φιλίαν,
3015 839 3050 905 ἡ
3094 835 3149 892 δὲ
3201 836 3478 914 ὀλιγωρία,
3527 847 3714 912 μῖσος,
3772 834 3830 898 ὃς

2177 925 2264 980 οὖν
2299 931 2404 981 τῶν
2471 925 2622 982 θείων
2664 926 3007 1006 ἀντίσχηται,
3053 923 3200 1006 φίλος
3255 933 3387 982 Θεοῦ
3439 925 3526 980 καὶ
3571 923 3683 979 ’ἐστι
3739 924 3827 979 καὶ

2174 1011 2405 1090 λέγεται.
2455 1012 2642 1078 ’Ὅστις
2691 1011 2746 1069 δὲ
2803 1021 2934 1070 Θεοῦ
2977 1013 3074 1090 μὲν
3129 1011 3538 1092 κατολιγωροίη,
3599 1017 3704 1067 τῶν
3768 1007 3824 1065 δὲ

2173 1108 2264 1157 τοῦ
2295 1101 2494 1176 κόσμου
2542 1099 2693 1180 ἀπρίξ
2725 1101 3038 1182 ἐξεχόμενος
3083 1107 3328 1183 φωρῷτο,
3390 1103 3540 1164 οὗτος
3598 1100 3653 1156 ἐν
3707 1111 3824 1165 τοϊς

2173 1189 2402 1266 μάλιστα
2446 1190 2660 1270 ἐχθροῖς
2689 1191 3094 1270 καταλογισθείη
3163 1198 3316 1253 Θεοῦ,
3363 1189 3510 1248 Ἐπεὶ
3565 1188 3621 1245 δὲ
3663 1197 3826 1248 ταῦτα

2171 1281 2260 1335 καὶ
2329 1285 2431 1337 πᾶν
2487 1281 2547 1336 τὸ
2616 1287 2721 1336 τῶν
2763 1282 3013 1337 τοιούτων
3055 1283 3221 1336 κακὸν
3269 1279 3322 1346 ἐξ
3377 1277 3681 1350 ἀλαζονείας
3737 1278 3824 1333 καὶ

2170 1370 2525 1448 ὑπερηφανίας
2595 1376 2699 1426 τῶν
2771 1369 3110 1449 ψευδοσόφων
3200 1367 3413 1449 ἐδείχθη
3499 1365 3827 1424 διδασκάλων

433 1455 537 1533 git,
575 1465 632 1516 et
653 1457 746 1518 his
761 1476 892 1538 quae
924 1458 1131 1518 mundi
1161 1468 1299 1520 sunt
1329 1460 1616 1519 tenaciter
1638 1458 1944 1520 adhmrere
1974 1457 2085 1519 de-

2173 1459 2452 1537 φυόμενον,
2517 1456 2738 1538 δευτέρῳ
2798 1459 2956 1518 πάλιν
3004 1457 3216 1538 ἐλέγχῳ
3285 1459 3574 1538 κέχρηται,
3621 1457 3825 1522 ἀνανῆ-

431 1543 854 1624 pruhenditur,
907 1545 1004 1608 hic
1032 1547 1189 1608 inter
1232 1565 1335 1608 eos
1363 1555 1675 1627 reputetur
1698 1547 1802 1627 qui
1834 1547 2085 1607 maxime

2174 1551 2270 1622 ψαι
2300 1547 2616 1623 βουλόμενος
2643 1553 2741 1615 τῆς
2773 1548 2938 1624 μέθης
2994 1549 3179 1610 αὑτοὺς
3205 1553 3312 1603 τῶν
3339 1548 3590 1604 τοιούτων
3618 1547 3706 1601 καὶ
3733 1554 3826 1603 τοῦ

433 1643 572 1696 sunt
594 1635 700 1697 Dei
727 1636 1276 1711 inimici.Quoniam
1303 1657 1442 1699 vero
1464 1639 1588 1700 haec
1612 1648 1668 1700 et
1689 1658 1865 1700 omne
1880 1639 2085 1718 hujus-

2173 1638 2334 1716 κάρου
2364 1636 2685 1708 ἀπαλλάξαι,
2731 1639 2820 1694 καί
2848 1660 3007 1716 φησιν
3039 1654 3052 1666 ·

437 1724 599 1786 modi
631 1727 848 1787 malum
877 1745 949 1787 ex
976 1728 1126 1788 fastu
1159 1727 1214 1790 ei
1241 1726 1522 1808 superbia
1550 1728 1695 1789 falso
1727 1728 2086 1808 sapientium
2149 1727 2812 1806 praceptorumgortum
2845 1724 3126 1786 habuisse
3155 1733 3462 1786 ostensum
3494 1731 3606 1801 est,
3631 1723 3818 1787 altero

429 1831 668 1875 rursum
700 1826 1048 1895 argumento
1080 1836 1222 1878 usus
1254 1825 1362 1892 est,
1400 1819 1556 1895 ipsos
1586 1836 1619 1878 a
1649 1816 1854 1878 talium
1889 1816 2176 1878 ebrietate
2207 1813 2568 1894 resipiscere
2598 1814 2801 1876 volens
2830 1822 2889 1876 et
2937 1834 2970 1875 a
3002 1813 3246 1895 crapula
3276 1813 3554 1890 liberare,
3606 1821 3667 1874 et
3694 1813 3774 1874 ait
3803 1835 3818 1879 :

504 1901 606 1986 IV,
630 1906 692 1978 5,
725 1906 785 1967 6.
819 1907 916 1966 An
970 1909 1196 1987 putatis
1241 1906 1402 1987 quod
1441 1910 1714 1968 inaniter
1759 1905 2084 1985 Scriptura

2257 1925 2285 1963 (
2328 1913 2372 1963 Η
2403 1903 2612 1961 δοκεῖτε
2641 1905 2721 1961 ὅτι
2751 1909 2916 1970 κενῶς
2957 1908 2992 1973 ἡ
3037 1905 3220 1985 Γραφῦ⁸
3249 1903 3394 1982 λέγει
3423 1905 3554 1983 πρὸς
3579 1904 3767 1984 φθόνον
3801 1919 3818 1981 ;

426 1992 593 2055 dicat
622 1995 704 2056 ad
731 1996 1082 2058 «in-vidtam.’
1123 1995 1510 2077 Concupisez‘t
1559 1997 1812 2076 spiritus
1842 1997 1949 2075 qui
1978 1995 2085 2056 ha-

2175 1991 2454 2050 Ἐπιποθεῖ
2484 1995 2546 2049 τὸ
2575 1995 2805 2068 πνεῦμα,
2857 1994 2916 2050 ὃν
2967 1995 3277 2068 κατῴκησεν
3334 1991 3388 2048 ἐν
3418 2002 3575 2068 ἡμῖν,
3611 1993 3822 2069 μείζονα

430 2081 585 2145 bitat
614 2085 678 2145 in
707 2083 873 2146 vobis
907 2102 919 2146 :
959 2086 1265 2164 majorem
1297 2095 1494 2149 autem
1519 2087 1628 2147 dat
1660 2086 1971 2164 gratiam?

2172 2080 2226 2136 δὲ
2257 2080 2431 2138 δίδωσι
2462 2083 2622 2162 χάριν
2661 2103 2677 2158 ;
2712 2105 2739 2138 ω

510 2171 651 2232 Tale
679 2172 980 2252 quidpiam
1017 2192 1122 2254 per
1151 2175 1277 2235 haec
1303 2173 1624 2254 signiﬁcat,
1653 2191 1760 2254 per
1791 2173 2085 2234 defectum

2255 2171 2472 2228 Τοιοῦτό
2516 2194 2566 2227 τι
2617 2169 2701 2228 διὰ
2753 2171 2950 2228 τούτων
3007 2169 3184 2242 δηλοῖ,
3261 2169 3607 2234 ἐλλειπτικῶς
3667 2171 3822 2252 χρώ-

429 2267 604 2322 utens
649 2280 950 2336 sermone,
1006 2272 1064 2322 et
1094 2282 1327 2324 rursum
1392 2282 1501 2345 per
1531 2281 1702 2325 usum
1762 2261 2085 2324 abbreviati

2174 2279 2330 2334 μενος
2387 2267 2464 2334 τῷ
2528 2258 2697 2339 λόγῳ,
2743 2262 2830 2317 καὶ
2877 2260 3058 2336 πάλιν,
3105 2259 3189 2317 διὰ
3230 2263 3330 2329 τὴν
3386 2270 3478 2320 τοῦ
3520 2282 3824 2337 σδντετμη-

429 2350 617 2411 verbi.
654 2349 756 2412 Ait
783 2369 922 2430 ergo
958 2369 971 2413 :
1007 2351 1132 2431 Ego
1188 2351 1427 2432 quidem
1465 2350 1720 2432 propriis
1753 2350 1955 2413 verbis
1985 2370 2085 2413 re-

2174 2346 2332 2420 μένου
2373 2346 2534 2426 λόγου
2589 2354 2810 2428 χρῆσιν,
2864 2351 3033 2416 Φησὶν
3101 2349 3191 2406 οὖν
3228 2367 3242 2382 °
3306 2349 3450 2429 Ἐγὼ
3517 2350 3615 2426 μὲν
3689 2351 3826 2425 ὑμᾶς

431 2439 724 2519 prehendi
754 2458 856 2500 vos
886 2439 1044 2502 circa
1099 2454 1331 2503 rectum
1390 2449 1447 2502 et
1501 2439 2085 2520 irreprehensibilem

2171 2451 2290 2498 τοῖς
2319 2437 2527 2502 οἰκείοις
2572 2437 2839 2505 ἐπέστησα
2881 2437 3062 2517 λόγοις
3107 2441 3225 2519 περὶ
3265 2440 3326 2494 τὸ
3379 2439 3494 2495 εὐθὺ
3538 2441 3625 2494 καὶ
3681 2438 3822 2494 ἀκα-

427 2547 600 2589 usum
629 2527 939 2608 sapientiae
970 2538 1283 2606 vestrae,ne
1305 2548 1377 2590 ex
1408 2529 1744 2608 arrogantia
1775 2528 2085 2590 abutentes

2170 2526 2474 2604 τάγνωστον
2517 2532 2616 2594 τῆς
2679 2529 2930 2608 χρήσεως
2985 2533 3084 2596 τῆς
3140 2529 3322 2608 σοφίας
3384 2529 3554 2602 ὑμῶν,
3613 2529 3688 2591 ὡς
3758 2526 3821 2582 ἂν

424 2618 574 2698 ipsa,
609 2617 957 2680 adulteretis
1009 2637 1078 2679 ac
1108 2619 1315 2680 dolose
1347 2618 1610 2680 tractetis
1638 2616 1926 2679 doctrinm
1954 2636 2085 2679 ser-

2171 2613 2250 2687 μὴ
2325 2613 2377 2678 ἐξ
2459 2616 2811 2694 ὑπερηφανίας
2880 2617 3294 2697 παραχρώμενοι
3346 2617 3511 2692 ταύτῃ
3577 2616 3817 2682 νοθεύητε

430 2705 861 2777 mone.Quodsi
883 2715 941 2768 et
962 2727 995 2769 a
1025 2706 1332 2788 Scriptura
1360 2705 1471 2768 hoc
1500 2707 1793 2788 expetitis,
1819 2707 1960 2769 469
1979 2727 2086 2768 au-

428 2795 572 2858 dite.
607 2794 752 2857 Nam
815 2797 941 2857 haec
973 2795 1117 2858 dicit
1151 2817 1164 2856 :
1203 2821 1225 2852 ιι
1262 2797 1549 2858 Dominus
1595 2797 1895 2877 superbis;
1926 2797 2082 2860 resi-

423 2884 528 2944 stit
547 2884 873 2965 “uinaque
901 2904 1019 2946 non
1041 2885 1295 2947 absurde
1327 2885 1622 2960 dicebam,
1659 2886 2080 2965 procedentem

423 2991 495 3035 ex
526 2973 804 3053 superbia
830 2982 1236 3055 contemptum
1274 2974 1605 3036 divinorum
1653 2976 1990 3051 dogmatum
2026 2989 2084 3044 et

425 3081 703 3140 magnum
736 3081 874 3142 erga
935 3064 1222 3126 mundum
1277 3063 1559 3137 studium,
1595 3063 1972 3127 inimicitiam
2007 3065 2082 3126 ad

424 3150 614 3212 Deum
648 3152 1030 3214 constituere.
1075 3152 1139 3214 Si
1189 3153 1346 3214 enim
1380 3152 1653 3232 superbis
1681 3153 1927 3230 resistit,
1963 3153 2082 3214 ini-

427 3239 601 3301 micis
631 3249 827 3302 autem
879 3241 1165 3303 resistere
1218 3242 1500 3315 solemus,
1531 3243 1735 3322 utique
1765 3243 1943 3304 etiam
1974 3262 2080 3304 su-

2170 2703 2257 2757 καὶ
2313 2700 2522 2760 δολοϊτε
2572 2705 2665 2760 τὸν
2705 2710 2803 2772 τῆς
2872 2703 3206 2770 διδασκαλίας
3265 2704 3446 2783 λόγον.
3509 2706 3564 2762 Ei
3619 2702 3674 2760 δὲ
3732 2706 3818 2760 καὶ

2169 2789 2274 2846 ἀπὸ
2317 2796 2412 2857 τῆς
2457 2798 2671 2871 Γραφῆς
2720 2801 2875 2850 τουτο
2931 2801 3167 2873 ζητεῖτε,
3213 2793 3454 2856 ἀκούετε,
3513 2790 3656 2859 Αὕτη
3719 2791 3819 2871 γάρ

2165 2899 2295 2956 φησι
2328 2895 2343 2910 ·
2412 2903 2441 2936 ι
2477 2881 2664 2958 Κύριος
2705 2883 3059 2961 ὑπερηφάνοις
3112 2881 3499 2940 ἀντιτάσσεται.
3550 2905 3579 2936 ιι
3654 2880 3820 2936 ’Ὥστε

2166 2966 2261 3023 οὐκ
2313 2967 2563 3034 ἀσκόπως
2623 2968 2777 3050 ἔφην,
2856 2971 2953 3039 τὴν
3023 2969 3076 3038 ἐξ
3131 2971 3482 3052 ὑφερηφανίας
3550 2971 3820 3050 καταφρό-

2167 3077 2316 3123 νησιν
2385 3058 2482 3132 μὲν
2553 3061 2658 3116 τῶν
2713 3060 2806 3116 τοῦ
2866 3062 3052 3140 Κυρίου
3103 3058 3410 3142 δογμάτων,
3467 3061 3819 3117 κατάσπευσιν

2165 3143 2220 3200 δὲ
2268 3149 2398 3226 πρὸς
2442 3149 2532 3204 τὸν
2589 3150 2811 3225 κόσμον,
2873 3148 3068 3230 ἔχθραν
3122 3151 3368 3227 ἐμποιεῖν
3413 3151 3486 3214 εἰς
3544 3149 3697 3211 Θεόν.
3762 3150 3820 3206 Εἴ

2166 3235 2265 3314 γὰρ
2293 3250 2411 3300 τοῖς
2447 3239 2803 3318 ὑπερηφάνοις
2862 3239 3251 3321 ἀντιτάσσεται,
3304 3239 3521 3320 ἐχθροῖς
3577 3237 3633 3294 δὲ
3689 3238 3818 3295 εἰώ-

427 3327 594 3410 perbi
627 3328 786 3391 inter
842 3329 1120 3390 inimicos
1183 3331 1600 3392 connumerari
1637 3310 1894 3394 .debent.
1954 3331 2082 3394 Non

2168 3328 2328 3400 θαμεν
2386 3325 2805 3407 ἀντιτάσσεσθαι,
2854 3329 3066 3392 πάντως
3109 3351 3210 3388 που
3275 3329 3364 3385 καὶ
3421 3330 3468 3385 οἱ
3537 3328 3816 3408 ὑπερήφα-

429 3417 590 3478 enim
617 3417 875 3478 inaniter
906 3424 1005 3478 aut
1031 3437 1201 3498 vane,
1235 3419 1324 3480 vel
1347 3421 1417 3480 ad
1451 3419 1754 3493 invidiam,
1780 3418 2085 3500 Scriptura

2168 3437 2242 3470 νοι
2297 3413 2350 3470 ἐν
2405 3416 2526 3480 τοῖς
2585 3414 2805 3496 ἐχθροῖς
2849 3415 3305 3496 καταλογισθετεν.
3365 3419 3438 3474 Οὑ
3491 3418 3592 3496 γὰρ
3646 3417 3813 3482 κενῶς

425 3506 693 3568 difﬁcilia
720 3507 889 3569 nobis
913 3517 965 3570 et
990 3509 1147 3572 vires
1170 3518 1401 3570 nostras
1415 3509 1766 3571 excedentia
1791 3522 2084 3592 praecepta

2168 3501 2282 3569 ἤτοι
2314 3504 2574 3578 ματαίως,
2609 3505 2642 3572 ἢ
2700 3507 2830 3584 πρὸς
2871 3506 3058 3584 φθόνον
3114 3507 3149 3574 ἡ
3193 3512 3230 3562 Γ
3235 3506 3374 3586 ραφὴ
3429 3505 3496 3563 τὰ
3550 3505 3811 3584 ἀμήχανα

427 3595 708 3676 publicat,
746 3597 850 3659 sed
911 3598 1068 3678 quod
1124 3599 1510 3679 concupiscat
1565 3598 1688 3660 sive
1720 3608 1950 3679 expetat
1979 3619 2085 3664 sua

2168 3593 2296 3667 ἡμῖν
2325 3594 2413 3648 καὶ
2459 3592 2802 3650 ἀποτείνοντα
2857 3594 2955 3663 τὴν
3013 3595 3273 3673 ἡμετέραν
3329 3592 3546 3671 δύναμιν
3599 3617 3812 3674 παραγ-

424 3685 832 3746 exhortatione
856 3686 1288 3750 inhabitantem
1318 3688 1376 3748 in
1400 3685 1572 3748 nobis
1588 3688 1832 3764 gratiam
1865 3707 1878 3751 :
1903 3708 2077 3769 quam

2168 3679 2402 3760 γέλματα
2468 3681 2780 3762 διαγορεύει,
2853 3682 2972 3740 ἀλλ’
3027 3684 3370 3759 ὲπιποθοῦσα,
3431 3683 3549 3752 ἤτοι
3620 3685 3812 3756 ἐπιζη-

422 3772 528 3834 ubi
553 3793 658 3853 per
674 3774 1040 3855 spiritualem
1061 3776 1407 3837 modestiam
1429 3775 2077 3856 inveneritoperantem

2168 3781 2326 3830 τοῦσα
2395 3773 2493 3840 τὴν
2562 3771 2646 3828 διὰ
2700 3775 2800 3840 τῆς
2859 3772 3245 3852 παρακλήσεως
3301 3774 3465 3842 αὑτῆς
3509 3773 3815 3852 ἐγκατοικι-

419 3861 481 3923 in
531 3862 726 3937 nobis,
763 3866 1050 3942 majorem
1086 3863 1184 3925 dat
1237 3865 1514 3945 gratiam.
1578 3864 1779 3946 Itaque
1810 3865 1859 3927 si
1919 3867 2082 3930 Scri-

423 3959 610 4031 ptura;
633 3951 1348 4034 obtemperatis,humiles
1369 3975 1469 4017 vos
1491 3955 1724 4018 reddite
1749 3956 2084 4037 etjabjectos

428 4059 625 4102 coram
658 4041 933 4126 Domino,
959 4053 1017 4105 et
1040 4043 1356 4106 invenietis
1377 4045 1625 4123 gratiam
1650 4064 1756 4126 per
1773 4047 2080 4119 exaliatio-

423 4147 560 4215 nem
596 4128 777 4194 illius.
815 4123 1173 4212 ’Υπερηφανία
1215 4143 1414 4194 autem
1471 4123 1675 4194 vitium
1725 4143 1814 4195 est
1849 4139 2084 4215 penitus

425 4214 850 4297 inﬂans,quam
885 4219 1204 4282 elationem
1233 4220 1526 4282 dicimus:
1565 4230 1623 4284 et
1652 4214 1947 4286 diﬂertiab
1977 4245 2081 4287 ar-

423 4305 859 4387 rogantia,quae
889 4309 1067 4384 οἴῃσις
1126 4309 1365 4384 dicitur,
1433 4312 1712 4391 quoniam
1751 4312 1847 4372 illa
1885 4313 1958 4375 de
1991 4316 2084 4377 his

2166 3860 2394 3937 ζομένην
2432 3864 2569 3937 ἡμῖν
2628 3862 2787 3942 χάριν
2821 3881 2838 3898 ο
2897 3864 3199 3942 εὑρίσκοντα
3254 3861 3309 3919 δὲ
3362 3864 3562 3931 ταύτην
3604 3863 3818 3943 ἐνεργον

2165 3949 2220 4005 ἐν
2247 3953 2385 4026 ἡμῖν
2415 3949 2499 4008 διὰ
2532 3956 2631 4018 τῆς
2684 3951 3060 4033 ταπεινώσεως
3117 3957 3214 4019 τῆς
3254 3955 3644 4033 πνευματικῆς,
3705 3953 3822 4029 μεί-

2164 4047 2289 4111 ζονα
2318 4038 2492 4097 δίδωσι
2523 4040 2704 4120 χάριν,
2757 4031 2932 4098 υΩστε
2989 4043 3034 4097 εἰ
3090 4042 3349 4111 πειθήνιοι
3401 4041 3518 4098 ἐστε
3564 4031 3638 4119 τῇ
3678 4047 3820 4122 Γρα-

2165 4139 2261 4211 φῇ,
2331 4132 2690 4199 ταπεινώθητε
2746 4132 2971 4190 ἐνώπιον
3054 4139 3146 4189 τοῦ
3203 4138 3358 4210 Θεοῦ,
3431 4133 3518 4189 καὶ
3573 4133 3821 4212 εὑρήσετε

2166 4222 2263 4289 τὴν
2306 4220 2391 4277 διὰ
2436 4226 2534 4289 τῆς
2591 4223 2750 4279 αὑτοῦ
2805 4223 3059 4298 ὑψώσεως
3103 4222 3283 4303 χάριν.
3348 4213 3706 4302 Τπερηφανία
3763 4221 3819 4278 δέ

2166 4311 2304 4367 ἐστιν
2346 4312 2380 4378 ἡ
2423 4312 2497 4377 εἷς
2561 4309 2712 4376 τέλος
2771 4312 3049 4390 ἐπηρμένη
3108 4311 3289 4391 κακία,
3346 4309 3659 4392 διαφέρουσα
3713 4315 3815 4381 τῆς

427 4411 559 4473 qua:
590 4394 770 4457 habet
804 4397 1123 4479 extollitur,
1159 4399 1283 4460 haac
1315 4405 1510 4460 autem
1544 4401 1618 4462 de
1650 4401 1742 4462 bis
1772 4421 1902 4481 quae
1923 4404 2080 4464 nullo

2168 4403 2410 4477 οἰήσεως,
2457 4399 2538 4456 ὅτι
2593 4402 2629 4469 ἡ
2691 4401 2787 4477 μὲν
2843 4402 2928 4458 ἐπὶ
2975 4399 3336 4480 ὑπηργμένοις
3399 4401 3536 4478 αὑτῇ
3604 4421 3812 4458 κατεπ-

421 4483 598 4544 modo
631 4482 745 4543 sibi
775 4486 1145 4564 contingunt.
1217 4487 1499 4568 Opposita
1531 4508 1670 4550 vero
1729 4509 1761 4552 e
1791 4491 2081 4555 diametro

2168 4491 2386 4570 αίρεται,
2419 4492 2454 4558 ἡ
2499 4490 2679 4558 οἴησις
2723 4489 2778 4547 δὲ
2821 4492 2909 4548 ἒπὶ
2964 4489 3222 4567 μηδαμῶς
3277 4490 3596 4570 ὑπάρχουσι.
3667 4491 3814 4548 Κατά

421 4571 731 4659 humilitas
761 4574 883 4634 sive
912 4575 1094 4636 animi
1119 4551 1406 4638 modestia
1429 4596 1706 4657 magnum
1727 4577 1944 4641 bonum
1969 4591 2076 4646 est.

2168 4551 2441 4657 διάμετρον
2470 4578 2524 4636 δὲ
2579 4582 2614 4650 ἡ
2673 4580 2883 4659 ἀτυφία,
2929 4551 3048 4648 ἦτοι
3091 4551 3459 4654 ταπείνωσιςῗ
3477 4578 3616 4658 μέγα
3671 4579 3814 4658 ἀγα-

419 4658 493 4720 Et
510 4660 801 4754 quoniam
834 4672 1153 4745 utrumque
1181 4666 1510 4727 voluntarie
1555 4667 1742 4745 nobis:
1769 4670 2077 4754 contingit,

2168 4669 2251 4726 θόν
2321 4671 2455 4732 ἔστι,
2505 4671 2602 4726 Καὶ
2671 4658 2854 4737 ἐπειδὴ
2899 4669 3170 4749 ἀμφότερα
3226 4676 3606 4749 προαιρετιοιῶς
3677 4671 3815 4746 ἡμῖν

422 4749 697 4840 quisquis
732 4770 838 4831 per
868 4755 1261 4833 arrogantiam
1311 4755 1573 4835 seipsum
1606 4757 1840 4834 exaltat,
1874 4749 2085 4840 prater

2168 4759 2453 4838 ἐγγίνεται,
2481 4765 2583 4823 πᾶς
2616 4761 2643 4816 ὁ
2672 4760 2807 4815 κατά
2854 4757 3157 4829 ἀλαζονείαν
3215 4759 3363 4834 ὑψῶν
3423 4759 3630 4832 ἑαυτὸν,
3685 4760 3817 4839 πρὸς

417 4837 534 4928 hoc
558 4840 714 4919 quod
730 4860 762 4900 a
793 4841 1047 4904 Domino
1071 4844 1503 4905 condemnatus
1521 4837 1888 4928 est,insuper
1905 4850 2080 4912 etiam

2168 4855 2240 4922 τῷ
2267 4849 2368 4903 ὑπὸ
2401 4849 2585 4927 Κυρίου
2617 4852 3051 4927 κατακεκρϊσθαι,
3109 4845 3184 4903 ἔτι
3228 4844 3289 4902 δὲ
3334 4857 3671 4908 ταπεινοῦται
3727 4847 3816 4906 ὑπ’

418 4925 491 4988 ab
525 4927 652 5008 ipso
687 4930 1069 4996 humiliatur:
1112 4933 1366 4994 exaltato
1418 4953 1524 5013 per
1573 4925 1947 4998 occasionem
1981 4939 2080 5001 illo

422 5016 522 5096 qui
540 5017 821 5108 seipsum
855 5041 924 5082 ex
947 5022 1131 5084 animi
1181 5023 1476 5084 modestia
1499 5023 1800 5104 dejecerat
1831 5044 1842 5087 :
1880 5035 2082 5108 utpote

2163 4941 2340 5013 αὐτοῦ,
2373 4937 2667 5013 ὑψουμένου
2710 4937 2763 4993 ἐν
2793 4942 2959 5016 καιρῷ
2999 4936 3092 4993 τοῦ
3142 4936 3279 4992 κατά
3347 4937 3565 5017 ἀτυφίαν
3621 4958 3816 4994 ταπει-

2163 5026 2427 5091 νώσαντος
2471 5027 2678 5101 ἑαυτὸν,
2711 5027 2803 5084 ἆίτε
2829 5033 2934 5082 τῶν
2962 5025 3048 5082 ἐπ’
3077 5026 3210 5102 αὐτῇ
3247 5023 3418 5082 ἄθλων
3462 5026 3814 5106 ξεναγούντων

2166 5117 2257 5170 τὸν
2300 5115 2636 5194 κεχρημένον
2664 5095 2808 5194 ’πρὸς
2841 5116 2973 5191 ὕψος
3015 5095 3392 5192 πνευματικόν.
3432 5139 3461 5171 α
3514 5095 3574 5173 ,‘H
3597 5095 3812 5173 ’δοκεῖτε

423 5122 488 5166 ea
519 5106 691 5179 duce,
755 5112 1183 5173 certaminibus
1231 5112 1600 5192 spiritualem
1661 5106 2078 5179 sublimitatem

423 5194 883 5286 conciliantibus
914 5201 998 5261 illi
1031 5201 1134 5281 qui
1187 5202 1245 5262 in
1290 5202 1384 5262 his
1418 5221 1551 5264 sese
1601 5203 1888 5267 exercuit.
1931 5232 1957 5260 α
1992 5209 2082 5269 An

2168 5204 2248 5261 ὅτι
2277 5206 2443 5267 κενῶς
2472 5207 2506 5272 ἡ
2539 5205 2720 5284 Γραφθ⁸
2751 5204 2917 5286 λέγει,
2952 5205 2987 5274 ἢ
3017 5207 3148 5284 πρὸς
3178 5206 3363 5285 φθόνον
3394 5225 3410 5286 ;
3451 5229 3474 5260 ι)
3510 5204 3668 5264 Οὐδὲν
3696 5207 3814 5262 τού-

421 5282 640 5374 putatis
666 5286 822 5366 quod
848 5287 1103 5350 inaniter
1155 5290 1464 5370 Scriptura
1513 5291 1693 5373 dicat,
1728 5301 1825 5354 aut
1843 5293 1914 5355 ad
1945 5295 2085 5356 invi.

2168 5317 2294 5356 των,
2341 5293 2492 5350 Ἀλλ’
2538 5282 2782 5352 ἐπιποθεῖ
2811 5282 2933 5362 ἤτοι
2965 5282 3211 5365 ἐπιζητεῒ
3237 5296 3334 5364 τὴν
3378 5293 3462 5351 διὰ
3491 5300 3587 5362 τῆς
3630 5316 3810 5374 παρα-

419 5370 576 5465 diam
599 5371 629 5432 ?
661 5375 889 5465 »_Nihi_l
911 5377 1142 5465 horum,
1181 5379 1282 5440 sed
1308 5370 1688 5461 concupiscit
1711 5382 1832 5444 sive
1868 5387 2085 5465 expetit

2168 5383 2410 5453 κλήσεως
2470 5387 2633 5452 αὐτῆς
2692 5385 3186 5462 ἐγκατοικισθεῖσαν
3230 5386 3356 5462 ὑμῖν
3414 5384 3599 5464 χάριν,
3649 5374 3813 5441 ιἘστι

421 5459 664 5535 gratiam
699 5461 760 5522 in
795 5463 961 5525 vobis
996 5483 1100 5546 per
1123 5486 1289 5528 suam
1323 5459 1793 5532 exhortationem
1828 5459 2083 5554 inhabi-

2168 5474 2221 5530 δὲ
2265 5473 2450 5550 ὅμοιον
2479 5476 2614 5531 κατὰ
2662 5474 3032 5542 ἀποσιώπησιν
3083 5479 3182 5540 τῆς
3239 5474 3557 5553 ἀναιρέσεως
3599 5480 3677 5548 τῷ
3731 5473 3817 5532 ἰπὶ

499 5629 558 5680 4³
587 5632 611 5693 l
637 5630 798 5711 Petr,
825 5651 886 5713 v,
921 5637 980 5698 5.
