4136 6416
291 391 412 458 497

1280 400 1676 466 COMMENT.
1725 400 1808 463 IN
1851 394 2094 460 EPIST.
2140 395 2464 461 CATHOL.
2509 396 2790 463 JACOBI.

3569 406 3684 472 498

285 534 379 583 τοῦ
422 523 543 583 Ἱώϐ
576 546 589 560 ·
638 528 755 586 Οἷέι
800 551 866 605 με
907 530 1082 598 ἄλλως
1115 555 1199 589 σοι
1228 535 1709 614 κεχρηματικέναι,
1760 536 1794 604 ἢ
1851 534 1925 590 ’ίνι

2029 537 2274 620 tantem.
2308 533 2415 594 Est
2448 542 2642 595 autem
2677 533 2874 596 simile
2905 552 3014 615 per
3039 535 3413 599 reticentiam
3435 557 3690 620 respon-

285 615 556 696 ἀναφανῇς
586 614 785 681 δίκαιος
819 639 834 699 ς
889 621 986 678 Καὶ
1029 622 1128 700 γὰρ
1177 623 1393 680 ἐνταῦθα
1421 625 1454 691 ἡ
1499 623 1782 698 ἀναίρεσις,
1845 626 1937 700 Οὔ,

285 701 372 760 διὰ
433 711 590 762 τοῦτο
647 705 1022 778 ἁπεσιωπήθη.
1102 733 1124 766 α
1192 709 1471 768 Ἐπιποθετ
1519 713 1580 770 τὸ
1631 723 1855 788 πνεῦμα.
1910 737 1932 771 n

287 799 500 869 Πνεῦμα
531 795 630 862 τὴν
669 795 874 871 ἀγαθήν
917 821 1046 878 φησι
1076 803 1395 880 προαίρεσιν,
1430 803 1504 864 ὡς
1552 803 1639 857 καὶ
1687 805 1715 858 ὁ
1778 801 1944 859 Δαυΐὲ

285 905 415 961 φησι
451 898 465 912 ⁶
526 906 550 937 α
601 886 864 961 Πνεύματι
909 889 1234 966 ἡγεμονικῷ.
1288 915 1310 946 ι)
1362 890 1627 956 Τουτέστι,
1686 893 1939 971 προαιρέ-

284 991 364 1027 σει
394 979 695 1050 Δεσποτικῇ
737 981 841 1030 τῶν
904 980 1106 1039 παθῶν,
1155 981 1252 1036 Καὶ
1300 989 1504 1054 πνεῦμα
1560 981 1726 1054 εὐθὲς,
1801 1003 1938 1061 προ-

285 1059 481 1139 αίρεσιν
509 1059 712 1118 εὐθεῖαν
724 1110 735 1122 .

371 1349 396 1380 α
477 1317 811 1408 Ὑποτάγητε
880 1332 970 1388 οὗν
1012 1338 1091 1406 τῷ
1134 1341 1271 1410 Θεῷ.
1319 1334 1625 1404 Ἀντίστητε
1667 1344 1743 1412 τῷ
1811 1337 1931 1393 δια-

279 1413 448 1490 ϐόλῳ,
519 1418 607 1473 καὶ
663 1419 900 1498 φεύξεται
959 1420 1050 1501 ἀφ’
1091 1423 1260 1498 ὑμῶν,
1317 1423 1586 1503 Ἐγγίζετε
1643 1433 1720 1501 τῷ
1791 1433 1928 1500 Θεῷ,

280 1506 368 1561 καὶ
452 1504 628 1584 ἐγγιεῖ
709 1509 859 1584 ὑμῖν.
938 1513 1259 1588 Καθαρίσατε
1327 1528 1542 1594 χεῖρας,
1605 1515 1929 1595 ἁμαρτωλοὶ,

280 1596 368 1650 καὶ
463 1595 711 1672 ἁγνίσατε
809 1596 1044 1672 καρδίας,
1143 1600 1377 1681 δίψυχοι,
1480 1602 1931 1682 Ταλαιπι-›ρήσατε

279 1684 369 1739 καὶ
435 1687 733 1754 πενθήσατε
798 1689 884 1744 καὶ
939 1688 1220 1750 κλαύσατε.
1285 1684 1342 1749 Ὀ
1401 1691 1570 1770 γέλως
1642 1695 1786 1769 ὑμῶν
1858 1698 1929 1760 εἰς

2025 618 2231 697 sionis,
2268 620 2423 683 sicut
2451 620 2598 682 illud
2623 621 2682 682 in
2730 620 2842 683 Job
2877 645 2890 680 :
2947 626 3121 685 Putas
3145 643 3240 686 me
3283 625 3398 688 alio
3430 618 3552 689 line
3580 629 3687 694 tibi

2025 709 2406 789 respondisse
2436 728 2609 790 quam
2647 717 2710 770 ut
2733 711 2930 790 justus
2949 730 3240 793 appareas
3259 712 3289 773 ?
3309 713 3545 778 Etenim
3571 718 3686 780 hoc

2024 796 2153 888 loco
2169 799 2480 888 responsio
2504 817 2516 862 :
2542 801 2705 888 Non,
2725 817 3009 880 expressa
3029 821 3146 862 non
3179 811 3291 866 est.
3331 824 3359 863 (ί
3384 805 3685 888 Concupi-

2025 886 2138 947 scit
2166 887 2429 968 spiritus.
2466 912 2494 945 ι
2531 887 2815 969 Spiritum
2850 889 2994 951 dicit
3035 890 3256 962 bonum
3291 886 3679 973 propositum,

2023 977 2524 1055 quemadmodum
2559 978 2734 1040 etiam
2767 977 2953 1040 David
2985 978 3166 1042 dicit:
3195 1005 3221 1034 α
3249 978 3476 1062 Spiritu
3508 985 3681 1064 prin-

2021 1065 2197 1146 cipali
2223 1064 2317 1129 ‘3:
2351 1091 2374 1124 »
2403 1067 2516 1129 hoc
2539 1075 2628 1128 est
2676 1067 2913 1130 Domini
2946 1069 3245 1131 voluntate
3274 1089 3389 1151 qua
3419 1073 3681 1136 immittit

2022 1154 2390 1218 alilictiones.
2428 1157 2504 1220 Et
2555 1155 2828 1237 spiritum
2881 1165 3112 1220 rectum
3145 1159 3290 1221 dicit
3323 1161 3674 1225 voluntatem

2017 1252 2268 1307 rectam.

2095 1332 2196 1408 IV,
2234 1333 2412 1394 7-l3.
2471 1333 2725 1396 Subditi
2780 1353 2932 1414 ergo
2971 1342 3156 1400 estote
3205 1339 3348 1402 De‘o.
3395 1339 3678 1404 Resistite

2013 1422 2274 1502 diabolo,
2307 1432 2363 1486 et
2391 1424 2592 1504 fugiet
2635 1443 2673 1486 α
2727 1424 2917 1488 vobis.
2971 1427 3482 1509 ApprOpinquate
3528 1430 3672 1507 Deo,

2012 1519 2066 1572 et
2099 1513 2606 1592 appropinquabit
2637 1512 2821 1576 vobis.
2884 1513 3233 1578 Emundate
3263 1535 3502 1593 manus,
3536 1537 3676 1599 pec-

2013 1607 2264 1672 catores,
2299 1608 2355 1663 et
2381 1602 2706 1680 puriﬁcate
2737 1603 2878 1662 470
2906 1603 3113 1678 corda,
3146 1605 3410 1685 duplices
3439 1608 3672 1670 animo.

2013 1688 2380 1769 Afﬂigimini
2410 1698 2467 1751 et
2514 1691 2717 1771 lugete
2745 1709 2818 1753 ac
2859 1694 3122 1772 plomte.
3173 1694 3358 1757 Risus
3387 1705 3581 1758 vester
3609 1699 3672 1759 in

278 1771 466 1838 πένθος
502 1779 967 1870 μεταστραφήτω,
1033 1781 1120 1836 καὶ
1191 1783 1224 1849 ἡ
1282 1783 1427 1862 χαρᾶ
1483 1784 1554 1847 εἷς
1613 1786 1924 1865 κατήφειαν.

2014 1777 2239 1841 luctum
2286 1786 2706 1855 convertatur,
2767 1787 2823 1842 ct
2860 1771 3159 1858 gaudium
3207 1785 3274 1844 in
3329 1801 3670 1849 maerorem.

279 1862 653 1931 Ταπεινώθητε
734 1865 958 1923 ἐνώπιον
1055 1877 1147 1926 τοῦ
1251 1871 1455 1950 Κυρίου,

277 1952 434 2042 ὑμᾶςῗ
490 1955 613 2042 ,Μὴ
705 1954 1059 2042 καταλαλεῖτε
1157 1958 1429 2034 ἀλλήλων,
1542 1959 1779 2042 ἀδελφοί,
1872 1955 1928 2021 εΟ

279 2039 598 2133 καταλαλῶν
660 2041 928 2133 -ὰδελφοῦ,
1033 2049 1119 2103 καὶ
1219 2050 1407 2127 κρίνων
1513 2052 1602 2106 τὸν
1685 2039 1930 2133 ’ἀδελφὸν

281 2129 460 2206 αὐτοῦ,
519 2131 818 2191 καταλαλεῖ
865 2135 1048 2211 νόμου,
1123 2139 1210 2194 καὶ
1266 2139 1426 2215 κρίνει
1499 2151 1680 2218 νόμον.
1749 2144 1803 2198 Εἰ
1846 2129 1928 2198 ’δὲ

279 2219 443 2310 νόμον
486 2221 695 2302 κρίνεις,
732 2225 827 2280 οὐκ
859 2225 914 2281 εἴ
944 2227 1174 2294 ποιητὴς
1205 2228 1389 2304 νόμου,
1423 2228 1559 2288 ἀλλὰ
1586 2232 1794 2310 κριτής.
1830 2235 1927 2294 Εἷς

280 2306 430 2366 ἐστιν
459 2311 487 2366 ὁ
519 2311 806 2387 νομοθέτης
851 2316 879 2370 ὁ
910 2312 1194 2392 δυνάμενος
1224 2324 1394 2376 σῶσαι
1425 2322 1514 2377 καὶ
1543 2306 1822 2381 ἀπολέσαι.
1856 2323 1930 2378 Σὺ

279 2397 354 2464 τίς
384 2397 462 2486 εἶὲ
496 2400 553 2464 ὃς
585 2402 774 2480 κρίνεις
803 2404 894 2459 τὸν
921 2403 1096 2484 ἕτερον
1131 2425 1147 2486 ς
1189 2429 1212 2464 ι

367 2508 395 2547 (
445 2481 1260 2578 Ἀγνίσατεκαρδίαςίδίψυχοι.
1302 2515 1332 2556 )
1381 2500 1658 2580 Διψύχους
1689 2501 1777 2558 καὶ
1820 2499 1929 2557 ἅνω

277 2579 364 2634 καὶ
394 2578 610 2669 ἐνταιῖθα
662 2582 784 2644 τοὺς
840 2584 918 2659 μὴ
963 2582 1078 2642 καθ’
1135 2585 1226 2642 ἕνα
1268 2587 1462 2665 τρόπον
1674 2591 1927 2669 αἱρουμέ-

275 2687 393 2732 ν)υς
466 2666 635 2759 λέγει,
708 2669 845 2728 ἀλλὰ
902 2673 1192 2753 ἀγομένους
1249 2678 1336 2734 καὶ
1377 2666 1816 2759 περιφερομένους
1873 2681 1928 2736 ἐν

273 2761 341 2832 τῇ
397 2755 578 2830 κυϐείᾳ
637 2765 746 2815 τῶν
814 2763 1123 2842 ἀνθρώπων.
1183 2764 1256 2823 Οὐ
1311 2765 1410 2844 γάρ
1456 2769 1553 2823 εἰσι
1611 2769 1926 2848 μονότροποι

274 2843 329 2900 ἐν
360 2845 498 2921 οἴκῳ
523 2848 626 2904 ὑπὸ
659 2854 843 2929 Κυρίου
883 2843 1333 2930 κατοικιζόμενοις
1392 2845 1521 2914 "Ott
1573 2855 1627 2914 δὲ
1659 2843 1812 2937 ψυχὴ
1840 2861 1927 2916 καὶ

1561 1873 1648 1929 καὶ
1729 1875 1928 1948 ὑψώσει

2015 1867 2421 1944 Dejiciamini
2451 1885 2655 1930 coram
2695 1867 2977 1950 Domino,
3019 1871 3076 1932 et
3102 1870 3395 1934 exaltabit
3427 1891 3552 1936 vos.
3585 1873 3676 1935 Ne

2011 1955 2354 2018 detrahatis
2385 1955 2550 2017 vobis
2600 1957 2888 2031 invicem,
2939 1957 3185 2036 fratres.
3250 1959 3365 2033 Qui
3412 1960 3674 2023 detrahit

2005 2045 2222 2121 fratri,
2284 2047 2505 2125 quique
2538 2046 2783 2122 judicat
2841 2047 3103 2124 fratrem
3152 2066 3354 2123 suum,
3404 2050 3671 2113 detrahit

2016 2133 2137 2213 legi
2158 2141 2214 2198 et
2221 2135 2464 2212 judicat
2495 2133 2708 2216 legem.
2748 2135 2918 2208 Quod
2951 2140 3007 2195 si
3046 2137 3284 2214 iudicas
3304 2137 3519 2220 legem,
3553 2157 3672 2202 non

2011 2241 2069 2284 es
2099 2223 2446 2286 observator
2479 2223 2648 2303 legis,
2686 2225 2790 2285 sed
2833 2225 3048 2304 judex.
3090 2223 3290 2287 Unum
3319 2235 3407 2290 est
3438 2227 3670 2306 legisla-

2014 2319 2110 2374 tor
2141 2315 2248 2392 qui
2274 2312 2738 2392 potest;salvare
2767 2319 2823 2376 et
2851 2313 3130 2394 perdere.
3174 2314 3258 2376 Tu
3281 2318 3387 2396 qui
3429 2335 3514 2397 es,
3567 2318 3673 2396 qui

2012 2399 2204 2463 alium
2222 2403 2465 2482 judicas
2483 2405 2511 2462 ?

2098 2515 2125 2545 α
2159 2490 2472 2552 Purilicate
2525 2489 2728 2565 corda,
2761 2489 3031 2573 duplices
3065 2494 3287 2554 animo.
3331 2515 3353 2550 υ
3389 2491 3672 2572 Duplices

2009 2578 2209 2641 animo
2240 2589 2406 2641 vocat
2439 2587 2497 2642 et
2546 2579 2658 2640 hoc
2681 2579 2811 2641 loco
2841 2588 2898 2642 et
2927 2580 2987 2640 in
3013 2580 3423 2662 superioribus
3443 2601 3546 2644 eos
3571 2583 3671 2663 qui

2009 2687 2126 2728 non
2160 2677 2322 2730 certo
2355 2668 2534 2731 modo
2592 2667 2790 2729 vivere
2829 2668 3050 2743 volunt,
3078 2671 3181 2733 sed
3210 2679 3461 2749 aguntur
3489 2690 3557 2733 ac
3578 2673 3671 2734 fe-

2007 2765 2219 2818 runtur
2237 2757 2297 2818 in
2324 2757 2582 2838 nequitia
2603 2757 3154 2840 hominum.Neque
3178 2759 3337 2821 enim
3350 2778 3468 2821 uno
3491 2760 3670 2823 modo

2009 2846 2279 2907 habitant
2307 2847 2366 2908 in
2399 2851 2579 2908 domo
2611 2847 2720 2908 sub
2752 2846 3030 2911 Domino.
3055 2849 3222 2920 Quod
3246 2857 3441 2910 autem
3475 2851 3672 2912 anima

271 2934 306 3002 ἡ
338 2935 450 3023 ζωή
479 2933 713 3018 λέγεται³
747 2941 940 3006 ἱκανῶς
969 2943 1031 2998 τὸ
1081 2942 1135 2998 ἐν
1195 2941 1317 3001 Ἰὼϐ
1367 2947 1510 3020 ἡμᾶς
1568 2933 1780 3021 διδάξειξ
1837 2950 1921 3023 τὸ⁷

2013 2935 2184 2996 etiam
2219 2935 2332 2996 vita
2349 2935 2605 3023 dicatur,
2639 2935 3010 2998 sufﬁcienter
3061 2956 3170 2999 nos
3198 2939 3261 3000 in
3289 2939 3400 2999 Job
3434 2938 3673 3002 docebit

273 3022 544 3116 q-Aépuat
563 3027 692 3104 ὑπὲρ
735 3025 1014 3105 δέρματος,
1046 3033 1133 3088 καὶ
1153 3032 1326 3091 πάντα
1351 3032 1450 3091 ὅσα
1477 3033 1595 3115 ἔχει
1627 3022 1920 3116 ἄνθρωπος

2013 3023 2180 3116 illud.
2220 3022 2479 3116 «Pellem
2514 3042 2619 3104 pro
2651 3024 2898 3116 pelle,et
2929 3025 3131 3116 omnia
3156 3044 3526 3116 quaecunque
3557 3026 3671 3088 lia-

461 3114 590 3194 ὑπὲρ
631 3122 730 3184 τῆς
775 3123 960 3199 ψυχης
991 3124 1167 3180 αὐτοῦ.
1219 3146 1247 3177 ιο
1309 3157 1385 3168 --—
1452 3147 1472 3178 ι
1509 3110 1610 3192 ’Μὴ
1640 3110 1925 3184 καταλεττε

2013 3111 2506 3215 betbomodabit
2537 3131 2643 3193 pro
2675 3113 2874 3215 anima
2901 3133 3014 3215 sua
3037 3115 3160 3178 44.»
3197 3151 3275 3160 -
3312 3117 3435 3178 «ΝΘ
3466 3115 3666 3215 detra-

269 3200 542 3293 ἆλλήλων.
594 3227 621 3260 ι
685 3205 815 3265 Οῒδε
854 3209 954 3276 τὴν
983 3211 1341 3291 ὑπερηφανίαν
1385 3211 1438 3278 εξ
1492 3213 1780 3293 ὑπεροψίας
1839 3218 1925 3273 καὶ

2013 3201 2164 3264 hatis
2195 3202 2359 3264 vobis
2391 3202 2667 3264 invicem.
2706 3227 2727 3258 ι
2787 3201 2959 3264 Novit
2986 3203 3197 3265 fastum
3231 3223 3298 3265 ac
3328 3203 3666 3284 superbiam

266 3291 596 3358 καταλαλιᾶς
665 3297 800 3354 κατὰ
869 3299 977 3356 τῶν
1038 3299 1284 3358 ἐπιεικῶν
1340 3315 1510 3361 κινεῖν
1583 3304 1699 3369 τοὺς
1760 3305 1924 3382 ταύτῃ

2013 3291 2157 3353 oriri
2187 3310 2259 3353 ex
2289 3298 2635 3371 contemptu
2691 3297 2751 3354 et
2777 3290 3146 3354 detractione
3178 3293 3465 3354 adversns
3495 3311 3669 3354 man-

265 3381 582 3460 χρωμένους
633 3383 990 3465 ἐπειγομένην
1038 3391 1112 3452 εἷς
1173 3389 1408 3458 παντελῆ
1466 3391 1664 3449 τούτων
1696 3379 1922 3469 ,ἐξουδέέ-

2013 3389 2227 3461 suetos,
2263 3399 2395 3462 quae
2424 3379 2677 3462 impellit
2725 3398 2829 3442 eos
2871 3381 2971 3461 qui
2997 3381 3128 3462 ipsa
3156 3389 3401 3444 utuntur
3429 3381 3500 3443 ad
3535 3383 3666 3462 ple-

267 3492 451 3535 νωσιν.
495 3473 690 3531 Τούτου
747 3475 837 3532 οὖν
892 3475 1113 3556 ἀπάγων
1171 3481 1380 3560 αὐτοὺς⁷
1433 3478 1518 3537 διὰ
1565 3487 1671 3538 τῶν
1701 3504 1920 3561 προκειο

2013 3489 2149 3561 num
2183 3471 2394 3532 horum
2426 3469 2986 3561 contemptum._7A_b
3016 3472 3128 3533 hoc
3157 3471 3335 3561 igitur
3363 3471 3524 3561 ipsos
3544 3470 3666 3561 Aab-

271 3562 446 3636 μένων
505 3567 839 3645 σωφρονίζειν
916 3569 1160 3645 βούλεται
1232 3557 1402 3650 λέγων
1433 3589 1447 3602 ⁸
1517 3593 1540 3627 ι
1617 3557 1925 3633 Καταλαλετ

2013 3559 2370 3640 ducens,per
2392 3577 2458 3621 ea
2471 3577 2604 3640 qua“:
2616 3559 2712 3620 hic
2734 3557 3132 3639 subjiciuntur
3147 3560 3267 3622 vult
3289 3579 3393 3622 eos
3411 3559 3667 3622 reddere

271 3651 436 3726 νόμου
466 3654 750 3742 καὶ-κρίνει
795 3657 980 3734 νόμον.
1015 3683 1037 3714 ι
1075 3657 1217 3717 ’Λντὶ
1245 3668 1337 3718 τοῦ
1370 3663 1702 3742 Κατακρίνει,
1739 3673 1921 3721 Κατα-

265 3755 472 3830 φρονεϊ.
564 3732 621 3800 Ὀ
704 3746 804 3824 γὰρ
862 3732 1211 3828 Ἲκατακρινων
1292 3749 1398 3807 ἀπὸ
1481 3732 1920 3830 καταφρονήσεως

263 3829 421 3887 τοῦτο
461 3845 632 3893 ποιεῖ.
681 3842 848 3893 Ποῖον
889 3834 944 3892 δὲ
987 3835 1202 3914 νόμον;
1253 3845 1466 3918 Πρῶτον
1523 3829 1776 3915 μὲνίντὸν
1834 3837 1918 3895 δι-

263 3920 602 3997 αγορεύοντα,
643 3947 672 3978 α
707 3925 794 3993 Μὴ
825 3927 1025 4006 κρίνετε
1069 3926 1159 3985 ἵνα
1211 3917 1307 4004 μη
1331 3931 1568 4008 κριθῆτε.
1606 3947 1636 3988 )
1685 3917 1920 3986 ’Ἔπειτα

259 4008 349 4097 καὶ
391 4010 482 4065 τὸν
540 4011 594 4068 ἐν
657 4012 909 4089 Ψαλμοῖς
940 4030 954 4045 ⁸
1012 4017 1113 4074 Τὸν
1154 4017 1555 4075 καταλαλῶντα
1610 4016 1771 4097 λάθρα
1828 4018 1920 4074 τού

260 4094 488 4164 πλησίον
547 4101 725 4178 αὺτοῦ,
779 4114 964 4164 τοῦτον
1021 4104 1311 4172 ἐξεδίωκον.
1375 4128 1403 4166 )
1499 4107 1597 4166 Καὶ
1677 4094 1756 4163 ὅτι
1811 4106 1914 4164 ἀπὸ

261 4191 707 4268 καταφρονήσεως
748 4194 904 4251 τοῦτο
947 4195 1170 4273 γίνεται,
1237 4197 1450 4276 ἒπάγει,
1506 4198 1564 4254 Εἰ
1633 4194 1688 4252 δὲ
1759 4197 1921 4271 νόμον

265 4279 612 4356 κατακρίνεις,
661 4286 756 4342 οὐκ
810 4284 866 4340 εἴ
923 4285 1153 4352 ποιητὴς
1203 4287 1368 4361 νόμου
1406 4307 1418 4321 ·
1465 4289 1537 4345 Οὔ
1564 4287 1663 4366 γάρ
1690 4308 1769 4349 τις
1814 4307 1918 4341 κα-

264 4381 534 4449 ταφρονεῖ,
582 4377 696 4436 πῶς
741 4372 975 4440 ἀνέξεται
1017 4373 1106 4432 ὑπ’
1164 4377 1320 4435 αὐτὸν
1375 4375 1451 4432 ἔτι
1495 4381 1589 4452 ζῇν
1623 4394 1638 4455 ς
1674 4374 1762 4442 Μὴ
1805 4374 1914 4449 οὖν,

2004 3649 2328 3724 modestos,
2392 3649 2598 3710 dicens
2634 3667 2647 3708 :
2685 3672 2712 3703 ct
2742 3647 3010 3709 Detrahit
3040 3649 3156 3728 legi
3208 3657 3266 3711 et
3313 3648 3545 3729 judicat
3575 3650 3666 3710 le-

2002 3756 2135 3817 gem
2173 3755 2186 3801 :
2221 3763 2248 3793 «
2278 3737 2402 3798 Hoc
2431 3745 2520 3799 est
2542 3736 3360 3817 condemnat,despicit.Nam
3388 3739 3490 3818 qui
3516 3755 3666 3799 con-

2003 3829 2349 3905 demnat,ex
2372 3836 2716 3907 contemptu
2741 3829 2797 3890 id
2822 3828 3182 3901 facit.Quam
3200 3835 3398 3890 autem
3429 3828 3668 3906 legem?

2001 3919 2272 3982 Primum
2290 3919 2529 4000 quidem
2579 3936 2707 3980 eam
2729 3937 2860 4000 quae
2883 3919 3150 4000 praecipit
3177 3938 3192 3978 :
3215 3940 3245 3979 ‹
3282 3917 3366 3979 Ne
3379 3917 3668 3999 judicetis
3719 3961 3727 3968 υ

2002 4016 2199 4070 utnon
2216 4007 2708 4088 judiceminih'.»
2746 4007 3038 4070 Praeterea
3071 4027 3141 4069 ea
3169 4027 3301 4088 qua
3320 4007 3381 4068 in
3412 4007 3666 4069 Psalmis

2001 4107 2092 4160 est
2126 4117 2138 4158 :
2171 4123 2196 4153 «
2226 4096 2650 4159 Detrahentem
2675 4096 2827 4158 clam
2851 4097 3121 4178 proximo
3143 4116 3250 4158 suo
3273 4097 3431 4160 hunc
3453 4114 3662 4179 perse-

2004 4187 2233 4268 quebar
2257 4187 2378 4251 46.»
2400 4187 2470 4248 Et
2501 4189 2658 4266 quod
2682 4188 2793 4248 hoc
2817 4205 2886 4249 ex
2909 4195 3248 4267 contemptu
3263 4187 3381 4261 ﬁat,
3409 4187 3662 4267 subjun-

2003 4279 2082 4358 git
2109 4296 2122 4340 ;
2149 4277 2314 4350 Quod
2336 4278 2385 4338 si
2410 4278 2599 4356 legem
2626 4277 3018 4356 judicas,sive
3051 4277 3565 4350 condemnas,non
3597 4293 3662 4339 es

2003 4369 2348 4432 observator
2388 4369 2559 4448 legis.
2592 4367 2777 4440 Quem
2814 4369 2971 4429 enim
3006 4369 3335 4430 contemnit
3365 4366 3659 4449 quispiam

264 4456 448 4535 φησὶν,
519 4457 797 4525 ἐξουὰνῶν
878 4465 966 4519 καὶ
1048 4463 1225 4535 ὥσπερ
1296 4465 1712 4541 ἀντινομοθετῶν
1796 4461 1914 4519 διά-

2013 4459 2298 4539 quomodo
2328 4443 2475 4519 feret
2506 4465 2568 4518 ut
2599 4458 2884 4538 deinceps
2906 4457 3013 4518 sub
3041 4458 3170 4538 ejus
3194 4457 3344 4518 vivat
3365 4443 3664 4538 imperio?

261 4566 434 4609 κεισο.
500 4548 572 4606 Οὔ
627 4551 726 4630 γὰρ
781 4551 987 4631 ἐφεῖταί
1057 4577 1165 4634 σοι,
1237 4555 1352 4620 ἐνὸς
1413 4555 1578 4630 μόνου
1636 4552 1916 4628 νομοθέτου

260 4635 600 4716 ὑπάρχοντος
632 4646 762 4698 Θεοῦ
791 4652 884 4701 τοῦ
937 4640 1223 4719 δυναμένου
1285 4645 1405 4708 τοὺς
1463 4640 1770 4722 παραϐάτας
1828 4642 1918 4698 τοῦ

260 4726 427 4800 νόμου
472 4728 629 4785 αὒτοῦ
684 4737 850 4787 σῶσαι
893 4733 980 4788 καὶ
1033 4731 1312 4794 ἀπολέσαι.
1375 4740 1540 4792 Τοῦτο
1595 4733 1696 4812 γὰρ
1753 4732 1918 4806 νόμου

260 4817 350 4872 καὶ
391 4817 697 4892 νομοθέτου,
764 4821 826 4876 τὸ
876 4822 996 4884 τοὺς
1067 4820 1376 4900 παραϐάτας
1429 4822 1588 4878 αὒτοῦ
1643 4819 1917 4883 ὑποδίκους

259 4906 519 4985 τιμωρίας
552 4908 797 4983 ποιῆσαι,
851 4909 970 4967 ἀλλ’
1027 4911 1148 4991 ουχὶ
1202 4913 1285 4983 σὺ,
1336 4913 1394 4976 ὃς
1452 4913 1583 4990 πρὸς
1629 4911 1715 4974 οἷς
1775 4907 1921 4968 οὐδὲν

261 4993 426 5051 πλέον
469 5006 562 5055 τοῦ
590 4995 842 5076 φλυαρεῖν
875 4998 1046 5081 ἔχεις,
1079 5000 1155 5057 ἔτι
1198 5003 1287 5058 καὶ
1340 5003 1508 5076 ἑαυτῷ
1563 5000 1920 5078 περιπίπτεις,

262 5085 400 5139 κατὰ
432 5085 624 5144 σαυτοῦ
675 5087 774 5156 τὴν
832 5089 1010 5167 ψῆφον
1053 5089 1220 5168 ἄγων.
1283 5093 1358 5148 Τὰ
1415 5092 1514 5169 γὰρ
1568 5090 1698 5146 αὐτὰ
1754 5094 1923 5144 ποιῶν

262 5181 343 5247 τῷ
388 5173 836 5252 καταλαλουμένορ
888 5181 989 5235 ὑπὸ
1047 5181 1160 5250 σοῦ,
1207 5180 1261 5236 ἐν
1307 5179 1416 5254 ὅσῳ
1455 5187 1638 5237 τοῦτον
1670 5184 1918 5254 κατακρί-

265 5284 396 5341 νεις,
445 5267 664 5320 σεαυτὸν
707 5267 960 5344 πρότερον
1015 5267 1148 5325 πολὺ
1217 5270 1570 5346 κατακρίνεις,
1639 5290 1666 5321 α
1728 5266 1800 5320 Σὺ
1843 5266 1920 5328 τῖς

263 5353 344 5424 εἷ,
392 5354 449 5418 ὃς
491 5354 680 5434 κρίνεις
739 5357 828 5412 τὸν
885 5356 1110 5437 ἕτερον;
1168 5379 1196 5417 ι
1254 5357 1716 5424 Ἐξουδενωτικῶς,
1779 5353 1924 5411 Ἀντὶ

263 5451 378 5518 τοῦ,
435 5451 677 5509 τοιοῦτος
737 5445 812 5502 ὣν
880 5453 992 5512 πῶς
1051 5446 1250 5523 τολμᾷς
1309 5449 1501 5526 κρίνειν
1569 5448 1660 5502 τὸν
1731 5446 1922 5518 ὁμοιο-

261 5536 406 5600 παθῆ
437 5553 452 5613 ;

1999 4551 2132 4610 Non
2167 4566 2331 4628 ergo,
2367 4547 2580 4627 inquit,
2615 4556 2982 4621 contemnas,
3026 4556 3084 4609 et
3113 4554 3391 4628 tanquam
3421 4553 3660 4608 contra-

1999 4637 2153 4698 rium
2183 4637 2580 4716 legislatorem
2607 4645 2662 4697 te
2688 4634 3148 4716 habeas.Neque
3179 4635 3337 4696 enim
3367 4635 3471 4696 tibi
3499 4634 3659 4715 licet,

1998 4746 2131 4788 cum
2163 4727 2324 4787 solus
2357 4743 2511 4786 unus
2542 4725 2618 4786 sit
2639 4724 2944 4804 legislator
2975 4725 3154 4795 Deus,
3193 4723 3292 4804 qui
3325 4731 3514 4803 potest
3543 4741 3664 4783 sua:

2007 4815 2155 4894 legis
2189 4825 2659 4894 transgressores
2690 4813 2918 4874 salvare
2967 4832 3035 4874 ac
3067 4813 3340 4892 perdere.
3375 4810 3516 4872 Nam
3549 4812 3664 4872 hoc

2006 4903 2153 4981 legis
2182 4911 2270 4963 est
2301 4921 2368 4962 ac
2429 4901 2812 4981 legislatoris,
2842 4920 2980 4962 suos
3012 4909 3485 4978 transgressores
3515 4919 3661 4980 sup-

2006 4991 2186 5072 plicio
2217 4990 2508 5051 obnoxios
2541 4990 2818 5070 reddere,
2839 5009 2954 5050 non
2990 4998 3152 5050 tuum
3187 4996 3273 5050 est
3305 4987 3406 5068 qui
3435 4988 3508 5049 ad
3538 4989 3664 5049 haec

2005 5082 2153 5143 nihil
2183 5081 2342 5143 aliud
2372 5100 2545 5162 quam
2581 5081 2791 5158 nugari
2817 5089 3003 5161 potes.
3040 5083 3331 5143 Praeterea
3359 5079 3418 5140 in
3454 5088 3663 5141 temet-

2005 5172 2197 5252 ipsum
2257 5171 2516 5233 incurris
2572 5190 2638 5232 ac
2701 5169 2808 5231 tibi
2867 5169 3200 5231 contrarius
3259 5187 3345 5242 es,
3381 5168 3664 5231 adversus

2007 5261 2259 5342 teipsum
2295 5261 2493 5323 terens
2525 5259 3059 5322 sententiam.Cum
3077 5257 3236 5320 enim
3253 5258 3461 5320 eadem
3481 5258 3664 5320 facias

2007 5369 2138 5412 cum
2165 5351 2264 5412 illo
2290 5351 2383 5412 cui
2404 5349 2690 5423 detrahis,
2722 5369 2792 5411 oo
2824 5349 2952 5429 ipso
2975 5368 3090 5430 quo
3111 5366 3245 5409 eum
3274 5347 3666 5427 condemnas,

2009 5441 2262 5521 teipsum
2297 5440 2476 5520 longe
2505 5447 2678 5500 antea
2734 5435 3129 5502 Condemnas.
3176 5438 3311 5498 47!
3355 5460 3379 5495 α
3412 5437 3502 5500 Tu
3532 5437 3665 5520 quis

2007 5549 2072 5591 es
2101 5531 2200 5610 qui
2234 5529 2415 5591 alium
2443 5528 2729 5608 judicas?
2791 5554 2820 5586 ι
2874 5527 3325 5593 Contemnendo
3358 5545 3371 5590 :
3408 5527 3521 5590 hoc
3550 5536 3661 5603 est,

266 5623 416 5682 Cum
453 5624 589 5687 talis
618 5624 726 5700 sis,
758 5625 1051 5706 quomodo
1067 5625 1346 5707 judicare
1375 5624 1499 5688 sive
1529 5624 1951 5688 condemmare
1991 5620 2177 5682 audes
2207 5636 2340 5680 eum
2375 5619 2475 5698 qui
2507 5618 2786 5681 similiter
2813 5619 3057 5681 allectus
3082 5623 3174 5680 est
3201 5617 3230 5678 ?

352 5790 416 5841 ιδ
449 5793 606 5855 Psal.
637 5811 698 5870 L,
741 5794 813 5858 l4
853 5794 918 5845 ιι
953 5795 1064 5858 Job
1095 5815 1162 5873 ιι,
1193 5797 1254 5860 4.
1301 5797 1366 5847 45
1395 5797 1598 5859 Matth.
1623 5791 1796 5870 vu,l.
1841 5791 1906 5843 46

2017 5790 2094 5871 al,
2121 5806 2175 5866 c,
2217 5790 2276 5850 5.
