4136 6422
413 391 533 459 499
1554 394 1964 461 mCUMENII
2006 391 2302 456 TRICGE
2346 391 2682 456 EPISCOPI

1057 527 1298 594 CAPUT
1342 529 1422 596 VI
1441 575 1458 592 δ
2104 536 2140 583 Α

422 633 595 710 Quod
622 651 744 696 non
765 649 879 712 per
905 633 1233 708 hominem,
1266 634 1372 696 sed
1423 651 1531 714 per
1595 633 1782 696 Deum
1831 649 2076 714 gressus

499 715 626 776 viri
673 711 1083 794 diriguntur:
1144 717 1210 775 in
1269 731 1388 794 quo
1423 711 2075 794 etiamtractaturide

502 796 771 857 avaritia
810 793 1076 856 divitum
1123 800 1178 855 et
1233 793 1502 872 ipsorum
1566 793 1801 856 deliciis
1850 794 1919 854 in
1967 793 2076 855 hoc

500 875 725 938 mundo
755 891 828 937 ac
847 874 919 936 de
945 876 1102 952 iusto
1133 875 1246 936 Dei
1267 874 1523 950 iudicio.

501 975 604 1052 IV,
644 977 860 1041 13-17.
929 977 1094 1056 Agite
1144 994 1311 1039 nunc
1361 979 1468 1056 qui
1510 977 1768 1038 dicitis:
1802 975 1992 1040 Hodie
2023 980 2081 1037 et

2250 999 2278 1030 α
2357 964 2496 1053 ’Ἄγε
2551 981 2637 1031 νῦν
2707 977 2752 1031 οἱ
2811 973 3082 1048 λέγοντες,
3145 973 3388 1049 Σήμερον
3469 969 3557 1024 καὶ
3639 966 3815 1043 αὔριον

424 1083 562 1130 cras
577 1065 1048 1146 proﬁciscamur
1077 1067 1143 1126 in
1174 1064 1332 1128 hanc
1385 1067 1712 1138 civitatem,
1741 1072 1795 1126 et
1824 1081 2081 1145 agamus

2201 1064 2538 1146 ὀρευσώμεθα
2611 1066 2682 1126 εἷς
2768 1061 2923 1133 τήνδε
2994 1063 3094 1129 τὴν
3167 1060 3348 1132 πόλιν,
3423 1061 3511 1115 καὶ
3579 1057 3817 1125 ποιήσω-

424 1155 512 1218 ibi
542 1145 776 1217 annum
800 1172 1018 1228 unum,
1079 1162 1136 1216 et
1187 1160 1564 1234 negotiemur
1612 1171 1683 1215 ac
1713 1153 1948 1215 lucrum
1980 1155 2082 1231 fu-

2201 1177 2262 1211 .εν
2347 1154 2460 1210 ἐκεῖ
2543 1153 2778 1209 tam?»
2859 1149 2950 1207 ἕνα
2984 1171 3000 1186 ο
3075 1153 3162 1208 καὶ
3219 1147 3686 1228 ἐμπορευσώμεθα,
3730 1145 3818 1199 καὶ

427 1244 688 1319 ciamus,
745 1249 854 1324 qui
882 1245 1190 1324 ignoratis
1236 1233 1385 1324 quid
1414 1245 1702 1322 futurum
1741 1244 1818 1304 sit
1843 1249 2086 1322 postero

2201 1242 2506 1323 ερδήσωμεν
2542 1259 2556 1275 ⁶
2649 1240 2858 1304 ΟἻτινες
2926 1241 3017 1298 οὑκ
3097 1240 3372 1296 ἐπίστασθε
3443 1239 3504 1295 τὸ
3559 1241 3658 1302 τῆς
3733 1233 3821 1288 αἶ’)-

429 1333 551 1396 die.
586 1323 770 1408 Quae,
793 1339 881 1395 est
910 1323 1078 1395 enim
1126 1323 1262 1394 vita,
1305 1335 1550 1395 vestra?
1587 1331 1784 1412 Vapor
1807 1334 1970 1394 enim
1999 1337 2088 1394 est

2201 1355 2298 1392 ιον.
2350 1333 2480 1388 Ποία
2538 1332 2636 1410 γὰρ
2691 1332 2726 1398 ἡ
2783 1332 2896 1401 ζωὴ
2951 1331 3144 1408 ὑμῶν,
3211 1326 3397 1403 Ἀτμὶς
3441 1327 3539 1405 γὰρ
3595 1323 3741 1380 ἔσται
3784 1324 3818 1389 ἡ

432 1423 541 1502 qui
588 1421 668 1483 ad
720 1422 1011 1500 exiguum
1071 1429 1308 1502 tempus
1337 1428 1583 1501 apparet
1624 1429 1679 1482 et
1705 1419 1917 1483 deinde
1945 1438 2085 1482 eva-

2203 1421 2346 1501 λίγον
2471 1419 2788 1502 φαινομένη,

2931 1419 3044 1475 ἕπει
3053 1441 3115 1475 τα
3256 1417 3312 1474 δὲ
3434 1413 3793 1497 ἀφανιζομένη
3805 1460 3819 1474 .

430 1511 666 1585 nescit;
688 1527 806 1590 pro
836 1528 904 1572 eo
959 1510 1119 1588 quod
1164 1511 1491 1573 dicendum
1546 1508 1714 1571 vobis
1762 1518 1901 1572 erat
1951 1531 1963 1568 :
2019 1511 2090 1570 Si

2201 1513 2313 1569 Ᾱντὶ
2393 1517 2486 1568 τοῦ
2567 1509 2746 1587 λέγειν
2829 1509 2964 1584 ὑμᾶς
3021 1524 3035 1538 ⁶
3151 1506 3274 1566 Ἐὰν
3360 1511 3388 1564 ὁ
3474 1506 3659 1584 Κύριος
3741 1505 3824 1558 θε-

3688 376 3811 444 500

2784 532 3033 584 ΚΕΦΑΛ.
3079 512 3183 598 ς’.

2247 655 2273 686 α
2312 620 2440 688 υΟτι
2471 633 2566 687 οὑκ
2595 631 2649 686 ἐν
2678 629 2957 710 ἀνθρώπῳ,
2994 625 3112 684 ἀλλ’
3131 627 3222 710 ,ἐν⁸
3243 626 3466 710 Θεῷ-,τὰ
3507 621 3809 710 διαδήματα

2241 709 2422 790 ἀνδρὸς
2446 702 2829 771 κατευθύνεται.
2856 709 2914 767 Ἐ
2932 737 2947 766 δ
2967 713 3014 784 ᾧ
3032 709 3149 786 περὶ
3167 704 3490 781 πλεονεξίας,
3517 702 3805 780 πλουσίων,

2239 785 2453 858 καὶτῆς
2495 794 2552 848 ἐν
2581 793 2768 867 κόσμῳ
2797 791 2993 870 τρυφῆς
3024 785 3196 847 αὑτῶν
3225 787 3313 842 καὶ
3354 787 3471 864 περὶ
3514 785 3811 861 δικαιοκρι-

2245 872 2358 936 σίας
2385 874 2477 929 τοῦ
2501 879 2652 934 Θεοῦ,
2693 895 2714 926 n

434 1589 738 1662 Dominus
767 1598 1047 1674 voluerit,
1078 1606 1133 1661 et
1161 1600 1218 1662 si
1245 1600 1608 1673 vixerimus,
1640 1597 1946 1677 faciamus
1979 1599 2090 1661 hoc

2201 1602 2339 1679 ήσῃ,
2424 1601 2511 1656 καὶ
2594 1600 2864 1674 ζήσωμεν,
2963 1599 3052 1654 καὶ
3157 1598 3467 1672 ποιήσωμεν
3551 1600 3706 1651 τοῦτο
3790 1589 3826 1658 ἢ

433 1696 542 1751 aut
571 1687 750 1750 illud.
801 1687 978 1750 Nunc
1025 1694 1232 1751 autem
1277 1689 1640 1768 gloriamini
1679 1693 1744 1749 in
1775 1705 2090 1770 arrogan-

2202 1704 2372 1748 κεῖνο.
2460 1697 2564 1748 Νῦν
2647 1685 2700 1744 δὲ
2805 1690 3074 1767 καυχᾶσθε
3157 1685 3211 1743 ἐν
3295 1699 3418 1750 ταῖς
3501 1683 3825 1755 ἀλαζονείαις

436 1779 538 1841 iii:
589 1777 829 1841 vestris.
905 1777 1126 1840 Omnis
1180 1777 1509 1841 exsultatio
1570 1779 1713 1839 talis
1765 1776 1927 1840 mala
1983 1784 2090 1840 est.

2201 1786 2346 1856 ιμὼν.
2433 1784 2583 1834 Πᾶσα
2673 1777 2942 1856 καύχησις
3044 1776 3262 1843 τοιαύτη
3365 1775 3572 1854 πονηρά
3657 1772 3820 1830 ἐστιν.

435 1865 642 1945 Igitur
669 1866 780 1946 qui
805 1868 974 1929 novit
1032 1873 1190 1928 recte
1237 1868 1444 1944 facere
1494 1883 1599 1928 nec
1628 1867 1798 1944 facit,
1837 1867 1937 1928 hic
1962 1883 2096 1947 pec-

2201 1866 2348 1926 Ξίδότι
2385 1867 2472 1924 οὖν
2529 1864 2692 1923 καλὸν
2749 1879 2949 1941 ποιεῖν,
3007 1868 3096 1923 καὶ
3145 1865 3222 1941 μὴ
3281 1871 3542 1937 ποιοῦντι,
3600 1861 3829 1940 ἂμαρτία

438 1935 574 2018 cato
603 1935 863 2017 tenetur.
1237 1935 1247 1944 ’
1628 1935 1639 1944 ’
1784 1935 1795 1942 ⁷
1962 1935 1978 1947 ’

2201 1959 2320 2031 ιὺτῷ
2351 1957 2512 2014 ἐστιν.
2570 1978 2594 2009 n

522 2043 669 2115 «Qui
697 2043 896 2106 dicitis
923 2064 938 2105 ;
968 2043 1220 2107 Hodie.»
1258 2046 1389 2107 Non
1422 2045 1577 2106 tollit
1618 2051 1971 2125 potestatem
1992 2051 2094 2107 aut

2260 2069 2286 2101 α
2321 2049 2380 2103 O't
2424 2044 2669 2124 λέγοντες
2705 2059 2719 2073 ·
2765 2045 3032 2122 Σήμερον.
3073 2065 3097 2101 υ
3149 2043 3220 2100 Οὑ
3264 2043 3362 2111 τὴν
3405 2041 3633 2109 ἐξουσίαν
3665 2041 3821 2096 ἀναι-

441 2132 695 2194 liberum
728 2132 1182 2211 arbitrium,sed
1215 2134 1481 2196 ostendit
1512 2151 1629 2196 non
1663 2152 1797 2196 esse
1823 2141 2008 2196 totum
2033 2134 2094 2194 in

2201 2149 2281 2211 μετ,
2315 2133 2452 2191 ἀλλὰ
2481 2132 2732 2190 δείκνυσιν
2778 2132 2860 2190 ὅτι
2891 2134 2948 2190 οὑ
2998 2135 3058 2190 τὸ
3113 2140 3216 2189 πᾶν
3276 2132 3430 2190 αὑτοῦ
3483 2135 3649 2207 ἐστιν,
3696 2128 3834 2185 ἀλλὰ

442 2241 622 2284 manu
651 2223 782 2303 ejus
819 2242 831 2283 :
868 2242 1006 2285 nam
1038 2241 1298 2304 superna
1332 2243 1568 2304 quoque
1597 2243 1744 2305 opus
1768 2224 2093 2302 estgratia.

2201 2231 2327 2281 ἱεϊτα
2356 2225 2443 2281 καὶ
2497 2229 2600 2290 τῆς
2662 2223 2858 2279 ἄνωθεν
2901 2223 3151 2302 χάριτος.
3216 2213 3432 2290 ἸΕξεστι
3487 2223 3584 2298 μὲν
3617 2221 3833 2300 γὰρκαὶ

439 2310 606 2374 Licet
636 2311 794 2373 enim
817 2320 874 2373 et
920 2320 1150 2374 certare
1173 2322 1231 2374 et
1277 2331 1520 2374 cnrrere
1541 2332 1609 2374 ac
1641 2313 1927 2390 negotiari
1961 2332 2095 2374 om-

2201 2311 2360 2369 ιθλεϊν
2409 2315 2496 2368 καὶ
2553 2311 2763 2392 τρέχειν
2820 2314 2907 2368 καὶ
2967 2312 3368 2393 ἐμπορεύεσθαι,
3412 2314 3498 2369 καὶ
3543 2312 3712 2368 πάντα
3768 2309 3835 2364 τὰ

441 2401 665 2482 niaque
693 2420 868 2482 agere
901 2422 1031 2483 qua:
1063 2410 1200 2464 sunt
1227 2402 1301 2464 ad
1351 2403 1526 2464 vitam
1556 2424 1567 2465 :
1604 2419 1721 2464 non
1746 2412 1943 2464 tamen
1975 2404 2100 2465 haec

2201 2405 2312 2484 τρὸς
2357 2404 2417 2458 τὸ
2447 2409 2544 2479 ζῇν
2576 2402 2832 2480 ἐνεργεῖν,
2884 2399 3020 2458 ἀλλὰ
3075 2403 3153 2478 μὴ
3208 2415 3324 2465 τοῖς
3381 2401 3594 2465 οἰκείοις
3648 2400 3832 2462 πόνοις

446 2491 706 2572 propriis
737 2491 1040 2554 laboribus
1062 2492 1414 2568 attribuere,
1443 2492 1548 2554 sed
1578 2492 1795 2554 divina:
1838 2492 2104 2572 benigni-

2201 2499 2340 2549 εοῦτο
2408 2492 2730 2572 Λογίζεσθαι,
2786 2488 2922 2546 ἀλλὰ
2976 2497 3042 2568 τῇ
3118 2497 3210 2547 τοῦ
3255 2498 3385 2550 Θεοῦ
3447 2489 3830 2570 φιλανθρωπίᾳ.

446 2571 676 2642 tati.Ait
700 2599 957 2662 namque
987 2581 1316 2644 Jeremias:
1353 2605 1375 2638 «
1412 2581 1686 2657 Domine,
1721 2601 1840 2643 non
1884 2581 1944 2643 in
1987 2571 2103 2644 ho-

2201 2582 2326 2648 bnci
2369 2581 2468 2659 γὰρ
2512 2571 2766 2656 Ἱερεμίας
2801 2595 2815 2608 ⁹
2874 2600 2899 2636 α
2946 2580 3122 2659 Κύριε,
3187 2581 3281 2636 οὑκ
3337 2580 3390 2636 ἐν
3447 2587 3525 2654 τῷ
3581 2578 3838 2657 ἀνθρώπῳ

447 2669 611 2731 mine
644 2678 732 2732 est
759 2670 877 2732 vita
927 2669 1116 2750 ipsius
1147 2671 1228 2731 47.
1267 2697 1294 2727 n
1329 2670 1402 2732 Et
1457 2671 1864 2732 Parcemiastes
1899 2689 1912 2733 :
1957 2694 1979 2728 (ι
2014 2672 2105 2734 Ne

2201 2668 2371 2739 ὴὸδὸς
2404 2673 2582 2731 αὑτοῦ.
2618 2688 2647 2728 )
2687 2671 2785 2726 Καὶ
2831 2672 2860 2726 ὁ
2913 2671 3308 2748 Παροιμιαστής
3345 2685 3358 2700 ⁶
3413 2687 3443 2728 (
3504 2669 3592 2736 Μὴ
3647 2667 3838 2747 καυχῶ

448 2758 722 2839 glorieris
750 2759 812 2820 in
845 2759 1196 2837 crastinum,
1219 2779 1352 2822 cum
1373 2762 1612 2839 ignores
1639 2759 1778 2840 quid
1814 2759 2109 2841 pariturus

450 2848 528 2910 sit
555 2847 879 2926 insequens
902 2849 1031 2912 dies
1051 2851 1135 2909 48.
1167 2875 1193 2906 n
1231 2887 1308 2895 —
1347 2872 1369 2906 (ι
1401 2849 1540 2922 Quae
1557 2856 1646 2909 est
1669 2849 1826 2911 enim
1857 2849 1970 2910 vita
2000 2867 2103 2910 ve-

451 2939 614 3000 stra?
635 2963 662 2994 »
698 2937 837 3000 Haec
876 2938 1046 3021 dicit,
1107 2940 1423 3002 vanitatem
1448 2959 1516 3000 ac
1547 2939 1945 3018 abjectionem
1977 2939 2110 3000 vitas

451 3033 672 3089 nostrae
701 3027 1021 3109 designans
1056 3051 1068 3091 :
1105 3037 1165 3091 et
1202 3029 1586 3110 pudefaciens
1629 3047 1736 3089 nos
1764 3028 1921 3110 quod
1953 3029 2113 3090 circa

455 3115 516 3178 id
549 3135 725 3179 omne
753 3125 985 3198 tempus
1015 3119 1147 3179 vitae
1177 3128 1394 3181 nostrae
1415 3135 1923 3193 consummamus,
1949 3117 2111 3196 ac§in

455 3206 834 3288 temporariis
863 3207 1057 3282 malis,
1096 3217 1154 3269 et
1211 3208 1272 3268 in
1303 3207 1396 3269 his
1440 3227 1570 3288 quae
1615 3206 1792 3269 simul
1824 3215 1886 3268 ut
1908 3216 2114 3270 exorta

2190 2763 2254 2817 τὰ
2311 2761 2382 2823 εἷς
2413 2759 2609 2836 αὔριον.
2653 2761 2726 2816 Οὑ
2754 2759 2855 2838 γὰρ
2887 2757 3036 2824 οἶδας
3080 2760 3128 2814 τί
3183 2757 3384 2825 τέξεται
3439 2761 3473 2826 ἡ
3526 2758 3764 2814 ἐπιοῦσα.
3807 2780 3834 2809 ι

2189 2885 2269 2896 —
2306 2871 2330 2906 ιι
2364 2850 2496 2906 Ποία
2524 2849 2623 2928 γὰρ
2651 2851 2685 2916 ἡ
2715 2850 2826 2920 ζωὴ
2857 2850 3003 2922 ὑμῶν
3039 2867 3055 2928 ς
3115 2872 3142 2903 ο
3201 2851 3273 2907 Τὸ
3330 2849 3551 2924 μάταιον
3581 2849 3669 2904 καὶ
3695 2848 3842 2902 οὑτι-

2191 2939 2346 2997 δανὸν
2414 2944 2512 3005 τῆς
2582 2937 2842 3017 ἡμετέρας
2917 2938 3216 3014 ὑποφαίνων
3275 2937 3438 3010 ζωῆς,
3500 2939 3588 2994 καὶ
3643 2957 3838 2991 καται-

2192 3029 2403 3110 σχύνων
2432 3031 2576 3104 ἡμᾶς
2632 3029 2705 3091 ὡς
2758 3029 2876 3106 περὶ
2927 3030 3081 3084 τοῦτο
3122 3029 3184 3084 τὸ
3241 3034 3343 3085 πᾶν
3386 3029 3542 3104 ἡμῶν
3596 3026 3843 3104 κατατρί-

2191 3115 2377 3184 ϐοντας
2406 3120 2513 3195 ίτῆς
2571 3122 2739 3192 ζωῆς,
2795 3118 2958 3174 ταῦτά
3013 3139 3194 3197 φησιν,
3255 3115 3335 3174 ὅτι
3389 3116 3443 3173 ἐν
3500 3117 3841 3197 προσκαίροις

2190 3221 2404 3283 κακοῖς,
2439 3209 2527 3264 καὶ
2555 3207 2668 3283 ἅμα
2697 3214 2774 3282 τῷ
2821 3209 3110 3274 ὑποστῆναι
3169 3206 3595 3288 ἀφανιζομένοις,
3656 3207 3684 3261 ὁ
3742 3208 3841 3261 κό-

457 3300 598 3356 sunt
625 3303 1007 3364 evanescunt.
1039 3297 1179 3356 472
1211 3296 1406 3357 omnis
1431 3296 1596 3358 labor
1627 3303 1830 3358 noster
1861 3296 2105 3378 explea-

2201 3321 2289 3362 πος
2320 3300 2474 3374 ἡμῶν
2505 3294 2642 3362 ἅπαξ
2691 3295 3011 3357 ἐκτελεῒται.
3069 3303 3234 3356 Toino
3287 3299 3375 3353 καὶ
3421 3293 3587 3353 Δαυῖδ
3641 3294 3846 3351 διακω-

457 3392 577 3445 tur.
607 3382 734 3446 Hoc
765 3393 825 3447 et
852 3384 1035 3447 David
1066 3385 1410 3466 perstringit
1456 3385 1665 3447 dicens
1722 3403 1735 3448 :
1789 3409 1811 3442 (ι
1851 3385 2110 3448 Verum-

461 3472 748 3533 tamenin
776 3471 1034 3550 imagine
1065 3474 1388 3556 pertransit
1433 3475 1630 3548 homo,
1670 3483 1865 3536 tamen
1894 3475 2115 3538 frustra

462 3560 850 3624 conturbatur
875 3564 960 3638 49,
999 3589 1024 3620 o
1076 3565 1190 3625 hoc
1221 3573 1331 3640 est,
1367 3563 1524 3625 circa
1564 3563 1622 3625 id
1657 3565 1812 3644 quod
1848 3584 1966 3627 non
1998 3573 2110 3641 est,

463 3650 567 3712 sed
581 3651 640 3711 in
657 3651 783 3713 solo
799 3653 1211 3733 phantasmate
1237 3653 1510 3718 subsistit
1534 3671 1546 3715 :
1575 3655 1653 3715 hu
1655 3654 1917 3734 jusmodi
1941 3674 2112 3717 nam-

462 3759 693 3820 queres
718 3741 991 3822 etimago
1019 3760 1035 3818 ;
1062 3752 1166 3804 aut
1199 3742 1358 3804 circa
1389 3743 1450 3806 id
1494 3743 1649 3820 quod
1677 3763 1792 3804 non
1825 3752 1913 3806 est
1941 3745 2104 3809 idem

461 3829 818 3905 subsistens,
852 3832 956 3893 sed
989 3839 1278 3912 quatenus
1329 3832 1813 3894 assimilationem
1849 3833 2023 3896 habet
2051 3844 2111 3897 et

461 3921 865 4000 conjecturam
897 3940 1031 3982 cum
1059 3923 1175 3983 vita
1202 3942 1333 4004 qua:
1361 3941 1498 3984 vere
1528 3922 1814 4002 procedit.
1857 3947 1882 3977 α
1911 3926 2111 4005 Vapor

463 4009 626 4071 enim
661 4017 772 4073 est.
815 4033 836 4066 ι
873 4011 1072 4091 Vapor
1101 4019 1190 4073 est
1236 4011 1564 4090 coagulatio
1609 4028 1786 4072 aerea
1841 4011 1912 4072 ab
1959 4013 2113 4092 ignis

465 4100 666 4161 calore
685 4117 754 4160 ex
769 4099 1022 4163 humore
1035 4101 1654 4176 exbalans,minimam
1677 4101 1904 4163 habens
1924 4104 2115 4165 subsi-

465 4187 920 4250 stentiam.Nam
946 4199 1189 4271 propter
1209 4192 1623 4252 vehementem
1644 4192 2114 4254 tenuitatem.fa-

467 4276 581 4338 cile
599 4275 1010 4339 circumstanti
1030 4281 1264 4359 corpori
1282 4279 1551 4342 cedendo
1577 4283 1958 4343 evanescitac
1988 4283 2115 4344 dis-

2193 3386 2382 3465 μῳδῶν
2440 3408 2594 3467 φησι.
2648 3408 2677 3440 ι
2744 3385 2934 3443 Μέντοι
3011 3409 3071 3466 γε
3143 3386 3198 3442 ἐν
3266 3387 3426 3442 εἰκόνι
3484 3383 3846 3464 διαπορεύεται

2195 3478 2490 3558 ἅνθρωπος,
2524 3475 2666 3544 πλὴν
2710 3476 2886 3552 μάτην
2941 3477 3278 3557 ταράσσεται,
3339 3498 3364 3533 ι
3424 3474 3683 3550 τουτέστι,
3732 3475 3851 3552 περὶ

2194 3569 2255 3624 τὸ
2282 3567 2358 3642 μὴ
2391 3567 2472 3647 ὃν,
2501 3564 2616 3621 ἀλλ’
2662 3563 2794 3658 ⁹ξίσον
2852 3565 2904 3621 ἐν
2961 3567 3196 3646 φάσματι
3252 3567 3567 3632 ὑποστῆναι,
3631 3571 3851 3620 Τοιοῦτο

2196 3656 2295 3735 γὰρ
2338 3657 2372 3723 ἢ
2432 3655 2607 3714 εἰκών.
2663 3650 2721 3712 Ἠ
2782 3657 2899 3734 περὶ
2959 3656 3060 3722 τὴν
3118 3656 3194 3731 μὴ
3252 3654 3664 3727 αύθυπόστατον,
3728 3650 3850 3708 ἀλλ’

2195 3745 2316 3801 ὅσον
2370 3744 2423 3800 ἐν
2471 3744 2795 3824 ἀφομοιώσει
2838 3746 2926 3802 καὶ
2981 3745 3217 3819 εἰκασμῷ
3259 3753 3352 3816 τῆς
3407 3742 3571 3808 ὅντως
3618 3741 3850 3822 προϐαι-

2191 3835 2381 3901 νούσης
2439 3837 2582 3906 ζιηῆς
2617 3850 2635 3867 ⁸
2724 3857 2752 3889 α
2801 3832 2986 3909 Ἀτμὶς
3045 3834 3143 3913 γάρ
3209 3834 3372 3894 ἐστιν.
3424 3851 3456 3892 ι
3503 3831 3684 3906 ’Λτμίς
3741 3833 3853 3889 ἐστι

2192 3925 2438 3987 σύστασις
2471 3921 2706 4000 ἀερώδης
2756 3923 2861 3980 ἀπὸ
2905 3925 3066 4004 πυρὸς
3125 3922 3394 4003 θάλψεως,
3454 3921 3505 3988 ἐξ
3561 3923 3852 4000 ὑγρότητος

2195 4012 2629 4087 ἆναθυμιωμένη,
2718 4011 3012 4092 ἐλαχίστην
3098 4012 3196 4079 τὴν
3262 4013 3552 4069 ὑπόστασιν
3623 4011 3848 4091 ἔχουσα,

2203 4103 2300 4158 Διὰ
2329 4102 2428 4181 γὰρ
2473 4102 2572 4170 τὴν
2621 4101 2754 4179 ἄγαν
2803 4101 3108 4169 λεπτότητα
3161 4101 3375 4182 ταχέως
3428 4108 3506 4175 τῷ
3548 4101 3859 4180 περιέχοντι

2199 4191 2556 4272 ἐναφανίζεται
2623 4201 2873 4272 χωροῦσα
2942 4194 3071 4259 πρὸς
3129 4198 3284 4249 τοῦτο
3343 4192 3432 4248 καὶ
3500 4188 3854 4264 διαλυομένη,

2199 4281 2432 4360 καθάπερ
2494 4281 2624 4360 πρὸς
2691 4280 2826 4360 ὕδωρ
2883 4282 3045 4360 μικρὰ
3088 4281 3249 4344 νοτίς.
3311 4281 3544 4354 Τοιούτῳ
3600 4278 3856 4334 ἀπείκασε

467 4364 739 4445 solvitur,
773 4366 954 4428 veluti
1009 4368 1276 4430 modicus
1333 4371 1548 4430 humor
1589 4370 1911 4432 accedente
1943 4391 2105 4452 aqua.

2201 4372 2296 4438 τὴν
2350 4370 2613 4448 ἡμετέραν
2675 4373 2842 4441 ζωήν,
2905 4373 3003 4430 Καὶ
3047 4369 3191 4436 μάλα
3246 4369 3545 4448 εὐστόχως.
3606 4366 3860 4423 Μεσολα-

468 4453 598 4516 Tali
628 4455 976 4517 assimilavit
1004 4460 1176 4520 vitam
1209 4467 1515 4522 nostram:
1577 4460 1756 4540 idque
1810 4460 1958 4521 scite
2006 4461 2105 4522 ad-

2202 4457 2369 4530 ϐήσας
2412 4457 2465 4515 δὲ
2508 4467 2586 4535 τῷ
2627 4461 2850 4535 τοιούτῳ
2912 4458 3258 4538 ὑποδείγματι
3320 4460 3411 4514 τὸν
3455 4455 3639 4536 λόγον,
3696 4455 3862 4540 πάλιν

468 4544 736 4606 modum.
766 4545 948 4606 Porro
982 4565 1257 4610 sermone
1288 4549 1383 4609 tali
1444 4535 1714 4628 exemplo
1755 4549 2105 4631 intercepto,

2204 4547 2255 4614 ἐξ
2310 4549 2644 4631 ὑποστροφῆς
2675 4548 2955 4606 ἀποδίδωσι
3012 4549 3074 4605 τὸ
3111 4535 3418 4644 ἀκόλουθον
3481 4535 3644 4621 αὐτῷ,
3696 4535 3866 4602 ’Ἐστι

469 4651 706 4694 rursum
739 4652 808 4695 ex
857 4635 1254 4716 hypostrophe
1308 4637 1502 4700 reddit
1548 4627 1704 4718 quod
1754 4639 1865 4718 ipsi
1895 4627 2105 4702 conse-

2206 4639 2304 4717 γὰρ
2335 4627 2572 4695 ὅλονντδ
2630 4639 2828 4719 χωρίον
2874 4637 3038 4703 οὕτως
3075 4653 3090 4668 ⁸
3142 4627 3285 4717 ’Ἄγε
3342 4639 3451 4710 νῦν,
3498 4639 3543 4693 οἱ
3590 4634 3862 4714 λέγοντες,

469 4741 662 4803 quens
692 4731 838 4786 erat.
873 4723 974 4786 Est
1003 4725 1162 4786 enim
1215 4734 1334 4788 tota
1376 4728 1664 4811 particula
1688 4728 1800 4789 hoc
1825 4729 1997 4790 modo
2020 4748 2088 4791 or

2207 4733 2450 4812 Σήμερον
2481 4735 2568 4788 καὶ
2598 4732 2770 4812 αὔριον
2825 4733 3201 4813 πορευσώμεθα
3259 4732 3331 4795 εἷς
3387 4728 3542 4798 τήνδε
3597 4732 3697 4794 τὴν
3755 4729 3867 4784 πό-

469 4813 769 4875 dinanda:
799 4813 969 4893 Agite
990 4835 1149 4878 nunc
1178 4817 1278 4897 qui
1303 4817 1725 4894 dicitis,Hodie
1749 4826 1805 4878 et
1831 4837 1960 4879 cras
1984 4838 2105 4898 pro-

2208 4821 2312 4901 λιν,
2346 4825 2434 4879 καὶ
2476 4825 2788 4898 ποιήσωμεν
2845 4822 2960 4879 ἐκεῖ
3021 4823 3255 4879 ἐνιαυτὸν
3297 4819 3411 4894 ἕνα,
3471 4820 3557 4875 καὶ
3611 4818 3873 4896 ἐμπορευ-

470 4903 812 4966 ficiscamur
839 4905 898 4966 in
922 4905 1081 4967 illam
1103 4906 1486 4982 civitatem,et
1507 4927 1749 4983 agamus
1774 4907 1876 4970 tibi
1901 4927 2105 4970 annun

2212 4912 2425 4986 σώμεθα
2449 4914 2537 4968 καὶ
2581 4911 2920 4991 κερδήσωμεν
2957 4932 2968 4944 ·
3031 4911 3144 4966 ἀντὶ
3186 4919 3276 4968 τοῦ
3333 4907 3508 4986 λέγειν
3549 4909 3708 4983 ὑμᾶς,
3745 4904 3870 4963 Ἐὰν

473 5001 751 5067 unum,et
781 4995 1152 5073 negotiemur
1171 5015 1240 5058 ac
1291 4997 1520 5058 lucrum
1571 4996 1853 5058 faciamus
1885 5015 2028 5078 :pro
2060 5017 2105 5059 et

2213 5002 2241 5054 ὁ
2288 4999 2474 5078 Κύριος
2504 4999 2730 5077 θελήσῃ,
2787 5001 2875 5056 καὶ
2930 5000 3178 5074 ζήσωμεν
3222 4999 3310 5053 καὶ
3356 4996 3668 5070 ποιήσωμεν
3713 5003 3869 5050 τοῦτο

473 5082 630 5159 quod
664 5082 986 5147 dicendum
1021 5085 1184 5148 vobis
1204 5085 1423 5149 erat.Si
1448 5086 1736 5148 Dominus
1763 5087 2039 5168 voluerit,
2073 5106 2105 5149 e

2213 5087 2250 5154 ἢ
2311 5087 2506 5146 ἐκεῖνο.
2573 5110 2596 5145 α
2674 5096 2777 5148 Νῦν
2833 5086 2886 5144 δὲ
2942 5089 3211 5166 καυχᾶσθε
3268 5085 3320 5142 ἐν
3371 5096 3486 5146 ταῖς
3544 5079 3875 5152 ἀλαζονείαις

475 5170 527 5230 si
547 5169 1184 5246 vixerimus,faciamus
1210 5177 1324 5237 hoc
1353 5185 1451 5237 aut
1479 5175 1646 5236 illud.
1683 5201 1704 5230 ‹‹
1745 5175 1910 5236 Nunc
1935 5187 2105 5239 auten

2214 5179 2382 5252 ὑμῶν·
2426 5201 2448 5235 ι)
2500 5179 2678 5244 Οὕτως
2723 5177 2870 5243 ὄντος
2902 5186 2994 5236 τοῦ
3021 5174 3329 5250 ἀκολούθου,
3376 5177 3436 5232 οῦ
3491 5172 3645 5228 τοῦτο
3698 5183 3873 5251 ποιεῖ,

478 5258 816 5336 gloriamini
838 5261 897 5321 in
919 5265 1270 5344 arrOgantiis
1287 5267 1496 5328 vestris
1532 5265 1809 5343 sCumita
1831 5285 1968 5327 vera
1983 5286 2105 5328 con

2219 5266 2356 5324 ἀλλὰ
2413 5267 2670 5345 διακόψας
2723 5275 2800 5343 τῷ
2853 5263 3238 5344 παραδείγματι
3289 5265 3388 5331 τὴν
3450 5261 3728 5341 συνέχειαν
3785 5270 3882 5318 τοῦ

476 5347 706 5408 secutio
737 5351 1033 5413 sermonis
1057 5362 1362 5426 essetnon
1387 5356 1498 5416 hoc
1525 5355 1799 5434 facit,sed
1825 5364 2105 5436 postquam

2220 5355 2405 5434 λόγου,
2465 5358 2599 5430 μετὰ
2656 5364 2819 5413 ταῦτα
2891 5355 3152 5432 ἐπήνεγκε
3230 5354 3290 5409 τὸ
3370 5349 3620 5407 ἐλλεῖπον
3677 5349 3879 5430 φθάσας

479 5436 751 5526 exemplo
777 5437 2102 5524 intersecuitsermonisconsequentiam,dein

2222 5445 2306 5501 διὰ
2334 5451 2432 5513 τῆς
2476 5454 2567 5502 τοῦ
2623 5447 2934 5526 πράγματος
2994 5443 3194 5507 εἰκόνος
3249 5443 3310 5498 τὸ
3372 5442 3596 5518 μάταιον
3654 5439 3886 5506 ὑποστῆ-

478 5544 621 5607 ceps
649 5525 952 5608 subjunxit
980 5532 1139 5611 quod
1170 5533 1392 5610 deerat,
1419 5553 1526 5614 per
1555 5533 1874 5613 imaginem
1897 5535 1982 5596 rei
2000 5553 2104 5616 pro

2224 5557 2310 5590 σαι
2340 5538 2431 5591 τοῦ
2480 5535 2530 5601 ἐξ
2585 5525 2889 5607 ἀλαζονείας
2949 5534 3065 5612 περὶ
3122 5529 3268 5588 τόνδε
3322 5532 3414 5587 τὸν
3471 5529 3674 5606 κόσμον
3729 5529 3888 5603 ἡμῶν

553 5695 614 5745 4⁷
642 5691 869 5762 Jerem.
903 5716 962 5777 x,
1001 5700 1101 5766 33.
1147 5703 1211 5754 48
1244 5705 1415 5766 Prov.
1448 5720 1632 5780 xxvn,
1675 5705 1728 5767 1.
1784 5704 1843 5754 49
1875 5704 2029 5766 Psal.
2063 5721 2285 5768 xxxvm
2330 5708 2389 5764 7.
