4136 6442
336 386 441 454 501

1262 395 1656 460 COMMENT.
1703 398 1788 461 IN
1831 389 2073 453 EPIST.
2119 391 2445 454 CATHOL.
2489 391 2768 458 JAGOBI.

3611 392 3730 456 502

335 523 769 604 περισπωμένου.
820 517 985 585 "Em
1030 528 1131 607 γὰρ
1174 527 1339 594 οὕτως
1373 544 1389 561 ⁸
1455 533 1737 611 Καυχᾶσθε
1781 530 1835 587 ἐν
1861 539 1983 589 ταῖς

2073 521 2247 586 brans
2273 542 2342 587 ac
2371 524 2729 587 convincens
2758 522 3010 590 subesse
3027 527 3339 589 vanitatem
3363 526 3425 589 in
3451 543 3521 589 eo
3553 526 3724 608 quod

334 611 662 684 ἀλαζονείαις
698 616 867 691 ὑμῶν.
915 618 1113 697 Τίνες;
1192 616 1401 684 Οῗτινες
1459 622 1555 678 οὑκ
1595 618 1871 677 ἐπίστασθε
1923 620 1986 675 τὸ

335 702 613 783 εἰσαύριον.
647 704 781 762 Ποία
822 705 922 785 γὰρ
950 708 986 775 ἡ
1028 709 1141 778 ζωὴ
1170 708 1317 782 ὑμοῦν
1354 727 1369 787 ;
1430 709 1528 767 Καὶ
1572 708 1716 777 ἑξῆς.
1779 710 1877 766 Διὰ
1934 707 1988 765 δὲ

333 798 448 871 τοῦ,
495 793 625 849 Ποία
652 794 688 862 ἢ
713 794 827 865 ζωὴ
871 796 1066 875 ὑμῶνς
1129 794 1475 862 ἐξουδενώσας
1519 805 1620 865 τὴν
1674 798 1842 873 ζωὴν,
1901 798 1989 854 καὶ

332 877 726 958 προδοποιήσας
795 881 880 940 διὰ
920 886 1102 942 τούτου
1145 889 1224 960 τῷ
1294 887 1366 949 εἷς
1411 886 1675 944 εὐτέλειαν
1731 885 1986 968 παραδεί-

332 991 521 1047 γματι,
554 970 722 1035 οὕτως
778 971 965 1052 ἐπάγει
1021 977 1109 1031 καὶ
1150 978 1213 1033 τὸ
1269 973 1584 1055 ὑπόδειγμα,
1642 977 1988 1056 καιριώτατον

330 1064 486 1115 τοῦτο
515 1065 703 1119 ποιῶν.
744 1083 772 1115 α
809 1065 1087 1142 Καυχᾶσθε
1117 1063 1172 1120 ἐν
1200 1076 1320 1129 ταῖς
1371 1062 1696 1137 ἀλαζονείαις
1748 1066 1917 1140 ὑμῶν.
1955 1089 1982 1120 ι)

329 1146 573 1220 Ἀλαζὼν
641 1152 731 1207 καὶ
795 1150 1071 1223 ἀλαζονεία
1156 1154 1233 1229 μὴ
1288 1155 1603 1235 ὑφεστώτων
1657 1157 1986 1235 πραγμάτων

330 1236 452 1293 ἐστὶ
495 1236 718 1309 σπουδή.
770 1242 864 1297 Διὸ
905 1242 993 1298 καὶ
1043 1241 1251 1314 ἀλαζὼν
1305 1242 1517 1323 λέγεται
1565 1247 1593 1301 6
1650 1245 1785 1320 μετὰ
1852 1243 1985 1313 ἄλης

328 1331 458 1401 ζῶν,
519 1326 779 1410 τουτέστι,
839 1331 974 1407 μετὰ
1029 1330 1256 1389 ἀστάτου
1313 1334 1401 1389 καὶ
1462 1334 1540 1409 μὴ
1596 1332 1816 1414 ἔχοντος
1846 1334 1984 1390 ὑπό-

328 1436 517 1471 στασιν
556 1416 890 1495 πράγματος.
933 1442 956 1476 ι
991 1426 1139 1477 Πᾶσα
1195 1421 1460 1502 καύχησις
1503 1424 1721 1491 τοιαύτη
1778 1423 1986 1501 πονηρά

329 1503 497 1569 ἐστιν,
537 1527 560 1560 ο
635 1504 1100 1584 Ἐπαναλαμϐάνει
1154 1515 1253 1578 τὴν
1296 1508 1531 1569 διάκενον
1586 1512 1873 1592 καύχησιν,
1948 1512 1984 1580 ἢ

328 1614 415 1656 τις
445 1592 497 1659 ἐξ
556 1595 910 1677 ὑπερηφανίας
952 1597 1099 1679 φιλεῖ
1140 1598 1419 1657 τίκτεσθαι.
1476 1601 1578 1659 Καὶ
1633 1602 1788 1658 οἱονεὶ
1844 1624 1983 1677 συμ-

329 1686 592 1763 περαίνων
666 1689 759 1743 τὸν
828 1689 1015 1748 ἑαυτοῦ
1067 1687 1250 1769 λόγον,
1308 1689 1563 1772 ἐπιφέρει,
1626 1689 1709 1747 ὅτι
1779 1692 1987 1770 πονηρά

2067 632 2178 675 nos
2207 613 2483 676 distrahit
2512 614 2670 676 circa
2727 614 2884 676 hunc
2940 616 3256 678 mundum.
3294 615 3395 678 Est
3424 615 3583 678 enim
3611 615 3729 677 hoc

2069 702 2245 764 modo
2272 702 2719 783 intelligendum
2746 724 2760 764 :
2790 705 3145 767 Gloriamini
3169 705 3231 767 in
3252 705 3607 785 arrogantiis
3626 722 3729 767 ve-

2070 791 2228 853 stris.
2261 790 2515 865 Quinam
2555 792 2657 873 qui
2676 793 2960 871 ignoratis
2989 793 3130 874 quid
3164 803 3399 875 postero
3428 794 3527 856 die
3557 794 3723 856 futu-

2069 897 2201 941 rum
2250 881 2350 943 sit.
2383 880 2524 954 Quae
2553 891 2644 943 est
2694 881 2853 943 enim
2882 882 3000 944 vita
3048 889 3245 946 vestra
3265 882 3296 944 ‘?
3324 890 3437 945 etc.
3472 882 3586 944 Per
3615 882 3730 945 hoc

2069 979 2266 1030 autem
2287 970 2444 1051 quod
2464 969 2546 1032 ait
2571 990 2586 1031 :
2613 969 2754 1043 Quae
2777 977 2868 1032 est
2884 971 3045 1033 enim
3070 971 3186 1033 vita
3206 980 3401 1034 vestra
3416 978 3445 1035 ?
3465 980 3732 1034 contem-

2070 1078 2221 1121 nens
2246 1060 2447 1141 vitam,
2480 1068 2539 1123 et
2590 1078 2697 1142 per
2725 1062 2840 1124 hoc
2868 1062 3020 1124 viam
3067 1071 3424 1144 praestruens
3453 1061 3728 1144 exemplo

2067 1148 2140 1210 ad
2165 1148 2543 1229 fragilitatem
2584 1150 2800 1233 posito,
2831 1152 2913 1214 ita
2941 1151 3245 1233 subjungit
3274 1159 3333 1215 et
3360 1151 3723 1232 exemplum,

2065 1237 2331 1301 reddens
2352 1239 2467 1301 hoc
2488 1238 2922 1305 firmissimum.
2955 1239 3341 1304 «Gloriamini
3363 1242 3425 1302 in
3449 1258 3734 1320 arrogan-

2069 1326 2164 1389 tiis
2191 1327 2423 1392 vestris.
2463 1353 2490 1383 ιο
2525 1328 2824 1409 Arrogans
2855 1338 2914 1391 et
2967 1331 3317 1410 arrogantia
3362 1330 3605 1393 affectus
3635 1335 3726 1392 est

2069 1415 2143 1479 de
2173 1417 2354 1479 rebus
2385 1436 2505 1480 non
2535 1417 3163 1484 subsistentibusldeo
3187 1420 3363 1481 etiam
3396 1419 3605 1490 ἀλαζών
3637 1417 3729 1480 di-

2068 1504 2225 1567 eitur
2252 1510 2278 1563 ὁ
2311 1509 2445 1582 μετὰ
2470 1504 2604 1575 ἄλης
2634 1514 2759 1588 ζῶν,
2814 1507 2875 1569 id
2911 1515 3002 1569 est
3025 1527 3159 1569 cum
3178 1508 3326 1569 mari
3348 1507 3577 1587 vivens,
3610 1506 3726 1567 hoc

2070 1602 2159 1656 est
2186 1613 2321 1656 cum
2353 1612 2418 1656 re
2476 1595 2743 1659 instabili
2801 1616 2914 1659 nec
2968 1596 3225 1659 habente
3249 1595 3719 1660 subsistentiam.

2076 1679 2317 1747 «Omnis
2366 1686 2682 1747 exsultatio
2713 1686 2847 1749 talis
2877 1686 3033 1748 mala
3061 1694 3208 1749 est.»
3242 1686 3483 1768 Repetit
3511 1703 3721 1748 vanam

332 1772 497 1833 ἐστιν.
536 1776 594 1831 Εἰ
623 1772 679 1831 δὲ
708 1778 935 1857 πονηρὰ,
984 1778 1198 1842 πάντως
1248 1778 1326 1837 ὅτι
1380 1781 1470 1837 καὶ
1511 1779 1617 1837 ἀπὸ
1658 1789 1750 1840 τοῦ
1803 1787 1982 1847 Πονη-

2073 1772 2480 1851 gloriationem
2513 1793 2644 1855 quae
2667 1793 2737 1836 ex
2795 1775 3078 1856 superbia
3106 1774 3252 1838 oriri
3281 1776 3462 1857 cupit,
3499 1782 3558 1837 et
3583 1782 3721 1836 tan-

329 1870 425 1941 ροῦ
452 1865 588 1921 ἐστι.
649 1867 722 1924 Οὑ
779 1863 863 1924 δεῖ
904 1865 960 1924 δὲ
1001 1868 1123 1933 τοὺς
1178 1872 1257 1944 τῷ
1315 1870 1488 1949 Κυρίῳ
1538 1868 1622 1927 διὰ
1676 1869 1769 1927 τοῦ
1837 1871 1985 1949 ἁγίου

330 1952 698 2029 βαπτίσματος
767 1955 1107 2023 ἀνατεθέντας
1160 1958 1288 2015 ¹τοῖ’)
1366 1965 1602 2039 Πονηροῦ
1682 1956 1982 2039 παραδέχε-

333 2045 452 2100 σθαι
483 2043 796 2124 ἐπισποράς.
852 2044 1122 2129 Ἔπιφέρει
1164 2045 1220 2104 δὲ
1274 2050 1476 2129 καὶτὸ,
1523 2047 1692 2106 Εἰδότι
1735 2049 1823 2106 οὖν
1881 2071 1984 2105 κα-

331 2129 427 2188 λὸν
454 2147 632 2191 ποιεῖν
655 2136 745 2192 καὶ
794 2136 871 2212 μὴ
921 2143 1187 2218 ποιοῦντι,
1244 2138 1473 2218 ἁμαρτία
1515 2142 1657 2215 αύτῷ
1682 2141 1794 2195 ἐστι
1825 2154 1839 2168 ⁸
1898 2139 1986 2194 καὶ

330 2222 454 2288 τοὺς
526 2221 1032 2299 ψευδοδιδασκάλους
1101 2224 1334 2284 παιδεύει
1391 2226 1575 2291 πάλιν,
1662 2228 1751 2295 Μὴ
1821 2234 1986 2287 ταῦτα

338 2308 602 2369 παιδεύειν
676 2313 902 2390 τολμᾷς,
986 2314 1024 2371 ά¹
1106 2316 1184 2392 μὴ
1254 2318 1506 2397 πρότερον
1584 2316 1987 2395 κατώρθωσαςς

346 2422 375 2454 ι
409 2402 677 2479 Μακάριος
745 2405 868 2483 γάρ,
943 2406 1126 2486 φησὶν,
1187 2407 1289 2486 οὐχ
1357 2406 1414 2470 ὃς
1472 2402 1684 2484 διδάξει,
1758 2403 1878 2462 ἀλλ’
1930 2406 1987 2470 ὃς

339 2491 553 2561 πσιήσει
582 2493 670 2549 καὶ
697 2490 911 2560 διδάξει,
951 2517 981 2551 ι
1042 2498 1395 2574 Προηγετσθοι
1466 2496 1567 2576 γὰρ
1606 2494 1689 2552 δεῖ
1739 2495 1807 2552 τὰ
1862 2494 1990 2575 ἔργα

336 2586 428 2637 τοῦ
482 2579 669 2660 λόγου.
718 2583 910 2641 Καθότι
969 2585 1059 2641 καὶ
1115 2582 1545 2661 ἐπιδεικνυμένην
1603 2585 1776 2642 πίστιν
1817 2587 1989 2663 ἀπαγ-

331 2668 513 2748 γέλλει
553 2669 777 2737 δίκαιος.
856 2694 881 2730 α
940 2664 999 2731 ”Ο
1055 2673 1156 2754 γὰρ
1196 2672 1358 2749 λύων,
1415 2674 1546 2755 φησὶ
1602 2675 1810 2754 Κύριος,
1865 2673 1989 2750 μίαν

329 2765 440 2816 τῶν
498 2758 725 2818 ἐντολῶν
777 2763 976 2821 τούτων
1032 2763 1139 2821 τῶν
1211 2762 1531 2844 ἐλαχίστων,
1591 2765 1679 2820 καὶ
1732 2761 1989 2820 διδάσκων

329 2847 503 2914 οὕτως
533 2851 656 2916 τοὺς
699 2853 1030 2933 ἀνθρώπους,
1090 2852 1350 2928 τουτέστι,
1410 2851 1686 2929 διακένως,
1743 2851 1823 2933 ἐφ’
1903 2856 1988 2919 οἷς

334 2940 436 2996 οὐκ
489 2940 794 3017 ἐκοπίασεν,
839 2942 1126 3024 ἐλάχιστος
1181 2942 1531 3024 κλτιθήσειαι,
1589 2942 1756 3021 μέγας
1811 2941 1866 2998 δὲ
1934 2942 1989 3007 ὃς

331 3030 474 3104 μετά
515 3037 609 3088 τοῦ
638 3029 828 3113 πρᾶξαι
881 3030 1096 3099 διδάξει,
1149 3054 1173 3091 ι
1236 3028 1385 3089 Ἐπεὶ
1412 3034 1502 3089 καὶ
1545 3032 1699 3096 αὐτὸς
1752 3034 1780 3089 6
1832 3031 1988 3089 θεάν-

326 3121 565 3200 θρωπος,
620 3123 696 3176 ὧν
754 3119 945 3201 ἤρξατο
1000 3134 1199 3202 ποιεῖν,
1255 3121 1457 3179 τούτων
1512 3122 1599 3179 καὶ
1658 3118 1988 3178 διδασκαλίαν

2067 1882 2245 1946 quam
2267 1881 2439 1926 suum
2454 1864 2819 1927 concludens
2830 1883 3166 1927 sermonem
3181 1865 3362 1927 infert
3381 1865 3537 1946 quod
3565 1863 3723 1926 mala

2066 1953 2183 2017 sit:
2210 1951 2367 2034 quod
2398 1952 2451 2015 si
2498 1954 2886 2036 mala,utique
2909 1954 3086 2016 etiam
3115 1974 3149 2017 a
3172 1954 3427 2034 Maligno
3445 1961 3557 2015 est.
3586 1951 3720 2013 Non

2067 2051 2302 2123 oportet
2319 2050 2519 2105 autem
2540 2061 2643 2105 eos
2664 2044 2767 2125 qui
2798 2062 2904 2125 per
2922 2042 3216 2125 baptisma
3238 2042 3489 2105 Domino
3510 2059 3727 2105 conse-

2068 2131 2213 2194 crati
2245 2139 2401 2202 sunt,
2436 2132 2578 2193 475
2609 2133 2760 2194 ullas
2789 2134 3096 2214 suscipere
3149 2151 3183 2194 a
3214 2132 3471 2212 Maligno
3492 2131 3728 2211 insper-

2069 2219 2293 2283 siones.
2326 2219 2512 2283 Infert
2541 2231 2738 2284 autem
2767 2229 2824 2284 et
2854 2223 2966 2284 hoc
3004 2244 3017 2281 :
3051 2221 3234 2300 Igitur
3255 2222 3356 2303 qui
3379 2221 3725 2283 novitrecte

2067 2309 2266 2371 facere
2293 2329 2407 2372 nec
2432 2310 2590 2387 facit,
2625 2311 2722 2373 hic
2747 2318 2991 2392 peccato
3036 2319 3312 2374 tenetur:
3363 2326 3726 2390 rursumque

2069 2397 2247 2460 falsos
2276 2398 2550 2462 doctores
2580 2400 2848 2482 corripit.
2881 2400 3032 2462 Num
3054 2400 3179 2463 haec
3207 2400 3391 2463 audes
3421 2400 3725 2479 corripere

2069 2506 2206 2550 cum
2237 2507 2356 2550 non
2389 2489 2552 2570 prius
2582 2489 2644 2551 in
2699 2490 2794 2552 his
2823 2499 2986 2553 recte
3017 2498 3074 2553 te
3103 2489 3360 2570 gesseris
3381 2490 3411 2551 ?
3447 2509 3477 2550 α
3509 2490 3727 2551 Beatus

2070 2577 2254 2653 enim,
2289 2577 2502 2660 inquit,
2537 2597 2659 2640 non
2683 2578 2787 2661 qui
2830 2579 3121 2660 docuerit,
3155 2578 3262 2641 sed
3292 2577 3394 2661 qui
3424 2577 3639 2641 fecerit
3667 2583 3728 2638 et

2069 2666 2361 2730 docuerit.
2424 2692 2453 2724 »
2510 2666 2759 2750 Oportet
2811 2668 2971 2731 enim
3028 2677 3094 2730 ut
3144 2687 3327 2749 opera
3382 2683 3724 2731 sermonem

2071 2758 2433 2839 praecedant,
2466 2757 2747 2838 quoniam
2798 2758 2996 2840 justus
3049 2757 3370 2821 exhibitam
3403 2757 3584 2820 fidem
3615 2774 3726 2818 an-

2073 2847 2325 2909 nuntiat.
2386 2871 2414 2904 α
2474 2846 2620 2909 Nam
2672 2848 2774 2930 qui
2830 2848 3095 2922 solverit,
3157 2848 3349 2929 inquit
3405 2846 3720 2927 Dominus,

2073 2956 2255 2998 unum
2287 2936 2363 3000 de
2394 2937 2684 3000 mandatis
2713 2938 2842 3001 istis
2899 2938 3189 3019 minimis,
3231 2947 3290 3001 et
3340 2936 3613 3000 docuerit
3640 2934 3728 2997 sic

2072 3027 2437 3102 homines,id
2460 3036 2570 3103 est,
2603 3029 2884 3107 inaniter,
2912 3047 3130 3110 nempe
3162 3047 3231 3091 ea
3258 3029 3321 3090 in
3352 3027 3570 3110 quibus
3604 3045 3727 3090 non

2040 3114 2382 3191 :laboravit,
2416 3118 2702 3180 minimus
2753 3118 3097 3181 vocabitur:
3135 3137 3386 3199 magnus
3416 3126 3613 3180 autem
3644 3117 3719 3195 is,

329 3182 597 3274 ἐποιεττὺ.
632 3182 849 3271 Τοιοῦτό
879 3234 972 3287 μοι
1002 3209 1152 3269 δοκεῖ
1183 3182 1279 3269 διαὶ
1328 3212 1415 3285 τὸ,
1479 3233 1509 3267 ι
1587 3202 1644 3270 Ὀ
1695 3210 1987 3290 καυχώμε-

2073 3206 2173 3288 qui
2204 3182 2381 3270 simul
2403 3215 2461 3268 et
2477 3206 2690 3270 fecerit
2704 3216 2764 3270 et
2791 3207 3061 3271 docuerit
3080 3209 3202 3271 50.»
3231 3182 3724 3288 Quandoquidem

328 3323 450 3374 νος,
484 3300 540 3357 ἐν
598 3301 767 3379 Κυρίῳ
808 3301 1119 3382 καυχάσθω,
1172 3322 1198 3359 ι
1244 3300 1360 3358 ἀντὶ
1411 3310 1525 3377 τοῦ,
1584 3301 1721 3357 κατὰ
1781 3300 1986 3379 Κύριον,

328 3391 523 3465 ἐκείνῳ
590 3391 872 3471 χρώμενος
929 3390 1272 3471 ὑποδείγματι
1340 3389 1476 3449 πολὺ
1556 3390 1832 3470 πρότερον,
1903 3390 1992 3446 καὶ

326 3479 474 3540 οὕτω
515 3486 707 3561 ποιῶν,
739 3479 876 3539 οὕτω
903 3479 1182 3543 διδάσκων,
1225 3480 1374 3539 Ἐπεὶ
1422 3481 1510 3537 καὶ
1564 3478 1690 3537 ὅταν
1746 3480 1905 3560 φησὶν
1963 3481 1990 3535 6

331 3568 497 3628 Δαυίδ
526 3587 542 3603 ⁶
582 3593 609 3625 α
657 3568 746 3629 Ἐν
772 3576 850 3645 τῷ
895 3570 1065 3651 Κυρίῳ
1093 3570 1492 3641 ἐπαινεθήσεται
1520 3571 1556 3638 ἡ
1586 3569 1743 3650 ψυχή
1788 3590 1914 3646 μου,
1950 3587 1981 3629 )

326 3663 431 3718 οὒκ
471 3657 603 3717 ἄλλο
646 3681 828 3740 φησιν,
880 3658 911 3727 ἦ
969 3659 1051 3716 ὅτι
1092 3660 1231 3718 κατὰ
1257 3659 1351 3724 τὰς
1409 3657 1628 3724 ἐντολὰς
1687 3658 1986 3737 πορευόμε-

326 3772 424 3814 νος
453 3756 547 3807 τοῦ
578 3750 763 3829 Κυρίου
805 3749 1126 3817 ἐπαινεθείη,

2074 3304 2132 3357 et
2160 3295 2289 3377 ipse
2320 3299 2478 3360 Deus
2506 3304 2565 3358 et
2614 3297 2793 3360 homo
2829 3298 3043 3360 horum
3092 3297 3425 3361 doctrinam
3459 3294 3729 3359 tradebat

2072 3404 2204 3466 quae
2230 3386 2487 3466 primum
2506 3385 2703 3449 facere
2715 3396 2977 3469 cmperat
2996 3388 3048 3439 5‘
3088 3385 3471 3469 .Hujusmodi
3487 3402 3728 3467 quoque

2071 3474 2304 3537 videtur
2324 3476 2480 3556 quod
2506 3478 2586 3538 ait
2609 3475 2861 3541 Paulus:
2894 3477 3041 3551 «Qui
3063 3474 3439 3558 gloriatur,in
3470 3475 3724 3537 Domino

2070 3563 2358 3640 glorietur
2375 3565 2468 3639 59;
2500 3589 2523 3623 ο
2551 3566 2664 3628 hoc
2686 3574 2797 3644 est,
2820 3567 3150 3630 secundum
3184 3566 3527 3640 Dominum,
3567 3565 3728 3627 illius

2072 3653 2248 3732 longe
2275 3662 2449 3716 antea
2479 3663 2651 3717 utens
2675 3657 2975 3737 exemplo,
3012 3656 3162 3718 etita
3177 3656 3404 3718 faciens
3424 3662 3483 3717 et
3505 3655 3585 3715 ita
3613 3653 3728 3715 do-

2072 3762 2238 3807 cens.
2267 3742 2559 3816 Quoniam
2611 3753 2672 3808 et
2722 3744 2904 3808 David
2963 3764 3099 3808 cum
3157 3746 3277 3807 ait:
3321 3768 3344 3801 ιι
3374 3747 3444 3807 In
3470 3740 3727 3804 Domino

326 3837 675 3901 laudabitur
701 3838 900 3902 anima
924 3855 1059 3901 mea
1085 3839 1170 3917 53,
1226 3862 1255 3895 ι
1317 3855 1438 3900 non
1492 3835 1652 3899 aliud
1705 3834 1876 3912 dicit,
1936 3851 2112 3916 quam
2172 3833 2331 3914 quod
2390 3833 2666 3912 gradiens
2717 3836 2885 3915 juxta
2940 3834 3182 3899 Domini
3239 3840 3534 3915 praecepta
3592 3830 3727 3893 lau-

328 3928 535 3993 detur.
1266 3992 1271 3999 .

418 4042 449 4076 ι
526 4007 671 4098 ’Ἄγε
727 4025 836 4092 νῦν,
901 4022 948 4077 οἱ
1015 4018 1281 4100 πλούσιοι,
1337 4017 1598 4075 κλαύσατε
1655 4014 1992 4087 ὀλολύζοντες

332 4108 422 4165 ἐπὶ
489 4120 614 4172 ταῖς
696 4107 1082 4187 ταλαιπωρίαις
1162 4110 1331 4184 ὑμῶν
1380 4120 1504 4172 ταῖς
1576 4104 1989 4186 ἐπερχομέναις.

335 4187 399 4255 Ὀ
440 4195 664 4263 πλοῦνος
735 4199 883 4273 ὑμῶν
950 4196 1174 4265 σέσηπε.
1232 4196 1310 4254 Τὰ
1381 4195 1565 4273 ἱμάτια
1617 4195 1764 4270 ὑμῶν
1822 4192 1989 4260 σητό-

334 4283 513 4365 ϐρωτα
579 4287 816 4367 γέγονεν.
894 4277 952 4346 Ὀ
1020 4288 1219 4368 γρυσὸς
1302 4287 1449 4362 ὑμῶν
1525 4285 1613 4342 καὶ
1683 4287 1712 4341 6
1768 4283 1989 4364 ἄργυρος

336 4375 613 4440 κατίωται,
693 4378 793 4436 Καὶ
862 4378 891 4434 ὁ
960 4378 1039 4440 ἰὸς
1109 4376 1282 4433 αὑτῶν
1346 4377 1421 4441 εἰς
1498 4375 1777 4455 μαρτύριον
1860 4375 1989 4438 ὑμῖν

2157 4009 2230 4086 V,
2255 4013 2382 4076 1-6.
2410 4014 2456 4076 A
2470 4014 2592 4095 gite
2610 4012 3290 4095 nunc,divites,plorate
3306 4009 3607 4090 ejulantes
3623 4027 3730 4073 su-

2069 4117 2188 4180 per
2206 4103 2469 4165 miseriis
2487 4104 2704 4167 vestris
2726 4122 2860 4184 quw
2874 4108 3320 4185 supervenient.
3354 4099 3603 4165 Divitiae
3624 4116 3731 4163 ve-

2071 4196 2215 4253 str-te
2235 4194 2591 4271 putre/acta:
2614 4201 2796 4257 sunt:
2819 4194 3176 4257 vestimenta
3199 4198 3405 4254 vestra
3426 4190 3606 4252 tineis
3621 4187 3731 4252 0b-

2069 4281 2262 4342 noatia
2277 4281 2442 4359 facta
2457 4285 2865 4346 sunt.Aurum
2885 4290 2940 4347 et
2959 4289 3287 4363 argentum
3307 4288 3574 4343 vestrum
3585 4295 3730 4341 eru-

2070 4370 2212 4448 gine
2234 4371 2521 4433 vitiatum
2537 4380 2624 4434 est
2652 4388 2666 4434 :
2689 4380 2745 4435 et
2765 4390 2947 4452 erugo
2994 4389 3205 4434 eorum
3230 4376 3294 4433 in
3317 4369 3733 4432 testimonium

336 4463 505 4541 ἔσται,
576 4467 666 4523 καὶ
733 4466 956 4547 φάγεται
1025 4467 1122 4533 τὰς
1194 4466 1392 4546 σάρκας
1477 4467 1624 4542 ὑμῶν
1715 4466 1788 4529 ὡς
1862 4466 1983 4544 πῦρ.

2073 4456 2239 4547 vobis
2254 4460 2344 4521 eri
2350 4467 2457 4536 t,et
2481 4461 2723 4524 excedet
2741 4479 2955 4525 carnes
2978 4469 3206 4524 vestras
3224 4461 3382 4523 sicut
3399 4460 3583 4538 ignis.
3608 4460 3732 4520 Pro

338 4534 759 4634 ’EOndaupicats'
1079 4555 1134 4612 ἐν
1210 4534 1467 4636 ἐσχάταις
1511 4534 1785 4634 ’ἡμέρας
1860 4534 1987 4610 uae;

2075 4545 2358 4610 thesauro
2377 4534 2805 4613 recondidistis
2841 4550 3008 4613 vobis
3028 4551 3189 4612 iram
3210 4550 3274 4611 in
3294 4534 3581 4611 extremis
3600 4547 3731 4609 die-

336 4645 367 4700 6
399 4644 584 4718 μισθὺς
613 4651 721 4701 τῶν
748 4643 986 4724 ἐργατῶν
1008 4645 1114 4701 τῶν
1143 4643 1465 4722 ἀμησάντων
1493 4643 1586 4706 τὰς
1605 4643 1791 4723 χώρας
1818 4642 1990 4718 ὑμῶν,

2078 4636 2372 4701 bus.Ecce
2391 4656 2618 4702 merces
2639 4642 3052 4721 operariorum
3095 4644 3201 4718 qui
3220 4643 3600 4700 messuerunt
3627 4653 3731 4698 re-

335 4734 365 4789 6
393 4732 821 4813 ἀπεστερημένος
866 4732 959 4815 ἀφ’
1002 4735 1151 4810 ὑμῶν
1192 4734 1393 4812 κράζει.
1455 4733 1554 4790 Καὶ
1610 4734 1663 4787 αἱ
1717 4732 1835 4809 βοαὶ
1890 4736 1987 4788 τῶν

2075 4726 2284 4815 giones
2305 4735 2703 4809 vestras,quce
2720 4731 2944 4811 fraude
2964 4747 3089 4792 non
3115 4727 3351 4790 reddita
3374 4732 3458 4789 est
3478 4743 3517 4786 a
3536 4726 3729 4807 vobis,

332 4822 650 4902 θερισάντων
680 4824 756 4887 εἰς
782 4823 848 4880 τὰ
892 4824 1004 4880 ὦτα
1061 4824 1246 4902 Κυρίου
1300 4819 1520 4879 Σαϐαὼθ
1575 4819 1990 4889 εἰσεληλύθασιν.

336 4907 700 4991 Ἐτρυφήσατε
742 4912 828 4970 ἐπὶ
851 4913 951 4980 τῆς
995 4913 1097 4992 γῆς
1127 4914 1216 4970 καὶ
1244 4910 1671 4982 ἐσπαταλήσατε.
1704 4907 1993 4990 Ἐτρέψατε

337 5000 433 5064 τὰς
489 4999 704 5079 καρδίας
753 5003 930 5078 ὑμῶν,
1004 5004 1077 5065 ὡς
1139 5002 1192 5059 ἐν
1255 5000 1431 5081 ἡμέρᾳ
1473 5002 1704 5081 σφαγῆς.
1769 4997 1993 5057 Κατεδι-

336 5088 558 5164 κάσατε,
637 5089 951 5173 ἐφονεύσατε
1005 5093 1096 5148 τὸν
1165 5090 1387 5152 δίκαιον,
1467 5092 1575 5148 Οὔκ
1626 5088 1992 5145 ἀντιτάσσεται

339 5178 491 5252 ὖμτν.
538 5202 557 5231 ι

419 5290 443 5323 ι
497 5257 639 5348 ’Ἄγε
671 5277 782 5334 νῦν,
824 5296 851 5327 ιι
887 5273 961 5332 Τὸ
1003 5269 1262 5353 φειδωλὸν
1292 5271 1379 5327 καὶ
1409 5268 1667 5350 γλίσχρον
1694 5274 1799 5324 τῶν
1829 5265 1993 5324 πλου-

335 5357 459 5413 σίων
501 5362 692 5438 θρῆνον
747 5363 920 5419 αὑτῶν
976 5374 1236 5441 ποιεῖται,
1270 5358 1535 5431 ὀλολύζειν
1579 5357 1766 5423 αὑτοὺς
1824 5379 1991 5437 παρα-

333 5445 704 5525 κελευόμενος,
761 5450 1019 5524 τουτέστι,
1078 5454 1317 5526 θρηνεϊν,
1372 5451 1446 5513 ὡς
1520 5450 1593 5514 εἷς
1662 5447 1988 5525 ἀνύπαρκτον

401 5536 416 5557 κ
1007 5540 1017 5558 Ι
1452 5546 1476 5555 -σ
1671 5539 1684 5559 9
1741 5542 1759 5551 ι’
1972 5537 1985 5557 ε

332 5555 419 5592 και
486 5540 680 5619 φθορὰν
733 5562 1140 5617 ταμιευομενους
1197 5540 1288 5597 τὸν
1344 5539 1574 5597 πλουτον
1630 5558 1822 5609 αυτων,
1897 5559 1988 5592 και

2078 4814 2305 4877 clamat
2327 4833 2340 4878 :
2361 4825 2416 4879 et
2438 4818 2733 4881 clamores
2753 4821 2861 4901 qui
2894 4824 3297 4891 messuerant,
3323 4818 3390 4878 in
3410 4832 3588 4877 aures
3616 4815 3736 4876 Do-

2077 4904 2232 4965 mini
2251 4903 2521 4969 Sabaoth
2542 4908 3017 4971 introieruntJn
3031 4906 3274 4969 delictis
3293 4906 3538 4968 vixistis
3551 4920 3735 4984 super

2079 4999 2313 5057 terram
2332 5002 2387 5058 et
2420 4995 2768 5078 lascivistis,
2813 4996 3130 5059 enutristis
3166 4994 3350 5057 corda
3387 4999 3734 5057 vestratan-

2076 5099 2283 5164 quam,
2308 5086 2373 5147 in
2406 5087 2566 5149 diem
2606 5087 2959 5150 occisionis.
2988 5084 3453 5147 Condemnastis
3488 5089 3543 5147 et
3564 5085 3729 5147 occi-

2074 5171 2250 5235 distis
2276 5176 2524 5251 iustum,
2552 5194 2661 5239 nec
2692 5176 2911 5239 restitit
2940 5175 3134 5237 vobis.

2164 5260 2368 5342 «Agite
2380 5282 2561 5327 nunc.
2577 5288 2600 5323 ν
2632 5264 2887 5327 Divitum
2908 5264 3285 5326 tenacitatem
3300 5282 3368 5326 ac
3388 5263 3734 5344 parcitatem

2071 5348 2647 5417 facitlamentatione
2669 5354 2957 5435 ipsorum,
2980 5354 3205 5435 ejulare
3229 5372 3331 5416 eos
3348 5353 3584 5429 iubens,
3619 5353 3734 5417 hoc

2072 5440 2692 5526 est,lamentari,utqui
2706 5442 2778 5505 ad
2791 5442 3099 5506 interitum
3115 5451 3172 5505 et
3185 5443 3580 5525 perditionem
3596 5462 3734 5507 suas

2068 5530 2399 5598 recondant
2418 5533 2796 5615 divitias,nec
2809 5532 3343 5616 ipsasinsumantin
3360 5533 3759 5616 egenoszsola'

407 5715 472 5768 50
502 5716 710 5781 Matth.
741 5732 830 5783 nx.
864 5718 964 5784 l9.
1012 5719 1066 5773 51
1100 5722 1235 5786 Act.
1268 5734 1312 5801 ι,
1352 5720 1374 5784 1
1451 5716 1767 5782 5210mm.
1801 5733 1887 5794 1x,
1918 5714 1987 5779 23

2073 5712 2125 5779 II
2156 5715 2293 5777 Cor.
2326 5730 2388 5792 x,
2425 5713 2523 5777 t7.
2570 5714 2636 5767 53
2668 5712 2827 5781 Psal.
2860 5730 3070 5790 mm,
3102 5715 3164 5780 3.
