4136 6444
392 366 513 434 503

1511 372 1862 437 (ECUMEN
1867 374 1926 436 II
1970 369 2267 435 TRIGC/E
2307 374 2645 439 EPISGOPI

3663 372 3781 438 504

395 521 656 586 namque
684 503 1023 567 divitiarum
1052 504 1114 567 in
1144 504 1257 567 hos
1275 504 1598 587 insumptio
1626 507 1769 568 474
1800 526 1924 570 non
1951 523 2043 588 pe-

2148 507 2226 583 μὴ
2276 524 2393 572 τοῖς
2444 507 2708 586 δεομένοις
2763 511 3103 575 δαπανῶντας
3152 510 3330 570 αὐτόν.
3388 510 3539 577 Μόνη
3593 509 3692 587 γὰρ
3748 510 3794 576 ἡ

389 591 944 674 rit,sedinsumenti
967 591 1201 673 integra
1211 603 1499 658 servatur.
1534 594 1859 677 Propterea
1872 596 2050 659 etiam

389 681 538 745 dicit
553 681 968 745 Parmmiastes
992 700 1006 743 :
1030 682 1192 746 Mitte
1222 701 1434 765 panem
1460 691 1623 746 tuum
1642 704 1824 767 super
1839 685 2050 748 faciem

386 789 578 853 aquai,
605 772 721 835 hoc
750 779 863 848 est,
896 790 1081 854 super
1112 780 1498 853 apparentem
1531 774 1775 856 quidem
1799 776 2050 838 dissolu-

393 859 620 924 tionem
637 878 706 923 ac
724 862 1168 942 corruptionem
1190 862 1331 942 (hoc
1351 862 1510 925 enim
1541 864 1824 946 consequi
1846 872 2050 928 natum

387 956 482 1012 est
501 967 717 1031 panem
728 948 791 1012 in
804 967 989 1031 aquas
1007 951 1366 1031 projectum)
1378 960 1576 1014 :attam
1585 970 1658 1013 en
1677 971 2048 1034 nequaquam

391 1036 761 1119 deperditur,
794 1039 902 1101 sed
924 1036 1017 1100 sui
1049 1040 1435 1120 corruptione
1464 1041 1844 1120 refrigerium
1878 1043 2051 1105 nobis

388 1127 932 1210 conciliat,quando
955 1129 1219 1191 futurum
1244 1136 1404 1192 esset
1424 1138 1485 1192 ut
1503 1130 1706 1211 lingua
1729 1133 1790 1194 in
1813 1134 2052 1195 ﬂamma

385 1217 939 1297 cruciata,egestate
964 1224 1141 1298 guttae
1162 1237 1329 1299 aqua:
1351 1238 1789 1300 premere-mur.
1825 1246 1852 1278 or
1886 1221 2051 1285 Divi-

390 1306 487 1369 tiae
502 1313 770 1370 vestrae.»
795 1306 930 1371 Sive
958 1309 1267 1389 0pulentia
1307 1316 1524 1372 vestra.
1560 1308 2044 1373 Subaudiendum

390 1395 573 1469 est,id
594 1402 705 1473 est,
740 1415 915 1478 quam
948 1397 1343 1478 opulentiam,
1376 1410 1443 1459 ut
1492 1398 1557 1462 ﬁt
1586 1418 1798 1461 sensus
1834 1422 1847 1459 :
1880 1399 2044 1462 Divi-

389 1484 489 1547 tiae
518 1492 727 1548 vestrae
754 1504 901 1567 quas
928 1493 1203 1567 tanquam
1235 1487 1436 1566 ignem
1495 1506 1602 1569 pro
1634 1489 1911 1550 thesauro
1940 1507 2045 1550 re-

390 1575 744 1639 condidistis
766 1576 1057 1639 excedent
1086 1595 1295 1639 carnes
1344 1585 1606 1642 vestras.
1637 1603 1663 1633 α
1698 1577 2050 1640 Putrefactaa

394 1671 537 1728 sunt
565 1672 622 1726 et
676 1665 1025 1727 vestimenta
1074 1674 1292 1729 vestra.
1334 1691 1357 1722 ο
1393 1667 1784 1743 Putrefactio,
1833 1668 2044 1749 inquit,

394 1753 732 1816 divitiarum
764 1762 823 1814 et
850 1754 1343 1817 vestimentorum
1364 1756 1629 1820 corrosio
1649 1757 1773 1819 sive
1792 1760 1994 1820 exesio
2015 1776 2049 1819 a

2132 599 2262 675 πρὸς
2322 598 2528 663 τούτους
2594 599 2820 657 πλούτου
2862 598 3070 667 δαπάνη
3127 599 3223 657 οὒκ
3275 597 3590 669 ἀπόλλυται,
3664 595 3783 653 ἀλλ’

2133 685 2372 765 ἀκέραιος
2427 695 2504 763 τῷ
2557 687 2855 746 δαπανῶντι
2915 688 3007 770 φυ)
3020 689 3253 748 άττεται.
3343 688 3439 745 Διὰ
3492 694 3647 744 τοῦτο
3699 689 3788 744 καὶ

2134 776 2162 831 6
2232 778 2626 854 Παροιμιαστής
2681 801 2811 859 φησι
2842 793 2857 807 ·
2912 776 3257 835 Ἀπόστειλον
3319 778 3411 833 τὸν
3473 774 3629 855 ἄρτον
3696 797 3787 833 σου

2136 863 2221 921 ἐπὶ
2275 865 2560 945 πρόσωπον
2625 865 2829 944 ὕδατος,
2901 866 3190 947 τουτέστιν,
3261 866 3347 923 ἐπὶ
3404 864 3630 942 δοκούσῃ
3687 864 3785 939 μὲν

2135 951 2370 1011 διαλύσει
2448 957 2536 1012 καὶ
2618 960 2779 1037 φθορᾷ
2855 961 3024 1029 (τοῦτο
3093 957 3193 1036 γὰρ
3250 960 3329 1031 τῷ
3394 958 3514 1013 καθ’
3600 953 3784 1018 ὕδατος

2133 1043 2467 1121 ῥιπτουμένῳ
2528 1044 2669 1121 ἅρτῷ
2736 1045 2963 1126 πέφυκεν
3021 1044 3418 1125 ἐπακολουθεῖν)
3456 1060 3470 1074 ⁶
3537 1047 3598 1103 οὒ
3653 1042 3784 1119 μέν⁹

2132 1154 2214 1190 τοι
2271 1136 2359 1190 καὶ
2415 1132 2789 1212 ἀπολλυμένῳ,
2862 1133 3000 1192 ἀλλὰ
3067 1134 3135 1210 τῇ
3190 1132 3425 1191 διαλύσει
3491 1133 3780 1214 ἀναψυχὴν

2128 1223 2264 1298 ἡμῖν
2335 1222 2686 1305 προξενοῦντι,
2743 1227 2970 1291 ὁπηνίκα
3029 1222 3315 1301 μέλλοιμεν
3379 1222 3478 1291 τὴν
3535 1222 3781 1303 γλῶσσαν

2130 1312 2183 1368 ἐν
2241 1316 2308 1387 τῇ
2354 1311 2510 1392 φλογὶ
2567 1314 3079 1391 ἀποτηγανιζόμενοι
3119 1311 3320 1391 ῥανίδος
3362 1309 3549 1376 ὕδατος
3622 1334 3786 1390 προσ-

2128 1401 2353 1483 δεῖσθαι,
2407 1425 2434 1458 α
2486 1395 2543 1461 Ὀ
2585 1401 2811 1466 πλοῦτος
2866 1404 3036 1463 ὑμῶν.
3092 1425 3116 1461 ο
3167 1402 3668 1483 Προσυπακουστέον
3721 1404 3785 1459 τὸ

2126 1475 2212 1567 ηΟ,
2246 1490 2388 1567 ’ἶν’ἶ]
2431 1490 2597 1557 οὕτως
2635 1509 2649 1523 ³
2700 1484 2756 1550 Ὀ
2790 1491 3015 1558 πλοῦτος
3045 1475 3226 1569 ὑμῶν,
3276 1493 3333 1550 ὃν
3376 1494 3450 1557 ὣς
3653 1491 3784 1558 ἐθη-

2130 1581 2427 1660 σαυρίσατε,
2474 1582 2834 1662 καταφάγεται
2876 1582 2972 1645 τὰς
3017 1582 3214 1661 σάρκας
3257 1582 3429 1659 ὐμῶν.
3480 1602 3505 1637 υ
3570 1580 3784 1648 Σέσηπε

2129 1671 2217 1727 καὶ
2246 1670 2313 1727 τὰ
2340 1671 2523 1747 ἱμάτια
2551 1673 2721 1748 ὑμῶν,
2777 1694 2805 1727 »
2857 1662 2919 1729 Ἠ
2976 1676 3164 1748 σῆψις,
3214 1673 3365 1752 ιρησὶ,
3408 1676 3503 1728 τοῦ
3556 1669 3785 1728 πλούτου

2130 1760 2218 1816 καὶ
2281 1761 2343 1816 τὸ
2411 1758 2752 1839 θριπήδεστον
2803 1762 2923 1829 ἡτοι
2977 1759 3297 1838 σιτόϐρωτον
3355 1766 3461 1817 τῶν
3529 1761 3775 1839 ἱματίων,

395 1841 596 1919 tineis,
631 1851 689 1905 et
718 1861 900 1923 erugo
928 1842 1059 1906 auri
1089 1851 1148 1906 et
1172 1844 1404 1924 argenti
1434 1845 1586 1907 feret
1613 1845 1927 1907 adversum
1950 1865 2043 1908 vos

2135 1850 2218 1905 καὶ
2273 1851 2301 1906 6
2356 1835 2453 1914 ἰὸς-
2476 1856 2567 1906 τοῦ
2608 1859 2809 1930 χρυσοῦ
2863 1851 2949 1907 καὶ
3004 1859 3097 1910 τοῦ
3133 1835 3382 1930 ἀργύρου
3435 1835 3779 1929 καταμαρτυέ

390 1932 830 2016 testimonium,
855 1952 1111 2013 arguens
1140 1934 1515 1997 tenacitatem
1546 1944 1827 1999 vestram.
1853 1935 2042 2017 Prop-

387 2028 481 2084 ter
509 2021 669 2104 quod
701 2023 762 2084 in
793 2023 1078 2086 extremis
1134 2023 1348 2086 diebus
1380 2023 1545 2105 (dicit
1574 2032 1772 2086 autem
1807 2024 2045 2086 Domini

393 2110 741 2191 adventum)
770 2112 1086 2176 invenietis
1141 2112 1378 2175 divitias
1424 2123 1650 2175 vestras
1708 2113 2048 2176 reconditas

382 2199 550 2262 vobis
568 2208 849 2283 tanquam
868 2203 1066 2282 ignem
1090 2202 1153 2264 in
1191 2201 1595 2284 perditionem
1627 2201 1818 2282 :quod
1864 2201 2040 2264 etiam

386 2289 554 2353 diviti
573 2291 927 2371 contigit,de
947 2311 1063 2373 quo
1091 2294 1148 2353 in
1166 2290 1506 2370 Evangelio.
1536 2315 1562 2346 α
1598 2289 1663 2352 In
1685 2290 1921 2352 deliciis
1952 2291 2043 2352 vi-

384 2378 615 2442 xistis.»
651 2378 1080 2443 Discurrebatﬁ
1105 2379 1339 2444 Judaici
1370 2380 1669 2461 principes
1693 2380 2046 2442 devorantes

392 2486 707 2550 pauperes,
743 2477 800 2531 et
831 2469 1298 2549 pinguescebant
1319 2469 1646 2531 honoribus
1672 2469 1773 2549 qui
1805 2468 2047 2531 defere-

389 2556 611 2621 bantur
633 2557 707 2620 ab
728 2558 1027 2634 omnibus,
1066 2559 1170 2622 sed
1192 2558 1551 2640 parabantur
1579 2558 1650 2619 ad
1679 2556 2045 2620 occisionem

391 2646 501 2709 sub
532 2646 812 2710 manibus
841 2647 1346 2714 Romanorum.Et
1378 2646 1635 2709 maxime
1666 2647 1803 2727 quia
1838 2646 2044 2708 Domi-

390 2754 532 2798 num
551 2736 654 2817 qui
674 2737 838 2800 solus
855 2745 980 2800 erat
993 2739 1191 2818 justus
1210 2737 1773 2817 condemnarunt,et
1801 2736 2045 2799 occide-

388 2833 531 2888 runt
559 2844 680 2887 non
716 2827 1179 2889 contendentem
1204 2845 1395 2908 neque
1418 2825 1870 2888 vociferantem.
1905 2824 2046 2887 Ideo

387 2932 551 2976 nunc
578 2913 727 2976 dicit
754 2935 768 2976 :
811 2912 1161 2978 «Occidistis
1173 2915 1464 2995 justum.)
1494 2914 1705 2976 Procul
1732 2914 1913 2976 dubio
1936 2915 2048 2976 hoc

389 3004 465 3067 ad
496 3003 796 3068 Christum
828 3004 1107 3069 refertur.
1141 3004 1256 3068 Per
1285 3003 1430 3066 illud
1464 3003 1832 3085 tamenquod
1857 3003 2042 3067 addit:

2131 1940 2280 2017 ρήσει
2339 1941 2509 2020 ὑμῶν,
2557 1938 2800 2020 ἐλέγχων
2853 1940 2917 1997 1:6
2972 1937 3294 2014 ἀμετὰδοτον
3349 1940 3521 2015 ὑμῶν,
3599 1937 3678 1994 Δι’
3752 1939 3781 1994 ὃ

2130 2028 2218 2084 καὶ
2282 2028 2337 2085 ἐν
2381 2029 2636 2110 ἐσχάταις
2697 2029 2921 2108 ἡμέραις
2980 2026 3138 2108 (λέγει
3193 2028 3249 2085 δὲ
3291 2028 3390 2096 τὴν
3445 2034 3538 2085 τοῦ
3598 2028 3781 2108 Κυρίου

2130 2117 2464 2198 παρουσίαν),
2497 2121 2746 2199 εὑρήσετε
2792 2120 2883 2175 τὸν
2936 2118 3162 2199 πλοῦτον
3217 2119 3364 2193 ὑμῶν
3414 2119 3487 2181 ὡς
3530 2123 3631 2197 πῦρ
3683 2140 3783 2174 τα-

2134 2197 2565 2285 μιευθένταῦμτν
2593 2210 2664 2272 εἰς
2695 2207 2933 2288 ὄλεθρον.
2987 2197 3168 2287 ’Ὀπερ
3215 2208 3305 2264 καὶ
3345 2208 3375 2263 ὁ
3430 2205 3485 2262 ἐν
3542 2207 3783 2285 Εὖαγγε-

2126 2295 2224 2372 λίῳ
2279 2295 2525 2361 πλούσιος
2578 2298 2859 2357 πέπονθεν.
2925 2320 2949 2353 (ι
3009 2294 3392 2377 Ἐτρυιρήσατε.
3426 2315 3457 2356 )
3509 2293 3782 2377 Καταδρο-

2129 2387 2205 2462 μὴ
2277 2392 2380 2442 τῶν
2442 2384 2747 2446 Ἰουδαϊκῶν
2809 2386 3086 2468 ἀρχόντων
3127 2382 3602 2461 καταϐοσκομένων
3658 2385 3780 2449 τοὺς

2127 2475 2379 2548 πένητας,
2416 2477 2502 2533 καὶ
2531 2476 2891 2552 πιαινομένων
2947 2488 3069 2540 ταῖς
3110 2475 3253 2554 παρὰ
3294 2474 3506 2531 πάντων
3562 2486 3773 2548 τιμαῖς,

2127 2561 2248 2620 ἀλλ’
2290 2565 2364 2628 εἰς
2395 2564 2605 2645 σφαγὴν
2656 2578 2779 2630 ταῖς
2841 2556 3171 2640 ιΡιιυμαΐκαῗς
3229 2564 3411 2644 χερσὶν
3469 2561 3775 2642 εὐτρεπιζο-

2128 2652 2322 2728 μένων.
2385 2655 2484 2712 Καὶ
2538 2652 2767 2729 μάλιστα
2838 2652 2918 2710 ὅτι
2972 2654 3064 2712 τὸν
3120 2653 3281 2729 μόνον
3337 2649 3535 2708 δίκαιον
3584 2651 3774 2723 Κύριον

2127 2740 2471 2801 κατεδίκασαν
2541 2744 2631 2800 καὶ
2691 2742 2971 2824 ἐφόνευσαν
3015 2742 3108 2800 οὐκ
3150 2742 3382 2822 ἐρὶζοντα
3438 2738 3555 2797 οὗδὲ
3608 2762 3777 2820 κραυ-

2129 2832 2377 2910 γάζοντα.
2443 2831 2861 2911 Ἀναντιρρήτως
2915 2833 3000 2912 τὸ,
3080 2853 3104 2888 ε
3170 2829 3515 2911 Ἐιρονεύσατε
3558 2831 3646 2886 τὸν
3698 2827 3779 2886 δί-

2131 2942 2304 2997 καιον,
2381 2942 2410 2976 ι
2475 2920 2560 2978 ἐπὶ
2618 2922 2708 2978 τὸν
2767 2921 2990 3001 Χριστὸν
3055 2919 3389 3001 ἀναφέρεται.
3447 2925 3528 2996 Τῇ
3598 2918 3780 2993 μέντοι

2131 3008 2355 3089 ἐπιφορᾷ
2376 3014 2467 3086 τῇ,
2495 3011 2602 3069 Οὔκ
2630 3010 2995 3072 ἀντιτάσσεται
3043 3010 3193 3086 ὑμῖν,
3225 3008 3471 3066 ἐκοίνωσε
3499 3010 3591 3065 τὸν
3621 3007 3780 3088 λόγον

387 3092 517 3156 Non
539 3093 764 3156 restitit
813 3093 1001 3169 vobis,
1059 3112 1440 3157 communem
1494 3092 1677 3155 efﬁcit
1705 3112 2043 3155 sermonem

2135 3099 2216 3155 καὶ
2245 3101 2376 3179 πρὸς
2403 3100 2521 3179 τοὺς
2552 3097 2743 3165 ἄλλους
2772 3100 2892 3165 τοὺς
2922 3099 2990 3155 τὰ
3017 3099 3180 3175 ὅμοια
3207 3098 3349 3178 παρὰ
3377 3096 3483 3153 τῶν
3513 3094 3775 3157 Ἰουδαίων

389 3182 567 3247 etiam
582 3182 656 3245 ad
673 3183 824 3245 alios
854 3183 955 3265 qui
977 3183 1196 3245 similia
1212 3203 1248 3246 a
1273 3181 1502 3247 Iudaeis
1526 3182 1683 3263 passi
1708 3194 1867 3246 sunt.
1887 3185 2042 3246 For-

2135 3178 2411 3253 παθόντας.
2464 3178 2631 3254 ⁷Ἰσως
2661 3186 2717 3246 δὲ
2773 3189 2862 3246 καὶ
2917 3194 3259 3269 προφητικῶς
3315 3188 3377 3243 τὸ
3427 3187 3546 3267 περὶ
3587 3187 3777 3244 ἑαυτὸν

387 3270 566 3335 tassis
593 3279 792 3335 autem
822 3280 881 3335 et
913 3273 1263 3354 prophetice
1309 3290 1475 3335 suam
1509 3271 1779 3352 designat
1808 3273 2041 3353 passio-

387 3378 550 3426 nem.

921 3455 1063 3519 475
1104 3455 1344 3522 CAPUT
1388 3455 1515 3521 VII.

385 3558 476 3621 De
496 3558 799 3639 patientia
819 3576 891 3623 ac
921 3562 1253 3623 tolerantia
1301 3561 1732 3639 afﬂictionum,
1759 3566 1815 3621 et
1854 3559 1926 3621 de
1945 3577 2042 3621 ve-

461 3608 649 3702 ritate
679 3659 695 3722 ς
724 3643 793 3702 in
835 3657 954 3721 quo
982 3649 1303 3722 ponuntur
1330 3608 1615 3719 speciales
1652 3608 2036 3703 adhortatio-

460 3737 568 3784 nes
593 3721 805 3800 cuique
831 3721 1247 3785 convenientes
1298 3739 1435 3784 cum
1463 3721 1579 3801 ﬁde
1607 3741 1620 3782 :
1657 3728 1711 3782 et
1754 3721 1914 3801 quod
1944 3721 2037 3783 ins

459 3802 853 3865 serviendum
881 3808 967 3865 est
996 3802 1185 3865 saluti
1206 3803 1501 3882 proximi.

459 3904 532 3981 V,
565 3903 747 3967 7-H.
807 3902 1218 3987 Longanimes
1256 3905 1456 3988 igitur
1511 3910 1723 3983 estote,
1783 3904 2037 3984 fratres,

376 4008 565 4073 usque
592 3991 673 4055 ad
701 3993 1032 4056 adventum
1057 3996 1323 4056 Domini.
1363 3994 1512 4057 Ecce
1539 3992 1813 4073 agrtrola
1833 4011 2042 4075 exspe-

379 4087 502 4146 ctat
517 4083 856 4163 pretiosum
883 4088 1149 4162 fructum
1199 4089 1403 4160 terrae,
1456 4083 1884 4163 longanimiter
1930 4101 2040 4145 ea:-

378 4177 660 4251 spectans
706 4171 907 4246 illum,
967 4173 1157 4236 donec
1200 4174 1461 4253 accipiat
1485 4173 1764 4253 pluviam
1799 4173 2044 4235 matuti-

378 4276 533 4323 παθη
561 4268 615 4325 et
634 4263 986 4324 serotinum.
1043 4263 1450 4342 Longanimes
1504 4262 1697 4343 igitur
1751 4267 1931 4324 estote
1987 4269 2042 4323 et

2125 3278 2436 3358 ὑπεμιραίνει
2468 3279 2656 3343 πάθος.

2762 3465 3016 3522 ΚΕΦΑΔ.
3061 3448 3140 3520 z'.

2129 3587 2154 3619 α
2188 3564 2313 3645 Περὶ
2354 3564 2708 3645 μακροθυμίας
2736 3566 2824 3621 καὶ
2854 3566 3125 3645 δπομονῆς
3154 3563 3508 3645 παθημάτων,
3548 3562 3776 3643 καὶπερὶ

2200 3642 2476 3712 ἀληθείαςζ
2503 3643 2593 3704 Ἐν
2620 3648 2666 3719 ᾧ
2693 3644 3028 3724 παραινέσεις
3053 3642 3214 3724 ίδικαὶ
3244 3644 3451 3717 ἑκάστῳ
3471 3642 3775 3724 προσήκου-

2201 3728 2289 3781 σαι
2332 3726 2468 3801 μετὰ
2496 3726 2748 3791 πίστεως.
2774 3722 2893 3784 Καὶ
2922 3724 3003 3782 ὅτι
3045 3722 3383 3792 διακονητέον
3409 3730 3478 3802 τῇ
3503 3722 3594 3783 τοῦ
3623 3722 3774 3792 πλη-

2205 3806 2315 3862 σίον
2348 3806 2603 3885 σωτηρίᾳ.
2645 3829 2668 3862 ι

2207 3925 2236 3958 α
2282 3904 2735 3984 Μακροθυμὴσατε
2789 3905 2899 3979 οὖν,
2960 3901 3198 3986 ἀδελφοὶ,
3258 3902 3359 3969 ἕως
3428 3902 3524 3970 τῆς
3582 3894 3779 3983 πῃ·-

2121 3993 2236 4058 σίας
2292 4000 2385 4051 τοῦ
2466 3995 2675 4073 Κυρίου.
2756 3991 2887 4053 Ἰδοὺ
2962 3999 2990 4052 6
3048 3996 3283 4074 γεωργὸς
3340 3990 3614 4074 ἐκδέχεται
3684 3995 3774 4049 τὸν

2121 4083 2295 4161 τίμιον
2350 4084 2554 4163 καρπὸν
2627 4085 2728 4151 τῆς
2804 4089 2931 4163 γῆς,
3017 4087 3367 4163 μακροθυμῶν
3450 4083 3536 4139 ἐπ’
3607 4084 3772 4157 αὐτῷ,

2123 4171 2224 4237 ἕως
2294 4170 2433 4250 λάϐῃ
2509 4175 2657 4231 ὑετὸν
2725 4179 2972 4254 πρώϊμον
3045 4176 3133 4231 καὶ
3213 4173 3433 4249 ὄψιμον.
3494 4176 3772 4251 Μακροθυ-

2127 4263 2333 4337 μήσατε
2384 4264 2472 4320 καὶ
2554 4265 2735 4340 ὑμεῖς,
2817 4263 3101 4342 Στηρίξατε
3170 4264 3262 4329 τὰς
3318 4260 3528 4342 καρδίας
3597 4264 3770 4338 ὑμῶν,

375 4367 514 4433 vce,
550 4356 607 4414 et
635 4350 990 4430 conﬁrmate
1032 4350 1215 4414 corda
1242 4357 1465 4423 vestra,
1512 4355 1797 4430 quoniam
1815 4350 2043 4412 adven-

2135 4350 2208 4408 ὅτι
2274 4355 2309 4421 ἡ
2380 4356 2635 4432 παρουσία
2700 4357 2796 4413 τοῦ
2874 4356 3059 4434 Κυρίου
3141 4353 3353 4433 ἤγγικε.
3429 4353 3518 4421 Μὴ
3581 4355 3775 4410 στενά-

378 4445 475 4503 tus
519 4439 774 4503 Domini
832 4443 1305 4521 apprOpinquat.
1391 4439 1592 4504 Nolite
1649 4440 2039 4517 ingemiscere

2135 4449 2237 4512 ζετε
2280 4439 2398 4499 κατ’
2459 4442 2732 4526 ἀλλήλων,
2790 4442 3025 4524 ἀδελφοὶ,
3097 4443 3191 4500 ἵνα
3248 4445 3326 4518 μὴ
3398 4443 3768 4526 κατακριθῖπε.

372 4530 541 4592 alius
568 4528 861 4592 adversus
891 4528 1107 4604 alium,
1151 4530 1402 4608 fratres,
1455 4538 1523 4593 ut
1548 4547 1626 4592 ne
1668 4528 2035 4592 condemne-

370 4620 552 4684 mini.
580 4618 743 4682 Ecce
773 4617 976 4681 Judea:
1021 4626 1163 4681 ante
1198 4619 1462 4698 januam
1521 4620 1775 4681 assistit.
1805 4618 2041 4680 Exem-

366 4707 540 4791 plum
569 4707 844 4789 accipite,
879 4707 1100 4773 fratres
1130 4709 1276 4782 mei,
1312 4709 1669 4787 afﬂictionis
1700 4725 1775 4770 ac
1803 4711 2039 4786 patien-

366 4800 498 4874 tiae,
526 4798 854 4880 prophetas
892 4798 1001 4878 qui
1026 4796 1218 4860 locuti
1245 4807 1388 4861 sunt
1410 4797 1739 4877 minemine
1765 4795 2034 4861 Domini.

364 4887 524 4953 Ecce
555 4886 756 4951 beatos
783 4886 1065 4951 ducimus
1093 4905 1193 4950 eos
1223 4889 1332 4969 qui
1363 4893 1695 4951 sustinent.
1740 4885 2035 4949 Toleran-

367 4983 524 5041 tiam
555 4976 671 5041 Job
722 4977 1071 5059 audistis,et
1098 4978 1279 5058 ﬁnem
1308 4977 1560 5040 Domini
1579 4978 1847 5049 vidistis,
1883 4977 2040 5054 quod

361 5066 536 5130 valde
551 5069 901 5130 misericors
920 5065 997 5129 sil
1030 5067 1329 5131 Dominus
1358 5085 1429 5130 ac
1459 5067 1893 5129 commiserans

446 5157 760 5237 Postquam
790 5155 1176 5219 Judaicorum
1211 5156 1547 5238 principum
1581 5154 1828 5219 delicias
1851 5172 2033 5215 accu-

2128 4529 2261 4588 Ἰδοὺ
2333 4535 2361 4589 6
2430 4534 2614 4612 κριτὴς
2683 4523 2784 4613 πρὸ
2869 4523 2974 4591 τῶν
3043 4537 3207 4612 θυρῶν
3270 4530 3514 4600 ἕστηκεν.
3606 4523 3773 4589 ’Υπό-

2122 4617 2316 4700 δειγμα
2359 4619 2548 4680 λάϐετε
2606 4625 2705 4691 τῆς
2769 4622 3143 4694 κακοπαθείας,
3205 4618 3417 4701 ἀδελφοί
3488 4642 3612 4696 μου,
3683 4622 3774 4676 καὶ

2122 4712 2222 4774 τῆς
2306 4713 2684 4790 μακροθυμίας,
2770 4711 2891 4774 τοὺς
2973 4710 3271 4790 προφητὲς,
3359 4710 3412 4766 οἳ
3507 4706 3768 4776 ἐλάλησακ

2121 4797 2199 4872 τῷ
2257 4798 2475 4875 ὀνόματι
2534 4800 2742 4881 Κυρίου,
2804 4798 2933 4857 Ἰδοὺ
3005 4800 3356 4877 μακαρίζομεν
3431 4799 3551 4862 τοὺς
3635 4799 3774 4854 ὑπο-

2124 4884 2401 4963 μένοντας.
2435 4890 2545 4958 Τὴν
2573 4890 2844 4966 ὑπομονὴν
2874 4886 2997 4947 Ἰὼϐ
3051 4881 3335 4967 ἠκούσατε,
3392 4889 3480 4944 καὶ
3520 4889 3581 4944 τὸ
3622 4885 3774 4950 τέλος

2126 4978 2309 5055 Κυρίου
2338 4976 2530 5054 εἴδετε,
2562 4978 2643 5036 ὅτι
2689 4976 3139 5058 πολύσπλαγχνός
3199 4976 3338 5034 ἐστιν
3394 4979 3423 5033 6
3468 4976 3654 5054 Κύριος
3686 4975 3779 5033 καὶ

2122 5065 2426 5144 οἰκτίρμων.
2468 5092 2492 5124 »

2210 5156 2489 5215 Διαϐαλὼν
2545 5160 2644 5226 τὴν
2705 5160 2810 5215 τῶν
2868 5155 3175 5217 Ἰουδαϊκῶν
3246 5155 3522 5236 ἀρχόντων
3582 5157 3781 5213 σπατά-

360 5244 532 5318 savit,
568 5252 630 5306 et
674 5261 882 5305 eorum
939 5244 1227 5307 saevitiam
1262 5264 1332 5307 ac
1360 5244 1854 5307 inhumanitatem
1889 5261 2030 5323 erga

2135 5252 2246 5320 inv,
2298 5249 2386 5304 καὶ
2441 5250 2502 5306 τὸ
2553 5250 2684 5328 πρὸς
2735 5250 2855 5314 τοὺς
2900 5247 3134 5314 πένητας
3192 5245 3350 5303 αὺτὸν
3401 5243 3633 5322 σκληρὸν
3694 5248 3781 5302 καὶ

364 5334 910 5412 pauperes,transit
937 5333 1112 5395 etiam
1166 5334 1238 5396 ad
1272 5334 1512 5409 ﬁdeles,
1546 5343 1605 5395 et
1633 5333 1754 5394 ait:
1787 5330 1874 5393 Ne
1905 5333 2029 5394 haec

2135 5337 2487 5416 ιπάνθρωπον,
2552 5337 2853 5415 μεταϐαίνει
2912 5339 2999 5394 καὶ
3049 5337 3133 5394 ἐπὶ
3198 5337 3318 5401 τοὺς
3387 5335 3626 5414 πιστοὺς,
3684 5337 3775 5392 καί

362 5418 634 5509 videntes
664 5420 1316 5504 oﬂ‘endamini,fratres,
1344 5442 1538 5504 neque
1563 5423 1767 5485 animo
1788 5421 2031 5501 dejicia-

2135 5449 2243 5506 mat
2278 5445 2292 5459 '
2359 5430 2446 5497 Μὴ
2503 5439 2667 5489 ταῦτα
2737 5430 2985 5509 ὁρῶντες,
3046 5424 3279 5506 ἀδελφοὶ,
3345 5422 3765 5496 σκανδαλίζεσθε,

362 5507 535 5578 mini.
567 5508 736 5591 quasi
767 5518 869 5573 aut
918 5529 1038 5572 non
1087 5510 1354 5592 reposita
1384 5513 1448 5574 ﬁt
1476 5512 1539 5574 in
1570 5512 1710 5573 illos
1738 5509 2023 5585 vindicta,

2135 5514 2249 5583 ιηδὲ
2281 5517 2553 5595 ἀθυμεῖτε,
2599 5522 2672 5583 ὡς
2819 5519 2897 5594 μὴ
2941 5507 3260 5586 ἐκδικήσεως
3305 5513 3687 5590 ἀποκειμένης,
3733 5517 3768 5584 ἢ

348 5604 450 5689 aut
475 5597 540 5660 ﬁt
591 5598 832 5689 quidem
867 5602 1149 5680 reposita,
1212 5600 1317 5689 sed
1366 5600 1619 5689 nimium
1653 5600 1863 5689 tardet.
1919 5601 2024 5661 Est

2135 5594 2471 5689 Ἠειμένης
2532 5609 2651 5689 μὲν,
2713 5606 3066 5687 βραδυνούσης
3108 5604 3186 5667 δέ,
3250 5594 3416 5663 ’Ἐστι
3455 5604 3571 5689 Δγὰρ
3626 5603 3768 5661 ἐκδί-

338 5683 501 5748 enim
516 5694 680 5749 certa
697 5686 862 5764 ultio,
893 5704 1082 5768 eaque
1101 5705 1134 5749 e
1173 5687 1421 5768 vestigio
1441 5686 1877 5753 ventura.Dicit
1907 5705 2012 5749 au-

2135 5683 2264 5763 ἧδ’-ῖς
2310 5683 2413 5756 καὶ
2469 5699 2604 5756 κατὰ
2638 5683 2854 5764 νπόδας,
2927 5696 3083 5775 Λέγει
3164 5692 3220 5751 δὲ
3278 5694 3379 5761 τὴν
3455 5684 3763 5768 Ῥωμαϊκὴν
