4136 6416
397 376 516 442 505
1341 378 1737 442 COMMENT.
1785 374 1867 440 IN
1912 370 2154 435 EPIST.
2203 368 2528 438 CATHOL.
2573 375 2854 439 JACOBI.
3181 372 3186 377 ’
3669 363 3792 432 506

396 511 727 594 ἔφοδον,ᾐκαὶ
756 513 856 580 τὴν
895 513 998 568 ὑπὸ
1041 512 1236 569 τούτων
1306 509 1680 591 αἰχμαλωσίαν
1749 516 1854 569 τῶν
1904 511 2024 568 Ἰου-

2131 512 2250 567 tem
2276 506 2680 572 Romanorum
2729 507 3020 571 insultum
3086 515 3147 571 et
3173 501 3656 594 Judaorumisub
3690 500 3788 563 his

395 592 580 664 δαίων,
615 592 729 659 ’Ἦν
799 601 889 658 καὶ
940 601 1227 680 παρουσίαν
1295 599 1454 658 καλεῖ
1493 608 1601 657 ιτοῦ
1662 601 1849 681 Κυρίου
1904 604 1976 666 ὡς
2021 631 2024 648 ‹

2131 597 2742 680 captivitatem,quau1
2765 599 2944 662 etiam
2965 597 3280 660 adventum
3303 593 3540 657 Domini
3557 600 3725 654 vocat
3763 611 3776 654 :

398 689 649 758 Ἰωάννης
693 694 721 748 ὁ
751 689 837 748 ἐπὶ
864 692 925 748 τὸ
995 694 1186 758 στῆθος
1250 690 1532 748 ἀναπεσὼν
1588 698 1683 749 τοῦ
1740 691 1947 771 Κυρίου,
1981 689 2024 747 δι

2131 687 2636 766 quemadmodum
2694 696 2752 751 et
2775 691 3035 749 Joannes
3077 684 3179 768 qui
3210 702 3390 766 super
3421 690 3628 764 pectus
3661 681 3787 743 Do-

395 781 493 856 ὧν,
525 783 678 862 φησὶ,
723 780 842 860 περὶ
870 781 968 846 τῆς
999 779 1156 836 αὒτοῦ
1198 777 1567 854 ἀποϐιώσεως,
1624 781 1715 836 τὸν
1745 782 1901 838 αὐτὸν
1933 783 2024 837 εἶσ‹

2133 775 2278 837 mini
2300 777 2596 849 recubuit,
2632 797 2766 840 cum
2793 778 2868 840 de
2886 795 2992 839 suo
3019 775 3276 858 loquitur
3297 773 3560 846 interitu,
3592 773 3786 852 ipsum

396 861 548 948 άγων
585 871 775 950 Κύριον
845 867 1069 948 λέγοντα
1116 887 1130 902 ·
1211 891 1239 923 α
1273 866 1398 926 Ἐὰν
1455 871 1634 944 αὐτὸν,
1691 868 1828 926 θέλω
1869 869 2024 946 μένειε

2127 863 2447 928 Dominum
2471 866 2723 944 inducit,
2750 866 3048 928 dicentem
3082 884 3095 928 :
3129 888 3152 920 α
3190 863 3252 927 Si
3284 882 3420 925 eum
3448 861 3624 923 velim
3657 878 3789 922 ma-

395 958 497 1023 ἓως
539 957 812 1038 ἕρχωμαι.
864 981 888 1016 ο
928 958 1028 1016 Καὶ
1079 958 1178 1037 γὰρ
1220 957 1492 1038 παρετάθη
1551 959 1639 1015 καὶ
1681 959 1848 1033 τούτῳ
1889 962 1916 1016 ὁ
1944 964 2024 1026 τῆς

2128 972 2275 1016 nere
2295 955 2488 1017 donec
2520 955 2748 1019 veniam
2779 956 2867 1019 54.
2911 975 2934 1014 ι
2974 953 3207 1016 Etenim
3237 953 3375 1013 476
3412 950 3554 1013 huic
3585 967 3788 1031 proro-

394 1054 535 1120 ζωῆς
562 1049 760 1116 ταύτης
790 1049 1011 1128 χρόνος,
1057 1047 1158 1112 ἕως
1189 1047 1287 1115 τῆς
1349 1046 1598 1114 ἁλώσεως
1671 1039 2024 1128 Ἰερουσαλὴμ

2125 1051 2322 1122 gatum
2354 1052 2444 1106 est
2475 1053 2712 1126 tempus
2742 1046 2923 1125 hujus
2966 1046 3094 1106 vita:
3125 1062 3312 1125 usque
3356 1042 3430 1104 ad
3479 1039 3784 1120 captivita-

2124 1138 2241 1193 tem
2270 1132 2800 1215 Jerosolymorum,
2855 1142 2912 1196 et
2945 1135 3120 1214 paulo
3162 1133 3318 1194 ultra
3344 1130 3488 1194 illud
3523 1138 3779 1208 tempus.

2121 1217 2408 1303 Quodque
2437 1222 2677 1285 Domini
2726 1222 3015 1285 adventus
3071 1221 3221 1283 etin
3274 1222 3388 1283 hoc
3420 1221 3549 1282 loco
3608 1226 3667 1278 et
3721 1216 3782 1278 in

2117 1306 2348 1373 Joanne
2363 1312 2427 1372 ﬁt
2450 1311 2680 1374 eversio
2704 1311 3060 1386 Jerusalem,
3085 1309 3463 1372 manifestum
3489 1309 3662 1369 etiam
3691 1314 3784 1370 est

2119 1415 2153 1460 θ
2183 1401 2606 1483 propheta,qui
2628 1400 2710 1462 ait
2737 1420 2750 1463 :
2779 1404 2968 1464 «Ecce
2992 1399 3282 1463 Dominus
3315 1398 3534 1472 veniet,
3562 1404 3621 1458 et
3648 1395 3782 1477 quis

2119 1489 2439 1551 sustinebit
2465 1491 2623 1552 diem
2652 1493 2952 1570 ingressus
2971 1492 3097 1568 eius
3202 1489 3232 1548 ἱ)
3264 1515 3290 1545 ω
3321 1495 3525 1568 utpote
3543 1484 3782 1548 Domini

2121 1576 2374 1642 adventu
2406 1579 2634 1641 ferente
2663 1581 2951 1642 adversus
3002 1579 3220 1660 impios
3250 1575 3634 1658 supplicium.
3663 1572 3780 1636 Sed

2123 1673 2181 1727 et
2205 1665 2470 1732 Joannes
2499 1670 2958 1750 Chrysostomus
3007 1669 3068 1730 in
3120 1669 3375 1750 quadam
3407 1663 3780 1728 enarratione

2120 1772 2246 1831 sua,
2282 1757 2397 1819 hoc
2412 1757 2596 1833 idem,
2627 1758 2830 1820 Donec
2858 1758 3118 1834 veniam,
3155 1757 3493 1838 explicans:
3527 1754 3652 1816 Hoc
3685 1751 3778 1814 di-

2119 1853 2304 1922 ctum,
2329 1847 2892 1928 iuquit,signiﬁcare
2923 1848 3044 1909 vult
3075 1845 3480 1909 omnimodam
3509 1841 3773 1905 eversio-

393 1139 482 1194 καζ
509 1138 697 1216 μικρὸν
752 1137 1017 1200 ἐπέκεινα,
1058 1141 1155 1196 Καὶ
1209 1137 1296 1194 ὅτε
1337 1139 1372 1205 ἡ
1429 1143 1522 1194 τοῦ
1582 1137 1766 1217 Κυρίου
1832 1160 2036 1219 παρου-

393 1225 479 1282 σία
503 1229 591 1283 καὶ
619 1226 836 1286 ἐνταῦθα
863 1228 952 1284 καὶ
993 1226 1079 1283 ἐπὶ
1135 1229 1226 1283 τοῦ
1300 1217 1543 1284 Ἰωάννου
1612 1228 1648 1292 ἡ
1683 1232 1782 1295 τῆς
1841 1217 2034 1306 Ἰερου-

391 1314 577 1390 σαλὴμ
603 1314 929 1394 πανωλεθρία
967 1314 1098 1390 ἐστὶ,
1143 1313 1302 1383 δῆλον
1357 1317 1446 1372 καὶ
1500 1315 1606 1373 ἀπὸ
1634 1324 1727 1374 τοῦ
1767 1319 2036 1399 προφήτου

391 1401 635 1482 λέγοντος
670 1419 686 1435 ⁶
739 1425 763 1461 ι
799 1401 934 1461 Ἰδού
978 1405 1166 1482 Κύριος
1223 1403 1466 1484 ἔρχεται,
1530 1405 1618 1462 καὶ
1659 1407 1736 1469 τίς
1779 1407 2038 1483 ὑπομενεῖ

391 1491 592 1572 ἡμέραν
661 1492 863 1553 εἰσόδου
917 1495 1096 1554 αὑτοῦ.
1138 1517 1165 1549 ιι
1215 1496 1289 1559 ὡς
1359 1495 1458 1560 τῆς
1514 1501 1606 1550 τοῦ
1661 1495 1845 1574 Κυρίου
1895 1519 2036 1575 παρ-

392 1584 568 1647 ουσίας
597 1584 853 1661 τιμωρίαν
885 1583 1143 1662 φερούσης
1214 1583 1354 1640 κατὰ
1409 1585 1514 1640 τῶν
1567 1581 1795 1647 ἀσεϐῶν,
1869 1585 2035 1642 Ἀλλὰ

391 1672 532 1727 καὶὸ
561 1671 933 1752 Χρυσοστόμος
960 1669 1212 1754 Ἰωάννης
1264 1672 1318 1728 ἕν
1387 1694 1490 1729 τινι
1559 1678 1666 1729 τῶν
1703 1672 2036 1754 ἐξηγητικιῖη

391 1763 568 1836 αὐτοϋ,
613 1751 768 1818 τοῦτο
819 1763 946 1817 αὐτὸ
1000 1761 1084 1834 τὰ,
1147 1751 1299 1825 υΕως
1357 1761 1609 1842 ἔρχομαι,
1667 1762 2034 1838 ἀναπτύσσων,

389 1856 553 1933 Τοῦτο
601 1849 822 1918 δηλοῦν.
853 1849 1098 1927 βούλεται
1152 1852 1215 1906 τὸ
1271 1851 1452 1928 ῥητὸν,
1525 1851 1627 1919 τὴν
1679 1852 2035 1933 πανωλεθρίαν

387 1943 486 2005 τῆς
521 1927 890 2018 Ἰερουσαλήμ.
947 1941 1048 1998 Καὶ
1103 1927 1385 1997 πιστοῦται
1440 1946 1592 1996 τοῦτο
1655 1941 1760 1998 ἀπὸ
1828 1927 1935 2009 τῆς.
1958 1945 2024 1999 εὑ-

2122 1951 2256 1995 nem
2283 1935 2611 1998 Jerusalem
2639 1957 2651 2000 :
2677 1937 2857 2018 idque
2882 1937 3193 1998 conﬁrmat
3209 1935 3282 1996 ab
3304 1935 3571 1996 oratione
3592 1931 3771 1993 trium

387 2031 498 2106 χῆς
531 2035 638 2084 τῶν
665 2034 826 2107 τριῶν
868 2025 1092 2102 παίδων,
1151 2027 1458 2108 φασκόντων
1493 2045 1509 2062 ο
1569 2050 1597 2084 ι
1630 2029 1780 2087 Οὕτω
1804 2030 2034 2109 γενέσθω

385 2116 609 2173 ἐνώπιόν
641 2139 733 2173 σου
757 2119 792 2186 ἡ
863 2119 1010 2174 θυσία
1064 2119 1221 2192 ἡμῶν
1288 2118 1544 2197 σήμερον,
1621 2121 1708 2174 καὶ
1763 2117 2031 2176 ἐκτελέσαι

386 2203 598 2263 ὅπισθέν
655 2228 769 2265 σου.
813 2229 836 2262 ι
886 2207 1031 2273 Φησὶ
1089 2207 1190 2285 γάρ
1219 2223 1234 2238 ⁸
1297 2207 1357 2265 Τί
1418 2209 1502 2282 τὸ,
1582 2197 1844 2266 εὈπισθὲν
1890 2229 2028 2290 σους

387 2295 534 2351 Μετὰ
561 2296 623 2352 τὸ
677 2295 964 2379 παρελθεῖν
1005 2297 1098 2352 τὸν
1152 2297 1314 2371 θυμόν
1366 2318 1482 2356 σου.
1530 2299 1630 2356 Καὶ
1677 2299 1814 2379 ,πότε
1890 2322 2033 2379 παρ-

386 2383 593 2461 εγένετο
625 2404 642 2466 ;
691 2375 829 2443 ’Ὅτε
873 2383 1337 2465 Ναϐουχοδονόσορ
1366 2383 1521 2463 ἐδῄου
1560 2387 1627 2443 τὰ
1673 2375 2028 2467 Ἰεροσόλυμα.

386 2473 487 2532 Καί
527 2476 645 2554 περὶ
675 2473 771 2550 μὲν
833 2475 929 2542 τῆς
1013 2475 1298 2553 παρουσίας
1352 2481 1535 2535 ταῦτα.
1595 2478 1732 2534 Φασὶ
1782 2476 1836 2534 δέ
1892 2500 2030 2542 τινες

381 2569 486 2619 τῶν
536 2564 787 2643 Πατέρων
845 2566 934 2621 καὶ
989 2571 1166 2644 τοῦτο,
1241 2566 1314 2630 ὡς
1377 2567 1730 2645 μακροθυμίαν
1785 2567 1882 2643 μὲν
1938 2570 2028 2624 'ev-

379 2655 538 2710 ταῦθα
581 2675 685 2728 τμν
753 2655 885 2733 πρὸς
937 2651 1204 2723 ἀλλήλους
1262 2655 1444 2734 φησὶν,
1503 2654 1779 2731 ὑπομονὴν
1834 2654 1889 2712 δὲ
1931 2656 2030 2726 τήν

377 2743 515 2820 πρὰς
578 2743 700 2806 τοὺς
741 2741 859 2808 ἔξω.
923 2745 1257 2827 Μεκροθυμείί
1311 2743 1410 2822 γάρ
1468 2765 1547 2808 τις
1601 2746 1720 2824 πρὸς
1776 2745 2023 2827 ἐκείνους,

377 2833 465 2895 οὓς
495 2830 712 2890 δυνατὸν
740 2834 826 2889 καὶ
870 2833 1184 2908 ἀμύνασθαι.
1235 2822 1518 2908 ’Υπομένει
1575 2831 1630 2890 δὲ
1687 2835 1772 2898 ςῦς
1833 2839 1892 2894 οὐ
1933 2834 2026 2892 δύ-

379 2943 528 2978 ναται
570 2923 884 2998 ἀμύνασθαι.
921 2923 1018 2978 Διὰ
1078 2929 1234 2979 τοῦτο
1301 2924 1388 2980 ἐπὶ
1449 2924 1545 3000 μὲν
1591 2931 1722 2981 Θεοῦ
1779 2923 2027 2984 οὐδέποτε

374 3011 618 3078 ὑπομονὴ
675 3009 911 3094 λέγεται,
967 3009 1105 3067 ἀλλὰ
1162 3012 1515 3091 μακροθυμία,
1575 3012 1657 3069 ἐπ’
1738 3014 2026 3094 ἀνθρώπων

376 3097 431 3156 δὲ
461 3101 728 3176 ὕπομονή.
781 3125 810 3157 α
845 3091 1000 3165 "Em;
1030 3098 1170 3179 λάϐῃ
1217 3103 1367 3158 ὑετὸν
1436 3102 1706 3180 πρώϊμον.
1750 3127 1769 3158 ι
1836 3091 2024 3185 Πρώτ-

378 3210 476 3263 μος
503 3189 674 3269 ὑετὸς,
708 3191 744 3257 ἡ
825 3188 879 3246 ἕν
947 3190 1158 3257 νεότητι
1242 3190 1379 3265 μετὰ
1450 3188 1682 3270 δακρύων
1744 3194 2018 3268 μετάνοια,

373 3277 594 3355 δ’ψιμος,
627 3282 662 3348 ἡ
691 3279 746 3337 ἐν
786 3288 864 3357 τῷ
893 3283 1054 3360 γήρᾳ.
1116 3282 1296 3339 Πάντα
1352 3280 1431 3364 δὲΔ
1463 3284 1562 3349 τῆς
1619 3283 1712 3340 τοῦ
1773 3292 1903 3345 Θεοῦ
1931 3283 2023 3364 ἧρ-

371 3390 529 3436 τηται
561 3359 978 3452 φιλανθρωπίας,
1005 3368 1072 3426 δι’
1101 3370 1132 3427 ’ὃ
1161 3369 1306 3451 λέγει
1341 3387 1356 3401 ⁸
1394 3359 1548 3435 υΕως
1580 3371 1642 3428 ἂν
1670 3370 1830 3450 λάϐῃ.

457 3570 486 3603 α
533 3548 641 3628 Πρὸ
669 3549 881 3607 πάντων
909 3547 989 3626 δὲ,
1021 3547 1234 3629 ἀδελφοί
1289 3572 1414 3632 μου,
1460 3550 1538 3626 μὴ
1596 3551 1814 3627 ὀμνύετε
1884 3554 2023 3629 μήτε

369 3637 460 3722 τρν
489 3637 731 3717 οὐρανὸν,
766 3639 903 3715 μήτε
933 3638 1033 3705 τὴν
1081 3643 1208 3716 γῆν,
1240 3640 1379 3714 μήτε
1450 3638 1612 3697 ἄλλον
1663 3642 1783 3698 τινὰ
1839 3641 2019 3722 ὅρκον,

397 3715 617 3786 Ἠτω
646 3728 792 3804 ὑμῶν
819 3730 880 3786 τὸ
927 3728 1048 3802 Ναὶ,
1095 3715 1217 3804 Ναὶ,
1263 3731 1351 3787 καὶ
1407 3730 1468 3786 ea
1513 3739 1608 3804 οδ,
1667 3729 1760 3807 οὒ,
1794 3715 1888 3789 ἵνα
1943 3733 2020 3808 μὴ

369 3817 441 3882 εἰς
465 3815 736 3888 ὕπόκρισιν
767 3813 990 3886 πέσητε.
1026 3839 1055 3872 ι

445 3994 577 4054 Αλλ’
620 3994 724 4074 ἐεει
754 4018 858 4077 τις,
893 3999 952 4055 Εἰ
1002 3998 1237 4074 βιάζεταί
1305 4021 1387 4064 τις
1450 3999 1694 4079 ὀμνύναι,
1750 4000 1800 4055 τί
1853 4022 2021 4068 ποιη-

365 4084 483 4142 τέον
516 4105 533 4167 ;
567 4085 844 4166 Ἐροῠμεν,
911 4085 991 4143 ὅτι
1034 4089 1062 4144 ὁ
1117 4085 1279 4169 φόϐος
1329 4095 1422 4146 τοῦ
1494 4095 1626 4146 Θεοῦ
1679 4091 2029 4170 ἰσχυρότερος,

366 4175 512 4233 ἐσται
555 4181 650 4246 τῆς
681 4183 773 4235 τοῦ
821 4177 1134 4253 βιαζομένου
1191 4179 1460 4257 ἀνάγκης.
1531 4176 1921 4258 Ἐπαπορήσειε
1976 4178 2004 4237 δ

365 4265 427 4324 ἄν
456 4289 558 4347 τις,
582 4273 704 4330 Πῶς
745 4276 837 4326 τοῦ
864 4265 1093 4325 παλαιοῦ
1123 4267 1289 4340 νόμου
1319 4270 1411 4324 τὸν
1468 4269 1606 4325 κατὰ
1665 4269 1757 4325 τοῦ
1817 4269 2020 4344 ὀνόμα-

363 4378 454 4421 τος
484 4363 575 4413 τοῦ
605 4357 791 4435 Κυρίου
843 4357 1103 4432 ὀμνύοντα
1159 4356 1370 4414 ἐπαίνου
1428 4356 1717 4438 ἀξιοῦντος,
1750 4360 1784 4427 ἡ
1860 4359 2021 4438 χάρις

363 4448 442 4524 μὴ
467 4457 624 4508 τοῦτο
678 4461 856 4505 ποιεῖν
913 4446 1299 4505 διαστέλλεται.
1362 4447 1616 4528 Ἐρούμει
1689 4449 1801 4523 οὖν,
1861 4451 1934 4512 ὡς
1991 4451 2018 4505 ὁ

2119 2041 2464 2102 puerorum,
2484 2025 2807 2089 dicentium
2835 2048 2848 2090 :
2888 2025 3006 2088 cIta
3038 2026 3137 2087 ﬁat
3163 2043 3362 2088 coram
3382 2033 3438 2087 te
3458 2022 3652 2085 hostia
3672 2039 3778 2083 no-

2117 2119 2238 2174 stra
2267 2114 2470 2196 hodie,
2530 2123 2588 2178 et
2647 2116 2993 2197 perﬁciatur
3020 2126 3152 2198 post
3180 2124 3238 2177 te
3254 2115 3336 2174 56.
3377 2139 3399 2174 ι
3435 2113 3530 2174 Ait
3560 2111 3718 2174 enim
3753 2130 3770 2172 :

2117 2198 2268 2273 Quid
2295 2203 2408 2266 sibi
2451 2205 2597 2268 vult.
2633 2207 2770 2268 Post
2804 2205 2904 2267 te?
2937 2209 3249 2286 Postquam
3283 2202 3580 2266 transierit
3609 2202 3775 2263 furor

2119 2292 2356 2356 tuus.Et
2383 2295 2620 2374 quando
2642 2295 2925 2357 advenit?
2947 2294 3194 2368 Quando
3224 2292 3770 2357 Nabuchodonosor

2117 2380 2806 2465 exciditJerosolymaEt
2824 2385 2949 2446 haec
2961 2384 3199 2466 quidem
3213 2385 3290 2447 de
3304 2380 3774 2445 adventu.Aiunt

2113 2477 2308 2533 autem
2338 2473 2577 2552 quidam
2641 2477 2878 2536 Patrum
2930 2474 3085 2555 quod
3129 2474 3486 2554 μακροθυμίαν
3530 2469 3769 2551 quidem

2114 2557 2228 2620 hoc
2259 2560 2386 2620 loco
2416 2561 2571 2623 dicat
2600 2561 3132 2643 longanimitatem,
3163 2580 3295 2643 quae
3323 2560 3395 2623 ad
3421 2579 3528 2622 eos
3556 2567 3644 2620 est
3672 2557 3772 2638 qui

2111 2646 2270 2710 inter
2299 2669 2407 2712 nos
2434 2661 2606 2729 sunt;
2667 2656 2936 2730 ὑπομονήν
2997 2670 3162 2727 vero,
3196 2652 3532 2733 patientiam
3565 2648 3636 2711 ad
3670 2667 3766 2710 ex-

2115 2747 2375 2804 traneos.
2412 2743 2857 2821 Longanimiter
2887 2743 3047 2805 enim
3079 2743 3289 2805 tolerat
3318 2744 3452 2824 quis
3481 2758 3585 2802 eos
3614 2756 3763 2820 quos

2110 2839 2171 2888 et
2198 2846 2290 2888 am
2324 2829 2531 2893 ulcisci
2557 2841 2791 2912 posset;
2825 2833 3072 2909 ὑπομένει
3105 2851 3267 2908 vero,
3297 2850 3444 2914 quos
3475 2850 3592 2893 non
3625 2845 3760 2912 pot-

2111 2927 2200 2979 est
2224 2919 2788 3002 ulcisci.Propterea
2807 2922 2868 2983 in
2891 2921 3014 2984 Deo
3030 2921 3269 3003 quidem
3290 2940 3592 3002 nunquam
3617 2920 3766 2983 dici-

2109 3014 2205 3068 tur
2250 3011 2491 3086 ὑπομονή
2555 3011 2658 3072 sed
2705 3013 3058 3093 μακροθυμία,
3118 3012 3180 3072 in
3230 3009 3574 3073 hominibus
3625 3028 3764 3073 vero

2106 3097 2371 3173 ὑπομονή.
2445 3097 2646 3162 Donec
2695 3099 2948 3182 accipiat
3004 3100 3264 3182 pluviam
3323 3099 3693 3163 matutinam.
3731 3125 3760 3157 ιι

2107 3183 2307 3248 Pluvia
2341 3189 2628 3252 matutina
2652 3199 2741 3253 est
2789 3190 3138 3272 poenitentia
3195 3198 3431 3271 peracta
3458 3190 3519 3251 in
3541 3190 3764 3270 juven-

2109 3283 2231 3338 tute
2248 3295 2379 3338 cum
2403 3277 2976 3362 lacrymis,serotina
3004 3298 3146 3342 vero
3181 3298 3312 3361 quae
3339 3278 3400 3340 in
3431 3286 3759 3342 senectute.

2107 3362 2324 3428 Omnia
2365 3386 2505 3431 vero
2542 3371 2803 3451 pendent
2833 3388 2904 3433 ex
2935 3368 3043 3432 Dei
3073 3368 3464 3452 benignitate,
3496 3369 3632 3432 ideo
3663 3369 3762 3432 di-

2107 3453 2188 3516 cit
2221 3472 2235 3518 :
2262 3455 2466 3521 Donec
2505 3459 2780 3541 accipiat.

2186 3543 2258 3622 V,
2295 3549 2391 3612 l2.
2416 3548 2583 3612 Ante
2613 3550 2831 3612 omnia
2861 3556 3088 3620 autem,
3111 3549 3336 3630 fratres
3355 3551 3761 3632 mei,nejure-

2106 3637 2212 3713 εἰς,
2234 3655 2426 3718 neque
2451 3655 2566 3719 per
2606 3639 2838 3720 caelum,
2899 3656 3089 3718 neque
3114 3656 3231 3720 per
3262 3648 3509 3716 terram,
3561 3659 3762 3722 neque

2105 3728 2278 3790 aliud
2295 3727 2686 3810 quodcunque
2693 3727 3257 3808 jusjurandumsu
3267 3737 3470 3794 autem
3490 3737 3758 3794 vestrum

2109 3818 2292 3879 Certe
2321 3817 2524 3892 Certe,
2555 3816 2692 3880 Non
2735 3818 2890 3888 Non,
2923 3823 2992 3880 ut
3035 3835 3162 3880 non
3212 3820 3278 3880 in
3306 3819 3755 3884 condemnatio-

2103 3925 2246 3969 nem
2269 3906 2527 3970 cadatis.

2105 3994 2220 4059 Sed
2263 3995 2423 4058 dicet
2470 3994 2686 4076 aliquis
2731 3995 2839 4059 :Si
2889 3996 3024 4077 quis
3049 3997 3256 4078 jurare
3295 4006 3558 4078 cogatur,
3611 3999 3753 4081 quid

2102 4084 2440 4148 faciendum
2467 4093 2554 4146 est
2576 4084 2601 4146 ?
2623 4083 2890 4148 Dicimus
2918 4086 3076 4166 quod
3101 4085 3278 4148 timor
3292 4085 3401 4149 Dei
3422 4087 3628 4150 fortior
3645 4089 3759 4151 erit

2107 4175 2463 4238 necessitate
2491 4173 2606 4234 vim
2663 4173 2982 4238 inferente.
3019 4175 3302 4239 Dubitare
3331 4186 3525 4240 autem
3559 4186 3760 4259 posset

2105 4264 2346 4345 aliquis,
2379 4283 2514 4325 cum
2543 4271 2707 4325 vetus
2730 4263 2822 4325 lex
2856 4281 2992 4326 enm
3019 4265 3120 4346 qui
3147 4285 3254 4346 per
3281 4285 3498 4329 nomen
3520 4267 3755 4333 Domini

2100 4356 2260 4434 jurat
2287 4353 2464 4416 laude
2495 4351 2738 4433 dignum
2772 4353 2970 4429 ducat,
3007 4355 3304 4436 quomodo
3335 4357 3521 4436 gratia
3542 4358 3653 4419 hoc
3675 4358 3757 4420 fa-

2105 4461 2242 4506 cere
2263 4451 2424 4505 vetet
2446 4443 2471 4503 ἲ
2493 4441 2760 4521 Dicimus
2782 4461 2921 4521 ergo
2961 4444 3116 4526 quod
3141 4453 3307 4508 vetus
3325 4447 3414 4508 lex
3448 4447 3756 4510 abducens

363 4537 589 4602 παλαιὸς
620 4541 804 4614 νόμος,
838 4537 1058 4617 ἀπάγων
1114 4535 1388 4602 Ἰουδαίους
1441 4543 1518 4614 μὴ
1571 4540 1706 4595 κατὰ
1760 4545 1865 4595 τῶν
1937 4541 2016 4595 εί-

2111 4533 2336 4596 Iudaeos
2367 4551 2443 4594 ne
2474 4549 2580 4612 per
2637 4532 2796 4594 idola
2819 4533 3114 4613 jurarent,
3153 4536 3533 4617 praecipiebat
3553 4537 3755 4614 jurare

358 4624 544 4684 δώλων
633 4627 864 4707 ὀμνύειν,
963 4625 1254 4706 προσέτατε
1319 4628 1455 4682 κατὰ
1568 4627 1699 4684 Θεοῦ
1779 4623 2014 4709 ὀμνύειν,

357 4716 542 4791 ὥσπερ
571 4717 663 4773 καὶ
726 4716 863 4773 θύειν
931 4715 1140 4774 ἐκέλευε
1189 4723 1266 4792 τῷ
1320 4723 1460 4791 Θεῷ,
1519 4716 1777 4774 ἀποσπῶν
1829 4717 2015 4783 αὖτοὺς

358 4811 457 4874 τῆς
487 4807 621 4883 πρὸς
652 4805 772 4868 τοὺς
797 4803 1044 4881 δαίμονας
1097 4806 1297 4869 θυσίας,
1359 4796 1497 4863 "Ore
1552 4803 1606 4861 δὲ
1663 4808 1856 4870 ἱκανῶς
1915 4810 2015 4865 αὒ-

355 4897 476 4960 τοὺς
535 4893 802 4952 θεοσεϐεϊν
849 4893 1132 4975 ἐδιδάξατο,
1208 4897 1328 4951 τότε
1383 4896 1471 4951 καὶ
1540 4896 1634 4960 τὰς
1708 4895 1883 4960 θυσίας
1940 4900 2012 4957 ὡς

355 4982 656 5064 ἀνωφελεῖς
701 4985 976 5051 ἀπώσατο,
1045 4986 1223 5042 θυσίαν
1285 4988 1345 5044 οὐ
1403 4984 1506 5051 τὴν
1563 4982 1648 5040 διὰ
1703 4991 1808 5041 τῶν
1864 4986 2014 5057 ζώων

359 5072 499 5130 ἀλλὰ
563 5074 659 5141 τὴν
708 5073 1154 5152 συντετριμμένην
1211 5074 1398 5154 ψυχὴν
1473 5073 1738 5144 ἐπιζητῶν
1795 5077 1867 5138 εἱς
1921 5079 2014 5134 θυ-

359 5163 499 5224 σίαν,
533 5163 620 5225 Τίς
675 5163 730 5219 δὲ
783 5163 970 5238 αὕτη;
1033 5154 1096 5219 Ἠ
1181 5161 1266 5220 διὰ
1346 5163 1718 5226 ταπεινώσεως
1789 5168 1867 5233 τῷ
1917 5171 2015 5232 τῆς

357 5252 572 5330 ἀγάπης
603 5251 1029 5328 ὀλοκαυτουμένη
1088 5253 1230 5332 πυρί,
1294 5252 1400 5310 Οῗα
1432 5254 1520 5308 καὶ
1546 5253 1582 5320 ἡ
1655 5252 1886 5328 Παύλου,
1956 5255 2014 5318 ὃς

361 5339 448 5397 διὰ
477 5342 538 5397 τό
587 5364 735 5406 τινας
794 5340 1239 5422 σκανδαλίζεσθαιῖ
1282 5348 1388 5398 τῶν
1457 5341 1683 5421 πιστῶν,
1751 5341 2015 5422 ὑπερϐαλ-

359 5428 586 5511 λόντως,
621 5432 687 5500 ἧν
743 5432 1092 5510 πυρούμενος.
1147 5451 1176 5489 (
1204 5421 1366 5488 “Ihm
1448 5428 1502 5486 δε
1562 5431 1710 5505 ὑμῶν
1753 5433 1836 5512 τὸ,
1892 5435 2014 5509 Ναὶ,

353 5519 478 5577 Ναί.
521 5543 544 5575 υ
579 5519 734 5577 Ἀντὶ
761 5528 875 5596 τοῦ,
911 5513 973 5578 Ἠ
1034 5522 1312 5585 κατάθεσις
1358 5521 1504 5596 ὑμῶν
1549 5517 1734 5597 βεϐαία
1785 5525 1872 5582 καὶ
1932 5522 2017 5580 ἐπὶ

2101 4641 2207 4704 per
2230 4623 2416 4684 Deum
2452 4622 2995 4701 :quemadmodum
3031 4624 3209 4685 etiam
3257 4624 3377 4688 Deo
3420 4625 3757 4688 sacriﬁcare

2101 4709 2898 4794 praecipiebat,‘abstrahens
2927 4731 3029 4773 eos
3048 4713 3183 4773 477
3217 4733 3294 4777 ne
3322 4714 3498 4776 idolis
3521 4715 3750 4776 sacriﬁ-

2099 4809 2302 4864 carent
2334 4818 2349 4863 :
2382 4799 2482 4861 ubi
2509 4806 2704 4862 autem
2738 4800 3104 4864 sufﬁcienter
3133 4804 3240 4866 Dei
3271 4804 3490 4865 cultum
3526 4804 3753 4877 docuit,

2101 4900 2242 4953 tunc
2270 4897 2330 4952 et
2385 4888 2678 4951 sacriﬁcia
2732 4897 3011 4971 tanquam
3064 4891 3295 4953 inutilia
3325 4893 3592 4973 repulit:
3637 4913 3752 4954 non

2097 4978 2453 5042 sacriﬁcium
2485 4977 2832 5039 animalium
2855 4980 3318 5059 exquirens,sed
3345 4981 3599 5043 animam
3616 5002 3752 5044 cun-

2098 5069 2296 5131 tritam
2321 5068 2382 5130 in
2408 5065 2788 5128 sacriﬁcium.
2827 5066 2968 5140 Quae
2985 5079 3072 5130 est
3095 5078 3289 5132 autem
3307 5070 3406 5132 illa
3425 5070 3456 5130 ?
3477 5071 3618 5143 Quae
3651 5091 3757 5152 per

2097 5158 2280 5222 animi
2311 5157 2665 5219 modestiam
2698 5163 2816 5217 tota
2845 5157 3189 5221 incenditur
3220 5159 3356 5239 igne
3401 5161 3706 5223 charitalis
3726 5161 3757 5222 ?

2099 5247 2292 5330 qualis
2311 5247 2490 5309 etiam
2517 5243 2804 5307 fuitPauli
2825 5247 3043 5324 anima,
3070 5249 3169 5329 qui
3193 5269 3262 5310 eo
3287 5249 3441 5331 quod
3481 5250 3756 5312 nonnulli

2101 5337 2367 5401 ﬁdelium
2399 5334 3093 5410 oﬁenderentur,mirum
3118 5337 3178 5399 in
3203 5339 3441 5400 modum
3463 5339 3754 5402 incende-

2101 5429 2297 5492 batur,
2337 5424 2461 5489 «Sit
2483 5431 2680 5486 autem
2698 5434 2981 5499 vestrum,
3016 5428 3191 5490 Certe
3223 5428 3420 5492 Certe.
3448 5453 3475 5484 ››
3511 5428 3636 5490 Hoc
3668 5437 3757 5491 est

2100 5515 2409 5600 Depositio
2431 5522 2628 5577 vestra
2667 5514 2838 5581 ﬁrma
2864 5515 2940 5583 sit
2961 5517 3098 5584 etin
3125 5535 3191 5579 re
3210 5517 3400 5598 ﬁrma,
3433 5525 3491 5580 et
3523 5517 3755 5602 negatio

428 5687 492 5739 δι
532 5685 704 5753 Joan.
732 5687 966 5772 xx,|22.
1015 5691 1079 5742 55
1105 5690 1362 5780 Malach.
1404 5706 1488 5766 Ill,
1523 5689 1580 5751 t.
1626 5688 1690 5742 56
1719 5692 1866 5758 Dan.
1902 5708 2106 5770 χχιιι,
2138 5688 2241 5754 40.
