4136 6420
387 350 504 417 507
1520 349 1935 415 OECUMENII
1980 346 2276 410 TRICC/E
2315 350 2650 414 EPISCOPI
3663 355 3782 422 508

384 485 446 546 in
480 485 573 546 his
606 503 738 565 quae
758 484 914 547 facto
951 503 1070 547 non
1102 485 1495 568 reSpondent.
1527 482 1634 547 «Ut
1663 502 1782 547 non
1812 482 1874 544 in
1909 500 2043 544 con-

2132 478 2362 568 βεᾷαίου,
2397 485 2482 540 καὶ
2538 487 2573 552 ἡ
2617 485 2968 564 ἀπαγόρευσις
3025 487 3110 543 ἐπὶ
3166 489 3246 563 μὴ
3306 489 3443 552 οἵοις
3511 490 3782 568 γενέσθαι.

391 559 838 636 demnationem
877 573 1131 638 cadatis.
1173 559 1223 631 ν’
1255 566 1558 654 ’Υπόγρισιν
1614 571 1762 634 dicit
1797 573 2043 651 κατάκρι-

2143 591 2166 623 α
2209 559 2332 628 (Ἰνα
2389 573 2466 648 μὴ
2539 575 2610 638 εἷς
2665 576 2938 654 ὑπόκρισιν
2993 575 3219 644 πέσητε.
3254 601 3282 632 ι
3345 578 3455 646 Τὴν
3509 578 3785 659 ὑπόκρισιν

388 686 496 737 σιν,
529 663 586 724 id
623 671 713 725 est
745 663 1334 743 condemnationem,
1364 682 1494 744 quae
1539 661 1924 742 subsequitur
1952 679 2043 722 eos

2136 657 2253 725 ἤτοι
2309 661 2408 728 τὴν
2476 664 2780 741 κατάκρισιν
2849 663 3016 744 λέγει,
3068 663 3186 732 ἥτις
3261 665 3610 724 ἐπακολουθεῖ
3651 657 3786 732 τοῖς

391 751 492 834 qui
523 751 898 845 incessantcr
927 761 986 845 et
1010 752 1142 845 sine
1190 751 1425 845 delectu
1449 752 1656 832 jurant
1689 769 1703 814 :
1741 758 1795 845 et
1811 746 2043 845 jurandi

2136 746 2360 828 ἀφειδῶς
2392 751 2658 827 ὀμνύουσι,
2708 775 2796 830 καὶ
2823 751 2906 810 διὰ
2962 759 3062 821 τῆς
3090 755 3396 845 Ἇσυνηθείας
3446 762 3552 812 τῶν
3612 754 3782 832 ὅρκων

387 840 820 903 consuetudine
875 841 948 904 ad
1007 841 1335 922 perjurium
1381 841 1675 902 feruntur.
1727 839 1844 900 Aut
1872 837 2043 900 etiam

2136 835 2221 893 ἐπὶ
2249 839 2310 893 τὸ
2340 838 2607 918 ἐπιορκεῖν
2631 840 3021 922 ἐκφερομένοις.
3093 835 3148 899 Ἠ
3203 844 3292 900 καὶ
3347 845 3473 901 αὑτὸ
3521 846 3582 901 τὸ
3642 846 3782 902 ὑπο-

387 927 571 990 dictio
603 930 877 1010 ὑπόκρισιν
914 930 1030 993 hoc
1062 929 1195 991 loco
1217 930 1521 1010 proprium
1545 927 1723 990 habet
1743 927 2048 1006 signiﬁca-

388 1025 510 1078 tum
550 1024 714 1096 (puta
773 1018 1242 1099 simulationem)
1301 1018 1458 1099 quod
1492 1016 1650 1080 aliud
1685 1025 1776 1079 est
1806 1026 1865 1079 et
1891 1017 2048 1079 aliud

387 1116 652 1188 apparet.
682 1106 994 1180 Quomodo
1026 1126 1165 1187 ergo
1197 1107 1257 1168 in
1291 1107 1654 1188 hypocrisim
1686 1106 1844 1168 cadit
1870 1106 1920 1168 is
1947 1106 2048 1187 qui

377 1195 542 1275 jurat
559 1195 591 1255 ?
615 1215 748 1258 cum
797 1197 1139 1276 juramento
1165 1197 1429 1259 creditur
1443 1196 1684 1277 quidem
1711 1213 1891 1256 verax
1915 1213 2047 1256 esse

382 1293 442 1347 at
489 1285 879 1367 subsequenti
909 1285 1384 1366 transgressione
1417 1285 1672 1347 mendax
1706 1303 1810 1365 pro
1849 1285 2047 1347 veraci

387 1373 882 1455 deprehenditur.
921 1377 1039 1438 Aut
1089 1375 1264 1437 etiam
1300 1375 1438 1456 quia
1492 1377 1595 1450 ναὶ,
1648 1375 1706 1435 id
1741 1382 1828 1436 est
1857 1384 2042 1456 certe,

391 1482 510 1525 non
539 1463 610 1526 ad
644 1465 1155 1526 confirmationem
1189 1465 1504 1547 profertur,
1527 1483 1720 1546 neque
1738 1464 1816 1539 οὔ,
1838 1464 1894 1525 id
1930 1473 2040 1542 est,

385 1570 531 1633 non,
561 1553 633 1615 ad
667 1554 721 1615 id
775 1555 930 1634 quod
965 1574 1082 1615 non
1132 1555 1458 1636 respondet
1487 1556 1660 1615 facto.
1698 1557 1813 1617 Per
1849 1557 2031 1614 Deum

2131 926 2390 1002 κρίνεσθαι
2446 931 2690 1004 σημαίνει
2747 930 2964 990 ἐνταῦθα
3016 933 3078 988 τὸ
3155 931 3347 1012 ὄνομα,
3407 933 3436 988 ὃ
3490 931 3621 990 ἄλλο
3690 935 3776 1007 ὃν,

2131 1014 2304 1094 ἕτερον
2335 1017 2591 1096 φαίνεται.
2628 1026 2747 1083 Πῶς
2779 1022 2864 1076 οὖν
2923 1021 2995 1084 είς
3050 1019 3323 1100 ὑπόκρισιν
3393 1023 3422 1078 ὁ
3463 1022 3627 1098 ὀμνὺς
3685 1022 3781 1078 πί-

2128 1125 2247 1160 πτει
2293 1107 2712 1186 ςυίστευόμενος
2757 1109 2852 1184 μὲν
2882 1107 2966 1166 διὰ
2992 1112 3098 1166 τῶν
3151 1109 3322 1188 ὅρκων
3369 1109 3574 1178 ἀληθὴς
3606 1110 3776 1188 εἶναι,

2127 1193 2474 1273 παραϐάσεως
2531 1196 2585 1253 δὲ
2641 1197 3116 1278 ἐπακολουθούσης,
3177 1199 3411 1274 ψεύστης
3507 1199 3622 1256 ἀντὶ
3691 1208 3785 1260 τοῦ

2127 1269 2354 1350 ἀληθοῦς
2425 1285 2868 1368 ἀποφαινόμενος.
2950 1269 3008 1345 Ἠ
3063 1269 3152 1344 κέιι
3191 1269 3286 1363 ’τδ,
3385 1290 3504 1364 Ναὶ,
3562 1290 3640 1366 μὴ
3695 1287 3780 1346 ἐπὶ

2126 1372 2335 1449 βεϐαίου
2381 1375 2678 1456 προφέρων,
2714 1374 2848 1452 μηδὲ
2879 1377 2963 1454 τὸ,
2999 1376 3094 1446 ΟΒ,
3155 1377 3240 1434 ἐπὶ
3294 1385 3386 1434 τοῦ
3414 1379 3491 1453 μὴ
3521 1379 3640 1438 οἵου
3670 1400 3774 1435 πε-

2129 1466 2387 1542 πρᾶχθαι,
2459 1463 2658 1522 Κωλύει
2699 1461 2754 1520 δὲ
2810 1467 2945 1522 κατὰ
3029 1472 3160 1522 Θεοῦ
3229 1465 3442 1541 ὀμνύειν
3521 1464 3605 1522 διὰ
3673 1465 3773 1533 τὴν

2125 1549 2412 1632 ἐπιορκίαν,
2444 1554 2580 1610 κατὰ
2607 1551 2661 1609 δὲ
2691 1562 2782 1610 τοῦ
2825 1554 3041 1634 οὖρανοῦ
3095 1557 3183 1612 καὶ
3253 1561 3358 1612 τῶν
3427 1554 3626 1629 ἄλλων,
3688 1553 3776 1612 διὰ

389 1649 582 1702 autem
612 1643 814 1722 jurare
839 1643 1112 1723 prohibet
1143 1651 1386 1724 propter
1409 1643 1740 1724 perjurium
1763 1663 1778 1702 :
1800 1661 1904 1723 por
1923 1661 2037 1705 cae-

2129 1641 2284 1716 τὸμὴ
2313 1643 2582 1699 καὶταῦτα
2625 1644 2696 1709 εἰς
2740 1651 2872 1700 Θεοῦ
2901 1649 3065 1720 τιμὴν
3135 1645 3372 1724 ἀνάγειν.
3421 1645 3621 1710 Πάντες
3676 1645 3776 1724 γὰρ

385 1729 510 1793 lum
545 1749 686 1792 vero
719 1738 777 1792 et
811 1730 1064 1812 reliqua,
1095 1751 1170 1794 ne
1202 1741 1260 1794 et
1286 1733 1412 1794 haec
1439 1733 1510 1794 ad
1545 1732 1808 1793 divinum
1839 1733 2033 1794 hono-

2129 1733 2166 1787 αἱ
2199 1731 2474 1806 ὀμνύοντες
2504 1733 2636 1790 κατὰ
2668 1739 2760 1790 τοῦ
2789 1735 3024 1808 μείζονος
3055 1735 3325 1810 ὀμνύουσι.

384 1838 514 1882 rem
545 1820 895 1882 referantur.
927 1821 1276 1903 Quicunque
1309 1823 1467 1884 enim
1517 1822 1744 1902 jurant,
1769 1840 1877 1902 per
1906 1841 2034 1883 ma-

382 1909 577 1988 jorem
613 1911 836 1989 jurant.

462 1997 534 2060 V.
561 2006 586 2061 4
602 2003 661 2060 3-
676 2002 697 2062 1
712 2001 825 2064 8.Α
839 2000 1100 2080 fﬂigitur
1121 2002 1349 2082 aliquis
1363 2001 1527 2064 inter
1549 2000 2048 2082 vostoiret-JEquo

387 2089 594 2150 animo
606 2090 1282 2169 estaliqitis?psaliat.ln
1289 2091 1572 2168 ﬁrmatur
1586 2096 1722 2170 quis
1733 2089 2049 2152 intervos?

386 2183 656 2240 accersat
670 2179 1052 2258 presbyteros
1071 2181 1356 2254 ecclesiae,
1389 2188 1444 2242 et
1474 2186 1645 2242 orent
1678 2196 1868 2260 super
1887 2197 2043 2255 eum,

383 2273 682 2349 augentes
727 2285 862 2329 eum
904 2267 1032 2330 oleo
1056 2269 1123 2331 in
1143 2272 1385 2332 nomine
1410 2269 1681 2340 Domini,
1709 2277 1764 2331 et
1781 2268 2052 2332 obsecra-

392 2357 479 2417 tio
492 2357 642 2437 ﬁdei
660 2359 902 2419 salvum
941 2359 1148 2422 reddet
1183 2358 1594 2434 laborantem,
1625 2368 1681 2421 et
1702 2366 1893 2440 eriget
1910 2376 2046 2421 eum

385 2445 674 2508 Dominus
699 2465 717 2510 :
744 2449 877 2509 etsi
899 2449 963 2508 in
1000 2450 1256 2528 peccatis
1299 2449 1515 2528 fuerit,
1545 2451 1931 2510 remittemur
1963 2450 2041 2509 ei.

395 2535 785 2615 Conﬁtemini
808 2537 1069 2600 invicem
1087 2537 1337 2618 delicta,
1357 2547 1413 2599 et
1439 2545 1611 2601 orate
1621 2556 1733 2618 pro
1755 2537 1918 2600 vobis
1946 2537 2046 2598 in-

381 2633 571 2692 vicem
592 2635 658 2692 ut
679 2631 1000 2694 sanemini.
1043 2631 1310 2697 Multum
1338 2631 1507 2693 valet
1529 2632 1868 2710 deprecatio
1896 2630 2047 2709 justi

387 2717 631 2796 efﬁcax.
667 2718 842 2782 Elius
865 2721 1040 2784 homo
1059 2728 1192 2782 erat
1210 2721 1504 2784 similiter
1543 2722 1844 2783 obnoxius
1860 2720 2009 2800 aﬂ'ec
2027 2755 2044 2766 -

390 2808 658 2872 tionibus
707 2811 865 2872 sicut
909 2817 1108 2883 nos,et
1147 2813 1501 2890 precatione
1537 2814 1816 2891 precatus
1858 2818 2049 2872 estne

388 2897 694 2978 plueret,et
708 2917 831 2961 non
840 2899 996 2978 pluit
1010 2917 1194 2980 super
1217 2907 1438 2963 terram
1461 2917 1655 2962 annos
1677 2905 1792 2962 tres
1804 2903 1860 2961 et
1883 2916 2048 2960 men-

384 3004 478 3049 ses
493 2987 1016 3070 sex.Rursumque
1032 2991 1318 3064 oravit,et
1329 2993 1547 3052 castum
1563 2987 1699 3051 dedi
1706 2994 1726 3051 t
1741 2987 2017 3069 pluviam
2029 3033 2043 3060 ,

386 3082 442 3136 et
473 3082 643 3138 terra
665 3077 959 3153 produxit
987 3079 1254 3155 fractum
1281 3097 1486 3142 suum.

437 3170 484 3208 *κ
647 3167 698 3202 σς
878 3170 894 3190 \
1023 3169 1035 3188 Ι
1371 3169 1411 3208 ’ς

389 3188 564 3240 μηιας
648 3189 723 3233 ε...
799 3179 897 3226 Kc:
966 3167 1124 3224 παλιν
1179 3191 1510 3249 προσηυ,ατο

387 3257 574 3322 αὒντῆς.
613 3275 642 3315 ι

1521 3217 1536 3250 ἱ

2213 2020 2243 2060 ε
2281 2005 2587 2059 Κακοπαθεῖ
2641 2024 2721 2066 τις
2775 2002 2828 2059 ἐν
2871 2005 3002 2077 ὑμῖν
3048 2022 3064 2083 ;
3139 2002 3538 2083 προσευχέσθω.
3613 2005 3778 2061 Εὐθυ-

2131 2103 2227 2166 μεῖ
2255 2109 2386 2166 τις;
2447 2090 2735 2152 Ψαλλέτω.
2795 2091 3035 2149 Ἀσθενεῖ
3087 2114 3168 2157 τις
3240 2092 3294 2148 ἐν
3363 2093 3540 2172 ὑμῖν;
3601 2113 3774 2171 προσ-

2131 2178 2437 2235 καλεσάσθω
2540 2181 2659 2244 τοὺς
2756 2179 3131 2261 πρεσϐυτέρως
3233 2181 3329 2250 τῆς
3428 2177 3775 2260 Ἐκκλησίας,

2133 2270 2218 2325 καὶ
2355 2269 2818 2348 προσευξάσθωσαν
2925 2269 3008 2327 ἐπ’
3133 2273 3312 2351 αὑτὸν,
3466 2270 3778 2346 ἀλείψαντες

2168 2357 2181 2378 ,
2440 2361 2451 2382 1
2551 2362 2564 2382 ν
2718 2367 2743 2377 ε·
2831 2361 2844 2382 ν
2894 2361 2905 2382 1
3187 2368 3211 2377 ν
3383 2361 3395 2382 Ι
3749 2361 3763 2382 τ

2129 2361 2284 2414 αυτὸν
2336 2359 2497 2434 ἐλαιῳ
2553 2381 2607 2416 εν
2676 2383 2752 2435 τῳ
2817 2383 3035 2435 ονοματι
3123 2383 3215 2418 του
3270 2372 3476 2439 Κυριου.
3575 2361 3672 2419 Καὶ
3741 2383 3777 2428 η

2130 2448 2267 2528 εὖχὴ
2349 2454 2448 2514 τῆς
2538 2449 2763 2514 πίστεως
2846 2449 3005 2506 σώσει
3119 2452 3210 2506 τὸν
3320 2451 3612 2527 κάμνοντα,
3693 2449 3780 2506 καὶ

2129 2537 2307 2616 ἐγερεῖ
2374 2539 2523 2594 οὖντὸν
2580 2541 2608 2594 ὁ
2681 2539 2888 2618 Κύριος,
2961 2537 3060 2595 κᾶν
3117 2540 3377 2618 ἁμαρτίας
3446 2542 3484 2616 ᾗ
3539 2560 3777 2605 πεποιη-

2128 2628 2259 2699 κὼς,
2352 2628 2667 2708 ἀφεθτσεται
2754 2627 2920 2702 αὑτῷ.
2993 2627 3436 2708 Ἐξομολογεῖσθε
3519 2626 3778 2698 ἀλλήλοις

2127 2718 2194 2772 τὰ
2273 2715 2703 2795 παραπτώματα,
2801 2718 2890 2772 καὶ
2983 2716 3200 2797 εύχεσθε
3290 2718 3419 2798 ὑπὲρ
3499 2715 3778 2791 ἀλλήλων,

2129 2804 2274 2868 ὅπως
2343 2808 2585 2886 ἷαθῆτεη
2648 2803 2789 2862 Πολὺ
2875 2806 3051 2886 ἰσχύει
3129 2805 3305 2873 δέησις
3423 2804 3623 2866 δικαίου
3688 2806 3780 2862 ἐν-

2129 2896 2420 2976 εργουμένη
2431 2940 2444 2954 .
2568 2884 2753 2959 Ἠλίας
2883 2884 3154 2974 ἄνθρωπος
3261 2895 3328 2963 ἧν
3451 2897 3779 2972 ὁμοιοπαθὴς

2126 2988 2274 3061 ὑμῖν,
2347 2984 2437 3041 καὶ
2518 2988 2794 3063 προσευχῇ
2864 2983 3196 3063 προσηύξατο
3275 2990 3368 3041 τοῦ
3433 2985 3512 3061 μὴ
3577 2983 3776 3064 βρέξαι,

2126 3077 2214 3133 καὶ
2243 3076 2337 3132 οὒκ
2404 3070 2605 3152 ἔϐρεξεν
2664 3073 2750 3129 ἐπὶ
2811 3078 2908 3140 τῆς
2965 3078 3066 3150 γῆς
3138 3074 3400 3137 ἐνιαυτοὺς
3472 3087 3620 3153 τρεῖς
3689 3077 3785 3132 καὶ

1572 3170 1682 3245 έκαὶ
1753 3172 1780 3225 ὁ
1836 3169 2048 3243 οὐρανὸς
2105 3166 2254 3224 ὑετὸν
2339 3161 2524 3238 ἔδωκε,
2605 3165 2694 3220 καὶ
2774 3163 2810 3230 ἡ
2896 3168 2968 3241 γῆ
3056 3161 3349 3232 ἐϐλάστησε
3418 3163 3511 3220 τὸν
3578 3163 3780 3242 καρπὸν

468 3343 872 3408 Aﬂlictionem
917 3346 1233 3409 comitatur
1261 3347 1616 3422 oratio,utei
1648 3348 1747 3429 qui
1770 3347 2043 3426 afﬂigitur

2213 3352 2291 3424 Τῇ
2360 3344 2684 3416 κακοπαθείᾳ
2766 3343 3042 3423 προσευχὴ
3101 3355 3455 3422 παρομαρτεῖ,
3501 3340 3594 3399 ἵνα
3650 3363 3782 3399 κου-

389 3432 580 3496 levior
607 3435 708 3496 ﬁat
755 3435 946 3497 exitus
1000 3435 1391 3498 afﬂictionum
1443 3437 1565 3499 sive
1623 3437 2040 3500 tentationum.

389 3522 618 3585 Deinde
635 3524 739 3586 ubi
758 3525 898 3586 478
919 3527 1258 3607 precatione
1311 3527 1600 3608 placuerit
1623 3546 1692 3589 ea
1711 3546 1842 3608 quae
1873 3526 2045 3588 nobis

392 3612 638 3675 molesta
663 3621 893 3689 sunt,et
913 3614 986 3677 ad
1017 3634 1189 3677 suum
1212 3624 1427 3678 statum
1459 3636 1528 3678 ac
1560 3615 2042 3698 tranquillitatem

391 3702 726 3782 pervenerit
753 3704 974 3780 anima,
1006 3712 1150 3767 tunc
1208 3706 1438 3784 psallat,
1473 3713 1540 3768 ut
1572 3725 1699 3787 quae
1730 3705 1838 3767 sibi
1873 3725 2035 3768 coma

387 3791 563 3852 moda
593 3799 731 3854 sunt
760 3794 1253 3876 multiplicentur,
1289 3814 1358 3857 ac
1389 3796 1721 3858 delectetur
1752 3795 2043 3875 spirituali

395 3881 808 3946 exsultatione.
840 3884 1146 3964 Siquidem
1178 3885 1442 3947 hilaritas
1472 3905 1539 3947 ac
1563 3884 1907 3965 jucunditas
1940 3905 2042 3947 re-

389 3979 519 4033 ctus
547 3971 732 4034 animi
769 3981 955 4036 status
1000 3983 1113 4056 est,
1138 3976 1313 4056 juxta
1347 3994 1625 4054 magnum
1660 3994 1897 4056 quoque
1930 3995 2042 4036 [ιο--

389 4068 580 4122 strum
639 4062 950 4138 Basilium,
985 4064 1343 4145 hymnorum
1376 4065 1502 4126 sive
1550 4064 1886 4128 divinarum
1919 4066 2044 4126 lau-

389 4150 532 4212 dum
564 4152 1002 4215 consolationes
1054 4153 1302 4232 gratiam
1340 4155 1674 4216 cont‘erunt.
1710 4153 1912 4236 Itaque
1942 4153 2044 4235 qui

386 4258 504 4300 non
536 4238 618 4304 ita
648 4242 1166 4323 processit,neque
1191 4243 1262 4304 ad
1296 4243 1637 4323 hujusmodi
1661 4253 1874 4305 statum
1900 4263 2040 4324 per-

386 4328 571 4403 venit,
603 4347 780 4410 quem
814 4338 871 4392 et
905 4330 1084 4393 David
1120 4332 1491 4394 sanctitatem
1541 4341 1707 4394 vocat
1746 4353 1760 4392 :
1814 4357 1836 4388 ιι
1871 4331 2039 4394 Psal-

385 4417 512 4492 lite,
534 4418 830 4499 inquiens,
855 4419 1106 4481 Domino
1130 4421 1314 4482 sancti
1342 4421 1474 4501 ejus
1491 4421 1615 4501 57,:
1659 4440 1898 4499 magnas
1921 4421 2042 4500 agit

2130 3435 2321 3516 φοτέρα
2353 3441 2429 3509 τῷ
2484 3431 2850 3513 πειραζομένῳ
2904 3432 3046 3506 αὔτῷ
3115 3434 3150 3501 ἡ
3221 3430 3445 3498 διέξοδος
3500 3433 3606 3490 τῶν
3654 3454 3781 3488 πει-

2130 3531 2346 3606 ρασμῶν
2390 3523 2631 3602 γένηται,
2710 3522 2844 3579 Ε’ίτα
2902 3520 3112 3581 ἐπειδὰν
3182 3520 3266 3580 διὰ
3321 3524 3420 3589 τῆς
3481 3521 3783 3603 προσευχῆς

2129 3617 2455 3690 κατευνασθῇ
2479 3613 2544 3668 τὰ
2601 3609 2917 3691 διοχλοῦντα
2986 3613 3148 3686 ἡμῖν.
3205 3613 3304 3670 Καὶ
3356 3613 3486 3690 πρὸς
3543 3611 3642 3679 τὴν
3697 3613 3782 3667 οἱ-

2126 3708 2243 3762 κίαν
2299 3703 2618 3771 κατὰστοσιν
2665 3702 2752 3756 καὶ
2835 3700 3112 3780 ἀταραξίαν
3197 3700 3454 3780 ἀφίκηται
3511 3703 3546 3769 ἡ
3600 3701 3780 3778 ψυχὴ²

2125 3800 2412 3862 τηνικαῦτα
2455 3789 2706 3867 ψαλλέτω
2749 3788 2843 3845 ’ίνα
2873 3790 2939 3844 τὰ
2971 3789 3187 3869 χρηστὰ
3285 3793 3426 3864 αὒτῷ
3510 3789 3783 3850 πολυπλα-

2127 3887 2338 3961 σιασθῇ,
2367 3883 2453 3938 καὶ
2503 3879 2773 3958 ἐντρυγῴῃ
2847 3885 2924 3952 τῷ
2979 3885 3320 3954 πνευματικῷ
3393 3878 3774 3957 ἆγαλλιᾶματι.

2126 3974 2196 4031 Τὸ
2227 3973 2326 4051 γὰρ
2368 3970 2546 4049 ἱλαρὸν
2601 3969 2688 4025 καὶ
2757 3964 2955 4023 ἄλυπον
3027 3967 3346 4044 κατάστημα
3413 3969 3510 4037 τῆς
3567 3973 3779 4049 ψυχῆς.

2125 4063 2261 4118 κατὰ
2330 4063 2421 4117 τὸν
2491 4057 2754 4134 ἡμέτερον
2813 4057 2899 4112 καὶ
2954 4055 3124 4135 μέγαν
3196 4057 3494 4139 Βασίλειον,
3553 4061 3605 4115 αἱ
3672 4064 3779 4115 τῶν

2124 4151 2310 4226 ὕμνωκ
2336 4149 2666 4228 παρηγορίας
2698 4146 3025 4225 χαρίζονται.
3091 4136 3148 4203 Ὀ
3205 4148 3304 4226 γάρ
3362 4170 3444 4205 τοι
3479 4136 3566 4224 ⁷μὴ
3640 4149 3778 4207 οὕτω

2124 4237 2320 4319 προϐὰς
2352 4235 2517 4315 μηδὲν
2547 4239 2608 4292 τὸ
2665 4234 2870 4292 τοιοῦτο
2925 4234 3244 4311 κατάστημα
3318 4237 3543 4316 φθάσας,
3593 4239 3621 4294 ὃ
3693 4240 3781 4296 καὶ

2129 4329 2296 4388 Δαυῖὀ
2337 4330 2589 4397 ὁσιότητα
2618 4326 2800 4387 καλεῖ.
2854 4349 2877 4383 ι
2916 4324 3132 4382 Ψάλοιτε
3187 4328 3308 4407 γὰρ,
3359 4330 3513 4409 φησὶ,
3541 4336 3619 4406 τῷ
3669 4341 3778 4390 [ζυ-

2124 4422 2239 4500 ρίῳ,
2274 4423 2318 4477 οἱ
2350 4419 2484 4476 ὅσιοι
2557 4419 2735 4476 αὑτοῦ.
2775 4439 2802 4471 ι
2877 4421 3050 4494 Λῆρον
3125 4420 3325 4497 μακρὸν
3385 4417 3584 4484 ἐξανύει
3639 4441 3778 4488 την-

387 4525 596 4586 nugas,
637 4526 786 4570 Vane
817 4517 875 4570 et
921 4509 1182 4570 inaniter
1211 4511 1499 4591 psallens,
1537 4510 2038 4592 quemadmodum

2129 4509 2298 4574 άλλως
2370 4511 2459 4565 καὶ
2517 4507 2676 4573 κενὴν
2733 4503 2981 4582 ψάλλων,
3062 4507 3136 4570 ὡς
3194 4509 3240 4562 οἱ
3309 4509 3782 4587 παροιμιαζόμενοί

385 4597 562 4658 etiam
596 4597 906 4676 proverbio
939 4597 1165 4660 dicunt.
1225 4622 1247 4655 α
1285 4599 1588 4678 Ungentes
1639 4601 1772 4663 olco
1838 4625 1859 4658 ι
1916 4599 2042 4661 Hoc

2129 4621 2304 4678 φασιν,
2345 4621 2372 4652 ι
2408 4595 2746 4672 Ἀλείψαντες
2777 4593 2959 4668 ἐλαίῳ.
2995 4613 3024 4653 ι
3103 4604 3267 4654 Τοῦτο
3318 4597 3406 4652 καὶ
3473 4607 3565 4656 τοῦ
3595 4598 3781 4676 Κυρίου

385 4686 562 4748 etiam
596 4686 848 4748 Domino
909 4688 1064 4749 inter
1105 4689 1380 4750 homines
1429 4691 1624 4751 adhuc
1655 4697 2043 4752 conversante

2131 4688 2204 4745 ἔτι
2233 4702 2352 4754 τοῖς
2409 4689 2702 4766 ἀνθρώποις
2787 4684 3336 4766 συναναστρεφιμένου
3391 4689 3437 4743 οἱ
3493 4686 3778 4745 ἀπόστολοι

387 4774 975 4858 faciebantapostoli,
1002 4787 1293 4856 ungentes
1322 4781 1724 4858 {egrotos'oleo
1754 4788 1812 4840 et
1833 4798 2043 4841 sanan-

2129 4781 2355 4854 ὲποίουν,
2457 4777 2758 4857 ἀλείφοντες
2842 4775 2962 4838 τοὺς
3049 4775 3392 4841 ἀσθενοῦντας
3470 4775 3631 4851 ἐλαίῳ
3693 4779 3781 4834 καὶ

387 4873 476 4926 tes
492 4866 577 4925 58.
616 4865 1015 4945 «Deprecatio
1047 4867 1276 4930 etﬁcax.
1311 4893 1337 4923 »
1373 4868 1589 4930 Efficax
1624 4877 1708 4930 est
1733 4868 1878 4948 justi
1906 4887 2043 4930 ora-

2129 4869 2364 4944 ἱώμενοι.
2407 4889 2429 4924 ι
2467 4867 2662 4934 Λέησις
2691 4864 3061 4944 ἐνεργουμένη.
3097 4887 3124 4919 ιι
3200 4862 3528 4944 Ἐνεργεῖται
3599 4867 3633 4935 ἡ
3688 4873 3782 4924 τοῦ

389 4952 743 5034 tio,quando
767 4953 817 5014 is
837 4972 942 5034 pro
965 4973 1083 5036 quo
1109 4957 2043 5037 precatur,spiritualiafﬂictione

2129 4956 2326 5015 δικαίου
2381 4957 2542 5037 εὐχὴ,
2614 4955 2738 5012 ὅταν
2791 4957 2878 5010 καὶ
2930 4956 2958 5010 ὁ
2984 4952 3112 5032 ὑπὲρ
3169 4956 3230 5010 οῦ
3337 4954 3553 5036 εὔχεται
3652 4979 3781 5032 συμ-

377 5041 604 5121 juverit
631 5061 767 5104 eum
814 5043 917 5124 qui
949 5061 1247 5124 preca'ur.
1284 5045 1344 5108 Si
1374 5047 1533 5107 enim
1567 5047 1699 5108 aliis
1733 5065 1837 5127 pro
1866 5046 2040 5108 nobis

2129 5049 2333 5135 πράττῃ
2400 5046 2484 5103 διὰ
2541 5045 2825 5106 κακώσεως
2923 5043 3285 5118 πνευματικῆς
3340 5051 3417 5119 τῷ
3470 5046 3773 5126 εὸχομένῳ,

387 5117 716 5206 orantibus,
751 5117 860 5194 nos
882 5117 1156 5195 vacemus
1179 5134 1411 5196 deliciis
1431 5155 1499 5198 ac
1521 5117 2041 5198 dissolutionibus-

2129 5117 2216 5194 ’ὴν
2285 5138 2384 5216 γὰρ
2443 5135 2633 5215 ἐτέρων
2694 5134 2822 5212 ὑπὲρ
2885 5133 3037 5208 ἡμῶν
3091 5132 3420 5213 εὐχομένων,
3487 5133 3782 5202 σπατάλαις

382 5218 632 5299 vitaeque
689 5222 883 5299 plenae
913 5224 1506 5306 transgressionibus,
1529 5225 1905 5287 dissolvimus
1938 5244 2043 5305 per

2129 5229 2284 5301 ἡμεῖς
2357 5225 2708 5306 σχολάζωμεν
2767 5224 2852 5279 καὶ
2936 5220 3144 5278 ἀνέσεσι
3214 5223 3302 5279 καὶ
3355 5220 3779 5300 ἐκδεδιῃτημένῳ

386 5307 498 5368 hoc
534 5308 960 5370 vehementiam
995 5312 1279 5374 orationis
1309 5333 1440 5395 quae
1472 5323 1656 5377 certat
1687 5333 1793 5394 pro
1825 5313 2034 5378 nobis:

383 5403 438 5457 et
467 5397 802 5475 completur
834 5398 892 5457 in
929 5399 1098 5460 nobis
1123 5401 1266 5463 illud
1293 5403 1449 5465 beati
1471 5403 1629 5465 Petri
1669 5401 1868 5466 :Unus
1889 5406 2039 5466 dadi-

383 5485 656 5636 {iclimsqet
700 5504 852 5547 unus
911 5485 1250 5565 destruens,
1311 5492 1454 5572 quid
1508 5491 2040 5578 prodestiiilisnisi

406 5593 440 5635 a
487 5593 554 5636 or
582 5623 596 5634 .
1593 5613 1596 5616 ι

406 5593 554 5636 δοοι·
573 5593 604 5634 '.'
1593 5613 1596 5616 λ

454 5735 517 5787 57
545 5734 702 5799 Psal.
739 5751 840 5813 xx,
875 5737 936 5804 5.
985 5739 1049 5792 58
1081 5740 1265 5805 Mam.
1301 5759 1385 5825 v1,
1427 5742 1520 5819 t3,

2123 5319 2243 5394 βίῳ,
2273 5315 2528 5390 ἓκλύομεν
2557 5312 2641 5370 διὰ
2670 5312 2852 5373 τούτου
2896 5312 2956 5368 τὸ
2998 5311 3240 5369 σύντονον
3309 5317 3408 5380 τῆς
3467 5312 3634 5393 εὒχῆς
3686 5323 3780 5372 τοῦ

2121 5407 2251 5484 ὑπὲρ
2280 5407 2434 5480 ἡμῶν
2467 5402 2882 5484 ἀγωνιζομένου.
2960 5403 3057 5460 Καὶ
3115 5403 3312 5479 γίνεται
3383 5400 3466 5484 ἐφ’
3521 5404 3660 5477 ἡμῖν
3717 5403 3776 5458 τὸ

2125 5505 2218 5555 τοῦ
2248 5495 2505 5572 μακαρίου
2539 5491 2734 5572 Πέτρου
2767 5511 2779 5525 ’
2859 5491 2955 5556 Εἷς
3007 5489 3297 5567 οἰκοδομῶν
3368 5491 3462 5548 καί
3522 5495 3604 5556 εἷς
3648 5495 3779 5549 καθ·

2123 5586 2305 5664 αίρων,
2340 5581 2488 5641 οὐδὲν
2516 5581 2790 5665 ὠφέλησεν
2821 5583 2857 5653 ἢ
2899 5585 3123 5645 κόπους.
