4136 6440
392 392 510 459 509

1414 388 1808 453 COMMENT.
1855 389 1940 452 IN
1984 384 2224 452 EPIST.
2271 389 2300 450 Ι
2344 389 2404 451 S.
2499 391 2713 453 ETRI.

3664 388 3784 454 510

479 551 507 584 σ
550 525 814 606 Ἀδελφοί,
877 525 965 582 ἐὰν
1021 545 1101 589 τις
1158 523 1213 578 ἐν
1286 524 1416 598 ὑμῖν
1472 520 1718 600 πλανηθῇ
1776 522 1882 579 ἀπὸ
1950 527 2047 590 τῆς

2210 521 2284 603 ν,
2321 520 2533 586 19-20.
2569 523 2900 603 Fratres,si
2927 523 3071 603 quis
3103 523 3263 585 inter
3291 539 3396 586 vos
3420 525 3785 588 erraverita

394 617 666 696 ἀληθείας,
743 615 832 672 καὶ
919 611 1213 692 ἐπιστρέψῃ
1290 634 1370 676 τις
1469 609 1647 684 αὒτόν,
1743 610 2051 686 γινωσκέτω

394 708 476 766 ὅτι
561 711 589 764 6
664 705 984 784 ἐπιστρέψας
1061 700 1383 782 ἁμαρτωλὸν
1468 700 1528 758 ἐκ
1630 700 1836 770 πλάνης

395 801 574 874 wind),
608 796 770 853 σώσει
803 798 989 874 ψυχὴν
1034 791 1097 848 ἐκ
1148 791 1396 872 θανάτου,
1453 791 1542 848 καὶ
1596 790 1822 868 καλύψει
1849 790 2051 860 πλῆθος

394 887 695 965 ἁμαρτιῶν.
735 906 759 942 ι)

482 960 521 1031 ι’
567 975 669 1034 Καὶ
722 972 1024 1054 ἐπιστρέψῃ
1092 993 1172 1035 τις
1231 971 1410 1047 αὐτὸν,
1469 970 1798 1054 γινωσκέτω.
1832 992 1856 1028 ι
1922 960 2052 1029 ιὈτι

397 1063 738 1132 διακονητέον
782 1069 851 1141 τῇ
878 1049 972 1122 τοῦ
1013 1059 1239 1129 πλησίον
1280 1061 1538 1140 σωτηρίᾳ.
1605 1081 1630 1141 σ
1668 1049 1798 1119 uOtt
1834 1062 1883 1138 _6
1926 1059 2051 1117 ἐπι-

395 1153 629 1234 στρέψας
718 1139 1057 1232 ἀμα-ρτωλόν.
1124 1173 1148 1208 ι
1213 1158 1376 1207 Τοῦτο
1435 1139 1540 1205 ίκαὶ
1601 1139 1852 1228 Ἱερεμίας
1896 1149 2046 1230 φησί,

405 1264 429 1299 ι
467 1243 569 1303 Καί
599 1242 689 1300 ἐὰν
743 1241 1004 1320 ὲξαγάγῃς
1056 1240 1232 1315 τίμιον
1289 1237 1395 1294 ἀπὸ
1447 1236 1674 1319 ἀναξίου,
1737 1240 1812 1302 ὡς
1879 1238 2050 1313 στόμα

397 1355 500 1410 μου
529 1331 654 1411 ἔσῃ.
687 1350 718 1392 )
755 1330 938 1406 Στόμα
960 1330 1060 1409 γὰρ
1103 1329 1301 1407 γίνεται
1352 1334 1485 1384 Θεοῦ
1553 1335 1656 1392 πᾶς
1715 1331 1743 1386 6
1800 1329 1921 1393 τοὺς
1950 1326 2049 1384 λό-

396 1443 521 1500 γους
552 1423 712 1478 αύτοῦ
742 1416 1122 1496 ἀπαγγέλλων,
1169 1437 1200 1472 α
1235 1419 1307 1474 Οὔ
1346 1416 1448 1495 γὰρ
1477 1417 1631 1492 ὑμεῖς
1690 1416 1828 1491 ἐστε,
1862 1417 2046 1497 φησὶν,

397 1513 446 1567 οἱ
487 1508 792 1582 λαλοῦντες,
828 1506 964 1564 ἀλλὰ
1018 1509 1081 1564 τὸ
1140 1511 1350 1580 Πνεῦμα
1418 1515 1509 1565 τοῦ
1565 1506 1766 1585 Πατρός
1834 1528 1956 1582 μου.
1989 1507 2050 1560 τὸ

399 1597 592 1656 λαλοῦν
621 1597 675 1655 ἐν
706 1599 859 1673 ὑμῖν.
900 1619 924 1653 ι
1013 1593 1096 1652 Λι⁹
1167 1596 1196 1651 ὃ
1251 1595 1338 1651 καὶ
1387 1596 1480 1650 τὸν
1537 1592 1851 1673 ἁμαρτωλὸν
1907 1594 2052 1651 ἀπο-

396 1687 588 1746 κωλύει
619 1685 704 1746 διὰ
758 1696 850 1747 τοῦ
923 1683 1100 1759 Δαυὶδ,
1163 1681 1518 1761 εκδιηγεῐσθαι
1588 1685 1654 1740 τὰ
1721 1682 2053 1758 δικαιώματα

398 1781 574 1852 αὐτοῦ,
633 1777 722 1833 καὶ
787 1776 887 1844 την
955 1773 1209 1845 διαθήκην
1294 1769 1682 1849 ἀναλαμϐάνειν
1766 1771 1851 1829 διὰ
1920 1773 2050 1830 στό-

399 1889 592 1942 ματος.

407 1979 436 2012 ε
470 1956 634 2022 Τέλος
690 1957 783 2012 σὺν
854 1961 993 2031 Θεῷ,
1041 1959 1139 2022 τῆς
1169 1949 1473 2090 λἐἸακώϐου
1553 1951 1840 2020 καθολικῆς
1894 1950 2052 2012 Ἐπι-

1073 2057 1168 2090 στο
1204 2057 1296 2090 ης.
1351 2058 1374 2090 ι

1073 2057 1271 2101 στοΛης
1283 2081 1296 2094 .
1351 2058 1374 2092 δ

2130 612 2474 687 veritate,el.
2517 613 2880 676 converterit
2907 612 3044 692 quis
3088 629 3244 688 eum,
3295 617 3450 676 sciat
3487 612 3648 694 quod
3679 614 3789 695 qui

1932 701 2052 762 ὀδοῦ
2133 701 2399 764 converti
2454 702 2670 779 fecerit
2709 708 3086 782 peccatorem
3113 699 3188 763 ab
3221 718 3436 764 errore
3476 703 3592 765 vice
3629 720 3783 778 suae,

2131 791 2372 852 saluam
2418 791 2597 868 faciet
2628 807 2665 852 a
2695 807 2812 852 mo:
2830 795 2908 866 te,
2943 797 3005 852 et
3053 790 3283 870 aperiet
3327 789 3786 854 multitudinem

2127 887 2532 960 peccatorum.

2221 991 2245 1025 α
2281 967 2353 1029 Ει
2377 969 2735 1031 converterit
2763 969 2896 1051 quis
2927 989 3091 1043 eum,
3122 969 3290 1034 sciat.
3325 994 3352 1028 In
3388 969 3536 1043 Quia
3581 969 3780 1034 inser-

2132 1057 2412 1120 viendum
2448 1067 2538 1121 est
2570 1058 2745 1120 saluti
2776 1059 3051 1140 proximi.
3100 1080 3126 1117 ‹
3147 1059 3259 1133 Qui
3290 1061 3552 1122 converti
3578 1060 3789 1123 fecerit

2135 1155 2568 1228 peccatorem.»
2605 1151 2731 1211 Hoc
2779 1157 2838 1210 et
2883 1149 3173 1213 Jeremias
3202 1150 3384 1211 dicit:
3421 1170 3450 1211 ι
3481 1149 3553 1214 Et
3586 1149 3636 1211 si
3684 1167 3785 1211 se-

2135 1236 2434 1318 paraveris
2456 1239 2780 1318 pretiosum
2811 1237 2987 1313 avili,
3020 1238 3187 1320 quasi
3219 1256 3286 1300 os
3316 1257 3514 1301 meum
3536 1238 3780 1302 eris59.»

2134 1325 2242 1388 Dei
2279 1344 2533 1408 namque
2565 1347 2630 1389 os
2661 1327 2916 1390 efﬁcitur
2945 1327 3216 1408 quisquis
3271 1327 3430 1389 illius
3474 1346 3786 1390 sermones

2131 1415 2640 1480 annuntiat.«Non
2671 1417 2831 1478 enim
2867 1435 2969 1478 vos
2999 1415 3163 1496 estis,
3197 1415 3506 1498 inquit,illi
3529 1417 3786 1498 loquen—

2135 1514 2241 1581 tes,
2297 1504 2402 1566 sed
2451 1505 2708 1587 Spiritus
2753 1505 2943 1570 Patris
2995 1505 3112 1567 mei
3165 1505 3264 1587 qui
3294 1506 3555 1587 loquitur
3585 1509 3646 1568 in
3677 1526 3782 1568 vo-
3821 1549 3846 1566 ..

2133 1593 2225 1656 bis
2246 1593 2368 1659 60.»
2408 1597 2652 1676 Propter
2681 1596 2837 1677 quod
2875 1595 3054 1658 etiam
3102 1603 3474 1675 peccatorem
3511 1594 3790 1675 prohibet

2136 1701 2242 1764 per
2270 1683 2452 1749 David
2470 1683 2548 1766 θί,
2573 1703 2649 1747 ne
2680 1693 2918 1746 enarret
2945 1683 3400 1762 justiticationes
3431 1694 3658 1756 suas,et
3689 1693 3781 1750 te-

2137 1780 2495 1838 stamentum
2526 1783 2789 1837 assumat
2817 1793 2922 1837 ore
2952 1792 3085 1835 suo.

2137 1951 2332 2033 Finis,
2356 1951 2563 2015 divino
2590 1951 3134 2096 fanentelauatgtio,
3159 1949 3445 2032 Epistolw
3476 1950 3786 2016 catholica:

2872 2049 2979 2094 aco
3023 2051 3067 2096 t.

2872 2049 3067 2097 ασοοι.

478 2193 544 2247 59
577 2196 799 2260 Jerem.
832 2212 934 2277 xv,
971 2196 1065 2258 12.
1111 2195 1176 2246 60
1207 2195 1416 2258 Matth.
1442 2211 1505 2269 χ,
1536 2200 1633 2259 t9.
1679 2192 1735 2244 64
1767 2194 1924 2258 Psal.
1959 2209 2122 2258 χιιι.
2172 2195 2248 2259 16

1653 2521 2541 2652 ΥΠΟΘΕΣΙΣ

740 2799 956 2884 ΤΗΣ
1031 2797 1486 2885 ΠΕΤΡΟΥ
1551 2795 2204 2884 ΚΑΘΟΛΙΚΗΣ
2281 2797 2733 2881 ΠΡΩΤΗΖ
2800 2796 3444 2882 ΕΠΙΣΤΟΛΗΖ

1606 3162 2590 3274 ABGUMENTUM

932 3401 1385 3488 PRIORIS
1476 3395 2138 3488 CATHOLIC/E
2220 3399 2551 3483 PETRI
2622 3397 3220 3492 EPISTOL/E.

485 3745 694 3812 Ταύτην
724 3746 752 3800 6
797 3743 992 3824 Πέτρος
1036 3747 1191 3808 αὐτὸς
1235 3757 1349 3812 τοῖς
1405 3745 1460 3802 ἒν
1501 3751 1570 3822 τῇ
1611 3742 1868 3822 διασπορᾷ
1916 3746 2057 3800 οὖσιν

2222 3742 2363 3804 479
2382 3738 2550 3803 Hanc
2568 3739 2889 3820 Epistolam
2925 3741 3137 3804 scribit
3171 3741 3380 3806 Petrus
3415 3742 3658 3824 Judaais,
3690 3743 3793 3824 qui

404 3833 674 3895 Ἰουδαίοις
740 3835 828 3890 καὶ
887 3833 1188 3913 γενομένοις
1263 3842 1624 3914 Χριστιανοτς,
1683 3833 1868 3914 γράφει
1956 3832 2051 3900 τὴν

2143 3832 2335 3895 effecti
2356 3832 2672 3896 Christiani
2704 3832 3040 3894 variislocis
3063 3841 3231 3895 erant
3253 3834 3655 3916 dispersi,qua
3686 3835 3792 3896 do-

405 3923 731 3991 Ἐπιστολήν
790 3922 1192 3995 διδασκαλικήν.
1269 3921 1487 3992 Ἐπειδὴ
1557 3925 1656 4003 γὰρ
1740 3923 1846 3979 ἀπὸ
1914 3923 2054 3980 Ἰου-

405 4013 562 4071 δαίων
619 4013 926 4071 ἐπίστευσᾶν
991 4014 1313 4094 ἒπιστηρίζει
1412 4015 1618 4078 αὖτούς.
1682 4016 1780 4071 Καὶ
1847 4020 2056 4092 πρῶτον

406 4104 503 4180 μὲν
530 4101 834 4183 ἐξηγεῖται,
868 4104 958 4160 καὶ
999 4103 1383 4184 ἀποδείκνυσιν,
1446 4102 1526 4159 ὅτι
1598 4107 1634 4173 ἦ
1687 4107 1760 4171 εἰς
1832 4108 2056 4185 Χριστὸν

406 4193 580 4258 πίστις
612 4194 720 4250 ἀπὸ
748 4201 854 4251 τῶν
901 4195 1187 4273 προφητῶν
1219 4192 1553 4272 κατηγγέλη,
1608 4196 1694 4250 κσὶ
1761 4193 1828 4251 δι’
1887 4195 2058 4252 αὐτῶν

409 4282 641 4358 ἐμηνύθη
682 4285 717 4352 ἡ
749 4281 834 4342 διὰ
878 4290 971 4339 τοῦ
1027 4282 1260 4357 αἵματος
1319 4282 1475 4340 αὐτοῦ
1524 4281 1909 4362 ἀπολύτρωσις.
1963 4287 2062 4343 Καὶ

409 4371 490 4429 ὅτι
520 4377 702 4438 ab“:qu
752 4375 841 4430 καὶ
891 4385 1008 4437 τοῖς
1084 4371 1277 4429 ἔθνεσιν
1335 4370 1686 4450 εὖηγγελισθη
1743 4375 1807 4430 τὰ
1864 4375 2058 4450 πάντα,

409 4464 482 4526 εἷς
528 4461 562 4519 ἃ
629 4462 966 4538 ἐπιθυμοῦσιν
1022 4460 1240 4540 ἄγγελοι
1299 4465 1628 4540 παρακῦψαι.
1712 4463 1852 4520 Εἶτα
1921 4487 2061 4542 συμ-

407 4550 711 4622 ϐουλεύσας,
802 4550 956 4618 ἀξίως
1029 4561 1122 4610 τοῦ
1208 4549 1530 4616 καλέσαντος
1629 4551 2060 4632 ἀναστρέφεσθαι,

408 4641 692 4721 προτρόπει
726 4642 814 4698 καὶ
869 4639 1122 4718 βασιλέας
1194 4646 1381 4716 τιμᾷν.
1442 4638 1646 4705 Γυναιξί
1713 4662 1770 4696 τε
1814 4644 1900 4698 καὶ
1963 4643 2063 4699 ἆν-

410 4728 590 4810 δράσιν
658 4732 1026 4811 ὁμοφροσύνην
1082 4727 1462 4809 παραγγέλλει.
1539 4731 1636 4788 Καὶ
1691 4731 1764 4793 εἷς
1839 4733 1906 4788 τὰ
1959 4731 2062 4800 ἤθη

411 4819 731 4899 παραινέσας
804 4819 958 4898 ὀλίγα
1027 4819 1274 4895 σημαίνει
1331 4817 1412 4876 ὅτι
1496 4821 1584 4876 καὶ
1657 4821 1730 4883 εἰς
1787 4821 1879 4877 τὸν
1932 4820 2064 4894 ᾅδην

410 4919 564 4969 τοῦτο
623 4909 808 4988 γέγονε
895 4912 1035 4989 παρὰ
1085 4916 1177 4966 τ)ῦ
1279 4910 1463 4988 Κυρίου
1515 4910 1575 4966 τὸ
1661 4910 1910 4989 κήρυγμα
1965 4917 2063 4979 τῆς

413 4999 677 5078 σωτηρίας
737 5000 824 5056 καὶ
885 4998 1248 5074 ἀναστάσεως,
1307 4999 1402 5056 ἵνα
1482 5001 1530 5055 οἱ
1613 4998 2066 5077 προαποθανόντες

2139 3931 2232 3984 cet
2262 3924 2544 3986 eos.Nam
2577 3940 2679 3984 eos
2708 3921 2808 4003 qui
2839 3941 2909 3984 ex
2951 3921 3196 3998 Judmis,
3228 3925 3609 3988 crediderant
3637 3942 3786 3986 con-

2141 4014 2334 4076 ﬁrmat
2363 4014 2432 4077 Et
2456 4014 2711 4096 primum
2743 4014 2984 4096 quidem
3017 4026 3252 4080 enarrat
3285 4026 3340 4078 et
3359 4017 3791 4098 ostenditquod

2140 4102 2289 4166 ﬁdes
2316 4100 2377 4166 in
2412 4103 2757 4168 Christuma
2790 4104 3098 4186 prophetis
3129 4107 3472 4168 annuutiata
3500 4106 3665 4179 sit,et
3685 4125 3794 4188 per

2140 4192 2302 4273 ipsos
2333 4193 2660 4272 signiﬁcata
2691 4195 3032 4276 redemptio
3067 4214 3198 4276 quae
3224 4196 3536 4278 peripsius
3553 4196 3792 4276 sangui-

2145 4300 2281 4343 nem
2311 4283 2484 4344 ﬁeret
2507 4306 2520 4343 :
2547 4283 2825 4365 quodque
2857 4283 3004 4365 ipsis
3025 4303 3094 4347 ac
3124 4286 3400 4363 gentibus
3445 4286 3796 4348 annuntiata

2145 4371 2263 4432 sint
2292 4371 2492 4435 omnia
2521 4375 2591 4435 ad
2616 4393 2748 4455 quae
2777 4373 3120 4436 desiderant
3171 4377 3364 4455 angeli
3423 4376 3792 4458 prospicere.

2143 4459 2377 4524 Deinde
2407 4461 2506 4524 ubi
2535 4463 2719 4525 suasit
2747 4473 2812 4525 ut
2841 4464 3016 4543 digne
3049 4466 3120 4527 ad
3157 4485 3296 4528 eum
3318 4466 3416 4547 qui
3440 4466 3600 4546 ipsos
3616 4482 3794 4529 voca-

2145 4549 2223 4610 vit
2253 4561 2706 4627 conversentur,
2740 4553 3088 4616 exhortatur
3116 4564 3179 4616 ut
3209 4555 3384 4616 etiam
3419 4555 3660 4634 regibus
3692 4555 3798 4616 ho-

2117 4673 2120 4678 η
2146 4657 2355 4700 norem
2387 4640 2660 4704 deferant
2690 4650 2748 4703 et
2771 4643 3123 4705 mulieribus
3149 4663 3216 4706 ac
3245 4644 3386 4706 viris
3415 4644 3795 4706 concordiam

2149 4729 2415 4810 praecipit
2446 4738 2503 4792 et
2534 4750 2718 4811 pauca
2747 4733 2904 4794 circa
2935 4753 3132 4795 mores
3163 4735 3525 4809 exhortatus,
3561 4733 3792 4810 signiﬁ-

2148 4825 2241 4879 cat
2271 4819 2426 4899 quod
2477 4819 2655 4882 etiam
2718 4821 2778 4882 in
2833 4823 3132 4884 infernum
3189 4823 3338 4885 facta
3379 4823 3518 4884 sita
3550 4821 3798 4884 Domino

2150 4907 2490 4987 praedicatio
2524 4910 2732 4971 salutis
2764 4930 2828 4972 ac
2864 4911 3321 4973 resurrectionis
3357 4934 3369 4972 :
3405 4923 3470 4973 ut
3501 4914 3600 4992 qui
3634 4911 3798 4992 prius

2150 4996 2366 5058 mortui
2411 5005 2569 5072 sunt,
2619 5009 2933 5081 resurgant
2981 5001 3225 5080 quidem
3260 5001 3683 5081 etjudicentur
3737 5001 3800 5062 in

413 5087 677 5145 ἂναστῶσι
726 5089 823 5164 μὲν
874 5090 961 5145 καὶ
1030 5091 1276 5168 κριθῶσιν
1335 5086 1389 5143 ἐν
1457 5094 1534 5162 τῷ
1593 5087 1834 5167 σώματι,
1913 5095 1980 5166 τῇ
2009 5090 2057 5147 δὲ

2149 5104 2421 5167 corpore,
2455 5087 2559 5150 sed
2612 5107 2719 5169 per
2747 5089 2994 5168 gratiam
3027 5090 3482 5153 resurrectionis
3517 5108 3800 5172 perseve-

413 5178 595 5258 χάριτι
625 5178 722 5246 τῆς
750 5179 1112 5248 ἀναστάσεως,
1147 5176 1481 5252 διαμείνωσι.
1523 5179 1624 5235 Καὶ
1683 5176 1761 5232 ὅτι
1805 5179 1867 5233 τὸ
1915 5179 2067 5245 τέλος

413 5267 625 5324 πάντων
686 5267 873 5326 λοιπὸν
930 5267 1144 5348 ἤγγισε.
1195 5269 1293 5327 Καὶ
1348 5265 1611 5346 ὀφείλουσι
1684 5266 1876 5331 πάντες
1935 5267 2066 5326 ἔτοιο

415 5379 505 5432 μοι
535 5357 787 5436 γίνεσθαι,
836 5361 911 5422 ὡς
961 5357 1122 5437 λόγον
1177 5355 1540 5420 ἀποδώσοντες
1597 5363 1674 5432 τῷ
1729 5362 1906 5436 κριτῇ.
1972 5361 2069 5417 Καὶ

415 5445 553 5504 οὕτω
580 5446 782 5505 τελειοῖ
819 5449 911 5516 τὴν
949 5446 1294 5518 Ἐπιστολήν,

508 5535 853 5604 ΚΕΦΑΛΑΙᾸ
884 5553 1017 5605 ΤΗΣ
1043 5552 1302 5604 ΠΕΤΡΟΥ
1335 5549 1603 5602 [learns
1640 5552 1986 5609 ΚΑΘΟΛΙΚΗ

1017 5638 1442 5714 ΒΙΠΣΤΟΛΗΣ.
2018 5646 2044 5675 -·

423 5755 451 5788 ι
486 5722 542 5791 α’
598 5733 721 5814 Περὶ
771 5704 898 5803 τῆςί
927 5709 1274 5816 ἐν’-Χριστῷ
1332 5730 1751 5815 ἆναγεννήσεως,
1814 5735 1901 5793 καὶ
1953 5737 2072 5817 περὶ

2151 5176 2388 5238 rent.Et
2417 5178 2575 5258 quod
2628 5179 2762 5240 ﬁnis
2804 5179 3072 5240 omnium
3129 5179 3415 5261 deinceps
3464 5180 3797 5256 immineat,

2156 5263 2494 5348 debentque
2525 5286 2735 5329 omnes
2774 5266 2958 5348 parati
2990 5286 3147 5350 esse,
3176 5276 3450 5351 tanquam
3477 5269 3668 5350 judici
3697 5289 3800 5332 ra-

2153 5353 2377 5418 tionem
2408 5356 2697 5419 reddituri
2724 5374 2738 5420 :
2774 5366 2830 5419 et
2860 5357 2942 5418 ita
2968 5357 3271 5421 concludit
3301 5358 3650 5440 Epistolam.

2152 5549 2486 5656 Pniceis
2536 5553 2794 5618 PETRI
2821 5543 3274 5656 [aegror/r3
3314 5556 3806 5622 οΑΤΗοιιοΑῑ

2151 5733 2198 5798 Ι.
2230 5735 2313 5798 De
2341 5687 2796 5819 reqeneratione
2815 5636 3186 5824 562:6,
3220 5739 3386 5804 etde
3407 5738 3714 5822 patientia
3733 5739 3806 5802 in
