4136 6422
367 363 484 431 513
1424 362 1819 433 COMMENT.
1863 364 1945 433 IN
1987 370 1996 432 1

2083 367 2228 434 IST.
2277 370 2303 433 Ι
2346 374 2408 435 S.
2456 371 2687 438 PETRI
3617 380 3734 445 514

364 504 464 582 γὰρ
507 505 628 568 τοὺς
671 505 803 579 πρὸς
837 506 926 569 οὓς
970 507 1004 574 ἡ
1036 502 1352 575 Ἐπιστολή.
1424 504 1733 585 Ἐχρήσατο
1800 504 1855 562 δὲ
1910 511 1996 584 τῷ1

2097 502 2613 585 interpositionem
2672 508 3041 572 collocentur
3076 532 3089 570 :
3124 530 3258 573 nam
3319 511 3656 590 signiﬁcant
3678 513 3753 576 ad

361 594 498 649 κατά
527 595 825 673 πρόγνωσιν
856 601 1007 670 Θεοῦ,
1052 592 1228 661 δηλῶν
1258 592 1338 650 ὅτι
1414 592 1581 670 μηδὲν
1636 596 1845 673 ὑστερεῖ
1911 600 1996 650 τῶε

2102 610 2248 683 quos
2274 594 2567 657 scribatur
2583 595 2865 677 Epistola.
2882 597 3033 661 Usus
3053 607 3143 663 est
3164 610 3359 661 autem
3384 620 3454 663 ea
3467 603 3754 683 particula

364 687 670 761 προφητῶν,
729 684 781 739 οἱ
855 683 943 740 καὶ
1028 684 1172 741 αὐτοὶ
1228 681 1626 757 ἀπεστάλησαν,
1686 684 1729 739 εἰ
1796 684 1873 760 μὴ
1939 690 1996 758 τᾷ

2091 681 2258 772 juxta
2282 683 2711 762 praescienliam
2746 685 2872 763 Dei,
2907 688 2980 748 ad
3013 681 3483 767 significandum
3499 691 3656 772 quod
3688 692 3750 754 iu

362 770 563 848 χρόνῳ.
640 764 771 829 ΗΟτι
826 770 879 827 δὲ
972 770 1345 838 ἀπεστάλησαν
1432 774 1521 829 καὶ
1590 776 1637 829 οἱ
1719 777 1996 853 προφῆται1

2100 768 2262 831 ηυΙΙο
2295 773 2369 831 sit
2400 773 2706 853 prophetis
2739 776 3032 855 posterior
3062 764 3161 856 qui
3194 786 3251 839 et
3280 777 3393 858 ipsi
3425 764 3589 841 missi
3617 779 3750 843 fue-

364 850 591 924 Ἠσαίας
652 862 811 941 φησὶν
868 860 923 917 ἐν
991 864 1092 940 τῷ,
1142 884 1170 916 ι
1246 861 1689 941 Εὖαγγελίσασθαι
1761 850 2009 942 πτωχοῖς

359 947 659 1006 ἀπέσταλκέ
687 971 777 1025 με.
818 974 843 1003 ι
921 947 1071 1006 Ἀλλ’
1133 952 1177 1006 εἰ
1260 953 1348 1007 καὶ
1416 958 1493 1025 τῷ
1536 952 1721 1030 χρόνῳ
1775 953 2006 1030 ὑστερεῖ,

361 1038 479 1099 ἀλλ’
525 1042 657 1121 οὒχὶ
691 1044 780 1098 καὶ
809 1048 879 1119 τῇ
932 1043 1230 1122 προγιώσει
1284 1045 1378 1100 τοῦ
1448 1052 1601 1123 Θεοῦ,
1674 1042 1811 1100 ἀλλά
1877 1045 2011 1100 κατά

2096 868 2247 939 rant,
2282 860 2396 921 nisi
2429 869 2717 939 tempore.
2752 862 2920 935 Quod
2982 875 3180 925 autem
3227 866 3393 927 missi
3421 867 3642 929 fuerint
3692 878 3753 931 et

2096 949 2578 1026 prophetaz,dicit
2604 949 2785 1013 Isaias
2805 971 2938 1013 cum
2971 953 3086 1013 ait:
3120 954 3242 1017 «Ad
3273 956 3746 1018 annuntiandum

2094 1037 2456 1116 pauperibus
2476 1038 2673 1101 laetum
2702 1041 2974 1103 nuntium
2997 1042 3161 1103 misit
3183 1062 3280 1105 me
3314 1048 3395 1106 ¹.»
3419 1044 3536 1106 Sed
3568 1064 3751 1127 quan-

359 1138 515 1188 10610
575 1130 860 1208 ἐνάμιλλον
916 1133 1101 1188 ἑαυτὸν
1156 1123 1378 1213 ⁹Ιερεμίᾳ
1434 1133 1709 1213 ἀποφαίνει
1765 1135 1865 1211 πρὸ
1918 1140 1996 1190 τοΞ

2093 1143 2265 1204 quam
2303 1134 2571 1208 tempore
2605 1129 2967 1210 posteriores
2993 1131 3344 1206 tulerit,non
3378 1123 3749 1216 tamen—prae-

360 1220 412 1275 ἒν
441 1219 617 1293 κοιλίᾳ
658 1220 955 1289 πλασθῆναι
1035 1221 1353 1300 ἐγνωσμένῳ
1419 1244 1477 1279 τε
1537 1225 1626 1279 καὶ
1668 1222 1996 1301 ἠγιασμένῳ,

2092 1213 2336 1301 scientia
2361 1214 2490 1290 Dri,
2517 1219 2622 1279 sed
2656 1216 2714 1278 in
2749 1219 2859 1280 hoc
2893 1238 3093 1300 parem
3128 1239 3191 1281 se
3217 1221 3582 1284 demonstrat
3602 1213 3745 1286 cum

358 1310 445 1366 καὶ
527 1312 809 1389 προφήτην
883 1313 955 1374 εἷς
1008 1299 1132 1378 ἔθνη
1202 1311 1505 1387 τεθειμέιῳ,
1564 1314 1663 1369 Καὶ
1721 1299 1902 1379 ἐπειδὴ
1960 1315 1996 1368 οἳ

2088 1299 2377 1376 Jeremia,
2414 1306 2516 1385 qui
2548 1299 2903 1387 priusquam
2921 1308 2982 1369 in
3017 1317 3184 1370 utero
3204 1311 3492 1372 formatus
3511 1312 3745 1387 fuisset,

358 1404 623 1478 προφῆται
669 1398 785 1475 μεθ’
839 1399 1030 1480 ἑτέρων
1083 1402 1171 1456 καὶ
1237 1423 1337 1469 την
1408 1409 1635 1480 Χριστοῦ
1689 1401 1996 1480 προκατήγ-

2090 1393 2359 1471 cognitus
2392 1395 2581 1456 fuerat
2600 1404 2655 1458 et
2681 1398 3081 1459 sanctiﬁcatus
3097 1418 3167 1460 ac
3192 1399 3482 1480 propheta
3500 1401 3574 1462 ad
3596 1419 3747 1478 gen-

357 1486 539 1565 γειλαν
623 1490 910 1567 παρουσίαν
979 1488 1411 1567 (Ἀπεστάλησαν
1503 1492 1603 1569 γὰρ
1658 1488 1743 1546 διὰ
1799 1488 1996 1568 τοῦτο),

2092 1489 2180 1569 tes
2213 1480 2576 1561 designatus.
2614 1483 2681 1544 Et
2714 1488 2991 1565 quoniam
3018 1487 3494 1567 prophetaeinter
3510 1497 3744 1565 caetera,

358 1580 504 1642 οὗτος
588 1580 895 1657 προστίθησι
966 1579 1064 1646 τὴν
1121 1580 1307 1658 χρείαν
1375 1585 1473 1647 τῆς
1520 1568 1859 1659 ἀποστολῆς,
1920 1601 1996 1635 και

2091 1568 2314 1659 Christi
2338 1572 2651 1632 adventum
2669 1573 3125 1653 designaverant
3151 1574 3243 1646 (ob
3268 1576 3382 1638 hoc
3399 1577 3559 1637 enim
3579 1578 3747 1639 missi

356 1687 514 1744 φησιν
585 1656 691 1747 ὅτι,
753 1665 841 1724 Ἐν
900 1656 1160 1746 ἀγιασμῷ
1210 1668 1519 1736 ἀπεστάλην
1580 1656 1880 1744 Πνεύματος
1932 1670 1996 1731 εἷς

2087 1656 2341 1737 fuerant)
2377 1660 2472 1721 hic
2501 1662 2917 1724 necessitatem
2943 1666 3034 1725 sui
3065 1664 3229 1725 addit
3257 1666 3622 1745 apostolatus
3645 1667 3742 1729 di-

354 1756 593 1822 ὒπακοην
679 1758 766 1812 καὶ
860 1756 1151 1834 ῥαντισμὸν
1208 1756 1437 1833 α’ίματος
1522 1757 1699 1824 Ἰησοῦ
1756 1765 1996 1837 Χριστοῦ,

2089 1765 2233 1807 cons
2265 1765 2278 1809 :
2314 1748 2377 1809 Iu
2411 1750 2950 1813 sanctificationem
2983 1754 3243 1833 Spiritus
3270 1751 3489 1816 miSsus
3519 1773 3649 1815 sum
3681 1756 3745 1817 in

354 1849 508 1899 τοῦτο
536 1842 714 1911 δηλῶν
742 1842 827 1900 διὰ
853 1850 959 1901 τῶν
1030 1845 1409 1923 προκειμένων,
1474 1844 1554 1901 ὅτι
1598 1848 1625 1902 6
1668 1845 1862 1924 τρόπος
1906 1851 1996 1913 τῆς

2091 1834 2489 1899 obedientiam
2514 1848 2573 1901 et
2591 1840 2997 1920 aspersionem
3023 1842 3477 1921 sanguinisJesu
3499 1844 3739 1907 Christi:

357 1932 492 2007 ἐμῆς
522 1932 825 2001 ἀποστολῆς
856 1934 1006 1998 οὕτος
1079 1935 1347 2016 ἀφορίσαι.
1409 1942 1573 1993 Τοῦτο
1602 1937 1702 2015 γὰρ
1772 1934 1856 1993 διὰ
1912 1942 2004 1991 τοῦ

362 2021 653 2103 Ἀγιασμοῦ
719 2030 948 2103 παριστᾷ
997 2027 1070 2089 ὡς
1126 2028 1209 2089 τὸ,
1279 2048 1302 2082 α
1353 2028 1451 2083 Καὶ
1509 2025 1685 2083 ἔσεσθέ
1728 2049 1817 2102 μοι
1874 2024 2002 2090 λαὸς

356 2115 652 2193 περιούσιος
707 2114 1055 2193 ἡγιασμένος.
1096 2138 1119 2171 ι
1182 2115 1326 2172 Ἀντὶ
1408 2116 1507 2195 γὰρ
1560 2123 1651 2172 τοῦ
1693 2115 2003 2195 ἀφωρισμέ-

356 2226 440 2267 νος
471 2203 532 2259 ἐκ
561 2210 665 2259 τῶν
705 2201 852 2265 ἄλλω
920 2204 1101 2267 ἕθνῶν,
1166 2195 1223 2263 Ὀ
1280 2204 1473 2284 τρόπος
1545 2207 1634 2261 οῦν
1690 2226 1785 2273 της
1846 2205 2006 2263 αὐτοῦ

356 2290 663 2358 ἀπαστολῆς
720 2292 963 2373 ἀφορίσαι
1051 2292 1136 2349 διὰ
1216 2295 1585 2370 πνευματικῶν
1654 2294 2004 2374 χαρισμάτων

355 2382 568 2449 ὑπήκοα
597 2380 717 2447 ἔθνη
745 2388 824 2456 τῷ
853 2389 1059 2462 σταυρῷ
1113 2385 1202 2439 καὶ
1243 2389 1321 2457 τῷ
1378 2384 1528 2440 πάθει
1587 2383 1819 2463 Χριστοῦ
1874 2384 2003 2461 ῥαν-

354 2468 623 2548 τιζόμενα,
670 2469 729 2525 06
813 2469 993 2545 σποδῴ
1059 2469 1359 2547 δαμάλεως,
1435 2474 1663 2539 ὁπηνίκα
1742 2471 1847 2528 δέοι
1902 2477 2003 2539 τῆς

354 2556 459 2613 ἀπὸ
506 2563 604 2626 τῆς
659 2557 867 2627 ἐθνικῆς
920 2560 1227 2627 κοινότητος
1298 2559 1468 2629 λαϐὴν
1540 2562 1999 2642 ἀποκαθήρασθαι,

352 2643 488 2701 ἀλλὰ
526 2653 605 2721 τῷ
634 2647 739 2703 ἀπὸ
780 2650 873 2705 τοῦ
916 2650 1111 2714 πάθους
1165 2657 1390 2730 Χριστοῦ
1463 2650 1677 2726 α’ίματι,
1757 2662 1879 2727 Αμα
1948 2650 2003 2707 δὲ

351 2737 438 2791 καὶ
480 2738 922 2816 προανακρούεται
966 2737 1050 2794 διὰ
1103 2747 1196 2795 τοῦ
1240 2739 1469 2815 α’ίματος
1511 2742 1574 2796 τὸ
1642 2739 1725 2796 διὰ
1778 2742 2001 2819 Χριστὸν

350 2829 454 2881 τῶν
516 2826 589 2889 εἰς
648 2827 802 2883 αῦτὸν
858 2826 1213 2887 πιστευόντων
1270 2830 1575 2908 μαρτύριον.
1626 2820 1682 2885 Ὀ
1752 2830 1852 2908 γὰρ
1881 2843 1999 2895 τοῖς

350 2920 440 2970 τοῦ
469 2911 781 2972 διδασκάλου
822 2916 876 2971 ὲν
904 2917 1113 2994 ὑπακοῇ
1183 2918 1440 2995 ἑπόμενος
1512 2919 1717 2999 ἴχνεσι,
1782 2920 1995 2984 πάντως

351 3001 543 3070 δεῆσαν
588 3002 705 3063 οῦδὲ
737 3004 894 3070 αὐτὸς
938 3004 1000 3060 ἂν
1069 3007 1345 3087 ἀπόχηται
1399 3009 1461 3063 τὸ
1514 3006 1647 3067 ἵδι.ν
1719 3008 1862 3084 αἷμα
1918 3008 2001 3065 ἐκ·

2090 1924 2201 1985 hoc
2232 1926 2572 2005 signiﬁcans
2604 1948 2709 2009 per
2756 1948 2826 1993 ea
2875 1949 3006 2010 quae
3038 1940 3447 2011 proponuntur
3479 1952 3492 1995 :
3521 1932 3630 1995 Hic
3655 1941 3745 1995 est

2089 2015 2297 2076 modus
2325 2016 2840 2097 mciapostolatus,
2862 2021 2935 2080 ad
2965 2020 3422 2099 segregandum.
3451 2020 3594 2083 Nam
3628 2023 3743 2085 hoc

2088 2101 2357 2183 designat
2388 2124 2493 2185 per
2524 2106 3065 2170 Sanctiﬁcationem
3105 2130 3117 2168 :
3153 2107 3307 2170 sicut
3336 2128 3470 2171 cum
3494 2110 3738 2188 dicitur,

2094 2189 2198 2252 «Et
2224 2193 2390 2254 eritis
2422 2195 2569 2256 mihi
2598 2199 2850 2276 populus
2880 2196 3195 2277 peculiaris
3224 2199 3622 2261 sanctificatus
3649 2200 3735 2277 9,»

2089 2281 2201 2343 hoc
2223 2293 2311 2343 est
2343 2294 2688 2364 segregatus
2719 2306 2788 2347 ex
2818 2286 2952 2348 aliis
2997 2286 3301 2366 gentibus.
3322 2289 3530 2351 Modus
3561 2290 3743 2370 igitur

2089 2373 2451 2450 apostolatus
2474 2373 2662 2453 ipsius
2683 2374 2813 2455 fuit,
2848 2385 2912 2437 ut
2932 2386 3234 2455 separaret
3259 2395 3366 2457 per
3384 2377 3541 2439 dona
3558 2378 3740 2459 spiri-

2092 2460 2268 2521 tualia
2299 2471 2506 2539 gentes
2536 2463 2911 2539 obedientes,
2945 2482 3217 2544 aspersas
3241 2466 3515 2545 passione
3538 2476 3741 2529 etsan-

2086 2546 2263 2624 guine
2297 2548 2539 2628 Christi,
2604 2571 2722 2612 non
2777 2552 2981 2614 cinere
3004 2554 3299 2631 juvencze,
3333 2573 3468 2615 cum
3502 2555 3740 2635 purgari

2089 2644 2581 2722 oportet,sumptr
2594 2642 2906 2703 occasione
2926 2662 2959 2703 a
2976 2642 3743 2723 coinquinationeethnico-

2083 2742 2219 2785 rum
2256 2744 2269 2788 :
2307 2729 2412 2790 sed
2445 2732 2734 2809 sanguine
2788 2740 3033 2812 accepto
3094 2751 3127 2792 a
3171 2732 3445 2812 passione
3496 2732 3736 2799 Christi.

2081 2813 2268 2877 Simul
2288 2826 2486 2881 autem
2511 2830 2569 2880 et
2593 2821 2877 2900 praeludio
2904 2821 3158 2901 quodam
3180 2823 3359 2899 tangit
3388 2824 3737 2902 martyrium

2082 2906 2386 2983 sanguinis
2419 2921 2667 2990 prapter
2696 2910 2999 2973 Christum
3031 2918 3376 2989 susceptum
3406 2910 3479 2972 ab
3512 2913 3605 2972 his
3638 2916 3738 2993 qui

2084 2995 2336 3055 credunt
2363 2996 2423 3057 in
2455 2997 2651 3078 ipsum
2679 3017 2693 3062 :
2722 3018 2856 3060 nam
2882 3002 2982 3079 qui
3003 3017 3109 3080 per
3137 2998 3537 3061 obedientiam
3562 3002 3740 3065 vesti-

350 3092 482 3173 χέαι
511 3094 641 3173 ὑπὲρ
669 3101 762 3151 τοῦ
789 3093 1078 3175 ἐκχέαντος
1110 3098 1169 3153 τὸ
1213 3099 1399 3157 ἑαυτοῦ
1458 3099 1588 3178 ὑπὲρ
1639 3108 1731 3157 τοῦ
1797 3098 1996 3173 κόσμου

2084 3081 2179 3161 gia
2199 3086 2471 3165 sequitur
2483 3087 3028 3169 praeceptoris,cum
3044 3088 3288 3149 omnino
3302 3107 3548 3150 necesse
3561 3089 3739 3154 fuerit

350 3182 572 3246 παντός,
609 3206 636 3238 α
668 3183 864 3264 Πέτρος
921 3184 1216 3250 ἀπόστολος
1274 3187 1449 3254 Ἰησοῦ
1498 3176 1745 3268 Χριστοῦ.
1785 3210 1809 3245 ι)
1870 3198 1996 3253 Τοῖς

2086 3188 2197 3232 nec
2230 3176 2359 3253 ipse
2380 3176 2681 3237 recusabit
2713 3177 3023 3257 proprium
3072 3176 3323 3239 fundere
3352 3178 3733 3268 sanguinem,

351 3269 413 3326 ἐκ
439 3277 731 3349 περιτομῆς
775 3275 926 3337 οὗτος
979 3274 1298 3356 ἐπιστέλλει,
1345 3280 1415 3343 ὡς
1472 3279 1501 3334 6
1566 3278 1821 3355 μακάριος
1894 3276 1998 3335 Ἰά-

346 3356 546 3423 κώϐος.
581 3358 730 3417 Ἀλλ’
787 3364 991 3425 ἐκεῖνος
1064 3365 1161 3438 μὲν
1231 3365 1486 3444 ἀορίστως
1542 3374 1672 3423 πᾶσι
1713 3367 1835 3430 τοῖς
1895 3368 1996 3424 ὑπὸ

348 3448 448 3516 τὴν
516 3449 830 3526 οἰκουμένην
898 3460 1229 3510 κατοικοῦσιν
1300 3452 1567 3518 Ἰουδαίοις
1663 3454 1995 3526 ὁπουδήποτε

350 3538 518 3601 οὖσιν,
550 3541 712 3604 Οὗτος
770 3538 825 3596 δὲ
882 3541 1262 3623 ἀφωρισμένως
1330 3545 1452 3611 τοῖς
1520 3546 1738 3622 κλίμασι
1796 3546 1996 3605 Πόντου

350 3626 632 3713 Γαλατίας.
715 3632 809 3705 Τὸ,
871 3630 1098 3713 Πόντσυ,
1173 3630 1228 3689 δὲ
1313 3635 1623 3713 προστίθησι
1708 3636 1994 3699 Γαλατίας.

354 3705 515 3774 ’Ἐστι
571 3718 673 3797 γὰρ
740 3721 828 3776 καὶ
872 3717 1013 3788 ἄλλη
1063 3705 1198 3779 κανά
1269 3705 1496 3788 Κελτοὺς
1581 3721 1834 3798 Γαλατία,
1881 3723 1999 3792 ἥτις

348 3808 434 3863 καὶ
476 3805 640 3873 ὅντως
683 3807 938 3889 Γαλατία,
971 3808 1061 3892 ἀφ’
1132 3813 1197 3878 ἧς
1241 3815 1330 3870 καὶ
1392 3814 1537 3870 οὗτοι
1597 3817 1999 3889 μετῳκίσθησαν

348 3895 588 3959 ἐνταῦθα.
622 3898 839 3961 Τούτοις
895 3899 985 3955 οὖν
1055 3902 1143 3957 καὶ
1192 3915 1312 3967 τοῖς
1383 3900 1596 3968 λοιποῖς
1662 3902 1826 3959 ἔθνεσι
1880 3918 1996 3969 τοῖς

346 3985 675 4064 ἐγκειμένοις
705 3992 773 4063 τῇ
804 3994 1081 4067 προγραγῇ
1108 4003 1344 4048 ποιεῖται
1418 3992 1509 4046 τὸν
1577 3989 1760 4070 λόγον,
1834 3991 1995 4071 ἐγκυ-

344 4073 476 4148 κλίῳ
535 4075 701 4151 ταύτῃ
759 4077 1041 4155 χρώμενος
1127 4077 1436 4157 Ἐπιστολῇ.
1510 4082 1581 4138 Τὸ
1641 4080 1784 4153 ἑξῆς,
1860 4083 1995 4159 μετὰ

343 4165 649 4242 προσθήκης
717 4170 824 4221 τῶν
878 4164 1112 4230 ἐλλιπῶς
1171 4168 1488 4246 εἰρημένων,
1550 4169 1713 4227 Τοῦτο
1755 4168 1809 4227 δὲ
1887 4194 1990 4228 σα·-

343 4253 559 4332 φηνείας
616 4253 797 4333 χάριν,
883 4255 961 4311 ἐτι
1018 4252 1073 4311 δὲ
1129 4256 1487 4333 μεταλήψεως
1549 4259 1636 4316 καί
1689 4280 1755 4336 με
1769 4262 1994 4331 εαποιήο

345 4362 480 4406 σεως
518 4348 623 4399 τῶν
650 4343 787 4401 κατά
815 4344 915 4412 τὴν
943 4342 1080 4411 λέξιν
1106 4346 1309 4410 τύπων,

421 4608 614 4690 Πέτρος
643 4608 939 4677 ἀπόστολος
1000 4610 1179 4680 Ἰησοῦ
1235 4619 1460 4693 Χριστοῦ
1515 4615 1652 4671 κατὰ
1692 4615 1990 4695 πρόγνωσιν

339 4706 475 4759 Θεοῦ
523 4701 733 4779 Πατρὸς
793 4699 1193 4778 ἀπεσταλμένος
1278 4705 1351 4770 εἷς
1431 4704 1493 4760 τὸ
1542 4704 1801 4784 ἀφορίζειν
1848 4710 1991 4780 αῦτῷ

339 4788 392 4845 ἐν
450 4789 736 4866 πνεύματι,
820 4792 909 4847 καὶ
976 4792 1245 4859 ὑπηκόους
1340 4792 1463 4857 τοὺς
1532 4794 1625 4849 τὸν
1707 4794 1990 4871 ῥαντισμὸν

337 4882 427 4936 106
480 4879 714 4956 α’ίματος
772 4878 949 4948 Ἰησοῦ
1026 4889 1253 4962 Χριστοῦ
1315 4883 1598 4962 καθάρσιον
1655 4881 1985 4960 δεξαμένους,

337 4969 463 5044 ὑμῖν
492 4982 610 5035 τοῖς
638 4968 915 5036 ἐκλεκτοῖς
987 4971 1376 5053 παρεπιδήμοις
1447 4970 1734 5053 διασπορᾶς
1792 4973 1992 5032 Πόντου

340 5055 623 5139 Γαλατίας,
658 5058 1058 5137 Καππαδοκίας,
1113 5061 1293 5126 Ἀσίας
1365 5063 1453 5120 καὶ
1514 5064 1772 5142 Βιθυνίας,
1831 5066 1989 5143 χάρις

340 5147 426 5202 καὶ
458 5148 639 5227 εἰρήνη
682 5147 1027 5219 πληθυνθείη.
1064 5150 1367 5233 Εὐλογητὸς
1400 5154 1426 5208 6
1480 5153 1609 5214 Θεὸς
1665 5154 1753 5208 καὶ
1807 5154 1988 5233 Πατὴρ

338 5242 429 5293 τοῦ
474 5238 660 5317 Κυρίου
682 5239 835 5313 ἡμῶν
872 5238 1051 5308 Ἰησοῦ
1083 5249 1332 5321 Χριστοῦ,
1392 5244 1419 5298 6
1475 5239 1560 5297 διὰ
1613 5242 1706 5297 τὸν
1760 5242 1985 5323 ἀνυπέρ-

336 5324 532 5393 ϐλητον
559 5328 715 5384 αῦτοῦ
745 5327 971 5387 πλοῦτον
1014 5333 1102 5388 καὶ
1160 5331 1306 5389 ἔλεον
1360 5329 1444 5387 διὰ
1512 5334 1611 5397 τῆς
1676 5331 1736 5388 ἐκ
1793 5337 1987 5412 νεκρῶν

337 5414 673 5481 ἀναστάσεως
705 5415 883 5483 Ἰησοῦ
954 5427 1180 5499 Χριστοῦ
1253 5418 1611 5500 ἀναγεννήσας
1682 5422 1825 5497 ἡμᾶς
1869 5421 1985 5490 ἤτοι

337 5507 726 5581 μεταποιήσας,
826 5511 914 5567 καὶ
982 5511 1331 5589 μεταθέμενος
1385 5512 1459 5577 είς
1529 5508 1708 5568 ἐλπίδα
1784 5518 1980 5596 ζῶσαν,

414 5683 436 5726 ί
477 5681 592 5749 lea.
625 5699 746 5765 LII,
782 5684 845 5750 1.
888 5684 917 5730 ³
941 5684 1097 5753 Deut
1123 5703 1244 5767 11v,
1274 5689 1337 5754 2.

2083 3278 2190 3340 pro
2223 3280 2293 3323 eo
2317 3263 2418 3344 qui
2448 3283 2618 3325 suum
2648 3285 2753 3346 pro
2800 3278 2916 3327 toto
2946 3266 3169 3327 mundo
3199 3265 3422 3328 effudit.
3466 3292 3493 3323 α
3526 3266 3737 3330 Petrus

2080 3354 2393 3430 apootolns
2420 3356 2451 3417 J
2460 3372 2565 3415 esu
2600 3354 2879 3417 Christi.»
2910 3354 3019 3416 Hic
3050 3356 3171 3416 illis
3198 3355 3409 3418 scribit
3445 3357 3546 3437 qui
3568 3367 3738 3420 erant

2080 3456 2151 3499 ex
2178 3441 2657 3519 circumcisione,
2686 3444 2838 3505 sicut
2864 3452 2922 3505 et
2955 3443 3163 3505 beatus
3194 3444 3469 3520 Jacobus,
3496 3446 3602 3506 sed
3635 3447 3735 3508 ille

2087 3530 2325 3608 quidem
2357 3532 2666 3595 indefinite
2691 3533 2967 3594 omnibus
2986 3532 3209 3596 Judazis
3231 3534 3333 3615 qui
3349 3534 3555 3596 orbem
3573 3536 3736 3598 inha-

2085 3616 2364 3699 bitarent,
2419 3623 2760 3703 ubicunque
2812 3631 3051 3699 essent;
3106 3624 3205 3685 hic
3261 3632 3459 3685 autem
3489 3626 3735 3689 deﬁnite

2083 3707 2417 3771 ciimatibus
2448 3713 2611 3791 ponti
2639 3712 2900 3774 Galatiae.
2932 3712 3177 3773 Addidit
3204 3720 3399 3773 autem
3454 3715 3625 3776 Ponti
3655 3716 3729 3775 ad

2084 3794 2398 3862 Galatiam.
2429 3802 2533 3862 Est
2564 3800 2722 3861 enim
2749 3810 2806 3862 et
2832 3801 2948 3862 alia
2953 3802 3121 3879 juxta
3144 3800 3338 3862 Celtas
3358 3800 3580 3863 Galatia
3598 3820 3731 3882 quae

2083 3885 2258 3948 etiam
2282 3907 2419 3951 vere
2446 3890 2670 3952 Galatia
2688 3898 2796 3965 est,
2824 3909 2857 3952 a
2878 3898 3062 3971 quaet
3082 3890 3144 3951 hi
3168 3891 3733 3969 transmigraverant

2079 3975 2153 4037 de
2186 3978 2401 4057 quibus
2425 3999 2584 4041 nunc
2612 3980 2752 4058 agit.
2787 3979 2892 4041 His
2913 3998 3052 4058 ergo
3084 3980 3431 4059 creterisque
3450 3982 3729 4059 gentibus

2078 4082 2213 4144 que
2240 4067 2303 4128 in
2334 4070 2778 4150 praescriptione
2809 4078 3115 4151 ponuntur
3136 4087 3476 4130 sermonem
3500 4070 3721 4149 dirigit,

2079 4154 2396 4218 universali
2426 4157 2550 4219 sive
2579 4159 2843 4236 generali
2874 4158 2983 4221 hac
3005 4177 3149 4221 usus
3186 4157 3725 4239 Epistola.Littem

2073 4245 2580 4327 ergozseriesghzec
2601 4257 2713 4330 est,
2747 4268 2879 4311 cum
2902 4248 3207 4311 additione
3229 4266 3436 4310 eorum
3458 4266 3590 4330 quae
3612 4265 3720 4332 per

2070 4333 2366 4396 defectum
2398 4338 2557 4401 dicta
2610 4348 2751 4401 sunt
2802 4337 3295 4401 manifestationis
3338 4340 3547 4417 gratia,
3576 4340 3720 4401 485

2009 4449 2052 4500 ι)
2071 4433 2385 4506 pr0pterea
2416 4428 2593 4490 etiam
2624 4447 2758 4490 cum
2793 4427 3295 4509 transsumptione
3311 4446 3380 4489 ac
3397 4430 3721 4492 mutatione

2073 4513 2393 4591 ﬁgurarum
2425 4516 2515 4597 ad.
2528 4516 2795 4581 verbum.

2154 4601 2363 4666 Petrus
2383 4607 2687 4686 apostolus
2707 4609 2846 4670 Jesu
2871 4605 3267 4685 Cbristijuxta
3288 4609 3721 4687 praescientiam

2072 4688 2182 4753 Dei
2205 4694 2639 4771 Patris,missus
2684 4698 2757 4759 ad
2780 4696 3213 4775 segregandum
3257 4697 3369 4777 ipsi
3391 4697 3454 4757 in
3483 4699 3722 4778 spiritu,

2073 4790 2132 4843 et
2158 4780 2510 4846 obedientes
2526 4786 2857 4849 faciendum
2882 4804 2986 4847 eos
3003 4784 3103 4866 qui
3118 4786 3505 4866 expiatricem
3524 4805 3724 4849 susce-

2072 4883 2291 4950 perunt
2320 4875 2731 4955 aspersionem
2763 4875 3070 4954 sanguinis
3106 4876 3248 4939 Jesu
3288 4874 3533 4951 Christi,
3559 4874 3724 4938 vobis

2074 4960 2280 5024 electis
2292 4963 2536 5026 advenis
2549 4966 2800 5046 sparsim
2824 4963 3719 5048 incolentibusPontiGalatiam,

2072 5052 2527 5133 Cappadociam,
2552 5056 2780 5129 Asiam,
2813 5075 2881 5118 ac
2929 5057 3285 5138 Bithyniam,
3318 5056 3502 5134 gratia
3534 5063 3591 5117 et
3612 5074 3725 5136 pax

2076 5141 2527 5223 multiplicetur.
2585 5145 2945 5207 Benedictus
2994 5149 3148 5209 Deus
3198 5154 3257 5207 et
3286 5144 3456 5206 Pater
3485 5144 3726 5207 Domini

2073 5232 2259 5294 nostri
2279 5232 2420 5296 Jesu
2446 5234 2659 5297 Christi
2684 5235 2784 5317 qui
2809 5235 3349 5316 perincredibilem
3370 5252 3538 5296 suam
3570 5254 3723 5317 opu-

2070 5323 2312 5385 lentiam
2347 5333 2405 5389 et
2426 5326 2901 5389 misericordiam
2924 5345 3032 5407 per
3052 5325 3558 5389 resurrectionem
3583 5328 3724 5388 .lesu

2069 5414 2285 5478 Christi
2318 5435 2387 5478 ex
2417 5416 2665 5480 mortuis
2690 5418 3064 5496 regeneravit
3092 5415 3724 5499 nos,sive'.transmuta-

2068 5507 2234 5569 vitet
2266 5507 2625 5603 transposuit
2653 5508 2717 5570 in
2741 5526 2911 5589 spem
2956 5506 3143 5571 vivam
3195 5508 3258 5569 in
3316 5505 3723 5569 hareditatem
