4136 6416
399 349 516 420 517

1436 344 1828 419 COMMENT.
1877 351 1962 416 IN
2009 341 2253 414 EPIST.
2300 349 2324 410 1
2370 346 2430 412 S.
2475 345 2731 413 PETRI.

3682 340 3804 404 518

395 489 490 547 οὒκ
521 489 585 546 ἂν
625 489 897 572 παρέτεινε
953 489 1118 572 μέχρι
1175 489 1447 549 τοσούτου.
1501 488 1654 546 Ἐπεὶ
1723 487 1811 545 οὖν
1869 494 2050 544 τοιαῦ-
2071 477 3229 572 Ᾱιτθνθιᾶῑίοηθιηνθιῐῐιᾷζιὶΐθειᾶῑίοηθιῐι
3249 475 3800 543 Domini.Nisienim

395 601 462 636 τι
515 582 603 636 καὶ
656 590 886 640 τοσαῦτα
941 581 1010 638 τὰ
1094 577 1362 656 διδόμενα,
1449 575 1594 635 οὒδὲν
1678 577 1897 642 ἀπεικὸς
1969 577 2058 632 καὶ

394 669 701 746 ἆγαλλίαμα
797 670 1216 749 παρακολουθεῖν
1277 682 1396 732 τοῖς
1474 665 1824 743 λαμϐάνουσι.
1909 665 2056 732 Πλὴν

397 756 582 826 ἐπειδὴ
633 761 668 827 ἡ
737 767 831 816 τοῦ
913 757 1229 816 διδασκάλου
1292 756 1609 838 ἐπαγγελία,
1675 757 1797 836 οὐχὶ
1856 755 2051 835 χαρὰν,

397 846 533 904 ἀλλὰ
562 846 734 916 λύπην
765 851 1061 926 εἰσηγεῖται
1104 863 1118 878 ⁶
1173 869 1197 905 ι
1249 846 1338 906 Ἐν
1395 851 1473 920 τῷ
1542 846 1730 920 κόσμῳ
1785 844 2056 924 φάσκουσι

399 935 478 992 ὅτι
513 935 690 1014 θλίψιν
741 936 905 1014 ἕξετε,
949 961 970 993 ι
1031 939 1339 1017 προστίθησι
1397 938 1473 1012 τῷ
1529 935 1914 1017 ἀγαλλιᾶματ-ι,
1967 936 2050 1012 τὸ,

397 1010 630 1105 Ὀλίγον,
667 1029 766 1086 Καὶ
808 1010 989 1095 ἐπειδὴ
1021 1010 1176 1084 τοῦτο
1206 1010 1464 1106 λυπηρρν,
1500 1010 1685 1104 ἐπείγει
1716 1010 1798 1105 τὸ,
1864 1010 2050 1102 "Apri,

403 1116 657 1196 σύμφωνα
715 1115 886 1194 λέγων
947 1123 1024 1191 τῷ
1110 1117 1293 1174 ἑαυτοῦ
1376 1115 1722 1194 καθηγεμόνι.
1799 1114 2055 1176 Κάκεῖνος

411 1207 533 1283 γὰρ,
575 1225 598 1262 ιι
637 1205 728 1262 Ἐν
755 1213 832 1280 τῷ
860 1205 1070 1281 κόσμῳ.
1104 1206 1256 1284 φησὶ,
1316 1203 1491 1284 θλίψιν
1560 1202 1722 1277 ἕξετε,
1766 1225 1787 1257 ι
1851 1199 1970 1284 ἀλλ’
2027 1202 2063 1267 ἡ

598 1295 746 1370 ὑμῶν
790 1270 863 1357 sic
887 1270 1059 1373 χαράν
1116 1270 1424 1372 γενήσεταί
1461 1270 1520 1350 Ἠ
1582 1294 1671 1349 οὖν
1707 1270 1808 1361 πὸ,
1873 1281 2059 1368 “Λρτι.

407 1381 489 1438 διὰ
518 1385 580 1439 τὸ
622 1380 932 1460 ἀγαλλίαμα
957 1381 1272 1462 προσετέθη,
1304 1383 1377 1444 ὡς
1434 1391 1527 1440 τοῦ
1597 1378 1892 1456 μάλλοντος
1943 1376 2062 1433 δια-

402 1470 648 1552 δέχεσθαι
697 1470 1098 1550 ἆγαλλιάματος
1156 1471 1250 1527 οὒκ
1272 1537 1295 1552 ,1
1333 1468 1418 1528 ἐπ’
1463 1469 1638 1547 ὀλίγον
1691 1468 1866 1541 ὄντος,
1942 1465 2066 1523 ἀλλ’

405 1541 502 1616 ξτέὶ
528 1541 818 1640 μακρονπε
861 1541 950 1616 καί
977 1559 1216 1640 ἄπειρον.
1272 1541 1329 1617 ³ῘΞΙ
1373 1561 1457 1630 τὸ,
1531 1541 1768 1639 Ὀλίγον,
1824 1559 1956 1636 πρὸς
2000 1557 2060 1612 τὸ

411 1650 790 1729 ἐπιφερόμενον
820 1647 1054 1728 λυπηρὸν
1113 1648 1410 1728 λογιστέον,
1469 1649 1562 1705 ’ίνα
1627 1651 1664 1724 ᾗ
1722 1647 1887 1712 οὕτως
1923 1665 1943 1685 ⁶
2005 1648 2061 1701 El

405 1738 519 1794 δέον
558 1739 698 1796 ἐστιν
727 1737 905 1816 ὀλίγον
958 1737 1071 1816 ἄρτι
1121 1737 1443 1805 λυπηθέντες
1502 1738 1556 1796 ἐν
1613 1737 1873 1800 ποικίλοις
1931 1757 2057 1792 πει-

2143 576 2361 650 potens
2391 577 2557 632 esset
2586 569 2878 643 custodia,
2913 587 3284 649 nequaquam
3341 575 3501 629 tanto
3530 575 3805 648 tempore

2142 658 2516 735 perduraret.
2541 657 2831 730 Quoniam
2860 659 3036 736 igitur
3068 667 3226 719 tanta
3255 675 3324 718 ac
3357 656 3492 717 talia
3513 663 3648 717 sunt
3675 672 3808 736 qua:

2137 746 2375 820 dantur,
2412 746 2561 808 nihil
2587 746 2834 808 absurdi
2854 754 2944 807 est
2973 746 3127 826 quod
3155 746 3330 806 etiam
3357 753 3636 825 sequatur
3651 761 3802 822 gau-

2137 833 2300 895 dium
2317 853 2419 895 eos
2441 836 2541 915 qui
2560 835 3165 916 accipiunt.Attamen
3186 833 3467 915 quoniam
3488 831 3802 914 promissio

2139 923 2405 1002 magistri
2425 942 2543 984 non
2565 923 2848 1003 gaudium
2866 922 2972 985 sed
2990 941 3308 984 maerorem
3335 921 3565 983 inducit
3584 921 3796 983 dicen-

2137 1010 2213 1072 do
2250 1030 2264 1072 :
2311 1010 2406 1072 «In
2442 1012 2662 1073 mundo
2677 1011 3061 1073 afﬂictionem
3087 1010 3384 1073 habebitis
3407 1009 3582 1088 5,»ad
3601 1009 3801 1071 exsul-

2147 1099 2430 1161 tationem
2452 1100 2983 1176 addit,Paululum.
3012 1098 3085 1161 Et
3113 1101 3253 1180 quia
3289 1099 3480 1175 triste,
3506 1097 3810 1178 subjungit

2145 1186 2737 1264 Nunc,conformiter
2767 1208 2902 1251 cum
2931 1207 3039 1250 suo
3065 1189 3219 1250 duce
3247 1188 3523 1269 loquens,
3556 1188 3657 1269 qui
3687 1188 3802 1250 ait:

2153 1300 2176 1333 (ι
2213 1276 2280 1338 In
2314 1279 2534 1340 mundo
2579 1280 2967 1340 aiﬂictionem
3019 1277 3340 1354 habebitis,
3377 1302 3404 1333 ι
3439 1278 3543 1338 sed
3577 1277 3814 1340 tristitia

2145 1374 2342 1429 vestra
2363 1375 2626 1429 vertetur
2655 1367 2716 1428 in
2741 1368 3172 1446 gaudium.Aut
3193 1385 3334 1447 ergo
3359 1366 3516 1448 quod
3538 1366 3618 1426 ait
3645 1368 3818 1428 Nunc

2146 1455 2700 1537 velModo,propter
2722 1457 3176 1518 exsultationem
3206 1456 3476 1518 additum
3512 1462 3625 1534 est,
3646 1455 3814 1536 quasi

2145 1546 2572 1607 successurasit
2587 1546 2900 1607 exsultatio
2913 1564 3046 1626 quae
3059 1565 3177 1606 non
3192 1543 3566 1626 paululo,sed
3580 1545 3811 1607 diutur-

2144 1652 2220 1694 no
2234 1643 2291 1695 et
2315 1634 2548 1695 inﬁnito
2566 1633 3585 1714 temporeduret.Autl’aulu|um,ad
3598 1632 3815 1695 subse-

2144 1739 2334 1804 quens
2365 1724 2523 1804 quod
2577 1723 2890 1784 contristat
2947 1723 3336 1785 referendum
3359 1731 3474 1797 est,
3509 1731 3574 1783 ut
3603 1723 3682 1783 sit
3708 1722 3810 1784 hic

407 1842 657 1908 ρασμοϊς.
691 1812 840 1884 Ἀλλ³
910 1812 1092 1896 ἐπειδὴ
1148 1831 1210 1885 τὸ
1265 1835 1372 1885 τῶν
1425 1831 1756 1907 πειρασμῶν,
1829 1824 2042 1904 θόρυϐον

2151 1812 2280 1878 285
2305 1832 2518 1874 sensus
2547 1836 2560 1872 :
2589 1814 2652 1876 Si
2687 1833 2837 1894 opus
2853 1813 2949 1894 sit,
2979 1812 3280 1893 paululum
3304 1831 3462 1873 nunc
3485 1823 3807 1875 maerentes

411 1918 653 1990 ἐνεποὶει,
736 1913 820 1975 διὰ
875 1923 1028 1973 τοῦτο
1084 1915 1324 1995 ἐπήγαγε
1392 1917 1493 1984 τὴν
1579 1921 1685 1972 τῶν
1757 1920 2064 1994 πειρασμῶν

409 2008 597 2079 αἰτίαν,
645 2004 726 2062 ὅτι
756 2004 841 2064 διὰ
869 2005 1066 2064 τοῦτων
1122 2008 1185 2064 τὸ
1212 2005 1449 2082 δοκίμιον
1503 2006 1650 2080 ὑμῶν
1708 2004 2064 2085 φανερώτερον

410 2097 605 2175 γίνεται
675 2096 762 2151 καὶ
802 2095 1118 2176 τιμιώτερον
1159 2096 1400 2176 χρυσίου.
1447 2092 1597 2154 Ἐπεὶ
1651 2095 1740 2151 καὶ
1797 2095 1922 2152 αὐτὸ
1979 2091 2064 2147 δο-

411 2185 764 2260 κιμαζόμενον
819 2186 964 2264 πυρὶ,
1066 2183 1270 2261 μᾶλλον
1342 2184 1632 2264 ἀνθρώποις
1690 2181 2059 2249 σπουδάζεται.

415 2274 738 2341 Πποστίθησι
769 2271 824 2329 δὲ
854 2275 942 2331 καὶ
969 2275 1054 2350 τὸ,
1101 2276 1161 2331 Εἰ
1191 2272 1330 2350 δέον,
1376 2271 1506 2331 διότι
1558 2273 1676 2330 οὕτε
1745 2280 1846 2338 πᾶς
1875 2272 2061 2334 πιστὸς

413 2364 709 2442 πειράζεται
739 2361 823 2418 διὰ
875 2361 1128 2439 θλίψεως,
1193 2362 1307 2420 οὔτε
1376 2369 1482 2427 πᾶς
1540 2360 1884 2442 ἁμαρτωλὸς,
1941 2357 2062 2442 ἀλλξ

408 2449 522 2507 οὐδὲ
572 2455 872 2518 εὐθηνετται
958 2452 1204 2530 ἑκάτερος
1273 2452 1472 2508 τούτων
1528 2453 1600 2515 εἷς
1658 2441 1760 2510 ἀεί.
1821 2448 1970 2506 Ἀλλ’
2017 2441 2062 2506 οἱ

411 2541 507 2616 μὲν
565 2538 865 2618 θλιϐόμενοι
952 2538 1162 2614 δίκαιοι,
1252 2542 1326 2605 είς
1425 2541 1734 2621 προσθήκην
1791 2539 2062 2618 στεφάνων

407 2631 730 2709 πάσχουσιν,
763 2632 811 2688 οἱ
844 2629 899 2686 δὲ
970 2629 1296 2710 ἁμαρτωλοὶ,
1355 2630 1446 2687 ἵνα
1500 2636 1606 2688 τῶν
1663 2628 2062 2709 ἁμαρτημάτων

413 2718 562 2786 δίκην
619 2718 918 2781 ἐκτίσωσιν.
990 2721 1063 2778 Οὔ
1107 2720 1298 2785 πάντες
1367 2717 1422 2776 δὲ
1516 2718 1704 2776 δίκαιοι
1773 2715 2059 2794 θλίϐονται,

413 2808 505 2864 ἵνα
537 2809 615 2883 μὴ
647 2809 744 2875 τὴν
773 2810 962 2865 κακίαν
1010 2807 1289 2876 ἐπαινετὴν
1345 2809 1587 2887 νομίσας,
1662 2809 1895 2884 μισήσῃς
1964 2807 2063 2874 τὴν

418 2897 633 2978 ἀρετήν,
679 2895 808 2955 Οὐδὲ
890 2898 1083 2962 πάντες
1127 2896 1431 2976 ἁμαρτωλοὶ
1499 2896 1782 2971 θλίϐονται,
1839 2897 1929 2953 ’ίνα
1987 2895 2062 2971 μή

415 2993 450 3059 ἡ
481 2991 766 3054 ἀνάστασις
797 2990 1105 3069 μάπιστηθῇ,
1164 2992 1236 3056 ὡς
1290 2990 1498 3048 πάντων
1555 2990 1771 3048 ἐνταῦθα
1812 2989 1880 3045 τὰ
1934 2989 2060 3045 ἐαυ-

415 3083 522 3138 τῶν
566 3077 1077 3156 ἀπολαμϐανόντων,

498 3192 526 3225 α
589 3171 677 3233 Εἰς
761 3168 1114 3249 κληρονομίαν
1185 3171 1442 3252 ἄφθαρτον
1489 3172 1578 3228 καὶ
1647 3170 1899 3247 ἀμίαντον
1981 3169 2119 3227 καὶζ

414 3258 713 3338 ἀμάραντον
810 3259 1178 3338 τετηρημένην
1227 3260 1281 3318 ἐν
1367 3263 1638 3340 οὖρανοϊς,
1757 3260 1828 3324 εἰς
1929 3258 2067 3334 ὑμᾶς

415 3350 537 3412 τοὺς
637 3346 692 3403 ἐν
793 3345 1008 3424 δυνάμει
1096 3358 1226 3408 Θεοῦ
1323 3348 1736 3432 φρουρουμένους
1819 3346 1905 3404 διὰ
1985 3349 2061 3403 πί-

415 3459 580 3501 στεως
674 3438 747 3500 εἷς
826 3438 1091 3517 σωτηρίαν
1176 3439 1394 3515 ἑτοίμην
1504 3437 1938 3517 ἀποκαλυφθῆναι
2013 3436 2068 3493 ἐν

415 3533 590 3606 παιρῶ
689 3525 927 3606 ὲσχαίτῳ,
992 3527 1082 3584 Ἐν
1138 3531 1184 3603 ᾧ
1253 3527 1574 3606 ἀγαλλιᾶσθε
1659 3527 1835 3604 ὀλίγον
1926 3524 2064 3604 ἄρτι,

419 3617 462 3672 εἰ
572 3613 689 3673 δέον
776 3615 908 3697 ἐστὶ,
994 3615 1313 3685 λυπηθέντες
1397 3616 1452 3672 ἐν
1533 3615 1792 3680 ποικίλοις
1878 3638 2068 3694 πειρα-

412 3718 596 3782 σμοῖς,
670 3703 763 3763 ἵνα
819 3707 881 3762 τὸ
952 3703 1188 3783 δοκίμιον
1239 3708 1386 3783 ὑμῶν
1440 3711 1538 3774 τῆς
1626 3707 1877 3780 πίστεως,
1934 3703 2070 3761 πολὺ

409 3794 725 3873 τιμιώτερον
813 3796 1032 3874 χρυσίου
1125 3803 1219 3853 τοῦ
1274 3794 1661 3872 ἀπολλυμένου,
1762 3792 1845 3850 διὰ
1963 3815 2069 3849 πυ-

414 3886 501 3965 ρὸς
578 3881 633 3939 δέ
687 3882 1126 3960 δοκιμαζομένου,
1215 3888 1399 3963 εὖρεθῇ
1488 3887 1561 3948 εἰς
1646 3882 1860 3940 ἔπαινον
1982 3883 2070 3939 καὶ

413 3975 578 4050 τιμὴν
631 3973 720 4029 καὶ
791 3969 961 4049 δόξαν,
1037 3973 1093 4030 ἔν
1186 3973 1515 4050 ἀποκαλύψει
1569 3973 1748 4040 Ἰησου
1819 3979 2070 4051 Χριστοῦ,

416 4063 476 4119 δν
509 4065 603 4120 οὒκ
649 4059 842 4128 εἰδότες
899 4061 1164 4142 ἀγαπᾶτε,
1230 4065 1319 4128 Εἰς
1391 4063 1450 4120 ὃν
1508 4062 1624 4140 ἄρτι
1677 4063 1755 4139 μὴ
1817 4063 2066 4142 ὀρῶν-τες,

419 4152 756 4217 πιστεύοντες
816 4149 895 4228 δὲ,
958 4151 1277 4231 ἀγαλλιᾶσθε
1334 4158 1479 4233 χαρᾷ
1554 4149 1902 4225 ἀνεκλαλήτῳ
1982 4160 2072 4215 καὶ

426 4238 805 4318 δεδοξασμάνη,
839 4243 1183 4322 κομιζόμενοι
1212 4245 1274 4304 τὸ
1306 4244 1454 4310 τέλος
1484 4246 1584 4312 τῆς
1636 4245 1862 4310 πίστεως
1894 4244 2067 4323 ὑμῶν,

429 4331 690 4409 σωύηρίαν
722 4338 934 4414 ψυχῶν.
973 4356 998 4392 ι

2148 1918 2256 1980 per
2269 1902 2457 1962 varias
2478 1901 2977 1964 afﬂictiones.Sed
2991 1900 3268 1981 quoniam
3301 1899 3653 1962 afﬂictiones
3675 1910 3808 1963 tur-

2149 1991 2448 2052 bationem
2483 1990 2796 2072 inducunt,
2835 2001 3153 2071 propterea
3208 1988 3517 2068 subjunxit
3566 2007 3808 2050 causam

2149 2078 2727 2160 afﬂictionum,quod
2761 2099 2870 2160 per
2899 2079 3004 2139 has
3033 2077 3447 2158 comprobatio
3475 2077 3658 2140 vestri
3688 2096 3810 2138 ma-

2144 2167 2418 2228 nifestior
2439 2187 2507 2228 ac
2533 2169 3006 2249 pretiosiorauro
3031 2167 3307 2242 efﬁcitur,
3325 2166 3809 2248 quandoquidem

2146 2265 2204 2318 et
2233 2257 2378 2319 illud
2397 2260 2554 2338 quod
2579 2257 2716 2337 igne
2735 2257 3041 2338 probatur,
3075 2256 3301 2338 gratius
3333 2264 3422 2317 est
3440 2254 3805 2317 hominibus.

2145 2345 2329 2408 Addit
2351 2355 2646 2424 praeterea
2672 2367 2684 2408 :
2709 2345 2772 2409 Si
2794 2365 2945 2427 opus
2967 2345 3064 2421 sit,
3086 2345 3225 2425 quia
3253 2363 3365 2407 nec
3394 2343 3590 2405 omnis
3615 2344 3810 2406 ﬁdelis

2146 2453 2254 2515 per
2282 2435 2666 2498 afﬂictionem
2719 2438 3082 2517 exploratur,
3119 2453 3230 2496 nec
3281 2434 3475 2495 omnis
3505 2443 3802 2514 peccator.

2146 2523 2262 2587 Sed
2309 2543 2503 2606 neque
2559 2527 2770 2587 horum
2824 2523 3078 2607 quisque
3107 2542 3348 2604 semper
3379 2524 3616 2586 laetatur
3651 2540 3664 2582 :
3699 2523 3807 2584 sed

2138 2613 2539 2695 justiquidem
2566 2615 2994 2693 afﬂigunturad
3007 2632 3248 2676 corona:
3271 2633 3364 2674 um
3391 2622 3801 2692 augmentum,

2145 2713 2490 2782 peccatores
2521 2723 2660 2766 vero
2692 2714 2755 2765 ut
2788 2721 2984 2784 paanas
3039 2703 3203 2764 luant
3232 2711 3640 2783 peccatorum.
3673 2703 3804 2765 Non

2146 2799 2347 2854 tamen
2373 2812 2582 2855 omnes
2600 2793 2744 2874 justi
2767 2793 3136 2873 afﬂiguntur,
3167 2811 3241 2854 ne
3264 2791 3470 2852 vitium
3502 2791 3660 2852 laudi
3695 2791 3808 2852 du-

2145 2881 2594 2961 cens,virtutem
2611 2879 3057 2944 abomineris.N
3066 2899 3218 2962 eque
3236 2898 3446 2941 omnes
3467 2888 3810 2960 peccatores

2143 2968 2510 3048 afﬂiguntur,
2544 2989 2620 3033 ne
2671 2973 2749 3034 de
2801 2969 3248 3032 resurrectione
3279 2968 3605 3051 difﬁdatur,
3640 2969 3812 3050 quasi

2152 3077 2362 3120 omnes
2391 3079 2523 3140 quae
2555 3080 2663 3124 sua
2693 3068 2851 3137 sunt,
2884 3059 2979 3120 hic
3000 3058 3319 3139 recipiant.

2232 3147 2279 3226 Ι,
2313 3152 2438 3213 4-9.
2473 3150 2550 3212 In
2597 3151 3020 3212 haerettitatem
3066 3147 3591 3229 incorruptibilem
3619 3155 3675 3211 et
3706 3151 3812 3211 in-

2150 3239 2680 3303 eontaminabilem
2695 3249 2876 3320 atque
2892 3240 2971 3301 im
2981 3237 3456 3300 marcescibilem
3485 3256 3814 3302 conserva-

2153 3335 2278 3391 tum
2307 3330 2372 3390 in
2403 3329 2591 3410 caelis,
2626 3331 2708 3390 ad
2739 3347 2844 3391 vos
2875 3329 2979 3407 qui
3007 3327 3128 3390 Dei
3153 3327 3427 3406 polentia
3450 3329 3812 3391 custodimi-

2150 3418 2220 3479 ni
2244 3435 2360 3498 per
2379 3419 2557 3499 ﬁdem
2581 3421 2644 3480 iu
2675 3418 2938 3480 salutem
2987 3434 3123 3497 qua:
3147 3424 3373 3497 parata
3405 3427 3489 3478 est
3510 3424 3577 3479 ut
3604 3418 3812 3479 mani-

2150 3508 2406 3585 festetur
2437 3509 2503 3570 in
2533 3517 2803 3588 tempore
2859 3513 3157 3569 extremo.
3209 3505 3285 3567 In
3329 3523 3446 3586 quo
3487 3507 3817 3568 exsultatis

2144 3597 2476 3676 paululum
2527 3613 2688 3658 nunc
2717 3613 2967 3657 maerore
2995 3595 3200 3673 affecti
3253 3612 3364 3674 per
3412 3595 3618 3657 varias
3645 3595 3814 3676 afﬂi-

2152 3689 2398 3760 ctz‘ones,
2429 3686 2483 3746 si
2512 3702 2658 3764 opus
2699 3688 2780 3747 sit
2815 3700 2972 3763 :quo
3002 3683 3145 3763 ﬁdei
3171 3690 3381 3746 vestro?
3409 3685 3816 3763 comprobatio

2153 3772 2342 3836 multo
2367 3775 2697 3854 pretiosior
2752 3791 2906 3835 auro
2963 3772 3123 3852 quod
3165 3779 3332 3852 perit
3383 3772 3683 3852 probatur
3707 3790 3818 3852 per

2152 3863 2379 3942 ignem,
2409 3865 2774 3943 reperiatur,
2808 3862 2876 3924 in
2907 3863 3155 3924 laudem
3182 3871 3235 3924 et
3268 3862 3558 3925 honorem
3587 3870 3646 3925 et
3672 3865 3811 3944 glo-

2153 3953 2344 4034 riam,
2379 3961 2509 4014 tum
2539 3970 2681 4014 cum
2705 3953 3079 4015 revelabitur
3103 3951 3277 4014 Jesus
3303 3951 3607 4028 Christus,
3639 3969 3816 4032 quem

2151 4060 2296 4104 cum
2328 4059 2451 4105 non
2481 4042 2766 4105 videritis
2802 4041 3094 4122 diligitis,
3127 4041 3195 4102 iu
3245 4057 3416 4120 quem
3448 4040 3646 4116 modo,
3680 4057 3818 4102 cum

2150 4148 2274 4193 non
2295 4133 2578 4207 videatis,
2623 4134 2930 4194 credentes
2978 4136 3206 4206 tamen,
3233 4127 3562 4193 exsultatis
3591 4129 3817 4209 gaudio

2151 4220 2446 4301 ineffabili
2474 4229 2532 4284 et
2576 4221 2968 4300 gloriﬁcatio,
3015 4226 3399 4301 reportantes
3437 4219 3628 4299 ﬁnem
3673 4219 3819 4299 ﬁdei

2159 4318 2370 4373 vestra:
2395 4310 2655 4373 salutem
2683 4312 3066 4372 animarum.

506 4395 648 4479 ΕίἹὲν
720 4395 965 4503 ὀῦρΙάνοτς
1020 4424 1056 4491 ἡ
1107 4422 1434 4504 κληρονομία
1519 4422 1760 4500 μυθώδης
1805 4421 1869 4498 ﬁt
1892 4420 2066 4503 χιλιο-

2243 4399 2304 4464 Si
2327 4401 2385 4462 in
2404 4400 2569 4462 caelis
2587 4411 2676 4462 est
2701 4399 3041 4504 hazreditas,
3070 4397 3342 4461 fabulosa
3378 4408 3470 4462 est
3489 4414 3692 4461 rerum
3718 4398 3818 4460 in-

426 4509 551 4578 ετῆς
581 4487 1096 4587 ἀποκατάστασιςξα
1135 4487 1228 4569 Ἐνι
1260 4516 1306 4588 ᾧ
1340 4487 1680 4592 ’ἀγαλλιᾶσθε
1703 4487 2066 4594 έιὶιλίγονηᾶρτι1

2163 4491 2448 4590 stauratip
2463 4489 2524 4551 in
2541 4487 2912 4594 milleannti‘s.
2936 4487 3044 4594 ldn
3057 4507 3174 4587 qua
3197 4488 3819 4594 exsultatispaultﬂum

427 4601 473 4655 εί
518 4597 634 4656 δέον
703 4600 836 4661 ἔστί.
875 4619 907 4662 )
959 4604 1030 4660 Τὸ
1087 4599 1208 4670 ἑξῆς
1266 4600 1432 4667 οὕτως
1465 4620 1480 4635 ⁸
1541 4601 1872 4670 Αυπηθέντες
1928 4599 2078 4679 aint,

426 4690 470 4746 εἷ
501 4687 614 4746 δέον
667 4690 801 4767 ἐστὶ,
851 4691 1144 4766 τουτέστιν,
1205 4694 1249 4749 εἰ
1313 4694 1400 4750 καὶ
1455 4702 1610 4752 τοῦτο
1668 4691 1775 4773 δεῗ,
1851 4690 1934 4772 (οὗ
1981 4694 2082 4772 γὰρ

425 4781 618 4863 quin“
649 4783 696 4836 οἱ
734 4779 896 4863 Διῖἱγιοι
944 4778 1258 4863 θλίϐονται,)
1299 4781 1374 4863 Δ,ἐν
1426 4781 1643 4862 ἐσχάτῳ
1697 4789 1865 4857 καιρῷ
1922 4779 2086 4863 ἀγαλ-

425 4857 690 4936 λιάσεσθε,
723 4857 837 4918 ἀντὶ
904 4860 1194 4926 μέλλοντος
1238 4857 1531 4929 ἐῖληπταὶξ
1588 4869 1633 4920 Η
1685 4864 1774 4918 καὶ
1842 4857 1981 4921 κατᾶ
2022 4863 2084 4918 τὸ

431 4947 678 5029 ἐνεστὼς,
739 4951 813 5013 ὡς
865 4949 1013 5007 κάτω
1067 4953 1556 5028 ὑπεμνημάτισται.
1622 4975 1650 5007 α
1711 4952 1798 5016 Εἷς
1870 4949 2083 5008 ἔπαινον

430 5037 518 5092 καὶ
572 5039 757 5113 τιμήν,
796 5057 827 5098 )
876 5039 986 5108 Τὴν
1073 5040 1241 5096 αἰτίων
1310 5041 1418 5097 τῶν
1492 5041 1933 5098 κακοπαθούντων
1991 5039 2081 5095 ὲν-

432 5132 596 5183 ταῠτα
625 5124 837 5184 δικαίων
877 5125 964 5186 διὰ
1009 5129 1207 5186 τούτων
1264 5127 1447 5196 δῆλοϊ.
1519 5130 1632 5207 ἅμα
1688 5130 1785 5206 μὲν
1840 5151 2085 5208 παραμυ-

2163 4599 2346 4654 nunc,
2382 4579 2433 4640 si
2458 4597 2607 4646 opus
2636 4577 2772 4640 sit.»
2829 4575 2990 4640 Ordo
3023 4584 3115 4639 est
3141 4577 3256 4640 iste
3286 4595 3302 4640 ε
3339 4581 3599 4641 Mmrore
3627 4576 3823 4638 aﬂ'ecti

2164 4687 2351 4750 nunc,
2383 4668 2606 4748 sipopus
2637 4667 2734 4742 sit,
2794 4667 2854 4727 id
2887 4673 2998 4743 est,
3033 4665 3084 4726 si
3134 4667 3249 4728 hoc
3279 4685 3523 4747 quoque
3552 4674 3825 4747 oporteat

2167 4767 2383 4840 (neque
2415 4758 2573 4820 enim
2608 4774 2818 4818 omnes
2850 4756 3041 4818 sancti
3071 4756 3434 4836 afﬂiguntur)
3470 4757 3531 4816 in
3556 4764 3822 4836 tempore

2168 4855 2438 4910 extremo
2463 4845 3000 4920 exsultabitis,nam
3027 4863 3292 4926 praesens
3312 4864 3418 4926 pro
3441 4845 3638 4906 futuro
3657 4863 3823 4906 acce-

2167 4945 2331 5020 ptum
2357 4939 2592 5001 est.Aut
2612 4935 2789 4997 etiam
2816 4953 2922 5016 per
2948 4934 3745 5015 prtesens,quemadmodum
3762 4934 3825 4995 in

2166 5027 2560 5110 sequentibus
2584 5024 2946 5087 declaratum
2972 5031 3084 5087 est.
3121 5047 3144 5080 ι
3179 5023 3244 5085 In
3277 5024 3513 5085 laudem
3547 5033 3605 5085 et
3630 5024 3822 5085 hono-

2167 5138 2358 5184 rem.»
2385 5119 2630 5180 Causam
2655 5131 2760 5176 cur
2788 5113 3132 5192 afﬂigantur
3154 5113 3302 5194 justi
3331 5132 3434 5195 per
3455 5114 3582 5174 haec
3603 5113 3826 5192 signiﬁ-

430 5215 680 5293 θούμενος
738 5219 950 5292 αὐτοὺς,
1011 5219 1084 5283 ὡς
1164 5218 1614 5299 περιφανεστέρων
1714 5221 1884 5276 αὐτῶν
1986 5220 2066 5276 ὕπὲ

2171 5207 2472 5299 cat,simul
2507 5213 2566 5268 et
2598 5204 2729 5265 illos
2755 5203 3146 5299 cpnsolando,
3189 5203 3332 5264 486
3361 5203 3523 5299 quod
3550 5203 3830 5299 videlicet

430 5311 536 5363 τῶν
605 5305 832 5384 θλίψεων
886 5307 1206 5388 γινομένων,
1290 5308 1400 5384 ἅμα
1480 5309 1567 5366 καὶ
1652 5306 2066 5388 σπυυδαιοτέρου

2170 5296 2588 5364 afﬂictionibus
2619 5293 3062 5357 manifestiores
3105 5296 3250 5356 ﬁant
3281 5315 3296 5356 :
3333 5302 3391 5357 et
3419 5293 3830 5374 diligentiores

513 5524 546 5575 5
573 5521 748 5589 Joan.
781 5540 908 5601 xw,
937 5523 1039 5590 83.
