4136 6422
417 332 535 395 519

1536 322 1918 389 CEGUMENI
1923 323 1949 384 Ι
1990 318 2289 384 TRICGE
2331 320 2670 388 EPISCOPI

3675 329 3796 396 520

420 484 522 528 eos
550 463 810 527 reddens
841 481 950 545 per
980 464 1093 526 hoc
1123 462 1278 544 quod
1302 461 1496 523 addit:
1531 458 1675 522 Cum
1707 455 2027 518 revelabitu

2120 463 2317 514 ιποιῶν
2360 457 2450 515 διὰ
2491 467 2582 516 τοῦ
2610 463 2914 540 προσθεῖναι
2957 465 3041 540 τὸ,
3097 463 3184 522 Ἐν
3227 465 3560 542 ἀποκαλύψει
3614 466 3792 534 Ἰησοῦ

415 555 589 618 Jesus
621 553 1083 634 Christus,quod
1108 552 1210 614 illo
1239 559 1504 629 tempore
1528 547 1917 630 perlahorum
1949 545 2060 606 de-

416 644 906 706 monstrationem
928 661 1138 723 magna
1160 642 1232 703 sit
1256 640 1529 702 addenda
1554 637 1829 698 nobilitas
1856 636 1948 696 his
1960 635 2057 715 qui

414 741 808 796 certaverunt.
843 732 1022 793 Addit
1051 740 1247 792 autem
1278 739 1334 791 et
1365 728 1524 789 aliud
1559 727 1713 807 quod
1731 725 2056 786 attrahitad

414 822 786 884 tolerantiam
802 817 1512 890 al'ﬂictionum.Quidnam
1528 815 1670 876 illud
1692 819 1818 875 est?
1837 812 2054 884 «Quem

413 929 546 972 cum
579 929 700 972 non
731 909 1019 986 videritis,
1061 907 1235 969 modo
1266 905 1530 984 diligitis.
1573 926 1596 962 ι
1638 902 1699 964 Si
1730 903 1889 962 enim
1922 919 2055 962 cum

411 1019 530 1062 non
557 999 827 1062 videritis
858 1017 992 1060 eum
1028 995 1217 1058 oculis
1244 994 1570 1074 corporeis,
1599 1010 1666 1053 ex
1697 990 1823 1051 solo
1855 990 2056 1051 auditu

408 1088 676 1167 diligitis,
709 1086 922 1168 inquit,
971 1084 1346 1147 considerate
1399 1092 1674 1162 quantam
1733 1079 2058 1140 ostendetis

406 1177 789 1238 dilectionem
805 1195 939 1238 cum
954 1176 1143 1256 ipsum
1159 1171 1633 1251 videritis,idque
1645 1170 1676 1230 d
1688 1188 1781 1229 um
1799 1169 1856 1228 in
1871 1168 2058 1245 gloria

411 1265 890 1328 manifestabitur
913 1283 925 1327 :
951 1283 1086 1326 nam
1111 1264 1159 1324 si
1180 1262 1374 1343 passio
1395 1260 1580 1341 ipsius
1602 1260 1749 1320 adeo
1761 1277 1862 1318 vos
1875 1265 2056 1318 attra-

407 1355 512 1429 xit,
533 1362 816 1435 quantum
849 1371 988 1433 ergo
1019 1369 1121 1414 vos
1150 1351 1390 1412 afﬁcere
1416 1347 1630 1428 poterit
1661 1345 2054 1435 manifestatio

403 1434 594 1524 ipsnuis
606 1462 739 1506 cum
756 1437 1684 1520 incredibilisplendore,quando
1699 1435 1876 1524 etiam
1892 1434 2054 1495 vobis

401 1523 655 1595 salutem
687 1533 1020 1594 animarum
1051 1531 1112 1590 in
1144 1528 1450 1609 praemium
1478 1525 1751 1587 tribuerit
1773 1524 1796 1588 ἲ
1817 1523 1892 1587 Ut
1913 1542 2053 1602 ergo

404 1621 504 1683 tali
532 1621 939 1694 innotescatis,
994 1618 1293 1699 accepturi
1340 1617 1514 1677 etiam
1549 1614 1892 1694 hujusmodi
1921 1615 2051 1692 glo-

401 1711 576 1786 riam,
629 1709 1038 1772 brevissimam
1091 1711 1201 1769 hoc
1255 1715 1524 1786 tempore
1573 1704 1868 1764 ostendite
1901 1702 2049 1764 tole-

401 1804 680 1875 rantiam,
717 1808 774 1860 et
800 1797 964 1878 scopi
993 1793 1279 1878 propositi
1314 1812 1610 1856 summam
1641 1791 1966 1856 habebitis.

478 1888 524 1965 Ι,
558 1887 627 1952 10
658 1890 756 1950 12.
787 1889 869 1950 De
887 1905 1008 1968 qua
1028 1887 1223 1948 salute
1243 1885 1674 1963 exquisierunt
1711 1901 1782 1942 ac
1798 1884 2053 1944 scrutati

393 1985 532 2039 sunt
545 1975 987 2057 prophetae,qui
1002 1975 1074 2036 de
1089 1981 1344 2035 ventura
1358 1973 1422 2032 in
1434 1988 1534 2032 vos
1546 1971 1748 2048 gratia
1762 1972 2053 2033 vaticina-

395 2069 442 2128 ti
460 2074 975 2142 sunt,scrutantes
994 2063 1072 2125 ad
1105 2065 1267 2144 quod
1289 2060 1384 2123 vel
1401 2061 1688 2139 cujusque
1709 2065 1942 2139 tempus
1961 2061 2048 2120 si-

397 2156 722 2236 gniﬁcaret
743 2156 845 2234 qui
866 2156 930 2216 in
952 2153 1077 2216 illis
1098 2149 1869 2232 eratSpiritusChristi,qui
1875 2156 2051 2229 prius

397 2262 582 2324 quam
603 2244 969 2317 acciderent,
997 2240 1338 2303 testabatur
1352 2244 1635 2300 venturus
1654 2238 1718 2298 in
1741 2237 2047 2300 Christum

388 2334 772 2412 aﬂtictiones,
834 2337 910 2404 et,
947 2347 1079 2410 quae
1099 2335 1295 2391 essent
1318 2325 1994 2407 consecuturce,glorias
2030 2351 2042 2392 :

392 2421 610 2502 quibus
631 2430 687 2484 et
709 2421 869 2482 illud
886 2418 1222 2481 revelatum
1242 2425 1326 2480 est
1347 2418 1510 2497 quod
1532 2415 1697 2477 haud
1733 2416 1849 2478 sibi
1869 2421 2040 2496 ipsis,

391 2513 516 2574 imo
534 2511 704 2574 nobis
723 2510 1147 2572 ministrarent
1191 2508 1318 2569 haec
1333 2524 1468 2588 quae
1485 2523 1644 2568 nunc
1666 2509 2041 2570 annuntiuta

389 2609 530 2663 sunt
547 2599 710 2663 vobis
719 2617 834 2680 per
855 2617 950 2660 eos
974 2599 1080 2678 qui
1121 2598 1289 2660 vobis
1305 2595 1795 2678 praedicaverunt
1821 2593 2036 2659 Avan-

386 2690 612 2769 gelium
641 2707 752 2770 per
776 2687 1075 2768 Spiritum
1100 2695 1376 2748 sanctum
1408 2686 1696 2747 emissum
1735 2685 1806 2747 de
1845 2686 1988 2748 caelo
2015 2705 2034 2749 :

384 2781 448 2840 in
480 2797 615 2860 quae
636 2777 975 2840 desiderant
1003 2776 1207 2855 angeli
1231 2775 1600 2856 prospicere.

464 2865 956 2947 Quandoquidem
974 2865 1048 2926 de
1067 2864 1280 2926 anima;-
1293 2864 1481 2924 salute
1499 2863 1858 2925 mentionem
1879 2865 2034 2928 fece-

2146 548 2394 628 Χριστσῦ,
2440 551 2512 613 ὡς
2544 557 2635 607 τοῦ
2666 551 2786 607 τότε
2815 560 2997 631 καιροῦ
3027 559 3096 630 τῇ
3137 553 3376 621 ἐπιδείξει
3447 559 3552 613 τῶν
3613 557 3789 613 πόνων

2142 634 2346 705 πολλὴν
2377 638 2472 705 τὴν
2513 638 2749 696 εὔκλειαν
2798 655 2916 706 τοῖς
2973 640 3420 720 διηγωνισμένοις
3494 643 3790 725 παρεξομὲ-

2141 747 2251 814 νου.
2306 727 2618 806 Προστίθησι
2675 727 2730 785 δέ
2784 753 2834 786 τι
2903 733 2990 788 καὶ
3032 731 3162 788 ἄλλο
3233 733 3603 814 ἐφελκυστικὸν
3657 736 3789 813 πρὸς

2267 815 2538 890 ὑπομονὴν
2564 823 2668 874 τῶν
2709 817 2958 894 θλίψεων,
2994 821 3054 878 Τί
3109 811 3284 879 τιιῦτο-
3310 843 3327 904 ς
3357 824 3452 896 Τὸ,
3491 846 3520 878 α
3556 811 3665 880 υΟν
3694 811 3792 880 οὐκ

2141 899 2332 966 εἰδότες
2429 905 2461 960 ἀ
2581 913 2606 922 ’“
2716 905 2744 928 ”
3135 912 3146 928 ‘
3280 899 3323 951 -’Ῑ
3425 913 3439 934 ’
3491 912 3502 932 '
3674 911 3748 946 ’-“

2338 949 2353 975 ,
2463 928 2669 984 γαπατε
2712 930 2850 987 αρτι.
2890 932 2918 965 ι
2977 911 3035 966 Εἰ
3092 933 3192 989 γαρ
3249 934 3343 970 ou
3399 909 3593 976 ειδοτες
3635 934 3789 968 αυιον

2140 991 2432 1070 ὀφθαλμοῖς
2464 997 2655 1073 σαρκὸς
2728 997 2782 1053 ἐν
2851 999 3021 1073 μόνης
3080 1000 3246 1068 ἀκοῆς
3312 1001 3576 1079 ἀγαπᾶτε,
3634 1003 3785 1082 φησὶ,

2142 1097 2393 1140 σκοπεῖτε
2437 1084 2566 1152 ὅσην
2597 1087 2812 1166 ἀγάπην
2855 1087 3164 1155 ἐπιδείξεσθε
3227 1089 3425 1157 ἰδόντες
3481 1093 3656 1168 αὐτὸν,
3701 1094 3790 1148 καὶ

2139 1181 2302 1229 ταῦτα
2345 1171 2397 1229 ἐν
2455 1171 2577 1254 δόξῃ
2626 1176 3154 1254 ἀποκαλυπτόμενον.
3201 1181 3260 1237 Εἰ
3317 1181 3416 1260 γὰρ
3494 1182 3557 1236 τὸ
3627 1182 3789 1246 πάθος

2139 1261 2296 1317 αὐτοῦ
2353 1261 2518 1328 οὕτως
2601 1266 2737 1340 ὑμᾶς
2831 1266 3190 1340 ἐπεσπάσατο,
3291 1270 3341 1325 τί
3423 1269 3522 1348 ἆρα
3591 1267 3788 1336 διαθείη

2137 1349 2270 1423 ὑμᾶς
2326 1353 2360 1420 ἡ
2441 1354 2575 1428 μετά
2629 1353 3021 1435 ἀνυπερϐλήτο)
3077 1356 3455 1436 λαμπρότητος
3511 1357 3788 1439 ἐπιφάνεια

2137 1441 2314 1519 αὐτοῦ,
2371 1439 2458 1525 ὅτε
2514 1443 2603 1498 καὶ
2659 1445 2788 1518 ὑμῖν
2843 1445 3101 1524 παράσχῃ
3160 1447 3219 1502 τὲ
3308 1445 3464 1524 γέρας
3521 1456 3788 1525 σωτηρίαν

2137 1529 2326 1614 ψυχῶν
2363 1549 2379 1605 ;
2408 1519 2500 1592 Ὡς
2527 1530 2614 1586 οὖν
2642 1532 2863 1607 τοιούτῳ
2919 1519 3289 1614 ἐμιίίανίζησθε³
3322 1519 3636 1609 ⁷μέλλοντες
3675 1519 3783 1592 ’καὶ

2135 1613 2290 1682 δόξης
2347 1619 2592 1686 τοιαύτης
2689 1613 3009 1697 ἀξιωθῆναι,
3094 1613 3368 1700 ἷσόῤῥοπον
3453 1625 3637 1680 τούτου
3698 1630 3786 1680 νῦν

2137 1702 2516 1782 ἐπιδειξάμενοι
2548 1713 2843 1790 καρτερίαν,
2871 1713 2934 1768 τὸ
2975 1718 3080 1768 πᾶν
3124 1711 3262 1778 ἕξετε
3298 1721 3390 1772 τοῦ
3425 1712 3785 1792 ’προτεθέντος

2074 1788 2115 1839 Β
2137 1801 2360 1858 σκοποῦ,

2226 1904 2248 1937 ι
2309 1885 2434 1961 Περὶ
2501 1886 2568 1952 ἧς
2625 1891 2886 1967 σωτηρίας
2942 1887 3263 1961 ἐξεζήτησαν
3349 1890 3438 1946 καὶ
3493 1888 3782 1968 ἐξηρεύνη-

2137 1995 2231 2028 σαν
2314 1978 2606 2054 προφῆται,
2692 1979 2739 2032 οἱ
2821 1979 2939 2056 περὶ
3040 1981 3138 2047 τῆς
3240 1980 3313 2044 εἰς
3397 1981 3533 2056 ὑμᾶς
3616 1980 3781 2060 χάρι-

2131 2083 2222 2125 τος
2327 2064 2804 2142 προφητεύσαντες,
2931 2067 3238 2146 ἐρευνῶντες
3344 2069 3416 2132 εἷς
3523 2068 3638 2123 τίνα
3747 2069 3783 2137 ἢ

2133 2163 2294 2208 ποῖον
2362 2153 2542 2231 καιρὸν
2601 2150 2792 2224 ἐδήλου
2875 2158 2935 2212 τὸ
3019 2156 3074 2213 ἐν
3130 2159 3312 2222 αὐτοῖς
3370 2163 3578 2232 πνεῦμα
3647 2163 3784 2236 Χρι-

2132 2240 2257 2297 στοῦ
2353 2243 2851 2322 προμαρτυρόμενον
2934 2246 3002 2303 τὰ
3110 2247 3183 2310 εἷς
3279 2247 3504 2326 Χριστὸν
3601 2247 3782 2315 παθή-

2132 2351 2272 2405 ματα
2329 2331 2416 2385 καὶ
2471 2332 2567 2394 τὰς
2621 2334 2756 2408 μετὰ
2810 2344 2973 2394 ταῦτα
3062 2333 3238 2400 δόξας.
3338 2339 3437 2398 Οἷς
3510 2333 3782 2391 ἀπεκαλύ-

2127 2423 2256 2499 φθη,
2327 2418 2408 2475 ὅτι
2481 2423 2583 2499 οὐχ
2651 2421 2886 2498 ἑαυτοῖς,
2948 2426 3083 2500 ἡμῖν
3178 2422 3232 2480 δὲ
3295 2421 3572 2491 διηκόνουν
3620 2425 3776 2503 αὐτὰ,

2124 2510 2248 2570 ἅνῦν
2279 2508 2544 2590 εὐηγγέλη
2574 2512 2723 2587 ὑμῖν.
2761 2515 2858 2570 Διά
2884 2518 2988 2570 τῶν
3009 2513 3499 2593 εὐαγγελισαμένων
3529 2515 3687 2594 (tuac,
3721 2514 3776 2569 ἐν

2123 2601 2388 2676 Πνεύματι
2460 2601 2594 2677 ἁγίῳ
2691 2601 3040 2660 ἀποσταλέντι
3110 2601 3204 2660 ἀπ’
3287 2605 3527 2683 ούρανοῦ,
3587 2604 3658 2666 εἷς
3745 2600 3777 2655 ἂ

2119 2689 2454 2768 ἐπιθυμοῦσιν
2496 2685 2710 2769 ἄγγελοι
2741 2697 3071 2772 παρακῦψαι.
3108 2716 3136 2749 ε

2198 2859 2440 2920 Ἐπειδὰν
2469 2865 2588 2942 περὶ
2617 2862 2796 2943 ψυχῆς
2846 2863 3111 2942 σωτηρίας
3181 2861 3440 2939 ἐμνήσθη,
3505 2862 3640 2930 αὕτη
3700 2861 3757 2920 δὲ

384 2967 472 3018 rat
494 2975 508 3020 :
529 2958 661 3020 haec
690 2965 887 3018 autem
912 2973 1030 3016 non
1062 2965 1189 3017 erat
1219 2955 1549 3027 manifesta,
1586 2954 1691 3014 sed
1724 2973 1870 3015 nova
1901 2975 2031 3036 qua;

2120 2947 2308 3019 ἄδηλος
2367 2955 2454 3010 καὶ
2524 2951 2786 3023 ξενίζουσα
2857 2952 2955 3019 τὴν
3014 2950 3202 3027 ἀκοὴν,
3291 2953 3409 3018 τοὺς
3481 2954 3758 3034 προφήτας

382 3045 1003 3127 audierat,prophetas
1028 3043 1088 3105 in
1108 3043 1368 3105 medium
1394 3043 1667 3122 producit
1683 3043 1784 3123 qui
1806 3044 1881 3105 de
1903 3047 2030 3126 ipsa

2120 3042 2334 3120 παράγει
2403 3044 2491 3098 καὶ
2549 3041 2875 3113 ἐζητηκότας
2948 3041 3035 3097 καὶ
3101 3043 3458 3120 ἡρευνηκότας
3502 3043 3619 3122 περὶ
3659 3043 3745 3099 αὖ·

379 3137 780 3218 exquisierunt
815 3153 884 3196 ac
913 3133 1156 3195 scrutati
1184 3140 1341 3194 sunt.
1372 3130 1678 3212 Siquidem
1710 3133 1784 3194 de
1814 3134 2025 3196 futuris

2120 3135 2233 3197 τῆς.
2269 3132 2366 3189 Καὶ
2434 3132 2533 3210 γὰρ
2590 3130 2875 3206 ἐζήτησαν,
2948 3130 3126 3210 ὥσπερ
3201 3129 3400 3198 Δανιὴλ
3468 3133 3586 3209 περὶ
3653 3138 3758 3187 τῶν

377 3227 783 3308 exquisierunt
816 3241 828 3286 :
859 3223 1357 3304 quemadmodum
1390 3220 1727 3301 Daniel,qui
1755 3223 1828 3284 ob
1859 3223 1919 3284 id
1938 3224 2027 3286 vir

2120 3217 2436 3282 ιελλόντων.
2469 3222 2527 3283 ὃς
2557 3222 2644 3277 καὶ
2678 3218 2765 3278 διὰ
2802 3230 2976 3293 τοῦτο,
3037 3219 3171 3300 ἀνὴρ
3213 3218 3501 3296 ἐπιθυμιῶν
3557 3218 3758 3291 ἐκλήθη

2105 3309 2205 3366 ὑπό
2237 3316 2327 3365 τοῦ
2379 3311 2801 3390 χρηματίζοντος
2853 3311 2995 3382 αὐτῷ
3037 3308 3290 3388 ἀγγέλου.
3339 3311 3438 3368 Καὶ
3467 3310 3517 3365 τί
3544 3311 3756 3380 ἐζήτη-

2105 3421 2222 3475 σαν,
2271 3399 2464 3478 ἀπάγει
2498 3414 2514 3430 ⁸
2549 3423 2577 3454 α
2611 3401 2697 3464 Εἷς
2726 3399 2840 3455 τίνα
2882 3401 2918 3466 ἢ
2947 3412 3108 3456 ποῖον
3137 3400 3320 3478 καιρὸν
3373 3397 3563 3470 ἐδήλου
3611 3401 3671 3456 τὸ
3702 3399 3757 3455 ἐν

2105 3490 2288 3551 αὐτοῖς
2316 3495 2551 3564 Πνεῦμα.
2582 3511 2609 3543 ›)
2649 3489 2735 3552 Εἷς
2786 3489 2900 3543 τίνα
2961 3487 3078 3564 μὲν,
3165 3490 3256 3544 τὸν
3319 3488 3405 3544 ἐπὶ
3465 3487 3753 3561 συντελείᾳ,

2100 3591 2254 3634 ποῖον
2285 3575 2362 3641 δὲ,
2394 3579 2486 3634 τὸν
2526 3576 2614 3636 ὅτε
2669 3591 2792 3642 ταῖς
2849 3575 3114 3657 διαφόροις
3186 3577 3583 3658 αἰχμαλωσίαις
3649 3580 3755 3635 τῶν

2103 3663 2358 3725 Ἰουδαίων
2429 3669 2558 3747 πρὸς
2669 3665 2905 3734 παντελῆ
3001 3664 3292 3724 θεοσέϐειαν
3327 3666 3752 3748 ἀποκλινάντων,

2099 3753 2468 3834 εύπαράδεκτοι
2535 3755 2870 3823 κατέκτησαν
2925 3757 2996 3821 εἷς
3053 3757 3114 3811 τὸ
3167 3757 3304 3812 κατὰ
3381 3758 3604 3835 Χριστὸν
3647 3780 3754 3833 μυ-

2106 3845 2343 3923 στήριον.
2402 3845 2599 3901 Σκόπει
2657 3842 2711 3899 δὲ
2795 3842 2875 3900 ὅτι
2945 3846 3151 3920 πνεῦμα
3222 3852 3450 3925 Χριστοῦ
3544 3847 3756 3925 εἶρηκὸς

2105 3931 2348 4011 θεολογετ
2375 3935 2465 3988 τὸν
2510 3932 2759 4013 Χριστόν,
2820 3931 3045 4003 Ἐδήλου
3118 3931 3173 3988 δὲ
3231 3940 3386 3990 τοῦτο
3431 3936 3491 3990 τὸ
3548 3941 3754 4010 πνεῦμα

2107 4025 2170 4080 τὰ
2224 4024 2369 4090 πάθη
2400 4033 2490 4082 τοῦ
2519 4030 2738 4103 Χριστῦ,
2790 4021 2878 4082 διὰ
2922 4023 3019 4098 μὲν
3086 4021 3312 4080 Ἠσαίου
3369 4024 3536 4085 εἶπόν.
3600 4045 3624 4079 ι
3662 4015 3754 4086 Ὠς

2103 4109 2364 4192 πρόϐατον
2434 4112 2520 4168 ἐπὶ
2591 4112 2800 4192 σφαγὴν
2854 4110 3027 4191 ἤχθη.
3067 4133 3091 4170 ι
3171 4113 3268 4168 Διὰ
3311 4110 3364 4167 δὲ
3450 4113 3700 4192 Ἰερεμίου
3735 4132 3747 4145 ·

2109 4224 2131 4257 ι
2180 4209 2358 4277 Δεῦτε,
2388 4202 2475 4256 καὶ
2517 4199 2818 4278 ἐμϐάλομεν
2851 4199 2998 4266 ξύλον
3029 4203 3100 4265 εἷς
3141 4201 3232 4256 τὸν
3288 4199 3442 4279 ἄρτον
3498 4205 3679 4264 αὐτοῦ,
3719 4225 3746 4256 ιο

2101 4291 2210 4357 Τὴν
2240 4288 2294 4344 δὲ
2323 4290 2606 4351 ἀνάστασιν
2638 4289 2721 4346 διὰ
2749 4291 2916 4358 Ὠσηέ
2949 4305 2963 4318 ·
3007 4313 3028 4346 ε
3094 4297 3172 4366 Τῇ
3231 4290 3405 4369 ἡμέρᾳ
3473 4297 3542 4368 τῇ
3599 4291 3750 4370 τρίτῃ

2099 4378 2502 4455 ἀναστησόμεθα
2557 4379 2787 4437 ἐναντίον
2882 4379 3062 4455 αὐτοῦ,
3134 4380 3221 4435 καὶ
3301 4376 3553 4456 διώξομεν
3657 4390 3752 4438 τοῦ

377 3314 812 3376 desideriorum
831 3319 1067 3373 vocatus
1090 3321 1179 3372 est
1205 3312 1276 3372 ab
1307 3310 1539 3387 angelo,
1575 3311 1677 3390 qui
1708 3311 1884 3374 dabat
1912 3313 2026 3394 ipsi

375 3404 572 3465 divina
600 3420 907 3482 responsa.
943 3399 1014 3461 Et
1059 3400 1201 3480 quid
1226 3398 1626 3480 inquisierint,
1667 3399 1969 3480 subjungit
2006 3424 2020 3464 :

381 3491 507 3553 «Ad
521 3490 678 3571 quod
699 3490 784 3551 vel
799 3489 1092 3569 ejusmodi
1105 3498 1336 3569 tempus
1348 3487 1816 3567 signiﬁcaretqui
1831 3489 1888 3550 in
1904 3490 2024 3555 illis

372 3589 499 3642 erat
513 3579 842 3659 spiritnsﬁ.»
857 3579 942 3640 Ad
957 3577 1360 3658 quod,nempe
1372 3577 1900 3640 consummationis
1915 3598 2020 3641 sae-

372 3671 590 3731 culi.cu
591 3669 858 3749 jusmodi
873 3686 1034 3741 vero,
1043 3675 1184 3747 puta
1199 3685 1330 3727 cum
1349 3665 1534 3728 Judaei
1548 3684 1656 3746 per
1667 3667 1854 3728 varias
1873 3687 2017 3750 cap-

373 3759 624 3821 tivitates
636 3759 707 3820 ad
725 3756 1163 3839 perfectumDei
1176 3755 1398 3818 cultum
1413 3754 2020 3839 declinantes,accep-

370 3849 569 3911 tabilis
589 3866 841 3911 sensus:
883 3847 1019 3906 487
1060 3845 1134 3907 ad
1157 3845 1370 3907 Christi
1404 3844 1750 3925 mysterium
1781 3848 2014 3908 Consti-

369 3937 1135 4000 tuerentur.Animadverte
1146 3942 1345 3996 autem
1367 3934 1521 4014 quod
1543 3933 1785 4014 spiritus
1805 3935 2025 3998 Christi

367 4035 572 4107 aperte
598 4027 936 4106 speculatur
962 4044 1032 4086 ac
1061 4024 1302 4086 disserit
1329 4024 1405 4084 de
1437 4022 1669 4084 Christo
1687 4022 2018 4102 Signiﬁca-

369 4117 466 4178 bat
483 4124 676 4177 autem
705 4115 1064 4196 hicSpiritus
1085 4112 1436 4175 afﬂictiones
1453 4110 1691 4186 Christi,
1699 4111 2019 4192 perlsaiam

367 4205 607 4284 quidem
639 4205 892 4266 dicens:
935 4226 958 4260 ι
994 4202 1303 4282 Tanquam
1352 4201 1476 4262 ovis
1526 4201 1600 4262 ad
1654 4201 2017 4265 occisionem

365 4297 576 4356 ductus
609 4301 698 4354 est
726 4294 778 4356 7.
819 4318 841 4351 ιι
881 4292 990 4354 Per
1015 4290 1337 4353 Jeremiam
1368 4307 1507 4351 vero
1537 4307 1551 4350 :
1600 4289 2018 4366 «Venite,mit-

367 4382 801 4460 tamuslignum
821 4383 882 4442 in
905 4399 1116 4464 panem
1142 4379 1272 4459 ejus
1290 4381 1380 4442 8.»
1418 4381 1603 4440 Porro
1619 4379 2015 4442 resurrectio-

363 4489 502 4532 nem
534 4488 641 4550 per
669 4468 856 4533 Osce:
893 4495 919 4526 α
955 4468 1157 4533 Tertio
1189 4467 1286 4529 die
1303 4466 1794 4529 resuscitabimur
1813 4487 2012 4531 coram

2120 4471 2293 4548 ptimum.
2351 4470 2444 4524 τὸν
2502 4469 2712 4548 Κύριον,
2780 4471 2854 4532 ὡς
2912 4467 3090 4548 ὄρθρον
3147 4467 3360 4545 ἕτοιμον
3459 4471 3747 4549 εὑρήσομεν

363 4579 460 4637 eo,
491 4569 552 4622 et
583 4577 1022 4642 prosequemur
1069 4567 1132 4619 ut
1179 4575 1608 4636 cognoscamus
1667 4557 2012 4635 Dominum,

364 4659 643 4730 tauquam
670 4648 996 4711 diluculum
1021 4655 1286 4728 paratum
1308 4645 1680 4707 inveniemus
1701 4646 1896 4726 ipsum
1915 4648 2006 4712 9.»

359 4739 464 4800 His
493 4751 691 4802 autem
715 4737 1041 4800 revelatum
1075 4744 1166 4797 est
1185 4754 1305 4797 non
1329 4746 1571 4816 prOpter
1591 4753 1678 4806 se,
1704 4737 1806 4798 sed
1827 4753 2009 4818 prop-

358 4837 450 4890 ter
480 4828 899 4890 vos.Caaterum
931 4827 1056 4888 haec
1075 4825 1192 4887 duo
1222 4824 1363 4886 facit
1391 4825 1484 4885 his
1514 4825 1912 4900 sermonibus,
1953 4837 2012 4889 et

357 4921 782 5001 prophetarum
809 4916 1072 4980 ostendit
1102 4914 1562 4997 providentiam,
1601 4922 1659 4975 et
1688 4915 1843 4994 quod
1874 4924 2010 4978 ante

357 5010 659 5070 conditum
681 5009 964 5070 mundum
987 5009 1110 5069 Deo
1133 5003 1475 5086 praecogniti
1499 5014 1665 5065 erant
1686 5003 1788 5085 qui
1819 5009 2006 5068 vocati

355 5117 515 5158 nunc
538 5106 674 5160 sunt
693 5099 766 5160 ad
805 5096 1025 5160 Christi
1048 5096 1253 5158 ﬁdem.
1289 5093 1597 5176 Siquidem
1616 5112 1721 5174 per
1743 5097 2006 5176 prophe-

356 5193 545 5247 tarum
566 5185 1000 5267 providentiam
1040 5184 1271 5246 inducit
1317 5203 1442 5255 eos,
1474 5202 1550 5245 ne
1573 5183 1866 5246 increduli
1889 5185 2008 5247 sint

354 5276 446 5336 his
472 5293 722 5355 quorum
757 5273 1060 5354 prophetis
1081 5292 1296 5353 magna
1333 5273 1442 5334 fuit
1467 5290 1609 5334 cura
1633 5272 1706 5334 ad
1737 5273 2005 5353 ipsorum

355 5364 666 5426 utilitatem
695 5383 708 5424 :
731 5364 870 5444 quia
886 5381 995 5426 nec
1017 5363 1121 5424 lilii
1155 5363 1479 5444 prudentes
1498 5370 1778 5443 paternos
1801 5364 2006 5447 despi-

353 5453 516 5516 ciunt
547 5453 800 5517 labores.
858 5452 1095 5516 Etenim
1147 5453 1198 5514 si
1256 5453 1381 5516 hzec
1409 5451 1524 5536 ipsi
1553 5451 1916 5533 quaesierunt
1947 5465 2007 5519 et

2099 4556 2277 4619 αὐτόν.
2322 4580 2346 4612 n
2385 4555 2758 4636 Ἀπεκαλύφθη
2815 4556 2872 4614 δέ
2926 4580 3057 4638 φησι
3112 4559 3336 4632 τούτοις,
3387 4557 3448 4614 ού
3502 4557 3570 4614 δι’
3618 4560 3746 4614 ἐαυ-

2095 4648 2242 4723 τοὺς,
2276 4644 2412 4702 ἀλλὰ
2441 4644 2506 4702 δι’
2560 4649 2719 4722 ὑμᾶς,
2779 4648 2880 4704 Δύο
2920 4645 2975 4702 δὲ
3031 4656 3197 4706 ταῦτα
3255 4645 3339 4702 διὰ
3398 4647 3597 4703 τούτων
3653 4648 3744 4725 ἐρ-

2094 4737 2310 4815 γάζεται
2363 4735 2470 4792 τῶν
2529 4734 2724 4815 λόγων,
2785 4739 2845 4792 τό
2899 4757 2955 4792 τε
2997 4735 3266 4815 προμηθὲς
3311 4741 3416 4791 τῶν
3459 4744 3743 4817 προφητῶν

2094 4824 2511 4900 ἐνδεικνύμενος,
2557 4827 2645 4882 καὶ
2687 4827 2748 4883 τὸ
2797 4823 2876 4883 ὅτι
2947 4823 3376 4905 προεγνωσμένοι
3434 4825 3570 4893 ἦσαν
3629 4831 3744 4898 Θεῷ

2092 4911 2394 4980 καταϐολῆς
2452 4913 2656 4990 κόσμου
2722 4917 2769 4970 οἱ
2838 4916 2924 4972 νῦν
2981 4913 3262 4981 κληθέντες
3318 4915 3393 4978 εἷς
3449 4913 3548 4980 τὴν
3605 4917 3744 4971 κατὰ

2092 5005 2314 5084 Χριστὸν
2388 5005 2584 5063 πίστιν.
2655 5005 2753 5061 Διά
2802 5005 2896 5081 μὲν
2955 5005 3043 5062 οῦδ
3128 5010 3221 5059 τοῦ
3274 5008 3381 5058 τῶν
3454 5010 3741 5084 προφητῶν

2091 5096 2395 5174 προμηθοῦς
2467 5093 2642 5172 ἐνάγει
2738 5095 2924 5158 αὐτοὺς
3002 5117 3081 5171 μη
3139 5093 3366 5157 ἀπειθῶς
3439 5090 3737 5161 διατεθῆναι

2089 5186 2220 5262 πρὸς
2250 5184 2315 5238 τὰ
2397 5184 2498 5238 ὑπὸ
2553 5183 2660 5240 τῶν
2719 5189 3004 5264 προφητῶν
3054 5183 3238 5245 αὐτοῖς
3285 5183 3733 5263 πεφραντισμένα,

2090 5273 2170 5329 ὅτι
2201 5271 2335 5348 μηδὲ
2391 5274 2488 5329 υἱοὶ
2560 5274 2823 5354 σώφρονες
2896 5278 3167 5353 πατρικῶν
3225 5271 3402 5328 πόνων
3455 5294 3734 5352 καταιρρο⁴

2091 5363 2324 5422 νοῦνται.
2387 5364 2445 5419 Εἰ
2488 5365 2587 5441 γὰρ
2671 5366 2815 5423 αὐτοὶ
2867 5361 3033 5440 μηδὲν
3105 5363 3391 5432 ὁνήσασθαι
3449 5360 3735 5437 μέλλοντες

2092 5456 2356 5526 ἐζήτησαν
2397 5455 2484 5509 καὶ
2545 5453 2715 5533 εὖρον,
2776 5455 2863 5510 καὶ
2923 5452 3159 5532 εὗρόντες
3216 5447 3443 5528 βιϐλίοις
3514 5451 3737 5531 ἐγκατέ-

433 5635 465 5686 ϐ
507 5632 657 5700 Dan.
689 5649 771 5710 ix,
804 5632 908 5702 23.
952 5634 980 5683 '7
1012 5635 1130 5697 Isa.
1161 5648 1281 5714 Lm,
1311 5633 1374 5697 7.
1419 5636 1452 5685 8
1474 5636 1695 5700 torem.
1727 5651 1811 5712 xx,
1832 5641 1932 5705 19.
1975 5641 2011 5693 9

2120 5657 2198 5706 eo
2221 5649 2304 5712 VI,
2339 5631 2401 5696 3.
