4136 6446
439 347 557 419 523

436 569 594 650 quod
630 589 732 632 eos
763 571 862 651 qui
924 571 1141 632 mentis
1199 580 1357 632 sunt.
1416 569 1506 632 Ita
1560 589 1699 649 ergo
1748 574 2085 651 praeparati,

439 658 656 740 inquit,
689 659 874 721 sobrii
908 661 1176 741 perfecte
1204 671 1439 741 sperate
1490 660 1551 720 in
1583 679 1711 721 eam
1772 660 1913 722 489
1964 679 2097 742 quae

446 749 516 809 ad
554 766 655 810 vos
682 751 950 812 defertur
977 751 1246 829 gratiam.
1282 749 1463 811 Porro
1513 751 1626 812 hoc
1683 759 1773 811 est
1828 751 1987 830 quod
2015 752 2097 813 ait

442 837 631 898 etiam
666 838 837 918 paulo
869 848 1029 916 ante,
1055 839 1129 900 ci:
1149 858 1215 900 ca
1245 840 1575 900 secundum
1608 839 1845 901 Domini
1867 844 2088 905 adven-

443 935 570 988 tum
608 927 926 989 considera
948 946 1086 990 vero
1116 926 1272 1010 quod
1305 947 1424 989 non
1458 928 1810 1011 simpliciter
1846 933 2084 1001 dixerit,

438 1015 661 1092 Sobrii,
697 1017 800 1078 sed
830 1017 1078 1098 addidit,
1116 1016 1394 1098 perfecte,
1431 1019 1599 1098 quasi
1630 1019 1720 1083 lex
1754 1031 1990 1086 tenuem
2023 1040 2093 1087 ac

441 1107 925 1183 introductoriam
949 1106 1328 1170 sobrietatem
1364 1106 1702 1186 praebuerit.
1736 1113 2091 1194 Συσχημττί-

440 1201 548 1265 ζειν
607 1203 805 1256 autem
832 1194 975 1257 dicit
1005 1195 1381 1258 conformare
1432 1205 1489 1258 et
1533 1201 1987 1263 accommodare
2028 1218 2094 1263 se

445 1284 860 1362 praesentibus.
891 1285 1014 1347 Hoc
1036 1293 1233 1348 autem
1266 1294 1355 1346 est
1376 1287 1531 1367 quod
1567 1307 1725 1350 nunc
1755 1309 1992 1372 quoque
2013 1290 2098 1352 di-

447 1380 588 1433 cunt
621 1374 888 1436 nonnulli
922 1373 1291 1452 insipientes:
1323 1374 1524 1438 Rebus
1548 1394 1616 1439 ac
1639 1378 1891 1458 negotiis
1914 1389 1971 1440 te
1991 1397 2095 1441 ac-

446 1462 1033 1526 commoda.Talibus
1062 1463 1242 1542 igitur
1270 1464 1627 1529 vanitatibus
1652 1468 2101 1548 reuuntiareju-

442 1551 595 1614 bet:
685 1553 808 1615 sive
846 1562 1043 1625 ~antea
1102 1553 1360 1615 scientes
1414 1573 1483 1616 ac
1568 1558 1913 1636 prudentes,
1975 1557 2099 1620 sive

1490 418 1493 421 _
1577 347 1987 414 (ECUMENII
2030 345 2327 431 rerum
2371 345 2723 421 EPISCOPI,

437 488 536 543 tur
568 481 643 543 Η.
673 478 888 554 Quales
918 488 1113 545 autem
1145 480 1381 545 lumbos
1432 481 1881 561 signiﬁcaverit,
1943 482 2088 544 dicit

2180 504 2280 562 γει,
2343 481 2521 546 Οὕτως
2595 483 2683 539 οῦν
2740 481 3256 562 παρεσκευασμένοι,
3329 483 3481 564 φησὶ,

3707 343 3830 408 524

3568 482 3827 562 νήφοντες

2178 571 2389 638 τελείως
2446 570 2694 629 ἐλπίσατε
2751 570 2836 628 ἐπὶ
2890 573 2988 641 τὴν
3043 571 3336 653 φερομένην
3404 572 3531 647 ὑμῖν
3597 571 3771 651 χαράν
3806 587 3824 606 ο

2179 660 2312 728 αὕτη
2341 658 2395 717 δέ
2430 659 2569 718 ἐστιν
2613 663 2681 729 ἢν
2738 661 2822 717 καὶ
2866 662 2968 740 πρὸ
3052 659 3285 740 βραχέος
3329 661 3479 739 φησὶ,
3524 661 3660 715 κατὰ
3727 658 3829 727 τὴν

2178 747 2418 830 δευτέραν
2476 748 2567 806 τοῦ
2612 749 2795 829 Κυρίου
2835 751 3148 829 παρουσίαν.
3208 749 3407 806 Σκόπει
3476 747 3531 806 δὲ
3601 748 3681 806 ὅτι
3726 747 3830 829 οὔχ

2179 838 2361 905 ἅπλῶς
2392 839 2540 919 εἷπε,
2575 841 2867 920 Νήφοντες,
2916 837 3076 914 ἀλλὰ,
3121 836 3361 911 τελείως,
3409 840 3482 901 ὡς
3539 844 3634 894 τοῦ
3663 835 3829 912 νόμου

2173 926 2407 1008 ἀμυδρὰν
2438 929 2619 991 αῦτοτς
2677 932 2838 1003 νῆψιν
2908 926 3326 1009 παρασχομένου
3395 928 3482 984 καὶ
3539 928 3829 1004 εἰσαγωγι-

2172 1022 2299 1091 κήν.
2389 1022 2847 1101 Συσχηματισμὸν
2927 1018 2982 1076 δὲ
3037 1020 3137 1088 τὴν
3235 1018 3628 1101 συμπεριφοράν
3697 1040 3829 1099 φησι

2173 1110 2274 1178 τὴν
2301 1111 2433 1189 πρὸς
2462 1110 2528 1165 τὰ
2584 1109 2840 1189 παρόντα.
2928 1115 3093 1167 Τοῦτο
3150 1107 3204 1165 δέ
3252 1108 3394 1167 ἐστιν
3438 1110 3467 1165 ὃ
3524 1129 3665 1171 τινες
3723 1109 3828 1163 τῶν

2176 1200 2417 1270 ἀνοήτων
2457 1199 2545 1256 καὶ
2573 1209 2660 1258 νῦν
2689 1221 2868 1279 φασιν,
2914 1198 2995 1256 ὅτι
3053 1200 3191 1278 Πρὸς
3231 1199 3297 1255 τὰ
3351 1199 3640 1279 πράγματα
3705 1194 3826 1252 δια-

2178 1289 2345 1369 γίνου.
2379 1297 2512 1354 Ταῖς
2557 1288 2645 1346 οὖν
2700 1289 2972 1351 τοιαύταις
3029 1287 3382 1365 ματαιότησιν
3437 1285 3828 1363 ἀπειπαμένους

2178 1377 2404 1453 κελεύει,
2436 1375 2549 1434 εἴτε
2583 1377 2636 1434 ἐν
2661 1379 2881 1457 γνώσει,
2914 1377 3026 1435 εἴτε
3055 1380 3144 1434 καὶ
3187 1376 3241 1433 ἐν
3270 1375 3453 1456 ἀγνοίᾳ
3481 1377 3695 1440 ταύταις
3724 1377 3827 1453 πρὸ

2178 1470 2365 1526 τούτου
2394 1467 2772 1547 ἐνεσχέθησαν,
2820 1465 2987 1525 Ἀλλά
3029 1474 3117 1523 νῦν
3145 1475 3272 1545 γοῦν
3310 1469 3389 1539 τῷ
3417 1465 3699 1522 καλέσαντι
3728 1485 3827 1520 συ-

2182 1556 2641 1637 σχηματιζόμενοι
2672 1557 2805 1635 ἁγίῳ
2833 1554 2968 1638 ὄντι,
3002 1556 3145 1635 ἅγιοι
3174 1556 3264 1613 καὶ
3306 1557 3451 1614 αῦτοὶ
3479 1555 3704 1633 γίνεσθε,

441 1642 784 1721 ignorantes
843 1640 1348 1709 hisadhaeserint.
1384 1641 1500 1705 Sed
1561 1662 1744 1721 nunc,
1803 1647 2022 1729 inquit,
2073 1646 2126 1707 ei
2184 1645 2288 1727 qui
2342 1664 2445 1708 vos
2498 1644 2722 1707 vocavit
2749 1652 2807 1706 et
2835 1660 2973 1706 vere
3001 1653 3240 1707 sanctus
3274 1659 3365 1706 εει
3388 1643 3830 1723 configurantes

440 1750 566 1808 vos,
600 1751 667 1794 ac
699 1732 924 1794 similes
966 1741 1332 1812 praestantes,
1381 1732 1500 1815 ipsi
1539 1753 1775 1815 quoque
1813 1736 2003 1797 sancti
2039 1742 2250 1798 estote.

522 1821 568 1902 Ι,
608 1822 812 1885 17-19.
849 1820 935 1884 Et
956 1822 1013 1883 si
1056 1823 1302 1886 Patrem
1362 1825 1656 1886 invocatis
1706 1825 2152 1903 judicantemB

441 1917 597 1974 citra
622 1929 1028 1991 personarum
1057 1912 1559 1990 delectumjuccta
1601 1915 1889 1996 cujusque
1916 1933 2092 1995 opus,

443 2001 511 2063 in
544 2002 763 2064 timore
809 2009 1256 2076 conversantes,
1298 2000 1597 2065 incolatus
1631 2005 1816 2066 uestri
1863 2011 2096 2084 tempus

447 2092 802 2171 transigatis
833 2111 846 2153 :
873 2107 1005 2152 cam
1021 2091 1226 2152 sciatis
1241 2092 1402 2170 quod
1428 2108 1550 2152 non
1597 2092 1844 2155 caducis
1892 2093 2091 2168 rebus,

443 2179 604 2243 velut
634 2185 889 2259 argento
908 2186 1017 2240 aut
1042 2197 1192 2241 auro
1223 2179 1516 2258 redemp'i
1542 2182 1675 2243 sitis
1703 2199 1739 2243 α
1770 2200 1929 2245 υαηα
1963 2201 2094 2245 ves-

445 2274 540 2330 tra
600 2270 1055 2331 conversatione
1109 2286 1291 2349 quam
1346 2286 1428 2331 ea:
1462 2279 1714 2348 patrum
1771 2273 2099 2334 traditione

447 2360 838 2439 acccperatis,
871 2359 974 2419 sed
997 2359 1259 2436 retioso
1300 2361 1621 2439 sanguine,
1657 2374 1873 2440 nempe
1936 2364 2098 2441 Agni

450 2446 830 2509 immacnluti
860 2454 915 2508 et
946 2449 1418 2512 incontaminati
1450 2449 1705 2512 Christi.

529 2535 789 2597 Collecta
808 2542 866 2598 et
886 2536 1596 2600 multisexliorbitatione:
1618 2539 1874 2616 primum
1892 2559 1961 2603 ex
1982 2549 2094 2603 an'—

446 2625 596 2704 gelis
609 2625 709 2705 qui
732 2625 1093 2688 desideranti
1111 2627 1309 2687 animo
1324 2618 1396 2687 ad
1416 2627 2054 2692 haacal‘ticiunturzdein
2070 2667 2094 2677 -

446 2714 522 2775 de
544 2733 611 2775 ex
639 2713 1037 2794 descriptione
1057 2716 1184 2795 ejus
1228 2716 1385 2796 quod
1408 2734 1641 2796 aquum
1685 2726 1775 2778 est
1807 2736 2043 2781 rursum
2075 2742 2090 2780 :

444 2802 517 2864 ab
538 2822 607 2864 eo
625 2804 778 2884 quod
807 2804 1209 2866 necessarium
1243 2812 1352 2867 est.
1383 2803 1668 2876 Quoniam
1710 2806 1869 2867 enim
1906 2809 2090 2870 Deum

441 2892 720 2971 invocant
753 2897 1009 2975 Patrem,
1068 2912 1314 2957 necesse
1342 2904 1431 2955 est
1482 2904 1543 2956 ut
1571 2895 1670 2976 qui
1710 2895 2089 2976 adoptionem

448 2981 906 3068 concupiscunt.
934 3002 1065 3066 quae
1094 2996 1257 3064 patre
1309 2983 1486 3065 digna
1516 2994 1673 3060 sunt,
1727 2986 1951 3049 faciant
1985 3012 1997 3046 :
2035 2994 2094 3048 et

445 3079 684 3151 quarto.
722 3073 1000 3152 quoniam
1032 3073 1350 3136 innumera
1379 3085 1745 3151 acceperunt
1776 3074 1953 3156 bona,
1990 3093 2096 3157 per

449 3160 836 3222 constitutum
860 3160 1126 3242 proipsis
1146 3161 1400 3243 pretium
1427 3184 1441 3226 :
1460 3162 1518 3223 id
1536 3173 1733 3225 autem
1764 3158 1851 3224 est
1878 3163 2094 3227 Christi

447 3249 686 3328 sanguis
708 3250 807 3331 qui
827 3249 889 3311 in
916 3251 1169 3331 pretium
1192 3252 1366 3315 datus
1387 3259 1478 3313 est
1501 3270 1606 3333 pro
1631 3252 1723 3314 his
1743 3256 1840 3334 qui
1863 3252 2094 3333 seipsos

449 3337 708 3417 maligno
730 3340 1120 3402 vendiderant
1152 3358 1256 3420 per
1274 3349 1600 3420 peccatum.
1624 3339 1761 3402 Post
1786 3341 1910 3402 haec
1921 3341 2096 3422 jubet

446 3432 565 3487 tota
592 3427 705 3489 vita
726 3430 1069 3491 continuum
1098 3428 1318 3491 habere
1358 3430 1664 3491 timorem:
1726 3448 1841 3491 non
1889 3430 2092 3491 initia-

448 3515 565 3575 lem
592 3514 783 3595 illum,
809 3537 938 3580 nam
967 3519 1063 3579 hic
1094 3518 1557 3599 subsequentem
1611 3517 1787 3579 habet
1830 3537 2090 3599 pinnam,

450 3604 553 3665 sed
583 3606 928 3686 perfectum.
956 3606 1161 3668 Timor
1189 3607 1347 3668 enim
1368 3607 1658 3687 perfectos
1677 3617 1912 3669 sanctos
1930 3626 2094 3669 sem-

448 3712 553 3773 per
578 3696 916 3769 comitatur,
946 3695 1178 3777 nequid
1202 3696 1314 3776 ipsi
1335 3695 1489 3756 desit
1528 3713 1733 3757 eorum
1757 3715 1888 3776 quas
1923 3697 2096 3759 decet

448 3783 671 3846 habere
707 3787 1019 3865 perfectos.
1056 3785 1388 3847 Considera
1443 3803 1583 3847 vero
1629 3786 1927 3866 quomodo
1958 3805 2093 3847 cum

447 3872 667 3934 dictum
697 3874 823 3936 sita
856 3875 1113 3955 Christo,
1150 3897 1171 3931 α
1200 3876 1373 3936 Pater
1396 3875 1697 3935 neminem
1725 3875 2093 3955 judicat,sed

436 3963 732 4041 judicium
756 3963 1269 4038 trarliditFilioW,»
1294 3963 2097 4044 nuncdiciti’etrusjudicare

446 4049 705 4115 Patrem.
737 4055 822 4113 Ad
849 4054 1004 4132 quod
1027 4053 1304 4132 dicimus,
1338 4052 1494 4132 quod
1542 4072 1658 4113 non
1693 4062 1883 4133 potest
1914 4051 2098 4114 Filius

443 4141 639 4201 facere
669 4142 1014 4223 quidquam,
1047 4142 1333 4223 nisiquod
1359 4141 1570 4202 viderit
1592 4142 1785 4202 facere
1817 4141 2045 4203 Patrem
2080 4162 2094 4205 :

447 4231 928 4310 quandoquidem
966 4242 1022 4292 et
1055 4232 1164 4291 hoc
1197 4231 1345 4292 dixit
1392 4230 1686 4293 Christus.
1742 4233 1926 4293 Porro
1987 4233 2096 4293 hoc

2259 1849 2286 1880 σ
2338 1826 2437 1884 Καὶ
2478 1827 2522 1882 εἰ
2582 1824 2789 1904 Πατέρα
2846 1822 3185 1881 ἐπικαλεῖσθε
3256 1824 3347 1880 τὸν
3431 1819 3832 1903 ἀπροσωπολή-

2175 1937 2320 1979 πτως
2377 1916 2620 1994 κρίνοντα
2678 1914 2813 1970 κατὰ
2894 1914 2955 1970 τὸ
3011 1914 3237 1971 ἑκάστου
3332 1910 3509 1993 ἔργον,
3568 1910 3623 1967 ἐν
3681 1907 3830 1991 φόϐῳ

2175 2006 2267 2060 τὸν
2308 2008 2406 2071 τῆς
2450 2005 2729 2084 παροικίας
2770 2003 2918 2078 ὑμῶν
2961 2003 3154 2083 χρόνον
3185 2002 3574 2081 ἀναστράφητε,
3610 1996 3824 2074 εἰδότες,

2176 2092 2256 2149 ὅτι
2315 2094 2375 2150 οῦ
2414 2096 2667 2173 φθαρτοῖς
2720 2091 2946 2172 ἀργυρίῳ
3006 2091 3039 2159 ἢ
3109 2092 3312 2172 χρυσίῳ
3390 2089 3715 2169 ἐλυτρώθητε
3773 2087 3835 2144 ἐκ

2178 2187 2275 2265 τῆς
2320 2183 2543 2258 ματαίας
2584 2184 2731 2258 ὑμῶν
2760 2180 3092 2261 ἀναστροφῆς
3165 2176 3655 2260 πατροπαραδότου,
3695 2174 3832 2265 ἀλλὰ

2178 2277 2338 2347 τιμίῳ
2415 2270 2605 2347 αἵματι
2667 2272 2741 2334 ὡς
2811 2267 3020 2346 Ἀμνώ
3086 2268 3316 2346 ἀμώμου
3414 2269 3501 2324 καὶ
3608 2264 3834 2323 ἀσπίλου

2182 2368 2429 2440 Χριστοῦ.
2487 2385 2506 2414 ο

2256 2538 2355 2596 Ἐκ
2411 2536 2626 2596 πολλῶν
2672 2538 3030 2614 ποιησάμενος
3102 2537 3202 2605 τὴν
3260 2533 3619 2615 παράκλησιν,
3677 2535 3830 2612 πρῶ-

2178 2649 2267 2685 τον
2325 2625 2407 2687 διὰ
2462 2633 2566 2684 τῶν
2639 2626 3031 2702 ἐπιθυμητικῶς
3086 2628 3216 2705 πρὸς
3286 2626 3419 2682 αὔτα
3468 2621 3826 2699 διακειμένων

2182 2714 2450 2797 ἀγγέλων,
2483 2716 2607 2773 εἶτα
2637 2717 2743 2773 ἀπὸ
2768 2723 2862 2772 τοῦ
2919 2724 3196 2796 γραφικοῦ,
3242 2714 3366 2771 εἶτα
3421 2713 3528 2769 ἀπὸ
3582 2718 3674 2768 τοῦ
3730 2710 3831 2766 ἀν-

2183 2798 2424 2885 αγκαίου.
2473 2803 2621 2863 Ἐπεὶ
2690 2807 2791 2886 γὰρ
2841 2807 2930 2861 τὶν
2988 2807 3117 2861 Θεὸν
3188 2801 3558 2860 ἐπικαλοῦνται
3601 2798 3830 2876 Πατέρα,

2182 2896 2390 2974 ἀνάγκη
2468 2895 2584 2958 τοὺς
2645 2893 3003 2975 γλιχομένους
3089 2899 3188 2961 τῆς
3270 2891 3525 2953 υἱοθεσίας
3596 2886 3710 2954 ἅξία
3739 2894 3833 2975 τοῦ

2184 2973 2387 3063 Πατρὸς
2472 2973 2672 3046 ποιεῖν,
2744 2973 2845 3042 Καὶ
2913 2981 3185 3063 τέταρτον,
3286 2977 3371 3036 ὅτι
3433 2977 3587 3058 μυρία
3645 2973 3832 3033 ἔλαϐον

2176 3074 2369 3152 ἀγαθὰ,
2398 3072 2483 3131 διὰ
2523 3081 2615 3131 τοῦ
2669 3070 3093 3140 καταϐληθέντος
3151 3070 3281 3150 ὑπὲρ
3342 3070 3513 3125 αὐτῶν
3577 3067 3830 3143 τιμήμα-

2174 3186 2286 3231 τος,
2340 3165 2517 3245 (τοῦτο
2545 3163 2599 3222 δέ
2628 3164 2738 3221 ἐστι
2768 3166 2829 3222 τὸ
2856 3173 2950 3223 τοῦ
2983 3168 3207 3241 Χριστοῦ
3238 3164 3399 3233 αἷμα,
3434 3159 3462 3215 ὃ
3506 3179 3562 3215 τι
3593 3177 3693 3236 περ
3724 3156 3828 3212 ἆν-

2174 3252 2411 3334 τίλυτρον
2464 3252 2616 3322 ἐδόθη
2675 3256 2780 3310 τῶν
2836 3250 2921 3312 διὰ
2976 3252 3071 3319 τῆς
3135 3250 3397 3328 ἁμαρτίας
3437 3246 3653 3311 ἑαυτοὺς
3725 3266 3829 3302 πε-

2176 3343 2453 3422 πρακότων
2493 3348 2571 3416 τῷ
2625 3343 2889 3422 πονηρῷ.)
2947 3339 3147 3398 κελεύει
3199 3337 3288 3396 διὰ
3352 3336 3550 3398 παντὸς
3590 3334 3685 3392 τοῦ
3739 3340 3834 3411 ζῇν

2177 3432 2415 3489 σύνοικον
2456 3435 2743 3499 κεκτῆσθαι
2792 3432 2881 3488 τὸν
2952 3426 3137 3510 φόϐον,
3170 3428 3233 3484 οῦ
3286 3428 3378 3484 τὸν
3434 3444 3832 3502 προκαταρκτι-

2176 3527 2294 3600 κὸν,
2333 3524 2523 3605 (οὕτως
2555 3526 2655 3605 γὰρ
2696 3525 2797 3593 τὴν
2852 3523 3107 3602 τιμωρίαν
3167 3518 3408 3599 σύνεδρον
3452 3515 3622 3598 ἔχει,)
3696 3514 3835 3572 ἀλλὰ

2174 3614 2266 3671 τὸν
2322 3612 2683 3673 τελειωτικόν.
2747 3609 2920 3675 Φόϐος
2978 3612 3081 3692 γὰρ
3146 3610 3227 3666 ἀεὶ
3297 3620 3416 3672 τοῖς
3472 3605 3832 3692 τελειωθενσιν

2176 3703 2344 3781 ἁγίοις
2386 3705 2464 3780 μή
2495 3725 2551 3760 τι
2597 3701 2908 3760 ἐλλείπωσιν
2937 3691 3060 3757 τῶν
3099 3703 3194 3757 οἷα
3248 3699 3389 3763 εἰκὸς
3446 3708 3565 3759 τοτς
3610 3691 3829 3750 τελειω-

2177 3793 2355 3868 μένοις
2411 3791 2816 3855 ἀπακολουθεϊν,
2876 3791 3075 3848 Σκόπει
3119 3788 3174 3846 δέ
3233 3786 3314 3845 ὅτι
3373 3784 3658 3866 εἰρημένου
3730 3782 3835 3840 ὑπὸ

2178 3888 2426 3959 Χριστοῦ,
2467 3904 2489 3935 ι
2518 3879 2597 3938 ὅτι
2632 3873 2691 3940 Ὀ
2724 3881 2902 3960 Πατὴρ
2929 3881 3095 3960 κρίνει
3128 3875 3334 3957 οὐδένα,
3368 3873 3505 3932 ἀλλὰ
3533 3873 3633 3941 τὴν
3661 3871 3833 3951 κρίσιν

2177 3969 2513 4050 παραδέδωκε
2554 3976 2634 4044 τῷ
2664 3974 2789 4051 Υἱῷ,
2833 3993 2854 4025 ι
2890 3975 3005 4034 πῶς
3049 3975 3138 4026 νῦν
3192 3969 3220 4024 ὁ
3276 3964 3473 4045 Πέτρος
3504 3964 3596 4019 τὸν
3626 3960 3833 4040 Πατέρα

2180 4061 2371 4139 κρίνειν
2401 4061 2550 4141 φησί.
2588 4062 2724 4140 Πρὸς
2776 4060 2805 4116 ὃ
2875 4060 3113 4128 ἐροῦμεν,
3188 4058 3262 4120 ὡς
3332 4051 3517 4121 ἐπειδὴ
3560 4053 3833 4141 καὶτοῦτο

2180 4137 2455 4228 εῗρηκενῦ
2500 4137 2752 4229 Χριστὸς,
2806 4171 2835 4203 α
2881 4149 2954 4206 Οῦ
2995 4145 3208 4203 δύναται
3239 4146 3268 4199 ὁ
3299 4145 3418 4204 Υἱὸς
3449 4153 3626 4197 ποιεῖν
3655 4137 3824 4197 οὐδὲν.

2179 4226 2246 4294 ἄν.
2272 4239 2349 4313 μή
2378 4260 2429 4295 τι
2471 4226 2646 4315 βλέπῃ
2687 4239 2778 4294 τὸν
2808 4236 3015 4315 Πατέρα
3044 4241 3321 4311 ποιοῦντα,
3355 4252 3380 4288 ι
3418 4236 3571 4286 τοῦτο
3602 4226 3657 4283 δὲ
3684 4249 3830 4304 συμ-

446 4327 668 4381 sanctaa
698 4319 977 4381 Trinitati
1005 4321 1387 4382 connaturale
1430 4338 1559 4380 esse
1618 4320 1919 4382 ostendit:
1956 4322 2094 4382 490

2180 4326 2298 4407 φυὲς
2354 4332 2452 4395 τῆς
2524 4327 2675 4405 ἁγίας
2741 4323 2957 4405 Τριάδος
3027 4322 3343 4400 παρίστησι,
3426 4319 3515 4374 καὶ
3598 4315 3680 4373 ὅτι
3740 4318 3835 4374 οῦκ

447 4409 724 4488 quodque
784 4428 903 4470 non
988 4409 1106 4469 sint
1190 4410 1393 4471 divisae
1450 4418 1824 4488 operatones
1882 4409 2094 4472 divium

2180 4412 2691 4495 anopspsptspévar
2737 4418 2787 4471 αἱ
2857 4435 2954 4482 της
3011 4411 3261 4490 θεαρχίας
3362 4407 3617 4487 ἐνέργειαι
3711 4418 3832 4495 τοῖς

444 4500 756 4577 potestatis
790 4499 1061 4578 personis
1091 4518 1238 4580 quas
1264 4498 1324 4559 in
1357 4498 1456 4559 illa
1509 4498 1951 4579 conspicimus:
1989 4505 2091 4561 sed

2180 4526 2277 4561 κατ
2322 4493 2485 4573 αὗτην
2539 4503 2973 4583 ἐνθεωρουμένοις
3028 4499 3356 4579 προσώποις,
3422 4494 3558 4553 ἀλλά
3625 4493 3835 4553 ταυτό-’

446 4587 528 4647 ibi
561 4584 985 4650 et’omniluoda
1008 4587 1304 4669 identitas,
1333 4595 1390 4648 et
1414 4586 1654 4668 paciﬁca
1704 4607 1771 4648 ac
1801 4590 2094 4649 ~edilione

2180 4616 2276 4660 της
2307 4601 2451 4650 πᾶσα
2511 4594 2627 4650 ἐκεῖ
2674 4594 2761 4650 καὶ
2825 4593 3089 4667 σύμπνοια
3146 4587 3380 4667 εἶρηναία
3424 4587 3512 4642 καὶ
3565 4583 3829 4641 ἀστασία-

443 4695 653 4738 carens
684 4678 1027 4739 concordia.
1063 4678 1219 4739 Dixit
1267 4696 1403 4756 ergo
1435 4676 1562 4737 sine
1599 4676 1947 4739 discrimine
1980 4678 2092 4738 Pa-

2180 4704 2326 4761 στος,
2358 4683 2537 4763 εἶπεν,
2583 4680 2876 4762 ἀδιαφόρως
2928 4681 3018 4736 τὸν
3079 4677 3286 4757 Πατέρα
3355 4676 3571 4755 κρίνειν,
3630 4674 3704 4763 ὡς
3752 4671 3835 4728 ὅτι

444 4775 592 4827 trem
614 4764 909 4846 judicare:
933 4767 1284 4849 tanquamid
1310 4775 1367 4827 et
1389 4783 1530 4827 vere
1547 4764 1619 4827 sit
1648 4774 1705 4827 et
1727 4767 2094 4829 existimetur

2180 4770 2239 4826 ἂν
2289 4769 2402 4851 ἐρεῖ
2457 4762 2536 4833 τις
2591 4772 2705 4828 καθ’
2779 4772 2894 4835 ἑνὸς
2951 4774 3056 4825 τῶν
3111 4767 3270 4847 τριῶν
3325 4768 3631 4844 θεοπρεπῶς
3689 4762 3839 4819 ἐκτε-

440 4856 722 4918 omnibus
753 4875 885 4918 esse
914 4875 1253 4936 commune,
1279 4854 1568 4938 quidquid
1599 4855 1750 4916 alius
1773 4856 1990 4918 dixvrit
2017 4856 2091 4919 ab

2180 4858 2407 4940 λετσθαι,
2452 4860 2630 4918 κοινοῦ
2656 4860 2776 4923 τοῖς
2806 4865 2934 4917 πᾶσι
2965 4859 3053 4915 καὶ
3113 4855 3257 4922 ὄντος
3320 4857 3408 4912 καὶ
3460 4852 3832 4932 λογιζομένου.

443 4964 558 5006 una
578 4947 751 5008 trium
772 4946 970 5008 divino
1002 4946 1178 5008 modo
1206 4944 1731 5027 pertidJ’rmterea
1756 4964 1888 5007 cum
1913 4945 2089 5008 etiam

443 5037 732 5099 Dominus
760 5038 1107 5117 frequenter
1129 5034 1427 5115 apostolos
1479 5043 1644 5095 vocet
1670 5035 1847 5105 ﬁlios,
1904 5048 1964 5096 et
2020 5038 2091 5097 ad

442 5125 825 5205 paralyticum
852 5123 1533 5201 dixerit,aFili,remissa
1556 5132 1692 5184 sunt
1718 5123 1823 5185 tihi
1850 5134 2088 5205 peccata

441 5222 561 5275 tua:
594 5238 620 5268 »
655 5216 801 5275 etad
823 5233 949 5276 eam
965 5232 1092 5296 qua;
1108 5213 1410 5294 sanguinis
1426 5211 1711 5292 proﬂuvio
1758 5213 2087 5285 laborabat,

448 5305 806 5375 «Filia,ﬁdes
823 5312 919 5365 tua
939 5315 993 5365 te
1026 5304 1242 5365 salvam
1267 5303 1463 5376 fecit,»
1492 5301 1972 5364 nihilobscurum
2004 5314 2092 5365 est

440 5400 541 5454 aut
560 5393 965 5469 absurdum,si
989 5394 1147 5454 hunc
1169 5411 1403 5474 quoque
1423 5399 1650 5470 patrem
1678 5401 1948 5454 natorum
1976 5413 2089 5454 vo-

443 5482 840 5564 caverit,quos
863 5482 1192 5545 sanctitatis
1213 5482 1754 5545 communicatione
1765 5484 2084 5562 generavit.

523 5655 572 5705 H
603 5650 736 5717 Job.
772 5669 1015 5737 xxxvm,
1046 5671 1147 5718 ιι..
1234 5655 1294 5706 η
1316 5657 1489 5719 toan.
1519 5671 1577 5716 ν.
1611 5654 1709 5721 αν.

2179 4937 2404 5014 υΑλλως
2434 4950 2491 5006 τε
2532 4949 2770 5008 καὶ’τοῦ
2827 4949 3011 5029 Κυρίου
3067 4944 3326 5010 πολλάκις
3384 4942 3543 5000 τέκνα
3598 4940 3833 4999 καλοῦν-

2173 5061 2263 5103 τος
2320 5040 2439 5102 τοὺς
2512 5038 2861 5111 ἀποστόλους,
2937 5037 3024 5093 καὶ
3099 5041 3176 5109 τῷ
3252 5030 3537 5112 παραλύτφ
3594 5032 3833 5095 εἰπόντος

2181 5152 2208 5184 (ι
2243 5129 2456 5203 Τέκνον,
2491 5128 2754 5208 ἀφέωνταί
2782 5149 2863 5184 σοι
2896 5127 2946 5182 αἱ
2976 5124 3224 5205 ἁμαρτίαι
3270 5124 3385 5195 σοῦ,
3439 5145 3466 5176 »
3525 5123 3613 5177 καὶ
3640 5125 3709 5187 τῆ
3742 5121 3834 5176 αἱ-

2175 5214 2372 5295 “6515?-
2428 5242 2450 5272 ί(
2503 5207 2767 5296 Θύγαπερ,
2801 5218 2834 5284 ἦ
2865 5218 3039 5279 πίστις
3089 5236 3181 5270 σου
3238 5209 3440 5267 σέσωκέ
3498 5230 3581 5283 σε,
3625 5231 3649 5264 ιι
3686 5207 3834 5267 οὐδὲν

2174 5306 2510 5386 ἀπεμφαϊνον
2551 5308 2639 5364 καὶ
2724 5305 2880 5362 αῦτὸν
2936 5304 3137 5383 πατέρα
3196 5300 3473 5358 καλεῖσθαι
3541 5303 3647 5354 τῶν
3703 5322 3834 5377 γεν-

2174 5397 2373 5476 νητῶν,
2433 5399 2506 5453 ὦν
2582 5394 2857 5474 μεταδόσει
2917 5395 3196 5474 ἐγέννησεν
3279 5389 3594 5468 ἁγιότητος.
3680 5413 3707 5445 α
3743 5386 3832 5448 Ἐν

2176 5484 2326 5567 φόϐῳ
2355 5489 2448 5545 τὸν
2477 5491 2578 5555 τῆς
2633 5488 2934 5568 παροικίας,
2986 5508 3014 5540 ι
3077 5483 3223 5545 Κατὰ
3280 5487 3461 5538 τοῦτον
3502 5482 3594 5539 τὸν
3656 5480 3836 5539 τελει-
