4136 6422
447 345 566 415 527
1590 343 2011 415 CECUMENII
2060 334 2362 408 TRTCCE
2403 343 2741 412 EPISCOPI
3743 333 3862 401 528

439 483 604 548 dedit
627 485 745 568 ipsi
776 485 1026 565 gloriam
1061 505 1076 551 :
1111 497 1180 549 ut
1211 505 1347 549 cum
1393 481 1848 568 puriﬁcaveritis
1877 479 2080 568 anims

2203 474 2296 532 ’ἵνα
2326 479 2604 557 ἡγνικότες
2635 480 2728 545 τὰς
2761 479 2953 560 ψμχὰς
3011 480 3159 556 ὑμῶν
3231 479 3295 535 τὰ
3356 479 3480 556 γάρ,
3542 475 3705 554 ὥστε,
3767 472 3862 528 av:

443 564 670 637 vestras
698 564 1022 656 (siquidem
1083 576 1220 634 ὥστε
1264 564 1498 656 capitur
1545 589 1651 654 pro
1706 567 1803 644 Ut)
1836 586 1945 656 per
1972 564 2119 656 obe-

2203 575 2296 626 τοῦ
2324 567 2441 648 ἵνα,
2488 568 2780 644 αἶ’ληπται)
2821 568 2874 625 ἐν
2935 575 3003 645 τῇ
3073 569 3282 644 ὑπακοῇ
3336 572 3434 634 τῆς
3487 564 3734 632 ἀληθείας
3764 584 3864 619 την

449 653 736 726 dientiam
772 653 1037 726 veritatis
1069 664 1249 727 tidem
1274 653 1534 725 vestram
1555 653 1630 723 ac
1657 678 1826 741 spem
1859 653 2119 719 habeatis

2204 657 2377 713 πίστιν
2406 660 2558 734 ὑμῶν
2589 657 2768 739 ἔχετε,
2818 659 2904 716 καὶ
2949 657 3046 725 τὴν
3106 655 3288 714 ἐλπίδα
3343 659 3415 720 εἰς
3487 656 3641 715 Θεόν.
3683 660 3862 708 Μετα-

447 750 510 814 in
541 752 1076 835 Deum.Accipitur
1105 769 1362 833 namque
1395 753 1538 810 εἶναι
1572 768 1677 831 pro
1710 747 1950 820 habere,
1978 763 2119 835 pro-

2204 741 2596 826 λαμϐάνειγόιρ
2649 749 2864 820 καὶτὸ,
2912 747 3079 827 εἶναι,
3140 748 3212 810 εἷς
3272 748 3332 802 τὸ
3387 745 3557 826 ἔχειν,
3625 742 3708 798 διὰ
3775 742 3862 814 τὸ,

451 848 583 922 pter
609 839 688 904 Ut
711 830 1156 924 praecedens.Si
1186 830 1346 905 enim
1390 840 1526 898 ὥστε
1560 830 1626 900 ut
1657 837 1924 924 positum
1942 842 2040 924 est
2059 832 2119 924 in

2206 830 2324 895 ⁹ἕνα.
2390 835 2648 910 Κειμὲνου
2705 837 2804 914 γὰρ
2873 843 2986 911 τοῦ,
3074 836 3233 916 ὥστε,
3305 838 3391 893 καὶ
3464 831 3721 916 βάρϐαρον
3777 837 3868 889 καὶ

443 917 553 993 suo
582 917 915 1010 signiﬁcato
939 929 1597 1012 relinquatur,barbara
1615 935 1674 990 et
1696 921 2116 1006 inintelligibi-

2203 917 2512 1012 ἀδιανόητον
2566 926 2626 980 τὸ
2668 923 2850 1003 ῥητόν,
2903 949 2926 982 ε
2961 927 3045 988 Εἷς
3102 922 3462 1006 φιλαδελφίαν.
3503 949 3528 978 ι
3605 925 3675 981 Τὸ
3719 919 3867 976 ὅλονὶ

442 1016 520 1082 lis
541 1018 654 1082 erit
711 1019 1031 1085 sententia.
1099 1045 1126 1076 α
1157 1019 1246 1082 Ad
1305 1017 1658 1083 charitatem
1709 1015 2051 1078 fraternam.
2089 1035 2113 1068 ι

445 1107 682 1187 lntegre
713 1108 827 1170 hoc
851 1107 1026 1171 modo
1048 1106 1370 1171 dicendum
1403 1115 1494 1169 est
1528 1128 1541 1165 :
1568 1101 1840 1169 Utﬁdem
1872 1109 2122 1164 vestram

446 1211 516 1257 ac
563 1213 735 1277 spem
790 1195 1062 1260 habeatis
1114 1196 1176 1258 in
1209 1197 1422 1269 Deum,
1459 1213 1595 1258 cum
1641 1192 1873 1256 animas
1899 1197 2124 1252 vestras

451 1281 909 1364 puriﬁcaveritis
931 1304 1038 1368 per
1099 1283 1502 1348 obedientiam
1545 1281 1830 1356 veritatis,
1867 1281 1978 1343 hoc
2009 1287 2118 1361 est,

447 1391 587 1436 cum
605 1392 707 1436 vos
724 1372 889 1455 ipsos
909 1373 1368 1457 composueritis
1383 1372 1459 1436 ad
1480 1369 1884 1434 obedientiam
1899 1369 2128 1433 veritati

450 1479 560 1544 per
587 1462 886 1544 spiritum.
920 1461 1022 1526 Est
1053 1464 1214 1526 enim
1249 1471 1308 1525 et
1337 1461 1688 1525 obedientia
1727 1460 1788 1522 in
1836 1459 2010 1522 malis
2059 1475 2129 1521 ac

451 1550 856 1620 mendacibus.
883 1571 1015 1634 quae
1037 1572 1155 1614 non
1181 1559 1272 1614 est
1295 1569 1401 1632 per
1428 1551 1734 1632 spiritum,
1778 1547 1835 1610 id
1866 1558 1979 1622 est,
2011 1567 2128 1609 non

447 1651 535 1704 est
567 1641 912 1724 spiritualis.
947 1641 1237 1716 Quoniam
1269 1649 1465 1703 autem
1501 1638 1851 1720 purificatio
1882 1638 1952 1700 ad
1981 1639 2126 1698 obe-

443 1729 729 1793 dientiam
761 1729 882 1792 sive
939 1729 1317 1812 praparatio,
1343 1728 1727 1801 exercitium,
1779 1745 1944 1802 cura,
1991 1726 2128 1789 499

446 1818 662 1882 multos
689 1818 871 1882 etiam
931 1819 1083 1882 alios
1141 1818 1306 1900 cupit
1361 1817 1673 1897 adjutores
1707 1816 2042 1896 attrahere,
2075 1819 2126 1881 si

447 1907 623 1970 modo
679 1907 1005 1988 spiritualis
1064 1909 1142 1971 sit
1181 1919 1241 1972 et
1271 1907 1496 1970 invidia
1525 1925 1740 1970 carens
1773 1927 1787 1967 :
1826 1905 1884 1966 id
1917 1915 2121 1966 autem

444 1995 690 2060 fraterni
713 1997 936 2059 amoris
955 2017 1105 2080 opus
1127 1996 1584 2080 est,proximum
1611 1995 1850 2059 efﬁcere
1873 1994 2116 2075 partici-

453 2103 588 2169 pem
604 2085 899 2148 bonorum
926 2104 1075 2167 quae
1093 2095 1302 2150 nactus
1323 2092 1418 2148 est
1434 2085 1726 2166 quispiam
1756 2105 1768 2146 :
1794 2093 2114 2165 propterea

445 2173 758 2255 subjungit
791 2191 806 2238 :
841 2174 916 2237 ad
960 2173 1314 2240 charitatem
1371 2174 1698 2236 fraternam
1735 2173 2115 2236 simulatione

452 2271 782 2327 carentem.
843 2261 1164 2345 Subiungit
1214 2272 1414 2327 autem
1478 2263 1591 2326 hoc
1622 2281 1731 2344 per
1759 2261 2114 2325 defectum:

451 2371 587 2414 nam
622 2351 682 2414 id
719 2351 912 2416 beatis
938 2352 1223 2434 apostolis
1256 2350 1549 2414 familiare
1582 2359 1698 2420 est.
1735 2349 1989 2431 qnemad
2003 2370 2126 2412 mo-

451 2441 593 2504 dum
626 2439 802 2503 etiam
825 2442 981 2522 apud
1006 2441 1248 2504 beatum
1289 2438 1575 2504 Jacobum
1604 2439 1880 2514 habetur,
1920 2465 1946 2495 (ι
1981 2438 2126 2512 Quis

452 2529 694 2610 sapiens
723 2529 882 2592 inter
908 2547 1010 2592 vos
1031 2539 1091 2592 et
1113 2529 1363 2592 scientia
1391 2528 1674 2610 praeditus
1697 2528 1793 2590 ‘7?
1815 2554 1842 2585 ιι
1885 2525 1957 2590 Ει
1985 2547 2124 2590 rur-

454 2637 587 2680 sum
619 2635 634 2682 :
678 2617 887 2698 «Agite
911 2637 1071 2681 nunc
1093 2617 1194 2700 qui
1241 2617 1470 2692 dicitis,
1503 2615 1698 2679 Hodie
1728 2625 1787 2680 et
1809 2635 1940 2679 cras
1971 2619 2051 2691 18,
2091 2640 2115 2676 ι

452 2707 761 2789 multaque
789 2707 906 2770 alia
935 2706 1306 2789 hujusmodi.
1339 2705 1504 2780 Quod
1550 2714 1746 2768 autem
1781 2705 2124 2788 spirituales

449 2796 710 2860 debeant
732 2797 996 2860 vicissim
1018 2797 1171 2860 alios
1191 2797 1355 2860 omni
1381 2797 1575 2860 studio
1597 2796 1886 2859 bonorum
1903 2797 2112 2880 acqui-

450 2885 701 2948 sitorum
721 2885 920 2949 facere
947 2885 1298 2969 participes,
1325 2887 1558 2950 discere
1587 2886 1728 2948 licet
1759 2905 1826 2948 ex
1861 2886 1954 2948 his
1984 2904 2116 2968 qua!

2204 1009 2368 1077 οῧτῶς
2404 1032 2417 1048 ·
2453 1004 2577 1070 υΙνα
2632 1015 2732 1082 τὴν
2788 1015 2962 1072 πίστιν
3016 1015 3162 1090 ὑμῶν
3206 1017 3294 1071 καὶ
3364 1011 3547 1071 ἐλπίδα
3578 1012 3744 1093 ἔχητε
3785 1011 3862 1072 εἷς

2206 1102 2334 1157 Θεὸν
2378 1102 2651 1180 ἡγνικότες
2684 1104 2777 1167 τὰς
2809 1103 2989 1185 ψυχοίς
3045 1105 3192 1179 ὑμῶν
3261 1103 3314 1158 ἐν
3363 1109 3429 1179 τῇ
3485 1103 3694 1176 ὑπακοῇ
3761 1103 3861 1165 τῆς

2205 1187 2474 1257 ἀληθείας,
2538 1192 2782 1250 Τουτέστι
2863 1193 3368 1271 προκαταρτίσαντες
3456 1191 3669 1252 ἑαυτοὺς
3783 1188 3857 1247 εἷς

2207 1279 2447 1347 ὑπακοὴν
2517 1280 2763 1349 ἀληθείαν
2837 1279 2920 1339 διὰ
2992 1282 3306 1357 πνεύματος,
3386 1270 3549 1338 ’Ἐστι
3603 1280 3702 1357 γὰρ
3772 1279 3864 1332 καὶ

2208 1369 2417 1437 ὑπακοὴ
2489 1369 2575 1427 ἐπὶ
2640 1383 2887 1450 πονεροῖς
2944 1372 3029 1426 καὶ
3115 1368 3380 1450 ψευδέσιν,
3460 1368 3577 1437 ἥτις
3662 1373 3722 1428 οὗ
3777 1365 3866 1422 διὰ

2210 1458 2528 1534 πνεύματος,
2590 1459 2878 1532 τουτέστιν,
2939 1459 2996 1516 οὔ
3053 1460 3412 1534 πνευματική,
3490 1455 3706 1524 Ἐπειδή
3745 1454 3800 1511 δὲ
3835 1458 3865 1510 ὁ

2213 1549 2284 1610 εἷς
2315 1549 2552 1616 ὑπακοὴν
2581 1548 2860 1625 ἆγνῗσμὸς,
2920 1546 3037 1615 ἤτοι
3094 1550 3128 1615 ἦ
3173 1548 3504 1627 παρασκευὴ,
3563 1550 3597 1615 ἡ
3650 1567 3862 1624 γυμνα-

2212 1638 2323 1715 σία,
2355 1639 2388 1705 ἡ
2421 1635 2642 1712 μελέτη,
2675 1636 2900 1701 πολλοὺς
2959 1639 3044 1693 καὶ
3107 1636 3299 1700 ἄλλους
3372 1635 3518 1716 φιλεῒ
3578 1635 3862 1714 συνεργοὺς

2211 1727 2548 1801 ἐπισπᾶσθαι,
2618 1728 2661 1782 εἰ
2703 1725 2888 1802 μέλλοι
2946 1727 3279 1801 πνευματικὴ
3337 1727 3466 1781 οὖσα
3535 1726 3623 1780 καὶ
3692 1722 3864 1802 ἄφθο-

2213 1839 2296 1879 νος
2343 1829 2503 1878 εῖναι.
2545 1822 2708 1873 Τοῦτο
2738 1813 2790 1871 δὲ
2837 1813 2988 1894 ἔργον
3032 1807 3398 1895 φιλαδελφίας,
3458 1815 3518 1869 τὸ
3561 1818 3664 1869 τῶν
3710 1813 3868 1890 εὕρη-

2207 1905 2381 1980 μὲνων
2433 1906 2534 1961 τινὶ
2587 1903 2796 1982 ἀγαθῶν
2865 1905 2954 1960 καὶ
3024 1909 3101 1977 τῷ
3197 1901 3426 1969 πλησίον
3499 1899 3859 1978 μεταδιδόναι,

2207 1995 2304 2050 Διὰ
2332 2000 2485 2051 τοῦτο
2540 1992 2725 2070 ἐπείγει
2794 1994 2881 2068 τὸ,
2943 1993 3030 2056 Εἷς
3088 1989 3430 2072 φιλαδελφιαν
3485 1989 3858 2065 ἀνυπόκριτον.

2203 2085 2423 2162 Ἐπάγει
2484 2081 2538 2138 δὲ
2611 2081 3010 2144 ἀποστατικῶς.
3099 2078 3313 2156 Ἰδίωμα
3376 2081 3476 2160 γὰρ
3531 2088 3684 2137 τοῦτο
3752 2085 3863 2136 τῶν

2207 2172 2479 2253 μακαρίων
2521 2169 2858 2244 ἀποστόλων,
2906 2172 2978 2233 ὡς
3050 2169 3166 2251 ἔχει
3221 2171 3309 2226 καὶ
3379 2169 3519 2248 παρὰ
3559 2177 3636 2243 τῷ
3693 2191 3864 2238 μακα-

2207 2261 2302 2342 ρίῳ
2331 2257 2572 2342 Ἰακώϐῳ
2597 2261 2684 2339 τὸ,
2727 2283 2753 2314 ε
2789 2260 2877 2325 Τίς
2909 2261 3068 2340 σοφὸς
3101 2259 3155 2315 ἐν
3193 2259 3324 2334 ὑμῖν
3350 2261 3435 2314 καὶ
3455 2258 3766 2333 ἐπιστήμων
3800 2277 3854 2339 ς’

2209 2337 2310 2410 Καὶ
2338 2355 2422 2424 τὸ,
2477 2373 2502 2404 ιι
2529 2337 2678 2427 ’Ἄγε
2719 2356 2808 2405 νῦν
2839 2351 2886 2406 οἱ
2914 2337 3180 2428 λέγοντες,
3211 2350 3452 2427 Σήμερον
3481 2349 3569 2406 καὶ
3597 2337 3810 2420 αὔριον,
3829 2373 3853 2400 υ

2205 2441 2294 2498 καὶ
2351 2437 2524 2496 πολλὰ
2576 2437 2728 2518 ἕτερα
2769 2445 3007 2500 τοιαῦτα,
3089 2427 3222 2494 ΗΟτι
3280 2435 3334 2492 δὲ
3387 2441 3433 2494 οἱ
3516 2439 3863 2512 πνευματικοὶ

2205 2529 2465 2610 ὀφείλουσι
2534 2527 2641 2585 τῶν
2711 2526 3013 2606 εὖρημένων
3082 2526 3290 2604 ἀγαθῶν
3345 2525 3600 2595 ἀλλήλοις
3658 2523 3863 2602 σπουδῇ

2204 2619 2351 2697 πάσῃ
2379 2615 2735 2697 μεταδιδόναι,
2767 2617 2954 2693 μάθοις
2987 2615 3077 2696 ἀφ’
3123 2619 3195 2673 ὧν
3245 2631 3334 2672 και
3393 2615 3446 2672 ἐν
3485 2614 3648 2694 ἑτέρῳ
3682 2617 3812 2695 φησί
3839 2637 3851 2647 ·

2212 2733 2239 2763 ι
2318 2707 2573 2767 Κατανοῶ
2629 2706 2726 2782 μὲν
2779 2704 3044 2774 ἀλλήλους
3130 2706 3202 2769 εἷς
3288 2703 3624 2784 παροξυσμὸν
3710 2704 3851 2781 ἀγά-

2197 2818 2318 2869 πες,
2358 2822 2381 2850 σι
2418 2796 2706 2875 τοότεστιν,
2753 2795 2824 2858 εἷς
2854 2793 3164 2872 παράθηξιν,
3198 2795 3271 2857 εἰς
3336 2792 3616 2873 διέγερσιν,
3646 2794 3847 2872 Εἰπὼν,

2203 2906 2232 2945 (
2289 2882 2770 2964 Ἀναγεγενημὲνοι
2824 2884 2919 2940 οὒκ
2986 2882 3047 2939 ἐκ
3118 2889 3317 2962 σπορᾶς
3390 2887 3646 2963 φθαρτῆς,
3708 2880 3846 2939 ἀλλὰ

452 2974 568 3037 alio
600 2975 731 3038 loco
761 2975 910 3038 dicit
936 2995 951 3036 :
984 2975 1349 3039 «Considero
1374 2975 1615 3057 quidem
1641 2985 1876 3038 mutuos
1897 2975 2114 3037 essead

2203 2975 2456 3056 ἀφθάρτου
2519 2971 2603 3030 διὰ
2689 2970 2850 3052 λόγου
2926 2978 3118 3042 ζῶτνος
3215 2979 3346 3028 Θεοῦ
3442 2973 3530 3028 καὶ
3601 2970 3850 3046 μένοντος

457 3064 940 3146 provocationem
960 3064 1328 3145 charitatis,-
1359 3065 1470 3126 hoc
1488 3065 1678 3137 est,ad
1701 3064 2111 3126 exacuendum

2209 3065 2280 3130 ε’ίς
2309 3065 2400 3119 τὸν
2462 3063 2648 3135 αἰῶνα,
2715 3082 2740 3118 ι
2797 3062 3144 3140 παρατίθησιν
3198 3057 3605 3126 ἐξουδενωτικώς
3653 3063 3739 3116 καὶ
3794 3061 3855 3116 τὺ

460 3159 519 3216 et
546 3153 929 3216 exciktndum
962 3153 1146 3216 illam.
1187 3156 1507 3234 Propterea
1546 3151 1703 3234 quod
1736 3152 1934 3216 omnis
1987 3171 2124 3215 caro

456 3259 702 3322 gramen
727 3242 978 3306 sit.Cum
1001 3240 1538 3318 dixisset,«Renati
1566 3260 1684 3304 non
1707 3247 1938 3303 semine
1969 3259 2124 3303 mor-

458 3330 559 3393 tali
589 3331 694 3394 sed
726 3331 1080 3407 immortali,
1126 3349 1234 3412 per
1262 3349 1599 3393 sermonem
1632 3329 1737 3392 Dei
1771 3330 2027 3392 viventis
2054 3349 2125 3393 ac

460 3420 872 3500 permanentis
896 3420 956 3481 in
987 3429 1339 3495 aeternum,»
1372 3419 1540 3482 addit
1569 3419 1747 3480 etiam
1779 3417 2121 3500 dejiciendo

453 3525 524 3570 ac
553 3509 994 3572 contemnendo
1016 3507 1508 3589 humunaagloriae
1525 3507 1758 3570 facilem
1789 3507 2120 3590 corruptio-

459 3615 622 3673 nem,
659 3605 718 3659 et
775 3606 838 3658 ut
894 3598 977 3660 ita
1029 3597 1284 3680 dicatur,
1337 3615 1454 3663 non
1505 3596 1973 3675 subsistentiam,
2010 3599 2119 3660 hac

451 3686 758 3750 auditores
813 3686 1106 3770 alliciens,
1166 3696 1228 3750 ut
1260 3687 1350 3750 his
1406 3687 1748 3749 adhaereant
1785 3705 1919 3768 quae
1974 3706 2007 3749 a
2053 3706 2118 3750 se

457 3775 761 3857 proposita
785 3784 944 3853 sunt,
1008 3785 1074 3839 ut
1122 3793 1252 3856 qua:
1284 3773 1732 3838 subsistentiam
1785 3775 2005 3837 habent
2049 3795 2117 3839 ac

466 3864 1180 3946 perpetuitatem.Eorum
1200 3874 1398 3928 autem
1422 3883 1553 3946 quae
1576 3866 1648 3927 ad
1672 3863 2114 3946 corruptionem

465 3953 821 4034 perveniunt
851 3953 1492 4027 subsistentia,dititur
1523 3954 1620 4016 hic
1653 3971 1895 4033 gramen
1929 3961 1987 4016 et
2011 3955 2121 4024 flos

452 4043 954 4122 graminis.Porro
988 4043 1264 4106 debilitas
1296 4043 1700 4106 subsistentia:
1731 4043 2018 4122 graminis
2045 4043 2118 4105 ad

453 4132 743 4212 majorem
774 4133 1074 4195 sermonis
1098 4133 1276 4194 fidem
1297 4133 1616 4195 adducitur
1651 4155 1662 4190 :
1699 4131 1914 4214 quibus
1936 4141 1994 4194 et
2013 4135 2123 4194 Da-

451 4217 545 4282 vid
569 4228 834 4282 nostram
857 4230 1162 4303 comparat
1187 4222 1365 4284 vitam
1388 4219 1587 4285 *9Ubi
1603 4239 1741 4282 vero
1771 4221 1919 4283 adeo
1943 4220 2118 4282 vil--m

453 4308 717 4371 ostendit
745 4309 994 4387 gloriam
1016 4319 1308 4385 nostram,
1332 4310 1548 4392 repetit
1577 4329 1812 4371 rursum
1848 4330 1915 4372 ac
1944 4310 2120 4372 docet

449 4396 716 4476 apertius
745 4397 885 4478 quid
923 4399 1001 4461 sit
1029 4399 1188 4480 quod
1226 4398 1388 4480 ipsos
1447 4398 1820 4479 regeneravit
1850 4417 1954 4480 per
1983 4417 2115 4460 ser-

449 4503 690 4548 monem
722 4485 827 4548 Dei
852 4486 1100 4549 viventis
1149 4506 1218 4549 ac
1247 4497 1697 4567 permanentem
1722 4487 1781 4548 in
1799 4497 2110 4566 aeternum,

449 4582 508 4636 et
533 4575 617 4636 ait
652 4595 666 4637 :
709 4573 867 4636 «Hoc
897 4585 1097 4638 autem
1125 4585 1213 4640 est
1244 4576 1490 4639 verbum
1518 4577 1674 4658 quod
1699 4576 2113 4639 annuntiatum

451 4675 548 4728 est
577 4664 651 4726 ad
687 4683 850 4730 vos.)
894 4665 1061 4739 Quod
1092 4681 1295 4729 autem
1329 4675 1677 4748 permaneat
1708 4667 1766 4728 in
1799 4675 2112 4746 aeternum,

453 4754 768 4817 confirmat
800 4755 927 4836 pari
986 4756 1165 4817 modo
1218 4775 1352 4818 cum
1386 4757 1670 4822 Domino.
1719 4754 1866 4818 Nam
1901 4767 1960 4820 et
1991 4755 2118 4837 ipse

449 4842 574 4908 ait:
618 4867 642 4901 ι
677 4843 909 4907 Caelum
959 4851 1019 4906 et
1051 4853 1209 4907 terra
1267 4846 1626 4922 transibunt,
1682 4845 1863 4908 verba
1915 4856 2114 4907 autem

448 4951 577 4995 mea
613 4953 730 4995 non
785 4934 1173 5014 praeteribunt
1225 4933 1308 4994 20.
1349 4961 1375 4991 ι
1430 4934 1601 4998 Scire
1631 4945 1826 4998 autem
1888 4942 2120 5016 oportet

450 5021 608 5102 quod
645 5021 813 5098 illud,
849 5023 936 5084 Ad
974 5023 1321 5086 charitatem
1377 5023 1698 5086 fraternam
1731 5022 1804 5085 ab
1837 5023 1998 5084 omni
2031 5023 2118 5085 si-

440 5109 764 5172 mulatione
793 5110 1072 5189 alienam,
1110 5113 1189 5174 ita
1223 5113 1476 5194 proferri
1521 5113 1704 5175 debet
1733 5133 1747 5177 :
1777 5112 1859 5174 Ex
1892 5114 2114 5175 mundo

439 5197 621 5261 corde
649 5217 748 5260 vos
792 5199 1046 5262 invicem
1073 5201 1304 5282 diligite
1336 5201 1610 5283 impense
1650 5205 1724 5265 ad
1759 5202 2110 5263 charitatem

444 5285 771 5350 fraternam
802 5289 876 5350 ab
906 5290 1071 5351 omni
1101 5290 1489 5354 simulatione
1512 5290 2111 5372 alienam.Siquidem

445 5375 592 5438 tales
619 5393 822 5440 rerum
858 5377 1048 5439 exitus
1079 5379 1365 5461 consequi
1395 5381 1592 5442 solent
1620 5379 1817 5462 qualia
1850 5388 1990 5442 sunt
2011 5380 2115 5442 illa

444 5482 576 5546 quae
599 5473 844 5547 propter
869 5465 1030 5547 ipsas
1064 5475 1394 5530 tractantur
1430 5489 1500 5532 ac
1526 5478 1909 5552 peraguntur.
1947 5467 2114 5542 Quo-

2163 3157 2307 3220 ²τῆς
2363 3151 2692 3231 ἀνθρωπίνης
2736 3147 2891 3218 δόξης
2950 3149 3256 3231 εὕφθαρτον,
3335 3151 3422 3206 καὶ
3478 3149 3600 3206 οῖον
3659 3150 3852 3220 εἰπεῖν,

2206 3242 2558 3320 ἀνύπαρκτον,
2589 3239 2756 3319 ταύτῃ
2814 3239 2934 3302 τοὺς
2991 3239 3249 3318 ἀκροατάς
3316 3237 3683 3320 ὑπολιχνεύων
3752 3245 3858 3294 τῶν

2206 3327 2646 3410 προϐεϐλημένων
2675 3325 2764 3384 ὑπ’
2817 3327 2974 3384 αὐτοῦ
3031 3325 3272 3408 ἔχεσθαι,
3332 3330 3405 3392 ὡς
3465 3334 3569 3384 τῶν
3644 3327 3740 3402 μὲν
3797 3329 3858 3384 τὸ

2205 3419 2370 3482 ἑστὼς
2396 3418 2632 3499 ἐχόντων
2685 3417 2773 3473 καὶ
2827 3414 3251 3497 διαιωνιζόντων,
3285 3423 3389 3473 τῶν
3448 3413 3503 3473 δὲ
3560 3417 3861 3496 φθανόντων

2202 3513 2270 3586 τῇ
2352 3511 2515 3588 φθορᾷ
2613 3507 2711 3574 τὴν
2765 3504 3074 3568 ὕπόστασιν,
3168 3507 3365 3586 Χόρτος
3452 3505 3693 3576 ἐνταῦθα,
3769 3507 3857 3561 καὶ

2201 3596 2352 3661 ἂνθος
2413 3596 2632 3677 χόρτου,
2713 3596 2773 3651 τὸ
2844 3596 2930 3651 καὶ
2980 3597 3072 3651 τοῦ
3127 3595 3325 3675 χόρτου
3413 3596 3542 3675 πρὸς
3637 3593 3856 3674 ὕπαρξιν

2200 3686 2564 3766 ἀσθενέστερον
2594 3685 2667 3751 εἷς
2698 3683 2874 3741 πίστιν
2903 3686 2997 3741 τοῦ
3052 3682 3212 3764 λόγου
3267 3685 3563 3766 παράγεται
3591 3701 3603 3715 ⁸
3652 3687 3736 3748 οἷς
3767 3685 3856 3739 καὶ

2204 3773 2360 3833 Δαυὶδ
2385 3765 2485 3844 τὴν
2512 3772 2630 3832 καθ’
2679 3776 2821 3849 ἡμᾶς
2865 3773 3134 3846 ἀπεικάζει
3190 3775 3356 3846 ζωήν.
3421 3765 3603 3832 υΟπου
3673 3770 3853 3841 δέτὴν

2200 3862 2352 3931 δόξαν
2407 3864 2562 3941 ἡμῶν
2620 3862 2886 3926 εὖτελίσας
2945 3860 3324 3939 ἀναλαμϐάνει,
3361 3862 3519 3920 πάλιν
3570 3862 3658 3919 καὶ
3715 3859 3853 3916 διδα-

2201 3975 2320 4010 σκει
2365 3952 2702 4032 σαφέστερον,
2737 3952 2784 4006 τί
2853 3950 2962 4006 ἐστι
3008 3951 3068 4008 τὸ
3113 3951 3476 4030 ἀναγεννῆσαν
3533 3951 3717 4012 αὖτοὺς
3770 3946 3856 4005 διὰ

2201 4043 2363 4121 λόγω
2393 4048 2586 4113 ζῶντος
2614 4048 2744 4097 Θεοῦ
2773 4041 2858 4095 καὶ
2913 4042 3160 4115 μένοντος
3228 4042 3299 4106 εἷς
3361 4041 3448 4097 τὸν
3508 4042 3673 4096 αἰῶνα
3710 4047 3723 4068 ⁶
3770 4039 3858 4094 καὶ

2201 4132 2375 4212 φησί’
2421 4153 2443 4187 α
2481 4136 2644 4190 Τοῦτο
2674 4127 2728 4185 δὲ
2758 4128 2867 4184 ἐστι
2937 4130 2998 4184 τὸ
3041 4129 3185 4206 ῥῆμα
3244 4131 3305 4185 τὸ
3360 4127 3726 4208 εὐαγγελισθὲν
3783 4129 3856 4190 εἷς

2199 4221 2358 4296 ὑμᾶς,
2401 4239 2428 4278 ι
2473 4219 2560 4282 Εἷς
2587 4220 2678 4274 τὸν
2708 4217 2871 4272 αἰῶνα
2909 4213 2963 4272 δὲ
3007 4217 3188 4292 μένειν
3245 4217 3370 4274 αὖτὸ
3439 4214 3854 4296 διαϐεϐαιοῦται,

2201 4294 2491 4389 συμφώνως
2519 4311 2596 4380 τῷ
2628 4306 2818 4384 Κυρίῳ,
2857 4307 2952 4363 Καὶ
2995 4307 3094 4384 γὰρ
3151 4307 3239 4363 καὶ
3269 4307 3424 4370 αὑτός
3483 4328 3667 4385 φησιν,
3735 4329 3760 4358 (ι
3799 4294 3858 4361 Ὀ

2201 4397 2414 4478 οὖρανὸς
2457 4397 2544 4452 καὶ
2574 4407 2607 4463 ἠ
2637 4397 2710 4474 γῆ
2781 4393 3155 4473 παρελεύσεται

3240 4397 3286 4453 οἱ
3346 4395 3399 4452 δέ
3441 4393 3593 4475 λόγοι
3652 4415 3750 4470 μου
3797 4395 3860 4451 υῦ

2138 4462 2278 4562 Diri;
2310 4462 2663 4565 παρέλθωσιν..
2710 4493 2806 4540 Δεῖ
2853 4462 2909 4539 δὲ
2981 4462 3181 4542 εἰδέναι,
3240 4484 3320 4542 ὅτι
3391 4487 3475 4560 τὸ,
3521 4462 3663 4548 Ἐῖςπ
3692 4483 3857 4566 φιλα-

2198 4573 2408 4656 δελφίαν
2438 4573 2800 4652 ἀνυπόκριτον,
2857 4572 2996 4630 οὕτω
3055 4574 3166 4654 χρὴ
3223 4575 3502 4654 προφέρειν
3537 4589 3551 4604 ⁶
3614 4572 3710 4631 Ἐκ
3751 4594 3856 4628 κα-

2197 4668 2356 4742 θαρᾶς
2415 4660 2626 4741 καρδίας
2724 4660 2990 4731 ἀλλήλους
3074 4662 3390 4742 ἀγαπήσατε
3475 4663 3726 4736 ἐκτενῶς,
3787 4663 3859 4728 εἷς

2201 4751 2542 4835 φιλαδελφίαν
2637 4749 3005 4829 ἀνυπόκριτον.
3094 4753 3155 4808 Αἰ
3237 4754 3336 4832 γὰρ
3435 4749 3673 4817 ἐκϐάσεις
3743 4755 3850 4808 τῶν

2200 4842 2527 4922 πραγμάτων
2612 4838 2988 4898 ἐπακολουθεῖν
3079 4841 3289 4899 εἰώθασι
3384 4855 3503 4909 τοῖς
3600 4841 3646 4897 δι
3704 4841 3859 4905 αὐτὰς

2201 4928 2746 5012 πραγμανευομένοις.
2820 4928 2970 4986 Ἐπεὶ
3027 4931 3116 4987 οὖν
3185 4937 3256 5008 τῇ
3313 4931 3373 4989 ἐκ
3437 4935 3666 5012 καθαρᾶς
3724 4951 3860 5010 καρ-

2202 5019 2321 5085 διας
2367 5017 2615 5088 ἀλλήλων
2671 5017 2876 5075 ἐκτενεῖ
2949 5020 3132 5098 ἀγάπῃ
3188 5023 3222 5090 ἡ
3309 5021 3650 5102 ἀνυπόκριτος
3724 5019 3862 5077 ἐπα-

2201 5108 2448 5167 κολουθεῖ
2491 5105 2826 5188 φιλαδελφία,
2902 5107 3079 5174 καλῶς
3138 5109 3281 5190 ἔχει,
3339 5111 3586 5188 ἡγεῖσθαι
3646 5109 3741 5184 μὲν
3772 5109 3858 5184 τὸ,

2203 5197 2299 5256 Ἐκ
2326 5200 2552 5275 καθαρᾶς
2584 5194 2820 5275 καρδίας,
2853 5195 3068 5253 ἓπεσθαι
3111 5195 3165 5253 δὲ
3235 5200 3296 5254 τὸ
3344 5201 3432 5262 Εἷς
3491 5196 3860 5280 φιλαδελφίαν.

2203 5285 2627 5363 Ἐπισημαντέον
2695 5285 2792 5361 μέν
2864 5308 2946 5343 τοι
3006 5285 3085 5343 ὅτι
3139 5290 3227 5344 καὶ
3281 5288 3404 5361 τὴν,
3467 5289 3540 5351 εὶς
3615 5288 3864 5367 πρόθεσιν

2201 5373 2592 5456 μεταλαμϐάνει
2638 5377 2710 5438 εἷς
2770 5377 2888 5449 τὴν,
2967 5373 3073 5452 διὰ,
3143 5376 3235 5433 ’ίνα
3318 5378 3376 5453 ᾗ,
3443 5378 3540 5434 Διὰ
3599 5374 3855 5457 φιλαδελ-

2201 5469 2343 5550 φίαν.

449 5553 608 5618 niam
640 5554 822 5635 igitur
851 5554 925 5618 ad
955 5554 1287 5638 impensam
1316 5557 1700 5623 dilectionem
1734 5567 1998 5621 mutuam
2031 5578 2106 5624 ex
2135 5557 2361 5626 mundo
2393 5554 2604 5631 corde,
2641 5555 3034 5636 consequitur
3062 5555 3324 5620 fraterna
3360 5555 3619 5622 charitas
3649 5553 3865 5618 simul-

528 5687 584 5735 ⁸7
612 5685 732 5748 Jac.
766 5702 855 5762 ιιι,
887 5689 985 5753 13,
1072 5688 1132 5738 ιε
1156 5687 1281 5753 Jac.
1319 5708 1373 5763 ν,
1409 5691 1437 5752 1
1474 5709 1604 5771 seq.

1693 5690 1752 5740 ιε
1780 5688 1914 5755 Ρηι
1943 5706 2148 5772 χχχιι,
2181 5695 2204 5758 1
2251 5708 2422 5773 seqq.
2505 5687 2570 5739 90
2596 5687 2808 5750 Matth.
2842 5704 3003 5768 xxxv,
3039 5688 3142 5755 35.
