4136 6420
348 385 473 451 533

1388 384 1781 450 COMMENT.
1830 383 1912 445 IN
1957 381 2198 444 EPIST.
2247 380 2273 442 Ι
2317 381 2378 443 S.
2430 379 2681 441 PETRI.

3627 334 3745 441 53?.

347 521 406 586 ὃς
465 522 555 577 καὶ
608 523 772 600 πέτρα
832 517 1145 597 σκανδάλου,
1230 519 1317 574 καὶ
1400 515 1537 584 λίθος
1593 515 2007 596 προσκόμματός

2105 518 2259 587 petra
2280 516 2374 572 est
2392 509 2464 600 ad
2483 528 2661 600 quam
2679 508 3008 600 oﬁ‘endant,
3041 519 3101 600 et
3133 508 3315 600 lapsis
3334 508 3396 570 in
3429 526 3604 600 quem
3632 508 3754 600 im:

350 609 468 666 ἐστι
538 624 656 676 τοῖς
710 609 1038 687 ἀπειθοῦσιν,
1110 620 1166 664 οῖ
1222 606 1611 685 προσκόπτουσι
1698 608 1774 680 τῷ
1842 605 2008 679 λόγῳ,

354 698 694 766 ἀπειθοῦντες
726 705 805 774 τῷ
833 696 978 776 λόγῳ
1033 694 1300 768 δηλονότι,
1364 697 1436 761 είς
1496 694 1524 751 ὅ
1595 696 1681 752 καὶ
1735 694 2008 761 ἐτέθησαν.

352 787 550 845 ’Ἔσται
594 791 683 844 οὖν
714 789 777 844 τὸ
801 786 922 844 ὅλον
954 784 1119 849 οὕτως
1160 806 1173 820 °
1209 784 1337 842 Ἰδοὺ
1396 785 1573 858 τίθημι
1629 784 1683 840 ἐν
1756 786 1895 841 Σιὼν
1926 782 2013 840 λί-

353 879 446 934 θον
476 878 890 957 ἀκρογωνιαϊον,
940 877 1184 951 ἔντιμον,
1238 873 1511 935 ἐκλεκτόν,
1550 876 1645 932 Καὶ
1690 877 1717 930 ὁ
1748 874 2012 931 πιστεύων

357 966 446 1022 ἔπ’
489 968 654 1041 αἰετῷ,
744 972 803 1025 οὒ
859 966 937 1042 μὴ
994 967 1381 1044 καταισχυνθῇ,
1446 962 1657 1038 ἔντιμον
1698 964 1826 1039 ὑμῖν
1895 977 2012 1027 τοῖς

359 1058 715 1136 πιστεύουσιν,
751 1056 1017 1113 ἀπειθοῦσι
1088 1051 1143 1108 δὲ
1214 1053 1354 1109 λίθον
1413 1052 1853 1132 προσκόμματος.
1906 1043 2013 1110 “Ov

358 1143 501 1201 λίθον
557 1143 949 1221 ἀπεδοκίμασαν
1008 1146 1103 1219 μὲν
1176 1146 1224 1200 οἱ
1275 1139 1692 1217 οἰκοδομοῦντες,
1766 1145 1916 1206 οὗτος
1960 1139 2013 1197 δὲ

363 1232 591 1310 ἐγενήθη
662 1234 735 1299 εἷς
806 1230 1044 1312 κεφαλὴν
1114 1231 1330 1308 γωνίας,
1408 1231 1683 1288 συνάπτων
1755 1232 1853 1306 μὲν
1896 1230 2013 1294 τοὺς

360 1324 706 1385 πιστεόντας
739 1324 811 1386 εἷς
856 1321 1055 1379 αἰτόν·
1111 1319 1251 1383 λίθος
1302 1318 1357 1376 δὲ
1413 1319 1828 1399 προσκόμματος
1884 1319 2012 1376 τού-

360 1432 494 1484 τοις,
530 1410 586 1468 οῗ
620 1412 1009 1492 προσκόπτονσι
1054 1417 1130 1484 τῷ
1178 1409 1326 1487 λόγῳ
1377 1419 1471 1468 τοῦ
1532 1408 1851 1488 Εὖαγγελίου
1910 1407 2011 1476 δη-

361 1498 498 1568 λαδή
525 1501 856 1566 ἀπειθοῦντες
918 1524 944 1554 α
982 1501 1067 1565 Εἷς
1104 1500 1132 1555 3
1162 1500 1247 1555 καὶ
1279 1499 1533 1566 ἐτέθησαν
1588 1525 1608 1549 ο
1650 1499 1765 1578 Οὗχ
1794 1500 1867 1562 ὡς
1912 1498 2016 1555 ἀπὸ

361 1595 456 1644 τοῦ
488 1597 618 1647 Θεοῦ
663 1591 736 1654 εἷς
807 1597 962 1647 τοῦτο
1032 1587 1420 1671 ἀφωρισμένοις
1493 1586 1729 1665 εἴρηται,
1792 1586 2018 1662 Οὖὸεμία

360 1678 464 1755 γὰρ
541 1679 677 1734 αἰτία
733 1677 1020 1752 ἀπωλείας,
1091 1678 1234 1733 παρὰ
1288 1685 1383 1735 τοῦ
1455 1677 1656 1739 πάντας
1713 1676 2015 1755 ἀνθρώπους

2096 600 2338 681 pingant
2393 599 2693 663 increduli
2726 617 2741 663 :
2774 599 2916 661 496
2963 598 3064 680 qui
3119 599 3399 661 videlicet
3453 597 3756 661 increduli

2099 698 2411 751 manentes
2440 688 2726 765 sermoni,
2758 687 3098 767 impingunt
3126 687 3189 749 in
3238 687 3402 750 illum
3440 708 3453 747 :
3488 689 3559 749 ad
3596 687 3756 769 quod

2102 778 2384 841 videlicet
2413 778 2591 840 etiam
2653 776 2962 840 constituti
3009 776 3267 840 fuerant.
3300 776 3427 840 Erit
3456 796 3598 858 ergo
3630 785 3752 840 tota

2097 869 2383 949 particula
2407 868 2521 929 hoc
2555 867 2729 928 modo
2760 866 3131 930 ordinanda:
3158 867 3316 929 Ecce
3340 886 3493 948 pono
3525 868 3585 927 in
3613 866 3758 930 Sion

2097 958 2350 1039 lapidem
2384 957 2755 1036 angularem,
2810 956 3065 1019 electum
3098 963 3155 1017 et
3185 956 3531 1037 pretiosum,
3570 965 3627 1018 et
3656 955 3758 1039 qui

2094 1048 2421 1110 crediderit
2451 1048 2511 1108 in
2542 1047 2670 1122 illo,
2703 1066 2823 1108 non
2880 1045 3145 1127 pudeﬁet
3177 1063 3190 1108 :
3229 1047 3553 1127 pretiosum
3588 1046 3756 1108 vobis

2098 1138 2195 1218 qui
2229 1136 2497 1211 creditis,
2530 1136 2860 1198 incredulis
2898 1154 3035 1196 vero
3057 1135 3393 1216 lapidemin
3425 1155 3603 1216 quem
3637 1135 3756 1197 im-

2100 1230 2342 1308 pingant
2367 1249 2380 1287 :
2406 1228 2852 1309 quemlapidem
2873 1227 3599 1308 reprobaveruntquidem
3615 1227 3756 1290 aedi-

2098 1318 2470 1387 ﬁcanteshic
2494 1326 2691 1380 autem
2714 1318 2905 1379 factus
2932 1326 3020 1378 est
3042 1325 3220 1397 caput
3246 1318 3469 1395 anguli,
3507 1316 3754 1397 conjun-

2098 1426 2244 1488 gens
2265 1407 2580 1469 credentes
2610 1407 2672 1468 in
2700 1426 2882 1468 unum
2910 1424 2924 1469 :
2954 1407 3136 1486 lapsis
3163 1407 3300 1467 vero
3333 1405 3392 1466 in
3426 1424 3603 1487 quem
3637 1408 3755 1467 im-

2102 1498 2361 1576 pingitur
2390 1507 2478 1558 est
2526 1497 2603 1559 iis
2634 1496 2736 1577 qui
2797 1496 3153 1577 impingunt,
3187 1496 3451 1559 sermoni
3482 1492 3761 1558 videlicet

2099 1586 2402 1667 Evangelii
2427 1606 2541 1649 non
2568 1586 3048 1649 credentes-Ad
3064 1586 3225 1665 quod
3252 1585 3426 1647 etiam
3451 1586 3758 1649 constituti

2102 1684 2238 1738 sunt
2271 1694 2284 1740 ;
2323 1701 2349 1733 ι)
2387 1696 2507 1737 non
2537 1676 2706 1757 quasi
2762 1676 2832 1737 ad
2867 1676 2981 1737 hoc
3013 1675 3132 1737 sint
3160 1675 3455 1754 segregati
3487 1694 3519 1736 a
3547 1674 3668 1737 Deo
3699 1676 3760 1739 id

359 1764 603 1831 θέλοντος
660 1767 894 1835 σωθῆναι
976 1762 1306 1846 βραϐεύεται,
1397 1762 1535 1820 ἀλλά
1607 1777 1723 1828 τοῖς
1802 1765 2017 1826 ἑαυτοὺς

2105 1767 2327 1829 dictum
2354 1765 2650 1830 est.Nulla
2682 1764 2841 1826 enim
2873 1763 3227 1845 perditionis
3257 1783 3436 1826 causa
3463 1764 3535 1826 ab
3562 1784 3633 1825 eo
3653 1766 3755 1846 qui

362 1854 528 1922 σκεύη
593 1857 965 1933 κατηρτικιέσιν
1036 1855 1223 1933 ὀργῆς,
1281 1854 1368 1909 καὶ
1436 1855 1470 1921 ἡ
1536 1853 1770 1910 ἀπείθεία
1825 1852 2024 1921 ἐπηκο-

360 1939 609 2015 λούθησε,
709 1944 797 1999 καὶ
850 1944 923 2008 εὶς
1008 1941 1076 2009 ἦν
1135 1942 1528 2021 παρεσκεύασαν
1621 1944 1830 2008 ἑαυτοὺς
1879 1942 2022 2007 τάξιν

363 2028 643 2096 ἐτέθησαν.
710 2033 765 2088 Εἰ
835 2033 934 2109 γὰρ
985 2029 1309 2096 αὒτεξούσιος
1394 2033 1422 2087 ὃ
1470 2029 1737 2110 ἅνθρωπος
1806 2030 2015 2110 γέγονε,

361 2120 452 2174 καὶ
483 2121 579 2176 οὔκ
610 2118 720 2176 ἔστι
749 2120 1015 2197 βιάζεσθαι
1046 2122 1108 2177 τὸ
1153 2118 1506 2189 αὐτεξούσιον,
1581 2122 1675 2178 οὒκ
1745 2118 1808 2175 ἂν
1861 2119 2021 2176 εἰκότι

360 2208 640 2283 μέμψαιτό
686 2231 766 2271 τις
825 2206 969 2288 λόγῳ
1024 2216 1101 2285 τῷ
1166 2208 1419 2275 τοιαύτης
1483 2208 1685 2278 λήξεως
1741 2207 2019 2275 ἀξιώσαντι

358 2306 570 2376 τοῦτον,
606 2299 673 2364 ἧς
705 2296 788 2354 διὰ
818 2305 921 2354 τῶν
953 2302 1014 2357 αὖ
1033 2305 1107 2355 ςοῦ
1138 2297 1307 2375 ἔργων
1349 2300 1375 2355 ὁ
1407 2308 1571 2358 ταῦτα
1616 2295 1814 2377 δράσας
1849 2299 2021 2374 ἐαυτῷ

356 2382 778 2459 διανηστεύτατο.
810 2385 1225 2466 Ἀκρογωνιατος
1280 2385 1334 2442 δὲ
1376 2385 1515 2453 λίθος
1571 2386 1783 2467 εἴρηται
1813 2389 1841 2444 ὁ
1891 2394 2022 2467 Χρι-

360 2476 512 2536 στὸς.
562 2476 636 2539 ὡς
665 2477 788 2540 τοὺς
819 2474 907 2534 δύο
962 2477 1176 2556 τοίχους
1229 2477 1349 2538 τοὺς
1406 2477 1497 2533 τὸν
1555 2477 1812 2555 [ἰατρικὸν
1869 2478 2022 2534 οἶκον

359 2562 774 2637 ἀποτελοῦντας,
808 2564 928 2633 ἤτοι
1009 2566 1132 2628 τοὺς
1198 2564 1251 2631 ἓξ
1308 2566 1470 2621 ἐθνῶν
1524 2565 1610 2621 καὶ
1653 2562 1911 2623 Ἰουδαίων
1939 2563 2024 2621 διὰ

358 2658 463 2719 τῆς
498 2654 684 2713 ἑαυτοῦ
727 2655 1003 2715 συνάπτων
1068 2655 1303 2735 ἐπαφῆς,
1362 2655 1451 2711 καὶ
1494 2655 1567 2716 εἷς
1639 2655 1763 2730 μίαν
1795 2654 2017 2735 συσφίγ-

359 2765 476 2820 γων
505 2743 852 2823 ἀρεαολογίαν,
898 2750 1003 2800 νῦν
1054 2745 1154 2817 μὶν
1226 2745 1321 2807 τὰς
1391 2742 1686 2824 ἀνωφελε“ς
1757 2742 2019 2824 ἀφανίζων

357 2834 566 2912 θδσίας,
603 2840 710 2889 τῶν
740 2832 793 2890 δὲ
826 2834 923 2902 τὴν
993 2832 1319 2901 δαιμονιώδη
1379 2835 1672 2908 μετατιθεὶς
1743 2835 1815 2898 εἷς
1874 2833 2019 2892 εὖσέ-

358 2916 513 2976 ϐειαν
580 2919 1012 2998 δεισιδαιμονίαν,
1075 2946 1097 2977 σ
1140 2913 1325 2999 ’Υμεῒς
1360 2921 1415 2978 δὲ
1471 2922 1620 3001 γένος
1676 2921 1945 2986 ἐκλεκτόν,
1989 2948 2011 2983 ι

364 3008 645 3066 Διαϐαλὼν
701 3011 801 3077 τὴν
868 3017 974 3068 τῶν
1046 3012 1400 3069 ἀπειθούντων
1456 3012 1836 3091 κακατροπίαν,
1931 3014 2018 3070 καὶ

361 3098 513 3164 ὅπως
589 3102 733 3157 αὶτοὶ
790 3102 1001 3166 ἑαυτοῖς
1056 3102 1321 3182 παραίτιοι
1395 3103 1791 3168 κατεστάθησαν
1860 3102 2080 3161 ἀπει-(Ξ

360 3190 532 3269 θείας,
567 3213 654 3246 νυν
727 3188 1025 3265 μεταϐαίνει
1105 3193 1234 3270 πρὸς
1316 3190 1527 3248 ἔπαινον
1584 3191 1689 3247 τῶν
1737 3195 2024 3271 κατωρθω-

358 3278 558 3348 κότων,
593 3280 679 3335 καὶ
750 3301 932 3360 φησιν,
996 3278 1076 3336 ὅτι
1142 3274 1327 3355 ἰ’μεῖς
1388 3281 1540 3359 γένος
1596 3279 1868 3359 ἐκλεκτὸν,
1918 3282 2018 3357 βα-

359 3370 560 3428 σῖλειον
629 3372 932 3452 ἱεράτευμα,
990 3374 1217 3453 ὡσπερεὶ
1285 3372 1464 3452 ἔλεγεν
1502 3392 1516 3407 ·
1606 3373 1837 3430 Ἐκεῖνοι
1924 3375 2022 3449 μὲν

2104 1856 2228 1917 vult
2284 1874 2493 1917 omnes
2524 1854 2795 1918 homines
2844 1853 3038 1915 salvos
3069 1853 3199 1915 ﬁeri
3228 1853 3623 1929 ministratur,
3655 1854 3761 1916 sed

2106 1963 2209 2007 eos
2232 1944 2332 2025 qui
2357 1943 2587 2023 seipsos
2607 1962 2742 2005 vasa
2781 1943 2886 2005 ira
2907 1943 3256 2016 effecerunt,
3285 1951 3342 2004 et
3370 1941 3761 2005 incredulitas

2104 2043 2306 2096 secuta
2335 2041 2513 2105 est,et
2539 2032 2601 2094 in
2634 2051 2703 2095 eo
2736 2032 2949 2094 ordine
2971 2031 3274 2094 constituti
3305 2039 3444 2093 sunt
3472 2033 3546 2094 ad
3578 2050 3755 2115 quem

2104 2142 2239 2186 sese
2270 2131 2763 2205 praeparaverant.
2798 2120 2860 2185 Si
2890 2120 3049 2183 enim
3112 2119 3287 2183 liberi
3317 2114 3549 2185 arbitrii
3579 2114 3760 2205 homo

2104 2213 2292 2275 factus
2322 2220 2553 2274 estnec
2587 2219 2782 2293 potest
2808 2211 2938 2290 cogi
2990 2210 3246 2273 liberum
3274 2210 3609 2286 arbitrium,
3646 2229 3761 2274 ne-

2105 2321 2395 2385 quaquam
2419 2302 2656 2364 decenti
2678 2319 2956 2363 sermone
2967 2299 3261 2382 quispiam
3286 2319 3421 2362 eum
3444 2318 3762 2385 accusave-

2106 2393 2315 2475 rit,qui
2348 2391 2523 2453 talem
2546 2389 2661 2472 ipsi
2691 2399 2912 2453 sortem
2939 2388 3224 2465 decrevit,
3258 2407 3435 2470 quam
3457 2389 3580 2451 suis
3609 2408 3761 2470 ope-

2105 2482 2273 2546 ribus
2294 2481 2346 2544 is
2370 2480 2470 2562 qui
2494 2498 2565 2542 ea
2611 2491 2888 2560 operatus
2933 2486 3021 2540 est
3044 2477 3157 2539 sibi
3180 2478 3294 2559 ipsi
3316 2478 3549 2542 ascivit.
3575 2478 3764 2542 Porro

2107 2572 2259 2651 lapis
2289 2568 2588 2651 angularis
2618 2568 2812 2630 dictus
2859 2577 2950 2630 est
2981 2566 3273 2641 Christus,
3300 2575 3577 2649 tanquam
3613 2569 3766 2630 duos

2106 2661 2363 2742 parietes
2378 2662 2692 2723 Paternam
2718 2657 2960 2719 domum
2989 2655 3520 2735 perﬁcientes,sive
3539 2677 3641 2720 eos
3662 2659 3766 2741 qui

2106 2771 2173 2814 ex
2204 2749 2479 2830 gentibus
2504 2756 2671 2809 erant
2698 2756 2756 2809 et
2775 2745 2995 2809 Judaais
3031 2765 3137 2807 suo
3167 2754 3474 2809 contractu
3508 2748 3759 2828 conjun-

2101 2849 2336 2921 gens,et
2360 2839 2419 2900 in
2436 2856 2611 2900 unam
2628 2837 2917 2917 adaptans
2942 2834 3419 2897 convenientiam
3460 2858 3473 2899 :
3509 2836 3757 2921 inutiles

2100 2930 2341 3013 quidem
2376 2928 2596 2990 hostias
2628 2946 2660 2987 e
2690 2926 2888 2987 medio
2921 2924 3591 3003 tollens,daemoniacam
3618 2945 3758 2988 vero

2103 3020 2586 3103 superstitionem
2619 3018 2693 3079 ad
2724 3035 2926 3079 verum
2964 3016 3325 3078 transferens
3376 3016 3480 3078 Dei
3513 3018 3760 3079 cultum.

2115 3111 2268 3175 «Vos
2298 3119 2494 3173 autem
2528 3106 2716 3188 genus
2740 3106 3385 3189 electum.»Postquam
3417 3105 3761 3181 incredulo-

2109 3221 2241 3265 rum
2265 3195 3103 3281 reprehenditimprubitatem
3127 3213 3379 3279 morum,
3400 3195 3627 3277 etquod
3649 3195 3764 3276 ipsi

2107 3293 2220 3355 sibi
2241 3292 2386 3373 ipsis
2408 3306 2585 3351 causa
2606 3286 2798 3349 eﬂ‘ecti
2820 3285 3073 3347 fuissent
3089 3285 3767 3361 incredulitatis,transit

2106 3401 2265 3445 nunc
2294 3379 2366 3442 ad
2396 3378 2631 3439 laudem
2664 3394 2867 3437 eorum
2914 3373 3017 3455 qui
3062 3375 3300 3454 egregia
3334 3375 3760 3456 praestiterant,

358 3459 448 3517 δια
476 3459 787 3540 κληρότητα
832 3464 919 3518 καὶ
983 3461 1276 3536 ἀπείθειαν,
1310 3461 1651 3541 προσέκοψαν
1721 3469 1798 3537 τῷ
1853 3462 2017 3542 ἀκρο-

2105 3482 2159 3535 et
2190 3471 2273 3534 ait
2305 3489 2319 3530 :
2358 3470 2477 3529 Vos
2528 3466 2672 3528 estis
2701 3483 2892 3545 genus
2923 3464 3207 3538 electum,
3241 3464 3440 3544 regale
3472 3466 3762 3528 sacerdo-

358 3550 598 3628 γωνιαίῳ
654 3546 773 3606 ἀλλ’
857 3554 918 3609 οὗ
966 3550 1498 3627 πει-ρκοδιιμήθησαν.
1564 3544 1748 3627 Ὑμεῖς
1799 3549 1853 3608 δὲ
1909 3554 2012 3632 οὐχ

2105 3561 2248 3631 tium
2290 3574 2408 3621 :ac
2465 3556 2515 3616 si
2574 3544 2846 3615 diceret:
2883 3550 2977 3613 Illi
3025 3552 3265 3634 quidem
3318 3572 3421 3616 sua
3457 3554 3678 3617 duritia
3708 3564 3768 3617 et

358 3636 555 3709 οὕτως,
634 3636 771 3694 ἀλλά
859 3635 927 3694 δι’
1012 3638 1298 3696 εὒπείθειαν
1384 3638 1858 3716 συνῳκοδομήθητε
1940 3643 2012 3705 εἷς

2105 3643 2505 3716 inobedientia
2524 3641 2602 3703 im
2614 3639 2974 3721 pegeruntin
2997 3641 3259 3725 lapidem
3280 3646 3763 3721 angularem,sed

361 3723 634 3801 βασίλειον
702 3725 1003 3807 ἱεράτευμα,
1064 3727 1134 3792 ὡς
1193 3725 1343 3805 γένος
1400 3726 1673 3804 ἐκλεκτὸν,
1731 3730 1802 3794 ὡς
1872 3729 2015 3793 ἔθνος

2105 3757 2218 3799 non
2251 3730 2602 3797 coaedificati
2640 3738 2823 3815 sunt_:
2870 3748 2971 3815 vos
3004 3723 3204 3815 autem
3229 3749 3347 3815 non
3380 3731 3620 3815 ita,_sed
3653 3753 3764 3815 per

362 3814 545 3891 ἅγιον,
580 3812 726 3880 Πλὴν
770 3814 861 3871 ἵνα
891 3815 969 3890 μὴ
1000 3820 1076 3889 τῷ
1122 3823 1355 3894 περιττῷ
1423 3816 1621 3893 ἐπαίνῳ
1669 3818 1864 3897 ἐκλύσῃ
1920 3825 2018 3876 αὖ·

2105 3817 2504 3880 obedientiam
2530 3810 2813 3873 exstructi
2837 3810 2983 3872 estis
3006 3810 3068 3873 in
3084 3811 3284 3891 regale
3307 3810 3708 3897 sacerdotium
3746 3836 3761 3877 :

360 3905 512 3976 τοὺς,
548 3901 721 3969 ἄλλως
752 3925 810 3961 τε
867 3905 955 3961 καὶ
1007 3904 1100 3961 ἵνα
1144 3906 1222 3980 μὴ
1284 3905 1738 3987 ἀποκληρωτικῶς
1803 3907 2020 3975 δόξωσιν

2105 3916 2384 3987 tanquam
2416 3918 2605 3980 genus
2637 3900 2920 3973 electum,
2950 3887 3225 3980 tanquam
3248 3918 3396 3978 gens
3421 3887 3644 3981 salicta.
3677 3904 3768 3965 Ne

363 3992 520 4072 ἔχειν
562 3993 623 4048 τὸ
663 3993 816 4070 ἅγιον
861 3991 1002 4056 ἔθνος
1033 3995 1120 4051 καὶ
1148 3991 1247 4050 ὅσα
1277 3992 1418 4070 ἑξῆς,
1477 3997 1565 4052 καὶ
1595 3994 1674 4053 ὅτι
1730 3994 1814 4052 διὰ
1843 3998 1904 4053 τὸ
1932 4002 2024 4052 τοῦ

366 4079 613 4161 Ἀϐραὰμ
642 4082 785 4138 εἶναι
817 4081 967 4161 γένος
999 4082 1086 4138 καὶ
1117 4079 1253 4157 μηδὲ
1310 4104 1439 4140 ποτε
1506 4084 1832 4164 προσκόψαι,
1890 4085 2023 4141 ταύ-

364 4194 468 4238 της
497 4171 795 4239 ἠξιώθησαν
826 4176 923 4238 τῆς
1003 4176 1191 4246 τιμῆς,
1257 4170 1441 4251 ἐπάγει
1495 4173 1866 4231 καταστέλλων
1924 4173 2021 4229 αθ-

366 4266 477 4317 τῶν
508 4262 567 4317 τὸ
597 4260 844 4341 φρόνημα
889 4260 979 4316 καί
1020 4283 1179 4339 φησιν
1213 4278 1230 4297 ⁸
1302 4259 1383 4318 ὅτι
1455 4263 1544 4330 Μὴ
1616 4262 1753 4340 μέγα
1808 4263 1895 4320 ἐπὶ
1957 4270 2027 4337 τῷ

2109 4006 2307 4059 tamen
2361 3990 2544 4054 nimia
2602 3988 2778 4051 laude
2828 3987 3110 4050 dissolvat
3138 3988 3347 4070 ipsos:
3388 3999 3445 4051 et
3478 4000 3766 4071 praeterea

2108 4104 2185 4148 ne
2210 4081 2586 4147 haereditario
2617 4077 2873 4160 quodam
2897 4077 3039 4158 jure
3070 4077 3293 4139 habere
3332 4078 3677 4143 viderentur
3707 4092 3771 4144 ut

2108 4192 2256 4257 gens
2284 4178 2488 4234 sancta
2539 4177 2740 4231 essent
2768 4185 2841 4229 ac
2886 4177 3102 4257 caetera
3131 4186 3264 4248 qua:
3292 4179 3627 4249 sequuntur
3661 4191 3675 4232 :
3713 4180 3772 4233 et

2108 4256 2265 4348 quod
2299 4262 2434 4325 ideo
2466 4258 2568 4321 tali
2598 4260 2825 4347 honore
2880 4256 3047 4336 digni
3093 4257 3281 4321 habiti
3312 4258 3589 4342 fuissent,
3624 4261 3767 4342 quia

363 4354 508 4430 γένει
538 4364 805 4432 φρονεῖτε.
830 4353 905 4409 Οὔ
973 4351 1073 4429 γὰρ
1129 4348 1213 4406 διὰ
1269 4352 1358 4407 τὸν
1418 4350 1659 4430 Ἀϐραὰμ
1749 4349 2020 4428 ἒξελὲγητε

2106 4347 2301 4436 genus
2330 4350 2627 4414 Abraham
2655 4354 2879 4422 essent,
2911 4365 3025 4410 nec
3054 4366 3320 4429 unquam
3349 4348 3767 4434 impegissent,

365 4442 442 4503 εἰς
472 4438 736 4515 βασίλειον
777 4439 1079 4519 ἱεράτευμα,
1146 4442 1206 4496 Οἱ
1265 4441 1365 4519 γὰρ
1399 4439 1449 4506 ἐξ
1495 4442 1651 4497 αὑτοῦ
1680 4439 2023 4519 προελθόντες

366 4527 762 4603 δεεστιλμέηην
823 4528 984 4608 εἶχον
1052 4529 1149 4596 τὴν
1208 4530 1464 4609 ἱερατείαν
1521 4532 1652 4609 πρὸς
1722 4531 1820 4599 τὴν
1875 4531 2025 4608 βασι-

376 4616 549 4679 λείαν.
615 4618 688 4675 Οὐ
742 4614 827 4674 διὰ
880 4618 970 4672 τὸν
1041 4614 1280 4697 Ἀϐραὰμ
1339 4620 1509 4674 τοίνυν
1567 4618 1709 4680 ἔθνος
1765 4619 1881 4676 ἐστέ
1938 4620 2025 4675 καὶ

362 4707 521 4785 γένος
570 4704 844 4779 ἐκλεκτὸν,
906 4706 993 4761 καὶ
1052 4706 1123 4769 εἰς
1205 4705 1469 4783 βασίλειον
1529 4709 1810 4787 ἱεράτευμα
1869 4707 2022 4788 ἀφω-

362 4794 625 4875 ρισμέναι.
695 4793 851 4852 Οδδέν
907 4796 1009 4877 γὰρ
1078 4797 1277 4852 τούτων
1335 4796 1696 4876 ἐχρημάτισεν
1759 4795 2018 4877 Ἀϐραὰμ,

361 4874 505 4942 ἀλλά
533 4883 618 4941 διὰ
668 4884 916 4963 Χριστόν.
985 4874 1076 4948 Ὃς
1148 4886 1234 4941 καὶ
1290 4874 1455 4965 ἱερεῦς
1519 4889 1655 4943 κατὰ
1726 4888 1825 4955 τὴν
1857 4874 2024 4953 ’τάξιν

366 4971 699 5054 Μελχισεδὲκ
733 4973 1086 5054 ἐχρημάτισε,
1151 4978 1238 5031 καὶ
1308 4974 1553 5053 βασιλεὺς
1607 4975 2024 5058 πραὺς,ηδίκαιος

361 5067 453 5121 καὶ
484 5064 691 5135 σώςῶν,
723 5065 812 5119 καὶ
842 5063 926 5121 ἐπὶ
954 5063 1134 5121 πιῦλον
1166 5063 1495 5132 ἐπιϐεϐητὼς
1532 5070 1673 5127 ὁνου.

2107 4442 2412 4525 subjungit
2430 4442 2835 4518 comprimens
2873 4436 3109 4498 illorum
3132 4437 3443 4514 fa~tum,et
3466 4442 3549 4501 ait
3583 4459 3598 4503 :
3628 4438 3767 4525 £97

2108 4534 2197 4597 Ne
2218 4522 2293 4594 ob
2318 4547 2506 4609 genus
2533 4526 2898 4590 extollamini
2926 4548 2941 4602 ;
2966 4545 3083 4588 non
3112 4526 3271 4589 enim
3303 4540 3545 4610 propter
3568 4522 3763 4593 Abra-

2109 4626 2243 4685 ham
2272 4619 2448 4683 electi
2480 4617 2623 4679 estis
2672 4616 2733 4677 in
2766 4617 2967 4692 regale
3010 4617 3413 4701 sacerdotium
3451 4637 3464 4682 :
3495 4639 3627 4681 nam
3662 4621 3763 4701 qui

2107 4705 2181 4766 ab
2204 4703 2330 4782 ipso
2354 4704 2790 4783 processerant,
2817 4697 3246 4758 sacerdotalem
3288 4698 3505 4760 tribum
3537 4719 3571 4760 a
3602 4697 3765 4780 regia

2109 4794 2446 4855 distinctam
2481 4786 2781 4849 habebant
2815 4807 2828 4848 :
2859 4792 2977 4847 non
3009 4804 3150 4865 ergo
3185 4796 3428 4867 propter
3457 4788 3759 4853 Abraham

2108 4902 2254 4963 gens
2270 4901 2338 4943 ac
2358 4895 2543 4958 genus
2593 4876 2849 4937 electum
2903 4884 3045 4936 estis
3066 4894 3133 4937 ac
3158 4878 3453 4955 segregati
3475 4877 3536 4939 in
3564 4880 3766 4961 regale

2108 4991 2224 5036 sac:
2246 4969 2504 5034 rdotium
2526 4986 2539 5027 :
2565 4963 2884 5026 nihilenim
2906 4963 3115 5026 horum
3130 4965 3205 5027 de
3220 4966 3511 5028 Abraham
3537 4968 3761 5030 dictum

2109 5071 2221 5125 est.
2256 5060 2374 5123 Sed
2426 5064 2669 5137 propter
2699 5052 3023 5128 Christum,
3057 5056 3157 5134 qui
3186 5064 3246 5117 et
3294 5057 3574 5117 sacerdos
3595 5059 3767 5137 juxta

361 5153 640 5215 ordinem
676 5152 1073 5215 Melcliisedec
1105 5153 1300 5217 dicius
1332 5163 1420 5216 est
1446 5153 1528 5236 2ϐ,
1565 5173 1665 5217 rex
1700 5164 2072 5231 mansuetus,
2098 5155 2297 5234 justus
2322 5158 2379 5212 et
2402 5145 2624 5209 salvum
2650 5141 2875 5204 faciens
2895 5141 2955 5193 27
2986 5161 3000 5206 :
3034 5144 3137 5224 qui
3166 5145 3342 5208 etiam
3376 5150 3563 5228 super
3581 5147 3766 5211 asinte

362 5242 601 5324 pullum
631 5240 925 5305 ascendit.

440 5330 530 5397 Ἐξ
557 5331 714 5388 αὐτοῦ
757 5332 924 5387 τοίνυν
953 5338 1044 5388 τοῦ
1084 5334 1151 5390 τὰ
1179 5334 1450 5416 ἀμφότερα
1470 5337 1771 5417 ἒσχῃκσέτος
1795 5334 1878 5392 διὰ
1927 5342 2022 5392 τοῦ

2183 5330 2271 5393 Ab
2303 5347 2373 5390 eo
2433 5324 2609 5405 igitur
2662 5321 2765 5405 qui
2826 5294 3147 5406 utrumque
3204 5324 3433 5403 habuit,
3471 5345 3580 5408 per
3608 5329 3762 5405 sacri

352 5423 509 5498 ἁγίου
538 5421 1004 5499 ἀναγεννηθέντες,
1054 5422 1446 5506 βαπτισματος,
1502 5427 1720 5489 εἰκότως
1750 5427 1837 5483 καὶ
1867 5424 2017 5502 γένος

2105 5414 2499 5506 θηριὶειῐιιειιίεΔ
2535 5413 2970 5506 renascentiam
3030 5414 3243 5506 merito
3293 5424 3351 5477 et
3390 5434 3580 5495 genus
3626 5416 3756 5480 ele-

350 5511 610 5569 ἐύ.εκτὸν
639 5511 1021 5591 χρηματίζετε,
1046 5514 1133 5568 καὶ
1161 5500 1442 5592 βασίλειον
1487 5515 1792 5594 ἱεράτευμα.
1853 5500 2017 5572 Τοῦτο

2105 5520 2260 5571 ctum
2310 5500 2696 5587 appellamini
2754 5509 2811 5564 et
2894 5502 3094 5582 regale
3151 5505 3574 5570 sacerdotium.
3636 5506 3762 5569 Hoc

2091 5650 2125 5693 ἢ

435 5681 501 5732 Ξϐ
532 5678 690 5743 Psal.
723 5694 845 5757 (ιιι,
880 5678 941 5742 li.
1027 5676 1083 5728 ’7
1114 5679 1356 5747 Zachar.
1391 5700 1471 5757 rx,
1505 5687 1545 5745 9
1574 5684 1831 5759 ;.Matth.
1867 5700 1987 5760 xxx,
2023 5679 2084 5746 5.
