4136 6442
392 341 513 435 s35
1535 334 1830 423 manus
1844 333 1971 439 1x311
2019 331 2068 393 T

2157 332 2316 427 cca;
2348 330 2683 399 EPISGOPI
3694 330 3820 419 536

392 481 591 557 autem
621 472 858 557 habetis
887 472 1048 534 illius
1102 466 1657 557 misericordiaiqui
1692 466 1773 529 de
1812 467 2071 557 tenebris

2169 466 2222 523 δὲ
2247 469 2381 544 ἐλέῳ
2420 475 2579 531 αὐτοῦ
2608 479 2701 531 τοῦ
2728 472 2788 530 ἐκ
2817 474 3034 537 σκότους
3066 475 3199 549 ὑμᾶς
3274 475 3346 536 εἷς
3377 474 3436 529 τὸ
3460 474 3821 548 θαυμαστικὸν

394 554 501 637 vos
518 554 746 625 vocavit
766 560 837 624 in'
879 554 1293 645 admirabilem
1324 575 1493 620 suam
1526 556 1748 645 lucem.
1784 554 1933 645 ideo
1962 574 2070 639 per

2154 560 2307 619 αὐτοῦ
2327 558 2648 625 καλέσαντος
2679 560 2835 643 ἔχετε
2864 569 2999 642 φῶς.
3039 564 3129 619 Διὸ
3150 560 3233 620 διὰ
3252 569 3359 619 τῶν
3383 563 3475 618 τοῦ
3521 562 3696 642 φωτὸς
3721 559 3809 642 ἕρ-

395 652 581 736 opera
607 659 800 733 vestra
841 642 905 713 in
936 650 1073 725 luce
1120 649 1273 711 facta
1294 647 1540 736 caeteris
1567 642 1917 727 hominibus
1944 666 2060 709 an-

2154 670 2259 727 γων
2300 650 2471 730 ὑμῶν,
2505 664 2627 716 τα¹⁶ς
2661 649 2843 718 ἄλλοις
2873 651 3162 731 ἀνθρώποις
3177 648 3521 730 ἓξαγγελλετε
3542 651 3636 713 τὰς
3676 650 3814 729 ἀρε-

395 734 664 805 nuntiate
718 740 967 823 virtutes
1023 737 1234 820 ipsius.
1288 734 1413 800 Hoc
1485 735 1682 817 itaque
1737 754 1808 798 ex
1868 735 2058 810 illius,

396 829 608 913 inquit,
640 826 1011 910 benignitate
1059 825 1295 891 habetis
1327 850 1342 888 ι
1378 824 1866 908 quandoquidem
1897 827 2052 908 quod

395 914 469 983 ad
498 938 602 999 vos
630 918 840 981 attinet
887 917 1144 1000 populus
1202 914 1366 989 estis,
1398 914 1500 997 qui
1545 914 1844 997 quondam
1879 917 2061 979 eratis

398 1028 521 1073 non
578 1008 881 1091 populus:
933 1014 992 1069 et
1051 1002 1534 1069 misericordiam
1602 1004 1934 1081 consecuti,
1978 1002 2081 1087 qui

399 1092 700 1183 quondam
731 1114 849 1159 non
872 1094 1052 1158 eratis
1075 1092 1583 1183 misericordiam
1607 1095 2086 1183 consecuti.l§fﬁ-

397 1181 565 1252 ciens
584 1193 781 1249 autem
821 1192 884 1247 ut
927 1201 1130 1247 sermo
1166 1181 1378 1261 magis
1408 1181 1546 1244 odio
1572 1190 1795 1246 careat.
1828 1201 1897 1245 ex
1931 1182 2087 1248 Osee

399 1272 1033 1356 confirmatOpprobrii
1046 1290 1295 1336 sermon
1322 1270 2085 1353 em98.¢Annuntiateigitur

400 1364 509 1448 per
534 1364 756 1428 bonam
773 1363 1182 1451 operationem
1215 1360 1485 1451 virtutes
1515 1358 2085 1451 ipsitis.nQuomodo

401 1463 600 1519 autem
619 1448 973 1516 annuntiant
994 1458 1023 1516 ‘2
1042 1450 1178 1532 Ipse
1208 1449 1496 1513 Dominus
1540 1448 1735 1526 docet,
1767 1470 1902 1513 cum
1934 1451 2016 1514 ait
2045 1466 2060 1507 :

407 1540 540 1607 cSic
564 1542 760 1605 luceat
775 1541 873 1604 lux
890 1550 1088 1604 vestra
1109 1558 1309 1603 coram
1330 1537 1701 1621 hominibus,
1736 1548 1798 1603 ut
1826 1540 2066 1604 videant

399 1630 553 1695 bona
587 1648 770 1712 opera
797 1637 994 1694 vestra
1024 1636 1087 1692 et
1143 1628 1478 1707 glorificent
1506 1626 1740 1689 Patrem
1772 1637 2058 1702 vestrum.

399 1723 499 1803 qui
521 1719 582 1782 in
602 1718 770 1783 omlis
794 1727 885 1781 est
903 1718 987 1779 99.
1012 1715 1433 1795 n—«Populus
1453 1734 1595 1778 vero
1617 1715 1720 1797 qui
1743 1715 1805 1779 in
1831 1717 2059 1781 lucrum

2150 738 2243 802 τάς
2288 738 2459 795 αἰτοῦ.
2497 745 2662 798 Τοῦτο
2692 739 2789 814 μὲν
2821 740 2933 819 οὖν,
2968 741 3150 821 φησὶν,
3182 738 3243 796 ἐκ
3297 741 3394 805 τῆς
3428 738 3626 797 ἑκεῖνου
3642 736 3813 819 ’ἔχετε

2158 824 2563 905 φιλανθρωπίας,
2593 825 2767 908 Ἐπεὶ,
2799 829 2859 885 τό
2889 851 2951 907 γε
2980 830 3052 892 εἰς
3094 830 3230 904 ὑμᾶς
3289 832 3441 901 ἧκον,
3502 826 3631 890 λαός
3662 827 3808 907 ἐστε,

2159 914 2212 970 οῗ
2242 936 2371 972 ποτε
2421 918 2478 974 εὖ
2539 913 2693 988 λαὸς,
2749 920 2837 975 καὶ
2891 916 3207 997 ἠλεημένοι,
3267 920 3313 973 0i
3357 918 3451 973 οὒκ
3493 914 3806 990 ἠλεημένοι.

2156 1002 2640 1083 Ἀνεπαχθέστερον
2670 1002 2725 1061 δὲ
2785 1007 2878 1062 τὸν
2930 1003 3091 1085 λόγον
3147 1011 3340 1078 ποιῶν,
3373 1004 3425 1071 ἐξ
3483 1002 3652 1072 Ὠσηὲ
3721 1027 3811 1061 πι-

2160 1099 2372 1151 στοῦται
2400 1095 2491 1150 τὸν
2530 1092 2714 1173 λόγον,
2745 1095 2837 1152 τοῦ
2862 1093 3177 1172 ὁνειδισμοῦ·
3212 1119 3240 1151 α
3277 1093 3650 1173 Ἐξαγγέλλετε
3688 1116 3808 1151 τοι-

2165 1191 2358 1261 γαροῡν
2426 1179 2512 1238 διά
2568 1183 2917 1263 ἀγαθοεργίας,
2962 1185 3057 1250 τὰς
3115 1184 3301 1263 ἀρετὰς
3353 1185 3533 1246 αυτοῦ.
3589 1189 3707 1248 Πῶς
3754 1181 3811 1238 δὲ

2165 1268 2606 1353 ἐξαγγέλλουσιν;
2642 1272 2805 1336 Αὒτὸς
2851 1275 2879 1329 ὁ
2950 1274 3137 1353 Κύριος
3196 1270 3425 1329 διδάσκεί
3475 1269 3542 1328 δι’
3571 1268 3666 1344 tim:
3697 1294 3811 1352 qm-

2164 1381 2247 1415 σιν
2280 1376 2293 1390 ’
2335 1383 2357 1415 ε
2409 1359 2560 1418 Οῧτω
2588 1363 2855 1438 Ααμψάτω
2884 1363 2943 1419 τὸ
3001 1366 3112 1444 φῶς
3176 1363 3324 1437 ὑμῶν
3383 1360 3672 1440 ἔμπροσθεν
3702 1365 3810 1416 τῶν

2162 1448 2445 1528 ἀνθρώπων
2469 1448 2613 1515 ὅπως
2687 1448 2840 1507 ἴδωσι
2897 1451 2963 1508 τὰ
3023 1450 3163 1508 καλά
3208 1452 3353 1525 ὑμῶν
3407 1450 3532 1529 ἔργα
3597 1451 3685 1506 καὶ
3713 1446 3812 1506 δο-

2144 1535 2337 1603 ξάσωσι
2380 1541 2473 1596 τὸν
2510 1540 2714 1619 Πατέρα
2742 1541 2890 1614 ὑμῶν
2921 1542 3013 1597 τὸν
3038 1539 3094 1596 ἐν
3123 1553 3242 1603 τοῖς
3266 1539 3537 1618 οὐρανοῖς.
3569 1563 3591 1596 υ
3632 1540 3812 1604 «Aab:

2142 1622 2196 1681 δὲ
2222 1626 2294 1691 εἰς
2325 1628 2662 1706 περιποίησιν
2726 1653 2745 1683 ι
2785 1629 2899 1685 ἀντι
2930 1636 3024 1687 τοῦ
3053 1630 3127 1692 εἰς
3159 1633 3371 1700 κτῆσιν,
3405 1627 3524 1695 ἦτοι
3556 1628 3628 1693 εἰς
3654 1625 3807 1693 κλη-

2143 1717 2409 1794 ρονομίαν,
2446 1717 2643 1781 Πάντες
2708 1718 2806 1794 μὲν
2852 1719 2953 1798 γὰρ
2995 1718 3193 1793 κτίσμα
3264 1725 3417 1780 Θεοῡ.
3496 1721 3689 1790 Κτῆμα
3719 1714 3793 1783 δὲ.¹

396 1807 713 1904 access-it“
740 1808 864 1904 _hoc
893 1816 985 1873 est
1012 1806 1075 1869 in
1106 1804 1549 1904 possessionem
1581 1806 1705 1867 sive
1743 1806 2057 1871 haeredita-

2154 1804 2482 1904 adv0t0l'8tr‘z
2512 1808 2612 1873 τῆς
2661 1808 2861 1865 ἑαυτῶν
2903 1807 3249 1886 ἀγαΰοεργίας
3313 1806 3498 1864 τούτου
3558 1803 3809 1879 ἠξιωμέ-

394 1895 857 1981 tem.Siquidem
890 1915 1103 1959 omnes
1132 1902 1274 1957 sunt
1291 1893 1400 1956 Dei
1423 1901 1715 1957 creatura.
1757 1897 2061 1981 possessio

397 2005 539 2049 vero
586 1979 701 2048 soli
721 1985 765 2048 ii
794 1985 896 2068 qui
925 2004 1033 2048 sua
1060 1982 1411 2068 operatione
1439 1982 1554 2045 hoc
1584 1981 1876 2047 beneficio
1900 1979 2064 2067 digni

399 2083 539 2139 sunt
564 2073 775 2142 habiti.
812 2075 924 2141 «Ut
950 2074 1199 2137 virtutes
1228 2071 1619 2136 annuntietis.
1653 2098 1681 2128 ι
1716 2072 2063 2156 Propterea,

396 2163 623 2246 inquit,
676 2163 853 2226 electi
915 2163 1089 2237 estis,
1153 2170 1219 2224 ut
1269 2179 1380 2244 per
1438 2159 1845 2224 obedientiam
1904 2162 2066 2225 dica-

403 2252 549 2315 mini
580 2250 913 2334 "praecones
966 2250 1203 2315 virtutis
1289 2252 1421 2331 ejus
1500 2249 1603 2332 qui
1655 2250 1885 2314 vocavit
1935 2271 2064 2314 vos.

410 2340 688 2417 «Dilecti,
719 2339 994 2404 obsecro.
1010 2339 1248 2405 sSeries
1269 2340 1383 2402 hoc
1406 2339 1584 2401 modo
1608 2339 1902 2402 sumenda
1931 2348 2021 2403 est
2046 2364 2061 2403 :

400 2428 902 2499 Dilecti.obsecro
919 2449 1022 2492 vos
1044 2439 1321 2511 tanquam
1345 2428 1605 2491 advenas
1630 2435 1693 2491 et
1722 2429 2068 2510 peregrinos

400 2520 608 2583 mundi
624 2520 829 2602 hujus,
861 2528 927 2583 ut
948 2518 1304 2583 abstineatis
1323 2537 1358 2581 a
1379 2517 1723 2581 carnalibus
1752 2518 2065 2600 concupis-

400 2608 639 2683 centiis,
673 2607 806 2691 quaé
858 2609 1115 2672 militant
1172 2608 1458 2670 adversus
1490 2607 1749 2671 animam
1780 2621 2057 2671 vestram.

400 2698 585 2785 Moris
635 2706 727 2761 est
777 2716 1038 2781 namque
1082 2696 1557 2781 praeceptoribus
1617 2708 1753 2779 post
1781 2697 2069 2762 doctrinae

401 2806 742 2852 sermonem
792 2786 1082 2853 inducere
1124 2805 1259 2850 eum
1292 2786 1395 2868 qui
1426 2785 1499 2849 ad
1532 2804 1733 2850 mores
1765 2786 2061 2868 pertinet:

408 2877 567 2962 quod
588 2895 749 2940 nunc
788 2877 970 2939 etiam
1019 2876 1160 2940 facit
1181 2874 1391 2938 beatus
1411 2875 1533 2947 hic,
1567 2875 1874 2957 appellans
1902 2876 2065 2958 ipsos

407 2969 742 3048 ἀγαπητούς,
790 2966 849 3029 id
862 2975 975 3044 est,
1008 2964 1261 3030 dilectos
1282 2965 1406 3029 sive
1429 2964 1624 3046 potius
1653 2964 1977 3046 diligibiles
2007 2975 2064 3029 et

404 3055 655 3130 amicos,
708 3064 769 3120 et
816 3073 937 3117 non
994 3055 1403 3136 ἇγαπωμένους,
1464 3052 1527 3116 id
1583 3064 1697 3129 est,
1761 3063 2123 3141 utcunquec

409 3143 665 3207 dilectos
692 3161 707 3207 :
734 3146 982 3225 propter
1015 3143 1218 3206 omnia
1245 3152 1502 3224 namque
1527 3150 1667 3204 sunt
1689 3141 2064 3205 desiderabi-

411 3233 501 3297 les
528 3232 840 3315 :quienim
872 3231 949 3295 ob
979 3252 1164 3296 unum
1197 3232 1421 3314 aliquid
1453 3231 1882 3294 desiderabiles
1904 3238 2062 3310 sunt,

409 3319 757 3402 ἀγαπώμενοι
801 3322 1232 3399 dicuntur,non
1276 3323 1564 3402 ἀγαπητοί.
1621 3321 1761 3383 498
1789 3320 2071 3386 Carnales

408 3406 549 3474 vero
606 3410 1124 3492 csncupiscentias
1155 3410 1415 3473 militare
1449 3408 1596 3472 dicit
1626 3409 1911 3472 adversus
1934 3410 2063 3473 ani-

411 3519 593 3573 mam,
653 3499 1139 3582 quandoquidem
1165 3501 1334 3581 juxta
1374 3498 1615 3562 beatum
1646 3518 1884 3581 quoque
1912 3498 2067 3562 Pau-

413 3591 539 3654 lum
555 3590 784 3667 30,caro
819 3589 1191 3673 concupiscit
1217 3590 1501 3653 adversus
1530 3589 1829 3671 spiritum.
1863 3588 2071 3652 Carnis

414 3698 673 3763 namque
703 3680 1207 3761 concupiscentiae
1234 3678 1394 3742 circa
1431 3677 1805 3741 sensibilium
1837 3679 2070 3743 fruitio-

417 3778 895 3845 nemversantes,
932 3769 1226 3833 rationem
1257 3768 1656 3844 confundunt,
1687 3768 2071 3851 animamque

415 3858 692 3929 servilem
708 3854 995 3923 efﬁciunt.
1024 3858 1527 3939 Obsecroautem,
1553 3856 1833 3938 inquit.et
1850 3859 1985 3934 hoc,
2010 3867 2074 3921 ut

415 3948 931 4035 conversationem
989 3957 1249 4012 vestram
1276 3946 1544 4010 habeatis
1575 3946 1887 4009 honestam
1919 3947 2075 4009 inter

408 4050 640 4123 gentes.
694 4037 1191 4122 Transsumptum
1251 4046 1342 4100 est
1386 4044 1583 4100 autem
1639 4036 1811 4118 ἔχειν,
1872 4037 1928 4099 id
1959 4045 2070 4113 est,

411 4124 658 4199 habere.
693 4147 799 4210 pro
844 4128 1091 4210 ἔχοντες,
1123 4126 1184 4189 id
1209 4133 1321 4200 est,
1355 4125 1669 4190 habentes.
1702 4123 2075 4189 Obtrectato-

409 4237 511 4282 res
557 4226 754 4280 autem
802 4216 977 4281 nobis
1034 4215 1265 4278 inducit
1294 4214 1602 4278 Ethnicos.
1636 4213 1806 4287 Quod
1854 4215 1904 4277 si
1935 4215 2072 4296 quis

2147 1915 2252 1955 νοι.
2292 1913 2323 1953 (
2380 1894 2551 1960 Ὀπως
2594 1897 2687 1959 τὰς
2718 1896 2907 1973 ἀρετὰς
2970 1894 3345 1974 ἐξαγγέλλητε.
3400 1917 3424 1951 ι
3480 1894 3579 1950 Διά
3620 1903 3805 1968 τοῦτο,

2148 1983 2333 2063 φησὶν,
2394 1981 2692 2063 ἒξελέγητε,
2759 1983 2906 2049 ὅπως
2964 1982 3049 2040 διὰ
3101 1989 3201 2051 τῆς
3246 1982 3554 2049 εὗπειθείας,
3587 1979 3671 2037 διὰ
3699 1987 3812 2038 τῶν

2155 2071 2372 2150 ἀγαθῶν
2416 2073 2563 2149 ὑμῶν
2594 2073 2782 2153 ἔργων,
2816 2074 3039 2152 κήρυκες
3098 2095 3140 2154 χ
3145 2073 3474 2149 ρηματίσητε
3516 2076 3614 2138 τῆς
3672 2069 3803 2150 ἀρε-

2148 2165 2253 2228 τῆς
2281 2161 2375 2218 τοῦ
2402 2159 2722 2227 καλέσαντος
2777 2165 2912 2229 ὑμᾶς
2965 2187 2992 2217 ι
3026 2160 3350 2241 Ἀγαπιιτοὶ,
3410 2158 3725 2239 παρακαλῶ.
3771 2182 3798 2218 ι

2148 2251 2220 2308 Τὸ
2251 2248 2372 2319 ἑξῆς
2405 2250 2570 2315 οὕτως
2594 2269 2609 2283 ⁸
2641 2251 2959 2331 Ἀγαπητοὶ,
2991 2250 3284 2332 παρακαλῶ
3326 2252 3463 2327 ὑμᾶς
3488 2251 3561 2311 ὡς
3605 2248 3804 2327 παροί-

2147 2360 2271 2402 κους
2326 2339 2476 2403 ὄντας
2559 2343 2648 2398 καὶ
2707 2340 3108 2421 παρεπιδήμους
3165 2343 3258 2398 τοῦ
3332 2341 3534 2413 κόσμου
3586 2337 3803 2411 τούτου,

2150 2427 2444 2509 ἀπέχεσθαι
2500 2436 2604 2486 τῶν
2661 2436 2926 2509 σαρκικῶν
3019 2430 3328 2504 ἐπιθυμιῶν,
3385 2426 3587 2492 αἵτινες
3632 2447 3805 2505 στρα-

2147 2517 2384 2574 τεύονται
2411 2519 2548 2575 κατά
2590 2520 2688 2586 τῆς
2720 2520 2903 2599 ψυχῆς
2935 2520 3107 2595 ὑμῶν.
3136 2509 3312 2581 ’Ἐθος
3370 2519 3470 2596 γὰρ
3540 2514 3649 2571 ἐστι
3680 2527 3804 2577 τοῖς

2151 2603 2490 2671 διδασκάλοις
2523 2609 2657 2684 μετά
2700 2612 2789 2665 τὸν
2820 2607 3143 2687 δογματικὸν
3213 2607 3395 2687 λόγον,
3469 2608 3558 2662 τὸν
3617 2604 3806 2671 ἠθικὸν

2152 2699 2401 2777 εἰσάγειν,
2452 2688 2529 2758 H0
2561 2702 2649 2758 καὶ
2703 2708 2787 2758 νῦν
2818 2704 2846 2758 ὁ
2899 2702 3156 2780 μακάριος
3215 2704 3363 2764 οὗτος
3409 2711 3577 2757 ποιεῖ.
3626 2693 3805 2776 Ἀγα-

2150 2789 2350 2855 πητοὺς
2421 2786 2476 2845 δὲ
2530 2791 2740 2871 αὐτοὺς,
2813 2796 2902 2850 οὖν
2972 2791 3357 2868 ἀγαπωμένους
3440 2787 3621 2850 καλεῖ,
3698 2785 3805 2841 Λιόι

2148 2876 2320 2933 πάντα
2362 2878 2458 2959 γόρ
2486 2880 2613 2935 εἰσιν
2668 2879 3006 2946 ἒπιπόθητοι.
3050 2881 3109 2935 Οἱ
3166 2881 3264 2959 γὰρ
3329 2876 3413 2934 διὰ
3458 2899 3533 2955 τι,
3579 2873 3802 2955 ἀγαπώ-

2146 2987 2295 3041 μενοι
2327 2965 2592 3047 λὲγονται,
2625 2968 2720 3027 οὒκ
2787 2969 3078 3048 ἀγαπητοί.
3137 2970 3232 3038 Τὰ,
3290 2967 3344 3024 δὲ
3385 2967 3636 3035 σαρκικας
3667 2963 3800 3020 ἐπι-

2144 3055 2329 3131 Θυμίας
2378 3059 2742 3135 στρατεύεσθαί
2798 3082 2929 3139 φησι
2998 3060 3132 3115 κατά
3185 3064 3282 3127 τῆς
3331 3062 3536 3137 ψυχῆς,
3596 3055 3797 3111 ἐπείτοι

2145 3146 2235 3201 καὶ
2287 3147 2421 3203 κατά
2478 3148 2569 3203 τὸν
2629 3148 2887 3226 μακάριον
2975 3147 3201 3221 Παῦλον,
3261 3150 3296 3216 ἡ
3366 3144 3489 3225 σὰρξ
3549 3144 3802 3219 ἐπιθυμετ

2146 3236 2283 3291 κατά
2325 3245 2418 3295 τοῦ
2471 3237 2796 3313 πνεύματος,
2854 3240 2915 3294 Αἱ
2977 3238 3076 3317 γὰρ
3130 3243 3229 3304 τῆς
3277 3238 3471 3315 σαρκὸς
3530 3234 3801 3307 ἐπιθυμίαι

2148 3325 2266 3405 περί
2296 3326 2392 3390 τὴν
2421 3325 2713 3382 ἀπόλαυσιν
2759 3326 3105 3406 στρεφόμεναι
3158 3332 3265 3383 τίυν
3325 3327 3607 3398 αἰσθητῶν,
3667 3344 3802 3379 συν-

2149 3411 2359 3471 θολοῦσι
2400 3415 2493 3470 τὸν
2540 3413 2818 3494 λογισμὸν,
2873 3417 2961 3473 καὶ
3029 3412 3403 3495 ἀνδραποδώδη
3454 3413 3551 3481 τὴν
3611 3412 3801 3492 ψυχὴν

2153 3505 2489 3567 ἀποτελοῦσι.
2525 3507 2839 3587 Παρακαλῶ
2869 3507 2945 3578 δὲ,
3005 3508 3156 3587 φησὶ,
3212 3509 3302 3564 καὶ
3370 3508 3542 3578 τοῦτο,
3600 3505 3697 3573 τὴν
3742 3503 3802 3560 ἐν

2151 3609 2270 3659 τοῖς
2312 3595 2509 3652 ἔθνεσιν
2538 3597 2684 3672 ὑμῶν
2728 3597 3058 3677 ἀναστροφήν
3088 3596 3237 3677 ’ἐχειν
3265 3593 3456 3666 καλήν.
3520 3593 3805 3660 Μεναιλη-

2154 3708 2280 3742 πται
2338 3687 2437 3765 γὰρ
2503 3687 2565 3742 τὸ
2618 3684 2764 3767 ἔχειν
2837 3688 2909 3750 εἰς
2968 3689 3029 3743 τὸ
3115 3684 3356 3766 ἔχοντες.
3431 3680 3803 3745 Καταλοῧντας

2153 3772 2207 3830 δὲ
2236 3774 2434 3851 εἰσάγει
2462 3776 2616 3849 ἠμῦν
2664 3776 2785 3839 τοὺς
2852 3775 3107 3838 ἐθνικούς.
3172 3777 3269 3834 Καὶ
3324 3772 3376 3830 εἴ
3417 3793 3497 3837 τις
3556 3769 3805 3849 βούλεται

2152 3865 2306 3920 τοῦτο
2347 3867 2560 3940 μαθεῖν,
2594 3865 2654 3921 ἐκ
2706 3872 2813 3921 τῶν
2873 3865 3132 3945 Εἰρηναίῳ
3194 3871 3271 3935 τῷ
3332 3861 3651 3941 Λουγδούνου
3702 3865 3805 3925 τῆς

2159 3950 2418 4020 Κελτικῆς
2464 3953 2759 4027 ἐπισκόπυρ,
2795 3957 2913 4033 περὶ
2942 3955 3183 4030 Σάγκτου
3239 3954 3326 4010 καὶ
3383 3949 3668 4033 Βλᾷανδίνης
3696 3957 3809 4006 τῶν

2157 4041 2432 4121 μαρτύρων
2457 4042 2761 4124 γραφέντων
2834 4031 2989 4119 μάθοι
3034 4041 3095 4099 ἄν
3137 4039 3387 4121 ἀκριϐῶς,
3452 4031 3544 4103 ’δὶς
3603 4037 3657 4095 δὲ
3719 4035 3808 4094 διὰ

2157 4130 2402 4211 βραχέων
2489 4132 2831 4206 παραθέσθαι,
2879 4131 2988 4188 ἔστι
3046 4138 3253 4188 ταῦτα“
3322 4135 3646 4206 Χριστιανῶν
3704 4128 3807 4206 γὰρ

2153 4219 2578 4300 κατηχουμένων
2640 4218 2849 4286 δούλους
2913 4211 3185 4289 υΕλληνες
3255 4216 3626 4296 συλλαϐόντες,
3680 4217 3808 4273 εἶτα

419 4307 689 4400 velit‘hoc
710 4305 977 4400 discere,
987 4324 1070 4400 ex
1091 4305 1186 4400 his
1207 4323 1338 4388 quae
1358 4304 1574 4400 scripta
1599 4312 1738 4365 sunt
1754 4303 2069 4400 ablrenaeo

2159 4314 2345 4385 μαθεῖν
2378 4334 2428 4368 τι
2486 4314 2627 4390 παρά
2668 4315 2866 4370 τούτων
2924 4312 3079 4381 δῆθεν
3135 4311 3432 4392 ἀπόρρητον
3488 4312 3605 4389 περὶ
3677 4317 3804 4387 Χριο

417 4396 833 4482 Lugdunensis
853 4393 1057 4459 Galliae
1074 4394 1356 4475 episcopo
1372 4392 1448 4455 de
1469 4390 1766 4482 Sanctoet
1786 4392 2071 4456 Blandiua

2159 4407 2383 4457 στιανῶν
2441 4402 2846 4482 ἀναγκάζοντες,
2894 4405 2939 4459 οἱ
3025 4401 3198 4460 δοῦλοι
3246 4390 3388 4459 οὗτοι
3448 4400 3525 4477 μὴ
3585 4397 3807 4478 ἕχον-κς

412 4480 1021 4565 martyribus,licebit
1052 4491 1264 4547 exacte
1286 4480 1752 4560 cognoscerem
1784 4490 1981 4545 autem
2011 4482 2074 4545 in

417 4574 684 4637 medium
748 4572 1030 4635 brevibus
1078 4578 1509 4654 proponantur,
1543 4571 1669 4632 haec
1691 4580 1873 4634 sunt:
1931 4570 2075 4634 Cum

416 4664 578 4727 enim
596 4662 787 4727 Graeci
808 4679 1012 4725 servos
1034 4661 1246 4723 horum
1271 4659 1745 4721 Christianorum
1768 4659 1828 4722 in
1863 4659 2079 4722 divinis

419 4751 718 4833 mysteriis
748 4752 1097 4815 edoctorum
1126 4747 1690 4830 apprehendissent,
1719 4748 1941 4811 deinde
1962 4749 2079 4811 vim

413 4838 804 4919 inferrent,ut
829 4839 1107 4903 videlicet
1137 4856 1420 4900 arcanum
1450 4836 1756 4917 quidpiam
1787 4837 1860 4899 ab
1887 4835 1981 4900 his
2003 4838 2079 4901 de

421 4928 777 4994 Christianis
799 4928 1145 4992 discerent:
1179 4945 1314 4991 cum
1348 4926 1412 4989 hi
1453 4925 1609 4988 servi
1643 4944 1759 4988 non
1792 4926 2087 5001 haberent

419 5019 720 5103 quomodo
776 5019 892 5081 vim
947 5016 1350 5103 inferentibus
1405 5016 1478 5078 ad
1536 5015 1993 5079 delectationem
2027 5028 2087 5080 et

419 5112 668 5195 gratiam
704 5111 1116 5194 loquerentur,
1146 5117 1539 5192 praeterquam
1568 5108 1725 5192 quod
1764 5126 1796 5169 a
1826 5108 2085 5172 dominis

419 5199 737 5265 audierant
764 5201 1024 5263 divinam
1050 5197 1533 5262 'communionsm
1568 5216 1701 5262 esse
1730 5199 2080 5277 sanguinem

422 5300 485 5381 et
506 5307 735 5381 corpus
752 5288 995 5366 Christi,
1016 5287 1438 5381 existimantes
1464 5285 1580 5368 ipsi
1596 5287 1921 5381 quodvere
1942 5305 2084 5381 san-

421 5372 554 5461 guis
583 5372 641 5442 et
662 5397 801 5463 caro
824 5379 1129 5460 esset,hoc
1150 5376 1593 5459 responderunt
1611 5375 2074 5458 inquirentibus.

535 5485 677 5535 vero
696 5466 757 5531 id
784 5475 1115 5556 sumentes,
1146 5474 1425 5548 tanquam
1448 5465 1647 5549 reipsa
1676 5465 1790 5528 hoc
1823 5483 2075 5547 perage-

498 5628 564 5683 ss
587 5627 765 5695 Osee.
799 5645 866 5707 ιι,
901 5629 922 5694 1
965 5645 1133 5712 seqq.
1220 5625 1283 5680 i9
1310 5626 1517 5692 Matth.
1552 5645 1609 5704 v,
1646 5626 1745 5692 16.
1829 5626 1894 5678 30
1922 5627 2119 5727 Galat.

2156 4495 2271 4556 πῶς
2296 4491 2358 4546 τὸ
2392 4505 2510 4554 τοῖς
2561 4492 2910 4570 ἀναγκάζουσι
2954 4490 3067 4549 καθ’
3124 4490 3319 4560 ἡδονὴν
3362 4489 3526 4571 ἐρεῖν,
3574 4487 3805 4567 παρόσον

2158 4577 2350 4637 ’ἤκουον
2382 4586 2487 4636 τῶν
2516 4579 2805 4651 δεσποτῶν,
2841 4583 2938 4650 τὴν
2991 4582 3133 4638 θείαν
3190 4578 3491 4657 μετάληψιν
3547 4577 3689 4651 αἷμα
3718 4578 3808 4633 καὶ

2162 4673 2318 4744 σῶμα
2346 4681 2484 4725 εἶναι
2520 4677 2593 4749 Χρ
2618 4670 2766 4750 στοῦ,
2807 4670 2951 4728 αὗτοὶ
3016 4671 3321 4746 νομίσαντες
3376 4676 3454 4743 τῷ
3502 4665 3612 4723 ὄντι
3668 4669 3809 4740 αἷμα

2163 4758 2252 4814 καὶ
2275 4758 2441 4837 σάρκα
2484 4758 2648 4831 εἶναι,
2683 4767 2837 4817 τοῦτο
2865 4760 3074 4826 ἐξεῖπον
3102 4772 3220 4822 τοῖς
3274 4758 3572 4829 ἐκζητοῦσι.
3634 4757 3693 4813 Ol.
3753 4753 3808 4811 δὲ

2166 4844 2415 4911 λαϐόντες
2445 4849 2518 4911 ὡς
2563 4851 2882 4930 αὐτόχρημα
2924 4850 3078 4908 τοῦτο
3129 4847 3398 4905 τελεῖσθαι
3450 4853 3781 4925 Χριστιανοτς

2166 4937 2255 4992 καὶ
2286 4936 2351 5004 δὴ
2382 4948 2535 4997 τοῦτο
2578 4952 2694 5003 τοῖς
2723 4929 2919 5003 ἀλλοις
2980 4929 3250 5005 ’Ἓλλησιν
3295 4934 3674 5011 ἐξεπόμπενον,
3712 4936 3810 4990 Καὶ

2170 5026 2289 5089 τοὺς
2372 5028 2633 5107 μάρτυρας
2694 5029 2932 5106 Σάγιιτον
2987 5032 3077 5086 καὶ
3150 5025 3427 5084 Βλανδίναν
3479 5022 3809 5099 ὁμολογῆσαι

2166 5113 2251 5172 διὰ
2285 5117 2526 5193 βασάνων
2556 5118 2875 5197 ἠνάγκαζον,
2929 5123 3026 5184 Οἷς
3072 5117 3342 5196 εὖστόχως
3377 5111 3625 5171 Βλανδίνα
3655 5108 3811 5189 ἐπαῤ-

2163 5205 2481 5281 ῥησιάσατο,
2517 5207 2638 5270 Πῶς
2691 5206 2777 5281 ἂν,
2839 5210 3078 5279 εἰποῦσα,
3163 5207 3359 5262 τεύτων
3416 5202 3737 5281 ἀνάσχοιντο
3767 5202 3811 5255 οἱ

2163 5293 2291 5368 μηδὲ
2326 5300 2432 5351 τῶν
2455 5295 2743 5377 ἐφειμένων
2785 5303 2951 5376 κρεῶν
3021 5295 3092 5352 δι’
3137 5294 3360 5361 ἆσκησίν
3415 5290 3809 5367 ἀπολαύοντες,

2165 5377 2394 5463 Ἠμὲραν
2446 5383 2502 5441 δὲ
2571 5385 2893 5465 ἐπισκοπῆς,
2965 5391 3060 5455 τὴν
3130 5384 3265 5441 κατά
3320 5382 3521 5457 κόσμον
3584 5378 3813 5445 ἐξέτασιν

2161 5473 2338 5533 καλεῖ.
2389 5472 2709 5541 Ἐξετάσεως
2739 5477 2839 5557 γὰρ
2870 5474 2957 5533 ὑπ’
2990 5475 3160 5532 αὒτῶν
3204 5480 3294 5531 τοῦ
3325 5472 3436 5550 βίου
3473 5472 3628 5546 ἡμῶν
3658 5491 3811 5549 γινο-

2152 5634 2344 5713 ν,17.
