4136 6414
422 405 542 471 539

1539 405 1956 471 CECUMENII
2001 396 2300 465 TRICCE
2335 402 2672 467 EPISCOPI

3703 401 3822 467 540

404 543 747 607 incredulos
777 541 1090 623 pudefacit.
1125 540 1273 605 Cum
1321 541 1481 602 enim
1538 539 1939 621 obloquuntur
2006 534 2077 595 de

2171 539 2256 602 οἷς
2286 535 2388 610 δεῖ,
2422 537 2625 612 μᾶλλον
2653 551 2901 618 φιμοῒντο
2962 539 3053 595 καὶ
3109 540 3569 623 καταισχύνοιντο.
3632 562 3661 593 ι
3724 529 3814 603 Ὠς

409 633 580 696 nobis
630 642 905 713 tanquam
938 631 1014 694 de
1042 630 1469 708 arrogantibus
1521 639 1580 691 et
1625 626 2081 690 contumacibus

411 742 479 783 ac
508 720 1284 797 inobedientibus,videndo
1310 738 1418 780 nos
1454 727 1511 780 et
1533 718 1790 779 humiles
1820 725 1876 778 et
1899 715 2079 778 obse-

413 822 665 893 quentes
694 811 754 872 in
792 811 1008 891 quibus
1037 816 1266 891 oportet
1299 808 1535 869 illorum
1562 826 1665 868 ora
1690 806 1880 885 magis
1910 804 2081 866 obtu-

409 910 617 962 rantur
644 920 712 963 ac
745 900 1072 980 pudefiunt.
1112 923 1138 954 ι(
1174 896 1480 978 Tanquam
1513 895 1712 957 liberi.
1751 895 1911 958 Ordo
1942 894 2074 955 talis

414 998 540 1051 est:
569 987 833 1069 Subjecti
872 996 1056 1049 estote
1089 994 1364 1067 tanquam
1400 985 1593 1055 liberi,
1632 995 1691 1047 et
1724 1002 1840 1044 non
1893 981 2074 1043 veluti

416 1085 764 1158 praetextum
794 1077 1084 1139 habentes
1115 1075 1351 1137 malitiae
1372 1074 1733 1153 libertatem,
1768 1072 1871 1135 sed
1896 1072 2074 1135 etiam

413 1175 695 1246 tanquam
725 1167 878 1228 servi
913 1164 1168 1228 DeiNec
1231 1167 1424 1226 solum
1487 1163 1811 1243 principes,
1851 1162 1955 1223 sed
2017 1171 2075 1223 et

416 1273 630 1317 omnes
660 1257 984 1318 honorate:
1008 1254 1441 1316 fraternitatem
1470 1251 1711 1334 quidem
1731 1250 2069 1329 diligentes,

416 1343 603 1406 Deum
635 1362 775 1405 vero
806 1345 1105 1418 timentes,
1141 1360 1466 1422 regemque
1506 1342 1888 1402 honorautes.
1926 1338 2073 1399 [llud

416 1443 635 1507 autem,
665 1432 965 1513 Tanquam
1000 1431 1196 1503 liberi,
1228 1429 1492 1493 Joannes
1528 1432 1975 1510 Chrysostomus
1999 1427 2077 1488 ita

413 1522 744 1595 explicavit.
779 1523 985 1584 dicens
1016 1541 1029 1585 :
1066 1524 1157 1586 Ne
1207 1520 1431 1592 dicant,
1498 1518 1752 1581 Liberali
1807 1536 2015 1579 sumus
2043 1536 2076 1578 a

417 1611 942 1686 mundo,c(elestes
964 1612 1121 1673 cives
1145 1610 1281 1673 facti
1317 1627 1522 1672 sumus
1556 1617 1614 1671 et
1632 1616 1690 1669 tu
1715 1625 1823 1668 nos
1838 1624 2073 1668 rursum

412 1699 660 1780 subjicis
712 1700 1103 1782 principibus,
1132 1706 1191 1760 et
1225 1699 1474 1761 obedire
1499 1697 1730 1778 jubes?
1764 1706 2077 1777 propterea

3125 617 3456 705 ’Υποτάγητε
3500 630 3572 694 ὡς
3614 626 3815 684 ἐλεύθε-

2163 735 2263 793 ροι,
2297 716 2384 772 καὶ
2417 716 2495 790 μὴ
2539 716 2613 778 ὠς
2671 714 3014 791 ἐπικάλυμμα
3063 715 3283 796 ἔχοντες
3325 722 3426 784 τῆς
3468 721 3658 780 κακίας
3713 715 3811 783 την

2162 801 2474 881 ἐλευθερίαν,
2536 801 2671 859 ἀλλά
2712 805 2801 861 καὶ
2856 806 2930 866 ὡς
2975 802 3150 862 δοῦλοι
3208 811 3359 878 Θεοῦ,
3404 807 3491 873 Μὴ
3522 828 3681 881 μονον
3714 803 3811 884 ἅρ-

2162 914 2385 971 χοντας,
2431 891 2567 948 ἀλλὰ
2597 894 2683 948 καὶ
2739 893 2940 957 πάντας
2984 894 3267 969 τιμήσατε,
3328 894 3425 961 τὴν
3480 893 3810 973 ἀδελφότητα

2157 980 2254 1056 μὲν
2284 980 2621 1051 ἀπαπῶντες,
2668 983 2758 1038 τὸν
2801 980 2856 1037 δὲ
2917 984 3046 1038 Θεὸν
3098 979 3430 1063 φοϐούμενοι,
3477 984 3568 1040 τὸν
3611 981 3664 1039 δὲ
3707 984 3810 1060 βα-

2157 1068 2308 1126 σιλέα
2334 1077 2616 1145 τιμῶντες.
2650 1073 2721 1129 Τὸ
2754 1068 2834 1150 δὲ,
2872 1062 2962 1136 Ὠς
3012 1062 3291 1150 ἐλεύθεροι,
3439 1072 3535 1148 μὲν
3585 1078 3813 1153 χρυσοῦς

2156 1158 2409 1226 Ἰωάννης
2440 1159 2603 1223 οὕτως
2636 1159 2913 1226 ἀνέπτυξεν
2972 1162 3156 1241 εἰπὼν,
3212 1158 3292 1217 ὅτι
3354 1151 3478 1220 οἸνα
3521 1151 3810 1240 μήτλὲγω-

2157 1270 2261 1324 σιν,
2336 1247 2759 1329 ἐλευθερώθημεν
2794 1250 2917 1306 ἀπὸ
2978 1250 3073 1307 τοῦ
3115 1250 3340 1324 κόσμου,
3399 1248 3810 1330 οὗρανοπολτται

2156 1338 2469 1416 γεγόναμεν,
2534 1341 2622 1395 καὶ
2665 1340 2726 1395 σὺ
2782 1338 2942 1396 πάλιν
3001 1339 3314 1402 ὑποτάσσεις
3371 1342 3515 1415 ἡμᾶς
3558 1352 3677 1403 τοῖς
3722 1338 3815 1418 ἅρ-

2156 1449 2335 1506 χουσι,
2386 1429 2473 1484 καὶ
2524 1429 2799 1484 ὑπακούειν
2844 1428 3117 1507 προτρὲπη
3154 1447 3169 1508 ς
3204 1429 3387 1486 τούτου
3412 1430 3570 1508 χάριν
3599 1428 3758 1509 φησίν
3796 1447 3810 1459 ·

2160 1514 2337 1579 Οἶτως
2398 1515 2681 1573 ὑπακούετε
2739 1518 2812 1579 ὡς
2875 1515 3154 1596 ἐλεύθεροι,
3220 1516 3509 1588 τουτέστιν,
3571 1519 3645 1581 ὡς
3715 1539 3815 1572 πι-

2160 1606 2466 1669 στεύσαντες
2498 1613 2575 1680 τῷ
2629 1605 3056 1686 ἐλευθερώσανει,
3108 1608 3196 1662 καὶ
3270 1606 3618 1685 προστάξαντι
3661 1614 3818 1664 τοῦτο

2158 1707 2360 1756 ποιεῖν,
2405 1693 2554 1753 Οὕτω
2607 1696 2706 1774 γὰρ
2761 1699 2821 1753 οὖ
2863 1694 3035 1761 δόξετε
3098 1700 3195 1763 τῆς
3240 1697 3375 1752 κατὰ
3434 1697 3655 1773 γνώμην
3708 1717 3815 1751 κα-

2163 623 2445 705 ἐλεύθεροι.
2482 650 2508 680 ι
2566 627 2637 685 Τὸ
2693 625 2812 694 ἐξῆς
2844 625 3008 692 οὕτως
3043 643 3057 658 ⁸

412 1788 705 1851 dicitzlta
734 1788 971 1851 ob-dite
1023 1788 1190 1869 quasi
1225 1788 1422 1859 liberi,
1463 1788 1579 1849 hoc
1626 1795 1740 1859 est,
1794 1794 2070 1865 tanquam

2159 1783 2292 1855 κίας,
2346 1783 2605 1845 τουτέστι.
2660 1790 2752 1840 τοῦ
2804 1785 3046 1850 ἀπειθοεός
3074 1786 3163 1842 καὶ
3213 1784 3441 1851 ἀνηκόου
3486 1783 3633 1864 ἔχειν
3677 1807 3818 1863 προ-

414 1877 896 1957 obtemperantes
922 1877 977 1940 ei
1003 1878 1104 1959 qui
1129 1877 1430 1949 liberavit,
1465 1877 1659 1938 ethoc
1693 1876 1885 1936 faccre
1924 1892 2075 1952 prae-

411 1965 591 2046 cepit.
629 1966 708 2028 lta
756 1967 914 2028 enim
965 1987 1081 2028 non
1134 1966 1485 2029 videbimini
1520 1967 1579 2026 in
1613 1973 1810 2026 mente
1852 1962 2077 2024 habere

415 2056 793 2126 malitim,hoc
816 2066 927 2132 est,
952 2057 1377 2119 innbedientiaa
1418 2074 1487 2117 ac
1516 2053 2073 2136 impersuabilitaiis

416 2154 759 2226 praetextum
778 2147 965 2224 ipsam
986 2146 1606 2225 libertatem.prouter
1624 2163 1797 2225 quam
1828 2145 2077 2207 obedire

415 2235 935 2299 recusatis.Potest
956 2243 1153 2296 autem
1175 2245 1232 2296 et
1248 2237 1416 2316 juxta
1431 2235 1607 2295 aliam
1638 2235 2074 2296 consideratio-

420 2342 557 2386 nem
587 2324 707 2386 dici
737 2325 1039 2406 quidpiam
1072 2326 1148 2387 de
1173 2343 1244 2387 ea
1273 2344 1359 2387 re.
1389 2323 1565 2386 Liber
1593 2324 1919 2385 secundum
1955 2323 2071 2384 Do-

425 2413 652 2475 minum
676 2423 784 2488 est,
811 2415 910 2496 qui
934 2415 1079 2475 nulli
1111 2414 1386 2477 absurdae
1410 2413 1497 2474 rei
1524 2412 2080 2492 obtemperat.Quo-

422 2503 582 2564 niam
604 2522 745 2583 ergo
774 2505 835 2564 in
864 2503 1243 2565 simulatione
1268 2506 1442 2564 vitam
1474 2502 1802 2581 transigere
1835 2521 1952 2562 non
2001 2502 2078 2562 li-

427 2591 556 2653 beri
577 2601 688 2664 est,
723 2592 826 2654 sed
859 2594 988 2672 ejus
1014 2592 1116 2673 qui
1146 2592 1456 2654 affectibus
1487 2591 1788 2671 subjectus
1819 2601 1926 2665 est,
1957 2591 2080 2653 sive

430 2681 851 2743 assentationis
882 2681 1004 2743 sive
1033 2680 1291 2761 cujusvis
1320 2680 1563 2742 alterius
1588 2681 1777 2761 turpis
1808 2680 2076 2760 volupta-

430 2769 661 2833 tisziSOI
699 2779 939 2852 propter
963 2790 1094 2852 quae
1111 2770 1287 2832 etiam
1307 2770 1748 2832 simulationem
1769 2769 2080 2850 praetendit

430 2858 745 2939 quispiam,
782 2878 856 2922 ne
885 2859 944 2921 id
966 2868 1248 2941 appareat
1287 2858 1442 2940 quod
1465 2867 1576 2938 est,
1620 2867 1678 2919 et
1708 2857 1922 2938 quibus
1944 2876 2076 2919 ser-

430 2947 556 3009 vire
612 2948 891 3010 sustinuit
949 2950 1087 3019 (hoc
1145 2957 1342 3010 autem
1396 2955 1739 3009 extraneum
1788 2955 1846 3009 et
1898 2946 2077 3027 aEDei

426 3034 662 3099 famulis
679 3037 1266 3120 alienum),praecipit
1289 3056 1446 3099 nunc
1459 3036 1891 3116 subjectionem
1918 3037 2076 3116 prin-
2094 3070 2134 3121 ο

426 3126 683 3204 cipihus,
718 3128 873 3189 veris
910 3135 967 3189 et
1003 3147 1117 3189 non
1150 3127 1303 3190 ﬁctis
1353 3125 1615 3188 moribus
1673 3126 1965 3201 exhiberi,
2002 3144 2076 3186 ne

428 3233 536 3275 nos
584 3215 881 3278 hostiliter
922 3234 1061 3296 erga
1107 3216 1244 3278 illos
1290 3215 1577 3277 habentes
1607 3215 1771 3296 quasi
1809 3222 2071 3276 coactam

427 3303 814 3368 exhibeamus
855 3307 1290 3387 subjectionem
1323 3324 1340 3382 ;
1374 3322 1631 3386 cumque
1655 3305 1785 3366 talis
1807 3304 1983 3366 lateat
2014 3305 2073 3366 in

427 3390 601 3453 nobis
633 3394 877 3471 malitia,
910 3395 1066 3476 quod
1098 3403 1261 3458 certe
1278 3394 1579 3457 sincvrum
1606 3402 1693 3455 est
1712 3411 1780 3455 ac
1797 3393 2075 3467 sim-lex,

428 3481 716 3545 faciamus
740 3492 1084 3564 praetextum
1107 3503 1175 3546 ac
1205 3484 1598 3547 velamentum
1634 3501 2077 3563 morum,appa-

426 3582 657 3634 rentem
688 3572 1119 3653 subjectionem
1153 3573 1527 3648 exhibentes,
1554 3581 1612 3634 et
1641 3591 1759 3633 non
1793 3590 1923 3634 eam
1946 3590 2079 3653 qua;

427 3680 497 3723 ex
526 3663 738 3724 affectu
767 3662 1056 3744 procedit.
1080 3663 1301 3725 «Deum
1334 3663 1563 3726 timete.
1590 3688 1616 3718 ιο
1644 3661 1968 3726 Considera
1990 3660 2076 3722 di.

427 3753 733 3833 ligentiam
761 3755 1063 3837 quomodo
1096 3759 1218 3820 Deo
1251 3755 1523 3816 timorem
1574 3753 1719 3816 dicit
1769 3752 2070 3830 distribui,

419 3844 545 3923 regi
559 3846 694 3906 vero
713 3845 1096 3926 honorem,ut
1113 3844 1161 3906 si
1185 3844 1365 3905 timor
1386 3843 1504 3905 Deo
1519 3842 1861 3905 reddendus
1881 3842 2074 3923 sitqui

421 3939 614 4013 potest
643 3933 900 3994 animam
920 3941 980 3995 et
1003 3952 1224 4012 corpus
1241 3931 1955 4015 perdere”,nequaquam
1980 3949 2076 3993 re-

419 4021 592 4101 gibus
629 4021 1134 4103 obtemperemus,
1174 4041 1310 4084 cum
1359 4040 1468 4083 nos
1496 4021 1568 4083 ad
1600 4020 1823 4103 aliquid
1854 4019 2072 4082 absur-

2163 1872 2414 1948 κάλυμμα
2456 1875 2557 1941 τὴν
2605 1872 2917 1952 ἐλευθερίαν,
2977 1872 3048 1929 δι’
3089 1876 3156 1941 ἧς
3208 1874 3474 1930 ἀναῖνεσθε
3518 1875 3616 1941 τὴν
3672 1876 3816 1930 ὑπα-

2162 1965 2312 2032 κοήν,
2351 1952 2513 2020 ’Ἐστι
2547 1961 2599 2018 δὲ
2629 1965 2717 2020 καὶ
2758 1961 2874 2019 καθ’
2918 1962 3095 2041 ἑτέραν
3141 1960 3394 2033 ἐπιϐολήν
3442 1963 3583 2042 ἐρεῖν
3612 1985 3663 2019 τι
3695 1964 3819 2041 περὶ

2161 2052 2339 2112 α’›τοῦ.
2398 2052 2700 2132 Ἐλεύθερός
2761 2052 2872 2109 ἐστι
2933 2054 3067 2108 κατὰ
3112 2053 3322 2130 Κύριον,
3377 2054 3406 2109 ὁ
3462 2051 3646 2128 μηδενὶ
3710 2054 3820 2109 τῶν

2161 2140 2371 2197 ἀτόπων
2409 2141 2653 2197 ὑπείκων.
2716 2141 2864 2198 Ἐπεὶ
2923 2142 3093 2198 τοίνυν
3151 2142 3213 2197 τὸ
3272 2140 3326 2197 ἐν
3373 2141 3640 2220 ὑποκρίσει
3696 2138 3821 2197 δια-

2160 2227 2302 2285 ϐιουν
2331 2231 2426 2286 οὒκ
2457 2227 2748 2308 ἐλευθέρου,
2809 2227 2947 2285 ἀλλά
3001 2229 3220 2285 πάθεσιν
3278 2229 3647 2307 ὑποκειμένου,
3698 2228 3822 2296 ἤτοι

2159 2318 2455 2396 ἀρεσκείας,
2563 2339 2706 2381 τινος
2740 2316 2905 2385 ἄλλης
2952 2319 3181 2397 αἰσχρᾶς
3214 2314 3432 2391 ἡδονῆς,
3462 2316 3529 2374 δι’
3560 2318 3594 2375 ἃ
3620 2319 3708 2375 καὶ
3740 2318 3823 2392 μὴ

2158 2414 2312 2464 τοῦτο
2354 2408 2621 2485 φαίνεσθαι
2665 2405 2794 2486 ὅπερ
2833 2407 2947 2464 ὶστί
2988 2429 3069 2472 τις
3131 2407 3685 2486 κατασχηματίζεται,
3730 2410 3822 2470 οἷς

2162 2498 2249 2553 καὶ
2272 2494 2531 2552 δουλεύειν
2587 2496 2837 2576 ἀνέχεται
2900 2494 3062 2562 (ξένον
3115 2493 3169 2551 δὲ
3214 2505 3364 2554 τοῦτο
3406 2498 3493 2553 καὶ
3551 2502 3682 2552 Θεοῦ
3722 2498 3822 2552 θε-

2163 2588 2437 2663 ραπόντων
2508 2585 2803 2665 ἀλλότριον)
2861 2586 3175 2664 προστάττει
3234 2592 3320 2641 νῦν
3392 2586 3491 2654 τὴν
3543 2584 3824 2663 ὑποταγὴν

2160 2689 2276 2740 τοῖς
2352 2675 2604 2755 ἄρχουσιν
2663 2672 2714 2741 ἐξ
2785 2673 3014 2742 ἀληθοῦς
3085 2676 3173 2731 καὶ
3231 2672 3419 2731 ἀδόλου
3472 2673 3821 2732 ἐνδείκνυσθαι

2158 2765 2374 2845 τρόπου,
2424 2764 2560 2821 ἀλλὰ
2602 2765 2680 2839 μὴ
2711 2761 2977 2839 δυσμενῶς
3030 2762 3256 2843 ἔχοντας
3300 2764 3432 2843 πρὸς
3468 2764 3676 2837 αὑτοὺς,
3739 2765 3820 2829 ὡς

2159 2853 2674 2933 κατηναγκασμένην
2744 2854 2842 2921 τὴν
2912 2854 3153 2921 ὑπακοὴν
3224 2853 3483 2931 ἐνεργεῖν,
3563 2854 3650 2910 καὶ
3713 2857 3819 2923 τῆς

2158 2945 2405 3010 τοιαύτης
2450 2943 2861 3022 ὑποικουροῦσης
2913 2943 3049 3017 ἡμῖν
3090 2943 3272 3015 κακία,
3332 2943 3393 2998 τὸ
3450 2939 3639 2999 ἄδολον
3706 2940 3816 3010 δῆ-

2158 3036 2243 3090 θεν
2283 3035 2371 3089 καὶ
2412 3031 2623 3090 ’ἁπλοῦν
2678 3040 2770 3089 τοῦ
2827 3031 3023 3110 τρόπον
3079 3033 3345 3088 ποιεῖσθαι
3424 3029 3812 3110 προκάλυμμα,

2158 3122 2479 3205 φαινομένην
2509 3123 2606 3188 τὴν
2635 3123 2929 3199 ὑποταγὴν,
2976 3118 3095 3176 ἀλλ’
3143 3122 3265 3199 οὖχὶ
3294 3121 3383 3176 καὶ
3424 3119 3485 3175 ἐκ
3528 3117 3813 3186 διαθέσεως

2155 3214 2349 3281 ταύτην
2393 3212 2784 3274 ἐπιτελοῦντας.
2839 3231 2864 3265 ε
2902 3211 3002 3269 Τὸν
3038 3211 3165 3266 Θεὸν
3209 3207 3477 3290 φοϐεῖσθε,
3519 3233 3542 3265 ι
3606 3210 3810 3266 Σκόπει

2154 3304 2248 3359 τὰν
2291 3298 2576 3379 ἀκρίέειαν,
2610 3304 2725 3364 πῶς
2761 3318 2774 3332 ·
2832 3305 2910 3373 τῷ
2964 3298 3060 3375 μὲν
3117 3304 3232 3373 Θεῷ
3287 3299 3377 3379 τδν
3427 3296 3587 3377 φόὸον
3647 3299 3814 3378 φησὶν

2160 3377 2470 3466 ἀπονέμειν,
2500 3395 2578 3463 τῷ
2606 3386 2822 3466 βασιλεῖ
2849 3386 2903 3443 δὲ
2933 3388 3033 3456 τὴν
3078 3389 3263 3463 τιμήν.
3297 3377 3470 3443 υδὶστε
3502 3388 3547 3443 εἰ
3588 3377 3671 3462 τῷ
3696 3393 3818 3462 Θεῷ

2160 3482 2248 3538 τὸν
2290 3476 2450 3561 φόϐον
2489 3476 2852 3552 ἀπονεμητέον
2897 3484 2974 3552 τῷ
3032 3475 3302 3553 δυναμένῳ
3343 3476 3430 3533 καὶ
3501 3475 3689 3553 ψυχὴν
3727 3478 3824 3533 καὶ

2159 3577 2316 3645 σῶμα
2358 3567 2667 3640 ἀπολέσθαι,
2713 3567 2808 3624 οὑκ
2870 3564 2932 3621 ἀν
2989 3566 3263 3642 ὑπείξομεν
3319 3563 3619 3643 βασιλεῦσιν
3649 3563 3735 3621 ἐπί
3762 3586 3820 3622 τι

2157 3661 2262 3718 τῶν
2296 3658 2506 3716 ἀτόπων
2550 3655 2949 3735 παρακαλοῦσιν
2991 3659 3157 3731 ἡμᾶς·
3216 3647 3272 3714 “Ο
3316 3656 3417 3735 γὰρ
3460 3656 3532 3718 εἰς
3563 3655 3652 3711 τὸν
3682 3655 3819 3711 Θεὸν

2156 3747 2338 3830 φόϐος,
2371 3753 2519 3820 νικᾷν
2564 3745 2680 3804 οἶδε
2725 3748 2811 3802 καὶ
2853 3746 2953 3813 τὴν
3001 3747 3076 3811 εἷς
3119 3746 3241 3811 τοὺς
3297 3742 3548 3821 βασιλέας
3624 3745 3818 3819 τιμήν,

2155 3837 2366 3896 Μᾶλλον
2395 3835 2450 3893 δὲ
2504 3837 2593 3894 καὶ
2636 3837 2732 3902 τῆς
2780 3839 2945 3910 τιμῆς
2991 3836 3175 3899 αὑτοὺς
3233 3835 3585 3913 ἀποστερήσει
3642 3835 3671 3890 ὃ
3721 3830 3819 3890 ὑπ’

2157 3931 2325 3986 αὑτῶν
2353 3928 2425 3990 είς
2467 3926 2604 3983 κατὰ
2633 3925 2969 4003 βιαζόμενος,
3021 3925 3157 3981 κατά
3198 3924 3289 3981 τὸν
3342 3922 3557 3980 εἰπόντα
3607 3922 3759 4001 ἅγιον
3790 3938 3813 3959 ’

2157 4013 2524 4084 Ἐξουδένωται
2569 4013 2794 4070 ἐνώπιον
2824 4013 2980 4070 αὑτοῦ
3021 4013 3477 4091 πονηρευόμενος,

424 4110 564 4173 dum
598 4100 1005 4174 exhortantur.
1040 4111 1148 4176 Dei
1179 4130 1434 4190 namque
1465 4111 1643 4173 timor
1670 4100 1908 4172 vincere
1939 4109 2099 4171 novit
2125 4108 2301 4171 etiam
2331 4106 2615 4166 honorem
2639 4102 2738 4190 qui
2757 4100 2998 4183 regibus
3013 4102 3372 4190 exhibetur:
3408 4100 3595 4179 magis
3610 4107 3813 4190 autem

425 4198 591 4281 ipsos
618 4201 845 4263 honore
876 4200 1129 4282 privabit
1160 4201 1262 4282 qui
1289 4188 1365 4262 ab
1394 4199 1540 4282 ipsis
1569 4199 1641 4261 ad
1675 4198 1825 4262 mala
1858 4202 2113 4280 cogitur,
2139 4196 2308 4277 juxta
2338 4201 2609 4254 sanctum
2640 4189 2744 4272 qui
2773 4190 2922 4253 dixit
2954 4209 2968 4256 :
2997 4188 3412 4254 Contemnitur
3441 4207 3644 4253 coram
3675 4189 3812 4272 ipso

426 4290 474 4352 is
504 4289 611 4370 qui
640 4290 899 4367 maligne
929 4290 1072 4367 agit.

504 4378 580 4460 II,
606 4380 806 4444 18-25.
824 4378 1089 4450 Famuli,
1117 4378 1343 4443 subdtti
1366 4379 1503 4442 sitis
1524 4396 1659 4442 eum
1675 4380 1840 4441 omni
1854 4384 2073 4441 timore
2098 4388 2138 4439 D

2241 4397 2267 4432 ε
2331 4376 2390 4432 Οἱ
2445 4373 2586 4431 οἶκέτ
2606 4396 2640 4429 ιι
2698 4371 3115 4448 ὑποτασσόμενοι
3163 4372 3217 4429 ἐν
3268 4372 3425 4429 παντὶ
3482 4368 3630 4452 φόϐῳ
3682 4382 3803 4435 τοῖς

416 4457 701 4545 dominis,
752 4487 879 4532 non
923 4469 1121 4532 solum
1153 4467 1325 4531 bonis
1354 4486 1426 4530 ac
1458 4469 1757 4549 benignis,
1800 4484 2071 4531 verume-

2159 4462 2452 4537 δεσπόταις,
2526 4462 2584 4519 οὗ
2667 4462 2827 4538 μόνον
2891 4475 3009 4525 τοῖς
3067 4461 3290 4540 ἀγαθοῖς
3350 4462 3437 4517 καὶ
3491 4457 3804 4529 ἐπιεικέσιν,

425 4560 577 4623 tiam
601 4557 1001 4640 pravis.Nam
1028 4559 1156 4621 haec
1174 4565 1260 4620 est
1297 4559 1525 4639 gratia,
1574 4558 1631 4618 si
1659 4558 1799 4639 quis
1825 4565 2074 4639 propter

422 4650 849 4713 conscientiam
875 4650 1008 4721 Dei,
1035 4648 1247 4728 suffert
1274 4649 1580 4710 malestias
1601 4653 1834 4729 praeter
1876 4647 2074 4709 meri—

426 4746 552 4802 tum
579 4738 824 4820 affectus
854 4738 1054 4801 malis.
1101 4737 1254 4814 Quae
1298 4738 1461 4799 enim
1507 4745 1590 4799 est
1635 4736 1791 4811 laus,
1831 4738 2078 4807 si,cum

421 4836 739 4908 peccantes
766 4827 966 4909 alapis
995 4828 1319 4901 cmdimini,
1351 4825 1713 4908 sufferatis?
1751 4828 1822 4888 At
1850 4826 1906 4888 si
1934 4842 2072 4888 cum

425 4916 777 4997 benefacitie
823 4924 877 4981 et
921 4924 1125 4979 tamen
1179 4916 1360 4978 malis
1406 4914 1750 4996 afﬁcimini,
1783 4918 2070 4994 suﬁcrtis,

426 5005 550 5068 haec
578 5013 667 5069 est
691 5007 894 5085 gratia
943 5005 1105 5084 apud
1134 5004 1343 5067 Deum.
1377 5003 1696 5083 Siquidem
1729 5005 1796 5067 in
1824 5005 1936 5066 hoc
1964 5020 2069 5066 vo-

423 5097 545 5158 (ιαιί
572 5101 711 5158 estis
742 5112 757 5158 :
793 5096 1086 5176 quoniam
1115 5102 1172 5156 et
1201 5092 1482 5156 Christus
1528 5093 1800 5175 afﬂictus
1828 5100 1915 5156 est
1964 5109 2075 5173 pro

429 5183 973 5265 vobis,relinquens
1004 5183 1173 5246 vobis
1203 5182 1645 5263 exemplum,ut
1668 5183 2074 5263 sequeremini

430 5275 682 5354 vestigia
703 5274 842 5353 ejus,
855 5275 952 5353 'jm'
959 5279 1269 5353 peccatum
1291 5289 1408 5334 non
1421 5271 1779 5353 fecerat,nec
1793 5274 2074 5333 iuventus

423 5361 625 5442 fuerat
639 5362 812 5424 dotus
840 5367 1024 5423 inore
1039 5362 1367 5442 ipsiuszqui
1383 5379 1520 5423 cum
1538 5362 1874 5425 maledictis
1886 5363 2073 5423 inces-

426 5458 815 5526 seretur,non
836 5453 1090 5532 regessit
1101 5449 1588 5514 maledictazcum
1600 5451 1776 5513 matis
1790 5450 2070 5531 afﬁcere-

428 5548 672 5609 tumwn
699 5540 1085 5604 minabatur:
1120 5540 1223 5602 sed
1254 5538 1527 5604 tradebat
1546 5542 1883 5604 vindictam
1896 5541 1950 5601 ei
1965 5541 2072 5620 qui

506 5719 570 5771 ³5
598 5718 794 5784 Matth.
828 5735 890 5796 α,
921 5717 1024 5786 28.

2153 4550 2290 4609 ἀλλὰ
2358 4553 2445 4606 καὶ
2498 4562 2616 4613 τοϊς
2674 4548 2933 4631 σκολιοῖς,
3011 4558 3176 4610 Τοῦτο
3245 4551 3345 4628 γὰρ
3404 4549 3587 4630 χάρις,
3633 4550 3678 4604 εί
3721 4545 3807 4604 διὰ

2156 4638 2449 4708 συνείδησιν
2562 4648 2693 4697 Θεου
2793 4639 3040 4720 ὑποφέρει
3138 4661 3219 4705 τις
3324 4638 3494 4702 λύπας
3578 4637 3807 4718 πάσχων

2157 4727 2372 4793 ἀδίκῶς.
2463 4735 2626 4787 Ποῖον
2709 4730 2808 4809 γὰρ
2890 4728 3047 4792 κλέος
3131 4729 3176 4785 εί
3259 4728 3649 4804 ἁμαρτάνοντες
3717 4727 3809 4782 καὶ

2153 4817 2581 4899 κολαφιζόμενοιι
2668 4820 3037 4895 ὑπομενεῖτε;
3117 4816 3239 4874 ἀλλ’
3318 4819 3363 4874 εἰ
3417 4816 3806 4896 ἀγαθοποιοῦν-

2154 4930 2240 4972 τες
2323 4909 2411 4964 καὶ
2493 4907 2795 4988 πάσχοντες
2878 4909 3221 4984 ὑπομονεῖτε,
3306 4915 3460 4966 τοῦτο
3503 4906 3603 4985 γὰρ
3645 4904 3807 4984 χάρις

2154 4996 2297 5077 παρά
2353 5003 2490 5071 Θεῷ.
2548 4999 2635 5060 Εἰς
2690 5003 2845 5054 τοῦτο
2902 4997 3002 5076 γὰρ
3067 4995 3352 5068 ἐκλήθητε,
3424 4993 3506 5052 ὅτι
3562 4994 3649 5052 καὶ
3679 5000 3807 5072 Χριο

2155 5088 2301 5159 στὸς,
2374 5085 2560 5142 ἔπαθεν
2620 5086 2750 5164 ὑπὲρ
2802 5088 2972 5163 ὑμῶν,
3031 5087 3159 5162 ὑμῖν
3214 5082 3597 5161 ὑπολιμπάνων
3666 5082 3806 5140 ὑπο-

2156 5175 2425 5256 γραμμὸν,
2510 5173 2603 5231 ἵνα
2674 5174 3139 5244 ἐπακολουθήσητε
3226 5187 3337 5239 ὀῖς
3414 5171 3625 5254 ἴχνεσιν
3703 5173 3803 5228 αὑ-

2154 5271 2269 5336 τοῦ,
2341 5266 2414 5327 ὡς
2484 5264 2742 5344 ἁμαρτίαν
2793 5266 2888 5322 οὑκ
2969 5263 3241 5337 ἐποίησεν,
3300 5260 3416 5322 οὑδὲ
3472 5261 3652 5341 εὑρέθη
3709 5257 3804 5317 δό-

2154 5352 2244 5417 λος
2302 5351 2355 5408 ἐν
2409 5353 2487 5427 τῷ
2544 5357 2765 5429 στόματι
2825 5356 2984 5413 αὑτοῦ
3017 5372 3033 5390 ·
3093 5354 3149 5420 ὃς
3227 5350 3649 5432 λοιδορούμενος,
3710 5352 3806 5408 οὒκ

2154 5438 2523 5519 ἀντελοιδόρει,
2628 5443 2856 5523 πάσχων
2958 5447 3054 5523 ορκ
3161 5439 3372 5511 ἠπείλει
3408 5457 3422 5471 ⁸
3535 5436 3807 5521 παρεδίδου

2153 5529 2207 5588 δὲ
2275 5537 2353 5607 τῷ
2408 5517 2631 5610 κρίνοντι
2688 5517 2926 5598 δικαίως.
2984 5517 3079 5598 ”ος
3149 5533 3243 5596 τὰς
3309 5530 3565 5611 ἁμαρτίας
3616 5517 3805 5606 ⁷ὴι.ι.ι]ἷ›ν
