4136 6406
400 381 516 448 541

1499 383 1895 451 ΟΟΜΜΕΝΤ.
1939 380 2021 447 IN
2067 378 2306 448 EPIST.
2355 386 2381 448 Ι
2424 387 2486 450 S.
2534 388 2767 453 PETRI

3695 378 3813 449 542

398 519 557 583 αὐτὸς
586 518 880 600 ἀνήνεγκεν
948 519 1005 578 ἓν
1060 527 1137 597 τῷ
1204 522 1412 600 σώματι
1484 526 1640 583 αὗτοῦ
1710 523 1795 580 ἐπὶ
1849 524 1911 580 τὸ
1970 518 2054 585 ξύ·

2142 517 2669 602 iusteiudicat;qui
2689 529 2930 601 peccata
2942 528 3153 586 nostra
3168 524 3297 605 ipse
3312 521 3567 604 pertulit
3587 522 3654 583 in
3670 536 3803 583 cor.

401 605 521 683 λον,
605 607 701 666 ’ἶνα
782 624 908 673 ταῖς
992 610 1269 690 ἁμαρτίαις
1354 611 1757 691 ἀπογενόμενοι,

405 697 663 778 ξαιοσύνῃ
724 699 997 775 ζήσωμεν,
1071 701 1143 758 0'5
1201 707 1274 775 τῷ
1329 700 1559 778 μώλωπι
1623 702 1780 758 ὠτοῦ
1846 701 2049 767 ἰάθητε.

405 772 535 841 ΊΓΗτε
592 772 693 864 γὰρ
750 789 826 850 ὡς
881 772 1143 868 ’πρόϐατα
1211 772 1556 866 πλανώμενα,
1615 788 1732 846 ἀλλ’
1792 789 2053 869 ἐπεστρέ-

402 896 539 953 φητε
636 878 725 931 νῦν
805 875 891 934 ἐπὶ
959 878 1050 934 τὸν
1120 877 1350 953 ποιμέκα
1415 880 1502 936 καὶ
1584 881 1870 937 ὶπῖσκοπον
1950 884 2058 935 τηῦν

402 968 600 1044 ψυχῶν
629 966 800 1041 ὑμῶν.
845 990 867 1024 n

492 1057 552 1111 Oi
634 1054 857 1133 οἰκέται,
929 1056 1368 1132 ὑποτασσόμενοι.
1446 1081 1473 1111 ε
1563 1058 2060 1136 Προσυπακουστὲον

402 1147 491 1218 τὸ,
565 1145 684 1213 ἦτε,
760 1145 855 1201 ’ίνα
1055 1150 1114 1204 Οἱ
1167 1145 1387 1225 οἰκέται,
1454 1146 1548 1215 ἦτε
1614 1149 2056 1221 ὑποτασσόμενοι.

411 1226 640 1309 Ὀμοῖως
670 1236 760 1292 καὶ
788 1234 873 1292 ἐπὶ
896 1242 1011 1314 τοῦ,
1059 1238 1121 1292 Αἱ
1163 1251 1437 1314 γυναῖκες,
1476 1255 1505 1294 ε
1531 1235 1622 1293 Ἐν
1652 1238 1805 1293 παντὶ
1829 1233 1995 1316 φόϐῳ.
2030 1261 2053 1293 ι

399 1333 508 1382 Τοῦ
535 1320 698 1403 φόϐου
738 1322 1029 1404 πολλαχῶς
1085 1323 1374 1401 λεγομένου
1409 1344 1423 1358 ·
1472 1324 1682 1402 λέγεται
1730 1326 1829 1405 γὰρ
1871 1322 2055 1405 φόϐος,

401 1413 490 1469 καὶ
548 1414 576 1468 6
620 1414 711 1468 σὺν
772 1413 1067 1489 ἐπιστήμῃ,
1129 1413 1186 1469 ὃν
1243 1416 1394 1476 οὖτος
1458 1421 1543 1470 νῦν
1616 1413 1699 1469 διὰ
1769 1412 2058 1479 συνείδησιν

399 1503 582 1583 φησὶν,
616 1501 676 1563 ὃς
726 1503 815 1558 καὶ
861 1499 1101 1559 εὒλάὅεια
1153 1501 1399 1559 καλεῖται
1435 1522 1447 1535 ·
1499 1501 1708 1580 λέγεται
1752 1500 1912 1581 φόϐος
1970 1504 2059 1558 καὶ

401 1592 432 1646 ὁ
462 1591 778 1670 παθητικὸς,
826 1593 1112 1665 τουτέστιν,
1175 1594 1202 1648 6
1261 1590 1346 1647 διὰ
1391 1590 1662 1656 κολάσεως
1692 1604 1883 1670 πεῖραν
1925 1594 2057 1648 τισὶν

401 1679 768 1759 ὲγγινόμενος,
830 1681 859 1735 ὃ
928 1683 1016 1737 καὶ
1084 1683 1150 1738 τὰ
1207 1682 1363 1760 θηρία
1420 1678 1664 1760 φοϐεῖται
1769 1680 2057 1759 λεγομένου

399 1768 560 1826 πάλιν
617 1766 780 1849 φόϐου
835 1770 1058 1829 καὶτοῦ
1115 1778 1590 1849 προκαταρκτικου,
1663 1770 1719 1833 ὃς
1808 1783 1923 1834 τοτς
1982 1775 2058 1843 τῷ

1844 611 1912 688 τῇ
1968 609 2052 667 δι-
2131 623 2280 686 pore
2313 614 2645 688 suotsuper
2669 610 2905 691 lignum
2934 621 3000 673 ut
3034 614 3289 695 peccatis
3319 613 3568 679 mortui.
3614 610 3808 687 justi-

2136 700 2240 756 tice
2270 699 2573 772 vivamus,
2606 704 2782 778 cujus
2828 702 3096 781 ejusdem
3145 702 3336 765 vibice
3386 702 3588 764 sanati
3635 701 3801 762 estis.

2136 782 2299 847 Nam
2329 789 2524 849 eratis
2546 788 2708 851 velut
2730 807 2868 853 oves
2889 798 3186 866 errantes,
3218 793 3327 853 sed
3355 790 3629 853 conversi
3660 789 3804 851 estis

2141 892 2307 935 nunc
2337 877 2421 936 ad
2452 885 2749 956 pastorem
2782 888 2842 941 et
2869 889 3215 943 curatorem
3272 882 3632 943 animarum
3679 895 3801 940 ves-

2145 968 2419 1027 trarum.

2224 1054 2700 1130 562aFamuli,
2762 1058 3013 1120 subditi.
3080 1084 3105 1115 ι
3172 1056 3661 1122 Subandiendum
3714 1064 3803 1118 est

2141 1142 2258 1216 ἦτε,
2296 1143 2351 1203 id
2384 1153 2495 1219 est,
2517 1145 2828 1212 sitis.sicut
2862 1158 2919 1209 et
2951 1166 3085 1209 cum
3118 1148 3284 1220 dixit,
3315 1147 3602 1211 Uxores.«
3631 1147 3675 1206 C
3699 1163 3797 1204 um

2142 1231 2305 1292 omni
2335 1232 2569 1295 timore.
2608 1260 2634 1292 »
2672 1235 2816 1299 Cum
2852 1236 3030 1298 timor
3063 1237 3263 1298 multis
3294 1237 3485 1297 modis
3517 1234 3791 1295 dicatur:

2140 1318 2359 1381 dicitur
2388 1342 2643 1404 namque
2674 1326 2848 1386 timor
2867 1335 2924 1386 et
2947 1326 3047 1403 qui
3076 1337 3163 1386 est
3181 1345 3315 1387 cum
3338 1324 3795 1402 scientia,quem

2143 1428 2301 1470 nunc
2324 1430 2428 1490 per
2444 1414 2882 1476 Conscientiam
2917 1415 3325 1497 intelligit,qui
3356 1413 3532 1477 etiam
3559 1410 3798 1469 εὒλέςεια

2141 1510 2402 1573 vocatur,
2455 1500 2511 1561 id
2562 1512 2670 1577 est,
2725 1505 3059 1566 reverentia
3083 1524 3217 1566 cum
3251 1511 3413 1565 metu
3444 1525 3457 1567 :
3490 1502 3711 1564 dicitur
3742 1506 3800 1560 et

2141 1587 2316 1648 timor
2344 1589 2674 1659 alﬂietivus.
2719 1595 2830 1655 hoc
2863 1602 2976 1667 e~t,
3030 1594 3381 1675 quibusdam
3448 1590 3798 1667 contingens

2139 1679 2545 1758 experimento
2575 1682 2873 1762 supplicii,
2908 1702 3024 1763 quo
3051 1692 3106 1744 et
3136 1683 3278 1744 feta:
3309 1681 3545 1753 timent;
3579 1678 3799 1741 dicitur

2138 1782 2375 1827 rursum
2402 1778 2464 1831 et
2492 1770 2672 1832 timor
2701 1771 2946 1833 initialis
2964 1772 3063 1851 qui
3096 1771 3481 1853 consequitur
3509 1768 3799 1832 acceden-

403 1859 576 1937 Κυρίῳ
644 1858 1093 1936 προσερχομένοις
1139 1857 1508 1929 ἐπακολουθεῖ,
1570 1856 1654 1914 διὰ
1709 1860 1769 1915 τὸ
1828 1856 2054 1916 συνειδέ-

2144 1862 2231 1916 ιεε
2260 1857 2333 1917 ad
2368 1860 2705 1933 Dominum,
2733 1880 2805 1922 eo
2835 1862 2996 1941 quod
3046 1861 3158 1922 sibi
3210 1861 3285 1921 de
3342 1859 3539 1921 multis
3569 1856 3795 1920 conscii

400 1968 485 2002 ναι
518 1946 728 2008 ἑαυτοῖς
776 1944 953 2002 πολλὰ
997 1946 1081 2004 ἐπὶ
1122 1947 1376 2026 τιμωρίαν
1435 1945 1819 2021 ὲκκαλο·5μενα,
1868 1950 1925 2003 ὃν
1969 1953 2058 2007 καὶ

396 2037 435 2103 ἡ
464 2035 519 2091 ἐν
551 2033 885 2113 Εὖαγγελίοις
917 2038 1088 2116 πὸρνη
1129 2034 1426 2117 φοϐηθεῖσα
1482 2035 1751 2117 προσῆλθε
1797 2043 2004 2115 Χριστῴ
2040 2060 2053 2074 ·

398 2123 539 2181 ἂλλὰ
592 2125 679 2181 καὶ
725 2131 818 2181 τοῦ
887 2123 1228 2183 τελειωτικοῦ
1279 2122 1444 2206 φόϐου
1513 2123 1672 2182 πάλιν
1744 2125 2054 2204 λεγομένου,

398 2216 459 2280 ὃς
488 2219 618 2271 πᾶσι
646 2227 763 2280 τοῖς
815 2214 981 2292 ἁγίοις
1039 2213 1118 2271 ἀεὶ
1171 2216 1418 2296 πάρεστι,
1476 2213 1666 2273 δεδιόσι
1724 2218 1854 2290 μήτι
1911 2215 2058 2273 ἐλλί-

399 2326 541 2361 πωσι
569 2306 674 2360 τῶν
720 2303 796 2361 ὧν
826 2305 966 2368 εἰκὸς
997 2303 1315 2385 ἐνυπάρχειν
1369 2318 1487 2369 τοϊς
1545 2306 1616 2371 εἰς
1660 2303 1865 2361 τελείαν
1925 2304 2058 2384 571'-

398 2415 510 2460 πην
566 2391 917 2472 ἆναληφθεῖσι
953 2413 967 2429 ’
999 2401 1354 2474 τοσαυταχῶς
1404 2401 1498 2452 τοῦ
1541 2392 1705 2475 φόϐου
1744 2392 2054 2472 λεγομένου,

400 2482 448 2537 εἶ
480 2480 577 2556 μὲν
623 2482 712 2537 καὶ
762 2479 847 2536 διὰ
888 2482 1099 2538 πάντων
1156 2483 1355 2539 τούτων
1413 2479 1611 2539 δίκαιον
1667 2483 1788 2547 τοὺς
1846 2481 2057 2545 δούλους

399 2584 519 2637 τοῖς
574 2567 721 2633 ἰδίοις
779 2571 1161 2651 προσφέρεσθαι
1223 2569 1525 2636 δεσπόῑαις,
1574 2571 1669 2628 οὒκ
1733 2570 1796 2628 ἂν
1844 2572 2054 2651 ἀπαγο-

395 2660 630 2739 ρεύσειεν
658 2662 686 2716 6
737 2660 791 2716 ἐν
840 2663 996 2718 παντὶ
1052 2660 1201 2741 φόϐῳ
1243 2663 1625 2720 ὑποτάσσεσθαι
1668 2664 1787 2727 τοὺς
1843 2661 2057 2727 δούλους

394 2764 516 2814 τοῖς
560 2747 837 2815 δεσπόταις
879 2751 1149 2828 παραινῶν
1210 2762 1321 2814 νῦν,
1377 2742 1454 2810 υΟ
1495 2774 1554 2808 τε
1614 2754 1713 2831 γὰρ
1751 2774 2056 2831 προκαταρ-

396 2841 607 2917 κτικὸς,
652 2838 680 2894 ὃ
735 2860 795 2895 τε
837 2837 1171 2902 τελειωτικὸς
1244 2839 1421 2905 καλῶς
1466 2839 1527 2896 ἂν
1583 2843 1766 2904 αὖτοὺς
1824 2839 2055 2899 διαθεῖτο

394 2928 611 3007 προσών
643 2947 658 2963 ⁶
707 2931 735 2984 6
778 2930 874 3003 μὲν
918 2935 1011 2985 τοῦ
1061 2931 1138 3005 μή
1183 2952 1312 2986 ποτε
1355 2927 1439 2985 διὰ
1481 2928 1855 3005 πλημμέλειαν
1916 2932 2053 2987 ὑπο-

397 3014 682 3073 ϐλέπεσθαι
714 3020 900 3075 παθεῖν
930 3040 981 3075 τι
1026 3019 1131 3075 τῶν
1187 3019 1518 3099 ἀνηκέστων,
1566 3023 1594 3076 6
1638 3018 1690 3075 δὲ
1751 3027 1843 3076 τοῦ
1891 3018 2056 3088 μηδὲν

2139 1944 2259 2007 sint
2276 1964 2404 2027 quae
2423 1948 2495 2009 ad
2527 1949 2884 2029 supplicium
2906 1959 3369 2032 provocentzquo
3389 1948 3566 2011 etiam
3599 1963 3792 2008 mere-

2142 2035 2253 2096 trix
2278 2039 2352 2096 de
2376 2055 2492 2117 qua
2523 2040 2579 2097 in
2598 2039 3450 2115 Evangelia,timens,accessit
3477 2038 3547 2099 ad
3582 2034 3789 2100 Chris-

2144 2132 2265 2185 tum
2289 2123 2489 2201 3‘;s«»d
2515 2134 2574 2188 et
2601 2127 2898 2208 perfectus
2937 2128 3151 2189 iterum
3194 2127 3415 2189 dicitur
3453 2126 3651 2194 timor.
3685 2123 3790 2206 qui

2144 2214 2424 2276 omnibus
2452 2218 2673 2278 sanctis
2696 2235 2938 2297 semper
2959 2217 3153 2292 adest,
3186 2217 3531 2278 timentibus
3561 2234 3637 2277 ne
3661 2212 3802 2295 quid

2142 2301 2262 2364 illis
2292 2303 2451 2367 desit
2477 2322 2682 2367 eorum
2734 2323 2871 2387 quae
2902 2306 3072 2368 decet
3126 2306 3261 2367 illos
3318 2305 3540 2366 habere
3572 2303 3676 2385 qui
3727 2301 3801 2363 ad

2146 2392 2467 2474 perfectam
2500 2393 2883 2456 dilectionem
2909 2396 3192 2476 assumpti
3224 2404 3364 2458 sunt
3402 2413 3415 2457 :
3459 2412 3594 2456 cum
3631 2391 3805 2469 igitur

2144 2491 2228 2544 tot
2260 2483 2451 2545 modis
2477 2484 2654 2545 timor
2688 2484 2945 2558 dicatur,
2978 2494 3176 2547 utrum
3195 2486 3418 2565 justum
3478 2483 3554 2544 sit
3600 2498 3804 2543 servos

2144 2590 2249 2651 per
2272 2575 2379 2634 hos
2406 2592 2613 2635 omnes
2641 2574 2913 2636 exhiberi
2957 2575 3089 2636 suis
3112 2572 3394 2647 dominis,
3431 2588 3803 2653 nequaquam

2141 2670 2382 2740 negaret
2402 2660 2454 2722 is
2484 2663 2581 2743 qui
2615 2682 2769 2725 nunc
2792 2682 2994 2726 servos
3020 2664 3391 2743 adhortatur,
3415 2671 3480 2724 ut
3523 2679 3658 2722 cum
3679 2677 3807 2720 om-

2140 2751 2197 2812 ni
2232 2750 2443 2812 timore
2475 2752 2738 2813 dominis
2768 2752 3186 2833 subjiciantur:
3207 2752 3445 2834 quando
3468 2749 3713 2828 quidem
3747 2755 3805 2809 et

2136 2839 2381 2901 initialis
2411 2848 2469 2901 et
2489 2842 2791 2921 perfectus
2816 2842 2866 2903 si
2892 2842 3323 2904 adesset.reete
3354 2841 3488 2903 illos
3504 2838 3800 2902 afﬁceret:

2136 2923 2260 2990 illic
2288 2928 2529 3009 quidem
2589 2940 2649 2990 ut
2707 2939 3079 3000 vererentur,
3131 2949 3207 2992 ne
3236 2929 3377 3010 quid
3413 2926 3530 2990 sibi
3563 2934 3805 3007 propter

2140 3019 2354 3080 delicta
2381 3021 2754 3098 contingeret
2784 3019 2939 3100 quod
2967 3038 3084 3081 non
3116 3019 3303 3081 ferret
3341 3015 3803 3091 remedium,hic

401 3103 562 3172 ἀηδὲς
594 3104 906 3173 ἐννοηθῖμαι
945 3113 1023 3181 τῷ
1078 3107 1277 3164 ἑαυτῶν
1332 3106 1759 3186 καταπράξασθαι
1799 3106 2053 3185 δεσπότῃ.

2143 3125 2279 3169 vero
2317 3125 2390 3169 ne
2414 3108 2557 3189 quid
2608 3107 2698 3169 vel
2732 3109 3082 3188 cogitarent,
3116 3108 3274 3188 quod
3309 3107 3360 3168 si
3392 3112 3799 3187 perageretur,

403 3202 511 3253 Νῦν
562 3204 686 3273 γοῦν
744 3192 906 3275 φόϐον
960 3197 1052 3252 τὸν
1120 3194 1204 3252 διὰ
1272 3194 1588 3265 συνείδησιν,
1663 3196 1922 3277 τουτέστι,
1967 3201 2058 3254 τὸν

400 3284 495 3340 σὺν
548 3283 822 3361 ἐπιστήμῃ
880 3292 973 3340 τοῦ
1030 3286 1180 3363 ὀρθου
1222 3284 1384 3363 λόγου
1441 3286 1719 3364 γινόμενόν
1754 3308 1936 3364 φησιν,
2004 3286 2061 3350 ὅς

400 3371 567 3443 ἔστιν,
599 3376 627 3430 6
670 3376 725 3429 ἓν
752 3376 831 3439 τῷ
874 3373 1040 3449 μηδὲν
1096 3375 1439 3455 ἀμαρνάνειν,
1499 3377 1643 3447 παρὰ
1705 3382 1804 3431 τῶν
1833 3375 2060 3432 σκολιῶν

401 3460 672 3519 δεσποτῶν
725 3475 843 3527 τοῖς
901 3464 1103 3521 ἑαυτῶν
1175 3463 1507 3543 ἐπαγόμενος
1562 3463 1811 3529 οἰκέταις,
1866 3474 2057 3525 Τοῦτον

401 3554 492 3611 οὖν
521 3554 612 3609 τὸν
642 3550 804 3632 φόϐον
853 3551 1080 3609 ἐπαίνων
1137 3551 1292 3618 ἀξιῶν
1352 3559 1624 3633 παρεγγυᾷ
1676 3552 2057 3634 καταδέχεσθαι

397 3637 516 3717 μεθ’
567 3640 841 3716 ὑπομονῆς
928 3637 1077 3697 Ἐπεὶ
1148 3642 1267 3706 τούς
1341 3663 1400 3720 γε
1457 3639 1525 3697 δι’
1596 3641 1876 3716 ἁμαρτίας,
1939 3640 2055 3709 ἥξοι

399 3730 791 3808 ἐνεργηθείσας,
839 3728 874 3797 ἢ
940 3731 1027 3785 καὶ
1087 3731 1165 3804 μὴ
1226 3733 1534 3810 πραχθῆναι
1605 3727 2051 3811 φυλασσιμὲνους,

397 3818 561 3901 φόϐον
605 3818 832 3899 ἔχοντας
873 3819 1176 3899 ὑπομένειν,
1253 3820 1364 3877 εἴτι
1415 3818 1482 3876 δι’
1541 3820 1699 3882 αὐτας
1769 3821 2054 3900 πέσχοιεν,

403 3911 752 3987 εὔγνωμόνων
793 3908 891 3984 μὲν
921 3909 1010 3964 καὶ
1054 3915 1209 3965 τοῦτο
1267 3906 1484 3975 δούλων,
1531 3909 1620 3965 καὶ
1675 3910 1805 3986 πρὶς
1848 3908 2059 3987 διόρθω-

398 4022 484 4055 σιν
539 3996 926 4076 ἀπονευόντων,
988 3996 1104 4053 ἀλλ’
1188 3996 1334 4055 οὔπω
1388 3997 1650 4064 τοσκύττ,ς
1721 3997 2052 4078 φιλοσοφίας,

396 4086 532 4153 ὅσης
575 4089 653 4161 τῷ
709 4082 876 4161 μηδὲν
934 4085 1105 4159 ἑαυτῷ
1159 4084 1414 4142 συνειδότι
1470 4086 1633 4142 κακὸν
1719 4086 2056 4165 ἐγκαρτερεῖν

396 4176 752 4256 εἰχαρίστως.
798 4182 965 4233 Τοῦτο
1008 4176 1069 4231 τὸ
1111 4175 1272 4253 μέγα,
1318 4177 1472 4233 τοῦτο
1525 4176 1612 4231 καὶ
1670 4174 1795 4253 παρ’
1856 4173 2054 4253 ὀλίγοις

396 4263 831 4341 ἐπιτελούμενον,
891 4270 1047 4321 τοῦτο
1084 4266 1175 4321 καὶ
1226 4266 1367 4342 παρὰ
1417 4271 1531 4339 Θεῷ
1589 4265 1855 4344 τυγχάνον
1913 4265 2053 4322 ἀπο-

395 4352 595 4433 δοχῆς,
653 4354 727 4419 ὡς
786 4365 906 4416 τοῖς
976 4360 1066 4409 τοῦ
1137 4360 1362 4433 Χριστοιὰ
1404 4354 1623 4411 πάθεσιν
1655 4351 2048 4428 ἁμιλλώμενον,

394 4445 510 4501 ἒ.πεί
540 4443 628 4499 καὶ
672 4442 828 4524 αῷτός
872 4464 1057 4522 φησιν,
1105 4441 1189 4499 ὅτι
1234 4445 1336 4523 οὔχ
1386 4443 1517 4522 ὑπὲρ
1559 4443 1752 4505 οἰκείας
1816 4430 2119 4524 ἔπασχενῙ)

393 4531 674 4611 ἁμαρτίας.
713 4521 998 4612 ’.ἁμαρτίαν
1028 4533 1127 4611 γὰρ
1159 4531 1253 4589 οὒκ
1288 4521 1561 4604 εποίησεν,
1593 4529 1714 4586 ἀλλ’
1741 4532 1871 4609 ὑπὲρ
1899 4521 2052 4606 ἡμῶν

392 4622 484 4678 καὶ
510 4642 542 4677 τ
560 4623 618 4676 ὗν
645 4620 919 4697 ἡμετέρων
949 4619 1188 4701 ἔπασχεν

2147 3197 2439 3277 ingratum
2470 3209 2632 3260 esset
2660 3217 2767 3260 suo
2799 3198 3064 3260 domino.
3103 3197 3272 3261 Nunc
3299 3200 3494 3278 itaque
3527 3196 3801 3256 timorem

2145 3287 2289 3349 dicit
2338 3287 2441 3369 qui
2472 3297 2561 3349 est
2591 3297 2833 3369 prepter
2874 3288 3327 3367 conscientiam,
3384 3288 3496 3349 hoc
3537 3293 3648 3357 est,
3701 3286 3800 3364 qui

2145 3376 2434 3456 contingit
2461 3396 2595 3438 cum
2620 3376 2985 3440 conscientia
3015 3386 3184 3439 recta
3215 3376 3653 3439 rationis:cum
3684 3391 3802 3433 ma-

2141 3466 2183 3527 li
2210 3465 2482 3528 videlicet
2501 3466 2947 3528 dominiservos
2968 3485 3112 3529 εοιοε
3146 3467 3293 3529 nihil
3319 3464 3601 3528 commeri
3614 3472 3705 3524 tos
3722 3462 3804 3523 af-

2140 3555 2372 3635 ﬂigunt.
2400 3553 2570 3617 Hunc
2582 3574 2720 3634 ergo
2740 3556 3011 3617 timorem
3025 3556 3310 3637 judicans
3333 3555 3505 3617 laude
3524 3554 3797 3633 dignum,

2131 3645 2304 3725 jubet
2343 3662 2401 3706 ul
2434 3663 2567 3707 cum
2602 3644 2879 3725 patientia
2908 3641 3798 3725 suscipiatur.Quandoquidem

2140 3735 2241 3817 qui
2276 3740 2519 3815 propter
2548 3737 2941 3813 peccata,sive
2974 3753 3043 3796 ea
3074 3752 3205 3815 quae
3234 3738 3677 3813 perpetrarent,
3701 3738 3802 3790 aut

2141 3824 2316 3885 etiam
2340 3841 2468 3904 qum
2512 3840 2630 3883 non
2679 3821 3081 3884 observarunt
3110 3832 3176 3883 ut
3201 3821 3486 3887 facerent.
3524 3818 3798 3880 timerem

2143 3912 2384 3986 habent,
2419 3911 2740 3972 tolerantes
2770 3911 2822 3971 si
2854 3910 2998 3992 quid
3034 3918 3278 3991 propter
3321 3910 3419 3971 illa
3477 3907 3798 3988 patiantur,

2140 4001 2282 4063 boni
2310 4000 2553 4082 quidem
2579 4008 2639 4059 et
2663 3999 2721 4061 hi
2752 4008 2893 4082 sunt
2939 4000 3123 4070 servi,
3158 4008 3217 4060 ct
3248 3997 3320 4060 ad
3358 3996 3795 4082 correctionem

2138 4074 2547 4143 declinantes:
2583 4091 2643 4141 at
2687 4080 2954 4143 nondum
3031 4090 3191 4141 tanta
3227 4079 3445 4140 mentis
3507 4074 3805 4157 sapientia

2140 4171 2635 4252 praediti,quan!a
2666 4179 2868 4232 essent
2898 4170 2947 4231 si
2980 4178 3142 4249 grato
3177 4168 3377 4231 animo
3410 4166 3797 4229 afﬂictzonem

2138 4262 2482 4335 tolerarent,
2519 4259 2696 4322 etiam
2752 4279 2886 4322 cum
2936 4260 3158 4323 nullius
3220 4260 3356 4321 mali
3407 4257 3522 4320 sibi
3574 4253 3801 4319 conscii

2138 4358 2361 4414 essent.
2386 4348 2513 4412 Hoc
2545 4368 2822 4428 magnum
2849 4359 2961 4424 est,
2999 4351 3109 4411 hoc
3143 4349 3321 4412 etiam
3352 4367 3386 4410 a
3417 4346 3619 4430 paucis
3641 4361 3805 4406 como

2140 4441 2356 4522 pletur;
2383 4440 2440 4501 id
2473 4438 2628 4519 apud
2667 4440 2850 4502 Deum
2884 4458 3121 4521 quoque
3150 4436 3625 4515 commendatur,
3665 4444 3803 4495 tan-

2137 4549 2314 4613 quam
2341 4528 2717 4608 reSpondens
2762 4527 2984 4590 Christi
3021 4527 3449 4591 afﬂictionibus
3477 4546 3495 4601 ;
3525 4523 3799 4606 quando-

2133 4618 2377 4702 quidem
2410 4626 2467 4678 et
2495 4616 2882 4697 ipse,inquit.
2919 4636 3037 4677 non
3072 4626 3316 4697 propter
3343 4634 3451 4676 sua
3482 4631 3690 4696 passus
3710 4616 3803 4674 est

395 4717 645 4790 peccata
674 4726 690 4773 :
728 4727 867 4770 nam
904 4719 1208 4789 peccatum
1247 4730 1363 4771 non
1397 4708 1559 4784 fecit,
1589 4709 1734 4772 503
1764 4710 1868 4774 sed
1905 4729 2009 4791 pro
2041 4709 2216 4773 nobis
2244 4706 2583 4788 nostrisque
2613 4706 2848 4768 deliciis
2880 4726 3087 4785 passus
3117 4717 3224 4769 est.

474 4795 537 4856 Ἀ
552 4801 610 4856 i=6
665 4806 769 4855 τῦν
828 4800 1063 4875 ἀνομιῶν
1120 4808 1211 4857 τοῦ
1267 4800 1396 4858 λαοῦ
1452 4824 1578 4880 μου,
1638 4800 1758 4868 ἤτοι
1818 4799 1903 4857 διὰ
1959 4803 2052 4866 τὰς

389 4887 611 4964 ἀνομίας
654 4895 746 4946 τοῦ
787 4887 942 4956 λαοῦ,
1002 4887 1150 4970 ἤχθη
1199 4892 1272 4954 εἰς
1332 4892 1579 4965 θάνατον,
1639 4893 1799 4971 φησὶν
1843 4892 1871 4946 6
1912 4913 2052 4969 προ·

389 4977 592 5057 φήτης.
641 4978 954 5034 Ἐπαινετὸν
992 4978 1087 5054 μὲν
1132 4979 1222 5036 οὖν
1266 4987 1447 5035 τοῦτον
1490 4981 1580 5036 τὸν
1637 4978 1797 5060 φόϐον
1831 4979 2045 5041 τίθεται,

390 5064 563 5123 Ἀλλὰ
591 5068 700 5142 μὴν
731 5067 821 5122 καὶ
860 5081 978 5131 τοῖς
1025 5066 1205 5131 ἄλλοις
1263 5065 1446 5147 φόϐοις
1488 5070 1611 5134 τοὺς
1671 5067 1882 5130 δούῖους
1916 5070 2047 5145 βού-

389 5155 540 5213 λεται
610 5159 1058 5239 περικροτεϊσθαι.
1110 5158 1209 5216 Καὶ
1261 5155 1424 5225 δῆλον
1480 5156 1571 5239 ἀφ’
1626 5161 1700 5215 ὧν
1743 5180 1926 5238 φησιν,
1962 5157 2050 5215 Ἐν

386 5245 547 5303 παντὶ
610 5241 778 5325 φόὸορ.
848 5236 1147 5326 Ὑπερφυῶς
1235 5244 1291 5302 δὲ
1379 5236 1632 5314 ἀντέθηκε
1688 5236 1806 5308 τοις
1868 5244 2051 5311 ἄλλοις

383 5332 572 5415 φόϐοις
617 5336 708 5389 τὸν
750 5331 836 5390 διὰ
892 5334 1187 5403 συνείδησιν
1258 5332 1443 5417 φόϐον,
1500 5337 1586 5392 καὶ
1638 5340 1800 5412 μόνου
1868 5337 2052 5393 τούτου

382 5423 534 5481 εἶναι
604 5424 665 5479 τὸ
722 5422 1046 5497 ἀξιέπαινον,
1106 5424 1449 5498 ἆληθεστάτιρ
1505 5424 1814 5507 ἀπεφηνατο
1881 5424 2048 5504 λόγῳ,

378 5515 459 5577 ὡς
503 5514 611 5570 τῶν
655 5511 755 5587 μὲν
784 5510 1024 5591 ἐχόντων
1066 5514 1127 5571 τὸ
1169 5515 1446 5594 παραίτιον
1504 5514 1600 5583 τῆς
1649 5522 1756 5573 τῶν
1786 5512 2053 5572 δεσποτῶν

459 5685 528 5739 54
554 5682 703 5747 Luc.
732 5697 840 5759 vu,
876 5678 953 5744 87
988 5698 1155 5765 seqq.
1243 5682 1309 5737 δὲ
1334 5681 1453 5759 Isa,
1481 5700 1611 5765 LIII,
1646 5684 1712 5747 δ.

2214 4797 2303 4859 Ab
2336 4795 2749 4876 iniquitatibus
2768 4796 2967 4876 populi
2997 4797 3135 4869 mei,
3165 4798 3286 4858 sive
3315 4803 3557 4875 propter
3579 4791 3805 4871 iniqui-

2135 4896 2286 4949 tates
2301 4886 2507 4967 populi
2546 4885 2762 4948 dnctus
2781 4892 2960 4948 estad
2995 4896 3273 4951 mortem.
3295 4883 3377 4944 ait
3415 4882 3700 4963 propheta
3721 4880 3798 4959 ³⁵,

2132 4975 2307 5038 Hunc
2332 4974 2535 5056 itpque
2567 4974 3116 5036 commendandum
3153 4974 3320 5055 ponit
3349 4974 3648 5034 timorem.
3679 4971 3797 5030 Ve-

2134 5084 2266 5127 rum
2297 5064 2431 5125 aliis
2461 5082 2702 5145 quoque
2739 5063 3053 5125 timoribus
3098 5081 3304 5125 servos
3342 5062 3460 5124 vult
3495 5058 3746 5123 retineri
3781 5077 3795 5119 :

2136 5155 2295 5236 quod
2319 5154 2695 5215 manifrstum
2717 5161 2805 5214 est
2839 5172 2907 5214 ex
2947 5171 3018 5214 eo
3041 5153 3197 5235 quod
3240 5153 3388 5214 dicit
3418 5172 3432 5213 :
3459 5151 3605 5214 Cum
3634 5147 3804 5211 omni

2136 5241 2730 5306 timore.Rectissime
2751 5250 2947 5304 autem
2967 5253 3024 5305 et
3044 5244 3191 5306 scite
3230 5242 3461 5305 caeteris
3488 5238 3804 5304 timoribus

2137 5331 2455 5414 praeposuit
2491 5330 2761 5393 timoren-
2783 5332 2884 5412 qui
2908 5340 3254 5413 estpropter
3277 5328 3807 5398 conscientiam,et

2135 5421 2325 5484 solum
2361 5421 2522 5483 hunc
2554 5439 2685 5482 esse
2709 5422 2882 5483 lau-le
2904 5421 3150 5501 dignum
3175 5421 3487 5482 verissimo
3520 5434 3803 5480 sermone

2136 5509 2582 5576 demonstravit.
2616 5510 2774 5594 quod
2827 5511 2910 5572 illi
2944 5511 3189 5596 quidem
3241 5528 3482 5573 causam
3535 5504 3805 5571 habeant
