4136 6436
405 331 521 400 547
1524 327 1940 398 (ῈΟΠΜΕΝΙΙ
1984 320 2049 387 Τ]

2133 322 2282 388 GCE
2321 321 2660 393 EPISCOPI
3681 325 3799 396 548

400 479 642 531 matres.
676 467 819 529 506
872 467 1016 530 Cum
1075 468 1326 530 honesto
1383 486 1524 528 vero
1582 476 1642 529 et
1696 461 2049 529 Christiana:

2145 461 2400 542 μητέρας.
2439 465 2586 521 Μετὰ
2613 462 2667 521 δὲ
2696 471 2790 523 τοῦ
2839 464 3125 544 εἷίκόσμου,
3173 469 3266 524 καὶ
3318 468 3611 547 πρέποντος
3663 474 3799 547 Χρι-

398 561 649 620 decente
667 557 852 629 cultu,
877 558 1160 619 admonet
1179 575 1416 639 quoque
1440 556 1599 637 ipsas
1626 564 1688 616 ut
1715 551 2049 615 misericor‘

2141 567 2379 617 στιανοϊς
2425 553 2645 630 κόσμου,
2679 556 2767 612 καὶ
2825 554 3118 631 ἐλεήμονας
3176 556 3336 620 αὐτὰς
3394 557 3539 614 εἶναι
3598 579 3795 636 παραι-

399 648 506 709 des
527 647 664 717 sint,
698 646 845 708 nihil
879 665 948 708 ex
980 666 1050 707 eo
1075 638 1274 708 veritas
1295 663 1535 707 suorum
1559 644 1820 705 virorum
1854 639 2049 703 calcu-

2141 638 2248 712 νεῖ,
2288 639 2452 715 μηδὲν
2506 641 2940 720 ὅποὸλεπομένας
2994 646 3085 702 τὸν
3155 645 3262 702 ἀπὸ
3302 653 3410 702 τῶν
3452 644 3651 725 ἀνδρῶν
3696 649 3797 705 αὖ·

401 735 710 799 lationem.
738 733 884 797 Nam
909 736 1023 797 hoc
1052 734 1279 797 indicat
1308 734 1475 805 illud,
1499 731 1627 794 Non
1646 727 2049 794 timentesullo

2141 733 2247 783 τῶν
2290 727 2373 786 διὰ
2429 732 2583 790 τοῦτο
2640 731 2982 812 ἐκλογισμόν.
3046 742 3212 793 Τοῦτο
3240 735 3339 813 γὰρ
3367 736 3452 807 τὸ,
3478 735 3568 803 Μὴ
3597 732 3799 814 φοϐού-

401 823 1145 905 pavore.Verisimileenim
1159 834 1283 886 erat
1296 824 1449 905 quod
1466 822 1575 883 viri
1592 820 2049 898 interdumrepe‘

2142 838 2295 905 μεναι
2353 818 2614 897 μηδεμίαν
2690 822 2917 890 πτόησιν
2982 822 3243 905 ἐμιραίνει.
3306 825 3457 888 Εἰκὸς
3517 826 3618 904 γὰρ
3675 824 3796 886 τοὺς

400 902 901 976 tebantrationem
922 902 1424 995 sumptuumﬂoc
1441 910 1926 975 modosublevato
1938 925 2049 995 ser-

2141 902 2329 983 ἄνδρας
2379 906 2486 966 ἔσθ’
2535 908 2622 966 ὅτε
2681 914 2767 968 καὶ
2820 916 2927 968 τῶν
2988 902 3351 988 ἀναλωμάτων
3421 902 3599 977 αὖτάςή
3635 911 3797 991 λόγον

399 1001 708 1079 mone,ubi
724 1001 1032 1063 muliebris
1049 993 1223 1064 sexus
1237 1003 1579 1084 parcitatem
1596 1020 1661 1062 ac
1679 994 2049 1080 pusillanimi‘

2146 993 2415 1084 ἀπαιτεῖν.
2478 997 2627 1056 Οῧτω
2669 1001 2990 1081 μετεωρίσας
3038 1004 3130 1058 τὸν
3173 1001 3332 1081 λόγον
3376 1004 3465 1060 καὶ
3505 1005 3567 1059 τὸ
3595 1000 3794 1083 φειδω-

398 1100 574 1154 tatem
590 1092 934 1154 exhortatus
950 1080 1581 1164 est,utliberaliusseh
1605 1089 1798 1150 :beant
1814 1085 2049 1167 ergado

2145 1080 2239 1140 λὸν
2289 1087 2376 1142 καὶ
2420 1087 2759 1169 μικρόψυχον
2814 1080 2908 1149 τοῦ
2960 1089 3151 1161 θήλεος
3211 1090 3297 1148 ἐπὶ
3353 1093 3413 1148 τὸ
3481 1080 3794 1167 ἐλευθεριώ-

396 1180 841 1243 mesticos:com
849 1180 1048 1258 primit
1063 1180 1499 1242 etiamvirorum
1515 1179 2049 1256 austeritatemerga

2145 1193 2294 1262 τερον
2353 1179 2584 1256 χρῆσθαι
2641 1191 2757 1244 τοῖς
2818 1180 2956 1235 κατὰ
3025 1182 3116 1236 τὸν
3181 1179 3332 1238 οἷκον
3390 1180 3790 1262 παρακαλέσας,

396 1288 535 1333 suas
549 1270 918 1349 conjuges,et
935 1269 1036 1332 ait:
1049 1269 1173 1331 Viri
1193 1271 1251 1331 in
1268 1270 1606 1349 cognitione
1626 1267 2049 1348 cohabitantes,

2139 1260 2327 1343 ἐπέΑει
2371 1267 2458 1322 καὶ
2485 1267 2584 1334 τὴν
2642 1273 2748 1324 τῶν
2804 1266 3005 1347 ἀνδρῶν
3062 1271 3193 1349 πρὸς
3246 1272 3342 1334 τὰς
3399 1260 3598 1328 ἑαυτῶν
3628 1292 3796 1349 γαμε-

397 1362 512 1421 hoc
541 1367 651 1434 est,
685 1358 1092 1439 experimento
1143 1360 1445 1421 discentes
1495 1357 1811 1419 femineam
1846 1356 2055 1417 levita-

402 1460 523 1512 tem
554 1457 615 1510 et
643 1447 978 1510 vecordiam
1008 1447 1069 1509 in
1102 1450 1382 1510 omnibus
1441 1466 1511 1509 ac
1560 1445 1952 1507 lubricitatem
1992 1444 2054 1507 in

399 1536 910 1617 pusillanimitate,
942 1536 1234 1616 patientes
1293 1547 1483 1599 estote
1541 1555 1679 1614 erga
1730 1534 1883 1607 illas,
1934 1553 2054 1596 non

2137 1352 2230 1415 τὰς
2261 1355 2653 1434 αὗστηρότητα,
2683 1359 2773 1414 καί
2814 1381 3000 1438 φησιν,
3060 1383 3087 1414 α
3135 1361 3195 1417 Οἱ
3225 1357 3403 1438 ἄνδρες
3433 1361 3569 1416 κατά
3598 1365 3794 1438 γνῶσιν

2136 1448 2518 1518 συνοικοῦντες,
2568 1468 2597 1500 ι
2658 1445 2945 1513 τουτέστιν,
3010 1449 3252 1516 αἱσθησιν
3295 1447 3654 1524 λαμϐάνοντες
3698 1453 3797 1515 τῆς

2136 1529 2228 1586 τοῦ
2255 1530 2443 1601 θήλεος
2472 1535 2798 1620 κουφότητος
2857 1537 2945 1592 καὶ
3003 1547 3095 1596 τοῦ
3137 1536 3511 1618 ἐμπαραφόρου
3554 1537 3610 1594 ἐν
3665 1543 3796 1599 πᾶσι

400 1635 605 1689 exacte
624 1624 917 1687 rationem
950 1634 1294 1707 repetentes
1312 1646 1516 1688 eorum
1539 1646 1670 1708 quae
1692 1625 1851 1686 circa
1879 1623 2049 1685 fami-

2136 1620 2225 1675 καὶ
2282 1622 2355 1685 εἰς
2420 1625 2780 1704 μικροψυχίαν
2839 1624 3131 1708 εὖολίσθου,
3184 1627 3513 1705 μακρόθυμοι
3582 1624 3794 1705 γίνεσθε

398 1715 538 1775 liam
571 1714 781 1777 tradita
809 1715 928 1776 illis
959 1726 1126 1777 erant
1157 1716 1218 1800 in
1252 1716 1607 1778 custodiam.
1671 1713 1793 1776 Hoc
1824 1720 2045 1792 autem,

2136 1710 2268 1787 πρὸς
2298 1711 2482 1789 αιῦτάσ,
2537 1714 2617 1789 μὴ
2675 1712 2837 1793 λόγον
2880 1715 3224 1779 ἀπαιτοῦντες
3279 1722 3481 1795 πικρῶς
3509 1720 3614 1774 τῶν
3658 1716 3795 1772 κατὰ

402 1803 755 1879 utdixjmus,
782 1824 897 1886 quo
934 1804 1247 1866 liberalius
1265 1803 1812 1883 perseverentinla:
1832 1801 2047 1881 giendo

2133 1799 2231 1865 τήν
2284 1799 2450 1855 οἰκίαν
2538 1804 2725 1867 αὒταῖς
2797 1805 2870 1869 εἷς
2966 1805 3212 1879 ταμιείαν
3294 1803 3786 1881 παρακατεθέντων,

399 1911 539 1972 erga
568 1885 880 1974 pauperes,
914 1894 1199 1955 admonet
1229 1893 1410 1968 viros,
1441 1913 1516 1955 ne
1550 1894 1670 1954 sint
1701 1890 1891 1953 exacti
1919 1890 2047 1952 dis-

2133 1895 2295 1947 Τοῦτο
2351 1885 2429 1964 δὲ,
2487 1892 2562 1955 ὡς
2621 1891 2854 1971 ἔφθημεν
2898 1896 3192 1974 εἰρηκότες,
3255 1891 3339 1951 διὰ
3379 1897 3441 1950 τὸ
3496 1892 3793 1974 ἐλευθερίως

396 1981 735 2063 quisitores.
785 1983 926 2046 Mihi
952 1991 1148 2043 tamen
1183 1982 1538 2063 profundius
1569 1980 1788 2061 aliquid
1821 1978 2049 2041 videtur

2136 1978 2292 2041 αὐτὰς
2325 1981 2441 2059 περὶ
2470 1980 2568 2048 τὴν
2627 1983 2699 2047 εἷς
2743 1984 2864 2048 τοὺς
2908 1984 3141 2051 πένητας
3201 1979 3432 2039 ἐπίδοσιν
3483 1981 3791 2061 διαγινομέ⁹

398 2089 505 2149 per
530 2072 643 2134 hoc
662 2070 969 2134 inducere.
1005 2080 1064 2133 et
1109 2073 1420 2133 venustius
1480 2090 1549 2133 ac
1605 2069 1825 2131 castius
1871 2088 2048 2149 quam

2133 2089 2253 2142 νας,
2300 2068 2378 2144 μὴ
2409 2067 2646 2144 ἀκριϐεῖς
2698 2072 2841 2129 εἶναι
2900 2072 3177 2139 ἐξεταστὰς
3209 2074 3328 2136 τοὺς
3374 2070 3560 2152 ἄνδρας
3590 2068 3790 2151 παραι-

396 2160 613 2223 Paulus
640 2161 893 2223 innuere
914 2160 987 2222 de
1005 2169 1136 2222 actu
1157 2160 1471 2241 conjugali.
1509 2158 1813 2241 Siquidem
1838 2159 2049 2221 Paulus

2133 2167 2240 2218 νεῖ.
2274 2153 2510 2232 Ἐμοὶδὲ
2553 2156 2702 2217 δοκεῖ
2743 2162 2830 2217 καὶ
2889 2160 3166 2240 βαθύτερόν
3227 2183 3278 2217 τι
3335 2159 3418 2217 διὰ
3447 2161 3643 2217 τούτων
3675 2161 3787 2216 εἰσ-

395 2260 597 2332 aperte
614 2251 860 2312 clamat:
913 2275 933 2301 η
971 2251 1061 2313 Ne
1081 2250 1368 2311 fraudelis
1394 2249 1667 2311 invicem.
1693 2247 1809 2309 nisi
1836 2247 1886 2308 si
1912 2245 2049 2328 quid

2136 2244 2307 2322 άγειν,
2379 2247 2467 2302 καὶ
2539 2248 2850 2328 σεμνότερον
2901 2247 3110 2306 Παύλου
3179 2251 3493 2307 αἰνίττεσθαι
3551 2248 3636 2305 ἐπὶ
3690 2254 3791 2315 τῆς

397 2360 467 2403 ex
489 2356 784 2402 consensu
803 2339 977 2417 45-47,
1007 2365 1032 2394 »
1061 2347 1152 2399 etc
1188 2337 1506 2400 Hicautem
1533 2337 1719 2416 magis
1739 2336 1972 2418 pudice,
1991 2343 2049 2397 ut

2135 2334 2370 2410 γαμικῆς
2415 2338 2689 2416 χρήσεως,
2736 2344 2946 2401 Παῦλος
3005 2340 3102 2414 μὲν
3156 2340 3258 2419 γὰρ
3314 2336 3615 2414 ἀναφανδὸν
3643 2339 3743 2414 βοᾷ
3778 2361 3790 2374 ·

396 2427 1415 2508 diximus,cognitionemdicens,et
1439 2446 1544 2508 per
1566 2428 1677 2488 hoc
1710 2444 1837 2487 rem
1864 2425 2049 2505 ipsam

2143 2442 2167 2477 α
2222 2424 2311 2490 Μὴ
2340 2423 2684 2506 ἀποστερεῖτε
2726 2425 3017 2500 ἀλλήλους,
3064 2430 3108 2483 εἰ
3165 2430 3240 2504 μή
3284 2449 3335 2483 τι
3368 2426 3430 2484 ἂν
3473 2427 3534 2484 ἐκ
3566 2428 3788 2506 συμφώ-

398 2517 1058 2596 designans,admonet,
1076 2536 1208 2577 cum
1228 2516 1413 2596 magis
1435 2517 1505 2577 ad
1542 2518 1651 2577 hoc
1686 2514 1952 2577 lubricus
1978 2514 2049 2575 sil

2137 2532 2247 2585 νου,
2302 2533 2325 2567 I
2387 2514 2475 2570 καὶ
2519 2513 2661 2582 ἑξῆς.
2723 2518 2885 2580 Οὗτος
2946 2513 3001 2572 δὲ
3057 2517 3396 2596 σεμνότερον,
3457 2519 3532 2579 ὡς
3564 2514 3790 2595 ἔφημεν,

399 2605 920 2669 sexusmuliebris.
944 2625 1018 2669 ne
1044 2625 1148 2687 per
1175 2607 1335 2687 objuv
1357 2604 1650 2684 gationem
1676 2624 1809 2666 cum
1833 2620 2049 2685 asperi-

2135 2606 2328 2677 γνῶσιν
2386 2602 2571 2682 εἰπὼν,
2617 2605 2704 2659 καὶ
2759 2601 2843 2659 διὰ.
2895 2606 3080 2662 τούτου
3133 2604 3460 2680 αἰνιξάμενος
3518 2605 3580 2660 τὸ
3649 2609 3793 2683 πρᾶ-

401 2705 516 2758 tate
563 2695 636 2757 ab
681 2695 826 2775 ipsis
857 2694 1193 2769 discedant,
1227 2697 1330 2758 sed
1368 2694 1621 2776 primum
1651 2694 1893 2774 quidem
1927 2692 2049 2754 cle-

2137 2710 2271 2769 γμα,
2318 2705 2566 2769 παραινεῖ
2594 2694 2665 2753 ὡς
2722 2691 3060 2773 εὐκολωτέρρ
3112 2695 3244 2774 πρὸς
3294 2704 3448 2753 τοῦτο
3489 2700 3568 2768 τῷ
3611 2715 3792 2772 γυναι-

403 2794 634 2847 menter
651 2784 737 2845 eis
752 2794 991 2847 utantur
1005 2793 1282 2863 tanquam
1300 2782 1814 2858 imbecillioribus,
1841 2782 2049 2844 deinde

2138 2779 2266 2851 κείῳ
2335 2777 2501 2857 φύλῳ,
2590 2783 2668 2855 μὴ
2753 2780 3140 2857 ἐπιτιμητικῶς
3229 2784 3365 2858 μετὰ
3434 2782 3790 2863 σφοδρότητος

400 2873 780 2946 suadeant,ut
800 2893 933 2935 cum
947 2874 1142 2954 aliqua
1155 2874 1436 2954 parcitate
1451 2871 1868 2934 abstinentiam
1883 2889 1916 2933 a
1932 2871 2049 2933 lali-

2139 2870 2406 2924 ποιεῖσθαι
2462 2868 2562 2936 τὴν
2618 2869 2711 2926 ἀπ’
2772 2871 2940 2929 αὐτῶν
3009 2871 3325 2952 ἀπόστασιν,
3380 2870 3517 2928 ἂλλά
3582 2877 3792 2950 πρῶτον

397 2962 508 3023 bus
523 2961 854 3042 suscipiant
870 2980 882 3024 :
901 2980 1036 3024 nam
1049 2964 1160 3023 hoc
1173 2962 1509 3040 signiﬁcare
1524 2960 2049 3041 vult(parcitatem,

2140 2956 2238 3031 μὲν
2294 2958 2367 3022 ὡς
2425 2957 2819 3039 ἀσθενεστέραις
2902 2962 3347 3040 συγγνωμονικῶς
3406 2962 3595 3026 αὑταῖς
3653 2960 3791 3041 χρῆ·

393 3051 666 3132 inquam,
692 3033 815 3112 sive
845 3033 1285 3131 abstinentiam)
1319 3069 1427 3130 per
1458 3051 1571 3112 hoc
1605 3033 1764 3130 quod
1790 3051 1895 3126 ait,
1929 3033 2049 3112 Im;

2137 3048 2276 3117 σθαι,
2337 3045 2460 3104 εἶτα
2513 3050 2708 3106 πείθειν
2756 3050 2891 3125 μετά
2946 3072 3090 3115 τινος
3156 3048 3360 3132 φειδοῦς
3407 3050 3505 3118 τὴν
3538 3049 3789 3106 τοιούτων

397 3140 724 3220 partientes
745 3140 1067 3220 honorem;
1095 3157 1227 3201 nam
1252 3140 1445 3201 honor
1467 3138 1581 3199 nisi
1598 3137 1811 3217 quisad
1828 3138 2049 3220 aliquid

2137 3133 2522 3216 καταδέχεσθαι
2577 3137 2820 3218 ἀποχήν,
2895 3138 3060 3197 Τοῦτο
3115 3142 3215 3220 γὰρ
3288 3137 3538 3216 βούλεται
3597 3135 3789 3205 δηλουν

392 3227 695 3310 respiciat,
732 3247 806 3290 ne
868 3247 1044 3309 parce
1104 3228 1346 3308 quidem
1403 3226 1809 3308 Subsequstur.
1849 3226 2049 3308 Itaque

2135 3223 2258 3303 (τὴν
2300 3222 2462 3305 φειδώ
2499 3233 2683 3306 φημι),
2726 3224 2810 3285 διὰ
2851 3233 2945 3285 τοῦ
3000 3229 3196 3309 εἰπεῖν,
3256 3226 3643 3302 Ἀπονέμοντες
3701 3247 3789 3282 τι-

397 3329 676 3398 tanquam
710 3316 1207 3379 imbecillioribus
1264 3325 1364 3378 aut
1410 3314 1584 3378 etiam
1640 3325 1916 3397 tanquam
1950 3336 2049 3378 co-

2137 3315 2246 3388 μήν
2280 3329 2294 3343 ·
2357 3314 2489 3390 τιμῆ
2545 3317 2645 3396 γὰρ
2688 3316 2732 3373 εἰ
2790 3318 2869 3393 μή
2912 3339 2992 3383 τις
3052 3319 3171 3395 περί
3237 3318 3297 3374 τὸ
3362 3317 3627 3395 ἐνορᾶται,
3674 3311 3790 3374 οὐδὲ

393 3407 733 3469 ὴωτοάὶὺυε
764 3406 967 3485 gratia:
996 3404 1150 3479 vitm,
1207 3405 1322 3467 vita
1367 3405 1515 3486 ipsis
1573 3405 1659 3467 uti
1714 3414 1945 3486 oportet
1992 3406 2051 3467 in

396 3496 599 3558 talium
626 3495 1084 3571 consuetudine.
1119 3496 1187 3556 Et
1215 3495 1369 3575 quod
1412 3515 1527 3556 non
1567 3495 1720 3556 male
1740 3493 2052 3557 hacintel-

389 3584 635 3664 ligentia
663 3584 748 3645 usi
781 3583 992 3664 simus,
1018 3583 1076 3645 id
1103 3588 1257 3664 quod
1283 3582 1667 3665 subsequitur
1689 3582 2048 3658 manifestat,

393 3692 527 3736 cum
559 3672 675 3737 ait:
705 3691 778 3735 ne
798 3672 1305 3753 interrumpantur
1328 3691 1538 3753 preces
1561 3681 1789 3735 vestrae.
1811 3699 1835 3728 η
1864 3671 2051 3745 Quam

394 3764 554 3826 enim
582 3781 820 3843 precum
844 3762 1344 3843 interruptionem
1392 3763 1562 3824 aﬂ‘ert
1584 3763 1691 3823 vrri
1733 3780 1873 3841 erga
1902 3781 2051 3823 uxo-

390 3871 516 3914 rem
542 3852 852 3914 austeritas
876 3854 900 3913 ἴ
924 3851 1042 3913 imo
1060 3871 1194 3914 vero
1212 3851 1389 3931 hujus
1406 3871 1521 3932 nep
1549 3851 2049 3931 igentiamagnam

390 3942 565 4004 aﬂ‘ert
596 3942 657 4001 in
676 3941 1731 4021 temporeorationisattentionemac
1757 3943 2045 4002 studium.

392 4031 532 4091 Mihi
557 4031 755 4112 itaque
787 4030 861 4091 de
885 4031 998 4091 hoc
1020 4030 1099 4092 ita
1122 4032 1355 4092 videtur
1388 4031 1736 4093 dicendum.
1759 4033 1968 4104 Porro,
1999 4038 2054 4098 si

2137 3399 2326 3483 φειδὼς
2385 3402 2758 3464 ἐπακολουθεῖ.
2810 3404 2927 3464 Εἵτ’
2986 3407 3074 3463 οὖν
3144 3409 3217 3471 ὡς
3276 3405 3695 3485 ἀσθενεστέραις,
3753 3404 3789 3471 ἢ

2137 3494 2224 3549 καὶ
2265 3495 2340 3556 ὡς
2388 3493 2841 3575 συγκληρονόμοις
2896 3496 3119 3578 χέριτος
3162 3495 3328 3571 ζωῆς,
3381 3494 3545 3559 οὕτως
3602 3495 3789 3556 αὐταῖς

2135 3584 2367 3661 χρῆσθαι
2396 3585 2516 3663 περὶ
2571 3585 2636 3641 τὰ
2679 3595 2892 3644 τοιαῡνα
2950 3593 3054 3643 τῶν
3110 3584 3333 3661 ὁμιλιῶν
3391 3583 3495 3643 δεῖ.
3560 3583 3658 3641 Καὶ
3702 3580 3786 3639 ὅτι

2135 3675 2194 3729 οὔ
2235 3672 2414 3736 κακῶς
2456 3673 2623 3751 ταύτῃ
2653 3680 2721 3751 τῇ
2763 3673 2934 3748 ἐννοίᾳ
2992 3674 3361 3755 ἐχρησάμεθα,
3415 3674 3476 3729 τὸ
3533 3672 3786 3753 ἐπιφερό-

2137 3781 2293 3835 μενον
2350 3759 2531 3837 δηλοϊ,
2601 3785 2622 3819 ι
2660 3766 2747 3827 Εἰς
2799 3766 2862 3820 τὸ
2898 3764 2984 3840 ’μὴ
3012 3764 3391 3844 ’ἐκκόπτεσθαι,
3437 3763 3661 3842 φάσκον,
3694 3760 3790 3826 τὰς

2135 3852 2437 3932 προσευχὰς
2459 3853 2627 3928 ὑμῶν.
2667 3875 2692 3911 ι
2751 3856 2876 3912 Τίνα
2919 3856 3019 3934 γὰρ
3072 3854 3308 3932 ἐγκοπὴν
3365 3852 3523 3931 φέρει
3561 3871 3792 3930 προσευ-

2134 3946 2268 4021 χής,
2301 3939 2484 4019 ἀνδρὸς
2530 3945 2659 4023 πρὸς
2689 3958 2918 4022 γυναῖκα
2975 3946 3228 4023 αὖστηρία
3264 3963 3280 4023 ;
3338 3941 3546 4009 πολλὴν
3576 3940 3673 4016 μὲν
3703 3940 3791 3998 οὖν

2140 4034 2228 4087 καὶ
2260 4031 2580 4111 προσέχειαν
2624 4034 2709 4088 καὶ
2741 4031 2974 4101 σπουδὴν
3009 4036 3044 4102 ἡ
3086 4034 3218 4112 πρὸς
3271 4032 3471 4099 ταύτην
3515 4028 3786 4109 ὀλιγωρίᾳ,

395 4121 469 4181 ab
496 4120 694 4198 aliquo
722 4118 934 4180 melius
955 4119 1284 4182 indicatum
1326 4120 1526 4193 l‘uerit,
1568 4140 1685 4181 non
1726 4140 1868 4181 sane
1901 4117 2049 4179 invi-

2140 4119 2194 4175 ἐν
2227 4126 2396 4199 καιρῷ
2423 4127 2753 4201 προσευχῆς.
2788 4121 2940 4199 Ἐμοὶ
2997 4123 3095 4198 μὲν
3139 4122 3227 4178 οὖν
3282 4120 3421 4178 οὕτω
3480 4119 3631 4177 δοκεῖ
3673 4121 3790 4198 περὶ

394 4211 530 4272 deo.
564 4210 700 4270 507
753 4234 779 4264 (ι
824 4207 964 4271 Sine
1015 4228 1315 4274 sermone.
1351 4236 1376 4265 ι»
1415 4208 1551 4272 Sive
1580 4219 1851 4271 cessante
1885 4210 2049 4272 omni

2138 4211 2343 4273 τούτου,
2393 4204 2457 4291 ᾯ
2514 4207 2569 4265 δὲ
2618 4214 2678 4266 τὸ
2747 4209 2964 4287 ἄμεινον
3020 4213 3244 4292 κριθείη,
3298 4213 3359 4268 οὗ
3411 4209 3595 4291 φθόνος
3639 4207 3780 4284 ἐμοί,

393 4316 671 4361 sermone
702 4298 983 4378 omnique
1014 4300 1490 4378 responsationv,
1525 4299 1648 4361 sive
1667 4299 1823 4380 quod
1847 4300 2049 4362 eflica—

2145 4325 2166 4357 ε
2205 4310 2335 4357 Ανευ
2364 4290 2546 4377 λόγου.
2585 4322 2614 4354 ι
2653 4290 2800 4357 "Ero
2841 4290 3200 4382 σχολάζοντος
3253 4302 3448 4364 παντὸς
3497 4298 3657 4378 λόγου
3700 4300 3787 4355 καὶ

392 4388 518 4450 cior
550 4387 627 4449 sit
651 4386 1083 4449 demonstratio
1136 4407 1242 4468 per
1298 4408 1499 4469 opera,
1555 4408 1728 4469 quam
1761 4387 2045 4449 sedulitas

2133 4390 2303 4457 πάσης
2345 4386 2671 4466 ἀντιλογίας,
2733 4389 2768 4458 ἢ
2833 4393 2907 4454 ὡς
2973 4388 3059 4446 διὰ
3100 4396 3207 4446 τῶν
3264 4388 3433 4470 ’ἔργων
3488 4387 3786 4454 ἐπιδείξεως

392 4477 571 4540 anxia
600 4495 730 4553 quae
760 4485 849 4539 est
880 4477 939 4537 in
969 4478 1206 4541 verbis:
1263 4486 1489 4539 mutum
1521 4482 1677 4539 enim
1711 4494 1859 4558 Opus
1890 4495 2041 4557 prae-

2133 4478 2442 4558 κυριωτὲρας
2516 4475 2678 4545 οὔσης
2747 4478 2843 4546 τῆς
2924 4475 3009 4540 διὰ
3063 4485 3171 4535 τῶν
3227 4478 3402 4557 λόγων
3461 4478 3783 4558 περιεργίας,

391 4568 641 4629 stantius
682 4575 770 4629 est
794 4584 1076 4628 sermone
1104 4567 1384 4648 operibus
1414 4566 1717 4630 destituto.
1752 4556 1783 4622 1.
1819 4566 2040 4629 Verum

2133 4556 2392 4648 ’Ἂφωνον
2476 4569 2577 4647 γὰρ
2660 4566 2811 4648 ἔργον
2909 4581 3159 4647 κρεῖσσον
3241 4556 3540 4648 ἀπράκτου
3597 4565 3782 4646 λόγου.

394 4659 661 4719 occultus
690 4655 791 4738 qui
823 4664 912 4717 est
940 4657 1002 4717 in
1034 4657 1214 4718 corde
1244 4658 1443 4718 homo.
1477 4678 1506 4717 ι
1540 4656 1761 4720 Omnis
1794 4673 2049 4735 namque

2139 4680 2166 4712 ε
2202 4653 2348 4713 Ἀλλ’
2383 4659 2412 4713 ὁ
2439 4658 2668 4736 κρυπτὸς
2708 4662 2806 4724 τῆς
2837 4654 3049 4738 καρδίας
3094 4655 3385 4737 ἅνθρωπος.
3444 4681 3469 4712 ι
3508 4660 3654 4712 Πᾶσα
3684 4657 3785 4737 γὰρ

386 4749 594 4828 gloria
621 4746 767 4827 ﬁlia:
790 4747 956 4825 regis
983 4744 1060 4808 ab
1090 4746 1376 4808 interiori
1393 4747 1686 4827 procedit.
1709 4744 2049 4807 Novitenim

2133 4747 2167 4815 ἡ
2226 4744 2347 4812 δόξα
2402 4750 2502 4813 τῆς
2560 4747 2814 4826 θυγατρὸς
2883 4756 2977 4806 τοῦ
3042 4744 3324 4823 βασιλέως,
3384 4746 3599 4807 ἔσωθεν.
3658 4742 3786 4803 Οἷδε

390 4846 449 4909 et
475 4835 574 4898 hic
618 4837 783 4916 juxta
816 4836 883 4898 Β.
919 4834 1100 4897 David
1126 4837 1188 4886 48
1235 4855 1303 4899 ac
1335 4837 1577 4898 Paulum
1608 4836 1670 4887 49
1703 4835 1881 4897 afium
1914 4853 2047 4896 esse

2133 4837 2232 4916 γὰρ
2274 4837 2362 4892 καὶ
2390 4837 2540 4899 οὗτος
2570 4837 2707 4894 κατὰ
2734 4837 2825 4893 τὸν
2877 4836 3135 4917 μακάριον
3191 4834 3359 4896 Δαυ³ίδ
3406 4839 3494 4893 καὶ
3553 4831 3780 4907 Παῦλον,

385 4925 736 4988 interiorem
787 4924 1094 4987 hominem
1143 4925 1216 4987 ab
1275 4930 1591 4989 exterrere.
1660 4945 1690 4987 ε
1745 4923 2049 4988 Ornabant

392 5033 547 5077 sese.
580 5041 600 5071 ι
636 5013 819 5078 Vides
836 5013 993 5095 quod
1016 5015 1239 5077 cultum
1291 5015 1413 5077 sive
1453 5024 1725 5078 ornatum
1762 5015 1922 5076 dicat
1952 5015 2045 5077 hic

390 5103 824 5182 snbjectionem
847 5103 877 5163 ?

471 5192 575 5263 IlI,
603 5194 668 5254 8-
686 5206 697 5255 l
716 5195 776 5258 6.
796 5192 869 5257 1η
880 5211 1116 5256 summa
1137 5212 1340 5257 omnes
1358 5195 1515 5270 silis,
1537 5195 2047 5265 unanimes,com-

388 5283 990 5363 ραιὶθηῑεελιοιιιενηα
1013 5284 1254 5363 prcediti
1279 5284 2042 5369 charitole,misericordes,

388 5372 506 5453 σίγα
516 5372 808 5449 biles,non
819 5373 1168 5436 retaliantes
1182 5374 1411 5436 malum
1419 5373 1579 5449 malo
1592 5379 1698 5435 aut
1714 5390 1861 5436 conv
1870 5375 2046 5437 ilium

389 5465 673 5546 conuitio,
695 5462 796 5526 sed
817 5470 1025 5525 contra
1050 5463 1490 5529 benrdiccntes:
1512 5464 1769 5527 scierim
1792 5464 1950 5542 quod
1966 5464 2046 5528 ad

468 5624 613 5675 45⁸4⁷
644 5626 663 5687 l
697 5623 812 5685 Cor
868 5642 973 5707 vn,
1006 5625 1062 5687 5.
1153 5627 1215 5675 48
1245 5627 1398 5689 Psal.
1432 5643 1551 5699 xxv,
1588 5627 1683 5690 14.

2128 4925 2304 5005 ἕτερον
2333 4927 2424 4982 τὸν
2458 4927 2606 4989 ἐντὸς
2637 4922 2908 5004 ἄνθρωπον
2957 4927 3101 5006 παρὰ
3147 4927 3237 4983 τὸν
3295 4925 3471 4988 ἐκτός,
3527 4947 3549 4979 ι
3615 4922 3779 4981 Ἐκό-

2131 5038 2298 5092 σμουν
2329 5015 2538 5080 ἑαυτὰς.
2576 5039 2604 5072 ι
2657 5006 2835 5095 Ὀρᾷς,
2875 5015 3078 5093 κόσμον
3108 5014 3324 5074 ἐνταῦθα
3353 5015 3453 5083 τὴν
3509 5014 3783 5090 ὑποταγὴν

2166 5130 2259 5175 ησι
2272 5155 2283 5167 .

2166 5132 2283 5175 ησι.

2129 5132 2164 5187 φ
2215 5220 2243 5252 ιι
2302 5198 2374 5254 Τὸ
2430 5193 2484 5251 δὲ
2566 5193 2743 5271 τέλος,
2802 5196 2997 5261 πάντες
3057 5196 3393 5277 ὁμόφρονες,’
3459 5196 3779 5274 συμπαθεῖς,

2128 5283 2459 5366 φιλάδελφοι,
2547 5283 2935 5367 εὔσπλαγχνοι,
3001 5284 3371 5368 ἱφιλόφρονες,
3477 5284 3556 5361 μή
3639 5285 3780 5341 ἀπο-

2127 5373 2323 5440 διδόνες
2435 5375 2596 5432 κακὸν
2699 5374 2812 5432 ἀντὶ
2905 5382 3073 5432 κακοῦ
3180 5377 3215 5443 ἡ
3327 5373 3586 5455 λοιδορίαν
3668 5375 3783 5432 ἀντὶ

2127 5464 2412 5548 λοιδορίας,
2514 5468 2814 5524 τουναντίον
2916 5463 2973 5522 δὲ
3082 5463 3420 5545 εὐλογοῦντες
3452 5481 3466 5497 ⁸
3584 5462 3780 5529 εἰδότες

1771 5626 1834 5677 49
1863 5626 2086 5709 Ephes.
2121 5644 2204 5706 ιιι,
2255 5628 2349 5691 16.
