4136 6432
400 361 504 426 551

1518 358 1930 424 OECUMENII
1976 331 2272 422 Talem
2315 343 2655 425 EPISCOPI

3682 350 3800 421 δῖ)ίέ

398 499 478 560 ita
509 499 687 559 vitam
717 493 1095 578 peregeritis.
1115 493 1301 556 Deum
1337 493 1631 556 habebitis
1654 493 1975 569 benignum
2000 511 2064 554 ac

2156 493 2360 572 Κυρίου.
2397 494 2542 563 Πλὴν
2571 493 2753 564 ἐπειδὴ
2783 495 2916 552 τισὶν
2974 497 3025 551 αἱ
3081 494 3411 574 περιστάσεις
3470 496 3521 550 αἱ
3563 491 3648 548 διὰ
3702 493 3798 560 τὴν

402 588 857 668 obsequentem.
888 585 1013 658 Quo
1047 585 1222 662 facto,
1260 583 1417 663 quis,
1457 583 1559 644 illo
1593 604 1624 644 a
1649 584 1814 644 vobis
1843 591 2057 654 stante,

404 676 618 739 infeste
651 676 836 738 irrcut
893 675 952 735 in
1015 671 1158 734 vos?
1221 671 1529 753 Siquidem
1567 674 1768 734 omnia
1816 681 1954 734 sunt
2001 672 2060 733 in

405 784 577 826 manu
605 764 771 843 ejus;
822 782 979 824 mors
1006 764 1164 823 enim
1193 773 1251 822 et
1278 773 1389 822 vta
1414 761 1470 821 iu
1510 782 1684 822 manu
1710 761 1944 824 Domini
1973 765 2056 823 δι’.

403 855 674 916 Attamen
693 853 970 934 quoniam
1017 852 1370 912 afflictiones
1405 852 1579 912 inata:
1612 861 1852 932 propter
1881 852 2059 913 ﬁdem

404 943 756 1004 videbantur
784 942 1137 1022 quibusdam
1174 941 1345 1014 mala,
1381 941 1829 1020 hmct-orrigens
1853 941 2060 1002 beatus

408 1034 722 1106 Petrus,ait
771 1056 783 1093 :
827 1031 910 1094 Ne
947 1034 1070 1093 hanc
1127 1032 1277 1092 mala
1336 1031 1708 1105 existimetis,
1744 1033 1847 1095 sed
1881 1033 2059 1112 digna

407 1123 604 1204 potius
627 1119 1300 1184 beatiﬁcatione.Timor
1323 1139 1576 1200 namque
1601 1121 1956 1200 impendens
1983 1121 2059 1185 ab

403 1211 747 1274 hominibus
800 1211 943 1273 nihil
1016 1210 1323 1272 ducendus
1384 1225 1495 1277 esu
1558 1213 1660 1270 sed
1717 1211 2065 1274 brevissimo

409 1311 677 1381 tempore
715 1300 913 1374 durat,
944 1308 1144 1380 utpote
1181 1298 1253 1359 ab
1286 1299 1379 1360 his
1407 1299 1598 1359 illatus
1621 1302 1721 1379 qui
1754 1300 1871 1377 ipsi
1902 1300 2064 1362 velo-

406 1389 645 1452 cissime
671 1397 1010 1452 transeunt.
1043 1386 1188 1450 Nam
1233 1387 1282 1448 si
1306 1387 1460 1448 oculi
1496 1387 1729 1449 Domini
1757 1391 2065 1470 superju-

409 1488 531 1539 stos
545 1486 786 1540 elaures
805 1478 935 1557 ejus
947 1479 1016 1540 ad
1032 1476 1510 1558 deprecationem
1528 1477 1761 1537 illorum
1774 1487 2068 1559 .aspectus

409 1578 609 1630 autem
642 1567 827 1648 ipsius
859 1584 1040 1647 super
1070 1583 1174 1627 eos
1205 1565 1301 1646 qui
1335 1565 1548 1626 faciunt
1584 1573 1756 1636 mala,
1789 1566 2064 1646 perditio-

411 1676 544 1716 nem
573 1657 993 1717 comminando
1015 1655 1185 1716 malis
1205 1654 1350 1734 :utiq
1400 1674 1431 1714 e
1455 1656 1500 1714 si
1529 1659 1648 1715 haec
1671 1656 1820 1716 mala
1840 1666 2058 1729 essent,

409 1745 552 1807 509
579 1753 745 1806 certe
796 1741 1171 1824 dispensator
1221 1745 1510 1804 bonorum
1561 1763 1927 1825 nequaquam
1961 1764 2062 1806 vos

2157 1740 2607 1822 μεγαλαυχεῖσθε,
2679 1741 2798 1799 ἀλλ’

409 1834 521 1896 sibi
547 1835 795 1896 dilectos
819 1832 988 1894 malis
1010 1831 1274 1893 alliceret
1300 1851 1314 1893 :
1340 1833 1490 1894 mala
1514 1852 1766 1914 namque
1787 1834 1856 1896 ad
1883 1833 2074 1896 malos

407 1921 813 1987 remittit.Non
847 1930 982 1983 sunt
1015 1921 1213 2002 itaque
1247 1923 1421 1993 mala,
1446 1922 1806 1984 afﬂictiones
1831 1931 2076 2004 propter

409 2014 684 2094 pietatem
712 2013 1100 2074 illalze.Porro
1120 2011 1491 2073 sanctiﬁcare
1507 2011 1692 2073 Deum
1715 2014 1772 2074 in
1789 2011 2073 2074 cordibus

409 2121 544 2163 cum
577 2101 727 2163 Isaia
786 2101 1051 2182 praecipit
1099 2101 1154 2151 5*
1211 2120 1224 2160 :
1285 2101 1396 2160 hoc
1455 2111 1570 2181 est,
1616 2105 1701 2164 i\'e
1733 2103 1806 2162 ob
1839 2121 1904 2164 ea
1937 2121 2070 2182 quae

409 2199 695 2273 apparent
725 2189 1091 2270 gloriamini,
1145 2190 1247 2251 sed
1286 2189 1343 2249 in
1398 2191 1628 2251 occulto
1662 2190 1859 2252 cordis
1891 2191 2067 2253 vestri

412 2281 840 2361 promptuario,
880 2280 1114 2340 Domini
1163 2280 1691 2341 sanctiﬁcationem
1725 2290 2062 2361 Operantes,

413 2388 542 2450 qum
562 2373 620 2430 in
644 2368 1019 2450 separatione
1049 2368 1315 2448 gentium
1340 2388 1374 2430 a
1399 2369 1759 2430 fwditalitms
1781 2370 1904 2432 sive
1927 2389 2064 2451 pra-

410 2459 495 2520 vis
521 2458 783 2519 moribus
801 2457 1185 2533 consistit,ita
1213 2458 1405 2538 ipsum
1431 2458 2063 2522 sanctiticate.Sancti-

412 2547 599 2610 ﬁcatis
631 2557 856 2620 autem,
890 2548 1032 2608 dum
1091 2547 1187 2608 alii
1252 2548 1525 2608 homines
1575 2569 1641 2608 ex
1691 2549 1843 2609 bona
1870 2557 2064 2610 vestra

409 2637 867 2698 conversatione
897 2637 1089 2716 ipsum
1115 2637 1980 2716 glorificant,quemadmodum
2007 2646 2066 2700 et

408 2726 535 2806 ipse
569 2725 726 2788 Deus
757 2745 824 2786 ac
855 2726 1032 2786 homo
1067 2725 1506 2806 praecipit,dum
1537 2729 1616 2786 ait
1652 2748 1664 2783 :
1707 2725 1839 2788 «Sic
1873 2726 2067 2788 luceat

408 2815 507 2878 lux
534 2823 722 2875 vestra
743 2833 942 2875 coram
978 2813 1321 2874 hominibus
1339 2814 1419 2872 52.
1456 2840 1476 2872 ι)
1516 2824 1631 2875 etc.
1669 2813 1832 2886 Quod
1867 2824 2063 2877 autem

409 2904 631 2966 dicitur
688 2902 902 2974 Parati,
965 2903 1259 2982 superiori
1307 2903 1605 2984 particulae
1658 2904 2066 2984 conjungitur,

413 2991 792 3074 putaOmnes
817 2992 948 3054 sitis
990 2992 1322 3053 unanimes.
1359 2991 1617 3054 Verbum
1651 2993 1808 3054 enim
1843 2994 2003 3068 Sitis,
2038 3013 2073 3055 a
2109 2986 2112 2990 ’

411 3080 712 3142 communi
746 3081 1229 3151 subintellectum
1279 3081 1453 3142 etiam
1511 3082 1644 3142 huic
1679 3081 1973 3156 tribuitur,
2011 3091 2073 3144 ut

411 3170 489 3232 sit
505 3188 717 3231 sensus
741 3190 753 3231 :
781 3169 923 3232 Sitis
954 3188 1193 3250 semper
1218 3170 1426 3250 parati.
1461 3168 1597 3231 Vult
1625 3179 1820 3232 autem
1855 3171 2070 3251 praeci-

412 3267 651 3338 perc.ut
685 3258 875 3319 fidelis
906 3261 1084 3319 homo
1110 3277 1348 3339 semper
1373 3267 1607 3339 paratus
1630 3258 1707 3320 sit
1735 3261 1897 3321 circa
1938 3277 2071 3322 ser-

413 3365 653 3408 monem
675 3347 907 3407 [ideiut
937 3367 1296 3428 quocunque
1329 3357 1598 3428 tempore
1621 3349 1878 3428 expetita
1899 3347 2077 3410 fuerit

411 3456 445 3497 a
465 3436 640 3498 nobis
659 3436 806 3497 ratio
826 3437 984 3500 circa
1009 3436 1405 3518 ipsam,facile
1426 3437 1922 3517 respondeamus;
1945 3456 2076 3518 por-

411 3543 502 3596 ro,
527 3525 960 3605 respondentes
990 3544 1124 3587 cum
1151 3527 1609 3588 mansuetudine
1627 3527 1738 3589 hoc
1761 3527 2068 3603 faciamus,

414 3624 693 3694 tanquam
719 3614 843 3695 ipso
867 3634 1102 3696 quoque
1123 3617 1244 3677 Deo
1278 3623 1608 3697 praesente:
1649 3615 1846 3678 nullus
1875 3625 2072 3680 autem

416 3703 568 3783 frugi
589 3721 794 3764 servus
817 3723 922 3764 suo
973 3714 1265 3785 praesente
1297 3705 1540 3766 domino
1573 3715 1733 3767 esset
1762 3724 2067 3784 arrogans.

413 3789 733 3872 Subjungit
758 3811 991 3874 quoque
1026 3795 1251 3856 lucrum
1297 3795 1453 3875 quod
1493 3795 1632 3856 hinc
1661 3794 2067 3877 subsequitur,

413 3880 972 3961 nempeintidelium
988 3883 1534 3964 explorationemac
1547 3883 1728 3945 animi
1746 3883 2080 3966 benignita-

412 3980 529 4032 tem
549 3988 690 4049 erga
711 3989 841 4032 nos.
870 3971 1480 4034 Animadvertendum
1517 3982 1740 4045 autem,
1790 3993 1909 4036 non
1942 3993 2079 4038 esse

411 4059 537 4119 haec
569 4059 866 4121 contraria
898 4061 989 4121 bis
1016 4080 1176 4142 quae-
1203 4079 1237 4122 a
1270 4061 1520 4124 Domino
1552 4063 1708 4123 dicta
1737 4073 1899 4137 sunt,
1931 4062 2074 4126 dum

407 4149 509 4209 ille
529 4146 1063 4228 quiietnjubetme
1085 4150 1329 4212 solliciti
1350 4151 1534 4212 simus
1553 4152 1689 4230 qu:d
1717 4154 2081 4232 respondea-

415 4256 548 4296 mus
583 4236 660 4312 ⁵³,
694 4256 828 4299 cum
859 4247 996 4301 ante
1025 4241 1307 4319 pmsides
1336 4259 1405 4302 ac
1437 4248 1756 4320 potestates
1782 4243 2080 4323 produce-

419 4328 790 4388 mur.Petrus
820 4346 959 4388 vero
1002 4328 1073 4389 ad
1103 4329 1213 4389 hoc
1247 4348 1405 4389 nunc
1439 4331 1756 4410 praeparari
1785 4331 2106 4412 praecipit:

2145 582 2342 656 πίστιν,
2401 586 2536 641 κατά
2591 583 2823 663 ἐδόκουν,
2887 583 3330 664 ἐπανορθούμενος
3386 583 3549 638 ταύτα
3607 584 3634 638 6
3689 603 3796 655 μα·-

2143 671 2324 750 κὶριος
2358 672 2550 751 Πέτρος
2582 675 2761 754 φησὶν,
2808 673 2908 742 ὅτι,
2961 674 3048 740 Μὴ
3107 672 3371 751 λογίζεσθε
3424 673 3586 726 ταῦτα
3635 672 3791 738 κακὰ,

2145 761 2294 835 εἰμὴ
2327 753 2661 841 μακαρισμοῦ
2717 762 2852 828 ἀξια.
2919 753 2976 819 Ὀ
3033 763 3132 841 γὰρ
3184 761 3234 826 ἐξ
3290 760 3576 834 ἀνθρώπων
3625 758 3794 836 ἐπαρ-

2143 850 2375 923 τώμενος
2431 849 2590 927 φόϐος
2642 849 2848 915 οὐδενὸς
2909 850 3070 928 λόγου
3128 849 3293 922 625m,
3356 848 3473 905 ἀλλ’
3531 849 3794 929 ἐφήμεὲοί

2143 937 2194 1002 ἐξ
2251 938 2552 1018 ἐφημέρων.
2603 943 2660 998 Εἰ
2703 942 2802 1020 γάρ
2859 940 3116 1020 ὀφθαλμοὶ
3169 941 3352 1019 Κυρίου
3398 939 3482 994 ἐπὶ
3539 935 3792 1008 δικαίους,

2141 1029 2229 1083 καὶ
2271 1031 2382 1084 ὦτα
2434 1030 2588 1086 αότοῦ
2631 1032 2704 1094 εἷς
2763 1029 2942 1098 δέησιν
2989 1033 3182 1103 αύτὼν,
3216 1029 3301 1086 ἐπὶ
3325 1027 3378 1084 δὲ
3422 1029 3542 1092 τοὺς
3573 1036 3795 1083 ποιοῦν-

2142 1138 2234 1181 τας
2265 1119 2400 1173 κατά
2455 1121 2515 1174 τὸ
2569 1119 2855 1198 πρόσωπον
2916 1120 3094 1198 αὺτοῦ,
3150 1117 3420 1175 ἀπώλειαν
3475 1113 3798 1173 ἐπαπειλοῦν

2149 1219 2264 1268 τοῖς
2295 1221 2508 1282 κακοῖς,
2563 1210 2777 1274 πάντως
2834 1211 2877 1266 εἰ
2932 1210 3071 1266 κακὰ
3113 1215 3299 1281 ταῦτα,
3374 1209 3468 1264 οὒκ
3511 1203 3573 1261 ἂν
3617 1207 3644 1261 6
3692 1205 3798 1260 τῶν

2149 1293 2282 1372 ἀγλθ
2300 1302 2356 1351 ὒν
2405 1297 2596 1372 ταμίας
2654 1300 2790 1374 ὑμᾶς
2855 1299 2975 1364 τοὺς
3019 1297 3398 1376 ἀγαπωμένους
3459 1298 3620 1374 α’δτῷι
3694 1317 3800 1350 κ²’

2149 1396 2268 1447 κοῖς
2315 1384 2686 1458 ἀντημείϐετο.
2749 1390 2824 1446 Τά
2867 1389 2966 1466 γὰρ
3004 1389 3142 1443 κακά
3194 1400 3313 1450 τοῖς
3371 1398 3563 1449 κακοῖς
3628 1405 3802 1441 κατα-

2359 1523 2371 1534 .
2440 1466 2615 1532 ’Ώστε
2672 1480 2732 1533 οὔ
2772 1477 2930 1534 κακαὶ
2988 1477 3038 1532 αἱ
3083 1473 3167 1532 διὰ
3223 1475 3323 1543 τὴν
3381 1471 3644 1532 εὗσέϐειαν
3694 1470 3807 1528 θλί-

2149 1566 2290 1636 alma.
2343 1555 2602 1642 Ἀγιᾶζειν
2633 1563 2686 1620 δὲ
2737 1567 2827 1621 τὸν
2889 1565 3076 1645 Κύριον
3121 1565 3174 1620 ὲν
3229 1578 3350 1628 ταῖς
3408 1560 3639 1640 καρδίαις
3670 1562 3808 1636 μετα

2155 1648 2366 1710 Ἠσαίου
2393 1651 2745 1710 διακελεύεται
2781 1673 2795 1688 ⁸
2843 1655 3100 1727 τουτέστι,
3151 1658 3238 1721 Μὴ
3297 1667 3413 1716 τοῖς
3469 1651 3806 1733 φαινομένοις

2887 1743 2940 1798 ἐν
2999 1748 3074 1818 τῷ
3157 1750 3371 1822 κρυπτῷ
3427 1743 3522 1810 τῆς
3593 1738 3809 1820 καρδίας

2155 1830 2302 1903 ὑμῶν
2359 1830 2558 1906 ταμείῳ
2625 1833 2714 1888 τὸν
2784 1831 3045 1912 ἆγιασμὸν
3101 1833 3476 1912 ἐνεργάσαντες
3545 1837 3636 1887 τοῦ
3695 1839 3809 1887 Κυ-

2157 1917 2287 1997 ρίου,
2321 1919 2378 1984 ὃς
2426 1918 2480 1975 ἐν
2538 1925 2614 1994 τῷ
2667 1920 2772 1977 ἀπὸ
2815 1922 2919 1978 τῶν
2977 1922 3316 2000 μιασμάτων,
3351 1919 3466 1987 ἤτοι
3497 1924 3601 1976 τῶν
3631 1941 3813 1984 πονη-

2157 2013 2258 2085 ρῶν
2305 2007 2434 2064 ἐθῶν
2503 2009 2779 2090 ἀφορισμῷ
2843 2016 2948 2066 τῶν
3001 2013 3160 2066 ἒθνὼν
3231 2009 3572 2088 περιγίνεται,
3645 2007 3815 2070 οῧτως

2153 2096 2311 2152 αὐτὸν
2377 2099 2639 2176 ἀγιάζετε,
2708 2090 2976 2178 Ἀγιάζετε
3032 2099 3086 2156 δὲ
3141 2099 3247 2156 ἀπὸ
3289 2105 3387 2166 τῆς
3448 2097 3617 2170 καλῆς
3665 2099 3819 2171 ὑμῶν

2152 2184 2514 2268 ἀναστροφῆς,
2547 2185 2865 2259 δοξαζόντων
2915 2191 3071 2247 αὸτῖδν
3127 2195 3235 2245 τῶν
3279 2187 3453 2243 ἄλλων
3498 2187 3812 2266 ἀνθρώπων.

2150 2276 2223 2338 ὡς
2268 2296 2354 2331 και
2424 2278 2577 2337 αύτὸς
2647 2279 2674 2333 6
2725 2278 3054 2356 θεάνθρωπος
3113 2276 3472 2358 παραγγέλλει
3530 2274 3612 2331 διὰ
3667 2286 3761 2334 του
3799 2295 3812 2310 ⁸

2155 2386 2180 2417 ε
2218 2362 2368 2421 Οὕτω
2429 2363 2696 2441 λαμψάτω
2750 2369 2812 2422 τὸ
2870 2373 2980 2448 φῶς
3029 2368 3171 2442 ὃμῶν
3228 2366 3516 2446 ἔμπροσθεν
3573 2371 3679 2420 τῶν
3709 2365 3816 2419 ἀν-

2145 2452 2390 2531 θρώπων,
2427 2476 2455 2508 ι
2495 2457 2565 2512 Τὸ
2593 2453 2669 2528 δὲ,
2720 2445 2998 2536 ”Ετοιμοι,
3036 2459 3163 2534 πρὸς
3219 2458 3280 2512 16
3340 2455 3586 2534 ἀνωτέρω
3645 2477 3806 2511 συνυ-

2148 2542 2434 2598 πακούεται
2477 2545 2560 2618 τὸ,
2625 2545 2821 2610 Πάντες
2878 2546 3167 2624 ὁμόφρονες
3231 2543 3430 2606 ἔσεσθε,
3493 2543 3659 2602 Τοῦτο
3703 2545 3808 2622 γὰρ

2147 2631 2230 2702 16,
2269 2620 2520 2701 “Boeotia,
2555 2633 2689 2689 κατά
2733 2643 2912 2692 κοινοῦ
2968 2636 3056 2690 καὶ
3099 2635 3268 2707 τούτῳ
3329 2631 3652 2704 ἀποδίδοται,
3711 2631 3809 2687 Ἵνα

2147 2717 2204 2795 ᾗ,
2267 2707 2499 2778 ’Ἑσεσθε
2553 2721 2631 2777 ἀεὶ
2691 2720 2913 2797 ἕτοιμοι,
2960 2721 3203 2799 βούλεται
3261 2721 3314 2778 δὲ
3359 2719 3808 2802 παρακελεύεσθαι

2149 2809 2228 2865 ἀεὶ
2256 2811 2348 2865 16v
2379 2813 2564 2867 πιστὸν
2619 2808 2890 2892 ἄνθρωπον
2922 2814 3036 2892 περὶ
3062 2815 3153 2870 16v
3197 2812 3293 2880 τῆς
3350 2813 3577 2874 πίστεως
3615 2808 3803 2888 λόγον,

2150 2900 2223 2964 ὡς
2294 2896 2346 2954 ἐν
2403 2900 2558 2956 παντὶ
2616 2909 2782 2980 καιρῷ
2851 2901 3263 2976 ἀπαιτουμένους
3321 2903 3464 2977 ἡμᾶς
3541 2901 3632 2956 τὸν
3703 2920 3806 2978 περ

2154 2989 2316 3054 αὖτῆς
2387 2986 2567 3068 λόγον,
2655 2993 2889 3070 εὐχερῶς
2962 2991 3350 3070 ἀποκρίνεσθαι.
3429 2988 3818 3069 Ἀποκρινομέ-

2155 3099 2275 3141 νους
2308 3074 2362 3131 δὲ
2394 3080 2530 3153 μετά
2573 3081 2872 3158 πραὺτητος
2929 3091 3083 3139 τοῦτο
3135 3093 3334 3152 ποιεῖν,
3383 3081 3458 3143 ὡς
3512 3079 3602 3136 καὶ
3657 3079 3818 3136 αὐτοῦ

2158 3171 2248 3222 τοῦ
2300 3171 2430 3223 Θεοῦ
2510 3169 2766 3248 παρόντος
2801 3184 2814 3198 ⁸
2904 3167 3069 3234 οὒδεὶς
3156 3167 3211 3225 δὲ
3266 3178 3358 3228 τοῦ
3423 3180 3599 3248 κυρίου
3655 3166 3818 3222 αὐτοῦ

2157 3253 2419 3334 παρόντος
2464 3255 2750 3336 εὗγνώμων
2800 3254 3002 3338 δούλος,
3064 3255 3535 3315 άπαυθαὸιάσαιτο.
3597 3266 3694 3315 Kal
3752 3257 3819 3312 16

2157 3343 2264 3400 ἀπὸ
2342 3345 2526 3402 τούτου
2595 3343 2776 3426 κέρδος
2835 3346 3047 3425 ἐπάγει,
3105 3353 3204 3415 τὴν
3259 3346 3364 3403 ἀπὸ
3419 3353 3525 3403 τῶν
3577 3345 3818 3402 ἀπίστων

2157 3434 2274 3513 περὶ
2357 3433 2501 3510 ἡμᾶς
2574 3434 3014 3514 ἐπιγνωμοσύνην
3095 3456 3153 3492 τε
3239 3437 3326 3493 καὶ
3383 3434 3816 3514 εὔγνωμοσύνην.

2160 3519 2500 3580 Ἐπιστατέον
2551 3521 2605 3579 δὲ
2649 3526 2722 3589 ὡς
2775 3526 2869 3582 οὒκ
2925 3524 3131 3581 ἐναντία
3189 3535 3352 3584 ταῦτα
3409 3537 3524 3588 τοῖς
3582 3525 3682 3580 ὑπο
3723 3531 3821 3580 τοῦ

2158 3611 2345 3690 Κυρίου
2414 3613 2732 3691 εἰρημένοις,
2791 3615 2834 3670 εί
2895 3616 2923 3670 6
2981 3615 3100 3690 μὲν,
3154 3615 3233 3690 μὴ
3291 3617 3572 3694 μεριμνᾷν,
3627 3614 3817 3694 φησὶν,

2156 3700 2242 3757 ἐπὶ
2295 3702 2389 3767 τάς
2447 3703 2620 3783 ἀρχὰς
2681 3704 3106 3784 προσαγομένους
3169 3705 3256 3760 καὶ
3315 3704 3408 3768 τὰς
3481 3703 3711 3769 ἐξουσίας
3765 3703 3820 3758 τί

2161 3787 2582 3870 ἀπολογηθῶμεν
2616 3808 2629 3820 ·
2679 3793 2876 3873 Πέτρος
2932 3791 2986 3850 δὲ
3038 3795 3168 3873 πρὸς
3210 3799 3363 3850 τοῦτο
3393 3793 3816 3873 παρεσκευάσθαι

2162 3880 2247 3936 νῦν
2321 3879 2699 3960 παραγγέλλει,
2775 3884 2850 3940 Τά
2923 3882 3018 3958 μὲν
3099 3883 3200 3961 γὰρ
3264 3883 3368 3938 61:6
3440 3882 3625 3960 Κυρίου
3695 3883 3820 3959 περὶ

2161 3971 2440 4049 μαρτυρίου
2509 3970 2743 4050 εἴρηται.
2791 3975 2889 4035 Οἷς
2933 3973 3020 4027 καὶ
3077 3969 3383 4041 δοθήσεσθαί
3423 3993 3554 4052 φησι
3597 3967 3818 4047 δύναμιν

2162 4059 2248 4114 καὶ
2306 4057 2464 4136 λόγον
2521 4061 2788 4140 κρείττονα
2860 4062 3042 4142 σοφίας
3112 4062 3464 4140 ἀνθρωπίνης,
3547 4062 3635 4116 καὶ
3709 4065 3820 4115 τῶν

2166 4149 2531 4227 περιεστώτων
2586 4147 2762 4229 φόϐων
2815 4151 3179 4230 ἀφρόντιστον.
3263 4154 3332 4207 T6
3417 4148 3471 4206 δὲ
3542 4151 3644 4206 61:6
3727 4151 3825 4205 τοῦ

2169 4237 2386 4316 Πέτρου,
2421 4241 2538 4318 περὶ
2582 4237 2918 4304 διδασκαλίας
2975 4238 3209 4319 εἴρηται.
3268 4242 3338 4297 T6
3381 4241 3480 4318 γὰρ
3523 4237 3644 4295 ἄνευ
3688 4260 3820 4294 συν-

2167 4325 2326 4392 έσεως
2357 4329 2444 4384 καὶ
2470 4327 2758 4394 ἱξετάσεως
2816 4328 2994 4386 δοκεῖν
3047 4352 3096 4386 τι
3155 4327 3363 4402 εἰδέναι,
3401 4328 3604 4405 μέμψιν
3647 4328 3818 4408 φέρει,

416 4414 725 4494 Siquidem
759 4415 992 4477 Domini
1050 4417 1228 4478 verba
1283 4418 1356 4478 de
1419 4409 1696 4498 martyrio
1729 4409 1886 4480 dicta
1917 4409 2071 4500 sunt,

2166 4416 2362 4478 Γνῶσις
2407 4417 2507 4496 γὰρ
2534 4417 2816 4495 ἀσυνέτων,
2851 4418 3178 4485 ἀνεξέταστοι
3222 4417 3395 4497 λόγοι.
3463 4409 3682 4484 ’Ἄλλως
3733 4438 3819 4497 τε,

419 4521 552 4564 cum
584 4504 758 4564 etiam
785 4505 1041 4566 dandam
1069 4506 1148 4567 ait
1179 4507 1452 4569 virtutem
1478 4525 1548 4568 ac
1567 4527 1905 4570 sermonem
1932 4509 2079 4572 vali-

419 4592 648 4653 diorem
681 4593 886 4674 quavis
917 4596 1180 4656 humana
1211 4595 1708 4678 sapientia,etqui
1741 4607 2084 4660 contemnat

418 4681 877 4744 circumstantes
936 4685 1185 4747 timores
1215 4704 1228 4744 :
1263 4684 1420 4746 Petri
1454 4694 1650 4746 autem
1683 4687 1980 4750 sententia
2009 4689 2084 4750 de

419 4771 690 4832 doctrina
721 4773 1008 4854 loquitur.
1041 4773 1187 4836 Nam
1223 4774 1354 4837 sine
1387 4776 1690 4838 intellectu
1743 4785 1800 4838 et
1836 4778 2082 4856 indaga-

419 4860 579 4922 tione
604 4861 791 4924 videri
818 4863 933 4925 sibi
952 4864 1174 4945 aliquid
1200 4864 1629 4944 scire,dignum
1651 4868 2083 4948 estreprehen-

419 4948 886 5014 sione.Scientia
919 4954 1078 5014 enim
1125 4953 1565 5015 insensalorum
1603 4953 1920 5036 iueapensi
1953 4976 2083 5019 ser-

425 5057 630 5101 mones
653 5041 1030 5106 5‘.Praeterea
1062 5044 1240 5105 etiam
1273 5041 1554 5124 quoniam
1575 5045 1650 5105 de
1680 5044 1856 5107 variis
1882 5047 2084 5109 nefan-

423 5127 513 5191 dis
538 5130 717 5192 rebus
759 5149 867 5193 nos
898 5133 1282 5205 accusabant,
1317 5131 1421 5194 sed
1481 5142 1534 5193 et
1588 5151 1758 5208 siem
1820 5145 2078 5199 nostram

423 5215 661 5279 inanem
696 5237 829 5282 esse
855 5221 1428 5296 ostendebant,dicit
1459 5231 1518 5283 ut
1549 5223 1622 5284 de
1647 5225 1738 5285 his
1769 5225 2080 5289 meditatas

423 5309 848 5386 responsiones
879 5313 1160 5387 feramus,
1184 5311 1475 5374 habentes
1502 5311 1676 5374 simul
1698 5314 1872 5374 etiam
1899 5316 2074 5378 vitam

428 5395 920 5478 probatam,quod
953 5419 1095 5461 sane
1121 5401 1545 5462 conscientiam
1571 5411 1754 5463 vocat.
1797 5429 1823 5460 α
1859 5404 2076 5469 Scien-

429 5493 516 5546 tes
545 5485 699 5566 quod
723 5489 797 5549 ad
839 5489 951 5550 hoc
990 5492 1173 5552 vocati
1202 5492 1292 5554 sit}
1317 5513 1346 5552 ε.
1388 5515 1414 5545 n
1450 5496 1533 5550 ibi
1579 5532 1583 5536 -
1627 5493 1785 5554 iirdo
1820 5505 1909 5556 est
1937 5516 2074 5560 cum

2163 4506 2251 4561 καὶ
2298 4503 2479 4572 ἐπειδή
2537 4506 2712 4564 πολλά
2752 4511 3080 4589 κατηγόρουν
3136 4511 3290 4585 ἡμῶν
3348 4510 3592 4586 ἀθέμιτα,
3653 4506 3816 4588 ἀλλὰ,

2164 4596 2251 4650 καὶ
2291 4597 2384 4660 τὰς
2415 4594 2626 4661 ἐλπίδας
2671 4599 2825 4664 κενὰς
2885 4602 3044 4673 ἡμῶν
3096 4598 3466 4678 ἀπεφαίνοντο,
3515 4599 3633 4678 περὶ
3679 4598 3809 4655 τού.

2163 4707 2267 4742 των
2352 4686 2740 4766 λελογισμένως
2824 4688 2996 4768 φέρειν
3067 4690 3160 4753 τάς
3245 4687 3546 4766 ἀποκρίσεις
3628 4689 3811 4769 φησὶν,

2166 4775 2390 4855 ἔχοντας
2433 4779 2522 4833 καὶ
2562 4781 2652 4833 τὸν
2705 4779 2816 4855 βίον
2873 4778 3204 4850 συνέπαινον,
3279 4779 3307 4834 ὃ
3378 4777 3444 4846 δὴ
3499 4779 3587 4835 καὶ
3634 4779 3811 4834 συνεί-

2165 4863 2318 4932 δησιν
2346 4864 2525 4924 καλεῖ.
2598 4889 2620 4922 ι
2683 4865 2888 4934 Είδὸτες
2960 4866 3038 4924 ὅτι
3097 4870 3167 4925 εἷς
3237 4875 3391 4926 τοῦτο
3449 4865 3730 4938 ἐκλήθητε,
3783 4892 3808 4922 π

2167 4957 2238 5012 Τὸ
2297 4954 2416 5022 ἑξῆς
2486 4961 2544 5015 o6
2600 4958 2734 5032 μετά
2792 4957 2887 5026 τῆς
2943 4957 3262 5037 προειμένης
3304 4962 3658 5024 κατασκευῆς.
3746 4961 3818 5015 Τὸ

2166 5040 2221 5099 δὲ
2250 5045 2427 5126 τέλος,
2461 5045 2578 5113 ἤτοι
2609 5048 2670 5102 16
2713 5048 3159 5104 συνεκτικώτατον
3196 5067 3207 5079 ·
3257 5048 3454 5111 Πάντες
3527 5049 3816 5127 ὁμοφρονες

2167 5130 2366 5216 ἔσεσθε,
2411 5138 2498 5192 καὶ
2556 5135 2699 5216 ἑξῆς,
2735 5134 2925 5202 εἰδότες
2958 5135 3037 5192 ὅτι
3088 5137 3159 5195 εἷς
3217 5147 3368 5196 τοῦτο
3413 5134 3696 5206 ἐκλήθητε,
3745 5136 3816 5197 εἷς

2162 5226 2224 5279 τὸ
2253 5222 2517 5306 εὖλογεῖν,
2547 5225 2808 5306 τουτέστι,
2857 5227 3055 5289 πάντας
3099 5225 3155 5282 εὖ
3192 5225 3365 5306 λέγειν
3440 5246 3470 5285 ι
3507 5224 3814 5304 Εὖλογεῖτε,

2162 5313 2261 5394 γὰρ
2290 5316 2376 5371 καὶ
2407 5313 2613 5379 Παῦλός
2666 5321 2820 5395 (prim,
2868 5317 2988 5380 τοὺς
3043 5314 3326 5383 διώκοντας
3367 5319 3524 5393 ὑμᾶς.
3569 5339 3592 5372 ο
3653 5323 3817 5374 Τοῦτο

2161 5401 2215 5458 δὲ
2299 5413 2569 5469 ποιοῦντες
2640 5404 3072 5486 κληρονομήσετε
3156 5405 3324 5481 ὄνομα
3405 5407 3549 5485 παρά
3603 5406 3815 5462 πάντων

2160 5495 2391 5571 ἀκούειν,
2449 5497 2536 5576 τὸ,
2595 5497 2654 5556 0i
2698 5497 3060 5575 εὐλογοῦντες.
3125 5498 3269 5555 Διότι
3342 5500 3402 5556 ού
3454 5496 3654 5557 δίκαιου
3723 5497 3815 5554 τὸν

504 5661 569 5713 50
596 5661 778 5727 Eccli.
812 5683 896 5748 ιι,
932 5671 1026 5734 t4.
1113 5672 1165 5723 54
1201 5671 1311 5736 Isa.
1345 5685 1468 5744 VIII,
1511 5668 1605 5733 t3.
1688 5671 1752 5721 δί
1781 5673 1986 5742 Matth.
2017 5692 2071 5741 ιι

2176 5681 2271 5741 16.
2359 5676 2430 5726 53
2456 5676 2664 5741 Matth.
2699 5693 2761 5754 ι,
2796 5677 2899 5743 19.
2983 5679 3047 5730 54
3073 5676 3262 5742 Eccli.
3296 5693 3420 5754 nl,
3454 5676 3555 5740 21.
