4136 6428
294 395 413 460 553

1315 394 1707 459 COMMENT.
1756 395 1838 456 IN
1886 392 2126 456 EPIST.
2175 397 2200 456 Ι
2245 395 2307 458 8.
2358 396 2611 458 PETRI.

3546 403 3661 467 554

283 533 386 595 τῆς
428 529 628 585 αἰωνίου
668 534 815 600 ζωῆς
858 526 1220 606 ἀντεχόμενον
1278 523 1362 582 διὰ
1390 531 1489 593 τῆς
1521 525 1770 605 γλώσσης
1812 525 1918 581 τινὰ

2013 524 2292 603 praedicta
2321 534 2643 588 structura.
2676 526 2741 587 In
2772 545 3026 609 summa,
3051 530 3174 592 sive
3204 537 3263 592 et
3290 531 3671 596 absolutissi"

283 615 641 698 βλασφημεῖν.
708 618 810 674 Διὰ
866 626 1021 675 τοῦτο
1078 617 1167 672 καὶ
1270 613 1438 671 Δαυ³ιδ
1504 628 1774 694 παραινεῖ,
1837 616 1935 681 τὴν

282 704 523 783 γλῶσσαν
592 708 823 785 καθαρὰν
896 704 1044 785 ἔχειν
1135 703 1418 783 λοιδορίας,
1520 715 1613 764 τοῦ
1694 703 1933 767 θέλοντος

284 795 581 874 ἐπέράστως
611 794 911 853 διακεῖσθαι
957 796 1088 874 πρὸς
1117 795 1216 862 τὴν
1278 795 1442 859 ὅντως
1474 796 1639 874 ζωὴν,
1672 796 1756 850 καὶ
1787 794 1928 862 ἑξῆς.

284 881 436 940 Οὖτω
490 885 588 962 γὰρ
640 882 1127 964 παρεσκευασμένοι
1190 881 1330 948 ’έξετε
1400 884 1490 939 τὸν
1540 880 1933 957 παντοδύναμον

283 973 372 1027 καὶ
429 974 807 1040 παντεπόπτην
863 975 1082 1043 εὐήκοον
1139 974 1227 1028 καὶ
1273 970 1487 1052 ἡμέρως
1554 969 1927 1050 ἒπιϐλέποντα,

281 1058 404 1117 ἀλλ’
434 1064 555 1141 οὐχὶ
594 1063 683 1118 καὶ
729 1061 975 1139 ὀργίλως,
1053 1060 1231 1140 ὥσπερ
1285 1063 1416 1140 πρὸς
1450 1062 1565 1121 τοὺς
1607 1058 1930 1123 κακοποίους

282 1149 340 1205 Εἰ
368 1147 426 1205 δὲ
451 1158 626 1224 τοῦτο,
659 1150 738 1214 τίς
770 1154 798 1208 6
849 1148 1132 1225 δυνάμενος
1203 1155 1443 1206 κακῶσαι
1512 1151 1648 1225 ὑμᾶς
1682 1168 1698 1229 ς
1764 1152 1820 1206 Εἰ
1876 1148 1929 1204 δὲ

278 1237 366 1293 καὶ
392 1235 576 1313 θλῖψις
608 1238 917 1318 ἐπενεχθείη
946 1239 1073 1313 ὑμῖν
1103 1251 1220 1301 τοῖς
1279 1244 1372 1295 τοῦ
1435 1237 1632 1315 ἀγαθοῦ
1686 1235 1927 1317 ἐργάταις

276 1326 361 1381 καὶ
418 1341 708 1403 μιμηταῖς,
768 1326 847 1404 μὴ
906 1325 1246 1405 ὁλιγωρεϊτε,
1305 1326 1524 1405 χαίρετε
1580 1323 1659 1401 δὲ,
1720 1331 1926 1404 πρῶτον

278 1415 373 1482 μὲν
403 1413 486 1472 ὅτι
515 1420 575 1476 οὖ
603 1419 742 1474 κακὰ
784 1425 967 1496 ταῦτα,
1042 1414 1223 1473 ἔπειτα
1270 1414 1351 1471 ὅτι
1407 1417 1494 1472 καὶ
1563 1414 1810 1493 μακάριοι
1843 1414 1926 1469 διὰ

275 1513 460 1577 ταῦτα,
496 1503 615 1561 ἀλλ’
656 1508 778 1586 οὖχὶ
831 1503 1024 1566 ἄθλιοι.
1080 1506 1173 1561 Διὸ
1216 1505 1270 1561 ἐν
1312 1520 1436 1570 ταῖς
1486 1502 1722 1579 καρδίαις
1778 1504 1925 1579 ὑμῶν

274 1592 365 1647 τὸν
393 1595 526 1651 Θεὸν
569 1595 894 1671 ἀγιάζοντες,
954 1595 1045 1649 τὸν
1103 1593 1425 1673 ἀνθρώπινον
1482 1591 1642 1671 φόϐον
1688 1592 1765 1668 μὴ
1821 1615 1924 1671 (ρο-⁸

274 1678 480 1756 ϐετσθε,
522 1682 658 1757 μηδὲ
715 1685 1053 1763 ταράσσεσθε,
1121 1671 1354 1739 ’Ἑσεσθε
1436 1684 1527 1738 καὶ
1583 1681 1782 1756 ἕτοιμοι
1840 1686 1925 1735 καὶ

272 1772 399 1848 πρὸς
444 1771 735 1849 ἀπολογίαν
789 1771 876 1828 ἀεὶ
922 1779 1013 1829 τοῦ
1071 1773 1226 1828 παντὶ
1283 1793 1359 1845 τῳ
1401 1769 1729 1851 ἐπερωτῶντι
1787 1770 1921 1844 ὑμᾶς

272 1862 517 1937 περὶτῆς
542 1859 658 1919 καθ’
687 1863 822 1936 ὑμᾶς
905 1858 1112 1924 ἐλπίδος
1170 1858 1451 1919 ἀποδοῦναι
1505 1859 1688 1938 λόγον.
1753 1859 1919 1915 Ἀπο-
1950 1899 1985 1947 Β

272 1945 445 2006 δοῦναι
479 1947 536 2005 δὲ
567 1952 696 2026 μετὲ
723 1957 815 2008 τοῦ
860 1952 948 2007 καὶ
988 1949 1171 2029 πρᾶξιν
1243 1947 1619 2006 ἐπιδείκνυσθαι
1692 1949 1916 2027 ἀγαθήν.

274 2036 455 2114 Πρᾴως
492 2040 590 2117 γὰρ
619 2047 773 2097 τοῦτο
838 2041 925 2095 καὶ
985 2037 1100 2113 μετ’
1149 2037 1439 2095 ἐπιεικείας
1473 2045 1768 2116 ποιοῦντες,
1803 2038 1921 2092 τότε

270 2123 488 2189 ἑαυτοῖς
522 2126 803 2183 συνειδέναι
829 2127 1149 2184 πιστώσεσθε
1220 2127 1415 2205 ἀγαθὰ,
1490 2128 1575 2182 καὶ
1639 2128 1757 2189 τοῦς
1819 2148 1921 2181 πο-

270 2216 424 2293 νηρὰς
451 2219 577 2295 περὶ
604 2220 749 2292 ὑμῶν
823 2216 1046 2296 ἔχοντας
1122 2214 1417 2290 ὑπολήψεις
1488 2228 1920 2294 καταισχυνεῖτε.

272 2324 297 2355 α
368 2304 681 2373 Συνείδησιν
738 2305 954 2386 ἔχοντες
1012 2305 1238 2383 ἀγαθήν.
1290 2327 1363 2386 »μ
1394 2305 1693 2383 Τουτέστιν,
1755 2304 1925 2381 ἀγαθᾶ

267 2391 483 2456 ἑαυτοῖς
529 2383 844 2458 συνειδότες,
890 2392 1007 2449 ἄλλ’
1036 2395 1097 2450 οὗ
1126 2393 1287 2456 κακά,
1327 2383 1547 2472 υιὶσπερ
1591 2396 1642 2449 αἱ
1671 2392 1921 2472 βλασφη-

264 2491 488 2554 μοῦντες
554 2485 689 2557 ὑμᾶς
761 2483 1057 2560 βούλονται.
1154 2504 1177 2537 α
1268 2485 1327 2539 Οἱ
1421 2482 1822 2561 ἐπηρεάζοντες.
1890 2504 1919 2537 ι

267 2565 401 2625 Ἀντὶ
432 2578 557 2650 τοῦ,
592 2575 637 2628 οἱ
677 2571 1151 2651 λογοπραγοῦντες,
1214 2573 1259 2626 0i
1317 2577 1516 2649 πικρῶς
1568 2570 1917 2641 ἐξετάζοντες.

2017 631 2112 674 me
2144 614 2582 691 dicam,omnes
2613 616 2740 676 sitis
2774 617 3087 679 unanimes
3113 627 3172 680 et
3197 626 3430 697 cmtera,
3464 622 3669 684 scien-

2020 708 2105 762 tes
2127 704 2280 782 quod
2307 704 2377 763 ad
2407 705 2517 765 hoc
2539 705 2727 765 vocati
2761 704 2908 775 sitis,
2940 714 3004 769 ut
3035 706 3427 779 benedicatis,
3464 711 3521 772 id
3554 718 3666 786 est,

2017 790 2087 850 ad
2120 791 2598 853 benedicendum
2662 793 2959 855 omnibus.
2995 794 3089 856 Ait
3121 797 3282 858 enim
3314 808 3374 860 et
3403 798 3615 862 Paulus
3648 818 3663 863 :

2022 879 2400 942 «Benedicite
2423 882 2919 962 persequentibus
2947 902 3049 944 vos
3073 887 3137 936 55
3169 886 3329 949 nHoc
3346 896 3545 951 autem
3576 890 3667 951 fa—

2015 968 2239 1028 cientes
2263 969 2641 1031 hzeretlitario
2661 970 2799 1049 jure
2826 972 3205 1051 possidebitis
3238 995 3477 1050 nomen,
3505 987 3566 1039 ut
3594 976 3668 1040 ab

2013 1056 2287 1117 omnibus
2307 1058 2559 1119 audiatis
2580 1059 3251 1143 Benedicentes.Neque
3266 1064 3423 1125 enim
3438 1067 3668 1145 justum

2014 1153 2102 1205 est
2133 1145 2298 1207 illum
2360 1147 2461 1227 qui
2514 1159 2754 1208 (eterna;
2808 1148 2940 1209 vitm
2986 1150 3272 1225 adhaeret,
3306 1153 3505 1233 lingua
3533 1154 3667 1216 cui-

2012 1252 2184 1313 quam
2210 1235 2434 1297 inferre
2464 1237 2823 1300 convicium.
2870 1237 3193 1319 Propterea
3218 1260 3454 1323 quoque
3482 1242 3667 1305 David

2010 1323 2289 1385 admonet
2321 1325 2581 1404 linguam
2613 1325 2832 1387 habere
2851 1346 3105 1406 purama
3126 1330 3392 1393 convicio
3412 1350 3545 1393 eum
3563 1332 3669 1413 qui

2010 1412 2230 1475 amanti
2260 1413 2457 1474 animo
2488 1414 2739 1476 allectus
2768 1415 2845 1476 sit
2866 1417 2937 1476 ad
2973 1434 3169 1478 veram
3197 1418 3398 1495 vitam,
3436 1427 3550 1485 etc.
3584 1412 3668 1483 Ita

2010 1518 2265 1581 namque
2326 1502 2655 1581 praep-irati,
2718 1503 3012 1567 habebitis
3091 1507 3560 1588 omnipotentem
3611 1519 3671 1574 et

2009 1590 2271 1650 omnium
2294 1591 2687 1671 inspectorem
2708 1591 3132 1673 obsequentem
3150 1595 3528 1678 benigneque
3548 1598 3668 1661 ins-

2012 1688 2499 1758 pectantem,non
2534 1691 2698 1743 torvo
2730 1693 2828 1744 aut
2860 1688 3006 1745 irato
3039 1686 3666 1768 animo,quemadmo-

2007 1767 2146 1827 dum
2181 1768 2439 1829 intuetur
2468 1788 2569 1829 eos
2623 1772 2723 1850 qui
2754 1771 2906 1832 mala
2936 1767 3477 1853 operantueruod
3508 1778 3559 1839 si
3587 1778 3668 1841 ita

2008 1857 2106 1928 sit,
2138 1856 2271 1936 quis
2309 1858 2522 1936 poterit
2568 1878 2671 1919 vos
2721 1861 2890 1921 malis
2920 1863 3210 1924 afﬁcere?
3234 1862 3401 1935 Quod
3420 1865 3663 1929 sietiam

2008 1945 2244 2006 aﬂlictio
2274 1946 2562 2008 inferatur
2617 1946 2782 2008 vobis
2832 1949 2973 2009 dum
3006 1949 3284 2013 bonitatis
3315 1960 3665 2033 operatores

2008 2044 2065 2094 et
2116 2034 2443 2097 imitatores
2495 2037 2657 2111 estis,
2726 2056 2797 2097 ne
2848 2038 2980 2101 sitis
3029 2040 3239 2119 pusillo
3288 2042 3509 2117 animo,
3555 2044 3663 2106 sed

2005 2123 2304 2200 gaudete:
2362 2122 2615 2203 primum
2673 2125 2937 2205 quidem.
2990 2127 3147 2207 quod
3203 2129 3328 2191 haec
3360 2149 3478 2192 non
3510 2131 3665 2193 mala

2006 2210 2124 2271 sint
2154 2231 2166 2271 :
2192 2212 2410 2273 deinde
2430 2212 2628 2286 etiam,
2664 2214 2819 2294 quod
2874 2224 3115 2295 propter
3137 2218 3248 2278 ista
3268 2217 3423 2281 beati
3445 2219 3576 2281 sitis
3603 2228 3663 2283 et

2007 2317 2124 2359 non
2160 2299 2362 2360 miseri
2411 2299 2549 2361 Ideo
2575 2300 2762 2361 Deum
2782 2302 2840 2361 in
2862 2304 3143 2365 cordibus
3166 2307 3373 2367 vestris
3390 2307 3658 2372 sanctiﬁ-

2007 2395 2312 2459 cantes,ne
2339 2390 2678 2450 terreamini
2720 2391 2976 2452 humano
3002 2396 3213 2456 timore
3242 2412 3437 2475 neque
3455 2396 3659 2459 turbe-

2010 2477 2323 2539 miniﬁitis
2355 2488 2547 2539 autem
2578 2488 2637 2540 et
2671 2481 2855 2560 parati
2885 2482 2955 2541 ad
2987 2484 3471 2562 respondendum
3494 2504 3657 2548 sem-

2007 2585 2111 2646 per
2142 2567 2385 2629 cuilibet
2422 2568 2810 2648 interroganti
2832 2588 2956 2644 vos,
2986 2579 3046 2631 ut
3074 2573 3337 2634 reddatis
3366 2574 3659 2636 rationem

263 2656 334 2718 de
360 2676 468 2739 Spe
510 2678 643 2741 qua;
670 2661 827 2741 apud
857 2680 960 2722 vos
991 2669 1104 2723 est.
1141 2658 1424 2722 Reddatis
1455 2666 1651 2720 autem
1701 2677 1821 2720 una
1866 2676 2001 2719 cum
2042 2655 2408 2717 exhibitione
2470 2658 2637 2719 bonae
2668 2658 2941 2719 actionis.
2975 2659 3037 2720 Id
3068 2660 3228 2721 enim
3261 2669 3568 2725 mansuete
3599 2670 3661 2725 et

264 2762 394 2807 cum
427 2746 802 2828 benignitate
832 2749 1140 2829 facientes,
1196 2746 1628 2809 confirmabitis
1684 2756 1825 2809 tunc
1885 2747 2038 2808 bene
2100 2744 2412 2825 vobisipsis
2471 2766 2600 2809 esse
2660 2750 2954 2823 conscios,
2989 2758 3048 2809 et
3079 2768 3182 2810 eos
3211 2751 3315 2831 qui
3346 2769 3553 2831 pravas
3582 2752 3658 2814 de

261 2834 422 2898 vobis
449 2835 684 2900 habent
708 2838 1082 2920 suspiciones
1115 2837 1527 2919 pudefacietis.
1591 2860 1614 2893 ιι
1652 2835 2091 2899 Conscientiam
2124 2834 2407 2895 habentes
2458 2837 2692 2897 bonam.
2735 2835 2920 2917 “Hoc
2952 2847 3061 2913 est,
3098 2838 3238 2899 dum
3270 2839 3425 2901 bene
3455 2839 3658 2902 vobis-

259 2922 400 3004 ipsis
428 2926 662 2989 conscii
696 2928 838 2990 estis
869 2935 928 2990 et
956 2946 1075 2989 non
1107 2927 1282 3003 male,
1315 2925 1819 3008 quemadmodum
1850 2925 1938 2986 illi
1967 2924 2064 3005 qui
2114 2943 2215 2985 vos
2273 2924 2729 2986 calumniantur.
2802 2949 2827 2980 α
2864 2928 2937 2989 Hi
2968 2926 3068 3007 qui
3098 2927 3408 2989 incessunt
3467 2953 3493 2985 ι
3530 2928 3655 2991 Ηοο

266 3022 377 3089 est,
410 3014 517 3096 qui
547 3014 749 3079 verbis
775 3017 1081 3094 negotium
1113 3016 1434 3089 facessunt,
1464 3015 1683 3078 acerbe
1711 3014 2082 3093 indagantes.

345 3126 372 3158 σ
403 3115 668 3185 Κρεϊττον
715 3107 816 3186 γὰρ
866 3107 1335 3185 ἀγαθοποιοῦντας,
1396 3107 1441 3162 εἰ
1507 3104 1648 3162 θέλοι
1706 3108 1767 3162 τὸ
1825 3107 1909 3162 θὲ-

266 3190 409 3270 λημα
478 3204 581 3254 τοῦ
650 3203 799 3265 Θεοῦ,
886 3196 1140 3275 πάσχειν,
1198 3195 1235 3263 ἢ
1324 3204 1762 3269 κακοποιοῦντας,
1834 3194 1913 3251 ὅτι

262 3283 342 3337 καὶ
409 3283 643 3363 Χριστὸς
720 3283 858 3350 ἅπαξ
929 3285 1060 3361 ὑπὲρ
1157 3284 1426 3363 ἁμαρτιῶν
1536 3282 1743 3357 ἔπαθεν,
1832 3281 1914 3339 δί-

262 3393 405 3435 καιος
488 3373 626 3451 ὑπὲρ
713 3371 926 3447 ἀδίκων,
1028 3372 1116 3430 ’ἕνα
1227 3375 1370 3447 ἡμᾶς
1441 3372 1755 3453 προσαγάγῃ
1839 3378 1915 3445 τῷ

271 3466 403 3540 Θεῷ,
487 3464 809 3525 θανατωθεὶς
879 3461 976 3538 μὲν
1046 3464 1220 3541 σαρκὶ,
1305 3463 1646 3533 ζωοποιηθεὶς
1730 3460 1783 3517 δὲ
1839 3470 1916 3537 τῷ

271 3550 554 3625 πνεύματι,
582 3573 610 3605 ι

343 3628 404 3694 Ἠ
435 3637 741 3718 αἰτιολογία
794 3639 951 3714 αὕτη,
987 3643 1046 3699 οὐ
1102 3642 1233 3720 πρὸς
1302 3638 1369 3695 τὰ
1422 3641 1707 3719 προσεχῶς
1765 3639 1914 3717 εἰρη-

265 3726 409 3808 μένα³
443 3726 591 3788 ἀλλὰ
619 3729 751 3806 πρὸς
780 3729 848 3784 τὰ
915 3730 1102 3809 μικρὸν
1161 3728 1429 3808 ἀνωτέρω,
1478 3727 1556 3783 ὅτι
1601 3729 1658 3785 Εἰ
1689 3728 1775 3783 καὶ
1805 3728 1913 3782 πά-

263 3836 440 3895 σχοιτε
484 3815 577 3874 διὰ
602 3815 963 3895 δικαιοσύνην,
993 3817 1242 3896 μακάριοι
1276 3817 1418 3891 ἐστὲ,
1477 3814 1608 3872 διότι
1665 3830 1906 3907 κρεῖττρν

262 3903 711 3982 ἀγαθοποιουντας
769 3908 1003 3987 πάσχειν
1059 3909 1236 3971 κακῶς
1280 3906 1315 3975 ἢ
1370 3913 1809 3970 κακοποιοῦντας.
1843 3903 1906 3961 ’Π

261 3992 311 4048 εἴ
361 4017 440 4057 τις
490 3996 628 4075 πρὸς
684 3996 770 4076 τὸ,
818 4002 1102 4075 προσεχῶς
1156 3997 1254 4063 τὴν
1297 3994 1613 4072 αἰτιολογίαν
1671 3995 1909 4071 βούλοιτο

259 4081 581 4159 ἀποδιδόναι,
635 4086 720 4163 τὸ,
794 4084 1300 4163 Ἀγαθοποιοῦντας,
1372 4086 1495 4164 οὖχὶ
1554 4087 1684 4163 πρὸς
1739 4083 1911 4164 ἕτερον

262 4174 365 4252 χρὴ
443 4170 739 4249 λαμϐάνειν
793 4178 1157 4253 εὐεργετικως,
1252 4172 1371 4229 ἀλλ’
1442 4172 1739 4247 ἀπολύτως,
1802 4175 1913 4237 ἀντὶ

258 4272 346 4321 τοῦ
375 4262 577 4342 Ἀγαθὰ
646 4262 1052 4344 ἐργαζομένους,
1129 4258 1401 4328 Ὡσαύτως
1457 4265 1545 4319 καὶ
1603 4265 1663 4318 τὸ
1730 4274 1910 4321 Κακο-

1934 3115 1987 3177 c._
2082 3101 2181 3176 IIl,
2221 3104 2306 3164 l7.
2354 3104 2448 3164 18.
2483 3104 2747 3167 Praestat
2797 3106 2960 3165 enim
2992 3113 3057 3167 ut
3111 3107 3570 3184 bene/actentes,
3597 3108 3657 3170 si

1997 3192 2145 3253 velit
2181 3194 2289 3252 Dei
2322 3192 2826 3267 voluntas,matis
2857 3194 3221 3272 afﬁciamz‘ni
3250 3212 3431 3275 quam
3454 3196 3651 3259 male-

1995 3282 2286 3358 facienles
2317 3298 2330 3342 :
2363 3283 2851 3361 quandoquidem
2891 3291 2947 3345 et
3003 3283 3276 3346 Christus
3325 3285 3507 3348 semel
3530 3302 3651 3366 pro

1991 3373 2253 3450 peccatis
2276 3390 2494 3452 passus
2538 3373 2680 3450 fuit,
2710 3377 2921 3450 justus
2973 3392 3089 3455 pro
3144 3377 3412 3454 iniustis,
3446 3385 3511 3439 ut
3542 3395 3652 3441 nos

1997 3460 2319 3522 adduceret
2378 3465 2511 3531 Deo,
2572 3463 2979 3542 mortiﬁcatus
3034 3464 3279 3544 quidem
3308 3483 3517 3540 carne,
3548 3466 3652 3528 sed

1997 3549 2345 3626 viviﬁcatus
2376 3552 2627 3629 spiritu.

2081 3638 2217 3698 Haec
2249 3647 2333 3698 est
2359 3657 2552 3699 causae
2574 3639 2831 3700 redditio
2865 3659 2979 3702 non
3003 3641 3075 3702 ad
3100 3661 3167 3702 ea
3191 3661 3322 3722 quae
3344 3644 3652 3708 immedia-

2000 3734 2057 3787 te
2088 3728 2243 3787 dicta
2268 3729 2537 3800 sunt,sed
2561 3729 2633 3787 ad
2669 3747 2736 3788 ea
2766 3748 2897 3809 quas
2921 3730 3094 3808 paulo
3125 3733 3424 3812 superius,
3459 3743 3596 3813 puta
3629 3758 3643 3794 :

1999 3817 2056 3878 Si
2090 3816 2229 3895 quid
2292 3816 2596 3896 patiamini
2632 3828 2872 3897 prepter
2903 3818 3216 3897 justitiam,
3273 3819 3425 3882 beati
3455 3826 3595 3885 estis
3628 3843 3642 3884 :

1994 3915 2237 3985 praestat
2268 3906 2425 3966 enim
2463 3915 2523 3965 ut
2557 3906 2998 3967 benel’acientes
3049 3909 3220 3969 malis
3249 3910 3379 3969 5U
3420 3911 3647 3974 atIicia-

1999 3994 2144 4054 mini
2176 4014 2350 4075 quam
2412 3996 2871 4058 malefacientes.
2928 4003 3043 4057 Aut
3092 3997 3142 4057 si
3198 3999 3331 4077 quis
3384 4000 3519 4061 velit
3573 4001 3648 4062 ad

2000 4084 2341 4145 immediate
2375 4086 2718 4164 przecedens
2750 4104 2941 4146 causa:
2964 4088 3360 4149 rcdditionem
3392 4090 3642 4152 referre:

1997 4176 2151 4253 quod
2188 4173 2407 4233 dicitur
2441 4175 2911 4249 Benefacientes,
2961 4194 3076 4235 non
3110 4185 3346 4256 Oportet
3368 4179 3645 4258 accipere

1998 4272 2059 4323 ut
2080 4265 2153 4324 sit
2183 4264 2256 4323 de
2279 4263 2393 4324 alio
2420 4262 3031 4342 beneumerendosed
3067 4265 3355 4348 absolute,
3394 4269 3503 4330 hoc
3534 4277 3645 4351 est,

263 4362 560 4415 ποιοῦντας.
607 4353 923 4429 Προστίθησι
967 4352 1022 4409 δὲ
1079 4356 1163 4433 τὸ,
1232 4375 1254 4408 ι
1294 4353 1352 4409 Εἰ
1395 4350 1534 4407 θέλοι
1592 4354 1651 4408 τὸ
1701 4351 1907 4420 θέλημα

2004 4353 2150 4413 bona
2178 4362 2510 4432 operantes.
2561 4354 2847 4415 Similiter
2876 4363 2933 4413 et
2990 4355 3440 4419 maleficienles.
3471 4350 3649 4420 Addit

263 4446 349 4496 τοῦ
401 4449 615 4515 Θεου,)
679 4439 881 4505 δεικνὺς
938 4442 1018 4498 ὃτι
1071 4440 1216 4501 οὐδὲν
1274 4440 1396 4497 ἄνευ
1468 4446 1566 4509 τῆς
1629 4448 1720 4497 τοῦ
1778 4443 1908 4499 Θεοῦ

2004 4440 2319 4503 ιιιίθιηεαδι
2341 4443 2475 4502 velit
2500 4442 2600 4503 Dei
2634 4445 2960 4515 voluntas,»
2993 4446 3649 4526 ostendensqumlnihil

260 4528 417 4604 ῥοπῆς
446 4532 519 4597 εἰς
550 4531 694 4606 ἡμᾶς
752 4531 974 4609 γίνεται,
1026 4529 1144 4588 ἀλλ’
1203 4530 1239 4598 ἢ
1298 4527 1383 4585 διὰ
1450 4530 1720 4609 ἁμαρτιῶν
1776 4554 1905 4588 κου-

259 4621 464 4700 φισμὸν,
497 4620 537 4689 ἢ
563 4617 647 4676 διὰ
690 4619 975 4699 ἀνάρρησιν
1028 4622 1116 4679 καὶ
1158 4619 1307 4686 δόξαν
1358 4620 1537 4714 minim,
1591 4620 1627 4687 ἢ
1685 4622 1775 4676 καὶ
1835 4623 1903 4681 εἰς

263 4706 443 4787 ἑτέρων
491 4711 780 4788 σωτηρίαν.
854 4719 1019 4768 Τοττο
1046 4709 1101 4766 δὲ
1134 4709 1326 4770 διττόν.
1418 4706 1473 4767 Ἠ
1516 4710 1616 4788 γὰρ
1659 4711 1909 4766 mmo—:1!

260 4816 335 4858 τις
397 4794 599 4863 δῶιαιος
655 4800 786 4877 πρὸς
847 4801 1213 4879 σωφρονισμὸν
1299 4798 1490 4877 ἐτέρων
1547 4798 1897 4878 ἁμαρτωλῶν,

262 4887 427 4950 καθὼς
455 4886 694 4967 εἴρηται,
723 4889 767 4943 εἰ
796 4889 825 4943 6
868 4885 1065 4954 δίκαιος
1117 4886 1272 4964 μόλις
1345 4888 1589 4960 σώζεται,
1643 4890 1671 4943 6
1724 4889 1901 4967 ἁμαρ-

264 4971 423 5037 τωλὸς
451 4975 557 5034 ποῦ
582 4976 832 5057 φανεῖται
858 4996 874 5057 ς
902 4979 999 5037 Καὶ
1028 4984 1184 5034 τοῦτο
1226 4973 1281 5032 δὲ
1310 4973 1499 5033 διττὼν
1541 4975 1778 5056 ἐμφαίνει
1803 4978 1899 5044 τὴν

265 5061 537 5147 ὠφέλειαν,
567 5072 645 5141 τῷ
699 5066 797 5141 μὲν
866 5067 1131 5147 πάσχοντι
1188 5064 1392 5141 δικαίῳ,
1440 5068 1747 5145 προσθήκην
1815 5065 1899 5123 δι-

262 5155 534 5221 γαιοσύνης
600 5154 686 5211 διὰ
761 5161 860 5222 τῆς
913 5158 1210 5233 ὑπομονῆς,
1283 5162 1361 5230 τῷ
1457 5152 1511 5210 δὲ
1579 5154 1900 5235 ἐπιστροφὴν

270 5238 445 5317 δρῶντι
489 5242 817 5324 ἁμαρτωλῷ,
851 5246 1176 5326 ἐπιστροφὴν
1206 5244 1380 5309 καθώς
1413 5245 1661 5320 εἴπομεν,

341 5486 398 5566 ’H
426 5511 514 5570 οὗν
531 5510 615 5569 διὰ
640 5519 803 5573 ταῦτα
832 5515 1034 5594 πάσχει
1064 5510 1289 5593 δίκαιος,
1347 5512 1383 5582 ἢ
1442 5514 1530 5569 καὶ
1578 5510 1644 5568 δι’
1704 5513 1891 5593 ἐτέρων

329 5679 392 5731 κδ
417 5678 588 5744 ltom.
624 5697 729 5758 xu,
770 5682 866 5745 H.

680 5809 939 5871 PATROL.
986 5810 1099 5870 Gn.
1146 5807 1355 5870 CXIX.

1991 4533 2214 4611 absque
2249 4533 2350 4593 Uei
2384 4542 2528 4592 nutu
2558 4531 2716 4592 circa
2774 4552 2880 4593 nos
2940 4534 3249 4614 contingit,
3287 4537 3389 4596 sed
3433 4537 3524 4597 vel
3571 4537 3645 4598 ad

1994 4630 2369 4700 peccatorum
2432 4622 2886 4696 alleviationem,
2947 4623 3035 4682 vel
3083 4625 3157 4682 ad
3195 4629 3554 4702 praeconium
3589 4633 3649 4688 et

1990 4710 2235 4789 gloriam
2273 4718 2554 4783 nostram,
2587 4719 2685 4770 aut
2740 4711 2918 4772 etiam
2980 4711 3053 4770 ad
3084 4712 3339 4773 aliorum
3370 4715 3642 4777 salutem.

1988 4801 2111 4861 Hoc
2129 4807 2322 4861 autem
2356 4799 2677 4879 dupliciter
2704 4803 3011 4879 contingit.
3038 4802 3152 4860 Aut
3174 4802 3332 4862 enim
3365 4802 3647 4881 amigitur

1985 4888 2279 4969 quispiam
2305 4889 2505 4968 justus
2535 4892 2605 4949 ad
2653 4890 3105 4967 castigationem
3136 4889 3387 4950 aliorum
3428 4910 3643 4971 pecca-

1987 4988 2177 5039 torum
2226 4977 2728 5057 quemadmodum
2789 4979 3014 5039 dictum
3048 4984 3138 5039 est
3190 4999 3202 5041 :
3238 4977 3299 5040 Si
3322 4981 3518 5057 justus
3551 4981 3642 5043 vix

1984 5068 2178 5128 salvus
2212 5066 2489 5145 efﬁcitur,
2536 5073 2815 5145 peccator
2860 5066 2960 5127 ubi
3019 5067 3330 5147 apparebit
3352 5068 3380 5127 ?
3428 5069 3500 5129 Et
3528 5070 3642 5134 hoc

1985 5175 2220 5237 quoque
2252 5154 2547 5235 duplicem
2574 5155 2815 5216 exhibet
2843 5156 3157 5218 utilitatem
3184 5158 3380 5238 :justo
3399 5158 3640 5239 quidem

1986 5247 2084 5327 qui
2111 5245 2409 5324 at'tligitur,
2437 5244 2684 5323 justitiaa
2711 5252 3094 5323 augmentum
3135 5255 3378 5326 propter
3404 5249 3638 5328 patien-

1977 5338 2156 5404 tiam:
2188 5334 2485 5416 peccatori
2520 5343 2713 5395 autem
2734 5338 2834 5415 qui
2865 5334 3633 5420 intuetur,conversionem,

1980 5436 2043 5486 ut
2074 5426 2363 5486 diximus.

2058 5521 2172 5579 Aut
2201 5514 2377 5593 igitur
2407 5526 2651 5595 propter
2681 5515 2805 5578 haec
2834 5516 3053 5597 patitur
3085 5515 3281 5595 justus
3315 5534 3328 5579 :
3356 5524 3456 5578 aut
3490 5535 3635 5598 pro-

3135 5810 3207 5871 18
