4136 6414
479 380 599 444 555

1610 381 2025 447 (ECUMENII
2071 377 2368 443 TRIGGzE
2410 378 2745 448 EPISCOPI

3743 373 3863 439 556

482 521 616 596 pter
632 515 881 579 aliorum
913 518 1187 599 salutem,
1219 516 1722 599 quemadmodum
1755 525 1812 578 et
1847 516 2111 579 Christus

2221 517 2505 593 σωτηρίαν,
2553 517 2726 580 καθὼς
2769 516 2855 573 καὶ
2912 518 2940 572 ὁ
2998 515 3244 594 Χριστός.
3305 516 3404 573 Καὶ
3457 513 3664 599 τούτου-
3697 509 3863 590 χάριν

483 602 556 664 Ει
574 604 722 668 obid
747 608 964 669 Petrus
983 608 1159 669 etiam
1177 627 1335 669 nunc
1349 607 1511 668 addit
1528 605 1746 669 Christi
1771 604 2129 684 exemplum:

2216 604 2304 659 καὶ
2332 603 2524 683 Πέτρος
2556 605 2865 685 προστίθησι
2895 612 2980 661 νῦν
3024 606 3085 661 τὸ
3114 614 3206 663 τοῦ
3261 606 3487 682 Χριστοῦ
3541 597 3858 677 ὑπόδειγμα,

487 693 770 772 quoniam
807 704 864 757 et
907 696 1177 759 Christus
1219 715 1353 775 qua:
1384 714 1588 777 passus
1616 703 1703 755 est
1733 713 1849 755 non
1878 713 1981 773 pro
2014 692 2120 752 sui:

2217 689 2297 746 ὅτι
2327 693 2415 748 καὶ
2485 696 2707 771 Χριστὸς
2766 694 2899 773 ἅπερ
2958 692 3169 766 ἔπαθεν,
3229 692 3333 771 οὔχ
3390 692 3522 769 ὑπὲρ
3592 691 3863 767 ἁμαρτιῶν

483 780 721 843 delictis
752 801 960 863 passus
993 794 1103 859 est,
1159 785 1260 845 sed
1318 802 1423 864 pro
1455 783 1693 844 nostris.
1726 781 1867 843 Ideo
1900 800 2134 861 quoque

485 868 796 950 subjungit
822 892 834 931 :
866 871 1072 934 Justus
1091 891 1194 953 pro
1218 870 1629 953 injustis.Nam
1652 870 1781 951 ipse
1798 870 1946 931 sicut
1964 877 2136 930 antea

476 976 585 1039 per
596 961 946 1041 prophetam
961 962 1545 1042 ostendifpeccatum
1562 957 2132 1021 nonfecerat.Osten-

484 1046 632 1108 dens
652 1057 848 1110 autem
883 1049 1014 1129 ejus
1031 1050 1134 1130 qni
1159 1068 1364 1130 passus
1385 1050 1493 1111 fuit
1512 1047 1835 1111 efﬁcaciam
1854 1066 1921 1108 ac
1943 1046 2128 1108 virtu-

483 1136 980 1217 tem,subjungit:
1035 1137 1256 1201 Semel.
1296 1138 1505 1219 Tanta,
1538 1137 1748 1218 inquit,
1784 1136 1889 1198 fuit
1920 1137 2130 1197 virtute

478 1223 579 1304 qui
606 1225 1068 1304 pronominibus
1091 1245 1300 1307 passus
1327 1227 1457 1302 fuit,
1492 1235 1555 1287 ut
1578 1244 1912 1307 quanquam
1947 1223 2131 1285 multa

480 1311 696 1372 horum
712 1322 951 1394 peccata
969 1315 1278 1376 offenderit
1294 1313 1736 1390 ,unicaDomini
1763 1313 1957 1393 passio
1978 1312 2132 1373 sufﬁ-

478 1398 646 1463 ciens
665 1401 840 1463 fuerit
851 1403 921 1464 ad
946 1403 1385 1465 obtundendam
1406 1423 1642 1465 omnem
1658 1403 1771 1463 vim
1794 1411 2129 1464 nostrorum

478 1498 879 1569 peccatorum.
906 1490 1196 1563 Quoniam
1221 1492 1401 1572 igitur
1430 1511 1634 1573 passus
1658 1500 1746 1552 est
1772 1492 2135 1565 Christus,ut

477 1597 587 1640 nos
600 1578 863 1642 adDeum
887 1579 1179 1643 etPatrem
1193 1601 1362 1644 suum
1383 1582 1992 1655 adduceretpstendit
2008 1599 2127 1641 om-

473 1668 617 1729 nino
639 1669 793 1749 quod
818 1688 935 1730 non
956 1688 1162 1731 omnes
1183 1671 1281 1751 qui
1302 1671 1876 1751 patiuntur,propter
1896 1690 1943 1749 με
1970 1678 2130 1730 ccata

471 1757 877 1838 patiuntur.Et
896 1759 1037 1839 quia
1056 1759 1277 1840 duplici
1317 1761 1493 1821 modo
1509 1760 1919 1821 consideratur
1950 1757 2122 1821 Chri-

472 1824 619 1918 stus,
647 1864 862 1927 nempe
891 1824 1047 1910 Deus
1066 1824 1311 1910 ethomo
1363 1866 1567 1928 passus
1581 1866 1815 1928 quoque
1829 1846 2123 1925 duplicem
2146 1824 2189 1875 Β

473 1933 649 1996 nobis
660 1939 905 2015 gratiam
921 1940 1186 1997 contulit.
1210 1937 1469 1998 Mortuus
1484 1937 1641 1998 enim
1658 1945 1930 2016 tanquam
1946 1936 2123 1996 homo

465 2020 739 2084 liberavit
756 2042 909 2085 nosa
924 2032 1109 2086 morte
1123 2024 1933 2105 etcorruptione,innovando
1957 2022 2126 2083 nobis

472 2112 1008 2187 resurrectionem,
1042 2121 1103 2174 et
1127 2113 1321 2175 dando
1345 2132 1451 2193 per
1480 2133 1651 2175 suum
1681 2112 2125 2192 exemplum,ne

466 2199 753 2281 deinceps
765 2200 897 2263 sine
910 2219 1015 2281 spe
1034 2203 1497 2264 resurrectionis
1531 2203 1850 2264 morientes
1872 2201 2124 2262 subeant

465 2289 1101 2352 mortem.Viviﬁcatus
1151 2301 1370 2365 autem,
1403 2291 1515 2352 hoc
1563 2300 1673 2366 est,
1707 2308 2022 2369 resurgens
2052 2307 2120 2350 ex

469 2378 720 2439 mortuis
740 2377 955 2439 virtute
975 2378 1586 2459 divinitatis(surrexit
1603 2380 1761 2441 enim
1786 2398 1854 2441 ex
1871 2378 2122 2439 mortuis

470 2482 591 2525 non
616 2473 889 2546 tanquam
915 2466 1112 2544 homo,
1136 2469 1237 2530 sed
1265 2478 1537 2549 tanquam
1560 2468 1768 2549 Deus),
1795 2467 1971 2528 simul
1988 2467 2120 2527 vita:

461 2551 720 2615 restituit
747 2572 956 2616 omnes
1006 2556 1105 2635 qui
1137 2556 1197 2617 in
1228 2557 1461 2618 inferno
1494 2565 1679 2632 erant,
1716 2575 1831 2618 una
1852 2554 2115 2617 resusci-

471 2649 603 2704 tans
629 2660 855 2703 secum.
889 2644 1075 2707 Multa
1137 2665 1391 2727 namque
1419 2646 1559 2707 512
1592 2664 1845 2727 corpora
1874 2653 2113 2707 sancto-

464 2748 597 2791 rum
630 2729 730 2811 qui
761 2730 1127 2795 dormierant
1185 2735 1433 2798 excitata
1464 2744 1620 2810 sunt,
1647 2735 1815 2815 juxta
1844 2742 2112 2797 sanctum

466 2818 1111 2901 evangelistam,etvisa
1125 2823 1769 2886 'suntamulti555*.Sed
1790 2823 1887 2885 ubi
1908 2824 2111 2885 hacte—

2217 780 2420 835 οἶκείων
2448 778 2659 856 ἔπαθεν,
2695 781 2815 838 ἀλλ’
2871 782 3002 860 ὑπὲρ
3058 788 3164 838 τῶν
3221 780 3516 858 ἡμετέρων.
3599 778 3692 833 Διὸ
3772 774 3863 829 καὶ

2215 866 2422 947 ἐπάγει,
2461 872 2671 934 Δίκαιος
2700 872 2829 949 ὑπὲρ
2880 868 3089 927 ἀδίκων.
3154 872 3317 934 Αὐτὸς
3377 870 3500 949 γὰρ,
3561 869 3634 929 ὡς
3689 861 3859 921 κατό-

2212 979 2301 1013 πιν
2344 956 2429 1015 διὰ
2455 965 2548 1016 τοῦ
2576 961 2847 1041 προφήτου
2889 957 3174 1032 ἀπέδειξεν,
3209 958 3466 1038 ἁμαρτίαν
3553 959 3649 1014 οὐκ
3717 952 3861 1009 ἐποίο

2213 1068 2332 1114 ησε.
2372 1049 2584 1112 Δεικνὺς
2614 1047 2759 1105 δὲτὸ
2821 1055 2913 1106 τοῦ
2967 1049 3222 1114 παθόντος
3279 1046 3588 1126 δραστήριόν
3656 1065 3715 1101 τε
3770 1043 3861 1098 καὶ

2211 1134 2448 1212 δυνατὸν,
2508 1137 2740 1217 ἐπιφέρει
2810 1140 2872 1194 τὸ
2927 1136 3125 1203 "Arni.
3196 1137 3438 1203 Τοσαύτη
3495 1136 3612 1213 γὰρ,
3673 1133 3855 1213 φησὶν.

2212 1226 2437 1305 ὑπῆρξεν
2466 1229 2500 1295 ἡ
2560 1236 2653 1284 τοῦ
2712 1230 2966 1291 παθόντος
3026 1226 3240 1304 δύναμις
3296 1229 3422 1305 ὑπὲρ
3473 1233 3580 1282 τῶν
3649 1222 3858 1302 ἀνθρώ-

2213 1339 2347 1396 πων,
2407 1317 2542 1373 ὥστε
2597 1320 2640 1373 εἰ
2703 1321 2790 1375 καὶ
2848 1316 3020 1374 πολλά
3099 1319 3163 1373 τά
3246 1317 3605 1395 ἁμαρτήματα
3657 1313 3860 1369 τούτων

2213 1404 2660 1483 κατελαμϐάνετο,
2696 1408 2750 1464 ἓν
2806 1410 2967 1483 μόνον
3026 1407 3243 1486 ἀρκέσαι
3302 1409 3465 1469 πάθος
3520 1406 3614 1461 τοῦ
3670 1400 3861 1479 Κυρίου

2214 1502 2387 1552 πᾶσαν
2416 1493 2750 1570 ἀπαμϐλῦναι
2780 1498 2878 1552 τὸν
2919 1494 3135 1570 δύναμιν
3196 1496 3301 1551 τῶν
3357 1492 3633 1571 ἡμετέρων
3689 1492 3861 1568 ἁμαρ-

2216 1585 2491 1660 τημάτων.
2531 1578 2675 1642 Ἐπεὶ
2707 1584 2794 1641 οὖν
2842 1584 2971 1661 ὑπὲρ
3027 1585 3124 1650 τῆς
3181 1585 3335 1659 ἡμῶν
3393 1583 3523 1653 πρὸς
3591 1582 3683 1635 τὸν
3727 1578 3859 1634 Θεὸν

2212 1676 2299 1729 καὶ
2330 1674 2536 1752 Πατέρα
2597 1674 2753 1730 αὐτοῦ
2823 1673 3177 1751 προσαγωγῆς
3250 1672 3461 1751 ἔπαθεν,
3534 1666 3720 1734 ἔδειξεν
3776 1665 3860 1722 ὅτι

2212 1763 2271 1818 οὒ
2298 1764 2506 1828 πάντως
2565 1763 2757 1827 πάντες
2811 1765 2857 1817 οἱ
2913 1762 3213 1841 πάσχοντες
3266 1758 3332 1816 δι’
3408 1759 3665 1838 ἁμαρτίας
3740 1756 3855 1812 πά-

2210 1873 2423 1931 σχουσι,
2461 1854 2558 1909 Καὶ
2601 1849 2782 1917 ἐπειδὴ
2829 1849 3041 1915 διπλοῦς
3074 1853 3101 1906 ὁ
3158 1852 3401 1929 Χριστὸς,
3451 1850 3580 1911 Θεὸς
3635 1846 3723 1902 καὶ
3751 1844 3855 1899 ἅν-

2207 1943 2437 2019 θρωπος,
2470 1938 2659 2005 διπλῆν
2691 1940 2779 1996 καὶ
2836 1939 2932 2006 τὴν
2963 1939 3122 2018 χάριν
3172 1940 3307 2012 ἡμῖν
3352 1937 3590 2015 παρέσχε
3647 1932 3854 1994 παθών,

2209 2026 2512 2085 Ἀποθανὼν
2565 2030 2664 2107 γὰρ
2707 2030 2780 2093 ὡς
2840 2026 3132 2104 ἅνθρωπος,
3203 2025 3504 2097 ἀπήλλαξεν
3561 2027 3704 2099 ἡμᾶς
3762 2029 3859 2078 τοῦ

2206 2118 2427 2173 θανάτου
2451 2120 2538 2174 καὶ
2567 2122 2664 2183 τῆς
2698 2120 2911 2196 φθορᾶς,
2962 2119 3062 2181 τὴν
3119 2116 3401 2171 ἀνάστασιν
3471 2114 3606 2188 ἡμῖν
3675 2111 3859 2189 ἐγκαι-

2207 2206 2376 2283 νίσας,
2408 2208 2493 2262 καὶ
2548 2203 2665 2270 δοὺς
2731 2203 2815 2260 διά
2880 2212 2971 2261 τοῦ
3030 2205 3217 2262 ἑαυτοῦ
3266 2202 3579 2280 ὑπόδειγμα,
3628 2203 3701 2262 ὡς
3758 2204 3856 2259 οὐκ

2206 2294 2281 2351 ἔτι
2329 2297 2375 2352 οἱ
2449 2294 2868 2363 ἀποθνήσκοντες
2927 2291 3236 2349 ἀνέλπιστον
3311 2292 3643 2353 ἀναστάσεως
3697 2289 3854 2368 ὺπέρο

2204 2407 2392 2463 χονται
2434 2383 2653 2438 θάνατον
2687 2396 2701 2410 ·
2736 2382 3087 2448 Ζωοποιηθεὶς
3136 2379 3212 2460 δὲ,
3272 2378 3559 2448 τουτέστιν,
3617 2376 3851 2441 ἀναστὰς

2203 2474 2263 2529 ἐκ
2286 2478 2505 2550 νεκρῶν,
2579 2476 2648 2546 τῇ
2720 2470 2815 2537 τῆς
2870 2470 3117 2536 θεότητος
3186 2467 3420 2543 δυνάμει,
3479 2465 3689 2536 (ἀνέστη
3746 2466 3851 2543 γάρ

2201 2562 2261 2618 ὲκ
2290 2567 2506 2640 νεκρῶν,
2541 2562 2644 2639 οὐχ
2698 2560 2771 2621 ὡς
2829 2557 3119 2637 ἄνθρωπος,
3181 2555 3296 2612 ἀλλ’
3349 2559 3420 2621 ὡς
3490 2553 3669 2635 Θεὸς.)
3717 2575 3850 2610 συν-

2200 2652 2525 2723 εζωοποίησε
2582 2661 2698 2711 τοῖς
2763 2646 2817 2702 ἐν
2872 2648 2949 2722 τῷ
3180 2646 3576 2715 συναναστήσας
3648 2644 3840 2719 ἑαυτῷ.

2202 2739 2378 2797 Πολλὰ
2406 2740 2505 2818 γὰρ
2534 2737 2778 2815 σώματα,
2823 2737 2958 2791 κατὰ
2987 2736 3079 2791 τὸν
3129 2738 3272 2791 θεῖον
3304 2732 3705 2812 εὒαγγελιστὴν,
3736 2738 3845 2789 τῶν

2199 2827 2604 2904 κεκοιμημένων
2636 2825 2796 2904 ἁγίων
2824 2825 3045 2903 ἠγέρθη,
3079 2825 3167 2880 καὶ
3223 2822 3530 2901 ἐνεφανίσθη
3588 2819 3842 2887 πολλοῖς,

466 2926 579 2969 nus
603 2925 881 2971 sermone
913 2912 1204 2991 processit
1255 2922 1311 2974 et
1363 2914 1489 2975 haec
1523 2913 1799 2987 ostendit,
1833 2911 2119 2992 deinceps

2206 2917 2367 2976 Ἀλλά
2422 2924 2497 2990 τῷ
2552 2914 2698 2993 λόγῳ
2780 2913 2941 2992 μέχρι
2994 2913 3179 2968 τούτου
3228 2908 3425 2991 προϐὰς
3494 2913 3581 2967 καὶ
3650 2909 3843 2986 δείξας,

468 2997 749 3088 proponit
780 3001 1075 3088 quomodo
1112 3008 1383 3063 mortuus
1413 3002 1487 3062 iis
1510 3001 1798 3082 profuerit
1824 3009 1927 3081 qut
1950 3010 2120 3063 antea

2206 3005 2547 3088 προκειμένου
2604 3004 2813 3083 λοιπὸν,
2886 3004 2997 3067 πῶς
3072 3001 3350 3058 ἀποθανὼν
3419 2999 3666 3080 ὠφέλησε
3722 3001 3847 3066 τοὺς

468 3086 855 3177 dormierant.
894 3086 1083 3150 Simul
1102 3089 1279 3150 etiam
1303 3110 1434 3152 cum
1452 3091 1639 3152 multa
1662 3099 1819 3152 esset
1844 3089 2113 3168 quaestio,

2206 3086 2747 3177 προκεκοιμημένους,
2836 3090 2946 3167 ἅμα
3018 3089 3071 3145 δὲ
3140 3091 3229 3145 καὶ
3302 3090 3578 3160 ζητήσεως
3636 3086 3845 3177 πολλῆς

471 3173 615 3236 siob
641 3176 891 3237 salutem
930 3178 1197 3239 omnium
1234 3180 1543 3240 hominum
1576 3181 1725 3241 facta
1747 3188 1835 3241 est
1879 3179 2114 3240 Domini

2206 3173 2379 3260 ούσης,
2427 3186 2469 3239 εἰ
2526 3183 2610 3239 ἐπὶ
2678 3181 2912 3259 σωτηρίᾳ
2972 3180 3184 3236 πάντων
3255 3177 3539 3257 ἀνθρώπων
3592 3179 3627 3246 ἡ
3685 3176 3846 3234 ἐναν-

466 3261 819 3357 incarnatio,
854 3266 1093 3345 qualem
1123 3268 1314 3328 sortiti
1348 3276 1484 3330 sunt
1532 3269 1783 3331 salutem
1812 3269 1912 3349 qui
1943 3276 2118 3330 antea

2206 3277 2467 3357 θρώπησις
2535 3278 2627 3328 τοῦ
2686 3270 2892 3350 Κυρίου,
2959 3268 3113 3331 ποίας
3191 3265 3383 3346 ἔτυχον
3462 3266 3725 3345 σωτηρίας
3770 3267 3847 3357 Δοὶ

467 3352 688 3446 mortui
718 3362 880 3433 sunt,
916 3364 1233 3436 utrumque
1268 3377 1385 3418 uno
1416 3358 1591 3419 modo
1622 3357 1907 3419 dissolvit.
1934 3366 1987 3419 et
2010 3358 2111 3431 ait,

2206 3352 2573 3446 προθανόντες,
2605 3359 2713 3415 λύει
2768 3358 3038 3438 ἀμφότερα
3095 3354 3163 3412 δι’
3217 3357 3334 3421 ἑνὸς
3390 3354 3479 3412 καί
3533 3376 3714 3446 φησιν,
3764 3352 3848 3410 ὅτι

467 3441 623 3520 quod
655 3459 815 3529 mors
866 3442 1100 3505 Domini
1145 3453 1461 3527 utrumque
1492 3447 1699 3507 horum
1736 3455 1973 3526 operata
2004 3455 2115 3521 est,

2206 3441 2356 3511 (5·τοῦ
2415 3451 2618 3529 Κυρίου,
2684 3448 2927 3526 θάνατος,
2998 3446 3269 3525 ἀμφότερα
3340 3450 3501 3500 ταῦτα
3544 3444 3847 3523 εἰργάσατο,

469 3546 636 3609 spem
700 3528 972 3593 videlicet
1019 3533 1381 3613 operationis
1439 3554 1544 3616 per
1620 3536 1734 3598 hoc
1785 3534 1939 3614 quod
1994 3534 2122 3615 ipse

462 3622 953 3701 resurrexerit,et
982 3640 1217 3683 rursum
1254 3643 1454 3687 eorum
1485 3625 1730 3687 salutem
1765 3624 1864 3704 qui
1894 3625 2124 3704 priores

474 3706 865 3771 dormierant.
901 3709 1047 3771 Nam
1079 3712 1181 3792 qui
1227 3712 1399 3775 bonis
1431 3714 1710 3795 operibus
1741 3714 1916 3773 vitam
1953 3731 2117 3773 suam

464 3796 822 3858 adornarant
847 3807 1111 3879 tempore
1150 3822 1263 3881 quo
1297 3803 1579 3875 vixerant,
1613 3802 2116 3879 quemadmodum

465 3883 514 3945 si
546 3893 690 3947 tunc
720 3886 1059 3951 advenisset
1116 3891 1385 3953 Christus
1434 3909 1805 3971 nequaquam
1855 3890 2119 3951 destituti

469 3973 721 4036 fuissent
747 3976 1166 4040 praedicatione
1207 3980 1367 4060 ipsos
1398 3978 1866 4059 viviticante,i:a
1899 3990 1957 4039 et
1980 3986 2117 4041 tunc

465 4080 574 4143 per
602 4063 839 4125 Domini
869 4067 940 4127 ad
973 4066 1196 4129 inferos
1236 4071 1591 4129 descensum
1623 4068 1868 4129 salutem
1902 4086 2115 4129 conse-

460 4151 580 4212 cuti
600 4156 1019 4234 sunt,quemad
1031 4157 1268 4218 modum
1289 4158 1465 4218 etiam
1485 4158 1713 4218 videtur
1735 4158 1867 4217 divo
1891 4155 2115 4233 Grego-

2205 3541 2387 3600 ἐλπίδα
2451 3539 2785 3600 ἀναστάσεως
2842 3533 2925 3591 διὰ
2983 3537 3074 3591 τοῦ
3140 3534 3429 3600 ἀναστῆναι
3508 3535 3686 3608 αὐτὸν,
3760 3535 3851 3589 καὶ

2206 3630 2467 3709 σωτηρίαν
2539 3626 2697 3684 πάλιν
2794 3630 2898 3681 τῶν
2969 3621 3499 3703 προκεκοιμημένων,
3608 3625 3667 3679 Οἱ
3746 3624 3851 3701 γὰρ

2204 3721 2377 3801 ἔργοις
2410 3718 2626 3797 ἀγαθοῖς
2655 3717 2745 3771 τὸν
2776 3715 2974 3770 ἑαυτῶν
3007 3714 3141 3768 κατά
3195 3714 3285 3767 τὸν
3342 3716 3439 3778 τῆς
3495 3716 3638 3782 ζωῆς
3677 3712 3852 3768 αὖτιῦν

2205 3799 2395 3890 γρόνον
2467 3804 2887 3885 περιανθίσαντες
2946 3802 3078 3878 βίον,
3162 3803 3235 3866 ὼς
3331 3801 3374 3855 εἰ
3445 3801 3530 3855 καὶ
3595 3799 3715 3856 τότε
3775 3807 3853 3874 τῷ

2202 3880 2389 3972 κόσμῳ
2416 3880 2721 3970 ἐπεδῆμησε
2753 3892 2975 3969 Χριστὸς
3059 3890 3137 3963 μὴ
3194 3888 3255 3945 ἄν
3319 3887 3700 3969 ἀπολειφθῆναι
3759 3891 3855 3946 τοῦ

2202 3994 2578 4058 ζωοποιουντος
2640 3981 2823 4043 αὐτοὺς
2912 3980 3275 4058 κηρύγματος,
3379 3980 3520 4034 οὗτοι
3600 3979 3687 4034 καὶ
3728 3979 3852 4034 τότε

2203 4074 2285 4131 διὰ
2316 4080 2413 4141 τῆς
2450 4075 2519 4135 εἷς
2579 4069 2703 4144 ᾅδου
2745 4069 2837 4126 τοῦ
2884 4068 3067 4147 Κυρίου
3109 4065 3351 4146 καθόδου,
3406 4071 3504 4133 τῆς
3582 4070 3852 4145 σωτηρίας

2204 4164 2419 4244 ἔτυχον,
2444 4164 2518 4244 ᾡς
2562 4161 2651 4217 καὶ
2706 4158 2977 4237 Γρηγορίῳ
3018 4163 3095 4230 τῷ
3135 4158 3256 4229 θείῳ
3311 4153 3460 4211 δοκεῖ
3495 4173 3508 4189 ⁸
3541 4157 3697 4244 ,φησὶ
3748 4159 3854 4235 γὰρ

468 4239 583 4302 rio.
617 4241 715 4301 Ait
770 4243 929 4304 enim
980 4244 1160 4324 ipse:
1215 4248 1301 4306 An
1350 4245 1703 4324 simpliciter
1759 4245 1947 4305 salvos
1977 4245 2117 4306 facit

2206 4239 2347 4317 οὗτος
2381 4239 2414 4282 ’⁷
2459 4242 2668 4311 Ἀπλῶς
2725 4248 2878 4318 σώζει
2951 4248 3150 4309 πάντας
3252 4246 3475 4323 Χριστὸς
3535 4243 3844 4325 ἐπιφανείς;

466 4347 676 4390 omnes
706 4329 971 4392 Christus
992 4334 1092 4412 qui
1137 4333 1431 4415 apparuit,
1460 4334 1736 4395 videlicet
1757 4335 1812 4394 in
1838 4334 2069 4395 inferno
2092 4339 2118 4393 ?

2206 4339 2441 4407 δηλονότι
2497 4338 2549 4395 ἐν
2619 4341 2696 4409 τῷ
2724 4334 2824 4410 ἅδῃ
2858 4353 2872 4367 ·
2909 4334 2945 4402 ἢ
2974 4335 3131 4391 κάκεῖ
3172 4333 3293 4398 τοὺς
3322 4331 3665 4396 πιστεύοντας
3701 4351 3717 4412 ς
3748 4334 3851 4388 Διά

464 4435 540 4507 an
563 4428 647 4507 θιῂ
670 4417 752 4479 ibi
785 4439 886 4481 eos
908 4423 1008 4501 qui
1049 4423 1459 4484 crediderint?
1481 4423 1592 4484 Per
1642 4423 1751 4483 hoc
1777 4425 1932 4483 enim
1960 4423 2112 4503 quod

2206 4430 2298 4507 γὰρ
2357 4435 2446 4484 τοῦ
2497 4426 2899 4497 Πιστεύσοντας,
2965 4422 3210 4498 σημαίνει
3290 4422 3409 4486 τοὺς
3482 4421 3620 4478 οὕτω
3675 4442 3850 4501 παρε-

456 4505 576 4567 ait:
605 4505 719 4569 Eos
742 4508 845 4587 qui
867 4511 1554 4590 crediderint,significat
1584 4511 1740 4591 quod
1773 4509 2001 4588 seipsos
2032 4509 2110 4569 ita

2206 4505 2519 4579 σκευακότας
2578 4514 2816 4593 ἑαυτοὺς,
2890 4514 2962 4575 ὡς
3024 4514 3068 4567 εἰ
3152 4513 3239 4567 καὶ
3309 4509 3429 4567 τότε
3501 4509 3849 4591 παρεγένετο,

461 4600 1125 4679 praeparaverant,quod
1150 4599 1199 4661 si
1219 4599 1392 4662 etiam
1420 4608 1559 4659 tunc
1580 4599 1937 4677 advenisset,
1968 4616 2107 4659 cre-

2206 4608 2571 4667 πιστεύσοντας
2660 4605 2755 4660 Καὶ
2843 4602 2901 4658 οὖ
2986 4602 3254 4677 μήμψεως
3330 4606 3483 4655 τοῦτο
3592 4602 3665 4657 Οὔ
3749 4600 3853 4679 γὰρ

447 4683 762 4748 didissent.
793 4687 1001 4768 Neque
1049 4689 1106 4749 id
1138 4688 1534 4768 rejiciendum
1590 4697 1749 4767 puto.
1785 4686 1913 4747 Non
1948 4686 2104 4747 enim

2206 4694 2649 4771 Ξιποκληρωτικῶς
2680 4693 2713 4760 ἡ
2743 4692 2997 4770 σωτηρία,
3062 4689 3173 4746 ἐπεὶ
3200 4690 3289 4745 καὶ
3357 4700 3477 4754 τοῖς
3536 4694 3664 4759 ζῶσι
3719 4695 3852 4745 πᾶσι

446 4772 823 4840 Ιιωτθᾶίιεινὶθ
872 4780 1161 4841 habeatur
1218 4779 1402 4853 salus,
1458 4777 1939 4858 quandoquidem
1970 4777 2108 4842 licet

2206 4785 2502 4862 γενόμενος,
2564 4786 2623 4839 οὒ
2693 4781 2891 4845 πάντας
2975 4779 3152 4854 σώζει,
3242 4779 3285 4833 εἷ
3355 4780 3433 4852 μή
3503 4776 3664 4853 μόνον
3722 4779 3847 4841 τοὺς

443 4863 517 4924 ad
558 4864 816 4928 viventes
848 4887 1058 4930 omnes
1090 4868 1399 4944 venit,non
1428 4877 1622 4928 tamen
1657 4885 1867 4928 omnes
1900 4866 2104 4941 salvat,

2206 4874 2595 4935 πιστεύσοντας.
2645 4866 2812 4925 Ἀλλά
2853 4870 2952 4947 γὰρ
3012 4869 3099 4923 καὶ
3155 4872 3255 4930 τῆς
3326 4866 3550 4924 ἑκάστου
3594 4865 3849 4946 προαιρέ-

445 4951 551 5013 sed
576 4972 678 5015 eos
711 4964 935 5018 tantum
963 4959 1063 5039 qui
1093 4957 1482 5019 crediderint.
1510 4955 1740 5017 Etenim
1774 4965 1900 5018 erat
1934 4955 2107 5016 eiiam

2206 4985 2326 5026 τεως
2358 4960 2511 5040 ἔργον
2540 4960 2627 5034 ἦν,
2674 4961 2761 5032 τὸ,
2819 4957 3034 5036 λογικὸν
3077 4957 3357 5035 γενόμενον
3416 4956 3493 5031 μὴ
3523 4955 3849 5024 ἀναισθήτως

442 5058 593 5121 opus
622 5043 826 5106 liberae
849 5048 1162 5109 voluntatis
1184 5047 1653 5126 singulorum,ut
1679 5064 1811 5105 cum
1843 5045 2107 5105 rationa-

442 5129 531 5190 les
553 5142 752 5194 essent
771 5154 890 5195 non
912 5136 1343 5198 insensibiliter
1368 5154 1430 5197 se
1469 5133 1753 5195 haberent
1781 5135 1849 5194 ad
1876 5135 2093 5212 magni-

440 5216 743 5281 ﬁcentiam
778 5224 907 5303 ejus
939 5226 1038 5304 qui
1090 5226 1204 5285 tale
1238 5226 1457 5284 donum
1493 5222 1870 5303 praestiterat,
1904 5224 2007 5284 Sed
2047 5242 2109 5283 se

440 5306 652 5384 dignos
682 5314 1013 5390 prieberent
1072 5313 1267 5374 dantis
1319 5311 1602 5373 bonitate.
1645 5310 1848 5372 Posuit
1878 5320 2103 5382 autem,

438 5393 859 5483 Inobedientes
884 5400 1140 5476 fuerant,
1185 5400 1498 5481 quamdam
1543 5400 1782 5460 solvens
1806 5399 2107 5479 objectio-

438 5503 602 5549 nem.
642 5485 982 5552 Verisimile
1011 5489 1170 5553 enim
1196 5497 1323 5552 erat
1343 5489 1600 5569 aliquem
1636 5488 1947 5552 dicturum
1987 5512 1998 5547 :
2035 5493 2110 5555 Et

515 5656 601 5709 55‘
633 5655 835 5720 Matth.
871 5674 1056 5741 xxvn,
1102 5662 1201 5725 5‘2.

2196 5053 2340 5133 ἔχειν
2398 5056 2495 5117 τῆς
2565 5056 2657 5105 τοῦ
2716 5047 3076 5114 πεποιηκότος
3164 5042 3483 5122 ἀγαθοδότου
3541 5041 3849 5122 μεγαλοδω-

2196 5128 2340 5219 ρεάς,
2374 5137 2492 5194 ἀλλ’
2544 5136 2754 5202 ἐπάξιον
2814 5136 2995 5191 ἑαυτὸν
3050 5133 3310 5213 παρέχειν
3364 5138 3463 5200 τῆς
3520 5142 3612 5191 τοῦ
3681 5128 3846 5187 δεδω-

2195 5217 2347 5292 κότος
2400 5227 2750 5304 ἀγαθότητος.
2806 5226 2877 5281 Τὸ
2947 5221 3025 5297 δὲ,
3088 5219 3672 5295 Ἀπειθήσασιν,ἔθηκε,
3708 5217 3847 5273 λύων

2192 5318 2449 5374 ἀντίθεσιν
2506 5338 2643 5377 τινα,
2702 5315 2852 5375 Εἰκὸς
2912 5314 3012 5392 γάρ
3081 5333 3199 5368 τινα
3270 5309 3410 5389 ἐρε”ν
3444 5328 3458 5341 ⁹
3555 5311 3650 5367 Καὶ
3707 5308 3846 5370 τίνος

2191 5406 2351 5463 ἀλλου
2393 5404 2711 5484 κηρύξαντος
2766 5406 2868 5481 πρὸ
2932 5411 3196 5481 λριστοῠ,
3266 5399 3404 5456 Εἶτα
3466 5398 3847 5467 ἀπειθήσαντες

2609 5482 2828 5568 ς”Ητοι
2886 5491 3246 5553 κατακοῖσεως
3293 5486 3422 5554 ἄξιοι
3467 5488 3746 5568 γεγόνασιν
3802 5506 3830 5540 0

2190 5497 2573 5578 κατεκρίθησαν
2609 5515 2624 5574 ς
