4136 6418
240 343 361 417 557
1328 352 1725 421 COMMENT.
1770 355 1855 419 IN

1972 354 2144 419 ?IST.
2196 359 2221 419 Ι
2271 358 2333 420 S.
2383 357 2636 422 PETRI.
3516 357 3634 424 558

239 487 345 564 πρὸ
374 492 470 542 τοῦ
499 491 720 565 Χριστοῦ
755 503 772 559 ;
829 487 915 541 καὶ
966 483 1107 565 ἔχων
1155 492 1333 559 τοῦτο,
1405 488 1480 552 ὥς
1531 489 1618 545 καὶ
1668 488 1873 552 Παῦλος

1984 507 2099 570 quo
2146 488 2259 550 alio
2290 497 2427 551 ante
2480 489 2774 553 Christum
2833 491 3214 572 praedicante,
3257 488 3628 569 postmodum

241 574 351 631 ἀπὸ
378 575 487 630 τῶν
529 573 930 653 ἐνεσπαρμένων
994 576 1131 649 ἡμῖν
1180 573 1410 652 λογικῶν
1468 574 1736 652 δυνάμεων
1769 579 1882 634 ἀπε-

1979 576 2055 637 de
2084 577 2492 640 inobedientia
2516 580 2767 659 judicati
2797 588 2896 641 aut
2946 581 3444 642 condemnatione
3466 579 3629 660 digni

246 662 452 742 λέγξαι,
507 662 587 719 ὅτι
642 666 869 742 κριτικοὶ
945 662 1110 720 καλοῦ
1165 664 1253 720 καὶ
1336 668 1500 721 κακοῦ
1589 666 1882 747 γεγονότες1

1978 665 2211 728 fuerant
2243 667 2343 748 qui
2383 666 2684 730 Christum
2718 669 3192 749 praacesserant‘?
3221 671 3486 751 Cumque
3520 671 3630 730 hoc

246 752 372 808 εἶτα
427 752 507 827 μὴ
547 754 609 808 τὸ
650 751 849 830 ἀγαθὸν
919 751 1289 830 ἐργασάμενοι,
1347 752 1479 819 ἄξιοι
1539 755 1893 826 κατακρίσεως

1977 764 2179 834 posset
2197 756 3004 837 evincere,quemadmodum
3028 766 3087 820 et
3111 758 3343 834 Paulus,
3380 777 3413 819 a
3444 757 3633 819 disse-

247 842 293 898 oi
349 862 599 915 τοιουτοι,
651 839 710 896 οὐ
764 846 919 897 τοῦτο
982 853 1152 914 ποιεῖ,
1215 842 1536 921 (κρείττονος
1582 844 1682 923 γὰρ
1741 854 1882 903 τοῦτ(

1979 844 2216 904 minatis
2263 843 2323 905 in
2380 845 2553 906 nobis
2609 845 2998 908 rationalibus
3026 846 3269 921 viribus,
3305 845 3459 927 quod
3491 864 3626 906 cum

245 928 506 1009 λογισμοῦ
544 930 631 986 καὶ
658 928 965 1011 φιλοσόφου,
1014 928 1050 998 ἢ
1109 931 1242 986 κατὰ
1300 928 1559 988 Ἰουδαίων
1615 929 1890 1007 διάνοιαν,)

243 1019 351 1075 ἀπὸ
415 1017 471 1074 δὲ
517 1022 616 1086 τῆς
693 1024 908 1098 Γραφῆς
960 1018 1059 1086 τὴν
1104 1018 1371 1076 ἀπείθειαν
1444 1028 1745 1095 πιστοῦται,
1804 1024 1890 1078 καὶ

243 1109 339 1164 οὐκ
368 1107 475 1164 ἀπὸ
501 1113 603 1164 τῶν
635 1108 846 1187 χρόνων
868 1113 973 1164 τὼν
1019 1114 1334 1188 Προφητῶν,
1394 1107 1512 1165 ἀλλ’
1572 1108 1665 1165 ἀπ’
1724 1115 1889 1178 αὐτῆς

1975 932 2172 993 datum
2196 932 2345 1013 ipsis
2364 942 2522 994 esset
2547 942 2606 994 ut
2630 943 2871 1014 possent
2894 934 3047 995 inter
3062 935 3282 996 bonum
3318 944 3376 996 et
3406 934 3625 995 malum

1973 1021 2336 1097 discernere,
2376 1041 2483 1083 nec
2507 1031 2711 1103 postea
2734 1025 2950 1083 bonum
2977 1024 3201 1103 operati
3224 1030 3446 1096 essent,
3481 1022 3629 1083 tales

1973 1109 2136 1186 digni
2169 1119 2368 1172 essent
2400 1119 2612 1184 morte,
2649 1129 2769 1171 non
2797 1112 2910 1173 hoc
2959 1111 3118 1191 facit,
3152 1130 3285 1173 nam
3318 1110 3378 1171 id
3401 1110 3630 1171 altioris

244 1193 435 1276 σχεδὸν
479 1201 577 1263 τῆς
620 1196 994 1273 κοσμογονίας.

1973 1206 2062 1261 est
2109 1197 2606 1259 considerationis
2657 1216 2725 1259 ac
2775 1198 3166 1279 philosophiae
3224 1196 3631 1279 profundionis

241 1302 417 1372 quam
457 1290 520 1345 ut
546 1283 705 1345 ferre
736 1290 934 1365 posset
963 1300 1133 1344 mens
1148 1282 1485 1345 Judaeorum
1518 1302 1531 1347 :
1563 1284 1736 1363 sedfa
1764 1288 2070 1372 Scriptura
2103 1285 2891 1349 conﬁrmatinobedientiam
2929 1307 2942 1347 :
2976 1306 3168 1368 neque
3197 1286 3254 1348 id
3286 1305 3319 1347 a
3349 1285 3631 1367 tempori-

239 1371 353 1435 bus
378 1374 821 1453 prophetarum,
846 1372 949 1433 sed
975 1372 1051 1433 ab
1073 1372 1201 1452 ipso
1224 1373 1655 1452 propemodum
1681 1371 2046 1443 mundiortu
2077 1399 2088 1440 :
2129 1376 2270 1435 διδ
2308 1395 2378 1437 ex
2412 1394 2526 1456 quo
2574 1377 2940 1437 demonstrat
2970 1375 3131 1457 quod
3158 1375 3232 1437 ab
3264 1374 3432 1435 initio
3464 1391 3619 1455 prae-

237 1462 548 1527 dicabatur
577 1462 922 1524 hominibus
950 1460 1133 1542 salus,
1163 1461 1269 1522 sed
1303 1461 1747 1542 despiciebatur
1778 1466 1854 1528 ob
1887 1466 2346 1531 declinationem
2380 1467 2648 1544 ipsorum
2681 1466 2753 1527 ad
2785 1484 2929 1527 vana
2954 1484 3022 1527 ac
3052 1465 3400 1546 voluptuosa

318 1550 716 1631 Ἀναριθμήτων
781 1553 881 1629 γὰρ
937 1551 1102 1607 ὄντων
1199 1551 1487 1630 ἀνθρώπων
1578 1556 1665 1610 καὶ
1761 1556 1880 1614 κατ’

2047 1556 2191 1618 Cum
2218 1554 2376 1614 enim
2410 1554 2648 1615 illorum
2707 1572 2942 1635 quoque
2988 1560 3258 1635 tempore
3288 1551 3606 1613 innumera

234 1641 412 1699 ἐκεῖνο
454 1649 656 1721 καιροῦ,
721 1640 872 1717 μόνοι
917 1641 1059 1697 ὀκτὼ
1105 1643 1369 1719 ἅνθρωποι
1428 1641 1722 1707 πεισθέντες
1767 1660 1882 1710 τοῖς

1972 1645 2117 1707 biles
2150 1653 2350 1704 asyent
2383 1643 2676 1714 homines,
2709 1643 2821 1704 soli
2852 1650 3008 1716 octo,
3036 1641 3351 1703 credentes
3387 1640 3480 1701 his
3497 1657 3631 1720 quae

233 1729 652 1811 κηρυσσομὲνοις
705 1727 790 1784 διὰ
858 1731 955 1795 τῆς
1009 1734 1412 1796 κατατασκευῆς
1473 1735 1573 1798 τῆς
1629 1730 1877 1811 κιϐωτοῦ,

1972 1752 2072 1814 per
2102 1750 2255 1794 arca;
2304 1730 2791 1812 praeparationem
2856 1730 3350 1811 praedicabantur,
3411 1729 3625 1789 servati

234 1820 533 1888 ἐσώθησαν.
564 1816 785 1885 Ἐπειδὴ
842 1816 896 1873 δὲ
954 1817 1007 1873 ἐν
1066 1815 1211 1874 ὕδατι
1256 1819 1290 1885 ἡ
1365 1819 1619 1896 σωτηρία,
1696 1821 1881 1888 εὐθέως

1972 1823 2234 1883 fuerunt.
2267 1820 2556 1891 Quoniam
2589 1828 2784 1881 autem
2813 1819 2878 1880 in
2910 1836 3060 1900 aqua
3084 1818 3275 1880 fuerat
3295 1817 3622 1891 salus,con-

231 1909 388 1966 τοῦτο
463 1908 547 1965 ἐπὶ
628 1906 720 1963 τοῦ
780 1908 930 1985 ἁγὶου
987 1904 1244 1982 λαμϐάνει
1356 1907 1717 1982 βαπτίσματος
1796 1913 1882 1968 καί

1972 1909 2161 1971 restim
2221 1909 2333 1969 hoc
2364 1908 2436 1968 ad
2491 1925 2724 1969 sacrum
2760 1908 3037 1969 transfert
3065 1906 3378 1987 baptisma,
3431 1913 3490 1966 et
3517 1904 3620 1978 ait,

232 2019 417 2080 φησιν,
471 1997 553 2052 ὅτι
619 1998 680 2051 τὸ
724 1994 860 2073 ὕδωρ
892 1994 1091 2053 ἐκεῖνο
1135 1995 1202 2049 τὰ
1254 1994 1527 2071 βάπτισμα
1582 1998 1727 2072 ὑμῶν
1784 2001 1882 2056 ὑπ.

1972 1998 2122 2079 quod
2156 2016 2306 2077 aqua
2335 1996 2438 2057 illa
2462 1996 2806 2074 designabat
2834 2004 3103 2058 nostrum
3136 1995 3447 2077 baptisma,
3482 2012 3626 2073 quo-

230 2089 499 2163 ῃνίσσετο,
559 2083 707 2142 Ἐπεὶ
776 2086 866 2141 καὶ
948 2091 1102 2140 τοῦτο
1157 2083 1496 2163 ἐναποπνίγει
1572 2087 1693 2149 τοὺς
1735 2087 1882 2144 ἀπει-

1972 2088 2125 2148 niam
2151 2085 2295 2146 illud
2331 2103 2567 2165 quoque
2597 2085 2847 2146 suﬂ'ocat
2866 2103 2935 2146 ac
2964 2081 3623 2163 demergitincredulos

230 2180 449 2240 θοῦντας
505 2174 775 2250 δαίμονας,
825 2174 911 2229 καὶ
968 2174 1125 2243 σώζει
1181 2174 1302 2237 τοὺς
1360 2174 1576 2237 πιστοὺς
1632 2176 1880 2254 προσίον-

1972 2174 2611 2252 daamoues,servatque
2641 2172 2848 2234 ﬁdeles
2869 2173 2940 2234 ad
2974 2172 3258 2235 Ecclesiae
3278 2189 3479 2233 arcam
3512 2189 3618 2232 ac-

228 2270 418 2342 ταςτῇ
445 2261 657 2336 κιϐωτῷ
743 2263 841 2328 τῆς
922 2260 1265 2327 Ἐκκλησίας.
1348 2251 1505 2337 ’Ἅμα
1575 2260 1628 2318 δέ
1675 2251 1877 2339 ἰρησιν,

1972 2261 2468 2325 cedentes.Simul
2490 2251 2687 2322 autem
2719 2261 2863 2323 dicit
2887 2282 2900 2321 :
2927 2260 3445 2334 Quemadmodum
3463 2277 3619 2341 aqua

234 2344 456 2433 ’Ὠσπερ
477 2355 538 2409 τὸ
588 2350 723 2431 ὕδωρ
779 2347 1058 2421 ἆποκλύζει
1101 2351 1191 2405 τὸν
1245 2350 1426 2426 ῥύπον,
1489 2349 1625 2406 οὕτω
1677 2356 1763 2408 καὶ
1818 2355 1878 2408 τὸ

1972 2351 2133 2414 diluit
2161 2353 2392 2426 sordes,
2422 2352 2507 2411 sic
2533 2359 2591 2412 et
2612 2350 2925 2431 baptisma.
2962 2350 3182 2413 Verum
3208 2368 3326 2410 non
3357 2348 3613 2411 ablatio-

230 2444 534 2521 βάπτισμα.
599 2438 747 2497 Ἀλλ’
781 2441 840 2496 οὒ
895 2441 1087 2517 σαρκὸς
1130 2439 1292 2516 ῥύπου
1346 2438 1593 2496 ἀπόθεσιν
1636 2440 1875 2521 ἀπεργά-

1972 2459 2098 2503 nem
2133 2441 2396 2505 sordium
2425 2439 2622 2500 carnis
2672 2449 2975 2519 operatur,
3010 2440 3115 2500 sed
3147 2456 3255 2519 per
3283 2436 3613 2517 symbolum

229 2540 397 2606 ζεται,
432 2528 794 2607 συμϐἐολικῶς
828 2527 883 2607 δὲ
936 2529 1034 2596 τὴν
1064 2533 1161 2594 τῆς
1211 2531 1449 2607 ψυχικῆς
1497 2526 1719 2595 κηλῖδος
1779 2552 1881 2586 πα-

1972 2530 2333 2592 demonstrat
2388 2530 2754 2594 macularum
2812 2527 3030 2589 animae
3072 2526 3463 2589 ablutionem.
3515 2524 3620 2586 Est

229 2622 470 2700 ρίστησιν
499 2606 813 2677 ἆπόκλυσιν.
849 2606 1016 2674 ’Ἐστι
1079 2614 1134 2672 δὲ
1192 2606 1297 2672 καῖέ
1337 2617 1453 2672 οἷόν
1507 2639 1585 2681 τις
1641 2616 1878 2696 ἆῤῥαϐὼν

1972 2628 2157 2680 autem
2187 2617 2363 2679 veluti
2399 2617 2571 2678 etiam
2598 2616 2855 2678 arrhabo
2878 2617 3120 2697 quidam
3138 2625 3194 2676 et
3220 2615 3436 2696 pignus
3454 2614 3622 2675 bona:

228 2712 318 2768 καὶ
376 2709 625 2790 ἐνέχυρον
709 2711 809 2776 τῆς
862 2708 993 2785 πρὸς
1050 2707 1180 2762 Θεὸν
1229 2705 1431 2784 ἀγαθῆς
1504 2706 1873 2777 συνειδήσεως,

1972 2725 2100 2786 erga
2131 2707 2318 2768 Deum
2350 2705 2757 2769 conscientiae.
2808 2703 2919 2776 Qui
2952 2705 3119 2766 enim.
3154 2703 3310 2765 bene
3335 2702 3449 2764 sibi
3470 2721 3619 2764 con-

232 2802 290 2857 Οἱ
321 2799 424 2879 γὰρ
452 2796 739 2861 συνειδότες
793 2797 1005 2860 ἑαυτοῖς
1076 2795 1267 2873 ἀγαθὰ,
1325 2794 1587 2871 τουτέστι,
1662 2798 1710 2853 οἱ
1766 2797 1880 2873 βίου

1972 2796 2070 2857 scii
2104 2805 2264 2869 sunt,
2322 2795 2431 2855 hoc
2468 2804 2577 2868 est,
2640 2794 2742 2874 qui
2794 2793 3152 2874 inculpatam
3186 2792 3624 2873 amplectuntur

230 2889 585 2969 ἀντεχόμενοι
657 2887 909 2965 ἀμώμου,
968 2888 1052 2941 καὶ
1102 2890 1258 2940 τοῦτο
1315 2883 1376 2940 ἐκ
1424 2887 1620 2949 παντὸς
1688 2885 1875 2958 ἐπιζη-

1972 2883 2167 2957 vitam,
2193 2893 2255 2943 et
2283 2883 2442 2942 illam
2466 2883 2702 2962 penitus
2721 2885 3041 2962 exquirunt
3064 2900 3133 2942 ac
3158 2881 3342 2942 veluti
3361 2881 3621 2941 interro-

228 2968 441 3042 τοῦντες
470 2978 558 3034 καὶ
586 2980 704 3033 οἷον
777 2975 1073 3054 ἐρωτῶντες
1106 2980 1280 3051 (τοῦσο
1336 2975 1435 3053 γὰρ
1490 2987 1610 3037 τοῖς
1666 2977 1878 3045 ζητοῦσί

1972 2981 2097 3051 gant
2153 2980 2338 3049 (nam
2402 2972 2515 3031 hoc
2559 2969 2830 3031 comitari
2878 2971 3031 3032 solet
3079 2986 3182 3034 eos
3232 2970 3331 3049 qui
3388 2968 3612 3049 aliquid

229 3089 279 3123 τι
338 3065 710 3145 ἐπακολουθεῖ,
767 3063 911 3141 λέγω
957 3060 1011 3118 δὲ
1060 3063 1122 3118 τὸ
1177 3062 1427 3142 ἐρωτᾷν),
1475 3062 1618 3119 οὗτοι
1674 3066 1763 3120 καὶ
1803 3072 1879 3139 τῷ

1972 3071 2255 3143 quaerunt,
2289 3079 2505 3141 nempe
2537 3060 2957 3142 interrogare),
2977 3060 3035 3121 bi
3067 3062 3242 3121 etiam
3274 3059 3348 3119 ad
3377 3076 3611 3119 sacrum

230 3156 366 3236 ἁγίῳ
406 3155 791 3235 προστρέχουσι
819 3153 1165 3230 βαπτίσματι,
1228 3152 1326 3209 Καὶ
1352 3152 1456 3227 τίς,
1518 3154 1669 3233 φησὶ,
1725 3161 1880 3210 τοῦτο

1972 3160 2281 3213 accurrunt
2309 3150 2625 3230 baptisma.
2664 3151 2737 3211 Et
2780 3151 2933 3230 quis,
2989 3150 3198 3230 inquit,
3253 3149 3365 3209 hoc
3396 3147 3622 3236 praebet

229 3235 456 3325 παρέχει
487 3246 550 3301 τὸ
581 3243 870 3314 ἐπιζητεῖν
886 3242 973 3297 καὶ
1028 3240 1298 3319 ἐπερωτᾷν
1371 3241 1431 3295 τὸ
1491 3243 1637 3298 θεῖον
1679 3243 1875 3318 βαπτι-

1972 3246 2027 3301 ut
2051 3242 2394 3320 exquiratur
2426 3259 2494 3300 ac
2524 3248 2770 3318 rogetur
2800 3240 3064 3301 divinum
3088 3238 3378 3317 baptisma
3398 3235 3619 3325 ‘(Chri-

233 3324 341 3410 σμα
367 3324 483 3414 ,Ἠ
515 3333 826 3404 ἀνάστασις,
857 3339 950 3389 τοῦ
992 3335 1240 3410 Χριστοῦ,
1298 3328 1405 3407 Πρὸ
1435 3329 1532 3404 μὲν
1591 3332 1690 3409 γὰρ
1745 3331 1878 3388 ἀνα-

1972 3330 2038 3392 sti
2054 3328 2746 3408 resurrectioﬁiquidem
2766 3329 2932 3390 antei
2941 3328 3103 3409 psius
3114 3324 3619 3388 resurrectionem

231 3423 461 3487 στάσεως
517 3425 673 3481 αὐτοῦ
742 3420 833 3477 καὶ
889 3425 981 3476 τοῦ
1072 3419 1268 3481 πάθους
1323 3417 1693 3499 ἀποφαίνεται,
1792 3423 1877 3495 τὸ,

1972 3437 2031 3479 ac
2054 3419 2390 3499 passionem
2451 3418 2563 3478 hoc
2609 3417 2942 3478 ostenditur
3003 3438 3016 3480 :
3071 3441 3097 3471 ι(
3130 3415 3255 3477 Nisi
3284 3415 3416 3496 quis
3447 3423 3620 3477 natus

236 3529 267 3571 ι
296 3509 423 3568 Ἐὰν
455 3513 532 3587 μή
562 3532 643 3575 τις
699 3512 930 3589 γεννηθῇ
985 3507 1040 3574 ἐξ
1094 3504 1280 3570 ὕδατος
1349 3509 1436 3562 καὶ
1493 3508 1812 3583 πνεύματος.
1851 3534 1872 3565 ι

230 3603 376 3656 Μετὰ
421 3596 476 3657 δὲ
532 3600 629 3667 τὴν
687 3598 995 3678 ἀνάστασιν,
1052 3598 1136 3671 τὸ,
1198 3615 1223 3652 α
1262 3595 1534 3667 Βαπτίζειν
1585 3598 1757 3653 πάυτα
1813 3599 1879 3654 τὰ

229 3690 517 3769 προσιόντα
560 3687 682 3756 ἔθνη
725 3689 798 3752 εἷς
838 3685 1005 3761 ὄνομα
1056 3686 1258 3764 Πατρὸς
1290 3686 1379 3741 καὶ
1438 3687 1558 3742 1⁸ἱοῦ
1611 3688 1698 3742 καὶ
1728 3688 1878 3765 ἁγίου

233 3780 561 3843 Πνεύιιατος.
625 3799 649 3833 ι
710 3774 860 3833 Ἐπεὶ
912 3774 967 3831 δὲ
1034 3776 1124 3830 τὸν
1192 3777 1291 3840 τῆς
1368 3774 1666 3850 οἰκονομίας
1716 3775 1876 3855 λόγον

1962 3508 2223 3569 fueritex
2244 3524 2393 3587 aqua
2416 3516 2475 3567 et
2529 3507 2736 3586 spiritu
2760 3507 2861 3583 56;
2898 3532 2923 3562 »
2957 3517 3086 3587 post
3114 3503 3620 3567 resurrectionem

1960 3615 2098 3657 vero
2136 3614 2147 3657 :
2183 3620 2203 3652 ιι
2244 3597 2626 3674 Baptizantes
2677 3615 2886 3657 omnes
2908 3604 3115 3673 gentes
3143 3594 3524 3674 accedentes,
3559 3594 3620 3654 in

1962 3686 2204 3746 nomine
2238 3684 2685 3763 Patris,etFilii,
2723 3694 2779 3746 et
2802 3685 3058 3763 Spiritus
3075 3683 3364 3744 sancti57.
3405 3708 3427 3740 ι)
3459 3684 3626 3745 Post-

1960 3793 2135 3855 quam
2178 3781 2374 3834 autem
2409 3773 2879 3853 dispensationis
2906 3792 3247 3834 sermonem
3278 3771 3568 3833 conclusit
3601 3788 3615 3832 :

228 3864 430 3941 διῆλθε,
467 3865 612 3945 λέγω
666 3863 722 3921 δὲ
777 3866 878 3932 τὴν
921 3866 992 3928 εἰς
1052 3861 1177 3936 ᾅδου
1234 3862 1447 3941 πορείαν
1516 3872 1606 3920 τοῦ
1665 3866 1872 3944 Κυρίου,

1972 3864 2094 3945 iico
2145 3870 2341 3923 autem
2400 3861 2755 3922 descensum
2794 3861 3035 3922 Domini
3085 3861 3158 3923 ad
3207 3860 3531 3933 infernum,
3565 3868 3624 3919 et

228 3957 316 4012 καὶ
346 3977 489 4019 τινος
548 3944 708 4035 χάριν
763 3954 922 4010 κάκεῖ
965 3953 1306 4031 πεπόρευται,
1369 3949 1449 4007 ὅτι
1506 3951 1591 4008 ἐπὶ
1643 3955 1877 4034 σωτηρίᾳ

1972 3944 2134 4032 quam
2171 3954 2247 4012 ob
2275 3970 2510 4012 causam
2572 3970 2638 4012 eo
2688 3951 2862 4011 etiam
2908 3952 3251 4016 accesserit,
3293 3959 3431 4030 puta
3461 3949 3620 4029 quod

228 4046 320 4103 καὶ
390 4045 467 4101 ὦν
538 4042 591 4100 ἐν
644 4040 788 4117 ᾅδου,
849 4040 1007 4101 πάλιν
1076 4039 1257 4121 ἑτέραν
1314 4039 1558 4121 ἀφορμὴν
1625 4042 1731 4099 ἀπὸ
1788 4052 1879 4100 τοῦ

1972 4051 2201 4122 propter
2253 4042 2490 4101 illorum
2549 4060 2787 4121 quoque
2843 4041 3096 4102 salutem
3133 4041 3234 4120 qui
3276 4040 3335 4100 in
3385 4038 3619 4099 inferno

228 4134 458 4191 θανάτου
515 4129 775 4208 λαμϐάνει
848 4137 942 4187 τοῦ
1000 4131 1187 4210 Κυρίου
1233 4132 1305 4194 εἷς
1362 4130 1695 4209 πλράκλησιν
1750 4132 1876 4211 ἀρε-

1972 4139 2170 4207 erant:
2195 4130 2309 4190 alia
2338 4156 2365 4187 τι
2401 4148 2639 4191 rursum
2698 4130 2877 4191 sumit
2906 4150 2938 4191 a
2973 4140 3160 4191 morte
3190 4128 3425 4191 Domini
3456 4146 3621 4189 occa-

228 4228 356 4290 τῆς.
409 4223 511 4282 Καί
560 4243 745 4302 φησιν,
817 4221 898 4276 ὃτι
997 4221 1054 4278 Εἰ
1136 4219 1362 4276 ἀπέθανε
1455 4224 1675 4298 Χριστὸς
1749 4221 1877 4299 ὑπὲρ

1972 4218 2191 4280 sionem
2225 4220 2299 4279 ad
2330 4220 2558 4280 virtutis
2586 4220 3081 4295 exhortationem,
3113 4228 3170 4280 et
3198 4221 3276 4281 ait
3304 4237 3316 4281 :
3347 4216 3409 4279 Si
3446 4215 3619 4278 Chri-

229 4313 389 4388 ἡμῶν
474 4312 623 4391 σαρκὶ
684 4310 767 4391 (οὗ
810 4310 910 4389 γὰρ
985 4311 1072 4366 καὶ
1128 4315 1196 4387 τῇ
1277 4310 1517 4385 ἀθανάτῳ
1577 4313 1732 4368 αὐτοῦ
1792 4313 1879 4366 καὶ

230 4401 345 4472 θείᾳ
372 4399 569 4480 φύσει),
612 4401 828 4463 πάντως
878 4400 967 4456 καὶ
1024 4399 1179 4474 ὑμεῖς
1238 4397 1578 4464 ἀντιδιδόντες
1637 4404 1777 4474 αὒτῷ
1817 4402 1880 4455 τὸ

231 4487 523 4545 ἀποθανεῖν
585 4484 652 4543 δι’
710 4487 838 4544 αὐτὸ
888 4494 957 4565 τῇ
1009 4489 1260 4567 ἁμαρτίᾳ,
1311 4491 1406 4545 οὐκ
1476 4487 1552 4545 ἔτι
1620 4488 1880 4567 ἀνθρωπί-

230 4600 349 4642 ναις
418 4577 711 4653 ἐπιθυμίαις
778 4575 1060 4650 ἁλώσεσθε,
1137 4576 1276 4634 ἀλλὰ
1355 4579 1491 4635 κατὰ
1543 4580 1604 4635 τὸ
1671 4577 1881 4653 θέλημα

232 4667 397 4742 μόνον
426 4671 522 4722 τοῦ
552 4671 682 4722 Θεοῦ
708 4666 800 4721 τὸν
857 4665 1128 4724 ἐπίλοιπον
1172 4666 1367 4747 χρόνον
1424 4667 1643 4738 ζήσεσθε
1706 4667 1796 4722 τὸν
1827 4665 1880 4721 ἐν

229 4760 303 4832 τῇ
359 4754 534 4834 σάρκί.
595 4776 622 4815 ι
680 4757 1004 4819 Θανατωθεὶς
1088 4755 1185 4831 μὲν
1254 4756 1426 4837 σάρκί,
1465 4781 1492 4812 ι
1556 4756 1879 4818 Θανατωθεὶς

233 4843 336 4921 μέν
362 4849 434 4919 τῇ
467 4844 614 4923 φύσει
657 4843 751 4912 τῆς
834 4847 1047 4924 σαρκὸς,
1118 4843 1379 4921 τουτέστι,
1436 4851 1506 4923 τῇ
1555 4845 1877 4924 ἀνθρωπίνῃ,

233 4931 469 4994 ἀναστὰς
498 4930 553 4989 δὲ
582 4939 653 5010 τῇ
681 4930 895 5008 δυνάμει
945 4939 1042 5001 τῆς
1096 4932 1373 5000 θεότητος.
1410 4936 1509 4992 Καὶ
1550 4934 1650 5013 γὰρ
1679 4932 1887 5007 πνεῦμά

235 5019 381 5077 ἐστιν
423 5023 451 5076 ὁ
509 5024 662 5097 Θεὸς,
696 5024 770 5086 ὡς
814 5022 949 5091 αὐτὴ
1004 5027 1102 5090 τῆς
1143 5020 1414 5101 θεολογίας
1469 5025 1612 5100 ἡμᾶς
1642 5024 1676 5091 ἡ

236 5110 329 5168 καὶ
354 5110 510 5190 σοφία
553 5110 1025 5191 ἐμυσταγώγησεν.

327 5223 354 5253 α
402 5197 488 5257 Ἐν
517 5203 562 5256 ὦ
588 5203 826 5267 καὶτοῖς
882 5202 936 5258 ἐν
1000 5201 1210 5283 φυλακῇ
1278 5202 1538 5278 πνεύμασι
1595 5200 1879 5278 πορευθεὶς,

237 5286 482 5369 ἐκήρυξεν
548 5289 869 5361 ἀπειθήσασί
922 5313 1070 5353 ποτε,
1177 5284 1314 5349 ιὈτε
1398 5286 1537 5354 ἅπαξ
1619 5285 1890 5368 ἐξεδέχετο

237 5379 276 5447 ἦ
343 5386 432 5436 τοῦ
486 5380 617 5437 Θεοῦ
686 5382 1018 5458 μακροθυμία
1087 5382 1143 5438 ἐν
1224 5382 1446 5457 ἡμέραις
1517 5383 1656 5455 Νῶε,
1717 5381 1885 5435 κάτα-

237 5469 625 5547 σκευαζομένης
700 5466 951 5551 κιϐωτοῦ,
1035 5473 1107 5537 εἷς
1182 5470 1246 5541 ἣν
1332 5467 1526 5548 ὀλίγοι,
1598 5465 1885 5547 τουτέστιν,

319 5631 578 5699 5310M.
618 5652 709 5710 ut,
745 5638 805 5694 5.
895 5632 956 5681 57
987 5632 1186 5696 Matth.
1221 5645 1423 5705 xxvm,
1463 5626 1559 5708 19,
1591 5626 1692 5690 20.

1959 4320 2082 4378 stus
2112 4327 2290 4369 carne
2344 4318 2612 4371 mortuus
2676 4319 2765 4371 est
2824 4328 2930 4390 pro
2988 4308 3161 4370 nobis
3212 4311 3430 4389 (neque
3460 4306 3619 4366 enim

1965 4398 2284 4459 immortali
2318 4417 2423 4459 sua
2455 4410 2511 4460 et
2541 4400 2738 4460 divina
2771 4410 2979 4460 natura
3001 4399 3150 4459 mori
3171 4397 3620 4479 potuit),utique

1961 4498 2017 4549 et
2040 4505 2139 4548 vos
2182 4488 2368 4548 vicem
2422 4489 2476 4548 ei
2552 4489 2980 4569 rependentes,
3017 4488 3327 4550 moriendo
3380 4492 3621 4566 peccato

1970 4585 2214 4658 propter
2233 4576 2451 4656 ipsum,
2487 4596 2605 4638 non
2627 4577 2882 4657 amplius
2903 4578 3176 4638 humanis
3197 4575 3625 4655 concupiscen-

1971 4666 2069 4726 tiis
2086 4665 2538 4745 capiemini,sed
2558 4666 2668 4727 soli
2687 4666 3086 4728 Deivoluntati
3100 4666 3331 4746 reliquo
3354 4672 3622 4740 tempore

1972 4754 2032 4815 in
2061 4772 2240 4815 carne
2267 4755 2490 4815 vivetis.
2524 4755 2940 4816 «Mortiﬁcatus
2980 4755 3218 4835 quidem
3253 4770 3456 4815 carne.
3500 4774 3519 4804 ι
3556 4747 3621 4809 1d

1975 4854 2084 4918 est,
2138 4851 2353 4905 natura
2408 4844 2627 4915 carnis,
2668 4845 2781 4905 hoc
2809 4852 2922 4921 est,
2958 4844 3245 4923 humana,
3280 4842 3382 4902 sed
3414 4856 3621 4901 resur-

1968 4951 2114 5014 gens
2155 4932 2416 5010 potentia
2491 4932 2836 4994 divinitatis.
2915 4931 3148 4993 Etenim
3225 4931 3471 5012 spiritus
3534 4934 3626 4989 est

1971 5027 2130 5086 Deus
2155 5023 2237 5096 58,
2272 5022 2772 5101 quemadmodum
2808 5020 3273 5102 ipseJheologia:
3302 5021 3432 5080 fons
3454 5036 3522 5078 ac
3542 5033 3629 5076 sa-

1973 5111 2194 5193 pientia
2226 5129 2333 5171 nos
2365 5111 2583 5172 docuit.

2055 5199 2155 5276 III,
2191 5200 2259 5259 19
2292 5205 2388 5258 2-2.
2428 5203 2507 5259 ἀι
2529 5205 2564 5258 li
2596 5198 2667 5260 In
2689 5217 2803 5279 quo
2821 5202 3003 5262 etiam
3025 5200 3198 5277 abiit,
3223 5208 3281 5261 et
3302 5196 3627 5280 spiritibus

1972 5292 2266 5371 quierant
2297 5292 2359 5349 in
2398 5307 2640 5351 carcere
2676 5290 3057 5367 pradicavil,
3100 5288 3631 5369 qui‘inobcdientes

1971 5379 3635 5460 fuerantquonJamLumsemetrxspectabaturﬂeiton-

1971 5471 2308 5553 gauimitas
2326 5471 2389 5529 in
2407 5466 2771 5542 diebusNoe,
2796 5491 2815 5529 ι
2832 5486 2934 5529 um
2952 5470 3373 5550 apparabatur
3388 5466 3630 5540 αγαιρη

1777 5634 1842 5685 58
1867 5633 2040 5697 Joan.
2078 5647 2153 5706 IV,
2183 5630 2282 5693 24.
