4136 6420
235 451 349 517 561

1333 458 1729 522 COMMENT.
1780 456 1861 517 IN
1906 452 2151 515 EPIST.
2195 451 2223 514 Ι
2267 453 2326 513 S.
2373 450 2627 513 PETRI.

3502 448 3623 514 562

238 585 484 666 φλυγίαις
515 600 635 650 ταῖς
663 587 866 645 ἐπὶτὸν
923 590 1073 647 οἶνον
1128 590 1406 670 ἀκρατέσιν
1460 595 1679 668 ὁρμαῖς.
1745 611 1769 647 ιι
1808 590 1879 648 Ἐ·

1980 586 2179 668 specie
2195 584 2521 667 subjungit,
2543 585 2915 649 confundens
2931 585 3112 667 ipsos.
3146 610 3167 643 ι
3196 585 3619 649 Vinolentiis.)

238 680 286 751 ᾧ
314 674 621 747 Ξενίζονται.
672 697 700 737 ι
779 680 851 735 Τὸ
909 677 1187 750 ξενίζονται
1258 681 1372 737 ἀντὶ
1424 687 1516 737 τοῦ
1570 679 1893 756 θαυμάζουσι

238 765 423 822 κεῖται
456 809 471 823 .
508 755 587 823 ”Ο
617 764 673 823 δὲ
702 765 848 844 λέγει
879 767 1033 826 τοῦτό
1078 768 1190 825 ἐστι
1216 789 1227 801 ·
1296 768 1540 835 Καθάπαξ
1596 755 1893 844 ἀπειπάμε-

241 876 321 910 νοι
366 860 473 910 τῶν
505 853 720 912 ἐθνικῶν
750 853 1179 932 ἐπιτηδευμάτων
1222 857 1276 915 ἐν
1322 862 1406 922 οἷς
1482 858 1704 929 ἐζήσατὲ
1737 879 1891 936 ποτε,

239 949 333 998 τοῦ
378 942 787 1023 ἐπανῃρημένου
829 945 957 1019 ὑμῖν
1018 953 1212 1020 σεμνοῦ
1280 947 1394 1024 βίου
1452 946 1661 1027 ἔχεσθε.
1740 946 1891 1005 Οὕτω

240 1031 342 1110 γὰρ
373 1031 435 1086 ἂν
474 1032 564 1087 καὶ
619 1031 766 1089 αὖτοὶ
821 1034 870 1088 οἱ
932 1033 1122 1091 ἐθνικοὶ
1178 1037 1529 1111 θαυμάζονται
1589 1038 1751 1111 ὑμᾶς,
1813 1039 1888 1111 μὴ

241 1119 627 1199 συντρέχοντας
660 1123 839 1183 αὺτοῖς
872 1124 943 1185 εἷς
975 1124 1071 1190 τὴν
1134 1126 1320 1199 ὁμοίαν
1350 1127 1531 1188 αὐτοῖς
1588 1131 1685 1193 τῆς
1772 1124 1887 1180 ἄσε-

240 1206 385 1272 6είας
456 1209 713 1289 ἀνάχυσιν
779 1210 893 1270 ἦτοι
952 1213 1226 1292 σύγχυσιν.
1306 1217 1397 1272 Διὸ
1464 1216 1553 1271 καὶ
1609 1216 1743 1291 μετὰ
1799 1224 1890 1273 τοῦ

239 1298 522 1373 θαυμάζειν
551 1300 638 1355 καὶ
670 1299 1034 1378 ἐξαπορεϊσθαι
1104 1310 1171 1379 τῇ
1257 1302 1524 1381 μεταϐολῇ
1600 1307 1772 1380 ὑμῶν,
1830 1308 1891 1362 οὒ

240 1387 404 1461 μόνον
475 1388 943 1467 καταισχύνονται,
1005 1389 1141 1449 ἀλλὰ
1183 1394 1271 1448 καὶ
1323 1391 1716 1473 βλασφημωῦσι⁷
1764 1414 1887 1448 του-

237 1475 409 1547 τέστι,
484 1479 814 1534 σκώπτουσιν
870 1481 1030 1554 ὑμᾶς.
1098 1478 1373 1558 Βδέλυγμα
1433 1482 1534 1559 γὰρ
1589 1478 1888 1559 ἁμαρτωλῷ

236 1562 529 1629 θεοσέϐεια,
577 1569 731 1623 Οὗτοι
783 1565 836 1623 δὲ
874 1570 960 1624 καὶ
1014 1567 1128 1625 οὒδέ
1172 1570 1506 1649 ἀτιμώρητον
1577 1569 1745 1635 ἕξουσι
1788 1570 1886 1636 τὴν

1979 675 2512 754 intemperantibus
2528 674 2651 736 vini
2672 673 3379 755 appetitionibus.«Unde
3400 695 3617 738 novum

1976 764 2210 826 videtur
2228 764 2403 827 illis.»
2433 767 2737 837 Ξενίζονται
2759 763 2998 844 penitur
3016 781 3120 844 pro
3140 766 3480 840 θαυμάζουσι.
3495 765 3619 828 Hoc

1978 852 2564 927 est,admirantur.[d
2580 862 2778 915 autem
2799 853 3058 935 estquod
3074 853 3236 916 dicit:
3266 853 3411 917 Cum
3428 855 3616 917 semel

1974 943 2454 1005 renuntiaveritis
2493 943 2756 1021 gentium
2808 942 3043 1018 studiis,
3076 942 3292 1023 quibus
3317 943 3617 1024 quondam

1974 1031 2279 1112 vivebatis,
2331 1033 2650 1094 adhaeretis
2682 1031 2812 1092 vita
2858 1031 3128 1092 honesta;
3178 1050 3353 1111 quam
3383 1050 3617 1094 assum-

1972 1121 2195 1200 psistis.
2228 1120 2314 1182 Ita
2345 1121 2504 1182 enim
2534 1121 2648 1201 ipsi
2678 1139 2914 1200 quoque
2942 1121 3192 1199 gentiles
3249 1120 3618 1184 admirantur

1974 1224 2095 1282 vos,
2129 1210 2286 1291 quod
2318 1229 2438 1271 non
2470 1210 2841 1271 concurratis
2871 1228 3008 1270 cum
3030 1209 3191 1270 eisin
3216 1209 3473 1270 similem
3507 1210 3619 1271 im-

1974 1296 2213 1377 pietatis
2235 1298 2595 1359 refusionem
2613 1302 2736 1359 sive
2751 1296 3186 1359 confusionem.
3212 1296 3474 1377 Ideoque
3498 1317 3617 1359 non

1973 1386 2162 1445 solum
2195 1386 2565 1448 admirantur
2592 1395 2648 1446 et
2677 1394 2917 1465 stupent
2968 1384 3044 1446 ob
3097 1386 3484 1447 mutationem
3516 1405 3620 1448 ve-

1971 1484 2152 1538 stram
2164 1497 2296 1541 ,non
2313 1478 2500 1538 solum
2518 1477 3051 1557 pudeﬁunt.verum
3066 1476 3243 1539 etiam
3258 1477 3621 1539 calumnian-

1972 1572 2084 1638 tur,
2108 1567 2218 1627 hoc
2243 1566 2613 1640 est,irrident
2630 1584 2751 1628 vos.
2782 1566 3164 1628 Abominatio
3184 1576 3275 1628 est
3297 1566 3455 1627 enim
3480 1586 3621 1646 pec-

236 1654 488 1720 τοιαύτην
531 1653 897 1735 βλασφημῖαν,
946 1656 1082 1713 ἀλλὰ
1123 1657 1346 1714 δώσουσι
1403 1658 1582 1738 λόγον,
1656 1666 1732 1733 τῷ
1801 1659 1879 1714 ἐπ’

1968 1654 2151 1714 catori
2182 1656 2411 1717 divinus
2443 1655 2654 1729 cultus,
2692 1654 2767 1717 Hi
2796 1663 2994 1716 autem
3025 1674 3221 1735 neque
3252 1656 3498 1733 impune
3519 1654 3612 1717 fe-

236 1742 382 1815 αὗτῷ
450 1744 619 1816 τούτῳ
673 1744 1007 1818 ἀμεταθέτως
1092 1748 1178 1802 καὶ
1235 1744 1451 1826 ἐδραίως
1518 1746 1879 1822 καθεδουμέιιῳ

1968 1751 2099 1803 rent
2126 1744 2468 1823 hujusmodi
2492 1742 2849 1817 calumnian,
2897 1743 3003 1805 sed
3027 1744 3282 1807 reddent
3311 1744 3607 1806 rationem

235 1835 343 1885 τῶν
373 1831 584 1886 πάντων
625 1838 804 1909 κριτῇ.
836 1836 998 1890 Τοῦτο
1023 1834 1121 1912 γὰρ
1172 1836 1233 1891 τὸ
1313 1823 1577 1910 ἸΕτοιμον
1634 1835 1879 1909 σημαίνει

1968 1832 2373 1895 universorum
2400 1832 2612 1912 judici,
2647 1833 2747 1913 qui
2777 1833 2850 1894 ad
2884 1833 2997 1894 hoc
3028 1833 3223 1912 ipsum
3254 1832 3609 1895 immutabi-

237 1918 483 1999 ἐνταῦθα,
515 1922 589 1983 ὡς
619 1923 705 1977 καὶ
736 1924 818 2001 τὸ,
883 1947 909 1977 ιι
977 1913 1299 1999 Ἐτοιμάζων
1341 1922 1438 2003 ὄρη
1509 1925 1562 1980 ἐν
1614 1931 1681 2001 τῇ
1735 1924 1879 2004 ἶσχύῖ

1971 1920 2105 1982 liter
2135 1941 2202 1984 ac
2236 1923 2487 1985 ﬁrmiter
2514 1922 2686 1983 sedet
2717 1940 2730 1984 :
2764 1941 2900 1983 nam
2925 1923 2982 1982 id
3012 1922 3308 2003 signiﬁcat
3338 1923 3451 1984 hoc
3478 1922 3612 1985 loco

236 2009 417 2078 αὒτοῦ,
456 2031 485 2064 ι
521 2011 608 2067 καὶ
638 2009 692 2065 ἐν
722 2018 823 2086 τῷ,
877 2033 906 2070 α
955 2002 1218 2088 υΕτοιμος
1249 2016 1275 2070 ὁ
1330 2002 1513 2093 θρόνος
1568 2036 1684 2077 σου,
1726 2037 1749 2069 n
1794 2002 1879 2087 ⁷Τῷ

1974 2013 2243 2071 Paratum
2278 2029 2446 2073 esse:
2482 2011 2636 2073 sicut
2665 2030 2844 2091 quum
2873 2002 3109 2072 dicitur:
3142 2009 3405 2072 «Parans
3436 2030 3610 2073 mon-

234 2096 325 2152 οὖν
397 2097 729 2173 ἀμεταθέτως
786 2102 874 2156 καὶ
927 2099 1149 2177 βεὲαίως
1205 2104 1428 2180 κρίνοντι
1527 2110 1726 2173 ζῶντας
1799 2105 1886 2159 καὶ

1834 2190 1875 2211 R‘

236 2187 450 2265 νεκροὺς
482 2186 702 2247 δώσουσι
747 2188 904 2267 λόγον
959 2193 1006 2247 οἱ
1035 2190 1382 2271 χλευάζοντες
1428 2193 1586 2266 ὑμᾶς.
1652 2198 1770 2256 Πῶς
1829 2190 1883 2247 δὲ

234 2274 448 2344 ζώντων
491 2277 673 2354 κριτὴς
705 2279 794 2334 καὶ
824 2278 1224 2359 νεκρῶνῇἐξῆςξς
1243 2277 1495 2346 δηλώσει.

322 2565 345 2595 σ
402 2544 486 2607 Εἰς
532 2553 685 2603 τοῦτο
767 2545 867 2624 γὰρ
936 2547 1021 2602 καὶ
1092 2559 1299 2624 νεκροῖς
1358 2544 1727 2625 εὐηγγελίσθη,
1787 2545 1881 2602 ’ἵνα

229 2635 447 2710 κριθῶσι
479 2633 576 2708 μὲν
603 2634 740 2691 κατὰ
778 2634 1077 2712 ἀνθρώπους
1107 2637 1256 2714 σαρκὶ
1298 2636 1426 2706 ζῶσι
1458 2633 1512 2690 δῖ
1565 2635 1700 2691 κατὰ
1751 2636 1881 2691 Θεὸν

231 2721 516 2796 πνεύματι.
558 2747 580 2776 ι

313 2813 388 2870 Τὸ
458 2810 583 2879 ἐξῆς
642 2814 808 2878 οὕτως
846 2831 859 2844 ·
919 2818 1070 2872 Οὗτοι
1146 2818 1193 2871 οἱ
1248 2813 1684 2894 βλασφημοῦντες
1742 2814 1880 2889 ὑμᾶς

230 2900 458 2958 δώσουσι
488 2900 646 2979 λόγον
692 2910 770 2977 τῷ
829 2903 1029 2967 πάντας
1076 2911 1334 2983 κρινοῦντι
1392 2905 1591 2975 ζῶντας
1646 2904 1731 2959 καὶ
1800 2924 1880 2959 νε-

230 2991 413 3069 κρούς.
468 2990 736 3069 Κρίνονται
766 2993 867 3071 γὰρ
894 2994 981 3049 καὶ
1010 2994 1200 3074 νεκροί,
1252 2995 1347 3051 Καὶ
1406 2991 1573 3050 δῶλον
1629 2992 1734 3048 ἀπὸ
1782 2997 1878 3059 τῆς

230 3079 326 3135 τοῦ
400 3080 584 3157 Κυρίου
641 3082 712 3143 εἷς
779 3082 870 3137 τὸν
954 3080 1083 3155 ᾅδην
1140 3082 1448 3161 παρουσίας,
1524 3082 1693 3139 Κάκεῖ
1781 3083 1880 3159 γὰρ

233 3167 573 3243 ἐπιδημήσας
606 3169 663 3225 ἐν
693 3172 770 3243 τῷ
800 3171 932 3227 κατᾶ
975 3173 1063 3227 τὸν
1108 3172 1329 3250 σταυρὸν
1382 3169 1625 3238 δηλονότι
1672 3171 1879 3245 θανάτῳ

1972 2106 2060 2160 tes
2081 2099 2140 2159 in
2158 2101 2371 2161 virtute
2387 2099 2605 2162 tua60.»
2632 2099 2723 2169 Et,
2757 2120 2783 2157 α
2812 2101 3018 2161 Parata
3037 2098 3212 2161 sedes
3238 2099 3606 2164 διϐιυειίί.»

1966 2186 2033 2248 Ei
2066 2207 2204 2268 ergo
2224 2187 2789 2269 quiimmutabiliter
2817 2207 2884 2249 ac
2934 2187 3184 2248 ﬁrmiter
3198 2188 3427 2269 judicat
3452 2188 3612 2250 vivos

1964 2294 2034 2337 ac
2056 2286 2337 2345 mortuos,
2368 2278 2623 2339 reddent
2642 2276 2931 2338 rationem
2961 2276 3062 2357 qui
3085 2295 3187 2339 vos
3217 2276 3608 2340 subsanuaut.

1965 2364 2273 2437 Quomodo
2284 2376 2482 2429 autem
2500 2366 2820 2428 viventium
2839 2365 2914 2427 sit
2919 2365 3106 2445 judex
3124 2385 3192 2428 ac
3214 2374 3608 2443 mortuorum,

1964 2466 2396 2536 consequenter
2428 2454 2846 2518 manifestabit.

2042 2542 2139 2617 IV,
2168 2545 2226 2607 6.
2256 2547 2411 2608 Nam
2435 2546 2547 2607 hoc
2565 2545 2817 2606 mortuis
2839 2561 3076 2625 quoque
3094 2543 3507 2624 praedicatum
3526 2554 3615 2608 est

1968 2633 2412 2714 Evangelium:
2458 2640 2526 2696 ut
2560 2633 2923 2713 judicentur
2982 2634 3223 2712 quidem
3275 2635 3612 2697 secundum

1961 2719 2232 2785 homines
2254 2740 2458 2803 carne,
2486 2726 3112 2800 vivuntautemjuwla
3141 2725 3333 2786 Deum
3357 2726 3604 2801 spiritu.

2045 2808 2202 2870 Ordo
2227 2809 2359 2870 talis
2388 2819 2475 2870 est
2505 2831 2515 2868 :
2548 2808 2622 2871 Hi
2645 2810 2745 2891 qui
2773 2829 2874 2870 vos
2897 2810 3334 2873 calumniantur
3358 2812 3612 2872 reddent

1962 2897 2252 2959 rationem
2288 2898 2343 2959 ei
2374 2899 2473 2976 qui
2506 2919 2713 2961 omnes
2733 2899 2968 2981 judicat
2990 2899 3150 2962 vivos
3182 2918 3252 2962 ac
3299 2907 3601 2962 mortuos:

1963 3005 2099 3047 nam
2120 2987 2465 3067 judicantur
2495 2996 2553 3049 et
2583 2989 2801 3050 mortui
2829 2989 3021 3068 :quod
3050 2989 3423 3051 manifestum
3439 2998 3603 3050 estex

1962 3076 2216 3139 adventu
2250 3077 2485 3140 Domini
2511 3078 2583 3138 ad
2616 3078 2860 3141 inferos.
2896 3079 3041 3141 Cum
3084 3079 3245 3140 enim
3269 3098 3339 3140 eo
3371 3095 3608 3159 quoque

1962 3166 2240 3247 venisset,
2265 3166 2539 3228 videlicet
2558 3186 2664 3248 per
2687 3176 2936 3229 mortem
2963 3186 3131 3230 suam
3158 3167 3219 3230 in
3242 3185 3606 3248 cruce,prae-

231 3260 415 3329 αὖτοῦ,
462 3257 703 3336 ἐκήρυξεν
747 3259 925 3338 ὥσπερ
968 3261 1053 3315 καὶ
1081 3260 1167 3317 ἐπὶ
1218 3262 1317 3326 τῆς
1365 3265 1465 3337 γῆς
1516 3273 1633 3322 τοῖς
1690 3263 1873 3329 ζῶσιν.

1968 3254 2205 3336 dicavit,
2226 3238 2385 3316 sicut
2404 3265 2460 3316 et
2479 3238 2671 3335 iisqui
2688 3257 2746 3317 in
2767 3264 2919 3319 terra
2939 3256 3231 3320 vivebant.
3260 3238 3607 3318 Praad'icavit

233 3345 488 3425 Ἐκῆρυξε
538 3345 592 3401 δὲ
648 3349 707 3404 οὗ
765 3345 929 3426 λόγῳ,
978 3347 1112 3404 ἀλλὰ
1194 3349 1485 3427 πράγματι.
1549 3349 1649 3405 Καὶ
1705 3346 1879 3425 ὥσπερ

1968 3350 2158 3402 autem
2177 3360 2295 3403 non
2322 3361 2621 3425 sermone,
2649 3344 2753 3406 sed
2779 3365 2982 3426 opere,
3009 3347 3083 3409 Et
3099 3344 3602 3427 quemadmodum

234 3437 287 3493 ἒν
317 3445 396 3511 τῷ
447 3437 634 3512 κόσμῷ
692 3438 1140 3516 παραγενόμενος,
1215 3452 1332 3502 τοῖς
1394 3439 1491 3513 μὲν
1562 3435 1879 3514 ἐπεγνωὲναι

1968 3430 2023 3491 in
2042 3433 2325 3493 mundum
2342 3433 2769 3508 adveniens,iis
2785 3435 2883 3516 qui
2901 3435 3087 3516 parati
3107 3444 3298 3512 erant,
3324 3445 3389 3497 ut
3411 3434 3604 3516 ipsum

232 3528 464 3601 ἀτοίμως
522 3525 739 3605 ἔχουσιν
809 3528 988 3607 αὺτὸν⁷
1048 3530 1121 3590 εἰς
1202 3526 1464 3602 δικαίωμα
1521 3525 1871 3606 παραγέγονε,

229 3630 346 3679 τοῖς
377 3614 430 3671 δὲ
460 3616 782 3693 ἀγνοήσασιν
810 3617 882 3680 εἷς
912 3617 1238 3697 κατάκρισιν,
1301 3615 1439 3672 οὕτω
1492 3617 1580 3672 καὶ
1637 3629 1754 3678 τοῖς
1785 3615 1876 3670 ἐν-

232 3703 356 3780 ᾁδῃ,
404 3704 524 3767 τοῖς
556 3705 652 3780 μὲν
684 3706 819 3761 κατὰ
885 3706 1052 3784 σάρκα
1120 3708 1339 3776 ζήσασιν
1404 3705 1736 3783 ἀνθρωπίνως
1806 3705 1875 3769 εἰς

230 3808 405 3869 καῒμα
461 3792 803 3873 παρεγένετο⁷
862 3808 978 3858 τοῖς
1079 3793 1133 3851 δὲ
1192 3796 1328 3851 κατὰ
1381 3800 1588 3869 πνεῦμα
1658 3794 1870 3864 ζήσασι,

231 3884 489 3955 τουτέστι,
551 3884 688 3939 κατὰ
742 3885 1093 3957 πνευματικὸς
1146 3886 1232 3940 καὶ
1288 3884 1529 3962 ἐνάρετον
1617 3881 1750 3959 βίον,
1803 3882 1875 3945 εἰς

227 3970 378 4037 δόξαν
406 3974 496 4029 καὶ
552 3972 844 4051 σωτηρίαν.
908 3962 1084 4030 "stcta
1137 3975 1224 4029 καὶ
1280 3972 1492 4044 ζώντων
1534 3972 1622 4027 καὶ
1679 3976 1875 4047 νεκρῶν

226 4062 414 4142 ηοιττὶς
446 4061 659 4125 δικαίως
693 4060 754 4117 ἂν
785 4060 1014 4139 λέγοιτο,
1078 4096 1151 4107 -
1189 4052 1437 4125 (Ἀλλως.
1499 4062 1599 4138 Oi};
1628 4060 1724 4125 μὲν
1777 4082 1851 4115 πα

225 4151 369 4207 λαιοὶ
396 4157 499 4207 τῶν
534 4151 779 4227 Πατέρων
823 4152 974 4208 10-510
1024 4153 1108 4231 τὸ,
1173 4153 1268 4209 Καὶ
1326 4163 1531 4230 νεκροῖς
1590 4145 1874 4226 εὗηγγελί-

225 4244 353 4313 σθη,
385 4242 458 4304 ὡς
530 4241 828 4319 περικοπὴν
884 4239 1236 4318 ἐξηγήσαντο,
1294 4238 1439 4296 οὖδὶν
1510 4238 1873 4318 φροντίσαντες

223 4332 324 4397 τῆς
354 4329 631 4408 συνεχείας
660 4328 767 4385 τῶν
797 4326 926 4401 ἅνω,
975 4327 1080 4385 οὐδ’
1149 4329 1228 4385 ὅτι
1286 4326 1651 4405 αἰτιολογικῶς
1723 4329 1872 4404 εἰρη-

225 4418 388 4495 μένον
444 4416 527 4474 δεϊ
580 4419 709 4497 πρὸς
763 4419 831 4473 τὰ
901 4419 1002 4497 πρὸ
1060 4420 1218 4475 αὖτοῦ
1287 4417 1653 4498 ἀναφέρεσθαι.
1713 4415 1875 4498 Τοῦτο

1963 3524 2490 3598 cognoscerent,ad
2501 3524 2993 3603 justiﬁcationem
3013 3524 3602 3604 venit-ignorareau-

1960 3615 2074 3669 tem
2088 3610 2465 3688 cupientibus
2479 3615 2556 3673 ad
2574 3613 3157 3676 condemnationem:
3179 3613 3260 3676 ita
3279 3624 3337 3676 et
3376 3613 3469 3675 his
3502 3612 3605 3693 qui

1958 3697 2110 3776 apud
2130 3695 2555 3776 inferoserant.
2589 3699 2733 3761 Nam
2750 3701 2843 3764 his
2866 3702 2965 3781 qui
2992 3703 3322 3764 secundum
3361 3720 3603 3763 carnem

1960 3785 2219 3846 humano
2240 3806 2402 3865 more
2420 3787 2787 3861 vixerant,ad
2795 3790 3088 3867 judicium
3105 3789 3495 3865 advenit.Illis
3513 3807 3610 3850 ve-

1958 3891 2024 3933 ro
2043 3873 2141 3954 qui
2164 3876 2491 3936 secundum
2511 3877 2781 3957 spiritum
2805 3878 3161 3953 vixerunt,id
3177 3881 3456 3960 est,juxta
3480 3878 3605 3958 spi-

1958 3962 2231 4023 ritualem
2253 3983 2320 4025 ac
2338 3967 2647 4028 honestam
2660 3966 2859 4039 vllam,
2887 3967 2957 4028 ad
2977 3967 3225 4046 gloriam
3243 3978 3299 4029 et
3324 3967 3598 4029 salutem.

1960 4049 2162 4131 Itaque
2187 4052 2517 4115 etvivorum
2558 4064 2617 4115 et
2654 4056 3215 4136 mortuorumjudex
3245 4057 3455 4120 merito
3486 4056 3606 4118 dici

1961 4142 2468 4219 potest.——Aliud.
2506 4143 2752 4206 Veteres
2781 4145 3021 4225 quidem
3054 4149 3261 4209 Patres
3277 4145 3604 4220 illud,Nam

1960 4229 2071 4290 hoc
2094 4231 2589 4313 mortuisquoque
2613 4233 2994 4314 praedicatum
3046 4244 3135 4298 est
3190 4234 3601 4315 Evangelium,

1960 4327 2236 4397 tanquam
2296 4330 2623 4383 resecatam
2661 4324 3008 4401 particulam
3037 4325 3412 4404 interpretati
3443 4334 3603 4405 sunt,

1961 4406 2108 4468 nihil
2136 4426 2292 4469 cura:
2314 4409 2603 4472 habentes
2620 4411 2691 4472 de
2713 4413 3235 4475 continuationead
3269 4413 3600 4494 superiora,

222 4494 326 4586 γὰρ
356 4505 550 4586 ὁνρείλει
594 4494 654 4563 1b
701 4506 819 4563 κατ’
866 4494 1031 4564 αἰτίαν
1086 4506 1373 4585 λεγόμενον
1403 4494 1585 4586 ⁷ἔχειν.
1622 4494 1775 4561 Ἀλλ’
1803 4506 1876 4568 ὡς

1968 4514 2155 4576 neque
2186 4498 2338 4577 quod
2365 4518 2471 4579 per
2492 4500 2733 4561 modum
2752 4521 2945 4564 causa:
2984 4503 3209 4566 dictum
3236 4510 3504 4582 oporteat
3532 4503 3604 4565 ad

222 4595 464 4673 εἴρηται,
494 4597 568 4657 ὡς
598 4597 892 4675 περικοπὴν
960 4595 1086 4653 αὖτὸ
1129 4597 1457 4675 ἐξηγήσαντο
1521 4593 1704 4658 οῧτως.
1780 4604 1879 4651 Νε-

1968 4586 2603 4665 precedentiareferri.
2639 4588 2782 4651 Nam
2815 4591 2957 4653 illud
3021 4600 3251 4671 oportet
3274 4591 3602 4652 secundum
3639 4598 3645 4603 '

222 4686 381 4763 χροὸς
424 4686 525 4763 γὰρ
583 4685 778 4767 ἔφασαν
836 4683 1020 4748 διττῶς
1080 4685 1253 4763 λέγειν
1311 4687 1410 4752 τὴν
1452 4686 1593 4740 θείαν
1642 4689 1876 4762 Γραφην,

1968 4693 2202 4736 causam
2228 4677 2449 4739 dictum
2478 4679 2718 4742 habere:
2749 4680 2853 4742 sed
2872 4682 3023 4742 sicut
3054 4681 3309 4742 diximus
3328 4689 3602 4761 tanquam

219 4777 257 4839 ἢ
285 4774 409 4836 τοὺς
439 4787 562 4837 ταῖς
591 4776 868 4853 ἁμαρτίαις
927 4775 1366 4853 ἐναποθανόντας,
1440 4776 1492 4830 οἳ
1567 4770 1681 4829 οὐδὲ
1737 4773 1879 4843 ζωήν

1968 4767 3107 4851 intersectionemzinterpretatisunthoc
3143 4774 3606 4835 modo.ltlortuos

221 4884 354 4920 ποτε
387 4860 602 4938 ἲ’δοιεν,,
656 4866 691 4933 ἢ
764 4866 885 4927 τοὺς
942 4873 1019 4939 τῷ
1073 4866 1280 4939 θανάτῳ
1336 4887 1428 4920 του
1488 4871 1710 4940 Χριστοῦ
1739 4885 1877 4939 συμ-

221 4952 620 5031 μορφωθέντας,
679 4957 768 5010 καὶ
819 4954 1177 5017 ἀποθανόντας
1214 4954 1311 5029 μὲν
1368 4957 1446 5028 τῷ
1504 4953 1711 5028 κόσμῳ,
1745 4976 1874 5010 του-

218 5044 389 5123 ’τ’ἐστι⁷
420 5058 542 5107 ταῖς
600 5060 889 5120 κοσμικαῖς
948 5047 1265 5121 ἐπιθυμίαις,
1361 5053 1560 5116 ζῶντας
1621 5042 1675 5100 δὲ
1729 5046 1876 5119 μόνῳ

223 5141 459 5213 Χριστῷ,
495 5139 569 5199 ὥς
598 5137 685 5190 καὶ
737 5134 938 5198 [Ιαὺλός
991 5155 1192 5214 φησιν·
1262 5156 1288 5191 ι(
1353 5135 1422 5192 ’⁷0
1472 5132 1525 5189 δὲ
1576 5145 1659 5192 νὺν
1717 5140 1790 5204 ζῶ
1821 5133 1875 5188 ἐν

219 5224 397 5300 σαρκὶ,
446 5223 501 5278 ἐν
531 5224 703 5279 πίστει
750 5230 815 5299 τῇ
845 5228 936 5281 τοῦ
970 5228 1086 5281 Υίοῦ
1145 5225 1235 5280 τοῦ
1293 5225 1422 5281 Θεοῦ
1478 5232 1572 5295 ζῶ,
1617 5246 1637 5277 ι
1710 5225 1874 5279 Φασὶν

217 5314 330 5379 οὖν,
406 5312 487 5368 ὅτι
547 5316 593 5368 οἱ
644 5312 809 5378 οἶτως
869 5313 1220 5376 ἀποθανόντες
1291 5318 1519 5391 Χριστῷ,
1606 5318 1673 5388 τῇ
1725 5314 1876 5390 σαρκὶ

215 5400 433 5463 ἑαυτοὺς
468 5404 865 5479 κατακρίνουσιν
921 5402 1005 5458 ἐπὶ
1060 5409 1127 5479 τῇ
1173 5403 1424 5481 πρότερον
1494 5400 1688 5477 ἀμελεῖ
1744 5402 1869 5456 ἑαυ-

214 5497 321 5546 13v
368 5491 459 5546 καὶ
521 5490 734 5569 ῥᾳθύμρ
785 5493 918 5570 ζωῇ,
995 5500 1158 5550 Τοῦτο
1228 5490 1304 5567 δὲ,
1366 5500 1462 5568 ζῇν
1517 5493 1703 5551 αὐτοὺς
1762 5491 1871 5545 ἐσ;ι

216 5580 498 5655 πνεύματι,
560 5579 682 5654 ᾔτοι
725 5587 794 5649 τῇ
852 5582 988 5637 κατὰ
1048 5584 1270 5660 Χριστὸν
1328 5587 1460 5657 ζωῇ,
1504 5572 1565 5637 Ἠ
1637 5582 1734 5660 γὰρ
1764 5586 1868 5636 τῶν

293 5748 361 5801 60
388 5747 543 5816 Psal.
572 5765 737 5825 cxnv,
768 5749 826 5813 '1.
915 5749 967 5799 61
1002 5748 1158 5814 Psal.
1186 5766 1318 5831 cui,
1352 5749 1409 5811 ‘2.

1965 4858 2120 4919 inim
2138 4858 2368 4920 duobus
2383 4858 2896 4942 modis'appellare
2913 4859 3601 4924 dixeruntsacramScri-

1963 4956 2187 5029 pturam
2215 4968 2227 5009 ε
2255 4959 2350 5010 aut
2374 4968 2477 5010 eos
2507 4951 2609 5029 qui
2669 4952 2925 5030 peccatis
2952 4950 3256 5012 immortui
3311 4958 3469 5030 sunt,
3505 4951 3606 5031 qui

1960 5059 2156 5119 neque
2177 5041 2350 5100 vitam
2373 5060 2630 5120 unquam
2648 5044 2851 5104 videre
2892 5053 3173 5124 possunt:
3222 5051 3321 5106 aut
3366 5062 3472 5105 eos
3501 5048 3602 5124 qui

1960 5129 2717 5193 niortiChristiconformes
2741 5133 2930 5194 eﬂ‘ccli
2952 5142 3107 5206 sunt,
3135 5142 3192 5194 et
3215 5133 3434 5194 mundo
3466 5133 3604 5214 qui-

1960 5217 2092 5277 dem
2121 5217 2336 5278 murtui
2357 5219 2581 5298 sunt,id
2608 5230 2716 5295 est,
2741 5221 3053 5282 mundanis
3075 5221 3602 5303 concupiscentiis,

1959 5308 2161 5369 vivunt
2192 5315 2389 5367 autem
2422 5309 2531 5368 soli
2552 5310 2811 5391 Christo,
2847 5312 3002 5372 sicut
3059 5322 3118 5372 et
3164 5311 3379 5374 Paulus
3408 5312 3552 5374 dicit
3585 5332 3599 5372 :

1965 5424 1989 5453 (ι
2027 5397 2191 5470 Quod
2210 5410 2403 5459 autem
2423 5418 2581 5459 nunc
2607 5400 2729 5460 vivo
2755 5401 2814 5462 in
2840 5421 3041 5477 carne,
3066 5402 3127 5463 in
3148 5403 3266 5463 ﬁde
3314 5401 3440 5462 vivo
3471 5402 3603 5463 Filii

1958 5487 2371 5551 DeiWDicunt
2401 5507 2537 5565 ergo
2556 5490 2713 5568 quod
2731 5492 2831 5571 qui
2860 5492 2943 5554 ita
2963 5491 3180 5553 mortui
3201 5491 3600 5554 sunthristo.

1954 5579 2038 5639 sei
2051 5598 2184 5658 psus
2197 5595 2374 5637 carne
2387 5577 2876 5643 condemnantob
2892 5580 3256 5662 negligntem
3276 5599 3344 5641 ac
3358 5599 3600 5659 segnem

1496 5748 1554 5799 69
1580 5749 1765 5814 Galat.
1799 5766 1863 5828 Il,
1898 5750 1998 5812 2t).
