  <div class='ocr_page' id='page_1' title='image "/cluster/home/n/w/nwhite01/storage/ocr_20150623/119:no.2/coo.31924054870237/292.png"; bbox 0 0 4136 6444; ppageno 0'>
   <div class='ocr_carea' id='block_1_1' title="bbox 314 396 446 464">
    <p class='ocr_par' dir='ltr' id='par_1_1' title="bbox 314 396 446 464">
     <span class='ocr_line' id='line_1_1' title="bbox 314 396 446 464; baseline 0 0"><span class='ocrx_word' id='word_1_1' title='bbox 314 396 446 464; x_wconf 77' lang='grc'><strong>565</strong></span> 
     </span>
    </p>
   </div>
   <div class='ocr_carea' id='block_1_2' title="bbox 1337 388 2636 459">
    <p class='ocr_par' dir='ltr' id='par_1_2' title="bbox 1337 388 2636 459">
     <span class='ocr_line' id='line_1_2' title="bbox 1337 388 2636 459; baseline -0.003 -2"><span class='ocrx_word' id='word_1_2' title='bbox 1337 392 1731 457; x_wconf 85' lang='lat' dir='ltr'><strong>COMMENT.</strong></span> <span class='ocrx_word' id='word_1_3' title='bbox 1784 391 1865 453; x_wconf 94' lang='lat' dir='ltr'><strong>IN</strong></span> <span class='ocrx_word' id='word_1_4' title='bbox 1918 388 2164 453; x_wconf 91' lang='lat' dir='ltr'><strong>EPIST.</strong></span> <span class='ocrx_word' id='word_1_5' title='bbox 2209 392 2236 453; x_wconf 94' lang='grc' dir='ltr'>Ι</span> <span class='ocrx_word' id='word_1_6' title='bbox 2278 393 2336 454; x_wconf 90' lang='lat' dir='ltr'><strong>S.</strong></span> <span class='ocrx_word' id='word_1_7' title='bbox 2384 394 2636 459; x_wconf 84' lang='lat' dir='ltr'><strong>PETRI.</strong></span> 
     </span>
    </p>
   </div>
   <div class='ocr_carea' id='block_1_3' title="bbox 3582 401 3701 468">
    <p class='ocr_par' dir='ltr' id='par_1_3' title="bbox 3582 401 3701 468">
     <span class='ocr_line' id='line_1_3' title="bbox 3582 401 3701 468; baseline -0.034 0"><span class='ocrx_word' id='word_1_8' title='bbox 3582 401 3701 468; x_wconf 78' lang='lat'><strong>566</strong></span> 
     </span>
    </p>
   </div>
   <div class='ocr_carea' id='block_1_4' title="bbox 309 518 3696 611">
    <p class='ocr_par' dir='ltr' id='par_1_4' title="bbox 309 518 3696 611">
     <span class='ocr_line' id='line_1_4' title="bbox 309 518 3696 611; baseline 0.001 -19"><span class='ocrx_word' id='word_1_9' title='bbox 309 538 645 594; x_wconf 88' lang='lat' dir='ltr'><strong>tractantur</strong></span> <span class='ocrx_word' id='word_1_10' title='bbox 674 529 735 590; x_wconf 90' lang='lat' dir='ltr'><strong>in</strong></span> <span class='ocrx_word' id='word_1_11' title='bbox 769 528 1046 611; x_wconf 68' lang='lat' dir='ltr'><strong>praesenti</strong></span> <span class='ocrx_word' id='word_1_12' title='bbox 1080 527 1217 602; x_wconf 88' lang='lat' dir='ltr'><strong>vita,</strong></span> <span class='ocrx_word' id='word_1_13' title='bbox 1253 526 1354 589; x_wconf 89' lang='lat' dir='ltr'><strong>ubi</strong></span> <span class='ocrx_word' id='word_1_14' title='bbox 1387 535 1626 608; x_wconf 87' lang='lat' dir='ltr'><strong>peracta</strong></span> <span class='ocrx_word' id='word_1_15' title='bbox 1655 531 1814 603; x_wconf 87' lang='lat' dir='ltr'><strong>sunt,</strong></span> <span class='ocrx_word' id='word_1_16' title='bbox 1848 518 2157 585; x_wconf 87' lang='lat' dir='ltr'><strong>ﬁniuntur.</strong></span> <span class='ocrx_word' id='word_1_17' title='bbox 2214 522 2359 586; x_wconf 88' lang='lat' dir='ltr'><strong>Nam</strong></span> <span class='ocrx_word' id='word_1_18' title='bbox 2422 528 2670 589; x_wconf 87' lang='lat' dir='ltr'><strong>mortuis</strong></span> <span class='ocrx_word' id='word_1_19' title='bbox 2728 530 2926 593; x_wconf 86' lang='lat' dir='ltr'><strong>omnia</strong></span> <span class='ocrx_word' id='word_1_20' title='bbox 2989 536 3126 593; x_wconf 91' lang='lat' dir='ltr'><strong>sunt</strong></span> <span class='ocrx_word' id='word_1_21' title='bbox 3182 532 3416 596; x_wconf 86' lang='lat' dir='ltr'><strong>otiosa:</strong></span> <span class='ocrx_word' id='word_1_22' title='bbox 3477 535 3696 598; x_wconf 85' lang='lat' dir='ltr'><strong>merito</strong></span> 
     </span>
    </p>
   </div>
   <div class='ocr_carea' id='block_1_5' title="bbox 303 611 3697 706">
    <p class='ocr_par' dir='ltr' id='par_1_5' title="bbox 303 611 3697 706">
     <span class='ocr_line' id='line_1_5' title="bbox 303 611 3697 706; baseline 0.002 -24"><span class='ocrx_word' id='word_1_23' title='bbox 303 621 461 682; x_wconf 87' lang='lat' dir='ltr'><strong>dum</strong></span> <span class='ocrx_word' id='word_1_24' title='bbox 493 618 683 681; x_wconf 90' lang='lat' dir='ltr'><strong>nullus</strong></span> <span class='ocrx_word' id='word_1_25' title='bbox 714 619 1036 701; x_wconf 85' lang='lat' dir='ltr'><strong>quidquam</strong></span> <span class='ocrx_word' id='word_1_26' title='bbox 1064 624 1341 699; x_wconf 79' lang='lat' dir='ltr'><strong>operatur</strong></span> <span class='ocrx_word' id='word_1_27' title='bbox 1363 634 1471 698; x_wconf 92' lang='lat' dir='ltr'><strong>pro</strong></span> <span class='ocrx_word' id='word_1_28' title='bbox 1492 614 1710 697; x_wconf 79' lang='lat' dir='ltr'><strong>quibus</strong></span> <span class='ocrx_word' id='word_1_29' title='bbox 1733 613 2016 675; x_wconf 86' lang='lat' dir='ltr'><strong>liberatus</strong></span> <span class='ocrx_word' id='word_1_30' title='bbox 2033 611 2248 687; x_wconf 83' lang='lat' dir='ltr'><strong>gratias</strong></span> <span class='ocrx_word' id='word_1_31' title='bbox 2269 621 2510 677; x_wconf 81' lang='lat' dir='ltr'><strong>acturus</strong></span> <span class='ocrx_word' id='word_1_32' title='bbox 2533 627 2714 694; x_wconf 87' lang='lat' dir='ltr'><strong>esset,</strong></span> <span class='ocrx_word' id='word_1_33' title='bbox 2746 619 2968 681; x_wconf 87' lang='lat' dir='ltr'><strong>dictum</strong></span> <span class='ocrx_word' id='word_1_34' title='bbox 3005 629 3095 684; x_wconf 91' lang='lat' dir='ltr'><strong>est</strong></span> <span class='ocrx_word' id='word_1_35' title='bbox 3120 643 3133 682; x_wconf 91' lang='lat'><strong>:</strong></span> <span class='ocrx_word' id='word_1_36' title='bbox 3166 647 3189 677; x_wconf 79' lang='grc' dir='ltr'>α</span> <span class='ocrx_word' id='word_1_37' title='bbox 3216 622 3278 684; x_wconf 85' lang='grc' dir='ltr'>1η</span> <span class='ocrx_word' id='word_1_38' title='bbox 3297 622 3534 685; x_wconf 83' lang='lat' dir='ltr'><strong>inferno</strong></span> <span class='ocrx_word' id='word_1_39' title='bbox 3556 625 3697 706; x_wconf 87' lang='lat' dir='ltr'><strong>quis</strong></span> 
     </span>
    </p>
   </div>
   <div class='ocr_carea' id='block_1_6' title="bbox 298 706 942 773">
    <p class='ocr_par' dir='ltr' id='par_1_6' title="bbox 298 706 942 773">
     <span class='ocr_line' id='line_1_6' title="bbox 298 706 942 773; baseline -0.016 0"><span class='ocrx_word' id='word_1_40' title='bbox 298 708 689 773; x_wconf 85' lang='lat' dir='ltr'><strong>conﬁtebitur</strong></span> <span class='ocrx_word' id='word_1_41' title='bbox 717 708 823 769; x_wconf 90' lang='lat' dir='ltr'><strong>tibi</strong></span> <span class='ocrx_word' id='word_1_42' title='bbox 854 706 880 770; x_wconf 70' lang='grc' dir='ltr'><em>ἲ</em></span> <span class='ocrx_word' id='word_1_43' title='bbox 914 733 942 763; x_wconf 72' lang='grc' dir='ltr'>ι)</span> 
     </span>
    </p>
   </div>
   <div class='ocr_carea' id='block_1_7' title="bbox 389 786 1933 879">
    <p class='ocr_par' dir='ltr' id='par_1_7' title="bbox 389 792 1933 879">
     <span class='ocr_line' id='line_1_7' title="bbox 389 792 1933 879; baseline -0.006 -24"><span class='ocrx_word' id='word_1_44' title='bbox 389 822 416 855; x_wconf 75' lang='grc' dir='ltr'>ι</span> <span class='ocrx_word' id='word_1_45' title='bbox 473 799 682 855; x_wconf 70' lang='grc' dir='ltr'>Πάντων</span> <span class='ocrx_word' id='word_1_46' title='bbox 712 796 766 854; x_wconf 76' lang='grc' dir='ltr'>δὲ</span> <span class='ocrx_word' id='word_1_47' title='bbox 822 800 883 854; x_wconf 83' lang='grc' dir='ltr'>τὸ</span> <span class='ocrx_word' id='word_1_48' title='bbox 924 796 1074 862; x_wconf 89' lang='grc' dir='ltr'>τέλος</span> <span class='ocrx_word' id='word_1_49' title='bbox 1132 795 1343 873; x_wconf 66' lang='grc' dir='ltr'>ἤγγικε.</span> <span class='ocrx_word' id='word_1_50' title='bbox 1392 796 1755 875; x_wconf 60' lang='grc' dir='ltr'>Σωφρονίσατε</span> <span class='ocrx_word' id='word_1_51' title='bbox 1834 792 1933 879; x_wconf 57' lang='grc' dir='ltr'><strong>οῦνἸ</strong></span> 
     </span>
    </p>
   </div>
   <div class='ocr_carea' id='block_1_8' title="bbox 2030 786 3690 879">
    <p class='ocr_par' dir='ltr' id='par_1_8' title="bbox 2058 786 3690 879">
     <span class='ocr_line' id='line_1_8' title="bbox 2058 786 3690 879; baseline 0.012 -31"><span class='ocrx_word' id='word_1_52' title='bbox 2058 786 2236 879; x_wconf 83' lang='lat' dir='ltr'><strong>IV,7-</strong></span> <span class='ocrx_word' id='word_1_53' title='bbox 2254 800 2270 852; x_wconf 89' lang='grc' dir='ltr'><strong>ι</strong></span> <span class='ocrx_word' id='word_1_54' title='bbox 2289 795 2310 856; x_wconf 86' lang='grc'>1</span> <span class='ocrx_word' id='word_1_55' title='bbox 2328 838 2340 853; x_wconf 93' lang='grc'><strong>.</strong></span> <span class='ocrx_word' id='word_1_56' title='bbox 2355 794 2547 859; x_wconf 85' lang='lat' dir='ltr'><strong>Porro</strong></span> <span class='ocrx_word' id='word_1_57' title='bbox 2561 814 2769 859; x_wconf 82' lang='lat' dir='ltr'><strong>rerum</strong></span> <span class='ocrx_word' id='word_1_58' title='bbox 2786 805 3053 861; x_wconf 82' lang='lat' dir='ltr'><strong>omnium</strong></span> <span class='ocrx_word' id='word_1_59' title='bbox 3069 800 3213 879; x_wconf 83' lang='lat' dir='ltr'><strong>ﬁnis</strong></span> <span class='ocrx_word' id='word_1_60' title='bbox 3226 802 3690 869; x_wconf 79' lang='lat' dir='ltr'><strong>imminet.Sitis</strong></span> 
     </span>
    </p>
   </div>
   <div class='ocr_carea' id='block_1_9' title="bbox 296 882 1847 965">
    <p class='ocr_par' dir='ltr' id='par_1_9' title="bbox 296 882 1847 965">
     <span class='ocr_line' id='line_1_9' title="bbox 296 882 1847 965; baseline -0.005 -21"><span class='ocrx_word' id='word_1_61' title='bbox 296 891 389 945; x_wconf 85' lang='grc' dir='ltr'><strong>καὶ</strong></span> <span class='ocrx_word' id='word_1_62' title='bbox 453 889 653 963; x_wconf 68' lang='grc' dir='ltr'>νήψατε</span> <span class='ocrx_word' id='word_1_63' title='bbox 711 889 783 950; x_wconf 81' lang='grc' dir='ltr'>εἷς</span> <span class='ocrx_word' id='word_1_64' title='bbox 854 886 951 949; x_wconf 75' lang='grc' dir='ltr'><strong>τὰς</strong></span> <span class='ocrx_word' id='word_1_65' title='bbox 1059 887 1388 965; x_wconf 82' lang='grc' dir='ltr'>προσευχάς,</span> <span class='ocrx_word' id='word_1_66' title='bbox 1476 887 1582 960; x_wconf 77' lang='grc' dir='ltr'><strong>Πρὸ</strong></span> <span class='ocrx_word' id='word_1_67' title='bbox 1636 882 1847 938; x_wconf 73' lang='grc' dir='ltr'>πάντων</span> 
     </span>
    </p>
   </div>
   <div class='ocr_carea' id='block_1_10' title="bbox 290 978 554 1043">
    <p class='ocr_par' dir='ltr' id='par_1_10' title="bbox 290 978 554 1043">
     <span class='ocr_line' id='line_1_10' title="bbox 290 978 554 1043; baseline -0.004 -10"><span class='ocrx_word' id='word_1_68' title='bbox 290 979 396 1043; x_wconf 65' lang='grc' dir='ltr'><strong>τὴν</strong></span> <span class='ocrx_word' id='word_1_69' title='bbox 487 978 554 1042; x_wconf 79' lang='grc' dir='ltr'>εἷς</span> 
     </span>
    </p>
   </div>
   <div class='ocr_carea' id='block_1_11' title="bbox 291 1062 1127 1144">
    <p class='ocr_par' dir='ltr' id='par_1_11' title="bbox 291 1062 1127 1144">
     <span class='ocr_line' id='line_1_11' title="bbox 291 1062 1127 1144; baseline -0.004 -22"><span class='ocrx_word' id='word_1_70' title='bbox 291 1067 486 1144; x_wconf 66' lang='grc' dir='ltr'>ἀγάπη</span> <span class='ocrx_word' id='word_1_71' title='bbox 582 1063 811 1136; x_wconf 74' lang='grc' dir='ltr'>καλύψει</span> <span class='ocrx_word' id='word_1_72' title='bbox 924 1062 1127 1131; x_wconf 80' lang='grc' dir='ltr'>πλῆθος</span> 
     </span>
    </p>
   </div>
   <div class='ocr_carea' id='block_1_12' title="bbox 290 1150 1318 1229">
    <p class='ocr_par' dir='ltr' id='par_1_12' title="bbox 290 1150 1318 1229">
     <span class='ocr_line' id='line_1_12' title="bbox 290 1150 1318 1229; baseline 0.002 -21"><span class='ocrx_word' id='word_1_73' title='bbox 290 1156 363 1218; x_wconf 80' lang='grc' dir='ltr'><strong>εἰς</strong></span> <span class='ocrx_word' id='word_1_74' title='bbox 426 1152 693 1224; x_wconf 67' lang='grc' dir='ltr'>ἂλλῆλους</span> <span class='ocrx_word' id='word_1_75' title='bbox 789 1150 912 1209; x_wconf 72' lang='grc' dir='ltr'>ἄνευ</span> <span class='ocrx_word' id='word_1_76' title='bbox 973 1154 1318 1229; x_wconf 61' lang='grc' dir='ltr'>γογγδσμῶν.</span> 
     </span>
    </p>
   </div>
   <div class='ocr_carea' id='block_1_13' title="bbox 292 1230 1267 1323">
    <p class='ocr_par' dir='ltr' id='par_1_13' title="bbox 292 1230 1267 1323">
     <span class='ocr_line' id='line_1_13' title="bbox 292 1230 1267 1323; baseline 0.005 -25"><span class='ocrx_word' id='word_1_77' title='bbox 292 1241 451 1299; x_wconf 71' lang='grc' dir='ltr'>ἔλαϐε</span> <span class='ocrx_word' id='word_1_78' title='bbox 525 1230 790 1323; x_wconf 77' lang='grc' dir='ltr'>χάρισμα,</span> <span class='ocrx_word' id='word_1_79' title='bbox 894 1242 967 1303; x_wconf 73' lang='grc' dir='ltr'>εἷς</span> <span class='ocrx_word' id='word_1_80' title='bbox 1054 1241 1267 1303; x_wconf 68' lang='grc' dir='ltr'>ἑαυτοὺς</span> 
     </span>
    </p>
   </div>
   <div class='ocr_carea' id='block_1_14' title="bbox 289 1327 1944 1409">
    <p class='ocr_par' dir='ltr' id='par_1_14' title="bbox 289 1327 1944 1409">
     <span class='ocr_line' id='line_1_14' title="bbox 289 1327 1944 1409; baseline -0.005 -21"><span class='ocrx_word' id='word_1_81' title='bbox 289 1333 364 1395; x_wconf 82' lang='grc' dir='ltr'>ὡς</span> <span class='ocrx_word' id='word_1_82' title='bbox 396 1333 560 1389; x_wconf 74' lang='grc' dir='ltr'>κακοὶ</span> <span class='ocrx_word' id='word_1_83' title='bbox 616 1330 886 1405; x_wconf 69' lang='grc' dir='ltr'>οἰκονόμοι</span> <span class='ocrx_word' id='word_1_84' title='bbox 954 1328 1202 1396; x_wconf 83' lang='grc' dir='ltr'><strong>ποικίλης</strong></span> <span class='ocrx_word' id='word_1_85' title='bbox 1273 1329 1494 1409; x_wconf 84' lang='grc' dir='ltr'>χάριτος</span> <span class='ocrx_word' id='word_1_86' title='bbox 1526 1334 1677 1387; x_wconf 78' lang='grc' dir='ltr'>Θεοῦ.</span> <span class='ocrx_word' id='word_1_87' title='bbox 1744 1327 1809 1384; x_wconf 69' lang='grc' dir='ltr'>Εἴ</span> <span class='ocrx_word' id='word_1_88' title='bbox 1866 1348 1944 1389; x_wconf 86' lang='grc' dir='ltr'><strong>τις</strong></span> 
     </span>
    </p>
   </div>
   <div class='ocr_carea' id='block_1_15' title="bbox 287 1412 1946 1497">
    <p class='ocr_par' dir='ltr' id='par_1_15' title="bbox 287 1412 1946 1497">
     <span class='ocr_line' id='line_1_15' title="bbox 287 1412 1946 1497; baseline -0.004 -21"><span class='ocrx_word' id='word_1_89' title='bbox 287 1418 474 1492; x_wconf 78' lang='grc' dir='ltr'>λαλεῖ,</span> <span class='ocrx_word' id='word_1_90' title='bbox 548 1423 618 1485; x_wconf 84' lang='grc' dir='ltr'>ὡς</span> <span class='ocrx_word' id='word_1_91' title='bbox 689 1419 843 1497; x_wconf 88' lang='grc' dir='ltr'>λόγια</span> <span class='ocrx_word' id='word_1_92' title='bbox 919 1426 1073 1477; x_wconf 74' lang='grc' dir='ltr'>Θεοῦ.</span> <span class='ocrx_word' id='word_1_93' title='bbox 1164 1417 1229 1475; x_wconf 78' lang='grc' dir='ltr'><strong>Εἴ</strong></span> <span class='ocrx_word' id='word_1_94' title='bbox 1286 1440 1367 1479; x_wconf 81' lang='grc' dir='ltr'><strong>τις</strong></span> <span class='ocrx_word' id='word_1_95' title='bbox 1444 1415 1704 1487; x_wconf 79' lang='grc' dir='ltr'>διακονεῖ,</span> <span class='ocrx_word' id='word_1_96' title='bbox 1764 1418 1837 1478; x_wconf 84' lang='grc' dir='ltr'>ὡς</span> <span class='ocrx_word' id='word_1_97' title='bbox 1896 1412 1946 1478; x_wconf 80' lang='grc' dir='ltr'>ἐξ</span> 
     </span>
    </p>
   </div>
   <div class='ocr_carea' id='block_1_16' title="bbox 288 1500 1947 1589">
    <p class='ocr_par' dir='ltr' id='par_1_16' title="bbox 288 1500 1947 1589">
     <span class='ocr_line' id='line_1_16' title="bbox 288 1500 1947 1589; baseline 0.011 -38"><span class='ocrx_word' id='word_1_98' title='bbox 288 1510 510 1589; x_wconf 64' lang='grc' dir='ltr'>ἰσχύος,</span> <span class='ocrx_word' id='word_1_99' title='bbox 585 1511 653 1575; x_wconf 77' lang='grc' dir='ltr'><strong>ἧς</strong></span> <span class='ocrx_word' id='word_1_100' title='bbox 721 1520 959 1588; x_wconf 72' lang='grc' dir='ltr'>χορηγεῖ</span> <span class='ocrx_word' id='word_1_101' title='bbox 1002 1508 1029 1562; x_wconf 73' lang='grc' dir='ltr'><em>ὃ</em></span> <span class='ocrx_word' id='word_1_102' title='bbox 1101 1508 1253 1582; x_wconf 86' lang='grc' dir='ltr'>Θεός,</span> <span class='ocrx_word' id='word_1_103' title='bbox 1325 1505 1419 1563; x_wconf 70' lang='grc' dir='ltr'>’ίνα</span> <span class='ocrx_word' id='word_1_104' title='bbox 1489 1505 1541 1560; x_wconf 79' lang='grc' dir='ltr'>ἐν</span> <span class='ocrx_word' id='word_1_105' title='bbox 1608 1511 1735 1561; x_wconf 78' lang='grc' dir='ltr'>πᾶσι</span> <span class='ocrx_word' id='word_1_106' title='bbox 1792 1500 1947 1568; x_wconf 71' lang='grc' dir='ltr'>δοξά-</span> 
     </span>
    </p>
   </div>
   <div class='ocr_carea' id='block_1_17' title="bbox 283 1578 1944 1673">
    <p class='ocr_par' dir='ltr' id='par_1_17' title="bbox 283 1589 1944 1673">
     <span class='ocr_line' id='line_1_17' title="bbox 283 1589 1944 1673; baseline -0.002 -22"><span class='ocrx_word' id='word_1_107' title='bbox 283 1604 441 1669; x_wconf 80' lang='grc' dir='ltr'>ζηται</span> <span class='ocrx_word' id='word_1_108' title='bbox 494 1600 525 1654; x_wconf 83' lang='grc' dir='ltr'>ὁ</span> <span class='ocrx_word' id='word_1_109' title='bbox 582 1599 711 1660; x_wconf 83' lang='grc' dir='ltr'>Θεὸς</span> <span class='ocrx_word' id='word_1_110' title='bbox 778 1595 863 1652; x_wconf 76' lang='grc' dir='ltr'>διΞι</span> <span class='ocrx_word' id='word_1_111' title='bbox 979 1593 1156 1662; x_wconf 78' lang='grc' dir='ltr'>’[ητοῦ</span> <span class='ocrx_word' id='word_1_112' title='bbox 1282 1601 1531 1673; x_wconf 78' lang='grc' dir='ltr'>Χριστοῦ.</span> <span class='ocrx_word' id='word_1_113' title='bbox 1599 1589 1657 1673; x_wconf 62' lang='grc' dir='ltr'>ᾩ</span> <span class='ocrx_word' id='word_1_114' title='bbox 1712 1595 1852 1649; x_wconf 66' lang='grc' dir='ltr'>ἔστιν</span> <span class='ocrx_word' id='word_1_115' title='bbox 1911 1593 1944 1659; x_wconf 77' lang='grc' dir='ltr'>ἡ</span> 
     </span>
    </p>
   </div>
   <div class='ocr_carea' id='block_1_18' title="bbox 283 1683 1941 1766">
    <p class='ocr_par' dir='ltr' id='par_1_18' title="bbox 283 1683 1941 1766">
     <span class='ocr_line' id='line_1_18' title="bbox 283 1683 1941 1766; baseline -0.004 -23"><span class='ocrx_word' id='word_1_116' title='bbox 283 1685 431 1762; x_wconf 78' lang='grc' dir='ltr'>δόξα,</span> <span class='ocrx_word' id='word_1_117' title='bbox 480 1688 571 1743; x_wconf 87' lang='grc' dir='ltr'><strong>καὶ</strong></span> <span class='ocrx_word' id='word_1_118' title='bbox 624 1689 684 1743; x_wconf 67' lang='grc' dir='ltr'>τὸ</span> <span class='ocrx_word' id='word_1_119' title='bbox 741 1686 937 1766; x_wconf 64' lang='grc' dir='ltr'>κρίτος</span> <span class='ocrx_word' id='word_1_120' title='bbox 994 1686 1066 1748; x_wconf 81' lang='grc' dir='ltr'>εἷς</span> <span class='ocrx_word' id='word_1_121' title='bbox 1124 1688 1245 1749; x_wconf 73' lang='grc' dir='ltr'>τοὺς</span> <span class='ocrx_word' id='word_1_122' title='bbox 1321 1686 1507 1748; x_wconf 81' lang='grc' dir='ltr'>αἰῶνος</span> <span class='ocrx_word' id='word_1_123' title='bbox 1566 1689 1672 1739; x_wconf 79' lang='grc' dir='ltr'>τῶν</span> <span class='ocrx_word' id='word_1_124' title='bbox 1716 1683 1941 1737; x_wconf 77' lang='grc' dir='ltr'>αἰὼνων.</span> 
     </span>
    </p>
   </div>
   <div class='ocr_carea' id='block_1_19' title="bbox 280 1774 494 1851">
    <p class='ocr_par' dir='ltr' id='par_1_19' title="bbox 280 1774 494 1851">
     <span class='ocr_line' id='line_1_19' title="bbox 280 1774 494 1851; baseline -0.014 -19"><span class='ocrx_word' id='word_1_125' title='bbox 280 1774 467 1851; x_wconf 72' lang='grc' dir='ltr'>Ἀμὴν</span> <span class='ocrx_word' id='word_1_126' title='bbox 478 1824 494 1838; x_wconf 85' lang='grc'><strong>,</strong></span> 
     </span>
    </p>
   </div>
   <div class='ocr_carea' id='block_1_20' title="bbox 362 1858 1949 1943">
    <p class='ocr_par' dir='ltr' id='par_1_20' title="bbox 362 1858 1949 1943">
     <span class='ocr_line' id='line_1_20' title="bbox 362 1858 1949 1943; baseline -0.006 -21"><span class='ocrx_word' id='word_1_127' title='bbox 362 1867 437 1923; x_wconf 83' lang='grc' dir='ltr'><strong>Τὸ</strong></span> <span class='ocrx_word' id='word_1_128' title='bbox 482 1863 660 1934; x_wconf 81' lang='grc' dir='ltr'><strong>τέλος,</strong></span> <span class='ocrx_word' id='word_1_129' title='bbox 696 1864 806 1921; x_wconf 78' lang='grc' dir='ltr'>ἆντὶ</span> <span class='ocrx_word' id='word_1_130' title='bbox 838 1871 950 1934; x_wconf 78' lang='grc' dir='ltr'>τοῦ,</span> <span class='ocrx_word' id='word_1_131' title='bbox 999 1867 1031 1933; x_wconf 80' lang='grc' dir='ltr'>ἡ</span> <span class='ocrx_word' id='word_1_132' title='bbox 1063 1860 1463 1943; x_wconf 77' lang='grc' dir='ltr'>συμπλήρωςις,</span> <span class='ocrx_word' id='word_1_133' title='bbox 1516 1863 1550 1929; x_wconf 78' lang='grc' dir='ltr'><strong>ἡ</strong></span> <span class='ocrx_word' id='word_1_134' title='bbox 1581 1858 1878 1929; x_wconf 83' lang='grc' dir='ltr'>συντέλεια,</span> <span class='ocrx_word' id='word_1_135' title='bbox 1914 1858 1949 1927; x_wconf 74' lang='grc' dir='ltr'>ἢ</span> 
     </span>
    </p>
   </div>
   <div class='ocr_carea' id='block_1_21' title="bbox 1256 1062 1555 1142">
    <p class='ocr_par' dir='ltr' id='par_1_21' title="bbox 1256 1062 1555 1142">
     <span class='ocr_line' id='line_1_21' title="bbox 1256 1062 1555 1142; baseline -0.003 -25"><span class='ocrx_word' id='word_1_136' title='bbox 1256 1062 1555 1142; x_wconf 32' lang='grc' dir='ltr'>ἀμαρτμιῶν,</span> 
     </span>
    </p>
   </div>
   <div class='ocr_carea' id='block_1_22' title="bbox 1384 1137 1674 1213">
    <p class='ocr_par' dir='ltr' id='par_1_22' title="bbox 1384 1137 1674 1213">
     <span class='ocr_line' id='line_1_22' title="bbox 1384 1137 1674 1213; baseline -0.007 -5"><span class='ocrx_word' id='word_1_137' title='bbox 1384 1174 1388 1177; x_wconf 60' lang='grc'>⁷</span> <span class='ocrx_word' id='word_1_138' title='bbox 1420 1137 1674 1213; x_wconf 56' lang='grc' dir='ltr'><strong>τἘκαςιτος</strong></span> 
     </span>
    </p>
   </div>
   <div class='ocr_carea' id='block_1_23' title="bbox 1356 1237 1941 1309">
    <p class='ocr_par' dir='ltr' id='par_1_23' title="bbox 1356 1237 1941 1309">
     <span class='ocr_line' id='line_1_23' title="bbox 1356 1237 1941 1309; baseline -0.01 -12"><span class='ocrx_word' id='word_1_139' title='bbox 1356 1241 1480 1299; x_wconf 65' lang='grc' dir='ltr'>αὑτὸ</span> <span class='ocrx_word' id='word_1_140' title='bbox 1563 1237 1941 1309; x_wconf 83' lang='grc' dir='ltr'>διακονοῦντες,</span> 
     </span>
    </p>
   </div>
   <div class='ocr_carea' id='block_1_24' title="bbox 1772 1149 1943 1211">
    <p class='ocr_par' dir='ltr' id='par_1_24' title="bbox 1772 1149 1943 1211">
     <span class='ocr_line' id='line_1_24' title="bbox 1772 1149 1943 1211; baseline -0.012 -7"><span class='ocrx_word' id='word_1_141' title='bbox 1772 1149 1943 1211; x_wconf 71' lang='grc' dir='ltr'>καθὼς</span> 
     </span>
    </p>
   </div>
   <div class='ocr_carea' id='block_1_25' title="bbox 1903 877 3692 963">
    <p class='ocr_par' dir='ltr' id='par_1_25' title="bbox 1903 877 3692 963">
     <span class='ocr_line' id='line_1_25' title="bbox 1903 877 3692 963; baseline 0.012 -29"><span class='ocrx_word' id='word_1_142' title='bbox 1903 877 1957 935; x_wconf 72' lang='grc' dir='ltr'>δὲ</span> <span class='ocrx_word' id='word_1_143' title='bbox 2041 878 2227 955; x_wconf 83' lang='lat' dir='ltr'><strong>igitur</strong></span> <span class='ocrx_word' id='word_1_144' title='bbox 2246 882 2442 945; x_wconf 83' lang='lat' dir='ltr'><strong>sobrii</strong></span> <span class='ocrx_word' id='word_1_145' title='bbox 2461 892 2518 947; x_wconf 86' lang='lat' dir='ltr'><strong>et</strong></span> <span class='ocrx_word' id='word_1_146' title='bbox 2535 885 2860 963; x_wconf 75' lang='lat' dir='ltr'><strong>vigilantes</strong></span> <span class='ocrx_word' id='word_1_147' title='bbox 2885 889 2966 951; x_wconf 89' lang='lat' dir='ltr'><strong>ad</strong></span> <span class='ocrx_word' id='word_1_148' title='bbox 2983 877 3468 955; x_wconf 82' lang='lat' dir='ltr'><strong>orandum.Ante</strong></span> <span class='ocrx_word' id='word_1_149' title='bbox 3482 895 3692 955; x_wconf 86' lang='lat' dir='ltr'><strong>omnia</strong></span> 
     </span>
    </p>
   </div>
   <div class='ocr_carea' id='block_1_26' title="bbox 633 960 1933 1053">
    <p class='ocr_par' dir='ltr' id='par_1_26' title="bbox 633 960 1933 1053">
     <span class='ocr_line' id='line_1_26' title="bbox 633 960 1933 1053; baseline -0.005 -22"><span class='ocrx_word' id='word_1_150' title='bbox 633 976 845 1040; x_wconf 60' lang='grc' dir='ltr'>ἑαυτοὺς</span> <span class='ocrx_word' id='word_1_151' title='bbox 943 975 1158 1051; x_wconf 71' lang='grc' dir='ltr'>ἀγάπην</span> <span class='ocrx_word' id='word_1_152' title='bbox 1256 974 1442 1041; x_wconf 83' lang='grc' dir='ltr'>ἐκτενῆ</span> <span class='ocrx_word' id='word_1_153' title='bbox 1520 973 1761 1053; x_wconf 73' lang='grc' dir='ltr'>ἔχοντες.</span> <span class='ocrx_word' id='word_1_154' title='bbox 1826 960 1933 1027; x_wconf 74' lang='grc' dir='ltr'>”ι)τ</span> 
     </span>
    </p>
   </div>
   <div class='ocr_carea' id='block_1_27' title="bbox 2030 960 3692 1053">
    <p class='ocr_par' dir='ltr' id='par_1_27' title="bbox 2040 960 3692 1044">
     <span class='ocr_line' id='line_1_27' title="bbox 2040 960 3692 1044; baseline 0.011 -17"><span class='ocrx_word' id='word_1_155' title='bbox 2040 975 2238 1030; x_wconf 87' lang='lat' dir='ltr'><strong>autem</strong></span> <span class='ocrx_word' id='word_1_156' title='bbox 2261 960 2622 1036; x_wconf 79' lang='lat' dir='ltr'><strong>charitatem</strong></span> <span class='ocrx_word' id='word_1_157' title='bbox 2644 978 2804 1037; x_wconf 86' lang='lat' dir='ltr'><strong>inter</strong></span> <span class='ocrx_word' id='word_1_158' title='bbox 2816 994 2920 1039; x_wconf 84' lang='lat' dir='ltr'><strong>vos</strong></span> <span class='ocrx_word' id='word_1_159' title='bbox 2932 984 3239 1040; x_wconf 71' lang='lat' dir='ltr'><strong>extensum</strong></span> <span class='ocrx_word' id='word_1_160' title='bbox 3253 979 3692 1044; x_wconf 74' lang='lat' dir='ltr'><strong>habentesNam</strong></span> 
     </span>
    </p>
   </div>
   <div class='ocr_carea' id='block_1_28' title="bbox 1683 1058 1955 1124">
    <p class='ocr_par' dir='ltr' id='par_1_28' title="bbox 1683 1058 1955 1124">
     <span class='ocr_line' id='line_1_28' title="bbox 1683 1058 1955 1124; baseline -0.004 -8"><span class='ocrx_word' id='word_1_161' title='bbox 1683 1058 1955 1124; x_wconf 83' lang='grc' dir='ltr'>Φιλόξενοι</span> 
     </span>
    </p>
   </div>
   <div class='ocr_carea' id='block_1_29' title="bbox 2042 1057 3688 1149">
    <p class='ocr_par' dir='ltr' id='par_1_29' title="bbox 2042 1057 3688 1149">
     <span class='ocr_line' id='line_1_29' title="bbox 2042 1057 3688 1149; baseline 0.007 -32"><span class='ocrx_word' id='word_1_162' title='bbox 2042 1057 2550 1149; x_wconf 76' lang='lat' dir='ltr'><strong>charitasoperiet</strong></span> <span class='ocrx_word' id='word_1_163' title='bbox 2564 1063 3012 1127; x_wconf 72' lang='lat' dir='ltr'><strong>multitudinem</strong></span> <span class='ocrx_word' id='word_1_164' title='bbox 3034 1073 3439 1146; x_wconf 76' lang='lat' dir='ltr'><strong>peccatorum.</strong></span> <span class='ocrx_word' id='word_1_165' title='bbox 3465 1068 3688 1149; x_wconf 86' lang='lat' dir='ltr'><strong>Hospi-</strong></span> 
     </span>
    </p>
   </div>
   <div class='ocr_carea' id='block_1_30' title="bbox 2043 1148 3691 1230">
    <p class='ocr_par' dir='ltr' id='par_1_30' title="bbox 2043 1148 3691 1230">
     <span class='ocr_line' id='line_1_30' title="bbox 2043 1148 3691 1230; baseline 0.009 -24"><span class='ocrx_word' id='word_1_166' title='bbox 2043 1148 2190 1209; x_wconf 83' lang='lat' dir='ltr'><strong>tales</strong></span> <span class='ocrx_word' id='word_1_167' title='bbox 2200 1158 2383 1213; x_wconf 77' lang='lat' dir='ltr'><strong>estote</strong></span> <span class='ocrx_word' id='word_1_168' title='bbox 2397 1169 2545 1230; x_wconf 76' lang='lat' dir='ltr'><strong>erga</strong></span> <span class='ocrx_word' id='word_1_169' title='bbox 2562 1171 2662 1214; x_wconf 85' lang='lat' dir='ltr'><strong>vos</strong></span> <span class='ocrx_word' id='word_1_170' title='bbox 2678 1155 2935 1215; x_wconf 79' lang='lat' dir='ltr'><strong>invicem</strong></span> <span class='ocrx_word' id='word_1_171' title='bbox 2950 1156 3082 1217; x_wconf 82' lang='lat' dir='ltr'><strong>sine</strong></span> <span class='ocrx_word' id='word_1_172' title='bbox 3095 1148 3603 1220; x_wconf 51' lang='lat' dir='ltr'><strong>murmuratione;</strong></span> <span class='ocrx_word' id='word_1_173' title='bbox 3620 1158 3691 1221; x_wconf 90' lang='lat' dir='ltr'><strong>Ut</strong></span> 
     </span>
    </p>
   </div>
   <div class='ocr_carea' id='block_1_31' title="bbox 2030 1238 3695 1318">
    <p class='ocr_par' dir='ltr' id='par_1_31' title="bbox 2030 1238 3695 1318">
     <span class='ocr_line' id='line_1_31' title="bbox 2030 1238 3695 1318; baseline 0.007 -21"><span class='ocrx_word' id='word_1_174' title='bbox 2030 1238 2283 1317; x_wconf 82' lang='lat' dir='ltr'><strong>quisque</strong></span> <span class='ocrx_word' id='word_1_175' title='bbox 2294 1256 2465 1318; x_wconf 80' lang='lat' dir='ltr'><strong>accep</strong></span> <span class='ocrx_word' id='word_1_176' title='bbox 2475 1242 2863 1310; x_wconf 81' lang='lat' dir='ltr'><strong>itdonum,ita</strong></span> <span class='ocrx_word' id='word_1_177' title='bbox 2881 1243 3040 1306; x_wconf 87' lang='lat' dir='ltr'><strong>alius</strong></span> <span class='ocrx_word' id='word_1_178' title='bbox 3052 1245 3115 1306; x_wconf 83' lang='lat' dir='ltr'><strong>in</strong></span> <span class='ocrx_word' id='word_1_179' title='bbox 3129 1243 3481 1308; x_wconf 69' lang='lat' dir='ltr'><strong>aliumillud</strong></span> <span class='ocrx_word' id='word_1_180' title='bbox 3498 1246 3695 1309; x_wconf 85' lang='lat' dir='ltr'><strong>admi-</strong></span> 
     </span>
    </p>
   </div>
   <div class='ocr_carea' id='block_1_32' title="bbox 2028 1329 3686 1413">
    <p class='ocr_par' dir='ltr' id='par_1_32' title="bbox 2028 1329 3686 1413">
     <span class='ocr_line' id='line_1_32' title="bbox 2028 1329 3686 1413; baseline 0.01 -31"><span class='ocrx_word' id='word_1_181' title='bbox 2028 1331 2456 1413; x_wconf 79' lang='lat' dir='ltr'><strong>nistrantes,ut</strong></span> <span class='ocrx_word' id='word_1_182' title='bbox 2476 1329 2618 1390; x_wconf 77' lang='lat' dir='ltr'><strong>boni</strong></span> <span class='ocrx_word' id='word_1_183' title='bbox 2638 1330 3087 1411; x_wconf 77' lang='lat' dir='ltr'><strong>dispensatores</strong></span> <span class='ocrx_word' id='word_1_184' title='bbox 3119 1339 3316 1394; x_wconf 74' lang='lat' dir='ltr'><strong>variae</strong></span> <span class='ocrx_word' id='word_1_185' title='bbox 3334 1334 3686 1413; x_wconf 72' lang='lat' dir='ltr'><strong>gratiwDei.</strong></span> 
     </span>
    </p>
   </div>
   <div class='ocr_carea' id='block_1_33' title="bbox 2030 1412 3691 1503">
    <p class='ocr_par' dir='ltr' id='par_1_33' title="bbox 2030 1412 3691 1503">
     <span class='ocr_line' id='line_1_33' title="bbox 2030 1412 3691 1503; baseline 0.006 -27"><span class='ocrx_word' id='word_1_186' title='bbox 2030 1412 2244 1492; x_wconf 77' lang='lat' dir='ltr'><strong>Siquis</strong></span> <span class='ocrx_word' id='word_1_187' title='bbox 2264 1415 2550 1497; x_wconf 81' lang='lat' dir='ltr'><strong>loquitur,</strong></span> <span class='ocrx_word' id='word_1_188' title='bbox 2580 1421 2865 1498; x_wconf 80' lang='lat' dir='ltr'><strong>loquatur</strong></span> <span class='ocrx_word' id='word_1_189' title='bbox 2891 1427 3187 1501; x_wconf 84' lang='lat' dir='ltr'><strong>tanquam</strong></span> <span class='ocrx_word' id='word_1_190' title='bbox 3210 1412 3451 1503; x_wconf 83' lang='lat' dir='ltr'><strong>eloquia</strong></span> <span class='ocrx_word' id='word_1_191' title='bbox 3481 1421 3609 1485; x_wconf 85' lang='lat' dir='ltr'><strong>Dei:</strong></span> <span class='ocrx_word' id='word_1_192' title='bbox 3636 1425 3691 1486; x_wconf 85' lang='lat' dir='ltr'><strong>si</strong></span> 
     </span>
    </p>
   </div>
   <div class='ocr_carea' id='block_1_34' title="bbox 2029 1505 3689 1591">
    <p class='ocr_par' dir='ltr' id='par_1_34' title="bbox 2029 1505 3689 1591">
     <span class='ocr_line' id='line_1_34' title="bbox 2029 1505 3689 1591; baseline 0.007 -27"><span class='ocrx_word' id='word_1_193' title='bbox 2029 1505 2165 1581; x_wconf 81' lang='lat' dir='ltr'><strong>quis</strong></span> <span class='ocrx_word' id='word_1_194' title='bbox 2188 1505 2526 1578; x_wconf 77' lang='lat' dir='ltr'><strong>ministrat,</strong></span> <span class='ocrx_word' id='word_1_195' title='bbox 2562 1509 2867 1570; x_wconf 75' lang='lat' dir='ltr'><strong>ministret</strong></span> <span class='ocrx_word' id='word_1_196' title='bbox 2945 1517 3237 1590; x_wconf 86' lang='lat' dir='ltr'><strong>tanquam</strong></span> <span class='ocrx_word' id='word_1_197' title='bbox 3283 1529 3361 1573; x_wconf 75' lang='lat' dir='ltr'><strong>ea:</strong></span> <span class='ocrx_word' id='word_1_198' title='bbox 3414 1514 3689 1591; x_wconf 83' lang='lat' dir='ltr'><strong>potentia</strong></span> 
     </span>
    </p>
   </div>
   <div class='ocr_carea' id='block_1_35' title="bbox 2028 1596 3692 1679">
    <p class='ocr_par' dir='ltr' id='par_1_35' title="bbox 2028 1596 3692 1679">
     <span class='ocr_line' id='line_1_35' title="bbox 2028 1596 3692 1679; baseline 0.007 -28"><span class='ocrx_word' id='word_1_199' title='bbox 2028 1609 2210 1670; x_wconf 82' lang='lat' dir='ltr'><strong>quam</strong></span> <span class='ocrx_word' id='word_1_200' title='bbox 2230 1596 2579 1674; x_wconf 77' lang='lat' dir='ltr'><strong>suppeditat</strong></span> <span class='ocrx_word' id='word_1_201' title='bbox 2606 1596 2779 1670; x_wconf 87' lang='lat' dir='ltr'><strong>Deus,</strong></span> <span class='ocrx_word' id='word_1_202' title='bbox 2812 1599 2971 1661; x_wconf 85' lang='lat' dir='ltr'><strong>utin</strong></span> <span class='ocrx_word' id='word_1_203' title='bbox 2996 1600 3277 1661; x_wconf 84' lang='lat' dir='ltr'><strong>omnibus</strong></span> <span class='ocrx_word' id='word_1_204' title='bbox 3309 1599 3692 1679; x_wconf 74' lang='lat' dir='ltr'><strong>gloriﬁcatur</strong></span> 
     </span>
    </p>
   </div>
   <div class='ocr_carea' id='block_1_36' title="bbox 2033 1681 3685 1766">
    <p class='ocr_par' dir='ltr' id='par_1_36' title="bbox 2033 1681 3685 1766">
     <span class='ocr_line' id='line_1_36' title="bbox 2033 1681 3685 1766; baseline 0.007 -26"><span class='ocrx_word' id='word_1_205' title='bbox 2033 1681 2189 1742; x_wconf 82' lang='lat' dir='ltr'><strong>Deus</strong></span> <span class='ocrx_word' id='word_1_206' title='bbox 2216 1700 2324 1761; x_wconf 82' lang='lat' dir='ltr'><strong>per</strong></span> <span class='ocrx_word' id='word_1_207' title='bbox 2356 1681 2562 1745; x_wconf 86' lang='lat' dir='ltr'><strong>Jcsum</strong></span> <span class='ocrx_word' id='word_1_208' title='bbox 2601 1684 2933 1761; x_wconf 83' lang='lat' dir='ltr'><strong>Christum,</strong></span> <span class='ocrx_word' id='word_1_209' title='bbox 2984 1688 3084 1749; x_wconf 84' lang='lat' dir='ltr'><strong>cui</strong></span> <span class='ocrx_word' id='word_1_210' title='bbox 3111 1697 3196 1749; x_wconf 79' lang='lat' dir='ltr'><strong>est</strong></span> <span class='ocrx_word' id='word_1_211' title='bbox 3223 1689 3430 1766; x_wconf 84' lang='lat' dir='ltr'><strong>gloria</strong></span> <span class='ocrx_word' id='word_1_212' title='bbox 3478 1695 3534 1751; x_wconf 89' lang='lat' dir='ltr'><strong>et</strong></span> <span class='ocrx_word' id='word_1_213' title='bbox 3564 1690 3685 1751; x_wconf 87' lang='lat' dir='ltr'><strong>im-</strong></span> 
     </span>
    </p>
   </div>
   <div class='ocr_carea' id='block_1_37' title="bbox 2033 1772 3277 1849">
    <p class='ocr_par' dir='ltr' id='par_1_37' title="bbox 2033 1772 3277 1849">
     <span class='ocr_line' id='line_1_37' title="bbox 2033 1772 3277 1849; baseline 0.007 -19"><span class='ocrx_word' id='word_1_214' title='bbox 2033 1772 2273 1849; x_wconf 80' lang='lat' dir='ltr'><strong>perium</strong></span> <span class='ocrx_word' id='word_1_215' title='bbox 2300 1773 2369 1832; x_wconf 81' lang='lat' dir='ltr'><strong>in</strong></span> <span class='ocrx_word' id='word_1_216' title='bbox 2399 1772 2620 1834; x_wconf 79' lang='lat' dir='ltr'><strong>sazcula</strong></span> <span class='ocrx_word' id='word_1_217' title='bbox 2647 1775 3033 1837; x_wconf 74' lang='lat' dir='ltr'><strong>swculorum.</strong></span> <span class='ocrx_word' id='word_1_218' title='bbox 3068 1777 3277 1840; x_wconf 88' lang='lat' dir='ltr'><strong>Amen.</strong></span> 
     </span>
    </p>
   </div>
   <div class='ocr_carea' id='block_1_38' title="bbox 2115 1860 3687 1941">
    <p class='ocr_par' dir='ltr' id='par_1_38' title="bbox 2115 1860 3687 1941">
     <span class='ocr_line' id='line_1_38' title="bbox 2115 1860 3687 1941; baseline 0.004 -19"><span class='ocrx_word' id='word_1_219' title='bbox 2115 1860 2296 1939; x_wconf 87' lang='lat' dir='ltr'><strong>Finis,</strong></span> <span class='ocrx_word' id='word_1_220' title='bbox 2327 1862 2380 1921; x_wconf 86' lang='lat' dir='ltr'><strong>id</strong></span> <span class='ocrx_word' id='word_1_221' title='bbox 2406 1863 2873 1941; x_wconf 83' lang='lat' dir='ltr'><strong>est,completio,</strong></span> <span class='ocrx_word' id='word_1_222' title='bbox 2901 1865 3333 1926; x_wconf 87' lang='lat' dir='ltr'><strong>consummatio</strong></span> <span class='ocrx_word' id='word_1_223' title='bbox 3381 1872 3481 1927; x_wconf 89' lang='lat' dir='ltr'><strong>aut</strong></span> <span class='ocrx_word' id='word_1_224' title='bbox 3503 1867 3687 1928; x_wconf 88' lang='lat' dir='ltr'><strong>ﬁnem</strong></span> 
     </span>
    </p>
   </div>
   <div class='ocr_carea' id='block_1_39' title="bbox 281 1948 1933 2032">
    <p class='ocr_par' dir='ltr' id='par_1_39' title="bbox 281 1950 1933 2032">
     <span class='ocr_line' id='line_1_39' title="bbox 281 1950 1933 2032; baseline -0.004 -23"><span class='ocrx_word' id='word_1_225' title='bbox 281 1951 433 2019; x_wconf 83' lang='grc' dir='ltr'>τέλος</span> <span class='ocrx_word' id='word_1_226' title='bbox 495 1953 775 2031; x_wconf 76' lang='grc' dir='ltr'>ἧγγικέναι</span> <span class='ocrx_word' id='word_1_227' title='bbox 814 1960 921 2009; x_wconf 72' lang='grc' dir='ltr'>τῶν</span> <span class='ocrx_word' id='word_1_228' title='bbox 978 1955 1191 2010; x_wconf 67' lang='grc' dir='ltr'>πάντων</span> <span class='ocrx_word' id='word_1_229' title='bbox 1235 1953 1363 2032; x_wconf 77' lang='grc' dir='ltr'>φησὶ</span> <span class='ocrx_word' id='word_1_230' title='bbox 1423 1950 1728 2029; x_wconf 68' lang='grc' dir='ltr'>προφητῶν,</span> <span class='ocrx_word' id='word_1_231' title='bbox 1786 1955 1933 2005; x_wconf 86' lang='grc' dir='ltr'>Τοῦτ‹</span> 
     </span>
    </p>
   </div>
   <div class='ocr_carea' id='block_1_40' title="bbox 2030 1948 3679 2032">
    <p class='ocr_par' dir='ltr' id='par_1_40' title="bbox 2035 1948 3679 2029">
     <span class='ocr_line' id='line_1_40' title="bbox 2035 1948 3679 2029; baseline 0.007 -23"><span class='ocrx_word' id='word_1_232' title='bbox 2035 1948 2298 2008; x_wconf 90' lang='lat' dir='ltr'><strong>omnium</strong></span> <span class='ocrx_word' id='word_1_233' title='bbox 2328 1950 2747 2029; x_wconf 88' lang='lat' dir='ltr'><strong>prophetarum</strong></span> <span class='ocrx_word' id='word_1_234' title='bbox 2779 1952 3099 2014; x_wconf 90' lang='lat' dir='ltr'><strong>imminere</strong></span> <span class='ocrx_word' id='word_1_235' title='bbox 3128 1952 3311 2016; x_wconf 91' lang='lat' dir='ltr'><strong>dicit:</strong></span> <span class='ocrx_word' id='word_1_236' title='bbox 3349 1954 3451 2016; x_wconf 89' lang='lat' dir='ltr'><strong>ille</strong></span> <span class='ocrx_word' id='word_1_237' title='bbox 3481 1963 3679 2017; x_wconf 89' lang='lat' dir='ltr'><strong>autem</strong></span> 
     </span>
    </p>
   </div>
   <div class='ocr_carea' id='block_1_41' title="bbox 282 2033 1948 2122">
    <p class='ocr_par' dir='ltr' id='par_1_41' title="bbox 282 2033 1948 2122">
     <span class='ocr_line' id='line_1_41' title="bbox 282 2033 1948 2122; baseline -0.005 -22"><span class='ocrx_word' id='word_1_238' title='bbox 282 2042 336 2100; x_wconf 78' lang='grc' dir='ltr'>δὲ</span> <span class='ocrx_word' id='word_1_239' title='bbox 365 2043 571 2110; x_wconf 61' lang='grc' dir='ltr'><strong>ἀληθεῖ⁹</strong></span> <span class='ocrx_word' id='word_1_240' title='bbox 603 2042 770 2121; x_wconf 73' lang='grc' dir='ltr'>λόγῳ,</span> <span class='ocrx_word' id='word_1_241' title='bbox 805 2046 832 2099; x_wconf 85' lang='grc' dir='ltr'><strong>ὁ</strong></span> <span class='ocrx_word' id='word_1_242' title='bbox 858 2046 1100 2122; x_wconf 83' lang='grc' dir='ltr'>Χριστός.</span> <span class='ocrx_word' id='word_1_243' title='bbox 1169 2033 1231 2098; x_wconf 66' lang='grc' dir='ltr'><strong>εΗ</strong></span> <span class='ocrx_word' id='word_1_244' title='bbox 1284 2042 1510 2122; x_wconf 10' lang='grc' dir='ltr'>,πάντων</span> <span class='ocrx_word' id='word_1_245' title='bbox 1573 2041 1671 2118; x_wconf 79' lang='grc' dir='ltr'><strong>γὰρ</strong></span> <span class='ocrx_word' id='word_1_246' title='bbox 1741 2037 1948 2095; x_wconf 79' lang='grc' dir='ltr'>τελειό-</span> 
     </span>
    </p>
   </div>
   <div class='ocr_carea' id='block_1_42' title="bbox 2033 2037 3686 2122">
    <p class='ocr_par' dir='ltr' id='par_1_42' title="bbox 2033 2037 3686 2122">
     <span class='ocr_line' id='line_1_42' title="bbox 2033 2037 3686 2122; baseline 0.007 -29"><span class='ocrx_word' id='word_1_247' title='bbox 2033 2054 2171 2098; x_wconf 89' lang='lat' dir='ltr'><strong>vero</strong></span> <span class='ocrx_word' id='word_1_248' title='bbox 2201 2054 2479 2098; x_wconf 91' lang='lat' dir='ltr'><strong>sermone</strong></span> <span class='ocrx_word' id='word_1_249' title='bbox 2498 2037 2767 2101; x_wconf 88' lang='lat' dir='ltr'><strong>Christus</strong></span> <span class='ocrx_word' id='word_1_250' title='bbox 2788 2056 2870 2102; x_wconf 79' lang='grc' dir='ltr'><strong>εει</strong></span> <span class='ocrx_word' id='word_1_251' title='bbox 2889 2042 3039 2122; x_wconf 89' lang='lat' dir='ltr'><strong>,ipse</strong></span> <span class='ocrx_word' id='word_1_252' title='bbox 3067 2042 3225 2104; x_wconf 90' lang='lat' dir='ltr'><strong>enim</strong></span> <span class='ocrx_word' id='word_1_253' title='bbox 3245 2046 3508 2104; x_wconf 89' lang='lat' dir='ltr'><strong>omnium</strong></span> <span class='ocrx_word' id='word_1_254' title='bbox 3543 2062 3686 2121; x_wconf 89' lang='lat' dir='ltr'><strong>per-</strong></span> 
     </span>
    </p>
   </div>
   <div class='ocr_carea' id='block_1_43' title="bbox 283 2120 1933 2211">
    <p class='ocr_par' dir='ltr' id='par_1_43' title="bbox 283 2120 1930 2211">
     <span class='ocr_line' id='line_1_43' title="bbox 283 2120 1930 2211; baseline -0.003 -22"><span class='ocrx_word' id='word_1_255' title='bbox 283 2154 404 2206; x_wconf 83' lang='grc' dir='ltr'>της,</span> <span class='ocrx_word' id='word_1_256' title='bbox 455 2132 618 2197; x_wconf 61' lang='lat' dir='ltr'><strong>adv-cci;</strong></span> <span class='ocrx_word' id='word_1_257' title='bbox 650 2120 816 2211; x_wconf 80' lang='grc' dir='ltr'>ἐστιν,</span> <span class='ocrx_word' id='word_1_258' title='bbox 844 2120 963 2188; x_wconf 84' lang='grc' dir='ltr'>ἀλλ’</span> <span class='ocrx_word' id='word_1_259' title='bbox 996 2135 1099 2211; x_wconf 69' lang='grc' dir='ltr'>οὔχ</span> <span class='ocrx_word' id='word_1_260' title='bbox 1156 2133 1228 2193; x_wconf 83' lang='grc' dir='ltr'>ὡς</span> <span class='ocrx_word' id='word_1_261' title='bbox 1277 2120 1549 2196; x_wconf 67' lang='grc' dir='ltr'>’Έλληνες</span> <span class='ocrx_word' id='word_1_262' title='bbox 1594 2127 1868 2207; x_wconf 77' lang='grc' dir='ltr'>ληροῦσι-ι,</span> <span class='ocrx_word' id='word_1_263' title='bbox 1903 2151 1930 2184; x_wconf 92' lang='grc' dir='ltr'>ο</span> 
     </span>
    </p>
   </div>
   <div class='ocr_carea' id='block_1_44' title="bbox 2030 2120 3681 2211">
    <p class='ocr_par' dir='ltr' id='par_1_44' title="bbox 2036 2120 3681 2209">
     <span class='ocr_line' id='line_1_44' title="bbox 2036 2120 3681 2209; baseline 0.007 -25"><span class='ocrx_word' id='word_1_264' title='bbox 2036 2124 2206 2186; x_wconf 66' lang='lat' dir='ltr'><strong>frclio</strong></span> <span class='ocrx_word' id='word_1_265' title='bbox 2239 2135 2348 2187; x_wconf 77' lang='lat' dir='ltr'><strong>est.</strong></span> <span class='ocrx_word' id='word_1_266' title='bbox 2386 2126 2455 2188; x_wconf 91' lang='lat' dir='ltr'><strong>Et</strong></span> <span class='ocrx_word' id='word_1_267' title='bbox 2487 2148 2600 2189; x_wconf 92' lang='lat' dir='ltr'><strong>non</strong></span> <span class='ocrx_word' id='word_1_268' title='bbox 2635 2120 3135 2209; x_wconf 85' lang='lat' dir='ltr'><strong>quemadmodum</strong></span> <span class='ocrx_word' id='word_1_269' title='bbox 3178 2132 3367 2195; x_wconf 57' lang='lat' dir='ltr'><strong>Graeci</strong></span> <span class='ocrx_word' id='word_1_270' title='bbox 3401 2120 3681 2205; x_wconf 80' lang='lat' dir='ltr'><strong>delirant,</strong></span> 
     </span>
    </p>
   </div>
   <div class='ocr_carea' id='block_1_45' title="bbox 290 2220 1948 2304">
    <p class='ocr_par' dir='ltr' id='par_1_45' title="bbox 290 2220 1948 2304">
     <span class='ocr_line' id='line_1_45' title="bbox 290 2220 1948 2304; baseline -0.005 -22"><span class='ocrx_word' id='word_1_271' title='bbox 290 2236 382 2302; x_wconf 79' lang='grc' dir='ltr'>μὲν</span> <span class='ocrx_word' id='word_1_272' title='bbox 426 2226 532 2293; x_wconf 75' lang='grc' dir='ltr'>τὴν</span> <span class='ocrx_word' id='word_1_273' title='bbox 564 2222 762 2293; x_wconf 75' lang='grc' dir='ltr'>ἡδονήν</span> <span class='ocrx_word' id='word_1_274' title='bbox 802 2225 1092 2304; x_wconf 71' lang='grc' dir='ltr'>φάσκοντες</span> <span class='ocrx_word' id='word_1_275' title='bbox 1149 2222 1320 2301; x_wconf 78' lang='grc' dir='ltr'>τέλος,</span> <span class='ocrx_word' id='word_1_276' title='bbox 1373 2224 1445 2285; x_wconf 83' lang='grc' dir='ltr'>ὡς</span> <span class='ocrx_word' id='word_1_277' title='bbox 1505 2220 1837 2297; x_wconf 79' lang='grc' dir='ltr'>Ἐπικουρος,</span> <span class='ocrx_word' id='word_1_278' title='bbox 1888 2220 1948 2277; x_wconf 71' lang='grc' dir='ltr'><strong>Οἳ</strong></span> 
     </span>
    </p>
   </div>
   <div class='ocr_carea' id='block_1_46' title="bbox 281 2308 1943 2391">
    <p class='ocr_par' dir='ltr' id='par_1_46' title="bbox 281 2308 1943 2391">
     <span class='ocr_line' id='line_1_46' title="bbox 281 2308 1943 2391; baseline -0.004 -20"><span class='ocrx_word' id='word_1_279' title='bbox 281 2314 332 2371; x_wconf 76' lang='grc' dir='ltr'>δὲ</span> <span class='ocrx_word' id='word_1_280' title='bbox 363 2315 466 2382; x_wconf 78' lang='grc' dir='ltr'><strong>τὴν</strong></span> <span class='ocrx_word' id='word_1_281' title='bbox 498 2314 830 2388; x_wconf 75' lang='grc' dir='ltr'>ἐπιστήμην,</span> <span class='ocrx_word' id='word_1_282' title='bbox 865 2311 981 2379; x_wconf 71' lang='grc' dir='ltr'>ἤτοι</span> <span class='ocrx_word' id='word_1_283' title='bbox 1010 2312 1226 2391; x_wconf 80' lang='grc' dir='ltr'>θεωρίαν</span> <span class='ocrx_word' id='word_1_284' title='bbox 1276 2311 1308 2379; x_wconf 71' lang='grc' dir='ltr'><strong>ἢ</strong></span> <span class='ocrx_word' id='word_1_285' title='bbox 1360 2310 1575 2389; x_wconf 74' lang='grc' dir='ltr'>ἀρετήν,</span> <span class='ocrx_word' id='word_1_286' title='bbox 1635 2308 1786 2366; x_wconf 80' lang='grc' dir='ltr'>Ἐπεὶ</span> <span class='ocrx_word' id='word_1_287' title='bbox 1828 2308 1943 2365; x_wconf 86' lang='grc' dir='ltr'>τοί-</span> 
     </span>
    </p>
   </div>
   <div class='ocr_carea' id='block_1_47' title="bbox 284 2396 1946 2480">
    <p class='ocr_par' dir='ltr' id='par_1_47' title="bbox 284 2396 1946 2480">
     <span class='ocr_line' id='line_1_47' title="bbox 284 2396 1946 2480; baseline -0.007 -19"><span class='ocrx_word' id='word_1_288' title='bbox 284 2428 368 2461; x_wconf 81' lang='grc' dir='ltr'><strong>νυν</strong></span> <span class='ocrx_word' id='word_1_289' title='bbox 426 2405 463 2472; x_wconf 83' lang='grc' dir='ltr'><strong>ἡ</strong></span> <span class='ocrx_word' id='word_1_290' title='bbox 527 2402 744 2459; x_wconf 72' lang='grc' dir='ltr'>πάντων</span> <span class='ocrx_word' id='word_1_291' title='bbox 815 2401 1086 2468; x_wconf 83' lang='grc' dir='ltr'>τελειότης</span> <span class='ocrx_word' id='word_1_292' title='bbox 1151 2401 1373 2480; x_wconf 77' lang='grc' dir='ltr'>Χριστὸς</span> <span class='ocrx_word' id='word_1_293' title='bbox 1430 2396 1781 2477; x_wconf 84' lang='grc' dir='ltr'>παραγέγονε,</span> <span class='ocrx_word' id='word_1_294' title='bbox 1859 2396 1946 2453; x_wconf 86' lang='grc' dir='ltr'>καὶ</span> 
     </span>
    </p>
   </div>
   <div class='ocr_carea' id='block_1_48' title="bbox 282 2485 1932 2567">
    <p class='ocr_par' dir='ltr' id='par_1_48' title="bbox 282 2485 1932 2567">
     <span class='ocr_line' id='line_1_48' title="bbox 282 2485 1932 2567; baseline -0.004 -21"><span class='ocrx_word' id='word_1_295' title='bbox 282 2493 421 2548; x_wconf 67' lang='grc' dir='ltr'>αὑτοὶ</span> <span class='ocrx_word' id='word_1_296' title='bbox 479 2492 656 2567; x_wconf 79' lang='grc' dir='ltr'>ταύτῃ</span> <span class='ocrx_word' id='word_1_297' title='bbox 712 2497 781 2566; x_wconf 82' lang='grc' dir='ltr'><strong>τῇ</strong></span> <span class='ocrx_word' id='word_1_298' title='bbox 836 2488 1154 2563; x_wconf 71' lang='grc' dir='ltr'>τελειότητι,</span> <span class='ocrx_word' id='word_1_299' title='bbox 1215 2489 1366 2567; x_wconf 75' lang='grc' dir='ltr'>φησὶ,</span> <span class='ocrx_word' id='word_1_300' title='bbox 1449 2485 1932 2564; x_wconf 75' lang='grc' dir='ltr'>συμμορφούμενοι,</span> 
     </span>
    </p>
   </div>
   <div class='ocr_carea' id='block_1_49' title="bbox 280 2574 1930 2654">
    <p class='ocr_par' dir='ltr' id='par_1_49' title="bbox 280 2574 1930 2654">
     <span class='ocr_line' id='line_1_49' title="bbox 280 2574 1930 2654; baseline -0.003 -18"><span class='ocrx_word' id='word_1_301' title='bbox 280 2579 599 2645; x_wconf 62' lang='grc' dir='ltr'>ἂνελλιπετς</span> <span class='ocrx_word' id='word_1_302' title='bbox 626 2580 838 2643; x_wconf 74' lang='grc' dir='ltr'>ἑαυτοὺς</span> <span class='ocrx_word' id='word_1_303' title='bbox 869 2578 922 2635; x_wconf 82' lang='grc' dir='ltr'>ἐν</span> <span class='ocrx_word' id='word_1_304' title='bbox 981 2579 1138 2634; x_wconf 90' lang='grc' dir='ltr'>παντὶ</span> <span class='ocrx_word' id='word_1_305' title='bbox 1195 2574 1410 2647; x_wconf 77' lang='grc' dir='ltr'>δείξατε,</span> <span class='ocrx_word' id='word_1_306' title='bbox 1489 2574 1541 2631; x_wconf 77' lang='grc' dir='ltr'>ἐν</span> <span class='ocrx_word' id='word_1_307' title='bbox 1601 2575 1930 2654; x_wconf 77' lang='grc' dir='ltr'>σωφροσύνῃ,</span> 
     </span>
    </p>
   </div>
   <div class='ocr_carea' id='block_1_50' title="bbox 280 2664 1929 2747">
    <p class='ocr_par' dir='ltr' id='par_1_50' title="bbox 280 2664 1929 2747">
     <span class='ocr_line' id='line_1_50' title="bbox 280 2664 1929 2747; baseline -0.003 -24"><span class='ocrx_word' id='word_1_308' title='bbox 280 2669 331 2723; x_wconf 80' lang='grc' dir='ltr'>ἐν</span> <span class='ocrx_word' id='word_1_309' title='bbox 378 2672 546 2744; x_wconf 73' lang='grc' dir='ltr'>νήψει</span> <span class='ocrx_word' id='word_1_310' title='bbox 621 2673 933 2747; x_wconf 82' lang='grc' dir='ltr'>προσευχῶν</span> <span class='ocrx_word' id='word_1_311' title='bbox 1020 2666 1316 2747; x_wconf 74' lang='grc' dir='ltr'>(νηφόντων</span> <span class='ocrx_word' id='word_1_312' title='bbox 1387 2665 1486 2743; x_wconf 77' lang='grc' dir='ltr'>γὰρ</span> <span class='ocrx_word' id='word_1_313' title='bbox 1541 2665 1576 2731; x_wconf 78' lang='grc' dir='ltr'>ἡ</span> <span class='ocrx_word' id='word_1_314' title='bbox 1628 2664 1929 2743; x_wconf 78' lang='grc' dir='ltr'>προσευχὴ,</span> 
     </span>
    </p>
   </div>
   <div class='ocr_carea' id='block_1_51' title="bbox 281 2751 1935 2837">
    <p class='ocr_par' dir='ltr' id='par_1_51' title="bbox 281 2751 1935 2837">
     <span class='ocr_line' id='line_1_51' title="bbox 281 2751 1935 2837; baseline -0.004 -25"><span class='ocrx_word' id='word_1_315' title='bbox 281 2756 542 2831; x_wconf 79' lang='grc' dir='ltr'>τουτέστι,</span> <span class='ocrx_word' id='word_1_316' title='bbox 579 2756 1001 2837; x_wconf 76' lang='grc' dir='ltr'>γρηγορούντων,</span> <span class='ocrx_word' id='word_1_317' title='bbox 1061 2753 1180 2811; x_wconf 81' lang='grc' dir='ltr'>ἀλλ’</span> <span class='ocrx_word' id='word_1_318' title='bbox 1266 2755 1326 2809; x_wconf 70' lang='grc' dir='ltr'>οὔ</span> <span class='ocrx_word' id='word_1_319' title='bbox 1378 2753 1525 2830; x_wconf 76' lang='grc' dir='ltr'>κάρῳ</span> <span class='ocrx_word' id='word_1_320' title='bbox 1557 2751 1935 2831; x_wconf 70' lang='grc' dir='ltr'>κατεχομένων</span> 
     </span>
    </p>
   </div>
   <div class='ocr_carea' id='block_1_52' title="bbox 279 2839 1936 2921">
    <p class='ocr_par' dir='ltr' id='par_1_52' title="bbox 279 2839 1936 2921">
     <span class='ocr_line' id='line_1_52' title="bbox 279 2839 1936 2921; baseline -0.004 -19"><span class='ocrx_word' id='word_1_321' title='bbox 279 2852 381 2902; x_wconf 81' lang='grc' dir='ltr'><strong>τῶν</strong></span> <span class='ocrx_word' id='word_1_322' title='bbox 408 2846 519 2902; x_wconf 77' lang='grc' dir='ltr'><strong>ἀπὸ</strong></span> <span class='ocrx_word' id='word_1_323' title='bbox 551 2850 653 2912; x_wconf 80' lang='grc' dir='ltr'>τῆς</span> <span class='ocrx_word' id='word_1_324' title='bbox 683 2851 789 2900; x_wconf 79' lang='grc' dir='ltr'><strong>τῶν</strong></span> <span class='ocrx_word' id='word_1_325' title='bbox 833 2850 1106 2919; x_wconf 69' lang='grc' dir='ltr'>κοσμικῶν</span> <span class='ocrx_word' id='word_1_326' title='bbox 1164 2840 1357 2921; x_wconf 84' lang='grc' dir='ltr'>μέθης)</span> <span class='ocrx_word' id='word_1_327' title='bbox 1391 2858 1405 2873; x_wconf 91' lang='grc'><strong>·</strong></span> <span class='ocrx_word' id='word_1_328' title='bbox 1454 2841 1508 2896; x_wconf 78' lang='grc' dir='ltr'>ἐν</span> <span class='ocrx_word' id='word_1_329' title='bbox 1547 2847 1616 2917; x_wconf 75' lang='grc' dir='ltr'><strong>τῇ</strong></span> <span class='ocrx_word' id='word_1_330' title='bbox 1659 2842 1790 2919; x_wconf 84' lang='grc' dir='ltr'>πρὸς</span> <span class='ocrx_word' id='word_1_331' title='bbox 1834 2839 1936 2896; x_wconf 78' lang='grc' dir='ltr'><strong>ἁλ-</strong></span> 
     </span>
    </p>
   </div>
   <div class='ocr_carea' id='block_1_53' title="bbox 289 2927 1935 3011">
    <p class='ocr_par' dir='ltr' id='par_1_53' title="bbox 289 2927 1935 3011">
     <span class='ocr_line' id='line_1_53' title="bbox 289 2927 1935 3011; baseline -0.002 -23"><span class='ocrx_word' id='word_1_332' title='bbox 289 2932 478 3004; x_wconf 66' lang='grc' dir='ltr'>λτξλους</span> <span class='ocrx_word' id='word_1_333' title='bbox 522 2933 738 3011; x_wconf 78' lang='grc' dir='ltr'>ἀγάπῃ.</span> <span class='ocrx_word' id='word_1_334' title='bbox 787 2933 996 2999; x_wconf 80' lang='grc' dir='ltr'>Ταύτην</span> <span class='ocrx_word' id='word_1_335' title='bbox 1024 2930 1076 2988; x_wconf 71' lang='grc' dir='ltr'>δὲ</span> <span class='ocrx_word' id='word_1_336' title='bbox 1129 2929 1335 2993; x_wconf 80' lang='grc' dir='ltr'>Παῦλος</span> <span class='ocrx_word' id='word_1_337' title='bbox 1370 2930 1466 3004; x_wconf 75' lang='grc' dir='ltr'>μὲν</span> <span class='ocrx_word' id='word_1_338' title='bbox 1526 2927 1793 3007; x_wconf 81' lang='grc' dir='ltr'>πλήρωμά</span> <span class='ocrx_word' id='word_1_339' title='bbox 1824 2952 1935 3008; x_wconf 70' lang='grc' dir='ltr'>φη-</span> 
     </span>
    </p>
   </div>
   <div class='ocr_carea' id='block_1_54' title="bbox 282 3015 1939 3097">
    <p class='ocr_par' dir='ltr' id='par_1_54' title="bbox 282 3015 1939 3097">
     <span class='ocr_line' id='line_1_54' title="bbox 282 3015 1939 3097; baseline -0.003 -18"><span class='ocrx_word' id='word_1_340' title='bbox 282 3044 359 3079; x_wconf 84' lang='grc' dir='ltr'><strong>σιν</strong></span> <span class='ocrx_word' id='word_1_341' title='bbox 388 3023 531 3081; x_wconf 78' lang='grc' dir='ltr'>εἶναι</span> <span class='ocrx_word' id='word_1_342' title='bbox 596 3022 780 3096; x_wconf 84' lang='grc' dir='ltr'>νόμου.</span> <span class='ocrx_word' id='word_1_343' title='bbox 859 3023 1019 3083; x_wconf 79' lang='grc' dir='ltr'>Οὗτος</span> <span class='ocrx_word' id='word_1_344' title='bbox 1075 3019 1130 3076; x_wconf 78' lang='grc' dir='ltr'>δὲ</span> <span class='ocrx_word' id='word_1_345' title='bbox 1185 3019 1441 3097; x_wconf 79' lang='grc' dir='ltr'>ἁμαρτίας</span> <span class='ocrx_word' id='word_1_346' title='bbox 1499 3015 1789 3093; x_wconf 82' lang='grc' dir='ltr'>δυναμένην</span> <span class='ocrx_word' id='word_1_347' title='bbox 1845 3039 1939 3074; x_wconf 88' lang='grc' dir='ltr'>κα-</span> 
     </span>
    </p>
   </div>
   <div class='ocr_carea' id='block_1_55' title="bbox 289 3101 1936 3189">
    <p class='ocr_par' dir='ltr' id='par_1_55' title="bbox 289 3101 1936 3189">
     <span class='ocr_line' id='line_1_55' title="bbox 289 3101 1936 3189; baseline -0.003 -22"><span class='ocrx_word' id='word_1_348' title='bbox 289 3110 524 3174; x_wconf 86' lang='grc' dir='ltr'>λύπτειν,</span> <span class='ocrx_word' id='word_1_349' title='bbox 589 3101 646 3169; x_wconf 62' lang='grc' dir='ltr'>Ὀ</span> <span class='ocrx_word' id='word_1_350' title='bbox 700 3112 800 3189; x_wconf 76' lang='grc' dir='ltr'>γὰρ</span> <span class='ocrx_word' id='word_1_351' title='bbox 854 3111 925 3174; x_wconf 78' lang='grc' dir='ltr'><strong>εἰς</strong></span> <span class='ocrx_word' id='word_1_352' title='bbox 997 3110 1086 3165; x_wconf 82' lang='grc' dir='ltr'><strong>τὸν</strong></span> <span class='ocrx_word' id='word_1_353' title='bbox 1141 3107 1364 3175; x_wconf 81' lang='grc' dir='ltr'>πλησίον</span> <span class='ocrx_word' id='word_1_354' title='bbox 1420 3105 1589 3178; x_wconf 76' lang='grc' dir='ltr'>ἕλεος,</span> <span class='ocrx_word' id='word_1_355' title='bbox 1650 3107 1738 3161; x_wconf 82' lang='grc' dir='ltr'>τὸν</span> <span class='ocrx_word' id='word_1_356' title='bbox 1807 3108 1936 3162; x_wconf 83' lang='grc' dir='ltr'>Θεὸν</span> 
     </span>
    </p>
   </div>
   <div class='ocr_carea' id='block_1_56' title="bbox 280 3189 1936 3275">
    <p class='ocr_par' dir='ltr' id='par_1_56' title="bbox 280 3189 1936 3275">
     <span class='ocr_line' id='line_1_56' title="bbox 280 3189 1936 3275; baseline -0.002 -21"><span class='ocrx_word' id='word_1_357' title='bbox 280 3202 412 3275; x_wconf 72' lang='grc' dir='ltr'>ἡμῖν</span> <span class='ocrx_word' id='word_1_358' title='bbox 440 3200 613 3258; x_wconf 75' lang='grc' dir='ltr'>ἵλεων</span> <span class='ocrx_word' id='word_1_359' title='bbox 638 3213 807 3261; x_wconf 75' lang='grc' dir='ltr'>ποιεῖ.</span> <span class='ocrx_word' id='word_1_360' title='bbox 846 3189 953 3262; x_wconf 71' lang='grc' dir='ltr'><strong>ΗΟςι</strong></span> <span class='ocrx_word' id='word_1_361' title='bbox 984 3197 1132 3261; x_wconf 77' lang='grc' dir='ltr'>ἕλεος</span> <span class='ocrx_word' id='word_1_362' title='bbox 1192 3196 1287 3252; x_wconf 70' lang='grc' dir='ltr'><strong>οὒκ</strong></span> <span class='ocrx_word' id='word_1_363' title='bbox 1327 3195 1388 3251; x_wconf 83' lang='grc' dir='ltr'><strong>ἂν</strong></span> <span class='ocrx_word' id='word_1_364' title='bbox 1419 3197 1489 3261; x_wconf 79' lang='grc' dir='ltr'>εἰς</span> <span class='ocrx_word' id='word_1_365' title='bbox 1526 3193 1641 3251; x_wconf 86' lang='grc' dir='ltr'>δέον</span> <span class='ocrx_word' id='word_1_366' title='bbox 1689 3192 1936 3274; x_wconf 78' lang='grc' dir='ltr'>προϐαίη,</span> 
     </span>
    </p>
   </div>
   <div class='ocr_carea' id='block_1_57' title="bbox 278 3282 1941 3367">
    <p class='ocr_par' dir='ltr' id='par_1_57' title="bbox 278 3282 1941 3367">
     <span class='ocr_line' id='line_1_57' title="bbox 278 3282 1941 3367; baseline -0.005 -22"><span class='ocrx_word' id='word_1_367' title='bbox 278 3292 321 3345; x_wconf 74' lang='grc' dir='ltr'>εἰ</span> <span class='ocrx_word' id='word_1_368' title='bbox 360 3291 435 3365; x_wconf 77' lang='grc' dir='ltr'>μὴ</span> <span class='ocrx_word' id='word_1_369' title='bbox 467 3290 535 3347; x_wconf 70' lang='grc' dir='ltr'>ἐκ</span> <span class='ocrx_word' id='word_1_370' title='bbox 570 3288 780 3356; x_wconf 78' lang='grc' dir='ltr'>πολλῆς</span> <span class='ocrx_word' id='word_1_371' title='bbox 834 3288 1073 3367; x_wconf 80' lang='grc' dir='ltr'>ἀγάπης.</span> <span class='ocrx_word' id='word_1_372' title='bbox 1122 3287 1297 3343; x_wconf 83' lang='grc' dir='ltr'>Εἰπὼν</span> <span class='ocrx_word' id='word_1_373' title='bbox 1348 3282 1402 3340; x_wconf 80' lang='grc' dir='ltr'>δὲ</span> <span class='ocrx_word' id='word_1_374' title='bbox 1453 3283 1691 3362; x_wconf 81' lang='grc' dir='ltr'>ἀγάπην,</span> <span class='ocrx_word' id='word_1_375' title='bbox 1752 3284 1941 3362; x_wconf 71' lang='grc' dir='ltr'>ἒπάγει</span> 
     </span>
    </p>
   </div>
   <div class='ocr_carea' id='block_1_58' title="bbox 2034 2215 3680 2298">
    <p class='ocr_par' dir='ltr' id='par_1_58' title="bbox 2034 2215 3680 2298">
     <span class='ocr_line' id='line_1_58' title="bbox 2034 2215 3680 2298; baseline 0.005 -24"><span class='ocrx_word' id='word_1_376' title='bbox 2034 2233 2282 2294; x_wconf 91' lang='lat' dir='ltr'><strong>quorum</strong></span> <span class='ocrx_word' id='word_1_377' title='bbox 2316 2215 2376 2276; x_wconf 92' lang='lat' dir='ltr'><strong>hi</strong></span> <span class='ocrx_word' id='word_1_378' title='bbox 2396 2216 2635 2296; x_wconf 85' lang='lat' dir='ltr'><strong>quidem</strong></span> <span class='ocrx_word' id='word_1_379' title='bbox 2670 2219 3027 2298; x_wconf 88' lang='lat' dir='ltr'><strong>voluptatem</strong></span> <span class='ocrx_word' id='word_1_380' title='bbox 3077 2219 3283 2281; x_wconf 84' lang='lat' dir='ltr'><strong>dicunt</strong></span> <span class='ocrx_word' id='word_1_381' title='bbox 3312 2238 3444 2281; x_wconf 91' lang='lat' dir='ltr'><strong>esse</strong></span> <span class='ocrx_word' id='word_1_382' title='bbox 3476 2221 3680 2297; x_wconf 90' lang='lat' dir='ltr'><strong>ﬁnem,</strong></span> 
     </span>
    </p>
   </div>
   <div class='ocr_carea' id='block_1_59' title="bbox 2033 2304 3690 2389">
    <p class='ocr_par' dir='ltr' id='par_1_59' title="bbox 2033 2304 3690 2389">
     <span class='ocr_line' id='line_1_59' title="bbox 2033 2304 3690 2389; baseline 0.007 -30"><span class='ocrx_word' id='word_1_383' title='bbox 2033 2304 2210 2365; x_wconf 87' lang='lat' dir='ltr'><strong>veluti</strong></span> <span class='ocrx_word' id='word_1_384' title='bbox 2243 2305 2558 2385; x_wconf 76' lang='lat' dir='ltr'><strong>Epicurus,</strong></span> <span class='ocrx_word' id='word_1_385' title='bbox 2590 2306 2688 2367; x_wconf 83' lang='lat' dir='ltr'><strong>alii</strong></span> <span class='ocrx_word' id='word_1_386' title='bbox 2714 2326 2851 2367; x_wconf 89' lang='lat' dir='ltr'><strong>vero</strong></span> <span class='ocrx_word' id='word_1_387' title='bbox 2880 2310 3233 2389; x_wconf 82' lang='lat' dir='ltr'><strong>sapientiam</strong></span> <span class='ocrx_word' id='word_1_388' title='bbox 3266 2309 3389 2370; x_wconf 87' lang='lat' dir='ltr'><strong>sive</strong></span> <span class='ocrx_word' id='word_1_389' title='bbox 3421 2320 3690 2372; x_wconf 89' lang='lat' dir='ltr'><strong>contem-</strong></span> 
     </span>
    </p>
   </div>
   <div class='ocr_carea' id='block_1_60' title="bbox 2032 2392 3683 2480">
    <p class='ocr_par' dir='ltr' id='par_1_60' title="bbox 2032 2392 3683 2480">
     <span class='ocr_line' id='line_1_60' title="bbox 2032 2392 3683 2480; baseline 0.006 -28"><span class='ocrx_word' id='word_1_390' title='bbox 2032 2392 2350 2472; x_wconf 89' lang='lat' dir='ltr'><strong>plationem</strong></span> <span class='ocrx_word' id='word_1_391' title='bbox 2378 2402 2477 2454; x_wconf 89' lang='lat' dir='ltr'><strong>aut</strong></span> <span class='ocrx_word' id='word_1_392' title='bbox 2506 2395 3305 2479; x_wconf 84' lang='lat' dir='ltr'><strong>virtutem.Quandoquidem</strong></span> <span class='ocrx_word' id='word_1_393' title='bbox 3335 2398 3511 2477; x_wconf 88' lang='lat' dir='ltr'><strong>igitur</strong></span> <span class='ocrx_word' id='word_1_394' title='bbox 3541 2417 3683 2480; x_wconf 87' lang='lat' dir='ltr'><strong>per-</strong></span> 
     </span>
    </p>
   </div>
   <div class='ocr_carea' id='block_1_61' title="bbox 2031 2482 3685 2569">
    <p class='ocr_par' dir='ltr' id='par_1_61' title="bbox 2031 2482 3685 2569">
     <span class='ocr_line' id='line_1_61' title="bbox 2031 2482 3685 2569; baseline 0.005 -27"><span class='ocrx_word' id='word_1_395' title='bbox 2031 2482 2201 2543; x_wconf 81' lang='lat' dir='ltr'><strong>fectio</strong></span> <span class='ocrx_word' id='word_1_396' title='bbox 2227 2482 2491 2544; x_wconf 90' lang='lat' dir='ltr'><strong>omnium</strong></span> <span class='ocrx_word' id='word_1_397' title='bbox 2526 2485 2802 2548; x_wconf 87' lang='lat' dir='ltr'><strong>Christus</strong></span> <span class='ocrx_word' id='word_1_398' title='bbox 2824 2486 3084 2561; x_wconf 89' lang='lat' dir='ltr'><strong>advenit,</strong></span> <span class='ocrx_word' id='word_1_399' title='bbox 3133 2487 3246 2567; x_wconf 90' lang='lat' dir='ltr'><strong>ipsi</strong></span> <span class='ocrx_word' id='word_1_400' title='bbox 3295 2507 3554 2569; x_wconf 87' lang='lat' dir='ltr'><strong>quoque,</strong></span> <span class='ocrx_word' id='word_1_401' title='bbox 3586 2488 3685 2549; x_wconf 91' lang='lat' dir='ltr'><strong>in-</strong></span> 
     </span>
    </p>
   </div>
   <div class='ocr_carea' id='block_1_62' title="bbox 2018 2571 3687 2657">
    <p class='ocr_par' dir='ltr' id='par_1_62' title="bbox 2018 2571 3687 2657">
     <span class='ocr_line' id='line_1_62' title="bbox 2018 2571 3687 2657; baseline 0.005 -27"><span class='ocrx_word' id='word_1_402' title='bbox 2018 2571 2165 2650; x_wconf 88' lang='lat' dir='ltr'><strong>quit,</strong></span> <span class='ocrx_word' id='word_1_403' title='bbox 2193 2571 2329 2631; x_wconf 89' lang='lat' dir='ltr'><strong>huic</strong></span> <span class='ocrx_word' id='word_1_404' title='bbox 2352 2572 2724 2651; x_wconf 84' lang='lat' dir='ltr'><strong>perfectioni</strong></span> <span class='ocrx_word' id='word_1_405' title='bbox 2743 2574 3086 2636; x_wconf 85' lang='lat' dir='ltr'><strong>conformes</strong></span> <span class='ocrx_word' id='word_1_406' title='bbox 3113 2575 3333 2657; x_wconf 71' lang='lat' dir='ltr'><strong>effecti,</strong></span> <span class='ocrx_word' id='word_1_407' title='bbox 3396 2594 3498 2637; x_wconf 90' lang='lat' dir='ltr'><strong>vos</strong></span> <span class='ocrx_word' id='word_1_408' title='bbox 3525 2576 3687 2657; x_wconf 87' lang='lat' dir='ltr'><strong>ipsos</strong></span> 
     </span>
    </p>
   </div>
   <div class='ocr_carea' id='block_1_63' title="bbox 2018 2660 3681 2743">
    <p class='ocr_par' dir='ltr' id='par_1_63' title="bbox 2018 2660 3681 2743">
     <span class='ocr_line' id='line_1_63' title="bbox 2018 2660 3681 2743; baseline 0.005 -23"><span class='ocrx_word' id='word_1_409' title='bbox 2018 2661 2080 2721; x_wconf 91' lang='lat' dir='ltr'><strong>in</strong></span> <span class='ocrx_word' id='word_1_410' title='bbox 2110 2660 2385 2721; x_wconf 88' lang='lat' dir='ltr'><strong>omnibus</strong></span> <span class='ocrx_word' id='word_1_411' title='bbox 2415 2660 2639 2743; x_wconf 89' lang='lat' dir='ltr'><strong>absque</strong></span> <span class='ocrx_word' id='word_1_412' title='bbox 2661 2662 2894 2724; x_wconf 85' lang='lat' dir='ltr'><strong>defectu</strong></span> <span class='ocrx_word' id='word_1_413' title='bbox 2907 2664 3187 2726; x_wconf 87' lang='lat' dir='ltr'><strong>exhibete</strong></span> <span class='ocrx_word' id='word_1_414' title='bbox 3234 2665 3297 2726; x_wconf 89' lang='lat' dir='ltr'><strong>in</strong></span> <span class='ocrx_word' id='word_1_415' title='bbox 3338 2664 3681 2742; x_wconf 87' lang='lat' dir='ltr'><strong>sobrietate,</strong></span> 
     </span>
    </p>
   </div>
   <div class='ocr_carea' id='block_1_64' title="bbox 2019 2749 3678 2837">
    <p class='ocr_par' dir='ltr' id='par_1_64' title="bbox 2019 2749 3678 2837">
     <span class='ocr_line' id='line_1_64' title="bbox 2019 2749 3678 2837; baseline 0.006 -28"><span class='ocrx_word' id='word_1_416' title='bbox 2019 2749 2080 2809; x_wconf 90' lang='lat' dir='ltr'><strong>in</strong></span> <span class='ocrx_word' id='word_1_417' title='bbox 2111 2749 2306 2827; x_wconf 73' lang='lat' dir='ltr'><strong>vigilia</strong></span> <span class='ocrx_word' id='word_1_418' title='bbox 2331 2750 2405 2812; x_wconf 89' lang='lat' dir='ltr'><strong>ad</strong></span> <span class='ocrx_word' id='word_1_419' title='bbox 2430 2751 2805 2830; x_wconf 85' lang='lat' dir='ltr'><strong>precationes</strong></span> <span class='ocrx_word' id='word_1_420' title='bbox 2827 2752 3186 2834; x_wconf 87' lang='lat' dir='ltr'><strong>(sobriorum</strong></span> <span class='ocrx_word' id='word_1_421' title='bbox 3214 2754 3376 2816; x_wconf 90' lang='lat' dir='ltr'><strong>enim</strong></span> <span class='ocrx_word' id='word_1_422' title='bbox 3403 2762 3493 2817; x_wconf 88' lang='lat' dir='ltr'><strong>est</strong></span> <span class='ocrx_word' id='word_1_423' title='bbox 3537 2771 3678 2837; x_wconf 90' lang='lat' dir='ltr'><strong>pre-</strong></span> 
     </span>
    </p>
   </div>
   <div class='ocr_carea' id='block_1_65' title="bbox 2022 2838 3680 2925">
    <p class='ocr_par' dir='ltr' id='par_1_65' title="bbox 2022 2838 3680 2925">
     <span class='ocr_line' id='line_1_65' title="bbox 2022 2838 3680 2925; baseline 0.005 -25"><span class='ocrx_word' id='word_1_424' title='bbox 2022 2838 2171 2900; x_wconf 86' lang='lat' dir='ltr'><strong>catio</strong></span> <span class='ocrx_word' id='word_1_425' title='bbox 2193 2840 2318 2900; x_wconf 89' lang='lat' dir='ltr'><strong>sive</strong></span> <span class='ocrx_word' id='word_1_426' title='bbox 2337 2839 2922 2919; x_wconf 88' lang='lat' dir='ltr'><strong>vigilantium,etnon</strong></span> <span class='ocrx_word' id='word_1_427' title='bbox 2944 2861 3147 2905; x_wconf 88' lang='lat' dir='ltr'><strong>eorum</strong></span> <span class='ocrx_word' id='word_1_428' title='bbox 3173 2843 3274 2925; x_wconf 90' lang='lat' dir='ltr'><strong>qui</strong></span> <span class='ocrx_word' id='word_1_429' title='bbox 3297 2844 3543 2924; x_wconf 88' lang='lat' dir='ltr'><strong>crapula</strong></span> <span class='ocrx_word' id='word_1_430' title='bbox 3567 2845 3680 2907; x_wconf 90' lang='lat' dir='ltr'><strong>de-</strong></span> 
     </span>
    </p>
   </div>
   <div class='ocr_carea' id='block_1_66' title="bbox 2021 2928 3680 3010">
    <p class='ocr_par' dir='ltr' id='par_1_66' title="bbox 2021 2928 3680 3010">
     <span class='ocr_line' id='line_1_66' title="bbox 2021 2928 3680 3010; baseline 0.003 -20"><span class='ocrx_word' id='word_1_431' title='bbox 2021 2928 2288 2990; x_wconf 90' lang='lat' dir='ltr'><strong>tinentur</strong></span> <span class='ocrx_word' id='word_1_432' title='bbox 2315 2948 2383 2991; x_wconf 85' lang='lat' dir='ltr'><strong>ex</strong></span> <span class='ocrx_word' id='word_1_433' title='bbox 2406 2929 2693 2992; x_wconf 88' lang='lat' dir='ltr'><strong>ebrietate</strong></span> <span class='ocrx_word' id='word_1_434' title='bbox 2722 2950 2923 2993; x_wconf 91' lang='lat' dir='ltr'><strong>rerum</strong></span> <span class='ocrx_word' id='word_1_435' title='bbox 2956 2932 3503 3010; x_wconf 81' lang='lat' dir='ltr'><strong>mundanamm),in</strong></span> <span class='ocrx_word' id='word_1_436' title='bbox 3528 2934 3680 2997; x_wconf 88' lang='lat' dir='ltr'><strong>cha-</strong></span> 
     </span>
    </p>
   </div>
   <div class='ocr_carea' id='block_1_67' title="bbox 2018 3019 3686 3094">
    <p class='ocr_par' dir='ltr' id='par_1_67' title="bbox 2018 3019 3686 3094">
     <span class='ocr_line' id='line_1_67' title="bbox 2018 3019 3686 3094; baseline 0.004 -16"><span class='ocrx_word' id='word_1_437' title='bbox 2018 3019 2190 3079; x_wconf 88' lang='lat' dir='ltr'><strong>ritate</strong></span> <span class='ocrx_word' id='word_1_438' title='bbox 2221 3036 2359 3094; x_wconf 89' lang='lat' dir='ltr'><strong>erga</strong></span> <span class='ocrx_word' id='word_1_439' title='bbox 2389 3037 2487 3081; x_wconf 92' lang='lat' dir='ltr'><strong>vos</strong></span> <span class='ocrx_word' id='word_1_440' title='bbox 2520 3020 2798 3082; x_wconf 89' lang='lat' dir='ltr'><strong>invicem.</strong></span> <span class='ocrx_word' id='word_1_441' title='bbox 2830 3019 2998 3082; x_wconf 85' lang='lat' dir='ltr'><strong>Hanc</strong></span> <span class='ocrx_word' id='word_1_442' title='bbox 3028 3031 3224 3083; x_wconf 88' lang='lat' dir='ltr'><strong>autem</strong></span> <span class='ocrx_word' id='word_1_443' title='bbox 3256 3022 3476 3084; x_wconf 89' lang='lat' dir='ltr'><strong>Paulus</strong></span> <span class='ocrx_word' id='word_1_444' title='bbox 3536 3022 3686 3085; x_wconf 90' lang='lat' dir='ltr'><strong>dicit</strong></span> 
     </span>
    </p>
   </div>
   <div class='ocr_carea' id='block_1_68' title="bbox 2019 3106 3683 3193">
    <p class='ocr_par' dir='ltr' id='par_1_68' title="bbox 2019 3106 3683 3193">
     <span class='ocr_line' id='line_1_68' title="bbox 2019 3106 3683 3193; baseline 0.004 -27"><span class='ocrx_word' id='word_1_445' title='bbox 2019 3125 2154 3168; x_wconf 77' lang='lat' dir='ltr'><strong>esse</strong></span> <span class='ocrx_word' id='word_1_446' title='bbox 2228 3106 2377 3185; x_wconf 81' lang='lat' dir='ltr'><strong>legis</strong></span> <span class='ocrx_word' id='word_1_447' title='bbox 2431 3109 2958 3172; x_wconf 87' lang='lat' dir='ltr'><strong>commutationem</strong></span> <span class='ocrx_word' id='word_1_448' title='bbox 2978 3109 3088 3170; x_wconf 79' lang='lat'><strong>67:</strong></span> <span class='ocrx_word' id='word_1_449' title='bbox 3174 3110 3274 3172; x_wconf 90' lang='lat' dir='ltr'><strong>hic</strong></span> <span class='ocrx_word' id='word_1_450' title='bbox 3330 3129 3470 3173; x_wconf 89' lang='lat' dir='ltr'><strong>vero</strong></span> <span class='ocrx_word' id='word_1_451' title='bbox 3521 3111 3683 3193; x_wconf 88' lang='lat' dir='ltr'><strong>quod</strong></span> 
     </span>
    </p>
   </div>
   <div class='ocr_carea' id='block_1_69' title="bbox 2027 3196 3679 3280">
    <p class='ocr_par' dir='ltr' id='par_1_69' title="bbox 2027 3196 3679 3280">
     <span class='ocr_line' id='line_1_69' title="bbox 2027 3196 3679 3280; baseline 0.002 -24"><span class='ocrx_word' id='word_1_452' title='bbox 2027 3203 2268 3274; x_wconf 81' lang='lat' dir='ltr'><strong>peccata</strong></span> <span class='ocrx_word' id='word_1_453' title='bbox 2286 3196 2474 3276; x_wconf 90' lang='lat' dir='ltr'><strong>possit</strong></span> <span class='ocrx_word' id='word_1_454' title='bbox 2491 3197 2810 3278; x_wconf 89' lang='lat' dir='ltr'><strong>operire.N</strong></span> <span class='ocrx_word' id='word_1_455' title='bbox 2815 3218 2908 3260; x_wconf 90' lang='lat' dir='ltr'><strong>am</strong></span> <span class='ocrx_word' id='word_1_456' title='bbox 2934 3198 3348 3261; x_wconf 89' lang='lat' dir='ltr'><strong>misericordia</strong></span> <span class='ocrx_word' id='word_1_457' title='bbox 3370 3218 3513 3280; x_wconf 80' lang='lat' dir='ltr'><strong>erga</strong></span> <span class='ocrx_word' id='word_1_458' title='bbox 3534 3218 3679 3280; x_wconf 81' lang='lat' dir='ltr'><strong>pro-</strong></span> 
     </span>
    </p>
   </div>
   <div class='ocr_carea' id='block_1_70' title="bbox 2024 3284 3678 3363">
    <p class='ocr_par' dir='ltr' id='par_1_70' title="bbox 2024 3284 3678 3363">
     <span class='ocr_line' id='line_1_70' title="bbox 2024 3284 3678 3363; baseline 0.004 -18"><span class='ocrx_word' id='word_1_459' title='bbox 2024 3285 2273 3353; x_wconf 83' lang='lat' dir='ltr'><strong>ximum,</strong></span> <span class='ocrx_word' id='word_1_460' title='bbox 2296 3284 2483 3346; x_wconf 90' lang='lat' dir='ltr'><strong>Deum</strong></span> <span class='ocrx_word' id='word_1_461' title='bbox 2502 3286 2699 3348; x_wconf 91' lang='lat' dir='ltr'><strong>reddit</strong></span> <span class='ocrx_word' id='word_1_462' title='bbox 2720 3288 2893 3350; x_wconf 91' lang='lat' dir='ltr'><strong>nobis</strong></span> <span class='ocrx_word' id='word_1_463' title='bbox 2914 3288 3542 3363; x_wconf 66' lang='lat' dir='ltr'><strong>misericordemQuee</strong></span> <span class='ocrx_word' id='word_1_464' title='bbox 3558 3288 3678 3351; x_wconf 91' lang='lat' dir='ltr'><strong>mi-</strong></span> 
     </span>
    </p>
   </div>
   <div class='ocr_carea' id='block_1_71' title="bbox 272 3370 1933 3459">
    <p class='ocr_par' dir='ltr' id='par_1_71' title="bbox 272 3370 1933 3456">
     <span class='ocr_line' id='line_1_71' title="bbox 272 3370 1933 3456; baseline -0.004 -23"><span class='ocrx_word' id='word_1_465' title='bbox 272 3380 353 3435; x_wconf 82' lang='grc' dir='ltr'><strong>καὶ</strong></span> <span class='ocrx_word' id='word_1_466' title='bbox 380 3381 446 3436; x_wconf 76' lang='grc' dir='ltr'><strong>τὰ</strong></span> <span class='ocrx_word' id='word_1_467' title='bbox 467 3386 544 3456; x_wconf 74' lang='grc' dir='ltr'><strong>τῇ</strong></span> <span class='ocrx_word' id='word_1_468' title='bbox 603 3378 786 3456; x_wconf 70' lang='grc' dir='ltr'>ἀγάπῃ</span> <span class='ocrx_word' id='word_1_469' title='bbox 845 3376 1318 3449; x_wconf 82' lang='grc' dir='ltr'>ἐπακολουθοῦντα,</span> <span class='ocrx_word' id='word_1_470' title='bbox 1379 3375 1479 3442; x_wconf 82' lang='grc' dir='ltr'>τὴν</span> <span class='ocrx_word' id='word_1_471' title='bbox 1545 3370 1841 3453; x_wconf 77' lang='grc' dir='ltr'>φιλοξενίαν</span> <span class='ocrx_word' id='word_1_472' title='bbox 1872 3374 1933 3441; x_wconf 72' lang='grc' dir='ltr'>ἢν</span> 
     </span>
    </p>
   </div>
   <div class='ocr_carea' id='block_1_72' title="bbox 2030 3370 3684 3459">
    <p class='ocr_par' dir='ltr' id='par_1_72' title="bbox 2030 3374 3684 3459">
     <span class='ocr_line' id='line_1_72' title="bbox 2030 3374 3684 3459; baseline 0.004 -24"><span class='ocrx_word' id='word_1_473' title='bbox 2030 3374 2351 3435; x_wconf 89' lang='lat' dir='ltr'><strong>sericordia</strong></span> <span class='ocrx_word' id='word_1_474' title='bbox 2375 3393 2673 3456; x_wconf 88' lang='lat' dir='ltr'><strong>nunquam</strong></span> <span class='ocrx_word' id='word_1_475' title='bbox 2699 3376 2767 3437; x_wconf 91' lang='lat' dir='ltr'><strong>ad</strong></span> <span class='ocrx_word' id='word_1_476' title='bbox 2793 3377 2854 3438; x_wconf 90' lang='lat' dir='ltr'><strong>id</strong></span> <span class='ocrx_word' id='word_1_477' title='bbox 2878 3377 3033 3457; x_wconf 92' lang='lat' dir='ltr'><strong>quod</strong></span> <span class='ocrx_word' id='word_1_478' title='bbox 3058 3396 3292 3459; x_wconf 61' lang='lat' dir='ltr'><strong>mquum</strong></span> <span class='ocrx_word' id='word_1_479' title='bbox 3338 3387 3430 3441; x_wconf 91' lang='lat' dir='ltr'><strong>est</strong></span> <span class='ocrx_word' id='word_1_480' title='bbox 3476 3397 3684 3459; x_wconf 89' lang='lat' dir='ltr'><strong>proce-</strong></span> 
     </span>
    </p>
   </div>
   <div class='ocr_carea' id='block_1_73' title="bbox 274 3463 1293 3547">
    <p class='ocr_par' dir='ltr' id='par_1_73' title="bbox 274 3463 1293 3547">
     <span class='ocr_line' id='line_1_73' title="bbox 274 3463 1293 3547; baseline -0.005 -22"><span class='ocrx_word' id='word_1_481' title='bbox 274 3465 386 3525; x_wconf 65' lang='grc' dir='ltr'>ἄνευ</span> <span class='ocrx_word' id='word_1_482' title='bbox 415 3469 752 3547; x_wconf 75' lang='grc' dir='ltr'>γογγυσμιῦν</span> <span class='ocrx_word' id='word_1_483' title='bbox 797 3465 1039 3522; x_wconf 70' lang='grc' dir='ltr'>ἐκτελεῖν</span> <span class='ocrx_word' id='word_1_484' title='bbox 1068 3463 1293 3525; x_wconf 88' lang='grc' dir='ltr'>κελεύει.</span> 
     </span>
    </p>
   </div>
   <div class='ocr_carea' id='block_1_74' title="bbox 2028 3463 3679 3538">
    <p class='ocr_par' dir='ltr' id='par_1_74' title="bbox 2028 3463 3679 3538">
     <span class='ocr_line' id='line_1_74' title="bbox 2028 3463 3679 3538; baseline 0.002 -12"><span class='ocrx_word' id='word_1_485' title='bbox 2028 3466 2219 3538; x_wconf 86' lang='lat' dir='ltr'><strong>deret,</strong></span> <span class='ocrx_word' id='word_1_486' title='bbox 2254 3463 2370 3525; x_wconf 90' lang='lat' dir='ltr'><strong>nisi</strong></span> <span class='ocrx_word' id='word_1_487' title='bbox 2400 3483 2469 3526; x_wconf 88' lang='lat' dir='ltr'><strong>ex</strong></span> <span class='ocrx_word' id='word_1_488' title='bbox 2497 3466 2685 3529; x_wconf 88' lang='lat' dir='ltr'><strong>multa</strong></span> <span class='ocrx_word' id='word_1_489' title='bbox 2714 3467 3039 3530; x_wconf 87' lang='lat' dir='ltr'><strong>dilectione</strong></span> <span class='ocrx_word' id='word_1_490' title='bbox 3069 3470 3199 3529; x_wconf 89' lang='lat' dir='ltr'><strong>sine</strong></span> <span class='ocrx_word' id='word_1_491' title='bbox 3230 3468 3536 3531; x_wconf 84' lang='lat' dir='ltr'><strong>charitate.</strong></span> <span class='ocrx_word' id='word_1_492' title='bbox 3562 3464 3679 3530; x_wconf 91' lang='lat' dir='ltr'><strong>Ubi</strong></span> 
     </span>
    </p>
   </div>
   <div class='ocr_carea' id='block_1_75' title="bbox 276 3549 3683 3640">
    <p class='ocr_par' dir='ltr' id='par_1_75' title="bbox 276 3549 3683 3640">
     <span class='ocr_line' id='line_1_75' title="bbox 276 3549 3683 3640; baseline 0.002 -26"><span class='ocrx_word' id='word_1_493' title='bbox 276 3564 462 3617; x_wconf 88' lang='lat' dir='ltr'><strong>autem</strong></span> <span class='ocrx_word' id='word_1_494' title='bbox 485 3554 851 3618; x_wconf 84' lang='lat' dir='ltr'><strong>charitatem</strong></span> <span class='ocrx_word' id='word_1_495' title='bbox 886 3553 1058 3635; x_wconf 83' lang='lat' dir='ltr'><strong>dixit,</strong></span> <span class='ocrx_word' id='word_1_496' title='bbox 1091 3549 1564 3640; x_wconf 72' lang='lat' dir='ltr'><strong>5|9subjungit</strong></span> <span class='ocrx_word' id='word_1_497' title='bbox 1593 3556 1651 3613; x_wconf 91' lang='lat' dir='ltr'><strong>et</strong></span> <span class='ocrx_word' id='word_1_498' title='bbox 1684 3567 1751 3611; x_wconf 89' lang='lat' dir='ltr'><strong>ea</strong></span> <span class='ocrx_word' id='word_1_499' title='bbox 1776 3569 1908 3631; x_wconf 82' lang='lat' dir='ltr'><strong>quae</strong></span> <span class='ocrx_word' id='word_1_500' title='bbox 1931 3554 2283 3616; x_wconf 81' lang='lat' dir='ltr'><strong>charitatem</strong></span> <span class='ocrx_word' id='word_1_501' title='bbox 2314 3554 2699 3631; x_wconf 83' lang='lat' dir='ltr'><strong>comitantur,</strong></span> <span class='ocrx_word' id='word_1_502' title='bbox 2735 3574 2955 3637; x_wconf 90' lang='lat' dir='ltr'><strong>nempe</strong></span> <span class='ocrx_word' id='word_1_503' title='bbox 2985 3557 3471 3640; x_wconf 88' lang='lat' dir='ltr'><strong>hospitalitatem,</strong></span> <span class='ocrx_word' id='word_1_504' title='bbox 3506 3575 3683 3640; x_wconf 88' lang='lat' dir='ltr'><strong>quam</strong></span> 
     </span>
    </p>
   </div>
   <div class='ocr_carea' id='block_1_76' title="bbox 275 3639 2572 3720">
    <p class='ocr_par' dir='ltr' id='par_1_76' title="bbox 275 3639 2572 3720">
     <span class='ocr_line' id='line_1_76' title="bbox 275 3639 2572 3720; baseline 0.001 -17"><span class='ocrx_word' id='word_1_505' title='bbox 275 3642 397 3706; x_wconf 88' lang='lat' dir='ltr'><strong>sine</strong></span> <span class='ocrx_word' id='word_1_506' title='bbox 430 3641 1026 3707; x_wconf 82' lang='lat' dir='ltr'><strong>murmurationibus</strong></span> <span class='ocrx_word' id='word_1_507' title='bbox 1059 3640 1331 3704; x_wconf 83' lang='lat' dir='ltr'><strong>exhiberi</strong></span> <span class='ocrx_word' id='word_1_508' title='bbox 1355 3639 1530 3720; x_wconf 83' lang='lat' dir='ltr'><strong>jubet</strong></span> <span class='ocrx_word' id='word_1_509' title='bbox 1562 3659 1578 3720; x_wconf 88' lang='lat'><strong>;</strong></span> <span class='ocrx_word' id='word_1_510' title='bbox 1624 3657 1756 3701; x_wconf 90' lang='lat' dir='ltr'><strong>nam</strong></span> <span class='ocrx_word' id='word_1_511' title='bbox 1794 3640 1905 3701; x_wconf 89' lang='lat' dir='ltr'><strong>hoc</strong></span> <span class='ocrx_word' id='word_1_512' title='bbox 1936 3661 2089 3706; x_wconf 73' lang='lat' dir='ltr'><strong>verae</strong></span> <span class='ocrx_word' id='word_1_513' title='bbox 2124 3642 2433 3706; x_wconf 89' lang='lat' dir='ltr'><strong>charitatis</strong></span> <span class='ocrx_word' id='word_1_514' title='bbox 2462 3651 2572 3705; x_wconf 89' lang='lat' dir='ltr'><strong>est.</strong></span> 
     </span>
    </p>
   </div>
   <div class='ocr_carea' id='block_1_77' title="bbox 349 3728 1926 3812">
    <p class='ocr_par' dir='ltr' id='par_1_77' title="bbox 349 3728 1926 3812">
     <span class='ocr_line' id='line_1_77' title="bbox 349 3728 1926 3812; baseline -0.004 -19"><span class='ocrx_word' id='word_1_515' title='bbox 349 3742 513 3793; x_wconf 83' lang='grc' dir='ltr'>Τοῦτο</span> <span class='ocrx_word' id='word_1_516' title='bbox 582 3735 684 3812; x_wconf 75' lang='grc' dir='ltr'><strong>γὰρ</strong></span> <span class='ocrx_word' id='word_1_517' title='bbox 742 3733 842 3800; x_wconf 74' lang='grc' dir='ltr'><strong>τῆς</strong></span> <span class='ocrx_word' id='word_1_518' title='bbox 897 3731 1119 3801; x_wconf 74' lang='grc' dir='ltr'>ἀληθοῦς</span> <span class='ocrx_word' id='word_1_519' title='bbox 1178 3731 1417 3810; x_wconf 81' lang='grc' dir='ltr'>ἀγάπης.</span> <span class='ocrx_word' id='word_1_520' title='bbox 1478 3728 1644 3788; x_wconf 78' lang='grc' dir='ltr'>Ἀλλὰ</span> <span class='ocrx_word' id='word_1_521' title='bbox 1693 3731 1780 3786; x_wconf 84' lang='grc' dir='ltr'><strong>καὶ</strong></span> <span class='ocrx_word' id='word_1_522' title='bbox 1822 3732 1926 3787; x_wconf 78' lang='grc' dir='ltr'><strong>τῶν</strong></span> 
     </span>
    </p>
   </div>
   <div class='ocr_carea' id='block_1_78' title="bbox 282 3818 1934 3903">
    <p class='ocr_par' dir='ltr' id='par_1_78' title="bbox 282 3818 1934 3903">
     <span class='ocr_line' id='line_1_78' title="bbox 282 3818 1934 3903; baseline -0.001 -25"><span class='ocrx_word' id='word_1_523' title='bbox 282 3824 681 3901; x_wconf 72' lang='grc' dir='ltr'>εὖπορουμένων</span> <span class='ocrx_word' id='word_1_524' title='bbox 762 3823 970 3895; x_wconf 76' lang='grc' dir='ltr'>ἑκάστῳ</span> <span class='ocrx_word' id='word_1_525' title='bbox 1050 3821 1401 3903; x_wconf 82' lang='grc' dir='ltr'>χαρισμάτων</span> <span class='ocrx_word' id='word_1_526' title='bbox 1482 3826 1559 3895; x_wconf 85' lang='grc' dir='ltr'>τῷ</span> <span class='ocrx_word' id='word_1_527' title='bbox 1630 3819 1706 3894; x_wconf 78' lang='grc' dir='ltr'>μὴ</span> <span class='ocrx_word' id='word_1_528' title='bbox 1752 3818 1934 3899; x_wconf 73' lang='grc' dir='ltr'>ἔχοντι</span> 
     </span>
    </p>
   </div>
   <div class='ocr_carea' id='block_1_79' title="bbox 284 3906 1934 3992">
    <p class='ocr_par' dir='ltr' id='par_1_79' title="bbox 284 3906 1934 3992">
     <span class='ocr_line' id='line_1_79' title="bbox 284 3906 1934 3992; baseline -0.001 -26"><span class='ocrx_word' id='word_1_529' title='bbox 284 3909 485 3992; x_wconf 74' lang='grc' dir='ltr'>ἂδελφῷ</span> <span class='ocrx_word' id='word_1_530' title='bbox 513 3924 825 3992; x_wconf 71' lang='grc' dir='ltr'>κοινωνεῖν,</span> <span class='ocrx_word' id='word_1_531' title='bbox 862 3915 1015 3989; x_wconf 78' lang='grc' dir='ltr'>Οἶον,</span> <span class='ocrx_word' id='word_1_532' title='bbox 1081 3914 1110 3967; x_wconf 83' lang='grc' dir='ltr'>ὁ</span> <span class='ocrx_word' id='word_1_533' title='bbox 1152 3909 1310 3988; x_wconf 87' lang='grc' dir='ltr'>λόγον</span> <span class='ocrx_word' id='word_1_534' title='bbox 1370 3907 1515 3989; x_wconf 83' lang='grc' dir='ltr'>’έχων</span> <span class='ocrx_word' id='word_1_535' title='bbox 1565 3906 1934 3965; x_wconf 80' lang='grc' dir='ltr'>διδασκαλικὸν</span> 
     </span>
    </p>
   </div>
   <div class='ocr_carea' id='block_1_80' title="bbox 282 3991 1933 4081">
    <p class='ocr_par' dir='ltr' id='par_1_80' title="bbox 282 3991 1933 4081">
     <span class='ocr_line' id='line_1_80' title="bbox 282 3991 1933 4081; baseline -0.002 -26"><span class='ocrx_word' id='word_1_536' title='bbox 282 3991 446 4070; x_wconf 67' lang='grc' dir='ltr'>(τοῦιο</span> <span class='ocrx_word' id='word_1_537' title='bbox 473 4003 603 4081; x_wconf 80' lang='grc' dir='ltr'>γὰρ,</span> <span class='ocrx_word' id='word_1_538' title='bbox 640 4002 726 4073; x_wconf 82' lang='grc' dir='ltr'>τὸ,</span> <span class='ocrx_word' id='word_1_539' title='bbox 768 3991 873 4081; x_wconf 64' lang='grc' dir='ltr'>Ὠς</span> <span class='ocrx_word' id='word_1_540' title='bbox 891 3998 1048 4078; x_wconf 87' lang='grc' dir='ltr'>λόγια</span> <span class='ocrx_word' id='word_1_541' title='bbox 1078 4006 1210 4056; x_wconf 88' lang='grc' dir='ltr'>Θεοῦ</span> <span class='ocrx_word' id='word_1_542' title='bbox 1258 3996 1496 4074; x_wconf 88' lang='grc' dir='ltr'>βούλεται</span> <span class='ocrx_word' id='word_1_543' title='bbox 1554 3995 1797 4077; x_wconf 86' lang='grc' dir='ltr'>δηλοῦν,)</span> <span class='ocrx_word' id='word_1_544' title='bbox 1856 4004 1933 4072; x_wconf 83' lang='grc' dir='ltr'>τῷ</span> 
     </span>
    </p>
   </div>
   <div class='ocr_carea' id='block_1_81' title="bbox 2102 3732 3685 3816">
    <p class='ocr_par' dir='ltr' id='par_1_81' title="bbox 2102 3732 3685 3816">
     <span class='ocr_line' id='line_1_81' title="bbox 2102 3732 3685 3816; baseline 0.001 -20"><span class='ocrx_word' id='word_1_545' title='bbox 2102 3734 2219 3796; x_wconf 89' lang='lat' dir='ltr'><strong>Sed</strong></span> <span class='ocrx_word' id='word_1_546' title='bbox 2246 3740 2303 3793; x_wconf 86' lang='lat' dir='ltr'><strong>et</strong></span> <span class='ocrx_word' id='word_1_547' title='bbox 2333 3732 2407 3793; x_wconf 90' lang='lat' dir='ltr'><strong>de</strong></span> <span class='ocrx_word' id='word_1_548' title='bbox 2427 3732 2520 3793; x_wconf 90' lang='lat' dir='ltr'><strong>his</strong></span> <span class='ocrx_word' id='word_1_549' title='bbox 2550 3752 2684 3813; x_wconf 64' lang='lat' dir='ltr'><strong>quae</strong></span> <span class='ocrx_word' id='word_1_550' title='bbox 2736 3734 2954 3815; x_wconf 90' lang='lat' dir='ltr'><strong>cuique</strong></span> <span class='ocrx_word' id='word_1_551' title='bbox 3005 3742 3328 3816; x_wconf 88' lang='lat' dir='ltr'><strong>suppetunt</strong></span> <span class='ocrx_word' id='word_1_552' title='bbox 3361 3734 3556 3811; x_wconf 90' lang='lat' dir='ltr'><strong>donis,</strong></span> <span class='ocrx_word' id='word_1_553' title='bbox 3618 3740 3685 3797; x_wconf 90' lang='lat' dir='ltr'><strong>ut</strong></span> 
     </span>
    </p>
   </div>
   <div class='ocr_carea' id='block_1_82' title="bbox 2017 3819 3684 3904">
    <p class='ocr_par' dir='ltr' id='par_1_82' title="bbox 2017 3819 3684 3904">
     <span class='ocr_line' id='line_1_82' title="bbox 2017 3819 3684 3904; baseline 0.002 -22"><span class='ocrx_word' id='word_1_554' title='bbox 2017 3821 2183 3884; x_wconf 85' lang='lat' dir='ltr'><strong>fratri</strong></span> <span class='ocrx_word' id='word_1_555' title='bbox 2216 3839 2331 3885; x_wconf 89' lang='lat' dir='ltr'><strong>non</strong></span> <span class='ocrx_word' id='word_1_556' title='bbox 2355 3819 2597 3882; x_wconf 89' lang='lat' dir='ltr'><strong>habenti</strong></span> <span class='ocrx_word' id='word_1_557' title='bbox 2618 3824 3139 3886; x_wconf 88' lang='lat' dir='ltr'><strong>communicentur</strong></span> <span class='ocrx_word' id='word_1_558' title='bbox 3168 3846 3181 3887; x_wconf 91' lang='lat'><strong>:</strong></span> <span class='ocrx_word' id='word_1_559' title='bbox 3215 3833 3355 3903; x_wconf 87' lang='lat' dir='ltr'><strong>puta</strong></span> <span class='ocrx_word' id='word_1_560' title='bbox 3400 3836 3467 3885; x_wconf 86' lang='lat' dir='ltr'><strong>ut</strong></span> <span class='ocrx_word' id='word_1_561' title='bbox 3496 3823 3547 3885; x_wconf 90' lang='lat' dir='ltr'><strong>is</strong></span> <span class='ocrx_word' id='word_1_562' title='bbox 3578 3824 3684 3904; x_wconf 89' lang='lat' dir='ltr'><strong>qui</strong></span> 
     </span>
    </p>
   </div>
   <div class='ocr_carea' id='block_1_83' title="bbox 2018 3910 3675 3992">
    <p class='ocr_par' dir='ltr' id='par_1_83' title="bbox 2018 3910 3675 3992">
     <span class='ocr_line' id='line_1_83' title="bbox 2018 3910 3675 3992; baseline 0.001 -20"><span class='ocrx_word' id='word_1_563' title='bbox 2018 3928 2357 3972; x_wconf 90' lang='lat' dir='ltr'><strong>sermonem</strong></span> <span class='ocrx_word' id='word_1_564' title='bbox 2385 3910 2561 3970; x_wconf 89' lang='lat' dir='ltr'><strong>habet</strong></span> <span class='ocrx_word' id='word_1_565' title='bbox 2588 3910 2872 3973; x_wconf 64' lang='lat' dir='ltr'><strong>doctrinae</strong></span> <span class='ocrx_word' id='word_1_566' title='bbox 2903 3918 3058 3987; x_wconf 87' lang='lat' dir='ltr'><strong>(nam</strong></span> <span class='ocrx_word' id='word_1_567' title='bbox 3090 3912 3150 3973; x_wconf 93' lang='lat' dir='ltr'><strong>id</strong></span> <span class='ocrx_word' id='word_1_568' title='bbox 3178 3912 3519 3992; x_wconf 88' lang='lat' dir='ltr'><strong>signiﬁcare</strong></span> <span class='ocrx_word' id='word_1_569' title='bbox 3548 3912 3675 3974; x_wconf 90' lang='lat' dir='ltr'><strong>vult</strong></span> 
     </span>
    </p>
   </div>
   <div class='ocr_carea' id='block_1_84' title="bbox 2017 3998 3672 4082">
    <p class='ocr_par' dir='ltr' id='par_1_84' title="bbox 2017 3998 3672 4082">
     <span class='ocr_line' id='line_1_84' title="bbox 2017 3998 3672 4082; baseline 0.001 -21"><span class='ocrx_word' id='word_1_570' title='bbox 2017 4001 2133 4061; x_wconf 88' lang='lat' dir='ltr'><strong>Per</strong></span> <span class='ocrx_word' id='word_1_571' title='bbox 2163 3998 2398 4079; x_wconf 74' lang='lat' dir='ltr'><strong>eloquia</strong></span> <span class='ocrx_word' id='word_1_572' title='bbox 2428 3998 2583 4079; x_wconf 89' lang='lat' dir='ltr'><strong>Dei),</strong></span> <span class='ocrx_word' id='word_1_573' title='bbox 2620 4000 2900 4080; x_wconf 84' lang='lat' dir='ltr'><strong>largiatur</strong></span> <span class='ocrx_word' id='word_1_574' title='bbox 2929 4002 2985 4063; x_wconf 84' lang='lat' dir='ltr'><strong>ei</strong></span> <span class='ocrx_word' id='word_1_575' title='bbox 3010 4001 3112 4080; x_wconf 89' lang='lat' dir='ltr'><strong>qui</strong></span> <span class='ocrx_word' id='word_1_576' title='bbox 3144 4001 3255 4063; x_wconf 91' lang='lat' dir='ltr'><strong>hoc</strong></span> <span class='ocrx_word' id='word_1_577' title='bbox 3289 4008 3447 4080; x_wconf 82' lang='lat' dir='ltr'><strong>eget.</strong></span> <span class='ocrx_word' id='word_1_578' title='bbox 3481 4000 3538 4063; x_wconf 88' lang='lat' dir='ltr'><strong>Is</strong></span> <span class='ocrx_word' id='word_1_579' title='bbox 3566 4000 3672 4082; x_wconf 90' lang='lat' dir='ltr'><strong>qui</strong></span> 
     </span>
    </p>
   </div>
   <div class='ocr_carea' id='block_1_85' title="bbox 281 4086 1933 4169">
    <p class='ocr_par' dir='ltr' id='par_1_85' title="bbox 281 4086 1920 4169">
     <span class='ocr_line' id='line_1_85' title="bbox 281 4086 1920 4169; baseline -0.002 -23"><span class='ocrx_word' id='word_1_580' title='bbox 281 4090 523 4167; x_wconf 71' lang='grc' dir='ltr'>χρῄζοντι</span> <span class='ocrx_word' id='word_1_581' title='bbox 588 4090 798 4150; x_wconf 79' lang='grc' dir='ltr'>τούτου,</span> <span class='ocrx_word' id='word_1_582' title='bbox 862 4086 917 4146; x_wconf 58' lang='grc' dir='ltr'><strong>¹Ο</strong></span> <span class='ocrx_word' id='word_1_583' title='bbox 988 4089 1253 4169; x_wconf 78' lang='grc' dir='ltr'>χορηγίαν</span> <span class='ocrx_word' id='word_1_584' title='bbox 1309 4092 1514 4167; x_wconf 80' lang='grc' dir='ltr'>τροφῶν</span> <span class='ocrx_word' id='word_1_585' title='bbox 1570 4086 1920 4167; x_wconf 79' lang='grc' dir='ltr'>κεκτημένος,</span> 
     </span>
    </p>
   </div>
   <div class='ocr_carea' id='block_1_86' title="bbox 2030 4086 3677 4169">
    <p class='ocr_par' dir='ltr' id='par_1_86' title="bbox 2030 4089 3677 4168">
     <span class='ocr_line' id='line_1_86' title="bbox 2030 4089 3677 4168; baseline 0.003 -20"><span class='ocrx_word' id='word_1_586' title='bbox 2030 4098 2222 4149; x_wconf 80' lang='lat' dir='ltr'><strong>nactus</strong></span> <span class='ocrx_word' id='word_1_587' title='bbox 2235 4089 2869 4168; x_wconf 85' lang='lat' dir='ltr'><strong>estsuppeditationem</strong></span> <span class='ocrx_word' id='word_1_588' title='bbox 2889 4090 3306 4152; x_wconf 87' lang='lat' dir='ltr'><strong>alimentorum</strong></span> <span class='ocrx_word' id='word_1_589' title='bbox 3322 4109 3441 4152; x_wconf 88' lang='lat' dir='ltr'><strong>non</strong></span> <span class='ocrx_word' id='word_1_590' title='bbox 3454 4089 3677 4153; x_wconf 88' lang='lat' dir='ltr'><strong>haben-</strong></span> 
     </span>
    </p>
   </div>
   <div class='ocr_carea' id='block_1_87' title="bbox 278 4174 1933 4259">
    <p class='ocr_par' dir='ltr' id='par_1_87' title="bbox 278 4174 1930 4259">
     <span class='ocr_line' id='line_1_87' title="bbox 278 4174 1930 4259; baseline -0.001 -27"><span class='ocrx_word' id='word_1_591' title='bbox 278 4184 351 4251; x_wconf 83' lang='grc' dir='ltr'>τῷ</span> <span class='ocrx_word' id='word_1_592' title='bbox 378 4179 452 4253; x_wconf 70' lang='grc' dir='ltr'>μή</span> <span class='ocrx_word' id='word_1_593' title='bbox 496 4179 683 4259; x_wconf 80' lang='grc' dir='ltr'>ἔχοντι</span> <span class='ocrx_word' id='word_1_594' title='bbox 749 4176 1055 4253; x_wconf 72' lang='grc' dir='ltr'>ἐπιδιδόναι,</span> <span class='ocrx_word' id='word_1_595' title='bbox 1117 4178 1195 4251; x_wconf 78' lang='grc' dir='ltr'>μὴ</span> <span class='ocrx_word' id='word_1_596' title='bbox 1253 4176 1631 4256; x_wconf 81' lang='grc' dir='ltr'>μικροψύχως,</span> <span class='ocrx_word' id='word_1_597' title='bbox 1680 4174 1802 4232; x_wconf 81' lang='grc' dir='ltr'>ἀλλ’</span> <span class='ocrx_word' id='word_1_598' title='bbox 1858 4178 1930 4239; x_wconf 84' lang='grc' dir='ltr'>ὡς</span> 
     </span>
    </p>
   </div>
   <div class='ocr_carea' id='block_1_88' title="bbox 2030 4174 3678 4259">
    <p class='ocr_par' dir='ltr' id='par_1_88' title="bbox 2030 4176 3678 4259">
     <span class='ocr_line' id='line_1_88' title="bbox 2030 4176 3678 4259; baseline 0.003 -23"><span class='ocrx_word' id='word_1_599' title='bbox 2030 4176 2057 4236; x_wconf 90' lang='lat' dir='ltr'><strong>.i</strong></span> <span class='ocrx_word' id='word_1_600' title='bbox 2077 4176 2313 4237; x_wconf 89' lang='lat' dir='ltr'><strong>tribuat:</strong></span> <span class='ocrx_word' id='word_1_601' title='bbox 2342 4195 2456 4236; x_wconf 90' lang='lat' dir='ltr'><strong>non</strong></span> <span class='ocrx_word' id='word_1_602' title='bbox 2473 4177 2685 4257; x_wconf 90' lang='lat' dir='ltr'><strong>pusillo</strong></span> <span class='ocrx_word' id='word_1_603' title='bbox 2702 4178 3042 4254; x_wconf 88' lang='lat' dir='ltr'><strong>animo,sed</strong></span> <span class='ocrx_word' id='word_1_604' title='bbox 3061 4179 3211 4240; x_wconf 61' lang='lat' dir='ltr'><strong>sicut</strong></span> <span class='ocrx_word' id='word_1_605' title='bbox 3228 4186 3486 4259; x_wconf 90' lang='lat' dir='ltr'><strong>potestas</strong></span> <span class='ocrx_word' id='word_1_606' title='bbox 3507 4197 3678 4241; x_wconf 89' lang='lat' dir='ltr'><strong>sum-</strong></span> 
     </span>
    </p>
   </div>
   <div class='ocr_carea' id='block_1_89' title="bbox 278 4265 1900 4347">
    <p class='ocr_par' dir='ltr' id='par_1_89' title="bbox 278 4265 1900 4347">
     <span class='ocr_line' id='line_1_89' title="bbox 278 4265 1900 4347; baseline 0.001 -27"><span class='ocrx_word' id='word_1_607' title='bbox 278 4265 309 4331; x_wconf 77' lang='grc' dir='ltr'>ἡ</span> <span class='ocrx_word' id='word_1_608' title='bbox 362 4265 574 4343; x_wconf 80' lang='grc' dir='ltr'>δύναμις</span> <span class='ocrx_word' id='word_1_609' title='bbox 634 4266 863 4347; x_wconf 81' lang='grc' dir='ltr'>παρέχει</span> <span class='ocrx_word' id='word_1_610' title='bbox 922 4268 1020 4334; x_wconf 76' lang='grc' dir='ltr'>τῆς</span> <span class='ocrx_word' id='word_1_611' title='bbox 1078 4266 1183 4323; x_wconf 79' lang='grc' dir='ltr'><strong>ἀπὸ</strong></span> <span class='ocrx_word' id='word_1_612' title='bbox 1267 4274 1362 4325; x_wconf 82' lang='grc' dir='ltr'><strong>τοῦ</strong></span> <span class='ocrx_word' id='word_1_613' title='bbox 1448 4273 1577 4322; x_wconf 78' lang='grc' dir='ltr'>Θεοῦ</span> <span class='ocrx_word' id='word_1_614' title='bbox 1635 4265 1900 4345; x_wconf 55' lang='grc' dir='ltr'>χορηγίοις</span> 
     </span>
    </p>
   </div>
   <div class='ocr_carea' id='block_1_90' title="bbox 2019 4264 3673 4350">
    <p class='ocr_par' dir='ltr' id='par_1_90' title="bbox 2019 4264 3673 4350">
     <span class='ocr_line' id='line_1_90' title="bbox 2019 4264 3673 4350; baseline 0.003 -25"><span class='ocrx_word' id='word_1_615' title='bbox 2019 4274 2152 4346; x_wconf 83' lang='lat' dir='ltr'><strong>plus</strong></span> <span class='ocrx_word' id='word_1_616' title='bbox 2175 4265 2295 4326; x_wconf 86' lang='lat' dir='ltr'><strong>dati</strong></span> <span class='ocrx_word' id='word_1_617' title='bbox 2319 4283 2352 4325; x_wconf 91' lang='lat' dir='ltr'><strong>a</strong></span> <span class='ocrx_word' id='word_1_618' title='bbox 2372 4264 2493 4325; x_wconf 70' lang='lat' dir='ltr'><strong>Deo</strong></span> <span class='ocrx_word' id='word_1_619' title='bbox 2515 4267 3021 4343; x_wconf 85' lang='lat' dir='ltr'><strong>permittit.P0rro</strong></span> <span class='ocrx_word' id='word_1_620' title='bbox 3046 4267 3418 4350; x_wconf 76' lang='lat' dir='ltr'><strong>haec,inquit,</strong></span> <span class='ocrx_word' id='word_1_621' title='bbox 3454 4268 3673 4330; x_wconf 82' lang='lat' dir='ltr'><strong>exhor-</strong></span> 
     </span>
    </p>
   </div>
   <div class='ocr_carea' id='block_1_91' title="bbox 277 4352 1933 4437">
    <p class='ocr_par' dir='ltr' id='par_1_91' title="bbox 277 4352 1924 4437">
     <span class='ocr_line' id='line_1_91' title="bbox 277 4352 1924 4437; baseline -0.002 -27"><span class='ocrx_word' id='word_1_622' title='bbox 277 4360 437 4412; x_wconf 79' lang='grc' dir='ltr'>Ταῦτα</span> <span class='ocrx_word' id='word_1_623' title='bbox 464 4355 542 4429; x_wconf 76' lang='grc' dir='ltr'>δὲ,</span> <span class='ocrx_word' id='word_1_624' title='bbox 581 4358 735 4437; x_wconf 72' lang='grc' dir='ltr'>φησὶ,</span> <span class='ocrx_word' id='word_1_625' title='bbox 769 4359 1031 4437; x_wconf 62' lang='grc' dir='ltr'>παραινῶ,</span> <span class='ocrx_word' id='word_1_626' title='bbox 1063 4354 1158 4410; x_wconf 66' lang='grc' dir='ltr'><strong>ἵνα</strong></span> <span class='ocrx_word' id='word_1_627' title='bbox 1210 4356 1268 4411; x_wconf 74' lang='grc' dir='ltr'>ἒν</span> <span class='ocrx_word' id='word_1_628' title='bbox 1296 4360 1479 4425; x_wconf 82' lang='grc' dir='ltr'>πᾶσιν,</span> <span class='ocrx_word' id='word_1_629' title='bbox 1554 4352 1672 4421; x_wconf 75' lang='grc' dir='ltr'>ἤτοι</span> <span class='ocrx_word' id='word_1_630' title='bbox 1742 4353 1924 4411; x_wconf 66' lang='grc' dir='ltr'>ἔθεε-ιν</span> 
     </span>
    </p>
   </div>
   <div class='ocr_carea' id='block_1_92' title="bbox 2030 4352 3672 4437">
    <p class='ocr_par' dir='ltr' id='par_1_92' title="bbox 2033 4352 3672 4437">
     <span class='ocr_line' id='line_1_92' title="bbox 2033 4352 3672 4437; baseline 0.002 -22"><span class='ocrx_word' id='word_1_631' title='bbox 2033 4372 2100 4416; x_wconf 92' lang='lat' dir='ltr'><strong>or</strong></span> <span class='ocrx_word' id='word_1_632' title='bbox 2117 4362 2176 4414; x_wconf 85' lang='grc' dir='ltr'><strong>ιιι</strong></span> <span class='ocrx_word' id='word_1_633' title='bbox 2202 4352 2261 4415; x_wconf 91' lang='lat' dir='ltr'><strong>in</strong></span> <span class='ocrx_word' id='word_1_634' title='bbox 2290 4354 2587 4417; x_wconf 80' lang='lat' dir='ltr'><strong>omnibus.</strong></span> <span class='ocrx_word' id='word_1_635' title='bbox 2613 4357 2734 4417; x_wconf 91' lang='lat' dir='ltr'><strong>sive</strong></span> <span class='ocrx_word' id='word_1_636' title='bbox 2757 4357 3035 4435; x_wconf 84' lang='lat' dir='ltr'><strong>gentibus</strong></span> <span class='ocrx_word' id='word_1_637' title='bbox 3054 4406 3068 4427; x_wconf 86' lang='lat'><strong>,</strong></span> <span class='ocrx_word' id='word_1_638' title='bbox 3090 4357 3214 4419; x_wconf 90' lang='lat' dir='ltr'><strong>sive</strong></span> <span class='ocrx_word' id='word_1_639' title='bbox 3242 4357 3425 4419; x_wconf 88' lang='lat' dir='ltr'><strong>etiam</strong></span> <span class='ocrx_word' id='word_1_640' title='bbox 3461 4356 3672 4437; x_wconf 91' lang='lat' dir='ltr'><strong>operi-</strong></span> 
     </span>
    </p>
   </div>
   <div class='ocr_carea' id='block_1_93' title="bbox 279 4439 1922 4524">
    <p class='ocr_par' dir='ltr' id='par_1_93' title="bbox 279 4439 1922 4524">
     <span class='ocr_line' id='line_1_93' title="bbox 279 4439 1922 4524; baseline -0.011 -15"><span class='ocrx_word' id='word_1_641' title='bbox 279 4439 312 4508; x_wconf 67' lang='grc' dir='ltr'>ἢ</span> <span class='ocrx_word' id='word_1_642' title='bbox 355 4445 587 4509; x_wconf 74' lang='grc' dir='ltr'>καὶτοῖς</span> <span class='ocrx_word' id='word_1_643' title='bbox 662 4442 834 4524; x_wconf 71' lang='grc' dir='ltr'>ἔργοις</span> <span class='ocrx_word' id='word_1_644' title='bbox 890 4447 1038 4520; x_wconf 82' lang='grc' dir='ltr'>ὑμῶν</span> <span class='ocrx_word' id='word_1_645' title='bbox 1083 4440 1359 4514; x_wconf 82' lang='grc' dir='ltr'>δοξάζηται</span> <span class='ocrx_word' id='word_1_646' title='bbox 1388 4444 1416 4498; x_wconf 81' lang='grc' dir='ltr'>ὁ</span> <span class='ocrx_word' id='word_1_647' title='bbox 1474 4441 1627 4506; x_wconf 85' lang='grc' dir='ltr'>Θεός,</span> <span class='ocrx_word' id='word_1_648' title='bbox 1673 4442 1824 4500; x_wconf 72' lang='grc' dir='ltr'>Οὕτω</span> <span class='ocrx_word' id='word_1_649' title='bbox 1867 4444 1922 4497; x_wconf 73' lang='grc' dir='ltr'><strong>σὲ</strong></span> 
     </span>
    </p>
   </div>
   <div class='ocr_carea' id='block_1_94' title="bbox 2008 4444 3680 4523">
    <p class='ocr_par' dir='ltr' id='par_1_94' title="bbox 2008 4444 3680 4523">
     <span class='ocr_line' id='line_1_94' title="bbox 2008 4444 3680 4523; baseline 0.002 -18"><span class='ocrx_word' id='word_1_650' title='bbox 2008 4444 2118 4505; x_wconf 88' lang='lat' dir='ltr'><strong>bus</strong></span> <span class='ocrx_word' id='word_1_651' title='bbox 2146 4444 2381 4518; x_wconf 87' lang='lat' dir='ltr'><strong>vestris,</strong></span> <span class='ocrx_word' id='word_1_652' title='bbox 2409 4445 2777 4523; x_wconf 85' lang='lat' dir='ltr'><strong>gloriﬁcetur</strong></span> <span class='ocrx_word' id='word_1_653' title='bbox 2799 4446 3137 4511; x_wconf 88' lang='lat' dir='ltr'><strong>Deus.Cum</strong></span> <span class='ocrx_word' id='word_1_654' title='bbox 3163 4454 3356 4509; x_wconf 89' lang='lat' dir='ltr'><strong>autem</strong></span> <span class='ocrx_word' id='word_1_655' title='bbox 3384 4446 3458 4507; x_wconf 86' lang='lat' dir='ltr'><strong>de</strong></span> <span class='ocrx_word' id='word_1_656' title='bbox 3484 4445 3680 4510; x_wconf 84' lang='lat' dir='ltr'><strong>hisita</strong></span> 
     </span>
    </p>
   </div>
   <div class='ocr_carea' id='block_1_95' title="bbox 278 4528 1933 4616">
    <p class='ocr_par' dir='ltr' id='par_1_95' title="bbox 278 4528 1923 4612">
     <span class='ocr_line' id='line_1_95' title="bbox 278 4528 1923 4612; baseline -0.001 -27"><span class='ocrx_word' id='word_1_657' title='bbox 278 4533 384 4609; x_wconf 86' lang='grc' dir='ltr'>περὶ</span> <span class='ocrx_word' id='word_1_658' title='bbox 409 4534 612 4591; x_wconf 87' lang='grc' dir='ltr'>τούτων</span> <span class='ocrx_word' id='word_1_659' title='bbox 658 4531 1058 4611; x_wconf 80' lang='grc' dir='ltr'>διαταξάμενος,</span> <span class='ocrx_word' id='word_1_660' title='bbox 1135 4531 1248 4588; x_wconf 74' lang='grc' dir='ltr'>ἐπεί</span> <span class='ocrx_word' id='word_1_661' title='bbox 1289 4553 1435 4596; x_wconf 87' lang='grc' dir='ltr'>τινας</span> <span class='ocrx_word' id='word_1_662' title='bbox 1465 4530 1629 4612; x_wconf 72' lang='grc' dir='ltr'><strong>⁸ἐώρα</strong></span> <span class='ocrx_word' id='word_1_663' title='bbox 1684 4528 1770 4587; x_wconf 80' lang='grc' dir='ltr'>διὰ</span> <span class='ocrx_word' id='word_1_664' title='bbox 1820 4531 1923 4594; x_wconf 65' lang='grc' dir='ltr'>ῖζος</span> 
     </span>
    </p>
   </div>
   <div class='ocr_carea' id='block_1_96' title="bbox 2030 4528 3667 4616">
    <p class='ocr_par' dir='ltr' id='par_1_96' title="bbox 2030 4532 3667 4616">
     <span class='ocr_line' id='line_1_96' title="bbox 2030 4532 3667 4616; baseline 0.004 -25"><span class='ocrx_word' id='word_1_665' title='bbox 2030 4532 2418 4614; x_wconf 86' lang='lat' dir='ltr'><strong>lisseruisset,</strong></span> <span class='ocrx_word' id='word_1_666' title='bbox 2456 4535 2735 4615; x_wconf 89' lang='lat' dir='ltr'><strong>quoniam</strong></span> <span class='ocrx_word' id='word_1_667' title='bbox 2792 4535 3027 4597; x_wconf 82' lang='lat' dir='ltr'><strong>videbat</strong></span> <span class='ocrx_word' id='word_1_668' title='bbox 3071 4536 3386 4597; x_wconf 89' lang='lat' dir='ltr'><strong>nonnullos</strong></span> <span class='ocrx_word' id='word_1_669' title='bbox 3423 4544 3667 4616; x_wconf 90' lang='lat' dir='ltr'><strong>propter</strong></span> 
     </span>
    </p>
   </div>
   <div class='ocr_carea' id='block_1_97' title="bbox 278 4615 1925 4700">
    <p class='ocr_par' dir='ltr' id='par_1_97' title="bbox 278 4615 1925 4700">
     <span class='ocr_line' id='line_1_97' title="bbox 278 4615 1925 4700; baseline 0 -26"><span class='ocrx_word' id='word_1_670' title='bbox 278 4615 601 4698; x_wconf 73' lang='grc' dir='ltr'>ἐπαγομένας</span> <span class='ocrx_word' id='word_1_671' title='bbox 658 4623 840 4685; x_wconf 68' lang='grc' dir='ltr'>αὐτοῖς</span> <span class='ocrx_word' id='word_1_672' title='bbox 940 4621 1142 4697; x_wconf 83' lang='grc' dir='ltr'>θλίψεις</span> <span class='ocrx_word' id='word_1_673' title='bbox 1227 4618 1755 4700; x_wconf 84' lang='grc' dir='ltr'>σκανδαλιζομένους,</span> <span class='ocrx_word' id='word_1_674' title='bbox 1827 4617 1925 4676; x_wconf 50' lang='lat' dir='ltr'><strong>ihs</strong></span> 
     </span>
    </p>
   </div>
   <div class='ocr_carea' id='block_1_98' title="bbox 2018 4621 3674 4706">
    <p class='ocr_par' dir='ltr' id='par_1_98' title="bbox 2018 4621 3674 4706">
     <span class='ocr_line' id='line_1_98' title="bbox 2018 4621 3674 4706; baseline 0.003 -24"><span class='ocrx_word' id='word_1_675' title='bbox 2018 4621 2289 4685; x_wconf 89' lang='lat' dir='ltr'><strong>inductas</strong></span> <span class='ocrx_word' id='word_1_676' title='bbox 2321 4623 2380 4684; x_wconf 91' lang='lat' dir='ltr'><strong>in</strong></span> <span class='ocrx_word' id='word_1_677' title='bbox 2406 4643 2471 4685; x_wconf 83' lang='lat' dir='ltr'><strong>se</strong></span> <span class='ocrx_word' id='word_1_678' title='bbox 2496 4624 2873 4706; x_wconf 85' lang='lat' dir='ltr'><strong>afﬁictiones,</strong></span> <span class='ocrx_word' id='word_1_679' title='bbox 2901 4625 3146 4701; x_wconf 78' lang='lat' dir='ltr'><strong>offendi,</strong></span> <span class='ocrx_word' id='word_1_680' title='bbox 3178 4633 3455 4705; x_wconf 86' lang='lat' dir='ltr'><strong>tanquam</strong></span> <span class='ocrx_word' id='word_1_681' title='bbox 3483 4624 3674 4704; x_wconf 87' lang='lat' dir='ltr'><strong>posita</strong></span> 
     </span>
    </p>
   </div>
   <div class='ocr_carea' id='block_1_99' title="bbox 278 4702 1933 4794">
    <p class='ocr_par' dir='ltr' id='par_1_99' title="bbox 278 4702 1931 4794">
     <span class='ocr_line' id='line_1_99' title="bbox 278 4702 1931 4794; baseline 0.002 -31"><span class='ocrx_word' id='word_1_682' title='bbox 278 4703 326 4794; x_wconf 60' lang='grc' dir='ltr'>ἐν</span> <span class='ocrx_word' id='word_1_683' title='bbox 344 4713 417 4781; x_wconf 83' lang='grc' dir='ltr'>τῷ</span> <span class='ocrx_word' id='word_1_684' title='bbox 466 4710 617 4786; x_wconf 83' lang='grc' dir='ltr'><strong>νόμῷ</strong></span> <span class='ocrx_word' id='word_1_685' title='bbox 686 4724 811 4776; x_wconf 73' lang='grc' dir='ltr'>τοῖς</span> <span class='ocrx_word' id='word_1_686' title='bbox 874 4709 1171 4768; x_wconf 87' lang='grc' dir='ltr'>δουλεύουσι</span> <span class='ocrx_word' id='word_1_687' title='bbox 1242 4715 1318 4784; x_wconf 83' lang='grc' dir='ltr'>τῷ</span> <span class='ocrx_word' id='word_1_688' title='bbox 1378 4709 1551 4788; x_wconf 80' lang='grc' dir='ltr'>Κυρίῳ</span> <span class='ocrx_word' id='word_1_689' title='bbox 1596 4702 1834 4789; x_wconf 58' lang='grc' dir='ltr'>ἐπαγγείι</span> <span class='ocrx_word' id='word_1_690' title='bbox 1868 4731 1931 4781; x_wconf 75' lang='grc' dir='ltr'>λς</span> 
     </span>
    </p>
   </div>
   <div class='ocr_carea' id='block_1_100' title="bbox 2030 4702 3670 4794">
    <p class='ocr_par' dir='ltr' id='par_1_100' title="bbox 2030 4702 3670 4794">
     <span class='ocr_line' id='line_1_100' title="bbox 2030 4702 3670 4794; baseline 0.002 -22"><span class='ocrx_word' id='word_1_691' title='bbox 2030 4710 2191 4772; x_wconf 80' lang='lat' dir='ltr'><strong>&#39;uerit</strong></span> <span class='ocrx_word' id='word_1_692' title='bbox 2223 4712 2281 4773; x_wconf 91' lang='lat' dir='ltr'><strong>in</strong></span> <span class='ocrx_word' id='word_1_693' title='bbox 2315 4713 2444 4793; x_wconf 84' lang='lat' dir='ltr'><strong>lege</strong></span> <span class='ocrx_word' id='word_1_694' title='bbox 2479 4714 2792 4794; x_wconf 89' lang='lat' dir='ltr'><strong>promissio</strong></span> <span class='ocrx_word' id='word_1_695' title='bbox 2850 4702 2984 4776; x_wconf 62' lang='lat' dir='ltr'><strong>vitae</strong></span> <span class='ocrx_word' id='word_1_696' title='bbox 3040 4713 3116 4776; x_wconf 90' lang='lat' dir='ltr'><strong>ab</strong></span> <span class='ocrx_word' id='word_1_697' title='bbox 3176 4702 3335 4775; x_wconf 79' lang='lat' dir='ltr'><strong>omni</strong></span> <span class='ocrx_word' id='word_1_698' title='bbox 3399 4702 3670 4776; x_wconf 86' lang='lat' dir='ltr'><strong>molestia</strong></span> 
     </span>
    </p>
   </div>
   <div class='ocr_carea' id='block_1_101' title="bbox 278 4792 1933 4882">
    <p class='ocr_par' dir='ltr' id='par_1_101' title="bbox 278 4792 1921 4879">
     <span class='ocr_line' id='line_1_101' title="bbox 278 4792 1921 4879; baseline 0.004 -32"><span class='ocrx_word' id='word_1_699' title='bbox 278 4792 627 4879; x_wconf 74' lang='grc' dir='ltr'>ἆνενοχλήτου</span> <span class='ocrx_word' id='word_1_700' title='bbox 676 4801 790 4877; x_wconf 82' lang='grc' dir='ltr'>βίου</span> <span class='ocrx_word' id='word_1_701' title='bbox 842 4799 1117 4879; x_wconf 82' lang='grc' dir='ltr'>κειμένης,</span> <span class='ocrx_word' id='word_1_702' title='bbox 1175 4799 1262 4855; x_wconf 85' lang='grc' dir='ltr'>καὶ</span> <span class='ocrx_word' id='word_1_703' title='bbox 1316 4796 1426 4854; x_wconf 76' lang='grc' dir='ltr'><strong>ἄνω</strong></span> <span class='ocrx_word' id='word_1_704' title='bbox 1474 4798 1572 4873; x_wconf 80' lang='grc' dir='ltr'>μὲν</span> <span class='ocrx_word' id='word_1_705' title='bbox 1628 4795 1713 4855; x_wconf 83' lang='grc' dir='ltr'>διὰ</span> <span class='ocrx_word' id='word_1_706' title='bbox 1785 4800 1921 4878; x_wconf 84' lang='grc' dir='ltr'>βρα-</span> 
     </span>
    </p>
   </div>
   <div class='ocr_carea' id='block_1_102' title="bbox 2030 4792 3671 4882">
    <p class='ocr_par' dir='ltr' id='par_1_102' title="bbox 2030 4792 3671 4882">
     <span class='ocr_line' id='line_1_102' title="bbox 2030 4792 3671 4882; baseline 0.004 -23"><span class='ocrx_word' id='word_1_707' title='bbox 2030 4801 2221 4862; x_wconf 74' lang='grc' dir='ltr'>ιΙίεηεο</span> <span class='ocrx_word' id='word_1_708' title='bbox 2253 4801 2344 4862; x_wconf 92' lang='lat' dir='ltr'><strong>his</strong></span> <span class='ocrx_word' id='word_1_709' title='bbox 2371 4792 2756 4882; x_wconf 76' lang='lat' dir='ltr'><strong>quiDomino</strong></span> <span class='ocrx_word' id='word_1_710' title='bbox 2789 4804 3083 4865; x_wconf 84' lang='lat' dir='ltr'><strong>servirent</strong></span> <span class='ocrx_word' id='word_1_711' title='bbox 3111 4825 3123 4866; x_wconf 92' lang='lat'><strong>:</strong></span> <span class='ocrx_word' id='word_1_712' title='bbox 3187 4802 3363 4864; x_wconf 81' lang='lat' dir='ltr'><strong>etiam</strong></span> <span class='ocrx_word' id='word_1_713' title='bbox 3395 4801 3671 4881; x_wconf 90' lang='lat' dir='ltr'><strong>superius</strong></span> 
     </span>
    </p>
   </div>
   <div class='ocr_carea' id='block_1_103' title="bbox 280 4881 1933 4972">
    <p class='ocr_par' dir='ltr' id='par_1_103' title="bbox 280 4881 1930 4966">
     <span class='ocr_line' id='line_1_103' title="bbox 280 4881 1930 4966; baseline 0.004 -27"><span class='ocrx_word' id='word_1_714' title='bbox 280 4881 414 4961; x_wconf 74' lang='grc' dir='ltr'>χέων</span> <span class='ocrx_word' id='word_1_715' title='bbox 448 4889 604 4957; x_wconf 79' lang='grc' dir='ltr'>ἡνίκα</span> <span class='ocrx_word' id='word_1_716' title='bbox 646 4902 765 4952; x_wconf 77' lang='grc' dir='ltr'>τοϊς</span> <span class='ocrx_word' id='word_1_717' title='bbox 794 4887 994 4954; x_wconf 80' lang='grc' dir='ltr'>δούλοις</span> <span class='ocrx_word' id='word_1_718' title='bbox 1039 4886 1361 4964; x_wconf 79' lang='grc' dir='ltr'>ἐνομοθέτει,</span> <span class='ocrx_word' id='word_1_719' title='bbox 1410 4888 1511 4954; x_wconf 78' lang='grc' dir='ltr'><strong>τὴν</strong></span> <span class='ocrx_word' id='word_1_720' title='bbox 1566 4888 1685 4966; x_wconf 84' lang='grc' dir='ltr'>περὶ</span> <span class='ocrx_word' id='word_1_721' title='bbox 1739 4889 1930 4952; x_wconf 87' lang='grc' dir='ltr'>τούτου</span> 
     </span>
    </p>
   </div>
   <div class='ocr_carea' id='block_1_104' title="bbox 2030 4881 3671 4972">
    <p class='ocr_par' dir='ltr' id='par_1_104' title="bbox 2030 4881 3671 4972">
     <span class='ocr_line' id='line_1_104' title="bbox 2030 4881 3671 4972; baseline 0.004 -24"><span class='ocrx_word' id='word_1_722' title='bbox 2030 4889 2253 4969; x_wconf 68' lang='grc' dir='ltr'>ιιιὶιιειὴ</span> <span class='ocrx_word' id='word_1_723' title='bbox 2270 4881 2419 4961; x_wconf 88' lang='lat' dir='ltr'><strong>,cum</strong></span> <span class='ocrx_word' id='word_1_724' title='bbox 2444 4892 2518 4953; x_wconf 92' lang='lat' dir='ltr'><strong>de</strong></span> <span class='ocrx_word' id='word_1_725' title='bbox 2543 4892 2729 4953; x_wconf 90' lang='lat' dir='ltr'><strong>servis</strong></span> <span class='ocrx_word' id='word_1_726' title='bbox 2751 4899 3057 4972; x_wconf 88' lang='lat' dir='ltr'><strong>statueret,</strong></span> <span class='ocrx_word' id='word_1_727' title='bbox 3087 4891 3365 4954; x_wconf 88' lang='lat' dir='ltr'><strong>brevibus</strong></span> <span class='ocrx_word' id='word_1_728' title='bbox 3377 4889 3573 4952; x_wconf 89' lang='lat' dir='ltr'><strong>verbis</strong></span> <span class='ocrx_word' id='word_1_729' title='bbox 3592 4890 3671 4954; x_wconf 90' lang='lat' dir='ltr'><strong>de</strong></span> 
     </span>
    </p>
   </div>
   <div class='ocr_carea' id='block_1_105' title="bbox 278 4972 1933 5052">
    <p class='ocr_par' dir='ltr' id='par_1_105' title="bbox 278 4972 1923 5052">
     <span class='ocr_line' id='line_1_105' title="bbox 278 4972 1923 5052; baseline 0.002 -22"><span class='ocrx_word' id='word_1_730' title='bbox 278 4974 600 5050; x_wconf 62' lang='grc' dir='ltr'>παράκλησιν</span> <span class='ocrx_word' id='word_1_731' title='bbox 659 4978 974 5049; x_wconf 78' lang='grc' dir='ltr'>ἐποιήσατο,</span> <span class='ocrx_word' id='word_1_732' title='bbox 1050 4984 1139 5034; x_wconf 88' lang='grc' dir='ltr'><strong>νῦν</strong></span> <span class='ocrx_word' id='word_1_733' title='bbox 1227 4973 1282 5031; x_wconf 81' lang='grc' dir='ltr'>δὲ</span> <span class='ocrx_word' id='word_1_734' title='bbox 1340 4972 1757 5052; x_wconf 80' lang='grc' dir='ltr'>διεξοδικώτερον</span> <span class='ocrx_word' id='word_1_735' title='bbox 1847 4983 1923 5051; x_wconf 82' lang='grc' dir='ltr'>τῷ</span> 
     </span>
    </p>
   </div>
   <div class='ocr_carea' id='block_1_106' title="bbox 2030 4972 3669 5052">
    <p class='ocr_par' dir='ltr' id='par_1_106' title="bbox 2030 4978 3669 5044">
     <span class='ocr_line' id='line_1_106' title="bbox 2030 4978 3669 5044; baseline 0.003 -5"><span class='ocrx_word' id='word_1_736' title='bbox 2030 4978 2736 5042; x_wconf 75' lang='lat' dir='ltr'><strong>iislecilexhortationem</strong></span> <span class='ocrx_word' id='word_1_737' title='bbox 2774 5001 2788 5015; x_wconf 91' lang='grc'><strong>·</strong></span> <span class='ocrx_word' id='word_1_738' title='bbox 2817 4999 2973 5043; x_wconf 90' lang='lat' dir='ltr'><strong>nunc</strong></span> <span class='ocrx_word' id='word_1_739' title='bbox 2998 4999 3137 5043; x_wconf 89' lang='lat' dir='ltr'><strong>vero</strong></span> <span class='ocrx_word' id='word_1_740' title='bbox 3160 4979 3371 5043; x_wconf 85' lang='lat' dir='ltr'><strong>fusiori</strong></span> <span class='ocrx_word' id='word_1_741' title='bbox 3387 4998 3669 5044; x_wconf 89' lang='lat' dir='ltr'><strong>sermone</strong></span> 
     </span>
    </p>
   </div>
   <div class='ocr_carea' id='block_1_107' title="bbox 277 5054 1933 5150">
    <p class='ocr_par' dir='ltr' id='par_1_107' title="bbox 277 5054 1924 5148">
     <span class='ocr_line' id='line_1_107' title="bbox 277 5054 1924 5148; baseline 0.005 -35"><span class='ocrx_word' id='word_1_742' title='bbox 277 5054 408 5138; x_wconf 83' lang='grc' dir='ltr'>λόγῳ</span> <span class='ocrx_word' id='word_1_743' title='bbox 461 5067 756 5146; x_wconf 77' lang='grc' dir='ltr'>κέχρηται,</span> <span class='ocrx_word' id='word_1_744' title='bbox 816 5068 907 5123; x_wconf 90' lang='grc' dir='ltr'><strong>καί</strong></span> <span class='ocrx_word' id='word_1_745' title='bbox 977 5089 1166 5148; x_wconf 78' lang='grc' dir='ltr'>φησιν,</span> <span class='ocrx_word' id='word_1_746' title='bbox 1238 5064 1562 5144; x_wconf 70' lang='grc' dir='ltr'>Ἀγαπητοί,</span> <span class='ocrx_word' id='word_1_747' title='bbox 1638 5066 1783 5128; x_wconf 66' lang='grc' dir='ltr'>εὐθὺς</span> <span class='ocrx_word' id='word_1_748' title='bbox 1841 5063 1924 5121; x_wconf 76' lang='grc' dir='ltr'><strong>διὰ</strong></span> 
     </span>
    </p>
   </div>
   <div class='ocr_carea' id='block_1_108' title="bbox 2030 5054 3668 5150">
    <p class='ocr_par' dir='ltr' id='par_1_108' title="bbox 2030 5066 3668 5150">
     <span class='ocr_line' id='line_1_108' title="bbox 2030 5066 3668 5150; baseline 0.002 -23"><span class='ocrx_word' id='word_1_749' title='bbox 2030 5087 2155 5128; x_wconf 70' lang='lat' dir='ltr'><strong>usus</strong></span> <span class='ocrx_word' id='word_1_750' title='bbox 2178 5077 2289 5141; x_wconf 90' lang='lat' dir='ltr'><strong>est,</strong></span> <span class='ocrx_word' id='word_1_751' title='bbox 2325 5077 2382 5130; x_wconf 88' lang='lat' dir='ltr'><strong>et</strong></span> <span class='ocrx_word' id='word_1_752' title='bbox 2397 5069 2514 5131; x_wconf 91' lang='lat' dir='ltr'><strong>ait:</strong></span> <span class='ocrx_word' id='word_1_753' title='bbox 2547 5069 2915 5140; x_wconf 77' lang='lat' dir='ltr'><strong>Charissimi,</strong></span> <span class='ocrx_word' id='word_1_754' title='bbox 2959 5070 3226 5149; x_wconf 90' lang='lat' dir='ltr'><strong>protinus</strong></span> <span class='ocrx_word' id='word_1_755' title='bbox 3257 5069 3389 5150; x_wconf 91' lang='lat' dir='ltr'><strong>ipso</strong></span> <span class='ocrx_word' id='word_1_756' title='bbox 3420 5066 3668 5131; x_wconf 87' lang='lat' dir='ltr'><strong>nomine</strong></span> 
     </span>
    </p>
   </div>
   <div class='ocr_carea' id='block_1_109' title="bbox 272 5151 1933 5239">
    <p class='ocr_par' dir='ltr' id='par_1_109' title="bbox 272 5151 1924 5233">
     <span class='ocr_line' id='line_1_109' title="bbox 272 5151 1924 5233; baseline 0.004 -30"><span class='ocrx_word' id='word_1_757' title='bbox 272 5154 353 5203; x_wconf 81' lang='grc' dir='ltr'><strong>τοῦ</strong></span> <span class='ocrx_word' id='word_1_758' title='bbox 407 5153 668 5228; x_wconf 66' lang='grc' dir='ltr'>ὀθόματος</span> <span class='ocrx_word' id='word_1_759' title='bbox 741 5156 1017 5230; x_wconf 79' lang='grc' dir='ltr'>σημαίνων</span> <span class='ocrx_word' id='word_1_760' title='bbox 1087 5156 1161 5218; x_wconf 87' lang='grc' dir='ltr'>ὡς</span> <span class='ocrx_word' id='word_1_761' title='bbox 1232 5156 1291 5210; x_wconf 72' lang='grc' dir='ltr'>οὔ</span> <span class='ocrx_word' id='word_1_762' title='bbox 1371 5152 1737 5233; x_wconf 84' lang='grc' dir='ltr'>μισουμένοις,</span> <span class='ocrx_word' id='word_1_763' title='bbox 1797 5151 1924 5210; x_wconf 80' lang='grc' dir='ltr'>ἀλλ’</span> 
     </span>
    </p>
   </div>
   <div class='ocr_carea' id='block_1_110' title="bbox 2030 5151 3667 5239">
    <p class='ocr_par' dir='ltr' id='par_1_110' title="bbox 2030 5154 3667 5239">
     <span class='ocr_line' id='line_1_110' title="bbox 2030 5154 3667 5239; baseline 0.004 -25"><span class='ocrx_word' id='word_1_764' title='bbox 2030 5154 2355 5233; x_wconf 73' lang='lat' dir='ltr'><strong>:igniﬁcans</strong></span> <span class='ocrx_word' id='word_1_765' title='bbox 2386 5160 2509 5219; x_wconf 66' lang='lat' dir='ltr'><strong>haec</strong></span> <span class='ocrx_word' id='word_1_766' title='bbox 2538 5178 2652 5218; x_wconf 93' lang='lat' dir='ltr'><strong>non</strong></span> <span class='ocrx_word' id='word_1_767' title='bbox 2675 5158 2747 5219; x_wconf 92' lang='lat' dir='ltr'><strong>iis</strong></span> <span class='ocrx_word' id='word_1_768' title='bbox 2769 5159 2868 5239; x_wconf 90' lang='lat' dir='ltr'><strong>qui</strong></span> <span class='ocrx_word' id='word_1_769' title='bbox 2900 5158 3036 5220; x_wconf 89' lang='lat' dir='ltr'><strong>odio</strong></span> <span class='ocrx_word' id='word_1_770' title='bbox 3081 5156 3506 5232; x_wconf 89' lang='lat' dir='ltr'><strong>habentur,sed</strong></span> <span class='ocrx_word' id='word_1_771' title='bbox 3561 5157 3667 5238; x_wconf 90' lang='lat' dir='ltr'><strong>qui</strong></span> 
     </span>
    </p>
   </div>
   <div class='ocr_carea' id='block_1_111' title="bbox 277 5234 1933 5328">
    <p class='ocr_par' dir='ltr' id='par_1_111' title="bbox 277 5234 1917 5328">
     <span class='ocr_line' id='line_1_111' title="bbox 277 5234 1917 5328; baseline 0 -30"><span class='ocrx_word' id='word_1_772' title='bbox 277 5234 340 5298; x_wconf 73' lang='grc' dir='ltr'><strong>ὣς</strong></span> <span class='ocrx_word' id='word_1_773' title='bbox 400 5240 531 5319; x_wconf 72' lang='grc' dir='ltr'>ἄγαν</span> <span class='ocrx_word' id='word_1_774' title='bbox 574 5244 982 5321; x_wconf 75' lang='grc' dir='ltr'>ἂγαπωμένοις,</span> <span class='ocrx_word' id='word_1_775' title='bbox 1055 5249 1221 5300; x_wconf 85' lang='grc' dir='ltr'>ταῦτα</span> <span class='ocrx_word' id='word_1_776' title='bbox 1277 5240 1574 5317; x_wconf 80' lang='grc' dir='ltr'>συμϐαίνει.</span> <span class='ocrx_word' id='word_1_777' title='bbox 1631 5243 1721 5310; x_wconf 73' lang='grc' dir='ltr'><strong>Μὴ</strong></span> <span class='ocrx_word' id='word_1_778' title='bbox 1780 5240 1917 5328; x_wconf 78' lang='grc' dir='ltr'>ξενί-</span> 
     </span>
    </p>
   </div>
   <div class='ocr_carea' id='block_1_112' title="bbox 2030 5234 3661 5328">
    <p class='ocr_par' dir='ltr' id='par_1_112' title="bbox 2030 5234 3661 5328">
     <span class='ocr_line' id='line_1_112' title="bbox 2030 5234 3661 5328; baseline 0.002 -23"><span class='ocrx_word' id='word_1_779' title='bbox 2030 5247 2388 5307; x_wconf 75' lang='lat' dir='ltr'><strong>&#39;ehementer</strong></span> <span class='ocrx_word' id='word_1_780' title='bbox 2409 5254 2681 5308; x_wconf 89' lang='lat' dir='ltr'><strong>amantur</strong></span> <span class='ocrx_word' id='word_1_781' title='bbox 2698 5234 3167 5328; x_wconf 49' lang='lat' dir='ltr'><strong>contingerem}</strong></span> <span class='ocrx_word' id='word_1_782' title='bbox 3191 5246 3440 5319; x_wconf 79' lang='grc' dir='ltr'>ξενίζεσθε</span> <span class='ocrx_word' id='word_1_783' title='bbox 3460 5234 3661 5308; x_wconf 74' lang='lat' dir='ltr'><strong>autem</strong></span> 
     </span>
    </p>
   </div>
   <div class='ocr_carea' id='block_1_113' title="bbox 276 5325 1933 5413">
    <p class='ocr_par' dir='ltr' id='par_1_113' title="bbox 276 5325 1910 5413">
     <span class='ocr_line' id='line_1_113' title="bbox 276 5325 1910 5413; baseline 0.005 -28"><span class='ocrx_word' id='word_1_784' title='bbox 276 5329 407 5393; x_wconf 83' lang='grc' dir='ltr'>ζεσθε</span> <span class='ocrx_word' id='word_1_785' title='bbox 434 5331 511 5407; x_wconf 79' lang='grc' dir='ltr'>δὲ,</span> <span class='ocrx_word' id='word_1_786' title='bbox 544 5336 658 5393; x_wconf 78' lang='grc' dir='ltr'>ἀντὶ</span> <span class='ocrx_word' id='word_1_787' title='bbox 729 5343 847 5407; x_wconf 77' lang='grc' dir='ltr'>τοῦ,</span> <span class='ocrx_word' id='word_1_788' title='bbox 921 5337 1009 5403; x_wconf 79' lang='grc' dir='ltr'><strong>Μὴ</strong></span> <span class='ocrx_word' id='word_1_789' title='bbox 1066 5335 1415 5413; x_wconf 83' lang='grc' dir='ltr'>θαυμάζεστε,</span> <span class='ocrx_word' id='word_1_790' title='bbox 1448 5334 1526 5409; x_wconf 77' lang='grc' dir='ltr'>μὴ</span> <span class='ocrx_word' id='word_1_791' title='bbox 1579 5332 1722 5399; x_wconf 80' lang='grc' dir='ltr'>ξένον</span> <span class='ocrx_word' id='word_1_792' title='bbox 1781 5325 1910 5394; x_wconf 82' lang='grc' dir='ltr'>Θεοῦ</span> 
     </span>
    </p>
   </div>
   <div class='ocr_carea' id='block_1_114' title="bbox 2030 5325 3662 5413">
    <p class='ocr_par' dir='ltr' id='par_1_114' title="bbox 2030 5325 3662 5410">
     <span class='ocr_line' id='line_1_114' title="bbox 2030 5325 3662 5410; baseline 0.002 -15"><span class='ocrx_word' id='word_1_793' title='bbox 2030 5352 2114 5395; x_wconf 74' lang='grc' dir='ltr'><strong>ιοο</strong></span> <span class='ocrx_word' id='word_1_794' title='bbox 2147 5343 2257 5410; x_wconf 90' lang='lat' dir='ltr'><strong>est,</strong></span> <span class='ocrx_word' id='word_1_795' title='bbox 2295 5355 2369 5397; x_wconf 89' lang='lat' dir='ltr'><strong>ne</strong></span> <span class='ocrx_word' id='word_1_796' title='bbox 2398 5336 2800 5410; x_wconf 70' lang='lat' dir='ltr'><strong>admiremini,</strong></span> <span class='ocrx_word' id='word_1_797' title='bbox 2835 5325 2927 5399; x_wconf 62' lang='grc' dir='ltr'><strong>ηε</strong></span> <span class='ocrx_word' id='word_1_798' title='bbox 2942 5345 3288 5398; x_wconf 81' lang='lat' dir='ltr'><strong>extraneum</strong></span> <span class='ocrx_word' id='word_1_799' title='bbox 3343 5334 3417 5396; x_wconf 90' lang='lat' dir='ltr'><strong>ab</strong></span> <span class='ocrx_word' id='word_1_800' title='bbox 3448 5334 3662 5399; x_wconf 88' lang='lat' dir='ltr'><strong>amicis</strong></span> 
     </span>
    </p>
   </div>
   <div class='ocr_carea' id='block_1_115' title="bbox 278 5413 1933 5503">
    <p class='ocr_par' dir='ltr' id='par_1_115' title="bbox 278 5413 1901 5503">
     <span class='ocr_line' id='line_1_115' title="bbox 278 5413 1901 5503; baseline 0.001 -24"><span class='ocrx_word' id='word_1_801' title='bbox 278 5413 425 5503; x_wconf 47' lang='lat' dir='ltr'><strong>{Pam</strong></span> <span class='ocrx_word' id='word_1_802' title='bbox 453 5422 688 5500; x_wconf 72' lang='grc' dir='ltr'>ἡγεῖσθε,</span> <span class='ocrx_word' id='word_1_803' title='bbox 727 5425 851 5482; x_wconf 78' lang='grc' dir='ltr'>εἶτα</span> <span class='ocrx_word' id='word_1_804' title='bbox 906 5427 994 5483; x_wconf 79' lang='grc' dir='ltr'><strong>καὶ</strong></span> <span class='ocrx_word' id='word_1_805' title='bbox 1043 5424 1273 5503; x_wconf 76' lang='grc' dir='ltr'>πύρωσιν</span> <span class='ocrx_word' id='word_1_806' title='bbox 1304 5424 1398 5488; x_wconf 75' lang='grc' dir='ltr'><strong>τὰς</strong></span> <span class='ocrx_word' id='word_1_807' title='bbox 1463 5421 1665 5498; x_wconf 80' lang='grc' dir='ltr'>θλίψεις</span> <span class='ocrx_word' id='word_1_808' title='bbox 1719 5425 1901 5498; x_wconf 80' lang='grc' dir='ltr'>εἰπὼν,</span> 
     </span>
    </p>
   </div>
   <div class='ocr_carea' id='block_1_116' title="bbox 2030 5413 3660 5503">
    <p class='ocr_par' dir='ltr' id='par_1_116' title="bbox 2030 5422 3660 5488">
     <span class='ocr_line' id='line_1_116' title="bbox 2030 5422 3660 5488; baseline 0.003 -6"><span class='ocrx_word' id='word_1_809' title='bbox 2030 5423 2096 5483; x_wconf 58' lang='lat' dir='ltr'><strong>rei</strong></span> <span class='ocrx_word' id='word_1_810' title='bbox 2132 5422 2352 5486; x_wconf 89' lang='lat' dir='ltr'><strong>ducite.</strong></span> <span class='ocrx_word' id='word_1_811' title='bbox 2380 5425 2605 5487; x_wconf 85' lang='lat' dir='ltr'><strong>Deinde</strong></span> <span class='ocrx_word' id='word_1_812' title='bbox 2637 5426 2737 5487; x_wconf 95' lang='lat' dir='ltr'><strong>ubi</strong></span> <span class='ocrx_word' id='word_1_813' title='bbox 2761 5427 2937 5488; x_wconf 78' lang='lat' dir='ltr'><strong>etiam</strong></span> <span class='ocrx_word' id='word_1_814' title='bbox 2972 5425 3329 5488; x_wconf 82' lang='lat' dir='ltr'><strong>afﬁictiones</strong></span> <span class='ocrx_word' id='word_1_815' title='bbox 3355 5423 3504 5485; x_wconf 86' lang='lat' dir='ltr'><strong>dixit</strong></span> <span class='ocrx_word' id='word_1_816' title='bbox 3526 5442 3660 5487; x_wconf 87' lang='lat' dir='ltr'><strong>esse</strong></span> 
     </span>
    </p>
   </div>
   <div class='ocr_carea' id='block_1_117' title="bbox 278 5498 1933 5599">
    <p class='ocr_par' dir='ltr' id='par_1_117' title="bbox 278 5498 1901 5591">
     <span class='ocr_line' id='line_1_117' title="bbox 278 5498 1901 5591; baseline -0.006 -14"><span class='ocrx_word' id='word_1_817' title='bbox 278 5498 603 5584; x_wconf 62' lang='grc' dir='ltr'><strong>ἐ’δέ’-’τττιινενὼς</strong></span> <span class='ocrx_word' id='word_1_818' title='bbox 654 5513 741 5571; x_wconf 81' lang='grc' dir='ltr'><strong>διὰ</strong></span> <span class='ocrx_word' id='word_1_819' title='bbox 799 5513 1110 5590; x_wconf 85' lang='grc' dir='ltr'>δοκιμασίαν</span> <span class='ocrx_word' id='word_1_820' title='bbox 1175 5512 1463 5591; x_wconf 77' lang='grc' dir='ltr'>ἐπάγονται</span> <span class='ocrx_word' id='word_1_821' title='bbox 1507 5511 1689 5577; x_wconf 73' lang='grc' dir='ltr'>αὐτοῖς</span> <span class='ocrx_word' id='word_1_822' title='bbox 1751 5514 1901 5568; x_wconf 78' lang='grc' dir='ltr'>αὗται</span> 
     </span>
    </p>
   </div>
   <div class='ocr_carea' id='block_1_118' title="bbox 2030 5498 3660 5599">
    <p class='ocr_par' dir='ltr' id='par_1_118' title="bbox 2030 5512 3660 5599">
     <span class='ocr_line' id='line_1_118' title="bbox 2030 5512 3660 5599; baseline 0.001 -26"><span class='ocrx_word' id='word_1_823' title='bbox 2030 5512 2122 5592; x_wconf 87' lang='lat' dir='ltr'><strong>xpl</strong></span> <span class='ocrx_word' id='word_1_824' title='bbox 2136 5514 2462 5576; x_wconf 87' lang='lat' dir='ltr'><strong>orationem</strong></span> <span class='ocrx_word' id='word_1_825' title='bbox 2481 5514 3259 5599; x_wconf 86' lang='lat' dir='ltr'><strong>perignem,ostenditquod</strong></span> <span class='ocrx_word' id='word_1_826' title='bbox 3274 5515 3366 5576; x_wconf 81' lang='lat' dir='ltr'><strong>hae</strong></span> <span class='ocrx_word' id='word_1_827' title='bbox 3381 5519 3660 5596; x_wconf 87' lang='lat' dir='ltr'><strong>tanquam</strong></span> 
     </span>
    </p>
   </div>
   <div class='ocr_carea' id='block_1_119' title="bbox 346 5672 921 5763">
    <p class='ocr_par' dir='ltr' id='par_1_119' title="bbox 346 5672 921 5763">
     <span class='ocr_line' id='line_1_119' title="bbox 346 5672 921 5763; baseline 0.005 -24"><span class='ocrx_word' id='word_1_828' title='bbox 346 5672 429 5723; x_wconf 74' lang='grc'><strong>6⁷·</strong></span> <span class='ocrx_word' id='word_1_829' title='bbox 457 5679 629 5746; x_wconf 77' lang='lat' dir='ltr'><strong>Rom.</strong></span> <span class='ocrx_word' id='word_1_830' title='bbox 661 5698 787 5763; x_wconf 82' lang='lat' dir='ltr'><strong>xm,</strong></span> <span class='ocrx_word' id='word_1_831' title='bbox 825 5681 921 5747; x_wconf 82' lang='lat'><strong>10.</strong></span> 
     </span>
    </p>
   </div>
  </div>
