4136 6458
387 433 501 502 573

381 662 565 737 μάτων
647 667 715 738 τῇ
798 660 851 718 ἒν
933 660 1121 736 κόσμιρ
1204 659 1356 735 ὑμῶν

380 750 612 808 λετσθαι.
652 774 680 806 ι

460 841 555 913 Τὸ,
594 861 618 895 ι
655 838 745 897 Ἐν
785 846 977 918 καιρῷ,
1040 856 1071 897 (
1102 838 1434 916 πρόσκειται.
1497 836 1633 915 Πρὸς
1688 835 1788 918 γᾲρ
1830 837 1928 904 τὴν
1981 836 2038 890 ἒν

1426 433 1825 498 COMMENT.
1872 432 1954 495 IN
2002 429 2243 493 EPIST.
2292 434 2318 493 Ι
2361 418 2421 495 Ξῖ
2468 429 2720 496 PETRI.

382 573 585 652 στερεοὶ
654 576 724 649 τῇ
783 571 984 647 πίστει,
1050 567 1266 649 εἰδότες,
1346 569 1413 625 τὰ
1482 568 1613 625 αὐτὰ
1684 572 1790 624 τῶν
1868 564 2331 634 παθη-Αείεἰίτϐ
2384 564 2566 628 solidi
2591 565 2706 647 ﬁde
2764 587 2778 629 :

1456 655 1773 736 ἀδελφότητι
1856 655 2019 713 ἐπιτε-

2122 660 2338 716 vestrae
2387 673 2521 734 quae
2566 655 2632 716 in
2682 655 2909 717 mundo
2960 661 3047 716 est
3075 656 3470 734 fraternitati
3497 675 3777 722 consum-

3662 431 3777 502 574

2839 568 3092 629 scientes
3144 567 3386 631 easdem
3415 568 3778 651 afﬂictiones

2120 749 2305 804 inuri.

2199 829 2478 909 Additur,
2531 857 2556 888 ιι
2592 830 2658 894 In
2690 840 2982 912 tempore.
3022 858 3048 889 ι
3103 833 3474 898 Trausmittit
3510 836 3668 898 enim
3700 837 3774 900 ad

376 935 456 1004 τῷ
484 927 735 1004 μέλλοντι
764 914 914 985 αἰῶνι
970 914 1175 1003 ὕψωσιν
1231 914 1665 1005 παραπέμπεται.
1729 914 1896 989 ’Ἠτις
1950 945 2017 980 κα

2118 920 2532 983 exultationem
2567 920 2628 982 in
2659 919 2858 983 futuro
2890 922 3129 998 sweulo,
3165 941 3297 1004 qua)
3326 923 3502 986 etiam
3534 928 3663 988 sola
3683 935 3775 989 cst

377 1017 524 1092 μόνη
575 1016 781 1093 ὕψωσις
835 1018 909 1079 ὡς
964 1013 1318 1080 ἀναλλοίωτος
1372 1016 1459 1070 καὶ
1501 1010 1882 1091 διαιωνίζουσα,
1939 1017 2019 1079 τῆ‹

2118 1009 2411 1081 exaltatio,
2452 1017 2733 1088 tanquam
2782 1007 3170 1071 immutabilis
3210 1018 3269 1072 et
3300 1020 3606 1094 perpetua,
3635 1033 3771 1076 cum

374 1107 599 1162 ἐνταῦθα
626 1104 883 1181 ὑψώσεως
941 1103 1036 1160 οῦκ
1078 1101 1344 1180 ἀσφαλοῦς
1404 1099 1563 1168 οὔσης
1619 1098 1734 1160 οὐδὲ
1792 1097 2028 1178 βεϐαίας,

374 1190 496 1250 ἀλλ’
538 1190 747 1273 ἔφεδρον
779 1195 851 1257 εἰς
897 1193 977 1249 ἀεὶ
1018 1192 1118 1253 τὴν
1159 1191 1480 1248 ταπείνωσιν
1542 1188 1906 1273 κεκττψένης,
1941 1189 2029 1244 καὶ

373 1285 561 1338 θᾶττον
590 1281 626 1349 ἢ
679 1283 953 1357 ὑψωθῆναι
1002 1279 1442 1356 ταπεινουμένης,
1505 1284 1611 1346 Τῆς
1656 1277 1714 1334 δέ
1769 1277 2030 1334 ταπεινώ-

374 1391 511 1434 σεως
582 1369 680 1438 τῆς
749 1371 811 1427 τὸ
881 1369 1013 1445 ὕψος
1069 1368 1468 1449 περιποιούσης,
1525 1368 1679 1432 αὐτὸς
1754 1370 1781 1423 ὁ
1841 1367 2028 1446 Κύριος

375 1457 632 1538 ἐχέγγυος
662 1458 926 1538 πάροχος.
974 1459 1113 1524 Φησὶ
1144 1457 1263 1536 γάρ·
1300 1478 1321 1511 ι
1350 1462 1458 1520 Πᾶς
1491 1459 1519 1513 6
1549 1457 1697 1532 ὑψῶν
1724 1456 1906 1512 ἑαυτὸν
1937 1477 2029 1511 τα-

373 1548 781 1626 πεινωθήσεται,
817 1548 906 1603 καὶ
937 1549 964 1602 6
1025 1548 1286 1602 ταπεινῶν
1332 1546 1538 1618 ἑαυτὸν,
1596 1546 1957 1620 ὑψωθήσεται,
1996 1568 2023 1598 ›)

375 1638 497 1710 Καὶ,
537 1659 565 1691 α
603 1626 660 1693 Ὀ
688 1633 878 1691 ἐθέλων
914 1641 1122 1715 πρῶτος
1167 1633 1219 1688 ἐν
1247 1635 1375 1709 ὑμῖν
1425 1634 1590 1708 εἶναι,
1637 1632 1773 1688 ἔστω
1816 1633 2028 1689 πάντων

374 1721 626 1805 ἔσχατος.
665 1746 689 1781 ι
743 1715 981 1794 ’ῌνίξατο
1024 1720 1077 1778 δὲ
1107 1720 1191 1778 διὰ
1232 1728 1346 1800 τοῦ,
1383 1719 1474 1780 Ἐν
1523 1730 1713 1801 καιρῷ,
1760 1724 1832 1786 ὡς
1887 1720 2025 1797 ἔφη-

2117 1115 2379 1177 praesens
2402 1097 2678 1160 exultatio
2704 1116 2898 1178 neque
2925 1116 3136 1161 secura
3159 1098 3235 1160 sit
3253 1118 3447 1181 neque
3463 1102 3771 1179 ﬁrma,sed

2113 1186 2309 1267 potius
2340 1187 2604 1249 conferat
2655 1187 2728 1249 ad
2781 1195 3129 1268 perpetuam
3168 1189 3670 1272 humiliationem,
3707 1200 3773 1254 ut

2111 1275 2369 1337 velocius
2389 1272 2735 1338 humilietur
2751 1294 2926 1357 quam
2944 1275 3121 1337 fuerit
3137 1277 3601 1340 exaltata.Porro
3615 1282 3772 1360 quod

2113 1364 2453 1426 humiliatio
2502 1364 2918 1426 exaltationem
2966 1365 3265 1435 conciliet,
3300 1366 3430 1447 ipse
3487 1369 3774 1432 Dominus

2121 1454 2371 1516 idoneus
2399 1454 2600 1534 estqui
2621 1453 2800 1515 ﬁdem
2835 1447 3026 1517 faciat.
3054 1454 3153 1517 Ait
3173 1455 3330 1516 enim
3358 1474 3371 1515 :
3403 1453 3647 1519 «Omnis
3672 1460 3773 1539 qui

2117 1559 2250 1603 sese
2271 1543 2489 1605 exaltat
2514 1541 2943 1610 bumiliabitur,
2981 1552 3036 1604 et
3052 1543 3153 1624 qui
3170 1562 3304 1606 sese
3322 1545 3772 1608 bumiliatexal-

2116 1631 2337 1694 labitur
2363 1634 2446 1692 78.
2488 1657 2509 1690 ι)
2547 1632 2619 1693 Et
2647 1653 2661 1692 :
2704 1657 2724 1686 «
2746 1630 2856 1703 Qui
2890 1631 3011 1692 vult
3042 1632 3201 1693 inter
3230 1652 3330 1695 vos
3362 1635 3591 1714 primus
3614 1654 3770 1718 esse,

2111 1719 2187 1780 sit
2221 1722 2488 1783 omnium
2518 1728 2859 1802 po~tremus
2883 1720 3006 1782 79.»
3048 1719 3262 1783 Dicens
3293 1731 3490 1784 autem
3524 1724 3590 1786 In
3614 1731 3772 1785 tem-

373 1834 497 1888 μεν,
570 1814 659 1870 καὶ
714 1815 776 1869 τὸ
858 1814 931 1875 εἰς
988 1813 1078 1867 τὸν
1135 1809 1397 1886 μέλλοντα
1432 1808 1871 1892 ,ἐπαγγέλλεσθαι
1931 1811 2019 1878 τὴν

2113 1826 2278 1889 pore,
2314 1809 2663 1889 designavit,
2699 1818 2761 1870 ut
2792 1809 3073 1883 diximus,
3111 1809 3288 1871 etiam
3324 1811 3383 1872 in
3416 1810 3612 1872 futuro
3639 1831 3773 1892 pro-

371 1901 479 1958 ἀπὸ
529 1902 624 1970 τῆς
678 1901 1051 1964 ταπεινώσεως
1120 1899 1346 1976 ὕψωσιν.
1428 1890 1486 1957 Ὀ
1545 1900 1644 1978 γὰρ
1702 1905 1807 1954 τῶν
1864 1899 2026 1956 ἀναλ-

370 1989 610 2047 λοιώτων
638 1993 845 2069 καιρὸς,
902 1992 958 2046 ἓν
1010 1996 1086 2064 τῷ
1144 1988 1393 2065 μέλλοντι
1450 1991 1537 2046 καὶ
1588 1988 1831 2067 ἀφθάρτῳ
1888 1991 2022 2045 αἰῶ-

370 2102 443 2141 νι.
490 2077 649 2137 Οὐδὲν
678 2080 778 2157 γὰρ
837 2081 866 2135 6
926 2077 1181 2158 ἄφθαρτος
1253 2077 1502 2158 ἐπίκηρον
1560 2077 1700 2157 ἔχει.
1771 2077 1905 2134 Εἶτα
1960 2080 2021 2135 τὺ

367 2165 484 2232 δέος
551 2168 929 2249 ὑφαιρούμενος
996 2168 1056 2222 τὸ
1111 2167 1216 2223 ἀπὸ
1281 2175 1375 2238 τῆς
1428 2167 1797 2229 ταπεινώσεως
1861 2165 2021 2246 (ἴσως

368 2256 467 2334 γάρ
521 2277 667 2320 τινας
726 2253 962 2318 εῦλαϐιῦς
1021 2252 1166 2334 ἔχειν
1238 2254 1397 2334 ἐώρα,
1461 2254 1539 2330 μὴ
1594 2253 2016 2320 ταπεινώσαντες

366 2344 562 2412 ἑαυτὴν
626 2345 763 2403 κατὰ
817 2345 909 2401 τὸν
970 2344 1204 2424 παρόντα
1258 2346 1368 2421 βὲον
1426 2343 1642 2401 πάθοιέν
1696 2366 1748 2399 τι
1806 2343 2016 2424 κακὸν),

365 2433 515 2512 φησὶ,
550 2431 638 2500 Μή
680 2430 834 2489 δέδιθι
876 2438 1047 2488 πᾶσαν
1103 2434 1196 2489 τὸν
1250 2431 1506 2511 μέριμνάν
1536 2454 1630 2491 σου
1687 2432 1772 2488 ἐπὶ
1833 2434 2019 2512 Κύριον

364 2519 662 2600 ἐπιρρίψας,
750 2519 982 2602 ἀσφαλεῖ
1073 2526 1358 2602 φροντιστῇ
1447 2522 1633 2578 ἑαυτὸν
1703 2520 2018 2597 ἀναθέμενος

364 2608 486 2687 ἔσῃ,
540 2633 563 2666 ι
614 2610 794 2683 Τούτῳ
850 2611 950 2690 γὰρ
993 2608 1173 2686 μέλει,
1226 2633 1254 2666 »
1331 2607 1450 2677 ἤτοι
1480 2612 1689 2691 φροντὶς
1740 2610 2015 2668 ἀπόκειται

364 2700 562 2756 τούτων
622 2699 892 2758 ἁπάντων.
948 2722 969 2755 σ
1036 2701 1280 2775 Νήψατε,
1326 2701 1723 2779 γρηγορήσατε.
1783 2724 1809 2756 ι»
1886 2711 2013 2764 Τοῖς

364 2792 570 2853 νοητῶς
625 2788 816 2843 ὑπνοῦν
876 2786 1080 2844 εἰωθότι
1159 2785 1334 2865 (τοῦτο
1402 2786 1459 2843 δέ
1514 2788 1624 2844 ἐστι
1682 2792 1743 2846 τὸ
1794 2791 1911 2869 περὶ
1953 2791 2019 2844 τὰ

365 2875 565 2950 μάταια
616 2874 958 2955 κεχηνέναι),
1046 2877 1132 2933 καὶ
1185 2876 1315 2933 ,ἀπὸ
1383 2877 1584 2933 τούτων
1645 2880 1706 2934 τὸ
1763 2878 2018 2957 νηφάλιον

362 2960 777 3043 καταϐαρύνουτι
819 2969 924 3021 τῶν
982 2967 1197 3045 ψυχῶν,
1257 2967 1318 3022 τὸ
1374 2965 1736 3046 πονηρὸνξχαὶ
1790 2967 2017 3047 παγχά-

365 3051 524 3109 λεπον
553 3046 651 3119 τῆς
696 3052 1052 3131 ἀπογνώσεως
1097 3051 1330 3127 ἐπιπηδᾷ
1386 3056 1580 3134 θηρῖον.
1633 3057 1704 3113 Τὸ
1738 3055 1826 3112 οὖν
1852 3056 2020 3136 ἀσφα-

2112 1897 2259 1958 mitti
2293 1899 2707 1961 exaltationem
2741 1917 2873 1978 quae
2893 1898 2966 1958 ab
2995 1898 3405 1961 humiliatione
3437 1902 3765 1980 proveniat.

2106 1985 2367 2067 Tempus
2387 2007 2640 2068 namque
2660 2006 2858 2048 rerum
2892 1986 3356 2049 immutabilium
3395 1986 3454 2048 in
3486 1988 3682 2051 futuro
3712 1998 3772 2053 et

2107 2076 2543 2155 incorruptibili
2565 2078 2778 2138 saeculo
2809 2095 2861 2136 εξ
2879 2075 3416 2155 it.Incorruplibile
3438 2079 3594 2139 enim
3618 2078 3768 2145 nihil

2104 2165 2276 2226 habet
2311 2165 2559 2228 mortale
2591 2177 2689 2228 aut
2719 2163 3274 2227 caducum.Deinde
3295 2166 3566 2227 timorem
3590 2166 3759 2229 aufe-

2102 2271 2242 2315 rens
2265 2255 2364 2335 qui
2387 2254 2459 2316 ab
2484 2253 2898 2315 homiliatione
2913 2251 3266 2334 procederet
3289 2252 3579 2331 (fortassis
3595 2255 3756 2317 enim

2106 2342 2342 2405 videbat
2371 2343 2660 2424 quosdam
2723 2341 2937 2421 vereri,
2977 2360 3052 2402 ne
3112 2358 3249 2403 sese
3278 2341 3664 2405 humiliantes
3696 2345 3758 2405 iu

2105 2433 2380 2512 prtesenti
2415 2434 2546 2507 vita,
2586 2432 2721 2493 mali
2755 2430 3066 2511 quidpiam
3100 2430 3469 2511 paterentur)
3506 2436 3587 2493 ait
3623 2450 3636 2495 :
3672 2431 3761 2496 Ne

2101 2522 2523 2596 metuas,omni
2547 2519 2948 2583 sollicitudine
2973 2528 3072 2581 tua
3096 2518 3155 2580 in
3171 2518 3486 2581 Dominum
3511 2522 3760 2604 rejecta,

2101 2629 2232 2671 cum
2260 2612 2508 2692 teipsum
2529 2611 2682 2691 apud
2711 2628 2843 2671 eum
2879 2608 3234 2690 deposueris
3250 2608 3349 2689 qui
3381 2617 3550 2672 caute
3570 2611 3755 2673 sedu-

2104 2700 2215 2760 lam
2251 2701 2332 2761 tui
2364 2708 2528 2780 geret
2559 2702 2779 2761 curam
2840 2723 2858 2753 ι
2898 2700 3047 2761 Nam
3107 2697 3218 2779 ipsi
3248 2716 3389 2759 cura
3418 2706 3527 2774 est,
3569 2720 3593 2758 ρ
3631 2699 3756 2763 sive

2101 2788 2434 2851 sollicitudo
2483 2788 2637 2870 apud
2694 2807 2828 2849 eum
2873 2787 3186 2866 reponitur
3215 2786 3290 2847 de
3330 2786 3421 2848 his
3451 2788 3752 2854 omnibus.

2107 2902 2127 2932 α
2169 2876 2365 2940 Sobrii
2397 2885 2606 2952 estote,
2641 2876 2896 2954 vigilate.
2938 2900 2961 2933 υ
3000 2877 3063 2938 In
3116 2893 3216 2937 eos
3246 2876 3345 2956 qui
3372 2875 3763 2956 spiritualiter

2101 2967 2364 3028 dormire
2394 2967 2745 3045 solent(hoc
2777 2974 2970 3027 autem
3000 2972 3090 3025 est
3148 2965 3220 3025 ad
3253 2981 3400 3025 vana
3421 2963 3672 3038 inhiare)
3702 2974 3762 3029 et

2103 3074 2171 3116 ex
2195 3056 2306 3116 hoc
2328 3055 2583 3134 vigiliam
2625 3061 2941 3134 aggravant
2968 3052 3326 3126 animorum,
3360 3053 3514 3114 mala
3542 3071 3611 3114 ac
3641 3072 3759 3116 saa-

364 3139 637 3217 λιζόμενον
719 3143 749 3198 6
833 3149 1057 3222 Χριστοῦ
1140 3144 1408 3217 μαθητὶς,
1496 3143 1838 3223 ἐγρηγορέναι
1936 3145 2016 3202 ἀεὶ

2107 3141 3760 3224 vissimadesperationisferasoletinsilire.Muniensita-

364 3243 631 3308 παραινεῖ,
707 3231 796 3286 καὶ
852 3229 1201 3311 φυλάττεσθαι
1260 3233 1353 3287 τὸν
1410 3238 1516 3287 τῶν
1570 3234 1810 3304 ζιζανέων
1875 3255 2014 3291 σπο-

2107 3253 2215 3315 que
2238 3254 2347 3296 nos
2368 3235 2586 3298 Christi
2604 3234 3275 3315 dicipulus,exhortatur
3303 3232 3390 3299 80.
3434 3240 3494 3293 ut
3522 3250 3763 3313 semper

364 3318 480 3397 ρέα,
541 3320 739 3393 μήπως
797 3317 1128 3375 καθεύδουσιν
1212 3322 1372 3394 ἡμῖν,
1444 3319 1561 3387 ἤτοι
1646 3320 1857 3397 ἀμελῶς
1930 3324 2017 3379 καὶ

2107 3324 2432 3404 vigilemus,
2461 3343 2527 3385 ac
2552 3324 2939 3384 observemus
2963 3339 3095 3382 eum
3123 3321 3221 3402 qui
3240 3320 3460 3382 zizania
3477 3321 3754 3399 seminat,

366 3407 604 3484 ῥᾳθύμως
677 3404 956 3480 διαϐιοῦσι,
1043 3409 1310 3485 πονηροὺς
1369 3407 1671 3487 ἐπισπείρας
1728 3408 2016 3488 λογισμοὺς

2107 3431 2303 3492 nequo
2325 3411 2499 3473 modo
2517 3411 3290 3486 nobisdormientibus,sive
3306 3409 3761 3488 negligenterac

367 3492 538 3567 λάθοι,
570 3495 660 3551 καὶ
701 3500 800 3562 τῆς
859 3495 1024 3561 ὄντως
1081 3493 1518 3566 ἀποϐουκολήσας
1576 3502 1740 3568 ζωῆς.
1789 3498 1860 3556 Οῦ
1918 3500 2017 3578 γὰρ

2107 3501 2364 3580 segniter
2378 3500 2729 3572 viventibus,
2742 3517 2943 3580 pravas
2957 3497 3344 3576 cogitationes
3364 3498 3516 3558 clam
3539 3516 3756 3578 super-

366 3583 608 3657 παύεται,
683 3586 866 3664 φησὶν,
940 3586 1013 3649 ὡς
1086 3583 1224 3641 λέων
1277 3585 1572 3664 ὠρυόμενος
1624 3588 2012 3666 περιέρχεσθαι,

2107 3591 2378 3667 seminet,
2402 3598 2507 3651 eta
2524 3608 2660 3651 vera
2677 3590 2795 3649 vita
2817 3587 3088 3668 repellat.
3125 3586 3325 3667 Neque
3349 3587 3508 3647 enim
3538 3595 3751 3662 cessat,

364 3677 540 3742 ζητῶν
591 3672 706 3728 τίνα
755 3672 1013 3748 καταπίῃ,
1076 3668 1140 3753 ᾬ
1176 3674 1262 3728 καὶ
1321 3674 1465 3731 αὐτοὶ
1522 3671 1605 3729 διὰ
1660 3677 1753 3731 τοῦ
1808 3675 2017 3752 σῑερῥοῦ

2107 3680 2313 3760 inquit,
2349 3688 2620 3759 tanquam
2656 3678 2749 3738 leo
2782 3677 3023 3754 rugiens
3058 3674 3464 3747 obambulare,
3486 3692 3756 3755 quaerens

363 3765 461 3827 τῆς
486 3765 671 3840 ψυχῆς
714 3762 1128 3839 παραστήματος
1189 3761 1486 3828 ἀντίστητε,
1549 3765 1671 3841 Περὶ
1708 3764 1803 3831 τῆς
1846 3765 2019 3819 τοιαύ-

2107 3787 2274 3850 quem
2308 3772 2574 3842 devoret,
2610 3766 2702 3827 cui
2737 3785 2837 3826 vos
2868 3783 3104 3845 quoque
3128 3764 3299 3824 ﬁrmo
3327 3762 3510 3823 animi
3541 3762 3757 3825 robore

362 3871 462 3915 της
520 3847 576 3905 δὲ
635 3847 910 3909 ἆνενδότου
966 3847 1252 3917 ἐπιϐουλῆς
1307 3852 1395 3907 καὶ
1445 3851 1727 3915 ’[ιυσττνος
1784 3855 1812 3908 6
1868 3852 2017 3930 ἅγιος

2107 3847 2380 3919 resistite.
2410 3855 2495 3918 De
2528 3855 2869 3934 hujusmodi
2899 3871 3037 3912 vero
3063 3852 3301 3913 acribus
3324 3850 3556 3912 insidiis
3579 3858 3638 3912 et
3656 3870 3750 3913 ac—

364 3939 583 4018 μάρτυς,
643 3940 733 3994 καὶ
787 3939 885 4006 τῆς
968 3938 1252 4015 ἐπιμελοῦς
1314 3942 1470 3996 αὐτοῦ
1526 3939 1641 3997 καθ’
1698 3942 1849 4016 ἡμῶν
1906 3963 2017 3997 πα-

2107 3955 2301 4007 curata
2331 3946 2517 4026 ipsius
2548 3944 2751 4004 fraude
2769 3944 3079 4003 adversum
3106 3950 3485 4015 nos,sanrtus
3514 3959 3749 4020 quoque

360 4028 602 4107 νουργίας
671 4029 768 4096 τὴν
829 4030 994 4086 αἰτίαν
1072 4028 1484 4105 παρατιθέμενός
1565 4052 1748 4110 φησιι,
1833 4033 1906 4093 ὡς
1988 4033 2015 4086 6

2107 4034 2363 4097 lustinus
2381 4043 2600 4114 martyr
2619 4051 2852 4093 causam
2878 4031 3100 4092 afferen
3112 4049 3161 4104 s,
3198 4028 3526 4108 dicit,quod
3551 4027 3754 4090 diabo-

360 4114 603 4182 διάϐολος
662 4118 765 4195 πρὸ
820 4122 918 4185 τῆς
998 4127 1092 4175 τοῦ
1175 4120 1359 4198 Κυρίου
1415 4119 1698 4197 παρουσίας
1751 4123 1844 4177 οὒκ
1900 4117 2014 4194 ᾔδει

2107 4125 2187 4185 lus
2218 4134 2354 4185 ante
2378 4122 2609 4184 Domini
2628 4122 2944 4182 adventum
2974 4138 3088 4179 non
3121 4119 3269 4179 adeo
3287 4127 3490 4198 aperte
3514 4125 3755 4179 noverat

360 4211 559 4284 τρανῶς
603 4204 747 4262 οῧτω
784 4210 883 4277 τῆς
943 4208 1126 4263 ἑαυτοῦ
1185 4209 1438 4283 τιμωρίας
1477 4209 1575 4275 τὴν
1634 4205 1873 4283 δύναμιν,
1910 4214 2013 4264 τῶν

2107 4215 2209 4275 vim
2239 4213 2329 4274 sui
2362 4211 2660 4293 supplicii,
2697 4230 2831 4272 eum
2864 4209 3043 4270 divini
3081 4208 3389 4289 prophetze
3421 4207 3573 4267 hanc
3602 4206 3748 4268 aeni-

358 4295 508 4385 Oelwv
590 4296 881 4385 προφτηῷν
980 4294 1378 4375 αἰνιγματωδῶς
1463 4297 1661 4363 τκύττιν
1746 4296 2016 4377 διαγορευ-
2097 4294 3751 4385 επιδιίοοιιεηυιιεἱειεεεηιεᾳυριιιοιιιιιοιιυιιιῐεειίειεδί,ειώ

359 4383 586 4464 σάντων,
631 4386 705 4448 ὡς
739 4387 767 4441 ὁ
828 4376 1080 4461 Ἠσαῖας,
1137 4387 1239 4441 ὑπὸ
1285 4387 1554 4465 προσώπῳ
1595 4394 1686 4443 τοῦ
1742 4386 2012 4465 Ἀσσυρίου

2107 4376 2355 4473 persona
2378 4391 2600 4473 Assyrii
2623 4390 2763 4451 525
2783 4376 3022 4451 omnem
3051 4389 3125 4449 de
3155 4387 3393 4448 diabolo
3423 4404 3753 4468 repraesen-

357 4478 531 4528 πᾶσαν
556 4473 656 4540 τὴν
710 4475 848 4529 κατὰ
889 4474 979 4530 τὸν
1027 4472 1269 4530 διάϐολον
1307 4473 1761 4554 δραμματουργῖαν
1822 4464 2010 4555 ἐάτρα-

2107 4464 2372 4542 ialionem
2401 4464 2623 4553 tragice
2645 4481 3068 4541 narrans.t‘.um
3094 4485 3288 4538 autem
3322 4464 3606 4538 Dominus
3634 4474 3744 4536 ad-

356 4558 541 4639 γῳδῶν
591 4560 942 4637 ἐπεκάλυψεν.
990 4562 1081 4619 Ἐν
1140 4566 1224 4626 οἷς
1272 4560 1325 4618 δὲ
1382 4573 1475 4622 τοῦ
1536 4565 1717 4643 Κυρίου
1773 4586 2010 4643 παραγε-

2107 4566 2376 4641 venisset,
2413 4569 2469 4621 et
2500 4555 2701 4639 aperte
2732 4559 2969 4621 diabolo
3004 4560 3253 4639 ejusque
3297 4557 3523 4632 angelis
3552 4556 3751 4634 ignem

356 4647 598 4723 νομὲνου,
670 4652 760 4706 καὶ
828 4658 905 4726 τῷ
991 4648 1221 4726 διαϐι-λῳ
1277 4654 1451 4732 σαφῆς
1524 4653 1859 4717 ἀποκεῖσθαι,
1927 4655 2014 4710 καὶ

353 4736 673 4812 ἡτοιμλσθαι
716 4739 778 4795 τὸ
819 4740 1028 4796 αἰώνιον
1087 4747 1186 4818 πῦρ
1243 4742 1332 4797 καὶ
1389 4754 1505 4804 τοῖς
1551 4741 1800 4819 ἀγγέλοις
1859 4746 2013 4801 αὒτ-υῦ

353 4824 598 4899 ἤκουσεν,
633 4826 692 4883 οὒ
721 4828 943 4885 παύεται
993 4841 1112 4893 τοῖς
1166 4844 1379 4887 πιστοῖς
1433 4827 1812 4903 ἐπιϐουλεύειν,
1871 4830 2014 4888 πολ-

353 4913 479 4978 λοὺς
552 4914 700 4995 ἔχειν
770 4915 1088 4993 βουλόμενος
1147 4917 1240 4984 ἐῆς
1300 4920 1488 4975 ἑαυτοῦ
1542 4922 1827 4983 κοινωνοὺς
1884 4921 2016 4978 ἀπο·

353 5003 614 5077 στάσεως,
689 5006 763 5068 ὡς
821 5003 882 5062 ἂν
929 5006 1008 5082 μή
1054 5007 1214 5082 μόνος
1271 5008 1575 5088 αἰσχύνοιτο
1606 5010 1771 5085 ταύτῃ
1817 5009 2014 5089 ἐνεχό-

354 5113 539 5167 μενος,
617 5097 802 5173 ψυγρᾷ
846 5095 1010 5172 ταύτῃ
1067 5096 1155 5152 καὶ
1212 5097 1462 5172 βασκάνῳ
1516 5100 1814 5175 παραμυθ’ᾳ
1873 5121 2016 5175 περι-

353 5182 733 5260 κροτούμενος.
805 5205 827 5237 α
880 5182 1089 5247 Εἰδότες
1121 5184 1188 5240 τὰ
1245 5186 1375 5242 αὐτὰ
1431 5191 1535 5241 τῶν
1593 5188 1945 5261 παθημάτων.
1981 5211 2008 5242 n

355 5261 449 5333 ἐὶς
483 5268 647 5344 ἔοικε,
708 5270 938 5336 πολλαῖς
997 5286 1120 5338 ταῖς
1178 5271 1265 5329 διὰ
1323 5276 1542 5352 Χριστὸν
1586 5274 1791 5352 θλίψεσι
1843 5278 2014 5333 κατεί-

351 5381 519 5439 χοντο
549 5360 715 5441 οῦτοι,
748 5363 879 5439 πρὸς
911 5363 998 5425 οὒς
1031 5364 1060 5418 6
1105 5361 1299 5441 Πέτρος
1348 5363 1557 5443 γράφει.
1623 5367 1717 5421 Διὸ
1773 5367 1861 5422 καὶ
1905 5363 2013 5422 ἄνω

357 5450 446 5504 καὶ
527 5449 676 5506 κάτω
747 5457 902 5506 τοῦτο
957 5454 1369 5529 παραμυθεῖται.
1431 5451 1581 5509 Ἐκεῖ
1636 5455 1733 5529 μὲν
1788 5452 1873 5510 διὰ
1922 5462 2013 5513 τοῦ

350 5539 641 5604 κοινωνοὺς
673 5539 859 5604 α’μτοὺς
918 5540 1147 5618 γίνεσθαι
1206 5546 1312 5597 τῶν
1371 5551 1465 5600 τοῦ
1524 5545 1708 5623 Κυρίου
1762 5544 2013 5623 πάσχον-

2096 4659 2380 4713 aeternum
2408 4650 2730 4729 repositum
2754 4667 2821 4708 ac
2846 4666 2951 4727 par
2974 4656 3113 4707 νίυῐῐ]
3128 4664 3261 4706 esse
3281 4644 3530 4706 dixisset
3548 4645 3748 4718 89,lioc

2096 4740 2198 4802 ille
2225 4739 2422 4800 audito
2447 4756 2564 4799 non
2585 4745 2771 4799 cessat
2794 4734 3069 4798 fidelibus
3094 4733 3386 4806 insidiari,
3414 4733 3630 4794 multos
3651 4733 3750 4795 ha-

2100 4829 2241 4891 bere
2256 4828 2465 4890 volens
2489 4846 2613 4888 sua;
2639 4825 2991 4888 defectionis
3007 4832 3422 4896 consortes,ne
3436 4822 3597 4883 solus
3612 4823 3751 4883 huic.

2098 4918 2408 4979 adhaerens
2424 4914 2923 4996 pudeiiat,l'rigida
2937 4915 3047 4975 hac
3064 4920 3122 4974 et
3135 4910 3332 4973 invida
3344 4910 3750 4973 consolatione

2099 5007 2213 5068 sibi
2244 5005 2553 5086 plaudens.
2598 5031 2623 5058 α
2674 5005 2948 5066 Scientes
3031 5001 3270 5063 easdem
3301 4999 3678 5063 afﬂictioncs.
3715 5022 3739 5058 ι

2099 5094 2614 5170 Quemadmodum
2663 5092 2988 5155 verisimile
3021 5100 3130 5165 est,
3176 5090 3233 5150 hi
3265 5089 3335 5149 ad
3363 5106 3511 5168 quos
3542 5087 3751 5150 scribit

2100 5182 2542 5263 Petrus,multis
2569 5192 2808 5262 propter
2836 5182 3130 5246 Christum
3149 5176 3573 5239 afflictionibus
3607 5195 3749 5258 prec

2096 5273 2412 5335 mebantur
2435 5292 2448 5333 :
2475 5271 2609 5331 ideo
2660 5280 2717 5331 et
2748 5271 2807 5331 in
2834 5267 3310 5350 praecedentibus
3333 5265 3467 5328 etin
3486 5285 3748 5347 sequen-

2094 5363 2251 5424 tibus
2280 5364 2449 5422 ail'ert
2477 5361 2547 5420 ad
2580 5361 2689 5421 hoc
2721 5359 3186 5420 consolationem
3216 5377 3229 5417 :
3267 5355 3348 5417 ibi
3379 5355 3619 5437 quidem
3641 5374 3748 5436 per

2095 5454 2208 5515 hoc
2239 5450 2394 5531 quod
2415 5450 2726 5527 patientes,
2764 5447 3097 5509 efficiantur
3126 5446 3240 5525 ipsi
3267 5454 3574 5506 consortes
3602 5444 3749 5506 ami-

2095 5542 2358 5604 ctionum
2385 5537 2695 5604 Christi.et
2716 5538 2846 5618 ejus
2863 5556 2996 5618 qua:
3016 5537 3309 5597 revelatur
3329 5533 3531 5614 gloriae
3548 5535 3746 5596 haere-

432 5703 497 5755 78
529 5705 737 5792 Matth.
771 5722 938 5784 xvm,
972 5709 1030 5772 4.
1118 5706 1184 5760 79
1212 5678 1422 5773 Matth.
1450 5726 1549 5791 xx,
1585 5711 1686 5775 27.
1770 5712 1834 5764 80
1865 5711 2070 5776 Matth.
2100 5727 2227 5792 xm,
2273 5708 2351 5773 24
2395 5726 2564 5790 seqq.
2650 5705 2853 5771 8115a.
2916 5723 3035 5783 xw,
3096 5706 3136 5768 4
3192 5722 3358 5787 seqq.
3443 5704 3508 5755 83
3534 5701 3741 5766 Matth.

350 5802 497 5863 xxv,
524 5787 590 5850 41
623 5805 795 5871 seqq.
