4136 6436
379 392 496 456 575

1493 402 1905 467 (ΕΟΗΜΕΝΙΙ
1951 398 2248 464 TRICCA!)
2283 404 2619 468 EPISCOPI

3653 404 3781 473 576

378 532 484 619 «les
519 554 531 591 :
566 530 662 592 hic
692 540 890 596 autem
930 552 1038 614 per
1065 535 1179 596 hoc
1238 536 1393 615 quod
1422 555 1537 599 non
1573 537 1684 599 soli
1718 540 2014 619 patiantur

2124 559 2218 600 τας
2286 541 2643 614 παθημάτων,
2711 544 2798 599 καὶ
2867 546 2967 608 τῆς
3026 540 3542 617 ἀποκαλυπτομένης
3614 540 3778 609 δόξης

379 618 483 680 sed
517 627 572 680 et
603 638 810 682 omnes
869 622 1082 686 ﬁdeles
1122 625 1222 705 qui
1253 626 1312 688 in
1365 626 1584 687 mundo
1632 618 1769 689 sunt
1802 646 1814 689 :
1848 645 2023 707 porro

375 709 719 788 gravitatem
753 711 988 775 alleviat
1021 716 1273 780 societas
1303 725 1670 780 consortum.

979 995 1218 1062 CAPUT
1262 997 1414 1062 VIII.

582 1098 861 1164 Precatio
881 1119 997 1182 pro
1020 1103 1392 1181 perfectione
1419 1105 1821 1168 credentium.

456 1200 529 1275 ν,
566 1203 769 1267 10-14.
829 1205 991 1267 Deus
1018 1214 1215 1270 autem
1244 1209 1444 1270 omnis
1473 1210 1693 1287 gratiae
1724 1212 1833 1290 qui
1866 1229 2032 1275 voca-

380 1295 462 1352 rit
500 1309 609 1353 uos
659 1294 740 1355 ad
778 1303 1062 1358 (sternam
1091 1314 1259 1358 suam
1295 1299 1563 1372 gloriam
1593 1316 1702 1377 per
1723 1298 2031 1363 Christum

374 1383 598 1449 Jesum.
635 1400 971 1460 parumper
997 1387 1250 1463 afﬂictos
1272 1387 1428 1447 idem
1453 1392 1756 1450 instauret
1782 1390 2037 1464 vos,ful-

380 1472 521 1549 (τίσι,
564 1471 824 1539 roboret.
884 1476 1177 1537 stabiliat.
1213 1476 1333 1555 Ipsi
1375 1474 1577 1555 gloria
1616 1486 1671 1540 et
1703 1481 2029 1557 imperium

378 1562 440 1619 iu
474 1561 697 1623 stecuta
727 1566 1107 1628 saeculorum.
1141 1565 1349 1627 Amen.
1377 1568 1497 1626 Per
1524 1565 1841 1628 Silvanum
1866 1569 2030 1632 vobis

378 1650 619 1727 ﬁdelem
662 1654 932 1729 fratrem,
969 1662 1038 1715 ut
1076 1653 1366 1729 arbitror,
1394 1657 1605 1734 paucis
1632 1658 1847 1737 scripsi
1877 1680 1890 1721 :
1924 1660 2027 1721 ad-

379 1740 626 1801 hortans
654 1759 726 1802 ac
775 1745 1099 1805 testiﬁcans
1149 1745 1306 1805 hanc
1356 1761 1483 1805 esse
1514 1763 1719 1808 ceram
1754 1754 2025 1827 gratiam

382 1829 485 1921 Dei
513 1831 578 1891 in
618 1847 737 1907 qua
767 1834 963 1895 statis.
1012 1831 1266 1895 Salutat
1298 1850 1401 1895 vos
1436 1851 1506 1895 ea
1530 1852 1665 1913 quae
1687 1844 1777 1897 est
1807 1837 1874 1898 in
1908 1838 2025 1899 Bo-
2048 1874 2085 1921 Β

379 1919 621 1995 bylone,
673 1928 891 1982 vestrae
940 1939 1182 1983 consors
1252 1921 1557 1985 electionis
1626 1924 1921 2003 Ecclesia,
1972 1941 2025 1988 et

379 2008 620 2070 .tlarcus
640 2009 804 2084 ﬁlius
833 2027 1025 2072 meus.
1065 2010 1343 2075 Salutate
1387 2030 1489 2074 vos
1519 2022 1726 2076 mutuo
1756 2016 2025 2076 charito-

373 2097 453 2156 tis
481 2096 699 2159 osculo.
742 2100 875 2160 Pax
901 2099 1063 2161 vobis
1092 2100 1374 2162 omnibus
1398 2102 1503 2179 qui
1524 2108 1667 2164 estis
1685 2105 1753 2165 in
1788 2104 2026 2167 Christo

370 2184 538 2248 .lesu.
580 2188 779 2249 Amen.

461 2274 884 2337 Etinchoando
896 2275 1219 2355 Epistolam
1230 2280 1457 2339 Patrem
1476 2278 1903 2343 dixitmisereri
1921 2300 2027 2362 per

378 2363 616 2434 Filium,
649 2364 1126 2439 etnuncﬁniens,
1147 2366 1424 2428 eumdem
1441 2366 1672 2429 Patrem
1687 2387 1895 2429 vocare
1918 2370 2022 2431 do-

378 2453 833 2532 cetperFilium:
860 2472 992 2514 nam
1018 2453 1076 2513 id
1097 2462 1186 2516 est
1206 2454 1353 2535 ipsis
1376 2474 1594 2535 scapus
1616 2465 1676 2517 ut
1700 2457 2024 2537 praedicent

386 2545 751 2622 mysterium,
811 2561 1145 2623 quanquam
1190 2544 1301 2605 hoc
1333 2543 1550 2605 faciant
1579 2564 1712 2606 cum
1744 2547 2022 2609 exhorta-

382 2631 561 2692 tione.
598 2652 626 2690 ‹
660 2633 773 2694 Ρει·
829 2630 1175 2710 Sylvmum.
1206 2658 1232 2688 ιι
1291 2632 1480 2695 Valde
1534 2634 1726 2696 fidelis
1774 2643 1898 2697 erat
1928 2636 2025 2698 hic

378 2719 670 2795 Silvanus,
705 2729 762 2781 et
791 2721 949 2782 circa
970 2721 1452 2802 prmdicatinnem
1476 2723 1752 2785 alacriter
1769 2734 2024 2787 certans.

380 2809 686 2890 Siquidem
704 2810 975 2871 etPaulus
988 2812 1118 2889 ejus
1131 2812 1679 2893 meminit.eumque
1691 2814 2025 2894 adjutorem

380 2919 497 2960 una
531 2919 664 2961 cum
699 2899 1013 2961 Timotheo
1050 2900 1192 2961 526
1228 2901 1288 2962 in
1312 2901 1591 2983 Epistolis
1608 2903 1729 2964 suis
1751 2903 2019 2979 assumit,

378 2986 622 3049 dicens:
665 2988 938 3057 «Paulus.
975 2996 1032 3049 et
1061 2987 1351 3063 Silvanus,
1379 2997 1437 3050 et
1468 2989 1814 3052 Timotheus
1839 2992 1954 3055 δι’.
1992 3017 2017 3048 ››

2107 626 2493 703 κληρονόμους.
2541 630 2797 687 Ἐνταῦθα
2856 628 2910 685 δὲ
2969 628 3052 686 διὰ
3110 640 3203 689 τοῦ
3258 630 3335 707 μὴ
3405 630 3597 706 μόνους
3652 631 3772 687 πά-

2106 738 2282 795 σχειν,
2332 717 2466 774 ἀλλά
2509 720 2597 775 καὶ
2648 722 2845 785 πάντας
2900 721 3021 784 τοὺς
3081 720 3214 776 κατὰ
3261 720 3462 795 κόσμον
3519 719 3766 785 πιστούς.

2107 804 2472 887 Συνελαφρίζει
2522 806 2576 864 δὲ
2626 810 2685 865 τὸ
2727 809 2885 886 βάρος
2943 810 2978 876 ἠ
3039 814 3143 865 τῶν
3203 808 3612 866 ἐπικοινούντων
3642 829 3740 886 συγ

2107 894 2317 975 χέρεια,

2747 987 3118 1061 ΚΕΦΑΑ.ΗἌ

2262 1121 2291 1158 ι
2328 1103 2481 1181 Εύχὴ
2525 1103 2652 1182 ὑπὲρ
2680 1100 3003 1165 τελειώσεως
3032 1104 3135 1159 τῶν
3167 1102 3543 1162 πιστευόντων.
3579 1125 3606 1157 ι

2203 1226 2224 1258 σ
2279 1194 2335 1261 εΟ
2367 1201 2421 1258 δὲ
2449 1206 2577 1268 Θεὸς
2623 1206 2797 1271 πάσης
2841 1204 3081 1284 χάριτος,
3142 1207 3168 1260 ὃ
3224 1203 3453 1269 καλέσας
3510 1206 3655 1280 ἡμᾶς
3687 1206 3769 1268 εἰς

2120 1295 2217 1361 τὴν
2299 1295 2509 1350 αἰώνιον
2593 1297 2748 1353 αῦτοῦ
2851 1293 2999 1359 δόξαν
3098 1294 3150 1350 ἐν
3236 1302 3469 1374 Χριστῷ,
3555 1293 3767 1369 Ἰηοοῦ,

2119 1381 2292 1461 ὀλίγον
2378 1385 2657 1458 παθόντας,
2755 1385 2907 1447 αὔτὸς
2999 1384 3302 1461 καταρτίσαι
3372 1385 3531 1457 ὑμᾶς,
3620 1405 3768 1451 στη-

2116 1472 2266 1551 ρίξαι,
2356 1473 2633 1545 σθενώσαι,
2704 1471 3045 1546 θεμελιώσαι.
3122 1473 3273 1528 Αῦτῶ
3334 1474 3367 1539 ἡ
3458 1469 3602 1543 δόξα,
3675 1474 3772 1528 καὶ

2112 1561 2300 1638 κράτος
2397 1563 2469 1625 εἰς
2553 1562 2673 1625 τοὺς
2760 1562 2953 1623 αἰῶνας
3050 1567 3153 1616 τῶν
3247 1560 3472 1639 αἰώνων,
3561 1560 3764 1631 Ἀμήν,

2115 1653 2211 1707 Διὰ
2296 1649 2581 1707 Σιλουανοῦ
2673 1653 2801 1723 ὑμῖν
2894 1660 2989 1708 τοῦ
3084 1651 3273 1706 πιστοῦ
3354 1647 3601 1729 ἀδελφοῦ,
3687 1653 3769 1714 ὡς

2108 1738 2405 1819 λογζομαι,
2508 1738 2575 1795 δι’
2664 1739 2850 1817 ὀλίγων
2958 1738 3184 1817 ἔγραψα,
3271 1746 3592 1817 παρακαλῶν
3673 1746 3770 1800 καὶ

2108 1832 2470 1911 ἐπιμαρτυρῶν
2525 1833 2720 1898 ταύτην
2788 1832 2928 1887 εἶναι
2993 1830 3167 1897 ἀληθῆ
3237 1832 3397 1910 χάρ.ν
3454 1837 3545 1886 τοῦ
3603 1839 3763 1900 Θεοῦ,

2110 1924 2179 1984 εἷς
2210 1923 2272 1989 ην
2307 1924 2587 1991 ἑστήκατε,
2650 1920 2967 1990 Ἀσπάζεται
2999 1921 3135 1990 ὑμᾶς
3165 1921 3198 1986 ἡ
3232 1919 3285 1974 ἐν
3329 1917 3597 1976 Βαϐυλῶνι
3628 1919 3769 1977 Ἐκ-

2106 2012 2300 2077 κλησίιο
2329 2010 2648 2077 συνεκλεκθη
2681 2011 2769 2066 καὶ
2817 2008 3027 2073 Midae:
3059 2011 3085 2064 ὁ
3116 2009 3223 2072 υἱός
3266 2031 3387 2083 μου,
3428 2007 3768 2066 Ἀσπάσασθε

2109 2099 2373 2170 ἀλλήλους
2405 2100 2459 2155 ἐν
2488 2098 2748 2178 φιλήματι
2781 2099 3019 2176 ἀγάπης.
3068 2099 3265 2176 Εἰρήνη
3294 2100 3422 2173 ὑμῖν
3470 2105 3598 2153 πᾶσι
3641 2112 3767 2164 τοῖς

2108 2196 2159 2246 ἐν
2196 2191 2402 2268 Χριστῷ
2432 2189 2624 2254 Ἰησοῦ.
2680 2187 2873 2262 ’Λμήν,
2928 2210 2951 2240 ι)

2190 2279 2286 2335 Καὶ
2334 2277 2633 2356 ἀρχόμενος
2682 2280 2778 2344 τῆς
2824 2272 3170 2343 Ἐπιστολῆς,
3216 2274 3306 2330 τὸν
3348 2273 3555 2353 Πατέρα
3606 2274 3765 2355 ἔλεγε

2106 2364 2189 2425 διά
2271 2373 2377 2424 τῶν
2438 2369 2559 2424 Υἱοῦ
2615 2364 2828 2432 ἐλεῆσαι
2872 2365 3039 2438 ἡμᾶς,
3092 2364 3189 2420 Καὶ
3237 2373 3322 2421 νῦν
3364 2361 3605 2445 τελειῶν,
3665 2367 3765 2422 τὸν

2106 2457 2261 2513 αὑτὸν
2319 2455 2519 2534 πατέρα
2556 2453 2773 2510 καλέσαι
2831 2450 2915 2508 διὰ
2969 2458 3062 2509 τοῦ
3117 2454 3229 2511 υἱοῦ
3286 2450 3542 2512 διδάσκει.
3593 2463 3766 2513 Τοῦτο

2106 2545 2205 2622 γὰρ
2262 2547 2443 2606 αὐτοῖς
2502 2544 2725 2605 σκοπὸς.
2796 2542 2857 2597 τὸ
2926 2542 3214 2619 μυστήριον
3264 2540 3506 2620 κηρῦξαι,
3568 2544 3612 2598 εἷ
3670 2545 3767 2600 καὶ

2110 2635 2243 2708 μετὰ
2266 2633 2589 2711 πραινέσεως
2618 2639 2772 2687 τοῦτο
2802 2640 3061 2690 ποιοῦσιν.
3144 2651 3167 2685 α
3208 2630 3304 2685 Διά
3360 2627 3669 2693 Σιλουανοῦ.
3728 2656 3758 2687 ι›

2112 2723 2302 2786 Πιστὸς
2348 2719 2784 2800 ὑπερϐαλλόντως
2847 2721 2874 2775 ὁ
2932 2716 3219 2782 Σιλουανὸς
3262 2719 3440 2781 οὗτος,
3487 2720 3586 2776 Καὶ
3641 2723 3767 2800 περὶ

2109 2811 2168 2866 τὰ
2197 2812 2444 2891 κήρυγμα
2502 2810 2735 2884 εὐθύμως
2792 2807 3198 2888 ἀγωνιζόμενος,
3245 2808 3296 2863 εἴ
3356 2829 3417 2886 γε
3470 2809 3557 2863 καὶ
3614 2814 3767 2865 Παῦ-

2109 2899 2198 2965 λος
2281 2901 2440 2956 αὺτοῦ
2522 2898 2866 2972 μνημονεύει,
2926 2899 3013 2952 καὶ
3068 2898 3316 2974 συνεργὸν
3387 2896 3544 2954 αῦτὸν
3624 2900 3768 2971 μετά

2107 2988 2363 3063 Τιμοθέου
2412 2988 2465 3043 ἐν
2520 3000 2641 3050 ταῖς
2698 2984 3007 3048 ἐπιστολαῖς
3050 2983 3474 3063 παραλαμϐάνει,
3543 3008 3571 3040 α
3618 2993 3768 3043 Παῦ-

2730 1741 2850 1817 ίγων

378 3075 735 3152 Babylonem
752 3086 946 3139 autem
967 3087 1136 3139 vocat
1156 3080 1507 3157 Romam,eo
1531 3080 1683 3159 quod
1704 3078 1852 3141 adeo
1880 3081 2021 3142 insi-

2108 3076 2221 3157 λος,
2267 3076 2458 3159 λέγων,
2490 3077 2577 3132 καὶ
2609 3073 2917 3153 Σιλουανὸς,
2948 3075 3035 3130 καί
3077 3074 3347 3149 Τιμόθεος.
3390 3096 3415 3128 ιι
3474 3071 3767 3132 Βαϐυλῶνα

378 3166 510 3240 guis
540 3181 608 3228 ac
661 3167 945 3244 praeclara
994 3175 1174 3248 esset,
1229 3156 1502 3248 quodin
1547 3156 1802 3249 Babylon
1845 3171 2021 3231 multo

2108 3164 2163 3221 δὲ
2210 3156 2331 3222 ντηὶιν
2406 3156 2615 3239 Ῥώμην
2672 3161 2757 3219 διὰ
2810 3164 2870 3219 τὸ
2920 3163 3200 3242 περιφανὲς
3257 3161 3434 3235 καλεῖ,
3508 3164 3537 3218 ὃ
3592 3165 3679 3220 καὶ
3724 3166 3763 3233 ἡ

381 3267 644 3329 tempore
666 3253 892 3320 habuit.
926 3258 1182 3317 Marcum
1225 3275 1362 3318 vero
1385 3257 1568 3317 ﬁlium
1592 3258 2021 3339 appellatjuxta

2110 3253 2356 3311 Βαϐυλὼν
2393 3252 2576 3328 πολλῷ
2617 3254 2798 3332 χρόνῳ
2853 3250 3080 3331 ἔσχηκε.
3134 3251 3343 3331 Μάρκον
3386 3249 3441 3307 δὲ
3483 3252 3593 3339 υἱὸν
3622 3254 3767 3311 κατά

374 3343 674 3421 spiritum,
720 3352 777 3404 et
807 3363 922 3405 non
950 3344 1119 3425 juxta
1149 3364 1413 3407 carnem.
1445 3345 1596 3408 Huic
1626 3356 1821 3411 autem
1852 3366 2021 3411 com-

378 3431 627 3511 :-iisit,ut
658 3432 831 3494 etiam
852 3434 1243 3511 Evangelium
1284 3434 1597 3497 scriberet.
1641 3436 1887 3509 Quidam
1922 3436 2022 3499 ni-

378 3520 699 3582 hilominus
718 3522 843 3582 ausi
863 3521 1099 3584 fuerunt
1126 3542 1396 3585 asserere
1420 3528 1679 3587 Marcum
1708 3525 1887 3587 fuisse
1905 3525 2024 3587 divi

374 3609 533 3671 l‘etri
561 3608 927 3689 ﬁliumjuxta
949 3630 1212 3687 carnem,
1254 3614 1866 3690 argumentofutentes
1896 3615 2025 3694 ejus

373 3701 532 3773 quod
568 3702 621 3759 in
650 3698 814 3761 Actis
855 3702 1256 3781 apostolorum
1285 3702 1505 3763 dictum
1541 3712 1629 3764 est
1673 3722 1707 3764 a
1738 3706 1889 3765 Luca
1916 3705 2018 3769 83'.

370 3788 467 3849 Λίι
496 3788 652 3849 enim
682 3789 840 3850 hunc
856 3791 1094 3852 Petrum
1121 3809 1225 3871 per
1247 3790 1521 3870 angelum
1544 3790 1653 3853 Dei
1671 3791 2025 3855 mirabiliter

368 3880 442 3938 «to
472 3897 713 3943 carcere
744 3880 1103 3943 eductumin
1127 3901 1243 3961 quo
1274 3882 1648 3943 concluserat
1675 3900 1809 3943 eum
1837 3881 2020 3945 Hero-

368 3970 496 4044 «lcs,
531 3967 846 4030 dimissum
881 3969 955 4031 ab
1004 3970 1270 4050 angelico
1321 3970 1641 4046 colloquio,
1676 3971 1916 4033 venisse
1943 3972 2014 4033 ad

360 4057 601 4118 domum
636 4057 845 4119 matris
872 4057 1144 4138 Joannis,
1171 4058 1272 4141 qui
1303 4058 1837 4137 cognominabatur
1855 4062 2014 4123 Mar-

365 4163 489 4219 cus,
520 4153 799 4226 tanquam
823 4146 892 4208 ad
918 4165 1083 4208 suam
1106 4148 1295 4228 ipsius
1336 4147 1577 4209 domum
1608 4149 1836 4210 venerit
1866 4157 1924 4211 et
1944 4148 2015 4211 ad

367 4232 685 4313 legitimam
718 4254 990 4298 uxorem.
1023 4235 1169 4298 Cum
1200 4244 1396 4298 autem
1431 4235 1646 4299 Paulus
1676 4237 1920 4317 scribat,
1954 4246 2017 4298 ut

363 4342 427 4383 se
461 4331 663 4385 mutuo
691 4324 944 4385 salutent
973 4326 1178 4387 osculo
1207 4333 1432 4392 sancto.
1460 4325 1558 4387 hic
1600 4325 1766 4400 dicit,
1799 4325 2015 4389 Osculo

2107 3355 2311 3419 πνεῦμα
2350 3342 2529 3422 καλεῖ,
2576 3339 2695 3397 ἀλλ’
2753 3343 2812 3397 οὗ
2854 3342 2990 3397 κατὰ
3046 3342 3236 3420 σάρκα.
3304 3341 3483 3414 Τούτῳ
3555 3338 3610 3396 δὲ
3668 3343 3766 3399 καὶ

2105 3435 2166 3489 τὸ
2198 3430 2518 3511 Εὖαγγέλιον
2560 3432 2759 3511 γράψαι
2815 3430 3090 3508 ἐπέτρεψε.
3138 3430 3289 3493 Τινὲς
3344 3427 3398 3485 δὲ
3454 3431 3540 3486 καὶ
3613 3428 3768 3506 ὅμως

2106 3521 2406 3598 ἐτόλμησαν
2447 3522 2535 3577 καὶ
2577 3522 2825 3586 σαρκικὸν
2867 3521 2977 3575 υἱὸν
3026 3519 3293 3598 ἀποφῇναι
3342 3525 3523 3574 τοῦτον
3572 3516 3637 3586 δὴ
3669 3520 3768 3575 τὸν

2108 3612 2318 3689 Μάρκον
2347 3617 2441 3667 τοῦ
2496 3612 2634 3667 θείου
2692 3609 2911 3687 Πέτρου,
2968 3608 3241 3686 τεκμηρίῳ
3295 3608 3626 3687 χρησάμενοι
3681 3615 3767 3683 τῷ

2106 3701 2159 3757 ἐν
2218 3713 2339 3763 ταῖς
2400 3699 2616 3779 Πράξεσι
2677 3698 2783 3755 τῶν
2842 3695 3154 3753 ἀποστόλων
3226 3695 3491 3773 εἰρημένῳ
3554 3702 3759 3768 Λουκᾷ,

2103 3790 2245 3856 Φησὶ
2274 3790 2373 3868 γάρ
2416 3796 2598 3845 τοῦτον
2653 3789 2743 3843 τὸν
2798 3786 2993 3866 Πέτρον
3052 3783 3119 3841 δι’
3179 3784 3406 3864 ἀγγέλου
3463 3792 3599 3841 Θεοῦ
3655 3789 3762 3851 τῆς

2104 3878 2343 3958 φυλακῆς
2415 3876 2736 3944 ἐκϐληθέντα
2779 3874 3107 3955 παραδόξως,
3168 3877 3205 3951 ᾗ
3259 3872 3598 3930 κατέκλεισεν
3654 3876 3762 3932 αῦ-

2102 3971 2192 4024 τὸν
2262 3960 2527 4046 Ἡρώδης,
2590 3974 2683 4025 τοῦ
2739 3970 3121 4045 χρηματισμοῦ
3174 3970 3266 4019 τοῦ
3321 3960 3548 4041 ἀγγέλου
3617 3962 3761 4041 ἀφε-

2098 4058 2252 4116 θέντα
2309 4060 2380 4122 εἱς
2428 4058 2526 4125 τὴν
2583 4057 2748 4112 οἰκίαν
2805 4058 3035 4134 ὁρμῆσαι
3091 4058 3188 4120 τῆς
3246 4056 3449 4132 μητρὸς
3510 4049 3763 4110 Ἰωάννου

2099 4151 2192 4205 τοῦ
2247 4145 2621 4213 ἐπικληθέντος
2666 4146 2901 4223 Μάρκου,
2957 4145 3031 4206 ὡς
3075 4144 3147 4206 εἷς
3194 4143 3289 4209 τὴν
3346 4142 3531 4201 ἑαυτοῦ
3587 4141 3762 4198 οὶκίαν

2099 4234 2451 4293 ἐπανελθόντα
2506 4235 2595 4291 καὶ
2659 4237 2756 4300 τὴν
2814 4234 3045 4308 νομίμην
3099 4233 3339 4310 σύζυγον.
3400 4229 3503 4288 Τοῦ
3550 4229 3760 4287 Παύλου

2099 4324 2152 4381 δὲ
2211 4325 2530 4395 ἀσπάζεσθαι
2616 4321 2877 4392 ἀλλήλους
2964 4320 3017 4377 ἐν
3115 4319 3373 4399 φιλήματι
3457 4319 3758 4399 γράφοντος

362 4411 689 4487 rharitatis,
724 4412 882 4474 idem
915 4412 1123 4475 dicens
1145 4433 1278 4475 cum
1311 4414 1434 4476 illo.
1472 4413 1646 4476 Novit
1676 4416 1835 4477 enim
1871 4417 2016 4477 Pau-

2108 4415 2254 4492 Ξιγίῳ,
2301 4415 2453 4477 οὗτος
2524 4411 2613 4470 Ἐν
2689 4409 2948 4491 φιλήματι
3030 4433 3191 4490 φησιν
3261 4409 3501 4489 ἀγάπης,
3559 4407 3755 4465 ταῦτὸν

364 4499 454 4560 lus
478 4502 542 4552 85
569 4499 914 4564 charitatem
957 4521 1088 4583 quae
1146 4503 1480 4566 secundum
1513 4503 1809 4568 Christum
1844 4513 1933 4567 est
1960 4511 2018 4566 et

361 4588 640 4653 omnibus
684 4590 997 4654 virtutibus
1050 4592 1239 4672 major
1270 4601 1382 4675 est,
1416 4593 1545 4673 ipso
1579 4611 1818 4674 quoque
1852 4612 2011 4655 mar-

366 4690 377 4739 t
388 4680 514 4759 yrio
529 4689 769 4761 propter
782 4679 1080 4744 Christum
1100 4691 1396 4762 suscepto.
1416 4681 1734 4762 Illeitaque
1746 4692 2011 4744 sanctum

360 4769 627 4830 osculum
664 4768 1197 4849 dicitsegregatum
1230 4788 1299 4831 ac
1318 4770 1626 4832 deﬁnitum
1650 4771 1710 4832 in
1742 4770 1888 4845 Deo,
1917 4772 2015 4832 hic

364 4866 558 4920 autem
583 4857 1175 4922 similitercharitatis
1191 4860 1456 4922 osculum
1472 4879 1603 4941 quae
1624 4878 1760 4922 vera
1772 4860 2014 4922 dilectio

362 4957 653 5028 rst,quam
689 4949 909 5010 Paulus
938 4949 1215 5011 laudibus
1248 4950 1475 5011 extulit.
1512 4950 1648 5011 Ideo
1674 4949 1849 5010 etiam
1865 4948 2011 5010 sub-

354 5038 591 5116 jungit:
630 5060 656 5091 α
693 5039 810 5100 Pax
834 5038 1001 5101 vobis
1031 5037 1311 5100 omnibus
1341 5037 1438 5119 qui
1493 5040 1636 5100 estis
1692 5039 1750 5099 in
1780 5037 2011 5100 Christo

361 5128 499 5186 .icsu
531 5145 544 5185 :
577 5151 602 5181 ιι
642 5145 759 5187 non
789 5128 1089 5206 vulgarem
1123 5126 1332 5187 dicens
1365 5146 1568 5207 pacem
1601 5146 1732 5208 qua:
1749 5133 1839 5188 est
1857 5128 2009 5207 apud

366 5213 801 5294 hominesqua;
821 5216 1164 5277 hominibus
1182 5216 1348 5277 cordi
1368 5225 1456 5278 est
1488 5226 1731 5297 propter
1743 5217 2011 5278 all‘ectio-

367 5321 497 5362 nem
529 5301 732 5379 gloriae
761 5322 925 5365 vanae
947 5313 1004 5365 et
1035 5305 1334 5366 fruitionis
1376 5307 1762 5387 voluptatum,
1798 5306 2015 5387 quibus

366 5389 844 5471 traduntseipsos
874 5394 934 5455 hi
967 5393 1069 5474 qui
1099 5412 1129 5455 ιι
1149 5392 1307 5455 bello
1327 5403 1560 5457 vacant:
1587 5396 1690 5457 sed
1711 5405 2013 5476 precatur,

368 5490 427 5539 ιιι
463 5498 667 5560 pacem
696 5491 1278 5563 consequantur,qua
1313 5492 1372 5548 et
1402 5494 1726 5565 praeceptor
1747 5483 2017 5548 Christus

441 5649 521 5705 δι’
556 5648 816 5714 IThess.
853 5670 893 5729 ι,
938 5659 959 5713 1
999 5701 1012 5731 ,
1046 5651 1096 5714 II
1127 5651 1336 5717 Thess.
1374 5670 1418 5734 ι,
1460 5661 1512 5716 1.

2102 4504 2286 4575 ἐκείνῳ
2314 4500 2505 4579 λέγων,
2563 4500 2875 4559 Ἐπίσταται
2923 4501 3022 4579 γάρ
3063 4501 3151 4555 καὶ
3214 4496 3418 4562 Παῦλος
3462 4498 3559 4565 την
3618 4498 3759 4553 κατά

2107 4593 2330 4670 Χριστὸν
2381 4590 2619 4670 ἀγάπην,
2683 4590 2846 4665 μείζω
2901 4594 3085 4645 πασῶν
3154 4587 3313 4643 οὖσαν
3368 4593 3476 4643 τῶν
3528 4586 3754 4666 ἀρετῶν,

2096 4682 2184 4738 καὶ
2241 4680 2399 4737 αὑτοῦ
2456 4679 2548 4737 τοῦ
2630 4678 2766 4736 κατά
2834 4679 3056 4756 Χριστὸν
3121 4676 3420 4756 μαρτυρίου.
3511 4674 3756 4739 Ἐκεῖνος

2098 4770 2194 4846 μὲν
2224 4768 2313 4825 οὖν
2355 4767 2561 4848 φίλημα
2589 4767 2764 4846 ἅγιον,
2810 4768 2871 4823 τὸ
2914 4765 3278 4845 ἀφωρισμένον
3333 4765 3385 4820 ἐν
3437 4768 3553 4839 Θεῷ
3582 4762 3755 4843 λέγει.

2098 4861 2262 4923 Οὗτος
2305 4855 2360 4912 δὲ
2390 4859 2585 4933 ὁμοίως
2637 4856 2851 4934 ἀγάπης
2910 4854 3117 4933 φίλημα
3158 4859 3256 4921 τῆς
3314 4852 3478 4918 ὅντως
3537 4854 3753 4931 ἀγάπης

2095 4949 2161 5015 ἣν
2203 4949 2291 5004 καὶ
2326 4946 2530 5009 Παῦλος
2587 4944 2866 5020 ἐξύμνησε,
2919 4947 3011 5000 Διὸ
3067 4945 3153 4999 καὶ
3198 4943 3406 5021 ἐπάγει,
3461 4966 3484 4995 (ι
3552 4944 3753 5022 Εἰρήνη

2094 5040 2221 5113 ὑμῖν
2252 5042 2379 5091 πᾶσι
2409 5048 2525 5101 τοῖς
2554 5038 2609 5091 ἐν
2655 5041 2865 5113 Χριστῷ
2917 5034 3094 5100 Ἰησοῦ
3126 5048 3138 5062 ⁸
3213 5055 3235 5088 ο
3303 5031 3361 5087 οῦ
3420 5036 3518 5097 τῆς
3568 5032 3754 5099 κοινῆς

2097 5129 2308 5205 εἰρήνης
2340 5123 2512 5201 λέγων
2555 5130 2653 5191 τῆς
2714 5125 2851 5180 κατά
2906 5122 3232 5200 ἀνθρώπους,
3288 5119 3405 5187 ἥτις
3450 5118 3515 5176 δι’
3579 5120 3754 5196 ἒμπά-

2095 5219 2243 5272 θειαν
2300 5215 2589 5293 ἀνθρώποις
2649 5211 3017 5283 σπουδάζεται,
3094 5210 3250 5279 δόξης
3336 5211 3561 5285 ματαίας
3613 5210 3752 5267 ἀπο-

2097 5303 2333 5367 λαύσεως
2382 5300 2605 5375 ἡδονῶν,
2650 5304 2780 5382 πρὸς
2811 5302 2871 5364 ἃς
2901 5304 2947 5358 οἱ
2976 5301 3082 5357 ἀπὸ
3139 5306 3246 5356 τῶν
3298 5298 3551 5375 πολέμων
3610 5321 3752 5379 σχο-

2097 5393 2344 5464 λάζοντες
2423 5390 2711 5449 ἐκδιδόασιν
2805 5392 3037 5462 ἑαυτοὺς,
3110 5388 3228 5446 ἀλλ’
3295 5390 3508 5467 εἰρήνης
3566 5391 3752 5451 αὐτοὺς

2099 5495 2288 5562 τυχεῖν
2346 5483 2694 5562 παρεύχεται,
2768 5486 2834 5550 ἧς
2918 5481 3100 5546 αὐτοὺς
3169 5479 3263 5536 καὶ
3444 5476 3753 5540 διδάσκαλος

1597 5653 1680 5704 8"
1713 5654 1838 5717 Act.
1872 5670 1975 5729 xu,
2017 5653 2035 5716 l
2078 5669 2243 5733 seqq.
2330 5650 2445 5713 851
2478 5648 2614 5713 Cor.
2653 5666 2780 5729 xm,
2818 5647 2992 5711 1-13.
