4136 6458
360 396 478 465 579
1491 389 1907 458 (ῈΟΟΜΕΝΙΙ
1950 386 2035 450 TF

2132 379 2247 445 (ΗΕ
2284 378 2621 445 EPISCOPI
3630 369 3752 438 580

355 530 801 596 ΕΡΙΒΤΟιλΕ
882 525 1436 593 POSTERIORIS
1517 522 2035 591 CATHOLICA,

2130 522 2440 575 ζΕΦΑΔΑΙΑ
2490 523 2624 576 ΤΗΣ
2658 521 2919 575 ΠΕΤΡΟΥ
2961 519 3350 574 ΚΑΘΟΔΙΚΗΣ
3402 517 3745 571 ΔΕΥΤΕΡΑΣ

874 609 1131 673 PETRI
1172 605 1460 671 CAPITA
1479 656 1492 669 .

2710 610 3126 666 ΕΠΙΣΤΟΛΗΣ.

357 710 417 775 i.
462 711 552 772 De
582 709 894 772 vocatione
940 725 1051 788 per
1089 706 1268 788 ﬁdem
1325 704 1684 784 conﬁrmata
1725 701 2011 784 operibus

2157 690 2233 762 α’.
2285 703 2410 783 Περί
2460 702 2704 773 κλήσεως
2767 708 2866 770 τῆς
2920 701 2974 758 ἐν
3047 703 3216 758 πίστει
3268 699 3441 781 ἔργοις
3495 693 3747 788 βεϐαιου-

440 815 576 879 ᾳιιω
590 803 731 860 sunt
760 799 830 858 in
851 785 1079 860 virtute
1090 785 1176 859 ’σο
1194 812 1298 876 spe
1311 793 1663 875 futurorum
1689 790 2005 855 bonorum.

2172 789 2339 866 μένης
2381 804 2499 857 τοῖς
2529 797 2628 860 τῆς
2657 792 2850 873 ἆρετῆς
2905 793 2999 848 καὶ
3045 790 3254 856 ἐλπίδος
3295 792 3403 846 τῶν
3446 785 3749 865 μελλόντων

2169 879 2403 937 ἀγαθῶν.
2440 903 2464 936 u

355 981 415 1038 2.
451 975 821 1038 Adhortatio
848 974 925 1034 ad
962 972 1253 1035 doctrinae
1281 970 1782 1044 admonitionem,
1825 986 2006 1031 revo-

2156 902 2647 1049 ἔξωέζρίγγελία
2730 971 2804 1034 εἷς
2878 968 3177 1045 ὑπόμνησιν
3229 972 3330 1036 τῆς
3410 961 3749 1026 διδασκαλίας

435 1065 631 1128 cando
651 1081 781 1127 eam
804 1063 871 1124 in
886 1062 1243 1124 memoriam
1268 1077 1286 1122 :
1313 1067 1370 1120 et
1386 1057 1681 1139 quomodo
1711 1059 1779 1119 in
1808 1065 2010 1121 monte

2173 1056 2309 1133 μετὰ
2367 1059 2468 1125 τὴν
2536 1058 2831 1133 ἀνάμνησιν
2898 1062 3079 1138 αὐτοῦ,
3151 1058 3238 1115 καὶ
3317 1057 3468 1120 ἀπως
3525 1053 3579 1110 ἐν
3635 1050 3746 1132 ὄρει

440 1153 679 1221 Thabor
700 1152 1004 1216 audiverit
1036 1149 1152 1213 Dei
1179 1167 1383 1213 vocem
1410 1148 1485 1211 de
1517 1147 1775 1210 Christo.

2173 1142 2359 1226 Θαὸὼρ
2413 1152 2511 1214 τῆς
2569 1147 2700 1205 Θεοῦ
2755 1148 2873 1228 περὶ
2941 1154 3169 1226 Χριστοῦ
3240 1145 3569 1216 ἐπήκουσατε
3621 1162 3747 1223 φω-

360 1333 421 1397 3.
466 1320 839 1394 ναίίοἰηὶαηι
871 1329 949 1391 de
978 1326 1376 1407 fraudulenta
1405 1326 1837 1388 insurrectione
1876 1326 2005 1388 hae-

2174 1255 2294 1402 :‘f.
2344 1258 2644 1404 ἶῙράῤῥησις
2728 1324 3005 1394 ἀπαταλῆς
3109 1323 3511 1387 ἐπαναστάσεως
3596 1324 3744 1401 αἰρε-

440 1422 798 1494 reticorum,
857 1420 1309 1499 impietatisque
1364 1417 1630 1495 ipsorum
1681 1433 1751 1476 ac
1809 1417 2006 1495 futuri

441 1509 748 1566 sunnlicii.

2166 1413 2351 1488 τικῶν,
2423 1411 2662 1480 ἀσεϐείας
2717 1437 2775 1471 τε
2846 1414 3018 1472 αὐτῶν
3092 1417 3181 1471 καὶ
3263 1411 3559 1490 μελλούσης

2166 1498 2406 1566 λάσεως.
2439 1526 2465 1557 ι

784 1596 855 1659 de
890 1595 1127 1659 malitia
1182 1593 1492 1655 hominum
1523 1594 1956 1655 haereticorum
1987 1617 1999 1654 :

2166 1511 2346 1557 λὰσεω
2382 1541 2406 1565 .
2439 1526 2465 1557 ι

2153 1587 2183 1644 δ
2193 1578 2227 1649 ”.
2262 1524 2632 1668 Ἐτξανάληψις
2654 1594 2771 1673 περί
2800 1592 2986 1656 κακίας
3019 1592 3305 1671 ἀνθρῴπων
3335 1592 3631 1668 αἰρετικῶν.
3652 1586 3747 1645 Ἐν

442 1690 511 1751 in
541 1675 660 1768 quo
698 1687 900 1768 etiam
931 1688 1140 1768 agitur
1170 1700 1287 1762 quo
1324 1689 1498 1768 pacto
1527 1691 1768 1768 repente
1799 1690 2011 1768 rentu-

2175 1681 2222 1752 ᾧ
2251 1681 2368 1768 περὶ
2396 1687 2487 1738 τοῦ
2516 1688 2631 1745 πῶς
2675 1679 2939 1763 αἰφνιδίως
2966 1681 3079 1752 ἥξει
3112 1684 3334 1761 Χριστὸς
3364 1677 3450 1735 ἐπὶ
3478 1675 3749 1749 συντελείᾳ

442 1764 569 1830 φας’
581 1768 661 1829 sit
679 1764 956 1828 Christus
972 1767 1037 1826 in
1049 1764 1565 1825 consummatione
1584 1764 1764 1841 hujus
1777 1764 2005 1826 saeculi.

2176 1766 2325 1824 τοῦδε
2382 1776 2477 1827 τοῦ
2544 1772 2755 1846 αἰῶνος,
2802 1770 2939 1828 ὥστε
2996 1768 3108 1828 δεῖν
3164 1770 3544 1850 εὖτρεπίζεσθαι
3600 1766 3748 1843 πόσῃ

445 1859 654 1937 itaque
683 1854 830 1918 dicit
860 1861 1133 1937 oportere
1161 1854 1327 1915 omni
1350 1854 1574 1914 virtute
1604 1854 1917 1915 adornari.
2040 1862 2079 1911 Β
2180 1855 2366 1936 ἀρετῇ,
2412 1881 2441 1914 ι

3645 1432 3745 1466 κο-

1115 2167 1835 2298 ΠΑΥΛΟΥ
1930 2169 3022 2305 ΑΠΟΣΥΟΛΟΥ

1011 2433 1084 2516 Η
1209 2430 1795 2516 ΚΑΘΟΛΙΚΗ
1920 2433 2424 2520 ΔΕΥΤΕΡΑ
2543 2436 3117 2523 ΕΠΙΣΤΟΛΗ

1486 2830 1891 2937 PETRI
1983 2830 2669 2945 APOSTOLI

1007 3078 1723 3177 POSTERIOR
1802 3076 2405 3176 EPISTULA
2485 3080 3193 3179 CATHOLICA

1025 3380 1270 3446 CAPUT
1313 3379 1362 3445 ι
2037 3386 2077 3437 c

376 3485 543 3541 διο
580 3478 664 3539 De
708 3478 1022 3539 vocatione
1066 3489 1174 3552 per
1203 3469 1378 3550 ﬁdem
1429 3466 1795 3552 conﬁrmata
1822 3470 2021 3551 operi-

461 3558 567 3621 bus
598 3574 733 3638 quas
761 3561 907 3619 sunt
948 3560 1013 3615 in
1042 3547 1273 3615 uirtute
1301 3569 1371 3611 ac
1406 3566 1508 3629 spe
1543 3547 1894 3627 futurorum
1920 3552 2023 3613 bo-

458 3656 703 3701 norum.

2745 3377 3117 3451 KE¢AA.AK

2111 3492 2133 3525 ι
2195 3471 2318 3548 Περὶ
2369 3469 2611 3554 κλήσεως
2670 3478 2791 3554 ,τῆς
2869 3478 2926 3531 ἓν
2984 3478 3179 3554 πίστει,
3211 3474 3384 3554 ἔργοις
3439 3469 3756 3554 βεῦαιουμὲ-

2189 3553 2456 3687 Ξηςθξοῖς
2503 3553 2598 3622 τῆς
2657 3553 2849 3633 ἀρετῆς
2905 3558 2993 3613 καὶ
3042 3551 3250 3621 ἐλπίδος
3304 3560 3411 3610 τῶν
3454 3551 3758 3629 μελλόντων

2224 3653 2292 3687 να
2323 3655 2423 3687 ων.
2459 3654 2482 3687 ι)

2224 3653 2396 3709 γαυων
2406 3676 2423 3694 ο
2459 3654 2482 3691 Ι)

460 3730 507 3803 Ι,
541 3729 598 3801 1,
634 3727 694 3789 2.
730 3724 939 3786 Simon
983 3722 1208 3782 Petrus
1235 3736 1444 3780 servus
1471 3728 1525 3780 et
1557 3721 1856 3801 apostolus
1883 3724 2029 3785 Iesu

382 3816 633 3890 Christi,
668 3816 748 3877 iis
778 3813 886 3893 qui
926 3827 1100 3891 osque
1133 3807 1529 3885 honorificam
1562 3810 1865 3873 nobiscum
1895 3831 2027 3874 80r-

378 3907 478 3970 titi
506 3912 647 3967 sunt
701 3903 904 3983 ﬁdem,
967 3915 1072 3979 per
1087 3898 1399 3976 justitiam
1436 3896 1551 3959 Dei
1574 3902 1768 3961 ποδινί
1796 3907 1852 3962 et
1880 3899 2029 3963 Sal-

377 3994 607 4058 vatoris
658 3991 805 4054 Jesu
837 3988 1085 4052 Christi.
1119 3984 1339 4050 Gratia
1385 3985 1546 4047 vobis
1575 3995 1629 4049 et
1669 4005 1794 4067 pan:
1819 3990 2032 4052 multi-

374 4084 660 4163 plicetur,
711 4083 777 4141 in
820 4076 1165 4155 cognitione
1208 4091 1281 4136 ac
1335 4073 1447 4136 Dei
1487 4075 1623 4137 Jesu
1655 4076 2031 4139 Dominino-

386 4171 500 4234 stri.
513 4220 521 4230 .

473 4283 493 4314 ι
535 4256 763 4320 Simon.
801 4275 827 4314 ι
860 4251 1152 4316 Scribitur
1182 4259 1237 4311 et
1261 4249 1527 4313 Simeon.
1553 4249 1695 4311 Nam
1722 4272 1750 4313 a
1782 4252 2033 4316 Rimeon

386 4347 702 4409 diminutio
719 4352 808 4406 est
825 4342 1064 4405 Simon:
1091 4339 1589 4421 quemadmodum
1612 4361 1644 4401 a
1662 4342 2034 4408 Metrodorus

385 4439 628 4514 Metras,
687 4452 721 4494 a
776 4431 1139 4495 M‘enodorus
1197 4428 1413 4503 Menas,
1475 4437 1532 4489 et
1581 4448 1615 4490 a
1667 4430 2036 4495 Theodosius

386 4520 906 4589 TheudasStatim
929 4528 1122 4581 autem
1147 4517 1218 4579 ab
1245 4517 1485 4579 exordio
1501 4520 1712 4583 attollit
1734 4532 1962 4582 mentes
1980 4530 2037 4583 et

383 4616 613 4677 animas
659 4608 1057 4683 credentium,
1090 4606 1162 4667 ad
1195 4606 1418 4686 aaquale
1447 4607 1704 4671 studium
1740 4628 1841 4672 eos
1870 4609 2034 4672 exci-

385 4712 516 4766 tans
570 4702 730 4764 circa
786 4696 1267 4780 praedicationem
1338 4715 1469 4757 cum
1534 4698 1838 4777 apostolis.
1896 4700 2038 4761 ὅττι)

386 4792 517 4856 Νοη
555 4791 712 4853 enim
767 4789 996 4869 justum
1049 4793 1139 4847 est
1187 4792 1254 4847 ut
1310 4785 1409 4865 qui
1440 4803 1609 4866 aeque
1639 4791 2033 4851 honor.ﬁcum

391 4879 583 4943 sortiti
612 4887 752 4941 sunt
778 4877 1027 4949 donum,
1070 4874 1130 4934 in
1161 4873 1357 4954 aliquo
1388 4873 1505 4934 sint
1532 4873 1623 4935 his
1655 4878 2033 4955 posteriores,

390 4968 606 5051 quibus
637 4964 920 5028 declarati
950 4971 1089 5025 sunt
1121 4981 1254 5024 esse
1273 4963 1550 5043 aequales.
1577 4961 1810 5046 Ubique
1843 4977 2038 5029 autem

392 5076 538 5140 pace
589 5076 692 5118 eos
737 5055 975 5135 excipit,
1000 5060 1057 5113 at
1088 5070 1205 5112 non
1236 5052 1365 5131 ejus
1394 5071 1526 5132 quae
1551 5054 1757 5114 mundi
1788 5066 1896 5129 est,
1934 5055 2041 5118 sed

395 5165 527 5228 quae
568 5146 628 5206 in
663 5145 765 5208 Dei
798 5142 1133 5222 cognitione
1163 5141 1272 5202 sita
1304 5150 1412 5204 est.
1446 5140 1591 5203 Nam
1626 5144 1752 5205 sola
1788 5146 1913 5207 haec
1944 5143 2041 5207 di-

396 5237 551 5297 citur
583 5254 714 5315 pax,
740 5240 804 5294 ut
831 5250 963 5312 quae
990 5249 1099 5292 nos
1132 5230 1344 5292 liberet
1374 5231 1445 5291 ab
1478 5232 1807 5295 oﬂ‘ensione
1836 5248 1893 5296 et
1919 5234 2041 5296 ini—

397 5323 621 5386 micitia
650 5325 720 5384 ad
752 5322 963 5383 Deum.
998 5319 1138 5381 Ideo
1156 5338 1391 5400 quoque
1411 5320 1679 5383 Christus
1696 5322 1849 5385 hanc
1872 5323 2045 5386 nobis

397 5412 605 5474 tribuit
634 5411 952 5473 discedens
993 5410 1062 5470 ad
1092 5411 1346 5481 Patrem,
1378 5416 1585 5471 etcum
1611 5429 1644 5470 a
1669 5413 1917 5475 mortuis
1939 5433 2042 5476 re-

397 5501 752 5564 surrexisset
775 5500 1058 5561 clamans.
1100 5497 1246 5559 (Pax
1269 5496 1435 5558 vobis
1464 5497 1509 5560 1.
1542 5522 1565 5557 ιι
1604 5500 1673 5561 Et
1695 5501 1753 5562 in
1773 5503 2046 5565 ecclesiis

400 5591 675 5671 angelum
700 5588 860 5671 pacis
892 5586 1063 5649 nobis
1100 5585 1227 5648 dari
1282 5594 1594 5667 precamur
1622 5608 1633 5652 :
1670 5608 1739 5652 ac
1768 5593 2046 5654 sacerdos

486 5749 697 5816 i.loan.
734 5768 859 5829 xw,
892 5749 971 5811 27
1009 5766 1153 5825 ;xx.
1195 5748 1289 5824 19,
1322 5748 1422 5826 21,
1456 5750 1551 5812 26.

2198 3741 2220 3775 ι
2303 3720 2481 3796 Σίμων
2564 3722 2754 3802 Πέτρος
2814 3720 2995 3788 δοῦλος
3052 3726 3140 3780 καὶ
3210 3722 3505 3786 ἀπόστολος
3578 3721 3759 3787 Ἰησοῦ

2114 3816 2359 3888 Χριστοῦ,
2437 3825 2555 3874 τοῖς
2623 3811 2859 3888 ἰσότιμον
2940 3816 3079 3889 ἡμῖν
3149 3813 3378 3893 λαχοῦσι
3449 3812 3622 3869 πίστιν
3706 3809 3760 3865 ἐν

2114 3895 2415 3975 δικαιοσύνῃ
2483 3906 2576 3955 τοῦ
2633 3907 2763 3957 Θεοῦ
2847 3902 3023 3975 ἡμῶν,
3087 3903 3175 3959 καὶ
3262 3905 3513 3980 Σωτῆρος
3586 3899 3764 3966 Ἰησοῦ

2115 3992 2360 4065 Χριστοῦὲ
2450 3989 2608 4068 Χάρις
2705 3993 2840 4065 ἡμῖν
2937 3993 3028 4047 καὶ
3136 3991 3318 4069 εἰρήνη
3419 3988 3760 4062 πληθυνθείη,

2117 4074 2172 4130 ἐν
2253 4075 2533 4155 ἐπιγνώσει
2618 4087 2711 4137 τοῦ
2782 4085 2913 4135 Θεοῦ

2115 4187 2283 4240 υμων,
2323 4189 2351 4220 ι

2204 4276 2231 4309 ι
2266 4254 2466 4330 Σίμων,
2507 4278 2532 4310 ι
2569 4256 2824 4336 Γράφεται
2867 4259 2952 4314 καὶ
2988 4259 3229 4335 Συμεών.
3263 4266 3365 4317 Τοῦ
3392 4260 3492 4339 γὰρ
3522 4258 3765 4333 Συμεὼν,

2116 4344 2177 4399 τὸ
2207 4348 2384 4418 Σίμων
2414 4345 2803 4425 ὁποκοκρισμὸς
2849 4346 3011 4420 ἐστιν,
3061 4350 3103 4404 εἰ
3161 4350 3249 4405 καὶ
3297 4349 3390 4405 τοῦ
3419 4344 3768 4426 Μητρόδωρος

2118 4435 2178 4488 τὸ
2224 4440 2462 4512 Μητρᾶς,
2525 4436 2613 4491 καὶ
2663 4445 2753 4494 τοῦ
2810 4433 3127 4516 Μηνόδωρος
3173 4441 3235 4494 τὸ
3292 4444 3500 4517 Μηνᾶς,
3549 4439 3633 4493 καὶ
3674 4445 3769 4495 τοῦ

2120 4520 2393 4587 Θεοδόσιος
2464 4524 2524 4578 τὸ
2584 4522 2795 4590 Θευδᾶς.
2870 4524 3065 4582 Αὐτίκα
3122 4524 3177 4582 δὲ
3219 4526 3278 4582 ἐκ
3318 4527 3609 4607 προοιμίων
3665 4529 3764 4583 ἀν-

2122 4612 2293 4677 ίστησι
2336 4612 2403 4666 τὰ
2448 4627 2603 4692 φροντ
2616 4634 2757 4689 ματα
2813 4620 2919 4670 τῶν
2968 4615 3361 4672 πιστευσάντων
3402 4617 3490 4672 καὶ
3531 4615 3626 4677 τὰς
3669 4619 3768 4690 ψυ-

2120 4701 2250 4780 χὰς,
2285 4701 2357 4762 εἰς
2388 4708 2486 4767 τήν
2530 4697 2658 4768 ἴσην
2706 4702 2890 4765 αὐτοὺς
2944 4700 3208 4783 διεγείρων
3252 4706 3370 4782 περί
3411 4705 3473 4760 τὸ
3520 4704 3770 4782 κήρυγμα

2120 4787 2352 4856 σπουδὴν
2396 4802 2512 4855 τοῖς
2556 4788 2896 4855 ἀποστόλοις.
2961 4794 3021 4849 Οἱ
3077 4794 3177 4873 γὰρ
3236 4794 3474 4869 ἰσότιμον
3531 4792 3778 4873 χάρισμα

2120 4876 2407 4958 λαχόντες,
2459 4879 2552 4934 οὐκ
2620 4879 2682 4934 ἂν
2724 4877 2913 4936 δίκαιοι
2970 4881 3211 4961 ὑστερεῖν
3262 4904 3406 4946 τινος
3449 4882 3648 4938 τούτων
3699 4884 3775 4937 ὧν

2121 4965 2232 5022 ἴσοι
2262 4968 2550 5045 πεφήνασι,
2611 4973 2896 5047 Πανταχοῦ
2937 4965 2992 5024 δὲ
3050 4975 3118 5046 τῇ
3171 4972 3351 5050 εἰρήνῃ
3408 4970 3562 5035 αὐτὸς
3611 4991 3774 5047 περι-

2122 5069 2326 5135 κροτεῖ,
2360 5053 2478 5111 ἀλλ’
2504 5057 2563 5111 οὗ
2604 5063 2671 5133 τῇ
2712 5057 2805 5113 τοῦ
2829 5058 3050 5135 κόσμου,
3098 5065 3165 5136 τῇ
3211 5058 3266 5115 δὲ
3311 5060 3366 5115 ἐν
3394 5065 3463 5137 τῇ
3492 5058 3776 5137 ἐπιγνώσει

2124 5152 2217 5203 τοῦ
2260 5144 2411 5203 Θεοῦ.
2446 5144 2589 5212 Αὕτη
2620 5147 2719 5225 γὰρ
2752 5147 2890 5222 μόνη
2949 5149 3155 5226 εἰρήνη,
3201 5151 3276 5215 ὡς
3319 5153 3420 5216 τῆς
3475 5148 3775 5227 προσκρού-

2126 5256 2259 5299 σεως
2328 5236 2473 5308 ἡμᾶς
2527 5234 2936 5293 ἁπαλλέττουσα
2994 5239 3082 5293 καὶ
3137 5242 3236 5305 τῆς
3295 5240 3425 5317 πρὸς
3483 5239 3574 5293 τὸν
3619 5235 3768 5295 Θεόν.

2131 5324 2223 5379 Διὸ
2252 5324 2338 5378 καὶ
2369 5325 2396 5378 ὃ
2428 5324 2676 5401 Χριστὸς,
2723 5325 2919 5392 ταύτην
2950 5328 3084 5401 ἡμῖν
3127 5326 3298 5383 ἀπιὼν
3341 5328 3469 5405 πρὸς
3511 5327 3601 5382 τὸν
3660 5332 3776 5383 Πα-

2123 5413 2247 5493 τέρα
2276 5412 2537 5492 παρέσχε,
2573 5415 2659 5469 καὶ
2682 5413 2909 5479 ἀναστὰς
2942 5415 3001 5473 ἐκ
3025 5424 3247 5496 νεκρῶν,
3281 5440 3309 5472 α
3347 5417 3540 5496 Εἰρήνη
3564 5416 3715 5491 ὑμῖν,
3749 5437 3774 5474 ε

2124 5504 2285 5580 βοῶν,
2349 5503 2447 5558 Καὶ
2515 5500 2569 5557 ἐν
2639 5516 2760 5568 ταῖς
2820 5504 3123 5573 ἐκκλησίαις
3177 5509 3340 5582 ἡμεῖς
3394 5507 3486 5562 τὸν
3555 5503 3783 5584 ἄγγελον

2125 5598 2225 5659 τῆς
2293 5590 2506 5669 εἰρήνης
2568 5594 2705 5667 ἡμῖν
2774 5596 3036 5675 εὖχόμεθα
3090 5594 3325 5664 δοθῆναι,
3392 5596 3489 5655 Καὶ
3536 5597 3565 5652 ὁ
3618 5595 3784 5675 ἱερεὺς

2997 4080 3080 4136 καὶ
3151 4079 3329 4146 Ἰησοῦ
3420 4085 3512 4135 τοῦ
3578 4077 3768 4156 Κυρίου
