  <div class='ocr_page' id='page_1' title='image "/cluster/home/n/w/nwhite01/storage/ocr_20150623/119:no.2/coo.31924054870237/300.png"; bbox 0 0 4136 6428; ppageno 0'>
   <div class='ocr_carea' id='block_1_1' title="bbox 284 382 393 452">
    <p class='ocr_par' dir='ltr' id='par_1_1' title="bbox 284 382 393 452">
     <span class='ocr_line' id='line_1_1' title="bbox 284 382 393 452; baseline 0 -1"><span class='ocrx_word' id='word_1_1' title='bbox 284 382 393 452; x_wconf 82' lang='lat'><strong>581</strong></span> 
     </span>
    </p>
   </div>
   <div class='ocr_carea' id='block_1_2' title="bbox 1341 376 2637 453">
    <p class='ocr_par' dir='ltr' id='par_1_2' title="bbox 1341 376 2637 453">
     <span class='ocr_line' id='line_1_2' title="bbox 1341 376 2637 453; baseline -0.001 -1"><span class='ocrx_word' id='word_1_2' title='bbox 1341 376 1734 453; x_wconf 77' lang='lat' dir='ltr'><strong>COMMENT.</strong></span> <span class='ocrx_word' id='word_1_3' title='bbox 1780 381 1861 451; x_wconf 88' lang='lat' dir='ltr'><strong>IN</strong></span> <span class='ocrx_word' id='word_1_4' title='bbox 1903 376 2144 450; x_wconf 72' lang='lat' dir='ltr'><strong>EPIST.</strong></span> <span class='ocrx_word' id='word_1_5' title='bbox 2193 391 2250 453; x_wconf 89' lang='lat' dir='ltr'>II</span> <span class='ocrx_word' id='word_1_6' title='bbox 2294 391 2353 453; x_wconf 90' lang='lat' dir='ltr'><strong>S.</strong></span> <span class='ocrx_word' id='word_1_7' title='bbox 2405 386 2637 453; x_wconf 82' lang='lat' dir='ltr'><strong>PETRI</strong></span> 
     </span>
    </p>
   </div>
   <div class='ocr_carea' id='block_1_3' title="bbox 3555 377 3674 448">
    <p class='ocr_par' dir='ltr' id='par_1_3' title="bbox 3555 377 3674 448">
     <span class='ocr_line' id='line_1_3' title="bbox 3555 377 3674 448; baseline -0.034 1"><span class='ocrx_word' id='word_1_8' title='bbox 3555 377 3674 448; x_wconf 78' lang='lat'><strong>582</strong></span> 
     </span>
    </p>
   </div>
   <div class='ocr_carea' id='block_1_4' title="bbox 282 519 1934 609">
    <p class='ocr_par' dir='ltr' id='par_1_4' title="bbox 282 519 1934 603">
     <span class='ocr_line' id='line_1_4' title="bbox 282 519 1934 603; baseline 0.002 -26"><span class='ocrx_word' id='word_1_9' title='bbox 282 519 536 586; x_wconf 82' lang='grc' dir='ltr'>πολλάκις</span> <span class='ocrx_word' id='word_1_10' title='bbox 607 521 805 589; x_wconf 76' lang='grc' dir='ltr'>ταύτην</span> <span class='ocrx_word' id='word_1_11' title='bbox 873 521 1100 603; x_wconf 86' lang='grc' dir='ltr'>παρέχει</span> <span class='ocrx_word' id='word_1_12' title='bbox 1161 528 1238 598; x_wconf 86' lang='grc' dir='ltr'>τῷ</span> <span class='ocrx_word' id='word_1_13' title='bbox 1296 520 1412 598; x_wconf 85' lang='grc' dir='ltr'>λαῷ</span> <span class='ocrx_word' id='word_1_14' title='bbox 1468 521 1575 579; x_wconf 86' lang='grc' dir='ltr'><strong>ἀπὸ</strong></span> <span class='ocrx_word' id='word_1_15' title='bbox 1624 533 1718 583; x_wconf 82' lang='lat'><strong>106</strong></span> <span class='ocrx_word' id='word_1_16' title='bbox 1784 525 1934 603; x_wconf 86' lang='grc' dir='ltr'>ἁγίου</span> 
     </span>
    </p>
   </div>
   <div class='ocr_carea' id='block_1_5' title="bbox 2021 519 3664 609">
    <p class='ocr_par' dir='ltr' id='par_1_5' title="bbox 2021 520 3664 609">
     <span class='ocr_line' id='line_1_5' title="bbox 2021 520 3664 609; baseline -0.002 -24"><span class='ocrx_word' id='word_1_17' title='bbox 2021 524 2089 585; x_wconf 91' lang='lat' dir='ltr'><strong>ab</strong></span> <span class='ocrx_word' id='word_1_18' title='bbox 2119 524 2291 588; x_wconf 80' lang='lat' dir='ltr'><strong>altari</strong></span> <span class='ocrx_word' id='word_1_19' title='bbox 2346 526 2689 609; x_wconf 84' lang='lat' dir='ltr'><strong>frequenter</strong></span> <span class='ocrx_word' id='word_1_20' title='bbox 2745 526 2898 587; x_wconf 89' lang='lat' dir='ltr'><strong>hanc</strong></span> <span class='ocrx_word' id='word_1_21' title='bbox 2957 522 3174 605; x_wconf 89' lang='lat' dir='ltr'><strong>p0pulo</strong></span> <span class='ocrx_word' id='word_1_22' title='bbox 3237 520 3490 583; x_wconf 92' lang='lat' dir='ltr'><strong>tribuit:</strong></span> <span class='ocrx_word' id='word_1_23' title='bbox 3555 538 3664 582; x_wconf 88' lang='lat' dir='ltr'><strong>nos</strong></span> 
     </span>
    </p>
   </div>
   <div class='ocr_carea' id='block_1_6' title="bbox 274 611 1925 691">
    <p class='ocr_par' dir='ltr' id='par_1_6' title="bbox 274 611 1925 691">
     <span class='ocr_line' id='line_1_6' title="bbox 274 611 1925 691; baseline 0.001 -23"><span class='ocrx_word' id='word_1_24' title='bbox 274 612 657 690; x_wconf 71' lang='grc' dir='ltr'><strong>θυσιαστηρίου.</strong></span> <span class='ocrx_word' id='word_1_25' title='bbox 735 612 835 670; x_wconf 84' lang='grc' dir='ltr'><strong>Καὶ</strong></span> <span class='ocrx_word' id='word_1_26' title='bbox 892 613 1054 687; x_wconf 71' lang='grc' dir='ltr'>ἡμεῖς</span> <span class='ocrx_word' id='word_1_27' title='bbox 1127 611 1181 668; x_wconf 89' lang='grc' dir='ltr'><strong>ἐν</strong></span> <span class='ocrx_word' id='word_1_28' title='bbox 1250 624 1372 677; x_wconf 74' lang='grc' dir='ltr'>ταῖς</span> <span class='ocrx_word' id='word_1_29' title='bbox 1447 611 1579 691; x_wconf 82' lang='grc' dir='ltr'>πρὸς</span> <span class='ocrx_word' id='word_1_30' title='bbox 1660 611 1925 684; x_wconf 78' lang='grc' dir='ltr'>ἀλλήλους</span> 
     </span>
    </p>
   </div>
   <div class='ocr_carea' id='block_1_7' title="bbox 272 698 1925 781">
    <p class='ocr_par' dir='ltr' id='par_1_7' title="bbox 272 698 1925 781">
     <span class='ocr_line' id='line_1_7' title="bbox 272 698 1925 781; baseline 0.001 -26"><span class='ocrx_word' id='word_1_31' title='bbox 272 700 590 778; x_wconf 83' lang='grc' dir='ltr'>προσρήσεσι</span> <span class='ocrx_word' id='word_1_32' title='bbox 634 701 804 776; x_wconf 71' lang='grc' dir='ltr'>ταύτῃ</span> <span class='ocrx_word' id='word_1_33' title='bbox 847 701 1177 781; x_wconf 86' lang='grc' dir='ltr'>κεχρήμεθα,</span> <span class='ocrx_word' id='word_1_34' title='bbox 1236 699 1316 756; x_wconf 79' lang='grc' dir='ltr'><strong>ὅτι</strong></span> <span class='ocrx_word' id='word_1_35' title='bbox 1372 698 1508 767; x_wconf 71' lang='grc' dir='ltr'>αὕτη</span> <span class='ocrx_word' id='word_1_36' title='bbox 1554 703 1734 780; x_wconf 87' lang='grc' dir='ltr'>μήτηρ</span> <span class='ocrx_word' id='word_1_37' title='bbox 1783 703 1925 760; x_wconf 75' lang='grc' dir='ltr'>πάν-</span> 
     </span>
    </p>
   </div>
   <div class='ocr_carea' id='block_1_8' title="bbox 268 788 1921 868">
    <p class='ocr_par' dir='ltr' id='par_1_8' title="bbox 268 788 1921 868">
     <span class='ocr_line' id='line_1_8' title="bbox 268 788 1921 868; baseline 0.002 -24"><span class='ocrx_word' id='word_1_38' title='bbox 268 809 376 845; x_wconf 83' lang='grc' dir='ltr'><strong>των</strong></span> <span class='ocrx_word' id='word_1_39' title='bbox 440 794 547 844; x_wconf 83' lang='grc' dir='ltr'><strong>τῶν</strong></span> <span class='ocrx_word' id='word_1_40' title='bbox 604 788 846 867; x_wconf 83' lang='grc' dir='ltr'>ἀγαθῶν,</span> <span class='ocrx_word' id='word_1_41' title='bbox 903 790 991 845; x_wconf 82' lang='grc' dir='ltr'>καὶ</span> <span class='ocrx_word' id='word_1_42' title='bbox 1047 789 1333 851; x_wconf 79' lang='grc' dir='ltr'>ὑπόστασις</span> <span class='ocrx_word' id='word_1_43' title='bbox 1374 788 1467 856; x_wconf 77' lang='grc' dir='ltr'>τῆς</span> <span class='ocrx_word' id='word_1_44' title='bbox 1511 795 1686 868; x_wconf 79' lang='grc' dir='ltr'>χαρᾶς</span> <span class='ocrx_word' id='word_1_45' title='bbox 1742 792 1921 865; x_wconf 75' lang='grc' dir='ltr'>ἡμῶν.</span> 
     </span>
    </p>
   </div>
   <div class='ocr_carea' id='block_1_9' title="bbox 275 876 1924 958">
    <p class='ocr_par' dir='ltr' id='par_1_9' title="bbox 275 876 1924 958">
     <span class='ocr_line' id='line_1_9' title="bbox 275 876 1924 958; baseline 0.002 -26"><span class='ocrx_word' id='word_1_46' title='bbox 275 876 357 932; x_wconf 86' lang='grc' dir='ltr'><strong>Δι’</strong></span> <span class='ocrx_word' id='word_1_47' title='bbox 397 876 426 932; x_wconf 84' lang='grc' dir='ltr'>ὃ</span> <span class='ocrx_word' id='word_1_48' title='bbox 480 878 568 934; x_wconf 84' lang='grc' dir='ltr'><strong>καὶ</strong></span> <span class='ocrx_word' id='word_1_49' title='bbox 612 879 642 934; x_wconf 72' lang='grc' dir='ltr'>ὁ</span> <span class='ocrx_word' id='word_1_50' title='bbox 674 877 862 956; x_wconf 78' lang='grc' dir='ltr'>Κύριος</span> <span class='ocrx_word' id='word_1_51' title='bbox 920 884 1212 958; x_wconf 76' lang='grc' dir='ltr'>φοιτῶντας</span> <span class='ocrx_word' id='word_1_52' title='bbox 1263 877 1384 942; x_wconf 83' lang='grc' dir='ltr'>τοὺς</span> <span class='ocrx_word' id='word_1_53' title='bbox 1439 877 1625 934; x_wconf 76' lang='grc' dir='ltr'>ἑαυτοῦ</span> <span class='ocrx_word' id='word_1_54' title='bbox 1682 880 1924 953; x_wconf 77' lang='grc' dir='ltr'>μαθητὰς</span> 
     </span>
    </p>
   </div>
   <div class='ocr_carea' id='block_1_10' title="bbox 273 966 1923 1047">
    <p class='ocr_par' dir='ltr' id='par_1_10' title="bbox 273 966 1923 1047">
     <span class='ocr_line' id='line_1_10' title="bbox 273 966 1923 1047; baseline 0 -25"><span class='ocrx_word' id='word_1_55' title='bbox 273 967 347 1031; x_wconf 82' lang='grc' dir='ltr'>εἷς</span> <span class='ocrx_word' id='word_1_56' title='bbox 414 966 509 1031; x_wconf 77' lang='grc' dir='ltr'><strong>τὰς</strong></span> <span class='ocrx_word' id='word_1_57' title='bbox 567 967 734 1031; x_wconf 73' lang='grc' dir='ltr'>οἰκίας</span> <span class='ocrx_word' id='word_1_58' title='bbox 792 967 991 1033; x_wconf 80' lang='grc' dir='ltr'>ταύτην</span> <span class='ocrx_word' id='word_1_59' title='bbox 1042 966 1299 1047; x_wconf 83' lang='grc' dir='ltr'>παρέχειν</span> <span class='ocrx_word' id='word_1_60' title='bbox 1355 966 1572 1044; x_wconf 89' lang='grc' dir='ltr'>πρώτην</span> <span class='ocrx_word' id='word_1_61' title='bbox 1630 966 1923 1029; x_wconf 78' lang='grc' dir='ltr'><strong>ἐθέσπισεν,</strong></span> 
     </span>
    </p>
   </div>
   <div class='ocr_carea' id='block_1_11' title="bbox 284 1053 1927 1135">
    <p class='ocr_par' dir='ltr' id='par_1_11' title="bbox 284 1053 1927 1135">
     <span class='ocr_line' id='line_1_11' title="bbox 284 1053 1927 1135; baseline 0.001 -25"><span class='ocrx_word' id='word_1_62' title='bbox 284 1074 309 1109; x_wconf 76' lang='grc' dir='ltr'><strong>α</strong></span> <span class='ocrx_word' id='word_1_63' title='bbox 357 1055 521 1134; x_wconf 82' lang='grc' dir='ltr'>Χάρις</span> <span class='ocrx_word' id='word_1_64' title='bbox 554 1055 686 1131; x_wconf 76' lang='grc' dir='ltr'>ὑμῖν</span> <span class='ocrx_word' id='word_1_65' title='bbox 714 1055 803 1112; x_wconf 83' lang='grc' dir='ltr'>καὶ</span> <span class='ocrx_word' id='word_1_66' title='bbox 848 1056 1054 1135; x_wconf 84' lang='grc' dir='ltr'>εἰρήνη.</span> <span class='ocrx_word' id='word_1_67' title='bbox 1119 1078 1147 1110; x_wconf 73' lang='grc' dir='ltr'><strong>ιι</strong></span> <span class='ocrx_word' id='word_1_68' title='bbox 1211 1056 1283 1113; x_wconf 79' lang='grc' dir='ltr'>Τὸ</span> <span class='ocrx_word' id='word_1_69' title='bbox 1332 1054 1452 1122; x_wconf 80' lang='grc' dir='ltr'><strong>ἑξῆς</strong></span> <span class='ocrx_word' id='word_1_70' title='bbox 1494 1053 1662 1118; x_wconf 67' lang='grc' dir='ltr'>οὕτως</span> <span class='ocrx_word' id='word_1_71' title='bbox 1698 1071 1712 1086; x_wconf 85' lang='grc'><strong><em>⁸</em></strong></span> <span class='ocrx_word' id='word_1_72' title='bbox 1766 1057 1927 1134; x_wconf 82' lang='grc' dir='ltr'>Χάρις</span> 
     </span>
    </p>
   </div>
   <div class='ocr_carea' id='block_1_12' title="bbox 275 1146 1928 1225">
    <p class='ocr_par' dir='ltr' id='par_1_12' title="bbox 275 1146 1928 1225">
     <span class='ocr_line' id='line_1_12' title="bbox 275 1146 1928 1225; baseline 0.002 -25"><span class='ocrx_word' id='word_1_73' title='bbox 275 1146 402 1219; x_wconf 74' lang='grc' dir='ltr'>ὑμῖν</span> <span class='ocrx_word' id='word_1_74' title='bbox 430 1147 519 1202; x_wconf 90' lang='grc' dir='ltr'>καὶ</span> <span class='ocrx_word' id='word_1_75' title='bbox 576 1147 783 1225; x_wconf 83' lang='grc' dir='ltr'>εἰρήνη,</span> <span class='ocrx_word' id='word_1_76' title='bbox 831 1147 903 1209; x_wconf 80' lang='grc' dir='ltr'>ὡς</span> <span class='ocrx_word' id='word_1_77' title='bbox 948 1146 1124 1202; x_wconf 84' lang='grc' dir='ltr'>πάντα</span> <span class='ocrx_word' id='word_1_78' title='bbox 1163 1146 1232 1201; x_wconf 83' lang='grc' dir='ltr'><strong>τὰ</strong></span> <span class='ocrx_word' id='word_1_79' title='bbox 1273 1146 1404 1223; x_wconf 83' lang='grc' dir='ltr'>πρὸς</span> <span class='ocrx_word' id='word_1_80' title='bbox 1449 1146 1593 1216; x_wconf 71' lang='grc' dir='ltr'>ζωὴν</span> <span class='ocrx_word' id='word_1_81' title='bbox 1645 1147 1732 1203; x_wconf 81' lang='grc' dir='ltr'>καὶ</span> <span class='ocrx_word' id='word_1_82' title='bbox 1775 1146 1928 1204; x_wconf 74' lang='grc' dir='ltr'>εὐσέ-</span> 
     </span>
    </p>
   </div>
   <div class='ocr_carea' id='block_1_13' title="bbox 277 1230 1927 1314">
    <p class='ocr_par' dir='ltr' id='par_1_13' title="bbox 277 1230 1927 1314">
     <span class='ocr_line' id='line_1_13' title="bbox 277 1230 1927 1314; baseline 0.001 -24"><span class='ocrx_word' id='word_1_83' title='bbox 277 1230 421 1291; x_wconf 79' lang='grc' dir='ltr'>ϐειαν</span> <span class='ocrx_word' id='word_1_84' title='bbox 450 1233 505 1290; x_wconf 79' lang='grc' dir='ltr'><strong>ἐν</strong></span> <span class='ocrx_word' id='word_1_85' title='bbox 545 1240 616 1311; x_wconf 76' lang='grc' dir='ltr'><strong>τῇ</strong></span> <span class='ocrx_word' id='word_1_86' title='bbox 649 1234 936 1314; x_wconf 78' lang='grc' dir='ltr'><strong>ἐπιγνώσει</strong></span> <span class='ocrx_word' id='word_1_87' title='bbox 993 1235 1084 1291; x_wconf 74' lang='lat'><strong>106</strong></span> <span class='ocrx_word' id='word_1_88' title='bbox 1129 1234 1260 1290; x_wconf 79' lang='grc' dir='ltr'><strong>Θεοῦ</strong></span> <span class='ocrx_word' id='word_1_89' title='bbox 1317 1237 1404 1292; x_wconf 85' lang='grc' dir='ltr'><strong>καὶ</strong></span> <span class='ocrx_word' id='word_1_90' title='bbox 1436 1234 1613 1301; x_wconf 79' lang='grc' dir='ltr'>Ἰησοῦ</span> <span class='ocrx_word' id='word_1_91' title='bbox 1668 1245 1760 1294; x_wconf 84' lang='lat'><strong>106</strong></span> <span class='ocrx_word' id='word_1_92' title='bbox 1817 1246 1927 1294; x_wconf 82' lang='lat' dir='ltr'><strong>K0-</strong></span> 
     </span>
    </p>
   </div>
   <div class='ocr_carea' id='block_1_14' title="bbox 275 1319 1930 1404">
    <p class='ocr_par' dir='ltr' id='par_1_14' title="bbox 275 1319 1930 1404">
     <span class='ocr_line' id='line_1_14' title="bbox 275 1319 1930 1404; baseline 0.002 -27"><span class='ocrx_word' id='word_1_93' title='bbox 275 1322 383 1403; x_wconf 82' lang='grc' dir='ltr'>ρίου</span> <span class='ocrx_word' id='word_1_94' title='bbox 452 1319 537 1379; x_wconf 79' lang='grc' dir='ltr'><strong>διὰ</strong></span> <span class='ocrx_word' id='word_1_95' title='bbox 602 1327 705 1389; x_wconf 83' lang='grc' dir='ltr'>τῆς</span> <span class='ocrx_word' id='word_1_96' title='bbox 787 1323 926 1388; x_wconf 89' lang='grc' dir='ltr'>θείας</span> <span class='ocrx_word' id='word_1_97' title='bbox 984 1321 1141 1380; x_wconf 72' lang='grc' dir='ltr'><strong>αὒτοῦ</strong></span> <span class='ocrx_word' id='word_1_98' title='bbox 1194 1320 1486 1399; x_wconf 79' lang='grc' dir='ltr'>δυνάμεως,</span> <span class='ocrx_word' id='word_1_99' title='bbox 1546 1329 1645 1390; x_wconf 71' lang='grc' dir='ltr'><strong>τῆς</strong></span> <span class='ocrx_word' id='word_1_100' title='bbox 1705 1324 1930 1404; x_wconf 72' lang='grc' dir='ltr'>χσίριτος</span> 
     </span>
    </p>
   </div>
   <div class='ocr_carea' id='block_1_15' title="bbox 272 1409 1930 1492">
    <p class='ocr_par' dir='ltr' id='par_1_15' title="bbox 272 1409 1930 1492">
     <span class='ocr_line' id='line_1_15' title="bbox 272 1409 1930 1492; baseline 0.001 -24"><span class='ocrx_word' id='word_1_101' title='bbox 272 1411 470 1478; x_wconf 83' lang='grc' dir='ltr'>ταύτης</span> <span class='ocrx_word' id='word_1_102' title='bbox 495 1412 623 1486; x_wconf 77' lang='grc' dir='ltr'>ὑμῖν</span> <span class='ocrx_word' id='word_1_103' title='bbox 653 1409 1039 1492; x_wconf 76' lang='grc' dir='ltr'>δωρησαμένης</span> <span class='ocrx_word' id='word_1_104' title='bbox 1092 1413 1251 1468; x_wconf 67' lang='grc' dir='ltr'>αὐτοῦ</span> <span class='ocrx_word' id='word_1_105' title='bbox 1297 1412 1396 1479; x_wconf 81' lang='grc' dir='ltr'><strong>τὴν</strong></span> <span class='ocrx_word' id='word_1_106' title='bbox 1455 1413 1762 1491; x_wconf 77' lang='grc' dir='ltr'>ἐπίγνωσιν,</span> <span class='ocrx_word' id='word_1_107' title='bbox 1833 1413 1930 1481; x_wconf 74' lang='grc' dir='ltr'>τὴν</span> 
     </span>
    </p>
   </div>
   <div class='ocr_carea' id='block_1_16' title="bbox 274 1498 1931 1580">
    <p class='ocr_par' dir='ltr' id='par_1_16' title="bbox 274 1498 1931 1580">
     <span class='ocr_line' id='line_1_16' title="bbox 274 1498 1931 1580; baseline 0.001 -24"><span class='ocrx_word' id='word_1_108' title='bbox 274 1498 446 1575; x_wconf 79' lang='grc' dir='ltr'>δόξαν,</span> <span class='ocrx_word' id='word_1_109' title='bbox 491 1501 589 1568; x_wconf 74' lang='grc' dir='ltr'><strong>την</strong></span> <span class='ocrx_word' id='word_1_110' title='bbox 636 1500 853 1580; x_wconf 84' lang='grc' dir='ltr'>ἀρετήν.</span> <span class='ocrx_word' id='word_1_111' title='bbox 928 1501 1008 1557; x_wconf 79' lang='grc' dir='ltr'><strong>Δι’</strong></span> <span class='ocrx_word' id='word_1_112' title='bbox 1051 1501 1125 1556; x_wconf 86' lang='grc' dir='ltr'>ὦν</span> <span class='ocrx_word' id='word_1_113' title='bbox 1167 1502 1233 1557; x_wconf 82' lang='grc' dir='ltr'>τὰ</span> <span class='ocrx_word' id='word_1_114' title='bbox 1297 1500 1522 1579; x_wconf 85' lang='grc' dir='ltr'>μέγιστα</span> <span class='ocrx_word' id='word_1_115' title='bbox 1553 1500 1931 1580; x_wconf 71' lang='grc' dir='ltr'>ἐπαγγέλματα</span> 
     </span>
    </p>
   </div>
   <div class='ocr_carea' id='block_1_17' title="bbox 274 1580 1926 1670">
    <p class='ocr_par' dir='ltr' id='par_1_17' title="bbox 274 1580 1926 1670">
     <span class='ocr_line' id='line_1_17' title="bbox 274 1580 1926 1670; baseline -0.001 -25"><span class='ocrx_word' id='word_1_116' title='bbox 274 1586 536 1669; x_wconf 76' lang='grc' dir='ltr'>ἐδωρήθη.</span> <span class='ocrx_word' id='word_1_117' title='bbox 614 1580 740 1646; x_wconf 76' lang='grc' dir='ltr'><strong>ΗΙνα</strong></span> <span class='ocrx_word' id='word_1_118' title='bbox 802 1589 1162 1670; x_wconf 74' lang='grc' dir='ltr'>ἀποφυγόντες</span> <span class='ocrx_word' id='word_1_119' title='bbox 1224 1590 1324 1657; x_wconf 80' lang='grc' dir='ltr'><strong>τὴν</strong></span> <span class='ocrx_word' id='word_1_120' title='bbox 1376 1592 1641 1665; x_wconf 80' lang='grc' dir='ltr'>κοσμικὴν</span> <span class='ocrx_word' id='word_1_121' title='bbox 1712 1592 1926 1670; x_wconf 80' lang='grc' dir='ltr'>φθορὰν,</span> 
     </span>
    </p>
   </div>
   <div class='ocr_carea' id='block_1_18' title="bbox 271 1673 1929 1757">
    <p class='ocr_par' dir='ltr' id='par_1_18' title="bbox 271 1673 1929 1757">
     <span class='ocr_line' id='line_1_18' title="bbox 271 1673 1929 1757; baseline 0.001 -22"><span class='ocrx_word' id='word_1_122' title='bbox 271 1679 369 1746; x_wconf 65' lang='grc' dir='ltr'><strong>τὴν</strong></span> <span class='ocrx_word' id='word_1_123' title='bbox 440 1676 507 1734; x_wconf 87' lang='grc' dir='ltr'><strong>δι’</strong></span> <span class='ocrx_word' id='word_1_124' title='bbox 594 1678 867 1753; x_wconf 79' lang='grc' dir='ltr'>ἐπιθυμίας</span> <span class='ocrx_word' id='word_1_125' title='bbox 954 1678 1327 1757; x_wconf 76' lang='grc' dir='ltr'>ἐγγινομένην,</span> <span class='ocrx_word' id='word_1_126' title='bbox 1412 1678 1632 1757; x_wconf 78' lang='grc' dir='ltr'>γένησθε</span> <span class='ocrx_word' id='word_1_127' title='bbox 1688 1673 1929 1736; x_wconf 71' lang='grc' dir='ltr'>κοινωνοὶ</span> 
     </span>
    </p>
   </div>
   <div class='ocr_carea' id='block_1_19' title="bbox 2011 610 3660 690">
    <p class='ocr_par' dir='ltr' id='par_1_19' title="bbox 2011 610 3660 690">
     <span class='ocr_line' id='line_1_19' title="bbox 2011 610 3660 690; baseline -0.002 -17"><span class='ocrx_word' id='word_1_128' title='bbox 2011 613 2189 675; x_wconf 88' lang='lat' dir='ltr'><strong>etiam</strong></span> <span class='ocrx_word' id='word_1_129' title='bbox 2220 614 2279 677; x_wconf 90' lang='lat' dir='ltr'><strong>in</strong></span> <span class='ocrx_word' id='word_1_130' title='bbox 2316 617 2534 678; x_wconf 83' lang='lat' dir='ltr'><strong>mutuis</strong></span> <span class='ocrx_word' id='word_1_131' title='bbox 2564 613 3025 677; x_wconf 67' lang='lat' dir='ltr'><strong>allocutioniiius</strong></span> <span class='ocrx_word' id='word_1_132' title='bbox 3082 612 3192 674; x_wconf 88' lang='lat' dir='ltr'><strong>bac</strong></span> <span class='ocrx_word' id='word_1_133' title='bbox 3225 610 3467 686; x_wconf 90' lang='lat' dir='ltr'><strong>utimur,</strong></span> <span class='ocrx_word' id='word_1_134' title='bbox 3501 610 3660 690; x_wconf 87' lang='lat' dir='ltr'><strong>quod</strong></span> 
     </span>
    </p>
   </div>
   <div class='ocr_carea' id='block_1_20' title="bbox 2010 699 3664 777">
    <p class='ocr_par' dir='ltr' id='par_1_20' title="bbox 2010 699 3664 777">
     <span class='ocr_line' id='line_1_20' title="bbox 2010 699 3664 777; baseline -0.002 -15"><span class='ocrx_word' id='word_1_135' title='bbox 2010 701 2138 764; x_wconf 74' lang='lat' dir='ltr'><strong>haec</strong></span> <span class='ocrx_word' id='word_1_136' title='bbox 2170 713 2361 765; x_wconf 84' lang='lat' dir='ltr'><strong>mater</strong></span> <span class='ocrx_word' id='word_1_137' title='bbox 2411 705 2488 765; x_wconf 86' lang='lat' dir='ltr'><strong>sit</strong></span> <span class='ocrx_word' id='word_1_138' title='bbox 2539 704 2809 765; x_wconf 84' lang='lat' dir='ltr'><strong>omnium</strong></span> <span class='ocrx_word' id='word_1_139' title='bbox 2867 702 3182 777; x_wconf 86' lang='lat' dir='ltr'><strong>bonorum,</strong></span> <span class='ocrx_word' id='word_1_140' title='bbox 3239 720 3307 762; x_wconf 89' lang='lat' dir='ltr'><strong>ac</strong></span> <span class='ocrx_word' id='word_1_141' title='bbox 3335 699 3664 762; x_wconf 85' lang='lat' dir='ltr'><strong>substantia</strong></span> 
     </span>
    </p>
   </div>
   <div class='ocr_carea' id='block_1_21' title="bbox 2007 788 3662 874">
    <p class='ocr_par' dir='ltr' id='par_1_21' title="bbox 2007 788 3662 874">
     <span class='ocr_line' id='line_1_21' title="bbox 2007 788 3662 874; baseline -0.002 -22"><span class='ocrx_word' id='word_1_142' title='bbox 2007 792 2207 869; x_wconf 79' lang='lat' dir='ltr'><strong>gaudii</strong></span> <span class='ocrx_word' id='word_1_143' title='bbox 2238 793 2445 855; x_wconf 86' lang='lat' dir='ltr'><strong>nostri.</strong></span> <span class='ocrx_word' id='word_1_144' title='bbox 2476 792 2736 874; x_wconf 84' lang='lat' dir='ltr'><strong>Ideoque</strong></span> <span class='ocrx_word' id='word_1_145' title='bbox 2766 792 3033 855; x_wconf 82' lang='lat' dir='ltr'><strong>Christus</strong></span> <span class='ocrx_word' id='word_1_146' title='bbox 3089 789 3398 871; x_wconf 85' lang='lat' dir='ltr'><strong>discipulis</strong></span> <span class='ocrx_word' id='word_1_147' title='bbox 3449 789 3571 851; x_wconf 89' lang='lat' dir='ltr'><strong>suis</strong></span> <span class='ocrx_word' id='word_1_148' title='bbox 3601 788 3662 849; x_wconf 92' lang='lat' dir='ltr'><strong>in</strong></span> 
     </span>
    </p>
   </div>
   <div class='ocr_carea' id='block_1_22' title="bbox 2011 878 3664 962">
    <p class='ocr_par' dir='ltr' id='par_1_22' title="bbox 2011 878 3664 962">
     <span class='ocr_line' id='line_1_22' title="bbox 2011 878 3664 962; baseline -0.001 -23"><span class='ocrx_word' id='word_1_149' title='bbox 2011 878 2221 940; x_wconf 81' lang='lat' dir='ltr'><strong>domos</strong></span> <span class='ocrx_word' id='word_1_150' title='bbox 2234 881 2708 962; x_wconf 81' lang='lat' dir='ltr'><strong>ingredientibus</strong></span> <span class='ocrx_word' id='word_1_151' title='bbox 2720 882 2872 943; x_wconf 88' lang='lat' dir='ltr'><strong>hanc</strong></span> <span class='ocrx_word' id='word_1_152' title='bbox 2885 880 3140 962; x_wconf 90' lang='lat' dir='ltr'><strong>primum</strong></span> <span class='ocrx_word' id='word_1_153' title='bbox 3156 880 3370 941; x_wconf 81' lang='lat' dir='ltr'><strong>oﬂ‘erre</strong></span> <span class='ocrx_word' id='word_1_154' title='bbox 3382 878 3664 940; x_wconf 89' lang='lat' dir='ltr'><strong>divinitus</strong></span> 
     </span>
    </p>
   </div>
   <div class='ocr_carea' id='block_1_23' title="bbox 2012 966 3657 1050">
    <p class='ocr_par' dir='ltr' id='par_1_23' title="bbox 2012 966 3657 1050">
     <span class='ocr_line' id='line_1_23' title="bbox 2012 966 3657 1050; baseline 0.001 -22"><span class='ocrx_word' id='word_1_155' title='bbox 2012 968 2196 1030; x_wconf 80' lang='lat' dir='ltr'><strong>edixit</strong></span> <span class='ocrx_word' id='word_1_156' title='bbox 2231 987 2244 1032; x_wconf 94' lang='lat'><strong>:</strong></span> <span class='ocrx_word' id='word_1_157' title='bbox 2315 994 2336 1027; x_wconf 84' lang='grc' dir='ltr'><strong>ιι</strong></span> <span class='ocrx_word' id='word_1_158' title='bbox 2373 971 2576 1034; x_wconf 86' lang='lat' dir='ltr'><strong>Gra&#39;ia</strong></span> <span class='ocrx_word' id='word_1_159' title='bbox 2607 969 2772 1032; x_wconf 86' lang='lat' dir='ltr'><strong>vobis</strong></span> <span class='ocrx_word' id='word_1_160' title='bbox 2803 979 2860 1031; x_wconf 92' lang='lat' dir='ltr'><strong>et</strong></span> <span class='ocrx_word' id='word_1_161' title='bbox 2911 988 3042 1050; x_wconf 83' lang='lat' dir='ltr'><strong>pax.</strong></span> <span class='ocrx_word' id='word_1_162' title='bbox 3084 993 3106 1027; x_wconf 77' lang='grc' dir='ltr'>ιο</span> <span class='ocrx_word' id='word_1_163' title='bbox 3166 966 3326 1032; x_wconf 87' lang='lat' dir='ltr'><strong>Ordo</strong></span> <span class='ocrx_word' id='word_1_164' title='bbox 3360 967 3492 1030; x_wconf 81' lang='lat' dir='ltr'><strong>talis</strong></span> <span class='ocrx_word' id='word_1_165' title='bbox 3521 975 3611 1029; x_wconf 87' lang='lat' dir='ltr'><strong>est</strong></span> <span class='ocrx_word' id='word_1_166' title='bbox 3643 984 3657 1029; x_wconf 93' lang='lat'><strong>:</strong></span> 
     </span>
    </p>
   </div>
   <div class='ocr_carea' id='block_1_24' title="bbox 2013 1055 3665 1139">
    <p class='ocr_par' dir='ltr' id='par_1_24' title="bbox 2013 1055 3665 1139">
     <span class='ocr_line' id='line_1_24' title="bbox 2013 1055 3665 1139; baseline -0.002 -20"><span class='ocrx_word' id='word_1_167' title='bbox 2013 1060 2211 1119; x_wconf 72' lang='lat' dir='ltr'><strong>bratia</strong></span> <span class='ocrx_word' id='word_1_168' title='bbox 2232 1057 2399 1121; x_wconf 81' lang='lat' dir='ltr'><strong>vobis</strong></span> <span class='ocrx_word' id='word_1_169' title='bbox 2415 1069 2477 1121; x_wconf 87' lang='lat' dir='ltr'><strong>et</strong></span> <span class='ocrx_word' id='word_1_170' title='bbox 2503 1078 2608 1139; x_wconf 86' lang='lat' dir='ltr'><strong>pax</strong></span> <span class='ocrx_word' id='word_1_171' title='bbox 2628 1056 3075 1138; x_wconf 84' lang='lat' dir='ltr'><strong>multiplicetur,</strong></span> <span class='ocrx_word' id='word_1_172' title='bbox 3115 1055 3265 1119; x_wconf 90' lang='lat' dir='ltr'><strong>sicut</strong></span> <span class='ocrx_word' id='word_1_173' title='bbox 3303 1056 3504 1117; x_wconf 85' lang='lat' dir='ltr'><strong>omnia</strong></span> <span class='ocrx_word' id='word_1_174' title='bbox 3533 1073 3665 1136; x_wconf 60' lang='lat' dir='ltr'><strong>quae</strong></span> 
     </span>
    </p>
   </div>
   <div class='ocr_carea' id='block_1_25' title="bbox 2012 1143 3664 1228">
    <p class='ocr_par' dir='ltr' id='par_1_25' title="bbox 2012 1143 3664 1228">
     <span class='ocr_line' id='line_1_25' title="bbox 2012 1143 3664 1228; baseline 0.001 -24"><span class='ocrx_word' id='word_1_175' title='bbox 2012 1144 2083 1204; x_wconf 87' lang='lat' dir='ltr'><strong>ad</strong></span> <span class='ocrx_word' id='word_1_176' title='bbox 2117 1145 2292 1207; x_wconf 86' lang='lat' dir='ltr'><strong>vitam</strong></span> <span class='ocrx_word' id='word_1_177' title='bbox 2325 1167 2392 1208; x_wconf 89' lang='lat' dir='ltr'><strong>ac</strong></span> <span class='ocrx_word' id='word_1_178' title='bbox 2436 1148 2717 1228; x_wconf 89' lang='lat' dir='ltr'><strong>pietatem</strong></span> <span class='ocrx_word' id='word_1_179' title='bbox 2749 1146 3073 1227; x_wconf 86' lang='lat' dir='ltr'><strong>faciunt,in</strong></span> <span class='ocrx_word' id='word_1_180' title='bbox 3092 1145 3429 1225; x_wconf 85' lang='lat' dir='ltr'><strong>cognitione</strong></span> <span class='ocrx_word' id='word_1_181' title='bbox 3459 1143 3567 1206; x_wconf 87' lang='lat' dir='ltr'><strong>Dei</strong></span> <span class='ocrx_word' id='word_1_182' title='bbox 3594 1161 3664 1205; x_wconf 89' lang='lat' dir='ltr'><strong>ac</strong></span> 
     </span>
    </p>
   </div>
   <div class='ocr_carea' id='block_1_26' title="bbox 2012 1231 3665 1317">
    <p class='ocr_par' dir='ltr' id='par_1_26' title="bbox 2012 1231 3665 1317">
     <span class='ocr_line' id='line_1_26' title="bbox 2012 1231 3665 1317; baseline 0.001 -24"><span class='ocrx_word' id='word_1_183' title='bbox 2012 1231 2253 1295; x_wconf 92' lang='lat' dir='ltr'><strong>Domini</strong></span> <span class='ocrx_word' id='word_1_184' title='bbox 2273 1235 2581 1311; x_wconf 84' lang='lat' dir='ltr'><strong>Jesu,cum</strong></span> <span class='ocrx_word' id='word_1_185' title='bbox 2608 1256 2711 1317; x_wconf 90' lang='lat' dir='ltr'><strong>per</strong></span> <span class='ocrx_word' id='word_1_186' title='bbox 2735 1236 2990 1297; x_wconf 86' lang='lat' dir='ltr'><strong>divinam</strong></span> <span class='ocrx_word' id='word_1_187' title='bbox 3023 1235 3210 1316; x_wconf 83' lang='lat' dir='ltr'><strong>ipsius</strong></span> <span class='ocrx_word' id='word_1_188' title='bbox 3241 1236 3519 1296; x_wconf 85' lang='lat' dir='ltr'><strong>virtutem</strong></span> <span class='ocrx_word' id='word_1_189' title='bbox 3539 1233 3665 1295; x_wconf 67' lang='lat' dir='ltr'><strong>haec</strong></span> 
     </span>
    </p>
   </div>
   <div class='ocr_carea' id='block_1_27' title="bbox 2013 1321 3663 1405">
    <p class='ocr_par' dir='ltr' id='par_1_27' title="bbox 2013 1321 3663 1405">
     <span class='ocr_line' id='line_1_27' title="bbox 2013 1321 3663 1405; baseline -0.001 -22"><span class='ocrx_word' id='word_1_190' title='bbox 2013 1323 2205 1398; x_wconf 78' lang='lat' dir='ltr'><strong>gratia</strong></span> <span class='ocrx_word' id='word_1_191' title='bbox 2229 1324 2396 1386; x_wconf 87' lang='lat' dir='ltr'><strong>vobis</strong></span> <span class='ocrx_word' id='word_1_192' title='bbox 2423 1326 2628 1405; x_wconf 82' lang='lat' dir='ltr'><strong>largita</strong></span> <span class='ocrx_word' id='word_1_193' title='bbox 2653 1325 2729 1385; x_wconf 91' lang='lat' dir='ltr'><strong>sit</strong></span> <span class='ocrx_word' id='word_1_194' title='bbox 2753 1325 2935 1405; x_wconf 89' lang='lat' dir='ltr'><strong>ipsius</strong></span> <span class='ocrx_word' id='word_1_195' title='bbox 2959 1323 3385 1403; x_wconf 81' lang='lat' dir='ltr'><strong>cognitionem,</strong></span> <span class='ocrx_word' id='word_1_196' title='bbox 3413 1321 3663 1402; x_wconf 81' lang='lat' dir='ltr'><strong>gloriam</strong></span> 
     </span>
    </p>
   </div>
   <div class='ocr_carea' id='block_1_28' title="bbox 2013 1412 3666 1495">
    <p class='ocr_par' dir='ltr' id='par_1_28' title="bbox 2013 1412 3666 1495">
     <span class='ocr_line' id='line_1_28' title="bbox 2013 1412 3666 1495; baseline 0 -25"><span class='ocrx_word' id='word_1_197' title='bbox 2013 1412 2197 1472; x_wconf 79' lang='lat' dir='ltr'><strong>acvirt</strong></span> <span class='ocrx_word' id='word_1_198' title='bbox 2212 1421 2368 1474; x_wconf 91' lang='lat' dir='ltr'><strong>utem</strong></span> <span class='ocrx_word' id='word_1_199' title='bbox 2395 1432 2407 1476; x_wconf 92' lang='lat'><strong>:</strong></span> <span class='ocrx_word' id='word_1_200' title='bbox 2436 1434 2541 1494; x_wconf 90' lang='lat' dir='ltr'><strong>per</strong></span> <span class='ocrx_word' id='word_1_201' title='bbox 2560 1433 2687 1495; x_wconf 67' lang='lat' dir='ltr'><strong>qua:</strong></span> <span class='ocrx_word' id='word_1_202' title='bbox 2709 1414 3136 1494; x_wconf 87' lang='lat' dir='ltr'><strong>promissioncs</strong></span> <span class='ocrx_word' id='word_1_203' title='bbox 3153 1412 3666 1474; x_wconf 74' lang='lat' dir='ltr'><strong>maximaedonatae</strong></span> 
     </span>
    </p>
   </div>
   <div class='ocr_carea' id='block_1_29' title="bbox 2015 1501 3666 1583">
    <p class='ocr_par' dir='ltr' id='par_1_29' title="bbox 2015 1501 3666 1583">
     <span class='ocr_line' id='line_1_29' title="bbox 2015 1501 3666 1583; baseline 0.001 -24"><span class='ocrx_word' id='word_1_204' title='bbox 2015 1508 2189 1563; x_wconf 89' lang='lat' dir='ltr'><strong>sunt:</strong></span> <span class='ocrx_word' id='word_1_205' title='bbox 2247 1512 2310 1563; x_wconf 93' lang='lat' dir='ltr'><strong>ut</strong></span> <span class='ocrx_word' id='word_1_206' title='bbox 2368 1502 2621 1565; x_wconf 88' lang='lat' dir='ltr'><strong>devitata</strong></span> <span class='ocrx_word' id='word_1_207' title='bbox 2672 1503 3052 1583; x_wconf 87' lang='lat' dir='ltr'><strong>corruptione</strong></span> <span class='ocrx_word' id='word_1_208' title='bbox 3080 1501 3400 1576; x_wconf 82' lang='lat' dir='ltr'><strong>mundana,</strong></span> <span class='ocrx_word' id='word_1_209' title='bbox 3433 1518 3566 1581; x_wconf 75' lang='lat' dir='ltr'><strong>quae</strong></span> <span class='ocrx_word' id='word_1_210' title='bbox 3594 1519 3666 1560; x_wconf 85' lang='lat' dir='ltr'><strong>ex</strong></span> 
     </span>
    </p>
   </div>
   <div class='ocr_carea' id='block_1_30' title="bbox 2014 1588 3663 1673">
    <p class='ocr_par' dir='ltr' id='par_1_30' title="bbox 2014 1588 3663 1673">
     <span class='ocr_line' id='line_1_30' title="bbox 2014 1588 3663 1673; baseline -0.001 -24"><span class='ocrx_word' id='word_1_211' title='bbox 2014 1590 2500 1671; x_wconf 78' lang='lat' dir='ltr'><strong>concupiscentia</strong></span> <span class='ocrx_word' id='word_1_212' title='bbox 2533 1590 2826 1673; x_wconf 82' lang='lat' dir='ltr'><strong>provenit,</strong></span> <span class='ocrx_word' id='word_1_213' title='bbox 2863 1598 3169 1652; x_wconf 87' lang='lat' dir='ltr'><strong>consortes</strong></span> <span class='ocrx_word' id='word_1_214' title='bbox 3200 1589 3537 1652; x_wconf 80' lang='lat' dir='ltr'><strong>etﬁciamini</strong></span> <span class='ocrx_word' id='word_1_215' title='bbox 3567 1588 3663 1649; x_wconf 89' lang='lat' dir='ltr'><strong>di-</strong></span> 
     </span>
    </p>
   </div>
   <div class='ocr_carea' id='block_1_31' title="bbox 2013 1675 3667 1760">
    <p class='ocr_par' dir='ltr' id='par_1_31' title="bbox 2013 1675 3667 1760">
     <span class='ocr_line' id='line_1_31' title="bbox 2013 1675 3667 1760; baseline 0.001 -24"><span class='ocrx_word' id='word_1_216' title='bbox 2013 1677 2166 1739; x_wconf 60' lang='lat' dir='ltr'><strong>vina;</strong></span> <span class='ocrx_word' id='word_1_217' title='bbox 2195 1688 2420 1741; x_wconf 60' lang='lat' dir='ltr'><strong>natura:</strong></span> <span class='ocrx_word' id='word_1_218' title='bbox 2485 1704 2506 1737; x_wconf 71' lang='grc' dir='ltr'><strong>ν</strong></span> <span class='ocrx_word' id='word_1_219' title='bbox 2544 1679 2607 1740; x_wconf 92' lang='lat' dir='ltr'><strong>In</strong></span> <span class='ocrx_word' id='word_1_220' title='bbox 2641 1680 2977 1760; x_wconf 86' lang='lat' dir='ltr'><strong>cognitione</strong></span> <span class='ocrx_word' id='word_1_221' title='bbox 3001 1678 3133 1742; x_wconf 90' lang='lat' dir='ltr'><strong>Dei.</strong></span> <span class='ocrx_word' id='word_1_222' title='bbox 3170 1703 3196 1733; x_wconf 73' lang='grc' dir='ltr'>ι)</span> <span class='ocrx_word' id='word_1_223' title='bbox 3232 1677 3426 1741; x_wconf 85' lang='lat' dir='ltr'><strong>Ordo:</strong></span> <span class='ocrx_word' id='word_1_224' title='bbox 3484 1675 3667 1738; x_wconf 83' lang='lat' dir='ltr'><strong>Vobis</strong></span> 
     </span>
    </p>
   </div>
   <div class='ocr_carea' id='block_1_32' title="bbox 271 1763 1934 1847">
    <p class='ocr_par' dir='ltr' id='par_1_32' title="bbox 271 1763 1927 1847">
     <span class='ocr_line' id='line_1_32' title="bbox 271 1763 1927 1847; baseline 0 -23"><span class='ocrx_word' id='word_1_225' title='bbox 271 1772 369 1835; x_wconf 81' lang='grc' dir='ltr'>τῆς</span> <span class='ocrx_word' id='word_1_226' title='bbox 411 1767 553 1831; x_wconf 84' lang='grc' dir='ltr'>θείας</span> <span class='ocrx_word' id='word_1_227' title='bbox 594 1767 824 1847; x_wconf 79' lang='grc' dir='ltr'>φύσεως.</span> <span class='ocrx_word' id='word_1_228' title='bbox 891 1789 914 1824; x_wconf 75' lang='grc' dir='ltr'>ι</span> <span class='ocrx_word' id='word_1_229' title='bbox 979 1763 1067 1823; x_wconf 87' lang='grc' dir='ltr'>Ἐν</span> <span class='ocrx_word' id='word_1_230' title='bbox 1123 1767 1408 1845; x_wconf 77' lang='grc' dir='ltr'>ἐπιγνώσει</span> <span class='ocrx_word' id='word_1_231' title='bbox 1463 1774 1556 1824; x_wconf 79' lang='lat'><strong>106</strong></span> <span class='ocrx_word' id='word_1_232' title='bbox 1601 1775 1754 1830; x_wconf 80' lang='grc' dir='ltr'>Θεοῦ.</span> <span class='ocrx_word' id='word_1_233' title='bbox 1796 1791 1819 1825; x_wconf 78' lang='grc' dir='ltr'><strong>ιι</strong></span> <span class='ocrx_word' id='word_1_234' title='bbox 1856 1768 1927 1826; x_wconf 82' lang='lat' dir='ltr'><strong>To‘</strong></span> 
     </span>
    </p>
   </div>
   <div class='ocr_carea' id='block_1_33' title="bbox 2021 1763 3665 1847">
    <p class='ocr_par' dir='ltr' id='par_1_33' title="bbox 2021 1765 3665 1847">
     <span class='ocr_line' id='line_1_33' title="bbox 2021 1765 3665 1847; baseline 0.001 -21"><span class='ocrx_word' id='word_1_235' title='bbox 2021 1768 2108 1845; x_wconf 88' lang='lat' dir='ltr'><strong>qui</strong></span> <span class='ocrx_word' id='word_1_236' title='bbox 2144 1767 2205 1827; x_wconf 92' lang='lat' dir='ltr'><strong>in</strong></span> <span class='ocrx_word' id='word_1_237' title='bbox 2239 1769 2576 1847; x_wconf 79' lang='lat' dir='ltr'><strong>cognitione</strong></span> <span class='ocrx_word' id='word_1_238' title='bbox 2611 1768 2714 1829; x_wconf 90' lang='lat' dir='ltr'><strong>Dei</strong></span> <span class='ocrx_word' id='word_1_239' title='bbox 2746 1778 2804 1829; x_wconf 90' lang='lat' dir='ltr'><strong>et</strong></span> <span class='ocrx_word' id='word_1_240' title='bbox 2834 1770 2972 1831; x_wconf 77' lang='lat' dir='ltr'><strong>Jesu</strong></span> <span class='ocrx_word' id='word_1_241' title='bbox 3006 1766 3242 1828; x_wconf 90' lang='lat' dir='ltr'><strong>Domini</strong></span> <span class='ocrx_word' id='word_1_242' title='bbox 3274 1765 3459 1828; x_wconf 89' lang='lat' dir='ltr'><strong>nostri</strong></span> <span class='ocrx_word' id='word_1_243' title='bbox 3497 1784 3665 1846; x_wconf 65' lang='lat' dir='ltr'><strong>atque</strong></span> 
     </span>
    </p>
   </div>
   <div class='ocr_carea' id='block_1_34' title="bbox 274 1846 1926 1935">
    <p class='ocr_par' dir='ltr' id='par_1_34' title="bbox 274 1846 1926 1935">
     <span class='ocr_line' id='line_1_34' title="bbox 274 1846 1926 1935; baseline 0 -23"><span class='ocrx_word' id='word_1_244' title='bbox 274 1854 393 1924; x_wconf 73' lang='grc' dir='ltr'><strong>ἑξῆς</strong></span> <span class='ocrx_word' id='word_1_245' title='bbox 428 1875 444 1890; x_wconf 82' lang='grc'><strong>’</strong></span> <span class='ocrx_word' id='word_1_246' title='bbox 494 1846 651 1932; x_wconf 63' lang='grc' dir='ltr'>Ὑμῖν</span> <span class='ocrx_word' id='word_1_247' title='bbox 678 1869 796 1921; x_wconf 78' lang='grc' dir='ltr'>τοῖς</span> <span class='ocrx_word' id='word_1_248' title='bbox 840 1855 895 1911; x_wconf 85' lang='grc' dir='ltr'><strong>ἐν</strong></span> <span class='ocrx_word' id='word_1_249' title='bbox 937 1855 1216 1935; x_wconf 76' lang='grc' dir='ltr'>ἐπιγνώσει</span> <span class='ocrx_word' id='word_1_250' title='bbox 1265 1865 1357 1916; x_wconf 82' lang='grc' dir='ltr'><strong>τοῦ</strong></span> <span class='ocrx_word' id='word_1_251' title='bbox 1407 1863 1539 1913; x_wconf 74' lang='grc' dir='ltr'>Θεοῦ</span> <span class='ocrx_word' id='word_1_252' title='bbox 1598 1857 1692 1915; x_wconf 77' lang='grc' dir='ltr'>καί</span> <span class='ocrx_word' id='word_1_253' title='bbox 1751 1857 1926 1923; x_wconf 87' lang='grc' dir='ltr'><strong>Ἰησοῦ</strong></span> 
     </span>
    </p>
   </div>
   <div class='ocr_carea' id='block_1_35' title="bbox 273 1943 1927 2026">
    <p class='ocr_par' dir='ltr' id='par_1_35' title="bbox 273 1943 1927 2026">
     <span class='ocr_line' id='line_1_35' title="bbox 273 1943 1927 2026; baseline 0 -25"><span class='ocrx_word' id='word_1_254' title='bbox 273 1946 364 2002; x_wconf 76' lang='lat'><strong>106</strong></span> <span class='ocrx_word' id='word_1_255' title='bbox 409 1945 597 2023; x_wconf 84' lang='grc' dir='ltr'>Κυρίου</span> <span class='ocrx_word' id='word_1_256' title='bbox 650 1946 805 2020; x_wconf 76' lang='grc' dir='ltr'>ἡμῶν</span> <span class='ocrx_word' id='word_1_257' title='bbox 848 1946 1086 2021; x_wconf 77' lang='grc' dir='ltr'>ἰσότιμον</span> <span class='ocrx_word' id='word_1_258' title='bbox 1148 1947 1286 2022; x_wconf 76' lang='grc' dir='ltr'>ἡμῖν</span> <span class='ocrx_word' id='word_1_259' title='bbox 1340 1945 1513 2003; x_wconf 87' lang='grc' dir='ltr'>πίστιν</span> <span class='ocrx_word' id='word_1_260' title='bbox 1557 1943 1785 2026; x_wconf 78' lang='grc' dir='ltr'>λαχοῦσι</span> <span class='ocrx_word' id='word_1_261' title='bbox 1843 1944 1927 2001; x_wconf 83' lang='grc' dir='ltr'><strong>διὰ</strong></span> 
     </span>
    </p>
   </div>
   <div class='ocr_carea' id='block_1_36' title="bbox 273 2031 1925 2127">
    <p class='ocr_par' dir='ltr' id='par_1_36' title="bbox 273 2031 1925 2127">
     <span class='ocr_line' id='line_1_36' title="bbox 273 2031 1925 2127; baseline -0.001 -37"><span class='ocrx_word' id='word_1_262' title='bbox 273 2039 370 2101; x_wconf 80' lang='grc' dir='ltr'>τῆς</span> <span class='ocrx_word' id='word_1_263' title='bbox 423 2031 757 2127; x_wconf 51' lang='grc' dir='ltr'>δικαιοσύνης</span> <span class='ocrx_word' id='word_1_264' title='bbox 811 2042 905 2093; x_wconf 81' lang='grc' dir='ltr'><strong>τοῦ</strong></span> <span class='ocrx_word' id='word_1_265' title='bbox 961 2040 1092 2091; x_wconf 84' lang='grc' dir='ltr'>Θεοῦ</span> <span class='ocrx_word' id='word_1_266' title='bbox 1160 2036 1338 2110; x_wconf 80' lang='grc' dir='ltr'>ἡμῶν,</span> <span class='ocrx_word' id='word_1_267' title='bbox 1387 2034 1544 2114; x_wconf 85' lang='grc' dir='ltr'>χάρις</span> <span class='ocrx_word' id='word_1_268' title='bbox 1599 2036 1687 2091; x_wconf 87' lang='grc' dir='ltr'><strong>καὶ</strong></span> <span class='ocrx_word' id='word_1_269' title='bbox 1744 2036 1925 2114; x_wconf 80' lang='grc' dir='ltr'>εἰρήνη</span> 
     </span>
    </p>
   </div>
   <div class='ocr_carea' id='block_1_37' title="bbox 272 2121 1927 2203">
    <p class='ocr_par' dir='ltr' id='par_1_37' title="bbox 272 2121 1927 2203">
     <span class='ocr_line' id='line_1_37' title="bbox 272 2121 1927 2203; baseline 0.002 -24"><span class='ocrx_word' id='word_1_270' title='bbox 272 2123 616 2191; x_wconf 83' lang='grc' dir='ltr'>πληθυνθείη.</span> <span class='ocrx_word' id='word_1_271' title='bbox 671 2121 730 2179; x_wconf 66' lang='grc' dir='ltr'><strong>Ἠ</strong></span> <span class='ocrx_word' id='word_1_272' title='bbox 798 2124 859 2179; x_wconf 83' lang='grc' dir='ltr'>τὸ</span> <span class='ocrx_word' id='word_1_273' title='bbox 900 2121 1022 2191; x_wconf 72' lang='grc' dir='ltr'><strong>ἑξῆς</strong></span> <span class='ocrx_word' id='word_1_274' title='bbox 1067 2123 1235 2188; x_wconf 74' lang='grc' dir='ltr'>οὕτως</span> <span class='ocrx_word' id='word_1_275' title='bbox 1262 2143 1275 2156; x_wconf 92' lang='grc'><strong>·</strong></span> <span class='ocrx_word' id='word_1_276' title='bbox 1339 2121 1428 2181; x_wconf 86' lang='grc' dir='ltr'>Ἐν</span> <span class='ocrx_word' id='word_1_277' title='bbox 1484 2122 1766 2203; x_wconf 77' lang='grc' dir='ltr'>ἐπιγνώσει</span> <span class='ocrx_word' id='word_1_278' title='bbox 1835 2134 1927 2183; x_wconf 81' lang='grc' dir='ltr'>τοῦ</span> 
     </span>
    </p>
   </div>
   <div class='ocr_carea' id='block_1_38' title="bbox 272 2210 1924 2292">
    <p class='ocr_par' dir='ltr' id='par_1_38' title="bbox 272 2210 1924 2292">
     <span class='ocr_line' id='line_1_38' title="bbox 272 2210 1924 2292; baseline 0 -24"><span class='ocrx_word' id='word_1_279' title='bbox 272 2218 403 2268; x_wconf 67' lang='grc' dir='ltr'>Θεοῦ</span> <span class='ocrx_word' id='word_1_280' title='bbox 448 2212 537 2267; x_wconf 81' lang='grc' dir='ltr'>καὶ</span> <span class='ocrx_word' id='word_1_281' title='bbox 594 2210 770 2278; x_wconf 88' lang='grc' dir='ltr'>Ἰησοῦ</span> <span class='ocrx_word' id='word_1_282' title='bbox 810 2217 903 2268; x_wconf 80' lang='grc' dir='ltr'><strong>τοῦ</strong></span> <span class='ocrx_word' id='word_1_283' title='bbox 959 2213 1146 2291; x_wconf 84' lang='grc' dir='ltr'>Κυρίου</span> <span class='ocrx_word' id='word_1_284' title='bbox 1186 2213 1364 2288; x_wconf 73' lang='grc' dir='ltr'>ἡμῶν.</span> <span class='ocrx_word' id='word_1_285' title='bbox 1421 2211 1576 2273; x_wconf 71' lang='lat' dir='ltr'><strong>&quot;Huc</strong></span> <span class='ocrx_word' id='word_1_286' title='bbox 1646 2212 1924 2292; x_wconf 82' lang='grc' dir='ltr'>ἐπίγνωσις</span> 
     </span>
    </p>
   </div>
   <div class='ocr_carea' id='block_1_39' title="bbox 268 2297 1924 2382">
    <p class='ocr_par' dir='ltr' id='par_1_39' title="bbox 268 2297 1924 2382">
     <span class='ocr_line' id='line_1_39' title="bbox 268 2297 1924 2382; baseline 0.001 -26"><span class='ocrx_word' id='word_1_287' title='bbox 268 2298 351 2357; x_wconf 76' lang='grc' dir='ltr'><strong>διὰ</strong></span> <span class='ocrx_word' id='word_1_288' title='bbox 382 2299 482 2367; x_wconf 69' lang='grc' dir='ltr'><strong>τῆς</strong></span> <span class='ocrx_word' id='word_1_289' title='bbox 508 2298 648 2365; x_wconf 85' lang='grc' dir='ltr'>θείας</span> <span class='ocrx_word' id='word_1_290' title='bbox 699 2302 857 2357; x_wconf 74' lang='grc' dir='ltr'>αὐτοῦ</span> <span class='ocrx_word' id='word_1_291' title='bbox 902 2297 1194 2376; x_wconf 79' lang='grc' dir='ltr'>δυνάμεως,</span> <span class='ocrx_word' id='word_1_292' title='bbox 1253 2300 1425 2358; x_wconf 85' lang='grc' dir='ltr'>πάντα</span> <span class='ocrx_word' id='word_1_293' title='bbox 1462 2302 1529 2361; x_wconf 78' lang='grc' dir='ltr'><strong>τὰ</strong></span> <span class='ocrx_word' id='word_1_294' title='bbox 1583 2304 1712 2382; x_wconf 85' lang='grc' dir='ltr'>πρὸς</span> <span class='ocrx_word' id='word_1_295' title='bbox 1781 2304 1924 2373; x_wconf 81' lang='grc' dir='ltr'>ζωὴν</span> 
     </span>
    </p>
   </div>
   <div class='ocr_carea' id='block_1_40' title="bbox 270 2386 1925 2469">
    <p class='ocr_par' dir='ltr' id='par_1_40' title="bbox 270 2386 1925 2469">
     <span class='ocr_line' id='line_1_40' title="bbox 270 2386 1925 2469; baseline 0.002 -25"><span class='ocrx_word' id='word_1_296' title='bbox 270 2391 353 2445; x_wconf 88' lang='grc' dir='ltr'><strong>καὶ</strong></span> <span class='ocrx_word' id='word_1_297' title='bbox 399 2386 668 2447; x_wconf 77' lang='grc' dir='ltr'>εὗσέϐειαν</span> <span class='ocrx_word' id='word_1_298' title='bbox 712 2387 1036 2469; x_wconf 79' lang='grc' dir='ltr'>ἐδωρήσατο,</span> <span class='ocrx_word' id='word_1_299' title='bbox 1098 2388 1264 2456; x_wconf 74' lang='grc' dir='ltr'>αὒτὴν</span> <span class='ocrx_word' id='word_1_300' title='bbox 1331 2390 1431 2457; x_wconf 83' lang='grc' dir='ltr'><strong>τὴν</strong></span> <span class='ocrx_word' id='word_1_301' title='bbox 1485 2389 1766 2469; x_wconf 80' lang='grc' dir='ltr'>ἐπίγνωσιν</span> <span class='ocrx_word' id='word_1_302' title='bbox 1833 2390 1925 2448; x_wconf 81' lang='lat'><strong>106</strong></span> 
     </span>
    </p>
   </div>
   <div class='ocr_carea' id='block_1_41' title="bbox 270 2474 1926 2554">
    <p class='ocr_par' dir='ltr' id='par_1_41' title="bbox 270 2474 1926 2554">
     <span class='ocr_line' id='line_1_41' title="bbox 270 2474 1926 2554; baseline 0.002 -22"><span class='ocrx_word' id='word_1_303' title='bbox 270 2476 596 2541; x_wconf 86' lang='grc' dir='ltr'>καλέσαντος</span> <span class='ocrx_word' id='word_1_304' title='bbox 630 2479 768 2553; x_wconf 66' lang='grc' dir='ltr'>ἡμᾶς</span> <span class='ocrx_word' id='word_1_305' title='bbox 812 2474 897 2534; x_wconf 76' lang='grc' dir='ltr'><strong>διὰ</strong></span> <span class='ocrx_word' id='word_1_306' title='bbox 924 2475 1079 2545; x_wconf 79' lang='grc' dir='ltr'>δόξης</span> <span class='ocrx_word' id='word_1_307' title='bbox 1130 2479 1217 2535; x_wconf 84' lang='grc' dir='ltr'><strong>καὶ</strong></span> <span class='ocrx_word' id='word_1_308' title='bbox 1271 2476 1487 2554; x_wconf 79' lang='grc' dir='ltr'>ἀρετῆς,</span> <span class='ocrx_word' id='word_1_309' title='bbox 1538 2477 1604 2535; x_wconf 82' lang='grc' dir='ltr'><strong>δι’</strong></span> <span class='ocrx_word' id='word_1_310' title='bbox 1655 2481 1722 2546; x_wconf 74' lang='grc' dir='ltr'>ἧς</span> <span class='ocrx_word' id='word_1_311' title='bbox 1772 2477 1926 2546; x_wconf 82' lang='grc' dir='ltr'>δόξης</span> 
     </span>
    </p>
   </div>
   <div class='ocr_carea' id='block_1_42' title="bbox 274 2564 1925 2648">
    <p class='ocr_par' dir='ltr' id='par_1_42' title="bbox 274 2564 1925 2648">
     <span class='ocr_line' id='line_1_42' title="bbox 274 2564 1925 2648; baseline 0.001 -26"><span class='ocrx_word' id='word_1_312' title='bbox 274 2566 359 2648; x_wconf 85' lang='grc' dir='ltr'><strong>καὶ</strong></span> <span class='ocrx_word' id='word_1_313' title='bbox 388 2564 587 2641; x_wconf 81' lang='grc' dir='ltr'>ἀρετῆς</span> <span class='ocrx_word' id='word_1_314' title='bbox 616 2567 681 2622; x_wconf 84' lang='grc' dir='ltr'><strong>τὰ</strong></span> <span class='ocrx_word' id='word_1_315' title='bbox 711 2567 861 2641; x_wconf 88' lang='grc' dir='ltr'>τίμια</span> <span class='ocrx_word' id='word_1_316' title='bbox 906 2569 995 2624; x_wconf 87' lang='grc' dir='ltr'><strong>καὶ</strong></span> <span class='ocrx_word' id='word_1_317' title='bbox 1048 2566 1273 2647; x_wconf 88' lang='grc' dir='ltr'>μέγιστα</span> <span class='ocrx_word' id='word_1_318' title='bbox 1326 2566 1706 2648; x_wconf 82' lang='grc' dir='ltr'>ἐπαγγέλματα</span> <span class='ocrx_word' id='word_1_319' title='bbox 1751 2566 1925 2636; x_wconf 79' lang='grc' dir='ltr'>ἐδόθη,</span> 
     </span>
    </p>
   </div>
   <div class='ocr_carea' id='block_1_43' title="bbox 2009 1853 3664 1936">
    <p class='ocr_par' dir='ltr' id='par_1_43' title="bbox 2009 1853 3664 1936">
     <span class='ocr_line' id='line_1_43' title="bbox 2009 1853 3664 1936; baseline 0.001 -22"><span class='ocrx_word' id='word_1_320' title='bbox 2009 1853 2394 1919; x_wconf 86' lang='lat' dir='ltr'><strong>honoriﬁcam</strong></span> <span class='ocrx_word' id='word_1_321' title='bbox 2430 1859 2740 1920; x_wconf 87' lang='lat' dir='ltr'><strong>nobiscum</strong></span> <span class='ocrx_word' id='word_1_322' title='bbox 2774 1857 2966 1919; x_wconf 84' lang='lat' dir='ltr'><strong>sortiti</strong></span> <span class='ocrx_word' id='word_1_323' title='bbox 2999 1856 3141 1918; x_wconf 90' lang='lat' dir='ltr'><strong>estis</strong></span> <span class='ocrx_word' id='word_1_324' title='bbox 3188 1855 3365 1918; x_wconf 85' lang='lat' dir='ltr'><strong>ﬁdem</strong></span> <span class='ocrx_word' id='word_1_325' title='bbox 3401 1874 3505 1936; x_wconf 88' lang='lat' dir='ltr'><strong>per</strong></span> <span class='ocrx_word' id='word_1_326' title='bbox 3528 1855 3664 1934; x_wconf 85' lang='lat' dir='ltr'><strong>jus-</strong></span> 
     </span>
    </p>
   </div>
   <div class='ocr_carea' id='block_1_44' title="bbox 2010 1944 3666 2027">
    <p class='ocr_par' dir='ltr' id='par_1_44' title="bbox 2010 1944 3666 2027">
     <span class='ocr_line' id='line_1_44' title="bbox 2010 1944 3666 2027; baseline -0.002 -20"><span class='ocrx_word' id='word_1_327' title='bbox 2010 1944 2197 2007; x_wconf 88' lang='lat' dir='ltr'><strong>titiam</strong></span> <span class='ocrx_word' id='word_1_328' title='bbox 2235 1947 2342 2009; x_wconf 89' lang='lat' dir='ltr'><strong>Dei</strong></span> <span class='ocrx_word' id='word_1_329' title='bbox 2372 1948 2584 2024; x_wconf 89' lang='lat' dir='ltr'><strong>nostri,</strong></span> <span class='ocrx_word' id='word_1_330' title='bbox 2619 1947 2806 2025; x_wconf 88' lang='lat' dir='ltr'><strong>gratia</strong></span> <span class='ocrx_word' id='word_1_331' title='bbox 2835 1955 2894 2009; x_wconf 89' lang='lat' dir='ltr'><strong>et</strong></span> <span class='ocrx_word' id='word_1_332' title='bbox 2924 1965 3033 2027; x_wconf 85' lang='lat' dir='ltr'><strong>pax</strong></span> <span class='ocrx_word' id='word_1_333' title='bbox 3066 1944 3520 2026; x_wconf 80' lang='lat' dir='ltr'><strong>multiplicetur.</strong></span> <span class='ocrx_word' id='word_1_334' title='bbox 3555 1948 3666 2005; x_wconf 80' lang='lat' dir='ltr'><strong>Aut</strong></span> 
     </span>
    </p>
   </div>
   <div class='ocr_carea' id='block_1_45' title="bbox 2009 2033 3667 2116">
    <p class='ocr_par' dir='ltr' id='par_1_45' title="bbox 2009 2033 3667 2116">
     <span class='ocr_line' id='line_1_45' title="bbox 2009 2033 3667 2116; baseline 0 -21"><span class='ocrx_word' id='word_1_335' title='bbox 2009 2034 2122 2096; x_wconf 87' lang='lat' dir='ltr'><strong>hoc</strong></span> <span class='ocrx_word' id='word_1_336' title='bbox 2155 2038 2330 2097; x_wconf 89' lang='lat' dir='ltr'><strong>modo</strong></span> <span class='ocrx_word' id='word_1_337' title='bbox 2387 2045 2475 2098; x_wconf 92' lang='lat' dir='ltr'><strong>est</strong></span> <span class='ocrx_word' id='word_1_338' title='bbox 2531 2039 2728 2098; x_wconf 87' lang='lat' dir='ltr'><strong>ordo:</strong></span> <span class='ocrx_word' id='word_1_339' title='bbox 2790 2035 2856 2098; x_wconf 91' lang='lat' dir='ltr'><strong>In</strong></span> <span class='ocrx_word' id='word_1_340' title='bbox 2918 2036 3258 2116; x_wconf 91' lang='lat' dir='ltr'><strong>cognitione</strong></span> <span class='ocrx_word' id='word_1_341' title='bbox 3290 2034 3398 2097; x_wconf 91' lang='lat' dir='ltr'><strong>Dei</strong></span> <span class='ocrx_word' id='word_1_342' title='bbox 3426 2054 3495 2097; x_wconf 88' lang='lat' dir='ltr'><strong>ac</strong></span> <span class='ocrx_word' id='word_1_343' title='bbox 3522 2033 3667 2097; x_wconf 87' lang='lat' dir='ltr'><strong>Jesu</strong></span> 
     </span>
    </p>
   </div>
   <div class='ocr_carea' id='block_1_46' title="bbox 2006 2121 3665 2208">
    <p class='ocr_par' dir='ltr' id='par_1_46' title="bbox 2006 2121 3665 2208">
     <span class='ocr_line' id='line_1_46' title="bbox 2006 2121 3665 2208; baseline 0 -25"><span class='ocrx_word' id='word_1_344' title='bbox 2006 2121 2244 2185; x_wconf 90' lang='lat' dir='ltr'><strong>Domini</strong></span> <span class='ocrx_word' id='word_1_345' title='bbox 2275 2126 2485 2205; x_wconf 85' lang='lat' dir='ltr'><strong>nostri,</strong></span> <span class='ocrx_word' id='word_1_346' title='bbox 2525 2146 2656 2208; x_wconf 72' lang='lat' dir='ltr'><strong>quae</strong></span> <span class='ocrx_word' id='word_1_347' title='bbox 2707 2125 2964 2204; x_wconf 88' lang='lat' dir='ltr'><strong>cognitio</strong></span> <span class='ocrx_word' id='word_1_348' title='bbox 3026 2142 3132 2206; x_wconf 86' lang='lat' dir='ltr'><strong>per</strong></span> <span class='ocrx_word' id='word_1_349' title='bbox 3187 2125 3445 2187; x_wconf 82' lang='lat' dir='ltr'><strong>divinam</strong></span> <span class='ocrx_word' id='word_1_350' title='bbox 3475 2124 3665 2205; x_wconf 88' lang='lat' dir='ltr'><strong>ipsius</strong></span> 
     </span>
    </p>
   </div>
   <div class='ocr_carea' id='block_1_47' title="bbox 2007 2211 3668 2296">
    <p class='ocr_par' dir='ltr' id='par_1_47' title="bbox 2007 2211 3668 2296">
     <span class='ocr_line' id='line_1_47' title="bbox 2007 2211 3668 2296; baseline 0.001 -26"><span class='ocrx_word' id='word_1_351' title='bbox 2007 2211 2283 2274; x_wconf 88' lang='lat' dir='ltr'><strong>virtutem</strong></span> <span class='ocrx_word' id='word_1_352' title='bbox 2317 2215 2520 2275; x_wconf 89' lang='lat' dir='ltr'><strong>omnia</strong></span> <span class='ocrx_word' id='word_1_353' title='bbox 2552 2233 2681 2296; x_wconf 69' lang='lat' dir='ltr'><strong>quae</strong></span> <span class='ocrx_word' id='word_1_354' title='bbox 2711 2215 2785 2275; x_wconf 85' lang='lat' dir='ltr'><strong>ad</strong></span> <span class='ocrx_word' id='word_1_355' title='bbox 2814 2215 2988 2275; x_wconf 88' lang='lat' dir='ltr'><strong>vitam</strong></span> <span class='ocrx_word' id='word_1_356' title='bbox 3021 2233 3088 2275; x_wconf 83' lang='lat' dir='ltr'><strong>ac</strong></span> <span class='ocrx_word' id='word_1_357' title='bbox 3136 2212 3412 2295; x_wconf 87' lang='lat' dir='ltr'><strong>pietatem</strong></span> <span class='ocrx_word' id='word_1_358' title='bbox 3444 2212 3668 2274; x_wconf 84' lang='lat' dir='ltr'><strong>faciunt</strong></span> 
     </span>
    </p>
   </div>
   <div class='ocr_carea' id='block_1_48' title="bbox 2006 2301 3664 2385">
    <p class='ocr_par' dir='ltr' id='par_1_48' title="bbox 2006 2301 3664 2385">
     <span class='ocr_line' id='line_1_48' title="bbox 2006 2301 3664 2385; baseline 0 -23"><span class='ocrx_word' id='word_1_359' title='bbox 2006 2301 2219 2381; x_wconf 88' lang='lat' dir='ltr'><strong>largita</strong></span> <span class='ocrx_word' id='word_1_360' title='bbox 2246 2311 2355 2377; x_wconf 89' lang='lat' dir='ltr'><strong>est,</strong></span> <span class='ocrx_word' id='word_1_361' title='bbox 2393 2303 2703 2385; x_wconf 87' lang='lat' dir='ltr'><strong>ipsamque</strong></span> <span class='ocrx_word' id='word_1_362' title='bbox 2734 2304 2894 2365; x_wconf 92' lang='lat' dir='ltr'><strong>illius</strong></span> <span class='ocrx_word' id='word_1_363' title='bbox 2924 2303 3323 2383; x_wconf 85' lang='lat' dir='ltr'><strong>cognitionem</strong></span> <span class='ocrx_word' id='word_1_364' title='bbox 3360 2302 3459 2384; x_wconf 88' lang='lat' dir='ltr'><strong>qui</strong></span> <span class='ocrx_word' id='word_1_365' title='bbox 3487 2319 3664 2364; x_wconf 85' lang='lat' dir='ltr'><strong>voca-</strong></span> 
     </span>
    </p>
   </div>
   <div class='ocr_carea' id='block_1_49' title="bbox 2007 2391 3665 2473">
    <p class='ocr_par' dir='ltr' id='par_1_49' title="bbox 2007 2391 3665 2473">
     <span class='ocr_line' id='line_1_49' title="bbox 2007 2391 3665 2473; baseline 0 -22"><span class='ocrx_word' id='word_1_366' title='bbox 2007 2391 2089 2452; x_wconf 90' lang='lat' dir='ltr'><strong>vit</strong></span> <span class='ocrx_word' id='word_1_367' title='bbox 2120 2409 2228 2452; x_wconf 89' lang='lat' dir='ltr'><strong>nos</strong></span> <span class='ocrx_word' id='word_1_368' title='bbox 2259 2410 2366 2472; x_wconf 90' lang='lat' dir='ltr'><strong>per</strong></span> <span class='ocrx_word' id='word_1_369' title='bbox 2414 2393 2659 2471; x_wconf 88' lang='lat' dir='ltr'><strong>gloriam</strong></span> <span class='ocrx_word' id='word_1_370' title='bbox 2716 2402 2775 2455; x_wconf 92' lang='lat' dir='ltr'><strong>et</strong></span> <span class='ocrx_word' id='word_1_371' title='bbox 2823 2392 3130 2467; x_wconf 86' lang='lat' dir='ltr'><strong>virtutem,</strong></span> <span class='ocrx_word' id='word_1_372' title='bbox 3182 2411 3288 2473; x_wconf 82' lang='lat' dir='ltr'><strong>per</strong></span> <span class='ocrx_word' id='word_1_373' title='bbox 3335 2410 3510 2473; x_wconf 90' lang='lat' dir='ltr'><strong>quam</strong></span> <span class='ocrx_word' id='word_1_374' title='bbox 3538 2391 3665 2469; x_wconf 85' lang='lat' dir='ltr'><strong>glo-</strong></span> 
     </span>
    </p>
   </div>
   <div class='ocr_carea' id='block_1_50' title="bbox 2009 2479 3668 2563">
    <p class='ocr_par' dir='ltr' id='par_1_50' title="bbox 2009 2479 3668 2563">
     <span class='ocr_line' id='line_1_50' title="bbox 2009 2479 3668 2563; baseline -0.001 -22"><span class='ocrx_word' id='word_1_375' title='bbox 2009 2479 2161 2541; x_wconf 89' lang='lat' dir='ltr'><strong>riam</strong></span> <span class='ocrx_word' id='word_1_376' title='bbox 2187 2488 2244 2540; x_wconf 93' lang='lat' dir='ltr'><strong>et</strong></span> <span class='ocrx_word' id='word_1_377' title='bbox 2275 2481 2575 2562; x_wconf 89' lang='lat' dir='ltr'><strong>virtutem,</strong></span> <span class='ocrx_word' id='word_1_378' title='bbox 2608 2483 2884 2563; x_wconf 60' lang='lat' dir='ltr'><strong>pretiosas</strong></span> <span class='ocrx_word' id='word_1_379' title='bbox 2907 2482 3296 2562; x_wconf 68' lang='lat' dir='ltr'><strong>maximaeque</strong></span> <span class='ocrx_word' id='word_1_380' title='bbox 3319 2480 3668 2562; x_wconf 87' lang='lat' dir='ltr'><strong>promissio-</strong></span> 
     </span>
    </p>
   </div>
   <div class='ocr_carea' id='block_1_51' title="bbox 2014 2571 3663 2646">
    <p class='ocr_par' dir='ltr' id='par_1_51' title="bbox 2014 2571 3663 2646">
     <span class='ocr_line' id='line_1_51' title="bbox 2014 2571 3663 2646; baseline 0.001 -18"><span class='ocrx_word' id='word_1_381' title='bbox 2014 2586 2121 2629; x_wconf 89' lang='lat' dir='ltr'><strong>nes</strong></span> <span class='ocrx_word' id='word_1_382' title='bbox 2153 2572 2383 2632; x_wconf 84' lang='lat' dir='ltr'><strong>donatae</strong></span> <span class='ocrx_word' id='word_1_383' title='bbox 2412 2582 2575 2646; x_wconf 90' lang='lat' dir='ltr'><strong>sunt,</strong></span> <span class='ocrx_word' id='word_1_384' title='bbox 2613 2571 3057 2633; x_wconf 56' lang='lat' dir='ltr'><strong>ut‘sitisdivina:</strong></span> <span class='ocrx_word' id='word_1_385' title='bbox 3077 2578 3385 2634; x_wconf 88' lang='lat' dir='ltr'><strong>consortes</strong></span> <span class='ocrx_word' id='word_1_386' title='bbox 3415 2578 3663 2645; x_wconf 58' lang='lat' dir='ltr'><strong>natura),</strong></span> 
     </span>
    </p>
   </div>
   <div class='ocr_carea' id='block_1_52' title="bbox 279 2645 1934 2742">
    <p class='ocr_par' dir='ltr' id='par_1_52' title="bbox 279 2645 1929 2741">
     <span class='ocr_line' id='line_1_52' title="bbox 279 2645 1929 2741; baseline 0.001 -27"><span class='ocrx_word' id='word_1_387' title='bbox 279 2645 407 2714; x_wconf 67' lang='grc' dir='ltr'><strong>ιἰνα</strong></span> <span class='ocrx_word' id='word_1_388' title='bbox 440 2655 661 2735; x_wconf 81' lang='grc' dir='ltr'>γένησθε</span> <span class='ocrx_word' id='word_1_389' title='bbox 691 2658 829 2723; x_wconf 84' lang='grc' dir='ltr'>θείας</span> <span class='ocrx_word' id='word_1_390' title='bbox 870 2645 1140 2716; x_wconf 13' lang='grc' dir='ltr'>κοινωνοὶἺ</span> <span class='ocrx_word' id='word_1_391' title='bbox 1174 2659 1400 2739; x_wconf 82' lang='grc' dir='ltr'>φύσεως,</span> <span class='ocrx_word' id='word_1_392' title='bbox 1446 2645 1517 2715; x_wconf 79' lang='grc' dir='ltr'><strong>ἐν</strong></span> <span class='ocrx_word' id='word_1_393' title='bbox 1574 2667 1651 2734; x_wconf 82' lang='grc' dir='ltr'>τῷ</span> <span class='ocrx_word' id='word_1_394' title='bbox 1719 2658 1929 2741; x_wconf 79' lang='grc' dir='ltr'>ἀποφυο</span> 
     </span>
    </p>
   </div>
   <div class='ocr_carea' id='block_1_53' title="bbox 2021 2645 3664 2742">
    <p class='ocr_par' dir='ltr' id='par_1_53' title="bbox 2021 2645 3664 2742">
     <span class='ocr_line' id='line_1_53' title="bbox 2021 2645 3664 2742; baseline 0.001 -22"><span class='ocrx_word' id='word_1_395' title='bbox 2021 2657 2358 2736; x_wconf 74' lang='lat' dir='ltr'><strong>etfugiendo</strong></span> <span class='ocrx_word' id='word_1_396' title='bbox 2407 2645 2723 2722; x_wconf 72' lang='lat' dir='ltr'><strong>mundanae</strong></span> <span class='ocrx_word' id='word_1_397' title='bbox 2772 2660 3271 2742; x_wconf 74' lang='lat' dir='ltr'><strong>concupiscentiae</strong></span> <span class='ocrx_word' id='word_1_398' title='bbox 3329 2658 3664 2739; x_wconf 87' lang='lat' dir='ltr'><strong>corruptio—</strong></span> 
     </span>
    </p>
   </div>
   <div class='ocr_carea' id='block_1_54' title="bbox 277 2747 1934 2833">
    <p class='ocr_par' dir='ltr' id='par_1_54' title="bbox 277 2750 1934 2833">
     <span class='ocr_line' id='line_1_54' title="bbox 277 2750 1934 2833; baseline 0.002 -28"><span class='ocrx_word' id='word_1_399' title='bbox 277 2761 396 2826; x_wconf 76' lang='grc' dir='ltr'><strong>γεῖν</strong></span> <span class='ocrx_word' id='word_1_400' title='bbox 448 2753 548 2815; x_wconf 83' lang='grc' dir='ltr'><strong>τῆς</strong></span> <span class='ocrx_word' id='word_1_401' title='bbox 579 2750 839 2826; x_wconf 77' lang='grc' dir='ltr'>κοσμικῆς</span> <span class='ocrx_word' id='word_1_402' title='bbox 869 2750 1146 2828; x_wconf 88' lang='grc' dir='ltr'>ἐπιθυμίας</span> <span class='ocrx_word' id='word_1_403' title='bbox 1193 2753 1293 2820; x_wconf 78' lang='grc' dir='ltr'>τὴν</span> <span class='ocrx_word' id='word_1_404' title='bbox 1349 2752 1565 2833; x_wconf 67' lang='grc' dir='ltr'>φθορλν.</span> <span class='ocrx_word' id='word_1_405' title='bbox 1626 2750 1793 2809; x_wconf 79' lang='grc' dir='ltr'>Ἀλλὰ</span> <span class='ocrx_word' id='word_1_406' title='bbox 1849 2752 1934 2809; x_wconf 83' lang='grc' dir='ltr'><strong>καὶ</strong></span> 
     </span>
    </p>
   </div>
   <div class='ocr_carea' id='block_1_55' title="bbox 2021 2747 3665 2833">
    <p class='ocr_par' dir='ltr' id='par_1_55' title="bbox 2021 2747 3665 2831">
     <span class='ocr_line' id='line_1_55' title="bbox 2021 2747 3665 2831; baseline 0.001 -23"><span class='ocrx_word' id='word_1_407' title='bbox 2021 2765 2178 2813; x_wconf 88' lang='lat' dir='ltr'><strong>nem.</strong></span> <span class='ocrx_word' id='word_1_408' title='bbox 2216 2749 2331 2811; x_wconf 90' lang='lat' dir='ltr'><strong>Sed</strong></span> <span class='ocrx_word' id='word_1_409' title='bbox 2365 2757 2424 2810; x_wconf 92' lang='lat' dir='ltr'><strong>et</strong></span> <span class='ocrx_word' id='word_1_410' title='bbox 2454 2750 2567 2811; x_wconf 89' lang='lat' dir='ltr'><strong>hoc</strong></span> <span class='ocrx_word' id='word_1_411' title='bbox 2598 2750 2790 2831; x_wconf 91' lang='lat' dir='ltr'><strong>ipsum</strong></span> <span class='ocrx_word' id='word_1_412' title='bbox 2847 2751 2969 2813; x_wconf 79' lang='lat' dir='ltr'><strong>sive</strong></span> <span class='ocrx_word' id='word_1_413' title='bbox 3015 2750 3087 2812; x_wconf 87' lang='lat' dir='ltr'><strong>ad</strong></span> <span class='ocrx_word' id='word_1_414' title='bbox 3120 2750 3233 2811; x_wconf 86' lang='lat' dir='ltr'><strong>hoc</strong></span> <span class='ocrx_word' id='word_1_415' title='bbox 3261 2750 3457 2831; x_wconf 89' lang='lat' dir='ltr'><strong>ipsum</strong></span> <span class='ocrx_word' id='word_1_416' title='bbox 3489 2747 3665 2811; x_wconf 88' lang='lat' dir='ltr'><strong>adhi-</strong></span> 
     </span>
    </p>
   </div>
   <div class='ocr_carea' id='block_1_56' title="bbox 277 2834 1934 2918">
    <p class='ocr_par' dir='ltr' id='par_1_56' title="bbox 277 2836 1934 2913">
     <span class='ocr_line' id='line_1_56' title="bbox 277 2836 1934 2913; baseline 0.003 -21"><span class='ocrx_word' id='word_1_417' title='bbox 277 2837 404 2896; x_wconf 63' lang='grc' dir='ltr'>αὐτὸ</span> <span class='ocrx_word' id='word_1_418' title='bbox 461 2839 636 2913; x_wconf 81' lang='lat'><strong>10610,</strong></span> <span class='ocrx_word' id='word_1_419' title='bbox 698 2836 818 2905; x_wconf 76' lang='grc' dir='ltr'>ἤτοι</span> <span class='ocrx_word' id='word_1_420' title='bbox 896 2842 969 2904; x_wconf 82' lang='grc' dir='ltr'>εἷς</span> <span class='ocrx_word' id='word_1_421' title='bbox 1046 2842 1172 2898; x_wconf 74' lang='grc' dir='ltr'>αὒτὸ</span> <span class='ocrx_word' id='word_1_422' title='bbox 1241 2846 1390 2898; x_wconf 85' lang='grc' dir='ltr'>τοῦτο</span> <span class='ocrx_word' id='word_1_423' title='bbox 1464 2838 1694 2908; x_wconf 79' lang='grc' dir='ltr'>σπουδὴν</span> <span class='ocrx_word' id='word_1_424' title='bbox 1764 2846 1934 2898; x_wconf 83' lang='grc' dir='ltr'>πᾶσαν</span> 
     </span>
    </p>
   </div>
   <div class='ocr_carea' id='block_1_57' title="bbox 2021 2834 3665 2918">
    <p class='ocr_par' dir='ltr' id='par_1_57' title="bbox 2023 2834 3665 2918">
     <span class='ocr_line' id='line_1_57' title="bbox 2023 2834 3665 2918; baseline 0.001 -21"><span class='ocrx_word' id='word_1_425' title='bbox 2023 2834 2144 2897; x_wconf 90' lang='lat' dir='ltr'><strong>bito</strong></span> <span class='ocrx_word' id='word_1_426' title='bbox 2175 2838 2339 2899; x_wconf 91' lang='lat' dir='ltr'><strong>omni</strong></span> <span class='ocrx_word' id='word_1_427' title='bbox 2386 2839 2605 2915; x_wconf 90' lang='lat' dir='ltr'><strong>studio,</strong></span> <span class='ocrx_word' id='word_1_428' title='bbox 2641 2840 3086 2902; x_wconf 87' lang='lat' dir='ltr'><strong>subministrate</strong></span> <span class='ocrx_word' id='word_1_429' title='bbox 3135 2840 3196 2901; x_wconf 89' lang='lat' dir='ltr'><strong>in</strong></span> <span class='ocrx_word' id='word_1_430' title='bbox 3217 2840 3335 2901; x_wconf 83' lang='lat' dir='ltr'><strong>ﬁde</strong></span> <span class='ocrx_word' id='word_1_431' title='bbox 3365 2839 3665 2918; x_wconf 90' lang='lat' dir='ltr'><strong>virtutem,</strong></span> 
     </span>
    </p>
   </div>
   <div class='ocr_carea' id='block_1_58' title="bbox 280 2925 1934 3015">
    <p class='ocr_par' dir='ltr' id='par_1_58' title="bbox 280 2925 1934 3015">
     <span class='ocr_line' id='line_1_58' title="bbox 280 2925 1934 3015; baseline 0.002 -33"><span class='ocrx_word' id='word_1_432' title='bbox 280 2925 811 3005; x_wconf 81' lang='grc' dir='ltr'>παρεισενέγκαντες,</span> <span class='ocrx_word' id='word_1_433' title='bbox 884 2927 1321 3011; x_wconf 83' lang='grc' dir='ltr'>ἐπιχορηγήσατε</span> <span class='ocrx_word' id='word_1_434' title='bbox 1371 2930 1425 2986; x_wconf 83' lang='grc' dir='ltr'><strong>ἐν</strong></span> <span class='ocrx_word' id='word_1_435' title='bbox 1480 2937 1547 3007; x_wconf 80' lang='grc' dir='ltr'><strong>τῇ</strong></span> <span class='ocrx_word' id='word_1_436' title='bbox 1585 2929 1774 3015; x_wconf 43' lang='grc' dir='ltr'>,πίστει</span> <span class='ocrx_word' id='word_1_437' title='bbox 1843 2929 1934 2996; x_wconf 59' lang='grc' dir='ltr'><strong>τὴι</strong></span> 
     </span>
    </p>
   </div>
   <div class='ocr_carea' id='block_1_59' title="bbox 2021 2925 3670 3015">
    <p class='ocr_par' dir='ltr' id='par_1_59' title="bbox 2025 2925 3670 3010">
     <span class='ocr_line' id='line_1_59' title="bbox 2025 2925 3670 3010; baseline 0.001 -25"><span class='ocrx_word' id='word_1_438' title='bbox 2025 2925 2085 2986; x_wconf 92' lang='lat' dir='ltr'><strong>in</strong></span> <span class='ocrx_word' id='word_1_439' title='bbox 2122 2926 2334 2988; x_wconf 89' lang='lat' dir='ltr'><strong>virtute</strong></span> <span class='ocrx_word' id='word_1_440' title='bbox 2365 2928 2701 3005; x_wconf 90' lang='lat' dir='ltr'><strong>scientiam,</strong></span> <span class='ocrx_word' id='word_1_441' title='bbox 2732 2928 2793 2991; x_wconf 92' lang='lat' dir='ltr'><strong>in</strong></span> <span class='ocrx_word' id='word_1_442' title='bbox 2824 2930 3072 2992; x_wconf 88' lang='lat' dir='ltr'><strong>scientia</strong></span> <span class='ocrx_word' id='word_1_443' title='bbox 3103 2930 3579 3010; x_wconf 87' lang='lat' dir='ltr'><strong>temperantiam,</strong></span> <span class='ocrx_word' id='word_1_444' title='bbox 3612 2936 3670 2988; x_wconf 90' lang='lat' dir='ltr'><strong>et</strong></span> 
     </span>
    </p>
   </div>
   <div class='ocr_carea' id='block_1_60' title="bbox 279 3014 1934 3100">
    <p class='ocr_par' dir='ltr' id='par_1_60' title="bbox 279 3014 1934 3099">
     <span class='ocr_line' id='line_1_60' title="bbox 279 3014 1934 3099; baseline 0.001 -29"><span class='ocrx_word' id='word_1_445' title='bbox 279 3014 498 3094; x_wconf 58' lang='grc' dir='ltr'>ἀρετὴν,</span> <span class='ocrx_word' id='word_1_446' title='bbox 535 3015 591 3070; x_wconf 85' lang='grc' dir='ltr'><strong>ἐν</strong></span> <span class='ocrx_word' id='word_1_447' title='bbox 639 3022 707 3094; x_wconf 78' lang='grc' dir='ltr'><strong>τῇ</strong></span> <span class='ocrx_word' id='word_1_448' title='bbox 750 3017 911 3096; x_wconf 79' lang='grc' dir='ltr'>ἀρετῇ</span> <span class='ocrx_word' id='word_1_449' title='bbox 944 3021 1042 3087; x_wconf 81' lang='grc' dir='ltr'>τὴν</span> <span class='ocrx_word' id='word_1_450' title='bbox 1073 3020 1293 3099; x_wconf 80' lang='grc' dir='ltr'>γνῶσιν,</span> <span class='ocrx_word' id='word_1_451' title='bbox 1352 3019 1404 3075; x_wconf 90' lang='grc' dir='ltr'><strong>ἐν</strong></span> <span class='ocrx_word' id='word_1_452' title='bbox 1466 3025 1535 3096; x_wconf 75' lang='grc' dir='ltr'><strong>τῇ</strong></span> <span class='ocrx_word' id='word_1_453' title='bbox 1591 3021 1781 3099; x_wconf 86' lang='grc' dir='ltr'>γνώσει</span> <span class='ocrx_word' id='word_1_454' title='bbox 1839 3018 1934 3086; x_wconf 71' lang='grc' dir='ltr'><strong>τὴν</strong></span> 
     </span>
    </p>
   </div>
   <div class='ocr_carea' id='block_1_61' title="bbox 2021 3014 3666 3100">
    <p class='ocr_par' dir='ltr' id='par_1_61' title="bbox 2025 3016 3666 3100">
     <span class='ocr_line' id='line_1_61' title="bbox 2025 3016 3666 3100; baseline 0 -23"><span class='ocrx_word' id='word_1_455' title='bbox 2025 3017 2085 3077; x_wconf 90' lang='lat' dir='ltr'><strong>in</strong></span> <span class='ocrx_word' id='word_1_456' title='bbox 2118 3017 2227 3078; x_wconf 89' lang='lat' dir='ltr'><strong>hac</strong></span> <span class='ocrx_word' id='word_1_457' title='bbox 2260 3016 2595 3096; x_wconf 85' lang='lat' dir='ltr'><strong>patientiam</strong></span> <span class='ocrx_word' id='word_1_458' title='bbox 2633 3018 2691 3080; x_wconf 92' lang='lat' dir='ltr'><strong>in</strong></span> <span class='ocrx_word' id='word_1_459' title='bbox 2725 3019 3005 3100; x_wconf 84' lang='lat' dir='ltr'><strong>patientia</strong></span> <span class='ocrx_word' id='word_1_460' title='bbox 3045 3028 3239 3082; x_wconf 92' lang='lat' dir='ltr'><strong>autem</strong></span> <span class='ocrx_word' id='word_1_461' title='bbox 3268 3018 3572 3099; x_wconf 86' lang='lat' dir='ltr'><strong>pietatem,</strong></span> <span class='ocrx_word' id='word_1_462' title='bbox 3606 3016 3666 3077; x_wconf 92' lang='lat' dir='ltr'><strong>in</strong></span> 
     </span>
    </p>
   </div>
   <div class='ocr_carea' id='block_1_62' title="bbox 278 3083 1934 3188">
    <p class='ocr_par' dir='ltr' id='par_1_62' title="bbox 278 3103 1934 3188">
     <span class='ocr_line' id='line_1_62' title="bbox 278 3103 1934 3188; baseline 0.002 -30"><span class='ocrx_word' id='word_1_463' title='bbox 278 3103 611 3182; x_wconf 72' lang='grc' dir='ltr'>ἐγκράτειαν,</span> <span class='ocrx_word' id='word_1_464' title='bbox 649 3103 703 3161; x_wconf 81' lang='grc' dir='ltr'><strong>ἐν</strong></span> <span class='ocrx_word' id='word_1_465' title='bbox 732 3107 900 3184; x_wconf 79' lang='grc' dir='ltr'>ταύτῃ</span> <span class='ocrx_word' id='word_1_466' title='bbox 930 3107 1028 3174; x_wconf 79' lang='grc' dir='ltr'><strong>τὴν</strong></span> <span class='ocrx_word' id='word_1_467' title='bbox 1059 3109 1358 3188; x_wconf 74' lang='grc' dir='ltr'>ὑπομονὴν,</span> <span class='ocrx_word' id='word_1_468' title='bbox 1389 3108 1443 3164; x_wconf 90' lang='grc' dir='ltr'><strong>ἐν</strong></span> <span class='ocrx_word' id='word_1_469' title='bbox 1473 3114 1541 3185; x_wconf 76' lang='grc' dir='ltr'><strong>τῇ</strong></span> <span class='ocrx_word' id='word_1_470' title='bbox 1571 3110 1812 3184; x_wconf 77' lang='grc' dir='ltr'>ὑπομονῇ</span> <span class='ocrx_word' id='word_1_471' title='bbox 1838 3107 1934 3174; x_wconf 72' lang='grc' dir='ltr'><strong>τὴν</strong></span> 
     </span>
    </p>
   </div>
   <div class='ocr_carea' id='block_1_63' title="bbox 2021 3083 3666 3188">
    <p class='ocr_par' dir='ltr' id='par_1_63' title="bbox 2026 3083 3666 3185">
     <span class='ocr_line' id='line_1_63' title="bbox 2026 3083 3666 3185; baseline -0.001 -18"><span class='ocrx_word' id='word_1_472' title='bbox 2026 3108 2130 3167; x_wconf 80' lang='lat' dir='ltr'><strong>hac</strong></span> <span class='ocrx_word' id='word_1_473' title='bbox 2157 3083 2353 3169; x_wconf 75' lang='lat' dir='ltr'><strong>autem</strong></span> <span class='ocrx_word' id='word_1_474' title='bbox 2386 3107 2706 3171; x_wconf 80' lang='lat' dir='ltr'><strong>fraternam</strong></span> <span class='ocrx_word' id='word_1_475' title='bbox 2725 3083 3114 3185; x_wconf 48' lang='lat' dir='ltr'><strong>Icharitalcm,</strong></span> <span class='ocrx_word' id='word_1_476' title='bbox 3145 3108 3206 3169; x_wconf 91' lang='lat' dir='ltr'><strong>in</strong></span> <span class='ocrx_word' id='word_1_477' title='bbox 3236 3083 3495 3169; x_wconf 71' lang='lat' dir='ltr'><strong>fraterna</strong></span> <span class='ocrx_word' id='word_1_478' title='bbox 3524 3107 3666 3168; x_wconf 83' lang='lat' dir='ltr'><strong>cha-</strong></span> 
     </span>
    </p>
   </div>
   <div class='ocr_carea' id='block_1_64' title="bbox 279 3188 1934 3279">
    <p class='ocr_par' dir='ltr' id='par_1_64' title="bbox 279 3188 1934 3279">
     <span class='ocr_line' id='line_1_64' title="bbox 279 3188 1934 3279; baseline 0.002 -31"><span class='ocrx_word' id='word_1_479' title='bbox 279 3188 573 3270; x_wconf 76' lang='grc' dir='ltr'>εὒσέϐειαν,</span> <span class='ocrx_word' id='word_1_480' title='bbox 607 3193 662 3250; x_wconf 87' lang='grc' dir='ltr'><strong>ἐν</strong></span> <span class='ocrx_word' id='word_1_481' title='bbox 689 3195 856 3272; x_wconf 80' lang='grc' dir='ltr'>ταύτῃ</span> <span class='ocrx_word' id='word_1_482' title='bbox 885 3197 986 3264; x_wconf 80' lang='grc' dir='ltr'><strong>τὴν</strong></span> <span class='ocrx_word' id='word_1_483' title='bbox 1037 3195 1398 3279; x_wconf 70' lang='grc' dir='ltr'>φιλαδελφίαν,</span> <span class='ocrx_word' id='word_1_484' title='bbox 1447 3197 1501 3253; x_wconf 89' lang='grc' dir='ltr'><strong>ἐν</strong></span> <span class='ocrx_word' id='word_1_485' title='bbox 1529 3204 1599 3276; x_wconf 72' lang='grc' dir='ltr'><strong>τῇ</strong></span> <span class='ocrx_word' id='word_1_486' title='bbox 1628 3195 1934 3279; x_wconf 77' lang='grc' dir='ltr'>φιλαδελφίᾳ</span> 
     </span>
    </p>
   </div>
   <div class='ocr_carea' id='block_1_65' title="bbox 2021 3188 2631 3279">
    <p class='ocr_par' dir='ltr' id='par_1_65' title="bbox 2021 3194 2631 3260">
     <span class='ocr_line' id='line_1_65' title="bbox 2021 3194 2631 3260; baseline 0.008 -5"><span class='ocrx_word' id='word_1_487' title='bbox 2021 3194 2194 3256; x_wconf 89' lang='lat' dir='ltr'><strong>ritate</strong></span> <span class='ocrx_word' id='word_1_488' title='bbox 2225 3195 2631 3260; x_wconf 85' lang='lat' dir='ltr'><strong>dilectionem.</strong></span> 
     </span>
    </p>
   </div>
   <div class='ocr_carea' id='block_1_66' title="bbox 276 3280 652 3359">
    <p class='ocr_par' dir='ltr' id='par_1_66' title="bbox 276 3280 652 3359">
     <span class='ocr_line' id='line_1_66' title="bbox 276 3280 652 3359; baseline 0.005 -23"><span class='ocrx_word' id='word_1_489' title='bbox 276 3280 378 3349; x_wconf 75' lang='grc' dir='ltr'><strong>τὴν</strong></span> <span class='ocrx_word' id='word_1_490' title='bbox 409 3280 652 3359; x_wconf 80' lang='grc' dir='ltr'>ἀγάπην.</span> 
     </span>
    </p>
   </div>
   <div class='ocr_carea' id='block_1_67' title="bbox 359 3365 1934 3455">
    <p class='ocr_par' dir='ltr' id='par_1_67' title="bbox 359 3365 1933 3455">
     <span class='ocr_line' id='line_1_67' title="bbox 359 3365 1933 3455; baseline 0.003 -26"><span class='ocrx_word' id='word_1_491' title='bbox 359 3397 393 3429; x_wconf 76' lang='grc' dir='ltr'><strong>α</strong></span> <span class='ocrx_word' id='word_1_492' title='bbox 447 3365 540 3434; x_wconf 63' lang='grc' dir='ltr'>Ὠς</span> <span class='ocrx_word' id='word_1_493' title='bbox 597 3376 770 3432; x_wconf 84' lang='grc' dir='ltr'>πάντα</span> <span class='ocrx_word' id='word_1_494' title='bbox 838 3378 975 3453; x_wconf 78' lang='grc' dir='ltr'>ἡμῖν</span> <span class='ocrx_word' id='word_1_495' title='bbox 1054 3383 1151 3447; x_wconf 75' lang='grc' dir='ltr'><strong>της</strong></span> <span class='ocrx_word' id='word_1_496' title='bbox 1205 3379 1345 3443; x_wconf 86' lang='grc' dir='ltr'>θείας</span> <span class='ocrx_word' id='word_1_497' title='bbox 1400 3378 1667 3455; x_wconf 82' lang='grc' dir='ltr'>δυνάμεως</span> <span class='ocrx_word' id='word_1_498' title='bbox 1753 3380 1933 3453; x_wconf 77' lang='grc' dir='ltr'>αὐτοῦ,</span> 
     </span>
    </p>
   </div>
   <div class='ocr_carea' id='block_1_68' title="bbox 2021 3365 3669 3455">
    <p class='ocr_par' dir='ltr' id='par_1_68' title="bbox 2103 3371 3669 3454">
     <span class='ocr_line' id='line_1_68' title="bbox 2103 3371 3669 3454; baseline 0.001 -20"><span class='ocrx_word' id='word_1_499' title='bbox 2103 3371 2151 3453; x_wconf 83' lang='grc' dir='ltr'>Ι,</span> <span class='ocrx_word' id='word_1_500' title='bbox 2182 3373 2297 3436; x_wconf 86' lang='grc'><strong>3-9</strong></span> <span class='ocrx_word' id='word_1_501' title='bbox 2355 3373 2484 3435; x_wconf 76' lang='lat'><strong>5&#39;5!</strong></span> <span class='ocrx_word' id='word_1_502' title='bbox 2552 3378 2722 3437; x_wconf 85' lang='lat' dir='ltr'><strong>Sicut</strong></span> <span class='ocrx_word' id='word_1_503' title='bbox 2778 3377 2983 3438; x_wconf 86' lang='lat' dir='ltr'><strong>omnia</strong></span> <span class='ocrx_word' id='word_1_504' title='bbox 3040 3374 3203 3438; x_wconf 85' lang='lat' dir='ltr'><strong>vobis</strong></span> <span class='ocrx_word' id='word_1_505' title='bbox 3231 3376 3448 3437; x_wconf 86' lang='lat' dir='ltr'><strong>divina</strong></span> <span class='ocrx_word' id='word_1_506' title='bbox 3480 3374 3669 3454; x_wconf 82' lang='lat' dir='ltr'><strong>ipsius</strong></span> 
     </span>
    </p>
   </div>
   <div class='ocr_carea' id='block_1_69' title="bbox 278 3463 1934 3549">
    <p class='ocr_par' dir='ltr' id='par_1_69' title="bbox 278 3463 1934 3549">
     <span class='ocr_line' id='line_1_69' title="bbox 278 3463 1934 3549; baseline 0.002 -31"><span class='ocrx_word' id='word_1_507' title='bbox 278 3463 343 3519; x_wconf 82' lang='grc' dir='ltr'><strong>τὰ</strong></span> <span class='ocrx_word' id='word_1_508' title='bbox 431 3465 563 3542; x_wconf 86' lang='grc' dir='ltr'>πρὸς</span> <span class='ocrx_word' id='word_1_509' title='bbox 633 3467 776 3536; x_wconf 80' lang='grc' dir='ltr'>ζωὴν</span> <span class='ocrx_word' id='word_1_510' title='bbox 865 3467 955 3522; x_wconf 85' lang='grc' dir='ltr'><strong>καὶ</strong></span> <span class='ocrx_word' id='word_1_511' title='bbox 1024 3464 1288 3524; x_wconf 72' lang='grc' dir='ltr'>εὖσέϐειαν</span> <span class='ocrx_word' id='word_1_512' title='bbox 1373 3466 1768 3549; x_wconf 85' lang='grc' dir='ltr'>δεδωρημένης,</span> <span class='ocrx_word' id='word_1_513' title='bbox 1855 3466 1934 3523; x_wconf 84' lang='grc' dir='ltr'>διὰ</span> 
     </span>
    </p>
   </div>
   <div class='ocr_carea' id='block_1_70' title="bbox 2021 3463 3671 3549">
    <p class='ocr_par' dir='ltr' id='par_1_70' title="bbox 2021 3463 3671 3545">
     <span class='ocr_line' id='line_1_70' title="bbox 2021 3463 3671 3545; baseline 0.001 -23"><span class='ocrx_word' id='word_1_514' title='bbox 2021 3464 2270 3536; x_wconf 80' lang='lat' dir='ltr'><strong>virtute,</strong></span> <span class='ocrx_word' id='word_1_515' title='bbox 2304 3481 2440 3543; x_wconf 77' lang='lat' dir='ltr'><strong>quae</strong></span> <span class='ocrx_word' id='word_1_516' title='bbox 2469 3466 2546 3527; x_wconf 81' lang='lat' dir='ltr'><strong>ad</strong></span> <span class='ocrx_word' id='word_1_517' title='bbox 2576 3466 2766 3527; x_wconf 84' lang='lat' dir='ltr'><strong>vitam</strong></span> <span class='ocrx_word' id='word_1_518' title='bbox 2816 3483 2887 3527; x_wconf 87' lang='lat' dir='ltr'><strong>ac</strong></span> <span class='ocrx_word' id='word_1_519' title='bbox 2929 3468 3221 3545; x_wconf 78' lang='lat' dir='ltr'><strong>pietatem</strong></span> <span class='ocrx_word' id='word_1_520' title='bbox 3250 3467 3513 3541; x_wconf 78' lang='lat' dir='ltr'><strong>faciunt,</strong></span> <span class='ocrx_word' id='word_1_521' title='bbox 3549 3463 3671 3525; x_wconf 83' lang='lat' dir='ltr'><strong>lar-</strong></span> 
     </span>
    </p>
   </div>
   <div class='ocr_carea' id='block_1_71' title="bbox 277 3551 1934 3633">
    <p class='ocr_par' dir='ltr' id='par_1_71' title="bbox 277 3551 1934 3633">
     <span class='ocr_line' id='line_1_71' title="bbox 277 3551 1934 3633; baseline 0.001 -25"><span class='ocrx_word' id='word_1_522' title='bbox 277 3556 376 3619; x_wconf 84' lang='grc' dir='ltr'>τῆς</span> <span class='ocrx_word' id='word_1_523' title='bbox 446 3551 782 3631; x_wconf 85' lang='grc' dir='ltr'>ἐπιγνώσεως</span> <span class='ocrx_word' id='word_1_524' title='bbox 851 3561 944 3612; x_wconf 83' lang='lat'><strong>106</strong></span> <span class='ocrx_word' id='word_1_525' title='bbox 1018 3553 1338 3621; x_wconf 85' lang='grc' dir='ltr'>καλέσαντος</span> <span class='ocrx_word' id='word_1_526' title='bbox 1412 3556 1556 3633; x_wconf 79' lang='grc' dir='ltr'>ἧμᾶς</span> <span class='ocrx_word' id='word_1_527' title='bbox 1634 3554 1716 3613; x_wconf 77' lang='grc' dir='ltr'><strong>διὰ</strong></span> <span class='ocrx_word' id='word_1_528' title='bbox 1785 3554 1934 3622; x_wconf 79' lang='grc' dir='ltr'>δόξης</span> 
     </span>
    </p>
   </div>
   <div class='ocr_carea' id='block_1_72' title="bbox 2021 3551 3673 3633">
    <p class='ocr_par' dir='ltr' id='par_1_72' title="bbox 2021 3553 3673 3632">
     <span class='ocr_line' id='line_1_72' title="bbox 2021 3553 3673 3632; baseline 0.001 -21"><span class='ocrx_word' id='word_1_529' title='bbox 2021 3553 2242 3632; x_wconf 82' lang='lat' dir='ltr'><strong>giente,</strong></span> <span class='ocrx_word' id='word_1_530' title='bbox 2270 3570 2386 3632; x_wconf 85' lang='lat' dir='ltr'><strong>per</strong></span> <span class='ocrx_word' id='word_1_531' title='bbox 2414 3556 2820 3631; x_wconf 76' lang='lat' dir='ltr'><strong>cognitionem</strong></span> <span class='ocrx_word' id='word_1_532' title='bbox 2868 3558 2995 3629; x_wconf 76' lang='lat' dir='ltr'><strong>eius</strong></span> <span class='ocrx_word' id='word_1_533' title='bbox 3022 3555 3126 3632; x_wconf 84' lang='lat' dir='ltr'><strong>qui</strong></span> <span class='ocrx_word' id='word_1_534' title='bbox 3152 3554 3389 3616; x_wconf 81' lang='lat' dir='ltr'><strong>vocavit</strong></span> <span class='ocrx_word' id='word_1_535' title='bbox 3419 3570 3532 3615; x_wconf 87' lang='lat' dir='ltr'><strong>nos</strong></span> <span class='ocrx_word' id='word_1_536' title='bbox 3558 3569 3673 3630; x_wconf 82' lang='lat' dir='ltr'><strong>per</strong></span> 
     </span>
    </p>
   </div>
   <div class='ocr_carea' id='block_1_73' title="bbox 279 3639 1934 3723">
    <p class='ocr_par' dir='ltr' id='par_1_73' title="bbox 279 3639 1934 3723">
     <span class='ocr_line' id='line_1_73' title="bbox 279 3639 1934 3723; baseline 0.002 -27"><span class='ocrx_word' id='word_1_537' title='bbox 279 3641 366 3696; x_wconf 78' lang='grc' dir='ltr'><strong>καὶ</strong></span> <span class='ocrx_word' id='word_1_538' title='bbox 429 3640 646 3718; x_wconf 75' lang='grc' dir='ltr'>ἀρετῆς,</span> <span class='ocrx_word' id='word_1_539' title='bbox 721 3639 789 3698; x_wconf 85' lang='grc' dir='ltr'><strong>δι’</strong></span> <span class='ocrx_word' id='word_1_540' title='bbox 858 3645 933 3698; x_wconf 83' lang='grc' dir='ltr'><strong>ὧν</strong></span> <span class='ocrx_word' id='word_1_541' title='bbox 989 3644 1054 3704; x_wconf 78' lang='grc' dir='ltr'><strong>τὰ</strong></span> <span class='ocrx_word' id='word_1_542' title='bbox 1121 3646 1270 3721; x_wconf 85' lang='grc' dir='ltr'>τὶμια</span> <span class='ocrx_word' id='word_1_543' title='bbox 1340 3646 1478 3721; x_wconf 76' lang='grc' dir='ltr'>ἡμῖν</span> <span class='ocrx_word' id='word_1_544' title='bbox 1548 3647 1635 3701; x_wconf 79' lang='grc' dir='ltr'>καὶ</span> <span class='ocrx_word' id='word_1_545' title='bbox 1716 3645 1934 3723; x_wconf 77' lang='grc' dir='ltr'>μέγιστα</span> 
     </span>
    </p>
   </div>
   <div class='ocr_carea' id='block_1_74' title="bbox 2021 3639 3672 3723">
    <p class='ocr_par' dir='ltr' id='par_1_74' title="bbox 2021 3641 3672 3722">
     <span class='ocr_line' id='line_1_74' title="bbox 2021 3641 3672 3722; baseline 0.001 -21"><span class='ocrx_word' id='word_1_546' title='bbox 2021 3641 2277 3717; x_wconf 79' lang='lat' dir='ltr'><strong>gloriam</strong></span> <span class='ocrx_word' id='word_1_547' title='bbox 2310 3649 2365 3704; x_wconf 84' lang='lat' dir='ltr'><strong>ct</strong></span> <span class='ocrx_word' id='word_1_548' title='bbox 2394 3644 2703 3711; x_wconf 82' lang='lat' dir='ltr'><strong>virtutem,</strong></span> <span class='ocrx_word' id='word_1_549' title='bbox 2735 3660 2850 3721; x_wconf 83' lang='lat' dir='ltr'><strong>per</strong></span> <span class='ocrx_word' id='word_1_550' title='bbox 2890 3660 3023 3721; x_wconf 84' lang='lat' dir='ltr'><strong>quae</strong></span> <span class='ocrx_word' id='word_1_551' title='bbox 3066 3645 3339 3722; x_wconf 83' lang='lat' dir='ltr'><strong>pretiosa</strong></span> <span class='ocrx_word' id='word_1_552' title='bbox 3388 3642 3554 3704; x_wconf 80' lang='lat' dir='ltr'><strong>vobis</strong></span> <span class='ocrx_word' id='word_1_553' title='bbox 3601 3659 3672 3703; x_wconf 90' lang='lat' dir='ltr'><strong>ac</strong></span> 
     </span>
    </p>
   </div>
   <div class='ocr_carea' id='block_1_75' title="bbox 282 3728 1934 3811">
    <p class='ocr_par' dir='ltr' id='par_1_75' title="bbox 282 3728 1934 3811">
     <span class='ocr_line' id='line_1_75' title="bbox 282 3728 1934 3811; baseline 0.002 -26"><span class='ocrx_word' id='word_1_554' title='bbox 282 3728 673 3807; x_wconf 83' lang='grc' dir='ltr'>ἐπαγγέλματα</span> <span class='ocrx_word' id='word_1_555' title='bbox 728 3728 1042 3809; x_wconf 81' lang='grc' dir='ltr'>δεδώρηται,</span> <span class='ocrx_word' id='word_1_556' title='bbox 1122 3731 1215 3789; x_wconf 78' lang='grc' dir='ltr'>’ίνα</span> <span class='ocrx_word' id='word_1_557' title='bbox 1298 3731 1381 3789; x_wconf 81' lang='grc' dir='ltr'><strong>διὰ</strong></span> <span class='ocrx_word' id='word_1_558' title='bbox 1449 3733 1646 3789; x_wconf 80' lang='grc' dir='ltr'>τούτων</span> <span class='ocrx_word' id='word_1_559' title='bbox 1716 3734 1934 3811; x_wconf 86' lang='grc' dir='ltr'>γένησθε</span> 
     </span>
    </p>
   </div>
   <div class='ocr_carea' id='block_1_76' title="bbox 2021 3728 3670 3811">
    <p class='ocr_par' dir='ltr' id='par_1_76' title="bbox 2022 3729 3670 3811">
     <span class='ocr_line' id='line_1_76' title="bbox 2022 3729 3670 3811; baseline 0 -20"><span class='ocrx_word' id='word_1_560' title='bbox 2022 3736 2296 3792; x_wconf 74' lang='lat' dir='ltr'><strong>maxima</strong></span> <span class='ocrx_word' id='word_1_561' title='bbox 2323 3732 2618 3811; x_wconf 84' lang='lat' dir='ltr'><strong>promissa</strong></span> <span class='ocrx_word' id='word_1_562' title='bbox 2665 3733 2897 3793; x_wconf 81' lang='lat' dir='ltr'><strong>donata</strong></span> <span class='ocrx_word' id='word_1_563' title='bbox 2940 3740 3114 3811; x_wconf 80' lang='lat' dir='ltr'><strong>sunt,</strong></span> <span class='ocrx_word' id='word_1_564' title='bbox 3172 3738 3234 3792; x_wconf 87' lang='lat' dir='ltr'><strong>ut</strong></span> <span class='ocrx_word' id='word_1_565' title='bbox 3260 3749 3368 3811; x_wconf 83' lang='lat' dir='ltr'><strong>per</strong></span> <span class='ocrx_word' id='word_1_566' title='bbox 3394 3731 3515 3792; x_wconf 82' lang='lat' dir='ltr'><strong>hcec</strong></span> <span class='ocrx_word' id='word_1_567' title='bbox 3543 3729 3670 3808; x_wconf 75' lang='lat' dir='ltr'><strong>effi-</strong></span> 
     </span>
    </p>
   </div>
   <div class='ocr_carea' id='block_1_77' title="bbox 279 3820 1934 3900">
    <p class='ocr_par' dir='ltr' id='par_1_77' title="bbox 279 3820 1934 3900">
     <span class='ocr_line' id='line_1_77' title="bbox 279 3820 1934 3900; baseline 0.001 -26"><span class='ocrx_word' id='word_1_568' title='bbox 279 3820 425 3883; x_wconf 89' lang='grc' dir='ltr'>θείας</span> <span class='ocrx_word' id='word_1_569' title='bbox 524 3822 768 3877; x_wconf 86' lang='grc' dir='ltr'>κοινωνοὶ</span> <span class='ocrx_word' id='word_1_570' title='bbox 869 3821 1098 3900; x_wconf 84' lang='grc' dir='ltr'>φύσεως,</span> <span class='ocrx_word' id='word_1_571' title='bbox 1205 3822 1564 3900; x_wconf 80' lang='grc' dir='ltr'>ἀποφυγόντες</span> <span class='ocrx_word' id='word_1_572' title='bbox 1673 3827 1771 3889; x_wconf 77' lang='grc' dir='ltr'><strong>τῆς</strong></span> <span class='ocrx_word' id='word_1_573' title='bbox 1883 3820 1934 3876; x_wconf 89' lang='grc' dir='ltr'><strong>ἐν</strong></span> 
     </span>
    </p>
   </div>
   <div class='ocr_carea' id='block_1_78' title="bbox 2021 3820 3672 3900">
    <p class='ocr_par' dir='ltr' id='par_1_78' title="bbox 2021 3820 3672 3894">
     <span class='ocr_line' id='line_1_78' title="bbox 2021 3820 3672 3894; baseline 0.001 -14"><span class='ocrx_word' id='word_1_574' title='bbox 2021 3820 2279 3880; x_wconf 83' lang='lat' dir='ltr'><strong>cinmini</strong></span> <span class='ocrx_word' id='word_1_575' title='bbox 2331 3829 2638 3881; x_wconf 80' lang='lat' dir='ltr'><strong>consortes</strong></span> <span class='ocrx_word' id='word_1_576' title='bbox 2685 3820 2911 3882; x_wconf 65' lang='lat' dir='ltr'><strong>divinae</strong></span> <span class='ocrx_word' id='word_1_577' title='bbox 2940 3829 3209 3894; x_wconf 69' lang='lat' dir='ltr'><strong>naturas,</strong></span> <span class='ocrx_word' id='word_1_578' title='bbox 3242 3821 3511 3882; x_wconf 82' lang='lat' dir='ltr'><strong>devitala</strong></span> <span class='ocrx_word' id='word_1_579' title='bbox 3542 3836 3672 3881; x_wconf 86' lang='lat' dir='ltr'><strong>cor-</strong></span> 
     </span>
    </p>
   </div>
   <div class='ocr_carea' id='block_1_79' title="bbox 277 3906 1934 3991">
    <p class='ocr_par' dir='ltr' id='par_1_79' title="bbox 277 3906 1934 3991">
     <span class='ocr_line' id='line_1_79' title="bbox 277 3906 1934 3991; baseline 0.001 -28"><span class='ocrx_word' id='word_1_580' title='bbox 277 3908 472 3983; x_wconf 81' lang='grc' dir='ltr'>κόσμῳ</span> <span class='ocrx_word' id='word_1_581' title='bbox 556 3906 609 3964; x_wconf 91' lang='grc' dir='ltr'><strong>ἐν</strong></span> <span class='ocrx_word' id='word_1_582' title='bbox 680 3907 925 3985; x_wconf 78' lang='grc' dir='ltr'>ἐπιθυμίᾳ</span> <span class='ocrx_word' id='word_1_583' title='bbox 994 3913 1209 3991; x_wconf 84' lang='grc' dir='ltr'>φθορᾶς,</span> <span class='ocrx_word' id='word_1_584' title='bbox 1282 3913 1370 3967; x_wconf 78' lang='grc' dir='ltr'><strong>καὶ</strong></span> <span class='ocrx_word' id='word_1_585' title='bbox 1452 3913 1587 3968; x_wconf 74' lang='grc' dir='ltr'>αὐτὸ</span> <span class='ocrx_word' id='word_1_586' title='bbox 1680 3918 1801 3968; x_wconf 87' lang='lat'><strong>0610</strong></span> <span class='ocrx_word' id='word_1_587' title='bbox 1883 3908 1934 3966; x_wconf 73' lang='grc' dir='ltr'>δὲ</span> 
     </span>
    </p>
   </div>
   <div class='ocr_carea' id='block_1_80' title="bbox 2021 3906 3667 3991">
    <p class='ocr_par' dir='ltr' id='par_1_80' title="bbox 2021 3910 3667 3989">
     <span class='ocr_line' id='line_1_80' title="bbox 2021 3910 3667 3989; baseline 0 -22"><span class='ocrx_word' id='word_1_588' title='bbox 2021 3910 2302 3987; x_wconf 82' lang='lat' dir='ltr'><strong>raptione</strong></span> <span class='ocrx_word' id='word_1_589' title='bbox 2331 3926 2467 3988; x_wconf 71' lang='lat' dir='ltr'><strong>quae</strong></span> <span class='ocrx_word' id='word_1_590' title='bbox 2495 3911 2560 3971; x_wconf 88' lang='lat' dir='ltr'><strong>in</strong></span> <span class='ocrx_word' id='word_1_591' title='bbox 2594 3911 2820 3970; x_wconf 81' lang='lat' dir='ltr'><strong>mundo</strong></span> <span class='ocrx_word' id='word_1_592' title='bbox 2849 3917 2936 3970; x_wconf 86' lang='lat' dir='ltr'><strong>est</strong></span> <span class='ocrx_word' id='word_1_593' title='bbox 2955 3926 3068 3989; x_wconf 82' lang='lat' dir='ltr'><strong>per</strong></span> <span class='ocrx_word' id='word_1_594' title='bbox 3088 3910 3667 3989; x_wconf 83' lang='lat' dir='ltr'><strong>concupiscentiam.</strong></span> 
     </span>
    </p>
   </div>
   <div class='ocr_carea' id='block_1_81' title="bbox 278 3994 1934 4080">
    <p class='ocr_par' dir='ltr' id='par_1_81' title="bbox 278 3994 1934 4080">
     <span class='ocr_line' id='line_1_81' title="bbox 278 3994 1934 4080; baseline 0.003 -27"><span class='ocrx_word' id='word_1_595' title='bbox 278 3994 522 4064; x_wconf 74' lang='grc' dir='ltr'>σπολδὴν</span> <span class='ocrx_word' id='word_1_596' title='bbox 646 4004 820 4054; x_wconf 82' lang='grc' dir='ltr'>πᾶσαν</span> <span class='ocrx_word' id='word_1_597' title='bbox 943 3999 1459 4078; x_wconf 81' lang='grc' dir='ltr'>περεισενέγκαντες,</span> <span class='ocrx_word' id='word_1_598' title='bbox 1588 3998 1934 4080; x_wconf 81' lang='grc' dir='ltr'>ἐπιχορηγή-</span> 
     </span>
    </p>
   </div>
   <div class='ocr_carea' id='block_1_82' title="bbox 2021 3994 3673 4080">
    <p class='ocr_par' dir='ltr' id='par_1_82' title="bbox 2022 3995 3673 4079">
     <span class='ocr_line' id='line_1_82' title="bbox 2022 3995 3673 4079; baseline 0.001 -23"><span class='ocrx_word' id='word_1_599' title='bbox 2022 3996 2135 4058; x_wconf 81' lang='lat' dir='ltr'><strong>Sed</strong></span> <span class='ocrx_word' id='word_1_600' title='bbox 2164 4003 2221 4059; x_wconf 89' lang='lat' dir='ltr'><strong>et</strong></span> <span class='ocrx_word' id='word_1_601' title='bbox 2252 3999 2317 4058; x_wconf 85' lang='lat' dir='ltr'><strong>in</strong></span> <span class='ocrx_word' id='word_1_602' title='bbox 2343 3999 2455 4059; x_wconf 81' lang='lat' dir='ltr'><strong>hoc</strong></span> <span class='ocrx_word' id='word_1_603' title='bbox 2485 4004 2683 4079; x_wconf 82' lang='lat' dir='ltr'><strong>ipsum</strong></span> <span class='ocrx_word' id='word_1_604' title='bbox 2717 3996 2991 4060; x_wconf 87' lang='lat' dir='ltr'><strong>adhibito</strong></span> <span class='ocrx_word' id='word_1_605' title='bbox 3023 4000 3189 4060; x_wconf 85' lang='lat' dir='ltr'><strong>omni</strong></span> <span class='ocrx_word' id='word_1_606' title='bbox 3217 3998 3420 4061; x_wconf 82' lang='lat' dir='ltr'><strong>studio</strong></span> <span class='ocrx_word' id='word_1_607' title='bbox 3448 3995 3673 4059; x_wconf 89' lang='lat' dir='ltr'><strong>submi-</strong></span> 
     </span>
    </p>
   </div>
   <div class='ocr_carea' id='block_1_83' title="bbox 275 4084 1934 4167">
    <p class='ocr_par' dir='ltr' id='par_1_83' title="bbox 275 4084 1934 4167">
     <span class='ocr_line' id='line_1_83' title="bbox 275 4084 1934 4167; baseline 0.004 -27"><span class='ocrx_word' id='word_1_608' title='bbox 275 4106 408 4141; x_wconf 78' lang='grc' dir='ltr'>σατε</span> <span class='ocrx_word' id='word_1_609' title='bbox 467 4084 521 4141; x_wconf 83' lang='grc' dir='ltr'><strong>ἐν</strong></span> <span class='ocrx_word' id='word_1_610' title='bbox 583 4093 651 4163; x_wconf 77' lang='grc' dir='ltr'>τῇ</span> <span class='ocrx_word' id='word_1_611' title='bbox 721 4087 892 4143; x_wconf 88' lang='grc' dir='ltr'>πίστει</span> <span class='ocrx_word' id='word_1_612' title='bbox 971 4088 1118 4162; x_wconf 77' lang='grc' dir='ltr'>ὑμῶν</span> <span class='ocrx_word' id='word_1_613' title='bbox 1190 4088 1290 4155; x_wconf 81' lang='grc' dir='ltr'><strong>τὴν</strong></span> <span class='ocrx_word' id='word_1_614' title='bbox 1346 4087 1559 4167; x_wconf 76' lang='grc' dir='ltr'>ἀρετὴν,</span> <span class='ocrx_word' id='word_1_615' title='bbox 1633 4087 1687 4143; x_wconf 88' lang='grc' dir='ltr'><strong>ἐν</strong></span> <span class='ocrx_word' id='word_1_616' title='bbox 1742 4087 1796 4144; x_wconf 78' lang='grc' dir='ltr'>δὲ</span> <span class='ocrx_word' id='word_1_617' title='bbox 1865 4094 1934 4157; x_wconf 77' lang='grc' dir='ltr'>τῇ</span> 
     </span>
    </p>
   </div>
   <div class='ocr_carea' id='block_1_84' title="bbox 2021 4084 3671 4167">
    <p class='ocr_par' dir='ltr' id='par_1_84' title="bbox 2021 4087 3671 4166">
     <span class='ocr_line' id='line_1_84' title="bbox 2021 4087 3671 4166; baseline -0.001 -19"><span class='ocrx_word' id='word_1_618' title='bbox 2021 4087 2281 4148; x_wconf 81' lang='lat' dir='ltr'><strong>nislrute</strong></span> <span class='ocrx_word' id='word_1_619' title='bbox 2310 4092 2375 4149; x_wconf 81' lang='lat' dir='ltr'><strong>in</strong></span> <span class='ocrx_word' id='word_1_620' title='bbox 2403 4087 2519 4166; x_wconf 82' lang='lat' dir='ltr'><strong>ﬁde</strong></span> <span class='ocrx_word' id='word_1_621' title='bbox 2546 4096 2747 4150; x_wconf 84' lang='lat' dir='ltr'><strong>vestra</strong></span> <span class='ocrx_word' id='word_1_622' title='bbox 2778 4092 3094 4163; x_wconf 85' lang='lat' dir='ltr'><strong>virtutem,</strong></span> <span class='ocrx_word' id='word_1_623' title='bbox 3117 4090 3181 4149; x_wconf 87' lang='lat' dir='ltr'><strong>in</strong></span> <span class='ocrx_word' id='word_1_624' title='bbox 3214 4089 3438 4150; x_wconf 80' lang='lat' dir='ltr'><strong>virtute</strong></span> <span class='ocrx_word' id='word_1_625' title='bbox 3467 4093 3671 4149; x_wconf 85' lang='lat' dir='ltr'><strong>autem</strong></span> 
     </span>
    </p>
   </div>
   <div class='ocr_carea' id='block_1_85' title="bbox 278 4173 1934 4256">
    <p class='ocr_par' dir='ltr' id='par_1_85' title="bbox 278 4173 1932 4256">
     <span class='ocr_line' id='line_1_85' title="bbox 278 4173 1932 4256; baseline 0.002 -27"><span class='ocrx_word' id='word_1_626' title='bbox 278 4173 445 4253; x_wconf 71' lang='grc' dir='ltr'>ἀρετῇ</span> <span class='ocrx_word' id='word_1_627' title='bbox 473 4173 572 4243; x_wconf 79' lang='grc' dir='ltr'><strong>τήν</strong></span> <span class='ocrx_word' id='word_1_628' title='bbox 622 4182 841 4256; x_wconf 80' lang='grc' dir='ltr'>γνῶσιν,</span> <span class='ocrx_word' id='word_1_629' title='bbox 889 4177 942 4235; x_wconf 75' lang='grc' dir='ltr'><strong>ἐν</strong></span> <span class='ocrx_word' id='word_1_630' title='bbox 988 4174 1042 4232; x_wconf 77' lang='grc' dir='ltr'>δὲ</span> <span class='ocrx_word' id='word_1_631' title='bbox 1097 4184 1165 4254; x_wconf 79' lang='grc' dir='ltr'><strong>τῇ</strong></span> <span class='ocrx_word' id='word_1_632' title='bbox 1209 4178 1401 4256; x_wconf 88' lang='grc' dir='ltr'>γνώσει</span> <span class='ocrx_word' id='word_1_633' title='bbox 1458 4179 1559 4246; x_wconf 71' lang='grc' dir='ltr'>τὴν</span> <span class='ocrx_word' id='word_1_634' title='bbox 1601 4176 1932 4256; x_wconf 77' lang='grc' dir='ltr'>ἐγκράτειαν,</span> 
     </span>
    </p>
   </div>
   <div class='ocr_carea' id='block_1_86' title="bbox 2021 4173 3671 4256">
    <p class='ocr_par' dir='ltr' id='par_1_86' title="bbox 2021 4177 3671 4256">
     <span class='ocr_line' id='line_1_86' title="bbox 2021 4177 3671 4256; baseline 0 -18"><span class='ocrx_word' id='word_1_635' title='bbox 2021 4177 2357 4250; x_wconf 81' lang='lat' dir='ltr'><strong>scientiam,</strong></span> <span class='ocrx_word' id='word_1_636' title='bbox 2395 4178 2458 4237; x_wconf 84' lang='lat' dir='ltr'><strong>in</strong></span> <span class='ocrx_word' id='word_1_637' title='bbox 2487 4178 2742 4239; x_wconf 82' lang='lat' dir='ltr'><strong>scientia</strong></span> <span class='ocrx_word' id='word_1_638' title='bbox 2771 4193 2910 4238; x_wconf 81' lang='lat' dir='ltr'><strong>vero</strong></span> <span class='ocrx_word' id='word_1_639' title='bbox 2926 4182 3415 4256; x_wconf 74' lang='lat' dir='ltr'><strong>temperantiam,</strong></span> <span class='ocrx_word' id='word_1_640' title='bbox 3440 4181 3504 4237; x_wconf 81' lang='lat' dir='ltr'><strong>in</strong></span> <span class='ocrx_word' id='word_1_641' title='bbox 3529 4184 3671 4238; x_wconf 89' lang='lat' dir='ltr'><strong>tem-</strong></span> 
     </span>
    </p>
   </div>
   <div class='ocr_carea' id='block_1_87' title="bbox 280 4260 1934 4345">
    <p class='ocr_par' dir='ltr' id='par_1_87' title="bbox 280 4260 1934 4343">
     <span class='ocr_line' id='line_1_87' title="bbox 280 4260 1934 4343; baseline 0.003 -25"><span class='ocrx_word' id='word_1_642' title='bbox 280 4260 335 4318; x_wconf 75' lang='grc' dir='ltr'>ἱν</span> <span class='ocrx_word' id='word_1_643' title='bbox 393 4261 451 4319; x_wconf 74' lang='grc' dir='ltr'>δὲ</span> <span class='ocrx_word' id='word_1_644' title='bbox 507 4270 578 4342; x_wconf 79' lang='grc' dir='ltr'><strong>τῇ</strong></span> <span class='ocrx_word' id='word_1_645' title='bbox 625 4264 902 4343; x_wconf 79' lang='grc' dir='ltr'>ἐγκρατείᾳ</span> <span class='ocrx_word' id='word_1_646' title='bbox 937 4266 1039 4333; x_wconf 78' lang='grc' dir='ltr'><strong>τὴν</strong></span> <span class='ocrx_word' id='word_1_647' title='bbox 1094 4267 1393 4342; x_wconf 78' lang='grc' dir='ltr'>ὑπομονὴν,</span> <span class='ocrx_word' id='word_1_648' title='bbox 1447 4265 1501 4322; x_wconf 89' lang='grc' dir='ltr'><strong>ἐν</strong></span> <span class='ocrx_word' id='word_1_649' title='bbox 1558 4265 1613 4322; x_wconf 78' lang='grc' dir='ltr'>δὲ</span> <span class='ocrx_word' id='word_1_650' title='bbox 1668 4272 1736 4343; x_wconf 81' lang='grc' dir='ltr'><strong>τῇ</strong></span> <span class='ocrx_word' id='word_1_651' title='bbox 1803 4268 1934 4324; x_wconf 83' lang='grc' dir='ltr'>ὑπο-</span> 
     </span>
    </p>
   </div>
   <div class='ocr_carea' id='block_1_88' title="bbox 2021 4260 3671 4345">
    <p class='ocr_par' dir='ltr' id='par_1_88' title="bbox 2021 4264 3671 4345">
     <span class='ocr_line' id='line_1_88' title="bbox 2021 4264 3671 4345; baseline 0.002 -21"><span class='ocrx_word' id='word_1_652' title='bbox 2021 4264 2299 4344; x_wconf 77' lang='lat' dir='ltr'><strong>perantia</strong></span> <span class='ocrx_word' id='word_1_653' title='bbox 2324 4273 2521 4326; x_wconf 76' lang='lat' dir='ltr'><strong>autem</strong></span> <span class='ocrx_word' id='word_1_654' title='bbox 2550 4266 2916 4344; x_wconf 73' lang='lat' dir='ltr'><strong>patientiam</strong></span> <span class='ocrx_word' id='word_1_655' title='bbox 2952 4285 2970 4324; x_wconf 89' lang='lat'><strong>:</strong></span> <span class='ocrx_word' id='word_1_656' title='bbox 3003 4282 3251 4327; x_wconf 64' lang='lat' dir='ltr'><strong>rursum</strong></span> <span class='ocrx_word' id='word_1_657' title='bbox 3282 4266 3345 4326; x_wconf 89' lang='lat' dir='ltr'><strong>in</strong></span> <span class='ocrx_word' id='word_1_658' title='bbox 3367 4265 3671 4345; x_wconf 82' lang='lat' dir='ltr'><strong>patientia</strong></span> 
     </span>
    </p>
   </div>
   <div class='ocr_carea' id='block_1_89' title="bbox 284 4352 1934 4438">
    <p class='ocr_par' dir='ltr' id='par_1_89' title="bbox 284 4352 1934 4438">
     <span class='ocr_line' id='line_1_89' title="bbox 284 4352 1934 4438; baseline 0.003 -30"><span class='ocrx_word' id='word_1_659' title='bbox 284 4358 427 4429; x_wconf 77' lang='grc' dir='ltr'>μονῇ</span> <span class='ocrx_word' id='word_1_660' title='bbox 481 4353 581 4421; x_wconf 79' lang='grc' dir='ltr'><strong>τὴν</strong></span> <span class='ocrx_word' id='word_1_661' title='bbox 640 4352 933 4438; x_wconf 75' lang='grc' dir='ltr'>εὐσέϐειαν,</span> <span class='ocrx_word' id='word_1_662' title='bbox 1005 4354 1061 4411; x_wconf 86' lang='grc' dir='ltr'><strong>ἐν</strong></span> <span class='ocrx_word' id='word_1_663' title='bbox 1104 4353 1169 4412; x_wconf 73' lang='grc' dir='ltr'><strong>δέι</strong></span> <span class='ocrx_word' id='word_1_664' title='bbox 1202 4363 1270 4434; x_wconf 73' lang='grc' dir='ltr'><strong>τῇ</strong></span> <span class='ocrx_word' id='word_1_665' title='bbox 1315 4354 1548 4412; x_wconf 68' lang='grc' dir='ltr'>εὖσεϐεία</span> <span class='ocrx_word' id='word_1_666' title='bbox 1602 4356 1702 4424; x_wconf 77' lang='grc' dir='ltr'><strong>τὴν</strong></span> <span class='ocrx_word' id='word_1_667' title='bbox 1774 4355 1934 4436; x_wconf 87' lang='grc' dir='ltr'>φιλα-</span> 
     </span>
    </p>
   </div>
   <div class='ocr_carea' id='block_1_90' title="bbox 2021 4352 3666 4438">
    <p class='ocr_par' dir='ltr' id='par_1_90' title="bbox 2022 4354 3666 4435">
     <span class='ocr_line' id='line_1_90' title="bbox 2022 4354 3666 4435; baseline 0.003 -24"><span class='ocrx_word' id='word_1_668' title='bbox 2022 4354 2334 4435; x_wconf 80' lang='lat' dir='ltr'><strong>pietatem,</strong></span> <span class='ocrx_word' id='word_1_669' title='bbox 2369 4355 2433 4414; x_wconf 84' lang='lat' dir='ltr'><strong>in</strong></span> <span class='ocrx_word' id='word_1_670' title='bbox 2464 4359 2691 4434; x_wconf 81' lang='lat' dir='ltr'><strong>pietate</strong></span> <span class='ocrx_word' id='word_1_671' title='bbox 2722 4371 2865 4417; x_wconf 84' lang='lat' dir='ltr'><strong>vero</strong></span> <span class='ocrx_word' id='word_1_672' title='bbox 2895 4355 3241 4432; x_wconf 80' lang='lat' dir='ltr'><strong>fraternam</strong></span> <span class='ocrx_word' id='word_1_673' title='bbox 3272 4356 3666 4431; x_wconf 72' lang='lat' dir='ltr'><strong>charitalcm,</strong></span> 
     </span>
    </p>
   </div>
   <div class='ocr_carea' id='block_1_91' title="bbox 287 4441 1934 4527">
    <p class='ocr_par' dir='ltr' id='par_1_91' title="bbox 287 4441 1934 4527">
     <span class='ocr_line' id='line_1_91' title="bbox 287 4441 1934 4527; baseline 0.004 -29"><span class='ocrx_word' id='word_1_674' title='bbox 287 4441 524 4523; x_wconf 79' lang='grc' dir='ltr'>δελφίαν,</span> <span class='ocrx_word' id='word_1_675' title='bbox 612 4444 666 4501; x_wconf 91' lang='grc' dir='ltr'><strong>ἐν</strong></span> <span class='ocrx_word' id='word_1_676' title='bbox 772 4443 827 4502; x_wconf 74' lang='grc' dir='ltr'>δὲ</span> <span class='ocrx_word' id='word_1_677' title='bbox 928 4453 996 4523; x_wconf 75' lang='grc' dir='ltr'><strong>τῇ</strong></span> <span class='ocrx_word' id='word_1_678' title='bbox 1100 4443 1423 4527; x_wconf 79' lang='grc' dir='ltr'>φιλαδελφίᾳ</span> <span class='ocrx_word' id='word_1_679' title='bbox 1524 4446 1621 4513; x_wconf 75' lang='grc' dir='ltr'>τὴν</span> <span class='ocrx_word' id='word_1_680' title='bbox 1706 4446 1934 4525; x_wconf 81' lang='grc' dir='ltr'>ἀγάπην.</span> 
     </span>
    </p>
   </div>
   <div class='ocr_carea' id='block_1_92' title="bbox 2021 4441 3673 4527">
    <p class='ocr_par' dir='ltr' id='par_1_92' title="bbox 2028 4443 3673 4519">
     <span class='ocr_line' id='line_1_92' title="bbox 2028 4443 3673 4519; baseline 0.002 -16"><span class='ocrx_word' id='word_1_681' title='bbox 2028 4445 2092 4503; x_wconf 85' lang='lat' dir='ltr'><strong>in</strong></span> <span class='ocrx_word' id='word_1_682' title='bbox 2124 4444 2402 4519; x_wconf 85' lang='lat' dir='ltr'><strong>[raterna</strong></span> <span class='ocrx_word' id='word_1_683' title='bbox 2450 4450 2654 4506; x_wconf 82' lang='lat' dir='ltr'><strong>autem</strong></span> <span class='ocrx_word' id='word_1_684' title='bbox 2702 4443 3002 4506; x_wconf 83' lang='lat' dir='ltr'><strong>charilate</strong></span> <span class='ocrx_word' id='word_1_685' title='bbox 3054 4443 3463 4507; x_wconf 84' lang='lat' dir='ltr'><strong>dilectionem.</strong></span> <span class='ocrx_word' id='word_1_686' title='bbox 3528 4443 3673 4507; x_wconf 73' lang='lat' dir='ltr'><strong>Haec</strong></span> 
     </span>
    </p>
   </div>
   <div class='ocr_carea' id='block_1_93' title="bbox 286 4534 1947 4616">
    <p class='ocr_par' dir='ltr' id='par_1_93' title="bbox 286 4534 1947 4616">
     <span class='ocr_line' id='line_1_93' title="bbox 286 4534 1947 4616; baseline 0.001 -27"><span class='ocrx_word' id='word_1_687' title='bbox 286 4540 465 4589; x_wconf 81' lang='grc' dir='ltr'>Ταῦτα</span> <span class='ocrx_word' id='word_1_688' title='bbox 528 4534 628 4612; x_wconf 80' lang='grc' dir='ltr'><strong>γὰρ</strong></span> <span class='ocrx_word' id='word_1_689' title='bbox 696 4535 825 4611; x_wconf 75' lang='grc' dir='ltr'>ὑμῖν</span> <span class='ocrx_word' id='word_1_690' title='bbox 892 4536 1200 4616; x_wconf 77' lang='grc' dir='ltr'>δπάρχοντα</span> <span class='ocrx_word' id='word_1_691' title='bbox 1253 4538 1342 4592; x_wconf 88' lang='grc' dir='ltr'>καὶ</span> <span class='ocrx_word' id='word_1_692' title='bbox 1401 4534 1778 4610; x_wconf 66' lang='grc' dir='ltr'>πλεονάζοντα,</span> <span class='ocrx_word' id='word_1_693' title='bbox 1852 4538 1947 4594; x_wconf 76' lang='grc' dir='ltr'><strong>οὒκ</strong></span> 
     </span>
    </p>
   </div>
   <div class='ocr_carea' id='block_1_94' title="bbox 284 4617 1947 4702">
    <p class='ocr_par' dir='ltr' id='par_1_94' title="bbox 284 4617 1947 4702">
     <span class='ocr_line' id='line_1_94' title="bbox 284 4617 1947 4702; baseline 0.002 -26"><span class='ocrx_word' id='word_1_694' title='bbox 284 4617 479 4699; x_wconf 71' lang='grc' dir='ltr'>ἀργοὺς</span> <span class='ocrx_word' id='word_1_695' title='bbox 564 4618 681 4679; x_wconf 74' lang='grc' dir='ltr'>οὐδὲ</span> <span class='ocrx_word' id='word_1_696' title='bbox 764 4622 1060 4702; x_wconf 77' lang='grc' dir='ltr'>ἀπράκτως</span> <span class='ocrx_word' id='word_1_697' title='bbox 1150 4625 1457 4691; x_wconf 88' lang='grc' dir='ltr'>καθίστησιν</span> <span class='ocrx_word' id='word_1_698' title='bbox 1550 4624 1620 4689; x_wconf 78' lang='grc' dir='ltr'>εἷς</span> <span class='ocrx_word' id='word_1_699' title='bbox 1688 4622 1787 4690; x_wconf 75' lang='grc' dir='ltr'>τὴν</span> <span class='ocrx_word' id='word_1_700' title='bbox 1854 4621 1947 4679; x_wconf 75' lang='grc' dir='ltr'>τοῦ</span> 
     </span>
    </p>
   </div>
   <div class='ocr_carea' id='block_1_95' title="bbox 284 4705 1946 4793">
    <p class='ocr_par' dir='ltr' id='par_1_95' title="bbox 284 4705 1946 4793">
     <span class='ocr_line' id='line_1_95' title="bbox 284 4705 1946 4793; baseline 0.001 -27"><span class='ocrx_word' id='word_1_701' title='bbox 284 4709 477 4788; x_wconf 79' lang='grc' dir='ltr'>Κυρίου</span> <span class='ocrx_word' id='word_1_702' title='bbox 545 4711 702 4785; x_wconf 77' lang='grc' dir='ltr'>ἡμῶν</span> <span class='ocrx_word' id='word_1_703' title='bbox 762 4708 936 4779; x_wconf 83' lang='grc' dir='ltr'><strong>ἰησοῦ</strong></span> <span class='ocrx_word' id='word_1_704' title='bbox 1006 4718 1233 4793; x_wconf 81' lang='grc' dir='ltr'>Χριστοῦ</span> <span class='ocrx_word' id='word_1_705' title='bbox 1306 4712 1610 4792; x_wconf 88' lang='grc' dir='ltr'>ἐπίγνωσιν,</span> <span class='ocrx_word' id='word_1_706' title='bbox 1696 4705 1760 4792; x_wconf 65' lang='grc' dir='ltr'>ᾬ</span> <span class='ocrx_word' id='word_1_707' title='bbox 1847 4711 1946 4790; x_wconf 83' lang='grc' dir='ltr'><strong>γὰρ</strong></span> 
     </span>
    </p>
   </div>
   <div class='ocr_carea' id='block_1_96' title="bbox 282 4793 1945 4883">
    <p class='ocr_par' dir='ltr' id='par_1_96' title="bbox 282 4793 1945 4883">
     <span class='ocr_line' id='line_1_96' title="bbox 282 4793 1945 4883; baseline 0.002 -31"><span class='ocrx_word' id='word_1_708' title='bbox 282 4793 350 4865; x_wconf 79' lang='grc' dir='ltr'>δὴ</span> <span class='ocrx_word' id='word_1_709' title='bbox 423 4798 643 4878; x_wconf 76' lang='grc' dir='ltr'>πάρεστι</span> <span class='ocrx_word' id='word_1_710' title='bbox 704 4806 871 4857; x_wconf 82' lang='grc' dir='ltr'>ταῦτα</span> <span class='ocrx_word' id='word_1_711' title='bbox 953 4800 1144 4883; x_wconf 86' lang='grc' dir='ltr'>νυφλός</span> <span class='ocrx_word' id='word_1_712' title='bbox 1229 4802 1340 4858; x_wconf 89' lang='grc' dir='ltr'>ἐστι</span> <span class='ocrx_word' id='word_1_713' title='bbox 1429 4801 1749 4877; x_wconf 68' lang='grc' dir='ltr'>μυωπάζων,</span> <span class='ocrx_word' id='word_1_714' title='bbox 1837 4798 1945 4869; x_wconf 83' lang='grc' dir='ltr'>λή-</span> 
     </span>
    </p>
   </div>
   <div class='ocr_carea' id='block_1_97' title="bbox 275 4885 1948 4970">
    <p class='ocr_par' dir='ltr' id='par_1_97' title="bbox 275 4885 1948 4970">
     <span class='ocr_line' id='line_1_97' title="bbox 275 4885 1948 4970; baseline 0.004 -29"><span class='ocrx_word' id='word_1_715' title='bbox 275 4886 375 4952; x_wconf 88' lang='grc' dir='ltr'><strong>θην</strong></span> <span class='ocrx_word' id='word_1_716' title='bbox 458 4885 637 4945; x_wconf 89' lang='grc' dir='ltr'>λαϐὼν</span> <span class='ocrx_word' id='word_1_717' title='bbox 732 4892 824 4945; x_wconf 88' lang='lat'><strong>106</strong></span> <span class='ocrx_word' id='word_1_718' title='bbox 924 4892 1253 4970; x_wconf 85' lang='grc' dir='ltr'>καθαρισμοῦ</span> <span class='ocrx_word' id='word_1_719' title='bbox 1350 4894 1457 4946; x_wconf 83' lang='grc' dir='ltr'><strong>τῶν</strong></span> <span class='ocrx_word' id='word_1_720' title='bbox 1540 4887 1705 4946; x_wconf 85' lang='grc' dir='ltr'>πάλαι</span> <span class='ocrx_word' id='word_1_721' title='bbox 1790 4890 1948 4948; x_wconf 74' lang='grc' dir='ltr'>αὐτοῦ</span> 
     </span>
    </p>
   </div>
   <div class='ocr_carea' id='block_1_98' title="bbox 283 4974 645 5052">
    <p class='ocr_par' dir='ltr' id='par_1_98' title="bbox 283 4974 645 5052">
     <span class='ocr_line' id='line_1_98' title="bbox 283 4974 645 5052; baseline 0.014 -23"><span class='ocrx_word' id='word_1_722' title='bbox 283 4974 571 5052; x_wconf 79' lang='grc' dir='ltr'>ἁμαρτιῶν</span> <span class='ocrx_word' id='word_1_723' title='bbox 616 4999 645 5033; x_wconf 68' lang='grc' dir='ltr'><strong>ι</strong></span> 
     </span>
    </p>
   </div>
   <div class='ocr_carea' id='block_1_99' title="bbox 370 5064 1949 5146">
    <p class='ocr_par' dir='ltr' id='par_1_99' title="bbox 370 5064 1949 5146">
     <span class='ocr_line' id='line_1_99' title="bbox 370 5064 1949 5146; baseline 0.001 -25"><span class='ocrx_word' id='word_1_724' title='bbox 370 5065 469 5124; x_wconf 85' lang='grc' dir='ltr'>Διά</span> <span class='ocrx_word' id='word_1_725' title='bbox 515 5072 733 5146; x_wconf 15' lang='grc' dir='ltr'>,μακροῦ</span> <span class='ocrx_word' id='word_1_726' title='bbox 805 5066 902 5142; x_wconf 81' lang='grc' dir='ltr'>μὲν</span> <span class='ocrx_word' id='word_1_727' title='bbox 953 5064 1293 5146; x_wconf 82' lang='grc' dir='ltr'>ἀποδέδοται,</span> <span class='ocrx_word' id='word_1_728' title='bbox 1361 5067 1473 5124; x_wconf 79' lang='grc' dir='ltr'>ἔστι</span> <span class='ocrx_word' id='word_1_729' title='bbox 1531 5065 1584 5123; x_wconf 80' lang='grc' dir='ltr'>δὲ</span> <span class='ocrx_word' id='word_1_730' title='bbox 1654 5068 1689 5135; x_wconf 76' lang='grc' dir='ltr'>ἡ</span> <span class='ocrx_word' id='word_1_731' title='bbox 1747 5064 1949 5122; x_wconf 72' lang='grc' dir='ltr'>διάνοια</span> 
     </span>
    </p>
   </div>
   <div class='ocr_carea' id='block_1_100' title="bbox 288 5145 1948 5236">
    <p class='ocr_par' dir='ltr' id='par_1_100' title="bbox 288 5145 1948 5236">
     <span class='ocr_line' id='line_1_100' title="bbox 288 5145 1948 5236; baseline 0.003 -28"><span class='ocrx_word' id='word_1_732' title='bbox 288 5151 422 5221; x_wconf 59' lang='grc' dir='ltr'>αὕτη</span> <span class='ocrx_word' id='word_1_733' title='bbox 456 5174 471 5189; x_wconf 93' lang='grc'><strong>·</strong></span> <span class='ocrx_word' id='word_1_734' title='bbox 509 5145 603 5220; x_wconf 64' lang='grc' dir='ltr'>Ὠς</span> <span class='ocrx_word' id='word_1_735' title='bbox 634 5154 791 5234; x_wconf 90' lang='grc' dir='ltr'>μυρία</span> <span class='ocrx_word' id='word_1_736' title='bbox 834 5153 1086 5220; x_wconf 87' lang='grc' dir='ltr'>λαϐόντες</span> <span class='ocrx_word' id='word_1_737' title='bbox 1148 5145 1318 5236; x_wconf 77' lang='grc' dir='ltr'>ἀγαθὰ</span> <span class='ocrx_word' id='word_1_738' title='bbox 1374 5154 1458 5212; x_wconf 82' lang='grc' dir='ltr'><strong>διὰ</strong></span> <span class='ocrx_word' id='word_1_739' title='bbox 1504 5160 1603 5223; x_wconf 81' lang='grc' dir='ltr'>τῆς</span> <span class='ocrx_word' id='word_1_740' title='bbox 1643 5153 1948 5235; x_wconf 73' lang='grc' dir='ltr'>ἐπιφανείας</span> 
     </span>
    </p>
   </div>
   <div class='ocr_carea' id='block_1_101' title="bbox 292 5241 1953 5325">
    <p class='ocr_par' dir='ltr' id='par_1_101' title="bbox 292 5241 1953 5325">
     <span class='ocr_line' id='line_1_101' title="bbox 292 5241 1953 5325; baseline 0 -27"><span class='ocrx_word' id='word_1_741' title='bbox 292 5248 544 5321; x_wconf 72' lang='grc' dir='ltr'>Χριστοῦ,</span> <span class='ocrx_word' id='word_1_742' title='bbox 579 5241 646 5299; x_wconf 82' lang='grc' dir='ltr'>δι’</span> <span class='ocrx_word' id='word_1_743' title='bbox 691 5246 766 5299; x_wconf 80' lang='grc' dir='ltr'>ὧν</span> <span class='ocrx_word' id='word_1_744' title='bbox 824 5241 1081 5321; x_wconf 80' lang='grc' dir='ltr'>δυνάμεθα</span> <span class='ocrx_word' id='word_1_745' title='bbox 1134 5246 1222 5301; x_wconf 86' lang='grc' dir='ltr'><strong>καὶ</strong></span> <span class='ocrx_word' id='word_1_746' title='bbox 1264 5246 1403 5311; x_wconf 86' lang='grc' dir='ltr'>θείας</span> <span class='ocrx_word' id='word_1_747' title='bbox 1462 5246 1660 5325; x_wconf 78' lang='grc' dir='ltr'>φύσεως</span> <span class='ocrx_word' id='word_1_748' title='bbox 1714 5241 1953 5322; x_wconf 85' lang='grc' dir='ltr'>γενέσθαι</span> 
     </span>
    </p>
   </div>
   <div class='ocr_carea' id='block_1_102' title="bbox 290 5332 1951 5413">
    <p class='ocr_par' dir='ltr' id='par_1_102' title="bbox 290 5332 1951 5413">
     <span class='ocr_line' id='line_1_102' title="bbox 290 5332 1951 5413; baseline 0 -25"><span class='ocrx_word' id='word_1_749' title='bbox 290 5334 533 5390; x_wconf 82' lang='grc' dir='ltr'>κοινωνοὶ</span> <span class='ocrx_word' id='word_1_750' title='bbox 587 5334 674 5390; x_wconf 83' lang='grc' dir='ltr'>καὶ</span> <span class='ocrx_word' id='word_1_751' title='bbox 733 5335 870 5413; x_wconf 82' lang='grc' dir='ltr'>ωρὸς</span> <span class='ocrx_word' id='word_1_752' title='bbox 939 5336 1080 5405; x_wconf 73' lang='grc' dir='ltr'>ζωὴν</span> <span class='ocrx_word' id='word_1_753' title='bbox 1156 5335 1247 5391; x_wconf 87' lang='grc' dir='ltr'>καὶ</span> <span class='ocrx_word' id='word_1_754' title='bbox 1305 5332 1570 5392; x_wconf 62' lang='grc' dir='ltr'>εὐσέϐειαν</span> <span class='ocrx_word' id='word_1_755' title='bbox 1627 5333 1951 5413; x_wconf 77' lang='grc' dir='ltr'>ἀναχθῆναι,</span> 
     </span>
    </p>
   </div>
   <div class='ocr_carea' id='block_1_103' title="bbox 289 5420 1954 5505">
    <p class='ocr_par' dir='ltr' id='par_1_103' title="bbox 289 5420 1954 5505">
     <span class='ocr_line' id='line_1_103' title="bbox 289 5420 1954 5505; baseline 0.001 -29"><span class='ocrx_word' id='word_1_756' title='bbox 289 5420 571 5500; x_wconf 83' lang='grc' dir='ltr'>ὀφείλομεν</span> <span class='ocrx_word' id='word_1_757' title='bbox 641 5420 1004 5480; x_wconf 81' lang='grc' dir='ltr'>πολιτεύεσθαι</span> <span class='ocrx_word' id='word_1_758' title='bbox 1062 5424 1253 5505; x_wconf 77' lang='grc' dir='ltr'>οὕτως,</span> <span class='ocrx_word' id='word_1_759' title='bbox 1326 5425 1399 5488; x_wconf 84' lang='grc' dir='ltr'>ὼς</span> <span class='ocrx_word' id='word_1_760' title='bbox 1460 5423 1817 5503; x_wconf 74' lang='grc' dir='ltr'>ἐπιχορηγεῖν</span> <span class='ocrx_word' id='word_1_761' title='bbox 1887 5428 1954 5499; x_wconf 77' lang='grc' dir='ltr'><strong>τῇ</strong></span> 
     </span>
    </p>
   </div>
   <div class='ocr_carea' id='block_1_104' title="bbox 289 5508 1945 5590">
    <p class='ocr_par' dir='ltr' id='par_1_104' title="bbox 289 5508 1945 5590">
     <span class='ocr_line' id='line_1_104' title="bbox 289 5508 1945 5590; baseline 0.002 -26"><span class='ocrx_word' id='word_1_762' title='bbox 289 5508 459 5566; x_wconf 82' lang='grc' dir='ltr'>πίστει</span> <span class='ocrx_word' id='word_1_763' title='bbox 487 5509 588 5579; x_wconf 67' lang='grc' dir='ltr'><strong>τήν</strong></span> <span class='ocrx_word' id='word_1_764' title='bbox 620 5510 839 5590; x_wconf 79' lang='grc' dir='ltr'>ἀρετὴν,</span> <span class='ocrx_word' id='word_1_765' title='bbox 868 5515 955 5569; x_wconf 86' lang='grc' dir='ltr'><strong>καὶ</strong></span> <span class='ocrx_word' id='word_1_766' title='bbox 987 5510 1071 5569; x_wconf 81' lang='grc' dir='ltr'>διὰ</span> <span class='ocrx_word' id='word_1_767' title='bbox 1099 5517 1199 5580; x_wconf 82' lang='grc' dir='ltr'>τῆς</span> <span class='ocrx_word' id='word_1_768' title='bbox 1254 5510 1374 5572; x_wconf 80' lang='grc' dir='ltr'>ὁδοῦ</span> <span class='ocrx_word' id='word_1_769' title='bbox 1431 5510 1654 5590; x_wconf 77' lang='grc' dir='ltr'>βαδίζειν</span> <span class='ocrx_word' id='word_1_770' title='bbox 1713 5513 1785 5574; x_wconf 87' lang='grc' dir='ltr'>εἷς</span> <span class='ocrx_word' id='word_1_771' title='bbox 1847 5511 1945 5579; x_wconf 76' lang='grc' dir='ltr'>τὴν</span> 
     </span>
    </p>
   </div>
   <div class='ocr_carea' id='block_1_105' title="bbox 288 5595 1947 5677">
    <p class='ocr_par' dir='ltr' id='par_1_105' title="bbox 288 5595 1947 5677">
     <span class='ocr_line' id='line_1_105' title="bbox 288 5595 1947 5677; baseline 0.002 -25"><span class='ocrx_word' id='word_1_772' title='bbox 288 5595 407 5653; x_wconf 90' lang='grc' dir='ltr'>κατ’</span> <span class='ocrx_word' id='word_1_773' title='bbox 451 5597 717 5656; x_wconf 69' lang='grc' dir='ltr'>εὐσέϐειαν</span> <span class='ocrx_word' id='word_1_774' title='bbox 771 5602 1073 5677; x_wconf 80' lang='grc' dir='ltr'>προκοπὴν,</span> <span class='ocrx_word' id='word_1_775' title='bbox 1145 5599 1247 5664; x_wconf 79' lang='grc' dir='ltr'>ἕως</span> <span class='ocrx_word' id='word_1_776' title='bbox 1318 5603 1389 5668; x_wconf 85' lang='grc' dir='ltr'>εἷς</span> <span class='ocrx_word' id='word_1_777' title='bbox 1461 5603 1522 5657; x_wconf 80' lang='grc' dir='ltr'>τὸ</span> <span class='ocrx_word' id='word_1_778' title='bbox 1579 5598 1782 5656; x_wconf 89' lang='grc' dir='ltr'>τέλειον</span> <span class='ocrx_word' id='word_1_779' title='bbox 1840 5606 1947 5658; x_wconf 82' lang='grc' dir='ltr'><strong>τῶν</strong></span> 
     </span>
    </p>
   </div>
   <div class='ocr_carea' id='block_1_106' title="bbox 288 5684 1946 5769">
    <p class='ocr_par' dir='ltr' id='par_1_106' title="bbox 288 5684 1946 5769">
     <span class='ocr_line' id='line_1_106' title="bbox 288 5684 1946 5769; baseline 0.004 -30"><span class='ocrx_word' id='word_1_780' title='bbox 288 5684 516 5769; x_wconf 81' lang='grc' dir='ltr'>ἀγαθῶν,</span> <span class='ocrx_word' id='word_1_781' title='bbox 552 5686 582 5743; x_wconf 84' lang='grc'><strong>8</strong></span> <span class='ocrx_word' id='word_1_782' title='bbox 625 5686 766 5743; x_wconf 82' lang='grc' dir='ltr'>ἐστιν</span> <span class='ocrx_word' id='word_1_783' title='bbox 795 5687 830 5754; x_wconf 75' lang='grc' dir='ltr'><strong>ἡ</strong></span> <span class='ocrx_word' id='word_1_784' title='bbox 865 5687 1072 5767; x_wconf 79' lang='grc' dir='ltr'>ἀγάπη,</span> <span class='ocrx_word' id='word_1_785' title='bbox 1118 5687 1377 5765; x_wconf 62' lang='grc' dir='ltr'>ἔλθωμεν,</span> <span class='ocrx_word' id='word_1_786' title='bbox 1427 5689 1579 5753; x_wconf 89' lang='grc' dir='ltr'>Θείας</span> <span class='ocrx_word' id='word_1_787' title='bbox 1636 5686 1690 5743; x_wconf 75' lang='grc' dir='ltr'>δὲ</span> <span class='ocrx_word' id='word_1_788' title='bbox 1746 5710 1946 5745; x_wconf 89' lang='grc' dir='ltr'>κοινω-</span> 
     </span>
    </p>
   </div>
   <div class='ocr_carea' id='block_1_107' title="bbox 2028 4532 3674 4597">
    <p class='ocr_par' dir='ltr' id='par_1_107' title="bbox 2028 4532 3674 4597">
     <span class='ocr_line' id='line_1_107' title="bbox 2028 4532 3674 4597; baseline 0.002 -4"><span class='ocrx_word' id='word_1_789' title='bbox 2028 4533 2188 4593; x_wconf 88' lang='lat' dir='ltr'><strong>enim</strong></span> <span class='ocrx_word' id='word_1_790' title='bbox 2219 4548 2355 4592; x_wconf 88' lang='lat' dir='ltr'><strong>cum</strong></span> <span class='ocrx_word' id='word_1_791' title='bbox 2387 4534 2552 4594; x_wconf 84' lang='lat' dir='ltr'><strong>vobis</strong></span> <span class='ocrx_word' id='word_1_792' title='bbox 2574 4532 2793 4594; x_wconf 79' lang='lat' dir='ltr'><strong>adsunt</strong></span> <span class='ocrx_word' id='word_1_793' title='bbox 2820 4538 2876 4594; x_wconf 89' lang='lat' dir='ltr'><strong>et</strong></span> <span class='ocrx_word' id='word_1_794' title='bbox 2903 4532 3242 4594; x_wconf 72' lang='lat' dir='ltr'><strong>exuberant</strong></span> <span class='ocrx_word' id='word_1_795' title='bbox 3271 4533 3437 4595; x_wconf 84' lang='lat' dir='ltr'><strong>haud</strong></span> <span class='ocrx_word' id='word_1_796' title='bbox 3455 4538 3674 4597; x_wconf 88' lang='lat' dir='ltr'><strong>otiosos</strong></span> 
     </span>
    </p>
   </div>
   <div class='ocr_carea' id='block_1_108' title="bbox 2027 4621 3678 4700">
    <p class='ocr_par' dir='ltr' id='par_1_108' title="bbox 2027 4621 3678 4700">
     <span class='ocr_line' id='line_1_108' title="bbox 2027 4621 3678 4700; baseline 0.002 -20"><span class='ocrx_word' id='word_1_797' title='bbox 2027 4637 2139 4682; x_wconf 91' lang='lat' dir='ltr'><strong>nec</strong></span> <span class='ocrx_word' id='word_1_798' title='bbox 2163 4621 2229 4681; x_wconf 87' lang='lat' dir='ltr'><strong>in</strong></span> <span class='ocrx_word' id='word_1_799' title='bbox 2283 4624 2534 4682; x_wconf 80' lang='lat' dir='ltr'><strong>irritum</strong></span> <span class='ocrx_word' id='word_1_800' title='bbox 2592 4621 2941 4683; x_wconf 85' lang='lat' dir='ltr'><strong>laborantes</strong></span> <span class='ocrx_word' id='word_1_801' title='bbox 2989 4622 3249 4700; x_wconf 79' lang='lat' dir='ltr'><strong>efﬁciunt</strong></span> <span class='ocrx_word' id='word_1_802' title='bbox 3302 4623 3379 4684; x_wconf 83' lang='lat' dir='ltr'><strong>ad</strong></span> <span class='ocrx_word' id='word_1_803' title='bbox 3426 4623 3678 4686; x_wconf 83' lang='lat' dir='ltr'><strong>Domini</strong></span> 
     </span>
    </p>
   </div>
   <div class='ocr_carea' id='block_1_109' title="bbox 2028 4710 3676 4793">
    <p class='ocr_par' dir='ltr' id='par_1_109' title="bbox 2028 4710 3676 4793">
     <span class='ocr_line' id='line_1_109' title="bbox 2028 4710 3676 4793; baseline 0.002 -20"><span class='ocrx_word' id='word_1_804' title='bbox 2028 4713 2223 4773; x_wconf 85' lang='lat' dir='ltr'><strong>nostri</strong></span> <span class='ocrx_word' id='word_1_805' title='bbox 2249 4712 2394 4773; x_wconf 79' lang='lat' dir='ltr'><strong>Jesu</strong></span> <span class='ocrx_word' id='word_1_806' title='bbox 2447 4710 2673 4774; x_wconf 84' lang='lat' dir='ltr'><strong>Christi</strong></span> <span class='ocrx_word' id='word_1_807' title='bbox 2720 4714 3144 4793; x_wconf 81' lang='lat' dir='ltr'><strong>cognitionem.</strong></span> <span class='ocrx_word' id='word_1_808' title='bbox 3187 4711 3342 4773; x_wconf 87' lang='lat' dir='ltr'><strong>Nam</strong></span> <span class='ocrx_word' id='word_1_809' title='bbox 3387 4715 3493 4791; x_wconf 85' lang='lat' dir='ltr'><strong>qui</strong></span> <span class='ocrx_word' id='word_1_810' title='bbox 3547 4731 3676 4776; x_wconf 86' lang='lat' dir='ltr'><strong>non</strong></span> 
     </span>
    </p>
   </div>
   <div class='ocr_carea' id='block_1_110' title="bbox 2029 4798 3671 4876">
    <p class='ocr_par' dir='ltr' id='par_1_110' title="bbox 2029 4798 3671 4876">
     <span class='ocr_line' id='line_1_110' title="bbox 2029 4798 3671 4876; baseline 0.001 -15"><span class='ocrx_word' id='word_1_811' title='bbox 2029 4800 2253 4861; x_wconf 81' lang='lat' dir='ltr'><strong>adsunt</strong></span> <span class='ocrx_word' id='word_1_812' title='bbox 2280 4798 2427 4874; x_wconf 71' lang='lat' dir='ltr'><strong>haec,</strong></span> <span class='ocrx_word' id='word_1_813' title='bbox 2483 4806 2535 4861; x_wconf 81' lang='lat' dir='ltr'><strong>is</strong></span> <span class='ocrx_word' id='word_1_814' title='bbox 2581 4817 2773 4863; x_wconf 71' lang='lat' dir='ltr'><strong>caecus</strong></span> <span class='ocrx_word' id='word_1_815' title='bbox 2803 4809 2886 4863; x_wconf 88' lang='lat' dir='ltr'><strong>est</strong></span> <span class='ocrx_word' id='word_1_816' title='bbox 2918 4808 2975 4862; x_wconf 90' lang='lat' dir='ltr'><strong>et</strong></span> <span class='ocrx_word' id='word_1_817' title='bbox 3004 4818 3189 4862; x_wconf 86' lang='lat' dir='ltr'><strong>manu</strong></span> <span class='ocrx_word' id='word_1_818' title='bbox 3219 4805 3381 4863; x_wconf 79' lang='lat' dir='ltr'><strong>viam</strong></span> <span class='ocrx_word' id='word_1_819' title='bbox 3410 4808 3671 4876; x_wconf 76' lang='lat' dir='ltr'><strong>lentum,</strong></span> 
     </span>
    </p>
   </div>
   <div class='ocr_carea' id='block_1_111' title="bbox 2026 4888 3676 4972">
    <p class='ocr_par' dir='ltr' id='par_1_111' title="bbox 2026 4888 3676 4972">
     <span class='ocr_line' id='line_1_111' title="bbox 2026 4888 3676 4972; baseline -0.001 -19"><span class='ocrx_word' id='word_1_820' title='bbox 2026 4888 2246 4953; x_wconf 82' lang='lat' dir='ltr'><strong>oblitus</strong></span> <span class='ocrx_word' id='word_1_821' title='bbox 2272 4906 2397 4951; x_wconf 85' lang='lat' dir='ltr'><strong>sese</strong></span> <span class='ocrx_word' id='word_1_822' title='bbox 2426 4906 2465 4951; x_wconf 83' lang='grc' dir='ltr'><strong>α</strong></span> <span class='ocrx_word' id='word_1_823' title='bbox 2491 4890 2797 4952; x_wconf 85' lang='lat' dir='ltr'><strong>veteribus</strong></span> <span class='ocrx_word' id='word_1_824' title='bbox 2825 4892 2956 4953; x_wconf 88' lang='lat' dir='ltr'><strong>suis</strong></span> <span class='ocrx_word' id='word_1_825' title='bbox 3006 4891 3268 4971; x_wconf 83' lang='lat' dir='ltr'><strong>peccatis</strong></span> <span class='ocrx_word' id='word_1_826' title='bbox 3309 4892 3499 4969; x_wconf 85' lang='lat' dir='ltr'><strong>fuisse</strong></span> <span class='ocrx_word' id='word_1_827' title='bbox 3520 4909 3676 4972; x_wconf 82' lang='lat' dir='ltr'><strong>pur-</strong></span> 
     </span>
    </p>
   </div>
   <div class='ocr_carea' id='block_1_112' title="bbox 2028 4986 2256 5059">
    <p class='ocr_par' dir='ltr' id='par_1_112' title="bbox 2028 4986 2256 5059">
     <span class='ocr_line' id='line_1_112' title="bbox 2028 4986 2256 5059; baseline -0.013 -18"><span class='ocrx_word' id='word_1_828' title='bbox 2028 4986 2256 5059; x_wconf 89' lang='lat' dir='ltr'><strong>gatum.</strong></span> 
     </span>
    </p>
   </div>
   <div class='ocr_carea' id='block_1_113' title="bbox 2114 5066 3679 5148">
    <p class='ocr_par' dir='ltr' id='par_1_113' title="bbox 2114 5066 3679 5148">
     <span class='ocr_line' id='line_1_113' title="bbox 2114 5066 3679 5148; baseline -0.002 -17"><span class='ocrx_word' id='word_1_829' title='bbox 2114 5070 2316 5146; x_wconf 86' lang='lat' dir='ltr'><strong>Longo</strong></span> <span class='ocrx_word' id='word_1_830' title='bbox 2362 5067 2603 5148; x_wconf 90' lang='lat' dir='ltr'><strong>quidem</strong></span> <span class='ocrx_word' id='word_1_831' title='bbox 2658 5075 2843 5129; x_wconf 88' lang='lat' dir='ltr'><strong>tractu</strong></span> <span class='ocrx_word' id='word_1_832' title='bbox 2874 5067 3109 5129; x_wconf 91' lang='lat' dir='ltr'><strong>reddita</strong></span> <span class='ocrx_word' id='word_1_833' title='bbox 3139 5075 3228 5128; x_wconf 83' lang='lat' dir='ltr'><strong>cst</strong></span> <span class='ocrx_word' id='word_1_834' title='bbox 3257 5066 3466 5143; x_wconf 91' lang='lat' dir='ltr'><strong>series,</strong></span> <span class='ocrx_word' id='word_1_835' title='bbox 3503 5085 3679 5148; x_wconf 89' lang='lat' dir='ltr'><strong>porro</strong></span> 
     </span>
    </p>
   </div>
   <div class='ocr_carea' id='block_1_114' title="bbox 2038 5155 3684 5237">
    <p class='ocr_par' dir='ltr' id='par_1_114' title="bbox 2038 5155 3684 5237">
     <span class='ocr_line' id='line_1_114' title="bbox 2038 5155 3684 5237; baseline -0.001 -18"><span class='ocrx_word' id='word_1_836' title='bbox 2038 5161 2163 5220; x_wconf 55' lang='lat' dir='ltr'><strong>huic</strong></span> <span class='ocrx_word' id='word_1_837' title='bbox 2184 5156 2681 5233; x_wconf 84' lang='lat' dir='ltr'><strong>estintelligentia</strong></span> <span class='ocrx_word' id='word_1_838' title='bbox 2705 5179 2717 5216; x_wconf 88' lang='lat'><strong>:</strong></span> <span class='ocrx_word' id='word_1_839' title='bbox 2742 5155 3042 5237; x_wconf 87' lang='lat' dir='ltr'><strong>Tanquam</strong></span> <span class='ocrx_word' id='word_1_840' title='bbox 3067 5156 3402 5219; x_wconf 86' lang='lat' dir='ltr'><strong>innumeris</strong></span> <span class='ocrx_word' id='word_1_841' title='bbox 3424 5156 3684 5236; x_wconf 85' lang='lat' dir='ltr'><strong>acceptis</strong></span> 
     </span>
    </p>
   </div>
   <div class='ocr_carea' id='block_1_115' title="bbox 2037 5246 3684 5328">
    <p class='ocr_par' dir='ltr' id='par_1_115' title="bbox 2037 5246 3684 5328">
     <span class='ocr_line' id='line_1_115' title="bbox 2037 5246 3684 5328; baseline -0.002 -18"><span class='ocrx_word' id='word_1_842' title='bbox 2037 5247 2210 5310; x_wconf 91' lang='lat' dir='ltr'><strong>bonis</strong></span> <span class='ocrx_word' id='word_1_843' title='bbox 2234 5265 2338 5328; x_wconf 90' lang='lat' dir='ltr'><strong>per</strong></span> <span class='ocrx_word' id='word_1_844' title='bbox 2359 5247 2574 5311; x_wconf 86' lang='lat' dir='ltr'><strong>Christi</strong></span> <span class='ocrx_word' id='word_1_845' title='bbox 2593 5246 3051 5328; x_wconf 86' lang='lat' dir='ltr'><strong>apparitiouem,</strong></span> <span class='ocrx_word' id='word_1_846' title='bbox 3088 5265 3196 5327; x_wconf 89' lang='lat' dir='ltr'><strong>per</strong></span> <span class='ocrx_word' id='word_1_847' title='bbox 3215 5265 3345 5327; x_wconf 79' lang='lat' dir='ltr'><strong>quae</strong></span> <span class='ocrx_word' id='word_1_848' title='bbox 3368 5264 3684 5327; x_wconf 90' lang='lat' dir='ltr'><strong>possumus</strong></span> 
     </span>
    </p>
   </div>
   <div class='ocr_carea' id='block_1_116' title="bbox 2041 5335 3685 5416">
    <p class='ocr_par' dir='ltr' id='par_1_116' title="bbox 2041 5335 3685 5416">
     <span class='ocr_line' id='line_1_116' title="bbox 2041 5335 3685 5416; baseline -0.001 -17"><span class='ocrx_word' id='word_1_849' title='bbox 2041 5338 2255 5399; x_wconf 63' lang='lat' dir='ltr'><strong>divina}</strong></span> <span class='ocrx_word' id='word_1_850' title='bbox 2285 5344 2507 5399; x_wconf 66' lang='lat' dir='ltr'><strong>natura:</strong></span> <span class='ocrx_word' id='word_1_851' title='bbox 2534 5346 2843 5397; x_wconf 90' lang='lat' dir='ltr'><strong>consortes</strong></span> <span class='ocrx_word' id='word_1_852' title='bbox 2873 5336 3054 5411; x_wconf 71' lang='lat' dir='ltr'><strong>efﬁci,</strong></span> <span class='ocrx_word' id='word_1_853' title='bbox 3089 5345 3147 5396; x_wconf 92' lang='lat' dir='ltr'><strong>et</strong></span> <span class='ocrx_word' id='word_1_854' title='bbox 3166 5338 3235 5397; x_wconf 87' lang='lat' dir='ltr'><strong>ad</strong></span> <span class='ocrx_word' id='word_1_855' title='bbox 3265 5335 3437 5397; x_wconf 90' lang='lat' dir='ltr'><strong>vitam</strong></span> <span class='ocrx_word' id='word_1_856' title='bbox 3461 5354 3529 5399; x_wconf 88' lang='lat' dir='ltr'><strong>ac</strong></span> <span class='ocrx_word' id='word_1_857' title='bbox 3552 5336 3685 5416; x_wconf 90' lang='lat' dir='ltr'><strong>pie-</strong></span> 
     </span>
    </p>
   </div>
   <div class='ocr_carea' id='block_1_117' title="bbox 2042 5423 3689 5500">
    <p class='ocr_par' dir='ltr' id='par_1_117' title="bbox 2042 5423 3689 5500">
     <span class='ocr_line' id='line_1_117' title="bbox 2042 5423 3689 5500; baseline -0.002 -12"><span class='ocrx_word' id='word_1_858' title='bbox 2042 5436 2215 5488; x_wconf 81' lang='lat' dir='ltr'><strong>tatem</strong></span> <span class='ocrx_word' id='word_1_859' title='bbox 2240 5424 2487 5487; x_wconf 79' lang='lat' dir='ltr'><strong>reduci:</strong></span> <span class='ocrx_word' id='word_1_860' title='bbox 2518 5424 2595 5485; x_wconf 75' lang='lat' dir='ltr'><strong>ita</strong></span> <span class='ocrx_word' id='word_1_861' title='bbox 2619 5428 2956 5486; x_wconf 82' lang='lat' dir='ltr'><strong>conversari</strong></span> <span class='ocrx_word' id='word_1_862' title='bbox 2985 5424 3294 5500; x_wconf 86' lang='lat' dir='ltr'><strong>debemus,</strong></span> <span class='ocrx_word' id='word_1_863' title='bbox 3317 5432 3381 5485; x_wconf 93' lang='lat' dir='ltr'><strong>ut</strong></span> <span class='ocrx_word' id='word_1_864' title='bbox 3411 5425 3527 5486; x_wconf 83' lang='lat' dir='ltr'><strong>ﬁde</strong></span> <span class='ocrx_word' id='word_1_865' title='bbox 3550 5423 3689 5485; x_wconf 87' lang='lat' dir='ltr'><strong>sub-</strong></span> 
     </span>
    </p>
   </div>
   <div class='ocr_carea' id='block_1_118' title="bbox 2039 5515 3693 5595">
    <p class='ocr_par' dir='ltr' id='par_1_118' title="bbox 2039 5515 3693 5595">
     <span class='ocr_line' id='line_1_118' title="bbox 2039 5515 3693 5595; baseline -0.001 -18"><span class='ocrx_word' id='word_1_866' title='bbox 2039 5517 2449 5577; x_wconf 84' lang='lat' dir='ltr'><strong>ministremus</strong></span> <span class='ocrx_word' id='word_1_867' title='bbox 2475 5516 2772 5589; x_wconf 86' lang='lat' dir='ltr'><strong>virtutem,</strong></span> <span class='ocrx_word' id='word_1_868' title='bbox 2797 5526 2854 5578; x_wconf 89' lang='lat' dir='ltr'><strong>et</strong></span> <span class='ocrx_word' id='word_1_869' title='bbox 2882 5533 2987 5595; x_wconf 91' lang='lat' dir='ltr'><strong>per</strong></span> <span class='ocrx_word' id='word_1_870' title='bbox 3010 5516 3162 5576; x_wconf 87' lang='lat' dir='ltr'><strong>hanc</strong></span> <span class='ocrx_word' id='word_1_871' title='bbox 3183 5519 3335 5574; x_wconf 82' lang='lat' dir='ltr'><strong>viam</strong></span> <span class='ocrx_word' id='word_1_872' title='bbox 3354 5515 3693 5594; x_wconf 87' lang='lat' dir='ltr'><strong>gradiamur</strong></span> 
     </span>
    </p>
   </div>
   <div class='ocr_carea' id='block_1_119' title="bbox 2030 5604 3689 5687">
    <p class='ocr_par' dir='ltr' id='par_1_119' title="bbox 2030 5604 3689 5687">
     <span class='ocr_line' id='line_1_119' title="bbox 2030 5604 3689 5687; baseline -0.003 -20"><span class='ocrx_word' id='word_1_873' title='bbox 2030 5607 2104 5672; x_wconf 86' lang='lat' dir='ltr'><strong>ad</strong></span> <span class='ocrx_word' id='word_1_874' title='bbox 2132 5623 2359 5687; x_wconf 80' lang='lat' dir='ltr'><strong>promm</strong></span> <span class='ocrx_word' id='word_1_875' title='bbox 2375 5605 2573 5668; x_wconf 91' lang='lat' dir='ltr'><strong>ionem</strong></span> <span class='ocrx_word' id='word_1_876' title='bbox 2596 5604 2656 5667; x_wconf 92' lang='lat' dir='ltr'><strong>in</strong></span> <span class='ocrx_word' id='word_1_877' title='bbox 2683 5604 2925 5685; x_wconf 90' lang='lat' dir='ltr'><strong>pietate,</strong></span> <span class='ocrx_word' id='word_1_878' title='bbox 2951 5604 3142 5667; x_wconf 90' lang='lat' dir='ltr'><strong>donec</strong></span> <span class='ocrx_word' id='word_1_879' title='bbox 3159 5604 3233 5666; x_wconf 86' lang='lat' dir='ltr'><strong>ad</strong></span> <span class='ocrx_word' id='word_1_880' title='bbox 3249 5604 3540 5665; x_wconf 89' lang='lat' dir='ltr'><strong>bonorum</strong></span> <span class='ocrx_word' id='word_1_881' title='bbox 3556 5620 3689 5681; x_wconf 91' lang='lat' dir='ltr'><strong>per-</strong></span> 
     </span>
    </p>
   </div>
   <div class='ocr_carea' id='block_1_120' title="bbox 2030 5692 3697 5777">
    <p class='ocr_par' dir='ltr' id='par_1_120' title="bbox 2030 5692 3697 5777">
     <span class='ocr_line' id='line_1_120' title="bbox 2030 5692 3697 5777; baseline -0.003 -19"><span class='ocrx_word' id='word_1_882' title='bbox 2030 5695 2532 5777; x_wconf 71' lang='lat' dir='ltr'><strong>fectionem,quae</strong></span> <span class='ocrx_word' id='word_1_883' title='bbox 2546 5702 2634 5759; x_wconf 88' lang='lat' dir='ltr'><strong>est</strong></span> <span class='ocrx_word' id='word_1_884' title='bbox 2650 5692 3697 5776; x_wconf 63' lang='lat' dir='ltr'><strong>dilectio,veniamus.Divinmautem</strong></span> 
     </span>
    </p>
   </div>
  </div>
