4106 6420
436 348 554 413 583

1574 344 1984 417 OECUMENII
2029 350 2325 415 TRICC/E
2370 350 2706 417 EPISCOPI

3712 352 3826 419 584

437 490 667 544 natura;
699 492 1010 545 consortes
1042 484 1177 545 facti
1241 504 1447 548 sumus
1480 505 1585 566 per
1617 485 1855 547 Domini
1885 504 1953 547 ac
1983 485 2083 547 Dei

2176 490 2252 544 νοὶ
2308 490 2510 567 φύσεως
2553 490 2849 568 γεγόναμεν
2906 489 2990 546 διὰ
3032 494 3130 557 τῆς
3180 498 3273 548 τοῦ
3331 491 3516 570 Κυρίου
3557 492 3645 547 καὶ
3702 497 3833 548 Θεοῦ

436 572 773 647 adventum,
808 573 908 646 qui
942 583 1163 635 nostrae
1193 585 1420 636 natura:
1480 574 1769 654 primitias
1800 575 1860 635 in
1887 575 2088 655 seipso

434 661 751 742 assumpsit
780 663 1219 724 etassumcnilo
1240 664 1651 725 sanctiﬁcavit.
1688 663 1859 736 Quod
1891 664 1941 723 si
1964 663 2086 743 pri-

437 750 617 811 mitiae
645 758 886 825 sanctae,
920 760 1118 813 sancta
1154 762 1242 813 est
1294 763 1349 812 et
1409 772 1617 813 massa.
1680 752 1864 813 Porro
1897 771 2090 813 massa

437 838 833 918 primitiarum
869 859 985 900 non
1017 840 1131 901 alia
1164 850 1253 901 est
1283 861 1456 920 quam
1486 839 1569 902 illi
1603 861 1668 901 ex
1704 840 1921 921 quibus
1948 848 2089 903 sunt

435 926 732 1007 primitiae.
767 928 1223 1009 Corruptionem
1260 949 1399 991 vero
1438 949 1570 1010 quze
1602 939 1692 990 est
1722 949 1755 990 a
1789 929 2089 990 mundana

433 1016 918 1098 concupiscentia
938 1018 1104 1093 dicit,
1137 1027 1413 1099 tanquam
1447 1016 2089 1098 excorruptibilibuset

434 1109 593 1167 circa
623 1106 1035 1187 corruptibilia
1084 1107 1536 1170 consistentem.
1601 1106 1832 1168 Gradus
1887 1115 2085 1167 autem

436 1195 613 1255 tradit
631 1195 700 1255 ad
729 1196 1457 1276 promotionem'primum
1476 1196 1719 1275 quidem
1746 1195 2091 1275 tidem,quaa

434 1282 884 1346 fundamentum
899 1296 985 1347 est
1005 1303 1072 1345 ac
1085 1283 1245 1345 basis
1263 1303 1370 1345 seu
1391 1285 1746 1365 principium
1763 1283 2083 1345 bonorum.

439 1372 668 1434 Deinde
696 1374 960 1434 secundo
1016 1374 1203 1452 gradu
1238 1373 1513 1434 virtutem
1553 1374 1674 1436 sive
1714 1391 1916 1454 opera,
1950 1391 2085 1434 nam

434 1464 564 1526 sine
594 1462 688 1524 his
718 1462 866 1523 ﬁdes
909 1472 1139 1523 mortua
1198 1471 1312 1542 est,
1374 1463 1879 1543 quemadmodum
1941 1461 2089 1526 dicit

433 1550 686 1614 Jacobus
704 1551 753 1615 ³.
800 1550 936 1613 Post
968 1552 1096 1613 haec
1117 1570 1256 1613 vero
1289 1550 1561 1613 scientia.
1597 1551 1737 1623 Qua:
1765 1559 1964 1613 autem
1995 1557 2085 1613 est

434 1641 612 1703 haac?
643 1641 911 1720 Cognitio
940 1649 1303 1702 secretorum
1341 1641 1443 1703 Dei
1480 1642 1914 1721 mysteriorum.
1952 1660 2082 1722 qua;

2169 575 2472 651 ἐπιδημίας,
2508 579 2763 658 ἀπαρχὴν
2819 581 2917 645 τῆς
2980 579 3239 659 ἡμετέρας
3297 581 3500 659 φύσεως
3546 580 3599 636 ἐν
3659 581 3830 654 ἑαυτῷ

2169 667 2562 735 ὑποστήσαντός
2608 689 2663 723 τε
2709 668 2795 724 καὶ
2853 670 3173 746 ἀγιὴσαντος
3236 677 3305 746 τῇ
3371 668 3695 748 προσλήψει.
3774 670 3830 725 Εἰ

2170 753 2223 809 δὲ
2271 757 2305 817 ἡ
2350 755 2573 834 ἀπαρχὴ
2617 757 2762 836 ἁγία,
2823 758 2909 812 καὶ
2962 761 3023 814 τὸ
3075 759 3306 838 φύραμα.
3353 760 3574 837 Φύραμα
3616 757 3670 813 δὲ
3728 763 3829 824 τῆς

2170 844 2422 923 ἀπαρχῆς
2451 847 2545 900 οὐκ
2574 844 2727 919 ἄλλο,
2761 846 2795 914 ἢ
2825 849 2872 901 οἱ
2902 844 2954 912 ἐξ
2996 850 3071 902 ὧν
3123 850 3158 915 ἡ
3217 848 3462 927 ἀπαρχή,
3523 847 3727 925 Φθορὰν
3771 844 3829 902 δὲ

2169 933 2266 999 τὴν
2339 933 2445 989 ἀπὸ
2516 938 2612 1000 τῆς
2670 937 2934 1010 κοσμικῆς
2994 936 3292 1012 ἐπιθυμίας,
3368 938 3548 1016 φησὶν,
3623 938 3697 1000 ὡς
3766 935 3831 991 ἐκ

2170 1024 2407 1102 φθαρτῶν
2476 1043 2532 1078 τε
2575 1024 2663 1078 καὶ
2717 1024 2834 1102 περὶ
2877 1025 3078 1104 φθαρτὰ
3134 1026 3507 1104 συγκειμένης.
3584 1024 3827 1099 Βαθμοὺς

2169 1109 2223 1165 δὲ
2278 1112 2375 1177 τῆς
2446 1117 2722 1189 προκοπῆς
2798 1112 3096 1188 ἐπίσταται,
3171 1115 3388 1194 πρώτην
3457 1115 3555 1182 τὴν
3621 1115 3822 1187 πίστιν,

2167 1198 2287 1265 ἥτις
2338 1199 2581 1275 θεμέλιός
2647 1199 2757 1257 ἐστι
2827 1207 2935 1258 τῶν
2998 1201 3209 1279 ἀγαθῶν
3260 1206 3347 1260 καὶ
3403 1204 3620 1281 κρηπίς.
3683 1202 3826 1259 Εἶτα

2167 1285 2405 1366 δεύτερον
2447 1290 2668 1365 βαθμὸν,
2716 1290 2812 1357 τὴν
2857 1290 3074 1368 ἀρετὴν,
3147 1290 3263 1359 ἤτοι
3319 1294 3385 1349 τὰ
3442 1290 3590 1372 ἔργα.
3652 1292 3824 1369 Χωρὶς

2168 1379 2267 1457 γὰρ
2308 1379 2510 1434 τούτων
2552 1381 2587 1446 ἦ
2617 1380 2791 1445 πίστις
2823 1380 3002 1458 νεκρὰ,
3059 1382 3131 1446 ὡς
3162 1378 3411 1462 Ἰάκωϐός
3456 1403 3634 1462 φησιν,
3700 1379 3824 1438 Ἐπὶ

2166 1467 2368 1531 τούτοις
2398 1469 2433 1536 ἡ
2482 1474 2697 1546 γνῶσις.
2760 1469 2846 1533 Τίς
2899 1466 2953 1524 δὲ
3011 1468 3192 1549 nihil;
3257 1461 3318 1527 Ἠ
3377 1461 3483 1527 τοῖιν
3538 1476 3631 1526 τοῦ
3688 1467 3824 1524 Θεοῦ

2169 1555 2481 1635 ἀποκρύφων
2538 1557 2838 1643 μυστηρίων
2905 1555 3135 1636 εἴδησις,
3180 1561 3299 1629 ἥτις
3358 1558 3417 1615 ού
3472 1565 3548 1633 τῷ
3601 1558 3820 1637 τυχόντι

2165 1645 2530 1725 παραγίνεται,
2589 1644 2727 1701 ἀλλὰ
2779 1654 2856 1721 τῷ
2938 1644 3006 1702 δι’
3088 1645 3255 1725 ἔργων
3324 1647 3636 1725 κρειττόνων
3718 1646 3820 1712 τὴν

435 1750 552 1792 non
585 1729 771 1792 cuivis
801 1729 1111 1806 contingit,
1136 1731 1237 1791 sed
1266 1729 1584 1791 exercitato
1631 1730 1690 1789 in
1719 1729 1920 1791 habitu
1946 1748 2077 1791 me-

2165 1733 2264 1798 ἕξιν
2322 1734 2760 1812 γεγδμνασμένῳ.
2821 1734 2942 1793 Ἐπὶ
2995 1735 3197 1798 τούτοις
3256 1738 3290 1803 ἡ
3347 1735 3651 1814 ἐγκράτεια.
3717 1744 3816 1789 Δεῖ

431 1820 645 1882 liorum
679 1837 950 1900 operum.
988 1822 1123 1881 l’ost
1156 1819 1280 1880 haec
1312 1829 1400 1879 est
1455 1818 1868 1899 temperantia.
1928 1817 2077 1881 Nam

433 1916 489 1972 et
523 1910 632 1970 hac
664 1927 813 1989 Opus
844 1917 932 1969 est
963 1908 1017 1968 ei
1048 1909 1147 1989 qui
1179 1910 1249 1970 ad
1303 1927 1642 1971 mensuram
1680 1907 1968 1988 pervenit,
2005 1927 2079 1969 ne

430 1997 572 2060 doni
603 1998 1010 2073 magnitudine
1044 1997 1329 2060 lasciviat.
1360 1998 1501 2058 5'52
1560 1996 1848 2068 Quoniam
1880 2005 2078 2057 autem

432 2107 550 2148 non
580 2086 869 2165 contingit
900 2106 1035 2148 eum
1063 2087 1165 2166 qui
1188 2088 1419 2147 modico
1441 2096 1707 2164 tempore
1731 2086 1913 2146 utitur
1936 2094 2081 2146 tem-

431 2175 721 2257 perantia,
757 2176 1011 2238 ﬂrmiler
1038 2175 1260 2238 donum
1296 2176 1602 2255 possidere
1627 2185 1898 2254 (semper
1919 2174 2079 2235 enim

429 2265 680 2346 cupiunt
708 2264 1062 2326 afﬂictiones
1093 2282 1222 2325 eam
1248 2283 1379 2344 quae
1412 2284 1445 2324 a
1478 2263 1892 2344 prarfocatione
1926 2262 2076 2324 libe-

425 2365 537 2428 rat,
565 2355 715 2417 adid
731 2355 1072 2434 quodpejus
1088 2355 1565 2435 estperduccre),
1605 2354 2081 2433 subingressato-

428 2445 679 2506 lerantia
706 2461 831 2504 rem
862 2462 1098 2504 omnem
1115 2445 1361 2525 peragit.
1386 2454 1439 2505 et
1470 2444 1749 2522 pieiatem
1771 2442 2075 2516 conciliat,

430 2533 844 2613 perfectiorem
868 2532 927 2592 in
958 2531 1143 2593 Deum
1177 2532 1595 2595 confidentiam
1621 2531 1919 2593 efﬁciens:
1948 2530 2083 2592 ideo

428 2639 737 2702 quoqueex
756 2619 972 2700 pietate
989 2620 1233 2699 quaesita
1250 2631 1336 2681 est
1369 2621 1625 2681 cbaritas
1639 2620 1919 2694 fraterna,
1952 2637 2083 2700 qua;

430 2727 805 2790 nequaquam
821 2710 1052 2771 accedit
1067 2709 1524 2788 nisibenignitas
1538 2712 1606 2769 ad
1624 2730 1655 2769 ο
1669 2731 1697 2766 u
1729 2710 1822 2769 nia
1843 2707 2079 2770 tribue-

425 2798 503 2860 rit
527 2798 748 2860 aditum
783 2797 1038 2878 pietatis.
1074 2797 1145 2859 Et
1169 2818 1351 2880 super
1382 2798 1581 2860 omnia
1621 2798 1910 2859 bonorum
1944 2817 2079 2858 om-

2162 1824 2261 1900 γὰρ
2316 1824 2403 1879 καὶ
2445 1825 2642 1889 ταύτης
2701 1831 2777 1898 τῷ
2831 1826 2961 1903 πρὸς
3007 1822 3198 1902 μέτρον
3251 1823 3576 1903 ἀφικομένῳ,
3625 1825 3698 1885 ὡς
3755 1820 3818 1878 ἂν

2164 1911 2240 1984 μὴ
2285 1909 2531 1989 ἐξυϐρίζοι
2561 1920 2637 1987 τῷ
2681 1913 2890 1991 μεγέθει
2921 1918 3017 1979 τῆς
3067 1910 3286 1988 δωρεᾶς.
3348 1910 3567 1979 Ἐπειδὴ
3622 1908 3677 1967 δὲ
3722 1910 3821 1968 οὒκ

2162 1998 2300 2056 ’ἐστιν
2370 2000 2455 2056 ἐπὶ
2525 2003 2710 2080 μικρὸν
2788 2001 3067 2082 χρώμενον
3143 2006 3209 2077 τῇ
3264 2000 3537 2080 ἐγκρατείᾳ
3601 1998 3817 2076 βεϐαίαν

2160 2092 2445 2156 κεκτῆσθαι
2499 2092 2599 2155 τὴν
2664 2089 2832 2169 δωρεὰ
2847 2114 2883 2162 ι,
2948 2088 3178 2169 (φιλοῦσι
3244 2092 3343 2169 γὰρ
3404 2090 3482 2145 ἀεὶ
3524 2090 3590 2144 τὰ
3644 2088 3814 2164 πάθη,

2160 2184 2252 2233 τοῦ
2306 2179 2669 2258 τατάγχοντος
2730 2178 3122 2258 ἐλευθερίσαντα
3177 2180 3262 2237 ἐπὶ
3304 2180 3364 2234 τὸ
3418 2191 3607 2258 χεῖρον
3679 2199 3816 2254 προ-

2162 2265 2423 2343 άγεσθαι),
2483 2269 2517 2335 ἡ
2570 2269 2811 2342 ὑπομονὴ
2880 2268 3221 2325 ἐπισελθοῦσα
3277 2270 3341 2324 τὸ
3411 2274 3514 2324 πᾶν
3598 2266 3815 2343 κατείρ-

2163 2376 2386 2434 γασατο,
2458 2358 2545 2412 καὶ
2599 2357 2697 2423 τὴν
2753 2354 3018 2415 εὐσέϐειαν
3075 2358 3413 2436 προεξένησε,
3488 2354 3813 2432 τελεωτέραν

2162 2444 2260 2511 τὴν
2304 2446 2376 2507 εἰς
2417 2447 2546 2500 Θεὸν
2588 2446 2999 2524 ἀπεργασαμένη
3048 2450 3384 2513 πεποίθησιν.
3448 2447 3539 2500 Διὸ
3591 2446 3678 2500 καὶ
3743 2449 3814 2519 τῇ

2164 2529 2396 2604 εὖσεϐείᾳ
2454 2535 2488 2600 ἡ
2560 2532 2868 2614 φιλαδελφία
2938 2536 3348 2612 προσεπορίσθη,
3410 2538 3503 2592 οὒκ
3573 2531 3633 2587 ἂν
3699 2532 3817 2587 ἐπι-

2163 2622 2445 2699 γενομένη,
2484 2624 2635 2697 εἰμὴ
2677 2629 2775 2689 τῆς
2820 2621 3081 2689 εὐσεϐείας
3124 2627 3184 2680 τὸ
3228 2625 3343 2701 περὶ
3401 2624 3572 2679 πάντα
3603 2621 3808 2697 εὐγνω-

2164 2713 2379 2786 μονικὸν
2423 2712 2712 2791 παρέσχειν
2758 2711 3019 2772 ἐπίϐασιν.
3100 2715 3196 2771 Καὶ
3240 2713 3324 2768 ἐπὶ
3363 2720 3514 2782 πᾶσι,
3563 2713 3623 2766 τὸ
3667 2711 3813 2766 πάν-

2162 2821 2267 2854 των
2322 2800 2529 2878 ἀγαθῶν
2599 2801 2889 2881 πλήρωμα,
2958 2805 2992 2869 ἡ
3052 2801 3259 2880 ἀγάπη,
3333 2804 3405 2866 ὼς
3468 2798 3655 2871 Παύλῳ
3723 2801 3812 2855 καὶ

428 2888 589 2948 nium
610 2890 1109 2967 complementum
1152 2897 1239 2948 est
1274 2888 1538 2961 dilectio,
1573 2886 2076 2969 quemadmodum

2165 2894 2228 2964 σῇ
2258 2887 2503 2962 Ἀληθείᾳ
2530 2887 2701 2947 δοκεῖ.
2750 2890 2891 2957 Αὕτη
2934 2892 3033 2969 γὰρ
3076 2892 3163 2946 καὶ
3202 2893 3291 2946 τὸν
3347 2898 3439 2946 τοῦ
3499 2895 3630 2945 Θεοῦ
3662 2891 3809 2967 Υἱὸν,

425 2986 484 3038 et
501 2975 716 3039 Paulo3
730 2985 789 3035 et
821 2976 1068 3039 Veritali
1084 2976 1335 3040 videtur.
1360 2975 1503 3038 Nam
1521 2977 1645 3037 haec
1664 2986 1719 3037 et
1736 2974 1838 3037 Dei
1858 2975 2073 3036 Filium

2165 2979 2242 3033 καὶ
2284 2980 2373 3033 τὸν
2415 2979 2598 3035 τούτου
2641 2978 2845 3058 Πατέρα
2899 2978 3219 3059 ἐξεϐιάσατο,
3278 2980 3369 3035 τὸν
3400 2979 3498 3053 μὲν
3528 2979 3620 3034 τὸν
3663 2977 3804 3054 ἀγα-

427 3074 483 3127 et
507 3066 681 3145 hujus
704 3064 935 3128 Patrem
980 3066 1189 3128 evicit:
1239 3068 1395 3127 hunc
1419 3066 1656 3146 quidem
1682 3075 1741 3125 ‘..l
1777 3063 1893 3125 sibi
1916 3065 2065 3126 dile-

2165 3068 2326 3131 πητὸν
2357 3067 2513 3123 αὐτοῦ
2554 3066 2753 3147 δοῦναι,
2800 3071 2891 3124 τὸν
2942 3066 2997 3123 δὲ
3042 3070 3160 3124 Υἱὸν
3202 3070 3261 3123 τὸ
3306 3071 3445 3143 αἷμα
3494 3070 3649 3125 αὖτοῦ
3677 3066 3808 3143 ὑπὲρ

421 3163 581 3215 ctum
603 3154 813 3217 Filium
837 3151 1025 3229 daret,
1046 3153 1258 3216 Filium
1286 3174 1422 3216 vero
1456 3153 1878 3231 utsanguinem
1901 3170 2074 3215 suum

2165 3155 2308 3230 ἡμῶν
2357 3156 2566 3236 ἐκχέαι,
2621 3178 2643 3212 α
2680 3160 2852 3214 Ταῦτα
2896 3158 2995 3237 γὰρ
3031 3159 3158 3232 ὑμῖν
3186 3157 3516 3236 ὑπάρχοντα.
3559 3179 3581 3211 ι
3632 3161 3807 3212 Ταῦτα

424 3262 532 3324 pro
548 3244 718 3304 nobis
733 3243 1085 3305 eti'underet.
1103 3242 1270 3304 «Haec
1283 3243 1439 3304 enim
1456 3262 1589 3303 cum
1605 3241 1766 3303 vobis
1791 3243 2067 3303 adsunt.»

2165 3258 2290 3300 ποτα
2324 3264 2340 3324 ;
2404 3237 2466 3300 Ἠ
2508 3247 2705 3317 πίστις,
2739 3248 2775 3314 ἡ
2831 3245 3013 3318 ἁρετὴ,
3072 3248 3106 3313 ἡ
3138 3252 3356 3322 γνῶσις,
3403 3247 3438 3313 ἡ
3468 3244 3735 3322 ὑπομονὴ,
3767 3245 3803 3312 ἡ

423 3333 704 3405 Quaenam
733 3332 857 3393 haec
879 3331 909 3390 ‘?
930 3330 1106 3393 Fides
1144 3331 1347 3405 virtus,
1364 3331 2068 3410 scientia,'temperantia,

2165 3331 2411 3413 εὗσέϐεια,
2455 3335 2490 3401 ἡ
2548 3333 2879 3414 φιλαδελφία,
2936 3337 2971 3401 ἡ
3026 3334 3257 3411 ἀγάπη·
3319 3332 3470 3390 ἅτινα
3530 3332 3588 3388 οὗ
3642 3332 3805 3408 μόνον

424 3422 723 3502 patientia,
746 3423 951 3500 pietas,
974 3420 1232 3482 charitas
1246 3421 1935 3501 fraterna,dilectio,qu¢e
1955 3440 2070 3481 non

2165 3434 2399 3501 παρεῖναι
2429 3420 2533 3497 δεῖ,
2580 3422 2715 3479 ἀλλὰ
2765 3426 2853 3479 καὶ
2894 3422 3223 3494 πλεονάζειν.
3278 3425 3335 3480 Εἰ
3392 3424 3491 3501 γὰρ
3546 3423 3582 3490 ἡ
3628 3442 3801 3500 παρυ-

420 3511 629 3572 adesse
648 3519 867 3570 tantum
884 3518 1135 3589 oportet,
1154 3528 1292 3571 veru
1303 3510 1544 3585 metiam
1568 3508 2070 3570 exuberare.Nam

2165 3512 2238 3566 τία
2281 3510 2501 3591 ὠφελεῖ,
2549 3511 2735 3569 πολλῶ
2792 3511 2992 3587 μᾶλλον
3060 3514 3095 3580 ἡ
3154 3513 3449 3588 περιουσία,
3522 3510 3610 3573 Τίς
3668 3509 3723 3565 δὲ
3765 3512 3802 3578 ἡ

422 3600 474 3660 si
512 3598 823 3679 prassentia
852 3599 1110 3679 prodest,
1139 3600 1317 3661 multo
1343 3599 1526 3678 magis
1567 3597 1928 3660 abundantia
1946 3599 2071 3659 sive

2234 3601 2404 3656 αὐτῶν
2447 3599 2672 3678 ὠφέλεια
2707 3621 2722 3680 ς
2783 3604 2853 3659 Τὸ
2897 3599 3187 3679 παῤῥησίαν
3243 3599 3391 3680 ἔχειν
3435 3602 3507 3663 είς
3565 3601 3662 3666 τὴν
3711 3606 3804 3655 τοῦ

419 3689 749 3769 opulentia.
786 3688 925 3758 Quae
954 3699 1153 3749 autem
1213 3689 1479 3767 sequitur
1540 3707 1606 3748 ex
1668 3687 1759 3747 liis
1792 3687 2014 3749 utilizas
2046 3686 2072 3748 ἲ

2165 3687 2339 3767 Κυρίου
2368 3686 2605 3767 δευτέραν
2661 3690 2967 3767 παρουσίαν.
3016 3696 3102 3765 Τῷ
3159 3691 3258 3768 γὰρ
3322 3689 3399 3765 μὴ
3459 3687 3642 3767 ἔχοντι
3667 3697 3788 3745 ταῦ-

418 3776 804 3838 Securitatem
823 3776 1044 3837 habere
1058 3778 1127 3837 ad
1145 3778 1474 3839 secundum
1486 3776 1718 3837 Domini
1734 3777 2070 3839 adventum.

2165 3798 2239 3850 rat,
2272 3777 2326 3833 ἐν
2382 3774 2504 3854 δόξῃ
2548 3788 2639 3837 τοῦ
2693 3786 2873 3857 κριτοῦ
2913 3781 3335 3857 παραγινομένου
3390 3779 3478 3834 καὶ
3520 3780 3592 3840 ὡς
3650 3774 3804 3843 ἡλίου

417 3865 564 3927 Eum
587 3884 839 3946 namque
866 3870 956 3926 cui
983 3886 1097 3926 non
1121 3867 1334 3927 adsunt
1356 3867 1505 3941 base,
1554 3866 1613 3925 in
1640 3866 1826 3944 gloria
1848 3866 2069 3944 judicis

2165 3867 2645 3945 ὶπαστράπτοντος,
2692 3865 2954 3946 τύφλωσις
3008 3865 3379 3946 ἐπακολουθεῖ,
3447 3863 3641 3941 ὅπουγε
3713 3864 3804 3917 καὶ

422 3956 817 4028 advenientis,
840 3956 970 4016 etin
998 3957 1234 4017 modum
1265 3956 1406 4017 solis
1433 3954 2068 4036 resplendentis,ca2ci-

2165 3956 2195 4009 εί
2238 3954 2429 4032 ἔρρωτο
2484 3956 2582 4022 τὴν
2638 3954 2781 4030 ὄψιν,
2819 3953 2922 4013 οω⁹
2985 3954 3148 4020 οὕτως
3205 3955 3327 4021 ἐνῆν
3389 3953 3530 4027 αὐτῷ
3585 3953 3801 4015 ἀπαθῶς

428 4052 512 4107 tas
538 4045 936 4125 subsequitur.
988 4043 1100 4107 Ubi
1125 4046 1350 4107 etiamsi
1374 4054 1613 4125 aspectu
1639 4045 1850 4113 vali-at,
1879 4063 1954 4105 ne
1985 4046 2067 4106 ita

2165 4047 2331 4120 ἑνορᾷν
2375 4044 2434 4100 τὸ
2480 4043 2876 4123 ὑπέρλαμπρον,
2932 4047 3222 4123 πεφυκότος
3282 4044 3362 4099 ἀεὶ
3405 4050 3499 4099 τοῦ
3540 4041 3673 4118 ἄγαν
3725 4047 3806 4114 τῷ

423 4133 663 4215 quidem
690 4144 875 4213 potest
896 4133 1024 4195 sine
1046 4135 1286 4196 laesione
1322 4153 1425 4213 per
1453 4135 1727 4195 affectum
1763 4133 1980 4194 intueri
2008 4133 2067 4195 id

2165 4136 2284 4211 ρωτὶ
2362 4131 2796 4207 ἀποστίλϐοντος,
2864 4134 3128 4212 ἀμαυροῦν
3186 4141 3291 4190 τῶν
3378 4133 3607 4194 ἀσθενῶς
3664 4132 3799 4208 πρὸς

422 4224 576 4304 quod
606 4222 1151 4302 splendidissimum
1170 4232 1420 4293 est,cum
1439 4242 1542 4283 sua
1558 4223 1690 4282 luce
1712 4222 2070 4302 sempermi-

2165 4225 2279 4279 ιύτὸ
2349 4226 2437 4277 τὸν
2497 4221 2763 4301 ὀφθαλμὸν
2807 4220 3199 4302 ὲπερειδόντων,
3264 4221 3574 4291 Μυωπάζειν
3626 4217 3679 4274 δὲ
3735 4220 3798 4274 τὸ

422 4330 554 4371 rum
589 4310 647 4370 in
682 4312 921 4371 modum
956 4312 1308 4391 splendente
1340 4319 1536 4371 natum
1570 4311 1646 4371 sit
1678 4329 1779 4370 eos
1811 4314 2063 4373 obtene-

2165 4310 2466 4391 τυφλώττειν
2519 4311 2752 4391 εἴρηται,
2809 4313 2914 4368 ἀπὸ
3000 4320 3104 4368 τῶν
3172 4313 3273 4368 ὑπὸ
3328 4312 3427 4378 τὴν
3482 4314 3582 4386 γῆν
3650 4316 3799 4383 μυῶν

424 4400 619 4475 brare,
650 4401 750 4480 qui
779 4399 852 4460 ad
905 4400 1052 4461 illud
1104 4400 1401 4462 debilibus
1460 4399 1648 4462 oculis
1706 4399 2060 4464 innituntur.

2165 4400 2356 4480 τυφλῶν
2416 4401 2488 4461 εἷς
2532 4400 2672 4455 ἅπαν
2729 4399 3127 4462 διατελούντων.
3183 4423 3205 4455 α
3244 4401 3424 4470 Λήθην
3474 4394 3649 4454 λαϐὼν
3702 4398 3798 4453 τοῦ

427 4490 734 4561 λ-[υωπάζειν
766 4506 902 4551 vero
928 4489 1147 4550 dictum
1183 4499 1271 4550 est
1302 4510 1403 4566 pro
1462 4489 1759 4562 caacutire,
1816 4490 1918 4547 ἀπὸ
1961 4497 2065 4546 τῶν

2165 4494 2470 4568 ιαθαρισμοῠ
2524 4497 2629 4545 τῶν
2693 4489 2857 4550 πάλαι
2929 4495 3085 4549 αὐτοῦ
3154 4492 3441 4568 ἁμαρτιῶν,
3510 4511 3537 4543 ι)
3628 4494 3796 4545 Τοῦτο

423 4587 591 4655 μυῶν,
621 4577 676 4639 id
706 4587 814 4647 est,
842 4597 876 4639 a
897 4578 1215 4640 bufonibus
1242 4580 1349 4640 sub
1383 4589 1535 4640 terra
1567 4578 1939 4657 degentibus,
1965 4581 2065 4660 qui

2165 4577 2330 4655 ίμοιον
2400 4586 2479 4653 τῷ
2548 4581 2647 4635 ὑπὸ
2713 4580 2969 4657 μακαρίου
3026 4576 3276 4636 Ἰακώϐου
3347 4576 3632 4655 εἰρημένῳ,
3688 4573 3794 4655 ὅτι,

420 4668 490 4728 ad
509 4667 705 4728 omnia
723 4670 859 4729 caeci
888 4676 1286 4748 perseverant.
1330 4691 1351 4724 (ι
1388 4665 1623 4730 Oblitus
1645 4684 1775 4729 sese
1793 4686 1828 4728 a
1849 4667 2064 4729 veteri—

2165 4692 2181 4723 ι
2230 4665 2296 4724 Εἴ
2349 4690 2429 4732 τις
2462 4668 2727 4746 ἀκροατὴς
2759 4666 2917 4745 λόγου
2947 4668 3057 4724 ἐστὶ
3111 4669 3199 4724 καὶ
3264 4666 3323 4723 οὐ
3352 4664 3605 4732 ποιητὴς,
3642 4666 3794 4729 οὖτος

418 4756 528 4818 bus
557 4756 963 4836 suispeccatis.
988 4781 1010 4815 υ
1044 4756 1164 4819 Hoc
1182 4756 1376 4818 simile
1400 4765 1488 4817 est
1512 4756 1595 4816 illi
1620 4755 1777 4836 quod
1819 4775 1852 4817 a
1891 4754 2063 4817 beato

2165 4757 2317 4813 ἔοικεν
2347 4755 2488 4837 ἀνδρὶ
2544 4766 2883 4816 κατανοοῦντι
2942 4759 3002 4812 τὸ
3058 4757 3340 4836 πρόσωπον
3383 4759 3481 4822 τῆς
3536 4753 3795 4831 γενέσεως

415 4845 635 4909 Jacobo
657 4846 880 4908 dictum
905 4854 993 4907 est
1016 4866 1030 4906 :
1074 4869 1101 4906 ι
1135 4844 1345 4927 Siquis
1364 4845 1563 4907 audiat
1589 4863 1927 4907 sermonem
1952 4864 2065 4908 nec

2165 4846 2304 4903 ιῦτοῦ
2387 4846 2439 4902 ἒν
2522 4846 2783 4927 ἐσόπτρῳ.
2874 4846 3172 4913 Κατενόησε
3255 4847 3355 4924 γὰρ
3440 4844 3623 4899 ἑαυτὸν
3705 4844 3795 4899 καὶ

417 4957 551 5000 eum
584 4937 751 4999 factis
779 4938 1091 5018 exprimat,
1123 4937 1219 4999 hic
1249 4937 1459 4999 similis
1490 4946 1579 4998 est
1642 4936 1757 4996 viro
1785 4936 2062 4997 conside-

2165 4934 2368 5009 ὶπῆλθε,
2402 4936 2492 4992 καὶ
2519 4936 2705 4999 εὐθέως
2756 4934 3039 4992 ἐπελάθετο
3095 4936 3281 4996 ὃποῒος
3325 4934 3413 5001 ἧν,
3450 4956 3477 4988 ι
3544 4934 3648 4990 Καὶ
3691 4932 3793 5010 γὰρ

414 5027 566 5088 ranti
593 5027 804 5088 faciem
831 5026 1151 5089 nativitatis
1184 5045 1306 5088 sua;
1333 5026 1393 5087 in
1410 5026 1675 5107 speculo.
1705 5024 2063 5089 Considera-

2317 5027 2343 5047 ν
2496 5024 2510 5041 .
2679 5026 2692 5042 .
2925 5026 2938 5043 .
3096 5024 3107 5041 .
3239 5025 3255 5059 τ
3540 5027 3565 5037 ..
3755 5022 3785 5033 ..

2165 5027 2229 5081 ιαὶ
2286 5047 2433 5090 ουτος
2493 5042 2736 5102 επιγνους
2798 5025 2981 5081 ἑαυτον
3039 5021 3122 5082 δια
3176 5044 3268 5080 το)
3343 5025 3661 5100 καθαρθηναι
3713 5042 3793 5096 τῳ

413 5115 495 5175 vit
525 5114 679 5177 enim
712 5114 973 5196 seipsum
1013 5124 1069 5176 et
1125 5114 1295 5192 abiit,
1354 5115 1667 5195 statimque
1727 5112 1943 5175 oblitus
1974 5121 2065 5175 est

2165 5116 2277 5193 ὶγίῳ
2292 5116 2637 5192 βαπτίσματι,
2669 5113 2750 5171 ὅτι
2782 5113 3014 5184 πλήθους
3046 5113 3315 5192 ἁμαρτιῶν
3345 5110 3654 5192 ἐξεπλύνθη,
3676 5108 3793 5168 δέον

419 5203 612 5284 qualis
642 5213 800 5266 esset
826 5204 877 5266 4.
918 5230 938 5261 υ
974 5203 1117 5266 Nam
1148 5214 1206 5266 et
1234 5206 1331 5266 hic
1361 5224 1492 5266 cum
1541 5204 1802 5283 seipsum
1834 5221 2059 5280 cogno-~

2165 5203 2354 5278 .iBévai,
2388 5204 2467 5260 ὅτι
2500 5206 2767 5283 καθαρθεὶς
2796 5205 2884 5261 καὶ
2915 5201 3175 5282 ἀγιότητα
3233 5199 3408 5281 ἔλαϐε,
3474 5203 3656 5281 νήφειν
3697 5201 3793 5255 ’ίνα

415 5294 593 5355 visset
622 5310 788 5354 sacro
815 5291 1165 5373 baptismate
1199 5302 1502 5374 purgatum
1570 5294 1750 5355 fuisse
1784 5310 1797 5355 :
1860 5292 1997 5372 quia
2026 5311 2061 5354 a

2165 5295 2423 5355 ἱιαπαντὸς
2449 5298 2588 5370 τηρῇ
2615 5296 2705 5349 τὸν
2753 5294 3041 5370 ἀγιασμὸν,
3093 5293 3153 5347 οὗ
3196 5292 3362 5372 χωρὶς
3405 5288 3571 5354 οὐδεὶς
3602 5288 3793 5365 ὄψεται

417 5389 795 5463 peccatorum
827 5381 1201 5444 multitudine
1231 5382 1464 5444 ablutus
1523 5384 1730 5456 fuerat,
1764 5381 1919 5443 scire
1948 5381 2057 5443 de-

2165 5385 2231 5439 ιὸν
2261 5383 2442 5461 Κύριον
2476 5397 2489 5411 ⁶
2526 5384 2554 5437 ὁ
2579 5380 2632 5438 δὲ
2662 5380 2967 5442 ἐπελάθετο.

418 5472 643 5533 buisset
670 5469 829 5551 quod
861 5481 1165 5551 purgatum
1200 5481 1260 5535 et
1287 5473 1654 5535 sanctitatem
1689 5481 2076 5533 consecutum
2108 5470 2350 5552 vigilare
2379 5471 2665 5553 oportuit,
2719 5478 2784 5532 ut
2824 5469 3197 5534 sanctitatem
3233 5487 3476 5553 semper
3503 5477 3788 5549 servaret,

413 5560 540 5623 sine
571 5578 686 5640 qua
715 5578 890 5621 nemo
923 5561 1142 5625 videbit
1173 5561 1362 5625 Deum
1391 5565 1422 5613 5
1457 5586 1469 5624 :
1505 5563 1606 5624 ille
1636 5580 1773 5621 vero
1808 5560 2026 5625 oblitus
2056 5571 2167 5625 est.

2089 4467 2131 4516 D

491 5740 661 5804 Hac.
691 5758 754 5817 ιι,
790 5740 890 5803 26.
973 5742 1005 5792 3
1036 5741 1208 5820 Rom,
1240 5758 1365 5816 xm,
1407 5746 1501 5808 l3.
1586 5745 1618 5793 4
1644 5742 1768 5805 Jac.
1804 5760 1845 5817 ι,
1880 5742 1981 5824 23,
2011 5740 2109 5804 24.
2196 5744 2228 5794 5
2257 5739 2441 5807 Hebr.
2474 5759 2576 5818 xu,
2618 5742 2711 5805 l4.
