4106 6468
231 438 350 504 585

246 696 270 730 ι
319 672 658 756 Παραγγελία
701 677 775 742 εἰς
831 675 1130 750 ὑπόμνησιν
1198 682 1298 746 τῆς
1369 675 1704 744 διδασκαλίας
1763 682 1899 756 μετά

317 756 418 823 τὴν
464 754 762 841 ἀνάμνησιν
792 756 981 841 αὐτοῦ,
1001 758 1089 815 καὶ
1145 756 1291 825 ὅπως
1333 758 1387 814 ἐν
1447 758 1555 840 ὅρει
1580 754 1774 841 ,Θαϐὼρ
1801 761 1898 830 τῆς

318 842 450 895 Θεοῦ
476 838 596 916 περὶ
624 843 851 917 Χριστοῦ
878 836 1143 908 ἐπήκουσε
1171 844 1378 921 φωνῆς.
1417 864 1440 896 ο

327 957 352 994 ε
435 939 537 995 Διὸ
607 937 834 1020 μᾶλλον,
938 938 1172 1021 ἀδελφοὶ,
1260 940 1587 1002 σπουδάσατε
1680 941 1897 1021 βεϐαιαν

240 1026 391 1102 ὑμῶν
446 1026 636 1096 κλῆσιν
718 1029 807 1085 καὶ
877 1026 1106 1107 ἐκλογὴν
1204 1044 1499 1094 ποιετσται.
1571 1035 1745 1090 Ταῦτα
1799 1034 1899 1112 γὰρ

239 1117 513 1179 ποιοῦντες
539 1119 600 1175 οὗ
654 1115 733 1193 μὴ
777 1115 1042 1183 πταίσητέ
1105 1139 1258 1180 ποτε.
1336 1117 1516 1183 Οὕτως
1558 1119 1660 1199 γὰρ
1729 1117 1898 1179 πλου-

239 1205 365 1269 σίως
423 1204 953 1286 ἐπιχορηγηθήσεται
1049 1207 1178 1282 ὑμῖν
1251 1207 1286 1277 ἢ
1378 1206 1586 1273 εἴσοδος
1674 1210 1746 1274 εἷς
1803 1210 1901 1277 τῆν

242 1298 456 1354 αἰώνιον
520 1296 791 1376 βασιλείαν
854 1304 946 1355 τοῦ
1015 1301 1208 1378 Κυρίου
1263 1302 1419 1376 ἡμῶν
1487 1302 1576 1359 καὶ
1649 1306 1901 1381 Σωτῆρος

243 1382 423 1454 Ἰησοῦ
483 1389 731 1468 Χριστοῦ.
798 1387 892 1444 Διό
961 1391 1057 1447 οὒκ
1113 1386 1373 1465 ἀμελήσω
1438 1391 1576 1466 ὑμᾶς
1648 1390 1729 1447 ἀεὶ
1770 1391 1903 1448 ὑπο-

246 1478 568 1553 μιμνήσκειν
695 1479 813 1556 περὶ
920 1476 1140 1549 τούτων,
1244 1478 1431 1558 καίπερ
1514 1477 1714 1542 εἰδότας
1813 1480 1902 1536 καὶ

243 1566 656 1647 ὶστηριγμὲνους
716 1566 771 1622 ἐν
866 1571 935 1644 τῇ
1018 1567 1258 1645 παρούσῃ
1357 1568 1599 1642 ἀληθείᾳ.
1689 1568 1901 1626 Δίκαιον

247 1656 305 1714 δὲ
361 1659 615 1735 ἡγοῦμαι,
676 1654 760 1734 ἔφ’
819 1653 944 1712 ὅσον
1001 1656 1107 1731 εἰμὶ
1189 1657 1244 1713 ἐν
1302 1658 1471 1732 τούτῳ
1537 1665 1614 1733 τῷ
1683 1657 1901 1726 σκηνώ-

249 1768 399 1823 ματι,
445 1743 716 1825 διεγείρειν
745 1745 882 1820 ὑμᾶς
938 1744 995 1800 ἐν
1034 1747 1355 1827 ὑπομνήσει,
1413 1745 1561 1813 εἰδὼς
1592 1746 1673 1804 ὅτι
1701 1750 1901 1828 ταχινη

252 1833 395 1890 ἔστιν
421 1834 457 1901 ἡ
487 1832 736 1898 ἀπόθεσις
782 1833 876 1888 τοῦ
930 1833 1283 1909 σκηνώματός
1340 1858 1464 1912 μου,
1524 1838 1699 1901 καθὼς
1755 1837 1841 1892 καὶ
1873 1833 1966 1927 ὅΒ

249 1927 439 1993 Κύριος
467 1924 624 1998 ἡμῶν
655 1920 861 1987 Ἰησοῦς
891 1923 1112 2002 Χριστὸς
1156 1921 1391 1995 ἐδήλωσὲ
1443 1948 1557 2001 μοι.
1612 1924 1904 1983 Σπουδάσω

250 2011 307 2069 δὲ
339 2014 426 2069 καὶ
453 2012 707 2069 ἑκάστοτε
735 2008 884 2090 ἔχειν
931 2012 1066 2087 ὑμᾶς
1108 2013 1242 2088 μετά
1284 2015 1382 2082 τήν
1428 2014 1564 2091 ἐμὴν
1594 2013 1767 2082 ἔξοδον
1808 2015 1908 2082 τὴν

252 2103 454 2160 τούτων
482 2100 666 2179 μνείαν
695 2103 963 2158 ποιεῖσθαι
997 2123 1053 2164 ιι,

340 2282 457 2360 Διὸ,
505 2280 659 2361 φησὶ,
694 2276 918 2356 μᾶλλον,
966 2276 1180 2358 ἀδελφοί
1234 2303 1357 2360 μου,
1392 2279 1719 2339 σπουδάσατε
1751 2283 1909 2358 μόνι-

250 2394 356 2447 μον
410 2371 499 2427 καὶ
554 2368 941 2446 ἀμετακίνητον
1009 2365 1297 2433 δεικνύντες
1350 2371 1447 2439 τὴν
1508 2370 1697 2438 κλῆσίν
1764 2372 1911 2447 ὑμῶν

254 2461 348 2517 καὶ
389 2458 645 2539 ἐκλογὴν,
709 2457 967 2536 τουτέστι,
1014 2459 1105 2514 τὸν
1175 2463 1548 2539 κατηχητικὸν
1607 2460 1791 2540 λόγον,
1851 2460 1912 2516 ὃν

252 2551 401 2630 παρὰ
443 2549 542 2617 τῆν
611 2546 839 2626 ἒκλογὴν
909 2548 1055 2622 ὑμῶν
1100 2548 1360 2616 ἠκούσατε
1389 2551 1478 2607 καὶ
1541 2550 1638 2618 τήν
1694 2549 1908 2624 κλῆσιν,

251 2638 608 2707 ἀνεπθηπτοι
639 2638 804 2713 εἶναι,
849 2635 942 2692 ’ίνα
986 2637 1063 2712 μὴ
1104 2640 1179 2703 ὡς
1222 2637 1630 2714 ἐπιλελησμένοι
1673 2640 1768 2708 τῆς
1801 2638 1911 2696 δω-

256 2735 384 2811 ρεᾶς
412 2735 508 2786 τοῦ
578 2734 711 2786 Θεοῦ
760 2729 994 2807 κριθῆτε,
1067 2726 1205 2786 ἀλλὰ
1277 2729 1491 2805 μείνητε
1548 2726 1762 2806 βεϐαίαν
1814 2730 1913 2797 τὴν

255 2819 452 2888 κλῆσιν
509 2820 657 2894 ὑμῶν
727 2819 973 2897 ἔχοντες.
1046 2834 1073 2875 ι
1132 2824 1306 2874 Ταῦτα
1372 2819 1471 2897 γὰρ
1524 2825 1822 2884 ⁴τιτοιοῦντειῖ.
1883 2841 1907 2877 υ

255 2909 460 2981 Ταῦτα,
518 2920 701 2988 non;
749 2907 825 2965 Τὰ
899 2908 1274 2986 προειρημένα,
1350 2907 1468 2964 οῖον
1538 2908 1636 2975 τῆν
1695 2907 1907 2989 ἀρετὰν,

255 2999 364 3068 τὴν
416 3004 635 3079 γνῶσιν,
703 2997 804 3064 τῆν
860 2996 1187 3077 ἐγκράτειαν,
1254 2999 1341 3055 καὶ
1397 2998 1462 3054 τὰ
1516 2996 1639 3065 ἑξῆς
1690 2998 1911 3058 τούτων,

1261 444 1663 509 ΟΟΜΜΕΝΤ.
1716 444 1799 509 ΙΝ
1844 439 2090 509 EPIST.
2136 446 2195 508 II
2236 445 2301 508 S.
2346 444 2602 510 PETRI.

879 582 1130 642 ΚΕΦΑΛ.
1163 576 1246 644 Β’,
1910 576 1958 632 Δ

3514 437 3635 505 586

2622 577 2865 643 CAPUT
2903 578 2976 642 II.

1980 676 2347 761 Adhortatio
2373 682 2453 744 ad
2483 682 2776 745 doctrinae
2802 683 3308 761 admonitionem,
3341 699 3634 757 revocan-

2058 758 2134 845 do
2165 777 2302 845 eam
2348 761 2415 823 in
2440 767 2806 845 memoriam
2834 764 2937 841 :‘et
2966 782 3082 845 quo
3128 758 3304 845 modo
3335 769 3404 835 in
3433 768 3637 839 monte

2065 836 2301 902 Thabor
2330 843 2634 906 audiverit
2667 843 2784 907 Dei
2810 836 3008 919 vocem
3045 843 3119 909 de
3151 842 3423 923 Christo.
3594 908 3613 925 .,

2060 936 2105 1013 Ι,
2143 939 3222 1027 lO-l5.Quapropter,ﬁ‘att'es,potius
3250 962 3498 1027 operam
3518 943 3636 1009 da-

1981 1033 2056 1107 te,
2086 1036 2150 1089 ut
2185 1037 2555 1094 vocationem
2605 1039 2665 1097 et
2704 1032 3051 1098 electionem
3100 1042 3362 1099 vestram
3388 1035 3641 1116 ﬁrmam

1981 1117 2289 1196 efﬁciatis.
2326 1121 2470 1184 [nec
2498 1129 2661 1185 enim
2707 1124 2762 1185 si
2815 1122 3122 1201 feceretis,
3178 1142 3300 1187 non
3348 1122 3642 1186 labemini

1980 1223 2273 1285 unquam.
2299 1207 2618 1291 Siquidem
2648 1212 2727 1274 ad
2760 1211 2920 1276 hunc
2949 1213 3192 1276 modum
3219 1212 3459 1276 abunde
3493 1210 3643 1275 sub-

1983 1296 2444 1389 ministrabitur
2498 1302 2665 1363 vobis
2711 1302 3001 1365 introitus
3043 1303 3124 1365 ad
3177 1310 3480 1389 (sternam
3530 1318 3640 1364 re-

1982 1401 2172 1463 gnum
2206 1387 2454 1449 Domini
2492 1391 2692 1451 nostri
2730 1398 2791 1452 et
2829 1389 3173 1454 Saluatoris
3200 1386 3353 1460 Jesu'
3380 1386 3638 1455 Christi.

1984 1470 2374 1555 Quapropter
2401 1476 2567 1540 haud
2596 1479 2898 1560 negligam
2948 1497 3051 1543 vos
3096 1497 3335 1560 semper
3374 1476 3642 1543 commo-

1985 1578 2129 1624 nere
2155 1563 2226 1625 de
2252 1564 2370 1642 his,
2401 1572 2646 1630 tametsi
2671 1569 2884 1630 sciatis
2914 1575 2975 1630 et
3002 1570 3355 1651 conﬁrmati
3395 1564 3530 1632 sitis
3563 1563 3646 1631 in

1981 1659 2265 1731 praesenti
2293 1660 2569 1718 veritate.
2598 1657 2886 1719 Attamen
2911 1660 3139 1738 justum
3158 1657 3431 1722 arbitror
3450 1675 3646 1740 quan-

1986 1740 2092 1802 diu
2138 1760 2273 1804 sum
2333 1745 2397 1805 in
2443 1744 2555 1807 hoc
2599 1745 3018 1821 tabernaculo,
3066 1748 3337 1810 excitare
3381 1764 3483 1809 vos
3531 1763 3648 1826 per

1986 1832 2546 1895 commonitionem:
2575 1852 2710 1896 cum
2730 1840 2920 1897 sciam
2955 1835 3116 1897 brevi
3144 1836 3423 1915 futurum
3454 1841 3524 1911 ut
3545 1835 3647 1899 de-

1989 1934 2215 1999 ponam
2240 1920 2351 1983 hoc
2380 1921 2837 1985 tabernaculum
2859 1941 3058 1986 meum
3090 1944 3104 1985 :
3136 1922 3646 2004 quemadmodum

1989 2014 2046 2068 et
2078 2008 2373 2072 Dominus
2401 2021 2611 2074 noster
2636 2010 2812 2075 Jesus
2844 2013 3122 2076 Christus
3145 2006 3512 2094 signiﬁcavit
3535 2015 3647 2076 mi-

1987 2095 2073 2160 hi.
2112 2099 2278 2161 Dabo
2306 2106 2505 2162 autem
2536 2118 2783 2178 cperam
2806 2110 2864 2162 et
2890 2119 3127 2183 semper
3147 2092 3371 2165 habere
3390 2092 3496 2165 vos
3508 2107 3649 2184 post

1987 2204 2188 2250 meum
2209 2190 2463 2266 exitum,
2495 2198 2564 2251 ut
2585 2190 2802 2254 horum
2826 2194 3052 2255 mentio
3079 2191 3212 2273 ﬁat.
3468 2192 3473 2196 ’
3506 2192 3516 2212 ⁸

2075 2276 2471 2360 Quapropter,
2504 2279 2721 2360 inquit,
2757 2280 2972 2343 fratres
3004 2281 3289 2354 mei,date
3321 2300 3426 2344 vos
3452 2281 3650 2364 potius

1994 2386 2260 2450 operam.
2296 2376 2361 2429 ut
2391 2377 2845 2449 permanentem
2876 2378 3052 2452 atque
3081 2369 3514 2434 immutabilem
3544 2390 3648 2433 os-

1999 2457 2256 2521 tendatis
2283 2466 2538 2520 vestram
2590 2459 2959 2521 vocationem
3011 2469 3071 2522 et
3118 2459 3501 2539 electionem,
3536 2455 3648 2525 hoc

1996 2555 2105 2616 est,
2164 2564 2503 2608 sermonem
2559 2546 2970 2611 instructionis
3054 2556 3267 2611 vestrae
3342 2540 3650 2631 quemwad

1996 2635 2350 2698 electionem
2373 2655 2442 2697 ac
2476 2637 2843 2698 vocationem
2876 2646 3130 2700 vestram
3163 2638 3436 2715 audistis,
3475 2634 3541 2701 ut
3567 2637 3652 2700 ir-

1996 2723 2505 2805 reprehensibiles
2535 2725 2663 2786 sitis
2693 2743 2707 2788 :
2742 2745 2815 2787 ne
2847 2730 3017 2808 quasi
3047 2718 3319 2789 muneris
3351 2727 3458 2790 Dei
3478 2726 3654 2793 obliti

1988 2813 2369 2894 judicemini,
2406 2814 2511 2875 sed
2545 2815 2845 2894 persistite
2876 2816 3110 2877 ﬁrmam
3141 2816 3435 2880 habentes
3464 2835 3650 2879 voca-

2000 2903 2221 2964 tionem
2256 2912 2530 2965 vestram.
2574 2925 2596 2961 ¢
2633 2902 2765 2966 Haec
2800 2904 2962 2967 enim
2994 2904 3044 2967 si
3075 2905 3359 2968 feceritis.
3412 2930 3435 2964 ι
3472 2902 3651 2979 Quie-

2000 2991 2310 3064 namZ’Quae
2324 2994 2601 3073 praedicta
2612 2995 3621 3075 sunt,nempevirtutem,scientiam
3634 3046 3649 3073 ,

258 3088 463 3145 Σκόπει
493 3086 549 3144 δὲ
577 3093 693 3152 πῶς
761 3087 1016 3167 πρότερον
1058 3085 1164 3142 ἀπὸ
1234 3086 1341 3142 τῶν
1410 3083 1647 3167 φοϐερῶν
1690 3108 1913 3166 προτρε-

2008 3084 2452 3162 temperantiam
2484 3090 2541 3143 et
2565 3092 2777 3144 caetera
2809 3102 2940 3164 quae
2968 3094 3324 3167 sequuntur.
3364 3082 3655 3148 Animad-

255 3178 501 3254 ψάμενος
530 3182 624 3233 τοῦ
684 3165 935 3252 βήματος
997 3185 1090 3234 τοῦ
1137 3181 1341 3256 κριτοῦ,
1399 3165 1487 3231 νῦν
1534 3165 1628 3232 ’καὶ
1678 3165 1785 3233 ἀπὸ
1813 3165 1916 3232 τῶν

2008 3180 2160 3232 verte
2190 3179 2385 3232 autem
2418 3171 2716 3252 quomodo
2751 3173 3022 3235 ordinato
3056 3165 3232 3255 prius
3278 3174 3351 3236 ab
3396 3174 3489 3237 his
3519 3192 3652 3256 quat

255 3269 478 3344 ἀγαθῶν
520 3264 869 3345 προτρέπεται
900 3269 999 3333 τῆς
1069 3261 1268 3322 εἰσόδου
1308 3265 1408 3331 τῆς
1452 3266 1525 3329 εἷς
1568 3265 1668 3332 τὴν
1688 3264 1919 3345 ⁸αἰώνιον

257 3342 539 3436 βασιλείαν
563 3342 667 3412 τοῦ
718 3354 905 3434 Κυρίου
983 3377 1009 3410 ις
1057 3353 1257 3433 Καίπερ
1313 3350 1538 3417 εἰδότας,
1579 3376 1602 3410 ι
1685 3342 1808 3411 "ivx
1841 3354 1918 3430 μὴ

260 3442 457 3510 δόξωσι
513 3449 753 3524 συνεχῶς
836 3442 1390 3519 ἀναμιμνησκόμενοι,
1422 3444 1542 3522 περὶ
1597 3449 1706 3500 τῶν
1748 3443 1917 3500 αὐτῶν

266 3537 352 3598 ὣς
435 3533 489 3591 ἐν
543 3533 697 3613 ἀργίᾳ
754 3532 895 3589 εῖναι
950 3531 1402 3611 κατεγνωσμένοι,
1463 3534 1551 3589 καὶ
1617 3530 1914 3610 λυπηθιῦσι,

256 3624 454 3682 τούτου
496 3622 657 3703 χάριν
729 3621 967 3700 ἐπήγαγε
1009 3622 1095 3692 τὸ,
1142 3620 1340 3702 Καίπερ
1382 3619 1585 3687 εἰδότας
1639 3623 1727 3679 καὶ
1755 3622 1919 3689 ἐστη-

263 3711 551 3794 ριγμένους
576 3711 632 3767 ὲν
659 3717 730 3789 τῇ
788 3732 1029 3791 παρουσῃ
1084 3708 1325 3783 ἀληθείᾳ.
1387 3711 1564 3767 Λίτίαν
1631 3709 1686 3768 δὲ
1729 3709 1920 3767 ἀποδι-

258 3804 388 3863 δούς
430 3802 528 3868 τῆς
569 3806 826 3881 συνεχοῦς
874 3801 1251 3875 ὑπομνήσεως,
1318 3798 1559 3879 ἐπήγαγε
1615 3801 1702 3874 τὸ,
1735 3797 1922 3856 εἰδέναι

257 3904 502 3972 ταχεῖαν
555 3889 763 3947 ἔσεσθαι
806 3889 907 3956 τῆν
937 3889 1097 3948 αὒτοῦ
1122 3888 1228 3945 ἀπὸ
1284 3897 1379 3948 τοῦ
1436 3889 1683 3965 σώματος
1737 3890 1923 3945 τούτου

259 3968 615 4058 ἀπαλλαγὴν,
704 3980 776 4036 Τὸ
867 3975 922 4033 δὲ
988 3976 1393 4058 ἐπιφερόμενον,
1468 3968 1626 4056 ¹λέγω
1680 3976 1735 4033 δέ
1816 3981 1877 4034 τὸ
1912 3999 1935 4020 ο

264 4093 299 4126 ι
341 4066 630 4126 Σπουδάσω
658 4065 714 4123 δὲ
743 4067 832 4125 καὶ
862 4067 999 4143 μετὰ
1043 4068 1138 4135 τὴν
1209 4067 1346 4143 ἐμὴν
1403 4065 1578 4133 ἔξοδον
1620 4064 1771 4148 ἔχειν
1800 4069 1932 4142 ὑμᾶς

260 4158 552 4237 ἑκᾴσττοτε,
591 4179 615 4215 ι
660 4155 925 4237 τουτέστι,
971 4155 1089 4214 καθ’
1149 4157 1378 4223 ἑκάστην
1432 4156 1521 4214 καὶ
1549 4155 1804 4225 διηνεκῶς
1834 4158 1932 4225 τὴν

259 4249 473 4307 τούτων
529 4247 776 4323 μνήμην,
856 4244 1133 4323 βούλονται
1217 4250 1475 4325 παριστᾷν
1545 4245 1650 4303 ἀπὸ
1718 4247 1925 4322 τούτου,

263 4337 360 4396 ὅτι
384 4338 474 4394 καὶ
530 4337 665 4413 μετὰ
719 4336 940 4393 θάνατον
998 4338 1046 4393 οἱ
1100 4335 1244 4415 ἅγιοι
1301 4336 1612 4415 μέμνηνται,
1639 4342 1748 4392 τῶν
1801 4335 1925 4413 τῇδε

267 4428 366 4484 καὶ
421 4422 796 4506 πρεσϐεύουσιν
862 4424 993 4504 ὑπὲρ
1047 4413 1162 4481 τῶν
1251 4424 1485 4496 ζώντων.
1577 4413 1778 4484 ⁷Ἀλλοι
1876 4423 1931 4483 δὲ

265 4516 426 4580 ἀπῶς
483 4514 979 4595 μεταχειριζόμενοι
1076 4516 1139 4570 τὸ
1238 4513 1422 4591 ῥητὸν,

268 4600 571 4662 Σπουδάσω
627 4601 683 4660 δὲ
736 4604 826 4661 καὶ
910 4602 1163 4662 ἑκάστοτε
1218 4601 1368 4683 ἔχειν
1453 4604 1592 4677 ὑμᾶς
1647 4604 1783 4680 μετᾶ
1835 4606 1932 4672 τὴν

265 4694 414 4771 δμῆν
444 4691 642 4774 ἔξοδον,
672 4692 774 4760 τῆν
816 4692 1015 4750 τούτων
1074 4694 1297 4769 μνήμην
1359 4695 1653 4756 ποιεῖσθαι,
1689 4693 1934 4751 Τωτὲστι

1998 3259 2397 3322 formidabilia
2427 3271 2592 3323 erant
2606 3261 2830 3341 judiris
2850 3263 3320 3334 tribunali.nunc
3343 3267 3520 3326 etiam
3546 3282 3655 3346 per

2003 3351 2153 3412 bona
2176 3350 2375 3428 dirigit
2397 3350 2705 3413 introitum
2724 3351 2795 3413 ad
2811 3362 3102 3416 aeternum
3122 3354 3358 3418 Domini
3376 3372 3622 3432 regnum
3636 3401 3650 3415 .

2006 3465 2031 3493 «
2066 3438 2325 3501 Tametsi
2358 3442 2580 3502 sciatis.
2616 3466 2641 3496 »
2676 3441 2814 3502 554
2846 3440 2931 3503 Ne
2983 3442 3056 3504 de
3108 3443 3334 3505 eisdem
3370 3443 3656 3505 continue

2000 3528 2311 3591 videantur
2358 3530 2691 3604 admoneri,
2748 3539 3023 3612 tanquam
3075 3531 3376 3613 redarguti
3406 3532 3563 3613 quod
3594 3532 3659 3594 in

2004 3617 2123 3679 otio
2152 3619 2324 3680 vitam
2360 3620 2665 3697 degant,et
2699 3623 2776 3681 ita
2805 3622 3441 3702 contristentur,hujus
3469 3622 3661 3700 gratia

2003 3706 2302 3788 subjungit
2336 3726 2348 3771 :
2377 3706 2639 3769 Tametsi
2699 3708 2903 3770 sciatis
2955 3718 3014 3770 et
3057 3711 3387 3772 conﬁrmati
3436 3711 3568 3772 sitis
3596 3710 3661 3772 in

2006 3806 2286 3877 prasenti
2316 3797 2438 3858 veri
2450 3805 2581 3858 tate.
2593 3797 2845 3860 Causam
2861 3806 3056 3859 autem
3079 3799 3341 3859 reddens
3356 3797 3662 3861 continua

2015 3884 2770 3965 admonitionis,subjunxit
2793 3887 2950 3967 quod
2982 3887 3162 3949 sciret
3189 3886 3352 3949 brevi
3403 3888 3661 3950 futuram

2017 3994 2148 4039 esse
2176 3977 2606 4039 absolutionem
2631 3977 2702 4039 ab
2737 3979 2843 4039 hoc
2862 3996 2968 4038 suo
2993 3976 3439 4057 corpore.Quod
3464 3986 3663 4041 autem

2014 4066 2571 4146 subinl‘erlur,puta:
2587 4067 2783 4128 «Dabo
2811 4076 3005 4129 autem
3021 4086 3262 4147 operam
3279 4077 3336 4129 et
3356 4086 3481 4131 sem
3491 4087 3660 4150 per,»

2018 4156 2288 4217 nonnulli
2322 4176 2428 4237 per
2472 4155 2835 4236 hyperbaton
2886 4156 3227 4236 intelligunt
3270 4157 3384 4218 hoc
3431 4155 3611 4219 modo
3646 4175 3663 4218 :

2018 4245 2177 4310 Dabo
2221 4256 2415 4308 autem
2466 4264 2707 4326 operam
2756 4255 2813 4307 et
2863 4255 2995 4327 post
3038 4265 3235 4309 meum
3280 4246 3529 4327 exitum,
3563 4263 3669 4308 vos

2016 4336 2236 4397 habere
2255 4354 2377 4396 sem
2387 4355 2489 4416 per
2499 4336 2623 4397 sive
2645 4335 2840 4397 indies
2855 4346 2912 4397 et
2927 4336 3208 4398 continue
3223 4336 3432 4398 horum
3450 4354 3672 4397 memo-

2015 4425 2200 4486 riam:
2229 4426 2490 4487 volentes
2520 4443 2589 4487 ex
2630 4426 2742 4487 hoc
2766 4424 3106 4500 ostendere,
3139 4424 3295 4506 quod
3329 4424 3507 4487 etiam
3540 4429 3673 4506 post

1507 4512 1647 4570 οὕτω
1702 4516 1874 4571 νοοῦσι
1911 4535 1916 4548 '

2017 4523 2264 4575 mortem
2315 4513 2505 4576 sancti
2557 4533 2765 4575 eorum
2822 4514 3225 4577 meminerunt
3276 4533 3409 4596 quas
3438 4513 3534 4575 hic
3565 4531 3671 4595 pro

2017 4602 2344 4664 viventibus
2376 4602 2906 4683 perfecerunt.Alii
2956 4621 3095 4665 vero
3144 4602 3502 4684 simpliciter
3550 4609 3672 4663 tra-

2020 4701 2245 4753 ctantes
2274 4692 2421 4753 illud
2454 4692 2702 4765 dictum,
2734 4693 2813 4754 ita
2850 4691 3226 4771 intelligunt:
3264 4691 3430 4755 Dabo
3470 4690 3673 4754 autem

266 4784 355 4862 μῆ
383 4783 695 4860 θαυμάζετε,
729 4780 865 4858 μηδὲ
915 4782 1047 4862 βαρὺ
1077 4784 1300 4861 ἡγεῖσθε
1340 4784 1442 4850 τῆν
1499 4780 1757 4864 ἐνδελεχῆ
1819 4804 1916 4863 περ

2022 4800 2261 4863 operam
2297 4790 2355 4843 et
2376 4799 2615 4861 semper
2639 4781 2864 4843 habere
2892 4798 2997 4842 vos
3029 4789 3155 4861 post
3214 4799 3412 4842 meum
3443 4779 3671 4843 exitum

268 4878 385 4930 τῶν
439 4871 613 4929 αὐτῶν
663 4873 796 4946 ὑμῖν
875 4870 1256 4951 καταγγελίαν,
1342 4870 1415 4929 Οὖ
1483 4871 1583 4951 γὰρ
1651 4873 1934 4951 κατάγνω-

278 4984 369 5019 σιν
412 4962 559 5038 ὑμῶν
590 4961 841 5038 ἀμαθείας
883 4959 1029 5043 ἔχων
1069 4971 1226 5020 τοῦτο
1267 4965 1428 5036 ποιῶ,
1489 4958 1627 5018 ἀλλά
1667 4966 1736 5039 τῇ
1806 4985 1934 5019 συν-

274 5055 435 5135 εχείᾳ
484 5056 586 5123 τῆς
641 5056 761 5133 περὶ
815 5055 1017 5113 τσύτων
1081 5052 1439 5130 διδασκαλίας,
1534 5050 1767 5130 ἔμμονον
1846 5044 1935 5112 καῖ

270 5143 665 5218 ἀμετακίνητον
720 5146 849 5220 ὑμῖν
920 5144 1205 5224 ἐργάζομαι
1283 5143 1384 5212 τὴν
1452 5142 1656 5200 τούτων
1710 5141 1932 5210 ἀντίλη-

274 5237 396 5309 ψιν,
426 5233 500 5297 ὥς
555 5230 644 5306 ἂν,
696 5233 901 5298 τούτοις
956 5230 1353 5311 βεϐαιωθέντες,
1426 5229 1596 5312 ἔχητε
1657 5233 1743 5289 καὶ
1800 5234 1933 5308 μετά

272 5321 377 5386 τὴν
408 5320 546 5399 ἐμὴν
594 5319 884 5380 ἀποϐίωσιν
941 5321 1118 5403 ἔνηχα
1173 5324 1262 5381 καὶ
1319 5319 1665 5387 ἀνεξάλειπτα
1710 5323 1777 5379 τὰ
1817 5323 1934 5402 περὶ

275 5410 481 5468 τούτων
510 5408 829 5491 διδάγματα.

365 5522 395 5556 ι
456 5502 531 5560 (ὶῦ
582 5500 684 5580 γὰρ
740 5502 1144 5583 σεσοφισμένοις
1214 5501 1392 5579 μύθοις
1478 5497 1935 5572 ἐξακολουθήσαν-

272 5609 367 5655 τες
429 5588 793 5670 ἐγνωρίσαμεν
843 5593 974 5668 ὑμῖν
1029 5592 1130 5661 τὴν
1213 5598 1305 5648 τοῦ
1366 5589 1553 5669 Κυρίου
1608 5590 1764 5665 ἡμῶν
1820 5587 1937 5658 ’1η-

277 5682 377 5739 σοῦ
457 5686 686 5760 Χριστοῦ
748 5680 965 5760 δύναμιν
1060 5685 1150 5742 καὶ
1229 5679 1539 5763 παρουσίαν,
1637 5678 1757 5738 ἀλλ’
1836 5681 1939 5740 ἐπ-

729 5853 988 5917 Punoc.
1036 5856 1149 5917 Gn.
1196 5851 1406 5915 CXIX.

2023 4879 2084 4933 ut
2118 4872 2328 4933 horum
2362 4870 2584 4932 mentio
2617 4871 2717 4932 ﬁat
2741 4892 2754 4929 :
2778 4872 2889 4932 hoc
2919 4878 3114 4943 est,ne
3146 4868 3678 4951 miremini,nequo

2017 4978 2254 5040 gravem
2286 4960 2515 5021 ducatis
2537 4959 2838 5022 assiduam
2862 4960 2938 5023 de
2960 4960 3052 5021 his
3079 4959 3211 5021 ﬁeri
3231 4956 3399 5021 vobis
3428 4956 3679 5020 mentio-

2018 5048 2319 5114 nem.Non
2333 5048 2491 5111 enim
2512 5049 2923 5112 condemnans
2947 5049 3273 5112 ruditatem
3286 5056 3539 5110 vestram
3562 5048 3678 5110 hoc

2019 5142 2191 5216 facio,
2216 5141 2321 5202 sed
2348 5159 2454 5221 per
2487 5141 2828 5202 continuam
2853 5140 3038 5203 dehis
3065 5139 3426 5215 doctrinam,
3461 5157 3677 5221 perse-

2017 5249 2231 5293 verans
2243 5238 2301 5292 et
2317 5229 2625 5291 immobile
2642 5230 2810 5293 vobis
2822 5230 3077 5293 exhibeo
3089 5229 3300 5292 horum
3315 5227 3676 5311 subsidium,

2016 5329 2081 5383 ut
2110 5320 2202 5382 his
2233 5319 2597 5395 conﬁrmati,
2626 5319 2897 5382 habeatis
2925 5321 3107 5383 etiam
3141 5327 3274 5405 post
3315 5337 3515 5381 meum
3569 5317 3680 5380 ob-

2019 5410 2163 5472 itum
2198 5408 2382 5470 vivam
2414 5426 2483 5470 ac
2513 5408 2905 5472 indelebilem
2955 5410 3030 5472 de
3051 5409 3146 5472 his
3170 5407 3527 5471 doctrinam.

2099 5497 2182 5577 1,1
2195 5499 2326 5562 6-?l
2345 5496 2498 5562 .Non
2526 5498 2691 5560 enim
2713 5507 2847 5560 arte
2862 5501 3223 5581 compositas
3242 5497 3489 5576 fabulas
3505 5513 3683 5561 secu-

2024 5593 2310 5665 ti,notam
2334 5587 2500 5651 vobis
2518 5589 2775 5668 ferimus
2799 5589 3055 5652 Domini
3071 5588 3269 5651 nostri
3290 5585 3437 5651 Jesu
3454 5582 3686 5651 Christi

2021 5680 2310 5742 virtutem
2338 5684 2397 5741 et
2425 5677 2749 5761 adventum
2798 5678 2905 5755 sed
2942 5682 3060 5763 qui
3100 5678 3289 5741 oculis
3313 5677 3540 5740 nostris
3572 5690 3688 5739 as-

3189 5844 3261 5910 19
