4106 6420
194 432 307 498 589

1224 433 1622 499 COMMENT.
1670 428 1752 491 IN
1795 425 2041 493 EPIST.
2088 432 2145 492 ΙΙ
2187 432 2246 493 s.
2295 405 2547 494 PETRI.

3454 406 3586 488 ‘590

197 570 382 645 μένων,
430 568 464 626 ἃ
503 569 591 627 καὶ
619 568 825 648 ἡμέραν
866 567 1109 646 ἐκάλεσε,
1155 575 1333 650 σοφῶς
1362 567 1492 648 ἄγαν
1536 572 1603 644 τῇ
1668 562 1840 645 τροπῇ

1924 563 2257 641 appellavit.
2272 564 2419 626 scite
2438 563 2763 627 admodum
2780 564 2838 626 in
2853 572 3020 646 tropo
3040 564 3591 646 permanensDixit

195 659 482 734 ἑπιμεινας,
555 659 689 727 (εἷπε
740 659 840 738 γὰρ
892 657 1092 738 λύχνον
1124 659 1210 715 οιαὶ
1313 657 1475 714 τόπον
1525 655 1831 735 αὒχμηρὸν,

189 751 299 816 ἦτοι
328 745 539 827 ζοφώδη
581 749 669 804 καὶ
699 749 993 817 σκοτεινὸν,
1027 746 1194 827 ὅσπερ
1267 748 1356 804 καὶ
1424 749 1457 827 ᾗ
1516 744 1599 811 νύξ
1671 741 1830 822 ἐστι.)

194 835 342 893 Νυκτὶ
397 826 451 890 δὲ
508 833 656 911 πάσῃ
705 834 883 914 ημέρα
954 833 1303 892 ἐπακολουθεῖ
1336 852 1349 865 ⁸
1427 826 1657 913 Ἡμέρας
1720 834 1831 903 οὖν,

193 925 333 1003 φησὶ,
393 923 848 1005 παραγινομένης,
964 928 1060 992 τῆς
1121 924 1228 981 τῶν
1285 923 1612 1002 πραγμάτων
1696 918 1837 998 λέγω

190 1012 490 1092 παρουσίας,
520 1010 660 1079 ἕξετε
707 1014 800 1070 τὸν
850 1014 1134 1093 φωσφόρον
1190 1010 1540 1068 ἀνατέλλοντα
1591 1010 1645 1066 ἒν
1715 1021 1836 1070 ταῖς

193 1101 416 1181 καρδίαις
468 1104 641 1177 ὖμῶν,
702 1102 994 1181 (τουτέστι,
1054 1101 1153 1169 τὴν
1201 1106 1292 1157 τοῦ
1341 1098 1564 1180 Χριστοῦ
1617 1103 1833 1177 γνῶσιν,

196 1191 309 1260 ἢτοι
378 1191 479 1259 τὴν
542 1192 830 1272 παρουσίαν
901 1189 1062 1247 αὐτοῦ
1129 1211 1229 1249 την
1299 1186 1841 1269 προκατηγγελμένην

199 1282 291 1338 δπὸ
317 1283 425 1338 τῶν
452 1279 796 1362 προφτ,τῶν,)
824 1280 911 1336 καὶ
939 1281 1012 1343 ὡς
1059 1284 1169 1357 φῶς
1226 1277 1418 1345 ἀληθὲς
1475 1278 1571 1343 τὰς
1628 1274 1839 1356 καρδίας

196 1371 334 1446 ὑμῶν
391 1367 843 1450 ἑλλαμπρόνονταῖ
939 1367 1079 1426 Εἶτα
1149 1367 1335 1446 ἐπάγει
1394 1365 1838 1445 ἐπεξηγούμενος,

196 1456 273 1515 διὰ
311 1458 363 1515 τί
390 1460 438 1516 οἱ
465 1463 733 1540 προφῆται
807 1458 874 1514 τὰ
914 1456 999 1514 ὑπ’
1062 1461 1234 1516 αὐτῶν
1276 1456 1525 1535 εἰρημένα
1580 1456 1682 1534 οὔχ
1738 1456 1840 1532 ἡρ-

198 1550 479 1624 μήνευσαν,
515 1547 624 1624 ἅμα
698 1546 754 1603 δὲ
803 1548 891 1604 καὶ
945 1544 1191 1626 διακρίνει
1247 1547 1347 1613 την
1389 1544 1564 1613 ἀληθῆ
1621 1565 1838 1624 προφη-

195 1637 326 1694 τείαν
397 1644 504 1702 τῶς
558 1633 931 1713 δαιμονιώδους
990 1638 1077 1691 καὶ
1132 1633 1400 1708 πλαστῆς,
1471 1632 1589 1702 ἥτις
1645 1634 1734 1690 καὶ
1785 1633 1838 1688 έν

196 1740 302 1789 τοῖς
343 1727 633 1806 αἰρετικοϊς
682 1724 965 1804 ἐνεργοῦσα
1033 1721 1520 1799 καταλαμϐάνεται,
1580 1724 1669 1779 καί
1724 1745 1836 1802 φη-

196 1786 298 1889 σιν,
322 1786 415 1871 ὃτιι
445 1838 468 1869 ιι
508 1786 656 1871 Πᾶσα
712 1786 1006 1893 προφητεία
1062 1786 1298 1893 Γραφῆις,
1359 1786 1519 1876 ἰδίαςΙ
1547 1786 1835 1875 ἐπιλύσεως
1855 1786 1900 1840 Β

196 1904 248 1962 οὗ
287 1907 514 1984 γίνεται,
550 1927 577 1958 ι
622 1902 913 1976 τουτέστιν,
962 1900 1041 1958 ὅτι
1091 1899 1414 1979 λαμϐάνουσι
1446 1903 1542 1978 μὲν
1571 1902 1677 1958 ἀπὸ
1708 1906 1838 1957 Θεοῦ

196 1998 238 2052 οἱ
273 1996 542 2074 προφῆται
585 1993 685 2060 τὴν
757 1992 1102 2071 προφητείαν,
1182 1990 1305 2049 ἀλλ’
1365 1995 1468 2072 οὐχ
1512 1993 1585 2054 ὡς
1640 1990 1837 2046 ἐκεῖνοι

195 2083 486 2161 βώλονται,
543 2080 665 2138 ἀλλ’
724 2084 799 2145 ὡς
850 2083 911 2138 τὸ
978 2081 1154 2138 κινοῦν
1210 2081 1392 2147 αὐτούς
1448 2084 1590 2137 θεῖον
1635 2079 1839 2158 ἐνεργεῖ

198 2179 420 2248 Πνεῦμα.
486 2172 584 2228 Καὶ
642 2167 837 2246 ᾔδεσαν
891 2170 989 2246 μὲν
1046 2173 1133 2227 καὶ
1218 2171 1455 2226 συνίεσαν
1523 2171 1614 2226 τὸν
1666 2191 1837 2226 κατα-

194 2264 530 2339 πεμπόμενον
585 2262 770 2325 αὐτοῖς
880 2262 1208 2340 προφητικὸν
1266 2259 1452 2338 λόγον,
1538 2263 1598 2318 οὒ
1663 2258 1845 2335 μέντοι

190 2355 268 2409 καὶ
306 2354 405 2421 τὴν
448 2348 684 2407 ἐπίλυσιν
742 2351 901 2407 αὗτου
967 2350 1259 2411 ἐποιοῦντο.
1333 2352 1429 2408 Καὶ
1498 2349 1579 2406 ὅτι
1639 2352 1685 2407 οἱ
1741 2350 1845 2406 ἀπὸ

190 2443 315 2498 θείου
387 2441 760 2520 ἐνεργούμενοι
820 2442 1121 2518 Πνεόματος
1179 2444 1446 2520 προφῆται
1500 2438 1694 2516 ᾔδεσαν
1765 2442 1838 2504 ὡς

189 2531 285 2588 ἀπὸ
314 2538 453 2589 Θεοῦ
508 2530 914 2606 καταπέμπεται
971 2532 998 2587 ὁ
1069 2528 1226 2608 λόγος
1281 2530 1489 2609 αὒτοῖς,
1551 2527 1716 2597 δῆλον
1747 2530 1837 2611 ἀφ’

191 2624 258 2678 ὧν
296 2622 512 2684 ἑκόντες
585 2620 925 2700 ὑπούργουν,.
960 2622 1049 2677 καὶ
1074 2621 1106 2675 ’6
1179 2618 1239 2676 ἂν
1290 2616 1476 2687 ἥθεϐον
1533 2619 1775 2693 ἐλάλουν,
1808 2620 1838 2676 ’o‘

189 2707 239 2767 δὲ
286 2722 363 2787 μὴ
428 2708 640 2789 ἤθελον,
720 2707 970 2766 ἑπιώπων
1003 2727 1017 2742 ·
1102 2711 1176 2769 ὡς
1262 2707 1444 2771 Ἰωνᾶς
1475 2711 1502 2765 ὁ
1557 2710 1836 2791 προφήτης

189 2799 603 2880 παραιτούμενος
654 2799 716 2854 τὸ
771 2798 1019 2878 κήρυγμα
1059 2803 1160 2865 τῆς
1203 2801 1385 2856 Νινευ⁸ι
1436 2819 1451 2831 ·
1497 2800 1585 2854 καὶ
1641 2802 1669 2855 ὁ
1726 2807 1834 2855 Βα-

192 2884 329 2961 λαὰμ
384 2882 888 2965 παραγγελλόμενος
978 2883 1212 2952 λαλῆσαι
1297 2886 1362 2941 τὰ
1433 2883 1838 2961 ὖποϐαλλόμενα

192 2975 345 3050 αὗτῷ,
385 2976 448 3031 οὒ
477 2974 587 3050 μὴν
616 2974 703 3030 καὶ
753 2975 800 3031 οἱ
861 2971 1313 3055 χευδοπροφῆται,
1382 2975 1418 3043 ἢ
1458 2975 1526 3031 τὰ
1568 2974 1840 3046 Ἐλλήνων

193 3078 444 3139 μαντεῖα.
497 3067 571 3122 Οὐ
624 3065 725 3144 γὰρ
775 3062 992 3145 ᾔδεσαν,
1049 3064 1103 3121 ἐν
1171 3071 1249 3139 τῷ
1302 3062 1645 3144 ἐνεργεῖσθαι,
1704 3063 1841 3121 ἀλλὰ

1920 651 2080 711 enim
2095 653 2399 714 lucernam
2415 662 2471 716 et
2490 654 2685 715 locum
2702 654 3025 715 obscurum
3049 653 3171 715 sive
3193 654 3583 733 caliginosum

1918 758 1985 800 ac
2002 742 2573 823 tenebrosum,quod
2601 754 2658 804 et
2677 763 2787 804 nox
2813 754 2926 805 est.
2959 743 3163 805 Cuivis
3193 754 3391 807 autem
3418 740 3581 805 nocti

1919 831 2186 894 succedit
2219 833 2370 893 dies.
2420 832 2528 894 Die
2558 833 2757 913 itaque
2799 833 3121 897 accedente
3173 834 3397 914 (rerum
3442 834 3579 896 dico

1920 922 2627 1004 praesentiamhabebitis
2644 922 2983 985 Luciferum
3002 923 3063 984 in
3074 923 3355 985 cordibus
3368 923 3580 986 vestris

1919 1010 2331 1073 exorientem:
2368 1013 2482 1073 hoc
2527 1021 2636 1088 est,
2693 1011 2912 1074 Christi
2974 1012 3397 1095 cognitionem,
3450 1013 3576 1075 sive

1921 1098 2104 1179 ipsius
2140 1101 2513 1180 praesentiam
2548 1121 2615 1163 ac
2649 1101 2963 1163 adventum
2997 1120 3031 1163 a
3076 1101 3380 1183 prophetis
3424 1121 3579 1183 prae-

1923 1188 2282 1270 nuntiatum,
2318 1200 2375 1252 et
2407 1199 2685 1271 tanquam
2721 1210 2917 1252 veram
2953 1192 3144 1252 lucem
3177 1191 3356 1254 corda
3387 1199 3580 1254 vestra

1922 1274 2341 1357 illustrantem.
2390 1278 2617 1340 Deinde
2662 1278 2997 1340 enarrando
3044 1279 3351 1359 subjungit
3399 1298 3584 1362 quare

1924 1382 2051 1444 pro,
2078 1366 2230 1428 hetae
2252 1385 2357 1428 sua
2381 1368 2536 1430 dicta
2551 1388 2667 1429 non
2693 1368 2912 1429 fuerint
2952 1368 3323 1448 interpretati
3356 1391 3371 1431 :
3398 1368 3577 1432 simul

1922 1458 2420 1518 autemdiscernit
2441 1478 2675 1539 quoque
2698 1477 2892 1520 veram
2915 1459 3284 1539 prophetiam
3310 1478 3343 1520 a
3363 1460 3582 1522 daemo-

1922 1546 2091 1605 niaca
2112 1556 2168 1605 et
2192 1547 2345 1622 ﬁcta,
2373 1566 2505 1628 quae
2540 1547 2600 1609 in
2635 1548 2933 1609 haereticis
2975 1547 3208 1626 operari
3234 1548 3579 1629 deprehen-

1922 1631 2102 1707 ditur,
2138 1644 2195 1696 et
2225 1635 2324 1695 ait:
2341 1660 2366 1691 α
2395 1636 2606 1697 Omnis
2630 1638 2981 1717 prophetica
3002 1634 3306 1716 Scriptura
3327 1639 3583 1719 propria

1922 1723 2044 1786 sive
2073 1726 2305 1805 privatae
2326 1748 2444 1789 non
2467 1737 2554 1790 est
2579 1728 3110 1809 interpretationis.
3126 1727 3285 1790 vHoc
3309 1738 3420 1805 est,
3446 1749 3580 1810 pro-

1921 1814 2180 1893 phetiam
2200 1816 2443 1895 quidem
2471 1835 2504 1876 a
2527 1816 2646 1877 Deo
2675 1816 2977 1897 accipiunt
3014 1818 3342 1898 prephetae,
3363 1828 3420 1880 at
3453 1838 3573 1882 non

1919 1912 1982 1963 ut
2011 1903 2095 1964 illi
2128 1905 2347 1979 volunt,
2384 1906 2487 1967 sed
2514 1905 2669 1966 sicut
2691 1904 2926 1967 divinus
2966 1904 3220 1984 Spiritus
3250 1906 3412 1987 ipsos
3444 1927 3573 1969 mo-

1918 1992 2109 2053 vendo
2127 2003 2441 2073 operatur:
2472 2004 2525 2055 et
2549 2003 2838 2055 noverunt
2865 2012 3009 2055 sane
3047 2013 3116 2056 ac
3156 1994 3578 2059 intellexerunt

1919 2081 2246 2143 demissum
2278 2083 2350 2143 ad
2387 2084 2548 2162 ipsos
2576 2082 2988 2164 propheticum
3022 2101 3389 2158 sermonem,
3423 2093 3577 2147 atta-

1933 2189 2069 2232 men
2100 2171 2285 2252 ipsius
2317 2173 2860 2252 interpretationem
2896 2190 3012 2235 non
3061 2172 3375 2239 faciebant.
3409 2175 3577 2249 Quod

1929 2268 2126 2322 autem
2163 2262 2465 2342 prophetae
2498 2261 2695 2323 divino
2720 2263 2832 2323 acti
2861 2260 3084 2343 Spiritu
3119 2274 3406 2327 noverunt
3436 2284 3581 2347 quo-

1932 2350 2105 2413 modo
2124 2369 2157 2411 a
2186 2350 2307 2412 Deo
2337 2350 2633 2413 demissus
2663 2351 2740 2412 sit
2770 2351 2840 2412 ad
2860 2369 2963 2412 eos
2990 2350 3348 2432 Spiritus,ex
3375 2373 3444 2416 eo
3460 2373 3585 2416 ma-

1931 2440 2203 2501 nifestum
2237 2448 2324 2503 est
2354 2443 2507 2520 quod
2535 2439 2793 2501 ultronei
2828 2440 3454 2519 subministrabant,et
3484 2444 3577 2505 lo~

1923 2528 2255 2610 quebantur
2286 2530 2440 2609 quod
2476 2528 2776 2605 volebant,
2828 2529 2996 2608 'quod
3050 2539 3243 2591 autem
3301 2532 3582 2595 nolebant

1924 2616 2225 2679 tacebant:
2251 2618 2758 2699 quemadmodum
2784 2620 2965 2679 Jonas
2979 2620 3266 2699 propheta
3296 2640 3583 2684 recusans

1923 2707 2247 2787 praedicare
2275 2709 2331 2767 in
2365 2705 2572 2769 Ninive
2596 2708 2662 2767 3:
2688 2714 2747 2768 et
2769 2707 3008 2769 Balaam
3030 2707 3063 2758 9
3088 2727 3154 2770 ea
3190 2709 3351 2791 loqui
3377 2711 3584 2791 jussus

1921 2813 2052 2877 quae
2081 2795 2193 2856 sibi
2239 2794 2952 2875 suggererentur.Verum
2998 2797 3055 2857 id
3107 2818 3224 2859 non
3283 2799 3583 2863 habebant

1923 2885 2454 2966 pseudoprophetae
2501 2895 2604 2948 aut
2653 2884 2996 2948 Graecorum
3028 2887 3301 2950 vaticinia
3334 2906 3348 2952 :
3386 2909 3582 2972 neque

1923 2975 2081 3036 enim
2116 2976 2551 3053 cognoscebant
2581 2975 2719 3035 dum
2756 2974 3147 3053 agitarentur,
3195 2978 3298 3039 sed
3351 2980 3583 3042 insania

1921 3064 2209 3125 vecordes
2263 3065 2480 3137 elfecti,
2516 3063 2869 3143 ignorabant
2919 3065 3059 3145 quid
3106 3065 3220 3127 sibi
3251 3068 3574 3151 accideret,

189 3154 341 3228 μανίᾳ
399 3153 673 3232 γινόμενοι
731 3153 1025 3233 παράφοροι
1079 3152 1306 3233 ἠγτόουν
1362 3155 1391 3210 ὃ
1443 3152 1713 3235 ἓπασχον,
1767 3157 1836 3217 ὡς

1925 3160 2201 3233 tanquam
2218 3152 2389 3216 ebrii.
2402 3151 2600 3215 Sancti
2616 3154 2815 3234 itaque
2828 3155 3397 3234 prophetae,veteres
3415 3157 3574 3235 dico,

189 3245 231 3299 οἱ
259 3243 561 3318 μεθύοντες.
600 3243 661 3300 Οἱ
718 3241 896 3317 μέντοι
967 3241 1108 3321 ἅγιοι
1169 3247 1456 3323 προφῆται,
1518 3245 1565 3300 οἷ
1622 3242 1839 3301 παλαιοί

188 3355 346 3414 φημι,
379 3332 575 3412 καίπερ
603 3329 823 3410 εἰδότες,
866 3335 926 3391 οὔ
977 3333 1163 3413 χρείαν
1194 3332 1354 3412 εἶχον
1423 3331 1704 3409 ἐμηνεόειν
1771 3334 1838 3390 τὰ

184 3420 266 3478 ὑπ’
325 3421 528 3494 αὐτῶν,
612 3418 732 3478 ἀλλ’
818 3420 1012 3501 ’ἑτέροις
1068 3419 1342 3489 διηκόνουν
1393 3429 1580 3480 ταῦτα.
1646 3414 1833 3503 (Ἠμτν

355 3500 523 3587 ιἈμα
551 3508 606 3567 δὲ
663 3512 750 3567 καὶ
799 3500 913 3567 ’ίναί
945 3510 1173 3589 λανθάνῃ
1215 3513 1251 3579 ἡ
1307 3520 1400 3571 τοῦ
1458 3500 1665 3592 Κυρίου
1699 3534 1840 3592 παρ-

187 3601 353 3681 ουσία,
417 3601 506 3657 καὶ
562 3600 641 3675 μὴ
727 3597 1128 3667 ἐπιϐουλεύηται
1214 3602 1345 3678 πρὸς
1429 3607 1535 3656 τῶν
1611 3599 1836 3664 ἀσεϐῶν,

186 3686 667 3766 Ἐπιϐουλευομένη
740 3689 837 3766 μὲν
934 3690 1035 3768 γὰρ
1091 3686 1317 3758 ἠδύνατο
1406 3691 1493 3747 καὶ
1549 3688 1839 3770 διδράσκειν

184 3775 263 3835 διὰ
316 3779 421 3846 τῆς
475 3775 837 3859 νυπερϐλήτου
898 3786 990 3835 τοῦ
1040 3779 1171 3836 Θεοῦ
1228 3777 1520 3855 δυνάμεως.
1581 3778 1729 3837 Ἀλλ’
1756 3783 1836 3838 εὶ-

184 3868 295 3944 κὸς,
342 3867 513 3925 ἕνίοτε
554 3866 639 3925 διὰ
665 3865 972 3948 παραδόξων
1021 3874 1120 3937 τῆς
1153 3868 1430 3949 ἀποφυγῆς
1487 3868 1833 3945 τελουμένης,

183 3956 249 4023 ὡς
304 3954 603 4038 τερατωδες
647 3955 787 4023 ’έδοξε
828 3959 890 4014 τὸ
957 3956 1274 4035 τελούμενον
1342 3958 1438 4026 τῆς
1495 3958 1836 4038 ἐνανθρωπή-

183 4069 338 4113 πως.
376 4050 477 4108 Καὶ
535 4048 617 4107 ὅτι
678 4048 872 4118 Usum;
916 4058 1090 4122 τοῦτο,
1151 4047 1312 4119 δῆλον
1354 4050 1461 4106 ἀπὸ
1505 4051 1608 4107 τῶν
1660 4051 1714 4107 ἐν
1769 4058 1838 4129 τῇ

183 4137 285 4212 Νέᾳ
325 4144 640 4218 προφητῶν,
687 4137 743 4195 οἵ
776 4140 863 4196 καὶ
895 4138 1212 4219 ἦρμήνεοον,
1273 4138 1486 4202 ἑαυτοὺς
1544 4140 1838 4220 προφητεύ-

1919 3261 2254 3324 quanquam
2302 3242 2724 3322 intelligerent,
2782 3261 2899 3303 non
2948 3251 3139 3304 tamen
3195 3245 3577 3328 interpretari

1919 3331 2253 3393 debuerunt
2269 3352 2399 3413 quae
2422 3332 2953 3412 praedixerunt.sed
2983 3334 3108 3394 haee
3124 3334 3257 3395 aliis
3281 3336 3574 3398 ministra-

1925 3419 2085 3495 bant,
2114 3430 2249 3502 puta
2267 3422 2460 3484 nobis.
2493 3420 2676 3482 Simul
2704 3439 2943 3502 quoque
2976 3433 3040 3484 ut
3096 3423 3309 3486 lateret
3339 3425 3574 3487 Domini

1923 3509 2349 3591 adventus,nec
2383 3519 2731 3591 pararentur
2761 3511 2845 3572 illi
2881 3510 3115 3574 insidia!
3143 3513 3217 3575 ab
3243 3514 3575 3595 impiis.Si—

1923 3599 2162 3679 quidem
2184 3600 2358 3661 etiam
2382 3600 2931 3680 insidiisappetitus
2958 3609 3187 3680 poterat
3213 3604 3456 3683 quidem
3480 3607 3577 3666 in-

1922 3687 2245 3767 superabili
2276 3687 2381 3749 Dei
2402 3689 2666 3768 potentia
2691 3690 2986 3767 etfugere:
3016 3690 3119 3751 sed
3147 3692 3470 3754 verisimile
3487 3701 3582 3756 est

1921 3777 2076 3857 quod
2108 3778 2383 3839 evasione
2413 3777 2713 3838 interdum
2747 3779 2914 3838 miris
2946 3779 3139 3839 modis
3169 3782 3572 3861 contingente,

1922 3873 2198 3946 tanquam
2233 3866 2733 3947 prodigiosefacta
2757 3867 3580 3946 apparuissetincarnatio.Et

1920 3957 2073 4035 quod
2100 3956 2213 4017 hoc
2248 3974 2455 4016 verum
2510 3956 2586 4015 sit
2634 3973 2700 4016 ex
2739 3955 3045 4035 prephatis
3094 3967 3340 4037 apparet
3381 3959 3576 4040 quiin

1918 4043 2078 4106 Novo
2109 4045 2276 4107 fuere
2306 4044 2708 4117 Testamento,
2742 4045 2844 4124 qui
2875 4052 3058 4106 etiam
3084 4045 3574 4128 interpretaban-

1922 4143 2016 4195 tur
2054 4135 2285 4213 seipsos
2326 4137 2467 4196 dum
2516 4130 2966 4216 prophetarent,
3001 4155 3337 4216 quanquam
3365 4138 3576 4200 nonin

181 4251 346 4307 οντες,
382 4230 431 4286 εἰ
488 4231 578 4287 καὶ
660 4231 897 4312 πάντως,
959 4232 1032 4297 ὡς
1090 4229 1301 4294 Παῦλος
1357 4232 1385 4286 ὁ
1456 4233 1599 4294 θεῖος
1657 4232 1712 4287 ἐν
1766 4239 1835 4309 τῇ

1923 4224 2222 4305 omnibus,
2255 4221 2759 4303 quemadmodum
2782 4224 2954 4286 divus
2986 4224 3206 4285 Paulus
3252 4226 3451 4307 priore
3503 4228 3576 4288 ad

182 4322 307 4397 πρὸς
364 4320 664 4399 Κορινθίους
763 4320 949 4400 πρώτῃ
1003 4320 1184 4400 φησίν.
1267 4320 1339 4377 Οὔ
1417 4320 1518 4398 γὰρ
1574 4324 1639 4388 ῆν
1694 4324 1835 4386 τινὸς

1923 4313 2265 4376 Corinthios
2320 4313 2579 4393 Epistola
2625 4312 2762 4373 557
2810 4312 2955 4374 dicit
3005 4315 3083 4391 l0;
3130 4334 3245 4377 non
3281 4317 3438 4379 enim
3474 4317 3581 4378 hu-

182 4410 424 4466 τοιούτου
453 4409 650 4485 ὑποψία
700 4409 754 4466 ἐν
813 4417 884 4485 τῇ
939 4408 1054 4482 νέᾳ.
1118 4406 1283 4467 Ἀλλὰ
1334 4411 1422 4465 καὶ
1492 4408 1573 4466 ὅτι
1638 4415 1732 4471 οὐκ
1761 4410 1838 4477 ἐξ·

1923 4403 2181 4483 jusmodi
2211 4403 2406 4483 aliqua
2437 4402 2698 4481 suspicio
2732 4411 2857 4463 erat
2900 4403 2959 4463 in
3011 4422 3160 4466 novo
3195 4413 3573 4468 testamento.

185 4499 456 4576 ιστάμενοι
552 4473 601 4556 ei
676 4473 948 4581 προφῆται
1012 4473 1449 4578 ’ἐχρησμῴδουη
1534 4497 1696 4569 δῆλον
1750 4473 1838 4559 καὶ

1923 4473 2217 4555 Praeterea
2237 4473 2393 4572 qu'od
2428 4473 2724 4571 non'rapti
2744 4500 2910 4553 extra
2939 4511 3005 4553 se
3035 4495 3344 4574 prophetae
3372 4496 3574 4557 vatici-

184 4596 362 4651 τοῦτο.

1925 4593 2229 4655 narentur,
2255 4566 2331 4643 ex
2363 4599 2433 4641 eo
2465 4566 2705 4660 quoque
2724 4566 3102 4643 manifestum
3140 4566 3247 4645 est.

264 4675 355 4743 Ἐξ
442 4676 557 4742 ἰνὸς
613 4677 714 4757 γὰρ
768 4678 1072 4752 πνεύματος
1148 4676 1586 4758 προφητευόντων
1627 4683 1734 4733 τῶν
1788 4677 1841 4733 ὲν

2005 4671 2149 4735 Nam
2169 4688 2301 4732 cum
2328 4688 2444 4730 uno
2468 4669 2676 4749 spiritu
2710 4672 3139 4751 prophetarent
3172 4673 3348 4752 quiin
3378 4672 3577 4735 Veteri

186 4770 253 4842 τῇ
284 4764 500 4839 Παλαιᾷ
524 4768 614 4824 καὶ
654 4772 725 4838 τῆ
758 4765 884 4840 Νέᾳ,
917 4767 1076 4847 φησὶν
1120 4768 1148 4823 ὃ
1191 4764 1398 4830 Παῦλος
1426 4781 1440 4796 ⁶
1474 4765 1599 4824 Ἐὰν
1627 4765 1682 4823 δὲ
1712 4766 1841 4824 ἀπο-

1923 4762 2303 4825 Testamento
2336 4767 2595 4831 erant,et
2631 4761 2730 4839 qui
2774 4760 2834 4820 in
2857 4759 3039 4835 Novo,
3070 4763 3217 4823 dicit
3242 4763 3489 4824 Paulus:
3514 4761 3578 4825 Si

186 4852 427 4935 καλυφθῇ
470 4854 617 4931 ἄλλῳ
672 4855 978 4932 καθημένῳ,
1013 4858 1042 4913 ὁ
1107 4862 1315 4937 πρῶτος
1382 4856 1606 4935 σιγάτω.
1669 4859 1840 4938 Σαφὲς

1923 4862 2119 4914 autem
2151 4850 2252 4913 alii
2282 4848 2517 4911 sedenti
2548 4849 2872 4911 revelatum
2909 4851 3110 4926 fuerit,
3146 4852 3310 4932 prior
3356 4860 3573 4915 taceat.

187 4942 286 5021 γὰρ
328 4943 392 5000 ἐκ
421 4945 606 5002 τούτου
657 4943 738 5001 ὅτι
796 4943 851 5001 ἒν
907 4952 984 5022 τῷ
1050 4946 1188 5003 κατὰ
1255 4946 1404 5026 φύσιν
1464 4946 1733 5021 ἱστάμενοι
1765 4937 1841 5004 οἱ

1924 4940 2005 5003 Ex
2039 4961 2109 5003 eo
2133 4941 2290 5002 enim
2336 4937 2710 4998 manifestum
2737 4947 2826 5001 est
2864 4942 3020 5020 quod
3058 4941 3120 5001 in
3171 4959 3277 5002 sua
3324 4940 3581 5003 naturali

186 5036 453 5112 προφῆται
511 5035 600 5091 καὶ
673 5033 956 5113 συνιέντες,
1033 5033 1243 5101 ἑκόντες
1290 5036 1671 5115 προφεήτευον.
1749 5037 1841 5093 Διὸ

1929 5030 2313 5094 consistentia
2323 5035 2745 5109 permanentes
2769 5030 3161 5109 prophetaa,et
3177 5030 3580 5110 intelligentes

187 5120 273 5176 καὶ
328 5120 494 5179 ἄλλου
548 5122 899 5198 ἀνιστάμενου
962 5129 1057 5180 τοὺ
1117 5121 1558 5205 ἐμπνευσθέντος,
1622 5126 1651 5181 ό
1690 5133 1841 5205 πρῶ-

1932 5130 2142 5203 Sponte
2166 5117 2619 5202 prophetabant.
2656 5116 2796 5178 Ideo
2830 5119 3006 5180 etiam
3039 5120 3153 5182 alio
3175 5128 3456 5197 surgente
3486 5121 3582 5183 cui

188 5227 277 5270 τος
333 5207 515 5266 λαλῶν
568 5217 722 5290 σιγᾷν
778 5211 1137 5292 ἐπιτρέπεται.
1213 5202 1393 5292 ιὈτιτερ
1478 5214 1572 5270 οὒκ
1627 5209 1689 5269 ἅν
1735 5202 1848 5272 -ἐπὶ

190 5292 525 5381 μαινομένων
553 5299 696 5378 εὕροι
727 5322 832 5366 τις.
867 5307 989 5364 Πῶς
1019 5301 1120 5381 γὰρ
1166 5303 1434 5372 σιωπήσει
1489 5304 1517 5358 ὁ
1577 5292 1706 5379 μηδ’
1735 5307 1766 5360 δ
1794 5327 1844 5361 τι

190 5380 283 5462 δρᾷ
312 5385 714 5471 ὶπιστάμενοςς
771 5391 870 5448 Καὶ
911 5380 1214 5465 Πνεύματος
1272 5388 1327 5445 δὲ
1384 5390 1528 5447 εἶναι
1582 5392 1844 5472 ἐνέργειαν

190 5472 339 5551 ἆγίου
399 5476 453 5534 ἒν
515 5491 635 5545 τοῖς
688 5479 1011 5564 προφήταις,
1046 5480 1075 5534 ὁ
1132 5479 1289 5544 αὐτὸς
1389 5479 1593 5546 Παῦλος
1658 5484 1840 5564 φησὶν,

189 5561 328 5622 οὕτω
370 5564 540 5646 λέγων
573 5583 589 5598 ⁸
630 5587 655 5625 ι
698 5562 764 5649 ᾯ
804 5569 904 5645 μὲν
956 5565 1152 5625 δίδοται
1209 5568 1370 5648 λόγος
1428 5570 1610 5651 σοφίας
1791 5561 1846 5634 δὲ

1930 5212 2282 5294 inspiratum
2299 5206 2517 5287 est,qui
2538 5206 2699 5288 prior
2729 5208 3101 5288 loquebatur.
3140 5219 3338 5272 tacere
3362 5211 3582 5290 praeci—

1932 5303 2128 5385 pitur:
2160 5300 2320 5383 quod
2350 5299 2410 5358 in
2443 5296 2682 5358 furiosis
2710 5298 3217 5361 vatibusinvenire
3250 5318 3425 5361 nemo
3449 5318 3585 5380 pos-

1928 5389 2354 5465 set.Quomodo
2387 5386 2548 5448 enim
2579 5388 2797 5448 tacebit
2828 5388 2877 5448 is
2909 5388 3010 5469 qui
3043 5408 3118 5451 re
3149 5390 3310 5451 novit
3342 5389 3584 5470 quidem

1929 5483 2070 5565 quid
2114 5476 2443 5563 operetur?
2489 5475 2693 5540 Sancti
2724 5497 2962 5559 quoque
3002 5479 3261 5560 Spiritus
3281 5479 3582 5555 energiam

1929 5592 2063 5637 esse
2094 5574 2155 5635 in
2209 5567 2516 5653 prophetis
2540 5567 2670 5650 ipse
2705 5569 2921 5631 Paulus
2952 5569 3117 5645 dicit,
3154 5569 3233 5631 ita
3280 5568 3532 5651 loquens
3569 5585 3584 5631 :

270 5733 305 5785 ⁸
331 5730 523 5817 Iona,
556 5754 599 5822 ι,
633 5735 669 5803 3
753 5736 788 5789 9
817 5734 998 5803 Num.
1028 5753 1176 5820 xm,
1214 5736 1310 5803 l3.
1399 5737 1458 5790 ¹⁰
1486 5740 1510 5803 Ι
1543 5739 1679 5804 Cor.
1712 5742 1838 5830 xiv,
1867 5748 1971 5811 21.
