4106 6426
557 383 670 450 591

1692 379 2109 448 (ECUMENH
2152 374 2450 442 Τιιιοειιη]
2487 381 2822 461 EPISCOPI

3838 373 3973 444 592

563 541 586 576 ε
624 515 774 582 Huic
799 515 1041 601 quidem
1090 515 1262 580 datur
1307 535 1503 580 sermo
1550 516 1875 596 sapientiae,
1929 514 2030 576 alii
2059 533 2205 590 vero,

2298 516 2624 596 τρυφητείας.
2684 542 2708 572 ιι
2783 518 2948 577 Ἀλλὰ
3022 520 3111 578 καὶ
3185 521 3337 582 οὗτος
3414 515 3500 574 διὰ
3554 515 3960 601 προκειμένων,

556 624 754 670 sermo
779 606 1105 689 prophetiae
1127 608 1246 670 11.»
1283 609 1580 669 Praeterea
1609 613 1667 666 et
1698 605 1796 666 hic
1832 622 1936 684 per
1985 621 2056 665 ea
2083 623 2216 685 quae

558 697 738 760 modo
768 705 1203 778 proponuntur.
1243 722 1265 753 ιι
1297 694 1541 776 Accepit
1564 694 1723 756 enim
1757 713 1791 754 a
1820 695 1941 754 Deo
1979 695 2207 756 Patre.»

558 784 686 850 Hoc
739 785 1118 868 participium
1175 785 1351 844 λαϐὼν
1409 791 1508 848 aut
1557 784 1689 846 loco
1719 782 1884 845 verbi
1915 782 2213 844 indicativi

560 879 818 960 positum
846 884 938 937 est
963 873 1172 948 ἔλαϐεν,
1219 875 1333 937 hoc
1366 883 1477 952 est,
1521 872 1752 954 accepit
1787 890 1799 936 :
1837 871 2213 954 quandoqui-

559 964 698 1028 dem
716 965 877 1044 juxta
909 963 1201 1044 participii
1231 962 1724 1044 consequentiam
1748 980 1868 1023 non
1890 961 2216 1041 respondet

560 1051 941 1138 postmodum
959 1071 1180 1115 sermo.
1215 1051 1332 1116 Aut
1360 1052 1413 1115 si
1445 1053 1554 1114 boc
1580 1071 1696 1113 non
1723 1051 1942 1132 placet,
1971 1052 2077 1112 sed
2096 1049 2215 1110 vult

561 1141 856 1226 quispiam
889 1140 1162 1223 accipere
1208 1141 1382 1200 λαϐὼν
1431 1152 1708 1223 tanquam
1755 1140 1995 1221 proprie
2027 1138 2212 1219 parti-

2306 623 2330 660 ιι
2365 605 2552 663 Λαϐὼν
2608 609 2708 688 γὰρ
2765 610 2907 687 παρά
2963 617 3094 669 Θεοῦ
3150 609 3378 688 Πατρός.
3427 628 3456 668 ι
3517 617 3680 667 Τοῦτο
3733 609 3770 672 ἢ
3842 599 3972 662 ἀντὶ

2299 696 2558 774 Ιδριστικοῦ
2613 699 2850 776 ῥήματος
2905 698 3053 766 ἔταξε
3109 697 3312 777 λαϐὼν,
3384 697 3497 755 ἀντὶ
3581 703 3673 754 τοῦ
3741 693 3968 764 ἔλαϐεν,

2299 779 2448 842 Ἐπεὶ
2472 789 2551 863 μὴ
2595 789 2732 844 κατὰ
2761 790 2819 845 τὸ
2849 787 3136 846 ἀιόλουθον
3163 793 3260 856 τῆς
3293 793 3537 868 μετοχῆς
3599 788 3633 855 ἡ
3697 783 3963 849 ἀπόδοσις

2297 872 2528 950 φέρεται.
2597 883 2642 934 Η
2701 879 2744 933 εί
2800 877 2878 952 μή
2934 885 3110 951 τοῦτο,
3167 875 3408 954 βούλεται
3474 873 3529 932 δέ
3597 897 3679 939 τις
3737 873 3973 930 ἐνταῦθα

2297 957 2585 1037 λαμϐάνειν
2632 967 2706 1031 ὡς
2740 967 2983 1046 μετοχὴν
3038 967 3225 1044 κυρίως
3274 967 3336 1022 τὸ
3388 963 3592 1039 λαϐὼν,
3653 963 3970 1042 ἀναγκαίως

2297 1050 2370 1114 εἷς
2429 1051 2736 1120 ἀσυνταξίαν
2797 1058 2824 1110 ὁ
2872 1053 3032 1134 λόγος
3107 1053 3455 1125 ἐξολισθήσει.
3537 1053 3682 1110 ’Λντὶ
3734 1049 3790 1107 δὲ
3857 1054 3972 1117 τῆς

2297 1147 2541 1222 μετοχῆς
2589 1150 2682 1201 τοῦ
2748 1145 3010 1224 ὀριστικοῦ
3066 1143 3494 1221 λαμϐανομένου,
3553 1141 3853 1208 ἀκολούθως
3897 1142 3972 1197 τὸ

561 1224 786 1313 cipium
816 1279 834 1308 ,
885 1231 960 1293 ad
1021 1230 1522 1293 inordinationem
1580 1228 1916 1292 necessario
1976 1227 2212 1289 decidet

2298 1226 2669 1311 ἐπιφερόμενον
2738 1233 2907 1308 ἔσται,
2977 1238 3095 1292 οἷον
3133 1255 3145 1268 ·
3207 1224 3417 1292 "Eluas
3469 1234 3569 1312 γὰρ
3618 1232 3759 1311 παρά
3815 1237 3966 1288 Θεοῦ

561 1337 761 1383 sermo
797 1341 810 1384 :
845 1319 896 1382 si
923 1337 1064 1382 vero
1095 1319 1468 1402 participium
1531 1337 1635 1400 pro
1684 1318 1998 1380 indicativo
2031 1317 2211 1378 verbo

2298 1321 2497 1398 Πατρὸς
2567 1321 2739 1388 δόξαν.
2827 1325 2925 1382 Καὶ
2983 1322 3183 1403 ἔχομεν
3240 1328 3300 1380 ἐκ
3381 1322 3564 1379 τούτου
3619 1317 3973 1398 βεϐαιοτέραν

563 1417 854 1491 sumatur,
917 1417 1383 1473 consentaneum
1435 1408 1548 1470 erit
1605 1408 1763 1491 quod
1797 1408 2209 1488 subjungetur,

2298 1413 2469 1467 πᾶσαν
2496 1412 2595 1480 τὴν
2625 1415 2726 1470 ὑπὸ
2780 1420 2886 1470 τῶν
2946 1418 3236 1493 προφητῶν
3306 1413 3424 1492 περὶ
3497 1413 3657 1468 αὖτοῦ
3712 1431 3966 1476 προκατ-

565 1505 704 1580 puta
736 1517 750 1559 :
781 1497 1029 1580 Accepit
1054 1499 1214 1561 enim
1235 1517 1269 1560 a
1289 1501 1410 1560 Deo
1429 1500 1598 1560 Patre
1616 1497 1861 1575 gloriam
1896 1545 1910 1557 .
1947 1506 2006 1559 et
2036 1494 2213 1558 habe-

2302 1498 2609 1580 αγγγελίαν,
2645 1501 2748 1582 οὐχ
2778 1500 2858 1558 ὅτι
2918 1503 3036 1582 περὶ
3106 1507 3205 1570 τῆς
3263 1501 3572 1582 ἐνεχθείσης
3634 1504 3814 1579 φωνῆς
3855 1500 3970 1554 ὑπὸ

565 1604 701 1649 mus
733 1605 801 1649 ex
832 1587 948 1649 hoc
979 1587 1209 1650 ﬁrmius
1231 1587 1522 1669 quidquid
1555 1606 1590 1649 a
1612 1585 1917 1668 prophetis
1948 1593 2123 1648 antea
2143 1585 2213 1646 de

2301 1596 2393 1646 τοῦ
2425 1590 2628 1668 Πατρὸς
2657 1587 2849 1648 ἄνωθεν
2891 1591 3003 1649 ἐστί
3053 1613 3133 1655 τις
3190 1591 3505 1671 προφητεία,
3580 1587 3700 1644 ἀλλ’
3733 1586 3813 1644 ὅτι
3849 1587 3970 1644 ἀπὸ

562 1675 678 1738 hoc
706 1676 1116 1739 annuntiatum
1140 1685 1228 1739 est
1257 1696 1271 1737 :
1307 1695 1426 1738 non
1453 1677 1609 1758 quod
1637 1676 1714 1738 de
1734 1694 1876 1738 voce
1905 1692 2165 1756 superne
2186 1693 2213 1735 a

2301 1683 2401 1746 τῆς
2431 1688 2523 1738 τοῦ
2567 1680 2770 1758 Πατρὸς
2820 1677 3014 1736 ἄνωθεν
3070 1683 3248 1758 φωνῆς
3307 1679 3407 1736 τὴν
3475 1678 3694 1743 υἱότητα
3752 1697 3970 1755 μαρτυ-

566 1766 740 1828 Patre
763 1763 958 1828 delata
987 1768 1064 1827 sit
1098 1765 1299 1847 aliqua
1347 1765 1684 1847 prophetia,
1716 1765 1818 1828 sed
1862 1763 2018 1846 quod
2051 1783 2086 1823 τι
2113 1781 2213 1824 ειι-

2302 1765 2564 1847 ρησᾶσης,
2612 1765 2944 1847 ἡδράσθημεν
3003 1775 3176 1826 πᾶσαν
3247 1772 3347 1834 τήν
3384 1767 3468 1823 διὰ
3521 1772 3628 1824 τῶν
3671 1770 3973 1846 προφητῶν

568 1871 757 1934 perna
786 1853 974 1918 Patris
1001 1873 1146 1918 voce
1173 1844 1306 1937 quae
1335 1844 1534 1935 ipsum
1587 1873 1722 1918 esse
1767 1844 1984 1917 Filium
2013 1862 2213 1914 testata

2303 1844 2690 1937 χρησμῳδίαν,
2761 1857 3148 1937 ἀναντιῤῥήτως
3219 1859 3321 1915 ὑπὸ
3403 1864 3495 1914 τοῦ
3553 1844 3756 1934 Πατρὸς
3791 1844 3969 1934 μαρ-

565 1943 1024 2017 est,conﬁrmati
1058 1945 1246 2008 simus
1267 1945 1425 2026 quod
1457 1944 1652 2006 omnis
1683 1945 2110 2026 prophetarum
2127 1961 2213 2004 va-

2303 1946 2625 2025 τυρουμένην
2671 1945 2936 2026 φέρεσθαι,
3006 1971 3033 2003 α
3083 1948 3245 2013 Οὗτός
3314 1947 3455 2004 ἐστιν
3513 1949 3539 2002 ί.
3591 1945 3709 2008 Υἱός
3761 1965 3885 2020 μου.
3934 1963 3967 2001 ι

563 2031 831 2094 ticinatio
891 2033 1287 2097 indubitatum
1339 2035 1488 2097 ferat
1519 2053 1552 2096 a
1583 2037 1757 2098 Patre
1790 2033 2213 2096 testimonium.

2305 2036 2424 2116 Τρὶς
2455 2035 2673 2115 γέγονεν
2699 2039 2734 2106 ἡ
2807 2036 2913 2093 ἀπὸ
2974 2044 3067 2094 τοῦ
3125 2037 3329 2114 Πατρὸς
3381 2039 3460 2112 τῷ
3503 2040 3608 2111 Υἱῷ
3650 2034 3907 2113 μαρτυρία
3950 2050 3965 2064 ’

570 2144 600 2177 ι
632 2119 742 2184 Ηίο
769 2130 859 2184 est
885 2122 1070 2186 Filius
1097 2143 1266 2187 meus
1302 2123 1377 2184 η.
1405 2147 1428 2182 υ
1471 2123 1655 2186 Trina
1684 2123 1811 2186 vice
1840 2121 1990 2186 Filio
2022 2122 2213 2184 datum

2309 2125 2394 2182 ἐπὶ
2461 2135 2555 2184 τοῦ
2635 2126 3025 2203 βαπτίσματος,
3110 2125 3165 2182 ἐν
3276 2132 3352 2202 τῷ
3423 2127 3598 2198 πάθει,
3697 2125 3784 2200 τὸ,
3861 2124 3970 2181 Καὶ

572 2217 666 2272 est
693 2229 728 2272 a
758 2209 929 2274 Patre
959 2213 1365 2276 testimonium
1401 2233 1415 2274 :
1443 2213 1504 2275 in
1536 2213 1920 2295 baptismo,in
1952 2212 2213 2293 passione

2307 2212 2524 2280 ἐδόξασα
2581 2217 2669 2272 καὶ
2718 2214 2878 2272 πάλιν
2975 2213 3200 2281 δοξάσω,
3305 2216 3401 2274 Καὶ
3455 2215 3542 2272 ἐπὶ
3628 2223 3723 2273 τοῦ
3779 2212 3964 2295 ῤ’ρους.

565 2316 704 2360 cum
735 2298 904 2377 dixit,
938 2301 1011 2365 Et
1038 2301 1364 2380 gloriﬁcavi
1394 2312 1450 2366 et
1479 2293 1714 2364 rursum
1746 2301 2129 2382 gloriﬁcabo;
2163 2306 2213 2362 et

2313 2325 2337 2360 ι
2389 2313 2553 2362 Τοῦτο
2595 2310 2803 2385 πρῶτον
2846 2305 3216 2384 γινώσκοντες,
3249 2329 3277 2361 ι
3341 2306 3522 2362 καὶτὰ
3570 2303 3714 2373 ἐξῆς.
3781 2293 3968 2374 "Has-

568 2386 631 2449 in
665 2400 889 2453 monte.
929 2414 952 2448 ι
983 2389 1046 2454 Si
1077 2391 1223 2453 illud
1258 2393 1420 2473 prius
1451 2392 1741 2468 noverit,»
1777 2401 1892 2454 etc.
1927 2389 2213 2452 Noverunt

2304 2413 2402 2449 σαν
2429 2394 2476 2448 οἱ
2501 2398 2767 2474 προφῆται
2823 2395 2910 2451 καὶ
2965 2393 2998 2451 ἂ
3056 2393 3374 2469 ἐμπνέονται
3430 2396 3532 2451 ὑπὸ
3581 2402 3674 2452 τοῦ
3740 2417 3971 2474 προφη-

570 2483 630 2538 et
657 2478 966 2560 propheta;
987 2499 1057 2543 ea
1075 2500 1206 2562 quae
1230 2480 1344 2544 sibi
1371 2501 1404 2544 a
1433 2481 1781 2563 prophetico
1799 2480 2009 2562 spiritu
2032 2479 2213 2560 inspi-

2303 2487 2452 2538 τικοῦ
2478 2492 2796 2563 πνεῦματος,
2840 2485 2928 2540 καὶ
2982 2485 3099 2563 περὶ
3140 2486 3237 2560 ὧν,
3305 2486 3365 2542 οὔ
3426 2484 3604 2546 μέντοι
3649 2487 3734 2541 καὶ
3798 2484 3969 2563 ἀκρι-

570 2564 880 2643 rabantur,
907 2579 967 2633 et
994 2570 1070 2632 de
1101 2569 1340 2652 quibus,
1374 2590 1494 2634 non
1525 2581 1720 2632 tamen
1753 2580 1956 2634 exacte
1984 2578 2041 2632 et
2070 2589 2213 2649 quo-

2305 2566 2410 2625 ϐῶ·
2510 2572 2525 2591 ‘
2571 2572 2627 2608 "
2795 2571 2806 2591 '
3237 2573 3246 2590 '
3506 2575 3518 2591 ‘
3590 2596 3601 2605 ·
3877 2573 3887 2592 ’

2387 2610 2409 2634 ς
2441 2591 2529 2626 και
2557 2593 2628 2636 ω,
2683 2574 2980 2630 καθεκαστα
3033 2571 3375 2641 ἐπετελέσθη.
3440 2583 3531 2630 Aio
3592 2575 3676 2630 καὶ
3747 2593 3968 2630 συνιεν-

571 2654 748 2718 modo
779 2658 1014 2739 singula
1047 2660 1500 2741 perﬁcerentur.
1533 2658 1672 2722 Ideo
1708 2677 1944 2741 quoque
1999 2656 2213 2719 intelli-

2303 2681 2390 2726 τες
2459 2659 2747 2737 ἐπεθύμουν
2829 2660 2960 2720 ἰδεῖν
3017 2663 3116 2730 τὴν
3174 2663 3374 2720 τούτων
3429 2661 3665 2738 ἔκϐασιν,
3727 2665 3800 2726 ὡς
3872 2663 3970 2718 καὶ

568 2749 774 2823 gentes
803 2748 1225 2813 desiderabant
1248 2748 1449 2812 videre
1481 2749 1693 2811 horum
1726 2756 2003 2812 eventum
2041 2769 2053 2806 :
2089 2765 2213 2828 que-

2307 2751 2335 2806 ὃ
2370 2750 2554 2830 Κύριός
2587 2773 2770 2832 φησιν,

570 2840 956 2904 madmodum
989 2849 1049 2904 et
1075 2840 1356 2904 dominus
1385 2840 1548 2904 dicit.

1105 2947 1248 3010 558
1290 2945 1540 3012 CAPUT
1585 2945 1685 3010 ΠΙ.

2935 2948 3186 3006 non.
3241 2933 3323 3007 r'.

577 3036 947 3122 Vaticinium
958 3041 1034 3102 tte
1043 3039 1440 3119 fraudulenta
1455 3039 1898 3101 insurreetione
1918 3036 2213 3122 haeretico-

2316 3063 2338 3096 ς
2401 3040 2706 3122 Πρόῤῥησις
2793 3040 3076 3109 ἀπατηλῆς
3148 3041 3579 3122 ,ἐπαναστάσεως
3654 3043 3963 3122 αἱρετικῶν,

615 3135 752 3182 rum
777 3117 1218 3202 impietatisque
1245 3122 1518 3202 ipsorum
1547 3137 1619 3181 ac
1648 3122 1845 3195 futuri
1874 3117 2194 3199 supplicii,

2388 3117 2628 3186 ἀσεϐείας
2657 3143 2714 3177 τε
2757 3122 2927 3179 αὐτῶν
2958 3123 3046 3179 καὶ
3076 3120 3376 3199 μελλούσης
3409 3117 3719 3186 κολάσεως,⁷
3739 3146 3766 3178 ι

653 3219 1135 3296 ll,‘l-3.l~'uerunt
1161 3233 1363 3285 autem
1391 3229 1447 3282 et
1475 3219 2005 3302 pseud0prophetae
2028 3223 2091 3282 in
2114 3238 2213 3300 po-

2395 3243 2418 3275 ο
2455 3219 2733 3300 Ἐγένοντο
2800 3218 2856 3276 δὲ
2924 3222 3011 3278 καὶ
3069 3219 3494 3301 ψευδοπροφῆται
3564 3221 3618 3278 ἐν
3668 3229 3746 3295 τῷ
3812 3220 3962 3298 λαῷ,

566 3312 1248 3392 pulo,quemadmodum
1263 3318 1318 3374 et
1328 3314 1598 3373 intervos
1613 3317 1791 3372 erant
1833 3311 2213 3386 pseudodida-

2307 3311 2380 3374 ὡς
2455 3311 2542 3366 καὶ
2611 3310 2666 3366 ἐν
2761 3311 2888 3385 ὑμῖν
2980 3309 3187 3368 ἔσονται
3285 3308 3769 3385 ψευδοδιδάσκαλοι.
3845 3311 3964 3369 0"!-

571 3398 727 3462 seali
760 3399 848 3479 (id
877 3407 964 3464 est
986 3402 1137 3480 falsi
1167 3402 1456 3482 doctores)
1481 3403 1584 3479 qui
1613 3398 1770 3462 clam
1799 3400 2084 3462 inducent
2111 3417 2213 3462 sec-

2307 3419 2445 3462 τινες
2515 3397 2913 3478 παρεισάξουσιν
3007 3399 3231 3478 αἱρέσεις
3315 3397 3604 3473 ἀπωλείας,
3704 3402 3790 3456 καὶ
3864 3403 3966 3458 τὸν

573 3495 664 3551 tas
685 3490 1270 3571 perniciosas,etiam
1291 3489 1624 3552 Dominum
1654 3495 1753 3569 juz‘
1766 3488 1898 3552 illo:
1921 3499 2213 3552 mercatu:

2305 3487 2628 3566 ἀγοράζοντα
2720 3487 2906 3553 αὐτοὺς
3006 3489 3284 3556 Δεσπότην
3395 3489 3726 3568 ἀρνούμενοι,
3807 3491 3963 3547 ἐπέ-

571 3585 662 3639 est
690 3576 1076 3658 abnegantes,
1109 3587 1478 3642 accersentes
1516 3579 1634 3640 sibi
1665 3579 1814 3658 ipsis
1853 3577 2102 3640 celerem
2132 3581 2213 3642 ini

2305 3598 2484 3655 γοντες
2568 3578 2777 3641 ἑαυτοῖς
2874 3579 3115 3658 ταχικὴν
3213 3576 3503 3640 ἀπώλειαν.
3589 3582 3685 3638 Καὶ
3766 3578 3967 3640 πολλοὶ

571 3669 866 3731 ter-itum:
896 3676 955 3732 et
981 3669 1255 3750 plerique
1305 3676 1634 3750 sequentur
1693 3665 1945 3730 illorum
1974 3670 2168 3731 exitia
2203 3687 2213 3732 :

2305 3665 2802 3737 ἐξακολουθήσουσιν
2859 3669 3031 3724 αύτῶν
3111 3681 3235 3732 ταῖς
3308 3667 3620 3732 ἀπωλείαις.
3716 3668 3796 3725 Δι’
3860 3672 3956 3735 οὒς

559 3765 816 3837 promer
842 3776 990 3837 quos
1023 3760 1122 3821 via
1150 3759 1427 3821 veritatis
1459 3757 1744 3820 convitiis
1777 3757 2088 3838 afﬁcietur
2115 3778 2129 3819 :
2167 3768 2213 3824 et

2303 3757 2337 3823 ἡ
2423 3755 2539 3822 ὁδὸς
2649 3761 2748 3824 τῆς
2856 3755 3104 3824 ἀληθείας
3212 3755 3750 3838 βλασφημηθήσεται,
3865 3763 3962 3818 καὶ

561 3863 671 3925 per
694 3849 1027 3910 avaritiam
1056 3848 1214 3928 ﬁctis
1234 3848 1615 3910 sermonibus
1649 3847 1724 3910 de
1754 3849 1923 3910 vobis
1952 3851 2213 3930 negot-ia-

2304 3843 2359 3899 ἐν
2387 3842 2660 3918 πλεονεξίᾳ
2688 3845 2952 3911 πλαστοῖς
2993 3845 3174 3925 λόγοις
3202 3848 3338 3922 ὑμᾶς
3371 3845 3804 3925 ἐμπορεύσονται.
3857 3855 3963 3915 Οἷς

563 3932 1050 4010 buntur.0uibus
1060 3939 1371 4015 judicium
1403 3939 1535 4017 jam
1572 3934 1717 3998 olim
1748 3953 1869 4000 non
1899 3939 2126 4015 tardat,
2161 3950 2213 4001 et

2303 3934 2364 3989 τὸ
2393 3947 2562 4014 κρῖμα
2590 3932 2817 3992 ἔκπαλαι
2859 3939 2952 3994 οὒκ
2991 3935 3171 4015 ἀργεῖ,
3231 3936 3320 3994 καὶ
3374 3937 3408 4004 ἡ
3471 3934 3712 3994 ἀπώλεια
3784 3939 3963 3996 αὐτῶν

558 4024 835 4104 perditio
863 4026 1120 4090 illorum
1150 4046 1271 4089 non
1301 4027 1615 4089 dormitat.

2305 4027 2365 4083 οὒ
2403 4025 2660 4095 νυστάζει.
2705 4048 2724 4080 ο

644 4109 790 4176 Cum
824 4115 1130 4196 prophetia
1153 4134 1373 4178 nomen
1403 4133 1724 4178 commune
1753 4114 1851 4189 sit,
1884 4116 2040 4199 quod
2061 4125 2116 4178 et
2147 4116 2213 4178 ad

2387 4122 2490 4172 Τοῦ
2556 4119 2657 4182 τῆς
2724 4113 3059 4194 πποφητείας
3130 4113 3388 4189 ὀνόματος
3441 4121 3633 4180 κοινῶς
3679 4119 3768 4174 καὶ
3819 4119 3961 4174 κατά

558 4203 885 4282 prophetas
919 4205 1066 4267 atad
1100 4205 1649 4287 pseudoprophetas
1678 4205 1956 4286 refertur,
2002 4206 2213 4268 contir-

2306 4203 2410 4260 τῶν
2440 4203 2726 4283 προφητῶν
2780 4205 2868 4261 καὶ
2936 4203 3072 4262 κατά
3134 4209 3239 4260 τῶν
3297 4202 3744 4285 ψευδοπροφητῶν
3799 4228 3965 4288 φερο-

565 4299 686 4350 mat
713 4310 872 4353 nunc
904 4294 1440 4376 pseudoprophetis
1468 4312 1584 4354 non
1619 4313 1752 4356 esse
1769 4295 2213 4360 attendendum.

2308 4291 2490 4372 μένου,
2561 4291 2899 4373 ἀσφαλίζεται
2959 4294 3048 4348 νῦν
3142 4293 3222 4368 μὴ
3307 4306 3426 4356 τοῖς
3495 4292 3962 4376 ψευδοπροφήταις

560 4377 634 4440 Et
661 4379 736 4442 ab
767 4381 880 4476 hoc
905 4383 1212 4476 paululum
1238 4383 1438 4476 differt
1457 4383 2041 4476 Paulus,dum_d_ocet
2061 4385 2213 4466 quod

2304 4381 2612 4462 προσέχειν,
2675 4385 2764 4439 καὶ
2829 4383 2880 4438 τί
2933 4382 2992 4438 τὸ
3061 4379 3366 4439 διαστέλλον
3434 4381 3638 4449 Παῦλος
3705 4381 3962 4469 ἐδίδαξεν,

563 4486 741 4530 nemo
765 4469 912 4532 dicit
931 4471 1245 4535 Dominum
1275 4474 1474 4536 Jesum
1505 4473 1616 4534 nisi
1643 4491 1750 4550 per
1764 4473 2047 4554 Spiritum
2074 4494 2213 4535 san-

2303 4470 2383 4526 ὅτι
2430 4469 2592 4554 οὐδεὶς
2636 4469 2776 4550 λέγει
2809 4472 2992 4542 Κύριον
3023 4469 3250 4541 Ἰησοῦν,
3317 4473 3362 4528 εἰ
3444 4474 3522 4547 μὴ
3580 4471 3633 4530 ἐν
3692 4474 3964 4548 Πνεύματι

562 4563 724 4618 ctum
748 4558 825 4623 ‘5.
844 4559 999 4622 Hinc
1028 4569 1224 4623 autem
1257 4562 1600 4642 auspicatur
1632 4549 1843 4624 haeresi
1871 4561 2100 4624 obviam
2133 4563 2213 4627 ire

2303 4561 2457 4638 ἁγίῳ,
2495 4549 2766 4640 υΑρχεται
2795 4558 2849 4616 δὲ
2910 4559 3138 4617 ἐντεῦθεν
3187 4565 3286 4628 τῆς
3339 4562 3473 4618 κατά
3509 4568 3616 4618 τῶν
3689 4562 3958 4621 Νικολαΐ-

551 4646 844 4711 adversus
871 4648 1210 4733 Nicolaitas,
1244 4650 1542 4733 duplicem
1573 4651 1780 4714 dicens
1805 4652 2067 4732 ipsorum
2093 4673 2213 4715 ma-

2303 4656 2409 4706 τῶν
2481 4650 2729 4730 αἱρέσεως
2779 4652 2880 4717 τῆς
2945 4648 3285 4731 καταδρομῆς
3381 4649 3561 4718 διττὴν
3644 4649 3815 4731 λέγων
3858 4655 3968 4722 τὴν

560 4739 774 4807 litiam.
808 4741 960 4806 Sunt
1011 4745 1170 4807 enim
1224 4745 1502 4825 dogmate
1556 4746 1802 4827 quidem
1857 4747 2213 4827 impiissimi.

2305 4741 2494 4796 κακίαν
2522 4741 2716 4801 αὐτῶν.
2793 4740 2906 4797 Εἰσὶ
2963 4740 3062 4820 γὰρ
3117 4741 3235 4817 περὶ
3290 4737 3389 4815 μὲν
3443 4737 3705 4818 δόγματος
3759 4740 3969 4799 -ἀσεϐἐο

560 4831 718 4911 quod
747 4849 854 4895 sua
883 4835 944 4896 in
978 4832 1276 4898 Christum
1333 4834 1649 4896 Dominum
1705 4834 2073 4916 blasphemia
2112 4838 2213 4900 de-

2307 4851 2510 4905 στατοι,
2547 4830 2575 4885 ὃ
2604 4828 2688 4886 διὰ
2717 4832 2814 4897 τῆς
2846 4830 2917 4894 εἰς
2943 4830 3036 4885 τὸν
3091 4829 3366 4897 Δεσπότην
3423 4829 3647 4909 Χριστὸν
3707 4829 3968 4911 βλασφη-

561 4927 1010 4987 monstrarunt:
1046 4923 1161 4986 vita
1192 4934 1390 4988 autem
1434 4925 1689 4987 maxime
1733 4924 2082 4988 obsceni.Et
2110 4925 2213 4988 hoc

2307 4924 2431 4997 μίας
2491 4923 2660 4980 αὐτῶν
2711 4916 3018 4999 ἀπέδειξαν,
3075 4919 3194 4997 περὶ
3264 4917 3321 4975 δὲ
3389 4919 3500 4996 βίον
3555 4917 3962 4997 ἀσελγέστατοι,

561 5027 722 5073 nunc
751 5011 994 5092 quidem
1030 5032 1137 5094 per
1170 5022 1340 5094 turpe
1376 5013 1603 5075 lucrum
1649 5012 1922 5092 designat
1957 5035 1969 5072 :
2007 5015 2213 5094 paulu-

2308 5012 2407 5070 Καὶ
2435 5021 2590 5070 τοῦτο
2631 5007 2687 5066 δὲ
2740 5015 2828 5065 νὺν
2884 5008 2982 5082 μὲν
3051 5005 3135 5064 διὰ
3189 5014 3288 5077 τῆς
3345 5006 3768 5088 αἰσχροκερδείας
3810 5032 3966 5091 παρ-

559 5098 683 5159 Ιυιιι
715 5109 912 5163 autem
947 5119 1296 5182 progressus
1312 5101 1571 5183 apertius
1587 5100 2040 5183 proferet.Nunc
2061 5103 2213 5166 enim

2307 5106 2445 5173 ιστᾷ,
2508 5101 2695 5178 μικρὸν
2775 5095 2832 5154 δὲ
2913 5094 3137 5177 προϐὰς,
3226 5097 3537 5177 τρανότερον
3617 5097 3963 5178 προενέγκοι.

558 5186 884 5257 πλεονεξίαν,
918 5190 980 5251 id
1025 5200 1135 5267 est,
1189 5191 1489 5253 avaritiam
1521 5190 1751 5267 dicens,
1786 5199 1958 5272 turpe
1987 5192 2213 5256 lucrum

2306 5186 2610 5272 Πλεονεξίαν
2637 5188 2738 5266 γὰρ
2795 5187 2980 5259 εἰπὼν,
3050 5193 3137 5244 νῦν
3193 5187 3293 5254 τὴν
3347 5184 3771 5266 αἱσχροκερδείαν
3829 5186 3968 5261 ἐσή-

559 5275 928 5355 signiiicavit.
964 5277 1110 5342 Nam
1155 5281 1434 5347 πλαονεξία
1483 5280 1782 5342 interdum
1838 5269 2078 5361 quidcm
2115 5282 2213 5343 in-

2305 5301 2490 5356 μανεν.
2553 5269 2617 5336 Ἠ
2672 5279 2772 5356 γὰρ
2841 5275 3112 5343 πλεονεξία
3195 5275 3326 5334 ποτε
3413 5275 3680 5361 μὲν-’τὴν
3749 5273 3967 5338 ἀδικίαν

555 5354 848 5444 justitiam
874 5369 1549 5450 signiﬁcat.quandoque
1579 5388 1715 5431 vero
1735 5354 1964 5430 lucrum
1986 5370 2213 5451 simpli-

2301 5354 2574 5448 σημαίνει,
2604 5354 2755 5424 ποτε
2792 5365 2847 5421 δὲ
2905 5368 2966 5423 τὸ
3011 5363 3192 5435 κέρδος
3250 5364 3462 5431 ἀπλῶς.
3526 5354 3690 5423 υΟθεν
3747 5366 3965 5435 οἰκείως

563 5452 914 5519 citer.Unde
943 5458 1362 5539 particularius
1391 5477 1455 5520 se
1477 5458 1638 5540 loqui
1660 5457 2006 5538 ostendens,
2039 5459 2213 5521 addi-

2299 5462 2383 5540 τὸ,
2423 5483 2448 5513 (ι
2488 5456 2942 5534 Εμπορεύσονται,
3003 5455 3350 5536 προσέθηκεν,
3412 5453 3734 5533 Ἀλλοτριῶν
3777 5452 3832 5510 δὲ
3864 5456 3970 5513 ab-

561 5541 694 5607 dit:
735 5569 765 5601 α
795 5541 1292 5626 Negotiabuntur.
1330 5572 1360 5604 ι
1401 5548 1646 5610 Penitus
1701 5557 1899 5610 autem
1948 5547 2213 5611 alienans

2298 5549 2419 5615 τοὺς
2440 5545 2716 5610 παντελῶς
2772 5553 2870 5612 τῆς
2923 5544 3063 5610 θείας
3118 5541 3475 5618 διδασκαλίας,
3535 5542 3800 5609 πλαστοῖς
3859 5545 3967 5604 εἴ-

643 5715 693 5758 ﬂ
724 5712 751 5776 Ι
780 5716 918 5779 Cor.
954 5718 1125 5790 xu,8.
1212 5716 1271 5767 η
1305 5717 1511 5781 Matth.
1546 5734 1632 5797 ιιι,
1672 5719 1738 5777 1⁸7
1774 5741 1789 5790 ;
1825 5715 1970 5780 Joan
1995 5735 2100 5794 xu,
2135 5719 2212 5783 28

2321 5717 2377 5762 ⁸³
2407 5715 2432 5779 Ι
2461 5718 2599 5781 Cor.
2633 5729 2740 5790 ιιι,
2776 5714 2834 5778 3.
