4106 6426
456 317 577 381 595
636 404 642 411 ι

1581 315 1994 379 CECUMENII
2041 311 2339 377 TRICGIE
2382 313 2723 382 EPISCOPI

3731 314 3857 380 596

438 453 583 534 jugo
605 461 969 533 peccassent,
1008 472 1126 515 non
1146 460 1282 513 sunt
1299 452 1526 513 veniam
1547 449 1853 513 consecuti
1877 467 1894 511 :
1923 451 2101 512 multo

2190 452 2294 504 τῶν
2325 448 2570 514 πλάσεως
2628 452 2915 532 ἄνθρωποι,
2976 452 3163 528 πολλῷ
3221 451 3425 528 μᾶλλον
3474 448 3590 508 οὒδὲ
3647 442 3851 505 τούτων

452 542 651 604 minus
674 542 1014 603 hominibus
1030 561 1151 603 suae
1168 540 1549 615 plasmationi
1584 543 1945 609 haerentibus
1971 560 2100 623 par-

453 638 548 692 cet
576 631 627 692 si
659 631 1052 711 peccaverint.
1096 656 1121 685 σ
1157 629 1275 693 Sed
1309 630 1535 691 catenis
1567 631 1862 709 caliginis.
1904 662 1925 689 υ
1956 635 2106 697 Con-

450 719 850 782 demnationis
882 719 1392 782 inevitabilitatem
1456 720 1772 798 signiﬁcat.
1809 723 2105 804 Hujusce-

445 809 607 871 modi
639 808 797 870 enim
832 808 1061 870 catenis
1092 815 1256 869 certo
1278 807 1502 868 anobis
1534 809 1974 877 condemuritos
1995 831 2104 891 pu-

450 898 667 961 nimus.
700 897 816 960 Sed
850 898 1009 959 dicet
1032 897 1265 978 aliquis:
1297 895 1463 958 Unde
1490 899 1800 961 manifesta
1843 910 1929 963 est
1976 901 2107 961 talis

453 986 871 1049 condemnatio
888 986 1259 1048 daemonum?
1273 986 1344 1046 ab
1366 986 1509 1063 ipsis
1525 988 1614 1046 vid
1628 990 1801 1050 elicet
1815 989 2104 1051 daemoni-

453 1076 563 1138 bus
594 1075 888 1156 siquidem
925 1081 981 1135 in
1007 1074 1322 1153 Evangelio
1369 1075 1424 1126 l5
1456 1075 1878 1161 deprecantur,
1942 1098 2015 1139 ne
2045 1079 2107 1139 in

454 1168 731 1247 abyssum
761 1165 1164 1238 remittantur,
1201 1173 1478 1244 tanquam
1504 1165 1600 1226 alii
1634 1185 1868 1247 quoque
1901 1186 2109 1229 omnes

450 1257 564 1318 hoc
598 1255 915 1336 patiantur.
972 1252 1295 1315 Sciendum
1353 1261 1545 1314 tamen
1609 1265 1696 1315 est
1743 1258 1902 1337 quod
1930 1257 2109 1318 veluti

454 1363 563 1426 per
586 1344 829 1405 modum
848 1342 1279 1422 suppositionis
1306 1342 1655 1422 productum
1690 1355 1773 1405 est
1794 1365 2109 1422 argumen-

455 1442 602 1507 tum,
641 1452 757 1495 non
793 1442 988 1495 tamen
1023 1450 1157 1493 vere
1190 1431 1267 1491 ita
1303 1439 1409 1497 est,
1472 1450 1668 1509 neque
1729 1438 1886 1496 enim
1946 1436 2105 1498 aliud

449 1522 628 1585 habet
657 1522 1042 1603 quodpostea
1065 1521 1450 1600 respondeat,
1482 1522 1581 1581 sed
1608 1522 1665 1582 in
1713 1527 1977 1601 Speciem
2011 1544 2106 1586 so-

347 1612 353 1617 ’
451 1612 575 1673 lum
604 1613 683 1672 ita
706 1611 1076 1693 propositum
1091 1620 1197 1680 est,
1230 1611 1289 1669 in
1310 1615 1609 1671 veritatem
1629 1620 1824 1693 autem
1854 1614 2103 1693 simplex

2187 538 2607 618 ἁμαρτησάντων
2666 542 2918 620 φείσεται,
2985 565 3013 597 α
3051 543 3149 598 Διὰ
3205 540 3260 596 δὲ
3332 547 3439 597 τῶν
3513 538 3701 619 σειρῶν
3758 539 3863 594 τοῦ

2188 627 2368 708 ζόφου,
2415 652 2437 685 ι)
2474 631 2532 686 τὸ
2603 627 2830 711 ἄφυκτον
2873 633 2961 687 καὶ
3017 628 3367 710 ἀδιάδραστον
3423 634 3522 696 τῆς
3593 628 3857 707 κατακρί-

2189 737 2323 779 σεως
2354 719 2623 792 σημαίνει,
2680 720 2948 782 Τοιούτοις
3005 721 3105 800 γὰρ
3168 718 3387 795 δεσμοῖς
3442 718 3564 782 τοὺς
3625 716 3856 795 ἆκριθῶς

2188 804 2271 883 ὑφ’
2327 806 2474 879 ὑμῶν
2546 805 3017 874 καταδικασθέντας
3092 807 3408 884 κολάζομεν.
3469 804 3637 863 Ἀλλὰ
3691 805 3855 860 πόθεν

2187 895 2302 972 ἓρεϊ
2341 916 2421 956 τις
2472 894 2553 951 ὅτι
2610 894 2747 966 δήλη
2778 899 2812 965 ἡ
2860 898 3078 965 τοιαύτη
3134 898 3442 977 κατάκρισις
3499 896 3604 952 τῶν
3663 891 3858 969 δαιμό-

2191 1005 2334 1066 νων;
2384 984 2504 1043 Ἀπ’
2564 988 2737 1045 αὐτῶν
2780 986 2985 1058 δηλαδῆ
3073 996 3178 1045 τῶν
3249 987 3539 1064 δαιμόνων.
3604 987 3700 1043 Καὶ
3748 986 3856 1063 γὰρ

2190 1073 2242 1129 ἐν
2287 1078 2362 1148 τῷ
2414 1075 2715 1155 Εὒαγγελίνρ
2758 1075 2958 1135 δέονται
3003 1080 3080 1154 μὴ
3111 1080 3182 1144 εἰς
3220 1079 3321 1146 τὴν
3376 1075 3598 1134 ἄϐυσσον
3659 1076 3853 1137 αὑτοὺς

2189 1165 2560 1241 καταπέμψαι,
2620 1170 2692 1230 ὡς
2735 1170 2824 1224 καὶ
2880 1169 3070 1249 ἐτέρων
3140 1175 3296 1226 τοῦτο
3365 1167 3582 1238 πάντων
3642 1164 3853 1222 παθόν-

2188 1275 2317 1312 των.
2377 1254 2575 1312 ’ἰστέον
2636 1256 2816 1331 μέντοι
2859 1261 2930 1324 ὡς
2976 1260 3062 1315 καὶ
3100 1258 3424 1323 ὑποθετικῶς
3477 1257 3732 1336 προήχθη
3789 1256 3861 1309 τὸ

2190 1340 2540 1422 ἐπιχείρημα,
2602 1347 2722 1425 οὐχὶ
2780 1344 2835 1402 δὲ
2878 1349 2966 1404 καὶ
3024 1352 3100 1422 τῷ
3171 1346 3280 1404 ὄντι
3328 1345 3493 1411 οῧτως
3557 1344 3718 1405 ἐστίν,
3777 1348 3864 1401 03

2232 1431 2243 1445 ⁸
2386 1432 2410 1453 Ν
2595 1434 2608 1452 ‘
2903 1435 2946 1458 ΙΝ
3160 1433 3174 1456 ἶ
3298 1437 3311 1455 \
3745 1431 3756 1454 Ι

2189 1454 2288 1509 γαρ
2387 1454 2501 1512 εχει
2555 1456 2653 1488 ττκν
2712 1435 3082 1499 ἀνταποοοσιν,
3179 1436 3326 1493 Αλλα
3382 1436 3627 1517 σχήματι
3688 1454 3863 1509 μονον

2189 1519 2326 1577 οὕτω
2395 1521 2774 1601 προϐέϐληται,
2848 1533 2917 1602 τῇ
2970 1524 3025 1582 δὲ
3100 1518 3319 1599 ἀληθείᾳ
3386 1521 3857 1605 παραδειγματικὴ

2187 1612 2360 1672 πίστις
2393 1609 2529 1667 ἐστὶν
2582 1611 2751 1679 ἀπλῆ.
2811 1616 2908 1671 Καὶ
2966 1612 3049 1671 διὰ
3106 1616 3200 1687 τί;
3258 1614 3545 1692 εἶρήσέται.
3621 1614 3676 1670 Εἴ
3744 1612 3855 1689 γὰρ

456 1701 546 1754 εει
571 1692 925 1772 exemplaris
949 1693 1250 1771 persuasio
1282 1711 1294 1749 :
1322 1699 1380 1751 et
1411 1711 1582 1771 quam
1617 1692 1691 1752 ob
1724 1692 1985 1774 causam,
2021 1695 2101 1755 di-

2186 1698 2322 1755 κατὰ
2351 1701 2411 1755 τὸ
2441 1700 2632 1780 σχῆμα
2683 1702 2774 1777 ἦν,
2839 1702 3003 1768 οὕτως
3064 1702 3125 1759 ἂν
3168 1700 3394 1783 προῦϐηε
3438 1704 3495 1761 Εἶ
3553 1703 3652 1781 γὰρ
3682 1700 3859 1779 ἀγγέ-

452 1791 649 1845 εείιιτ·
683 1800 817 1842 nam
844 1781 893 1841 si
919 1788 1076 1842 esset
1104 1780 1259 1860 quod
1291 1799 1411 1859 pra;
1448 1800 1510 1839 se
1533 1781 1688 1842 ferre
1738 1782 1989 1859 videtur,
2025 1784 2104 1845 ita

451 1871 802 1954 procederet
829 1893 841 1933 :
877 1868 937 1932 Si
978 1868 1204 1947 angelis
1226 1888 1361 1930 cum
1388 1879 1700 1949 pecassent
1730 1891 1845 1931 non
1881 1891 2101 1953 peper~

444 1964 576 2037 erit,
602 1962 650 2022 si
674 1979 787 2022 uec
806 1960 1003 2041 prisco
1028 1958 1273 2033 mundo,
1298 1957 1688 2021 necSodomis
1713 1964 2098 2035 etGomorrae,

444 2048 1124 2132 nunquidjhisjparcet‘?
1166 2065 1536 2128 nequaquam
1570 2069 1585 2125 ;
1641 2059 1739 2112 aut
1789 2051 1963 2111 etiam
1996 2054 2104 2112 hoc

448 2140 625 2202 modo
652 2138 799 2202 (His
824 2138 1067 2199 omnino
1095 2156 1210 2197 non
1242 2145 1440 2215 parcet
1492 2136 1622 2198 Non
1648 2147 1841 2199 autem
1877 2148 2102 2202 temere

448 2250 481 2292 a
503 2227 1012 2311 praestantioribus
1031 2226 1401 2305 aggreditur;
1435 2225 1537 2287 sed
1560 2227 1876 2289 ostendere
1907 2230 2110 2291 volens

445 2318 604 2401 quod
638 2318 700 2379 hi
732 2317 869 2379 dum
898 2324 1144 2397 peccant
1171 2315 1356 2392 magis
1381 2314 1621 2376 obnoxii
1644 2318 1763 2377 sint
1791 2319 2102 2399 snpplicio.

446 2407 739 2482 Quoniam
756 2424 899 2485 ergo
921 2414 976 2467 et
996 2405 1089 2466 isti
1113 2403 1557 2466 honoratiorem
1584 2407 1831 2483 gradum
1859 2408 2096 2483 habent,

451 2507 655 2579 utpote
679 2496 866 2558 vocati
890 2494 1308 2575 apostolatum,
1361 2512 1493 2554 cum
1519 2512 1551 2553 a
1591 2495 1786 2555 divina
1821 2495 1912 2557 via
1937 2497 2103 2559 exci-

448 2588 673 2663 derint,
711 2586 996 2666 majorem
1034 2584 1209 2645 etiam
1240 2581 1461 2643 habent
1514 2585 2095 2648 condemnationem.

446 2680 532 2744 Ex
563 2674 874 2760 hypothesi
906 2683 1103 2735 autem
1138 2679 1296 2732 mota
1338 2671 1658 2751 exemplari
1687 2674 2094 2752 persuasione.

2187 1785 2293 1843 λων
2324 1792 2418 1846 οὒκ
2476 1789 2717 1870 ἐφείσατο
2772 1791 3214 1870 ἁμαρτησάντων,
3263 1793 3306 1848 εἷ
3358 1790 3584 1871 ἀρχαίου
3611 1790 3849 1865 κόσμου.

2187 1878 2231 1931 εἰ
2303 1875 2554 1961 Σοδόμων
2609 1881 2698 1936 καὶ
2784 1882 3073 1959 Γομόρῥας,
3136 1883 3233 1961 ἆρα
3289 1881 3488 1938 τούτων
3546 1881 3776 1961 φείσετκτ
3826 1897 3853 1959 ἶ

2233 1968 2257 2003 .’,
2381 1949 2449 1978 ν.
2590 1992 2600 2001 ,
2658 1971 2673 1990 \
2778 1970 2789 1991 ι
2856 1949 2865 1957 ’
2928 1949 2966 1998 ’,“
3059 1949 3075 1993 ξ
3172 1949 3181 1961 ’
3220 1972 3232 1993 ι
3561 1949 3571 1961 ⁸
3762 1969 3774 1990 ι
3828 1949 3849 1959 ’

2189 1963 2462 2042 Ο,δαμως.
2512 1949 2566 2025 il
2592 1991 2676 2025 και
2734 1971 2898 2035 οὓτως
3012 1981 3086 2030 Ou
3144 1994 3345 2028 τουτων
3401 1970 3633 2051 φείσεται
3704 1992 3855 2029 παν-

2189 2076 2317 2117 τως.
2350 2058 2466 2136 Οὐχ
2507 2056 2693 2122 ἀπλῶς
2752 2057 2806 2115 δὲ
2851 2060 2956 2116 ἀπὸ
3012 2066 3120 2116 τῶν
3183 2060 3577 2140 προτιμοτέρῳν
3634 2058 3858 2139 ἐπιχειο

2191 2157 2297 2223 ρετ,
2357 2143 2493 2201 ἀλλά
2551 2145 2714 2213 δεῖξαι
2788 2147 3109 2225 βουλόμενος
3154 2151 3227 2215 ὠς
3259 2148 3462 2224 μᾶλλον
3515 2151 3662 2206 οὗτοι
3721 2149 3862 2204 ὑπο-

2191 2231 2461 2313 δικώτεροι
2534 2237 2950 2315 ἁμαρτάνοντες.
3011 2238 3161 2296 Ἐπεὶ
3218 2242 3307 2295 οὖν
3390 2240 3477 2294 καὶ
3562 2240 3703 2293 οὗτοι
3785 2238 3860 2293 τὸ

2195 2324 2575 2404 προτιμότερον
2618 2324 2859 2406 ἔχουσιν,
2917 2330 2991 2391 ὠς
3050 2327 3332 2395 κληθέντες
3393 2329 3489 2404 μὲν
3576 2329 3649 2389 εἷς
3708 2326 3850 2383 ἀπο-

2184 2411 2403 2486 στολὴν,
2450 2413 2795 2493 ἐκτραπέντες
2853 2414 2908 2472 δὲ
2963 2420 3061 2486 τῆς
3104 2419 3242 2484 θείας
3313 2416 3454 2492 ὁδοῦ,
3517 2424 3703 2493 μεῖζον
3756 2419 3853 2473 καὶ

2182 2502 2243 2557 τὸ
2300 2503 2598 2582 κατάκριμα
2679 2503 2918 2584 ἔχουσιν,
3013 2506 3080 2572 EE
3152 2506 3446 2573 ὑποθέσεως
3506 2505 3561 2563 δὲ
3617 2507 3847 2576 κινήσας

2181 2612 2279 2657 την
2328 2589 2819 2671 παραδειγματικὴν
2868 2595 3066 2675 πίστιν,
3121 2595 3215 2652 οὒκ
3272 2593 3515 2652 ἀπέδωκε
3585 2596 3646 2651 τὸ
3717 2595 3851 2652 ἀκό-

2182 2677 2368 2736 λουθον
2410 2682 2505 2737 τοῦ
2564 2683 2871 2761 σχήματος.
2937 2684 3167 2765 Συνέχεε
3224 2685 3324 2764 γὰρ
3382 2685 3443 2739 τὸ
3502 2681 3851 2763 παράδειγμα

450 2789 568 2832 non
601 2765 861 2830 reddidit
890 2761 1046 2844 quod
1108 2763 1310 2838 ﬁgura;
1358 2762 1788 2853 respondebat.
1825 2762 2099 2826 Confudit

2185 2773 2246 2843 τῇ
2319 2774 2425 2825 τῶν
2489 2766 2701 2826 δικαίων
2774 2761 3112 2850 προσλήψει,
3170 2761 3259 2830 καὶ
3299 2761 3553 2853 ’ὀφείλων
3587 2761 3696 2829 ἐπὶ
3753 2779 3850 2828 τοῦ

445 2875 703 2940 namque
726 2853 1062 2941 exemplum
1088 2849 1799 2941 assumptionejustorum
1838 2872 1851 2912 :
1882 2861 1939 2914 et
1960 2874 2093 2917 cum

2185 2855 2229 2930 ξξ
2272 2857 2449 2938 ἀρχῆς
2495 2859 2835 2938 προτεθέντος
2895 2862 2993 2929 τὴν
3052 2861 3301 2919 ἀποδοσιν
3372 2866 3620 2941 ποιῆσαι,
3679 2884 3740 2919 το
3756 2884 3843 2916 π-

444 2939 696 3012 deberet
726 2945 781 3006 ei
811 2942 969 3024 quod
989 2940 1063 3030 ab
1093 2939 1260 3030 initio
1281 2941 1579 3019 propositi.-
1594 2959 1644 2999 m
1673 2950 1796 3002 erat
1816 2961 2094 3007 sermone

2185 2953 2311 3019 ἐστι,
2356 2949 2463 3004 τῶν
2506 2950 2948 3029 ἁμαρτησάντων,
3005 2948 3070 3006 δι’
3104 2955 3191 3017 οὒς
3248 2954 3336 3009 καὶ
3392 2954 3452 3008 τὸ
3495 2939 3833 3030 παράδειγμα

447 3035 989 3119 respondere,puta
1011 3028 1226 3120 bisqui
1254 3038 2096 3120 peccaverant,propterquos

2185 3038 2267 3092 καὶ
2295 3038 2466 3094 εἰπεῖν
2497 3053 2511 3067 ⁸
2548 3040 2607 3095 Εἰ
2647 3040 2847 3095 τούτων
2914 3042 3011 3120 οὒκ
3076 3040 3339 3120 ἔφείσατο,
3395 3042 3493 3120 ἆρα
3546 3045 3652 3095 τῶν
3695 3062 3840 3119 παρ-

448 3109 625 3190 etiam
652 3109 1018 3203 assumptum
1041 3119 1149 3180 fuit
1166 3118 1528 3208 exemplum,
1564 3127 1621 3179 et
1651 3119 1883 3183 dicere:
1920 3109 1980 3184 Si
2008 3124 2099 3184 his

2185 3123 2348 3180 όντων
2378 3124 2614 3204 ἀσελγῶν
2665 3129 2898 3208 φείσεται
2932 3149 2947 3208 ;
2980 3109 3038 3186 ’ᾖ
3091 3109 3229 3186 κατὰ
3270 3109 3535 3208 ἀπόφασιν
3569 3143 3584 3158 ⁸
3647 3126 3840 3203 Πολλῷ

447 3235 568 3280 non
587 3213 854 3298 pepercit
876 3208 1144 3290 nunquid
1168 3207 1559 3298 prtesentibus
1586 3217 1786 3287 parcet
1812 3210 2100 3293 improbis

2185 3212 2385 3290 μᾶλλον
2415 3213 2530 3271 οὖδὲ
2588 3207 2784 3272 τούτων
2828 3207 3058 3297 φείσεται
3095 3241 3106 3252 ·
3167 3223 3227 3278 οὗ
3282 3207 3439 3275 τοῦτο
3494 3230 3666 3278 ποιεῖ.
3732 3219 3832 3272 Διά

444 3325 515 3369 ac
545 3297 832 3368 lascivis?
863 3310 961 3363 aut
1010 3317 1117 3380 per
1168 3297 1655 3359 atﬁrmationem:
1693 3298 1872 3361 Multo
1916 3303 2101 3383 magis

2185 3304 2278 3379 τί;
2327 3306 2604 3383 Εὖρίσκετο
2647 3307 2745 3384 γὰρ
2796 3305 2929 3374 αὕτη
2973 3309 3008 3375 ἡ
3065 3305 3337 3378 ἀπόδοσις,
3392 3305 3480 3362 δύο
3538 3304 3831 3385 προκειμέ-

450 3413 647 3477 neque
677 3393 769 3456 his
802 3398 1002 3473 parcet
1036 3409 1050 3449 :
1090 3406 1207 3447 non
1240 3388 1353 3448 hoc
1382 3386 1543 3477 facit,
1579 3386 1774 3477 Quare
1805 3389 2094 3462 Quoniam

2185 3416 2285 3449 νων
2340 3392 2761 3474 ὑποδειγμάτων,
2835 3395 3013 3453 καλῶν
3097 3399 3183 3454 καὶ
3268 3404 3471 3477 κακῶν,
3568 3397 3698 3473 πρὸς
3770 3398 3833 3451 τὸ

444 3476 582 3547 cum
615 3483 732 3546 duo
763 3486 1173 3564 proponantur
1229 3476 1522 3566 exempla,
1588 3476 1875 3538 bonorum
1938 3480 2095 3541 vide-

2185 3484 2341 3538 κακὸν
2379 3482 2539 3557 μόνον
2596 3485 2875 3562 γινομένη,
2935 3485 3030 3542 οὒκ
3072 3485 3147 3542 ἔτι
3206 3485 3262 3541 δὲ
3319 3476 3465 3566 πρὸς
3518 3487 3579 3542 τὸ
3610 3484 3833 3564 ἀγαθὸν,

443 3573 587 3636 licet
611 3591 678 3635 ac
752 3563 1070 3649 malorum,
1110 3563 1555 3643 linveniebatur
1615 3566 1737 3628 haec
1798 3570 2096 3630 sermonis

2185 3572 2240 3627 οὐ
2276 3572 2374 3650 γὰρ
2429 3572 2615 3635 καλοῖς
2659 3575 2797 3630 κακὰ
2854 3573 3176 3637 ἀποδίδοται.
3275 3576 3363 3633 Ἐν
3409 3579 3495 3638 οἷς
3577 3573 3666 3631 οὖν
3739 3577 3837 3631 οὒκ

442 3661 753 3744 responsio
787 3660 977 3722 solum
1014 3657 1084 3719 ad
1146 3655 1365 3718 malum
1397 3656 1781 3746 respondere,
1848 3677 1962 3718 non
2020 3658 2091 3719 ad

2185 3660 2367 3740 ἤρκεσε
2397 3668 2493 3737 μιᾷ
2560 3661 2807 3721 ἀποδόσει
2837 3668 2897 3721 τὸ
2970 3666 3217 3744 προτεθὲν
3281 3665 3590 3746 ἀπαρτίσαι,
3640 3662 3833 3742 ἑτέρως

442 3752 711 3814 bonum:
755 3750 927 3812 bonis
985 3747 1145 3809 enim
1179 3764 1298 3807 non
1354 3744 1686 3806 redduntur
1742 3748 1891 3808 mala
1951 3749 2078 3806 541

2185 3749 2763 3834 Βιεγένετοτῄφράσει,
2837 3756 2925 3811 καὶ
2968 3753 3035 3810 δι’
3094 3744 3505 3835 ἐπιφωνήματος
3558 3755 3618 3809 τὸ
3676 3753 3832 3825 ὀφει-

443 3841 590 3906 Cum
617 3858 760 3920 ergo
783 3858 900 3901 non
955 3838 1257 3900 sufﬁceret
1310 3852 1428 3895 una
1486 3838 1783 3896 sermonis
1835 3854 2089 3917 respon-

2185 3842 2395 3916 deevov
2426 3841 2732 3905 ἀπετέλεσε,
2771 3845 2871 3903 Διά
2899 3847 2948 3901 τί
2994 3842 3048 3900 δὲ
3091 3858 3209 3908 τοῖς
3268 3857 3461 3908 κακοῖς
3521 3841 3834 3923 προστίθησι

439 3932 610 3994 sione
638 3928 1026 4012 propositum;
1056 3926 1318 4007 explere,
1375 3923 1492 3985 alio
1547 3927 1725 3986 modo
1773 3924 1832 3986 in
1894 3927 2092 4006 phrasi

2185 3931 2237 3986 τα
2305 3938 2411 3987 τῶν
2480 3932 2688 4010 ἀγαθῶν
2747 3932 3128 4012 ὑποδείγματι,
3191 3934 3453 4013 εἰρήσεται
3521 3932 3656 3989 κατὰ
3737 3932 3835 3987 τὸν

440 4019 788 4101 permansit,
817 4025 877 4081 et
899 4034 1004 4096 per
1026 4015 1429 4097 epiphonema
1452 4013 1698 4094 perfecit
1728 4016 1885 4095 quod
1918 4035 2089 4096 oper-

2185 4018 2428 4102 ἀρμόδιον
2470 4021 2654 4083 τόπον,
2724 4045 2751 4077 α
2826 4020 2990 4080 Ἀλλὰ
3047 4021 3255 4102 ὄγδοον,
3326 4045 3349 4081 ι)
3414 4023 3503 4079 καὶ
3559 4022 3624 4078 τὰ
3679 4018 3831 4087 ἑξῆς.

446 4099 576 4172 tuit.
600 4107 794 4182 Quare
816 4115 1012 4169 autem
1045 4104 1213 4166 malis
1235 4104 1303 4164 ad
1316 4104 1900 4184 miscueritexempla
1917 4105 2101 4167 bono-

2185 4099 2276 4175 Ὠς
2347 4107 2701 4188 προλαϐόντες
2772 4110 2996 4187 εἴπομεν
3065 4114 3125 4169 οὒ
3177 4113 3313 4168 κατά
3367 4113 3429 4168 τὸ
3479 4117 3671 4191 σχῆμα
3739 4120 3836 4169 τοῦ

441 4217 599 4276 rum,
635 4196 1015 4260 convenienti
1042 4196 1170 4256 loco
1203 4193 1456 4254 dicetur.
1501 4215 1522 4247 ιι
1559 4192 1673 4254 Sed
1737 4204 2024 4271 octavum,
2070 4221 2091 4252 ι

2185 4199 2498 4278 φαινομένου
2559 4198 2742 4278 λόγου,
2805 4205 2893 4259 καὶ
2963 4203 2998 4270 ἡ
3070 4199 3244 4259 ἔννοια
3309 4199 3656 4258 ἐπακολουθεῖ
3723 4206 3837 4256 τῶν

444 4296 558 4350 etc.
608 4284 1120 4359 Quemadmodum
1180 4281 1591 4363 przemittendo
1648 4282 1926 4354 diximus,
1981 4305 2097 4346 non

2185 4289 2564 4365 προκειμένων,
2598 4292 2671 4347 Οὐ
2716 4291 2815 4369 γὰρ
2869 4291 3140 4348 ὑπόκειται
3197 4292 3232 4359 ἡ
3284 4288 3533 4354 ἀπόδοσις
3605 4291 3639 4356 ἢ
3698 4291 3832 4345 εἰω-

434 4378 607 4458 juxta
638 4375 698 4436 id
729 4375 882 4455 quod
941 4394 1011 4435 ex
1042 4391 1337 4468 sermone
1394 4379 1655 4452 apparet,
1717 4371 2101 4453 subsequitur

2185 4381 2302 4435 θυϊα
2329 4391 2452 4442 ταῖς
2495 4379 2762 4443 τοιαύταις
2820 4379 3115 4445 συντάξεσιν
3174 4379 3411 4442 ἕπεσθαι,
3476 4377 3624 4436 ’Λλλ’
3682 4379 3835 4435 ἔστιν

441 4466 621 4528 etiam
650 4482 857 4527 eorum
891 4462 1283 4542 intelligentia
1306 4480 1438 4542 qua;
1497 4470 1931 4541 proponuntur.
1964 4466 2097 4525 Non

2185 4467 2327 4535 ἁπλῆ
2388 4468 2846 4547 παραδειγματικὴ
2915 4473 3108 4545 πίστις,
3169 4472 3257 4527 καὶ
3328 4478 3436 4528 τῶν
3494 4469 3577 4527 διὰ
3647 4472 3835 4548 ἀμαρ-

441 4556 602 4617 enim
635 4552 1015 4635 subjungitur
1042 4550 1335 4614 sermonis
1358 4549 1668 4628 responsio
1725 4569 1855 4630 quae
1888 4552 2095 4632 hujus-

2185 4559 2292 4621 τίας
2352 4556 2744 4640 κολαζομένων,
2804 4562 2892 4617 καὶ
2965 4567 3069 4617 τῶν
3140 4559 3225 4617 διὰ
3280 4559 3613 4627 δικαιοσύνην
3664 4581 3840 4634 τιμω-

442 4644 609 4708 modi
669 4642 1077 4705 ordinationes
1134 4641 1299 4721 sequi
1359 4638 1647 4729 solet,sed
1704 4639 1953 4718 simplex
2006 4653 2100 4704 est

2185 4648 2352 4723 μένων
2387 4665 2398 4677 ·
2448 4650 2572 4704 ὡσεὶ
2615 4648 2792 4729 ἔλεγεν
2828 4670 2842 4685 ·
2885 4648 3044 4707 Οἶδεν
3072 4652 3100 4705 ὃ
3145 4652 3273 4712 Θεὸς
3318 4652 3404 4707 καὶ
3436 4652 3557 4714 τοὺς
3589 4649 3832 4728 ἁμαρτά-

439 4733 799 4815 exemplaris
827 4731 1159 4814 persuasio,
1195 4737 1251 4791 et
1309 4729 1384 4790 de
1416 4728 1511 4789 his
1543 4728 1642 4809 qui
1677 4736 1921 4809 propter
1949 4749 2093 4810 pec-

438 4836 569 4887 cata
600 4823 949 4904 puniuntur,
982 4830 1040 4882 et
1069 4821 1143 4883 de
1188 4818 1305 4880 illis
1363 4817 1464 4898 qui
1517 4827 1759 4899 propter
1809 4818 2095 4897 justitiam

440 4912 809 4976 honorantur
844 4933 858 4973 :
894 4926 1172 4991 tanquam
1242 4908 1520 4984 diceret;
1588 4906 1755 4968 Novit
1811 4908 2099 4971 Dominus

439 5011 785 5083 peccatores
816 4999 1237 5063 inevitabiliter
1275 4998 1487 5078 punire
1522 5016 1637 5058 nou
1698 5014 1952 5075 parcens
1984 5000 2092 5075 eis,

437 5090 615 5153 sicuti
646 5091 892 5170 angelos
919 5090 1021 5171 qui
1049 5097 1458 5169 peccaverant,
1497 5085 1679 5148 veluti
1722 5093 1780 5147 et
1810 5084 1948 5146 illos
1997 5088 2097 5169 qui

441 5190 714 5259 tempore
763 5177 967 5239 diluvii
1034 5185 1225 5253 erant,
1260 5176 1415 5237 sicut
1475 5184 1531 5237 et
1589 5174 1979 5237 Sodomorum
2038 5186 2098 5240 et

444 5267 751 5333 Gomorrae
780 5267 1078 5346 civitates;
1146 5284 1382 5327 rursum
1434 5264 1724 5344 justitiam
1780 5275 2097 5342 operantes

437 5351 1937 5435 honorare,quemadmodumNoe,quemadmodum
1966 5353 2090 5421 Lot.

436 5443 508 5507 Et
523 5454 613 5507 est
634 5444 932 5507 ordinatio
948 5443 1380 5525 hujuscemodi:
1407 5442 1550 5506 Cum
1580 5441 1824 5502 dixisset
1845 5443 2092 5520 punien-

516 5614 569 5657 ¹⁵
598 5617 743 5679 Luc.
780 5631 907 5695 vni,
938 5616 1039 5678 31.

2181 4757 2366 4799 νοντας
2397 4735 2517 4792 ἄνευ
2565 4735 2769 4813 φειδοῦς
2827 4737 3070 4810 κολάζειν
3128 4739 3532 4818 ἀπαραιτήτως,
3576 4740 3651 4800 ὡς
3706 4738 3833 4802 τοὺς

2182 4825 2591 4904 ἁμαρτήσαντας
2648 4825 2931 4905 ἀγγέλους,
2990 4829 3064 4891 ὡς
3108 4829 3228 4891 τοὺς
3289 4828 3375 4884 ἐπὶ
3416 4835 3510 4885 τοῦ
3562 4823 3831 4883 κατακλυο

2183 4936 2339 4992 σμου,
2400 4916 2473 4976 ὡς
2516 4916 2610 4979 τὰς
2670 4914 2921 4990 Σοδόμων
2991 4915 3174 4978 πόλεις
3210 4935 3225 4951 ⁸
3300 4918 3387 4972 καὶ⁹
3461 4914 3622 4973 πάλιν
3677 4919 3843 4989 τιμᾷν

2180 5002 2301 5065 τοὺς
2363 4999 2697 5069 δικαιοσύνην
2772 5002 3176 5083 ἐργαζομένους,
3270 5003 3446 5082 ὥσπερ
3530 5006 3620 5059 τὸν
3693 5008 3841 5075 Νῶε,

2180 5090 2356 5169 ὥσπερ
2433 5092 2524 5147 τὸν
2583 5092 2727 5155 Λώτ,
2819 5094 2915 5150 Καὶ
2972 5092 3109 5148 ἔστιν
3168 5095 3202 5162 ᾗ
3279 5091 3512 5158 σύνταξις
3571 5092 3792 5158 τοιαύτη
3827 5107 3841 5121 ⁶

2182 5181 2357 5237 Εἰπὼν
2426 5179 2506 5237 ὅτι
2582 5179 3000 5251 κολασθήσονται
3071 5185 3118 5238 οἱ
3193 5180 3662 5257 ψευδοδιδάσκαλοι
3750 5178 3839 5236 διὰ

2178 5273 2273 5335 τὰς
2302 5271 2641 5354 βλασφημίας
2689 5273 2884 5355 αὖτῶν,
2936 5273 3021 5329 διὰ
3074 5275 3164 5330 τὸν
3218 5274 3419 5354 ἀσελγῆ
3478 5275 3590 5351 βίον
3661 5276 3838 5329 αεῖτῶν

2178 5361 2411 5441 ἐπιφέρει
2457 5353 2548 5419 ⁷τά
2627 5353 3050 5442 παραδείγματα.
3113 5353 3171 5420 ιΟ
3242 5353 3369 5442 γὰρ
3404 5365 3533 5427 Θεὸς
3588 5361 3834 5442 ἀγγέλων

2178 5450 2595 5529 ἁμαρτησάντων
2663 5453 2758 5509 οὒκ
2814 5452 3078 5533 ἐφείσατο,
3130 5450 3245 5508 οὒδέ
3303 5453 3529 5533 ἀρχαίου
3599 5453 3834 5528 κόσμου.
