4106 6464
413 324 534 390 599

1535 320 1950 388 (ECUMENII
1994 313 2291 379 TRICCAE
2333 319 2670 384 EPISCOPI

3682 299 3841 396 ’θοο

413 455 532 521 nis:
558 456 719 518 varia
736 456 898 523 enim
923 456 1164 518 nomina
1185 456 1390 519 sortita
1411 464 1502 518 est
1536 474 1740 517 eorum
1759 453 2067 535 iniquitas:
2089 498 2090 501 η

2177 459 2470 521 ἰαασηνῶν,
2526 455 2562 524 ἣ
2627 454 2983 536 Κερδονιανῶν
3060 458 3425 535 Πολυώνυμος
3504 462 3611 540 γὰρ
3666 466 3839 521 αὐτῶν

416 544 990 627 etquemadmodum
1004 546 1309 607 sceleratis
1330 543 1609 617 factis,ita
1640 558 1698 605 et
1724 541 2068 604 nominibus

2177 544 2396 625 ικακία,
2441 545 2531 601 καὶ
2560 546 2633 608 ὡς
2688 559 2806 610 τοῖς
2860 560 3077 622 μιαροῖς
3130 547 3329 627 ἔργοις,
3381 548 3530 606 οὕτω
3592 553 3684 608 καὶ
3715 566 3835 617 τοῖς

417 633 662 696 confusa
684 652 816 696 esse
837 633 1490 714 deprehenditur.Nam
1516 632 1758 711 hi,sicut
1784 630 2063 705 diximus,

419 811 704 875 sistentiaa
719 811 924 874 mundi
944 831 1128 892 opera
1150 813 1508 893 etquasdam
1524 819 1740 872 matres
1762 829 1830 870 ac
1854 807 2071 870 saecula

420 900 762 983 prodigiose
791 909 1119 976 narrantes,
1153 900 1651 982 quemadmodum
1707 909 1764 960 et
1808 896 2075 960 Marcion

422 989 718 1071 quiprava
741 990 994 1070 sumpsit
1017 990 1088 1051 ab
1116 991 1207 1053 his
1230 989 1460 1052 semina
1488 1008 1500 1051 :
1561 989 1781 1050 deinde
1817 1006 1921 1068 per
1950 987 2075 1047 haec

422 1077 662 1159 repulsa
691 1077 1102 1141 dominatione
1146 1078 1530 1140 institutionis
1586 1095 1654 1138 ac
1685 1075 2079 1139 insnectionis

422 1166 548 1230 sive
574 1166 1025 1246 gubernationis
1054 1168 1282 1231 mundi.
1339 1169 1410 1229 ad
1472 1186 1707 1228 omnem
1771 1166 2074 1227 carnalem

424 1255 861 1341 impudicitiam
897 1257 1189 1338 intrepide
1221 1264 1642 1337 pervenerunt.

509 1344 679 1419 Quod
704 1348 1066 1430 siquispiam
1090 1351 1165 1413 de
1195 1350 1287 1411 his
1317 1350 1551 1411 discere
1580 1348 1988 1428 velit,sumpto
2013 1346 2073 1408 in

431 1452 644 1498 manus
664 1436 821 1501 libro
854 1458 888 1500 a
906 1449 1077 1501 beato
1098 1439 1221 1500 viro
1239 1439 1462 1501 [remeo
1495 1438 1725 1501 (ἔθυοτῦ
1748 1436 2076 1515 composito

431 1544 610 1604 quem
631 1527 928 1591 Adversus
943 1530 1101 1607 falso
1119 1530 1343 1592 dictum
1361 1529 1729 1607 sapientiam
1747 1525 2074 1606 inscripsit,

430 1613 693 1675 inveniet
720 1616 931 1677 horum
960 1618 1388 1691 immunditias,
1427 1616 1799 1697 potissimum
1837 1626 2083 1695 promer

2151 634 2373 709 ὀνόμασι
2459 635 2835 714 συγκεχυμένη
2900 635 3393 711 καταλαμϐάνεται.
3468 641 3633 698 Οὗτοι
3708 641 3835 719 γὰρ,

417 732 690 807 suscepta
731 722 874 784 545
896 723 1292 804 profunditate
1314 742 1383 784 ac
1402 721 1660 795 silentio,
1698 720 1888 801 prima
1919 718 2067 780 sub-

2177 745 2227 786 π)ς
2309 722 2572 803 φθάνομεν
2656 725 2921 797 εἰπόντες,

3013 727 3169 802 βυθὲν
3235 728 3689 804 ὑποστησάμενοι
3750 730 3839 785 καὶ

2158 812 2310 889 σιγὴν
2368 813 2434 869 τὰ
2490 814 2800 892 πρωτουργὰ
2857 814 2955 881 τῆς
3026 822 3121 872 τοῦ
3187 816 3396 892 γόσμου
3455 818 3833 885 ὑποστάσεως.

2157 903 2245 957 καὶ
2271 924 2416 965 τινας
2460 901 2566 958 ἀπὸ
2592 902 2793 959 τούτων
2823 903 3058 978 μητέρας
3117 906 3205 961 καὶ
3265 908 3473 970 αἰῶνας
3532 905 3836 985 τερατολο-

2159 994 2442 1071 γήσαντες,
2482 993 2554 1048 ὡς
2613 992 2700 1048 καὶ
2756 994 3002 1071 Μαρκίων
3060 992 3166 1050 ἀπὸ
3210 996 3415 1051 τούτων
3477 993 3667 1051 λαϐὼν
3725 1016 3838 1051 πο-

2159 1084 2293 1162 νηρὰ
2348 1081 2646 1161 σπέρματα,
2708 1095 2827 1139 εἶτα
2903 1083 3216 1163 κυριότητας
3288 1083 3378 1141 διὰ
3462 1085 3674 1142 τούτων
3738 1085 3837 1150 τῆς

2160 1181 2252 1231 τοῦ
2306 1171 2506 1246 κόσμου
2578 1168 2918 1250 δημιουργίας
2989 1174 3381 1254 ηταρωσάμενοι
3437 1175 3531 1231 καὶ
3574 1173 3833 1248 ὶποψίας,

2160 1260 2244 1317 ἐπὶ
2299 1266 2473 1317 πᾶσαν
2542 1258 2828 1339 ἐχώρησαν
2901 1260 3066 1328 ἀδεῶς
3143 1264 3405 1343 σαρκικήν
3475 1262 3835 1341 ἀκαθαρσίαν.

2243 1351 2342 1409 Καὶ
2366 1347 2420 1405 εἴ
2466 1371 2547 1414 τις
2604 1351 2722 1406 περὶ
2762 1350 2960 1407 τούτων
3004 1350 3172 1409 ἐθέλοι
3230 1356 3451 1429 μαθεῖν,
3511 1352 3617 1419 τὴν
3666 1352 3837 1427 Εἰρη-

2160 1441 2288 1512 ναίῳ
2343 1444 2419 1512 τῷ
2474 1438 2656 1513 Κελτῷ
2711 1441 2954 1518 μακαρίῳ
3007 1441 3264 1520 ἀνθρώπῳ
3330 1443 3456 1522 περὶ
3502 1443 3680 1497 αὗτῶν
3748 1437 3837 1494 ἐκ·

2160 1528 2539 1605 πεπονημένην
2567 1525 2748 1605 βίϐλον
2792 1530 2927 1597 μετὰ
2967 1543 3161 1610 χεῖρας
3220 1528 3428 1606 λαϐὼν,
3463 1529 3534 1598 ἢν
3587 1528 3830 1605 ἐπέγρα-

2163 1626 2233 1696 ψε
2292 1619 2438 1677 Κατὰ
2520 1622 2615 1685 τῆς
2688 1615 3026 1694 ψευδωνύμου
3115 1620 3388 1697 γνώσεως,
3450 1619 3672 1698 εὒρήσει
3732 1616 3829 1676 τὰς

429 1705 915 1778 ΜδΓευηιλνίινιιω
949 1707 1467 1787 obscenissimum,
1502 1715 1560 1767 et
1591 1725 1693 1767 eos
1723 1711 1820 1786 qui
1855 1704 1927 1765 ab
1953 1705 2079 1784 ipso

2177 1711 2360 1766 τούτων
2396 1707 2735 1787 ἀκαθαρσίας,
2796 1706 2881 1763 διὰ
2952 1708 3163 1786 Μάρκου
3215 1708 3457 1781 μάλιστα
3513 1714 3612 1764 τοῦ
3662 1703 3832 1760 ἀσελ-

430 1791 661 1855 seducti
690 1795 949 1870 fuerunt,
986 1815 1054 1858 ac
1104 1801 1414 1877 corruptas
1472 1795 1722 1857 miseras
1770 1794 2050 1855 mulieres

437 1907 466 1939 α
497 1883 788 1952 Audaces.
824 1885 1140 1966 praefracti.
1171 1912 1197 1943 α
1229 1885 1717 1949 Subaudiendum
1776 1893 1905 1945 est:
1967 1882 2078 1956 Qui

431 1981 591 2033 sunt.
628 1974 872 2055 Bejecto
896 1975 1079 2055 igitur
1104 1976 1307 2038 mundi
1337 1976 1676 2056 inspectore
1708 1974 1831 2035 sive
1862 1973 2077 2053 guber-

432 2070 638 2124 natore
653 2081 722 2125 ac
740 2066 1184 2139 creatore,nihil
1212 2065 1427 2127 mirum
1446 2076 1533 2127 est
1554 2064 1711 2145 quod
1738 2063 2080 2141 hujusmodi

431 2149 692 2213 audaces
720 2152 838 2214 sint
867 2173 935 2215 ac
962 2154 1274 2234 praefracti,
1298 2155 1411 2215 hoc
1437 2153 1942 2232 est,insequentes
1972 2147 2085 2211 sibi

413 2240 752 2320 .placentia.
816 2240 932 2306 Sed
963 2251 1023 2304 et
1064 2244 1480 2305 convitiatores
1510 2242 1677 2303 dicit.
1712 2240 1855 2303 Nam
1890 2242 1987 2321 qui
2016 2259 2085 2302 ex

436 2338 776 2411 contemptu
804 2332 1273 2397 dominationem
1295 2353 1413 2395 non
1444 2333 1657 2395 timent
1704 2332 1843 2413 quid
1872 2331 2084 2392 mirum

439 2418 490 2479 si
516 2420 694 2480 etiam
723 2421 1005 2485 adversus
1053 2441 1293 2486 onmem
1351 2422 1732 2504 splendorem
1789 2421 2085 2501 intrepide

440 2510 790 2589 persistent?
816 2511 1097 2591 Apersius
1118 2521 1314 2575 autem
1338 2512 1518 2573 dehis
1546 2510 2090 2573 dicitbeatusludas

436 2598 761 2681 apostolus,
789 2599 891 2660 ubi
920 2609 979 2663 et
1027 2601 1102 2663 de
1147 2601 1298 2664 Mosi
1352 2620 1602 2682 corpore
1663 2601 1799 2662 facit
1831 2600 2087 2661 mentio-

436 2703 576 2747 nem
600 2686 682 2750 ιϐ.
714 2686 861 2749 Nam
897 2689 994 2751 hic
1046 2710 1204 2752 nunc
1261 2690 1457 2752 obiter
1514 2699 1743 2752 tantum
1778 2689 2096 2751 insinuavit

441 2780 691 2854 tangens
718 2776 907 2838 solum
939 2796 1007 2839 ac
1036 2778 1253 2841 sedans
1281 2777 1360 2840 de
1386 2779 1496 2840 hac
1518 2796 1583 2840 re
1613 2796 1976 2840 sermonem.
2013 2776 2093 2839 Ex

437 2862 540 2925 illo
555 2864 742 2943 igitur
757 2867 1073 2929 occasione
1087 2877 1321 2948 sumpta
1342 2868 1514 2929 etiam
1532 2867 1862 2948 deihisqua:
1882 2885 2094 2947 propo-

2160 1802 2418 1883 γεστάτου
2443 1799 2531 1854 καὶ
2599 1803 2708 1853 τῶν
2762 1796 2852 1853 ὑπ’
2907 1799 3062 1854 αὑτοῦ
3115 1799 3484 1875 ἠπατημένων
3554 1797 3646 1854 καὶ
3720 1791 3833 1849 διε-

2161 1889 2470 1974 φθαρμένων
2512 1885 2751 1943 ἐλεεινῶν
2783 1894 3062 1965 γυναικῶν.
3102 1908 3125 1943 ε
3156 1887 3458 1965 Τολμηταὶ.
3494 1883 3762 1946 αὒθάδεις.
3804 1903 3831 1935 ι

2165 1988 2660 2061 Προσυπακοοστέον
2716 1978 2801 2055 τὸ,
2859 1976 2926 2034 Ο⁷ί
2983 1979 3104 2040 εἰσι.
3174 1978 3606 2057 Παρωσαμένους
3660 1975 3835 2029 τοίνυν

2167 2074 2259 2128 τὸν
2288 2075 2381 2126 τοῦ
2422 2067 2623 2142 κόσμου
2653 2065 2892 2132 ἐπόπτην
2942 2067 3030 2123 καὶ
3085 2076 3337 2139 ποιητὴν,
3404 2064 3560 2124 οὐδὲν
3612 2063 3837 2123 ἀπεικὸς

2170 2164 2256 2218 καὶ
2275 2158 2552 2233 ταλμητας
2607 2157 2727 2218 τοὺς
2785 2156 3047 2219 τοιούτους
3091 2158 3179 2212 καὶ
3238 2154 3507 2225 αὐθάδεις,
3565 2150 3832 2221 τουτέστι,

2169 2252 2230 2306 τὸ
2303 2249 2512 2310 ἑαυτοῖς
2572 2243 2791 2321 ἀρέσκον
2847 2242 3271 2318 μεταδιώκοντας
3331 2245 3604 2322 γενέσθαι,
3669 2235 3838 2297 Ἀλλά

2167 2340 2256 2396 καὶ
2312 2336 2657 2416 βλασφήμους
2718 2334 2896 2413 φησίν.
2959 2336 3019 2392 Οἱ
3073 2335 3173 2414 γὰρ
3265 2334 3324 2390 ἐκ
3381 2329 3835 2416 καταφρονήσεως
3863 2360 3883 2393 ι

2171 2428 2232 2485 οὔ
2260 2414 2555 2487 δαδοικότες
2605 2424 2703 2493 τήν
2764 2424 3073 2503 κυριότητα,
3105 2425 3156 2479 τί
3208 2424 3270 2481 ἂν
3326 2429 3580 2504 πρᾶγμα,
3648 2420 3693 2474 εί
3750 2414 3839 2473 καὶ

2172 2518 2302 2596 πρὸς
2334 2521 2504 2572 πᾶσαν
2534 2511 2684 2578 δόξαν
2755 2501 2921 2576 ἀδεῶς
2982 2501 3314 2592 διεγίνοντος
3372 2501 3723 2587 ’Τρανότερον
3783 2501 3835 2558 δὲ

2172 2594 2290 2684 περὶ
2344 2604 2540 2660 τούτων
2611 2604 2639 2657 6
2711 2601 2970 2679 μακάριος
3045 2600 3342 2666 ἀπόστολος
3437 2597 3639 2660 Ἰούδας
3698 2594 3833 2672 ἐρεῖ,

2178 2694 2310 2752 ὅπου
2367 2695 2455 2750 καὶ
2509 2692 2626 2770 περὶ
2668 2696 2761 2746 τοῦ
2797 2689 3060 2755 Μωϋσέως
3110 2693 3470 2767 μνημονεύσει
3532 2686 3782 2763 σώματος
3817 2700 3832 2715 ⁸

2179 2787 2327 2846 οὗτος
2386 2782 2486 2861 γὰρ
2535 2788 2625 2837 νῦν
2700 2779 2859 2856 μόνον
2930 2781 3266 2860 ὑπέκρουσεν,
3350 2782 3634 2854 ἁψάμενος
3702 2776 3834 2846 ὁμοῦ

2177 2875 2265 2930 καὶ
2293 2871 2633 2933 καταπαύσας
2694 2871 2783 2925 τὸν
2842 2872 2962 2948 περὶ
3014 2871 3200 2928 τούτου
3242 2869 3426 2947 λόγον.
3477 2867 3574 2927 Ἐλ
3634 2862 3831 2921 ἐκείνου

442 2954 951 3042 nuntur,dicimus
970 2958 1153 3038 quod,
1185 2956 1580 3038 «Splendores
1607 2976 1723 3017 non
1758 2965 2084 3022 verentur.»

2177 2961 2344 3020 τοίνυν
2374 2961 2460 3017 καὶ
2489 2961 2605 3038 περὶ
2647 2964 2752 3014 τῶν
2806 2958 3167 3037 προκειμένων
3224 2957 3477 3025 λαϐόντες
3537 2957 3633 3019 τὰς
3664 2953 3830 3032 ἀφορ-

438 3041 552 3105 hoc
583 3052 672 3105 est
705 3065 719 3107 :
754 3043 1159 3128 Contemplim
1175 3065 1414 3109 omnem
1441 3046 1628 3125 gloria
1651 3046 2089 3124 praecellentem

439 3132 773 3195 maledictis
788 3133 1187 3197 incessunt.Et
1206 3154 1588 3216 compescere
1606 3135 1810 3197 volens
1825 3134 2091 3209 ipsorum

435 3222 598 3284 circa
631 3222 771 3285 talia
796 3224 1125 3298 audaciam,
1164 3224 1246 3287 ait
1280 3246 1294 3288 :
1323 3250 1349 3281 α
1384 3226 1530 3288 Cum
1589 3224 1783 3303 angeli
1827 3225 1927 3305 qui
1957 3235 2096 3286 sunt

438 3310 714 3390 potentia
751 3330 820 3374 ac
848 3312 1062 3375 virtute
1096 3316 1377 3393 majores,
1411 3333 1527 3375 non
1575 3313 1763 3375 ferant
1813 3313 2096 3375 adversus

434 3397 601 3480 ipsos
629 3400 784 3481 apud
812 3403 1127 3466 Dominum
1151 3402 1533 3465 maledictum
1552 3402 1907 3482 judicium,»
1931 3402 2093 3463 idem

438 3486 654 3550 dicens
674 3508 809 3551 cum
834 3489 1187 3568 beatoJuda,
1212 3499 1276 3553 ut
1297 3491 1579 3555 diximus:
1609 3492 2095 3573 quandoquidem

437 3583 498 3638 et
521 3576 625 3639 ille
653 3582 1051 3659 quorumdum
1086 3581 1302 3663 linguae
1348 3582 1731 3662 petulantiam
1789 3597 1857 3644 ac
1914 3598 2097 3659 nugas

437 3682 764 3749 coercens,
796 3669 870 3731 ab
892 3671 1104 3734 eodem
1138 3671 1411 3753 exemplo
1436 3671 1575 3734 fecit
1604 3671 2098 3751 admonitionem,

436 3752 620 3837 idque
650 3756 831 3821 latius
854 3777 991 3821 cum
1011 3760 1278 3836 itaidicit:
1320 3752 1619 3824 (Michael
1643 3761 2056 3840 archangelus,
2073 3784 2094 3815 ο

436 3852 551 3907 etc.
570 3894 587 3920 ,
618 3864 772 3909 «non
799 3866 977 3911 ausus
997 3858 1087 3912 est
1114 3849 1468 3912 maledicum
1486 3851 1781 3931 judicium
1801 3850 2099 3931 impinge-

429 3952 558 3999 re.»
587 3932 730 3997 Tale
751 3936 931 4014 igitur
952 3941 1212 4021 estquod
1238 3938 1635 4002 etiamPetrus
1659 3941 1783 4001 vult
1806 3958 1967 4001 nunc
1999 3937 2103 3999 di—

435 4032 767 4114 cere,quod
794 4029 857 4093 hi
881 4031 1338 4094 cacodaamones
1361 4029 1511 4090 nihil
1533 4037 1775 4112 parcant
1792 4028 2104 4091 maledicta

432 4122 765 4204 ingerendo
789 4125 851 4184 in
874 4121 1260 4203 splendores.
1287 4119 1466 4200 Atqui
1488 4138 1563 4181 ne
1594 4120 1679 4182 illi
1725 4119 1968 4200 quidem
2003 4117 2104 4198 qui

434 4210 698 4294 potentia
730 4228 801 4273 ac
857 4210 1074 4273 virtute
1133 4210 1389 4289 majores
1419 4217 1582 4283 sunt,
1646 4208 1925 4270 videlicet
1970 4208 2103 4294 istis

2175 3052 2305 3131 μὰς,
2335 3048 2581 3127 λέγομεν,
2617 3046 2698 3105 ὅτι
2727 3049 2810 3121 τὸ,
2845 3070 2872 3101 ε
2902 3046 3065 3113 Δόξας
3085 3048 3143 3104 οὗ
3170 3048 3475 3130 τρέμουσιν,
3516 3070 3544 3102 ιι
3580 3044 3695 3101 ἀντὶ
3717 3044 3830 3117 τοῦ,

2180 3143 2654 3218 Καταφρονητικῶς
2726 3136 2911 3217 ἔχουσι
2995 3143 3170 3194 πᾶσαν
3247 3135 3403 3204 δόξαν
3460 3136 3829 3215 βλασφημεῖν.

2182 3230 2278 3287 Καὶ
2306 3226 2626 3305 βουλόμενος
2673 3226 2929 3307 ἐπι-σχεϊι
2979 3227 3078 3294 τὴν
3130 3228 3246 3306 περὶ
3301 3228 3369 3283 τὰ
3412 3232 3635 3285 τοιαῦτα
3666 3221 3833 3277 αὑτῶν
3926 3302 3933 3305 ῃ

2176 3316 2403 3396 τόλμαν,
2450 3316 2631 3396 φησίν.
2672 3338 2693 3369 ιι
2754 3305 2936 3373 υόττου
3006 3305 3223 3393 ἄγγελοι
3284 3315 3444 3397 ἰσχύϊ
3500 3314 3593 3371 καὶ
3621 3307 3835 3397 δυνάμει

2179 3393 2411 3484 μείζονες
2465 3393 2614 3468 ὄντες
2666 3406 2726 3462 οὐ
2782 3403 2994 3484 φέρουσι
3050 3404 3168 3461 κατ’
3243 3393 3414 3463 αὺτῶν
3470 3402 3618 3479 παρά
3677 3393 3843 3474 Κυρίῳ

2178 3495 2494 3575 βλάσφημον
2552 3494 2744 3575 κρίσιν,
2779 3516 2806 3550 ι
2855 3494 3045 3550 ταύτὸν
3086 3499 3164 3567 τῷ
3222 3495 3479 3573 μακαρίῳ
3524 3487 3709 3560 Ἰούδᾳ,

2179 3571 2406 3667 ἔφημεν,
2478 3571 2672 3666 λέγων,
2720 3583 2835 3639 ἐπεὶ
2875 3596 3125 3648 κακεῖνος
3177 3584 3277 3653 τήν
3340 3571 3509 3642 τινων
3568 3571 3843 3660 γλωσσαλ-

2184 3677 2301 3753 γίαν
2327 3673 2587 3746 κολάζων,
2645 3674 2752 3729 ἀπὸ
2799 3679 2892 3728 τοῦ
2964 3672 3122 3731 αὒτοῦ
3167 3669 3603 3752 παραδείγματος
3674 3672 3842 3723 ποιεῖ-

2183 3786 2269 3820 ται
2302 3764 2398 3832 τὴν
2469 3762 2758 3842 νουθεσίαν,
2833 3758 3156 3839 πλατύτερον
3213 3750 3417 3837 μέντοι,
3462 3758 3532 3818 δι’
3574 3761 3649 3814 ὧν
3704 3750 3838 3810 οῧτω

2186 3852 2329 3931 λέγει
2355 3872 2369 3886 ⁶
2408 3875 2435 3907 α
2471 3842 2528 3910 Ὀ
2554 3849 2609 3907 δὲ
2637 3839 2861 3930 Μιχαὴλ
2892 3852 2919 3906 6
2940 3849 3302 3930 ἀρχάγγελος,
3335 3871 3361 3908 ι
3391 3854 3486 3909 καὶ
3514 3848 3661 3925 ἑξῆς,
3698 3867 3723 3897 α
3748 3839 3838 3896 οὒκ

2191 3941 2453 4019 ἐτόλμησε
2508 3941 2675 4021 κρίσιν
2732 3938 3026 4017 ἐξενεγκεῖν
3083 3938 3449 4020 βλασφημίας.
3491 3964 3518 3995 ιι
3596 3931 3839 4021 Τοιοῦτον

2188 4032 2275 4088 οὖν
2317 4017 2419 4088 καὶ
2476 4017 2669 4109 Πέτρος
2727 4027 2903 4107 λέγειν
2958 4025 3207 4104 βαύλεται
3234 4017 3245 4020 ⁷
3279 4035 3391 4103 νῦν,
3451 4029 3537 4086 ὅτι
3595 4032 3736 4082 οὗτοι
3793 4017 3836 4109 οἷ

2184 4119 2563 4196 κακοδαίμονες
2583 4104 2836 4194 οὐδεμίαν
2864 4117 3033 4198 ἔχωσι
3078 4114 3240 4197 φειδὼ
3295 4120 3414 4196 περὶ
3482 4120 3536 4175 τὸ
3609 4114 3704 4177 τὰς
3746 4104 3834 4198 δό-

2186 4210 2274 4276 ξας
2307 4194 2671 4297 βλασφεμεϊν,
2688 4207 2778 4297 καί
2805 4194 2951 4285 τοιγτε
2992 4194 3108 4263 οὒδέ
3163 4208 3209 4262 οἱ
3265 4194 3482 4282 δυνάμει
3551 4205 3638 4263 καὶ
3658 4194 3836 4297 ’ἰσχύϊ

431 4290 841 4383 impuris,non
890 4300 1090 4364 ferunt
1116 4299 1238 4396 sive
1265 4297 1574 4379 proferunt
1593 4298 1879 4360 adversus
1912 4290 2090 4378 ipsos,

2187 4300 2420 4375 μείζονες
2450 4297 2620 4372 ὅντες,
2652 4294 2899 4364 δηλονότι
2953 4300 3059 4351 τῶν
3103 4302 3306 4373 μιαρῶν
3336 4296 3562 4369 τούτων,
3622 4290 3682 4348 οὗ
3738 4290 3833 4366 φέ-

436 4389 581 4471 puta
611 4388 989 4471 splendores,
1024 4386 1385 4452 maledicum
1400 4387 1695 4468 judicium
1723 4386 1879 4469 apud
1907 4386 2104 4449 Domi-

438 4497 613 4542 num.
637 4480 715 4542 Et
740 4479 920 4559 hujus
950 4478 1124 4540 testis
1171 4477 1424 4541 Michael
1483 4477 1901 4557 archangelus.
1962 4476 2105 4536 544

440 4564 763 4649 Siquidem
820 4566 983 4632 enim
1042 4575 1100 4629 et
1149 4566 1428 4629 diabolns
1477 4566 1733 4647 aliquam
1791 4566 2104 4647 participat

438 4656 797 4737 gloriam,eo
818 4656 977 4739 quod
997 4656 1233 4718 initium
1261 4663 1335 4717 sit
1358 4656 1695 4719 Creationis
1716 4655 2101 4734 Domini,non

433 4746 690 4827 protulit
710 4745 1030 4810 adversum
1053 4745 1256 4825 ipsum
1290 4745 1603 4819 calumniae
1627 4747 2105 4827 sermonemEst

435 4825 617 4898 etiam
652 4834 728 4898 ab
756 4834 850 4898 his
873 4834 1619 4913 eﬂlcaciorargumentatio
1658 4834 1770 4895 hoc
1790 4834 1986 4895 modo:
2039 4825 2102 4896 Si

432 4924 597 4988 enim
627 4923 901 4988 diabolus
930 4925 1033 5007 qui
1074 4924 1320 5004 dignior
1349 4931 1440 4984 est
1469 4923 1530 4985 in
1579 4942 1754 5005 quem
1799 4923 2105 5002 jactentur

436 5013 719 5091 convitia,
756 5024 961 5076 tamen
995 5013 1136 5094 quia
1182 5012 1564 5093 splendorem
1615 5012 1949 5093 participat,
1985 5031 2102 5074 non

437 5107 528 5164 est
549 5100 664 5164 hoc
693 5110 1058 5167 consecutus
1089 5121 1124 5164 a
1153 5100 1444 5164 Michaele
1493 5117 1690 5161 coram
1715 5098 1968 5161 Domino
1991 5118 2104 5161 ne-

436 5207 731 5271 quaquam
801 5190 1131 5269 prudentes
1182 5196 1383 5253 essent
1434 5188 1535 5269 qui
1588 5196 1815 5249 tcmere
1862 5206 2101 5250 omnem

438 5276 823 5358 splendorem
846 5278 971 5341 sive
992 5279 1319 5361 splendore
1366 5277 1648 5360 praedltos
1697 5276 1980 5338 convitiis
2006 5279 2100 5339 in-

437 5374 768 5438 cesserent,
812 5385 947 5428 cum
1004 5366 1234 5446 angelis
1255 5367 1442 5428 multo
1464 5365 1823 5444 posteriores
1872 5365 1999 5427 sint
2041 5367 2103 5429 in

437 5452 695 5530 honore;
729 5452 881 5521 δόξας
903 5464 1100 5518 autem
1117 5454 1289 5531 dicit,
1316 5454 1438 5516 sive
1461 5453 1689 5516 divinas
1718 5453 1964 5517 virtutes
1981 5456 2104 5517 sive

518 5610 591 5666 η’
622 5612 756 5693 Lib.
784 5641 827 5699 ι,
865 5642 999 5707 cap.
1034 5625 1094 5702 1,
1133 5624 1193 5705 8,
1224 5624 1287 5688 9.
1324 5621 1375 5667 ιθ
1399 5620 1567 5685 Iudae
1593 5624 1657 5686 9.

2186 4410 2383 4467 ρουσιν.
2443 4385 2560 4454 ἤτοι
2619 4387 2679 4443 οὗ
2714 4386 3087 4464 προκομίζουσι
3130 4382 3248 4440 κατ’
3308 4388 3482 4444 αότῶν
3520 4381 3675 4441 οἱονεὶ
3731 4378 3834 4429 τῶν

2186 4464 2346 4543 δοξῶν
2401 4475 2718 4555 βλάσφημον
2773 4472 2939 4553 κρίσιν
2985 4473 3126 4541 παρὰ
3211 4473 3408 4553 Κυρίῳ,
3485 4474 3584 4533 Καὶ
3656 4464 3833 4555 τούτου

2186 4550 2653 4644 μάρτυςήΜιχαὴλ
2697 4565 2725 4619 6
2783 4550 3141 4642 ἀρχάγγελος.
3194 4550 3345 4619 Ἐπεὶ
3373 4564 3474 4642 γὰρ
3505 4560 3662 4626 δόξης
3694 4550 3831 4609 τινὸς

2187 4654 2406 4735 μετέχει
2435 4655 2523 4710 καὶ
2556 4657 2585 4710 6
2615 4650 2858 4714 διάϐολος
2901 4648 2985 4707 διὰ
3038 4653 3100 4708 τὸ
3167 4652 3344 4731 ἀρχὴν
3400 4665 3540 4709 εἴναι
3596 4644 3839 4735 πλάσμα-

2185 4766 2276 4808 τος
2309 4732 2517 4823 Κυρίου,
2552 4744 2647 4799 οὐκ
2673 4739 2867 4819 ἤνεγκε
2898 4739 3018 4796 κατ’
3068 4740 3222 4798 αὐτοῦ
3276 4740 3598 4821 βλάσφημον
3654 4732 3832 4823 λόγονο

2189 4835 2289 4892 Καὶ
2319 4821 2457 4889 ἔστιν
2488 4821 2593 4888 ἀπὸ
2651 4829 2857 4887 τουτων
2915 4828 3119 4905 μᾶλλον
3162 4832 3197 4898 ἡ
3249 4829 3587 4910 ἐπιχείρησις
3631 4821 3829 4910 οῧτξυς⁸

2188 4924 2245 4980 Εἰ
2316 4922 2418 5000 γὰρ
2503 4923 2531 4977 6
2589 4918 2793 4996 μᾶλλον
2847 4916 2989 4984 ἄξιος
3048 4907 3480 5000 βλασφημείσθαι
3571 4907 3828 5000 διάϐολος,

2188 4994 2342 5087 ὅμως
2367 4994 2454 5066 δια
2482 5009 2547 5067 τό
2580 4994 2732 5077 δόξης
2763 5007 3015 5087 μετέχειν
3049 4994 3155 5066 οὐκ
3200 4994 3373 5089 ’ἔτυχε
3442 5008 3631 5065 τούτου
3699 4994 3835 5089 παρὰ

2185 5110 2278 5160 τοῦ
2328 5097 2554 5179 Μιχαὴλ
2611 5098 2835 5155 ἐνώπιον
2895 5085 3104 5177 Κυρίου,
3163 5102 3258 5157 οὒκ
3402 5098 3668 5178 σώφρονες
3724 5085 3834 5142 εἶεν

2185 5191 2233 5246 οἱ
2259 5177 2560 5268 προχείρως
2630 5193 2804 5243 πᾶσαν
2861 5183 3012 5251 δόξαν
3055 5177 3524 5268 βλασφημοῦντες,
3593 5186 3690 5248 τῆς
3725 5177 3834 5268 τῶν

2185 5261 2427 5357 ἀγγέλων
2457 5261 2768 5348 τιμιότητος
2797 5274 3022 5332 κατόπιν
3052 5261 3352 5357 φερόμενοι.
3410 5274 3576 5340 Δόξας
3606 5268 3685 5343 δὲ,
3718 5261 3834 5357 ἧτὲοι

2186 5349 2281 5432 τάξ
2332 5366 2473 5429 θείας
2516 5365 2647 5435 φησὶ
2701 5361 2974 5438 δυνάμεις,
3112 5349 3201 5420 καὶ
3257 5366 3351 5428 τὰς
3396 5349 3834 5429 ἐκκλησιαπικάς

2215 5454 2375 5535 ρχάς,
2406 5454 2482 5509 ὧν
2510 5451 2824 5517 ἀπεναντίας
2887 5454 2933 5508 οἱ
2988 5451 3402 5532 χοιρωδέστατοι
3458 5454 3599 5510 οὗτοι
3642 5438 3835 5527 φερόμε
