4106 6450
356 329 499 397 605

1461 338 1862 404 COMMENT.
1907 335 1992 397 IN
2035 332 2280 399 EPIST.
2328 339 2387 400 II
2430 339 2493 403 S.
2538 341 2796 404 PETRI.

3653 335 3771 402 606

356 480 581 558 ττηγατς
666 466 926 549 ἀνύδροις,
984 473 1059 535 ὡς
1126 471 1536 539 ἀπολωλεκότας
1617 475 1680 532 τὸ
1737 478 1837 541 τῆς
1893 475 2000 544 ζωῆ

2089 469 2386 558 ιῖοηιίὺιιε
2414 490 2566 556 aqua
2593 475 3023 551 carentibus,ut
3041 474 3142 558 qui
3171 491 3386 556 aquam
3409 473 3540 535 vitae
3558 470 3766 553 perdi-

354 555 529 638 ῧδωρ,
574 558 832 630 τουτέστι,
912 562 974 617 τὸ
1047 572 1140 623 τοῦ
1207 566 1544 644 κηρύγματος
1629 564 1855 642 καθαρὸν
1939 584 2000 618 κα

2110 555 2604 639 derunt,hocest,
2632 555 3078 645 praedicationis
3094 555 3407 646 puritatem
3432 579 3765 642 aquamque

355 647 598 724 πότιμον
670 647 828 728 ὕδωρ,
893 652 922 707 ὃ
984 650 1129 732 ἔχων
1188 655 1215 709 ὁ
1275 660 1482 731 Κῦριος,
1556 651 1782 717 πολλοὺς
1869 653 2000 709 αὒτοί

2111 649 2432 736 potabilem
2462 671 2475 716 :
2501 674 2677 736 quam
2703 674 2838 717 cum
2857 655 3103 719 haberet
3124 651 3763 734 Dominus,promitte-

355 737 583 817 κορέσαι
613 740 716 794 τῶν
762 743 1087 818 προσιόντων
1138 741 1525 821 ἒπηγγέλλετο.
1573 740 1740 799 Ἀλλά
1793 742 1882 797 καὶ
1935 762 2022 797 νε-

354 826 552 907 φὲλαις
622 826 808 891 αὖτοὺς
876 828 1203 910 παραϐάλλει
1258 833 1361 889 ὑπὸ
1432 832 1726 906 πνεύματος
1798 828 2021 886 ἐλαυνο-

355 917 577 988 μέναις,
621 924 714 975 τοῦ
756 918 988 977 ἐναντίου
1041 918 1310 988 δηλονότι.
1362 924 1452 978 Διὸ
1488 922 1576 976 καὶ
1634 918 1865 977 λαίλαπα
1894 920 2020 975 asta

352 1005 639 1082 ἐκάλεσεν,
702 1010 776 1073 ὡς
839 1009 1123 1089 συστρέφον
1178 1012 1262 1070 υαὶ
1320 1011 1671 1089 συνταράττον
1728 1011 1788 1067 τὸ
1858 1007 2016 1065 ἐλαυ-

354 1096 608 1171 νόμενον,
680 1104 850 1154 Τσῦτο
906 1099 1006 1177 γὰρ
1063 1097 1249 1155 εἴωθεν
1306 1101 1341 1169 ἡ
1395 1099 1601 1175 λαῖλαψ
1647 1111 1847 1159 ποιεῖν,
1912 1096 2017 1154 Οὔκ

355 1186 491 1241 εἰσιν
537 1184 648 1264 οὖν,
712 1188 864 1266 φησὶ,
937 1188 1149 1267 νεφέλαι
1205 1187 1464 1267 διαυγεῖς,
1511 1189 1688 1269 ὥσπερ
1745 1191 1791 1245 οἱ
1847 1188 2011 1265 ἅγιοι,

354 1271 485 1331 ἀλλ’
528 1274 753 1356 ὁμίχλαι
783 1277 941 1357 ζόφου
998 1280 1186 1354 μεσταί
1220 1294 1233 1309 ⁸
1297 1284 1381 1344 οἷς
1443 1283 1471 1336 ὁ
1527 1280 1685 1359 ζόφος
1718 1279 1790 1342 εἰς
1823 1280 2011 1351 αἰῶνα,

358 1363 531 1444 (ὶέγει
559 1363 614 1421 δὲ
662 1367 762 1434 τὴν
831 1366 1126 1444 μέλλουσαν
1169 1370 1389 1449 κρίσιν,)
1428 1371 1740 1446 τετήρηται,
1792 1368 1888 1426 Καὶ
1930 1364 2013 1421 διὰ

353 1456 459 1535 τί;
508 1456 783 1535 Ἐπήγαγε
812 1462 909 1523 τὴν
939 1459 1132 1531 αἰτίαν,
1192 1457 1272 1515 ὅτι
1320 1461 1409 1516 καὶ
1463 1459 1723 1538 ὑπέρογκα
1781 1457 1843 1512 ἐκ
1900 1478 2009 1530 μα-

352 1546 638 1613 ταιότητος
689 1546 1061 1626 φθεγγόμενοι,
1122 1547 1419 1621 δελεάζουσι
1469 1546 1554 1605 διὰ
1609 1552 1705 1617 τῆς
1763 1550 2014 1624 σκρκικῆς

356 1634 635 1711 ἐπιθυμίας
689 1635 744 1691 ἐν
785 1651 909 1701 ταῗς
968 1637 1268 1717 ἀσελγείαις
1325 1640 1447 1703 τοὺς
1520 1639 1730 1705 ἀληθῶς
1802 1636 2015 1715 ἀποφυ-

352 1725 574 1805 γόντας,
632 1726 741 1805 καί,
775 1726 1012 1794 καθάπαξ
1064 1731 1184 1792 τοὺς
1237 1731 1354 1805 πρὶν
1410 1728 1464 1784 ἐν
1524 1728 1699 1804 πλάνῃ
1757 1727 2012 1801 ἀναστρε-

2109 734 2209 798 bat
2236 757 2300 800 se
2322 734 2540 805 multos
2573 744 2926 807 accedentes
2950 745 3051 806 illa
3099 743 3450 806 satiaturum
3481 737 3688 802 25.Sed
3709 748 3766 800 et

2106 826 2364 890 nubibus
2414 833 2572 911 ipsos
2630 844 2934 915 comparat
2962 852 3092 916 quae
3124 853 3156 894 a
3203 832 3417 913 spiritu
3464 831 3760 901 feruntur,

2103 918 2406 980 contrario
2454 922 2773 987 videlicet:
2810 924 2944 986 ideo
2990 942 3226 1004 quoque
3257 922 3453 1003 ipsum
3485 918 3760 1000 spiritum

2101 1007 2326 1095 vocavit
2358 1012 2704 1094 procellam,
2740 1022 3020 1095 tanquam
3054 1019 3503 1075 convertentem
3523 1027 3594 1070 ac
3624 1026 3760 1068 cou-

2104 1093 2438 1159 turbantem
2469 1099 2529 1162 id
2562 1105 2719 1183 quod
2744 1093 3036 1182 agitatur:
3066 1104 3176 1163 hoc
3199 1101 3356 1163 enim
3388 1099 3589 1160 facere
3609 1099 3757 1157 solet

2099 1185 2381 1262 Procella.
2412 1189 2541 1251 Non
2566 1201 2705 1253 sunt
2734 1210 2876 1272 ergo
2907 1191 3097 1253 nubes
3128 1188 3439 1272 pellucidae
3463 1191 3758 1268 quemad-

2099 1273 2339 1362 modum
2358 1280 2682 1362 sancti,sed
2704 1282 2936 1343 nebulae
2956 1281 3145 1362 plena
3166 1278 3420 1358 caligine
3436 1275 3756 1362 ?4._Qu_ibus

2094 1352 2284 1431 caligo
2309 1356 2366 1415 in
2395 1361 2677 1422 saeculum
2705 1363 2871 1443 (dicit
2888 1352 3083 1425 autem
3112 1352 3400 1422 interdum
3424 1356 3753 1437 judicium)

2095 1450 2326 1504 servata
2358 1455 2487 1523 est;
2547 1459 2605 1511 et
2644 1469 2822 1530 quam
2854 1452 2929 1513 ob
2953 1449 3127 1512 rem?
3155 1466 3392 1512 causam
3423 1443 3751 1526 subjunxit,

2098 1532 2256 1609 quod
2301 1534 2557 1598 fastuosa
2589 1558 2659 1601 ex
2687 1541 2942 1603 vanitate
3000 1542 3326 1620 loquendo,
3360 1536 3629 1596 inescant
3653 1551 3758 1613 per

2100 1623 2402 1685 carnalem
2434 1629 2975 1709 concupiscentiam
3009 1631 3070 1690 in
3094 1627 3486 1700 lascwiis,eos
3502 1623 3778 1704 quivere

2105 1710 2455 1798 effugerant,
2486 1726 2543 1778 et
2564 1718 2663 1798 qui
2695 1722 2879 1781 semel
2912 1730 3085 1781 antea
3113 1717 3171 1779 in
3197 1734 3401 1779 errore
3431 1730 3754 1776 conversa-

352 1814 637 1898 φομένους.
706 1804 881 1872 υΩστε
966 1816 1263 1896 ἀσελγείαις
1346 1819 1433 1875 καὶ
1518 1820 1845 1894 ἀλαζονείαις
1931 1834 2000 1868 κα

2108 1796 2552 1898 banturllaque
2584 1796 2970 1888 impudicitiis
2991 1818 3049 1869 et
3076 1805 3429 1885 arrogantiis
3457 1822 3527 1864 ac
3546 1800 3757 1898 impie—

352 1902 618 1968 ἀσεϐείαις
693 1905 822 1960 εἰσὶν
899 1905 1078 1988 ἔνοχοι
1164 1911 1210 1965 οἱ
1261 1915 1426 1965 ταῦτα
1494 1911 2013 1990 καταπραττόμενοιο

352 1993 525 2052 Ἀλλά
567 1996 656 2050 καὶ
684 1993 883 2074 δοῦλοι,
931 1998 1114 2076 φησὶν,
1148 1995 1296 2061 ὄντες
1341 2001 1484 2058 αὒτοὶ
1546 2006 1638 2068 τῆς
1686 1999 2015 2079 προειρημέ-

350 2108 452 2152 νης
495 2083 834 2163 ἀκαθαρσίας,
871 2085 936 2152 ἣν
965 2087 1052 2143 καὶ
1082 2088 1274 2166 φθορὰν
1329 2087 1543 2153 δικαίως
1596 2089 1780 2167 καλεῖ,
1855 2088 2007 2145 ἐλευ-

346 2176 524 2253 θερίαν
571 2187 690 2237 τοτς
733 2174 1102 2251 ἀπατωμένοις
1148 2176 1592 2256 ἐπαγγέλλονται,
1652 2185 1748 2246 τῆς
1781 2178 2006 2246 ἀληθοῦς

349 2264 450 2339 μὲν
475 2265 558 2343 οὒ,
600 2263 697 2331 τῆς
741 2261 797 2319 δὲ
827 2266 964 2320 κατά
1013 2267 1104 2322 τὸν
1161 2266 1344 2325 ἄνετον
1401 2275 1490 2325 τοῦ
1547 2269 1658 2345 βίου
1711 2269 1876 2340 ζωῆς.
1915 2271 2006 2325 Διὸ

344 2355 438 2410 καὶ
467 2351 725 2430 λογισμὸν
751 2352 961 2431 ἐπάγει,
1013 2363 1105 2412 τοῦ
1147 2354 1228 2412 ὅτι
1286 2355 1459 2416 δοῦλοί
1516 2360 1613 2414 εἰσι
1670 2363 1770 2426 τῆς
1826 2358 1999 2438 ἁμαρ-

344 2443 488 2514 τίας,
540 2442 830 2517 θαυμάσιόν
894 2464 944 2499 τι
1016 2444 1256 2525 φάσκων,
1329 2444 1410 2502 ὅτι
1480 2447 1626 2519 ᾧτινί
1691 2470 1774 2512 τις
1850 2447 2005 2504 πάθει

343 2532 638 2603 νενίκηται,
687 2532 857 2604 τούτῳ
902 2534 991 2589 καὶ
1033 2531 1364 2593 δεδούλωται.
1431 2536 1569 2593 Εἶτα
1625 2547 1776 2596 τοῦτο
1845 2535 2005 2597 πάλιν

286 2616 299 2623 “
344 2618 417 2676 δι’
471 2619 649 2695 ἑτέρας
705 2619 1017 2687 ἀποδείξεως
1074 2630 1305 2697 συνιστᾷ,
1360 2626 1476 2690 πῶς
1528 2627 1556 2683 ὃ
1611 2649 1752 2692 τινος
1822 2626 2003 2695 ἠτοώ-

344 2730 527 2788 μενος,
561 2711 730 2783 τούτῖμ
771 2713 859 2767 καὶ
890 2710 1141 2774 δουλεύει.
1196 2716 1292 2772 Καὶ
1340 2714 1391 2780 ἐξ
1433 2715 1757 2796 ὑπερθέσεως
1818 2730 2000 2773 ποιεῖ-

342 2822 432 2857 ται
461 2800 561 2867 τὴν
616 2799 974 2880 ἐπιχείρησιν.
1044 2825 1069 2857 ι
1106 2804 1163 2859 Εἰ
1220 2804 1318 2882 γὰρ
1363 2804 1743 2885 ἀποφυγόντες.
1811 2830 1834 2857 u
1901 2807 2002 2862 Δύο

340 2888 722 2961 κατασκευάζει
780 2887 865 2946 διὰ
933 2900 1026 2950 τοῦ
1080 2893 1336 2971 παρόντος
1394 2892 1577 2973 λόγου,
1638 2894 1718 2951 ὅτι
1776 2897 1865 2952 καὶ
1925 2903 2002 2971 τῷ

340 2986 570 3053 ἡττῶντι
627 2981 836 3061 ἀνάγκη
890 2985 983 3039 τὸν
1040 2986 1348 3060 ἡττώμενον
1419 2985 1699 3059 δουλεύειν,
1772 2990 1861 3044 καὶ
1918 2986 1997 3044 ὅτι

2108 1889 2323 1952 tatibus
2365 1894 2602 1957 obnoxii
2653 1909 2790 1961 sunt
2834 1918 2932 1979 qui
2988 1899 3115 1960 haac
3147 1903 3506 1977 perpetrant.
3544 1892 3660 1954 Sed
3695 1898 3753 1950 et

2100 1981 2277 2069 servi,
2308 1981 2663 2063 inquit,cum
2688 1988 2807 2049 sint
2829 1982 3553 2069 praedictaaimmunoitize.
3572 1999 3746 2061 quam

2096 2068 2272 2130 etiam
2305 2070 2745 2155 corruptionem
2766 2078 2979 2139 merito
3002 2074 3621 2158 appellat,libertatem
3648 2069 3737 2129 his

2092 2158 2192 2237 qui
2227 2161 2608 2242 decipiuntur
2629 2169 3125 2247 promittunl,non
3147 2163 3387 2243 quidem
3411 2178 3566 2221 verae
3585 2160 3739 2238 vitae,

2091 2250 2199 2309 sed
2232 2252 2361 2332 ejus
2390 2273 2522 2335 quae
2550 2266 2639 2318 est
2667 2257 2997 2320 secundum
3028 2247 3739 2332 Indulgentiam.ldeora-

2091 2335 2313 2400 tionem
2345 2362 2581 2426 quoque
2628 2347 2954 2428 subjungit,
2992 2364 3099 2407 cur
3148 2344 3303 2405 servi
3334 2340 3454 2402 sint
3489 2338 3741 2428 peceali.

2088 2429 2441 2518 admirabile
2457 2427 3153 2518 quiddamdicens,quod
3173 2454 3207 2496 a
3227 2446 3582 2515 quacunque
3593 2427 3707 2489 aﬂ'e
3724 2462 3739 2472 -

2088 2517 2285 2581 ctione
2331 2523 2622 2604 quiSpiam
2663 2526 2934 2590 devictus
2963 2517 3074 2596 est,
3112 2524 3254 2587 huic
3304 2522 3481 2583 etiam
3515 2519 3579 2579 in
3607 2536 3740 2578 ser-

2089 2607 2328 2669 vitutem
2352 2621 2442 2673 est
2460 2614 2990 2681 addictus.Deinde
3006 2632 3241 2676 rursum
3257 2614 3369 2673 hoc
3392 2609 3509 2671 alio
3532 2625 3739 2670 exem-

2089 2696 2185 2775 plo
2208 2701 2664 2785 conﬁrmat,quo
2694 2707 2866 2768 modo
2888 2706 2979 2768 his
2996 2706 3095 2786 qui
3116 2702 3189 2764 ab
3208 2700 3406 2781 aliquo
3428 2709 3739 2777 superatus

2082 2794 2192 2861 est,
2221 2788 2358 2851 huic
2378 2793 2558 2854 etiam
2592 2794 2830 2872 Serviat,
2857 2805 2916 2858 et
2945 2785 3029 2857 ex,
3048 2788 3578 2874 praesuppositione
3596 2785 3742 2847 facit

2081 2890 2518 2967 argumentum.
2560 2907 2586 2939 α
2623 2883 2766 2947 Nam
2799 2887 2849 2947 si
2879 2894 3264 2967 posteaquam
3296 2878 3657 2967 refugerant.
3709 2903 3731 2931 υ

2083 2966 2371 3031 Praesenti
2401 2990 2683 3036 sermone
2713 2975 2827 3037 duo
2857 2966 3099 3037 efficere
3129 2966 3598 3047 nititur,etquod
3623 2983 3734 3025 ne-

341 3076 390 3130 οἱ
421 3074 556 3148 μετά
582 3072 683 3139 τὴν
727 3070 1010 3151 ἐπίγνωσιν
1052 3078 1175 3142 τῆξ
1208 3074 1477 3150 ἀληθείας,
1532 3075 1690 3133 πάλιν
1734 3077 1999 3157 ἐνεχόμε-

2089 3073 2253 3117 cesse
2282 3058 2359 3119 sit
2389 3078 2526 3122 eum
2556 3063 2659 3144 qui
2690 3076 3006 3145 superatur
3026 3061 3256 3124 servire
3293 3058 3395 3120 eia
3416 3075 3532 3138 quo
3551 3073 3735 3154 supe-

339 3184 419 3220 νοι
476 3175 592 3226 τοῖς
656 3161 929 3241 προτέροις
960 3211 975 3241 ,
1029 3165 1232 3243 χείροσι
1278 3172 1384 3222 τῶν
1428 3165 1693 3244 προτέρων
1747 3166 1999 3245 περιέπε-

344 3274 437 3308 σον
500 3255 704 3310 κακῶν,
780 3253 995 3316 Τούτοις
1056 3253 1111 3310 δὲ
1168 3257 1255 3312 καὶ
1308 3256 1406 3323 τὴν
1463 3257 1747 3336 παροιμίαν
1815 3256 2000 3334 ἐπάγει

345 3341 659 3417 συνήγορον.
716 3329 910 3399 ’Ἔστιν
962 3343 1049 3400 οὗν
1101 3343 1226 3409 ὅλος
1265 3348 1293 3402 ὁ
1349 3344 1506 3423 λόγος
1541 3329 1710 3409 ὀὕτος
1752 3365 1768 3381 ο
1814 3347 1872 3403 Εἰ
1903 3329 2002 3425 γάρ

339 3429 626 3507 ἐπιγνώσει
681 3438 774 3488 τοῦ
835 3433 1019 3513 Κυρίου
1074 3437 1163 3492 καὶ
1228 3441 1478 3515 Σωτῆρος
1535 3435 1711 3502 Ἰησοῦ
1774 3443 1998 3516 Χριστοῦ

338 3519 700 3599 ἀποφυγόντες
772 3521 837 3577 τά
894 3524 1170 3599 μιάσματα
1224 3535 1315 3584 τοῦ
1372 3525 1573 3601 κόσμου
1626 3525 1829 3589 τούτοις
1887 3525 1996 3582 πά-

333 3608 421 3667 λιν
493 3608 855 3682 ἰμπλακὲντες
912 3616 1177 3682 ἡττῶνται
1234 3618 1427 3689 αύτῶν,
1487 3614 1697 3690 μάντως
1751 3637 1852 3671 που
1908 3613 1997 3675 καὶ

333 3696 667 3757 δουλεύουσιν
722 3699 931 3784 αὗτοϊς,
991 3707 1078 3762 καὶ
1121 3719 1309 3786 χετρυν
1351 3709 1456 3760 τῶν
1527 3705 1629 3782 πρὸ
1697 3708 1796 3770 τῆς
1869 3704 1991 3762 ἐπι-

332 3788 578 3866 γνώσεως
636 3792 755 3868 περὶ
797 3792 898 3860 τήν
951 3793 1185 3854 δουλείαν
1243 3795 1446 3852 τούτων
1501 3792 1774 3872 γεγόνασι,
1834 3817 1996 3852 κατα-

331 3875 715 3950 σπουδάζοντος
773 3884 957 3950 αὐτοὺς
1034 3887 1128 3942 τοῦ
1202 3884 1481 3943 ἐπιϐούλου
1551 3885 1705 3957 ἡμῶν
1786 3889 1999 3941 Σατανᾶ

329 3966 535 4049 χείροσι
562 3973 995 4051 περιενεχθῆναι,
1031 3976 1103 4039 εἷς
1147 3974 1436 4053 ἀπολογίαν
1486 3977 1586 4039 τῆς
1641 3970 1765 4027 ὅσον
1795 3969 1860 4040 δὴ
1891 3976 2000 4029 sfw

330 4062 576 4135 πονηρῶν
607 4055 775 4138 ἔργων
831 4060 1037 4141 ἀργίας,
1106 4065 1199 4121 Διὸ
1254 4066 1343 4121 καὶ
1387 4065 1415 4120 ὁ
1449 4059 1777 4125 Ἀπόστολός
1810 4084 1992 4140 φησιν,

332 4144 413 4202 ὅτι
455 4145 637 4209 ἐπειδή
668 4156 824 4208 τοῦτο
851 4150 1283 4233 ἀπόκειταιξτοτς
1328 4151 1649 4228 παλινῳδίαν
1678 4157 1782 4208 τῶν
1813 4154 2002 4210 κακῶν

331 4232 530 4317 ᾅδουσι,
577 4251 823 4319 κρεῖττον
879 4242 945 4311 ἧν
990 4232 1173 4307 αὖτοτς
1218 4241 1350 4324 φηδέ
1399 4244 1711 4322 ἐπιγνῶναι,
1767 4241 1803 4310 ἢ
1864 4244 1989 4300 ἑπι-

330 4325 546 4402 γνόντας
610 4329 849 4408 χείροσιν
922 4331 1148 4395 ἁλῶναι.
1211 4331 1361 4390 Ἐπεὶ
1450 4334 1538 4389 καὶ
1592 4333 1730 4389 κύων
1789 4333 1874 4389 ἐπὶ
1930 4332 1990 4388 τὸ

2084 3153 2247 3206 ratur
2297 3164 2310 3205 :
2366 3156 2426 3209 et
2457 3152 2614 3232 quod
2670 3152 2729 3214 hi
2770 3144 2889 3235 qui
2914 3160 3045 3234 post
3073 3148 3439 3230 agnitionem
3473 3144 3738 3235 veritatis

2085 3251 2318 3297 rursum
2380 3241 2583 3317 priora
2630 3243 3088 3323 amplectuntur,
3136 3240 3197 3301 in
3233 3238 3437 3319 pejora
3465 3234 3736 3295 incidunt

2085 3341 2262 3403 quam
2283 3324 2503 3389 fuerint
2523 3330 2719 3410 priora
2741 3332 2912 3394 mala.
2936 3331 3039 3392 His
3054 3342 3252 3392 autem
3274 3335 3332 3388 et
3349 3346 3405 3407 ρι
3425 3323 3733 3386 overbium

2084 3413 2388 3495 subjungit
2415 3418 2475 3479 in
2499 3420 2857 3483 subsidium.
2892 3422 2997 3484 Est
3042 3439 3181 3499 ergo
3213 3426 3367 3479 totus
3397 3432 3594 3476 sermo
3620 3412 3732 3473 hoc

2081 3507 2259 3565 modo
2273 3507 2662 3576 ordinandus:
2687 3515 2836 3578 Nam
2856 3514 2905 3575 si
2925 3523 3305 3594 posteaquam
3325 3525 3432 3589 per
3447 3504 3733 3594 οοῦοίὶίο·

2078 3609 2218 3675 Διὶιὶιῐι
2235 3597 2474 3659 Domini
2487 3610 2542 3661 et
2558 3600 2877 3665 Sulvatoris
2891 3593 3033 3664 Jesu
3056 3599 3278 3663 Christi
3295 3617 3359 3659 re
3369 3597 3637 3676 fugerant
3656 3593 3729 3654 ab

2078 3677 2548 3763 inquinamentis
2570 3692 2901 3756 mundi.his
2922 3709 3156 3755 rursum
3178 3687 3733 3764 involutisuperan-

2082 3778 2179 3834 tur
2192 3777 2452 3872 abipsis.
2481 3783 2686 3865 utique
2702 3786 2878 3847 etiam
2905 3784 2991 3847 eis
3012 3782 3308 3853 serviunt,
3344 3775 3483 3838 etin
3517 3776 3727 3873 borum

2081 3864 2363 3929 servitute
2394 3864 2603 3951 pejora
2626 3874 2740 3935 sibi
2774 3875 3124 3952 contingunt
3150 3885 3324 3950 quam
3357 3873 3493 3926 ante
3519 3864 3726 3952 ευεειί-

2082 3952 2327 4031 tionem,
2337 3950 2663 4039 plurimum
2693 3950 3365 4026 annitenteinsiiliatore
3394 3963 3595 4015 nostro
3618 3950 3729 4014 Sa-

2084 4055 2221 4105 tana
2253 4055 2315 4107 ut
2343 4050 2412 4111 ad
2429 4052 2630 4132 pejora
2646 4055 3031 4116 devolvantur
3056 4054 3117 4115 in
3147 4047 3567 4132 repensionem
3591 4046 3726 4106 diu-

2082 4139 2271 4201 turns:
2299 4146 2647 4208 cessationis
2687 4166 2721 4210 a
2754 4150 2946 4231 pravis
2978 4145 3281 4230 operibus.
3314 4142 3455 4205 Ideo
3489 4159 3725 4223 quoqm:

2080 4231 2225 4324 dicit
2254 4239 2569 4320 Apostolus
2599 4243 2756 4323 quod
2781 4239 3260 4324 quandoquidem
3296 4238 3410 4299 hoc
3433 4235 3550 4297 illis
3576 4252 3724 4298 con-
3801 4250 3815 4274 κ

2073 4323 2330 4405 tingitut
2378 4331 2667 4393 malorum
2694 4323 2904 4394 canant
2936 4330 3321 4411 palinodiam,
3357 4327 3496 4388 548
3513 4330 3727 4390 melius

333 4411 465 4472 ἴδιον
533 4416 759 4498 ἐξέραμα
819 4420 1169 4503 ἐπιστρέφων,
1244 4420 1671 4500 βδελυκτότερος-
1770 4433 1809 4480 Α
1889 4424 1988 4501 γὰρ

2089 4413 2188 4517 sibi
2218 4414 2424 4480 fuisset
2445 4438 2519 4480 ne
2549 4439 2892 4500 COgﬂOVISSO
2919 4422 3159 4503 quidem
3193 4420 3524 4497 veritatem,
3549 4437 3722 4500 quam

331 4504 364 4571 ἡ
431 4506 579 4586 φύσις
634 4509 931 4585 μισήσασα,
993 4509 1286 4570 ἀποὸλῧσαι
1359 4511 1514 4568 αύτὸν
1584 4512 1978 4591 κατηνάγκασε,

330 4600 488 4651 ταῦτα
529 4594 691 4653 πάλιν
748 4600 1062 4675 ποιούμενος
1119 4602 1345 4680 τρογὴν,
1404 4602 1493 4657 καὶ
1549 4603 1623 4666 ὡς
1680 4599 1986 4682 διεφθορότα

330 4680 528 4760 ἐσθίων,
560 4708 650 4762 καὶ
678 4689 750 4752 ὡς
795 4688 861 4744 τὰ
917 4696 985 4766 τῇ
1045 4690 1194 4771 φύσει
1257 4687 1663 4766 ἐξημϐλωμένα,
1708 4680 1986 4768 βδελυκτό-

331 4799 496 4851 τερος,
528 4783 615 4836 καὶ
640 4783 699 4844 ὗς
756 4782 917 4839 πάλιν
969 4781 1388 4851 ἀποκυλισθῆναι
1446 4784 1697 4856 ζητούσα,
1757 4788 1802 4842 εἰ
1855 4788 1983 4866 ϐορ-

328 4863 464 4947 ϐόρῳ
515 4876 671 4927 τοῦτο
735 4874 939 4954 ποιοίη,
998 4873 1337 4955 ῥυπαρωτέρα
1386 4881 1492 4932 τῶν
1546 4875 1815 4954 προτέρων
1886 4863 1981 4955 ῥύ-

328 4977 441 5013 πων
469 4959 657 5039 φανείη
668 5003 682 5018 .

953 5237 1208 5292 ΚΕΦΛΛ.
1261 5222 1344 5295 A'.

332 5338 355 5371 ς
391 5315 761 5407 Ἐπανάληψις
806 5324 922 5407 περὶ
950 5323 1138 5407 κακίας
1169 5325 1456 5407 ἀνθρώπων
1483 5327 1783 5407 αἱρετικῶν.
1813 5324 1904 5407 Ἐν
1933 5330 1979 5401 ᾧ

401 5402 523 5498 περὶ
545 5410 638 5461 τοῦ
677 5408 791 5467 πῶς
851 5400 1116 5497 αἰφνιξίως
1164 5400 1278 5478 ἧξεὶ
1331 5400 1552 5487 Χριστὸς
1596 5406 1680 5465 ἐπὶ
1710 5406 1978 5481 συντελείᾴ

399 5483 548 5640 Σιέῗδε
578 5487 670 5538 τοῦ
720 5483 932 5546 αἰῶνος.
993 5483 1170 5543 "ﬂete
1225 5484 1336 5544 δεῖν
1379 5483 1777 5569 ἐύτρεπίζεσθαι
1828 5489 1974 5566 πάσῃ

494 5581 589 5636 τῃ.
629 5585 654 5620 ο

494 5581 589 5636 τῃ.
629 5585 654 5620 ο

328 5674 428 5747 1Μαι
465 5655 702 5733 ᾖταύτην
756 5654 915 5735 ἤδηλ
944 5658 1235 5737 ἀγαπητοὶ,
1299 5659 1540 5741 δευτέραν
1609 5663 1746 5737 ἡμῖν
1788 5661 1974 5742 γράφω

394 5769 452 5824 ³³
492 5770 663 5840 Joan.
697 5791 740 5854 ι,
774 5775 815 5841 6
845 5793 1015 5862 seqq.
1047 5777 1111 5831 ’4
1136 5778 1257 5844 In.
1288 5795 1382 5864 cx,
1413 5780 1476 5845 2.

2073 4502 2169 4564 ubi
2193 4519 2589 4585 cognoverant
2621 4502 3110 4591 pejoribus’capi.
3144 4508 3636 4589 Quandoquidem
3664 4519 3724 4569 et

2070 4593 2238 4656 canis
2267 4596 2337 4657 ad
2365 4618 2535 4659 suum
2556 4598 3043 4679 ipsius‘vomitnm
3064 4618 3383 4662 conversus
3407 4598 3719 4660 abomina-

2071 4680 2246 4744 bilinr
2270 4694 2380 4748 est.
2413 4685 2558 4748 Nam
2586 4707 2717 4768 quae
2741 4698 2950 4751 natura
2981 4688 3275 4767 oderat,et
3306 4688 3384 4748 ita
3412 4707 3550 4748 eum
3570 4687 3716 4769 abji-

2070 4788 2207 4833 cere
2255 4784 2550 4855 coegerat,
2584 4775 2708 4839 haec
2736 4796 2973 4838 rursum
3008 4777 3067 4838 in
3119 4776 3350 4838 deliciis
3383 4777 3628 4847 habens,
3664 4788 3715 4837 et

2069 4869 2345 4944 tanquam
2377 4882 2445 4926 ea
2478 4884 2609 4946 quae
2639 4873 3029 4947 corrumpunt
3071 4866 3279 4934 edens.
3309 4884 3376 4928 ac
3408 4866 3584 4926 veluti
3616 4886 3719 4945 per

2065 4964 2292 5016 naturae
2329 4955 2601 5018 abortum
2636 4957 2846 5037 ejecta,
2880 4957 3341 5020 abominabilior
3375 4964 3484 5019 est.
3512 4959 3585 5020 Et
3614 4977 3715 5019 sus

2063 5062 2300 5106 rursum
2334 5064 2606 5126 quaerens
2634 5048 2875 5123 revolvi,
2899 5048 2949 5108 si
2983 5049 3096 5110 hoc
3126 5049 3184 5108 in
3210 5047 3330 5109 luto
3356 5047 3557 5127 faciat,
3580 5066 3714 5109 sor-

2065 5132 2240 5195 didor
2259 5133 2567 5215 apparebit
2596 5154 2770 5218 quam
2803 5137 3020 5199 fuerint
3044 5136 3273 5217 priores
3302 5137 3538 5201 sordes.

2057 5317 2362 5396 Repetitio
2399 5318 2473 5382 de
2513 5320 2754 5383 molitio
2799 5321 3113 5384 hominum.
3150 5322 3608 5385 hwrelicorum:
3648 5324 3714 5385 in

2138 5416 2255 5483 quo
2284 5401 2471 5483 etiam
2503 5408 2709 5482 agitur
2729 5420 2842 5480 quo
2861 5412 3033 5483 pacto
3050 5410 3292 5483 repente
3318 5412 3609 5466 venturus
3635 5408 3716 5465 sil

2143 5478 2427 5562 Christus
2448 5480 2514 5542 in
2544 5478 3061 5546 consummatione
3103 5478 3285 5562 hujus
3309 5484 3518 5547 ,ςοεοιιιί
3536 5502 3554 5547 :
3589 5487 3712 5547 ita-

2136 5578 2248 5640 que
2266 5560 2418 5622 dicit
2446 5570 2717 5642 oportere
2740 5565 2908 5626 omni
2939 5566 3159 5628 virtute
3181 5560 3502 5628 adornari.

2136 5657 2236 5732 IIl,
2254 5660 2343 5723 1-4
2355 5659 2572 5724 .Hasce
2580 5663 2699 5741 iam
2718 5661 3509 5743 alteras,charissimi,nobis
3518 5662 3713 5728 scribo
