4106 6430
341 358 458 421 607

1480 342 1892 420 (ECUMENII
1935 352 2231 417 TRICCJE
2275 354 2610 417 EPISCOPI

3614 343 3730 417 608

342 492 600 567 litteras,
630 494 699 556 in
728 492 949 575 quibus
980 488 1302 555 exstimulo
1344 498 1601 555 vestram
1632 496 1698 552 in
1738 508 1993 555 commo-

2084 489 2384 571 ἐπιστολὴν,
2468 494 2523 548 ἐν
2593 494 2685 556 αἷς
2756 489 2993 573 διεγείρω
3061 493 3211 571 ὑμῶν
3297 490 3354 549 ἐν
3431 491 3730 567 ὑπομνήσει

337 585 573 647 nitione
626 586 929 646 sinceram
986 587 1251 645 mentem
1312 598 1327 642 :
1401 588 1470 644 ut
1514 598 1805 645 memores
1852 583 1991 645 sitis

341 671 661 735 verborum
696 690 832 753 quae
850 670 1148 752 praedicta
1183 677 1329 734 sunt
1347 688 1385 732 a
1406 675 1633 733 sanctis
1659 672 1989 750 prophetis,

342 767 401 824 et
426 767 705 841 prtecepti
731 760 926 823 nostri
977 765 1084 839 qui
1117 776 1328 821 sumus
1371 757 1627 840 apostoli
1661 759 1911 822 Domini
1937 766 1994 824 et

342 849 686 913 Saluatoris
724 853 868 911 Jesu
902 867 917 911 :
953 847 1109 911 illud
1139 850 1408 928 primum
1437 849 1694 912 scientes
1714 858 1995 913 uenturos

340 939 409 1001 in
436 940 731 1001 extremis
782 937 997 1001 diebus
1044 936 1328 1000 illusores
1374 939 1480 1017 qui
1497 940 1682 1018 juxta
1712 942 1995 1020 proprias

340 1028 859 1108 concupiscentias
887 1024 1200 1089 ambulent
1229 1035 1284 1088 et
1323 1027 1530 1090 dicunt
1565 1045 1578 1087 :
1618 1026 1732 1091 Ubi
1751 1031 1994 1109 estpol-

340 1116 599 1180 licitatio
626 1118 926 1179 adventus
966 1116 1139 1196 ejus?
1163 1116 1466 1195 siquidem
1495 1135 1571 1179 ex
1598 1135 1717 1199 quo
1748 1118 1852 1183 die
1876 1138 1991 1201 pa-

342 1212 460 1269 tres
488 1206 967 1288 obdormierunt,
1022 1210 1226 1268 omnia
1268 1206 1357 1267 sic
1385 1217 1739 1286 permanent
1769 1208 1846 1271 ab
1876 1211 1997 1273 ini-

340 1296 422 1358 tio
454 1298 811 1363 creat-tonis.

422 1383 503 1446 Ex
530 1386 624 1447 his
644 1386 791 1448 duas
812 1403 945 1447 esse
962 1384 1250 1446 discimus
1274 1384 1577 1447 universas
1599 1385 1753 1449 Petri
1776 1386 1997 1469 episto-

351 1472 648 1537 las.Porro
669 1474 827 1556 quod
874 1474 976 1546 ait,
1018 1473 1114 1535 uin
1148 1473 1365 1555 quibus
1395 1474 1708 1538 exstimulo
1741 1486 1992 1538 vestram

344 1565 403 1624 in
439 1564 904 1627 commonitione
947 1565 1243 1626 sinceram
1277 1573 1602 1637 mentem,»
1641 1586 1747 1648 per
1774 1568 1996 1649 hyper-

341 1651 522 1715 baton
542 1652 991 1735 intelligendum
1027 1662 1115 1716 est
1144 1655 1257 1716 hoc
1289 1653 1466 1716 modo
1496 1675 1510 1716 :
1548 1654 1612 1717 In
1636 1656 1849 1736 quibus
1873 1658 1995 1737 epi-

2073 582 2171 649 τῆν
2228 579 2481 662 εἰλικρινῆ
2555 580 2811 663 διάνοιαν,
2912 583 3208 658 μνησθῆναι
3295 588 3401 642 τῶν
3469 603 3729 662 προειρη-

2076 670 2247 747 μένων
2301 671 2553 748 ῥημάτων
2613 673 2711 729 ὕπὸ
2754 678 2861 729 τῶν
2904 673 3067 751 ἁγίων
3123 678 3434 753 προφητῶν,
3493 671 3582 728 καὶ
3628 675 3729 738 τῆς

2075 762 2179 816 τῶν
2250 758 2560 818 ἀποστόλων
2648 763 2804 838 ἡμῶν
2886 759 3102 829 ἐντολῆς
3188 784 3281 819 του
3360 763 3561 840 ⁸Κυρίου
3641 761 3729 818 καὶ

2077 854 2328 928 Σωτῆρος
2363 866 2379 881 ⁶
2414 848 2593 916 Ἰησοῦ
2622 858 2776 908 τοῦτο
2815 872 3026 930 πρωτον
3056 851 3431 932 γινώσκοντες,
3461 848 3542 908 ὅτι
3576 848 3729 907 ἐλεύ-

2076 960 2262 995 πονται
2291 937 2377 994 ἐπ’
2407 938 2639 1020 ἐσχάτου
2688 947 2795 996 τῶν
2837 943 3051 1019 ἡμερῶν
3108 940 3402 1017 ἐμπαῖκται
3440 939 3578 998 κατά
3633 938 3727 1003 τάς

2074 1025 2207 1090 ἰδίας
2240 1031 2411 1087 αὐτῶν
2441 1028 2715 1105 ἐπιθυμίας
2770 1030 3135 1111 πορευόμενοι,
3181 1032 3269 1087 καὶ
3316 1028 3586 1109 λέγοντες,
3622 1034 3728 1085 Ποῦ

2077 1113 2217 1170 ἔστιν
2244 1117 2280 1185 ἡ
2311 1114 2600 1195 ’ἐπαγγελίαι
2645 1122 2745 1184 τῆς
2800 1117 3085 1197 παρουσίας
3114 1116 3269 1174 αὖτοῦ
3303 1136 3319 1198 ς
3354 1114 3475 1196 Ἀφ’
3526 1117 3594 1182 ἧς
3627 1114 3729 1193 γὰρ
3809 1141 3816 1146 ·

2077 1205 2125 1260 οἱ
2155 1203 2377 1284 πατέρες
2421 1204 2805 1281 ἐκοιμήθησαν,
2880 1207 3051 1264 πάντα
3108 1206 3274 1270 οὕτως
3344 1203 3575 1282 διαμένει
3634 1199 3729 1259 ἀπ’

2078 1293 2252 1374 ἀρχῆς
2294 1295 2516 1358 κτίσεως
2527 1339 2541 1354 .
2580 1319 2606 1351 ι

2157 1382 2255 1441 Ἐκ
2298 1385 2501 1442 τούτων
2545 1386 2875 1462 μανθάνομεν
2932 1383 3021 1444 δύο
3085 1386 3180 1449 ca;
3222 1385 3395 1449 πάσας
3452 1384 3596 1441 εἶναι
3638 1384 3733 1437 τοῦ

2077 1474 2274 1554 Πέτρου
2302 1473 2610 1542 ἐπιστολάς.
2672 1478 2743 1535 Τὸ
2797 1474 2877 1552 δὲ,
2943 1500 2972 1532 ι
3031 1475 3122 1534 Ἐν
3180 1480 3269 1541 αἶς
3325 1472 3560 1554 διεγείρω
3598 1472 3730 1547 ὑμῖν

2076 1563 2132 1620 ἐν
2156 1565 2452 1640 ὑπομνήσει
2483 1566 2580 1633 τῆν
2628 1564 2884 1646 εἰλικρινῆ
2943 1564 3194 1641 διάνοιαν,
3262 1589 3289 1619 ι
3348 1563 3403 1621 ἐν
3453 1558 3731 1642 ὑπερϐατῷ

2076 1652 2357 1711 ἀκουστέον
2430 1654 2597 1718 οὕτως
2630 1671 2644 1685 ·
2733 1653 2823 1713 Ἐν
2909 1658 2998 1719 αἷς
3071 1652 3407 1724 ἐπιστολαῖς,
3463 1650 3730 1730 τουτέστι,

342 1742 534 1826 stolis,
568 1744 626 1805 id
664 1754 753 1807 est
800 1763 907 1826 per
960 1763 1105 1826 quas
1157 1744 1460 1826 epistolas,
1517 1744 1830 1807 exstitnulo
1863 1748 1991 1809 sin-

2084 1737 2143 1796 δι’
2200 1742 2273 1797 ὧν
2355 1741 2676 1819 ἐπιστολῶν,
2749 1743 2934 1824 ἐγείρω
3011 1744 3112 1836 τὴν
3182 1743 3235 1800 ἐν
3290 1743 3419 1819 ὑμῖν
3474 1737 3729 1819 εἱλικρινῆ

342 1851 538 1895 ceram
574 1852 708 1911 qua:
762 1834 822 1894 in
875 1833 1044 1895 vobis
1093 1843 1179 1895 est
1212 1843 1495 1896 mentem.
1547 1833 1809 1898 Sincerae
1832 1836 1991 1898 enim
2021 1829 2051 1836 ’⁷
2078 1829 2331 1891 διάνοιαν.

339 1940 407 1983 ac
440 1941 601 2001 pura:
635 1922 851 1985 mentis
880 1931 1192 1984 esteorum
1216 1942 1346 2004 qua:
1377 1923 1580 1985 audita
1608 1933 1745 1986 sunt
1772 1937 1872 1987 aut
1900 1943 1995 1989 sa-

338 2012 617 2073 lutarium
650 2031 780 2094 qua),
808 2010 1082 2094 deposita
1097 2027 1236 2073 sunt
1260 2012 1603 2076 meminisse
1621 2022 1679 2077 et
1698 2016 1992 2079 exstimu-

2435 1830 2755 1911 Εἰλικρινοῠς
2839 1834 2939 1911 γάρ
3023 1830 3249 1896 διανοίας
3332 1832 3421 1888 καὶ
3499 1832 3730 1906 καθαρᾶς

2075 1924 2180 1976 τῶν
2211 1917 2314 1988 ἤδη
2369 1921 2728 1980 ἀκουσθέντων
2771 1921 2808 1991 ἢ
2852 1922 3210 1980 ἀποτεθέντων
3267 1920 3543 1999 σωτηρίων
3594 1939 3731 1995 μνη-

2077 2008 2261 2077 σθῆναι
2330 2012 2418 2067 καὶ
2471 2008 2822 2090 διεγερθῆναι,
2882 2012 3013 2091 πρὸς
3069 2010 3407 2086 ἐπανάληψιν
3447 2013 3546 2076 τῆς
3602 2007 3731 2064 τού-

339 2100 451 2162 lari
481 2101 623 2164 549
665 2092 829 2164 omni
874 2092 1089 2166 virtute
1137 2101 1440 2182 animique
1498 2103 1991 2186 promptitudine,

2084 2120 2182 2186 των
2208 2099 2455 2179 ἐργασίας
2499 2102 2645 2178 πασῃ
2675 2098 2891 2177 δυνάμει
2946 2101 3035 2158 καὶ
3070 2102 3352 2181 προθυμίᾳ.
3386 2095 3645 2163 ’Λπετέθη
3674 2092 3729 2152 δέ

338 2192 412 2252 ad
446 2192 838 2273 repetendam
865 2192 1076 2253 horum
1104 2190 1532 2272 operationem.
1561 2193 1837 2273 Deposita
1856 2184 1993 2258 sunt

2084 2184 2159 2273 διὰ
2200 2195 2305 2245 τῶν
2362 2196 2702 2269 προφητικῶν
2758 2188 2955 2271 λόγων,
3015 2187 3082 2245 δι’
3130 2187 3495 2246 ἀποστολικῶν
3525 2206 3731 2265 κηρυγο

342 2272 541 2342 autem
597 2299 703 2361 per
745 2279 1125 2361 propheticos
1180 2298 1490 2342 sermones
1545 2292 1604 2343 et
1638 2272 1993 2363 apostolicas
2074 2272 2280 2351 μάτων.

344 2369 824 2450 praedicationes.

424 2460 674 2541 Propter
730 2459 888 2541 quod
946 2467 1006 2520 et
1049 2457 1264 2521 [’aulus
1293 2457 1439 2521 dicit
1473 2480 1487 2519 :
1527 2484 1548 2514 ι
1589 2457 1993 2541 Superstructi

2160 2451 2241 2512 Δι’
2271 2456 2300 2512 ὃ
2329 2457 2416 2512 καὶ
2454 2455 2660 2521 Παῦλός
2712 2459 2870 2539 φησίν
2902 2476 2920 2495 ⁸
2987 2481 3015 2514 α
3063 2455 3600 2534 Ἐποικοδομοόμενοι
3644 2453 3733 2512 ἐπὶ

343 2568 525 2629 super
573 2549 1029 2612 fundamentum
1088 2548 1494 2625 apostolorum
1559 2556 1617 2611 et
1676 2550 1991 2630 propheta~

2084 2551 2155 2619 τῷ
2183 2542 2411 2620 θεμελίῳ
2438 2550 2543 2602 τῶν
2590 2544 2899 2603 ἀποστόλων
2954 2549 3042 2605 καὶ
3089 2549 3400 2629 προφητῶν,
3438 2569 3466 2602 ι
3531 2541 3729 2607 [ἱέντες

343 2656 473 2699 rum
495 2636 557 2681 95
582 2636 868 2702 :nOmnes
884 2637 1042 2699 enim
1061 2636 1146 2698 illi
1165 2635 1400 2698 Domini
1421 2637 1735 2699 adventum
1757 2656 1993 2700 annun-

2084 2635 2180 2712 γὰρ
2222 2635 2366 2691 οὗτοι
2430 2634 2529 2702 τὴν
2584 2643 2679 2692 τοῦ
2737 2638 2923 2717 Κυρίου
2987 2637 3275 2717 παρουσίαν
3342 2630 3727 2714 κατήγγειλαν,

346 2727 662 2808 ιίανθιυηι,
723 2736 782 2789 et
839 2726 1097 2809 primum
1145 2734 1203 2787 et
1234 2727 1590 2806 secundum,
1625 2746 1735 2789 nec
1766 2737 1993 2808 oportet

2084 2727 2167 2779 καὶ
2237 2723 2337 2790 τὴν
2390 2724 2606 2804 πρώτην
2660 2728 2749 2782 καὶ
2804 2726 2905 2794 τῆν
2955 2723 3221 2807 δευτέραν,
3292 2726 3382 2782 καὶ
3439 2727 3534 2784 οὒκ
3590 2722 3731 2781 ἔστιν

344 2815 620 2878 difﬁdere
679 2816 860 2879 tantis
889 2836 959 2878 ac
990 2814 1206 2878 talibus
1246 2815 1522 2879 testibus.
1560 2818 1631 2878 Et
1662 2815 1801 2898 quid
1837 2817 1993 2893 dico,

2084 2810 2328 2868 ἀπιστεῖν
2393 2814 2661 2879 τοσούτοις
2733 2812 2956 2893 μάρτυσι
3020 2816 3121 2873 ,παὶ
3184 2813 3543 2882 τη)ικούτοις.
3633 2811 3732 2871 Καὶ

349 2906 894 2988 inquit.prophetas
926 2915 982 2967 et
1013 2905 1501 2987 apostolos,quod
1520 2908 1993 2971 annuntiavcrinl

2084 2905 2151 2979 τί,
2204 2906 2355 2984 φησὶ,
2407 2904 2549 2985 λέγω
2591 2910 2866 2988 προφήτας
2910 2910 2998 2965 καὶ
3053 2906 3402 2982 ἀποστόλους,
3456 2904 3537 2963 ὅτι
3594 2923 3730 2962 κατ-

348 3004 407 3056 et
433 2996 691 3077 primum
725 3006 789 3059 et
819 2996 1146 3058 secundum
1178 2993 1415 3057 Domini
1440 2995 1800 3058 adventum?
1823 3000 1891 3059 Et
1914 3005 1993 3059 est

2084 2993 2338 3072 ἤγγειλαν
2405 2996 2492 3065 καὶ
2539 2998 2639 3065 τὴν
2696 2997 2915 3077 πρώτην
2967 3000 3054 3054 καὶ
3106 2998 3206 3064 τῆν
3276 2994 3518 3077 δευτέραν
3574 2995 3733 3051 αὐτοῦ

349 3070 461 3147 hoc
483 3085 657 3148 modo
671 3088 964 3149 sumenda
977 3084 1273 3147 ordinatio
1295 3103 1309 3148 :
1338 3089 1628 3147 Memores
1649 3086 1778 3148 sitis
1796 3087 1993 3150 verbo-

2084 3070 2180 3139 τόδ
2206 3084 2389 3163 Κυρίου
2418 3085 2505 3140 καὶ
2532 3070 2779 3165 Σωτῆρος
2838 3087 2994 3162 ἡμῶν
3037 3086 3324 3153 παρουσίαν
3357 3103 3374 3167 ;
3424 3070 3533 3143 ’Καὶ
3588 3081 3730 3140 ἔστιν

340 3192 472 3236 rum
493 3194 624 3256 qua)
650 3176 933 3257 praedicta
954 3185 1091 3238 sunt
1108 3194 1142 3237 a
1159 3173 1379 3237 sanctis
1404 3176 1710 3256 prophetis
1728 3185 1786 3237 et
1801 3196 1832 3239 a
1859 3196 1993 3258 pra:-

2084 3172 2118 3239 ἦ
2175 3171 2411 3239 συνταξις
2442 3172 2635 3249 Laius);
2668 3187 2684 3207 '
2758 3179 3067 3245 Μνησθῆναι
3148 3181 3255 3233 τῶν
3339 3171 3735 3255 προειρημένων

340 3275 519 3344 cepto
548 3275 750 3328 nostro
809 3270 909 3347 qui
958 3283 1167 3329 sumus
1213 3264 1500 3345 apostoli,
1546 3274 1603 3327 et
1633 3284 1667 3327 a
1699 3277 1993 3348 praecepto

2084 3260 2335 3338 ῥημάτων
2402 3263 2504 3321 ὑπὸ
2561 3270 2667 3322 τῶν
2722 3265 2888 3345 ἁγίων
2935 3265 3245 3347 προφητῶν,
3298 3264 3401 3321 ὑπὸ
3458 3268 3560 3331 τῆς
3629 3267 3737 3319 τῶν

343 3351 579 3417 Domini
610 3366 668 3418 et
698 3358 1041 3422 Salvatoris.
1096 3353 1177 3417 Ex
1222 3354 1523 3415 communi
1557 3354 1716 3417 enim
1748 3357 1993 3420 sumitur

2084 3350 2399 3409 ἀποστόλων
2427 3356 2578 3429 ἡμῶν
2627 3351 2873 3428 ἐντολῆς,
2934 3356 3035 3412 ὑπὸ
3072 3359 3170 3422 τῆς
3215 3351 3433 3420 ἐντολῆς
3488 3361 3583 3411 τοῦ
3626 3360 3736 3410 Κυ-

343 3446 682 3525 praapositio
707 3453 808 3508 ὑπὸ
857 3451 914 3511 id
949 3457 1040 3510 est
1070 3464 1130 3509 ιι.
1165 3444 1235 3507 Ει
1257 3461 1438 3524 quare
1476 3444 1626 3531 hanc
1650 3446 1993 3508 memoriam

2088 3440 2198 3531 ρίου
2226 3443 2315 3499 καὶ
2342 3448 2616 3523 Σωτῆρος.
2665 3443 2814 3504 Κατὰ
2863 3451 3044 3502 κοινοῦ
3097 3444 3197 3523 γὰρ
3244 3444 3279 3512 ἦ
3321 3441 3446 3504 ὑπό·
3495 3440 3594 3531 Καὲ
3651 3436 3738 3531 διὰ

342 3535 591 3598 excitari
606 3538 1132 3620 jubeatsubjungil
1164 3552 1178 3598 :
1214 3533 1507 3607 Quoniam
1542 3527 1993 3615 hiquiall‘ectio-

2084 3529 2135 3585 τί
2200 3532 2300 3599 τὴν
2369 3534 2591 3620 μνήμην
2658 3533 3064 3614 ἀναζωπυρῆσαι
3113 3533 3312 3600 ταύτην
3369 3527 3735 3620 παρακελεύῃ

345 3615 746 3690 nibusaddicti
769 3615 1143 3708 vivuntjuita
1166 3624 1437 3705 oraprias
1455 3624 1993 3706 concupiscendus,

2084 3641 2190 3694 ται,
2222 3621 2431 3701 ἐπάγει.
2483 3615 2615 3683 ’Ὀτι
2671 3628 2719 3681 οἱ
2761 3624 3011 3701 ἐμπαθῶς
3062 3629 3253 3695 ζῶντες
3302 3622 3439 3679 κατά
3484 3620 3579 3685 τὰς
3609 3618 3724 3708 ἐπιῖ

342 3712 612 3777 videntes
633 3719 918 3798 quosdam
944 3717 1382 3780 Deiadventum
1401 3713 1995 3796 formidantes,quem

345 3821 460 3864 uua
484 3824 616 3867 cum
640 3807 771 3869 aliis
800 3808 1079 3869 divinitus
1116 3802 1415 3885 inspiratis
1449 3803 1577 3886 ipse
1607 3822 1846 3885 quoque
1874 3804 1994 3866 Do-

344 3890 543 3954 minus
565 3896 1398 3976 prtenuntiavitmtpropterea
1424 3910 1588 3953 suam
1613 3891 1993 3955 inhonestam

2077 3712 2262 3786 θυμίας
2334 3714 2430 3778 τὰς
2498 3711 2653 3787 ἰδίας,
2712 3715 2936 3794 ὁρῶντές
2991 3737 3137 3781 τινας
3183 3712 3415 3778 δεδιότας
3481 3710 3583 3778 τὴν
3638 3707 3733 3765 τοῦ

2082 3800 2265 3859 Κυδίου
2316 3803 2629 3884 παρουσίαν,
2684 3804 2749 3872 ῆν
2828 3807 2963 3882 μετά
3034 3803 3211 3862 ἄλλων
3295 3800 3560 3883 θεοφόρων
3643 3798 3734 3855 καὶ

2078 3889 2229 3953 αὐτὸς
2257 3892 2286 3947 δ
2338 3893 2523 3970 Κύριος
2571 3893 3018 3974 προκατήγγειλε,
3066 3896 3155 3952 καὶ
3209 3892 3295 3951 διὰ
3345 3891 3544 3958 ταύτην
3600 3887 3731 3945 ἀθε-

341 3980 519 4041 vitam
545 3984 1072 4064 parvipendeutes:
1100 3984 1320 4046 deinde
1339 3981 1515 4044 etiam
1542 3976 1813 4063 videntes
1833 3983 1993 4062 quod

2084 3982 2293 4043 τοῦντας
2350 3983 2450 4047 τήν
2501 3980 2729 4058 ἄσεμνον
2784 3982 2955 4039 αὐτῶν
2996 3983 3208 4063 βιοτὴν,
3258 3982 3389 4039 εἶτα
3446 3980 3525 4056 μὴ
3594 3976 3735 4034 κατὰ

340 4086 651 4133 sermones
708 4063 824 4135 non
887 4074 1085 4137 statim
1136 4071 1495 4134 sortirentur
1524 4072 1826 4146 eﬂ'ectum,
1886 4072 1991 4134 sed

2084 4063 2238 4128 πόδας
2282 4073 2389 4125 τῶν
2419 4067 2607 4149 ίλόγων
2664 4071 2762 4138 τὴν
2812 4086 3004 4150 πεῖραν
3061 4072 3352 4153 φθάνουσαν
3396 4067 3534 4127 ἀλλά
3589 4086 3733 4146 παρ-

344 4167 585 4239 propter
606 4163 926 4224 multorum
945 4163 1195 4224 salutem
1217 4158 1839 4239 differrenturﬁdeles
1856 4161 1993 4223 ado-

2084 4153 2371 4232 ελκομένην
2441 4156 2525 4214 διὰ
2581 4160 2680 4229 τὴν
2722 4169 2829 4218 τῶν
2888 4160 3106 4220 πολλῶν
3155 4160 3443 4240 σωτηρίαν,
3490 4156 3740 4238 ἐπιφύον-

340 4247 579 4311 riuntur
634 4262 908 4333 tanquam
962 4253 1257 4323 illusores,
1312 4259 1371 4312 et
1420 4249 1676 4312 dicunt:
1733 4248 1844 4314 Ubi
1902 4258 1993 4313 est

2084 4265 2162 4301 ται
2202 4259 2319 4310 τοῖς
2376 4262 2589 4314 πιστοῖς
2654 4250 3063 4324 ἐπιτωθάζοντες
3120 4252 3213 4308 ἅτε
3286 4250 3583 4327 ἐμπαῖκται
3646 4245 3738 4302 καὶ

342 4340 662 4437 promissio
688 4332 973 4403 adventus
993 4344 1130 4419 ejus
1154 4341 1179 4400 Υ
1200 4337 1345 4402 Nam
1379 4338 1453 4400 ob
1489 4339 1648 4401 hunc
1674 4359 1857 4401 unum
1876 4341 1993 4422 .qui

2084 4332 2326 4414 λέγοντες
2360 4350 2376 4366 °
2408 4427 2421 4441 ‘
2466 4341 2573 4394 Ποῦ
2641 4339 2783 4397 ἔστιν
2833 4343 2868 4409 ἡ
2939 4339 3229 4421 ἐπαγγελία
3290 4345 3387 4441 τῆς
3441 4332 3733 4441 παρουσίας

340 4421 782 4506 dispensatione
795 4430 1043 4512 quadam
1062 4429 1320 4491 nondum
1334 4421 1993 4510 complctusestmaztera

2084 4427 2287 4507 αὖτοὺς
2338 4427 2435 4487 Διά
2481 4434 2608 4502 μιᾶς
2666 4430 2859 4497 ταύτης
2917 4435 3016 4498 τῆς
3074 4431 3241 4507 μήπω
3293 4426 3591 4510 ἀφιγμένης
3649 4421 3736 4480 διὰ

339 4535 575 4598 quoque
606 4519 883 4582 salutaria
915 4520 1149 4583 Domini
1185 4527 1480 4600 praecepta
1534 4520 1879 4599 depravant,
1917 4540 1993 4583 ne

2084 4534 2217 4579 τινος
2277 4517 2607 4594 οἰκονομίας,
2680 4519 2769 4576 καί
2811 4533 2934 4585 ταῖς
2976 4518 3171 4583 ἄλλαις
3228 4513 3588 4599 σωτηριώδεσι

344 4606 492 4668 ﬁdes
528 4606 675 4688 ipsis
709 4609 1017 4673 habeatur.
1054 4598 1198 4673 ιιωέ
1223 4598 1421 4670 autem
1477 4608 1591 4669 illis
1620 4598 1993 4686 temporibus

2084 4604 2266 4682 Κυρίου
2326 4604 2571 4672 ἐντολαῖς
2630 4606 2871 4667 ἀπειθεῖν
2926 4598 3387 4689 κακουργοῦντες(
3436 4610 3612 4665 Ταῦτα
3680 4598 3737 4657 δὲ

341 4699 715 4775 uagabantur
731 4698 995 4762 Guostici
1025 4710 1126 4762 aut
1148 4697 1398 4760 Naaseni
1419 4697 1515 4777 qui
1535 4708 1593 4758 et
1611 4698 1723 4777 ipsi
1744 4700 1991 4779 Lampe-

2084 4694 2122 4747 οἱ
2149 4691 2269 4750 κατ’
2300 4693 2528 4762 ἐκείνους
2579 4698 2699 4762 τοὺς
2762 4698 2977 4778 καιροὺς
3018 4697 3304 4755 Γνωστικοὶ
3357 4695 3393 4766 ἢ
3438 4693 3735 4767 Ναασηνυῖ.

342 4786 486 4848 tiani
510 4797 569 4850 et
586 4787 849 4851 Euchitaa
866 4798 1056 4852 erant.
1080 4788 1188 4863 Qui
1209 4806 1441 4862 omnes,
1473 4786 1690 4867 inquit,
1725 4788 1993 4853 volentes

2084 4784 2125 4839 οἱ
2168 4780 2213 4838 δ’
2270 4786 2416 4843 αὐτοὶ
2471 4788 2559 4844 καὶ
2604 4789 2964 4863 Δαμπετιανοῖ
3018 4789 3107 4845 καὶ
3151 4789 3381 4868 Εὖχτται
3412 4779 3734 4865 ἐληρῴδουν.

341 4878 811 4943 nrsciuut.Ultro
836 4880 993 4941 enim
1011 4882 1216 4943 oculos
1241 4877 1527 4941 claudunt
1556 4876 1628 4938 ad
1653 4878 1990 4955 veritatem,

2084 4872 2175 4938 Οὓς
2223 4872 2460 4939 ἅπαντας
2512 4873 2777 4951 λανθάνει,
2824 4877 3006 4959 φησὶν,
3067 4877 3308 4942 ἑκόντας.
3342 4871 3608 4932 Ἐθελοντὶ

341 4967 494 5029 sicut
526 4969 700 5031 etiam
723 4979 897 5031 antea
922 4969 1206 5032 diximus.

2084 4961 2261 5037 μύουσι
2292 4964 2423 5042 πρὸς
2452 4964 2553 5033 τῆν
2582 4963 2857 5041 ἀλήθειαν,
2902 4967 2976 5030 ὡς
3032 4967 3120 5023 καὶ
3176 4967 3277 5046 πρὸ
3332 4964 3521 5023 τούτου
3581 4962 3735 5042 εἰρή-

2078 5072 2246 5127 καμεν
2257 5100 2271 5115 ,

2162 5163 2190 5194 α
2261 5142 2514 5199 Λανθανει
2570 5145 2669 5224 γὰρ
2724 5146 2910 5213 αὐτοὺς
2966 5149 3120 5205 τοῦτο
3183 5143 3456 5216 θέλοντας,
3522 5139 3606 5199 ὅτι
3687 5153 3739 5207 οἱ

2078 5232 2283 5310 οὐρανοὶ
2357 5230 2494 5301 ἦσαν
2578 5232 2827 5296 ἔκπαλαι.
2918 5237 3018 5296 Καὶ
3087 5241 3160 5314 γῆ
3232 5233 3286 5301 ἐξ
3349 5232 3560 5313 ὕδατος,
3647 5232 3739 5288 καὶ

2077 5316 2146 5376 δι’
2189 5317 2377 5385 ὕδατος
2436 5329 2736 5381 συνεστῶσα
2792 5326 2868 5401 τῷ
2922 5333 3016 5384 τοῦ
3070 5327 3201 5383 Θεοῦ
3253 5323 3423 5405 λόγῳ,
3508 5319 3576 5379 δι’
3660 5322 3738 5377 ὧν

422 5144 567 5217 ΙΙΙ,5
596 5149 654 5211 9.
666 5148 819 5211 Nam
833 5148 984 5211 illud
994 5152 1249 5212 volentes
1265 5148 1541 5211 nesciunt
1558 5145 1712 5225 quod
1722 5147 1859 5209 coeli
1858 5150 1994 5225 jam

343 5236 485 5297 olim
499 5237 756 5314 fuerint,
791 5245 846 5301 et
878 5246 1044 5301 terra
1073 5257 1149 5301 ex
1169 5256 1329 5315 aqua
1342 5245 1750 5318 etpcraquam
1765 5239 1993 5300 consis-

342 5328 583 5387 tensDei
594 5344 1149 5407 sermone:perqme
1162 5329 1210 5389 is
1222 5330 1325 5406 qui
1337 5335 1479 5390 tunc
1490 5335 1627 5388 erat
1641 5327 1997 5400 mundus,a-

342 5433 463 5495 qua
495 5415 826 5477 inundatus
858 5416 1991 5499 periit.Atquinuncsuutcwtiacterra,

340 5503 603 5583 ejusdem
620 5521 900 5568 sermone
914 5508 1162 5587 repositi
1179 5508 1574 5583 sunt,servati
1600 5506 1731 5586 igni
1750 5507 1815 5568 in
1830 5505 1996 5569 diem

425 5673 488 5727 Β
516 5673 741 5755 Ephes.
776 5693 838 5751 ιι,
867 5675 972 5739 20.

2077 5410 2107 5465 ὁ
2182 5407 2306 5465 τότε
2386 5411 2586 5486 κόσμος
2666 5407 2865 5472 ῧδατιί·
2896 5413 3271 5480 κατακλυσθεὶς
3344 5411 3617 5474 ἀπώλετο.
3676 5411 3738 5469 Ol

2079 5498 2134 5561 δὲ
2207 5503 2296 5555 νῦν
2363 5496 2570 5579 οὖρανοὶ
2650 5505 2740 5562 καὶ
2794 5506 2831 5575 ἡ
2886 5507 2961 5584 γῆ
3012 5504 3156 5580 αὐτῷ
3224 5502 3372 5582 λόγῳ
3421 5504 3741 5582 τεθησαυρι-
