4106 6386
429 368 551 444 609

433 503 616 582 σμένοι
674 506 772 563 εἰσὶ
847 507 966 584 πυρὶ

429 597 521 653 καὶ
613 595 880 663 ἀπωλείας
971 602 1078 652 τῶν
1168 594 1374 653 ἀσεϐῶν
1461 596 1769 676 ἀνθρώπων,
1885 605 1954 654 Εν
2037 595 2090 652 δὲ

435 692 589 742 τοῦτο
645 685 724 761 μη
793 683 1092 742 λανθανέτω
1135 687 1292 765 ὑμᾶς,
1351 685 1639 765 ἀγαπητοὶ,
1688 684 1767 742 ὅτι
1812 687 1906 760 μία
1946 687 2088 762 ἡμέ-

441 797 504 856 ρα
559 775 702 855 παρὰ
763 776 932 854 Κυρίῳ
987 777 1060 840 ὡς
1117 773 1268 856 χίλια
1325 772 1442 846 ἔτη,
1500 777 1586 832 καὶ
1657 774 1807 855 χίλια
1863 775 1958 843 ἔτη
2017 778 2088 840 ὡς

439 862 612 944 ἡμέρα
655 865 773 939 μία.
808 868 879 922 Οὑ
903 862 1138 941 βραδύνει
1183 867 1210 920 6
1244 865 1426 942 Κύριος
1475 865 1573 930 τῆς
1619 863 1961 944 ἐπαγγελίας,
2019 867 2090 931 ὡς

441 973 576 1016 τινες
604 950 904 1032 βραδυτῆτα
952 955 1228 1033 ἡγοῦνται,
1263 952 1398 1009 ἀλλά
1456 957 1785 1031 μακροθυμεῖ
1816 954 1887 1016 εἷς
1918 956 2086 1028 ἡμᾶς,

441 1041 517 1118 μὴ
545 1039 867 1120 βουλόμενος
898 1065 1041 1106 τινας
1072 1041 1554 1123 ἀπολέσθαι,ξάλλά
1582 1043 1783 1107 πάντας
1815 1044 1886 1108 εἰς
1920 1044 2090 1120 μετά-

439 1153 582 1189 νοιαν
612 1136 887 1212 χωρῆσαι,
923 1156 949 1186 π

521 1310 617 1367 Καὶ
678 1310 728 1366 τί
797 1312 859 1367 τὸ
915 1309 1169 1368 λανθάνον
1226 1312 1462 1391 αύτούς,
1523 1311 1603 1367 ὅτι
1673 1309 1851 1390 ὥσπερ
1906 1310 1958 1366 ἒν
2011 1317 2088 1385 τῷ

435 1397 794 1475 κατακλυσμῷ
850 1401 983 1468 ἦσαν
1034 1400 1258 1480 οὑρανοὶ,
1320 1403 1456 1458 κατα
1516 1401 1614 1468 τὴν
1686 1401 1949 1477 Μωσέωςξ
1990 1423 2088 1456 κο-

436 1487 773 1564 σμογὲνειαν,
847 1489 899 1555 ἐξ
968 1488 1152 1555 ὕδατος
1188 1505 1201 1519 ⁸
1265 1491 1420 1556 αὑτὸς
1483 1491 1582 1570 γάρ
1631 1513 1760 1571 φησι
1820 1492 1910 1545 τὸν
1960 1490 2090 1546 Θεὸν

1524 366 1924 437 COMMENT.
1976 369 2058 437 ΙΝ
2103 365 2348 434 EPIST.
2394 366 2452 432 II
2497 371 2556 433 S.
2605 368 2859 436 PETRI.

1050 507 1364 586 τηρούμενοι
1448 509 1520 572 εἰς
1593 506 1796 586 ἡμέραν
1865 507 2083 580 κρίσεως

2171 507 2384 584 iudicii
2409 513 2467 570 et
2489 507 2859 587 perditionis
2891 506 3227 587 impiorum
3247 505 3587 570 hominum.
3628 507 3826 573 Unum

3709 367 3828 436 610

2173 603 2370 658 autem
2393 599 2502 658 huc
2520 616 2594 658 ne
2611 598 2796 658 latent
2815 595 3498 676 eos,dilccti,quatiemus
3519 599 3648 660 dies
3660 601 3826 679 apud

2181 687 2504 748 Dominum
2525 687 2781 766 perinde
2799 693 2975 748 estut
3018 685 3187 746 mille
3205 692 3378 756 muti,
3405 695 3461 751 et
3481 689 3648 752 mille
3673 692 3827 752 anni

2174 775 2384 836 utdws
2410 794 2587 837 unus.
2633 774 2766 837 Non.
2815 775 3016 837 tardat
3059 776 3348 838 Dominus
3391 793 3490 855 qui
3509 781 3818 858 promisit,

2173 862 2315 923 550
2353 865 2854 943 quemadmodum
2894 863 3173 925 nonnulli
3219 867 3566 929 tarditatem
3613 870 3824 932 existi.

2177 953 2478 1021 numLs-od
2497 953 2861 1030 Iongnm'mzs
2877 959 2964 1014 est
2987 970 3129 1032 ergo
3153 954 3563 1019 nos.dumnon
3584 957 3712 1019 vult
3735 964 3823 1020 ul-

2175 1041 2258 1104 los
2285 1045 2508 1121 perire,
2532 1043 2632 1104 sed
2662 1060 2865 1104 omnes
2885 1043 2964 1102 ad
2991 1044 3404 1121 poenio-utinm
3433 1048 3734 1111 accedere,

2255 1130 2321 1193 Et
2341 1131 2480 1212 quid
2501 1133 2770 1211 estgquod
2795 1130 3066 1194 nesciunt
3084 1129 3288 1210 ‘?quod
3321 1135 3820 1213 quemadmodum

2171 1223 2231 1284 in
2265 1220 2483 1284 diluvio
2510 1230 2681 1282 erant
2712 1220 2845 1281 cceli
2882 1238 2950 1280 ex
2972 1219 3305 1300 aquajuxta
3328 1223 3532 1284 mundi
3558 1226 3820 1288 creatio-

2171 1330 2306 1370 nem
2331 1309 2536 1371 aMose
2561 1319 2856 1370 narratam
2885 1327 2896 1371 :
2930 1309 3082 1388 (ipse
3110 1311 3268 1370 enim
3293 1310 3478 1372 Deum
3494 1313 3818 1394 aitprmce-

2175 1400 2332 1480 pisse
2364 1409 2429 1460 ut
2465 1400 2634 1460 ﬁeret
2664 1399 3104 1460 ﬁrmamentum
3128 1399 3183 1458 in
3211 1401 3410 1462 medio
3431 1403 3824 1483 :1qum26,hoc

2175 1487 2801 1567 estﬁrmiornquarum
2817 1486 3167 1559 substantia;
3185 1506 3198 1546 :
3219 1487 3296 1547 ita
3311 1495 3370 1548 et
3403 1498 3556 1550 terra
3575 1509 3642 1552 ex
3655 1493 3822 1574 aquis

440 1575 759 1634 ἐντείλασθαι
817 1579 1054 1657 γενέσθαι
1127 1580 1398 1659 στερέωμα
1430 1579 1484 1635 ἐν
1529 1581 1675 1654 μέσῳ
1730 1587 1820 1636 τοῦ
1879 1577 2084 1648 ὕδατος,

2171 1577 2443 1657 apparuit
2451 1577 2622 1656 jussu
2642 1574 3136 1656 Conditoris,qua3
3155 1575 3331 1638 etiam
3350 1577 3408 1638 in
3428 1578 3546 1640 illis
3561 1581 3820 1661 primum

437 1666 695 1738 τουτέστι.
772 1670 1124 1749 στερεωτέραν
1183 1676 1289 1726 τῶν
1346 1667 1545 1725 ὑδάτων
1598 1668 1936 1748 ὑπόστασιν),
2004 1669 2084 1724 καῖ

2173 1665 2447 1727 demersa
2476 1675 2619 1726 erat.
2655 1663 2725 1724 Et
2755 1663 3257 1743 quemadmodum
3298 1668 3442 1728 czelo
3464 1687 3532 1728 ac
3566 1679 3722 1732 terra
3752 1691 3822 1734 ex

439 1757 474 1823 ἡ
519 1761 590 1833 γῆ
647 1755 701 1812 δὲ
768 1758 1017 1823 ὡσαύτως
1063 1757 1121 1814 ἐκ
1162 1761 1267 1815 τῶν
1309 1756 1508 1816 ὑδάτων
1567 1758 1799 1838 ἀνεφάνη
1854 1764 1932 1832 τῷ
2000 1765 2084 1814 τοῦ

2174 1775 2324 1836 aqua
2353 1754 2690 1816 constitutis
2719 1752 3003 1814 diluvium
3036 1753 3340 1834 inopinato
3369 1761 3821 1838 supervenit,ita

438 1844 649 1901 κτίστου
696 1846 1088 1924 προστάγματι,
1147 1850 1234 1904 καὶ
1291 1845 1611 1928 ὑποϐρύχιος
1657 1850 1840 1911 αὑτοῖς
1901 1846 2084 1925 πρῴην

2176 1857 2231 1906 et
2265 1864 2421 1906 nunc
2471 1853 2749 1905 statutum
2813 1851 2902 1904 est
2950 1851 3014 1904 ut
3066 1862 3172 1924 per
3210 1844 3405 1922 ignem
3432 1847 3529 1907 ﬁat
3561 1849 3820 1911 universi

438 1933 592 1995 οὖσα.
651 1936 749 1993 Καὶ
805 1937 878 2000 ὡς
934 1935 986 2001 εξ
1057 1935 1256 1993 ὑδάτων
1325 1940 1663 1996 συνεστώτων
1719 1939 1934 2014 ούρανοῦ
2003 1935 2084 1992 καῖ

2175 1935 2498 2015 corruptio,
2553 1952 2686 1994 cum
2717 1951 2831 2014 quo
2865 1931 3030 2012 impii
3070 1952 3305 2014 quoque
3337 1934 3636 2012 peribunt.
3671 1939 3818 2000 Cum

441 2028 567 2102 γῆς,
643 2026 670 2079 6
725 2024 1094 2102 κατακλυσμὸς
1154 2025 1379 2093 ἐπῆλθεν
1424 2025 1861 2104 ἀπροσδοκήτως,
1921 2027 2084 2084 ὡσαύ-

2176 2025 2331 2086 enim
2368 2024 2482 2084 duo
2503 2025 2625 2084 haec
2651 2022 2945 2085 elementa
2975 2040 3127 2102 aqua
3148 2033 3205 2083 et
3237 2024 3389 2101 ignis
3414 2027 3650 2088 condita
3680 2038 3822 2090 sunt

439 2135 545 2177 τως
603 2114 689 2169 καὶ
761 2116 848 2170 νῦν
920 2113 1008 2172 διὰ
1051 2119 1211 2196 πυρὸς
1258 2117 1536 2173 ἀπόκειται
1596 2116 1693 2183 τὴν
1752 2116 1942 2195 φθορὰν
1999 2124 2084 2172 τοῦ

2176 2133 2292 2174 una
2326 2133 2458 2175 cum
2495 2112 2799 2184 universo,
2835 2132 2867 2172 a
2897 2110 3120 2192 quibus.
3142 2121 3198 2172 et
3228 2115 3339 2174 alia
3377 2117 3492 2176 duo
3526 2117 3823 2180 elementa

439 2203 636 2267 παντὸς
668 2203 929 2281 γενέσθαι,
977 2205 1091 2280 μεθ’
1145 2208 1205 2262 οῦ
1244 2207 1332 2264 καὶ
1388 2208 1435 2262 οἱ
1465 2204 1678 2269 ἀσεϐεῖς
1735 2203 2080 2262 ἀπολοῦνται.

447 2291 548 2347 Δύο
589 2293 688 2370 γὰρ
757 2292 922 2349 ὄντων
987 2302 1090 2351 τῶν
1145 2295 1606 2352 συνεκτικωτάτων
1663 2295 1943 2373 στοιχείων
1994 2300 2086 2350 τοῦ

437 2382 657 2451 παντὸς,
690 2380 876 2445 ὕδατος
922 2386 1010 2440 καὶ
1058 2387 1241 2464 πυρὸς,
1302 2384 1392 2466 ἀρ’
1435 2388 1508 2440 ὧν
1564 2386 1649 2440 καὶ
1690 2385 1756 2440 τὰ
1795 2383 1958 2441 λοιπά
1999 2380 2086 2439 δύο

437 2485 686 2551 στοιχεῖα
745 2473 806 2528 τὸ
871 2473 1013 2530 εἶναι
1084 2473 1432 2554 λαμϐάνουσι,
1502 2475 1605 2552 ἀὴρ
1649 2475 1746 2549 μὲν
1804 2472 2084 2547 ἐξατμιζο-

437 2559 612 2634 μένων
653 2567 758 2617 τῶν
786 2559 1006 2640 ὑδάτων,
1055 2570 1126 2640 γῆ
1175 2562 1230 2619 δὲ
1274 2565 1692 2642 συγκρινομενων
1742 2570 1848 2618 τῶν
1890 2563 2082 2640 αὔτων,

439 2653 537 2716 τῆς
595 2649 911 2725 ἐξατμίσεως
991 2655 1066 2716 ὡς
1125 2653 1184 2709 ἐκ
1240 2655 1400 2734 πυρὸς
1444 2657 1531 2711 καὶ
1587 2655 1684 2720 τῆς
1743 2652 2082 2732 συγκρίσεως,

439 2735 643 2804 οῦδενὸς
703 2745 807 2796 τῶν
869 2748 988 2798 νοῦν
1028 2741 1265 2823 ἐχόντων
1319 2743 1657 2808 ἀπιστοῦντος
1706 2743 1918 2816 (ταύτην
1987 2741 2086 2819 γὰρ

445 2823 492 2848 κν
687 2830 700 2847 ο
878 2840 901 2848 -
1397 2841 1418 2850 ..
1619 2839 1641 2848 .-
1807 2833 1820 2850 ε
1920 2829 1944 2851 ν
2017 2854 2030 2862 _

439 2843 653 2903 ουναμιν
683 2831 784 2885 υπὸ
813 2851 906 2888 του
934 2834 1261 2902 ποιήσαντος
1292 2840 1424 2889 Θεου
1469 2835 1503 2901 ἡ
1554 2854 1646 2889 του
1702 2853 1863 2910 πυρος
1921 2829 2085 2908 EAG/.5

442 2916 615 2995 φύσις)
653 2937 669 2952 ·
755 2916 843 2976 δύο
902 2922 1070 2976 τοίνυν
1125 2920 1314 3001 ὄντων,
1361 2924 1448 2978 καὶ
1501 2923 1752 3001 πρότερον
1809 2925 1907 2987 τῆς
1980 2925 2084 2975 τῶν

441 3003 640 3061 ἀσεϐῶν
692 3009 882 3088 φθορᾶς
952 3006 1036 3064 διὰ
1108 3020 1200 3069 τοῦ
1266 3009 1450 3075 ὕδατος
1507 3010 1821 3090 γενομένης,
1882 3009 2086 3087 ἀνάγκη

2171 2221 2304 2265 esse
2334 2201 2630 2282 accipimt
2657 2219 2668 2258 :
2698 2219 2804 2279 per
2828 2199 3068 2280 quidem
3092 2204 3421 2282 evaporatis
3442 2205 3632 2286 aquis,
3656 2216 3815 2271 terra

2171 2310 2309 2352 vero
2334 2291 2478 2371 ipsis
2512 2288 2834 2370 compactis
2867 2308 2880 2348 :
2923 2307 3140 2369 nempe
3186 2291 3366 2352 veluti
3397 2293 3546 2354 facta
3576 2315 3646 2358 ex
3677 2297 3812 2378 igne

2171 2381 2584 2461 evaporatione
2636 2388 2692 2439 et
2743 2378 3176 2458 compactione,
3223 2382 3382 2442 nullo
3414 2383 3515 2460 qui
3550 2396 3807 2448 mentem

2170 2471 2384 2533 habeat
2409 2470 2772 2531 reclamante
2807 2471 2964 2547 (nam
2991 2469 3142 2530 hanc
3164 2469 3436 2531 virtutem
3475 2491 3508 2533 a
3539 2472 3658 2536 Deo
3674 2497 3812 2538 con-

2169 2560 2361 2621 ditore
2413 2559 2562 2635 ignis
2622 2569 2830 2620 natura
2884 2557 3087 2618 sortita
3138 2561 3270 2638 est),
3327 2578 3460 2622 cum
3513 2563 3638 2625 haec
3667 2566 3808 2640 duo,

2169 2650 2521 2730 inquam,ita
2546 2666 2785 2728 semper
2806 2647 3269 2729 substiterint,et
3301 2650 3462 2730 prius
3477 2671 3584 2733 per
3598 2673 3810 2736 aquam

2169 2739 2385 2800 factum
2404 2738 2578 2799 fuerit
2602 2737 2917 2818 impiorum
2950 2737 3217 2812 exitium,
3247 2759 3491 2803 necesse
3509 2751 3672 2805 estut
3705 2767 3814 2825 per

2168 2830 2365 2908 ignem
2394 2845 2629 2888 rursum
2651 2827 2750 2888 fiat
2771 2826 3041 2887 interitus
3062 2845 3268 2889 eorum
3283 2831 3383 2910 qui
3404 2831 3590 2912 impie
3606 2845 3810 2910 agunt.

2171 2921 2356 2981 Porro
2380 2917 2534 2998 quod
2558 2917 2734 2996 hujus
2757 2916 3134 2977 universities
3151 2919 3597 3000 corruptio,non
3621 2925 3810 2986 solum

2171 3006 2544 3084 Christianis,
2602 3005 2984 3066 verumeliam
3047 3006 3394 3070 Graecorum
3445 3011 3815 3090 sapientibUs

441 3092 620 3175 πάλιν,
667 3098 845 3176 φησὶν,
893 3099 987 3166 τὴν
1057 3105 1163 3155 τῶν
1236 3097 1563 3157 ἀσεϐούντων
1617 3100 1810 3179 φθορὰν
1859 3095 1943 3155 διὰ
1997 3105 2084 3152 τοῦ

2171 3098 2404 3159 videtur
2431 3119 2442 3156 :
2470 3094 2969 3177 quemadmodum
2990 3095 3288 3157 Heraclito
3317 3098 3567 3178 Ephesio
3595 3112 3650 3161 et
3675 3104 3812 3165 Em-

444 3184 600 3262 πυρὸς
628 3184 890 3264 γενέσθαι.
923 3189 992 3244 Τὸ
1048 3185 1102 3244 δὲ
1165 3188 1402 3267 γενέσθαι
1456 3191 1555 3253 τὴν
1597 3186 1745 3248 τοῦδε
1796 3196 1889 3246 τοῦ
1943 3209 2085 3243 παν-

438 3274 525 3358 τὸς
571 3275 785 3355 φθορὰν,
819 3276 880 3332 οὑ
922 3275 1083 3352 μόνον
1115 3287 1483 3358 Χριπιανοτς,
1534 3278 1671 3337 ἀλλά
1707 3279 1794 3335 καὶ
1835 3290 1952 3339 τοτς
1982 3282 2086 3334 τῶν

448 3351 720 3433 Ἐλλήνων
751 3351 935 3444 σοφοῖς
965 3364 1116 3424 δοκεῖ
1142 3351 1173 3403 θ’
1219 3370 1292 3432 ὡς
1328 3359 1648 3448 Ἡρακλείτῳ
1701 3375 1777 3442 τῷ
1837 3364 2086 3448 Ἐφεσίῳ,

442 3452 512 3516 ὡς
542 3449 899 3528 Ἐμπεδοκλεῖ
940 3463 1018 3532 τῷ
1046 3459 1292 3533 Αἰτναίῳ.
1350 3457 1501 3515 Ἀλλ’
1556 3459 1669 3538 ἐρεῖ
1709 3479 1789 3522 τις
1834 3454 1937 3530 ὅτι,
1989 3455 2082 3514 Kal

442 3542 516 3605 τίς
560 3544 587 3598 6
616 3541 776 3622 λόγος
803 3548 897 3602 τοῦ
924 3548 1237 3620 ὑποστῆναι,
1285 3549 1331 3606 εἰ
1382 3547 1464 3606 δεῖ
1519 3546 1679 3605 πάλιν
1736 3549 1864 3626 πρὸς
1895 3544 2087 3627 φθορὰν

443 3636 684 3711 χωρῆσαι
726 3636 816 3691 τὸν
870 3636 1117 3718 κόσμονς
1181 3639 1278 3696 Καὶ
1320 3638 1554 3718 ἐροῦμεν,
1616 3640 1689 3702 ὡς
1759 3639 1820 3694 (οὑ
1887 3658 2085 3694 παντε-

445 3718 548 3784 λῶς
621 3723 750 3802 πρὸς
801 3726 992 3805 φθορὰν
1051 3729 1080 3782 6
1151 3725 1352 3802 κόσμος
1409 3728 1673 3807 χωρήσει,
1747 3725 1885 3784 ἀλλὰ
1953 3727 2084 3805 πρὸς

441 3809 832 3888 ἂνακαινισμόν.
874 3813 954 3871 Δι’
983 3816 1011 3872 ὃ
1034 3817 1123 3872 καὶ
1153 3819 1180 3872 6
1211 3818 1495 3898 Προφήτης
1553 3819 1705 3898 φησὶ,
1762 3839 1790 3871 α
1826 3816 1924 3874 Καὶ
1953 3815 2086 3870 ἀνα-

443 3914 667 3965 καινιετς
695 3905 757 3960 τὸ
805 3906 1088 3985 πρόσωπον
1145 3912 1243 3974 τῆς
1299 3897 1425 3986 γῆς.
1478 3930 1506 3962 ι
1569 3897 1786 3987 υΩσπεῐῖ)
1829 3907 1929 3985 γὰρ
1984 3907 2086 3962 ὑπὸ

444 3997 572 4051 Θεοῦ
599 3992 719 4048 κατ’
745 3993 917 4073 ἀρχὰς
947 3995 1216 4052 {mos-sica:
1263 3998 1298 4064 ἡ
1365 3997 1590 4064 αἰσθητὴ
1643 3997 1835 4068 κτίσις,
1898 3993 2037 4066 καλή
2067 4015 2082 4030 ⁸

441 4081 526 4136 καὶ
554 4081 627 4146 ὡς
658 4081 752 4138 οὑκ
781 4081 844 4138 ἂν
886 4082 1060 4150 ἄλλως
1104 4083 1269 4155 καλή,
1329 4086 1426 4142 Διά
1482 4085 1537 4142 δὲ
1593 4087 1690 4155 τὴν
1731 4093 1824 4142 τοῦ
1881 4085 2083 4164 ἀνθρώ-

440 4191 536 4226 που
588 4168 883 4251 παράϐασιν
943 4177 1030 4232 καὶ
1103 4174 1237 4242 αὑτὴ
1307 4176 1341 4243 ἡ
1410 4176 1576 4238 κτίσις
1632 4181 1700 4253 τῇ
1769 4176 2086 4252 ματαιότητι

441 4258 698 4342 ὑπετάγη,
759 4263 1018 4339 τουτέστι,
1075 4271 1154 4340 τῷ
1195 4265 1274 4340 μὴ
1330 4261 1542 4342 βέϐαιον
1593 4264 1742 4346 ἔχειν
1784 4266 1847 4322 τὸ
1917 4265 2080 4340 εἶναι,

442 4349 555 4409 ἀλλ’
589 4352 645 4408 ἐν
671 4353 768 4431 ῥοῇ
795 4356 883 4412 καὶ
930 4354 1163 4434 ἀποῤῥοῃ
1207 4356 1350 4414 εῖναι
1385 4374 1399 4388 ⁰
1448 4358 1572 4414 εἶτα
1643 4356 1726 4414 διὰ
1768 4363 1859 4415 τοῦ
1915 4379 2082 4414 κατα-

440 4443 672 4522 κλυσμοῦ
699 4448 886 4526 μικρὸν
931 4448 1329 4518 ἐπιστησάντων
1369 4456 1437 4527 τῇ
1491 4446 1755 4522 θεοσεϐείᾳ
1813 4452 1915 4506 τῶν
1984 4451 2080 4506 ἀν·

2173 3182 2804 3268 pedocliEtnzeoSed
2827 3184 2986 3246 dicet
3019 3185 3231 3266 aliquis
3267 3189 3521 3268 :thuae
3543 3189 3814 3255 luitratio

2171 3285 2236 3338 ut
2263 3278 2650 3347 conderetur,
2714 3274 2764 3334 si
2815 3292 3052 3335 rursum
3091 3276 3405 3355 oportebat
3434 3278 3507 3338 ad
3561 3279 3813 3344 nihilum

2169 3367 2361 3446 redigi
2395 3366 2685 3427 mundum
2712 3363 2736 3424 ἴ
2759 3362 2829 3425 Ει
2850 3364 3118 3425 dicemus
3149 3366 3305 3443 quod
3343 3386 3456 3427 non
3486 3369 3720 3448 penitus
3740 3372 3811 3433 ad

2169 3457 2612 3536 corruptionem
2639 3451 3241 3527 tendetmundus,sed
3255 3456 3326 3516 ad
3343 3460 3814 3539 renovationem;

2171 3559 2488 3628 propterea
2521 3543 2813 3623 Propheta
2839 3561 3074 3622 quoque
3111 3543 3257 3606 dicit
3291 3564 3304 3604 :
3344 3565 3373 3604 ι
3400 3546 3474 3607 Ει
3503 3551 3817 3614 reoovabis

2169 3637 2379 3697 faciem
2407 3645 2585 3698 terra:
2603 3633 2685 3696 27.
2703 3631 3248 3705 uQuemadmodum
3267 3633 3424 3695 enim
3450 3653 3484 3696 a
3515 3635 3636 3698 Deo
3667 3641 3815 3702 sub-

2169 3726 2387 3786 sistens
2409 3726 2483 3786 ab
2496 3723 2665 3785 initio
2688 3730 2960 3784 creatura
2977 3720 3132 3783 bona
3149 3732 3372 3798 erat,et
3385 3743 3502 3786 non
3516 3737 3816 3810 utcunque

2169 3822 2269 3876 aut
2302 3818 2450 3876 forte
2480 3814 2718 3874 fortuna
2744 3814 2896 3872 bona
2932 3828 2945 3872 :
3007 3813 3265 3872 hominis
3295 3830 3432 3873 vero
3475 3820 3814 3894 transgres-

2169 3905 2337 3965 sione
2355 3912 2412 3964 et
2433 3902 2560 3983 ipsa
2581 3913 2854 3964 creatura
2876 3900 3116 3962 vanitati
3134 3900 3389 3962 obnoxia
3407 3901 3555 3964 facta
3573 3913 3680 3978 est,
3702 3907 3816 3970 hoc

2170 4005 2260 4055 est
2290 4013 2406 4054 non
2439 3991 2664 4054 habens
2698 3994 2934 4051 tirmum
2965 3991 3242 4063 esse,sed
3276 3990 3430 4070 quod
3459 4000 3548 4054 est
3571 3992 3632 4054 in
3655 3996 3816 4058 ﬂuxu

2169 4085 2515 4159 acircﬂuxu.
2549 4081 2777 4142 Deinde
2809 4079 2869 4140 in
2913 4079 3132 4140 diluvio
3169 4099 3303 4141 cum
3338 4082 3508 4159 pauci
3538 4082 3816 4149 homines

2171 4172 2570 4252 perstitissent
2591 4169 2649 4230 in
2671 4168 2869 4232 divino
2891 4169 3067 4241 cultu,
3095 4168 3349 4229 mundus
3366 4187 3602 4232 rursum
3634 4175 3815 4237 veluti

2170 4261 2422 4344 sumpsit
2450 4257 2880 4341 compactionis
2903 4259 3136 4319 initium
3161 4276 3266 4338 per
3284 4257 3404 4320 Noe
3432 4273 3491 4321 et
3512 4280 3614 4323 eos
3628 4263 3728 4344 qui
3753 4265 3813 4325 in

2166 4369 2304 4413 arca
2335 4369 2449 4412 una
2481 4369 2612 4412 cum
2637 4347 2994 4410 animalibus
3023 4348 3239 4408 servati
3272 4349 3501 4410 fuerant
3521 4350 3590 4410 ad
3625 4353 3812 4414 semi-

2167 4460 2307 4502 num
2340 4438 2820 4502 constitutionem
2854 4456 2867 4497 :
2913 4445 3173 4498 attamen
3205 4457 3279 4498 ne
3312 4445 3450 4500 tunc
3481 4439 3720 4518 quidem
3753 4442 3816 4506 in

437 4535 678 4614 θρώπων,
739 4538 826 4593 καὶ
876 4541 994 4596 οἷον
1063 4536 1300 4617 δευτέρου
1355 4538 1532 4619 ἀρχὴν
1594 4540 1944 4618 συγκρίματος
1994 4548 2084 4598 τοῦ

2171 4529 2471 4612 prioribus
2519 4527 2772 4619 perstitit
2830 4527 3090 4619 humana
3144 4536 3373 4619 natura,
3427 4528 3704 4619 55lﬂsed
3737 4533 3812 4594 ad

437 4622 640 4701 κόσμου
669 4621 924 4690 λαϐόντος
981 4624 1065 4683 διὰ
1128 4635 1222 4688 τοῦ
1263 4634 1380 4688 Νῶε
1409 4630 1498 4685 καὶ
1540 4634 1646 4684 τῶν
1679 4630 1734 4683 ἐν
1775 4634 1844 4706 τῇ
1871 4626 2084 4705 κιϐωτῷ

438 4707 559 4779 τοῖς
612 4715 769 4785 ζώοις
825 4713 1286 4797 διαφλεχθέντων
1355 4719 1428 4782 εἷς
1497 4719 1558 4774 τὸ
1615 4717 1772 4776 πάλιν
1831 4724 2082 4792 συστῆναι

439 4803 774 4884 σπερμάτων,
820 4803 966 4880 ὅμως
997 4805 1112 4863 οὑδὲ
1153 4809 1272 4866 τότε
1324 4812 1424 4875 τῆς
1480 4813 1585 4864 τῶν
1639 4807 1924 4886 ἀνθρώπων
1955 4830 2082 4888 προ-

436 4895 734 4973 τερησάσης
777 4895 1000 4974 φύσεως,
1074 4893 1194 4954 ἀλλ’
1249 4897 1336 4954 ἐπὶ
1392 4897 1596 4978 χείροσι
1638 4903 1744 4954 τῶν
1812 4896 2082 4976 προτέρων

437 4981 857 5066 ἀποῤῥευσᾶσης,
888 4988 962 5042 ὧν
993 4983 1252 5065 χειρόνων
1283 4987 1343 5044 οὗ
1385 4987 1546 5063 νόμος
1605 4988 1632 5042 6
1688 4983 1772 5042 διὰ
1817 4987 2080 5051 Μωϋσέως

438 5072 787 5152 ἀπέστρεψεν,
832 5075 937 5155 οὑχ
989 5077 1026 5146 ἡ
1070 5083 1162 5134 τοῦ
1221 5075 1406 5155 Κυρίου
1461 5075 1738 5154 παρουσία,
1787 5075 1831 5130 εί
1873 5081 1951 5150 μὴ
1996 5075 2082 5132 ἐπὶ

434 5161 660 5243 βραχέσι
688 5159 984 5243 προϐέϐηκε
1011 5163 1078 5221 τὰ
1105 5168 1204 5230 τῆς
1261 5165 1523 5244 σωτηρίας
1557 5183 1571 5198 ο
1644 5162 1836 5242 (πόσος
1903 5165 2003 5244 γὰρ
2052 5167 2080 5222 6

435 5257 539 5308 τῶν
609 5251 922 5328 σωζομένων
991 5252 1153 5328 ἐσμὸς
1207 5255 1339 5334 πρὸς
1395 5254 1496 5321 τὴν
1537 5258 1640 5310 τῶν
1709 5250 2089 5329 ἀπολλυμένων

435 5339 548 5400 καθ’
583 5342 813 5410 ἑκάστην
841 5342 1024 5420 γενεὰν
1067 5342 1269 5410 πληθύν
1305 5362 1321 5421 ;
1383 5342 1462 5400 Δι’
1508 5341 1536 5399 6'
1567 5365 1656 5418 μοι
1685 5339 1835 5400 δοκεῖ
1862 5343 1950 5398 καὶ
1975 5366 2083 5400 πα-

435 5433 749 5510 ρατείνεσθαι
777 5432 869 5489 τὸν
917 5433 1109 5514 χρόνον
1166 5438 1265 5500 τῆς
1321 5432 1616 5496 συντελείας
1667 5433 1738 5496 εἷς
1779 5433 1840 5487 τὸ
1895 5453 2082 5488 συντε-

439 5517 686 5591 λεσθῆναι
743 5521 804 5584 τὸ
861 5519 1130 5604 πλήρωμα
1185 5527 1292 5588 τῶν
1347 5521 1775 5600 σωθησομένων),
1835 5519 1949 5578 ἐπεὶ
1993 5524 2082 5580 οὗν

433 5609 765 5690 πολύτροπος
796 5611 895 5687 μὲν
947 5613 984 5680 ἡ
1027 5613 1159 5692 πρὸς
1214 5612 1315 5680 τὴν
1356 5611 1621 5694 σωτηρίαν
1675 5608 1889 5689 κλῆσις,
1919 5609 2082 5668 πολυ-

511 5777 576 5828 '0
623 5777 771 5842 Gen.
811 5796 856 5854 ι,
886 5779 947 5844 6.
993 5779 1052 5831 ³⁸1
1080 5779 1214 5848 Psal
1241 5797 1363 5864 mu,
1404 5783 1503 5844 32.

2169 4621 2372 4700 pejora
2401 4618 2645 4680 deﬂuxit
2671 4634 2846 4697 quam
2891 4615 3122 4676 fuerant
3153 4615 3371 4695 priora,
3406 4635 3438 4677 a
3469 4617 3684 4697 quibus
3702 4639 3815 4684 nec

2165 4711 2258 4771 lex
2281 4728 2315 4770 a
2336 4711 2499 4772 Mose
2533 4708 2667 4768 data
2685 4724 2786 4766 eos
2807 4707 3034 4780 th'l‘lil,
3072 4723 3181 4766 nec
3205 4704 3441 4766 Domini
3472 4711 3809 4787 praesentia,

2166 4799 2280 4860 nisi
2311 4799 2466 4880 quod
2499 4799 2570 4858 ad
2605 4813 2824 4877 paucos
2863 4793 3232 4855 deﬂexerunt
3263 4812 3334 4882 ea
3365 4813 3495 4874 quae
3529 4797 3816 4862 salutaria

2165 4899 2354 4951 erant.
2389 4886 2656 4959 Quantus
2685 4891 2774 4946 est
2825 4884 2987 4945 enim
3013 4882 3284 4943 cumulus
3326 4902 3528 4944 eorum
3547 4885 3648 4964 qui
3670 4888 3815 4950 salvi

2161 4978 2311 5038 ﬁunt
2336 4977 2385 5038 si
2406 4979 2477 5037 ad
2511 4973 2888 5058 pereuntium
2937 4972 3375 5033 multitudinem
3407 4973 3683 5037 conferas
3711 4977 3814 5058 qui

2163 5066 2431 5147 quotidie
2459 5061 2868 5142 generantur?
2901 5069 3144 5142 propter
3195 5061 3351 5142 quod
3402 5063 3546 5124 mihi
3579 5066 3814 5128 videtur

2162 5153 2690 5217 consummationis
2712 5161 2944 5232 tempus
2961 5151 3187 5212 diﬂ‘erri
3216 5159 3280 5212 ut
3310 5152 3679 5232 compleatur
3708 5173 3815 5216 nu-

2172 5263 2374 5306 merus
2419 5244 2859 5306 salvandorum.
2909 5240 3198 5313 Quoniam
3229 5258 3370 5319 ergo
3413 5242 3589 5304 variis
3619 5244 3814 5306 modis

2168 5334 2319 5398 facta
2348 5334 2520 5396 estad
2540 5333 2789 5394 salutem
2809 5341 3056 5405 vocatio,
3091 5348 3160 5391 ac
3178 5329 3484 5410 multiplex
3505 5330 3578 5393 ab
3608 5333 3811 5396 incre-

2166 5425 2412 5486 dulitate
2436 5423 2688 5504 perditio
2718 5441 2732 5482 :
2767 5429 3082 5503 propterea
3141 5420 3519 5482 necessarius
3550 5431 3641 5483 est
3660 5423 3816 5502 ignis

2165 5515 2580 5596 cataclysmus,
2615 5512 2890 5574 interitus
2945 5508 3214 5591 quidem,
3251 5508 3388 5570 licet
3417 5528 3534 5570 non
3569 5513 3814 5576 omnino

2164 5604 2466 5687 perfectus
2487 5621 2502 5666 :
2528 5621 2649 5666 non
2691 5618 2834 5664 sane
2855 5599 3212 5675 animarum,
3245 5596 3352 5659 sed
3374 5616 3571 5680 neque
3594 5619 3815 5685 corpo-
