4106 6422
422 360 546 426 διες
1553 357 1968 422 menssana
2013 353 2310 427 ramos:
2348 352 2683 431 2218,0091
3703 354 3843 439 ego

430 493 658 568 hendit,
687 493 880 556 donec
901 490 1199 574 oppressit
1216 509 1319 553 eos
1337 489 1620 552 diluvium
1645 509 1659 553 :
1687 490 1765 552 ita
1786 497 1844 578 et
1864 491 2082 556 adven-

2174 493 2313 551 οῧτω
2339 496 2428 551 καὶ
2473 497 2507 564 ἦ
2561 496 2815 576 παρουσία
2857 504 2960 578 τοῦ,
3009 495 3194 575 Κυρίου
3248 494 3659 578 ἀπροσδοκήτως
3717 496 3841 554 ἒπ-

427 592 519 644 tus
552 583 786 647 Domini
837 573 1086 662 repente
1118 578 1499 660 superveniet
1532 579 1751 659 impiis.
1817 573 2081 655 ’ροιζηδὸν

2174 580 2433 641 ελεῦσεται
2463 598 2580 667 τοῖς
2618 573 2889 646 ἀσεϐοῦσι.
2949 573 3213 657 Ῥοιζηδὸν
3271 573 3336 643 δὲ’
3382 587 3442 643 τὸ
3501 582 3620 662 μετ’
3682 584 3843 667 ἤχου

424 692 562 735 vero
581 672 880 753 signiﬁcat
897 690 1031 732 cum
1058 670 1274 731 sonitu.
1300 668 1648 747 Hujusmodi
1674 679 1871 731 autem
1902 691 2082 736 sonus

2174 673 2435 748 σημαίνει.
2498 663 2667 738 “lato:
2725 672 2778 731 δὲ
2837 678 2865 732 ὁ
2918 683 3155 739 τοιοῦτος
3211 675 3352 756 ἦχος
3411 677 3573 755 πυρὸς
3623 663 3838 740 ἐντοῖς

426 763 700 843 proprius
762 770 847 823 est
910 759 1062 839 ignis
1112 759 1172 819 in
1225 759 1314 818 his
1346 776 1475 837 qua:
1507 757 1623 835 igni
1656 757 2077 838 depascuntur.

2174 763 2262 818 37:6
2293 764 2454 842 πυρὸς
2482 761 2989 839 καταὸοσκομένοις,
3047 763 3245 821 Σκόπει
3289 761 3343 819 δὲ
3385 762 3467 820 ὅτι
3531 768 3636 843 γῆν
3696 763 3838 820 εἶπε

419 852 563 912 554
586 850 1002 913 Animadverte
1019 856 1212 909 autem
1265 846 1421 927 quod
1453 861 1668 908 terram
1689 858 1744 907 et
1771 850 1976 928 quaein
2009 871 2078 913 ea

2174 852 2248 906 ιαὶ
2277 853 2372 908 τὰν
2416 853 2469 908 ἐν
2500 855 2631 930 αὒτῇ
2660 854 3116 928 κατακαήσεσθαι,
3175 851 3295 908 ἀλλ’
3335 854 3457 934 οὐχὶ
3489 852 3829 932 ἀνθρώπως,

420 940 787 1003 suntdixerit
820 937 1146 1007 exurenda,
1179 945 1238 997 at
1268 955 1384 996 non
1423 934 1717 1008 homines,
1754 940 1855 999 sed
1885 941 2074 1003 solum

2174 940 2203 995 al
2234 941 2311 1015 μὴ
2373 941 2533 1017 μόνον
2585 942 2855 999 ἀπώλειαν
2899 940 2983 998 ἐπὶ
3037 946 3146 997 τῶν
3203 939 3406 998 ἀσεϐῶν
3463 943 3644 1022 εἶπεν,
3699 940 3836 1009 ἦτοι

421 1029 820 1112 perditionem
852 1026 999 1089 dixit
1031 1028 1089 1087 in
1120 1024 1322 1105 impiis
1343 1024 1465 1085 sive
1488 1022 1890 1102 impietatibus
1913 1029 2074 1109 ipso-

2174 1029 2264 1085 τῶν
2319 1028 2672 1107 ἀσεϐημάτων
2715 1035 2909 1093 αὐτῶν.
2960 1021 3108 1094 t036;
3166 1032 3266 1110 γὰρ
3333 1028 3538 1089 ἀσεϐῶν
3583 1021 3831 1088 ἀπολεῖ-

419 1111 577 1181 rum.
610 1116 716 1179 Via
750 1134 1012 1197 namque
1044 1111 1363 1195 impiorum
1400 1113 1706 1193 peribit59,
1738 1134 1854 1176 non
1878 1134 2075 1187 autem

422 1209 553 1289 ipse
594 1223 832 1288 quoque
887 1204 1129 1285 impius.
1169 1228 1192 1258 υ
1226 1201 1399 1266 Juxta
1457 1205 1745 1283 promissa
1803 1204 2009 1284 ipsius.
2047 1234 2074 1272 ι

2174 1211 2349 1270 αὐτοῦ.
2392 1232 2415 1266 η
2482 1201 2872 1289 Ἐπηγγείλατο
2924 1222 3040 1273 τοῖς
3074 1222 3289 1275 πιστοῖς
3332 1208 3527 1289 λέγων,
3565 1233 3592 1265 ι
3629 1208 3833 1267 Ἐλεύ-

420 1295 702 1362 Promisit
737 1311 993 1375 namque
1045 1290 1344 1365 ﬁdelibus,
1395 1292 1601 1353 dicens
1635 1314 1648 1351 :
1685 1319 1700 1345 ι
1745 1293 1992 1359 Veniam
2027 1306 2082 1361 et

2174 1319 2332 1372 σομαι
2364 1300 2451 1355 καὶ
2480 1297 2869 1377 παραλήψομαι
2898 1300 3033 1374 ὑμᾶς
3058 1313 3071 1327 ⁸
3111 1322 3132 1353 ι
3159 1300 3270 1369 καὶ,
3313 1318 3336 1353 ι
3377 1298 3522 1377 Παρὰ
3547 1303 3625 1373 τῷ
3657 1297 3835 1378 Πατρί

420 1403 719 1448 δςδυωδῐη
774 1402 877 1445 vos
933 1382 1021 1463 33,
1083 1390 1250 1443 etc.:
1320 1403 1343 1437 α
1401 1383 1460 1444 ln
1512 1382 1687 1443 domo
1752 1382 1937 1448 Patris
1971 1394 2082 1455 mei

2174 1408 2272 1460 μου
2302 1388 2457 1462 μοναὶ
2484 1385 2677 1444 πολλαί
2692 1388 2790 1444 εἶσι
2812 1402 2826 1416 ⁸
2856 1411 2882 1441 »
2911 1386 2991 1442 διὸ
3020 1387 3107 1443 καὶ
3126 1385 3329 1452 Παῦλός
3363 1409 3492 1467 φησι
3524 1403 3537 1416 ·
3569 1408 3594 1444 ι
3622 1385 3837 1444 Σαλπί-

423 1474 762 1538 mansiones
787 1471 986 1547 multae
1019 1482 1159 1533 sunt
1180 1471 1304 1533 5⁸.»
1342 1469 1661 1550 Propterea
1689 1480 1745 1534 et
1768 1472 1987 1536 Paulus
2001 1478 2082 1541 ait

2174 1481 2350 1546 ζοντος
2415 1475 2506 1533 τοῦ
2561 1473 2790 1556 ἀγγέλου
2850 1473 2943 1532 ἀπ’
3015 1475 3253 1555 οὒρανοῦ,
3328 1477 3415 1532 καὶ
3456 1482 3563 1532 τῶν
3621 1478 3833 1554 νεκρῶν

418 1564 601 1649 quod,
629 1563 839 1643 angelo
866 1560 1003 1623 tuba
1033 1560 1107 1622 de
1134 1560 1284 1649 ccelo
1315 1569 1565 1649 canente
1595 1562 1680 1634 δῦ,
1711 1566 2081 1649 mortuisque

2174 1564 2436 1646 ὶφθάρτων
2517 1564 2900 1642 ἀνισταμένων,
2993 1564 3089 1623 καί
3161 1567 3348 1625 αὖτοὺς
3419 1565 3826 1636 ἀπαντήσεσθαι

418 1648 876 1734 resurgentibus
896 1648 1384 1712 immortalibusi
1392 1650 1479 1729 psi
1510 1671 1743 1731 quoque
1767 1648 2082 1719 occurrent

2174 1660 2237 1729 τῷ
2270 1655 2439 1734 Κυρίῳ
2467 1657 2521 1712 ἓν
2549 1652 2698 1733 δόξῃ,
2747 1673 2775 1714 ι
2810 1654 2927 1734 τοῦ,
2961 1652 3047 1710 Ἐν
3076 1651 3224 1730 δόξῃ,
3258 1657 3318 1710 τὸ
3340 1653 3600 1735 ἄφθαρτον
3630 1651 3837 1721 δηλον-

415 1743 666 1805 Domino
696 1741 757 1802 in
790 1737 1521 1821 gloria,immortalilatem
1555 1740 1828 1803 videlicet
1851 1743 2080 1823 signiﬁ-

2174 1743 2247 1800 ότι
2279 1744 2648 1820 σημαίνοντος.
2710 1745 2769 1801 Ei
2824 1741 2878 1799 δὲ
2924 1741 3195 1824 ἄφθαρτοι,
3242 1744 3455 1809 πάντως
3511 1744 3706 1806 καινοί,
3763 1744 3833 1801 ΕΞ

2159 1142 2270 1181 ται.
2308 1119 2428 1176 ἀλλ’
2462 1123 2584 1211 οὒχὶ
2613 1123 2700 1178 καὶ
2828 1118 3048 1191 ἀσεϐής.
3116 1143 3140 1178 ο
3179 1122 3344 1211 Κατὰ,
3379 1122 3446 1211 τὰ
3502 1119 3835 1211 ἐπάγγελμα
3922 1186 3938 1211 ,

413 1851 557 1895 cans
579 1849 686 1913 per
708 1831 819 1893 hoc
840 1828 1000 1911 quod
1025 1828 1105 1890 ait
1128 1830 1189 1890 in
1216 1828 1445 1908 gloria.
1466 1827 1634 1900 Quod
1650 1830 1697 1890 si
1714 1829 2082 1897 immortales

412 1929 516 1984 aut
543 1917 1063 1995 incorruptibiles,
1102 1917 1304 1998 utique
1363 1927 1419 1980 et
1452 1918 1582 1978 novi
1616 1917 1794 1981 futuri
1827 1932 1986 1984 sunt.
2021 1923 2085 1999 Si

413 2031 551 2074 vero
598 2010 657 2071 hi
682 2009 815 2070 novi
848 2008 988 2087 sint,
1021 2006 1401 2067 manifestum
1435 2010 1701 2087 estquod
1741 2028 1886 2071 nova
1910 2031 2084 2075 crea-

414 2112 543 2165 tura
574 2108 708 2162 nata
764 2098 841 2160 sit
899 2101 1255 2158 commutari
1312 2115 1428 2158 una
1477 2116 1609 2157 eum
1664 2098 2086 2165 constitutione

411 2188 723 2254 hominum
762 2205 776 2250 ε
815 2195 873 2249 et
909 2184 1327 2266 corruptibilis
1352 2184 1593 2265 quidem
1623 2196 1864 2267 propter
1883 2209 2085 2253 corru.

412 2278 677 2361 ptibilem
712 2276 1026 2338 hominum
1090 2274 1567 2347 submrsionem,
1620 2278 2091 2359 incorruptibilis

409 2377 608 2432 autem
642 2367 742 2427 ﬁat
774 2376 1016 2446 propter
1046 2364 1367 2425 hominum
1395 2365 2085 2433 renovationem.Cousi-

421 2457 565 2521 dera
593 2475 736 2517 vero
769 2454 932 2536 quod
957 2463 1015 2516 et
1041 2453 1329 2532 temporis
1358 2472 1582 2515 moram
1615 2455 1687 2517 ad
1717 2454 1951 2519 Domini
1975 2459 2086 2521 ad-

415 2555 682 2620 ventum,
717 2556 777 2607 et
807 2543 1001 2625 ipsius
1035 2542 1432 2621 longanimem
1483 2545 1982 2624 exspectationem
2014 2547 2087 2610 ad

411 2642 669 2700 nostram
703 2632 860 2696 dicat
892 2632 1050 2694 efﬁci
1079 2633 1363 2693 salutem.

492 2722 593 2799 ΙΙΙ,
630 2722 846 2786 15-18.
907 2722 1428 2796 Quemadmodum
1481 2732 1546 2784 et
1605 2723 1858 2786 dilectus
1885 2727 2084 2805 frater

2169 1830 2225 1889 δὲ
2267 1834 2437 1890 καινοὶ
2466 1835 2631 1910 οὗτοι,
2679 1831 2899 1901 εὔδηλον
2940 1833 3018 1889 ὃτι
3075 1834 3163 1889 καὶ
3213 1835 3247 1901 ἡ
3299 1833 3466 1897 κτίσις
3508 1832 3668 1901 καιναὶ
3712 1854 3828 1889 πε-

2169 1935 2365 2003 φυκυῖα
2422 1927 2490 1999 τῇ
2539 1928 2645 1980 τῶν
2716 1922 3003 2001 ἀνθρώπων
3060 1918 3587 1997 συμμεταϐαλλεσθαι
3656 1942 3838 1978 κατα-

2168 2013 2371 2094 στάσει,
2430 2014 2520 2069 καὶ
2574 2015 2775 2092 φθαρτή
2834 2011 2938 2087 μὲκ
3005 2008 3089 2067 διὰ
3143 2012 3242 2079 τὴν
3325 2012 3399 2075 εἷς
3465 2012 3656 2090 φθοράν
3712 2011 3828 2068 τῶν

2168 2101 2453 2181 ἀνθρώπων
2504 2101 2869 2183 παρατροπὴν,
2931 2101 3186 2183 ἄφθαρτος
3250 2098 3305 2158 δὲ
3383 2098 3468 2158 διὰ
3549 2102 3641 2159 τὸν
3712 2107 3835 2158 τῶν

2170 2189 2457 2269 ἀνθρώπων
2505 2191 2905 2267 ἆνακαινισμὸν,
2966 2193 3221 2269 γίνεσθαι,
3269 2191 3467 2247 Σκόπει
3524 2186 3579 2247 δὲ
3620 2189 3703 2247 ὅτι
3734 2192 3838 2247 καὶ

2168 2280 2267 2347 τὴν
2296 2279 2569 2361 παρολκὴν
2598 2302 2691 2336 του
2748 2281 2942 2360 χρόνου
2993 2280 3089 2348 τῆς
3148 2282 3240 2335 τοῦ
3297 2280 3480 2358 Κυρίου
3532 2282 3829 2359 παρουσίας

2169 2371 2256 2425 καὶ
2286 2370 2383 2437 τὴν
2413 2369 2771 2449 μακροθυμίαν
2814 2376 2991 2443 αυτοῦ,
3053 2368 3137 2425 ἐπὶ
3193 2368 3429 2447 σωτηρίᾳ
3475 2369 3628 2445 ἡμῶν
3657 2389 3831 2450 φησιν

2169 2457 2439 2517 ἐκτελεῖσθ
2448 2482 2495 2516 αι
2504 2508 2517 2521 .

2251 2747 2276 2782 ι
2332 2728 2502 2790 Καθὸς
2547 2728 2636 2785 καὶ
2691 2728 2720 2783 ὁ
2792 2725 3069 2804 ἀγαπητὸς
3125 2726 3281 2803 ἡμῶν
3324 2723 3545 2807 ἀδελφὰς
3611 2722 3832 2790 Παῦλος

414 2822 614 2878 noster
636 2813 874 2875 Paulus
896 2813 1080 2892 juxta
1121 2812 1327 2875 datam
1369 2811 1485 2874 sibi
1521 2814 1889 2892 sapientiam
1919 2820 2078 2879 scri-

2174 2817 2298 2873 ιατά
2366 2816 2467 2883 τὴν
2543 2817 2685 2889 αὒτῷ
2761 2812 3002 2872 δοθεῖσαν
3079 2817 3265 2894 σοφίαν
3349 2814 3576 2894 ἔγραψεν
3659 2815 3822 2890 ὑμῖν,

404 2906 528 2986 psit
559 2903 747 2976 vobis,
783 2908 970 2964 etiam
1002 2903 1065 2964 in
1087 2904 1367 2964 omnibus
1391 2904 1522 2980 fere
1542 2903 1811 2983 epistolis
1832 2903 2078 2984 loquens

2174 2907 2234 2968 bc
2300 2906 2390 2962 καὶ
2445 2904 2499 2961 ἐν
2558 2905 2753 2967 πάσαις
2797 2917 2919 2967 ταῖς
2974 2903 3281 2969 ἑπιστολατς
3360 2903 3537 2961 λαλῶν
3604 2903 3657 2959 ἐν
3719 2907 3823 2963 αὖ-

413 2994 485 3055 (ίε
519 2993 615 3055 his
647 2994 858 3054 :iuter
885 3008 1018 3071 quo:
1061 2998 1203 3052 sunt
1253 2990 1556 3053 nonnulla
1588 2991 1860 3070 difﬁcilia.
1892 2994 2075 3057 intel-

2174 3011 2280 3064 ταῖς
2337 2998 2457 3078 περὶ
2511 2998 2733 3059 τούτων.
2802 2994 2892 3055 Ἐν
2950 3001 3033 3063 οἷς
3077 2996 3187 3054 ἐστι
3245 2994 3502 3063 δυσνὸητά
3558 3017 3697 3070 τινα,
3790 2996 3826 3053 ἃ

413 3083 589 3157 lectu,
639 3099 772 3161 qua:
804 3080 1041 3143 indocti
1072 3088 1127 3142 et
1168 3080 1495 3142 instabiles
1522 3081 1888 3161 detorquent
1917 3090 2080 3149 sicut

2174 3088 2210 3143 >ἱ
2282 3087 2506 3163 ἀμαθεῖς
2587 3087 2675 3147 καὶ
2760 3084 3068 3162 ἀστήρικτοι
3145 3083 3500 3168 στρεϐλοῦσιν,
3584 3085 3659 3161 ὡς
3732 3085 3825 3141 καὶ

409 3178 465 3235 et
502 3179 749 3234 cateras
798 3169 1167 3250 Scripturas
1231 3169 1312 3231 ad
1343 3188 1517 3232 suam
1570 3174 1834 3250 ipsorum
1867 3176 2079 3253 perni-

2174 3178 2258 3241 τὰς
2304 3174 2494 3241 λοιπὰς
2541 3176 2772 3257 Γραφᾶς,
2848 3177 2981 3256 πρὸς
3054 3178 3152 3243 τὴν
3220 3173 3348 3232 ἰδίαν
3420 3175 3590 3231 αὐτῶν
3660 3174 3823 3231 ἀπώ-

411 3267 586 3326 ciem.
624 3263 748 3322 Mos
795 3261 1011 3339 igitur,
1047 3260 1280 3333 dilecti,
1353 3267 1739 3338 posteaquam
1774 3262 1837 3322 id
1862 3280 2080 3342 praeco.

409 3351 727 3432 gnovistis,
755 3355 951 3411 careto
999 3365 1075 3409 ne
1103 3347 1290 3410 simul
1321 3347 1710 3426 nefariorum
1744 3367 1953 3414 errore
1975 3353 2086 3416 ab-

416 3441 581 3504 ducti
608 3438 903 3502 excitlatis
935 3457 971 3499 (ι
1015 3439 1264 3517 pmpria
1309 3436 1678 3508 stabilitate.
1709 3440 1811 3501 sed
1839 3445 2087 3506 crescite

415 3535 481 3593 in
507 3529 715 3609 gratia
745 3536 804 3590 et
828 3527 1169 3604 cognitione
1199 3527 1453 3589 Domini
1473 3530 1669 3589 nostri
1699 3536 1759 3590 et
1791 3527 2082 3603 Salvato-

411 3619 500 3680 ris
542 3619 685 3679 Iesu
742 3615 994 3680 Christi.
1028 3617 1155 3698 Ipsi
1173 3619 1374 3697 gloria
1406 3622 1464 3680 et
1514 3635 1678 3679 nunc
1716 3626 1771 3679 et
1808 3624 1873 3680 in
1919 3621 2081 3685 diem

419 3706 810 3769 (eternilatis.
847 3707 1055 3767 Amen.

513 3820 543 3852 α
579 3793 1094 3869 Quemadmodum
1127 3801 1186 3868 et
1212 3793 1465 3855 dilectus
1489 3792 1669 3856 frater
1692 3806 1895 3860 noster
1923 3797 2076 3861 Pau-

418 3885 532 3950 lus.
566 3910 590 3942 ιι
626 3883 697 3947 Ει
729 3883 828 3945 ubi
857 3882 1080 3965 aliquid
1133 3882 1473 3962 hujusmodi
1520 3882 1666 3945 dixit
1715 3884 1972 3951 Paulus?
2013 3889 2077 3952 In

412 3975 507 4037 his
536 3974 731 4036 verbis
761 3992 893 4034 cum
920 3974 1037 4034 ait:
1076 3972 1351 4035 «Bonitas
1374 3972 1479 4035 Dei
1502 3972 1573 4036 ad
1598 3973 2073 4054 resipiscentiam

409 4071 469 4126 te
498 4063 705 4125 invitat
750 4061 837 4125 ³8.
882 4087 903 4120 ι)
941 4062 1106 4135 Quod
1169 4060 1216 4123 si
1261 4061 1338 4123 ad
1372 4063 1839 4145 resipiscentiam
1871 4066 2079 4132 invitat

411 4152 521 4215 Dei
548 4151 1177 4233 longanimitas,porro
1211 4150 1626 4230 resipiscentia
1653 4153 1824 4214 nobis
1856 4164 1946 4217 est
1976 4175 2075 4218 sa-

2165 3264 2331 3333 λειαν.
2401 3257 2586 3342 ’Υμεῒς
2645 3264 2757 3346 οῦν,
2828 3264 3119 3343 ἀγαπητοὶ,
3193 3264 3642 3346 προγινώσκοντες
3714 3286 3823 3347 φυ-

2166 3354 2445 3436 λάσσεσθε,
2501 3352 2595 3410 ἵνα
2675 3354 2754 3430 μη
2836 3360 2942 3410 τῶν
3015 3353 3260 3430 ἀθέσμων
3339 3353 3516 3431 πλάνῃ
3574 3375 3822 3411 συναπα-

2169 3444 2411 3525 χθέντες,
2468 3442 2730 3511 ἐκπέσητε
2812 3449 2903 3500 τοῦ
2972 3440 3097 3500 ἰδίου
3176 3448 3469 3523 στηριγμοῦ
3503 3458 3517 3472 ·
3574 3441 3825 3509 αὖξάνετι

2165 3530 2221 3589 δὲ
2265 3534 2319 3591 ἐν
2348 3534 2531 3615 χάριτι
2578 3535 2665 3590 καὶ
2719 3533 2910 3612 γνώσει
2958 3539 3050 3589 τοῦ
3095 3533 3281 3615 Κυρίου
3332 3535 3488 3610 ἡμῶν
3545 3533 3634 3589 καὶ
3690 3538 3822 3590 Σω-

2162 3624 2321 3702 τῆρος
2392 3622 2571 3690 Ἰησοῦ
2639 3628 2887 3701 Χριστοῦ,
2949 3621 3100 3697 Αὐτῷ
3153 3623 3189 3690 ἡ
3240 3619 3361 3687 δόξα
3428 3622 3516 3678 καὶ
3577 3629 3664 3680 νῦν
3730 3632 3825 3687 καὶ

2163 3716 2235 3778 εἰς
2278 3712 2482 3792 ἡμέραν
2512 3713 2721 3777 αἰῶνος.
2752 3709 2949 3788 Ἀμήν.
2990 3733 3013 3766 ι

2251 3826 2274 3859 ιι
2316 3804 2499 3869 Καθὼς
2528 3803 2667 3860 καὶὸ
2710 3802 2987 3880 ἀγαπητὸς
3028 3801 3184 3875 ἡμῶν
3236 3796 3457 3880 ἀδελφὸς
3510 3799 3738 3867 Παῦλος.
3781 3825 3811 3859 ι

2163 3895 2264 3955 Καὶ
2292 3900 2393 3951 ποῦ
2424 3899 2660 3951 τοιοῦτον
2691 3889 2895 3956 Παῦλος
2942 3888 3128 3970 εἴρηκε
3160 3908 3177 3969 ;
3229 3887 3308 3945 Δι’
3340 3892 3415 3945 ὧν
3445 3887 3548 3970 ἔφη
3584 3907 3597 3921 ·
3665 3914 3693 3946 ¢
3744 3894 3817 3952 Τὸ

2157 3985 2397 4064 χρηστὸν
2425 3988 2518 4038 τοῦ
2548 3986 2678 4038 Θεοῦ
2720 3981 2792 4043 εἷς
2823 3977 3106 4056 μεναίνοιάν
3135 3998 3193 4033 σε
3247 3975 3387 4055 ἄγει.
3425 4001 3454 4032 ι
3518 3980 3577 4035 Εἰ
3628 3977 3683 4036 δὲ
3741 3982 3816 4044 εἷς

2159 4072 2441 4147 μετάνοιαν
2490 4072 2526 4139 ἡ
2596 4076 2690 4126 τοῦ
2746 4074 2875 4124 Θεοῦ
2944 4067 3274 4146 μακροθυμία
3334 4065 3474 4146 ἄγει,
3548 4070 3812 4148 σωτήριος

2160 4156 2215 4214 δὲ
2271 4160 2406 4234 ἡμῖν
2465 4158 2501 4225 ἡ
2560 4156 2835 4235 μετάνοια,
2880 4155 3089 4218 πάντως
3148 4153 3233 4210 ἐπὶ
3288 4155 3601 4235 συμφέροντι
3657 4158 3813 4233 ἡμῶν

409 4241 640 4315 lutaris,
664 4241 870 4322 utique
887 4240 955 4301 ad
983 4251 1245 4301 nostram
1270 4239 1575 4302 utilitatem
1601 4260 1668 4302 ac
1690 4242 1939 4306 salutem
1986 4251 2077 4309 est

2174 4249 2249 4305 ιαὶ
2294 4249 2367 4311 εἷς
2413 4247 2676 4326 σωτηρίαν
2729 4247 2764 4315 η
2807 4254 2900 4305 τοῦ
2955 4251 3088 4301 Θεοῦ
3129 4245 3474 4323 μακροθυμία.
3541 4254 3817 4316 Δυσνόητα

412 4299 2076 4416 militasset...forsan..ules".ai.iigata‘;i.g§;

2174 4335 2214 4393 Ξὲ
2244 4335 2410 4415 λέγει,
2457 4337 2491 4392 ἃ
2518 4299 2606 4393 κάὶ
2655 4336 2758 4392 ὕπὸ
2812 4341 2916 4392 τῶν
2949 4299 3153 4390 ἀσεϐῶν
3218 4299 3379 4413 φησιν
3428 4331 3812 4416 ἑνδιαστρόφως

411 4437 541 4498 uiuae
561 4419 738 4480 etiam
763 4418 983 4499 impios
1004 4417 1088 4506 ait
1110 4417 1506 4500 pervertendo
1524 4417 2073 4500 interpretariznam

2174 4424 2585 4506 ἐξαγγέλλεσθαι.
2678 4431 2844 4482 Τοῦτο
2926 4424 3025 4502 γὰρ
3094 4423 3157 4478 τὸ
3227 4419 3598 4501 στρεϐλοῦσθαι
3680 4424 3811 4499 βού-

408 4509 520 4571 hnc
547 4506 663 4570 sibi
720 4506 855 4570 vult
909 4505 1277 4589 στρεϐλοῦσθαι
1336 4506 1675 4587 signiﬁcare
1735 4519 1915 4591 utque
1944 4531 2072 4575 rem

2174 4505 2306 4571 lerat
2361 4515 2638 4589 σημαίνειν
2695 4515 2861 4587 αὐτῷ,
2913 4512 3010 4570 Καὶ
3051 4509 3145 4567 ’ἕνα
3202 4509 3255 4576 ἐξ
3305 4510 3420 4576 ἑνὸς
3461 4511 3645 4568 τούτου
3700 4534 3813 4568 πα-

407 4615 645 4660 omnem
670 4616 737 4658 ex
758 4615 873 4658 uno
892 4597 1466 4659 demonstrem.cum
1500 4599 1712 4662 Paulus
1731 4600 1811 4661 ita
1832 4601 2069 4684 dixerit,

2174 4604 2406 4674 ›αστήσω
2433 4604 2494 4659 τὸ
2537 4609 2642 4659 πᾶν
2677 4601 2816 4659 οὕτω
2842 4602 2933 4658 τοζ
2967 4598 3172 4659 Παύλου
3226 4599 3522 4680 εἰρηκότος,
3586 4624 3613 4655 σ
3647 4599 3815 4659 Ὀπου

407 4687 551 4749 555
585 4686 732 4750 «Ubi
760 4686 1105 4751 exuberavit
1152 4696 1489 4767 peccatum,
1527 4687 1609 4750 ibi
1641 4691 1824 4768 magis
1848 4692 2073 4754 exube-

2174 4692 2475 4750 ἐπλεόνασεν
2506 4694 2540 4762 ἡ
2591 4691 2841 4771 ἁμαρτία,
2886 4689 3382 4769 ὑπερεπερίσσευσεν
3445 4692 3480 4758 ἡ
3542 4690 3728 4771 χάρις,
3782 4712 3808 4747 ο

401 4778 551 4839 ravit
582 4776 770 4857 gratia
794 4777 924 4851 37,»
964 4777 1079 4858 ipsi
1106 4776 1504 4853 pervertendo
1528 4776 1810 4840 dixerunt
1832 4781 2070 4844 Paulum

2174 4782 2304 4840 ιῦτοὶ
2377 4779 2780 4861 διαστρέψαντες
2866 4779 3087 4860 ἔφασαν,
3179 4777 3261 4836 ὅτι
3340 4780 3495 4839 τοῦτό
3566 4801 3728 4858 φησιν
3784 4781 3814 4837 ὃ

398 4868 514 4929 boc
535 4867 758 4931 dicere.
789 4869 1118 4930 Peccemus
1141 4865 1544 4930 abundantius
1581 4876 1645 4928 ut
1675 4868 2074 4935 abundantius

2174 4870 2364 4935 Ῑαῦλος
2404 4894 2417 4907 °
2454 4862 2871 4950 Ἀμορτήσωμεν
2914 4868 3101 4938 πλέον,
3161 4868 3255 4926 ’ίνα
3302 4868 3464 4927 πλέον
3513 4891 3811 4950 συγχωρη-

402 4954 579 5017 nobis
637 4955 999 5036 ignoscatur.
1062 4954 1185 5017 Hoc
1238 4963 1434 5017 autem
1470 4954 1713 5037 faciunt,
1749 4956 1959 5038 inquit.
1997 4959 2068 5020 ad

2174 4968 2354 5037 ιῶμεν.
2413 4967 2579 5020 Τοῦτο
2630 4957 2709 5040 δὲ,
2770 4960 2920 5041 φησὶ,
2979 4967 3216 5018 ποιοῦσιν
3257 4958 3343 5016 ἐπ’
3387 4957 3626 5015 ἀπωλεία
3693 4959 3813 5023 ἐαυ-

404 5063 571 5107 suam
604 5048 865 5125 ipsorum
897 5044 1773 5126 perniciemQuemadmodum
1799 5048 1959 5109 enim
1982 5047 2065 5109 illi

2174 5058 2280 5109 τῶν.
2334 5041 2426 5114 Ὧς
2488 5051 2587 5129 γὰρ
2631 5051 2677 5107 οἱ
2732 5050 2854 5113 τοὺς
2925 5050 3201 5128 προφήτας
3260 5048 3663 5114 ἀποκτείναντες
3718 5048 3808 5104 καὶ

404 5131 505 5211 qui
538 5133 854 5213 prophetas
911 5143 971 5196 et
998 5134 1295 5208 apostolos
1347 5133 1717 5209 occiderunt,
1774 5134 1852 5195 ita
1883 5144 1940 5197 et
1970 5136 2070 5218 qui

2174 5142 2275 5205 τοὺς
2306 5139 2656 5212 ἀποστόλους,
2693 5136 2831 5196 οὕτω
2884 5140 2971 5195 καὶ
3014 5139 3060 5194 οἱ
3101 5137 3224 5213 τοῦς
3282 5136 3472 5218 λόγους
3518 5140 3690 5194 αὐτῶν
3719 5133 3809 5192 διὰ

404 5239 713 5283 sermones
739 5222 1005 5303 ipsorum
1040 5223 1438 5302 pervertendo
1470 5224 2066 5300 sustulerunt,eidem

2174 5235 2250 5298 τῆς
2305 5228 2622 5309 διαστροφῆς
2703 5227 3063 5307 ἀναιροῦντες,
3156 5233 3233 5300 τῷ
3311 5230 3452 5302 αὒτῴ
3509 5227 3810 5284 δπόκεινται

397 5309 628 5390 judicio
652 5319 789 5372 sunt
820 5311 1061 5372 obnoxii
1096 5329 1109 5374 :
1138 5311 1617 5392 quandoquidem
1646 5321 1702 5373 et
1725 5312 1811 5374 illi
1833 5312 2066 5376 occide-

2174 5321 2389 5400 ιρίματι,
2461 5318 2574 5375 ἐπεὶ
2632 5317 2719 5374 καὶ
2763 5316 2992 5380 ἐκείνους
3048 5315 3386 5393 ἀπέκτειναν,
3445 5315 3809 5376 ἀποπαύοντες

408 5408 545 5460 runt
576 5418 699 5473 eos,
735 5418 810 5461 ne
842 5400 884 5461 ii
912 5400 1013 5482 qui
1046 5400 1120 5462 ab
1172 5402 1318 5481 ipsis
1349 5400 1629 5462 salutaria
1671 5401 2061 5483 docebantur,

2174 5412 2243 5463 :06
2273 5405 2350 5478 μὴ
2380 5406 2503 5469 τοὺς
2548 5403 2639 5461 ὑπ’
2696 5406 2865 5463 αὐτῶν
2920 5403 3378 5481 μαθητευομένους
3437 5404 3503 5465 τὰ
3573 5404 3811 5483 σωτήρια

405 5497 649 5571 possent
676 5487 749 5551 ab
782 5490 870 5551 eis
892 5490 1083 5570 juvari
1125 5508 1139 5553 :
1187 5501 1245 5553 et
1277 5489 1373 5551 isti
1406 5490 1685 5552 similiter
1708 5491 2067 5573 detorquent

2174 5492 2237 5552 ιπ’
2320 5493 2493 5550 αὐτῶν
2566 5490 2906 5574 ὠφελεῖσθαι,
2982 5493 3071 5549 καὶ
3151 5495 3276 5569 τοὺς
3342 5492 3530 5573 λόγους
3613 5492 3810 5569 ὁμοίως

483 5658 543 5709 ³³
574 5657 705 5722 Psal
734 5676 777 5737 ι,
810 5660 870 5721 6.
903 5657 1151 5724 331mm.
1180 5676 1309 5738 xm,
1338 5661 1438 5721 33.
1468 5656 1526 5700 3‘
1552 5656 1734 5722 Joan.
1767 5678 1887 5735 xw,
1922 5663 1980 5726 ‘2.
2012 5668 2068 5713 ³5

2174 5663 2359 5727 l‘bess.
2392 5677 2476 5725 1v.
2498 5662 2599 5733 t5.
2628 5659 2685 5705 ³⁸
2713 5660 2888 5736 Hom,
2910 5677 2983 5739 tr,
3014 5661 3074 5724 4.
3109 5668 3163 5712 τι
3189 5664 3368 5727 Rom.
3402 5678 3463 5743 ν,
3496 5659 3599 5727 20.
