4106 6440
246 390 374 452 617
1324 386 1721 451 COMMENT.
1769 381 1850 447 IN
1899 385 1915 444 l

2000 383 2137 444 lST.
2187 384 2209 443 Ι
2255 383 2596 446 JOANNIS.
3523 381 3642 445 618

238 517 555 599 στρεϐλοῦσι
585 529 676 579 τοῦ
706 520 783 595 μή
828 541 974 583 τινας
1023 517 1108 574 διὰ
1155 519 1355 576 τούτων
1386 516 1690 596 δράττεσθαι
1723 539 1910 584 σωτη-

2000 532 2326 588 sermones,
2350 533 2426 575 ne
2456 513 2636 594 aliqui
2657 532 2762 595 per
2777 514 2936 595 ipsos
2954 516 3200 577 salutem
3226 524 3639 594 operarentur.

247 597 393 688 ρίας.
433 597 604 667 ’Ἰδιον
631 607 687 664 δὲ
717 609 1012 688 στηριγμὸν
1040 607 1138 675 τὴν
1169 610 1242 673 εἰς
1284 608 1377 664 τὸν
1409 606 1596 686 Κόριόν
1625 627 1755 685 φησι
1785 606 1910 663 πίσ-

2000 603 2305 683 Propriam
2357 623 2494 665 vero
2527 603 2907 664 stabilitatem
2940 604 3116 666 ﬁdem
3162 604 3306 665 dicit
3335 603 3395 664 iu
3432 603 3641 666 Domi-

242 720 356 760 τιν,
418 697 630 778 ’Ὥσπερ
673 695 728 753 δὲ
770 700 825 754 ἒν
882 709 1006 759 ταῖς
1050 693 1236 762 ἄλλαις
1294 694 1604 760 ἐπιστολαῖς
1638 697 1710 760 εἰς
1742 697 1906 775 εὐχὰς

2000 711 2157 754 num.
2191 691 2704 764 Quemadmodum
2745 703 2937 754 autem
2973 692 3030 753 in
3061 693 3193 755 aliis
3221 691 3500 772 Epistolis
3517 692 3645 754 ﬁnit

246 785 608 860 ἆπστξλευτᾷ,
643 786 780 844 οὕτω
822 785 919 843 κᾶν
951 786 1138 862 ταύτῃ,
1167 787 1266 853 τὴν
1298 785 1352 841 ἐν
1381 790 1449 862 τῇ
1477 784 1647 841 πίστει
1677 794 1768 844 τοῦ
1797 795 1908 842 Κυ-

246 878 365 956 ρίου
395 875 612 943 αὖξησιν
643 879 822 941 αὒτοϊς
853 874 1240 955 ἒπευχόμενος.

256 989 283 1021 ιι
315 964 504 1041 Τέλος,
539 967 633 1023 σὺν
676 973 815 1042 Θεῷ,
846 971 945 1032 τῆς
974 965 1260 1032 καθολικῆς
1308 961 1546 1044 δευτέρας
1578 966 1674 1021 τοῦ
1715 964 1910 1044 Πέτρου

881 1045 1223 1115 Ἐπιστολῆς.
1263 1066 1293 1100 ι

1992 779 2053 840 in
2089 784 2407 860 preces,ita
2429 787 2486 842 et
2508 780 2569 841 in
2593 781 2725 857 hac,
2751 788 3132 860 augmentum
3165 781 3225 842 in
3257 781 3374 843 ﬁde
3409 781 3644 843 Domini

1991 869 2137 949 ipsis
2171 869 2487 951 precando.

1995 966 2197 1045 Finis,
2232 970 2438 1032 divino
2493 969 2737 1048 favente
2766 970 3025 1045 auxilio,
3057 971 3416 1048 posterioris
3446 969 3646 1032 catho-

2475 1051 2609 1112 tz’cw
2640 1049 2813 1111 Petri
2841 1049 3157 1133 Eptstoloz.

254 1222 3586 1254 Μ

1520 1371 2408 1504 ΥΠΟΘΕΣΙΣ

569 1645 783 1730 ΤΗΣ
859 1646 1368 1733 ΙΩΑΝΝΟΥ
1435 1644 2086 1731 ΚΑΘΟΛΙΚΗΣ

2187 1649 2637 1734 ΠΡΩΤΗΣ
2713 1649 3352 1738 ΕΠΙΣΤΟΛΗΣ

1331 1980 2552 2148 ARGUMENTUM

647 2274 1073 2372 PRIM/E
1153 2275 1673 2376 JOANNIS
1753 2275 2395 2372 EPlSTOLfE
2485 2279 3229 2380 CATHOLlC/E

343 2615 552 2709 Ταύτην
595 2621 624 2676 ὸ
687 2624 843 2686 αὐτὸς
903 2620 1152 2690 Ἰωάννης
1201 2624 1228 2678 ὁ
1283 2622 1346 2678 τὸ
1403 2620 1724 2701 Εὖαγγέλιον
1793 2619 1915 2699 γρά-

2077 2614 2221 2709 ξὸϐ
2249 2616 2417 2709 Hanc
2466 2598 2826 2704 conscripsit
2855 2623 3013 2686 idem
3035 2624 3295 2689 Joannes
3322 2628 3423 2709 qui
3446 2623 3644 2691 Evan-

259 2706 396 2776 ψας,
461 2704 781 2785 ἐπιστέλλει,
840 2713 1260 2788 ὑπομιμνήσκων
1315 2711 1436 2776 τοὺς
1506 2708 1609 2778 ἤδη
1693 2709 1913 2766 πιστεύ-

257 2811 462 2856 σαντὶς
504 2798 577 2861 εἰς
619 2801 712 2855 τὸν
773 2801 980 2880 Κύριον.
1032 2802 1128 2859 Καὶ
1187 2805 1394 2879 πρῶτον
1448 2799 1542 2875 μὲν
1599 2798 1777 2878 ὥσπερ
1860 2798 1914 2853 ἐν

257 2886 346 2953 τῷ
375 2884 698 2963 Εὗαγγελίῳ,
754 2887 890 2944 οὕτω
937 2891 1022 2946 καὶ
1071 2890 1124 2945 ἐν
1165 2889 1334 2964 ταύτῃ
1377 2894 1445 2964 τῇ
1473 2887 1764 2964 Ἐπιστολῇ
1791 2891 1913 2943 θεο-

259 2967 423 3046 λογεϊ
464 2976 580 3054 περὶ
608 2984 700 3032 τοῦ
760 2979 954 3058 Λόγου,
1013 2977 1319 3043 ἀποδεικνὺς
1362 2979 1515 3034 αὒτὸν
1564 2977 1645 3032 ἀεὶ
1688 2978 1829 3032 εἶναι
1859 2977 1912 3033 ἐν

262 3065 346 3132 τῷ
388 3067 520 3136 Θεῷ,
586 3067 673 3122 καὶ
729 3065 985 3124 διδάσκων
1025 3069 1115 3124 τὸν
1176 3067 1382 3146 Πατέρα
1451 3073 1562 3147 φῶς
1608 3066 1770 3135 εἶναι,
1823 3065 1914 3121 ἵνα

259 3151 357 3204 καὶ
385 3150 546 3217 οὕτως
603 3163 812 3235 γνῶμεν
863 3161 953 3215 τὸν
999 3159 1166 3237 Λόγον
1223 3160 1296 3221 ὡς
1354 3157 1676 3236 ἀπαύγασμα
1720 3155 1771 3222 ἐξ
1815 3157 1913 3213 αὖ·

259 3241 360 3294 τοῦ
391 3241 554 3302 εἶναι.
614 3245 891 3326 Θεολογῶν
920 3245 974 3303 δὲ
1018 3247 1288 3325 ἔξηγεϊται
1336 3247 1414 3322 μὴ
1462 3245 1714 3325 νεώτερον
1771 3245 1913 3301 εἶναι

260 3331 330 3384 τὸ
370 3330 484 3388 καθ’
515 3335 657 3409 ἡμᾶς
689 3339 997 3417 μυστήριον.
1045 3335 1193 3394 Ἀλλ’
1239 3335 1290 3401 ἐξ
1342 3337 1519 3416 ἀρχῆς
1577 3336 1673 3412 μὲν
1715 3337 1803 3392 καὶ
1834 3335 1914 3390 ἀεὶ

260 3421 548 3499 τυγχάνειν
602 3425 750 3505 αὐτὸ,
811 3434 897 3482 νῦν
940 3424 995 3482 δὲ
1036 3429 1433 3508 πεφανερῶσθαι
1487 3425 1540 3481 ἐν
1597 3431 1674 3499 τῷ
1719 3423 1908 3503 Κυρίῳ,

261 3505 407 3575 ὅστις
453 3509 560 3568 ἐστὶ
602 3515 714 3584 ζωὴ
759 3516 967 3578 αἰώνιος
1025 3505 1131 3572 καὶ*
1168 3505 1298 3578 Θεὸς
1363 3513 1632 3581 ἀληθινός.
1703 3515 1800 3571 Καὶ
1856 3514 1916 3568 τὸ

259 3594 443 3656 αἴτιον
487 3597 542 3656 δὲ
591 3602 688 3670 τῆς
742 3610 836 3660 τοῦ
891 3603 1169 3682 παρουσίας
1224 3605 1313 3660 καὶ
1364 3603 1667 3683 ἐπιφανείας
1718 3602 1912 3672 τίθησι,

261 3685 438 3764 λέγων
466 3689 607 3746 εἶναι
663 3699 840 3772 τοῦτο,
900 3691 985 3749 ἐπὶ
1036 3699 1113 3767 τῷ
1167 3690 1456 3749 καταλῦσαι
1511 3693 1576 3748 τὰ
1631 3691 1757 3770 ἔργα
1825 3697 1918 3747 τοῦ

263 3774 536 3856 διαϐόλου,
597 3782 685 3836 καὶ
740 3783 884 3856 ἡμᾶς
942 3780 1346 3862 ἐλευθερωθῆναι
1416 3781 1521 3838 ἀπὸ
1590 3779 1683 3837 τοῦ
1750 3781 1915 3836 θανά-

258 3889 380 3947 του,
426 3870 512 3926 καὶ
559 3871 838 3948 γινώσκειν
895 3873 1039 3946 ἡμᾶς
1081 3873 1174 3928 τὸν
1225 3869 1430 3950 Πατέρα
1484 3872 1572 3926 καὶ
1626 3871 1780 3925 αὖτὸν
1821 3871 1913 3945 τὸν

266 3958 390 4012 ι’ἱὸν
471 3960 658 4038 Κύριον

263 4048 397 4123 πρὸς
433 4053 605 4104 πᾶσαν
662 4046 896 4124 ἡλικίαν,
954 4046 1338 4129 πρὸςπαιδία,
1399 4049 1533 4128 πρὸς
1590 4048 1912 4127 νεανίσκους,

259 4136 397 4209 πρὸς
427 4135 694 4217 γέροντας,
728 4135 808 4192 ὅτι
840 4139 868 4194 ὁ
910 4138 1008 4214 μὲν
1059 4139 1190 4201 Θεὸς
1232 4137 1500 4216 ἐγνώσθη,
1544 4137 1580 4205 ἡ
1637 4135 1692 4192 δὲ
1733 4133 1917 4192 διαϐο-

261 4224 396 4292 λικὴ
466 4225 698 4306 ἐνέργεια
754 4226 940 4285 λοιπὸν
1012 4229 1279 4295 νενίκηται
1332 4225 1757 4306 καταργηθέντος
1828 4227 1922 4282 τοῦ

259 4314 508 4378 θανάτου,
545 4316 683 4372 Εἶτα
712 4315 899 4374 λοιπὸν
954 4315 1020 4374 δι’
1077 4315 1208 4384 ὅλης
1264 4321 1361 4383 τῆς
1418 4312 1741 4382 Ἐπιστολῆς
1799 4323 1921 4393 περὶ

268 4404 489 4482 ἀγάπης
518 4402 771 4482 διδάσκει,
827 4405 994 4464 θέλων
1037 4409 1180 4482 ἡμᾶς
1226 4404 1492 4476 ἀλλήλους
1549 4404 1784 4483 ἀγαπᾷν,
1834 4405 1922 4460 καὶ

265 4491 577 4560 ἀποδεικνὺς
625 4494 707 4551 ὅτι
757 4493 840 4552 δεῖ
895 4495 1159 4567 ἀλλήλους
1216 4495 1448 4575 ἀγαπᾷν,
1506 4491 1688 4560 ἐπειδὴ
1749 4495 1837 4549 καὶ
1893 4495 1921 4549 ὁ

265 4587 495 4664 Χριστὸς
557 4586 836 4665 ἠγάπησεν
906 4588 1072 4662 ἡμᾶς.
1117 4584 1426 4665 Ἐξηγετται
1485 4583 1573 4640 οὖν
1627 4585 1743 4663 περὶ
1797 4581 1918 4640 δια-

265 4681 434 4754 φορᾶς
477 4671 637 4756 φόϐου
681 4676 770 4732 ἆαὶ
825 4675 1059 4755 ἀγάπης,
1123 4679 1210 4733 καὶ
1267 4674 1468 4731 τέκνων
1508 4681 1640 4731 Θεοῦ
1695 4675 1782 4730 καὶ
1823 4672 1918 4730 τέ-

1996 2705 2220 2797 ge‘lium
2250 2707 2508 2789 scripsit,
2545 2730 2868 2792 suggerens
2885 2714 3011 2777 haec
3031 2714 3152 2776 illis
3173 2721 3274 2797 qui
3283 2705 3407 2797 ja‘m
3439 2717 3500 2780 in
3532 2717 3645 2781 Do-

2001 2794 2224 2885 minum
2264 2798 2665 2863 crediderant.
2724 2800 2795 2862 Et
2827 2806 3080 2883 primum
3139 2794 3377 2885 quidem
3412 2807 3562 2868 sicut
3583 2807 3645 2869 in

1995 2881 2340 2964 Evangelia,
2367 2887 2448 2950 ita
2471 2898 2530 2950 et
2557 2891 2615 2951 in
2651 2891 2759 2952 hac
2793 2881 3058 2972 Epistola
3088 2881 3420 2974 theologiee
3439 2904 3646 2958 tractat

1997 2974 2070 3064 de
2107 2975 2322 3056 Verbo,
2352 2980 2679 3041 ostendens
2711 2980 2904 3060 ipsum
2957 2983 3015 3043 in
3052 2982 3170 3044 Deo
3220 3002 3458 3064 semper
3485 3004 3643 3063 esse,

1997 3063 2342 3145 docensque
2373 3070 2598 3129 t‘atrem
2638 3087 2768 3131 esse
2800 3071 3086 3146 lucem,ut
3118 3073 3228 3134 hoc
3256 3063 3432 3134 etiam
3471 3076 3645 3137 modo

1997 3156 2693 3233 cognoscamusVerbum
2719 3168 3000 3240 tanquam
3023 3161 3403 3240 splendorem
3427 3181 3496 3224 ex
3516 3166 3645 3244 ipso

1998 3260 2152 3305 esse.
2182 3244 2539 3326 Theologice
2570 3256 2766 3310 autem
2791 3248 3144 3311 disserendo
3175 3249 3348 3311 docet
3371 3269 3489 3312 non
3516 3269 3648 3314 esse

1995 3349 2208 3393 recens
2239 3334 2395 3414 quod
2445 3337 2604 3416 apud
2655 3357 2762 3399 nos
2788 3346 2878 3398 est
2909 3339 3250 3418 mysterium
3279 3357 3293 3402 :
3319 3339 3423 3401 sed
3452 3339 3645 3421 ipsum

1998 3422 2237 3502 quidem
2298 3423 2370 3486 ab
2409 3424 2577 3487 initio
2627 3446 2983 3507 semperque
3014 3428 3213 3500 fuisse,
3263 3448 3423 3490 nunc
3447 3436 3644 3491 autem

2001 3529 2108 3590 per
2160 3511 2476 3575 Dominum
2524 3514 2706 3576 fuisse
2761 3515 3222 3589 manifestatum,
3280 3517 3381 3596 qui
3413 3516 3649 3580 estvita

2002 3608 2220 3662 aeterna
2245 3610 2299 3662 et
2329 3606 2482 3664 tteus
2503 3622 2699 3666 verus.
2736 3603 2800 3666 Et
2823 3622 3058 3666 causam
3079 3606 3246 3685 ponit
3264 3606 3551 3667 adventus
3579 3616 3648 3667 ac

2003 3690 2498 3753 manifestationis
2533 3692 2905 3772 ipsius,hanc
2927 3711 3059 3755 esse
3091 3694 3393 3769 dicens,ut
3423 3694 3646 3756 dissol-

2003 3788 2168 3840 veret
2197 3799 2376 3860 opera
2414 3780 2657 3855 diaboli,
2682 3800 2909 3861 nosque
2940 3801 2974 3842 a
3005 3792 3195 3844 morte
3225 3781 3644 3864 liberaremur,

1999 3877 2056 3928 et
2081 3888 2577 3948 cognosceremus
2606 3869 2840 3931 Patrem
2892 3889 2961 3931 ac
2984 3870 3174 3951 ipsum
3197 3869 3410 3932 Filium
3438 3870 3648 3933 Domi-

747 3962 903 4036 ἠμῶν
975 3959 1179 4028 Ἰησοῦν
1259 3965 1503 4040 Χριστόν.
1576 3959 1768 4038 Γράφει
1824 3957 1912 4014 οὗν

2000 3977 2140 4019 num
2169 3968 2435 4020 nostrum
2460 3959 2662 4022 Jesum
2699 3958 3249 4022 Christum.Scribit
3270 3979 3406 4039 ergo
3431 3962 3502 4023 ad
3525 3980 3654 4023 om-

2001 4065 2138 4108 nem
2170 4057 2400 4110 aetatem
2431 4068 2443 4108 :
2476 4049 2546 4110 ad
2581 4067 2822 4130 pueros,
2873 4049 2942 4109 ad
2976 4049 3413 4124 adolescentes,
3441 4051 3511 4111 ad
3546 4069 3647 4111 se-

2003 4138 2295 4217 nes,quod
2320 4139 2478 4200 Deus
2499 4138 2736 4219 quidem
2762 4137 3038 4219 cognitus
3069 4140 3166 4212 sit,
3195 4137 3486 4200 diabolica
3513 4157 3652 4202 vero

2003 4226 2243 4304 energia
2273 4229 2516 4308 posthac
2549 4227 2778 4289 devicta
2808 4228 2904 4290 sit.
2940 4227 3163 4290 abolita
3190 4235 3400 4290 morte.
3423 4227 3654 4291 Deinde

2007 4323 2123 4375 tota
2148 4317 2523 4396 postmodum
2557 4316 2824 4397 Epistola
2848 4316 2922 4378 de
2951 4316 3273 4378 dilectione
3293 4325 3350 4378 et
3367 4318 3654 4380 charitate

2003 4403 2200 4479 docet,
2234 4405 2437 4466 volens
2467 4413 2530 4466 ut
2557 4424 2663 4466 nos
2692 4405 2944 4466 invicem
2977 4405 3290 4484 diligamus
3321 4427 3334 4465 :
3370 4415 3426 4467 et
3449 4415 3654 4470 osten-

2002 4494 2151 4555 dens
2181 4494 2335 4575 quod
2371 4503 2638 4574 oporteat
2655 4513 2763 4555 nos
2785 4507 2988 4555 mutuo
3006 4493 3657 4577 diligere,quandoqui-

2003 4583 2138 4645 dem
2199 4593 2256 4644 et
2281 4583 2549 4647 Christus
2577 4583 2786 4644 dilexit
2841 4603 2970 4644 nos.
3026 4583 3164 4643 557
3199 4583 3383 4645 Docet
3415 4603 3555 4664 ergo
3580 4586 3655 4648 de

2005 4669 2530 4734 diversitate'inter
2559 4673 2831 4734 timorem
2863 4691 2932 4734 ac
2963 4672 3328 4734 dilectioneu
3359 4723 3374 4754 ,
3416 4683 3472 4734 et
3503 4673 3656 4735 ﬁlios

262 4787 407 4823 κνων
439 4763 706 4839 διαϐόλου,
751 4766 839 4822 καὶ
879 4767 996 4846 περὶ
1045 4764 1302 4842 ἁμαρτίας
1357 4767 1665 4844 θανατικῆς,
1712 4764 1799 4819 καὶ
1843 4763 1915 4839 μὴ

2007 4761 2112 4824 Dei
2143 4779 2210 4822 ac
2235 4761 2388 4822 ﬁlios
2418 4760 2726 4836 diaboli,et
2749 4762 2821 4822 de
2844 4769 3084 4841 peccato
3115 4759 3186 4822 ad
3228 4771 3479 4821 mortem
3505 4769 3653 4824 eteo

264 4855 574 4930 θανατικῆς,
647 4857 736 4912 καὶ
807 4853 1054 4937 διαφορᾶς
1125 4855 1463 4932 πνευμάτων.
1550 4855 1652 4912 Καὶ
1734 4853 1915 4912 λοιπὸν

2007 4852 2162 4932 quod
2197 4867 2313 4912 non
2348 4859 2438 4912 est
2466 4849 2537 4912 ad
2571 4857 2846 4923 mortem,
2885 4859 2944 4912 et
2994 4851 3070 4911 de
3101 4849 3440 4912 diversitate
3468 4849 3652 4930 spiri-

267 4945 487 5025 διαιρεῖ,
531 4957 691 5002 ποῖον
748 4945 846 5017 μὲν
901 4953 1109 5022 πνεῦμα
1151 4943 1212 5001 ἐκ
1264 4951 1357 5001 τοῦ
1401 4950 1531 5001 Θεοῦ
1571 4943 1704 5024 ἐστι,
1763 4956 1915 5001 ποῖον

2007 4950 2197 5022 tuum,
2233 4959 2300 5002 ac
2330 4949 2531 5020 postea
2572 4939 2880 5018 distinguit
2920 4941 3050 5019 quis
3072 4938 3316 5019 spiritus
3339 4957 3407 5001 ex
3428 4938 3549 5000 Deo
3580 4940 3656 5000 sit

266 5038 326 5094 δὲ
383 5041 482 5102 τῆς
548 5032 779 5108 πλάνης,
839 5036 928 5091 καὶ
976 5034 1106 5090 πότε
1165 5035 1262 5110 μὲν
1318 5035 1682 5111 γινωσκόμεθα
1763 5033 1915 5090 τέκνα

2005 5039 2064 5091 et
2094 5031 2225 5111 quis
2248 5029 2489 5108 spiritus
2511 5029 2735 5090 erroris
2763 5043 2775 5084 :
2808 5035 2866 5089 et
2895 5047 3009 5108 quo
3037 5036 3208 5107 pacto
3240 5028 3657 5106 cognoscimus

269 5135 426 5199 Θεοῦ,
460 5124 589 5181 πότε
649 5122 704 5179 δὲ
754 5130 847 5180 τοῦ
900 5120 1166 5198 διαϐόλου,
1213 5124 1300 5179 καὶ
1356 5124 1474 5202 περὶ
1543 5123 1698 5188 ποίας
1741 5123 1915 5201 ἁμαρ-

2003 5119 2158 5182 ﬁlios
2185 5118 2290 5182 Dei
2321 5137 2389 5179 ac
2416 5117 2566 5178 ﬁlios
2593 5117 2834 5191 diaboli,
2859 5125 2917 5179 et
2941 5117 3143 5197 dequo
3164 5125 3405 5197 peccato
3427 5117 3658 5197 precari

267 5218 381 5282 τίας
435 5212 715 5294 ὀφείλομεν
801 5215 1051 5294 εὔχεσθαι
1122 5211 1251 5292 ὑπὲρ
1307 5212 1413 5269 τῶν
1484 5213 1914 5291 ἁμαρτανόντων,

266 5307 358 5364 καὶ
399 5305 516 5385 περὶ
557 5305 710 5369 ποίας
754 5302 813 5359 οὗ
856 5302 940 5359 δεῖ
990 5302 1262 5384 εὔχεσθαι,
1323 5303 1411 5359 καὶ
1452 5301 1533 5358 ὅτι
1577 5304 1605 5359 ὁ
1664 5303 1742 5378 μὴ
1786 5302 1916 5382 ἀγα-

267 5400 386 5452 ττῶν
426 5395 518 5450 τὸν
545 5391 774 5460 πλησίον
805 5392 899 5449 οὒκ
952 5391 1095 5448 ἔστιν
1149 5390 1290 5457 ἄξιος
1347 5391 1443 5460 τῆς
1499 5391 1768 5472 κλήσεως,
1800 5391 1917 5451 οὐδὲ

268 5485 481 5544 δύναται
537 5481 780 5562 λέγεσθαι
823 5485 916 5539 τοῦ
971 5487 1221 5562 Χριστοῦ.
1282 5483 1379 5539 Καὶ
1420 5481 1519 5550 τὴν
1584 5482 1808 5548 ἑνότητα
1864 5480 1919 5538 δὲ

265 5586 362 5636 τοῦ
414 5573 534 5632 Υἱοῦ
573 5574 705 5653 πρὸς
767 5573 857 5628 τὸν
900 5571 1108 5652 Πατέρα
1161 5568 1404 5646 δείκνυσι,
1466 5573 1554 5628 καὶ
1596 5569 1678 5627 ὅτι
1736 5573 1764 5626 ὃ
1821 5571 1920 5651 ἆρ-

266 5666 518 5741 νούμενος
567 5664 659 5720 τὸν
717 5663 839 5718 Υἱὸν
895 5659 1011 5718 οὐδὲ
1065 5661 1154 5718 τὸν
1198 5660 1405 5740 Πατέρα
1461 5659 1598 5741 ἔχει.
1663 5663 1921 5740 Διακρίνει

748 5799 1010 5859 ΡΑτιιοι.
1059 5796 1170 5858 Gn.
1219 5795 1430 5858 CXIX.

2005 5208 2328 5270 debeamus
2359 5227 2464 5288 pro
2495 5207 2588 5268 his
2617 5207 2718 5287 qui
2747 5215 3086 5288 peccant,et
3105 5207 3181 5267 de
3199 5225 3316 5286 quo
3337 5224 3454 5266 non
3473 5225 3655 5286 opor-

2003 5308 2122 5366 teat
2139 5298 2371 5380 precari
2389 5315 2402 5360 :
2418 5296 2698 5377 quodque
2712 5297 2805 5357 his
2824 5296 2925 5377 qui
2951 5296 3282 5376 proximum
3303 5314 3419 5356 non
3440 5295 3654 5376 diligit,

2002 5409 2119 5451 non
2154 5388 2230 5448 sit
2259 5387 2473 5466 dignus
2525 5385 2854 5458 vocatione,
2890 5403 3001 5448 nec
3048 5383 3231 5466 possit
3262 5383 3381 5445 dici
3411 5385 3654 5450 Christi.

2005 5479 2304 5542 Unitatem
2327 5494 2564 5557 quoque
2586 5474 2721 5537 Filii
2743 5475 2813 5535 ad
2839 5473 3074 5535 Patrem
3101 5473 3393 5536 ostendit:
3425 5475 3658 5554 etquod

2005 5569 2058 5631 is
2084 5567 2186 5648 qui
2209 5565 2428 5627 Filium
2457 5572 2652 5644 negat,
2688 5581 2883 5644 neque
2919 5563 3150 5625 Patrem
3177 5563 3412 5626 habeat.
3449 5566 3657 5624 Disce-

2009 5665 2130 5740 ptat
2151 5665 2346 5719 autem
2369 5655 2428 5716 in
2449 5653 3186 5735 hacEpistoladicens,hoc
3204 5669 3338 5714 esse
3353 5652 3660 5733 proprium

3056 5785 3136 5848 20
