  <div class='ocr_page' id='page_1' title='image "/cluster/home/n/w/nwhite01/storage/ocr_20150623/119:no.2/coo.31924054870237/325.png"; bbox 0 0 4106 6416; ppageno 0'>
   <div class='ocr_carea' id='block_1_1' title="bbox 431 342 538 406">
    <p class='ocr_par' dir='ltr' id='par_1_1' title="bbox 431 342 538 406">
     <span class='ocr_line' id='line_1_1' title="bbox 431 342 538 406; baseline -0.037 -1"><span class='ocrx_word' id='word_1_1' title='bbox 431 342 538 406; x_wconf 81' lang='grc'>631</span> 
     </span>
    </p>
   </div>
   <div class='ocr_carea' id='block_1_2' title="bbox 1555 331 2683 401">
    <p class='ocr_par' dir='ltr' id='par_1_2' title="bbox 1555 331 2683 401">
     <span class='ocr_line' id='line_1_2' title="bbox 1555 331 2683 401; baseline -0.005 -1"><span class='ocrx_word' id='word_1_2' title='bbox 1555 335 1958 401; x_wconf 77' lang='grc' dir='ltr'>ΟΕΟΗΜΕΝΙΙ</span> <span class='ocrx_word' id='word_1_3' title='bbox 2004 331 2300 396; x_wconf 64' lang='lat' dir='ltr'>THICtiJﬁ</span> <span class='ocrx_word' id='word_1_4' title='bbox 2347 333 2683 395; x_wconf 80' lang='lat' dir='ltr'>EPlSCOPI</span> 
     </span>
    </p>
   </div>
   <div class='ocr_carea' id='block_1_3' title="bbox 3706 328 3819 394">
    <p class='ocr_par' dir='ltr' id='par_1_3' title="bbox 3706 328 3819 394">
     <span class='ocr_line' id='line_1_3' title="bbox 3706 328 3819 394; baseline -0.035 0"><span class='ocrx_word' id='word_1_5' title='bbox 3706 328 3819 394; x_wconf 73' lang='grc'>632</span> 
     </span>
    </p>
   </div>
   <div class='ocr_carea' id='block_1_4' title="bbox 433 467 2078 552">
    <p class='ocr_par' dir='ltr' id='par_1_4' title="bbox 433 469 2078 552">
     <span class='ocr_line' id='line_1_4' title="bbox 433 469 2078 552; baseline -0.001 -18"><span class='ocrx_word' id='word_1_6' title='bbox 433 480 704 535; x_wconf 90' lang='lat' dir='ltr'><strong>testatcm</strong></span> <span class='ocrx_word' id='word_1_7' title='bbox 732 472 1083 534; x_wconf 90' lang='lat' dir='ltr'><strong>remittendi</strong></span> <span class='ocrx_word' id='word_1_8' title='bbox 1145 479 1385 552; x_wconf 91' lang='lat' dir='ltr'><strong>peccata</strong></span> <span class='ocrx_word' id='word_1_9' title='bbox 1445 469 1788 532; x_wconf 79' lang='lat' dir='ltr'>ostenderat</span> <span class='ocrx_word' id='word_1_10' title='bbox 1820 469 1880 531; x_wconf 93' lang='lat' dir='ltr'>in</span> <span class='ocrx_word' id='word_1_11' title='bbox 1911 489 2078 552; x_wconf 91' lang='lat' dir='ltr'><strong>para-</strong></span> 
     </span>
    </p>
   </div>
   <div class='ocr_carea' id='block_1_5' title="bbox 2162 467 3816 552">
    <p class='ocr_par' dir='ltr' id='par_1_5' title="bbox 2173 467 3816 550">
     <span class='ocr_line' id='line_1_5' title="bbox 2173 467 3816 550; baseline -0.001 -24"><span class='ocrx_word' id='word_1_12' title='bbox 2173 473 2440 545; x_wconf 81' lang='grc' dir='ltr'>μαθητατς</span> <span class='ocrx_word' id='word_1_13' title='bbox 2503 479 2658 529; x_wconf 82' lang='grc' dir='ltr'>τοῦτο</span> <span class='ocrx_word' id='word_1_14' title='bbox 2714 468 2831 535; x_wconf 83' lang='grc' dir='ltr'>δοὺς</span> <span class='ocrx_word' id='word_1_15' title='bbox 2866 473 2928 527; x_wconf 89' lang='grc' dir='ltr'>τὸ</span> <span class='ocrx_word' id='word_1_16' title='bbox 2983 469 3190 550; x_wconf 75' lang='grc' dir='ltr'>ἀφιέναι</span> <span class='ocrx_word' id='word_1_17' title='bbox 3233 471 3492 548; x_wconf 85' lang='grc' dir='ltr'>ἁμαρτίας</span> <span class='ocrx_word' id='word_1_18' title='bbox 3548 467 3816 548; x_wconf 72' lang='grc' dir='ltr'>ὲνέιρηνεν,</span> 
     </span>
    </p>
   </div>
   <div class='ocr_carea' id='block_1_6' title="bbox 431 559 2080 643">
    <p class='ocr_par' dir='ltr' id='par_1_6' title="bbox 431 559 2080 643">
     <span class='ocr_line' id='line_1_6' title="bbox 431 559 2080 643; baseline -0.002 -20"><span class='ocrx_word' id='word_1_19' title='bbox 431 562 606 643; x_wconf 78' lang='lat' dir='ltr'><strong>lytico</strong></span> <span class='ocrx_word' id='word_1_20' title='bbox 624 560 822 624; x_wconf 76' lang='lat' dir='ltr'><strong>53.sed</strong></span> <span class='ocrx_word' id='word_1_21' title='bbox 847 569 906 624; x_wconf 93' lang='lat' dir='ltr'><strong>et</strong></span> <span class='ocrx_word' id='word_1_22' title='bbox 925 561 1236 642; x_wconf 87' lang='lat' dir='ltr'>discipulis</span> <span class='ocrx_word' id='word_1_23' title='bbox 1259 559 1455 621; x_wconf 91' lang='lat' dir='ltr'><strong>dando</strong></span> <span class='ocrx_word' id='word_1_24' title='bbox 1475 568 1538 621; x_wconf 90' lang='lat' dir='ltr'><strong>ut</strong></span> <span class='ocrx_word' id='word_1_25' title='bbox 1559 562 2080 640; x_wconf 90' lang='lat' dir='ltr'><strong>peccataremitte-</strong></span> 
     </span>
    </p>
   </div>
   <div class='ocr_carea' id='block_1_7' title="bbox 429 647 2078 732">
    <p class='ocr_par' dir='ltr' id='par_1_7' title="bbox 429 647 2078 732">
     <span class='ocr_line' id='line_1_7' title="bbox 429 647 2078 732; baseline -0.001 -19"><span class='ocrx_word' id='word_1_26' title='bbox 429 659 588 732; x_wconf 89' lang='lat' dir='ltr'><strong>rent,</strong></span> <span class='ocrx_word' id='word_1_27' title='bbox 613 651 870 713; x_wconf 90' lang='lat' dir='ltr'><strong>ostendit</strong></span> <span class='ocrx_word' id='word_1_28' title='bbox 902 650 1058 732; x_wconf 90' lang='lat' dir='ltr'><strong>quod</strong></span> <span class='ocrx_word' id='word_1_29' title='bbox 1085 668 1192 711; x_wconf 90' lang='lat' dir='ltr'>sua</span> <span class='ocrx_word' id='word_1_30' title='bbox 1225 657 1515 727; x_wconf 79' lang='lat' dir='ltr'>potestate</span> <span class='ocrx_word' id='word_1_31' title='bbox 1537 647 1649 709; x_wconf 94' lang='lat' dir='ltr'><strong>hoc</strong></span> <span class='ocrx_word' id='word_1_32' title='bbox 1679 647 1966 711; x_wconf 85' lang='lat' dir='ltr'>tribueret</span> <span class='ocrx_word' id='word_1_33' title='bbox 1993 651 2078 712; x_wconf 80' lang='lat'>57.</span> 
     </span>
    </p>
   </div>
   <div class='ocr_carea' id='block_1_8' title="bbox 429 737 2083 819">
    <p class='ocr_par' dir='ltr' id='par_1_8' title="bbox 429 737 2083 819">
     <span class='ocr_line' id='line_1_8' title="bbox 429 737 2083 819; baseline -0.002 -16"><span class='ocrx_word' id='word_1_34' title='bbox 429 740 654 803; x_wconf 86' lang='lat' dir='ltr'><strong>Verum</strong></span> <span class='ocrx_word' id='word_1_35' title='bbox 675 749 741 802; x_wconf 91' lang='lat' dir='ltr'><strong>ut</strong></span> <span class='ocrx_word' id='word_1_36' title='bbox 760 740 1018 802; x_wconf 89' lang='lat' dir='ltr'>diximus</span> <span class='ocrx_word' id='word_1_37' title='bbox 1041 747 1140 801; x_wconf 89' lang='lat' dir='ltr'><strong>aut</strong></span> <span class='ocrx_word' id='word_1_38' title='bbox 1160 737 1594 819; x_wconf 89' lang='lat' dir='ltr'><strong>dispensatorie</strong></span> <span class='ocrx_word' id='word_1_39' title='bbox 1613 738 1728 798; x_wconf 89' lang='lat' dir='ltr'><strong>hoc</strong></span> <span class='ocrx_word' id='word_1_40' title='bbox 1756 737 1900 801; x_wconf 84' lang='lat' dir='ltr'><strong>dicit</strong></span> <span class='ocrx_word' id='word_1_41' title='bbox 1927 758 2083 800; x_wconf 92' lang='lat' dir='ltr'><strong>nunc</strong></span> 
     </span>
    </p>
   </div>
   <div class='ocr_carea' id='block_1_9' title="bbox 428 825 2084 911">
    <p class='ocr_par' dir='ltr' id='par_1_9' title="bbox 428 825 2084 911">
     <span class='ocr_line' id='line_1_9' title="bbox 428 825 2084 911; baseline -0.002 -18"><span class='ocrx_word' id='word_1_42' title='bbox 428 829 774 911; x_wconf 84' lang='lat' dir='ltr'>Apostolus,</span> <span class='ocrx_word' id='word_1_43' title='bbox 807 837 908 891; x_wconf 92' lang='lat' dir='ltr'><strong>aut</strong></span> <span class='ocrx_word' id='word_1_44' title='bbox 938 827 1263 890; x_wconf 91' lang='lat' dir='ltr'><strong>ostendens</strong></span> <span class='ocrx_word' id='word_1_45' title='bbox 1291 826 1564 888; x_wconf 87' lang='lat' dir='ltr'>eamdem</span> <span class='ocrx_word' id='word_1_46' title='bbox 1594 825 1727 888; x_wconf 91' lang='lat' dir='ltr'><strong>Filii</strong></span> <span class='ocrx_word' id='word_1_47' title='bbox 1749 845 1884 886; x_wconf 94' lang='lat' dir='ltr'><strong>cum</strong></span> <span class='ocrx_word' id='word_1_48' title='bbox 1915 829 2084 889; x_wconf 87' lang='lat' dir='ltr'><strong>Patre</strong></span> 
     </span>
    </p>
   </div>
   <div class='ocr_carea' id='block_1_10' title="bbox 429 914 2083 997">
    <p class='ocr_par' dir='ltr' id='par_1_10' title="bbox 429 914 2083 997">
     <span class='ocr_line' id='line_1_10' title="bbox 429 914 2083 997; baseline -0.002 -16"><span class='ocrx_word' id='word_1_49' title='bbox 429 927 699 981; x_wconf 91' lang='lat' dir='ltr'><strong>naturam</strong></span> <span class='ocrx_word' id='word_1_50' title='bbox 731 917 1123 997; x_wconf 85' lang='lat' dir='ltr'><strong>eamdemque</strong></span> <span class='ocrx_word' id='word_1_51' title='bbox 1157 915 1500 997; x_wconf 84' lang='lat' dir='ltr'><strong>potentiam,</strong></span> <span class='ocrx_word' id='word_1_52' title='bbox 1530 922 1589 976; x_wconf 93' lang='lat' dir='ltr'><strong>et</strong></span> <span class='ocrx_word' id='word_1_53' title='bbox 1616 914 1770 995; x_wconf 93' lang='lat' dir='ltr'><strong>quod</strong></span> <span class='ocrx_word' id='word_1_54' title='bbox 1796 915 2083 996; x_wconf 89' lang='lat' dir='ltr'><strong>quidquid</strong></span> 
     </span>
    </p>
   </div>
   <div class='ocr_carea' id='block_1_11' title="bbox 427 1006 2086 1085">
    <p class='ocr_par' dir='ltr' id='par_1_11' title="bbox 427 1006 2086 1085">
     <span class='ocr_line' id='line_1_11' title="bbox 427 1006 2086 1085; baseline -0.004 -15"><span class='ocrx_word' id='word_1_55' title='bbox 427 1008 650 1070; x_wconf 82' lang='lat' dir='ltr'><strong>faceret</strong></span> <span class='ocrx_word' id='word_1_56' title='bbox 707 1026 823 1068; x_wconf 89' lang='lat' dir='ltr'><strong>una</strong></span> <span class='ocrx_word' id='word_1_57' title='bbox 885 1006 1063 1069; x_wconf 89' lang='lat' dir='ltr'><strong>trium</strong></span> <span class='ocrx_word' id='word_1_58' title='bbox 1117 1011 1454 1067; x_wconf 89' lang='lat' dir='ltr'><strong>sanctarum</strong></span> <span class='ocrx_word' id='word_1_59' title='bbox 1501 1006 2086 1085; x_wconf 74' lang='lat' dir='ltr'><strong>personarum,56(t</strong></span> 
     </span>
    </p>
   </div>
   <div class='ocr_carea' id='block_1_12' title="bbox 431 1093 2085 1173">
    <p class='ocr_par' dir='ltr' id='par_1_12' title="bbox 431 1093 2085 1173">
     <span class='ocr_line' id='line_1_12' title="bbox 431 1093 2085 1173; baseline -0.002 -13"><span class='ocrx_word' id='word_1_60' title='bbox 431 1114 748 1160; x_wconf 89' lang='lat' dir='ltr'><strong>commune</strong></span> <span class='ocrx_word' id='word_1_61' title='bbox 771 1103 932 1158; x_wconf 87' lang='lat' dir='ltr'>esset</span> <span class='ocrx_word' id='word_1_62' title='bbox 952 1104 1010 1156; x_wconf 91' lang='lat' dir='ltr'><strong>et</strong></span> <span class='ocrx_word' id='word_1_63' title='bbox 1029 1094 1298 1171; x_wconf 89' lang='lat' dir='ltr'><strong>reliquis.</strong></span> <span class='ocrx_word' id='word_1_64' title='bbox 1338 1118 1365 1148; x_wconf 79' lang='grc' dir='ltr'>α</span> <span class='ocrx_word' id='word_1_65' title='bbox 1396 1093 1463 1153; x_wconf 84' lang='grc' dir='ltr'>Ει</span> <span class='ocrx_word' id='word_1_66' title='bbox 1495 1112 1601 1173; x_wconf 90' lang='lat' dir='ltr'>per</span> <span class='ocrx_word' id='word_1_67' title='bbox 1627 1094 1738 1154; x_wconf 90' lang='lat' dir='ltr'><strong>hoc</strong></span> <span class='ocrx_word' id='word_1_68' title='bbox 1769 1096 2085 1172; x_wconf 88' lang='lat' dir='ltr'><strong>cognosci-</strong></span> 
     </span>
    </p>
   </div>
   <div class='ocr_carea' id='block_1_13' title="bbox 431 1181 2086 1264">
    <p class='ocr_par' dir='ltr' id='par_1_13' title="bbox 431 1181 2086 1264">
     <span class='ocr_line' id='line_1_13' title="bbox 431 1181 2086 1264; baseline -0.001 -16"><span class='ocrx_word' id='word_1_69' title='bbox 431 1204 582 1248; x_wconf 85' lang='lat' dir='ltr'><strong>mus.</strong></span> <span class='ocrx_word' id='word_1_70' title='bbox 598 1183 779 1247; x_wconf 67' lang='lat' dir='ltr'>»Cum</span> <span class='ocrx_word' id='word_1_71' title='bbox 804 1183 864 1244; x_wconf 95' lang='lat' dir='ltr'><strong>in</strong></span> <span class='ocrx_word' id='word_1_72' title='bbox 882 1183 1295 1264; x_wconf 85' lang='lat' dir='ltr'><strong>superioribus</strong></span> <span class='ocrx_word' id='word_1_73' title='bbox 1308 1181 1556 1243; x_wconf 80' lang='lat' dir='ltr'><strong>dixisset</strong></span> <span class='ocrx_word' id='word_1_74' title='bbox 1571 1200 1672 1243; x_wconf 92' lang='lat' dir='ltr'><strong>eos</strong></span> <span class='ocrx_word' id='word_1_75' title='bbox 1693 1183 1790 1262; x_wconf 92' lang='lat' dir='ltr'><strong>qui</strong></span> <span class='ocrx_word' id='word_1_76' title='bbox 1815 1183 1872 1243; x_wconf 91' lang='lat' dir='ltr'>in</span> <span class='ocrx_word' id='word_1_77' title='bbox 1886 1183 2086 1246; x_wconf 92' lang='lat' dir='ltr'><strong>Domi—</strong></span> 
     </span>
    </p>
   </div>
   <div class='ocr_carea' id='block_1_14' title="bbox 430 1269 2084 1353">
    <p class='ocr_par' dir='ltr' id='par_1_14' title="bbox 430 1269 2084 1353">
     <span class='ocr_line' id='line_1_14' title="bbox 430 1269 2084 1353; baseline -0.001 -17"><span class='ocrx_word' id='word_1_78' title='bbox 430 1293 573 1336; x_wconf 92' lang='lat' dir='ltr'><strong>num</strong></span> <span class='ocrx_word' id='word_1_79' title='bbox 607 1273 992 1337; x_wconf 89' lang='lat' dir='ltr'><strong>crediderunt</strong></span> <span class='ocrx_word' id='word_1_80' title='bbox 1027 1271 1373 1333; x_wconf 87' lang='lat' dir='ltr'><strong>societatem</strong></span> <span class='ocrx_word' id='word_1_81' title='bbox 1407 1269 1627 1331; x_wconf 92' lang='lat' dir='ltr'><strong>habere</strong></span> <span class='ocrx_word' id='word_1_82' title='bbox 1657 1275 1732 1332; x_wconf 85' lang='lat' dir='ltr'><strong>ad</strong></span> <span class='ocrx_word' id='word_1_83' title='bbox 1764 1271 1980 1353; x_wconf 86' lang='lat' dir='ltr'><strong>ipsum,</strong></span> <span class='ocrx_word' id='word_1_84' title='bbox 2015 1293 2084 1336; x_wconf 90' lang='lat' dir='ltr'><strong>ea</strong></span> 
     </span>
    </p>
   </div>
   <div class='ocr_carea' id='block_1_15' title="bbox 430 1359 2076 1443">
    <p class='ocr_par' dir='ltr' id='par_1_15' title="bbox 430 1359 2076 1443">
     <span class='ocr_line' id='line_1_15' title="bbox 430 1359 2076 1443; baseline -0.001 -18"><span class='ocrx_word' id='word_1_85' title='bbox 430 1382 591 1426; x_wconf 91' lang='lat' dir='ltr'><strong>nunc</strong></span> <span class='ocrx_word' id='word_1_86' title='bbox 622 1361 898 1443; x_wconf 81' lang='lat' dir='ltr'><strong>praponit</strong></span> <span class='ocrx_word' id='word_1_87' title='bbox 936 1380 1068 1443; x_wconf 70' lang='lat' dir='ltr'><strong>quae</strong></span> <span class='ocrx_word' id='word_1_88' title='bbox 1111 1362 1456 1423; x_wconf 89' lang='lat' dir='ltr'><strong>societatem</strong></span> <span class='ocrx_word' id='word_1_89' title='bbox 1491 1378 1629 1438; x_wconf 88' lang='lat' dir='ltr'><strong>erga</strong></span> <span class='ocrx_word' id='word_1_90' title='bbox 1660 1359 1825 1420; x_wconf 92' lang='lat' dir='ltr'><strong>illum</strong></span> <span class='ocrx_word' id='word_1_91' title='bbox 1857 1362 2076 1424; x_wconf 75' lang='lat' dir='ltr'><strong>confir-</strong></span> 
     </span>
    </p>
   </div>
   <div class='ocr_carea' id='block_1_16' title="bbox 431 1448 2076 1534">
    <p class='ocr_par' dir='ltr' id='par_1_16' title="bbox 431 1448 2076 1534">
     <span class='ocr_line' id='line_1_16' title="bbox 431 1448 2076 1534; baseline 0.001 -20"><span class='ocrx_word' id='word_1_92' title='bbox 431 1458 683 1527; x_wconf 89' lang='lat' dir='ltr'><strong>mant,et</strong></span> <span class='ocrx_word' id='word_1_93' title='bbox 702 1451 779 1512; x_wconf 93' lang='lat' dir='ltr'><strong>ait</strong></span> <span class='ocrx_word' id='word_1_94' title='bbox 801 1469 814 1510; x_wconf 91' lang='lat'>:</span> <span class='ocrx_word' id='word_1_95' title='bbox 840 1449 911 1511; x_wconf 93' lang='lat' dir='ltr'><strong>Et</strong></span> <span class='ocrx_word' id='word_1_96' title='bbox 929 1469 1034 1534; x_wconf 90' lang='lat' dir='ltr'>per</span> <span class='ocrx_word' id='word_1_97' title='bbox 1055 1451 1168 1512; x_wconf 94' lang='lat' dir='ltr'><strong>hoc</strong></span> <span class='ocrx_word' id='word_1_98' title='bbox 1191 1448 1604 1528; x_wconf 86' lang='lat' dir='ltr'>cognoscimus</span> <span class='ocrx_word' id='word_1_99' title='bbox 1625 1449 1782 1529; x_wconf 92' lang='lat' dir='ltr'><strong>quod</strong></span> <span class='ocrx_word' id='word_1_100' title='bbox 1805 1468 1939 1511; x_wconf 91' lang='lat' dir='ltr'><strong>eum</strong></span> <span class='ocrx_word' id='word_1_101' title='bbox 1963 1469 2076 1514; x_wconf 88' lang='lat' dir='ltr'>no-</span> 
     </span>
    </p>
   </div>
   <div class='ocr_carea' id='block_1_17' title="bbox 431 1537 2083 1620">
    <p class='ocr_par' dir='ltr' id='par_1_17' title="bbox 431 1537 2083 1620">
     <span class='ocr_line' id='line_1_17' title="bbox 431 1537 2083 1620; baseline 0.002 -19"><span class='ocrx_word' id='word_1_102' title='bbox 431 1539 884 1604; x_wconf 89' lang='lat' dir='ltr'><strong>verimus.Solet</strong></span> <span class='ocrx_word' id='word_1_103' title='bbox 906 1540 1005 1602; x_wconf 90' lang='lat' dir='ltr'><strong>hic</strong></span> <span class='ocrx_word' id='word_1_104' title='bbox 1025 1539 1267 1600; x_wconf 91' lang='lat' dir='ltr'><strong>divinus</strong></span> <span class='ocrx_word' id='word_1_105' title='bbox 1298 1537 1700 1620; x_wconf 54' lang='lat' dir='ltr'><strong>vir.similibus</strong></span> <span class='ocrx_word' id='word_1_106' title='bbox 1720 1539 2083 1605; x_wconf 88' lang='lat' dir='ltr'>dictionibus</span> 
     </span>
    </p>
   </div>
   <div class='ocr_carea' id='block_1_18' title="bbox 433 1627 2080 1709">
    <p class='ocr_par' dir='ltr' id='par_1_18' title="bbox 433 1627 2080 1709">
     <span class='ocr_line' id='line_1_18' title="bbox 433 1627 2080 1709; baseline -0.001 -16"><span class='ocrx_word' id='word_1_107' title='bbox 433 1629 648 1693; x_wconf 91' lang='lat' dir='ltr'><strong>eodem</strong></span> <span class='ocrx_word' id='word_1_108' title='bbox 671 1629 847 1691; x_wconf 93' lang='lat' dir='ltr'><strong>modo</strong></span> <span class='ocrx_word' id='word_1_109' title='bbox 873 1629 1218 1709; x_wconf 91' lang='lat' dir='ltr'><strong>frequenter</strong></span> <span class='ocrx_word' id='word_1_110' title='bbox 1234 1628 1315 1689; x_wconf 92' lang='lat' dir='ltr'><strong>uti</strong></span> <span class='ocrx_word' id='word_1_111' title='bbox 1338 1649 1350 1688; x_wconf 93' lang='lat'>:</span> <span class='ocrx_word' id='word_1_112' title='bbox 1379 1627 1876 1707; x_wconf 90' lang='lat' dir='ltr'><strong>quemadmodum</strong></span> <span class='ocrx_word' id='word_1_113' title='bbox 1903 1630 2080 1692; x_wconf 91' lang='lat' dir='ltr'><strong>etiam</strong></span> 
     </span>
    </p>
   </div>
   <div class='ocr_carea' id='block_1_19' title="bbox 432 1715 2139 1812">
    <p class='ocr_par' dir='ltr' id='par_1_19' title="bbox 432 1715 2139 1812">
     <span class='ocr_line' id='line_1_19' title="bbox 432 1715 2139 1812; baseline -0.001 -30"><span class='ocrx_word' id='word_1_114' title='bbox 432 1719 572 1812; x_wconf 81' lang='lat' dir='ltr'><strong>dum</strong></span> <span class='ocrx_word' id='word_1_115' title='bbox 604 1720 684 1781; x_wconf 91' lang='lat' dir='ltr'><strong>ait</strong></span> <span class='ocrx_word' id='word_1_116' title='bbox 719 1741 731 1778; x_wconf 94' lang='lat'>:</span> <span class='ocrx_word' id='word_1_117' title='bbox 773 1717 888 1779; x_wconf 90' lang='lat' dir='ltr'>«In</span> <span class='ocrx_word' id='word_1_118' title='bbox 921 1717 1141 1812; x_wconf 84' lang='lat' dir='ltr'><strong>mundo</strong></span> <span class='ocrx_word' id='word_1_119' title='bbox 1188 1725 1334 1792; x_wconf 90' lang='lat' dir='ltr'><strong>erat,</strong></span> <span class='ocrx_word' id='word_1_120' title='bbox 1371 1721 1431 1778; x_wconf 90' lang='lat' dir='ltr'><strong>et</strong></span> <span class='ocrx_word' id='word_1_121' title='bbox 1460 1715 1718 1776; x_wconf 88' lang='lat' dir='ltr'><strong>mundus</strong></span> <span class='ocrx_word' id='word_1_122' title='bbox 1747 1717 2078 1812; x_wconf 33' lang='lat' dir='ltr'><strong>per‘ipsum</strong></span> <span class='ocrx_word' id='word_1_123' title='bbox 2105 1763 2139 1812; x_wconf 77' lang='grc' dir='ltr'><strong>Β</strong></span> 
     </span>
    </p>
   </div>
   <div class='ocr_carea' id='block_1_20' title="bbox 427 1805 2080 1882">
    <p class='ocr_par' dir='ltr' id='par_1_20' title="bbox 427 1805 2080 1882">
     <span class='ocr_line' id='line_1_20' title="bbox 427 1805 2080 1882; baseline 0 -13"><span class='ocrx_word' id='word_1_124' title='bbox 427 1807 621 1870; x_wconf 86' lang='lat' dir='ltr'><strong>factus</strong></span> <span class='ocrx_word' id='word_1_125' title='bbox 647 1815 756 1882; x_wconf 92' lang='lat' dir='ltr'><strong>est,</strong></span> <span class='ocrx_word' id='word_1_126' title='bbox 817 1814 873 1868; x_wconf 91' lang='lat' dir='ltr'><strong>et</strong></span> <span class='ocrx_word' id='word_1_127' title='bbox 905 1806 1164 1868; x_wconf 89' lang='lat' dir='ltr'><strong>mundus</strong></span> <span class='ocrx_word' id='word_1_128' title='bbox 1196 1823 1331 1867; x_wconf 90' lang='lat' dir='ltr'><strong>eum</strong></span> <span class='ocrx_word' id='word_1_129' title='bbox 1366 1823 1482 1865; x_wconf 94' lang='lat' dir='ltr'><strong>non</strong></span> <span class='ocrx_word' id='word_1_130' title='bbox 1515 1805 1787 1882; x_wconf 84' lang='lat' dir='ltr'><strong>cognovit</strong></span> <span class='ocrx_word' id='word_1_131' title='bbox 1812 1807 1896 1866; x_wconf 78' lang='lat'>58.</span> <span class='ocrx_word' id='word_1_132' title='bbox 1939 1832 1960 1863; x_wconf 77' lang='grc' dir='ltr'>ι</span> <span class='ocrx_word' id='word_1_133' title='bbox 1996 1806 2080 1869; x_wconf 92' lang='lat' dir='ltr'>Ita</span> 
     </span>
    </p>
   </div>
   <div class='ocr_carea' id='block_1_21' title="bbox 430 1891 2078 1976">
    <p class='ocr_par' dir='ltr' id='par_1_21' title="bbox 430 1891 2078 1976">
     <span class='ocr_line' id='line_1_21' title="bbox 430 1891 2078 1976; baseline -0.001 -17"><span class='ocrx_word' id='word_1_134' title='bbox 430 1915 570 1976; x_wconf 86' lang='lat' dir='ltr'><strong>ergo</strong></span> <span class='ocrx_word' id='word_1_135' title='bbox 602 1891 660 1958; x_wconf 86' lang='lat' dir='ltr'><strong>et</strong></span> <span class='ocrx_word' id='word_1_136' title='bbox 693 1915 851 1956; x_wconf 92' lang='lat' dir='ltr'><strong>nunc</strong></span> <span class='ocrx_word' id='word_1_137' title='bbox 877 1895 1064 1957; x_wconf 87' lang='lat' dir='ltr'><strong>utitur</strong></span> <span class='ocrx_word' id='word_1_138' title='bbox 1104 1894 1284 1956; x_wconf 92' lang='lat' dir='ltr'><strong>verbo</strong></span> <span class='ocrx_word' id='word_1_139' title='bbox 1318 1897 1716 1972; x_wconf 82' lang='lat' dir='ltr'>Cognoscere.</span> <span class='ocrx_word' id='word_1_140' title='bbox 1751 1894 1915 1967; x_wconf 88' lang='lat' dir='ltr'><strong>Quod</strong></span> <span class='ocrx_word' id='word_1_141' title='bbox 1943 1916 2078 1958; x_wconf 91' lang='lat' dir='ltr'><strong>eum</strong></span> 
     </span>
    </p>
   </div>
   <div class='ocr_carea' id='block_1_22' title="bbox 430 1983 2084 2064">
    <p class='ocr_par' dir='ltr' id='par_1_22' title="bbox 430 1983 2084 2064">
     <span class='ocr_line' id='line_1_22' title="bbox 430 1983 2084 2064; baseline -0.001 -16"><span class='ocrx_word' id='word_1_142' title='bbox 430 1985 795 2060; x_wconf 88' lang='lat' dir='ltr'>noverimus,</span> <span class='ocrx_word' id='word_1_143' title='bbox 831 1985 943 2046; x_wconf 91' lang='lat' dir='ltr'>hoc</span> <span class='ocrx_word' id='word_1_144' title='bbox 974 1993 1085 2057; x_wconf 88' lang='lat' dir='ltr'><strong>est,</strong></span> <span class='ocrx_word' id='word_1_145' title='bbox 1147 1983 1304 2064; x_wconf 93' lang='lat' dir='ltr'><strong>quod</strong></span> <span class='ocrx_word' id='word_1_146' title='bbox 1363 2001 1480 2044; x_wconf 88' lang='lat' dir='ltr'><strong>una</strong></span> <span class='ocrx_word' id='word_1_147' title='bbox 1508 2001 1642 2044; x_wconf 91' lang='lat' dir='ltr'><strong>cum</strong></span> <span class='ocrx_word' id='word_1_148' title='bbox 1689 2001 1759 2044; x_wconf 93' lang='lat' dir='ltr'><strong>eo</strong></span> <span class='ocrx_word' id='word_1_149' title='bbox 1789 1984 2084 2046; x_wconf 88' lang='lat' dir='ltr'><strong>commisti</strong></span> 
     </span>
    </p>
   </div>
   <div class='ocr_carea' id='block_1_23' title="bbox 431 2071 2086 2152">
    <p class='ocr_par' dir='ltr' id='par_1_23' title="bbox 431 2071 2086 2152">
     <span class='ocr_line' id='line_1_23' title="bbox 431 2071 2086 2152; baseline -0.001 -15"><span class='ocrx_word' id='word_1_150' title='bbox 431 2075 638 2137; x_wconf 88' lang='lat' dir='ltr'><strong>simus.</strong></span> <span class='ocrx_word' id='word_1_151' title='bbox 654 2092 722 2134; x_wconf 81' lang='lat' dir='ltr'><strong>ex</strong></span> <span class='ocrx_word' id='word_1_152' title='bbox 745 2075 856 2136; x_wconf 91' lang='lat' dir='ltr'><strong>hoc</strong></span> <span class='ocrx_word' id='word_1_153' title='bbox 878 2073 1291 2152; x_wconf 81' lang='lat' dir='ltr'><strong>cognoscimus</strong></span> <span class='ocrx_word' id='word_1_154' title='bbox 1315 2071 1364 2132; x_wconf 90' lang='lat' dir='ltr'>si</span> <span class='ocrx_word' id='word_1_155' title='bbox 1387 2080 1682 2152; x_wconf 73' lang='lat' dir='ltr'><strong>praecepta</strong></span> <span class='ocrx_word' id='word_1_156' title='bbox 1705 2071 1866 2134; x_wconf 89' lang='lat' dir='ltr'><strong>illius</strong></span> <span class='ocrx_word' id='word_1_157' title='bbox 1880 2073 2086 2135; x_wconf 85' lang='lat' dir='ltr'><strong>obser-</strong></span> 
     </span>
    </p>
   </div>
   <div class='ocr_carea' id='block_1_24' title="bbox 430 2159 2075 2240">
    <p class='ocr_par' dir='ltr' id='par_1_24' title="bbox 430 2159 2075 2240">
     <span class='ocr_line' id='line_1_24' title="bbox 430 2159 2075 2240; baseline 0 -17"><span class='ocrx_word' id='word_1_158' title='bbox 430 2181 657 2226; x_wconf 89' lang='lat' dir='ltr'><strong>vamus.</strong></span> <span class='ocrx_word' id='word_1_159' title='bbox 685 2164 810 2225; x_wconf 77' lang='lat' dir='ltr'><strong>[tuo</strong></span> <span class='ocrx_word' id='word_1_160' title='bbox 835 2160 1126 2240; x_wconf 74' lang='lat' dir='ltr'><strong>signiﬁcat</strong></span> <span class='ocrx_word' id='word_1_161' title='bbox 1171 2159 1414 2221; x_wconf 86' lang='lat' dir='ltr'><strong>verbum</strong></span> <span class='ocrx_word' id='word_1_162' title='bbox 1450 2161 1747 2238; x_wconf 78' lang='grc' dir='ltr'>γινώσκειν,</span> <span class='ocrx_word' id='word_1_163' title='bbox 1775 2160 1836 2222; x_wconf 91' lang='lat' dir='ltr'>id</span> <span class='ocrx_word' id='word_1_164' title='bbox 1859 2171 1945 2224; x_wconf 91' lang='lat' dir='ltr'><strong>est</strong></span> <span class='ocrx_word' id='word_1_165' title='bbox 1969 2183 2075 2223; x_wconf 89' lang='lat' dir='ltr'>co-</span> 
     </span>
    </p>
   </div>
   <div class='ocr_carea' id='block_1_25' title="bbox 433 2247 2083 2334">
    <p class='ocr_par' dir='ltr' id='par_1_25' title="bbox 433 2247 2083 2334">
     <span class='ocr_line' id='line_1_25' title="bbox 433 2247 2083 2334; baseline -0.001 -19"><span class='ocrx_word' id='word_1_166' title='bbox 433 2270 745 2334; x_wconf 85' lang='lat' dir='ltr'><strong>gnoscere,</strong></span> <span class='ocrx_word' id='word_1_167' title='bbox 759 2251 1128 2331; x_wconf 89' lang='lat' dir='ltr'><strong>potissimum</strong></span> <span class='ocrx_word' id='word_1_168' title='bbox 1143 2251 1299 2330; x_wconf 90' lang='lat' dir='ltr'><strong>apud</strong></span> <span class='ocrx_word' id='word_1_169' title='bbox 1315 2247 1934 2329; x_wconf 87' lang='lat' dir='ltr'><strong>sacramScripturam,</strong></span> <span class='ocrx_word' id='word_1_170' title='bbox 1946 2262 2083 2333; x_wconf 92' lang='lat' dir='ltr'><strong>puta</strong></span> 
     </span>
    </p>
   </div>
   <div class='ocr_carea' id='block_1_26' title="bbox 432 2337 2080 2421">
    <p class='ocr_par' dir='ltr' id='par_1_26' title="bbox 432 2337 2080 2421">
     <span class='ocr_line' id='line_1_26' title="bbox 432 2337 2080 2421; baseline -0.002 -16"><span class='ocrx_word' id='word_1_171' title='bbox 432 2341 588 2404; x_wconf 92' lang='lat' dir='ltr'><strong>scire</strong></span> <span class='ocrx_word' id='word_1_172' title='bbox 614 2340 836 2421; x_wconf 92' lang='lat' dir='ltr'><strong>aliquid</strong></span> <span class='ocrx_word' id='word_1_173' title='bbox 873 2361 886 2400; x_wconf 91' lang='lat'><strong><em>:</em></strong></span> <span class='ocrx_word' id='word_1_174' title='bbox 922 2337 1420 2419; x_wconf 89' lang='lat' dir='ltr'><strong>quemadmodum</strong></span> <span class='ocrx_word' id='word_1_175' title='bbox 1454 2337 1553 2398; x_wconf 93' lang='lat' dir='ltr'>ubi</span> <span class='ocrx_word' id='word_1_176' title='bbox 1595 2338 1813 2399; x_wconf 89' lang='lat' dir='ltr'><strong>dicitur</strong></span> <span class='ocrx_word' id='word_1_177' title='bbox 1845 2360 1860 2400; x_wconf 91' lang='lat'><strong>:</strong></span> <span class='ocrx_word' id='word_1_178' title='bbox 1901 2365 1926 2394; x_wconf 86' lang='grc'>‹‹</span> <span class='ocrx_word' id='word_1_179' title='bbox 1962 2343 2080 2402; x_wconf 87' lang='lat' dir='ltr'>Co-</span> 
     </span>
    </p>
   </div>
   <div class='ocr_carea' id='block_1_27' title="bbox 433 2426 2078 2510">
    <p class='ocr_par' dir='ltr' id='par_1_27' title="bbox 433 2426 2078 2510">
     <span class='ocr_line' id='line_1_27' title="bbox 433 2426 2078 2510; baseline -0.007 -18"><span class='ocrx_word' id='word_1_180' title='bbox 433 2429 608 2510; x_wconf 88' lang='lat' dir='ltr'><strong>gnovi</strong></span> <span class='ocrx_word' id='word_1_181' title='bbox 638 2429 792 2510; x_wconf 92' lang='lat' dir='ltr'><strong>quod</strong></span> <span class='ocrx_word' id='word_1_182' title='bbox 827 2428 1002 2490; x_wconf 85' lang='lat' dir='ltr'><strong>faciet</strong></span> <span class='ocrx_word' id='word_1_183' title='bbox 1022 2426 1618 2506; x_wconf 81' lang='lat' dir='ltr'><strong>Dominusjudicium</strong></span> <span class='ocrx_word' id='word_1_184' title='bbox 1653 2447 1974 2508; x_wconf 81' lang='lat' dir='ltr'><strong>pauperum</strong></span> <span class='ocrx_word' id='word_1_185' title='bbox 1996 2430 2078 2493; x_wconf 73' lang='lat'>59_</span> 
     </span>
    </p>
   </div>
   <div class='ocr_carea' id='block_1_28' title="bbox 441 2514 2087 2597">
    <p class='ocr_par' dir='ltr' id='par_1_28' title="bbox 441 2514 2087 2597">
     <span class='ocr_line' id='line_1_28' title="bbox 441 2514 2087 2597; baseline 0.001 -17"><span class='ocrx_word' id='word_1_186' title='bbox 441 2523 732 2582; x_wconf 86' lang='lat' dir='ltr'><strong>Praeterea</strong></span> <span class='ocrx_word' id='word_1_187' title='bbox 761 2517 1052 2597; x_wconf 84' lang='lat' dir='ltr'><strong>signiﬁcat</strong></span> <span class='ocrx_word' id='word_1_188' title='bbox 1082 2514 1483 2577; x_wconf 91' lang='lat' dir='ltr'><strong>omnimodam</strong></span> <span class='ocrx_word' id='word_1_189' title='bbox 1519 2516 2002 2594; x_wconf 80' lang='lat' dir='ltr'><strong>conjunctionem</strong></span> <span class='ocrx_word' id='word_1_190' title='bbox 2029 2529 2087 2582; x_wconf 90' lang='lat' dir='ltr'><strong>et</strong></span> 
     </span>
    </p>
   </div>
   <div class='ocr_carea' id='block_1_29' title="bbox 433 2604 2081 2688">
    <p class='ocr_par' dir='ltr' id='par_1_29' title="bbox 433 2604 2081 2688">
     <span class='ocr_line' id='line_1_29' title="bbox 433 2604 2081 2688; baseline -0.001 -18"><span class='ocrx_word' id='word_1_191' title='bbox 433 2606 943 2670; x_wconf 79' lang='lat' dir='ltr'><strong>confirmationem</strong></span> <span class='ocrx_word' id='word_1_192' title='bbox 968 2623 1107 2684; x_wconf 89' lang='lat' dir='ltr'><strong>erga</strong></span> <span class='ocrx_word' id='word_1_193' title='bbox 1128 2604 1410 2684; x_wconf 89' lang='lat' dir='ltr'><strong>aliquem,</strong></span> <span class='ocrx_word' id='word_1_194' title='bbox 1447 2622 1577 2683; x_wconf 70' lang='lat' dir='ltr'><strong>qua:</strong></span> <span class='ocrx_word' id='word_1_195' title='bbox 1599 2605 1854 2680; x_wconf 84' lang='lat' dir='ltr'><strong>cognitio</strong></span> <span class='ocrx_word' id='word_1_196' title='bbox 1873 2609 2081 2688; x_wconf 87' lang='lat' dir='ltr'><strong>appel-</strong></span> 
     </span>
    </p>
   </div>
   <div class='ocr_carea' id='block_1_30' title="bbox 432 2691 2081 2772">
    <p class='ocr_par' dir='ltr' id='par_1_30' title="bbox 432 2691 2081 2772">
     <span class='ocr_line' id='line_1_30' title="bbox 432 2691 2081 2772; baseline -0.001 -12"><span class='ocrx_word' id='word_1_197' title='bbox 432 2697 584 2760; x_wconf 91' lang='lat' dir='ltr'><strong>latur</strong></span> <span class='ocrx_word' id='word_1_198' title='bbox 611 2716 623 2757; x_wconf 93' lang='lat'>:</span> <span class='ocrx_word' id='word_1_199' title='bbox 648 2696 802 2758; x_wconf 91' lang='lat' dir='ltr'><strong>sicut</strong></span> <span class='ocrx_word' id='word_1_200' title='bbox 823 2714 955 2758; x_wconf 92' lang='lat' dir='ltr'><strong>cum</strong></span> <span class='ocrx_word' id='word_1_201' title='bbox 983 2695 1220 2772; x_wconf 82' lang='lat' dir='ltr'><strong>dicitur,</strong></span> <span class='ocrx_word' id='word_1_202' title='bbox 1257 2692 1431 2756; x_wconf 88' lang='lat' dir='ltr'><strong>Novit</strong></span> <span class='ocrx_word' id='word_1_203' title='bbox 1461 2691 1750 2754; x_wconf 88' lang='lat' dir='ltr'><strong>Dominus</strong></span> <span class='ocrx_word' id='word_1_204' title='bbox 1767 2693 2081 2758; x_wconf 84' lang='lat' dir='ltr'><strong>viasinno-</strong></span> 
     </span>
    </p>
   </div>
   <div class='ocr_carea' id='block_1_31' title="bbox 429 2779 2084 2861">
    <p class='ocr_par' dir='ltr' id='par_1_31' title="bbox 429 2779 2084 2861">
     <span class='ocr_line' id='line_1_31' title="bbox 429 2779 2084 2861; baseline -0.001 -12"><span class='ocrx_word' id='word_1_205' title='bbox 429 2786 693 2850; x_wconf 89' lang='lat' dir='ltr'><strong>centium</strong></span> <span class='ocrx_word' id='word_1_206' title='bbox 716 2784 802 2859; x_wconf 79' lang='grc'>60,</span> <span class='ocrx_word' id='word_1_207' title='bbox 837 2795 898 2846; x_wconf 91' lang='lat' dir='ltr'><strong>et</strong></span> <span class='ocrx_word' id='word_1_208' title='bbox 926 2783 1078 2844; x_wconf 92' lang='lat' dir='ltr'><strong>sicut</strong></span> <span class='ocrx_word' id='word_1_209' title='bbox 1109 2781 1191 2843; x_wconf 89' lang='lat' dir='ltr'><strong>ait</strong></span> <span class='ocrx_word' id='word_1_210' title='bbox 1219 2781 1457 2853; x_wconf 87' lang='lat' dir='ltr'><strong>Paulus,</strong></span> <span class='ocrx_word' id='word_1_211' title='bbox 1496 2805 1523 2835; x_wconf 77' lang='grc' dir='ltr'><strong>α</strong></span> <span class='ocrx_word' id='word_1_212' title='bbox 1550 2779 1626 2842; x_wconf 96' lang='lat' dir='ltr'>Ut</span> <span class='ocrx_word' id='word_1_213' title='bbox 1661 2800 2084 2861; x_wconf 81' lang='lat' dir='ltr'><strong>cognoscamus</strong></span> 
     </span>
    </p>
   </div>
   <div class='ocr_carea' id='block_1_32' title="bbox 429 2869 2085 2949">
    <p class='ocr_par' dir='ltr' id='par_1_32' title="bbox 429 2869 2085 2949">
     <span class='ocr_line' id='line_1_32' title="bbox 429 2869 2085 2949; baseline -0.002 -10"><span class='ocrx_word' id='word_1_214' title='bbox 429 2877 616 2939; x_wconf 92' lang='lat' dir='ltr'><strong>Deum</strong></span> <span class='ocrx_word' id='word_1_215' title='bbox 629 2873 814 2938; x_wconf 89' lang='lat' dir='ltr'><strong>veluti</strong></span> <span class='ocrx_word' id='word_1_216' title='bbox 837 2873 1014 2934; x_wconf 85' lang='lat' dir='ltr'><strong>etiam</strong></span> <span class='ocrx_word' id='word_1_217' title='bbox 1036 2873 1108 2933; x_wconf 91' lang='lat' dir='ltr'>ab</span> <span class='ocrx_word' id='word_1_218' title='bbox 1128 2889 1197 2932; x_wconf 93' lang='lat' dir='ltr'><strong>eo</strong></span> <span class='ocrx_word' id='word_1_219' title='bbox 1215 2870 1654 2949; x_wconf 74' lang='lat' dir='ltr'><strong>cognitisumus</strong></span> <span class='ocrx_word' id='word_1_220' title='bbox 1666 2869 1745 2931; x_wconf 70' lang='grc'>61.</span> <span class='ocrx_word' id='word_1_221' title='bbox 1762 2873 2085 2936; x_wconf 80' lang='lat' dir='ltr'><strong>nSimiliter</strong></span> 
     </span>
    </p>
   </div>
   <div class='ocr_carea' id='block_1_33' title="bbox 427 2959 2080 3040">
    <p class='ocr_par' dir='ltr' id='par_1_33' title="bbox 427 2959 2080 3040">
     <span class='ocr_line' id='line_1_33' title="bbox 427 2959 2080 3040; baseline 0.001 -16"><span class='ocrx_word' id='word_1_222' title='bbox 427 2971 631 3025; x_wconf 92' lang='lat' dir='ltr'><strong>autem</strong></span> <span class='ocrx_word' id='word_1_223' title='bbox 654 2962 798 3027; x_wconf 91' lang='lat' dir='ltr'><strong>etde</strong></span> <span class='ocrx_word' id='word_1_224' title='bbox 817 2963 1112 3024; x_wconf 90' lang='lat' dir='ltr'><strong>contrario</strong></span> <span class='ocrx_word' id='word_1_225' title='bbox 1139 2967 1276 3040; x_wconf 87' lang='lat' dir='ltr'><strong>puta</strong></span> <span class='ocrx_word' id='word_1_226' title='bbox 1300 2959 1630 3038; x_wconf 84' lang='lat' dir='ltr'><strong>ignorantia</strong></span> <span class='ocrx_word' id='word_1_227' title='bbox 1654 2960 1970 3023; x_wconf 91' lang='lat' dir='ltr'><strong>dicendum</strong></span> <span class='ocrx_word' id='word_1_228' title='bbox 1995 2974 2080 3026; x_wconf 91' lang='lat' dir='ltr'><strong>est</strong></span> 
     </span>
    </p>
   </div>
   <div class='ocr_carea' id='block_1_34' title="bbox 427 3047 2077 3134">
    <p class='ocr_par' dir='ltr' id='par_1_34' title="bbox 427 3047 2077 3134">
     <span class='ocr_line' id='line_1_34' title="bbox 427 3047 2077 3134; baseline 0 -20"><span class='ocrx_word' id='word_1_229' title='bbox 427 3052 586 3134; x_wconf 89' lang='lat' dir='ltr'><strong>quod</strong></span> <span class='ocrx_word' id='word_1_230' title='bbox 617 3051 942 3134; x_wconf 90' lang='lat' dir='ltr'><strong>dnpliciter</strong></span> <span class='ocrx_word' id='word_1_231' title='bbox 971 3049 1353 3128; x_wconf 88' lang='lat' dir='ltr'><strong>intelligatur.</strong></span> <span class='ocrx_word' id='word_1_232' title='bbox 1377 3047 1887 3120; x_wconf 90' lang='lat' dir='ltr'><strong>Quemadmodum</strong></span> <span class='ocrx_word' id='word_1_233' title='bbox 1921 3053 2077 3114; x_wconf 93' lang='lat' dir='ltr'><strong>enim</strong></span> 
     </span>
    </p>
   </div>
   <div class='ocr_carea' id='block_1_35' title="bbox 427 3136 2078 3222">
    <p class='ocr_par' dir='ltr' id='par_1_35' title="bbox 427 3136 2078 3222">
     <span class='ocr_line' id='line_1_35' title="bbox 427 3136 2078 3222; baseline 0 -19"><span class='ocrx_word' id='word_1_234' title='bbox 427 3142 687 3204; x_wconf 83' lang='lat' dir='ltr'><strong>externis</strong></span> <span class='ocrx_word' id='word_1_235' title='bbox 705 3160 939 3222; x_wconf 90' lang='lat' dir='ltr'><strong>quoque</strong></span> <span class='ocrx_word' id='word_1_236' title='bbox 953 3137 1340 3220; x_wconf 86' lang='lat' dir='ltr'><strong>scriptoribus</strong></span> <span class='ocrx_word' id='word_1_237' title='bbox 1356 3136 1590 3198; x_wconf 89' lang='lat' dir='ltr'><strong>videtur</strong></span> <span class='ocrx_word' id='word_1_238' title='bbox 1611 3139 2078 3219; x_wconf 60' lang='lat' dir='ltr'>unaleStlcontra-</span> 
     </span>
    </p>
   </div>
   <div class='ocr_carea' id='block_1_36' title="bbox 431 3227 2078 3305">
    <p class='ocr_par' dir='ltr' id='par_1_36' title="bbox 431 3227 2078 3305">
     <span class='ocr_line' id='line_1_36' title="bbox 431 3227 2078 3305; baseline 0.002 -15"><span class='ocrx_word' id='word_1_239' title='bbox 431 3231 659 3292; x_wconf 90' lang='lat' dir='ltr'><strong>riorum</strong></span> <span class='ocrx_word' id='word_1_240' title='bbox 695 3229 969 3291; x_wconf 90' lang='lat' dir='ltr'><strong>scientia.</strong></span> <span class='ocrx_word' id='word_1_241' title='bbox 1017 3231 1186 3290; x_wconf 83' lang='lat' dir='ltr'><strong>Juxta</strong></span> <span class='ocrx_word' id='word_1_242' title='bbox 1241 3227 1354 3288; x_wconf 93' lang='lat' dir='ltr'><strong>hoc</strong></span> <span class='ocrx_word' id='word_1_243' title='bbox 1387 3244 1525 3305; x_wconf 90' lang='lat' dir='ltr'><strong>ergo</strong></span> <span class='ocrx_word' id='word_1_244' title='bbox 1556 3228 1931 3305; x_wconf 86' lang='lat' dir='ltr'><strong>Cognoscere</strong></span> <span class='ocrx_word' id='word_1_245' title='bbox 1964 3232 2078 3294; x_wconf 92' lang='lat' dir='ltr'><strong>hoc</strong></span> 
     </span>
    </p>
   </div>
   <div class='ocr_carea' id='block_1_37' title="bbox 425 3316 2075 3397">
    <p class='ocr_par' dir='ltr' id='par_1_37' title="bbox 425 3316 2075 3397">
     <span class='ocr_line' id='line_1_37' title="bbox 425 3316 2075 3397; baseline 0.002 -17"><span class='ocrx_word' id='word_1_246' title='bbox 425 3318 560 3382; x_wconf 91' lang='lat' dir='ltr'><strong>loco</strong></span> <span class='ocrx_word' id='word_1_247' title='bbox 592 3317 824 3380; x_wconf 90' lang='lat' dir='ltr'><strong>duobus</strong></span> <span class='ocrx_word' id='word_1_248' title='bbox 853 3317 1050 3379; x_wconf 91' lang='lat' dir='ltr'><strong>modis</strong></span> <span class='ocrx_word' id='word_1_249' title='bbox 1103 3323 1410 3394; x_wconf 90' lang='lat' dir='ltr'><strong>acceptum</strong></span> <span class='ocrx_word' id='word_1_250' title='bbox 1460 3323 1570 3379; x_wconf 91' lang='lat' dir='ltr'><strong>est.</strong></span> <span class='ocrx_word' id='word_1_251' title='bbox 1605 3316 1909 3397; x_wconf 82' lang='lat' dir='ltr'><strong>Siquidem</strong></span> <span class='ocrx_word' id='word_1_252' title='bbox 1940 3340 2075 3383; x_wconf 93' lang='lat' dir='ltr'><strong>cum</strong></span> 
     </span>
    </p>
   </div>
   <div class='ocr_carea' id='block_1_38' title="bbox 423 3403 2070 3490">
    <p class='ocr_par' dir='ltr' id='par_1_38' title="bbox 423 3403 2070 3490">
     <span class='ocr_line' id='line_1_38' title="bbox 423 3403 2070 3490; baseline 0.002 -22"><span class='ocrx_word' id='word_1_253' title='bbox 423 3407 527 3482; x_wconf 87' lang='lat' dir='ltr'><strong>ait,</strong></span> <span class='ocrx_word' id='word_1_254' title='bbox 568 3406 716 3469; x_wconf 78' lang='lat' dir='ltr'>«Per</span> <span class='ocrx_word' id='word_1_255' title='bbox 743 3408 858 3468; x_wconf 92' lang='lat' dir='ltr'>hoc</span> <span class='ocrx_word' id='word_1_256' title='bbox 902 3405 1339 3485; x_wconf 81' lang='lat' dir='ltr'><strong>cognoscimus,</strong></span> <span class='ocrx_word' id='word_1_257' title='bbox 1382 3429 1404 3462; x_wconf 72' lang='grc' dir='ltr'>ι)</span> <span class='ocrx_word' id='word_1_258' title='bbox 1453 3422 1558 3484; x_wconf 91' lang='lat' dir='ltr'>pro</span> <span class='ocrx_word' id='word_1_259' title='bbox 1589 3403 1744 3467; x_wconf 91' lang='lat' dir='ltr'><strong>scire</strong></span> <span class='ocrx_word' id='word_1_260' title='bbox 1777 3411 2070 3490; x_wconf 87' lang='lat' dir='ltr'><strong>sumitur;</strong></span> 
     </span>
    </p>
   </div>
   <div class='ocr_carea' id='block_1_39' title="bbox 425 3493 2078 3569">
    <p class='ocr_par' dir='ltr' id='par_1_39' title="bbox 425 3493 2078 3569">
     <span class='ocr_line' id='line_1_39' title="bbox 425 3493 2078 3569; baseline 0.003 -12"><span class='ocrx_word' id='word_1_261' title='bbox 425 3514 559 3557; x_wconf 90' lang='lat' dir='ltr'><strong>cum</strong></span> <span class='ocrx_word' id='word_1_262' title='bbox 594 3503 789 3557; x_wconf 90' lang='lat' dir='ltr'><strong>autem</strong></span> <span class='ocrx_word' id='word_1_263' title='bbox 821 3494 1039 3556; x_wconf 90' lang='lat' dir='ltr'><strong>dicitur</strong></span> <span class='ocrx_word' id='word_1_264' title='bbox 1065 3515 1080 3569; x_wconf 89' lang='lat'><strong>;</strong></span> <span class='ocrx_word' id='word_1_265' title='bbox 1102 3493 1271 3567; x_wconf 86' lang='lat' dir='ltr'><strong>Quod</strong></span> <span class='ocrx_word' id='word_1_266' title='bbox 1297 3511 1430 3554; x_wconf 92' lang='lat' dir='ltr'><strong>eum</strong></span> <span class='ocrx_word' id='word_1_267' title='bbox 1453 3495 1813 3569; x_wconf 85' lang='lat' dir='ltr'><strong>noverimus,</strong></span> <span class='ocrx_word' id='word_1_268' title='bbox 1846 3499 1958 3561; x_wconf 93' lang='lat' dir='ltr'><strong>hoc</strong></span> <span class='ocrx_word' id='word_1_269' title='bbox 1990 3508 2078 3562; x_wconf 93' lang='lat' dir='ltr'><strong>est</strong></span> 
     </span>
    </p>
   </div>
   <div class='ocr_carea' id='block_1_40' title="bbox 423 3582 2071 3666">
    <p class='ocr_par' dir='ltr' id='par_1_40' title="bbox 423 3582 2071 3666">
     <span class='ocr_line' id='line_1_40' title="bbox 423 3582 2071 3666; baseline 0.002 -20"><span class='ocrx_word' id='word_1_270' title='bbox 423 3585 580 3666; x_wconf 93' lang='lat' dir='ltr'><strong>quod</strong></span> <span class='ocrx_word' id='word_1_271' title='bbox 613 3584 863 3646; x_wconf 86' lang='lat' dir='ltr'><strong>ﬁrmiter</strong></span> <span class='ocrx_word' id='word_1_272' title='bbox 886 3603 1020 3646; x_wconf 92' lang='lat' dir='ltr'><strong>cum</strong></span> <span class='ocrx_word' id='word_1_273' title='bbox 1074 3601 1144 3644; x_wconf 93' lang='lat' dir='ltr'>eo</span> <span class='ocrx_word' id='word_1_274' title='bbox 1196 3582 1500 3662; x_wconf 85' lang='lat' dir='ltr'><strong>conjuncti</strong></span> <span class='ocrx_word' id='word_1_275' title='bbox 1533 3582 1741 3645; x_wconf 90' lang='lat' dir='ltr'><strong>simus.</strong></span> <span class='ocrx_word' id='word_1_276' title='bbox 1768 3585 1881 3656; x_wconf 88' lang='lat' dir='ltr'><strong>Qui</strong></span> <span class='ocrx_word' id='word_1_277' title='bbox 1912 3588 2071 3649; x_wconf 93' lang='lat' dir='ltr'><strong>enim</strong></span> 
     </span>
    </p>
   </div>
   <div class='ocr_carea' id='block_1_41' title="bbox 423 3669 2074 3752">
    <p class='ocr_par' dir='ltr' id='par_1_41' title="bbox 423 3669 2074 3752">
     <span class='ocr_line' id='line_1_41' title="bbox 423 3669 2074 3752; baseline 0.002 -18"><span class='ocrx_word' id='word_1_278' title='bbox 423 3674 786 3735; x_wconf 89' lang='lat' dir='ltr'><strong>consortium</strong></span> <span class='ocrx_word' id='word_1_279' title='bbox 818 3672 997 3734; x_wconf 91' lang='lat' dir='ltr'><strong>habet</strong></span> <span class='ocrx_word' id='word_1_280' title='bbox 1025 3690 1157 3735; x_wconf 93' lang='lat' dir='ltr'><strong>cum</strong></span> <span class='ocrx_word' id='word_1_281' title='bbox 1189 3669 1413 3752; x_wconf 92' lang='lat' dir='ltr'><strong>aliquo,</strong></span> <span class='ocrx_word' id='word_1_282' title='bbox 1435 3671 1608 3732; x_wconf 92' lang='lat' dir='ltr'><strong>etiam</strong></span> <span class='ocrx_word' id='word_1_283' title='bbox 1633 3679 1977 3736; x_wconf 89' lang='lat' dir='ltr'><strong>commistus</strong></span> <span class='ocrx_word' id='word_1_284' title='bbox 2006 3694 2074 3738; x_wconf 94' lang='lat' dir='ltr'><strong>ac</strong></span> 
     </span>
    </p>
   </div>
   <div class='ocr_carea' id='block_1_42' title="bbox 421 3761 2073 3845">
    <p class='ocr_par' dir='ltr' id='par_1_42' title="bbox 421 3761 2073 3845">
     <span class='ocr_line' id='line_1_42' title="bbox 421 3761 2073 3845; baseline 0.002 -20"><span class='ocrx_word' id='word_1_285' title='bbox 421 3763 774 3843; x_wconf 85' lang='lat' dir='ltr'><strong>conjunctus</strong></span> <span class='ocrx_word' id='word_1_286' title='bbox 804 3770 891 3824; x_wconf 90' lang='lat' dir='ltr'><strong>est</strong></span> <span class='ocrx_word' id='word_1_287' title='bbox 924 3762 1010 3823; x_wconf 92' lang='lat' dir='ltr'><strong>illi</strong></span> <span class='ocrx_word' id='word_1_288' title='bbox 1043 3762 1100 3823; x_wconf 91' lang='lat' dir='ltr'>in</span> <span class='ocrx_word' id='word_1_289' title='bbox 1134 3779 1204 3822; x_wconf 92' lang='lat' dir='ltr'><strong>eo</strong></span> <span class='ocrx_word' id='word_1_290' title='bbox 1229 3761 1384 3841; x_wconf 92' lang='lat' dir='ltr'><strong>quod</strong></span> <span class='ocrx_word' id='word_1_291' title='bbox 1409 3761 2073 3845; x_wconf 75' lang='lat' dir='ltr'><strong>participatJ’ropterea</strong></span> 
     </span>
    </p>
   </div>
   <div class='ocr_carea' id='block_1_43' title="bbox 418 3848 2069 3931">
    <p class='ocr_par' dir='ltr' id='par_1_43' title="bbox 418 3848 2069 3931">
     <span class='ocr_line' id='line_1_43' title="bbox 418 3848 2069 3931; baseline 0.001 -18"><span class='ocrx_word' id='word_1_292' title='bbox 418 3851 595 3913; x_wconf 89' lang='lat' dir='ltr'><strong>etiam</strong></span> <span class='ocrx_word' id='word_1_293' title='bbox 657 3850 961 3931; x_wconf 88' lang='lat' dir='ltr'><strong>subjungit</strong></span> <span class='ocrx_word' id='word_1_294' title='bbox 1007 3849 1310 3930; x_wconf 68' lang='lat' dir='ltr'><strong>Praecepta</strong></span> <span class='ocrx_word' id='word_1_295' title='bbox 1367 3848 1496 3929; x_wconf 87' lang='lat' dir='ltr'><strong>ejus</strong></span> <span class='ocrx_word' id='word_1_296' title='bbox 1546 3849 1954 3915; x_wconf 88' lang='lat' dir='ltr'><strong>observamus.</strong></span> <span class='ocrx_word' id='word_1_297' title='bbox 1992 3853 2069 3916; x_wconf 83' lang='lat' dir='ltr'><strong>Ex</strong></span> 
     </span>
    </p>
   </div>
   <div class='ocr_carea' id='block_1_44' title="bbox 418 3933 2071 4024">
    <p class='ocr_par' dir='ltr' id='par_1_44' title="bbox 418 3933 2071 4024">
     <span class='ocr_line' id='line_1_44' title="bbox 418 3933 2071 4024; baseline 0.002 -22"><span class='ocrx_word' id='word_1_298' title='bbox 418 3941 532 4004; x_wconf 89' lang='lat' dir='ltr'><strong>hoc</strong></span> <span class='ocrx_word' id='word_1_299' title='bbox 561 3933 738 4003; x_wconf 65' lang='lat' dir='ltr'><strong>etiam</strong></span> <span class='ocrx_word' id='word_1_300' title='bbox 785 3943 1113 4003; x_wconf 91' lang='lat' dir='ltr'><strong>solveretur</strong></span> <span class='ocrx_word' id='word_1_301' title='bbox 1160 3939 1306 4000; x_wconf 92' lang='lat' dir='ltr'><strong>illud</strong></span> <span class='ocrx_word' id='word_1_302' title='bbox 1339 3959 1352 3998; x_wconf 93' lang='lat'>:</span> <span class='ocrx_word' id='word_1_303' title='bbox 1387 3959 1412 3996; x_wconf 71' lang='grc' dir='ltr'>ι</span> <span class='ocrx_word' id='word_1_304' title='bbox 1451 3937 1621 3999; x_wconf 88' lang='lat' dir='ltr'><strong>Novit</strong></span> <span class='ocrx_word' id='word_1_305' title='bbox 1653 3939 1942 4004; x_wconf 88' lang='lat' dir='ltr'><strong>Dominus</strong></span> <span class='ocrx_word' id='word_1_306' title='bbox 1969 3944 2071 4024; x_wconf 91' lang='lat' dir='ltr'><strong>qui</strong></span> 
     </span>
    </p>
   </div>
   <div class='ocr_carea' id='block_1_45' title="bbox 416 4027 2069 4112">
    <p class='ocr_par' dir='ltr' id='par_1_45' title="bbox 416 4027 2069 4112">
     <span class='ocr_line' id='line_1_45' title="bbox 416 4027 2069 4112; baseline 0.002 -22"><span class='ocrx_word' id='word_1_307' title='bbox 416 4037 554 4092; x_wconf 92' lang='lat' dir='ltr'><strong>sunt</strong></span> <span class='ocrx_word' id='word_1_308' title='bbox 575 4030 668 4093; x_wconf 86' lang='lat' dir='ltr'>sui</span> <span class='ocrx_word' id='word_1_309' title='bbox 692 4029 812 4104; x_wconf 54' lang='grc' dir='ltr'>ϐίη</span> <span class='ocrx_word' id='word_1_310' title='bbox 855 4039 913 4092; x_wconf 90' lang='lat' dir='ltr'><strong>et</strong></span> <span class='ocrx_word' id='word_1_311' title='bbox 936 4029 1080 4090; x_wconf 91' lang='lat' dir='ltr'><strong>illud</strong></span> <span class='ocrx_word' id='word_1_312' title='bbox 1109 4048 1126 4090; x_wconf 90' lang='lat'><strong>:</strong></span> <span class='ocrx_word' id='word_1_313' title='bbox 1154 4053 1179 4083; x_wconf 74' lang='grc' dir='ltr'>α</span> <span class='ocrx_word' id='word_1_314' title='bbox 1206 4027 1353 4088; x_wconf 91' lang='lat' dir='ltr'>Eum</span> <span class='ocrx_word' id='word_1_315' title='bbox 1379 4029 1476 4108; x_wconf 93' lang='lat' dir='ltr'><strong>qui</strong></span> <span class='ocrx_word' id='word_1_316' title='bbox 1503 4046 1618 4088; x_wconf 89' lang='lat' dir='ltr'><strong>non</strong></span> <span class='ocrx_word' id='word_1_317' title='bbox 1650 4039 1892 4092; x_wconf 84' lang='lat' dir='ltr'><strong>noverat</strong></span> <span class='ocrx_word' id='word_1_318' title='bbox 1926 4051 2069 4112; x_wconf 86' lang='lat' dir='ltr'><strong>pec-</strong></span> 
     </span>
    </p>
   </div>
   <div class='ocr_carea' id='block_1_46' title="bbox 416 4116 2068 4201">
    <p class='ocr_par' dir='ltr' id='par_1_46' title="bbox 416 4116 2068 4201">
     <span class='ocr_line' id='line_1_46' title="bbox 416 4116 2068 4201; baseline 0.001 -21"><span class='ocrx_word' id='word_1_319' title='bbox 416 4127 638 4195; x_wconf 89' lang='lat' dir='ltr'><strong>catum,</strong></span> <span class='ocrx_word' id='word_1_320' title='bbox 673 4140 778 4200; x_wconf 92' lang='lat' dir='ltr'>pro</span> <span class='ocrx_word' id='word_1_321' title='bbox 811 4118 983 4180; x_wconf 91' lang='lat' dir='ltr'><strong>nobis</strong></span> <span class='ocrx_word' id='word_1_322' title='bbox 1009 4125 1321 4198; x_wconf 92' lang='lat' dir='ltr'><strong>peccatum</strong></span> <span class='ocrx_word' id='word_1_323' title='bbox 1353 4116 1494 4177; x_wconf 83' lang='lat' dir='ltr'><strong>fecit</strong></span> <span class='ocrx_word' id='word_1_324' title='bbox 1515 4116 1580 4166; x_wconf 76' lang='lat'>65</span> <span class='ocrx_word' id='word_1_325' title='bbox 1628 4137 1643 4177; x_wconf 89' lang='lat'><strong>:</strong></span> <span class='ocrx_word' id='word_1_326' title='bbox 1698 4143 1726 4173; x_wconf 69' lang='grc' dir='ltr'><strong><em>ι</em></strong></span> <span class='ocrx_word' id='word_1_327' title='bbox 1759 4127 1817 4180; x_wconf 91' lang='lat' dir='ltr'><strong>et</strong></span> <span class='ocrx_word' id='word_1_328' title='bbox 1847 4120 1895 4180; x_wconf 91' lang='lat' dir='ltr'>si</span> <span class='ocrx_word' id='word_1_329' title='bbox 1927 4122 2068 4201; x_wconf 90' lang='lat' dir='ltr'><strong>quid</strong></span> 
     </span>
    </p>
   </div>
   <div class='ocr_carea' id='block_1_47' title="bbox 414 4204 2068 4289">
    <p class='ocr_par' dir='ltr' id='par_1_47' title="bbox 414 4204 2068 4289">
     <span class='ocr_line' id='line_1_47' title="bbox 414 4204 2068 4289; baseline 0.001 -20"><span class='ocrx_word' id='word_1_330' title='bbox 414 4207 574 4270; x_wconf 90' lang='lat' dir='ltr'><strong>aliud</strong></span> <span class='ocrx_word' id='word_1_331' title='bbox 598 4208 751 4289; x_wconf 90' lang='lat' dir='ltr'><strong>apud</strong></span> <span class='ocrx_word' id='word_1_332' title='bbox 800 4207 1060 4268; x_wconf 91' lang='lat' dir='ltr'><strong>divinam</strong></span> <span class='ocrx_word' id='word_1_333' title='bbox 1103 4204 1471 4286; x_wconf 92' lang='lat' dir='ltr'><strong>Scripturam</strong></span> <span class='ocrx_word' id='word_1_334' title='bbox 1503 4205 1578 4266; x_wconf 94' lang='lat' dir='ltr'><strong>de</strong></span> <span class='ocrx_word' id='word_1_335' title='bbox 1611 4207 1948 4285; x_wconf 90' lang='lat' dir='ltr'><strong>cognitione</strong></span> <span class='ocrx_word' id='word_1_336' title='bbox 1981 4211 2068 4271; x_wconf 89' lang='lat' dir='ltr'><strong>vel</strong></span> 
     </span>
    </p>
   </div>
   <div class='ocr_carea' id='block_1_48' title="bbox 413 4295 2069 4376">
    <p class='ocr_par' dir='ltr' id='par_1_48' title="bbox 413 4295 2069 4376">
     <span class='ocr_line' id='line_1_48' title="bbox 413 4295 2069 4376; baseline 0.003 -18"><span class='ocrx_word' id='word_1_337' title='bbox 413 4297 745 4376; x_wconf 87' lang='lat' dir='ltr'><strong>ignorantia</strong></span> <span class='ocrx_word' id='word_1_338' title='bbox 768 4303 1071 4358; x_wconf 86' lang='lat' dir='ltr'><strong>tractatur.</strong></span> <span class='ocrx_word' id='word_1_339' title='bbox 1102 4295 1334 4358; x_wconf 90' lang='lat' dir='ltr'><strong>Deinde</strong></span> <span class='ocrx_word' id='word_1_340' title='bbox 1360 4314 1394 4356; x_wconf 89' lang='lat' dir='ltr'><strong>a</strong></span> <span class='ocrx_word' id='word_1_341' title='bbox 1414 4297 1711 4358; x_wconf 86' lang='lat' dir='ltr'><strong>contrario</strong></span> <span class='ocrx_word' id='word_1_342' title='bbox 1730 4297 1885 4360; x_wconf 92' lang='lat' dir='ltr'><strong>idem</strong></span> <span class='ocrx_word' id='word_1_343' title='bbox 1919 4319 2069 4362; x_wconf 88' lang='lat' dir='ltr'><strong>con-</strong></span> 
     </span>
    </p>
   </div>
   <div class='ocr_carea' id='block_1_49' title="bbox 414 4383 2078 4472">
    <p class='ocr_par' dir='ltr' id='par_1_49' title="bbox 414 4383 2066 4466">
     <span class='ocr_line' id='line_1_49' title="bbox 414 4383 2066 4466; baseline 0.004 -20"><span class='ocrx_word' id='word_1_344' title='bbox 414 4385 633 4466; x_wconf 83' lang='lat' dir='ltr'><strong>ﬁrmat,</strong></span> <span class='ocrx_word' id='word_1_345' title='bbox 666 4384 1086 4447; x_wconf 87' lang='lat' dir='ltr'><strong>abundantiori</strong></span> <span class='ocrx_word' id='word_1_346' title='bbox 1111 4393 1283 4445; x_wconf 91' lang='lat' dir='ltr'><strong>utens</strong></span> <span class='ocrx_word' id='word_1_347' title='bbox 1307 4383 1679 4464; x_wconf 89' lang='lat' dir='ltr'><strong>probatione,</strong></span> <span class='ocrx_word' id='word_1_348' title='bbox 1720 4395 1778 4449; x_wconf 95' lang='lat' dir='ltr'><strong>et</strong></span> <span class='ocrx_word' id='word_1_349' title='bbox 1799 4387 1882 4448; x_wconf 90' lang='lat' dir='ltr'>ait</span> <span class='ocrx_word' id='word_1_350' title='bbox 1916 4407 1929 4452; x_wconf 91' lang='lat'>:</span> <span class='ocrx_word' id='word_1_351' title='bbox 1957 4389 2066 4463; x_wconf 91' lang='lat' dir='ltr'><strong>Qui</strong></span> 
     </span>
    </p>
   </div>
   <div class='ocr_carea' id='block_1_50' title="bbox 2162 4383 2932 4472">
    <p class='ocr_par' dir='ltr' id='par_1_50' title="bbox 2162 4388 2932 4472">
     <span class='ocr_line' id='line_1_50' title="bbox 2162 4388 2932 4472; baseline 0.006 -28"><span class='ocrx_word' id='word_1_352' title='bbox 2162 4388 2250 4456; x_wconf 75' lang='grc' dir='ltr'>τὴν</span> <span class='ocrx_word' id='word_1_353' title='bbox 2295 4391 2575 4470; x_wconf 79' lang='grc' dir='ltr'>ἀνάκρασιν</span> <span class='ocrx_word' id='word_1_354' title='bbox 2619 4394 2932 4472; x_wconf 68' lang='grc' dir='ltr'>ὑποφαίνει·</span> 
     </span>
    </p>
   </div>
   <div class='ocr_carea' id='block_1_51' title="bbox 414 4473 2062 4558">
    <p class='ocr_par' dir='ltr' id='par_1_51' title="bbox 414 4473 2062 4558">
     <span class='ocr_line' id='line_1_51' title="bbox 414 4473 2062 4558; baseline 0.003 -23"><span class='ocrx_word' id='word_1_355' title='bbox 414 4475 582 4556; x_wconf 83' lang='lat' dir='ltr'><strong>dicit,</strong></span> <span class='ocrx_word' id='word_1_356' title='bbox 615 4473 762 4536; x_wconf 83' lang='lat' dir='ltr'><strong>Novi</strong></span> <span class='ocrx_word' id='word_1_357' title='bbox 809 4493 970 4550; x_wconf 92' lang='lat' dir='ltr'><strong>eum,</strong></span> <span class='ocrx_word' id='word_1_358' title='bbox 1004 4473 1126 4534; x_wconf 91' lang='lat' dir='ltr'><strong>sive</strong></span> <span class='ocrx_word' id='word_1_359' title='bbox 1156 4473 1502 4534; x_wconf 92' lang='lat' dir='ltr'><strong>societatem</strong></span> <span class='ocrx_word' id='word_1_360' title='bbox 1529 4473 1719 4536; x_wconf 90' lang='lat' dir='ltr'><strong>habeo</strong></span> <span class='ocrx_word' id='word_1_361' title='bbox 1745 4495 1876 4537; x_wconf 92' lang='lat' dir='ltr'><strong>cum</strong></span> <span class='ocrx_word' id='word_1_362' title='bbox 1914 4479 2062 4558; x_wconf 92' lang='lat' dir='ltr'><strong>ipso,</strong></span> 
     </span>
    </p>
   </div>
   <div class='ocr_carea' id='block_1_52' title="bbox 2165 556 3814 640">
    <p class='ocr_par' dir='ltr' id='par_1_52' title="bbox 2165 556 3814 640">
     <span class='ocr_line' id='line_1_52' title="bbox 2165 556 3814 640; baseline -0.002 -25"><span class='ocrx_word' id='word_1_363' title='bbox 2165 561 2238 621; x_wconf 80' lang='grc' dir='ltr'>ὡς</span> <span class='ocrx_word' id='word_1_364' title='bbox 2283 558 2682 623; x_wconf 74' lang='grc' dir='ltr'>αὖτοδεσπότως</span> <span class='ocrx_word' id='word_1_365' title='bbox 2724 567 2878 618; x_wconf 77' lang='grc' dir='ltr'>τοῦτο</span> <span class='ocrx_word' id='word_1_366' title='bbox 2921 559 3174 640; x_wconf 83' lang='grc' dir='ltr'>παρέχει.</span> <span class='ocrx_word' id='word_1_367' title='bbox 3249 556 3402 614; x_wconf 83' lang='grc' dir='ltr'>Ἀλλ’</span> <span class='ocrx_word' id='word_1_368' title='bbox 3459 559 3531 622; x_wconf 84' lang='grc' dir='ltr'>ὡς</span> <span class='ocrx_word' id='word_1_369' title='bbox 3591 556 3814 637; x_wconf 81' lang='grc' dir='ltr'>ἔφημεν,</span> 
     </span>
    </p>
   </div>
   <div class='ocr_carea' id='block_1_53' title="bbox 2165 645 3810 725">
    <p class='ocr_par' dir='ltr' id='par_1_53' title="bbox 2165 645 3810 725">
     <span class='ocr_line' id='line_1_53' title="bbox 2165 645 3810 725; baseline -0.003 -20"><span class='ocrx_word' id='word_1_370' title='bbox 2165 648 2199 716; x_wconf 74' lang='grc' dir='ltr'><strong>ἢ</strong></span> <span class='ocrx_word' id='word_1_371' title='bbox 2262 650 2611 724; x_wconf 77' lang='grc' dir='ltr'>οἰκονομικῶς</span> <span class='ocrx_word' id='word_1_372' title='bbox 2669 655 2825 706; x_wconf 77' lang='grc' dir='ltr'>τοῦτο</span> <span class='ocrx_word' id='word_1_373' title='bbox 2895 656 2982 706; x_wconf 79' lang='grc' dir='ltr'>νῦν</span> <span class='ocrx_word' id='word_1_374' title='bbox 3054 651 3082 704; x_wconf 97' lang='lat'>6</span> <span class='ocrx_word' id='word_1_375' title='bbox 3141 646 3468 712; x_wconf 81' lang='grc' dir='ltr'>’Λπόστολός</span> <span class='ocrx_word' id='word_1_376' title='bbox 3519 668 3702 725; x_wconf 79' lang='grc' dir='ltr'>φησιν,</span> <span class='ocrx_word' id='word_1_377' title='bbox 3775 645 3810 713; x_wconf 70' lang='grc' dir='ltr'>ἢ</span> 
     </span>
    </p>
   </div>
   <div class='ocr_carea' id='block_1_54' title="bbox 2164 735 3813 819">
    <p class='ocr_par' dir='ltr' id='par_1_54' title="bbox 2164 735 3813 819">
     <span class='ocr_line' id='line_1_54' title="bbox 2164 735 3813 819; baseline -0.001 -26"><span class='ocrx_word' id='word_1_378' title='bbox 2164 745 2434 817; x_wconf 85' lang='grc' dir='ltr'>παριστῶν</span> <span class='ocrx_word' id='word_1_379' title='bbox 2463 741 2523 796; x_wconf 89' lang='grc' dir='ltr'>τὸ</span> <span class='ocrx_word' id='word_1_380' title='bbox 2566 741 2695 819; x_wconf 88' lang='grc' dir='ltr'>πρὸς</span> <span class='ocrx_word' id='word_1_381' title='bbox 2734 741 2826 795; x_wconf 89' lang='grc' dir='ltr'>τὸν</span> <span class='ocrx_word' id='word_1_382' title='bbox 2869 739 3075 819; x_wconf 89' lang='grc' dir='ltr'>Πατέρα</span> <span class='ocrx_word' id='word_1_383' title='bbox 3128 745 3220 796; x_wconf 77' lang='grc' dir='ltr'>τοῦ</span> <span class='ocrx_word' id='word_1_384' title='bbox 3265 740 3388 797; x_wconf 74' lang='grc' dir='ltr'>1⁸ἱοῦ</span> <span class='ocrx_word' id='word_1_385' title='bbox 3460 735 3689 817; x_wconf 67' lang='grc' dir='ltr'>ὁμοφυές</span> <span class='ocrx_word' id='word_1_386' title='bbox 3757 757 3813 791; x_wconf 89' lang='grc' dir='ltr'>τε</span> 
     </span>
    </p>
   </div>
   <div class='ocr_carea' id='block_1_55' title="bbox 2166 825 3814 908">
    <p class='ocr_par' dir='ltr' id='par_1_55' title="bbox 2166 825 3814 908">
     <span class='ocr_line' id='line_1_55' title="bbox 2166 825 3814 908; baseline -0.002 -26"><span class='ocrx_word' id='word_1_387' title='bbox 2166 828 2254 885; x_wconf 80' lang='grc' dir='ltr'>καὶ</span> <span class='ocrx_word' id='word_1_388' title='bbox 2284 825 2640 908; x_wconf 84' lang='grc' dir='ltr'>ὁμοδύναμον,</span> <span class='ocrx_word' id='word_1_389' title='bbox 2697 829 2787 884; x_wconf 88' lang='grc' dir='ltr'>καὶ</span> <span class='ocrx_word' id='word_1_390' title='bbox 2845 828 2926 884; x_wconf 84' lang='grc' dir='ltr'>ὅτι</span> <span class='ocrx_word' id='word_1_391' title='bbox 2985 830 3012 885; x_wconf 88' lang='grc' dir='ltr'>ὃ</span> <span class='ocrx_word' id='word_1_392' title='bbox 3044 827 3104 883; x_wconf 78' lang='grc' dir='ltr'>ἂν</span> <span class='ocrx_word' id='word_1_393' title='bbox 3164 833 3294 904; x_wconf 77' lang='grc' dir='ltr'>ποιῇ</span> <span class='ocrx_word' id='word_1_394' title='bbox 3351 829 3412 883; x_wconf 88' lang='grc' dir='ltr'>τὸ</span> <span class='ocrx_word' id='word_1_395' title='bbox 3443 825 3497 882; x_wconf 77' lang='grc' dir='ltr'>ὲυ</span> <span class='ocrx_word' id='word_1_396' title='bbox 3526 831 3630 880; x_wconf 89' lang='grc' dir='ltr'>τῶν</span> <span class='ocrx_word' id='word_1_397' title='bbox 3661 830 3814 902; x_wconf 84' lang='grc' dir='ltr'>τριῶν</span> 
     </span>
    </p>
   </div>
   <div class='ocr_carea' id='block_1_56' title="bbox 2167 912 3810 994">
    <p class='ocr_par' dir='ltr' id='par_1_56' title="bbox 2167 912 3810 994">
     <span class='ocr_line' id='line_1_56' title="bbox 2167 912 3810 994; baseline -0.001 -23"><span class='ocrx_word' id='word_1_398' title='bbox 2167 917 2488 994; x_wconf 83' lang='grc' dir='ltr'>ἁγιαστικῶν</span> <span class='ocrx_word' id='word_1_399' title='bbox 2553 918 2914 991; x_wconf 82' lang='grc' dir='ltr'>ὑποστάσεων,</span> <span class='ocrx_word' id='word_1_400' title='bbox 2997 917 3172 974; x_wconf 84' lang='grc' dir='ltr'>κοινόν</span> <span class='ocrx_word' id='word_1_401' title='bbox 3226 916 3338 972; x_wconf 78' lang='grc' dir='ltr'>ἐστι</span> <span class='ocrx_word' id='word_1_402' title='bbox 3389 917 3478 972; x_wconf 85' lang='grc' dir='ltr'>καὶ</span> <span class='ocrx_word' id='word_1_403' title='bbox 3517 914 3623 970; x_wconf 84' lang='grc' dir='ltr'>τῶν</span> <span class='ocrx_word' id='word_1_404' title='bbox 3692 912 3810 970; x_wconf 88' lang='grc' dir='ltr'>λοι·-</span> 
     </span>
    </p>
   </div>
   <div class='ocr_carea' id='block_1_57' title="bbox 2166 1003 3811 1085">
    <p class='ocr_par' dir='ltr' id='par_1_57' title="bbox 2166 1003 3811 1085">
     <span class='ocr_line' id='line_1_57' title="bbox 2166 1003 3811 1085; baseline -0.001 -25"><span class='ocrx_word' id='word_1_405' title='bbox 2166 1005 2304 1067; x_wconf 87' lang='grc' dir='ltr'>πῶν.</span> <span class='ocrx_word' id='word_1_406' title='bbox 2345 1029 2372 1060; x_wconf 77' lang='grc' dir='ltr'>α</span> <span class='ocrx_word' id='word_1_407' title='bbox 2423 1007 2520 1064; x_wconf 82' lang='grc' dir='ltr'>Καὶ</span> <span class='ocrx_word' id='word_1_408' title='bbox 2551 1006 2602 1062; x_wconf 77' lang='grc' dir='ltr'>ἐν</span> <span class='ocrx_word' id='word_1_409' title='bbox 2661 1007 2830 1080; x_wconf 83' lang='grc' dir='ltr'>τούτῳ</span> <span class='ocrx_word' id='word_1_410' title='bbox 2885 1007 3239 1085; x_wconf 84' lang='grc' dir='ltr'>γινώσκομεν.</span> <span class='ocrx_word' id='word_1_411' title='bbox 3291 1027 3315 1061; x_wconf 77' lang='grc' dir='ltr'>ι</span> <span class='ocrx_word' id='word_1_412' title='bbox 3373 1005 3609 1084; x_wconf 82' lang='grc' dir='ltr'>Εἱρηκὼς</span> <span class='ocrx_word' id='word_1_413' title='bbox 3667 1003 3811 1058; x_wconf 84' lang='grc' dir='ltr'>ἀνω·-</span> 
     </span>
    </p>
   </div>
   <div class='ocr_carea' id='block_1_58' title="bbox 2165 1092 3811 1175">
    <p class='ocr_par' dir='ltr' id='par_1_58' title="bbox 2165 1092 3811 1175">
     <span class='ocr_line' id='line_1_58' title="bbox 2165 1092 3811 1175; baseline -0.004 -25"><span class='ocrx_word' id='word_1_414' title='bbox 2165 1093 2301 1172; x_wconf 89' lang='grc' dir='ltr'>τέρω</span> <span class='ocrx_word' id='word_1_415' title='bbox 2360 1096 2478 1157; x_wconf 84' lang='grc' dir='ltr'>τοὺς</span> <span class='ocrx_word' id='word_1_416' title='bbox 2525 1097 2597 1160; x_wconf 78' lang='grc' dir='ltr'>εἷς</span> <span class='ocrx_word' id='word_1_417' title='bbox 2655 1097 2746 1151; x_wconf 89' lang='grc' dir='ltr'>τὸν</span> <span class='ocrx_word' id='word_1_418' title='bbox 2805 1095 2990 1175; x_wconf 76' lang='grc' dir='ltr'>Κύριον</span> <span class='ocrx_word' id='word_1_419' title='bbox 3051 1093 3468 1158; x_wconf 71' lang='grc' dir='ltr'>πεπιστευκότας</span> <span class='ocrx_word' id='word_1_420' title='bbox 3540 1092 3811 1150; x_wconf 75' lang='grc' dir='ltr'>κοινωνίαν</span> 
     </span>
    </p>
   </div>
   <div class='ocr_carea' id='block_1_59' title="bbox 2169 1181 3810 1264">
    <p class='ocr_par' dir='ltr' id='par_1_59' title="bbox 2169 1181 3810 1264">
     <span class='ocr_line' id='line_1_59' title="bbox 2169 1181 3810 1264; baseline -0.005 -25"><span class='ocrx_word' id='word_1_421' title='bbox 2169 1181 2315 1263; x_wconf 75' lang='grc' dir='ltr'>ἔχειν</span> <span class='ocrx_word' id='word_1_422' title='bbox 2386 1186 2518 1264; x_wconf 83' lang='grc' dir='ltr'>πρὸς</span> <span class='ocrx_word' id='word_1_423' title='bbox 2593 1184 2770 1258; x_wconf 71' lang='grc' dir='ltr'>αὒτὸν,</span> <span class='ocrx_word' id='word_1_424' title='bbox 2857 1187 3175 1260; x_wconf 80' lang='grc' dir='ltr'>πιστωτικά,</span> <span class='ocrx_word' id='word_1_425' title='bbox 3235 1189 3332 1251; x_wconf 78' lang='grc' dir='ltr'>τῆς</span> <span class='ocrx_word' id='word_1_426' title='bbox 3384 1183 3656 1244; x_wconf 75' lang='grc' dir='ltr'>κοινωνίας</span> <span class='ocrx_word' id='word_1_427' title='bbox 3714 1183 3810 1249; x_wconf 79' lang='grc' dir='ltr'>τῆς</span> 
     </span>
    </p>
   </div>
   <div class='ocr_carea' id='block_1_60' title="bbox 2165 1268 3812 1353">
    <p class='ocr_par' dir='ltr' id='par_1_60' title="bbox 2165 1268 3812 1353">
     <span class='ocr_line' id='line_1_60' title="bbox 2165 1268 3812 1353; baseline -0.001 -26"><span class='ocrx_word' id='word_1_428' title='bbox 2165 1273 2295 1350; x_wconf 88' lang='grc' dir='ltr'>πρὸς</span> <span class='ocrx_word' id='word_1_429' title='bbox 2367 1274 2522 1330; x_wconf 72' lang='grc' dir='ltr'>αὐτὸν</span> <span class='ocrx_word' id='word_1_430' title='bbox 2579 1275 2915 1353; x_wconf 73' lang='grc' dir='ltr'>παρατίθεται</span> <span class='ocrx_word' id='word_1_431' title='bbox 2972 1281 3081 1347; x_wconf 79' lang='grc' dir='ltr'>νῦν,</span> <span class='ocrx_word' id='word_1_432' title='bbox 3153 1275 3242 1330; x_wconf 87' lang='grc' dir='ltr'>καί</span> <span class='ocrx_word' id='word_1_433' title='bbox 3311 1293 3496 1352; x_wconf 78' lang='grc' dir='ltr'>φησιν,</span> <span class='ocrx_word' id='word_1_434' title='bbox 3559 1268 3640 1326; x_wconf 81' lang='grc' dir='ltr'>ὅτι</span> <span class='ocrx_word' id='word_1_435' title='bbox 3715 1271 3812 1327; x_wconf 78' lang='grc' dir='ltr'>Καὶ</span> 
     </span>
    </p>
   </div>
   <div class='ocr_carea' id='block_1_61' title="bbox 2165 1348 3810 1442">
    <p class='ocr_par' dir='ltr' id='par_1_61' title="bbox 2165 1348 3810 1442">
     <span class='ocr_line' id='line_1_61' title="bbox 2165 1348 3810 1442; baseline 0 -27"><span class='ocrx_word' id='word_1_436' title='bbox 2165 1360 2218 1416; x_wconf 82' lang='grc' dir='ltr'>ἐν</span> <span class='ocrx_word' id='word_1_437' title='bbox 2264 1361 2432 1436; x_wconf 81' lang='grc' dir='ltr'>τούτῳ</span> <span class='ocrx_word' id='word_1_438' title='bbox 2485 1363 2840 1442; x_wconf 79' lang='grc' dir='ltr'>γινώσκομεν,</span> <span class='ocrx_word' id='word_1_439' title='bbox 2899 1362 2981 1420; x_wconf 82' lang='grc' dir='ltr'>ὅτι</span> <span class='ocrx_word' id='word_1_440' title='bbox 3039 1363 3344 1442; x_wconf 74' lang='grc' dir='ltr'>ἐγνώκαμεν</span> <span class='ocrx_word' id='word_1_441' title='bbox 3403 1360 3581 1422; x_wconf 71' lang='grc' dir='ltr'>αὐτόν,</span> <span class='ocrx_word' id='word_1_442' title='bbox 3645 1348 3810 1422; x_wconf 72' lang='grc' dir='ltr'>’Ἐθος</span> 
     </span>
    </p>
   </div>
   <div class='ocr_carea' id='block_1_62' title="bbox 2161 1445 3811 1530">
    <p class='ocr_par' dir='ltr' id='par_1_62' title="bbox 2161 1445 3811 1530">
     <span class='ocr_line' id='line_1_62' title="bbox 2161 1445 3811 1530; baseline -0.002 -26"><span class='ocrx_word' id='word_1_443' title='bbox 2161 1451 2260 1528; x_wconf 82' lang='grc' dir='ltr'>γὰρ</span> <span class='ocrx_word' id='word_1_444' title='bbox 2358 1457 2435 1525; x_wconf 84' lang='grc' dir='ltr'>τῷ</span> <span class='ocrx_word' id='word_1_445' title='bbox 2521 1452 2763 1529; x_wconf 83' lang='grc' dir='ltr'>μακαρίῳ</span> <span class='ocrx_word' id='word_1_446' title='bbox 2846 1452 3015 1525; x_wconf 84' lang='grc' dir='ltr'>τούτῳ</span> <span class='ocrx_word' id='word_1_447' title='bbox 3084 1449 3225 1530; x_wconf 82' lang='grc' dir='ltr'>ἀνδρὶ</span> <span class='ocrx_word' id='word_1_448' title='bbox 3295 1462 3418 1512; x_wconf 75' lang='grc' dir='ltr'>ταῖς</span> <span class='ocrx_word' id='word_1_449' title='bbox 3489 1445 3811 1523; x_wconf 84' lang='grc' dir='ltr'>ὁμωνυμίαις</span> 
     </span>
    </p>
   </div>
   <div class='ocr_carea' id='block_1_63' title="bbox 2163 1535 3812 1621">
    <p class='ocr_par' dir='ltr' id='par_1_63' title="bbox 2163 1535 3812 1621">
     <span class='ocr_line' id='line_1_63' title="bbox 2163 1535 3812 1621; baseline -0.005 -24"><span class='ocrx_word' id='word_1_450' title='bbox 2163 1543 2392 1618; x_wconf 77' lang='grc' dir='ltr'>χρῆσθαι</span> <span class='ocrx_word' id='word_1_451' title='bbox 2454 1543 2589 1597; x_wconf 86' lang='grc' dir='ltr'>κατά</span> <span class='ocrx_word' id='word_1_452' title='bbox 2644 1543 2856 1616; x_wconf 85' lang='grc' dir='ltr'>ταυτὸν,</span> <span class='ocrx_word' id='word_1_453' title='bbox 2912 1542 3090 1621; x_wconf 83' lang='grc' dir='ltr'>ὥσπερ</span> <span class='ocrx_word' id='word_1_454' title='bbox 3161 1542 3248 1598; x_wconf 78' lang='grc' dir='ltr'>καὶ</span> <span class='ocrx_word' id='word_1_455' title='bbox 3292 1539 3347 1595; x_wconf 82' lang='grc' dir='ltr'>ἐν</span> <span class='ocrx_word' id='word_1_456' title='bbox 3389 1545 3489 1613; x_wconf 82' lang='grc' dir='ltr'>τῷ,</span> <span class='ocrx_word' id='word_1_457' title='bbox 3551 1557 3575 1593; x_wconf 73' lang='grc' dir='ltr'>ι</span> <span class='ocrx_word' id='word_1_458' title='bbox 3642 1535 3695 1591; x_wconf 80' lang='grc' dir='ltr'>ὲν</span> <span class='ocrx_word' id='word_1_459' title='bbox 3735 1541 3812 1608; x_wconf 86' lang='grc' dir='ltr'>τῷ</span> 
     </span>
    </p>
   </div>
   <div class='ocr_carea' id='block_1_64' title="bbox 2163 1624 3811 1706">
    <p class='ocr_par' dir='ltr' id='par_1_64' title="bbox 2163 1624 3811 1706">
     <span class='ocr_line' id='line_1_64' title="bbox 2163 1624 3811 1706; baseline -0.008 -16"><span class='ocrx_word' id='word_1_460' title='bbox 2163 1627 2350 1703; x_wconf 80' lang='grc' dir='ltr'>κόσμῳ</span> <span class='ocrx_word' id='word_1_461' title='bbox 2391 1629 2481 1702; x_wconf 76' lang='grc' dir='ltr'>ἦν,</span> <span class='ocrx_word' id='word_1_462' title='bbox 2529 1631 2616 1686; x_wconf 86' lang='grc' dir='ltr'>καὶ</span> <span class='ocrx_word' id='word_1_463' title='bbox 2676 1633 2704 1686; x_wconf 84' lang='grc' dir='ltr'>ὁ</span> <span class='ocrx_word' id='word_1_464' title='bbox 2745 1631 2945 1706; x_wconf 83' lang='grc' dir='ltr'>κόσμος</span> <span class='ocrx_word' id='word_1_465' title='bbox 3003 1627 3070 1685; x_wconf 82' lang='grc' dir='ltr'>δι’</span> <span class='ocrx_word' id='word_1_466' title='bbox 3132 1631 3286 1686; x_wconf 76' lang='grc' dir='ltr'>αὐτοῦ</span> <span class='ocrx_word' id='word_1_467' title='bbox 3345 1627 3577 1705; x_wconf 79' lang='grc' dir='ltr'>ἐγένετο,</span> <span class='ocrx_word' id='word_1_468' title='bbox 3639 1625 3728 1680; x_wconf 89' lang='grc' dir='ltr'>καὶ</span> <span class='ocrx_word' id='word_1_469' title='bbox 3783 1624 3811 1677; x_wconf 88' lang='lat'>6</span> 
     </span>
    </p>
   </div>
   <div class='ocr_carea' id='block_1_65' title="bbox 2163 1717 3811 1798">
    <p class='ocr_par' dir='ltr' id='par_1_65' title="bbox 2163 1717 3811 1798">
     <span class='ocr_line' id='line_1_65' title="bbox 2163 1717 3811 1798; baseline 0.002 -26"><span class='ocrx_word' id='word_1_470' title='bbox 2163 1717 2364 1792; x_wconf 80' lang='grc' dir='ltr'>κόσμος</span> <span class='ocrx_word' id='word_1_471' title='bbox 2398 1717 2553 1774; x_wconf 73' lang='grc' dir='ltr'>αὐτὸν</span> <span class='ocrx_word' id='word_1_472' title='bbox 2585 1721 2677 1776; x_wconf 74' lang='grc' dir='ltr'>οὒκ</span> <span class='ocrx_word' id='word_1_473' title='bbox 2705 1717 2859 1798; x_wconf 77' lang='grc' dir='ltr'>ἔγνω,</span> <span class='ocrx_word' id='word_1_474' title='bbox 2901 1742 2925 1776; x_wconf 72' lang='grc' dir='ltr'>ε</span> <span class='ocrx_word' id='word_1_475' title='bbox 2990 1717 3168 1783; x_wconf 73' lang='grc' dir='ltr'>Οὕτως</span> <span class='ocrx_word' id='word_1_476' title='bbox 3226 1717 3314 1773; x_wconf 78' lang='grc' dir='ltr'>οὗν</span> <span class='ocrx_word' id='word_1_477' title='bbox 3361 1717 3449 1772; x_wconf 86' lang='grc' dir='ltr'>καὶ</span> <span class='ocrx_word' id='word_1_478' title='bbox 3479 1725 3567 1775; x_wconf 78' lang='grc' dir='ltr'>νῦν</span> <span class='ocrx_word' id='word_1_479' title='bbox 3610 1717 3811 1793; x_wconf 72' lang='grc' dir='ltr'>χρῆται</span> 
     </span>
    </p>
   </div>
   <div class='ocr_carea' id='block_1_66' title="bbox 2163 1795 3814 1886">
    <p class='ocr_par' dir='ltr' id='par_1_66' title="bbox 2163 1795 3814 1886">
     <span class='ocr_line' id='line_1_66' title="bbox 2163 1795 3814 1886; baseline -0.014 -5"><span class='ocrx_word' id='word_1_480' title='bbox 2163 1812 2260 1880; x_wconf 64' lang='grc' dir='ltr'>τῷ)</span> <span class='ocrx_word' id='word_1_481' title='bbox 2296 1795 2507 1884; x_wconf 70' lang='grc' dir='ltr'>”ιίγνω.</span> <span class='ocrx_word' id='word_1_482' title='bbox 2541 1809 2612 1866; x_wconf 70' lang='grc' dir='ltr'>Τὸ</span> <span class='ocrx_word' id='word_1_483' title='bbox 2643 1805 2722 1881; x_wconf 67' lang='grc' dir='ltr'>δὲ,</span> <span class='ocrx_word' id='word_1_484' title='bbox 2781 1807 2903 1867; x_wconf 69' lang='grc' dir='ltr'>’Ὁτι</span> <span class='ocrx_word' id='word_1_485' title='bbox 2962 1807 3268 1886; x_wconf 73' lang='grc' dir='ltr'>ἐγνώκαμεν</span> <span class='ocrx_word' id='word_1_486' title='bbox 3321 1806 3501 1876; x_wconf 72' lang='grc' dir='ltr'>αὐτὸν,</span> <span class='ocrx_word' id='word_1_487' title='bbox 3559 1803 3672 1859; x_wconf 80' lang='grc' dir='ltr'>ἀντὶ</span> <span class='ocrx_word' id='word_1_488' title='bbox 3723 1810 3814 1858; x_wconf 76' lang='grc' dir='ltr'>τοῦ</span> 
     </span>
    </p>
   </div>
   <div class='ocr_carea' id='block_1_67' title="bbox 2166 1889 3811 1976">
    <p class='ocr_par' dir='ltr' id='par_1_67' title="bbox 2166 1889 3811 1976">
     <span class='ocr_line' id='line_1_67' title="bbox 2166 1889 3811 1976; baseline -0.005 -25"><span class='ocrx_word' id='word_1_489' title='bbox 2166 1893 2247 1951; x_wconf 81' lang='grc' dir='ltr'>ὅτι</span> <span class='ocrx_word' id='word_1_490' title='bbox 2304 1896 2758 1976; x_wconf 65' lang='grc' dir='ltr'>συνανεκρέθημεν</span> <span class='ocrx_word' id='word_1_491' title='bbox 2815 1900 2956 1972; x_wconf 75' lang='grc' dir='ltr'>αὖτῷ</span> <span class='ocrx_word' id='word_1_492' title='bbox 3025 1898 3078 1953; x_wconf 81' lang='grc' dir='ltr'>ἐν</span> <span class='ocrx_word' id='word_1_493' title='bbox 3149 1897 3322 1969; x_wconf 69' lang='grc' dir='ltr'>τούτῳ</span> <span class='ocrx_word' id='word_1_494' title='bbox 3377 1893 3702 1967; x_wconf 71' lang='grc' dir='ltr'>ἐπιστάμεθα</span> <span class='ocrx_word' id='word_1_495' title='bbox 3758 1889 3811 1944; x_wconf 81' lang='grc' dir='ltr'>ἐν</span> 
     </span>
    </p>
   </div>
   <div class='ocr_carea' id='block_1_68' title="bbox 2166 1983 3812 2066">
    <p class='ocr_par' dir='ltr' id='par_1_68' title="bbox 2166 1983 3812 2066">
     <span class='ocr_line' id='line_1_68' title="bbox 2166 1983 3812 2066; baseline 0.002 -28"><span class='ocrx_word' id='word_1_496' title='bbox 2166 1989 2243 2058; x_wconf 83' lang='grc' dir='ltr'>τῷ</span> <span class='ocrx_word' id='word_1_497' title='bbox 2284 1984 2378 2048; x_wconf 81' lang='grc' dir='ltr'>τὰς</span> <span class='ocrx_word' id='word_1_498' title='bbox 2421 1983 2634 2051; x_wconf 83' lang='grc' dir='ltr'>ἐντολὰς</span> <span class='ocrx_word' id='word_1_499' title='bbox 2686 1986 2845 2044; x_wconf 68' lang='grc' dir='ltr'>αὑτοῦ</span> <span class='ocrx_word' id='word_1_500' title='bbox 2886 2000 3089 2066; x_wconf 76' lang='grc' dir='ltr'>τηρεῖν.</span> <span class='ocrx_word' id='word_1_501' title='bbox 3143 1987 3244 2042; x_wconf 80' lang='grc' dir='ltr'>Δύο</span> <span class='ocrx_word' id='word_1_502' title='bbox 3304 1986 3402 2063; x_wconf 76' lang='grc' dir='ltr'>γὰρ</span> <span class='ocrx_word' id='word_1_503' title='bbox 3461 1983 3812 2058; x_wconf 80' lang='grc' dir='ltr'>σημαίνοντος</span> 
     </span>
    </p>
   </div>
   <div class='ocr_carea' id='block_1_69' title="bbox 2171 2068 3810 2155">
    <p class='ocr_par' dir='ltr' id='par_1_69' title="bbox 2171 2068 3810 2155">
     <span class='ocr_line' id='line_1_69' title="bbox 2171 2068 3810 2155; baseline -0.004 -27"><span class='ocrx_word' id='word_1_504' title='bbox 2171 2071 2401 2148; x_wconf 84' lang='grc' dir='ltr'>μάλιστα</span> <span class='ocrx_word' id='word_1_505' title='bbox 2469 2074 2608 2152; x_wconf 88' lang='grc' dir='ltr'>παρά</span> <span class='ocrx_word' id='word_1_506' title='bbox 2677 2081 2745 2147; x_wconf 77' lang='grc' dir='ltr'>τῇ</span> <span class='ocrx_word' id='word_1_507' title='bbox 2813 2075 2922 2148; x_wconf 81' lang='grc' dir='ltr'>θείᾳ</span> <span class='ocrx_word' id='word_1_508' title='bbox 2994 2075 3322 2155; x_wconf 36' lang='grc' dir='ltr'>Γραφῇ-τοῖ’)</span> <span class='ocrx_word' id='word_1_509' title='bbox 3375 2072 3676 2151; x_wconf 75' lang='grc' dir='ltr'>γινώσκειν,</span> <span class='ocrx_word' id='word_1_510' title='bbox 3749 2068 3810 2122; x_wconf 84' lang='grc' dir='ltr'>τό</span> 
     </span>
    </p>
   </div>
   <div class='ocr_carea' id='block_1_70' title="bbox 2164 2153 3808 2242">
    <p class='ocr_par' dir='ltr' id='par_1_70' title="bbox 2164 2153 3808 2242">
     <span class='ocr_line' id='line_1_70' title="bbox 2164 2153 3808 2242; baseline -0.004 -26"><span class='ocrx_word' id='word_1_511' title='bbox 2164 2182 2221 2216; x_wconf 87' lang='grc' dir='ltr'>τε</span> <span class='ocrx_word' id='word_1_512' title='bbox 2277 2161 2578 2218; x_wconf 82' lang='grc' dir='ltr'>ἐπίστασθαί</span> <span class='ocrx_word' id='word_1_513' title='bbox 2620 2186 2690 2236; x_wconf 87' lang='grc' dir='ltr'>τι,</span> <span class='ocrx_word' id='word_1_514' title='bbox 2756 2165 2828 2226; x_wconf 81' lang='grc' dir='ltr'>ὡς</span> <span class='ocrx_word' id='word_1_515' title='bbox 2872 2163 2926 2220; x_wconf 84' lang='grc' dir='ltr'>ἐν</span> <span class='ocrx_word' id='word_1_516' title='bbox 2969 2153 3071 2238; x_wconf 75' lang='grc' dir='ltr'>τῷ,</span> <span class='ocrx_word' id='word_1_517' title='bbox 3115 2153 3146 2217; x_wconf 14' lang='grc' dir='ltr'>γε</span> <span class='ocrx_word' id='word_1_518' title='bbox 3185 2153 3405 2242; x_wconf 69' lang='grc' dir='ltr'>’Ἐγνων</span> <span class='ocrx_word' id='word_1_519' title='bbox 3462 2159 3542 2216; x_wconf 80' lang='grc' dir='ltr'>ὅτι</span> <span class='ocrx_word' id='word_1_520' title='bbox 3596 2158 3808 2228; x_wconf 79' lang='grc' dir='ltr'>ποιήσει</span> 
     </span>
    </p>
   </div>
   <div class='ocr_carea' id='block_1_71' title="bbox 2167 2245 3811 2332">
    <p class='ocr_par' dir='ltr' id='par_1_71' title="bbox 2167 2245 3811 2332">
     <span class='ocr_line' id='line_1_71' title="bbox 2167 2245 3811 2332; baseline -0.005 -24"><span class='ocrx_word' id='word_1_521' title='bbox 2167 2250 2354 2329; x_wconf 82' lang='grc' dir='ltr'>Κύριος</span> <span class='ocrx_word' id='word_1_522' title='bbox 2413 2251 2510 2318; x_wconf 74' lang='grc' dir='ltr'>τὴν</span> <span class='ocrx_word' id='word_1_523' title='bbox 2565 2253 2732 2330; x_wconf 78' lang='grc' dir='ltr'>κρίσιν</span> <span class='ocrx_word' id='word_1_524' title='bbox 2804 2259 2909 2308; x_wconf 86' lang='grc' dir='ltr'>τῶν</span> <span class='ocrx_word' id='word_1_525' title='bbox 2991 2259 3249 2332; x_wconf 77' lang='grc' dir='ltr'>πτωχῶν.</span> <span class='ocrx_word' id='word_1_526' title='bbox 3302 2275 3330 2306; x_wconf 72' lang='grc' dir='ltr'>ι)</span> <span class='ocrx_word' id='word_1_527' title='bbox 3409 2251 3506 2308; x_wconf 84' lang='grc' dir='ltr'>Καὶ</span> <span class='ocrx_word' id='word_1_528' title='bbox 3588 2245 3654 2315; x_wconf 62' lang='grc' dir='ltr'>δὴ</span> <span class='ocrx_word' id='word_1_529' title='bbox 3724 2246 3811 2302; x_wconf 87' lang='grc' dir='ltr'>καὶ</span> 
     </span>
    </p>
   </div>
   <div class='ocr_carea' id='block_1_72' title="bbox 2164 2335 3798 2420">
    <p class='ocr_par' dir='ltr' id='par_1_72' title="bbox 2164 2335 3798 2420">
     <span class='ocr_line' id='line_1_72' title="bbox 2164 2335 3798 2420; baseline -0.01 -15"><span class='ocrx_word' id='word_1_530' title='bbox 2164 2343 2264 2405; x_wconf 69' lang='grc' dir='ltr'>τῆς</span> <span class='ocrx_word' id='word_1_531' title='bbox 2343 2338 2632 2404; x_wconf 74' lang='grc' dir='ltr'>παντελοῦς</span> <span class='ocrx_word' id='word_1_532' title='bbox 2702 2341 2832 2417; x_wconf 70' lang='grc' dir='ltr'>πρός</span> <span class='ocrx_word' id='word_1_533' title='bbox 2915 2364 3032 2398; x_wconf 88' lang='grc' dir='ltr'>τινα</span> <span class='ocrx_word' id='word_1_534' title='bbox 3104 2341 3466 2420; x_wconf 68' lang='grc' dir='ltr'>ἀνακράσεως,</span> <span class='ocrx_word' id='word_1_535' title='bbox 3551 2335 3798 2415; x_wconf 89' lang='grc' dir='ltr'>γνώσεως</span> 
     </span>
    </p>
   </div>
   <div class='ocr_carea' id='block_1_73' title="bbox 2167 2422 3806 2506">
    <p class='ocr_par' dir='ltr' id='par_1_73' title="bbox 2167 2422 3806 2506">
     <span class='ocr_line' id='line_1_73' title="bbox 2167 2422 3806 2506; baseline 0.002 -25"><span class='ocrx_word' id='word_1_536' title='bbox 2167 2425 2487 2504; x_wconf 78' lang='grc' dir='ltr'>λεγομένης,</span> <span class='ocrx_word' id='word_1_537' title='bbox 2547 2429 2619 2493; x_wconf 84' lang='grc' dir='ltr'>ὡς</span> <span class='ocrx_word' id='word_1_538' title='bbox 2681 2429 2734 2484; x_wconf 80' lang='grc' dir='ltr'>ἐν</span> <span class='ocrx_word' id='word_1_539' title='bbox 2776 2430 2875 2504; x_wconf 81' lang='grc' dir='ltr'>τῷ,</span> <span class='ocrx_word' id='word_1_540' title='bbox 2937 2431 3188 2486; x_wconf 89' lang='grc' dir='ltr'>Γινώσκει</span> <span class='ocrx_word' id='word_1_541' title='bbox 3253 2429 3438 2506; x_wconf 82' lang='grc' dir='ltr'>Κύριος</span> <span class='ocrx_word' id='word_1_542' title='bbox 3497 2427 3590 2490; x_wconf 81' lang='grc' dir='ltr'>τὰς</span> <span class='ocrx_word' id='word_1_543' title='bbox 3661 2422 3806 2485; x_wconf 70' lang='grc' dir='ltr'>ὁδοὺς</span> 
     </span>
    </p>
   </div>
   <div class='ocr_carea' id='block_1_74' title="bbox 2166 2515 3250 2592">
    <p class='ocr_par' dir='ltr' id='par_1_74' title="bbox 2166 2515 3250 2592">
     <span class='ocr_line' id='line_1_74' title="bbox 2166 2515 3250 2592; baseline 0.005 -19"><span class='ocrx_word' id='word_1_544' title='bbox 2166 2523 2272 2573; x_wconf 87' lang='grc' dir='ltr'>τῶν</span> <span class='ocrx_word' id='word_1_545' title='bbox 2357 2515 2617 2592; x_wconf 82' lang='grc' dir='ltr'>ἀμώμων,</span> <span class='ocrx_word' id='word_1_546' title='bbox 2690 2521 2776 2574; x_wconf 87' lang='grc' dir='ltr'>καὶ</span> <span class='ocrx_word' id='word_1_547' title='bbox 2851 2523 2923 2583; x_wconf 85' lang='grc' dir='ltr'>ὡς</span> <span class='ocrx_word' id='word_1_548' title='bbox 2996 2519 3201 2582; x_wconf 81' lang='grc' dir='ltr'>Παῦλος</span> <span class='ocrx_word' id='word_1_549' title='bbox 3235 2538 3250 2553; x_wconf 89' lang='grc'>⁶</span> 
     </span>
    </p>
   </div>
   <div class='ocr_carea' id='block_1_75' title="bbox 2166 2604 3809 2689">
    <p class='ocr_par' dir='ltr' id='par_1_75' title="bbox 2166 2604 3809 2689">
     <span class='ocr_line' id='line_1_75' title="bbox 2166 2604 3809 2689; baseline -0.001 -28"><span class='ocrx_word' id='word_1_550' title='bbox 2166 2609 2306 2681; x_wconf 81' lang='grc' dir='ltr'>ἡμᾶς</span> <span class='ocrx_word' id='word_1_551' title='bbox 2378 2609 2506 2686; x_wconf 75' lang='grc' dir='ltr'>φησί</span> <span class='ocrx_word' id='word_1_552' title='bbox 2561 2609 2653 2663; x_wconf 86' lang='grc' dir='ltr'>τὸν</span> <span class='ocrx_word' id='word_1_553' title='bbox 2716 2611 2868 2689; x_wconf 90' lang='grc' dir='ltr'>Θεὸν,</span> <span class='ocrx_word' id='word_1_554' title='bbox 2943 2612 3113 2672; x_wconf 84' lang='grc' dir='ltr'>καθὼς</span> <span class='ocrx_word' id='word_1_555' title='bbox 3171 2612 3258 2666; x_wconf 86' lang='grc' dir='ltr'>καὶ</span> <span class='ocrx_word' id='word_1_556' title='bbox 3321 2605 3409 2664; x_wconf 80' lang='grc' dir='ltr'>ὑπ’</span> <span class='ocrx_word' id='word_1_557' title='bbox 3484 2609 3638 2664; x_wconf 72' lang='grc' dir='ltr'>αὖτού</span> <span class='ocrx_word' id='word_1_558' title='bbox 3705 2604 3809 2659; x_wconf 80' lang='grc' dir='ltr'>ἐπ-</span> 
     </span>
    </p>
   </div>
   <div class='ocr_carea' id='block_1_76' title="bbox 2167 2688 3805 2774">
    <p class='ocr_par' dir='ltr' id='par_1_76' title="bbox 2167 2688 3805 2774">
     <span class='ocr_line' id='line_1_76' title="bbox 2167 2688 3805 2774; baseline -0.004 -23"><span class='ocrx_word' id='word_1_559' title='bbox 2167 2696 2494 2774; x_wconf 86' lang='grc' dir='ltr'>εγνώσμεθα.</span> <span class='ocrx_word' id='word_1_560' title='bbox 2533 2719 2560 2751; x_wconf 66' lang='grc' dir='ltr'><strong><em>ι</em></strong></span> <span class='ocrx_word' id='word_1_561' title='bbox 2629 2688 2896 2762; x_wconf 62' lang='grc' dir='ltr'>Ὡσαύτως</span> <span class='ocrx_word' id='word_1_562' title='bbox 2940 2696 2994 2754; x_wconf 81' lang='grc' dir='ltr'>δὲ</span> <span class='ocrx_word' id='word_1_563' title='bbox 3052 2701 3138 2756; x_wconf 84' lang='grc' dir='ltr'>καὶ</span> <span class='ocrx_word' id='word_1_564' title='bbox 3191 2709 3283 2758; x_wconf 75' lang='grc' dir='ltr'>τοῦ</span> <span class='ocrx_word' id='word_1_565' title='bbox 3326 2697 3560 2754; x_wconf 77' lang='grc' dir='ltr'>ἐναντίου</span> <span class='ocrx_word' id='word_1_566' title='bbox 3615 2695 3805 2765; x_wconf 56' lang='grc' dir='ltr'>τούτῳ,</span> 
     </span>
    </p>
   </div>
   <div class='ocr_carea' id='block_1_77' title="bbox 2164 2783 3808 2868">
    <p class='ocr_par' dir='ltr' id='par_1_77' title="bbox 2164 2783 3808 2868">
     <span class='ocr_line' id='line_1_77' title="bbox 2164 2783 3808 2868; baseline -0.004 -26"><span class='ocrx_word' id='word_1_567' title='bbox 2164 2785 2400 2842; x_wconf 82' lang='grc' dir='ltr'>τουτέστι</span> <span class='ocrx_word' id='word_1_568' title='bbox 2453 2795 2545 2844; x_wconf 83' lang='grc' dir='ltr'>τοῦ</span> <span class='ocrx_word' id='word_1_569' title='bbox 2623 2787 2859 2864; x_wconf 75' lang='grc' dir='ltr'>ἀγνοεῖν,</span> <span class='ocrx_word' id='word_1_570' title='bbox 2931 2787 3098 2868; x_wconf 76' lang='grc' dir='ltr'>διχῶς</span> <span class='ocrx_word' id='word_1_571' title='bbox 3171 2786 3473 2863; x_wconf 63' lang='grc' dir='ltr'>νοουμένο),</span> <span class='ocrx_word' id='word_1_572' title='bbox 3534 2784 3657 2864; x_wconf 83' lang='grc' dir='ltr'>(μία</span> <span class='ocrx_word' id='word_1_573' title='bbox 3711 2783 3808 2860; x_wconf 77' lang='grc' dir='ltr'>γὰρ</span> 
     </span>
    </p>
   </div>
   <div class='ocr_carea' id='block_1_78' title="bbox 2164 2873 3808 2952">
    <p class='ocr_par' dir='ltr' id='par_1_78' title="bbox 2164 2873 3808 2952">
     <span class='ocr_line' id='line_1_78' title="bbox 2164 2873 3808 2952; baseline 0.002 -22"><span class='ocrx_word' id='word_1_574' title='bbox 2164 2875 2238 2938; x_wconf 84' lang='grc' dir='ltr'>ὡς</span> <span class='ocrx_word' id='word_1_575' title='bbox 2269 2875 2354 2930; x_wconf 85' lang='grc' dir='ltr'>καὶ</span> <span class='ocrx_word' id='word_1_576' title='bbox 2395 2887 2512 2938; x_wconf 73' lang='grc' dir='ltr'>τοῖς</span> <span class='ocrx_word' id='word_1_577' title='bbox 2544 2873 2642 2940; x_wconf 71' lang='grc' dir='ltr'>ἔξω</span> <span class='ocrx_word' id='word_1_578' title='bbox 2692 2873 2862 2950; x_wconf 75' lang='grc' dir='ltr'>δοκεῖ,</span> <span class='ocrx_word' id='word_1_579' title='bbox 2910 2877 2946 2945; x_wconf 74' lang='grc' dir='ltr'><strong>ἢ</strong></span> <span class='ocrx_word' id='word_1_580' title='bbox 3003 2883 3108 2933; x_wconf 88' lang='grc' dir='ltr'>τῶν</span> <span class='ocrx_word' id='word_1_581' title='bbox 3165 2876 3537 2951; x_wconf 83' lang='grc' dir='ltr'>ἀντικειμένων</span> <span class='ocrx_word' id='word_1_582' title='bbox 3568 2875 3808 2952; x_wconf 77' lang='grc' dir='ltr'>γνῶσις,)</span> 
     </span>
    </p>
   </div>
   <div class='ocr_carea' id='block_1_79' title="bbox 2163 2960 3804 3044">
    <p class='ocr_par' dir='ltr' id='par_1_79' title="bbox 2163 2960 3804 3044">
     <span class='ocr_line' id='line_1_79' title="bbox 2163 2960 3804 3044; baseline -0.002 -26"><span class='ocrx_word' id='word_1_583' title='bbox 2163 2963 2300 3020; x_wconf 85' lang='grc' dir='ltr'>κατά</span> <span class='ocrx_word' id='word_1_584' title='bbox 2367 2973 2522 3021; x_wconf 78' lang='grc' dir='ltr'>τοῦτο</span> <span class='ocrx_word' id='word_1_585' title='bbox 2589 2971 2675 3019; x_wconf 79' lang='grc' dir='ltr'>νῦν</span> <span class='ocrx_word' id='word_1_586' title='bbox 2733 2966 2816 3020; x_wconf 84' lang='grc' dir='ltr'>καὶ</span> <span class='ocrx_word' id='word_1_587' title='bbox 2870 2968 2931 3022; x_wconf 92' lang='grc' dir='ltr'>τὸ</span> <span class='ocrx_word' id='word_1_588' title='bbox 2985 2967 3266 3022; x_wconf 88' lang='grc' dir='ltr'>Γινώσκειν</span> <span class='ocrx_word' id='word_1_589' title='bbox 3322 2963 3492 3044; x_wconf 78' lang='grc' dir='ltr'>διχῶς</span> <span class='ocrx_word' id='word_1_590' title='bbox 3552 2960 3804 3028; x_wconf 74' lang='grc' dir='ltr'>εἴληπται</span> 
     </span>
    </p>
   </div>
   <div class='ocr_carea' id='block_1_80' title="bbox 2165 3051 3795 3132">
    <p class='ocr_par' dir='ltr' id='par_1_80' title="bbox 2165 3051 3795 3132">
     <span class='ocr_line' id='line_1_80' title="bbox 2165 3051 3795 3132; baseline -0.002 -26"><span class='ocrx_word' id='word_1_591' title='bbox 2165 3051 2403 3125; x_wconf 77' lang='grc' dir='ltr'>ἐνταῦθα,</span> <span class='ocrx_word' id='word_1_592' title='bbox 2445 3074 2472 3106; x_wconf 73' lang='grc' dir='ltr'>α</span> <span class='ocrx_word' id='word_1_593' title='bbox 2507 3053 2578 3110; x_wconf 87' lang='grc' dir='ltr'>Τὸ</span> <span class='ocrx_word' id='word_1_594' title='bbox 2622 3053 2720 3128; x_wconf 79' lang='grc' dir='ltr'>μὲν</span> <span class='ocrx_word' id='word_1_595' title='bbox 2776 3055 2898 3132; x_wconf 80' lang='grc' dir='ltr'>γὰρ,</span> <span class='ocrx_word' id='word_1_596' title='bbox 2953 3075 2975 3109; x_wconf 74' lang='grc' dir='ltr'>α</span> <span class='ocrx_word' id='word_1_597' title='bbox 3013 3055 3100 3112; x_wconf 86' lang='grc' dir='ltr'>Ἐν</span> <span class='ocrx_word' id='word_1_598' title='bbox 3155 3055 3325 3126; x_wconf 80' lang='grc' dir='ltr'>τούτῳ</span> <span class='ocrx_word' id='word_1_599' title='bbox 3379 3053 3731 3131; x_wconf 82' lang='grc' dir='ltr'>γινώσκομεν,</span> <span class='ocrx_word' id='word_1_600' title='bbox 3773 3070 3795 3103; x_wconf 77' lang='grc' dir='ltr'>ιι</span> 
     </span>
    </p>
   </div>
   <div class='ocr_carea' id='block_1_81' title="bbox 2161 3136 3804 3222">
    <p class='ocr_par' dir='ltr' id='par_1_81' title="bbox 2161 3136 3804 3222">
     <span class='ocr_line' id='line_1_81' title="bbox 2161 3136 3804 3222; baseline -0.002 -28"><span class='ocrx_word' id='word_1_601' title='bbox 2161 3139 2298 3194; x_wconf 85' lang='grc' dir='ltr'>κατά</span> <span class='ocrx_word' id='word_1_602' title='bbox 2326 3141 2386 3194; x_wconf 90' lang='grc' dir='ltr'>τὸ</span> <span class='ocrx_word' id='word_1_603' title='bbox 2433 3139 2736 3197; x_wconf 81' lang='grc' dir='ltr'>ἐπίστασθαι</span> <span class='ocrx_word' id='word_1_604' title='bbox 2770 3158 2782 3170; x_wconf 91' lang='grc'><strong>·</strong></span> <span class='ocrx_word' id='word_1_605' title='bbox 2829 3145 2890 3198; x_wconf 90' lang='grc' dir='ltr'>τὸ</span> <span class='ocrx_word' id='word_1_606' title='bbox 2945 3141 3022 3217; x_wconf 79' lang='grc' dir='ltr'>δὲ,</span> <span class='ocrx_word' id='word_1_607' title='bbox 3059 3140 3399 3222; x_wconf 82' lang='grc' dir='ltr'>Ἐγνώκαμεν</span> <span class='ocrx_word' id='word_1_608' title='bbox 3457 3141 3635 3210; x_wconf 75' lang='grc' dir='ltr'>αὒτὸν,</span> <span class='ocrx_word' id='word_1_609' title='bbox 3671 3136 3804 3195; x_wconf 84' lang='grc' dir='ltr'>κατά</span> 
     </span>
    </p>
   </div>
   <div class='ocr_carea' id='block_1_82' title="bbox 2159 3227 3806 3314">
    <p class='ocr_par' dir='ltr' id='par_1_82' title="bbox 2159 3227 3806 3314">
     <span class='ocr_line' id='line_1_82' title="bbox 2159 3227 3806 3314; baseline -0.003 -26"><span class='ocrx_word' id='word_1_610' title='bbox 2159 3231 2243 3304; x_wconf 83' lang='grc' dir='ltr'>τὸ,</span> <span class='ocrx_word' id='word_1_611' title='bbox 2308 3229 2698 3307; x_wconf 79' lang='grc' dir='ltr'>Ἀνεκράθημεν</span> <span class='ocrx_word' id='word_1_612' title='bbox 2755 3233 2913 3309; x_wconf 68' lang='grc' dir='ltr'>αὐτῷ.</span> <span class='ocrx_word' id='word_1_613' title='bbox 2982 3227 3038 3294; x_wconf 68' lang='grc' dir='ltr'><strong>Ὀ</strong></span> <span class='ocrx_word' id='word_1_614' title='bbox 3083 3236 3180 3314; x_wconf 75' lang='grc' dir='ltr'>γὰρ</span> <span class='ocrx_word' id='word_1_615' title='bbox 3237 3239 3503 3291; x_wconf 86' lang='grc' dir='ltr'>κοινωνῶν</span> <span class='ocrx_word' id='word_1_616' title='bbox 3546 3255 3670 3306; x_wconf 87' lang='grc' dir='ltr'>τινι,</span> <span class='ocrx_word' id='word_1_617' title='bbox 3717 3229 3806 3286; x_wconf 87' lang='grc' dir='ltr'>καὶ</span> 
     </span>
    </p>
   </div>
   <div class='ocr_carea' id='block_1_83' title="bbox 2161 3319 3800 3399">
    <p class='ocr_par' dir='ltr' id='par_1_83' title="bbox 2161 3319 3800 3399">
     <span class='ocr_line' id='line_1_83' title="bbox 2161 3319 3800 3399; baseline 0 -24"><span class='ocrx_word' id='word_1_618' title='bbox 2161 3319 2511 3399; x_wconf 83' lang='grc' dir='ltr'>ἀνακέκραται</span> <span class='ocrx_word' id='word_1_619' title='bbox 2554 3322 2696 3394; x_wconf 75' lang='grc' dir='ltr'>αὒτῷ</span> <span class='ocrx_word' id='word_1_620' title='bbox 2751 3325 2879 3379; x_wconf 83' lang='grc' dir='ltr'>καθὸ</span> <span class='ocrx_word' id='word_1_621' title='bbox 2935 3337 3204 3382; x_wconf 78' lang='grc' dir='ltr'>κοινωνεῖ.</span> <span class='ocrx_word' id='word_1_622' title='bbox 3287 3324 3378 3379; x_wconf 86' lang='grc' dir='ltr'>Διὸ</span> <span class='ocrx_word' id='word_1_623' title='bbox 3433 3325 3521 3380; x_wconf 87' lang='grc' dir='ltr'>καὶ</span> <span class='ocrx_word' id='word_1_624' title='bbox 3589 3321 3800 3398; x_wconf 84' lang='grc' dir='ltr'>ἐπάγει,</span> 
     </span>
    </p>
   </div>
   <div class='ocr_carea' id='block_1_84' title="bbox 2163 3407 3804 3492">
    <p class='ocr_par' dir='ltr' id='par_1_84' title="bbox 2163 3407 3804 3492">
     <span class='ocr_line' id='line_1_84' title="bbox 2163 3407 3804 3492; baseline -0.002 -26"><span class='ocrx_word' id='word_1_625' title='bbox 2163 3411 2265 3474; x_wconf 77' lang='grc' dir='ltr'>Τὰς</span> <span class='ocrx_word' id='word_1_626' title='bbox 2311 3408 2524 3492; x_wconf 77' lang='grc' dir='ltr'>ἐντολὰς</span> <span class='ocrx_word' id='word_1_627' title='bbox 2586 3411 2742 3468; x_wconf 74' lang='grc' dir='ltr'>αὒτοῦ</span> <span class='ocrx_word' id='word_1_628' title='bbox 2783 3427 2960 3492; x_wconf 74' lang='grc' dir='ltr'>τηρεῖ.</span> <span class='ocrx_word' id='word_1_629' title='bbox 3024 3411 3119 3471; x_wconf 81' lang='grc' dir='ltr'>Ἐκ</span> <span class='ocrx_word' id='word_1_630' title='bbox 3162 3414 3350 3470; x_wconf 83' lang='grc' dir='ltr'>τούτου</span> <span class='ocrx_word' id='word_1_631' title='bbox 3403 3411 3580 3478; x_wconf 81' lang='grc' dir='ltr'>λυθείη</span> <span class='ocrx_word' id='word_1_632' title='bbox 3625 3409 3685 3465; x_wconf 76' lang='grc' dir='ltr'>ἂν</span> <span class='ocrx_word' id='word_1_633' title='bbox 3717 3407 3804 3464; x_wconf 82' lang='grc' dir='ltr'>καὶ</span> 
     </span>
    </p>
   </div>
   <div class='ocr_carea' id='block_1_85' title="bbox 2158 3489 3798 3580">
    <p class='ocr_par' dir='ltr' id='par_1_85' title="bbox 2158 3489 3798 3580">
     <span class='ocr_line' id='line_1_85' title="bbox 2158 3489 3798 3580; baseline 0 -26"><span class='ocrx_word' id='word_1_634' title='bbox 2158 3499 2241 3573; x_wconf 85' lang='grc' dir='ltr'>τὸ,</span> <span class='ocrx_word' id='word_1_635' title='bbox 2311 3520 2333 3555; x_wconf 83' lang='grc' dir='ltr'>ιι</span> <span class='ocrx_word' id='word_1_636' title='bbox 2369 3489 2556 3578; x_wconf 79' lang='grc' dir='ltr'>ἸΕγνω</span> <span class='ocrx_word' id='word_1_637' title='bbox 2616 3503 2798 3580; x_wconf 81' lang='grc' dir='ltr'>Κύριος</span> <span class='ocrx_word' id='word_1_638' title='bbox 2853 3503 2973 3567; x_wconf 82' lang='grc' dir='ltr'>τοὺς</span> <span class='ocrx_word' id='word_1_639' title='bbox 3035 3501 3186 3566; x_wconf 72' lang='grc' dir='ltr'>ὄντας</span> <span class='ocrx_word' id='word_1_640' title='bbox 3245 3504 3400 3559; x_wconf 69' lang='grc' dir='ltr'>αὐτοῦ</span> <span class='ocrx_word' id='word_1_641' title='bbox 3434 3516 3448 3532; x_wconf 82' lang='grc'><strong><em>⁸</em></strong></span> <span class='ocrx_word' id='word_1_642' title='bbox 3487 3522 3512 3558; x_wconf 68' lang='grc' dir='ltr'><strong><em>ι</em></strong></span> <span class='ocrx_word' id='word_1_643' title='bbox 3573 3501 3660 3557; x_wconf 86' lang='grc' dir='ltr'>καὶ</span> <span class='ocrx_word' id='word_1_644' title='bbox 3715 3498 3798 3571; x_wconf 89' lang='grc' dir='ltr'>τὸ,</span> 
     </span>
    </p>
   </div>
   <div class='ocr_carea' id='block_1_86' title="bbox 2165 3589 3800 3671">
    <p class='ocr_par' dir='ltr' id='par_1_86' title="bbox 2165 3589 3800 3671">
     <span class='ocr_line' id='line_1_86' title="bbox 2165 3589 3800 3671; baseline -0.002 -27"><span class='ocrx_word' id='word_1_645' title='bbox 2165 3609 2188 3644; x_wconf 85' lang='grc' dir='ltr'>ιι</span> <span class='ocrx_word' id='word_1_646' title='bbox 2239 3592 2338 3646; x_wconf 90' lang='grc' dir='ltr'>Τὸν</span> <span class='ocrx_word' id='word_1_647' title='bbox 2389 3589 2506 3668; x_wconf 72' lang='grc' dir='ltr'>γὰρ]</span> <span class='ocrx_word' id='word_1_648' title='bbox 2537 3589 2614 3664; x_wconf 73' lang='grc' dir='ltr'>μὴ</span> <span class='ocrx_word' id='word_1_649' title='bbox 2669 3590 2862 3668; x_wconf 83' lang='grc' dir='ltr'>γνόντα</span> <span class='ocrx_word' id='word_1_650' title='bbox 2919 3593 3198 3671; x_wconf 83' lang='grc' dir='ltr'>ἁμαρτίαν,</span> <span class='ocrx_word' id='word_1_651' title='bbox 3242 3591 3369 3670; x_wconf 75' lang='grc' dir='ltr'>ὑπὲρ</span> <span class='ocrx_word' id='word_1_652' title='bbox 3409 3592 3567 3666; x_wconf 76' lang='grc' dir='ltr'>ἡμῶν</span> <span class='ocrx_word' id='word_1_653' title='bbox 3625 3589 3800 3664; x_wconf 78' lang='grc' dir='ltr'>ἀμαρ-</span> 
     </span>
    </p>
   </div>
   <div class='ocr_carea' id='block_1_87' title="bbox 2155 3675 3801 3760">
    <p class='ocr_par' dir='ltr' id='par_1_87' title="bbox 2155 3675 3801 3760">
     <span class='ocr_line' id='line_1_87' title="bbox 2155 3675 3801 3760; baseline -0.002 -26"><span class='ocrx_word' id='word_1_654' title='bbox 2155 3675 2278 3734; x_wconf 86' lang='grc' dir='ltr'>τίαν</span> <span class='ocrx_word' id='word_1_655' title='bbox 2350 3676 2566 3746; x_wconf 79' lang='grc' dir='ltr'>ἐποίησε</span> <span class='ocrx_word' id='word_1_656' title='bbox 2600 3701 2611 3712; x_wconf 94' lang='grc'><strong>·</strong></span> <span class='ocrx_word' id='word_1_657' title='bbox 2692 3703 2714 3735; x_wconf 74' lang='grc' dir='ltr'>ι</span> <span class='ocrx_word' id='word_1_658' title='bbox 2807 3682 2894 3736; x_wconf 89' lang='grc' dir='ltr'>καὶ</span> <span class='ocrx_word' id='word_1_659' title='bbox 2950 3679 3054 3736; x_wconf 77' lang='grc' dir='ltr'>εἴτι</span> <span class='ocrx_word' id='word_1_660' title='bbox 3124 3681 3300 3760; x_wconf 78' lang='grc' dir='ltr'>ἕτερον</span> <span class='ocrx_word' id='word_1_661' title='bbox 3369 3681 3512 3759; x_wconf 88' lang='grc' dir='ltr'>παρά</span> <span class='ocrx_word' id='word_1_662' title='bbox 3566 3684 3635 3754; x_wconf 78' lang='grc' dir='ltr'>τῇ</span> <span class='ocrx_word' id='word_1_663' title='bbox 3691 3675 3801 3746; x_wconf 79' lang='grc' dir='ltr'>θείᾳ</span> 
     </span>
    </p>
   </div>
   <div class='ocr_carea' id='block_1_88' title="bbox 2157 3767 3802 3848">
    <p class='ocr_par' dir='ltr' id='par_1_88' title="bbox 2157 3767 3802 3848">
     <span class='ocr_line' id='line_1_88' title="bbox 2157 3767 3802 3848; baseline 0.002 -26"><span class='ocrx_word' id='word_1_664' title='bbox 2157 3772 2338 3846; x_wconf 73' lang='grc' dir='ltr'>Γραφῇ</span> <span class='ocrx_word' id='word_1_665' title='bbox 2407 3769 2525 3848; x_wconf 84' lang='grc' dir='ltr'>περὶ</span> <span class='ocrx_word' id='word_1_666' title='bbox 2607 3771 2668 3825; x_wconf 88' lang='grc' dir='ltr'>τὸ</span> <span class='ocrx_word' id='word_1_667' title='bbox 2753 3767 3036 3847; x_wconf 71' lang='grc' dir='ltr'>ἐγνωκέναι</span> <span class='ocrx_word' id='word_1_668' title='bbox 3117 3771 3152 3838; x_wconf 76' lang='grc' dir='ltr'><strong>ἢ</strong></span> <span class='ocrx_word' id='word_1_669' title='bbox 3228 3771 3442 3848; x_wconf 76' lang='grc' dir='ltr'>ἀγνοεῖν</span> <span class='ocrx_word' id='word_1_670' title='bbox 3498 3767 3802 3847; x_wconf 79' lang='grc' dir='ltr'>στρέφεται.</span> 
     </span>
    </p>
   </div>
   <div class='ocr_carea' id='block_1_89' title="bbox 2157 3855 3799 3930">
    <p class='ocr_par' dir='ltr' id='par_1_89' title="bbox 2157 3855 3799 3930">
     <span class='ocr_line' id='line_1_89' title="bbox 2157 3855 3799 3930; baseline -0.002 -18"><span class='ocrx_word' id='word_1_671' title='bbox 2157 3855 2294 3913; x_wconf 76' lang='grc' dir='ltr'>Εἶτα</span> <span class='ocrx_word' id='word_1_672' title='bbox 2349 3857 2454 3912; x_wconf 90' lang='grc' dir='ltr'>ἀπὸ</span> <span class='ocrx_word' id='word_1_673' title='bbox 2525 3858 2617 3915; x_wconf 83' lang='grc' dir='ltr'>τοῦ</span> <span class='ocrx_word' id='word_1_674' title='bbox 2673 3857 2905 3914; x_wconf 84' lang='grc' dir='ltr'>ἐναντίου</span> <span class='ocrx_word' id='word_1_675' title='bbox 2985 3867 3139 3917; x_wconf 76' lang='grc' dir='ltr'>τοῦτο</span> <span class='ocrx_word' id='word_1_676' title='bbox 3216 3861 3341 3918; x_wconf 72' lang='grc' dir='ltr'>αὐτὸ</span> <span class='ocrx_word' id='word_1_677' title='bbox 3396 3855 3799 3930; x_wconf 63' lang='grc' dir='ltr'>κατασκευάζει,</span> 
     </span>
    </p>
   </div>
   <div class='ocr_carea' id='block_1_90' title="bbox 2154 3941 3801 4026">
    <p class='ocr_par' dir='ltr' id='par_1_90' title="bbox 2154 3941 3801 4026">
     <span class='ocr_line' id='line_1_90' title="bbox 2154 3941 3801 4026; baseline -0.002 -26"><span class='ocrx_word' id='word_1_678' title='bbox 2154 3947 2743 4026; x_wconf 80' lang='grc' dir='ltr'>περιουσιαστικώτερον</span> <span class='ocrx_word' id='word_1_679' title='bbox 2837 3950 3116 4026; x_wconf 78' lang='grc' dir='ltr'>χρώμενος</span> <span class='ocrx_word' id='word_1_680' title='bbox 3203 3955 3270 4026; x_wconf 53' lang='lat' dir='ltr'>af]</span> <span class='ocrx_word' id='word_1_681' title='bbox 3355 3945 3636 4025; x_wconf 79' lang='grc' dir='ltr'>ἀποδείξει,</span> <span class='ocrx_word' id='word_1_682' title='bbox 3711 3941 3801 3998; x_wconf 81' lang='grc' dir='ltr'>καί</span> 
     </span>
    </p>
   </div>
   <div class='ocr_carea' id='block_1_91' title="bbox 2155 4027 3800 4116">
    <p class='ocr_par' dir='ltr' id='par_1_91' title="bbox 2155 4027 3800 4116">
     <span class='ocr_line' id='line_1_91' title="bbox 2155 4027 3800 4116; baseline -0.01 -13"><span class='ocrx_word' id='word_1_683' title='bbox 2155 4057 2314 4113; x_wconf 71' lang='grc' dir='ltr'>φησιν</span> <span class='ocrx_word' id='word_1_684' title='bbox 2348 4055 2365 4071; x_wconf 87' lang='grc'><strong>’</strong></span> <span class='ocrx_word' id='word_1_685' title='bbox 2416 4027 2472 4094; x_wconf 51' lang='grc' dir='ltr'>Ὀ</span> <span class='ocrx_word' id='word_1_686' title='bbox 2503 4034 2558 4092; x_wconf 69' lang='grc' dir='ltr'>δὲ</span> <span class='ocrx_word' id='word_1_687' title='bbox 2588 4035 2781 4116; x_wconf 82' lang='grc' dir='ltr'>λέγων,</span> <span class='ocrx_word' id='word_1_688' title='bbox 2821 4028 3077 4116; x_wconf 67' lang='grc' dir='ltr'>’Ἔγνωκα</span> <span class='ocrx_word' id='word_1_689' title='bbox 3134 4040 3312 4111; x_wconf 74' lang='grc' dir='ltr'>αὐτὸν,</span> <span class='ocrx_word' id='word_1_690' title='bbox 3365 4036 3482 4104; x_wconf 75' lang='grc' dir='ltr'>ἤτοι</span> <span class='ocrx_word' id='word_1_691' title='bbox 3523 4033 3800 4092; x_wconf 87' lang='grc' dir='ltr'>κοινωνίαν</span> 
     </span>
    </p>
   </div>
   <div class='ocr_carea' id='block_1_92' title="bbox 2155 4122 3797 4203">
    <p class='ocr_par' dir='ltr' id='par_1_92' title="bbox 2155 4122 3797 4203">
     <span class='ocr_line' id='line_1_92' title="bbox 2155 4122 3797 4203; baseline -0.01 -11"><span class='ocrx_word' id='word_1_692' title='bbox 2155 4122 2271 4202; x_wconf 73' lang='grc' dir='ltr'>ἔχω</span> <span class='ocrx_word' id='word_1_693' title='bbox 2301 4122 2419 4200; x_wconf 86' lang='grc' dir='ltr'>μετ’</span> <span class='ocrx_word' id='word_1_694' title='bbox 2447 4130 2626 4201; x_wconf 71' lang='grc' dir='ltr'>αὐτοῦ,</span> <span class='ocrx_word' id='word_1_695' title='bbox 2678 4129 2766 4183; x_wconf 88' lang='grc' dir='ltr'>καὶ</span> <span class='ocrx_word' id='word_1_696' title='bbox 2823 4130 2915 4190; x_wconf 76' lang='grc' dir='ltr'>τὰς</span> <span class='ocrx_word' id='word_1_697' title='bbox 2974 4127 3186 4190; x_wconf 77' lang='grc' dir='ltr'>ἐντολὰς</span> <span class='ocrx_word' id='word_1_698' title='bbox 3245 4126 3401 4186; x_wconf 73' lang='grc' dir='ltr'>αὒτοῦ</span> <span class='ocrx_word' id='word_1_699' title='bbox 3456 4126 3533 4201; x_wconf 79' lang='grc' dir='ltr'>μὴ</span> <span class='ocrx_word' id='word_1_700' title='bbox 3595 4128 3797 4203; x_wconf 80' lang='grc' dir='ltr'>τηρῶν,</span> 
     </span>
    </p>
   </div>
   <div class='ocr_carea' id='block_1_93' title="bbox 2155 4213 3795 4295">
    <p class='ocr_par' dir='ltr' id='par_1_93' title="bbox 2155 4213 3795 4295">
     <span class='ocr_line' id='line_1_93' title="bbox 2155 4213 3795 4295; baseline -0.002 -27"><span class='ocrx_word' id='word_1_701' title='bbox 2155 4213 2388 4288; x_wconf 75' lang='grc' dir='ltr'>ψεύστης</span> <span class='ocrx_word' id='word_1_702' title='bbox 2456 4213 2585 4272; x_wconf 75' lang='grc' dir='ltr'>ἐστί.</span> <span class='ocrx_word' id='word_1_703' title='bbox 2644 4221 2762 4279; x_wconf 85' lang='grc' dir='ltr'>Πῶς</span> <span class='ocrx_word' id='word_1_704' title='bbox 2820 4218 2920 4295; x_wconf 84' lang='grc' dir='ltr'>γὰρ</span> <span class='ocrx_word' id='word_1_705' title='bbox 2979 4217 3096 4272; x_wconf 82' lang='grc' dir='ltr'>οἷόν</span> <span class='ocrx_word' id='word_1_706' title='bbox 3152 4237 3210 4271; x_wconf 92' lang='grc' dir='ltr'>τε</span> <span class='ocrx_word' id='word_1_707' title='bbox 3265 4217 3350 4272; x_wconf 89' lang='grc' dir='ltr'>καὶ</span> <span class='ocrx_word' id='word_1_708' title='bbox 3413 4215 3795 4293; x_wconf 85' lang='grc' dir='ltr'>ἀνακεκρᾶσθαι</span> 
     </span>
    </p>
   </div>
   <div class='ocr_carea' id='block_1_94' title="bbox 2153 4300 3792 4383">
    <p class='ocr_par' dir='ltr' id='par_1_94' title="bbox 2153 4300 3792 4383">
     <span class='ocr_line' id='line_1_94' title="bbox 2153 4300 3792 4383; baseline 0.003 -27"><span class='ocrx_word' id='word_1_709' title='bbox 2153 4303 2240 4357; x_wconf 87' lang='grc' dir='ltr'>καὶ</span> <span class='ocrx_word' id='word_1_710' title='bbox 2270 4304 2372 4377; x_wconf 80' lang='grc' dir='ltr'>μὴ,</span> <span class='ocrx_word' id='word_1_711' title='bbox 2419 4306 2513 4359; x_wconf 77' lang='grc' dir='ltr'>τὸν</span> <span class='ocrx_word' id='word_1_712' title='bbox 2554 4304 2708 4360; x_wconf 73' lang='grc' dir='ltr'>αὐτόν</span> <span class='ocrx_word' id='word_1_713' title='bbox 2741 4323 2757 4383; x_wconf 82' lang='grc'>;</span> <span class='ocrx_word' id='word_1_714' title='bbox 2806 4305 2975 4383; x_wconf 77' lang='grc' dir='ltr'>Εἴπερ</span> <span class='ocrx_word' id='word_1_715' title='bbox 3006 4307 3064 4360; x_wconf 90' lang='grc' dir='ltr'>τὸ</span> <span class='ocrx_word' id='word_1_716' title='bbox 3097 4305 3193 4380; x_wconf 59' lang='grc' dir='ltr'>μὶν</span> <span class='ocrx_word' id='word_1_717' title='bbox 3225 4315 3402 4360; x_wconf 77' lang='grc' dir='ltr'>ποιεῖν</span> <span class='ocrx_word' id='word_1_718' title='bbox 3431 4304 3522 4368; x_wconf 83' lang='grc' dir='ltr'>τὰς</span> <span class='ocrx_word' id='word_1_719' title='bbox 3553 4300 3792 4370; x_wconf 69' lang='grc' dir='ltr'>ἐντολὰς,</span> 
     </span>
    </p>
   </div>
   <div class='ocr_carea' id='block_1_95' title="bbox 2994 4393 3796 4472">
    <p class='ocr_par' dir='ltr' id='par_1_95' title="bbox 2994 4393 3796 4472">
     <span class='ocr_line' id='line_1_95' title="bbox 2994 4393 3796 4472; baseline -0.001 -22"><span class='ocrx_word' id='word_1_720' title='bbox 2994 4396 3055 4450; x_wconf 88' lang='grc' dir='ltr'>τὸ</span> <span class='ocrx_word' id='word_1_721' title='bbox 3097 4393 3151 4449; x_wconf 77' lang='grc' dir='ltr'>δὲ</span> <span class='ocrx_word' id='word_1_722' title='bbox 3183 4396 3259 4469; x_wconf 82' lang='grc' dir='ltr'>μη</span> <span class='ocrx_word' id='word_1_723' title='bbox 3303 4393 3514 4472; x_wconf 78' lang='grc' dir='ltr'>τηρεῖν,</span> <span class='ocrx_word' id='word_1_724' title='bbox 3559 4394 3621 4449; x_wconf 89' lang='grc' dir='ltr'>τὸ</span> <span class='ocrx_word' id='word_1_725' title='bbox 3681 4413 3796 4466; x_wconf 82' lang='grc' dir='ltr'>μη-</span> 
     </span>
    </p>
   </div>
   <div class='ocr_carea' id='block_1_96' title="bbox 2150 4475 3797 4561">
    <p class='ocr_par' dir='ltr' id='par_1_96' title="bbox 2150 4475 3797 4561">
     <span class='ocr_line' id='line_1_96' title="bbox 2150 4475 3797 4561; baseline -0.001 -28"><span class='ocrx_word' id='word_1_726' title='bbox 2150 4475 2330 4552; x_wconf 83' lang='grc' dir='ltr'>δαμῶς</span> <span class='ocrx_word' id='word_1_727' title='bbox 2371 4481 2690 4554; x_wconf 81' lang='grc' dir='ltr'>ᾡκειῶσθαι.</span> <span class='ocrx_word' id='word_1_728' title='bbox 2749 4482 2915 4539; x_wconf 46' lang='grc' dir='ltr'>(Ὥστε</span> <span class='ocrx_word' id='word_1_729' title='bbox 2971 4485 2998 4539; x_wconf 89' lang='grc' dir='ltr'>ὁ</span> <span class='ocrx_word' id='word_1_730' title='bbox 3049 4483 3293 4561; x_wconf 81' lang='grc' dir='ltr'>ἐγνωκὼς</span> <span class='ocrx_word' id='word_1_731' title='bbox 3351 4484 3441 4538; x_wconf 89' lang='grc' dir='ltr'>τὸν</span> <span class='ocrx_word' id='word_1_732' title='bbox 3502 4484 3653 4554; x_wconf 90' lang='grc' dir='ltr'>Θεὸν,</span> <span class='ocrx_word' id='word_1_733' title='bbox 3711 4479 3797 4534; x_wconf 85' lang='grc' dir='ltr'>καὶ</span> 
     </span>
    </p>
   </div>
   <div class='ocr_carea' id='block_1_97' title="bbox 3318 2515 3808 2593">
    <p class='ocr_par' dir='ltr' id='par_1_97' title="bbox 3318 2515 3808 2593">
     <span class='ocr_line' id='line_1_97' title="bbox 3318 2515 3808 2593; baseline -0.012 -21"><span class='ocrx_word' id='word_1_734' title='bbox 3318 2541 3344 2572; x_wconf 85' lang='grc' dir='ltr'>ιι</span> <span class='ocrx_word' id='word_1_735' title='bbox 3406 2515 3808 2593; x_wconf 87' lang='grc' dir='ltr'>Ἐπιγινώσκειν</span> 
     </span>
    </p>
   </div>
   <div class='ocr_carea' id='block_1_98' title="bbox 335 4561 2078 4652">
    <p class='ocr_par' dir='ltr' id='par_1_98' title="bbox 335 4561 2066 4652">
     <span class='ocr_line' id='line_1_98' title="bbox 335 4561 2066 4652; baseline 0.002 -28"><span class='ocrx_word' id='word_1_736' title='bbox 335 4603 345 4614; x_wconf 89' lang='grc'><strong>-</strong></span> <span class='ocrx_word' id='word_1_737' title='bbox 415 4571 476 4625; x_wconf 95' lang='lat' dir='ltr'><strong>et</strong></span> <span class='ocrx_word' id='word_1_738' title='bbox 502 4564 965 4652; x_wconf 66' lang='lat' dir='ltr'><strong>praeceptaejus</strong></span> <span class='ocrx_word' id='word_1_739' title='bbox 997 4581 1112 4623; x_wconf 93' lang='lat' dir='ltr'><strong>non</strong></span> <span class='ocrx_word' id='word_1_740' title='bbox 1140 4561 1440 4652; x_wconf 83' lang='lat' dir='ltr'><strong>observat,</strong></span> <span class='ocrx_word' id='word_1_741' title='bbox 1477 4563 1731 4652; x_wconf 84' lang='lat' dir='ltr'><strong>mendax</strong></span> <span class='ocrx_word' id='word_1_742' title='bbox 1757 4573 1866 4626; x_wconf 88' lang='lat' dir='ltr'><strong>est.</strong></span> <span class='ocrx_word' id='word_1_743' title='bbox 1903 4565 2066 4638; x_wconf 91' lang='lat' dir='ltr'><strong>Quo-</strong></span> 
     </span>
    </p>
   </div>
   <div class='ocr_carea' id='block_1_99' title="bbox 2162 4561 3798 4652">
    <p class='ocr_par' dir='ltr' id='par_1_99' title="bbox 2162 4567 3798 4652">
     <span class='ocr_line' id='line_1_99' title="bbox 2162 4567 3798 4652; baseline 0.006 -32"><span class='ocrx_word' id='word_1_744' title='bbox 2162 4567 2251 4622; x_wconf 60' lang='grc' dir='ltr'>ὀπὸ</span> <span class='ocrx_word' id='word_1_745' title='bbox 2321 4579 2412 4629; x_wconf 76' lang='grc' dir='ltr'>τοῦ</span> <span class='ocrx_word' id='word_1_746' title='bbox 2478 4577 2607 4628; x_wconf 83' lang='grc' dir='ltr'>Θεοῦ</span> <span class='ocrx_word' id='word_1_747' title='bbox 2662 4569 2941 4652; x_wconf 76' lang='grc' dir='ltr'>ἔγνωσται,</span> <span class='ocrx_word' id='word_1_748' title='bbox 3014 4571 3130 4639; x_wconf 76' lang='grc' dir='ltr'>ἤτοι</span> <span class='ocrx_word' id='word_1_749' title='bbox 3181 4572 3440 4646; x_wconf 81' lang='grc' dir='ltr'>ᾠκείωται</span> <span class='ocrx_word' id='word_1_750' title='bbox 3504 4579 3641 4646; x_wconf 83' lang='grc' dir='ltr'>Θεῷ,</span> <span class='ocrx_word' id='word_1_751' title='bbox 3709 4568 3798 4624; x_wconf 77' lang='grc' dir='ltr'>κιῖ</span> 
     </span>
    </p>
   </div>
   <div class='ocr_carea' id='block_1_100' title="bbox 413 4649 2078 4737">
    <p class='ocr_par' dir='ltr' id='par_1_100' title="bbox 413 4649 2070 4732">
     <span class='ocr_line' id='line_1_100' title="bbox 413 4649 2070 4732; baseline 0.001 -18"><span class='ocrx_word' id='word_1_752' title='bbox 413 4653 591 4714; x_wconf 92' lang='lat' dir='ltr'><strong>modo</strong></span> <span class='ocrx_word' id='word_1_753' title='bbox 615 4653 773 4713; x_wconf 92' lang='lat' dir='ltr'><strong>enim</strong></span> <span class='ocrx_word' id='word_1_754' title='bbox 798 4651 926 4713; x_wconf 84' lang='lat' dir='ltr'><strong>ﬁeri</strong></span> <span class='ocrx_word' id='word_1_755' title='bbox 953 4660 1143 4732; x_wconf 91' lang='lat' dir='ltr'><strong>potest</strong></span> <span class='ocrx_word' id='word_1_756' title='bbox 1162 4649 1392 4710; x_wconf 92' lang='lat' dir='ltr'><strong>utidem</strong></span> <span class='ocrx_word' id='word_1_757' title='bbox 1417 4651 1772 4730; x_wconf 87' lang='lat' dir='ltr'><strong>conjunctus</strong></span> <span class='ocrx_word' id='word_1_758' title='bbox 1794 4653 1849 4713; x_wconf 93' lang='lat' dir='ltr'><strong>ei</strong></span> <span class='ocrx_word' id='word_1_759' title='bbox 1870 4654 2070 4715; x_wconf 60' lang='lat' dir='ltr'><strong>adhae-</strong></span> 
     </span>
    </p>
   </div>
   <div class='ocr_carea' id='block_1_101' title="bbox 2162 4649 3797 4737">
    <p class='ocr_par' dir='ltr' id='par_1_101' title="bbox 2162 4649 3797 4737">
     <span class='ocr_line' id='line_1_101' title="bbox 2162 4649 3797 4737; baseline 0.002 -27"><span class='ocrx_word' id='word_1_760' title='bbox 2162 4655 2461 4724; x_wconf 73' lang='grc' dir='ltr'>Εινείληπται</span> <span class='ocrx_word' id='word_1_761' title='bbox 2509 4659 2606 4715; x_wconf 65' lang='grc' dir='ltr'>ὃπὸ</span> <span class='ocrx_word' id='word_1_762' title='bbox 2679 4668 2830 4722; x_wconf 81' lang='grc' dir='ltr'>Θεοῦ,</span> <span class='ocrx_word' id='word_1_763' title='bbox 2891 4649 2985 4719; x_wconf 71' lang='grc' dir='ltr'>Καὶ</span> <span class='ocrx_word' id='word_1_764' title='bbox 3041 4661 3094 4717; x_wconf 74' lang='grc' dir='ltr'>ἐν</span> <span class='ocrx_word' id='word_1_765' title='bbox 3167 4662 3335 4736; x_wconf 77' lang='grc' dir='ltr'>τούτῳ</span> <span class='ocrx_word' id='word_1_766' title='bbox 3384 4663 3418 4728; x_wconf 77' lang='grc' dir='ltr'>ἡ</span> <span class='ocrx_word' id='word_1_767' title='bbox 3475 4660 3660 4737; x_wconf 75' lang='grc' dir='ltr'>ἀγάπη</span> <span class='ocrx_word' id='word_1_768' title='bbox 3705 4663 3797 4713; x_wconf 77' lang='grc' dir='ltr'>τοῦ</span> 
     </span>
    </p>
   </div>
   <div class='ocr_carea' id='block_1_102' title="bbox 409 4739 2078 4829">
    <p class='ocr_par' dir='ltr' id='par_1_102' title="bbox 409 4739 2061 4823">
     <span class='ocr_line' id='line_1_102' title="bbox 409 4739 2061 4823; baseline -0.001 -19"><span class='ocrx_word' id='word_1_769' title='bbox 409 4760 551 4804; x_wconf 89' lang='lat' dir='ltr'><strong>rens</strong></span> <span class='ocrx_word' id='word_1_770' title='bbox 571 4741 869 4816; x_wconf 91' lang='lat' dir='ltr'><strong>sit,etnon</strong></span> <span class='ocrx_word' id='word_1_771' title='bbox 891 4741 1205 4802; x_wconf 69' lang='lat' dir='ltr'><strong>adhaerens</strong></span> <span class='ocrx_word' id='word_1_772' title='bbox 1229 4739 1258 4797; x_wconf 88' lang='lat'>‘?</span> <span class='ocrx_word' id='word_1_773' title='bbox 1282 4739 1452 4802; x_wconf 89' lang='lat' dir='ltr'><strong>Certe</strong></span> <span class='ocrx_word' id='word_1_774' title='bbox 1477 4759 1714 4802; x_wconf 89' lang='lat' dir='ltr'><strong>servare</strong></span> <span class='ocrx_word' id='word_1_775' title='bbox 1741 4752 2061 4823; x_wconf 80' lang='lat' dir='ltr'><strong>praecepta,</strong></span> 
     </span>
    </p>
   </div>
   <div class='ocr_carea' id='block_1_103' title="bbox 2162 4739 3797 4829">
    <p class='ocr_par' dir='ltr' id='par_1_103' title="bbox 2162 4746 3797 4829">
     <span class='ocr_line' id='line_1_103' title="bbox 2162 4746 3797 4829; baseline -0.001 -28"><span class='ocrx_word' id='word_1_776' title='bbox 2162 4751 2284 4802; x_wconf 76' lang='grc' dir='ltr'>θεοῦ</span> <span class='ocrx_word' id='word_1_777' title='bbox 2356 4746 2685 4826; x_wconf 81' lang='grc' dir='ltr'>ἐνθεωρεϊται</span> <span class='ocrx_word' id='word_1_778' title='bbox 2721 4765 2734 4778; x_wconf 84' lang='grc'><strong><em>⁸</em></strong></span> <span class='ocrx_word' id='word_1_779' title='bbox 2795 4746 2862 4805; x_wconf 80' lang='grc' dir='ltr'>δι’</span> <span class='ocrx_word' id='word_1_780' title='bbox 2916 4752 2983 4816; x_wconf 81' lang='grc' dir='ltr'>ἧς</span> <span class='ocrx_word' id='word_1_781' title='bbox 3038 4749 3252 4829; x_wconf 79' lang='grc' dir='ltr'>ἀγάπης</span> <span class='ocrx_word' id='word_1_782' title='bbox 3309 4752 3396 4806; x_wconf 90' lang='grc' dir='ltr'>καὶ</span> <span class='ocrx_word' id='word_1_783' title='bbox 3451 4751 3512 4805; x_wconf 90' lang='grc' dir='ltr'>τὸ</span> <span class='ocrx_word' id='word_1_784' title='bbox 3571 4750 3624 4806; x_wconf 82' lang='grc' dir='ltr'>ἐν</span> <span class='ocrx_word' id='word_1_785' title='bbox 3683 4752 3797 4818; x_wconf 82' lang='grc' dir='ltr'>Θεῷ</span> 
     </span>
    </p>
   </div>
   <div class='ocr_carea' id='block_1_104' title="bbox 408 4827 2078 4918">
    <p class='ocr_par' dir='ltr' id='par_1_104' title="bbox 408 4827 2066 4918">
     <span class='ocr_line' id='line_1_104' title="bbox 408 4827 2066 4918; baseline 0.001 -26"><span class='ocrx_word' id='word_1_786' title='bbox 408 4830 812 4894; x_wconf 64' lang='lat' dir='ltr'><strong>adhaesionem</strong></span> <span class='ocrx_word' id='word_1_787' title='bbox 871 4829 1166 4909; x_wconf 88' lang='lat' dir='ltr'><strong>designat,</strong></span> <span class='ocrx_word' id='word_1_788' title='bbox 1199 4847 1330 4918; x_wconf 20' lang='lat' dir='ltr'><strong>non”</strong></span> <span class='ocrx_word' id='word_1_789' title='bbox 1349 4827 1666 4891; x_wconf 91' lang='lat' dir='ltr'><strong>observare</strong></span> <span class='ocrx_word' id='word_1_790' title='bbox 1697 4837 1918 4912; x_wconf 84' lang='lat' dir='ltr'><strong>autem,</strong></span> <span class='ocrx_word' id='word_1_791' title='bbox 1955 4851 2066 4894; x_wconf 86' lang='lat' dir='ltr'>ne-</span> 
     </span>
    </p>
   </div>
   <div class='ocr_carea' id='block_1_105' title="bbox 2162 4827 3794 4918">
    <p class='ocr_par' dir='ltr' id='par_1_105' title="bbox 2162 4827 3794 4918">
     <span class='ocr_line' id='line_1_105' title="bbox 2162 4827 3794 4918; baseline 0.001 -26"><span class='ocrx_word' id='word_1_792' title='bbox 2162 4833 2349 4892; x_wconf 74' lang='grc' dir='ltr'>τέλειον</span> <span class='ocrx_word' id='word_1_793' title='bbox 2397 4835 2522 4912; x_wconf 77' lang='grc' dir='ltr'>ἕξει,</span> <span class='ocrx_word' id='word_1_794' title='bbox 2573 4839 2661 4893; x_wconf 84' lang='grc' dir='ltr'>καὶ</span> <span class='ocrx_word' id='word_1_795' title='bbox 2719 4840 2994 4918; x_wconf 86' lang='grc' dir='ltr'>γνώρισμα</span> <span class='ocrx_word' id='word_1_796' title='bbox 3048 4827 3202 4896; x_wconf 79' lang='grc' dir='ltr'>τοῦτο</span> <span class='ocrx_word' id='word_1_797' title='bbox 3258 4840 3472 4910; x_wconf 79' lang='grc' dir='ltr'>ποιήσει</span> <span class='ocrx_word' id='word_1_798' title='bbox 3517 4844 3615 4906; x_wconf 77' lang='grc' dir='ltr'>τῆς</span> <span class='ocrx_word' id='word_1_799' title='bbox 3663 4836 3794 4914; x_wconf 79' lang='grc' dir='ltr'>πρὸς</span> 
     </span>
    </p>
   </div>
   <div class='ocr_carea' id='block_1_106' title="bbox 410 4917 2078 5008">
    <p class='ocr_par' dir='ltr' id='par_1_106' title="bbox 410 4917 2062 5008">
     <span class='ocr_line' id='line_1_106' title="bbox 410 4917 2062 5008; baseline 0 -26"><span class='ocrx_word' id='word_1_800' title='bbox 410 4940 703 5002; x_wconf 89' lang='lat' dir='ltr'><strong>quaquam</strong></span> <span class='ocrx_word' id='word_1_801' title='bbox 734 4939 866 4983; x_wconf 92' lang='lat' dir='ltr'><strong>esse</strong></span> <span class='ocrx_word' id='word_1_802' title='bbox 897 4920 1274 4982; x_wconf 79' lang='lat' dir='ltr'><strong>familiarem.</strong></span> <span class='ocrx_word' id='word_1_803' title='bbox 1310 4917 1513 5008; x_wconf 88' lang='lat' dir='ltr'><strong>Itaque</strong></span> <span class='ocrx_word' id='word_1_804' title='bbox 1537 4919 1636 5000; x_wconf 91' lang='lat' dir='ltr'><strong>qui</strong></span> <span class='ocrx_word' id='word_1_805' title='bbox 1669 4920 1828 4980; x_wconf 92' lang='lat' dir='ltr'><strong>novit</strong></span> <span class='ocrx_word' id='word_1_806' title='bbox 1849 4921 2062 4994; x_wconf 87' lang='lat' dir='ltr'><strong>Deum,</strong></span> 
     </span>
    </p>
   </div>
   <div class='ocr_carea' id='block_1_107' title="bbox 2162 4917 3788 5008">
    <p class='ocr_par' dir='ltr' id='par_1_107' title="bbox 2162 4925 3788 5008">
     <span class='ocr_line' id='line_1_107' title="bbox 2162 4925 3788 5008; baseline 0.004 -29"><span class='ocrx_word' id='word_1_807' title='bbox 2162 4925 2279 4980; x_wconf 72' lang='grc' dir='ltr'>Θεὸν</span> <span class='ocrx_word' id='word_1_808' title='bbox 2334 4925 2646 4985; x_wconf 70' lang='grc' dir='ltr'>οἶκειώσεως</span> <span class='ocrx_word' id='word_1_809' title='bbox 2706 4931 2884 4990; x_wconf 70' lang='grc' dir='ltr'>αὐτοῦ.</span> <span class='ocrx_word' id='word_1_810' title='bbox 2951 4930 3047 4986; x_wconf 81' lang='grc' dir='ltr'>Διά</span> <span class='ocrx_word' id='word_1_811' title='bbox 3099 4930 3198 5008; x_wconf 80' lang='grc' dir='ltr'>γὰρ</span> <span class='ocrx_word' id='word_1_812' title='bbox 3249 4932 3353 4985; x_wconf 61' lang='grc' dir='ltr'>τῶν</span> <span class='ocrx_word' id='word_1_813' title='bbox 3412 4929 3579 5008; x_wconf 79' lang='grc' dir='ltr'>ἔργων</span> <span class='ocrx_word' id='word_1_814' title='bbox 3624 4929 3658 4994; x_wconf 75' lang='grc' dir='ltr'><strong>ἦ</strong></span> <span class='ocrx_word' id='word_1_815' title='bbox 3692 4946 3788 4980; x_wconf 85' lang='grc' dir='ltr'>τε·</span> 
     </span>
    </p>
   </div>
   <div class='ocr_carea' id='block_1_108' title="bbox 406 5007 2078 5094">
    <p class='ocr_par' dir='ltr' id='par_1_108' title="bbox 406 5007 2068 5088">
     <span class='ocr_line' id='line_1_108' title="bbox 406 5007 2068 5088; baseline -0.001 -17"><span class='ocrx_word' id='word_1_816' title='bbox 406 5009 584 5072; x_wconf 90' lang='lat' dir='ltr'><strong>etiam</strong></span> <span class='ocrx_word' id='word_1_817' title='bbox 638 5009 711 5072; x_wconf 93' lang='lat' dir='ltr'><strong>ab</strong></span> <span class='ocrx_word' id='word_1_818' title='bbox 760 5028 829 5070; x_wconf 88' lang='lat' dir='ltr'><strong>eo</strong></span> <span class='ocrx_word' id='word_1_819' title='bbox 884 5008 1155 5088; x_wconf 90' lang='lat' dir='ltr'><strong>cognitus</strong></span> <span class='ocrx_word' id='word_1_820' title='bbox 1179 5017 1289 5082; x_wconf 92' lang='lat' dir='ltr'><strong>est,</strong></span> <span class='ocrx_word' id='word_1_821' title='bbox 1323 5007 1446 5068; x_wconf 93' lang='lat' dir='ltr'><strong>sive</strong></span> <span class='ocrx_word' id='word_1_822' title='bbox 1477 5025 1730 5070; x_wconf 88' lang='lat' dir='ltr'><strong>consors</strong></span> <span class='ocrx_word' id='word_1_823' title='bbox 1763 5008 1952 5070; x_wconf 84' lang='lat' dir='ltr'><strong>factus</strong></span> <span class='ocrx_word' id='word_1_824' title='bbox 1978 5019 2068 5071; x_wconf 92' lang='lat' dir='ltr'><strong>est</strong></span> 
     </span>
    </p>
   </div>
   <div class='ocr_carea' id='block_1_109' title="bbox 2162 5007 3796 5094">
    <p class='ocr_par' dir='ltr' id='par_1_109' title="bbox 2162 5007 3796 5094">
     <span class='ocr_line' id='line_1_109' title="bbox 2162 5007 3796 5094; baseline -0.001 -25"><span class='ocrx_word' id='word_1_825' title='bbox 2162 5013 2262 5069; x_wconf 64' lang='lat' dir='ltr'><strong>leid</strong></span> <span class='ocrx_word' id='word_1_826' title='bbox 2314 5011 2658 5071; x_wconf 76' lang='grc' dir='ltr'>διαδείκνυται</span> <span class='ocrx_word' id='word_1_827' title='bbox 2735 5017 2941 5094; x_wconf 71' lang='grc' dir='ltr'>ἀγάπη.</span> <span class='ocrx_word' id='word_1_828' title='bbox 3026 5007 3178 5085; x_wconf 73' lang='grc' dir='ltr'>Πλὴν</span> <span class='ocrx_word' id='word_1_829' title='bbox 3247 5007 3448 5084; x_wconf 67' lang='grc' dir='ltr'>ἐπειδὴ</span> <span class='ocrx_word' id='word_1_830' title='bbox 3501 5015 3610 5072; x_wconf 74' lang='grc' dir='ltr'>ἔστι</span> <span class='ocrx_word' id='word_1_831' title='bbox 3681 5011 3796 5068; x_wconf 74' lang='grc' dir='ltr'>τινὰ</span> 
     </span>
    </p>
   </div>
   <div class='ocr_carea' id='block_1_110' title="bbox 406 5096 2078 5184">
    <p class='ocr_par' dir='ltr' id='par_1_110' title="bbox 406 5096 2064 5176">
     <span class='ocr_line' id='line_1_110' title="bbox 406 5096 2064 5176; baseline -0.001 -15"><span class='ocrx_word' id='word_1_832' title='bbox 406 5118 538 5161; x_wconf 92' lang='lat' dir='ltr'><strong>cum</strong></span> <span class='ocrx_word' id='word_1_833' title='bbox 566 5101 690 5162; x_wconf 93' lang='lat' dir='ltr'><strong>Deo</strong></span> <span class='ocrx_word' id='word_1_834' title='bbox 737 5107 794 5159; x_wconf 90' lang='lat' dir='ltr'>et</span> <span class='ocrx_word' id='word_1_835' title='bbox 845 5098 964 5160; x_wconf 90' lang='lat' dir='ltr'>Deo</span> <span class='ocrx_word' id='word_1_836' title='bbox 990 5097 1300 5176; x_wconf 84' lang='lat' dir='ltr'><strong>colligatus</strong></span> <span class='ocrx_word' id='word_1_837' title='bbox 1331 5105 1426 5158; x_wconf 90' lang='lat' dir='ltr'>:et</span> <span class='ocrx_word' id='word_1_838' title='bbox 1455 5097 1515 5157; x_wconf 93' lang='lat' dir='ltr'><strong>in</strong></span> <span class='ocrx_word' id='word_1_839' title='bbox 1548 5097 1658 5158; x_wconf 91' lang='lat' dir='ltr'><strong>hoc</strong></span> <span class='ocrx_word' id='word_1_840' title='bbox 1683 5096 1926 5158; x_wconf 89' lang='lat' dir='ltr'><strong>dilectio</strong></span> <span class='ocrx_word' id='word_1_841' title='bbox 1957 5097 2064 5160; x_wconf 88' lang='lat' dir='ltr'><strong>Dei</strong></span> 
     </span>
    </p>
   </div>
   <div class='ocr_carea' id='block_1_111' title="bbox 2162 5096 3794 5184">
    <p class='ocr_par' dir='ltr' id='par_1_111' title="bbox 2162 5098 3794 5184">
     <span class='ocr_line' id='line_1_111' title="bbox 2162 5098 3794 5184; baseline 0 -24"><span class='ocrx_word' id='word_1_842' title='bbox 2162 5103 2300 5176; x_wconf 66' lang='grc' dir='ltr'>ἰρθὲιις</span> <span class='ocrx_word' id='word_1_843' title='bbox 2359 5102 2453 5178; x_wconf 75' lang='grc' dir='ltr'>μὲν</span> <span class='ocrx_word' id='word_1_844' title='bbox 2525 5107 2612 5161; x_wconf 82' lang='grc' dir='ltr'>καὶ</span> <span class='ocrx_word' id='word_1_845' title='bbox 2675 5103 2918 5184; x_wconf 78' lang='grc' dir='ltr'>ἀκριϐεῖς</span> <span class='ocrx_word' id='word_1_846' title='bbox 2991 5121 3166 5163; x_wconf 74' lang='grc' dir='ltr'>ποιεῖν</span> <span class='ocrx_word' id='word_1_847' title='bbox 3210 5107 3450 5180; x_wconf 62' lang='grc' dir='ltr'>ἐντολὰς,</span> <span class='ocrx_word' id='word_1_848' title='bbox 3525 5105 3681 5161; x_wconf 73' lang='grc' dir='ltr'>αὖτὸν</span> <span class='ocrx_word' id='word_1_849' title='bbox 3741 5098 3794 5154; x_wconf 67' lang='grc' dir='ltr'>δὲ</span> 
     </span>
    </p>
   </div>
   <div class='ocr_carea' id='block_1_112' title="bbox 405 5184 2078 5276">
    <p class='ocr_par' dir='ltr' id='par_1_112' title="bbox 405 5184 2060 5276">
     <span class='ocr_line' id='line_1_112' title="bbox 405 5184 2060 5276; baseline -0.001 -27"><span class='ocrx_word' id='word_1_850' title='bbox 405 5186 790 5267; x_wconf 90' lang='lat' dir='ltr'><strong>conspicitur,</strong></span> <span class='ocrx_word' id='word_1_851' title='bbox 854 5204 960 5267; x_wconf 90' lang='lat' dir='ltr'>per</span> <span class='ocrx_word' id='word_1_852' title='bbox 1007 5204 1182 5276; x_wconf 80' lang='lat' dir='ltr'><strong>quam</strong></span> <span class='ocrx_word' id='word_1_853' title='bbox 1239 5184 1618 5276; x_wconf 72' lang='lat' dir='ltr'><strong>dilectionem</strong></span> <span class='ocrx_word' id='word_1_854' title='bbox 1653 5185 2060 5276; x_wconf 90' lang='lat' dir='ltr'><strong>habebitper-</strong></span> 
     </span>
    </p>
   </div>
   <div class='ocr_carea' id='block_1_113' title="bbox 2162 5184 3795 5276">
    <p class='ocr_par' dir='ltr' id='par_1_113' title="bbox 2162 5189 3795 5276">
     <span class='ocr_line' id='line_1_113' title="bbox 2162 5189 3795 5276; baseline 0.002 -29"><span class='ocrx_word' id='word_1_855' title='bbox 2162 5191 2462 5270; x_wconf 67' lang='grc' dir='ltr'>νωθρότερον</span> <span class='ocrx_word' id='word_1_856' title='bbox 2545 5192 2860 5271; x_wconf 78' lang='grc' dir='ltr'>διακεῖσθαι,</span> <span class='ocrx_word' id='word_1_857' title='bbox 2967 5195 3096 5276; x_wconf 76' lang='grc' dir='ltr'>ὅπερ</span> <span class='ocrx_word' id='word_1_858' title='bbox 3199 5197 3305 5253; x_wconf 89' lang='grc' dir='ltr'>ἀπὸ</span> <span class='ocrx_word' id='word_1_859' title='bbox 3407 5203 3538 5253; x_wconf 75' lang='grc' dir='ltr'>Θεοῦ</span> <span class='ocrx_word' id='word_1_860' title='bbox 3620 5189 3795 5270; x_wconf 77' lang='grc' dir='ltr'>πόῤῥω</span> 
     </span>
    </p>
   </div>
   <div class='ocr_carea' id='block_1_114' title="bbox 401 5267 2078 5364">
    <p class='ocr_par' dir='ltr' id='par_1_114' title="bbox 401 5273 2058 5355">
     <span class='ocr_line' id='line_1_114' title="bbox 401 5273 2058 5355; baseline -0.001 -17"><span class='ocrx_word' id='word_1_861' title='bbox 401 5276 721 5338; x_wconf 67' lang='lat' dir='ltr'><strong>rectionem</strong></span> <span class='ocrx_word' id='word_1_862' title='bbox 747 5294 879 5355; x_wconf 86' lang='lat' dir='ltr'><strong>quae</strong></span> <span class='ocrx_word' id='word_1_863' title='bbox 923 5285 1008 5337; x_wconf 91' lang='lat' dir='ltr'><strong>est</strong></span> <span class='ocrx_word' id='word_1_864' title='bbox 1051 5277 1107 5335; x_wconf 91' lang='lat' dir='ltr'><strong>in</strong></span> <span class='ocrx_word' id='word_1_865' title='bbox 1137 5274 1282 5348; x_wconf 93' lang='lat' dir='ltr'><strong>Deo,</strong></span> <span class='ocrx_word' id='word_1_866' title='bbox 1315 5273 1451 5335; x_wconf 71' lang='lat'>567</span> <span class='ocrx_word' id='word_1_867' title='bbox 1487 5283 1543 5336; x_wconf 88' lang='lat' dir='ltr'><strong>et</strong></span> <span class='ocrx_word' id='word_1_868' title='bbox 1566 5275 2058 5354; x_wconf 84' lang='lat' dir='ltr'><strong>hujusjudicium</strong></span> 
     </span>
    </p>
   </div>
   <div class='ocr_carea' id='block_1_115' title="bbox 2162 5267 3798 5364">
    <p class='ocr_par' dir='ltr' id='par_1_115' title="bbox 2162 5273 3798 5364">
     <span class='ocr_line' id='line_1_115' title="bbox 2162 5273 3798 5364; baseline 0.001 -29"><span class='ocrx_word' id='word_1_869' title='bbox 2162 5281 2273 5356; x_wconf 65' lang='grc' dir='ltr'>ἐστὶ,</span> <span class='ocrx_word' id='word_1_870' title='bbox 2306 5278 2388 5336; x_wconf 80' lang='grc' dir='ltr'>διὰ</span> <span class='ocrx_word' id='word_1_871' title='bbox 2413 5303 2564 5339; x_wconf 83' lang='grc' dir='ltr'>τουτο</span> <span class='ocrx_word' id='word_1_872' title='bbox 2594 5285 2774 5363; x_wconf 76' lang='grc' dir='ltr'>φησὶν,</span> <span class='ocrx_word' id='word_1_873' title='bbox 2809 5282 2890 5340; x_wconf 83' lang='grc' dir='ltr'>ὅτι</span> <span class='ocrx_word' id='word_1_874' title='bbox 2952 5287 2979 5340; x_wconf 88' lang='lat'>6</span> <span class='ocrx_word' id='word_1_875' title='bbox 3022 5285 3076 5340; x_wconf 78' lang='grc' dir='ltr'>ἐν</span> <span class='ocrx_word' id='word_1_876' title='bbox 3131 5293 3269 5364; x_wconf 86' lang='grc' dir='ltr'>Θεῷ,</span> <span class='ocrx_word' id='word_1_877' title='bbox 3304 5284 3646 5360; x_wconf 75' lang='grc' dir='ltr'>ᾠκειωμένος</span> <span class='ocrx_word' id='word_1_878' title='bbox 3679 5273 3798 5337; x_wconf 81' lang='grc' dir='ltr'>κατ’</span> 
     </span>
    </p>
   </div>
   <div class='ocr_carea' id='block_1_116' title="bbox 401 5364 2078 5454">
    <p class='ocr_par' dir='ltr' id='par_1_116' title="bbox 401 5364 2060 5445">
     <span class='ocr_line' id='line_1_116' title="bbox 401 5364 2060 5445; baseline -0.001 -17"><span class='ocrx_word' id='word_1_879' title='bbox 401 5365 579 5428; x_wconf 80' lang='lat' dir='ltr'><strong>faciet</strong></span> <span class='ocrx_word' id='word_1_880' title='bbox 623 5365 1083 5426; x_wconf 87' lang='lat' dir='ltr'><strong>familiaritatem</strong></span> <span class='ocrx_word' id='word_1_881' title='bbox 1117 5382 1283 5424; x_wconf 89' lang='lat' dir='ltr'><strong>suam</strong></span> <span class='ocrx_word' id='word_1_882' title='bbox 1330 5383 1468 5441; x_wconf 85' lang='lat' dir='ltr'><strong>erga</strong></span> <span class='ocrx_word' id='word_1_883' title='bbox 1498 5364 1704 5426; x_wconf 89' lang='lat' dir='ltr'><strong>Deum.</strong></span> <span class='ocrx_word' id='word_1_884' title='bbox 1735 5364 1851 5426; x_wconf 91' lang='lat' dir='ltr'><strong>Per</strong></span> <span class='ocrx_word' id='word_1_885' title='bbox 1879 5383 2060 5445; x_wconf 89' lang='lat' dir='ltr'><strong>opera</strong></span> 
     </span>
    </p>
   </div>
   <div class='ocr_carea' id='block_1_117' title="bbox 2162 5364 3790 5454">
    <p class='ocr_par' dir='ltr' id='par_1_117' title="bbox 2162 5367 3790 5454">
     <span class='ocr_line' id='line_1_117' title="bbox 2162 5367 3790 5454; baseline 0.003 -30"><span class='ocrx_word' id='word_1_886' title='bbox 2162 5383 2348 5426; x_wconf 75' lang='grc' dir='ltr'>ικεῒνον</span> <span class='ocrx_word' id='word_1_887' title='bbox 2392 5369 2586 5451; x_wconf 73' lang='grc' dir='ltr'>ὀφείλει</span> <span class='ocrx_word' id='word_1_888' title='bbox 2641 5373 2730 5428; x_wconf 88' lang='grc' dir='ltr'>καὶ</span> <span class='ocrx_word' id='word_1_889' title='bbox 2761 5374 2916 5436; x_wconf 69' lang='grc' dir='ltr'>αὐτὸς</span> <span class='ocrx_word' id='word_1_890' title='bbox 2948 5374 3043 5437; x_wconf 70' lang='grc' dir='ltr'>τὰς</span> <span class='ocrx_word' id='word_1_891' title='bbox 3075 5374 3261 5430; x_wconf 71' lang='grc' dir='ltr'>ἑαυτοῦ</span> <span class='ocrx_word' id='word_1_892' title='bbox 3291 5376 3504 5454; x_wconf 85' lang='grc' dir='ltr'>πορείας</span> <span class='ocrx_word' id='word_1_893' title='bbox 3537 5367 3790 5429; x_wconf 65' lang='grc' dir='ltr'>κατευθύ-</span> 
     </span>
    </p>
   </div>
   <div class='ocr_carea' id='block_1_118' title="bbox 402 5451 2078 5536">
    <p class='ocr_par' dir='ltr' id='par_1_118' title="bbox 402 5451 2056 5536">
     <span class='ocr_line' id='line_1_118' title="bbox 402 5451 2056 5536; baseline 0 -20"><span class='ocrx_word' id='word_1_894' title='bbox 402 5473 660 5536; x_wconf 90' lang='lat' dir='ltr'><strong>namque</strong></span> <span class='ocrx_word' id='word_1_895' title='bbox 714 5453 1028 5516; x_wconf 84' lang='lat' dir='ltr'><strong>exhibetur</strong></span> <span class='ocrx_word' id='word_1_896' title='bbox 1063 5451 1626 5532; x_wconf 77' lang='lat' dir='ltr'><strong>perfecta.dilectio.</strong></span> <span class='ocrx_word' id='word_1_897' title='bbox 1662 5457 1881 5517; x_wconf 90' lang='lat' dir='ltr'><strong>Verum</strong></span> <span class='ocrx_word' id='word_1_898' title='bbox 1919 5475 1972 5535; x_wconf 91' lang='lat' dir='ltr'><strong>q-</strong></span> <span class='ocrx_word' id='word_1_899' title='bbox 2004 5455 2056 5516; x_wconf 86' lang='lat' dir='ltr'>ia</span> 
     </span>
    </p>
   </div>
   <div class='ocr_carea' id='block_1_119' title="bbox 2162 5451 2530 5536">
    <p class='ocr_par' dir='ltr' id='par_1_119' title="bbox 2162 5460 2530 5536">
     <span class='ocr_line' id='line_1_119' title="bbox 2162 5460 2530 5536; baseline 0.005 -22"><span class='ocrx_word' id='word_1_900' title='bbox 2162 5479 2245 5514; x_wconf 84' lang='grc' dir='ltr'>ιειν</span> <span class='ocrx_word' id='word_1_901' title='bbox 2277 5466 2366 5514; x_wconf 78' lang='grc' dir='ltr'>τοῦ</span> <span class='ocrx_word' id='word_1_902' title='bbox 2396 5460 2530 5536; x_wconf 88' lang='grc' dir='ltr'>βίου,</span> 
     </span>
    </p>
   </div>
   <div class='ocr_carea' id='block_1_120' title="bbox 399 5544 3792 5637">
    <p class='ocr_par' dir='ltr' id='par_1_120' title="bbox 399 5544 3792 5637">
     <span class='ocr_line' id='line_1_120' title="bbox 399 5544 3792 5637; baseline 0.002 -30"><span class='ocrx_word' id='word_1_903' title='bbox 399 5544 688 5623; x_wconf 89' lang='lat' dir='ltr'><strong>contingit</strong></span> <span class='ocrx_word' id='word_1_904' title='bbox 715 5551 882 5604; x_wconf 87' lang='lat' dir='ltr'><strong>recta</strong></span> <span class='ocrx_word' id='word_1_905' title='bbox 909 5551 968 5604; x_wconf 91' lang='lat' dir='ltr'><strong>et</strong></span> <span class='ocrx_word' id='word_1_906' title='bbox 1005 5552 1209 5606; x_wconf 83' lang='lat' dir='ltr'><strong>exacta</strong></span> <span class='ocrx_word' id='word_1_907' title='bbox 1239 5544 1474 5608; x_wconf 88' lang='lat' dir='ltr'><strong>tradere</strong></span> <span class='ocrx_word' id='word_1_908' title='bbox 1505 5545 1762 5628; x_wconf 90' lang='lat' dir='ltr'><strong>aliquem</strong></span> <span class='ocrx_word' id='word_1_909' title='bbox 1792 5557 2110 5630; x_wconf 87' lang='lat' dir='ltr'><strong>praecepta,</strong></span> <span class='ocrx_word' id='word_1_910' title='bbox 2138 5567 2270 5612; x_wconf 91' lang='lat' dir='ltr'><strong>cum</strong></span> <span class='ocrx_word' id='word_1_911' title='bbox 2296 5557 2492 5613; x_wconf 91' lang='lat' dir='ltr'><strong>tamen</strong></span> <span class='ocrx_word' id='word_1_912' title='bbox 2526 5550 2657 5633; x_wconf 89' lang='lat' dir='ltr'><strong>ipse</strong></span> <span class='ocrx_word' id='word_1_913' title='bbox 2695 5553 2937 5634; x_wconf 90' lang='lat' dir='ltr'><strong>segnius</strong></span> <span class='ocrx_word' id='word_1_914' title='bbox 2982 5553 3062 5616; x_wconf 89' lang='lat' dir='ltr'>sit</span> <span class='ocrx_word' id='word_1_915' title='bbox 3099 5554 3386 5618; x_wconf 80' lang='lat' dir='ltr'><strong>aﬂ‘ectus:</strong></span> <span class='ocrx_word' id='word_1_916' title='bbox 3418 5555 3577 5637; x_wconf 92' lang='lat' dir='ltr'><strong>quod</strong></span> <span class='ocrx_word' id='word_1_917' title='bbox 3610 5553 3792 5628; x_wconf 85' lang='lat' dir='ltr'><strong>longe</strong></span> 
     </span>
    </p>
   </div>
   <div class='ocr_carea' id='block_1_121' title="bbox 475 5711 3796 5799">
    <p class='ocr_par' dir='ltr' id='par_1_121' title="bbox 475 5711 3796 5799">
     <span class='ocr_line' id='line_1_121' title="bbox 475 5711 3796 5799; baseline 0.005 -24"><span class='ocrx_word' id='word_1_918' title='bbox 475 5712 541 5767; x_wconf 71' lang='lat'>56</span> <span class='ocrx_word' id='word_1_919' title='bbox 568 5712 774 5799; x_wconf 75' lang='lat' dir='ltr'><strong>Matth.</strong></span> <span class='ocrx_word' id='word_1_920' title='bbox 807 5728 888 5799; x_wconf 61' lang='grc' dir='ltr'>ιχ,</span> <span class='ocrx_word' id='word_1_921' title='bbox 924 5711 963 5799; x_wconf 65' lang='grc'><strong>2</strong></span> <span class='ocrx_word' id='word_1_922' title='bbox 993 5719 1052 5774; x_wconf 88' lang='lat' dir='ltr'><strong>et</strong></span> <span class='ocrx_word' id='word_1_923' title='bbox 1079 5730 1208 5799; x_wconf 78' lang='lat' dir='ltr'><strong>seq.</strong></span> <span class='ocrx_word' id='word_1_924' title='bbox 1282 5715 1550 5799; x_wconf 48' lang='grc' dir='ltr'>Δἐτι-,ξοειιι</span> <span class='ocrx_word' id='word_1_925' title='bbox 1583 5733 1683 5790; x_wconf 84' lang='lat' dir='ltr'><strong>xx,</strong></span> <span class='ocrx_word' id='word_1_926' title='bbox 1711 5716 1812 5799; x_wconf 76' lang='lat'>23.</span> <span class='ocrx_word' id='word_1_927' title='bbox 1897 5718 2156 5799; x_wconf 66' lang='lat' dir='ltr'><strong>5§.|_oan.</strong></span> <span class='ocrx_word' id='word_1_928' title='bbox 2194 5735 2239 5794; x_wconf 90' lang='grc' dir='ltr'>ι,</span> <span class='ocrx_word' id='word_1_929' title='bbox 2284 5718 2380 5783; x_wconf 91' lang='grc'>10.</span> <span class='ocrx_word' id='word_1_930' title='bbox 2466 5721 2531 5772; x_wconf 72' lang='lat'>89</span> <span class='ocrx_word' id='word_1_931' title='bbox 2558 5719 2716 5784; x_wconf 91' lang='lat' dir='ltr'><strong>Psal.</strong></span> <span class='ocrx_word' id='word_1_932' title='bbox 2747 5738 2991 5799; x_wconf 76' lang='lat' dir='ltr'>cxxxnx,</span> <span class='ocrx_word' id='word_1_933' title='bbox 3033 5724 3086 5787; x_wconf 87' lang='lat' dir='ltr'><strong>l.</strong></span> <span class='ocrx_word' id='word_1_934' title='bbox 3172 5724 3236 5776; x_wconf 77' lang='grc' dir='ltr'>ϐο</span> <span class='ocrx_word' id='word_1_935' title='bbox 3267 5723 3424 5789; x_wconf 87' lang='lat' dir='ltr'><strong>Psal.</strong></span> <span class='ocrx_word' id='word_1_936' title='bbox 3459 5743 3500 5796; x_wconf 88' lang='grc' dir='ltr'>ι,</span> <span class='ocrx_word' id='word_1_937' title='bbox 3534 5727 3595 5790; x_wconf 88' lang='grc'>6.</span> <span class='ocrx_word' id='word_1_938' title='bbox 3681 5718 3738 5772; x_wconf 74' lang='grc'>⁶¹</span> <span class='ocrx_word' id='word_1_939' title='bbox 3772 5720 3796 5782; x_wconf 88' lang='grc' dir='ltr'>Ι</span> 
     </span>
    </p>
   </div>
   <div class='ocr_carea' id='block_1_122' title="bbox 395 5791 2078 5876">
    <p class='ocr_par' dir='ltr' id='par_1_122' title="bbox 395 5791 2057 5875">
     <span class='ocr_line' id='line_1_122' title="bbox 395 5791 2057 5875; baseline -0.001 -13"><span class='ocrx_word' id='word_1_940' title='bbox 395 5794 531 5862; x_wconf 80' lang='lat' dir='ltr'><strong>Cor.</strong></span> <span class='ocrx_word' id='word_1_941' title='bbox 567 5811 694 5874; x_wconf 79' lang='lat' dir='ltr'><strong>xui,</strong></span> <span class='ocrx_word' id='word_1_942' title='bbox 727 5793 766 5858; x_wconf 88' lang='lat'>6</span> <span class='ocrx_word' id='word_1_943' title='bbox 798 5813 814 5875; x_wconf 86' lang='lat'><strong>;</strong></span> <span class='ocrx_word' id='word_1_944' title='bbox 847 5791 977 5858; x_wconf 86' lang='lat' dir='ltr'><strong>Gal.</strong></span> <span class='ocrx_word' id='word_1_945' title='bbox 1011 5809 1092 5873; x_wconf 87' lang='lat' dir='ltr'>tv,</span> <span class='ocrx_word' id='word_1_946' title='bbox 1125 5791 1188 5857; x_wconf 59' lang='lat'>9&#39;.</span> <span class='ocrx_word' id='word_1_947' title='bbox 1272 5794 1332 5844; x_wconf 67' lang='grc'>6³</span> <span class='ocrx_word' id='word_1_948' title='bbox 1359 5795 1410 5859; x_wconf 89' lang='lat' dir='ltr'>Il</span> <span class='ocrx_word' id='word_1_949' title='bbox 1440 5794 1598 5858; x_wconf 87' lang='lat' dir='ltr'><strong>Tim.</strong></span> <span class='ocrx_word' id='word_1_950' title='bbox 1637 5813 1702 5871; x_wconf 83' lang='grc' dir='ltr'>ιι,</span> <span class='ocrx_word' id='word_1_951' title='bbox 1737 5797 1836 5858; x_wconf 83' lang='lat' dir='ltr'><strong>tl.</strong></span> <span class='ocrx_word' id='word_1_952' title='bbox 1923 5797 1977 5842; x_wconf 78' lang='lat'><strong><em>63</em></strong></span> <span class='ocrx_word' id='word_1_953' title='bbox 2008 5797 2057 5860; x_wconf 91' lang='lat' dir='ltr'><strong>II</strong></span> 
     </span>
    </p>
   </div>
   <div class='ocr_carea' id='block_1_123' title="bbox 2162 5791 2448 5876">
    <p class='ocr_par' dir='ltr' id='par_1_123' title="bbox 2162 5791 2448 5876">
     <span class='ocr_line' id='line_1_123' title="bbox 2162 5791 2448 5876; baseline -0.003 -15"><span class='ocrx_word' id='word_1_954' title='bbox 2162 5791 2232 5862; x_wconf 72' lang='lat' dir='ltr'><strong>&gt;r.</strong></span> <span class='ocrx_word' id='word_1_955' title='bbox 2255 5817 2316 5876; x_wconf 90' lang='lat' dir='ltr'>v,</span> <span class='ocrx_word' id='word_1_956' title='bbox 2347 5801 2448 5864; x_wconf 77' lang='lat'>21.</span> 
     </span>
    </p>
   </div>
   <div class='ocr_carea' id='block_1_124' title="bbox 3172 5723 3595 5796">
    <p class='ocr_par' dir='ltr' id='par_1_124' title="bbox 3172 5723 3595 5796">
     <span class='ocr_line' id='line_1_124' title="bbox 3172 5723 3595 5796; baseline 0.009 -10"><span class='ocrx_word' id='word_1_957' title='bbox 3172 5724 3236 5776; x_wconf 79' lang='grc'>60</span> <span class='ocrx_word' id='word_1_958' title='bbox 3267 5723 3424 5789; x_wconf 86' lang='lat' dir='ltr'><strong>Psal.</strong></span> <span class='ocrx_word' id='word_1_959' title='bbox 3459 5743 3500 5796; x_wconf 84' lang='grc' dir='ltr'>ι,</span> <span class='ocrx_word' id='word_1_960' title='bbox 3534 5727 3595 5790; x_wconf 88' lang='grc'>6.</span> 
     </span>
    </p>
   </div>
  </div>
