4106 6418
380 364 492 430 641
1449 366 1838 433 COMMENT.
1888 369 1968 431 IN
2017 366 2258 430 EPIST.
2307 369 2331 430 Ι
2373 366 2697 432 JOANMIS
3681 361 3798 426 64'?

385 501 448 556 τό
517 501 622 558 ἀπὸ
677 511 769 560 τοῦ
827 500 988 576 μέσου
1047 506 1172 572 πᾶν,
1240 499 1468 581 ἔσχατον
1564 501 1806 581 λέγεσθαι
1891 499 2069 560 οὒδὲνλ

2154 519 2289 560 sum
2311 499 2427 561 est‘?
2449 501 2582 561 dico
2602 518 2742 560 sane
2769 507 3005 578 tempus
3022 519 3055 560 a
3070 498 3301 562 Christo
3321 503 3784 560 natml‘rzeterea

389 589 633 654 ἀπεικός.
697 581 874 646 ιὨστε
919 591 962 645 εἷ
1001 591 1136 647 κατὰ
1177 589 1239 647 τό
1294 590 1454 666 μέσον
1482 591 1578 659 τῆς
1620 592 1920 671 χιλιοετοῦς
1951 589 2042 648 δε-

2162 593 2172 647 i
2206 589 2495 670 cujusque
2521 589 2608 650 rei
2637 588 2696 650 in
2732 590 2842 649 tria
2873 589 3323 668 divisze,uempe
3348 587 3627 668 primum,
3666 604 3785 647 me-

389 677 605 745 κάδοςὸ
661 679 848 758 Κύριος
908 679 1227 758 παρεγένετο
1273 678 1488 760 (σχεδόν
1533 681 1633 758 γὰρ
1693 682 1744 736 ἐν
1793 688 1870 755 τῷ
1911 702 2044 737 πεν-

2154 677 2288 737 lium
2313 698 2380 738 ac
2428 677 3055 758 novissimurn.utique
3083 675 3365 758 quidquid
3401 695 3434 736 a
3466 675 3664 736 medio
3692 693 3790 734 sc-

393 767 814 848 τακισχιλιοστῷ
865 771 899 837 ἡ
984 769 1036 824 ἒν
1095 775 1166 846 γῇ
1233 770 1486 847 παρουσία
1565 769 1773 848 αὖτοῦ),
1829 772 1891 826 τὸ
1940 769 2045 826 ἀπὸ

2154 769 2352 848 luitur,
2386 769 2502 830 dici
2533 768 2915 829 uovissimum
2950 769 3147 830 nullus
3179 767 3499 828 absurdum
3533 764 3781 828 indicat.

393 858 578 914 τούτου
633 860 706 922 ὡς
767 857 874 914 ἀπ’)
941 864 1035 916 τοῦ
1089 858 1252 933 μέσου
1317 864 1444 937 πᾶν,
1505 857 1734 938 ἔσχατον
1776 857 2042 936 λέγεσθαι,

2154 856 2304 918 Ierte
2333 856 2386 919 si
2410 858 2582 938 juxta
2615 857 2873 919 medium
2907 857 3059 918 decio
3084 876 3112 918 s
3141 857 3302 918 mille
3346 873 3636 918 annorum
3675 849 3788 915 D‘o-

395 943 559 1008 οὒδεὶς
587 945 650 1002 ἅν
694 946 988 1022 μέμφοιτο.
1024 953 1140 1005 Τῶν
1194 947 1294 1026 γὰρ
1355 947 1543 1003 ἑκατόν
1605 947 1728 1027 φέρε
1767 946 1922 1019 ἐτῶν,
1961 949 2050 1004 καὶ

397 1034 464 1090 τὰ
492 1037 696 1114 πρῶτα,
760 1033 878 1102 ἦτοι
922 1037 986 1091 τὰ
1048 1034 1194 1115 δέκα,
1254 1035 1339 1092 κσὶ
1396 1036 1460 1092 τὰ
1503 1034 1699 1108 εἴκοσι,
1758 1037 1846 1093 καὶ
1902 1035 2047 1111 ἑξῆς,

395 1120 634 1202 ἔσχατον
690 1122 752 1179 ἄν
813 1124 1016 1202 ῥηθείη,
1078 1124 1256 1187 Οὕτως
1315 1123 1404 1179 οὗν
1462 1125 1747 1197 κάνταῦθα,
1808 1125 1920 1181 ἐπεὶ
1989 1127 2050 1180 τὸ

398 1210 560 1286 μέσον
617 1211 723 1268 ἀπὸ
778 1213 878 1278 τῆς
939 1222 1030 1271 τοῦ
1106 1213 1291 1292 Καρίου
1342 1211 1591 1278 ἐλεύσεως
1661 1216 1695 1282 ἡ
1771 1212 2051 1294 χιλιοετὴς

399 1297 628 1377 ὑπερέϐη
715 1302 929 1380 σωρεία,
1001 1299 1179 1364 καλῶς
1239 1299 1302 1357 ἂν
1357 1301 1496 1358 ἅπαν
1564 1301 1626 1358 τό
1696 1303 1802 1360 ἀπὸ
1871 1304 2053 1360 τούτου

401 1387 634 1470 ἔσχατον
683 1387 914 1467 Αέγοιτο.
963 1392 1127 1448 Τοῦτο
1171 1390 1269 1466 μὲν
1330 1393 1418 1447 οὖν
1474 1392 1534 1446 τὸ
1583 1389 1938 1458 ἀληθέστατον
1963 1393 2053 1449 καὶ

399 1479 536 1535 κατὰ
567 1479 658 1534 τόν
689 1486 917 1558 χρυσοῦν
964 1478 1237 1546 Ἰωάννην.
1310 1468 1474 1538 ’Ἐστι
1519 1478 1572 1536 δὲ
1614 1482 1676 1537 τὸ
1703 1481 1935 1562 ἔσχατον
1965 1483 2052 1537 καὶ

403 1569 537 1625 κατᾶ
585 1569 646 1624 τὸ
704 1569 972 1647 χείριστον
1042 1567 1311 1644 ἐκλαϐεῖν,
1378 1561 1469 1633 Ὠς
1526 1569 1654 1626 ὅταν
1710 1572 1906 1651 φαμὲν,
1966 1572 2054 1634 Εἷς

403 1655 634 1735 ἔσχατον
666 1657 900 1737 ἀφῖγμαι
961 1668 1150 1717 κακοῦ.
1209 1659 1358 1716 Ἐπεὶ
1417 1660 1503 1716 οὗν
1561 1661 1588 1716 ὁ
1643 1659 1844 1736 κόσμος
1897 1681 2054 1727 τηνι-

2135 946 2329 1007 minus
2360 947 2593 1008 advenit
2627 946 2945 1026 (siquidem
3000 947 3128 1025 ejus
3182 947 3236 1006 in
3296 953 3452 1006 terra
3501 945 3787 1004 adventus

2133 1035 2322 1096 ferme
2343 1054 2498 1096 anno
2515 1035 2833 1116 quinquies
2858 1033 3631 1115 millesimofuitt,quidquid
3649 1031 3788 1093 hinc

2135 1123 2424 1202 succedit,
2461 1133 2735 1204 tanquam
2790 1124 2846 1184 id
2889 1121 3045 1204 quod
3107 1123 3366 1184 medium
3412 1124 3700 1201 sequitur,
3737 1119 3788 1180 si

2138 1221 2464 1272 extremum
2499 1233 2566 1273 ac
2609 1212 2993 1273 novissimum
3025 1211 3276 1286 dicatur,
3326 1209 3524 1270 nullus
3574 1208 3784 1270 merito

2138 1301 2325 1381 possit
2376 1301 2823 1381 reprehendere
2864 1323 2876 1362 :
2915 1308 3152 1362 centum
3215 1298 3376 1360 enim
3419 1297 3582 1359 verbi
3613 1316 3787 1358 causa

2135 1389 2305 1452 annis
2335 1391 2508 1451 etiam
2547 1390 2743 1469 primi,
2777 1391 2990 1452 decem
3050 1388 3326 1450 videlicet
3367 1395 3468 1449 aut
3498 1386 3704 1466 viginti
3729 1395 3789 1448 et

2135 1479 2222 1539 sic
2252 1478 2326 1538 de
2355 1478 2764 1559 sequentibus,
2800 1477 3099 1539 novissimi
3132 1477 3497 1538 dicerentur.
3535 1475 3614 1536 lta
3645 1494 3783 1553 ergo

2137 1575 2194 1631 et
2223 1569 2344 1641 hic,
2379 1569 2656 1649 quoniam
2695 1579 2961 1648 tempore
2986 1567 3272 1629 adventus
3322 1563 3558 1628 Domini
3592 1565 3789 1626 media

2139 1658 2606 1719 millenariorum
2633 1675 2922 1718 annorum
2941 1657 3254 1736 congeries
3279 1654 3789 1734 transierat,quid-

403 1754 569 1804 καῦτα
632 1745 718 1801 ἐπὶ
777 1744 1024 1825 μεγάλων
1094 1745 1308 1808 ἐσάλευε
1380 1749 1584 1823 κακῶν,
1667 1755 1758 1805 τοῦ
1815 1746 2057 1805 διαϐόλου

2154 1747 2280 1826 quid
2314 1746 2386 1807 ab
2429 1747 2539 1808 hoc
2564 1746 2855 1827 sequitur,
2891 1755 3052 1809 recte
3085 1745 3467 1806 novissimum
3518 1745 3639 1805 sive
3689 1758 3791 1804 ex-

406 1842 568 1892 ταῦτα
598 1834 733 1909 μετὰ
782 1835 880 1901 τὴν
908 1845 1001 1895 τοῦ
1072 1836 1269 1915 ἀγαθοῦ
1323 1839 1612 1916 παρουσίαν
1682 1857 2057 1917 πραγματε.ο-

408 1921 589 1997 μένου,
636 1922 754 1990 ἤτοι
800 1925 980 2004 πείρας
1038 1925 1214 1982 ἕνεκεν
1272 1933 1379 1983 τῶν
1437 1927 1667 2006 ἀγαθῶν,
1741 1930 1776 1993 ἢ
1819 1930 1906 1984 καὶ
1937 1949 2059 2003 συγ-

408 2011 618 2090 χύσεως
648 2019 755 2068 τῶν
785 2012 1185 2093 χρηστοτέρων,
1230 2016 1305 2078 ὡς
1335 2013 1398 2070 ἂν
1427 2017 1506 2091 μὴ
1567 2014 1686 2095 ’έχοι
1745 2037 1825 2079 τις
1858 2014 2058 2094 διακρί-

407 2120 515 2154 νειν
546 2100 592 2156 τί
620 2100 680 2158 τὸ
711 2100 873 2158 καλόν
916 2123 974 2158 τε
1004 2104 1091 2159 καὶ
1147 2106 1206 2161 οὖ
1248 2102 1433 2175 καλὸν,
1470 2101 1554 2159 διὰ
1609 2111 1764 2161 τοῦτο
1821 2104 2060 2184 ἐσχάτην

412 2188 629 2267 εἴρηκεν
659 2189 800 2270 ὥραν
827 2193 919 2247 τὸν
951 2192 1147 2272 χρόνον
1177 2192 1405 2272 ἐκεῖνον,
1457 2195 1530 2257 ὡς
1573 2201 1666 2250 τοῦ
1713 2193 1944 2273 ἐσχάτου
2000 2195 2061 2249 τὸ

412 2280 684 2357 χείριστον
743 2280 1144 2361 εἰσηγουμένου,
1218 2284 1292 2346 ὡς
1349 2283 1410 2337 ἄν
1481 2285 1662 2362 τρυγὸς
1738 2282 1774 2351 ἢ
1827 2282 2062 2339 ὑποστά-

407 2369 545 2442 θμης
575 2365 865 2447 ἐπέχοντος
913 2368 1094 2448 λόγον,
1156 2375 1434 2430 Πιστοῦται
1467 2369 1520 2426 δὲ
1565 2373 1624 2428 τὸ
1671 2377 1770 2439 τῆς
1826 2371 2061 2451 ἐσχάτης

411 2455 573 2533 ὥρας.
607 2455 735 2513 ὦτοι
768 2462 864 2523 τῆς
896 2459 1196 2538 χειρίστης,
1241 2459 1276 2527 ἢ
1328 2461 1416 2516 καὶ
1471 2461 1566 2528 τῆς
1612 2468 1701 2517 τοῦ
1731 2460 1924 2541 χρόνου
1966 2463 2060 2518 οὒ-

411 2546 550 2619 σίας,
583 2545 687 2601 ἀπὸ
717 2545 810 2602 τοῦ
860 2544 1249 2627 ’Λντιχρίστου,
1283 2549 1340 2605 Εἰ
1369 2550 1490 2627 γὰρ,
1551 2551 1700 2630 φησὶ,
1759 2551 1850 2605 τὸν
1882 2547 2060 2605 ’Λντί-

411 2655 633 2714 χριστον
717 2635 772 2690 ἐν
837 2635 1084 2716 ἐσχάτοις
1135 2650 1341 2717 καιροῖς
1397 2636 1799 2718 προσδοκῶμεν,
1852 2648 1939 2697 νῦν
2008 2635 2064 2694 δὲ

415 2723 749 2803 ἀντίχριστοι
815 2723 1007 2782 πολλοί
1073 2724 1407 2783 ἐπεπόλασαν
1473 2731 1550 2802 τῷ
1629 2727 1728 2804 βίῳ
1788 2726 1952 2807 (λέγει
2010 2724 2060 2784 δὲ

420 2813 672 2890 Κήρινθον
699 2815 786 2870 καὶ
830 2815 948 2878 τοὺς
1008 2814 1219 2890 ὁμοίους
1278 2813 1509 2892 ἐκείνῳ),
1570 2815 1786 2884 εὔδηλον
1840 2816 1918 2874 ὅτι
1977 2818 2064 2873 καὶ

415 2902 600 2980 καιρὸς
655 2901 752 2970 τῆς
830 2903 1128 2966 συντελείας
1215 2901 1496 2982 ἐφέστηκε,
1585 2903 2065 2982 προοδοποιούντων

2143 1847 2394 1895 tremum
2429 1835 2543 1895 diri
2597 1843 2811 1916 potest.
2844 1834 2969 1897 Hoc
3029 1834 3226 1915 itaque
3279 1833 3654 1894 verissimum
3703 1840 3794 1893 est

2144 1925 2318 1986 etiam
2352 1927 2679 1986 secundum
2713 1927 3004 1986 Joannem
3038 1923 3541 2004 Chrysostomum.
3598 1920 3794 1982 Potest

2144 2033 2380 2094 quoque
2415 2015 2793 2075 novissimum
2822 2015 2945 2075 sive
2977 2023 3306 2074 extremum
3337 2009 3586 2090 intelligi
3611 2010 3796 2089 pessi-

2144 2123 2330 2179 mum,
2356 2103 2505 2164 sicut
2529 2123 2661 2165 cum
2694 2103 2949 2165 dicimus
2976 2123 2988 2161 ;
3016 2102 3101 2164 Ad
3137 2110 3468 2163 extremum
3505 2100 3640 2162 mali
3667 2118 3796 2180 per-

2145 2191 2616 2264 venit.Quoniam
2639 2211 2778 2269 ergo
2799 2191 3056 2253 mundus
3071 2199 3207 2252 tunc
3225 2193 3452 2271 magnis
3466 2188 3798 2267 agitabatur

2145 2281 2339 2354 malis,
2403 2281 2641 2344 diabolo
2697 2281 2806 2343 ista
2868 2280 3242 2342 machinante
3297 2289 3425 2360 post
3473 2280 3788 2341 adventum

2143 2371 2306 2434 illius
2335 2370 2762 2443 salutaris,sive
2790 2371 2861 2432 ad
2888 2369 3271 2431 tentationem
3319 2368 3633 2442 bonorum,
3668 2367 3792 2429 sive

2144 2461 2215 2522 ad
2249 2459 2654 2520 confusionem
2685 2477 2889 2520 eorum
2914 2478 3044 2540 quin
3063 2457 3306 2520 meliora
3335 2465 3577 2537 sunt,ne
3601 2464 3796 2537 posset

2148 2549 2279 2630 quis
2310 2549 2651 2610 discernere
2683 2549 2822 2630 quid
2854 2559 3011 2611 esset
3041 2549 3260 2610 bonum
3290 2555 3346 2608 et
3369 2548 3512 2626 quid
3545 2565 3660 2608 non
3693 2545 3796 2607 bo-

2149 2657 2311 2700 num:
2343 2648 2650 2719 propterea
2675 2648 2907 2720 tempus
2930 2637 3070 2699 illud
3102 2637 3645 2698 dixitnovissimam
3681 2636 3793 2696 ho-

2149 2748 2296 2798 ram,
2335 2737 2612 2809 quautam
2645 2738 2910 2791 extremo
2934 2728 3268 2791 adducente
3314 2726 3371 2788 id
3405 2725 3561 2807 quod
3598 2727 3794 2805 pessi-

2152 2836 2310 2877 mum
2336 2825 2445 2890 est,
2473 2835 2604 2877 cum
2625 2815 2768 2878 fecis
2789 2835 2856 2877 ac
2881 2815 3384 2878 crassissimarum
3412 2812 3799 2893 reliquiarum

2151 2905 2361 2968 habeat
2393 2905 2711 2968 rationem.
2747 2906 3068 2968 Conﬁrmat
3097 2917 3292 2966 autem
3320 2912 3645 2965 extremam
3666 2917 3798 2963 esse

415 2991 524 3046 τῶν
606 2989 820 3049 πολλῶν
919 2991 1267 3072 ἀντιχρίστων
1377 2994 1472 3051 ἑνί.
1560 2995 1698 3052 Εἶτα
1781 2997 1934 3052 τοῦτο
2025 2997 2068 3051 εἷ

419 3080 537 3136 πὼν
584 3078 817 3162 ἐπιφέρει
874 3081 964 3138 καὶ
1019 3081 1125 3138 ἆπό
1178 3083 1332 3140 τίνων
1376 3084 1451 3160 οἱς
1483 3083 1833 3165 ἀντίχριστοι,
1894 3083 1973 3141 ὅτι
2017 3083 2069 3150 ἐξ

414 3169 592 3244 ἡμῶν.
2081 3183 2122 3234 C
2148 3171 2362 3253 inquit,
2379 3171 2439 3233 iu
2456 3173 2796 3235 novissimis
2811 3171 3176 3253 temporibus
3197 3181 3801 3252 exspectamus,nunc
3849 3230 3857 3239 ,

419 3263 618 3318 autem
648 3255 983 3320 antichristi
1012 3258 1179 3320 multi
1209 3268 1520 3323 versantur
1546 3260 1606 3322 in
1659 3260 1769 3323 hac
1799 3261 1914 3325 vita
1952 3261 2123 3344 (dicit
2151 3271 2348 3325 autem
2383 3260 2731 3324 Cerinlhum
2763 3262 2969 3342 illique
2991 3261 3272 3343 similes),
3307 3258 3684 3320 manifestum
3717 3265 3807 3318 est

420 3344 578 3433 quod
609 3353 846 3426 tempus
875 3348 1404 3411 consummationis
1432 3349 1762 3426 immineat,
1798 3350 1941 3414 dum
1997 3352 2166 3414 multi
2215 3351 2551 3414 antichristi
2591 3371 2769 3413 unum
2805 3351 3168 3433 praecedunt,
3201 3351 3431 3431 iterque
3453 3348 3539 3410 illi
3570 3354 3805 3429 parant,

419 3432 653 3496 Deinde
678 3433 791 3496 hoc
818 3433 974 3498 dicto
1007 3436 1311 3519 subjungit
1349 3440 1513 3501 unde
1545 3439 1667 3502 sint
1695 3439 2052 3518 antichristi,
2088 3459 2306 3520 nempc
2339 3442 2492 3522 quod
2529 3460 2597 3504 ex
2633 3432 2826 3516 nobis,
2855 3451 2970 3505 etc.

511 3547 538 3580 κ
611 3522 700 3590 Ἐξ
755 3526 908 3601 ἡμῶν
979 3525 1217 3609 ἐξῆλθον,
1274 3527 1394 3586 ἀλλ’
1470 3531 1562 3587 οὒκ
1633 3533 1767 3598 ἦσαν
1812 3531 1864 3596 ἐξ
1918 3529 2069 3607 ἡμῶν

2237 3529 2310 3605 ΙΙ,
2348 3531 2547 3594 19-21.
2585 3531 2691 3594 Ea:
2715 3532 2885 3594 nobis
2906 3532 3130 3613 egressi
3151 3535 3315 3610 sunt,
3347 3529 3452 3592 sed
3480 3545 3602 3589 non
3633 3533 3806 3589 erant

428 3616 486 3672 El
545 3615 646 3694 γὰρ
713 3615 847 3682 ἦσαν
935 3614 987 3683 ἐξ
1083 3619 1263 3700 ἡμῶν,
1337 3620 1729 3696 μεμενήκεσαν
1813 3619 1876 3677 ἂν
1959 3621 2069 3696 μεθ’

2155 3637 2232 3681 err-
2263 3618 2433 3680 nobz’s
2467 3635 2480 3681 :
2517 3637 2656 3681 nam
2689 3625 2744 3681 si
2786 3621 3046 3698 fuissent
3075 3636 3150 3680 ea:
3179 3617 3371 3690 nobis,
3423 3617 3806 3698 permansis-

422 3705 602 3778 ⁴ἡμῶν.
664 3700 818 3760 Ἀλλ’
883 3703 976 3762 ’ίνα
1039 3708 1432 3788 φανερωθῶσιν,
1483 3707 1563 3764 ὅτι
1633 3710 1726 3765 οὒκ
1783 3709 1879 3765 εἰσὶ
1932 3709 2069 3766 πάν-

2155 3717 2287 3771 sent
2342 3709 2551 3789 utique
2598 3709 2925 3789 nobiseum,
2983 3710 3090 3769 sed
3137 3715 3206 3769 ut
3254 3705 3572 3785 mani/esti
3597 3705 3811 3784 ﬁerent

427 3813 515 3856 τες
587 3791 639 3859 ἕξ
706 3795 885 3874 ἡμῶν,
955 3797 1043 3853 καὶ
1113 3797 1271 3873 ὑμεῖς
1329 3819 1561 3877 χρισμα³
1604 3796 1759 3878 ἔχετε
1811 3797 1918 3854 ἀπὸ
1985 3800 2069 3854 τοῦ

2161 3795 2320 3878 quod
2339 3814 2461 3860 non
2489 3799 2611 3860 sint
2641 3817 2847 3860 omnes
2866 3817 2940 3861 ea:
2959 3797 3154 3860 nobis.
3187 3796 3302 3859 Sed
3333 3814 3437 3858 vos
3468 3797 3809 3856 unctionem

429 3883 603 3962 ἁγίου,
645 3884 736 3940 καὶ
787 3882 966 3940 οἴδατε
1053 3886 1248 3965 πάντα,
1323 3889 1418 3945 οὐκ
1495 3885 1702 3966 ἔγραψα
1799 3889 1930 3962 ὑμῖν
1998 3886 2069 3943 ὅτι

2162 3886 2394 3950 habetis
2422 3905 2460 3949 α
2491 3895 2700 3950 sancto
2731 3887 2864 3964 illo,
2898 3896 2955 3950 et
2982 3889 3176 3949 nostis
3205 3887 3432 3948 omnia.
3456 3885 3588 3945 Non
3615 3883 3806 3963 scrip-

429 3975 523 4031 οὒκ
617 3970 798 4036 οἴδατε
851 3973 954 4042 τὴν
1024 3972 1298 4050 ἀλήθειαν,
1364 3972 1485 4032 ἀλλ’
1575 3974 1657 4032 ὅτι
1743 3973 1923 4032 οἴδατε
1981 3975 2069 4032 αὖ·

2162 3981 2218 4037 si
2248 3974 2415 4038 vobis
2435 3977 2591 4056 quod
2618 3977 2928 4040 nesciretis
2956 3977 3300 4053 veritatem,
3329 3972 3436 4034 sed
3467 3971 3624 4052 quod
3642 3973 3815 4034 scire-

433 4063 557 4142 τὴν,
627 4063 717 4119 καὶ
782 4062 862 4119 ὅτι
905 4069 1012 4120 πᾶν
1069 4061 1258 4140 ψεῦδος
1334 4063 1395 4122 ἐκ
1491 4067 1590 4134 τῆς
1688 4063 1932 4134 ἀληθείας
1988 4069 2069 4125 οὖν

2167 4069 2240 4128 tis
2261 4065 2456 4140 illam,
2483 4067 2766 4148 quodque
2793 4084 2966 4129 omne
2992 4063 3379 4128 mendacium
3430 4079 3512 4124 ex:
3561 4061 3818 4124 veritate

431 4150 565 4212 ἔστι.
623 4169 648 4208 ι

2165 4173 2287 4216 non
2316 4162 2425 4217 est.

520 4263 543 4296 ι
599 4236 688 4306 Ἐξ
716 4241 870 4315 ἡμῶν
954 4239 1193 4309 ἐξῆλθον.
1233 4264 1258 4300 ι
1321 4241 1591 4323 Ἐπιφέρει
1650 4241 1705 4299 δὲ
1759 4245 1848 4301 καὶ
1901 4251 2069 4325 τοῦτοε

2249 4235 2388 4295 574
2417 4263 2441 4291 α
2478 4233 2557 4297 Ex
2589 4234 2759 4325 nobis
2785 4233 3008 4314 egressi
3033 4241 3239 4325 sunt.)
3271 4229 3585 4325 Subjungit
3617 4235 3816 4325 autem

435 4328 601 4408 μηδὲν
632 4331 704 4394 εἷς
770 4331 1060 4410 σαφήνειαν
1103 4340 1196 4391 τοῦ
1238 4328 1398 4411 λόγου
1441 4317 1870 4408 διοικησάμενος.
1931 4317 2069 4412 Λέγό

2168 4334 2224 4386 et
2247 4325 2523 4406 hoc,cum
2558 4324 2704 4386 nihil
2727 4323 3070 4404 deposuerit
3091 4331 3189 4386 aut
3211 4319 3598 4412 praeposuerit
3626 4317 3698 4380 ad
3725 4331 3824 4381 ex-

440 4418 496 4476 δέ
550 4418 728 4498 ὥσπερ
783 4409 1124 4494 ἔρωτήσαντα
1184 4409 1392 4500 ἑαυτόν,
1482 4419 1587 4496 ὅτι,
1671 4423 1772 4480 Καὶ
1827 4420 1983 4480 πόθεν
2020 4409 2068 4478 -ο

2173 4414 2570 4496 planationem
2603 4413 2899 4476 sermonis
2933 4437 2946 4474 :
2982 4413 3116 4475 dico
3139 4421 3336 4475 autem
3360 4409 3818 4500 quasiseipsum

437 4496 762 4590 ἀντίχριστοι
806 4509 947 4565 οὗτοι
979 4528 997 4589 ς
1045 4508 1168 4566 εἶτα
1198 4509 1317 4567 τότε
1361 4496 1674 4590 έπενεγκεῒν
1702 4512 1784 4585 τὸ,
1821 4508 1906 4576 Ἐξ

2175 4504 2637 4583 interrogasset:
2672 4502 2742 4564 Et
2771 4502 2932 4564 unde
2955 4511 3093 4563 sunt
3124 4500 3184 4562 hi
3217 4496 3827 4590 antichristi?_deinde

437 4584 678 4666 ἐξῆλθον.
709 4596 885 4661 Οὕτως
931 4584 1047 4654 δέον
1104 4602 1348 4674 ποιῆσαι,
1405 4599 1464 4655 οὒ
1527 4584 1684 4658 τοῦτο
1725 4584 1896 4670 ποιεῖ,
1955 4584 2069 4657 ἆλλέ

2179 4601 2313 4653 tunc
2335 4593 2762 4672 subjunxisset,
2797 4595 2878 4654 Ex
2915 4591 3086 4654 nobis
3115 4589 3340 4670 egressi
3369 4599 3529 4651 sunt.
3566 4587 3727 4674 Ουωῄ
3745 4584 3828 4646 ita

2151 2995 2382 3075 horam,
2419 2995 2543 3055 sive
2577 2994 2912 3076 pessimam,
2950 2993 3124 3055 etiam
3151 2994 3320 3073 juxta
3347 2992 3634 3072 temporis
3662 2987 3803 3051 sub-

2153 3084 2428 3146 stantiam
2479 3084 2553 3145 ab
2605 3085 2992 3147 Antichristo.
3045 3085 3192 3146 Nam
3243 3083 3290 3143 si
3345 3079 3798 3153 Antichristum,

442 4685 854 4766 συγκεχυμένως
905 4685 1095 4762 οὕτως,
1171 4685 1306 4752 ἴσως
1361 4693 1432 4765 τῇ
1473 4687 1729 4768 συγχύσει
1785 4694 1876 4745 τοῦ
1905 4685 2090 4768 λόγου,

2187 4680 2378 4744 facere
2407 4681 2786 4762 oportuisset,
2813 4695 2930 4742 non
2959 4678 3071 4742 hoc
3099 4677 3262 4759 facit,
3289 4677 3393 4740 sed
3423 4675 3692 4755 confuse,
3714 4672 3827 4735 ho‘c

438 4763 662 4856 ’τὸ-περὶ
721 4774 907 4839 αὐτοὺς
964 4773 1124 4843 ἀηδὲς
1193 4763 1616 4853 ἐνδεικνύμενοςί
1684 4774 1854 4856 ’ίιλλὰ
1903 4763 1995 4834 διὰ*
2022 4855 2027 4856 γ
2053 4801 2069 4834 ’1

2189 4770 2368 4832 modo
2421 4771 2684 4832 fortassis
2741 4766 3442 4856 confusionesermouis
3496 4763 3831 4856 ostendens

441 4865 546 4923 ἆπὸ
574 4852 680 4922 τῶν
735 4871 828 4922 τοῦ
884 4865 1073 4945 Κυρίου
1128 4869 1382 4940 μαθητῶν
1431 4852 1488 4922 οἱ
1549 4852 1929 4947 ἀντίχριστοις

440 4954 622 5036 ἔχοιεν
706 4953 768 5012 τὸ
823 4954 1011 5012 πιστὸν
1079 4967 1197 5021 τοῖς
1265 4953 1636 5033 πλανωμένοις
1704 4961 1967 5036 κομιζειν,
2028 4957 2100 5020 ὡς

441 5046 548 5102 ἀπὸ
589 5049 696 5101 τῶν
728 5046 978 5120 μαθητῶν
1027 5042 1197 5125 ὄντες,
1230 5047 1318 5102 καὶ
1375 5046 1511 5104 κατὰ
1551 5044 1652 5114 τήν
1708 5046 1800 5102 τοῦ
1855 5042 2098 5103 διδασκά-

442 5135 536 5192 λου
590 5133 814 5214 γνώμην
879 5136 1151 5198 ποιοῦντες
1209 5137 1304 5192 τοῦ
1349 5135 1691 5214 κηρύγματος
1760 5135 1851 5190 τὸν
1909 5133 2094 5213 λόγον,

443 5223 562 5282 ἄλλ’
619 5224 678 5281 06
732 5223 909 5291 πάντη
962 5222 1276 5288 ἁπεναντίας
1329 5224 1607 5304 φερόμενοι
1663 5226 1756 5282 τοῦ
1809 5224 2096 5304 κηρύγμα-

441 5336 557 5381 τος,
588 5313 687 5370 Διᾶ
707 5320 862 5371 τοῦτο
904 5312 994 5370 οὗν
1022 5312 1130 5371 ἀπὸ
1159 5314 1382 5372 τούτων.
1419 5337 1447 5369 α
1481 5311 1568 5380 Ἐξ
1615 5315 1772 5391 ἡμῶν
1830 5309 1908 5384 δὲ,
1941 5315 2100 5394 φησὶν

447 5403 687 5472 ἐξῆλθον·
722 5427 750 5458 ⁸
831 5403 1115 5482 Γεγονότες
1176 5403 1277 5483 γὰρ
1336 5403 1571 5479 μαθηταὶ
1639 5401 1945 5469 ἀπέστησαν
2000 5406 2099 5470 τῆς

445 5493 720 5575 ἀληθείας,
778 5494 867 5550 καὶ
919 5489 1051 5558 ἰδίας
1137 5491 1479 5574 βλασφημίας
1563 5490 1790 5571 ἐξεῦρον,
1850 5495 2100 5571 Προσωπ-

445 5585 726 5648 ακουστέον
756 5581 812 5640 δὲ
840 5584 926 5659 τὸ,
978 5585 1077 5641 Καὶ
1117 5582 1276 5640 πόθεν
1331 5584 1472 5639 οὗτοι
1504 5583 1552 5640 οἱ
1593 5581 1919 5662 ἀντίχριστοι
1967 5579 2100 5656 ς’ίνα

444 5675 760 5758 σαφέστερον
839 5676 866 5729 '0
933 5671 1095 5752 λόγος
1169 5672 1408 5751 γένηται.
1463 5695 1487 5726 ιι
1550 5673 1622 5730 Οὔ
1689 5671 1790 5750 γὰρ
1845 5670 1980 5737 ἦσαν
2044 5667 2096 5736 ἐξ

1993 4853 2103 4925 σοΙνν

2189 4858 2520 4923 molestiam
2550 4879 2728 4942 quam
2761 4859 2918 4921 circa
2948 4857 3081 4920 illos
3111 4853 3512 4920 habebat.Sed
3544 4869 3728 4942 quare
3755 4861 3828 4942 ex

2186 4949 2426 5011 Domini
2447 4936 2754 5029 discipulis
2782 4947 3002 5030 egressi
3034 4944 3316 5008 dicuntur
3362 4939 3732 5030 antichristi?
3755 4936 3835 5002 Ut

2187 5047 2427 5122 possent
2452 5028 2615 5120 apud
2633 5028 2862 5119 eosqui
2915 5037 3345 5098 seducerentur
3374 5032 3492 5095 ﬁde
3532 5028 3832 5122 digni_ha—_

2181 5101 2308 5194 beri
2334 5101 2506 5211 quasi
2547 5136 2748 5190 essent
2781 5101 2867 5190 ἐκ
2897 5124 3232 5206 discipulis,
3275 5132 3335 5186 et
3359 5122 3530 5202 juxta
3569 5101 3838 5199 magistri
3863 5129 3881 5138 '
3946 5101 3948 5104 ’

2181 5242 2250 5287 ac
2281 5210 2665 5305 praeceptoris
2694 5219 3050 5283 sententiam
3083 5219 3350 5280 facerent
3399 5210 3836 5305 pradicatiom‘s

2181 5301 2523 5374 sermonem
2580 5329 2594 5373 :
2657 5329 2767 5372 nec
2824 5309 3059 5392 penitus
3119 5305 3480 5370 contraﬁam
3540 5301 3843 5392 habebant

2184 5401 2667 5483 praedicationem
2706 5422 2718 5463 :
2751 5391 3065 5482 propterea
3102 5415 3243 5478 ergo
3299 5395 3372 5459 ab
3404 5394 3521 5456 his.
3561 5416 3597 5483 Διι
3633 5391 3715 5483 Ex

2183 5479 2408 5570 egressi
2440 5499 2598 5552 sunt.
2633 5512 2658 5548 ν
2697 5479 2842 5552 cum
2866 5479 3039 5552 enim
3090 5485 3230 5550 facti
3285 5491 3488 5548 essent
3541 5479 3840 5570 discipuli,

2183 5569 2600 5642 discesserunt
2620 5597 2655 5640 a
2685 5577 2932 5641 veritate
2952 5598 3020 5640 ac
3046 5595 3211 5639 suam
3231 5573 3670 5636 adinveneruut
3692 5569 3843 5630 blasv

2178 5665 2503 5752 pbemiam.
2537 5665 3024 5731 Subaudiendum
3057 5674 3145 5728 est
3172 5669 3391 5726 autem.
3425 5653 3496 5723 Et
3515 5657 3672 5722 unde
3703 5666 3842 5738 pro-
