4106 6430
320 328 436 389 643

1454 317 1864 382 (ΕΟΗΜΕΝῘΙ
1915 318 2210 380 ΤΗΙΟΟιιΕ
2255 318 2589 382 EPISCOPI

3582 322 3698 386 644

317 464 558 525 dierunt
588 458 646 520 hi
674 455 1030 526 antichristi,
1067 464 1128 516 ut
1151 474 1348 516 sermo
1378 455 1474 515 liat
1494 450 1777 532 apertior.
1811 449 1931 513 «Set

2014 453 2222 525 ιὴμῶν,
2278 476 2301 507 n
2367 454 2634 534 Τουτέστι,
2683 459 2779 521 τῆς
2847 461 2952 511 τῶν
3011 457 3322 531 σωζομένων
3379 479 3591 536 μοιρας,
3643 457 3699 513 Ei

317 572 434 615 non
467 558 634 611 erant
664 566 730 608 ex
765 544 996 608 nobis.»
1026 543 1147 605 Hoc
1179 552 1288 618 est,
1314 542 1389 604 de
1421 552 1574 602 sorte
1610 557 1813 603 eorum
1857 542 1958 621 qui

314 642 455 705 salvi
488 641 676 700 fiunt:
715 653 848 697 nam
883 633 931 694 si
962 633 1103 694 inde
1134 633 1406 710 fuissent,
1442 650 1572 691 cum
1607 629 1731 690 suis
1763 629 1961 710 utique

315 727 808 813 permansissent.
845 721 1007 784 Nunc
1057 729 1253 782 autem
1314 721 1426 813 hoc
1457 720 1573 780 illis
1624 718 1868 813 contigit
1896 726 1962 778 ut

310 807 606 884 inanil'esli
634 815 870 888 ﬁerent,
903 813 1017 874 hoc
1047 818 1136 871 est
1157 808 1518 870 utomnibos
1549 823 1752 868 no:um
1784 807 1958 869 ﬁeret

311 910 466 992 quod
484 899 1055 992 penitusabalienati
1079 907 1280 992 es~ent
1296 896 1796 992 au_obi_s,etagglui
1811 895 1952 992 inati

310 983 404 1062 his
431 983 531 1078 qui
552 991 740 1056 nostri
764 1009 878 1051 non
905 995 1093 1050 erant.
1115 986 1270 1078 Sunt,
1292 986 1450 1048 enim
1477 983 1970 1078 inter-ipsosqui-

308 1075 570 1168 dam—qui
594 1103 665 1146 ex
697 1079 867 1142 nobis
917 1096 1222 1158 nunquam
1248 1076 1503 1168 fuerunt,
1539 1075 1756 1168 quibus
1785 1075 1956 1168 vide-r

307 1177 446 1239 licet
489 1163 736 1254 —seipsos
791 1169 1233 1247 conjunxerunt
1264 1165 1362 1246 qui
1396 1185 1466 1226 ex
1506 1163 1676 1225 nobis
1729 1163 1952 1242 egressi

306 1275 467 1329 sunt.
503 1264 750 1342 Pr0pter
777 1279 949 1341 quos,
985 1257 1200 1337 inquit,
1235 1255 1354 1316 dixi
1383 1275 1396 1317 :
1439 1282 1463 1312 α
1495 1254 1622 1316 Non
1667 1263 1951 1314 suntom-

306 1374 416 1418 nes
445 1374 516 1417 ex
538 1351 830 1414 nobis.-A
855 1347 1026 1410 nobis
1047 1343 1670 1426 enim,qui,domestici
1695 1362 1762 1403 ac
1791 1343 1954 1404 fami-

304 1444 480 1505 liares
511 1458 768 1512 eramus,
800 1437 899 1498 alii
930 1435 1330 1507 adhzeserunt,
1379 1433 1480 1514 qui
1511 1451 1544 1492 a
1576 1429 1748 1492 nobis
1785 1439 1954 1492 erant

303 1528 812 1607 alieni:eligentes
839 1526 1030 1606 potius
1053 1523 1424 1585 ethnicorum
1459 1520 1949 1600 morelintempe-

304 1629 506 1682 ranter
535 1618 756 1689 vivere,
781 1633 954 1696 quam
985 1611 1714 1690 nobiscum'temperanter
1747 1620 1802 1670 et
1835 1609 1948 1671 ho-

302 1724 494 1770 nesue.
529 1705 634 1768 His
663 1703 858 1778 dictis,
892 1721 966 1762 ne
997 1700 1300 1761 videretur
1331 1699 1443 1760 sibi
1473 1698 1584 1759 soli
1611 1699 1819 1758 horum
1853 1715 1950 1757 co-

2045 543 2145 619 γὰρ
2175 549 2327 598 τοῦτο
2397 543 2485 617 ἦν,
2547 544 2680 618 μετά
2737 545 2841 599 τῶν
2883 541 3024 600 ἰδίων
3093 542 3152 600 ἄν
3213 546 3424 620 έμενον,
3484 547 3586 604 Νῦν
3643 543 3697 601 δὲ

2044 633 2195 687 τοῦτο
2239 632 2580 711 πεπόνθασιν,
2637 631 2728 688 ’ἵνα
2772 636 3134 712 φανερωθῶσι,
3208 634 3467 715 τουτέστι,
3522 634 3694 690 κατά-

2043 717 2194 786 δηλοι
2253 719 2530 799 γένωνται,
2619 718 2699 777 ὅτι
2752 721 2927 788 πάντη
2978 719 3436 801 ἀπηλλοτρίωνται
3508 724 3693 798 ἡμῶν,

2038 810 2126 864 καὶ
2152 810 2286 882 μετὰ
2343 815 2450 864 τῶν
2505 813 2608 889 οὐχ
2680 809 2953 885 ἡμετέρων
3008 810 3532 890 προσεκολλήθησαν,
3587 813 3696 873 Εἰσὶ

2037 899 2138 976 γάρ
2180 919 2318 962 τινες
2351 899 2404 954 ἐν
2463 899 2688 977 τούτοις,
2752 901 2839 956 καὶ
2911 901 3005 957 οὒκ
3046 899 3098 966 ἐξ
3152 903 3306 975 ἡμῶν
3360 901 3531 973 ὄντες,
3599 904 3688 964 οἷς

2038 984 2241 1054 δηλαδὴ
2297 991 2537 1062 συνῆψαν
2585 988 2797 1054 ἑαυτοὺς
2839 991 2886 1044 oi
2930 987 2982 1054 ἓξ
3038 991 3190 1064 ἡμῶν
3245 989 3559 1056 ἐξελθόντες.
3612 988 3692 1045 Δι’

2039 1077 2150 1148 οὓς,
2197 1078 2376 1156 φησὶν,
2441 1073 2633 1155 εἴρηκα
2697 1078 2784 1134 καὶ
2833 1078 2916 1151 16,
2997 1097 3021 1132 ι
3071 1077 3176 1135 Ούκ
3226 1080 3321 1135 εἰσὶ
3378 1078 3568 1143 πάντες
3640 1077 3692 1144 ἐξ

2036 1165 2214 1239 ἡμῶν,
2250 1188 2276 1220 ι
2315 1156 2497 1238 (Ep.th
2553 1166 2652 1244 γὰρ
2708 1164 3090 1244 ἀποῤῥαγέντες
3149 1173 3254 1222 τῶν
3302 1169 3529 1242 οἰκείων,
3580 1167 3680 1223 ἅλ-

2035 1251 2150 1316 λοις
2181 1251 2545 1324 ἐκολλήθησαν
2595 1268 2714 1319 τοῖς
2774 1253 3066 1336 ἀλλοτρίοις
3109 1257 3284 1332 ἡμῶν,
3343 1255 3545 1332 μᾶλλον
3576 1257 3692 1314 έλὸ-

2036 1365 2184 1417 μενοι
2256 1341 2470 1407 ἐθνικῶς
2541 1350 2638 1420 ζῇν
2736 1343 3163 1424 ἀσωφρονίττως,
3252 1346 3288 1412 ἦ
3346 1344 3464 1420 μεθ’
3533 1348 3689 1421 ἡμῶν

2036 1432 2345 1512 σωφρόνως.
2380 1439 2554 1490 Ταῦτα
2607 1433 2789 1507 εἰπὼν,
2852 1431 2945 1488 ἵνα
3003 1434 3079 1508 μὴ
3137 1431 3260 1510 δόξῃ
3318 1435 3487 1508 ἐαυτῷ
3543 1435 3690 1510 μόνῳ

2032 1524 2132 1588 τὴν
2173 1521 2372 1578 τούτων
2441 1525 2633 1600 γνῶσιν
2677 1521 2994 1597 ἀνατιθέναι,
3041 1523 3128 1579 καὶ
3183 1521 3686 1594 καταλαζονεύεσθαι

2032 1608 2117 1666 διὰ
2155 1611 2355 1668 τούτων
2384 1613 2519 1667 κατὰ
2561 1618 2670 1668 τῶν
2703 1615 2931 1686 πιστῶν,
2987 1611 3061 1674 ὠς
3106 1613 3264 1687 μόνος
3309 1610 3459 1676 εἰδὼς
3497 1615 3682 1686 ταῦτα,

2030 1699 2262 1779 ἐπιφέρει
2292 1701 2376 1774 τὸ,
2417 1721 2439 1756 ι
2480 1701 2577 1758 Καὶ
2606 1703 2762 1777 ὑμεῖς
2805 1700 3010 1780 χρίσμα
3036 1699 3213 1782 ἔχετε,
3255 1725 3281 1756 ι
3310 1703 3538 1782 ὡσπερεὶ
3557 1701 3682 1759 ἕλε-

297 1798 624 1877 gnitionem
660 1792 1009 1865 altribuere,
1039 1800 1094 1851 et
1127 1810 1227 1869 per
1264 1790 1376 1850 hoc
1405 1788 1709 1877 adversus,
1738 1786 1931 1877 ﬁdeles

2027 1809 2118 1864 γεν
2151 1805 2166 1820 ⁸
2205 1786 2370 1844 Ἀλλὰ
2397 1789 2447 1844 τί
2501 1799 2663 1849 ταῦτα
2706 1791 2835 1869 πρὸς
2899 1791 3034 1865 ὑμᾶς
3077 1790 3186 1877 ἐγὼ
3241 1787 3580 1872 διεξέρχομαι
3610 1795 3684 1856 ὡς

297 1875 688 1954 insolescere,
717 1883 880 1962 quasi
915 1881 1075 1941 solus
1107 1881 1232 1940 haec
1266 1878 1548 1951 novisset,
1585 1875 1888 1955 subjungit
1925 1898 1938 1938 :

303 2001 326 2030 α
357 1974 472 2038 Sed
505 1993 607 2035 vos
636 1971 977 2033 unctionem
1011 1969 1308 2030 habetis.»
1348 1967 1652 2046 Tanquam
1688 1966 1938 2026 diceret:

297 2063 412 2127 Sed
445 2063 586 2144 quid
617 2081 724 2138 ego
745 2061 870 2121 haec
904 2059 1070 2119 Vobis
1094 2075 1267 2117 narro
1299 2056 1467 2137 quasi
1496 2055 1943 2144 ignorantibus?

293 2153 419 2215 Non
455 2143 542 2215 est
572 2150 723 2231 apud
758 2168 858 2209 vos
887 2150 1097 2209 horum
1131 2145 1481 2224 ignorantia.
1505 2143 1746 2206 Sacram
1781 2143 1939 2206 enim

287 2243 631 2304 unctionem
668 2257 772 2319 per
794 2248 1063 2298 sanctum
1089 2236 1378 2314 baptisma
1410 2234 1812 2312 accepistis,et
1836 2251 1942 2312 per

290 2333 446 2393 hanc
479 2328 741 2391 divinum
799 2325 1108 2404 Spiritum,
1153 2324 1251 2403 qui
1285 2341 1386 2381 vos
1417 2321 1579 2383 ducit
1613 2322 1672 2382 in
1698 2339 1934 2381 omnem

287 2415 910 2488 veritatem.Quoniam
942 2423 1136 2474 autem
1180 2414 1291 2472 hoc
1321 2412 1398 2471 ita
1429 2420 1537 2481 est,
1573 2409 1736 2470 scitis
1777 2410 1930 2488 quod

287 2527 404 2569 non
436 2505 692 2569 scribam
725 2503 888 2564 \obis
917 2505 1039 2564 haec
1072 2510 1345 2581 tanquam
1371 2497 1798 2578 ignorantibus,
1826 2498 1928 2558 sed

288 2605 564 2676 tanquam
623 2591 973 2653 scientibus.
1009 2590 1288 2662 Quaenam
1351 2588 1514 2648 hiec?
1547 2585 1929 2676 novissimum

289 2675 543 2764 tempus,
576 2680 928 2762 Antichristi
963 2682 1303 2751 adventum,
1339 2677 1538 2738 omnia
1589 2693 1718 2735 esse
1760 2675 1934 2754 plena

287 2772 620 2835 mendacio.
657 2769 940 2850 Popterea
970 2769 1146 2847 igitur
1175 2767 1331 2847 quod
1379 2765 1637 2826 abundet
1667 2764 1927 2836 ,menda-

285 2862 467 2933 cium,
503 2865 586 2923 ait
617 2878 630 2922 :
668 2859 810 2923 Dico
859 2859 1036 2920 etiam
1093 2855 1472 2918 antichristos
1505 2855 1716 2915 multos
1745 2853 1927 2914 factos

285 2969 439 3014 esse.
477 2953 622 3012 Nam
653 2949 702 3010 si
731 2947 997 3012 Christus
1027 2947 1239 3008 veritas
1272 2955 1382 3021 est,
1407 2963 1581 3024 quem
1617 2951 1675 3004 et
1703 2961 1803 3003 vos
1833 2962 1929 3003 co-

2023 1879 2152 1956 πρὸς
2229 1877 2595 1955 ἀγνοοῦντιςς
2649 1881 2758 1936 Οὔκ
2813 1877 2922 1934 ἔστι
2967 1875 3090 1958 παρ’
3153 1881 3280 1954 ὑμῖν
3325 1879 3512 1958 ἄγνοια
3556 1882 3681 1938 τού-

2024 1987 2151 2028 των,
2231 1964 2479 2025 Ἐλάὅετε
2522 1969 2622 2046 γὰρ
2692 1965 2776 2022 διὰ
2844 1973 2936 2023 τοῦ
2994 1967 3142 2043 ἁγίου
3203 1965 3566 2043 ϐαπτίσματος
3619 1972 3681 2026 τὸ

2024 2055 2226 2135 χρίσμα
2269 2056 2330 2111 τὸ
2373 2057 2532 2135 ἱερὸν,
2593 2057 2680 2112 καὶ
2750 2053 2834 2112 διὰ
2886 2057 3067 2112 τούτου
3118 2059 3174 2112 τὸ
3232 2058 3306 2120 εἰς
3365 2064 3539 2114 πᾶσιν
3579 2059 3678 2126 τὴν

2023 2144 2271 2213 ἀλήθειαν
2300 2142 2521 2223 ὁδηγοῦν
2563 2147 2697 2220 ὑμᾶς
2756 2148 2902 2201 θεῖον
2935 2151 3172 2226 Πνεῦμα,
3220 2143 3369 2202 Ἐπεὶ
3401 2143 3450 2201 δὲ
3499 2147 3672 2221 τοῦτο,

2023 2231 2142 2289 ἴστε
2203 2231 2284 2289 ὅτι
2327 2237 2432 2313 οὔχ
2473 2237 2548 2300 ὡς
2593 2234 2867 2313 ἀγνοοῦσιν
2911 2235 3040 2308 ὑμῖν
3092 2235 3278 2314 γράφω
3307 2241 3494 2308 ταῦτα,
3554 2235 3671 2294 ἀλλ’

2019 2324 2094 2385 ὡς
2121 2319 2301 2383 εἰδόσι.
2347 2323 2474 2380 Τίνα
2501 2332 2665 2382 ταῦτα
2699 2341 2716 2402 ς
2751 2324 2851 2380 Τὸν
2883 2321 3113 2403 ἔσχατον
3170 2327 3376 2404 καιρὸν,
3435 2325 3536 2386 τὴν
3564 2332 3670 2382 τῶν

2021 2410 2404 2489 Ἀντιχρίστων
2449 2412 2641 2490 φορὰν.
2692 2413 2753 2467 τὸ
2808 2412 2980 2467 πάντα
3025 2410 3240 2486 ψεύδους
3299 2413 3440 2468 εἶναι
3512 2417 3666 2489 μετά,

2023 2500 2121 2556 Διά
2146 2502 2208 2554 τὸ
2238 2497 2524 2558 πλεονάσαι
2556 2499 2642 2556 οὖν
2673 2501 2734 2556 τὸ
2756 2499 2969 2575 «laudae,
3020 2499 3104 2558 διὰ
3132 2508 3307 2577 τοῦτο,
3343 2504 3494 2582 φησὶ,
3527 2501 3670 2581 λέγω

2017 2591 2104 2644 καὶ
2162 2589 2280 2653 τοὺς
2349 2589 2714 2668 ἀντιχρίστους
2772 2587 3002 2653 πολλοὺς
3073 2591 3334 2668 γενέσθαι.
3384 2593 3442 2649 Εἰ
3481 2594 3580 2670 γὰρ
3638 2597 3666 2650 ὁ

2015 2678 2233 2755 Χρὶστὸς
2286 2675 2506 2747 ἀλήθειά
2550 2677 2712 2751 ἐστιν,
2748 2679 2805 2734 ὃν
2835 2679 2921 2737 καὶ
2977 2681 3132 2754 ὑμεῖς
3191 2680 3510 2761 ῐεγνιιηιάτες,
3566 2685 3664 2750 την

2013 2766 2262 2835 ἀλήθειαν
2317 2765 2470 2846 ἔχετε
2521 2767 2574 2822 ἐν
2607 2768 2844 2847 έαῦτοϊς,
2901 2769 3114 2832 πάντως
3172 2770 3199 2824 6
3243 2769 3476 2844 ψεύστης
3506 2768 3660 2830 ἐναν-

2009 2855 2118 2918 τίος
2149 2853 2222 2910 ὥν
2289 2860 2356 2930 τῇ
2411 2853 2648 2928 ἀληθείᾳ,
2711 2854 2836 2912 ὥτοι
2894 2859 2971 2930 τῷ
3039 2863 3267 2935 Χριστῷ,
3326 2857 3660 2938 ἀντίχριστος

2015 2943 2178 3004 ἐστιν,

282 3049 657 3120 gnoscentes,
704 3036 846 3097 57‘5
895 3036 1126 3098 habetis
1179 3035 1482 3098 veritatem
1536 3032 1594 3093 in
1645 3033 1809 3093 vobis
1859 3031 2024 3110 ipsis,
2079 3030 2280 3112 utique
2328 3050 2466 3094 cum
2499 3031 2752 3094 mendax
2798 3032 2872 3094 sit
2903 3033 3236 3098 contrarius
3268 3033 3494 3096 veritati
3527 3036 3654 3099 sive

281 3129 534 3202 Christo,
567 3126 968 3190 Antichristus
1002 3135 1110 3188 est.

359 3218 432 3298 Il,
463 3217 669 3279 22-27.
707 3217 850 3290 Quis
897 3221 985 3278 est
1033 3217 1319 3286 mendax,
1364 3214 1486 3276 nisi
1516 3214 1568 3275 is
1599 3214 1704 3291 qui
1747 3217 1978 3290 negatc

275 3307 483 3370 Jesum
531 3323 657 3368 esse
687 3303 1051 3366 Christum?
1085 3303 1201 3366 Hic
1247 3310 1332 3365 est
1381 3301 1790 3366 Antiohristus
1820 3301 1926 3379 qui

277 3403 460 3478 negat
487 3397 730 3458 Patrem
762 3403 818 3455 et
849 3393 1106 3455 Filium.
1145 3393 1424 3472 Quisquis
1452 3397 1635 3472 negat
1664 3389 1919 3466 Filium,

275 3489 329 3550 is
351 3503 430 3548 ne
455 3487 698 3548 Patrem
728 3483 965 3562 quidem
1001 3481 1198 3543 habet.
1251 3481 1422 3555 Quod
1469 3483 1664 3561 igitur
1691 3496 1789 3541 vos
1821 3495 1924 3540 au-

275 3575 450 3638 distis
477 3573 552 3635 ab
576 3574 778 3638 initio,
816 3571 881 3633 in
914 3570 1080 3633 vobis
1104 3576 1482 3650 permaneat.
1535 3569 1608 3631 Si
1653 3574 1714 3629 in
1754 3567 1923 3630 robis

269 3666 682 3744 permanserit
735 3661 894 3741 quod
944 3661 1202 3722 audistis
1260 3660 1337 3722 ab
1386 3658 1587 3735 initio,
1623 3665 1678 3720 et
1725 3675 1826 3719 vos
1858 3659 1923 3719 in

272 3752 443 3814 Filio
472 3760 530 3813 et
562 3748 746 3812 Patre
771 3749 1110 3811 manebitis.
1145 3749 1223 3811 Et
1245 3748 1368 3810 haec
1396 3755 1480 3809 est
1528 3747 1922 3826 repromissio

270 3859 390 3922 qua
420 3842 546 3919 ipse
571 3838 888 3919 pollicitus
920 3845 1006 3899 est
1035 3839 1213 3900 nobis
1228 3842 1416 3900 vitam
1437 3843 1752 3898 wternam.
1777 3833 1924 3898 Ha’c

265 3933 480 4010 scripsi
505 3927 674 3993 vobis
717 3928 788 3990 de
843 3927 942 3989 his
989 3929 1096 4006 qui
1122 3927 1415 3989 seducunt
1447 3943 1570 3987 vos.
1605 3925 1685 3986 Et
1715 3927 1922 3987 unctio

268 4036 454 4099 quam
484 4037 584 4080 vos
614 4018 936 4097 accepistis
967 4018 1041 4077 ab
1061 4035 1145 4093 eo,
1180 4021 1385 4078 manet
1407 4015 1472 4076 in
1494 4013 1772 4076 vobszit
1795 4031 1916 4075 non

264 4123 504 4169 necesse
525 4105 764 4167 habetis
799 4111 866 4166 ut
898 4104 1221 4185 quisquam
1242 4104 1443 4166 doceat
1472 4120 1599 4183 vos,
1631 4103 1733 4164 sed
1761 4103 1915 4164 sicut

264 4195 399 4276 ipsa
453 4195 657 4256 unctio
698 4194 862 4255 docet
913 4210 1015 4255 vos
1065 4194 1135 4255 de
1181 4193 1482 4267 omuibus,
1518 4209 1706 4255 verax
1747 4201 1832 4254 est
1861 4200 1915 4254 ct

261 4301 387 4347 non
411 4291 502 4347 est
531 4282 934 4346 mendacium.
971 4281 1052 4345 Et
1082 4285 1234 4346 sicut
1279 4283 1483 4345 docuit
1513 4299 1638 4363 vos,
1671 4289 1913 4344 manete

260 4373 327 4436 in
373 4391 469 4448 ea,

341 4549 530 4612 Etiam
563 4548 661 4612 hic
689 4547 1010 4610 subaudire
1041 4556 1274 4629 oportet
1304 4548 1786 4636 conjunctionem
1817 4545 1931 4606 καί

2072 4549 2339 4608 Κάνταῦθα
2395 4548 2888 4628 προσυπακουστέον
2955 4551 3071 4624 τὸν,

255 4639 317 4704 id
347 4649 460 4723 est,
494 4651 572 4714 et,
606 4637 874 4701 clarioris
906 4637 1314 4716 intelligentia;
1341 4639 1550 4719 gratia,
1587 4647 1648 4700 ut
1702 4639 1778 4700 sit
1807 4638 1904 4700 hic

255 4749 516 4793 sensus:
556 4728 625 4791 Et
654 4728 787 4810 quis
836 4738 930 4792 est
991 4727 1273 4803 mendax,
1309 4728 1424 4790 nisi
1473 4728 1532 4794 is.
1572 4729 1672 4810 qui
1730 4735 1906 4808 negat

251 4817 454 4882 Jesum
486 4838 621 4882 esse
672 4814 1180 4880 Christum‘hHoc
1222 4825 1414 4879 autem
1449 4818 1668 4898 impius
1697 4815 1904 4880 Simon

253 4907 517 4971 delirans
575 4908 902 4986 uagabatur
948 4907 1130 4969 alium
1182 4925 1314 4969 esse
1367 4904 1569 4968 Jesum
1617 4913 1675 4968 et
1721 4905 1899 4968 alium

255 4997 596 5060 Christum:
630 4999 828 5060 Jesum
861 4995 1103 5077 quidem
1136 5013 1273 5056 eum
1304 4995 1405 5076 qui
1441 5003 1568 5057 erat
1615 5013 1649 5056 a
1701 5004 1904 5058 sancta

251 5087 459 5160 Maria;
495 5085 790 5149 Christum
815 5105 951 5148 vero
983 5105 1120 5147 eum
1152 5085 1254 5165 qui
1285 5087 1343 5146 in
1374 5085 1899 5147 Jordanemacmlo

251 5171 779 5247 descenderat.Qui
811 5175 989 5252 igitur
1018 5174 1157 5236 huic
1195 5174 1504 5256 applaudit
1562 5173 1894 5250 mendacio,

251 5262 524 5345 inquit,is
552 5271 640 5325 est
671 5261 1165 5327 Antichristusld
1196 5272 1392 5325 autem
1422 5263 1569 5326 :Hic
1598 5270 1687 5326 est
1717 5265 1895 5327 Anti-

249 5351 527 5429 cbristus,
563 5351 882 5432 dupliciter
911 5351 1324 5432 accipiendum
1359 5361 1466 5425 est,
1508 5361 1564 5414 et
1593 5353 1668 5414 de
1702 5371 1772 5416 eo
1793 5355 1892 5434 qui

2088 3236 2112 3268 ιι
2191 3213 2278 3276 Τίς
2331 3214 2474 3269 ἐστιν
2517 3215 2546 3270 6
2605 3213 2857 3288 ψεύστης,
2893 3215 2936 3270 εἰ
2980 3214 3058 3290 μὴ
3115 3216 3143 3270 6
3198 3213 3512 3293 ἀρνούμενος
3571 3213 3652 3272 ὅτι

2008 3301 2214 3369 Ἰησοῦς
2312 3304 2404 3360 οὒκ
2499 3301 2638 3358 ἔστιν
2711 3304 2739 3358 6
2823 3305 3096 3384 Xptc10';,',
3187 3304 3334 3369 οὗτός
3397 3303 3539 3360 ἔστιν
3625 3308 3652 3362 6

2006 3387 2399 3470 Ἀντίχριστος,
2459 3393 2488 3447 6
2544 3392 2862 3470 ἀρνούμενος
2943 3394 3034 3449 τὸν
3134 3393 3341 3472 Πατέρα
3419 3394 3507 3450 καὶ
3561 3397 3653 3452 τὸν

2008 3480 2150 3543 Υἱόν.
2214 3485 2322 3543 Πᾶς
2453 3480 2768 3559 ἀρνούμενος
2844 3483 2936 3538 τὸν
3007 3483 3148 3554 Υἱὸν,
3223 3480 3339 3538 οὐδὲ
3397 3482 3490 3538 τὸν
3537 3489 3652 3541 Πα-

2003 3567 2128 3647 τέρα
2172 3566 2314 3648 ἕχει.
2376 3558 2560 3646 ’Υμεϊς
2634 3569 2722 3625 οὖν
2773 3571 2801 3625 ὃ
2855 3571 3115 3638 ἠκούσατε
3171 3570 3263 3627 ἀπ’
3321 3571 3523 3652 ἀρχῆς,
3597 3572 3652 3628 ἐν

2003 3658 2130 3733 ὑμῖν
2189 3655 2414 3734 μενέτω.
2481 3657 2608 3714 Ἐὰν
2665 3656 2718 3712 ἐν
2773 3659 2900 3734 ὑμῖν
2972 3659 3126 3736 μείνῃ
3218 3659 3246 3715 ὃ
3311 3658 3404 3716 ἀπ’
3470 3660 3648 3741 ἀρχῆς

2004 3747 2286 3820 ἠκούσατε,
2332 3748 2421 3804 καὶ
2448 3747 2606 3822 ὑμεῖς
2661 3746 2715 3802 ἐν
2783 3754 2861 3824 τῷ
2919 3751 3024 3822 ι’ἱῷ
3080 3749 3167 3804 καὶ
3227 3747 3281 3803 ἐν
3364 3754 3441 3823 τῷ
3486 3754 3650 3828 Πατρὶ

2006 3849 2239 3910 μενεῖτε.
2323 3838 2420 3894 Καὶ
2475 3835 2609 3904 αὕτη
2665 3835 2811 3892 ἀστὶν
2893 3839 2928 3906 ἡ
3003 3835 3292 3916 ἐπαγγελία
3365 3837 3429 3906 ἢν
3495 3838 3648 3904 αὐτὸς

2003 3923 2359 4005 ἐπηγγείλατο
2451 3927 2612 4005 ἡμῖν,
2697 3947 2796 3992 την
2890 3927 3034 3998 ζωὴν
3132 3927 3362 3985 αἰώνιον.
3478 3935 3651 3986 Ταῦτα

2001 4013 2207 4093 ἔγραψα
2289 4015 2416 4090 ὑμῖν
2471 4015 2588 4094 περὶ
2668 4021 2774 4070 τῶν
2870 4013 3192 4072 πλανώντων
3301 4017 3462 4092 ὑμᾶς.
3551 4019 3648 4076 Καὶ

1995 4104 2150 4178 ὑμεῖς
2200 4105 2262 4159 τὸ
2318 4104 2520 4184 χρίσμα
2575 4104 2603 4159 ὃ
2673 4099 2885 4161 ἐλάϐετε
2978 4103 3072 4160 ἀπ’
3153 4106 3328 4178 αὐτοῦ,
3387 4107 3444 4160 ἐν
3517 4107 3646 4182 ὑμῖν

1996 4192 2166 4272 μένει,
2215 4192 2314 4249 Καὶ
2343 4191 2401 4248 ού
2470 4191 2656 4271 χρείαν
2711 4189 2866 4272 ἔχετε
2907 4191 3000 4248 ’ίνα
3065 4214 3144 4257 τις
3202 4189 3422 4270 διδάσκῃ
3481 4194 3642 4268 ὑμᾶς,

1995 4279 2142 4338 Ἀλλ’
2173 4282 2246 4344 ὡς
2279 4281 2341 4337 τὸ
2369 4282 2496 4339 αὐτὸ
2526 4282 2730 4360 χρίομα
2759 4278 2986 4338 διδάσκει
3033 4283 3170 4357 ὑμᾶς
3231 4283 3347 4362 περὶ
3405 4282 3641 4344 πάντων.

1993 4373 2081 4426 καὶ
2122 4367 2314 4437 ἀληθές
2373 4369 2506 4444 ἐστι,
2564 4371 2653 4426 καὶ
2708 4372 2801 4426 οὒκ
2870 4369 2980 4426 ἔστι
3039 4369 3248 4450 ψεῦδος,
3310 4370 3404 4426 καί
3468 4373 3640 4436 καθὼς

1991 4457 2216 4525 ἐδίδαξεν
2243 4459 2406 4536 ὑμᾶς,
2436 4459 2654 4535 μεςεῖτε
2685 4458 2739 4515 ἐν
2770 4463 2933 4533 αὐτῷ,
2970 4483 2997 4515 ι

3168 4550 3255 4604 καὶ
3325 4549 3634 4631 σύνδεσμον,

1987 4637 2272 4719 σαφηνείας
2304 4639 2488 4718 χάριν,
2517 4637 2594 4694 ἶν’
2624 4639 2661 4708 ἦ
2691 4637 2857 4703 οὕτως
2893 4654 2906 4669 ’
2975 4639 3073 4696 Καὶ
3125 4639 3201 4703 τίς
3258 4638 3398 4695 ἐστιν
3443 4642 3471 4696 6
3503 4639 3637 4714 ψεύ-

1987 4750 2144 4809 στης,
2204 4729 2248 4784 εἰ
2320 4729 2399 4804 μὴ
2443 4729 2472 4784 6
2531 4727 2845 4807 ἀρνούμενος
2895 4726 2974 4784 ὅτι
3021 4725 3228 4794 Ἰησοῦς
3281 4729 3375 4785 οὐκ
3416 4727 3557 4784 ἔστιν
3604 4731 3632 4786 6

1987 4817 2259 4898 Χριστός,
2332 4824 2496 4876 Τοῦτο
2547 4815 2601 4873 δὲ
2657 4819 2837 4893 Σίμων
2893 4819 2921 4874 6
2981 4816 3188 4880 ἀνόσιος
3233 4815 3432 4898 ἐλήρει,
3479 4814 3637 4876 ἄλλον

1986 4920 2125 4964 εῖναι
2154 4908 2243 4964 τὸν
2275 4905 2505 4980 Ἰησοῦν,
2555 4908 2642 4964 καὶ
2714 4906 2874 4964 ἄλλον
2931 4908 3020 4964 τὸν
3074 4907 3318 4986 Χριστόν,
3383 4907 3484 4964 Τὸν
3539 4908 3637 4984 μὲν

1988 4999 2213 5075 Ἱησοῦν,
2241 4999 2332 5056 τὸν
2374 4999 2481 5055 ἀπὸ
2509 5003 2606 5066 τῆς
2663 4999 2816 5079 ἁγίας
2865 5001 3090 5078 Μαρίας,
3148 4998 3236 5054 τὸν
3287 4995 3340 5054 δὲ
3385 4999 3632 5078 Χριστὸν,

1983 5089 2073 5144 τὸν
2144 5088 2228 5144 ἐπὶ
2297 5089 2392 5146 τοῦ
2461 5086 2720 5168 Ἰορδάνου
2788 5085 3090 5146 καταϐάντα
3141 5084 3234 5142 ἀπ’
3279 5089 3518 5167 ούρανοῦ.
3576 5079 3634 5147 (Ο

1980 5178 2058 5251 τῷ
2101 5174 2277 5250 ψεύδει
2347 5175 2434 5232 οὗν
2485 5179 2985 5257 περικροτούμενος,
3041 5175 3196 5254 φησὶ,
3253 5176 3445 5251 τούτῳ,
3479 5177 3632 5241 οὗτος

1981 5263 2346 5346 Ἀντίχριστός
2395 5263 2531 5325 ἐστι.
2567 5267 2663 5324 Καὶ
2719 5268 2804 5341 τὸ,
2867 5265 3029 5330 Οὗτός
3073 5262 3214 5320 ἐστιν
3272 5267 3300 5321 ὀ
3355 5263 3633 5346 Ἀντίχρι-

1978 5377 2125 5424 στος,
2187 5353 2373 5420 διττῶς
2445 5353 2763 5430 ἐκληπτέον,
2821 5357 2909 5412 καὶ
2979 5353 3065 5410 ἐπὶ
3133 5357 3226 5408 τοῦ
3289 5350 3628 5433 ἀρνουμένου,

243 5437 448 5502 Jesum
481 5448 684 5526 negati
710 5456 842 5501 esse
899 5439 1230 5526 Christum,
1260 5448 1317 5502 et
1347 5440 1422 5502 de
1455 5461 1525 5504 eo
1560 5441 1662 5522 qui
1715 5450 1893 5522 negat

2014 5465 2056 5499 τι
2087 5445 2293 5512 Ἰησοῦς
2323 5445 2419 5500 οὒκ
2471 5442 2612 5500 ἔστιν
2642 5447 2670 5502 6
2730 5443 2976 5526 Χριστὸς,
3008 5441 3098 5500 καὶ
3148 5439 3239 5496 ἐπὶ
3289 5448 3382 5498 τοῦ
3439 5442 3630 5522 ἀρνου-

244 5528 480 5590 Patrem
511 5535 571 5589 et
603 5525 998 5590 Filium.Nam
1023 5535 1082 5587 et
1109 5525 1403 5609 is,inquit,
1439 5528 1541 5610 qui
1571 5538 1746 5610 negat
1776 5530 1889 5592 Pa-

2019 5533 2135 5592 ένου
2163 5534 2253 5589 τὸν
2283 5531 2491 5612 Πατέρα
2545 5537 2633 5591 καὶ
2664 5537 2752 5592 τὸν
2783 5525 2952 5594 Υἱόν.
3005 5527 3175 5588 Ἀλλὰ
3204 5529 3292 5586 καὶ
3348 5531 3376 5586 ὃ
3434 5531 3626 5611 ἀρνού-

242 5623 392 5679 trem
426 5636 492 5679 ac
523 5615 950 5699 Filium,etiam
988 5615 1236 5678 mendax
1268 5624 1351 5678 sst
1381 5627 1439 5681 et
1469 5618 1888 5685 Anticliristus.

2014 5643 2158 5697 .ενος,
2219 5623 2369 5702 φησὶ,
2443 5624 2532 5677 τὸν
2578 5625 2783 5705 Πατέρα
2839 5625 2924 5680 καὶ
2971 5621 3062 5678 τὸν
3111 5618 3255 5696 Υἱδν,
3328 5619 3416 5676 καὶ
3474 5619 3625 5687 οὗτος
