4106 6418
427 336 540 401 M7

1550 331 1962 397 (ECUMENII
2005 328 2304 393 TRICCE
2347 323 2686 392 EPISCOPI

3719 330 3830 394 648

427 469 606 535 veluti
628 470 974 532 cbaractere
994 467 1249 548 quodam
1277 467 1618 528 manifestos
1642 483 1776 527 sese
1806 463 2079 528 reddide-

2175 464 2462 542 ίαρακτῆρὶ
2518 484 2619 518 τινι
2675 459 2952 532 διαδήλους
3026 463 3210 526 αὖτοὺς
3267 466 3664 536 κατεστήσατο,
3739 468 3825 521 καὶ

429 569 565 622 runt
589 577 602 622 :
628 579 696 620 ac
728 559 868 620 satis
896 557 1151 619 ﬁrmavit
1180 575 1307 626 eos,
1336 567 1400 619 ut
1433 556 1660 617 immoti
1696 554 2084 634 persisterent

430 650 588 711 circa
613 668 681 709 ea
708 649 766 708 in
799 647 1014 727 quibus
1047 645 1319 706 instructi
1352 643 1854 724 erant,subjungit
1880 661 2081 703 conse-

429 752 684 816 quenter
697 734 1017 814 repositam
1040 751 1276 814 quoque
1309 742 1552 814 propter
1580 734 1690 792 ista
1715 730 2076 805 mercedem,

430 835 708 902 tanquam
729 824 998 885 fortiores
1021 842 1090 882 eo
1103 823 1365 883 reddens
1387 822 1650 882 claritate
1673 819 2076 900 praemiorum,

431 924 488 976 et
519 915 638 977 ait:
673 939 697 968 α
725 913 952 975 Manete
983 913 1042 972 in
1077 930 1207 972 eo.»
1236 909 1456 983 Quare?
1486 908 1557 973 Ut
1590 910 1911 970 habeamus
1936 907 2080 970 ﬁdu-

430 1003 582 1065 ciam
616 1004 672 1065 in
700 1002 831 1082 ipso
878 1019 1010 1062 cum
1043 999 1410 1079 apparuerit.
1459 997 1608 1070 Quid
1667 997 1826 1057 enim
1858 995 2081 1058 clarius

429 1101 528 1154 aut
551 1089 1008 1153 desiderabilius
1058 1089 1275 1150 ﬁducia
1321 1107 1436 1168 qua
1493 1086 1814 1148 exbibituri
1873 1102 2079 1146 sumus

433 1180 664 1244 Christo
697 1185 929 1240 nostros
959 1177 1018 1238 in
1050 1179 1165 1238 vita
1193 1185 1462 1257 peractos
1492 1177 1753 1248 latiores,
1798 1175 2079 1236 facientes

432 1271 544 1332 hoc
574 1287 706 1330 cum
740 1267 952 1328 ﬁducia
981 1275 1040 1328 et
1068 1267 1127 1326 in
1164 1265 1326 1326 nullo
1389 1266 1677 1345 pudorem
1716 1264 2081 1325 sustinentes

434 1360 494 1420 in
528 1358 777 1420 adventu
809 1355 972 1435 ejus?
993 1354 1064 1416 Et
1092 1356 1372 1436 quoniam
1405 1353 1724 1415 verisimile
1757 1361 2081 1433 eratquos-

438 1449 571 1509 dam
601 1446 1098 1523 interrogaturus,
1130 1443 1350 1522 quibus
1383 1443 1665 1525 operibus
1694 1443 1842 1522 grati
1871 1442 1926 1504 ei
1955 1440 2087 1503 ﬁeri

440 1534 896 1618 possent,docet
919 1532 1095 1593 etiam
1125 1532 1511 1612 lioc,etait:Si
1542 1531 1931 1610 cognosvistis
1951 1548 2085 1592 eum

437 1623 593 1706 quod
637 1624 835 1702 justus
870 1621 967 1695 sit,
1003 1626 1201 1701 utique
1237 1631 1292 1682 et
1325 1622 1436 1682 hoc
1479 1621 1686 1682 scitote
1720 1620 1872 1699 quod
1909 1619 1959 1680 is
1986 1625 2090 1699 qui

2164 553 2355 614 ἱκανῶς
2399 551 2645 632 στηρίξας
2697 551 3031 616 ἀμεταθέτως
3089 550 3236 630 ἔχειν
3292 555 3419 632 περὶ
3479 552 3511 608 ἂ
3562 555 3824 633 κατηχή-

2163 645 2353 718 θησαν,
2388 641 2574 720 ἐπάγει
2604 641 2791 699 λοιπὸν
2858 644 2946 698 καὶ
2997 645 3086 699 τὸν
3148 643 3502 716 ἀποκείμενον
3542 642 3627 698 διὰ
3670 653 3827 702 ταῦτα

2166 733 2375 810 μισθὸν,
2455 731 2634 810 ὥσπερ
2689 732 3047 810 ίσχυροποιῶν
3133 731 3322 794 αὐτοὺς
3411 729 3494 786 διὰ
3549 737 3648 798 τῆς
3719 733 3823 788 τῶν

2163 818 2405 876 ἐπάθλων
2462 819 2859 900 λαμπρότητος,
2956 821 3046 876 καί
3102 842 3284 899 φησιν,
3346 821 3430 876 ὃτι
3466 835 3480 848 ·
3551 840 3574 874 α
3633 819 3827 876 Μένετε

2163 907 2216 962 ἐν
2262 910 2426 984 αὐτῷ.
2463 933 2486 967 υ
2531 899 2628 965 Διᾶ
2677 911 2774 990 τί;
2827 899 2950 967 ’Ἵνα
2999 907 3213 988 ἔχωμεν
3273 907 3572 988 παρῥησίαν
3604 907 3656 964 ἐν
3687 909 3826 983 αὐτῷ

2162 995 2288 1053 ὅταν
2343 1001 2640 1079 φανερωθῇ.
2710 1001 2770 1056 Τί
2825 1000 2924 1078 γὰρ
2981 998 3418 1078 περιφανέστερον
3475 998 3511 1066 ἢ
3572 996 3822 1068 ζηλωτό-

2161 1106 2308 1165 τερον
2359 1086 2674 1166 παρῤησίας,
2719 1085 2930 1144 ἐπειδὰν
2987 1090 3033 1162 ᾧ
3087 1084 3466 1144 ἐπιδείκνυσθαι
3539 1085 3824 1162 μέλλωμεν

2162 1176 2284 1240 τοὺς
2331 1177 2385 1231 ἐν
2415 1184 2492 1252 τῷ
2533 1176 2631 1252 βίῳ
2659 1176 2852 1241 πόνους
2897 1178 3074 1252 ἡμῶν,
3135 1177 3271 1252 μετὰ
3318 1174 3614 1255 παρρησίας
3669 1181 3824 1231 τοῦτο

2163 1270 2418 1337 ποιοῦμεν
2484 1266 2574 1322 καὶ
2643 1263 2809 1340 μηδὲν
2870 1263 3242 1344 αἰσχυνόμενοι
3311 1264 3366 1320 ἐν
3423 1270 3493 1341 τῇ
3562 1264 3822 1343 παρουσίᾳ

2167 1357 2362 1434 αὐτοῦ,
2426 1353 2610 1422 ἐπειδὴ
2655 1355 2792 1419 εἰκός
2847 1376 2995 1418 τινας
3055 1362 3260 1426 ζητεῖν.
3306 1367 3421 1411 τινα
3482 1351 3827 1430 κατορθωκό-

2168 1463 2254 1508 τες
2324 1441 2589 1520 εὐάρεστοι
2655 1448 2797 1518 αὺιῷ
2877 1443 3138 1524 γένοιντο,
3199 1441 3428 1500 διδάσκει
3497 1443 3587 1500 καὶ
3670 1447 3827 1498 τοῦτο

2170 1532 2258 1588 καί
2283 1553 2466 1612 φησιν,
2503 1530 2607 1607 ὅτι,
2670 1535 2729 1589 Εἰ
2785 1532 3051 1612 ἐγνώκατε
3083 1533 3264 1607 αὐτὸν,
3311 1531 3390 1588 ὅτι
3436 1529 3634 1596 δίκαιός
3691 1530 3824 1604 ἐστι,

2173 1621 2383 1684 πάντως
2415 1623 2502 1678 καὶ
2545 1629 2700 1680 τοῦτο
2729 1622 3039 1700 γινώσκετε,
3088 1621 3168 1678 ὅτι
3201 1625 3230 1678 ὁ
3260 1623 3428 1679 ποιων
3483 1620 3585 1688 τὴν
3617 1618 3823 1675 δικαιο-

437 1701 578 1775 facit
629 1701 923 1791 justitiam
976 1727 1042 1769 ex
1093 1709 1218 1789 ipso
1253 1719 1422 1769 natus
1452 1710 1527 1769 sit
1561 1728 1575 1742 ·
1608 1707 1804 1787 justus
1833 1725 2089 1788 namque

2175 1710 2358 1784 σύνην,
2393 1709 2458 1791 ,ἐξ
2512 1712 2670 1768 αὐτοῦ
2715 1710 3021 1790 γεγένηται,
3087 1701 3143 1768 Ὀ
3200 1710 3398 1774 δίκαιος
3468 1710 3570 1788 γὰρ
3599 1707 3828 1770 δικαίους

431 1805 627 1883 justos
655 1800 1115 1878 generatJ’erro
1139 1809 1422 1877 quantum
1448 1797 1524 1857 sit
1555 1797 1666 1858 hoc
1691 1796 1761 1857 ad
1785 1795 2088 1875 gloriatio-

435 1909 575 1954 nem
610 1897 668 1950 et
697 1887 978 1949 ﬁduciam
1024 1894 1287 1947 nostram
1341 1887 1556 1949 nullus
1598 1887 1827 1964 ignorat
1881 1905 1895 1945 :
1943 1884 2100 1952 sicut

437 1997 631 2062 neque
664 1977 1062 2056 illud,nempe
1093 1984 1312 2054 quanta
1337 1983 1393 2036 et
1423 1974 1616 2054 qualis
1663 1973 2101 2062 sit;dilectioiet

437 2061 778 2148 benignitas
825 2083 998 2146 quam
1033 2082 1173 2142 erga
1215 2083 1318 2125 vos
1348 2063 1636 2126 exhibuit.
1673 2061 1880 2124 Videte
1937 2061 2095 2122 enim

442 2160 596 2240 quod
633 2155 864 2217 dederit
913 2153 1088 2215 nobis
1115 2163 1178 2214 ut
1207 2154 1314 2214 ﬁlii
1341 2153 1429 2214 sui
1464 2172 1730 2214 essemus
1762 2160 1819 2212 et
1847 2170 2095 2213 vocare-

444 2244 774 2317 mur.Quod
793 2243 841 2303 si
868 2262 970 2304 eos
989 2242 1090 2320 qui
1113 2252 1321 2303 suntm
1352 2244 1570 2302 mundo
1594 2243 1706 2302 hoc
1733 2241 1930 2311 lateat.
1961 2249 2100 2321 puta

436 2355 546 2398 nos
577 2353 711 2397 esse
746 2332 853 2394 Dei
883 2331 1143 2399 ﬁlios.ne
1187 2333 1298 2393 hoc
1328 2330 1705 2392 admiremini
1736 2351 1748 2393 :
1786 2348 1917 2390 nam
1955 2347 2094 2410 pro-

2176 1803 2356 1877 γεννᾷ.
2391 1789 2564 1858 ιὈσον
2613 1797 2667 1855 δὲ
2723 1789 2877 1856 τοῦτο
2932 1801 3005 1863 εἰς
3076 1799 3336 1879 καύχημα
3393 1799 3486 1854 καὶ
3535 1795 3829 1875 παῤῥησίαν

2177 1889 2325 1963 ὑμῶν
2367 1886 2530 1953 οὐδεὶς
2559 1886 2766 1969 ἀγνοεῖ,
2799 1886 2916 1944 ἀλλ’
2949 1885 3063 1947 οὐδὲ
3125 1889 3224 1953 τὴν
3278 1894 3372 1945 τοῦ
3414 1883 3831 1966 παρασχομένου

2179 1979 2308 2056 πρὸς
2360 1978 2497 2052 ὑμᾶς
2543 1976 2756 2055 ἀγάπην
2813 1997 2870 2032 τε
2923 1979 3008 2032 καὶ
3050 1976 3420 2056 χρηστότητα,
3478 1975 3580 2042 ὅση
3634 1996 3712 2037 τις
3744 1973 3829 2028 καὶ

2180 2065 2274 2123 οἵα
2302 2065 2440 2123 ἐστίν
2475 2083 2488 2096 '
2521 2065 2690 2123 εἴδετε
2720 2067 2820 2146 γὰρ
2867 2065 2948 2122 ὅτι
3003 2064 3196 2122 ἔδωκεν
3266 2068 3404 2142 ἡμῖν
3473 2064 3634 2121 τέκνα
3675 2065 3830 2120 αὐτοῦ

2178 2155 2416 2232 γενέσθαι
2471 2177 2529 2211 τε
2568 2156 2656 2212 καὶ
2683 2155 2970 2222 κληθῆναι.
3023 2157 3082 2212 El
3126 2153 3180 2210 δὲ
3223 2169 3340 2219 τοῖς
3390 2155 3447 2211 ἐν
3505 2161 3583 2228 τῷ
3637 2155 3823 2223 κόσμῳ

2177 2245 2336 2324 φησὶν
2387 2241 2581 2310 ἂδηλον
2639 2251 2816 2317 τοῦτο,
2861 2243 3004 2322 λέγω
3046 2243 3102 2300 δὲ
3159 2245 3244 2319 τὸ,
3303 2246 3442 2309 οἱους
3485 2245 3629 2319 ἡμᾶς
3686 2240 3825 2296 ε’ίναι

2177 2332 2329 2409 Θεοῦ,
2363 2332 2438 2408 μὴ
2481 2333 2768 2408 θαυμάζετε
2817 2343 2995 2393 τοῦτο.
3046 2335 3140 2389 Διᾶ
3193 2335 3294 2412 γὰρ
3349 2344 3504 2393 τοῦτο
3549 2333 3612 2388 σύ
3658 2328 3823 2408 γινώ-

435 2434 570 2506 pter
598 2425 711 2484 hoc
746 2421 1006 2483 mundus
1036 2440 1154 2482 non
1187 2421 1348 2480 novit
1397 2439 1525 2486 nos.
1561 2419 1838 2500 quoniam
1895 2435 2089 2498 neque

2175 2443 2287 2478 σκει
2353 2423 2513 2498 δμᾶς,
2561 2420 2640 2477 ὅτι
2698 2419 2814 2479 οὐδὲ
2883 2424 2973 2478 τὸν
3041 2424 3417 2493 υἱοθετήσαντα
3485 2424 3622 2497 ὑμᾶς
3665 2419 3821 2496 ἔγνω.

437 2499 578 2576 eum
612 2513 772 2572 novit
801 2510 902 2590 qui
935 2529 1044 2569 nos
1066 2509 1361 2588 adOptavit
1390 2509 1466 2576 in,
1487 2499 1661 2570 ﬁlios.
1697 2506 1861 2580 Quod
1893 2514 2089 2568 autem

2177 2499 2308 2568 υΟτι.
2337 2508 2393 2566 δὲ
2424 2511 2623 2585 κόσμον
2654 2511 2742 2567 τὸν
2773 2511 3024 2590 συρφετὸν
3095 2508 3264 2590 ὄχλον
3317 2508 3488 2588 λέγει,
3547 2501 3824 2584 πολλαχοῦ

442 2601 729 2663 mundum
748 2599 906 2660 dicat
935 2598 1110 2659 vilem
1145 2607 1202 2658 et
1231 2598 1520 2677 abjectain
1557 2596 1883 2667 turbam,frt
1907 2613 2089 2676 quen—

2175 2602 2602 2678 παρεστήσαμεν.
2678 2599 2814 2656 Εἶτα
2867 2597 3052 2667 ἐπειδὴ
3094 2602 3155 2656 τὸ
3198 2604 3296 2666 τῆς
3351 2599 3607 2661 υἱοθεσίας
3665 2614 3825 2652 κατε-

435 2701 526 2753 ter
561 2687 1184 2751 ostendimus.Deiude
1214 2697 1519 2768 postquam
1546 2686 1924 2766 adoptionem
1944 2703 2089 2746 con-

2175 2693 2414 2768 σκεύασε,
2448 2690 2590 2769 λέγει
2636 2691 2720 2747 ἐπὶ
2777 2693 2982 2755 τούτοις
3033 2693 3340 2770 τρανότερον
3400 2693 3490 2748 καὶ
3546 2691 3641 2756 τὴν
3685 2687 3820 2740 ἀπο-

438 2784 712 2854 ﬁrmavit,
746 2776 964 2839 clarius
997 2789 1122 2858 post
1160 2778 1284 2838 haec
1317 2777 1458 2838 dicit
1483 2789 1538 2838 et
1570 2776 1816 2854 gloriam
1851 2795 1917 2838 ac
1940 2776 2089 2836 ﬁdn-

2175 2781 2422 2857 κειμένην
2481 2779 2630 2846 δόξαν
2680 2783 2768 2839 καὶ
2848 2780 3140 2859 παῤῥησίαν
3217 2788 3322 2838 τῶν
3393 2775 3819 2851 υἱοθετηθέντων,

436 2869 586 2932 ciam
616 2888 722 2930 seu
752 2868 1086 2928 libertatem
1113 2885 1242 2947 quas
1293 2867 1384 2928 his
1416 2865 1682 2945 reposita
1712 2874 1804 2926 est
1833 2866 1936 2945 qui
1978 2865 2088 2927 ad-

2175 2875 2258 2929 καί
2312 2894 2471 2951 φησιν
2508 2890 2520 2904 ’
2588 2891 2618 2926 α
2669 2859 2985 2948 Ἀγαπητοί,
3049 2881 3134 2929 νὺν
3177 2869 3335 2926 τέκνα
3387 2876 3519 2927 εεοῦ
3577 2867 3754 2951 ἐσμεν.
3789 2885 3816 2916 ι

435 2959 618 3041 optati
643 2967 803 3031 sunt,
837 2967 890 3018 el
925 2955 1045 3016 ait:
1080 2981 1100 3010 ιι
1132 2955 1503 3028 Charissimi,
1536 2975 1691 3016 nunc
1725 2955 1829 3015 ﬁlii
1861 2954 1964 3016 Dei
1995 2972 2089 3015 su-

2194 2950 2418 3040 Ωσπερεὶ
2449 2958 2597 3038 ἔλεγε
2630 2975 2646 2990 ⁶
2695 2961 2936 3040 Πάντως,
2983 2959 3270 3038 ἀγαπητοὶ,
3319 2957 3406 3015 διὰ⁵
3469 2964 3576 3015 τῶν
3619 2950 3815 3041 προλαέ

439 3039 733 3112 ιῐιιιε.ιιΑε
767 3046 817 3106 si
847 3045 1114 3110 dici-ret:
1151 3043 1796 3125 Omnino,charissimi,
1831 3063 1896 3105 ex
1933 3061 2089 3124 prae-

2175 3039 2372 3108 ϐόντων
2431 3048 2652 3127 ἔγνωτε,
2701 3047 2780 3104 ὅτι
2826 3039 3081 3113 εἰςνυὶοὺς
3151 3057 3282 3107 Θεοῦ
3337 3047 3732 3126 ἀνελήφθημεν.
3767 3039 3822 3097 Εἶ

445 3135 794 3200 cedentibus
823 3135 989 3195 scitis
1019 3133 1246 3214 quodin
1271 3134 1420 3194 ﬁlios
1434 3133 1538 3194 Dei
1559 3133 1846 3213 assumpti
1866 3133 2087 3194 simus:

2175 3140 2227 3196 δὲ
2261 3140 2338 3216 μὴ
2368 3137 2470 3208 ἤδη
2503 3137 2805 3219 ἐφανερώθη
2877 3146 3052 3219 τοῦτο,
3114 3138 3192 3214 μὴ
3245 3135 3571 3216 θορυϐεῖσθε.
3637 3135 3707 3191 Τὸ
3728 3130 3822 3208 γὰρ

439 3226 597 3308 quod
625 3225 672 3286 si
697 3225 753 3285 id
777 3225 1037 3285 nondum
1063 3223 1496 3284 manifestatum
1525 3229 1722 3294 est,ne
1745 3221 2085 3284 turbemini:

2176 3240 2262 3289 νῦν
2320 3227 2539 3306 ἄδηλον,
2617 3230 2836 3309 φανερὸν
2909 3229 3212 3306 γενήσεται,
3292 3227 3489 3285 ἐκείνου
3549 3219 3820 3280 ἀποκαλυ-

440 3313 597 3394 quod
634 3316 791 3374 enim
821 3330 981 3372 nnnc
1012 3312 1302 3372 incertum
1339 3311 1834 3384 est,manifestum
1869 3310 1966 3370 ﬁet
1989 3311 2089 3372 illo

2175 3317 2464 3395 πτομένου,
2521 3308 2746 3393 ’Ὅμοιοι
2816 3319 2916 3395 γὰρ
2987 3319 3128 3392 αὖτῷ
3195 3317 3572 3398 ἀναφανὲντες,
3630 3312 3691 3366 τὸ
3731 3313 3826 3374 της

438 3400 1030 3478 revelato.Siquidem
1048 3399 1383 3480 adoptionis
1396 3400 1774 3480 splendorem
1791 3399 2089 3461 exhibebi-

2175 3407 2425 3471 υἱοθεσίας
2470 3405 2713 3486 λαμπρὸν
2771 3407 3203 3486 παραστήσομεν.
3265 3409 3324 3463 Οἱ
3387 3408 3500 3486 γαρ
3551 3403 3652 3460 υἱοὶ
3698 3399 3831 3458 πάν-

441 3498 943 3570 musapparentes
966 3488 1076 3568 ipsi
1092 3488 1343 3563 similes;
1373 3489 1632 3557 namﬁtii
1651 3489 1894 3550 omnino
1918 3489 2052 3550 simi
2079 3523 2089 3536 -

2175 3518 2277 3561 τως
2322 3496 2496 3572 ὅμοιοι
2542 3502 2619 3570 τῷ
2685 3495 2866 3574 πατρί.
2942 3493 3108 3551 Ἀλλὰ
3153 3495 3242 3551 καὶ
3309 3495 3410 3562 τὴν
3495 3497 3622 3570 πρὸς
3678 3487 3828 3545 αὐτὸν

439 3581 526 3641 les
555 3588 695 3640 sunt
723 3577 1022 3658 patri.Sed
1056 3576 1109 3638 ei
1139 3577 1357 3640 ﬁducia
1406 3595 1546 3656 erga
1574 3578 1768 3657 ipsum
1803 3575 2089 3639 habentes

2175 3585 2466 3665 παρῤησίαν
2535 3585 2752 3665 ἔχοντες
2817 3586 2890 3647 ὡς
2933 3586 3052 3660 υἱοὶ,
3134 3584 3370 3659 ὀψόμεθα
3425 3584 3595 3643 αὐτὸν
3663 3577 3829 3638 καθὼς

445 3679 722 3749 tanquam
755 3667 884 3742 ﬁlii,
921 3666 1258 3728 videbimus
1300 3685 1432 3728 eum
1455 3666 1628 3727 sicuti
1650 3675 1738 3727 est
1764 3683 1777 3728 :
1807 3685 1924 3727 non
1949 3685 2089 3727 sane

2177 3677 2340 3749 ἐστιν,
2374 3679 2435 3734 οὗ
2476 3676 2612 3730 κατὰ
2652 3673 2924 3754 τὴνφύσιν
2952 3671 3220 3739 δηλονότι.
3286 3672 3488 3752 (Τοπο
3531 3672 3630 3751 γὰρ
3687 3665 3827 3743 ἀμή-

439 3759 612 3838 juxta
637 3757 823 3837 ipsius
842 3764 1276 3831 naturam;nam
1300 3755 1412 3816 hoc
1432 3755 1910 3834 impossibileest
1932 3773 2089 3819 crea.

2178 3785 2347 3845 χανον
2405 3771 2607 3843 γενητῇ
2690 3762 2889 3844 φύσει.)
2971 3761 3137 3822 Ἀλλὰ
3203 3764 3297 3839 τί;
3345 3763 3551 3820 δίκαιον
3621 3757 3826 3834 δίκαιοι,

441 3858 512 3909 tre
529 3854 770 3907 natura?
797 3845 1712 3934 sedquid?justumjusti,purum
1737 3845 2089 3925 puri.Simili

2183 3857 2340 3934 ἀγνδν
2399 3854 2570 3932 ἀγνοίο
2631 3858 2720 3926 Τῷ
2777 3854 2877 3931 γὰρ
2935 3851 3100 3928 ὁμοίῳ
3167 3852 3562 3932 προσφύσονται
3645 3847 3731 3902 καὶ
3759 3845 3828 3934 uol.

440 3933 598 3998 enim
623 3933 1013 3998 adhaerebunt
1043 3944 1100 3996 et
1123 3933 1628 4012 similes.Nam|ob
1661 3934 1720 3993 id
1753 3935 1924 4015 paulo
1958 3944 2089 3996 ante

2184 3932 2384 4021 ὅμοιοι.
2421 3944 2520 4002 Διὰ
2559 3943 2659 4022 γὰρ
2687 3949 2841 3999 τοῦτο
2909 3943 2996 3999 καὶ
3027 3949 3200 4019 μικρῷ
3257 3943 3485 3998 κατόπιν
3541 3939 3696 3996 εἷπον
3751 3932 3827 3989 ὅτι

439 4025 559 4087 dixi
590 4023 746 4105 quod
772 4023 1000 4086 similes
1034 4022 1088 4086 ei
1118 4025 1340 4085 erimus
1368 4045 1380 4082 :
1409 4042 1526 4083 non
1551 4023 1718 4102 juxta
1758 4035 2030 4084 naturam
2067 4042 2080 4085 :

2175 4032 2346 4110 ὅμοιοι
2390 4037 2533 4108 αὒτῷ
2574 4031 2824 4106 ἐσόμεθα,
2870 4031 2929 4088 οὔ
2978 4032 3113 4090 κατὰ
3168 4031 3269 4098 τὴν
3323 4031 3505 4110 φύσιν.
3563 4037 3699 4086 Ετπε
3730 4025 3826 4102 γὰρ

441 4115 582 4175 ΰ78
611 4113 1034 4175 dixissetenim
1057 4113 1278 4195 alioqui
1303 4132 1418 4174 non
1442 4112 1706 4187 Similes,
1740 4113 1842 4174 sed
1874 4113 2084 4190 Iidem,

2175 4123 2234 4180 ἂν
2277 4125 2377 4203 οὑχ
2401 4112 2416 4134 ’
2439 4117 2804 4203 Ομοιοι,ιᾶλλ’
2833 4123 2893 4178 Οἱ
2925 4121 3088 4180 αὐτοί.
3120 4127 3223 4178 Νῦν
3251 4118 3306 4176 δὲ
3352 4119 3468 4175 ἐπεὶ
3525 4118 3603 4196 μὴ
3675 4113 3824 4171 τοῦτο

443 4222 604 4266 nunc
632 4211 827 4291 autem
860 4202 998 4282 quia
1032 4203 1088 4262 id
1117 4221 1235 4263 non
1269 4205 1598 4291 continget,
1631 4202 1779 4263 dixit
1823 4202 2086 4277 Similes,

2175 4199 2501 4287 Magnetas
2543 4212 2605 4267 τὸ
2662 4199 3044 4291 Ὀμοιοι,κατα
3071 4209 3170 4277 τὴν
3222 4211 3320 4276 τῆς
3362 4207 3521 4277 δόξης
3570 4205 3828 4270 ποιότητα

430 4289 798 4374 juxtagloriae
810 4291 1080 4400 videlicet
1093 4291 1486 4400 qualitatemA
1496 4290 2086 4400 nidmadverterndum

2175 4300 2402 4371 δηλαδῆ.
2475 4289 2904 4374 Ἐπισημαντέονν
2972 4297 3026 4354 δὲ
3069 4301 3149 4357 ὃτι
3195 4301 3289 4399 οξκ
3343 4299 3500 4357 εἶπεν
3559 4293 3822 4400 ἀνωτέρω,

439 4371 529 4446 est
559 4389 754 4443 autem
779 4381 934 4460 quod
967 4399 1086 4442 non
1107 4371 1326 4443 dixerit
1357 4381 1417 4442 in
1445 4380 2089 4460 supt-rioribus,0mnis

2177 4399 2286 4456 Πᾶς
2318 4394 2346 4448 δ
2375 4391 2606 4460 ποιήσας
2648 4371 2748 4456 τὴν
2778 4387 3136 4468 δικαιοσύνην,
3169 4388 3203 4456 ἢ
3237 4379 3294 4446 ”Ο
3324 4390 3594 4467 ποιήσων,
3625 4371 3745 4440 ἀλλ’
3771 4371 3826 4436 ιΟ

441 4470 543 4554 qui
579 4469 720 4532 fecit
747 4477 846 4530 aut
875 4470 976 4550 qui
1008 4469 1181 4532 faciet
1199 4471 1487 4552 justitiam
1520 4470 1622 4532 sed
1652 4471 1764 4544 Qui
1794 4471 2094 4536 lacit.Vir-

443 4571 604 4623 tutes
655 4559 816 4620 enim
858 4577 1099 4640 semper
1141 4565 1577 4640 operanturﬁet
1603 4561 1745 4622 dum
1775 4561 1943 4638 ﬁunt,
1981 4562 2090 4623 ha—

444 4649 587 4712 bent
619 4665 793 4710 esse:
835 4657 1136 4712 cessantes
1185 4666 1324 4711 vero
1383 4657 1480 4711 aut
1531 4649 1764 4726 futurae,
1821 4668 1897 4711 ne
1957 4669 2092 4712 esse

443 4737 684 4820 quidem
720 4736 963 4802 habent.
1600 4783 1604 4786 .

524 4826 628 4901 ΙΙΙ.
659 4827 796 4892 4-8.
822 4830 1036 4892 Omnis
1057 4830 1341 4911 quigfacit
1365 4837 1699 4911 peccatum,
1724 4835 1778 4892 et
1805 4829 2098 4910 iniquita-

447 4925 566 4982 tem
593 4917 828 4997 facit,et
869 4927 1182 4997 peccatum
1212 4928 1296 4982 est
1326 4923 1712 4982 commissum
1766 4927 1972 4981 contra
2001 4918 2092 4981 le-

442 5005 679 5086 gem.Et
701 5007 872 5068 scitis
891 5007 1046 5086 quod
1065 5009 1172 5071 ille
1201 5009 1667 5090 apparuerit,ut
1691 5015 1938 5087 peccata
1957 5025 2098 5070 nos-

446 5102 548 5158 tra
578 5093 816 5157 tolleret
841 5104 931 5159 :et
961 5106 1273 5178 peccatum
1302 5099 1370 5161 in
1399 5117 1466 5160 eo
1495 5116 1617 5160 non
1641 5096 1974 5161 est.0mm's
1993 5104 2099 5177 qui

444 5186 510 5247 in
534 5200 600 5246 eo
619 5192 971 5260 manet,non
996 5187 1442 5268 peccat.0mm's
1473 5193 1580 5268 qui
1603 5193 1830 5268 peccat,
1863 5203 1988 5249 non
2009 5192 2095 5249 vi—

444 5273 535 5336 dit
553 5289 693 5336 eum
723 5289 831 5335 nec
849 5280 1124 5353 cognovit
1153 5295 1312 5339 eum.
1338 5277 1574 5356 Filioli,
1607 5293 1783 5338 nemo
1798 5293 1897 5338 vos
1911 5275 2094 5338 sedu-

445 5363 856 5438 cat.()ui/acit
875 5365 1419 5443 justitiamjustus
1453 5373 1539 5428 est
1574 5367 1728 5427 sicut
1757 5373 1813 5426 et
1844 5365 2094 5444 illejus-

447 5458 542 5514 tus
573 5459 682 5512 est.
720 5451 844 5530 Qui
867 5453 1014 5530 facit
1039 5464 1372 5534 peccatum,
1405 5473 1483 5518 ex
1513 5454 1752 5517 diabolo
1799 5462 1909 5529 est,
1944 5473 2096 5535 quo-

445 5545 615 5603 niam
647 5540 723 5604 ab
752 5541 934 5604 init-io
963 5543 1240 5607 diabolus
1280 5552 1505 5625 peccat.
1539 5543 1626 5606 Ad
1653 5543 1762 5605 hoc
1805 5542 2100 5626 apparuit

446 5627 640 5691 Filius
666 5627 804 5704 Dei,
838 5637 904 5692 ut
931 5631 1216 5696 dissolvat
1245 5651 1426 5714 opera
1447 5633 1699 5697 diaboli.

2175 4483 2367 4544 ποιῶν,
2397 4479 2684 4560 Πρακτικαὶ
2726 4478 2825 4558 γὰρ
2855 4481 2907 4534 αἱ
2969 4478 3171 4558 ἀρεταὶ,
3227 4479 3316 4533 καὶ
3375 4476 3428 4532 ἐν
3487 4482 3566 4551 τῷ
3594 4471 3821 4560 γίνεσθαι

2175 4571 2362 4652 ἔχουσι
2391 4558 2453 4627 to
2482 4568 2646 4631 εἶναι.
2682 4569 3018 4644 Παυσάμεναι
3042 4569 3141 4648 γὰρ
3172 4567 3208 4636 ἢ
3252 4566 3566 4647 μέλλουσαι,
3624 4559 3737 4619 οὖδέ
3768 4558 3826 4612 τὸ

2176 4674 2315 4718 εἶναι
2345 4659 2555 4740 ἔχουσι,

2267 4861 2290 4897 α
2329 4844 2439 4903 Πᾶς
2470 4840 2499 4894 ὁ
2554 4842 2724 4894 ποιῶν
2779 4837 2878 4905 τὴν
2926 4837 3206 4916 ἁμαρτίαν,
3270 4836 3360 4892 καὶ
3445 4834 3545 4901 τὴν
3606 4826 3826 4916 ἀνομίαν

2177 4943 2348 5000 ποιεῖ,
2418 4929 2506 4985 καὶ
2578 4929 2613 4996 ἡ
2685 4927 2912 5007 ἁμαρτία
2968 4913 3104 4982 ἐστὶν
3173 4927 3208 4994 ἠ
3278 4924 3470 5001 ἀνομία
3511 4920 3599 4978 καὶ
3651 4913 3824 5007 οἴδατε

2179 5019 2260 5077 ὅτι
2341 5018 2545 5081 ἐκεῖνος
2613 5005 2939 5098 ἐφανερώθη,
2999 5015 3094 5073 τίνα
3161 5016 3256 5080 τὰς
3341 5013 3600 5092 ἁμαρτίας
3669 5005 3822 5080 ἡμῶν

2179 5109 2338 5190 atem.
2366 5109 2465 5167 Καὶ
2519 5107 2747 5187 ἁμαρτία
2791 5106 2844 5164 ἒν
2901 5110 3045 5182 αὐτῷ
3102 5109 3196 5165 οὒκ
3249 5104 3386 5166 ’έστι-
3447 5109 3557 5165 Πᾶς
3589 5101 3616 5156 δ
3645 5098 3822 5190 εἵμαθ’

2178 5183 2348 5260 τάνων
2431 5195 2537 5277 οὐχ
2594 5183 2824 5276 ἑῶρακεν
2882 5196 3062 5253 αὐτὸν.
3145 5195 3264 5277 οὐδε
3337 5192 3568 5272 ἔγνωκεν
3625 5183 3812 5277 αὐτόν.

2179 5279 2390 5352 Τεκνία,
2450 5260 2634 5354 μηδεὶς
2669 5260 2944 5334 ’πλανάτω
2999 5278 3135 5352 ὑμᾶς
3170 5292 3184 5306 ⁸
3251 5267 3308 5333 Ὀ
3353 5260 3520 5331 ποιῶν
3585 5269 3684 5334 τὴν
3740 5260 3822 5363 3:-

2179 5369 2466 5436 καισσύνην
2532 5365 2730 5431 δίκαιός
2787 5367 2920 5441 ἐστι,
3007 5367 3180 5432 καθὼς
3250 5364 3456 5427 ἐκεῖνός
3526 5359 3691 5435 ἐστιν,
3765 5359 3822 5441 ςΟ

2183 5465 2356 5516 ποιῶν
2423 5461 2522 5526 τὴν
2591 5456 2848 5536 ἁμαρτίαν
2891 5439 2952 5513 ἐκ
3020 5466 3112 5516 τοῦ
3203 5451 3449 5512 διαϐόλου
3505 5439 3823 5536 istm-51t-

2182 5545 2275 5606 ἀπ’
2325 5547 2503 5628 ἀρχῆς
2561 5548 2589 5603 ὁ
2631 5532 2900 5610 διάϐολος
2957 5545 3268 5625 ἁμαρτάνει,
3342 5545 3429 5608 Εἷς
3472 5545 3625 5628 τουτο
3692 5532 3823 5628 hac:

2182 5623 2449 5716 νερὼθηδ
2505 5637 2625 5698 Γὶὸς
2687 5645 2781 5695 τοῦ
2849 5642 2981 5692 Θεοῦ
3036 5623 3128 5690 ’ἕνα
3197 5633 3332 5708 λύσῃ
3403 5633 3469 5690 τὰ
3542 5627 3667 5705 ’ἔργα
3737 5623 3826 5674 τοῦ

2185 5723 2428 5783 διαϐόλου
2441 5774 2452 5787 .
2485 5749 2513 5781 ι
