4106 6412
174 402 294 468 649

1249 406 1646 474 COMMENT.
1691 405 1775 472 IN
1819 403 2061 473 EPIST.
2110 410 2137 472 Ι
2178 406 2529 474 JOANNIS.

3464 405 3587 472 650

254 539 660 605 Κατασκευάσας
704 543 793 598 τὸν
820 543 938 622 περὶ
968 540 1302 611 δικαιοσύνης
1359 542 1520 621 λόγον
1579 542 1664 601 διὰ
1718 552 1821 601 τῶν

1988 534 2345 608 Conﬁrmato
2376 547 2436 607 in
2459 546 2871 626 superioribus
2890 563 3172 608 sermone
3186 546 3264 608 de
3275 545 3509 627 justitia
3541 564 3577 607 a

178 628 422 708 ἀνωτέρω
478 630 584 687 ἀπὸ
626 632 731 688 τῶν
788 631 884 699 τῆς
944 628 1287 700 δικαιοσύνης
1350 631 1552 711 καλῶν,
1598 656 1687 689 νυν
1744 636 1832 691 καὶ

178 719 279 773 ἀπὸ
323 726 412 774 τοῦ
460 718 696 777 ἐναντίου
738 722 827 777 καὶ
870 726 977 777 τῶν
1034 720 1442 800 ἐνυπαρχόντων
1486 723 1629 796 αὗτῷ
1674 722 1831 802 ἐφορ-

181 812 251 882 μᾷ
278 813 347 883 τῇ
377 805 660 889 ἀποδείξει,
692 811 781 865 καί
821 831 951 891 φησι
987 828 1001 843 ·
1037 832 1065 865 α
1098 815 1206 891 Πᾶς
1253 810 1281 865 6
1312 817 1481 867 ποιῶν
1522 812 1621 878 τὴν
1651 813 1827 891 ἁμαρ-

177 893 311 958 τίαν,
346 920 372 950 ι
404 897 642 953 τοιοῦτόν
672 920 721 954 τι
753 897 949 978 λέγων,
982 897 1063 954 ὅτι
1126 890 1311 975 ’Υμεϊς
1345 903 1391 956 οἱ
1418 900 1823 975 υἱοθετηθέντες,

177 981 449 1062 ἐργάζεσθε
506 988 609 1054 τὴν
652 984 1014 1066 δικαιοσύνην,
1069 988 1157 1044 καὶ
1216 989 1292 1064 μὴ
1363 989 1554 1067 ἀργοὺς
1614 990 1826 1052 ἑαυτοὺς

176 1071 483 1151 ἀποφαίνετε
537 1075 760 1143 ταύτης.
816 1067 907 1141 Ὠς
968 1077 1069 1155 γὰρ
1119 1075 1205 1133 ἐπὶ
1254 1084 1353 1146 τῆς
1398 1080 1654 1159 ἁμαρτίας
1724 1082 1829 1158 οὐχ

177 1160 204 1215 6
243 1162 471 1231 ποιήσας
498 1162 534 1232 ἢ
564 1166 593 1220 6
620 1166 886 1245 ποιήσων,
920 1165 1128 1227 ἐκεῖνός
1172 1165 1312 1222 ἐστιν
1370 1169 1398 1223 6
1467 1166 1665 1242 ἄνομος
1721 1166 1757 1234 ἢ
1802 1169 1829 1223 6

178 1249 506 1335 ἁμαρτωλὸς,
551 1251 671 1309 ἀλλ’
716 1257 744 1310 6
788 1254 1049 1333 ἐχόμενος
1090 1256 1185 1311 τοῦ
1224 1265 1390 1315 κακοῦ
1447 1257 1534 1313 καὶ
1592 1256 1824 1335 ἐνεργὸς,

178 1333 309 1424 οὕτω
363 1338 452 1424 καὶ
508 1338 704 1405 δίκαιος
751 1342 855 1423 οὐχ
911 1344 940 1399 6
983 1342 1288 1423 ἀπρακτῶν,
1348 1341 1469 1401 ἀλλ’
1528 1347 1556 1401 6
1588 1333 1822 1424 ἐνεργός.

179 1421 366 1480 ἰστὲον
390 1423 445 1481 δὲ
482 1427 557 1490 ὡς
613 1421 851 1508 ἁμαρτία
895 1431 993 1506 μὲν
1129 1431 1223 1488 τοῦ
1266 1432 1462 1510 ἀγαθοῦ
1521 1421 1827 1495 ἀπόπτωσίς

179 1510 336 1600 ἐστιν,
406 1512 620 1591 ἀνομία,
695 1515 751 1574 δὲ
823 1521 941 1600 περὶ
1006 1521 1096 1578 τὸν
1152 1523 1301 1577 θετὸν
1356 1522 1518 1596 νόμον
1578 1520 1829 1597 πλημμέ-

178 1598 310 1662 λεια.
375 1605 472 1660 Καὶ
525 1606 725 1674 ταύτην
782 1598 994 1688 ἔχουσιν
1056 1609 1233 1689 ἀρχήν
1302 1608 1545 1690 ἕκάτερον
1600 1611 1824 1690 τούτων,

177 1691 232 1746 τὸ
282 1690 380 1767 μὲν
428 1694 527 1761 τὴν
575 1695 681 1752 ἀπὸ
722 1699 814 1754 τοῦ
871 1697 1069 1777 ἀγαθοῦ
1124 1698 1409 1775 ἔκπτωσιν,
1472 1701 1532 1756 τὸ
1602 1698 1658 1755 δὲ
1728 1699 1825 1766 τὴν

1918 631 2084 694 bonis
2107 636 2376 715 justitiae,
2413 654 2568 696 nunc
2601 635 2776 697 etiam
2805 655 2839 697 a
2868 636 3184 697 contrariis
3238 645 3296 698 et
3318 635 3411 697 his
3439 654 3574 716 quae

1912 720 2022 801 ipsi
2057 724 2337 785 accidunt
2387 726 2962 786 demonstrationem
3019 724 3291 799 assumit,
3342 732 3402 786 et
3437 725 3519 786 ait
3553 745 3567 786 :

1919 807 2159 872 «Omnis
2182 813 2279 893 qui
2302 813 2439 874 facit
2466 823 2773 893 peccatum
2790 864 2801 875 .
2819 839 2838 867 ι
2870 813 3013 874 Tale
3036 813 3317 893 quiddam
3339 812 3576 875 dicens:

1913 899 2031 959 Vos
2067 900 2165 980 qui
2197 900 2457 980 adoptati
2489 901 2651 972 estis,
2685 901 3353 982 opereminijustitiam,
3383 920 3584 982 neque

1911 1006 2014 1048 vos
2036 989 2196 1068 ipsos
2231 990 2650 1052 exhibeatisin
2684 992 2794 1052 hac
2817 988 3576 1062 otiosos.Quemada:odum

1913 1076 2072 1137 enim
2108 1077 2166 1137 in
2204 1088 2445 1156 peccato
2509 1099 2625 1140 non
2685 1085 2732 1140 is
2763 1079 2864 1161 qui
2893 1079 3035 1140 fecit
3064 1088 3166 1139 aut
3195 1082 3430 1141 futurus
3459 1088 3573 1154 est,

1911 1164 2012 1227 ille
2032 1165 2275 1246 iniquus
2301 1167 2521 1229 dicitur
2536 1176 2633 1228 aut
2660 1167 3068 1247 peccator,sed
3083 1168 3181 1247 qei
3205 1169 3356 1228 man
3380 1168 3577 1230 adhae-

1912 1263 2003 1315 ret
2035 1256 2285 1335 ejusque
2315 1264 2592 1336 operator
2634 1265 2724 1317 est
2750 1279 2764 1315 :
2791 1256 2872 1318 ita
2902 1265 2959 1317 et
2982 1256 3178 1335 justus
3207 1275 3326 1317 non
3356 1255 3579 1318 dicitur

1913 1344 1963 1401 is
1989 1343 2087 1422 qui
2124 1343 2275 1404 nihil
2336 1345 2588 1423 proﬁcit,
2649 1353 2750 1405 aut
2808 1345 3079 1424 ignavus,
3114 1343 3222 1406 sed
3267 1352 3570 1406 strenuus.

1912 1428 2229 1492 Sciendum
2251 1442 2448 1493 autem
2474 1432 2631 1513 quod
2655 1434 2885 1513 αμαρτία
2908 1432 3150 1513 quidem
3172 1431 3233 1493 id
3258 1441 3349 1493 est
3364 1449 3577 1513 pecca-

1916 1530 2038 1580 tum
2061 1527 2149 1579 est
2173 1520 2372 1600 lapsus
2410 1520 2483 1582 ab
2508 1539 2577 1582 eo
2600 1522 2756 1601 quod
2782 1521 3004 1583 bonum
3030 1529 3122 1583 est
3147 1540 3161 1580 :
3183 1521 3374 1597 ἂνομία
3403 1540 3570 1599 vero,

1910 1606 1969 1667 id
2002 1615 2093 1668 est
2121 1608 2525 1689 iniquitas,est
2548 1610 2831 1671 delictum
2856 1612 3018 1671 circa
3042 1610 3234 1689 legem
3262 1610 3514 1690 positam
3553 1629 3568 1671 :

1912 1707 1969 1758 et
1992 1708 2307 1780 utrumque
2322 1701 2535 1762 horum
2558 1700 2614 1761 id
2638 1702 2709 1763 ha
2723 1702 2820 1762 bet
2838 1700 3071 1762 initium
3093 1719 3107 1763 :
3125 1719 3342 1781 nempe
3366 1720 3576 1781 pecca-

178 1782 284 1883 περὶ
322 1781 417 1837 τὸν
457 1784 605 1840 θετὸν
650 1785 812 1861 νόμον
864 1785 1264 1883 πλημμέλειαι.
1329 1788 1691 1868 Συμφέρονται
1768 1786 1820 1843 δὲ

1907 1787 2585 1867 tum,degenerationem
2617 1789 2691 1851 ab
2723 1808 2794 1851 eo
2837 1789 2994 1870 quod
3026 1788 3247 1851 bonum
3281 1797 3411 1851 est:
3445 1791 3569 1852 ini-

177 1870 384 1937 ταύταις
452 1874 539 1929 καὶ
592 1876 729 1930 κατά
780 1874 990 1935 ταύτόν.
1051 1870 1114 1934 ”Ο
1185 1899 1244 1933 τε
1315 1878 1415 1957 γὰρ
1475 1878 1813 1958 ἁμαρτάνων,

178 1968 262 2016 τοῦ
298 1962 439 2018 κατά
464 1963 566 2030 τὴν
606 1964 757 2043 φύσιν
814 1966 902 2021 καὶ
958 1965 1011 2022 ἐν
1066 1972 1136 2043 τῇ
1180 1967 1332 2046 φύσει
1389 1966 1627 2046 ἀπέτυχε
1685 1988 1817 2023 σκο-

179 2052 288 2113 ποῦ.
338 2053 552 2114 Σκοπὸς
583 2054 684 2132 γὰρ
724 2060 794 2131 τῇ
852 2053 1149 2133 ἀνθρωπεία
1203 2056 1375 2135 φύσει,
1433 2058 1495 2113 τὸ
1552 2056 1688 2112 κατὰ
1727 2057 1817 2111 τὸν

179 2135 325 2218 λόγον
370 2146 489 2217 ζῇν,
549 2144 649 2208 τῆς
693 2141 911 2222 ἀλογίας
981 2143 1161 2223 πόῤῥω
1194 2144 1569 2222 ἀπῳκισμένη.
1633 2136 1821 2202 Ὠσαύ-

177 2248 271 2291 τως
299 2229 392 2286 καὶ
445 2233 474 2286 6
514 2231 753 2307 ἀνομῶν,
790 2231 1110 2308 πλημμελεῖ
1151 2235 1269 2312 περὶ
1311 2235 1403 2291 τὸν
1448 2232 1505 2289 ἐν
1559 2239 1629 2309 τῇ
1671 2234 1819 2313 φύσει

176 2312 445 2393 δεδομένον
473 2320 658 2396 νόμον,
718 2319 1084 2400 διαγινόμενος
1142 2323 1406 2403 ἁκρατως.
1473 2312 1693 2387 Καλῶςγ
1733 2322 1819 2379 οὗν

175 2408 200 2462 6
236 2410 477 2483 μαθητὴς
518 2412 613 2467 τοῦ
642 2412 827 2491 Κυρίου
871 2414 943 2476 είς
986 2414 1174 2472 ταύτὸν
1218 2413 1491 2494 ἀμφοτερα
1540 2411 1823 2493 περιέστη-

176 2515 276 2558 σεν.
313 2519 341 2551 ι
384 2500 479 2556 Καὶ
507 2497 689 2557 οἴδατε
736 2498 816 2556 ὅτι
867 2500 1070 2567 ἐκεῖνος
1130 2502 1458 2582 ἐφανερώθη.
1500 2524 1522 2558 Ii
1587 2502 1659 2560 ΟΒ
1708 2516 1816 2576 μτν

175 2605 250 2665 γε,
289 2586 445 2666 φησὶ,
494 2588 677 2668 χώραν
708 2587 783 2646 ἔτι
829 2591 1053 2670 σχοίητε
1094 2600 1189 2668 τρῦ
1218 2592 1558 2671 ἁμαρτάνειν.
1594 2598 1817 2671 Χριστοῦ

174 2674 263 2753 γὰρ
331 2675 425 2732 ἐπ’
498 2677 796 2758 ἀνααιρέσει
868 2685 966 2747 τῆς
1024 2681 1280 2758 ἁμαρτίας
1363 2680 1814 2760 παραγενομένου,

175 2762 279 2819 καθ’
320 2763 405 2820 ὅτι
468 2766 739 2846 ἀμέτοχος
796 2770 860 2837 ἦν
921 2771 1203 2848 ἁμαρτίας,
1272 2767 1389 2826 οῦδὲ
1449 2771 1578 2845 ὑμῖν
1611 2768 1818 2826 ὑπολεί-

176 2872 319 2909 πεται
366 2854 445 2911 ἔτι
504 2857 823 2936 ἁμαρτάνειν
882 2872 997 2921 τοῖς
1057 2858 1111 2915 ἐν
1156 2860 1298 2931 αὐτῷ
1354 2858 1657 2936 γενομένοις
1729 2861 1817 2915 καὶ

176 2938 504 3015 βεϐαιωθεῖσι
560 2951 628 3021 τῇ
676 2947 750 3009 εἰς
808 2950 965 3007 αὐτὸν
1023 2949 1220 3009 πίστει.
1267 2948 1431 3005 Τοῦτο
1473 2949 1573 3027 γὰρ
1621 2947 1814 3024 βουλε-

176 3052 251 3086 ται
279 3034 561 3109 σημαίνειν
591 3032 676 3091 διὰ
701 3038 816 3111 τοῦ,
866 3044 972 3100 Πᾶς
1004 3039 1032 3094 6
1062 3036 1115 3092 ἐν
1144 3041 1284 3112 αὐτῴ
1316 3037 1514 3113 μένων.

1902 1875 2096 1956 quitas
2117 1885 2341 1958 autem,
2362 1878 2738 1939 committere
2758 1879 3042 1940 adversus
3065 1876 3315 1957 positam
3347 1878 3567 1958 legem.

1902 1967 2278 2027 Conveniunt
2301 1976 2497 2028 autem
2523 1966 2682 2028 inter
2698 1985 2765 2028 se
2782 1975 2841 2028 et
2864 1967 3019 2028 circa
3041 1967 3199 2028 idem
3221 1975 3382 2029 sunt.
3416 1970 3566 2030 Nam

1904 2063 1963 2115 et
1987 2056 2035 2115 is
2069 2059 2165 2135 qui
2200 2054 2687 2135 peccat,|aberrat
2715 2076 2749 2117 a
2777 2075 2958 2136 scopo
2991 2055 3093 2137 qui
3115 2063 3205 2118 est
3233 2056 3565 2118 secundum

1905 2152 2173 2204 naturam
2209 2151 2267 2205 et
2296 2145 2357 2205 in
2389 2146 2516 2225 ipsa
2546 2154 2758 2207 natura
2793 2166 2807 2206 :
2843 2164 3060 2225 scopus
3092 2145 3254 2206 enim
3287 2145 3565 2209 humanae

1905 2241 2130 2293 natura:
2161 2244 2248 2293 est
2279 2234 2471 2295 vivere
2513 2235 2847 2296 secundum
2906 2234 3224 2309 rationem,
3262 2242 3324 2294 ut
3360 2236 3566 2313 procul

1906 2320 2207 2400 disjuncta
2229 2322 2305 2381 sit
2326 2323 2398 2383 ab
2419 2322 2893 2384 irrationalitate.
2928 2322 3220 2385 Similiter
3249 2330 3306 2383 et
3329 2322 3568 2404 quiagit

1904 2408 2434 2491 inique,delinquit
2448 2412 2609 2472 circa
2622 2412 2814 2473 datam
2827 2411 2889 2472 in
2907 2420 3113 2472 natura
3129 2411 3567 2490 legem,intem—

1906 2509 2186 2578 peranter
2240 2501 2509 2561 aifectus.
2564 2499 2750 2563 Recte
2779 2518 2919 2579 ergo
2960 2499 3295 2579 discipulus
3325 2499 3567 2563 Domini

1901 2597 2219 2668 utrumque
2246 2588 2305 2649 in
2335 2590 2492 2651 idem
2517 2596 2920 2652 cummutawt.
2956 2588 3059 2653 «Et
3088 2589 3255 2651 scitis
3285 2590 3445 2669 quod
3463 2590 3566 2653 ille

1899 2677 2298 2758 apparuerit.»
2328 2679 3170 2759 Nequaquam,inquit,locum
3187 2678 3313 2757 jam
3338 2678 3565 2742 habere

1901 2766 2152 2846 potestis
2192 2770 2501 2846 peccandi.
2531 2768 2673 2829 579
2706 2769 2852 2830 Cum
2887 2768 3047 2829 enim
3080 2766 3352 2833 Christus
3380 2766 3564 2830 adve-

1899 2856 2142 2916 neritad
2169 2855 2498 2916 tollendum
2525 2865 2860 2936 peccatum,
2888 2855 3170 2937 quoniam
3193 2874 3309 2916 non
3324 2856 3567 2919 eratille

1901 2944 2195 3024 particeps
2223 2946 2469 3024 PBt'Call,
2507 2964 2700 3025 neque
2724 2946 2889 3006 vobis
2920 2945 3195 3007 relictum
3231 2952 3321 3005 est
3344 2953 3561 3006 utam-

1899 3034 2051 3113 plius
2084 3032 2363 3110 peccetis,
2400 3033 2500 3112 qui
2530 3035 2602 3094 ad
2664 3053 2800 3094 eum
2836 3032 3197 3103 accessistis,
3236 3040 3295 3093 et
3325 3031 3388 3093 in
3436 3033 3560 3095 ﬁde

174 3115 350 3196 ipsius
394 3122 733 3186 conﬁrmati
767 3124 932 3188 estis.
966 3124 1113 3187 Nam
1144 3126 1260 3187 hoc
1288 3125 1624 3206 signiﬁcare
1647 3124 1776 3185 vult
1806 3143 1937 3188 cum
1973 3122 2054 3182 ait
2089 3141 2102 3181 :
2152 3120 2359 3181 Omnis
2392 3122 2493 3202 qui
2526 3122 2585 3182 in
2621 3140 2691 3185 eo
2729 3131 2953 3183 manet.

247 3214 407 3275 Οὗτος
465 3210 521 3269 δέ
591 3212 732 3270 ἐστιν
787 3217 816 3271 6
884 3214 1173 3278 ἀνενδότως
1215 3216 1311 3278 τὰς
1354 3216 1543 3294 ἀρετᾶς
1590 3217 1807 3291 μετιὼν,
1832 3225 1871 3275 C

176 3299 255 3354 καὶ
296 3299 567 3376 μηδέποτε
609 3308 709 3371 τῆς
753 3304 950 3361 τούτων
991 3303 1280 3383 ἀπολήγων
1312 3304 1579 3385 ἐργασίας.
1657 3324 1687 3363 (
1722 3307 1818 3362 Καὶ

175 3386 389 3469 ἁμαρτία
421 3390 478 3446 ἐν
517 3396 661 3467 αὐτῷ
708 3395 802 3450 οὒκ
852 3393 987 3454 ἐστι.
1030 3418 1049 3448 ο
1119 3400 1228 3459 Πᾶς
1294 3397 1322 3451 6
1377 3393 1432 3450 ἐν
1474 3396 1615 3469 αὒτῷ
1646 3394 1818 3470 μένων

173 3476 267 3559 οὔχ
296 3480 610 3560 ἁμαρτάνει,
669 3484 763 3558 Τὸ,
826 3485 946 3557 Καί,
994 3482 1107 3540 ἀντὶ
1159 3486 1268 3544 τοῦ.
1325 3495 1493 3542 Διοτι.
1547 3508 1570 3538 (ι
1621 3490 1729 3547 Πᾶς
1788 3486 1816 3539 6

175 3566 507 3651 ἁμαρτάνων,
572 3596 592 3625 ι
633 3575 721 3628 καὶ
777 3572 922 3640 ἑξῆς.
974 3574 1150 3630 Εἰπὼν
1208 3572 1286 3629 ὅτι
1329 3573 1655 3653 ἐφανερώθη,
1728 3573 1817 3629 καὶ

173 3656 263 3723 τὴν
295 3659 462 3715 αἰτίαν
506 3658 575 3741 δι’
618 3661 683 3727 ἣν
737 3660 1065 3742 ἐφανερώθη,
1110 3661 1191 3718 ὅτι
1232 3661 1326 3718 ἵνα
1366 3665 1440 3725 ὡς
1499 3663 1578 3736 μὴ
1635 3662 1813 3739 ἁμαρ-

173 3744 277 3801 τίαν
324 3750 559 3818 ποιήσας
630 3751 723 3813 τάς
791 3752 1047 3830 ἁμαρτιας
1110 3751 1265 3825 ἡμῶν
1324 3749 1453 3829 ἄρῃ,
1523 3749 1813 3823 τουτέστιν,

174 3832 416 3915 ἀφανίσῃ,
463 3837 723 3919 ἐπιφέρει,
795 3839 900 3917 ὅτι,
985 3863 1009 3894 ι
1075 3847 1185 3905 Πᾶς
1256 3842 1284 3896 6
1342 3840 1657 3917 ἁμαρτάνων
1715 3840 1816 3918 οὐχ

174 3921 393 4002 ἑώρακεν
420 3927 601 3988 αὐτόν.
638 3952 666 3983 ιο
721 3930 778 3987 Εἰ
825 3931 926 4009 γὰρ
980 3931 1161 4004 ὑμεῖς,
1213 3930 1395 4009 φησὶν,
1455 3928 1650 3990 ο’ίτινες
1710 3950 1815 4007 φα-

174 4014 475 4091 νερωθέντος
532 4016 692 4077 αῦτοῦ
759 4019 1027 4097 ἑωράκατε
1068 4018 1249 4097 αὑτὸν,
1294 4019 1381 4074 καὶ
1435 4034 1666 4092 σημεῖον
1723 4024 1816 4073 τοῦ

174 4099 453 4180 ἑωρακέναι
498 4107 656 4164 αὐτὸν
688 4104 924 4178 ἐλάϐετε1
957 4109 1019 4163 16
1068 4107 1145 4181 μὴ
1194 4107 1504 4186 εὐχείρωτοι
1548 4107 1689 4162 εἶναι
1749 4111 1817 4180 τῇ

173 4190 390 4271 ἁμαρτίᾳ
462 4192 555 4251 ἅτε
625 4194 820 4261 τελέως
878 4196 933 4252 ἐν
990 4196 1133 4271 αὒτῷ
1205 4193 1543 4276 ἡδρασμένοι,
1603 4195 1815 4257 πάντως

172 4301 265 4337 που
320 4285 366 4339 οἱ
423 4285 816 4363 ἁμαρτάνοντες
886 4283 1004 4342 οὔτε
1048 4282 1339 4363 ἑωράκασιν
1396 4287 1574 4345 αὖτόν,
1641 4281 1719 4338 Δι’
1790 4281 1817 4338 ὅ

173 4367 279 4428 οὒδὲ
320 4369 580 4451 ἔγνωσαν,
638 4373 925 4453 ἑωρακέναι
982 4375 1070 4431 καὶ
1128 4372 1415 4451 ἐγνωκέναι
1473 4371 1532 4427 οῦ
1573 4374 1633 4428 τὸ
1679 4372 1815 4428 κατὰ

1979 3211 2086 3272 Hic
2106 3216 2302 3271 autem
2355 3221 2445 3271 est
2494 3211 2595 3292 qui
2629 3212 2789 3272 serio
2821 3220 2881 3272 et
2909 3209 3135 3291 absque
3164 3210 3297 3271 fuco
3328 3211 3560 3273 accedit

1898 3301 1968 3363 ad
2004 3300 2271 3374 virtutes,
2307 3309 2367 3360 et
2400 3319 2699 3379 nunquam
2736 3310 2927 3363 cessat
2971 3300 3045 3361 ab
3076 3301 3421 3380 operatione
3453 3318 3560 3362 ea-

1898 3409 2053 3452 rum.
2095 3413 2121 3443 «
2170 3388 2240 3448 Et
2280 3400 2584 3467 peccatum
2636 3390 2697 3451 in
2731 3410 2800 3451 co
2834 3409 2954 3451 non
2986 3398 3096 3451 est.
3135 3413 3157 3448 ii
3202 3388 3557 3471 Conjunctio

1898 3482 1984 3535 κκὶ
2015 3478 2074 3538 id
2108 3485 2197 3538 est
2238 3486 2315 3551 et,
2369 3478 2602 3558 capitur
2652 3497 2756 3559 pro
2793 3479 3115 3551 Quoniam.
3156 3502 3182 3532 α
3217 3476 3426 3541 Omnis
3456 3479 3560 3559 qui

1900 3574 2104 3648 peccat
2143 3592 2164 3623 ν
2205 3575 2262 3626 et
2294 3576 2527 3628 uetera.
2569 3568 2715 3630 Cum
2761 3568 3009 3628 dixisset
3055 3568 3212 3648 quod
3244 3571 3554 3649 apparuis-

1896 3665 2005 3730 set,
2048 3664 2106 3715 et
2155 3674 2392 3715 causam
2426 3667 2668 3736 propter
2700 3675 2874 3735 quam
2907 3657 3300 3736 apparuisset,
3339 3675 3559 3737 nempe

1899 3755 1959 3804 ut
1992 3754 2232 3824 peccata
2266 3754 2464 3805 nostra
2486 3747 2734 3813 tolleret,
2766 3746 2879 3807 hoc
2898 3754 3008 3817 est,
3037 3747 3111 3806 de
3136 3747 3332 3807 medio
3353 3746 3555 3807 aufer-

1897 3843 1985 3893 ret
2014 3852 2082 3893 ac
2117 3833 2365 3910 deleret,
2402 3843 2678 3914 tanquam
2710 3835 2758 3894 is
2781 3835 2885 3914 qui
2919 3842 3224 3914 peccatum
3248 3853 3363 3895 non
3388 3835 3557 3896 fece-

1898 3922 2318 4002 rat,subjungit
2346 3943 2359 3982 :
2388 3922 2628 3985 «Omnis
2649 3922 2748 4003 qui
2784 3932 2989 4003 peccat
3013 3942 3131 3984 nun
3159 3924 3302 3984 vidit
3326 3942 3485 3986 eum.
3527 3948 3549 3979 ο

1899 4014 2047 4074 Nam
2100 4012 2151 4072 si
2192 4031 2312 4086 vos,
2369 4012 2584 4092 inquit,
2618 4014 2717 4092 qui
2753 4012 2981 4073 vidistis
3010 4032 3144 4073 eum
3180 4014 3319 4073 dum
3358 4012 3557 4074 mani-

1900 4104 2143 4160 t'estatus
2174 4102 2537 4173 esset,etiam
2567 4103 2801 4181 signum
2847 4101 3162 4182 accepistis
3180 4103 3337 4181 quod
3363 4104 3557 4182 ipsum

1900 4189 2187 4265 videritis,
2220 4210 2272 4249 n-
2298 4209 2435 4269 mpe
2471 4192 2628 4269 quod
2674 4210 2792 4253 non
2834 4191 3006 4253 facile
3029 4200 3321 4271 apeccato
3353 4192 3558 4271 capia-

1907 4280 2050 4338 mini
2077 4288 2354 4359 tauquam
2390 4281 2651 4358 perfecte
2678 4282 2739 4341 in
2766 4282 2894 4361 ipso
2925 4281 3283 4345 confirmati.
3308 4282 3553 4342 omnino

1896 4388 2037 4430 sane
2064 4372 2161 4449 qui
2196 4379 2466 4450 peccant,
2529 4370 2591 4431 hi
2646 4390 2766 4432 non
2802 4372 3077 4432 viderunt
3107 4371 3351 4451 quidem
3385 4389 3546 4451 eum,

174 4460 328 4534 ψιλὴν
369 4468 478 4519 τῶν
521 4461 696 4538 ὄψεων
739 4461 910 4542 λέγων
941 4462 1173 4542 ἐπαφὴν,
1224 4458 1339 4517 οῦδὲ
1368 4462 1429 4517 τὸ
1486 4461 1623 4518 κατά
1677 4483 1814 4537 προ-

1906 4471 2142 4537 propter
2159 4464 2314 4538 quod
2338 4478 2532 4539 neque
2548 4469 2951 4538 cognoverunt
2977 4478 2989 4522 :
3019 4462 3239 4521 vidisse
3260 4468 3321 4520 et
3344 4477 3559 4538 0091ιο-

176 4569 346 4629 χειρον
394 4552 684 4631 φαντασίαν
753 4551 1103 4632 ἐνηργηκέναι
1146 4552 1332 4616 αὐτοὺς
1377 4551 1494 4629 περὶ
1550 4552 1612 4606 τὸ
1668 4572 1813 4627 γνω-

1906 4548 2278 4610 vissediccns
2312 4569 2425 4609 non
2460 4551 2787 4612 secundum
2824 4550 3049 4612 nudum
3080 4549 3391 4611 oculorum
3425 4569 3562 4629 pro-

176 4641 312 4715 στὸν,
376 4639 516 4697 ἀλλά
574 4643 635 4698 τὸ
688 4644 822 4717 μετά
876 4663 1017 4706 τινος
1068 4641 1286 4721 κρίσεως
1331 4642 1418 4695 καὶ
1478 4639 1815 4709 ἐσπιστήμης

1906 4646 2395 4719 spectum,neque
2409 4640 2563 4719 quod
2584 4640 2911 4701 secundum
2934 4639 3168 4701 facilem
3193 4639 3561 4717 imaginatio-

175 4726 266 4793 τὴν
336 4732 468 4810 πρὸς
529 4732 689 4787 αὐτὸν
750 4730 1106 4798 πεποιηκέναι
1175 4728 1530 4809 προσαγωγὴν
1605 4729 1814 4801 αὐτοὺς,

1906 4746 2037 4787 nem
2058 4726 2321 4806 egis~eut
2349 4729 2420 4788 ad
2446 4728 2984 4807 cognitionemscd
3015 4730 3171 4807 quod
3197 4746 3332 4788 cum
3360 4728 3561 4807 aliquo

176 4816 240 4878 ὡς
281 4818 529 4899 ἀνωτέρω
590 4821 897 4899 εἰρήκαμεν,
958 4821 1197 4900 Εἷρηκὼς
1270 4818 1324 4874 δὲ
1382 4824 1566 4897 ταῦτα,
1614 4818 1818 4893 πρᾴεισι

1906 4815 2121 4895 iudicio
2143 4825 2202 4876 et
2224 4815 2931 4896 scientiaoperatiessent
2952 4833 3258 4875 accessum
3273 4815 3343 4873 ad
3363 4813 3560 4893 ipsum

175 4901 551 4982 βεϐαιωτικὼς,
599 4907 680 4965 ὅτι
764 4932 791 4964 α
852 4906 1047 4976 Μηδεὶς
1098 4906 1350 4965 πλανάτω
1421 4907 1579 4981 ὑμᾶς.
1648 4928 1671 4964 ι
1748 4906 1821 4963 Οὐ

1906 4903 2408 4983 quemadmodum
2468 4923 2652 4986 supra
2706 4904 2982 4965 diximus.
3020 4903 3125 4964 His
3151 4912 3347 4963 autem
3384 4901 3564 4962 dictis

174 4994 264 5071 γὰρ
293 4994 469 5062 ἄλλως
513 4996 631 5078 ἔχει
660 4997 697 5065 ἢ
753 4996 918 5062 οὕτως
954 5015 968 5029 ⁸
1035 4988 1092 5056 Ὀ
1136 5003 1304 5053 ποιῶν
1333 4996 1439 5051 τὼν
1486 4993 1820 5061 δικαιοσύνην

1906 4993 2133 5054 lirmius
2166 4994 2458 5075 procedit,
2494 4996 2703 5055 dicens
2762 5012 2775 5055 :
2819 5019 2837 5047 ο
2877 4991 3064 5054 Nemo
3096 5010 3197 5052 vos
3226 4991 3492 5053 seducat.
3526 5010 3556 5050 ι

176 5080 362 5159 ἔγνωκε
414 5090 509 5145 τὸν
551 5086 772 5170 δίκαιον,
820 5093 907 5147 καὶ
962 5086 1162 5151 δίκαιός
1215 5087 1357 5144 ἐστιν
1406 5088 1479 5151 ὡς
1535 5088 1624 5142 καὶ
1668 5085 1820 5141 ἐκεῖ-

1906 5079 2110 5163 Neque
2130 5083 2288 5143 enim
2312 5082 2427 5143 alio
2457 5083 2628 5143 modo
2671 5092 2862 5163 potest
2902 5101 3077 5161 quam
3104 5079 3213 5140 isto
3241 5098 3254 5141 :
3285 5078 3397 5150 Qui
3426 5078 3566 5170 facit

177 5193 274 5245 νος,
305 5176 597 5251 τουτέστιν,
630 5180 658 5235 6
703 5169 854 5243 Θεός.
919 5180 1016 5236 Καὶ
1073 5176 1252 5256 ὥσπερ
1308 5182 1486 5251 τοῦτο,
1546 5173 1684 5231 οῧτω
1736 5172 1821 5230 καὶ

1906 5171 2217 5251 justitiam,
2248 5173 2403 5232 novit
2423 5172 2650 5251 justum
2679 5182 2738 5234 et
2758 5172 2957 5251 justus
3005 5179 3113 5245 est,
3164 5170 3318 5230 sicut
3348 5176 3407 5229 et
3434 5169 3563 5241 ille,

176 5262 229 5317 τὸ
279 5264 591 5330 ἀπεναντίας
654 5266 813 5325 πάλιν
846 5285 862 5299 ⁹
942 5258 999 5326 Ὀ
1042 5268 1140 5335 τὴν
1198 5266 1455 5344 ἁμαρτίαν
1510 5270 1703 5337 ποιῶν,
1766 5262 1821 5319 ἐκ

1907 5264 2020 5322 hoc
2051 5272 2140 5321 est
2186 5261 2362 5322 Deus.
2424 5260 2494 5321 Et
2543 5260 3045 5341 quemadmodum
3101 5260 3234 5330 hoc,
3272 5257 3352 5317 ita
3382 5257 3561 5319 etiam

177 5362 259 5412 τοῦ
310 5356 628 5437 ἁμαρτωλοῦ
656 5356 818 5417 ἐστιν.
869 5359 1033 5421 Οὗτος
1089 5354 1144 5413 δέ
1186 5355 1326 5411 ἐστιν
1384 5356 1412 5410 6
1465 5350 1731 5421 διάϐολος,
1765 5353 1820 5415 ὃς

178 5437 258 5497 ἀπ’
311 5443 487 5526 ἀρχῆς
541 5447 854 5524 ἁμαρτάνει,
906 5444 985 5503 Δι’
1043 5446 1072 5502 ὃ
1127 5446 1215 5501 καὶ
1272 5440 1562 5519 κηδόμενος
1620 5444 1647 5498 6
1692 5444 1822 5506 Θεὸς

178 5538 258 5587 τοῦ
313 5535 498 5593 ἑαυτοῦ
580 5535 916 5618 πλάσματος,
1000 5534 1304 5602 δικαιοσύνη
1387 5535 1475 5589 καὶ
1559 5534 1821 5610 ἁγιασμὸς

176 5619 442 5709 ἰβἰάρχων,
493 5625 823 5709 ἐφανερώθη,
880 5625 998 5695 ἤτοι
1058 5627 1130 5689 είς
1201 5626 1293 5682 τὸν
1363 5622 1565 5699 κόσμον
1624 5621 1817 5702 ἐφάνη,

178 5707 260 5767 ’ἶνα
301 5714 526 5794 ἀφανίσῃ
554 5717 623 5773 τὰ
652 5707 778 5797 ἔργα
806 5719 901 5774 τοῦ
946 5712 1214 5792 διαϐόλου,
1266 5711 1301 5772 ἃ
1356 5712 1496 5770 ἐστιν
1551 5713 1587 5780 ἧ
1641 5711 1819 5791 ἀμαρ-

643 5866 910 5930 ΡΑτιιοι.
959 5866 1072 5929 Gn.
1120 5862 1331 5929 CXIX.

1903 5368 2140 5412 rursum
2166 5351 2480 5412 edivcrso:
2512 5350 2622 5423 Qui
2646 5350 2781 5411 facit
2817 5357 3151 5430 peccatum,
3186 5366 3220 5407 a
3252 5355 3565 5427 peccatore

1908 5440 2121 5521 est,hic
2145 5449 2346 5501 autem
2373 5450 2461 5501 est
2483 5439 2777 5515 diabolus,
2804 5448 2866 5499 ut
2892 5438 2994 5519 qui
3025 5437 3098 5499 ab
3131 5437 3301 5497 initio
3334 5444 3562 5517 peccat.

1904 5529 2153 5608 Propter
2181 5530 2336 5609 quod
2363 5528 2681 5609 providens
2717 5530 2872 5591 Deus
2896 5544 3019 5588 suae
3039 5535 3350 5595 creaturae,
3381 5524 3566 5586 factus

1896 5618 2133 5697 justitia
2192 5627 2249 5679 et
2306 5618 2717 5694 sanctificatio,
2777 5616 3193 5677 manifestatus
3235 5622 3325 5676 est
3351 5612 3474 5675 sive
3504 5613 3567 5674 in

1905 5708 2128 5770 mundo
2153 5709 2447 5791 apparuit,
2479 5719 2541 5770 ut
2569 5726 2601 5770 e
2634 5707 2835 5769 medio
2867 5706 3105 5769 tolleret
3133 5722 3315 5786 opera
3341 5702 3567 5764 diabol.

2962 5856 3033 5918 21
