4106 6448
510 385 619 451 651
1626 389 2040 453 ἚΟΗΜΕΝΙΙ
2082 388 2130 449 Τ

2231 388 2379 455 ΒΟιΕ
2422 390 2761 459 EPISCOPI
3763 406 3883 474 652

504 541 635 601 quae
657 530 797 584 sunt
822 532 1154 604 peccatum.
1193 550 1219 581 α
1254 523 1364 596 Qui
1390 521 1527 585 facit
1558 531 1866 603 peccatum
1899 542 1968 584 ex
1999 522 2133 585 Dia-

2231 525 2331 587 τία,
2388 546 2410 582 α
2453 518 2508 584 Ὀ
2537 535 2705 585 ποιῶν
2747 527 2845 597 τὴν
2876 529 3134 609 ἁμαρτίαν
3162 532 3222 591 ἐκ
3253 541 3346 592 τοῦ
3374 534 3621 599 διαϐόλου
3643 539 3811 605 ἐστίν,
3850 566 3879 597 ι

506 609 666 709 bolo.
687 637 727 709 _»
754 611 1041 709 Quoniam
1077 622 1335 675 mutatus
1359 610 1789 709 fuit-diabolus
1818 611 2133 709 peccando

2237 611 2483 694 Ἐπείπερ
2561 618 2774 697 τραπεὶς
2864 621 2891 675 6
2961 617 3205 689 διάϐολος
3282 625 3337 681 ἐν
3421 634 3498 702 τῷ
3567 628 3885 709 ἁμαρτάνειν

497 718 566 761 ex
590 699 778 780 ipsius
808 701 1092 764 instinctu
1125 703 1246 781 agit
1272 701 1539 783 quisquis
1566 701 1983 781 peccaminose
2014 719 2133 782 ope'

2234 701 2469 798 γέγονεν,
2528 705 2579 772 ἐξ
2632 711 2788 798 αὐτοῦ
2850 710 3168 788 χρηματίζει
3248 720 3354 778 πᾶς
3415 699 3882 798 6iépap1'n1m‘6c

494 797 658 851 ratur
713 809 726 853 :
786 792 947 871 prius
998 792 1157 854 enim
1212 792 1271 852 in
1304 810 1649 871 peccantem
1680 790 2012 869 ingreditur
2044 809 2133 869 pel

2231 790 2477 881 ἐνεργῶν.
2540 797 2871 876 Προάρχεται
2954 800 3053 877 γὰρ
3124 800 3178 856 ἐν
3246 810 3323 878 τῷ
3394 790 3743 881 ἁμαρτάνοντι
3816 807 3883 865 δι’

494 879 926 941 immissionem
959 898 1268 961 pravarum
1296 879 2133 960 cogitationum,quemadmo-

2231 879 2494 952 ὑποϐολῆς
2537 883 2810 964 λογισμῶν
2841 893 3088 967 πονηρῶν
3118 892 3193 956 ὡς
3232 890 3317 949 ἐπὶ
3346 879 3439 951 τοῦ
3494 879 3684 956 Ἶούδα.
3732 896 3881 956 Ἀλλ’

494 964 633 1069 dum
667 967 726 1069 in
758 969 931 1069 inda.
980 968 1093 1069 Sed
1128 970 1290 1032 dicet
1314 969 1527 1069 aliquis
1587 991 1599 1032 :
1627 967 1934 1069 Quomodo
1966 969 2133 1029 intrat

2231 969 2342 1049 ἐρεῖ
2371 994 2448 1036 τις
2480 973 2561 1069 ὅτι
2580 976 2729 1069 ’Πῶς
2763 964 2995 1069 γίνεται-
3017 980 3044 1034 6
3087 977 3327 1048 διάϐολος
3384 983 3437 1040 ἐν
3488 998 3608 1050 τοῖς
3637 988 3880 1069 ἁμαρτά-

496 1054 841 1119 diabolusin
869 1077 973 1121 eos
993 1059 1092 1139 qui
1127 1067 1373 1139 peccant
1399 1060 1481 1133 75,
1517 1057 1769 1152 cum-illi
1794 1065 1967 1152 antea
1999 1076 2133 1137 pec-

2231 1081 2424 1140 νουσιν,
2473 1064 2640 1122 αὐτῶν
2686 1066 2788 1144 πρὸ
2832 1068 2989 1123 αὐτοῦ
3046 1069 3439 1149 ἡμαρτηκότων
3495 1073 3549 1131 ἐν
3606 1054 3684 1152 τῶ
3736 1054 3881 1134 διδό-

493 1146 756 1207 raverint
778 1148 977 1209 dando
997 1147 1111 1229 ipsi
1133 1148 1326 1209 locum
1350 1148 1380 1207 ‘.’
1402 1148 1493 1210 Ad
1525 1146 1681 1227 quod
1716 1146 2033 1239 dicendum
2056 1155 2133 1239 est

2231 1170 2309 1205 ναι
2340 1150 2483 1227 σώτῷ
2522 1154 2735 1235 τόπον,
2799 1156 2934 1235 Πρὸς
2970 1156 3043 1212 ’ὃν
3099 1156 3337 1239 λεκτέον,
3394 1162 3584 1220 ταῦτὸν
3629 1166 3773 1223 εἶναι
3818 1169 3881 1224 τὸ

494 1233 651 1296 idem
706 1254 837 1298 esse
871 1237 1067 1297 facvre
1115 1249 1446 1317 peccatum,
1484 1236 1638 1307 quod
1674 1254 1925 1316 peccare
1952 1235 2146 1298 dando

496 1320 694 1383 locum
728 1323 987 1388 diabolo.
1021 1325 1162 1387 580
1178 1325 1289 1387 Dat
1317 1326 1475 1387 enim
1508 1325 1619 1405 ipsi
1652 1324 1845 1385 locum
1881 1324 1979 1405 qui
2000 1344 2144 1405 pec-

494 1419 586 1471 cat
608 1415 1104 1494 concupiscentiae
1127 1415 1452 1494 subjectus,
1483 1421 1789 1494 postquam
1812 1433 1944 1474 eum
1960 1432 2141 1475 exce-

496 1500 580 1580 pit
599 1502 922 1565 efﬁcaciter
939 1504 1255 1585 perﬁciens
1279 1513 1583 1584 peccatum
1614 1521 1626 1565 :
1656 1521 1789 1563 nam
1817 1504 1929 1564 hoc
1951 1503 2140 1582 signi-

493 1588 1105 1674 ﬁcatFacereipsum.
1140 1593 1302 1655 Bene
1344 1603 1543 1655 autem
1579 1600 1638 1655 et
1679 1591 1778 1653 hic
1807 1590 1955 1653 dixit
1992 1590 2141 1664 :Qui

490 1678 778 1750 facit,uon
827 1691 1020 1744 autem
1067 1684 1164 1763 qui
1214 1683 1394 1758 fecit;
1444 1701 1577 1744 cum
1610 1683 1659 1742 is
1715 1680 1814 1761 qui
1845 1680 2141 1761 resipiscit

2228 1252 2407 1296 ποιεῖν
2448 1243 2547 1310 τὴν
2605 1243 2861 1322 ἁμαρτίαν
2917 1251 2995 1320 τῷ
3051 1247 3369 1327 ἁμαρτάνειν
3424 1252 3476 1307 ὲν
3548 1259 3625 1328 τῷ
3681 1252 3879 1311 διδόναι

2226 1328 2509 1419 τόποντῷ
2536 1329 2786 1408 διαϐόλῳ,
2847 1332 3023 1391 δίδωσι
3055 1336 3154 1415 γὰρ
3198 1341 3339 1412 αὐτῷ
3380 1342 3544 1398 τόπον
3587 1344 3615 1399 6
3645 1344 3882 1419 ἁμαρτά-

2227 1438 2328 1472 νων
2399 1418 2643 1496 ἐπιθυμίᾳ
2715 1423 2968 1503 ὑπαχθεὶς
3050 1425 3185 1499 μετὰ
3258 1428 3319 1483 τὸ
3375 1425 3612 1494 δέξασθαι
3684 1418 3874 1501 αὐτὸν,

2225 1510 2529 1584 πρακτικῶς
2575 1509 2830 1567 ἐπιτελῶν
2887 1512 2985 1580 τὴν
3050 1515 3330 1592 ἁμαρτίαν.
3390 1526 3556 1576 Τοῦτο
3613 1522 3714 1601 γὰρ
3771 1544 3878 1590 ση-

2224 1598 2397 1667 μαίνει
2453 1600 2514 1655 τὸ
2546 1613 2723 1657 ποιεῖν
2755 1601 2940 1671 αὐτήν.
2991 1601 3063 1658 E6
3092 1600 3147 1658 δὲ
3190 1603 3319 1661 εἶπε
3346 1607 3436 1663 καὶ
3476 1611 3560 1687 τὸ,
3597 1598 3654 1667 Ὀ
3685 1598 3875 1688 ποιῶν,

2223 1682 2341 1741 ἀλλ’
2380 1688 2509 1768 οὑχ,
2559 1679 2615 1746 Ὀ
2646 1690 2900 1759 ποιήσας,
2946 1700 3038 1750 τοῦ
3064 1694 3490 1767 μετανοήσαντος
3524 1679 3618 1754 οὐκ
3661 1696 3736 1755 ἔτι
3779 1679 3878 1758 ὅνλ

484 1767 609 1847 jam
639 1788 756 1831 non
780 1770 856 1832 sit
892 1791 960 1833 ex
991 1772 1225 1864 diabolo
1262 1791 1274 1833 :
1331 1773 1437 1864 sed
1478 1772 1529 1833 is
1564 1779 1786 1864 tantum
1813 1770 1913 1852 qui
1944 1771 2133 1832 adhuc

2231 1796 2311 1837 τος
2344 1774 2404 1831 ἐκ
2433 1767 2524 1834 τοῦ
2553 1775 2817 1858 διαϐόλου,
2852 1778 2989 1836 ἀλλὰ
3019 1780 3182 1851 μόνου
3223 1790 3314 1838 106
3344 1782 3674 1864 ἐνεργοῦντος
3710 1790 3878 1859 αὐτὴν

489 1865 795 1936 peccatum
829 1862 1167 1924 committit.
1194 1864 1278 1924 Ita
1293 1861 1452 1923 enim
1479 1870 1535 1922 et
1563 1859 1789 1940 peccati
1813 1878 2020 1921 servus
2049 1868 2139 1921 est

485 1948 587 2027 qui
610 1948 746 2034 facit
784 1960 1186 2030 peccatum,et
1218 1971 1336 2013 non
1379 1952 1479 2032 qui
1507 1951 1670 2013 fecit.
1704 1948 1954 2029 Propter
1979 1949 2136 2029 quod

484 2035 567 2096 ait
593 2055 605 2099 :
635 2035 843 2103 Omnis
875 2041 977 2121 qui
1007 2041 1143 2104 facit
1170 2048 1504 2121 peccatum,
1532 2057 1737 2102 servus
1768 2046 1859 2100 est
1883 2037 2132 2120 peccati.

1101 2143 1341 2208 CAPUT
1392 2142 1494 2206 IV.

475 2244 896 2333 De‘charitate
926 2269 1074 2333 erga
1101 2256 1540 2332 proximum,et
1567 2250 1880 2333 affectione
1909 2249 1992 2310 ad
2001 2249 2136 2333 tri-

568 2326 868 2410 buendum
913 2326 1330 2410 ele'em'osynas
1377 2350 1391 2394 :
1426 2333 1492 2392 in
1552 2326 1667 2409 quo
1695 2331 1879 2410 etiam
1907 2330 2036 2410 agit
2065 2329 2136 2391 de

567 2406 719 2492 bona
742 2415 1111 2474 conscientia
1145 2406 1278 2492 quae
1310 2422 1399 2474 est
1424 2428 1541 2491 per
1565 2406 1746 2492 ﬁdem
1775 2408 1918 2471 Jesu
1947 2406 2131 2470 Chri-

563 2491 642 2549 sti
673 2507 691 2551 :
724 2500 780 2552 et
836 2492 907 2553 de
937 2489 1353 2555 discernendis
1408 2489 1729 2572 spiritibus
1758 2507 1868 2569 per
1893 2493 2130 2566 confes-

561 2579 789 2640 sionem
820 2583 1272 2645 incarnationis
1298 2580 1567 2643 Domini.

560 2682 842 2767 111,9-18.
869 2689 1087 2753 Omnis
1107 2691 1211 2769 qui
1231 2698 1415 2752 natus
1451 2697 1535 2750 est
1558 2705 1632 2750 ea:
1666 2687 1804 2757 Deo,
1824 2694 2133 2767 peccatum

2221 1861 2507 1955 Οὕτω
2534 1866 2633 1944 γὰρ
2682 1871 2781 1933 τῆς
2826 1868 3082 1955 ἁμαρτίας
3128 1867 3313 1934 δοῦλός
3368 1861 3483 1928 ἔστί
3537 1897 3640 1950 τις,
3678 1880 3871 1955 ποιῶν,

2220 1949 2339 2048 ἀλλ’
2366 1955 2725 2048 ρῦᾌποιῇσας,
2764 1954 2845 2012 Δι’
2886 1955 2914 2013 ὅ
2966 1981 3120 2038 φησι,
3169 1965 3278 2026 Πᾶς
3308 1962 3336 2018 6
3378 1967 3547 2019 ποιῶν
3576 1949 3677 2034 τὴν
3705 1949 3881 2048 ἁμαρλ

2217 2040 2329 2099 τίαν
2360 2041 2540 2109 δοῦλός
2572 2043 2683 2102 ἐστι
2713 2047 2813 2113 τῆς
2857 2047 3139 2128 ἁμαρτίας.

2853 2156 3105 2214 ΚΕΦΑΛ.
3155 2140 3237 2211 Δ’.

2223 2271 2253 2304 α
2298 2251 2691 2331 Περὶ-ἀγάπης
2746 2259 2845 2322 τῆς
2903 2255 2976 2317 είς
3024 2256 3114 2312 τὸν
3164 2255 3390 2324 πλησίον
3445 2260 3533 2316 καὶ
3587 2258 3873 2328 διαθέσεως

2299 2329 2674 2422 μεταδοτικῆς,
2752 2334 2872 2422 Ἐν.
2919 2338 2964 2409 ᾧ
3005 2337 3156 2422 Μπερὶ
3235 2337 3581 2422 συνειδήσεως
3660 2342 3873 2422 ἀγαθῆς

2294 2417 2394 2478 τῆς
2479 2412 2534 2469 ἐν
2614 2414 2785 2501 πίστει
2858 2414 3040 2501 ’ξηροῦ
3112 2412 3405 2501 ῘξριιιςτοῦηΔ
3449 2421 3572 2499 Περί
3654 2412 3869 2501 διακρί-

2295 2512 2438 2581 σεως
2484 2495 2798 2581 πνευμάτων
2869 2493 2951 2576 ἐφ’
3022 2494 3278 2576 ὁμολογία
3344 2498 3441 2568 τῆς
3525 2493 3620 2558 106
3681 2493 3874 2581 Κυρίου

2296 2570 2765 2651 ἐνανθρωπήσεως.
2803 2598 2830 2631 ιι

2301 2695 2324 2730 ι
2374 2681 2485 2738 Πᾶς
2539 2678 2567 2732 6
2621 2676 3003 2756 γεγεννημένος
3052 2677 3114 2735 ἐκ
3154 2686 3246 2736 τοῦ
3304 2686 3456 2757 Θεοῦ,
3501 2683 3760 2762 ἁμαρτίαν
3804 2689 3874 2745 οὗ

480 2791 603 2836 non
615 2762 1091 2858 facit,quoniam
1105 2762 1310 2841 semen
1325 2780 1517 2859 ipsius
1535 2779 1599 2839 in
1616 2794 1685 2839 eo
1703 2762 1993 2849 manet,et
2011 2792 2133 2836 non

2231 2777 2382 2839 τοιεῖ,
2444 2762 2524 2822 ὅτι
2594 2767 2804 2845 σπέρμα
2873 2768 3028 2823 αὐτοῦ
3111 2766 3165 2824 ἐν
3236 2768 3378 2845 αὐτῷ
3433 2770 3605 2848 μένει,
3662 2774 3750 2829 καὶ
3805 2776 3875 2832 οὖ

472 2849 672 2959 potest
682 2849 1041 2959 peccaraea
1055 2869 1215 2948 quod
1230 2849 1431 2959 eaDeo
1445 2875 1631 2959 natus
1646 2867 1723 2959 sit
1734 2868 1877 2926 .Per
1889 2863 1995 2959 hoc
2004 2880 2132 2926 ma-

2231 2850 2425 2910 ῖύναται
2509 2855 2848 2934 ἁμαρτάνειν,
2930 2853 3011 2913 ὅτι
3067 2855 3128 2913 ὲκ
3183 2864 3276 2914 τοῦ
3331 2861 3463 2917 Θεοῦ
3525 2860 3867 2941 γεγέννηται.

478 2944 984 3037 nifestisnntﬁlii
1000 2944 1118 3019 Dei
1141 2964 1197 3020 et
1232 2957 1348 3035 [Ilii
1371 2955 1621 3018 diaboli.
1650 2954 1860 3018 Omnis
1893 2955 2133 3032 quinon

2236 2950 2306 2998 Ev
2332 2944 2501 3018 τούτῳ
2558 2946 2754 3025 φανερὰ
2810 2944 2919 3003 ἐστι
2979 2946 3046 3002 τὰ
3090 2945 3251 3004 τέκνα
3305 2954 3398 3005 τοῦ
3455 2956 3587 3009 Θεοῦ
3640 2952 3729 3009 καὶ
3796 2953 3875 3012 τὰ

480 3041 627 3119 facit
631 3030 946 3124 justitiam
959 3065 1101 3119 ,non
1117 3055 1204 3109 est
1222 3030 1503 3120 earDeo,et
1515 3046 1622 3125 qui
1636 3062 1757 3106 non
1766 3030 1975 3121 diligit
1995 3044 2131 3121 fra-

2231 3030 2370 3088 τέκνα
2412 3039 2503 3090 τοῦ
2572 3031 2832 3092 διαϐόλου.
2895 3040 3004 3098 Πᾶς
3060 3036 3089 3090 6
3144 3036 3223 3111 μὴ
3294 3039 3463 3094 ποιῶν
3521 3036 3871 3109 δικαιοσύνην

479 3120 1142 3216 ινθιηξςαιιιηηιιοιιίαιη
1165 3136 1292 3198 haec
1308 3144 1392 3197 est
1416 3120 1805 3197 annuntiatio
1823 3120 2005 3211 quam
2024 3149 2131 3193 au-

2231 3125 2308 3180 ιῦκ
2361 3120 2500 3180 ἔστιν
2544 3122 2603 3180 ἐκ
2658 3130 2751 3179 τοῦ
2794 3131 2950 3216 Θεοῦ,
2982 3125 3069 3180 καὶ
3112 3126 3140 3179 6
3194 3125 3274 3200 μὴ
3328 3126 3553 3206 ἀγαπῶν
3580 3130 3671 3187 τὸν
3699 3127 3864 3187 ἀδελ-

478 3222 651 3285 distis
674 3225 749 3284 ab
774 3210 1393 3305 initio,utdiligamus
1412 3242 1520 3287 nos
1541 3210 1961 3285 invicem.Non
1973 3222 2133 3282 sicut

2231 3214 2312 3290 ρὸν
2357 3213 2535 3272 αὐτοῦ.
2588 3211 2709 3271 Ὅτι
2763 3210 2897 3280 αὕτη
2940 3212 3078 3269 ἐστὶν
3121 3214 3156 3281 ἡ
3200 3213 3515 3294 ἐπαγγελία.
3570 3218 3637 3285 ἣν
3692 3218 3870 3287 ἠκούσ-

484 3312 640 3373 Cain
664 3330 741 3374 ea:
761 3314 1027 3392 maligno
1049 3300 1201 3393 erat,
1237 3321 1297 3376 et
1320 3313 1538 3376 occidit
1552 3312 1807 3391 fratrem
1829 3327 2026 3372 suum.
2052 3310 2132 3371 Et

2231 3321 2340 3357 τατε
2393 3300 2487 3359 ἀπ’
2543 3301 2745 3382 ἀρχῆς,
2786 3301 2879 3361 τίνα
2921 3301 3211 3393 ἀγαπῶμεν
3262 3303 3551 3393 ἀλλήλους,
3602 3309 3663 3364 οὗ
3689 3309 3874 3376 καθὼς

473 3408 732 3481 propter
751 3403 899 3482 quid
915 3390 1127 3465 occidit
1138 3390 1613 3477 eum?()uoniam
1635 3418 1815 3481 opera
1836 3418 1946 3461 sua
1969 3397 2131 3461 mala

2231 3390 2351 3448 iai'iv
2409 3390 2469 3447 ἐκ
2508 3402 2600 3452 τοῦ
2668 3398 2902 3470 πονηροῦ
2957 3392 3047 3473 ἦν,
3106 3393 3193 3450 καὶ
3259 3391 3449 3475 ἔσφαξε
3497 3397 3585 3453 τὸν
3637 3394 3874 3479 ἀδελφὸν

2212 3482 2388 3539 αὐτοῦ.
2452 3482 2552 3539 Καὶ
2607 3481 2765 3561 χάριν
2832 3480 2968 3547 τίνος
3041 3479 3258 3561 ἔσφαξεν
3316 3484 3522 3565 αὖτόν;
3593 3485 3715 3545 ’Ότι
3795 3490 3878 3548 τὰ

2213 3566 2340 3647 ἔργα
2381 3568 2539 3630 αὐτοῦ
2579 3571 2787 3650 πονηρὰ
2855 3571 2943 3644 ἦν,
3018 3572 3085 3630 τὰ
3152 3569 3207 3628 δὲ
3260 3582 3352 3632 τοῦ
3408 3571 3636 3657 ἀδελφοῦ
3704 3578 3875 3636 αὐτοῦ

2212 3657 2403 3719 δίκαια,
2473 3659 2562 3726 Μὴ
2593 3660 2907 3742 Αθαυμάζετε
2967 3657 3181 3741 ἀδελφοί
3238 3682 3362 3738 μου,
3430 3664 3474 3719 εἰ
3530 3679 3683 3740 μισεῖ
3722 3666 3874 3742 ὑμᾶς

2211 3748 2239 3802 6
2309 3748 2535 3823 κόσμος.
2591 3739 2779 3823 Ἠμεϊς
2850 3739 3235 3827 oi'61pevp61t
3303 3739 3766 3830 μεταϐεϐήκαμεν-
3800 3755 3877 3815 ἐκ

2208 3846 2301 3895 τοῦ
2350 3838 2572 3919 θανάτου
2658 3838 2732 3903 εἰς
2812 3838 2911 3906 τὴν
2996 3838 3162 3912 ζωὴν,
3240 3836 3320 3894 ὅτι
3376 3839 3669 3919 ἀγαπῶμεν
3738 3846 3897 3913 τοὺς,

2208 3924 2484 4007 ἀδελφοὺς,
2560 3917 2617 3984 Ὀ
2676 3926 2754 4004 μή
2824 3926 3048 4006 ἀγαπῶν
3114 3930 3206 3984 τὸν
3277 3917 3499 4009 ἀδελφὸν
3574 3931 3721 4008 μένει
3804 3934 3875 3992 ἐν

2206 4026 2284 4093 τῷ
2364 4019 2594 4094 θανάτῳ.
2681 4024 2789 4083 Πᾶς
2887 4019 2915 4073 6
3026 4023 3198 4093 μισῶν
3280 4021 3369 4076 τὸν
3453 4017 3673 4102 ἀδελφὸν
3755 4024 3871 4080 αῦ-

2205 4116 2322 4183 τοῡ,
2419 4106 2847 4183 ἀνθρωποκτόνος
2936 4106 3067 4170 ἐστί,
3148 4108 3246 4167 Καὶ
3327 4106 3505 4165 οἴδατε
3590 4109 3670 4169 ὅτι
3752 4121 3871 4181 πᾶς

2205 4198 2630 4278 ἀνθρωποκτόνος
2702 4196 2797 4254 οὒκ
2864 4195 2981 4277 ἔχει
3050 4197 3195 4268 ζωὴν
3281 4198 3493 4257 αἰώνιον
3577 4200 3632 4257 ἐν
3716 4205 3876 4283 αὐτῷ

480 3493 895 3567 erani,[ratris
915 3499 1115 3555 autem
1137 3498 1232 3552 sui
1252 3490 1539 3567 justaJVe
1559 3490 1890 3569 miremini,
1904 3488 2131 3567 fratres

480 3581 601 3640 mei
608 3583 683 3652 ,si
702 3582 829 3642 odit
849 3598 953 3643 vos
975 3582 1259 3643 mundus.
1287 3580 1409 3643 Nos
1428 3581 1651 3642 scimus
1672 3578 1832 3658 quod
1850 3575 2132 3639 translati

479 3669 670 3731 simus
698 3672 771 3731 de
793 3678 987 3732 morte
1025 3672 1103 3733 ad
1124 3672 1332 3740 vitam,
1364 3672 1506 3750 quia
1545 3668 1857 3749 diligimus
1877 3667 2125 3744 fratres.

484 3757 602 3831 Qui
623 3777 746 3821 non
770 3759 1483 3839 diligit/ratrem,manet
1496 3760 1557 3820 in
1576 3766 1767 3819 morte
1800 3754 2011 3819 Omnis
2027 3760 2132 3833 qui

476 3847 603 3910 odit
623 3850 874 3926 fratrem
898 3848 1405 3923 suum,homicida
1425 3855 1598 3911 estzet
1623 3848 1790 3909 scitis
1812 3844 1973 3925 quod
1994 3861 2125 3905 om-

477 3938 576 3998 nis
595 3937 897 4000 homicida
922 3956 1039 4000 non
1059 3937 1277 4000 habeat
1298 3944 1487 3999 vitam
1507 3944 1800 3999 retentam
1822 3933 1951 3993 58!
1980 3934 2047 3995 in
2067 3950 2128 3994 se

470 4035 841 4089 manantem.
872 4026 991 4087 Per
1022 4027 1128 4089 hoc
1146 4028 1529 4103 cognovimus
1562 4025 1945 4098 charitatem,
1973 4040 2123 4103 quo-

469 4122 640 4177 niam
658 4116 763 4177 ille
784 4118 1057 4179 animum
1075 4134 1245 4177 suam
1264 4135 1374 4196 pro
1392 4116 1564 4179 nobis
1582 4116 1805 4195 posuit,
1819 4119 1872 4174 et
1892 4129 2001 4174 nos
2017 4112 2122 4173 de-

471 4204 676 4266 bemus
703 4223 813 4281 pro
835 4205 1132 4283 fratribus
1153 4212 1393 4267 animos
1431 4221 1679 4286 ponere.
1711 4203 1825 4277 Qui
1842 4220 1983 4264 vero
2005 4202 2122 4264 ha-

470 4291 665 4352 buerit
681 4293 1084 4354 substantiam
1108 4293 1406 4368 mundi,et
1426 4284 1638 4365 uiderit
1658 4293 1916 4370 fratrem
1944 4307 2121 4352 suum

2231 4289 2487 4350 ιένουσαν.
2572 4284 2707 4378 Ἐνῶ
2756 4287 2926 4378 τούτῳ
3024 4286 3331 4378 ἐγνώκαμεν
3435 4291 3536 4355 τὴν
3616 4291 3873 4378 ἀγάπην,

469 4388 762 4459 egentem,
790 4381 1186 4460 clauserilque
1233 4385 1591 4444 viscerasua
1612 4382 1686 4443 ab
1704 4399 1790 4453 eo,
1825 4379 2118 4460 quomodo

2235 4402 2284 4436 τι
2331 4380 2537 4439 ἓκεῖνος
2594 4376 2724 4455 ὑπὲρ
2777 4377 2934 4452 ἡμῶν
3015 4376 3115 4444 τὴν
3193 4378 3377 4458 ψυχὴν
3444 4382 3601 4439 αὐτοῦ
3672 4376 3869 4461 ἔθηκε,

466 4470 733 4532 charitos
759 4470 873 4532 Dei
893 4482 1093 4533 manet
1116 4474 1181 4533 in
1199 4473 1325 4552 ipso
1348 4471 1371 4533 “.7
1394 4472 1600 4533 Filioli
1616 4476 1877 4545 mei,non
1899 4467 2116 4547 diliga-

2231 4467 2288 4521 ιαὶ
2342 4466 2505 4541 ἡμεῖς
2565 4463 2842 4556 ὀφείλομεν
2895 4465 3028 4556 ι’)πὲρ
3094 4472 3201 4524 τῶν
3274 4464 3510 4548 ἀδελφῶν
3581 4470 3674 4536 τὰς
3744 4475 3873 4547 ψυ-

464 4578 599 4621 mus
627 4560 807 4621 verbo
838 4578 1031 4641 neque
1059 4538 1294 4640 lingua,
1327 4561 1431 4623 sed
1456 4577 1636 4640 opere
1665 4568 1716 4621 et
1738 4559 2013 4646 veritate.

2231 4556 2307 4636 Lac
2365 4538 2753 4618 τιθέναι.’“ος
2790 4551 2836 4609 δ’
2881 4552 2943 4610 ἂν
2999 4538 3110 4635 ἔχῃ
3165 4556 3256 4611 τὸν
3313 4538 3424 4633 βίον
3492 4564 3585 4614 τοῦ
3628 4538 3875 4646 κόσμου,

464 4651 552 4705 καὶ
580 4654 750 4728 θεωρῇ
775 4651 868 4705 τὸν
898 4648 1120 4729 ἀδελφὸν
1151 4653 1307 4708 αὑτοῦ
1351 4652 1534 4730 χρείαν
1564 4648 1778 4730 ἔχοντα,
1811 4650 1897 4705 καὶ
1949 4645 2134 4724 κλείσῃ
2180 4650 2245 4703 τὰ
2288 4643 2532 4725 σλάγχνα
2576 4647 2734 4702 αὐτοῦ
2784 4641 2877 4700 ἀπ’
2937 4644 3124 4718 αὐτοῦ,
3160 4645 3276 4708 πὼς
3305 4646 3340 4714 ἡ
3372 4646 3555 4725 ἁγάπη
3599 4648 3692 4705 τοῦ
3723 4641 3879 4710 Θεοῧ

463 4740 608 4813 μένει
638 4739 720 4795 ἐπ’
754 4744 896 4814 αῦτῷ
928 4760 943 4820 ;
990 4742 1176 4798 Τεκιίο.
1220 4763 1342 4820 μου,
1376 4742 1453 4814 μὴ
1498 4742 1786 4818 ἀγαπῶμεν
1830 4736 1994 4816 λόγῳ,
2032 4734 2438 4816 μηδέχγλώσσῃ,
2475 4731 2596 4792 ἀλλ’
2628 4733 2765 4813 ἔργῳ
2793 4733 2881 4790 καὶ
2927 4731 3169 4801 ἀληθεία.
3220 4757 3249 4791 ι

548 4824 805 4905 «Omnes
829 4827 928 4907 qui
972 4837 1146 4890 natus
1168 4838 1258 4890 est
1295 4848 1364 4890 ex
1396 4828 1517 4890 Deo
1555 4828 1884 4900 :Quoniam
1918 4825 2113 4888 omnis

2283 4849 2311 4880 ι
2345 4831 2455 4889 Πᾶς
2500 4826 2528 4880 6
2573 4823 2958 4904 γεγεννημένος
3003 4823 3064 4879 ἐκ
3121 4834 3212 4883 τοῦ
3268 4830 3426 4884 Θεοῦ.
3485 4847 3509 4883 ο
3574 4823 3722 4884 Ἐπεὶ
3750 4832 3877 4897 πᾶς

461 4917 560 4996 qui
579 4917 716 4977 facit
735 4925 1039 4996 peccatum
1063 4938 1131 4978 ex
1156 4918 1397 4979 diabolo
1416 4928 1525 4991 est,
1556 4926 1612 4979 et
1645 4926 1935 4997 quatenus
1967 4935 2108 4997 pec-

2265 4917 2364 4983 την
2424 4913 2685 4993 ἁμαρτίαν
2754 4920 2922 4970 ποιῶν
2967 4913 3029 4970 ἐκ
3085 4923 3179 4973 τοῦ
3248 4911 3492 4972 διαϐόλου
3564 4914 3672 4973 ἐστὶ
3732 4920 3873 4975 κατ’

457 5014 553 5067 cat
589 5007 761 5069 etiam
787 5008 942 5069 filius
970 5007 1191 5069 diaboli
1215 5007 1452 5089 dicitur,
1485 5007 1636 5071 sicut
1659 5007 1863 5069 beatus
1892 5005 2110 5067 Paulus

2231 5007 2318 5062 616
2362 5005 2423 5061 16
2474 5003 2817 5082 ἁμαρτάνειν,
2869 5005 2957 5061 καὶ
3001 5005 3110 5069 υἱὸς
3162 5004 3257 5061 τοῦ
3311 5002 3558 5063 διαϐόλου
3615 5004 3873 5086 λέγεται,

454 5094 525 5154 ad
550 5093 810 5177 Elymam
831 5097 944 5159 ait:
971 5096 1053 5160 «Ο
1082 5098 1257 5178 plene
1279 5096 1442 5159 omni
1473 5098 1609 5159 dolo
1641 5096 1874 5158 etomni
1899 5110 2109 5158 versu-.

2231 5117 2263 5159 ις
2282 5097 2346 5178 _6
2405 5094 2666 5171 μακάριος
2727 5091 2930 5158 Παῦλος
2994 5095 3126 5173 πρὸς
3194 5094 3286 5150 τὸν
3345 5091 3578 5170 Ἐλόμαν
3664 5096 3870 5176 φησὶν³

454 5172 1157 5259 ίίιιῄὶιῖὀίεὶιοῑῌιιὶιιιὶὀθ
1171 5188 1366 5248 omnis
1377 5188 1615 5265 justitiaa
1629 5186 2100 5265 76;manifestum

2281 5172 2344 5239 Ὠ
2404 5182 2616 5271 πλήρης
2661 5185 2859 5247 παντὸς
2914 5172 3069 5240 δόλου
3124 5183 3212 5271 καὶ
3266 5182 3445 5252 πάσης
3489 5172 3872 5271 ῥᾳδιουργίας,

453 5280 545 5333 est
586 5275 747 5352 quod
789 5274 965 5337 etiam
1020 5276 1070 5337 is
1100 5276 1200 5357 qui
1224 5295 1293 5337 ex
1316 5275 1437 5338 Deo
1470 5285 1642 5339 natus
1673 5284 1782 5351 est,
1818 5283 2097 5355 tanquam

2237 5275 2260 5330 ὲ
2316 5270 2586 5348 διαϐόλου,
2661 5271 2821 5353 ἐχθρὲ
2877 5273 3056 5340 πάσης
3116 5270 3476 5355 δικαιοσύνης,
3543 5295 3568 5333 ι
3632 5270 3875 5342 εὔδηλον

450 5359 561 5422 Dei
590 5361 774 5423 Filius
804 5382 921 5424 non
948 5362 1235 5444 pecc'at,et
1258 5382 1436 5427 causa
1463 5370 1857 5448 est,qu0niam
1891 5384 2098 5426 semeu

2231 5386 2261 5420 τι
2306 5363 2397 5420 καὶ
2433 5365 2461 5419 6
2505 5361 2566 5417 ἐκ
2623 5369 2717 5419 τοῦ
2777 5370 2909 5422 Θεοῦ
2950 5362 3356 5441 γεγεννημένος,
3418 5366 3493 5429 ὡς
3553 5364 3686 5421 Θεοῦ
3739 5366 3874 5435 υίὸς

442 5449 633 5529 ipsius
663 5460 771 5527 est,
786 5451 884 5513 Dei
905 5454 1329 5525 videlicet,sive
1351 5453 1609 5536 Spiritus
1639 5474 1816 5536 quem
1852 5473 1957 5535 per
1986 5454 2089 5515 do-

2231 5476 2287 5533 ιχ
2330 5450 2642 5528 ἁμαρτάνει,
2690 5452 2791 5511 Καὶ
2830 5453 2865 5520 ἡ
2916 5452 3077 5527 αἰτία,
3139 5450 3220 5509 ὅτι
3277 5451 3487 5532 σπέρμα
3545 5454 3728 5530 αὑτοῦ,
3759 5466 3877 5516 τοῦ

446 5558 587 5600 num
621 5542 1148 5624 accepimus,quod
1180 5544 1240 5604 in
1271 5545 1446 5607 nobis
1468 5564 1719 5607 manens
1748 5545 1871 5606 sive
1894 5544 2086 5606 ﬁrma-

2231 5550 2302 5599 :06
2331 5539 2578 5609 δηλονότι
2610 5540 2772 5613 ἐστὶν,
2818 5539 2938 5609 ἤτοι
2987 5543 3049 5598 τὸ
3093 5548 3307 5620 Πνεῦμα
3348 5542 3376 5598 ὃ
3424 5541 3510 5599 διὰ
3562 5553 3656 5603 τοῦ
3706 5566 3872 5627 χα-³

449 5629 787 5708 tum,elIicit
814 5650 890 5694 ne
920 5651 1089 5695 mens
1120 5641 1320 5697 nostra
1352 5634 1600 5716 recipiat
1630 5635 2088 5717 peccatum.Aut

2232 5653 2439 5710 σματος
2502 5628 2785 5710 ἐλάϐομεν.
2832 5630 3006 5710 Ὅπερ
3045 5630 3100 5689 ἐν
3129 5634 3270 5710 ἡμῖν
3331 5630 3515 5714 μένον,
3577 5635 3875 5695 τουτέστιν

531 5790 594 5843 75
622 5789 766 5858 Luc.
801 5810 948 5872 nu,
985 5794 1022 5857 3
1058 5812 1074 5869 ;
1104 5793 1280 5860 Joan.
1314 5812 1444 5880 xm,
1478 5801 1579 5861 27.
1610 5796 1674 5846 ’⁷6
1700 5796 1832 5861 Act.
1864 5812 1992 5872 xm,
2025 5794 2126 5857 10.
