4106 6416
202 401 311 468 653
1237 406 1633 471 COMMENT.
1683 401 1767 468 IN
1811 404 1823 463 l

1913 400 2058 463 lST.
2106 401 2130 462 Ι
2173 401 2421 467 JOANN
2426 404 2516 465 IS.
3464 400 3584 466 654

197 531 533 616 ἡδρασμένον,
624 534 957 593 ἀνεπίδεκτον
1013 538 1268 616 ἁμαρτίας
1350 537 1437 594 τὸν
1507 546 1625 596 νοῦν
1680 538 1823 613 ἡμῶι

1918 530 2097 592 etiam
2131 532 2260 613 ipse
2292 531 2871 615 Christus,tanquam
2896 534 3172 597 habitans
3194 533 3256 596 in
3276 532 3579 616 ﬁdelibus,

197 602 454 686 10:51:?!
483 626 573 682 καὶ
614 628 769 689 αὐτὸς
819 628 847 682 6
902 602 1145 703 Χριστὸς,
1208 628 1284 691 ὡς
1340 626 1556 684 ἐνοικῶν
1604 626 1656 682 ἐν
1714 641 1823 693 τοῖςΙ

1913 619 2056 680 facit
2085 602 2248 700 ipsos
2306 621 2459 682 ﬁlios
2517 602 2649 695 Dei,
2712 602 3007 703 quatenus
3038 623 3313 686 etiamin
3347 602 3578 685 semine

195 727 420 791 πιστοῖς,
478 727 627 771 ποιεῖ
679 715 864 777 αὖτοὺς
919 716 1060 780 υἱοὺς
1104 722 1255 775 Θεοῦ.
1306 718 1445 774 Καθὸ
1488 717 1582 772 καὶ
1648 716 1703 772 ἐν
1757 723 1823 791 τῖι.

1914 708 2239 783 Abraham,
2276 710 2378 790 qui
2427 719 2515 771 est
2575 711 2869 787 Christus,
2907 713 3345 775 benedicuntur
3368 716 3580 773 omnes

197 800 449 881 σπέρματι
499 801 764 884 Ἀϐραὰμ,
813 803 872 869 ὅς
929 804 1069 860 ἐστιν
1112 808 1141 861 6
1196 807 1440 884 Χριστὸς,
1499 804 1823 885 εὐλογοῦνται

1915 807 2122 877 gentes
2145 798 2229 861 77.
2254 797 2423 860 Nunc
2453 808 2656 862 autem
2690 800 2769 862 ita
2802 820 3082 863 sermone
3108 803 3574 880 processit,ccn-

198 891 357 947 πάντα
425 894 493 949 τὰ
535 892 683 960 ἔθνη,
731 891 936 973 Προέϐη
980 892 1035 950 δὲ
1078 892 1216 951 οὕτω
1257 899 1335 969 τῷ
1389 894 1535 972 λόγῳ
1593 903 1701 968 νῦν,
1775 899 1823 952 τὲ

1917 885 2163 947 ﬁrmans
2211 889 2368 967 quod
2417 888 2695 968 superius
2731 890 2983 964 dixerat,
3018 890 3151 951 dico
3186 909 3334 952 sane
3369 890 3576 951 ﬁdeles

201 978 438 1058 ἀνωτέρω
493 982 770 1061 εἰρημένον
839 984 983 1058 αὐτῷ
1060 980 1309 1059 βεϐαιῶν,
1400 982 1541 1061 λέγω
1622 981 1676 1039 δὲ
1745 987 1823 1059 τὸ,

1919 992 2053 1035 esse
2105 976 2211 1037 Dei
2248 977 2426 1058 ﬁlios,
2456 986 2514 1040 et
2544 977 2945 1041 indubitatum
2978 979 3124 1041 illud
3158 981 3407 1051 faciens,
3446 986 3568 1039 tum

197 1068 341 1128 τέκνα
396 1071 540 1129 εἶναι
617 1072 748 1130 Θεοῦ
805 1073 926 1139 τοὺς
1000 1074 1239 1136 πιστούς.
1302 1074 1400 1131 Καὶ
1466 1072 1823 1153 ἀναντίρρητον

1918 1080 1989 1123 ex
2012 1065 2218 1126 eadem
2243 1082 2332 1140 re,
2364 1073 2500 1145 puta
2536 1084 2654 1126 non
2688 1086 2972 1147 peccare:
3006 1079 3124 1128 tum
3160 1086 3229 1130 ex
3252 1067 3572 1143 contrario,

200 1159 315 1217 αὗτὸ
369 1166 561 1239 ποιῶν,
628 1161 690 1220 ἔκ
748 1183 804 1220 τε
854 1161 948 1221 105
999 1163 1309 1243 πράγματος
1366 1164 1521 1220 αὖτοῦ
1562 1166 1700 1244 φημὶ
1741 1168 1823 1222 10C

1917 1162 1980 1212 ut
2002 1153 2177 1231 paulo
2195 1161 2335 1214 ante
2356 1154 2635 1217 diximus.
2664 1155 2830 1218 Sicut
2868 1158 3026 1218 enim
3051 1158 3164 1218 hoc
3182 1156 3570 1237 contrarium,

197 1247 266 1322 μὴ
332 1249 677 1333 ἁμαρτάνειν,
765 1253 856 1308 καὶ
932 1253 993 1309 ἐκ
1044 1240 1151 1308 ⁷τοι
1207 1251 1457 1326 ἐναντίου,
1516 1240 1589 1317 ὡς
1660 1261 1823 1333 μικρῷ

1914 1258 1981 1301 se
2002 1240 2182 1333 habet
2206 1242 2276 1333 ad
2292 1242 2444 1333 illud
2477 1245 2953 1320 contrarium,ita
2976 1264 3214 1308 rursum
3246 1246 3389 1307 illud
3420 1264 3569 1308 con-

195 1337 405 1417 πρόσθει
448 1329 709 1417 εἴπομεν.
788 1343 845 1398 El.
887 1342 1011 1421 γὰρ,
1057 1348 1133 1417 τῷ
1187 1341 1407 1414 ἐναντίῳ
1461 1344 1520 1397 τὸ
1576 1329 1823 1416 ἐναντίον,

1916 1329 2160 1390 trarium
2185 1331 2257 1391 ad
2287 1332 2401 1393 hoc
2422 1333 2792 1395 contrarium
2820 1336 2990 1414 juxta
3029 1335 3369 1397 dialecticas
3398 1354 3579 1414 argu-

189 1434 265 1489 καὶ
314 1434 376 1489 16
425 1430 657 1489 ἐναντίον
715 1437 792 1506 τῷ
850 1430 1086 1506 ἐναντίῳ,
1147 1431 1284 1487 κατὰ
1332 1432 1428 1496 τὰς
1500 1429 1823 1497 διαλεκτικὰς

1916 1421 2333 1483 mentationes.
2363 1423 2695 1485 Considera
2721 1443 2862 1486 vero
2892 1434 3153 1488 exactam
3191 1426 3574 1490 sententiam.

191 1520 564 1600 ἐπιχειρήσεις.
624 1519 824 1577 Σκόπει
882 1517 937 1575 δὲ
995 1520 1094 1587 τὴν
1163 1516 1426 1599 ἀκρίϐειαν
1496 1530 1587 1579 τοῦ
1644 1521 1823 1599 ῥητοῦ.

1912 1507 2119 1589 Neque
2136 1510 2294 1571 enim
2311 1510 2476 1592 prius
2489 1512 2636 1573 dixit
2653 1531 2719 1574 ex
2742 1516 2865 1577 Deo
2884 1525 3087 1577 natum
3102 1534 3232 1577 esse
3245 1515 3335 1577 vel
3352 1534 3422 1579 ex
3445 1515 3576 1578 dia-

191 1596 387 1688 Οῦ-γὰρ
430 1609 683 1690 πρότερον
758 1608 940 1684 εἶπεν,
987 1608 1047 1665 ἐκ
1109 1596 1244 1666 Θεοῦ
1279 1613 1618 1689 γεγεννᾶσθαι
1645 1596 1698 1679 *ἢ
1741 1621 1823 1670 τοῦ

1912 1596 2202 1675 holo,nisi
2222 1604 2605 1681 praeacceptis
2622 1604 2905 1683 operibus
2917 1606 3039 1666 sive
3053 1606 3431 1686 justitiaesive
3456 1606 3580 1668 ini-

192 1696 443 1771 διαϐόλου⁹
505 1700 550 1755 εί
598 1688 689 1775 μὴ
751 1700 817 1755 τὰ
874 1697 1002 1779 ἔργα
1058 1688 1373 1777 προέλαϐον,
1431 1699 1549 1767 ἤτοι
1607 1703 1704 1767 τῆς
1748 1698 1823 1756 δι-

1911 1688 2267 1779 quitatisEx
2293 1689 2387 1751 his
2411 1709 2669 1771 namque
2685 1694 2923 1775 adoptio
2950 1703 3039 1756 est
3060 1694 3297 1757 siveDei
3317 1696 3440 1759 sive
3457 1695 3578 1759 dia-

190 1789 479 1862 καιοούνης,
506 1787 544 1855 ἢ
593 1793 692 1855 τῆς
735 1775 983 1862 ἀνομίας.
1046 1775 1144 1845 ἐκ
1204 1789 1403 1845 τούτων
1444 1790 1544 1869 γὰρ
1584 1791 1620 1858 ἡ
1650 1792 1823 1847 υἱοθε-

1911 1775 2411 1859 boli.Quanquam
2436 1779 2597 1840 enim
2627 1782 2814 1859 gratia
2838 1783 2981 1845 salvi
3022 1783 3156 1845 facti
3180 1783 3390 1861 simus,
3421 1793 3575 1847 atta-

194 1876 289 1957 σία,
316 1875 352 1944 ἥ
382 1899 442 1934 τε
470 1876 561 1934 105
591 1884 749 1950 Θεοῦ,
788 1875 905 1943 ἥτε
955 1878 1047 1934 105
1084 1874 1349 1937 διαϐόλου.
1396 1878 1503 1936 Κᾶν
1558 1880 1658 1957 γὰρ
1712 1879 1828 1958 χέ-

194 1987 283 2044 ριτι
360 1967 692 2041 σεσώσμεθα,
753 1965 891 2023 ἀλλὰ
949 1964 1034 2022 διὰ
1102 1968 1164 2023 16
1232 1965 1557 2047 ὑπερϐάλλον
1614 1967 1830 2047 λέγεται

193 2055 276 2122 τῆς
351 2065 448 2116 τοῦ
530 2062 661 2113 Θεοῦ
743 2055 1142 2137 χρηστότητος,
1228 2057 1308 2112 ὃτι
1379 2058 1549 2115 καίτοι
1605 2058 1830 2124 ἀνιάτως

193 2144 670 2225 προσκεκρουκότων
751 2146 930 2218 ἡμῶν,
1016 2147 1170 2209 αὐτὸς
1255 2147 1350 2203 οὐκ
1430 2146 1830 2222 ἐμνησικάκησε

193 2239 253 2310 τῇ
280 2235 510 2314 σωτηρίᾳ
558 2235 762 2310 ἡμῶν·
823 2235 939 2291 επεὶ
995 2233 1075 2290 ὅτι
1129 2234 1207 2309 μὴ
1262 2234 1447 2314 ἀργοῖς
1490 2234 1663 2293 δίδωσι
1732 2237 1831 2305 τὴν

193 2320 302 2403 παρ’
383 2325 558 2399 ἐαυτῴ
642 2323 931 2401 σωτηρίαν,
1021 2322 1227 2388 Παῦλος
1310 2332 1582 2383 πιστοῦται
1638 2326 1778 2403 βοῶν
1812 2346 1825 2360 ⁸

191 2421 303 2476 Τοῖς
334 2413 469 2469 κατὰ
498 2415 745 2491 πρόθεσιν
808 2411 1035 2481 κλητοῖς
1096 2414 1262 2475 οὖσιν.
1340 2405 1607 2480 Ὡσαύτως
1654 2418 1742 2472 καὶ
1784 2420 1831 2474 οἱ

191 2508 258 2576 τῷ
345 2498 578 2577 διαϐόλῳ
650 2503 1065 2574 υἱοθετηθέντες,
1139 2502 1237 2561 κᾶν
1320 2503 1826 2584 ἀπηλλοτριώθησαν

190 2589 282 2646 ἀπὸ
334 2592 540 2668 μήτρας
612 2592 701 2647 καὶ
761 2593 931 2666 μήπω
991 2593 1089 2660 τὴν
1160 2594 1296 2650 κατὰ
1352 2594 1593 2673 πρόθεσιν
1648 2595 1825 2672 ἁμαρ-

188 2678 287 2735 τίαν
341 2680 725 2758 ἐνηργηκότες,
802 2679 943 2737 ἀλλὰ
1000 2679 1086 2737 διὰ
1134 2683 1195 2739 τὸ
1267 2679 1399 2762 ἄγαν
1473 2682 1825 2763 φιλοπόνηρον

188 2769 341 2824 αὖτῶν
371 2767 584 2848 εἴρηται
629 2776 806 2830 10510.
871 2774 943 2829 Οὔ
1002 2772 1102 2849 γὰρ
1161 2770 1300 2828 ἔστιν
1348 2772 1694 2850 ἀνενέργητον
1735 2780 1827 2829 τοῦ

185 2868 354 2938 κακοῦ,
411 2865 492 2933 τῷ
545 2855 774 2930 διαϐόλῳ
831 2861 1189 2927 οἰκειωθῆναι.
1238 2859 1388 2918 Ἀλλ’
1444 2864 1472 2917 6
1531 2868 1696 2918 ποιῶν
1724 2862 1827 2929 τὴν

185 2947 451 3026 ἁμαρτίαν,
505 2947 708 3013 ἐκεῖνος
768 2949 856 3005 καὶ
910 2956 991 3020 τῷ
1043 2946 1273 3022 διαϐόλῳ
1314 2948 1655 3024 ἀνείληπται,
1711 2949 1830 3018 ἤτοι

185 3039 247 3101 εἷς
274 3038 402 3118 υἱὸν,
435 3043 513 3111 τῷ
545 3035 705 3093 πλέον
758 3037 997 3117 ἐνεργεῖν
1057 3040 1145 3094 καὶ
1187 3038 1485 3118 αὐθαίρετον
1526 3042 1587 3098 τὸ
1642 3043 1826 3115 κακὸν,

1914 1883 2052 1926 men
2075 1880 2320 1948 propter
2343 1868 2735 1932 eximiamDei
2759 1870 3185 1951 benignitatem
3202 1873 3314 1935 hoc
3328 1873 3567 1950 dicitur,

1912 1954 2054 2034 quia
2076 1956 2214 2019 licet
2234 1956 2649 2019 incurabiliter
2667 1960 3152 2037 oil‘enderamus,i
3161 1980 3264 2042 pse
3282 1963 3573 2024 malorum

1914 2061 2034 2104 non
2093 2045 2369 2106 meminit
2431 2047 2507 2107 ob
2570 2047 2821 2110 salutem
2855 2059 3117 2112 nostram
3148 2050 3231 2116 76.
3265 2050 3572 2130 Siquidem

1913 2133 2068 2212 quod
2097 2133 2308 2196 otiosis
2334 2154 2452 2196 non
2479 2136 2579 2196 det
2603 2153 2731 2197 eam
2756 2157 2886 2217 quae
2911 2148 3001 2200 est
3020 2140 3175 2219 apud
3211 2160 3275 2203 se
3297 2142 3572 2207 salutem.

1916 2221 2134 2284 Paulus
2149 2225 2466 2286 conﬁrmat
2486 2225 2797 2286 clamando
2815 2244 2828 2289 :
2853 2227 2957 2289 His
2979 2229 3080 2309 qui
3098 2231 3427 2292 secundum
3442 2250 3577 2312 pro-

1916 2311 2175 2401 positum
2204 2315 2395 2375 vocati
2428 2324 2599 2375 erant
2647 2314 2732 2377 '79.
2789 2316 3080 2379 Similiter
3123 2330 3181 2379 et
3212 2320 3311 2401 qui
3341 2311 3579 2382 diabolo

1912 2400 2176 2479 adoptati
2212 2412 2349 2463 sunt
2372 2402 2438 2463 in
2465 2403 2986 2485 ﬁlios,quanquam
3009 2406 3331 2470 abalienati
3352 2410 3470 2470 sint
3500 2409 3576 2472 ab

1916 2495 2085 2549 utero
2142 2491 2229 2573 80,
2265 2510 2398 2553 cum
2464 2501 2658 2554 tamen
2721 2495 2985 2555 nondum
3009 2495 3178 2576 juxta
3209 2497 3577 2578 propositum

1910 2579 2148 2656 operati
2183 2579 2304 2640 sint
2337 2582 2555 2643 malum
2582 2583 2607 2643 ‘:
2636 2581 2778 2642 582
2809 2592 3070 2646 attamen
3122 2595 3366 2667 pr0pter
3392 2589 3576 2651 vehe-

1909 2677 2175 2728 mentem
2232 2687 2444 2731 eorum
2490 2671 2772 2732 malitiam
2800 2673 2914 2733 hoc
2953 2672 3175 2735 dictum
3208 2684 3299 2737 est
3331 2693 3345 2738 :
3380 2696 3577 2758 neque

1910 2756 2069 2848 enim
2096 2759 2323 2837 absque
2341 2760 2479 2821 mali
2500 2763 3151 2843 operationecontingit
3174 2764 3412 2827 diabolo
3436 2756 3576 2848 pro-

1913 2846 2109 2934 prium
2131 2866 2200 2908 ac
2213 2848 2604 2910 domesticum
2626 2851 2758 2913 fieri
2787 2871 2800 2915 :
2825 2852 2928 2913 sed
2950 2854 3050 2932 qui
3067 2853 3205 2914 facit
3227 2846 3563 2934 peccatum,

1910 2932 2013 2994 ille
2033 2953 2067 2995 a
2088 2937 2324 2999 diabolo
2351 2951 2688 3021 assumptus
2711 2952 2821 3021 est,
2856 2943 2977 3003 sive
3010 2944 3071 3002 in
3103 2932 3312 3017 ﬁlium,
3345 2957 3408 3007 ut
3437 2964 3565 3007 am-

1915 3022 2073 3101 plius
2103 3036 2385 3102 operetur
2416 3028 2592 3089 etiam
2650 3044 2761 3090 sua
2810 3039 3021 3111 sponte
3054 3032 3275 3091 malum
3312 3050 3326 3095 ;
3361 3036 3487 3095 sive
3509 3034 3570 3095 in

183 3124 214 3192 ἢ
267 3126 335 3189 εἰς
390 3123 606 3199 δοῦλον,
669 3133 748 3202 τῷ
790 3126 1283 3196 καταπαλαισθῆναι
1340 3135 1417 3203 τῷ
1470 3131 1688 3208 πονῆρῴ
1745 3138 1823 3191 καῖ

1916 3130 2174 3195 servum,
2212 3136 2281 3176 eo
2300 3119 2453 3197 quod
2476 3136 2510 3177 a
2554 3118 2812 3198 maligno
2835 3129 3147 3199 superatus
3168 3121 3265 3196 sit,
3302 3128 3361 3181 tl.
3388 3122 3462 3183 ab
3497 3142 3568 3186 eo

183 3218 495 3294 χειρωθῆναι
553 3212 643 3271 ὑπ’
691 3215 870 3291 αὺτοῦ,
918 3217 1006 3273 καὶ
1062 3217 1161 3283 τὴν
1218 3217 1460 3297 λατρείαν
1505 3224 1823 3299 κατακριθῆ-

1917 3202 2129 3265 ductus
2151 3206 2423 3285 captivus
2445 3226 2512 3267 ac
2547 3214 2981 3270 condemnatus
2998 3212 3070 3271 ad
3096 3209 3259 3271 illius
3282 3214 3565 3293 obsequi-

185 3325 281 3363 ναι.
313 3308 513 3361 Σκόπει
544 3302 598 3361 δὲ
630 3305 719 3361 καὶ
775 3311 955 3379 τοῦτο,
1004 3304 1084 3361 ὅτι
1119 3308 1209 3362 τὸν
1250 3306 1311 3364 ἐκ
1341 3314 1470 3364 Θεοῦ
1500 3312 1833 3387 γεγεννημέ-

182 3414 280 3465 νον,
311 3397 405 3453 οὒκ
434 3393 591 3449 εἶπεν
610 3391 691 3448 ὅτι
723 3393 827 3474 οὔχ
857 3394 1170 3472 ἁμαρτάνει,
1204 3395 1297 3453 ’ἕνα
1342 3398 1420 3472 μὴ
1452 3400 1539 3452 καὶ
1568 3400 1634 3453 τὰ
1664 3398 1831 3479 βρέφη

178 3479 534 3568 σιμπεριλάϐῃ
562 3480 614 3548 ἐξ
655 3480 865 3550 ἡλικίας
899 3483 1097 3564 ’έχοντα
1128 3486 1189 3541 τὸ
1221 3488 1298 3562 μὴ
1329 3487 1674 3568 ἁμαρτάνειν,
1709 3483 1831 3545 ἁλλ’

176 3571 317 3629 εἶπεν
340 3562 428 3629 θὸτι
455 3562 740 3649 Ἀμαρτίαν
765 3574 825 3628 οὖ
854 3562 1028 3635 ποιεῖ,
1062 3576 1133 3631 Τὸ
1172 3583 1270 3650 μὲν
1292 3576 1416 3654 γὰρ,
1448 3577 1562 3655 Οὐχ
1582 3562 1826 3652 ἁμαρτά-

174 3680 262 3735 νει,
280 3660 544 3740 ἀποφάσει
575 3658 744 3716 ’έοικεν
773 3658 956 3726 ἁπλῶς
978 3677 992 3691 ⁸
1027 3663 1088 3718 τὸ
1118 3660 1196 3737 δὲ,
1230 3666 1302 3722 Οὔ
1329 3676 1503 3743 ποιεῖ,
1525 3666 1585 3720 τὸ
1617 3665 1678 3721 ἐκ
1705 3664 1826 3722 δια-

173 3748 351 3813 θέσεως
379 3751 459 3825 μὴ
478 3748 743 3829 ὑπάρχειν
766 3747 944 3817 δῆλοι.
1004 3748 1085 3806 Δι’
1105 3751 1133 3806 ὃ
1156 3754 1243 3809 καὶ
1262 3752 1597 3832 προστίθησι,
1630 3754 1718 3809 καὶ
1745 3752 1824 3810 ὅτι

176 3838 229 3893 οὔ
266 3835 473 3895 δύναται
532 3838 876 3917 ἁμαρτάνειν,
940 3843 1001 3899 οὗ
1071 3842 1208 3897 κατὰ
1250 3842 1478 3922 φυσικὴν
1537 3839 1823 3918 ἀδυναμίαν

176 3935 317 3984 τοῦτο
356 3926 552 4007 λέγων,
598 3930 673 3991 ὡς
722 3927 806 3984 ἐπὶ
856 3931 962 3985 τῶν
1005 3928 1218 4008 ἀλόγων
1276 3932 1474 4010 φαμὲν,
1529 3931 1608 4005 μὴ
1666 3929 1823 3988 δύνα-

180 4017 285 4072 σθαι
328 4016 636 4092 ἐπιστήμην
697 4015 1112 4099 ἀναλαμϐάνειν,
1190 4018 1328 4076 ἀλλὰ
1382 4022 1517 4077 κατὰ
1584 4043 1826 4101 προαιρε-

176 4107 320 4173 τικην
389 4111 491 4174 τῆς
553 4104 810 4186 ἁμαρτίας
875 4107 1085 4186 ἀργίαν.
1155 4116 1330 4167 Ταῦτα
1386 4107 1679 4184 διεξελθὼν,
1738 4107 1826 4168 καὶ

174 4194 228 4248 τὸ
252 4195 528 4275 γνώρισμα
560 4200 666 4253 τῶν
727 4202 819 4252 τοῦ
875 4204 1008 4253 Θεοῦ
1062 4197 1283 4273 τέκνων,
1329 4200 1390 4255 τὸ
1444 4199 1523 4275 μὴ
1566 4200 1821 4279 ἁμαρτίαν

172 4297 360 4360 ποιεῖν,
396 4286 546 4343 εἶναι
575 4286 775 4365 φήσας,
834 4287 908 4351 ὡς
965 4285 1219 4365 ἔμπαλιν,
1277 4291 1382 4344 τῶν
1444 4291 1538 4345 105
1580 4287 1824 4346 διαϐόλου

170 4373 305 4448 υἱῶν,
349 4375 411 4431 16
452 4372 772 4452 ἁμαρτάνειν
809 4394 824 4410 ο
878 4373 1156 4441 διεξελθὼν
1197 4377 1287 4433 οὖν
1343 4377 1528 4453 ταῦτα,
1575 4378 1822 4455 ἀναλαμ-

170 4455 303 4519 ϐάνει
356 4463 517 4521 πάλιν
570 4465 704 4539 μετὰ
762 4463 937 4521 πολλὰ
1003 4467 1069 4522 τὰ
1141 4466 1334 4542 μεταξὺ
1403 4467 1503 4535 τὴν
1558 4470 1675 4546 περὶ
1731 4470 1819 4525 τὸν

1914 3293 2511 3356 um.Anidmadverte
2551 3306 2747 3358 autem
2792 3308 2850 3359 et
2883 3299 2994 3359 hoc
3026 3299 3181 3379 quod
3221 3318 3338 3361 non
3357 3301 3574 3363 dixerit

1914 3397 2048 3439 eum
2073 3382 2176 3461 qui
2195 3401 2262 3442 ex
2284 3384 2403 3445 Deo
2422 3394 2591 3445 natus
2616 3397 2703 3447 est
2728 3405 2845 3447 non
2875 3389 3574 3467 peccare,neetinfantes

1915 3472 2482 3549 comprehenderet,
2541 3475 2640 3554 qui
2682 3476 2755 3536 ab
2799 3487 2964 3536 utero
3012 3478 3232 3538 habent
3262 3480 3418 3559 quod
3452 3499 3571 3542 non

1912 3568 2192 3650 peccent:
2221 3562 2325 3621 sed
2356 3563 2527 3639 dixit,
2552 3564 2867 3626 Peccatum
2893 3584 3012 3626 non
3034 3567 3193 3630 facit.
3218 3566 3366 3629 Illud
3392 3570 3575 3650 siqui-

1910 3648 2205 3710 dem2Non
2230 3654 3139 3736 peccat,negationismpliciter
3156 3648 3571 3736 congruitzboc

1909 3745 2105 3799 autem
2144 3757 2156 3801 :
2192 3739 2318 3801 Non
2374 3742 2516 3803 facit
2562 3753 2892 3823 peccatum,
2929 3744 3226 3823 significat
3255 3765 3322 3807 ex
3354 3749 3570 3809 aﬂ'ectu

1908 3845 2026 3886 non
2045 3829 2412 3906 contingere.
2436 3831 2684 3912 Propter
2709 3833 2868 3913 quod
2894 3834 3069 3894 etiam
3093 3835 3260 3895 addit
3281 3837 3434 3915 quod
3450 3855 3569 3897 non

1908 3924 2103 3995 potest
2124 3935 2397 3999 peccare,
2433 3939 2551 3981 non
2588 3921 2919 3982 secundum
2959 3932 3190 3984 natura;
3218 3922 3567 4003 impossibi-

1908 4006 2131 4068 litatem
2165 4008 2277 4069 hoc
2308 4009 2539 4086 dicens,
2578 4010 3082 4091 quemadmodum
3112 4012 3186 4072 de
3218 4013 3575 4074 irrationali-

1909 4094 2019 4157 bus
2049 4097 2303 4158 dicimus
2334 4099 2487 4179 quod
2515 4109 2896 4179 non‘possunt
2921 4100 3229 4161 scientiam
3257 4102 3562 4182 recipere:

1905 4184 2010 4245 sed
2044 4196 2285 4266 propter
2347 4187 2741 4249 voluntarium
2777 4189 2959 4248 otium
2995 4189 3117 4249 sive
3147 4189 3566 4253 abstinentiam

1904 4292 1938 4334 a
1968 4277 2273 4355 peccando
2307 4278 2431 4338 haec
2456 4278 2849 4353 ὼεεειειιε,ει
2870 4278 3154 4340 indicium
3179 4278 3437 4342 ﬁliorum
3459 4282 3569 4343 Dei

1907 4382 2039 4427 esse
2071 4366 2298 4440 dicens,
2324 4386 2440 4427 non
2478 4386 2721 4448 peet'are
2754 4389 2765 4427 :
2795 4370 3292 4447 quemadmodum
3325 4388 3561 4432 rursum

1906 4458 2163 4519 filiorum
2186 4459 2428 4535 diaboli,
2464 4478 2732 4541 peccare.
2769 4459 2872 4521 His
2895 4480 3035 4539 ergo
3058 4465 3556 4544 enarratis,repe—

172 4547 387 4617 πλησίον
412 4553 657 4632 ἀγάπην,
715 4551 895 4634 ὥσπερ
944 4555 1104 4635 χάριν
1163 4554 1369 4623 ἐκείνης
1412 4556 1585 4613 πάντα
1628 4559 1692 4614 τὰ
1734 4555 1819 4613 διὰ

1908 4549 1971 4613 tit
1996 4559 2124 4626 j-ost
2160 4549 2342 4610 multa
2388 4550 2447 4609 in
2500 4549 2702 4611 medio
2757 4559 2970 4630 pUStla,
3008 4551 3390 4614 dilectionem
3426 4571 3565 4631 erga

174 4637 324 4709 μέσον.)
381 4639 949 4720 πραγματευσάμενος,
1025 4642 1138 4699 ἐπεὶ
1199 4646 1286 4700 καὶ
1354 4642 1626 4724 πλήρωμα
1676 4645 1816 4701 πάν-

174 4746 272 4781 των
323 4731 359 4796 ἡ
424 4731 634 4812 ἀγάπη,
708 4732 796 4788 καί
836 4754 996 4813 φησιν
1031 4749 1044 4763 ⁸
1113 4756 1140 4788 α
1204 4724 1261 4790 Ὀ
1319 4734 1415 4809 μὲν
1474 4733 1695 4812 ἁγαπῶν
1725 4737 1818 4790 τὸν

177 4813 388 4899 ἀδελφὸν
427 4823 609 4897 αὑτοῦ,
664 4824 760 4880 οὐκ
814 4821 953 4880 ἔστιν
994 4826 1056 4881 εκ
1111 4834 1202 4883 τοῦ
1260 4824 1407 4883 Θεοῦ.
1454 4846 1478 4883 ι)
1543 4827 1642 4883 Καὶ
1683 4827 1819 4886 κατὰ

176 4908 349 4967 τούτου
387 4912 491 4992 γὰρ
537 4910 629 4968 105
683 4910 856 4970 κώλου
913 4912 1181 4994 τέτακται,
1228 4914 1314 4994 τὸ,
1387 4917 1494 4974 Οὐκ
1549 4913 1688 4971 ἔστιν
1756 4915 1818 4972 ἐκ

176 4997 258 5051 105
285 5005 440 5073 Θεοῦ,
491 5010 647 5060 τοῦτο
694 4998 864 5081 λέγων
899 5021 914 5036 ⁸
968 4998 1115 5059 Ἐπεὶ
1159 5005 1188 5059 6
1258 5008 1423 5059 ποιῶν
1479 5002 1814 5072 δικαιοσύνην

176 5081 229 5172 ἐκ
263 5090 352 5144 τοῦ
395 5096 532 5150 Θεοῦ
559 5089 897 5170 γεγέννηται,
930 5090 1117 5150 ἕπεται
1179 5100 1256 5168 τῷ
1308 5092 1444 5150 οὕτω
1486 5093 1810 5172 γεννηθέντι,

174 5170 369 5252 ἀγαπᾷν
410 5180 536 5244 τοὺς
579 5178 857 5262 ἀδελφοὺς,
909 5172 967 5240 Ὀ
1023 5180 1078 5238 δὲ
1130 5182 1205 5259 μὴ
1240 5189 1407 5240 ποιῶν
1450 5170 1811 5264 δικαιοσύνην,

176 5270 243 5336 τῷ
268 5268 344 5341 μὴ
386 5282 568 5326 ποιεῖν
619 5271 785 5339 αὐτὴν
844 5273 1019 5347 μισῶν
1073 5272 1192 5337 τοὺς
1242 5269 1495 5353 ἀδελφοὺς
1540 5274 1716 5347 αὐτοῦ,
1754 5272 1813 5329 ὲκ

176 5363 256 5412 τοῦ
296 5366 426 5418 Θεοῦ
456 5366 553 5421 οὒκ
600 5361 743 5420 ἔστιν
795 5364 855 5421 οὖ
908 5365 1045 5421 κατὰ
1098 5362 1262 5422 ἄλλον
1319 5366 1514 5445 τρόπον
1556 5365 1591 5434 ἢ
1634 5371 1711 5440 τῷ
1740 5365 1819 5442 μὴ

179 5455 513 5524 γεγεννῆσθαι
584 5451 637 5519 ἐξ
684 5453 861 5516 αὐτοῦ,
924 5454 1023 5511 Καὶ
1080 5454 1194 5520 πῶς
1251 5459 1347 5514 οὐκ
1416 5454 1557 5511 ἔστιν
1615 5455 1676 5511 ἐκ
1729 5457 1822 5511 105

183 5536 301 5593 Θεοῦ
365 5536 594 5598 δείκνυσι
636 5540 833 5621 λέγων,
879 5540 960 5600 ὅτι
1011 5563 1035 5600 ε
1085 5542 1229 5612 Αὕτη
1287 5543 1423 5602 ἐστὶν
1467 5546 1501 5614 ἡ
1562 5541 1815 5623 ἀγγελία,

1901 4637 2401 4719 proximum,qua-
2419 4639 2436 4698 i
2456 4638 2615 4699 illius
2637 4640 2830 4717 gratia
2855 4642 3125 4700 universa
3142 4641 3346 4720 quaein
3363 4644 3558 4703 medio

1901 4732 2141 4792 fuerunt
2194 4729 2528 4789 tractaverit
2608 4745 2620 4789 :
2706 4729 3189 4808 quandoquidem
3254 4730 3557 4809 plenitudo

1901 4835 2137 4897 quoque
2170 4836 2436 4877 omnium
2475 4827 2564 4878 est
2593 4818 2834 4879 dilectio
2864 4819 2948 4897 81,
2982 4828 3042 4878 et
3069 4818 3154 4880 ait
3190 4837 3203 4878 :
3240 4841 3267 4878 ι
3300 4819 3411 4891 Qui
3440 4838 3558 4881 non

1900 4906 2353 4986 diligitfratrem
2386 4925 2582 4979 suum,
2621 4925 2738 4967 non
2799 4918 2885 4969 est
2917 4926 2984 4969 ex
3016 4907 3198 4970 Deo.»
3234 4907 3378 4970 Nam
3407 4928 3557 4971 con-

1902 5007 1990 5062 tra
2019 4998 2132 5057 hoc
2162 4996 2337 5056 etiam
2370 4995 2705 5057 membrum
2741 4996 2999 5076 positum
3030 5007 3124 5059 est
3154 5019 3166 5056 :
3205 4996 3334 5059 Non
3368 5008 3453 5060 est
3487 5017 3557 5062 ex

1898 5086 2044 5162 Deo,
2099 5087 2211 5147 hoc
2241 5087 2447 5148 dicens
2483 5104 2496 5148 :
2531 5085 2820 5159 Quoniam
2854 5087 2905 5147 si
2957 5088 3049 5149 his
3079 5088 3180 5169 qui
3211 5087 3351 5149 facit
3371 5088 3557 5168 justi-

1898 5177 2059 5240 tiam.
2100 5196 2168 5237 ex
2201 5176 2322 5237 Deo
2345 5186 2516 5237 natus
2541 5184 2649 5251 est,
2686 5176 3031 5258 soquiturut
3061 5178 3112 5239 is
3142 5182 3241 5259 qui
3272 5180 3355 5240 ita
3388 5187 3560 5240 natus

1898 5275 1988 5327 est
2018 5265 2224 5345 diligat
2253 5270 2465 5328 fratres
2502 5282 2516 5327 :
2550 5266 2649 5345 qui
2696 5285 2833 5328 vero
2891 5286 3008 5328 non
3066 5268 3206 5329 facit
3242 5267 3555 5348 justitiam,

1905 5374 1974 5416 eo
2021 5356 2178 5435 quod
2244 5374 2361 5415 non
2422 5354 2591 5416 faciat
2643 5373 2771 5417 eam
2827 5356 3084 5419 odieudo
3145 5357 3361 5431 fratres
3390 5375 3556 5433 suos,

1906 5466 2023 5508 non
2043 5454 2223 5507 estex
2244 5445 2392 5524 Deo,
2427 5464 2544 5505 non
2581 5444 2756 5524 juxta
2775 5447 2956 5507 alium
2983 5446 3226 5510 modum
3258 5447 3370 5508 nisi
3402 5448 3561 5529 quod

1904 5555 2022 5599 non
2045 5545 2220 5597 natus
2249 5535 2326 5596 sit
2354 5553 2423 5596 ex
2463 5556 2558 5599 (σο.
2583 5535 2649 5596 Ει
2670 5536 2966 5617 quomodo
2996 5555 3116 5598 non
3147 5536 3223 5598 sit
3256 5556 3327 5599 ex
3357 5556 3428 5599 eo
3458 5555 3560 5599 os-

252 5704 309 5756 77
338 5704 486 5775 Cen.
520 5725 668 5794 nn,
699 5710 776 5773 18
812 5733 829 5792 ;
862 5709 994 5778 Gal.
1025 5728 1117 5794 ιιι,
1149 5713 1211 5778 9.
1244 5712 1309 5763 78
1328 5711 1548 5796 Ephes.
1584 5731 1649 5779 ιι.
1682 5713 1746 5765 ’⁷9
1771 5719 1823 5779 Β

1908 5735 1951 5785 ι,
1981 5724 2105 5785 vm,
2138 5708 2239 5773 28.
2272 5707 2337 5759 80
2367 5706 2521 5773 Psal.
2558 5721 2692 5786 Lvn,
2726 5708 2789 5774 4.
2834 5708 2888 5758 84
2922 5710 3100 5774 Rom.
3132 5723 3261 5783 xm,
3298 5712 3391 5768 10.
