4106 6434
482 360 602 425 655

1604 357 2019 421 OECUMENII
2064 351 2364 420 TRICCuE
2405 354 2743 419 EPISCOPI

2570 100 2573 105 λ
2654 112 2659 117 _
2706 108 2725 122 ἀ

2512 134 2517 142 Α
2602 134 2729 145 ιω*

2486 206 2557 232 ,γνιῗς
3488 215 3514 224 -
3540 209 3545 214 “
3565 224 3591 234 Νη

3751 354 3881 421 656

487 494 704 576 tendit,
763 493 1021 556 dicens:
1073 512 1100 547 ei
1140 489 1429 562 Quoniam
1480 490 1607 551 haec
1638 497 1727 550 est
1777 488 2148 550 annuntiatio

2234 488 2295 576 ἦν
2338 489 2599 555 ἠκούσατε
2642 488 2735 547 ἀπ’
2791 490 2991 571 ἀρχῆς.
3057 514 3086 547 ι
3148 493 3237 555 Τίς
3294 489 3349 547 δὲ
3392 492 3427 559 ἡ
3476 488 3700 570 ἀγγελία
3740 487 3881 554 αὕτη

488 603 665 665 quam
698 581 952 645 audistis
974 580 1045 642 ab
1093 579 1265 640 initio
1285 580 1364 641 82.
1382 605 1401 634 ι
1427 580 1569 652 Qum
1584 580 1658 639 sit
1680 587 1872 640 autem
1893 579 2016 639 haec
2034 597 2144 640 an-

488 672 800 745 nuntiatio,
823 672 947 751 jam
973 668 1422 749 diximus,quod
1450 677 1507 729 et
1530 668 1876 729 naturaliter
1909 675 2148 747 accepta

485 771 546 825 et
567 780 670 842 per
686 761 1020 822 doctrinam
1051 777 1066 832 ;
1101 758 1203 818 sed
1236 767 1296 818 et
1327 756 1499 835 legali
1533 764 1828 837 praecepto
1882 756 1955 817 de
2005 755 2145 816 dili-

486 850 681 930 gendo
715 852 1008 929 proximo,
1045 847 1529 926 Dominiquoque
1554 854 1844 924 praecepto
1867 845 2103 906 dicente
2129 862 2142 906 :

493 942 893 1017 «Praeceptum
916 955 1127 997 novum
1152 934 1227 995 do
1251 934 1433 1003 vobis,
1474 941 1537 995 ut
1567 934 1825 1012 diligatis
1857 952 1960 994 vos
1989 933 2145 994 invi-

491 1046 620 1090 cem
633 1028 719 1090 83.
733 1053 757 1082 η
767 1026 1061 1088 Praeterea
1074 1023 1255 1085 etiam
1273 1023 1538 1085 naturale
1552 1035 1912 1103 praeceptum
1929 1041 2066 1101 erga
2078 1038 2147 1083 ea

487 1135 620 1198 quae
675 1116 940 1196 ejusdem
977 1114 1153 1175 sortis
1203 1122 1260 1174 et
1316 1111 1673 1173 conditionis
1698 1120 1855 1185 sunt,
1890 1111 2045 1189 cogit
2072 1110 2146 1171 ad

485 1206 601 1267 hoc
633 1203 995 1266 faciendum.
1057 1201 1344 1273 Quoniam
1405 1200 1585 1278 igitur
1630 1208 1713 1260 tot
1742 1219 1809 1260 ac
1843 1200 1980 1261 talia
2011 1203 2152 1263 sunt

490 1303 786 1375 praecepta
815 1292 1128 1354 assertioni
1154 1290 1389 1351 Domini
1421 1290 1875 1369 conformia,qui
1913 1309 2145 1353 sermo-

489 1401 627 1444 nem
665 1384 795 1462 ejus
825 1390 1017 1442 servat
1039 1388 1097 1441 et
1129 1380 1264 1441 facit
1294 1379 1515 1459 ipsum,
1556 1378 1731 1440 habet
1760 1379 1933 1440 vitam
1967 1388 2144 1443 aeter-

487 1490 652 1545 nam,
678 1480 735 1532 et
766 1470 1035 1532 transivit
1065 1488 1132 1530 ex
1165 1477 1355 1529 morte
1386 1468 1456 1529 ad
1490 1467 1669 1529 vitam
1698 1468 1779 1531 8t.

567 1560 709 1621 585
765 1562 1085 1640 Propterea
1134 1576 1271 1635 ergo
1333 1557 1646 1635 diligamus
1700 1556 1932 1631 fratres,
1994 1558 2144 1627 nihil

488 1654 823 1713 nocumenti
858 1656 1164 1710 sumentes
1194 1647 1263 1708 ad
1300 1647 1697 1707 aemulandum
1724 1667 1737 1706 :
1765 1648 1985 1727 puta,si
2010 1649 2144 1712 odio

488 1739 824 1802 habeamur
845 1757 879 1800 a
901 1737 1273 1811 mundo,non
1289 1755 1522 1817 quoque
1538 1736 1672 1797 odio
1689 1736 2143 1799 habeamusira-

2228 574 2331 644 ἤδη
2392 579 2699 657 εἰρήκαμεν,
2747 577 2826 635 ὅτι
2870 583 2959 636 καὶ
3020 582 3215 661 φυσικὴ
3280 582 3368 637 καὶ
3410 578 3625 650 διδακτή
3662 600 3672 609 ·
3737 576 3884 634 ἀλλά

2228 666 2317 722 καὶ
2354 668 2487 742 μετά
2527 673 2626 734 τῆς
2673 674 2895 777 νομικῆς
2954 669 3170 737 ἐντολῆς
3227 670 3323 738 τῆς
3367 672 3484 748 περὶ
3540 675 3633 727 τοῦ
3664 668 3879 747 ἀγαπᾷν

2263 757 2276 773 ς
2390 754 2410 777 κ
2503 757 2514 777 ,
2783 764 2808 773 η.
2941 762 2964 773 ς.
3008 770 3041 777 --
3119 761 3130 777 .
3252 765 3278 775 η.
3346 758 3366 777 π
3486 759 3498 777 .
3748 756 3804 777 ν..

2229 757 2320 811 τὸν
2348 754 2599 837 πλησίον,
2633 754 2723 814 καῖ
2748 764 2847 825 τῆς
2877 762 2967 815 τοῦ
3007 761 3190 839 Κυρίου
3217 765 3316 827 τῆς
3346 758 3628 838 λεγούσης,
3682 781 3710 813 α
3748 756 3882 814 Ἐν-

2230 842 2393 911 τολὴν
2435 846 2624 912 καινὴν
2649 843 2832 921 δίδωμι
2867 849 3016 922 ὃμτν,
3073 847 3164 904 ἵνα
3223 848 3460 926 ἀγαπᾶτε
3488 845 3754 916 ἀλλήλους
3788 863 3803 879 ’
3849 867 3873 899 ι

2231 930 2305 989 ἔτι
2336 935 2423 991 καὶ
2479 934 2513 1002 ἢ
2557 938 2686 1014 πρὸς
2732 938 2792 991 τὸ
2840 936 3088 1016 ὁμογενὲς
3131 937 3349 1018 φυσικὴ,
3395 944 3551 994 τοῦτο
3605 957 3887 1013 καταναγ-

2229 1028 2501 1086 καστικῶς
2568 1024 2812 1102 πράττειν
2871 1024 3068 1104 ἐνάγει.
3126 1023 3273 1083 Ἐπεὶ
3342 1026 3430 1082 οὖν
3497 1031 3735 1082 τοιαῦται
3790 1025 3888 1080 καὶ

2230 1112 2479 1167 τοσαῦται
2523 1114 2573 1167 αἱ
2632 1112 2840 1170 ἐντολαὶ
2894 1115 3030 1172 κατὰ
3083 1114 3182 1183 τὴν
3223 1120 3316 1172 τοῦ
3375 1115 3560 1193 Κυρίου
3629 1113 3882 1193 ἀπόφαν-

2237 1221 2340 1273 σιν,
2373 1202 2400 1256 6
2428 1202 2521 1256 τὸν
2563 1199 2723 1279 λόγον
2780 1202 2939 1262 αὐτοῦ
2979 1210 3154 1284 τηρῶν
3192 1204 3279 1260 καὶ
3334 1210 3504 1260 ποιῶν
3561 1204 3715 1261 αὐτὸν
3758 1201 3884 1282 ἔχει

2230 1288 2373 1355 ζωὴν
2402 1290 2609 1345 αἰώνιον
2637 1292 2724 1347 καὶ
2754 1290 3111 1368 μεταϐέϐηκεν
3142 1293 3203 1351 ἐκ
3243 1301 3335 1350 τοῦ
3375 1294 3598 1351 θανάτου
3647 1293 3719 1357 εἰς
3775 1293 3887 1359 τὴν

2228 1379 2372 1448 ζωήν
2388 1427 2394 1435 ,

2313 1556 2410 1612 Διά
2455 1563 2615 1614 ταῦτα
2659 1559 2826 1614 τοίνυν
2882 1558 3173 1639 ἀγαπῶμεν
3218 1561 3337 1625 τοὺς
3383 1558 3657 1641 ἀδελφοὺς,
3707 1558 3883 1636 μηδὲν

2229 1643 2728 1723 παραϐλαπτόμενοι
2783 1651 2913 1728 πρὸς
2956 1649 3141 1731 ζῆλον,
3201 1654 3381 1731 φησὶν,
3430 1649 3492 1706 ἐκ
3545 1650 3636 1707 τοῦ
3672 1648 3886 1725 κόσμου

2231 1735 2543 1815 μισούμεθα,
2617 1735 2709 1792 ἵνα
2776 1739 2864 1793 καὶ
2922 1739 3084 1811 ἡμεῖς
3137 1745 3378 1815 μισῶμεν
3418 1740 3540 1801 τοὺς
3596 1737 3878 1819 ἀδελφοὺς,

488 1836 610 1891 tres
645 1850 658 1892 :
683 1828 787 1890 sed
812 1827 1047 1890 Domini
1073 1844 1271 1887 sermo
1291 1828 1366 1887 sit
1387 1827 1447 1886 in
1467 1825 1639 1886 nobis
1657 1826 1973 1891 ellicacior.
1994 1831 2142 1892 Nam

2234 1822 2347 1924 ἀλλ’
2379 1826 2406 1879 6
2436 1831 2528 1881 τοῦ
2560 1826 2744 1904 Κυρίου
2794 1826 2951 1906 λόγος
3003 1828 3364 1909 ἐνεργέστερος
3420 1828 3559 1885 ἔστω
3600 1827 3653 1883 ἐν
3714 1830 3882 1924 ἧμξν.

486 1923 584 1998 qui
621 1918 832 1981 fratres
884 1935 1023 1977 suos
1081 1915 1226 1989 odit,
1282 1935 1401 1977 non
1456 1915 1648 1977 solum
1680 1914 1752 1977 ab
1785 1925 2007 1979 aeterna
2034 1919 2150 1980 vita

488 2009 791 2089 projectus
821 2014 930 2080 est,
967 2003 1071 2066 sed
1117 2003 1293 2066 etiam
1329 2003 1629 2065 homicida
1658 2014 1768 2066 est.
1801 2004 2148 2068 Necessario

488 2095 646 2158 enim
681 2093 971 2176 sequitur,
1034 2093 1084 2154 si
1142 2092 1440 2154 homicida
1469 2106 1583 2166 εει,
1619 2094 1776 2173 quod
1832 2112 1944 2155 nec
1970 2094 2147 2155 vitam

490 2195 776 2247 mternam
809 2182 1044 2244 habeat.
1078 2180 1292 2243 Videte
1324 2199 1583 2261 namque
1613 2181 2150 2263 Cain,inquit,quo-

489 2275 647 2336 niam
685 2282 743 2335 et
771 2273 900 2354 ipse
932 2290 1065 2333 cum
1101 2270 1239 2332 odio
1299 2270 1603 2331 habuisset
1635 2271 1900 2352 fratrem,
1935 2273 2155 2334 occidit

485 2365 1052 2446 ipsum,quanquam
1079 2359 1262 2421 frater
1282 2369 1463 2423 esset.
1490 2360 1607 2423 Sed
1648 2360 1785 2440 quia
1805 2380 1983 2440 opera
2000 2363 2154 2423 mala

489 2451 933 2526 habens,fiilius
955 2460 1083 2511 erat
1105 2448 1325 2510 diaboli
1348 2467 1360 2511 :
1388 2448 1537 2510 Abel
1561 2467 1696 2510 vero
1713 2450 1875 2530 justa
1890 2470 2151 2531 operan-

490 2542 566 2603 do
580 2540 758 2615 ,ﬁlius
776 2539 881 2602 Dei.
901 2536 1314 2619 appellabatur
1339 2560 1350 2596 :
1378 2538 1697 2617 opponitur
1724 2548 1919 2601 autem
1935 2540 2150 2601 diabo-

490 2629 584 2691 lus
616 2628 759 2699 Deo,
818 2635 877 2689 et
905 2628 1058 2689 mala
1109 2645 1289 2708 opera
1322 2626 1539 2689 bonis:
1578 2637 1892 2707 propterea
1922 2637 1980 2689 et
2008 2632 2149 2693 Cain

492 2737 627 2781 cum
677 2717 1010 2779 contrarius
1069 2725 1227 2779 esset
1281 2717 1470 2793 fratri,
1531 2715 1749 2778 occidit
1792 2718 2009 2798 ipsum.
2066 2718 2150 2782 Ita

490 2806 730 2888 quidem
758 2816 883 2868 erat
901 2825 1275 2887 consequens
1301 2807 1595 2868 sermonis
1625 2806 2148 2884 decursus,verum

491 2896 700 2958 beatus
720 2899 979 2957 Joannes
1009 2896 1283 2957 ordinem
1314 2895 1669 2965 immutavit,
1696 2896 1962 2958 serviens
1984 2916 2147 2961 sem-

492 3002 603 3065 per
626 2985 681 3045 ei
700 2985 854 3065 quod
873 2983 1654 3064 magisurgebat.Siquidem
1668 2985 1913 3062 urgebat
1928 2987 2144 3067 ipsum,

495 3075 637 3157 quia
667 3074 885 3136 diaboli
914 3074 1274 3135 mentionem
1317 3075 1564 3147 fecerat,
1602 3087 1658 3135 et
1708 3093 1913 3135 eorum
1942 3077 2041 3156 qui
2074 3075 2148 3137 ob

496 3184 705 3245 pravas
736 3165 1001 3226 actiones
1056 3163 1129 3225 ab
1179 3163 1279 3224 illo
1339 3164 1601 3243 adoptati
1649 3174 1838 3239 erant,
1891 3175 1953 3226 ut
1981 3167 2144 3227 illum

2252 1921 2292 1969 Ο
2322 1913 2422 1992 γὰρ
2464 1914 2584 1977 τοὺς
2641 1912 2895 1996 ἀδελφοὺς
2945 1918 3103 1974 αὑτοῦ
3144 1920 3340 1996 μισῶν,
3402 1919 3532 1997 πρὸς
3581 1920 3663 1981 οἷς
3724 1914 3888 1973 ἐκϐέ-

2230 1998 2423 2068 ϐληται
2453 2002 2597 2086 -.τῆς
2669 2005 2880 2062 αἰωνίου
2935 2006 3097 2078 ζωῆς,
3159 2006 3236 2063 ἔτι
3305 2008 3393 2063 καὶ
3449 2006 3884 2086 ἀνθρωποντόνος

2232 2089 2391 2183 ἐστίν,
2453 2080 2690 2183 ﬁlim-zmi-
2730 2095 2829 2173 γὰρ
2871 2096 2948 2171 τῷ
2990 2096 3406 2183 ἀνθρωποκτόνρ
3446 2097 3508 2152 τὸ
3546 2080 3703 2173 ’μηδὲ
3733 2095 3883 2166 ζωὴν

2231 2179 2439 2236 αἰώνιον
2471 2179 2636 2261 ἔχειν.
2677 2174 2856 2263 Ὀρᾶτε
2917 2186 3040 2266 γὰρ,
3110 2174 3289 2266 φί,σὶ,’
3321 2187 3411 2241 τὸν
3457 2185 3618 2260 Κάϊν,
3667 2184 3747 2241 ὅτι
3793 2186 3889 2241 καὶ

2233 2269 2412 2343 αὐτὸς,
2446 2272 2678 2345 μισήσας
2723 2274 2812 2329 τὸν
2849 2272 3094 2355 ἀδελφὸν,
3131 2275 3427 2332 ἐπέκτεινεν
3471 2276 3625 2332 αὐτὸν
3669 2275 3757 2331 καί
3798 2296 3890 2331 τοι

2233 2379 2294 2436 γε
2323 2354 2545 2438 ἀδελφὸν
2576 2357 2722 2423 ὅντα.
2784 2361 2935 2420 Ἀλλ’
2992 2354 3109 2444 ἐπεὶ
3163 2363 3287 2443 ἔργα
3330 2364 3539 2442 πονηρά
3584 2362 3727 2444 ἔχων
3768 2365 3893 2427 υἱὸς

2233 2446 2300 2513 ἦν
2351 2447 2443 2504 105
2510 2445 2778 2532 διαϐόλου,
2864 2454 2892 2507 6
2945 2450 2999 2508 δὲ
3075 2442 3247 2509 ’Ἅϐελ
3307 2450 3479 2509 δίκαια
3529 2442 3887 2532 ἐργαζόμενος

2233 2538 2342 2600 υἱὸς
2374 2535 2701 2615 ἐχρημάτιζε
2733 2548 2884 2602 Θεου,
2922 2538 3242 2598 Ἀντίκειται
3292 2539 3345 2597 δὲ
3403 2543 3490 2598 καὶ
3553 2544 3582 2597 6
3634 2537 3886 2604 διάϐολος

2231 2631 2308 2700 τῷ
2339 2632 2454 2700 Θεῷ
2483 2627 2570 2682 καὶ
2612 2629 2677 2683 τὰ
2720 2630 2930 2709 πονηρά-
2955 2628 3081 2709 ἔργα
3131 2644 3249 2693 τοῖς
3292 2630 3513 2708 ἀγαθοῖς
3550 2649 3563 2661 ·
3596 2628 3686 2686 διὰ
3727 2632 3887 2686 τοῦτο

2232 2715 2320 2769 καὶ
2363 2717 2391 2770 6
2436 2715 2572 2772 Κάϊν
2630 2722 2708 2791 τῷ
2749 2717 2959 2799 ἀδελφῳ
3015 2720 3381 2794 ἀντικείμενσς
3440 2718 3745 2776 ἀπέκτεινεν
3778 2720 3886 2775 αὖ-

2230 2803 2343 2887 τόν.
2403 2802 2554 2861 Οὕτω
2594 2808 2729 2865 κατὰ
2771 2809 2832 2863 τὸ
2887 2807 3169 2865 ἀκόλουθον
3227 2810 3261 2876 ἡ
3292 2815 3385 2865 τοῦ
3428 2806 3587 2887 λόγοδ
3631 2804 3882 2873 διέξοδος.

2235 2882 2292 2948 ιΟ
2348 2891 2527 2966 μέντοι
2601 2896 2858 2974 μακάριος
2913 2896 3164 2964 Ἰωάννης
3222 2894 3475 2967 ἐνήλλαξε
3508 2882 3642 2963 ’τὴν
3708 2894 3885 2971 τάξιν,

2229 2987 2322 3036 τοῦ
2406 2984 2809 3061 κατεπείγοντος
2884 2982 2963 3040 ἀεὶ
3031 2986 3331 3065 γινόμενος,
3394 2986 3699 3063 Κατήπειγε
3780 2986 3888 3064 γὰρ

2232 3071 2408 3145 αὐτὸν,
2456 3070 2569 3127 ἐπεὶ
2610 3079 2702 3129 τού
2730 3070 2974 3130 διαϐόλου
3031 3075 3291 3149 ἐμνήσθη,
3341 3075 3427 3131 καὶ
3460 3080 3566 3131 τῶν
3627 3077 3768 3149 αὖτῷ
3796 3071 3892 3132 διὰ.

2230 3167 2466 3239 πονηρᾶς
2535 3161 2771 3241 πράξεως
2825 3163 3258 3245 υἱοθετουμένων,
3320 3164 3411 3220 τὸν
3468 3160 3520 3228 ἐξ
3576 3163 3750 3244 ἀρχῆς
3792 3163 3895 3220 κό-

495 3228 557 3315 in
585 3254 918 3335 exemplum
971 3260 1333 3333 proponerrt
1379 3228 1477 3333 qui
1510 3252 1582 3313 ab
1613 3253 1781 3315 initio
1810 3255 2015 3316 mundi
2046 3275 2149 3336 per

2234 3228 2384 3325 σμου¹
2428 3248 2510 3310 διὰ
2566 3228 2671 3307 τῶν
2746 3258 2994 3331 πονηρῶν
3050 3252 3219 3333 ἔργων
3242 3228 3345 3315 ἐἷς
3404 3252 3586 3309 τέκνον
3612 3228 3623 3243 ⁸
3646 3228 3897 3332 ἀποδρα-

498 3343 651 3403 mala
709 3361 891 3422 opera
949 3341 1190 3419 maligni
1240 3341 1397 3401 ﬁlius
1453 3342 1657 3403 evasit.
1691 3342 2011 3404 Absolutus
2040 3363 2148 3406 au-

2234 3340 2401 3414 μόντα
2444 3340 2533 3396 τοῦ
2574 3340 2828 3420 πονηροῦ,
2861 3339 3194 3420 παράδειγμα
3219 3338 3631 3421 παραϐαλέσθαι.
3666 3339 3888 3409 Ἀπηλ-

498 3440 613 3492 tem
669 3450 704 3493 a
764 3430 903 3493 Cain
962 3439 1023 3492 et
1074 3431 1159 3491 eis
1210 3431 1308 3510 qui
1358 3431 1516 3492 hunc
1547 3431 1844 3492 imitantes
1875 3432 2146 3494 eamdem

2234 3426 2498 3505 λαγμένος
2524 3427 2578 3485 δὲ
2607 3430 2699 3486 τοῦ
2727 3430 2883 3511 Κάϊν,
2948 3432 3035 3487 καὶ
3087 3436 3192 3487 τῶν
3250 3433 3307 3488 o'i
3361 3440 3544 3491 τοῦτον
3597 3430 3888 3501 ζηλοῦντες

495 3539 629 3580 cum
649 3520 779 3599 ipso
794 3518 1094 3599 accipiunt
1110 3518 1787 3593 hmreditatem,rursum
1801 3521 1869 3582 ad
1886 3523 2149 3583 dilectio-

2234 3516 2589 3597 κληρονομεῖν
2635 3518 2846 3599 ἔχουσι,
2906 3518 3063 3576 πάλιν
3125 3518 3410 3599 ἀνατρέχει
3467 3518 3555 3576 ἐπὶ
3609 3520 3706 3587 τὴν
3738 3518 3888 3597 ἀγα-

495 3627 630 3669 nem
654 3608 931 3679 recurrit,
966 3608 1289 3668 ostendens
1305 3618 1521 3688 quanta
1546 3608 1700 3669 bona
1720 3629 1787 3670 ex
1811 3609 1938 3689 ipsa
1954 3612 2149 3674 conti-

2234 3629 2365 3679 πην,
2425 3609 2513 3664 καὶ
2582 3606 2682 3664 ὅσα
2763 3607 2823 3664 ἐκ
2891 3610 3087 3676 ταύτης
3142 3605 3473 3685 συμϐέϐηκεν
3530 3608 3722 3687 ἀγαθὰ,
3792 3610 3892 3666 καί

491 3696 687 3776 gerint
715 3716 727 3758 :
770 3706 827 3757 et
857 3697 1001 3758 dicit
1023 3696 1179 3777 quod
1211 3697 1458 3759 dilectio
1492 3699 1786 3777 persuasit
1812 3699 2062 3779 Domino
2089 3709 2149 3761 ut

2234 3717 2415 3775 φησιν,
2459 3694 2539 3752 ὅτι
2596 3699 2630 3765 ἡ
2687 3693 2871 3775 ἀγάπη
2922 3698 3052 3778 ὑπὲρ
3113 3700 3269 3773 ἡμῶν
3323 3696 3499 3754 ἔπεισε
3555 3700 3648 3754 τὸν
3692 3698 3891 3777 Κύριον

495 3804 600 3865 pro
626 3786 794 3846 nobis
816 3785 1073 3846 animam
1101 3804 1270 3848 suam
1297 3795 1632 3866 poneret,et
1652 3787 1810 3867 quod
1830 3788 2149 3849 hocexem-

2234 3785 2328 3851 τὴν
2353 3784 2538 3864 ψυχὴν
2591 3790 2712 3844 ὐτεῦ
2741 3786 2940 3862 θεῖναι,
2975 3789 3064 3843 καὶ
3095 3785 3176 3843 ὅτι
3233 3786 3294 3843 ἐκ
3352 3788 3542 3845 τούτου
3600 3795 3692 3846 τοῦ
3745 3787 3891 3844 ὑπο-

492 3876 590 3955 plo
624 3875 875 3954 permoti
928 3874 1217 3936 debemus
1268 3885 1323 3936 et
1375 3895 1481 3936 nos
1538 3896 1643 3957 pro
1702 3876 1984 3939 fratribus
2013 3879 2144 3940 ani-

2234 3869 2533 3951 δείγματος,
2593 3873 2875 3954 ὀφείλομεν
2931 3877 3018 3931 καὶ
3083 3877 3247 3951 ἡμεῖς
3304 3877 3434 3957 ὑπὲρ
3480 3878 3587 3932 τῶν
3642 3874 3893 3955 ἀδελφῶν

495 3982 649 4023 mam
677 3962 1001 4041 ponere.Et
1022 3963 1300 4043 quoniam
1322 3962 1381 4024 id
1399 3982 1598 4025 rarum
1619 3977 1705 4025 est
1732 3973 1791 4026 et
1817 3966 1966 4044 apud
1996 3985 2147 4046 pau-

2234 3962 2325 4028 τήν
2381 3964 2563 4042 ψυχὴν
2616 3964 2837 4029 τιθέναι,
2900 3966 2998 4021 Καὶ
3047 3962 3230 4032 ἐπειδὴ
3302 3962 3524 4022 σπάνιον
3579 3972 3732 4021 τοῦτο
3796 3967 3897 4022 καὶ

494 4071 617 4124 cos,
649 4052 830 4114 veluti
852 4052 1219 4113 exhortando
1251 4053 1434 4133 ipsos,
1470 4072 1502 4114 a
1535 4053 1937 4116 mediocribus
1969 4054 2147 4117 rebus

2234 4050 2354 4128 παρ’
2440 4050 2661 4133 ὀλίγοις,
2752 4055 2933 4131 ὡσπερ
3012 4051 3273 4129 ἐντρέπων
3344 4054 3529 4118 αὐτοὺς
3590 4053 3696 4110 ἀπὸ
3776 4056 3894 4111 τῶν

490 4139 1187 4219 incipitadmonitionem
1212 4140 1486 4202 fraternae
1512 4142 1816 4203 charitatis
1839 4142 2148 4225 facere,ita

2234 4140 2591 4219 μετριωτέρων
2654 4140 2876 4221 ἄρχεται
2933 4142 3030 4209 τὴν
3088 4141 3423 4221 παράκλησιν
3487 4148 3586 4209 τῆς
3630 4140 3894 4222 φιλαδελ-

493 4229 927 4309 quodammodo
960 4248 1300 4291 sermonem
1318 4231 1644 4310 disponens
1672 4250 1684 4294 :
1711 4231 2008 4302 Quiddico
2043 4252 2148 4312 pro

2234 4227 2350 4307 φίας
2380 4233 2674 4301 ποιεῖσθαι,
2708 4230 2873 4296 οὕτως
2900 4252 3016 4294 πως
3072 4232 3163 4287 τὸν
3207 4230 3364 4310 λόγον
3421 4233 3713 4307 οἰκονομῶν
3745 4249 3762 4267 ⁶
3826 4235 3897 4292 Τί

488 4317 775 4379 fratribus
800 4318 1028 4379 animas
1053 4338 1275 4399 ponere
1299 4322 1323 4381 Υ
1346 4322 1580 4400 quando
1606 4322 1874 4383 videmus
1896 4324 2149 4385 nonnul-

2234 4339 2373 4396 φημι
2416 4318 2514 4385 τὴν
2575 4320 2760 4399 ψυχὴν
2818 4320 2947 4400 ὑπὲρ
3001 4327 3108 4377 τῶν
3150 4319 3391 4400 ἀδελφῶν
3447 4320 3693 4402 τιθέναι,
3751 4319 3896 4379 ὅπου

493 4406 674 4467 losne
698 4407 1104 4467 necessarium
1140 4409 1378 4488 quidem
1406 4429 1574 4471 usum
1613 4410 1890 4472 fratribus
1920 4411 2149 4473 subrui-

2239 4408 2465 4484 ὁρῶμεν,
2526 4407 2663 4482 μηδὲ
2704 4410 2802 4476 τὴν
2858 4415 2964 4465 τῶν
3033 4409 3332 4488 ἀναγκαίων
3391 4411 3574 4490 χρείαν
3631 4408 3896 4478 ἀναπλη-

493 4495 781 4572 nistrare;
848 4515 1042 4576 neque
1096 4517 1198 4558 eos
1256 4500 1387 4561 dico
1419 4500 1521 4579 qni
1572 4509 1629 4561 et
1669 4500 1780 4579 ipsi
1814 4511 1987 4579 egent
2022 4501 2149 4563 vitae

2235 4496 2448 4573 ρουντάς
2480 4518 2625 4562 τινας
2655 4505 2759 4554 τῶν
2791 4496 3029 4578 ἀδελφῶν
3064 4514 3079 4528 ⁸
3139 4500 3227 4556 καὶ
3294 4499 3354 4555 οὔ
3397 4500 3516 4563 τοὺς
3562 4499 3674 4575 βίου
3703 4502 3897 4557 σπανί-

495 4584 874 4658 necessariis,
911 4586 1014 4646 sed
1070 4587 1171 4666 qui
1200 4588 1374 4649 etiam
1416 4588 1635 4650 divitiis
1664 4590 1987 4651 abundant.
2030 4601 2148 4651 toto

493 4672 924 4753 propemodum
952 4675 1528 4757 mundo.Propterea
1551 4678 2147 4758 pudeﬁant,quoniam

494 4764 542 4821 si
578 4761 637 4821 in
669 4761 760 4822 his
818 4761 1085 4824 minimis
1130 4764 1357 4826 viscera
1389 4766 1789 4837 occlUserunt,
1830 4777 1888 4827 et
1918 4768 2149 4848 seipsos

489 4849 771 4928 indignos
820 4853 1209 4913 ostenderunt
1262 4874 1330 4916 ac
1391 4874 1601 4916 vacuos
1656 4855 1757 4916 Dei
1804 4856 2145 4933 dilectione,

493 4938 777 5018 quidnam
829 4939 888 4999 in
952 4959 1015 5001 re
1078 4943 1285 5022 majori
1350 4944 1725 5017 exhiberent,
1763 4964 1977 5026 nempe
2009 4965 2145 5007 cum

495 5027 872 5088 moriendum
908 5044 1064 5091 esset
1095 5050 1200 5110 pro
1261 5032 1543 5093 fratribus
1565 5039 1592 5095 ?
1650 5033 1878 5096 Deinde
1910 5044 1965 5094 et
1988 5035 2146 5097 aliud

495 5116 804 5195 subjungit
835 5137 950 5197 quo
985 5138 1087 5178 eos
1144 5122 1510 5202 exhortetur,
1546 5121 1648 5201 qui
1696 5122 1876 5185 verb)
1905 5123 2144 5203 quidem

491 5203 878 5293 dilectionem
912 5206 1373 5291 susciperint,ac
1402 5211 1528 5272 sola
1552 5212 1750 5290 lingua
1778 5222 2143 5293 prazslarent,

492 5299 551 5352 et
598 5292 717 5354 ait:
764 5319 786 5347 ιι
824 5292 1261 5394 Nediligamus
1308 5299 1487 5362 verbo
1520 5301 1660 5360 584
1696 5310 1761 5376 et.
1780 5292 2005 5382 lingua,
2042 5303 2143 5363 sed

491 5399 677 5461 opere
699 5399 769 5442 ac
800 5392 1049 5445 veritate

2232 4590 2416 4653 ζοντας
2461 4585 2624 4664 λέγω,
2669 4585 2806 4647 ἀλλὰ
2861 4590 2948 4644 καὶ
2990 4588 3111 4652 τοὺς
3156 4586 3280 4645 ὅλον
3311 4589 3404 4643 τὸν
3458 4589 3659 4651 κόσμον
3688 4585 3895 4668 σχεδὸν

2231 4672 2446 4753 ὕπαρξιν
2516 4674 2741 4755 ἔχοντας
2799 4675 3045 4757 πλούτου,
3111 4678 3210 4733 Διά
3263 4676 3449 4734 τούτου
3518 4679 3894 4755 αἰσχυνέσθω-

2232 4784 2353 4842 σαν,
2415 4763 2495 4820 ὅτι
2554 4767 2598 4820 εἰ
2670 4766 2785 4845 περὶ
2840 4767 2905 4821 τὰ
2968 4766 3131 4845 μικρά
3214 4773 3403 4847 ταῦτα,
3476 4767 3542 4821 τὰ
3597 4765 3898 4845 σπλάγχνα

2231 4850 2574 4926 ἀπέκλεισαν,
2644 4855 2733 4911 καὶ
2812 4853 3048 4920 ἀναξίους
3135 4855 3349 4919 ἑαυτοὺς
3407 4854 3469 4910 ἐκ
3532 4855 3718 4912 τούτου
3773 4854 3896 4912 ἀπ-

2232 4940 2453 5021 έφηναν,
2485 4944 2572 4999 καὶ
2622 4941 2888 5007 διακένους
2937 4945 3037 5012 τῆς
3096 4946 3188 5002 τοῦ
3243 4952 3375 5003 Θεοῦ
3423 4944 3657 5020 ἀγάπης,
3718 4943 3768 5000 τί
3824 4942 3893 5002 ἂν

2233 5032 2349 5108 περὶ
2379 5033 2438 5087 τὸ
2497 5040 2681 5108 μεῖζον
2739 5040 2832 5089 τοῦ
2888 5037 3283 5113 προαποθανεῖν
3339 5040 3446 5090 τῶν
3489 5032 3726 5113 ἀδελφῶν
3788 5032 3896 5090 ἐπ-

2233 5117 2535 5202 εδείξαντος
2588 5122 2723 5178 Εἶτα
2780 5123 2866 5178 καὶ
2909 5120 3039 5179 ἄλλο
3091 5123 3424 5202 ἐντρεπτικὸν
3481 5126 3652 5181 αὐτῶν
3695 5122 3895 5203 ἐπιφέ-

2232 5230 2331 5285 ρει,
2393 5211 2498 5266 τῶν
2556 5210 2972 5292 ἀποδεχομένων
3031 5214 3127 5289 μὲν
3184 5212 3240 5269 ἐν
3302 5212 3449 5291 λόγῳ
3517 5213 3615 5279 τὴν
3674 5212 3899 5291 ἀγάπην

2232 5300 2318 5355 καὶ
2362 5297 2824 5376 ἐπιδεικνυμένων,
2896 5308 2965 5379 τῇ
3009 5302 3228 5381 γλώσσῃ
3273 5300 3327 5358 δὲ
3384 5302 3547 5379 μόνῃ,
3596 5302 3683 5358 καί
3730 5324 3896 5386 φησι,

2240 5412 2266 5442 (ι
2304 5390 2391 5456 Μὴ
2422 5390 2714 5467 ἀγαπῶμεν
2765 5390 2911 5469 λόγῳ
2954 5395 3041 5449 καὶ
3084 5391 3328 5471 γλώσσῃ,
3387 5390 3509 5448 ἀλλ’
3558 5390 3612 5448 ἐν
3644 5398 3722 5467 τῷ

2233 5481 2322 5537 καὶ
2363 5483 2432 5546 τῆ
2462 5479 2705 5555 ἀληθείᾳ.
2743 5504 2772 5535 »

566 5648 626 5700 8³
658 5648 841 5714 Levit.
878 5669 1008 5732 xxx,
1043 5654 1145 5721 24.
1178 5658 1429 5724 83Joan.
1460 5676 1585 5737 xm,
1622 5661 1723 5724 34.
1754 5660 1818 5711 84
1843 5660 2015 5724 Joan.
2046 5675 2111 5737 v,
2149 5658 2248 5723 34.
