4106 6426
129 371 272 437 65³7
1216 371 1616 437 COMMENT.
1660 374 1745 437 IN
1788 372 2032 435 EPIST.
2081 374 2107 434 Ι
2144 372 2495 439 JOANNIS.
3436 373 3556 438 658

240 526 264 562 α
301 510 401 566 Καὶ
456 507 511 564 ἒν
569 507 740 583 τούτῳ
793 506 1127 588 γινώσκομεν
1166 504 1246 564 ὅτι
1292 508 1352 564 ἐκ
1418 508 1514 577 τῆς
1557 505 1803 575 ἀληθείας

1968 504 2067 579 ΙΠ,
2101 506 2303 570 16-23.
2360 507 2483 569 Per
2510 508 2619 569 hoc
2658 509 3074 587 cognoscimus
3095 506 3257 588 quod
3286 524 3361 569 ea:
3387 506 3555 568 veri-

136 595 343 676 ἐσμὲν,
413 596 502 653 καὶ
577 595 868 678 ἔμπροσθεν
941 598 1096 657 αὐτοῦ
1172 608 1421 674 πείσομεν
1491 599 1584 661 τὰς
1668 618 1801 675 καρ-

1891 593 2069 656 ritate
2097 596 2312 676 simus,
2368 602 2426 659 et
2482 597 2549 658 in
2597 606 2917 677 conspectu
2973 600 3102 675 ejus
3155 596 3552 658 suadebimus

137 683 265 751 δίας
324 686 503 762 ἡμῶν,
581 685 661 743 ὅτι
704 686 792 744 ἐὰν
836 686 1211 765 καταγινώσκῃ
1280 688 1434 763 ἡμῶν
1502 689 1537 756 ἠ
1596 685 1801 766 καρδία,

134 775 349 850 μείζων
418 775 557 832 ἐστὶν
614 778 642 833 ὁ
715 778 845 841 Θεὸς
917 781 1016 843 τῆς
1091 774 1301 856 καρδίας
1356 777 1536 858 ἡμῶν,
1594 778 1683 832 καὶ
1726 799 1806 855 γι-

138 865 351 920 νώσκει
407 865 604 928 πάντα.
666 864 1030 944 Ἀγαππητοὶ,
1064 864 1153 921 ἐὰν
1299 864 1483 944 καρδία
1531 868 1685 941 ἡμῶν
1730 867 1807 941 μὴ

136 953 538 1032 καταγινώσκῃ
620 957 799 1037 ἡμῶν,
870 953 1162 1033 παρῤησίαν
1245 954 1444 1036 ἔχομεν
1514 957 1645 1034 πρὸς
1718 957 1809 1011 τὸν

138 1043 309 1115 Θεὸν,
370 1044 459 1100 καὶ
530 1042 559 1099 ὅ
641 1044 731 1102 ἐὰν
788 1046 1042 1124 αἰτῶμεν,
1101 1042 1440 1121 λαμϐάνομεν
1510 1045 1635 1124 παρ’
1709 1044 1809 1100 αῦ-

140 1133 244 1187 τοῦ
277 1148 293 1162 ⁸
346 1130 425 1187 ὅτι
469 1133 560 1195 τάξ
621 1132 839 1197 ἐντολὰς
882 1135 1041 1190 αὐτοῦ
1088 1141 1375 1215 τηροῦμεν,
1404 1135 1493 1191 καὶ
1523 1135 1589 1190 τὰ
1617 1134 1811 1214 ἀρεστά

139 1220 384 1276 ἐνώπιον
416 1223 574 1278 αὐτοῦ
599 1232 878 1299 ποιοῦμεν.
915 1225 1012 1281 Καὶ
1040 1222 1174 1290 αὕτη
1204 1223 1342 1279 ἐστὶν
1361 1226 1395 1292 ἡ
1418 1222 1608 1290 ἐντολὴ
1629 1222 1806 1297 αὒτοῦ,

138 1307 246 1365 ἵνα
271 1311 642 1389 πιστεύσωμεν
668 1318 745 1388 τῷ
787 1312 1007 1388 ὀνόματι
1062 1318 1154 1368 τοῦ
1209 1315 1365 1370 αὐτοῦ
1426 1304 1597 1380 ἰησοῦ
1641 1320 1809 1393 Χρισ-

138 1420 268 1460 του,
325 1421 353 1452 ι

238 1510 268 1543 α
305 1484 401 1544 Ἐν
452 1488 624 1563 τούτῳ
667 1489 1020 1568 γινώσκομεν.
1063 1514 1090 1546 ι
1127 1489 1216 1549 Ἐν
1246 1490 1345 1547 τίνι
1379 1510 1396 1571 ;
1455 1487 1545 1549 Ἐν
1595 1497 1673 1566 τῷ
1729 1491 1806 1567 μὴ

143 1576 302 1655 λόγῳ
333 1577 565 1657 ἀγαπᾷν,
612 1577 736 1635 ἀλλ’
777 1579 915 1659 ἔργῳ
970 1581 1058 1636 καὶ
1100 1579 1337 1653 ἀληθείᾳ.
1405 1581 1500 1638 Καὶ
1537 1581 1588 1637 τί
1640 1581 1808 1658 γινώ-

143 1687 355 1736 σκομεν
388 1686 404 1747 ;
437 1666 559 1725 ’Ότι
590 1666 652 1724 ἐκ
680 1672 775 1737 τῆς
810 1668 1056 1736 ἀληθείας
1114 1668 1293 1746 ἐσμέν,
1357 1675 1477 1733 Πῶς
1515 1689 1530 1749 ;
1596 1663 1653 1727 Ὀ
1709 1671 1809 1749 γὰρ

1887 682 2167 746 cordibus
2196 687 2453 747 nostris.
2492 684 2803 762 Quoniam
2833 688 2887 748 si
2933 692 3159 767 arguat
3187 704 3292 748 nos
3321 704 3422 748 cor
3450 703 3561 748 no-

1888 780 2108 852 strum,
2132 776 2334 855 major
2359 782 2445 837 est
2482 777 2640 837 Deus
2671 776 2849 837 corde
2877 784 3107 849 nostro,
3141 781 3197 837 et
3227 776 3399 837 novit
3423 793 3553 836 om-

1891 862 2016 923 nia.
2054 864 2444 944 Charissimi,
2474 866 2528 925 si
2557 882 2660 926 cor
2713 872 2991 927 nostrum
3020 882 3143 927 non
3173 872 3389 942 arguat
3419 882 3556 937 nos,

1888 950 2179 1031 ﬁduciam
2206 952 2499 1015 habemus
2552 973 2695 1035 erga
2752 957 2943 1017 Deum
2981 971 2999 1015 :
3032 960 3089 1016 et
3120 954 3427 1033 quidquid
3444 971 3555 1033 pe-

1892 1040 2199 1114 tierimus,
2263 1043 2600 1121 accipimus
2655 1043 2730 1106 ab
2781 1061 2893 1105 eo:
2933 1044 3219 1123 quoniam
3248 1051 3556 1122 prazcepta

1892 1127 2019 1206 ejus
2075 1131 2477 1211 custodimus,
2538 1138 2593 1194 et
2652 1149 2718 1194 ea
2755 1150 2890 1213 qua:
2918 1138 3055 1193 sunt
3081 1134 3320 1212 placita
3350 1148 3556 1193 coram

1892 1234 1961 1277 co
1990 1218 2271 1294 facimus.
2305 1220 2386 1282 Et
2414 1222 2525 1282 hoc
2554 1230 2643 1283 est
2658 1229 3029 1302 praeceptum
3075 1225 3289 1302 ipsius,
3322 1227 3389 1283 ut
3421 1238 3552 1283 cre-

1890 1306 2111 1368 damus
2142 1310 2381 1370 nomini
2410 1308 2568 1371 Filii
2598 1312 2726 1390 ejus
2755 1313 2901 1373 Iesu
2935 1310 3187 1374 Christi.

1977 1503 2006 1543 α
2028 1485 2146 1546 Per
2176 1484 2288 1546 hoc
2315 1487 2792 1565 cognoscimus.»
2828 1489 2944 1550 Per
2963 1487 3107 1568 quid
3128 1487 3153 1549 ’ἶ
3174 1489 3259 1550 Ex
3280 1504 3350 1548 eo
3383 1486 3545 1568 quod

1893 1589 2010 1632 non
2027 1572 2203 1633 verbo
2222 1573 2674 1653 diligamus,sed
2708 1595 2890 1656 Opere
2922 1582 2992 1638 et
3009 1578 3278 1638 veritate.
3305 1580 3377 1639 Et
3408 1577 3552 1650 quid

1893 1662 2359 1740 cognoscimus?
2390 1663 2555 1736 Quod
2590 1685 2659 1726 ex
2691 1666 2935 1728 veritate
2964 1666 3173 1727 simus.
3208 1664 3554 1738 Quomodo?

142 1753 289 1813 ἄλλο
332 1746 432 1833 μὲν
469 1756 663 1838 λέγων,
699 1755 829 1816 ἄλλο
873 1757 927 1815 δὲ
982 1766 1172 1839 ποιῶν,
1234 1767 1311 1835 μὴ
1356 1746 1804 1841 σύμφωνον

1894 1746 2202 1841 Siquidem
2262 1754 2310 1841 is
2368 1754 2469 1833 qui
2527 1754 2686 1815 aliud
2746 1756 2891 1817 dicit
2941 1769 3001 1817 et
3056 1756 3219 1818 aliud
3248 1755 3407 1828 facit,
3434 1774 3550 1816 non

142 1852 235 1920 τῷ
261 1844 412 1924 λόγῳ
438 1847 536 1913 τήν
593 1847 801 1927 πρᾶξιν,
862 1849 1092 1925 ψεύστης
1149 1838 1259 1905 ἐστὶ
1329 1851 1417 1906 καὶ
1474 1838 1567 1905 οῦκ
1608 1838 1804 1920 ἀληθή.

1894 1838 2123 1899 habens
2153 1840 2522 1904 conformem
2557 1844 2820 1905 sermoni
2852 1843 3434 1917 actionem,mendax
3462 1852 3552 1905 est

149 1958 183 1989 ι
240 1936 341 1991 Καὶ
372 1932 662 2014 ἔμπροσθεν
705 1938 862 1993 αὒτοῦ
892 1937 1140 2013 πείσομεν
1183 1938 1275 2003 τάς
1319 1935 1531 2016 καρδίας
1560 1939 1736 2013 ἡμῶν.
1777 1962 1801 1993 ι

1893 1936 1950 1986 et
1983 1946 2099 1988 non
2134 1946 2329 1993 verax.
2372 1954 2395 1986 (ι
2436 1932 2510 1991 Et
2541 1931 2601 1991 in
2653 1942 2973 2014 conspectu
3000 1935 3133 2014 ejus
3164 1932 3551 1994 suadebimus

144 2022 326 2080 Τοῦτό
355 2046 538 2103 φησιν,
569 2022 648 2080 ὅτι
684 2027 782 2081 Διά
811 2027 1014 2106 τούτου,
1077 2024 1162 2083 διὰ
1207 2049 1298 2083 του
1329 2025 1607 2093 ἀληθεύειν
1643 2024 1804 2107 (ἀλη-

1893 2016 2175 2077 cordibus
2207 2018 2489 2082 nostris.»
2522 2018 2585 2081 Id
2613 2028 2701 2083 est
2731 2023 2887 2103 quod
2920 2022 3250 2102 dicit,quod
3281 2040 3388 2102 per
3412 2023 3547 2095 hoc,

142 2112 411 2185 θεύσομεν
462 2110 517 2169 δὲ
573 2111 699 2169 ὅταν
767 2115 904 2173 κατά
958 2117 1079 2178 τοὺς
1148 2113 1337 2193 λόγους
1410 2116 1497 2171 καὶ
1562 2116 1629 2170 τὰ
1685 2114 1804 2194 ἔργα

1892 2124 2106 2185 nempe
2138 2108 2297 2186 quod
2330 2127 2571 2170 veraces
2602 2110 2791 2171 simus
2822 2114 3020 2191 (porro
3050 2129 3294 2173 veraces
3325 2111 3552 2172 erimus

140 2197 419 2280 προϐαίνῃ
474 2203 672 2278 ἡμῶν),
759 2204 1011 2280 πείσομεν
1082 2206 1181 2271 τὴν
1254 2201 1546 2270 συνείδησιν
1626 2205 1804 2279 ἡμῶν,

1891 2195 2125 2274 quando
2150 2196 2318 2275 juxta
2342 2216 2648 2259 sermones
2666 2201 3068 2280 processerint
3091 2208 3149 2261 et
3170 2201 3544 2281 opera),sua-

142 2297 329 2348 Τοῦτο
369 2291 470 2371 γὰρ
512 2291 755 2368 βούλεται
813 2291 903 2349 διὰ
974 2293 1087 2365 τοῦ,
1161 2294 1265 2357 Τὰς
1308 2291 1540 2372 καρδίας,
1602 2294 1804 2369 σημαί-

1893 2283 2169 2346 debimus
2195 2287 2576 2350 conscientiae
2600 2290 3005 2369 nostrm,hanc
3026 2290 3182 2351 enim
3213 2288 3551 2367 signiﬁcare

141 2400 287 2439 νειν.
326 2382 423 2439 Καὶ
451 2387 564 2447 πῶς
607 2384 856 2458 πείσομεν
890 2402 906 2463 ;
964 2391 1128 2441 Τοῦτο
1156 2381 1272 2440 καθ’
1316 2383 1529 2447 ἑαυτοὺς
1573 2381 1803 2463 θέμενοι,

1892 2371 2156 2463 vultl’er
2213 2376 2414 2437 corda.
2481 2376 2553 2438 Et
2608 2379 2905 2458 quomodo
2963 2376 3550 2439 suadebimus?Hoc

140 2470 227 2532 ὡς
289 2469 393 2525 ὑπὸ
452 2473 567 2544 Θεῷ
640 2471 857 2551 μάρτυρι
892 2462 1210 2546 γποιούμεθκ
1284 2473 1405 2537 τοὺς
1461 2470 1673 2551 λόγους.
1736 2462 1804 2529 Τδ

1891 2462 2045 2541 apud
2096 2463 2370 2544 nosipsos
2427 2475 2738 2545 ponentes,
2804 2468 2962 2547 quod
3022 2466 3207 2528 veluti
3247 2469 3366 2527 Deo
3401 2474 3549 2527 teste

138 2558 255 2638 γὰρ
303 2556 595 2639 ἔμπροσθεν
624 2571 779 2620 τοῦτο
828 2562 1098 2637 σημαίνει,
1158 2560 1284 2618 Ἐὰν
1338 2563 1460 2642 γὰρ,
1519 2562 1669 2642 φησὶ,
1731 2561 1804 2635 μὴ

1891 2568 2201 2612 sermones
2232 2554 2659 2634 depromimus.
2695 2558 2843 2619 Nam
2875 2556 2934 2616 id
2968 2556 3264 2635 signiﬁcat
3291 2558 3355 2618 In
3377 2573 3548 2615 cons-

138 2646 296 2704 οὕτω
368 2654 626 2724 ποιῶμεν,
686 2648 806 2706 ἀλλ’
876 2652 906 2719 ἦ
978 2648 1295 2729 συνείδησις,
1376 2640 1494 2711 ἦτοι
1534 2640 1582 2719 ἡὴ
1627 2647 1804 2729 καρδία

1894 2649 2067 2729 pectu
2090 2640 2241 2720 ejus,
2276 2642 2399 2703 sive
2430 2663 2626 2706 coram
2663 2664 2755 2708 eo.
2790 2644 3020 2706 Etenim
3056 2646 3105 2707 si
3136 2646 3218 2706 ita
3248 2662 3367 2705 non
3398 2643 3546 2704 faci-

136 2738 336 2810 ἡμῶν,
394 2738 769 2819 καταγινώσκῃ
832 2740 1009 2815 ἡμῶν,
1080 2738 1138 2797 οὗ
1194 2739 1514 2817 λανθάνομεν
1569 2738 1804 2818 ἡμαρτά-

1893 2728 2385 2809 mus,inquit,sed
2409 2733 2775 2795 conscientia
2788 2734 2909 2795 sive
2932 2753 3034 2795 cor
3056 2742 3322 2795 nostrum
3345 2742 3550 2812 arguat

140 2846 362 2888 νοντες.
398 2827 455 2883 Εί
482 2828 581 2905 γὰρ
609 2827 708 2894 τὴν
761 2826 1052 2896 συνείδησιν
1108 2830 1262 2904 ἡμῶν
1315 2830 1580 2909 βραχεῖαν
1623 2828 1802 2900 οὖσαν,

1891 2835 2148 2891 nos,non
2182 2820 2322 2880 latet
2356 2821 2515 2882 illam
2548 2841 2654 2882 nos
2677 2822 3125 2903 peccare.Quod
3158 2823 3210 2884 si
3239 2824 3547 2885 conscien-

139 2918 226 2979 ὡς
305 2914 366 2970 ἐκ
434 2915 663 2997 βραχέος
720 2918 878 2993 ζώου,
937 2918 996 2973 οῦ
1050 2915 1308 2993 δυνάμεθα
1352 2906 1561 2975 ⁷λαθεῖν
1619 2916 1674 2972 ὲν
1731 2923 1804 2991 τῷ

1891 2906 2032 2997 tiam
2092 2918 2378 2997 nostram,
2440 2929 2571 2991 quas
2630 2913 2844 2992 pusilla
2875 2921 2964 2974 est
2993 2918 3195 2993 utpote
3227 2929 3296 2972 ex
3329 2911 3544 2991 pusillo

138 2994 504 3085 ἁμαρτάνειν,
539 2994 767 3080 ⁷⁷πολλῷ
848 3005 1050 3081 μᾶλλον
1115 3008 1206 3063 τὸν
1278 3006 1642 3086 ἀπεριόριστον
1718 3008 1804 3062 καὶ

1891 2994 2151 3071 animali,
2184 2998 2369 3060 latere
2400 3020 2519 3061 non
2565 3002 2931 3081 potest,dum
2993 3019 3328 3082 peccamus,
3360 3000 3544 3061 multo

135 3081 440 3174 πανταχοῦ
466 3095 701 3174 παρόντα
732 3095 861 3152 Θεὸν
903 3096 999 3154 οὒκ
1028 3096 1089 3153 ἂν
1132 3096 1401 3171 λάθοιμεν.
1462 3094 1628 3161 ’Ὁλος
1659 3097 1748 3152 οῦν
1778 3099 1804 3153 ὁ

1896 3085 2077 3163 magis
2107 3085 2295 3148 Deum
2350 3089 2449 3169 qui
2498 3081 3051 3172 incircumscriptus
3082 3101 3140 3152 et
3169 3093 3390 3175 ubique
3421 3099 3537 3165 est,

137 3182 320 3260 λόγος
353 3182 461 3239 ἐστὶ
488 3195 722 3247 τοιοῦτος
754 3208 766 3221 ·
806 3185 995 3243 Τεκνία
1020 3208 1143 3262 μου,
1170 3188 1246 3262 μὴ
1275 3184 1585 3263 ψευδώμεθα
1615 3188 1687 3248 είς
1719 3185 1811 3243 ἀλ-

134 3272 358 3343 λήλους
388 3271 441 3329 ἐν
472 3280 547 3348 τῷ
575 3281 642 3351 τῇ
698 3274 914 3353 γλώσσῃ
959 3276 1097 3351 μόνῃ
1122 3276 1356 3352 ἀγαπᾷν,
1390 3274 1526 3331 ἀλλά
1555 3276 1642 3332 καὶ
1672 3274 1810 3354 ’έργῳ

131 3363 247 3429 τὴν
294 3360 513 3438 ἀγάπην
569 3361 1002 3441 ἐπιδεικνύωμεν.
1062 3362 1149 3422 Ἐν
1212 3366 1380 3440 τούτῳ
1434 3364 1535 3445 γὰρ
1602 3364 1810 3444 γνωσό-

135 3453 291 3526 μεθα
336 3449 418 3506 ὅτι
461 3450 522 3507 ἐκ
561 3457 661 3519 τῆς
706 3451 975 3528 ἀληθείας,
1036 3452 1327 3523 τουτέστιν,
1403 3453 1464 3510 ἐκ
1526 3461 1620 3512 τοῦ
1679 3460 1810 3511 Θεοῦ

129 3541 337 3616 ἐσμεν.
374 3542 473 3598 Καὶ
532 3542 560 3597 ὃ
620 3540 871 3622 λέγομεν,
928 3544 1002 3607 ὡς
1051 3550 1144 3600 τοῦ
1202 3542 1333 3599 Θεοῦ
1394 3543 1806 3607 ἐπισκοποῦντος

129 3628 421 3707 λέγωμεν.
469 3629 575 3688 Οῦκ
624 3628 687 3686 ἂν
744 3629 799 3687 δέ
854 3652 935 3694 τις
978 3632 1290 3712 ἀνάσχοιτο.
1350 3630 1447 3688 κᾶν
1479 3633 1523 3688 εἰ
1551 3637 1655 3689 τῶν
1688 3630 1809 3688 δαι-

129 3718 335 3796 μόνων
387 3716 746 3799 ἀναιδέστερος
787 3722 844 3796 ᾗ,
889 3721 992 3777 ὑπὸ
1047 3725 1163 3793 Θεῷ
1221 3720 1440 3799 μάρτυσι
1497 3721 1805 3795 ψεύσασθαι,

134 3810 205 3867 Εἰ
276 3807 382 3885 γὰρ
441 3807 517 3881 μὴ
575 3810 713 3865 οὕτω
770 3814 1029 3885 ποιῶμεν,
1102 3808 1240 3866 ἀλλά
1308 3807 1572 3887 λεγόντων
1653 3810 1808 3884 ἡμῶν

129 3899 390 3975 ἀγαπᾷν.
462 3899 497 3966 ἡ
575 3896 760 3978 καρδία
813 3900 971 3975 ἡμῶν
1028 3899 1404 3978 καταγινώσκῃ
1461 3900 1615 3974 ἡμῶν
1671 3899 1807 3974 ψεύ-

130 3986 297 4063 δους,
356 3986 749 4067 ἁμαρτάνομεν.
814 3994 984 4070 nec;
1056 3988 1297 4064 Οἰόμενοι
1367 3987 1636 4045 λανθάνειν
1719 3990 1807 4045 τὸν

131 4082 434 4155 πανταχοῦ
484 4077 719 4153 παρόντα
786 4080 938 4149 Θεὸν,
999 4079 1085 4135 καὶ
1139 4076 1255 4135 οῦδὲ
1309 4085 1465 4135 τοῦτο
1520 4076 1802 4152 συνιέντες,

132 4164 227 4221 ὅτι
307 4164 351 4220 εἰ
412 4164 510 4231 τὴν
553 4163 764 4244 καρδίαν
807 4169 964 4243 ἡμῶν
1007 4168 1269 4247 βραχεῖαν
1329 4167 1487 4223 οὖσαν
1531 4168 1625 4223 οῦκ
1694 4164 1804 4222 ἔστι

130 4255 338 4311 λαθεῖν
419 4254 584 4328 ἡμᾶς,
671 4258 785 4319 πῶς
867 4258 959 4313 τὸν
1016 4255 1322 4332 μηδαμόθεν
1378 4254 1803 4332 ἀπολειπόμενον

130 4344 413 4416 λήσομεν.
460 4340 639 4406 Οῦτως
668 4343 781 4418 οὖν,
815 4346 996 4425 φησὶν,
1056 4345 1342 4423 ἀγαπητοὶ,
1403 4346 1803 4424 παρεσκευακό-

1892 3192 2270 3256 nequaquam
2295 3177 2481 3239 latere
2521 3186 2732 3257 potest.
2769 3178 2949 3240 Totus
2976 3180 3158 3261 igitur
3182 3200 3380 3244 sermo
3411 3182 3543 3244 talis

1893 3272 1980 3324 est
2009 3265 2236 3326 :Filioli
2276 3268 2417 3342 mei,
2452 3286 2526 3329 ne
2570 3268 2929 3330 mentiamur
2968 3271 3126 3331 inter
3150 3290 3257 3332 nos
3286 3271 3543 3332 invicem

1893 3352 2018 3413 sola
2039 3354 2238 3432 lingua
2259 3355 2694 3435 diligentes.sed
2710 3376 3140 3440 operequoque
3163 3362 3545 3423 ostendamus

1892 3440 2276 3503 dilectionem
2306 3465 2318 3502 :
2357 3463 2461 3525 per
2490 3446 2604 3508 hoc
2627 3446 2787 3508 enim
2820 3468 3254 3528 cognoscemur
3282 3450 3441 3530 quod
3473 3468 3544 3512 ex

1892 3530 2156 3605 veritate,
2192 3535 2305 3593 hoc
2354 3542 2443 3595 est
2468 3552 2537 3596 ex
2568 3534 2690 3597 Deo
2723 3537 2952 3612 simus;
2986 3548 3043 3598 et
3071 3538 3229 3618 quod
3261 3539 3536 3609 dicimus,

1891 3626 2172 3700 tanquam
2194 3620 2316 3682 Deo
2335 3621 3305 3708 inspectoredicamus.Siquidem
3338 3647 3537 3701 nemo,

1892 3708 2125 3770 etiamsi
2154 3710 2528 3773 daemonibus
2559 3723 2715 3775 esset
2745 3715 3171 3795 impudentior,
3210 3716 3365 3778 ferre
3397 3735 3540 3797 pos-

1892 3807 1980 3858 set
1998 3807 2060 3858 ut
2078 3800 2201 3860 Deo
2216 3810 2508 3880 praesente
2526 3814 2584 3863 et
2597 3812 2746 3864 teste
2760 3803 3268 3867 mentiretur.Nisi
3286 3805 3446 3866 enim
3464 3804 3542 3867 ita

1891 3886 2311 3961 l'aciamus,sed
2336 3888 2593 3955 dicendo
2615 3891 2772 3971 quod
2795 3892 3131 3972 diligamus,
3149 3912 3253 3954 cor
3272 3903 3541 3955 nostrum

1891 3985 2096 4055 arguat
2126 3996 2234 4037 nos
2266 3980 2582 4056 mendacii,
2610 4000 2901 4045 erramus.
2936 3981 3241 4054 Quomodo
3268 3982 3540 4047 ‘.’Putan-

1894 4073 1980 4125 tes
1997 4066 2053 4126 id
2080 4066 2262 4128 latere.
2286 4067 2495 4151 Deum,
2528 4074 2626 4151 qui
2653 4071 2872 4152 ubique
2895 4090 3154 4151 praesens
3180 4072 3319 4134 est?
3348 4091 3543 4153 neque

1888 4153 1944 4213 iu
1980 4155 2427 4238 scientes,quod
2447 4161 2498 4220 si
2519 4161 2651 4222 ﬁeri
2673 4180 2789 4222 non
2810 4170 3004 4240 potest
3034 4168 3096 4221 ut
3118 4179 3221 4222 cor
3245 4171 3536 4237 nostrum,

1888 4261 2019 4304 cum
2054 4246 2331 4325 pusillum
2392 4249 2486 4322 sit,
2523 4250 2719 4325 lateat,
2776 4251 2956 4312 multo
3005 4250 3145 4311 585
3174 4250 3373 4313 minus
3405 4269 3538 4312 eum

1886 4333 2207 4422 latebitqui
2222 4355 2514 4418 nusquam
2535 4339 3052 4421 deest.Postquam
3068 4340 3246 4419 igitur
3259 4340 3540 4422 nosipsos

131 4454 234 4494 τες
283 4430 521 4504 ἑαυτοὺς,
571 4421 992 4512 ἀκαταγνώστως
1024 4421 1234 4499 ἑαυτοὺς
1264 4436 1398 4512 ἡμῖν
1432 4437 1614 4498 αὒτοϊς
1645 4435 1699 4491 ἐν
1728 4442 1803 4511 τῷ

1891 4421 1967 4481 ita
1991 4428 2987 4509 prteparaverimus,'charissimi,ut
3009 4449 3127 4491 non
3158 4448 3480 4509 arguamur
3506 4449 3541 4490 a

132 4524 283 4604 πρὸς
342 4521 608 4593 ἀλλήλους
679 4521 925 4591 δηλονότι
997 4523 1292 4601 ἀληθεύειν,
1338 4524 1629 4605 παρρησίαν
1685 4524 1805 4592 ἔξο-

135 4634 243 4689 μεν
300 4613 429 4690 πρὸς
496 4614 588 4669 τὸν
634 4614 784 4691 Θεὸν,
846 4610 937 4695 ἀφ’
977 4616 1046 4681 ἧς
1098 4613 1388 4693 παῤῥησίας
1444 4616 1534 4671 καὶ
1589 4616 1647 4671 ὃν
1715 4617 1806 4672 εὰν

136 4703 481 4777 αἰτήσωμέν,
528 4701 740 4768 πάντως
810 4702 1093 4780 ληψόμεθα
1148 4701 1271 4783 παρ’
1317 4706 1496 4765 αὖτοῦ.
1565 4705 1663 4760 Διὰ
1704 4706 1801 4786 τίς

133 4792 269 4850 Ὀτι
340 4791 436 4855 τάς
518 4789 732 4854 ἐντολὰς
807 4797 963 4853 αὐτοῦ
1031 4801 1314 4873 τηροῦμεν,
1377 4793 1635 4873 Μέγιστον
1705 4796 1805 4874 γὰρ

134 4884 279 4962 πρὸς
351 4881 414 4937 τὸ
475 4882 548 4945 εἰς
602 4883 841 4949 ὑπακοὴν
899 4882 1277 4940 ἐκκαλέσασθαι
1328 4885 1418 4939 τὸν
1474 4884 1798 4964 αἰτούμενον,

133 4976 175 5041 ἦ
218 4970 372 5048 παρά
412 4976 518 5027 τῶν
562 4971 842 5027 αἰτούντων
899 4973 1179 5052 εὖπείθεια,
1226 4972 1351 5028 ὅταν
1398 4972 1801 5053 ἀναμφιλέκτως

137 5062 280 5141 πρὸς
308 5061 366 5115 ὃν
406 5060 441 5128 ἡ
487 5057 704 5126 αἴτησις
733 5060 965 5139 γίνηται.
1012 5059 1162 5119 Ἐπεὶ
1212 5062 1301 5119 οῦν
1345 5063 1431 5118 καὶ
1487 5064 1651 5137 ἡμεῖς
1708 5064 1800 5129 τὰς

134 5148 364 5212 ἐντολὰς
397 5147 553 5206 αὗτοῦ
589 5154 872 5228 τηροῦμεν,
920 5152 1006 5207 καὶ
1048 5151 1112 5207 τὰ
1169 5151 1362 5231 ἀρεστὰ
1405 5153 1546 5226 αῦτῷ
1611 5152 1796 5209 ποιοῦ-

140 5262 272 5318 μεν,
358 5236 628 5317 θαῤῥῶμεν
697 5240 770 5303 ὡς
826 5243 929 5320 οὐχ
983 5241 1300 5319 ἀμάρτωμεν
1356 5241 1454 5309 τὴν
1513 5242 1794 5317 αἰτήσεων,

140 5324 492 5385 ἀντιδίδοσθαι
561 5326 816 5406 φιλούσης
886 5335 986 5398 τῆς
1041 5328 1167 5409 παρ’
1245 5331 1447 5411 ἀμφοῖν
1518 5327 1796 5396 διαθέσεως

140 5416 531 5497 ἀνυπερθέτως,
594 5422 672 5491 τῷ
733 5420 863 5490 πρὸς
922 5419 1020 5475 τὴν
1068 5421 1251 5500 χρείαν
1302 5419 1517 5500 θατέρου
1593 5418 1793 5486 ἥκοντι,

142 5508 242 5565 Καὶ
275 5506 430 5562 ποίαν
458 5503 680 5573 ἐντολὴν
711 5505 868 5566 αὒτοῦ
920 5507 1242 5588 ἐφυλάξαμεν
1277 5529 1293 5589 ;
1355 5510 1465 5577 Τὴν
1514 5508 1789 5588 λέγουσαν,

1891 4512 2063 4573 nobis
2094 4515 2253 4594 ipsis,
2288 4515 2349 4576 in
2382 4536 2451 4578 eo
2483 4517 2754 4579 videlicet
2786 4520 2944 4599 quod
2972 4529 3059 4580 est
3081 4520 3237 4580 inter
3268 4537 3376 4581 nos
3403 4538 3535 4580 mu-

1892 4609 1988 4661 tuo
2017 4620 2149 4663 esse
2172 4608 2718 4681 veraces,ﬁduciam
2746 4608 3095 4670 habebimus
3119 4626 3261 4687 erga
3292 4608 3479 4670 Deum
3517 4628 3532 4667 :

1889 4710 1995 4770 per
2017 4711 2190 4772 quam
2225 4696 2399 4756 etiam
2416 4696 2694 4758 ﬁduciam
2721 4698 3008 4778 quidquid
3036 4698 3532 4778 petierimus,om-

1890 4780 2029 4841 nino
2062 4782 2423 4863 accipiemus
2453 4786 2526 4847 ab
2578 4787 2730 4867 ipso.
2785 4787 2977 4859 Quare
3001 4787 3032 4847 ‘3
3061 4787 3211 4860 Quia
3241 4795 3537 4867 prascepta

1885 4870 2016 4949 ejus
2044 4890 2348 4936 servamus
2386 4893 2399 4937 ε
2434 4876 2491 4936 id
2544 4877 2702 4937 enim
2749 4877 2984 4938 maximi
3017 4875 3308 4939 momenti
3341 4885 3431 4937 est
3458 4877 3532 4937 ad

1882 4962 2327 5040 impetrandum
2362 4965 2516 5043 quod
2552 4969 2789 5046 petitur,
2829 4985 3041 5046 nempe
3072 4964 3411 5026 obedientia
3435 4982 3532 5026 eo-

1882 5066 2015 5110 rum
2064 5053 2163 5133 qui
2197 5062 2423 5133 petunt,
2459 5057 2695 5135 quando
2739 5057 2961 5135 absque
3010 5055 3127 5117 ulla
3161 5054 3531 5117 haesitatione

1882 5137 2225 5225 fuerit,erga
2255 5146 2421 5208 illum
2455 5148 2527 5207 ad
2570 5165 2747 5227 quem
2790 5146 2994 5227 petitio
3026 5144 3322 5225 dirigitur.
3360 5143 3528 5216 Quo-

1885 5232 2040 5295 niam
2068 5255 2207 5315 ergo
2230 5248 2289 5297 et
2315 5255 2422 5300 nos
2451 5237 2578 5315 ejus
2602 5246 2896 5317 praecepta
2913 5236 3365 5304 custodimus,et
3401 5253 3533 5315 quae

1885 5324 2097 5402 p‘acita
2125 5335 2263 5387 sunt
2292 5327 2401 5406 ipsi
2435 5325 2709 5401 facimus,
2735 5326 3107 5388 conﬁdamus
3134 5324 3291 5406 quod
3324 5324 3385 5385 in
3421 5342 3529 5404 pe-

1885 5413 2191 5476 titionibus
2222 5432 2338 5476 non
2369 5424 2554 5475 simus
2586 5415 2816 5495 passuri
2855 5416 3154 5496 repulsam
3183 5433 3195 5477 :
3223 5433 3358 5476 cum
3381 5414 3530 5475 aﬂ‘e-

1882 5513 2012 5565 ctus
2044 5504 2143 5585 qui
2184 5503 2245 5565 in
2272 5505 2539 5584 utrisque
2572 5513 2921 5577 est,summe
2962 5506 3162 5584 cupiat
3193 5502 3532 5583 rependere

132 5597 390 5678 ’Δγάπην
421 5595 578 5678 ἔχετε
634 5596 689 5652 ἐν
740 5596 1022 5670 ἀλλήλοις.
1085 5598 1232 5658 Ἐπεὶ
1261 5600 1349 5658 οὖν
1378 5600 1598 5681 ἔχοντες
1640 5604 1794 5658 ἔντο-

1891 5595 2039 5655 vices
2062 5596 2193 5674 ejus
2224 5593 2381 5673 quod
2417 5593 2490 5656 ad
2549 5610 2718 5653 usum
2760 5595 2921 5655 venit
2964 5593 3230 5657 alterius.
3264 5596 3339 5656 Et
3368 5592 3529 5672 quod

133 5686 264 5768 λην,
301 5685 396 5742 ’ἵνα
425 5694 491 5765 τῇ
522 5688 695 5743 πίστει
725 5692 793 5764 τξ,
849 5687 902 5744 ἐν
937 5697 1014 5765 τῷ
1057 5690 1275 5766 ὀνόματι
1320 5700 1412 5750 τοῦ
1456 5692 1576 5750 Υἱοῧ
1639 5692 1796 5749 αὖτοῦ

1891 5695 2238 5770 ,‘raeceptum
2266 5682 2426 5746 illius
2449 5682 2816 5747 custodimus
2837 5690 2865 5747 ’ἶ
2881 5683 3034 5747 Illud
3058 5682 3215 5767 quod
3234 5684 3334 5747 ait:
3359 5682 3529 5748 Dile-
