4106 6434
449 339 568 403 659
1581 335 1993 401 (ECUMENII
2039 331 2333 393 TRICCA‘J
2379 328 2716 394 EPISGOPI
3738 334 3860 400 660

445 472 701 534 ctionem
721 473 934 535 habete
957 474 1114 534 inter
1130 492 1233 533 vos
1248 479 1510 534 mutuam
1523 466 2089 546 83.Quoniamigitu1

2195 460 2371 531 Ἰησοῦ
2413 472 2636 544 Χριστοῦ
2695 466 2990 545 ἀγαπῶμεν
3072 467 3360 544 ἀλλήλους,
3421 480 3573 531 τοῦτο
3628 491 3858 537 πεποιη-

446 568 691 642 accepto
715 571 1013 643 praecepto
1030 570 1093 623 ut
1116 563 1377 642 fideque
1396 577 1480 622 εει
1499 561 1557 622 in
1580 557 1960 621 nomineFilii
1984 557 2089 635 eju:

2199 573 2391 643 καμεν,
2437 553 2496 610 ἐκ
2537 554 2723 612 τούτου
2764 556 3119 633 γινώσκομεν,
3179 558 3261 615 ὅτι
3323 557 3570 638 ἥδρασται
3630 559 3684 615 ἐν
3711 561 3849 635 ἡμῖν

443 647 585 711 Jesu
609 642 1168 731 Christidiiigamus
1201 667 1309 711 nos
1348 658 1577 728 mutuo,
1613 648 1670 709 id
1705 647 1981 715 fecimus,
2009 665 2089 725 pe;

2196 643 2230 709 ἡ
2285 642 2345 699 ἐκ
2399 650 2492 701 τοῦ
2534 645 2831 720 πνεύματος
2897 649 3055 705 αὐτοῦ
3110 648 3269 727 χάρις
3314 651 3375 705 οὗ
3429 646 3622 705 ἔδωκεν
3688 650 3852 724 ἡμῖν,

447 739 558 800 hoc
591 727 1008 818 cognoscimus
1040 740 1198 822 quod
1234 740 1293 799 in
1341 738 1514 799 nobis
1555 741 1791 798 ﬁrmata
1821 735 1895 796 sit
1926 735 2089 813 grati:

2198 727 2389 788 Ἰστέον
2419 728 2585 822 δὲΔΚτι
2638 731 2917 813 πολλαχοῦ
2960 740 3058 802 τῆς
3112 735 3249 801 Νὲας
3283 742 3514 817 Γραφῆς.
3548 738 3633 818 τὸ,
3667 735 3856 810 Ἐντῷ

446 845 620 907 quam
643 846 749 907 per
767 818 1254 907 Spiritum'suum
1285 826 1447 888 dedit
1473 823 1998 888 nohis.Sciendum
2025 842 2087 884 es

2196 819 2415 894 ὀνόματι
2475 818 2651 888 Ἰησοῦ
2719 824 2810 879 τοῦ
2869 824 3055 902 Κυρίου
3108 825 3263 899 ἡμῶν
3305 827 3586 896 πιστεύειν,
3648 838 3850 888 κεῖται,

445 924 641 976 autem
662 916 817 996 quod
834 914 1810 996 frequenterinNovoTestamento
1834 912 2107 985 habetur,

445 1004 709 1067 Credere
735 1004 794 1065 in
816 1005 1060 1067 nomine
1078 1008 1215 1069 Jesu
1239 1004 1478 1066 Domini
1497 1003 1705 1064 nostri.
1726 1005 1944 1062 Verum
1968 1000 2108 1080 quid

445 1093 559 1154 hoc
598 1112 816 1154 nomen
869 1094 983 1155 sibi
1026 1093 1192 1154 vult?
1225 1092 1377 1155 Nihil
1411 1092 1569 1154 aliud
1623 1110 1797 1171 quam
1831 1089 2103 1169 gloriam,

443 1181 758 1243 consilium
792 1191 893 1244 aut
916 1180 1615 1245 celebritatem.Gloriam
1651 1180 1891 1260 quidem
1925 1186 1983 1240 et
2014 1197 2109 1239 ce-

444 1270 808 1345 lebritatem,
844 1279 910 1333 ut
940 1290 1072 1332 cum
1106 1271 1361 1332 dicitur:
1425 1296 1448 1325 ε
1484 1268 1852 1332 Admirabile
1882 1274 1972 1328 est
1994 1286 2106 1328 no-

444 1378 581 1422 men
607 1373 771 1421 tuum
800 1363 859 1421 in
881 1361 1161 1422 universa
1185 1369 1341 1422 terra
1363 1360 1462 1436 86;
1494 1385 1518 1413 κ
1542 1358 1859 1419 consilium
1882 1375 2021 1418 vero
2049 1364 2106 1417 et

441 1447 831 1530 voluntatem,
871 1458 938 1510 ut
966 1451 1078 1511 hoc
1102 1450 1255 1525 loco,
1291 1458 1347 1511 et
1380 1468 1516 1511 cum
1554 1447 1773 1508 dicitur
1806 1466 1819 1507 :
1863 1472 1887 1501 «
1925 1445 2099 1507 Resi-

441 1538 673 1618 piscite,
716 1547 774 1600 et
804 1537 1132 1618 baptizetur
1161 1538 1571 1619 unusquisque
1603 1546 1860 1597 vestrum
1894 1535 1951 1596 in
1983 1554 2097 1595 no-

444 1626 603 1688 mine
625 1626 1019 1691 DominiJesu
1042 1628 1130 1690 87.
1169 1653 1190 1685 υ
1225 1627 1285 1689 Id
1322 1629 1481 1689 enim
1503 1634 1611 1700 est,
1646 1624 1709 1686 In
1740 1626 1868 1704 ejus
1886 1625 2097 1685 volun—

2195 910 2254 964 Τί
2284 906 2339 963 δὲ
2396 918 2549 967 τοῦτο
2599 912 2877 985 σημαίνειν
2934 910 3230 993 βούλεται;
3291 912 3450 971 Οὐδὲν
3493 913 3622 971 ἄλλο
3672 915 3707 980 ἢ
3748 914 3851 982 τὴν

2192 993 2363 1065 δόξαν,
2412 996 2508 1063 τὴν
2566 996 2842 1077 βούλησιν,
2914 1000 3009 1068 τὴν
3054 999 3292 1058 εὔκλειαν
3328 1017 3342 1032 ⁸
3396 1006 3495 1068 τὴν
3538 1000 3689 1068 δόξαν
3748 1003 3847 1078 μὲν

2191 1085 2277 1140 καὶ
2319 1085 2418 1152 τὴν
2464 1083 2725 1160 εὔκλειαν,
2784 1088 2856 1152 ὡς
2903 1087 2956 1144 ἐν
2999 1095 3099 1169 τῷ,
3142 1113 3162 1143 ιι
3202 1092 3516 1165 Θαυμαστὸν
3556 1092 3620 1146 τὸ
3674 1089 3845 1166 ὄνομά

2192 1196 2285 1229 σου
2314 1173 2367 1230 ἐν
2399 1174 2545 1243 πλση
2590 1182 2657 1251 τῇ
2688 1182 2759 1254 γῇ
2784 1191 2797 1204 ⁸
2856 1199 2883 1231 ι
2935 1180 3036 1245 τὴν
3089 1177 3342 1255 βούλησιν
3371 1176 3448 1253 δὲ,
3481 1182 3554 1243 ὡς
3598 1179 3840 1261 ἐνταῦθα,

2189 1264 2276 1317 καὶ
2332 1263 2387 1319 ἐν
2430 1271 2526 1339 τῷ,
2594 1288 2619 1318 ε
2658 1267 3028 1335 Μετανοήσατε
3086 1269 3174 1324 καὶ
3223 1269 3568 1345 βαπτισθήτω
3622 1268 3843 1332 ἕκαστος

2187 1352 2333 1425 ὑμῶν
2364 1351 2419 1408 ἐν
2461 1360 2538 1427 τῷ
2582 1355 2801 1428 ὀνόματι
2845 1361 2939 1412 τοῦ
3000 1358 3184 1434 Κυρίου
3226 1356 3404 1423 Ἰησοῦ
3437 1376 3450 1389 °
3511 1380 3538 1411 ι
3585 1357 3700 1414 ἀντὶ
3742 1359 3844 1437 γὰρ

2186 1448 2300 1513 τοῦ,
2362 1441 2453 1499 Ἐν
2510 1442 2779 1519 βουλήσει.
2857 1446 2945 1508 Τίς
3031 1442 3082 1500 δὲ
3147 1447 3182 1513 ἡ
3254 1452 3349 1502 τοῦ
3424 1447 3611 1526 Κυρίου
3668 1443 3846 1513 Ἰησοῦ

2182 1529 2481 1611 βούλησις;
2559 1534 2833 1605 Βαπτιζειν
2879 1534 3052 1590 πάντα
3107 1534 3173 1590 τὰ
3230 1533 3353 1601 ’ἑθνη
3411 1536 3485 1600 εἰς
3541 1536 3603 1591 τὸ
3673 1533 3844 1610 ὄνομα

2180 1624 2270 1673 τοῦ
2328 1621 2529 1698 Πατρὸς
2585 1622 2673 1677 καὶ
2734 1625 2824 1678 τοῦ
2898 1625 3016 1679 Υἱοῦ
3074 1624 3160 1679 καὶ
3215 1629 3308 1679 τοῦ
3356 1624 3507 1702 ἁγίου
3590 1625 3842 1700 Πνεῦμα-

440 1722 580 1778 tate.
616 1715 759 1788 Quae
814 1724 903 1778 est
965 1725 1163 1779 autem
1224 1717 1494 1777 voluntas
1554 1714 1790 1777 Domini
1819 1711 2089 1776 Jesu?Ut

2189 1728 2276 1772 τος
2286 1756 2299 1769 .

440 1804 818 1885 baptizentur
846 1823 1056 1867 omnes
1087 1814 1294 1885 gentes
1336 1805 1395 1866 in
1428 1803 1670 1866 nomine
1698 1801 1883 1863 Patris
1913 1810 1970 1863 et
1998 1801 2101 1863 Fi-

436 1892 500 1954 lii
535 1901 596 1955 et
625 1893 883 1973 Spiritus
913 1895 1102 1957 sancti
1131 1896 1218 1954 88.

518 1981 620 2058 ΙΙΙ,
652 1981 751 2044 24.
791 1982 876 2045 Et
929 1984 1266 2065 diligamus
1317 1999 1427 2044 uos
1485 1988 1722 2060 mutuo,
1753 1981 1907 2043 sicut
1937 1980 2103 2044 dedit

429 2079 801 2154 praeceptum
829 2094 855 2144 ;
913 2080 969 2134 et
1000 2076 1107 2151 qui
1132 2079 1335 2135 servat
1381 2079 1678 2149 prmi-epla
1712 2072 1867 2145 ejus,
1901 2072 1963 2130 iu
1994 2070 2100 2132 illo

433 2169 661 2232 manet,
721 2168 777 2223 et
824 2162 951 2241 ipse
1009 2168 1076 2223 in
1139 2180 1227 2224 eo.
1290 2160 1373 2222 Et
1401 2177 1510 2239 per
1538 2160 1650 2220 hoc
1676 2160 1902 2220 scimus
1932 2160 2099 2239 quod

437 2256 680 2313 maneat
712 2256 777 2311 in
806 2251 996 2323 nobis,
1029 2269 1060 2313 θ
1084 2252 1307 2330 spiritu
1335 2266 1500 2328 quem
1534 2248 1701 2309 dedit
1730 2249 1922 2309 nobis.

516 2427 639 2489 Hoc
665 2435 773 2503 est,
799 2428 1017 2503 veraci,
1050 2428 1263 2509 inquit,
1292 2426 1604 2488 aﬂectione
1630 2424 1949 2502 diligamus
1986 2445 2092 2488 nos

430 2526 656 2578 mutuo.
690 2521 761 2579 Et
810 2517 913 2579 ubi
956 2518 1067 2579 hoc
1125 2517 1409 2598 praaccpit
1432 2514 1461 2574 ‘l
1492 2514 1554 2575 In
1583 2514 1674 2575 his
1699 2514 1918 2594 verbis,
1954 2534 2087 2576 cum

429 2606 512 2667 ait
545 2654 561 2678 ,
602 2604 1146 2679 «Quemadmodum
1180 2605 1357 2666 vultis
1388 2612 1447 2665 ut
1468 2603 1685 2665 faciant
1712 2602 1879 2665 vobis
1899 2605 2089 2665 homi-

431 2694 649 2769 nes,ita
676 2704 734 2757 et
757 2714 859 2756 vos
889 2696 1063 2757 facite
1087 2694 1232 2776 ipsis
1251 2694 1335 2755 89.
1360 2719 1385 2749 »
1434 2692 1495 2755 Si
1520 2712 1626 2754 nos
1658 2711 1795 2770 ergo
1816 2692 2089 2772 cupimus

428 2791 491 2845 ut
521 2783 775 2864 proximi
811 2784 997 2846 nostri
1027 2803 1165 2845 vero
1200 2803 1269 2845 ac
1303 2786 1540 2845 sincero
1568 2783 1782 2843 atTectu
1816 2800 1954 2861 erga
1981 2800 2088 2844 nos

429 2872 623 2934 aﬂ‘ecti
654 2872 794 2947 sint,
828 2883 887 2935 et
916 2892 1025 2935 nos
1079 2877 1320 2935 omnino
1353 2872 1632 2933 similiter
1661 2871 1854 2932 aﬂ‘ecli
1899 2871 2087 2933 simus

431 2979 571 3039 erga
600 2961 785 3041 ipsos.
820 2961 985 3035 Quod
1040 2962 1091 3026 si
1143 2964 1256 3024 hoc
1310 2960 1545 3022 Domini
1582 2969 1938 3041 praeceptum
1974 2970 2084 3035 est,

2270 1998 2295 2029 α
2346 1976 2443 2032 Καὶ
2511 1976 2802 2054 ἀγαπῶμεν
2858 1975 3147 2050 ἀλλήλους,
3192 1979 3365 2042 καθὼς
3415 1977 3608 2035 ἔδωκεν
3678 1980 3840 2036 ιντο-

2182 2061 2303 2133 λήν.
2368 2066 2468 2122 Καὶ
2536 2068 2563 2121 ὁ
2643 2067 2819 2146 τῆρῶν
2897 2068 2991 2131 τὰς
3070 2066 3284 2131 ἰντολάς
3357 2068 3516 2124 αὐτοῦ
3584 2068 3637 2123 ἐν
3696 2072 3844 2142 αῦτῴ

2181 2152 2350 2227 μένει,
2428 2156 2514 2210 καὶ
2570 2157 2726 2218 αὐτὸς
2784 2155 2838 2211 ἐν
2906 2160 3071 2230 αὐτῷ.
3145 2158 3243 2214 Καὶ
3313 2157 3367 2213 ἐν
3435 2178 3606 2232 τουτῳ
3671 2157 3845 2233 γινώ-

2181 2258 2401 2321 σκομεν,
2451 2241 2531 2299 ὅτι
2575 2244 2721 2319 μένει
2780 2245 2840 2301 ἐν
2890 2247 3054 2321 ἡμῖν,
3128 2245 3189 2302 ἐκ
3251 2253 3340 2303 τοῦ
3394 2246 3692 2321 πνεύματος
3778 2249 3848 2304 οὗ

2178 2330 2314 2403 ἡμῖν
2361 2330 2578 2395 ἔδωκεν,
2621 2357 2644 2387 η

2254 2416 2397 2476 Ἀντὶ
2424 2427 2536 2494 τοῦ,
2570 2418 2857 2499 Ἀληθινῇ,
2883 2424 3037 2503 φησὶ,
3059 2422 3283 2481 διαθέσει
3304 2424 3514 2502 ἀγαπᾷν
3540 2422 3836 2495 ἀλλήλους.

2177 2509 2272 2565 Καὶ
2325 2508 2428 2564 ποῦ
2476 2519 2677 2589 τοῦτος
2724 2508 2814 2568 Ἐν
2856 2515 2902 2586 ᾧ
2957 2511 3127 2591 ἔλεγε,
3183 2536 3210 2567 α
3261 2514 3444 2576 Καθὼς
3493 2511 3671 2570 θέλετε
3739 2512 3842 2571 ἵνα.

2172 2603 2395 2654 ποιῶσιν
2438 2599 2566 2673 (iva
2620 2601 2667 2656 οἱ
2712 2599 2993 2682 ἅνθρωποι,
3053 2603 3139 2659 καὶ
3180 2604 3336 2678 ὑμεῖς
3390 2602 3587 2677 ὁμοίως
3625 2615 3839 2659 ποιεῖτε

2171 2688 2378 2750 αὐτοῖς.
2421 2711 2442 2741 ι
2484 2689 2542 2744 Εἰ
2584 2687 2673 2744 οῦν
2728 2690 2847 2755 τοὺς
2890 2689 3119 2757 πλησίον
3165 2692 3321 2765 ἡμῶν
3364 2691 3656 2769 ἀγαπῶμεν
3699 2689 3842 2758 ἀλη-

2169 2776 2323 2839 θινῶς
2394 2778 2481 2832 καὶ
2550 2775 2753 2841 ἀδόλως
2812 2781 2940 2857 πρὸς
2997 2782 3143 2855 ἡμᾶς
3199 2777 3515 2859 διακεῖσθαι,
3577 2781 3835 2845 ὡσαύτως

2170 2864 2381 2929 πάντως
2442 2868 2531 2921 καὶ
2585 2868 2749 2942 ἡμεῖς
2809 2866 3169 2943 διατεθείημεν
3230 2870 3360 2947 πρὸς
3419 2868 3626 2933 αὐτούς.
3676 2865 3836 2925 Ἀλλ’

2171 2954 2214 3009 εἰ
2243 2952 2431 3021 ἐντολή
2476 2954 2632 3011 τοῦτο
2696 2966 2787 3015 τοῦ
2849 2958 3033 3036 Κυρίου
3079 2956 3261 3033 πολλῴ
3304 2955 3504 3033 μᾶλλον
3561 2959 3714 3032 ἡμῶν
3770 2956 3837 3014 ὲν

431 3050 615 3112 multo
647 3052 832 3128 magis
862 3052 913 3113 si
965 3071 1073 3114 nos
1123 3053 1185 3113 in
1237 3052 1368 3133 ipso
1420 3068 1768 3111 maneamus
1796 3051 1937 3110 586
1966 3051 2087 3112 sive

2179 3047 2315 3116 αὖτῴ
2373 3044 2639 3119 μενόντων
2695 3043 2812 3112 ἤτοι
2856 3044 3224 3127 ἡδρασμένων,
3283 3048 3372 3103 καὶ
3426 3048 3582 3111 αὐτὸς
3639 3047 3833 3104 ἑαυτὸν

430 3138 649 3201 ﬁrmati
673 3142 880 3216 simus,
914 3139 1044 3222 ipse
1066 3159 1303 3222 quoque
1333 3139 1596 3219 seipsum
1633 3139 1804 3199 nobis
1835 3139 2084 3202 exhibe-

2179 3133 2306 3205 ἡμῖν
2376 3132 2609 3210 παρέξει.
2684 3132 3039 3212 Ἀρνήσασθαι
3081 3137 3181 3214 γαρ
3228 3137 3414 3192 ἑαυτὸν
3471 3135 3530 3191 οὗ
3584 3134 3832 3194 δύναται.

428 3226 514 3289 bit
537 3228 621 3287 90.
656 3228 931 3309 Seipsum
963 3228 1122 3291 enim
1158 3247 1375 3308 negare
1404 3246 1519 3290 non
1553 3234 1747 3308 potest
1785 3228 1933 3290 :hoc
1971 3236 2081 3303 est,

427 3334 548 3377 non
578 3317 838 3378 inaniter
868 3318 1088 3379 assumi
1124 3317 1488 3398 potestdum
1523 3325 1817 3397 praecepta
1846 3335 1951 3377 sua
1973 3336 2085 3377 no-

429 3403 522 3466 bis
555 3406 920 3487 suppeditat,
940 3407 1044 3468 sed
1074 3409 1201 3469 haec
1233 3408 1292 3468 in
1325 3406 1523 3486 seipso
1549 3405 1804 3486 primum
1837 3404 2084 3467 stabilit.

427 3492 488 3556 Si
541 3503 738 3556 autem
769 3497 879 3557 hoc
911 3495 1108 3566 fuerit,
1163 3496 1368 3576 utique
1397 3496 1447 3557 si
1479 3513 1606 3575 qute
1642 3495 1909 3576 praecipit
1938 3495 2084 3556 faci-

428 3600 585 3657 mus,
645 3583 999 3647 habebimus
1056 3593 1115 3647 et
1142 3584 1312 3646 illum
1346 3584 1518 3646 nobis
1560 3583 1990 3664 obsequentem
2023 3584 2084 3645 in

426 3671 702 3734 omnibus
728 3692 860 3754 quat
884 3675 956 3736 ab
990 3693 1059 3735 eo
1095 3674 1536 3753 petierimus,et
1562 3675 1784 3736 donum
1818 3676 1945 3750 ejus
1975 3675 2083 3737 fir-

427 3779 585 3821 mum
619 3762 679 3823 in
711 3762 906 3825 nobis.
961 3763 1109 3826 Tota
1166 3783 1306 3826 vero
1336 3762 1730 3824 ordinationis
1764 3765 2081 3841 sententia,

423 3863 512 3912 est
535 3852 881 3933 hujusmodi
912 3871 924 3915 :
951 3852 1025 3917 Ut
1046 3853 1362 3916 credamus
1383 3852 1608 3914 nomini
1634 3851 1764 3913 Filii
1793 3854 1921 3931 ejus
1943 3857 2082 3915 Jesu

420 3939 733 4022 Christi,et
754 3942 1068 4022 diligamus
1089 3962 1199 4005 nos
1221 3951 1426 4004 mutuo
1451 3961 1611 4007 vere.
1641 3945 1794 4003 sicut
1814 3951 1904 4003 est
1926 3963 2083 4023 prae-

419 4039 658 4110 ceptum
681 4031 993 4112 ejus.Nam
1019 4033 1120 4114 qui
1152 4044 1346 4095 servat
1380 4041 1679 4113 praecepta
1706 4032 1857 4112 ejus,
1895 4033 1955 4093 in
1978 4033 2080 4095 illo

421 4128 624 4181 manet
654 4128 710 4182 et
751 4120 880 4201 ipse
912 4120 972 4181 in
1004 4140 1099 4183 eo.
1139 4124 1254 4185 Per
1285 4123 1399 4182 hoc
1440 4130 1633 4181 autem
1669 4121 1890 4182 scimus
1920 4122 2079 4203 quod

420 4215 656 4268 maneat
685 4207 745 4268 in
778 4209 975 4283 nobis,
1013 4228 1083 4270 ex
1133 4208 1348 4289 spiritu
1380 4210 1506 4271 sive
1536 4209 1693 4270 dono
1726 4209 1881 4289 quod
1917 4210 2082 4271 dedit

2170 3220 2470 3301 Τουτέστιν,
2533 3224 2626 3279 οῦκ
2679 3223 2766 3280 ἐπὶ
2836 3221 3093 3290 διακένοις
3150 3222 3401 3304 ληφθείη,
3460 3225 3555 3287 τὰς
3612 3222 3837 3291 ἒντολὰς

2169 3311 2326 3369 αὐτοῦ
2353 3313 2490 3386 ἡμῖν
2520 3311 2889 3392 ἐπιχορηγῶν,
2942 3312 3060 3370 ἀλλ’
3115 3313 3170 3370 ἐν
3213 3315 3383 3388 ἐαυτῷ
3439 3314 3661 3393 πρώτως
3691 3315 3835 3370 ταύ-

2170 3421 2263 3463 τας
2309 3398 2683 3476 βεϐαιώσαιτο.
2733 3404 2788 3460 Εἰ
2819 3400 2873 3459 δὲ
2916 3410 3092 3483 τοῦτο,
3141 3402 3352 3467 πάντως
3411 3403 3456 3457 εί
3508 3402 3542 3457 ἃ
3590 3400 3836 3459 ἐντέλλεο

2167 3508 2252 3543 ται
2309 3500 2588 3565 ποιοῦμεν,
2647 3490 2829 3567 ἕξομεν
2875 3492 3031 3548 αὐτὸν
3084 3492 3319 3562 ὑπήκοον
3388 3491 3475 3548 καὶ
3548 3492 3713 3566 ἡμεῖς
3766 3494 3833 3549 ἓν

2168 3580 2253 3640 οἷς
2324 3579 2387 3633 ἂν
2432 3581 2684 3660 αἰτῶμεν,
2731 3582 2819 3637 καὶ
2870 3587 2931 3637 τὸ
2989 3582 3231 3661 χάρισμα
3288 3578 3450 3637 αὐτοῦ
3504 3577 3713 3656 βέϐαιον
3768 3579 3835 3636 ἐν

2165 3667 2322 3742 ἡμῖν,
2374 3658 2432 3727 ιο
2467 3666 2521 3723 δὲ
2548 3658 2677 3735 ὅλος
2701 3677 2819 3733 νοῦς
2844 3676 2941 3738 τῆς
2999 3669 3313 3749 συντάξεως,
3360 3678 3597 3734 τοιοῦτος
3633 3687 3645 3700 ,
3696 3658 3833 3728 μινα

2165 3756 2527 3832 πιστεύσωμεν
2568 3764 2644 3834 τῷ
2700 3760 2918 3836 ὀνόματι
2959 3767 3053 3817 τοῦ
3097 3763 3217 3818 Υἱοῦ
3273 3761 3428 3816 αὒτοῦ
3487 3758 3664 3826 Ἰησοῦ
3693 3766 3824 3837 Χριι

2167 3853 2313 3919 στοῦ,
2358 3848 2444 3903 καὶ
2509 3847 2803 3924 ἀγαπῶμεν
2844 3848 3105 3920 ἀλλήλους
3165 3846 3452 3923 ἀληθινῶς,
3505 3850 3578 3912 ὡς
3635 3849 3669 3915 ἡ
3728 3846 3836 3903 ἒν-

2166 3932 2299 4002 τολὴ
2331 3937 2510 3998 αὐτοῦ.
2561 3928 2618 3995 Ὀ
2648 3939 2748 4017 γὰρ
2777 3946 2953 4018 τηρῶν
2982 3940 3075 4002 τὰς
3116 3937 3328 4003 ἐντολὰς
3372 3935 3554 4016 αὐτοῦ,
3610 3937 3664 3993 ἑν
3721 3936 3833 3993 αὖ-

2164 4030 2241 4098 τῷ
2266 4023 2435 4104 μένει,
2482 4027 2569 4083 καὶ
2622 4028 2780 4089 αὖαὸς
2835 4028 2889 4084 ἐν
2933 4027 3097 4101 αὐτῷ.
3160 4025 3255 4084 Ἐκ
3300 4027 3487 4084 τούτου
3534 4024 3588 4082 δὲ
3619 4027 3831 4105 γινώσ-

2163 4136 2324 4188 κομεν
2385 4115 2466 4173 ὅτι
2536 4117 2683 4193 μένει
2743 4119 2797 4175 ἐν
2841 4121 2999 4199 ἡμῖν,
3065 4118 3127 4176 ἐκ
3178 4128 3272 4178 τοῦ
3327 4118 3624 4193 πνεύματος
3696 4116 3830 4185 ἤτοι

2161 4206 2256 4261 τοῦ
2309 4206 2664 4285 χαρίσματος,
2698 4211 2758 4263 οὗ
2810 4211 2945 4284 ἡμῖν
2990 4207 3208 4271 ἔδωκεν,
3269 4205 3492 4265 ’Λσύλου
3536 4208 3636 4289 γὰρ
3692 4209 3830 4264 τού-

419 4293 930 4377 nobis.Siquidem
959 4299 1156 4360 donec
1208 4312 1408 4359 manet
1441 4300 1553 4360 hoc
1589 4298 1836 4378 asylum,
1875 4299 2078 4379 procul

2179 4316 2252 4350 του
2323 4293 2596 4368 μένοντος,
2658 4297 3029 4377 ἀναντίρρητον
3087 4298 3287 4379 ἔχομεν
3341 4298 3401 4353 τὸ
3471 4296 3828 4377 ἀναφαίρετον

418 4382 599 4445 dubio
649 4385 937 4448 babemus
986 4387 1368 4451 inaut‘eribile
1401 4392 1623 4451 donum
1674 4387 1883 4468 ipsius.
1919 4387 2078 4461 Quo-

418 4472 595 4535 modo
627 4482 824 4536 autem
858 4475 972 4537 erit
1023 4476 1251 4557 asylum
1275 4476 1306 4538 ‘?
1336 4476 1397 4540 Si
1432 4477 1580 4539 nihil
1614 4496 1683 4538 ex
1718 4478 2082 4557 negligentia

415 4563 941 4643 praetermittamus
974 4583 1180 4627 eorum
1233 4585 1367 4647 quae
1397 4566 1571 4628 nobis
1608 4567 1890 4647 praecepit
1922 4567 2082 4631 circa

412 4648 795 4715 dilectionem
808 4702 821 4715 .

494 4738 594 4818 IV,
610 4742 733 4806 1-6.
746 4742 1212 4818 Charissimi,ne
1231 4744 1401 4824 cujus
1421 4743 1675 4825 spiritui
1692 4744 2085 4810 credatis.sed

408 4832 670 4913 probate
687 4833 938 4913 spiritus
962 4850 1047 4894 an
1084 4850 1168 4894 ex
1207 4833 1338 4895 Deo
1380 4835 1506 4896 sint
1539 4852 1552 4893 :
1588 4835 1879 4914 quoniam
1903 4830 2083 4899 multi

407 4920 943 5002 pseudopropheta
956 4923 1241 4983 exierunt
1264 4924 1327 4983 in
1354 4923 1668 4985 mundum.
1706 4925 1827 4985 Per
1842 4924 1953 4986 hoc
1976 4942 2076 4986 co-

412 5015 680 5089 gnoscite
691 5010 981 5090 spiritum
1003 5010 1353 5075 Dei.0mm‘s
1364 5014 1616 5090 spiritus
1635 5013 1739 5091 qui
1752 5013 2079 5092 conﬁtetur

409 5096 931 5161 JcsumChristum
947 5100 1016 5160 in
1036 5117 1220 5162 carne
1240 5102 1587 5176 venisse,ea:
1612 5101 1736 5164 Deo
1759 5110 1932 5178 estut
1949 5121 2077 5163 om-

2162 4384 2260 4449 τῆς
2291 4381 2488 4447 δόσεως
2520 4389 2697 4447 αὐτοῦ.
2734 4388 2853 4451 Πῶς
2884 4386 2938 4443 δὲ
2970 4386 3159 4444 ἄσυλον
3188 4386 3336 4444 ἔσται
3372 4405 3387 4465 ;
3424 4385 3513 4443 Ἐν
3538 4392 3615 4461 τῷ
3647 4383 3824 4453 μηδὲν

2162 4473 2306 4547 ἡμᾶς
2344 4471 2738 4552 παραϐλάπτειν
2792 4475 2844 4542 ἐξ
2902 4475 3182 4556 ὀλιγωρίας
3233 4479 3306 4532 ὡν
3355 4473 3648 4532 ἐνετείλατο
3677 4476 3826 4550 ἡμῖν

2162 4560 2281 4638 περὶ
2311 4558 2548 4637 ἀγάπης.

2253 4762 2280 4794 α
2315 4737 2637 4819 Ἀγαπητοὶ,
2684 4746 2761 4821 μὴ
2820 4744 2977 4800 παντὶ
3031 4743 3287 4819 πνεύματι
3330 4742 3625 4815 πιστεύετε,
3678 4739 3827 4800 ἀλλὰ

2164 4830 2474 4907 δοκιμάζετε
2532 4837 2599 4891 τὰ
2686 4837 2959 4910 πνεύματα
3041 4837 3084 4891 εἰ
3168 4834 3228 4891 ὲκ
3296 4843 3389 4892 τοῦ
3446 4842 3579 4892 Θεοῦ
3646 4832 3819 4908 ἐστιν,

2163 4918 2244 4976 ὅτι
2383 4922 2572 4982 πολλοὶ
2697 4923 3125 5005 ψευδοπροφῆται
3246 4922 3615 4991 ἐξεληλύθασιν
3741 4925 3825 4989 εἷς

2160 5010 2251 5064 τὸν
2331 5011 2555 5087 κόσμον.
2670 5014 2760 5073 Ἐν
2843 5015 3013 5086 τούτῳ
3096 5013 3383 5092 γινώσκετε
3465 5015 3527 5069 τὸ
3610 5019 3828 5088 πνεῦμα

2163 5108 2257 5158 τοῦ
2310 5107 2463 5161 Θεοῦ.
2538 5110 2647 5161 [Ιᾶν
2718 5110 2926 5179 πνεῦμα
2981 5104 3008 5159 ὃ
3085 5102 3343 5182 ὁμολογεῖ
3414 5100 3619 5169 Ἰησοῦν
3677 5108 3818 5182 Χρι-

410 5188 509 5249 nis
530 5189 784 5267 spiritus
824 5191 929 5268 qui
955 5205 1075 5250 uon
1094 5191 1640 5269 conﬁteturJesum
1675 5190 1991 5253 Christum
2019 5193 2085 5254 in

2179 5191 2290 5246 ττὸν
2347 5189 2399 5246 ἐν
2463 5194 2613 5270 σαρκὶ
2671 5192 2984 5267 ἐληλυθότα,
3040 5192 3100 5248 ἐκ
3161 5196 3254 5249 τοῦ
3311 5200 3442 5251 Θεοῦ
3511 5191 3640 5254 ἐστι,
3716 5195 3825 5251 Καὶ

408 5291 589 5339 Carne
618 5279 1087 5352 vcnisse,ea:Deo
1104 5297 1225 5341 non
1250 5287 1356 5342 est.
1381 5281 1461 5341 Et
1481 5280 1579 5341 hic
1602 5289 1685 5341 est
1705 5282 1958 5360 spiritus
1981 5280 2081 5343 ille

2179 5284 2269 5334 πᾶν
2352 5287 2557 5356 πνεῦμα
2628 5283 2656 5338 ὃ
2716 5282 2793 5357 μὴ
2852 5279 3109 5360 δ’μολογεῖ
3151 5284 3240 5338 τὸν
3313 5282 3521 5349 ἰησοῦν
3591 5283 3821 5361 Χριστὸν

406 5364 803 5445 Antichristi,
835 5366 910 5429 de
950 5384 1065 5444 quo
1116 5369 1379 5431 audistis
1408 5370 1571 5449 quod
1594 5373 1816 5443 veniat,
1837 5379 1893 5431 et
1916 5387 2081 5432 nunc

2179 5368 2217 5423 ἓν
2288 5371 2439 5445 σαρκὶ
2497 5368 2809 5445 ἐληλυθότα,
2884 5370 2938 5427 ἐν
3007 5372 3097 5427 τοῦ
3155 5379 3285 5428 Θεοῦ
3355 5372 3450 5428 οὒκ
3518 5370 3653 5432 ἔστι.
3714 5375 3824 5431 Καὶ

384 5454 526 5529 jam
548 5458 614 5515 in
637 5456 874 5517 mundo
890 5465 993 5518 est.
1017 5455 1121 5518 Vos
1138 5456 1347 5521 ewDeo
1366 5458 1742 5539 estis,ﬁtioti,
1768 5468 1822 5521 et
1847 5460 2078 5522 vicistis

2179 5458 2313 5515 τοῦτό
2370 5456 2478 5513 ἐστι
2548 5461 2609 5516 τὸ
2678 5463 2771 5517 τοῦ
2840 5459 3231 5539 ’Λντιχρίστου,
3291 5463 3319 5519 ὃ
3380 5460 3647 5529 ἀκηκόατε
3732 5460 3824 5522 ὅτι

471 5627 733 5697 8510M.
758 5649 887 5696 xm.
918 5635 1021 5697 14.
1054 5634 1119 5686 86
1149 5634 1303 5699 Psal.
1336 5652 1464 5719 vm,
1496 5635 1557 5699 2.
1590 5636 1651 5687 87
1674 5635 1807 5705 Act.
1845 5655 1905 5713 ιι,
1932 5638 2034 5703 38.
2069 5635 2563 5715 88Matth.xxvn,
2592 5637 2688 5702 t9.
2715 5637 2781 5689 89
2808 5637 3014 5703 Matth.
3039 5655 3146 5721 v.1,
3181 5637 3277 5704 i2.
3308 5637 3593 5729 90lTim.
3621 5658 3686 5717 ιι,
3713 5643 3820 5710 15.
