4106 6430
201 321 312 389 661
1243 322 1642 388 COMMENT.
1690 321 1773 385 IN
1816 322 1847 382 Ε

1932 319 2060 382 [ST.
2107 321 2134 381 Ι
2175 316 2520 384 JOANNIS.
3471 317 3588 382 662

198 460 443 541 ἔρχεται.
502 459 601 518 Καὶ
668 460 757 516 νῦν
799 457 853 517 ἕν
909 465 987 534 τῷ
1038 457 1227 536 κόσμῳ
1296 457 1435 518 ἐστὶν
1490 456 1616 527 ἤδη.
1666 447 1847 532 ’Υμιτς

1935 470 2056 529 eos,
2089 454 2375 541 quoniam
2393 453 2586 533 major
2619 458 2704 513 est
2746 452 2940 532 quiin
2961 451 3127 513 vobis
3145 458 3233 541 est
3255 468 3442 531 quam
3474 452 3583 532 qui

198 547 259 606 ἐκ
288 540 398 605 τοῦ
453 554 586 608 Θεοῦ
661 547 778 605 ἐστε
834 550 1037 628 τεκνία,
1117 549 1206 605 καὶ
1277 550 1588 620 νενικήκατε
1643 545 1847 617 αὖτοὺς,

1940 542 2005 603 in
2032 542 2281 606 mundo.
2310 540 2441 623 Ipsi
2481 541 2555 604 de
2582 541 2803 603 mundo
2823 541 3132 619 sunt,ideo
3147 540 3218 603 de
3238 544 3463 603 mundo
3484 543 3581 603 lo-

198 637 282 695 ὅτι
329 636 524 713 μείζων
589 636 729 695 ἐστὶν
791 639 819 694 6
876 637 929 694 ἐν
997 637 1154 717 ὑμῖν,
1213 639 1246 706 ἡ
1305 641 1333 695 6
1374 637 1429 694 ὲν
1500 643 1576 712 τῷ
1645 635 1847 709 κόσμῳ.

1938 639 2234 712 quuntur,
2270 638 2331 694 et
2356 630 2617 693 mundus
2638 647 2733 692 eos
2748 629 2939 691 audit.
2963 629 3089 692 Nos
3111 647 3185 693 ea:
3206 629 3335 692 Deo
3351 646 3585 693 sumus.

197 728 356 787 Αῦτοὶ
395 726 457 783 ἐκ
496 733 589 783 τοῦ
658 726 860 803 κόσμου
927 727 1048 805 εἶσὶ,
1118 723 1204 782 διὰ
1271 726 1427 784 τοῦτο
1497 725 1559 782 ἐκ
1606 723 1698 782 τοῦ
1765 722 1847 780 κό-

1939 721 2063 796 Qui
2088 723 2259 784 novit
2283 719 2480 782 Deum
2505 718 2683 781 audit
2729 735 2843 780 uos
2875 738 2894 779 :
2924 720 3029 796 qui
3060 736 3179 780 non
3209 727 3296 780 est
3326 736 3404 781 ea:
3437 718 3587 793 Deo,

200 839 335 892 σμου
415 814 660 896 λαλοῦσι,
771 816 860 873 καὶ
959 817 987 871 6
1090 813 1292 896 κόσμος
1394 816 1563 872 αὐτῶν
1648 813 1847 874 ἀκούει.

1934 828 2057 871 non
2083 811 2257 873 audit
2284 828 2414 873 nos.
2453 809 2570 870 Per
2594 808 2704 870 hoc
2734 809 3148 889 cognoscimus
3174 810 3456 889 spiritum
3486 826 3591 870 ve-

201 897 394 981 ιΕἰμεϊς
435 904 497 960 ἐκ
524 894 652 981 τοῦῌ⁷
673 906 807 962 Θεοῦ
860 903 1042 980 ἐσμεν.
1106 894 1164 961 Ὃ
1219 903 1495 981 γινώσκων
1545 904 1637 960 τὸν
1694 903 1847 973 Θεὸν,

1932 901 2137 961 ritatis
2166 908 2219 962 et
2240 900 2531 980 spiritum
2563 904 2816 960 erroris.

198 994 375 1051 ἀκούει
403 995 579 1070 ἡμῶν.
626 977 717 1059 "0:
746 998 841 1052 οῦκ
879 992 1022 1050 ἔστιν
1064 991 1126 1050 ἐκ
1165 994 1260 1050 τοῦ
1288 1000 1441 1070 Θεοῦ,
1474 994 1567 1051 οῦκ
1596 992 1773 1050 ἀκούει
2008 988 2105 1047 Ἐκ
2133 991 2312 1046 τούτου
2339 991 2669 1068 γινώσκομεν
2698 990 2759 1044 τὸ
2801 988 3006 1064 πνεῦμα
3049 992 3145 1056 τῆς
3177 986 3450 1061 ἀληθείας,
3503 995 3592 1049 καὶ

196 1084 256 1139 τὶ
298 1088 506 1156 πνεῦμα
534 1087 634 1149 τῆς
662 1080 895 1150 πλάνης.
929 1101 959 1142 ι

280 1170 512 1229 Διελθὼν
545 1172 639 1227 τὸν
677 1173 795 1251 περὶ
836 1176 937 1240 τῆς
973 1172 1188 1251 ἀγάπης
1244 1177 1345 1240 τῆς
1399 1173 1472 1237 εἶς
1529 1173 1651 1238 τοὺς
1708 1169 1847 1238 πλη-

2024 1166 2339 1248 Postquam
2370 1186 2710 1230 sermonem
2739 1165 2990 1229 absolvit
3012 1166 3087 1227 de
3113 1164 3434 1227 dilectione
3452 1183 3592 1244 erga

198 1262 306 1319 σίον
348 1260 534 1341 λόγον,
581 1262 670 1318 καὶ
711 1262 907 1329 ταύτην
936 1262 1079 1319 εἶναι
1121 1263 1397 1342 γνώρισμα
1445 1261 1847 1343 ἀποφηνάμενος

1943 1255 2298 1338 proximum,
2358 1265 2414 1319 et
2472 1258 2626 1319 hanc
2671 1256 2959 1318 indicium
2998 1273 3132 1317 esse
3163 1256 3589 1317 demonstravit

197 1356 294 1418 τῆς
323 1349 418 1408 τοῦ
459 1348 1056 1426 Πνεύματοςδιαμονῆς
1088 1354 1150 1407 οὗ
1177 1349 1461 1427 ἐλάϐομεν,
1494 1358 1583 1408 νῦν
1615 1350 1847 1431 ἐπιφέρει

1942 1346 2378 1427 permansionis
2407 1346 2665 1426 Spiritus
2698 1364 2877 1427 quem
2904 1345 3264 1425 accepimus,
3287 1343 3595 1424 subjungit

199 1441 281 1497 κοὶ
320 1436 574 1516 διάκρισιν
628 1444 734 1495 τῶν
788 1436 954 1504 ὅντως
1005 1438 1267 1520 ἀδελφῶν,
1303 1442 1391 1496 καὶ
1418 1443 1525 1497 τῶν
1556 1438 1847 1519 παραπλη-

1944 1453 2102 1496 nunc
2135 1453 2341 1497 eorum
2374 1453 2608 1515 quoque
2651 1433 3139 1515 dijudicationem
3175 1433 3274 1515 qui
3302 1452 3440 1495 vere
3471 1434 3593 1495 fra-

200 1531 343 1604 σίων,
378 1527 471 1584 ’ίνα
503 1528 702 1595 ταύτην
732 1526 976 1608 ἔχοντες,
1015 1529 1093 1604 μὴ
1122 1527 1208 1586 διὰ
1236 1530 1336 1598 τὴν
1368 1528 1589 1597 ἐντολὴν
1622 1530 1720 1597 τὴν
1744 1539 1847 1608 περ

1947 1530 2069 1585 tres
2101 1532 2242 1584 sunt
2273 1532 2328 1584 et
2359 1523 2629 1604 proximi,
2667 1532 2731 1584 ut
2777 1524 2933 1585 hanc
2978 1522 3289 1595 habentes,
3325 1541 3444 1583 non
3494 1522 3596 1583 in-

198 1617 289 1686 τῆς
345 1617 585 1697 ἀγάπης,
666 1617 1066 1697 περιπίπτωμεν
1133 1632 1253 1685 τοϊς
1330 1617 1713 1699 ψευδαδέλφοις
1772 1621 1847 1675 κα

1947 1611 2215 1674 cidamus
2268 1613 2584 1675 occasione
2642 1613 2922 1694 praecepti
3008 1612 3083 1673 de
3165 1611 3485 1673 dilectione
3536 1612 3597 1673 in

201 1704 644 1783 ψευδαποστόλοις
700 1708 791 1763 καὶ
858 1708 1342 1789 ψευδοπροφήταις,
1409 1710 1667 1789 μεγίστην
1727 1708 1847 1765 ἑαυ-

1941 1700 2121 1763 falsos
2169 1703 2382 1763 fratres
2434 1702 2732 1783 falsosque
2787 1701 3088 1782 apostolos
3137 1708 3195 1762 et
3242 1701 3420 1761 falsos
3452 1719 3595 1781 pro-

199 1809 312 1861 τοῖς
336 1793 543 1873 βλάϐην
574 1796 635 1853 ἐκ
678 1797 865 1854 τούτου
893 1788 1214 1876 πορίζοντες,
1254 1788 1346 1861 Ὠς
1376 1799 1475 1878 γὰρ
1534 1797 1847 1878 ὁμοτρόποις

1939 1791 2171 1869 phetas,
2228 1791 2547 1852 maximum
2624 1790 2765 1851 inde
2848 1791 3134 1851 damnum
3214 1789 3387 1851 nobis
3444 1790 3593 1869 ipsis

200 1886 598 1966 περιφυόμενοι,
658 1892 870 1965 πρῶτον
925 1887 1025 1961 μὲν
1084 1887 1300 1950 ἑαυτοὺς
1356 1886 1656 1964 βλάψομεν,
1720 1886 1847 1942 ἀσε-

1935 1879 2073 1940 587
2130 1890 2563 1961 comparantes.
2632 1878 2938 1960 Siquidem
2972 1878 3425 1959 complectendo
3458 1879 3594 1940 illos

199 1972 307 2032 ϐέσι
334 1981 429 2031 τοῦ
471 1972 634 2053 λόγου
688 1976 1136 2043 κεκοινωνηκότες
1179 1982 1278 2044 τῆς
1327 1977 1583 2056 πίστεως,
1642 1978 1729 2032 καὶ
1786 1976 1847 2033 τὰ

1937 1977 2213 2050 tanquam
2244 1969 2529 2031 similium
2580 1979 2783 2031 essent
2833 1986 3092 2045 morum,
3127 1968 3384 2048 primum
3420 1967 3594 2029 nobis

202 2061 322 2140 ἅγια
374 2076 490 2128 τοῖς
547 2064 665 2120 κυσὶ
720 2063 1093 2144 παραθέμενοι,
1155 2063 1343 2122 ἔπειτα
1394 2065 1483 2122 καὶ
1538 2065 1657 2126 τοὺς
1713 2065 1847 2140 ἡμῖν

1932 2058 2079 2139 ipsis
2091 2058 2610 2131 nocebimus,dum
2632 2075 2909 2118 sermone
2922 2056 3438 2118 communicamus
3452 2075 3587 2119 cum

201 2152 650 2233 προσανέχοντας.
713 2143 807 2211 ἨΠ
847 2155 947 2233 γὰρ
1004 2143 1134 2235 πρὸς
1189 2155 1375 2218 αὖτοὺς
1438 2156 1592 2230 ἡμῶν
1663 2153 1847 2233 ἀγάπη

1932 2148 2137 2229 bisqui
2160 2149 2276 2210 ﬁde
2308 2148 2476 2228 impii
2522 2157 2679 2223 sunt,
2714 2156 2772 2209 et
2789 2154 2992 2208 sancta
3014 2146 3260 2208 canibus
3294 2147 3589 2227 proponi-

200 2238 423 2306 πολλοὺς
493 2242 662 2298 πείσει
723 2239 1011 2318 λαμϐάνειν
1071 2245 1260 2307 αὐτοὺς
1313 2240 1675 2318 διδασκάλους,
1762 2235 1847 2299 καὶ

1934 2256 2067 2299 mus
2100 2257 2114 2298 :
2153 2237 2371 2299 deinde
2403 2246 2463 2300 et
2495 2237 2589 2299 his
2611 2236 2712 2317 qui
2764 2255 2882 2297 una
2934 2235 3248 2297 nobiscum
3282 2245 3597 2298 versantur

202 2329 459 2386 πιστεύειν
526 2342 645 2394 τοῖς
700 2328 790 2387 ὑπ’
841 2334 1011 2390 αὐτῶν
1053 2330 1363 2411 λεγομένοις
1419 2330 1733 2413 ἀφυλάκτως
1788 2332 1847 2387 kx

1934 2325 2141 2390 Nostra
2162 2345 2416 2407 namque
2445 2346 2583 2406 erga
2598 2326 2732 2388 illos
2756 2324 2997 2386 dilectio
3012 2324 3286 2386 suadebit
3304 2324 3505 2385 multis
3528 2333 3593 2386 ut

200 2440 292 2487 της
375 2418 491 2495 μεθ’
563 2422 722 2496 ἡμῶν
776 2419 1165 2498 κλεπτομένους
1236 2423 1406 2479 αὐτῶν
1490 2441 1842 2500 συναναστρο-

1932 2414 2099 2500 ipsos
2120 2426 2426 2478 assumant
2442 2414 3240 2499 prmceptores,credantque
3255 2414 3347 2476 his
3369 2433 3499 2495 quas
3518 2415 3596 2476 ab

200 2512 322 2588 φῆς.
357 2508 458 2567 Καὶ
484 2509 537 2565 τί
578 2511 640 2566 τὸ
669 2509 943 2589 γνώρισμα
989 2511 1211 2588 τούτων,
1258 2510 1377 2568 ἀλλ’
1442 2510 1476 2579 ἢ
1531 2510 1687 2569 τοῦτό
1730 2498 1843 2590 φη-

1932 2498 2073 2585 ipsis
2102 2505 2402 2581 dicuntur,
2438 2507 2581 2567 dum
2618 2524 2738 2567 non
2784 2505 3187 2579 observantes,
3225 2504 3403 2565 veluti
3437 2504 3590 2568 furto

200 2616 277 2651 σιν
307 2613 321 2630 ⁸
371 2618 401 2656 ι
434 2603 546 2655 Πᾶν
574 2607 781 2673 πνεῦμα
823 2599 852 2654 ὃ
881 2598 1163 2679 ὁμολογεῖ.
1203 2624 1230 2655 ι
1294 2606 1404 2657 Πᾶν
1462 2607 1691 2678 πνεῦμα,
1726 2597 1846 2665 ἤτοι

1932 2593 2205 2657 subducti
2258 2602 2396 2656 sunt
2455 2604 2699 2676 propter
2756 2595 2994 2656 illorum
3047 2593 3582 2669 conversationem,

199 2686 517 2769 προφητείας
572 2687 611 2756 ἢ
682 2687 888 2763 ἀξίωμα
944 2688 1273 2762 ἀποστολῆς,
1331 2690 1359 2746 ὃ
1423 2687 1683 2767 ὁμολογεῖ
1736 2686 1847 2745 Κύ-

1932 2702 2107 2763 quam
2139 2684 2364 2746 habent
2392 2684 2729 2761 nobiscum,
2764 2692 2822 2746 et
2867 2683 3025 2766 quod
3069 2683 3144 2743 sit
3176 2683 3389 2744 horum
3422 2682 3588 2743 indi—

200 2795 302 2860 ριον
332 2776 543 2845 Ἰησοῦν
586 2776 642 2832 ἐν
671 2778 823 2857 σαρκὶ
878 2777 1196 2860 ἐληλυθότα,
1255 2779 1317 2835 ἐκ
1354 2785 1447 2835 τοῦ
1498 2784 1630 2835 Θεοῦ
1683 2776 1847 2837 ἐστιν.

1934 2773 2269 2853 cium,dicit
2293 2775 2404 2836 hoc
2425 2791 2556 2835 esse
2579 2773 2737 2855 quod
2759 2777 3029 2854 sequitur
3050 2772 3322 2834 :oOmnis
3344 2772 3588 2853 spiritus

199 2856 258 2924 "0
313 2864 367 2922 δὲ
424 2876 580 2926 τοῦτο
636 2867 715 2943 μὴ
744 2856 749 2857 ί
781 2865 1065 2946 ὁμολογεῖ,
1123 2856 1191 2923 ἐκ
1239 2874 1332 2924 τοῦ
1376 2875 1507 2925 Θεοῦ
1548 2866 1643 2923 οὒκ
1683 2864 1846 2936 ἔστιν,

1935 2863 2034 2945 qui
2065 2864 2441 2927 conﬁtetur.»
2477 2861 2685 2926 Omnis
2721 2863 2963 2944 spiritus
2986 2862 3118 2923 sive
3144 2861 3468 2942 prophetiae
3491 2861 3585 2923 vel

199 2958 329 3016 ἀλλὰ
355 2958 418 3013 τὸ
475 2954 682 3031 ἀξίωμα
724 2963 879 3012 τοῦτο
923 2954 983 3013 ἐκ
1038 2963 1130 3013 τοῦ
1174 2954 1544 3036 Ἀντιχριστου
1600 2955 1763 3029 ἐστὶν,
1824 2956 1847 3011 ὃ

1934 2952 2292 3033 apostolatus
2322 2952 2597 3033 dignitas,
2639 2972 2771 3033 qua:
2800 2952 3114 3013 conﬁtetur
3134 2950 3449 3013 Dominum
3481 2950 3587 3014 Je-

197 3046 487 3115 ἆκηκόατε,
537 3044 672 3101 Πότε
706 3061 722 3120 ;
769 3042 857 3111 Ἐξ
889 3046 951 3102 οὗ
990 3046 1092 3124 πρὸ
1122 3047 1324 3126 μικρῶν
1353 3044 1554 3123 ἔλεγεν,
1587 3042 1668 3099 ὅτι
1702 3042 1847 3099 Πολ-

1936 3060 2066 3104 sum
2103 3041 2163 3102 in
2195 3059 2372 3103 carne
2401 3041 2657 3116 venisse,
2694 3060 2765 3103 ex
2786 3041 2909 3103 Deo
2932 3049 3055 3102 est:
3083 3059 3215 3121 quae
3243 3049 3437 3101 autem
3472 3040 3586 3103 hoc

200 3135 277 3194 λοὶ
320 3136 683 3215 Ἀντίχριστοι
726 3133 779 3190 ἐν
834 3139 912 3207 τῷ
952 3134 1141 3209 κόσμῳ
1179 3155 1191 3168 ’
1256 3133 1550 3213 τουτέστιν,
1609 3135 1656 3190 οἱ
1715 3131 1847 3210 πρό-

1941 3149 2059 3192 non
2091 3130 2428 3207 conﬁtetur,
2463 3149 2531 3192 ex
2566 3132 2686 3193 Deo
2721 3150 2836 3191 non
2885 3138 2994 3206 est,
3029 3133 3133 3191 sed
3168 3130 3293 3191 haec
3323 3128 3584 3209 dignitas

197 3224 376 3307 δρομοι
439 3234 533 3284 τοῦ
592 3223 983 3304 Ἀντιχρίστου,
1031 3224 1141 3291 Τὴν
1183 3221 1238 3279 δὲ
1293 3222 1585 3302 ὁμολογίαν
1629 3226 1730 3289 τῆς
1761 3238 1847 3289 τοῦ

1940 3238 2008 3280 ex
2034 3219 2401 3281 Antichrtsto
2455 3225 2565 3291 est,
2620 3219 2694 3281 de
2724 3238 2840 3300 quo
2871 3219 3141 3283 audistis.
3175 3218 3421 3307 Quando
3447 3218 3474 3279 ?
3503 3218 3585 3280 Ex

1424 1041 1441 1075 ’

198 3317 378 3393 Κυρίου
423 3313 480 3370 ὲν
537 3315 690 3393 σαρκὶ
745 3313 1055 3393 παρουσίας,
1121 3315 1245 3393 οὐχὶ
1298 3313 1519 3393 γλώσσῃ
1577 3313 1707 3394 φησὶ
1763 3313 1847 3391 γί-

1941 3309 2034 3370 his
2061 3308 2259 3369 verbis
2279 3326 2409 3389 quae
2432 3308 2603 3389 paulo
2637 3316 2772 3370 ante
2820 3307 2987 3383 dixit,
3014 3308 3172 3389 quod
3212 3306 3373 3368 multi
3406 3307 3586 3370 Anti-

199 3408 390 3486 νεσθαι,
441 3401 580 3460 ἀλλᾶ
608 3414 726 3467 τοῖς
758 3401 955 3482 ἔργοις.
991 3408 1114 3468 Πῶς
1151 3423 1167 3485 ς
1202 3396 1295 3467 (Ως
1352 3406 1380 3460 6
1412 3402 1669 3481 μακάρίος
1704 3403 1851 3459 Παῦ-

195 3491 281 3558 λός
308 3515 446 3575 φησι
483 3511 499 3529 ⁶
551 3512 581 3552 ι
613 3493 847 3549 Πάντοτε
875 3493 976 3560 τὴν
1021 3492 1274 3572 νέκρωσιν
1326 3500 1418 3549 τοῦ
1462 3492 1638 3559 Ἰησοῦ
1694 3512 1849 3571 περι-

194 3581 440 3662 φὲροντες
483 3581 537 3639 ὲν
594 3584 671 3656 τῷ
727 3581 956 3657 σώματι,
1017 3580 1112 3638 ’ίνα
1165 3583 1253 3638 καὶ
1294 3583 1329 3649 ἡ
1356 3580 1486 3662 -ζωιὶ
1523 3587 1616 3637 τοῦ
1675 3576 1851 3648 Ἰησοῦ

197 3655 362 3747 ἕν’τῷ
423 3655 651 3746 σώματι
700 3655 854 3738 ἡμῶν
912 3674 1210 3751 φανερωθῇ,
1274 3694 1302 3726 ι
1356 3655 1447 3736 ”Ος
1494 3669 1582 3727 οὗν
1638 3667 1847 3748 ἐνεργὸν

197 3759 308 3841 ἔχει
361 3763 462 3819 τὸν
519 3759 723 3827 Ἰησοῦν
793 3760 882 3817 καὶ
923 3767 1001 3835 τῷ
1047 3760 1236 3836 κόσμῳ
1274 3758 1521 3833 ἀπέθανε,
1590 3760 1678 3815 καὶ
1754 3761 1849 3816 οὒκ

197 3847 267 3906 ἔτι
307 3850 384 3926 τῷ
433 3849 623 3925 κόσμῳ
676 3855 766 3925 ζῇ,
813 3847 951 3905 ἀλλὰ
1020 3853 1098 3923 τῷ
1153 3854 1384 3928 Χριστῷ,
1441 3848 1529 3904 καὶ
1580 3846 1848 3928 περιφέρει

196 3946 394 4015 τοῦτον,
444 3941 543 3997 οῦκ
598 3937 652 3994 ἐν
844 3946 935 3997 τοῦ
998 3945 1223 4017 Χριστοῦ
1274 3936 1437 4013 μόνον
1482 3935 1849 4017 σαρκὶνᾶλλὰ

197 4029 278 4084 καὶ
305 4028 358 4085 ἐν
505 4028 714 4097 ἑαυτοῦ,
777 4029 929 4089 οὗτος
981 4026 1043 4084 ὲκ
1083 4033 1177 4083 τοῦ
1222 4033 1355 4083 Θεοῦ
1409 4025 1574 4088 ἐστιν.
1653 4015 1846 4091 ’Ὅστις

196 4113 247 4173 δὲ
276 4117 398 4198 οὐχὶ
427 4119 664 4197 Χριστῷ,
698 4114 836 4172 ἀλλὰ
890 4123 967 4192 τῷ
1012 4116 1201 4192 κόσμῳ
1255 4117 1343 4192 ζῇ,
1404 4114 1664 4190 τουτέστι,
1724 4128 1846 4179 ταῖς

194 4208 282 4263 τοῦ
341 4207 547 4283 κόσμου
598 4203 961 4279 ἡδυπαθείαις,
1026 4207 1054 4262 6
1122 4214 1358 4268 τοιοῦτος
1439 4208 1531 4263 οῦκ
1588 4204 1730 4261 ἔστιν
1788 4203 1846 4259 ἐκ

1940 3398 2145 3460 christi
2174 3397 2293 3458 sint
2322 3398 2383 3458 in
2446 3398 2684 3469 mundo,
2720 3398 2835 3459 hoc
2860 3409 2949 3458 est
2981 3415 3385 3477 prwcursores
3415 3396 3591 3459 Anti-

1934 3485 2164 3548 christi.
2198 3485 2380 3548 Porro
2413 3486 2848 3550 confessionem
2900 3487 3188 3549 adventus
3210 3485 3445 3548 Domini
3471 3505 3592 3549 non

1933 3576 2134 3656 lingua
2164 3577 2296 3638 ﬁeri
2326 3576 2493 3651 dicit,
2528 3577 2633 3639 sed
2685 3577 2989 3658 operibus.
3028 3576 3338 3649 Quomodo
3362 3576 3393 3637 ‘?
3424 3575 3591 3639 Sicut

1933 3664 2142 3729 beatus
2176 3667 2394 3729 Paulus
2443 3666 2633 3729 dicit:
2676 3690 2704 3721 α
2756 3664 3010 3745 Semper
3060 3666 3586 3728 mortiﬁcationem

1928 3753 2069 3817 Jesu
2105 3755 2167 3817 in
2224 3773 2473 3835 corpore
2521 3755 3035 3826 circumferentes,
3097 3763 3162 3815 ut
3192 3764 3251 3817 et
3296 3755 3413 3817 vita
3440 3753 3588 3817 Jesu

1929 3845 1989 3904 in
2013 3863 2265 3924 corpore
2290 3854 2491 3907 nostro
2515 3853 2797 3925 appareat
2818 3844 2906 3903 9|.
2938 3869 2959 3901 ι
2998 3843 3112 3916 Qui
3134 3843 3311 3923 igitur
3340 3862 3589 3924 operan-

1932 3940 2052 3994 tem
2077 3932 2256 3995 habet
2285 3936 2515 4007 Jesum,
2552 3943 2609 3995 et
2646 3934 2867 3995 mundo
2901 3940 3170 3994 mortuus
3198 3940 3310 4013 est,
3332 3951 3442 3993 nec
3464 3933 3588 4012 jam

1932 4022 2157 4083 mundo
2173 4022 2309 4084 vivit
2327 4022 2429 4084 sed
2459 4022 2721 4092 Christo,
2750 4023 2985 4086 ethunc
3006 4020 3356 4083 circumfert
3376 4039 3495 4083 non
3525 4021 3588 4083 in

1929 4111 2056 4172 sola
2087 4111 2309 4173 Christi
2328 4130 2527 4188 carne,
2565 4130 2769 4172 verum
2793 4112 2971 4173 etiam
2997 4110 3202 4186 insua,
3230 4110 3327 4171 hic
3363 4128 3431 4171 ex
3463 4110 3587 4171 Deo

1931 4211 2043 4264 est.
2079 4200 2361 4282 Quisquis
2383 4209 2579 4263 autem
2611 4220 2727 4262 non
2753 4200 3012 4275 Christo,
3048 4200 3151 4261 sed
3174 4199 3393 4261 mundo
3425 4198 3583 4275 vivit,

196 4304 284 4354 τοῦ
324 4270 482 4355 Θεοῦ.
545 4270 639 4351 Διδ
694 4296 782 4351 καὶ
841 4270 1046 4358 Παῦλός
1105 4315 1267 4374 φησιν
1296 4309 1309 4324 ⁸
1366 4317 1393 4357 α
1458 4283 1640 4352 υΟπου
1673 4315 1733 4373 γε
1792 4293 1845 4349 ἐν

1932 4291 2045 4354 hoc
2077 4270 2165 4351 est
2194 4270 2402 4351 mundi
2436 4290 2856 4371 voluptatibus,
2885 4270 3019 4351 talis
3068 4308 3186 4351 non
3215 4297 3303 4350 est
3333 4307 3405 4350 ex
3436 4270 3581 4351 Deo.

196 4384 316 4458 ὑμῖν
343 4383 511 4464 ἔριδες
539 4384 627 4440 καὶ
682 4382 1045 4464 διχαστασίαι,
1099 4384 1223 4463 οῦχὶ
1268 4383 1509 4463 σαρκικοί
1552 4382 1694 4456 ἐστε,
1760 4404 1794 4438 κ
1816 4385 1847 4438 ιὶ

198 4475 327 4530 κατὰ
382 4473 659 4552 ἄνθρωπον
716 4486 1086 4553 περιπατεῖτε.
1149 4496 1171 4529 ι
1239 4466 1296 4530 Ὀ
1355 4471 1410 4528 δὲ
1452 4472 1589 4529 κατὰ
1654 4468 1848 4550 ἅνθρω-

198 4584 290 4619 πον
342 4568 674 4642 περιπατῶν,
734 4552 940 4637 πνεῦμα
1013 4569 1241 4641 Χριστοῦ
1309 4566 1405 4621 οῦκ
1461 4561 1602 4642 ἔχει.
1664 4552 1721 4619 Ὀ
1792 4559 1848 4617 δὲ

200 4658 416 4729 Χριστοῦ
471 4650 679 4727 πνεῦμα
738 4652 816 4727 μὴ
878 4649 1052 4733 ἔχων,
1120 4652 1415 4725 τουτέστιν,
1480 4654 1508 4708 6
1576 4652 1654 4728 μὴ
1713 4652 1849 4708 κατὰ

198 4743 415 4817 Χριστὸν
470 4746 599 4820 ζῶν,
663 4747 740 4815 τῷ
782 4740 971 4815 κόσμῳ
1013 4742 1278 4821 νεκρώσας
1332 4741 1518 4797 ἑαυτὸν
1574 4739 1842 4812 δηλονότι,

199 4830 343 4893 οὗτος
388 4832 484 4888 οὒκ
526 4828 637 4886 ἔστι
671 4836 917 4904 Χριστοῦ.
973 4849 1001 4888 ι
1036 4828 1125 4887 Ἐν
1156 4837 1234 4906 τῷ
1258 4830 1446 4907 κόσμῳ
1475 4830 1620 4886 εἶναι
1650 4827 1778 4909 ἤδη,
1823 4852 1843 4883 ι

198 4918 284 4973 τὸν
326 4916 697 4997 Ἀντίχριστόν
726 4939 914 4999 φησιν,
944 4920 1004 4975 οῦ
1033 4925 1377 4999 σωματικῶς,
1430 4917 1567 4974 ἀλλὰ
1624 4916 1712 4973 διᾶ
1742 4924 1848 4975 τῶν

203 5006 681 5075 προοδοποιούντων
752 5008 895 5083 αὐτῷ
956 5012 1054 5074 τὴν
1110 5010 1421 5088 παρουσίαν,
1469 5005 1841 5087 ψευδοπροφη-

201 5102 299 5152 τῶν
362 5099 451 5155 καὶ
508 5094 957 5173 ψευδαποστόλων
1021 5099 1111 5154 καὶ
1163 5101 1509 5179 αἱρεσιωτῶν.
1572 5099 1736 5162 Οὗτος
1794 5095 1848 5153 δὲ

204 5185 229 5239 6
281 5184 670 5268 Ἀντίχριστος,
744 5184 1015 5267 ἅνθρωπος
1071 5189 1162 5243 τὸν
1246 5193 1487 5243 Σατανᾶν
1556 5186 1849 5267 περιφέρων

204 5270 365 5355 ἔσται,
426 5275 836 5355 ὑπεραιρόμενος
895 5276 981 5333 ἐπὶ
1047 5277 1221 5334 πάντα
1271 5275 1557 5355 λεγόμενον
1627 5277 1757 5332 Θεὸν
1813 5274 1848 5341 ἣ

204 5360 459 5442 σέϐασμα.
522 5366 616 5422 Διὸ
670 5365 759 5422 καὶ
813 5366 881 5423 τὰ
936 5363 1135 5422 εἴδωλα
1188 5362 1361 5422 σέϐειν
1418 5365 1683 5444 ἂθετήσει,
1764 5366 1849 5428 οῦς

206 5453 359 5518 Θεοῦς
389 5453 711 5534 λεγομένους
767 5454 1055 5531 ἐσήμαινε).
1117 5456 1216 5512 Διὰ
1272 5451 1327 5510 δὲ
1382 5462 1494 5529 τοῦ,
1550 5460 1655 5511 πᾶν
1686 5450 1849 5510 σέϐα-

1930 4377 2070 4440 Ideo
2094 4386 2151 4440 et
2175 4379 2386 4441 Paulus
2408 4379 2520 4440 ait.
2558 4379 2740 4442 «Cum
2763 4381 2824 4440 in
2843 4377 3008 4440 vobis
3030 4378 3148 4439 sint
3170 4377 3584 4440 contentiones

1934 4478 1991 4529 et
2021 4467 2334 4544 factiones,
2394 4487 2594 4531 nonne
2644 4469 2914 4530 carnales
2956 4467 3128 4543 eSIis,
3165 4475 3223 4528 et
3254 4465 3582 4528 secundum

1931 4557 2236 4618 hominem
2261 4556 2702 4621 ambulatis99?
2735 4582 2760 4614 υ
2800 4556 2910 4630 Qui
2936 4574 3075 4617 vero
3109 4556 3436 4617 secundum
3472 4558 3583 4616 ho-

1934 4646 2155 4707 minem
2185 4647 2695 4720 ambulat,Christi
2716 4648 2990 4726 spiritum
3012 4666 3129 4707 non
3155 4644 3331 4706 habet
3349 4645 3434 4719 93,
3472 4646 3585 4707 hoc

1932 4746 2021 4797 est
2053 4735 2152 4816 qui
2186 4755 2305 4799 non
2334 4737 2665 4798 secundum
2698 4736 2996 4798 Christum
3028 4734 3277 4811 vivit,ita
3307 4734 3589 4796 videlicet

1934 4834 1995 4888 ut
2056 4826 2318 4906 seipsum
2370 4825 2591 4887 mundo
2651 4824 3116 4897 mortiﬁcaverit,
3178 4824 3273 4885 hic
3326 4842 3443 4884 non
3492 4832 3585 4884 est

1935 4913 2174 4977 Christi.
2213 4916 2323 4977 «Et
2354 4934 2510 4976 nunc
2532 4914 2658 4994 jam
2719 4914 2777 4975 in
2839 4912 3061 4974 mundo
3091 4919 3240 4973 est.»
3271 4910 3332 4973 In
3362 4911 3580 4973 mundo

1932 5004 2011 5066 ait
2034 5003 2157 5085 jam
2213 5023 2342 5065 esse
2397 5003 2848 5076 Antichristum,
2884 5020 2999 5066 non
3030 5001 3443 5081 corporaliter,
3476 5000 3582 5062 sed

1932 5101 2174 5174 propter
2194 5112 2399 5154 eorum
2426 5092 2795 5177 praesentiam
2822 5092 2922 5173 qui
2944 5091 3094 5152 viam
3118 5090 3203 5151 illi
3225 5097 3579 5171 praeparant,

1936 5201 2149 5262 nempe
2171 5184 2736 5264 pseudoprophetas,
2760 5180 3248 5263 pseudapostolos
3271 5187 3328 5241 et
3349 5180 3585 5241 haereti-

1936 5272 2183 5335 cos.Hic
2201 5279 2398 5334 autem
2423 5272 2821 5335 Antichristus
2842 5271 3019 5332 homo
3040 5269 3153 5333 erit
3175 5268 3276 5351 qui
3300 5268 3580 5331 Satanam

1933 5361 2334 5435 circumferet,
2398 5363 2584 5422 elatus
2629 5361 2914 5423 adversus
2957 5378 3194 5422 omnem
3238 5358 3341 5441 qui
3367 5357 3584 5420 dicitur

1933 5449 2093 5512 Deus
2116 5457 2447 5512 autnumen
2459 5448 2700 5513 94.1deo
2716 5467 2954 5531 quoque
2971 5449 3128 5510 idola
3148 5449 3346 5510 colere
3376 5466 3582 5529 asper-

279 5611 331 5662 9‘
367 5611 417 5676 ιι
448 5612 580 5679 Cor.
617 5630 699 5691 Iv,
739 5614 837 5677 10.
877 5612 940 5666 θ’
969 5612 994 5676 Ι
1022 5611 1159 5676 Cor.
1194 5613 1284 5692 ιὶι,
1317 5612 1376 5676 3.
1423 5613 1489 5665 οὔ
1517 5615 1669 5679 Rom
1702 5630 1829 5691 vm,

1960 5613 2026 5664 9‘
2054 5610 2079 5675 Ι
2107 5609 2319 5675 Thess.
2353 5627 2417 5690 ιι,
2449 5611 2508 5673 4.
