4106 6422
398 305 516 371 663
1523 297 1938 367 (ECUMENII
1983 300 2061 361 TI

2149 299 2278 360 leE
2323 300 2660 363 EPISCOPI
3681 294 3798 360 664

395 440 663 514 nabitur,
692 460 841 522 quos
874 440 993 502 dici
1026 440 1170 501 deos
1191 438 1575 519 signiﬁcavit:
1609 453 1787 513 porro
1809 452 1916 515 per
1941 432 2054 493 hoc

2149 455 2249 508 πμα
2277 436 2366 492 καὶ
2396 435 2485 491 τὸν
2530 436 2939 516 χριστιανισμόν
2976 452 2990 467 ⁸
3048 436 3139 491 καὶ
3197 435 3383 492 ἑαυτὸν
3445 434 3608 508 μόνον
3667 433 3797 489 ἀπο-

402 530 558 611 quod
593 531 789 591 addit°
825 528 1018 592 Omne
1050 546 1291 592 numen.
1330 527 1507 588 etiam
1540 523 2058 588 Christianismum

2149 522 2341 599 φαίνειν
2413 523 2746 603 ἐπιχειρήσει
2832 524 2982 586 Θεόν.
3046 524 3261 587 Τούτοις
3338 524 3618 611 γνωρίσας.
3671 522 3791 584 τοὺς

399 602 732 698 signiﬁcat:
773 628 831 680 et
862 619 1125 697 seipsum
1161 617 1350 678 solum
1394 616 1708 677 conabitur
1741 611 2061 673 ostendere

2149 611 2231 667 :06
2264 612 2448 681 Κυρίου
2477 602 2753 693 προφήτας
2784 615 2872 670 καὶ
2902 612 3253 686 ἀποστόλους,
3287 612 3519 693 ἐπιφέρει
3556 631 3569 644 ’
3608 602 3791 679 ’Υμεῐς

397 709 609 770 Deum.
646 707 757 771 Ubi
793 726 899 788 per
956 707 1082 767 haec
1142 703 1587 785 cognoscendos
1631 698 2060 763 deditDomini

2149 698 2193 755 δὲ
2224 703 2271 756 οἱ
2301 702 2362 758 ἐκ
2417 710 2508 759 τοῦ
2557 703 2687 759 Θεοῦ
2729 702 2900 774 ὄντες,
2951 703 3151 778 τεκνία,
3214 703 3523 771 νενικήκατε
3578 700 3788 776 αὐτοὺς,

397 797 541 858 588
565 798 879 877 propheta‘
906 803 964 857 et
984 796 1309 875 apostolos,
1343 792 1649 872 subiungit
1675 810 1687 854 :
1716 794 1836 854 Vos
1859 796 2058 849 autem

398 904 533 946 cum
561 902 630 945 ex
653 887 775 947 Deo
796 880 1467 962 sitis.ﬁ‘ioli,devicistis
1488 899 1611 951 eos,
1651 897 1867 955 nempe
1894 896 2061 956 pseu—

399 974 821 1054 doprophetas.
844 971 1192 1044 Quomodo?
1216 970 1502 1042 Quoniam
1525 969 1682 1029 Deus
1701 967 1799 1046 qui
1824 965 1882 1027 in
1897 964 2060 1025 vobis

399 1074 509 1137 est,
567 1062 761 1142 major
816 1072 907 1124 est
957 1080 1134 1143 quam
1187 1061 1238 1120 is
1269 1059 1367 1140 qui
1400 1059 1458 1120 in
1491 1058 1712 1118 mundo
1754 1064 1863 1128 est,
1893 1056 2061 1133 juxta

399 1172 573 1234 quem
601 1142 1144 1234 pseuvloprophette
1165 1152 1359 1212 vivere
1375 1150 1679 1229 elegerunt
1696 1147 1945 1209 .Deinrle
1970 1142 2064 1205 his

399 1242 702 1323 subjungit
725 1250 782 1303 et
806 1243 963 1304 aliud
990 1242 1274 1303 indicium
1300 1241 1564 1320 ipsorum
1583 1234 2064 1323 pseudoprophe-

402 1338 591 1392 tarum
606 1331 782 1411 ,quod
802 1330 975 1392 etiam
995 1329 1247 1391 maxime
1260 1322 2061 1404 contristabatsimpliciores

403 1419 744 1481 credentes.
795 1418 1141 1481 Verisimile
1173 1419 1332 1480 enim
1370 1424 1494 1478 erat
1522 1415 1809 1496 quosdam
1846 1413 2056 1473 horum

401 1527 553 1587 ωδε
584 1509 767 1581 ferre,
830 1509 969 1569 dum
1023 1508 1156 1568 illos
1210 1508 1450 1588 quidem
1501 1501 2061 1565 viderentamultis

401 1597 610 1659 haberi
642 1598 700 1658 in
758 1598 972 1678 pretio,
1034 1615 1167 1658 sese
1196 1605 1393 1658 autem
1441 1592 1693 1673 despici,
1728 1601 1787 1653 et
1815 1591 1895 1652 ait
1930 1610 1943 1652 :
1977 1589 2060 1650 Ne

404 1705 661 1748 maerore
692 1686 1037 1748 afﬁciamini
1089 1686 1137 1745 si
1161 1705 1261 1747 vos
1292 1704 1326 1746 a
1358 1684 1558 1745 multis
1579 1678 2056 1749 contemnimini,

402 1775 492 1836 illi
516 1794 653 1836 vero
681 1775 754 1837 ab
778 1777 871 1837 his
891 1774 1516 1838 assumuntur.Simile
1537 1790 1792 1853 namque
1807 1766 2061 1831 accurrit

2149 1790 2280 1843 σμου
2350 1769 2627 1837 λαλοῦντες
2664 1791 2677 1805 ·

2141 788 2258 855 ἤτοι
2288 792 2410 855 τοὺς
2448 790 2911 871 ψευδοπροφήτας.
2957 797 3079 856 Πῶς
3109 810 3125 872 ;
3189 781 3319 849 ιὈτι
3350 794 3377 847 ὁ
3420 789 3473 846 ἐν
3502 792 3630 865 ὑμῖν
3662 790 3792 852 Θεὸς

2142 879 2304 953 μείζω
2333 879 2471 937 ἐστὶν
2501 881 2535 949 ἢ
2563 883 2591 937 ὁ
2615 880 2671 936 ἐν
2719 888 2795 955 τῷ
2856 881 3064 956 κόσμῳ,
3112 878 3229 937 καθ’
3287 882 3345 935 ὃν
3402 882 3449 936 οἱ
3503 876 3795 957 ψευδοπρο-

2140 972 2303 1047 φῆται
2347 975 2442 1045 ζῇν
2501 968 2735 1032 εἴλοντο.
2784 970 2922 1027 Εἶτα
2974 970 3179 1033 τούτοις
3230 967 3463 1048 ἐπιφέρει
3491 969 3580 1024 καὶ
3616 964 3793 1046 ἕτερον

2140 1056 2309 1114 αὐτῶν
2339 1059 2612 1137 γνώρισμα
2652 1065 2758 1115 τῶν
2803 1057 3277 1139 ψευδοπροφητῶν,
3330 1059 3358 1114 ὃ
3418 1056 3649 1133 μάλιστα
3704 1056 3794 1111 καὶ

2146 1146 2267 1208 τοὺς
2345 1146 2730 1225 ήπλουστέρους
2793 1154 2897 1204 τῶν
2943 1155 3143 1205 πιστῶν
3203 1146 3406 1210 ἐλύπει,
3471 1147 3623 1207 Εἰκὸς
3691 1144 3793 1223 γάρ

2145 1256 2289 1298 τινας
2347 1237 2544 1293 τούτων
2602 1239 2690 1294 καὶ
2760 1236 3063 1317 ἀσχάλμειν
3119 1239 3349 1316 ὁρῶντας
3411 1235 3637 1298 ἐκείνους
3695 1234 3791 1310 μὲν

2143 1336 2259 1387 τοῖς
2319 1323 2543 1389 πολλοῖς
2601 1324 3103 1406 περισπουδάστους,
3151 1326 3367 1389 ἑαυτοὺς
3426 1322 3480 1381 δὲ
3519 1345 3794 1403 καταφρο-

2143 1414 2446 1487 νουμένους.
2496 1415 2595 1472 Καί
2622 1437 2751 1495 φησι
2781 1434 2795 1449 ·
2845 1417 2933 1482 Μὴ
2964 1413 3239 1491 λυπεῖσθε,
3272 1417 3315 1471 εἷ
3361 1416 3463 1471 ὑπὸ
3505 1420 3611 1470 τῶν
3653 1411 3796 1469 πολ-

2143 1499 2250 1558 λῶν
2305 1508 2719 1584 καταφρονεῖσθε
2774 1506 2955 1580 ὑμεῖς,
3023 1504 3218 1562 ἐκεῖνοι
3302 1502 3357 1561 δὲ
3438 1506 3542 1561 ὑπὸ
3595 1504 3794 1560 τούτων

2143 1589 2656 1669 προσλαμϐάνονται,
2721 1600 2809 1667 Τῷ
2867 1595 2966 1672 γὰρ
3024 1594 3193 1669 ὁμοίῳ
3250 1595 3311 1650 τὸ
3380 1591 3568 1669 ὅμοιον
3636 1614 3798 1670 προσ-

2144 1679 2348 1761 τρέχει.
2403 1703 2425 1736 α
2463 1685 2618 1742 Αὒτοὶ
2660 1682 2720 1739 ἐκ
2763 1692 2856 1742 106
2908 1684 3110 1759 κόσμου
3163 1684 3282 1758 εἶσὶ,
3339 1684 3428 1739 καὶ
3471 1683 3532 1739 ἐκ
3573 1692 3665 1740 106
3693 1680 3796 1737 κό-

2736 1796 2761 1826 ιι
2848 1772 3107 1845 τουτέστι,
3172 1773 3309 1829 κατά
3376 1772 3473 1836 τὰς
3543 1770 3797 1849 σαρκικάς

401 1865 474 1925 ad
528 1864 641 1926 sibi
694 1865 910 1926 simile.
972 1888 993 1920 ιι
1033 1865 1149 1945 Ipsi
1172 1865 1247 1925 de
1273 1864 1492 1925 mundo
1511 1840 1781 1933 sunt,.et
1820 1858 1954 1920 ideo
1987 1857 2061 1919 de

2149 1856 2417 1932 ἐπιθυμίας
2499 1858 2829 1926 διδάσκοντες
2910 1861 3126 1942 ἔχουσιν
3206 1862 3391 1926 αὐτοὺς
3470 1859 3794 1938 κατηκόους,

403 1955 628 2016 mundo
661 1955 1002 2035 loquuntur.
1060 1980 1082 2013 υ
1120 1954 1233 2035 Ipsi
1289 1955 1361 2015 de
1395 1952 1616 2013 mundo
1649 1958 1806 2025 sunt,
1839 1957 1897 2010 et
1926 1966 2059 2008 cum

400 2043 476 2105 de
499 2045 721 2105 mundo
746 2044 1086 2125 loquantur,
1111 2045 1222 2106 hoc
1247 2044 1526 2123 estjuxta
1540 2040 1809 2103 carnales
1833 2056 2057 2099 concu-

402 2133 728 2211 piscentias
748 2133 1260 2207 doceant,hahent
1283 2132 1442 2213 ipsos
1467 2131 1889 2210 obsequentes,
1921 2144 2063 2206 per-

402 2221 556 2282 versi
582 2240 919 2303 perversos.
943 2221 1063 2283 Nos
1087 2231 1282 2283 autem
1322 2240 1456 2282 eum
1481 2240 1551 2281 ex
1588 2219 1710 2280 Deo
1733 2217 1920 2278 simus
1943 2223 2000 2276 et
2029 2233 2065 2274 a

402 2311 739 2371 carnalibus
762 2310 1270 2390 concupiscentiis
1293 2309 1555 2380 alienati,
1596 2327 1711 2368 non
1745 2321 2064 2385 possumus

403 2396 477 2458 ab
512 2397 657 2477 ipsis
678 2398 1016 2478 recipi.Nos
1045 2407 1241 2459 autem
1268 2397 1436 2459 audit
1481 2397 1581 2457 ille
1606 2397 1703 2475 qui
1730 2403 2064 2474 temperan-

406 2494 501 2547 ter
520 2486 681 2567 vivit,
704 2495 762 2548 et
784 2486 863 2547 ita
884 2487 1065 2548 Deum
1109 2487 1291 2561 novit,
1326 2496 1564 2566 paratus
1589 2483 1855 2563 praebere
1887 2479 2061 2541 nobis

403 2574 697 2637 auditum.
731 2576 870 2638 Ideo
912 2584 970 2636 et
992 2575 1261 2638 Christus
1282 2576 1399 2637 ait:
1433 2574 1959 2645 cQuihabetaures
1990 2571 2061 2631 ad

404 2662 770 2725 audiendum
807 2664 1006 2726 audiat
1027 2664 1124 2725 95:
1153 2689 1179 2719 ι
1217 2665 1542 2725 testiﬁcans
1574 2681 1707 2723 eum
1737 2660 1926 2721 solum
1962 2659 2064 2738 qui

402 2751 474 2811 ad
512 2751 915 2813 obedientiam
949 2763 1312 2833 praeparatus
1366 2761 1454 2813 est
1482 2751 1706 2813 habere
1727 2767 1924 2811 aures.
1959 2747 2062 2808 His

404 2839 704 2902 distinctis
716 2850 1158 2922 consequenter
1175 2842 1483 2923 subjungit
1502 2851 1774 2921 tanquam
1801 2838 2058 2915 sigillum

404 2946 611 2991 eorum
643 2932 921 3011 quzejam
968 2950 1001 2992 a
1052 2950 1116 2994 se
1175 2931 1333 2993 dicta
1385 2939 1543 3004 sunt,
1576 2929 1732 3010 quod
1791 2946 1895 3009 per
1948 2930 2062 2988 hoc

409 3018 653 3101 (nempe
674 3021 831 3101 quod
857 3022 981 3101 jam
1004 3022 1226 3083 dictum
1261 3022 1373 3102 est)
1409 3020 1825 3099 cognoscimus
1846 3016 2062 3097 eosqui

2142 1944 2495 2029 ἐνδιάστροφοι
2539 1948 2962 2031 ἐνδιαστρόφους,
3028 1942 3238 2027 Ὑμεῖς,
3291 1950 3370 2030 δὲ,
3431 1951 3524 2007 ἅτε
3581 1949 3642 2006 ἐκ
3681 1958 3801 2020 τοῦ,

2143 2038 2274 2091 Θεοῦ
2301 2036 2472 2112 ὄντες,
2529 2041 2616 2096 καὶ
2658 2042 2764 2096 τῶν
2822 2047 3092 2115 κοσμικῶν
3152 2041 3439 2116 ἐπιθυμιῶν
3500 2038 3797 2118 ἠλλοτριω-

2144 2122 2316 2199 μένοι,
2366 2125 2714 2207 ἀπαράδεκτοι
2788 2134 2970 2194 αὐτοῖς
3030 2130 3413 2205 καθιστάμεθα,
3489 2127 3697 2186 Ἀκούει
3745 2125 3803 2183 δέ

2143 2216 2298 2289 ἡμῶν
2328 2214 2534 2281 ἐκεῖνος
2584 2220 2613 2273 ὁ
2657 2220 2942 2297 σωφρόνως
2999 2225 3124 2292 ζῶν,
3173 2220 3261 2275 καὶ
3313 2217 3397 2277 διὰ
3455 2224 3611 2276 τοῦτο
3668 2220 3801 2273 Θεὸν

2147 2303 2508 2381 ἐπιγινώσκων
2554 2305 2768 2381 ἕτοιμος
2814 2307 3033 2387 ὑπέχειν
3062 2310 3198 2382 ἡμῖν
3230 2309 3329 2375 τὴν
3360 2309 3550 2377 ἀκοήν,
3589 2309 3681 2363 Διὸ
3710 2304 3804 2361 καὶ

2147 2394 2175 2447 ὁ
2222 2394 2443 2471 Χριστός
2470 2417 2654 2474 φησιν,
2692 2417 2718 2451 ι
2757 2387 2814 2454 Ὀ
2846 2395 2991 2476 ἔχων
3021 2418 3133 2453 ωτα
3178 2397 3407 2477 ἀκούειν,
3454 2396 3714 2475 ἀκουέτω,
3765 2418 3794 2450 ι

2141 2482 2233 2536 τὸν
2289 2483 2419 2560 πρὸς
2490 2484 2779 2541 εὐπείθειαν
2861 2485 3386 2564 παρεσκευασμένον,
3475 2486 3658 2559 ἐκείνῳ
3712 2486 3802 2542 καὶ

2143 2569 2209 2624 τὰ
2236 2569 2347 2625 ὦτα
2392 2579 2668 2650 μαρτυρῶν
2698 2571 2867 2652 ἔχειν,
2929 2580 3103 2630 Ταῦτα
3162 2571 3613 2651 διαστειλάμενος,
3673 2570 3799 2627 ἐπι-

2144 2657 2286 2737 φέρει
2330 2657 2515 2715 λοιπὸν
2584 2663 2657 2723 ὡς
2712 2662 3110 2741 ἐπισφράγισμα
3166 2669 3271 2719 τιον
3316 2661 3609 2742 εἰρημένων
3654 2660 3800 2734 αὒτῷ

2144 2745 2270 2826 ἤδη,
2307 2746 2387 2804 ὅτι
2429 2747 2489 2804 ἐκ
2539 2750 2723 2807 τούτου
2765 2752 3097 2828 γινώσκομεν
3150 2753 3270 2815 τοὺς
3324 2754 3386 2807 τὸ
3449 2752 3657 2826 πνεῦμα
3697 2752 3799 2816 τῆς

2143 2835 2415 2911 ἀληθείας,
2486 2836 2601 2906 ἤτοι
2656 2841 2718 2895 τὸ
2775 2838 2969 2906 ἀληθὲς
3015 2837 3243 2919 ἔχοντας
3299 2841 3589 2921 προφιικὸν
3633 2838 3800 2903 ἂξίωι·

2143 2948 2241 3002 μα,
2286 2929 2374 2983 καὶ
2419 2928 2478 2984 τὸ
2533 2938 2738 3004 πνεῦμα
2777 2931 2839 2985 τὸ
2881 2927 3103 3004 πλάνον,
3160 2931 3221 2985 τὸ
3277 2934 3377 2997 τῆς
3411 2926 3795 3008 ψευδοπροφηο

2141 3019 2308 3079 τείας.

402 3108 679 3188 spiritum
715 3111 979 3172 veritatis
1008 3113 1130 3173 sive
1159 3129 1357 3173 veram
1393 3109 1803 3191 propheticam
1835 3107 2180 3185 dignitatem
2212 3104 2459 3183 habent,
2496 3113 2554 3168 et
2584 3106 2688 3188 qui
2716 3104 2992 3188 spiritum
3035 3105 3258 3169 erroris
3288 3106 3413 3168 sive
3444 3104 3605 3168 falsae
3666 3124 3799 3186 pro-

401 3197 641 3276 phetiae.

1055 3302 1300 3367 CAPUT
1346 3302 1418 3366 V.

524 3406 612 3468 De
641 3407 916 3484 fraterna
947 3408 1255 3470 charitate
1282 3406 1359 3468 ad
1378 3407 1654 3469 divinum
1686 3406 1938 3469 cultum.

485 3505 584 3581 IV,
619 3511 677 3580 7,
719 3510 812 3571 11.
849 3508 1238 3580 Charissimi,
1282 3509 1615 3589 diligamus
1638 3526 1749 3571 nos
1776 3510 2058 3584 invicem,

406 3597 555 3677 quia
576 3596 846 3660 charitas
878 3616 955 3660 ea:
987 3598 1112 3661 Deo
1135 3604 1220 3661 est
1251 3622 1274 3671 ;
1302 3605 1360 3661 et
1391 3600 1589 3660 omnis
1618 3599 1725 3676 qui
1747 3598 1968 3677 diligit,
1989 3615 2065 3659 ea:

404 3686 528 3748 Deo
556 3697 740 3750 natus
768 3697 879 3769 est,
912 3697 968 3753 et
1024 3690 1324 3770 cognoscit
1361 3689 1575 3752 Deum.
1614 3689 1728 3763 Qui
1758 3706 1879 3750 non
1906 3686 2062 3748 dili-

397 3776 509 3857 git.
552 3794 679 3838 non
735 3780 903 3841 novit
961 3778 1157 3840 Deum
1197 3796 1210 3841 :
1247 3780 1533 3856 quoniam
1594 3778 1759 3839 Deus
1802 3778 2065 3839 charitas

400 3874 514 3927 est.
551 3864 675 3928 Per
735 3868 851 3929 hoc
908 3869 1199 3948 apparuit
1252 3868 1524 3929 charitas
1567 3866 1685 3928 Dei
1741 3868 1806 3927 in
1867 3865 2058 3941 nobis,

399 3954 556 4032 quod
585 3954 815 4017 Filium
843 3974 1023 4018 suum
1074 3957 1463 4035 unigenitum
1512 3956 1749 4017 miserit
1805 3955 1967 4016 Deus
1998 3957 2065 4016 in

399 4044 720 4119 mundum,
755 4052 827 4106 ut
885 4050 1167 4107 vivamus
1216 4063 1327 4124 per
1382 4062 1545 4106 eum.
1578 4044 1645 4105 In
1668 4043 1778 4106 hoc
1808 4050 1895 4106 est
1925 4042 2066 4105 589

401 4129 695 4203 charitas,
757 4152 880 4194 non
930 4135 1091 4213 quod
1142 4152 1251 4196 nos
1295 4134 1690 4196 dileacerimus
1723 4132 1934 4206 Deum,
1966 4133 2069 4194 sed

402 4219 564 4299 quod
595 4221 720 4299 ipse
749 4220 1049 4283 dilexerit
1100 4240 1230 4294 nos,
1268 4231 1323 4283 et
1357 4224 1588 4284 miserit
1628 4220 1855 4283 Filium
1886 4240 2066 4283 suum

396 4309 900 4388 propitiationem
953 4329 1066 4391 pro
1116 4314 1376 4391 peccatis
1402 4315 1650 4373 nostris.
1681 4310 2063 4392 Charissimi,

399 4397 568 4458 sisic
600 4396 759 4460 Deus
814 4398 1032 4463 dilexit
1076 4418 1208 4477 nos,
1243 4406 1298 4463 et
1324 4419 1434 4463 nos
1482 4400 1759 4463 debemus
1811 4400 2064 4462 invicem

402 4483 692 4565 diligere.

484 4576 745 4637 Rursum
773 4584 907 4658 post
948 4577 1230 4658 praedicta
1257 4596 1601 4640 sermonem
1634 4577 1709 4639 de
1741 4576 2067 4639 dilectione

2766 3310 3019 3366 ΚΕΦΑΛ.
3070 3294 3152 3367 E'.

2422 3424 2450 3465 ε
2486 3408 2609 3484 Περὶ
2653 3404 2994 3487 φιλαδελφίας
3026 3409 3097 3471 εἰς
3129 3403 3446 3464 θεοσέϐειαν.
3490 3427 3513 3464 ε

2235 3531 2261 3562 ε
2297 3506 2613 3587 ’Λγαπητοὶ,
2664 3510 2957 3589 ἀγαπῶμεν
3025 3509 3312 3581 ἀλλήλους.
3386 3509 3465 3566 ὅτι
3533 3511 3569 3578 ἡ
3616 3508 3800 3587 ἀγάπη

2147 3596 2206 3653 ἐκ
2247 3604 2341 3654 106
2396 3606 2527 3655 Θεοῦ
2582 3599 2717 3659 ἐστι.
2768 3604 2863 3658 Καὶ
2918 3605 3020 3662 πᾶς
3081 3602 3108 3656 ὁ
3164 3600 3387 3678 ἀγαπῶν
3429 3599 3489 3656 ἐκ
3531 3605 3622 3656 τοῦ
3670 3604 3802 3654 Θεοῦ

2146 3686 2481 3768 γεγέννηται,
2521 3692 2609 3745 καὶ
2669 3691 2922 3767 γινώσκει
2975 3690 3064 3744 τὸν
3123 3690 3271 3747 Θεόν.
3339 3680 3395 3747 Ὀ
3442 3690 3519 3765 μὴ
3576 3688 3799 3768 ἀγαπῶν

2147 3780 2240 3834 οὐκ
2309 3774 2447 3854 ἔγνω
2489 3779 2579 3835 τὸν
2641 3781 2791 3852 Θεὸν,
2864 3777 2945 3836 ὅτι
3009 3782 3036 3837 ὁ
3076 3781 3204 3842 Θεὸς
3248 3779 3430 3852 ἀγάπη
3489 3777 3651 3839 ἐστίν,
3712 3775 3801 3834 Ἐν

2147 3866 2313 3940 τούτῳ
2356 3866 2657 3947 ἐφανερώθη
2712 3871 2748 3937 ἡ
2810 3870 2991 3948 άγάπη
3049 3876 3140 3926 τοῦ
3206 3868 3359 3949 Θεοῦ,
3402 3868 3482 3925 ὅτι
3539 3869 3631 3924 τὸν
3679 3868 3800 3923 rt?»

2148 3959 2304 4013 αὒτοῦ
2373 3963 2638 4036 μονογενῆ
2697 3957 3027 4016 ἀπέσταλκεν
3086 3961 3114 4015 ὁ
3185 3960 3315 4020 Θεὸς
3404 3959 3478 4023 εἷς
3546 3957 3637 4013 τὸν
3699 3956 3799 4012 κό-

2149 4066 2302 4119 σμον,
2391 4045 2482 4102 Ἵνα
2565 4048 2813 4122 ζήσωμεν
2889 4047 2957 4104 δι’
3025 4047 3203 4110 αὐτοῦ,
3279 4047 3367 4104 Ἐν
3424 4047 3596 4120 τούτῳ
3661 4045 3800 4101 ἐστὶν

2147 4134 2181 4201 ἡ
2235 4133 2443 4212 ἀγάπη,
2508 4136 2611 4216 οὐχ
2668 4135 2748 4193 ὅτι
2804 4139 2967 4213 ἡμεῖς
3042 4137 3396 4215 ἠγαπήσαμεν
3468 4137 3558 4191 τὸν
3642 4138 3796 4210 Θεὸν,

2148 4220 2266 4277 ἀλλ’
2299 4221 2379 4279 ὅτι
2411 4226 2565 4290 αυτὸς
2593 4226 2872 4303 ἠγάπησεν
2900 4229 3068 4306 ἡμᾶς,
3112 4226 3199 4282 καὶ
3250 4222 3526 4281 ἀπέστειλε
3556 4226 3646 4281 τὸν
3677 4226 3797 4281 Υίὸν

2148 4309 2306 4367 αὒτοῦ
2347 4310 2572 4389 ἱλασμὸν
2600 4315 2718 4393 περῖ
2745 4321 2852 4370 τῶν
2883 4316 3151 4394 ἁμαρτιῶν
3181 4315 3359 4389 ἡμῶν.
3397 4312 3716 4392 Ἀγαπητοὶ,
3752 4317 3797 4371 εἰ

2148 4398 2316 4464 οὕτως
2359 4401 2638 4479 ἠγάπησεν
2692 4404 2833 4479 ἡμᾶς
2888 4406 2917 4461 ὁ
2975 4406 3128 4478 Θεὸς,
3173 4403 3261 4461 καί
3314 4405 3477 4480 ἡμεῖς
3520 4401 3797 4483 ὀφείλομεν

2150 4487 2415 4558 ἀλλήλους
2446 4491 2680 4570 ἀγαπᾷν.
2732 4517 2760 4549 ο

2232 4578 2331 4635 Καὶ
2370 4581 2503 4651 μετά
2533 4588 2696 4638 ταῦτα
2753 4581 3109 4658 ἀναλαμϐάνει
3164 4582 3323 4640 πάλιν
3377 4583 3469 4639 τὸν
3524 4584 3642 4662 περὶ
3696 4583 3796 4649 τῆς

402 4664 675 4727 resumit.
706 4667 851 4728 Cum
870 4667 1027 4727 enim
1049 4668 1410 4729 ostendisset
1434 4687 1611 4748 quem
1634 4676 1903 4748 oporteat
1923 4666 2061 4727 dili-

2151 4664 2365 4743 ἀγάπης
2424 4666 2605 4747 λόγον.
2687 4671 2867 4737 Δείξας
2922 4673 3021 4751 γὰρ
3076 4673 3193 4729 τίνα
3253 4673 3364 4754 χρή
3407 4673 3641 4750 ἀγαπᾷν,
3712 4671 3795 4729 ὅτι

402 4767 569 4842 gere,
605 4772 821 4842 nempe
856 4756 1013 4835 quod
1050 4757 1319 4818 moribns
1353 4757 1714 4829 conformes,
1750 4757 1935 4818 haeret
1969 4757 2061 4817 his

2149 4756 2268 4820 τοὺς
2300 4759 2704 4842 ὁμοιοτρόπους,
2732 4760 2917 4842 ἔχεται
2967 4762 3154 4818 λοιπὸν
3210 4769 3314 4819 τῶν
3363 4760 3415 4827 ἐξ
3471 4762 3673 4842 ἀρχῆς,
3737 4761 3798 4818 ἐκ

402 4840 717 4931 quaeiuitio
738 4843 897 4905 dicta
913 4855 1073 4920 sunt,
1108 4846 1312 4908 dicens
1347 4861 1405 4908 et
1427 4846 1809 4907 dilectionem
1837 4854 1896 4906 rt
1927 4864 2061 4906 cum

2149 4843 2240 4900 106
2281 4852 2410 4902 Θεοῦ
2441 4848 2583 4904 εἶναι
2626 4840 2800 4929 λέγων
2856 4852 2943 4907 καί
2997 4851 3096 4917 τὴν
3154 4852 3367 4931 ἀγάπην
3416 4840 3621 4907 καὶτὸν
3665 4851 3797 4930 ἀγα-

400 4929 502 5018 qui
522 4930 714 5010 diligit
740 4950 809 4995 ex
828 4932 952 4995 Deo
975 4952 1127 5015 esse,
1160 4935 1472 5014 solumque
1497 4955 1630 4996 eum
1660 4936 1757 5016 qui
1783 4935 1969 5014 diligit
1997 4954 2061 4996 ex

2149 4935 2353 5008 πῶντα,
2386 4938 2474 4993 καὶ
2505 4940 2665 5012 μόνον
2694 4951 2881 4999 τοῦτον
2928 4942 3020 4997 τὸν
3064 4941 3351 5018 ἀγαπῶντα
3411 4940 3471 4996 ἐκ
3525 4948 3618 4997 106
3666 4951 3797 5000 Θεοῦ

398 5017 522 5109 Deo
552 5027 755 5109 natum
772 5039 904 5083 esse
922 5042 991 5084 ac
1011 5023 1198 5085 Deum
1220 5043 1584 5105 cognoscere
1611 5044 1624 5087 ;
1646 5044 1780 5085 eum
1805 5043 1941 5085 vero
1966 5023 2061 5104 qui

2151 5028 2516 5100 γεγεννῆσθαι,
2551 5029 2637 5084 καὶ
2668 5029 3033 5108 ἐγιγινώσκειν
3077 5017 3230 5104 Θεὸν,
3262 5032 3352 5086 τὸν
3398 5026 3452 5084 δὲ
3486 5030 3562 5102 μὴ
3597 5028 3793 5109 ἔχοντα

400 5107 749 5196 charitatem
784 5129 901 5172 non
927 5110 1126 5173 habet.
1157 5112 1346 5174 Deum
1376 5113 1556 5175 etiam
1585 5113 1885 5193 ignorare,
1923 5132 2061 5175 con-

2149 5112 2241 5177 τὴν
2268 5111 2505 5191 ἀγαπην,
2553 5118 2640 5174 καὶ
2669 5107 2774 5173 τὸν
2807 5120 2934 5174 Θεὸν
2987 5118 3223 5196 ἀγνοεῖν,
3269 5131 3384 5182 τοῖς
3426 5107 3676 5181 ἐναντίοις
3732 5122 3797 5177 τὰ

402 5194 599 5257 trariis
612 5200 909 5261 contraria
931 5201 1628 5275 conﬁrmans.Quomodo
1651 5210 1846 5265 autem
1872 5202 2057 5263 Deum

402 5302 522 5345 non
553 5287 783 5350 noverit
812 5289 863 5349 is
894 5289 995 5369 qui
1027 5309 1142 5351 non
1202 5291 1416 5373 diligit,
1449 5292 1563 5353 hoc
1594 5293 1769 5353 modo
1797 5292 2006 5373 probat
2039 5312 2053 5351 :

411 5375 604 5435 «Deus
625 5374 881 5438 charitas
910 5386 1058 5439 est.»
1086 5378 1156 5439 Et
1180 5380 1337 5440 unde
1376 5381 1488 5442 hoc
1508 5380 1883 5443 manifestum
1913 5379 2061 5443 ﬁet?

404 5477 475 5522 ex
497 5479 567 5524 eo
580 5463 735 5543 quod
758 5465 1207 5529 miseritEilium
1228 5487 1399 5530 suum
1417 5470 1790 5549 unigenitum
1810 5473 1869 5532 in
1889 5490 2059 5531 mun-

482 5631 548 5687 95
574 5629 776 5695 Matth.
816 5636 1007 5712 xui,9.

2145 5199 2350 5256 ἐναντία
2405 5206 2771 5282 πιστούμενος,
2823 5212 2940 5270 Πῶς
2972 5204 3025 5262 δὲ
3086 5207 3115 5262 ὁ
3145 5207 3223 5277 μὴ
3254 5207 3475 5285 ἀγαπῶν
3526 5206 3619 5264 οὒκ
3660 5208 3796 5287 ἔγνω

2146 5290 2298 5362 Θεὸν,
2328 5295 2704 5366 κατασκευάζει
2749 5295 2915 5358 οὕτως
2950 5310 2963 5325 ⁹
3040 5320 3061 5349 a
3101 5287 3158 5353 Ὀ
3210 5296 3337 5359 Θεὸς
3368 5295 3551 5373 ἀγάπη
3594 5296 3724 5356 ἐστί.
3766 5320 3789 5355 ι

2144 5377 2307 5434 Πόθεν
2330 5376 2491 5446 δῆλον
2518 5400 2533 5457 ;
2568 5381 2692 5464 Ἀφ’
2720 5386 2781 5440 οὗ
2808 5382 3092 5440 ἀπέστειλε
3133 5388 3222 5441 τὸν
3254 5385 3372 5441 Υἱὸν
3404 5385 3560 5442 αὗτοῦ
3589 5386 3679 5441 τόν
3702 5410 3800 5450 μο-

2144 5470 2334 5545 νογενῆ
2365 5471 2437 5535 εἷς
2466 5473 2557 5528 τόν
2598 5474 2823 5549 κόσμον,
2886 5472 2980 5529 *ἕνα
3030 5474 3131 5540 τὴν
3161 5473 3325 5538 ὅντως
3368 5473 3513 5544 ζωὴν
3542 5478 3799 5557 παράσχῃ
