4106 6426
320 342 447 408 665

1330 344 1727 408 COMMENT.
1773 345 1857 408 IN
1903 343 2153 406 EPIST.
2198 341 2223 404 ζ
2281 340 2625 410 JOANNIS.

3591 342 3709 407 666

319 476 487 555 ἡμῖν,
534 477 621 531 καὶ
648 477 897 551 ζήσωμεν
939 474 1005 532 δι’
1063 478 1240 534 αὐτοῦ.
1307 463 1523 554 ιἰρὲσπερ
1579 475 1679 554 γὰρ
1709 475 1975 553 ἀγαθότης

2064 475 2224 558 dum,
2258 485 2322 539 ut
2342 496 2540 541 veram
2563 477 2741 539 vitam
2774 478 2948 542 nobis
2979 482 3361 556 tribueret,et
3379 481 3712 543 viveremus

323 564 566 644 λέγεται,
599 563 678 621 ὅτι
750 563 817 621 δι’
873 565 1176 642 ἀγαθότητα
1218 564 1476 641 ςπέοτησε
1504 564 1594 621 τὸν
1636 565 1827 631 νοητὸν
1880 566 1981 624 κό-

320 675 464 729 σμον
504 655 593 710 καὶ
663 655 755 710 τὸν
824 655 1094 728 αἰσθητὸν,
1165 653 1257 710 ἵνα
1299 652 1407 734 ἔχῃ
1473 660 1565 711 τοῦ
1634 652 1800 720 ὅντως
1828 652 1981 720 ὄντος

327 744 518 802 ἑαυτοῦ
556 745 860 814 κοινωνοὺς,
910 744 1047 801 οὕτω
1090 745 1176 801 καὶ
1206 742 1273 799 δι’
1332 744 1548 822 ἀγάπην
1603 745 1702 810 τὴν
1733 746 1805 807 εἷς
1836 747 1979 819 ἡμᾶς

323 831 449 896 δοὺς
474 834 570 890 τὸν
598 838 862 911 μονογενῆ
911 836 1066 892 αὐτοῦ
1128 833 1246 890 Υἷόν
1289 835 1360 898 εἷς
1389 834 1480 888 τὸν
1533 832 1757 912 κόσμον,
1822 832 1978 899 ἔδειξε

321 918 532 978 καὶδιά
589 922 776 979 τούτου
831 920 913 978 ὅτι
972 922 1154 1000 ἀγάπη
1211 921 1342 992 ἐστὶ,
1389 919 1468 977 διὰ
1526 924 1612 978 καὶ
1646 925 1799 987 αὐτὸς
1858 923 1979 979 ἐπι-

325 1013 497 1095 φέρει,
551 1038 578 1069 α
612 1012 701 1072 Ἐν
747 1016 918 1088 τούτῳ
977 1015 1114 1071 ἐστὶν
1143 1017 1177 1083 ἡ
1236 1015 1440 1093 ἀγάπη,
1487 1038 1509 1071 ιι
1569 1015 1682 1071 ἀντὶ
1737 1023 1851 1093 τοῦ,
1911 1025 1980 1074 Εν

325 1104 501 1175 τούτῳ
528 1101 782 1161 δείκνυται
815 1103 896 1160 ὅτι
941 1104 1124 1181 ἀγάπη
1155 1102 1290 1160 ἐστὶν
1343 1106 1371 1160 6
1422 1104 1572 1168 Θεός,
1641 1105 1778 1161 Εἶτα
1836 1105 1977 1171 ἐξαί-

327 1214 437 1259 ρων
463 1194 525 1249 τὸ
566 1198 666 1260 τῆς
697 1212 788 1260 τος
833 1200 964 1252 Θεοῦ
1019 1192 1229 1271 ἀγάπης
1272 1191 1459 1271 καλὸν,
1514 1195 1694 1273 φησὶν,
1754 1193 1870 1274 Οὐχ
1901 1192 1980 1252 ὅτι

326 1279 385 1338 δὲ
415 1283 580 1357 ἡμεῖς
648 1282 946 1361 ἠγαπῶμεν
1016 1283 1193 1361 αὐτὸν,
1249 1289 1405 1338 τοῦτο
1460 1281 1708 1349 ἐποίησεν
1764 1284 1792 1339 6
1824 1283 1976 1363 Θεὸς,

326 1372 420 1428 τὸν
463 1371 650 1429 ἑαυτοῦ
696 1373 838 1446 Υἱὸν,
891 1372 1021 1450 ὑπὲρ
1074 1373 1228 1446 ἡμῶν
1278 1368 1395 1436 δούς
1444 1391 1457 1406 ·
1517 1370 1645 1451 ὅπερ
1700 1371 1981 1451 ἐποφείλε-

325 1482 417 1516 ται
473 1472 593 1524 τοῖς
690 1460 1089 1539 ἀγαπωμένοις,
1174 1457 1487 1516 ἀντιδιδόναι
1543 1459 1787 1538 ἀγαπῶσι
1882 1463 1981 1530 τὴν

324 1547 458 1617 ἴσην
498 1548 746 1630 διάθεσιν,
806 1550 942 1607 ἀλλὰ
996 1551 1387 1629 προκατάρχων
1443 1548 1539 1616 τῆς
1584 1550 1657 1614 εἷς
1716 1552 1857 1624 ἡμᾶς
1888 1551 1981 1606 εὐ·-

326 1640 561 1719 εργεσίσς
593 1637 659 1696 δι’
689 1640 927 1718 ἀγάπης,
959 1639 1233 1696 ἀπέστειλε
1290 1638 1378 1695 τὸν
1408 1640 1528 1695 Υἱὸν
1559 1643 1740 1702 αὐτοῦ,
1792 1641 1888 1697 Καί
1917 1645 1978 1699 οὒ

2066 583 2174 645 per
2202 566 2938 646 ipsum.Quemadmodum
2960 572 3120 634 enim
3150 569 3714 640 honitasdicitur,eo

2064 655 2223 735 quod
2258 666 2496 738 prapter
2523 658 3336 732 bonitatem,intellcctualem
3367 680 3436 723 ac
3465 654 3718 721 sensibi-

2063 742 2178 832 lem
2212 746 2498 806 mundum
2533 745 2975 829 produxerit,ut
3004 750 3057 812 is
3076 751 3179 832 qui
3207 770 3348 815 vere
3369 747 3716 827 est,aliquos

2062 831 2312 924 haberet
2331 836 2421 897 sui
2456 835 2804 916 participes:
2852 838 2937 899 ita
2982 831 3218 922 quoque
3248 849 3490 924 propter
3518 838 3710 899 dilec—

2065 921 2285 986 tionem
2335 943 2454 1003 qua
2501 944 2604 1004 pro
2641 925 2812 987 nobis
2844 927 3009 989 dedit
3038 921 3415 1009 Unigenitum
3447 945 3617 989 suum
3649 924 3709 985 in

2065 1013 2848 1100 mundum,osteudit,etiam
2886 1035 2992 1097 per
3008 1019 3119 1079 hoc
3149 1020 3303 1100 quod
3334 1017 3592 1081 charitas
3608 1013 3708 1075 sit.

2063 1099 2201 1162 Ideo
2234 1102 2440 1181 etipse
2462 1103 2803 1184 subjungit;
2836 1131 2861 1161 α
2888 1109 2954 1169 1η
2980 1107 3093 1169 hoc
3113 1099 3203 1169 est
3248 1108 3561 1186 cbaritas,»
3599 1104 3713 1164 hoc

2065 1192 2244 1263 est,ln
2266 1191 2721 1255 hoc'ostenditur
2741 1195 2895 1275 quod
2924 1195 3084 1259 Deus
3104 1201 3177 1260 sit
3199 1193 3711 1259 charitas.Deinde

2065 1280 2357 1341 extollens
2390 1281 2712 1343 bonitatem
2757 1285 3063 1347 charitatis
3097 1286 3226 1363 Dei,
3256 1286 3521 1349 aitzNon
3551 1280 3709 1364 quod

2065 1387 2174 1429 nos
2205 1369 2589 1431 dilexerimus
2620 1371 2811 1452 ipsum
2847 1374 2958 1435 hoc
2981 1375 3122 1436 fecit
3141 1374 3475 1449 Deus,dans
3496 1372 3710 1433 Filium

2062 1476 2235 1519 suum
2270 1478 2376 1539 pro
2407 1459 2602 1533 nobis,
2628 1462 2793 1541 quasi
2825 1462 3057 1527 dilectis
3108 1464 3435 1537 debuisset,
3467 1472 3528 1524 ut
3570 1460 3706 1523 dili-

2062 1545 2339 1624 gentibus
2370 1548 2731 1628 rependeret
2762 1551 3050 1631 aequalem
3102 1553 3378 1615 aﬁ‘ectum
3409 1571 3422 1611 :
3450 1550 3556 1613 sed
3606 1567 3714 1629 per

2061 1635 2409 1697 charitatem
2443 1637 2606 1717 prior
2634 1640 2950 1719 auspicans
2998 1641 3359 1704 beneﬁcium
3406 1660 3545 1721 erga
3576 1658 3706 1714 nos,

326 1728 492 1803 μόνον
521 1729 827 1785 ἀπεστειλεν
861 1745 875 1759 ·
920 1728 1056 1786 ἀλλά
1086 1731 1173 1785 καὶ
1224 1729 1351 1807 ὅπέρ
1377 1734 1483 1785 τῶν
1526 1728 1795 1807 ἁμαρτιῶν
1822 1731 1976 1804 ἡμῶν

2064 1725 2218 1785 misit
2249 1725 2458 1787 Filium
2491 1746 2704 1788 suum:
2741 1748 2850 1790 nec
2882 1730 3075 1792 solum
3101 1731 3280 1805 misit,
3306 1749 3506 1792 verum
3528 1729 3708 1792 etiam

325 1815 413 1875 διὰ
481 1817 574 1874 τοῦ
642 1816 769 1875 ἰδίου
827 1818 1057 1894 αἵματος
1116 1816 1473 1882 ἐξιλάσασθαι.
1522 1818 1579 1873 Εἰ
1635 1816 1724 1873 οὖν
1782 1817 1969 1891 οὕτως,

325 1907 511 1986 φησὶν,
542 1908 823 1985 ἠγάπησεν
852 1911 993 1984 ἡμᾶς
1038 1910 1066 1964 6
1100 1909 1250 1977 Θεὸς,
1300 1908 1468 1964 καίτοι
1525 1904 1691 1980 μηδὲν
1720 1909 1792 1971 εἷς
1824 1908 1972 1988 φύσιν

325 1995 479 2069 αὐτῷ
512 2007 908 2065 κοινωνοῦντας,
941 1996 1127 2072 πολλῷ
1180 1995 1340 2053 πλέον
1369 1994 1649 2076 ὀφείλομεν
1693 1999 1781 2053 καὶ
1809 1999 1974 2073 ἡμεῖς

324 2084 449 2146 τοὺς
476 2084 736 2164 ἀμοφυεϊς
768 2087 903 2160 ἡμῖν
952 2085 1162 2163 ἀγαπᾷν
1204 2087 1292 2141 καὶ
1346 2085 1559 2163 γνόντες
1615 2085 1675 2164 τὸ
1726 2086 1831 2142 ἀπὸ
1877 2090 1975 2152 τῆς

325 2171 540 2250 ἀγάπης
589 2163 775 2248 καλὸν,
811 2172 1067 2244 ἀλλήλοις
1098 2185 1252 2233 τοῦτο
1294 2171 1583 2234 διακονεῖν,
1622 2163 1849 2230 ιἰω-πεπ
1877 2176 1978 2253 γὰρ

324 2258 572 2338 ἔγκλημα
630 2269 710 2337 τῷ
752 2263 830 2339 μή
876 2264 1165 2343 αἱρουμένῳ
1205 2264 1266 2319 τὸ
1346 2264 1573 2342 αἱρετὸν,
1620 2265 1708 2319 καὶ
1766 2268 1844 2337 τῷ
1900 2265 1977 2339 μὴ

325 2349 562 2429 φιλοῦντι
605 2352 667 2410 τὰ
724 2352 970 2433 φιλητὸν,
1032 2352 1199 2416 οὸτως
1256 2351 1470 2409 ἔπαινον
1512 2365 1810 2432 περιποιεῖν
1860 2366 1977 2417 τοῖς

324 2439 573 2517 ἀγαπῶσι
624 2442 746 2505 τοὺς
807 2441 974 2508 ἀξίους
1032 2441 1268 2520 ἀγάπης,
1326 2438 1411 2496 διὰ
1456 2442 1516 2496 τὸ
1574 2440 1717 2496 εἶναι
1759 2439 1978 2517 ἀγαπη-

322 2528 463 2593 τούς.
503 2528 655 2587 Οὕτω
697 2528 750 2586 δὲ
799 2528 1118 2593 διατεθέντες
1174 2529 1377 2610 ἔχομεν
1444 2529 1740 2607 ἀμφότεραι,
1801 2530 1888 2584 καὶ
1919 2530 1978 2583 τὸ

321 2617 610 2695 ἀγαπητοὶ,
673 2618 757 2675 διὰ
800 2622 862 2676 τὸ
891 2621 994 2676 ὑπὸ
1068 2627 1198 2677 Θεοῦ
1234 2620 1543 2696 ἠγαπῆσθκι
1584 2620 1672 2674 καὶ
1729 2615 1976 2696 προσλη-

323 2709 517 2786 φθῆναι
546 2707 635 2764 ὑπ’
686 2709 869 2781 αῦτοῦ,
930 2710 1018 2766 καὶ
1073 2710 1135 2765 τὸ
1186 2708 1529 2787 ἀγαπητικοὶ,
1587 2705 1670 2763 διὰ
1702 2713 1801 2774 τῆς
1846 2707 1976 2785 πρὸς

323 2797 449 2859 τοὺς
521 2796 746 2864 πλησίον
791 2797 1008 2875 ἀγάπης
1057 2819 1070 2834 ·
1140 2798 1355 2876 ἀγάπης
1413 2795 1468 2852 δὲ
1511 2801 1608 2862 τῆς
1668 2794 1975 2876 εἰλικρινοῦς

320 2884 411 2940 καὶ
450 2889 704 2965 καθαρᾶς,
754 2884 873 2942 ἀλλ’
923 2887 983 2943 οῦ
1038 2886 1133 2954 τῆς
1187 2886 1449 2960 ἐμπαθοῦς
1492 2905 1548 2940 τε
1586 2886 1673 2940 καὶ
1742 2885 1974 2964 ρυπαρᾶς

2060 1832 2162 1894 pro
2196 1816 2449 1894 peccatis
2480 1819 2697 1878 nostris
2713 1821 2948 1899 proprio
2966 1820 3124 1882 illius
3141 1822 3428 1901 sanguine
3451 1821 3712 1902 placatus

2057 1903 2237 1966 est.Si
2268 1905 2353 1966 sic
2375 1924 2520 1983 ergo
2543 1907 2750 1969 dilexit
2784 1927 2888 1970 nos
2922 1911 3103 1988 Deus,
3130 1911 3341 1991 inquit,
3374 1928 3711 1991 quanquam

2056 1993 2117 2053 in
2150 2002 2355 2055 natura
2387 1995 2535 2056 nihil
2588 1996 2758 2057 nobis
2811 2017 3129 2061 commune
3179 2007 3338 2060 esset
3388 2018 3521 2060 cum
3578 1998 3704 2073 illo,

2063 2084 2245 2142 multo
2273 2082 2459 2162 magis
2489 2083 2777 2145 debemus
2803 2094 2861 2147 et
2884 2105 2990 2148 nos
3015 2087 3263 2166 diligere
3292 2106 3394 2149 eos
3424 2088 3525 2168 qui
3555 2088 3713 2167 ejus-

2060 2169 2195 2231 dem
2228 2172 2538 2234 nobiscum
2567 2183 2702 2235 sunt
2734 2182 2995 2236 naturae:
3024 2185 3081 2239 et
3111 2176 3346 2255 cognito
3382 2177 3535 2236 bono
3552 2173 3707 2255 quod

2060 2278 2093 2321 a
2123 2260 2404 2322 charitate
2435 2263 2726 2342 procedit,
2773 2264 3025 2325 invicem
3075 2266 3221 2327 illud
3266 2265 3707 2327 administrare.

2060 2347 2572 2422 Quemadmodum
2615 2352 2774 2414 enim
2800 2353 2973 2433 culpa
3021 2363 3111 2416 est
3160 2355 3245 2415 illi
3271 2355 3372 2435 qui
3402 2373 3518 2415 non
3550 2353 3714 2433 eligit

2062 2438 2219 2518 quod
2254 2439 2591 2518 eligendum
2624 2449 2734 2514 est,
2769 2460 2878 2502 nec
2909 2451 3068 2503 amat
3097 2442 3252 2524 quod
3282 2442 3534 2504 amabile
3569 2451 3657 2502 est
3692 2463 3706 2500 :

2062 2527 2143 2590 ita
2175 2536 2232 2589 et
2262 2528 2420 2589 laudi
2453 2529 2824 2610 daturiisqui
2854 2531 3332 2611 diliguntdignos
3361 2531 3706 2606 dilectione,

2061 2634 2132 2677 eo
2161 2618 2319 2696 quod
2352 2618 2516 2679 chari
2547 2614 2780 2682 sintita
2803 2630 3002 2682 autem
3029 2621 3578 2701 aﬂ‘ecti,ulrumque
3608 2622 3709 2681 ha-

2062 2704 2268 2767 bemus
2292 2727 2304 2766 :
2327 2706 2469 2769 590
2491 2719 2549 2768 et
2574 2710 2869 2789 ἀγαπητοὶ,
2902 2709 2960 2771 id
2992 2718 3105 2787 est,
3159 2709 3326 2772 chari
3377 2728 3606 2783 sumus,
3642 2728 3712 2770 eo

2060 2797 2216 2875 quod
2248 2818 2278 2856 a
2303 2795 2424 2858 Deo
2456 2799 2632 2861 amati
2656 2808 2712 2861 et
2733 2798 3022 2876 assumpti
3055 2799 3334 2861 simus.et
3363 2800 3710 2880 ἀγαπητικοί,

2062 2886 2171 2946 hoc
2203 2895 2313 2960 est,
2346 2905 2549 2948 amore
2582 2896 3007 2968 persequentes
3039 2907 3146 2968 per
3165 2888 3547 2951 dilectionem
3573 2905 3713 2967 erga

323 2970 442 3038 ἥτις
490 2972 719 3051 λῃσταῖς
777 2974 840 3030 ἂν
895 2977 982 3033 καὶ
1028 2988 1144 3039 τοῖς
1200 2973 1379 3039 ἄλλοις
1448 2974 1759 3052 κακούργοις
1815 2973 1973 3052 ἐγγέ-

2064 2973 2360 3054 proximos
2384 2994 2402 3035 :
2423 2975 2828 3045 dilectionem,
2860 2976 3127 3058 inquam,
3154 2976 3453 3039 sinceram
3484 2995 3552 3037 ac
3594 2995 3711 3057 pu-

324 3085 467 3120 νοιτο
477 3109 488 3122 .

405 3243 534 3297 Θεὸν
605 3239 770 3308 οὐδεὶς
840 3242 1058 3299 πώποτε
1142 3241 1403 3303 τεθέαται,
1473 3240 1596 3298 Ἐἀν
1680 3241 1973 3320 ἀγαπῶμεν

316 3328 611 3404 ἀλλήλους,
669 3332 699 3387 ὀ
770 3334 899 3395 Θεὸς
959 3333 1012 3389 ἐν
1083 3334 1220 3407 ἡμῖν
1276 3330 1445 3407 μένει,
1538 3332 1626 3386 καὶ
1684 3333 1718 3398 ἡ
1791 3331 1975 3409 ἀγάπη

323 3422 481 3479 αὐτοῦ
584 3420 970 3497 τετελειωμένη
1054 3421 1192 3478 ἐστὶν
1248 3420 1300 3476 ἐν
1399 3422 1555 3495 ἡμῖν.
1645 3420 1737 3477 Ἐν
1805 3421 1978 3477 τούτω

323 3508 657 3585 γινώσκομεν
735 3509 815 3566 ὅτι
884 3511 940 3567 ἐν
994 3511 1138 3587 αὒτῷ
1211 3509 1461 3585 μένομεν,
1542 3510 1631 3567 καὶ
1700 3509 1855 3573 αὒτὸς
1925 3508 1977 3566 ἐν

318 3598 481 3676 ἡμῖν,
542 3596 623 3654 ὅτι
671 3600 732 3655 ἐκ
786 3607 879 3656 τοῦ
964 3601 1261 3676 πνεύματος
1330 3603 1489 3657 αὐτοῦ
1546 3597 1768 3655 δὲδωκεν
1817 3601 1976 3674 ἡμῖν,

325 3687 425 3744 Καὶ
494 3689 661 3762 ἡμεῖς
745 3693 1035 3766 τεθεάμεθα
1121 3691 1213 3746 καὶ
1297 3694 1686 3769 μαρτυροῦμεν,
1787 3686 1868 3742 ὅτι
1953 3689 1981 3744 6

325 3776 509 3856 Πατὴρ
618 3776 919 3835 ἀπέσταλκε
1015 3780 1108 3835 τὸν
1197 3778 1319 3834 Υἰὸν
1410 3776 1638 3856 Σωτῆρα
1717 3782 1810 3832 τοῦ
1878 3775 1978 3832 κό-

322 3886 480 3940 σμου.
519 3889 546 3919 ι

405 4039 646 4118 Εἴπομεν
702 4043 789 4099 καὶ
859 4046 962 4123 πρὸ
1015 4044 1222 4124 τούτου,
1301 4047 1374 4106 ὡς
1434 4042 1546 4106 ἔθος
1605 4048 1683 4116 τῷ
1739 4044 1980 4122 μακαρίῳ

2057 3081 2207 3143 ram,
2241 3082 2358 3124 non
2387 3074 2583 3125 autem
2609 3066 2917 3127 affectibus
2938 3065 3250 3126 obnoxiam
3273 3084 3341 3126 ac
3371 3064 3704 3137 sordidam,

2057 3170 2188 3232 quae
2219 3152 2447 3214 sicariis
2476 3154 2725 3235 aliisque
2755 3153 3107 3215 facinorosis
3122 3155 3472 3232 contingere
3493 3162 3708 3234 potest.

2139 3240 2235 3316 IV,
2259 3242 2463 3307 12-14.
2491 3248 2678 3307 Deum
2701 3263 2878 3308 nemo
2904 3245 3056 3305 vidit
3080 3263 3372 3326 unquam.
3399 3246 3468 3306 Si
3488 3243 3711 3322 diliga-

2059 3350 2194 3394 mus
2227 3351 2332 3395 nos
2357 3336 2637 3415 invicem,
2680 3334 2831 3396 Deus
2878 3336 2941 3394 in
2966 3334 3138 3397 nobis
3162 3341 3383 3406 manet,
3406 3341 3469 3396 et
3511 3334 3712 3396 chari-

2062 3429 2154 3486 ταις
2176 3425 2304 3501 eius
2322 3431 2408 3487 est
2427 3424 2705 3505 perfecta
2728 3426 2795 3486 in
2817 3423 3117 3487 nobisEx
3152 3424 3264 3487 hoc
3302 3425 3713 3503 cognoscimus

2061 3513 2126 3572 in
2148 3530 2212 3573 eo
2231 3530 2341 3575 nos
2363 3531 2612 3576 manere
2632 3522 2689 3575 et
2710 3514 2908 3593 ipsum
2927 3519 2992 3575 in
3014 3514 3206 3588 nobis,
3227 3513 3382 3592 quod
3401 3513 3476 3575 de
3490 3514 3713 3592 spiritu

2063 3618 2171 3663 suo
2204 3603 2437 3665 dederit
2454 3603 2735 3665 uobis.Et
2754 3621 2858 3665 nos
2884 3604 3140 3667 vidimus
3160 3612 3217 3666 et
3238 3610 3529 3665 testamur
3550 3602 3715 3682 quod

2067 3692 2253 3752 Pater
2274 3694 2504 3754 miserit
2535 3690 2766 3753 Filium
2797 3710 2975 3754 suum
3008 3692 3384 3756 Satvatorem
3415 3690 3652 3752 mundi.

2141 4035 2410 4099 Diximus
2462 4039 2634 4100 etiam
2682 4039 2929 4101 antehac
2983 4037 3138 4120 quod
3190 4037 3328 4099 huic
3379 4036 3553 4099 beato
3585 4036 3711 4101 viro

321 4132 509 4210 τούτῳ,
542 4133 608 4188 τὰ
652 4132 783 4189 αὖτά
811 4136 929 4213 περὶ
970 4135 1077 4191 τῶν
1127 4135 1299 4191 αὐτῶν
1355 4131 1768 4209 ἀναλαμϐάνειν,
1798 4140 1891 4189 τοῦ
1920 4155 1976 4189 τε

2064 4126 2245 4187 moris
2275 4128 2350 4188 sit
2379 4128 2585 4188 eadem
2637 4128 2713 4191 de
2758 4129 2986 4190 eisdem
3017 4135 3314 4208 repetere,
3347 4146 3415 4189 ac
3443 4125 3711 4188 habitum

325 4219 429 4286 ἕξιν
484 4220 759 4297 βούλεσθαι
828 4229 936 4279 τῶν
994 4221 1297 4302 λεγομένων
1344 4236 1462 4286 τοῖς
1521 4222 1976 4298 μαθητευομὲνοις

2064 4233 2263 4276 eorum
2289 4236 2420 4297 quae
2440 4218 2720 4279 dicuntur
2742 4218 2894 4280 velle
2916 4218 3165 4296 inﬁgere
3184 4216 3257 4277 iis
3273 4217 3375 4297 qui
3397 4216 3708 4292 docentur,

321 4323 639 4389 περιποιεῖν.
707 4313 795 4369 καὶ
851 4311 936 4368 ἐπὶ
988 4300 1428 4391 τὸ-τριινώτερον
1462 4313 1553 4367 τὸν
1615 4300 1774 4387 Λόγον
1834 4310 1976 4388 ἄγεις

2074 4310 2131 4364 et
2160 4322 2499 4367 sermonem
2533 4307 2754 4370 ducere
2782 4307 2853 4367 ad
2885 4307 2941 4367 id
2974 4306 3132 4388 quod
3157 4305 3375 4368 clarius
3404 4324 3471 4367 ac
3514 4305 3711 4386 perfe-

322 4401 409 4456 καὶ
432 4398 788 4479 ,τελεώτερον,
853 4393 1077 4480 Ἐτέρως
1123 4403 1223 4481 γὰρ
1278 4404 1366 4458 καὶ
1435 4400 1627 4480 ἑτέρως
1695 4400 1976 4480 ἐπιχειρῶν

2071 4392 2226 4455 ctius
2283 4404 2393 4455 est.
2429 4396 2561 4457 Alio
2614 4396 2774 4458 enim
2845 4405 2903 4459 et
2959 4397 3077 4457 alio
3112 4396 3286 4458 modo
3317 4394 3712 4474 aggrediendo

323 4488 430 4546 ἀπὸ
470 4492 577 4545 τῶν
623 4488 676 4545 ἓν
732 4496 810 4561 τῷ
879 4492 1153 4570 πράγματι
1211 4490 1660 4569 ἐνθεωρουμένων,
1734 4490 1820 4546 καὶ
1864 4492 1976 4545 οἷον

2068 4481 2143 4543 ab
2188 4484 2280 4545 his
2327 4504 2459 4564 quae
2508 4486 2565 4546 in
2623 4505 2690 4548 re
2745 4487 3219 4567 conspiciuntur,
3249 4492 3308 4546 et
3335 4483 3511 4546 veluti
3542 4503 3712 4545 com-

319 4580 383 4634 τὸ
431 4576 646 4641 ἐλλιπὲς
702 4586 794 4635 τοῦ
845 4565 1035 4658 λόγουί
1076 4565 1418 4659 ἀναπληρῶν,
1479 4579 1814 4644 τελεωτάτην
1874 4579 1975 4644 τὴν
2004 4565 2043 4614 D

321 4673 427 4723 τῶν
484 4665 787 4747 λεγομένων
857 4681 1090 4726 ποιεῖται
1176 4668 1466 4735 ἀπόδειξιν,
1561 4669 1708 4727 Κατά
1774 4667 1975 4734 ταύτην

322 4757 409 4813 καὶ
452 4763 538 4812 νῦν
580 4757 683 4824 την
712 4756 931 4835 ἀγωγὴν
959 4758 1241 4839 χρώμενος
1272 4762 1348 4832 τῷ
1389 4756 1535 4836 λόγῳ
1562 4758 1692 4838 φησί
1726 4776 1737 4788 ·
1781 4779 1808 4811 α
1845 4757 1973 4813 Θεὸν

324 4843 486 4909 οὗδεὶς
528 4847 747 4903 πώποτε
774 4847 1034 4910 τεθέαται,
1075 4872 1097 4905 ι
1166 4846 1313 4905 Ἐπεὶ
1361 4848 1461 4925 γὰρ
1503 4848 1621 4925 περὶ
1674 4851 1773 4913 τῆς
1833 4843 1973 4923 ἀγά-

321 4958 429 5003 πης
471 4941 569 5002 τῆς
602 4937 676 5000 εἷς
749 4937 870 5001 τοὺς
938 4935 1191 5017 ἀδελφοὺς
1251 4940 1563 5010 ποιούμενος
1617 4937 1737 4999 τοὺς
1783 4934 1974 5012 λόγοις

320 5026 408 5081 τὸν
441 5025 568 5081 Θεὸν
605 5027 677 5088 εἰς
734 5023 1031 5105 ὑπόδειγμα
1080 5032 1310 5106 προῆγε,
1369 5023 1522 5082 δόντα
1580 5028 1671 5081 τὸν
1724 5027 1842 5081 Υἱὸν
1874 5022 1972 5078 αὒ-

319 5120 411 5169 τοῦ
438 5115 528 5170 τὸν
570 5119 836 5192 μονογενῆ
866 5114 949 5171 διὰ
972 5117 1071 5183 τὴν
1127 5118 1246 5193 περὶ
1301 5118 1446 5191 ἡμᾶς
1503 5115 1720 5193 ἀγάπην
1776 5115 1848 5177 εἰς
1877 5113 1977 5168 θά-

322 5224 499 5265 νατον,
536 5201 848 5260 Ἀκόλουθον
892 5203 947 5261 δὲ
976 5205 1042 5273 ἧν
1093 5208 1262 5262 εἰπεῖν
1304 5226 1448 5280 τινα,
1498 5205 1596 5263 Καὶ
1624 5205 1783 5261 πόθεν
1822 5203 1978 5258 τοῦτο

320 5289 489 5369 λέγεις
576 5294 693 5371 περὶ
775 5295 1104 5373 πραγμάτων
1187 5295 1420 5352 ἀθεάτων
1518 5294 1606 5353 καὶ
1661 5291 1973 5372 ἀνεφίκτων,

321 5384 405 5438 καὶ
434 5378 756 5446 διαϐεϐκιοτς
801 5386 942 5459 ἡμᾶς
971 5388 1056 5448 οἷς
1085 5386 1254 5459 μήπω
1298 5406 1380 5447 τις
1439 5382 1640 5463 ἔγνωκε
1675 5402 1690 5462 ;
1752 5381 1969 5461 συντρέ-

318 5492 437 5550 χων
479 5473 567 5527 οῦν
594 5485 712 5535 τοῖς
759 5472 896 5529 οὕτω
924 5472 1135 5552 λέγουσι
1179 5496 1289 5554 φησ
1358 5476 1446 5531 καὶ
1489 5473 1671 5546 αὐτὸς,
1729 5471 1810 5528 ὅτι
1843 5472 1972 5527 Θεὸν

319 5560 415 5635 μὲν
477 5558 646 5626 οὖδεϊς
703 5561 905 5639 ἑώρακε
988 5563 1230 5624 πώποτε.
1306 5563 1563 5643 Σύμφημι
1631 5563 1721 5618 καὶ
1793 5559 1972 5621 αὐτός.

315 5645 466 5705 ³Λλλ’
500 5648 558 5705 ἐκ
586 5654 682 5716 τῆς
713 5651 785 5715 εἰς
815 5650 1080 5723 ἀλλήλους
1110 5652 1354 5731 ἀγάπης,
1407 5653 1559 5734 φησὶ,
1620 5650 1975 5731 γινώσκομεν,

313 5736 396 5794 ὅτι
451 5739 478 5795 6
535 5738 665 5803 Θεὸς
712 5738 767 5797 ἐν
824 5748 960 5818 ἡμῖν
1016 5739 1148 5802 ἐστι.
1217 5745 1337 5822 Καὶ⁹
1361 5740 1538 5808 καλῶς
1595 5747 1747 5798 τοῦτο
1802 5737 1970 5820 λέγει,

2064 4572 2231 4652 plens
2259 4574 2412 4653 quod
2438 4574 2496 4635 in
2530 4593 2815 4637 sermone
2841 4574 3032 4649 deest,
3058 4573 3552 4654 perfectissimam
3576 4572 3715 4634 facit

2057 4661 2622 4726 demonstrationem
2646 4683 2851 4727 eorum
2884 4682 3015 4744 quae
3042 4663 3344 4724 dicuntur.
3374 4661 3541 4725 Juxta
3564 4661 3713 4723 banc

2056 4749 2489 4814 institutionem
2540 4753 2719 4815 etiam
2773 4773 2931 4814 nunc
2981 4770 3258 4813 sermone
3310 4760 3483 4814 utens
3563 4751 3643 4813 ait
3695 4769 3710 4814 :

2064 4862 2091 4895 α
2118 4840 2306 4903 Deum
2340 4860 2516 4903 nemo
2539 4842 2683 4903 vidit
2706 4862 3025 4924 unquam.»
3063 4840 3349 4914 Quoniam
3386 4842 3542 4901 enim
3576 4859 3709 4902 ser-

2061 4952 2297 4994 monem
2328 4934 2549 4996 faciens
2578 4936 2652 4996 de
2686 4935 2972 4997 charitate
2997 4952 3135 5014 erga
3164 4933 3398 5014 fratres,
3431 4932 3616 4993 Deum
3649 4931 3710 4993 in

2060 5024 2394 5104 exemplum
2412 5023 2895 5105 produxerat,qui
2930 5024 3137 5086 Filium
3156 5042 3327 5083 suum
3342 5021 3707 5102 unigenitum

2062 5111 2229 5173 dedit
2258 5114 2314 5174 in
2348 5121 2622 5194 mortem,
2661 5120 2906 5194 propter
2960 5112 3310 5174 charitatem
3362 5130 3539 5192 quam
3572 5128 3712 5190 erga

2063 5220 2171 5264 nos
2202 5202 2440 5263 habuit:
2463 5220 2841 5283 consequens
2863 5211 3060 5265 autem
3087 5211 3212 5263 erat
3235 5210 3296 5262 ut
3316 5200 3532 5281 aliquis
3551 5200 3713 5262 dice-

2063 5300 2153 5352 ret
2176 5313 2188 5351 :
2210 5290 2278 5351 Ει
2314 5292 2475 5353 unde
2494 5301 2593 5352 aut
2613 5292 2913 5373 quomodo
2936 5292 3048 5353 huc
3071 5290 3222 5352 dicis
3247 5290 3320 5351 de
3352 5290 3532 5359 nebus
3555 5288 3709 5350 invi-

2055 5380 2327 5442 sibilibus
2362 5390 2415 5441 et
2449 5380 3370 5463 incomprehe::sibilibus,ettua
3415 5378 3574 5460 apud
3610 5396 3716 5440 nos

2057 5468 2373 5530 confirmas
2405 5469 2498 5530 his
2522 5488 2655 5549 quae
2686 5487 2985 5550 nunquam
3019 5468 3233 5548 aliquis
3263 5466 3577 5546 cognovit?
3610 5485 3712 5528 oc-

2059 5576 2307 5620 currens
2336 5557 2516 5637 igitur
2541 5557 2635 5619 his
2657 5559 2757 5640 qui
2792 5560 2872 5620 ita
2915 5558 3210 5633 dicerent,
3245 5555 3326 5618 ait
3354 5555 3519 5637 ipse:
3543 5554 3712 5628 Quod

2060 5647 2248 5710 Deum
2279 5662 2422 5709 sane
2454 5663 2634 5710 nemo
2660 5665 2921 5729 unquam
2964 5645 3199 5728 viderit,
3235 5652 3294 5708 et
3323 5662 3431 5724 ego
3478 5662 3716 5726 quoque

2061 5753 2307 5800 assero:
2334 5734 2437 5802 sed
2473 5753 2542 5799 ex
2571 5735 2901 5801 dilectione
2928 5753 3069 5818 erga
3098 5752 3207 5799 nos
3238 5741 3463 5812 mutua,
3498 5751 3713 5814 cognoo
