4106 6418
346 287 463 354 667
1480 289 1827 355 CECUMEN
1834 288 1892 352 II
1934 288 1982 351 Τ

2075 289 2230 352 [ΞοΕ
2274 293 2609 360 EPISCOPI
3592 300 3727 367 ‘668

346 422 572 517 scimus
601 419 758 501 quod
793 422 960 517 Deus
975 421 1045 517 Ain
1077 420 1254 486 nobis
1283 423 1380 517 sit.
1412 421 1662 517 Etrecte
1686 422 1800 517 boc
1822 422 1986 485 dicit.

2082 424 2262 517 nam
2299 428 2399 517 γάρ
2426 434 2536 517 τῷν
2583 431 2815 490 ἀθεάτων
2860 435 2998 510 ἡμῖν
3054 434 3116 494 ἐκ
3156 441 3261 494 τῶν
3316 436 3614 517 ἐνεργειῶν,
3646 435 3730 494 ὅτι

346 510 521 573 Multa
546 528 799 606 namque
829 530 899 573 ex
929 510 1023 606 his
1052 531 1184 606 quae
1235 511 1408 606 nobis
1465 510 1784 606 invisibilia
1831 520 1986 606 sunt,

2078 515 2176 606 εἶσὶ
2206 514 2713 606 καταλαμϐάνομεν.
2768 520 2984 600 Ἀμέλει
3031 524 3211 606 ὥσπερ
3266 510 3413 586 οῦδὲ,
3654 546 3735 592 τις

345 617 413 661 ex
445 598 778 693 actionibus
808 618 939 693 esse
958 601 1685 693 deprehendimusperte
1700 602 1986 693 quemad-

2078 602 2332 684 ἑώρακεν,
2378 605 2497 665 ἀλλ’
2529 592 2602 667 ἐκ·
2630 616 2735 667 τῶν
2765 592 3041 691 ἐνεργειῶν
3099 592 3225 693 γοῦν
3281 614 3369 673 καὶ
3425 592 3730 682 τιῦηῗκινη-

344 688 585 749 modum
610 707 805 769 neque
827 689 1086 751 animam
1121 690 1417 772 quispiam
1450 689 1615 761 vidii,
1651 690 1759 752 sed
1799 698 1986 752 tamen

2080 694 2262 769 μάτων
2304 712 2558 754 κατανοεῖ
2585 701 2659 766 ὡς
2696 688 3009 782 ἐνυπαρχει,
3037 688 3176 759 οὕτω
3219 702 3355 778 ἡμῖν
3410 704 3497 760 καὶ
3524 703 3625 771 τὴν
3656 703 3731 767 είς

344 794 413 838 ex
463 776 796 839 actionibus
823 785 883 841 et
914 779 1277 841 motionibus
1313 779 1371 841 in
1408 778 1578 841 nobis
1607 798 1740 841 esse
1772 778 1986 860 depre-

2079 784 2223 873 ἧμᾶς
2253 786 2407 843 αὺτοῦ
2432 784 2660 864 ἀγάπην,
2704 792 2776 853 ὡς
2826 776 3081 857 stimo;
3141 776 3404 863 κινήσεως
3461 792 3549 848 καὶ
3578 791 3729 873 ἐνερ-

343 866 552 928 hendit
578 883 591 928 :
619 865 770 929 itaet
803 867 1182 930 dilectionem
1214 868 1317 931 Dei
1339 887 1478 948 erga
1509 887 1644 941 nos,
1678 868 1860 931 veluti
1894 886 1986 949 pet

2078 872 2224 950 γείας
2257 872 2607 951 γινώσκομεν.
2657 880 2716 936 Εἰ
2759 876 2813 936 δέ
2842 889 2996 939 τοῦτο
3040 883 3132 938 οὐκ
3191 879 3289 947 ἔξω
3342 882 3437 937 τοῦ
3490 865 3719 953 εἰκότος,

342 955 658 1034 quamdam
682 956 1007 1019 motionem
1033 976 1101 1019 ac
1124 956 1534 1037 operationem
1556 959 1986 1038 cognoscimus.

2078 960 2193 1019 οῦδὲ
2223 964 2252 1018 6
2277 965 2419 1027 θεῖος
2449 965 2599 1029 οὗτος
2629 966 2763 1047 ἀνὴρ
2787 969 2929 1047 παρὰ
2956 968 3018 1025 τὸ
3049 970 3188 1033 εἰκὸς
3227 968 3287 1025 ἐκ
3327 973 3427 1036 τῆς
3458 967 3728 1047 ἐνεργείας

342 1042 506 1115 Quod
538 1044 589 1105 si
621 1046 732 1107 hoc
763 1045 1086 1108 absurdum
1119 1066 1236 1107 non
1256 1056 1366 1114 est.
1392 1048 1711 1128 nequeiste
1739 1046 1826 1109 vir
1845 1067 1986 1127 prae-

2075 1052 2214 1137 εἶναι
2235 1052 2324 1107 τὸν
2354 1052 2483 1108 Θεὸν
2510 1056 2598 1111 καὶ
2626 1055 2681 1112 ἐν
2709 1042 2845 1133 ἡμῖν
2865 1042 3116 1119 δείκνυσι.
3155 1058 3254 1116 Καὶ
3283 1057 3359 1120 τίς
3388 1058 3423 1125 ἡ
3443 1042 3679 1137 ενέργεια
3708 1075 3726 1133 ;

347 1139 437 1192 ter
468 1132 748 1195 decorum
782 1154 849 1196 ex
879 1136 1224 1217 operatione
1253 1136 1439 1198 Deum
1469 1155 1707 1217 quoque
1736 1136 1796 1197 in
1820 1136 1986 1198 nobis

2077 1132 2141 1198 Ἠ
2184 1142 2255 1206 εἰς
2281 1140 2402 1203 τοὺς
2434 1138 2658 1209 πλησίον
2702 1132 2856 1223 ἡμῶν
2906 1146 3107 1226 καθαρὰ
3160 1147 3249 1204 καὶ
3292 1143 3479 1210 ἄδολος
3509 1132 3721 1225 ἀγάπη,

340 1237 471 1281 esse
502 1223 859 1285 ostendit.Et
888 1243 1016 1304 quae
1044 1233 1134 1286 est
1154 1225 1448 1306 operatio?
1474 1228 1630 1288 Pura
1658 1244 1727 1288 ac
1756 1225 1996 1289 sincura

340 1307 579 1371 dilectio
613 1331 749 1389 erga
775 1314 1131 1393 proximum.

421 1397 703 1461 59tHazc
725 1401 880 1463 enim
906 1403 1108 1465 efﬁcax
1132 1410 1223 1465 est
1249 1409 1305 1464 et
1326 1403 1548 1464 nullum
1579 1403 1805 1466 habens
1827 1402 1986 1467 defe-

2160 1402 2302 1471 Αὕτη
2372 1406 2470 1486 γὰρ
2528 1408 2616 1463 καὶ
2700 1404 2918 1484 ἐνεργὴς
3000 1407 3087 1461 καὶ
3155 1403 3471 1486 ἀνελλιπὴς,
3540 1407 3597 1461 ἒν
3652 1411 3731 1479 τῷ

340 1493 524 1563 ctum,
562 1490 796 1570 quando
828 1491 1103 1553 videlicet
1136 1511 1283 1572 pura
1312 1491 1556 1553 est.Hoc
1581 1492 1869 1554 indicium
1903 1500 1986 1555 est

2080 1494 2279 1573 καθαρά
2360 1493 2604 1562 δηῖονότι
2714 1495 2878 1556 εἴναι.
3002 1500 3166 1552 Τοῦτο
3278 1494 3340 1550 τὸ
3450 1493 3733 1574 γνώρισμα

339 1586 521 1638 etnos
550 1578 608 1637 in
633 1579 760 1658 ipso
791 1590 848 1641 et
873 1580 1142 1661 ipsumin
1165 1579 1335 1641 nobis
1359 1582 1785 1662 manere,quod
1815 1583 1986 1644 etiam

2078 1586 2177 1651 τῆς
2208 1605 2264 1639 τε
2305 1584 2458 1658 ἡμῶν
2483 1586 2539 1642 ἐν
2609 1585 2753 1657 αύτῷ
2796 1588 2965 1658 μονῆς
3031 1584 3119 1641 καὶ
3170 1587 3268 1649 τῆς
3339 1582 3391 1640 ἐν
3435 1585 3571 1652 ἡμῖν
3601 1583 3735 1640 ἐκεί-
3806 1626 3817 1635 .

339 1666 417 1725 dc
431 1664 653 1754 Spiritu
668 1686 775 1729 suo
788 1670 898 1729 ded
912 1668 1021 1730 erit
1050 1669 1237 1730 nobis.
1260 1668 1402 1731 Nam
1419 1670 1516 1751 qui
1535 1690 1715 1751 purus
1732 1680 1986 1752 est,pura

2082 1694 2192 1750 νου,
2260 1675 2346 1729 καὶ
2405 1674 2510 1747 ὅτι,
2570 1676 2723 1754 φησὶ,
2780 1679 2936 1729 τοῦτο
2992 1672 3053 1728 ἐκ
3101 1679 3194 1729 τοῦ
3233 1672 3534 1747 Πνεύμανος
3577 1673 3735 1729 αὐτοῦ

338 1753 481 1816 etab
497 1756 655 1816 omni
671 1757 846 1819 sorde
861 1758 1236 1820 immaculata
1250 1759 1986 1838 nobislargiturQuoniatn

2075 1759 2295 1818 δέδωκεν
2337 1765 2494 1839 ἡμῖν,
2573 1753 2629 1822 ’⁷0
2685 1763 2786 1841 γὰρ
2845 1762 3070 1839 καθαρὸς
3114 1761 3317 1840 καθαρὰ
3370 1764 3458 1818 καὶ
3488 1760 3731 1841 ἃχραντα

338 1860 478 1921 ergo
497 1862 602 1923 per
621 1864 823 1925 puram
841 1846 1223 1909 dilectionem
1242 1867 1371 1908 cum
1392 1867 1461 1907 eo
1479 1850 1986 1910 communicamus

2075 1852 2268 1914 παντὸς
2298 1852 2458 1929 ῥύπου
2508 1852 2804 1933 χαρίζεται,
2861 1848 3010 1907 Ἐπεὶ
3058 1849 3143 1906 οὖν
3200 1847 3284 1905 διὰ
3338 1851 3438 1916 τῆς
3496 1853 3729 1928 καθαρᾶς

336 1952 405 1994 ex
429 1934 540 1994 hoc
562 1935 737 1996 etiam
757 1936 1214 2017 nos,inquit,qui
1240 1935 1566 1998 secundum
1587 1955 1831 1998 carnem
1853 1957 1986 1999 eum

2075 1939 2453 2019 ἀγάπηςιαῦτῷ
2496 1947 2873 2012 κοινωνοῦμεν,
2926 1941 2991 1995 ὶκ
3039 1939 3225 1997 τούτου
3255 1939 3343 1995 καὶ
3391 1941 3581 2015 ἡμεῖς,
3615 1962 3726 2019 φη-

338 2020 1007 2103 vidimus,cognovimus
1039 2034 1264 2100 eum,et
1296 2025 1683 2087 testiﬁcamur
1715 2027 1869 2107 quod
1888 2030 1968 2090 Pa

2075 2030 2174 2099 σὶν,
2245 2031 2292 2087 οἱ
2352 2032 2485 2087 κστὰ
2542 2031 2707 2097 σάρκα
2766 2028 3067 2103 τεθεαμένοι
3124 2029 3280 2084 αῦτὸν
3334 2026 3575 2107 ἔγνωμεν
3640 2030 3732 2085 καὶ

337 2126 432 2172 ter
456 2112 682 2174 miserit
703 2132 837 2175 eum
864 2112 1223 2176 Salvatorem
1247 2112 1597 2176 mundi.Sed
1624 2125 1841 2196 praeter
1862 2135 1971 2177 nos

2078 2129 2459 2197 μαρτυροῦμεν,
2534 2119 2615 2175 ὅτι
2672 2121 2700 2174 6
2745 2117 2928 2194 Πατὴρ
2976 2114 3304 2173 ἀπέσταλκεν
3375 2118 3530 2175 αὐτὸν
3603 2124 3729 2174 Σω-

337 2208 486 2261 tram
513 2220 749 2283 quoque
801 2203 1073 2266 notitiam
1125 2203 1256 2283 ipse
1288 2202 1466 2264 etiam
1522 2222 1632 2264 nos
1680 2204 1986 2278 instruxit,

2075 2212 2211 2286 τῆρα
2254 2210 2346 2265 τοῦ
2401 2210 2624 2283 κόσμου,
2662 2205 2828 2264 Ἀλλὰ
2886 2207 2974 2262 καὶ
3030 2207 3159 2285 πρὸς
3204 2211 3271 2282 τῇ
3319 2207 3551 2286 ἡμετέρᾳ
3582 2206 3730 2285 γνώ-

337 2290 727 2371 perfectiusin
743 2293 893 2354 hanc
906 2291 1304 2370 cognitionem
1323 2310 1430 2351 nos
1446 2291 1986 2372 inducens.quando

2076 2317 2181 2374 σει,
2239 2298 2326 2352 καὶ
2398 2298 2551 2361 αὐτὸς
2622 2294 2944 2374 ἐξηγήσατο,
3031 2292 3350 2373 τελεώτερον
3434 2298 3578 2370 ἡμᾶς
3656 2301 3727 2372 τῇ

332 2378 509 2443 dixit:
538 2405 556 2434 ι
604 2379 763 2442 Exivi
794 2399 829 2442 a
861 2378 1053 2455 Patre,
1093 2390 1149 2441 et
1181 2379 1314 2440 veni
1348 2380 1408 2440 in
1442 2379 1986 2443 mundum96.»Hoc

2075 2386 2290 2461 τοιαύτῃ
2348 2382 2646 2460 ἐμϐιϐάζων
2676 2384 2894 2462 γνώσει,
2951 2383 3082 2439 ποτὲ
3139 2382 3236 2458 μὲν
3305 2382 3498 2462 λέγων.
3540 2409 3563 2438 ιι
3600 2381 3725 2449 Ἐξ-

332 2478 614 2547 quantum
648 2469 719 2530 ad
751 2470 808 2529 id
839 2468 1047 2530 attinet
1076 2470 1231 2548 quod
1264 2467 1475 2530 Filium
1507 2488 1677 2532 suum
1702 2469 1986 2549 Unigeni-

2075 2472 2234 2540 ηλθον
2268 2475 2374 2530 ἀπὸ
2406 2474 2495 2531 τοῦ
2541 2475 2743 2553 [ἰατρὸς
2773 2474 2861 2529 καὶ
2908 2471 3136 2543 ἐλήλυθα
3176 2474 3249 2535 είς
3306 2472 3397 2530 τόν
3434 2472 3658 2552 κόσμον,
3695 2496 3723 2528 ι

332 2564 456 2616 tum
490 2557 566 2618 ob
602 2558 790 2619 nostri
822 2556 1203 2620 dilectionem
1236 2558 1550 2619 demiserit
1579 2558 1639 2619 in
1673 2558 1986 2619 mundum.

2075 2566 2229 2620 τοῦτο
2293 2564 2410 2640 περὶ
2463 2570 2555 2620 τοῦ
2638 2560 2987 2638 καταπέμψαι
3077 2561 3206 2641 ὑπὲρ
3301 2566 3400 2629 τῆς
3456 2562 3725 2641 ἡμετέρας

334 2645 589 2707 Rursum
621 2665 693 2707 eu
722 2646 858 2708 aliis
892 2644 1260 2708 manifestius
1289 2668 1301 2706 :
1349 2647 1515 2708 Adeo
1548 2647 1734 2727 enim,
1771 2647 1986 2728 inquit,

2075 2651 2286 2731 ἀγοίπης
2335 2650 2427 2709 ἀπ’
2485 2656 2702 2732 οὐρανοῦ
2757 2652 2847 2707 τὸν
2904 2652 3024 2707 Υἱὸν
3082 2650 3241 2708 αὒτοῦ
3308 2652 3398 2707 τὸν
3456 2655 3721 2730 μονογενῆ

334 2734 491 2797 Deus
521 2734 726 2796 dilexit
754 2735 1137 2801 mundum.ut
1168 2735 1380 2796 Filium
1413 2754 1584 2797 suum
1616 2737 1986 2815 unigenitum

2075 2743 2145 2805 εἰς
2174 2743 2266 2797 τὸν
2294 2741 2494 2815 κόσμον
2528 2757 2541 2771 '
2575 2742 2663 2797 καὶ
2713 2739 2779 2796 δι’
2825 2739 3013 2815 ἐτέρων
3044 2736 3098 2795 δὲ
3138 2737 3296 2796 πάλιν
3360 2740 3669 2820 τρανότερον
3703 2757 3721 2777 ο

330 2822 521 2904 daret,
557 2835 617 2884 ut
640 2825 834 2885 omnis
862 2824 962 2903 qui
987 2824 1178 2886 credit
1205 2833 1269 2885 ut
1298 2843 1434 2887 eum
1458 2843 1575 2886 non
1602 2836 1827 2907 pereat.
1864 2827 1937 2889 Et
1969 2843 1983 2887 :

2078 2853 2104 2883 α
2139 2841 2398 2890 Τοσοῦτον
2430 2832 2551 2910 γὰρ,
2584 2831 2762 2910 φησὶν,
2794 2830 3076 2908 ἠγάπησεν
3133 2831 3161 2884 6
3214 2830 3342 2892 Θεὸς
3370 2829 3462 2884 τὸν
3490 2828 3720 2910 κόσμον,

328 2910 458 2972 Non
491 2913 626 2974 veni
650 2912 999 2994 utjutlicem
1038 2914 1347 2986 mundum,
1390 2913 1495 2975 sed
1528 2922 1593 2977 ut
1641 2915 1865 2977 salvum
1900 2916 1986 2975 fa-

2075 2919 2207 2976 ὣστε
2239 2922 2330 2976 τὸν
2389 2923 2508 2976 Υἱὸν
2542 2922 2698 2977 αῦτοῦ
2756 2921 2845 2975 τὸν
2898 2918 3161 2996 μονογενῆ
3220 2914 3433 2993 ἔδωκεν,
3478 2918 3572 2974 ’ίνα
3616 2924 3719 2982 πᾰς

330 3000 480 3062 ciam
511 3003 822 3066 mundum.
878 3001 1175 3063 Habemus
1206 3002 1385 3092 igitur
1415 3012 1473 3092 et
1501 3021 1534 3063 a
1561 3013 1772 3092 nostro
1822 3004 1986 3085 ipso-

2075 3011 2101 3066 6
2132 3010 2392 3065 πιστεύων
2423 3009 2508 3066 ἐπ’
2530 3011 2673 3083 αύτῷ
2703 3009 2782 3084 μὴ
2812 3006 3081 3074 ἀπόληται
3117 3021 3131 3038 ⁶
3176 3030 3197 3061 ι
3233 3008 3342 3077 καὶ,
3383 3028 3406 3063 ι
3435 3008 3541 3065 Οὐκ
3560 3007 3717 3075 ἦλθον

327 3108 461 3151 rum
493 3100 755 3170 aspectu,
813 3092 1026 3171 inquit,
1061 3099 1119 3152 et
1167 3109 1201 3151 a
1257 3091 1527 3153 doctrina
1555 3091 1856 3172 Unigeniti
1887 3103 1986 3173 qui

2075 3098 2163 3154 r{vat
2192 3098 2353 3175 κρίνω
2378 3100 2470 3155 τὸν
2498 3098 2724 3173 κόσμον,
2774 3095 2894 3153 ἀλλ’
2947 3096 3039 3152 ἵνα
3083 3096 3240 3154 σώσω
3295 3098 3387 3152 τὸν
3429 3095 3651 3172 κόσμον.
3691 3118 3716 3156 ε

330 3187 423 3241 est
447 3179 579 3242 sinu
607 3181 800 3244 Patris
831 3181 989 3242 velut
1025 3180 1085 3241 in
1129 3179 1462 3259 Evangeliis
1511 3181 1734 3243 dictum
1781 3191 1872 3246 est
1896 3182 1981 3242 97.

2076 3176 2328 3267 ’Ἐχομεν
2361 3187 2527 3243 τοίνυν
2572 3188 2659 3243 καὶ
2686 3187 2791 3243 ἀπὸ
2834 3187 2934 3252 τῆς
2993 3186 3264 3261 αῦνοψίας,
3295 3186 3447 3265 φησὶ,
3502 3188 3590 3243 καὶ
3618 3186 3725 3243 ἀπὸ

331 3277 391 3329 et
437 3268 511 3330 ab
573 3270 917 3352 operatione
950 3289 1060 3351 per
1093 3281 1352 3331 mutuam
1397 3270 1805 3351 dilectionem,
1829 3272 1986 3353 quod

2075 3282 2168 3344 τῆς
2222 3278 2318 3332 τοῦ
2373 3284 2702 3356 Μονογενοῦς
2758 3274 3061 3353 ἐξηγήσεως
3123 3283 3215 3332 τοῦ
3268 3273 3442 3349 ὄντος,
3499 3276 3571 3338 είς
3632 3276 3723 3332 τὸν

330 3358 487 3420 Deus
508 3359 568 3420 in
598 3360 770 3421 nobis
800 3360 897 3433 s‘t,
923 3369 983 3420 et
1007 3360 1080 3420 de
1110 3358 1330 3439 Spiritu
1386 3378 1493 3421 suo
1519 3359 1759 3422 dederit
1787 3362 1981 3441 nobis,

2075 3364 2266 3422 κόλπον
2290 3371 2382 3422 τοῦ
2438 3367 2667 3444 Πατρὸς,
2728 3367 2802 3428 ὡς
2845 3367 2900 3420 ὲν
2962 3362 3299 3441 Εὖαγγελίοις
3355 3361 3593 3443 εἴρηται,
3625 3364 3715 3420 καὶ

330 3458 389 3510 et
416 3467 551 3510 cum
577 3467 647 3511 eo
674 3450 1119 3530 participemus.

2075 3455 2173 3511 ἀπὸ
2204 3454 2300 3522 τῆς
2335 3453 2595 3534 ἐνεργείας
2622 3453 2707 3510 διὰ
2762 3459 2861 3521 τῆς
2914 3453 2987 3517 εἷς
3043 3451 3307 3522 ἀλλήλους
3365 3451 3606 3531 ἀγάπης,
3640 3452 3723 3509 ὅτι

2066 3546 2095 3601 ὁ
2139 3545 2268 3607 Θεὸς
2300 3543 2352 3599 ἐν
2384 3545 2540 3618 ἡμῖν,
2600 3544 2689 3600 καὶ
2718 3542 2779 3600 ἐκ
2834 3541 2927 3599 τοῦ
2996 3542 3304 3618 Πνεύματος
3349 3540 3507 3598 αὐτοῦ
3548 3539 3718 3598 δέδω-

2067 3655 2166 3690 καν
2194 3635 2354 3707 ἡμῖν,
2390 3633 2477 3689 καὶ
2507 3638 2859 3708 κοινωνοῦμεν
2882 3632 3046 3705 αύτῷ,

408 3715 510 3791 IV,
542 3716 1039 3797 lS-lTOuisquis
1069 3718 1372 3798 confessus
1399 3718 1596 3799 fuerit
1627 3718 1788 3799 quod
1809 3717 1986 3781 Iesus

2158 3745 2181 3780 ε
2222 3713 2327 3789 ’Ὃς
2409 3720 2469 3779 ἂν
2550 3720 2866 3802 ὁμολογήσῃ
2913 3719 2994 3776 ὅτι
3052 3716 3254 3787 Ἰησοῦς
3335 3718 3475 3776 ἐστιν
3513 3719 3541 3774 ὸ
3599 3718 3720 3784 Υἱὸς

328 3813 413 3869 est
445 3806 637 3869 Filius
674 3806 803 3881 Dei,
838 3807 949 3869 Dei
978 3809 1044 3869 in
1102 3826 1171 3870 eo
1228 3817 1459 3883 manet,
1493 3816 1553 3872 et
1582 3810 1802 3889 ipsein
1838 3808 1978 3871 Deo.

2075 3823 2163 3873 τοῦ
2193 3820 2345 3891 Θεοῦ,
2380 3812 2407 3867 ό
2454 3812 2582 3874 Θεὸς
2652 3810 2707 3866 ἐν
2765 3812 2907 3884 αὒτῴ
2962 3807 3129 3884 μένει,
3195 3809 3282 3865 καὶ
3334 3809 3489 3871 αὐτὸς
3530 3807 3593 3862 ἀν
3642 3809 3722 3882 τῷ

326 3896 408 3958 Et
428 3915 536 3958 nos
565 3898 946 3977 cognovimus
968 3903 1025 3960 et
1044 3898 1411 3961 credidimus
1431 3898 1790 3961 charitatem
1806 3915 1986 3978 quam

2075 3903 2212 3979 Θεῷ.
2299 3902 2398 3961 Καὶ
2489 3903 2651 3977 ἡμεῖς
2732 3899 3041 3978 ἐγνώκαμεν
3121 3898 3210 3953 καὶ
3301 3896 3723 3979 πεπιστεύκαμεν

327 3984 502 4047 habet
539 3976 697 4047 Deus
730 3987 793 4047 in
823 3985 1020 4048 nobis.
1067 3986 1223 4048 Deus
1276 3986 1551 4050 Charitas
1601 3993 1713 4060 est,
1766 3976 1833 4047 εἰ
1883 3991 1986 4067 (ιυέ

2075 3976 2172 4060 τὴν
2244 3990 2477 4070 ἀγάπην,
2532 3976 2606 4059 ἢν
2664 3976 2783 4069 ἔχει
2838 3991 2866 4045 6
2924 3988 3053 4052 Θεὸς
3126 3984 3181 4042 ἐν
3238 3986 3398 4062 ἡμῖν,
3490 3976 3547 4043 Ὀ
3593 3986 3723 4049 Θεὸς

327 4083 529 4135 mam!
559 4077 623 4136 in
653 4075 981 4148 cli/tritate,
1018 4076 1081 4138 in
1118 4076 1234 4137 Deo
1265 4084 1471 4138 manet
1501 4082 1557 4138 et
1597 4077 1754 4137 Deus
1784 4076 1849 4138 in
1879 4092 1972 4139 eo.

2075 4083 2245 4161 ἱγάπη
2275 4078 2407 4153 ἐστὶ,
2465 4082 2552 4135 καὶ
2582 4082 2610 4136 6
2666 4078 2838 4154 μένων
2891 4076 2947 4133 ἐν
3004 4082 3072 4155 τῇ
3127 4075 3311 4155 ἀγάπῃ
3382 4074 3437 4132 ἐν
3492 4082 3569 4150 τῷ
3599 4081 3719 4150 Θεῷ

325 4163 397 4227 In
428 4164 539 4226 hoc
564 4166 841 4242 perfecta
890 4171 975 4227 cst
1020 4165 1292 4227 charitas
1325 4165 1689 4238 nobiscum,
1721 4173 1786 4226 ut
1819 4164 1974 4244 ﬁdu-

2075 4170 2231 4244 ιένει,
2264 4170 2410 4241 καὶὸ
2455 4171 2585 4232 Θεὸς
2635 4167 2689 4223 ἐν
2747 4166 2909 4240 αὖτῷ.
2949 4163 3036 4223 Ἐν
3092 4165 3261 4239 τούτῳ
3308 4161 3644 4221 τετελείωται
3674 4165 3710 4231 ἡ

328 4253 485 4314 ciam
514 4251 840 4314 habeamus
868 4254 933 4315 in
967 4254 1071 4316 die
1099 4253 1335 4330 iudicii,
1371 4253 1529 4335 quod
1568 4254 1723 4316 sicut
1756 4254 1862 4316 ille
1892 4261 1981 4316 est

2075 4259 2248 4337 ὶγάπη
2283 4256 2399 4334 μεθ’
2430 4259 2609 4331 ἡμῶν,
2640 4256 2733 4312 ’ἕνα
2759 4254 3047 4333 παῤῥησίαν
3079 4252 3293 4333 ἔχωμεν
3334 4255 3391 4309 ἰν
3447 4257 3515 4329 τῇ
3542 4251 3719 4331 ἡμέρᾳ

326 4347 382 4404 et
405 4359 514 4404 nos
541 4358 748 4403 sumus
773 4342 841 4403 in
873 4328 1105 4404 munde
1126 4343 1255 4405 hoc.
1385 4328 1398 4335 ’

2075 4328 2165 4417 vi};
2195 4328 2437 4427 κρίσεως,
2470 4328 2552 4403 ότι
2583 4328 2755 4409 καθὼς
2784 4328 2991 4407 ὶκεϊνός
3023 4328 3164 4419 ἐστ-ι’,
3202 4328 3314 4403 καὶ
3361 4328 3525 4412 ἡμεῖς
3560 4328 3722 4417 ἐσμεν

2066 4437 2121 4494 ἒν
2150 4444 2228 4513 τῷ
2256 4437 2445 4512 κόσμῳ
2488 4436 2675 4509 τούτῳ.
2728 4456 2751 4489 ι

2147 4532 2312 4585 Τοῦτο
2343 4526 2473 4603 πρὸς
2531 4525 2592 4580 τὸ
2635 4526 2735 4603 πρὸ
2790 4521 3020 4605 βραχέος
3076 4521 3353 4603 εἰρημένον
3408 4517 3719 4600 ἀναφέρεται

2066 4618 2150 4678 τὸ,
2185 4614 2267 4671 ὅτι
2296 4621 2400 4672 πᾶν
2430 4616 2638 4690 πνεῦμα
2662 4615 2690 4670 ὃ
2712 4611 2972 4692 ὁμολογεῖ
2999 4612 3207 4680 ἰησοῦν
3238 4612 3461 4691 Χριστὸν
3481 4609 3537 4666 ὲν
3568 4609 3720 4688 σαρκὶ

406 4517 530 4581 Hoc
557 4518 629 4581 ad
659 4517 718 4580 id
753 4519 912 4599 quod
947 4519 1118 4599 paulo
1141 4529 1279 4581 ante
1311 4519 1533 4581 dictum
1565 4530 1654 4581 est
1700 4520 1980 4594 refertur,

329 4617 467 4689 puta
497 4610 649 4691 quod
683 4630 778 4672 om
791 4610 882 4672 nis
896 4610 1141 4692 Spiritus
1154 4612 1252 4692 qui
1272 4612 1588 4673 conﬁtetur
1601 4614 1803 4673 Jesum
1820 4610 1987 4676 Chri-

328 4707 483 4761 stum
517 4700 577 4761 in
609 4718 787 4762 carne
812 4700 1068 4775 venisse,
1104 4719 1174 4763 ex
1210 4702 1331 4764 Deo
1355 4709 1463 4763 est.
1500 4699 1788 4786 Quoniam
1824 4700 1983 4762 enim

327 4788 694 4851 sufﬁcienter
750 4789 1174 4852 demonstravit
1223 4791 1379 4871 quod
1417 4799 1475 4852 et
1503 4791 1610 4853 ﬁlii
1640 4790 1760 4852 sint
1790 4789 1897 4853 Dei
1928 4798 1988 4853 et

2066 4704 2380 4788 ἐληλυθότα,
2428 4704 2490 4761 ἐκ
2529 4712 2621 4762 τοῦ
2652 4709 2781 4759 Θεοῦ
2810 4702 2946 4761 ἐστι.
2981 4699 3126 4760 Ἐπεὶ
3154 4702 3254 4781 γὰρ
3278 4704 3473 4763 ἱκανῶς
3501 4694 3717 4788 ἀπέδει-

2068 4795 2172 4866 ξεν,
2207 4793 2288 4851 ὅτι
2307 4785 2395 4851 καὶ
2417 4793 2577 4850 τέκνα
2608 4793 2705 4849 εἰσὶ
2727 4798 2879 4866 Θεοῦ,
2911 4793 2999 4847 καὶ
3030 4793 3057 4847 6
3108 4791 3237 4853 Θεὸς
3294 4788 3349 4847 ἐν
3406 4790 3586 4851 αὺτοῖς
3616 4785 3720 4863 μέ-

329 4877 488 4940 Deus
512 4879 570 4940 in
594 4878 996 4962 ipsismaneat
1030 4899 1043 4937 :
1079 4880 1504 4942 demonstravit
1534 4888 1729 4943 autem
1747 4880 1860 4941 hoc
1878 4898 1983 4959 per

2075 4906 2163 4959 νει,
2197 4882 2433 4950 ἀπέδειξε
2476 4880 2532 4939 δὲ
2574 4889 2729 4939 τοῦτο
2760 4879 2844 4938 διὰ
2885 4885 2982 4948 τῆς
3027 4881 3099 4943 εἷς
3129 4878 3417 4955 εάλλήλους
3476 4877 3719 4955 ἀγάπης,

331 4976 582 5030 mutram
599 4971 727 5030 chat
745 4968 1111 5048 itatem,quae
1136 4969 1448 5031 cnnﬁrmat
1468 4970 1672 5033 datum
1693 4968 1983 5049 esseipsis

331 5053 615 5135 Spiritum
649 5066 919 5119 sanctum
944 5058 1066 5121 sive
1091 5057 1422 5137 spiritualia
1465 5058 1656 5121 dona:
1683 5060 1822 5121 692
1841 5076 1981 5121 rur-

332 5162 461 5204 sum
491 5145 560 5206 ad
593 5146 692 5208 illa
750 5147 929 5208 refert
982 5166 1350 5227 sermonem,
1387 5157 1445 5210 et
1475 5150 1560 5209 ait
1592 5167 1607 5212 :
1649 5173 1676 5205 α
1702 5147 1987 5230 Quisquis

332 5233 645 5296 confessus
675 5236 1027 5316 fueritquad
1057 5238 1230 5296 Jesus
1260 5248 1348 5300 est
1370 5238 1562 5301 Filius
1586 5237 1888 5308 Dei,Deus
1926 5237 1985 5299 in

331 5340 401 5382 eo
426 5324 1274 5405 manet;»hujusmodialiquid
1308 5326 1558 5389 dicens:
1595 5326 1990 5409 Dixiinsnpe-

329 5410 618 5490 rioribus,
650 5412 858 5477 Omnis
887 5414 986 5496 qui
1011 5414 1329 5478 conﬁietur
1360 5415 1563 5480 Jesum
1596 5416 1897 5482 Christum
1928 5417 1988 5480 in

408 5580 477 5632 96
501 5579 672 5648 Joan.
706 5600 828 5658 xw,
864 5583 963 5651 28.
1047 5578 1111 5635 9⁷
1142 5582 1313 5648 Joan.
1348 5600 1369 5649 ι
1405 5586 1502 5651 18.

2065 4977 2182 5043 ἡτις
2234 4973 2313 5030 ὃτι
2359 4971 2514 5040 ἐδόθη
2572 4971 2755 5036 αὐτοῖς
2816 4976 3028 5045 Πνεῦμα
3081 4969 3258 5051 ἅγιον,
3302 4967 3421 5035 ἤτοι
3477 4986 3723 5043 πνευμα-

2068 5065 2192 5120 τικὰ
2257 5063 2587 5142 χαρίσματα,
2641 5058 2968 5139 βεϐαιοῦται,
3040 5057 3357 5142 ἐπαναφέρει
3428 5053 3590 5113 πάλιν
3635 5051 3721 5110 ἐπ’

2069 5131 2370 5210 ἐκεῖναίτὸν
2423 5131 2606 5231 λόγον,
2641 5131 2739 5207 ’καὶ
2787 5131 2972 5229 φησιν,
3024 5170 3051 5203 ε
3106 5131 3200 5213 “Ος
3226 5131 3237 5140 ’
3258 5131 3350 5204 εὰν
3407 5143 3723 5223 ὁμολογήσῃ

2071 5242 2154 5299 ὅτι
2182 5241 2392 5310 ἰησοῦς
2425 5241 2566 5300 ἐστιν
2610 5242 2638 5297 6
2696 5240 2813 5301 Υἱὸς
2868 5238 2961 5293 τοῦ
3007 5243 3161 5314 Θεοῦ,
3201 5237 3230 5293 ό
3285 5237 3413 5300 Θεὸς
3471 5235 3525 5292 ἐν
3582 5233 3726 5307 αύτῷ

2074 5332 2222 5408 μένει
2314 5356 2341 5387 n
2398 5341 2606 5390 τοιοῦτο
2684 5328 2858 5408 λέγων
2897 5343 2910 5357 ⁶
2967 5326 3183 5406 εἴρηκεν
3270 5324 3542 5405 ἀνωτέρω,
3610 5328 3719 5379 Πᾶν

2071 5424 2278 5498 πνεῦμα
2337 5421 2631 5502 ὁμολογοῦν
2689 5420 2893 5486 Ἰησοῦν
2963 5417 3187 5496 Χριστὸν
3273 5415 3329 5472 ἐν
3379 5414 3529 5492 σαρκὶ
3585 5409 3721 5480 ἔλη-
