4106 6416
360 365 479 439 673
1449 377 1840 444 COMMENT.
1887 378 1972 445 IN

2102 374 2258 443 ’IST.
2309 380 2332 443 Ι
2372 380 2698 444 IOANMIS
3630 372 3748 444 674

362 510 454 565 τὸν
480 509 578 586 μὲν
623 512 751 568 Θεὸν
781 511 1011 590 ἀγαπᾷν,
1047 511 1230 588 μισεῖν
1274 510 1329 569 δὲ
1372 513 1460 569 τὸν
1508 509 1757 594 ἀδελφὸν,
1788 514 1847 571 06
1889 515 2013 594 πρὸς

2103 512 2186 591 pit
2215 512 2714 584 charitatem,sed
2745 521 2804 576 et
2834 514 3112 595 praecepti
3160 513 3288 594 ejus
3341 522 3748 595 transgressor

364 602 452 666 οὖς
480 602 581 670 τὴν
607 602 818 681 ἀγάπην
876 604 977 672 τὴν
1019 605 1157 661 θείαν
1214 605 1434 685 νοθεύει,
1480 602 1555 660 ἔτι
1611 606 1699 661 καὶ
1740 610 1838 672 τῆς
1865 604 2013 662 ἔντο-

2102 601 2398 664 invenitur
2418 602 2448 663 ?
2470 602 2697 682 Cujus?
2725 601 2865 682 Ejus
2915 623 3032 683 quo
3072 602 3214 665 dicit
3249 621 3263 666 :
3296 625 3325 663 α
3361 605 3472 667 Per
3495 606 3608 666 hoc
3636 625 3744 667 co-

363 688 464 755 λῆς
494 694 650 749 αὐτοῦ
680 690 990 772 παραϐάτης
1052 694 1340 773 εὒρίσκεται
1382 713 1398 773 ;
1460 694 1618 758 Ποίας
1652 710 1668 768 ;
1700 699 1797 761 τῆς
1829 693 2013 771 λεγού-

2102 699 2388 768 gnoscent
2418 708 2626 751 omnes
2654 695 2812 772 quod
2848 693 2961 753 mei
2991 691 3123 753 sitis
3152 691 3451 773 discipuli.
3486 693 3536 754 si
3559 693 3749 755 chari-

364 800 488 845 σης.
528 802 555 833 α
590 778 681 837 Ἐν
709 781 879 856 τούτῳ
906 781 1198 860 γνώσονται
1258 782 1454 845 πάντες
1501 780 1582 837 ὅτι
1627 781 1745 856 ἐμοὶ
1789 780 2013 857 μαθηταέ

2106 785 2280 841 tatem
2329 779 2654 841 habueritis
2709 779 2864 840 inter
2931 799 3032 840 vos
3078 791 3338 841 mutuam
3410 779 3567 855 .Qui
3606 800 3747 861 ergo

366 866 508 941 ἐστε,
540 867 629 924 ἐὰν
659 868 900 947 ἀγαπᾶτε
943 869 1234 941 ἀλλήλους.
1273 893 1301 925 ι
1369 861 1425 931 Ὀ
1457 873 1546 927 06v
1588 870 1678 926 τὸν
1723 873 1851 929 Θεὸν
1881 873 2013 949 ἀγα-

2102 869 2286 933 Deum
2338 871 2548 953 diligit,
2581 883 2638 934 et
2698 872 2869 951 hujus
2928 871 3285 952 discipulum
3317 892 3380 934 se
3412 891 3544 935 esse
3581 892 3747 936 asse-

364 957 502 1029 πῶν,
527 958 614 1014 καὶ
643 959 827 1014 τούτου
870 960 1113 1034 μαθητὴς
1144 957 1594 1039 διισχυριζόμενος
1627 973 1788 1036 εἶναι,
1837 961 2013 1039 ἀγαπᾷ

2102 961 2195 1041 rit,
2231 960 2433 1040 diligat
2463 975 2522 1023 et
2554 960 2793 1022 fratrem
2846 980 3021 1023 suum
3055 962 3224 1040 juxta
3269 960 3428 1023 illius
3476 980 3745 1044 praecep-

362 1045 451 1100 καὶ
492 1046 585 1101 τὸν
613 1042 838 1126 ἀδελφὸν
868 1046 1031 1104 «6106
1059 1048 1196 1105 κατά
1216 1048 1315 1115 τὴν
1342 1049 1543 1106 ἑκείνου
1570 1047 1812 1120 ἐντολήν.

988 1156 1240 1208 ΚΕψειΛ.
1288 1139 1393 1225 ς’.

371 1275 398 1307 ι
436 1254 555 1332 Περὶ
582 1254 854 1339 θεολογίας
887 1258 1005 1313 Υἱοῦ
1037 1256 1103 1339 ἐν
1122 1254 1244 1339 δόξῃ
1301 1258 1524 1339 Πατρὸς,
1557 1258 1674 1339 *καὶ
1716 1259 1834 1339 περὶ
1864 1257 2015 1324 νίκης

444 1339 542 1418 τῆς
567 1337 705 1418 κατὰ
731 1342 825 1392 τοῦ
871 1337 1105 1416 πονηροῦ
1144 1334 1231 1393 διὰ
1285 1334 1512 1403 πίστεως
1556 1335 1737 1405 Ἰησοῦ
1787 1334 2018 1418 Χριστοῦ

444 1415 517 1479 εἰς
560 1416 726 1486 ζωήν,
766 1439 792 1472 ο

450 1545 478 1578 α
529 1530 635 1588 ιΙᾶς
667 1527 695 1581 6
724 1525 1004 1599 πιστεύων,
1067 1523 1148 1582 ὅτι
1206 1524 1412 1593 Ἰησοῦς
1496 1525 1634 1584 ἐστὶν
1677 1528 1706 1582 6
1763 1527 2010 1605 Χριστὸς,

361 1611 423 1668 ἐκ
472 1622 565 1671 τοῦ
613 1620 744 1670 Θεοῦ
812 1613 1152 1693 γεγέννηται.
1214 1616 1314 1672 Καὶ
1381 1622 1486 1681 πᾶς
1545 1618 1573 1672 ὁ
1629 1615 1855 1694 ἀγαπῶν
1923 1616 2015 1670 τὸν

362 1702 711 1779 γεννήσαννα,
818 1702 1001 1780 ἀγαπᾷ
1105 1705 1193 1760 καὶ
1304 1705 1397 1761 τὸν
1499 1703 1881 1783 γεγεννημένον
1964 1701 2016 1769 ἐξ

2096 1056 2245 1110 tum.

2637 1152 2779 1215 ὕθό
2821 1151 3066 1216 CAPUT
3111 1151 3210 1218 VI.

2109 1261 2428 1342 Theologia
2456 1261 2531 1323 de
2565 1261 2725 1323 Filio
2754 1267 2859 1340 qui
2885 1270 2969 1323 est
2998 1262 3064 1322 in
3095 1261 3286 1340 gloria
3325 1263 3552 1331 Patris.
3587 1271 3646 1326 et
3675 1264 3749 1324 de

2179 1344 2437 1424 uictoria
2485 1342 2776 1424 adversus
2828 1341 3168 1421 malignum
3211 1360 3326 1422 per
3375 1344 3558 1424 ﬁdem
3600 1342 3751 1405 Iesu

2183 1420 2413 1484 Christi
2442 1422 2523 1483 ad
2552 1422 2792 1502 vitam,

2178 1527 2251 1607 V,
2271 1529 2406 1590 1-5.
2429 1527 2639 1591 Omnis
2669 1530 2776 1606 qui
2799 1528 2997 1591 credit
3022 1530 3231 1591 Iesum
3262 1547 3382 1591 esse
3408 1531 3744 1606 Christum,

2097 1634 2176 1679 ea:
2225 1616 2353 1680 Deo
2378 1624 2559 1680 natus
2587 1626 2694 1680 est.
2733 1617 2809 1679 Et
2837 1620 2943 1696 qui
2971 1618 3178 1696 diligit
3207 1636 3341 1680 eum
3374 1621 3478 1698 qui
3512 1624 3742 1701 genuit,

2098 1706 2301 1789 diligit
2331 1717 2389 1769 et
2416 1726 2551 1770 eum
2588 1711 2694 1789 qui
2724 1716 2911 1771 natus
2940 1717 3027 1770 est
3059 1727 3141 1771 ea:
3168 1708 3294 1771 illo.
3338 1710 3460 1772 Per
3506 1712 3615 1773 hoc
3643 1729 3742 1772 co-

363 1790 545 1853 «6106.
629 1789 719 1848 Ἐν
787 1792 957 1864 τούτῳ
1022 1792 1377 1874 γινώσκομεν,
1463 1792 1544 1850 ὅτι
1617 1793 1909 1871 ἀγαπῶμεν
1950 1792 2013 1847 τὰ

2102 1800 2432 1876 gnoscimus
2460 1798 2622 1878 quod
2649 1797 2977 1878 diligamus
3004 1797 3162 1876 ﬁlios
3197 1799 3323 1872 Dei,
3356 1816 3492 1860 eum
3548 1799 3742 1862 Deum

360 1899 523 1935 τεκνα
603 1901 696 1935 του

360 1967 454 2031 εάς
512 1966 726 2033 ἐντολὰς
792 1972 950 2027 «6106
1013 1974 1287 2048 τηρῶμεν,
1382 1969 1525 2038 Αὕτη
1596 1970 1696 2048 γάρ
1784 1968 1925 2026 ἐστιν
1978 1970 2014 2037 ἡ

359 2056 548 2133 ἀγάπη
580 2079 672 2115 του
701 2065 856 2139 Θεοῦ,
910 2058 1005 2116 ἵνα
1071 2060 1165 2122 τὰς
1235 2057 1452 2123 ἐντολὰς
1518 2061 1675 2116 αὐτοῦ
1728 2065 2010 2139 τηρῶμην.

361 2146 464 2202 Καὶ
538 2149 589 2201 αἱ
642 2136 853 2204 ἐντολαῖ
900 2150 1058 2207 αὐτοῦ
1111 2148 1326 2228 βαρεῖαι
1372 2148 1466 2205 οὐκ.
1521 2150 1641 2207 εἱσι.
1722 2136 1853 2205 ιὈτι
1910 2152 2014 2203 πᾶν

358 2236 423 2290 τὸ
481 2235 867 2314 γεγεννημένον
936 2237 999 2294 ἐκ.
1049 2244 1140 2293 τοῦ
1212 2243 1363 2309 Θεοῦ,
1457 2243 1575 2311 νικᾷ
1642 2239 1733 2293 τὸν
1787 2236 2012 2312 κόσμον,

360 2324 451 2379 καὶ
484 2321 613 2392 αὕτη
646 2328 784 2382 εστῖν
812 2328 846 2395 ἡ
879 2326 999 2393 νίκη
1028 2327 1063 2394 ἦ
1108 2327 1372 2397 νικήσασα
1413 2329 1507 2383 τὸν
1544 2326 1747 2402 κόσμον
1776 2326 1810 2393 ἡ
1840 2325 2015 2388 πίστις

358 2413 541 2488 ἡμῶν,
574 2414 662 2477 Τίς
696 2415 836 2471 ἐστιν
864 2419 891 2472 6
934 2416 1093 2472 νικῶν
1128 2417 1220 2471 τὸν
1249 2416 1450 2491 κόσμον
1481 2418 1526 2473 εἰ
1555 2416 1634 2492 μὴ
1668 2418 1695 2472 6
1727 2414 2010 2486 πιστεύων,

358 2499 445 2557 ὅτι
478 2500 679 2571 Ἰησοῦς
710 2505 850 2562 ἐστιν
880 2508 908 2561 6
940 2507 1058 2569 Υἱὸς
1089 2512 1184 2563 τοῦ
1212 2511 1345 2561 Θεοῦ
1374 2523 1391 2579 ;

444 2603 615 2652 Ταῦτα
675 2596 923 2672 εἰρηκὼς,
967 2596 1055 2651 καὶ
1116 2593 1313 2673 ἑτέροις
1369 2593 1530 2650 πάλιν
1588 2601 1863 2650 πιστοῦται
1921 2596 2012 2650 τὸν

808 1886 962 1960 Θεοῦ,
1048 1882 1175 1937 ὅταν
1259 1883 1350 1938 τὸν
1419 1883 1549 1938 Θεὸν
1606 1880 1897 1959 ἀγαπῶμεν
1951 1881 2013 1937 τὰ

2102 1885 2439 1966 diligimus,
2501 1894 2558 1949 et
2606 1892 2904 1967 praecepta
2944 1887 3074 1966 ejus
3128 1905 3457 1949 servamus.
3494 1889 3632 1950 Haec
3659 1896 3747 1951 est

2099 1977 2263 2037 enim
2292 1976 2561 2038 Charitas
2589 1976 2727 2057 Dei,
2775 1982 2841 2037 ut
2883 1984 3174 2056 praecepta
3221 1980 3353 2049 eius
3379 1993 3692 2039 servemus
3723 1995 3742 2039 :

2097 2072 2154 2125 et
2176 2074 2477 2144 pracepta
2501 2068 2634 2143 ejus
2661 2066 2877 2145 gravia
2906 2082 3030 2127 non
3058 2073 3224 2126 sunt.
3253 2064 3556 2140 Quoniam
3574 2084 3746 2128 omne

2098 2155 2255 2233 quod
2288 2162 2499 2217 nutum
2524 2162 2611 2217 est
2635 2172 2713 2217 em
2744 2154 2888 2226 Deo,
2922 2156 3112 2216 vincit
3142 2156 3456 2218 mundum.
3506 2156 3590 2216 Et
3619 2157 3745 2218 huic

2097 2250 2184 2305 est
2230 2247 2486 2307 victon'a
2545 2261 2679 2324 qua
2728 2245 2918 2306 vincit
2971 2244 3287 2318 mundum,
3330 2244 3477 2324 ﬁdes
3510 2252 3740 2306 nostra.

2100 2333 2250 2406 ()uis
2279 2339 2366 2396 est
2394 2339 2501 2412 qui
2527 2334 2717 2395 vincit
2744 2333 3040 2395 mundum
3067 2334 3191 2395 nisi
3220 2335 3331 2413 qui
3360 2335 3559 2395 credit
3588 2335 3746 2412 quod

2093 2422 2264 2484 Iesus
2291 2430 2377 2485 est
2409 2423 2603 2485 Filius
2630 2421 2785 2485 Dei?

2174 2601 2279 2661 His
2308 2600 2480 2662 dictis
2514 2602 2720 2662 rursus
2742 2600 2871 2663 aliis
2902 2619 3135 2681 quoque
3157 2618 3496 2662 sermonem
3528 2601 3742 2662 conﬁr-

357 2681 542 2762 λόγον,
578 2682 720 2740 οῧτω
776 2706 892 2748 πως
946 2684 1350 2754 κατασκῖυάζων
1386 2699 1400 2713 ’
1461 2683 1520 2739 Εἰ
1569 2681 1787 2749 ἐντολὴν
1818 2680 2012 2739 ἐλάϐο-

2102 2698 2242 2763 mat,
2276 2690 2354 2751 ita
2383 2690 2816 2771 quadammodo
2848 2680 3170 2752 roborans:
3205 2688 3265 2753 Si
3320 2698 3677 2771 praeceptum
3711 2710 3745 2752 a

358 2772 462 2847 μὲν
517 2771 622 2828 ἀπὸ
678 2771 770 2828 106
829 2769 1154 2828 Διδασκάλου
1213 2770 1479 2842 ἀλλήλους
1524 2770 1757 2849 ἀγαπᾷν,
1805 2772 2010 2836 πάντως

2102 2778 2375 2857 Magistro
2400 2769 2743 2860 accepimus
2761 2780 2835 2840 de
2855 2780 3026 2840 nobis
3058 2788 3262 2840 mutuo
3283 2769 3744 2858 diligendisuti-

356 2862 404 2917 εἰ
460 2859 901 2936 πιστεύομενὸτι
962 2864 990 2917 6
1047 2858 1354 2925 διδάσκαλος
1398 2863 1552 2935 ἡμῶν
1610 2857 1813 2927 Ἰησοῦς
1871 2861 2011 2917 ἐστιν

2102 2884 2209 2947 que
2231 2857 2598 2929 sicredimus
2622 2867 2779 2948 quod
2810 2868 3089 2947 magister
3108 2887 3174 2929 ac
3198 2857 3525 2948 praceptor
3547 2879 3747 2929 noster

357 2952 387 3006 6
420 2952 666 3028 Χριστὸς,
701 2952 758 3014 ὃς
790 2949 844 3005 ἐν
885 2949 1060 3023 τσύτῳ
1102 2948 1212 3006 ἐστι
1246 2951 1468 3028 Χριστὸς
1501 2949 1556 3004 ἐν
1599 2951 1675 3024 τῷ
1707 2952 1835 3012 Θεὸς
1866 2951 2009 3007 εῖναι

2102 2955 2263 3017 Iesus
2291 2955 2368 3016 sit
2397 2956 2801 3036 Christus,qui
2827 2975 2895 3017 eo
2921 2957 3191 3017 Christus
3224 2964 3312 3017 est
3352 2976 3468 3036 quo
3500 2957 3657 3018 Deus
3687 2966 3749 3019 et

356 3040 449 3094 καὶ
519 3037 811 3119 ἄνθρωπος,
888 3036 1183 3118 φυλάξομεν
1247 3040 1334 3093 καὶ
1392 3039 1486 3100 τὰς
1553 3037 1769 3101 ἐντολὰς
1826 3038 2001 3111 αὐτοῦ,

2102 3044 2269 3105 homo
2300 3045 2785 3108 estzservnbimus
2804 3045 2980 3107 etiam
3004 3054 3298 3126 praecepta
3314 3045 3442 3125 ejus
3463 3054 3743 3125 tanquam

356 3129 435 3193 ὡς
476 3125 808 3201 διδασκάλου,
835 3130 907 3190 ὡς
939 3135 1091 3190 Θεοῦ.
1154 3128 1495 3190 Πιστεύοντες
1551 3125 1606 3183 δὲ
1665 3129 1795 3185 Θεὸν
1851 3130 2007 3186 αὐτὸν

2102 3133 2356 3213 magistri
2374 3142 2433 3196 et
2446 3142 2719 3216 tanquam
2743 3125 3061 3197 Dei.Porro
3079 3135 3598 3214 credentesipsum
3614 3153 3746 3197 esse

358 3217 529 3306 εἶναὶ,
573 3218 670 3306 υἱοὶ
698 3221 856 3276 αὐτοῦ
885 3217 1339 3306 χρηματίςομενὶ
1373 3218 1545 3279 καθὼς
1603 3218 1691 3273 καὶ
1745 3217 1801 3273 ἐν
1833 3219 2009 3295 Εὔαγ-

2102 3222 2304 3303 Deum,
2326 3224 2431 3285 ﬁlii
2453 3225 2581 3305 ejus
2598 3224 3000 3305 appellamur:
3027 3224 3530 3306 quemadmodum
3562 3226 3743 3286 etiam

425 3305 477 3361 λι
618 3304 644 3328 ,ι
931 3299 944 3317 ο
1157 3305 1173 3325 \
1212 3304 1237 3326 Ἰ
1310 3303 1341 3328 ρ
1473 3309 1487 3327 ς
1533 3307 1547 3325 \
1850 3306 1859 3326 ν

355 3328 423 3384 γε
462 3328 558 3369 ιοις
590 3327 824 3385 ειρηται,
864 3330 892 3361 ιι
968 3316 1096 3363 Οσοι
1126 3303 1180 3360 δε
1212 3304 1400 3362 ελαοον
1434 3326 1613 3380 αυτον,
1652 3329 1676 3363 ν
1714 3327 2007 3383 τουτεστιν,

2102 3311 2154 3373 in
2189 3299 2518 3390 Evangeliis
2548 3299 2776 3377 dictum
2809 3322 2900 3375 est
2930 3333 2943 3373 :
2985 3299 3320 3394 «Quotquot
3348 3321 3542 3375 autem
3574 3332 3743 3376 acce-

358 3394 478 3452 ὅσοι
529 3393 835 3452 ἐπίστευσαν
892 3398 965 3461 εἰς
1010 3396 1190 3467 αὐτὸν,
1252 3392 1505 3451 «ἔδωκεν
1566 3397 1748 3461 αὐτοῖς
1779 3396 2012 3461 ἐξουσίαν

2102 3413 2304 3481 perunt
2331 3404 2613 3477 eum,hoc
2641 3411 3051 3484 est,quotquot
3081 3392 3467 3465 crediderunt
3498 3402 3556 3463 in
3581 3421 3744 3485 eum,

355 3484 519 3541 τέκνα
550 3492 683 3544 Θεοῦ
748 3484 1012 3564 γενέσθαι.
1060 3504 1086 3541 ι
1140 3485 1198 3541 Εἰ
1225 3486 1588 3563 γεγεννήμεθα
1640 3482 1697 3539 δὲ
1747 3484 1799 3549 ἐξ
1830 3484 2007 3559 «6106,

355 3577 573 3642 πάντως
601 3579 691 3635 καὶ
732 3580 794 3634 τὸ
836 3581 1068 3644 καθηκον
1118 3584 1195 3652 τῷ
1235 3578 1578 3655 γεγεννηκότι
1626 3575 2008 3653 ἐπιδειξόμεθα,

358 3670 649 3750 Tl10610;
729 3670 802 3727 Τὸ
858 3668 1068 3746 ἀγαπᾷν
1115 3669 1207 3724 τὸν
1248 3668 1628 3748 γεγεννηκόεα,
1691 3668 1840 3748 φύσει
1883 3668 2010 3724 τού-

314 3768 455 3816 ’του
511 3771 628 3824 τοῖς
684 3757 891 3821 τέκνοις
946 3756 1079 3837 πρὸς
1121 3757 1242 3819 τοὺς
1300 3756 1530 3836 πατέρας
1589 3754 2009 3814 ἕπακολουθοῦν-

356 3870 475 3913 τος,
524 3845 673 3905 Ἐπεὶ
718 3844 797 3922 δὲ,
849 3848 1029 3927 φησὶν,
1075 3856 1255 3925 τοῦτο,
1299 3846 1493 3909 πάντες
1525 3848 1571 3902 οἱ
1601 3846 2008 3910 πεπιστευκότες

356 3936 413 4003 ἐξ
443 3941 600 3996 αὐτοῦ
655 3937 1038 4016 γεγεννήμεθα,
1086 3936 1153 4013 (εἰ
1210 3933 1266 3990 δὲ
1322 3932 1373 3999 ἐξ
1425 3938 1582 3992 «6106
1623 3935 2005 4013 γεγεννήμεθα,

357 4025 627 4106 ὀφειλέται
682 4025 843 4100 ἐσμὲν
895 4026 986 4081 καὶ
1053 4021 1138 4079 διὰ
1204 4032 1359 4081 τοῦτο
1449 4020 1713 4092 ἀλλήλους
1772 4022 2006 4102 ἀγαπᾷν,

356 4105 448 4172 καὶ
502 4118 575 4179 ὡς
644 4112 876 4194 ἀδελφοὶ,
963 4114 1051 4169 καὶ
1121 4113 1195 4177 ὼς
1253 4111 1306 4177 ἐξ
1350 4105 1510 4169 «6106
1578 4111 2005 4191 γεγεννήμενοι,)

358 4204 593 4286 ἐπιφέρει
668 4206 757 4260 καὶ
829 4204 1015 4261 τούτου
1110 4201 1317 4277 πίστιν,
1400 4203 1474 4267 ὡς
1544 4204 1572 4258 6
1641 4201 1863 4280 ἀγαπῶν
1915 4203 2008 4258 τὸν

357 4296 711 4372 γεννήσαντα,
758 4295 847 4351 καὶ
913 4295 1005 4349 τὸν
1063 4291 1450 4371 γεγεννημένον
1481 4289 1532 4356 ἐξ
1589 4292 1748 4350 «6106
1800 4291 2005 4370 ἀγαπᾷ,

2093 3491 2257 3552 dedit
2286 3493 2372 3553 eis
2397 3501 2744 3572 potestatem
2779 3502 2838 3553 ut
2865 3493 2973 3553 ﬁlii
3004 3492 3105 3554 Dei
3138 3492 3416 3555 ﬁerent5.
3456 3516 3477 3548 ι
3517 3492 3575 3555 Si
3603 3511 3745 3555 vero

2097 3599 2166 3640 ex
2191 3581 2320 3658 ipso
2352 3582 2471 3642 nati
2495 3582 2930 3663 sumus,utique
2951 3582 3130 3643 etiam
3156 3582 3568 3664 praestabimus
3590 3582 3747 3663 quod

2095 3670 2318 3730 decens
2348 3679 2438 3732 est
2466 3671 2521 3731 ei
2546 3672 2647 3751 qui
2671 3691 2778 3731 nos
2798 3670 3327 3750 genuit.Quidnam
3372 3671 3486 3732 hoc
3521 3672 3646 3732 est?
3675 3669 3750 3733 Ut

2098 3777 2234 3819 eum
2271 3760 2588 3839 diligamus
2610 3761 2709 3841 qui
2740 3779 2850 3822 nos
2879 3760 3102 3839 genuit,
3142 3778 3276 3820 cum
3321 3759 3431 3819 hoc
3488 3759 3746 3820 ﬁliorum

2096 3858 2360 3908 naturam
2391 3848 2787 3929 subsequatur
2815 3859 2880 3909 ut
2908 3857 3103 3927 patres
3144 3848 3409 3927 diligant.
3455 3846 3746 3920 Quoniam

2091 3943 2285 3995 autem
2321 3935 2432 3996 hoc
2462 3936 2543 3995 ita
2572 3944 2681 4017 est,
2718 3935 2979 3997 universi
3005 3935 3107 4016 qui
3137 3935 3506 3996 credidimus
3537 3954 3611 3997 ex
3637 3954 3745 3996 eo-

2091 4023 2229 4085 dem
2263 4024 2381 4085 nati
2411 4044 2654 4085 sumus:
2694 4025 2851 4106 quod
2883 4026 2930 4086 si
2964 4043 3034 4086 ex
3077 4025 3288 4086 eodem
3342 4024 3466 4085 nati
3514 4043 3743 4101 sumus,

2092 4112 2395 4175 debitores
2427 4115 2601 4175 etiam
2628 4133 2701 4175 ex
2715 4133 2786 4176 eo
2806 4132 3013 4175 Sumus
3037 4121 3100 4175 ut
3123 4132 3231 4175 nos
3250 4113 3503 4175 invicem
3530 4114 3745 4193 diliga-

2098 4221 2266 4263 mus:
2305 4211 2361 4264 et
2389 4204 2527 4283 quia
2556 4204 2791 4279 fratres,
2826 4210 2885 4265 et
2924 4202 3062 4284 quia
3110 4222 3179 4264 ex
3231 4203 3441 4265 eodem
3500 4202 3644 4264 nati.
3677 4202 3750 4264 Et

2094 4292 2271 4372 hujus
2297 4292 2745 4372 persuasionem
2775 4292 3017 4372 subjicit
3050 4293 3243 4374 :quod
3278 4296 3376 4374 qui
3399 4292 3589 4371 diligit
3609 4311 3747 4354 eum

358 4383 485 4439 εἶτα
550 4382 913 4463 ἀντιστρόφως
956 4380 1156 4461 χρῆται
1196 4386 1276 4454 τῷ
1353 4378 1519 4458 λόγῳ,
1565 4380 1653 4436 καὶ
1705 4399 1866 4460 φησιν
1919 4379 2006 4436 ὃτι

2102 4381 2191 4461 qui
2213 4381 2643 4462 genuit,diligit
2665 4382 2841 4444 etiam
2870 4402 3005 4444 eum
3028 4384 3129 4463 qui
3150 4401 3219 4444 ex
3241 4383 3370 4463 ipso
3383 4383 3619 4459 genitus
3632 4389 3741 4444 est.

356 4474 394 4540 ἡ
462 4473 595 4551 πρὸς
663 4473 783 4539 τοὺς
855 4469 1110 4552 ἀδελφοὺς
1181 4467 1301 4536 ἤτοι
1385 4470 1453 4525 τὰ
1492 4469 1649 4527 τέκνα
1717 4479 1811 4528 τοῦ
1854 4476 2009 4552 ΔΘεοῦ

358 4546 569 4642 ἀγάπη,
603 4561 701 4628 τὴν
731 4562 804 4624 εἰς
852 4562 946 4618 τὸν
997 4546 1224 4615 τεκόντα
1282 4555 1498 4636 ἀγάπην
1554 4554 1787 4635 βεϐαιοῖ.
1853 4546 2011 4614 υΑνιι)

358 4651 459 4726 μὲν
485 4652 587 4730 γὰρ
614 4648 819 4729 ἔλεγεν,
870 4670 895 4707 α
932 4647 993 4708 Ὀ
1041 4648 1264 4726 ἀγαπῶν
1290 4648 1382 4703 τὸν
1425 4649 1579 4723 Θεὸν,
1610 4649 1699 4704 καὶ
1726 4648 1818 4704 τὸν
1848 4643 2009 4703 ἀδελ-

361 4742 461 4822 φὸν
506 4740 665 4799 «6106
706 4740 938 4820 ἀγαπᾷν,
992 4762 1018 4797 ι
1071 4743 1161 4796 νῦν
1217 4734 1273 4792 δὲ
1327 4735 1674 4816 ἀντιστρέψας
1728 4736 1898 4817 λέγει,
1928 4734 2010 4793 ὅτι

361 4835 390 4890 6
417 4831 640 4911 ἀγαπῶν
669 4831 737 4890 τὰ
781 4831 939 4887 τέκνα
991 4834 1085 4886 τοῦ
1142 4832 1293 4902 Θεοῦ,
1339 4827 1429 4884 καὶ
1484 4830 1576 4883 τὸν
1645 4828 1776 4884 Θεὸν
1804 4827 2008 4905 ἀγαπᾷ.

364 4923 465 4980 Καὶ
490 4918 689 5000 δεῖγμα
715 4919 813 4988 τῆς
856 4920 930 4985 εἰς
987 4918 1119 4974 Θεὸν
1176 4915 1416 4994 ἀγάπης,
1457 4917 1556 4984 τὴν
1613 4917 1687 4981 εἰς
1728 4917 1821 4973 τὸν
1848 4914 2008 4971 ἀδελ-

363 5012 460 5091 φὸν
482 5009 697 5090 ἀγάπην
725 5011 945 5070 τίθεται.
980 5007 1120 5065 Εἶτα
1145 5006 1248 5073 τὴν
1302 5006 1377 5071 εἷς
1436 5008 1568 5063 Θεὸν
1622 5005 1861 5086 ἀγάπην,
1922 5006 2012 5062 καὶ

361 5108 469 5159 τῶν
547 5099 780 5158 ὶντολῶν
850 5100 1008 5156 «6106
1063 5095 1358 5163 ποιητικὴν
1430 5117 1585 5176 φησι,
1636 5093 1815 5160 καλῶς
1856 5104 2010 5154 τοῦτο

360 5191 556 5272 λέγων.
591 5210 616 5248 α
655 5178 711 5249 Ὀ
754 5190 855 5270 γὰρ
897 5187 1120 5266 ἀγαπῶν
1146 5194 1257 5263 his,
1312 5184 1468 5249 αὐτός
1522 5205 1681 5265 γησιν
1710 5185 1740 5241 ὀ
1794 5184 2005 5263 Σωτὴρ,

363 5282 455 5346 τάς
485 5279 702 5341 ἑντολᾶς
732 5301 834 5356 μου
852 5289 1034 5357 τηρεῖ.
1075 5298 1096 5332 ι
1127 5307 1203 5321 -
1237 5298 1265 5331 α
1297 5272 1438 5342 Αὕτη
1466 5275 1565 5353 γάρ
1593 5274 1734 5332 ἐστιν
1765 5275 1794 5330 6
1824 5273 2008 5352 ἀγάπη

361 5381 453 5431 τοῦ
495 5376 650 5433 Θεοῦ.
708 5392 739 5425 ι
785 5365 875 5424 Ἐν
931 5364 1208 5446 ὑπερϐατῷ
1276 5363 1558 5422 ἀκουστέον
1612 5365 1676 5420 τὸ
1717 5364 2008 5443 προκείμε-

365 5483 453 5518 νον
481 5456 646 5518 οὕτως
675 5475 691 5492 ⁸
723 5460 869 5526 Αὕτη
912 5459 1012 5538 γὰρ
1052 5455 1192 5513 ἐστιν
1223 5452 1260 5523 ἢ
1316 5452 1526 5533 ἀγάπη,
1582 5452 1676 5509 ἵνα
1728 5454 1824 5517 τὰς
1855 5452 2010 5508 ἐντο-

371 5548 467 5616 λὰς
510 5549 680 5607 «6106
739 5550 1014 5630 τηρῶμεν,
1075 5545 1157 5603 ὅτι
1175 5550 1282 5602 πᾶν
1361 5545 1424 5601 τὸ
1497 5541 1882 5623 γεγεννημένον
1951 5541 2010 5598 ἐκ

2091 4468 2320 4532 Deinde
2354 4472 2649 4533 sermonis
2704 4472 3096 4534 conversione
3153 4473 3360 4546 utitur,
3390 4472 3534 4534 590
3579 4480 3639 4533 et
3666 4470 3750 4533 ait

2093 4559 2249 4639 quod
2279 4559 2518 4622 dilectio
2551 4579 2689 4638 erga
2711 4560 2923 4623 fratres
2946 4561 3071 4622 sive
3093 4561 3246 4622 ﬁlios
3274 4561 3403 4638 Dei,
3438 4561 3751 4622 conﬁrmat

2094 4647 2477 4711 dilectionem
2509 4668 2648 4729 erga
2692 4668 2826 4711 eum
2860 4651 2962 4731 qui
2987 4651 3211 4731 genuit.
3243 4649 3310 4711 In
3342 4648 3749 4731 superioribus

2095 4756 2352 4819 namque
2382 4738 2568 4801 dixit:
2602 4763 2625 4794 ιι
2663 4737 2776 4811 Qui
2804 4737 2993 4800 Deum
3054 4739 3269 4818 diligit,
3307 4739 3358 4800 is
3406 4750 3465 4802 et
3504 4738 3746 4800 fratrem

2094 4826 2325 4907 diligit:
2361 4852 2382 4884 ι
2421 4846 2578 4889 nunc
2608 4836 2803 4889 autem
2835 4846 3115 4890 sermone
3146 4828 3379 4888 inverso
3406 4826 3551 4889 dicit
3592 4826 3751 4908 quod

2093 4915 2145 4977 is
2157 4916 2259 4997 qui
2278 4916 2435 4978 ﬁlios
2454 4916 2559 4978 Dei
2573 4915 2975 4994 diligit,etiam
2997 4915 3184 4978 Deum
3205 4917 3498 4996 dilignzac
3516 4916 3750 4995 signum

2093 5004 2432 5067 dilectionis
2444 5004 2552 5068 Dei
2566 5005 2732 5085 ponit
2744 5006 3127 5068 dilectionem
3145 5007 3477 5085 ergafratre
3488 5026 3538 5066 m
3552 5005 3753 5068 .Dein-

2094 5093 2172 5155 de
2185 5094 2565 5157 dilectionem
2590 5093 2651 5154 in
2675 5096 2862 5157 Deum
2880 5094 3207 5176 aitquoque
3225 5094 3466 5157 efficere
3479 5110 3753 5176 princep-

2095 5193 2288 5245 torum
2309 5184 2496 5265 ipsius
2509 5182 2983 5245 observationem
3001 5203 3014 5244 :
3034 5192 3198 5246 recte
3218 5187 3327 5246 hoc
3340 5185 3570 5247 dicens:
3586 5201 3749 5258 nam,

2102 5297 2122 5328 ι
2135 5271 2247 5343 Qui
2266 5291 2363 5334 me
2379 5271 2596 5352 diligit,
2621 5272 2840 5352 aitipse
2854 5273 3452 5355 Salvator,praacepta
3472 5292 3604 5335 mea
3616 5290 3750 5334 ser-

2095 5361 2240 5423 vat6.
2254 5386 2281 5418 ιο
2300 5397 2363 5407 -
2378 5362 2551 5424 «Ηωε
2564 5363 2723 5424 enim
2741 5370 2833 5422 est
2853 5363 3113 5425 charitas
3143 5363 3270 5426 Dei.
3287 5366 3440 5426 uPer
3455 5361 3750 5444 hyperba-

2095 5460 2197 5514 ton
2229 5451 2687 5531 intelligendum
2712 5453 2973 5533 estquod
2999 5453 3494 5534 proponitur,boc
3525 5452 3704 5514 modo
3734 5472 3750 5510 :

2092 5541 2231 5616 Haec
2241 5550 2331 5604 est
2343 5541 2504 5604 enim
2517 5539 2886 5604 charitasDei
2901 5554 2967 5606 ut
2978 5553 3276 5625 praecepta
3287 5543 3342 5624 ej
3351 5562 3418 5606 us
3449 5557 3756 5606 servemus

449 5709 482 5760 4
505 5712 678 5773 Joan.
710 5726 838 5788 xm,
874 5712 973 5777 85.
1062 5712 1096 5763 5
1118 5705 1299 5772 Joan.
1329 5722 1374 5786 ι,
1406 5707 1505 5771 l2.
1588 5702 1624 5753 6
1649 5704 1823 5770 Joan.
1854 5718 1984 5781 xlv,
2015 5703 2118 5768 2t.
