4106 6426
334 376 454 448 675
1459 374 1863 452 (ΕΟΗΜΕΝΙΙ
1906 382 1984 446 TI

2070 374 2205 447 101E
2249 383 2586 452 EPISCOPI
3606 374 3726 448 6⁸76

337 517 616 597 quoniam
649 537 827 581 omne
856 519 1013 600 quod
1049 527 1247 582 natum
1282 525 1451 581 estex
1467 518 1587 581 Deo
1606 519 1788 581 vincit
1810 536 1984 581 mun-

2070 523 2164 577 τοῦ
2214 530 2366 587 Θεοῦ.
2411 526 2483 583 T6
2526 523 2605 599 δὲ,
2653 534 2871 605 Βαρεϊαι
2940 526 3036 582 οὒκ
3112 526 3209 582 εἰσὶ
3265 520 3718 605 παρεμϐέϐληται.

336 605 714 670 dum.Porro.
753 606 962 671 Gravia
993 628 1108 669 non
1139 617 1298 679 sunt,
1333 606 1711 688 interjectum
1744 615 1851 669 est.
1885 606 1984 668 oEt

2077 634 2104 665 α
2155 614 2251 669 Καὶ
2292 615 2344 669 αἱ
2373 612 2579 671 ἐντολαὶ
2623 616 2780 671 αὐτοῦ
2827 615 3039 695 βαρεῖαι
3097 614 3190 670 οὒκ
3233 614 3352 676 εἶσί,
3401 635 3429 667 ι)
3479 610 3587 669 Οὔκ
3628 609 3721 665 εῖ-

338 703 629 775 ρτωοθβιδ
663 696 793 776 ejus
823 699 1021 776 gravia
1051 717 1168 758 non
1211 704 1367 757 sunt.
1416 722 1437 752 ι
1476 695 1604 757 Νοη
1656 696 1809 757 sicut
1841 695 1989 757 dixit

337 783 626 864 Christus,
661 809 685 839 α
712 784 923 864 Jugum
956 804 1154 846 meum
1186 785 1313 847 leve
1345 792 1436 846 est
1457 786 1486 834 7
1514 805 1530 865 ;
1569 810 1594 841 η
1631 785 1716 846 sic
1747 793 1802 844 et
1835 786 1982 864 ipse,

335 874 491 952 quod
518 882 810 955 praecepta
839 874 993 936 levia
1019 873 1290 948 sunt,sed
1313 873 1470 954 quod
1498 873 1693 953 gravia
1719 892 1835 934 non
1850 886 1987 942 sunt

335 961 664 1043 dixitzapud
698 981 833 1024 eum
863 982 1116 1044 namque
1139 963 1237 1044 qui
1261 964 1331 1024 ad
1358 963 1627 1024 virtutem
1652 962 1988 1036 adducitur,

336 1052 509 1114 etiam
542 1071 673 1133 qua;
703 1052 851 1114 levia
870 1053 989 1114 sint
1012 1051 1332 1114 admodum
1361 1051 1555 1131 gravia
1589 1060 1938 1131 reputantur
1973 1073 1987 1115 :

335 1140 842 1222 quemadmodum
873 1142 1026 1222 apud
1058 1161 1192 1203 eum
1224 1141 1326 1222 qui
1358 1141 1542 1202 robur
1580 1162 1646 1203 ac
1677 1144 1989 1203 sanitatem

336 1230 735 1312 perdiditqnae
748 1232 947 1293 omnia
959 1231 1112 1292 bona
1128 1231 1510 1304 etiicit,etiam
1525 1249 1654 1311 qua;
1668 1230 1985 1291 admodum

337 1319 485 1380 levia
513 1328 668 1390 sunt,
690 1320 884 1398 gravia
901 1318 1512 1401 videntur.Siquidem
1529 1319 1668 1400 quia
1700 1318 1987 1379 videban-

338 1417 432 1469 tur
472 1408 822 1488 quibusdam
877 1417 1172 1489 praecepta
1231 1410 1336 1472 Dei
1370 1428 1500 1470 esse
1535 1409 1752 1488 gravia,
1786 1415 1987 1487 utpote

337 1516 469 1578 quae
500 1496 605 1560 Dei
636 1498 1338 1577 essent,proptereadicit
1360 1497 1513 1578 quod
1550 1506 1843 1577 praacepta
1862 1499 1987 1572 ejus

336 1589 532 1666 gravia
563 1606 680 1647 non
713 1586 1030 1658 sunt.Quid
1056 1587 1215 1647 enim
1242 1589 1536 1666 gravitatis
1559 1588 1737 1648 habet
1768 1585 1982 1665 dilige-

337 1695 402 1737 re
416 1674 692 1737 fratrem?
718 1678 1010 1738 l’raaterea
1038 1676 1179 1757 quid
1212 1676 1509 1756 gravitatis
1541 1676 1722 1737 habet
1754 1674 1987 1736 visitare

2070 720 2165 753 πεν
2208 699 2386 781 ὥσπερ
2430 705 2458 759 6
2516 705 2762 783 Χριστὸς,
2819 703 2899 760 ὅτι
2964 725 2987 760 α
3028 695 3084 761 Ὀ
3126 702 3278 780 ζυγός
3336 724 3437 777 μου
3498 698 3722 779 ἐλαφρός

2069 785 2203 865 ἐστι,
2241 808 2271 847 )
2304 792 2390 846 καὶ
2438 792 2617 865 αὐτός,
2678 790 2759 848 ὅτι
2805 794 2855 849 αἱ
2916 790 3118 850 ἐντολαὶ
3163 790 3381 871 ἐλαφραι
3412 791 3562 864 εἰσιν,
3600 785 3719 843 ἀλλ’

2067 874 2147 932 ὅτι
2175 877 2378 957 βερεϊαι
2434 882 2529 937 οὒκ
2585 881 2707 943 εἰσι.
2757 888 2845 956 Τῷ
2903 883 3003 960 γὰρ
3045 879 3359 959 ἀναγομένφ
3414 874 3532 935 κατ’
3590 876 3718 955 ἀρε·

2072 971 2172 1032 τὴν
2202 967 2287 1022 καὶ
2343 968 2410 1023 τὰ
2470 969 2605 1025 πάνυ
2646 970 2811 1049 βαρέα
2868 977 3035 1050 κοῦφα
3092 967 3374 1047 λογίζεται,
3425 968 3604 1045 ὥσπερ
3643 972 3722 1039 τῷ

2071 1051 2461 1123 ἀποϐεϐληκότι
2518 1058 2615 1126 τὴν
2657 1060 2829 1116 πάντα
2912 1061 3261 1137 κατορθοῦσιν
3319 1057 3385 1112 τὰ
3436 1054 3576 1113 καλὰ
3633 1055 3715 1110 εύ-

2072 1144 2316 1218 ρωστίαν,
2404 1147 2492 1203 καὶ
2561 1147 2627 1203 τὰ
2698 1144 2833 1205 πάνυ
2887 1145 3088 1227 ἐλαφρὰ
3184 1145 3346 1223 βαρέα
3428 1143 3715 1223 λογίζεται,

2075 1230 2288 1299 Ἐπειδὴ
2359 1235 2458 1312 γάρ
2532 1233 2699 1293 ἐδόκει
2755 1236 2861 1292 τισὶ
2934 1237 3028 1301 τὰς
3114 1233 3331 1299 ἐντολὰς
3417 1243 3508 1292 τοῦ
3590 1234 3721 1288 Θεοῦ

2070 1321 2280 1399 βαρείας
2328 1336 2466 1379 εῖναι
2525 1322 2615 1380 ἂτε
2647 1332 2803 1398 Οεοῦ,
2855 1323 2939 1381 διὰ
2967 1324 3122 1380 τοῦτό
3182 1345 3340 1402 φησιν
3399 1321 3478 1378 ὅτι
3538 1324 3595 1378 Ei
3627 1320 3716 1376 ἐν-

2070 1408 2220 1466 τολαί
2250 1411 2408 1468 αὸτοῦ
2441 1420 2657 1491 Βαρεῖαι
2715 1411 2810 1470 οῦκ
2864 1415 2985 1475 εἶσι.
3045 1420 3104 1471 Tt
3133 1414 3233 1491 γὰρ
3276 1412 3409 1489 βαρὺ
3465 1412 3530 1466 τὸ
3586 1409 3723 1487 ἀγα-

2068 1504 2173 1570 πᾷν
2212 1500 2302 1556 τὸν
2371 1499 2635 1582 ἀδελφόν;
2699 1500 2835 1559 ἀλλὰ
2890 1504 2977 1559 καὶ
3027 1504 3088 1558 τὸ
3144 1504 3197 1557 ἒν
3241 1498 3450 1580 φυλακῇ
3499 1497 3719 1554 ἐπισκέ-

2068 1591 2285 1645 πτεσθαι
2326 1590 2377 1647 τί
2432 1590 2605 1671 βαρύς
2669 1593 2741 1649 Οὔ
2783 1592 2882 1670 γὰρ
2966 1590 3282 1661 ἐξαιρεῖσθαί
3344 1610 3475 1669 φησι
3517 1589 3607 1644 τὸν
3665 1585 3719 1641 ἐν

2070 1676 2299 1757 φυλακῇ,
2360 1680 2389 1734 ὃ
2446 1676 2717 1759 δυσχερὲς,
2816 1677 2937 1735 ἀλλ’
3027 1679 3431 1736 ἐπισκέπτεσθαι
3505 1678 3665 1754 μόνον
3690 1696 3706 1711 ο

337 1783 472 1827 eum
503 1764 604 1845 qui
636 1765 695 1826 in
728 1784 968 1827 carcere
987 1765 1108 1826 est?
1131 1785 1323 1845 neque
1355 1767 1513 1827 enim
1547 1763 1984 1845 liberarejubet

2070 1763 2185 1822 οὐδὲ
2243 1768 2331 1822 τὸν
2387 1767 2702 1824 ἀσθενοῦντι
2760 1766 3116 1824 ἀπαλλάττειν
3171 1772 3271 1834 τῆς
3344 1767 3523 1842 νόσου,
3583 1763 3719 1820 ἀλλὰ

337 1872 470 1916 eum
503 1853 603 1934 qui
634 1862 722 1915 est
770 1853 830 1915 in
883 1873 1147 1927 carcere,
1202 1852 1353 1936 quod
1394 1854 1630 1915 difﬁcile
1666 1862 1843 1927 esset,
1877 1855 1982 1916 sed

336 1951 560 2005 tantum
587 1942 831 2005 visitare
862 1961 875 2006 :
913 1961 1106 2024 neque
1139 1964 1274 2006 eum
1307 1944 1404 2024 qui
1438 1951 1685 2019 aegrotat
1729 1943 1986 2006 liberare

332 2031 407 2093 ah
441 2030 925 2111 aegritudine,sed
963 2040 1187 2094 tantum
1216 2032 1678 2113 visitare,neque
1700 2032 1987 2100 esurienti

338 2139 601 2184 mensam
636 2120 941 2202 opiparam
988 2121 1162 2202 jubet
1213 2140 1538 2203 apponere,
1575 2141 1766 2200 neque
1827 2122 1985 2183 nudo

332 2210 712 2290 suppeditare
772 2211 1182 2272 vestimentum
1233 2212 1532 2292 superﬂua
1588 2210 1986 2288 variegatione

334 2308 722 2380 praeparatum
743 2300 872 2361 :sed
905 2319 1035 2380 quae
1064 2300 1467 2362 necessarium
1495 2319 1662 2361 usum
1697 2301 1982 2374 tribuant,

334 2405 509 2469 quem
562 2389 611 2450 is
649 2387 832 2449 esurit
868 2395 973 2449 aut
1004 2391 1200 2449 nudus
1223 2396 1336 2464 est,
1360 2388 1630 2469 requirit.
1667 2387 1981 2468 Postquam

333 2477 409 2538 de
441 2477 533 2538 his
563 2477 643 2538 ita
674 2476 989 2553 ordinavit,
1020 2478 1184 2539 addit
1211 2477 1305 2539 his
1335 2496 1467 2559 qua;
1491 2479 1611 2557 jam
1643 2478 1799 2539 dicta
1848 2487 1984 2539 sunt

332 2575 390 2626 et
418 2565 579 2626 aliud
618 2564 774 2646 quod
802 2565 875 2626 ad
921 2565 1346 2628 exhibitionem
1397 2565 1697 2627 charitatis
1730 2565 1978 2639 inducit,

333 2652 627 2725 Quidnam
655 2652 797 2715 illud
820 2653 942 2716 est?
973 2654 1215 2715 victoria
1247 2655 1342 2716 Ait
1362 2654 1521 2716 enim
1549 2674 1707 2717 ZA'OS
1751 2659 1849 2735 qui
1882 2656 1977 2717 di-

333 2742 591 2804 lectione
614 2761 752 2822 erga
782 2744 1113 2823 proximum
1138 2744 1406 2824 vosipsos
1437 2742 1543 2804 Dei
1574 2744 1725 2805 ﬁlios
1757 2746 1981 2807 consti-

336 2830 523 2912 tuitis,
551 2832 675 2911 jam
702 2833 896 2895 ethoc
916 2832 1149 2894 habetis
1180 2832 1334 2914 quod
1360 2833 1834 2895 comitaturillud
1857 2835 1983 2897 fac-

335 2930 457 2982 tum
491 2921 818 3001 egregium,
854 2939 1067 3003 nempe
1097 2929 1160 2984 ut
1189 2922 1473 2983 mundum
1522 2921 1763 2985 vincatis
1795 2943 1983 3004 :quo-

2068 1854 2228 1930 μόνον
2283 1853 2685 1912 ἐπισκέπτεσθαι
2734 1871 2748 1885 ⁸
2809 1854 2923 1913 οὐδὲ
2978 1859 3056 1931 τῷ
3138 1861 3385 1912 πεινῶντι
3451 1852 3717 1921 πολυτελῆ

2065 1945 2324 2024 τράπεζαν
2394 1944 2733 2015 παρατιθέναι
2771 1943 2995 2017 κελεύει,
3069 1943 3105 2013 ἢ
3162 1949 3240 2019 τῷ
3282 1950 3466 2022 γυμνῷ
3507 1944 3716 2019 ἱμάτιον

2067 2029 2259 2089 διδόναι
2331 2040 2551 2113 περιττῇ
2616 2031 2853 2106 ποικιλίᾳ
2937 2033 3414 2111 κατεκευασμένον,
3474 2030 3610 2088 ἀλλὰ
3652 2032 3718 2087 τὰ

2067 2121 2163 2189 τὴν
2194 2122 2483 2201 ἀναγκαιαν
2547 2122 2731 2203 χρείαν
2788 2122 3153 2202 παρεχόμενα,
3190 2124 3256 2187 ἢν
3301 2125 3328 2179 6
3380 2128 3573 2178 πεινῶν
3628 2122 3717 2177 καὶ

2069 2213 2097 2267 6
2128 2211 2469 2289 γυμνητεύων
2498 2210 2764 2283 ἐπιζητεῖ.
2799 2210 2978 2275 Οἷτως
3036 2211 3103 2267 τὰ
3163 2212 3281 2289 περὶ
3354 2211 3552 2268 τούτων
3582 2207 3711 2265 διοι-

2066 2303 2393 2378 κησάμενος,
2466 2303 2727 2371 ἐπιτίθησι
2789 2304 2993 2368 τούτοις
3065 2317 3183 2368 τοῖς
3241 2302 3343 2372 ἤδη
3415 2304 3713 2382 εἰρημένοις

2067 2392 2154 2447 καὶ
2210 2390 2385 2471 ἕτερον
2443 2392 2726 2449 ἐπακτικὸν
2782 2393 2914 2472 πρὸς
2998 2395 3363 2473 μεταχείρισιν
3417 2393 3514 2461 τῆς
3574 2391 3711 2471 ἀγά-

2066 2502 2197 2548 πης.
2229 2482 2289 2539 Τί
2343 2483 2535 2555 τοῦτο;
2589 2482 2698 2549 Τὴν
2757 2482 2931 2549 νίκην,
2978 2482 3117 2548 Φησὶ
3161 2483 3284 2560 γὰρ,
3344 2479 3426 2537 ὅτι
3486 2483 3584 2537 Δια
3612 2485 3712 2549 τῆς

2064 2571 2194 2648 πρὸς
2238 2572 2327 2626 τὸν
2396 2567 2617 2650 ἀδελφὸν
2674 2568 2918 2649 ἀγάπης,
2975 2569 3135 2627 τέκνα
3193 2577 3536 2635 συνιστῶντες
3593 2571 3713 2627 ἐαυ-

2064 2661 2185 2723 τοὺς
2216 2669 2307 2719 τοῦ
2349 2666 2501 2733 Θεοῦ,
2550 2657 2703 2739 ἔχετε
2750 2660 2836 2717 καὶ
2877 2665 3030 2715 τοῦτο
3084 2658 3186 2726 ἤδη
3240 2661 3335 2716 τοῦ
3363 2660 3707 2739 κατορθώμα-

2065 2770 2155 2811 τος
2204 2750 2389 2806 τούτου
2446 2746 2873 2824 ἐπακολούθημα,
2933 2749 2995 2803 τὸ
3037 2750 3126 2804 τὸν
3182 2748 3382 2824 κόσμον
3438 2755 3607 2822 νικᾷν,
3642 2750 3711 2807 Τὸ

2066 2842 2166 2921 γὰρ
2194 2840 2576 2919 γεγεννημένον
2606 2840 2667 2896 ἐκ
2708 2847 2796 2896 τοῦ
2825 2847 2955 2899 Θεοῦ
2996 2846 3116 2914 νικᾷ
3153 2842 3244 2897 τὸν
3300 2842 3524 2918 κόσμον.
3574 2842 3711 2898 Εἶτα

2065 2931 2381 3009 παρατίθησι
2411 2931 2500 2985 καὶ
2554 2930 2653 2997 τὴν
2709 2930 2883 3004 νίκην,
2936 2930 3024 2986 καὶ
3078 2931 3140 2987 τὸ
3198 2928 3280 2986 διὸ
3326 2932 3360 2999 ἡ
3419 2930 3562 3005 νίκη,
3611 2931 3711 2997 τὴν

332 3007 490 3069 niam
525 3007 583 3068 id
606 3010 757 3088 quod
794 3022 997 3070 natum
1032 3018 1122 3071 est
1167 3029 1235 3072 ex
1281 3008 1612 3083 Deo,vincit
1665 3010 1973 3075 mundum.

2070 3007 2239 3076 πίστιν
2308 3018 2604 3100 ἀμφότερον
2675 3017 2817 3075 εἶναι
2886 3016 3080 3097 λέγων,
3127 3016 3372 3087 δηλονότι
3414 3019 3514 3087 τὴν
3578 3022 3710 3099 πρὸς

329 3095 559 3159 Deinde
590 3097 753 3158 addit
783 3108 837 3159 et
869 3097 1200 3172 victoriam,
1240 3107 1296 3159 et
1326 3097 1465 3178 quid
1500 3098 1573 3159 sit
1599 3117 1775 3160 causa
1791 3100 1976 3161 vic:o-

2060 3108 2150 3164 τὸν
2194 3109 2347 3181 Θεὸν,
2379 3106 2414 3175 ἤ
2458 3131 2537 3173 τις
2566 3110 2654 3166 καὶ
2709 3107 2770 3164 ἐκ
2815 3114 2907 3164 τυῦ
2957 3115 3090 3167 Θεοῦ
3136 3111 3452 3186 γεννηθετσα
3503 3108 3711 3177 ἒνίκησε

326 3187 456 3266 τίω,
490 3203 556 3247 ac
589 3193 905 3266 utrumque
932 3186 1070 3249 lidei
1093 3188 1409 3249 convenire
1434 3186 1596 3264 dicit,
1621 3194 1671 3250 ei
1706 3188 1980 3252 videlicet

2070 3194 2234 3245 πᾶσαν
2304 3188 2547 3246 ἀπιστίαν
2604 3190 2691 3245 καὶ
2760 3186 3027 3264 ἀπήλασε,
3088 3193 3177 3245 καὶ
3236 3186 3518 3270 Ἰουδαῖος,
3594 3191 3710 3246 οὔτε

328 3293 461 3355 quae
501 3282 590 3335 est
622 3292 761 3353 erga
790 3273 1004 3351 Deum,
1038 3293 1171 3354 qua!
1193 3275 1369 3337 etiam
1404 3294 1471 3338 ex
1506 3274 1627 3339 Deo
1660 3286 1815 3351 nata,
1841 3278 1979 3340 vicit

2070 3267 2302 3358 ιἸΞλλην,
2377 3275 2493 3335 οὔτε
2548 3278 2807 3358 αἱρετικὸς
2888 3274 3099 3333 δύναται
3162 3278 3293 3355 πρὸς
3350 3267 3537 3349 αὒτήν,
3614 3279 3711 3336 Καὶ

327 3370 387 3425 et
411 3362 606 3440 abegit
634 3382 871 3424 omnem
916 3363 1601 3427 incredulitatemzboﬁ
1643 3384 1837 3446 neque
1866 3364 1976 3429 Ju-

2070 3365 2245 3435 ἐπειδὴ
2274 3368 2309 3436 ἡ
2350 3367 2523 3431 πίστις
2554 3370 2614 3425 ού
2656 3364 2791 3443 ψιλὴ
2822 3371 2963 3440 νικᾷ,
3025 3365 3162 3423 ἀλλὰ
3190 3368 3323 3443 μετὰ
3357 3376 3451 3424 τοῦ
3489 3367 3710 3449 ἔχοντος

326 3451 509 3525 ἀωυε,
537 3471 731 3532 neque
760 3451 1225 3535 Graecusmeque
1246 3453 1569 3518 Haercticns
1585 3466 1776 3537 potest
1809 3458 1981 3539 quid-

2070 3456 2247 3531 αὐτὴν,
2280 3454 2363 3513 διὰ
2391 3463 2544 3514 τοῦτο
2595 3455 2902 3535 προστίθησι
2951 3470 2965 3483 ⁸
3037 3474 3067 3515 ι
3098 3458 3196 3514 Καὶ
3250 3458 3328 3520 τίς
3372 3457 3512 3514 ἐστιν
3569 3460 3598 3514 6
3627 3480 3711 3514 νι-

327 3560 502 3625 quam
526 3543 808 3605 adversus
838 3544 1020 3608 illam.
1055 3546 1128 3607 Et
1156 3548 1432 3626 quoniam
1467 3548 1614 3608 tldes
1658 3566 1776 3609 non
1814 3549 1972 3613 nuda

2070 3547 2169 3604 εῶν
2209 3548 2300 3603 τὸ)
2345 3546 2572 3622 κόσμον,
2617 3545 2768 3621 εἰμὴ
2823 3546 2851 3601 6
2882 3546 3146 3603 πιστεύων
3179 3543 3259 3602 ὅτι
3313 3546 3521 3613 Ἰησοῦς
3571 3547 3714 3604 ἐστιν

324 3633 527 3704 vincit,
560 3634 664 3694 sed
699 3652 814 3694 una
843 3653 975 3695 cum
1012 3654 1082 3697 eo
1119 3636 1220 3715 qui
1255 3635 1441 3717 ipsam
1491 3637 1689 3711 habet,
1724 3648 1965 3719 propte-

2070 3663 2079 3693 ι
2123 3640 2240 3702 Υἱὸς
2308 3643 2399 3693 τοῦ
2441 3641 2614 3711 Θεοῦ,
2673 3658 2699 3690 ι
2764 3635 2861 3693 Καὶ
2902 3634 2978 3698 τίς
3028 3635 3178 3698 οὗτός
3232 3637 3369 3692 εστὶν
3448 3636 3703 3717 Ἰησοῦς,

322 3739 428 3785 rea
459 3721 643 3785 addit.
680 3747 699 3778 ι
740 3722 810 3784 Ει
841 3723 974 3805 quis
1025 3733 1114 3786 est
1166 3725 1262 3806 qui
1295 3726 1473 3787 vincit
1505 3727 1813 3804 mundum,
1851 3728 1964 3789 nisi

2070 3740 2107 3788 Ο
2138 3728 2204 3786 δι’
2233 3724 2417 3790 ὓδατος
2450 3726 2531 3783 καὶ
2565 3722 2759 3801 ἴματος
2790 3723 2994 3791 Ἰησοῦς
3036 3726 3064 3780 6
3098 3725 3342 3804 Χριστός.

323 3812 423 3892 qui
469 3811 661 3873 credit
718 3813 873 3893 quod
903 3812 1077 3876 Jesus
1107 3823 1198 3876 est
1226 3814 1412 3877 Filius
1460 3814 1613 3879 Dei?
1649 3840 1671 3875 ι)
1730 3816 1871 3890 Quis
1915 3829 2009 3885 est
2059 3826 2256 3883 autem
2307 3815 2419 3877 iste
2454 3811 2679 3877 Jesus?
2710 3811 2823 3885 Qui
2873 3829 2979 3894 per
3019 3830 3231 3896 aquam
3264 3822 3322 3876 et
3351 3813 3707 3895 sanguinem

325 3902 484 3962 venit
513 3899 690 3962 Jesus
720 3900 1008 3963 Christus.

403 3988 784 4064 V,6-12.Hic
813 3998 900 4054 est
930 3993 1041 4072 qui
1070 3996 1237 4055 venit
1260 4012 1369 4073 per
1394 4012 1614 4074 aquam
1645 4003 1702 4058 et
1731 4002 1977 4077 sangui-

2142 3998 2306 4065 Οῦτός
2373 3996 2513 4053 ἐστιν
2584 3997 2612 4051 6
2684 3992 2847 4051 ἐλθὼν
2918 3990 2992 4049 δι’
3047 3992 3233 4059 ὕδατος
3322 3998 3410 4052 καὶ
3479 3994 3712 4071 αἵματος

318 4097 460 4142 nem
488 4078 661 4142 Iesus
693 4080 1118 4145 Christusmon
1133 4099 1249 4163 per
1276 4101 1499 4162 aquam
1518 4084 1849 4159 solum,sed
1870 4105 1981 4167 per

2070 4087 2270 4157 Ἰησοῦς
2316 4086 2569 4165 Χγιστὸς,
2628 4088 2725 4143 οὐκ
2776 4081 2830 4138 ἐν
2876 4087 2954 4156 τῷ
3018 4081 3164 4139 ὕδατι
3223 4084 3408 4159 μόνον,
3481 4081 3601 4141 ἀλλ’
3660 4083 3715 4140 ἐν

324 4185 545 4247 aquam
576 4176 630 4231 et
649 4175 1033 4250 sanguinem.
1056 4171 1142 4233 Et
1170 4173 1522 4253 spiritusest
1546 4175 1654 4253 qui
1692 4176 1979 4255 testiﬁca-

2070 4181 2141 4253 τῷ
2204 4174 2352 4234 ὕδατι
2408 4175 2495 4230 καὶ
2550 4179 2627 4248 τῷ
2670 4172 2884 4247 α’ίματι.
2934 4173 3032 4229 Καὶ
3085 4173 3148 4228 τὸ
3204 4171 3412 4248 Πνεῦμα
3467 4172 3598 4244 ἐστι,
3654 4174 3714 4229 τὸ

333 4265 459 4332 tur,
495 4259 785 4338 quoniam
826 4260 1093 4339 Spiritus
1121 4270 1207 4323 est
1239 4267 1491 4326 veritas.
1529 4264 1831 4337 Quoniam
1863 4272 1984 4327 tres

2070 4267 2381 4345 μαρτυροῦν,
2477 4261 2558 4318 ὅτι
2654 4262 2716 4317 τὸ
2798 4261 3011 4337 Πνεῦμά
3095 4260 3238 4318 ἐστιν
3333 4264 3368 4330 ἡ
3465 4260 3709 4332 ἀλήθεια.

331 4355 474 4409 sunt
504 4349 609 4427 qui
631 4347 1527 4430 testiﬁcantur,Spiritus,aqua
1550 4358 1605 4414 et
1630 4355 1903 4435 sanguis;
1931 4361 1984 4417 et

2109 4364 2201 4413 Οτι
2246 4366 2393 4434 τρεῖς
2448 4353 2578 4408 εἶσιν
2622 4352 2667 4408 οἱ
2723 4357 3127 4431 μαρτυροῦντες,
3202 4353 3265 4407 τὸ
3326 4358 3557 4432 Πνεῦμα,
3626 4352 3713 4408 καὶ

333 4436 401 4497 hi
430 4441 550 4498 tres
573 4436 651 4497 ad
678 4453 868 4497 unum
896 4445 1061 4499 sunt.
1094 4437 1168 4500 Si
1210 4440 1621 4503 testimonium
1669 4440 1984 4505 hominum

2070 4448 2126 4503 τὸ
2168 4443 2324 4518 ὕδωρ,
2372 4442 2459 4498 καὶ
2486 4443 2548 4497 τὸ
2577 4441 2740 4516 αἷμα.
2785 4442 2874 4497 καὶ
2916 4443 2963 4497 οἱ
3009 4455 3153 4521 τρεῖς
3200 4443 3272 4506 εἰς
3330 4443 3390 4498 τὸ
3449 4441 3499 4499 ἓν
3556 4443 3711 4508 εἰσιν,

330 4523 688 4603 accipimus,
714 4528 1124 4589 testimonium
1156 4527 1274 4590 Dei
1302 4532 1542 4609 majus:
1567 4532 1852 4610 quoniam
1874 4532 1984 4594 hoc

2074 4537 2130 4593 Εἰ
2196 4535 2296 4602 τὴν
2352 4532 2633 4612 μαρτυρίαν
2696 4536 2801 4586 τῶν
2871 4530 3156 4609 ἀνθρώπων
3254 4530 3620 4607 λαμϐάνομεν,
3677 4534 3712 4600 ἡ

330 4621 420 4677 εει
450 4614 858 4705 testimonium
880 4617 1013 4705 Dei,
1048 4617 1209 4698 quod
1250 4619 1602 4697 testiﬁcatus
1622 4628 1709 4681 est
1738 4620 1810 4683 de
1830 4622 1984 4684 Filio

2070 4623 2319 4704 μαρτυρία
2360 4631 2455 4682 τοῦ
2496 4628 2628 4679 Θεοῦ
2700 4621 2890 4697 μείζων
2960 4621 3122 4684 ἐστίν,
3185 4612 3314 4679 ιὈτι
3387 4620 3518 4690 αὕτη
3576 4622 3712 4679 ἐστὶν

330 4702 596 4779 suo.Qui
606 4703 792 4766 credit
814 4710 881 4766 in
897 4704 1135 4768 Filium
1159 4706 1473 4787 Dei,habet
1497 4710 1905 4779 testimonium
1919 4712 1987 4773 in

329 4794 542 4873 seipse.
556 4790 680 4867 Qui
696 4810 818 4856 non
843 4794 1035 4857 credit
1054 4797 1199 4871 Deo,
1212 4795 1583 4870 ,mendacem
1598 4799 1741 4877 fecit
1765 4803 1983 4878 ipsum,

330 4885 617 4963 quianon
636 4884 829 4946 credit
849 4890 914 4946 in
950 4886 1394 4959 testimonium,
1429 4887 1588 4965 quod
1626 4889 1989 4968 tes/iﬁcatus

330 4977 419 5033 est
434 4971 589 5033 Deus
606 4972 677 5034 de
700 4975 861 5037 Filio
882 4974 1107 5037 suo.Et
1128 4975 1239 5038 hoc
1254 4985 1341 5039 est
1365 4978 1802 5053 testimonium,
1827 4980 1991 5060 quod

330 5060 521 5123 vitam
542 5070 831 5126 detentum
861 5064 1031 5127 dedit
1070 5066 1243 5128 nobis
1287 5064 1448 5129 Deus
1478 5084 1491 5129 :
1523 5074 1579 5127 et
1610 5068 1732 5130 Ιιιει
1761 5069 1891 5131 vita
1920 5071 1989 5131 in

330 5150 502 5241 Filio
524 5155 651 5241 ejus
680 5162 791 5215 est.
823 5153 1137 5230 Qui/labet
1160 5154 1408 5231 Filium,
1430 5153 1607 5217 habet
1635 5158 1852 5219 vitam:
1877 5160 1989 5241 qui

329 5255 454 5302 non
480 5239 652 5305 habet
682 5242 908 5305 Filium
929 5245 1062 5320 Dei,
1100 5247 1289 5307 vitam
1325 5262 1445 5307 non
1474 5243 1672 5309 habet.

2067 4718 2101 4782 ἡ
2165 4713 2419 4793 μαρτυρία
2467 4733 2559 4793 του
2635 4718 2786 4785 Θεοῦ,
2848 4709 2914 4779 ἢν
2998 4712 3371 4791 μεμαρτύρηκε
3427 4716 3554 4792 περὶ
3624 4713 3718 4770 τοῦ

2072 4802 2195 4861 Υἱοῦ
2236 4791 2413 4881 αὐτοῦ,
2482 4791 2541 4857 Ὀ
2586 4800 2843 4856 πιστεύων
2908 4800 2981 4864 εἰς
3037 4801 3128 4856 τὸν
3178 4803 3325 4881 ,Υἱὸν
3393 4791 3505 4859 τοῦ
3558 4809 3710 4880 Θεοῦ,

2069 4892 2188 4971 ἔχει
2242 4892 2343 4959 τὴν
2398 4880 2684 4969 μαρτυρίαν
2754 4888 2809 4944 ἐν
2878 4889 3073 4965 ἑαυτῷ,
3171 4880 3227 4947 Ὀ
3301 4890 3380 4965 μὴ
3454 4891 3714 4949 πιστεύων

2069 4987 2148 5056 τῷ
2189 4988 2327 5062 Θεῷ,
2402 4979 2635 5055 ψεύστην
2687 4978 2977 5046 πεποίηκεν
3074 4978 3252 5048 αὐτὸν,
3311 4979 3392 5037 ὅτι
3448 4984 3509 5040 οὖ
3550 4981 3713 5038 πεπί-

2071 5092 2282 5128 στευκεν
2359 5070 2433 5131 εἰς
2489 5067 2587 5135 τὴν
2659 5067 2965 5148 μαρτυρίαν,
3049 5066 3117 5136 ἢν
3213 5071 3614 5149 μεμαρτύρηκεν
3687 5073 3715 5127 6

2074 5162 2203 5225 Θεὸς
2260 5160 2379 5239 περὶ
2445 5158 2538 5213 τοῦ
2605 5159 2727 5213 Υἱοῦ
2792 5156 2973 5217 αὐτοῦ.
3064 5159 3163 5217 Καὶ
3254 5158 3387 5227 αῦτη
3459 5160 3597 5220 ἐστὶν
3679 5162 3714 5229 ἡ

2070 5248 2343 5329 μαρτυρία,
2403 5247 2483 5303 ὃτι
2554 5246 2695 5335 ζωὴν
2760 5247 2971 5305 αἰώνιον
3023 5247 3215 5307 ἔδωκεν
3273 5251 3408 5326 ἡμῖν
3463 5253 3491 5308 6
3563 5250 3712 5335 656;.

335 5331 432 5423 Καί
476 5331 608 5423 αὕτη
705 5334 817 5403 ζωὴ
848 5332 903 5388 ἐν
945 5340 1021 5409 τῷ
1052 5334 1159 5409 Υἱῷ
1183 5334 1341 5393 αὐτοῦ
1368 5337 1533 5395 ἐστιν.
1570 5326 1629 5393 Ὀ
1675 5336 1819 5418 ἔχων
1860 5340 1952 5396 τὸν
1983 5325 2128 5414 Υἱὸν,
2149 5325 2279 5420 ἔχει
2309 5338 2408 5405 τὴν
2467 5337 2631 5407 ζωήν.
2668 5325 2726 5395 Ὀ
2755 5337 2833 5413 μὴ
2856 5336 2997 5419 ἔχων
3026 5342 3117 5398 τὸν
3163 5339 3283 5396 Υὶὸν
3310 5325 3405 5399 τοῦ
3431 5348 3583 5423 Θεοῦ,
3616 5325 3716 5408 τὴᾷ

331 5418 474 5489 ζωὴν
519 5422 613 5477 οὒκ
656 5420 796 5502 ἔχει,
850 5446 874 5477 υ

411 5505 699 5580 Quoniam
731 5517 791 5572 et
821 5509 1267 5591 propagationis
1302 5510 1558 5575 ﬁliorum
1598 5515 1986 5595 meminerat,

412 5670 442 5722 7
471 5667 674 5737 Matth.
711 5686 774 5755 ιι,
809 5670 910 5747 30,

2151 5516 2371 5587 Ἐπειδὴ
2425 5518 2733 5585 τεκνώσεως
2798 5518 3026 5596 ἐμνήσθι
3078 5527 3208 5580 Θεοῦ
3260 5524 3348 5581 καὶ
3418 5523 3596 5602 τόκου,
3646 5522 3717 5579 εἰ-
