4106 6422
305 398 420 467 677
1350 404 1749 473 COMMENT.
1798 405 1882 470 IN
1927 395 2177 473 EPIST.
2217 406 2245 468 I
2284 399 2621 470 JOANNIS.
3566 390 3685 462 678

304 539 441 622 πών,
477 545 588 597 Πᾶν
615 542 676 599 τὸ
707 540 1095 622 γεγεννημένον
1136 540 1196 598 ἐκ
1222 540 1314 598 τοῦ
1364 548 1517 614 Θεοῦ,
1576 539 1742 597 ταῦτα
1769 537 1825 595 δὲ
1867 536 1950 594 διὰ

2044 534 2459 600 dicens:0mne
2479 537 2632 619 quod
2663 546 2860 599 natum
2894 556 2962 600 ex
2986 538 3109 600 Deo
3135 555 3148 599 :
3185 535 3311 595 haec
3334 536 3687 622 autemﬂper

299 636 392 686 τοῦ
424 618 585 710 ⁷ἁγίου
633 618 996 708 βαπτίσματος
1050 633 1188 707 ἡμῖν
1254 632 1594 711 περιγίνεται,
1653 629 1739 687 διὰ
1794 628 1947 686 τοῦτό

2044 642 2265 686 herum
2299 625 2590 705 baptisma
2609 626 2777 688 nobis
2800 627 3498 711 contingunt;propterea
3515 618 3682 711 dicit:

303 706 494 799 φησιν,
525 742 552 775 ι
600 706 765 787 Οὗτός
808 706 949 777 ἐστιν
984 722 1012 777 6
1054 706 1219 777 ἐλθὼν
1274 706 1341 776 διἱ
1390 706 1581 783 ’ὕδατος
1629 721 1718 776 καὶ
1772 717 1950 793 αἵμα-

2044 711 2180 774 ιΗὶο
2212 723 2299 774 est
2330 713 2432 795 qui
2464 714 2620 776 venit
2653 733 2758 795 per
2786 732 2995 795 aquam
3030 724 3088 776 et
3117 709 3466 791 sanguinem
3512 706 3688 771 Jesus

302 829 392 873 τος
423 808 628 877 Ἰησοῦς
662 810 908 890 Χριστός.
944 832 972 864 ι
1023 811 1120 868 Καὶ
1150 809 1287 873 τίνος
1331 810 1490 890 χάριν
1549 806 1747 888 ἧλθενς
1783 804 1948 863 Ἀνα-

2044 800 2360 890 Christus.»
2397 802 2467 864 Et
2497 805 2667 883 cujus
2687 804 2871 882 gratia
2900 804 3103 866 venit?
3132 811 3319 865 utnos
3340 809 3684 883 regeneret,

303 900 500 976 γεννῶν
528 901 674 975 ἡμᾶς
730 900 818 956 καὶ
859 899 997 965 υἱοὺς
1040 905 1219 956 ποιῶν
1271 906 1426 961 Θεοῦ,
1490 899 1587 955 Καὶ
1644 899 1742 977 γὰρ
1796 902 1952 952 τοῦτο

306 990 380 1052 ὣς
410 987 668 1065 ἑπόμενον
690 995 767 1063 τῷ
808 986 953 1067 λόγῳ
1004 989 1094 1045 καὶ
1133 987 1458 1060 ἐξακούεται,
1513 985 1606 1043 ἵνα
1648 987 1686 1055 ἦ
1742 983 1908 1048 οὕτως
1938 1002 1950 1015 ⁸

313 1078 411 1135 Καὶ
468 1083 575 1135 πᾶν
615 1078 708 1135 τὸν
749 1076 1135 1156 γεγεννημένον
1191 1075 1250 1132 ἐκ
1289 1082 1383 1135 τοῦ
1449 1083 1580 1132 Θεοῦ
1647 1080 1767 1147 νικᾷ
1862 1073 1955 1129 τὸν

309 1164 533 1241 κόσμον.
582 1167 681 1224 Καὶ
722 1166 835 1229 πῶς
861 1166 1160 1244 ἐγεννήθη;
1211 1162 1290 1221 Δι’
1321 1163 1528 1244 ὕδατος,
1562 1165 1711 1244 φησὶ,
1744 1164 1832 1219 καὶ
1855 1159 1953 1218 αἵ-

309 1276 498 1330 ματος.
550 1244 607 1312 Ὀ
637 1255 737 1334 γὰρ
783 1253 947 1311 ἐλθὼν
999 1252 1201 1322 Ἰησοῦς
1262 1256 1290 1311 6
1345 1256 1591 1334 Χριστὸς,
1649 1251 1714 1309 δι’
1770 1250 1955 1316 ὕδατος

308 1342 565 1422 ἀναγεννᾷ
620 1345 708 1400 καὶ
764 1343 1018 1420 α’ίματος.
1092 1344 1404 1423 Προστίθησι
1448 1341 1503 1400 δὲ
1545 1341 1706 1400 πάλιν
1749 1341 1954 1399 ἐπανα-

307 1429 594 1506 λαμϐἀνων
640 1435 733 1491 τὸν
760 1431 943 1511 λόγον,
1017 1433 1112 1490 οῦκ
1168 1432 1223 1488 ἐν
1264 1438 1342 1508 τῷ
1391 1430 1537 1489 ὕδατι
1597 1431 1814 1499 φάσκων
1845 1430 1953 1506 μό-

307 1543 420 1600 νον,
484 1520 775 1600 ἀναγεννῶκ
825 1518 1094 1597 δηλονότι,
1154 1518 1275 1578 ἀλλ’
1333 1521 1388 1577 ἐν
1433 1528 1510 1596 τῷ
1550 1518 1695 1578 ὕδατι
1737 1521 1824 1580 καί
1878 1526 1956 1595 τῷ

307 1608 522 1683 αἵματι.
555 1610 809 1668 Βούλεται
866 1613 966 1690 γὰρ
1022 1617 1231 1691 πρῶτον
1303 1608 1468 1676 δεῖξαι
1523 1619 1616 1669 τοῦ
1655 1611 1952 1667 υἱοθετοῦν-

303 1720 395 1763 τος
450 1702 594 1777 ἡμᾶς
641 1702 865 1780 Χριστοῦ
906 1701 1004 1768 τὴν
1048 1697 1330 1778 ἀναδειξιν,
1382 1697 1463 1756 ὅτι
1508 1701 1536 1756 6
1593 1699 1646 1755 ἐν
1690 1699 1834 1774 αὖτῷ
1866 1695 1957 1757 ἄν·

2032 906 2105 950 ac
2134 889 2315 951 Filios
2340 890 2446 952 Dei
2479 891 2696 953 efficiat
2752 890 2896 954 Nam
2931 901 2988 954 et
3016 894 3130 954 hoc
3162 900 3437 971 tanquam
3463 907 3689 954 sermo-

2038 997 2173 1039 nem
2197 998 2571 1061 consequens
2602 980 3157 1062 subintelligitur,ut
3203 981 3278 1042 sit
3321 981 3416 1042 hic
3449 998 3681 1043 sensus.

2039 1065 2110 1127 Et
2137 1085 2311 1129 omne
2342 1070 2499 1149 quod
2549 1079 2751 1130 natum
2784 1079 2873 1132 est
2903 1089 2971 1132 ex
3005 1070 3125 1132 Deo
3156 1070 3336 1131 vincit
3375 1070 3685 1131 mundum.

2039 1153 2350 1227 Quomodo
2380 1166 2574 1219 autem
2609 1167 2806 1220 natum
2841 1159 2976 1223 est?
3008 1178 3113 1240 per
3142 1177 3381 1240 aquam,
3412 1157 3694 1239 inquit,et

2039 1245 2410 1323 sanguinem.
2447 1247 2758 1327 Siquidem
2778 1252 2948 1310 Jesus
2971 1248 3239 1311 Christus
3267 1249 3369 1329 qui
3398 1248 3694 1327 venit,per

2039 1350 2251 1414 aquam
2282 1344 2598 1415 regenerat
2617 1344 2675 1398 et
2705 1339 3080 1418 sanguinem.
3104 1339 3287 1400 Addit
3321 1345 3516 1398 autem
3551 1354 3691 1397 rur-

2035 1440 2165 1483 sum
2188 1424 2514 1503 repetendo
2543 1443 2882 1488 sermonem
2914 1427 3153 1491 dicens:
3180 1429 3310 1491 Non
3346 1443 3450 1505 per
3477 1443 3690 1507 aquam

2036 1512 2537 1587 solum,videlicet
2558 1518 3057 1595 regenerans,sed
3086 1536 3191 1599 per
3218 1534 3428 1598 aquam
3462 1524 3520 1576 et
3550 1534 3691 1577 san-

2037 1599 2303 1679 guinem.
2341 1603 2481 1664 Vult
2518 1605 2678 1666 enim
2699 1606 2956 1687 primum
2978 1606 3457 1686 designationem
3491 1613 3694 1666 osten-

2037 1689 2182 1781 dere
2212 1691 2433 1754 Christi
2463 1694 2561 1774 qui
2586 1713 2698 1757 nos
2721 1695 3019 1776 adaptavit
3043 1717 3057 1757 :
3084 1696 3362 1778 quoniam
3390 1695 3567 1761 homo
3595 1695 3697 1781 qui

307 1771 515 1868 θρωπος
558 1771 768 1871 πρῶτος
815 1790 1127 1856 υἱοθετηθεὶς
1168 1790 1270 1846 ὑπὸ
1311 1771 1494 1863 ’Θεοῦ,
1555 1788 1641 1845 καὶ
1873 1783 1955 1844 διὰ

2044 1771 2102 1841 in
2124 1781 2251 1861 ipso
2275 1771 2658 1880 erat,primus
2688 1803 2722 1846 a
2752 1771 2873 1847 Deo
2892 1771 3238 1880 adoptatus,
3263 1786 3436 1880 nobis
3456 1771 3695 1872 quoque

311 1879 411 1974 τῇς
468 1878 653 1936 ἑαυτοῦ
707 1878 963 1944 υἱοθεσίας
1005 1875 1306 1974 ἱχαρίσατο-
1345 1879 1407 1934 τὸ
1447 1887 1681 1974 τοιοῦτον
1727 1875 1954 1974 ἀξίωμα,

2044 1885 2152 1947 per
2179 1889 2345 1974 suam
2374 1872 2754 1974 adoptionem
2789 1875 2959 1974 dedit
2979 1877 3318 1974 hujusmodi
3349 1880 3690 1959 dignitatem

315 1957 394 2025 ⁸⁸0
454 1970 540 2025 καὶ
580 1968 718 2025 κατὰ
758 1967 971 2048 καιροὺς
1038 1957 1184 2042 τρεῖς
1256 1964 1535 2047 ἐξεφάνθῃ,
1582 1965 1666 2023 ἐπὶ
1724 1972 1812 2024 τοῦ
1853 1966 1957 2043 βα-

311 2056 603 2132 πτίσματος
646 2056 701 2113 ἐν
742 2064 819 2132 τῷ
868 2054 1124 2136 Ἰορδοίνῃ,
1170 2054 1368 2113 ἀνωθεν
1422 2055 1517 2113 τοῦ
1569 2057 1771 2136 Πατρὸς
1815 2075 1958 2133 μαρ-

310 2148 583 2220 τυροῦντος
651 2148 742 2203 τὸν
798 2145 1182 2223 βαπτιζόμενον
1241 2147 1363 2202 Υίὸν
1407 2144 1710 2223 ἀγαπητόν.
1772 2144 1860 2207 Τίς
1905 2141 1959 2198 δὲ

309 2236 337 2291 6
370 2232 629 2310 ἐμϐαίνων
674 2237 736 2292 τὸ
781 2234 936 2314 ὕδωρ,
984 2234 1021 2302 ἢ
1079 2235 1107 2291 ὁ
1157 2232 1533 2311 συνειλημένος
1577 2240 1655 2310 τῷ
1700 2240 1816 2308 Θεῷ
1851 2233 1959 2289 Λό-

307 2348 392 2403 γῳ
428 2323 741 2405 ἅνθρωπος;
778 2315 836 2383 ¢0
879 2322 1197 2404 φαινόμενος
1224 2330 1301 2398 τῷ
1356 2330 1570 2403 κρυπτῶ
1594 2339 1608 2353 ⁸
1663 2324 1832 2397 τούτῳ
1861 2323 1959 2401 γὰρ

311 2414 405 2470 καὶ
462 2411 562 2469 ἔδει
610 2414 709 2482 τὴν
768 2412 1053 2493 μαρτυρίαν
1121 2416 1383 2492 γενέσθαι,
1448 2414 1547 2469 Διά
1629 2422 1722 2472 τοῦ
1776 2410 1960 2477 ὕδατος

310 2502 422 2583 οὖν,
453 2502 743 2564 τουτέστιν,
805 2502 860 2557 ἐν
902 2508 979 2577 τῷ
1021 2499 1086 2557 δι’
1131 2499 1316 2565 ὕδατος
1358 2501 1682 2579 βαπτίσματι
1740 2499 1960 2582 ἐξεφάν-

2041 1959 2198 2039 quod
2230 1960 2405 2022 etiam
2441 1962 2633 2024 tribus
2664 1964 3036 2044 temporibus
3083 1966 3520 2031 demontratum
3552 1978 3641 2030 est
3678 1988 3689 2026 :

2043 2065 2259 2128 nempe
2300 2049 2361 2110 in
2393 2049 2691 2130 baptismo
2722 2051 2785 2113 in
2812 2053 3099 2131 Jordane,
3143 2055 3284 2117 598
3332 2077 3467 2119 cum
3522 2059 3698 2120 Pater

2043 2154 2304 2226 superne
2331 2139 2756 2202 testiﬁcaretur
2785 2159 2920 2203 eum
2946 2143 3047 2224 qui
3079 2143 3482 2226 baptizabatur
3521 2165 3695 2208 suum

2043 2243 2178 2317 esse
2203 2224 2421 2288 Filium
2446 2227 2733 2291 dilectum
2752 2231 2803 2288 8.
2845 2230 2989 2303 Quis
3036 2224 3230 2297 autem
3284 2234 3387 2297 ille
3437 2245 3565 2298 erat
3593 2236 3699 2317 qui

2043 2313 2351 2405 ingressus
2408 2325 2497 2379 est
2547 2336 2759 2400 aquam
2820 2320 2935 2382 nisi
2993 2322 3171 2385 homo
3232 2324 3333 2405 qui
3399 2343 3516 2385 una
3560 2313 3694 2386 cum

2042 2402 2164 2466 Deo
2199 2401 2390 2467 Verbo
2421 2417 2760 2490 assumptns
2793 2409 2935 2472 est?
2963 2410 3014 2472 is
3042 2420 3205 2475 certe
3238 2401 3338 2493 qui
3371 2415 3431 2475 in
3464 2414 3695 2476 occulto

2043 2493 2385 2574 apparebat,
2446 2513 2582 2557 nam
2637 2497 2776 2559 huic
2828 2517 2978 2580 opus
3010 2509 3136 2563 erat
3184 2503 3549 2565 testimonio.
3589 2505 3700 2566 l’er

313 2593 382 2657 θη
416 2591 533 2657 Υἱὸς
564 2593 696 2648 Θεοῦ
750 2593 778 2646 6
822 2590 1027 2657 Ἰησοῦς
1070 2586 1155 2646 διὰ
1219 2589 1320 2657 τῆς
1361 2596 1455 2647 τοῦ
1508 2590 1708 2668 Πατρὸς
1754 2610 1959 2668 μαρτυ-

2049 2601 2261 2663 aquam
2315 2603 2478 2675 ergo,
2516 2587 2628 2649 hoc
2658 2594 2769 2669 est,
2804 2587 2864 2649 in
2900 2589 3253 2670 baptismate
3283 2593 3441 2675 quod
3490 2592 3557 2654 ﬁt
3597 2612 3702 2674 per

316 2680 456 2760 ρίας.
512 2681 611 2738 Διὰ
639 2678 693 2736 δὲ
735 2686 828 2736 τοῦ
885 2677 1119 2756 αἵματος
1166 2698 1180 2711 ⁶
1238 2677 1325 2735 ὅτε
1370 2678 1581 2755 μελλων
1626 2680 1961 2758 σταυροῦσθαι

2048 2689 2283 2755 aquam,
2320 2674 2763 2738 demonstratus
2823 2687 2909 2738 est
2961 2678 3147 2742 Filius
3203 2674 3317 2745 Dei
3363 2697 3499 2745 esse
3530 2688 3701 2747 Jesus

316 2768 496 2849 ἔλεγε,
533 2792 561 2823 ι
595 2768 823 2835 Δόξασόν
853 2789 919 2845 με
945 2769 1028 2843 σὺ,
1065 2768 1259 2848 Πάτερ,
1301 2789 1325 2822 ιι
1377 2771 1460 2824 καὶ
1507 2768 1711 2848 ἠνέχθη
1760 2769 1795 2835 ἡ
1845 2789 1961 2847 φω-

2050 2780 2158 2842 per
2208 2761 2611 2825 testimonium
2661 2764 2875 2831 Patris.
2941 2769 3054 2829 Per
3127 2772 3475 2852 sanguinem
3540 2792 3698 2855 vero,

453 2883 483 2916 κ
550 2860 648 2917 Καὶ
704 2855 921 2923 ἐδόξασα
959 2858 1046 2915 καὶ
1073 2857 1233 2915 πάλιν
1262 2855 1524 2931 Scinio-to,»
1545 2857 1611 2926 ἢν
1632 2858 1719 2914 καὶ
1742 2856 1961 2935 βροντὴν

2048 2851 2285 2943 quando
2315 2851 2749 2943 cruciﬁgendus
2780 2854 3060 2919 dicebat:
3097 2883 3123 2914 α
3161 2851 3434 2927 Gloritica
3478 2884 3572 2926 mc
3615 2851 3697 2943 tu;

317 2952 571 3029 ἐνόμισαν
620 2951 669 3007 οἱ
724 2949 1066 3015 ἀκούσαντες.
1126 2948 1225 3004 Διὰ
1277 2946 1332 3003 δὲ
1387 2951 1478 3005 τοῦ
1521 2948 1845 3024 Πνεῦματος,
1880 2945 1961 3002 ὅτε

2052 2941 2285 3015 Pater,-
2324 2948 2381 3002 et
2406 2941 2601 3004 delata
2627 2952 2715 3004 est
2743 2962 2872 3007 vox:
2907 2947 3017 3008 ιΕι
3045 2947 3364 3025 gloriﬁcavi
3383 2962 3440 3014 et
3462 2941 3700 3015 rursum

317 3045 396 3106 ὡς
460 3041 588 3105 Θεὸς
644 3036 838 3104 ἀνέστη
894 3036 955 3094 ἐκ
1011 3043 1230 3115 νεκρῶν.
1277 3043 1407 3093 Θεοῦ
1455 3038 1554 3117 γὰρ
1596 3045 1750 3096 τοῦτο
1807 3035 1961 3113 μόνου

2051 3029 2392 3108 gloriﬁcabo
2412 3032 2503 3108 ις»
2541 3051 2716 3113 quam
2766 3041 2939 3096 etiam
2976 3039 3295 3101 tonitruum
3330 3060 3462 3106 esse
3493 3040 3698 3105 existi-

313 3128 530 3205 λοιπὸν,
562 3130 624 3185 τὸ
662 3127 877 3199 ἀνιστᾷν
907 3125 1114 3185 ἑαυτόν.
1162 3132 1240 3204 Τῇ
1273 3123 1326 3182 δὲ
1386 3136 1477 3185 τοῦ
1513 3126 1816 3202 Πνεύματος
1861 3146 1961 3206 φω-

2054 3119 2291 3211 mabant
2322 3120 2380 3181 hi
2412 3128 2508 3201 qui
2542 3122 2911 3187 audiverant.
2972 3129 3080 3188 Per
3132 3120 3420 3209 Spiritum
3475 3141 3697 3211 autem,

315 3224 410 3292 νῆρ
472 3219 784 3295 σημαίνεται
841 3219 870 3273 ὂ
921 3216 1050 3279 Θεός
1101 3232 1114 3247 ⁸
1174 3216 1287 3273 ἐπεὶ
1335 3217 1422 3273 καὶ
1482 3222 1691 3292 Πνεῦμα
1721 3216 1749 3272 ὃ
1809 3216 1961 3279 Θεός.

2051 3209 2287 3288 quando
2339 3218 2617 3292 tanquam
2668 3212 2825 3274 Deus
2853 3215 3113 3277 surrexit
3144 3235 3212 3279 ex
3242 3220 3514 3284 mortuis.
3551 3209 3700 3284 Nam

314 3316 491 3390 Τριῶν
572 3307 661 3365 οὖν
730 3306 1151 3386 μαρτυρούντων,
1225 3312 1317 3363 τοῦ
1387 3305 1778 3382 βαπτίσματος,
1836 3312 1961 3363 τοῦ-

2050 3298 2159 3358 soli
2183 3298 2305 3361 Deo
2330 3300 2442 3390 hoc
2471 3301 2831 3382 relinquitur
2854 3304 3193 3386 utseipsum
3217 3309 3484 3373 suscitet.
3522 3313 3701 3373 Porro

313 3386 564 3479 σταυροῦ,
608 3398 706 3463 τῆς
754 3391 1092 3458 ἀναστάσεως
1147 3394 1247 3463 τὴν
1304 3404 1395 3453 νοῦ
1450 3390 1624 3461 Ἰησοῦ
1686 3395 1961 3469 υἱοθεσίαν,

2048 3386 2314 3481 dictione
2343 3388 2621 3481 Spiritus,
2651 3391 3017 3481 significatur
3031 3398 3701 3481 Deuszquandoquidem

314 3477 706 3567 ἀναμφίλεκτος
763 3486 798 3553 ἡ
856 3482 948 3541 τοῦ
992 3484 1179 3563 Κυρίου
1244 3483 1489 3558 υἱοθεσία,
1546 3480 1613 3539 δι’
1657 3487 1724 3552 ἧς
1794 3487 1961 3541 υἱοθε-

2051 3485 2109 3567 et
2139 3477 2399 3556 Spiritus
2431 3489 2519 3539 est
2546 3477 2699 3542 Deus
2726 3478 3093 3554 '°.Quoniam
3125 3477 3302 3566 igitur
3334 3477 3521 3552 tribus
3546 3490 3706 3553 testi-

313 3563 595 3647 σίας-καὶ
634 3576 768 3650 ἡμῖν
811 3575 884 3636 ὡς
915 3572 1139 3653 ἀπαρχὴ
1195 3581 1287 3629 τοῦ
1330 3572 1455 3632 ὅλου
1498 3572 1818 3645 ἀνθρωπείου
1861 3596 1961 3654 φυ-

2046 3563 2300 3625 ﬁcantur
2322 3568 2463 3627 Jesu
2493 3567 2896 3651 adoptionem,
2922 3590 3134 3654 nempe
3153 3563 3707 3659 baptismo,passio-

316 3669 556 3748 ράματος
626 3667 723 3743 ὧν,
768 3661 1055 3742 ἐχαρίσατο
1124 3663 1185 3718 τὸ
1234 3662 1372 3728 υἱοὺς
1440 3662 1581 3719 εἶναι
1654 3667 1807 3723 Θεοῦ.
1870 3665 1961 3720 Καὶ

2046 3671 2123 3748 ne
2154 3662 2210 3748 et
2230 3658 2853 3748 resurrectione,nibil
2876 3663 3275 3742 ambiguitatis
3298 3658 3707 3730 habetDomi-

316 3743 390 3813 τὰ
431 3755 548 3834 τρία
587 3759 751 3810 ταῦτα
800 3753 874 3811 εἰς
939 3749 1028 3807 ἕνα
1084 3752 1174 3806 τὸν
1229 3751 1451 3829 Χριστόν
1498 3753 1619 3813 εἰσι.
1666 3750 1829 3811 Τοῦτο
1870 3753 1961 3831 γάρ

2051 3743 2112 3803 ni
2143 3743 2379 3839 adoptio
2410 3767 2422 3803 :
2459 3764 2567 3825 per
2597 3766 2772 3839 quam
2797 3750 3177 3830 adoptionem
3222 3755 3394 3815 nobis
3440 3775 3698 3839 quoque,

316 3833 571 3922 σημαίνει
600 3841 685 3902 διὰ
714 3850 807 3900 τοῦ
849 3844 1043 3919 εἷπεϊι,
1112 3862 1135 3898 ι
1171 3843 1231 3901 Οἱ
1272 3855 1418 3923 τρεῖς
1449 3843 1522 3907 εἷς
1580 3845 1642 3900 τὸ
1691 3842 1745 3899 ἕν
1777 3844 1899 3915 εἶσι,
1935 3866 1961 3898 n

2050 3841 2113 3895 ut
2140 3833 2244 3914 qui
2274 3845 2434 3923 esset
2466 3836 2742 3915 primitiae
2773 3839 2949 3900 totius
2971 3840 3247 3903 humanae
3278 3833 3705 3920 massae,do_na;

317 3935 614 4007 τουτέστιν,
701 3934 775 3997 εἷς
838 3933 936 4000 τὴν
1005 3932 1123 4011 περὶ
1177 3941 1269 3991 τοῦ
1340 3939 1566 4011 Χριστοῦ
1662 3933 1961 4013 μαρτυρίαν.

2052 3925 2134 3985 vit
2163 3930 2226 3984 ut
2255 3922 2361 3983 filii
2390 3922 2498 3986 Dei
2527 3933 2899 3991 essemus.Et
2930 3930 3054 3991 haec
3086 3931 3200 3993 tria
3229 3933 3288 3993 in
3322 3954 3504 3995 unum
3539 3935 3708 3999 Chri-

317 4023 517 4084 Ἰστέον
560 4021 615 4079 δὲ
656 4021 730 4087 ὥς
758 4043 897 4087 τινες
927 4022 1033 4078 τῶν
1089 4020 1337 4100 Πατέρων
1390 4024 1451 4078 τὸ
1508 4029 1719 4099 Πνεῦμα
1775 4022 1834 4078 οῦ
1888 4020 1961 4078 διὸ

2056 4022 2207 4074 stum
2242 4021 2379 4074 sunt
2408 4032 2420 4076 :
2450 4032 2585 4076 nam
2614 4016 2727 4077 hoc
2760 4017 3076 4101 signiﬁcat,
3110 4019 3319 4084 dicens
3353 4045 3366 4085 :
3408 4044 3434 4083 ι
3467 4023 3541 4086 Hi
3589 4038 3711 4088 tres

314 4115 420 4182 τὴν
449 4112 735 4169 ἀνάστασιν
777 4108 999 4191 ἔφασαν,
1058 4108 1193 4169 ἀλλὰ
1219 4112 1310 4166 τὸν
1356 4109 1582 4192 Πατέρα,
1640 4111 1728 4168 ὅτε
1784 4111 1838 4168 ἐν
1896 4117 1961 4186 τῷ

2054 4103 2126 4163 ad
2162 4121 2342 4192 unum
2366 4113 2561 4177 sunt,»
2591 4105 2701 4166 hoc
2723 4108 2903 4168 estad
2928 4110 3328 4173 testimonium
3352 4112 3424 4174 de
3448 4115 3706 4179 Christo.

317 4200 558 4282 Ἰορδάνῃ
600 4197 793 4269 ἐϐόησε
818 4189 906 4273 τὸ,
948 4220 971 4256 α
1006 4199 1170 4262 Οὗτός
1202 4198 1345 4257 ἐστιν
1387 4202 1416 4257 ὁ
1462 4189 1580 4264 fids;
1626 4220 1729 4277 μου
1753 4202 1781 4258 6
1831 4200 1961 4280 ἀγα-

2056 4189 2375 4254 Sciendum
2407 4201 2496 4255 est
2523 4202 2719 4256 autem
2750 4197 2907 4277 quod
2940 4199 3209 4262 nonnulli
3244 4203 3480 4264 Patrum
3513 4205 3708 4285 Spiri-

316 4293 516 4371 πητὸς,
554 4313 582 4347 ι
656 4293 836 4348 καθόνι
893 4290 982 4346 καὶ
1038 4295 1271 4365 Πνεῦμα,
1333 4291 1406 4354 ὡς
1463 4292 1884 4371 προειρήκαμεν,
1945 4293 1961 4347 ί

2056 4289 2204 4359 tum,
2235 4302 2354 4343 non
2389 4294 2625 4365 propter
2655 4288 3154 4350 resurrectionem
3190 4303 3577 4373 acceperunt,
3603 4294 3707 4355 sed

320 4382 456 4445 Θεὸς
500 4370 733 4458 λέγεται.
780 4377 955 4438 Ταῦτα
996 4379 1182 4458 εἰπὼν,
1229 4378 1463 4475 ἐπιρρέρει
1506 4370 1680 4438 πίστιν
1734 4385 1841 4437 τῶν
1882 4378 1961 4475 λε-

2056 4370 2288 4433 Patrem
2319 4371 2512 4453 ipsum
2547 4375 2783 4453 quando
2814 4376 2877 4437 in
2905 4374 3169 4441 Jordane
3194 4370 3468 4443 clamavit
3501 4404 3514 4443 :
3548 4408 3573 4439 α
3600 4381 3712 4445 Hic

322 4469 570 4551 γομένων
638 4468 744 4525 ἀπὸ
800 4473 897 4525 τσῦ
958 4464 1239 4531 ἐλάττονος
1296 4466 1468 4534 αὕτως
1527 4470 1710 4530 εἰπών.
1760 4470 1820 4526 Εἰ
1873 4469 1961 4537 τὴη

2060 4460 2364 4552 estFilius
2394 4481 2563 4552 meus
2591 4463 2867 4547 dilectus;
2896 4492 2922 4522 ι)
2947 4476 3266 4549 propterea
3288 4473 3445 4552 quod
3480 4472 3712 4535 etDeus

327 4548 617 4639 μαρτυρίαν
692 4561 800 4615 τῶν
856 4555 1142 4621 ἀνθρώπων
1186 4556 1305 4637 περί
1370 4580 1514 4622 τινος
1570 4560 1782 4616 ὁτουοῦν
1828 4557 1961 4635 λαμ-

2058 4551 2275 4641 dicitur
2320 4548 2577 4632 Spiritus
2626 4561 2691 4615 ut
2721 4548 3234 4636 praediximusﬂis
3256 4548 3428 4622 dictis
3461 4579 3710 4641 persua-

327 4646 584 4729 ϐάνομεν,
626 4650 686 4707 οῦ
722 4644 909 4722 πολλῷ
937 4643 1260 4727 δικαιότερον
1312 4642 1566 4723 λάϐοιμεν
1619 4648 1719 4716 τὴν
1749 4648 1855 4705 ἀπὸ
1885 4658 1961 4708 τοὶ

2058 4640 2288 4702 sionem
2314 4658 2521 4731 eorum
2571 4662 2702 4724 quae
2746 4644 3047 4720 dicuntur,
3083 4666 3117 4708 a
3148 4648 3366 4711 minori
3383 4640 3707 4731 subjungit,

329 4737 462 4796 Θεοῦ
515 4744 609 4796 τοῦ
664 4735 939 4817 μείζονοςς
1020 4739 1058 4805 ἧ
1100 4736 1201 4816 γὰρ
1254 4736 1379 4816 οὐχὶ
1434 4734 1565 4805 αὕτη
1621 4739 1655 4806 ἡ
1726 4738 1961 4818 μαρτυρία

2060 4729 2142 4791 ita
2170 4729 2416 4793 dicens:
2452 4730 2516 4794 Si
2567 4733 2970 4796 testimonium
3027 4737 3336 4800 hominum
3380 4739 3457 4802 de
3489 4729 3716 4819 vulgari

323 4829 446 4907 περὶ
526 4831 621 4883 τοῦ
674 4828 798 4882 Υἶοῦ
854 4825 1033 4892 αὐτοῦ,
1092 4823 1212 4894 ἤτοι
1252 4827 1347 4881 τοῦ
1388 4826 1612 4905 Χριστοῦ
1710 4826 1816 4884 ἀπὸ
1885 4832 1978 4885 τοῦ

321 4905 458 4977 Θεοῦ
484 4916 669 4999 ἐστινς
717 4905 778 4974 εΟ
825 4915 1088 4972 πιστεόων
1124 4913 1212 4971 οὖν
1255 4915 1330 4978 εἰς
1384 4916 1476 4971 τὸν
1531 4916 1654 4973 Γίὸν
1695 4925 1792 4976 τοῦ
1820 4923 1975 4991 Θεοῦ,

320 5004 405 5064 ὅτι
436 5005 564 5070 Θεός
596 5005 737 5062 ἐστιν
766 5005 840 5070 ὡς
871 5005 991 5068 Υἱὸς
1023 5010 1178 5083 Θεοῦ,
1233 5002 1384 5083 ἔχειν
1428 5004 1530 5073 τὴν
1588 5006 1871 5085 μαρτυρίαν
1922 5007 1978 5062 ἒν

322 5096 492 5177 αὐτῷ,
523 5094 816 5168 τουτέστιν,
890 5092 945 5149 ἐν
990 5093 1183 5169 ἐαυτῷ,
1241 5092 1505 5151 πιστεύων
1560 5093 1641 5152 ὅτι
1705 5096 1793 5154 καὶ
1822 5096 1979 5177 αὐτὸς

323 5176 640 5244 υἱοθετετται
681 5182 766 5241 διὰ
807 5185 902 5241 τοῦ
954 5182 1342 5251 υἱοθετηθὲντος
1386 5180 1567 5251 Ἰησοῦ
1592 5185 1693 5242 ὑπὸ
1738 5192 1890 5245 Θεοῦ.
1922 5176 1980 5243 ’0

328 5276 411 5352 μὴ
438 5274 703 5334 πιστεύων
760 5271 814 5330 δὲ
870 5270 982 5331 δυσὶ
1024 5270 1216 5353 ἔνοχος
1272 5271 1385 5330 ἐστι
1441 5287 1658 5351 κακοῖς,
1705 5274 1978 5350 ἀπιστίας,

2059 4819 2263 4901 quavis
2293 4839 2360 4882 re
2379 4820 2937 4902 accipimus.nonne
2958 4824 3144 4888 multo
3168 4827 3388 4907 justius
3434 4830 3714 4910 accipere

2060 4909 2351 4972 debemus
2381 4910 2787 4974 testimonium
2809 4931 2843 4974 a
2866 4915 2987 4977 Deo
3007 4914 3108 4997 qui
3127 4917 3320 4998 major
3337 4917 3458 4981 est?
3478 4909 3713 4982 Etenim

2059 5016 2258 5062 annon
2290 4999 2402 5061 hoc
2423 4999 2831 5063 testimonium
2863 5001 2937 5064 de
2959 5003 3112 5066 Filio
3137 5024 3244 5068 suo
3271 5007 3394 5070 sive
3418 5007 3650 5071 Christo
3682 5026 3716 5070 a

2061 5091 2185 5151 Deo
2207 5088 2328 5151 est?
2356 5088 2468 5162 Qui
2498 5088 2677 5169 igitur
2692 5089 2884 5155 credit
2906 5092 2968 5155 in
2988 5093 3205 5158 Filium
3233 5096 3529 5177 Dei,quod
3558 5096 3717 5159 Deus

2063 5178 2139 5241 sit
2166 5186 2441 5260 tanquam
2466 5177 2572 5241 Dei
2593 5177 2989 5255 Filius,habet
3019 5184 3425 5249 testimonium
3472 5186 3536 5248 in
3560 5187 3715 5268 ipso,

2063 5269 2176 5332 hoc
2199 5275 2313 5358 est,
2348 5269 2407 5330 in
2438 5267 2661 5358 seipso,
2683 5269 2937 5353 credens
2962 5272 3120 5353 quod
3145 5284 3205 5337 et
3232 5275 3361 5356 ipse
3403 5267 3720 5358 adoptatus

330 5365 566 5443 ψεύστην
605 5369 773 5422 ποιῶν
821 5363 913 5420 τὸν
971 5362 1126 5438 Θεὸν,
1183 5359 1323 5419 ἀλλὰ
1361 5363 1451 5419 καὶ
1503 5363 1685 5420 ἑαυτὸν
1757 5363 1957 5422 ἀποστε

2064 5358 2194 5420 sita
2213 5356 2337 5422 Deo
2359 5377 2466 5441 per
2484 5355 2518 5421 J
2524 5376 2687 5420 esum
2706 5358 3194 5441 adoptatum.Qui
3214 5355 3420 5428 verum
3452 5355 3574 5428 non
3594 5383 3724 5428 cre-

333 5460 440 5537 ρῶν
460 5453 738 5535 ὑὶοθεσίας,
768 5452 857 5513 καὶ
888 5449 973 5509 διὰ
1016 5451 1201 5510 τούτου
1260 5451 1349 5509 καὶ
1402 5456 1501 5520 τῆς
1543 5451 1753 5510 αἰωνίου
1809 5455 1954 5525 ζωῆς

2065 5447 2417 5537 dit,duobus
2448 5446 2618 5537 malis
2653 5446 2947 5537 obnoxius
2963 5460 3074 5527 est,
3103 5462 3244 5534 puta
3262 5454 3718 5528 incredulitatis,
3746 5501 3753 5506 .

333 5535 405 5613 ἢν
450 5541 807 5625 ἐπηγγείλατο
886 5554 1008 5607 τοῖς
1076 5539 1490 5619 υἱοθετουμένοις
1569 5539 1660 5599 ὑπ’
1726 5545 1885 5602 αὐτοῦ
1953 5551 1961 5600 ἐ

2067 5536 2419 5600 mendacem
2443 5535 2670 5601 faciens
2690 5535 2978 5601 Deumzac
3008 5549 3296 5622 preterea
3323 5541 3724 5626 seipsumpri-

418 5714 450 5766 8
480 5712 680 5776 Matth.
719 5727 804 5791 ut,
841 5713 939 5776 17.
1022 5710 1058 5762 9
1084 5711 1256 5775 Joan.
1287 5724 1395 5795 In,
1428 5709 1530 5777 28.
1618 5710 1678 5764 ίο
1702 5710 1875 5778 Joan.
1906 5730 1986 5798 tv,
2023 5713 2126 5780 24.
