4106 6424
366 386 487 454 679

1492 385 1904 461 ΟΕΟΙΙΜΕΝΠ
1949 377 2246 446 ΤΗΙΟΟΑΞ]
2288 379 2627 447 EPISCOPI

3641 369 3765 438 680

367 541 508 584 vans
550 523 892 604 adoptione,
927 542 996 585 ac
1044 541 1153 603 per
1204 524 1319 585 hoc
1342 528 1565 584 aeterna
1607 534 1845 600 quoque
1878 514 2020 593 vita,

2110 516 2353 594 Χριστὸς,
2388 514 2454 583 ἢν
2482 516 2570 572 καὶ
2599 516 2753 579 αὐτὸς
2798 513 2916 594 ἔχει
2946 512 3000 572 ἰν
3057 514 3253 589 ἑαυτῷ,
3309 514 3387 575 ὡς
3430 508 3499 604 μὲν
3533 514 3624 604 τιξ»Ι
3654 509 3761 565 Εὗ-

365 630 538 691 quam
569 612 840 691 promisit
870 612 1141 675 Christus
1190 612 1284 672 his
1328 611 1427 691 qui
1459 629 1492 671 a
1530 628 1593 670 se
1629 605 1888 687 adoptati
1920 622 2021 666 es-

367 710 500 761 sent
529 720 542 761 :
570 719 743 781 quam
780 711 838 763 et
868 702 998 781 ipse
1028 702 1087 762 in
1114 719 1179 763 se
1214 700 1390 761 habet
1420 699 1574 760 sicut
1603 697 1663 758 in
1702 692 2023 772 Evangelia

364 788 652 867 scriptum
677 798 800 850 est:
836 815 862 845 α
890 789 953 851 In
980 792 1103 870 ipso
1131 789 1246 850 vita
1270 787 1444 850 erat“
1472 811 1522 849 .»
1560 785 1762 866 Itaque
1793 783 1892 864 qui
1911 782 2022 842 ha-

365 876 465 938 bet
494 878 705 939 Filium
742 897 846 958 per
870 897 1103 939 sacrum
1159 878 1469 957 baptisma,
1505 877 1686 937 habet
1729 882 1786 934 et
1817 870 2019 933 vitam.

364 964 662 1046 Quotquot
709 968 871 1028 enim
920 967 981 1027 in
1009 966 1307 1030 Christum
1342 963 1619 1045 baptizati
1650 979 1876 1038 sumus,
1912 960 2025 1019 hoc

363 1055 618 1134 et,juxta
645 1055 830 1135 ipsius
874 1055 1371 1136 praeceptum,Ch=
1393 1055 1574 1116 istum
1615 1050 1916 1113 induimus
1941 1047 2018 1136 l2.

368 1142 509 1204 599
536 1142 644 1215 Qui
670 1134 891 1204 autem
925 1163 1044 1204 non
1078 1134 1258 1204 habet
1285 1142 1496 1204 Filium
1527 1141 1630 1202 Dei
1664 1157 1769 1219 per
1794 1134 2022 1216 baptis-

369 1251 755 1313 mum,neque
776 1233 950 1294 vitam
975 1231 1287 1295 habetsed
1312 1240 1578 1292 mortuus
1591 1239 1697 1291 est.
1715 1226 2024 1308 Siquidem

366 1322 669 1402 accipiens
694 1341 810 1383 non
846 1322 1105 1402 peccatis
1134 1321 1645 1391 mortuos,excitat
1668 1337 1771 1396 per
1788 1332 2023 1377 sacrum

370 1408 680 1489 baptisma.
715 1408 1051 1482 Quomodo?
1082 1409 1243 1471 Sicut
1275 1409 1620 1488 frequenter
1650 1406 1871 1465 dictum
1904 1408 2021 1474 est,

369 1498 526 1577 quod
557 1499 939 1578 consepultus
959 1499 1191 1562 Christo
1216 1516 1323 1579 per
1344 1497 1784 1559 demersionem
1812 1510 1941 1573 quae
1961 1491 2025 1551 ﬁt

368 1585 428 1646 in
462 1586 774 1667 baptismo,
809 1596 1075 1648 mortuus
1126 1586 1200 1647 sit
1257 1587 1503 1664 mundo,
1552 1586 1674 1646 sive
1711 1579 2025 1643 mundanis

368 1675 892 1755 concupiscentiis,
931 1684 988 1736 et
1008 1678 1131 1756 jam
1168 1695 1281 1736 non
1315 1675 1429 1735 sibi
1477 1674 1615 1754 ipsi,
1650 1673 1752 1734 sed
1789 1670 2022 1734 Christo

2105 586 2351 681 αγγελίοί
2391 604 2685 683 γέγραπται
2747 620 2760 634 ⁸
2828 586 2868 657 I
2915 602 3006 660 Ἐν
3065 586 3211 677 αὒτῷ
3236 586 3363 672 ’ζωὴ
3428 598 3516 666 ἧν,
3583 586 3763 652 "una

2106 694 2134 747 ὁ
2164 691 2309 772 ἔχων
2349 695 2441 749 τὸν
2476 695 2593 749 Υἱὸν
2624 690 2707 749 διὰ
2748 699 2841 748 τοῦ
2895 691 3043 769 ἁγίου
3097 692 3488 768 βαπτισματος,
3525 685 3643 766 ἔχει
3673 685 3763 740 καὶ

2104 782 2203 848 τὴν
2282 783 2448 852 ζωήν.
2513 771 2676 840 υΟ‹.ιόι
2748 782 2848 861 γὰρ
2918 783 2991 843 εἱς
3049 782 3272 857 Χριστὸν
3350 774 3761 848 ἐϐαπτίσθημεν,

2105 870 2365 943 τουτέστι,
2399 872 2533 927 κατὰ
2576 871 2676 936 τὴν
2736 868 2959 936 ἰντολὴν
3013 870 3192 943 αὑτοῦ,
3239 867 3460 946 Χριστὸν
3513 861 3763 920 ἕνεδυσά-

2108 962 2261 1033 μεθα.
2293 949 2490 1024 υΟστις
2519 957 2682 1034 δὲμὴ
2734 958 2852 1039 ἔχει
2909 961 3000 1015 τὸν
3060 960 3178 1014 Υἰὸν
3232 966 3327 1015 τοῦ
3384 963 3515 1013 Θεοῦ
3556 950 3642 1008 διὰ
3671 956 3763 1007 τοῦ

2106 1048 2497 1124 βαπτίσματος,
2570 1047 2687 1107 οὐδὲ
2730 1049 2827 1116 τὴν
2869 1047 3013 1119 ζωὴν
3070 1044 3212 1127 ἔχει,
3271 1047 3361 1101 καὶ
3416 1044 3759 1120 νενέκριιπαι.

2108 1138 2336 1214 Νεκροὺς
2391 1139 2490 1216 γὰρ
2560 1134 2843 1213 λαμϐάνων
2902 1139 3045 1211 ἡμᾶς
3135 1147 3250 1198 τοίς
3308 1134 3757 1216 παραπτώμασιν,

2105 1213 2292 1304 ἐγείρει
2335 1213 2419 1283 διὰ
2464 1213 2564 1283 τοῦ
2616 1227 2766 1304 ἁγίου
2822 1226 3213 1303 βαπτίσματος,
3255 1230 3422 1303 HJK;
3491 1213 3584 1284 ’δὶς
3617 1216 3756 1276 πολ-

2105 1312 2255 1380 λάκις
2298 1315 2531 1394 εἴρηται,
2580 1315 2655 1371 ὅτ’
2695 1318 2723 1372 ὁ
2753 1317 3024 1395 ωνταφείς
3059 1318 3266 1392 Χριστῷ
3311 1310 3396 1367 διὰ
3424 1316 3521 1377 τῆς
3554 1309 3608 1365 ἐν
3652 1309 3757 1385 βα·-

2106 1404 2381 1478 πτίσματι,
2416 1402 2770 1483 καταδύσεως,
2817 1406 2968 1468 οὗτος
3025 1401 3204 1482 νεκρός
3250 1402 3360 1458 ἐστι
3412 1400 3491 1475 τῷ
3546 1396 3757 1475 κόσμῳ,

2105 1490 2203 1559 ἧτο
2278 1507 2399 1557 ταῖς
2457 1505 2746 1568 κοσμικαῖς
2804 1492 3122 1566 ἐπιθυμίαις,
3181 1494 3269 1548 καὶ
3336 1489 3508 1548 οὐκέτι
3565 1488 3756 1559 ἐαυτῷ,

2106 1579 2242 1637 ἀλλὰ
2318 1586 2527 1661 Χριστὼ
2568 1588 2655 1658 ζῇ,
2688 1582 2824 1637 κατὰ
2882 1581 2976 1644 τὰς
3012 1580 3227 1643 ἐντολὰς
3272 1579 3432 1638 αὐτοῦ
3473 1578 3528 1633 ἐν
3578 1574 3760 1632 καινό-

2105 1690 2227 1736 τητι
2309 1675 2452 1741 ζωῆς
2506 1674 2811 1748 περιπατῶν
2889 1672 2977 1727 καὶ
3021 1667 3353 1749 παρείσδυσιν
3396 1672 3465 1743 τῇ
3529 1663 3761 1744 ἁμαρτίᾳ

365 1764 537 1837 vivat,
565 1764 731 1843 juxta
763 1776 1060 1844 praecepta
1092 1765 1252 1826 illius
1283 1765 1344 1825 in
1396 1765 1654 1825 novitate
1706 1760 1837 1821 vitae
1888 1777 2020 1820 am-

2108 1760 2300 1834 μηκέτι
2331 1757 2524 1825 διδοὺς.

367 1836 856 1934 bulansl3,neque
885 1836 1129 1934 posthac
1157 1864 1397 1935 peccato
1425 1854 1573 1914 dans
1598 1848 2023 1911 clancularium
2046 1836 2086 1889 Β

368 1960 734 2003 ingressum.

435 1988 524 2106 DV,
561 2032 776 2094 13-15.
814 2030 1193 2112 Hazcscripsi
1225 2031 1394 2093 vobis
1424 2033 1534 2111 qui
1558 2029 1808 2091 creditis
1830 2028 1897 2088 in
1918 2046 2017 2092 no-

2193 2047 2220 2079 α
2254 2035 2428 2084 Ταῦτα
2471 2023 2674 2104 ἔγραψα
2704 2026 2833 2101 ὑμῖν
2860 2038 2978 2088 τοῖς
3012 2025 3344 2082 πιστεύουσιν
3375 2024 3447 2086 εἰς
3490 2024 3554 2078 τὸ
3590 2019 3758 2097 ὄνομα

366 2137 507 2182 men
535 2121 687 2182 Filii
721 2120 832 2181 Dei
880 2138 898 2181 :
950 2130 1015 2182 ut
1045 2110 1259 2182 sciat-is
1292 2110 1453 2200 quod
1492 2121 1682 2182 vitam
1731 2116 2020 2180 habemus

2107 2119 2198 2170 τοῦ
2271 2115 2391 2171 Υἱοῦ
2450 2122 2543 2170 τοῦ
2614 2121 2764 2185 Θεοῦ,
2806 2115 2899 2170 ῗίνα
2943 2112 3137 2194 εἰδῆτε,
3198 2112 3278 2170 ὅτι
3322 2113 3463 2183 ζωὴν
3548 2110 3757 2166 αἰῶνιον

369 2216 678 2289 (sternam,
721 2218 774 2271 et
804 2217 868 2271 ut
899 2211 1164 2271 credatis
1207 2213 1275 2270 in
1326 2227 1542 2270 nomen
1582 2209 1729 2268 Filii
1767 2206 1901 2269 Dei.
1939 2204 2020 2267 ιιι

2107 2201 2285 2281 ἔχετε,
2358 2204 2445 2260 καὶ
2500 2203 2592 2259 ’ἕνα
2661 2208 2945 2270 πιστεύητε
2990 2205 3061 2266 εἰς
3133 2205 3193 2258 τὸ
3263 2202 3429 2277 ὄνομα
3488 2208 3580 2256 τοῦ
3636 2200 3758 2254 Υἰοῦ

367 2296 497 2360 haec
527 2308 609 2359 est
640 2286 867 2376 ﬁducia
900 2316 1082 2377 quam
1114 2298 1406 2360 habemus
1437 2296 1602 2378 apud
1641 2296 2020 2375 I)eum,quod

2107 2299 2196 2348 τοῦ
2226 2300 2379 2366 Θεοῦ,
2442 2295 2539 2350 Καὶ
2593 2290 2727 2359 αὕτη
2784 2291 2921 2348 ἔστὶν
2990 2295 3024 2360 ἡ
3097 2291 3383 2371 παῤῥησία,
3442 2290 3507 2356 ἣν
3559 2286 3759 2367 ἔχομεν

367 2388 424 2447 si
452 2389 596 2465 quid
625 2388 984 2467 petierimus
1004 2388 1332 2449 secundum
1365 2377 1730 2449 voluntatem
1761 2389 2020 2463 εἰωθυ-

2107 2382 2235 2459 πρὸς
2288 2383 2468 2462 αὒτὸν,
2528 2380 2609 2438 ὅτι
2661 2384 2752 2438 ἰεάν
2820 2403 2869 2437 τι
2925 2384 3191 2458 αἰτώμεθα
3242 2381 3379 2437 κατὰ
3429 2381 3492 2435 τὸ
3547 2377 3755 2451 θέλημα

370 2476 596 2538 (lituos
654 2475 734 2537 Et
765 2478 819 2536 si
847 2477 1070 2537 scimus
1103 2477 1262 2556 quod
1292 2476 1463 2537 audit
1491 2494 1597 2536 nos
1642 2477 1711 2536 in.
1759 2474 1926 2536 omni
1954 2491 2020 2535 eo

2107 2473 2264 2527 αὐτοῦ
2291 2469 2466 2526 ἀκούει
2496 2471 2673 2546 ἡμῶν.
2710 2472 2807 2529 Καὶ
2857 2471 2901 2526 εἰ
2944 2470 3166 2546 οἴδαμεν
3225 2468 3306 2525 ὅτι
3365 2468 3542 2523 ἀκούει
3571 2468 3752 2543 ἡμῶν,

371 2582 440 2626 eo
471 2566 627 2643 quod
653 2566 1035 2645 petierimus,
1067 2552 1290 2627 scimus
1317 2566 1472 2643 quod
1519 2563 1812 2626 habemus
1858 2563 2020 2642 peti-

2107 2557 2134 2612 ὃ
2177 2556 2239 2612 ἄν
2271 2557 2553 2633 αἰτώμεθα,
2588 2557 2808 2633 οἴδαμεν
2851 2558 2931 2616 ὅτι
2979 2559 3175 2639 ἔχομεν
3224 2559 3291 2613 τα
3319 2557 3587 2631 αἰτήματα
3628 2552 3753 2632 παρ’

376 2655 575 2715 tiones
603 2672 755 2734 quas
781 2653 1217 2733 postulm‘imus
1245 2654 1321 2716 ab
1349 2672 1436 2717 eo.

2107 2648 2286 2711 αὐτοῦ.
2325 2668 2350 2705 ι
3690 2670 3699 2675 ί

451 2726 760 2823 Τοῐιᾳύειιη
781 2726 839 2803 in
874 2742 1106 2822 epilogo
1132 2741 1470 2805 summatim
1489 2741 1765 2821 praedicta
1782 2740 2020 2824 repetit,

2110 2813 2147 2824 Π
2192 2726 2282 2801 ’λὶς
2353 2736 2407 2793 ἐν
2477 2735 2711 2816 ἐπιλόγῳ
2794 2736 3271 2818 ἀνακεφαλαιοῦται
3355 2734 3444 2791 καί
3538 2752 3700 2813 φησιν
3732 2746 3749 2763 ⁶

373 2840 431 2894 et
462 2833 543 2892 ait
568 2813 832 2911 :Scripsi
862 2813 1184 2894 vobisvhaac
1219 2813 1504 2912 tanquam.
1528 2813 1869 2892 haeredibus
1895 2813 2020 2892 vitai

2110 2813 2374 2904 ’Ἔγραψα
2413 2827 2543 2902 ὑμῖν
2568 2813 2732 2886 ταῦτα
2789 2831 2863 2890 ὡς
2905 2813 3262 2905 κληρονόμοις
3320 2826 3528 2880 αἰωνίου
3555 2824 3696 2892 ζωῆς
3730 2837 3747 2853 ⁸

375 2929 610 2983 aeterna;
637 2909 1039 3002 -nequaquam
1064 2922 1220 2983 enim
1251 2909 1359 2983 ista
1380 2920 1789 2983 scriberentur
1809 2920 1902 2980 his
1921 2922 2020 3001 qui

2107 2914 2200 2971 οὒκ
2243 2915 2302 2972 ἂν
2333 2916 2433 2994 γὰρ
2461 2917 2625 2972 ταῦτα
2652 2918 2874 2995 γραφείη
2917 2929 3036 2979 τοῖς
3084 2914 3162 2990 μὴ
3218 2912 3334 2969 κατ’
3387 2909 3571 2968 ἐλπίδα
3601 2911 3752 2987 βιοῦ-

371 3029 487 3071 non
521 3010 713 3071 vivunt
764 2996 1089 3071 secundum
1151 3029 1315 3091 spem
1375 3010 1505 3071 vitae
1555 3019 1841 3071 aeterna}:
1886 2996 2020 3089 quia

2264 3008 2288 3019 π-
2406 3006 2418 3025 ’
2736 3007 2759 3017 ε
2886 2996 2922 3017 υ
3163 3001 3204 3021 M
3298 3004 3309 3019 ε
3388 3000 3413 3018 ον
3565 2998 3587 3017 κ
3615 2998 3636 3016 π
3654 2999 3665 3021 I

2107 3025 2156 3059 σι
2226 3026 2326 3070 της
2371 3006 2582 3061 αιωνίου
2653 3012 2815 3076 ζωης.
2924 3014 3017 3063 Οτι
3077 3022 3213 3080 μηοε
3259 3024 3326 3059 τα
3376 3023 3503 3079 αγια
3560 3008 3751 3055 ὸιοοναι

371 3117 565 3180 neque
596 3110 797 3161 sancta
825 3098 967 3160 dare
1000 3089 1246 3159 canibus
1278 3117 1471 3179 neque
1501 3097 1845 3177 margaritas
1861 3115 2020 3176 Spar-

2107 3105 2224 3155 τοῖς
2308 3095 2445 3167 κυσὶ,
2520 3091 2657 3169 μηδὲ
2724 3096 2845 3160 τοὺς
2902 3095 3226 3173 μαργαρίτας
3289 3089 3579 3170 ἔμπροσθεν
3646 3094 3754 3144 τῶν

366 3169 506 3266 gere
536 3206 735 3249 coram
762 3187 957 3267 porcis
973 3185 1045 3263 ¹⁴,
1082 3188 1313 3249 laudem
1361 3169 1824 3266 promereretur.
1859 3169 2019 3247 Tan-

2107 3182 2303 3261 χοίρων
2346 3182 2645 3248 ἀξιέπαινον
2686 3169 2917 3261 ῥιπτεῖν,
2969 3169 3204 3248 Ὠς-οὗν
3246 3169 3598 3259 κληρονόμοις
3651 3182 3751 3244 τῆς

374 3295 546 3357 quam
576 3266 917 3338 haeredibus
946 3295 1087 3355 ergo
1120 3276 1251 3337 vitae
1281 3286 1519 3337 aeternae
1566 3275 1692 3336 haec
1721 3273 2017 3349 scribens,

2107 3271 2312 3328 αἰωνίου
2352 3273 2565 3351 γράφων
2622 3279 2786 3329 ταῦτα
2828 3277 2996 3345 ζωῆς,
3049 3266 3501 3345 ἒπαναλαμϐἀνει,
3569 3269 3642 3330 ὡς
3673 3267 3753 3324 εἰ·

373 3366 588 3444 repetit
607 3365 956 3440 breviter,ut
978 3366 1595 3443 diximus,suggerens
1622 3364 1739 3423 illis
1759 3366 2020 3443 quaejam

2107 3361 2343 3439 ρήκαμεν
2398 3358 2481 3417 διὰ
2565 3362 2812 3442 βραχέων
2880 3360 3305 3436 ὑπομιμνήσκων
3385 3357 3582 3444 αὐτοὺς,
3642 3360 3750 3413 τῶν

371 3443 528 3514 dicta
552 3454 979 3533 suntzprimum
1009 3454 1165 3534 quod
1199 3453 1452 3515 ﬁrmiter
1483 3452 1732 3514 credere
1754 3461 2020 3532 oporteat

2107 3449 2397 3528 εἰρημένων
2467 3448 2571 3517 ἤδη
2608 3470 2621 3484 ·
2681 3457 2891 3531 πρῶτον
2942 3451 3022 3505 ὃτι
3066 3446 3149 3505 δεῖ
3199 3448 3464 3504 πιστεύειν
3534 3443 3752 3515 aetna.-

371 3543 431 3602 in
459 3541 823 3604 nomenFilii
852 3541 982 3616 Dei,
1020 3543 1130 3603 hoc
1164 3552 1272 3617 est,
1309 3542 1368 3602 in
1404 3542 1683 3602 traditum
1732 3541 1905 3603 nobis
1947 3540 2020 3603 ab

2107 3560 2245 3601 κτως
2291 3540 2363 3603 εἰς
2420 3540 2481 3595 τὸ
2551 3538 2719 3615 ὄνομα
2774 3540 2866 3597 τοῦ
2927 3542 3044 3596 Υἱοῦ
3112 3544 3205 3594 τοῦ
3275 3544 3427 3616 Θεοῦ,
3459 3534 3752 3611 τουτέστιν,

369 3631 471 3692 ἱΙΙο
503 3631 764 3692 divinum
797 3633 1021 3692 cultum
1057 3649 1070 3695 :
1107 3651 1240 3694 nam
1274 3633 1387 3693 hoc
1420 3630 1758 3709 signiﬁcare
1780 3631 2020 3693 vultno-

2107 3629 2179 3690 εἰς
2247 3629 2347 3695 τὴν
2405 3626 2492 3684 ὁπ’
2549 3627 2749 3685 ἐκείνου
2792 3625 3179 3708 παραδοθεῖσαν
3236 3628 3376 3701 ἡμῖν
3421 3625 3746 3687 θεοσέϐειαν,

371 3739 506 3781 men
537 3721 669 3783 Filii
703 3720 829 3793 Dei,
864 3722 1035 3782 sicuti
1079 3721 1357 3796 diximus,
1393 3721 1486 3781 cui
1538 3721 1819 3781 videlicet
1865 3722 2020 3782 viam

2107 3719 2271 3774 Τοῦτο
2327 3716 2426 3797 γὰρ
2490 3715 2735 3794 βούλεται
2793 3717 3071 3793 σημαίνειν
3131 3717 3192 3772 τὸ
3249 3714 3416 3790 ὄνομα
3485 3722 3577 3772 τοῦ
3633 3715 3753 3769 Υἱοῦ

371 3819 533 3889 parat
578 3811 705 3890 ipsa
760 3810 911 3871 sacri
959 3810 1328 3888 baptismatis
1358 3810 1563 3889 gratia.
1605 3809 1830 3872 Deinde
1860 3810 2020 3891 quod

2107 3807 2198 3862 τοῦ
2250 3808 2403 3881 Θεοῦ,
2457 3808 2531 3870 ὡς
2589 3807 2849 3886 φθάνομεν
2934 3805 3224 3884 εἰρηκότες.
3299 3810 3374 3866 Ης
3417 3800 3660 3891 ὁδοποιδς
3716 3804 3753 3870 ἦ

368 3897 902 3977 hujusindubitatze
925 3897 1062 3958 ﬁdei
1089 3898 1313 3959 nullum
1337 3900 1414 3959 sit
1437 3898 1594 3959 aliud
1618 3890 1889 3978 signum,
1906 3898 2020 3960 nisi

2107 3906 2196 3955 τοῦ
2222 3897 2373 3975 ἁγίου
2403 3893 2605 3964 δηλαδὴ
2660 3896 3024 3972 βαπτίσματος
3080 3896 3264 3974 χάρις.
3312 3894 3450 3951 Εἶτα
3505 3890 3587 3948 ὅτι
3643 3914 3750 3958 ση-

369 3986 606 4060 ﬁducia,
649 4005 825 4068 quam
860 4006 966 4067 per
1016 3987 1607 4069 irreprehensibilem
1634 3989 1808 4049 ﬁdem
1840 4007 2020 4068 repe-

2107 3998 2264 4060 μεϊον
2335 3986 2530 4052 ταύτης
2600 3989 2698 4051 τῆς
2743 3982 3057 4041 ἁδιστάκτου
3115 3985 3341 4047 πίστεως
3393 3979 3540 4040 οὐδέν
3610 3980 3752 4037 ἐστιν

368 4075 558 4136 rimus
610 4077 764 4154 apud
823 4077 1040 4156 ipsum,
1092 4078 1245 4137 sicut
1285 4077 1460 4138 etiam
1503 4077 1563 4136 in
1612 4076 2020 4155 superioribus

2107 4073 2260 4153 ἄλλο,
2289 4074 2327 4140 ἣ
2356 4075 2391 4142 ἡ
2421 4072 2708 4153 παῤῥησία,
2737 4073 2804 4141 ἢν
2854 4071 2936 4130 διὰ
2962 4075 3062 4140 τῆς
3117 4073 3343 4149 ἀμώμω
3397 4072 3623 4137 πίστεως
3659 4073 3750 4128 εὖ·

371 4164 1046 4245 diximus.Rursumque
1082 4168 1311 4245 signum
1346 4166 1522 4247 hujus
1555 4165 1787 4227 ﬁducia;
1809 4166 2022 4247 posuit,

373 4271 493 4313 non
521 4253 789 4314 frustrari
822 4253 881 4313 in
911 4272 944 4315 ο
962 4255 1199 4315 mnibus
1231 4274 1363 4335 quae
1383 4274 1417 4315 a
1438 4255 1610 4316 nobis
1635 4256 2022 4334 postulantur.

372 4338 484 4404 Sed
519 4343 801 4422 quoniam
822 4362 936 4404 non
960 4362 1168 4404 omnes
1191 4345 1388 4405 omnia
1403 4343 2027 4425 postulataassequun-

376 4442 492 4510 tur,
518 4449 712 4511 neque
742 4450 980 4513 semper
1012 4432 1411 4495 exaudiuniur
1440 4433 1499 4494 in
1534 4434 1626 4494 bis
1656 4453 1787 4513 quae
1818 4442 2023 4514 petunt

368 4520 533 4582 addit
567 4539 579 4583 :
629 4520 967 4583 Secundum
1011 4523 1371 4585 voluntatem
1424 4524 1550 4603 ejus
1584 4543 1597 4583 :
1637 4523 2022 4585 manifestans

368 4609 649 4673 videlicet
678 4612 835 4690 quod
857 4620 1066 4691 petens
1102 4619 1315 4692 praeter
1345 4612 1703 4674 voluntatem
1732 4612 2017 4691 magistri,

367 4718 486 4761 non
516 4700 591 4761 sit
617 4700 1049 4778 exaudiendus,
1080 4701 1467 4764 conformiter
1491 4703 1561 4783 ad
1598 4701 1834 4764 beatum
1855 4701 2022 4764 Jaco-

381 4789 520 4850 bum
560 4806 573 4851 ε
610 4790 1098 4870 quandoquidem
1132 4801 1189 4851 et
1226 4791 1350 4867 ille,
1389 4815 1415 4846 α
1456 4792 1684 4868 Petitis,
1718 4792 1929 4871 inquit,
1964 4800 2025 4855 et

373 4897 490 4939 non
521 4879 819 4961 accipitis,
852 4897 922 4940 eo
963 4880 1118 4961 quod
1153 4881 1306 4943 male
1357 4881 1569 4962 petatis
1596 4880 1709 4955 45,»
1756 4882 1868 4942 hoc
1899 4890 2010 4956 est,

374 4975 547 5046 prout
566 4966 735 5028 vobis
764 4986 881 5028 non
912 4969 1180 5048 expedit.
1229 4970 1369 5030 600
1399 4973 1767 5031 Convertens
1817 4977 2014 5031 autem

371 5055 711 5135 bujusmodi
733 5056 965 5137 signum
982 5059 1043 5119 in
1063 5058 1431 5122 manifestius
1451 5058 1765 5132 indicium,
1798 5058 1899 5118 ait:
1917 5057 2020 5119 «Et

371 5144 419 5205 si
442 5145 666 5207 scimus
693 5148 846 5226 quod
866 5147 1031 5209 audit
1061 5168 1169 5210 nos
1199 5149 1261 5209 in
1298 5149 1460 5210 omni
1487 5168 1557 5209 eo
1589 5147 1746 5229 quod
1783 5147 2018 5229 petieri-

372 5252 523 5307 mus,
556 5235 780 5297 scimus
809 5238 962 5317 quod
988 5237 1278 5300 habemus
1306 5240 1622 5319 petitiones
1650 5256 1796 5319 quas
1813 5246 2017 5318 postu—

366 5324 616 5384 lavimus
639 5324 712 5385 ab
737 5327 998 5388 eozntale
1020 5327 1326 5407 qnippiam
1352 5327 1581 5390 dicens:
1611 5328 1674 5390 Si
1691 5327 2020 5388 secundum

371 5413 722 5474 voluntatem
745 5415 875 5494 ejus
908 5417 1358 5495 petimus,audit
1387 5438 1493 5480 nos
1523 5426 1617 5480 :et
1648 5416 1697 5479 si
1726 5418 1890 5479 audit
1913 5436 2021 5480 nos

369 5502 431 5565 in
462 5503 625 5564 omni
647 5521 718 5565 eo
741 5504 898 5585 quod
933 5504 1212 5587 petimus,
1240 5508 1464 5571 scimus
1498 5507 1656 5589 quod
1690 5509 2019 5570 secundum

456 5673 505 5720 ¹¹
536 5673 710 5742 Joan.
742 5691 784 5754 1,
818 5676 878 5738 4.
965 5676 1020 5720 ﬂ
1048 5675 1221 5743 Rom.
1253 5695 1337 5756 Vl,
1367 5683 1428 5743 3.
1515 5679 1575 5731 ‘3
1605 5681 1779 5743 Rom.
1809 5697 1893 5763 γι,
1923 5680 1995 5750 4.
2076 5680 2137 5732 Η
2165 5677 2351 5744 Matth
2379 5693 2485 5752 vn,
2531 5676 2594 5741 6.

2111 4164 2360 4239 ρίσκομεν
2414 4163 2546 4241 πρὸς
2604 4164 2784 4238 αὐτὸν,
2836 4164 2910 4225 ὡς
2986 4163 3072 4218 καὶ
3141 4160 3389 4239 ἀνωτέρω
3443 4160 3752 4238 εἰρήκαμεν.

2113 4253 2211 4308 Καὶ
2238 4247 2397 4307 πάλιν
2455 4263 2685 4326 σημεῖον
2754 4255 2854 4318 τῆς
2906 4250 3155 4317 τοιαύτης
3207 4248 3517 4327 παῤῥησίας,
3578 4249 3641 4304 τὸ
3672 4247 3751 4323 μὴ

2110 4341 2369 4419 ἀστοχεῖν
2427 4341 2640 4401 πάντων
2695 4346 2800 4397 τῶν
2865 4337 2987 4418 παρ’
3037 4341 3191 4415 ἡμῶν
3267 4337 3608 4413 αἰτωμένων,
3669 4336 3755 4392 τέ-

2108 4433 2298 4491 θεικεν,
2372 4426 2521 4487 Ἀλλ’
2592 4427 2774 4496 ἐπειδή
2823 4432 2882 4489 οὗ
2952 4426 3165 4485 πάντων
3239 4428 3344 4484 τῶν
3427 4424 3751 4502 αἰτουμένων

2104 4510 2297 4573 πάντες
2356 4509 2734 4590 τυγχάνουσιν,
2817 4508 2932 4566 οὐδὲ
3003 4508 3359 4565 εἰσακούονται
3430 4508 3503 4572 εἰς
3586 4505 3620 4561 ἂ
3662 4508 3751 4562 αἱ·

2102 4614 2272 4683 τουσι,
2305 4610 2617 4687 προστίθησι
2647 4609 2709 4664 τὸ
2740 4608 2886 4665 Κατὰ
2929 4608 2990 4664 τὸ
3033 4604 3241 4681 θέλημα
3292 4607 3466 4681 αὐτοῦ,
3516 4607 3589 4670 ὡς
3620 4605 3649 4660 ὃ
3691 4626 3753 4683 γε

2103 4698 2244 4776 παρὰ
2300 4698 2362 4752 τὸ
2402 4697 2611 4773 θέλημα
2664 4702 2755 4752 τοῦ
2815 4693 3126 4754 διδασκάλου
3219 4696 3400 4770 αἰτῶν,
3461 4691 3577 4753 οὐδὲ
3635 4694 3750 4749 εἰσ-

2104 4784 2588 4866 ακουσθησόμενος,
2644 4782 2846 4861 συνῳδὰ
2899 4792 2978 4860 τῷ
3020 4787 3260 4865 μακαρίῳ
3318 4781 3556 4857 Ἰακώϐῳ
3606 4783 3749 4839 ἀπο-

2103 4878 2416 4960 φαινόμενος
2442 4897 2455 4910 ’
2490 4875 2603 4934 ἐπεὶ
2631 4878 2718 4933 καὶ
2768 4878 2942 4952 οὗτος,
2998 4900 3024 4931 α
3065 4878 3297 4955 Αἰτεῖτε,
3329 4875 3542 4955 φάσκει,
3575 4874 3664 4929 καὶ
3693 4871 3752 4928 οὗ

2098 4964 2417 5044 λαμϐάνετε,
2451 4965 2583 5024 διότι
2614 4969 2815 5044 δκακῶς
2858 4968 3080 5042 αἰτεῖτε,
3120 4990 3143 5022 ι
3181 4967 3364 5043 οἰονεὶ,
3423 4964 3750 5044 ἀσυμφόπως

2098 5059 2249 5134 ὑμῖν.
2308 5055 2689 5136 Ἀντιστρέφων
2740 5056 2794 5112 δὲ
2837 5058 2898 5113 τὸ
2939 5064 3177 5113 τοιοῦτον
3226 5066 3455 5128 σημεῖον
3510 5055 3583 5117 εἰς
3649 5073 3751 5108 σα-

2101 5148 2349 5228 φέστερον
2379 5147 2657 5227 γνώρισμα
2710 5147 2840 5227 φησί
2887 5165 2900 5180 ·
2934 5146 3024 5202 καί
3081 5146 3171 5202 ἐὰν
3215 5141 3436 5219 οἴδαμεν
3490 5142 3572 5198 ὅτι
3603 5143 3745 5198 εἰσα-

2101 5239 2243 5295 κούει
2301 5239 2457 5313 ἡμῶν
2514 5238 2588 5300 εἰς
2660 5242 2763 5294 πᾶν
2809 5236 2837 5291 ὃ
2891 5235 2954 5292 ἂν
3014 5235 3304 5313 αἰτώμεθα,
3374 5230 3596 5308 οἴδαμεν
3667 5229 3748 5288 ὅτι

2101 5328 2303 5408 ἔχομεν
2346 5327 2413 5382 τὰ
2443 5327 2712 5401 αἰτήματα
2759 5322 2793 5381 ἂ
2833 5325 3099 5402 ᾗτὲκαμεν
3140 5325 3322 5403 αὐτὸν,
3364 5345 3387 5380 ι
3450 5321 3658 5379 τοιοῦτό
3700 5344 3750 5377 τι

2102 5415 2273 5495 λέγων
2307 5435 2321 5451 ·
2357 5417 2416 5473 Εἰ
2465 5417 2601 5472 κατὰ
2648 5437 2708 5471 το
2762 5414 2970 5492 θέλημα
3013 5415 3173 5471 αὒτοῦ
3225 5412 3523 5488 εἰτούμεθα,
3570 5411 3749 5467 ἀκούει

2103 5511 2282 5585 ἡμῶν.
2317 5508 2416 5567 Καὶ
2458 5507 2501 5561 εἰ
2528 5505 2708 5564 ἀκούει
2752 5508 2907 5583 ἡμῶν
2949 5508 3023 5570 εἰς
3082 5506 3112 5561 ὃ
3165 5503 3228 5562 ἂν
3271 5502 3561 5581 αἰτώμεθα,
3591 5500 3750 5559 οἴδα-

2680 5678 2742 5729 η
2767 5678 2893 5742 Jac.
2925 5693 3006 5755 IV,
3039 5673 3100 5741 3.
