4106 6416
230 339 336 409 681
1293 349 1691 414 COMMENT.
1742 346 1825 410 IN
1871 346 1881 407 J

1971 345 2113 409 IST.
2164 347 2190 410 Ι
2231 346 2581 415 JOANNIS.
3526 344 3647 409 682

256 480 351 556 μὲν
401 480 483 538 ὅτι
540 482 676 539 κατά
729 484 790 539 τὸ
849 481 1057 560 θέλημα
1093 483 1268 560 ,αὐτοῦ
1308 491 1561 560 ποιοῦμεν
1621 484 1688 540 τὰ
1744 478 1881 549 αἰτή-

1987 478 2345 545 voluntatem
2372 483 2501 562 ejus
2532 481 2782 544 facimus
2813 481 3128 562 petitiones
3156 490 3411 557 nostras,
3448 491 3506 545 et
3526 482 3638 544 ha-

255 592 394 645 ματα
435 572 612 646 ἡμῶν,
683 573 772 629 καὶ
827 571 1029 653 ἔχομεν
1082 572 1137 629 ἐν
1193 574 1425 647 ἑαυτοῖς,
1478 574 1544 629 τὰ
1574 570 1881 648 αἰτήματαὲ

1980 564 2188 629 bemus
2219 568 2280 630 in
2311 571 2482 633 nobis
2524 570 2671 651 ipsis
2729 570 3047 652 petitiones
3093 590 3241 653 quas
3299 572 3632 652 postulavi-

253 658 548 735 ἠτηκάμεν,
590 662 762 719 Ταῦτα
791 657 845 717 δέ
875 660 985 718 ἐστι
1015 662 1050 729 ἡ
1106 660 1346 738 βασιλεία
1386 664 1475 719 καὶ
1528 663 1564 731 ἡ
1594 660 1881 718 δικαιοσύντ

1980 673 2112 717 mus
2140 657 2218 732 16,
2254 656 2392 720 Haec
2417 666 2612 721 autem
2642 666 2778 721 sunt
2808 677 3057 739 regnum
3084 669 3142 720 et
3155 660 3389 740 justitia
3419 660 3633 742 ipsius:

251 749 427 830 αὺτοῦ,
461 749 494 805 ἃ
522 751 609 807 καὶ
640 751 807 807 αἰτεῖν
839 752 993 814 αὐτὸς
1023 753 1161 826 ἡμῖν
1188 749 1508 810 ἐνετίλατο.
1542 761 1714 810 Ταῦτα
1734 751 1881 806 εἶπὼι

1978 762 2109 824 quae
2137 746 2314 809 etiam
2346 747 2474 828 ipse
2523 748 2805 829 praecepit
2862 748 3036 810 nobis
3068 758 3295 830 petere.
3324 748 3429 811 His
3459 748 3636 827 dictis

250 838 336 893 καὶ
362 838 538 916 ῥητῶς
589 839 925 917 παρατίθεταί
965 861 1037 920 τι,
1096 842 1171 895 ὧν
1228 841 1395 897 αἰτεῖν
1449 843 1593 916 ἡμᾶς
1649 838 1895 917 βούλεται

252 930 357 982 τῶν
399 928 536 983 κατὰ
576 929 639 984 τὸ
680 926 890 1003 θέλημα
931 937 1025 987 τοῦ
1055 935 1211 990 Θεοῦ.
1264 926 1412 986 Ἐπεὶ
1440 930 1540 1009 γὰρ
1570 928 1766 994 πολοὺς
1796 927 1905 984 ἐστι

250 1014 443 1097 σχεδὸν
470 1013 538 1073 δι’
570 1014 702 1084 ὅλης
732 1021 829 1084 τῆς
876 1014 1222 1093 Ἐπιστολῆς,
1286 1018 1386 1085 τὴν
1416 1019 1490 1083 είς
1540 1019 1627 1076 τὸν
1683 1015 1907 1096 ἀδελφὸν

249 1103 464 1184 ἀγάπην
505 1105 762 1181 ἐξυμνῶν,
808 1106 900 1163 καὶ
940 1112 1096 1164 τοῦτο
1154 1104 1429 1183 βούλεσθαι
1485 1107 1577 1164 τὸν
1637 1108 1766 1164 Θεὸν
1807 1106 1908 1173 τὴν

249 1196 320 1259 είς
361 1194 450 1251 τὸν
479 1192 702 1273 ἀδελφὸν
745 1194 963 1273 ἀγάπην
994 1194 1270 1253 ἀνόθευτον
1313 1209 1521 1275 τηρεῖν,
1567 1205 1723 1256 τοῦτο
1768 1195 1910 1253 εἶναί

246 1306 376 1365 φησι
428 1285 514 1341 νῦν
556 1282 612 1339 ἕν
666 1289 773 1340 τῶν
813 1281 1131 1358 θελημάτων
1162 1286 1344 1359 αὐτοῦ,
1400 1284 1492 1341 ἵνα
1546 1283 1637 1341 ἰὰν
1690 1307 1772 1350 τις
1802 1280 1892 1361 ἴδῃ

240 1374 333 1430 τὸν
390 1371 615 1455 ἀδελφὸν
682 1372 844 1432 αὒτσῦ
884 1372 1252 1452 ἁμαρτάνοντα
1295 1373 1376 1450 μὴ
1444 1375 1575 1452 πρὸς
1644 1374 1886 1450 θάνατον,

237 1463 455 1540 αἰτήσῃ,
489 1464 578 1519 καὶ
605 1460 761 1519 δώσει
805 1463 967 1538 αὒνῷ.
1003 1462 1102 1521 Καὶ
1149 1462 1201 1518 τί
1227 1460 1382 1522 δώσει
1415 1481 1432 1543 ς
1467 1464 1621 1531 Ζωὴν
1652 1463 1885 1523 αἰώνιον.

239 1552 353 1612 Τίσι
398 1572 416 1634 ;
449 1561 578 1616 Τοῖς
619 1553 700 1629 μὴ
728 1552 829 1632 πρὸ
859 1552 1082 1610 θάνατον
1111 1552 1516 1633 ἁμαρτάνουσιν.

871 1663 1121 1718 nec“.
1173 1646 1253 1719 z'.

1990 836 2300 901 manifeste
2328 837 2507 901 etiam
2536 838 2763 920 aliquid
2797 837 3072 920 proponit
3110 857 3315 900 eorum
3348 857 3480 920 quae
3510 839 3633 900 vult

1989 941 2097 984 nos
2130 934 2333 1005 petere
2356 928 2526 1007 juxta
2580 926 2687 989 Dei
2732 926 3109 988 voluntatem.
3145 925 3435 1000 Quoniam
3469 928 3629 989 enim

1991 1017 2109 1074 tota
2139 1015 2563 1096 propemodum
2597 1015 2846 1096 epistola
2862 1015 3081 1077 multus
3103 1016 3267 1077 estin
3291 1017 3628 1079 extollendo

1990 1100 2334 1166 chariiatem
2361 1122 2500 1183 erga
2524 1104 2792 1185 fratrem,
2825 1110 2883 1165 et
2906 1103 3207 1166 aﬂ‘ercndo
3230 1104 3343 1166 hoc
3374 1106 3548 1182 velle,
3570 1113 3641 1168 ut

1991 1188 2371 1254 dilectionem
2405 1210 2544 1270 erga
2572 1193 2816 1255 fratrem
2846 1191 3251 1273 incorruptam
3279 1211 3585 1256 servemus
3617 1212 3631 1257 :

1992 1277 2145 1355 bime
2192 1298 2349 1341 nunc
2375 1280 2519 1342 dicit
2548 1299 2681 1343 esse
2711 1298 2887 1342 unam
2939 1280 3301 1342 voluntatem
3335 1280 3544 1362 ipsius,
3570 1287 3637 1345 ut

1971 1367 2022 1428 si
2053 1368 2185 1448 quis
2213 1368 2427 1432 viderit
2455 1369 2698 1433 fratrem
2731 1386 2903 1431 suum
2937 1387 3185 1449 peccare
3218 1388 3339 1432 non
3356 1370 3432 1433 ad
3465 1389 3635 1433 moro

1971 1463 2115 1528 tem,
2141 1463 2301 1538 petat
2330 1469 2390 1522 et
2420 1456 2583 1520 dabit
2613 1456 2831 1538 ipsi.Et
2857 1457 3002 1538 quid
3032 1455 3242 1520 dabit?
3265 1458 3443 1521 vitam
3462 1467 3630 1522 aster-

1972 1561 2131 1608 nam.
2167 1543 2396 1618 Quibus
2417 1550 2444 1606 ‘I
2472 1545 2567 1608 his
2598 1545 2701 1628 qui
2733 1554 2982 1627 peccant
3011 1564 3131 1608 non
3155 1546 3230 1609 ad
3261 1555 3543 1614 mortem.

2614 1637 2856 1703 CAPUT
2894 1637 2994 1702 VI.

249 1777 277 1811 α
312 1755 440 1833 Περὶ
509 1752 850 1830 ἀντιλήψεως
892 1762 987 1813 τοῦ
1059 1754 1452 1834 ἁμαρτάνοντος
1523 1752 1749 1823 ἀδελφοῦ
1803 1754 1881 1815 διὰ

1971 1727 2066 1792 De
2094 1730 2508 1834 sublueniendp
2535 1731 2736 1812 fratri
2750 1732 3033 1834 Jpeccanti
3054 1749 3165 1813 per
3189 1735 3551 1834 orationem,
3583 1743 3646 1834 et

324 1831 661 1935 προσευχῇς,
708 1835 798 1891 καὶ
829 1835 1069 1935 ⁸πῆἶεερὶωτοῠ
1117 1831 1195 1909 μῆ
1225 1835 1541 1915 ἁμαρτάνειν
1584 1836 1639 1893 ἒν
1679 1839 1726 1911 ᾧ
1780 1838 1897 1918 περὶ
1923 1831 1960 1878 Β

321 1911 538 1983 ἀπογῆς
554 1911 866 1991 δαιμοντκοῦ
893 1911 1248 1991 σεϐάσματος.

323 2011 450 2072 Ἐάν
518 2034 599 2077 τις
671 2010 756 2089 ἴδη
823 2013 916 2069 τὸν
996 2009 1220 2092 ἀδελφὸν
1305 2017 1463 2074 αὐτοῦ
1527 2013 1893 2093 ἁμαρτάνοντα

242 2103 501 2184 ἁμαρτίαν
578 2103 658 2178 μὴ
726 2102 859 2175 πρὸς
939 2101 1183 2178 θάνατον,
1268 2104 1497 2178 αἰτήσει,
1581 2105 1669 2161 καὶ
1736 2102 1892 2161 δώσει

243 2198 383 2269 αὖτῷ
450 2193 595 2265 ζωὴν
672 2204 790 2254 τοῖς
862 2191 1214 2270 ἁμαρτάνουσι
1293 2192 1372 2269 μὰ
1454 2195 1585 2272 πρὸς
1641 2194 1884 2257 θάνατον,

240 2272 438 2341 ’Ἔστιν
521 2281 750 2360 ἁμαρτία
828 2281 960 2360 πρὸς
1037 2282 1281 2358 θάνατον,
1377 2283 1436 2339 οὗ
1484 2283 1603 2362 περὶ
1680 2281 1885 2352 ἐκείνης

238 2370 381 2452 λέγω
432 2371 526 2427 ἵνα
582 2369 851 2448 ἐρωτήσῃ,
899 2375 1050 2426 Πᾶσα
1092 2367 1265 2427 ἀδικία
1322 2371 1551 2451 ἁμαρτία
1607 2371 1739 2436 ἐστὶ,
1786 2375 1885 2432 Καὶ

237 2460 379 2519 ἔστιν
448 2458 676 2539 ἁμαρτία
743 2459 803 2516 οὖ
843 2459 980 2538 ωρὸς
1034 2458 1279 2521 θάνατον,
1311 2458 1546 2537 Οἴδαμεν
1587 2458 1669 2517 ὅτι
1725 2467 1829 2525 πᾶς
1855 2464 1883 2519 6

237 2548 627 2631 γεγεννημένος
684 2546 745 2605 ἐκ
785 2554 877 2604 τοῦ
941 2550 1072 2605 Θεοῦ
1143 2548 1247 2628 οὐχ
1290 2550 1601 2630 ἁμαρτάνει,
1674 2548 1795 2609 ἀλλ’
1852 2553 1883 2607 ὗ

238 2640 504 2720 γεννηθεὶς
533 2637 589 2694 ἐξ
655 2643 745 2694 νοῦ
816 2635 946 2693 Θεοῦ
1001 2649 1160 2716 τηρεῖ
1202 2638 1408 2709 ἑαυτὸν,
1465 2640 1555 2696 καὶ
1619 2641 1647 2697 6
1703 2662 1880 2708 πονη-

236 2733 321 2809 ρὸς
385 2731 490 2809 οὔχ
545 2725 767 2784 ἅπτεται
811 2729 991 2787 αὐτοῦ.
1064 2724 1297 2803 Οἴδαμεν
1366 2727 1447 2784 ὃτι
1506 2726 1569 2785 ἐκ
1607 2729 1700 2786 τοῦ
1754 2733 1885 2788 Θεοῦ

234 2819 417 2895 ἔσμεν,
474 2818 564 2874 καὶ
603 2817 631 2871 ὃ
699 2815 901 2891 κόσμος
959 2813 1081 2878 ὅλος
1166 2815 1221 2870 ἐν
1293 2823 1370 2891 τῷ
1425 2818 1641 2898 πονηρῷ
1681 2833 1881 2881 κεῖται.

233 2906 470 2984 Οἴδαμεν
524 2903 579 2961 δὲ
644 2902 725 2960 ὅτι
777 2906 805 2959 ὁ
858 2905 979 2967 Υἱὸς
1034 2903 1128 2961 τοῦ
1185 2904 1317 2962 Θεοῦ
1369 2905 1513 2981 ἣκει,
1571 2909 1659 2965 καὶ
1718 2905 1884 2965 δέδω-

231 3019 319 3054 κεν
377 2999 517 3072 ἡμῖν
569 2993 824 3072 διάνοιαν,
894 2992 988 3050 ’ἷτα
1057 2994 1407 3073 γινώσκωμεν
1471 2997 1561 3052 τὸν
1638 2995 1885 3064 ἀληθινὸν

235 3087 385 3148 Θεόν.
442 3086 540 3144 Καὶ
578 3086 739 3159 ὶσμεν
766 3082 831 3139 ἀν
885 3088 965 3157 τῷ
1015 3081 1272 3165 ἀληθινῷ,
1321 3083 1375 3141 ἐν
1433 3090 1512 3161 τῷ
1568 3088 1674 3160 Titii
1727 3088 1885 3145 αὐτοϋ

234 3177 407 3244 Ἰησοῦ
439 3179 672 3252 Χριστῷ,
711 3194 735 3231 υ

318 3288 342 3322 ιι
393 3262 520 3321 Ἐὰν
548 3283 628 3326 τις
660 3259 752 3338 ἴδῃ
793 3261 884 3318 τὸν
937 3258 1162 3341 ἀδελφὸν
1221 3262 1378 3318 αὐτοῦ
1422 3263 1813 3342 ἁμαρτάνοντα.
1852 3290 1879 3321 n

2062 1811 2222 1896 quod
2252 1829 2375 1875 non
2402 1814 2482 1875 sit
2508 1811 2884 1896 peccandum
2914 1830 3020 1892 :3n
3045 1811 3165 1894 quo
3191 1814 3378 1877 etiam
3405 1816 3539 1896 agit
3568 1815 3643 1878 de

2059 1891 2432 1955 abstinentia
2459 1891 2697 1956 a’cultu
2727 1891 3091 1957 daemonum.

2058 1984 2131 2059 ν,
2163 1984 2378 2049 16-21.
2408 1985 2477 2051 Si
2504 1987 2638 2068 quis
2657 1986 2874 2049 viderit
2903 1987 3158 2064 fratrem
3184 2004 3364 2048 suum
3386 2004 3639 2069 peccare

1968 2082 2281 2156 peccatum
2310 2094 2437 2140 non
2460 2077 2541 2140 ad
2564 2084 2837 2152 mortem,
2858 2084 3048 2158 petet,
3081 2085 3139 2139 et
3166 2076 3345 2140 dabit
3391 2079 3514 2160 ipsi
3531 2081 3634 2142 vi-

1973 2171 2097 2228 tam
2120 2165 2505 2246 peccantibus
2534 2185 2658 2230 non
2679 2168 2764 2230 ad
2785 2172 3063 2231 mortem.
3090 2166 3207 2230 Est
3221 2175 3543 2248 peccatum
3559 2171 3640 2233 ad

1968 2261 2376 2330 mortem,non
2382 2273 2495 2335 pro
2522 2254 2632 2319 illo
2661 2255 2791 2318 dico
2802 2261 2876 2318 ut
2904 2263 3072 2335 roget
3082 2253 3321 2318 .Omnis
3341 2256 3641 2337 iniquitas

1960 2350 2271 2420 peccatum
2300 2354 2405 2420 est,
2439 2350 2615 2408 etest
2658 2342 2973 2423 peécatnm
3035 2361 3155 2406 non
3232 2343 3312 2407 ad
3351 2353 3632 2409 mortem.

1967 2432 2204 2495 Scimus
2227 2434 2385 2514 quod
2406 2435 2608 2496 omnis
2636 2435 2745 2515 qui
2771 2441 2956 2496 natus
2984 2439 3074 2497 est
3098 2450 3178 2496 ea:
3212 2432 3333 2496 Deo
3354 2452 3475 2497 non
3495 2453 3632 2515 pec-

1968 2527 2097 2596 cat,
2128 2523 2235 2585 sed
2265 2529 2371 2604 qui
2395 2524 2638 2603 genitus
2667 2529 2757 2586 est
2788 2539 2867 2586 ex
2894 2524 3017 2586 Deo
3045 2531 3254 2586 servat
3315 2525 3538 2608 ipsum,
3574 2534 3633 2588 et

1962 2610 2165 2673 matus
2184 2610 2286 2674 itte
2313 2629 2440 2675 non
2469 2613 2665 2693 tangit
2695 2614 3110 2675 eum.Scimus
3164 2612 3319 2690 quod
3369 2631 3449 2676 ea:
3498 2613 3626 2678 Deo

1965 2710 2252 2775 sumus,et
2288 2701 2549 2764 mundus
2575 2707 2731 2764 totus
2758 2700 2822 2763 in
2854 2700 3495 2784 malignoconstitutus
3525 2709 3639 2770 est.

1967 2792 2095 2850 60!
2139 2792 2377 2854 Scimus
2406 2798 2610 2854 autem
2640 2791 2797 2870 quod
2825 2791 3019 2852 Filius
3050 2791 3162 2853 Dei
3186 2793 3376 2854 venit.
3412 2791 3498 2854 Et
3520 2793 3631 2856 de-

1970 2881 2061 2942 dit
2090 2881 2255 2944 nobis
2284 2889 2639 2962 mentem,ut
2672 2896 3106 2961 cognoscamus
3124 2878 3303 2942 illum
3325 2883 3431 2959 qui
3454 2898 3634 2945 verus

1970 2976 2055 3031 est
2086 2986 2105 3031 :
2137 2980 2195 3032 et
2217 2988 2423 3032 sumus
2451 2970 2519 3032 in
2547 2984 2718 3047 vero,
2763 2967 2839 3029 In
2868 2967 3034 3030 Filio
3065 2970 3195 3047 eius
3224 2968 3370 3031 Jesu
3405 2971 3624 3033 Chris-

1970 3066 2052 3123 to.
2086 3062 2200 3125 IIic
2224 3068 2314 3125 est
2336 3078 2506 3123 verus
2532 3058 2694 3121 Deus
2724 3065 2782 3121 et
2811 3060 2937 3121 vita
2965 3066 3222 3120 (eterna.
3264 3059 3492 3135 Filioli,
3518 3077 3625 3123 ca-

1903 3155 1943 3202 ί)
1969 3166 2098 3222 vete
2126 3161 2289 3223 vobis
2317 3177 2356 3222 a
2383 3156 2735 3221 simulacris
2766 3158 2989 3219 Amen.

2058 3274 2078 3305 «
2115 3247 2178 3311 Si
2209 3248 2344 3330 quis
2373 3246 2585 3309 viderit
2628 3244 2870 3306 fratrem
2900 3263 3074 3307 suum
3108 3263 3379 3326 peccare.
3418 3270 3445 3301 »
3481 3243 3621 3310 Haec

232 3355 397 3413 Τοῦτο
427 3353 482 3409 ἐν
546 3358 653 3408 τῶν
708 3333 1024 3426 θελημάτων
1079 3333 1212 3410 ἔστί.
1291 3333 1639 3420 Δικαιοσύνης
1682 3355 1782 3434 γὰρ
1822 3358 1881 3412 τὸ

1971 3357 2084 3399 una
2112 3337 2474 3400 voluntatum
2507 3344 2618 3397 est.
2650 3333 2901 3398 Justitiae
2938 3335 3100 3396 enim
3157 3343 3251 3396 est
3292 3334 3625 3434 condolere

229 3451 304 3519 τῷ
372 3441 678 3519 ἧματηκότι
747 3423 957 3520 ἀδελφῷ
1012 3439 1318 3520 συναλγεῖν,
1378 3442 1466 3498 καὶ
1530 3423 1880 3523 συμπράττειν

1971 3428 2131 3490 fratri
2161 3429 2260 3508 qui
2296 3426 2646 3509 peccavit,et
2672 3424 2746 3487 ad
2767 3424 3037 3523 salutem
3067 3424 3306 3523 auxilio
3314 3441 3469 3487 esse.
3493 3423 3624 3488 uEst

226 3512 298 3598 εἰς
343 3512 637 3610 σῷτηρίαν,
703 3552 730 3584 σ
765 3512 965 3586 ’Ἔστιν
990 3512 1221 3607 ἁμαρτία
1279 3512 1408 3607 πρὸς
1467 3512 1708 3594 θανάτον.
1743 3551 1771 3591 ι
1808 3535 1880 3591 Τὸ

1971 3527 2272 3597 peccatum
2300 3518 2371 3578 ad
2399 3523 2674 3578 mortem.
2714 3539 2737 3569 υ
2761 3512 2921 3576 Ordo
2972 3514 3051 3574 sit
3074 3513 3227 3576 iste:
3262 3512 3367 3610 Est
3397 3533 3615 3595 pecca-

223 3620 370 3688 ἑξῆς.
408 3604 605 3678 ’Ἔστιν
632 3619 860 3698 ἁμαρτία
900 3618 1031 3695 πρὸς
1084 3604 1331 3689 θάνατον,
1385 3623 1473 3675 καὶ
1531 3618 1670 3677 ἔστιν
1700 3623 1877 3701 ἁμαρ-

1971 3616 2085 3668 tum
2115 3608 2187 3668 ad
2219 3614 2564 3680 mortem,et
2608 3612 2695 3666 est
2728 3611 3200 3702 peccatuinnnon
3231 3604 3304 3664 ad
3336 3613 3613 3667 mortem.

218 3712 302 3767 τία
370 3713 433 3768 οὗ
487 3710 619 3788 πρὸς
671 3691 914 3764 θάνατον.
944 3691 1050 3765 *Οὐ
1117 3708 1236 3786 περὶ
1282 3708 1380 3774 τῆς
1452 3709 1586 3787 πρὸς
1653 3691 1874 3770 θανάτον

1971 3695 2087 3757 Non
2113 3697 2188 3758 de
2214 3716 2284 3756 eo
2316 3696 2473 3776 quod
2506 3705 2598 3756 est
2625 3693 2697 3791 ad
2734 3699 2985 3753 mortem
3016 3691 3175 3791 dico,
3196 3701 3275 3791 ,ιιι
3303 3694 3613 3771 roget,sed

219 3797 361 3878 λέγω
411 3795 503 3855 ἵνα
531 3779 766 3873 ἀίτήσῃ,
841 3792 978 3851 ἀλλά
1016 3796 1133 3873 περὶ
1187 3779 1286 3862 τῆς
1358 3801 1435 3871 μή
1490 3779 1618 3874 πρὸς
1653 3799 1871 3855 θάνατον

1971 3785 2033 3865 ie
2056 3802 2126 3846 eo
2157 3785 2315 3866 quod
2350 3803 2467 3845 non
2501 3791 2588 3845 est
2618 3782 2690 3843 ad
2723 3789 2995 3841 mortem.
3018 3779 3248 3842 Deinde
3270 3798 3613 3880 sermonem

221 3867 357 3946 Εἶτα
408 3885 658 3967 διασαφεῖ
874 3882 1057 3962 λόγον,
1087 3867 1217 3952 ’τὴν
1285 3867 1543 3955 διαίρεσιν·
1557 3887 1872 3962 ποιούμενος

1971 3874 2227 3954 explanat
2253 3870 2699 3933 distinctionem
2732 3868 2958 3930 faciens
2980 3871 3217 3969 peccati
3242 3867 3397 3969 quod
3419 3869 3602 3969 estad

218 3982 314 4044 τῆς
372 3977 508 4053 πρὸς
560 3957 783 4034 θάνατον
829 3957 1109 4052 ἁμαρτίας,
1182 3974 1271 4030 καὶ
1312 3979 1409 4041 τῆς
1470 3974 1547 4049 μὴ
1600 3957 1729 4055 πρὸς
1784 3978 1874 4033 θά-

1971 3977 2204 4026 nortem
2232 3972 2290 4025 et
2305 3963 2357 4042 ej
2372 3980 2437 4024 us
2467 3960 2625 4042 quod
2656 3978 2773 4020 non
2806 3967 2894 4019 est
2923 3957 2995 4019 ad
3010 3965 3287 4055 mortem,
3316 3957 3616 4055 Simplici-

217 4045 429 4125 νατονί
463 4055 556 4130 (Ως
611 4063 713 4142 γὰρ
766 4045 876 4119 ἆπδ
932 4045 1115 4141 γένους
1168 4067 1269 4130 τῆς
1352 4045 1536 4126 ἀπλιῖις
1613 4045 1868 4144 ἁμαρτίας

1971 4071 2045 4113 er
2074 4053 2234 4115 enim
2264 4060 2540 4132 tanquam
2573 4068 2609 4110 a
2656 4066 2879 4128 genere
2913 4045 3138 4128 peccati
3170 4046 3313 4110 facit
3358 4047 3608 4110 divisio-

215 4167 367 4211 ποιεῖ
394 4154 493 4222 τὴν
523 4136 797 4233 διαίρεσιν,
842 4151 933 4208 καί
947 4136 1092 4231 quam.
1141 4170 1154 4184 ·
1213 4152 1362 4208 [Ιᾶσα
1430 4136 1659 4231 ἀδικία,
1687 4136 1867 4233 ἁμαρ-

1971 4160 2111 4214 iem,
2147 4151 2204 4202 et
2231 4141 2348 4202 ait:
2388 4139 2592 4201 omnis
2620 4136 2924 4218 iniquitas,
2982 4146 3293 4233 peccatum
3321 4143 3411 4233 est
3440 4154 3453 4195 :
3485 4136 3612 4201 sive

212 4243 318 4316 τία,
353 4242 465 4299 ἐστί
496 4258 511 4272 ⁸
557 4222 816 4315 τουτέστι,
874 4222 986 4298 καὶ·
1020 4242 1055 4309 ἡ
1100 4242 1240 4320 πρὸς
1291 4241 1515 4299 θάνατον
1566 4222 1654 4299 καὶ
1709 4244 1744 4310 ἡ

1971 4229 2024 4290 ίίι
2056 4231 2129 4292 ad
2161 4240 2435 4302 mortem,
2464 4229 2587 4291 sive
2616 4245 2735 4289 non
2786 4229 2862 4289 ad
2923 4232 3195 4324 mortem.
3244 4222 3361 4287 Sed
3397 4243 3503 4305 pro
3534 4244 3605 4288 eo

209 4334 339 4412 πρὸς
410 4332 654 4393 θάνατον.
717 4328 885 4389 Ἀλλὰ
939 4332 1057 4410 περὶ
1140 4330 1236 4406 μὲν
1291 4331 1391 4398 τὴν
1446 4333 1577 4410 πρὸς
1618 4332 1861 4406 θάνατον,

1971 4321 2105 4401 μιοὰ
2133 4329 2220 4381 est
2244 4320 2316 4381 ad
2352 4327 2709 4393 mortem,i.e
2742 4324 3020 4412 precetur
3047 4320 3171 4375 sive
3195 4323 3373 4395 petat,
3406 4333 3602 4397 neque

206 4405 285 4497 μη
342 4422 595 4501 ἐρωτάτω
679 4421 838 4501 φησὶν
895 4405 1020 4489 ἦτοι
1059 4405 1293 4479 αἰτείτω.
1354 4423 1426 4479 Οὐ
1480 4405 1580 4499 γὰρ
1628 4405 1866 4479 εἷσακούξ

1971 4410 2108 4470 enim
2144 4410 2588 4472 exaudietureo
2604 4408 2759 4487 quod
2787 4405 2938 4505 male
2966 4411 3263 4505 petaﬂpro
3288 4422 3359 4505 eo
3385 4422 3607 4505 rogans

206 4491 479 4583 σθήσεται,
514 4508 595 4565 ὅτι
638 4491 817 4571 κακῶς
877 4510 1040 4585 αἰτεῖ,
1073 4509 1190 4579 περὶ
1220 4518 1313 4567 τοῦ
1370 4491 1633 4585 μηδεμίαν
1689 4509 1861 4590 λέγων

1971 4500 2047 4580 lui
2073 4500 2294 4561 nullam
2326 4497 2583 4560 ostendit
2614 4491 3251 4590 conversionem.Nam
3275 4494 3465 4590 solum
3488 4494 3601 4557 hoc

205 4582 638 4675 ἐπιδεικνυμένου
666 4582 1032 4678 ἐπιστροφήν.-
1076 4600 1213 4677 Πρὸς
1294 4582 1519 4656 θάῖατοκί
1571 4600 1671 4680 γὰρ
1727 4582 1859 4669 αῧτη

1971 4599 2250 4652 peccatum
2282 4589 2352 4650 ad
2378 4595 2628 4649 mortem
2655 4585 2930 4665 cst,quod
2949 4584 3022 4644 ad
3047 4582 3460 4680 paenitentiam
3478 4602 3597 4645 non

94 5208 99 5213 ε
198 5130 593 5215 ἐπιστρέφουσι,

204 4687 342 4745 ἐστὶν
374 4689 603 4769 ἁμαρτία
633 4686 797 4766 μόνη,
830 4689 865 4754 ἦ
919 4709 996 4763 μη
1054 4689 1187 4766 πρὸς
1247 4688 1527 4762 μετάνοιαν
1584 4688 1856 4770 ἀφορῶσα,

203 4775 293 4850 ἢν,
326 4778 416 4834 καὶ
449 4775 646 4841 Ἰούδας
691 4776 922 4847 νοσήσας
977 4782 1055 4851 τῷ
1113 4778 1308 4850 αἰωνίῳ
1361 4777 1583 4857 ὑπήχθη
1625 4779 1854 4852 θανάτῳ,

202 4863 379 4922 Ἀλλὰ
430 4867 518 4924 καὶ
560 4868 608 4922 οἱ
664 4873 1142 4941 μνησικακοῦντες,
1196 4867 1249 4923 οἲ
1294 4867 1426 4945 πρὸς
1488 4867 1710 4926 θάνατον
1788 4869 1857 4923 ἁ-

205 4955 580 5035 μαρτάνουσιν.
661 4945 801 5013 ιΟδοὶ
868 4957 969 5035 γάρ
1051 4955 1394 5031 μνησικάκων
1451 4957 1525 5020 εἷς
1610 4957 1853 5033 θάνατον,

200 5045 330 5122 φησί
388 5042 670 5119 Σολομῶν.
731 5041 860 5102 Οὒδὲ
922 5045 1022 5124 γὰρ
1096 5042 1211 5104 οὐδὲ
1281 5044 1423 5101 οὗτοι
1482 5053 1854 5120 μετανοοῦντες

703 5134 1063 5203 μνησικακίας
1147 5133 1420 5214 ἐχόμενοι.
1499 5136 1587 5192 καὶ
1657 5132 1851 5203 διατη-

195 5230 406 5298 ροῦντες
460 5222 562 5290 τὴν
605 5224 743 5279 κατὰ
796 5229 889 5280 τοῦ
952 5221 1178 5290 πλησίον
1249 5224 1437 5304 ὀργὴν,
1492 5222 1630 5281 ἀλλά
1674 5224 1848 5301 ἀμετ-

196 5308 445 5387 άγνωστα
546 5311 925 5391 ἁμαρτάνουσι.
986 5318 1162 5369 Ταῦτα
1208 5309 1480 5380 δηλώσας.
1554 5313 1850 5389 ἐπισημαί-

195 5417 339 5453 νεται
368 5395 554 5457 λοιπὸν
585 5401 672 5456 καὶ
728 5400 885 5457 τίνων
936 5399 1050 5456 ἐστὶ
1095 5402 1157 5456 τὸ
1213 5402 1345 5481 πρὸς
1398 5402 1622 5458 θανάτον
1678 5403 1853 5482 ἁμαρ·-

194 5486 395 5560 τάνειν,
450 5488 540 5545 καί
581 5510 770 5569 φησιν,
851 5486 932 5545 ὅτι
1002 5492 1030 5546 6
1071 5491 1386 5557 υἱοθετηθεὶς
1443 5490 1504 5548 ἐκ
1559 5493 1689 5547 Θεοῦ
1757 5492 1854 5548 οὒκ

274 5615 334 5668 ιθ
361 5615 563 5684 Matth.
586 5637 669 5697 v1,
705 5621 763 5684 7.

674 5790 935 5854 PATBOL.
982 5793 1095 5856 Gn.
1144 5792 1358 5856 CXIX.

1943 4679 2187 4759 reSpicit
2211 4699 2225 4738 :
2250 4697 2366 4758 quo
2399 4696 2534 4738 cum
2564 4682 2903 4754 aagrotasset
2944 4672 3149 4745 Judas,
3183 4672 3244 4732 in
3273 4671 3593 4752 sempiter-

1942 4787 2076 4830 nam
2108 4775 2360 4830 mortem
2390 4764 2682 4827 abductus
2717 4771 2828 4825 est.
2886 4760 3003 4823 Sed
3035 4768 3094 4821 et
3125 4759 3211 4821 illi
3242 4769 3491 4840 peccant
3519 4761 3594 4822 ad

1943 4867 2190 4918 mortem
2242 4855 2340 4937 qui
2395 4853 2745 4934 injuriarum
2779 4858 2914 4912 sunt
2947 4866 3264 4910 memores.
3306 4847 3453 4909 Nam
3487 4849 3594 4911 vim

1941 4965 2146 5010 eorum
2181 4947 2281 5026 qui
2313 4962 2612 5006 memores
2661 4949 2800 5002 sunt
2844 4938 3199 5026 injuriarum
3237 4937 3489 4998 tendunt
3516 4940 3589 4999 ad

1942 5025 2302 5098 mortemiait
2332 5032 2633 5097 Solomon.
2692 5028 2896 5110 Neque
2927 5026 2987 5087 bi
3019 5025 3178 5087 enim
3211 5026 3591 5107 respiciendo

1938 5133 2380 5195 convertuntur,
2440 5120 2681 5201 injurias
2739 5116 3086 5179 memoriam
3145 5115 3496 5191 retinentes,
3532 5125 3593 5178 et

1933 5223 2236 5278 servantes
2259 5214 2406 5275 iram
2430 5212 2713 5271 adversus
2764 5206 3123 5288 proximum,
3157 5205 3261 5266 sed
3292 5204 3425 5266 sine
3454 5223 3587 5286 pce-

1935 5302 2184 5366 nitentia
2207 5296 2589 5384 peccanLHis
2603 5295 3388 5375 declaratis,ronsequenter
3405 5295 3585 5356 etiam

1934 5395 2226 5476 significat
2248 5412 2499 5476 quorum
2523 5392 2601 5455 sit
2633 5406 2879 5472 peccare
2913 5395 3154 5468 peccato
3183 5386 3257 5448 ad
3289 5395 3581 5449 mortem:

1935 5502 1993 5551 et
2025 5485 2105 5548 ait
2134 5486 2291 5566 quod
2314 5484 2414 5565 qui
2444 5502 2478 5544 a
2506 5482 2627 5544 Deo
2652 5478 2976 5559 adoptatus
3007 5484 3119 5553 est,
3154 5478 3248 5538 hic
3279 5494 3583 5556 nunquam

2977 5780 3056 5849 22
