4106 6422
364 387 484 456 679

1490 386 1901 463 OECUMENU
1946 380 2243 448 TRICC/E
2286 381 2623 449 EPISCOPI

3638 372 3763 441 680

364 542 505 585 vans
547 524 889 606 adoptione,
925 543 993 586 ac
1041 543 1151 604 per
1201 525 1316 586 hoc
1339 530 1562 585 aeterna
1604 536 1842 602 quoque
1875 516 2018 595 vita,

2106 518 2350 597 Χριστὸς,
2385 516 2450 585 ἢν
2479 518 2566 574 καὶ
2595 518 2750 581 αὐτὸς
2795 515 2914 596 ἔχει
2943 515 2997 573 ἂν
3054 516 3250 592 ἐαυτῷ,
3306 516 3384 578 ὡς
3427 511 3496 606 μὲν
3530 517 3621 606 τῷ,
3652 513 3758 568 Εὖ-

362 631 536 693 quam
567 614 837 692 promisit
867 613 1138 676 Christus
1188 614 1281 674 his
1325 613 1424 693 qui
1455 631 1489 673 a
1526 629 1590 671 se
1626 607 1885 688 adoptati
1917 624 2018 668 es-

365 711 497 762 sent
526 722 539 762 :
566 721 741 782 quam
777 713 835 764 et
867 704 995 782 ipse
1024 703 1084 764 in
1112 721 1176 764 se
1210 702 1387 762 habet
1417 700 1571 761 sicut
1601 699 1659 759 in
1699 694 2019 774 Evangelio

362 790 649 869 scriptum
675 801 797 852 est:
833 816 860 847 α
886 790 950 853 In
977 793 1101 872 ipso
1128 791 1243 851 vita
1267 789 1440 851 erat“
1468 814 1518 851 .»
1555 787 1759 868 Itaque
1791 785 1888 866 qui
1907 783 2019 844 ba-

363 877 462 939 bet
492 879 702 941 Filium
739 898 843 959 per
866 898 1100 941 sacrum
1156 880 1466 959 baptisma,
1502 879 1683 938 habet
1726 884 1783 936 et
1814 873 2016 935 vitam.

362 965 660 1048 Quotquot
707 969 868 1029 enim
918 968 978 1029 in
1007 968 1305 1031 Christum
1340 965 1616 1047 baptizati
1647 981 1873 1041 sumus,
1908 961 2022 1021 hoc

361 1056 615 1135 et,juxta
643 1057 827 1136 ipsius
871 1057 1367 1138 praeceptum,Ch.
1391 1056 1571 1117 istum
1612 1051 1913 1114 induimus
1938 1048 2015 1138 52.

364 1143 506 1206 599
532 1145 641 1217 Qui
688 1136 887 1205 autem
922 1165 1040 1206 non
1074 1136 1255 1206 habet
1281 1144 1493 1206 Filium
1524 1143 1627 1203 Dei
1661 1159 1766 1221 per
1791 1136 2018 1217 baptis-

366 1252 751 1314 mum,neque
771 1235 946 1295 vitam
971 1233 1285 1297 habetsed
1309 1241 1574 1294 mortuus
1588 1240 1694 1293 est.
1712 1228 2019 1310 Siquidem

363 1323 665 1403 accipiens
690 1342 806 1384 non
841 1324 1102 1403 peccatis
1132 1323 1641 1393 mortuos,excitat
1665 1338 1768 1398 per
1786 1334 2019 1378 sacrum

367 1409 677 1490 baptisma.
711 1409 1048 1483 Quomodo?
1079 1411 1240 1472 Sicut
1273 1411 1617 1490 frequenter
1647 1408 1868 1468 dictum
1901 1410 2018 1475 est,

365 1499 522 1578 quod
553 1501 935 1580 consepultus
956 1500 1186 1563 Christo
1212 1518 1320 1580 per
1341 1498 1780 1561 demersionem
1809 1511 1938 1575 quae
1958 1493 2023 1553 ﬁt

365 1587 423 1647 iu
457 1587 770 1669 baptismo,
805 1597 1072 1649 mortuus
1123 1588 1197 1648 sit
1254 1589 1500 1666 mundo,
1549 1588 1671 1647 sive
1708 1580 2022 1645 mundanis

364 1676 889 1756 concupiscentiis,
928 1686 985 1737 et
1004 1680 1128 1758 jam
1165 1697 1279 1738 non
1312 1677 1426 1737 sibi
1474 1677 1612 1755 ipsi,
1647 1675 1749 1736 sed
1786 1672 2019 1736 Christo

2102 589 2347 683 αγγελίιρ
2388 605 2682 685 γέγραπται
2744 622 2757 636 ⁶
2825 589 2865 659 ἶ
2912 604 3003 663 Ἐν
3062 604 3205 679 αὒτῷ
3233 589 3360 675 Ἰζωή
3425 601 3513 669 ἧν.
3581 589 3760 655 υι.ὶστε

2103 696 2130 749 ὁ
2161 693 2306 774 ἔχων
2346 697 2438 751 τὸν
2472 698 2590 750 Υἱὸν
2621 693 2704 751 διὰ
2745 701 2838 750 τοῦ
2892 694 3040 772 ἁγίου
3094 694 3486 770 βαπτισματος,
3522 688 3640 769 ἔχει
3671 687 3760 743 καὶ

2101 773 2227 849 τὴν
2279 785 2445 854 ζωήν,
2509 773 2673 842 ιὈσοι
2745 785 2845 863 γὰρ
2915 785 2989 846 εἰς
3046 784 3269 860 Χριστὸν
3347 777 3758 852 ἐϐαπτίσθημεν,

2102 871 2361 945 τουτέστι,
2396 873 2531 929 κατὰ
2573 873 2672 938 τὴν
2733 870 2955 938 ὶντολὴν
3010 872 3189 945 αύτοῦ,
3236 870 3457 949 Χριστὸν
3511 864 3759 924 ἑνεδυσά-

2105 965 2258 1035 μεθα.
2291 951 2486 1026 υΟστις
2516 959 2679 1036 δὲμὴ
2731 960 2849 1041 ἔχει
2906 963 2997 1017 τὸν
3057 962 3176 1016 Υἱὸν
3229 969 3324 1018 ττιῦ
3381 966 3512 1017 Θεοῦ
3553 953 3639 1011 διὰ.
3668 959 3760 1010 τσῦ

2102 1049 2493 1126 βαπτίσματος,
2567 1049 2683 1109 οὐδὲ
2727 1051 2824 1118 τὴν
2866 1050 3009 1121 ζωὴν
3067 1047 3209 1129 ἔχει,
3268 1050 3359 1104 καὶ
3413 1046 3756 1123 νενέκρωται.

2104 1141 2332 1216 Νεκροὺς
2387 1141 2487 1218 γὰρ
2556 1136 2839 1215 λαμϐάνων
2899 1141 3042 1213 ἡμᾶς
3132 1150 3248 1200 τοῖς
3305 1137 3754 1218 παραπτώμασιν,

2103 1226 2289 1306 ἐγείρει
2332 1226 2415 1285 διὰ
2461 1216 2561 1285 τοῦ
2614 1228 2763 1307 ἁγίου
2819 1228 3210 1306 βαπτίσματος,
3251 1232 3419 1305 Hdie;
3488 1216 3581 1287 Ὡς
3614 1219 3753 1278 πολ-

2102 1314 2252 1382 λάκις
2295 1317 2529 1396 εἴρηται,
2578 1316 2652 1373 ὅτι
2692 1320 2720 1374 ὁ
2750 1319 3021 1397 ωνταφείς
3057 1321 3263 1395 Χριστῷ
3308 1313 3393 1371 διὰ
3421 1319 3519 1380 τῆς
3551 1312 3605 1368 ὲν
3649 1312 3754 1387 βα-

2103 1406 2377 1480 πτίσματι,
2413 1404 2767 1486 καταδύσεως,
2815 1408 2965 1471 οὗτος
3023 1404 3201 1485 νεκρός
3247 1404 3357 1460 ἐστι
3409 1403 3487 1477 τῷ
3543 1399 3753 1477 κόσμῳ,

2102 1492 2199 1561 ἥτο
2274 1507 2396 1559 ταῖς
2454 1507 2742 1570 κοσμικαῖς
2800 1494 3119 1568 ἐπιθυμίαις,
3178 1496 3266 1550 καὶ
3333 1492 3504 1551 οὐκέτι
3562 1490 3753 1562 ἐαυτῷ,

2103 1581 2239 1639 ἀλλὰ
2314 1587 2523 1662 Χριστὼ
2565 1589 2652 1661 ζῇ,
2685 1584 2821 1639 κατὰ
2880 1583 2973 1647 τὰς
3009 1582 3224 1646 ἐντολὰς
3268 1582 3429 1640 αὐτοῦ
3470 1580 3524 1636 ἐν
3575 1577 3756 1635 καινό-

2102 1692 2224 1738 τητι
2306 1676 2449 1742 ζωῆς
2503 1675 2808 1750 περιπατῶν
2886 1673 2974 1730 καὶ
3017 1669 3350 1751 παρείσδυσιν
3393 1675 3462 1746 τῇ
3525 1666 3757 1746 ἁμαρτίᾳ

363 1766 534 1839 vivat,
561 1765 727 1844 juxta
760 1778 1057 1846 praecepta
1091 1766 1250 1828 illius
1280 1767 1341 1827 in
1394 1766 1652 1827 novitate
1703 1762 1835 1823 vitae
1885 1779 2017 1822 am-

2105 1761 2297 1836 μηκέτι
2328 1759 2521 1826 διδοὺς.

364 1839 853 1935 bulans13,neque
882 1839 1126 1936 posthac
1154 1864 1394 1936 peccato
1422 1855 1570 1916 dans
1595 1849 2020 1914 clancularium
2043 1839 2083 1891 Β

365 1961 731 2019 ingressum.

451 2034 521 2107 V,
558 2033 772 2095 13-15.
811 2032 1190 2114 Hcecscripsi
1223 2032 1390 2095 vobis
1422 2034 1530 2112 qui
1555 2031 1805 2093 creditis
1828 2030 1893 2088 in
1915 2047 2015 2093 no-

364 2138 504 2183 men
534 2122 684 2184 Filii
717 2122 829 2182 Dei
878 2140 895 2183 :
947 2131 1013 2183 ut
1043 2124 1256 2185 seio/is
1289 2124 1450 2202 quod
1490 2123 1679 2183 vitam
1727 2119 2020 2181 habemus

366 2217 675 2291 (sternam,
718 2219 866 2273 etut
897 2212 1161 2273 credatis
1204 2214 1271 2272 in
1323 2227 1540 2272 nomen
1578 2210 1725 2270 Filii
1764 2207 1897 2271 Dei.
1936 2205 2020 2269 Iit

364 2298 494 2361 haec
523 2310 607 2361 est
637 2300 862 2378 ﬁducia
896 2318 1079 2378 quam
1111 2300 1404 2361 habemus
1434 2298 1598 2379 apud
1637 2298 2019 2377 l)eum,quod

364 2390 421 2449 si
448 2391 593 2467 quid
621 2390 980 2468 petierimus
1000 2389 1328 2451 secundum
1361 2388 1726 2450 voluntatem
1757 2390 2022 2464 ejus,ou-

367 2478 457 2539 dit
486 2496 591 2540 nos
650 2477 731 2538 Et
761 2480 815 2537 si
843 2478 1066 2539 scimus
1099 2479 1258 2557 quod
1288 2477 1459 2538 audit
1487 2495 1594 2537 nos
1639 2478 1707 2537 in
1755 2476 1922 2538 omni
1951 2492 2019 2537 e0

367 2584 436 2627 eo
467 2567 623 2644 quod
650 2568 1030 2646 petierimus,
1062 2569 1286 2629 scimus
1312 2567 1468 2645 quod
1515 2565 1808 2627 habemus
1854 2565 2018 2644 peti-

372 2657 571 2717 tiones
599 2674 751 2735 quas
777 2654 1212 2735 postularimus
1242 2656 1316 2718 ab
1345 2674 1432 2719 eo.

447 2742 755 2825 Tonquam
777 2744 835 2805 in
870 2744 1102 2823 epilogo
1128 2743 1466 2806 summatim
1484 2742 1761 2823 praedicta
1777 2742 2016 2826 repetitJ

369 2842 428 2895 et
458 2834 539 2894 ait
564 2855 577 2896 :
603 2832 828 2913 Scripsi
859 2834 1022 2895 vobis
1054 2835 1180 2896 haec
1215 2844 1491 2914 tanquam
1523 2831 1861 2893 haeredibus
1892 2832 2020 2893 vitae

372 2932 606 2985 aeternae
633 2945 645 2958 ·
664 2941 1034 3004 nequaquam
1059 2924 1217 2985 enim
1247 2925 1355 2985 ista
1376 2922 1785 2984 scriberentur
1806 2921 1898 2982 his
1917 2923 2017 3002 qui

367 3030 483 3073 non
518 3012 709 3073 vivunt
761 3010 1086 3073 secundum
1147 3030 1311 3093 Spem
1371 3012 1501 3072 vitae
1551 3020 1837 3072 αξιοι-ηερε
1882 3011 2020 3091 quia

368 3119 561 3181 neque
593 3111 793 3162 sancta
822 3100 963 3161 dare
996 3101 1242 3161 canibus
1274 3119 1466 3181 neque
1497 3098 1841 3178 margaritas
1858 3117 2020 3178 Spar-

363 3171 503 3268 gere
533 3208 732 3251 coram
758 3187 1040 3270 porcis“,
1079 3190 1310 3251 laudem
1357 3171 1820 3268 promerentur.
1855 3171 2015 3248 Tan-
2037 3171 2079 3223 c

371 3297 543 3359 quam
572 3277 913 3340 haeredibus
942 3296 1082 3357 ergo
1117 3278 1247 3339 vitae
1276 3288 1515 3339 aeternae
1562 3277 1687 3338 haec
1717 3276 2013 3351 scribens,

369 3368 584 3446 repetit
603 3367 952 3443 breviter,ut
974 3367 1591 3445 diximus,suggerens
1618 3365 1734 3426 illis
1754 3368 2017 3445 quaajam

367 3456 523 3517 dicta
548 3456 974 3535 suntprimum
1005 3457 1161 3536 quod
1195 3455 1448 3517 ﬁrmiter
1479 3454 1728 3516 credere
1750 3463 2021 3534 Oporteat

367 3545 427 3605 in
455 3562 669 3605 nomen
686 3544 819 3606 Filii
849 3543 977 3620 Dei,
1016 3545 1126 3605 hoc
1160 3553 1269 3618 est,
1305 3544 1364 3604 in
1400 3543 1679 3604 traditum
1727 3542 1901 3604 nobis
1944 3543 2018 3604 ab

365 3633 466 3713 illo
500 3633 761 3695 divinum
793 3635 1016 3694 cultum
1053 3652 1066 3696 :
1103 3653 1237 3696 nam
1271 3635 1383 3696 hoc
1417 3633 1754 3711 signiﬁcare
1777 3633 1895 3694 vult
1917 3651 2021 3695 no-

367 3741 503 3783 men
534 3723 666 3785 Filii
699 3722 827 3795 Dei,
861 3724 1032 3784 sicuti
1075 3723 1354 3798 diximus,
1389 3723 1482 3783 cui
1535 3722 1815 3783 videliCet
1861 3723 2018 3783 viam

368 3821 530 3891 parat
576 3813 702 3892 ipsa
757 3812 909 3873 sacri
956 3812 1325 3890 baptismatis
1355 3811 1561 3891 gratia.
1602 3811 1826 3874 Deinde
1857 3812 2017 3892 quod

365 3899 900 3980 hujusindubitataa
921 3899 1060 3961 ﬁdei
1086 3901 1311 3961 nullum
1335 3902 1411 3961 sit
1434 3899 1591 3961 aliud
1615 3899 1871 3979 signum,
1902 3900 2018 3961 nisi

366 3988 604 4062 ﬁducia,
646 4008 822 4070 quam
856 4008 964 4069 per
1013 3988 1604 4070 irreprehensibilem
1632 3991 1805 4050 ﬁdem
1836 4008 2016 4070 repe-

365 4078 555 4139 rimus
606 4078 761 4156 apud
821 4078 1038 4159 ipsum,
1089 4079 1242 4139 sicut
1282 4078 1456 4140 etiam
1500 4078 1560 4138 in
1609 4078 2018 4155 superioribus

368 4166 1044 4248 diximus.Rursumque
1080 4170 1309 4246 signum
1343 4168 1519 4248 hujus
1552 4167 1784 4228 ﬁducia;
1806 4168 2019 4248 posuit,

370 4273 489 4316 non
519 4255 787 4316 frustrari
819 4255 878 4315 in
908 4257 1196 4317 omnibus
1228 4274 1359 4337 qua
1380 4275 1413 4317 a
1435 4255 1607 4317 nobis
1631 4257 2019 4335 postulantur.

2190 2049 2217 2080 α
2252 2036 2424 2085 Ταῦτα
2469 2023 2671 2106 ἔγραψα
2701 2028 2829 2103 ὑμῖν
2857 2041 2974 2090 τοῖς
3008 2027 3340 2084 πιστεύουσιν
3372 2026 3444 2089 εἰς
3487 2026 3550 2081 τὸ
3586 2022 3754 2099 ὄνομα

2102 2121 2194 2171 τοῦ
2267 2117 2388 2172 Υἰού
2447 2123 2540 2171 τού
2610 2122 2761 2188 Θεοῖ,
2802 2117 2895 2172 Ἕνα
2939 2114 3134 2196 εἰδῆτε,
3194 2115 3274 2172 ὅτι
3318 2115 3459 2186 ζωὴν
3544 2113 3754 2169 αἰῶνιον

2103 2202 2282 2283 ἔχετε,
2355 2206 2442 2262 καὶ
2498 2205 2589 2261 ’ίνα
2658 2210 2941 2272 πιστεύητε
2986 2207 3058 2269 εἰς
3130 2207 3190 2261 τὸ
3259 2204 3425 2279 ὄνομα
3485 2210 3577 2258 τού
3633 2202 3754 2257 Υἱοῦ

2098 2301 2192 2351 τοῦ
2223 2301 2375 2368 Θεοῦ,
2438 2296 2536 2352 Καὶ
2589 2293 2723 2361 αὕτη
2780 2293 2917 2350 ἔστὶν
2986 2296 3021 2362 ἡ
3094 2293 3379 2373 παῤῥησία,
3438 2293 3503 2359 ἣν
3554 2288 3754 2370 ἔχομεν

2101 2384 2232 2461 πρὸς
2284 2386 2464 2464 αὒτὸν,
2525 2382 2605 2441 ὅτι
2657 2386 2748 2440 ξαν
2816 2405 2866 2439 τι
2922 2385 3188 2460 αἰτώμεθα
3238 2383 3374 2439 κατὰ
3425 2383 3487 2437 τὸ
3543 2379 3750 2453 θέλημα

2101 2475 2260 2529 αὐτοῦ
2288 2471 2463 2528 ἁκούει
2493 2473 2670 2548 ἡμῶν.
2706 2474 2803 2530 Καὶ
2853 2473 2897 2528 εἰ
2941 2472 3162 2549 οἴδαμεν
3221 2469 3302 2527 ὅτι
3360 2470 3538 2525 ἀκούει
3567 2470 3748 2546 ἡμῶν,

2102 2559 2130 2614 ὃ
2172 2558 2236 2614 ἄν
2268 2559 2549 2635 αἰτώμεθα,
2584 2558 2804 2635 οἴδαμεν
2847 2560 2927 2618 ὅτι
2976 2561 3171 2641 ἔχομεν
3222 2562 3287 2615 τα
3315 2560 3582 2633 αἰτήματα
3625 2555 3750 2634 παρ’

2102 2650 2282 2712 αὐτοῦ.
2321 2670 2347 2707 ι

2188 2728 2278 2803 ἐὶς
2349 2738 2403 2795 ὲν
2472 2738 2708 2818 ἐπιλόγῳ
2790 2737 3268 2820 ἀνακεφαλαιοῦται
3351 2735 3440 2793 καί
3533 2754 3696 2815 φησιν
3728 2748 3745 2766 ⁸

2106 2814 2369 2905 ’Ἔγραψα
2409 2829 2539 2904 ὑμῖν
2564 2814 2728 2888 ταύτα
2785 2832 2859 2893 ὡς
2902 2814 3257 2907 κληρονόμοις
3316 2828 3524 2882 αἰωνίου
3550 2814 3691 2894 ζωῆς
3727 2839 3743 2855 ⁸

2101 2915 2196 2972 οὒκ
2239 2916 2299 2973 ἂν
2330 2919 2429 2996 γὰρ
2457 2919 2621 2974 ταῦτα
2648 2920 2870 2998 γραφείη
2913 2931 3032 2981 τοῖς
3079 2917 3158 2993 μὴ
3214 2914 3330 2971 κατ’
3383 2911 3567 2969 ἔλπίδα
3595 2913 3748 2989 βιοῦ·-

2102 3027 2153 3061 σι
2221 3010 2322 3071 τῆς
2367 3008 2577 3064 αἰωνίου
2649 2997 2811 3078 ζωῆς,
2882 2997 3013 3065 υΟτι
3073 3004 3207 3082 μηδὲ
3254 3005 3321 3060 τὰ
3372 3003 3499 3081 ἅγια
3556 3000 3748 3057 διδόναι

2101 3107 2221 3157 τοῖς
2305 3097 2442 3169 κυσὶ,
2517 3094 2652 3172 μηδέ
2719 3098 2842 3161 τοὺς
2898 3097 3222 3175 μαργαρίτας
3285 3091 3574 3172 ἔμπροσθεν
3642 3096 3750 3147 τῶν

2101 3184 2299 3263 χοίρων
2342 3184 2640 3249 ἀξιέπαινον
2683 3186 2914 3263 ῥιπτεῖν.
2965 3179 3055 3250 ’τις
3112 3184 3199 3240 οὖν
3242 3181 3593 3261 κληρονόμοις
3646 3184 3747 3247 τῆς

2101 3273 2309 3329 αἰωνίου
2348 3274 2560 3353 γράφων
2618 3281 2783 3330 ταῦτα
2824 3279 2992 3347 ζωῆς,
3044 3268 3496 3347 ἒπαναλαμϐάνει,
3565 3271 3638 3332 ὼς
3668 3269 3749 3325 εἰ-

2101 3363 2340 3440 ρήκαμεν
2394 3361 2478 3418 διὰ
2562 3363 2809 3443 βραχέων
2877 3362 3300 3438 ὑπομιμνήσκων
3381 3359 3566 3423 αὐτοὺς
3638 3362 3747 3414 τῶν

2101 3450 2393 3530 εἰρημένων
2463 3450 2568 3518 ἤδη
2606 3471 2619 3484 ·
2678 3458 2888 3531 πρῶτον
2938 3452 3018 3507 ὃτι
3062 3448 3145 3506 δεῖ
3196 3448 3460 3505 πιστεύειν
3530 3445 3749 3517 ἅδιστάι-

2103 3562 2241 3603 κτως
2288 3542 2360 3604 εἰς
2416 3542 2478 3597 τὸ
2548 3539 2716 3617 ὄνομα
2770 3540 2863 3598 τοῦ
2923 3542 3041 3596 1⁸ἱοῦ
3108 3545 3202 3595 τοῦ
3272 3545 3423 3617 Θεοῦ,
3455 3535 3748 3612 τουτέστιν,

2101 3630 2175 3691 εἰς
2244 3630 2344 3696 τὴν
2402 3627 2489 3685 ὄπ’
2546 3628 2746 3685 ἐκείνου
2788 3626 3175 3708 παραδοθεῖσαν
3232 3629 3373 3701 ἡμῖν
3418 3625 3742 3688 θεοσέϐειαν,

2103 3720 2268 3775 Τοῦτο
2322 3718 2423 3797 γὰρ
2486 3716 2731 3796 βούλεται
2790 3718 3068 3793 σημαίνειν
3126 3718 3188 3773 τὸ
3245 3715 3412 3791 ὄνομα
3481 3723 3574 3772 τοῦ
3629 3715 3749 3770 Υἰοῦ

2099 3808 2195 3863 τοῦ
2247 3809 2399 3882 Θεοῦ,
2454 3810 2527 3871 ὡς
2585 3808 2846 3887 φθάνομεν
2931 3806 3220 3885 εἰρηκότες.
3294 3811 3370 3868 Ης
3413 3799 3656 3867 ὁδοποιὸς
3713 3804 3750 3871 ἡ

2100 3908 2192 3956 τοὺ
2218 3898 2369 3976 ἁγίου
2399 3894 2601 3965 δηλαδὴ
2656 3897 3020 3974 βαπτίσματος
3076 3896 3260 3976 χάρις.
3307 3895 3446 3952 Εἶτα
3501 3890 3583 3949 ὅτι
3639 3915 3746 3959 ση-

2103 3999 2260 4061 μεῖον
2330 3987 2526 4053 ταύτης
2596 3991 2694 4053 τῆς
2739 3983 3054 4043 ἂδιστάκτου
3110 3987 3337 4049 πίστεως
3389 3980 3536 4042 οὐδέν
3606 3981 3747 4038 ἐστιν

2101 4074 2256 4155 ἄλλο,
2285 4075 2323 4142 ἦ
2352 4077 2386 4143 ἡ
2417 4073 2703 4155 παῤῥησία,
2733 4073 2800 4142 ἣν
2850 4073 2932 4131 διὰ
2958 4077 3057 4141 τῆς
3113 4074 3338 4150 ἀμώμω
3393 4073 3619 4138 πίστεως
3655 4074 3745 4129 εύ-

2107 4165 2356 4240 ρίσκομεν
2410 4165 2543 4243 πρὸς
2601 4165 2781 4239 αὐτὸν,
2833 4165 2906 4226 ὡς
2981 4164 3067 4220 καὶ
3138 4162 3384 4240 ἀνωτέρω
3439 4161 3748 4238 εἰρήκαμεν.

2110 4254 2208 4310 Καὶ
2235 4250 2394 4309 πάλιν
2451 4264 2681 4328 σημεῖον
2750 4256 2849 4319 τῆς
2902 4251 3151 4317 τοιαύτης
3202 4249 3514 4328 παρρησίας,
3574 4250 3636 4304 τὸ
3669 4247 3747 4323 μὴ

369 4341 481 4406 Sed
516 4345 798 4424 quoniam
819 4364 933 4406 non
957 4364 1165 4407 omnes
1188 4346 1385 4407 omnia
1400 4345 2018 4426 postulataassequun-

2107 4342 2366 4420 ἀστοχεῖν
2424 4343 2636 4402 πάντων
2692 4347 2797 4398 τῶν
2861 4338 2984 4418 παρ’
3034 4342 3188 4415 ἡμῶν
3263 4337 3604 4413 αἰτοδμένων,
3666 4337 3751 4393 τέ-

373 4445 489 4513 tur,
514 4451 708 4513 neque
738 4451 976 4515 semper
1009 4425 1412 4496 exaudiuniur
1437 4435 1496 4496 in
1531 4436 1623 4496 bis
1653 4454 1785 4514 quae
1815 4443 2018 4515 petunt

2105 4433 2294 4492 θεικεν,
2369 4427 2518 4487 Ἀλλ’
2589 4427 2771 4496 ἐπειδὴ
2820 4432 2879 4489 οὐ
2949 4427 3162 4486 πάντων
3235 4429 3341 4484 τῶν
3423 4425 3747 4503 αἰτουμένων

2105 4511 2294 4541 __r_._--
2355 4510 2707 4541 -..-.-._v-.-..-...
2815 4508 2926 4541 -.καὶ
3000 4508 3351 4541 -2--..-.'.-....-.
3427 4508 3499 4541 ει-
3584 4505 3615 4541 2:
3659 4507 3747 4541 ,ς-

365 4505 531 4584 addit
563 4541 577 4586 :
612 4505 963 4585 'Secundum
1007 4525 1367 4587 voluntatem
1420 4526 1548 4604 ejus
1580 4545 1594 4585 ε
1634 4505 2018 4586 manifestans

2105 4511 2294 4573 πάντες
2354 4510 2731 4590 τυγχάνουσιν,
2813 4508 2929 4566 οὐδὲ
3000 4508 3355 4565 εἰσακούονται
3427 4508 3499 4572 εἰς
3583 4505 3617 4561 ἃ
3658 4507 3748 4562 αἱ-

364 4612 646 4675 videlicet
675 4614 833 4692 quod
855 4622 1062 4693 petens
1099 4621 1312 4694 praeter
1341 4613 1701 4675 voluntatem
1730 4612 2015 4692 magistri,

2105 4615 2270 4683 τούσι,
2302 4610 2614 4687 προστίθησι
2644 4609 2705 4664 το
2737 4609 2883 4666 Κατὰ
2927 4608 2987 4663 τὸ
3030 4604 3237 4681 θέλημα
3289 4607 3463 4680 αὐτοῦ,
3512 4606 3585 4670 ὡς
3617 4605 3646 4659 ὃ
3688 4626 3749 4683 γε

364 4721 482 4764 non
514 4702 588 4763 sit
614 4691 1046 4780 exaudiendus,
1077 4691 1464 4766 conformiter
1489 4705 1559 4764 ad
1583 4691 2018 4786 ~beatum’Jaco-

2105 4698 2242 4777 παρὰ
2298 4698 2359 4753 τὸ
2400 4697 2608 4773 θέλημα
2661 4703 2751 4753 τοῦ
2812 4694 3123 4755 διδασκάλου
3216 4696 3397 4769 αἰτῶν,
3457 4691 3574 4753 οὐδὲ
3631 4694 3747 4750 εἰσ-

378 4792 518 4853 hum
558 4809 571 4853 :
608 4792 1095 4872 quandoquidem
1129 4802 1186 4854 et
1223 4793 1347 4869 ille,
1386 4816 1413 4848 α
1453 4782 1681 4869 Ρθιὶιίε,
1715 4793 1926 4873 inquit,
1962 4799 2018 4855 et

2105 4783 2586 4866 ακουσθησόμενος,
2641 4783 2843 4861 συνῳδὰ
2896 4792 2975 4859 τῷ
3017 4786 3258 4866 μακαρίῳ
3315 4781 3553 4857 Ἰακώϐῳ
3603 4783 3745 4839 ἀπο-

371 4900 488 4942 non
518 4881 817 4963 accipitis,
849 4899 919 4942 eo
959 4882 1116 4963 quod
1150 4883 1304 4944 male
1354 4882 1565 4964 petatis
1594 4882 1706 4957 ‘5,»
1753 4883 1865 4944 hoc
1897 4892 2007 4957 est,

2101 4878 2413 4961 φαινόμενος
2440 4896 2452 4910 ·
2487 4874 2601 4934 ἐπεὶ
2628 4878 2715 4933 καὶ
2765 4878 2939 4952 οὗτος,
2995 4900 3021 4931 ¢
3062 4878 3294 4955 Αἰτεῖτε,
3326 4875 3538 4955 φάσκει,
3572 4874 3660 4930 καὶ
3689 4872 3748 4929 οὒ

372 4977 545 5049 prout
564 4968 732 5030 vobis
762 4989 879 5030 non
909 4970 1178 5050 expedit.
1227 4972 1367 5032 600
1397 4974 1764 5033 (Ionvertens
1815 4979 2012 5032 autem

2105 4964 2415 5044 λαμϐανετε,
2449 4966 2580 5024 διότι
2612 4970 2812 5044 ικακῶς
2855 4968 3077 5043 αἰτεῖτε,
3117 4990 3141 5021 ι
3178 4967 3361 5043 οἰονεὶ,
3420 4964 3746 5045 ἀσυμφόπως

369 5057 708 5137 hujusmodi
730 5058 963 5140 signum
979 5061 1040 5121 in
1060 5060 1428 5123 manifestius
1449 5059 1762 5132 indicium,
1795 5059 1896 5120 ait:
1915 5058 2017 5119 «Et

2105 5059 2247 5135 ὃμίν.
2306 5055 2686 5136 Ἀντιστρὲφων
2737 5056 2792 5112 δὲ
2834 5058 2895 5112 τὸ
2936 5063 3175 5113 τοιοῦτον
3223 5065 3452 5128 σημεῖον
3508 5054 3579 5118 εἰς
3645 5074 3748 5108 σα-

368 5146 417 5207 si
440 5147 663 5209 scimus
690 5151 843 5229 quod
864 5149 1029 5211 audit
1058 5170 1167 5213 nos
1197 5151 1258 5212 in
1296 5150 1458 5212 omni
1485 5169 1554 5210 eo
1586 5149 1744 5230 quod
1780 5147 2016 5230 petieri-

370 5254 521 5310 mus,
554 5237 777 5299 scimus
807 5240 959 5319 quod
985 5239 1275 5302 habemus
1304 5240 1619 5321 petitiones
1647 5258 1794 5320 quas
1810 5246 2015 5319 postu-

364 5326 614 5386 lavimus
637 5326 710 5386 ab
735 5329 995 5390 eozutale
1016 5329 1324 5411 qnippiam
1349 5329 1578 5392 dicens:
1608 5329 1672 5391 Si
1689 5328 2017 5390 secundum

369 5415 720 5476 voluntatem
743 5418 872 5496 ejus
906 5420 1355 5497 petimus,audit
1385 5439 1491 5482 nos
1520 5428 1616 5482 :et
1646 5418 1695 5480 si
1724 5419 1888 5480 audit
1911 5438 2020 5481 nos

367 5505 428 5567 in
460 5504 623 5566 omni
645 5522 716 5566 eo
738 5505 896 5587 quod
931 5506 1209 5590 petimus,
1237 5511 1461 5573 scimus
1496 5508 1653 5591 quod
1688 5510 2017 5572 secundum

454 5675 503 5722 ¹¹
535 5674 709 5743 Joan.
741 5692 783 5756 ι,
816 5677 878 5739 4.
963 5678 1018 5722 ¹²
1046 5678 1218 5746 Rom.
1251 5697 1335 5758 vr,
1366 5685 1426 5744 3.
1513 5681 1572 5733 15
1602 5683 1779 5745 Rom.
1807 5698 1891 5764 vr,
1921 5681 1991 5751 4.

2105 5680 2135 5733 ι
2164 5678 2349 5745 Matth
2376 5694 2483 5753 vn,
2529 5677 2591 5741 6.

2098 5148 2347 5229 φέστερον
2377 5146 2655 5226 γνώρισμα
2708 5147 2838 5228 φησί
2884 5165 2898 5180 '
2932 5146 3021 5202 καί
3078 5145 3168 5201 ἐὰν
3212 5141 3433 5218 οἴδαμεν
3487 5141 3569 5198 ὅτι
3600 5143 3742 5198 εἰσα-

2099 5239 2242 5296 κούει
2298 5239 2455 5313 ἡμῶν
2512 5238 2586 5300 εἰς
2657 5243 2761 5293 πᾶν
2807 5236 2835 5291 ὃ
2888 5234 2951 5292 ἂν
3012 5235 3301 5312 αἰτώμεθα,
3372 5229 3593 5307 οἴδαμεν
3664 5229 3745 5287 ὅτι

2099 5329 2301 5409 ἔχομεν
2344 5328 2412 5383 τὰ
2441 5327 2709 5401 αἰτήματα
2757 5323 2791 5380 ἂ
2831 5325 3097 5402 ᾗτέκαμεν
3139 5324 3320 5402 αὐτὸν,
3361 5343 3385 5378 ι
3446 5320 3655 5377 τοιοῦτό
3698 5343 3746 5376 τι

2099 5416 2271 5496 λέγων
2305 5435 2319 5452 ’
2356 5417 2414 5472 Εἰ
2462 5416 2598 5473 κατὰ
2645 5436 2706 5471 το
2760 5413 2969 5491 θέλημα
3012 5414 3171 5471 αύτοῦ
3223 5411 3521 5487 εἰτούμεθα,
3567 5409 3745 5466 ἀκούει

2101 5513 2280 5586 ἡμῶν.
2315 5508 2414 5567 Καὶ
2455 5507 2500 5562 εἰ
2526 5505 2706 5564 ἀκούει
2749 5508 2905 5583 ἡμῶν
2947 5509 3020 5570 εἰς
3080 5506 3110 5561 ὃ
3162 5503 3225 5562 ἂν
3268 5502 3558 5581 αἰτώμεθα,
3588 5500 3746 5559 οἴδα-

2678 5679 2741 5730 15
2764 5678 2890 5742 Jac.
2924 5693 3004 5755 tv,
3037 5674 3098 5742 3.
