4106 6430
298 359 410 429 681

1369 368 1767 434 COMMENT.
1818 366 1899 429 IN
1946 365 2189 428 EPIST.
2242 366 2265 429 Ι
2306 365 2657 434 JOANNIS.

3601 362 3723 428 682

326 501 426 576 μὲν
475 501 557 559 ὅτι
614 503 751 560 κατὰ
804 504 865 560 τὸ
924 501 1134 580 θέλημα
1170 503 1344 581 ,αὐτοῦ
1383 510 1637 580 ποιοῦμεν
1697 503 1763 559 τὰ
1819 499 1956 568 αἰτή-

2062 497 2421 563 voluntatem
2447 501 2577 581 ejus
2608 499 2857 563 facimus
2889 499 3204 582 petitiones
3232 509 3486 576 nostras,
3523 510 3582 563 et
3602 500 3714 562 ba-

326 613 469 665 ματα
510 593 687 667 ἡμῶν,
758 594 847 650 καὶ
902 591 1105 673 ἔχομεν
1158 592 1212 649 ἐν
1268 594 1501 666 ἑαυτοῖς,
1553 593 1619 649 τὰ
1649 593 1913 667 αἰτήματα
1942 589 1975 646 ἃ

324 679 623 756 ἠτηκὰμεν.
663 683 838 740 Ταῦτα
867 678 920 737 δέ
950 680 1061 738 ἐστι
1091 682 1125 749 ἡ
1181 679 1421 758 βασιλεία
1462 684 1551 739 καὶ
1604 683 1640 750 ἡ
1669 679 1972 746 δικαιοσύνη

323 770 503 851 αὐτοῦ,
537 771 571 826 ἃ
597 771 685 827 καὶ
715 772 883 827 αἰτεῖν
914 773 1069 835 αὐτὸς
1098 773 1236 846 ἡμῖν
1264 769 1583 830 ἐνετςίλατο.
1617 781 1790 830 Ταῦτα
1810 770 1970 826 εἰπὼν

323 859 411 914 καὶ
438 858 614 937 ῥητῶς
665 860 1000 937 παρατίθεταί
1040 881 1113 940 τι,
1172 861 1246 916 ὧν
1303 860 1470 917 αἰτεῖν
1525 862 1668 935 ἡμᾶς
1725 857 1970 936 βούλεται

324 952 433 1004 τῶν
474 949 613 1004 κατὰ
651 950 715 1005 τὸ
755 946 965 1024 θέλημα
1006 958 1100 1007 τοῦ
1131 956 1287 1011 Θεοῦ,
1340 946 1488 1005 Ἐπεὶ
1515 950 1616 1029 γὰρ
1646 948 1842 1014 πολοὺς
1871 947 1981 1003 ἐστι

323 1035 518 1117 σχεδὸν
546 1034 615 1094 δι’
646 1036 777 1104 ὅλης
808 1042 904 1105 τῆς
952 1034 1298 1113 Ἐπιστολῆς,
1362 1038 1462 1106 τὴν
1492 1039 1565 1102 εἰς
1616 1039 1703 1096 τὸν
1759 1035 1982 1116 ἀδελφὸν

322 1124 539 1205 ἀγάπην
581 1125 838 1202 ἐξυμνῶν,
883 1127 975 1184 καὶ
1016 1132 1172 1185 τοῦτο
1229 1125 1504 1203 βούλεσθαι
1561 1128 1653 1184 τὸν
1712 1127 1842 1184 Θεὸν
1882 1125 1983 1193 τὴν

323 1217 397 1281 εἰς
437 1215 526 1272 τδν
555 1212 779 1294 ἀδελφὺν
822 1214 1039 1294 ἀγάπην
1070 1215 1347 1273 ἀνόθευτον
1389 1229 1597 1295 τηρεῖν,
1643 1225 1799 1275 τοῦτο
1843 1215 1985 1272 εἶναί

320 1327 452 1386 ιρησι
504 1306 590 1363 νῦν
632 1302 688 1360 ἔν
743 1309 849 1361 τῶν
889 1302 1207 1380 θελημάτων
1237 1306 1419 1379 αὐτοῦ,
1476 1304 1568 1362 ἵνα
1622 1303 1713 1361 ἰὰν
1767 1326 1848 1369 τις
1878 1300 1969 1380 ἴδῃ

314 1396 410 1452 τὸν
467 1391 691 1476 ἀδελφὸν
758 1392 920 1453 αὗτσῦ
960 1392 1329 1472 ἁμαρτάνοντα
1371 1393 1452 1470 μὴ
1520 1395 1651 1472 πρὸς
1720 1395 1963 1470 θάνατον,

311 1484 531 1561 αἰτήσῃ,
565 1484 654 1540 καὶ
681 1480 837 1540 δώσει
881 1483 1043 1558 αῦνῷ.
1078 1482 1178 1542 Καὶ
1226 1482 1276 1539 τί
1303 1480 1458 1541 δώσει
1491 1500 1508 1563 ;
1544 1483 1697 1551 Ζωὴν
1728 1482 1961 1543 αἰώνιον.

313 1574 430 1634 Τίσι
474 1593 493 1655 ;
525 1582 655 1637 Τοῖς
695 1573 776 1650 μὴ
804 1573 906 1652 πρὸ
936 1573 1158 1630 θάνατον
1187 1572 1593 1653 ἁμαρτάνουσιν.

947 1683 1197 1738 neua.
1249 1666 1329 1739 z'.

2056 583 2265 648 bemus
2295 587 2356 649 in
2388 590 2559 651 nobis
2600 589 2747 669 ipsis
2805 589 3123 670 petitiones
3169 608 3316 671 quas
3375 590 3708 670 postulavi-

2056 692 2187 735 mus
2216 675 2293 751 16,
2330 674 2467 739 Haec
2493 686 2687 739 autem
2717 684 2854 739 sunt
2883 696 3133 758 regnum
3160 687 3217 739 et
3231 678 3465 759 justitia
3495 678 3709 760 ipsius:

2053 781 2185 843 qua;
2212 765 2389 828 etiam
2422 766 2550 848 ipse
2600 767 2880 848 praecepit
2937 766 3112 828 nobis
3145 776 3371 848 petere.
3400 766 3505 829 His
3535 766 3712 845 dictis

2066 855 2375 919 manifeste
2404 857 2583 920 etiam
2612 856 2838 939 aliquid
2873 856 3147 938 proponit
3186 875 3390 918 eorum
3423 876 3556 938 quae
3586 857 3710 919 vult

2064 960 2173 1004 nos
2205 953 2409 1024 petere
2431 946 2602 1026 juxta
2656 944 2763 1007 Dei
2808 944 3185 1006 voluntatem.
3221 943 3511 1017 Quoniam
3545 945 3705 1007 enim

2066 1036 2185 1093 tota
2213 1034 2639 1115 propemodum
2673 1033 2922 1115 epistola
2938 1034 3157 1095 multus
3179 1034 3343 1096 estin
3368 1035 3704 1097 extollendo

2066 1120 2410 1185 chariiatem
2436 1141 2575 1202 erga
2601 1123 2867 1204 fratrem,
2900 1129 2959 1184 et
2982 1121 3284 1184 aﬂ'ercndo
3306 1122 3420 1185 hoc
3451 1124 3624 1199 velle,
3646 1131 3717 1186 ut

2067 1208 2446 1273 dilectionem
2481 1230 2620 1290 erga
2647 1212 2892 1274 fratrem
2922 1211 3328 1292 ineorruptam
3355 1230 3661 1274 servemus
3693 1230 3707 1275 :

2067 1296 2220 1374 hanc
2268 1318 2425 1361 nunc
2451 1298 2595 1362 dicit
2624 1318 2757 1362 esse
2787 1317 2963 1361 unam
3015 1298 3377 1361 voluntatem
3412 1298 3621 1380 ipsius,
3647 1305 3713 1362 ut

2047 1387 2098 1447 si
2129 1387 2261 1467 quis
2291 1387 2502 1451 viderit
2531 1388 2774 1451 fratrem
2807 1405 2979 1450 suum
3013 1405 3261 1469 peccare
3294 1406 3415 1450 non
3433 1388 3509 1451 ad
3541 1407 3712 1451 mor—

2048 1483 2191 1547 tem,
2218 1483 2378 1557 petat
2405 1487 2466 1541 et
2496 1475 2660 1538 dabit
2689 1475 2906 1557 ipsi.Et
2933 1476 3078 1557 quid
3108 1474 3318 1539 dabit?
3342 1476 3519 1539 vitam
3538 1486 3706 1540 aeter-

2047 1581 2208 1627 nam.
2244 1563 2472 1638 Quibus
2494 1569 2521 1625 ?
2548 1565 2644 1627 his
2674 1565 2777 1647 qui
2809 1572 3058 1646 peccant
3087 1583 3208 1627 non
3231 1565 3307 1627 ad
3338 1573 3619 1632 mortem.

2690 1656 2933 1722 CAPUT
2970 1656 3070 1721 VI.

324 1799 353 1832 α
391 1774 516 1855 Περί
586 1773 926 1850 ἀντιλήψεως
968 1783 1063 1834 τοῦ
1136 1774 1529 1855 ἁμαρτάνοντος
1600 1772 1825 1843 ἀδελφοῦ
1880 1772 1956 1835 διᾶ

2047 1747 2585 1855 Deﬂsuijeniend‘o
2612 1750 2813 1831 fratri
2824 1751 3110 1855 ρεσεαηεί
3130 1767 3242 1831 per
3265 1753 3627 1855 orationem,
3657 1761 3723 1855 et

402 1850 738 1955 προσευχῇς,
784 1856 874 1912 καὶ
905 1856 1145 1955 περὶρτρῦ
1193 1850 1271 1929 μῆ
1301 1855 1618 1935 ἁμαρτάνειν
1661 1855 1715 1911 ἒν
1756 1858 1802 1931 ᾧ
1857 1858 1973 1936 περὶ
2000 1850 2037 1898 Β

400 1931 616 2005 ἁπογῆς
629 1931 942 2011 ’δαιμοντκοῦ
969 1931 1325 2010 σεϐάσματος.

402 2033 526 2094 Ἐάν
594 2056 676 2097 τις
746 2030 833 2109 ἰδῃ
899 2033 993 2089 τὸν
1073 2029 1297 2112 ἀδελφὸν
1382 2037 1540 2094 αὐτοῦ
1604 2033 1971 2113 ἁμαρτάνοντα

320 2124 577 2205 ἁμαρτίαν
655 2122 735 2200 μὴ
803 2123 936 2196 πρὸς
1016 2121 1260 2197 θάνατον,
1345 2124 1574 2199 αἰτήσει,
1657 2124 1746 2181 καὶ
1814 2121 1969 2181 δώσει

319 2219 460 2291 αὖτῷ
526 2214 672 2285 ζωὴν
748 2224 867 2275 τοῖς
938 2211 1291 2290 ἁμαρτάνουσι
1370 2213 1449 2289 μὴ
1531 2214 1663 2291 πρὸς
1719 2213 1961 2276 θάνατον,

316 2293 515 2362 ’Ἔστιν
598 2301 827 2381 ἁμαρτία
905 2301 1036 2380 πρὸς
1113 2301 1358 2377 θάνατον,
1453 2303 1514 2359 οὗ
1561 2303 1679 2382 περὶ
1758 2301 1963 2371 ἐκείνης

315 2391 459 2473 λέγω
509 2392 602 2447 ’ίνα
658 2389 928 2467 ἐρωτήσῃ.
975 2395 1126 2446 Πᾶσα
1168 2387 1341 2448 ἀδικία
1400 2391 1628 2471 ἁμαρτία
1684 2390 1816 2455 ἐστὶ.
1863 2394 1962 2451 Καὶ

314 2481 456 2539 ἔστιν
525 2479 754 2559 ἁμαρτία
820 2479 881 2535 οὗ
921 2479 1057 2558 ωρδς
1111 2478 1356 2541 θάνατον,
1388 2477 1623 2557 Οἴδαμεν
1664 2478 1745 2537 ὅτι
1802 2487 1906 2544 πᾶς
1932 2484 1960 2539 6

314 2568 704 2652 γεγεννημένος
761 2566 822 2625 ἐκ
862 2574 955 2625 τοῦ
1018 2570 1150 2625 Θεοῦ
1221 2568 1324 2648 οὐχ
1367 2569 1678 2650 ἁμαρτάνει,
1751 2568 1872 2629 ἀλλ’
1929 2573 1960 2627 ὗ

315 2660 581 2742 γεννηθεὶς
610 2657 665 2714 ὲδ
732 2664 822 2714 νοῦ
893 2655 1023 2713 Θεοῦ
1078 2670 1238 2737 τηρεῖ
1279 2658 1485 2729 ἑαυτὸν,
1543 2660 1632 2716 καὶ
1696 2662 1724 2716 6
1780 2682 1958 2728 πονη-

315 2753 403 2831 ρὸς
463 2752 567 2829 οὔχ
623 2746 844 2804 ἅπτεται
888 2749 1069 2807 αὐτοῦ.
1142 2744 1374 2822 Οἴδαμεν
1443 2747 1525 2804 ὃτι
1583 2746 1646 2805 ἐκ
1684 2748 1777 2806 τοῦ
1832 2753 1963 2807 Θεοῦ

314 2840 496 2915 ἔσμεν,
550 2838 641 2894 καὶ
681 2837 709 2892 ὃ
777 2835 979 2911 κόσμος
1036 2833 1159 2898 ὅλος
1244 2834 1298 2890 ἐν
1371 2842 1447 2911 τῷ
1502 2838 1718 2918 πονηρῷ
1759 2853 1958 2901 κεῖται.

315 2926 548 3003 Οἴδαμεν
602 2924 657 2981 δὲ
721 2923 803 2981 ὅτι
854 2926 883 2979 6
936 2925 1056 2987 Υἱὸς
1112 2923 1205 2981 τοῦ
1263 2924 1394 2981 Θεοῦ
1447 2924 1590 3001 ἣκει,
1648 2928 1737 2984 καὶ
1796 2925 1962 2985 δέδω-

312 3039 404 3074 κεν
459 3019 594 3092 ἡμῖν
647 3013 902 3092 διάνοιαν,
972 3013 1065 3070 ’ἶτα
1135 3015 1485 3093 γινώσκωμεν
1549 3017 1639 3072 τὸν
1715 3014 1964 3084 ἀληθινὸν

313 3107 466 3168 Θεόν.
520 3106 617 3164 Καὶ
655 3106 816 3180 ὶσμεν
844 3103 909 3159 ἀν
963 3108 1043 3178 τῷ
1093 3101 1350 3184 ἀληθινῷ,
1399 3104 1452 3161 ἐν
1511 3110 1590 3180 τῷ
1646 3108 1752 3180 Υἱῴ
1805 3107 1963 3163 αὐτοῦ

312 3198 487 3264 Ἰησοῦ
518 3200 751 3273 Χριστῷ.
790 3215 812 3250 ο

400 3307 425 3341 α
473 3283 598 3342 Ἐὰν
626 3304 706 3346 τις
738 3280 830 3358 ἴδῃ
871 3281 962 3338 τὸν
1015 3278 1240 3362 ἀδελφὸν
1299 3281 1456 3338 αὐτοῦ
1500 3283 1890 3362 ἁμαρτάνοντα,
1930 3310 1956 3340 ι»

310 3375 476 3434 Τοῦτο
504 3374 559 3430 ἐν
624 3378 732 3429 τῶν
786 3372 1102 3447 θελημάτων
1158 3370 1291 3430 ἐστί.
1369 3373 1718 3440 Δικαιοσύνης
1760 3374 1860 3453 γὰρ
1900 3378 1962 3431 τὸ

307 3472 386 3540 τῷ
453 3461 757 3540 ἡματηκότι
825 3458 1035 3540 ἀδελφῷ
1090 3459 1396 3539 συναλγεῖν,
1456 3462 1544 3517 καὶ
1608 3463 1958 3542 συμπράττειν

305 3555 380 3618 εἷς
426 3551 715 3631 σωτηρίαν,
781 3573 809 3605 σ
842 3547 1043 3606 ’Ἔστιν
1068 3549 1300 3628 ἁμαρτία
1357 3550 1485 3627 πρὸς
1545 3551 1786 3614 θανάτον,
1821 3571 1849 3611 ι
1886 3554 1958 3611 Τὸ

301 3641 451 3709 ἑξῆς.
487 3629 683 3699 ἸΕστιν
711 3639 938 3717 ἁμαρτία
979 3638 1108 3714 πρὸς
1162 3638 1408 3709 θάνατον,
1463 3642 1551 3695 καὶ
1609 3638 1748 3697 ’ἐστιν
1778 3643 1955 3720 ἁμαρ-

296 3732 384 3787 τία
451 3733 512 3788 οῦ
566 3730 698 3809 πρὸς
752 3726 993 3785 θάνατον.
1056 3730 1129 3785 Οῦ
1196 3727 1315 3806 περὶ
1360 3728 1458 3793 τῆς
1531 3729 1664 3806 πρὸς
1731 3730 1953 3789 θανάτον

299 3818 442 3897 λέγω
490 3816 582 3876 ἵνα
626 3818 845 3893 αἰτήσῃ,
919 3813 1057 3871 ἁλλὰ
1094 3816 1212 3893 περὶ
1265 3819 1364 3882 τῆς
1436 3820 1514 3891 μὴ
1569 3818 1697 3894 πρὸς
1731 3818 1949 3875 θάνατον

304 3909 440 3965 Εἶτα
487 3906 737 3987 διασαφεῖ
791 3907 882 3963 τὸν
952 3902 1136 3982 λόγον,
1195 3904 1295 3971 τὴν
1364 3902 1608 3975 διαίρεσιν
1636 3907 1950 3982 ποιούμενος

302 4001 398 4064 τῆς
454 3998 586 4073 πρὸς
639 3996 861 4055 θάνατον
907 3992 1187 4071 ἁμαρτίας,
1261 3994 1350 4049 καὶ
1392 3998 1488 4061 τῆς
1548 3994 1625 4069 μὴ
1679 3996 1807 4074 πρὸς
1862 3998 1952 4053 θά-

300 4107 479 4146 νατον.
542 4076 635 4151 Ὠς
691 4085 792 4163 γὰρ
845 4081 952 4139 ἁπὸ
1010 4080 1193 4162 γένους
1247 4087 1347 4150 τῆς
1431 4081 1614 4145 ἆπλῶς
1692 4084 1946 4164 ἁμαρτίας

297 4187 449 4231 ποιεῖ
475 4174 572 4242 τὴν
602 4170 876 4253 διαίρεσιν,
921 4171 1011 4229 καί
1039 4192 1170 4251 φησι
1218 4190 1233 4205 ’
1290 4171 1440 4228 Πὰσα
1509 4169 1707 4251 ἀδικία,
1765 4173 1946 4252 ἁμαρ-

293 4263 401 4336 τία,
435 4262 544 4319 ἐστί
576 4278 591 4292 '
636 4261 895 4336 τουτέστι,
952 4261 1043 4318 καὶ
1098 4262 1134 4329 ἡ
1178 4263 1319 4339 πρὸς
1369 4261 1593 4318 θάνατον
1645 4263 1733 4318 καὶ
1788 4264 1823 4329 ἡ
1865 4263 1943 4338 μὴ

289 4354 420 4433 πρὸς
490 4352 734 4413 θάνατον.
796 4349 963 4410 Ἀλλὰ
1018 4352 1136 4429 περὶ
1219 4350 1315 4427 μὲν
1370 4352 1470 4418 τὴν
1524 4353 1656 4430 πρὸς
1697 4352 1939 4426 θάνατον,

2139 1830 2299 1915 quod
2329 1849 2451 1894 non
2479 1834 2559 1894 sit
2585 1830 2961 1915 peccandum
2991 1848 3096 1910 ειη
3122 1830 3241 1912 quo
3268 1833 3455 1896 etiam
3482 1834 3616 1915 agit
3644 1833 3720 1896 de

2136 1910 2508 1974 abstinentia
2536 1910 2774 1975 a'cuttu
2803 1910 3168 1976 daemonum.

2135 2004 2209 2078 ν,
2239 2004 2424 2067 16-21
2440 2053 2455 2068 .
2484 2005 2554 2070 Si
2581 2006 2716 2087 quis
2735 2005 2951 2067 viderit
2979 2006 3234 2083 fratrem
3261 2022 3441 2067 suum
3463 2023 3716 2087 peccare

2045 2101 2358 2175 peccatum
2387 2114 2514 2159 non
2536 2097 2618 2159 ad
2640 2102 2913 2170 mortem,
2934 2102 3124 2177 petet,
3157 2103 3216 2158 et
3243 2094 3422 2158 dabit
3467 2098 3591 2178 ipsi
3608 2100 3711 2160 vi-

2051 2190 2174 2247 tam
2197 2184 2582 2265 peccantibus
2611 2204 2735 2249 non
2756 2186 2841 2249 ad
2862 2192 3140 2249 mortem.
3167 2184 3284 2248 Est
3298 2194 3620 2267 peccatum
3636 2189 3716 2251 ad

2045 2281 2453 2349 mortem,non
2459 2292 2572 2354 pro
2599 2273 2709 2337 illo
2737 2274 2868 2337 dico
2879 2279 2952 2337 ut
2981 2272 3399 2354 roget.0mnis
3418 2274 3719 2354 iniquitas

2038 2369 2349 2440 peccatum
2377 2373 2483 2439 est,
2516 2372 2576 2425 et
2603 2369 2693 2426 est
2735 2362 3049 2441 peécatnm
3112 2380 3233 2425 non
3308 2362 3389 2425 ad
3428 2371 3708 2427 mortem.

2045 2451 2281 2515 Scimus
2304 2452 2463 2533 quod
2483 2454 2685 2515 omnis
2713 2454 2823 2534 qui
2848 2460 3034 2515 natus
3061 2458 3151 2515 est
3176 2468 3255 2514 ea:
3289 2451 3410 2514 Deo
3431 2470 3552 2515 non
3572 2471 3710 2533 pec-

2046 2546 2174 2615 cat,
2206 2542 2313 2603 sed
2342 2548 2449 2623 qui
2473 2544 2716 2622 genitus
2744 2548 2834 2605 est
2866 2558 2944 2604 ea:
2972 2543 3094 2605 Deo
3122 2549 3331 2604 servat
3393 2543 3615 2626 ipsum,
3651 2552 3711 2606 et

2038 2629 2242 2693 malus
2262 2630 2364 2693 ille
2391 2648 2517 2694 non
2547 2632 2742 2711 tangit
2772 2633 3187 2694 eum.Scimus
3241 2630 3396 2709 quod
3446 2649 3526 2695 ea:
3576 2631 3704 2696 Deo

2042 2729 2329 2795 sumus,et
2365 2719 2626 2783 mundus
2653 2726 2808 2783 totus
2836 2719 2899 2782 in
2931 2719 3572 2802 malignoconstitutus
3602 2728 3717 2788 est.

2044 2810 2173 2869 60!
2216 2811 2454 2873 Scimus
2484 2817 2687 2873 autem
2717 2809 2874 2889 quod
2902 2809 3096 2871 Filius
3127 2809 3239 2871 Dei
3264 2811 3454 2872 venit.
3488 2809 3575 2872 Et
3597 2812 3708 2874 de—

2047 2901 2138 2961 dit
2168 2899 2332 2963 nobis
2362 2907 2717 2980 mentem,ut
2750 2915 3183 2979 cognoscamus
3202 2896 3380 2960 illum
3402 2901 3509 2977 qui
3532 2916 3712 2963 verus

2048 2994 2133 3050 est
2164 3006 2183 3050 :
2215 2999 2273 3052 et
2294 3007 2500 3051 sumus
2529 2989 2596 3050 in
2625 3004 2795 3066 vero,
2841 2985 2916 3047 In
2946 2985 3112 3048 Filio
3142 2988 3272 3065 eius
3301 2986 3449 3049 Jesu
3482 2990 3702 3052 Chris-

2047 3085 2129 3142 to.
2164 3082 2278 3145 Hic
2302 3087 2391 3144 est
2413 3098 2583 3142 verus
2610 3077 2771 3139 Deus
2801 3084 2859 3139 et
2889 3078 3015 3139 vita
3043 3085 3299 3139 (eterna.
3342 3077 3570 3153 Fitioli,
3596 3096 3703 3141 ca-

1982 3174 2021 3222 (ἶ
2046 3185 2176 3242 vete
2204 3180 2367 3242 vobis
2395 3195 2435 3241 α
2460 3174 2813 3240 simulacris
2844 3176 3068 3237 Amen.

2135 3294 2157 3325 (ι
2193 3266 2256 3330 Si
2287 3267 2422 3349 quis
2451 3265 2663 3328 viderit
2706 3262 2949 3325 fratrem
2978 3282 3151 3325 suum
3185 3282 3457 3345 peccare.
3496 3288 3523 3319 »
3559 3261 3699 3328 Haec

2046 3376 2162 3418 una
2190 3356 2551 3419 voluntatum
2585 3363 2696 3416 est.
2728 3351 2980 3417 Justitize
3017 3353 3178 3415 enim
3235 3361 3329 3414 est
3370 3353 3703 3416 condolere

2043 3447 2209 3509 fratri
2239 3448 2339 3527 qui
2374 3445 2724 3527 peccavit,et
2750 3443 2824 3506 ad
2856 3443 3115 3505 salutem
3144 3442 3366 3505 auxilio
3392 3460 3547 3505 esse.
3571 3441 3702 3506 uEst

2042 3545 2350 3617 peccatum
2378 3536 2450 3596 ad
2477 3542 2752 3596 mortem.
2792 3557 2815 3588 ι)
2839 3531 2999 3595 Ordo
3050 3533 3129 3593 sit
3152 3531 3305 3594 iste:
3340 3531 3445 3594 Est
3475 3551 3693 3613 pecca-

2042 3634 2162 3687 tum
2193 3628 2265 3688 ad
2297 3633 2642 3699 mortem,et
2686 3631 2774 3684 est
2806 3630 3108 3703 peccatum
3161 3639 3279 3682 non
3309 3622 3382 3683 ad
3415 3631 3691 3685 mortem.

2038 3714 2165 3776 Non
2191 3716 2267 3777 de
2293 3735 2363 3775 eo
2395 3715 2551 3795 quod
2585 3723 2677 3775 est
2703 3712 2775 3773 ad
2812 3718 3063 3772 mortem
3095 3710 3253 3784 dico,
3290 3719 3354 3771 ut
3382 3712 3691 3790 roget,sed

2035 3804 2111 3883 de
2135 3822 2205 3865 eo
2235 3804 2394 3885 quod
2428 3822 2545 3864 non
2579 3810 2667 3864 est
2696 3800 2769 3862 ad
2801 3808 3073 3860 mortem.
3096 3797 3326 3860 Deinde
3348 3816 3691 3862 sermonem

2031 3893 2306 3973 explanat
2331 3889 2778 3952 distinctionem
2811 3887 3036 3949 faciens
3069 3890 3296 3967 peccati
3320 3886 3476 3967 quod
3498 3895 3590 3948 est
3610 3888 3680 3948 ad

2031 3996 2283 4046 mortem
2311 3982 2516 4060 etejus
2546 3979 2703 4061 quod
2734 3997 2852 4039 non
2884 3986 2972 4038 est
3002 3976 3073 4037 ad
3088 3984 3366 4037 mortem.
3395 3975 3695 4057 Simplici-

2031 4079 2124 4132 ter
2152 4072 2313 4134 enim
2343 4079 2618 4151 tanquam
2651 4086 2686 4130 a
2735 4084 2957 4147 genere
2991 4064 3217 4147 peccati
3249 4064 3391 4128 facit
3437 4065 3687 4128 divisio-

2028 4179 2190 4234 nem,
2225 4170 2283 4221 et
2310 4160 2427 4221 ait:
2467 4158 2671 4220 amnis
2700 4155 3004 4238 iniquitas,
3062 4164 3371 4233 peccatum
3400 4162 3490 4214 est
3519 4173 3532 4213 ε
3564 4154 3691 4219 sive

2028 4249 2103 4311 sit
2134 4250 2208 4311 ad
2239 4259 2514 4322 mortem,
2542 4249 2667 4309 sive
2695 4264 2814 4307 non
2865 4248 2941 4307 ad
3002 4250 3274 4305 mortem.
3322 4241 3440 4306 Sed
3476 4261 3582 4323 pro
3613 4263 3684 4306 eo

2027 4340 2184 4420 quod
2211 4349 2298 4401 est
2323 4339 2395 4401 ad
2431 4346 2788 4412 inertem,z.e
2821 4343 3099 4415 precetur
3126 4332 3250 4394 sive
3274 4341 3452 4413 petat,
3485 4352 3681 4415 neque

286 4424 366 4518 μίὴ
422 4442 674 4521 ἐρωτάτω
758 4442 916 4522 φησὶν
973 4424 1100 4509 ἦτοι
1138 4424 1371 4499 αἰτείτω.
1432 4443 1505 4499 06
1559 4424 1659 4519 νὰρ
1708 4424 1945 4499 εἰσακούζ

2045 4430 2187 4490 anim
2223 4429 2667 4491 exaudietureo
2683 4427 2837 4506 quod
2866 4424 3017 4522 male
3045 4429 3342 4522 petaﬁpro
3367 4440 3438 4522 eo
3463 4440 3686 4522 rogans

286 4532 558 4604 σθήσεται,
593 4530 675 4585 ὅτι
716 4536 896 4592 κακῶς
955 4531 1120 4605 αἰτεῖ,
1151 4529 1270 4598 περὶ
1299 4537 1392 4587 τοῦ
1449 4526 1712 4605 μηδεμίαν
1768 4528 1940 4610 λέγων

286 4617 717 4695 ἐπιδεικνυμένου
745 4616 1091 4699 ἐπιστροφήν,
1155 4619 1292 4697 Πρὸς
1372 4618 1595 4676 θάνατον
1650 4619 1751 4699 γὰρ
1806 4618 1938 4688 αὕτη

284 4709 422 4765 ἐστὶν
452 4710 682 4788 ἁμαρτία
712 4707 876 4788 μόνη,
908 4710 944 4775 ἡ
998 4729 1076 4783 μη
1133 4710 1266 4787 πρὸς
1326 4708 1607 4781 μετάνοιαν
1664 4708 1935 4789 ἀφορῶσα,

283 4798 373 4870 ἢν,
407 4799 495 4855 καὶ
528 4795 725 4862 Ἰούδας
770 4797 1001 4868 νοσήσας
1056 4803 1134 4871 τῷ
1191 4798 1386 4870 αἰωνίῳ
1440 4797 1663 4877 ὑπήχθη
1704 4798 1933 4871 θανάτῳ,

282 4885 458 4944 Ἀλλὰ
509 4888 597 4945 καὶ
639 4888 687 4943 οἱ
743 4893 1221 4961 μνησικακοῦντες,
1275 4888 1328 4943 οἳ
1373 4888 1506 4966 πρὸς
1567 4887 1789 4946 Θάνατον
1868 4889 1937 4943 ἁ-

285 4976 659 5055 μαρτάνουσιν.
740 4966 880 5033 Ὀδοὶ
947 4976 1048 5055 γάρ
1131 4976 1474 5052 μνησικάκων
1531 4977 1604 5040 εἰς
1689 4977 1932 5053 θάνατον,

280 5067 410 5144 φησὶ
466 5062 748 5140 Σολομῶν.
809 5061 939 5123 Οὐδὲ
1002 5065 1102 5144 γὰρ
1176 5062 1289 5124 οῦδὲ
1360 5065 1502 5121 οὗτοι
1560 5073 1933 5141 μετανοοῦντες

277 5154 673 5236 ἐπιστρέφουσι,
782 5154 1142 5223 μνησικακίας
1226 5153 1499 5234 ἐχόμενοι.
1578 5156 1667 5212 καὶ
1737 5152 1931 5223 διατη-

274 5251 485 5321 ροῦντες
540 5243 641 5310 τὴν
683 5245 823 5300 κατὰ
876 5249 968 5301 τοῦ
1032 5240 1257 5310 πλησίον
1328 5244 1517 5324 ὀργὴν,
1572 5242 1710 5301 ἀλλὰ
1753 5244 1927 5321 ἁμετ-

274 5332 524 5409 άγνωστα
626 5332 1005 5411 ἁμαρτάνουσι.
1066 5338 1241 5389 Ταῦτα
1287 5328 1559 5400 δηλώσας.
1634 5332 1929 5409 ἐπισημαί-

273 5439 419 5475 νεται
447 5418 634 5477 λοιπὸν
665 5421 753 5476 καὶ
807 5421 964 5477 τίνων
1015 5419 1129 5477 ἐστὶ
1174 5421 1236 5476 τὸ
1293 5422 1425 5502 πρὸς
1478 5422 1703 5478 θανάτον
1758 5422 1932 5502 ἁμαρ-

271 5508 473 5582 τάνειν,
530 5508 620 5565 καί
661 5531 849 5589 φησιν,
931 5507 1011 5566 ὅτι
1082 5512 1110 5567 6
1150 5511 1465 5577 υἱοθετηθεὶς
1523 5510 1584 5568 ἐκ
1639 5513 1769 5567 Θεοῦ
1837 5511 1933 5568 οὐκ

353 5638 413 5691 ιθ
439 5638 643 5704 Matth.
666 5657 749 5718 v1,
785 5642 843 5705 7.

754 5811 1016 5876 ΡΑτιιοι..
1063 5814 1176 5876 Gn.
1223 5813 1439 5877 CXIX.

2025 4520 2125 4600 qui
2152 4519 2373 4580 nullam
2404 4515 2662 4579 ostendit
2693 4509 3330 4575 conversionem.Nam
3354 4512 3544 4571 solum
3566 4512 3679 4575 hoc

2023 4617 2329 4690 peccatum
2361 4608 2431 4669 ad
2458 4614 2707 4668 mortem
2734 4603 3010 4683 cst,quod
3027 4602 3101 4662 ad
3126 4600 3539 4680 paenitentiam
3558 4620 3675 4663 non

2022 4698 2267 4778 reSpicit
2290 4718 2304 4757 :
2329 4716 2445 4777 quo
2479 4714 2612 4757 cum
2643 4700 2983 4773 :egrotasset
3023 4691 3228 4763 Judas,
3263 4690 3323 4751 in
3353 4690 3672 4770 sempiter-

2022 4777 2155 4849 nam
2187 4794 2439 4849 mortem
2470 4783 2761 4846 abductus
2796 4789 2907 4843 est.
2966 4777 3082 4841 Sed
3115 4787 3173 4839 et
3205 4778 3290 4839 illi
3321 4788 3571 4858 peccant
3598 4779 3672 4841 ad

2022 4886 2270 4937 mortem
2321 4875 2420 4957 qui
2474 4872 2824 4953 injuriarum
2858 4877 2995 4931 sunt
3026 4885 3344 4929 memores.
3386 4866 3532 4957 Nam
3566 4867 3674 4929 via;

2020 4985 2225 5029 eorum
2261 4966 2361 5046 qui
2392 4981 2692 5025 memores
2740 4968 2879 5022 sunt
2922 4957 3278 5046 injuriarum
3316 4956 3568 5046 tendunt
3596 4958 3669 5018 ad

2021 5044 2382 5117 mortem‘ait
2412 5052 2713 5115 Solomon.
2772 5047 2976 5130 Neque
3007 5046 3066 5107 hi
3099 5044 3258 5106 enim
3290 5045 3671 5126 respiciendo

2017 5152 2460 5213 convertuntur,
2520 5140 2760 5220 injuriae
2818 5135 3166 5198 memoriam
3225 5134 3576 5210 retinentes,
3612 5144 3672 5196 et

2013 5243 2315 5297 servantes
2339 5233 2486 5294 iram
2511 5231 2793 5292 adversus
2845 5225 3203 5308 proximum,
3236 5223 3340 5285 sed
3373 5222 3505 5285 sine
3534 5241 3666 5304 pm-

2014 5325 2093 5386 ni:
2107 5322 2264 5384 entia
2287 5316 2669 5403 peccant.His
2683 5315 3467 5394 declaratis,consequenter
3485 5314 3666 5374 etiam

2014 5415 2306 5496 signiﬁcat
2327 5432 2579 5495 quorum
2603 5412 2681 5474 sit
2712 5427 2959 5491 peccare
2992 5414 3234 5488 peccato
3264 5405 3337 5467 ad
3369 5415 3661 5468 mortem:

2015 5522 2072 5571 et
2104 5504 2186 5568 ait
2215 5506 2371 5586 quod
2394 5503 2493 5585 qui
2523 5521 2558 5564 a
2586 5501 2708 5563 Deo
2732 5498 3057 5579 adoptatus
3087 5503 3198 5572 est,
3235 5497 3327 5557 hic
3360 5512 3662 5575 nunquam

3057 5799 3135 5868 22
