4106 6454
467 355 589 423 683
1517 389 1524 394 -
1590 348 2004 417 OECUMENII
2047 348 2344 414 TRICCIE
2385 351 2720 418 EPISCOPI
3741 354 3857 424 684

465 489 710 558 languet
741 505 935 570 neque
968 498 1212 569 peccato
1241 486 1311 548 ad
1347 491 1622 548 mortem.
1650 485 1762 550 Ubi
1796 484 1954 546 enim
1991 501 2111 544 esse

2207 482 2266 538 ἂν
2309 509 2438 543 ποτε
2470 491 2620 552 οὗτος
2679 487 2795 546 οὔτε
2834 491 2932 559 τὴν
2990 495 3121 574 πρὸς
3164 495 3408 568 θάνατον,
3475 493 3734 561 οὖτετὴν
3777 493 3851 569 μή

467 578 708 640 tradidit
768 577 952 639 semel
1015 575 1368 638 inhabitanti
1420 576 1478 652 in
1510 595 1574 636 se
1604 595 1707 656 per
1736 574 2111 653 adoptionem

2204 576 2333 662 προς
2402 577 2620 637 θάνατον
2668 579 2922 658 ἁμαρτίαν
2960 584 3185 660 νοσήσῃ.
3252 575 3438 649 "Arrcti
3513 585 3612 662 γὰρ
3670 583 3850 638 ἑαυτὸν

466 669 719 741 Christo,
747 666 1177 728 iuaccessibilis
1207 672 1515 746 permanet
1549 673 1807 744 peccato.
1846 664 2116 724 Attamen

464 776 541 818 ne
571 755 1186 836 quisexistimetquod
1221 753 1559 834 hujusmodi
1594 753 1829 832 penitus
1847 761 2115 812 naturam

464 846 804 921 mutaverit,
843 855 907 907 ut
946 845 1101 926 quia
1125 853 1364 924 peccato
1394 845 1638 924 posthac
1671 842 1800 923 capi
1834 849 2112 921 nequeat,

463 935 796 1015 subjungit:
827 938 1032 997 Servat
1053 938 1317 1014 seipsum
1346 955 1358 992 :
1390 934 1558 1012 quasi
1592 933 1748 994 dicat
1777 955 1789 990 :
1830 929 1954 992 Nisi
1983 947 2115 992 ser—

461 1035 628 1087 varet
662 1045 729 1086 ac
781 1023 1105 1087 custodiret
1167 1022 1432 1102 seipsum
1464 1041 1496 1083 a
1533 1022 1810 1098 maligno,
1874 1020 2116 1080 omnino

462 1123 832 1196 peccaturus.
861 1112 987 1176 Non
1020 1131 1159 1192 ergo
1192 1121 1400 1172 natura
1431 1113 1502 1171 ad
1555 1109 2113 1191 impeccabilitatem

462 1203 868 1284 procedit,sed
894 1222 960 1264 ex
985 1201 1090 1263 Dei
1124 1200 1694 1280 magniﬁcentia.qui
1722 1218 1790 1260 eo
1821 1198 1976 1280 quod
2011 1217 2118 1258 nos

463 1292 850 1373 adoptaverit,
887 1291 990 1352 tali
1021 1291 1296 1369 dignatus
1327 1298 1417 1351 est
1447 1289 1670 1368 gratia:
1707 1297 1771 1349 ut
1815 1299 2119 1349 servantes

461 1400 573 1442 nos
607 1390 662 1442 et
695 1381 1094 1442 custodientes
1153 1380 1307 1459 quod
1360 1379 1432 1440 ab
1485 1379 1612 1459 ipso
1671 1377 1949 1438 donatum
2004 1385 2112 1447 est,

461 1471 638 1532 etiam
669 1469 1157 1532 habeamus.602
1184 1488 1256 1530 ne
1276 1465 2112 1548 peccemus.Quand0quidem

460 1559 582 1621 nisi
614 1559 692 1620 ita
723 1568 902 1632 esset,
939 1577 1072 1620 cum
1115 1556 1432 1618 muntlisin
1460 1557 1719 1636 maligno
1763 1557 2114 1617 constitutus

2207 661 2382 728 ἐκδοὺς
2465 673 2542 740 τῷ
2599 669 2890 725 ἓνοικοῦντι
2965 669 3019 725 ἐν
3063 672 3205 746 αὐτῷ
3272 672 3356 728 διὰ
3419 661 3535 740 τῆς
3601 671 3851 733 υἱώεσῖας

2207 760 2436 829 Χριστῷ,
2481 755 2752 837 ηνὲπαφος
2820 757 3059 835 διαμενεῖ
3107 763 3390 842 ἁμαρτίας,
3449 761 3590 829 πλὴν
3639 761 3732 816 ’ἕνα
3775 761 3848 834 μὴ

2200 865 2280 905 τις
2311 846 2464 921 οἰηθῇ
2513 847 2688 913 πάντη
2745 848 2844 915 τὴν
2873 850 3024 929 φύσιν
3057 852 3148 907 τὸν
3197 854 3432 909 τοιοῦτον
3479 857 3848 928 μεταπεποιῆ-

2202 935 2340 1012 σθαι,
2412 936 2485 996 ὡς
2542 934 2814 992 ἀνάλωτον
2884 939 3024 994 εἶναι
3079 939 3262 997 λοιπὸν
3306 947 3374 1017 τῇ
3419 942 3667 1019 ἁμαρτίᾳ.
3729 937 3848 994 ἔπι-

2201 1022 2342 1100 φέρει
2388 1024 2468 1096 τὸ,
2501 1033 2668 1102 Τηρεῖ
2727 1026 2932 1106 ἑαυτὸν,
2983 1029 3055 1092 ὡς
3113 1030 3166 1085 εἴ
3222 1053 3283 1108 γε
3337 1030 3414 1098 μὴ
3467 1036 3607 1106 τηρῇ
3664 1029 3848 1108 ἑαυτὸν

2203 1113 2288 1166 καὶ
2347 1111 2589 1191 φυλάσσῃ
2663 1113 2722 1169 ἔκ
2761 1122 2854 1172 τοῦ
2924 1129 3176 1197 πονηροῦ,
3264 1120 3477 1183 πάντως
3536 1118 3846 1197 ἁμαρτησό-

2203 1221 2381 1274 μενος.
2440 1203 2512 1259 O6
2581 1203 2729 1282 φύσει
2781 1205 2869 1261 οὖν
2924 1208 2995 1272 εὶς
3077 1208 3474 1286 ἀναμαρτησίαν
3554 1205 3843 1286 προβαίνει,

2202 1291 2383 1367 φησὶν,
2415 1289 2533 1347 ἀλλ’
2579 1281 2639 1348 ἔκ
2695 1292 2790 1361 τῆς
2834 1302 2924 1350 τοῦ
2970 1303 3102 1354 Θεοῦ
3159 1281 3607 1376 μεγαλοδωρεεῑς.⁷
3646 1281 3737 1361 ’ος
3766 1293 3848 1350 δια

2201 1381 2294 1434 τοῦ
2361 1381 2658 1447 υἱοθετῆσαι
2729 1384 2896 1462 ἡμᾶς,
2961 1386 3154 1452 ταύτης
3216 1385 3406 1453 ἠξίωσε
3451 1388 3550 1452 τῆς
3594 1385 3840 1465 χάριτος,

2199 1468 2292 1524 Ἵνα
2346 1468 2700 1548 φυλάσσοντες
2758 1474 2920 1546 ἡμεῖς
3004 1477 3092 1531 καὶ
3181 1484 3458 1555 τηροῦντες
3534 1479 3562 1532 6
3618 1475 3844 1554 δωρηθὶν

2196 1559 2330 1632 ἡμῖν
2401 1562 2578 1636 αὐτοῦ,

2745 1561 2762 1584 ‘
2881 1565 2895 1582 κ
3048 1565 3061 1584 \
3197 1566 3210 1586 ,
3379 1567 3391 1586 Ι

2677 1584 2764 1618 και
2845 1585 2906 1619 το
2999 1588 3076 1640 μη
3188 1587 3507 1646 αμαρτανειν
3604 1566 3840 1645 ἔχωμεν,

463 1647 541 1711 sit
563 1648 729 1727 (dicit
750 1657 947 1708 autem
993 1647 1280 1709 mundum
1337 1665 1438 1708 eos
1487 1646 1585 1726 qui
1625 1643 2111 1734 bonisvoperibus

2202 1647 2307 1703 ἐπεὶ
2339 1645 2533 1720 ἄλλως,
2581 1651 2730 1730 φησὶ,
2764 1659 2854 1708 τοῦ
2883 1653 3084 1727 κόσμου
3141 1653 3193 1710 ἐν
3224 1643 3311 1730 τῷ.
3354 1663 3572 1734 πονηρῷ
3601 1643 3844 1729 κειμένου

461 1755 581 1798 non
616 1737 988 1799 tradiderunt
1019 1735 1246 1816 seipsos
1295 1736 1352 1795 in
1386 1735 1764 1815 adoptionem
1799 1733 1926 1811 Dei)
1963 1732 2110 1824 nihil

2202 1735 2437 1814 [λέγειδὲ
2487 1739 2686 1812 κόσμον
2719 1742 2838 1803 τοὺς
2890 1744 2966 1815 μὴ
3025 1741 3108 1799 διὰ
3165 1743 3343 1810 δεξιῶν
3389 1732 3556 1824 ἔργων
3615 1746 3686 1806 εἷς
3733 1746 3843 1798 υἷο-

459 1839 686 1891 vetaret
716 1848 830 1910 quo
868 1829 1062 1890 minus
1081 1847 1196 1888 una
1218 1847 1352 1888 cum
1377 1827 1471 1888 his
1502 1827 1600 1907 qui
1633 1822 2111 1906 pereuntexami-

2202 1828 2372 1882 θεσίαν
2457 1827 2668 1894 ἑαυτοὺς
2734 1831 2826 1887 τοῦ
2887 1840 3017 1888 Θεου
3087 1833 3525 1908 μετατάξαντας),
3599 1831 3744 1888 οὖδὲν
3787 1831 3845 1888 ἂν

464 1936 850 1980 naremurzeo
884 1917 1039 1997 quod
1076 1936 1245 1978 mens
1263 1916 1524 1977 hominis
1549 1915 1788 1976 assidue
1821 1933 2006 1994 prona
2038 1913 2116 1975 sit

460 2007 532 2069 ad
555 2009 773 2068 malum
793 2006 868 2068 ab
893 2007 1137 2067 ineunte
1171 2014 1340 2067 aetate
1364 2005 1945 2085 "quemadmodum
1973 2010 2112 2062 tem-

462 2115 604 2177 pore
626 2096 828 2158 diluvii
849 2095 1242 2158 manifestavit
1265 2094 1567 2157 Deus.Sed
1589 2091 2112 2176 quoniam,inquit,

456 2185 755 2248 FiliusDei
777 2185 937 2246 venit
955 2204 1020 2246 ac
1036 2184 1201 2246 dedit
1223 2183 1394 2246 nobis
1411 2192 1669 2246 mentem
1695 2182 2114 2262 sivejudicium

459 2292 574 2354 quo
605 2275 839 2335 interna
867 2273 1205 2352 cognitione
1246 2272 1889 2352 cognoscamusipsum
1912 2289 2114 2332 verum

459 2365 748 2438 Deum,ac
769 2363 955 2425 simus
981 2363 1042 2422 in
1068 2366 1206 2424 vero
1229 2361 1377 2424 Filio
1400 2363 1529 2441 ejus
1545 2364 1684 2422 Jesu
1709 2360 1939 2424 Christo
1976 2378 1988 2422 :
2018 2378 2086 2420 co

459 2454 842 2530 cognovimus
877 2471 982 2532 per
1004 2453 1154 2512 hanc
1197 2451 1695 2530 magnificentiam
1730 2451 1886 2530 quod
1921 2451 2015 2510 hic
2039 2448 2115 2509 sit

457 2559 635 2601 verus
693 2541 852 2602 Deus
895 2549 954 2603 et
1008 2541 1126 2602 vita
1178 2548 1420 2615 aeterna,
1457 2548 1514 2601 et
1547 2547 1976 2618 cognoscentes
2007 2538 2112 2599 tuti

462 2647 668 2691 sumus
726 2628 799 2690 ab
849 2629 1072 2710 impetu
1126 2629 1365 2707 maligni
1419 2630 1667 2708 ejusque
1712 2627 2108 2690 otl‘endiculis.

424 2729 428 2732 '
469 2739 492 2776 α
528 2717 638 2780 Hic
665 2727 753 2780 est
783 2737 955 2780 verus
991 2721 1169 2782 Deus.
1209 2745 1236 2777 ι
1270 2718 1393 2780 Hoc
1427 2719 1603 2780 etiam
1635 2717 1762 2779 loco
1826 2717 2110 2778 demons-

463 2807 874 2869 trativum.Hic
899 2827 1002 2887 pro
1033 2808 1281 2869 articulo
1300 2807 1508 2869 relatio
1541 2807 1800 2887 ponitur.
1845 2829 1866 2862 α
1903 2807 2113 2868 Cavete

461 2897 626 2958 vobis
654 2917 686 2958 a
717 2897 1072 2961 simulacris.
1122 2923 1146 2954 ι)
1214 2897 1659 2976 Interrogarunt
1690 2897 1960 2958 nonnulli
1999 2915 2012 2959 :
2049 2895 2113 2958 Si

461 2986 534 3047 ad
569 2988 862 3066 perfectos
897 2987 1020 3048 haec
1053 2987 1281 3060 scribit,
1311 3005 1484 3068 quam
1545 2985 1619 3046 ob
1669 3005 1905 3047 causam
1954 3005 2114 3048 nunc

455 3075 721 3155 jubet,ut
751 3076 866 3137 sibi
901 3085 1145 3138 caveant
1170 3076 1242 3137 ab
1267 3075 1470 3136 idolis?
1503 3074 1764 3137 Dicimus
1797 3094 1934 3152 ergo
1955 3074 2112 3155 quod

2201 1913 2397 1971 ἐκώλυε
2468 1931 2585 1980 τοῖς
2685 1917 3078 1995 ἀπολλυμένοις
3175 1921 3592 1994 συνεξετάζεσθαι
3678 1923 3841 1997 ἡμᾶς,

2201 2006 2378 2061 καθότι
2402 2004 2632 2084 ἔγκειται
2664 2009 2697 2075 ἡ
2755 2005 2958 2065 διάνοια
2999 2017 3092 2067 τοῦ
3135 2010 3408 2091 ἀνθρώπου
3466 2012 3732 2087 ἐπιμελῶς
3765 2013 3847 2068 ἐπὶ

2201 2097 2263 2150 τὰ
2334 2098 2544 2174 πονηρέ
2591 2095 2650 2151 ἐκ
2705 2095 2952 2164 νεότητος
3010 2098 3188 2174 αὐτοῦ,
3245 2102 3316 2162 ὡς
3377 2100 3462 2156 ἐπὶ
3521 2108 3612 2156 τοῦ
3684 2122 3847 2156 κατα-

2199 2183 2434 2259 κλυσμοῦ
2479 2187 2506 2240 6
2571 2186 2700 2249 Θεὸς
2767 2185 3082 2265 ἀπεφήνατο
3115 2202 3130 2216 ⁸
3195 2186 3313 2243 ἀλλ’
3370 2189 3504 2262 Emi,
3566 2190 3744 2266 φησὶν,
3821 2191 3848 2245 6

2205 2276 2321 2339 Υἱὸς
2351 2281 2443 2330 τοό
2472 2282 2603 2332 Θεοῦ
2658 2273 2800 2348 ἥκει,
2837 2277 2922 2330 καὶ
2974 2273 3194 2332 δέδωκεν
3225 2279 3361 2351 ἡμῖν
3419 2276 3670 2348 διάνοιαν,
3730 2277 3846 2345 ἤτοι

2197 2361 2475 2440 διάγνωσιν
2539 2371 2631 2420 τοῦ
2680 2362 2956 2438 ὲνδιαθέτῳ
3012 2365 3203 2442 γνώσει
3286 2366 3657 2443 ἐπιγινώσκειν
3687 2369 3841 2424 αὖτὸν

2196 2449 2442 2518 ἀληθινὸν
2513 2454 2663 2523 Θεὸν,
2743 2454 2828 2508 καὶ
2885 2453 3033 2510 εἶναι
3086 2453 3138 2510 ἒν
3169 2456 3310 2528 αὗτῷ
3353 2462 3429 2530 τῷ
3460 2455 3692 2528 ἁᾶηθινψ
3741 2459 3845 2530 Υἱῷ

2197 2541 2352 2599 αὲτοῦ
2445 2539 2622 2608 Ἰησοῦ
2673 2548 2900 2618 Χριστῷ,
2961 2541 3200 2621 ἔγνωμεν
3279 2543 3362 2599 διὰ
3441 2549 3537 2612 τῆς
3607 2544 3842 2623 μεγαλο-

2196 2627 2392 2708 δωρεᾶς
2417 2631 2632 2701 ταύτης,
2699 2629 2776 2686 ὅτι
2833 2630 2980 2694 οὗτός
3029 2631 3227 2688 ἐστινὸ
3286 2631 3530 2698 ἀληθινὸς
3563 2635 3716 2712 Θεὸς,
3759 2636 3844 2690 καὶ
3923 2681 3928 2686 .

2195 2720 2308 2790 ζωὴ
2394 2720 2624 2793 αἰώνιος,
2721 2722 2808 2777 καὶ
2861 2719 3074 2799 γνόντες
3163 2722 3393 2798 μένομεν
3461 2723 3841 2802 ἆνεπηρὲαστοι

2197 2809 2256 2865 ἐκ
2284 2815 2376 2866 τοῦ
2434 2809 2690 2887 πονηροῦ,
2724 2810 2811 2866 καὶ
2848 2810 2954 2865 τῶν
3013 2808 3318 2868 σκανδάλων
3375 2814 3553 2874 αὐτοῦ,
3619 2835 3646 2866 ι
3681 2814 3842 2877 Οὗτός

2196 2898 2335 2954 ἐστιν
2367 2901 2394 2954 6
2452 2896 2698 2964 ἀληθινὸς
2759 2898 2910 2961 Θεός.
2950 2922 2970 2953 ι
3036 2901 3306 2956 Κάνταῦθα
3353 2903 3437 2974 τὸ,
3485 2905 3670 2976 Οὗτος,
3733 2903 3844 2960 ἀντὶ

2195 2987 2509 3068 ἀναφορικοῦ
2563 2986 2746 3066 ἄρθρου
2799 3001 2996 3048 κεῖται.
3089 3012 3110 3042 α
3149 2987 3417 3055 Φυλάξατε
3467 2991 3680 3056 ἑαυτοὺς
3740 2993 3844 3048 ἀπὸ

2194 3080 2297 3133 τῶν
2329 3074 2587 3138 ετδώλων,
2628 3101 2653 3130 n
2717 3077 3011 3147 Ἐξήτησάν
3083 3099 3239 3141 τινες,
3296 3079 3354 3135 Εἴ
3426 3081 3556 3157 πρὸς
3618 3079 3844 3144 ἐλείους

460 3164 598 3245 quia
631 3166 920 3227 universa;
950 3165 1232 3226 Ecclesiae
1261 3164 1522 3244 scripsit,
1547 3182 1675 3244 qua:
1706 3183 1824 3225 non
1870 3171 2111 3225 consta-

2202 3168 2412 3228 πιστοῦς
2479 3175 2641 3224 ταῦτα
2711 3167 2922 3246 γράφει,
3001 3167 3138 3229 τίνος
3204 3167 3362 3247 χάριν
3431 3168 3520 3226 νῦν
3577 3176 3845 3249 παρεγγυᾷ

460 3252 656 3315 batex
691 3255 907 3335 popqu
967 3255 1318 3322 selecto.sed
1385 3262 1551 3314 erant
1611 3253 1789 3315 etiam
1842 3253 2022 3334 aliqui
2051 3254 2109 3314 in

461 3342 590 3422 ipsa
637 3344 736 3423 qui
790 3363 885 3423 se;
904 3343 1034 3405 nius
1083 3344 1485 3404 afﬁcerentur.
1522 3341 1627 3402 His
1673 3361 1815 3422 ergo
1849 3341 2114 3423 praecipit

462 3432 685 3513 omnia,
711 3433 1040 3513 respiciens
1068 3431 1139 3493 ad
1172 3451 1377 3494 eorum
1403 3431 1822 3494 lubricitatem.

459 3521 514 3576 ἐν
571 3523 732 3600 ταύτῃ
815 3525 900 3579 καὶ
972 3523 1284 3602 νωθέστερον
1355 3523 1680 3599 διακείμενος
1745 3525 1874 3602 πρὸς

462 3632 640 3685 μενος.

505 3717 715 3793 Fin-is,
750 3719 963 3782 divino
991 3722 1231 3800 favente
1262 3722 1528 3796 auo‘ilio,
1563 3720 1822 3784 Joannis
1842 3723 2080 3801 prioris

953 3801 1245 3881 Epistula:
1277 3801 1614 3864 catholica.

540 3968 596 4016 Π
631 3968 782 4033 Gen.
814 3987 934 4043 thl,
961 3970 1062 4032 *21.

1962 3527 2175 3591 τούτους

2196 3255 2540 3337 φυλάττεσθαι
2611 3257 2799 3320 αὐτοὺς
2857 3257 2963 3314 ἀπὸ
3017 3263 3122 3314 τῶν
3180 3256 3460 3334 εἰδώλων;
3504 3261 3688 3335 Φαμὲν
3732 3261 3842 3338 οὖν,

2196 3349 2268 3408 ὡς
2326 3344 2507 3413 ἐπειδὴ
2570 3345 2859 3418 Ἐκκλησίᾳ
2915 3345 3015 3422 ὅλῃ
3099 3346 3262 3403 ταῦτα
3305 3346 3552 3428 ἔγραφεν,
3611 3349 3729 3417 ἥτις
3786 3353 3848 3408 οὔ

2195 3444 2338 3493 πᾶσα
2395 3435 2688 3515 κεκριμὲνῳ
2743 3433 2857 3510 λαῷ
2949 3436 3387 3514 συνεπληροῦντο,
3449 3437 3568 3494 ἀλλ’
3639 3440 3706 3508 ἦν
3765 3462 3846 3504 τις

2259 3534 2421 3583 ταῦτα
2505 3531 2798 3606 παρεγγυᾷ,
2887 3526 2947 3583 τὰ
3022 3525 3294 3584 εὒόλεσθον
3380 3532 3550 3587 αὐτῶν
3631 3531 3846 3610 ὑφορώ-

2213 3748 2237 3777 ιι
2281 3723 2462 3798 Τέλος,
2497 3724 2589 3779 σὺν
2627 3724 2764 3800 Θεῷ,
2819 3728 2922 3827 ξῆς
2983 3720 3230 3860 Ἰαὶἐέννου
3285 3723 3572 3792 καθολικῆς
3601 3727 3846 3804 πρώτης,

2843 3811 3038 3860 Επιστο
3075 3807 3161 3860 ἧς.
3203 3826 3226 3860 ο

2843 3807 3161 3872 Επιστολῆς.
3203 3826 3226 3863 ο

1671 4280 2643 4447 ΥΠΟΘΕΣΙΣ
2799 4301 2816 4316 ’

715 4577 928 4661 ΤΗΣ
1003 4578 1512 4662 ΙΩΛΝΝΟΥ
1583 4579 2234 4664 ΚΑΘΟᾹΙΚΗΣ
2314 4581 2879 4667 ΔΕΥΤΕΡΑΣ
2953 4581 3590 4667 ΕΠΙΣΤΟΛΗΣ

1460 4953 2836 5097 ARGUMENTUM

463 5239 1293 5346 CATHOIJCE
1404 5239 2003 5350 JO.\;\“NIS
2123 5238 3041 5346 POSTERIORIS
3134 5238 3852 5352 EPISTOLZE

538 5591 679 5652 603
703 5590 1159 5674 Hanctanquam
1174 5593 1376 5655 senior
1397 5592 1608 5655 scribit
1639 5591 2111 5653 dominaeetﬁliis

2280 5593 2488 5660 Ταύτην
2547 5595 2620 5656 ὡς
2690 5593 3038 5674 πρεσϐύτερος
3122 5592 3308 5674 γράφει
3361 5593 3510 5674 κυρίᾳ
3578 5597 3667 5653 καὶ
3728 5609 3852 5661 τοῖς

457 5679 928 5760 ipsius.0ccasio
942 5702 1081 5744 vero
1104 5683 1386 5764 Epistolze
1411 5682 1516 5744 fuit
1537 5683 1696 5743 hac:
1723 5680 1865 5742 Cum
1886 5681 2111 5741 videret

2202 5681 2398 5765 τέκνοις
2425 5683 2610 5750 αὐτῆς.
2651 5675 2711 5740 Ἠ
2744 5683 2798 5741 δὲ
2838 5683 3096 5765 πρόφασις
3147 5687 3246 5751 τῆς
3305 5679 3628 5752 Ἐπιστολῆς
3659 5682 3793 5753 αὕτη
3832 5706 3848 5720 ⁶

459 5767 613 5831 ﬁlios
670 5771 829 5833 illius
889 5783 1048 5834 recte
1108 5761 1171 5834 in
1229 5775 1340 5834 [ide
1384 5770 1742 5852 conversari,
1780 5771 2111 5850 multosque

2202 5761 2363 5849 Ὀρῶν
2396 5773 2458 5828 τὰ
2516 5774 2671 5832 τέκνα
2733 5777 2890 5846 αὒτῆς
2951 5775 3129 5841 καλῶς
3188 5772 3613 5853 ἀναστρεφόμενοι
3687 5775 3742 5829 ἐν
3782 5783 3853 5846 τῆ
