4106 6416
441 347 556 414 687

1562 345 1910 409 OECUMEN
1921 343 1970 404 II
2017 339 2313 402 TRICC/E
2356 338 2693 404 EPISCOPI

3733 342 3852 407 688

441 483 707 546 scribere
739 481 1055 550 duodecim
1094 479 1367 542 tribubus
1389 478 1729 543 Judaeorum
1771 499 1783 537 :
1820 478 1922 539 sed
1958 473 2093 536 uni-

2181 470 2304 529 δέκα
2377 472 2569 553 φυλαῖς
2639 477 2745 529 τῶν
2819 470 3081 530 Ἰουδαίων
3150 473 3526 554 ἀφοριζόμενος
3615 471 3854 556 γράφειν’

447 572 634 634 versis
658 573 1054 635 communiter
1077 570 1348 632 ﬁdelibus
1363 586 1700 630 sermonem
1726 566 2108 638 faciens,sive

443 661 816 741 congregatis
837 661 961 722 sive
981 679 1097 721 non
1124 657 1774 736 congregatis,formam
1801 653 2108 733 praescrip-

443 750 624 810 tionis
656 747 1057 829 praatermisit.
1091 746 1507 825 Presbyterum
1549 755 1742 805 autem
1777 743 1985 804 scribit
2013 742 2109 802 hic

441 837 734 916 seipsum,
770 846 828 898 et
887 856 1001 896 non
1062 836 1395 915 apostolum
1451 852 1646 913 neque
1697 851 1933 893 servum
1963 829 2105 892 Jesu

444 925 1200 1004 Christi,quemadmodum
1235 923 1448 1002 reliqui
1495 921 1770 1001 apostoli.
1798 920 2104 1000 Siquidem

441 1015 775 1094 apostolum
812 1033 927 1073 non
961 1012 1168 1073 scribit
1219 1030 1304 1085 se,
1343 1030 1411 1072 eo
1457 1010 1720 1072 fortassis
1770 1009 1926 1090 quod
1988 1026 2107 1068 non

449 1102 675 1183 primus
705 1102 762 1162 in
792 1106 933 1165 Asia
965 1101 1338 1182 praedii-asset
1373 1099 1778 1177 Evangelium,
1825 1098 1926 1158 sed
1977 1103 2108 1176 post

445 1191 694 1254 Paulum
735 1213 747 1248 :
779 1209 969 1271 neque
1004 1191 1064 1250 in
1097 1189 1368 1261 transitu,
1395 1188 1546 1248 sicut
1577 1187 1698 1260 ille,
1731 1187 1830 1266 qui
1865 1203 2106 1262 l-ercur—

443 1280 613 1342 rebat
635 1279 940 1357 Evangelii
966 1278 1276 1340 circuitum
1310 1298 1322 1339 :
1355 1276 1456 1337 sed
1486 1293 1733 1336 manens
1765 1273 1937 1353 ibi,et
1961 1292 2080 1354 prae

442 1388 583 1432 sens
602 1368 991 1449 praesentibus
1013 1365 1346 1446 exponebat
1365 1384 1726 1426 sermonem.
1759 1363 1872 1426 Sed
1909 1382 2102 1444 neque

441 1476 676 1520 servum
706 1460 848 1518 Jesn
879 1453 1464 1520 Christizconﬁdebat
1489 1455 1755 1533 enim,eo
1787 1452 1941 1533 quod
1968 1454 2102 1532 plu-

443 1547 658 1607 rimum
683 1545 1128 1624 diligeretur,se
1158 1551 1320 1606 extra
1333 1543 1630 1604 servitutis
1653 1560 1784 1604 esse
1799 1541 2098 1602 timorem.

440 1634 643 1697 Solum
708 1643 903 1695 autem
965 1633 1147 1694 voluit
1188 1651 1251 1694 se
1283 1631 1584 1712 appellare
1638 1627 2096 1711 presbyterum:

441 1724 563 1785 sive
614 1723 770 1803 quod
825 1723 947 1802 jam
1008 1722 1213 1783 senior
1271 1731 1428 1782 esset
1486 1721 1626 1781 dum
1679 1721 1783 1781 has
1811 1718 2101 1780 scriberet

437 1812 601 1890 (nam
636 1811 692 1871 id
726 1810 1017 1890 signiﬁcat
1050 1809 1256 1890 presby
1279 1810 1388 1886 ter)
1419 1817 1519 1871 aut
1549 1809 1724 1870 etiam
1751 1808 2096 1888 episcopum

436 1919 650 1962 vocans
681 1901 944 1979 seipsum
971 1899 1215 1960 nomine
1250 1897 1608 1978 presbyteri,
1642 1917 1775 1957 cum
1810 1897 1912 1958 illo
1951 1906 2098 1957 tem-

439 2008 581 2069 pore
605 2007 819 2050 nomen
847 1987 1172 2068 presbyteri
1197 1988 1432 2048 solitum
1469 1995 1626 2048 esset
1650 1987 1827 2047 etiam
1849 1986 1923 2047 de
1946 1985 2096 2064 epis-

433 2079 600 2158 copis
628 2078 786 2138 dici:
815 2076 1322 2157 quemadmodum
1381 2085 1437 2137 et
1479 2095 1548 2136 ex
1609 2077 1774 2136 Actis
1809 2074 2100 2136 manifes-

436 2177 555 2228 tum
583 2174 672 2228 est
701 2185 833 2247 quae
862 2166 1104 2246 scripsit
1138 2165 1344 2226 beatus
1395 2168 1586 2227 Lucas
1616 2163 1688 2238 '3,
1725 2174 1781 2224 et
1814 2183 1882 2225 ex
1916 2163 2090 2242 Epis-

435 2257 554 2320 tola
583 2256 740 2318 Petri
758 2255 834 2316 ‘9.
856 2255 1041 2316 Porro
1073 2256 1144 2315 ad
1182 2254 1494 2315 mulierem
1531 2254 1769 2315 fidelem
1803 2253 1951 2314 nihil
1983 2269 2090 2315 ve-

433 2345 581 2406 ritus
611 2353 701 2406 est
731 2343 1024 2405 scribere:
1056 2362 1125 2404 eo
1159 2343 1314 2423 quod
1350 2342 1409 2403 in
1443 2342 1676 2405 Christo
1721 2341 1863 2404 Jesu
1899 2359 2090 2422 neque

435 2433 762 2495 masculum
797 2431 1023 2492 noverit
1054 2450 1246 2512 neque
1302 2431 1608 2495 feminam.
1635 2431 1724 2492 Ad
1757 2449 1943 2492 unum
1975 2449 2086 2491 au-

431 2531 550 2584 tem
585 2521 856 2583 scribens
915 2518 1150 2594 Gaium,
1185 2520 1361 2580 habet
1421 2520 1667 2582 Paulum
1723 2519 1824 2600 qui
1871 2528 1927 2580 et
1955 2518 2088 2580 Tito

434 2610 676 2690 scripsit
697 2617 756 2670 et
783 2607 1259 2689 Timotheo,imo
1294 2609 1470 2670 etiam
1499 2609 1832 2671 Philemoni
1865 2607 2082 2670 idiotas.

432 2700 500 2762 Et
535 2701 660 2761 hac
684 2699 924 2779 quidem
959 2699 1036 2759 de
1068 2697 1544 2779 praescriptione.
1582 2696 1929 2760 Ostenditur
1978 2715 2088 2759 au-

435 2799 553 2851 tem
583 2799 642 2849 et
671 2807 705 2848 a
736 2786 1184 2849 denuntiatione
1213 2806 1280 2848 ac
1310 2787 1710 2867 promissione
1739 2786 2092 2864 etareliqua

435 2877 732 2939 sermonis
781 2876 1196 2956 dispositione,
1253 2875 1410 2956 quod
1469 2895 1767 2953 germana?
1817 2875 1934 2937 sint
1964 2876 2092 2956 ejus

435 2966 734 3046 Epistola}:
762 2963 1242 3045 quandoquidem
1275 2965 1333 3024 in
1367 2963 1459 3024 his
1483 2983 1718 3044 quoque
1752 2965 2094 3044 frequenter

2189 560 2326 617 ἀ).λά
2369 569 2497 618 πᾶσι
2542 573 2754 624 πιστοῖς
2799 563 2972 616 κοινὸν
3030 563 3342 638 ποιούμενος
3395 565 3485 619 τὸν
3528 565 3710 640 λόγον,
3748 562 3852 619 ἐκ·

2189 649 2528 721 κλησιᾶζουσι
2579 650 2666 705 καὶ
2723 651 2800 723 μὴ
2860 649 3284 724 ἐκκλησιάζουσι,
3333 654 3423 707 τὸν
3466 658 3564 718 τῆς
3619 675 3854 731 προγρα-

2189 744 2294 818 φῆς
2353 738 2607 818 παρέλιπε
2675 739 2862 800 τύπον.
2928 738 3281 820 Πρεσϐύτερον
3329 738 3382 796 δὲ
3441 743 3624 798 ἑαυτὸν
3653 743 3846 821 γράφει

2190 828 2406 884 ἐνταῦθα
2491 829 2579 884 καὶ
2675 829 2769 884 οὒκ
2839 827 3156 902 ἀπόστολον,
3217 828 3330 886 οῦδὲ
3400 828 3586 886 δσῦλυν
3667 829 3844 897 ἰησοῦ

2192 924 2440 995 Χριστοῦ,
2503 919 2576 980 ὡς
2635 919 2681 974 οἱ
2754 915 2929 974 λοιποὶ
2987 917 3299 981 ἀπόστολοι.
3349 917 3673 976 Ἀπόστολον
3745 920 3844 993 μὲν

2189 1005 2276 1060 οὗν
2322 1007 2380 1061 οὗ
2418 1006 2604 1085 γράφει
2650 1005 2856 1079 ἑαυτὸν,
2903 1003 3035 1069 ἴσως
3091 1005 3170 1062 ὅτι
3230 1007 3306 1082 μὴ
3368 1013 3574 1085 πρῶτος
3629 1009 3840 1086 κατήγ-

2188 1093 2361 1172 γειλεν
2394 1093 2447 1149 ἐν
2478 1103 2545 1171 τῇ
2618 1091 2768 1166 Ἀσίᾳ
2809 1096 2899 1150 τὸν
2956 1094 3137 1174 λόγον,
3197 1094 3333 1151 ἀλλά
3389 1096 3534 1171 μητά
3604 1094 3836 1168 Παῦλον,

2188 1185 2274 1238 καὶ
2307 1187 2365 1242 οῦ
2397 1185 2531 1240 κατὰ
2600 1181 2824 1262 πάροδον
2868 1183 3046 1262 ὥσπερ
3090 1185 3318 1264 ἐκεῖνος,
3379 1187 3468 1241 τὸν
3513 1192 3604 1240 τοῦ
3666 1186 3844 1263 Εὔαγ-

2187 1271 2362 1350 γελίου
2443 1271 2734 1352 διατρέχων
2817 1271 3026 1345 κύκλον,
3115 1271 3250 1329 ἀλλά
3321 1273 3492 1350 μένων
3549 1276 3692 1338 ἒιίεῖ,
3753 1275 3844 1330 καὶ

2187 1363 2367 1440 παρὼν
2409 1369 2663 1441 παροῦσι)
2727 1361 2980 1418 ἐκτίθεται
3025 1364 3111 1418 τὸν
3143 1361 3324 1440 λόγον.
3361 1360 3508 1419 Ἀλλ’
3580 1359 3695 1420 οῦδὲ
3729 1359 3844 1421 δου-

2186 1448 2279 1507 λον
2379 1448 2556 1517 Ἰησοῦ
2628 1452 2874 1524 Χριστοῦ.
2966 1450 3194 1529 Ἐθαίῤῥει
3292 1454 3416 1531 γὰρ,
3480 1449 3563 1507 διὰ
3607 1454 3668 1508 τὸ
3711 1451 3846 1529 ἄγαν

2185 1539 2521 1617 ἠγαπῆσθαι,
2556 1537 2654 1604 ἔξω
2695 1546 2786 1594 τοῦ
2834 1539 2928 1607 τῆς
2960 1537 3192 1602 δουλείας
3251 1540 3392 1596 εἶναι
3451 1538 3633 1620 φόϐου.
3702 1547 3839 1619 Πρε-

2185 1625 2430 1704 σὸύτερον
2486 1626 2539 1682 δὲ
2585 1628 2746 1702 μόνον
2803 1629 2987 1684 ἑαυτὸν
3043 1627 3222 1694 ἐξιωσε
3282 1628 3522 1700 καλέσαι,
3582 1629 3699 1697 ἤτοι
3758 1630 3837 1686 ὅτι

2185 1719 2406 1795 γηραιὸς
2463 1716 2535 1773 ὥν
2582 1714 2683 1783 ἤδη
2759 1715 2955 1795 ἔγραψε
3027 1718 3240 1792 ταύτας,
3300 1717 3336 1786 ἢ
3405 1721 3494 1775 καὶ
3550 1719 3834 1776 ἐπίσκοπον

2182 1805 2361 1862 καλῶν
2415 1807 2599 1861 ἑαυτὸν
2643 1803 2725 1860 διὰ
2784 1807 2877 1860 τοῦ
2938 1805 3308 1886 πρεσϐυτέρου,
3377 1808 3624 1872 εἰωθότος
3693 1831 3830 1864 κατ-

2181 1893 2357 1952 ἒκεῒνο
2427 1895 2629 1972 καιροῦ,
2704 1896 2791 1951 καὶ
2862 1893 2945 1951 ἐπὶ
3027 1901 3134 1953 τῶν
3218 1895 3522 1952 ἐπισκόπων
3590 1897 3831 1977 φέρεσθαι

2180 1986 2273 2040 τοῦ
2332 1985 2591 2058 ὀνόματος
2660 1989 2751 2039 τοῦ
2807 1981 3177 2063 πρεσϐυτέρου,
3238 1987 3312 2044 ὡς
3383 1987 3470 2041 καὶ
3540 1985 3644 2042 ἀπὸ
3725 1992 3832 2042 τῶν

2184 2071 2424 2152 Πράξεων
2481 2069 2664 2152 δῆλον,
2711 2075 2786 2128 ὧν
2829 2073 2858 2128 ὃ
2916 2077 3170 2152 μακάριος
3228 2073 3425 2152 ἔγραψε
3485 2082 3712 2155 Λουκᾶς,
3747 2079 3836 2132 xxi

2180 2159 2263 2218 διὰ
2332 2170 2425 2220 τοῦ
2482 2161 2677 2237 Πέτρου
2723 2166 2823 2228 τῆς
2882 2161 3232 2231 Ἐπιστολῆς.
3297 2164 3434 2241 Πρὸς
3483 2161 3538 2218 δὲ
3607 2167 3836 2241 γυναῖκα

2174 2251 2390 2330 γράφων
2459 2250 2676 2319 πιστὴν,
2729 2248 2875 2306 οὖδέν
2942 2249 3311 2327 ύπεστῦίλατο,
3353 2250 3432 2307 ὅτι
3507 2256 3563 2308 ἓν
3630 2259 3836 2331 Χριστῷ

2175 2336 2386 2405 ἰησσοῦ
2437 2339 2530 2394 οὔκ
2603 2336 2753 2416 ἅῤῥεν
2809 2337 2925 2396 οῦδὲ
2980 2337 3114 2406 θῆλυ
3164 2337 3299 2396 οἶδε.
3364 2342 3498 2419 Πρὸς
3555 2363 3612 2396 τε
3670 2342 3834 2398 Γάϊον

2170 2426 2262 2483 ἕνα
2325 2427 2539 2505 γράφων
2612 2425 2730 2505 ἔχει
2819 2425 3024 2483 Παῦλον
3113 2437 3251 2502 Τιτῳ
3307 2449 3364 2483 τε
3421 2429 3685 2508 γράφονεα
3743 2441 3836 2496 καὶ

2171 2517 2429 2592 Τιμοθέῳ.
2515 2517 2604 2572 xxi
2672 2518 2802 2596 πρὸς
2877 2514 3158 2592 Φιλήμονα
3232 2515 3288 2572 δὲ
3356 2515 3592 2584 ἰδιώτην.
3655 2529 3828 2578 Ταῦτα

2171 2606 2270 2680 μὲν
2324 2607 2441 2683 περὶ
2492 2610 2619 2682 ,τῆς
2708 2610 3042 2686 προγραφῆς.
3107 2605 3374 2662 Δείκνυται
3431 2604 3485 2662 δὲ
3555 2607 3660 2663 ἀπὸ
3728 2615 3825 2676 τῆς

2171 2693 2505 2772 ἀπαγγελίας
2565 2695 2652 2750 xxi
2694 2697 2792 2760 τῆς
2854 2693 3046 2774 ἄλλης,
3077 2701 3166 2750 τοῦ
3232 2693 3394 2774 λόγου
3437 2697 3734 2771 οἰκονομίας
3763 2700 3826 2753 τὸ

2172 2795 2390 2860 γνήσιον
2455 2790 2561 2840 τῶν
2617 2783 2972 2844 Ἐπιστολῶν.
3038 2773 3182 2840 Ἐπεὶ
3251 2785 3512 2842 κάνταῦθα
3568 2785 3824 2850 πολλάκις

2177 2872 2426 2950 ἐπανάγει
2470 2875 2560 2930 τὸν
2592 2871 2751 2951 λόγον
2807 2875 2872 2929 τὰ
2903 2874 3031 2930 αῦτὰ
3073 2875 3191 2952 περὶ
3246 2876 3352 2929 τῶν
3407 2878 3575 2933 «ora»
3619 2875 3821 2954 λέγων,

2176 2963 2312 3036 μετά
2367 2971 2460 3019 τοῦ
2501 2968 2700 3042 μικρᾶς
2756 2963 3145 3042 παρεμπίπτειν
3190 2963 3456 3043 ἀφορμῆς,
3503 2965 3590 3019 καὶ
3656 2965 3820 3042 ταύτῃ

438 3073 777 3116 sermonem
813 3054 1050 3133 repetit,
1087 3053 1294 3114 eadem
1328 3052 1534 3114 dicens
1584 3055 1656 3113 de
1713 3053 1939 3115 eisdem
1991 3053 2090 3114 ubi

2178 3049 2653 3130 κατασφαλίζεσθαι
2695 3053 2786 3108 τὸν
2831 3051 3012 3130 λόγον.
3053 3053 3155 3107 Δύο
3175 3049 3230 3107 δὲ
3278 3058 3345 3129 τῇ
3378 3051 3636 3132 Ἐκλεκτῇ
3659 3055 3820 3131 ταύτῃ

438 3144 671 3205 modica
728 3142 993 3204 occurrit
1041 3141 1296 3215 occasio,
1349 3151 1406 3203 et
1449 3143 1572 3203 haec
1632 3146 1720 3203 via
1751 3160 2089 3203 sermonem

2178 3140 2544 3220 ἐπιμαρτυρεῖ,
2620 3140 2673 3196 ἕν
2743 3141 2864 3216 μὲν,
2953 3143 3015 3198 τὸ
3089 3141 3142 3197 ἐν
3214 3141 3397 3219 ἀγάπῃ
3481 3157 3820 3224 περιπατεῖν,

436 3232 962 3294 confirmat.Porro
986 3230 1124 3292 huic
1142 3230 1358 3292 Electae
1380 3231 1494 3291 duo
1520 3238 2089 3310 protestaturmnum

2178 3229 2351 3308 ἕτερον
2467 3227 2517 3284 δέ
2605 3230 2941 3309 ἐκτρέπεσθαι
3038 3231 3158 3294 τοὺς
3232 3233 3543 3310 αἰρετικοὺς.
3619 3233 3812 3290 Ἐκλε-

435 3321 673 3400 quidem
721 3321 878 3399 quod
930 3320 1190 3382 ambulet
1241 3320 1302 3380 in
1339 3319 1606 3400 veritate,
1644 3320 1894 3380 alterum
1953 3339 2090 3380 vero

2178 3319 2306 3386 κτὴν
2334 3317 2411 3390 δὲ,
2577 3319 2683 3375 ἀπὸ
2723 3329 2817 3379 τοῦ
2861 3320 3143 3396 ὀνόματος,
3175 3320 3212 3387 ἧ
3254 3321 3360 3376 ἀπὸ
3427 3329 3524 3393 τῆς
3581 3325 3697 3402 περὶ
3725 3325 3823 3392 τὴν

436 3411 590 3491 quod
626 3411 806 3488 fugiat
837 3410 1168 3471 lizereticos.
1205 3409 1464 3470 Electam
1497 3427 1633 3472 vero
1675 3411 1953 3490 appellat,
1990 3419 2089 3471 aut

2178 3407 2365 3480 ἀρετὴν
2394 3405 2718 3486 φιλοτιμίας,
2765 3406 2946 3470 καλεῖ.
3004 3400 3097 3465 Ἠν
3153 3410 3240 3465 καὶ
3297 3408 3506 3486 ἀγαπᾷν
3575 3400 3735 3490 φησιν
3767 3412 3819 3469 ἐν

437 3518 505 3560 ex
533 3501 798 3574 nomine,
831 3508 934 3560 aut
957 3517 1027 3560 ex
1062 3518 1271 3577 magna
1302 3499 1673 3561 aemulatione
1705 3499 1864 3560 circa
1895 3500 2080 3560 virtu-

439 3598 591 3648 tem:
626 3607 800 3668 quam
835 3587 1008 3648 etiam
1063 3587 1144 3648 ait
1174 3607 1237 3648 se
1271 3588 1330 3648 in
1375 3589 1617 3648 veritate
1669 3588 1919 3666 diligere
1955 3611 1969 3650 :
2008 3607 2082 3649 ne

433 3677 618 3738 solam
652 3677 975 3756 ipsam,sed
997 3685 1056 3736 et
1084 3695 1293 3738 omnes
1341 3675 1440 3756 qui
1473 3676 1756 3737 similium
1786 3697 1919 3738 cum
1954 3681 2086 3758 ipsa

434 3775 571 3826 sunt
603 3765 963 3844 morum,qui
997 3784 1133 3827 vere
1165 3765 1385 3828 habent
1408 3767 1465 3826 in
1491 3766 1703 3845 seipsis
1727 3766 1956 3826 ﬁrmam
1981 3786 2079 3827 ve-

430 3859 694 3929 ritatem;
731 3877 863 3917 nam
893 3859 1002 3918 hoc
1025 3857 1340 3938 signiﬁcat,
1371 3859 1618 3918 dicens:
1657 3857 1799 3929 Quae
1843 3877 2078 3938 perma-

434 3957 532 4008 net
558 3947 616 4007 in
650 3945 844 4020 nobis;
889 3949 1013 4007 haec
1043 3954 1243 4007 autem
1271 3955 1359 4006 est
1391 3947 1537 4006 fides
1568 3947 1624 4006 in
1659 3947 1956 4008 Christum
2018 3946 2082 4007 In

433 4035 679 4096 veritate.
732 4035 908 4095 etiam
957 4035 1037 4096 ait
1096 4054 1160 4096 se
1192 4034 1464 4109 diligere.
1503 4035 1802 4114 Contingit
1833 4035 1991 4097 enim
2029 4047 2085 4096 et

2166 3494 2405 3575 ἀληθείᾳ,
2453 3498 2540 3552 καὶ
2584 3499 2644 3554 ού
2671 3497 2834 3573 μόνον
2874 3497 3060 3570 αὖτὴν,
3116 3495 3251 3554 ἀλλά
3309 3499 3396 3554 καὶ
3452 3499 3653 3565 πάντας
3699 3503 3817 3565 τοὺς

2166 3586 2495 3664 ὁμοτρόπους
2539 3588 2695 3663 αὐτῇ,
2742 3588 2862 3651 τοὺς
2904 3587 3001 3654 τὴν
3071 3594 3150 3661 τῷ
3191 3586 3300 3643 ὄντι
3357 3586 3607 3658 ἀλήθειαν
3651 3589 3816 3670 ἔχον-

2165 3696 2251 3739 τες
2281 3673 2335 3728 ἐν
2393 3675 2604 3736 ἑαυτοῖς
2661 3673 3021 3747 ἡδρασμένην.
3070 3685 3231 3735 Τοῦτο
3274 3679 3373 3755 γὰρ
3431 3678 3675 3752 σημαίνει
3734 3679 3819 3738 διὰ

2165 3765 2276 3823 τοῦ.
2327 3763 2435 3830 Τὴν
2506 3763 2766 3839 μένουσαν
2837 3765 2892 3820 ἐν
2960 3767 3122 3841 ἡμῖν.
3167 3765 3332 3823 Τοῦτο
3384 3763 3439 3821 δέ
3486 3766 3627 3824 ἐστιν
3673 3771 3706 3836 ἡ
3750 3771 3822 3836 εἷς

2169 3855 2390 3932 Χριστὸν
2419 3855 2615 3919 πίστις.
2667 3846 2754 3912 Ἐν
2807 3853 3025 3922 ἀληθείὺ
3067 3857 3124 3936 ρὲ
3179 3855 3394 3934 ἀγαπῃν
3431 3855 3598 3934 λέγει,
3661 3849 3824 3917 ’Ἐστι

2166 3945 2266 4022 γὰρ
2325 3946 2411 4000 καὶ
2489 3942 2826 4008 ἐπιπλάστως
2899 3945 3134 4022 ἀγαπᾷν,
3192 3946 3438 4020 στόματι,
3513 3949 3586 4011 ὡς
3673 3951 3825 4012 αὐτὸς

2166 4037 2316 4096 οὗτος
2348 4037 2404 4090 ἓν
2446 4040 2514 4110 τῇ
2558 4035 2742 4114 πρώτη
2814 4033 3108 4112 Ἐπιστολῇ
3139 4037 3258 4114 περί
3297 4058 3454 4094 τινων
3500 4040 3828 4118 νωθρευομέ-

435 4124 571 4184 ﬁcte
591 4124 727 4183 607
754 4123 1003 4201 diligere
1033 4143 1166 4193 ore;
1201 4124 1700 4203 quemadmodum
1739 4125 1833 4185 hic
1867 4127 1994 4205 ipse
2024 4126 2084 4186 in

2178 4146 2270 4180 νων
2343 4122 2576 4190 ἐδηλωσε
2620 4131 2840 4183 πιστῶν,
2921 4125 3094 4182 Εἰπὼν
3164 4122 3243 4199 δὲ,
3327 4149 3347 4180 ε
3415 4126 3524 4195 Τήν
3567 4128 3826 4203 μένουσαι

437 4212 637 4292 priore
667 4211 928 4289 Epistola
958 4211 1031 4270 de
1072 4211 1423 4290 quibusdam
1450 4212 1802 4290 signiﬁcavit
1833 4233 2082 4294 corrup-

2178 4212 2222 4268 ἓν
2251 4215 2409 4287 ἡμῖν,
2441 4236 2466 4267 ι
2503 4216 2620 4268 οἷον
2662 4213 2760 4280 τὴν
2804 4212 2978 4280 ἀληθῆ
3024 4216 3109 4270 xxi
3139 4212 3343 4292 ἑδραίαν
3399 4217 3488 4272 καί
3543 4220 3620 4292 μὴ
3685 4240 3818 4275 κατ-

438 4300 516 4361 tis
545 4300 839 4361 ﬁdelibus.
874 4298 986 4361 Ubi
1013 4309 1208 4360 autem
1235 4300 1417 4360 dixit:
1454 4323 1478 4358 ιι
1515 4300 1653 4372 Quae
1687 4314 1993 4382 permanet.
2025 4303 2083 4363 in

2178 4300 2666 4379 εσχηματισμένην,
2715 4300 2976 4378 ἐπήνεγκε
3045 4305 3126 4377 τὸ,
3221 4325 3248 4357 ι
3301 4305 3398 4361 Καὶ
3482 4305 3597 4382 μεθ’
3667 4307 3822 4382 ἡμῶν

439 4387 610 4449 nobis
637 4387 873 4461 90,»hoc
907 4396 1154 4467 est,quae
1183 4406 1314 4449 vera
1348 4408 1415 4449 uc
1462 4390 1631 4450 ﬁrma
1688 4400 1795 4463 est,
1832 4392 2078 4471 subjun-

2178 4389 2317 4444 ἔσται
2363 4391 2435 4453 εἷς
2459 4392 2550 4444 τὸν
2591 4391 2778 4464 αἰῶνα,
2818 4413 2843 4444 ι
2881 4393 2941 4446 τὸ
2986 4390 3356 4460 ἀναπόϐλητον
3424 4405 3519 4453 τοῦ
3547 4402 3820 4474 χερίσμα-

438 4478 522 4540 xit
551 4499 562 4535 :
591 4501 618 4532 α
646 4460 715 4537 Ει
744 4460 1057 4537 nobiscum
1087 4477 1198 4537 erit
1231 4477 1289 4536 in
1323 4486 1631 4538 aeternum.
1678 4511 1696 4534 υ
1733 4460 2086 4558 Signiﬁizans

2178 4499 2256 4539 τος
2306 4477 2603 4552 σημαίνων,
2657 4467 2820 4535 ’Ἐστι
2878 4480 2976 4558 γὰρ
3034 4485 3132 4536 καὶ
3176 4483 3296 4546 τοὺς
3343 4480 3701 4560 ἧδρασμένους
3737 4483 3826 4541 ἐπί

439 4574 662 4629 certam
697 4564 834 4624 doni
871 4583 1018 4644 pers-
1045 4566 1872 4647 verantiaui.Contingitenim
1906 4581 1962 4630 et
1985 4589 2087 4629 eos

2178 4589 2332 4639 τινος,
2366 4565 2524 4623 πάλιν
2555 4565 2886 4641 σαλευθῆναι,
2949 4571 3026 4644 μὴ
3095 4569 3274 4636 καλῶς
3303 4579 3370 4649 τῂ
3418 4574 3488 4642 τῆ
3528 4570 3827 4644 ἐδραιότητι

440 4654 542 4736 qui
587 4655 657 4744 .in
711 4653 906 4733 aliquo
962 4654 1292 4744 conﬁrmati
1350 4668 1485 4744 sunt
1551 4676 1782 4744 rursum
1829 4661 2085 4738 concuti,

2178 4656 2565 4736 κεχρημένους.
2612 4657 2826 4720 Τούτοις
2860 4655 2914 4712 δὲ
2959 4657 3118 4714 πάλιν
3167 4659 3399 4740 ἐπιφέρει
3443 4662 3526 4723 τό,
3565 4685 3591 4716 ιι
3628 4651 3829 4719 ιἘσται

443 4736 600 4816 quod
640 4753 756 4795 non
788 4744 947 4795 recte
983 4736 1068 4794 usi
1103 4736 1221 4795 sint
1254 4736 1952 4800 confirmationeJterum
1985 4736 2092 4800 au;

2178 4744 2291 4822 μεθ’
2335 4747 2490 4821 ἡμῶν
2522 4745 2677 4825 χάρις
2721 4748 2809 4802 καὶ
2870 4745 3039 4822 ἕλεος,
3090 4767 3119 4807 ι
3167 4736 3432 4830 ἐμφαίνων
3476 4752 3540 4806 τὰ
3597 4751 3702 4807 ἀπό
3730 4754 3830 4820 τῆς

445 4834 560 4884 tem
593 4831 720 4903 post
751 4825 877 4884 hinc
901 4823 1202 4902 subjungit
1236 4843 1249 4880 :
1295 4850 1316 4877 «
1343 4825 1461 4884 lirit
1484 4826 1792 4887 nobiscum
1823 4830 2005 4906 gratia
2039 4838 2096 4890 et

443 4911 853 4974 misericordia
879 4929 895 4971 :
924 4936 948 4966 »
974 4912 1291 4990 designans
1323 4932 1452 4992 quae
1483 4933 1514 4974 a
1547 4917 1808 4995 perfecta
1833 4918 2091 4979 charita-

443 5010 499 5062 te
532 5001 876 5062 exoriantur
899 4999 1126 5062 bona.A
1154 5000 1274 5061 Deo
1309 5012 1500 5061 autem
1538 5004 1704 5064 l’atre
1734 5005 1940 5068 dicens
1971 5017 2029 5067 et
2061 5026 2094 5067 a

445 5090 696 5151 Domino
740 5090 882 5150 Jesu
914 5089 1168 5162 Christo,
1204 5088 1532 5169 subjungit,
1578 5116 1598 5144 α
1628 5093 1774 5155 Filio
1809 5096 2000 5156 Patris
2035 5119 2090 5157 :a

446 5181 591 5242 Nam
647 5178 806 5239 solus
861 5178 958 5238 hic
1009 5179 1247 5258 proprie
1311 5181 1482 5241 l’ater
1513 5191 1620 5244 est.
1680 5181 1818 5246 Ideo
1852 5196 1909 5246 et
1940 5189 2096 5248 Pau-

447 5267 560 5340 lus,
600 5268 646 5328 A
677 5285 817 5346 quo,
870 5266 1082 5346 inquit,
1134 5267 1334 5328 omnis
1361 5288 1394 5330 a
1425 5272 1725 5332 communi
1773 5275 1944 5336 l’atre
1989 5297 2093 5336 co-

446 5358 640 5432 gnatio
672 5357 731 5422 in
765 5359 911 5418 coelo
945 5365 1002 5418 et
1033 5360 1089 5417 in
1123 5367 1277 5419 terra
1323 5362 1663 5424 nominatur
1693 5365 1763 5428 ει.
1802 5365 2095 5429 Rursum-

447 5463 562 5524 que
619 5445 924 5524 subjungit
958 5465 971 5507 ;
1011 5473 1033 5501 ιι
1061 5445 1124 5506 In
1177 5450 1418 5510 veritate
1450 5463 1505 5510 et
1537 5453 1847 5531 charitate,
1892 5483 1910 5510 ο
1962 5477 2098 5520 ser-

2176 4833 2378 4898 τελείας
2410 4834 2622 4913 ἀγάπης
2652 4833 2976 4894 ἐπανθοῦντα
3006 4835 3166 4900 καλοί,
3231 4837 3364 4896 ’Λπό
3421 4841 3552 4896 Θεοῦ
3610 4839 3664 4896 δὲ
3721 4847 3830 4897 Πα-

2178 4925 2297 5004 τρός
2354 4925 2528 5003 φήσας
2584 4925 2670 4980 καὶ
2725 4926 2866 5004 παρά
2939 4926 3125 5005 Κυρίου
3193 4929 3368 4995 Ἰησοῦ
3409 4929 3655 5009 Χριστῦυ,
3728 4928 3830 4986 ἐπ-

2175 5016 2346 5091 ήγαγε
2369 5012 2451 5092 τό,
2493 5036 2520 5067 α
2555 5015 2660 5071 Τοῦ
2693 5014 2812 5068 Υἱοῦ
2851 5020 2944 5070 τοῦ
2975 5017 3203 5095 Πατρός,
3242 5040 3270 5072 ι
3333 5017 3504 5082 Μόνος
3563 5020 3662 5098 γὰρ
3719 5040 3822 5074 κυ-

2177 5105 2297 5183 ρῖως
2355 5104 2502 5164 οὗτος
2560 5103 2763 5182 Πατήρ.
2815 5103 2907 5159 Διό
2957 5105 3043 5160 καὶ
3110 5105 3337 5182 Παῦλος,
3401 5107 3489 5173 Ἐξ
3554 5110 3615 5164 οὗ
3681 5115 3826 5166 πᾶσα

2176 5192 2392 5271 πατριά,
2465 5192 2643 5270 φησὶν,
2692 5191 2747 5247 ἐν
2799 5192 3003 5272 οὐρανῷ
3048 5197 3135 5252 καὶ
3194 5195 3279 5253 ἐπὶ
3319 5201 3425 5276 γῆς
3483 5198 3822 5272 ὀνομάζεται.

2182 5284 2278 5340 Καὶ
2345 5279 2504 5338 πάλιν
2574 5280 2627 5336 δὲ
2696 5281 2780 5356 τό,
2833 5305 2860 5336 α
2923 5280 3012 5340 Ἐν
3095 5284 3334 5362 ἀληθείᾳ,
3409 5287 3666 5367 ἐπιφέρει,
3738 5289 3829 5344 καὶ

2180 5373 2386 5450 ἀγάπῃ.
2429 5393 2452 5426 ιι
2501 5370 2790 5450 ἀσφαλειαν
2849 5375 2926 5447 τῷ
2981 5372 3127 5453 λόγῳ
3196 5383 3487 5456 περιποιῶν
3570 5380 3654 5434 xxi
3689 5379 3831 5458 γνώσ-

2183 5483 2342 5540 ριτμα
2374 5461 2439 5528 ἧς
2471 5481 2630 5540 φησιν
2675 5461 2915 5538 ἀγάπης.

448 5533 608 5592 moni
643 5534 983 5596 firmitatem
1013 5536 1338 5617 adducens,
1375 5549 1433 5600 et
1462 5553 1688 5602 certum
1721 5543 2007 5607 indicium
2043 5533 2347 5612 cher-italis
2377 5533 2502 5609 sive
2534 5533 2873 5610 dilectionis
2903 5568 3080 5631 quam
3112 5550 3278 5618 dicit.

529 5665 585 5714 ¹8
621 5667 752 5727 Act.
789 5683 890 5727 xx.
981 5665 1117 5729 1911
1154 5669 1305 5730 Pelr.
1336 5687 1394 5732 v.
1481 5672 1541 5723 9⁸)
1576 5677 1595 5736 ῐ
1628 5677 1800 5738 Joan.
1842 5696 1928 5760 ιη,
1964 5681 2062 5742 24.

2183 5683 2200 5724 ί
2235 5680 2451 5762 Ephes.
2487 5699 2572 5763 tu,
2607 5680 2704 5742 15.
