4106 6412
457 453 566 520 691

1587 450 1989 514 OECUMENII
2037 446 2332 510 TBICtL'E
2381 447 2714 510 EPISCOPI

3660 510 3662 513 .
3742 442 3858 506 692

457 585 615 664 quod
646 584 929 647 consistat
959 585 1018 646 in
1041 584 1402 647 ambulando
1418 582 1767 662 juxtaillud.
1802 582 2007 666 Neque
2037 584 2112 646 ob

2209 587 2326 643 αὐτὰ
2393 584 2651 666 στρέφων,
2701 586 2797 642 Καὶ
2840 582 2924 640 διὰ
2982 585 3079 660 μὲν
3138 585 3232 652 τῆς
3296 584 3512 661 ἀγάπης
3572 583 3633 638 τὸ
3697 579 3854 636 ἀδιά-

455 674 631 736 aliam
663 693 900 736 causam
934 674 1059 754 jam
1108 673 1246 734 olim
1271 673 1342 734 ab
1372 673 1542 734 initio
1567 673 1767 733 datum
1798 673 1906 734 fuit
1959 693 2112 755 prte-

457 772 716 844 ceptum,
752 763 966 844 inquit,
1001 763 1114 824 nisi
1147 771 1210 823 ut
1238 761 1298 824 in
1319 762 1422 823 illo
1447 761 1830 824 ambularetis
1874 781 1979 842 per
2009 783 2114 824 su-

459 851 692 933 periora
721 861 780 914 et
833 851 1119 914 inferiora
1167 851 1372 913 eadem
1414 868 1662 913 versans
1685 869 1758 912 ac
1778 853 2110 915 revolvens:

455 943 675 1004 609et
705 960 814 1022 per
846 941 1196 1004 charitatem
1223 941 1464 1019 quidem
1498 940 1757 1001 suadens
1787 940 1933 1021 ipsis
1962 941 2114 1003 inse-

459 1029 916 1110 parabilitatem,
949 1039 1008 1092 et
1038 1049 1112 1091 ne
1161 1029 1233 1090 ad
1283 1029 1634 1090 seductores
1689 1029 2112 1112 avellerentur,

457 1119 558 1200 qui
576 1121 700 1200 jam
729 1122 785 1180 in
813 1119 1034 1181 mundo
1061 1119 1466 1194 ambulabant,
1501 1125 1557 1178 et
1590 1118 1826 1180 Domini
1858 1138 1964 1200 per
1987 1138 2114 1182 car-

457 1225 594 1270 nem
626 1207 944 1270 adventum
976 1206 1387 1288 repellebant:
1426 1225 1534 1284 per
1581 1208 1694 1268 hoc
1729 1214 1923 1270 autem
1957 1209 2114 1289 quod

459 1297 770 1360 ambulare
825 1306 1025 1359 monet
1067 1298 1235 1377 juxta
1283 1296 1518 1358 Domini
1558 1304 1922 1376 praeceptum
1955 1298 2113 1379 quod

462 1385 574 1447 fuit
600 1385 675 1448 ab
707 1386 898 1458 initio,
927 1404 1244 1448 erroneam
1275 1404 1408 1448 esse
1439 1385 1821 1448 manifestans
1871 1385 2112 1449 haereti-

462 1492 666 1537 corum
699 1473 1039 1556 Opinionem
1076 1493 1206 1553 quae
1263 1493 1477 1535 recens
1525 1487 1617 1536 est
1651 1495 1666 1535 :
1711 1482 1770 1535 et
1794 1476 2114 1538 exhortans

461 1571 526 1625 ut
551 1571 909 1644 praceptum
933 1563 1358 1644 amplectentes
1379 1563 1534 1644 quod
1566 1563 1672 1624 fuit
1693 1563 1766 1627 ab
1790 1563 2108 1637 initio,non

462 1651 903 1716 abducerentur
926 1652 1131 1715 fraude
1164 1650 1574 1716 illorum.Nam
1608 1661 1666 1714 et
1690 1651 1956 1716 Christus
1979 1654 2108 1716 dis-

462 1741 675 1824 cipulis
732 1742 808 1804 de
860 1743 954 1804 his
1013 1742 1428 1805 seductoribus
1492 1742 1795 1823 praecepit,
1857 1743 2106 1826 dicens;

467 1853 495 1892 (
531 1831 698 1896 Multi
727 1834 968 1895 venient
996 1833 1239 1894 nomine
1293 1851 1449 1907 meo,
1480 1832 1750 1895 dicentes
1786 1851 1798 1896 :
1828 1832 1948 1913 Ego
1979 1853 2112 1896 sum

2199 695 2428 730 σπαστον
2500 673 2681 739 αὐτοῖς
2737 673 3192 751 προμηθούμενος,
3270 673 3357 727 καὶ
3421 671 3498 747 μὴ
3556 671 3686 749 πρὸς
3735 669 3854 734 τοὺς

2199 762 2427 828 πλάνους
2470 764 2871 844 ἀποσχίζεσθαι,
2918 763 3036 828 τοὺς
3078 760 3182 830 ἤδη
3241 761 3295 818 ἐν
3349 766 3424 834 τῷ
3479 760 3666 833 κόσμῳ
3694 778 3853 836 περι-

2197 859 2518 932 πατοῦντας,
2575 855 2666 910 καὶ
2748 853 2845 920 τὴν
2931 849 3014 906 διὰ
3107 853 3299 930 σαρκὸς
3407 847 3692 924 ἐπιδημίαν
3760 856 3854 905 τοῦ

2198 943 2384 1021 Κυρίου
2442 943 2774 1005 ἀθετοῦντας.
2855 941 2952 996 Διά
3035 937 3089 995 δὲ
3139 947 3231 996 τοῦ
3317 937 3503 1017 Κυρίου
3574 936 3710 992 κατά
3753 935 3852 1002 τὴν

2197 1029 2416 1099 ἐντολὴν
2467 1043 2792 1087 πεπιπατεϊν
2863 1029 2962 1096 τὴν
3044 1025 3135 1084 ἀπ’
3208 1029 3406 1108 ἀρχῆς,
3481 1027 3578 1092 τὴν
3638 1022 3852 1080 πεπλα-

2197 1120 2436 1196 νημένην
2478 1122 2584 1175 τῶν
2655 1119 3016 1198 αἶρετιζόντων
3077 1115 3230 1181 δόξαν
3312 1116 3609 1192 ἐμφανίζων
3677 1115 3849 1192 πρόσ-

2197 1230 2358 1289 φατον
2404 1211 2582 1282 οὖσαν,
2635 1210 2722 1265 καὶ
2777 1205 3098 1286 παρακαλῶν
3130 1211 3221 1273 τῆς
3264 1203 3358 1261 ἀπ’
3411 1207 3586 1284 ἀρχῆς
3633 1200 3850 1270 ἐντολῆς

2198 1299 2382 1362 αὐτοὺς
2442 1298 2756 1379 ἐχομένους,
2833 1296 2911 1372 μὴ
2967 1296 3255 1374 ὑπάγεσθαι
3305 1300 3374 1371 τῇ
3417 1294 3595 1370 ἀπάτῃ
3659 1292 3848 1352 αὖτών,

2196 1389 2297 1446 Καὶ
2340 1388 2438 1467 γὰρ
2506 1385 2798 1444 ἐνετείλατο
2870 1388 2897 1442 6
2971 1386 3190 1464 Χριστὸς
3246 1397 3364 1446 τοῖς
3418 1386 3689 1458 μαθηταῖς
3735 1383 3852 1460 περὶ

2195 1483 2299 1533 τῶν
2369 1475 2583 1535 πλάνων
2641 1476 2863 1554 τούτων,
2926 1472 3098 1552 λέγων
3129 1489 3143 1506 ⁸
3200 1493 3224 1528 α
3278 1470 3475 1530 Πολλοι
3547 1470 3851 1527 ἐλεύσονται

2193 1567 2278 1623 ἐπὶ
2331 1573 2407 1641 τῷ
2457 1565 2676 1641 ὀνόματί
2731 1585 2857 1639 μου.
2915 1561 3162 1640 λέγοντες
3209 1575 3226 1594 ⁵
3292 1559 3436 1639 Ἐγὼ
3493 1561 3599 1635 εἶμι
3655 1561 3682 1614 6
3726 1564 3852 1637 Χρι-

2193 1658 2340 1735 στὸς,
2387 1658 2474 1711 καὶ
2540 1652 2768 1716 πολλοὺς
2839 1651 3194 1722 πλανήσουσι.
3221 1671 3250 1711 ι
3326 1651 3416 1718 Μὴ
3488 1652 3576 1706 οὖν
3647 1668 3846 1726 πορευ-

2192 1748 2319 1812 θῆτε
2363 1744 2533 1801 ὁπίσω
2561 1745 2752 1804 αὐτῶν,
2794 1765 2817 1798 ι
2857 1741 3060 1804 Ταύτας
3121 1741 3234 1815 οὖν,
3291 1741 3445 1820 φησὶ,
3475 1739 3572 1801 τὰς
3629 1735 3848 1798 ἐντολὰς

2195 1835 2504 1913 τηροῦντας,
2577 1831 2777 1888 κελεύει
2848 1830 2926 1905 μὴ
2980 1829 3299 1902 ἀπατᾶσθαι,
3349 1825 3485 1883 ἀλλά
3540 1826 3633 1881 τὸν
3688 1831 3852 1880 ταῦτα

463 1921 756 1999 Christus,
789 1930 850 1984 et
879 1922 1096 1984 multos
1127 1922 1436 1984 seducent.
1462 1923 1548 1984 Ne
1579 1941 1722 2002 ergo
1775 1923 2110 2005 sequamini

2209 1923 2436 2001 Ιιέγοντα,
2465 1920 2827 2002 Ἀντίχριστον
2859 1922 3129 1998 ἡγεισθαι-

461 2010 596 2073 illos
623 2011 702 2073 ⁸⁵.
739 2036 762 2068 n
799 2013 937 2074 Haec
965 2011 1164 2092 itaque
1193 2019 1494 2093 praecepta
1523 2002 2100 2095 servantem—inquit,
2141 2011 2315 2093 jubet
2364 2029 2440 2072 ne
2471 2007 2871 2090 seducamini,
2901 2007 3004 2069 sed
3034 2025 3169 2070 eum
3201 2005 3301 2089 qui
3350 2004 3468 2067 ista
3512 2003 3658 2066 delit
3688 2002 3848 2064 anti-

461 2102 750 2163 cbristum
784 2101 1156 2164 existimetis.

547 2192 594 2266 Ι,
625 2192 793 2254 7-11,
821 2192 939 2254 Hic
964 2198 1052 2254 est
1081 2191 1364 2254 seductor
1392 2199 1448 2254 et
1470 2191 2113 2267 antichristus,lntue-

462 2282 622 2343 mini
641 2285 1016 2360 vosipsos,ne
1040 2280 1358 2358 perdamus
1379 2299 1510 2360 qua:
1522 2282 1760 2362 operati
1771 2299 1901 2342 sum
1911 2282 2118 2354 us,sed

463 2377 531 2432 ut
557 2370 888 2432 mercedem
915 2368 1159 2448 plenam
1181 2371 1788 2450 recipiamus.0mnis
1810 2372 1916 2452 qui
1935 2379 2115 2432 tran-

461 2459 766 2539 sgreditur
791 2467 854 2521 et
881 2477 1004 2521 non
1027 2467 1231 2522 manet
1254 2462 1318 2522 in
1340 2460 1612 2522 doctrina
1647 2462 1891 2542 Christi,
1926 2461 2116 2522 Deum

465 2566 591 2610 non
617 2547 957 2624 habet.Qui
986 2555 1189 2611 manet
1221 2549 1286 2610 in
1308 2549 1595 2610 doctrina
1630 2551 1885 2623 Christi,
1937 2551 2034 2612 hic
2063 2557 2117 2612 et

468 2638 717 2700 Patrem
744 2645 802 2700 et
834 2637 1058 2699 Filium
1087 2636 1282 2700 habet.
1311 2636 1385 2699 Si
1405 2640 1538 2716 quis
1585 2640 1752 2700 venit
1781 2639 1864 2700 ad
1893 2656 2016 2714 vos,
2061 2647 2118 2701 et

465 2727 622 2788 hanc
641 2725 984 2788 doctrinam
1013 2744 1135 2788 non
1165 2727 1372 2805 affert,
1407 2743 1480 2787 ne
1508 2729 1818 2808 recipiatis
1871 2745 2009 2790 eum
2051 2733 2118 2789 in

465 2816 732 2893 domum,
767 2833 874 2878 nec
889 2817 1016 2878 Ave
1044 2817 1101 2878 ei
1125 2816 1435 2879 dixeritis.
1471 2815 1596 2892 Qui
1627 2820 1790 2879 enim
1819 2817 1965 2880 dicit
1994 2817 2112 2896 illi,

466 2907 614 2982 Ave,
647 2906 1051 2968 communicat
1080 2905 1364 2986 operibus
1392 2907 1522 2986 ejus
1550 2907 1751 2971 malis.

557 3108 583 3140 α
617 3083 728 3146 Hic
783 3091 874 3146 est
921 3083 1202 3146 seductor
1231 3091 1290 3146 et
1318 3085 1725 3150 antichristus.
1783 3111 1805 3145 ι)
1844 3086 1991 3152 Cum
2025 3088 2120 3150 his

469 3173 950 3236 subaudiendum
976 3173 1146 3236 estad
1179 3173 1589 3254 perfectiorem
1614 3176 2112 3258 eXplanationem,

469 3262 581 3336 Qui
633 3281 773 3339 ergo
821 3263 946 3324 haec
996 3281 1114 3324 non
1171 3249 1505 3338 confitetur,
1564 3289 1590 3320 ι
1629 3249 1930 3328 υίάεθὶιε
1971 3249 2114 3329 sub;

2209 3249 2312 3325 ι’ος
2371 3261 2458 3318 οὖν
2503 3262 2580 3337 μη
2622 3261 2784 3318 ταῦτα
2862 3259 3145 3338 ὁμολογεῖ,

464 3355 784 3432 jungatur,
824 3375 846 3408 ι
883 3351 990 3414 Hic
1050 3361 1142 3416 est
1192 3353 1470 3416 seductor
1508 3363 1568 3416 et
1615 3357 2034 3418 Antichristus.
2086 3382 2113 3413 ι

471 3440 618 3502 Nam
649 3440 872 3521 absque
910 3441 1058 3522 hoc,
1113 3441 1542 3523 incompositus
1600 3451 1658 3506 et
1712 3444 2124 3525 independens

473 3530 583 3590 erit
617 3548 836 3604 sermo,
873 3547 1086 3612 nempe
1115 3548 1185 3592 ex
1214 3531 1426 3612 plurali
1463 3532 1758 3596 transiens
1807 3535 1877 3594 ad
1911 3534 2121 3614 singu—

473 3619 619 3680 lare.
653 3618 762 3681 Hic
811 3627 922 3692 est,
969 3618 1184 3699 inquit,
1243 3620 1648 3684 Antichristus
1703 3632 1760 3684 et
1817 3627 2120 3686 seductor.

473 3708 738 3770 Dicendo
767 3715 988 3774 autem.
1018 3708 1129 3782 Qui
1159 3728 1276 3771 non
1301 3711 1661 3773 confitentur
1690 3715 1886 3776 Jesum
1919 3712 2128 3776 Chris-

474 3809 598 3860 tum
625 3798 828 3860 venire
859 3799 920 3860 iu
951 3817 1152 3874 carne,
1183 3818 1300 3860 non
1331 3809 1528 3864 autem
1559 3802 1814 3874 venisse,
1844 3804 2126 3865 manifes-

472 3897 554 3949 tat
575 3906 638 3950 se
671 3907 775 3950 eos
806 3888 1008 3950 dicere
1033 3889 1133 3969 qui
1159 3891 1488 3951 secundum
1543 3891 1776 3954 Domini
1810 3891 2125 3954 adventum

471 3977 772 4059 repellunt
805 3995 818 4040 :
853 3978 1088 4059 quando
1119 3979 1359 4058 quidem
1417 3980 1543 4060 ipse
1596 3980 1772 4041 etiam
1815 3980 2124 4064 Dominus,

473 4067 679 4128 dicens
710 4085 725 4128 :
766 4065 968 4128 «Multi
996 4066 1236 4131 venient
1263 4067 1504 4130 nomine
1532 4088 1688 4131 meo.
1726 4090 1843 4132 non
1892 4071 1967 4132 de
1999 4071 2126 4151 pri-

475 4175 571 4217 mo
603 4155 746 4218 dicit
791 4155 1069 4231 adventu,
1101 4158 1206 4220 sed
1237 4157 1312 4219 de
1363 4158 1628 4220 secundo
1687 4159 1961 4221 Attamen
1995 4177 2128 4223 vera

473 4246 704 4307 ratione
729 4245 829 4326 qui
862 4245 1193 4308 secundum
1239 4247 1579 4328 reprobant,
1633 4249 1810 4310 etiam
1871 4250 2128 4330 primum

477 4334 779 4414 rejiciunt.
807 4333 953 4396 Nam
986 4335 1033 4396 si
1068 4335 1157 4396 his
1189 4336 1290 4416 qui
1320 4336 1378 4396 in
1412 4354 1590 4398 carne
1622 4337 1786 4398 venit
1816 4338 1992 4399 etiam
2027 4357 2127 4400 se-

476 4424 740 4486 cundum
771 4424 1090 4486 adventum
1121 4425 1412 4505 promisit.
1443 4425 1646 4506 utique
1675 4426 1774 4508 qui
1801 4426 2126 4490 secundum

477 4511 768 4594 promisit,
821 4511 1026 4594 utique
1071 4513 1172 4594 qui
1209 4515 1536 4576 secundum
1571 4515 1834 4596 repellit,
1868 4517 2128 4598 primum

478 4621 715 4685 quoque
758 4603 953 4683 rejicit
988 4625 1001 4663 :
1036 4603 1085 4666 si
1115 4604 1276 4666 enim
1309 4605 1502 4667 credit
1555 4605 1894 4686 advenisse,
1951 4606 2126 4667 etiam

2153 4654 2196 4704 D

2288 2213 2311 2247 ι
2350 2191 2513 2255 Οὗτός
2566 2190 2705 2247 ἐστιν
2749 2193 2776 2247 ὁ
2827 2189 3025 2255 πλάνος
3085 2189 3172 2246 καὶ
3227 2189 3256 2244 6
3303 2187 3657 2266 ἀντίχριστος,
3713 2179 3852 2238 Βλέ-

2199 2303 2326 2339 πετε
2411 2283 2647 2356 ἑαυτοὺς,
2748 2283 2826 2355 μὴ
2925 2281 3273 2356 ἀπολέσωμεν
3363 2277 3396 2334 ἃ
3477 2274 3852 2356 είργασάμεθα,

2197 2369 2334 2431 ἀλλὰ
2417 2373 2600 2448 μισθὸν
2658 2369 2839 2450 πλήρη
2915 2369 3291 2445 ἀπολάϐωμεν.
3381 2373 3489 2430 Πᾶς
3567 2368 3596 2422 6
3673 2385 3852 2437 παρα-
3899 2364 3924 2379 “

2197 2457 2391 2515 ϐαίνων
2434 2461 2522 2516 καὶ
2585 2460 2662 2535 μὴ
2727 2459 2899 2535 μένων
2970 2459 3024 2516 ἐν
3092 2465 3162 2536 τῇ
3216 2455 3414 2534 διδαχῇ
3457 2464 3550 2514 τοῦ
3594 2459 3846 2532 Χριστοῦ,

2201 2549 2328 2604 Θεὸν
2381 2547 2475 2605 οὒκ
2530 2546 2672 2628 ἔχει.
2769 2558 2808 2605 0
2861 2547 3035 2624 μένων
3078 2546 3132 2603 ἐν
3175 2552 3242 2623 τῇ
3293 2543 3487 2624 διδαχῇ
3549 2548 3640 2598 τοῦ
3721 2549 3854 2620 Χρι-

2201 2647 2344 2710 στοῦ,
2396 2636 2544 2701 οὗτος
2579 2638 2787 2694 καὶτὸν
2818 2637 3023 2716 Πατέρα
3051 2636 3139 2692 καὶ
3185 2637 3276 2691 τὸν
3331 2636 3452 2690 Υἱὸν
3495 2631 3635 2712 ἔχει.
3673 2628 3739 2687 Ei'
3770 2650 3850 2695 τις

2201 2725 2412 2806 ἔρχεται
2444 2728 2572 2806 πρὸς
2615 2729 2774 2802 ὑμᾶς,
2810 2728 2896 2782 καὶ
2937 2729 3135 2792 ταύτην
3179 2722 3411 2802 διδαχὴν
3455 2721 3512 2779 οὔ
3556 2720 3722 2801 φέρει,
3770 2721 3848 2794 μὴ

2198 2813 2492 2891 λαμϐάνετε
2523 2817 2678 2872 αὐτὸν
2709 2817 2781 2878 εἶς
2807 2816 2972 2871 οἰκίαν
3016 2817 3180 2888 αὐτῷ,
3227 2813 3314 2869 καὶ
3351 2811 3554 2891 χαίρειν
3599 2810 3739 2882 αὐτῷ
3770 2808 3848 2882 μὴ

2200 2902 2401 2982 λέγετε.
2442 2895 2497 2962 l0
2530 2905 2627 2983 γὰρ
2657 2903 2830 2983 λέγων
2861 2903 3064 2984 χαίρειν
3093 2913 3458 2965 κοινωνεϊτοτς
3489 2897 3660 2979 ἔργοις
3691 2896 3850 2956 αὐτοῦ

2197 3005 2314 3055 τοτς
2344 3008 2625 3071 πονηροῖς,
2665 3017 2688 3051 ι

2285 3105 2314 3136 ι
2346 3084 2509 3146 Οὗτός
2541 3083 2682 3140 ἐστιν
2729 3085 2758 3139 6
2787 3081 2983 3149 πλάνος
3009 3083 3098 3138 καὶ
3128 3082 3156 3136 6
3186 3079 3544 3160 ἀντίχριστος,
3586 3101 3613 3134 ι
3672 3083 3847 3157 Προσ-

2199 3171 2550 3229 υπακουστέον
2623 3173 2822 3236 τούτοις
2894 3173 2966 3236 εἷς
3025 3168 3386 3248 ἐντελεστέραν
3439 3167 3691 3247 δήλωσιν,
3757 3168 3842 3237 τὸ,

3259 3257 3284 3313 ⁶ί
3291 3280 3352 3313 να
3423 3257 3695 3337 εὐστόχως
3749 3258 3851 3311 ἐπ-

2206 3351 2423 3428 άγηται,
2479 3373 2499 3404 ι
2539 3352 2701 3414 Οὗτός
2733 3350 2871 3406 ἐστιν
2904 3352 2930 3406 6
2973 3349 3168 3413 πλάνος
3190 3349 3278 3404 καὶ
3320 3349 3348 3402 6
3381 3346 3771 3426 Ἀντίχριστος.
3810 3367 3836 3400 ι

2204 3441 2369 3518 χωρὶς
2398 3440 2497 3519 γὰρ
2539 3440 2723 3497 τούτου
2772 3439 3125 3516 ἀσυνάρτητος
3171 3439 3198 3493 6
3268 3434 3450 3514 λόγος,
3509 3437 3582 3500 ὡς
3611 3433 3850 3501 πληθυν-

2203 3535 2352 3584 τικοῦ
2438 3530 2508 3592 εἷς
2569 3527 2740 3584 ἐνικόν
2794 3524 3141 3604 μεταϐαίνων.
3189 3525 3351 3588 Οὗτός
3420 3526 3554 3599 ἐστι,
3611 3525 3768 3605 φησὶν
3826 3524 3855 3578 6

2207 3615 2570 3698 Ἀντίχριστος
2597 3619 2686 3675 καὶ
2716 3620 2744 3674 6
2787 3616 3009 3681 πλάνος.
3058 3616 3234 3672 Εἰπὼν
3295 3613 3374 3693 δὲ,
3432 3615 3478 3670 οἱ
3535 3615 3613 3690 μὴ
3647 3611 3854 3688 ὁμολο-

2211 3713 2423 3784 γοῦντες
2509 3705 2713 3774 Ἰησοῦν
2780 3709 2999 3786 Χριςτὸν
3043 3705 3334 3786 ἐρχόμενον
3403 3703 3456 3760 ἐν
3515 3706 3688 3781 σαρκὶ,
3735 3702 3856 3760 ἀλλ’

2212 3799 2305 3855 οὐκ
2335 3795 2573 3872 ἐλθόντα,
2635 3796 2976 3876 ἐμφαίνοντός
3022 3794 3184 3858 ἐστιν,
3245 3795 3318 3857 ὡς
3375 3795 3496 3859 τοὺς
3552 3795 3859 3858 ἀθεεοῦντας

2210 3882 2351 3962 λέγει
2410 3885 2506 3952 τὴν
2563 3883 2802 3964 δευτέραν
2859 3894 2951 3943 τοῦ
2997 3884 3181 3964 Κυρίου
3232 3883 3538 3961 παρουσίαν,
3616 3882 3728 3938 ἐπεὶ
3771 3883 3860 3938 καὶ

2209 3974 2363 4036 αὑτὸς
2395 3975 2423 4029 6
2485 3974 2667 4051 Κύριος
2717 3973 2911 4052 λέγων,
2965 3994 2989 4028 ιι
3056 3971 3247 4028 Πολλοὶ
3304 3971 3601 4028 ἐλεύσονται
3657 3972 3742 4028 ἐπὶ
3784 3974 3864 4045 τῷ

2209 4061 2427 4137 ὀνόματί
2457 4085 2556 4137 μου
2605 4086 2728 4138 μου,
2768 4085 2792 4119 v
2843 4063 2902 4120 οὖ
2956 4063 3199 4142 περὶτῆς
3247 4063 3461 4141 πρώτης
3519 4066 3674 4120 αὺτοῦ
3729 4082 3863 4140 φησι

2211 4151 2518 4231 παρουσίας,
2589 4151 2725 4210 ἀλλὰ
2779 4154 2896 4231 περὶ
2951 4157 3049 4219 τῆς
3106 4148 3366 4230 δευτέρας.
3432 4143 3608 4228 Ὀμως
3666 4151 3861 4219 ἀληθεῖ

2211 4239 2357 4319 λόγῳ
2411 4241 2456 4296 οἱ
2504 4240 2603 4308 τὴν
2659 4239 2900 4320 δευτέραν
2978 4241 3301 4314 ἀθετοῦντες,
3356 4243 3444 4298 καὶ
3499 4243 3596 4310 τήν
3639 4244 3858 4322 πρώτην

2212 4327 2624 4404 ἀποϐάλλονται,
2655 4333 2713 4388 Εἰ
2747 4335 2857 4410 ’γὰρ
2914 4333 2942 4388 ὃ
2998 4331 3052 4387 ἐν
3110 4332 3260 4408 σαρκὶ
3302 4334 3727 4410 παραγενόμενος
3773 4333 3862 4389 καὶ

2211 4419 2308 4486 τὴν
2378 4416 2620 4498 δευτέραν
2691 4420 3069 4498 ἐπηγγείλατο,
3117 4421 3328 4484 πάντως
3380 4425 3408 4478 6
3465 4423 3563 4489 τὴν
3621 4421 3862 4501 δευτέραν

2215 4507 2434 4583 ἀθετῶν,
2509 4511 2605 4565 παὶ
2658 4510 2756 4576 τὴν
2813 4511 3027 4589 πρώτην
3086 4510 3289 4572 ἀθετεῖ,
3351 4513 3409 4569 Εἰ
3459 4513 3558 4591 γὰρ
3631 4515 3864 4567 πιστεύει

2213 4598 2664 4678 παραγενόμενον,
2695 4600 2782 4654 καὶ
2830 4601 2927 4667 τὴν
2980 4597 3298 4676 ἐπαγγελίαν
3353 4601 3547 4668 πιστὴν
3602 4601 3863 4679 ἡγήσεται

476 4689 937 4773 promissionem
992 4691 1370 4754 existimebat
1420 4700 1642 4766 certam
1681 4711 1816 4755 esse
1847 4693 2008 4756 illius
2030 4691 2120 4773 qui

2213 4692 2306 4742 τοῦ
2373 4687 2816 4766 παραγενομένου,
2877 4691 2935 4746 Εἰ
2992 4687 3046 4744 δὲ
3116 4690 3212 4755 τὴν
3257 4688 3600 4770 ἐπαγγελίαν,
3659 4692 3859 4767 ἀθετεῖ,

478 4781 718 4843 advenit
769 4800 784 4842 :
845 4781 987 4842 6l0
1037 4780 1191 4862 quod
1243 4782 1294 4842 si
1352 4780 1808 4862 promissionem
1875 4784 2126 4863 spernit,

481 4870 643 4932 nulla
677 4871 906 4932 ratione
937 4870 1056 4932 dici
1107 4878 1298 4951 potest
1328 4871 1484 4952 quod
1519 4871 1608 4933 vel
1659 4873 1850 4951 primo
1906 4873 2128 4934 credat.

477 4963 804 5041 Propterea
834 4960 1045 5041 opinor
1075 4979 1216 5021 usus
1245 4969 1335 5022 est
1359 4962 1472 5022 hoc
1501 4979 1645 5023 voce
1665 4961 1918 5023 dilectus
1949 4961 2133 5023 disci-

481 5051 655 5131 pulus
681 5050 938 5113 dicendo
967 5049 1210 5133 Venire,
1246 5070 1364 5111 non
1419 5049 1763 5123 Venisse,ut
1818 5060 2134 5132 utrumque

484 5139 719 5204 Domini
742 5141 802 5201 in
834 5158 1016 5202 carne
1046 5141 1365 5202 adventum
1400 5149 1684 5221 negantes
1728 5143 2133 5220 comprehen-

480 5229 671 5293 deret.
700 5231 988 5312 Praacepit
1033 5250 1174 5311 ergo
1219 5231 1364 5311 ipsis
1387 5240 1450 5292 ut
1477 5237 1721 5292 caveant
1773 5230 1845 5292 ab
1877 5230 1993 5293 illis
2030 5252 2042 5294 :
2079 5239 2136 5292 et

481 5337 716 5381 causam
748 5319 912 5382 addit
943 5337 959 5383 :
1001 5319 1087 5382 Ne
1144 5320 1529 5397 adhaerendo,
1567 5319 1780 5401 inquit,
1845 5321 1965 5382 illis
1997 5337 2136 5401 per-

481 5407 634 5471 datis
656 5425 727 5469 ea
755 5427 887 5490 quae
945 5409 1106 5490 prius
1146 5410 1372 5490 operati
1423 5410 1584 5482 estis,
1653 5409 1756 5471 sed
1800 5409 2136 5473 mercedem

482 5508 738 5560 vestram
793 5499 1030 5579 plenam
1078 5497 1304 5580 absque
1361 5499 1482 5563 ullo
1515 5499 1749 5559 defectu
1807 5499 2134 5580 accipiatis.

484 5586 600 5650 Sed
658 5587 924 5649 fortassis
973 5589 1134 5650 dicet
1170 5588 1462 5670 quispiam
1509 5587 1579 5648 3‘
1609 5586 1866 5648 talibus:
1903 5588 2055 5662 Quid
2089 5589 2138 5650 si
2223 5587 2473 5643 τοιούτων
2520 5603 2535 5617 ·

565 5765 629 5820 ﬂ
656 5767 832 5833 lare.
865 5784 969 5848 xu,
1003 5767 1039 5828 6
1075 5789 1092 5850 ;
1126 5770 1272 5831 Luc.
1306 5784 1428 5842 xxi,
1465 5770 1523 5830 8.

2217 4773 2379 4839 οὐδεὶς
2450 4775 2608 4854 λόγος
2651 4776 2786 4852 μηδέ
2829 4779 2926 4846 τὴν
2968 4778 3186 4856 πρώτην
3244 4777 3399 4834 αὐτὸν
3443 4779 3718 4842 ἀπιστεῖν.
3767 4782 3866 4836 Διὰ

2219 4874 2370 4923 τοῦτο
2414 4871 2568 4943 οἶμαι
2601 4869 2765 4931 οὕτως
2811 4869 3081 4948 ἐχρήσατο
3137 4874 3202 4945 τῇ
3259 4874 3409 4947 φωνῇ
3450 4871 3617 4945 ταύτῃ
3648 4872 3675 4925 ὑ
3718 4871 3862 4947 ἠγα-

2219 4957 2482 5037 πημένος,
2529 4957 2855 5038 Ἐρχόμενον
2911 4959 3092 5032 εἰπὼν,
3155 4956 3272 5012 ἀλλ’
3331 4959 3424 5014 οὐκ
3467 4955 3742 5041 Ἐλθόντα,
3775 4961 3867 5016 ’ἕνα

2217 5046 2336 5108 τοὺς
2421 5047 2720 5128 ἀμφοτέρας
2799 5048 3144 5128 ἀρνουμένους
3227 5048 3322 5110 τὰς
3413 5051 3696 5124 παρουσὶας
3774 5058 3868 5107 τοῦ

2222 5136 2405 5212 Κυρίου
2461 5139 2554 5203 τὰς
2601 5137 2653 5192 ἐν
2712 5141 2882 5217 σαρκὶ,
2961 5134 3244 5216 περιλάϐῃ.
3336 5138 3728 5195 Διαστέλλεται’
3780 5141 3868 5196 οὖν

2220 5225 2401 5291 αὐτοῖς
2433 5225 2778 5306 φυλάττεσθαι
2824 5225 2916 5283 ἀπ’
2975 5229 3142 5283 αὐτῶν
3203 5228 3288 5282 καὶ
3343 5228 3402 5282 τὸ
3453 5227 3632 5285 αἴτιον
3694 5252 3865 5308 προσ-

2218 5313 2444 5390 τίθησιν,
2475 5315 2566 5372 ἵνα
2597 5319 2672 5392 μή
2717 5340 2846 5396 φησι
2905 5315 2988 5374 διὰ
3057 5321 3154 5382 τῆς
3213 5316 3342 5393 πρὸς
3400 5320 3583 5380 αὐτοὺς
3642 5320 3867 5399 ἀνακρά-

2223 5424 2378 5478 σεως,
2455 5404 2753 5474 ἀπολέσητε
2811 5405 2844 5461 ἂ
2925 5407 3357 5485 προειργάσασθε,
3420 5405 3554 5464 ἀλλὰ
3610 5408 3871 5481 ἀνελλιπῆ

2221 5496 2312 5549 τὸν
2368 5499 2554 5570 μισθὸν
2605 5499 2749 5572 ὑμῶν
2806 5493 3025 5562 λάϐητε.
3077 5493 3223 5552 Ἀλλ’
3282 5494 3415 5560 ἴσως
3471 5499 3585 5576 ἐρεῖ
3650 5522 3725 5565 τις
3766 5509 3870 5557 τῶν

2593 5590 2653 5645 Τί
2704 5585 2758 5644 δὲ
2817 5591 2860 5644 εί
2892 5590 2968 5664 μὴ
2995 5588 3093 5656 τὴν
3125 5587 3408 5666 παρουσίαν
3465 5591 3728 5647 πιστεύσω
3781 5595 3876 5649 τοῦ
