4106 6476
392 444 509 512 613

1436 447 1834 514 COMMENT.
1882 445 1965 507 IN
2013 443 2260 509 EPIST.
2306 445 2361 507 II
2402 445 2738 509 JOANNIS.

3656 436 3774 503 694

393 583 617 658 Χριστοῦ
667 581 768 650 τὴν
821 581 876 640 ἂν
918 583 1098 662 σαρκὶ,
1155 579 1237 640 διὰ
1281 579 1333 638 δὲ
1376 580 1718 661 ἇγαθοεργίας
1766 579 1947 656 βιώσω
1990 578 2029 634 οἱ

2131 594 2250 637 non
2284 575 2599 640 credidero
2629 576 2846 640 Christi
2876 577 2936 639 in
2967 595 3148 640 carne
3169 572 3578 649 adventum,in
3597 571 3776 636 bonis

391 664 612 745 δύναμαι
654 667 738 727 διὰ
794 677 899 728 τῶν
941 670 1108 750 ἔργων
1163 671 1362 728 τούτων
1419 670 1554 747 μετὰ
1608 669 1715 727 τῶν
1757 665 2033 725 εὐσεϐούν-

393 778 498 815 των
568 761 939 840 συντετάχθαι,
1012 757 1129 817 οὔδε
1175 762 1266 816 τὶν
1318 760 1447 838 ὑπὲρ
1501 758 1697 817 τούτων
1742 754 2033 814 ἀπολαϐεῖν

394 845 629 929 μισθόνς
684 851 890 927 Ταύτην
951 851 1051 917 τὴν
1094 850 1349 907 ἀντίθεσιν
1404 854 1736 929 προαναιρῶν
1795 849 1824 903 6
1892 846 2033 903 ἀπό-

393 935 581 1000 στολος
626 936 791 993 οῧτων
846 940 1027 1019 φησὶν,
1088 937 1167 994 ὅτι
1231 936 1424 1006 Μηδεὶς
1481 937 1685 1012 οἰέσθω,
1747 939 1775 993 6
1822 936 1921 1004 τὴν
1979 935 2032 991 ἐν

394 1027 544 1103 σαρκὶ
613 1024 893 1101 ἐπιδημίαν
941 1034 1033 1084 τοῦ
1092 1028 1277 1106 Κυρίου
1329 1027 1527 1084 ἀθετῶν
1588 1027 1661 1091 ὼς
1718 1024 1926 1083 δόναναι
1995 1024 2031 1093 ἢ

392 1112 557 1193 ἔργων
614 1113 839 1190 ἀμοιϐὴν
894 1113 1176 1173 ἀθολαόετν
1241 1114 1446 1173 τελείαν
1499 1113 1616 1183 ἥτις
1674 1117 1763 1172 καὶ
1818 1130 2031 1179 πιστοις

391 1202 745 1282 ἔποφείλεται,
784 1204 821 1274 ἢ
874 1204 1012 1269 ὅλως
1068 1202 1318 1276 θεοσεϐής
1360 1207 1695 1281 νομισθῆναι,
1755 1202 1892 1261 ἀλλὰ
1930 1210 2033 1269 πᾶς

391 1294 420 1349 6
448 1291 783 1373 παραϐαίνων
811 1295 910 1364 τήν
958 1294 1179 1364 ἐντολὴν
1229 1295 1407 1376 αὖτοῦ,
1437 1302 1531 1354 106
1586 1302 1807 1374 Χριστοό
1834 1292 2031 1362 δηλον-

391 1383 471 1438 ότι
530 1383 977 1463 παραγενομένου,
1039 1386 1127 1441 καὶ
1190 1386 1268 1460 μὴ
1344 1384 1518 1461 μένων
1593 1385 1648 1441 ἐν
1715 1389 1785 1461 τῇ
1839 1381 2035 1463 διδαχῇ

393 1470 572 1547 αὖτοῦ,
636 1474 766 1530 Θεὸν
822 1473 919 1530 οὒκ
964 1472 1105 1554 ἔχει.
1164 1476 1221 1532 Ei
1277 1474 1377 1554 γάρ
1429 1476 1458 1530 6
1526 1473 1841 1552 θεογνωσίαν
1886 1470 2033 1540 ἥκων

391 1560 692 1640 ἀνθρώπους
723 1559 926 1619 τελείαν
966 1561 1184 1644 διδάξαι,
1242 1564 1393 1628 οὗτος
1444 1562 1785 1638 ἂθετοῦμενος
1838 1563 2028 1642 ὁρῷτο,

2119 671 2317 726 tamen
2334 664 2617 746 operibus
2634 665 2805 727 vitam
2830 665 3076 747 duxero,
3110 686 3187 729 an
3233 685 3350 728 non
3385 681 3629 745 possum
3663 680 3771 744 per

2117 753 2241 815 haec
2298 773 2479 835 opera
2536 774 2671 817 cum
2704 755 2817 836 piis
2864 774 2934 818 ac
2990 756 3284 834 religiosis
3326 751 3770 825 connumerari,

2116 859 2311 923 neque
2334 862 2439 923 pro
2472 844 2565 905 his
2587 845 2868 931 recipere
2889 844 3263 907 mercedem?
3288 843 3455 907 Hanc
3486 841 3779 931 objectio-

2115 949 2250 993 nem
2312 930 2591 1012 primum
2632 933 2847 994 tollens
2897 932 3221 1013 Apostolus
3273 933 3355 993 ita
3410 932 3539 995 ait:
3583 930 3772 992 Nemo

2115 1020 2411 1083 existimet
2467 1023 2770 1103 repellens
2833 1022 3068 1087 Domini
3100 1022 3162 1083 in
3194 1041 3374 1084 carne
3423 1020 3763 1096 adventum,

2114 1109 2270 1188 quod
2296 1109 2480 1190 possit
2498 1121 2600 1172 aut
2630 1110 2914 1191 operibus
2945 1111 3266 1191 perfectam
3315 1111 3555 1190 assequi
3584 1109 3770 1171 retri-

2114 1195 2416 1260 butionem
2469 1218 2601 1280 quae
2640 1200 2891 1262 debetur
2919 1198 3219 1274 ﬁdelibus,
3252 1207 3351 1261 aut
3381 1198 3626 1261 omnino
3660 1196 3772 1261 Dei

2118 1287 2312 1348 cultor
2339 1289 2646 1368 reputari:
2698 1289 2803 1351 sed
2836 1289 3107 1371 quisquis
3165 1288 3604 1369 transgreditur
3655 1288 3772 1349 hoc

2118 1385 2476 1456 praeceptum
2514 1377 2725 1458 ipsius,
2762 1376 2988 1442 Christi
3041 1378 3316 1441 videlicet
3372 1377 3476 1460 qui
3504 1376 3765 1440 advenit.

2115 1472 2176 1524 et
2208 1483 2324 1526 non
2349 1475 2548 1527 manet
2576 1468 2639 1527 in
2671 1468 2801 1546 ejus
2831 1467 3323 1531 doctrinaDeum
3357 1486 3475 1528 non
3495 1462 3771 1528 habet.Si

2114 1552 2276 1614 enim
2305 1554 2356 1615 is
2376 1554 2651 1635 quivenit
2676 1564 2738 1617 ut
2758 1555 3084 1637 perfectam
3113 1556 3189 1618 de
3212 1559 3334 1620 Deo
3366 1554 3768 1635 cognitionem

390 1654 504 1714 πῶς
539 1648 601 1706 ἂν
631 1648 707 1707 ἔτι
759 1650 1003 1721 θεοσεϐὴς
1045 1640 1180 1733 εἴη,
1221 1655 1385 1733 ὁλτῶν
1440 1651 1591 1709 θείων
1625 1640 1899 1728 θεαμάνων
1946 1651 2029 1707 τὸν

2117 1640 2392 1733 homines
2422 1643 2970 1733 doceret,repulsus
2999 1644 3628 1733 videreturzquomodo
3644 1644 3771 1723 jam

385 1739 665 1818 ὕφηγητὴν
719 1730 1196 1821 ἀποσκορακίζωνς
1258 1730 1451 1807 ’Ἃθεος
1494 1740 1584 1798 οὖν
1648 1742 1820 1816 οὗτος,
1856 1738 2029 1818 ὥσπερ

2117 1731 2225 1821 Dei
2274 1731 2466 1793 cultor
2505 1732 2794 1814 esset,qui
2833 1733 3164 1821 divinarum
3197 1731 3770 1821 contemplationum

383 1828 697 1895 ἇπεναντίας
769 1818 936 1894 ἔνθεος
1005 1833 1094 1889 καὶ
1145 1818 1422 1911 θεοφιλὴς,
1486 1832 1574 1888 καὶ
1628 1836 1733 1887 πᾶν
1820 1831 1882 1886 τὸ
1934 1835 2029 1896 τῆς

2118 1820 2506 1920 interpretem
2555 1820 2936 1900 reprobaret?
2967 1822 3075 1884 Hic
3119 1840 3258 1921 ergo
3312 1822 3461 1885 ἄθεος
3478 1828 3674 1928 "esset,

385 1918 636 1986 θεότητος
695 1918 841 2001 ’έχων
894 1920 950 1977 iv
992 1921 1163 1996 ἐαυτῷ
1217 1907 1505 1999 πλήρωμα,
1569 1918 1775 1998 Πατέρα
1834 1916 2029 1986 δηλαδή

2119 1916 2231 1985 εει,
2265 1909 2396 1971 sine
2432 1910 3093 1991 Deo,quemadmodum
3126 1928 3159 1972 e
3191 1909 3427 1972 diverso
3478 1908 3673 1983 ἔνθεος,
3705 1907 3770 2001 id

386 2008 473 2063 καὶ
538 2009 657 2065 Υἱὸν
710 1996 798 2066 καὶ
873 2013 1083 2086 Πνεῦμα
1157 1996 1343 2090 ἅγιον,
1381 2012 1410 2066 6
1464 1996 1789 2089 ἡδρασμένος
1846 2008 1900 2066 ἂν
1970 2012 2029 2083 τῇ

2121 2007 2231 2074 εει,
2265 1997 2505 2061 divinus
2540 2007 2598 2060 et
2624 1999 2732 2061 Dei
2779 1998 3029 2074 amicus,
3062 2017 3130 2061 ac
3162 2017 3401 2062 omnem
3448 1996 3772 2059 divinitatis

386 2092 578 2176 διδαχῃ
620 2107 716 2157 τοῦ
771 2105 1017 2177 Χριστοῦ.
1094 2099 1259 2164 Αὐτὸς
1318 2089 1420 2179 γὰρ
1448 2099 1566 2178 περὶ
1624 2098 1721 2174 μὲν
1775 2103 1869 2155 106
1926 2103 2029 2152 Πα-

2121 2089 2549 2179 plenitudinem
2582 2091 2643 2152 in
2675 2091 2871 2172 seipso
2905 2090 3395 2168 habens,Patrem
3419 2090 3693 2152 videlicet
3712 2095 3774 2153 et

386 2185 510 2261 τρὸς
534 2183 764 2244 διδάσκει
794 2185 989 2267 λέγων,
1028 2210 1053 2246 ι
1093 2188 1273 2245 Πάντα
1300 2186 1399 2244 ὅσα
1446 2182 1564 2268 ἔχει
1620 2188 1650 2244 6
1708 2185 1891 2264 Πατὴρ
1935 2184 2029 2260 ἐμά

2119 2178 2333 2268 Filium
2364 2198 2434 2242 ac
2464 2178 2752 2268 Spiritum
2780 2182 3180 2262 sanctum,qui
3212 2181 3418 2242 ﬁrmus
3446 2198 3516 2242 ac
3544 2179 3773 2241 solidus

381 2272 517 2333 ἐστι.
561 2298 582 2331 ι
663 2278 760 2334 Καὶ
840 2275 1124 2358 πολλαχοῦ
1186 2274 1419 2334 διδάσκει
1474 2267 1592 2357 περὶ
1676 2275 1860 2336 ἑαυτοῦ
1944 2280 2029 2334 καὶ

2121 2276 2213 2358 εει
2242 2267 2301 2329 in
2335 2269 2607 2358 doctrina
2638 2267 3023 2350 Christi.lpse
3055 2269 3216 2331 enim
3243 2270 3317 2331 de
3363 2271 3538 2332 Patre
3565 2268 3768 2350 docet,

380 2372 474 2422 τοῦ
517 2367 745 2445 Πατρὸς,
771 2367 851 2422 ὃτι
882 2368 909 2422 6
941 2365 1035 2441 μέν
1065 2365 1174 2422 ἐστι
1208 2368 1410 2445 Πατὴρ,
1437 2368 1466 2423 6
1494 2364 1549 2422 δὲ
1607 2365 1750 2431 Υἱός.
1817 2364 1943 2442 Περὶ
1983 2360 2029 2422 δὲ

2122 2357 2378 2419 dicens:
2427 2382 2452 2413 α
2489 2357 2701 2421 Omnia
2758 2376 3127 2440 quaecunque
3183 2357 3361 2420 habet
3412 2361 3586 2421 Pater
3639 2375 3774 2445 mea

380 2458 472 2509 τοῦ
504 2444 807 2531 Πνεύματος
835 2455 959 2511 ὅταν
1007 2455 1142 2534 λέγῃ
1177 2474 1193 2493 ⁸
1233 2479 1261 2512 α
1314 2444 1386 2514 Τὸ
1445 2457 1656 2530 Πνεῦμα
1712 2456 1774 2510 τὸ
1814 2453 1967 2531 ἅγιον
2010 2454 2029 2510 ἓ

2121 2446 2371 2508 sunt”:
2408 2472 2436 2504 ι
2472 2447 2814 2529 frequenter
2842 2466 3082 2528 quoque
3139 2455 3197 2508 et
3249 2448 3324 2509 de
3367 2449 3540 2509 Patre
3581 2454 3646 2508 et
3694 2444 3773 2508 de

380 2544 525 2620 παρὰ
564 2550 657 2599 τοῦ
698 2546 899 2625 Πατρὸς
965 2545 1322 2624 ἐκπυρώσων
1380 2569 1401 2600 ο
1466 2544 1792 2623 Τελεῶτερον
1823 2542 1877 2598 δὲ
1919 2543 2029 2599 τού-

2119 2535 2318 2625 seipsp
2341 2623 2351 2625 ξ
2376 2536 2572 2625 docet,
2606 2535 2763 2625 quod
2797 2536 2898 2598 ille
2924 2536 3164 2617 quidem
3190 2536 3240 2597 si
3272 2534 3471 2611 Pater,
3504 2535 3634 2625 ipse
3657 2553 3771 2625 au-

380 2652 488 2687 ⁴κων
518 2632 673 2700 ἡνίκα
702 2623 845 2713 λέγει
893 2653 910 2671 ⁸
960 2658 987 2689 α
1020 2623 1365 2706 Βαπτίζοντες
1421 2634 1604 2698 αὐτοὺς
1661 2635 1733 2695 εἷς
1762 2634 1822 2688 τὸ
1865 2630 2029 2707 ὄνομα

2119 2631 2236 2713 tem
2266 2623 2490 2704 Ftlius;
2536 2624 2611 2685 de
2641 2624 2866 2713 Spiritu
2918 2634 3121 2686 sancto
3151 2635 3348 2686 autem
3371 2624 3610 2705 quando
3638 2623 3721 2685 ait
3752 2643 3767 2683 :

378 2726 472 2775 τοῦ
503 2722 707 2801 Πατρὸς
737 2723 945 2780 καὶτοῦ
974 2726 1094 2782 Υἱοῠ
1153 2725 1240 2779 καὶ
1289 2729 1382 2779 τοῦ
1431 2723 1579 2801 ἁγίου
1635 2722 1959 2786 Πνεύματος.
1998 2744 2024 2775 ι

2120 2737 2143 2769 ε
2175 2711 2428 2794 Spiritus
2462 2713 2561 2794 qui
2592 2732 2626 2774 a
2656 2712 2827 2776 Patre
2851 2712 3122 2794 procedit
3143 2713 3262 2773 27.»
3285 2713 3391 2776 His
3418 2722 3619 2775 autem
3641 2729 3775 2801 per-

382 2809 441 2863 Εἱ
469 2804 525 2864 δὲ
568 2799 684 2888 περὶ
712 2817 804 2867 τοῦ
862 2813 1061 2889 Πατρὸς
1115 2812 1274 2886 μόνον
1344 2812 1433 2867 καὶ
1481 2799 1575 2868 τοῦ
1634 2812 1756 2866 Υἱοῦ
1812 2806 2027 2888 εἴρηται

2117 2804 2301 2865 fectus
2335 2821 2468 2863 cum
2500 2803 2621 2864 ait:
2651 2802 3056 2883 «Baptizantes
3087 2821 3189 2864 eos
3221 2802 3278 2863 in
3306 2801 3549 2864 nomine
3581 2799 3771 2864 Patris

383 2894 600 2955 ἐνταῦθα
652 2906 729 2974 τῷ
777 2903 991 2977 μαθητῇ
1043 2902 1137 2958 106
1192 2899 1401 2980 Κυρίου,
1449 2902 1510 2957 06
1566 2898 1743 2974 μέντοι
1794 2899 1884 2955 καὶ
1913 2898 2029 2976 περὶ

2117 2906 2169 2958 ει
2200 2896 2332 2958 Filii
2365 2905 2422 2958 et
2453 2894 2716 2976 Spiritus
2742 2896 2931 2958 sancti
2950 2895 3156 2961 28.ιυΕι
3182 2914 3520 2978 quanquam
3549 2895 3625 2957 de
3647 2896 3771 2957 Pa-

382 2994 475 3043 106
555 2989 706 3067 ἁγίου
789 2991 1118 3067 Πνεόματος,
1197 2988 1364 3066 μηδὲν
1419 2987 1826 3055 σκανδαλισθῆς.
1912 2992 2029 3065 Περῖ

2121 2994 2206 3046 tre
2245 2992 2468 3047 tantum
2498 3004 2566 3046 ac
2602 2984 2752 3047 Filio
2809 2987 2964 3047 facta
3019 2986 3098 3048 sit
3144 2988 3256 3048 hoc
3299 2987 3431 3048 loco
3481 2984 3706 3048 mentio
3737 3003 3774 3047 a

380 3077 480 3154 γὰρ
534 3079 720 3136 τούτου
775 3079 938 3154 μόνου
988 3080 1313 3159 κατήπειγεν
1382 3080 1596 3139 ἐνταῦθα
1646 3079 1876 3157 εἰρῆσθαι
1921 3087 2029 3151 νῦν,

2119 3072 2358 3136 Domini
2393 3073 2712 3155 discipulo,
2744 3093 2863 3135 non
2893 3085 3089 3138 autem
3131 3074 3207 3137 de
3259 3074 3481 3156 Spiritu
3537 3080 3767 3154 sancto,

378 3166 470 3223 106
499 3168 702 3247 Πατρός
744 3191 882 3248 φημι
927 3171 1014 3226 καὶ
1059 3178 1151 3227 106
1194 3173 1334 3227 Υἱοῦ.
1397 3170 1494 3228 Καὶ
1549 3174 1711 3225 ταῦτα
1769 3165 1867 3242 μὲν
1897 3169 2027 3245 πρὸς

2117 3182 2189 3225 ne
2218 3162 2559 3225 offendaris.
2592 3160 2740 3225 Nam
2772 3164 2846 3224 de
2876 3164 2988 3225 hoc
3032 3164 3223 3225 solum
3284 3163 3529 3243 cogebat
3557 3173 3617 3225 et
3660 3180 3767 3224 ex-

376 3277 437 3313 10
493 3259 679 3336 παρὸν,
739 3257 829 3314 ἵνα
888 3257 965 3331 μὴ
1010 3269 1453 3338 μακρολογῶμεν,
1519 3256 1674 3313 Μὲνει
1736 3253 1792 3312 δὲ
1866 3254 1920 3310 ἐν
1964 3262 2033 3332 τῇ

380 3342 576 3425 διδαχῇ
633 3353 724 3402 106
766 3347 1012 3425 Χριστοῦ,
1068 3348 1187 3415 ἦτοι
1244 3353 1313 3423 τῇ
1368 3344 1687 3425 εὐαγγελικῇ
1728 3342 2031 3417 διδασκαλίᾳ

379 3437 409 3491 6
465 3436 585 3492 κατ’
634 3436 799 3504 αὐτὴν
827 3441 1030 3516 φρονῶν
1059 3437 1148 3492 καὶ
1194 3437 1464 3515 πράττων,
1524 3439 1862 3514 θεωρητικῶς
1918 3432 2031 3508 ἅμα

379 3528 468 3582 καὶ
529 3531 835 3606 πρακτικῶς
882 3525 1013 3603 βιῶν
1047 3540 1062 3556 ⁵
1117 3528 1145 3581 6
1200 3522 1255 3581 δὲ
1296 3526 1489 3592 ταύτης
1544 3524 1765 3602 ἀπάγων
1819 3523 2026 3601 ἑαυτὸν,

379 3615 554 3679 ἄθεος.
643 3605 736 3679 Ὠς
806 3616 906 3694 γὰρ
968 3617 997 3671 6
1074 3612 1142 3671 δι’
1205 3611 1444 3693 ἀκριϐοῦς
1512 3612 1778 3676 πολιτείας
1825 3613 2031 3667 οἰκειῶν

380 3706 566 3761 ἑαυτὸν
598 3710 672 3775 τῷ
733 3712 871 3783 Θεῷ,
929 3704 1114 3783 ὥσωερ
1171 3707 1198 3761 6
1239 3701 1504 3783 Ἀϐραὰμ,
1561 3703 1687 3757 καθὸ
1737 3702 1826 3757 καὶ
1872 3703 2034 3771 ἤκουε

379 3791 503 3871 παρ’
562 3797 740 3864 αὐτοῦ,
782 3820 806 3847 ιι
865 3792 1009 3872 Ἐγὼ
1065 3795 1196 3859 Θεὸς
1249 3795 1362 3867 σὸς,
1401 3815 1423 3848 ο
1487 3790 1653 3853 οὕτως
1711 3793 1739 3846 6
1784 3787 1882 3855 ἕξω
1936 3794 2035 3855 τῆς

378 3882 601 3951 ἐντολῆς
644 3889 738 3940 τοῦ
804 3881 1121 3961 Εὖαγγελίου
1175 3883 1343 3960 βιοὺς,
1404 3879 1575 3951 ἄθεος,
1634 3880 1820 3936 ἑαυτὸν
1884 3879 2022 3934 ἀπο-

378 3973 622 4054 σχοινίας
662 3979 754 4030 106
780 3972 930 4053 ἔχειν
973 3972 1127 4033 Θεόν.
1183 3971 1362 4029 Ἀθὲου
1390 3969 1445 4026 δὲ
1492 3970 1674 4026 τούτου
1729 3966 1902 4039 ὄντος,
1937 3974 2027 4025 τοῦ

376 4063 585 4133 ἑαυτὸν,
620 4063 782 4143 φημὶ,
834 4062 930 4130 τῆς
1008 4063 1149 4125 θείας
1231 4059 1683 4139 ἆλλοτριώσαντος
1768 4054 2024 4129 παιδείας,

377 4153 406 4206 6
437 4149 608 4225 μένων
650 4149 705 4205 ἐν
748 4152 904 4227 αὐτῇ,
937 4152 1087 4214 οὗτος
1143 4150 1229 4207 καὶ
1255 4152 1346 4206 τὸν
1402 4146 1607 4226 Πατέρα
1663 4146 1751 4203 καὶ
1778 4147 1865 4202 τὸν
1912 4147 2029 4200 Υἱὸν

370 4239 518 4319 ⁴ἔχει.
581 4242 704 4320 Περὶ
746 4242 846 4320 γὰρ
915 4242 1010 4296 106
1081 4240 1320 4297 τοιούτου
1369 4239 1458 4296 καὶ
1502 4239 1530 4294 6
1574 4238 1694 4299 Υἱὸς
1748 4233 1872 4316 ἔφη,
1954 4232 2035 4298 ὅτι

386 4352 407 4384 ι
446 4327 798 4405 Ἐλευσόμεθα
826 4327 951 4409 παρ’
1004 4331 1181 4403 αὐτὸν,
1238 4329 1374 4405 μετὰ
1400 4333 1494 4384 106
1537 4326 1740 4391 Πατρὸς
1767 4322 2033 4396 δηλονότι,

2116 3251 2570 3332 petebutsermo
2601 3261 2665 3314 ut
2695 3252 3062 3334 loqueretur,
3095 3255 3169 3315 de
3201 3251 3396 3329 Patre,
3430 3259 3771 3333 inquam,et

2114 3340 2284 3402 Filio.
2318 3339 2390 3401 Et
2422 3341 2547 3402 haec
2578 3340 2818 3422 quidem
2846 3340 2922 3403 de
2956 3342 3238 3422 praesenti
3269 3342 3400 3403 loco
3432 3341 3588 3404 dicta
3622 3340 3767 3416 sint,

2114 3452 2190 3495 ne
2244 3433 2599 3514 prolixiores
2656 3433 2868 3497 simus.
2902 3437 3095 3497 Manet
3155 3442 3352 3495 autem
3394 3432 3454 3494 in
3501 3432 3775 3496 doctrina

2114 3523 2328 3587 Christi
2360 3523 2487 3585 sive
2508 3522 2870 3599 evangelica,
2918 3524 3021 3603 qui
3060 3522 3393 3586 secundum
3426 3541 3558 3586 eam
3588 3522 3770 3584 sentit

2116 3620 2172 3674 ει
2216 3620 2517 3692 operatur,
2574 3612 2997 3693 contemplatio
3048 3611 3226 3673 simul
3257 3618 3317 3675 et
3345 3611 3649 3692 operando
3677 3610 3767 3673 vi-

2117 3719 2282 3774 vens,
2307 3705 2389 3760 οι
2483 3701 2583 3782 qui
2613 3719 2751 3763 vero
2780 3701 2854 3763 ab
2887 3703 2996 3762 hac
3035 3701 3279 3763 abducit
3306 3719 3573 3781 sepsum,
3619 3701 3771 3765 ἄθεος

2121 3800 2234 3851 εει.
2268 3788 2437 3853 Sicut
2467 3791 2627 3850 enim
2660 3790 2761 3869 qui
2793 3790 3116 3870 perfectam
3162 3788 3339 3852 habet
3369 3789 3771 3852 conversatio-

2114 3897 2273 3953 nem,
2308 3881 2431 3942 Deo
2463 3880 2728 3960 seipsum
2764 3879 2963 3941 reddit
2992 3879 3772 3960 familiarem,quemadmo-

2113 3969 2253 4029 dum
2303 3969 2630 4049 Abraham,
2655 3969 2828 4050 juxta
2877 3969 3024 4029 illud
3076 3968 3148 4028 ab
3183 3970 3309 4047 ipso
3339 3967 3460 4030 Deo
3494 3966 3716 4028 audivit
3749 3985 3763 4030 :

2120 4084 2146 4115 ι(
2180 4058 2299 4139 Ego
2358 4063 2512 4122 Deus
2564 4069 2698 4121 tuus
2728 4058 2783 4102 99
2815 4077 2828 4122 :
2865 4081 2893 4119 ι
2949 4057 3029 4120 ita
3084 4059 3186 4139 qui
3237 4066 3407 4120 extra
3462 4053 3774 4137 Evangelii

2124 4159 2484 4230 praeceptum
2515 4148 2677 4223 vivit,
2711 4148 2859 4212 ἄθεος
2886 4156 2995 4218 εει,
3034 4146 3430 4209 abstrahendo
3479 4147 3768 4227 seipsum,

2124 4257 2198 4300 ne
2232 4242 2414 4302 Deum
2440 4238 2675 4301 habeat.
2709 4239 2852 4300 Cum
2886 4248 3100 4305 .autem
3156 4238 3253 4299 hic
3284 4238 3430 4301 ἄθεος
3463 4240 3559 4311 sit,
3595 4255 3770 4298 nem-

2126 4347 2195 4408 pe
2219 4327 2320 4407 qui
2350 4328 2611 4409 seipsum
2642 4327 2920 4391 alienavit
2947 4347 2979 4389 a
3011 4327 3206 4388 divina
3241 4327 3557 4408 disciplina
3612 4335 3775 4388 certe

381 4421 469 4475 καὶ
529 4419 700 4493 μονὴν
769 4416 894 4499 παρ’
949 4422 1090 4493 αὐτῷ
1143 4418 1499 4495 ποιησόμεθα.
1540 4440 1566 4470 ι
1632 4414 1729 4472 Ἐκ
1783 4415 1882 4492 γὰρ
1938 4419 2029 4479 τῆς

2121 4419 2220 4500 qui
2252 4418 2311 4479 in
2346 4436 2415 4480 ea
2448 4419 2773 4491 manet,hic
2798 4428 2856 4480 et
2877 4417 3111 4479 Patrem
3138 4427 3197 4480 et
3232 4416 3445 4478 Filium
3491 4415 3668 4478 habet
3698 4417 3775 4479 de

378 4514 482 4565 τῶν
540 4506 765 4565 ἐντολῶν
820 4509 1119 4588 τηρήσεως,
1179 4509 1302 4565 ναὸν
1350 4507 1534 4564 ἑαυτὸν
1585 4505 1671 4561 καὶ
1729 4504 2033 4582 οἷκητᾷριον

379 4597 598 4665 ἐποῖησε
654 4605 807 4678 Θεοῦ,
859 4600 948 4655 καὶ
1004 4599 1136 4655 Θεὸν
1193 4596 1392 4656 ἕνοικον
1464 4594 1605 4675 ἔχει,
1656 4591 1829 4650 διττοῦ
1883 4591 2063 4654 όντος-

378 4694 473 4746 106
502 4686 648 4768 ἔχειν
681 4688 833 4752 Θεόν,
866 4687 1094 4766 Λέγεται
1141 4688 1241 4766 γὰρ
1290 4685 1439 4767 ἔχειν
1495 4687 1624 4741 Θεὸν
1673 4683 1760 4739 καὶ
1818 4682 1884 4738 τα
1914 4682 2031 4768 κτί-

381 4767 563 4851 σματαν
612 4776 807 4849 πάντα,
864 4778 994 4851 πρὸς
1048 4776 1078 4833 ὃ
1123 4778 1211 4833 καὶ
1268 4783 1474 4838 Παῦλος
1514 4771 1731 4851 εἴρηκεν
1768 4787 1783 4802 ·
1854 4793 1876 4824 ιι
1944 4767 2036 4827 'rjv

377 4868 520 4941 αὒτῷ
548 4867 648 4944 γὰρ
703 4869 877 4941 ζῶμεν
933 4868 1020 4923 καὶ
1076 4865 1357 4941 κινούμεθα
1410 4865 1499 4920 καί
1550 4861 1736 4937 ἔσμεν,
1778 4884 1804 4915 κ
1871 4866 2039 4917 Τοῦτο

378 4954 432 5012 δὲ
464 4956 600 5012 κατᾶ
629 4956 719 5011 τὸν
750 4960 849 5022 τῆς
907 4955 1203 5019 οὗσιώσεως
1262 4953 1473 5034 εἴρηται
1526 4951 1741 5031 τρόπον.
1810 4947 2037 5027 Ἐτέρωῖ

378 5041 433 5099 δὲ
490 5052 583 5102 τοῦ
638 5040 722 5099 διὰ
772 5041 1159 5122 καλοκάγαθίας
1218 5042 1593 5121 θεραπεύοντος
1665 5038 1819 5111 Θεὸν,
1875 5035 2035 5093 πάλιν

378 5131 526 5213 ἔχειν
552 5131 838 5208 λεγομένου
868 5134 1020 5190 Θεὸν.
1084 5131 1198 5190 καθ’
1257 5135 1286 5189 ὃ
1340 5129 1752 5206 σημαινόμενον,
1803 5126 1893 5181 κπιὶ
1941 5132 2033 5180 τοῦ

385 5219 621 5300 Ἀϐραὰμ
674 5224 802 5286 Θεὸς
852 5219 1063 5301 εἴρηται
1125 5225 1154 5278 6
1206 5223 1365 5288 Θεὸς,
1425 5220 1513 5276 καὶ
1563 5226 1656 5276 τοῦ
1712 5213 1912 5284 Ἰσαὰκ,
1948 5215 2033 5269 καὶ

380 5308 520 5374 ὅλως
580 5316 684 5367 τῶν
741 5309 997 5392 θεοφιλῶν
1059 5301 1333 5390 Ἐϐραίων,
1397 5307 1702 5366 ἐπιστατέον
1769 5316 1887 5364 τοῖς
1948 5328 2033 5359 νυν

378 5397 757 5479 εἷρησομὲνοις,
794 5402 822 5456 6
848 5391 851 5392 ν
879 5399 1023 5480 ἔχων
1064 5402 1155 5456 τὸν
1212 5401 1332 5456 ι’ἱὸν
1362 5397 1478 5479 ἔχει
1511 5399 1596 5456 καὶ
1650 5398 1740 5452 τὸν
1805 5391 2031 5471 Πατέρα.

383 5514 404 5544 ι
447 5480 504 5547 Ὀ
530 5490 629 5568 γαρ
660 5489 909 5568 ἑωρακὼς
941 5490 1033 5545 τὸν
1088 5491 1226 5563 Υἱὸν,
1268 5513 1290 5544 ο
1350 5489 1424 5551 ὼς
1452 5488 1542 5544 καὶ
1609 5485 1764 5548 αὒτός
1812 5503 1973 5562 φησιν
2003 5482 2031 5537 ὃ

378 5579 524 5657 Υἱὸς,
562 5601 591 5633 α
623 5578 822 5658 ἑώρακε
868 5579 958 5634 τὸν
1020 5577 1246 5657 Πατέρα,
1285 5601 1308 5635 ι
1378 5579 1475 5636 Καὶ
1534 5572 1760 5653 ἔμπαλιν
1825 5596 1851 5625 α
1889 5570 2030 5647 Ἐγὼ

456 5708 519 5760 20
542 5708 689 5772 Joan
746 5726 867 5782 xvr,
899 5710 975 5772 t5
1004 5733 1019 5783 ;
1053 5727 1192 5785 xvu,
1236 5714 1332 5774 10.
1416 5710 1475 5759 ³7
1502 5709 1673 5772 Joan.
1707 5724 1806 5779 xv,
1843 5705 1936 5765 '26.

371 5791 546 5856 Joau.
581 5807 700 5867 xw,
734 5790 830 5855 '23.
918 5790 966 5835 3'
1013 5791 1037 5854 Ι
1068 5792 1201 5855 Cor.
1239 5808 1320 5856 γι.
1404 5789 1459 5835 ³³
1486 5792 1596 5854 Act
1648 5805 1791 5863 xvu,
1825 5786 1925 5848 28.

2026 5706 2321 5772 ΞΒΜειιιιι.
2375 5729 2580 5785 xxvm,
2623 5714 2711 5775 19.
2798 5713 2858 5766 99
2892 5713 3044 5780 Gen.
3102 5732 3202 5779 xv.

2121 4507 2462 4588 hujusmodi
2497 4507 2654 4569 enim
2686 4507 2833 4569 dixit
2865 4515 2923 4569 et
2947 4506 3130 4568 Filius
3164 4525 3176 4569 :
3221 4532 3248 4561 ιι
3284 4506 3372 4568 Ad
3406 4525 3538 4567 eum
3574 4505 3777 4567 venie-

2122 4616 2278 4666 mus.
2339 4615 2445 4675 ego
2502 4596 2781 4659 videlicet
2828 4616 2963 4659 cum
3025 4596 3218 4677 Patre,
3282 4606 3339 4660 et
3398 4596 3771 4658 mansionem

2120 4687 2273 4765 apud
2307 4687 2497 4767 ipsum
2533 4684 2829 4749 faciemus
2848 4685 2920 4743 ³ο.
2964 4712 2991 4744 ι
3046 4707 3183 4749 num
3235 4706 3303 4748 ex
3338 4692 3767 4766 praeceptorum

2121 4776 2531 4838 observatione
2556 4778 2819 4858 seipsum
2848 4777 2988 4839 fecit
3016 4778 3119 4840 Dei
3152 4777 3437 4857 templum
3461 4784 3523 4836 et
3550 4773 3776 4836 habita-

2123 4866 2320 4926 culum
2342 4864 2418 4945 εί,
2445 4886 2512 4929 ac
2544 4865 2729 4928 Deum
2765 4866 2825 4927 in
2877 4886 2943 4928 se
2980 4866 3342 4928 habitantem
3370 4864 3548 4927 habet
3583 4881 3598 4926 :
3633 4883 3768 4926 cum

2121 4955 2441 5035 dupliciter
2469 4957 2697 5016 dicatur
2729 4957 2933 5018 haberi
2956 4955 3113 5018 Deus
3150 4975 3163 5015 :
3199 4954 3347 5018 Nam
3379 4973 3586 5016 omnes
3614 4972 3767 5035 quo-

2119 5064 2237 5125 que
2264 5053 2550 5106 creaturae
2582 5048 2859 5108 dicuntur
2883 5045 3101 5108 habere
3134 5046 3511 5124 Deum,juxta
3532 5044 3588 5104 id
3605 5043 3765 5124 quod

2117 5133 2262 5195 dixit
2293 5133 2505 5196 Paulus
2534 5156 2546 5197 :
2582 5158 2607 5192 ι
2638 5134 2703 5197 In
2746 5134 2874 5215 ipso
2909 5135 3067 5197 enim
3100 5135 3349 5197 vivimus
3376 5143 3434 5196 et
3463 5151 3770 5195 movemur

2116 5242 2183 5283 ac
2234 5242 2437 5284 sumus
2466 5221 2536 5281 32.
2572 5223 2695 5286 Hoc
2743 5233 2940 5287 autem
2992 5226 3217 5288 dictum
3270 5236 3360 5286 est
3403 5225 3572 5304 juxta
3617 5223 3765 5284 sub-

2117 5312 2403 5374 sistentiaa
2443 5315 2707 5378 modum.
2740 5314 2873 5376 Alio
2912 5324 3109 5377 autem
3160 5314 3337 5377 modo
3390 5333 3494 5395 per
3550 5315 3765 5376 bonam

2121 5403 2534 5480 operationem
2597 5405 2724 5485 ejus
2755 5405 2857 5487 qui
2904 5405 3047 5467 colit
3078 5406 3292 5468 Deum.
3347 5406 3521 5468 etiam
3553 5403 3774 5467 dicitur

2114 5489 2319 5576 haberi
2374 5493 2566 5576 Deus;
2616 5495 2786 5576 juxta
2827 5495 2984 5576 quod
3035 5495 3428 5576 signiﬁcatum
3499 5503 3558 5557 et
3611 5494 3773 5558 Deus

2112 5569 2304 5632 dictus
2334 5582 2424 5634 est
2444 5569 2931 5638 Deus'Abrahtim
2968 5583 3026 5638 et
3051 5569 3239 5659 Isaac,
3272 5585 3328 5639 et
3354 5576 3773 5638 universaliter

3289 5714 3475 5781 Exod.
3533 5733 3618 5780 ιιι.
3701 5716 3767 5766 50
