4106 6420
366 385 484 449 695
1493 390 1912 461 OECUMENIL
1949 392 2241 453 TRICCJ‘J
2289 389 2618 454 EPISCOPI
3641 388 3759 452 696

360 518 466 582 Dei
491 518 819 582 amicorum
852 518 1317 581 Hebraeorum”.
1339 519 1409 582 Et
1434 521 1548 582 hoc
1580 521 2015 584 attribuendum

2109 525 2204 604 γὰρ
2233 525 2285 583 ἒν
2316 533 2392 601 τῷ
2420 528 2604 602 Πατρὶ,
2664 528 2750 582 καὶ
2781 529 2809 583 6
2866 526 3046 604 Πατὴρ
3103 525 3157 580 ἂν
3229 524 3366 601 ἐμοὶ,
3419 548 3445 579 ιο
3503 527 3530 580 6
3600 524 3756 587 αὒτός

370 615 460 669 est
488 609 581 669 his
611 628 740 689 quae
771 629 929 671 nunc
959 608 1213 671 dicenda
1237 619 1408 673 sunt:
1444 609 1754 683 Quihabet
1777 611 2015 681 Filium.

2109 637 2234 694 φησι
2267 617 2479 694 Σωτήρ.
2543 605 2719 672 ’Ὥστε
2777 617 2863 672 καὶ
2919 618 2980 672 ὲκ
3019 614 3228 687 τούτου,
3286 616 3347 670 τὸ
3417 622 3508 672 τοῦ
3551 614 3755 691 Πατρὸς

361 695 542 759 habet
571 706 626 758 et
660 700 1073 761 Patrem.Nam
1112 725 1133 752 τ
1172 698 1270 778 qui
1304 699 1451 760 vidit
1482 699 1757 765 Filium.»
1788 700 1945 762 sicut
1968 708 2015 762 el

2109 705 2191 760 καὶ
2227 711 2317 760 τοῦ
2343 708 2462 764 Υἱοῦ
2519 707 2796 780 δμοούσιον
2837 704 3204 783 γινώσκεσθαι,
3263 705 3321 760 Εἰ
3376 701 3431 758 δέ
3487 724 3565 765 τις
3618 702 3754 779 ἐρεῖ,

354 783 486 864 ipse
518 784 704 846 Filius
733 786 878 847 dicit
906 807 918 846 :
947 811 972 841 ι
996 787 1140 847 vidit
1165 796 1222 848 et
1256 786 1487 849 Patrem
1510 787 1704 850 “.nEt
1739 808 1975 852 rursum
2005 809 2015 852 :

2109 793 2186 848 ὅτι
2217 795 2352 850 κατὰ
2399 795 2554 851 τοῦτο
2611 796 2700 852 καὶ
2755 797 2783 850 6
2839 793 2958 857 τοὺς
3003 794 3244 868 μαθητὰς
3293 789 3583 872 δεχομεοος
3636 790 3754 870 ἔχει

365 894 392 932 ‹
418 872 536 952 Ego
561 874 619 935 in
643 877 839 948 Patre,
874 883 934 936 et
966 874 1140 937 Pater
1171 877 1231 936 in
1269 895 1360 938 me
1393 885 1504 950 est,
1529 902 1554 932 »
1587 877 1667 938 ait
1695 877 1855 938 idem
1887 879 2015 940 Sal-

2109 884 2191 941 καὶ
2249 885 2340 939 τὸν
2401 884 2520 940 Γὶὸν
2567 884 2655 940 καὶ
2697 884 2786 938 τὸν
2819 889 3025 960 Πατέρα
3061 899 3076 915 ⁸
3136 881 3288 962 (φησί
3342 881 3441 958 γὰρ
3499 881 3586 936 καὶ
3638 879 3756 958 περὶ

356 970 614 1043 vator,ut
644 963 822 1025 etiam
849 983 919 1025 ex
951 965 1064 1025 hoc
1117 964 1305 1026 Patris
1335 984 1402 1026 ac
1432 965 1564 1026 Filii
1615 967 2012 1028 consubstan-

2109 973 2298 1029 τούτων
2343 975 2373 1028 6
2402 980 2616 1051 Σωτηρ,
2662 993 2684 1028 ε
2723 964 2780 1030 Ὀ
2810 969 3102 1051 δεχόμενος
3157 973 3292 1046 ὑμᾶς
3347 969 3442 1045 ἐμὲ
3486 967 3698 1048 δέχεται
3736 982 3748 996 ³

360 1050 574 1141 tialitas
600 1061 1010 1130 cognoscatur.
1060 1051 1134 1114 Et
1179 1053 1228 1114 si
1257 1053 1390 1133 quis
1419 1053 1578 1116 dicat
1635 1056 1789 1135 quod
1840 1057 1889 1117 is
1919 1056 2015 1137 qui

2111 1084 2137 1115 ε
2213 1064 2241 1118 6
2302 1061 2356 1118 δὲ
2406 1062 2500 1137 ἐμὲ
2558 1050 3137 1141 δεχόμενοςηδέχεται
3195 1061 3286 1115 τὸν
3368 1055 3753 1115 ἀποστείλαντά

356 1137 683 1229 discipulos
710 1141 950 1222 excipit,
987 1141 1163 1202 etiam
1199 1141 1390 1203 tilium
1425 1161 1492 1203 ac
1525 1151 1750 1222 patrem
1787 1145 1963 1207 habet
1999 1166 2012 1205 :

2109 1172 2170 1226 με
2203 1165 2217 1180 ‘
2258 1173 2285 1206 ι
2321 1150 2457 1206 ἴστω
2487 1157 2664 1214 κακῶς
2693 1150 2856 1213 οὕτως
2889 1149 3087 1228 λέγων,
3119 1151 3231 1228 καὶ,
3277 1147 3382 1229 οὔχ
3405 1147 3466 1204 ’ὃν
3497 1147 3578 1203 δεῖ
3621 1145 3749 1225 τρό-

362 1225 508 1318 Nam
533 1230 614 1318 ait
645 1238 703 1290 et
731 1231 807 1292 de
831 1229 922 1292 his
949 1229 1209 1293 Salvator
1235 1253 1248 1288 :
1291 1252 1313 1286 ι
1343 1230 1452 1303 Qui
1501 1231 1717 1313 recipit
1760 1253 1884 1296 vos.
1921 1253 2015 1296 me

2109 1262 2198 1296 πον
2254 1238 2610 1314 ὶνιστάμενος.
2663 1241 2784 1317 Περὶ
2825 1240 2924 1318 γὰρ
2967 1225 3078 1302 ’τῆς
3149 1225 3481 1300 διδασκαλίας
3539 1235 3750 1315 εἴρηται

365 1315 582 1409 recipit
605 1339 618 1376 :
641 1318 739 1399 qui
764 1326 966 1409 autem
991 1337 1086 1379 me
1115 1318 1348 1409 recipit,
1384 1319 1598 1409 recipit
1629 1339 1764 1381 eum
1789 1322 1888 1402 qui
1923 1341 2015 1384 me

2109 1335 2283 1409 ταῦτα,
2345 1329 2458 1385 tite}
2516 1331 2542 1384 6
2600 1326 2878 1404 δεξάμενος
2932 1328 3053 1389 τοὺς
3123 1326 3448 1409 ᾀποστόλους
3480 1347 3750 1404 συγκατα-

361 1404 522 1468 misit
540 1405 653 1482 35,»
691 1407 838 1469 sciat
870 1427 934 1469 se
958 1409 1068 1469 hoc
1096 1408 1272 1468 modo
1307 1408 1460 1470 male
1485 1408 1711 1484 dicere,
1750 1418 2015 1492 nequeut

2109 1409 2236 1466 θέσει
2268 1404 2365 1476 τῆς
2411 1407 2742 1472 διδασκαλίας
2795 1409 2987 1481 αὐτῶν,
3036 1405 3243 1472 ἐδέξατο
3301 1405 3367 1462 δι’
3416 1410 3586 1465 αιότιῦν
3633 1407 3753 1461 ι’ἱὸν

364 1503 599 1574 oportet
627 1495 1279 1576 intelligere.Quoniam
1313 1497 1434 1559 haec
1465 1498 1538 1558 de
1560 1497 1832 1560 doctrina
1860 1499 2015 1562 dicta

2109 1500 2188 1555 καὶ
2233 1497 2436 1577 Πατέρα
2466 1495 3017 1560 διδάσκοντας.-Καὶ
3045 1496 3234 1569 ἑτέρως
3271 1512 3285 1526 ⁶
3339 1493 3488 1553 Ἐπεὶ
3517 1497 3545 1552 6
3577 1494 3753 1571 μένων

361 1590 519 1658 sunt,
549 1587 783 1668 quando
806 1586 1048 1668 quidem
1073 1586 1126 1647 is
1158 1587 1258 1667 qui
1288 1588 1587 1667 apostolos
1623 1589 1877 1670 excepit,
1909 1589 2015 1651 ad-

2109 1588 2155 1644 ἒν
2197 1593 2266 1664 τῇ
2294 1586 2490 1666 διδαχῇ
2523 1585 2640 1666 ἔχει
2683 1587 2771 1642 καὶ
2813 1588 2903 1643 τὸν
2950 1587 3067 1641 Υἱὸν
3111 1587 3199 1641 καὶ
3230 1587 3322 1642 τὸν
3353 1585 3581 1664 Πατέρα,
3622 1582 3751 1659 ἔμε-

363 1673 655 1734 mittendo
686 1674 1018 1736 doctrinam
1050 1675 1341 1754 ipsorum,
1399 1693 1507 1755 per
1555 1694 1658 1736 eos
1709 1677 2015 1757 excepitet

2109 1701 2188 1734 νον
2218 1675 2271 1733 δὲ
2303 1679 2350 1734 οἱ
2394 1675 2680 1733 ἀπόστολοι
2709 1677 2764 1731 ἒν
2813 1680 2880 1752 τῇ
2934 1673 3154 1754 διδαχῆ,
3201 1676 3274 1738 ὡς
3331 1675 3418 1730 καὶ
3473 1673 3750 1751 κηρύσσειν

359 1761 578 1857 ξίιίυιιι
612 1771 670 1824 et
691 1763 928 1857 Patrem
973 1763 1277 1857 docentes.
1315 1798 1402 1857 —-_
1437 1767 1610 1857 [teni
1645 1763 1766 1827 alio
1803 1767 2015 1857 modo.

2109 1767 2286 1837 αὒτὴν,
2364 1767 2392 1821 6
2449 1763 2726 1838 δεξάμενος
2782 1763 2869 1820 οὖν
2938 1763 3123 1826 αὐτοὺς
3189 1763 3343 1828 ναοὺς
3386 1761 3538 1826 ὄντας
3598 1770 3750 1835 Θεοῦ,

363 1850 659 1923 Quoniam
688 1851 740 1914 is
771 1853 871 1932 qui
903 1859 1103 1914 manet
1130 1851 1190 1913 in
1213 1851 1698 1918 doctrina.habet
1722 1861 1778 1914 et
1803 1853 2015 1915 Filium

2109 1853 2167 1910 δι’
2201 1857 2380 1926 αὐτοῦ,
2430 1861 2522 1910 του
2564 1851 2810 1932 δέχεσθαι
2882 1852 3090 1930 αὖτοὺς,
3163 1850 3281 1932 ἔχει
3341 1853 3431 1908 τὸν
3485 1851 3540 1907 ἐν
3569 1850 3752 1914 αὐτοῖς

363 1948 421 2002 et
453 1940 706 2016 Patrem,
743 1961 918 2022 porro
949 1941 1201 2021 apostoli
1256 1942 1574 2003 manebant
1631 1945 1691 2003 in
1723 1942 2014 2019 doctrina,

362 2029 443 2090 ita
465 2038 524 2090 ut
555 2029 717 2091 illam
747 2049 985 2112 quoque
1013 2029 1423 2111 pradicarent,
1459 2031 1559 2111 qui
1619 2049 1757 2110 ergo
1805 2033 2020 2113 recipit

365 2117 498 2180 illos
519 2117 618 2198 qui
650 2128 785 2180 sunt
815 2119 1035 2199 templa
1067 2119 1194 2196 Dei,
1232 2138 1301 2180 eo
1341 2118 1470 2198 ipso
1502 2139 1616 2200 quo
1650 2138 1753 2182 eos
1782 2121 2016 2202 recipit,

363 2206 776 2268 babetFilium
803 2217 860 2269 et
894 2208 1132 2270 Patrem
1189 2211 1288 2290 qui
1323 2209 1382 2280 in
1416 2209 1503 2270 eis
1537 2218 1696 2270 sunt.
1741 2234 1763 2266 (ι
1800 2211 1860 2272 Si
1888 2211 2020 2292 quis

361 2295 521 2356 venit
554 2295 629 2356 ad
662 2314 762 2357 vos
823 2321 843 2351 ι
882 2296 1201 2358 Conﬁrmat
1232 2297 1367 2356 illos
1398 2300 1470 2358 ad
1499 2317 1646 2377 quos
1692 2298 1921 2363 scribit.
1957 2298 2018 2362 Si

363 2384 520 2464 quis,
553 2384 656 2458 ait,
708 2385 936 2464 absque
993 2387 1107 2447 hac
1158 2385 1535 2447 confessione
1568 2387 1637 2446 ad
1671 2405 1774 2448 vos
1802 2388 2013 2466 veniat,

364 2473 683 2534 nonsolum
714 2475 1142 2554 protectionem
1175 2494 1208 2536 a
1235 2474 1398 2535 vobis
1442 2495 1555 2536 non
1595 2486 2013 2556 consequatur,

357 2561 460 2624 sed
507 2581 702 2643 neque
733 2563 936 2624 salutis
962 2563 1596 2644 precationemavobis
1627 2565 1876 2646 accipiat
1900 2586 2019 2628 me-

347 2650 462 2711 tito
509 2661 567 2713 et
599 2662 769 2712 caute
817 2653 939 2714 haec
983 2653 1217 2721 dicens.
1279 2654 1418 2712 812
1443 2654 1608 2734 quasi
1651 2656 1775 2716 haac
1810 2655 2017 2718 salutis

367 2740 628 2820 precatio
661 2741 804 2802 solis
826 2741 941 2803 illis
975 2741 1264 2804 debeatur
1285 2743 1383 2822 qui
1414 2742 1773 2804 conveniunt
1802 2743 1860 2804 in
1897 2764 2017 2804 mo-

361 2829 530 2891 ribus
559 2842 617 2890 et
645 2831 764 2892 fide
791 2831 1123 2893 nobiscum.
1153 2833 1259 2894 Cui
1291 2832 1450 2893 enim
1505 2851 1823 2913 precamur
1851 2835 2014 2894 salu-

362 2926 504 2994 tem,
541 2919 654 2980 nisi
685 2921 777 2981 his
807 2921 906 3000 qui
939 2921 1222 2982 similium
1273 2929 1408 2982 sunt
1451 2940 1681 2981 morum
1714 2941 1781 2983 ac
1831 2923 2017 2987 ﬁdei?

361 3007 564 3088 Itaque
595 3009 644 3069 si
673 3009 874 3090 impiis
902 3011 1185 3072 offeratur
1215 3027 1247 3071 a
1300 3009 1470 3071 nobis
1529 3011 1871 3090 hujusmodi
1915 3032 2013 3074 sa-

2106 1946 2222 2000 Υἱὸν
2265 1946 2352 2000 καὶ
2414 1942 2646 2020 Πατέρατ
2726 1963 2749 1997 α
2802 1939 2882 1998 Ἑῖ
2939 1962 3018 2004 τις
3065 1938 3280 2020 ἔρχεται
3333 1941 3464 2018 πρὸς
3523 1941 3684 2014 ὑμᾶς.
3723 1961 3746 1994 Β

2105 2030 2533 2112 Ἐξασιραλίζεται
2560 2019 2696 2094 τοὺς
2747 2031 2879 2107 πρὸς
2911 2031 2997 2091 οὖς
3044 2029 3079 2096 ἡ
3146 2019 3459 2104 Ἐπιστολὴ,
3506 2026 3584 2083 ὅτι
3622 2025 3753 2089 εἴτις

2103 2125 2182 2197 μὴ
2238 2123 2372 2197 μετὰ
2429 2123 2525 2188 τῆς
2585 2117 2870 2196 ὁμνιλογίας
2930 2117 3126 2183 ταύτης
3181 2117 3395 2196 ἔρχεται
3450 2118 3578 2196 πρὸς
3619 2119 3754 2191 ὑμᾶς

2102 2212 2181 2287 μὴ
2211 2209 2372 2286 μόνον
2433 2209 2636 2275 σκέπης
2694 2208 2819 2285 παρ’
2881 2209 3026 2282 ὅμῶν
3083 2207 3161 2280 μὴ
3205 2205 3538 2286 τυγχανέτω,
3612 2205 3752 2262 ἀλλὰ

2103 2299 2240 2376 μηδὲ
2296 2297 2633 2378 προρρήσεως
2705 2297 2976 2369 ἆξιούσθω,
3039 2291 3266 2374 ἀκριϐῶς
3327 2302 3491 2351 ταῦτα
3561 2295 3754 2374 λέγων,

2103 2393 2178 2454 ὡς
2238 2395 2336 2456 τῆς
2405 2386 2742 2467 προῤῥήσεως
2786 2386 2982 2452 ταύτης
3055 2397 3170 2448 τοῖς
3228 2382 3546 2464 ὁμοτρόποις
3605 2386 3757 2458 ἡμῶν

2104 2479 2285 2554 μόνοις
2318 2478 2404 2533 καὶ
2463 2475 2768 2550 ὁμοπίστοις
2801 2471 3176 2554 ὀφειλομένης,
3235 2474 3342 2530 Τίνι
3397 2474 3488 2552 -ὁὰρ
3547 2474 3750 2553 χαίρεις

2103 2566 2372 2641 εὒξὸμεθα,
2437 2561 2554 2620 ἀλλ’
2600 2564 2644 2620 ὢ
2698 2577 2814 2628 τοῖς
2872 2563 3191 2640 ὁμοτρόποις
3251 2563 3341 2618 καὶ
3391 2564 3752 2638 ὁμοπίσῖοις;

2106 2648 2281 2714 ΗΩσ-ιτε
2316 2659 2358 2712 εἰ
2416 2669 2534 2720 τοῖς
2590 2652 2799 2711 ἀσεϐέσι
2870 2654 3250 2732 προσενεχθείη
3294 2653 3417 2733 παρ’
3491 2655 3645 2728 ἡμῶν
3717 2662 3752 2721 η

2098 2747 2318 2813 τοιαύτη
2391 2744 2698 2824 πρόρρησις,
2757 2743 2966 2807 πάντως
3019 2744 3092 2806 ὡς
3151 2741 3468 2821 ὁμοτρόποις
3527 2743 3613 2797 καὶ
3658 2764 3754 2797 πι-

2103 2849 2251 2900 στοῖς
2277 2834 2646 2915 προσηνέχθη,
2679 2835 2766 2890 καὶ
2819 2832 3060 2888 κοινωνοὶ
3116 2832 3271 2906 ἡμῶν
3327 2829 3632 2910 ἐλήφθησαν
3668 2829 3752 2886 διὰ

2097 2927 2302 2999 τούτου,
2361 2925 2448 2980 καὶ
2490 2923 2575 2980 ἐπὶ
2623 2924 2684 2978 τὸ
2742 2923 2940 2978 ἑαυτῶν
2987 2920 3122 2996 ἡμᾶς
3183 2920 3520 2977 κατέσπασαν
3581 2920 3751 3000 βάρα-

2097 3019 2245 3093 θρον.

367 3096 509 3158 lutis
541 3098 822 3178 precatio,
859 3102 1064 3180 utique
1093 3108 1370 3180 tanquam
1404 3098 1684 3160 ﬁdelibus
1715 3108 1772 3160 et
1798 3101 1891 3162 bis
1923 3104 2023 3184 qui
2076 3101 2365 3166 similium
2415 3109 2556 3164 sunt
2589 3118 2820 3163 morum
2854 3097 3049 3160 oblata
3079 3106 3190 3175 est,
3224 3115 3292 3160 ac
3325 3115 3430 3180 per
3468 3097 3580 3159 hoc
3605 3097 3753 3159 socii

364 3204 398 3248 a
429 3186 602 3249 nobis
634 3188 920 3267 assumpti
951 3198 1110 3264 sunt,
1143 3207 1370 3270 nosque
1401 3189 1472 3250 ad
1507 3208 1680 3250 suum
1713 3189 2053 3255 barathrum
2082 3193 2486 3257 detraxerunt.

1017 3296 1257 3362 CAPUT
1302 3297 1376 3360 ΙΙ.

481 3397 816 3460 Promissio
844 3401 916 3463 de
942 3420 1051 3463 suo
1081 3403 1350 3464 adventu
1381 3400 1452 3464 ob
1479 3419 1647 3481 spem
1670 3401 1896 3479 futura

1026 3482 1344 3544 utilitatis.

441 3578 862 3654 I,12-i3.0um
894 3583 1086 3646 multa
1136 3584 1417 3646 haberem
1466 3585 1632 3646 vobis
1664 3585 2011 3668 scribenda,

358 3670 541 3729 nolui
560 3687 667 3748 per
687 3669 954 3734 chartam
987 3680 1043 3735 et
1072 3679 1510 3736 atramentum.
1547 3673 1672 3736 Sed
1714 3691 1888 3754 spero
1920 3692 2016 3738 me

359 3765 680 3820 venturum
711 3761 796 3821 ad
824 3778 949 3842 vos,
979 3768 1034 3824 at
1058 3770 1414 3842 praesentem
1437 3763 1839 3842 praesentibus
1863 3763 2019 3825 locu-

357 3859 587 3925 turum,
622 3861 692 3914 ut
721 3854 1012 3930 gaudium
1038 3863 1319 3918 nostrum
1349 3857 1431 3917 sit
1463 3855 1843 3935 completum.
1895 3859 2015 3919 Sa-

359 3940 557 4003 lutant
588 3947 642 4004 te
665 3941 783 4021 ﬁlii
811 3948 1040 4006 sororis
1073 3953 1192 4008 tua:
1218 3944 1444 4008 Electa:
1503 3949 1708 4007 Amen.

440 4030 687 4091 Causam
717 4030 1021 4095 brevitatis
1053 4033 1332 4114 Epistolze
1367 4043 1426 4096 et
1471 4034 1532 4098 in
1589 4036 1696 4097 hac
1729 4043 1788 4097 el
1819 4035 1878 4095 iu
1913 4053 2014 4096 se-

356 4118 558 4198 quenti
591 4119 794 4180 docuit
825 4122 977 4182 hanc
1010 4122 1331 4202 esse,quod
1391 4133 1658 4203 speraret
1713 4143 1776 4186 se
1805 4123 1880 4184 ad
1913 4143 2015 4185 eos

357 4214 927 4290 venturum,suaque
959 4213 1270 4290 prmsentiu
1298 4221 1354 4273 et
1384 4221 1624 4291 aspectu
1674 4213 2014 4274 addilurum

360 4313 495 4375 quze
524 4296 946 4359 deessent.Per
969 4301 1078 4360 hoc
1108 4313 1307 4361 autem
1339 4300 1493 4381 quod
1525 4301 1714 4372 addit,
1750 4300 2012 4364 Salutant

360 4391 416 4443 te
449 4383 555 4444 filii
585 4386 807 4446 sororis
828 4395 938 4448 ture
969 4386 1421 4467 Eleclaa,volunt
1444 4390 1712 4450 nonnulli
1745 4400 2014 4452 astruere

2731 3301 2980 3357 ΚΕΦΑΔ.
3030 3285 3112 3356 B'.

2107 3426 2130 3461 ε
2207 3402 2532 3483 Ἐπαγγελία
2602 3399 2885 3483 παρουσίας
2958 3397 3116 3454 αὑτοῦ
3199 3395 3286 3454 ἐπ’
3367 3394 3535 3453 ἑλπίδι
3621 3398 3750 3474 πρὸς

2751 3478 3030 3559 ὠφέλειαν,
3067 3501 3094 3532 ι

2185 3612 2211 3643 α
2261 3586 2441 3645 Πολλὰ
2471 3584 2613 3665 ἔχων
2670 3585 2799 3658 ὑμῖν
2841 3578 3080 3660 γράφειν³
3153 3579 3247 3636 οὒκ
3313 3575 3617 3648 ἠϐουλήθην
3664 3576 3748 3635 διὰ

2101 3679 2304 3759 χάρτου
2329 3678 2417 3734 καὶ
2447 3675 2698 3752 μέλανος.
2733 3669 2898 3729 Ἀλλὰ
2926 3669 3121 3740 ὶλπίζω
3153 3668 3349 3759 *ἐλθεῖν
3405 3669 3534 3747 πρὸς
3581 3670 3742 3747 ἷθμᾶς²

2102 3757 2192 3824 καὶ
2222 3769 2395 3842 στόμα
2445 3766 2575 3845 πρὸς
2607 3763 2778 3836 στόμα
2838 3759 3091 3834 λαλῆσαι,
3135 3757 3228 3813 ἵνα
3283 3759 3317 3824 ἡ
3353 3760 3497 3837 χαρὰ
3524 3759 3679 3832 ἡμῶν
3710 3759 3747 3834 ᾗ

2101 3854 2524 3932 πεπληρωμένη.
2557 3850 2874 3922 Ἀσπάζεταί
2915 3869 2973 3903 σε
3004 3849 3069 3904 τὰ
3138 3846 3296 3903 τέκνα
3351 3852 3449 3914 τῆς
3506 3845 3742 3927 ἀδελφῆς

2101 3969 2192 4002 σοτ
2223 3943 2654 4012 τηςἚκλεκτῆς.
2692 3937 2890 4015 Ἀμήν,
2943 3961 2970 3992 ι

2181 4037 2290 4103 Τὴν
2332 4033 2387 4092 δὲ
2431 4035 2596 4090 αἰτίαν
2636 4037 2727 4087 τοῦ
2759 4030 3016 4102 σύντομον
3075 4025 3316 4083 ἐκθέσθαι
3363 4024 3458 4093 τήν
3493 4023 3747 4082 Ἐπιστο-

2098 4126 2222 4205 λὴν,
2255 4126 2341 4181 καὶ
2371 4124 2588 4180 ἐνταῦθα
2616 4121 2698 4198 κρὶ
2755 4119 2810 4174 ἐν
2863 4123 2930 4194 τῇ
2984 4117 3119 4191 μετὰ
3187 4115 3406 4193 ταύτην,
3465 4115 3618 4177 αὐτὸς
3652 4113 3748 4170 ἐδί-

2098 4203 2239 4290 δαξε,
2313 4214 2371 4270 τὸ
2429 4212 2654 4284 ἐλπίζειν
2705 4207 3109 4287 παραγενέσθαι,
3199 4207 3288 4260 καὶ
3354 4203 3421 4260 δι’
3492 4205 3748 4278 αὐτοψίας

2097 4306 2163 4361 τὰ
2213 4303 2521 4360 ἐλλείποντα
2565 4302 2891 4380 προσθεῖναι.
2957 4297 3054 4351 Διὰ
3123 4291 3177 4348 δὲ
3246 4300 3338 4350 τοῦ
3409 4295 3742 4373 προσθεῖναι,

2098 4393 2386 4464 ἀσπάζεταί
2413 4393 2472 4448 οὗ
2513 4393 2579 4447 τὰ
2634 4389 2794 4444 τέκνα
2835 4387 2930 4454 τῆς
2973 4382 3203 4464 ἀδελφῆς
3247 4405 3340 4442 σου
3389 4388 3485 4450 τῆς
3543 4380 3736 4440 Ἐκλε-

357 4472 513 4552 quod
549 4490 667 4532 non
691 4473 762 4533 ad
799 4475 1107 4539 mulierem
1137 4476 1433 4538 scribatur
1463 4477 1750 4558 Epistola,
1801 4479 1908 4540 sed
1939 4478 2011 4540 ad

2109 4489 2250 4550 ιτῆς,
2286 4481 2559 4559 βούλονταί
2599 4500 2736 4542 τινες
2785 4473 3051 4554 βεϐαιοῦν,
3099 4477 3172 4536 ὡς
3221 4473 3280 4529 οὗ
3323 4474 3452 4552 πρὸς
3511 4485 3740 4550 γυναῖκα

358 4560 685 4622 Ecclesiam
714 4579 727 4623 :
767 4563 840 4624 de
870 4584 987 4646 quo
1019 4566 1160 4628 nihil
1187 4568 1518 4647 disceptare
1549 4567 1810 4629 decrevi.

355 4751 548 4827 Finis,
578 4753 788 4817 divino
815 4756 1339 4900 faventeEauatilz'o,
1373 4760 1629 4820 Joannis
1664 4760 2015 4839 posteriori:

1103 4855 1196 4900 ms
1223 4858 1256 4898 o
1282 4856 1356 4900 ae.

1100 4855 1356 4918 pistotoe.

435 4974 486 5018 ³⁸
517 4972 707 5038 Exod.
740 4995 878 5042 xxx.

965 4981 1028 5030 54
1056 4982 1224 5045 Joan.
1260 4997 1381 5053 xxv,
1414 4981 1476 5046 9.
1560 4981 1625 5033 33
1653 4983 1858 5047 Matth.
1891 4999 1952 5056 ι,
1985 4984 2085 5048 40.

2033 4573 2130 4638 Di}
2159 4557 2474 4644 Ἐπιστολὴ,
2509 4567 2644 4625 ἁλλὰ
2667 4567 2796 4646 πρὸς
2839 4562 3182 4630 Ἐκκλησίαν.
3217 4563 3340 4641 Περὶ
3396 4561 3456 4618 οὗ
3485 4557 3634 4617 σῦδὲν
3662 4567 3740 4634 τῷ

2093 4658 2398 4736 βουλομένῳ
2425 4656 2770 4737 διενεχθείην.

2305 4787 2325 4818 ε
2355 4759 2537 4836 Τέλος,
2585 4761 2674 4816 σὺν
2708 4765 2844 4838 Θεῴ²
2891 4763 2988 4838 τῆς
3033 4756 3278 4815 Ἰωάννου
3311 4754 3552 4833 δευτέρας

2704 4836 3022 4904 Ἐπιστολῆς
3034 4882 3046 4896 .
3089 4861 3114 4892 ι
