4106 6474
431 479 537 546 ’701

431 623 545 696 τοῦ,
631 614 1116 692 ἀναλαμϐάνεσθαι,
1204 613 1587 696 ὑποδέχεσθαι,

1434 485 1831 549 COMMENT.
1881 487 1961 548 IN
2009 484 2250 548 EPIST.
2296 484 2384 547 IlI
2427 480 2770 549 JOANNIS.

3702 484 3820 550 7οἰ

1675 619 1749 681 ὡς
1832 618 1919 696 καὶ
2001 619 2086 693 τὸ,

2181 618 2358 678 mitur
2386 635 2497 695 pro
2557 614 3041 697 ἀναλαμϐάνεσθαι,
3086 617 3145 679 id
3179 626 3291 693 est,
3316 619 3622 700 suscipere
3650 621 3828 685 veluti

439 721 468 761 ι
515 695 810 761 ’Υπέλαϐόν
851 726 920 781 με
950 705 1077 762 ὡσεὶ
1118 703 1252 762 λέων
1282 695 1492 781 ἕτοιμος
1550 708 1622 770 εἷς
1651 695 1842 786 θήραν.
1872 728 1901 765 ι
1938 713 2078 763 Παι-

2181 722 2293 769 :um
2325 705 2597 770 dicitur:
2635 728 2660 765 α
2697 695 3100 787 Susceperunt
3131 724 3227 768 me
3251 707 3404 770 sicut
3433 695 3525 770 le'o
3561 719 3819 790 paratus.

434 790 566 850 δεύει
598 791 654 850 δὲ
702 792 787 851 διὰ
835 794 1020 851 τούτου
1065 795 1229 869 ἡμᾶς,
1276 793 1353 869 μὴ
1395 793 1669 870 ἀναμένειν
1725 796 1846 859 τοὺς
1889 792 2079 869 δεομὲμ-

2181 794 2234 856 Id
2269 796 2527 877 prmdam
2557 797 2645 858 36.
2661 820 2683 855 ι
2715 797 2829 859 Per
2850 795 2962 856 hoc
2985 803 3181 857 autem
3206 795 3447 859 instruit
3466 816 3575 860 nos
3596 819 3673 862 ne
3692 818 3827 881 ege-

432 903 571 955 νους,
603 882 733 940 πότε
761 884 891 963 πρὸς
918 885 1062 958 ἡμᾶς
1108 881 1351 962 ἔλθωσιν,
1402 881 1523 940 ἀλλ’
1552 884 1739 950 αὐτοὺς
1782 883 2084 965 ἂπιτρέχειν

430 972 517 1028 καὶ
547 969 918 1047 καταδιώκειν,
967 974 1041 1034 ὡς
1087 974 1116 1029 ὃ
1148 968 1392 1051 Ἀϐραὰμ
1423 973 1509 1029 καὶ
1538 975 1565 1030 ὁ
1595 974 1737 1032 Λώτ.

526 1169 555 1209 ε
615 1140 875 1229 ’Ἔγραψα
917 1157 986 1228 τῇ
1044 1147 1355 1223 Ἐκκλησία,
1401 1148 1535 1207 ’ἀλλ’
1595 1152 1624 1208 ὁ
1679 1150 2089 1230 φιλοπρωτεύων

433 1243 603 1298 αὐτῶν
667 1239 956 1321 Διοτρεφῆς
1022 1242 1114 1298 οὐκ
1185 1236 1484 1319 ἐπιδέχεται
1542 1240 1712 1315 ἡμᾶς.
1779 1242 1876 1297 Διὰ
1934 1250 2089 1299 τοῦτο

433 1328 524 1384 ἐὰν
576 1326 732 1408 ἔλθω,
793 1330 1089 1405 ὑπομνήσω
1132 1329 1289 1386 αὐτοῦ
1358 1329 1424 1384 τὰ
1496 1326 1623 1408 ἔργα
1667 1330 1701 1385 ἃ
1768 1342 1939 1403 ποιεῖ,
1986 1328 2086 1386 λό-

433 1439 550 1496 γοις
594 1429 857 1494 πονηροῖς
915 1417 1159 1498 φλυαρῶν
1212 1419 1382 1491 ἡμᾶς.
1458 1419 1555 1476 Καὶ
1622 1418 1698 1494 μὴ
1768 1419 2089 1499 ἀρκούμενος

436 1506 521 1563 ἐπὶ
607 1506 837 1586 τούτοις,
924 1506 1041 1565 οὕτε
1128 1507 1280 1571 αὒτός
1362 1504 1665 1586 ἐπιδέχεται
1728 1509 1849 1572 τοὺς
1932 1506 2088 1565 ἀδελ-

432 1597 582 1677 φοὺς,
641 1598 730 1652 καὶ
787 1597 907 1659 τοὺς
977 1594 1327 1673 βουλομένους
1396 1594 1613 1671 κωλύει,
1689 1599 1778 1654 καὶ
1861 1600 1923 1654 ὲκ
1992 1598 2088 1666 τῆς

434 1684 757 1755 Ἐκκλησίας
843 1685 1112 1751 ἐκϐάλλει,
1217 1684 1517 1765 Ἀγαπητὲ,
1621 1687 1699 1764 μὴ
1784 1697 1949 1765 μιμοῦ
2028 1691 2089 1746 τὸ

431 1778 621 1851 κακὸν,
694 1774 831 1833 ἀλλὰ
895 1778 956 1832 τὸ
1025 1776 1244 1855 ἀγαθόν.
1323 1765 1379 1833 αΟ
1450 1775 1786 1854 ἀγαθοποιῶν
1868 1775 1930 1833 ἐκ
1996 1783 2090 1834 τοῦ

433 1867 568 1922 Θεοῦ
648 1863 788 1921 ἐστιν
822 1880 838 1898 ⁶
912 1868 940 1921 ὁ
1023 1862 1079 1920 δὲ
1167 1871 1470 1922 κακοποιῶν
1540 1867 1644 1945 οὐχ
1714 1865 1914 1945 ἑώρακε
1997 1866 2090 1923 τὸν

435 1962 569 2012 Θεον
580 2002 591 2013 .
634 1977 659 2008 η

523 2067 546 2099 (ι
611 2034 936 2121 ’Υπομνήσω
1003 2045 1162 2100 αὐτοῦ
1229 2043 1296 2102 τὰ
1365 2042 1494 2122 ἔργα
1574 2044 1609 2101 ἃ
1689 2056 1861 2107 ποιεῖ,
1911 2067 1940 2098 ι
2032 2046 2089 2103 Εἰ

432 2132 819 2212 προστέτακται
864 2133 942 2209 μὴ
1000 2129 1262 2191 ἀντιδόναι
1333 2136 1496 2189 κακὸν
1551 2132 1666 2189 ἀντὶ
1728 2138 1917 2205 κακοῦ,
1977 2136 2089 2199 πῶς

428 2224 586 2288 οὗτος
636 2229 725 2279 νῦν
808 2220 1023 2278 ἀπειλεῖ
1105 2229 1316 2301 ταῦτας
1368 2223 1551 2297 Φαμὲν
1608 2227 1720 2300 οὖν,
1781 2222 1854 2284 ὡς
1907 2220 2090 2296 ἐκείνῳ

427 2309 511 2388 μή
563 2308 879 2369 ἀντιδιδόναι
921 2312 956 2379 ἡ
1014 2309 1200 2377 ἒντολη
1245 2310 1405 2390 αὕτη,
1477 2316 1554 2384 τῷ
1613 2312 1685 2374 εἷς
1770 2312 1914 2386 ἡμᾶς
1999 2311 2088 2368 αύ-

429 2402 555 2466 τοὺς
627 2399 819 2477 μόνους
874 2400 1251 2480 ἁμαρτάνοντι,
1327 2400 1441 2456 ἐπεὶ
1497 2402 1543 2455 εἱ
1621 2401 1657 2467 ἡ
1730 2401 1861 2477 πρὸς
1941 2402 2087 2477 ἡμᾶς

428 2491 686 2569 ἁμαρτία,
731 2490 820 2547 καὶ
872 2491 944 2551 εἰς
989 2490 1089 2557 την
1144 2488 1318 2547 πίστιν
1390 2487 1640 2565 ἐμπόδιον
1716 2488 1856 2568 φέρει
1922 2490 2088 2547 ἀντα-

430 2579 712 2651 ποδοτέον.
756 2586 832 2654 τῷ
885 2579 1133 2659 τοιούτῳ,
1190 2579 1262 2644 ὡς
1324 2580 1411 2636 καὶ
1470 2576 1677 2643 Παῦλος
1736 2583 1814 2652 τῷ
1884 2575 2089 2656 Ἐλύμᾳ

424 2671 526 2733 τὰς
599 2667 748 2732 ὁδοὺς
805 2667 1164 2748 διαστρέφοντι
1212 2670 1416 2746 Κυρίου,
1475 2690 1496 2719 ιι
1530 2665 1811 2745 Φλυαρῶν.
1862 2688 1889 2725 ι
1957 2666 2087 2725 Ἀν-

425 2760 480 2815 τὶ
507 2765 601 2816 τοῦ
629 2755 898 2836 λοιδορῶν,
948 2755 1277 2834 κακολογῶν.
1327 2778 1350 2811 ε
1387 2757 1474 2824 Μὴ
1520 2756 1691 2831 μιμοῦ
1738 2758 1799 2812 τὸ
1828 2757 2013 2821 κακόν,
2051 2778 2080 2817 ι

432 2845 713 2924 Μηδεμιᾶς
780 2844 941 2913 οὔσης
1012 2844 1288 2909 κοινωνίας
1332 2845 1466 2922 φωτὶ
1520 2845 1650 2924 πρὸς
1696 2842 1908 2918 σκότος,
1970 2869 2085 2921 μη-

431 2938 491 2994 δὲ
548 2936 851 3015 σλμφωνίας
904 2940 1129 3015 Χριστοῦ
1186 2937 1318 3008 πρὸς
1404 2932 1614 3012 Βελίαρ,
1687 2933 1746 2990 οῦ
1813 2935 1925 3014 χρὴ
1995 2937 2086 2991 τὸν

430 3028 541 3085 ἀπὸ
600 3032 699 3094 τῆς
774 3035 867 3084 τοῦ
953 3030 1176 3104 Χριστοῦ
1255 3022 1589 3102 ἐπιγνώσεως
1661 3023 2083 3104 πεφωτισμένον,

429 3126 513 3193 τῷ
573 3117 751 3173 σκότει
806 3115 1159 3193 συμφύρεσθαι
1221 3111 1305 3169 διὰ
1363 3113 1642 3188 μιμήσεως
1685 3118 1792 3193 τῶν
1834 3109 2086 3169 ἀσεϐούν-

429 3230 564 3286 των,
611 3204 729 3272 ἦτοι
784 3218 902 3268 τοῖς
932 3192 1239 3281 ἀσελγέσιν
1296 3204 1467 3259 αὐτῶν
1511 3200 1706 3280 ἔργοις,
1771 3192 1861 3267 ’λίς
1917 3203 2017 3281 γαρ
2061 3205 2089 3258 ὁ

2171 901 2278 943 nos
2311 893 2723 964 exspectemus
2779 883 2973 945 donec
3030 885 3101 944 ad
3149 903 3259 946 nos
3290 885 3553 961 veniant,
3585 889 3690 951 sed
3723 908 3827 952 ac-

2170 990 2479 1035 curramus
2524 980 2584 1037 et
2618 976 3005 1055 insequamur
3034 972 3169 1034 illos
3206 994 3220 1033 :
3250 973 3407 1038 sicut
3437 975 3734 1041 Abraham
3767 988 3827 1044 et

2175 1063 2278 1122 Lot
2308 1059 2379 1122 37.

2254 1151 2300 1230 l,
2331 1152 2437 1214 5-1
2457 1153 2511 1212 1.
2545 1150 2784 1233 Scripsi
2813 1151 3124 1224 Ecclesiae,
3157 1152 3263 1214 sed
3291 1154 3344 1216 is
3374 1157 3482 1235 qui
3505 1166 3678 1219 amat
3685 1160 3827 1239 pri-

2169 1245 2405 1301 rnatum
2434 1257 2640 1319 gerere
2672 1243 2731 1302 in
2770 1242 2857 1302 eis
2887 1240 3263 1320 Diotrephes,
3293 1260 3415 1304 non
3447 1247 3671 1325 recipit
3701 1265 3824 1310 nos

2168 1334 2422 1408 propter
2444 1332 2555 1391 hoc
2584 1334 2641 1392 si
2667 1346 2881 1392 venero
2909 1346 3229 1408 suggeram
3277 1348 3462 1412 opera
3492 1333 3662 1397 illius
3692 1353 3825 1415 quae

2168 1415 2348 1494 facit,
2381 1417 2580 1480 verbis
2635 1419 2958 1489 malitiosis
3002 1418 3295 1499 garriens
3349 1426 3412 1482 in
3442 1439 3574 1485 nos.
3609 1424 3688 1487 Et
3716 1443 3829 1489 nec

2172 1505 2271 1568 his
2294 1514 2633 1587 contentus,
2665 1525 2788 1570 non
2814 1509 3013 1569 solum
3045 1524 3166 1568 non
3203 1510 3411 1589 recipit
3437 1510 3692 1594 fratres,
3726 1532 3825 1578 ve-

2176 1612 2314 1656 rum
2347 1595 2539 1658 etiam
2572 1597 2830 1659 volentes
2853 1596 3123 1676 recipere
3141 1596 3511 1675 prohibet,et
3541 1618 3573 1663 e
3589 1619 3831 1684 congre-

2168 1684 2417 1765 gatione
2436 1686 2624 1763 ejicit.
2664 1685 3057 1760 Charissime,
3114 1702 3190 1747 ne
3217 1687 3472 1751 imiteris
3500 1691 3660 1770 quod
3687 1710 3825 1756 ma-

2173 1775 2302 1834 lum
2349 1781 2458 1849 est,
2505 1774 2607 1837 sed
2659 1775 2819 1853 quod
2878 1774 3100 1837 bonum
3159 1782 3266 1836 est.
3318 1776 3434 1851 Qui
3469 1779 3615 1842 bene
3643 1781 3825 1860 facit,

2173 1877 2252 1924 ea:
2278 1862 2396 1924 Deo
2454 1871 2540 1927 est
2575 1884 2597 1926 :
2628 1870 2737 1945 qui
2786 1871 2995 1925 autem
3046 1861 3206 1925 male
3253 1863 3431 1943 facit,
3490 1887 3611 1931 non
3664 1872 3829 1936 videt

2114 1947 2148 1997 Β
2173 1948 2371 2011 Deum

2248 2038 2387 2098 617
2452 2064 2471 2095 ι
2513 2039 2835 2120 Suggeram
2898 2039 3051 2102 facta
3103 2038 3264 2101 illius
3321 2061 3454 2125 quae
3505 2045 3668 2108 facit.
3704 2071 3728 2106 ι
3762 2047 3827 2112 Si

2172 2135 2537 2217 praeceptum
2567 2139 2658 2192 est
2689 2148 2804 2190 non
2837 2127 3208 2204 reddendum
3243 2147 3379 2194 esse
3441 2134 3664 2196 malum
3719 2156 3824 2217 pro

2175 2215 2522 2296 malo,quod
2541 2219 2718 2280 modo
2738 2218 2849 2279 iste
2869 2235 3024 2279 nunc
3048 2217 3172 2278 haec
3205 2221 3600 2286 comminatur
3617 2224 3647 2285 ?
3662 2215 3824 2289 Dici-

2174 2321 2306 2364 mus
2346 2322 2487 2385 ergo
2522 2325 2639 2387 quo
2684 2307 2798 2368 hoc
2821 2315 3181 2388 praeceptum
3199 2325 3289 2368 esr
3312 2310 3826 2379 neillireddamus

2174 2392 2391 2453 malum
2427 2394 2527 2474 qui
2589 2395 2649 2456 in
2700 2414 2809 2457 nos
2866 2395 3030 2476 ipsos
3089 2394 3247 2456 solos
3272 2396 3525 2477 deliquit
3552 2419 3565 2464 :
3596 2402 3742 2465 Nam
3776 2405 3825 2468 si

2172 2489 2480 2575 peccatum
2512 2485 2950 2575 estAadversum
2983 2500 3110 2549 nos.
3133 2492 3208 2575 et
3238 2484 3378 2575 ﬁdei
3428 2489 3593 2551 affert
3627 2492 3823 2575 impe-

2170 2568 2916 2666 dimentum,rel‘ere_ndum
2952 2581 3044 2666 est
3071 2572 3355 2666 tali,si_c_u_t
3384 2583 3441 2636 et
3468 2576 3681 2666 Paulus
3699 2568 3827 2666 Ely-

2174 2676 2282 2719 maa
2317 2661 2420 2739 qui
2454 2663 2827 2741 pervertebat
2856 2663 2977 2723 vias
3028 2662 3258 2724 Domini
3278 2662 3354 2727 38.
3395 2689 3421 2720 α
3450 2661 3817 2734 ϐετνίθηε,’»

2149 2744 2294 2808 Huc
2324 2758 2440 2824 est,
2466 2752 2736 2813 convicia
2760 2751 2990 2833 jaciens
3016 2759 3075 2810 et
3101 2750 3493 2819 maledicens.
3530 2757 3651 2821 «Ne
3681 2752 3822 2823 imi-

2172 2835 2316 2896 teris
2352 2844 2509 2917 quoal
2546 2840 2764 2901 malum
2799 2848 2908 2902 est.
2950 2863 2975 2894 ι
3011 2841 3155 2902 Cum
3186 2839 3346 2900 nulla
3376 2841 3452 2903 sit
3482 2850 3825 2913 communio

2172 2925 2284 2986 luci
2334 2944 2468 2988 cum
2520 2929 2802 3010 tenebris,
2860 2946 3058 3011 neqne
3090 2928 3210 2990 ulla
3237 2934 3560 2997 concordia
3590 2937 3823 3003 Christo

2173 3031 2307 3108 cum
2334 3016 2519 3108 Belial
2541 3015 2615 3078 39.
2650 3020 2783 3081 Non
2814 3025 3203 3108 oportetyeum
3224 3018 3342 3108 qui
3373 3021 3592 3086 Christi
3614 3029 3819 3108 cogni-

2173 3104 2333 3194 tione
2358 3104 2685 3168 illustratus
2716 3115 2829 3189 est,
2854 3106 3234 3169 commisceri
3256 3109 3521 3173 tenebris
3542 3133 3651 3194 per
3678 3104 3819 3180 imi-

2174 3191 2457 3255 tationem
2513 3194 2857 3277 impiorum,
2919 3196 3041 3257 sive
3093 3195 3332 3258 lascivis
3389 3206 3448 3262 et
3504 3191 3824 3284 impudicis

429 3270 645 3375 ἀγαθὰ,
688 3296 869 3376 φησὶν,
925 3270 1273 3372 ἐργαζόμενος
1341 3294 1404 3348 ὲκ
1483 3270 1593 3349 τοῦ.
1628 3297 1759 3349 Θεοῦ
1809 3270 1943 3365 ἐστι,
1990 3270 2091 3352 ’καὶ

2181 3300 2382 3344 eorum
2414 3270 2718 3364 cperibus.
2755 3270 3222 3376 Qemailmodum
3256 3285 3414 3347 enim
3469 3288 3520 3350 is
3542 3270 3640 3373 qui
3673 3294 3825 3359 bona

432 3393 514 3461 τῷ
572 3390 672 3453 τῆς
737 3383 1076 3462 ἐπιγνώσεως
1133 3382 1291 3439 αὐτοῦ
1345 3383 1477 3463 φωτὶ
1532 3382 1622 3436 τὸν
1683 3382 1862 3459 νοερὸν
1936 3383 2093 3439 αὐτοῦ

430 3473 704 3553 ὀφθαλμὸν
730 3471 1174 3551 κατηρτισμένος,
1220 3472 1308 3527 καὶ
1350 3468 1434 3527 διὰ
1476 3480 1636 3528 ταῦτα
1694 3467 1816 3535 ὅλος
1875 3491 1931 3525 τε
1978 3475 2090 3548 φῶς

430 3564 533 3645 ὢν,
565 3565 655 3620 καὶ
683 3565 779 3642 ὁρᾷ
801 3563 864 3618 τὸ
895 3560 1061 3624 ὄντως
1116 3562 1229 3640 φῶς
1271 3563 1362 3617 τὸν
1403 3562 1554 3639 Θεὸν,
1619 3560 1706 3616 καὶ
1760 3562 1942 3636 ὁρᾶται
1993 3561 2092 3615 ὕπὸ

430 3657 543 3710 τῶν
625 3647 802 3707 ἄλλων
883 3649 1101 3728 φωστὴρ
1169 3649 1223 3705 ἐν
1300 3655 1378 3723 τῷ
1435 3648 1643 3726 κόσμῳ,
1718 3646 1875 3726 λόγον
1948 3651 2089 3720 ζωῆς

432 3739 652 3820 ἐπέχων
685 3755 699 3769 ’
764 3739 902 3797 οὕτω
943 3740 1032 3795 καὶ
1074 3741 1102 3795 ὁ
1144 3740 1210 3794 τὰ
1264 3739 1404 3796 κακὰ
1459 3735 1805 3815 ἐργαζόμενος
1864 3735 1917 3792 ἐν
1962 3739 2084 3793 σκό-

430 3851 513 3886 τει
570 3827 1032 3907 διαπορευόμενος,
1096 3827 1213 3885 οὔτε
1282 3829 1435 3892 αὐτὸς
1516 3829 1640 3904 ὁρᾷν
1714 3827 1843 3882 Θεὸν
1927 3824 2089 3882 6w:-

431 3941 545 3987 ται,
609 3918 872 3986 τουτέστι,
931 3918 996 3973 τὰ
1065 3926 1157 3976 τοῦ
1226 3924 1358 3974 Θεοῦ
1427 3916 1696 3995 πράττειν,
1744 3913 1860 3970 οὔτε
1907 3911 2090 3979 ἄλλοις

437 4011 653 4086 ὁρᾶσθαι
724 4008 1072 4086 κατευθύνων,
1116 4004 1253 4063 ἀλλά
1309 4006 1535 4079 μισητός
1595 4002 1735 4060 ἐστιν
1782 4003 1948 4060 ἅπασι
2004 4006 2092 4061 καὶ

438 4096 836 4176 ἑϐδελυγμένος,
867 4098 1004 4153 κατὰ
1032 4098 1117 4177 τὸ,
1187 4117 1209 4150 ι
1248 4093 1476 4152 Ἀδικίαν
1507 4094 1757 4170 ἐμίσησα,
1792 4090 1973 4171 λόγιον
2002 4093 2091 4149 καὶ

439 4184 790 4263 ἐϐδελυξάμην
821 4186 1008 4266 σοφὸν,
1048 4207 1072 4241 ο

1064 4387 1316 4443 actam.
1366 4369 1444 4438 ις’.

551 4518 574 4553 ε
612 4498 731 4576 Περὶ
767 4496 1073 4574 Δημητρίου
1104 4509 1119 4525 '
1154 4498 1199 4569 ᾧ
1241 4506 1497 4575 μαρτυρεῖ
1537 4493 1605 4549 τα
1635 4490 1910 4550 κάλλιστα.
1947 4515 1974 4544 ι

527 4624 554 4655 α
592 4599 883 4679 Δημητρίῳ
912 4599 1309 4677 μεμαρτύρηται
1339 4598 1441 4652 ὑπὸ
1461 4597 1673 4652 πάντων
1702 4597 1790 4651 καὶ
1817 4592 1904 4651 ὑπ’
1924 4596 2087 4662 αὗτής
2119 4633 2158 4681 D

438 4696 537 4759 τῆς
569 4689 842 4757 ἀληθείας,
881 4690 976 4747 Καὶ
1024 4690 1188 4763 ἡμεῖς
1236 4684 1291 4742 δὲ
1339 4692 1723 4764 μαρτυροῦμεν,
1770 4686 1857 4740 καὶ
1886 4683 2089 4763 οἴδατε,

443 4778 522 4837 ὅτι
552 4781 588 4848 ἡ
625 4779 883 4858 μαρτυρία
910 4779 1066 4852 ἡμῶν
1096 4774 1298 4846 ἀληθής
1342 4775 1473 4835 ἐστι.
1516 4800 1543 4831 a

531 4977 561 5018 (
611 4949 742 5014 Ὑπὸ
813 4956 1047 5015 πάντων.
1115 4979 1138 5013 0
1213 4954 1621 5033 Μεμαρτύρηται
1689 4953 1790 5008 ὑπὸ
1858 4950 2093 5028 πάντων,

447 5054 550 5105 τῶν
592 5048 691 5116 τὴν
735 5045 988 5116 ἀλήθειαν
1017 5043 1267 5113 δηλονότι
1300 5043 1562 5124 ἐχόντων,
1610 5066 1630 5097 ο
1673 5044 1769 5100 Καὶ
1813 5039 1907 5098 ὑπ’
1934 5041 2097 5110 αὐτῆς

447 5142 545 5204 τῆς
575 5135 846 5208 ἀληθείας,
886 5157 912 5188 ιι
974 5140 1067 5192 τοῦ
1110 5133 1349 5211 ἐνεργοῦς
1394 5130 1578 5210 λόγου,
1629 5129 1746 5188 Εἱσί
1791 5129 1890 5208 γάρ
1933 5150 2096 5203 τινες,

449 5229 534 5290 οἷς
601 5237 947 5304 μαρτυρεῖται
1004 5222 1102 5299 μὲν
1159 5222 1345 5301 ἀρε-τη,
1417 5218 1820 5294 κατεψευσμένη
1891 5215 1943 5273 δὲ
2013 5216 2098 5274 ἐπὶ

449 5314 699 5395 ἀπράκτῳ
726 5311 894 5391 λόγῳ.
933 5313 989 5369 Εἰ
1019 5309 1075 5367 δέ
1101 5332 1182 5374 τις
1212 5312 1293 5378 τὸ,
1335 5304 1465 5367 ’Υπὸ
1495 5309 1730 5379 πάντων,
1763 5308 1849 5362 καὶ
1880 5305 1966 5363 ἐπὶ
1992 5311 2100 5362 τῶν

448 5402 679 5460 ἀπίστων
752 5398 991 5480 ἑκλεέϐοι,
1062 5398 1147 5455 διὰ
1221 5401 1282 5456 τὸ
1354 5397 1738 5477 περιληπτικὸν
1805 5403 1920 5475 τοῦ,
1966 5401 2094 5470 πᾶς,

450 5496 651 5571 μορίου,
727 5491 786 5546 οὗ
856 5494 1035 5553 κακῶς
1102 5490 1250 5552 οὗτος
1333 5483 1722 5562 ὑπολαμϐάνων
1807 5485 2096 5564 φωραθείη,

448 5575 847 5659 Ἀπροσκόπους
895 5578 995 5657 γὰρ
1038 5577 1179 5637 εἶναί
1234 5599 1364 5657 φησι
1436 5574 1641 5638 Παυλος
1700 5574 1820 5637 τοὺς
1881 5575 2099 5638 πιστοὺς

2176 3381 2459 3465 aperatur
2515 3394 2584 3436 ex
2644 3377 2767 3439 Deo
2824 3385 2934 3465 est,
2991 3383 3049 3465 et
3094 3373 3226 3436 luce
3257 3376 3610 3455 cognitionis
3638 3383 3827 3465 ipsius

2179 3461 2415 3555 oculum
2449 3480 2621 3525 suum
2681 3464 3148 3528 intellectualem
3180 3469 3535 3544 composuit,
3572 3461 3828 3555 cumque

2177 3567 2286 3629 per
2309 3551 2434 3613 haec
2484 3561 2636 3614 totus
2669 3555 2747 3615 sit
2795 3555 2917 3630 lux,
2953 3562 3012 3615 et
3035 3553 3190 3615 videt
3220 3555 3404 3617 Deum
3438 3561 3537 3638 qui
3569 3578 3705 3624 vera
3728 3551 3828 3628 lux

2177 3646 2288 3732 est,
2322 3641 2644 3732 etvidetur
2664 3643 2738 3705 ab
2768 3644 2899 3705 aliis
2931 3651 2992 3704 ut
3021 3642 3314 3704 luminare
3348 3648 3403 3706 in
3428 3650 3827 3732 mundo,ver-

2178 3725 2317 3789 bum
2350 3731 2479 3793 vitae
2507 3733 2808 3796 sustinens
2846 3752 2859 3797 :
2896 3734 2976 3796 ita
3019 3742 3076 3794 et
3105 3732 3206 3814 qui
3239 3733 3392 3795 mala
3423 3725 3729 3818 operatur,
3763 3744 3825 3807 in

2180 3818 2444 3911 tenebris
2465 3825 3003 3905 ambulans,neque
3020 3822 3148 3903 ipse
3172 3824 3357 3884 Deum
3389 3824 3589 3888 videre
3610 3837 3822 3911 potest,

2179 3906 2291 3969 boc
2345 3919 2459 3984 est,
2507 3930 2637 3993 quae
2696 3914 2799 3976 Dei
2845 3923 2985 3974 sunt
3039 3914 3261 3986 facere,
3316 3930 3510 3994 neque
3561 3906 3636 3980 ab
3692 3906 3827 3986 aliis

2177 3995 2386 4080 videri,
2413 3999 2461 4060 si
2493 4021 2668 4081 quem
2703 4002 3018 4081 redarguat
3047 4008 3148 4062 aut
3178 4001 3464 4076 Corrigat:
3493 4005 3598 4066 sed
3617 4026 3828 4074 omnes

2172 4085 2342 4148 illum
2379 4089 2634 4154 oderunt
2685 4101 2744 4153 et
2774 4091 3213 4169 abominantur,
3238 4089 3563 4169 juxlaillud
3592 4097 3830 4175 sapiens

2173 4177 2480 4318 oracqloum
2518 4197 2533 4243 :
2568 4181 2976 4262 «Iniquitatem
3003 4180 3140 4242 odio
3162 4180 3339 4241 habui
3371 4187 3430 4240 et
3456 4181 3831 4252 abominatus

2175 4282 2307 4318 sum
2406 4317 2413 4318 ,
2456 4293 2482 4318 ι

2175 4282 2308 4327 sum
2333 4282 2417 4332 4υ.
2454 4293 2482 4325 ι

2734 4368 2876 4431 618
2919 4367 3034 4433 CA!
3061 4367 3159 4432 UT
3203 4366 3277 4431 ΙΙ.

2176 4476 2265 4538 Dc
2322 4476 2650 4562 Demetrio,
2707 4483 2811 4544 cui
2853 4483 3142 4563 optimum
3172 4479 3366 4543 reddit
3396 4486 3831 4552 testimonium.

2256 4578 2304 4651 1,
2337 4580 2437 4644 19.
2504 4585 2806 4648 Dometrio
2871 4585 3274 4648 testimonium
3314 4584 3614 4649 redditum
3646 4597 3732 4653 est
3756 4594 3833 4654 ab

2177 4668 2480 4748 omnibus,
2514 4683 2574 4734 et
2600 4674 2676 4736 ab
2707 4680 2843 4756 ipsa
2872 4676 3128 4736 veritate
3171 4689 3186 4734 :
3219 4672 3322 4734 sed
3353 4681 3409 4733 et
3440 4692 3548 4735 nos
3576 4682 3832 4743 testimo-

2179 4761 2351 4820 nium
2376 4764 2787 4841 perhibemus,
2822 4771 2876 4827 et
2909 4765 3094 4827 nostis
3114 4764 3271 4842 quod
3297 4765 3699 4830 testimonium
3733 4789 3834 4832 no-

2178 4852 2375 4910 strum
2405 4868 2617 4914 verum
2644 4854 2751 4916 sit.

2271 4959 2294 4993 α
2328 4937 2420 5001 Ab
2476 4941 2806 5006 omnibus:
2861 4951 2999 5024 puta
3050 4943 3147 5023 qui
3205 4940 3508 5002 veritatem
3569 4960 3828 5014 servant.

2189 5046 2212 5082 ι
2241 5028 2314 5090 Et
2358 5028 2432 5090 ab
2463 5029 2590 5111 ipsa
2619 5032 2864 5094 veritate
2898 5049 2911 5094 :
2949 5056 2976 5087 κ
3012 5050 3142 5112 qua;
3173 5040 3259 5091 est
3305 5030 3566 5092 efficacia
3596 5052 3829 5100 sermo-

2181 5115 2295 5180 nis.
2330 5116 2479 5180 Sunt
2503 5120 2663 5180 enim
2690 5121 2931 5202 quidam
2969 5121 3186 5202 quibus
3206 5119 3386 5180 virtus
3410 5121 3683 5200 perhibet
3716 5136 3834 5191 tes-

2184 5205 2629 5284 timonium,sed
2648 5209 2962 5272 frustratur
2994 5209 3068 5271 ob
3099 5228 3437 5270 sermonem
3461 5209 3831 5281 incliicacem

2182 5296 2304 5358 sive
2334 5298 2620 5375 operibus
2678 5307 3005 5363 carentem.
3038 5299 3205 5372 Quod
3237 5300 3285 5360 si
3316 5298 3450 5380 quis
3481 5305 3831 5380 particulam

2186 5388 2274 5478 ᾼΙι
2306 5388 2796 5463 omnibus,etiam
2827 5388 3261 5453 deiufulelibus
3290 5389 3643 5470 accipiat,eo
3674 5404 3833 5478 quod

2185 5477 2416 5553 Omnis,
2454 5481 2924 5559 comprehendat
2983 5484 3318 5560 universos,
3370 5479 3466 5542 hic
3513 5501 3629 5544 non
3682 5477 3836 5553 male

2184 5586 2525 5634 sermonem
2578 5571 2860 5649 accipere
2916 5570 3418 5652 deprehendetur.
3465 5572 3605 5632 6Ιὸ
3660 5576 3838 5645 Jubei

525 5720 591 5774 ³6
620 5720 775 5786 Psal.
808 5734 933 5796 xvr,
964 5717 1067 5781 12.
1150 5719 1212 5770 37
1245 5717 1394 5785 Gen.
1441 5735 1545 5784 VIII
1576 5725 1635 5781 et
1662 5733 1825 5781 xvu.
1906 5714 1974 5767 38
2001 5719 2137 5784 Act.
2165 5734 2271 5800 xu,
2306 5717 2364 5778 8.
2447 5714 2513 5767 39
2539 5712 2590 5778 Il
2620 5717 2757 5781 Cor.
2789 5734 2870 5791 vr,
2908 5720 3005 5779 13.
3093 5716 3156 5767 40
3184 5714 3339 5779 Psal.
3371 5734 3576 5792 cxvm,
3613 5722 3749 5786 l63.
