4106 6418
277 292 396 365 7οἾ

1417 289 1826 354 (ECUMENII
1873 283 2174 350 TRICCzE
2220 288 2558 352 EPISCOPI

3559 276 3680 343 708

283 447 378 499 tur
408 429 642 491 abunde
686 426 829 508 ipsis
869 425 1048 488 tribui
1093 415 1399 505 precaturi
1458 420 1782 483 conformia
1849 423 1927 484 di-

2031 422 2194 502 Aau‘ia
2236 423 2615 504 φθεγγόμενος,
2683 446 2706 477 ιι
2744 423 3057 503 Παράτεινον
3101 422 3160 477 τὸ
3205 418 3350 482 ἔλεός
3413 442 3505 476 σου
3548 430 3666 480 τοῖς

278 538 421 581 cens
445 538 578 580 cum
619 517 790 578 beato
822 514 1028 583 David,
1066 515 1168 594 qui
1219 517 1299 572 ait
1335 531 1347 572 :
1391 538 1415 566 ει
1455 511 1722 572 Extende
1755 511 1927 573 mise-

2023 514 2336 591 γινώσκουσί
2377 535 2436 569 σε
2513 537 2536 570 ιι

280 607 597 670 ricordiam
632 613 789 667 luam
824 601 1325 684 cognoscentibus
1347 611 1403 662 te
1431 599 1506 657 η.
1549 626 1570 655 υ

946 698 1183 762 ΟΑΡΕΤ
1235 697 1283 762 L

285 807 367 866 De
394 802 669 882 diligenti
693 797 1280 882 observatione/idet
1312 799 1376 860 in
1412 797 1742 882 Christum,
1776 815 1928 877 pro-

356 879 524 965 pter'
549 882 1042 965 insurrcciionem
1101 880 1451 965 impiorum‘
1479 888 1536 965 cl
1569 879 1932 965 lascivi)er

359 957 630 1028 uirorum
667 983 678 1021 :
719 963 784 1023 in
815 978 932 1041 quo
957 957 1288 1039 etiamdgit
1310 959 1383 1019 de
1414 957 1628 1041 [uturo
1663 961 1932 1041 ipsorum

356 1042 676 1124 supplicio,
710 1044 788 1103 (ιιι
814 1037 1284 1102 ἐιίιιίιίίιιιίὶηρηι
1325 1037 1616 1099 malorum
1653 1037 1759 1116 qui
1789 1040 1933 1100 olim

358 1130 786 1206 peremerunt.

353 1229 413 1307 3,
475 1229 532 1289 4.
579 1223 942 1286 Charissimi
1009 1229 1248 1284 (mltum
1307 1221 1460 1282 mihi
1514 1221 1783 1282 studium
1814 1223 1936 1300 fuit

271 1315 582 1379 scribendi
612 1313 691 1374 ad
749 1330 852 1375 vos
889 1313 962 1373 de
991 1316 1292 1373 communi
1322 1309 1541 1386 salute,
1577 1319 1641 1371 ut
1676 1329 1795 1372 non
1822 1329 1932 1389 po-

275 1407 497 1468 tuerim
530 1421 653 1465 non
681 1403 940 1463 scribere
970 1401 1138 1462 vobis
1168 1419 1181 1459 :
1218 1401 1550 1461 exhortans
1591 1407 1654 1460 ut
1689 1417 1930 1460 rursum

275 1498 514 1557 certetis
566 1511 675 1574 pro
725 1491 844 1570 ﬁde
898 1492 1085 1551 semet
1149 1490 1378 1550 tradita
1437 1490 1683 1551 sumtis.
1721 1487 1932 1552 Obiter

275 1586 436 1646 enim
469 1581 788 1643 subierunt
843 1580 1094 1657 quidam
1125 1579 1391 1638 homines
1423 1579 1618 1657 impii,
1648 1579 1755 1657 qui
1785 1576 1928 1638 olim

275 1671 566 1749 descripti
611 1676 752 1731 sunt
802 1670 867 1729 in
896 1668 1005 1728 hoc
1040 1667 1342 1746 judicium
1381 1686 1393 1724 :
1428 1669 1531 1744 qui
1585 1667 1694 1726 Dri
1734 1667 1932 1728 nostri

2657 696 2908 749 ΚΕΦΑΔ.
2953 679 3039 752 A'.

2023 807 2047 840 ι
2098 790 2218 869 ῌερὶ
2273 793 2550 869 προσοχῆς
2601 792 2717 869 τῆς
2756 789 2830 869 εἷς
2890 789 3131 869 Χριστὸν.
3168 781 3536 869 πίστεωςλδιὰ
3564 782 3662 850 τὴν

2097 862 2481 925 ἐπανάστασινἹ
2521 869 2625 924 τῶν
2697 865 2900 924 ἀσεϐῶν
2939 862 3058 923 ⁷καὶ
3114 865 3355 944 ἀσελγῶν
3407 862 3613 942 ἀνδρῶν
3647 879 3660 892 ⁸

2097 947 2151 1002 ἐν
2271 953 2317 1024 ᾧ
2426 951 2542 1027 περὶ
2665 947 2963 1025 μελλούσης
3089 949 3260 1004 αὒτῶν
3372 944 3666 1022 κολάσεως,

2097 1035 2213 1093 καθ’
2299 1039 2548 1112 ὁμοίωσιν
2631 1044 2736 1093 τῶν
2819 1036 2986 1094 πάλαι
3081 1036 3501 1115 ἁμαρτησάντων
3585 1033 3670 1088 καὶ

2103 1131 2373 1206 πονηρῶν,
2414 1153 2438 1182 n
3288 1134 3292 1140 ’

2105 1242 2131 1273 ε
2207 1218 2521 1296 Ἀγαπητοὶ,
2569 1225 2740 1275 πᾶσαν
2803 1215 3034 1284 σπουδὴν
3091 1216 3405 1291 ποιούμενος
3451 1213 3668 1292 γράφειν

2017 1308 2144 1383 ὑμῖν
2200 1311 2316 1386 περὶ
2379 1313 2477 1375 τῆς
2548 1311 2731 1373 κοινῆς
2819 1305 3108 1384 σωτηρίας,
3199 1304 3435 1381 ἀνάγκην
3506 1301 3669 1380 ’έσχον

2018 1398 2216 1476 γράψαι
2265 1399 2392 1472 ὑμῖν
2423 1416 2438 1430 ⁶
2524 1395 2845 1475 παρακαλῶν
2917 1394 3328 1473 ἐπαγωνίζεσθαι
3398 1397 3467 1468 τῇ
3523 1386 3668 1476 ,ἅπαξ

2014 1475 2364 1565 παραδοθείσῃ
2463 1501 2579 1550 το⁴ς
2699 1485 2866 1563 ἁγίοις
2992 1485 3192 1542 πίστει.
3319 1475 3669 1559 Παριέσδυσαν

2014 1575 2114 1654 γάρ
2169 1597 2308 1640 τινες
2368 1574 2629 1655 ἅνθρωποι
2690 1576 2737 1631 οἱ
2815 1572 2979 1630 πάλαι
3037 1569 3508 1651 προγεγραμμένοι
3594 1569 3666 1625 εἰ(

2015 1663 2167 1720 τοῦτο
2249 1666 2309 1719 τὸ
2393 1677 2560 1743 κρῖμα
2645 1662 2857 1726 άσεῗεῖς
2893 1681 2907 1696 ⁶
2984 1663 3084 1728 τὴν
3166 1667 3258 1716 τοῦ
3343 1664 3474 1714 Θεοῦ
3515 1659 3668 1731 ἡμῶν

274 1745 539 1840 gratia-ni
594 1759 972 1833 transfertur!
1015 1745 1095 1816 ad
1127 1756 1459 1829 lasciviam,
1499 1773 1570 1815 ac
1606 1757 1794 1816 Deum
1827 1757 1927 1834 qui

2021 1753 2174 1832 χάριν
2244 1753 2604 1827 μετατιθέντες
2686 1754 2758 1816 εἷς
2836 1750 3114 1829 ἀσέλγειαν
3197 1749 3280 1804 κτὶ
3353 1748 3443 1803 τὸν
3504 1745 3667 1822 μόνον

2182 1841 2192 1855 Ι
2365 1849 2392 1855 Α
2433 1843 2446 1855 ι
2620 1842 2633 1855 ι
2713 1851 2744 1855 --
2770 1841 2780 1855 Ι
2965 1842 2976 1855 Ω
3046 1844 3071 1854 ~
3183 1835 3217 1855 ο.
3333 1843 3347 1852 η
3448 1841 3487 1855 ‘7
3613 1833 3629 1855 Χ

273 1833 436 1910 solus
484 1853 572 1909 est
636 1847 838 1920 herus,
894 1851 950 1906 et
1005 1844 1330 1905 Domi-num
1387 1850 1662 1905 nostrum
1724 1833 1927 1905 Jcsum

2021 1841 2294 1908 Δεσπότην
2360 1843 2488 1898 Θεὸν
2552 1842 2638 1896 καὶ
2712 1841 2898 1919 Κύριον
2957 1842 3108 1914 ἡμῶν
3183 1835 3389 1903 Ἰησοῦν
3448 1833 3670 1914 Χριστὸν

279 1936 585 1998 Christum
613 1943 854 2014 negant.

362 2027 474 2086 Per
505 2025 629 2085 haec
658 2023 853 2084 innuit
881 2021 1162 2102 Epistola:
1191 2029 1631 2102 argumentum,
1666 2021 1822 2102 quod
1858 2019 1932 2080 ob

280 2113 711 2194 providentiam
745 2111 952 2172 salutis
986 2129 1217 2178 eorum,
1249 2130 1323 2170 ne
1355 2128 1462 2180 per
1492 2110 1930 2190 simplicitatem

280 2211 638 2282 caperentur
668 2220 702 2260 a
754 2199 1234 2261 sceleratissimis
1279 2198 1573 2260 haereticis
1606 2212 1932 2279 praesentes

278 2291 589 2370 depromat
609 2291 1376 2368 6235ermones,tanquam
1399 2297 1608 2348 notans
1627 2308 1727 2349 eos
1741 2298 1797 2350 et
1815 2307 1932 2348 ma-

279 2380 524 2440 nifestos
544 2379 805 2439 reddens
823 2376 1234 2455 ignorantibus
1261 2375 1931 2456 perapertionemlasci-

275 2469 610 2530 vaaillorum
626 2465 872 2527 vitaa.De
888 2466 979 2527 his
995 2475 1188 2526 autem
1210 2464 1480 2526 etl’etrus
1495 2466 1724 2527 locutus
1742 2473 1832 2525 est
1847 2466 1924 2539 45,

278 2555 378 2617 sed
391 2556 486 2616 hic
503 2557 550 2616 lu
563 2558 679 2618 tius
690 2574 845 2616 nunc
858 2563 912 2615 et
926 2553 1564 2632 dilfusiusDescriptos
1577 2564 1773 2616 autem
1788 2552 1932 2614 dicit

279 2662 384 2706 eos
411 2666 425 2705 :
459 2645 737 2725 quoniam
759 2653 817 2704 et
841 2648 1050 2704 Petrus
1071 2651 1127 2703 ct
1148 2645 1368 2705 Paulus
1393 2643 1467 2704 de
1483 2643 1628 2724 ipsis
1652 2645 1930 2705 dixerunt

278 2733 380 2814 qui
398 2734 458 2795 in
486 2731 1182 2814 postremistemporibus
1205 2733 1567 2794 venturisint
1585 2731 1926 2813 hujusmodi

277 2823 626 2884 seductores
655 2821 728 2882 ιι.
764 2821 836 2882 Et
860 2830 997 2881 ante
1044 2821 1152 2882 hos
1183 2821 1312 2902 ipse
1340 2821 1632 2902 Christus,
1667 2821 1873 2884 dicens
1909 2839 1922 2880 :

283 2912 481 2972 «Multi
514 2909 758 2973 venient
787 2910 847 2971 in
869 2910 1111 2970 nomine
1128 2929 1260 2971 meo
1289 2911 1586 2972 etmultos
1602 2912 1925 2973 seducent:

278 3019 354 3064 ne
402 3019 542 3079 ergo
600 2998 933 3080 sequamini
988 2998 1122 3059 illos
1172 2996 1246 3057 ‘5.

277 3187 394 3240 tem
429 3177 763 3252 Nicolaum,
803 3175 1184 3238 Valentinum
1244 3195 1312 3238 ac
1344 3175 1676 3258 Simonem,
1709 3179 1930 3260 quique

272 3268 411 3330 illos
440 3266 630 3328 secuti
661 3273 797 3327 sunt
826 3264 1324 3326 sceleratissimos
1365 3285 1433 3327 ac
1464 3267 1926 3347 impurissimos.

279 3359 430 3422 Nam
449 3375 584 3418 cum
609 3353 980 3434 gastrimargi
1021 3365 1222 3417 essent
1251 3374 1318 3416 ac
1349 3355 1675 3430 libidinosi,
1703 3355 1925 3419 doctri-

280 3464 416 3508 nam
448 3443 826 3519 simulabant,
867 3450 928 3504 ut
980 3443 1156 3523 hujus
1187 3453 1469 3524 praetextu
1505 3447 1789 3507 latentem
1826 3445 1925 3507 in-

277 3556 546 3620 gressum
575 3535 636 3598 in
669 3536 878 3598 domos
910 3536 1418 3617 nanciscerentur,
1443 3556 1512 3598 ac
1544 3537 1928 3600 mulierculas

283 3626 540 3708 peccatis
563 3634 835 3688 oneratas
855 3625 1142 3688 ducerent
1162 3627 1422 3707 captivas
1437 3624 1491 3670 ‘3
1518 3626 1744 3688 Efﬁctis
1765 3626 1924 3689 enim

281 3715 590 3778 nocturnis
602 3715 896 3794 mysteriis
911 3715 1285 3778 tradiderunt
1299 3717 1524 3797 seipsos
1542 3716 1843 3780 cubilibus
1860 3737 1928 3780 ac

281 3805 558 3868 lasciviis.
617 3804 781 3876 Quod
806 3813 1003 3867 autem
1037 3806 1138 3880 ait,
1181 3830 1202 3863 α
1231 3805 1621 3870 Transierunt
1649 3807 1722 3868 ad
1749 3807 1924 3870 lasci-

279 3897 456 3970 viam,
495 3921 522 3952 »
555 3897 664 3956 hoc
695 3907 805 3962 est,
838 3895 1168 3973 Depravant
1191 3896 1615 3976 detorquentes
1642 3905 1925 3976 atempe-

282 3985 474 4048 rantia
495 3985 564 4045 ad
590 3983 894 4046 lasciviam
919 4001 931 4046 :
957 3983 1117 4046 unde
1139 3993 1196 4046 et
1223 4003 1438 4061 negare
1461 3985 1745 4065 contingit
1766 3985 1928 4066 ipsos

279 4075 598 4138 Dominum
628 4081 892 4135 nostrum
923 4075 1123 4135 Jesum
1157 4072 1483 4135 Christum.
1517 4074 1750 4136 Atenim
1784 4094 1925 4155 quo-

281 4162 457 4226 modo
495 4183 612 4224 non
667 4171 901 4240 negant,
959 4163 1058 4242 qui
1091 4161 1220 4223 vitae
1248 4161 1587 4244 impuritate
1616 4162 1926 4226 doctorem

279 4253 474 4313 omnis
497 4251 908 4332 temperantiae
959 4251 1135 4312 veluti
1165 4251 1418 4314 clamosa
1447 4271 1516 4313 ac
1547 4270 1761 4315 sonora
1790 4272 1926 4334 qua-

279 4340 413 4402 dam
447 4358 588 4402 voce
615 4340 932 4420 abjurant?
961 4339 1102 4412 Quae
1131 4340 1288 4402 enim
1323 4342 1664 4403 communio
1691 4351 1782 4404 est
1811 4343 1925 4404 luci

1333 2998 1478 3060 Nam
1536 2999 1807 3061 dicentes
1866 3019 1928 3060 se
1951 3050 1986 3064 ,.

275 3089 784 3164 Cbristianos,hoc
813 3086 1054 3148 nomine
1082 3089 1299 3150 multos
1318 3090 1630 3151 seducunt.
1656 3088 1810 3151 Dicit
1833 3081 1988 3151 au-”

2016 1930 2344 2008 ἀρνούμενοι.
2389 1951 2416 1989 ι

2099 2022 2207 2088 Τῆν
2249 2019 2490 2077 ὑπόθεσιν
2533 2024 2631 2086 τῆς
2689 2016 3010 2085 Ἐπιστολῆς
3064 2014 3147 2071 διὰ
3190 2015 3390 2072 τούτων
3450 2011 3663 2090 μηνύει,

2018 2109 2098 2165 ὅτι
2128 2109 2422 2188 προμηθείᾳ
2451 2111 2547 2176 τῆς
2603 2109 2771 2163 αὐτῶν
2816 2106 3107 2185 σωτηρίας,
3140 2111 3232 2160 τοῦ
3262 2103 3338 2178 μὴ
3371 2100 3568 2156 ἁλῶναι
3599 2097 3662 2154 δι’

2016 2196 2292 2265 ἁπλότητα
2347 2198 2468 2259 τοῖς
2517 2196 2868 2276 μιαρωτάτοις
2934 2198 3244 2274 αἱρετικοτς,
3288 2195 3410 2255 τους
3470 2188 3666 2268 περόν-

2015 2310 2108 2351 τας
2182 2287 2434 2344 ἐκτίθεται
2517 2284 2729 2364 λόγους,
2819 2284 3046 2363 ὡσπερεὶ
3101 2281 3286 2352 στίζων
3345 2279 3531 2342 αὐτοὺς
3581 2278 3668 2333 καὶ

2015 2375 2289 2446 διαδήλους
2320 2381 2489 2432 ποιῶν
2517 2387 2632 2436 τοῖς
2687 2374 2935 2452 ἀγνοοῦσι
2979 2371 3064 2426 διὰ
3108 2374 3204 2439 τῆς
3263 2369 3516 2432 ἐκθέσεως
3573 2374 3666 2423 τοῦ

2016 2464 2268 2545 ἀσελγοῦς
2327 2466 2497 2521 αὐτῶν
2566 2463 2700 2540 βίου.
2761 2463 2884 2540 Περὶ
2953 2461 3151 2516 τούτων
3209 2457 3263 2514 δὲ
3325 2459 3414 2514 καὶ
3469 2456 3665 2536 Πέτρος

2015 2554 2202 2634 εἴρηκε
2260 2555 2378 2630 μὲν,
2439 2552 2759 2630 πλατύτερον
2805 2549 2858 2606 δὲ
2918 2551 3004 2606 καὶ
3034 2546 3450 2626 διεξοδικώτερον
3513 2547 3665 2608 οὗτος

2015 2633 2124 2703 νῦν,
2189 2639 2691 2722 Προγεγραμμένους
2776 2637 2831 2694 δὲ
2915 2639 3100 2700 αὐτοὺς
3170 2635 3336 2716 λέγει,
3427 2633 3508 2690 ὅτι
3578 2636 3666 2690 καὶ

2015 2730 2207 2809 Πέτρος
2237 2734 2323 2787 καὶ
2371 2729 2576 2793 Παῦλος
2624 2729 2740 2808 περὶ
2784 2730 2954 2785 αὐτῶν
3001 2724 3240 2805 εἴρηκεν,
3289 2723 3370 2780 ὅτι
3402 2724 3455 2781 ἐν
3502 2723 3667 2802 ἰσχά-

2015 2841 2122 2884 τοις
2179 2834 2388 2900 καιροῖς
2457 2817 2757 2875 ἒλεύσονται
2813 2817 3003 2874 πλάνοι
3063 2821 3316 2874 τοιοῦτοι.
3396 2814 3492 2870 Καὶ
3561 2813 3663 2890 πρὸ

2012 2909 2212 2965 τούτων
2237 2906 2292 2965 δὲ
2347 2908 2502 2975 αὐτὸς
2551 2910 2580 2964 ὁ
2636 2913 2857 2988 Χριστὸς
2915 2907 3153 2987 φάσκων.
3210 2926 3234 2961 α
3283 2902 3478 2961 Πολλοὶ
3509 2901 3663 2958 ἐλεύ-

2013 3020 2190 3056 σονται
2263 2997 2347 3054 ἐπὶ
2401 3002 2478 3073 τῷ
2541 2997 2654 3074 ἐμῷ
2709 2997 2951 3072 ὀνόματι,
3023 2997 3115 3052 καὶ
3161 2992 3389 3059 πολλοὺς
3445 2991 3661 3062 πλανή-

2012 3109 2183 3150 σουσι.
2240 3089 2330 3156 Μὴ
2377 3088 2464 3145 οὖν
2508 3090 2796 3168 πορευθῆτε
2844 3087 3016 3142 ὀπίσω
3071 3086 3266 3157 αὖτῶν,
3317 3104 3340 3139 ι
3404 3089 3660 3162 Χριστια-

2012 3178 2130 3241 νοὺς
2174 3178 2274 3256 γὰρ
2317 3178 2530 3240 ἑαυτοὺς
2574 3176 2946 3252 ὀνομάζοντες,
3006 3173 3091 3230 ἐπὶ
3134 3179 3211 3248 τῷ
3265 3172 3485 3248 ὀνόματι
3529 3171 3656 3228 τού-

2010 3288 2087 3340 τῳ
2128 3265 2357 3329 πολλοὺς
2414 3267 2680 3330 ἀπατῶσι,
2744 3265 2898 3344 Λέγει
2959 3262 3014 3320 δὲ
3081 3266 3200 3328 τοὺς
3245 3261 3350 3318 ἀπὸ
3395 3258 3660 3319 Νικολάου

2011 3358 2100 3413 καὶ
2155 3353 2495 3414 Ούαλεντίνοδ
2550 3358 2638 3412 καὶ
2693 3356 2935 3432 Σίμωνος
2987 3360 3095 3410 τῶν
3153 3351 3504 3432 μιαρωτάτων
3575 3351 3662 3406 xui

2010 3445 2340 3525 ἀκαθάρτων,
2415 3448 2569 3504 Οὔτοι
2623 3445 2724 3524 γὰρ
2779 3443 3161 3524 γαστρίμαργοι
3206 3440 3352 3506 ὄντες
3397 3441 3486 3496 καὶ
3527 3439 3659 3496 ἀκό-

2009 3534 2220 3609 λαστοι,
2279 3534 2620 3614 ὑπεκρίναντο
2677 3536 2776 3602 τὴν
2831 3531 3187 3608 διδασκαλίαν,
3233 3528 3326 3588 ἵνα
3369 3527 3436 3586 δι’
3493 3529 3658 3596 αὐτῆς

2009 3621 2341 3704 παρείσδυσιν
2396 3626 2468 3689 εἰς
2530 3624 2623 3688 τὰς
2685 3623 2849 3688 οἰκίας
2916 3622 3126 3702 εὕρωσι,
3179 3621 3266 3677 καὶ
3313 3618 3654 3700 αἰχμαλωτί-

2010 3736 2140 3769 σωσι
2196 3714 2504 3793 γυναικάρια
2586 3711 2950 3793 σεσωρευμένα
3041 3711 3344 3788 ἁμαρτίαις.
3423 3708 3652 3773 Τελετὰς

2008 3804 2107 3882 γὰρ
2164 3805 2461 3882 νυκτερινὰς
2526 3803 2879 3878 πλασάμενοι,
2952 3801 3151 3864 κοίταις
3208 3801 3295 3856 καὶ
3356 3798 3655 3878 ἀσελγείαις

2011 3892 2227 3955 ἑαυτοὺς
2277 3889 2615 3956 ἑκδεδώκασι.
2663 3894 2734 3950 Τὸ
2783 3890 2862 3971 δὲ,
2915 3911 2940 3947 ιι
2976 3889 3349 3954 Μετατιθέντες
3394 3891 3465 3952 εἷς
3495 3889 3660 3946 ἀσέλ-

2009 3983 2176 4061 γείαν,
2215 4005 2241 4037 ι
2295 3981 2409 4038 ἀντὶ
2449 3993 2563 4058 τοῦ,
2601 3981 3105 4063 Παραχαράττοντες
3146 3979 3252 4035 άπὸ
3294 3979 3389 4048 τῆς
3447 4001 3660 4060 σωφρο-

2011 4074 2171 4139 σύνης
2230 4073 2302 4136 είς
2371 4071 2673 4150 ἀσέλγειαν.
2734 4070 2857 4152 Ἀφ’
2915 4072 2976 4128 οὗ
3029 4070 3117 4126 καὶ
3175 4069 3445 4148 ἀρνεῖσθαι
3518 4091 3660 4145 συμ-

2009 4159 2174 4217 ϐαίνει
2245 4162 2426 4226 αὐτοῖς
2499 4163 2588 4217 τὸν
2662 4162 2845 4241 Κύριον
2914 4162 3067 4235 ἡμῶν
3139 4157 3344 4225 Ἰησοῦν
3411 4160 3659 4236 Χριστόν.

2014 4253 2112 4308 Καὶ
2142 4257 2255 4314 πῶς
2289 4251 2388 4329 γὰρ
2431 4249 2524 4307 οὐκ
2551 4250 2881 4328 ἀρνοοῡνται,
2931 4253 2978 4306 οἱ
3021 4247 3105 4304 διὰ
3128 4248 3225 4316 τῆς
3257 4254 3346 4304 τοῦ
3375 4249 3485 4324 βίου
3515 4247 3657 4303 ἀκα-

2009 4342 2221 4419 θαρσίας
2305 4342 2394 4396 τὸν
2463 4340 2640 4407 πάσης
2710 4340 3049 4421 σωφροσύνης
3121 4335 3434 4395 διδάσκαλον
3506 4338 3661 4395 οἱονεί

280 4448 414 4491 cum
452 4429 714 4491 tenebris
732 4427 807 4493 Π.
849 4428 1215 4491 «Exhortans
1261 4440 1325 4490 ut
1355 4449 1588 4492 rursum
1618 4432 1918 4495 certetis.»

2021 4455 2108 4488 τινι
2153 4431 2382 4509 διατόρῳ
2451 4436 2602 4510 φωνῇ
2659 4430 2931 4504 ἀπότομον
2996 4429 3355 4508 ποιούμενοι;
3415 4429 3503 4492 Τίς
3559 4429 3658 4507 γὰρ

275 4517 634 4581 Exhortatur
678 4538 780 4581 eos
835 4519 937 4601 qui
989 4520 1174 4582 semel
1230 4519 1532 4583 Christum
1561 4522 1922 4584 Salvatorem

276 4617 672 4690 susceperunt
693 4618 750 4671 et
789 4607 851 4670 in
874 4629 1009 4671 eum
1042 4608 1448 4685 crediderunt,
1484 4618 1549 4673 ut
1577 4611 1770 4673 adhuc
1801 4629 1926 4672 cer-

279 4706 404 4762 tent
428 4699 550 4760 sive
582 4699 943 4776 adnitantur,
971 4700 1082 4761 hoc
1113 4707 1223 4781 est,
1254 4698 1543 4763 dissoluto
1565 4700 1774 4780 animo
1808 4719 1924 4762 non

274 4787 396 4850 sint
423 4789 640 4864 aﬂ‘ecti,
675 4790 778 4850 sed
810 4789 1040 4871 seipsos
1057 4788 1400 4851 contineant
1430 4798 1486 4852 et
1520 4791 1711 4870 majus
1733 4791 1926 4853 adhuc

273 4877 532 4938 studium
573 4879 732 4940 circa
763 4879 876 4941 hoc
916 4879 1376 4960 amplectantur.
1411 4877 1521 4951 Qui
1544 4881 1702 4942 enim
1737 4881 1929 4942 incar-

273 4973 473 5028 natum
500 4967 759 5030 Verbum
781 4967 1238 5050 suscepimus,si
1253 4968 1589 5032 diceremus
1601 4968 1779 5031 alium
1796 4989 1926 5033 esse

273 5055 375 5137 qui
405 5065 540 5119 ante
556 5057 774 5119 saecula
793 5057 900 5120 fuit
916 5077 1049 5120 cum
1075 5057 1336 5131 Patre,et
1356 5059 1540 5120 alium
1562 5059 1659 5141 qui
1688 5069 1925 5140 postre-

277 5144 390 5206 mis
449 5147 818 5228 temporibus
865 5169 938 5211 ex
995 5151 1178 5211 Matre
1229 5149 1289 5210 in
1341 5147 1577 5230 propria
1626 5149 1924 5230 hypostasi

274 5242 448 5294 natus
479 5247 594 5310 est,
619 5255 818 5300 annon
854 5257 1208 5318 negaremus
1237 5256 1420 5300 unum
1443 5257 1576 5300 esse
1601 5238 1920 5303 Dominum

275 5340 344 5384 ac
373 5322 626 5386 herum?
683 5329 845 5388 Unus
903 5336 989 5388 est
1035 5329 1192 5390 enim
1240 5328 1530 5390 Dominus
1559 5329 1730 5389 Jesus
1752 5331 1923 5408 juxta

267 5500 588 5645 w‘ﬁ’sal.
622 5520 808 5584 xxxv,
837 5507 900 5569 6.
983 5507 1044 5556 ιδ
1075 5507 1120 5568 ll
1155 5507 1317 5570 Petr.
1350 5525 1414 5571 ιιι

1525 5511 1589 5560 Η
1614 5509 1665 5573 ΙΙ
1692 5512 1845 5580 Tim.
1878 5531 1964 5589 ιιι,
2003 5514 2096 5578 13.
2187 5509 2251 5560 4⁵
2277 5509 2416 5571 Luc.
2451 5525 2597 5588 xvn,
2629 5508 2761 5594 23.
2817 5508 3273 5593 wllTim.ui,6.

2007 4522 2254 4579 κοινωνία
2296 4521 2428 4600 φωτὶ
2455 4523 2584 4600 πρὸς
2629 4521 2814 4585 σκότος
2851 4539 2866 4600 ;
2921 4541 2944 4576 ιι
3007 4516 3335 4598 Παρακαλῶν
3391 4520 3654 4596 ὶπαγωνί-

2008 4617 2204 4685 ζεσθαι.
2243 4633 2266 4668 ι
2329 4609 2770 4689 Ἐπαγωνίζεσθαι
2827 4608 3130 4688 παρακαλεῖ
3181 4609 3301 4672 τοὺς
3359 4607 3496 4674 ἅπαξ
3567 4609 3658 4664 τὸν

2010 4703 2230 4782 Χριστὸν
2301 4698 2746 4779 καταδεξαμένους
2801 4702 3051 4780 Σωτῆρα,
3123 4702 3211 4757 καὶ
3266 4701 3434 4774 τούτῳ
3490 4720 3658 4756 πεπι-

2011 4792 2318 4868 στευκότας,
2390 4790 2658 4866 τουτέστι,
2744 4791 2822 4868 μὴ
2899 4788 3258 4866 ἐκλελυμένως
3330 4787 3654 4863 διατεθῆναι,

2010 4881 2144 4938 ἀλλὰ
2185 4881 2545 4945 συντείναντας
2605 4879 2965 4958 ἑαυτοὺς“ἕτι
3028 4878 3230 4955 μᾶλλον
3288 4879 3504 4958 ἔχεσθαι
3559 4883 3657 4944 τῆς

2009 4973 2128 5052 περὶ
2183 4973 2337 5028 τοῦτο
2397 4968 2650 5038 σπουδῆς.
2715 4968 2999 5046 Δεξάμενοι
3068 4970 3167 5050 γὰρ
3237 4969 3327 5024 τὸν
3398 4968 3657 5044 ἐνανθρω-

2009 5063 2255 5132 πήσαντα
2308 5061 2501 5139 Λόγον,
2563 5061 2606 5116 εί
2669 5058 2916 5138 λέγοιμεν
2972 5057 3148 5139 ἕτερον
3207 5058 3302 5134 μὲν
3373 5058 3515 5114 εἶναι
3567 5059 3657 5114 τὸν

2007 5154 2110 5230 πρὸ
2140 5151 2341 5208 αἰώνων
2373 5149 2431 5205 ἔκ
2473 5157 2565 5207 τοὺ
2622 5151 2851 5230 Πατρὸς,
2909 5148 3086 5228 ἕτερον
3128 5148 3184 5205 δὲ
3227 5150 3318 5205 τὸν
3350 5147 3436 5205 ἐπ’
3481 5149 3656 5228 ἐσχά-

2005 5264 2111 5298 των
2141 5239 2202 5296 ἒκ
2257 5245 2356 5308 τῆς
2415 5241 2627 5319 Μητρὸς
2669 5241 2758 5296 καὶ
2814 5236 2934 5297 κατ’
2989 5237 3119 5296 ἰδίαν
3170 5238 3478 5312 ὑπόστασιν,
3541 5240 3655 5301 πῶς

2005 5335 2099 5392 οὒκ
2141 5329 2201 5385 ἂν
2231 5329 2582 5408 ἀρνηθείημεν
2614 5331 2704 5386 τὸν
2731 5327 2822 5386 ἕνα
2858 5329 3039 5409 Κύριον
3066 5330 3155 5386 καὶ
3190 5327 3466 5395 Δεσπότην
3500 5346 3517 5408 ;
3557 5331 3655 5392 Εἷς

3361 5509 3423 5561 47
3445 5508 3498 5572 II
3520 5507 3657 5573 Cor.
