4106 6422
401 303 524 372 709
1558 300 1954 370 COMMENT.
2006 297 2089 361 IN
2133 297 2378 360 EPIST.
2425 287 2662 360 JUDE.
3673 287 3796 359 710

404 442 506 521 γὰρ
559 442 742 520 Κύριος
787 441 994 510 Ἰησοῦς
1044 439 1162 500 καθ’
1206 441 1391 497 ἕνωσιν
1447 441 1808 514 οἰκονομικήν.
1874 430 1931 496 Ὀ
1961 435 2060 515 γὰρ

2146 429 2353 492 factam
2386 436 2637 512 quadam
2671 429 3114 510 dispensatione
3162 429 3471 494 unionem.
3514 429 3659 492 Nam
3693 429 3798 492 Dei

402 533 507 610 πρὸ
535 531 741 587 αἰώνων
772 532 904 589 Θεοῦ
943 533 1109 610 Λόγος
1161 533 1250 588 καὶ
1295 532 1446 610 Θεὸς,
1482 531 1552 593 εἰς
1597 530 1694 596 την
1723 533 1819 597 τῆς
1864 527 2059 592 θεότη-

2147 517 2407 582 Verbum
2433 540 2500 582 ac
2537 526 2692 582 Deus
2723 533 2863 583 ante
2895 521 3531 602 saeculahassumptam
3573 519 3797 581 habens

400 607 492 681 τος
521 616 670 684 δόξαν
715 607 1087 701 ἂναφοιτῶσαν
1144 620 1290 700 ἔχων
1332 607 1440 686 τὴν
1480 619 1668 696 σάρκα,
1727 618 1764 684 ⁵η
1814 618 1920 672 ἀπὸ
1961 621 2058 682 τῆς

2146 610 2216 671 ad
2249 611 2496 688 gloriam
2531 611 2620 670 «lix
2641 611 2862 671 initatis
2894 629 3344 691 carnem,quam
3374 629 3407 670 a
3436 609 3634 671 divina
3655 607 3797 671 Vir-

404 708 560 786 ἁγίας
609 697 871 788 Παρθένου
928 710 979 775 ἐξ
1035 697 1211 790 ἀρχῆς
1271 707 1585 783 συλλήψεως
1644 704 1916 788 ἀνέλαϐεν,
1979 709 2060 768 εἷς

2146 699 2280 778 gine
2311 699 2382 760 ab
2413 700 2582 760 initio
2615 697 3038 780 conceptiones
3077 699 3328 780 accepit,
3364 718 3517 759 unus
3551 705 3608 759 et
3639 699 3796 759 idem

402 799 493 854 καὶ
525 800 552 853 6
583 787 738 862 αὑτός
792 798 935 854 ἐστιν
989 787 1236 857 ἁπάντων
1292 796 1576 862 δεσπότης.
1631 819 1657 849 ι
1694 787 1856 872 Χάριν
1899 815 2060 869 μετα-

2148 795 2237 849 est
2265 788 2528 848 omnium
2563 789 2761 850 herus.
2805 813 2826 845 ε
2863 788 3125 851 Gratiam
3189 788 3588 849 transferunt:
3620 811 3648 843 ι
3685 787 3797 849 hoc

399 885 650 950 τιθέντες,
742 909 769 941 ι
836 888 1231 960 Μετατιθέντες,
1291 886 1404 942 ἀντὶ
1457 887 1570 958 τοῦ,
1633 890 2060 960 μεταποιοῦντεε,

2149 885 2261 951 est,
2299 886 2710 948 transnmtant,
2745 884 3154 957 corrumpunt.

404 983 842 1053 παραποιοῦντες.
884 995 914 1034 ι
2910 1036 2916 1044 ,

498 1086 521 1119 ε
606 1053 936 1139 ’Υπομνῆσαι
990 1061 1045 1120 δὲ
1098 1065 1234 1140 ὑμᾶς
1303 1061 1582 1140 βούλομαι,
1657 1059 1860 1125 εἰδότας
1931 1061 2060 1135 ὑμᾶς

2227 1053 2368 1114 624
2399 1055 2457 1115 5-
2477 1054 2546 1116 t0
2591 1057 2731 1117 l’olo
2760 1065 2960 1117 autem
2987 1073 3090 1117 vos
3119 1056 3794 1133 commonefacere;cum

403 1151 544 1217 ἅπαξ
615 1160 792 1227 τοῦτο,
867 1151 947 1210 ὅτι
1007 1155 1034 1209 6
1103 1153 1288 1229 Κύριος
1333 1152 1460 1208 λαὸν
1505 1152 1565 1206 ἑκ
1635 1152 1732 1216 τῆς
1804 1149 2060 1226 Αἰγύπτου

2146 1144 2410 1205 sciamus
2428 1148 2614 1207 semel
2637 1145 2785 1206 illud
2794 1145 2971 1223 ,quod
2983 1144 3270 1206 Dominus
3283 1153 3676 1224 posteaquam
3690 1160 3797 1222 po-

403 1241 606 1320 σώσας,
667 1243 728 1297 τὸ
812 1239 1050 1320 δεύτερον
1132 1243 1254 1303 τοὺς
1335 1240 1414 1316 μὴ
1487 1238 1867 1303 πιστεύσαντας
1951 1237 2060 1294 ἀπ-

2146 1232 2360 1310 pulum
2379 1250 2458 1294 ea:
2472 1233 2746 1313 ﬁgyplo
2767 1241 3008 1296 salvum
3029 1236 3320 1295 eduxerat
3331 1250 3427 1306 ,ru
3438 1251 3569 1294 rsus
3585 1249 3683 1293 eos
3695 1239 3798 1311 qui

402 1328 623 1392 ώλεσεν,
704 1328 992 1409 Ἀγγέλους
1062 1351 1119 1386 τε
1203 1331 1323 1394 τοὺς
1406 1330 1484 1406 μὴ
1552 1329 1890 1405 τηρήσαντας
1959 1326 2058 1394 τὴν

2146 1337 2264 1382 non
2280 1324 2670 1385 crediderunt
2676 1322 2946 1403 perdidit
2973 1343 2987 1386 :
3011 1322 3537 1402 quodqueangelos
3553 1324 3657 1399 qui
3679 1339 3795 1383 non

403 1418 598 1473 ἑαυτῶν
655 1418 854 1498 ἀρχὴν,
913 1417 1050 1475 ἀλλὰ
1121 1417 1479 1483 ἀπολιπόντας
1550 1419 1612 1474 τὸ
1681 1414 1818 1473 ἴδιον
1895 1416 2052 1482 οἰκη-

2146 1420 2546 1473 servaverant
2565 1429 2742 1474 suam
2771 1412 3203 1492 originem,sed
3222 1412 3601 1489 reliquerant
3619 1426 3796 1471 suum

403 1508 611 1582 τήριον,
715 1497 786 1570 είς
891 1510 1060 1584 κρίσιν
1161 1506 1401 1587 μεγάλης
1499 1505 1728 1585 ἡμέρας,
1833 1502 2052 1580 δεσμοῖς

2146 1497 2640 1574 domicilium,ad
2643 1502 2958 1578 judicium
2979 1505 3186 1580 magni
3200 1501 3329 1562 diei
3353 1499 3610 1561 vinculis
3626 1507 3798 1587 ceter-

404 1593 594 1657 ἀϊδίοις
662 1596 764 1652 ὑπὸ
847 1599 1003 1678 ζόφον
1087 1585 1402 1675 τετήρηκεν.
1498 1587 1589 1660 Ὧς
1674 1592 1885 1670 Σόδομα
1968 1594 2055 1649 καὶ

2146 1587 2237 1648 nis
2263 1589 2374 1649 sub
2414 1590 2679 1666 caligine
2737 1589 3025 1651 servavit.
3080 1588 3255 1649 Sicut
3281 1587 3554 1649 Sodoma
3581 1595 3639 1647 et
3671 1585 3796 1650 Go-

404 1681 660 1760 Γόμορῤα,
723 1687 809 1741 καὶ
881 1677 930 1742 αἱ
986 1688 1102 1764 περὶ
1176 1687 1334 1751 αὒτὰς
1409 1685 1614 1759 πόλεις,
1687 1686 1778 1740 τὸν
1861 1681 2052 1757 ὅμοιον

478 1772 487 1780 .
527 1761 547 1780 δ
1008 1775 1020 1780 -
1241 1775 1251 1780 -
1611 1774 1622 1780 -
1747 1772 1761 1780 ι
1842 1769 1897 1780 ε-
1942 1778 1961 1780 μ

2146 1692 2343 1737 morra
2373 1677 2582 1756 hisque
2609 1679 2888 1756 finitimae
2919 1680 3214 1756 ciuitates,
3238 1695 3373 1756 qua:
3399 1678 3479 1738 ad
3507 1677 3798 1738 consimi-

475 1739 485 1757 δ
549 1739 584 1760 ιι
646 1739 660 1756 1
800 1739 806 1741 ⁷
886 1739 927 1742 HV
994 1739 1101 1764 "7|"
1181 1739 1334 1751 η”-τ
1418 1739 1492 1742 "—7
1523 1739 1614 1759 'V‘,
1704 1739 1711 1740 ί
1895 1739 1905 1757 ι

401 1761 604 1835 τούτδις
713 1784 908 1851 τρόπον
1004 1775 1438 1855 ἐκπορνεύσασαι,
1542 1774 1630 1829 καὶ
1739 1769 2055 1827 ἀπελθοῦσαι
2078 1739 2118 1789 Β

401 1861 571 1916 ὀπίσω
643 1866 834 1941 σαρκὸς
909 1863 1116 1944 ἑτέρας,
1203 1861 1506 1944 πρόκεινται
1588 1861 1805 1941 δεῖγμα,
1893 1861 2055 1940 πυρὸς

403 1949 612 2006 αἰωνίου
695 1949 846 2018 δίκην
941 1954 1237 2033 ὑπέχουσαι
1277 1971 1295 1990 ο
1407 1952 1604 2028 ὁμοίως
1705 1949 1886 2026 μέντοι
1969 1951 2056 2006 καὶ

402 2040 542 2094 οὗτοι
616 2039 1066 2121 ἐνυπνιαζόμενοι,
1157 2042 1322 2118 σάρκα
1408 2043 1508 2116 μὲν
1577 2039 1869 2116 μιαίνουσι,
1954 2059 2055 2094 κυ-

402 2129 620 2206 ριότητα
696 2125 749 2182 δὲ
819 2117 1077 2204 ἀθετοῦσί,
1145 2117 1295 2196 δόξας
1380 2127 1434 2186 δὲ
1515 2128 1910 2212 βλασφημοῦσι.
1999 2117 2057 2185 Ὀ

403 2214 457 2272 δὲ
517 2216 743 2296 Μιχαὴλ
799 2221 827 2274 ὁ
898 2217 1261 2300 ἀρχάγγελος,
1321 2218 1410 2276 ὅτε
1492 2227 1569 2294 τῷ
1651 2216 1880 2291 διαϐόλῳ
1934 2215 2054 2272 δια-

403 2306 711 2383 κρινόμενος
810 2305 1074 2386 διελέγετο
1142 2311 1258 2389 περὶ
1339 2314 1432 2367 τοῦ
1516 2306 1780 2372 Μωΰσέως
1866 2306 2054 2381 σώμα-

404 2417 518 2475 τος,
605 2397 699 2451 οὒκ
785 2395 1050 2472 ἐτόλμησε
1149 2398 1316 2477 κρίσιν
1413 2397 1721 2476 ἐπενεγκεῖν
1803 2394 2052 2476 βλασφη-

406 2485 552 2558 μίας,
622 2483 740 2540 ἀλλ’
814 2485 992 2560 εἶπεν,
1049 2483 1400 2561 Ἐπιτιμήσαι
1489 2510 1571 2544 σοι
1631 2487 1837 2564 Κύριος.
1899 2489 2053 2544 Οὗτοι

404 2571 462 2628 δὲ
527 2572 624 2628 ὅσα
706 2574 802 2649 μὲν
886 2579 980 2634 (οὒκ
1052 2573 1227 2632 οἴδασι
1305 2575 1729 2656 βλασφημοῦσιν,
1817 2574 1914 2632 ὅσα
1996 2573 2051 2630 δὲ

403 2670 660 2742 φυσικῶς,
719 2665 794 2727 ὡς
836 2665 900 2720 τὰ
957 2662 1125 2742 ἄλογα
1176 2671 1310 2738 ζῶα,
1370 2665 1694 2738 ἐπίστανται,
1741 2665 1796 2721 ἐν
1848 2665 2055 2728 τούτοις

406 2752 720 2830 φθείρονται.
773 2775 797 2809 ε

494 2841 732 2917 Είρηκὼς
800 2842 900 2910 τὴν
980 2841 1261 2921 ἀσέλγειαν
1349 2850 1454 2902 τῶν
1526 2844 1833 2923 ἀκαθάρτων
1906 2853 2058 2902 Νικο-

406 2927 610 2985 λαϊτῶν
672 2932 759 2986 καὶ
815 2931 1283 3008 Οὖαὰεντινιανῶν,
1341 2935 1429 2990 καὶ
1481 2934 1914 3014 Μαρκιωνιστῶν,
1972 2937 2059 2991 καὶ

405 3017 584 3098 ὥσπερ
641 3017 884 3098 ἐγκαύσει
932 3023 1033 3078 τινὶ
1081 3023 1375 3097 ἐπισήμους
1419 3023 1606 3086 αὖτοὺς
1667 3024 1896 3092 ποιήσας
1953 3023 2058 3079 ἀπὸ

405 3111 506 3174 τῆς
593 3109 894 3190 προσούσης
971 3114 1154 3174 αὐτοῖς
1217 3109 1627 3190 βορϐορότητος,
1700 3111 1887 3190 ἐπάγει
1970 3113 2058 3168 καὶ

406 3199 571 3253 ταῦτα
604 3213 631 3280 Ἀ
661 3217 688 3256 ε
725 3189 782 3256 Ὀ
834 3199 1019 3277 Κύριος
1077 3197 1206 3256 λαὸν
1265 3189 1324 3257 ἐκ
1380 3189 1482 3280 γῆς
1554 3189 1843 3280 Αἰγύπτου,
1897 3225 1920 3257 n
1969 3203 2057 3259 καὶ

407 3285 554 3354 ἑξῆς.
619 3278 781 3362 (Ομοῦ
837 3289 934 3364 μὲν
1001 3287 1086 3347 διὰ
1137 3290 1338 3347 τούτων
1381 3278 1604 3364 δεικνὺς,
1635 3278 1736 3355 -ὡς
1807 3294 1836 3347 6
1905 3291 2062 3357 αὖτὸς

412 3377 544 3440 Θεὸς
573 3381 673 3444 τῆς
713 3376 945 3442 παλαιᾶς
975 3377 1090 3436 ἐστι
1123 3380 1210 3434 καὶ
1239 3379 1358 3443 νέας
1417 3380 1734 3458 εἰσηγητὴς,
1795 3379 1912 3438 ἀλλ’
1957 3381 2062 3461 οὗχ

407 3467 483 3530 ὥς
527 3467 573 3522 οἱ
603 3467 780 3546 μιαροὶ
809 3469 974 3544 οὗτοι,
1025 3466 1185 3524 ἄλλον
1229 3468 1328 3544 μὲν
1374 3471 1467 3525 τὸν
1508 3473 1607 3536 τῆς
1662 3468 1894 3536 παλαιᾶς
1951 3472 2060 3551 φά-

407 3576 626 3618 σκοντες
685 3557 1046 3631 τιμωρητικὸν
1099 3559 1186 3614 καὶ
1256 3559 1428 3634 ὠμὸν,
1479 3557 1642 3615 ἄλλον
1703 3557 1755 3614 δέ
1813 3561 1906 3616 τὸν
1961 3565 2060 3627 τῆς

409 3643 551 3720 νέας,
609 3651 853 3724 προσηνῆ
913 3648 1002 3702 καὶ
1054 3644 1419 3726 φιλάνθρωπον
1487 3645 1674 3728 ἔφοδον
1717 3649 1858 3705 εἶναι
1902 3650 2054 3729 Θεὸν,

410 3735 522 3809 ὸμα
550 3732 604 3789 δὲ
634 3734 722 3790 καὶ
750 3737 823 3798 ὡς
853 3733 970 3791 οὐδὲ
1019 3736 1066 3791 οἱ
1121 3742 1208 3792 νῦν
1267 3736 1595 3816 ἀτιμώρητοι
1653 3739 1906 3813 μείνειαν,
1966 3729 2058 3800 Ὠς

407 3819 526 3880 οὗδὶ
581 3823 629 3880 οἱ
679 3821 731 3889 ἐξ
787 3825 1076 3905 Αἰγύπτου,
1157 3823 1241 3881 διὰ
1309 3825 1406 3901 μὲν
1479 3825 1578 3893 τὴν
1636 3823 2058 3907 δπερϐάλλουσαν

406 3909 646 3990 δύναμιν,
691 3914 780 3969 καὶ
820 3914 920 3980 τὴν
976 3917 1105 3993 πρὸς
1172 3918 1294 3980 τοὺς
1363 3914 1593 3993 πατέρας
1662 3919 1833 3974 αὐτῶν
1894 3918 2061 3995 ὁρκω-

409 4003 621 4076 μοσίαν,
672 4009 766 4059 τοῦ
823 4004 956 4060 Θεοῦ
995 4009 1093 4071 τῆς
1149 4005 1507 4083 Αἰγυπτιακῆς
1568 4005 1752 4069 αὐτοὺς
1814 4004 2061 4061 ἀπαλλά-

408 4090 593 4157 ξαντος
639 4091 780 4172 βίας,
837 4093 898 4149 οὒ
955 4093 1134 4168 μέντοι
1190 4094 1277 4150 καὶ
1321 4095 1797 4172 παρανομήσαντες
1866 4094 2065 4170 ἀτιμώ-

410 4200 569 4259 ρητοι
609 4177 1082 4262 διαμεμενήκασιν,
1144 4179 1264 4239 ἀλλ’
1318 4180 1502 4240 ἔδοσαν
1539 4182 1682 4247 δίκας
1729 4183 1872 4250 ἀξίας
1917 4182 2062 4243 ὠδὶν

410 4270 597 4333 αὐτοὺς
652 4269 1028 4350 ὠφελήσαντος
1099 4282 1192 4331 τοῦ
1245 4274 1376 4353 πρὸς
1429 4275 1551 4337 τοὺς
1607 4275 1781 4330 αὐτῶν
1835 4274 2064 4355 πατέρας

409 4357 504 4415 τοῦ
547 4366 676 4416 Θεοῦ
745 4360 1014 4436 εὐμενοῦς,
1077 4359 1194 4419 οὐδὲ
1247 4365 1347 4431 τῆς
1403 4367 1509 4420 τῶν
1565 4363 1846 4438 θαυμάτων
1899 4365 2063 4444 ὕπερ-

411 4448 572 4512 ωυοῦς
616 4448 699 4506 διὰ
739 4450 956 4514 τούτους
1011 4451 1303 4530 ἐναργείας,
1338 4453 1412 4516 ὡς
1443 4450 1561 4510 οὐδὲ
1619 4453 1748 4526 μοὺς
1779 4451 2064 4510 ἐκπεπτω-

2140 1764 2254 1827 lem
2276 1767 2518 1828 modum
2549 1786 2682 1829 cum
2711 1767 2837 1828 illis
2874 1769 3117 1845 fuerant
3141 1773 3313 1828 extra
3343 1775 3551 1846 stupra
3581 1767 3797 1844 inqui-

2140 1861 2320 1924 natae.
2351 1864 2408 1916 et
2436 1874 2678 1918 carnem
2710 1855 2981 1917 alienam
3020 1863 3263 1929 secutae,
3309 1855 3631 1935 prepositae
3659 1861 3797 1914 sunt

2139 1943 2435 2024 exemplo,
2471 1945 2635 2023 ignis
2667 1945 2886 2006 aeterni
2913 1961 3150 2024 penam
3172 1949 3564 2005 sustinentes.
3599 1941 3795 2004 Simi-

2138 2031 2278 2094 liter
2303 2050 2450 2094 sane
2478 2042 2532 2094 et
2555 2035 2618 2096 hi
2651 2034 2968 2096 insomniis
3016 2034 3261 2113 agitati,
3294 2050 3535 2095 carnem
3557 2034 3795 2112 quidem

2140 2120 2446 2200 polluant,
2479 2123 2950 2184 dominationem
2979 2139 3122 2184 vero
3158 2130 3476 2202 spernunt,
3504 2125 3570 2182 in
3593 2125 3798 2203 splen-

2138 2209 2320 2273 dores
2349 2213 2668 2274 maledicta
2697 2219 3043 2292 congerunt.
3068 2211 3151 2274 At
3172 2211 3426 2274 Michael
3446 2213 3786 2290 archange-

2139 2299 2399 2374 lus,cum
2430 2301 2717 2363 adversus
2746 2301 3055 2364 diabolum
3085 2307 3320 2363 certans
3349 2303 3688 2382 disputaret
3716 2305 3790 2367 de

2137 2405 2386 2469 corpore
2435 2391 2741 2463 Mosi,non
2771 2408 2959 2452 ausus
2997 2397 3088 2452 est
3110 2391 3210 2452 illi
3233 2390 3595 2454 maledicum
3613 2395 3790 2472 judi-

2137 2481 2300 2540 cium
2328 2480 2792 2560 impingere,sed
2830 2479 3035 2541 dixit:
3081 2477 3347 2558 Increpel
3379 2489 3433 2541 te
3465 2480 3784 2545 Dominus.

2139 2569 2222 2630 At
2251 2570 2356 2630 isti
2377 2586 2508 2646 quae
2536 2588 2654 2630 non
2680 2577 3002 2648 noverunt,
3026 2586 3095 2630 ea
3126 2569 3463 2631 maledictis
3491 2572 3792 2634 insectan-

2141 2662 2286 2718 tur:
2314 2673 2450 2736 qua:
2472 2675 2613 2719 vero
2659 2675 2698 2719 a
2728 2664 2976 2732 natura,
3007 2675 3119 2720 ceu
3147 2661 3494 2720 animantia
3525 2665 3790 2723 rationis

2139 2753 2413 2826 expertia
2436 2749 2654 2824 sciant,
2689 2750 2754 2810 in
2786 2747 2882 2809 his
2911 2755 3412 2828 corrumpuntur.

2221 2834 2534 2917 Postquam
2564 2836 2933 2916 impurorum
2965 2837 3385 2898 Nicolaitarum
3419 2835 3788 2900 Valentinia-

2143 2941 2355 2986 norum
2384 2945 2452 2986 ac
2478 2926 2989 2988 Marcionistarum
3019 2925 3171 2988 dixit
3200 2925 3522 3000 lasciviam,
3549 2945 3608 2988 et
3635 2929 3795 2990 velut

2140 3013 2444 3075 inustione
2473 3014 2723 3094 quadarn
2788 3015 3051 3094 insignes
3084 3034 3183 3077 eos
3213 3014 3287 3076 ab
3318 3015 3581 3095 ipsorum
3613 3017 3792 3080 {tetu-

2139 3103 2299 3165 lenta
2344 3104 2708 3184 turpitudine
2753 3105 3036 3178 reddidit,
3071 3105 3246 3166 etiam
3291 3105 3404 3166 hoc
3433 3105 3740 3186 subjungit
3774 3122 3788 3168 :

2154 3195 2578 3275 «Posteaquam
2609 3194 2900 3257 Dominus
2933 3194 3213 3276 populum
3249 3212 3320 3256 ex
3349 3191 3792 3275 Egyptopetc.

2146 3283 2321 3346 simul
2354 3285 2732 3365 quidem,per
2763 3288 2890 3347 haec
2919 3285 3237 3346 ostendens
3265 3285 3422 3366 quod
3445 3283 3602 3346 idem
3637 3287 3794 3349 Deus

2143 3373 2363 3438 veteris
2391 3395 2459 3436 ac
2489 3375 2623 3437 novi
2654 3376 2989 3438 testamenti
3019 3375 3097 3437 sit
3140 3385 3386 3439 auctor:
3420 3385 3477 3438 et
3510 3395 3626 3438 non
3644 3377 3798 3438 sicut

2143 3462 2347 3527 dicunt
2379 3465 2438 3525 hi
2470 3465 2766 3546 scelerati,
2791 3465 2971 3528 alium
3002 3465 3183 3529 fuisse
3213 3467 3450 3541 veteris,
3481 3465 3798 3531 vindican-

2144 3563 2262 3616 tem
2291 3573 2359 3615 ac
2392 3573 2608 3616 saevum
2648 3575 2662 3615 :
2697 3554 2878 3616 alium
2911 3573 3051 3617 vero
3084 3555 3456 3631 novi,mitem
3485 3573 3556 3617 ac
3585 3555 3798 3617 huma-

2142 3662 2285 3705 num
2302 3643 2612 3725 praesidem
2637 3663 2768 3706 esse
2792 3645 2978 3707 Deum
3008 3663 3022 3706 :
3051 3651 3108 3704 et
3129 3643 3402 3706 simulait
3423 3643 3580 3725 quod
3602 3662 3800 3726 neque

2141 3732 2186 3793 ii
2211 3733 2312 3814 qui
2343 3752 2501 3795 nunc
2535 3751 2803 3814 peccant,
2867 3733 3040 3793 inulti
3097 3749 3450 3813 permanere
3499 3740 3793 3812 poterunt,

2143 3823 2642 3904 quemadmodum
2697 3841 2893 3904 neque
2948 3823 3035 3883 illi
3092 3821 3192 3904 qui
3221 3840 3294 3883 ex
3324 3821 3569 3902 lEgypto
3601 3820 3799 3884 educti

2145 3911 2396 3974 fuerant.
2428 3910 2574 3973 Nam
2607 3913 2901 3974 immensa
2930 3911 3170 3992 quidem
3204 3910 3312 3972 Dei
3343 3911 3641 3985 virtute,et
3667 3929 3814 3990 pro-

2149 4010 2278 4083 pter
2299 4002 2722 4081 jusjurandum
2753 4002 2825 4064 ad
2861 4010 3056 4082 patres
3083 4000 3345 4081 ipsorum
3377 3999 3618 4072 factum,
3641 3998 3800 4061 Deus

2148 4092 2281 4154 illos
2310 4092 2383 4153 ab
2411 4091 2752 4173 [Egyptiaca
2799 4090 3086 4154 servitute
3114 4107 3182 4151 ac
3230 4089 3538 4170 tyrannide
3573 4087 3796 4150 libera-

2146 4188 2312 4244 verat
2345 4203 2359 4240 :
2398 4199 2511 4243 nec
2566 4191 2762 4243 tamen
2810 4181 2912 4263 qui
2959 4179 3144 4260 impie
3173 4186 3424 4258 egerunt
3451 4177 3624 4242 inulti
3655 4195 3797 4258 per-

2148 4280 2517 4346 manserunt,
2551 4271 2654 4333 sed
2687 4271 2896 4350 dignas
2925 4271 3224 4332 dederunt
3253 4287 3498 4350 pinnas;
3531 4268 3800 4349 nihilque

2147 4360 2267 4422 illis
2298 4361 2698 4443 profuitquod
2728 4360 3022 4440 benignus
3053 4357 3230 4420 fuerit
3261 4361 3419 4422 Deus
3440 4375 3580 4438 erga
3603 4367 3801 4438 patres

2146 4451 2411 4531 ipsorum
2445 4468 2679 4531 :neque
2720 4447 3476 4528 iniitimmensasignorum
3503 4446 3800 4510 evidentia

410 4536 570 4602 κότας
600 4537 878 4621 ἀγγέλους,
921 4542 982 4596 τὸ
1013 4539 1116 4597 ἀπὸ
1147 4547 1279 4598 Θεοῦ
1319 4541 1576 4620 γενέσθαι,
1623 4543 1713 4598 καὶ
1755 4549 1907 4615 νοερᾷ
1963 4544 2060 4624 φύ-

2150 4547 2390 4621 propter
2418 4539 2527 4601 hos
2557 4538 2855 4601 exhibita:
2891 4537 3392 4620 quemadmodum
3411 4554 3603 4616 neque
3623 4553 3801 4615 ange-

411 4646 491 4682 σει
523 4632 852 4703 τετιμῆσθαι,
889 4627 1006 4687 οὐδὲ
1047 4633 1169 4696 τοὺς
1227 4629 1517 4706 Σοδομίτας
1547 4633 1581 4701 ἡ
1627 4633 1762 4707 μετά
1817 4631 1910 4688 τοῦ
1943 4634 2064 4690 Λὼτ

410 4715 682 4781 συναυλία,
730 4715 881 4776 Ἀλλ’
941 4720 992 4776 οἱ
1047 4720 1146 4796 μὲν
1200 4719 1298 4788 τὴν
1355 4717 1600 4800 Ἐρυθρὰν
1658 4720 1922 4778 θάλασσαν
1980 4721 2064 4778 διὰ

411 4801 572 4885 ξηρᾶς
642 4804 933 4873 διελθόντες
1005 4807 1090 4865 διὰ
1146 4809 1397 4883 πίστεως,
1456 4808 1670 4888 ὕστερον
1740 4810 2066 4879 ἀπιστήσαν-

407 4914 499 4958 τες
543 4894 844 4957 ἀπώλοντο.
879 4897 1009 4962 Τούς
1051 4895 1106 4954 δὲ
1161 4899 1262 4965 τῆς
1321 4895 1612 4976 ἀγγελικεῖκ
1668 4896 1813 4963 ἀξίας
1859 4895 2065 4978 λαχόν-

409 5005 506 5049 τας
534 4988 597 5043 τὸ
625 4988 823 5069 τίμιον,
875 4986 935 5045 ἔκ
991 4988 1241 5066 ῥᾳθυμίας
1285 4988 1364 5064 μὴ
1406 4987 1756 5064 ἐμμείναντας
1812 4993 1882 5064 τῇ
1939 4987 2065 5043 ἑαυ-

410 5083 519 5134 τῶν
578 5081 748 5160 ἀρχῇ,
803 5079 922 5138 ἀλλ’
978 5081 1336 5153 ἀθετήσαντας
1395 5084 1495 5149 τὴν
1537 5077 1823 5156 δεδομένην
1881 5083 2065 5144 αὐτοῖς

409 5165 478 5224 δι’
532 5169 834 5248 ἀγαθὸτητα
893 5169 1093 5230 δίαιταν
1151 5171 1479 5252 ἐπουράνιον,
1542 5172 1616 5234 εἰς
1685 5171 1874 5251 κρίσιν,
1948 5169 2066 5239 ἤτοι

412 5259 487 5322 εἷς
542 5261 850 5342 κατάκρισιν
922 5261 1164 5341 μεγάλης
1247 5260 1453 5342 ἡμέρας
1517 5283 1586 5337 τῃ
1669 5261 1897 5340 τιμωρίᾳ
1977 5262 2066 5316 καὶ

410 5347 723 5407 ἀνυποίστου
802 5353 1164 5427 τεταμίευκεν.
1251 5357 1418 5409 Τοῦτο
1506 5352 1606 5430 γὰρ
1681 5351 1769 5406 καὶ
1845 5351 1933 5406 νῦν
2004 5349 2065 5404 τὸ

409 5440 671 5519 τετήρηκε
722 5441 991 5516 σημαίνει.
1068 5443 1208 5500 Καθὸ
1291 5442 1380 5498 καὶ
1456 5443 1485 5498 6
1570 5438 1796 5517 Χριστός
1879 5460 2010 5520 φησι
2044 5457 2060 5473 ·

416 5548 448 5582 α
492 5531 564 5586 T6
621 5529 1014 5606 ἡτοιμασμένον
1070 5537 1147 5606 τῷ
1216 5526 1446 5604 διαϐόλῳ
1499 5529 1587 5584 καὶ
1641 5540 1760 5593 τοῖς
1817 5526 2064 5606 ἀγγέλοις

412 5617 590 5680 αὺτοῦ,
630 5642 657 5672 ι
725 5620 820 5676 Καὶ
880 5617 945 5684 δὴ
1005 5619 1050 5673 οἱ
1097 5617 1385 5694 Σοδομῖται
1429 5617 1716 5696 τεκμήριον
1766 5617 1858 5672 τοῦ
1886 5614 2069 5673 ὑποδε-

2148 4630 2238 4690 los
2267 4628 2370 4708 qui
2399 4628 2744 4691 ceciderant
2772 4631 2926 4710 quod
2958 4646 2991 4688 a
3049 4627 3169 4689 Deo
3201 4625 3436 4686 formati
3481 4633 3705 4699 essent,
3742 4631 3800 4685 et

2148 4717 2536 4780 intellectuali
2571 4727 2779 4780 natura
2815 4717 3044 4798 praediti
3079 4736 3092 4776 :
3128 4717 3265 4777 627
3297 4716 3426 4794 (sic)
3461 4732 3656 4794 neque
3686 4711 3801 4776 So-

2149 4805 2404 4871 domitas
2433 4807 2590 4888 quod
2620 4826 2738 4870 una
2769 4827 2902 4869 cum
2938 4810 3048 4869 Lot
3079 4805 3435 4868 habitarent.
3461 4803 3578 4866 Sed
3611 4802 3671 4864 hi
3701 4802 3802 4883 qui

2152 4897 2584 4960 mareltubrum
2598 4895 3138 4972 velutaridam,ﬁde
3153 4902 3406 4976 primum
3419 4893 3797 4968 transierant,

2151 4986 2525 5067 postmodum
2559 4985 2695 5048 facti
2719 4985 3010 5048 increduli
3042 4981 3485 5066 perierunt.Qui
3515 4999 3658 5043 vero
3686 5001 3800 5042 an-

2149 5075 2352 5155 gelica;
2381 5075 2685 5155 dignitatis
2716 5075 3005 5138 honorem
3036 5073 3229 5135 sortiti
3257 5073 3656 5145 fuerant,cum
3683 5089 3803 5152 prae

2148 5165 2403 5244 segnitie
2433 5185 2550 5226 non
2579 5165 3045 5246 permansissent
3071 5163 3132 5225 in
3154 5181 3260 5225 sua
3277 5161 3638 5242 origine,sed
3665 5179 3804 5222 cor-

2147 5254 2448 5335 rupissent
2479 5257 2684 5316 datum
2702 5253 2818 5315 sibi
2835 5271 2904 5315 ex
2929 5252 3189 5315 honitate
3215 5251 3454 5314 caeleste
3482 5252 3615 5314 vitae
3635 5250 3806 5312 insti-

2149 5351 2360 5416 tutum,
2397 5342 2470 5404 ad
2495 5343 2790 5424 judicium
2821 5343 2944 5404 sive
2974 5341 3806 5422 condemnationem,suppli-

2149 5435 2241 5494 cio
2265 5433 2462 5512 magni
2492 5443 2548 5494 et
2578 5431 2966 5495 intolerabilis
2985 5431 3105 5493 diei
3121 5431 3388 5512 reposuit
3408 5439 3467 5493 et
3486 5447 3808 5492 conserva-

2147 5520 2405 5584 vit.Nam
2435 5523 2548 5584 hoc
2609 5523 2788 5585 etiam
2847 5540 3006 5584 nunc
3035 5520 3327 5600 signiﬁcat
3352 5523 3608 5600 τετήρηνε
3636 5522 3810 5581 Juxta

2150 5611 2294 5674 illud
2330 5611 2487 5691 quod
2518 5611 2600 5673 ait
2629 5611 2900 5677 Christus
2935 5630 2947 5672 :
2992 5609 3136 5684 «Qui
3173 5617 3533 5692 praeparatus
3564 5615 3652 5670 est
3672 5607 3805 5669 dia-
