4106 6418
322 393 438 460 713

319 529 392 592 ὡς
424 526 634 592 Παῦλός
678 550 807 609 φησι
845 547 859 561 ·

318 615 497 689 δόξης,
530 615 716 692 πολλῷ
771 615 972 692 μᾶλλον
1001 620 1060 674 τὸ
1095 617 1248 694 μένον
1279 619 1333 674 ἐν
1360 616 1505 696 δόξῃ.
1542 642 1569 675 n
1627 621 1724 678 Καὶ
1755 618 1913 677 πάλιν
1948 636 1960 648 ⁸

1469 369 1866 463 COMMENT.
1910 395 1993 458 IN
2038 390 2280 459 EPIST.
2323 399 2557 462 mea.

923 551 952 584 α
1015 529 1074 587 Εἰ
1130 530 1229 610 γὰρ
1288 532 1347 588 τὸ
1399 531 1824 610 καταργούμενον
1880 531 1954 588 διὰ

2048 530 2460 610 Lugdunensis
2477 532 2540 593 in
2562 531 2964 594 confutatione
2991 529 3136 592 falso
3159 529 3333 593 dicta
3349 529 3642 612 scientiae,
3667 549 3703 593 a

2051 639 2166 697 quo
2193 621 2241 682 is
2263 621 2364 702 qui
2390 620 2663 702 voluerit,
2690 620 3057 683 intellectum
3091 620 3362 701 accipiat.
3385 618 3700 682 Autdomi-

321 707 535 802 El‘jﬁp
593 708 643 802 ἡΔ
689 704 924 763 διακονία
981 715 1078 802 τῇς
1154 709 1506 785 κατακρίσεως
1571 706 1720 802 ³δόξα,
1782 707 1954 783 πολλᾷ

2049 709 2347 802 nationem
2369 711 2818 802 spernunt,_hoc
2839 717 2948 785 est,
2974 708 3403 802 perfectionem
3424 706 3697 802 mysterii

318 792 520 870 μᾶλλον
553 797 587 864 ἡ
619 793 852 852 διακονία
881 799 979 862 τῆς
1005 793 1341 863 δικαιοσύνης
1384 795 1526 862 δόξα.
1572 792 1626 853 Ἠ
1657 799 1743 854 καὶ
1776 797 1960 873 Δόξας,

318 883 414 948 τὰς
469 882 913 951 ἐκκλησιαστικὰς
980 884 1151 964 ἀρχάς
1195 907 1378 964 φησιν,
1425 885 1484 951 ἃς
1543 883 1908 965 ἐϐλασφήμουν
1944 903 1956 916 ⁸

319 974 392 1035 ὡς
435 972 547 1030 ἔστι
605 974 695 1030 καὶ
749 973 856 1030 ἀπὸ
922 978 1020 1040 τῆς
1071 973 1250 1053 τρίτης
1307 973 1552 1030 Ἰωάννου
1608 984 1700 1034 τοῦ
1739 975 1963 1052 ἠγαπη-

323 1061 482 1137 μένου
529 1059 848 1130 Ἐπιστολῆς
878 1066 1086 1139 μαθεῖν.
1151 1061 1240 1120 Ἐν
1283 1066 1367 1126 οἷς
1397 1086 1528 1143 φησι
1569 1064 1661 1119 τὸν
1706 1069 1961 1144 Διοτρεφῆ

321 1149 501 1229 λόγοις
531 1163 788 1230 πονηροῖς
836 1148 1224 1231 καταφλυαρεϊν
1271 1150 1464 1214 αὐτῶν.
1528 1148 1672 1210 Ἐπεὶ
1703 1150 1757 1208 δὲ
1787 1151 1958 1229 βλασ-

320 1239 547 1319 φημίας,
619 1238 882 1318 ἐμνήσθη,
954 1239 1284 1318 σωφρονίζων
1345 1241 1440 1296 οῦκ
1509 1240 1694 1304 αὐτοὺς
1743 1240 1955 1316 μόνους,

318 1326 456 1383 ἀλλὰ
509 1327 597 1384 καὶ
677 1327 878 1390 πάντας
971 1325 1272 1406 ἀνθρώπως
1345 1328 1574 1401 καθαρὰς
1647 1327 1794 1408 ἔχειν
1865 1330 1958 1393 τὰς

313 1415 558 1495 γλώσσας
611 1425 706 1475 τοῦ
756 1417 994 1474 τοιούτου
1053 1426 1239 1490 κακοῦ,
1303 1417 1390 1472 καὶ
1463 1415 1597 1493 μηδὲ
1650 1419 1786 1476 κατὰ
1853 1425 1959 1474 τῶν

312 1504 468 1571 ἀξίων
497 1504 836 1585 βλασφημίας
892 1506 1062 1579 τούτῳ
1116 1508 1436 1585 κεχρῆσθαι,
1493 1506 1650 1586 φησίν
1686 1523 1699 1537 ⁸
1741 1529 1768 1561 α
1818 1497 1874 1564 Ὀ
1905 1505 1959 1563 δὲ

312 1590 537 1675 Μιχαὴλ
581 1596 609 1650 6
653 1592 1016 1673 ἀρχάγγελος,
1055 1617 1077 1649 ι
1128 1594 1216 1649 καὶ
1255 1591 1399 1661 ἑξῆς.
1447 1593 1507 1650 Τί
1543 1597 1694 1650 τοῦτο
1747 1592 1957 1674 λέγων,

313 1674 408 1744 Ὠς
437 1684 578 1739 οὗτοι
610 1683 706 1758 μὲν
735 1683 1032 1762 προχείρως
1089 1684 1176 1739 καὶ
1219 1682 1458 1760 ἀκρατῶς
1506 1683 1796 1762 κέχρηνται
1825 1685 1961 1740 κατὰ

315 1772 524 1829 πάντων
555 1793 624 1847 τῃ
655 1769 986 1850 βλασφημίᾳ.
1047 1773 1120 1829 Οὐ
1147 1771 1259 1851 χρὴ
1290 1769 1345 1826 δὲ
1372 1773 1548 1844 τοῦτο,
1596 1770 1726 1828 ὅπου
1755 1795 1816 1850 γε
1846 1771 1960 1831 063E

2047 797 2202 874 quod
2226 799 2651 860 estsecundum
2673 796 2993 860 Christum:
3009 796 3070 858 in
3093 796 3304 859 ordine
3325 802 3380 858 et
3402 796 3528 858 vice
3543 815 3704 877 mys-

2045 885 2330 947 teriorum
2355 887 2760 963 angelicorum
2786 904 2922 948 suas
2940 884 3346 965 impudicitias
3369 884 3692 965 perﬁcien-

2045 979 2153 1033 tes.
2184 973 2344 1038 Δόξας
2371 981 2593 1049 autem,
2623 973 2683 1034 id
2709 980 2822 1050 est,
2848 971 3202 1053 splendores
3238 971 3383 1033 dicit
3422 973 3607 1040 Vetus
3629 989 3700 1046 ac

2043 1060 2267 1122 Novum
2295 1070 2732 1126 Testamentum
2762 1083 2774 1121 :
2802 1060 3310 1142 quemadmodum
3333 1061 3552 1123 Paulus
3580 1059 3694 1122 ait:

2049 1175 2076 1206 α
2095 1150 2334 1213 Etenim
2357 1151 2408 1213 si
2428 1151 2487 1213 id
2499 1151 2658 1232 quod
2674 1149 2950 1213 aboletur
2970 1168 3076 1230 per
3089 1148 3338 1228 gloriam
3364 1148 3693 1226 fuit,multo

2043 1237 2229 1314 magis
2241 1238 2397 1319 quod
2418 1249 2750 1320 permanet,
2775 1239 2838 1299 in
2859 1237 3044 1317 gloria
3072 1246 3163 1300 est
3183 1239 3308 1300 51.»
3324 1235 3644 1302 Etrursum
3673 1257 3688 1296 :

2040 1324 2187 1386 Nam
2227 1327 2276 1388 si
2312 1327 2745 1388 administratio
2776 1325 3295 1388 condemnationis
3317 1323 3695 1404 gloria,mul-

2040 1423 2097 1476 to
2119 1415 2303 1495 magis
2333 1416 2763 1478 administratio
2783 1415 3036 1495 justitiaa
3079 1414 3292 1494 gloria.
3346 1413 3464 1476 Aut
3512 1413 3692 1478 etiam

2040 1501 2403 1583 Splendores
2421 1504 2564 1566 dicit
2587 1503 3024 1566 ecclesiasticos
3051 1500 3527 1584 principatus,in
3550 1519 3700 1582 quos

2041 1591 2356 1654 maledicta
2371 1599 2701 1670 congerunt
2729 1610 2743 1654 :
2771 1590 3278 1672 quemadmodum
3304 1589 3534 1653 discere
3555 1589 3700 1660 licet

2042 1683 2220 1741 etiam
2239 1699 2272 1740 a
2296 1680 2461 1741 tertia
2487 1681 2728 1743 Joannis
2752 1679 2958 1742 dilecti
2974 1678 3261 1760 Epistola,
3288 1678 3444 1742 inter
3458 1695 3606 1758 quos
3617 1677 3702 1739 ait

2043 1785 2176 1829 esse
2199 1769 2586 1849 Diotrephen,
2604 1767 2706 1850 qui
2721 1767 2996 1846 malignis
3012 1766 3392 1830 sermonibus
3409 1766 3698 1834 adversus

315 1863 436 1924 τοὺς
491 1861 664 1926 ἀξίους
735 1859 1093 1939 βλασφημίας,
1175 1858 1371 1918 δίκαιον
1441 1858 1799 1940 βλασφημεῖν,
1887 1864 1954 1925 ὡς

2045 1857 2204 1936 ipsos
2223 1857 2493 1936 garriret.
2521 1855 2809 1929 Quoniam
2830 1866 3026 1918 autem
3074 1854 3525 1918 maledictorum
3560 1873 3692 1920 me-

316 1948 476 2015 δῆλον
507 1950 612 2006 ἀπὸ
639 1951 732 2005 τοῦ
776 1947 1115 2028 ἀρχαγγέλου
1170 1947 1417 2027 Μιχαήλ.
1467 1950 1638 2027 Παρὸν
1680 1951 1778 2030 γὰρ
1821 1953 1962 2026 αὗτῷ

315 2039 610 2120 κρινομένῳ
669 2039 803 2114 μετὰ
857 2047 948 2096 τοῦ
1033 2034 1276 2095 διαϐόλου
1357 2039 1472 2116 περὶ
1541 2045 1631 2094 τοῦ
1698 2040 1960 2105 Μωυσέως

313 2129 560 2204 σώματος
589 2125 968 2205 βλασφημῆται
993 2127 1087 2182 τὸν
1134 2123 1375 2182 διάϐολον
1429 2125 1513 2182 διὰ
1555 2128 1652 2194 τὴν
1699 2127 1960 2186 ἀναίδειαν

314 2217 492 2291 αὒτοῦ,
521 2223 676 2272 τοῦτο
701 2215 794 2272 οὐκ
822 2214 1092 2289 ἐποίησεν,
1122 2216 1166 2270 εἰ
1223 2215 1302 2289 μῆ
1344 2217 1424 2288 τὸ,
1489 2213 1834 2292 Ἐπιτιμήσαι
1880 2240 1961 2272 σοι

314 2307 476 2382 μόνον
506 2308 534 2362 6
566 2306 723 2384 Θεὸς,
757 2301 988 2383 διάϐολε,
1035 2303 1334 2381 ἀπήνεγκεν
1363 2306 1526 2376 αὐτῷ.
1576 2307 1633 2362 Εἰ
1674 2304 1727 2361 δὲ
1759 2309 1786 2362 6
1829 2307 1964 2386 ἀρχ-

314 2395 540 2475 ἅγγελος
617 2391 732 2451 ὧδὲ
806 2389 990 2468 ἀνδρὸς
1047 2391 1497 2472 βλαφημουμένου
1556 2393 1770 2472 ἤνεγκε,
1847 2399 1960 2459 πῶς

313 2487 454 2542 οὗτοι
483 2485 576 2540 τὸν
624 2479 833 2537 πάντων
893 2482 1022 2536 Θεὸν
1079 2479 1418 2559 βλασφημεῖν
1474 2481 1611 2546 ὅλως
1679 2482 1959 2564 τολμῶσις

317 2575 416 2632 Καὶ
472 2569 648 2632 ἄλλως
703 2568 956 2649 γράφεται
989 2587 1004 2604 ⁸
1081 2571 1139 2626 Εἰ
1196 2567 1247 2624 δὲ
1312 2573 1340 2626 6
1383 2570 1715 2650 ἀρχάγγελος
1771 2573 1960 2654 οὕτως,

311 2661 404 2717 οὐκ
433 2659 486 2716 ἓν
527 2656 645 2735 δίκῃ
702 2656 765 2713 ἂν
819 2655 1004 2736 ἀιδρὸς
1055 2655 1277 2738 ἀδελφοῦ
1330 2660 1418 2715 καὶ
1469 2662 1754 2738 ὁμογενοῦς
1823 2661 1961 2738 βλα-

311 2749 546 2831 σφημίας
576 2744 991 2824 συμπλέκοιμεν,
1042 2748 1139 2804 Καὶ
1193 2756 1357 2806 ταῦτα
1413 2747 1510 2824 μὲν
1565 2751 1680 2829 περὶ
1735 2751 1957 2812 τούτων,

313 2829 377 2896 Ἦ
404 2837 459 2894 δὲ
513 2837 632 2915 περὶ
679 2841 772 2891 τοῦ
829 2834 1090 2900 Μωῦσέως
1133 2836 1380 2912 κώμττος
1434 2837 1599 2916 κρίσις
1645 2838 1754 2895 ἐστὶ
1798 2839 1957 2913 αὕτη,

310 2927 530 3006 Λέγεται
584 2926 676 2981 τὸν
718 2921 944 3002 Μιχαὴλ
998 2925 1089 2979 τὸν
1144 2924 1482 3004 ἀρχάγγελον
1523 2932 1592 3003 τῇ
1645 2937 1738 2987 τοῦ
1795 2936 1956 2986 Minis-

307 3017 440 3081 σέως
481 3019 623 3094 ταφῇ
675 3010 1135 3080 δεδιηκονηκέναι.
1182 3021 1286 3071 Τοῦ
1341 3015 1441 3094 γὰρ
1499 3013 1744 3073 διαϐόλου
1804 3025 1957 3075 τοῦτο

2045 1945 2237 2019 minit,
2279 1945 2567 2009 cohibens
2585 1964 2705 2007 non
2729 1945 2892 2025 ipsos
2918 1945 3104 2020 solos,
3128 1943 3519 2008 verumeta'am
3555 1943 3695 2004 uni-

2043 2053 2246 2096 versos
2267 2035 2565 2110 homines,
2593 2034 2904 2113 ntlinguas
2927 2032 3180 2095 habeant
3198 2050 3376 2111 puras
3393 2031 3471 2095 ab
3493 2031 3699 2110 hujus-

2045 2123 2207 2184 modi
2260 2123 2434 2195 malo,
2482 2133 2544 2186 et
2583 2141 2690 2184 nec
2732 2122 3013 2184 adversus
3057 2120 3192 2184 illos
3223 2120 3324 2201 qui
3377 2119 3697 2182 maledicto

2044 2211 2204 2291 digni
2233 2220 2373 2272 sunt
2402 2231 2471 2274 eo
2503 2220 2744 2274 utantur
2773 2209 2856 2272 ait
2883 2228 2896 2272 :
2931 2209 3180 2272 Michael
3211 2209 3625 2289 archangelus,
3663 2234 3690 2270 ιι

2044 2314 2158 2362 etc.
2201 2299 2352 2372 Quid
2384 2309 2580 2362 autem
2622 2317 2728 2380 per
2757 2300 2871 2360 hoc
2895 2298 3010 2360 sibi
3056 2297 3223 2360 vult?
3264 2298 3406 2362 629
3434 2297 3603 2370 Quod
3635 2295 3698 2362 hi

2045 2389 2286 2471 quidem
2306 2397 2532 2452 temere
2555 2397 2613 2450 et
2647 2389 3118 2468 intemperanter
3157 2387 3440 2448 adversus
3481 2405 3696 2470 omnes

2047 2479 2378 2540 maledictis
2407 2487 2670 2540 utantur.
2709 2477 2774 2539 Id
2805 2485 3002 2538 autem
3037 2475 3168 2537 ﬁeri
3185 2494 3304 2536 non
3327 2474 3530 2555 debet,
3556 2494 3692 2536 cum

2045 2587 2122 2629 ne
2152 2587 2253 2630 eos
2284 2568 2524 2648 quidem
2557 2566 2660 2647 qui
2709 2565 3024 2626 maledicto
3075 2563 3238 2642 digni
3267 2572 3404 2625 sunt
3454 2581 3690 2644 aequum

2046 2657 2122 2718 sit
2154 2658 2483 2720 maledictis
2509 2655 2836 2728 incessere,
2885 2653 3036 2715 sicut
3081 2652 3154 2714 ab
3186 2653 3544 2731 archangelo
3575 2652 3692 2715 Mi-

2046 2747 2252 2809 chaele
2285 2746 2659 2808 manifestum
2691 2751 2805 2806 est.
2838 2741 2983 2804 Nam
3015 2760 3149 2804 cum
3195 2741 3258 2804 in
3290 2741 3696 2807 controversia

2045 2854 2177 2916 quae
2231 2837 2388 2898 inter
2463 2835 2662 2913 ipsum
2739 2841 2798 2893 et
2871 2831 3174 2892 diabolum
3233 2839 3360 2892 erat
3418 2829 3493 2894 de
3550 2833 3696 2893 Mosi

2043 2943 2314 3004 corpore,
2347 2925 2480 2985 data
2500 2922 2706 2983 fuisset
2732 2919 3042 2982 occasiout
3067 2938 3205 2980 eum
3235 2917 3558 2982 maledicto
3583 2919 3694 2981 im-

2040 3021 2268 3092 peteret
2306 3019 2547 3093 propter
2567 3011 2724 3070 illius
2748 3008 3200 3089 impudentiam,
3235 3025 3354 3072 non
3384 3009 3496 3070 hoc
3526 3008 3690 3084 fecit,

309 3108 389 3183 μὴ
447 3102 901 3183 καταδεχομένου,
974 3102 1094 3165 ἀλλ’
1165 3103 1500 3186 ἐπιφέροντος
1571 3104 1818 3186 ἔγκλημα
1876 3109 1954 3167 διὰ

2041 3103 2148 3164 sed
2169 3103 2227 3164 id
2278 3109 2504 3163 tantum
2544 3101 2606 3160 in
2647 3117 2784 3160 eum
2818 3098 3054 3160 intulit:
3097 3095 3372 3186 Increpet
3416 3110 3475 3160 te
3507 3099 3690 3173 Deus,

308 3198 399 3253 τὸν
466 3192 559 3251 τοῦ
629 3194 908 3271 Αἰγυπτίου
980 3192 1160 3272 φόνον,
1247 3195 1320 3257 ὡς
1397 3196 1556 3252 αὐτοῦ
1636 3193 1786 3261 ὄντος
1869 3206 1960 3256 τοῦ

310 3284 602 3364 Μωϋσέως,
661 3284 748 3338 καὶ
812 3281 894 3340 διὰ
977 3291 1128 3340 τοῦτο
1215 3288 1292 3379 ui]
1351 3289 1745 3364 συγχωρεῖσθαι
1816 3291 1958 3364 αὐτῷ

301 3386 496 3453 τυχεῖν
563 3375 663 3446 τῆς
723 3371 933 3446 ὶντίμου
987 3373 1182 3451 ταφῆς.
1249 3371 1309 3430 Ἠ
1364 3375 1452 3429 καὶ
1503 3371 1586 3429 διὰ
1640 3376 1826 3434 τούτου
1892 3379 1954 3434 τὸ

302 3469 462 3520 πᾶσιν
529 3459 822 3538 ἀνθρώποις
882 3457 1288 3538 ἐποφειλόμενον
1345 3462 1480 3536 μετὰ
1543 3462 1642 3530 τὴν
1691 3463 1796 3521 ἀπὸ
1860 3473 1952 3522 τοῦ

300 3551 553 3626 σώματος
637 3545 809 3612 ἔξοδον
890 3546 1192 3626 λογοθέσιον
1275 3550 1550 3625 σημαίνειν
1633 3553 1949 3630 βουλόμενος

297 3643 327 3698 6
388 3635 743 3716 Ἀπόστολος,
801 3639 890 3694 καὶ
959 3635 1040 3694 ὅτι
1101 3640 1255 3704 αὐτὸς
1313 3638 1404 3706 εἴη
1457 3642 1486 3696 6
1556 3639 1792 3706 Παλαιᾶς
1863 3645 1948 3701 καὶ

297 3733 497 3794 Καινῆς
560 3727 831 3796 Διαθήκης
891 3727 1042 3798 Θεὸς,
1106 3737 1260 3787 τοῦτο
1300 3728 1545 3809 προφέρει
1602 3736 1716 3790 νῦν.
1768 3732 1948 3798 Δεϊξαι

297 3818 399 3896 γὰρ
454 3813 797 3892 βουλόμενος,
861 3817 890 3871 6
946 3817 1074 3882 Θεὸς
1132 3829 1250 3881 τοῖς
1308 3817 1430 3873 τότε
1473 3819 1774 3899 παχύτερον
1831 3821 1949 3878 δια-

295 3904 566 3981 κειμένοις
636 3903 930 3983 ἀνθρώποις
1012 3903 1096 3960 διὰ
1160 3905 1254 3962 τοῦ
1333 3914 1557 3986 φανεροῦ
1615 3909 1675 3965 τὸ
1730 3909 1948 3998 ἔιφανὲς³

296 3992 384 4050 ὅτι
451 3994 585 4070 μετὰ
660 3992 760 4058 τὴν
830 3990 1030 4049 ἐνθένδε
1098 3991 1416 4073 ἀπαλλαγὴν
1474 4009 1597 4060 ταῖς
1665 3990 1951 4078 ἡμετέραις

296 4089 507 4163 ψυχαῖς
558 4081 861 4138 ἀνθίσταταί
914 4084 942 4138 6
985 4078 1227 4146 διάϐολος
1280 4085 1416 4159 μετὰ
1472 4091 1578 4141 τῶν
1620 4087 1804 4144 ἑαυτοῦ
1843 4112 1950 4146 πο-

297 4172 473 4251 νηρῶν
502 4169 791 4250 δαιμόνων,
823 4170 1048 4246 ἐκκόψαι
1093 4170 1412 4248 βουλόμενος
1456 4175 1555 4242 τὴν
1601 4175 1686 4232 ἐπὶ
1731 4177 1798 4233 τὰ
1840 4176 1950 4234 ἅνω

294 4261 509 4340 πορείαν
539 4259 708 4319 αὐτῶν
754 4258 864 4336 (καὶ
919 4262 948 4315 6
1003 4259 1100 4335 μὲν
1156 4260 1483 4344 ἀνθίσταται,
1549 4267 1596 4321 οἱ
1654 4263 1706 4321 δὲ
1765 4267 1948 4345 ἀγαθοὶ

2043 3189 2302 3254 diabole.
2336 3189 2505 3262 Quod
2531 3188 2581 3249 si
2601 3187 2994 3266 archangelus
3025 3205 3144 3247 non
3168 3185 3388 3248 tulitut
3417 3187 3512 3249 vir
3547 3206 3692 3248 con-

2041 3278 2640 3358 vicitsimpeteretur,
2666 3277 2964 3356 quomodo
2990 3275 3049 3336 hi
3093 3273 3408 3336 Dominum
3445 3275 3691 3338 univer-

2037 3387 2239 3430 sorum
2259 3369 2502 3430 omnino
2532 3365 2922 3447 blasphemiis
2937 3367 3158 3428 audent
3184 3365 3530 3428 incessere?
3551 3366 3694 3429 Alio

2035 3476 2264 3538 quoque
2285 3459 2461 3520 modo
2496 3456 2828 3518 scribitur:
2884 3453 3051 3526 Quod
3077 3455 3126 3515 si
3149 3454 3230 3516 ita
3254 3472 3318 3515 se
3350 3453 3558 3516 habuit
3586 3473 3692 3517 ar-

2034 3549 2356 3626 changelus
2385 3563 2756 3626 nequaquam
2788 3543 2848 3604 in
2879 3562 3058 3605 causa
3085 3543 3284 3605 fratris
3301 3543 3410 3604 viri
3427 3545 3694 3624 ejusdem

2031 3637 2341 3698 nobiscum
2391 3633 2751 3698 conditionis
2804 3632 3204 3712 blasphemias
3257 3640 3320 3693 et
3377 3633 3696 3696 maledicta

2031 3743 2440 3804 congeramus.
2498 3722 2568 3783 Et
2627 3722 2752 3782 haec
2812 3721 3058 3800 quidem
3114 3721 3188 3781 de
3237 3721 3332 3782 his
3361 3721 3519 3784 dicta
3547 3723 3689 3784 sint.

2035 3817 2215 3874 Porro
2251 3815 2324 3874 de
2355 3811 2505 3874 Mosi
2538 3827 2787 3889 corpore
2839 3811 2950 3870 hoc
2995 3815 3084 3870 est
3108 3808 3427 3888 judicium.
3466 3810 3697 3873 Dicitur

2034 3901 2288 3963 Michael
2336 3898 2727 3977 archangelus
2774 3896 3176 3958 ministerium
3230 3897 3580 3976 praestitisse
3630 3899 3692 3961 in

2035 3989 2378 4070 sepeliendo
2402 3987 2598 4048 Mose:
2638 3986 2698 4048 id
2739 4006 2856 4046 non
2901 3985 3130 4047 ferebat
3161 3984 3457 4062 diabolus,
3477 3988 3579 4049 sed
3597 4007 3666 4050 ac

2038 4079 2404 4141 cusationem
2461 4075 2746 4138 afferebat
2807 4084 3048 4156 propter
3121 4075 3342 4137 cedem
3406 4076 3692 4159 Egyptii,

2032 4173 2196 4250 quasi
2229 4167 2411 4232 Mosis
2441 4167 2626 4247 ipsius
2660 4165 2920 4229 esset”:
2955 4173 3012 4227 et
3041 4173 3356 4246 propterea
3402 4185 3521 4228 non
3547 4186 3688 4248 per-

2031 4258 2320 4333 mittebat,
2358 4265 2419 4318 ut
2451 4257 2551 4317 ille
2576 4256 2965 4318 honoriﬁcam
2997 4265 3467 4336 consequeretur
3486 4259 3692 4338 sepul-

294 4356 427 4407 Θεοῦ
459 4345 672 4428 ἄγγελοι
715 4358 1089 4428 συμμαχοῦσιν
1123 4349 1336 4427 αὐταῖς,
1369 4353 1442 4417 ὡς
1472 4354 1560 4409 καὶ
1604 4356 1632 4409 6
1691 4357 1944 4435 μακάριος

2038 4356 2243 4410 turam.
2270 4356 2382 4408 Aut
2411 4346 2584 4408 etiam
2614 4364 2725 4424 per
2746 4347 2858 4407 hoc
2881 4346 3217 4425 signiﬁcare
3267 4346 3471 4408 volens
3501 4349 3689 4428 Apos-

295 4437 584 4502 Ἀντώνιος
615 4435 902 4516 τεθέαται),
960 4444 1125 4495 ταῦτα
1168 4438 1287 4494 τότε
1333 4445 1638 4520 πραχθῆναι
1696 4447 1944 4524 συνεχώ-

293 4547 394 4606 ρει,
427 4525 577 4593 Πλὴν
603 4527 695 4583 τὸν
729 4523 976 4606 Μιχαὴλι
1006 4525 1149 4606 τότε,
1197 4530 1286 4584 τὸν
1330 4527 1570 4588 διάϐολον
1615 4523 1944 4602 ἀποσοϐῆσαι

295 4615 418 4695 μὲν,
477 4615 556 4692 μὴ
601 4614 780 4690 μέντοι
839 4611 1246 4680 ἐξουσιαστικῶς
1301 4617 1638 4697 ἐπιτιμῆσαι,
1689 4621 1826 4679 ἀλλὰ
1869 4627 1946 4697 τῷ

299 4703 470 4783 Κυρίῳ
521 4707 626 4761 τῶν
695 4701 836 4761 ὅλων
907 4710 1299 4785 παραχωρῆσαι
1355 4708 1455 4774 τὴν
1498 4711 1686 4788 κρίσιν,
1734 4714 1821 4768 καὶ
1876 4715 1946 4770 εἰ-

295 4804 418 4850 πεῖν
456 4810 470 4825 ⁶
499 4791 852 4869 Ἐπιτιμήσαι
880 4814 963 4850 σοι
993 4795 1022 4850 6
1067 4795 1216 4870 Θεὸς,
1276 4793 1507 4859 διάϐολε,
1563 4819 1586 4854 α
1621 4802 1772 4858 Οὗτοι
1829 4799 1882 4857 δὲ
1913 4804 1945 4858 ἃ

299 4884 396 4940 οὐκ
422 4878 625 4944 οἴδασι.
662 4904 686 4940 ιι
728 4872 785 4940 Ὀ
816 4881 914 4958 μὲν
943 4882 1194 4964 Μιχαὴλ,
1227 4885 1406 4964 φησὶν,
1443 4886 1630 4965 οὕτως,
1662 4888 1779 4948 οὒδὲ
1808 4893 1946 4948 κατὰ

296 4967 502 5059 ἀνδρὸς,
581 4967 727 5059 ἤτοι*
766 4980 860 5030 τοῦ
924 4973 1185 5036 Μωϋσέως
1250 4973 1512 5055 ἠνέσχετο
1580 4976 1940 5059 βλασφημίας,

295 5061 447 5118 Οὗτοι
475 5057 531 5148 δὲ
559 5061 677 5139 περὶ
707 5057 988 5148 δογμάτων
1018 5061 1052 5116 ἃ
1095 5062 1190 5118 οὐκ
1217 5060 1417 5140 οἴδασι,
1451 5057 1809 5148 βλασφήμους
1825 5092 1944 5128 συν-

291 5148 490 5238 τιθέασι
518 5147 731 5228 λόγους,
765 5148 865 5206 ὅσα
907 5147 962 5205 δὲ
991 5157 1187 5230 φυσικῇ
1231 5153 1371 5231 ὁρμῇ
1411 5147 1746 5238 ἀδιακρίτως,
1777 5161 1850 5226 ὡς
1880 5162 1946 5217 τὰ

292 5235 483 5319 ἄλογα,
513 5239 816 5304 ὶπίστανται
846 5245 980 5316 ζῶα,
1011 5247 1174 5298 ταῦτα
1203 5242 1640 5324 μεταδιώκουσιν,
1676 5235 1747 5315 ὡς
1776 5249 1941 5307 ἵπποι

293 5325 606 5403 θολυμανεϊς
636 5327 672 5396 ἢ
702 5341 907 5409 χοῖροι.

2028 4439 2182 4499 tolus
2201 4438 2390 4515 legem
2422 4434 2717 4497 universis
2743 4435 3038 4516 praeﬁxam
3064 4435 3406 4497 hominibus
3419 4443 3551 4516 post
3572 4438 3695 4499 exi-

2027 4534 2149 4588 tum
2184 4544 2504 4606 acorpore,
2532 4532 2590 4586 et
2615 4525 2773 4605 quod
2795 4524 2956 4586 idem
2982 4532 3140 4586 esset
3160 4523 3319 4586 Deus
3356 4523 3590 4588 Veteris
3619 4545 3688 4588 ac

2025 4615 2170 4680 Novi
2201 4613 2591 4688 Testamenti,
2654 4615 2768 4675 hoc
2827 4632 2986 4674 nunc
3049 4613 3274 4694 profert
3303 4613 3364 4674 in
3397 4613 3681 4676 medium.

2026 4706 2171 4768 Cum
2217 4705 2376 4766 enim
2417 4703 2575 4764 Deus
2621 4702 2964 4764 hominibus
2999 4703 3098 4783 qui
3139 4711 3276 4764 tunc
3307 4705 3567 4764 crassius
3600 4706 3692 4765 af-

2029 4795 2372 4868 fectierant,
2393 4811 2498 4875 per
2515 4791 2822 4852 manifesta
2841 4791 3016 4852 vellet
3053 4793 3375 4853 ostendere
3417 4792 3690 4863 occulta;

2028 4904 2246 4966 nempe
2275 4884 2429 4964 quod
2461 4882 2744 4944 adversus
2787 4888 3018 4942 nostras
3074 4880 3326 4957 animas,
3380 4889 3689 4962 postquam

2028 4977 2169 5038 hinc
2204 4973 2464 5036 'iberatae
2495 4978 2656 5044 sunt,
2720 4969 2987 5049 insurgat
3041 4969 3314 5031 diabolus
3365 4988 3500 5031 cum
3561 4971 3690 5034 suis

2030 5064 2304 5145 malignis
2334 5059 2729 5141 daemonibus,
2763 5058 3066 5140 impedire
3096 5062 3298 5120 volens
3329 5059 3444 5121 iter
3475 5078 3687 5123 eorum

2028 5157 2100 5219 ad
2125 5171 2381 5236 superna
2409 5159 2487 5228 (et
2510 5149 2611 5211 ille
2656 5148 2902 5231 quidem
2945 5147 3195 5224 resistit,
3241 5147 3383 5210 boni
3415 5168 3554 5212 vero
3586 5171 3696 5213 an-

2028 5246 2146 5328 geli
2166 5244 2272 5306 Dei
2292 5251 2429 5304 sunt
2475 5241 2623 5320 ipsis
2674 5237 2892 5301 auxilio
2923 5256 2936 5300 :
2973 5237 3477 5328 quemadmodum
3513 5241 3694 5303 etiam

2027 5327 2175 5399 vidit
2197 5335 2403 5396 beatus
2419 5330 2734 5409 Antonius)
2763 5351 2775 5387 :
2812 5330 2937 5390 haec
2973 5337 3095 5389 tum
3125 5327 3256 5389 ﬁeri
3283 5328 3688 5408 permittebat,

295 5419 568 5481 Attamen
591 5415 842 5482 Michael
866 5425 1006 5482 tunc
1027 5437 1206 5484 ausus
1225 5421 1467 5503 quidem
1497 5425 1609 5487 fuit
1644 5427 1950 5494 diabolum
1997 5447 2228 5498 arcere,
2271 5441 2390 5486 non
2423 5431 2619 5484 tamen
2652 5439 2786 5482 cum
2817 5418 3168 5481 auctoritate
3203 5419 3539 5500 increpare,
3587 5425 3692 5484 sed

296 5505 714 5574 universorum
746 5505 997 5573 Domino
1023 5513 1323 5574 concessit
1346 5515 1664 5600 judicium,
1716 5527 1775 5581 et
1812 5521 1896 5585 ait
1931 5541 1947 5585 :
2001 5524 2281 5599 Increpet
2332 5521 2392 5575 te
2438 5511 2624 5592 Deus,
2683 5509 2940 5572 diabole.
2983 5532 3009 5564 α
3045 5511 3122 5570 At
3151 5509 3250 5570 isti
3281 5525 3414 5592 qua;
3442 5528 3562 5572 non
3591 5529 3669 5576 no

376 5676 430 5727 υί
460 5673 513 5739 ΙΙ
543 5675 683 5741 Cor.
713 5693 800 5754 ιιι,
834 5678 935 5742 11.
1019 5680 1078 5733 5³
1105 5679 1293 5744 Exod.
1326 5699 1390 5748 ιι.

781 5801 1039 5866 Parnm.
1090 5804 1202 5866 Gn.
1252 5807 1466 5870 CXIX.

3088 5801 3164 5866 23

3575 392 3699 460 714
3782 438 3789 443 -
