4106 6416
431 372 550 436 ’715

1573 356 1981 431 OECUMENII
2024 352 2319 416 TRICCIE
2362 352 2698 415 EPISCOPI

3699 347 3818 412 716

429 512 646 565 verunt
708 528 731 562 υ
768 502 1017 566 Michael
1049 500 1290 582 quidem
1320 499 1580 576 itafecit,
1614 516 1811 579 neque
1842 495 2125 557 adversus
2156 487 2348 549 virum
2379 485 2506 549 sive
2549 490 2759 550 Mosen
2818 484 2951 546 tulit
2999 485 3330 582 convicium
3363 503 3376 547 :
3442 484 3502 582 hi
3545 501 3688 582 vero
3735 484 3816 582 de

431 593 721 672 dogmatis
750 612 881 674 quae
921 611 1040 653 non
1068 571 1386 656 noverunt.
1423 571 1746 651 maledicos
1777 584 2143 674 componunt
2173 593 2482 641 sermones
2517 599 2530 636 :
2589 594 2720 674 quae
2772 593 2911 636 vero
2943 573 3198 674 naturali
3219 573 3536 674 motu-sive
3559 571 3814 674 judicio,

431 660 713 762 tanquam
747 660 1070 744 animantia
1101 680 1352 742 rationis
1380 678 1648 760 expertia
1675 660 1990 746 noverunt,
2024 670 2148 730 haec
2180 674 2618 748 prosequuntur
2644 673 2922 746 tanquam
2953 663 3089 746 equi
3118 662 3486 726 insanientes
3515 661 3578 723 in
3609 660 3816 722 feme|~

430 769 538 845 las,
574 777 674 833 aut
702 769 888 834 veluti
919 769 1106 850 porci.

992 875 1135 937 650
1161 872 1407 939 CAPUT
1436 872 1508 936 Il.

427 975 742 1051 Depioratio
783 977 1086 1050 impiorum
1108 980 1340 1049 propter
1369 989 1619 1032 errorem
1645 978 1696 1030 et
1723 973 2078 1047 impietatem,

500 1073 563 1113 ac
591 1057 877 1114 lasciuiam
905 1062 956 1113 et
983 1056 1399 1128 blasphemiam,
1442 1069 1508 1110 ac
1561 1056 1809 1125 fucatam
1849 1054 2083 1111 simula-

501 1141 705 1198 tionem
721 1155 827 1212 per
855 1137 1230 1211 largitionem,
1262 1153 1369 1210 quo
1396 1137 1622 1209 [acilius
1650 1137 1942 1210 decipiant.

508 1230 730 1296 41-13.
770 1231 869 1293 Va:
917 1231 1066 1313 illis,
1100 1233 1393 1310 quoniam
1424 1233 1590 1292 viam
1623 1231 1778 1292 Cain
1805 1233 2082 1311 ingressi

429 1327 568 1383 sunt
595 1337 613 1381 :
641 1327 698 1382 et
718 1319 1062 1400 deceptione
1080 1319 1372 1380 mercedis
1393 1337 1509 1397 qua
1534 1319 1814 1397 deceptus
1835 1321 1953 1396 fuit
1964 1321 2082 1380 Ba-

429 1407 593 1471 laam
613 1408 790 1489 effusi
809 1415 948 1469 sunt
978 1429 990 1468 :
1018 1414 1075 1470 et
1097 1406 1721 1470 contradictioneCore
1739 1411 2080 1486 perierunt.

430 1499 515 1560 Hi
529 1504 668 1559 sunt
690 1497 851 1558 inter
877 1495 1217 1558 charitates
1253 1503 1482 1557 vestras
1518 1496 1680 1558 velut
1707 1513 1858 1558 saxa
1890 1497 2086 1558 maris

427 1589 614 1648 simul
633 1587 1027 1648 conviva-mes
1051 1587 1273 1665 absque
1296 1587 1768 1666 timore,seipsos
1790 1593 2082 1665 regentes,

427 1675 618 1737 nubes
630 1693 851 1756 aquam
867 1693 991 1737 non
1002 1674 1314 1751 habentes,
1331 1693 1471 1755 qua:
1485 1694 1521 1736 a
1534 1682 1726 1737 ventis
1739 1679 2080 1738 circumva-

427 1772 678 1844 guntur,
695 1765 939 1826 arbores
951 1764 1335 1826 autumnates
1347 1766 1764 1844 infrugiferw,
1775 1765 1863 1826 bis
1876 1782 2083 1826 emor-

429 1859 552 1916 tua!
564 1854 960 1915 eteradz’catae
981 1853 1153 1914 unda:
1187 1853 1390 1933 eﬁ'erw
1419 1856 1632 1926 maris,
1667 1854 2083 1932 despumantes

426 1958 539 2004 sua
553 1943 828 2020 ipsorum
839 1941 1138 2004 dedecora
1150 1941 1625 2004 stellwerraticaz
1657 1942 1870 2022 quibus
1893 1944 2083 2023 caligo

429 2031 817 2092 tenebrarum
846 2032 910 2090 in
927 2037 1223 2092 aeternum
1254 2037 1502 2093 servata
1533 2040 1642 2094 est.

517 2142 539 2175 ε
572 2116 738 2180 Viam
762 2118 908 2181 Cain
940 2139 953 2181 :
986 2142 1009 2175 ι
1038 2119 1150 2180 hoc
1185 2126 1294 2192 est,
1332 2137 1436 2199 per
1463 2119 1659 2180 fratris
1673 2121 2034 2184 occisionem
2061 2140 2074 2183 :

429 2225 567 2269 nam
602 2216 661 2268 et
688 2207 801 2288 ipsi
832 2207 968 2269 talia
1025 2207 1312 2269 docentes
1361 2209 1596 2286 fratres,
1651 2209 1773 2271 sive
1807 2211 2078 2290 ejusdem

428 2295 608 2356 sortis
637 2294 937 2370 homines,
999 2295 1282 2356 occidunt
1326 2295 1460 2356 illos
1519 2296 1710 2374 pravis
1769 2297 2076 2362 doctrinis.

425 2385 546 2446 Aut
575 2384 750 2445 etiam
808 2401 1014 2444 semen
1044 2383 1467 2464 absorbentes,
1503 2384 1744 2447 fratrem
1781 2387 1842 2447 in
1869 2387 2079 2450 virtute

427 2471 998 2552 interimunt,quem
1020 2472 1268 2534 seminis
1297 2472 1663 2535 fructiticatio
1696 2476 1990 2555 proferret
2017 2478 2076 2537 in

427 2561 637 2622 vitam.
663 2559 834 2624 Viam
860 2568 1054 2622 autem
1086 2560 1343 2634 Balaam,
1394 2581 1464 2624 eo
1506 2563 1662 2642 quod
1690 2572 1750 2626 et
1779 2565 1893 2646 ipsi
1923 2566 2076 2626 sicut

428 2647 555 2723 ille,
591 2648 743 2710 lucri
791 2650 978 2727 gratia
1022 2649 1148 2711 haec
1195 2649 1440 2712 faciunt.
1500 2653 1686 2716 Porro
1716 2652 1864 2714 viam
1897 2655 2069 2728 Core,

429 2738 714 2818 quoniam
739 2748 800 2800 et
846 2738 963 2818 ipsi
1005 2738 1162 2801 sicut
1190 2739 1312 2820 ille,
1369 2741 1754 2821 praeceptoris
1785 2742 2070 2817 ofﬁcium,

441 2845 576 2889 cum
593 2826 1426 2910 sintindigni,rapuerunt(Hi
1444 2839 1580 2890 sunt
1600 2829 2084 2896 intercharitates

439 2924 688 2978 vestras.
713 2941 740 2972 ι
770 2915 955 2978 Erant
979 2917 1173 2977 adhuc
1205 2923 1472 2997 tempore
1491 2918 1593 2979 illo
1619 2938 1844 2982 mensae
1869 2921 2078 3001 quaeiu

433 3004 709 3067 ecclesiis
733 3005 1195 3086 parabantur,de
1216 3005 1431 3084 quibus
1444 3014 1502 3068 et
1521 3007 2080 3090 PaulusinEpistola

430 3094 503 3156 ad
531 3093 868 3160 Corinthios
909 3093 1172 3174 loquitur
1207 3095 1309 3156 53:
1343 3113 1490 3175 quas
1521 3095 1696 3158 etiam
1730 3098 1960 3176 ἆγάπας,
2017 3100 2079 3160 id

431 3190 540 3257 est,
579 3182 895 3245 charitates
925 3183 1049 3244 sive
1099 3183 1474 3255 dilectiones,
1531 3186 1926 3266 appellabant.
1988 3189 2080 3250 Ad

432 3271 796 3352 has,inquit,
821 3281 1228 3335 concurrunt:
1265 3293 1384 3334 non
1437 3273 1510 3335 ob
1549 3295 1720 3336 usum
1751 3277 1850 3356 qui
1874 3277 1934 3338 in
1963 3279 2082 3340 illis

431 3359 705 3440 habetur,
740 3361 845 3422 sed
881 3369 944 3421 ut
1005 3361 1384 3422 occasionem
1442 3363 1748 3424 inveniant
1775 3365 2080 3428 inescandi

434 3449 1037 3541 animasinstahiles;
1073 3453 1572 3541 quemadmodum
1610 3461 1664 3512 et
1703 3456 1907 3515 Petrus
1937 3457 2140 3541 dicitc

431 3537 498 3600 in
527 3538 790 3600 secunda
811 3537 1075 3618 Epistola
1095 3541 1186 3600 διε
1223 3539 1388 3611 Quod
1413 3550 1606 3600 autem
1633 3541 1775 3602 dicit
1803 3564 1814 3604 :
1843 3544 2082 3624 Absque

430 3626 669 3705 timore,
701 3636 800 3688 aut
825 3647 960 3688 cum
997 3629 1376 3708 praecedenti,
1407 3629 1580 3690 Velut
1610 3650 1746 3691 saxa
1779 3635 1958 3695 maris
1991 3635 2076 3694 si-

430 3716 552 3776 mul
576 3717 971 3791 convivantes,
1005 3717 1400 3778 ordinandum
1449 3727 1556 3788 est,
1610 3728 1672 3779 ut
1702 3722 1775 3780 sit
1807 3722 1902 3783 hic
1932 3742 2076 3784 sen-

427 3823 529 3866 sus
557 3826 570 3864 :
597 3804 771 3867 Velut
797 3824 934 3868 saxa
964 3808 1140 3868 maris
1160 3808 1334 3868 simul
1380 3807 1775 3882 convivantes,
1822 3812 1934 3873 hoc
1961 3822 2070 3889 est,

425 3913 558 3954 cum
583 3893 728 3956 nihil
758 3896 1142 3956 metuendum
1169 3907 1537 3976 exspectant,
1565 3917 1793 3958 cmnam
1829 3919 1944 3960 una
1972 3921 2076 3961 su-

426 3991 618 4057 munt,
644 3993 894 4061 repente
916 3993 1192 4064 tanquam
1214 4004 1352 4046 saxa
1371 3986 1551 4046 maris
1573 3987 1904 4048 animarum
1936 4009 2078 4070 per-

424 4071 711 4134 ditionem
739 4073 886 4152 ipsis
906 4072 1279 4136 inducentvs.
1306 4076 1434 4134 651
1489 4076 1605 4136 Aut
1633 4077 1705 4136 ad
1729 4087 2074 4156 sequentem

425 4161 744 4223 dictionem
772 4163 1106 4241 Regentes:
1179 4165 1287 4224 hoc
1335 4174 1447 4244 est,
1480 4166 1705 4245 absque
1742 4165 1953 4228 timore
1981 4188 2082 4229 se-

426 4248 588 4327 ipsos
618 4261 1070 4330 componentes,
1108 4253 1256 4313 nihil
1314 4252 1483 4315 veriti
1542 4253 1754 4333 inquit,
1784 4256 2081 4332 judicium

426 4339 582 4418 quod
616 4338 761 4418 ipsis
792 4339 1088 4414 imminet,
1116 4360 1184 4402 eo
1216 4343 1371 4421 quod
1408 4359 1621 4423 regere
1656 4344 1942 4417 nesciant,
1976 4347 2080 4407 sed

425 4427 564 4489 caeci
588 4446 779 4490 caecos
803 4428 1112 4500 ducentes,
1141 4439 1197 4491 et
1220 4430 1277 4490 in
1303 4430 1530 4492 foveam
1549 4433 1632 4506 55,
1657 4432 1825 4510 juxta
1849 4433 2081 4494 ilomiui

426 4516 626 4591 verba,
653 4535 768 4577 una
789 4536 923 4578 cum
961 4517 1052 4577 his
1097 4521 1196 4598 qui
1236 4529 1521 4598 reguntur
1569 4519 1927 4582 incidentes.
1963 4523 2080 4584 Ma—

423 4606 571 4668 rinis
593 4617 790 4669 autem
813 4607 970 4669 saxis
991 4608 1152 4689 ipsos
1179 4617 1506 4690 comparat,
1553 4618 1610 4670 et
1643 4609 1897 4672 nubibus
1929 4631 2082 4692 aqua

2817 865 3069 924 ΚΕΦΑΛ.
3100 851 3191 921 B'.

3018 968 3044 980 θ

2169 989 2197 1020 ι
2248 965 2580 1041 Ταλανισμὸς
2624 968 2796 1024 αὐτῶν
2837 963 2922 1020 ἐπὶ
2981 968 3050 1040 τῇ
3099 961 3276 1039 πλάνῃ
3334 963 3420 1019 καὶ
3467 958 3704 1041 ἀσεϐείᾳ,
3729 961 3818 1017 καὶ

2242 1040 2488 1124 ἀσελγείᾳ
2513 1046 2602 1101 καὶ
2627 1043 2960 1124 βλασφημίᾳ,
3021 1044 3109 1100 καὶ
3151 1041 3465 1116 ἐπιπλάστῳ
3521 1040 3813 1119 ὑποκρίσει,

2241 1132 2311 1202 τῇ
2342 1122 2414 1190 εἱς
2457 1127 2668 1192 ἀπάτην
2697 1122 3004 1203 δωροδοκίᾳ.
3043 1147 3070 1179 ι

2254 1245 2278 1283 ε
2327 1228 2452 1284 Οὐαὶ
2495 1226 2701 1306 αὐτοῖς,
2735 1224 2913 1301 ὅτιτῇ
2969 1221 3074 1298 ὁδῷ
3128 1231 3221 1281 τοῦ
3255 1225 3390 1282 Κάϊν
3433 1224 3813 1304 ἐπορεύθησαν,

2163 1315 2252 1371 καὶ
2319 1321 2388 1391 τῇ
2470 1311 2645 1390 πλάνῃ
2732 1322 2824 1371 τοῦ
2907 1315 3127 1388 Βαλαὰμ
3211 1315 3396 1389 μισθοῦ
3467 1311 3810 1392 ἐξεχύθησαν,

2166 1405 2253 1460 καὶ
2335 1409 2404 1478 τῇ
2484 1401 2754 1480 ἀντιλογίᾳ
2841 1409 2931 1458 τοῦ
3037 1401 3168 1482 Κορὲ
3272 1400 3571 1459 ἀπώλοντο.
3660 1402 3814 1458 Οὗτοι

2168 1494 2296 1547 εἰσιν
2381 1491 2434 1546 ἐν
2518 1503 2640 1554 ταῖς
2723 1490 2954 1568 ἀγάπαις
3037 1493 3211 1566 ὑμῶν,
3297 1487 3570 1570 σπιλάδες,
3631 1509 3816 1546 στνευ-

2168 1581 2466 1659 ωχούμενοι
2555 1576 2788 1657 ἀφόϐως,
2879 1580 3091 1644 ἑαυτοὺς
3175 1580 3569 1655 ποιμαίνοντες,
3655 1576 3813 1658 νεφέ-

2167 1667 2255 1724 λαι
2337 1667 2540 1746 ἄνυδροι
2624 1667 2724 1722 ὺπὸ
2806 1669 3016 1744 ἀνέμων
3109 1670 3534 1750 περιφερόμεναι,
3635 1665 3816 1742 δένδρα

2167 1759 2527 1838 φθινοπωρινὰ
2556 1755 2788 1835 ἄκαρπα,
2823 1755 2896 1821 δὶς
2951 1759 3280 1815 ἀποθανόντα
3317 1760 3404 1814 καὶ
3447 1755 3810 1836 ἐκριζωθέντα,

2165 1847 2374 1922 κύμποτα
2405 1847 2561 1925 ἄγρια
2588 1845 2856 1914 θαλάσσης
2890 1847 3237 1926 ἐπαφρίζοντα
3266 1849 3359 1912 τὰς
3389 1847 3588 1902 ἑαυτῶν
3619 1845 3813 1924 αἰσχύ-

2165 1957 2281 2009 νας,
2328 1935 2540 2012 ἀστέρες
2585 1933 2852 1997 πλανῆται
2901 1939 2987 2000 οἷς
3045 1938 3072 1991 ὁ
3129 1936 3284 2017 ζόφος
3340 1941 3433 1992 τοῦ
3490 1934 3708 1998 σκότους
3739 1934 3812 1996 είς

2163 2025 2326 2080 αἰῶνα
2354 2026 2664 2100 τετήρηται,
2715 2046 2742 2078 ι

2253 2132 2276 2166 a
2323 2103 2458 2186 τυδῷ
2485 2119 2577 2169 τοῦ
2610 2113 2769 2171 Κάΐν.
2809 2136 2836 2166 is
2900 2112 3168 2190 Τουτέστι,
3230 2111 3313 2168 διὰ
3354 2117 3452 2178 τῆς
3493 2109 3814 2191 ἀδελφοκτο-

2164 2202 2301 2264 νίας.
2382 2202 2478 2259 Καὶ
2530 2202 2629 2279 γὰρ
2680 2202 2768 2256 καὶ
2823 2201 2970 2259 αὐτοὶ
3037 2209 3253 2258 τοιαυτα
3308 2199 3636 2264 διδάσκοντες
3695 2201 3814 2264 τοὺς

2164 2289 2445 2370 ἀδελφοὺς,
2493 2288 2611 2356 ἤτοι
2679 2291 2800 2352 τοὺς
2866 2294 3146 2368 ὁμογενεῖς
3203 2291 3503 2369 ἀνθρώπους
3561 2289 3814 2370 ἀποκτιν-

2305 2362 2317 2370 -
2428 2362 2436 2366 -
2901 2362 2909 2365 -
2985 2362 2996 2368 -
3299 2362 3309 2369 -
3616 2362 3642 2382 ι.

2162 2383 2370 2436 νύουσιν
2423 2380 2606 2442 αὐτοὺς
2667 2390 2788 2442 ταῖς
2847 2393 3110 2458 πονηραῖς
3168 2377 3552 2442 διδασκαλίαις,
3629 2384 3675 2434 Η
3729 2378 3816 2433 καὶ

2162 2476 2680 2546 σπερμοφαγοῦντες,
2727 2469 2818 2522 τὸν
2887 2466 3099 2542 δυνάμει
3151 2466 3374 2546 ἀδελφὸν
3430 2467 3814 2523 ἀποκτιννύου-

2159 2580 2264 2632 σιν,
2307 2555 2366 2613 ’ὃν
2416 2559 2452 2624 ἡ
2493 2565 2588 2614 τοῦ
2642 2556 2941 2634 σπέρματος
2983 2555 3294 2636 τελεσφορία
3350 2553 3569 2634 ἤνεγκεν
3618 2553 3679 2612 ἀν
3723 2556 3796 2617 εἰς

2155 2615 2294 2724 βίον.
2328 2651 2407 2721 Τῇ
2435 2643 2489 2699 δὲ
2531 2654 2626 2703 τοῦ
2667 2615 2890 2721 Βαλαὰμ
2929 2643 3056 2725 ὁδῷ,
3117 2615 3222 2700 ὅτιΙ
3249 2615 3470 2722 κέρδουςΙ
3515 2645 3675 2724 χάριν
3721 2615 3817 2700 καὶ

2163 2734 2307 2790 αὐτοὶ
2337 2734 2410 2796 ὡς
2441 2735 2648 2796 ὶκεῖνος
2703 2740 2868 2789 ταῦτα
2926 2734 3240 2813 πράσσουσι.
3289 2739 3368 2810 Τῇ
3408 2730 3464 2788 δὲ
3506 2741 3599 2789 τοὺ
3647 2732 3805 2811 Κορὲ,

2164 2822 2245 2878 ὅτι
2277 2823 2365 2878 καὶ
2393 2823 2539 2878 αὐτοὶ
2580 2823 2654 2886 ὡς
2693 2820 2899 2887 ἆκεῖνος
2950 2819 3322 2878 διδασκαλικὸν
3381 2821 3586 2898 ἀξίωμα
3614 2819 3814 2886 ἀνάξιοι

2166 2912 2312 2992 ξντες
2344 2914 2610 2988 ἥρπασαν,
2652 2932 2675 2966 ε
2711 2912 2864 2968 Οὗτοί
2894 2913 3022 2967 εἰσιν
3053 2911 3105 2968 ἐν
3149 2925 3270 2976 ταῖς
3317 2911 3546 2992 ἀγάπαις
3575 2913 3745 2986 ὑμῶν.
3781 2933 3808 2964 ι

2159 2987 2326 3058 Ἠσαν
2385 2987 2464 3055 δέτι
2506 3001 2642 3056 κατά
2683 3001 2772 3056 τὸν
2817 2997 3011 3080 χρόνον
3070 2999 3274 3056 ἐκεῖνον
3329 2987 3383 3056 ἐν
3439 3012 3562 3064 ταῖς
3607 2997 3812 3066 ἐκκλη-

2161 3091 2297 3152 σίαις
2351 3088 2624 3166 γινόμεναι
2671 3089 2942 3169 τράπεζαι,
3007 3091 3082 3152 ὡς
3139 3090 3226 3146 καὶ
3285 3086 3488 3153 Παῦλός
3549 3110 3710 3169 φησιν
3759 3088 3814 3144 ὶν

2160 3183 2230 3253 τῇ
2299 3163 2430 3256 πρὸς
2507 3163 2818 3256 Κορινθίους.
2876 3163 2969 3242 "Ac
3022 3180 3108 3236 καὶ
3159 3178 3369 3257 ἀγάπας
3414 3163 3660 3238 ἐκάλουν.
3723 3176 3814 3234 Ἐν

2161 3265 2397 3340 ταύταις,
2432 3267 2584 3344 φησὶ,
2617 3266 2985 3346 συνέρχονται,
3031 3269 3091 3324 ού
3130 3266 3214 3322 διὰ
3244 3268 3428 3346 χρείαν
3452 3268 3551 3334 τὴν
3596 3265 3650 3321 έν
3678 3268 3811 3323 ταύ-

2163 3376 2278 3417 ταις
2323 3355 2631 3434 γινομένην,
2664 3354 2782 3411 ἀλλ’
2830 3356 2922 3413 ’ἱνα
2948 3359 3129 3434 καιρὸν
3160 3355 3373 3436 εὕρωσι,
3423 3358 3603 3436 ψυχὰς
3636 3354 3809 3421 ἀστη-

2166 3443 2366 3521 ρίκτους
2395 3442 2678 3514 δελεάζειν,
2729 3448 2802 3509 ὡς
2850 3448 2936 3503 καὶ
2992 3447 3191 3509 Πέτκος
3249 3448 3407 3525 φησὶν
3463 3449 3518 3500 iv
3561 3450 3631 3522 τῇ
3686 3443 3808 3500 δευ-

2165 3532 2289 3611 τέρῃ
2319 3532 2602 3609 ὶπιστολῇ.
2639 3535 2707 3590 Τὸ
2736 3532 2814 3614 δὲ,
2851 3533 3088 3615 Ἀφόϐως
3140 3536 3354 3596 ἑαυτοὺς
3413 3537 3806 3610 ποιμαίνοντες,

2163 3620 2278 3688 ἤτοι
2310 3624 2439 3699 πρὸς
2470 3624 2530 3676 τὸ
2580 3621 2839 3688 σπιλὼδες
2901 3625 3235 3699 συντακτέον,
3295 3624 3388 3679 ’ίνα
3525 3627 3584 3679 τὸ
3639 3625 3816 3700 νόημα

2162 3710 2326 3772 οὕτως
2365 3731 2376 3744 ·
2427 3710 2688 3774 Σπιλάδες
2749 3711 2959 3793 ἀφόϐως
3009 3713 3492 3792 συνευωχούμενοι,
3551 3713 3812 3788 τουτέστι,

2161 3796 2358 3872 μηδένα
2417 3796 2578 3878 φόϐον
2628 3813 2745 3862 τοῖς
2829 3799 3143 3866 συνδείπνοις
3230 3799 3614 3881 προσδοκῶσιν,
3686 3801 3816 3866 ἐξαί-

2162 3909 2296 3965 φνης
2353 3887 2530 3966 ὥσπερ
2573 3886 2828 3968 σπιλάδες
2885 3890 3172 3968 ἐπάγοντες
3217 3891 3400 3953 αὐτοῖς
3452 3893 3544 3946 τὸν
3601 3890 3815 3967 ὄλεθρον

2159 3983 2265 4031 τῶν
2307 3981 2520 4056 ψυχῶν,
2589 3957 2645 4033 Ἢ
2703 3981 2830 4057 πρὸς
2873 3982 2957 4055 τὸ,
3018 3980 3411 4056 ποιμαίνοντες,
3470 3983 3557 4058 τὸ,
3590 3978 3805 4061 ἀφόϐως

2162 4063 2376 4127 ἑαυτοὺς
2423 4066 2819 4130 συντάττοντες,
2875 4070 2948 4124 Οὐ
2977 4066 3224 4140 δεδιότες,
3272 4071 3424 4148 φησὶ,
3472 4072 3531 4124 τὸ
3587 4070 3693 4125 ἀπὸ
3722 4072 3816 4125 τοῦ

2167 4152 2244 4226 μὴ
2301 4153 2604 4209 ἐπίστασθαι
2659 4158 2956 4231 ποιμαίνειν
3031 4171 3222 4235 κρῖμα,
3296 4156 3432 4213 ἀλλά
3489 4157 3672 4237 τυφλοὶ
3727 4180 3814 4214 τυ-

2166 4240 2324 4320 φλοὺς
2391 4240 2728 4320 ὁδηγοῦντες,
2802 4249 2890 4301 καὶ
2947 4249 3019 4309 εἰς
3089 4248 3324 4322 βόθυνον,
3373 4248 3433 4301 τὸ
3478 4255 3570 4302 τοῦ
3629 4249 3814 4328 Κυρίου

2167 4332 2330 4407 ἐρεῖν,
2370 4333 2504 4405 μετά
2559 4336 2664 4388 των
2733 4336 3165 4410 ποιμαινομένων
3231 4336 3613 4409 ἓμπίπποντες.
3671 4345 3815 4392 Σπι-

2167 4419 2287 4474 λάσι
2346 4418 2399 4474 δὲ
2466 4424 2650 4485 αὐτοὺς
2711 4425 3037 4500 παρεικάζει,
3097 4425 3184 4479 καὶ
3240 4421 3474 4498 ἀνύδροις
3547 4425 3811 4504 νεφέλαις,

2166 4511 2252 4564 καὶ
2309 4507 2532 4587 δένδροις
2607 4514 3035 4591 φθινοπωρινοῖς,
3114 4514 3201 4568 καὶ
3289 4513 3516 4587 κύμασιν
3586 4514 3810 4592 ἀγρίοις,

2164 4601 2249 4654 καὶ
2306 4599 2517 4678 ἄστροις
2579 4600 2895 4671 πλανήταις.
2989 4612 3032 4659 Α
3119 4603 3220 4680 γάρ
3290 4601 3507 4667 έκείνοις
3581 4603 3809 4683 δπάρχει

421 4697 792 4772 carentibus,
826 4714 894 4758 ac
921 4688 1236 4759 arboribus
1266 4688 1730 4784 autumnalibus,
1786 4688 2078 4781 nudisque

2169 4688 2298 4744 κατά
2355 4689 2527 4768 φύσιν,
2578 4695 2739 4745 ταῦτα
2793 4692 2996 4754 τούτοις
3053 4692 3190 4748 κατὰ
3243 4689 3566 4770 προαίρεσιν,
3627 4694 3696 4748 Λ⁶ί
3756 4714 3815 4749 τε

424 4786 650 4857 eﬂ'eris,
681 4805 750 4847 ac
781 4785 970 4847 stellis
1022 4787 1313 4850 erraticis.
1369 4787 1515 4849 Nam
1579 4808 1710 4868 quae
1742 4789 1834 4849 his
1865 4799 2077 4851 natura

422 4876 804 4957 conveniunt,
856 4877 982 4938 haec
1013 4876 1101 4940 illi
1124 4876 1316 4939 libera
1343 4879 1645 4940 voluntate
1678 4877 1919 4939 habent.
1983 4878 2082 4940 Si-

423 4965 668 5046 quidem
726 4973 784 5027 et
844 4985 982 5028 saxa
1042 4968 1224 5028 maris
1281 4967 1690 5046 navigantibus
1743 4968 2083 5046 perniciosa

423 5063 584 5133 sunt,
629 5073 765 5115 cum
805 5074 874 5116 ex
917 5056 1235 5135 improviso
1288 5067 1650 5120 occurrunt:
1691 5056 1846 5118 sicut
1878 5067 1936 5118 et
1970 5059 2081 5137 ipsi

427 5140 516 5200 his
543 5141 642 5220 qui
675 5161 790 5202 una
819 5144 1206 5207 convivantur
1255 5146 1571 5207 imminent
1602 5155 1668 5208 ut
1711 5145 2080 5224 inopinatum

423 5228 668 5293 malum.
706 5231 780 5293 Et
820 5231 1009 5294 nubes
1057 5253 1207 5315 aqua
1253 5244 1524 5296 carentes
1550 5254 1679 5315 qua}
1704 5235 1943 5294 aventis
1975 5235 2081 5296 cir.

423 5328 818 5396 cumaguntur
845 5320 914 5381 ad
936 5342 1305 5404 quaecunque
1344 5325 1471 5385 loca
1499 5323 1900 5405 pervenerint,
1958 5344 2078 5386 non

421 5407 732 5486 refrigeria
750 5427 820 5469 ex
837 5409 1236 5494 imbre,quem
1258 5434 1373 5475 non
1393 5415 1748 5488 habent,sed
1765 5413 2078 5492 caliginem

419 5495 569 5576 ipsis
598 5496 909 5560 inducunt.
975 5499 1264 5565 Similiter
1321 5515 1377 5565 et
1434 5504 1496 5564 hi
1523 5504 1770 5566 salutari
1797 5521 2080 5567 sermone

499 5667 564 5723 53
593 5667 771 5732 lGor.
799 5685 861 5730 ιι.

948 5670 1012 5722 δι
1043 5669 1093 5734 ΙΙ
1129 5671 1282 5735 Petr.
1317 5691 1379 5736 ιι.
1465 5676 1528 5725 55
1558 5675 1764 5737 Matth.
1799 5691 1904 5752 xu,
1941 5675 2040 5736 11.

2167 4779 2266 4855 γὰρ
2322 4775 2569 4841 σπιλάδες
2610 4792 2727 4842 τοῖς
2785 4779 3032 4836 πλέουσιν
3091 4779 3338 4861 ὀλέθριοι,
3399 4777 3811 4859 ἀπροσδοκήτως

2165 4866 2552 4945 ἐπιγινόμεναι,
2612 4871 2686 4932 ὡς
2741 4871 2828 4926 καὶ
2892 4873 3038 4930 αὐτοὶ
3107 4885 3226 4935 τοῖς
3271 4869 3592 4934 συνδείπνοις
3651 4867 3810 4926 ἀνέλ-

2165 4979 2350 5012 πιστον
2393 4960 2554 5014 κακὸν
2612 4961 2943 5040 ἐπιφύονται.
3008 4961 3078 5018 Αἵ
3107 4983 3163 5018 τε
3197 4960 3398 5040 ἄνυδροι
3457 4960 3668 5040 νεφέλαι
3710 4960 3812 5015 ὑπὸ

2165 5046 2371 5122 ἀνέμων
2416 5046 2780 5125 ἐλαυνόμεναι,
2831 5054 2915 5114 οἷς
2966 5050 3026 5108 ἂν
3083 5051 3265 5115 τόποις
3309 5052 3686 5130 ἐπενεχθώσιν,
3719 5050 3814 5105 οὐκ

2165 5137 2496 5216 ἀναψύχουσι
2527 5145 2603 5212 τῷ
2632 5138 2812 5218 ὄμϐρῳ
2861 5139 2942 5220 (οὔ
2993 5143 3092 5221 γάρ
3146 5142 3406 5220 ἔχουσιν),
3464 5137 3599 5194 ἀλλά
3653 5138 3810 5216 ζόφον

2164 5229 2345 5289 αὐτοῖς
2377 5227 2783 5306 ἀπεργάζονται.
2849 5223 3120 5296 Ὡσαύτως
3181 5231 3269 5285 καὶ
3327 5231 3491 5305 οὗτοι,
3549 5226 3608 5281 οὐ
3663 5224 3812 5303 λόγῳ

2165 5314 2488 5396 σωτηριώδει
2533 5319 2624 5380 τάς
2689 5320 2868 5400 ψυχὰς
2925 5318 3132 5399 ἄρδουσι
3189 5326 3294 5376 τῶν
3352 5319 3805 5397 ἐντυγχανόντων,

2163 5409 2300 5466 ἀλλά
2341 5416 2553 5490 ζοφοῠσι
2609 5426 2731 5475 ταῖς
2790 5414 3148 5489 μιαρωτάταις
3206 5414 3374 5468 αὐτῶν
3446 5413 3806 5492 εἰσηγήσεσιν,

2163 5501 2497 5576 ἐλαυνόμενοι
2582 5515 2700 5563 τοῖς
2783 5508 2890 5559 τῶν
2973 5500 3234 5578 δαιμόνων
3306 5515 3562 5583 πονηροῖς
3627 5503 3812 5574 ἐπιτη-
