4106 6424
298 347 408 412 ’117

1492 353 1888 417 GOMMENT.
1937 353 2022 415 IN
2066 352 2310 415 EPIST.
2354 355 2588 416 JUDE.

3556 352 3679 418 718

290 479 558 557 δεύμασιν.
605 479 773 541 Ἀλλά
806 485 897 542 καὶ
946 484 1015 544 τὰ
1073 486 1426 566 φθινοπωρινά
1469 483 1650 565 δένδρα
1688 484 1763 549 δὶς
1795 485 1941 543 ἀπο·-

2039 502 2150 544 non
2182 484 2429 564 irrigant
2455 486 2682 548 animas
2712 504 2921 548 eorum
2952 505 3103 568 quos
3131 496 3557 570 assequuntur,
3574 488 3679 551 sed

291 570 609 647 θνήσκοντα,
656 570 710 629 ἕν
751 595 808 630 τε
836 579 906 651 τῇ
946 580 1038 631 τοῦ
1079 581 1283 653 καρποῦ
1325 576 1496 631 αὐτῶν
1538 573 1803 656 ἀποϐολῇ,
1850 578 1938 633 καὶ

291 657 345 715 ἐν
386 665 455 735 τῇ
512 665 620 716 τῶν
674 660 886 742 φύλλων
943 661 1177 741 ἀποβροῇ
1235 662 1389 743 (ξηρὰ
1448 664 1547 742 γὰρ
1616 661 1765 721 δοκεῖ
1819 663 1940 720 τότε

290 756 382 807 τοῦ
431 747 657 817 κάλλους
745 750 1089 828 ἐστερημένα,
1166 752 1263 820 τῆς
1318 752 1423 809 ἀπό
1477 773 1534 808 τε
1590 759 1679 809 τοῦ
1736 763 1942 833 καρποῦ

296 835 548 916 ἀγλαΐας,
582 839 668 895 καὶ
724 844 824 907 τῆς
879 847 986 903 τῶν
1044 839 1254 921 φύλλων
1305 840 1530 920 ἀνθηρᾶς
1588 842 1939 921 εὐπρεπείας),

295 925 478 990 αὐτοῖς
521 949 570 983 τι
613 926 951 996 κατάλληλον
992 931 1194 1010 πάσχει
1255 930 1343 993 Δὶς
1373 930 1473 1009 γὰρ
1514 931 1601 985 καὶ
1630 932 1770 987 οὗτοι
1800 930 1941 987 ἀπο-

295 1012 612 1091 ϐαλλόμενοι
644 1014 730 1072 διά
758 1022 857 1085 τῆς
913 1020 1333 1100 σπερμοφαγίας,
1390 1020 1478 1076 καὶ
1519 1020 1618 1086 τὴν
1673 1019 1778 1075 ἀπὸ
1842 1022 1941 1086 τῆς

294 1102 565 1182 σώφρονος
648 1103 916 1171 πολιτείας
989 1107 1271 1183 εὐκοσμίαν
1356 1107 1748 1187 σφαιρούμενοι.
1852 1108 1943 1164 Διὸ

291 1198 381 1255 καὶ
409 1196 726 1272 ἐκριζοῦνιαι
783 1201 889 1256 ἀπὸ
945 1206 1038 1256 τοῦ
1094 1198 1408 1278 παραδείσου
1465 1207 1559 1257 τοῦ
1617 1202 1800 1279 Κυρίου
1846 1200 1942 1268 τῆς

295 1282 640 1355 ἐκκλησίας.
696 1289 794 1348 Καὶ
853 1286 953 1355 ’ἐξω
1007 1290 1341 1368 ῥιπτούμενοι
1397 1289 1608 1362 τούτου,
1666 1288 1945 1368 συλλέγον-

296 1397 383 1432 ται
412 1384 491 1452 τῷ
519 1377 714 1450 αἰωνίῳ
742 1379 885 1457 πυρί.
947 1380 1110 1435 Ποίαν
1164 1378 1265 1457 γὰρ
1321 1377 1422 1440 ἕλει
1478 1378 1660 1434 στάσιν
1715 1378 1752 1446 ἢ
1804 1379 1946 1456 ῥίζαν

299 1467 327 1521 6
371 1463 456 1521 διὰ
496 1467 588 1522 τὸν
647 1471 746 1533 τῆς
803 1464 999 1535 ἡδονῆς
1056 1469 1307 1547 συρφετὸν
1360 1467 1462 1523 ὑπὸ
1499 1467 1712 1523 πάντων
1756 1465 1947 1543 βαλλό-

298 1575 456 1632 μενος
488 1573 508 1635 ς
553 1553 796 1634 Ἀστέρες
840 1553 895 1611 δὲ
946 1555 1213 1623 πλανῆται
1241 1554 1624 1636 χρηματίζουσι
1657 1557 1743 1611 καὶ
1775 1557 1941 1628 αὐτοὶ,

301 1644 407 1723 οὐχ
448 1642 528 1702 ὅτι
594 1649 671 1719 τῷ
724 1650 822 1712 τῆς
892 1645 1119 1707 πίστεως
1187 1649 1341 1719 ἡμῶν
1408 1644 1735 1722 στερεῶματι
1789 1665 1948 1719 μετα-

2022 572 2341 635 obscurant
2397 575 2591 654 potius
2649 576 3088 638 scelestissimis
3177 578 3298 639 suis
3366 577 3680 658 doctrinis,

2021 662 2173 722 vecti
2209 662 2402 743 pravis
2459 664 2794 726 damonum
2855 665 3162 727 institutis.
3200 665 3315 728 Sed
3342 674 3401 730 et
3431 666 3682 729 arbores

2023 752 2399 813 autumnales
2428 762 2566 814 sunt
2589 752 2681 814 bis
2712 761 2979 831 mortua,
3007 772 3222 835 nempe
3248 763 3306 816 et
3335 755 3558 817 fructus
3589 755 3681 816 sui

2025 838 2347 900 amissione
2404 847 2464 902 et
2491 840 2768 902 foliorum
2798 842 3066 904 deﬂuxu.
3100 841 3270 904 Tunc
3303 843 3462 905 enim
3497 842 3682 906 arida

2025 928 2776 1008 videntur,pulchritudine
2797 931 3189 1011 privata,sive
3214 940 3513 993 venustate
3547 950 3683 1011 qua

2026 1014 2280 1076 fructum
2313 1016 2695 1100 sequebatur,
2731 1028 2789 1080 et
2842 1020 3109 1100 jucundo
3138 1020 3410 1082 foliorum
3443 1028 3677 1082 ornatu.

2025 1101 2131 1165 His
2153 1114 2617 1167 consentaneum
2654 1116 2742 1169 est
2771 1108 2925 1189 quod
2953 1109 3082 1171 istis
3102 1109 3429 1189 contingit:
3454 1127 3589 1170 nam
3622 1114 3684 1167 et

2026 1189 2144 1270 ipsi
2192 1191 2285 1253 bis
2325 1192 2679 1275 moriuntur,
2716 1214 2888 1257 sutum
2920 1197 3172 1259 fructum
3197 1195 3549 1275 abjicientes
3580 1213 3679 1257 se-

2028 1278 2206 1340 minis
2237 1280 2645 1362 absorptione,
2682 1291 2740 1343 et
2779 1292 2953 1346 casta
2984 1284 3449 1346 conversationis
3468 1290 3684 1345 ornatu

2027 1387 2161 1430 sese
2193 1369 2510 1449 privantes.
2571 1370 2710 1433 Ideo
2741 1392 2976 1454 quoque
3025 1392 3059 1434 a
3090 1374 3367 1455 paradiso
3398 1371 3684 1435 Ecclesia

2027 1457 2265 1519 Domini
2296 1461 2697 1537 eradicantur,
2748 1471 2807 1523 et
2834 1470 3000 1524 extra
3028 1462 3218 1542 ipsam
3243 1462 3520 1543 projecti,
3552 1461 3682 1523 col-

2028 1546 2291 1622 liguntur
2321 1548 2394 1608 ad
2438 1548 2637 1628 ignem
2666 1558 2985 1614 aternum.
3018 1549 3207 1623 Quem
3257 1550 3418 1612 enim
3462 1557 3684 1613 statum

2027 1642 2128 1696 aut
2156 1637 2415 1697 radicem
2434 1637 2807 1718 habebit.qui
2828 1647 3070 1720 propter
3088 1639 3293 1701 facem
3317 1639 3681 1719 voluptatum

299 1732 613 1810 πρὲποντες,
648 1734 740 1789 τὸν
771 1738 867 1801 τῆς
923 1731 1254 1801 δικαιοσύνης
1296 1731 1451 1804 ἥλιον
1505 1734 1727 1813 Χριστὸν
1757 1731 1942 1813 ἔχουσι

2039 1723 2101 1784 ιι)
2133 1724 2410 1788 omnibus
2452 1726 2779 1806 abjicitur?
2807 1726 2989 1789 Porro
3045 1728 3231 1790 stella
3263 1727 3531 1789 erratica
3561 1727 3686 1788 sive

300 1821 372 1879 δι’
414 1827 584 1883 αὐτῶν
641 1825 1059 1905 προερχόμενον,
1118 1827 1207 1882 καὶ
1249 1826 1341 1891 τὰς
1397 1831 1504 1882 τῶν
1556 1827 1753 1904 ἀρετῶν
1809 1825 1946 1903 ὥρας

301 1910 681 1987 ἀποτελοῦντα,
756 1915 843 1970 καὶ
903 1920 1261 1992 ζωογονοίντα
1330 1914 1451 1977 τοὺς
1534 1914 1671 1969 κατὰ
1754 1914 1947 1977 ταύτας

298 2000 652 2080 τεταγμένους
694 2003 937 2082 πιστοὺς,
982 2001 1101 2059 ἀλλ’
1156 2001 1236 2059 ὅτι
1293 2000 1562 2065 δοκοῦντες
1606 2004 1678 2068 εἷς
1725 2001 1947 2080 ἄγγελον

300 2092 479 2173 φωτὸς
509 2093 1088 2171 μετασχηματίζεσθαι,
1141 2093 1213 2156 ὡς
1258 2095 1286 2148 6
1334 2092 1723 2171 προκατάρχων
1782 2092 1948 2147 αὐτῶν

2032 1813 2283 1893 planetae
2310 1815 2685 1896 appellantur
2713 1824 2770 1877 et
2800 1816 2953 1897 ipsi:
2999 1835 3117 1878 non
3140 1816 3297 1897 quod
3333 1815 3684 1877 ﬁrmamen-

2035 1908 2155 1960 tum
2186 1901 2323 1962 lidei
2350 1911 2566 1964 nostra
2589 1913 2968 1981 exornantes,
2994 1902 3291 1967 Christum
3311 1902 3557 1982 justitia
3584 1921 3685 1963 so-

2031 1987 2147 2051 lem
2176 1989 2435 2051 habeant
2481 2010 2586 2071 per
2627 1992 2788 2072 ipsos
2835 1991 3283 2073 procedentem,
3317 1999 3375 2052 et
3408 1991 3683 2053 virtutum

2032 2078 2209 2138 horas
2247 2079 2647 2158 perﬁcientes,
2686 2099 2755 2142 ac
2784 2079 2993 2143 ﬂdeles
3022 2079 3123 2160 qui
3139 2083 3305 2160 juxta
3332 2080 3495 2159 ipsas
3514 2077 3684 2140 ordi—

297 2167 535 2259 πονηρὸς
577 2167 799 2256 δαίμων,
858 2181 1171 2244 ἀπεναντίας
1226 2167 1388 2257 μόνον
1469 2167 1584 2237 τῶν
1610 2167 1723 2238 ⁷’τοῦ
1768 2180 1952 2259 Κυρίου

2039 2175 2321 2228 narentur
2350 2168 2764 2246 viviﬁcantem,
2819 2169 2924 2230 sed
2954 2169 3112 2249 quod
3160 2169 3473 2230 videantur
3498 2167 3558 2227 in
3585 2185 3688 2228 an-

300 2271 547 2350 φέρονται
590 2268 890 2350 δογμάτων,
927 2274 1014 2334 οἷς
1063 2272 1153 2327 καὶ
1198 2255 1407 2349 ζοφοῦσι
1458 2271 1577 2333 τοὺς
1633 2255 1944 2348 προσπελά-

2039 2256 2231 2333 gelum
2249 2257 2408 2350 lucis
2440 2258 2880 2350 transformari:
2917 2257 3417 2350 quemadmodum
3441 2264 3502 2350 et
3519 2255 3688 2350 mali-

300 2345 510 2431 ζοντας,
570 2345 673 2415 καὶ⁷
720 2345 886 2439 ζόφον⁷
954 2358 1046 2416 τὸν
1121 2345 1327 2416 αἰώνιον
1388 2359 1595 2421 ἑαυτοῖς
1654 2345 1950 2428 ἐκπορίζον-

2039 2364 2181 2439 gnus
2228 2346 2459 2408 damon
2520 2348 2621 2439 qui
2670 2347 3362 2439 ipsisgpradominatur:
3398 2346 3458 2408 id
3492 2345 3685 2439 solum

303 2469 413 2506 ται.
497 2445 663 2505 Ἀλλά
745 2434 832 2503 καὶ
913 2447 1138 2522 κύμασιν
1216 2447 1413 2526 ἀγρίοις
1497 2444 1945 2526 παρεικασθέντες,

2039 2434 2321 2526 habentes
2377 2436 2534 2517 quod
2587 2436 2900 2498 contrariis
2957 2437 3245 2515 dogmatis
3303 2434 3684 2526 feranturgad

302 2538 404 2605 τὴν
463 2538 591 2615 πρὸς
651 2536 785 2593 αὐτὰ
838 2537 1130 2611 ὁμοιότητα
1186 2538 1280 2593 οὐκ
1334 2538 1651 2595 ἀναίνονται.
1704 2541 1950 2599 Μανικῶς

2039 2521 2272 2584 Domini
2325 2526 2622 2615 dogmata,
2648 2544 2770 2615 per
2818 2544 2949 2607 qua
2978 2536 3036 2589 et
3065 2527 3181 2588 illis
3211 2526 3312 2615 qui
3354 2524 3684 2615 appropin-

304 2628 408 2705 γὰρ
435 2626 524 2682 καὶ
555 2624 700 2682 αὐτοὶ
753 2627 840 2682 καὶ
871 2625 1255 2706 ἀκατασχέτως
1310 2638 1431 2690 ταῖς
1485 2626 1621 2681 κατά
1661 2633 1753 2682 τοῦ
1824 2629 1952 2680 Θεοῦ

2039 2621 2221 2692 quant
2244 2613 2910 2706 tenebraspﬂ'undunt,
2955 2624 3013 2676 et
3043 2615 3172 2706 sibi
3186 2612 3684 2706 ipsis_ca_liginem

305 2702 693 2795 βλασφημίαις,
726 2713 1061 2792 ἐλαυνόμενοι
1081 2702 1204 2772 ὐπὸ
1246 2721 1351 2771 τῶν
1381 2720 1478 2782 τῆς
1506 2713 1952 2793 πονηρίας-πνεύ-

2039 2710 2317 2763 aternam
2375 2703 2714 2767 conciliant.
2776 2704 2896 2766 Sed
2955 2712 3012 2765 et
3057 2704 3234 2764 undis
3282 2702 3482 2765 eﬂ'eris
3515 2720 3686 2763 com-

307 2790 535 2879 μάτων,
565 2790 926 2883 ἔπαφρίζουσι⁷
951 2805 1045 2867 τάς
1089 2804 1288 2860 ἑαυτῶν
1339 2804 1617 2884 αἰσχύνας,
1651 2790 1746 2866 ⁷εἶς
1794 2801 1952 2880 ἀφρὸν

2039 2792 2248 2871 parati,
2304 2792 2749 2855 similitudinem
2805 2811 2939 2854 cum
3004 2792 3149 2873 ipsis
3206 2811 3324 2853 non
3380 2790 3682 2872 rejiciunt.

306 2879 762 2958 ἃποτελευτῶντες
791 2893 926 2966 μετά
973 2894 1063 2950 τὸν
1090 2892 1300 2967 κόμπον
1505 2879 1877 2969 βλασφημίας,
1898 2887 1952 2946 ἐκ

2039 2881 2178 2942 ϐἔι2
2208 2879 2352 2942 Nam
2406 2880 2798 2962 blasphemiis
2848 2881 3131 2943 adversus
3178 2882 3364 2944 Deum
3392 2881 3602 2940 insane
3628 2886 3690 2939 et

304 2986 405 3050 τῆς
437 2989 529 3039 τοῦ
556 2982 670 3059 βίου
699 2982 870 3039 αὐτῶν
899 2982 1259 3040 ἀνυποστάτου
1285 2982 1374 3038 καὶ
1416 2978 1712 3040 εὐδιαλύτου
1740 2979 1952 3059 αἰσχρό-

2040 2970 2264 3031 eﬂ‘rene
2284 2969 2557 3031 feruntur
2585 2970 2775 3032 ventis
2804 2970 3066 3045 malitia,
3100 2969 3521 3050 despumantes
3552 2984 3689 3028 suas

305 3090 496 3137 τητος.
520 3057 766 3135 Τοιοῦτος
792 3071 891 3151 γὰρ
923 3071 951 3127 6
977 3071 1105 3150 πρὸς
1134 3069 1193 3125 ὃν
1216 3069 1643 3149 παρεικάσθησαν
1671 3057 1839 3149 ἀφρὸς
1852 3057 1952 3124 τῶν

2039 3058 2460 3137 impudentias,
2516 3060 2576 3119 in
2631 3078 2905 3141 spumam
2934 3058 3277 3120 desinentes
3310 3076 3438 3138 p031
3470 3057 3688 3117 fastum

307 3160 583 3237 κυμάτων.
807 3146 817 3150 ⁷
864 3146 874 3151 ⁷
1020 3146 1031 3150 ⁷
1296 3146 1306 3149 ⁷
1721 3146 1753 3149 ⁷⁷
1980 3146 2016 3154 “
2041 3146 2448 3229 blasphemia,
2489 3167 2560 3210 ex
2588 3148 2949 3210 intolerabili
2980 3162 3040 3209 et
3082 3148 3303 3209 caduca
3337 3163 3443 3208 sua
3472 3146 3593 3205 vita
3619 3162 3690 3206 ac

2041 3238 2409 3318 turpitudine
2458 3257 2589 3318 qua
2653 3237 2827 3299 facile
2892 3237 3266 3300 dissolvitur.
3330 3233 3688 3315 ﬂujusmodi

2040 3344 2294 3407 namque
2327 3335 2419 3389 est
2460 3345 2669 3407 Spuma
2695 3327 3014 3402 undarum,
3044 3326 3137 3388 cui
3169 3323 3493 3406 comparati
3523 3331 3687 3385 sunt.

398 3445 432 3487 ι
465 3427 797 3507 Προεφήτευε
844 3423 898 3482 δὲ
945 3428 1034 3483 καὶ
1075 3427 1275 3491 τούτοις
1330 3422 1551 3501 ἕϐδομος
1622 3423 1728 3481 ἀπὸ
1787 3420 1952 3498 Ἀδὰμ

2075 3506 2079 3507 ν
2118 3417 2325 3507 ιιι-ω)
2362 3417 2754 3507 Prophetavit
2808 3422 3011 3479 autem
3057 3424 3114 3478 et
3158 3417 3265 3507 his,
3298 3416 3587 3493 septimus
3619 3414 3692 3474 ab

307 3513 517 3596 Ἐνὼχ,
578 3505 768 3594 λέγωνη
850 3513 982 3574 Ἰδοὺ
1051 3513 1178 3583 ἦλθε
1255 3515 1440 3593 Κύριος
1502 3517 1557 3570 ἒν
1623 3514 1794 3592 ἁγίαις
1862 3534 1952 3587 μυ-

2041 3505 2232 3567 Adam
2262 3505 2499 3585 Enoch,
2532 3508 2739 3567 dicens
2771 3528 2784 3564 :
2838 3509 2985 3568 Ecce
3030 3508 3198 3567 venit
3230 3506 3521 3566 Dominus
3551 3517 3693 3565 cum

305 3606 483 3684 ριάσιν
560 3608 738 3680 αὐτοῦ,
830 3610 1051 3672 ποιῆσαι
1128 3603 1295 3683 κρίσιν
1363 3603 1500 3659 κατὰ
1582 3603 1792 3659 πάντων
1874 3609 1952 3661 καῖ

2049 3596 2273 3656 sanctis
2301 3594 2570 3656 millibus
2607 3596 2837 3675 suis,ut
2868 3598 3060 3673 faciat
3075 3595 3379 3673 judicium
3410 3594 3700 3655 adversus

304 3692 580 3773 ὶξελέγξαι
634 3695 838 3757 πάντας
890 3697 1010 3757 τούς
1093 3690 1304 3757 ἀσεϐεῖς
1389 3696 1560 3751 αὐτῶν
1628 3692 1745 3770 περὶ
1835 3689 1952 3747 πάν·

2052 3701 2260 3745 omnes
2291 3691 2347 3745 et
2406 3685 2735 3763 redarguat
2791 3702 2992 3746 omnes
3025 3686 3130 3763 qui
3183 3685 3346 3744 inter
3374 3688 3529 3763 ipsos
3556 3687 3700 3743 sunt

306 3806 418 3841 των
473 3772 580 3839 τῶν
652 3781 817 3863 ἔργων
886 3780 1125 3846 ἀσεϐείας
1211 3784 1407 3862 αὐτῶν,
1505 3783 1578 3836 ὧν
1671 3776 1952 3852 ἠσέϐησαν,

2044 3774 2251 3852 impiis
2281 3772 2351 3833 de
2406 3774 2584 3850 fact-is
2642 3772 2919 3834 omnibus
2950 3789 3085 3851 quae
3137 3772 3320 3849 impie
3341 3777 3694 3851 patrarunt,

305 3874 397 3930 καὶ
483 3874 601 3952 περὶ
680 3860 893 3930 παντων
974 3872 1082 3930 τῶν
1162 3860 1431 3952 σκληρῶν,
1516 3874 1591 3927 ὧν
1669 3868 1952 3941 ἐλάλησαν,

2045 3862 2237 3940 deque
2285 3861 2566 3924 omnibus
2620 3864 2789 3923 duris
2840 3879 2979 3942 quae
3008 3860 3192 3922 locuti
3231 3866 3376 3921 sunt
3404 3861 3700 3921 adversus

306 3959 433 4019 κατ’
464 3949 622 4019 αὐτοῦ
651 3959 952 4041 ἁμαρτωλοὶ
995 3959 1232 4026 ἀσεϐεῖς.
1290 3949 1441 4019 Οὗτοί
1491 3960 1589 4017 εἶσι
1647 3958 1952 4038 γογγυσταί,

2046 3968 2182 4011 eum
2203 3961 2545 4030 peccatores
2600 3952 2795 4031 impii.
2855 3949 2943 4011 Ηί
2991 3955 3142 4011 sunt
3188 3953 3698 4022 murmuratores,

308 4036 698 4130 μεμψίμοιροι,
741 4036 878 4109 κατά
932 4052 1025 4118 τὰς
1066 4053 1338 4129 ἐπιθυμίας
1380 4050 1551 4108 αὐτῶν
1591 4036 1952 4130 πορευόμενοι,

2047 4040 2451 4111 cuvztlatores,
2465 4048 2651 4119 Juxta
2683 4039 3201 4121 concupiscentias
3221 4054 3362 4099 suas
3382 4036 3703 4099 ambulan-

313 4126 418 4199 καὶ
738 4141 911 4199 αὒτῶν
952 4139 1110 4198 λαλεῖ
1138 4126 1425 4222 ὑπέρογκα,
1458 4126 1807 4216 θαυμάζοντες
1838 4137 1952 4216 πρό-

2048 4139 2139 4193 tes
2172 4151 2185 4190 :
2221 4138 2275 4191 et
2326 4148 2388 4191 os
2418 4130 2661 4222 illorum
2718 4128 2989 4207 loquitur
3035 4127 3295 4202 tumida,
3331 4126 3704 4189 admirantes

311 4251 474 4287 σωπα
502 4228 759 4310 ὠφελείας
788 4231 972 4310 χάριν.
1018 4250 1050 4291 )
1241 4219 1249 4222 ⁷
1317 4219 1322 4220 ⁷

2043 4238 2331 4310 personas
2360 4219 2646 4310 utilitatis
2675 4222 2906 4310 gratia.

394 4326 574 4377 Ταῦτα
653 4321 838 4400 εἰπὼν,
950 4320 1182 4401 ἐπιφέρει
1263 4320 1351 4377 καὶ
1431 4321 1521 4375 τὸν
1607 4316 1788 4396 Ἐνὼχ
1866 4315 1967 4381 τὴν

310 4407 677 4483 ἀποκειμένην
758 4413 944 4475 αὐτοῖς
1013 4410 1408 4490 προφητεύοντα
1487 4408 1588 4490 ὐπὸ
1663 4414 1757 4464 τοῦ
1838 4411 1952 4461 Θεοῐ

2051 4407 2223 4461 natus
2255 4405 2344 4460 est
2399 4399 2727 4479 repositum
2787 4396 2935 4480 ipsis
2991 4416 3026 4458 a
3074 4394 3195 4458 Deo
3225 4396 3610 4478 supplicium,
3641 4395 3704 4456 in

310 4496 551 4557 κάκωσιν
576 4496 632 4554 ἐν
686 4503 755 4575 τῇ
803 4498 1010 4579 ἐσχάτῃ
1058 4483 1312 4566 δηλονότι
1365 4503 1458 4553 τοῦ
1487 4484 1648 4554 ⁷Θεοῦ
1677 4492 1952 4583 δικαιοκρι·

2054 4485 2665 4583 postremqvidelicet
2691 4485 2802 4548 Dei
2845 4486 3096 4566 judicio.
3136 4483 3491 4583 {nguiinter
3539 4484 3708 4583 ipsos

312 4587 426 4659 σίᾳ.
467 4608 495 4641 ε
533 4587 630 4646 Καὶ
658 4572 918 4666 ἰεελέγξαι
946 4572 1148 4653 πάντας
1191 4588 1312 4653 τοὺς
1370 4583 1583 4651 ἀσεϐεῖς
1654 4603 1683 4644 )
1737 4572 1952 4650 Ἀσεϐὴς

2050 4583 2194 4639 sunt
2215 4575 2404 4658 impii.
2422 4600 2445 4634 ι
2483 4574 2768 4666 Impiusa
2791 4581 3105 4666 peccatore
3133 4572 3424 4648 diﬂ‘ert,in
3451 4592 3520 4635 eo
3543 4573 3701 4653 quod

312 4674 634 4754 ἁμαρτωλοῦ
683 4662 936 4757 διαφέρει,
994 4678 1124 4735 καθὸ
1179 4678 1208 4733 6
1264 4677 1362 4753 μὲν
1404 4672 1597 4743 ἀσεϐὴς
1650 4673 1768 4753 περὶ
1837 4673 1952 4729 Θεὸι

2049 4666 2268 4747 impius
2299 4674 2604 4747 peccatum
2639 4662 2817 4725 habet
2839 4663 3001 4725 circa
3019 4662 3232 4737 Deum,
3258 4671 3540 4742 peccator
3567 4679 3706 4722 vero

312 4751 443 4846 ἔχει
467 4766 530 4823 τὸ
557 4751 894 4843 πλημμελές,
920 4751 926 4753 ⁷
953 4768 982 4823 6
1023 4763 1079 4822 δὲ
1129 4751 1444 4845 ἁμαρτωλὸς
1473 4764 1590 4842 περὶ
1617 4762 1684 4819 τά
1711 4751 1847 4819 κατά
1873 4762 1952 4817 τὸν

2047 4756 2205 4819 circa
2237 4774 2305 4816 ea
2333 4772 2468 4835 qua
2496 4761 2751 4833 aguntur
2781 4754 2863 4825 in_
2885 4752 3015 4813 vita
3063 4752 3512 4814 conversatione
3543 4767 3576 4814 a
3599 4751 3706 4831 ju-

311 4839 432 4932 βίον
485 4839 841 4935 πραττόμενα,
873 4839 888 4843 ⁷
921 4856 1015 4912 τνῦ
1246 4839 1580 4920 δικαιοσύνης
1666 4853 1866 4909 σκοποῦ
1912 4852 1952 4909 τί

2056 4845 2232 4908 stitia
2268 4863 2448 4925 scopo
2493 4843 2750 4935 aberrat.
2802 4840 3095 4935 Posthac
3138 4848 3336 4935 autem
3368 4839 3441 4901 ab
3487 4843 3702 4903 horum

2132 4307 2239 4369 His
2264 4307 2436 4370 dictis
2466 4307 2770 4388 subjungit
2800 4316 2860 4369 et
2897 4307 3125 4382 Enoch,
3151 4304 3251 4386 qui
3282 4313 3462 4368 antea
3489 4303 3699 4367 vatici-
3794 4388 3799 4389 γ

313 4943 629 5025 ἀστόχημα.
713 4944 859 5003 Μετά
928 4942 983 5000 δὲ
1038 4944 1203 5000 ταῦτα
1273 4942 1533 5023 ἀφέμενος
1590 4942 1786 4998 τούτων
1868 4947 1974 4997 τῶν

312 5031 560 5113 ἀσελγῶν
616 5032 977 5110 ὁμοιώματος,
1032 5030 1136 5100 ἤδη
1206 5034 1292 5089 καὶ
1350 5033 1423 5095 εἰς
1495 5030 1813 5111 αὐτόχρημα
1870 5036 1969 5098 τῆς

310 5122 437 5180 κατ’
497 5124 667 5181 αὐτῶν
724 5120 986 5190 ἐνδείξεως
1030 5136 1229 5204 χωρεῖ,
1287 5121 1584 5201 γογψστάς
1641 5120 1825 5183 αὐτοὺς
1884 5121 1973 5176 καὶ

315 5212 778 5294 μειιψιχιμοίρους
834 5203 1070 5272 καλῶν.⁷⁷
1104 5203 1266 5270 ’Ἐστι
1328 5209 1380 5268 δὲ
1433 5208 1732 5289 γογγυστὴς
1777 5209 1894 5283 μὲν,
1942 5211 1971 5264 6

313 5299 409 5358 ὑπ’
467 5300 651 5360 ὀδόντα
730 5303 820 5360 καὶ
895 5302 1331 5383 ἀπαῤῥηοιάστως
1379 5307 1458 5375 τῷ
1514 5296 1974 5379 δυσαρεστουμένῳ

314 5389 774 5472 ἐπιμεμφόμενος.
838 5394 1202 5472 Μεμψίμοιρος
1281 5389 1335 5447 δὲ
1416 5392 1444 5447 6
1502 5388 1674 5446 πάντα
1738 5388 1825 5443 καὶ
1895 5388 1973 5446 ἀεὶ

312 5479 586 5538 σκώπτειν
668 5479 1013 5549 ἐπιτηδεύων.
1097 5480 1388 5561 Γογγυσταὶ
1461 5477 1516 5535 δὲ
1599 5477 1688 5534 καὶ
1764 5478 1972 5553 μεμψί-

395 5646 467 5701 50
491 5645 696 5711 IPetr.
726 5665 812 5714 ιιι.
899 5650 923 5714 Ι
951 5648 1106 5714 Tim.
1142 5668 1206 5715 ιι.

2056 4935 2374 5016 impiorum
2406 4932 2833 4995 assimilatione
2859 4930 3196 5007 absolutus,
3224 4929 3350 5009 jam
3390 4946 3518 4990 rem
3550 4947 3706 5009 quo-

2055 5043 2170 5107 que
2225 5026 2413 5105 ipsam
2458 5020 2819 5103 aggreditur,
2879 5038 3166 5083 accusans
3215 5020 3483 5101 ipsorum
3544 5018 3705 5107 vitia,

2055 5132 2391 5195 vacansque
2448 5131 2550 5175 eos
2582 5118 3054 5173 murmuratores
3083 5128 3151 5170 ac
3182 5107 3576 5171 cavillatores.
3607 5106 3711 5168 Est

2054 5212 2250 5268 autem
2285 5202 2524 5285 proprie
2548 5203 2870 5280 γογγυστής,
2904 5199 3004 5281 qui
3027 5198 3134 5261 sub
3168 5197 3448 5260 dentibus
3469 5205 3528 5258 et
3551 5197 3711 5278 apud

2055 5313 2121 5357 se
2151 5295 2496 5374 indignatur
2551 5289 2926 5352 offendenti:
2983 5291 3339 5369 μεμψὶμοιρος
3396 5305 3561 5367 vero,
3608 5285 3712 5367 qui

2057 5402 2297 5464 semper
2326 5381 2522 5443 studet
2552 5397 2760 5442 omnes
2819 5378 3079 5441 cavillari
3129 5386 3186 5439 et
3214 5375 3483 5440 dicteriis
3512 5374 3706 5438 laces-

2057 5492 2213 5535 sere.
2248 5475 2426 5533 Porro
2465 5469 2526 5532 hi
2560 5477 3026 5531 murmuratores
3073 5485 3142 5530 ac
3170 5466 3541 5530 cavillatores
3572 5483 3712 5528 sco-
