4106 6420
493 443 605 506 7‘23

1320 448 1679 510 ANONYMI
1724 449 1822 509 ΕΧ
1867 443 2296 508 ΟΕΟυΜΕΝΙθ
2342 448 2420 508 IN
2468 448 3006 513 APOCALYPSIN.

3743 451 3854 512 724

487 582 688 652 utpote
735 577 1019 640 divinitus
1078 578 1428 658 inspiratum
1493 584 1553 638 et
1609 577 1838 651 utilem,
1895 576 2131 638 ineluc-

2212 575 2454 648 ὺπερθέου
2539 577 2721 654 σοφίας
2777 584 2869 634 τοῦ
2938 578 3310 658 ἠγαπημένοι),
3369 577 3461 634 ἅτε
3512 577 3852 634 θεόπνευστον

485 663 752 725 tabiliter
799 665 1132 730 evincitur:
1168 685 1287 728 non
1342 674 1536 727 autem
1597 685 1671 727 ex
1703 683 1950 728 numero
1979 683 2126 744 spu-

483 752 734 827 riorum,
764 762 828 814 ut
855 756 1096 834 quidam
1129 755 1351 818 erroris
1405 754 1617 834 spiritu
1675 753 1955 816 concitati
2013 772 2126 813 nu-

483 842 704 922 gaciter
725 843 1204 919 eﬂ'utierunt,sed
1227 851 1432 904 contra
1455 843 1776 923 genuinum
1809 849 1867 904 et
1895 842 2016 903 filio
2035 850 2127 904 to-

485 930 670 991 nitrui
701 930 968 1009 dignum.
1003 932 1064 993 Si
1094 932 1332 1011 quidem
1363 931 1728 994 credendum
1763 934 1837 991 sit
1868 932 2129 994 Athana—

483 1018 652 1078 nasio
685 1019 939 1080 maximo
977 1020 1038 1080 in
1087 1020 1465 1099 Expositione
1497 1020 1783 1082 librorum
1812 1017 2043 1081 Veteris
2075 1027 2134 1080 et

483 1105 628 1167 Novi
657 1106 1102 1170 Testamentiin
1132 1107 1370 1171 Canone
1393 1110 1590 1170 locum
1624 1107 1992 1180 habentium,
2029 1107 2130 1187 qui

484 1197 642 1257 hunc
671 1197 971 1273 germanis
997 1195 1320 1276 Scriptura;
1349 1196 1516 1258 libris
1547 1205 1918 1276 annumerat;
1953 1205 2129 1275 atque

485 1284 665 1347 etiam
695 1283 895 1346 divino
952 1284 1166 1348 Basilio
1199 1286 1258 1346 in
1290 1286 1737 1365 compendiaria
1794 1285 2128 1357 Quzcstioue

483 1373 559 1434 de
588 1371 733 1433 Filio
763 1372 1022 1452 idipsum
1045 1375 1231 1436 visum
1263 1385 1352 1435 est
1384 1395 1396 1434 :
1435 1376 1691 1455 itemque
1725 1374 2010 1452 Gregorio
2043 1374 2126 1435 di-

484 1464 638 1522 vinae
667 1463 1020 1543 eloquentiae
1051 1464 1174 1524 viro
1219 1464 1278 1524 in
1317 1463 1468 1524 libro
1518 1465 1645 1542 ejus
1677 1465 1931 1543 syntaxis
1962 1482 2130 1524 more

484 1549 788 1624 adornato,
841 1560 898 1611 et
953 1553 1250 1614 Methodio
1307 1553 1744 1631 sapientissimo
1792 1557 2128 1613 Patarorum

485 1639 763 1720 episc0po
820 1641 882 1701 in
939 1659 1217 1702 sermone
1261 1641 1335 1702 de
1386 1641 1882 1716 Resurrectione;
1916 1641 2128 1720 Cyrillo

484 1747 718 1808 quoque
747 1749 958 1808 magno
991 1731 1051 1790 in
1082 1729 1362 1809 operibus
1419 1730 1542 1789 suis
1591 1730 1664 1790 de
1695 1731 2038 1790 adoratione
2069 1729 2131 1790 et

2209 664 2264 721 ὅν
2333 666 2420 721 καὶ
2483 663 2770 746 ὠφέλιμον,
2824 665 3199 747 ἀναμφιλόγως
3265 665 3612 733 κατείληπται
3651 683 3668 701 ⁶
3725 662 3845 721 ἀλλ’

2210 759 2268 813 o6
2296 761 2397 810 τῶν
2429 755 2614 834 νόθων,
2673 754 2745 819 ὥς
2786 777 2925 819 τινες
2955 756 3140 829 πλάνῳ
3193 759 3628 835 συγκροτούμενοι
3685 753 3844 810 πνεύ-

2211 866 2338 918 ματι
2393 842 2756 922 ἐληρώδησαν,
2816 847 2860 902 εί
2916 846 2992 920 μὴ
3047 847 3135 902 καὶ
3188 847 3428 923 γνήσιον,
3491 846 3578 901 καὶ
3620 850 3712 900 106
3751 846 3850 908 τῆς

2211 934 2433 1009 βροντῆς
2477 932 2685 998 ἐπάξιον
2716 935 2846 1007 υἱοῦ,
2883 932 2935 989 εἴ
2965 955 3026 1011 γε
3072 933 3285 991 πιπέον
3358 933 3484 1014 (sic)
3556 931 3854 1004 ’Δθανασίῳ

2210 1026 2287 1094 τῷ
2331 1022 2777 1100 παμμεγίστῳ“ἐν
2832 1029 2899 1100 τῇ
2970 1021 3201 1080 Ἐκθέσει
3271 1029 3379 1079 τῶν
3439 1021 3849 1097 κανονιζομένων

2211 1115 2308 1177 τῆς
2336 1110 2568 1177 Παλαιᾶς
2598 1133 2654 1167 τε
2683 1113 2770 1169 καὶ
2820 1112 2955 1175 Νέας
3010 1111 3246 1189 βιϐλίων,
3306 1125 3423 1175 τοῖς
3479 1111 3714 1190 γνησίοις
3766 1109 3852 1163 καὶ

2210 1202 2362 1257 10610
2460 1201 2744 1280 ἐγκρίνοντι
2779 1217 2791 1230 '
2868 1201 3003 1260 ἆλλὰ
3075 1204 3162 1258 καὶ
3249 1201 3505 1275 Βασιλείῳ
3587 1207 3664 1274 τῷ
3732 1199 3854 1270 θείῳ

2211 1311 2362 1346 τουτο
2434 1291 2486 1346 ἐν
2543 1297 2610 1366 τῇ
2679 1293 2794 1369 περὶ
2867 1295 2986 1347 1⁸ἱοῦ
3043 1293 3326 1363 συζητήσει
3383 1291 3626 1365 συντόμῳ
3687 1283 3848 1360 ἔδοξε,

2209 1380 2296 1434 καὶ
2355 1381 2621 1457 Γρηγορίῳ
2671 1386 2749 1453 τῷ
2803 1379 2950 1453 θείῳ¹
3003 1383 3094 1437 τὸν
3177 1379 3336 1458 λόγον
3405 1381 3458 1436 ἐν
3529 1386 3605 1452 τῷ
3669 1397 3854 1433 συντα-

2211 1471 2407 1544 κτηρίῳ
2463 1471 2618 1524 αὖτοῦ
2699 1468 2861 1546 λόγῳ,
2966 1472 3054 1526 καὶ
3124 1467 3354 1544 Μεθοδίῳ
3432 1475 3508 1543 τῷ
3562 1465 3853 1548 σοφωτάτῳ

2209 1557 2483 1629 ὲπισκόπῳ
2542 1559 2793 1636 Πατάρων
2861 1558 2914 1613 ἐν
2972 1564 3049 1632 τῷ
3104 1561 3219 1636 περὶ
3292 1559 3652 1636 ἀναστάσεως,
3738 1565 3851 1612 Κυ-

2213 1644 2372 1724 ρίλλῳ
2399 1667 2456 1700 τε
2484 1653 2559 1719 τῷ
2616 1645 2834 1724 μεγάλῳ
2891 1647 2944 1702 έν
3000 1661 3115 1710 τοῖς
3159 1649 3396 1726 περὶτῆς
3467 1647 3519 1703 ὲν
3590 1645 3850 1718 πνεύματι

2211 1737 2613 1810 προσκυνήσεως
2657 1737 2742 1790 καὶ
2799 1734 3038 1814 λατρείας
3072 1736 3227 1793 αὐτοῦ
3269 1736 3476 1809 πόνοις,
3534 1737 3664 1812 πρὸς
3722 1734 3850 1789 τού-

484 1823 647 1884 cultu
676 1823 738 1883 in
768 1819 1000 1908 spiritu,
1037 1817 1715 1908 praeterhosAHippolyto
1741 1817 1940 1879 Romae
1976 1838 2125 1897 pra:-

2210 1845 2319 1888 τοις
2351 1825 2437 1879 καὶ
2496 1823 2789 1898 Ἱππολύτῳ
2819 1832 2891 1899 νῷ
2955 1817 3165 1901 Ῥώμης
3223 1824 3460 1906 προέδρῳ
3515 1825 3568 1881 ἐν
3619 1831 3688 1900 τῇ
3759 1822 3852 1877 106

483 1911 595 1971 suli
626 1911 685 1972 in
715 1907 1091 1988 Expositione
1139 1907 1201 1966 in
1261 1905 1587 1979 Danielem,
1621 1906 1874 1986 aliisque
1903 1907 2122 1982 multis,

482 2017 558 2060 ne
587 2000 885 2078 longiores
935 1994 1404 2074 simuszquibus
1450 2013 1595 2054 sane
1656 2014 1771 2054 non
1815 1995 2002 2056 visum
2036 2007 2127 2058 est

482 2089 640 2150 hunc
668 2087 884 2149 librum
921 2084 1087 2165 quasi
1117 2084 1386 2162 Spurium
1444 2091 1503 2144 et
1560 2081 1958 2162 abjiciendum
1991 2104 2122 2145 res-

484 2195 687 2257 puere,
715 2176 821 2237 sed
854 2174 1178 2253 genuinum
1234 2191 1365 2233 esse
1423 2179 1700 2233 statuere.
1756 2174 1957 2252 Neque
1987 2192 2125 2234 vero

479 2265 657 2327 tantis
688 2264 1018 2344 talibusque
1050 2261 1191 2322 viris
1220 2261 1514 2339 ejusmodi
1549 2260 1838 2322 sententia
1895 2261 2120 2337 fuisset,

479 2354 594 2416 nisi
620 2355 813 2434 ipsum
845 2351 1120 2413 omnibus
1155 2351 1344 2411 modis
1393 2358 1449 2410 et
1492 2349 1759 2410 numeris
1789 2351 2121 2414 absolutum

481 2461 613 2506 esse
645 2439 1125 2504 scivissent.Nam
1150 2440 1200 2500 si
1221 2439 1278 2501 id
1304 2457 1418 2499 non
1444 2439 1522 2498 ita
1552 2457 1616 2498 se
1639 2439 2123 2506 haberet.verum

481 2550 625 2593 sane
657 2550 773 2592 non
805 2537 960 2591 esset
989 2528 1142 2608 quod
1175 2527 1256 2587 ait
1285 2527 1345 2586 in
1380 2527 1736 2588 Ecclesiaste
1795 2526 2072 2589 Salomon
2109 2548 2122 2591 :

491 2645 514 2678 ε
551 2620 901 2682 Funiculum
961 2617 1252 2697 triplicem
1312 2615 1628 2676 infractum
1689 2634 1951 2688 manere,
2016 2636 2127 2680 nec

480 2709 655 2771 facile
683 2708 878 2788 rumpi
902 2703 1351 2777 58'59.»Quanto
1383 2712 1577 2764 autem
1611 2704 1793 2780 magis
1825 2703 2123 2768 funiculus

477 2797 784 2878 sextuplex
818 2798 960 2877 (non
991 2796 1348 2872 rumpetur).
1374 2795 1485 2855 Per
1534 2795 1685 2854 hanc
1729 2795 1925 2874 itaque
1959 2795 2122 2876 Apo-

2209 1914 2283 1974 εἷς
2327 1915 2415 1968 τὸν
2449 1913 2647 1980 Δανιὴλ
2705 1913 2954 1992 ἑρμηνείᾳ
3008 1914 3190 1993 λόγου,
3249 1916 3338 1971 καὶ
3393 1912 3574 1976 ἄλλοις
3633 1911 3687 1968 δὲ
3719 1909 3849 1968 πολ-

2209 2000 2348 2075 λοϊς,
2383 2001 2475 2057 ’ίνα
2508 2003 2584 2076 μὴ
2609 2002 3025 2081 μακρολογῶμεν
3061 2020 3074 2033 '
3106 2004 3193 2067 οἷς
3223 2005 3295 2068 εἷς
3326 2003 3472 2059 νόθον
3505 2003 3590 2058 καὶ
3611 1997 3850 2065 ἀπόϐλη-

2209 2113 2297 2146 τον
2327 2091 2423 2147 οὖκ
2476 2089 2643 2156 ἔδοξεν
2699 2091 3035 2170 ἀπεῤῥϊφθαι,
3096 2095 3139 2148 εἰ
3183 2094 3262 2167 μὴ
3305 2094 3522 2171 γνήσιον
3579 2093 3846 2170 κριθῆναι.

2209 2177 2316 2234 Οὔκ
2357 2183 2422 2244 ἦν
2452 2179 2704 2242 τοιούτοις
2749 2182 2834 2237 καὶ
2890 2181 3154 2244 τοσούτοις
3185 2178 3528 2259 ἀκριϐασταϊς
3583 2181 3736 2234 10610
3765 2174 3846 2231 δο-

2207 2277 2329 2324 κοῦν
2385 2268 2429 2321 εἰ
2509 2268 2522 2285 ‘
2601 2269 2614 2286 ‘
2702 2267 2720 2309 ='
2932 2270 3026 2306 ι’-”’
3087 2267 3153 2290 ”’“
3457 2267 3476 2287 ‘
3627 2266 3637 2284 ’

2340 2315 2355 2346 ,
2461 2289 2538 2341 μη
2567 2289 2626 2322 το
2658 2289 2863 2345 μ-τριον
2896 2290 3037 2326 anu;
3085 2283 3277 2344 ηοεσαν
3309 2275 3756 2342 σπουὸαζομενον,
3792 2266 3852 2323 Εἰ

2207 2356 2306 2433 γὰρ
2351 2356 2427 2428 μὴ
2481 2358 2656 2416 10610.
2706 2354 2841 2430 μηδέ
2898 2359 2957 2413 τὸ
3015 2354 3244 2436 ἕντριτον
3287 2357 3534 2436 σπαρτίον
3593 2357 3730 2412 κατὰ
3756 2356 3849 2410 τὸν

2207 2443 3031 2519 ἐκκλησιάζονταξζΣολομῶντα,
3084 2467 3107 2502 ε
3174 2435 3478 2522 ”Αῤῥηκτον
3521 2444 3678 2519 μένον
3747 2443 3848 2522 (1),

2205 2532 2264 2588 06
2305 2532 2504 2612 ταχὲος
2549 2531 2972 2611 διαῤῥαγήσεται.
3013 2557 3036 2588 ιι
3105 2533 3294 2607 Πολλῷ
3324 2532 3385 2590 ἂν
3442 2535 3504 2590 τὸ
3538 2532 3847 2599 ἐξάπλοκον.

2211 2622 2309 2678 Διὰ
2335 2611 2432 2689 τῆς
2479 2611 2884 2698 (Λποκολύψεως
2917 2624 3003 2679 06v
3062 2623 3252 2689 ταύτης
3325 2621 3576 2680 δείκνυσιν
3639 2626 3667 2680 ὁ
3713 2631 3847 2699 Χρι-

2206 2717 2332 2767 στοῦ
2392 2711 2660 2785 μαθητὴς,
2718 2713 2790 2777 ὡς
2844 2713 2931 2768 καὶ
2993 2714 3052 2768 τὸ
3110 2713 3435 2792 προφητικὸν
3490 2711 3849 2769 καταπλοῦτεϊ

2206 2798 2446 2878 χάρισμα
2482 2819 2494 2833 ο
2549 2797 2700 2879 εἴπερ
2743 2806 2848 2856 τῶν
2906 2799 3204 2857 ἱνεστώτων
3246 2802 3333 2858 καὶ
3403 2801 3507 2857 τῶν
3551 2821 3786 2880 παρῳχη
3831 2811 3848 2828 ⁹

475 2887 739 2967 calypsin
770 2885 1029 2947 ostendit
1062 2884 1278 2946 Christi
1312 2883 1651 2962 Discipulus
1683 2901 1746 2942 se
1779 2885 2122 2963 prophetica

2211 2888 2384 2964 μένων
2441 2910 2496 2944 τε
2552 2890 2639 2945 καὶ
2723 2888 3024 2966 μελλόντων
3082 2891 3274 2968 γνῶσιν
3333 2894 3394 2947 τὸ
3465 2894 3598 2967 μετὰ
3653 2903 3847 2971 χεῖρας

473 2975 662 3056 gratia
717 2976 962 3037 ditatum
1005 2992 1180 3048 esse;
1211 2972 1504 3052 siquidem
1538 2973 1634 3032 hic
1675 2971 1826 3033 liber
1857 2991 2120 3052 praesen-

2206 2978 2528 3056 σύγγραμμα
2621 2981 2942 3058 θησαυρίζει,
3032 2983 3104 3035 ὧν
3195 2981 3281 3036 καὶ
3359 2986 3504 3036 πᾶσα
3599 2980 3845 3057 ἐγκύμων

471 3064 644 3137 tium,
706 3064 1140 3143 praeteritorum
1197 3069 1255 3122 et
1302 3061 1630 3122 futurorum
1691 3061 1961 3122 notitiam
2011 3081 2118 3124 ceu

2205 3068 2516 3144 προφητεία,
2549 3066 2577 3122 ὅ
2606 3069 2692 3122 καὶ
2722 3080 2838 3130 τοῖς
2879 3067 3005 3146 παρ’
3059 3070 3192 3141 ἡμῖν
3225 3066 3557 3146 θυραυλοῦσιν
3618 3068 3672 3124 ἰν
3703 3067 3849 3143 λόγῳ

472 3154 822 3214 thesaurum
897 3155 1201 3224 continet,
1264 3149 1478 3229 quibus
1552 3149 1769 3226 omnis}
1818 3153 2121 3232 prOphvtia

2447 3155 2461 3176 ν
2485 3166 2503 3178 η
2578 3159 2591 3180 κ
2628 3155 2672 3173 αι
2971 3157 2983 3176 9
3097 3159 3106 3174 ο
3341 3162 3367 3178 -γ
3500 3160 3512 3178 ς
3737 3155 3746 3174 ρ

2203 3169 2413 3233 σοφοῖς.
2469 3166 2594 3213 ιδπει
2623 3177 2676 3212 οε
2731 3178 2868 3218 τινες
2931 3155 3290 3230 αυθαδισαντο,
3337 3184 3373 3235 ῃ
3430 3180 3516 3213 και
3585 3154 3846 3235 προλελε-

470 3241 700 3320 repleta
731 3239 1042 3320 estzquod
1101 3257 1204 3318 pro
1263 3238 1336 3298 iis
1377 3238 1612 3327 dictum
1673 3238 1748 3298 sit
1805 3240 1958 3319 apud
2014 3261 2121 3302 nos

2201 3267 2320 3300 κται
2389 3248 2589 3310 νοθείας
2643 3245 2936 3324 ἐγκλήματι
2980 3251 3041 3302 τὸ
3110 3246 3349 3310 θεοτελὲς
3416 3255 3571 3304 τοῦτο
3630 3267 3844 3327 χρησμ-

470 3329 968 3409 sapientibus,qui
999 3328 1306 3389 scientiam
1337 3326 1425 3387 vix
1459 3347 1492 3388 a
1522 3327 1727 3387 limine
1752 3331 2117 3403 fsalutarunt.

2201 3331 2390 3408 ᾠδημα
2461 3335 2709 3414 ἀχρειουν
2745 3354 2759 3368 ο
2807 3336 2932 3414 παρ’
2990 3335 3112 3393 ὅσον
3143 3339 3170 3392 ὁ
3226 3335 3515 3404 θεόληπτος
3575 3326 3726 3400 οὗτος
3757 3336 3847 3390 106

472 3416 622 3489 Quia
667 3435 802 3479 vero
849 3417 1118 3478 nonnulli
1163 3435 1232 3477 eo
1283 3416 1544 3478 audacia:
1600 3426 2018 3496 proruperunt,
2056 3425 2121 3482 ut

2203 3422 2372 3499 Λόγου
2448 3425 2628 3502 Πατὴρ
2682 3425 2876 3488 εἰωθὼς
2921 3427 3061 3499 αὖτῴ
3115 3425 3358 3503 θεολογίᾳ
3418 3428 3688 3501 σεμνύνειν
3742 3427 3845 3480 νῶν

467 3505 688 3566 dictum
709 3514 888 3587 est,ut
909 3505 1169 3567 divinum
1190 3506 1299 3566 hoc
1324 3506 1624 3566 oraculum
1657 3506 1824 3585 quasi
1848 3507 2116 3584 Spurium

2201 3514 2502 3584 θεοπρεπῶν
2563 3516 2720 3570 αὐτοῦ
2775 3515 2944 3570 τόκων
2995 3517 3086 3570 τὸν
3142 3514 3201 3571 ἐκ
3243 3513 3496 3592 βαλϐῖδος
3541 3515 3712 3572 αὐτῶν
3771 3515 3843 3576 ὡς

466 3604 860 3671 accusarent;
895 3595 1031 3675 quia
1060 3595 1289 3656 scilicet
1317 3613 1452 3655 cum
1514 3593 1757 3654 divinus
1801 3594 1896 3656 hic
1929 3595 2112 3658 Verbi

2201 3598 2260 3654 ἂν
2303 3598 2448 3656 εἴποι
2491 3622 2570 3664 τις
2617 3600 2858 3681 πρόοδον,
2933 3607 2990 3661 06
3045 3604 3132 3660 v6v
3188 3607 3340 3660 10610
3382 3605 3531 3660 ποιεῖ
3567 3619 3578 3632 '
3631 3605 3746 3681 περί
3789 3599 3843 3656 δὲ

467 3681 638 3746 Pater
684 3681 867 3745 libros
923 3702 1062 3744 suos
1119 3683 1351 3744 divinos
1409 3684 1460 3741 a'
1496 3683 1786 3762 principio
1821 3683 2112 3762 theologia

2201 3689 2252 3743 τὸ
2282 3688 2396 3743 καθ’
2442 3691 2584 3763 ἡμᾶς
2657 3691 2984 3769 πρόσλημμα
3056 3690 3138 3748 διὰ
3208 3692 3595 3772 φιλανθρωπίαν
3641 3691 3841 3773 ἄφατον

463 3789 680 3835 ornare
727 3773 934 3849 soleat,
986 3772 1046 3833 id
1106 3773 1167 3833 in
1218 3773 1330 3832 hoc
1373 3771 1524 3834 libro
1554 3791 1671 3832 non
1705 3782 1976 3851 praestat;
2005 3775 2108 3834 sed

462 3862 716 3942 tempori
745 3880 810 3924 se
840 3861 1402 3936 accommodans,de
1433 3869 1733 3940 assumpta
1764 3872 1970 3923 natura
1995 3882 2106 3922 no-

459 3957 582 4012 stra
609 3969 786 4031 quam
809 3969 1012 4013 amore
1033 3959 1374 4012 nostrorum
1403 3950 1688 4011 ineffabili
1719 3953 2112 4031 accepit,pro-

457 4039 699 4101 (nmium
713 4043 1426 4119 concinnatzuecesseque
1440 4039 2110 4118 estdicereipsum,cum

457 4127 646 4208 probe
669 4129 849 4190 sciret
877 4129 1229 4190 inditferens
1261 4145 1392 4188 esse
1421 4136 1999 4204 argumentum,cum
2037 4130 2109 4190 de

453 4235 574 4278 uno
601 4217 934 4298 eodemque
955 4219 1262 4298 agiturper
1284 4217 1563 4277 unionem
1589 4217 1949 4279 ineffabilem
1969 4237 2114 4282 con-

453 4305 819 4367 currentium
845 4317 1213 4380 naturarum,
1239 4314 1489 4385 utroque
1522 4306 1698 4366 modo
1747 4325 1914 4367 usum
1951 4327 2104 4380 esse,

2191 3777 2287 3842 τὴν
2319 3779 2435 3856 περὶ
2465 3780 2606 3851 ἡμᾶς
2643 3781 2704 3834 τὸ
2730 3782 3004 3859 προοίμιον
3073 3795 3444 3861 προσευκαιρεϊ
3479 3797 3492 3811 ⁸
3547 3783 3840 3861 ἀναγγατογ

2193 3865 2366 3921 ἐκεῖνο
2411 3865 2572 3944 ἐρεῖν,
2624 3870 2696 3930 ὡς
2754 3868 3030 3949 ἀδιάφορον
3084 3869 3229 3934 εἰδὼς
3272 3873 3332 3927 τὸ
3384 3873 3500 3945 περὶ
3556 3872 3617 3928 τὸ
3675 3869 3728 3925 ἒν
3757 3855 3844 3923 καὶ

2193 3956 2252 4010 νὸ
2282 3956 2407 4012 αὐτὸ
2457 3954 2684 4034 ὑπάρξαν
2735 3964 2803 4034 τῇ
2858 3959 3139 4039 ἀπορρήτῳ
3181 3961 3363 4018 ἐνώσει
3418 3968 3523 4017 τῶν
3594 3955 3840 4018 συνελθό-

2196 4065 2354 4122 ντων,
2441 4043 2586 4109 ὅπως
2645 4046 2731 4103 οὖν
2779 4049 3037 4128 ἑκατέρως
3082 4054 3334 4130 χρῆσθαι,
3391 4049 3494 4107 εἴτ’
3563 4053 3667 4108 ἀπὸ
3735 4053 3841 4104 τῶν

2191 4135 2465 4213 θειοτέρων
2535 4137 2628 4191 106
2672 4144 2924 4215 Σωτῆρος
2981 4149 3204 4217 Χριστοῦ
3258 4138 3568 4220 ἀρξάμενον,
3629 4144 3689 4215 ἢ,
3735 4139 3840 4196 ἀπὸ

2192 4228 2298 4277 τῶν
2326 4224 2807 4303 ἆνθρωποπρεπῶν.
2858 4227 2949 4285 Ἐν
3005 4243 3120 4292 τοῖς
3161 4235 3388 4308 πρωτοις
3447 4231 3605 4287 αὐτοῦ
3659 4231 3837 4310 γράμ-

2196 4334 2353 4386 μασιν
2414 4315 2518 4370 ἀπὸ
2579 4322 2685 4371 τῶν
2737 4318 3191 4396 θεοπρεπεστέρων
3251 4319 3562 4399 ἀρξάμενος,
3621 4321 3706 4377 ἐπὶ
3775 4317 3842 4372 τὰ

459 4391 541 4487 ita
571 4403 637 4455 ut
665 4395 754 4487 vel
787 4413 820 4456 a
851 4396 1158 4456 divinitate
1190 4393 1516 4487 salvatoris
1541 4393 1758 4456 Christi
1781 4396 2106 4487 inciperet,
2132 4417 2139 4467 ι

2201 4399 2490 4478 ἀνθρώπινα
2560 4418 2763 4483 χωρεῖν
2834 4409 2926 4464 οὐκ
2995 4407 3250 4482 ἠνήνατο,
3314 4404 3402 4487 ἀφ’
3462 4391 3560 4462 ὧν,
3596 4409 3785 4487 φάσκει
3821 4419 3833 4433 ⁸

450 4481 541 4542 vel
573 4484 646 4543 ab
676 4483 951 4545 humanis
980 4485 1110 4563 ejus
1131 4482 1450 4545 attribulis.
1477 4484 1744 4563 Cumque
1775 4483 1834 4546 iu
1889 4485 2107 4563 priori-

448 4567 561 4631 bus
591 4571 829 4653 scriptis
851 4573 977 4634 suis
999 4593 1033 4634 a
1056 4571 1448 4633 divinioribus
1472 4573 1827 4651 cu‘perit,ad
1849 4574 2107 4637 humana

453 4659 784 4738 procedere
815 4680 932 4723 non
967 4662 1320 4741 dedignatus
1348 4669 1458 4741 est,
1493 4661 1734 4740 quando
1760 4661 1942 4724 dicit:
1978 4686 2004 4722 ‹
2041 4663 2108 4725 Et

446 4745 712 4810 Verbum
748 4767 885 4813 caro
914 4751 1130 4813 factum
1154 4759 1244 4813 est
1267 4750 1332 4799 ϐυ
1365 4767 1378 4811 :
1421 4775 1443 4808 ιι
1472 4749 1537 4810 in
1565 4751 1842 4829 praesenti
1873 4772 2108 4832 quoque

445 4835 598 4898 libro
625 4838 697 4900 ab
725 4840 1001 4901 humanis
1035 4859 1230 4920 orsus,
1266 4859 1342 4902 ne
1373 4839 1676 4900 videretur
1722 4841 1917 4919 ipsum
1949 4861 1982 4902 a
2012 4843 2108 4904 di-

440 4925 594 4987 vinis
649 4927 933 4990 duntaxat
983 4946 1497 5008 coguoscere,non
1555 4935 1752 4988 autem
1787 4927 1858 4989 ab
1892 4931 2105 4993 huma-

445 5014 563 5089 nis,
596 5016 783 5078 noluit
841 5025 1038 5079 tamen
1099 5018 1160 5078 in
1218 5017 1493 5079 humanis
1549 5035 1887 5077 sermonem
1930 5019 2102 5098 sisti;

443 5103 550 5165 sed
583 5102 643 5164 in
676 5105 768 5166 his
798 5106 998 5167 divina
1043 5107 1218 5169 etiam
1255 5107 1491 5168 tradere
1552 5124 1668 5166 non
1717 5099 1980 5182 omittit:
1996 5104 2106 5190 per

441 5209 576 5271 qua
604 5193 728 5252 vult
756 5203 821 5253 ut
853 5212 921 5256 ex
973 5196 1340 5257 humanitate
1396 5194 1632 5256 Domini
1668 5213 1737 5254 ea
1767 5213 1897 5273 quaa
1927 5218 2107 5278 supra

439 5279 745 5343 hominem
777 5293 911 5345 sunt
942 5287 1338 5364 speculemur.
1399 5286 1586 5356 Quem
1635 5283 1813 5344 etiam
1848 5304 2092 5367 scopum

2200 4491 2360 4580 (“Ka‘t
2394 4493 2421 4546 ὁ
2454 4493 2620 4569 Λόγος
2651 4493 2775 4570 σὰρξ
2824 4495 3032 4572 ἐγένετο
3080 4515 3095 4532 ·
3136 4515 3164 4554 »
3223 4497 3277 4553 ἐν
3334 4505 3410 4572 τῷ
3469 4500 3602 4572 μετὰ
3647 4511 3839 4580 χεῖρας

2193 4578 2334 4644 αὖθις
2404 4583 2774 4660 συγγράμματι
2845 4585 2950 4640 ἀπὸ
3033 4589 3137 4643 τῶν
3193 4578 3685 4667 ἀνθρωποπρεπῶνψ
3740 4589 3840 4666 ἄρ’

2192 4667 2432 4745 ξάμενος,
2483 4675 2555 4736 ὡς
2616 4672 2675 4728 ἂν
2720 4676 2796 4748 μὴ
2854 4673 2993 4740 δόξαι
3051 4676 3156 4732 ἀπὸ
3212 4682 3318 4732 τῶν
3359 4678 3637 4758 θειοτέρων
3667 4679 3844 4754 μόνων

2193 4757 2349 4813 αὖτὸν
2381 4759 2676 4837 γινώσκειν,
2714 4764 2774 4818 06
2805 4761 2985 4836 μέντοι
3015 4766 3102 4820 καὶ
3158 4765 3264 4821 ἀπὸ
3317 4774 3420 4823 τῶν
3477 4757 3836 4847 ἀνθρωπίνων,

2191 4846 2283 4903 οὔκ
2325 4848 2586 4927 ἠνέσχετο
2613 4863 2729 4914 τοῖς
2789 4851 3286 4931 ἀνθρωποπρεπὲσιν
3342 4846 3691 4914 ἐπαναπαῡσα
3747 4858 3839 4912 τὸν

2189 4935 2348 5014 λόγον
2383 4956 2398 4972 ο
2432 4937 2568 4994 ἀλλὰ
2597 4940 2692 4996 κὰν
2753 4941 2956 5004 τούτοις
3025 4943 3091 4998 τὰ
3133 4945 3550 5025 θεοπρεπέστερα
3606 4945 3835 5026 προσνέ-

2190 5048 2306 5101 μειν
2338 5027 2397 5082 οὔ
2429 5042 2699 5099 κατοκνεῖ,
2747 5026 2814 5084 δι’
2852 5033 2926 5083 ὧν
2985 5033 3069 5086 καὶ
3126 5040 3202 5107 τῷ
3248 5034 3534 5113 ἀνθροπίνῳ
3592 5045 3684 5094 τοῦ
3731 5047 3831 5094 Ku-

2188 5116 2296 5193 ρίου
2354 5118 2418 5172 τὰ
2471 5117 2598 5195 ὑπὲρ
2671 5114 2940 5196 ἄνθρωπον
2996 5119 3360 5198 ἐνθεωρετσθαι
3415 5124 3681 5200 βούλεται,
3766 5133 3835 5183 Ος

2186 5207 2270 5260 καὶ
2323 5205 2513 5280 Παύλῳ
2554 5214 2631 5280 τῷ
2671 5207 2793 5279 θείῳ
2841 5211 3035 5274 σκοπὸς
3094 5210 3147 5266 ἐν
3204 5233 3272 5288 τῃ
3329 5215 3457 5290 πρὸς
3512 5213 3839 5274 Κολασσαετς

2184 5294 2476 5363 Ἐπιστολῆ
2511 5313 2524 5326 ⁶
2570 5318 2592 5351 α
2631 5293 2718 5354 Ἐν
2777 5297 2939 5370 αύτῷ,
2985 5300 3102 5378 περὶ
3157 5322 3248 5356 του
3294 5309 3517 5380 Χριστοῦ
3559 5305 3832 5382 φάσκοντι,

433 5367 645 5430 habuit
703 5370 940 5433 divinus
1016 5375 1235 5436 Paulus
1296 5374 1353 5433 in
1415 5373 1680 5453 Epistola
1735 5373 1806 5434 ad
1880 5377 2094 5439 Colos-

2205 5385 2386 5450 κτίσθη
2413 5385 2478 5440 τὰ
2509 5385 2703 5460 πάντα,
2735 5385 2802 5441 τὰ
2827 5407 2881 5442 τε
2936 5386 2988 5442 ἐν
3026 5389 3229 5466 οὸρανῷ
3287 5393 3373 5447 καὶ
3425 5392 3490 5446 τὰ
3548 5367 3632 5449 ἐπὶ
3689 5393 3786 5472 γῆς
3821 5406 3834 5421 ⁵

511 5537 666 5589 58-59
696 5540 896 5604 Eccle.
930 5560 1011 5616 ιν,
1048 5545 1146 5606 ιε.
1234 5543 1299 5595 60
1325 5543 1496 5606 Joan.
1530 5558 1572 5614 1,
1611 5542 1673 5602 14

513 5681 592 5761 (Η
623 5681 842 5748 Vitium
876 5688 1168 5769 suspicor.
