4106 6444
280 5563 292 5604 l

399 405 514 470 729

1738 401 2428 472 GRACO-ROMANUM

3656 397 3778 463 730

392 546 716 629 νουπόλεως,
774 547 895 616 νέας
923 540 1155 628 Ῥώμης,
1229 553 1316 609 καὶ
1375 551 1732 628 οἰκουμενικὸς
1785 546 2016 628 πατριάρη

2103 534 2670 629 _Const_antinopolis
2718 555 2884 600 novae
2929 539 3160 616 Roma,
3193 546 3253 601 et
3281 533 3632 600 universalis
3663 551 3772 615 pa-

476 661 530 702 ς.

476 661 530 702 ς.

392 660 576 785 κηΚαὶ
646 727 822 806 ἰατρὸς
897 725 1062 796 ἡδίων
1138 728 1369 810 ἐκεῖνος,
1419 731 1506 786 καὶ
1549 728 1569 771 ί
1628 726 1839 786 πολλῶν
1895 721 2036 791 ἄξιος

393 812 601 872 πόλεων
636 814 683 890 ί,
759 817 903 880 ὅστις
958 815 1147 893 λοιμοῦ
1235 817 1587 898 προσϐάλλειν
1669 816 2035 895 ἐπειγομένου,

394 904 514 982 πρὶν
571 903 887 972 εἰσπηδῆσαι
929 908 990 964 τὸ
1043 909 1207 964 κακὸν
1257 907 1479 982 διωθῶν,
1525 921 1716 987 πεῖραν
1785 909 1884 973 τῆς
1941 903 2037 959 νό-

392 1013 485 1049 σου
554 990 739 1050 λαϐεῖν
809 997 902 1051 οὐκ
945 995 1003 1068 ἒᾷ
1037 1013 1052 1028 °
1099 994 1294 1054 δίαιταν
1350 995 1406 1054 δὲ
1505 995 1866 1071 ὑποτιθέμενος
1911 991 2038 1049 ἄνο-

392 1103 508 1162 σον,
540 1082 706 1158 ταύτῃ
776 1097 895 1149 τοῖς
957 1085 1168 1161 σώμασι
1245 1087 1403 1164 ῥὼσιν
1462 1083 1726 1143 ἀκίνδυνον
1780 1106 2036 1163 πραγμα-

387 1172 616 1230 τεύεται.
706 1169 857 1230 Ἐπεί
883 1172 1020 1239 ἅπαξ
1103 1175 1504 1246 εἷσπηδήσασαν
1585 1173 1751 1253 ἔνδον,
1805 1175 1910 1230 ’καὶ
1967 1173 2032 1228 τὰ

389 1259 613 1336 σώματα
681 1258 829 1329 δίκην
885 1265 1046 1343 πυρὸς
1109 1264 1430 1340 νεμομένην,
1495 1262 1646 1338 μόλις
1690 1261 1751 1318 ἅν
1793 1259 2032 1327 δυνηθείη

387 1348 689 1409 ἀναστείλαι
721 1352 808 1407 καὶ
837 1351 1122 1427 ἀπελάσαι,
1182 1359 1280 1420 τῆς
1337 1353 1638 1428 ἐπιστήμης
1695 1353 1835 1424 αὒτῳ
1864 1350 2032 1427 ἀναγ-

386 1438 550 1502 καίως
617 1439 905 1497 πάντοθεν·
940 1443 1366 1522 παραχωρούσης
1461 1449 1538 1517 τῷ
1636 1439 1842 1522 σφοδρῷ
1939 1443 2031 1494 τοῦ

385 1529 696 1603 παθήματος
728 1525 780 1591 2.
854 1531 954 1588 Καὶ
1023 1535 1213 1610 ψυχῶν
1310 1533 1485 1611 ἰατρὸς
1586 1535 1818 1610 εὒχερῶς
1902 1527 2028 1584 τού-

385 1637 493 1672 των
549 1623 664 1681 πῶς
726 1617 1156 1694 ἀντιποιήσαιτο,
1231 1619 1375 1685 ὅστις
1449 1622 1708 1682 παντοίως
1765 1617 1958 1682 ἀνέστη
1999 1615 2033 1664 δ

2117 622 2398 688 triarcha.

2195 715 2270 780 Et
2319 717 2589 781 medicus
2619 717 2721 781 ille
2751 717 3008 794 suavior,
3051 727 3111 781 et
3137 736 3161 768 ο
3186 718 3387 781 multis
3437 713 3772 779 civitatibus

2116 803 2353 887 dignus,
2378 807 2480 889 qui
2513 809 2850 887 pestilentia
2879 808 3255 884 imminente,
3292 808 3508 870 malum
3559 805 3762 883 prius-

2122 911 2296 973 quam
2326 904 2628 975 grassetur
2656 899 2983 970 repellens,
3019 897 3352 978 periculum
3386 895 3579 958 morbi
3601 895 3768 956 face-

2120 999 2187 1043 re
2215 1001 2334 1044 non
2366 983 2525 1046 sinit:
2569 986 2994 1068 salubremque
3045 986 3436 1067 prtescribens
3476 983 3767 1047 rationem

2119 1071 2690 1154 victus,corporibus
2720 1075 3032 1138 sanitatem
3061 1075 3193 1137 sine
3225 1075 3487 1156 periculo
3512 1091 3618 1154 per
3635 1090 3764 1134 eam

2117 1161 2420 1237 conciliat,
2452 1181 2589 1224 cum
2621 1164 2671 1224 si
2702 1165 2885 1228 semel
2909 1165 3161 1227 interius
3193 1164 3492 1227 insiluerit
3518 1182 3586 1225 ac
3607 1161 3768 1242 ignis

2117 1249 2302 1312 instar
2355 1270 2606 1333 corpora
2636 1253 3015 1334 depascatur,
3046 1255 3136 1316 vix
3194 1254 3442 1336 reprimi
3494 1251 3678 1333 possit
3709 1259 3767 1312 et

2113 1338 2274 1419 abigi
2301 1360 2315 1401 :
2343 1341 2486 1422 quin
2512 1343 2852 1404 necessario
2881 1343 3072 1406 morbi
3096 1342 3472 1405 vehementia
3499 1339 3757 1403 inefﬁca-

2111 1444 2242 1488 cem
2269 1428 2625 1492 medicinam
2643 1433 2805 1494 omni
2825 1451 2892 1495 ex
2910 1443 3073 1514 parte
3089 1433 3411 1495 reddat.Et
3433 1431 3765 1492 animarum

2112 1515 2382 1578 medicus
2403 1517 2527 1580 haec
2547 1527 2682 1600 apte
2699 1521 2814 1582 sibi
2832 1521 3387 1595 accommodaverit,
3415 1519 3538 1600 qui,
3565 1517 3766 1599 prius-

2114 1622 2288 1690 quam
2322 1605 2568 1669 morbus
2593 1609 3226 1690 propagetur,omnino
3255 1608 3768 1688 restiterit,reme-

385 1707 502 1784 πρὶν
580 1707 904 1782 εἷσκωμάσαι
972 1707 1072 1776 την
1155 1710 1324 1780 νόσον,
1381 1708 1777 1790 προφυλακτικὰ
1845 1707 2016 1774 σωτή-

2112 1689 2210 1753 dia
2240 1689 3105 1777 praeservatoria,isermonibus
3125 1699 3445 1779 pharmaca
3477 1695 3760 1790 miscens,

383 1815 470 1871 ρια
541 1792 700 1872 λόγου
767 1795 1017 1874 φάρμακα
1107 1799 1488 1874 κερασάμενος,

381 1883 580 1950 ταύτην
649 1881 923 1958 πάνδημον
991 1893 1377 1966 καταχορεῦσσι
1453 1887 1589 1944 κατά
1645 1891 1742 1954 τῆς
1800 1885 2026 1965 φύσεως.

385 1959 535 2038 ’Ἠδη
580 1970 634 2027 δὲ
685 1983 776 2032 τοῦ
818 1971 986 2031 δεινοῦ
1040 1959 1399 2054 εἰσιρθαρέντος
1441 1977 1528 2034 καὶ
1579 1975 1773 2056 χρόνον
1815 1959 2027 2053 ’συχνὸν

376 2061 474 2123 τὰς
543 2066 649 2117 τῶν
705 2060 923 2118 πολλῶν
993 2062 1247 2126 πολλάκις
1318 2064 1858 2141 ἐπικατανεμηθέντος
1916 2068 2021 2138 ψυ-

375 2149 507 2228 χὰς,
533 2147 768 2227 ἐργώδης
827 2150 963 2209 ἀλλά
999 2152 1092 2208 οὐκ
1158 2154 1385 2232 εὐχερὴς
1443 2156 1476 2222 ἡ
1535 2155 1770 2230 βοήθεια,
1841 2155 2023 2208 καὶτά

372 2237 461 2293 ἐπὶ
527 2239 692 2315 ταύτῃ
761 2237 1230 2321 δυσμεταχείριστοι
1301 2243 1566 2321 φάρμακα.
1668 2239 1836 2299 Ἀλλὰ
1903 2254 2019 2305 τοῖς

373 2326 472 2400 μὲν
503 2325 647 2389 αὖθις
686 2325 1067 2406 φυλαξομένοις
1125 2331 1186 2386 τὸ
1244 2332 1408 2394 πάθος
1463 2331 1748 2410 πρόχειρος
1798 2333 1833 2398 ἡ
1905 2352 2018 2385 σω-

373 2415 555 2494 τηρία,
597 2416 686 2471 καὶ
755 2417 816 2471 τὸ
873 2414 1147 2497 διαφυγεῖν
1190 2421 1279 2474 τὸν
1322 2417 1536 2499 ὄλεθρον
1604 2418 1797 2498 ῥᾳδιον.
1861 2421 1920 2477 Οἱ
1965 2417 2020 2474 δὲ

375 2500 662 2581 φθάσαντες
719 2519 1028 2583 περιπεσεῖν
1096 2513 1172 2581 τῷ
1215 2505 1389 2581 δεινῳ,
1448 2507 1683 2574 ἀπῆλθον
1714 2511 1869 2568 οὗτοι.
1920 2509 2018 2576 τὴν

375 2593 438 2646 ἔκ
504 2597 602 2658 τῆς
676 2594 828 2652 νόσου
911 2592 1115 2667 βλάϐην
1173 2594 1602 2654 δυσαπάλλακτον
1661 2598 1870 2660 ἑαυτοῖς
1930 2599 2017 2653 καὶ

376 2679 509 2747 ὅλην
568 2680 1027 2760 ἀπομορξάμενωι.
1087 2674 1304 2764 ’Ὠσπερ
1373 2686 1459 2742 οὗν
1529 2692 1604 2760 τῷ
1699 2693 1846 2760 κακῷ
1917 2708 2017 2742 τινι

375 2768 799 2847 περιπεπτωκότι
869 2773 930 2827 τὸ
1008 2783 1160 2831 τοῦτο
1255 2772 1527 2854 διαφυγεῖν
1605 2789 1846 2854 κρεῖττον
1925 2781 2018 2830 τοῦ

368 2863 858 2939 συγκατορυχθῆναι
929 2863 1092 2936 αὐτῷ,
1157 2864 1245 2918 καὶ
1325 2866 1386 2918 τὸ
1455 2863 1762 2920 ἀναστεῖλαι
1822 2861 2017 2919 σοϐάδα

367 2947 522 3004 νόσον
577 2949 663 3004 καὶ
739 2947 1016 3024 πάνδημον
1059 2951 1195 3008 κατά
1264 2951 1524 3027 σωμάτων
1595 2951 2009 3027 κυμαινομένην,

369 3039 458 3093 καὶ
515 3043 687 3094 πᾶσαν
772 3036 982 3105 ἠλικίαν
1033 3039 1388 3116 βοσκομένην,
1485 3042 1572 3097 καὶ
1648 3040 1820 3120 γένος,

369 3126 526 3182 ἐᾶσαι
587 3139 792 3205 χωρεῖν
889 3126 1314 3195 ἀνεπικωλύτως,
1402 3129 1538 3185 ἐστὶν
1605 3129 1942 3209 αἱρετώτερον
1990 3144 2004 3158 ⁸

370 3212 508 3271 οὕτω
537 3215 624 3270 καὶ
653 3214 847 3280 ποίθους
878 3215 961 3272 ἐπὶ
1005 3215 1146 3292 λύμῃ
1197 3220 1282 3274 καὶ
1357 3216 1604 3284 σηπεδόνι
1661 3223 1851 3296 ψυχῶν
1908 3216 2012 3290 ἑμ-

365 3304 639 3373 πεσόντος,
674 3303 940 3380 ἀνακόψαι
984 3307 1072 3360 καὶ
1132 3311 1326 3372 στῆσαι
1383 3309 1474 3361 τὸν
1518 3307 1578 3362 ἐκ
1635 3307 1820 3362 τούτου
1889 3304 2011 3360 ἐπι-

364 3391 622 3471 φυόμενον
649 3389 886 3468 ὄλεθρον,
951 3392 1221 3451 ἐπαινετὸν
1281 3396 1412 3470 ὁμοῦ
1464 3397 1552 3451 καὶ
1624 3398 1739 3468 Θέῴ
1770 3393 2011 3473 ἀρέσκον,

366 3481 453 3536 καὶ
523 3493 641 3543 τοῖς
722 3479 963 3559 λογικοῖς
1046 3482 1290 3559 ποιμέσιν
1358 3485 1492 3558 ἡμῖν
1592 3481 1886 3563 πρόσφορόν
1957 3503 2015 3538 τε

366 3567 547 3624 ποιεῖν
608 3570 697 3625 καὶ
767 3567 1038 3646 ἁρμόδιον,
1113 3568 1260 3628 Ἐπεὶ
1319 3573 1487 3628 τοίνυν
1546 3573 1636 3628 τὸν
1718 3577 1810 3628 τοῦ
1878 3579 2009 3649 Χρι-

362 3659 489 3713 στοῦ
556 3654 707 3732 λαὸν,
782 3657 842 3712 ’ὃν
910 3664 987 3732 τῷ
1056 3660 1229 3734 οἰκείῳ
1296 3663 1447 3723 οὗτος
1518 3657 1833 3738 ἐξηγόρασεν
1905 3661 2005 3715 αἶ-

363 3767 514 3820 ματι,
561 3747 623 3802 τὸ
653 3746 804 3825 ἅγιον
835 3745 1000 3820 ἔθνος,
1036 3746 1198 3803 πάλαι
1255 3748 1350 3824 μὲν
1408 3750 1469 3804 τὸ
1525 3747 1855 3804 διδασκάλων
1897 3754 2002 3804 τῶν

361 3834 512 3891 θείων
584 3836 670 3891 καὶ
741 3836 894 3912 ἱερῶν
951 3835 1284 3910 ἀποστόλων,
1346 3838 1433 3893 καὶ
1509 3837 1614 3895 τῶν
1662 3834 1778 3912 μετ’
1824 3836 2008 3898 αὐτοὺς

359 3925 503 3985 αὖθις
571 3922 735 4000 ἁγίων
794 3923 1064 4000 Πατέρων,
1139 3925 1296 3980 οἱονεί
1363 3947 1479 3981 τινα
1538 3925 1694 3986 θείοις
1756 3924 1935 3998 νόμοις
1978 3922 2010 3971 4

357 4010 826 4091 περιεχαράκωσεν
911 4009 1172 4088 ἄμπελον,
1275 4015 1423 4092 ἱερῶς
1505 4012 1608 4081 ἤδη
1679 4033 2006 4092 καταφυτευ-

357 4103 542 4156 θετσαν
625 4106 702 4175 τῷ
751 4100 927 4156 πάντα
969 4101 1040 4164 είς
1112 4102 1172 4157 τὸ
1231 4115 1374 4158 εῖναι
1448 4100 1808 4181 παραγαγόντι
1865 4107 2002 4174 Θεῷ,

355 4187 676 4266 περικόπτον
731 4187 907 4256 πάντη
974 4189 1027 4270 5,
1118 4192 1206 4247 καὶ
1269 4191 1627 4270 ἀποκαθαῖρον
1701 4189 1792 4247 ἐπὶ
1863 4187 2006 4266 λύμη

356 4281 456 4344 τῆς
544 4277 746 4357 φύσεως
783 4276 1192 4360 ἀρρωστήματα,
1238 4281 1318 4337 ὲαὶ
1387 4288 1560 4338 πᾶσαν
1603 4279 1773 4358 ὁρμὴν
1825 4277 2006 4334 ἄνετον

1589 1800 1676 1854 καὶ
1705 1799 1782 1871 μὴ
1872 1793 2028 1857 ἐάσας
2051 1782 2086 1786 ”
2115 1799 2224 1842 nec
2255 1783 2607 1862 permittens
2639 1804 2773 1846 eum
2804 1786 3022 1865 passim
3054 1795 3259 1848 contra
3289 1795 3557 1847 naturam
3578 1782 3764 1844 insul-

2116 1876 2259 1932 tare.
2295 1871 2439 1933 Cum
2472 1881 2668 1935 autem
2704 1873 2926 1936 doloris
2957 1875 3174 1936 malum
3210 1875 3362 1936 intro
3393 1891 3458 1935 se
3484 1872 3760 1934 insinua-

2113 1958 2280 2032 verit,
2318 1968 2376 2021 et
2429 1961 2602 2040 longo
2663 1970 2931 2042 tempore
2990 1963 3311 2024 multorum
3345 1964 3572 2023 animas
3601 1976 3760 2039 saepe

2105 2045 2412 2126 depastum
2447 2048 2646 2126 fuerit,
2680 2050 2924 2114 difficile
2952 2061 3039 2112 est
3070 2070 3180 2113 nec
3210 2059 3550 2132 promptum
3591 2048 3758 2110 auxi-

2105 2133 2275 2216 lium,
2305 2145 2363 2197 et
2413 2139 2847 2202 medicamenta
2899 2139 3170 2202 adhiberi
3210 2141 3298 2201 vix
3332 2146 3600 2220 possunt.
3639 2137 3756 2199 Sed

2105 2241 2138 2284 e
2168 2225 2486 2301 contrario,
2521 2227 2595 2288 iis
2625 2228 2727 2309 qui
2757 2247 2790 2289 a
2819 2229 2958 2289 vitio
2987 2236 3214 2303 cavent,
3249 2229 3408 2290 salus
3439 2236 3661 2308 parata,
3696 2232 3755 2286 et

2103 2331 2192 2382 est
2217 2323 2388 2385 facile
2418 2325 2599 2388 vitare
2630 2327 2980 2406 perniciem.
3040 2325 3151 2398 Qui
3201 2335 3394 2388 autem
3434 2325 3496 2385 in
3529 2323 3750 2384 malum

2101 2409 2462 2486 inciderunt,
2497 2413 2538 2474 ii
2570 2415 2833 2475 abstersa
2869 2413 3059 2475 morbi
3091 2434 3269 2490 noxa,
3301 2411 3748 2494 inexpugnabili

2101 2506 2158 2560 et
2187 2507 2330 2572 tota,
2363 2501 3219 2582 perierunt.Quemadmodum
3250 2502 3432 2583 igitur
3467 2503 3522 2563 ei
3537 2504 3635 2582 qui
3661 2501 3746 2562 in-

2099 2587 2242 2648 cidit
2265 2587 2326 2649 in
2340 2589 2660 2670 quodpiam
2688 2591 3202 2671 malum,eﬂ'ugere
3227 2591 3442 2653 melius
3463 2600 3553 2652 est
3574 2607 3748 2671 quam

2102 2675 2280 2736 simul
2310 2697 2447 2739 cum
2481 2697 2552 2740 eo
2584 2679 2850 2760 sepeliri,
2877 2689 2935 2740 et
2984 2688 3349 2760 grassentem
3377 2679 3649 2740 morbum
3680 2696 3752 2739 ac

2099 2764 2270 2842 vulgo
2334 2785 2439 2846 per
2499 2785 2748 2848 corpora
2796 2775 3164 2845 aestuantem,
3213 2769 3751 2850 depascentemque

2100 2871 2338 2916 omnem
2373 2863 2606 2918 atatem
2633 2865 2689 2918 et
2720 2856 3137 2934 sexum,satius
3161 2870 3250 2917 est
3271 2873 3550 2918 coercere
3573 2874 3747 2936 quam

2098 2941 2230 3003 sine
2259 2942 2692 3023 impedimento
2714 2945 2915 3006 sinere
2944 2945 3118 3006 latius
3140 2943 3530 3019 dill'undizsic,
3551 2964 3745 3026 quan-

1921 3042 2013 3096 τοῦ
2031 3047 2071 3098 C
2096 3029 2171 3092 do
2204 3030 2410 3093 vitium
2443 3033 2502 3093 in
2530 3035 2852 3114 perniciem
2877 3043 2935 3096 et
2955 3036 3396 3115 corruptionem
3410 3033 3744 3096 animarum

2093 3119 2332 3201 accidit,
2359 3140 2633 3184 resecare
2677 3132 2734 3185 et
2754 3123 2966 3185 sistere
2997 3143 3067 3186 ex
3099 3143 3169 3185 eo
3201 3141 3449 3187 nascens
3474 3122 3741 3202 exitium,

2095 3208 2394 3271 laudabile
2429 3211 2606 3272 simul
2633 3219 2690 3274 et
2720 3212 2840 3274 Deo
2873 3222 3190 3292 gratum:et
3221 3221 3283 3273 ut
3312 3232 3346 3274 a
3368 3211 3537 3272 nobis
3567 3211 3748 3272 ratio-

2096 3297 2330 3359 nalibus
2361 3300 2693 3379 pastoribus
2748 3302 2867 3376 ﬁat,
2924 3303 3284 3364 conveniens
3327 3318 3396 3363 ac
3426 3308 3746 3363 consenta-

2100 3386 2602 3459 neum.Quoniam
2634 3391 2813 3470 igitur
2843 3389 3059 3452 Christi
3091 3391 3396 3470 populum,
3419 3409 3593 3471 quem
3617 3390 3748 3470 ipse

2098 3493 2203 3536 suo
2235 3476 2520 3556 sanguiue
2549 3478 2822 3553 redemit,
2860 3489 3122 3541 sanctam
3151 3479 3747 3562 gentem,autiquitus

2097 3562 2337 3643 quidem
2360 3565 2674 3646 disciplina
2697 3567 3030 3629 divinorum
3050 3576 3424 3630 etsacrorum
3448 3569 3753 3649 apostolo-

2092 3667 2252 3726 rum,
2277 3659 2335 3712 et
2365 3657 2462 3733 qui
2496 3672 2598 3717 eos
2629 3657 2816 3718 secuti
2849 3665 3001 3732 sent,
3036 3675 3246 3718 rursus
3277 3665 3619 3719 sanctorum
3644 3657 3750 3719 Pa-

2097 3748 2274 3815 trum,
2310 3742 2477 3802 velut
2504 3745 2821 3823 quamdam
2856 3745 3087 3808 vineam
3116 3770 3137 3812 ι
3160 3744 3374 3806 divinis
3413 3747 3624 3826 sepivit
3654 3747 3745 3809 lev

2091 3827 2674 3906 gibus,saerosancte
2718 3834 2842 3913 jam
2889 3833 3208 3914 plautatam
3240 3851 3273 3894 a
3303 3833 3425 3895 Deo
3457 3835 3655 3896 omnia
3684 3835 3746 3897 in

2093 3917 2406 3978 essentiam
2442 3921 2810 3997 producente
2847 3939 3170 3987 resecanss
3191 3921 3434 3983 omnino
3489 3931 3545 3984 et
3595 3942 3744 4003 pur-

2090 4021 2402 4086 gans,quae
2415 4014 2686 4069 naturam
2707 4009 3487 4086 laedunt,imbecillitates,et
3503 4029 3740 4074 omnem

2090 4092 2346 4181 solutum
2377 4095 2622 4173 gentilis
2652 4097 2783 4159 vitae
2813 4098 3099 4178 impetum
3157 4097 3524 4161 naturalibus
3573 4101 3744 4181 cupi-

2091 4179 2375 4244 ditatibus
2404 4181 2852 4259 inservientem,
2887 4185 3066 4249 veluti
3095 4187 3411 4267 quemdam
3447 4179 3743 4251 ﬂuvialem

2091 4286 2353 4346 cursum,
2375 4270 2708 4335 irruentem
2739 4273 2801 4335 in
2832 4273 3130 4356 primariae
3159 4274 3433 4353 imaginis
3461 4276 3740 4356 injuriam

363 4366 568 4422 ἐθνικοῦ
619 4366 733 4443 βίου
799 4381 920 4431 ταῖς
978 4358 1227 4448 φυσικαῖς
1273 4369 1570 4445 ἐπιθυμίαις
1633 4366 2000 4442 δουλεύουσαν,

2103 4358 2410 4420 refrenavit
2457 4369 2516 4421 et
2568 4365 2978 4443 compescuit:
3016 4371 3230 4444 praeter
3271 4373 3469 4426 autem
3513 4365 3746 4428 divinos

359 4454 594 4534 καθάπερ
651 4456 788 4535 τινὰ,
862 4457 1123 4533 ποτάμιον
1163 4459 1305 4537 ῥοῦν,
1369 4457 1450 4540 ἔφ’
1521 4456 1660 4536 ὕϐρει
1722 4462 1818 4524 τῆς
1851 4457 2012 4536 ἀρχε-

357 4543 527 4599 τύπου
624 4544 824 4608 εἰκόνος
918 4546 1230 4624 φερόμενον,
1330 4547 1632 4627 ἀνεχαίτισε
1727 4547 1813 4601 καὶ
1909 4545 2006 4599 ἀν·-

359 4630 560 4688 ἑστειλε
597 4648 610 4662 ’
655 4635 784 4712 πρὸς
816 4631 869 4689 δὲ
922 4648 1039 4698 τοῖς
1081 4638 1238 4701 θείοις
1283 4637 1487 4716 κανόσι,
1562 4638 1650 4693 καὶ
1703 4635 1858 4710 νόμοι
1902 4655 2006 4690 πο-

356 4718 546 4778 λιτικοὶ
597 4736 716 4784 τοῖς
760 4722 839 4797 μὴ
904 4728 971 4799 τῇ
1041 4721 1275 4797 εὒσεϐείᾳ
1322 4731 1618 4804 στοιχοῦσι,
1682 4723 1886 4801 μακρὰν
1957 4721 2011 4778 δὲ

356 4808 452 4866 τοῦ
519 4807 728 4874 δέοντος
818 4810 1391 4892 ἐκτραχηλιαζομένοις
1426 4813 1481 4895 6,
1568 4812 1829 4889 ὁσημέραι
1912 4811 2011 4878 τὴν

358 4899 633 4978 μάχαιραν
692 4899 977 4957 ἐπισείουσι
1015 4917 1029 4932 ’
1090 4909 1246 4959 τουτο
1301 4903 1470 4983 ἐχρῆν
1526 4905 1587 4959 τὸ
1657 4903 1808 4980 ἅγιον
1868 4897 2010 4962 ἔθνος

355 4986 409 5041 ἰν
484 4991 695 5067 καθαρῷ
748 4995 825 5062 τῷ
896 4987 1149 5045 συνειδότι
1243 4991 1408 5066 βιοῦν,
1488 4993 1574 5048 καὶ
1653 4987 1817 5066 μηδὲν
1902 4992 2007 5044 τῶν

359 5075 728 5156 ἀπειρημένων
800 5076 1167 5156 ἐπεισάγεσθαι
1223 5081 1414 5154 τούτῳ,
1497 5083 1584 5137 καὶ
1646 5082 1735 5134 τὸν
1805 5077 2006 5151 ἡμέτε-

359 5186 448 5243 ρον
506 5166 616 5242 βίον
673 5165 1015 5225 καταθολοῦν.
1081 5174 1228 5224 Θεῖοι
1307 5170 1405 5244 μὲν
1475 5170 1575 5248 γὰρ
1649 5169 1864 5230 κανόνες
1923 5167 2009 5222 καὶ

361 5254 520 5328 νόμοι
571 5253 834 5311 πολιτικοὶ
901 5257 1014 5332 βίον
1070 5260 1422 5333 πνευματικὸν
1478 5260 1565 5315 καὶ
1637 5255 1740 5325 ἤδη
1795 5255 2011 5336 χρηστὰ

2092 4464 2375 4528 canones,
2409 4457 2468 4511 et
2509 4450 2715 4512 civiles
2744 4453 2906 4530 leges
2955 4453 3016 4514 in
3061 4471 3165 4514 eos
3216 4453 3317 4534 qui
3360 4455 3577 4535 pietate
3625 4474 3744 4518 non

2091 4535 2306 4625 imbuti
2334 4539 2608 4619 sunt,sed
2643 4543 2846 4621 procul
2878 4541 2952 4603 ab
2985 4560 3054 4604 eo
3078 4542 3234 4623 quod
3258 4542 3430 4604 decet
3460 4544 3737 4625 praecipi-

2093 4623 2221 4698 tati,
2255 4624 2517 4703 gladium
2549 4629 2815 4707 quotidie
2869 4629 3104 4690 vibrant
3137 4647 3150 4692 :
3188 4629 3275 4690 sic
3305 4623 3613 4710 oportebat
3643 4623 3744 4694 ea-

2095 4730 2254 4773 cram
2280 4723 2517 4790 gentem
2551 4715 2610 4776 in
2645 4735 2792 4796 pura
2822 4717 3186 4779 conscientia
3211 4717 3449 4797 degere.
3486 4729 3544 4780 et
3593 4721 3742 4782 nihil

2094 4818 2298 4862 eorum
2332 4821 2463 4883 quae
2511 4805 2806 4884 prohibita
2859 4817 2999 4867 sunt
3045 4805 3184 4866 huic
3241 4809 3738 4888 superinducere,

2091 4889 2389 4970 vitamque
2423 4901 2684 4955 nostram
2709 4894 3288 4957 conturbare.Divini
3309 4896 3467 4957 enim
3482 4917 3743 4960 canones

2093 4979 2536 5058 etcivilesleges
2555 4985 2929 5063 asperitatem
2951 4984 3225 5045 humanae
3242 4996 3465 5047 natura;
3486 4987 3745 5066 compla-

2094 5069 2663 5150 nantes,spiritalem
2690 5073 2863 5134 vitam
2890 5073 3196 5153 bonosque
3222 5092 3419 5136 mores
3445 5077 3742 5137 mentibus

2093 5158 2313 5221 nostris
2345 5159 2687 5224 ﬁrmissime
2718 5162 3105 5244 imprimunt:
3137 5170 3198 5222 ut
3232 5163 3363 5224 sine
3395 5163 3521 5225 vitae
3548 5166 3742 5227 olIen-

2093 5248 2291 5313 diculo
2322 5248 2752 5330 rempublicam
2787 5250 3026 5316 nomine
3045 5250 3280 5332 dignam
3299 5253 3744 5337 omnitempore

1674 5426 2411 5512 VARllExLECTIONES.

432 5596 454 5639 ί
530 5597 732 5660 πολλοῦ
762 5599 904 5667 ἄξιος
934 5601 1151 5668 πόλεσι,
1236 5603 1263 5646 3
1295 5605 1618 5681 νοσήματος.
1700 5605 1735 5656 3
1765 5605 2014 5670 ἀντέστη.

435 5749 456 5781 e
485 5751 567 5794 ac
597 5738 830 5814 magna"
858 5737 1223 5800 civitatibus
1251 5740 1703 5803 .v'sti'mandus.

1792 5741 1811 5783 τ
1834 5740 2101 5801 divinus
2119 5739 2412 5821 undique
2437 5741 2687 5821 sopivit.

2107 5598 2140 5649 4
2166 5599 2347 5675 νόμοις
2377 5601 2649 5663 πάντοθεν.
2761 5602 2794 5652 5
2820 5603 3012 5666 πάντα,
3113 5601 3147 5652 6
3175 5602 3735 5684 ἰκτραχηλιζομένοις,

2775 5755 2801 5794 3
2833 5760 3131 5804 reuocans
3158 5760 3258 5802 0m
3271 5760 3401 5815 nos,
