4106 6424
473 399 592 465 747
1858 399 1991 464 JUS
2031 396 2478 463 CANONICUM
3744 391 3872 458 748

471 532 664 612 legem
699 552 936 598 omnem
967 534 1089 597 ﬁlia
1113 533 1369 597 familias
1396 534 1557 598 Petri
1608 541 1821 616 praeter
1851 532 1984 612 ejus
2013 549 2143 592 vo-.

2242 534 2294 588 οὗ
2342 533 2538 612 Πέτρου
2595 533 2828 612 Θυγάτηρ
2857 533 2986 612 ὑπὲρ
3031 535 3120 590 τὸν
3177 533 3412 590 εἰκοστὸν
3456 531 3698 606 πέμπτον
3725 529 3866 592 ἴσως

460 620 758 685 'luntatem
812 625 1114 706 nupserit;
1173 643 1291 686 non
1351 625 1546 687 solum
1613 625 1964 703 conjunctos
2022 638 2128 701 per

2242 624 2443 702 γεγόνει
2489 623 2725 680 ἐνιαυτόν
2761 643 2775 657 °
2837 625 2956 680 τότε
3015 624 3114 702 γὰρ
3175 623 3227 678 εἴ
3256 645 3304 678 τι
3339 626 3423 680 καὶ
3452 623 3593 700 παρὰ
3641 619 3870 699 γνώμην

473 719 635 772 tuam
669 713 1078 776 celebritatem
1113 714 1371 794 disjungi
1399 723 1652 795 oportet,
1681 712 1784 775 sed
1817 719 1874 773 et
1895 711 2126 791 eos,qui

2242 714 2300 768 οὗ
2324 713 2521 791 πατρὸς
2562 713 2873 779 πεποίηκεν,
2922 717 2982 770 οὔ
3041 713 3503 786 κατακριθήσεται.
3568 711 3626 766 Εἰ
3684 706 3868 784 μέντοι

471 799 756 862 auxilium
789 804 859 864 ad
895 802 954 864 id
989 803 1277 884 tulerunt,
1311 804 1529 883 corrigi
1565 823 1578 866 :
1613 811 1670 864 et
1728 799 2120 876 sacerdotem,

2242 798 2375 867 ,ηδὲν
2432 804 2666 859 τοιοῦτον
2721 798 2936 880 συνέϐη,
3011 799 3144 856 ἀλλὰ
3199 802 3340 878 παρὰ
3383 801 3553 856 πάντα
3611 799 3772 873 νόμον
3831 797 3869 864 ἡ

471 889 573 971 qui
603 907 830 953 sacram
883 893 1286 973 precationem
1340 893 1536 954 facere
1586 910 1763 953 ausus
1820 887 2018 963 fuerit,
2053 890 2126 950 ad

2242 889 2482 955 πεξουσία
2523 893 2616 947 τοῦ
2674 894 2871 970 Πέτρου
2932 891 3164 969 θυγάτηρ
3234 890 3375 969 παρὰ
3430 890 3651 966 γνώμην
3711 887 3874 944 αὐτοῦ

469 978 587 1043 1οοί
613 981 959 1062 episcopum
988 981 1233 1060 remitti,
1267 980 1475 1061 dignas
1497 981 1758 1044 audaciae
1779 1001 1983 1062 poenas
2008 979 2122 1040 lui-

2242 981 2470 1060 γήματο,
2505 983 2564 1037 οὗ
2594 980 2753 1055 μόνον
2800 981 2921 1043 τοὺς
2980 979 3327 1059 συναφθέντας
3372 977 3678 1056 διαζυγῆναι
3751 975 3870 1055 χρὴ

472 1079 700 1137 turum.
758 1069 926 1144 Quod
959 1069 1008 1130 si
1039 1087 1135 1131 res
1181 1070 1358 1131 etiam
1409 1070 1624 1151 aliquae
1675 1074 1760 1148 (ut
1812 1070 2129 1152 praedictus

2242 1070 2351 1147 παρὰ
2379 1075 2476 1137 τῆς
2523 1069 2756 1133 εὐκλείας
2787 1091 2901 1148 σου,
2937 1067 3071 1124 ἄλλα
3102 1071 3188 1125 καὶ
3244 1070 3365 1132 τοὺς
3425 1069 3496 1133 εἰς
3524 1068 3677 1124 τοῦτο
3735 1087 3867 1123 συν-

469 1163 724 1225 asseruit
755 1160 990 1230 Petrus)
1024 1157 1206 1238 ipsius
1237 1158 1415 1220 domo
1445 1160 1744 1221 translatae
1772 1168 1911 1221 sunt
1932 1159 2004 1222 ad
2027 1158 2129 1218 do-

2242 1158 2498 1236 ρσμένους
2532 1160 2859 1232 εὖθυνθῆναι,
2903 1159 3110 1213 καὶτὸν
3167 1158 3267 1225 τὴν
3323 1156 3616 1235 ἱερολογίαν
3649 1153 3868 1228 τολμη-

473 1268 635 1313 mum
671 1251 801 1331 ejus
829 1247 926 1310 cui
950 1246 1071 1308 ﬁlia
1093 1246 1316 1328 nupsit;
1340 1265 1439 1310 eas
1487 1248 1701 1328 recipi,
1730 1249 1908 1329 eique
1955 1245 2129 1308 resti-

2247 1269 2374 1303 αντα
2403 1247 2542 1325 ἱερέα
2574 1255 2651 1322 τῷ
2700 1248 2836 1304 κατὰ
2883 1250 2974 1302 τὸν
3019 1246 3178 1303 τόπον
3236 1245 3512 1320 ἐπισκόπῳ
3567 1265 3864 1323 παραπεμ-

473 1339 587 1403 tui.
619 1337 921 1418 Exigenda
966 1344 1162 1397 autem
1197 1343 1287 1396 est
1316 1337 1492 1398 etiam
1515 1337 1684 1417 juxta
1732 1345 2000 1398 tenorem
2035 1335 2128 1396 le-

2242 1339 2426 1415 ιθῆναι,
2457 1334 2601 1399 δίκας
2632 1338 2724 1392 τοῦ
2780 1337 3126 1411 τολμήματος
3183 1336 3276 1398 τὰς
3337 1334 3478 1400 ἀξίας
3530 1332 3866 1409 ληψόμενον.

473 1447 609 1508 gum
643 1426 833 1508 stupri
867 1442 1061 1506 paena,
1090 1433 1148 1485 et
1173 1425 1323 1505 parti
1355 1429 1503 1504 ejus,
1541 1444 1672 1507 quae
1699 1433 1975 1506 corrupta
2008 1431 2120 1494 est,

2242 1427 2270 1481 ζί
2299 1423 2354 1480 δὲ
2385 1425 2473 1480 καί
2514 1448 2630 1481 τινα
2673 1425 2964 1504 πράγματα
3009 1425 3100 1502 (ὡς
3133 1426 3159 1480 6
3210 1421 3460 1490 δηλωθεὶς
3506 1422 3607 1504 ἔφη
3667 1421 3871 1500 Πέτρος

472 1518 828 1599 praestanda.
864 1517 992 1578 Dat.
1023 1531 1228 1576 mense
1259 1514 1473 1595 Aprili,
1504 1515 1912 1579 indictione...
1967 1531 2122 1576 anno

2243 1517 2314 1570 πὸ
2352 1521 2452 1583 τῆς
2501 1518 2664 1579 οἰκίας
2714 1518 2871 1575 αὒτοῦ
2913 1516 3042 1594 πρὸς
3096 1516 3195 1582 τὴν
3237 1522 3328 1571 τοῦ
3385 1513 3730 1594 συναφθέντος

473 1621 654 1671 νιαιο.
685 1623 762 1669 10.
795 1621 951 1666 XLVI.
2205 1606 2416 1684 θυγατρὶ
2455 1607 2614 1664 αὐτοῦ
2661 1605 2824 1662 οἰκίαν
2883 1603 3319 1684 μετηνέχθησαν,
3362 1604 3587 1660 κάκεῖνα
3657 1599 3872 1668 ἀναλη-

471 1695 660 1777 φθῆναι
689 1696 778 1753 καὶ
805 1695 1240 1760 ἀποκαταστῆναι
1283 1697 1448 1768 αὐτῷ.
1485 1701 1584 1750 Δεῖ
1623 1691 1676 1748 δὲ
1725 1695 1811 1748 καὶ
1854 1692 1980 1771 ὑπὲρ
2035 1696 2134 1761 τῆς
2191 1696 2382 1772 φθορᾶς
2438 1694 2728 1769 πρόστιμον
2782 1693 3137 1760 ἀπαιτηθῆναι
3193 1695 3328 1749 κατὰ
3369 1693 3470 1760 τὴν
3525 1697 3655 1777 τῶν.
3689 1690 3871 1766 νόμων

1858 399 1991 464 JUS
2031 396 2478 463 CANONICUM

471 1769 778 1862 περίληψιν,
824 1785 910 1839 καὶ
952 1790 1030 1858 τῷ
1059 1789 1156 1850 τῆς
1189 1781 1469 1861 φθαρείσης
1515 1781 1660 1861 μέρει
1683 1769 2111 1861 παρασχεθῆναι.
2146 1769 2634 1862 Μηνὶ”Απρι),λίῳ,
2678 1783 3173 1858 ἐπινεμήσεως.....
3209 1781 3352 1845 ἔτους
3365 1829 3382 1858 ,
3410 1769 3676 1872 ,ςφηςζ

1001 1882 1412 1948 MICHAELIS
1443 1886 1627 1963 (6-1).
2151 1892 2191 1942 Β

473 1972 860 2056 Exemplum
891 1974 1067 2037 edita:
1096 1974 1408 2055 synodalia
1457 1977 1788 2056 sementim,
1839 1976 1970 2056 sub,
1999 1977 2122 2038 Μί-

555 2054 760 2136 ςΙιαέιε
797 2054 1176 2118 sanctissimo
1206 2063 1266 2118 et
1294 2055 1638 2118 universali
1678 2055 2057 2136 patriarcha,
2089 2073 2126 2117 a

560 2133 781 2217 Hiceta
847 2136 1234 2217 santissimo_
1268 2133 1709 2217 protosynceuo
1768 2143 1829 2199 et
1875 2135 2125 2199 charta-

596 2214 811 2298 ltylace
845 2233 1081 2298 magna:
1115 2215 1399 2298 ecclesia,
1431 2214 1594 2278 anno
1627 2217 1808 2296 6565,
1843 2235 1875 2275 ν
1904 2217 2123 2278 indict.

611 2298 644 2356 δ
671 2301 903 2376 nuptiae
932 2298 1087 2376 ﬁant
1115 2301 1372 2375 septimo
1399 2298 1621 2379 gradu.

559 2565 860 2642 Retulisti,
897 2567 1294 2644 sanctissime,
1328 2569 1401 2630 ad
1454 2576 1718 2630 nostram
1753 2566 2133 2630 mediocrita-

478 2661 622 2730 tem,
665 2673 799 2716 cum
856 2657 1097 2737 quidam
1150 2657 1410 2720 sobrinis
1457 2657 1598 2729 nati,
1649 2658 1883 2739 nuptias
1929 2674 2137 2718 secum

485 2742 745 2806 invicem
776 2745 1022 2826 inirent,
1058 2754 1115 2808 te
1139 2745 1200 2808 in
1235 2747 1511 2827 praesenti
1537 2766 1637 2809 eas
1671 2746 2140 2827 prohibuisse-,et

485 2832 771 2915 quaesiisti
789 2852 900 2912 per
923 2835 1149 2898 litteras
1160 2854 1356 2898 annon
1381 2846 1648 2917 Oporteat
1668 2855 1771 2898 eos
1791 2835 2132 2916 prohibere,

480 2923 585 2985 sed
609 2923 948 3003 permittere
963 2926 1210 3006 ulterius
1227 2925 1694 3007 progredi.Nosti
1709 2944 1846 2988 vero
1870 2924 2134 3005 piissime

482 3011 682 3092 qualia
709 3012 784 3073 de
816 3013 1038 3094 nuptiis
1080 3015 1494 3094 Iegumlatores
1539 3016 1925 3079 sanciverint.
1956 3013 2139 3076 Aiunt

483 3098 1234 3166 enim.Interascendentes
1248 3104 2136 3167 etdescendentesininﬁnitum

2889 1891 3192 1947 ΜΙΧΑΗΑ.

2215 1995 2236 2027 ε
2305 1962 2458 2054 ’ἶσον
2513 1979 2612 2042 τῆς
2678 1975 2974 2040 ἐκτεθείσης
3029 1972 3307 2042 συνοδικῆς
3369 1975 3550 2054 ψήφου
3604 1972 3696 2030 ἒπῖ
3760 1980 3872 2029 Μι-

2289 2053 2438 2134 χαὴλ
2533 2063 2626 2112 τοῦ
2713 2054 3007 2133 ἀγιωτάτου
3081 2055 3168 2110 καὶ
3238 2053 3602 2129 οἰκουμενικοῦ
3672 2077 3871 2133 πατρι-

2291 2136 2462 2213 ἀρχου
2543 2135 2688 2214 παρὰ
2773 2135 2977 2204 Νικήτα
3083 2140 3176 2214 τοῦ
3279 2135 3570 2191 ὁσιωτάτου
3654 2157 3874 2214 πρωτο-

2294 2213 2633 2292 συγκέλλουν
2691 2217 2778 2272 καὶ
2901 2213 3304 2294 χαρτοφύλακος
3417 2221 3514 2282 τῆς
3627 2213 3872 2294 μεγάλης

2293 2284 2598 2366 ἐκκλησίας,
2633 2297 2768 2350 κατᾶ
2799 2296 2881 2366 τὸ,
2905 2284 3137 2374 φεῖ
3164 2295 3228 2345 50
3277 2295 3416 2374 ἔτος,
3473 2317 3569 2363 της
3615 2284 3662 2350 ξ’
3688 2284 3873 2374 {mve-

2296 2376 2532 2447 μήσεως,
2588 2365 2727 2454 Περὶ
2795 2365 2886 2432 τοῦ
2940 2365 3049 2450 ’μὴ’
3110 2374 3339 2452 γίνεσθαι
3401 2365 3583 2453 ’γάμον
3645 2373 3873 2451 ἑϐδόμου

2297 2455 2519 2530 βαθμοῦ.
2572 2479 2594 2506 »ι

2297 2569 2644 2650 Ἀνηνεγκας,
2677 2569 2922 2649 ἱερώτατε
2945 2570 3031 2652 51,
3078 2573 3205 2650 πρὸς
3235 2571 3334 2638 τὴν
3366 2571 3629 2651 ἡμετέραν
3661 2573 3872 2652 μετριό-

2218 2681 2377 2732 τητα,
2437 2661 2510 2722 ὡς
2583 2658 2884 2732 μελλόντων
2943 2667 3100 2715 τινῶν
3141 2658 3555 2740 τρισεξαδέλφων
3603 2663 3734 2741 πρὸς
3781 2663 3878 2740 γά-

2223 2772 2322 2826 μου
2364 2750 2638 2804 κοινωνίαν
2680 2747 2934 2819 ἀλλήλοις
2979 2751 3343 2829 συνέρχεσθαι,
3407 2749 3535 2828 πρός
3579 2772 3640 2830 γε
3672 2753 3732 2807 τὸ
3762 2774 3874 2808 πα-

2219 2841 2306 2918 ρὸν
2363 2836 2630 2902 ἐκώλυσας
2669 2839 2758 2894 τὸν
2816 2839 2986 2916 γάμον
3043 2840 3197 2902 αὒτός
3227 2857 3240 2872 ³
3305 2839 3391 2894 καὶ
3460 2841 3724 2909 ἐζήτησας
3791 2838 3876 2897 διὰ

2219 2928 2544 3007 γραμμάτων
2589 2929 2632 2983 εὶ
2677 2925 2789 2982 δέον
2836 2929 2957 2988 τοὺς
2990 2928 3256 2992 τοιούτους
3287 2929 3393 2984 τῶν
3435 2929 3620 3006 γάμων
3654 2929 3730 3004 μὴ
3758 2952 3874 2985 κω-

2218 3016 2384 3096 λύειν,
2420 3013 2538 3071 ἀλλ’
2594 3015 2898 3094 ἐπιτρέπειν
2955 3014 3276 3094 προϐαίνειν,
3340 3019 3439 3075 Καὶ
3510 3017 3721 3081 πάντως
3779 3020 3876 3076 οἶ-

2221 3108 2338 3176 σθα,
2371 3104 2760 3184 θεοφιλέστατε,
2809 3108 2900 3160 οἷα
2949 3106 3064 3184 περὶ
3105 3105 3212 3160 τῶν
3269 3106 3454 3183 γέμων
3497 3109 3542 3162 οἱ
3599 3107 3875 3182 νομοθέται

487 3189 709 3271 nuptiae
740 3191 1157 3271 prohibentur,
1181 3193 1339 3257 inter
1360 3213 1462 3256 eos
1483 3204 1680 3255 autem
1706 3192 1806 3274 qui
1827 3203 1966 3256 sunt
1997 3212 2031 3254 a
2061 3193 2140 3254 la-

2242 3195 2540 3264 lSO’ﬁiCOUGt.
2575 3195 2712 3250 Φασὶ
2743 3193 2841 3272 γοίρ
2879 3215 2888 3226 ·
2927 3191 3045 3251 Ἐπὶ
3075 3201 3181 3250 τῶν
3225 3194 3485 3251 ἀνιόντων
3527 3196 3616 3251 καὶ
3658 3196 3876 3253 κατιόν-

489 3284 734 3352 tere,est
761 3279 1030 3360 quaedam
1065 3282 1409 3360 prohibitio.
1446 3284 1591 3355 Vox,
1631 3283 2142 3362 Quaedam,oppo-

486 3366 599 3428 sita
627 3366 874 3446 ei,quod
907 3377 997 3431 est
1029 3370 1090 3431 in
1120 3370 1439 3446 inﬁnitum,
1469 3372 1883 3452 particularem
1915 3370 2146 3432 inducit

489 3453 972 3536 prohibitionem.
1034 3459 1221 3542 quue
1276 3462 1656 3523 manifestum
1684 3463 1760 3522 sit
1806 3479 1875 3522 ex
1911 3459 1983 3521 iis
2013 3478 2146 3540 qua:

485 3561 694 3606 rursus
719 3544 880 3624 leges
906 3547 1131 3624 dicunt,
1187 3549 1410 3628 nuptiis
1439 3549 1720 3630 conjungi
1753 3549 2148 3630 prohibentur

486 3631 1166 3709 fratres,consobrini.et
1192 3639 1294 3720 qui
1322 3659 1390 3700 ex
1420 3640 1495 3701 iis
1525 3640 1647 3700 nali
1681 3638 2143 3710 duntaxat.Quid

488 3723 600 3784 hac
646 3723 778 3803 lege
823 3725 1040 3788 clarius
1092 3729 1317 3807 requiri
1352 3728 1591 3809 potest?
1643 3729 1811 3791 nihil.
1874 3727 2144 3800 Quonam

487 3813 666 3874 modo
699 3813 1008 3877 conabitur
1037 3817 1330 3898 quispiam
1369 3818 1830 3899 prohibitionem
1862 3825 1963 3879 aut
2003 3836 2142 3898 pcr-

487 3900 835 3964 missionem
867 3904 1045 3966 aliam
1101 3908 1296 3969 facere
1338 3926 1517 3986 supra
1567 3925 1696 3968 eam
1758 3925 1888 3987 qua:
1921 3907 2147 3968 sancita

488 3994 618 4053 est?
648 3988 711 4053 Si
742 3991 919 4072 igitur
949 3996 1275 4058 terminum
1335 3995 1757 4077 prohibitionis
1815 4015 1883 4057 ex
1937 3997 2144 4057 eadem

490 4080 842 4157 cognatione
875 4085 1214 4162 nuptiarum
1259 4085 1572 4160 le.-islator
1608 4084 1734 4145 ﬁxit
1761 4084 1832 4144 ad
1875 4085 2147 4147 sobrinos

489 4179 769 4250 usque,et
789 4190 921 4250 quae
950 4173 1042 4234 his
1072 4173 1354 4235 ulteriora
1386 4184 1521 4234 sunt
1553 4173 1860 4235 indeﬁmta
1882 4173 2146 4254 reliquit,

490 4276 668 4319 nemo
695 4267 787 4321 est
814 4260 913 4340 qui
941 4262 1272 4342 legitimum
1335 4263 1652 4324 terminum
1704 4263 1908 4341 egredi
1940 4264 2144 4343 possit.

494 4346 874 4410 Contrarium
902 4351 1062 4410 enim
1097 4351 1581 4415 constituit.Audi
1612 4352 1788 4412 etiam
1821 4352 2150 4432 expressim

495 4435 937 4516 permittentem
971 4440 1206 4520 nuptias
1239 4451 1507 4502 natorum
1542 4457 1611 4500 ex
1636 4440 1892 4501 sobrinis
1922 4438 2146 4513 Haeres,

494 4523 711 4605 inquit,
743 4525 969 4608 scripta
999 4529 1108 4590 sub
1137 4530 1558 4611 conditione,si
1587 4531 1898 4612 pronepoti
1934 4547 2150 4610 propa-

497 4618 642 4688 trui,
676 4619 1134 4695 proavunculive
1166 4620 1476 4700 pronepoti
1510 4620 1778 4700 nupserit
1818 4646 1867 4699 ν,
1911 4617 2155 4700 impleat

497 4703 927 4768 conditionem.
964 4707 1092 4770 Non
1123 4709 1280 4770 enim
1315 4717 1524 4790 turpes
1554 4719 1695 4789 sunt
1726 4709 1969 4790 nuptize.

580 4791 731 4866 Quid
763 4793 888 4858 ita?
920 4796 1058 4878 quia
1083 4805 1216 4860 octo
1263 4799 1544 4877 gradibus
1591 4807 1961 4880 separantur.
2026 4797 2154 4861 Etsi

513 4881 664 4946 [nim
697 4884 969 4946 eamdem
1001 4887 1262 4949 radicem
1299 4887 1578 4968 idemque
1607 4887 2158 4963 genuslcommuni-

502 4979 641 5033 cent
659 4971 1037 5036 sobrinorum
1057 4975 1184 5048 ﬁlii;
1209 4976 1498 5055 graduum
1525 4985 1721 5038 tamen
1750 4977 2155 5056 intervallum,

503 5069 562 5120 ct
584 5060 938 5139 legislatoris
965 5065 1166 5138 verba,
1201 5065 1271 5125 ad
1297 5064 1580 5126 unionem
1616 5083 1820 5127 rursus
1847 5066 2156 5143 cognatio-

506 5165 647 5210 nem
677 5152 1199 5229 vocant,connubii
1237 5154 1374 5233 jure
1405 5173 1712 5218 concesso.
1751 5158 1967 5218 Sextus
1997 5155 2157 5216 enim

2225 3306 2329 3339 των
2374 3284 2446 3346 εἷς
2504 3283 2793 3348 ἀπέραντον
2826 3284 2854 3338 6
2901 3283 3072 3362 γάμος
3104 3281 3428 3353 κεκώλυται,
3475 3283 3561 3340 ἐπὶ
3602 3281 3657 3340 δὲ
3685 3292 3790 3342 τῶν
3820 3286 3881 3344 ἐκ

2225 3371 2451 3451 πλαγίου
2493 3373 2603 3427 ἔστί
2631 3392 2710 3434 τις
2757 3370 3003 3436 κώλυσις.
3053 3373 3124 3429 Τὸ
3166 3374 3288 3449 γοῦν
3329 3374 3407 3437 τὶς
3438 3373 3606 3450 ῥῆμα,
3639 3373 3880 3430 ἀντιδια-

2226 3460 2578 3536 στελλόμενον
2608 3463 2737 3540 πρὸς
2767 3464 2828 3516 τὸ
2860 3461 3174 3542 ἀπέραντον,
3228 3462 3452 3541 μερικὴν
3511 3463 3707 3542 εἰσάγει
3766 3465 3884 3522 κώ-

2227 3550 2372 3606 λυσιν
2407 3568 2424 3585 ⁸
2459 3552 2545 3606 καὶ
2573 3561 2726 3608 τοῦτο
2760 3547 2919 3616 δῆλον
2963 3549 3014 3616 ἐξ
3044 3553 3116 3608 ὧν
3147 3552 3235 3607 καὶ
3267 3552 3414 3616 αὖθις
3443 3555 3490 3608 οἱ
3522 3554 3674 3628 νόμοι
3705 3556 3829 3632 φασί
3861 3571 3878 3586 °

2227 3639 2525 3696 κωλύονται·
2563 3642 2693 3718 πρὸς
2738 3640 2913 3717 γάμου
2960 3642 3236 3696 κοινωνίαν
3295 3638 3529 3722 ἀδελφοὶ,
3589 3640 3881 3724 ἐξάδελφοι,

2228 3732 2314 3786 καὶ
2357 3731 2403 3784 οἱ
2433 3728 2486 3793 ἒξ
2524 3732 2691 3787 αὐτῶν
2723 3729 3024 3804 τικτόμενοι
3078 3729 3264 3804 μόνον.
3311 3732 3370 3787 Τί
3411 3732 3596 3788 τούτου
3637 3742 3729 3790 τοῦ
3789 3735 3882 3789 νό-

2230 3841 2331 3894 μου
2363 3818 2679 3898 σαφέστερον
2709 3818 2958 3888 ζητήσειέ
2987 3841 3066 3882 τις
3103 3838 3119 3898 ς
3176 3817 3354 3879 Οὒδέν.
3393 3822 3490 3878 Καὶ
3532 3821 3647 3883 πῶς
3694 3820 3756 3877 ἄν
3805 3845 3882 3887 τις

2230 3908 2591 3987 ἐπιχειρήσειε
2639 3907 2866 3963 κώλυσιν
2923 3908 2958 3974 ἢ
3015 3907 3197 3990 ἄφεσιν
3239 3910 3419 3990 ἑτέραν
3469 3911 3598 3990 ὑπὲρ
3639 3911 3740 3979 τήν
3795 3935 3886 3969 τε-

2228 3997 2584 4071 θεσπισμένην
2611 3998 2932 4066 ποιήσασθαι
2969 4017 2984 4078 ;
3047 4000 3104 4055 Εἰ
3160 3999 3282 4076 γοῦν
3316 4000 3404 4054 τὸν
3436 3997 3554 4078 ὅρον
3615 4001 3713 4067 τῆς
3769 4024 3885 4057 κω-

2230 4085 2428 4148 λύσεως
2459 4092 2564 4142 τῶν
2596 4085 2656 4141 ἐκ
2705 4093 2796 4141 τοῦ
2854 4087 3014 4144 αὒτού
3068 4086 3248 4164 γένους
3293 4089 3480 4166 γάμων
3527 4091 3554 4145 ὁ
3597 4090 3887 4165 νομοθέτης

2231 4176 2392 4254 μέχρι
2437 4180 2543 4230 τῶν
2595 4173 2975 4256 δισεξαδέλφων
3009 4174 3264 4246 ἐπήξατο.
3327 4178 3413 4232 καὶ
3469 4179 3534 4234 τὰ
3576 4177 3889 4258 ποῤῥωτέρω

2230 4266 2428 4322 τούτων
2473 4264 2673 4344 ἆφῆκεν
2716 4264 3073 4344 ἀπεριόριστα,
3136 4265 3294 4332 οὒδείς
3325 4266 3465 4322 ἐστιν
3495 4271 3523 4324 6
3551 4269 3641 4323 τὸν
3670 4272 3886 4344 νομικὸν

2233 4353 2350 4432 ὅρον
2394 4351 2680 4432 ὑπερϐῆναι
2724 4351 3028 4427 δυνάμενος.
3098 4353 3523 4431 Ἀντινομοθετεῐ
3592 4358 3710 4436 γάρ.
3790 4362 3886 4416 Καὶ

2236 4442 2391 4499 ἄκουε
2424 4444 2513 4498 τὸν
2545 4447 2648 4498 τῶν
2707 4441 3119 4524 τρισεξαδέλιρων
3166 4442 3446 4523 διαρρήδην
3477 4444 3886 4523 ἐπιτρεπόμενον

2236 4532 2428 4610 γάμον.
2467 4521 2528 4587 Ἠ
2559 4545 2822 4618 γραφεῖσα
2856 4521 3032 4612 (φησὶ)
3076 4534 3175 4590 ὑπὲ
3209 4521 3408 4612 α’ίρεσιν
3437 4532 3498 4583 5⁸
3525 4521 3880 4618 κληρονόμος,

2237 4620 2326 4674 ἐὰν
2355 4626 2430 4693 τῷ
2458 4617 2840 4699 τρισεξαδέλφῳ
2892 4625 3130 4700 γαμηθῇ,
3192 4621 3474 4702 πληρούτω
3531 4623 3630 4690 τὴν
3660 4617 3884 4703 αἵρεσιν,

2237 4709 2309 4766 Οὔ
2342 4710 2441 4787 γὰρ
2470 4709 2690 4787 αἰσχρός
2729 4710 2869 4765 ἐστιν
2899 4713 2926 4766 6
2953 4713 3147 4788 γάμος.

2321 4800 2418 4855 Διὰ
2446 4797 2495 4852 τί
2529 4816 2545 4876 ;
2583 4792 2713 4856 "Oti
2745 4799 3144 4880 ἆπεσχοίνισται
3201 4803 3330 4880 πρὸς
3358 4803 3449 4860 τὸν
3480 4800 3664 4881 ὂίγδοον
3693 4804 3890 4880 βαθμὸν

2239 4890 2266 4943 ὁ
2306 4888 2501 4964 γάμος.
2565 4892 2620 4946 Εἰ
2661 4891 2760 4970 γὰρ
2814 4891 2902 4945 καὶ
2952 4895 3049 4956 τῆς
3095 4890 3256 4958 αὐτῆς
3308 4891 3452 4968 ῥίζῆς
3482 4892 3697 4960 καὶτῆς
3731 4895 3888 4960 αεῖιτῆς

2239 4982 2401 5056 γονῆς
2447 4981 2892 5050 κεκοινωνήκασιν
2964 4980 3009 5035 οἱ
3066 4985 3170 5036 τῶν
3241 4977 3620 5062 δισεξαδέλφων
3677 4981 3887 5065 πανδες,

2242 5063 2360 5122 ἀλλ’
2401 5067 2572 5134 ἡτῶν
2618 5069 2833 5144 βαθμῶν
2893 5067 3152 5148 ἐπίτασις,
3209 5071 3296 5125 καὶ
3351 5071 3386 5136 ἡ
3459 5077 3552 5126 τοῦ
3611 5063 3891 5148 νομοθέτου

2243 5157 2397 5238 φωνῦ⁸
2434 5159 2558 5236 πρὸς
2614 5159 2800 5217 ἕνωσιν
2856 5163 2943 5216 καὶ
2987 5159 3130 5224 αὖθις
3173 5161 3239 5216 τὰ
3287 5159 3418 5237 γένη
3450 5159 3636 5239 καλεῖ,
3669 5184 3890 5242 συγχω-

1840 5331 2092 5397 νΑΒΙλΕ
2120 5337 2559 5403 LECTIONES.

585 5449 651 5502 80
692 5449 768 5513 al.
805 5458 856 5523 ζ.
941 5451 998 5503 5i
1033 5455 1060 5509 6
1101 5453 1408 5533 ἱερώτατος,
1493 5453 1558 5508 52
1586 5454 1917 5536 κληρονόμος
1946 5455 2048 5513 ὕπὸ
2078 5458 2306 5540 αἵρεσιν,
2335 5461 2435 5528 την
2465 5459 2554 5516 ἐὰν
2579 5465 2677 5534 τῷ.

586 5565 611 5598 '
632 5561 690 5618 si
714 5555 1103 5637 sobriniﬁlio
1129 5562 1427 5643 nupserit,
1514 5565 1545 5598 κ
1572 5577 1800 5627 semen.

2081 5669 2326 5734 NOTAE.

2081 5669 2128 5732 N
2231 5669 2326 5734 1E.

597 5773 742 5862 (ﬁ-l)
774 5773 1117 5840 Cerularius
1147 5781 1245 5842 hic
1274 5779 1468 5844 dictus
1488 5780 1617 5857 fuit,
1652 5787 1711 5842 et
1741 5776 1851 5840 sub
1903 5667 2311 5858 Monomgcrbo,
2367 5777 2706 5854 Theodore,
2754 5776 3049 5840 Michaele
3098 5775 3400 5842 Comneno
3433 5785 3647 5862 primo,
3683 5776 3886 5859 Atigg.,

511 5855 676 5920 vixit.
