4106 6418
198 439 324 512 753
1570 433 1848 511 GRMO'

1933 437 2253 510 DMANUM
3480 442 3600 518 ’184

194 567 309 632 τῶν
339 570 390 640 ἐξ
437 570 751 654 ἀγχιστείας
809 596 931 640 τους
989 597 1081 632 του
1136 575 1290 632 ἕκτου
1343 561 1690 653 μιγνυμένους
1760 575 1848 654 βα-

1943 593 2006 636 se
2036 576 2418 656 impudenter
2444 594 2470 639 d
2499 569 2666 640 sexto
2695 569 2879 656 gradu
2910 579 3213 644 afﬁnitatis
3244 582 3599 649 miscerent.

414 665 504 721 καὶ
573 663 950 740 ἀνεπιτίμητον
1016 663 1076 720 ’ὃν
1119 662 1371 747 ἀδελφοὺς
1427 661 1515 720 δύο
1571 662 1711 723 δυσὶν
1770 664 1848 731 ἐξ·

1943 673 2000 727 et
2030 675 2193 727 extra
2224 658 2753 746 reprehensionem
2813 685 2945 731 esse
2991 669 3207 732 fratres
3249 672 3400 736 duos
3459 693 3593 736 cum

192 745 449 832 «SEqu;
506 753 741 832 πρώταις
797 754 1171 832 ἑτερογενέσιν,
1333 753 1444 826 θείᾳ
1503 754 1703 828 μείζονι
1770 752 1848 812 καῖ

1940 752 2175 815 duabus
2220 745 2597 818 consobrinis
2626 753 2872 818 alterius
2902 759 3297 836 cognationis,
3330 769 3430 823 aut
3459 781 3594 825 cum

191 836 391 918 ἀνεψιᾷ
435 841 802 922 συνέρχεσθαι,
835 845 1040 900 καὶτὸν
1069 844 1244 922 γάμον
1301 842 1524 924 αίσχρόν
1583 844 1733 901 εἶναι
1778 844 1848 918 μὴ

1938 843 2116 904 amita
2150 852 2542 906 materterave
2566 836 2817 928 majore,
2852 855 2910 907 et
2953 847 3119 908 fatris
3145 851 3441 913 sororisve
3473 852 3594 913 filia

190 930 378 989 δοκεῖν
411 947 428 964 ⁸
458 939 612 991 τοῦτο
658 934 754 1010 μὲν
784 931 867 990 διὰ
910 942 1094 1013 νεαροῦ
1148 933 1416 992 κεκώλυκε
1469 935 1848 1010 θεσπίσματος,

1937 931 2246 1011 congredi,
2287 952 2400 995 nec
2436 943 2638 1014 turpes
2664 929 2798 996 esse
2827 934 3016 997 videri
3050 937 3308 1018 nuptias,
3335 941 3446 1001 hoc
3467 939 3597 1022 qui-

189 1023 261 1078 τὰ
319 1019 373 1078 δὲ
430 1022 581 1087 ἐκτὸς
639 1025 837 1082 τούτων
896 1024 1098 1106 ἀνρῆκεν
1154 1025 1493 1104 ἀπεριόριστα
1545 1027 1634 1082 καὶ
1703 1025 1848 1082 ἀκώ-

1935 1019 2074 1081 dem
2121 1021 2348 1083 novella
2378 1022 2682 1084 sanctione
2718 1025 2944 1085 vetuit:
2983 1031 3150 1087 extra
3199 1027 3325 1089 haec
3365 1019 3590 1104 autem,

190 1109 351 1170 λυτα.
401 1113 577 1169 Εἰπὼν
607 1115 706 1193 γὰρ
738 1115 815 1189 μὴ
871 1112 1112 1170 δύνασθαι
1155 1117 1298 1170 θετον
1341 1115 1428 1170 καὶ
1494 1113 1709 1190 ἀνεψιὸν
1766 1112 1848 1172 δύο

1937 1117 2150 1172 caetera
2172 1110 2480 1173 indefinite
2512 1129 2619 1172 nec
2654 1112 2957 1190 prohibita
2985 1114 3401 1196 reliquit.Cum
3435 1119 3594 1180 enim

186 1197 424 1280 ἀδελφὰς
453 1199 762 1277 λαμϐάνειν,
795 1201 831 1272 ἢ
864 1202 953 1260 δύο
985 1201 1238 1284 ἀδελφοὺς
1287 1203 1433 1260 θείαν
1463 1205 1549 1260 καὶ
1579 1204 1802 1279 ἀνεψιάν
1834 1220 1848 1234 ⁸

1936 1197 2082 1260 dixit
2105 1208 2375 1279 patruum
2409 1203 2494 1262 vel
2529 1203 2912 1277 avunculum,
2970 1211 3028 1264 et
3073 1203 3274 1266 fratris
3301 1207 3596 1271 SOI'Ol'lSVO

187 1290 306 1369 καὶ,
356 1289 386 1344 ὃ
429 1287 580 1347 δοκεῖ
621 1297 808 1365 μεῖζον
851 1291 1141 1370 ἁμάρτημα
1183 1295 1262 1366 τῷ
1315 1292 1644 1372 πατριάργῃ,
1704 1292 1848 1348 ἀπει-

1935 1287 2123 1350 ﬁlium
2156 1307 2272 1350 non
2307 1307 2478 1368 posse
2513 1289 2658 1350 duas
2688 1309 2930 1353 sorores
2958 1293 3257 1372 accipere,
3293 1303 3394 1356 aut
3442 1296 3593 1359 duos

187 1378 398 1456 ρηκὼς,
435 1375 522 1435 δύο
580 1376 833 1460 ἀδελφοὺς
888 1378 978 1436 δύο
1033 1379 1339 1461 ἐξαδέλφαις
1396 1381 1629 1460 πρώταις
1675 1382 1848 1461 μίγνυ-

1933 1377 2150 1439 fratres
2177 1377 2418 1439 amitam
2459 1387 2938 1456 materteramve,
2972 1389 3032 1442 et
3067 1381 3268 1446 fratris
3297 1384 3594 1449 sororisve

187 1471 314 1524 σθαι
357 1473 627 1548 γαμικῶς,
673 1471 747 1532 ὡς
806 1470 866 1526 ἐκ
921 1470 1104 1527 τούτου
1157 1471 1464 1550 συγχύσεως
1521 1477 1625 1526 τῶν
1687 1477 1848 1550 γενῶν

1938 1466 2140 1528 ﬁliam:
2160 1466 2406 1540 et,quod
2443 1467 2793 1548 patriarcha;
2823 1469 3012 1550 majus
3043 1469 3282 1534 videtur
3305 1471 3592 1536 delictum

189 1549 708 1632 ἐπισυμϐαινούσης,
781 1561 868 1616 καὶ
929 1566 1036 1616 τῶν
1107 1549 1382 1636 ὀνομάτων
1443 1561 1802 1636 συμπτώσεως
1835 1575 1848 1589 ⁸

1936 1572 2071 1615 cum
2106 1555 2412 1635 prohibuit
2469 1557 2620 1618 duos
2667 1556 2882 1620 fratres
2920 1549 3184 1621 misceri
3216 1579 3323 1641 per
3353 1571 3595 1642 nuptias

188 1647 284 1704 καὶ
343 1644 508 1726 μέχρι
591 1649 776 1707 τούτου
859 1649 954 1713 τὰς
1025 1649 1366 1723 κωλυομένας
1397 1647 1464 1699 65
1515 1649 1848 1730 περιγραψά-

1935 1641 2166 1704 duabus
2195 1644 2571 1706 consobrinis
2601 1667 2614 1708 :
2651 1647 2820 1727 quasi
2851 1666 2924 1710 ex
2955 1647 3050 1709 his
3078 1667 3364 1727 generum
3395 1641 3593 1715 orire-

190 1756 355 1812 μενος
403 1741 508 1792 τῶν
558 1735 927 1807 συνελεύσεων,
976 1740 1064 1796 καὶ
1107 1740 1183 1814 μή
1227 1761 1278 1795 τι
1346 1739 1656 1820 ἐκφωνήνας
1725 1738 1848 1817 ὑπὲρ

1935 1739 2030 1792 tur
2053 1733 2320 1794 confusio
2352 1743 2409 1794 et
2441 1735 2750 1798 nominum
2780 1736 3190 1800 conturbatio:
3227 1748 3281 1800 et
3308 1740 3596 1802 hactenus

188 1826 384 1891 ταύτας
417 1839 433 1855 ⁹
490 1823 642 1883 δοκεῖ
695 1827 1016 1906 σαφέστατα,
1077 1830 1167 1885 τὸν
1199 1829 1294 1904 μὲν
1323 1835 1415 1885 τοῦ
1455 1827 1608 1886 ἕκτου
1652 1829 1848 1904 βαθμοῦ

1933 1821 2143 1919 vetitas
2173 1821 2651 1922 circumscripsit
2679 1825 3018 1925 coitionesa
3040 1825 3189 1887 nihil
3229 1828 3486 1928 amplius
3516 1830 3592 1892 de

191 1915 280 1971 καὶ
334 1915 430 1971 τὸν
465 1918 760 1973 κατωτάτω
801 1917 987 1975 τούτου
1042 1918 1228 1996 γάμων
1300 1917 1548 1993 κωλύειν,
1615 1918 1702 1974 καὶ
1773 1918 1848 1992 μὴ

1933 1908 2006 1969 iis
2036 1910 2415 1989 exprimens:
2453 1911 2688 1974 videtur
2745 1913 3124 1993 apertissime
3165 1916 3314 1977 sexti
3337 1908 3588 1998 quidem

189 2019 501 2086 συγχωρεῖν
556 2007 741 2088 χώραν
797 2005 1171 2083 διαλαμϐάνειν
1195 2005 1282 2067 64.
1331 2013 1446 2066 Τῶν
1489 2005 1536 2063 δ’
1597 2003 1848 2086 δπερϐαι-

1933 1998 2148 2077 gradus
2177 2008 2234 2060 et
2264 1999 2566 2062 inferioris
2597 2004 2830 2082 nuptias
2860 2011 3084 2077 vetare,
3119 2021 3230 2066 nec
3259 2005 3592 2068 concedere

188 2093 392 2152 νόντων
421 2096 514 2152 τὸν
560 2085 714 2154 ἕκτον
762 2095 884 2175 ὅρον
932 2097 1153 2172 θεμιτὴν
1197 2099 1296 2164 τὴν
1343 2095 1620 2177 συνάφειαν
1685 2098 1848 2174 ἡγεῖ-

1933 2086 2127 2149 locum
2159 2085 2419 2151 habere:
2455 2107 2660 2151 eorum
2693 2100 2892 2152 autem
2925 2091 3026 2172 qui
3069 2099 3299 2153 sextum
3341 2095 3590 2173 gradum

187 2185 311 2240 σθαι
347 2201 366 2221 ⁸
424 2185 589 2245 ταύτὰ
641 2198 758 2251 τοῖς
803 2183 969 2242 πάλαι
1027 2189 1324 2262 νομοθετῶν
1381 2175 1708 2265 νομοθέταις,
1764 2186 1848 2241 καὶ

1933 2175 2479 2256 excedunt,licitam
2513 2179 2858 2241 existimare
2890 2180 3162 2261 copulam
3193 2181 3402 2243 eadem
3454 2203 3590 2246 cum

185 2273 478 2345 κανονίζων
533 2274 978 2353 ἱεροπρεπέστατα
1011 2293 1025 2308 ⁸
1069 2276 1157 2331 καὶ
1213 2272 1416 2350 μᾶλλον
1458 2272 1619 2331 πλέον
1648 2273 1848 2331 τούτων

1933 2265 2190 2346 antiquis
2222 2266 2660 2345 legislatoribus
2697 2268 2995 2344 sanciens,
3033 2279 3094 2332 et
3143 2287 3312 2332 sacra
3357 2273 3587 2335 consti-

184 2363 283 2443 τὸν
315 2359 367 2427 ἐξ
412 2361 720 2443 ἀγχιστείας
763 2361 1120 2442 περιστέλλων
1176 2365 1265 2421 καὶ
1321 2363 1619 2442 συσφίγγων
1649 2363 1844 2441 γάμον,

1933 2362 2104 2415 tuens
2133 2356 2337 2435 regula
2363 2378 2378 2415 :
2415 2357 2603 2437 magis
2634 2357 2810 2418 etiam
2841 2377 3017 2440 quam
3048 2359 3108 2421 hi
3141 2361 3502 2423 contrahens
3532 2370 3594 2425 et

185 2436 251 2510 ΙὈ
302 2451 404 2530 γὰρ
453 2436 650 2509 ἐκεῖνοι
719 2436 884 2534 μέχρι
927 2451 1177 2534 τετάρτου
1239 2436 1468 2519 ἔστησαν
1491 2436 1501 2441 ἰ
1523 2436 1748 2528 βαθμοῦ,
1810 2451 1846 2520 ἢ

1933 2444 2346 2523 constringens
2362 2463 2431 2507 ex
2449 2436 2730 2508 al'finitaie
2743 2436 3174 2528 nuptias.Quod
3197 2447 3358 2511 enim
3387 2448 3474 2512 illi
3498 2470 3592 2514 us-

185 2539 276 2596 διᾶ
333 2540 398 2597 rb
455 2541 709 2620 εὐπρεπὲς
775 2542 1145 2621 ἀπειρήκασιν,
1221 2541 1456 2606 εἰπόντες
1514 2540 1680 2604 οὕτως
1712 2555 1728 2572 ⁸
1777 2543 1848 2599 Οὒ

1933 2550 2121 2622 usque
2151 2534 2224 2594 ad
2265 2545 2544 2614 quartum
2604 2535 2888 2597 stiterunt
2915 2537 3186 2618 gradum,
3219 2545 3320 2597 aut
3351 2549 3592 2622 prapter

187 2627 418 2704 δύναμαι
449 2619 738 2706 λαμϐάνειν
795 2619 911 2698 τὴν.
950 2629 1002 2697 ἐξ
1060 2629 1224 2688 ἄλλου
1277 2631 1532 2710 θυγατέρα
1569 2634 1669 2697 ιῆς
1713 2628 1845 2705 ἐμῆς

1933 2619 2296 2684 bonestatem
2331 2623 2788 2703 prohibuerunt,
2835 2625 2917 2686 ita
2943 2625 3252 2689 dicentes:
3283 2623 3414 2688 Non
3447 2619 3589 2709 pos-

183 2723 434 2796 γαμετῆς
469 2735 486 2752 ⁸
541 2719 576 2788 ἢ
622 2721 719 2786 τὴν
763 2721 1015 2800 ἐγγὸνην,
1073 2720 1110 2788 ἢ
1167 2719 1498 2800 προεγγόνην
1531 2735 1546 2750 ⁶
1607 2716 1721 2775 οὐδὲ
1747 2719 1846 2785 τὴν

1933 2728 2061 2771 sum
2093 2711 2368 2791 accipere
2401 2717 2601 2774 uxoris
2633 2731 2782 2775 mea
2811 2732 2882 2776 ex
2915 2714 3031 2776 alio
3063 2715 3274 2796 ﬁliam,
3303 2722 3402 2776 aut
3431 2736 3586 2801 nep-

184 2807 434 2886 γαμετὴν
463 2813 556 2866 τοῦ
582 2809 693 2865 υἱοῦ
721 2832 845 2885 μου,
894 2809 931 2878 ἢ
991 2816 1084 2866 τοῦ
1138 2808 1376 2887 ἐκγόνου,
1433 2807 1470 2876 ἢ
1527 2813 1619 2864 τοῦ
1648 2828 1848 2887 προεκ-

1933 2807 2048 2860 tem
2080 2807 2178 2861 aut
2217 2809 2594 2880 proneptem,
2649 2820 2844 2882 neque
2887 2822 3131 2868 uxorem
3176 2808 3285 2871 ﬁlii
3315 2808 3457 2885 mei,
3488 2817 3588 2870 aut

185 2895 350 2973 γόνου
381 2919 484 2972 μου
517 2911 532 2926 ⁸
579 2895 697 2953 ἀλλ’
729 2896 844 2957 οὒδὲ
899 2921 997 2965 την
1037 2897 1286 2976 πενθεράν
1341 2919 1464 2972 μου,
1519 2896 1554 2964 ἢ
1601 2896 1700 2964 τὴν
1746 2919 1848 2973 μη-

1933 2890 2165 2967 nepotis
2219 2897 2323 2978 aut
2374 2891 2721 2970 pronepotis
2764 2893 2928 2954 mei:
2963 2894 3070 2956 sed
3121 2915 3319 2978 neque
3347 2917 3588 2962 socrum

182 2985 372 3065 τρυιάν
403 3007 505 3060 μου
539 3001 552 3015 '
613 2987 764 3050 οὗτος
814 2989 841 3043 ὁ
874 2986 1125 3066 σοφὸςτά
1168 2989 1289 3042 θεῖα
1317 2985 1678 3064 πατριάρχης,
1713 2982 1846 3058 μηδέ

1935 2995 2150 3052 meam,
2183 2977 2274 3038 vel
2303 2996 2617 3040 novercam
2653 2998 2848 3042 meam
2879 3001 2893 3042 :
2930 2981 3028 3044 hic
3059 2977 3448 3050 circa’divina
3489 3006 3591 3051 sa-

184 3073 360 3130 ταῦτα
387 3073 422 3142 ἢ
456 3069 621 3130 τᾶλλα
669 3077 861 3151 νομικὰ
911 3075 1202 3150 κωλύματα
1243 3071 1496 3153 παριδὼν,
1556 3072 1692 3130 ἀλλὰ
1761 3075 1848 3129 καὶ

1933 3066 2104 3147 piens
2140 3066 2702 3148 patriarcha,neque
2722 3069 2826 3130 has
2845 3087 3040 3151 neque
3069 3074 3215 3137 alias
3245 3076 3590 3160 despiciens

186 3164 258 3220 τὰ
293 3162 489 3242 μέχρις
544 3163 697 3221 ἕκτου
755 3166 960 3242 βαθμοῦ
1013 3164 1253 3229 κωλύσας
1303 3160 1732 3246 ἐπεκτεινόμενα,
1793 3161 1846 3216 ἐν

1933 3155 2364 3246 prohibitiones
2393 3159 2500 3218 sed
2534 3167 2594 3219 et
2623 3176 2754 3246 quae
2772 3159 2845 3219 ad
2867 3168 3098 3222 sextum
3131 3182 3320 3246 usque
3338 3155 3589 3246 gradum

181 3241 574 3327 roﬁrqudvcp
641 3253 702 3310 rb
757 3241 1052 3313 κωλυτικὸν
1123 3251 1267 3310 ἔθετο
1335 3251 1499 3332 ὅριον,
1577 3241 1848 3332 υΟτιερϐὅ

1934 3245 2316 3326 porriguntur
2377 3253 2582 3307 vetans
2637 3245 2700 3307 in
2763 3247 2873 3309 hoc
2939 3248 3067 3311 solo
3129 3241 3588 3334 prohibitorium

183 3337 467 3420 παρελθὼν
493 3338 560 3391 66
626 3341 789 3407 οὒδεὶς
845 3352 938 3402 τοῦ
983 3343 1354 3422 Χριστωνύμου
1411 3339 1564 3420 λαοῦ,
1609 3341 1848 3398 ἀνεπιτί-

1933 3336 2130 3415 posuit
2159 3335 2482 3397 terminum
2527 3355 2549 3425 :_
2591 3354 2768 3416 quem
2801 3355 2978 3399 nemo
3004 3357 3075 3401 ex
3107 3341 3449 3406 Christiano
3478 3363 3588 3425 po-

186 3451 364 3506 μητος
395 3431 714 3510 ὑποστρέφει
761 3431 912 3511 ποτὲ,
961 3429 1096 3490 ἀλλᾶ
1122 3436 1190 3508 τῇ
1220 3430 1536 3511 αἰσχύνῃ-τὸ
1565 3430 1848 3509 πρόσωπον

191 3509 678 3596 ἐπικαλυψάμενος,
728 3509 1116 3600 καταθρηνήσει
1173 3509 1368 3582 πολλά.
1433 3509 1572 3576 εἈτε
1614 3520 1714 3598 γὰρ
1767 3518 1842 3575 δι-

188 3609 500 3689 καστηρίοις
531 3610 593 3666 ἐκ
647 3608 843 3667 παίδων
904 3605 1316 3690 ἐντεθραμμένος
1373 3610 1602 3683 ἐκεῖνος,
1663 3611 1692 3664 ὁ
1762 3611 1849 3665 καὶ

185 3701 280 3756 τὸν
324 3699 522 3778 χρόνον
553 3701 640 3756 καὶ
682 3699 782 3766 τὴν
814 3699 1015 3756 σύνεσιν
1063 3698 1276 3772 πολιὸς,
1335 3699 1423 3754 καὶ
1471 3697 1566 3761 τὰς
1626 3699 1848 3773 νομικὰς

185 3787 290 3865 μὲν
361 3781 644 3845 ἀνελίττων
701 3785 910 3865 βίϐλους
966 3785 1084 3844 καθ’
1142 3789 1393 3862 ἑκάστην,
1439 3786 1744 3843 τελευταῖον
1795 3785 1849 3842 δὲ

180 3875 392 3933 καὶέπὶ
420 3873 480 3934 rb
507 3877 644 3957 ἱερὸν
697 3877 911 3941 καθίσας
967 3875 1253 3957 συνέδριον,
1314 3878 1403 3934 καὶ
1455 3876 1522 3931 τὰ
1551 3876 1681 3945 ζτῶν
1723 3879 1847 3933 θεο-

180 3965 363 4046 φόρων
405 3963 604 4045 ἀνδρῶν
663 3963 895 4022 συνελὼν
922 3963 1023 4015 66*
1079 3965 1459 4041 κανονίσματα,
1507 3965 1595 4021 καὶ
1649 3987 1848 4021 παντα-

179 4056 349 4135 χόθεν
374 4055 436 4111 rb
468 4053 661 4130 σεμνὸν
689 4057 778 4112 καὶ
807 4055 980 4130 τίμιον
1022 4053 1430 4128 συλλεξάμενος,
1487 4057 1581 4112 οὒκ
1636 4051 1846 4121 ὤκνησε

180 4149 291 4201 τῶν
363 4143 701 4202 συνοικεσΐων
769 4142 1162 4224 ἀκρεϐεστάτην
1246 4144 1390 4209 τάξιν
1450 4143 1705 4217 ἐκθεῖναι,
1761 4147 1849 4201 καὶ

181 4231 498 4308 τόμοννέον
527 4235 644 4313 περὶ
686 4234 886 4290 τούτων
935 4234 1354 4313 συγγράψασθαι,
1413 4235 1499 4289 καὶ
1553 4246 1671 4296 τοῖς
1732 4244 1848 4308 μετ’

181 4322 352 4378 αὒτδν
394 4319 736 4396 καταλιπετν,
809 4319 1200 4402 στηλογραφίαν
1265 4320 1430 4386 ὄντως
1501 4319 1704 4397 ἀψευδῆ
1761 4329 1852 4383 καὶ

181 4411 508 4486 ἀμώμητον,
559 4411 788 4488 καθαρὰν
846 4418 922 4486 τῷ
981 4411 1202 4490 βροτείῳ
1262 4410 1403 4490 γένει
1462 4412 1563 4478 τὴν
1632 4408 1850 4490 ὕπαρξιν

1933 3423 2069 3504 pulo
2101 3424 2474 3504 przeteriens,
2504 3423 2636 3486 sine
2663 3443 2917 3488 censura
2936 3445 3199 3509 unquam
3229 3423 3586 3512 revertetur,

1931 3513 2036 3604 sed
2070 3513 2299 3604 pudore
2351 3514 2632 3604 suffusus,
2677 3515 2900 3594 lugebit
2951 3517 3301 3597 plurimum.
3361 3521 3592 3604 Nempe

1933 3602 2217 3692 educatus
2244 3601 2346 3664 ille
2376 3603 2436 3664 in
2467 3601 2595 3663 foro
2627 3613 2686 3692 et
2709 3604 2958 3684 judiciis
2986 3624 3021 3666 a
3054 3609 3386 3692 pueris,qui
3415 3601 3590 3675 aetate

1934 3700 1992 3781 et
2040 3690 2357 3771 prudentia
2412 3706 2618 3766 canus,
2654 3691 2994 3774 legalesque
3042 3714 3280 3760 vrrsans
3303 3690 3588 3781 quotidie

1932 3779 2140 3855 libros,
2179 3781 2418 3842 tandem
2454 3781 2514 3841 in
2544 3799 2714 3843 sacro
2745 3800 3030 3844 consessu
3065 3785 3308 3870 sedens,
3338 3779 3402 3851 et
3428 3789 3585 3852 divi-

1933 3888 2144 3931 norum
2176 3869 2436 3930 virorum
2469 3871 2831 3959 contrahens
2853 3887 2879 3916 ε
2901 3869 3305 3953 definitiones,
3341 3885 3400 3940 et
3427 3882 3586 3959 quod

1931 3965 2157 4021 castum
2189 3961 2646 4040 honestumque,
2672 3958 2937 4042 undique
2965 3958 3590 4044 colligens,exactissi-

1935 4067 2094 4108 mum
2126 4049 2542 4128 conjugiorum
2575 4048 2847 4110 ordinem
2877 4069 3178 4133 exponere
3211 4073 3329 4116 non
3357 4055 3592 4121 dubita-

1933 4137 2102 4218 vit,et
2132 4156 2341 4199 novam
2373 4136 2449 4198 de
2478 4137 2569 4198 his
2599 4137 2982 4227 conscribere
3011 4141 3588 4227 decisionem,quam

1935 4228 2188 4308 posteris
2216 4227 2602 4307 relinqueret,
2647 4226 2881 4290 titulum
2907 4232 3184 4302 {omnino
3228 4226 3501 4297 veracem
3532 4245 3593 4298 et

1935 4315 2547 4397 irreprehensibilem,
2581 4315 2934 4397 largientem
2981 4320 3325 4384 hominibus
3382 4342 3589 4404 puram

1933 4407 2172 4485 generis
2204 4404 2860 4489 exsistentiam,eosque
2887 4411 3005 4472 Deo
3028 4421 3474 4476 conservantem
3497 4433 3593 4478 ca-

181 4507 277 4558 τοῦ
328 4496 516 4577 γένους
574 4499 956 4580 χαριζομένην,
1018 4501 1106 4556 καὶ
1148 4506 1264 4574 Θεῷ
1292 4499 1694 4578 καθαρωτάτους
1721 4513 1845 4562 ταῖς

1933 4494 2223 4556 stissimos
2253 4495 2684 4584 consuetudine
2714 4509 2776 4558 et
2805 4499 3228 4579 conjunctione
3249 4503 3590 4584 nuptiarum

184 4585 481 4662 ἐπιμιξίαις
553 4589 642 4646 καὶ
727 4591 1027 4668 συναφείαις
1112 4594 1219 4646 τῶν
1302 4588 1596 4664 ἀμέμπτων
1665 4589 1848 4667 γάμων

1934 4585 2110 4665 culpa
2139 4585 2491 4647 carentium.
2525 4583 2665 4647 Haec
2700 4586 2830 4662 tibi,
2863 4589 3265 4653 sacratissime
3304 4583 3490 4673 pauca
3519 4611 3589 4656 ex

180 4675 312 4740 reb;
382 4677 684 4756 ἀνθρώπους
755 4677 1142 4759 φυλάττουσαν.
1202 4677 1376 4736 Ταῦτά
1431 4699 1539 4758 σοι,
1613 4679 1658 4732 ὦ
1702 4678 1848 4757 ἱερώ-

1937 4675 2140 4753 paucis
2167 4673 2239 4736 ad
2273 4692 2365 4747 ea,
2399 4691 2533 4754 quae
2566 4695 2602 4738 a
2647 4675 2702 4736 te
2753 4677 2976 4758 scripta
3021 4687 3180 4754 sunt,
3235 4680 3311 4742 de
3367 4682 3588 4763 nuptiis

181 4785 338 4842 ταττ,
371 4765 532 4845 ὀλίγα·
553 4765 604 4832 ἐξ
648 4765 843 4846 ὀλίγων
873 4769 1004 4846 πρὸς
1033 4768 1098 4823 τὰ
1149 4767 1290 4845 παρὰ
1319 4772 1412 4823 σοῦ
1441 4766 1704 4848 γραφέντα
1733 4765 1848 4846 περὶ

1936 4764 2283 4843 colligentes
2319 4768 2379 4823 et
2407 4774 2718 4826 exarantes
2751 4765 3040 4830 mittimus
3071 4769 3133 4829 in
3163 4768 3398 4850 scriptis
3424 4783 3474 4834 ι’.

180 4855 288 4935 γάρ
312 4876 380 4912 »ν
434 4853 807 4933 ἀναλεξάμενοι
866 4859 983 4936 ml:
1015 4854 1450 4936 διαχαράξαντες,
1507 4855 1851 4931 ἐκπέμπομεν

212 4945 468 5026 ’ίγίάφωιτ
495 4942 585 5011 5"-

1523 5110 1789 5178 VARLE
1824 5111 2265 5178 LECTIONES.

262 5246 331 5300 63
369 5247 764 5337 κεκωλυμένας.
821 5247 915 5337 ‘3‘
941 5246 1255 5327 λαμϐάνειν,
1338 5249 1405 5302 65
1443 5251 1535 5306 τὸν
1591 5247 1727 5337 κωλ.
1790 5248 1934 5337 ἔθετο
1994 5245 2118 5337 ξρον
2162 5245 2346 5337 ὅνπερ.
2406 5245 2498 5337 ,66
2525 5245 2816 5337 διεξελθών.
2903 5248 2967 5337 θἹ
3007 5251 3428 5337 ἐκπεπόμφαμεν
3480 5255 3578 5337 ἐγ-

183 5331 428 5414 γράφως,
466 5331 538 5414 Συ
581 5328 636 5386 δὲ
664 5332 751 5414 καὶ
779 5325 1022 5388 πλείονα.
1052 5332 1252 5414 τούτων
1300 5341 1378 5408 τῷ
1431 5331 1790 5414 ποριμωτάτιμ
1843 5325 2145 5414 ἐξευρίσκων
2175 5325 2305 5414 Δτῆς
2353 5329 2585 5414 φύσεως,
2633 5328 2818 5414 ⁸ὡραίῳ
2874 5334 2973 5414 τῆς
3017 5325 3280 5414 εὗσεϐεᾲίας
3331 5325 3585 5414 ’στεφάνῳ

183 5361 428 5413 γραφψςο
466 5361 538 5386 au
581 5361 636 5386 οι
666 5361 751 5388 και
779 5361 998 5388 unauna
1052 5361 1252 5388 τουτων
1300 5361 1378 5408 τῳ
1431 5361 1789 5411 πυριμωτατψ
1843 5361 2145 5424 ιςιυίριυιων
2202 5361 2298 5396 της
2353 5361 2585 5430 ςρμσιωξ,
2642 5361 2818 5409 mpetu?
2874 5361 2973 5428 της
3017 5361 3280 5434 ευςῖεοειας
3340 5361 3585 5476 meum)

181 5411 264 5468 τᾶ
305 5413 435 5491 περὶ
478 5413 586 5468 τῶν
656 5411 846 5490 γάμων
915 5413 1209 5484 ζητηθέντα
1264 5414 1520 5492 ὡράϊσον,
1584 5412 1672 5468 καὶ
1733 5408 1900 5473 οὕτως
1953 5409 2288 5487 ωραιοτάτην
2339 5431 2550 5474 παντως
2593 5409 2692 5477 τὴν
2751 5432 3014 5492 νυμφικην
3083 5412 3364 5484 ἀναδείξεις
3518 5419 3586 5477 ό-

181 5495 352 5550 θεσιν.

259 5603 288 5647 «ι
316 5613 550 5681 magna
573 5612 710 5659 cum
731 5596 985 5681 licentia
1027 5597 1386 5681 °pcrlegens
1413 5608 1433 5652 ι
1457 5598 1720 5681 indicem
1741 5610 1771 5654 α
1798 5593 2076 5681 misimus
2119 5597 2338 5681 scripto
2385 5595 2835 5681 comprehensa.
2897 5601 2982 5665 Tu
3010 5609 3210 5667 autem
3260 5604 3357 5669 his
3404 5607 3589 5671 etiam

181 5675 367 5768 plura
528 5677 765 5768 ingenii
791 5675 1101 5768 solertiam
1133 5675 1478 5756 {nocti-iens,
1498 5679 1756 5768 pulchro
1783 5679 2028 5768 pietatis
2056 5695 2140 5740 se:
2157 5675 2314 5768 (gite
2339 5679 2576 5761 nuptiis
2603 5681 2906 5760 inquisita
2927 5685 3374 5768 condecorabis,
3409 5694 3590 5768 atque

183 5756 274 5823 ita
302 5756 412 5822 hoc
439 5757 515 5822 de
544 5756 956 5824 matrimoniis
983 5769 1412 5843 argumentum
1444 5756 1696 5824 omnino
1722 5756 2094 5841 pérpolitum
2124 5757 2376 5836 e/ﬁcies.
