4106 6448
538 407 656 477 ’155

1908 424 2039 488 ms
2083 422 2534 487 CANONICUM
2608 508 2611 509 ί

3815 412 3934 485 756

618 540 744 639 Iloc
775 545 1109 639 exemplum
1144 548 1625 639 patriarchalium
1658 551 1987 615 litterarum
2017 573 2172 635 syno-

2260 606 2262 610 ,
2363 558 2527 615 Τοῦτο
2556 554 2621 626 διὶ
2652 557 2712 614 τὸ
2742 555 2864 615 ἰ’σον
2919 563 3012 616 τοῦ
3053 563 3441 639 πατριαρχικοῦ
3497 552 3781 621 σῦνοδικῶς
3849 553 3939 612 ἐκ·-

536 629 758 724 daliter
783 633 1102 724 editarum,
1135 629 1428 718 prolatum
1461 658 1531 702 ex
1557 640 1865 704 codicibus
1913 629 2194 724 repositis

537 717 599 779 in
629 721 928 813 sanctiore
958 717 1209 795 secreto,
1252 737 1309 789 et
1338 730 1749 804 confirmatum
1786 717 2039 813 proprias
2069 751 2191 795 ma-

536 826 650 869 nus
678 809 1203 902 subscriptione,et
1233 816 1424 896 sigillo
1440 817 1659 883 Nicetae
1687 809 2043 883 sanctissimi
2063 841 2192 902 pro-

539 899 849 991 t_os_ynce_lli
900 909 959 963 et
1005 905 1475 987 chartophylacis
1525 909 1918 972 sanctissima;
1965 899 2192 991 magna;

535 984 641 1047 Dei
671 989 966 1079 ecclesiae,
994 984 1530 1074 subscriptionibus
1578 998 1751 1059 etiam
1794 984 2190 1079 peritissimo-

534 1092 666 1167 rum
737 1077 1087 1142 diconorum
1168 1084 1658 1166 notariorumque
1709 1077 2187 1167 patriarchalium

533 1163 905 1257 roboratam,
942 1169 1141 1232 datum
1176 1182 1233 1235 et
1266 1192 1471 1237 mense
1502 1163 1922 1239 et'indictione
1967 1195 2189 1257 supra—

536 1253 795 1336 scriptis.

900 1350 1215 1418 JOANNIS
1257 1354 1627 1420 XIPHILINI
1682 1355 1787 1438 (2).

1045 1446 1089 1511 Ι.
1139 1450 1229 1511 De
1254 1450 1660 1529 sponsalibus.

618 1537 837 1610 Mensis
866 1539 1088 1620 Aprilis
1115 1541 1215 1603 die
1242 1544 1555 1605 xxw.t‘eria
1596 1553 1825 1624 quarta,
1857 1544 2186 1608 indictione

535 1634 764 1706 quarta,
798 1646 953 1690 anno
998 1646 1151 1693 vmlo
1182 1647 1235 1694 ID
1264 1649 1459 1705 Lxx1v,
1513 1632 1871 1712 praesidente
1930 1633 2183 1711 Joanne,

533 1714 908 1778 sanctissimo
939 1717 1181 1780 domino
1234 1729 1432 1781 nostro
1465 1728 1523 1782 et
1552 1721 1869 1782 universati
1928 1722 2183 1802 patriar-

2273 644 2511 709 τεθέντος
2553 646 2865 725 γράμματος
2916 646 2975 703 ἐκ
3033 652 3140 703 τῶν
3198 647 3620 723 ἐναποκειμένων
3675 643 3935 703 κωδικίων

2272 739 2349 807 τῷ
2419 735 2603 813 εὐαγετ
2684 736 2916 813 σεκρέτῳ
2993 733 3269 812 ἑκϐληθὲν,
3341 738 3430 793 καὶ
3497 742 3565 814 τῇ
3634 734 3932 814 αὗτοχείρῳ

2278 822 2551 903 ὅπογραφῇ
2578 824 2664 880 καὶ
2708 821 2957 904 σφραγῖδι
3016 826 3227 895 Νικήτα
3284 832 3378 882 τοῦ
3433 824 3725 882 ὁσιωτάτου
3789 843 3931 900 πρωι-

2272 909 2625 988 τοσυγκέλλου
2694 914 2782 969 καὶ
2837 912 3243 995 χαρτοφύλακος
3310 918 3410 982 τῆς
3461 912 3764 992 ἁγιωτάτης
3835 920 3929 969 τοῦ

2274 1006 2404 1058 Θεοῦ
2433 998 2675 1077 μεγάλης
2730 1000 3015 1069 ἐκκλησίας
3074 1002 3355 1074 πιστωθὲν,
3418 1001 3495 1059 ἔτι
3553 1000 3609 1058 δὲ
3663 1002 3753 1057 καὶ
3804 1013 3926 1065 ταῖς

2272 1087 2605 1169 ὑπογραφατς
2647 1096 2754 1146 τῶν
2810 1090 3149 1169 λογιωτάτων
3211 1089 3466 1148 διακόνων
3522 1091 3611 1147 καὶ
3665 1111 3926 1169 πατριαρι-

2272 1183 2446 1256 χικῶν
2492 1181 2742 1258 νοταρίων
2778 1177 3084 1254 ϐεϐαιωθέν,
3116 1178 3362 1256 ἐπεδόθη,
3397 1181 3526 1256 μηνὶ
3564 1180 3651 1236 καὶ
3678 1178 3932 1255 ἐπινεμή-

2272 1286 2352 1321 σει
2398 1279 2515 1331 τοῖς
2548 1269 3066 1347 προγεγραμμένοις.

2663 1365 2957 1415 ΙΩΑΝΝΟΥ
3000 1365 3129 1415 ΤΟΥ
3173 1361 3556 1420 ΞΙΦΙΛῙΝΟΥ.

2733 1467 2756 1499 ι
2794 1434 2879 1505 Λ’.
2917 1447 3038 1524 Περὶ
3068 1447 3378 1522 μνηστείας,
3416 1469 3445 1503 ι

2350 1534 2490 1599 Μηνὶ
2550 1532 2809 1617 ἆπριλλίῳ
2868 1521 3003 1609 κζ’,
3061 1521 3235 1616 ημέρᾳ
3303 1525 3373 1617 δ’,
3432 1535 3795 1605 ἐπινεμήσεως
3851 1521 3924 1606 δ’,

2269 1619 2415 1685 ἔτους
2445 1614 2667 1709 ,ςφοδζ
2717 1624 3122 1703 προκαθημένου
3175 1614 3426 1684 Ἰωάννου
3478 1632 3572 1683 106
3626 1623 3922 1703 ἁγιωτάτου

2267 1713 2420 1785 ἡμῶν
2451 1711 2705 1770 δεσπότου
2738 1715 2826 1771 καὶ
2872 1715 3233 1789 οἷκουμενικοῦ
3286 1714 3640 1795 πατριάρχου,
3688 1714 3743 1770 ἐν
3797 1725 3919 1775 τοῖς

531 1803 665 1877 cha,
697 1803 770 1865 ad
800 1804 1064 1868 dextram
1118 1809 1704 1871 catechumeniorum
1741 1798 1967 1891 partem
1994 1829 2009 1886 ;
2042 1811 2172 1872 assi-

2269 1798 2466 1865 δεξιοῖς
2527 1801 2706 1881 μέρεσι
2773 1805 2875 1858 τῶν
2928 1804 3420 1883 κατηχουμενείων,
3481 1801 3918 1881 συνεδριαζόντων

531 1891 815 1955 dentibus
875 1895 930 1955 ei
988 1897 1380 1958 sanctissimis
1437 1898 1934 1978 metropolitanis,
1983 1902 2181 1961 Caesa-

528 1981 740 2057 riensi,
811 1982 1157 2065 Ephesimo,
1209 1984 1607 2066 Heracliensi,
1658 1986 2189 2068 Ancyrano,Cyzt-

529 2087 723 2145 ceno,
775 2072 1293 2147 Chalcedonensi,
1356 2073 1770 2153 Sebastiensi,
1832 2075 2180 2155 Gangraeno,

527 2158 924 2240 Philippensi.
980 2161 1449 2243 Hierapolitano,
1513 2165 1760 2246 Cotyaii,
1824 2165 2179 2246 blitylenaao,

528 2246 854 2324 Chonensi,
885 2248 1224 2313 Nacoliensi
1259 2272 1273 2312 :
1308 2258 1362 2313 et
1390 2252 2179 2334 archiepiscopis,Maronae,

527 2337 891 2413 Proeconesi,
945 2338 1214 2420 Garellaa,
1270 2341 1520 2417 Lemni,
1581 2341 1872 2423 Bospori,
1930 2343 2179 2424 Gothiae,

527 2426 861 2490 Herculano
897 2450 909 2487 :
946 2446 1078 2490 cum
1128 2430 1200 2491 ad
1253 2437 1582 2491 extremum
1644 2430 1941 2492 venissent
2002 2432 2179 2494 etiam

526 2518 883 2592 Amasenus,
908 2516 1303 2595 Melitenicus,
1320 2517 1892 2601 Claudiopolitanus,
1910 2519 2183 2583 [conien-

525 2604 627 2679 sis,
665 2603 1090 2687 Hydruntinus.

602 2782 822 2857 Quavis
856 2784 1164 2849 evidenter
1210 2793 1269 2847 et
1326 2788 1624 2867 expressis
1681 2784 1876 2847 verbis
1904 2785 1964 2847 in
1996 2805 2175 2866 syno-

522 2873 643 2936 dali
700 2879 885 2948 tomo,
929 2875 1303 2955 promulgata
1354 2894 1389 2937 a
1436 2874 1766 2938 clarissimo
1815 2875 2173 2955 patriarcha,

522 2962 765 3024 domino
796 2960 1085 3044 Sisinnio,
1112 2964 1186 3025 de
1217 2963 1533 3045 prohibitis
1564 2971 1621 3026 et
1652 2962 1899 3025 incestis
1931 2965 2176 3044 nuptiis,

519 3050 666 3112 nihil
698 3051 775 3114 de
805 3052 1181 3133 sponsalibus
1230 3071 1466 3133 quoque
1515 3053 1593 3114 sit
1622 3054 2118 3132 comprehensum
2156 3075 2168 3116 :

523 3147 719 3201 tamen
750 3159 883 3202 cum
910 3142 1013 3221 jus
1041 3141 1118 3221 (3i
1155 3141 1331 3203 civile
1350 3140 1532 3221 patris
1548 3150 1722 3222 atque
1748 3141 2175 3222 ﬁliisponsam,
2198 3140 2238 3190 C

519 3227 643 3290 filio
675 3231 763 3291 vel
798 3230 950 3310 patri
1005 3233 1250 3293 omnino
1297 3230 1579 3310 conjungi
1639 3237 1955 3310 propterea
1999 3240 2172 3307 vetet,

517 3316 673 3398 quod
706 3316 808 3379 illa
831 3336 1100 3380 novercae
1129 3319 1321 3380 locum
1379 3318 1611 3393 habeat,
1646 3318 1772 3380 haec
1803 3338 2011 3394 nurus,
2043 3319 2178 3381 licet

517 3406 741 3486 nuptiae
769 3415 991 3469 secutae
1019 3427 1137 3469 non
1159 3407 1317 3471 sint:
1357 3408 1638 3489 idemque
1667 3406 1855 3469 valeat
1884 3409 1941 3469 in
1961 3428 2177 3490 sponsa

516 3493 624 3556 ﬁlii
654 3494 936 3578 adoptivi,
957 3497 1098 3559 licet
1127 3497 1368 3577 adoptio
1399 3497 1592 3558 soluta
1622 3500 1716 3560 sit.
1755 3505 1816 3558 ut
1848 3516 1976 3559 eam
2012 3507 2175 3578 pater

512 3583 828 3666 adoptivus
856 3604 1103 3649 uxorem
1137 3586 1411 3668 accipere
1440 3596 1720 3667 nequeat,
1747 3587 1924 3649 veluti
1955 3606 2171 3649 nurum

513 3687 572 3735 et
602 3672 708 3735 ﬁlii
756 3674 849 3737 sui
898 3677 1251 3756 conjugem;
1284 3694 1420 3737 cum
1465 3674 1788 3737 obtinuerit
1820 3675 2079 3756 denique
2111 3677 2171 3738 in

508 3762 670 3827 hunc
701 3783 890 3846 usque
912 3765 1099 3836 diem,
1125 3774 1187 3826 ut
1217 3764 1322 3846 qui
1356 3765 1646 3844 virginem
1680 3763 1795 3825 sibi
1825 3764 2169 3845 desponde-

505 3853 607 3936 rit,
641 3873 894 3937 eamque
939 3854 1028 3917 vel
1079 3862 1268 3916 morte
1315 3852 1604 3928 amiserit,
1638 3853 1728 3916 vel
1760 3853 2036 3933 repudio.
2072 3849 2163 3916 vel

504 3961 826 4020 consensu,
861 3961 1291 4024 pennarumque
1321 3942 1720 4022 legitimarum
1758 3941 2156 4021 prwstatione,

504 4051 574 4094 ac
605 4031 826 4096 deinde
852 4031 1086 4095 duxerit
1129 4031 1306 4093 aliam
1335 4052 1351 4108 ;
1383 4048 1581 4112 neque
1627 4030 1933 4102 sacerdos,
1965 4049 2160 4112 neque

500 4120 817 4197 diaconus,
843 4129 943 4183 aut
975 4120 1375 4183 subdiaconus
1424 4118 1691 4181 ordinari
1740 4119 1944 4197 possit,
1989 4121 2159 4200 quasi

500 4209 602 4291 qui
624 4210 920 4273 secundas
940 4210 1306 4272 contraxisse
1324 4209 1556 4289 nuptias
1589 4216 1936 4286 reputetur:
1968 4208 2156 4270 visum

500 4306 592 4361 est
645 4317 806 4360 nunc
861 4317 1097 4380 quoque
1158 4297 1556 4361 mediocritati
1616 4305 1874 4372 nostrae,
1931 4297 2157 4378 totique

497 4386 887 4450 sanctissimae
928 4387 1156 4467 synodo
1208 4386 1510 4468 praesenti,
1547 4386 1746 4447 valere
1778 4386 1839 4446 in
1871 4386 2153 4449 omnibus

493 4476 741 4539 incestis
764 4464 1445 4558 prohibitisquenuptiis
1476 4474 1722 4548 debere,
1761 4481 1824 4535 ut
1862 4494 1977 4535 non
2016 4494 2150 4537 mo-
2177 4464 2221 4513 Ῑ)

492 4567 571 4629 do
619 4565 671 4628 si
723 4565 947 4647 nuptiae
1021 4583 1320 4646 sacraeque
1385 4581 1594 4645 preces
1673 4564 2145 4641 intercesserint,

492 4654 789 4736 ejusmodi
831 4661 1169 4717 contractus
1236 4652 1645 4732 prohibeatur,
1675 4661 1735 4714 et
1766 4652 2009 4715 illicitus
2041 4673 2147 4734 ap-

490 4744 882 4828 pelletur,sed
915 4753 973 4807 et
1001 4744 1049 4806 si
1082 4742 1377 4824 sponsalia
1404 4742 1734 4804 secundum
1769 4742 1957 4822 legem
2004 4761 2147 4822 per-

486 4843 623 4898 acta
650 4834 791 4909 sint,
817 4833 1046 4915 nuptiis
1073 4851 1188 4894 non
1217 4831 1503 4911 impletis,
1539 4833 1643 4894 sed
1670 4840 1884 4908 morte,
1906 4830 1995 4891 vel
2031 4832 2149 4893 alio

486 4924 663 4987 modo
695 4923 929 4994 solutis,
973 4923 1136 4985 nefas
1184 4921 1261 4983 sit
1309 4921 1578 4983 alterutri
1610 4922 1821 4982 harum
1859 4938 2153 5000 persona-

485 5032 614 5077 rum
641 5014 868 5096 juncta
908 5012 1021 5075 sibi
1053 5030 1158 5094 per
1186 5010 1603 5091 cognationem
1647 5027 1942 5091 personae,
1974 5013 2161 5086 cujus

481 5120 659 5166 causa
684 5103 1020 5185 nuptiarum
1054 5100 1318 5165 nascitur
1345 5100 1865 5180 impedimentum,
1905 5100 1993 5161 vel
2026 5099 2157 5161 alio

2266 1893 2408 1964 αὐτῷ
2469 1891 2873 1971 πανιερωτάτων
2928 1889 3360 1971 μητροπολιτῶν,
3419 1899 3513 1949 τοῦ
3581 1891 3916 1970 Καισαρείας,

2264 1985 2356 2035 106
2414 1977 2659 2060 Ἐφέσου,
2720 1989 2810 2039 106
2898 1972 3234 2059 Ἡρακλείας,
3308 1987 3399 2038 τοῦ
3471 1980 3753 2061 Ἀγκύρας,
3825 1986 3921 2036 τοῦ

2270 2069 2505 2140 Κυζίκου,
2562 2070 2656 2126 τοῦ
2686 2067 3046 2141 Χαλκηδόνος,
3106 2077 3200 2127 τοῦ
3243 2068 3583 2145 Σεϐαστείας,
3640 2078 3731 2129 106
3773 2071 3917 2148 Γάγ-

2265 2179 2418 2235 γρας,
2463 2165 2556 2215 τοῦ
2598 2157 2900 2233 Φιλίππων,
2934 2159 3026 2216 τοῦ
3074 2149 3443 2238 Ἰεραπόλεως,
3487 2170 3581 2221 τοῦ
3611 2161 3914 2237 Κοτυαείου,

2265 2253 2357 2302 106
2444 2245 2768 2327 Μιτυλήνης,
2825 2247 2918 2305 106
2973 2253 3191 2322 Χωνῶν,
3265 2255 3358 2307 τοῦ
3414 2248 3721 2313 Νακωλείας
3755 2265 3771 2280 ⁸
3831 2251 3919 2306 καὶ

2264 2334 2722 2415 ἀρχιεπισκόπων,
2782 2344 2873 2393 τοῦ
2952 2338 3280 2419 Μαρωνείας,
3358 2344 3450 2394 τοῦ
3531 2340 3913 2419 Προικονήσου.

2263 2430 2354 2480 106
2383 2423 2675 2509 Γαρέλλης,
2710 2432 2802 2482 τοῦ
2860 2426 3098 2501 Λήμνου,
3146 2432 3239 2484 τοῦ
3296 2425 3589 2509 Βοσπόρου,
3658 2436 3750 2486 τοῦ
3778 2433 3914 2484 Γοτ-

2263 2514 2397 2588 et“,
2456 2523 2548 2573 106
2608 2506 2895 2594 Ἡρακλέος
2933 2534 2948 2549 ·
2994 2514 3249 2574 ἐλθόντων
3319 2516 3407 2573 καὶ
3460 2506 3515 2573 ἓν
3571 2506 3772 2590 ὗστέρῳ
3824 2524 3916 2573 τοῦ

2264 2600 2578 2683 Ἀμασείας,
2612 2602 2704 2660 τοῦ
2734 2606 3061 2687 Μ-ελιτηνῆς,
3120 2624 3215 2662 του
3273 2603 3765 2687 Κλαυδιουπόλεως,
3824 2616 3916 2665 106

2265 2691 2503 2762 Ἰκονίου,
2536 2692 2621 2747 καὶ
2649 2698 2739 2748 τοῦ
2773 2683 3094 2770 Ὑδροῦντος,

2344 2782 2402 2838 Εἰ
2431 2782 2517 2837 καὶ
2563 2781 2640 2856 μὴ
2688 2778 2967 2861 προδήλως
3010 2786 3097 2840 καὶ
3154 2784 3291 2841 κατὰ
3346 2780 3485 2851 λέξιν
3542 2784 3596 2842 ἐν
3638 2791 3717 2860 τῷ
3761 2785 3913 2843 ἔκτε-

2257 2867 2395 2925 θέντι
2425 2869 2681 2944 συνοδικῷ
2715 2871 2865 2946 τόμῳ
2907 2873 3048 2950 παρὰ
3100 2882 3195 2932 τοῦ
3252 2871 3491 2949 ἀοιδίμου
3555 2875 3909 2955 πατριάρχου,

2261 2959 2432 3037 κυρίου
2492 2962 2771 3035 Σισιννίου,
2853 2960 2938 3017 ἐπὶ
3005 2969 3111 3019 τῶν
3181 2961 3564 3038 κεκωλυμένων
3630 2965 3717 3021 καὶ
3786 2964 3913 3020 ἀθε-

2264 3050 2427 3121 μίτων
2498 3049 2708 3126 γάμων,
2768 3048 3065 3117 διείληπται
3107 3053 3193 3108 καὶ
3250 3052 3368 3131 περὶ
3424 3057 3522 3119 τῆς
3568 3053 3853 3126 μνηστείας
3892 3073 3907 3083 ·

2263 3135 2382 3193 ἀλλ’
2426 3137 2538 3193 ἐπεὶ
2589 3139 2677 3195 καὶ
2744 3138 2844 3202 τὴν
2886 3141 2977 3194 τοῦ
3032 3142 3231 3218 πατρὸς
3263 3140 3528 3216 μνηστὴν,
3577 3142 3662 3196 καὶ
3695 3142 3790 3209 τὴν
3819 3152 3914 3201 τοῦ

2260 3222 2485 3306 ἀδελφοῦ
2511 3225 2596 3299 68,
2629 3225 2819 3283 κωλύει
2850 3228 3184 3285 παντάπασιν
3243 3232 3271 3286 ὁ
3326 3227 3600 3294 πολιτικὸς
3629 3228 3695 3279 69
3749 3231 3910 3307 νόμος

2259 3318 2335 3386 τῷ
2363 3318 2458 3389 υἱῷ
2498 3316 2534 3384 ἢ
2574 3323 2651 3391 τῷ
2703 3313 2910 3396 ἀδελφῷ
2940 3315 3002 3366 70
3052 3318 3378 3396 ζεύγνυσθαι,
3440 3315 3524 3374 διὰ
3567 3319 3628 3377 τὸ
3669 3318 3769 3387 τὴν
3812 3319 3911 3395 μὲν

2258 3411 2517 3483 μητρυιᾶς
2571 3405 2715 3471 τάξιν
2759 3404 2931 3485 ἔχειν,
2976 3406 3076 3474 τὴν
3119 3404 3175 3463 δὲ
3230 3407 3463 3486 νύμφης,
3509 3405 3606 3464 κᾶν
3664 3411 3691 3464 ὁ
3734 3408 3910 3487 γάμος

2256 3492 2334 3566 μὴ
2364 3491 2659 3573 προϐέϐηκε
2693 3513 2706 3528 ·
2748 3496 2810 3551 τὸ
2853 3495 2978 3551 αὐτὸ
3026 3492 3081 3550 δὲ
3136 3497 3224 3553 καὶ
3265 3497 3352 3553 ὲπὶ
3407 3499 3505 3565 τῆς
3548 3497 3789 3572 μνηστῆς
3821 3504 3913 3554 τοῦ

2254 3584 2404 3638 θετοῦ
2432 3584 2566 3659 υἱοῦ,
2612 3582 2710 3640 κᾶν
2736 3585 2771 3653 ἡ
2802 3582 3016 3652 θέλησις
3047 3583 3100 3634 71
3153 3583 3305 3664 λυθῇ,
3366 3585 3445 3661 μὴ
3488 3583 3775 3662 δυναμένου
3817 3594 3911 3645 του

2253 3672 2407 3727 θετοῦ
2462 3673 2660 3751 πατρὸς
2732 3673 2926 3739 ταύτην
2983 3670 3192 3747 λαϐεῖν,
3250 3675 3322 3738 ὡς
3381 3674 3610 3754 νύμφην,
3673 3676 3761 3732 καὶ
3817 3680 3911 3733 τοῦ

2253 3759 2384 3816 ἰδιοῦ
2409 3762 2523 3819 υἱοῦ
2551 3764 2791 3840 γαμετήν
2829 3782 2841 3795 ·
2886 3762 3144 3843 ἐκράτησε
3173 3761 3227 3820 δὲ
3258 3765 3345 3821 καὶ
3376 3769 3541 3845 μέχρι
3582 3770 3682 3833 τῆς
3734 3764 3906 3847 δεῦρο,

2253 3850 2313 3905 τὺ
2374 3852 2838 3926 μνηστευσάμενον
2923 3853 3112 3932 κόρην,
3194 3854 3283 3909 καὶ
3352 3852 3388 3921 ἢ
3446 3854 3654 3927 θανάτῳ
3708 3855 3906 3923 ταύτην

2246 3936 2608 4014 ἀποϐαλόντα,
2661 3940 2696 4009 ἢ
2736 3939 3026 4020 ϐιαζυγίῳ.
3089 3941 3126 4010 ἢ
3182 3940 3495 4016 συναινέσει,
3541 3945 3628 4001 καὶ
3682 3946 3908 4024 προστί-

2243 4052 2359 4103 μων
2410 4026 2469 4076 Ἰ2
2526 4026 2823 4106 καταϐολῇ,
2896 4030 3020 4086 εἶτα
3112 4030 3295 4110 ἑτέραν
3379 4030 3734 4110 ἀγαγόμενον,
3823 4037 3906 4110 μη

2241 4115 2481 4174 δύνασθαι
2527 4119 2688 4199 ἱερέα,
2742 4119 2777 4187 ἢ
2834 4118 3094 4193 διάκονον,
3156 4120 3192 4186 *ἢ
3250 4118 3592 4177 ὓποδιάκονον
3662 4143 3909 4203 χειροτο-

2241 4207 2471 4277 νεῖσθαι,
2503 4204 2724 4286 δίγαμον
2773 4206 2976 4276 δηλαδὴ
3023 4207 3373 4286 λογιζόμενον
3406 4225 3421 4240 ⁸
3485 4207 3624 4276 ἔδοξε
3680 4213 3766 4268 καὶ
3812 4214 3903 4269 νῦν

2239 4301 2308 4372 τῇ
2336 4297 2491 4370 ἡμῶν
2533 4297 2859 4375 μετριότητι,
2922 4300 3009 4354 καὶ
3063 4299 3212 4375 πάσῃ
3269 4304 3337 4375 τῇ
3393 4297 3697 4376 ἐνδημούσῃ
3727 4302 3895 4380 ἱερω-

2239 4387 2375 4461 τάτῃ
2419 4384 2641 4461 συνόδῳ,
2698 4390 2791 4443 106
2836 4401 3053 4467 κρατεῖν
3107 4386 3193 4445 ἐπὶ
3233 4388 3446 4446 πάντων
3477 4397 3583 4448 τῶν
3625 4393 3892 4470 ἀθεμίτων

2239 4476 2328 4531 καὶ
2360 4473 2763 4564 κεκωλυμένων,
2802 4478 2879 4551 μὴ
2937 4477 3095 4550 μόνον
3153 4479 3197 4534 εὶ
3250 4477 3423 4556 γάμος
3480 4482 3569 4537 καὶ
3629 4482 3901 4564 ἱερολογία

2236 4564 2419 4643 φθάσει
2477 4562 2736 4643 προϐῆναι
2766 4565 2849 4639 73,
2923 4564 3214 4622 κωλύεσθαί
3277 4586 3335 4621 τε
3392 4568 3480 4623 καὶ
3549 4566 3778 4647 ἄθεσμον
3823 4562 3902 4630 τὸ

2237 4651 2579 4732 συνάλλαγμα
2636 4654 2981 4731 ὀνομάζεσθαι
3014 4672 3029 4686 ⁵
3105 4652 3244 4712 ἀλλὰ
3297 4656 3395 4711 κᾶν
3461 4661 3720 4731 μνηστεία
3761 4664 3905 4718 κατᾶ

2235 4744 2327 4799 τὸν
2380 4742 2540 4817 νόμον
2592 4743 2915 4819 τετέλεσθαι,
2991 4745 3161 4824 γάμος
3247 4741 3305 4800 δὲ
3389 4743 3484 4802 οὐκ
3550 4747 3901 4831 ἀπήρτισται,

2235 4832 2441 4905 θανάτῳ
2509 4830 2587 4905 δὲ,
2633 4833 2669 4902 ἢ
2728 4833 2888 4913 ἑτέρῳ
2940 4836 3121 4913 τρόπῳ
3174 4830 3471 4890 διαλέλυται
3501 4834 3587 4912 74,
3648 4839 3727 4915 μὴ
3788 4830 3907 4907 ἐξὸν

2241 4921 2407 4993 εἶναι,
2455 4923 2671 5002 θάτερον
2723 4930 2830 4979 τῶν
2877 4924 3161 5003 προσώπον
3215 4928 3292 4997 τῷ
3362 4925 3499 4981 κατὰ
3540 4926 3639 4994 τὴν
3697 4930 3905 5009 συγγέ-

2243 5032 2386 5067 νειαν
2415 5012 2674 5086 ἡνωμένφ
2704 5014 2844 5086 αὖτῷ
2901 5014 3196 5093 προσώπῳ,
3250 5010 3303 5077 εξ
3357 5014 3424 5081 ἧς
3477 5015 3643 5083 αἰτίας
3671 5018 3907 5095 κώλυμα

2247 5101 2443 5179 γίνεται
2473 5102 2670 5179 γάμου,
2728 5101 2763 5169 ἢ
2817 5103 2953 5159 κατὰ
2995 5101 3155 5160 ἄλλον
3208 5101 3326 5160 τινὰ
3380 5104 3574 5183 τρόπον
3615 5109 3677 5164 τὸ
3707 5108 3904 5185 ἀθέμι-

1808 5256 1853 5320 V
1868 5258 1964 5324 ΑΒ
1976 5259 2075 5323 LE
2123 5258 2558 5325 LECTIONES.

555 5394 622 5447 68
648 5397 746 5487 την
791 5403 884 5455 106
925 5397 1058 5454 υίου.
1144 5391 1212 5445 69
1252 5394 1565 5474 πρακτικός.
1650 5392 1717 5444 70
1758 5399 1834 5468 τῷ
1878 5415 2049 5472 πατρ.
2154 5382 2209 5437 ⁷1
2241 5395 2404 5462 θέσις,
2490 5395 2548 5446 π
2589 5397 2828 5474 νομίμων
2884 5400 3210 5478 προστίμων,
3298 5402 3361 5455 7'5
3388 5406 3561 5487 φθάσῃ
3605 5404 3902 5483 συμϐῆναι,

473 5475 537 5528 74
619 5476 857 5536 λλύεται.

2039 5580 2303 5647 ΝΟΤλ-Ε.

552 5689 803 5770 (2)Vixit
820 5689 932 5753 sub
950 5688 1109 5771 dicto
1122 5687 1544 5771 Constantino,
1562 5687 2121 5771 Eudocia,Diogene
2134 5743 2153 5770 ,

467 5768 786 5841 MiChaele.
826 5775 1013 5851 Augg.
1053 5768 1193 5833 Haec
1217 5769 1335 5851 duo
1363 5768 1611 5831 decreta
1633 5768 2004 5849 Nicephorus
2037 5768 2152 5838 Boé

466 5853 716 5913 toniates
750 5852 909 5929 Aig.
944 5850 1329 5913 conﬁrmavit
1360 5866 1468 5929 per
1491 5866 1735 5911 auream
1771 5851 2020 5915 bullam.

2322 5691 2407 5790 ςβ)
2442 5691 2635 5793 Ιι.,12.
2670 5695 2723 5778 §.
2765 5696 2820 5760 1.
2853 5695 2924 5762 D.
2957 5696 3036 5761 de
3064 5698 3161 5761 rit.
3198 5707 3373 5783 nupt.
3404 5699 3552 5768 Inst.
3611 5702 3688 5768 de
3718 5715 3899 5793 nupt.

2239 5773 2268 5852 §
2298 5774 2361 5838 Si
2389 5773 2562 5838 uxor.
