4106 6418
289 358 412 424 757
1641 364 1958 428 Μίδου-1

2049 365 2205 432 MAN
2216 369 2346 432 ΗΜ.
3566 367 3685 435 758

292 519 394 555 τον
456 494 861 576 παρεισάγεται,
919 497 1264 556 συνάπτεσθαί
1305 520 1362 555 τε
1417 499 1552 556 κατὰ
1592 499 1684 556 τόν
1727 500 1951 574 νόμιμον

2049 495 2288 573 quodam
2317 498 2490 561 modo
2535 499 2794 564 incestus
2833 500 3191 577 admittitur,
3231 497 3500 580 copulari
3515 499 3681 580 justo

292 587 471 665 γάμον
529 587 617 643 καὶ
685 587 868 662 νόμοις
944 588 1299 667 ἐγνωσμένον,
1356 587 1391 656 ἢ
1446 589 1604 654 θείοις
1659 589 1845 645 κανόσι
1892 587 1954 642 τὸ

2049 585 2383 667 legibusque
2405 590 2788 670 comprobato
2813 590 3212 663 matrimonio,
3257 606 3333 650 ne
3353 607 3424 650 ve
3454 607 3561 670 per
3590 605 3687 652 sa-

293 673 646 754 συνάλλαγμα
675 675 711 744 ἢ
755 677 852 744 τὴν
884 677 1192 744 συνοίκησιν
1246 676 1532 745 κεκλῆσθαί
1587 700 1646 734 τε
1701 679 1786 734 καὶ
1816 675 1953 738 ὅλως

2049 690 2171 734 tros
2195 694 2454 740 canones
2477 688 2820 742 contractus
2845 679 2943 742 hic
2963 680 3054 742 vel
3077 677 3418 759 coniugium
3448 696 3684 739 nuncu-

292 765 685 822 καθίστασθαι·
774 770 870 833 τῆς
954 767 1178 842 νομίμου
1250 768 1534 843 μνηστείας
1612 769 1704 824 τοῦ
1781 764 1955 844 γάμου

2049 771 2234 843 petur,
2267 775 2365 828 aut
2423 767 2543 829 ullo
2603 770 2780 830 modo
2838 768 3162 832 subsistat:
3227 786 3361 829 cum
3419 767 3688 847 legitima

294 852 442 920 τάξιν
484 875 544 910 τε
573 855 660 910 καὶ
690 855 1009 912 κατάστασιν
1060 855 1316 936 ἐχούσης.
1384 858 1482 912 Διά
1521 859 1674 913 τοῦτο
1726 860 1824 934 γὰρ
1866 857 1953 910 καὶ

2049 854 2338 932 sponsalia
2372 858 2739 920 matrimonii
2766 859 2962 920 locum
2999 867 3057 920 et
3087 857 3488 920 conditionem
3522 854 3683 918 obti-

295 943 604 1022 προστίμων
661 943 781 1000 ἀνεύ
863 944 1072 1001 λύεσθαι
1157 945 1352 1012 ταύτην
1415 947 1508 1002 οὒκ
1557 945 1775 1017 ἔξεστιν,
1836 943 1952 999 ἀλλ’

2049 953 2236 1005 neant.
2329 943 2475 1006 Nam
2534 955 2811 1027 proptera
2865 967 2976 1010 nec
3033 945 3257 1028 absque
3314 945 3503 1026 ptenis
3557 945 3686 1006 hac

295 1033 384 1089 ἐπὶ
416 1033 514 1108 μὲν
585 1034 690 1090 τῶν
733 1033 993 1108 ἀθεμίτων
1037 1035 1255 1110 νομικὸς
1311 1031 1583 1112 διορίξεται
1619 1035 1816 1110 κανὼν,
1879 1035 1952 1094 ὡς

2049 1029 2360 1094 iissolvere
2391 1033 2552 1108 licet,
2590 1054 2722 1096 cum
2775 1035 2850 1098 de
2907 1035 3152 1098 incestis
3211 1034 3419 1114 regula
3467 1032 3687 1114 jurisIl

295 1121 420 1179 ἔνθα
501 1124 563 1179 τὸ
632 1119 976 1206 συνάλλαγμα
1047 1123 1227 1199 νόμοις
1293 1121 1673 1202 ἀπρόσδεκτον,
1762 1122 1954 1190 ποινὴν

2049 1119 2302 1202 ieﬁniat,
2337 1122 2436 1184 ubi
2466 1132 2805 1188 contractus
2829 1125 3058 1206 legibus
3076 1124 3429 1186 interdictus
3442 1121 3539 1197 sit,
3567 1140 3689 1183 non

295 1210 639 1268 ἀπαιτεῖσθαι
698 1212 792 1269 οὒκ
865 1211 1086 1278 ἔξεστιν.
1169 1210 1290 1271 Ἐπὶ
1357 1211 1411 1269 δὲ
1476 1219 1581 1268 τῶν
1645 1210 1953 1291 ἐῤῥωμένων

2049 1208 2220 1271 licere
2247 1230 2478 1291 poenam
2503 1212 2776 1292 exigere.
2813 1214 2877 1276 In
2901 1215 2975 1276 iis
2992 1223 3213 1288 autem,
3239 1230 3371 1294 quas
3383 1213 3522 1291 jure
3549 1209 3691 1290 legi-

297 1301 388 1356 καὶ
421 1300 680 1377 νομίμων,
713 1301 890 1380 ὥσπερ
940 1301 994 1358 ἐν
1044 1315 1160 1366 τοῖς
1221 1303 1437 1380 γάμοις,
1489 1305 1540 1358 αἱ
1589 1301 1765 1358 ποιναὶ
1815 1300 1957 1356 ἀντι-

2049 1300 2268 1380 busque
2300 1301 2517 1378 valent,
2577 1305 3077 1384 quemadmodum
3128 1303 3191 1364 in
3222 1301 3462 1383 nuptiis,
3497 1317 3692 1380 poenae

300 1385 526 1445 δίδονται
557 1405 571 1419 ⁸
633 1391 675 1446 εἰ
720 1390 817 1465 μὲν
862 1390 913 1457 ἐξ
971 1393 1138 1456 αἰτίας
1182 1390 1426 1458 δηλονότι
1489 1397 1588 1458 τῆς
1619 1390 1864 1469 γυναικὸς
1895 1391 1955 1445 τὸ

2049 1390 2506 1468 persolvuntur:
2591 1402 2655 1453 ut
2725 1395 2952 1455 lucrum
3013 1396 3101 1455 vir
3157 1399 3579 1472 consequatur,
3639 1387 3691 1450 si

301 1475 567 1556 διαζύγιον
639 1479 930 1556 πέμπεται,
977 1483 1070 1538 τοῦ
1111 1479 1292 1560 ἀνδρὸς
1351 1479 1727 1560 κερδαίνοντος.
1788 1481 1846 1537 Εἰ
1903 1477 1958 1538 δὲ

2049 1478 2280 1557 quidem
2316 1499 2422 1560 per
2451 1498 2686 1544 causam
2722 1482 2990 1545 mulieris
3037 1481 3354 1562 repudium
3401 1479 3689 1551 mittatur,

301 1565 428 1645 παρ’
486 1568 653 1626 αἰτίαν
716 1572 808 1626 τοῦ
851 1569 1056 1650 ἀνδρὸς,
1105 1576 1202 1638 τῆς
1257 1573 1501 1650 γυναικὸς
1560 1568 1958 1649 ἀποφερομένης

2049 1567 2136 1628 sin
2169 1570 2338 1648 culpa
2368 1569 2501 1643 viri,
2553 1571 2784 1632 lucrum
2835 1572 3053 1634 mulier
3107 1569 3356 1632 auferat.
3411 1567 3512 1631 Sic
3541 1565 3689 1628 etin

299 1656 364 1711 τὸ
409 1655 612 1736 κέρδος,
646 1657 796 1716 Οὕτω
823 1661 910 1716 καὶ
939 1659 992 1716 ἐν
1034 1673 1156 1724 ταῖς
1211 1661 1541 1736 μνηστείαις,
1599 1665 1698 1726 τῆς
1759 1657 1956 1722 λύσεως

2049 1657 2440 1736 sponsalibus,
2471 1659 2762 1740 siquidem
2796 1680 2928 1722 cum
2964 1676 3146 1742 paena
3164 1657 3450 1721 consistat
3478 1673 3686 1721 eorum

299 1745 442 1801 τίετά
483 1747 770 1825 προστίμου
815 1748 1219 1824 συνισταμένης,
1268 1747 1534 1828 πρόδηλον
1593 1749 1667 1810 ὡς
1726 1750 1753 1804 ὁ
1813 1771 1952 1822 μνη-

2049 1745 2373 1823 dissolutio,
2409 1749 2958 1810 manifestissimum
2991 1757 3103 1822 est,
3135 1766 3295 1827 eum,
3318 1745 3419 1827 qui
3444 1761 3692 1826 sponsa-

300 1836 478 1891 στείαν
523 1836 909 1913 ωστησάμειος
957 1840 1043 1894 καὶ
1099 1840 1234 1894 κατά
1303 1838 1492 1914 νόμους
1553 1834 1954 1910 διαλυσάμενος,

2049 1834 2123 1895 lia
2154 1837 2468 1917 contraxit,
2519 1847 2578 1898 et
2633 1839 2961 1900 secundum
3027 1837 3189 1917 leges
3245 1834 3536 1908 dissolvit,
3576 1833 3692 1895 alia

302 1923 428 1982 εἶτα
483 1924 662 2005 ἑτέραν
709 1927 1066 2005 ἀγαγόμενος,
1125 1925 1340 2006 δίγαμός
1383 1926 1441 1984 τέ
1479 1930 1615 2006 ἔστι,
1668 1926 1755 1981 καὶ
1823 1923 1958 1981 οῧτω

2049 1924 2326 2005 deinceps
2359 1945 2543 1988 uxore
2601 1927 2798 2001 ducta,
2859 1925 3165 2006 digamum
3209 1941 3368 2004 esse,
3401 1936 3582 2004 atque
3611 1921 3692 1983 ita

305 2015 394 2070 νῦν
439 2014 526 2071 καὶ
555 2016 627 2078 εἷς
686 2017 746 2072 τὸ
806 2016 926 2082 ἑξῆς
956 2017 1374 2093 ὀνομασθήσεταί
1415 2038 1472 2072 τε
1527 2017 1616 2072 καὶ
1655 2013 1824 2075 ἔσται.
1885 2016 1956 2072 Τὸ

301 2100 349 2158 δ’
379 2103 506 2162 αὐτὸ
548 2101 758 2169 πάντως
801 2109 888 2163 καὶ
932 2106 1020 2162 ἐπὶ
1059 2113 1163 2162 τῶν
1205 2105 1454 2173 θηλειῶν.
1516 2103 1665 2162 Ἐπεὶ
1707 2107 1772 2160 τὰ
1827 2103 1958 2160 αὖτὰ

303 2189 388 2272 ἐφ’
445 2193 696 2273 ἑκατέρας
740 2195 946 2274 φύσεως
990 2198 1035 2252 οἱ
1080 2195 1233 2271 νόμοι
1278 2208 1493 2273 κρατεῖν
1551 2194 1646 2251 κάν
1689 2207 1807 2258 τοῖς
1863 2190 1959 2270 γά-

301 2303 428 2356 μοις
511 2281 608 2338 κάν
687 2297 803 2348 τοῖς
869 2283 1082 2363 ’ἑτέροις
1154 2282 1551 2362 συναλλάγμασι
1636 2284 1952 2354 θεσπίζουσι,

308 2368 606 2449 Διαῤῥήδην
648 2372 818 2429 τοίνυν
860 2372 1280 2454 ἀποφαινόμεθα,
1347 2371 1446 2428 ὅσα
1513 2373 1600 2428 καὶ
1657 2376 1749 2429 οἷα
1819 2371 1954 2450 πρό-

303 2483 462 2518 σωπα
507 2460 612 2518 ἀπὸ
639 2463 745 2519 τῶν
801 2462 1088 2520 πολιτικῶν
1145 2463 1345 2537 νόμων,
1392 2462 1428 2530 ἢ
1473 2462 1577 2518 ἀπὸ
1632 2461 1738 2518 τῶν
1802 2460 1952 2517 θείων

301 2551 565 2625 κανόνων,
594 2550 629 2619 ἢ
682 2551 788 2608 ἀπὸ
830 2555 924 2608 τοῦ
963 2550 1288 2619 δηλωθέντος
1348 2549 1623 2611 συνοδικοῦ
1664 2551 1852 2630 τόμιιυ,

301 2639 410 2696 ἀπὸ
466 2639 641 2720 ἑτέρου
699 2643 794 2697 τοῦ
866 2642 984 2720 περὶ
1052 2649 1329 2720 τριγαμίας
1400 2638 1670 2698 συνοδικοῦ
1730 2660 1787 2695 τε
1843 2639 1956 2715 ἅμα

300 2730 390 2784 καὶ
461 2728 734 2805 βασιλικοῦ
827 2730 1201 2806 θεσπίσματος,
1277 2732 1348 2794 είς
1432 2729 1605 2808 γάμου
1684 2729 1958 2786 κοινωνίαν

301 2815 619 2893 κεκώλυται,
693 2821 758 2876 τὰ
828 2820 957 2876 αὒτά
1011 2822 1097 2875 καὶ
1166 2820 1252 2876 ἐπὶ
1306 2826 1412 2876 τῶν
1496 2820 1796 2895 μνηστειῶν
1860 2817 1958 2884 τὴν

301 2903 533 2963 κώλυσιν
563 2906 948 2988 ἐναργεστάτην
977 2908 1040 2958 75
1095 2907 1271 2988 ἔχειν,
1318 2910 1406 2965 καὶ
1463 2907 1627 2984 μηδὲν
1671 2908 1814 2964 εἶναι
1857 2904 1955 2985 γά-

305 3017 410 3069 μου
465 3017 522 3051 τε
579 2999 666 3053 καὶ
736 2999 1022 3072 μνηστείας
1088 2997 1354 3078 διάφορον,
1415 2998 1489 3060 είς
1547 2997 1794 3053 σύστασιν
1867 2997 1960 3052 τοῦ

306 3088 406 3160 θεμ
417 3087 528 3142 ιτοῦ
556 3089 644 3143 καὶ
672 3087 966 3167 ἐρρωμὲνου
977 3135 988 3146 .

740 3183 922 3272 Ἐτέρα
953 3189 1195 3258 συνοδικὴ
1234 3190 1519 3270 ἀπόφασις,

890 3295 1013 3372 Περὶ
1060 3293 1365 3369 μνηστείας.

386 3400 525 3466 Μηνὶ
591 3399 811 3479 Μαρτίῳ
868 3389 957 3476 ιθ’,
1019 3399 1380 3477 ἐπινεμήσεως
1425 3391 1494 3475 δ’,
1544 3399 1690 3465 ’έτους
1733 3391 1955 3482 φοί,

301 3488 711 3566 προκαθημένου
779 3485 1025 3548 Ἰωάννου
1067 3492 1160 3547 τοῦ
1204 3489 1502 3567 ἀγιωτάτσυ
1557 3473 1742 3566 ἡμῶνΙ
1773 3489 1962 3548 δεσπό-

297 3601 394 3637 του
464 3579 552 3634 καὶ
615 3580 972 3653 οἱκουμενικοῦ
1013 3577 1368 3658 πατριάρχου,
1420 3579 1474 3635 ἐν
1515 3587 1593 3654 τῷ
1649 3587 1821 3659 μικρῷ
1877 3602 1962 3636 σε·

299 3668 495 3748 κρέτῳ,
556 3667 987 3746 συνεδριαζόντων
1058 3670 1200 3742 αὒτῴ
1281 3669 1370 3725 καί
1446 3691 1602 3724 τινων
1679 3668 1960 3748 ἀρχόντων

306 3755 702 3836 συγκλητικῶν,
787 3758 918 3836 πρὸς
1001 3758 1204 3822 τούτοις
1288 3756 1342 3812 δὲ
1426 3757 1829 3836 πανιερωτάτων
1897 3757 1961 3807 76

304 3843 738 3926 μητροπολιτῶν,
785 3848 877 3903 τοῦ
932 3847 1270 3926 Καισαρείας,
1329 3849 1422 3904 τοῦ
1481 3838 1818 3923 Ἡρακλείας,
1874 3852 1958 3905 τοῦ

2050 3844 2442 3923 tropolitanis.

305 3937 553 4009 Νικαίας,
611 3937 704 3992 τοῦ
735 3933 1096 4010 Χαλκηδόνος,
1151 3939 1244 3993 τοῦ
1285 3935 1518 3994 Τιτάνων
1557 3935 1642 4010 77,
1689 3939 1782 3993 τοῦ
1836 3947 1958 3995 Neo-

301 4026 634 4100 καισαρείας,
681 4027 774 4082 τοῦ
814 4023 1130 4101 Ἀμωρείου,
1163 4028 1256 4082 τοῦ
1305 4027 1575 4087 Κοτυαίου.
1639 4029 1730 4083 τοῦ
1782 4025 1960 4102 Ἀμά-

299 4111 535 4195 στριδος,
579 4116 673 4170 τοῦ
706 4113 1035 4189 Κελεσηνῆς,
1069 4117 1161 4171 τοῦ
1193 4113 1481 4196 Κολωνίας,
1535 4115 1622 4172 καὶ
1673 4115 1960 4196 ἀρχιεπισ-

303 4193 511 4276 κόπων,
611 4206 705 4260 τοῦ
784 4201 1104 4285 Σηλυϐρίας,
1174 4205 1268 4260 τοῦ
1352 4193 1604 4279 Ῥουσίου,
1703 4193 1791 4260 καὶ
1873 4205 1964 4260 τοῦ

301 4295 543 4359 Γοτθίας.

388 4388 468 4459 Τῇ
514 4387 649 4460 αὐτῇ
702 4382 878 4462 ἡμέρᾳ
932 4383 1038 4439 τῶν
1094 4381 1462 4462 συγκλητικῶν
1518 4381 1764 4440 ἁπάντων
1824 4383 1960 4442 ἀπο-

303 4470 695 4554 χωρησάντων,
785 4471 1028 4536 ἐλθόντος
1112 4471 1167 4530 δὲ
1250 4475 1337 4529 καὶ
1419 4475 1512 4528 τοῦ
1569 4471 1964 4552 μητροπολίτου

304 4567 550 4641 Πατρῶν,
608 4563 696 4618 καὶ
743 4561 1030 4640 συγκέλλου
1103 4564 1330 4642 Νικήτα,
1411 4562 1667 4641 προετέθη
1748 4564 1808 4617 τὸ
1865 4567 1962 4629 τῆς

305 4651 596 4729 μνηστείας
630 4648 1117 4731 ἀμφιϐαλλόμενον,
1181 4649 1234 4707 εἴ
1284 4673 1344 4730 γε
1392 4651 1504 4730 χρὴ
1563 4649 1616 4705 ἐν
1646 4663 1762 4714 τοῖς
1807 4674 1963 4730 γαμι-

301 4754 427 4805 κοϊς
498 4737 952 4818 συναλλάγμασιν,
1030 4739 1150 4797 ἔνθα
1221 4740 1522 4818 συγγενείας
1596 4739 1705 4796 ἐστὶ
1775 4741 1959 4816 νόμος,

303 4829 536 4889 κώλυσιν
563 4827 778 4907 ὶπάγων
838 4829 950 4885 ἀντὶ
1007 4829 1179 4910 γάμου
1219 4830 1416 4896 ταύτην
1478 4831 1768 4909 ᾼογίζεσθαι
1804 4848 1816 4862 ⁸
1875 4835 1964 4890 καὶ

301 4921 341 4989 ἢ
373 4917 741 4998 ἐπιτρέπεσθαι
787 4920 847 4975 τὸ
892 4921 1026 4991 μετά
1081 4922 1236 4976 τοῦτο
1281 4917 1477 4994 μέλλον
1532 4917 1790 4998 προϐῆναι
1849 4943 1964 4976 συν-

305 5009 560 5088 οικέσιον,
609 5008 645 5075 ἢ
702 5007 1109 5088 ἀποτρέπεσθαι,
1163 5011 1236 5071 ὡς
1308 5007 1536 5084 ἄθεσμόν
1593 5029 1648 5064 τε
1703 5011 1789 5065 καὶ
1866 5010 1961 5066 νό-

303 5119 428 5175 μοις
499 5095 919 5173 ἐναντιούμενον,
1006 5099 1094 5154 καὶ
1148 5098 1304 5162 θείοις
1362 5098 1544 5153 κανόσι
1600 5099 1955 5176 προσκόπτον,

303 5189 407 5246 Καὶ
480 5185 836 5264 ἦρωτηθησαν
905 5190 950 5244 οἱ
1023 5185 1456 5258 παδουσιοίζοντες
1527 5185 1752 5252 ἅπαντες
1821 5211 1956 5246 παν-

2043 2032 2224 2088 nunc,
2255 2025 2314 2075 et
2342 2015 2402 2077 in
2430 2024 2732 2093 posterum
2778 2017 3143 2078 nominatum
3176 2014 3270 2089 iri,
3315 2021 3374 2074 et
3402 2012 3686 2073 futurum.

2039 2101 2202 2166 Idem
2238 2123 2375 2166 vero
2406 2114 2466 2166 et
2494 2105 2553 2167 in
2586 2105 2825 2168 feminis
2881 2104 3126 2166 omnino
3168 2103 3362 2165 locum
3422 2099 3688 2162 habebit.

2041 2213 2174 2255 cum
2209 2197 2415 2256 eadem
2447 2195 2508 2256 in
2533 2205 2789 2277 utroque
2822 2215 2965 2258 sexu
2997 2203 3114 2256 tam
3136 2193 3198 2255 in
3229 2190 3473 2272 nuptiis,
3507 2207 3685 2271 quam

2040 2283 2269 2345 caeteris
2325 2285 2730 2347 contractibus
2787 2285 3083 2359 obtinere,
3175 2282 3339 2362 leges
3395 2278 3690 2342 sauciant.

2039 2372 2242 2454 Itaque
2272 2373 2495 2434 diserte
2509 2373 2986 2454 pronuntiamus,
3012 2390 3144 2454 quas
3169 2379 3228 2432 et
3243 2369 3694 2454 qualescunque

2040 2453 2308 2540 perSonaa
2335 2480 2442 2542 per
2462 2453 2623 2542 juria
2655 2462 2874 2535 civilia,
2899 2461 2994 2524 vel
3027 2453 3230 2523 sacros
3268 2459 3556 2537 canones,
3594 2453 3693 2517 vel

2038 2551 2362 2613 indicatam
2396 2551 2739 2630 synodalem
2776 2561 3025 2632 tomum,
3059 2549 3145 2611 vel
3182 2549 3358 2610 aliam
3389 2545 3465 2608 de
3497 2543 3694 2607 tertiis

2039 2641 2258 2720 nuptiis
2290 2641 2628 2722 synodalem
2691 2641 2914 2720 pariter
2967 2648 3026 2702 et
3068 2634 3514 2718 imperatoriam
3541 2651 3692 2694 san-

2042 2731 2326 2802 ctionem,
2387 2748 2421 2791 a
2478 2730 2780 2794 consortio
2841 2727 3265 2791 matrimoniali
3322 2731 3686 2786 arceantur:

2041 2821 2279 2880 easdem
2341 2834 2400 2881 et
2451 2818 2513 2880 in
2575 2820 2952 2899 sponsalibus
3010 2815 3473 2900 prohibitionem
3507 2811 3699 2874 mani-

2043 2907 2430 2970 festissimam
2467 2907 2711 2982 habere,
2746 2927 2856 2970 nec
2887 2908 3073 2970 ullum
3101 2924 3233 2968 esse
3262 2903 3606 2984 nuptiarum
3635 2907 3696 2963 et

2043 2997 2407 3077 sponsalium
2439 2996 2763 3060 discrimen
2820 2998 2882 3058 in
2930 2997 3066 3078 hoc,
3127 3004 3190 3058 ut
3217 2993 3382 3058 licite
3403 2992 3691 3072 justeque

2044 3088 2493 3150 contrahantur.

2412 3189 2629 3254 Altera
2656 3189 2964 3272 synodalis
2989 3193 3311 3252 sententia.

2613 3293 2707 3356 De
2732 3291 3127 3374 sponsalibus.

2124 3397 2346 3462 Iliensis
2403 3397 2599 3462 Martii
2655 3395 2753 3457 die
2809 3413 2934 3476 xsx,
3017 3393 3344 3458 indictione
3401 3413 3483 3472 Π,
3537 3414 3694 3459 anno

2043 3503 2198 3550 VICID
2228 3505 2282 3551 to
2310 3503 2490 3561 Lxxv,
2526 3484 2886 3566 praesidente
2913 3483 3164 3560 Joanne,
3201 3484 3574 3547 sanctissimo
3593 3486 3698 3548 do-

2044 3577 2208 3637 mino
2242 3585 2470 3656 nostro,
2521 3583 2579 3636 et
2607 3573 2928 3635 universali
2979 3573 3334 3654 patriarcha,
3369 3573 3432 3635 in
3465 3573 3699 3638 minore

2043 3667 2300 3728 secreto'
2316 3663 2716 3726 assidentibus
2737 3661 2850 3741 ipsi
2872 3662 3315 3742 magistratibus
3336 3662 3693 3744 quibusdam

2051 3753 2280 3815 ordinis
2309 3753 2614 3827 senatorii,
2652 3759 2984 3833 praeterque
3015 3753 3124 3812 hos
3146 3752 3539 3832 sanctissimis
3562 3771 3696 3816 me-

2545 3840 2919 3916 Caasariensi,
2979 3838 3372 3916 Heracliensi,
3427 3839 3690 3916 Nicasno,

2049 3931 2550 4008 Chalcedonensi,
2609 3929 2926 4012 Tyanensi,
2978 3929 3470 4005 Neoczesariensi,
3513 3931 3698 3992 Amo-

2043 4023 2252 4096 riensi,
2288 4023 2525 4104 Cotyzei,
2559 4019 2940 4096 Amastridis,
2970 4017 3291 4095 Celesenae,
3325 4018 3690 4084 Coloniensi:

2046 4121 2104 4174 et
2123 4111 2611 4193 archiepiscopis,
2624 4109 2898 4173 videlicet
2913 4108 3362 4190 archiepiscopo
3381 4106 3694 4185 Selebt‘iaa,

2044 4201 2266 4277 Russii,
2302 4211 2360 4265 et
2391 4201 2665 4266 Gotthiae.

2129 4381 2350 4444 Eodem
2381 4381 2498 4456 die,
2526 4399 2660 4443 cum
2702 4397 2910 4442 omnes
2940 4377 3167 4440 ordinis
3183 4376 3466 4440 senatorii
3478 4393 3696 4460 proce-

2047 4488 2144 4532 res
2166 4470 2588 4545 abcessissent,
2622 4478 2682 4534 et
2709 4469 3044 4530 advenisset
3068 4467 3563 4548 metropolitanus
3583 4465 3696 4530 Pa-

2048 4561 2284 4634 trensis,
2320 4569 2379 4622 et
2428 4560 2665 4623 Nicetas
2719 4559 3040 4640 syncellus,
3091 4557 3167 4620 de
3195 4556 3574 4638 Sponsalihus
3606 4561 3699 4618 est

2047 4651 2346 4730 proposita
2375 4651 2618 4732 quaestio
2653 4667 2666 4712 :
2729 4669 2869 4710 num
2921 4646 3149 4710 scilicet
3199 4645 3260 4707 in
3290 4644 3696 4709 contractibus

2047 4741 2433 4821 nuptialibus,
2467 4740 2570 4801 ubi
2627 4736 2996 4816 cognationis
3050 4737 3143 4798 lex
3201 4735 3696 4816 impedimentum

2047 4830 2239 4903 affert,
2282 4828 2580 4910 sponsalia
2613 4847 2717 4909 pro
2751 4825 2972 4906 nuptiis
3002 4823 3276 4887 habenda
3304 4823 3460 4900 sint;
3492 4831 3556 4884 ut
3603 4823 3694 4885 vel

2048 4919 2445 5000 permittatur,
2481 4917 2636 4999 quod
2666 4915 3123 4977 subsecuturum
3157 4921 3269 4989 est,
3303 4912 3644 4994 conjugium
3675 4935 3693 4987 ;

2046 5009 2134 5070 vel
2196 5009 2604 5088 prohibeatur,
2666 5015 2944 5087 tanquam
3001 5003 3298 5079 illicitum,
3362 5013 3420 5065 et
3451 5001 3690 5082 legibus

2043 5097 2432 5172 contrarium,
2466 5104 2524 5158 et
2574 5097 2634 5157 in
2665 5113 2867 5158 sacros
2898 5111 3160 5156 canones
3191 5091 3560 5174 impingens.
3589 5091 3691 5155 In-

2042 5185 2320 5263 terrogati
2343 5203 2482 5246 vero
2507 5185 2724 5261 cuncti,
2750 5183 2851 5265 qui
2889 5201 3087 5244 coram
3135 5182 3404 5256 aderant,
3437 5181 3693 5244 sanctis-

305 5274 648 5357 ιερώτατατοι
681 5275 980 5356 ἀρχιερεῖς,
1027 5277 1115 5333 καὶ
1163 5276 1322 5333 εἷπον
1376 5281 1530 5352 κοινῇ
1577 5275 1768 5354 γνώμη
1821 5279 1957 5334 κατὰ

2049 5275 2176 5339 simi
2209 5275 2542 5356 pontifices,
2575 5273 2879 5337 communi
2909 5271 3207 5334 sententia
3257 5270 3334 5334 de
3363 5271 3694 5353 quaestione

1619 5452 1873 5517 VARUE
1919 5445 2369 5523 LECTION'ES.

377 5562 442 5614 75
469 5564 872 5644 ὶνεργεστσίτην.
959 5562 1022 5614 76
1061 5562 1498 5644 θεοφιλεστάτων,
1586 5563 1647 5612 77
1677 5562 1903 5626 τυάνων.

959 5561 1022 5614 76
1061 5562 1498 5644 θεοφιλεστάτων,

376 5685 403 5728 δ
432 5683 476 5747 i.
510 5701 544 5744 v
576 5683 648 5746 ϐ.
681 5682 756 5745 de
783 5685 1051 5764 sponsal.
