4106 6454
388 329 509 409 759
1758 336 1792 397 ,ι’
1797 334 1891 397 US
1933 328 2009 391 CA

2234 329 2384 394 cum
3726 313 3855 383 160

382 470 775 527 controversa
804 465 1286 547 responderunt;
1320 464 1620 547 ejusmodi
1676 472 2003 529 contracto!

2241 460 2597 543 ἂναμφίϐολον
2653 460 2740 536 78,
2797 460 3062 521 κωλυτέον
3115 460 3258 519 εἶναι
3317 459 3392 517 τὸ
3469 453 3852 547 συνάλλαγμα

389 550 829 632 prohibendum
864 542 1020 629 esse,
1054 542 1625 636 quotiescelebratis
1642 554 2010 637 sponsalibus

2231 571 2249 605 ι
2293 542 2580 626 μνηστείας
2637 549 2938 632 προϐάσης,
2982 552 3071 607 καὶ
3124 550 3300 629 γάμου
3369 548 3462 623 μὴ
3529 542 3852 637 ἐπακολους

388 658 501 703 nec
533 642 757 704 secutis
788 644 1039 726 nuptiis,
1073 632 1207 705 cum
1251 661 1508 725 persona
1537 632 1812 725 quapiam
1844 645 1936 706 vel
1971 664 2004 703 ο

2225 660 2412 712 ἀντος,
2462 638 2593 718 πρός
2650 664 2702 697 τι
2757 641 3042 720 πρόσωπον
3094 639 3132 709 ἢ
3202 638 3309 695 ἀπὸ
3360 634 3731 726 συγγενείας,
3808 632 3846 703 ἢ

390 730 831 812 cognationem,
862 721 953 794 rel
991 732 1066 794 ob
1084 721 1427 796 afﬁnitatem
1456 721 1825 796 manifestam
1843 734 2011 796 vetita

2224 726 2577 808 ›ἆγχιστεὶας
2634 733 2931 810 προφανοῦς
2964 728 3294 808 εἰργόμενον,
3392 723 3604 802 μέλλει
3654 721 3845 803 ἕτερον

387 827 723 882 contractus
753 821 906 882 alius
931 821 1304 883 instituitur:
1342 823 1744 904 partim,quod
1780 841 2008 902 nonage

2228 819 2437 879 εσθῆναι
2481 817 2826 898 συνάλλαγμα
2861 835 2875 849 ·
2935 820 3091 876 τοῦτο
3135 816 3258 893 μὲν,
3302 816 3411 872 τοῦ
3461 813 3849 881 ἐνενηκοστοῦ

388 908 575 971 simus
631 918 872 972 octavus
928 928 1116 973 canon
1177 920 1397 972 sanctae
1451 902 1804 974 universalis
1872 919 2009 973 sext:

2224 904 2313 963 όου
2380 906 2601 969 κανόνος
2649 912 2746 975 τῆς
2802 907 2956 986 ἁγίας
3012 907 3394 982 οἷκουμενικῆς
3462 902 3645 1003 ἕκτης
3708 923 3843 958 συν-

386 998 593 1080 synodi
619 1000 704 1061 sic
726 1000 797 1061 ad
839 999 1085 1062 verbum
1112 1008 1330 1062 statuat
1357 1021 1368 1059 :
1405 1000 1531 1077 Qui
1575 1001 1689 1063 alii
1716 1002 2007 1081 desponsa

2223 1016 2270 1065 υ,
2329 993 2466 1051 οὕτω
2524 996 2660 1052 κατὰ
2736 997 2881 1074 ῥῆμα
2965 991 3430 1070 διαλαμϐάνοντος
3472 1010 3488 1024 ⁸
3579 990 3645 1050 Ὀ
3737 991 3844 1081 την

388 1094 539 1158 tam,
566 1087 689 1148 viro
713 1090 908 1150 adhuc
929 1088 1511 1170 superstite,duxerit
1533 1080 1881 1167 uxorem,ad
1895 1090 2009 1151 ulte

2219 1104 2292 1161 ρῳ
2350 1087 2765 1158 μνηστευθεῒσαν
2816 1083 2891 1139 ἔτι
2949 1089 3040 1141 τοῦ
3083 1081 3267 1163 ἀνδρὸς
3312 1084 3541 1154 ζῶντος
3611 1082 3694 1145 εἷς
3726 1080 3840 1170 γεί-

385 1174 462 1238 rii
489 1176 744 1238 crimine
794 1185 1034 1239 tenetor
1082 1169 1322 1259 (quippe
1364 1178 1478 1239 nisi
1521 1189 1714 1259 patres
1746 1181 1830 1240 illi
1859 1180 2006 1240 divir

2223 1198 2225 1215 .
2271 1171 2531 1250 ἀγόμενος
2562 1172 2645 1246 79,
2706 1181 2783 1248 τῷ
2838 1178 2936 1241 τῆς
2982 1172 3230 1253 μοιχείας
3271 1172 3601 1229 ὑποκείσθω
3632 1169 3844 1249 ἐγκλή-

386 1266 688 1346 sponsalia
720 1267 851 1328 loco
905 1266 1247 1347 nuptiarum
1302 1267 1673 1338 habuissent,
1710 1270 1810 1331 sed
1848 1288 1950 1347 pro
1978 1288 2007 1329 r

2218 1282 2252 1315 τι
2287 1276 2299 1289 ⁸
2378 1263 2442 1336 (εἰ
2482 1263 2580 1342 γὰρ
2623 1263 2700 1338 μὴ
2754 1260 3051 1341 ἐλογίζοντο
3108 1264 3155 1318 οἱ
3211 1264 3347 1318 θεῖοι
3414 1260 3671 1342 πατέρες
3733 1260 3839 1328 τὴν

386 1355 641 1436 quadam
674 1356 907 1417 diversa
942 1376 958 1429 ;
990 1374 1249 1436 quonam
1299 1357 1474 1418 modo
1507 1358 1783 1419 adulterii
1816 1358 1999 1419 crime

2219 1350 2413 1415 ιστείαν
2453 1354 2527 1413 εἱς
2581 1354 2755 1430 γάμου
2807 1350 2976 1432 τάξιν,
3031 1348 3152 1406 ἀλλ’
3210 1348 3343 1409 ἄλλο
3422 1372 3507 1428 τι,
3581 1352 3711 1415 πῶς
3774 1348 3840 1406 ἂν

384 1442 777 1523 impegissent
807 1445 886 1516 ei,
918 1445 1018 1525 qui
1052 1464 1186 1506 cum
1241 1446 1602 1526 desponsata
1660 1467 1794 1508 cum
1856 1448 2004 1509 alter

2220 1439 2372 1518 χείας
2444 1438 2743 1517 ἐγκλήματι
2821 1442 2912 1497 τὸν
2997 1439 3396 1516 συναπτόμενον
3493 1445 3573 1516 τῇ
3645 1438 3840 1517 ἕτερον

389 1534 834 1595 matrimonium
866 1536 1160 1596 contrahit
1193 1533 1219 1597 ?
1276 1535 1421 1597 Nam
1488 1538 1651 1598 haud
1697 1537 1875 1598 dubie
1905 1558 2010 1599 cun

2219 1526 2567 1605 λστευσαμὲνῃ
2619 1526 2932 1610 ὑπέϐαλον,
2992 1530 3129 1608 Πρὸς
3185 1526 3457 1601 ὅπανδρον
3508 1530 3623 1609 γὰρ
3701 1548 3840 1608 προ-

386 1632 566 1704 nupta
598 1625 986 1686 committitur
1007 1624 1390 1700 adulterium,
1416 1645 1524 1687 nec
1543 1626 1688 1687 citra
1715 1626 2007 1687 discrimet

2218 1639 2298 1680 ,ως
2366 1619 2399 1685 ἡ
2459 1619 2678 1698 μοιχεία
2750 1616 3180 1695 πλημμελεϊται,
3241 1620 3329 1675 καὶ
3388 1617 3708 1699 ἀδιάφορον
3787 1616 3839 1675 οἱ

385 1711 654 1773 ca‘mdem
692 1731 1000 1793 ptenarum
1062 1714 1355 1775 rationem
1416 1732 1483 1775 ac
1545 1716 1783 1777 modum
1819 1723 1934 1776 tam
1979 1716 2006 1775 i‘

2213 1705 2339 1769 ρόνες
2402 1708 2493 1763 τὸν
2546 1714 2649 1764 τῶν
2706 1708 2984 1783 ὶπιτιμίων
3027 1706 3188 1785 λόγον
3244 1709 3331 1764 καὶ
3373 1707 3598 1788 τρόπον
3648 1706 3745 1764 ἐπί
3772 1728 3834 1764 τε

384 1800 705 1874 adulterio,
728 1820 898 1880 puam
919 1803 976 1863 in
992 1802 1374 1879 scortatione,
1411 1822 1670 1865 canones
1693 1804 1982 1882 statuunt)

2211 1815 2222 1859 ;
2252 1796 2500 1876 μοιχείας
2532 1801 2619 1853 καὶ
2661 1803 2757 1865 τῆς
2816 1796 3061 1877 πορνείας
3091 1798 3165 1895 οὗ.
3205 1796 3460 1873 τίθενται)
3522 1798 3708 1895 τοῦτο.
3745 1794 3832 1877 δὲ,

384 1887 620 1970 partim,
648 1891 805 1971 quod
827 1900 881 1951 et
898 1891 997 1970 jus
1021 1891 1191 1952 civile
1236 1891 1405 1952 titulo
1446 1909 1505 1966 v,
1556 1892 1688 1953 libri
1716 1911 1901 1955 xxvm
1935 1896 2005 1955 Ba

2212 1894 2333 1943 ητοῦ
2374 1883 2648 1943 πολιτικοῦ
2677 1887 2841 1962 νόμου
2885 1887 2938 1943 ἐν
2994 1893 3072 1961 τῷ
3115 1883 3164 1942 ε’
3218 1886 3379 1962 τίτλῳ
3441 1896 3548 1946 τοῦ
3598 1883 3708 1955 κη’
3733 1887 3833 1965 βι-

381 1969 712 2056 Silicorum,
738 1978 798 2039 in
824 1969 979 2042 hanc
1011 1981 1367 2041 sententiam
1402 1981 1677 2062 loquatur
1736 1982 1924 2045 Patris
1954 1983 2002 2061 (4

2208 1974 2272 2032 ὀυ
2298 1974 2405 2031 τῶν
2436 1975 2731 2033 Βασιλικῶν
2762 1976 2899 2033 οὕτω
2943 1975 3192 2054 λέγοντος
3222 1993 3240 2011 ⁶
3301 1976 3411 2045 Τὴν
3469 1983 3577 2035 τοῦ
3613 1975 3829 2057 πατρός

381 2065 656 2129 fratrisve
689 2067 806 2129 mei
838 2087 1141 2147 sponsam,
1198 2088 1443 2130 uxorem
1498 2075 1717 2131 ducere
1749 2090 1865 2132 non
1900 2090 2002 2153 pos

2209 2062 2358 2153 a,__ﬁ
2413 2066 2507 2121 τοῦ
2575 2063 2800 2147 ἀδελφοῦ
2826 2065 2891 2116 80
2973 2087 3075 2141 μου
3132 2065 3376 2141 μνηστὴν
3454 2069 3523 2125 οὗ
3583 2064 3830 2141 δύναμαι

385 2173 539 2232 sum,
564 2157 711 2220 licet
749 2176 955 2219 eorum
979 2178 1195 2221 uxores
1220 2177 1338 2220 non
1364 2159 1608 2220 fuerint.
1641 2158 1786 2220 Nam
1810 2148 1916 2220 illa
1931 2179 2005 2221 no

2205 2148 2435 2227 μϐάνειν,
2511 2152 2611 2210 κᾶν
2688 2156 2915 2234 γαμεταὶ
2971 2158 3142 2213 αὐτῶν
3226 2158 3287 2213 οὗ
3350 2155 3690 2234 γεγόνασιν.
3776 2162 3826 2213 Η

385 2263 599 2321 vercaa,
634 2246 760 2308 hac
786 2265 968 2308 nurus
1011 2248 1205 2309 locum
1248 2247 1444 2310 habet.
1488 2246 1657 2325 Item,
1699 2257 1823 2329 post
1855 2249 2006 2329 capit

2206 2263 2226 2293 ν
2257 2241 2354 2329 γὰρ
2416 2249 2694 2322 μητρυιᾶς,
2748 2246 2781 2311 ἡ
2836 2242 2892 2300 δὲ
2952 2243 3159 2324 νύμφης
3213 2241 3359 2309 τάξιν
3401 2242 3638 2325 ἐπέχει,
3722 2244 3827 2303 Καὶ

388 2334 659 2414 quaedam
683 2335 812 2413 (5):
848 2334 1129 2408 Quamvis
1166 2337 1385 2397 multas
1417 2345 1583 2415 pater
1614 2328 1783 2398 meus
1812 2328 2009 2399 habuit

2199 2328 2264 2384 τά
2330 2352 2445 2386 τινα
2492 2331 2753 2413 κεφάλαια
2782 2351 2796 2366 ·
2861 2331 2968 2391 Κᾶν
3039 2329 3239 2396 πολλὰς
3283 2332 3451 2413 ἔσχεν
3514 2335 3547 2389 ὁ
3622 2335 3818 2413 πατήρ

386 2423 611 2485 nullam
628 2441 832 2487 earum
853 2424 1007 2486 duco
1034 2426 1144 2506 (6).
1184 2424 1309 2487 Nec
1336 2434 1580 2486 matrem
1597 2444 1829 2503 sponsae
1846 2446 2003 2507 quon

2199 2438 2250 2496 υ,
2306 2416 2549 2495 οὐδεμίαν
2635 2420 2805 2477 αὐτῶν
2882 2417 3162 2495 λαμϐάνω,
3222 2419 3350 2479 Οὐδὲ
3407 2421 3639 2502 μητέρα
3712 2426 3820 2489 τῆς

389 2512 525 2575 dam
554 2531 722 2574 mese.
780 2511 1008 2593 Quippe
1040 2533 1171 2576 mea
1192 2532 1400 2575 socrus
1420 2513 1550 2581 fuit.
1574 2514 1757 2594 Igitur
1778 2524 1835 2576 et
1852 2505 1912 2577 in
1930 2517 2007 2580 ho

2197 2505 2252 2561 τὲ
2289 2530 2389 2581 μου
2434 2515 2676 2584 μνηστῆς
2711 2529 2725 2543 θ
2787 2510 2974 2589 γέγονε
3019 2509 3119 2590 γάρ
3163 2533 3267 2586 μου
3323 2512 3583 2591 πενθερά.
3626 2510 3817 2580 Δῆλον

390 2600 772 2681 perspicuum
792 2610 903 2682 est,
928 2602 1123 2682 legum
1141 2602 1483 2664 conditores
1505 2604 1786 2665 habuisse
1801 2622 2011 2683 Sponsa

2194 2619 2212 2649 ν
2269 2598 2355 2653 καὶ
2413 2596 2498 2654 ἐπὶ
2549 2600 2756 2674 τούτου,
2804 2600 2917 2657 ἀντὶ
2972 2601 3148 2678 γάμου
3216 2598 3316 2667 την
3376 2600 3695 2675 μνηστείαν
3764 2598 3815 2657 οἱ

387 2688 466 2751 lia
488 2707 595 2771 pro
621 2689 847 2770 nuptiis
865 2699 923 2750 et
950 2691 1219 2753 illicitum
1241 2691 1609 2754 existimasse
1632 2722 1665 2767 ί,
1700 2693 1854 2773 quod
1888 2713 2008 2755 coni

2189 2685 2399 2759 μοθέται
2472 2687 2670 2761 ἔθεντο,
2726 2690 2812 2746 καὶ
2882 2688 3109 2765 ἄθεσμον
3167 2690 3230 2745 τὸ
3275 2686 3584 2764 συμϐαῖνον
3650 2692 3810 2769 ἡγή-

388 2776 681 2859 sequitur,
710 2778 1122 2861 sanxisseque,
1146 2800 1263 2842 non
1298 2800 1476 2861 posse
1509 2782 1813 2861 conjungi.
1845 2783 2003 2863 Atqu

2194 2796 2305 2849 ντο,
2373 2779 2461 2834 καὶ
2516 2778 2594 2853 μὴ
2639 2779 2757 2835 οἷόν
2796 2800 2852 2835 τε
2910 2779 3255 2837 συνάπτεσθαι
3311 2777 3634 2843 ἐθέσπισαν,
3706 2781 3812 2839 Καὶ

388 2866 516 2928 11ωο
531 2866 918 2929 deafﬁnitate.
941 2867 1085 2930 Nam
1105 2871 1998 2950 postenumeratasanguinisim

2186 2872 2285 2922 ῦτα
2352 2866 2438 2924 ἐπὶ
2512 2866 2845 2948 ἀγχιστείας,
2910 2868 3056 2924 Μετὰ
3126 2868 3227 2946 γὰρ
3278 2868 3340 2922 τὸ
3394 2867 3807 2947 ἀριθμήσασθαι

385 2955 756 3036 pedimenta,
779 2955 1119 3036 subjiciunt:
1144 2958 1257 3021 Sed
1280 2967 1337 3020 et
1356 2958 1488 3019 aliae
1515 2965 1895 3041 nuptiae,quae
1922 2980 2006 3022 no

2192 2975 2216 3016 ς
2289 2953 2341 3020 ἐξ
2413 2956 2644 3033 α’ἷματος
2700 2956 2955 3021 κωλύσεις
3014 2957 3300 3035 ὶπάγουσιν
3335 2959 3352 2986 ⁸
3430 2958 3552 3014 Εἰσὶ
3611 2956 3670 3014 δὲ
3715 2958 3808 3015 καὶ

389 3042 465 3106 ob
474 3045 980 3124 juscognationis,
1021 3048 1123 3108 sed
1142 3056 1388 3129 propter
1400 3036 1753 3110 affinitatem
1764 3036 1881 3111 non
1899 3067 2010 3129 pro

2184 3064 2312 3124 εροι,
2346 3046 2406 3103 οὐ
2433 3043 2517 3103 διὰ
2569 3047 2763 3122 θεσμὸν
2819 3045 3152 3124 συγγενείας,
3209 3043 3294 3101 διὰ
3347 3043 3403 3101 δὲ
3468 3046 3805 3127 ἀγχιστείαν

391 3131 781 3195 cedunt.Etin
797 3134 1137 3215 bujusmodi
1153 3136 1716 3216 impedimentorum
1737 3157 2012 3199 enumera

2183 3131 2625 3211 ἡπροόαίνοντες.
2678 3137 2773 3192 Καὶ
2806 3135 2860 3191 ἐν
2890 3139 2966 3208 τῷ
3022 3132 3311 3213 καταλόγῳ
3362 3140 3471 3192 τῶν
3528 3138 3804 3195 τοιούτων

392 3219 578 3302 tione,
611 3222 895 3302 praedicta
915 3243 1156 3306 quoque
1181 3226 1373 3307 capita
1389 3226 1774 3290 collocantur.
1791 3227 1876 3289 Ac
1891 3247 2010 3308 pra:

2188 3220 2476 3299 ›λυμάτων,
2538 3225 2907 3281 συντάττονται
2992 3224 3079 3280 καὶ
3148 3223 3215 3279 τὰ
3284 3223 3544 3303 εἰρημένα
3625 3224 3809 3306 κεφά-

387 3316 591 3371 sentes
603 3328 725 3373 una
739 3313 1099 3375 sanctissimi
1126 3314 1437 3394 pontifices
1460 3315 1519 3375 in
1535 3315 1685 3377 hanc
1698 3317 2008 3379 canonicar

2185 3332 2274 3372 ιια.
2340 3314 2437 3370 Καὶ
2506 3314 2552 3369 οἱ
2608 3313 2968 3392 συμπαρόντες
3050 3311 3433 3390 πανιερώτατοι
3462 3309 3517 3354 εί
3598 3313 3806 3396 ἀρχιε-

387 3397 761 3481 legalemque
787 3402 1143 3466 sententiam
1170 3412 1625 3479 consenserunt,
1652 3405 1733 3467 ita
1749 3424 1813 3467 se
1826 3405 2008 3467 sentir

2191 3413 2243 3463 ῖς
2274 3407 2341 3477 τῇ
2373 3403 2594 3479 τοιαύτῃ
2656 3408 2910 3479 κανονικῂ
2953 3422 3010 3458 τε
3067 3402 3155 3458 καὶ
3196 3407 3393 3479 νομικῇ
3425 3403 3627 3481 γνώμῃ
3655 3406 3808 3480 ὡμο-

385 3503 458 3550 ac
478 3487 682 3550 dicere
704 3490 979 3569 professi,
1007 3509 1119 3553 nec
1146 3490 1447 3555 diversum
1473 3493 1614 3573 quid
1641 3512 1705 3555 se
1719 3493 1805 3555 vel
1820 3493 2006 3572 cogita

2183 3490 2505 3565 ιωμόνησαν,
2567 3492 2655 3548 καὶ
2724 3490 2862 3549 οὕτω
2919 3504 3134 3570 φρονεῖν
3194 3510 3255 3547 τε
3311 3493 3401 3548 καὶ
3442 3490 3628 3571 λέγειν
3700 3493 3804 3549 ἂν·

388 3574 575 3652 tione,
597 3577 688 3639 vel
711 3576 864 3641 facto
884 3578 1158 3659 probare,
1187 3581 1350 3643 velut
1372 3600 1493 3644 una
1511 3601 1652 3644 voce
1692 3584 2009 3663 pronuntia

2184 3578 2515 3660 μολόγησαν,
2559 3581 2647 3637 καὶ
2677 3579 2842 3655 μηδέν
2871 3603 2920 3636 τι
2979 3580 3212 3637 ἐναντίον
3252 3593 3468 3660 φρονεῖν
3529 3581 3570 3650 ἢ
3625 3585 3805 3662 πράτ-

387 3666 1039 3748 rnntzquandoquidem
1053 3678 1111 3730 et
1124 3669 1182 3730 in
1196 3670 1741 3733 renuntiationibus
1753 3673 1825 3734 ad
1841 3691 2008 3734 sacer

2183 3691 2259 3743 ιν,
2294 3669 2587 3749 ὁμοφώνως
2618 3670 2682 3719 82
2748 3670 2980 3736 ἐξεῖπον,
3045 3669 3195 3727 Ἐπεὶ
3263 3670 3352 3726 καὶ
3420 3668 3474 3726 ὲν
3537 3684 3670 3734 ταῖς
3729 3672 3804 3735 εἰς

388 3751 641 3827 dotium,
677 3755 758 3818 ita
788 3774 852 3817 se
886 3764 1009 3819 tum
1060 3757 1282 3833 facere,
1339 3767 1460 3821 tum
1496 3778 1707 3822 manus
1739 3762 2009 3842 imponer

2183 3760 2417 3836 ρωσύνην
2448 3758 2829 3839 παραγγελίαις
2887 3759 3023 3816 οὕτω
3079 3772 3257 3816 ποιεῖν
3312 3759 3402 3815 καὶ
3460 3764 3804 3840 χειροθετεῐν

390 3842 903 3915 dicerent,utcum
918 3847 1265 3928 quisaliqua
1277 3847 1784 3929 sibidesponsata,
1807 3869 1916 3911 nec
1931 3870 2011 3916 ma

2178 3869 2350 3925 ρασαν,
2411 3851 2485 3912 ὡς
2542 3848 2631 3906 ὅτε
2674 3871 2754 3913 τις
2825 3848 3290 3924 μνηστευσάμενός
3357 3869 3499 3929 τινα,
3565 3852 3659 3907 καὶ
3719 3849 3799 3925 μὴ

389 3930 1358 4017 trimoniocopulata,quocunque
1372 3938 1549 3999 modo
1576 3957 1705 4000 eam
1734 3939 2010 4001 deserens

2179 3938 2266 3999 κτὰ
2315 3939 2487 4015 γάμον
2546 3940 2841 4018 συναφθεὶς,
2925 3937 3188 4005 ἀποσταίη
3242 3938 3440 4006 ταύτης
3491 3936 3800 4014 οἱῳδήποτε

386 4019 561 4097 aliud.
579 4021 801 4085 deinde
823 4024 1158 4100 legitimum
1187 4026 1633 4088 matrimoninm
1648 4029 2007 4090 contraxerit

2177 4027 2337 4106 ρόπῳ,
2398 4029 2521 4085 εἶτα
2607 4028 2768 4108 ἑτέρῳ
2836 4028 3046 4103 νομίμῳ
3126 4027 3286 4106 γάμῳ
3340 4030 3599 4107 συναφθῇ,
3677 4027 3798 4085 οὔτε

393 4126 507 4170 nec
523 4111 810 4175 sacerdos
831 4112 1167 4195 ordinetur,
1203 4134 1313 4176 nec
1346 4115 1501 4177 forte
1525 4134 1629 4196 per
1658 4116 2014 4195 ignorantiat

2175 4114 2313 4193 ιρέως
2399 4119 2730 4197 χειροτονίαν
2796 4115 3034 4197 δέχεται,
3116 4113 3236 4172 οὔτε
3320 4124 3796 4195 χειροτονούμενος

394 4198 725 4273 ordinatus,
750 4201 1071 4282 quidquam
1096 4204 1324 4265 fructus
1355 4203 1495 4265 inde
1522 4206 1745 4269 referat
1776 4226 1791 4285 ;
1825 4207 1928 4266 sed
1955 4225 2015 4267 sa

2172 4224 2270 4267 τως
2302 4203 2353 4270 ἐξ
2383 4206 2597 4283 ἀγνοίας
2639 4203 2899 4286 ὠφέλειαν
2952 4205 3070 4260 τινὰ
3125 4202 3272 4284 ἔχει,
3320 4202 3456 4260 ἀλλὰ
3484 4209 3588 4273 τῆς
3634 4210 3793 4285 ἱερωσ-

395 4286 684 4367 cerdotio,
723 4289 900 4350 veluti
932 4291 1226 4369 digamus,
1264 4293 1516 4354 excidat.
1552 4291 1698 4354 Nam
1731 4303 1788 4355 et
1819 4295 1921 4374 qui
1942 4295 2014 4356 de

2173 4292 2318 4367 ύνης,
2405 4297 2479 4361 ὡς
2564 4294 2806 4374 δίγαμος,
2878 4292 3266 4373 ἀλλοτριοῦται.
3324 4290 3474 4350 Ἐπεὶ
3532 4296 3626 4352 καὶ
3694 4294 3794 4361 τὴν

392 4383 739 4467 sponsatam
750 4377 851 4467 alii
868 4378 1124 4456 duxerit,
1151 4381 1224 4442 ad
1248 4382 1562 4444 sacerdotii
1576 4383 1822 4463 gradum
1837 4401 2013 4445 ascen

2174 4384 2298 4462 εέρῳ
2343 4391 2760 4461 μνηστευθεϊσαν
2803 4386 2855 4443 εἴ
2898 4408 2979 4449 τις
3041 4386 3333 4463 ἀγάγηται,
3385 4386 3458 4450 είς
3501 4388 3790 4467 ἱερωσύνης

390 4461 540 4555 dere
572 4466 946 4546 prohibetur.
981 4468 1080 4531 Sic
1111 4488 1173 4530 se
1206 4477 1326 4531 tum
1348 4461 1652 4552 judicare,
1675 4485 1797 4533 tum
1822 4473 2011 4534 dicere

2171 4461 2334 4551 αθμὸν
2379 4475 2711 4553 ἐμποδιζεται
2782 4461 3101 4536 ἆναϐαίνεινξ
3159 4461 3310 4533 Οὕτω
3360 4476 3449 4532 καὶ
3504 4461 3792 4555 γινώσκειν

391 4552 624 4646 pariter
649 4573 862 4619 omnes
892 4558 1345 4639 deposuerunti
1382 4578 1398 4637 ;
1449 4571 1509 4622 et
1552 4559 1639 4622 sic
1668 4560 1741 4622 ab
1774 4561 2012 4624 omnibu

2169 4565 2221 4620 αὶ
2282 4552 2456 4644 λέγειν
2508 4569 2644 4643 ὁμοῦ
2685 4567 2876 4629 πάντες
2933 4563 3235 4645 κατέθεντο,
3281 4564 3371 4621 καὶ
3426 4552 3564 4622 οῧτιι)
3610 4565 3788 4646 πράτ-

392 4639 760 4735 faciendum,
793 4649 1281 4725 pronuntiarunt.

2127 4656 2304 4710 τεσθαι
2336 4639 2396 4712 ἐκ
2425 4639 2624 4719 παντὸς
2654 4657 2856 4735 χρεὼν,
2902 4639 3257 4734 ἐξεφώνησαν.

622 4731 729 4796 ΙΙΙ.
761 4734 849 4825 De
878 4736 1115 4799 clericis
1148 4754 1370 4800 causas
1399 4736 1721 4819 agentibus
1751 4740 1799 4802 κ.

2437 4734 2515 4803 Γ’.
2558 4731 2973 4825 Περὶ-κληρικῶν
3000 4731 3458 4822 συνηγορούντων.

384 4906 424 4969 b
465 4817 818 4887 Subnotatio
847 4825 1223 4906 patriarchas,
1245 4817 1488 4907 .domini
1515 4826 1782 4904 Joannis,
1816 4828 1904 4891 sic
1932 4829 2005 4891 ha

429 4919 492 4973 ει

2161 4921 2184 4978 ὕ
2210 4836 2281 4891 Τὸ
2311 4834 2595 4911 σημείωμα
2634 4817 2740 4894 ’τοῦ
2793 4817 3126 4913 πατριάρχου
3155 4817 3358 4912 -κυρίω
3386 4830 3634 4894 Ἰωάννου
3664 4835 3782 4917 ἔχει

2186 4943 2263 4978 τω
2296 4938 2309 4951 ·

2125 4938 2263 4979 ουτω
2296 4938 2309 4951 ⁸

464 4999 669 5065 Mense
707 5000 1057 5081 Februario,
1095 5021 1195 5067 κη
1224 5002 1345 5080 die,
1377 5021 1440 5068 ut
1469 5003 1798 5068 indictione
1821 5028 1857 5071 ι.
1894 5006 2037 5071 Cum

2205 5013 2345 5078 Μηνὶ
2386 5009 2721 5094 Φεϐρουαρίῳ
2763 5002 2870 5088 9",
2929 5010 3104 5091 ἡμέρᾳ
3159 4999 3237 5094 γ’,
3294 5012 3658 5092 ἐπινεμήσεως
3697 5006 3776 5098 η’)

1710 5183 1972 5250 νΑΒω
2015 5186 2335 5256 LECTION
2340 5189 2453 5255 ES.

457 5301 865 5383 Ἷοικάμφίϐολον.
953 5305 1021 5357 79
1049 5306 1479 5389 ἀναγαγόμενος,
1565 5307 1630 5359 80
1653 5318 1748 5368 τοῦ
1787 5311 1921 5374 υἱοῦ,
2007 5310 2063 5362 8l
2097 5311 2515 5394 θεοφιλέστατοι,
2601 5310 2666 5363 82
2692 5313 3028 5394 ὂμοφρόνως.

381 5433 889 5577 ἱηᾶᾳίῖξειίγηὲεεε
920 5436 1082 5500 hunc
1111 5453 1342 5502 casum.
1373 5446 1391 5499 t
1419 5438 1629 5501 testati
1656 5446 1820 5503 sunt.
1852 5456 1889 5500 Ir
1929 5459 2267 5506 causarum
2312 5444 2633 5524 patremisl
2669 5441 2891 5507 Mensis
2933 5441 3245 5506 Fcbruari
3266 5441 3366 5507 die
3404 5444 3465 5528 6,
3512 5446 3672 5526 feria:
3718 5442 3775 5520 3,

495 5530 552 5576 cc
582 5530 726 5576 sane
802 5563 816 5577 .

1950 5612 2200 5680 NOTAE.

748 5716 973 5810 νει-ιβ.
1014 5718 1044 5799 §
1080 5720 1131 5810 1..
1148 5716 1235 5810 ρ.
1265 5719 1341 5783 dc
1369 5723 1481 5810 rit.
1512 5727 1687 5810 imp}.
2211 5726 2291 5805 (6)
2320 5728 2380 5791 d.
2410 5730 2449 5794 Ι.
2490 5729 2585 5804 l4,
2622 5728 2652 5810 §
2680 5728 2793 5792 ult.

452 5792 545 5877 (δ)
579 5792 625 5859 Ι.
665 5796 761 5861 14.
791 5798 821 5878 §
850 5792 1040 5863 Nunc
1060 5799 1394 5864 videamus.
1430 5800 1503 5865 D.
1535 5792 1673 5864 eod.
