4106 6420
325 354 433 422 1θὶ

1669 360 2365 431 θΒΜο-ΒΟΜΑΝΠΜ

3585 358 3706 438 76!

322 493 561 560 Πολλοὺς
589 500 700 554 τῶν·
723 495 1178 566 ἔκκλησιαστικῶν
1227 499 1316 556 καὶ
1357 503 1615 578 μοναχιῖιν
1645 502 1966 578 καθορῶντες

2057 497 2273 560 mnltos
2305 499 2739 563 acciesiasticos
2773 510 2832 566 et
2861 506 3190 568 monachos
3210 505 3546 569 videremus
3565 505 3709 568 alie-

322 583 598 650 ὑποθέσεις
646 583 922 666 ἀλλοτρίας
1004 583 1413 666 ὒποδουμένους,
1485 589 1573 644 καὶ
1641 588 1974 668 ὑπεραγωνι-

322 673 576 749 ζομένους
643 680 750 731 τῶν
793 674 1148 753 δικαζομένων
1217 677 1271 734 ἐν
1315 676 1573 751 πολιτικῷ
1627 678 1715 734 καὶ
1770 676 1973 744 ἔκκλη-

326 770 585 838 σιαστικῷ
641 761 964 843 δικαστηρίῳ
995 782 1014 802 ο
1089 764 1147 821 ἀ)
1159 764 1365 846 λότριον
1439 771 1536 833 τῆς
1592 765 1971 832 ἐκκλησιαστι-

323 859 430 921 κῆς
461 855 734 922 συνηθείας
785 857 874 912 καὶ
951 861 1049 924 τῆς
1119 863 1226 912 τῶν
1297 858 1534 932 νομίμων
1591 854 1856 937 ἀκριϐείας
1910 857 1971 912 τὸ

321 943 688 1023 πραττόμενον
758 945 1050 1026 κρίναντες,
1142 944 1499 1026 διοριζόμεθα,
1587 946 1778 1016 μηκέτι
1878 954 1973 1004 τοῦ

316 1031 508 1090 λοιποῦ
550 1034 688 1108 μήτε
720 1036 960 1114 μοναχὸν
1005 1036 1142 1110 μήτε
1195 1035 1301 1092 τῶν
1357 1057 1474 1092 τινα
1515 1034 1971 1102 ἒκκλησιαστικῶν

310 1120 592 1202 ἀλλοτρίας
649 1123 868 1203 ἀγωγὰς
957 1124 1430 1204 ὒπεισερχόμενον,
1530 1125 1584 1181 ἐν
1655 1123 1974 1203 δικαστηρίῳ

307 1212 653 1290 συνηγορεῖν.
700 1210 1019 1292 Ἐργολαϐία
1069 1216 1169 1292 γὰρ
1201 1212 1442 1294 ἄντικρυς
1499 1221 1653 1272 τοῦτο
1697 1233 1713 1248 ⁸
1745 1216 1834 1270 καὶ
1875 1213 1970 1271 οὐκ

311 1297 376 1356 ἔν
405 1314 493 1366 τῖς
563 1302 803 1358 τοιοῦτόν
870 1324 926 1358 τι
999 1301 1472 1382 διαπραττόμενος,
1533 1304 1633 1371 τὴν
1716 1303 1821 1360 ἀπὸ
1868 1308 1967 1370 τῆς

311 1391 470 1465 ἡμῶν
528 1389 872 1469 μετριότητος
943 1393 1250 1468 επιτίμησιν
1293 1390 1656 1472 διαφεόξηται.
1707 1391 1856 1460 Πλὴν
1924 1394 1967 1448 εἷ

317 1479 399 1554 μή
456 1501 572 1542 πως
645 1479 1094 1548 ἐκκλησιαπικῆς
1165 1480 1458 1545 ὑποθέσεως
1532 1481 1718 1554 οὔσης,
1777 1480 1966 1538 κελευ-

317 1570 466 1635 σθείη
551 1567 677 1648 παρ’
741 1571 894 1646 ἡμῶν
984 1570 1454 1650 ὑπεραγωνίζεσθαι
1537 1571 1751 1651 θατέρὸυ
1779 1570 1966 1651 μέρους

310 1661 419 1714 τῶν
482 1657 864 1734 δικαζομένων,
965 1662 1264 1726 Τηνικαῦτα
1347 1660 1451 1738 γὰρ
1535 1659 1635 1725 ἕξει
1720 1663 1813 1716 σὺν
1892 1667 1969 1734 τῷ

313 1745 584 1820 ἀμέμπτῳ
624 1749 713 1804 καὶ
762 1749 824 1804 τὸ
892 1748 1292 1825 ἀνεπιτίμητον.
1380 1750 1451 1807 Τὸ
1507 1748 1562 1805 δὲ
1635 1751 1804 1828 παρὸν
1860 1772 1966 1816 ση-

2058 605 2164 677 nas
2193 607 2399 650 causas
2447 589 2794 666 subeuntes,
2830 599 2889 654 et
2920 611 3028 673 pro
3071 594 3145 656 iis
3175 593 3569 671 decertantes,
3603 595 3706 677 qui

2055 675 2116 737 in
2162 677 2435 740 civilibus
2487 686 2545 741 et
2593 679 3014 744 ecclesiasticis
3055 682 3300 763 judiciis
3329 683 3597 762 litigant;
3627 675 3706 747 ab

2056 766 2460 829 ecclesiastica
2509 771 2967 846 consuetudine,
3030 781 3090 833 et
3146 772 3341 853 legum
3397 773 3702 853 gravitate,

2055 856 2210 936 quod
2273 856 2470 930 ﬁebat,
2530 857 2788 920 alienum
2848 860 3190 940 judicantes
3271 862 3583 924 statuimus
3641 874 3705 922 ut

2055 961 2234 1006 nemo
2284 945 2590 1026 deinceps,
2631 967 2742 1009 nec
2800 951 3146 1025 monachus,
3181 969 3291 1014 nec
3325 951 3478 1012 ullus
3505 951 3705 1013 eccle-

2052 1032 2350 1107 siasticus,
2410 1035 2635 1098 aiienas
2691 1055 2900 1099 causas
2952 1052 2995 1082 ω
3047 1039 3384 1121 suscipiens
3429 1039 3490 1100 in
3534 1037 3703 1118 judi-

2052 1121 2146 1182 cio
2162 1122 2532 1186 defendat.ld
2563 1125 2722 1187 enim
2741 1139 2829 1189 est
2855 1134 3058 1208 aperte
3082 1129 3451 1191 mercenaria
3470 1145 3651 1208 opera
3685 1147 3700 1188 :

2053 1218 2110 1272 et
2141 1231 2318 1273 nomo
2365 1213 2478 1275 tale
2525 1214 2665 1294 quid
2717 1233 2922 1293 agens,
2976 1225 3196 1280 nostrae
3226 1217 3650 1280 moderationis
3680 1229 3708 1262 ιι

2051 1301 2409 1382 supplicium
2470 1304 2756 1383 effugiet:
2824 1313 3216 1387 praeterquam
3245 1306 3314 1368 ‘si
3366 1307 3517 1369 forte
3572 1324 3704 1368 cum

2051 1391 2128 1450 sit
2167 1408 2342 1452 causa
2394 1392 2820 1462 ecclesiastica.
2882 1413 2915 1455 a
2970 1395 3140 1457 nobis
3191 1395 3475 1476 jubeatur
3519 1396 3702 1457 alter-

2051 1479 2244 1540 utrius
2301 1479 2608 1558 ligantium
2669 1483 2855 1561 partis
2910 1482 3318 1546 defensionem
3377 1483 3705 1564 suscipere.

2053 1565 2219 1629 Tunc
2267 1567 2429 1629 enim
2460 1577 2848 1650 praeterquam
2892 1571 3046 1652 quod
3080 1576 3190 1634 erit
3221 1571 3710 1653 reprehensionis

2053 1673 2286 1736 expers,
2322 1657 2380 1718 in
2416 1677 2646 1738 pmnam
2678 1677 2914 1740 quoque
2943 1679 3060 1722 non
3084 1661 3275 1723 cadet.
3312 1664 3574 1724 i’rzesens
3595 1681 3703 1722 au-

2051 1751 2168 1806 tem
2189 1746 2522 1808 subnotatio
2553 1747 2829 1808 omnibus
2851 1767 3088 1830 quoque
3118 1749 3707 1830 civilibusjndicibus

315 1834 534 1911 μείωμα
591 1837 1058 1915 δπαναγνωσθῆναι
1119 1839 1314 1915 ὡρίσθη
1355 1839 1445 1895 καὶ
1500 1845 1630 1896 πᾶσι
1685 1853 1802 1902 τοῖς
1859 1862 1965 1895 πο-

2055 1833 2344 1914 legijussa
2373 1845 2462 1897 est
2488 1857 2500 1898 :
2548 1845 2610 1898 ut
2632 1855 2765 1898 cum
2797 1838 2983 1900 nostri
3003 1839 3228 1900 decreti
3248 1839 3556 1901 scientiam
3587 1840 3704 1900 ha-

312 1923 546 1989 λιτικοῖς
617 1923 900 1992 δικασταῖς
933 1943 948 1957 ⁸
1010 1926 1104 1984 ἵνα
1163 1927 1395 1988 ἐντεῦθεν
1453 1927 1660 1995 εἴδησιν
1715 1926 1965 1992 λαϐόντες

311 2022 410 2072 τοῦ
477 2014 734 2094 ἡμετέρου
829 2013 1121 2096 διορισμοῦ,
1208 2018 1286 2093 μὴ
1374 2016 1779 2099 πφοσδέχωνται
1849 2019 1968 2084 τοὺς

311 2103 584 2169 τοιούτους
614 2105 687 2168 εἷς
717 2105 780 2160 τό
807 2126 944 2163 τισιν
987 2105 1126 2172 ὅλως
1160 2119 1497 2185 συνηγορεῖν,

963 2217 1028 2266 Nl
1038 2213 1326 2267 KOAAOI'.

314 2295 386 2364 A'
421 2329 444 2362 ε
498 2309 620 2389 Περὶ
663 2309 836 2387 γάμου
891 2309 1028 2366 θείου
1084 2310 1172 2366 καὶ
1214 2309 1434 2384 ἀνεψιᾶς
1488 2308 1624 2384 μετὰ
1690 2310 1830 2374 θείας
1884 2311 1972 2368 καὶ

749 2390 966 2466 ἀνεψιοῦ
994 2391 1115 2446 κατ’
1145 2389 1482 2469 ἀγχιστείαν.
1509 2412 1537 2444 ι

399 2567 538 2633 Μηνὶ
559 2571 742 2646 Μαΐῳ,
773 2591 816 2624 ιε
831 2557 861 2648 ’,
885 2533 1060 2646 ἡμέρᾳ
1089 2557 1162 2648 ζ’,
1187 2568 1553 2645 ἐπινεμήσεως
1603 2557 1692 2648 ιε’,
1727 2571 1965 2647 προκαθ-

2049 1921 2309 1999 buerint,
2369 1945 2474 1987 eos
2527 1927 2772 1988 omnino
2827 1946 2942 1989 non
2992 1929 3304 1991 admittant
3341 1927 3413 1990 ad
3446 1927 3700 1990 ullorum

2049 2031 2259 2076 causas
2290 2015 2567 2095 agendas.

2653 2208 2952 2274 NICOLAI
2995 2212 3098 2289 (τ).

2051 2311 2097 2374 Ι.
2139 2313 2220 2396 De
2249 2315 2485 2396 nuptiis
2531 2319 2747 2396 patrui
2774 2320 3158 2393 avunculive,
3202 2325 3257 2380 et
3284 2317 3496 2395 fratris
3528 2333 3703 2378 soro-

2131 2394 2294 2454 risve
2319 2395 2484 2476 filias,
2533 2394 2671 2457 cum
2721 2399 2917 2459 amita
2972 2394 3380 2461 materterave
3405 2403 3459 2460 at
3487 2399 3704 2475 fratris

2132 2477 2435 2537 sororisve
2465 2477 2593 2557 ﬁlio
2613 2495 2726 2556 per
2752 2478 3134 2556 afﬁnitatem.

2131 2567 2598 2640 MenseMaio,xv
2614 2569 2992 2650 die,7Indict.
3016 2569 3502 2653 t5°,praesidente
3523 2568 3705 2630 Nico-

313 2654 516 2729 ημένον
587 2656 851 2717 Νικολάου
896 2665 989 2714 τοῦ
1041 2658 1336 2734 ἁγιωτάτου
1390 2660 1545 2733 ἡμῶν
1598 2655 1852 2714 δεσπότου
1881 2659 1966 2714 καὶ

2055 2654 2141 2716 lao
2156 2656 2530 2719 sanctissimo
2547 2667 2744 2720 nostra
2758 2658 2999 2721 domino
3011 2669 3067 2722 et
3081 2659 3448 2723 mcumenico
3464 2658 3709 2739 patriar-

313 2745 678 2820 οἰκουμενικοῦ
707 2747 1039 2827 πατριάρχου
1111 2748 1165 2803 ὲν
1221 2754 1300 2822 τῷ
1356 2749 1643 2823 Θωμαΐτῃ,
1690 2745 1966 2826 συνεδρια-

2055 2743 3322 2827 chainThomoita,assistentibussenatoriis
3347 2746 3707 2825 magistrati-

313 2833 516 2905 ζόντων
562 2835 930 2915 συγκλητικῶν
989 2836 1268 2917 ἀρχόντων
1297 2827 1368 2917 ζ’,
1415 2839 1502 2894 καὶ
1549 2835 1840 2894 πολιτικῶν
1883 2835 1966 2892 δι-

2055 2830 2163 2892 bus
2176 2835 3708 2916 vu,etcivilibusjudicibusJaanne,magnodrunga-

314 2947 551 3006 καστωι,
616 2925 860 2987 Ἰωάννου
914 2937 1004 2986 τοῦ
1048 2929 1282 3007 μεγάλου
1336 2928 1674 3009 δρουγγαρίου
1727 2931 1826 2995 τῆς
1872 2934 1961 2986 Βίσ

2055 2919 2350 2999 rioViglaaz
2379 2925 2652 3004 Georgio,
2684 2924 3704 3007 protoproedroManganaa:Joanne,

316 3013 472 3093 γλας,
521 3020 780 3096 Γεωργίου
809 3016 1239 3098 πρωτοπροέδρου
1267 3019 1361 3076 τοῦ
1404 3019 1690 3097 Μαγγάνη.
1720 3016 1966 3076 Ἰωάννου

2055 3011 2913 3094 ιτοιορνοειιτοὸυΙοιῐιοηὶε,θι
2929 3015 3214 3094 piissimis
3236 3014 3708 3093 metropoliianis

317 3107 750 3186 πρωτοπροέὸρου
818 3115 909 3164 τοῦ
979 3107 1326 3184 Σολομῶντος
1395 3110 1483 3166 καὶ
1552 3106 1966 3186 θεοφιλεστάτων

314 3195 811 3274 μητροπολιτῶνδδ
836 3198 1031 3254 ἱκανῶν
1078 3214 1091 3227 ”
1167 3199 1571 3276 παρισταμένων
1613 3199 1699 3253 καὶ
1767 3195 1964 3254 δεσπο-

313 3290 476 3340 τικῶν
505 3283 784 3364 ἀρχόντων
817 3305 833 3320 ⁸
868 3285 1116 3366 προέθετο
1145 3289 1173 3342 6
1223 3286 1620 3367 θεοφιλέστατος
1680 3308 1962 3364 μητροπο-

313 3369 469 3439 λίτης
497 3372 980 3438 Φιλιππουπόλεως
1014 3375 1100 3431 ἐπὶ
1131 3381 1222 3440 τῆς
1264 3377 1406 3454 ἱερᾶς
1463 3373 1680 3434 συνόδου
1749 3374 1961 3454 ἐρώτη·

311 3484 419 3542 σιν,
446 3463 761 3542 πυθόμενος,
793 3467 838 3520 εί
869 3466 1045 3545 χρεὼν
1097 3463 1208 3521 ἐστι
1275 3469 1419 3522 θεῖον
1463 3466 1550 3520 καὶ
1609 3464 1828 3540 ἀνεψιὰν
1859 3465 1968 3538 θείᾳ

310 3553 402 3609 καὶ
429 3552 631 3627 ἀνεψιῷ
661 3553 780 3610 κατ’
809 3554 1132 3634 ἀγχιστειαν
1175 3554 1468 3616 συνελθεῖν,
1519 3545 1612 3616 ’Πς
1655 3563 1811 3612 τούτο
1855 3576 1966 3628 μα-

313 3645 430 3697 θεῖν
478 3640 692 3716 ἐθέλων,
753 3644 841 3699 καί
899 3643 1179 3723 φυλάττειν
1238 3645 1310 3706 εἷς
1368 3646 1428 3700 τὸ
1482 3642 1605 3710 εξῆς
1663 3643 1799 3698 κατὰ
1867 3643 1968 3709 τὴν

314 3730 500 3788 ἑαυτοῦ
531 3730 812 3811 ἐπαρχίαν.
849 3733 945 3790 Καὶ
971 3735 1102 3812 πρὸς
1149 3733 1248 3800 τὴν
1318 3733 1566 3798 τοιαύτην
1618 3732 1801 3788 τούτου
1830 3730 1966 3808 ἐρώ-

311 3841 468 3885 τησιν
498 3819 564 3869 84
590 3819 949 3899 ἀπεκρίθησαν
998 3821 1246 3895 ἅπαντες,
1306 3821 1470 3902 μέχρι
1544 3820 1638 3897 μέν
1681 3843 1824 3884 τινος
1854 3819 1964 3895 ἁμ-

311 3906 529 3989 ιρίϐολον
573 3909 716 3964 εἶναι
761 3911 822 3966 τὸ
881 3913 1117 3967 τοιοῦτον
1179 3909 1546 3988 συνάλλαγμα,
1614 3908 1764 3967 Ἐπεὶ
1787 3907 1841 3964 δὲ
1871 3915 1966 3966 τοῦ

307 4005 562 4076 κραταιοῦ
603 3994 668 4047 85
696 3999 784 4055 καὶ
835 3999 986 4076 ἁγίου
1052 4001 1207 4075 ἡμῶν
1250 3998 1494 4058 αὐθέντου
1547 4000 1635 4055 καὶ
1703 3996 1962 4074 βασιλέως

304 4084 619 4152 δικάσαντος
650 4090 788 4162 ἡμῖν
837 4085 904 4136 86
938 4091 1026 4145 καὶ
1056 4096 1124 4163 τῇ
1153 4091 1265 4167 ἱερᾷ
1295 4085 1496 4163 συνόδῳ
1536 4088 1654 4167 περὶ
1711 4093 1803 4143 τοῦ
1833 4107 1962 4142 συν-

307 4173 656 4255 αλλάγματος
701 4183 793 4234 τοῦ
821 4176 1071 4258 προέδρου
1100 4176 1271 4257 Βάρδα
1313 4185 1404 4232 τοῦ
1443 4175 1624 4256 ξηροῦ,
1682 4178 1770 4232 καὶ
1829 4177 1963 4252 μετὰ

306 4266 476 4321 ταῦτα
492 4267 913 4343 ἓρμηνεύσαντος
942 4269 1008 4324 τὰ
1065 4266 1119 4323 ἐν
1188 4274 1258 4344 τῇ
1303 4267 1466 4345 κρίσει
1522 4267 1689 4342 ταύτῃ
1743 4263 1962 4330 δόξαντα

312 4351 606 4435 ἀμφίϐολα,
653 4354 941 4434 διεψώσθη
999 4358 1118 4434 περὶ
1173 4358 1332 4414 αὖτοῦ
1387 4357 1475 4412 καὶ
1526 4356 1800 4434 ἀπεφάνθη
1836 4373 1850 4388 °
1897 4360 1964 4430 τῇ

312 4445 536 4520 τοιαύτῃ
565 4446 729 4525 κρίσει
759 4445 822 4496 37
848 4449 876 4502 6
906 4445 1199 4524 ἀντιλέγων
1254 4449 1348 4504 οὒκ
1405 4444 1572 4518 ἔστιν,
1631 4447 1704 4510 ὡς
1751 4442 1964 4501 ἀκωλύ-

314 4553 422 4597 τως
453 4533 721 4613 φανέντων
763 4534 1098 4615 πανταχόθεν
1129 4540 1236 4590 τῶν
1287 4533 1539 4590 τοιούτων
1583 4531 1964 4610 συναλλαγμά-

2053 3100 2881 3165 ωυΙιἱερθδεὶειθηιὶὺυεοιίειιη
2899 3104 3220 3166 dominicis
3239 3103 3514 3183 magistra
3543 3102 3697 3162 ibus:

2050 3187 2169 3250 Deo
2184 3191 3516 3274 charissimusmetmpolitanusl’hilippopolis
3538 3193 3594 3251 in
3616 3208 3708 3251 sa-

2048 3297 2148 3341 cra
2173 3281 2394 3361 synodo
2417 3283 2723 3363 proposuit
2740 3317 2788 3358 ιι,
2815 3283 3340 3362 interrogationem
3370 3282 3615 3354 iaciens,
3635 3299 3708 3340 an

2045 3378 2309 3447 oporteat
2337 3379 2605 3450 patruum
2622 3373 2710 3434 vel
2730 3374 3084 3435 avunculum
3112 3380 3168 3434 et
3191 3369 3386 3433 fratris
3408 3370 3708 3433 sororisve.

2049 3457 2230 3518 ﬁliam
2252 3460 2414 3522 coire
2438 3480 2568 3522 cum
2602 3462 2781 3523 amita
2818 3471 3208 3524 materteravc
3234 3470 3290 3522 et
3325 3459 3522 3522 fratris
3538 3477 3707 3520 soro-

2050 3548 2202 3609 risve
2225 3549 2347 3610 ﬁlio
2363 3569 2469 3630 per
2488 3551 3006 3630 afﬁnitatem:quia
3031 3552 3087 3610 id
3106 3551 3338 3611 discere
3359 3549 3538 3610 vellet
3567 3556 3624 3608 et
3647 3547 3706 3608 in

2052 3647 2353 3716 posterum
2386 3637 2444 3700 in
2476 3659 2580 3700 sua
2637 3641 2939 3720 provincia
2967 3640 3308 3701 observare.
3349 3638 3415 3699 Et
3443 3637 3516 3699 ad
3547 3635 3709 3698 illius

2053 3727 2392 3805 liujnsmodi
2422 3729 2944 3807 interrogationem
2978 3727 3415 3808 responderunt
3439 3743 3648 3786 omnes
3666 3734 3707 3806 τ,

2049 3815 2679 3894 ειΙιῳιειιειιυεδυὺίυηι
2699 3817 3352 3878 essecontractnm-Sed
3372 3823 3676 3894 postquam
3691 3861 3707 3888 ,

2051 3915 2260 3983 potens
2281 3915 2338 3964 et
2369 3918 2610 3968 sanctus
2629 3915 2832 3968 noster
2855 3905 3131 3966 dominus
3151 3913 3207 3964 et
3224 3901 3713 3984 imperatorjudi-

2047 4003 2242 4054 casset
2265 3994 2662 4075 nobiscum,et
2687 4014 2818 4056 cum
2841 4011 3006 4055 sacra
3026 3993 3273 4074 synodo,
3307 3993 3382 4053 de
3405 3999 3710 4053 contractu

2049 4083 2732 4162 proedriBardaneri,et
2747 4093 2949 4165 postea
2969 4084 3392 4162 interpretatus
3403 4088 3712 4160 esset,quae

2047 4172 2107 4232 in
2123 4172 2704 4252 hujusmodijudicio
2728 4174 3092 4255 apparebant
3113 4169 3618 4239 dubitationes,de
3640 4187 3712 4229 eo

2047 4273 2317 4337 cognovit
2351 4271 2412 4324 et
2461 4265 2879 4343 pronuntiavit,
2928 4263 3066 4326 huic
3090 4260 3325 4342 judicio
3357 4257 3714 4322 contradicit

1984 4342 2028 4392 Ῑ)
2047 4369 2248 4431 nemo,
2272 4352 2427 4431 quod
2444 4342 2620 4431 liuius
2636 4353 3144 4414 modicontractus
3183 4346 3714 4411 nullomodovetiti

2045 4441 2471 4520 appareant.Et
2485 4443 2608 4504 haec
2622 4443 2862 4524 quidem
2878 4461 2908 4503 a
2935 4442 3219 4503 iiomnes.
3244 4436 3710 4516 Claudiopolita-

2048 4547 2160 4588 nus
2181 4537 2377 4590 autem
2403 4539 2462 4592 et
2489 4532 2809 4602 Cariensis,
2831 4540 2888 4593 et
2914 4539 3128 4612 praeter
3149 4530 3255 4591 hos
3281 4525 3716 4589 Euchantensis

314 4644 444 4682 των.
481 4626 580 4682 Καὶ
621 4633 785 4684 ταῦτα
815 4625 910 4701 μὲν
942 4614 990 4682 οἳ
1020 4622 1170 4681 ἄλλοι
1213 4623 1432 4686 πάντες.
1493 4617 1554 4680 Ὀ
1600 4618 1964 4680 Κλαυδιουπό-

2055 4619 2126 4679 de
2139 4619 2252 4679 hoc
2269 4618 2327 4679 in
2344 4631 2616 4702 promptu
2633 4621 2998 4702 respondere
3013 4640 3076 4682 se
3094 4638 3155 4679 nt
3175 4638 3209 4679 n
3229 4634 3398 4698 pcsse
3409 4614 3713 4687 dixerunt,

310 4709 448 4775 λεως
478 4710 561 4787 δὲ,
593 4715 681 4770 καὶ
725 4716 754 4770 6
787 4713 1000 4794 Καρίας,
1029 4715 1117 4770 καὶ
1159 4713 1290 4792 πρὸς
1343 4712 1555 4776 τούτοις
1586 4713 1614 4767 6
1645 4709 1964 4790 Εὒχανείας,

2055 4707 2231 4770 licet:
2260 4708 2412 4770 lecta
2441 4719 2642 4772 essent
2690 4709 2837 4790 ipsis
2877 4721 2934 4771 et
2964 4707 3198 4788 cognita
3227 4724 3358 4788 qua:
3388 4702 3716 4794 venerandi

307 4801 371 4858 οὗ
395 4799 640 4860 δύνασθαι
686 4791 888 4883 ἔφησαν
917 4791 996 4860 ἐκ-
1035 4802 1372 4877 ταύτομάτου
1431 4802 1551 4879 περὶ
1607 4800 1791 4857 τούτου
1823 4799 1964 4854 ἀπο-

2055 4796 2211 4860 illius
2239 4807 2407 4859 erant
2452 4799 2686 4880 judicii,
2747 4809 2806 4861 et
2863 4794 3375 4878 interpretationis
3413 4793 3484 4854 ad
3519 4791 3715 4873 ipsum

312 4895 577 4971 κριθῆναι,
628 4892 736 4950 ἔστ’
778 4894 840 4949 ἃν
897 4893 1213 4972 ἀναγνωσθῇ
1260 4893 1445 4956 αὐτοῖς
1515 4891 1602 4947 καὶ
1671 4887 1966 4967 διαγνωσθῇ

2055 4887 2242 4960 factae,
2275 4896 2334 4948 ct
2353 4887 2402 4949 si
2416 4907 2532 4968 qua
2566 4889 2644 4952 de
2659 4889 2768 4950 hoc
2786 4896 3092 4949 contractu
3111 4883 3407 4967 synodalia
3426 4883 3718 4972 processit

313 4970 380 5035 τὰ
405 4985 506 5048 τῆς
535 4983 782 5049 τοιαύτης
826 4970 1090 5049 σεϐαστῆς
1159 4980 1402 5059 κρίσεως,
1436 4980 1523 5036 καὶ
1575 4978 1660 5047 εῆς
1719 4976 1804 5035 ἐπ’
1837 4978 1966 5054 αὒτῇ

2055 4975 2408 5038 subnotatio.
2459 4976 3039 5059 Pliilippopolitanus
3095 4995 3128 5038 a
3181 4984 3340 5037 torno
3369 4970 3719 5052 patriarchae

1605 5134 1869 5201 VABIE
1914 5135 2230 5203 LECTION
2245 5135 2356 5201 ES.

396 5250 464 5334 33_
489 5275 726 5334 μητροπ.
773 5242 878 5328 κε’,
911 5252 1000 5310 καὶ
1041 5249 1482 5331 ἀρχιεπισκόπων
1510 5237 1616 5323 ς’.
1699 5247 1765 5296 84
1794 5245 1950 5327 ὲρώτ.
1994 5246 2108 5322 ἅμα
2137 5248 2271 5322 ἡμῖν
2304 5246 2398 5304 ἀπ.
2486 5247 2551 5298 85
2579 5248 2880 5326 κρατίστου.
2965 5244 3031 5296 86
3060 5245 3170 5322 ἅμα
3199 5245 3360 5320 ἡμῖν,
3447 5243 3508 5292 77
3552 5230 3718 5322 κρίσει

317 5334 405 5389 καὶ
445 5331 726 5413 διαγνῶσει
737 5377 753 5394 .

396 5457 441 5486 ω
473 5442 763 5506 actiones.
796 5455 824 5485 ι
853 5438 1294 5503 mediocritatis
1330 5455 1360 5484 ο
1388 5436 1608 5498 Mensis
1640 5435 1794 5498 Maii
1820 5433 1916 5496 die
1942 5449 2043 5509 xv,
2072 5432 2230 5511 feria
2284 5437 2544 5514 septima
2580 5485 2595 5511 ,
2643 5434 2975 5498 indictione
3030 5452 3130 5500 xv.
3161 5461 3188 5504 ν
3235 5431 3722 5514 metropolitanis

314 5536 456 5592 xxv,
479 5529 541 5584 et
569 5521 1037 5604 archiepiscopis
1065 5536 1148 5597 v1,
1176 5530 1202 5573 «1
1226 5517 1545 5599 proposuit
1595 5521 2008 5597 quaestionem,
2062 5513 2446 5596 interrogans
2476 5535 2489 5580 :
2521 5529 2542 5556 ι
2572 5516 2884 5579 nobiscum
2934 5534 3162 5583 omnes.
3193 5523 3213 5550 '
3241 5513 3344 5578 sed
3400 5513 3712 5601 quoniam.

312 5601 542 5666 idoneo

1879 5672 2129 5739 NOT/E.

398 5785 1544 5872 (7):ﬂopom-habuit0ramatioi,
1575 5783 1778 5848 et-sub-
1801 5782 2056 5866 imperio
2088 5783 2281 5848 Alexii
2317 5781 2605 5849 Comneni
2636 5786 2801 5856 vixit.
