4106 6424
410 358 528 428 763

1767 367 1900 432 JUS
1944 363 2396 433 CANONICUM

3680 358 3798 430 764

411 495 639 560 domini
693 497 939 563 Sisinnii
987 517 1052 563 se
1108 499 1429 584 impulsum
1461 521 1591 566 esse
1623 502 1768 567 dixit
1798 501 1869 565 ad
1906 501 2061 563 hanc

2155 503 2449 585 ερμηνείας,
2495 503 2582 562 καὶ
2611 502 2665 561 ε’(
2693 525 2743 561 τι
2804 503 2922 584 περὶ
2978 511 3071 563 τοῦ
3124 500 3364 585 τοιούτου
3414 498 3801 581 συναλλάγμα-

411 586 1027 668 ἰιιιιιττοεδῑίοιιειῐι,οι
1052 588 1114 652 in
1145 609 1216 653 eo
1247 590 1441 654 adhuc
1470 592 1751 656 insistere
1782 601 1842 656 et
1872 592 2063 654 inter-

414 676 803 758 pretationem
832 678 1165 759 requirere.

2146 613 2237 656 τος
2265 582 2536 651 συνοδικδν
2564 591 2767 674 προέϐη
2796 582 3108 670 σημείωμα.
3145 582 3224 650 U0
3273 611 3334 670 γε
3365 590 3474 668 μὴν
3502 588 3803 648 Φιλιππου-

2146 679 2379 763 πόλεως,
2413 683 2517 741 ἀπὸ
2558 690 2652 741 τοῦ
2680 684 2846 759 τόμου
2873 690 2966 740 τοῦ
3005 681 3336 762 πατριάρχου
3392 681 3569 760 κυρίου
3612 686 3801 737 Σισιν-

414 768 541 835 vico,
574 770 662 825 καὶ
691 769 764 834 εἰς
793 768 892 836 τὴν
932 770 1117 826 τούτου
1167 770 1424 851 ἐρώτησιν
1482 777 1884 853 παρυρμηθῆναι
1940 772 2130 854 ἔφησε,
2173 771 2262 828 καὶ
2318 770 2393 829 ἔτι
2448 773 2633 831 τούτου
2687 771 3004 846 ἐνίστασθαι,
3063 772 3151 828 καὶ
3191 769 3291 838 τὴν
3337 770 3491 827 αὐτοῦ
3517 768 3801 850 ἑρμηνείαν

413 854 707 928 ἐπιζητεῖν,

1060 953 1148 1015 De
1175 952 1402 1015 eodem.

496 1034 1031 1115 ManseJunioxrv,
1063 1040 1271 1105 indict.
1312 1042 1407 1118 15,
1443 1044 1795 1123 praesidente
1824 1043 2068 1109 Nicolao

416 1124 792 1188 sanctissimo
824 1127 1066 1192 domino
1097 1138 1296 1192 nostro
1331 1140 1388 1193 et
1415 1132 1784 1196 mcumenico
1814 1135 2068 1216 patriar-

415 1214 603 1277 chain
627 1214 1372 1305 Thomaita,assidentibus
1395 1221 1450 1282 ei
1470 1221 1750 1300 piissimis
1772 1214 2071 1305 metropo-

415 1303 615 1365 litanis
636 1322 739 1367 xm
758 1302 1172 1370 assistentibus
1218 1308 1393 1371 etiam
1413 1310 1732 1373 dominicis
1750 1302 2067 1380 magistra-

417 1393 576 1455 tibus
597 1411 610 1424 ·
640 1397 965 1476 quaestione
992 1398 1292 1478 proposita
1315 1399 1623 1480 apiissimo
1644 1402 2068 1483 Philippopolis

424 1484 879 1564 metropolitano
911 1485 1148 1550 Basilio.
1182 1488 1525 1569 interrogati
1574 1500 1710 1552 sunt
1747 1492 1830 1553 illi
1864 1494 1937 1554 de
1969 1513 2060 1577 eo,

417 1590 490 1633 an
518 1581 785 1653 oporteat
820 1590 1089 1656 patruum
1122 1578 1211 1639 vel
1250 1580 1602 1641 avunculum
1636 1590 1693 1641 et
1723 1582 1920 1645 fratris
1962 1602 2064 1645 so-

419 1661 643 1723 rorisve
668 1663 865 1734 tiliam,
901 1684 1033 1726 cum
1064 1666 1245 1730 amita
1278 1669 1366 1731 vel
1411 1676 1747 1740 matertera.
1782 1677 1838 1732 et
1868 1672 2066 1734 fratris

418 1751 712 1813 sororisve
733 1753 852 1815 ﬁlio
885 1773 991 1834 per
1022 1756 1364 1818 afﬁnitatem
1408 1759 1747 1823 convenire.
1788 1760 1895 1833 Qui
1928 1782 2061 1822 num

416 1839 547 1901 aliis
600 1842 959 1904 antistitibus
995 1864 1109 1906 non
1162 1856 1613 1928 consenserunt,
1654 1869 1844 1930 neque
1892 1851 2066 1913 simul

415 1949 553 1992 cum
586 1930 660 1991 iis
690 1934 1153 2012 responderunt,
1194 1938 1521 1998 secundum
1553 1957 1643 2018 ea,
1670 1958 1800 2020 quae
1832 1947 1971 2002 tunc
1993 1941 2067 2003 ab

417 2019 510 2109 his
541 2020 611 2081 ad
639 2022 1518 2105 praedictamPhiIoppopolitani
1544 2019 2067 2109 interrogationem

419 2108 576 2171 dicta
602 2119 759 2186 sunt,
820 2120 881 2173 et
933 2113 1381 2177 subnotationes
1431 2116 1671 2178 traditas
1701 2161 1726 2191 η
1763 2137 1776 2182 :
1808 2122 2070 2182 Joannes

417 2198 701 2260 videlicet
754 2198 1575 2285 Claudiopolitanus,.loseph
1635 2206 1955 2285 Cariensis,
2013 2210 2071 2273 el

416 2290 681 2349 Joannes
710 2288 1141 2355 Euchanieusis
1181 2311 1196 2355 :
1231 2295 1464 2374 qualem
1513 2314 1754 2375 scopum
1785 2298 2072 2378 attingant

421 2376 599 2456 hujus
626 2380 965 2459 quaestionis
996 2401 1207 2454 causaz,
1242 2403 1375 2444 cum
1403 2384 1603 2447 tandiu
1632 2386 1706 2447 tle
1739 2405 1805 2448 ea
1836 2376 2071 2449 delibe-

420 2467 632 2538 rarint,
661 2468 886 2549 etquid
921 2466 992 2532 iis
1017 2471 1091 2534 de
1123 2472 1231 2533 hac
1262 2473 1550 2537 videatur.
1584 2473 1789 2537 Utrum
1824 2496 2073 2539 consen-

418 2554 569 2616 tiant
597 2555 833 2631 aliis,an
861 2559 1274 2637 adversentur,
1302 2572 1360 2624 et
1394 2563 1820 2626 contradicunt.
1854 2564 1924 2627 Et
1956 2576 2073 2628 tres

417 2643 503 2704 illi
536 2646 898 2709 unanimiter
926 2651 1363 2730 responderunt
1406 2661 1464 2714 et
1494 2653 1882 2728 afﬁrmaruut,
1908 2656 2068 2717 nullo

419 2734 597 2795 modo
617 2735 958 2816 discrepare
983 2757 1015 2800 a
1037 2740 1159 2802 suis
1177 2740 1733 2817 comministris,sed
1753 2742 1908 2804 idem
1934 2763 2066 2806 cum

415 2821 491 2883 iis
524 2841 628 2903 per
658 2826 858 2887 omnia
886 2829 1201 2901 sentire,et
1224 2848 1354 2891 esse
1377 2830 1871 2913 unauimes,qu0d
1902 2833 2067 2912 lege-

416 2913 536 2974 rint
567 2923 629 2975 et
662 2915 787 2995 jam
841 2918 1252 2998 cognoverint,
1288 2929 1402 2980 tam
1444 2939 1536 3001 ea,
1569 2940 1697 3001 quae,
1725 2923 1889 3002 prius
1924 2943 2065 2999 pro-

418 3002 684 3064 nuntiata
741 3013 800 3065 et
845 3005 1154 3069 subnotata
1210 3017 1348 3069 sunt
1396 3027 1429 3069 a
1481 3009 1746 3088 piissimo
1775 3019 1834 3072 et
1861 3020 2065 3073 sancto

418 3100 619 3155 nostro
648 3092 1029 3174 imperatore,
1053 3104 1112 3158 et
1139 3116 1173 3158 a
1195 3098 1567 3162 sanctissimo
1602 3109 1803 3162 nostro
1823 3100 2065 3162 domino

2662 956 2786 1034 Περὶ
2825 961 2918 1012 τοῦ
2947 956 3105 1012 αὐτοῦ
3131 952 3285 1035 (12).

2232 1046 2372 1112 Μηνὶ
2401 1044 2599 1120 Ἰουνίῳ
2637 1042 2698 1102 ιδ’
2740 1032 2841 1114 τῆς
2868 1047 3029 1110 αὐτῆς
3060 1032 3428 1120 ἔπινεμήσεως
3454 1032 3544 1117 ιε’,
3571 1045 3802 1123 προκαθ-

2148 1133 2348 1209 ημένου
2394 1133 2656 1193 Νικολάου
2697 1142 2792 1192 τοῦ
2848 1133 3145 1212 ἀγιωτάτου
3200 1134 3357 1209 ἡμῶν
3425 1130 3680 1190 δεσπότου
3711 1132 3801 1189 καὶ

2149 1223 2513 1298 οἷκουμενικοῦ
2559 1223 2887 1304 πατριάρχου
2940 1221 2995 1278 ἐν
3051 1228 3127 1296 τῷ
3177 1223 3464 1320 Θωμαΐτῃ,
3522 1219 3797 1320 συνεδρια-

2150 1311 2346 1382 ζόντων
2388 1313 2529 1386 αὒτῴ
2556 1311 2979 1392 θεοφιλεστάτων
3032 1309 3441 1390 μητροπολιτῶν
3499 1309 3597 1390 ιγ’,
3650 1332 3798 1389 παρ-

2153 1400 2446 1476 ισταμένων
2470 1402 2558 1458 καὶ
2615 1399 2939 1457 δεσποτικῶν
2992 1399 3291 1480 ἀρχόντων.
3341 1398 3722 1480 Ἠρωτήθησαν
3752 1401 3801 1456 οἱ

2147 1489 2435 1567 γενομένης
2480 1491 2623 1571 παρὰ
2676 1493 2770 1547 τοῦ
2823 1488 3222 1570 θεοφιλεστάτου
3265 1487 3653 1569 μητροπολίτου
3693 1495 3801 1544 Φι-

2146 1576 2553 1642 λιππουπόλεως
2633 1578 2905 1636 Βασιλείου
2962 1585 3061 1646 τῆς
3118 1579 3377 1652 πεύσεως,
3435 1579 3553 1658 περὶ
3609 1577 3703 1635 τοῦ
3758 1578 3806 1634 εἰ

2147 1669 2257 1747 χρὴ
2299 1672 2444 1725 θεῖον
2474 1670 2561 1725 καὶ
2617 1668 2840 1729 ἀνεψιὰν
2898 1669 3008 1742 θείᾳ
3062 1671 3151 1725 καὶ
3205 1669 3408 1744 ἀνεψιῷ
3449 1668 3585 1724 κατᾶ
3627 1666 3802 1748 ἀγχι-

2149 1778 2325 1812 στειαν
2354 1760 2645 1836 συνελθεῖν,
2677 1770 2795 1821 τοῖς
2850 1753 3030 1818 ἄλλοις
3090 1757 3392 1837 ἀρχιερεῦσι
3436 1756 3514 1833 μὴ
3574 1777 3800 1835 συμφω-

2151 1846 2431 1925 νήσαντες,
2506 1844 2640 1922 μηδὲ
2723 1845 3189 1923 συναποκριθὲντες
3258 1850 3467 1926 αὐτοῖς,
3539 1846 3676 1904 κατὰ
3736 1845 3802 1901 τὰ

2150 1943 2441 2002 τηνικαῦτα
2470 1936 2613 2012 παρὰ
2660 1936 2860 1992 τούτων
2909 1937 3041 2012 πρὸς
3096 1936 3196 2002 τὴν
3265 1935 3516 2010 ῥηθεῖσαν
3558 1933 3652 1991 τοῦ
3694 1940 3799 1989 Φι-

2093 2000 2129 2050 Β
2151 2000 2559 2089 λιππουπόλεως
2629 2032 2812 2081 πεῦσιν
2866 2000 3111 2103 ρηθέντα,
3199 2025 3287 2081 καὶ
3341 2025 3697 2099 σημειώματα
3739 2022 3806 2073 88

2150 2111 2507 2191 παραδοθέντα
2542 2134 2555 2148 ·
2589 2113 2750 2193 ἤγουν
2793 2115 2822 2170 6
2878 2110 3347 2178 Κλαυδιουπόλεως
3419 2110 3696 2186 Ἰωάννης,
3771 2116 3800 2170 6

2156 2203 2344 2281 Καρίας
2403 2200 2624 2284 Ἰωσὴφ,
2687 2204 2774 2259 καὶ
2817 2205 2845 2259 6
2919 2202 3209 2282 Εὐχανείας
3272 2201 3550 2276 Ἰωάννης,
3621 2203 3803 2260 ὁποίου

2154 2298 2351 2347 σκοποῦ
2380 2313 2704 2371 τυγχανουσι
2728 2291 2825 2359 τῆς
2885 2292 3133 2357 τοιαύτης
3190 2290 3366 2349 ἕνεκεν
3437 2292 3672 2357 πεύσεως
3718 2290 3803 2349 ἐπὶ

2155 2387 2406 2437 τοσοῦτον
2449 2378 2859 2457 διασκεψάμενοι
2903 2381 3021 2460 περὶ
3080 2382 3268 2454 αὐτῆς,
3329 2378 3419 2438 καῖ
3470 2382 3521 2438 τί
3589 2384 3801 2446 τούτοις

2154 2471 2271 2547 περὶ
2298 2470 2494 2536 ταύτης
2527 2467 2676 2526 δοκεῖ
2723 2485 2737 2499 ⁸
2786 2468 2885 2549 ἄρα
2939 2471 3275 2549 συμφωνοῦσι
3331 2484 3449 2536 τοῖς
3507 2469 3729 2550 ἑτέροις,
3765 2470 3802 2539 ἢ

2155 2557 2506 2615 ἐναντιοῦνται
2530 2559 2730 2624 τούτοις
2777 2560 2866 2616 καὶ
2932 2556 3282 2637 ἀντιλέγουσι.
3359 2561 3459 2618 Καὶ
3526 2558 3804 2638 ἀπελογή-

2154 2669 2315 2705 σαντο
2345 2650 2390 2705 οἱ
2446 2660 2590 2726 τρεῖς
2649 2646 3002 2723 ὁμοθυμαδὸν,
3074 2649 3162 2704 καὶ
3204 2645 3639 2707 διεϐεϐαιώσαντο
3668 2650 3805 2707 κατὰ

2153 2735 2355 2811 μηδένα
2384 2736 2589 2816 τρόπον»
2643 2735 2931 2795 διίστασθαι
3014 2742 3121 2793 τῶν
3174 2735 3314 2793 ἰδίων
3360 2736 3800 2818 συλλειτουργῶν,

2149 2824 2285 2882 ἀλλὰ
2310 2827 2398 2883 καὶ
2427 2826 2747 2905 συμφρονεῖν
2814 2825 2950 2883 κατὰ
3018 2826 3191 2885 πάντα
3247 2827 3481 2907 τούτοις,
3527 2828 3617 2884 καὶ
3659 2827 3801 2885 εἶναι

2151 2916 2517 2995 συγγνώμονες
2546 2914 2631 2991 89,
2692 2917 2765 2979 ὡς
2822 2915 3134 2993 ἀναγνόντες
3218 2919 3307 2974 καὶ
3364 2915 3664 2996 διαγνόντες
3698 2916 3801 2985 ἤδη

2148 3006 2235 3061 καὶ
2276 3006 2343 3061 τὰ
2397 3006 2650 3086 πρότερον
2719 3003 3076 3084 διεγνωσμένα
3147 3008 3234 3065 καὶ
3289 3006 3697 3083 σεσημειωμένα
3727 3014 3803 3083 τῷ

2147 3117 2204 3151 τε
2247 3095 2511 3173 κρατίστῳ
2529 3098 2617 3152 καὶ
2660 3096 2793 3173 ἁγίῳ
2848 3096 3003 3169 ἡμῶν
3045 3094 3259 3172 βασιλεῖ
3288 3098 3374 3153 καὶ
3417 3104 3496 3172 τῷ
3548 3097 3803 3177 ἁγιωτά-

420 3183 793 3244 ωειιιιιοιιὶοο
851 3185 1205 3265 patriarcha,
1270 3196 1329 3249 et
1388 3198 1766 3251 sacrosancta
1821 3190 2068 3281 synodo,

2155 3206 2230 3257 τῳ
2257 3185 2411 3259 ἡμῶν
2455 3181 2687 3259 δεσπότῃ
2716 3190 2792 3257 τῷ
2821 3184 3181 3281 ,οἰκουμενικιρξι
3226 3185 3560 3281 πατριάρχγι,
3606 3186 3705 3281 ’καὶ
3734 3191 3802 3263 τῇ

421 3288 595 3349 quam
630 3291 763 3352 quae
809 3275 1101 3352 posterius
1151 3276 1370 3338 emissa
1417 3296 1485 3339 ac
1542 3279 1806 3358 exposita
1858 3288 1995 3341 sunt
2040 3275 2073 3342 εἰ

418 3359 637 3447 _Chrisli
659 3374 682 3404 ν
698 3362 964 3425 studioso
977 3364 1107 3445 ejus
1136 3364 1411 3443 imperio.
1441 3365 1506 3427 In
1530 3367 1882 3447 quibusdam
1904 3368 2070 3431 vide-

419 3445 636 3509 bantur
665 3449 886 3514 habere
916 3453 1182 3534 quaedam
1202 3453 1401 3523 dubia.
1432 3445 1576 3518 nihil
1595 3456 1847 3537 amplius
1869 3456 1929 3519 in
1951 3459 2070 3520 ullo

419 3540 917 3621 contradicentes,
951 3546 1118 3626 quasi
1144 3566 1258 3608 non
1290 3548 1455 3610 vetiti
1484 3558 1810 3629 appareant
1835 3550 1892 3611 hi
1923 3570 2074 3612 con-

417 3637 660 3707 tractus,
717 3635 1216 3713 quemadmodum
1270 3637 1450 3702 etiam
1498 3638 1661 3719 prius
1690 3638 2069 3701 subnmatum

418 3729 536 3783 est.

604 3809 703 3874 Ill.
744 3810 831 3874 De
859 3813 1097 3878 duabus
1125 3816 1384 3880 sobrim's
1412 3835 1537 3880 non
1568 3818 1889 3881 ducendis.

496 3990 694 4052 Vetuit
725 3991 1013 4070 Ecclesia,
1048 4012 1125 4057 ne
1150 4014 1301 4057 unus
1333 4002 1389 4057 et
1420 3995 1577 4058 idem
1608 3997 1902 4058 secundas
1928 4015 2070 4059 con-

414 4076 687 4142 sobrinas
711 4101 924 4144 uxores
961 4083 1158 4145 ducat.
1197 4084 1401 4166 Neque
1426 4085 1584 4146 enim
1612 4093 1733 4146 tum
1763 4084 2067 4171 affinitatis

415 4168 727 4251 septimus,
785 4180 848 4231 ut
879 4172 1151 4233 nonnulli
1195 4174 1556 4252 existimant,
1609 4168 1908 4253 colligitur
1930 4193 2068 4254 gra-

416 4254 552 4329 dus,
607 4257 710 4318 sed
743 4267 945 4321 sextus
999 4281 1012 4324 :
1069 4280 1387 4343 propterea
1431 4261 1587 4343 quod
1620 4282 1737 4324 uno
1766 4263 1953 4342 gradu
1986 4264 2073 4326 vir

416 4362 549 4405 esse
578 4364 713 4408 cum
745 4366 928 4410 uxore
951 4360 1286 4413 censeatur.
1319 4354 1447 4414 Hoc
1478 4350 1771 4431 siquidem
1809 4354 2069 4430 patriar-

416 4433 529 4493 cha
556 4432 797 4497 Nicolao
848 4437 908 4498 in
940 4439 1325 4520 quaestionem
1374 4447 1668 4521 vocatum,
1702 4438 1775 4501 ab
1805 4439 2069 4503 Ecclesia

416 4522 785 4602 prohibitum
819 4535 932 4587 est.

735 4614 834 4678 IV.
889 4617 976 4680 De
1005 4618 1389 4697 sponsalibus
1417 4620 1743 4700 septennis.

2153 3273 2413 3353 ἱερωτάτη
2446 3270 2667 3352 συνόδῳ,
2739 3270 2835 3331 καί
2892 3272 2958 3329 τὰ
3013 3270 3066 3337 ἐς
3137 3273 3353 3355 ὕστερον
3409 3273 3717 3333 ἐπιλυθέντα
3744 3296 3802 3332 τε

2155 3364 2240 3420 καὶ
2312 3361 2692 3441 ἐρμηνευθέντα
2773 3362 2915 3440 παρὰ
2969 3367 3068 3429 τῆς
3138 3361 3480 3445 φιλοχρίστου
3534 3363 3802 3442 βασιλείας

2154 3450 2334 3510 αὒτοῦι
2381 3450 2463 3531 ἐφ’
2492 3455 2576 3515 οἷς
2619 3449 2830 3508 ἐδόκουν
2855 3448 3002 3531 ἔχειν
3050 3452 3168 3509 τινὰ
3209 3450 3500 3534 ἀμφίϐολα,
3558 3454 3647 3511 καὶ
3685 3477 3801 3529 μη-

2153 3541 2265 3598 κέτι
2308 3540 2446 3597 κατὰ
2486 3562 2537 3596 τι
2566 3537 2946 3619 ἀντιλέγοντες.
2984 3542 3059 3603 ὡς
3108 3540 3395 3599 ἀκωλύτων
3464 3548 3572 3601 τῶν
3623 3544 3802 3601 τοιού·

2152 3655 2257 3690 των
2288 3630 2740 3710 συναλλαγμάτων
2768 3629 3035 3712 φανέντων
3073 3630 3160 3707 90,
3192 3633 3327 3691 καθὰ
3382 3634 3470 3691 καὶ
3540 3655 3804 3714 προσεση⁶

2154 3723 2374 3797 μείωται
2385 3770 2398 3783 ,
3714 3754 3723 3759 -

2156 3800 2239 3874 1'.
2318 3812 2441 3890 Περὶ
2526 3818 2619 3869 τοῦ
2687 3809 2766 3886 μὴ
2855 3807 3143 3891 λαμϐάνειν
3232 3809 3322 3868 δύο
3405 3809 3644 3891 δευτέρας
3716 3812 3807 3880 ἑξ-

2821 3887 3067 3971 αδέλφας.
3111 3914 3136 3949 ι

2232 3979 2539 4039 Κεκώλυκεν
2564 3981 2599 4049 ἡ
2643 3978 2958 4054 Ἐκκλησία,
3013 3981 3103 4037 τὸν
3150 3980 3309 4038 αὒτὸν
3336 3983 3426 4039 καὶ
3480 3980 3572 4038 ἕνα
3626 3979 3808 4042 δευτὲ-

2149 4092 2242 4152 ρας
2279 4066 2559 4150 ἑξαδέλφας
2587 4067 2897 4144 λαμϐάνειν.
2960 4073 3033 4129 Οὐ
3060 4071 3160 4150 γὰρ
3219 4067 3444 4147 ἕϐδομος
3514 4069 3568 4138 ἒξ
3633 4071 3805 4152 ἄγχι-

2151 4160 2348 4233 στείας,
2422 4161 2494 4225 ὡς
2544 4157 2749 4215 οἴονται
2817 4179 2980 4239 τινες,
3036 4160 3315 4238 συνάγεται
3371 4160 3594 4236 βαθμδς,
3682 4159 3804 4218 ἀλλ’

2151 4248 2302 4311 ἕκτος
2337 4267 2353 4285 ο
2387 4245 2472 4304 διὰ
2499 4256 2561 4304 τὸ
2590 4246 2704 4312 ἐνὸς
2734 4246 2937 4325 βαθμοῦ
2982 4245 3277 4325 λογίζεσθαι
3333 4250 3425 4307 τὸν
3480 4247 3639 4328 ἄνδρα
3669 4250 3805 4323 μετὰ

2150 4338 2247 4406 τῆς
2276 4335 2545 4416 γυναικός,
2578 4335 2740 4394 Τοῦτο
2768 4335 2868 4414 γὰρ
2897 4338 3125 4407 ζητηθέν
3178 4339 3265 4395 επὶ
3322 4338 3414 4396 τοῦ
3465 4339 3802 4420 πατριάρχου

2154 4424 2438 4500 Νικολάου,
2466 4423 2703 4493 ἐκωλύθη
2734 4425 2879 4503 παρὰ
2907 4427 3002 4494 τῆς
3051 4423 3393 4495 Ἐκκλησίας,

2514 4608 2578 4678 Δ’
2620 4620 2746 4689 Περὶ
2788 4620 3076 4696 μνηστείας
3124 4618 3433 4685 ἐπταετοῦς.

495 4702 657 4768 Scito
688 4704 744 4768 iu
770 4692 1230 4788 chartophylacii
1265 4734 1290 4766 κ
1321 4692 1488 4770 sexto
1518 4707 1877 4771 sanctissimi
1909 4708 2068 4770 illius

2231 4711 2484 4783 Γίνωσκε,
2517 4709 2597 4766 ὅτι
2623 4716 2717 4766 τοῦ
2764 4692 2995 4788 σεκρέτῳ
3022 4716 3099 4784 τῷ
3123 4706 3179 4757 91
3217 4710 3644 4790 χαρτοφυλακίου
3693 4732 3801 4777 ση-

414 4795 733 4874 patriarchi
765 4796 992 4858 domiui
1027 4797 1253 4860 Nicolai
1280 4798 1757 4860 subuotationem
1794 4798 2065 4859 insinua-

414 4895 528 4946 tam
561 4905 716 4961 esse,
748 4907 879 4969 quae
905 4888 1031 4951 haec
1060 4888 1131 4949 ad
1167 4888 1411 4950 verbum
1445 4889 1878 4970 complectitur.

2150 4800 2362 4877 μείωμα
2405 4799 2763 4877 κατέστρωται
2818 4804 2912 4855 τοῦ
2999 4798 3296 4876 ἁγιωτάτου
3348 4798 3548 4855 ἐκείνου
3604 4821 3802 4879 πατρι-

2148 4890 2320 4969 άρχου
2401 4888 2576 4964 κυρίου
2631 4887 2917 4961 Νικολάου,
2978 4884 3099 4943 τάδε
3155 4887 3293 4943 κατὰ
3351 4890 3499 4967 ρῆμα
3568 4884 3802 4963 διαλαμ-

2146 4976 2329 5039 δάνον,

1731 5072 1996 5204 ἾΑΗΙᾉΞ
2045 5133 2361 5203 LECTION
2371 5133 2476 5200 ES.

494 5247 559 5298 88
592 5250 957 5326 σημειώματι.
1042 5249 1108 5300 89
1146 5252 1235 5308 καὶ
1262 5251 1402 5307 εἶναι
1434 5252 1796 5327 συγκάταινοι.
1878 5249 1943 5300 90
1984 5246 2375 5329 ἀναφανέντων.
2459 5245 2515 5297 9i
2546 5254 2623 5323 τῷ
2652 5247 2881 5329 σεκρέτῳ
2919 5249 3036 5310 τοῦ.

494 5393 521 5424 ιι
551 5357 965 5421 subnotationi
1000 5357 1248 5421 tradita.
1284 5371 1309 5402 ν
1334 5356 1411 5420 ab
1441 5366 1686 5421 amante
1716 5355 1941 5422 Christi
1986 5355 2300 5436 majestate
2344 5352 2556 5433 ipsius,
2618 5351 2694 5417 de
2748 5351 2972 5435 quibus
3027 5350 3245 5416 habere
3283 5350 3471 5416 dubia
3525 5348 3802 5433 quadam

1986 5513 2235 5581 NOTJE.

504 5622 589 5705 (8)
628 5622 692 5718 I_n
723 5624 1123 5718 manuscripto
1155 5624 1251 5686 hic
1297 5631 1382 5688 est
1417 5624 1657 5718 titulus:
1694 5616 1756 5718 ἐξ
1799 5624 2059 5718 γενομένη
2144 5623 2228 5718 tio
2257 5622 2430 5718 facta
2458 5619 2545 5684 ad
2567 5637 2668 5684 eos
2710 5621 3052 5718 pomi/iga,
3103 5622 3212 5705 qui
3238 5620 3319 5685 ad
3369 5619 3631 5685 aliorum
3656 5635 3801 5718 seu-

416 5708 544 5784 πρὸς
592 5708 712 5805 τους
758 5708 835 5782 μὴ
900 5706 1239 5805 συνελθόντας
1294 5718 1409 5805 τοῗξ
1461 5706 1673 5805 λοιποῖς
1731 5707 2060 5805 ἀρχιερεῦσιν
2142 5708 2398 5798 teutiam
2579 5706 3595 5805 accesseruut_in‘eqcuu§uu,
3609 5717 3802 5805 ABf-lgi-

416 5781 502 5867 ἒπὶ
548 5793 619 5867 τῇ
660 5786 712 5867 έν
763 5781 846 5861 ⁷τῷ
898 5787 1144 5867 ἀνωτέρω
1197 5786 1535 5863 σημειώματι
1577 5781 1900 5867 δηλουμένη
1934 5790 2058 5844 ὑπο·
2143 5784 2302 5848 riori
2327 5782 2644 5848 natalium
2661 5790 3106 5866 εαροηέιιινεει
3128 5781 3798 5866 emudmrcspousio.

414 5436 806 5501 videbantur.
835 5463 860 5495 ι
887 5439 958 5502 in
984 5446 1208 5502 secreto
1226 5439 1440 5502 scrinii

415 5865 552 5923 θέσει
586 5865 869 5951 ἐρώτησις,
896 5869 984 5925 καὶ
1013 5869 1047 5937 ἡ
1073 5865 1297 5925 τούτων
1339 5866 1637 5947 ἀπόκρισις.
1699 5865 2060 5949 Interroga-
