4106 6418
361 363 469 430 ’771
1751 356 1885 420 JUS
1929 355 2031 419 ΟΛ]

2116 349 2382 416 lNICUM
3651 333 3764 400 7⁸72

365 507 558 561 utnon
573 497 762 560 solum
777 499 836 558 in
855 491 2017 574 vitmcommercio,proutperhumanam

2116 489 2196 558 τῆς
2249 492 2336 546 καὶ
2379 488 2723 569 τρεφομένους
2753 483 2781 530 θ
2845 482 3124 560 Ἀθήναζε,
3185 481 3369 563 άγνοὺς
3428 485 3764 562 παραστῆσαι

366 587 738 668 fragilitatem
771 586 936 662 licet,
969 582 1252 664 inculpati
1279 569 1421 655 sint,
1458 583 1564 644 sed
1583 569 1653 643 'et
1684 581 1742 642 in
1777 585 2018 662 nuptia-

2116 587 2246 659 θεῷ,
2278 579 2414 637 ἄλλα
2441 580 2529 636 καὶ
2569 579 2689 643 τοὺς
2719 575 3009 653 μέλλοντας
3043 577 3114 640 εἷς
3145 577 3206 632 τὸ
3235 574 3376 630 εἶναι
3407 569 3759 650 διὰγενέσεως

365 661 522 738 libus
573 674 984 740 contractibus
1042 674 1100 735 id
1135 661 1598 752 consequantur.
1638 690 1712 732 ne
1761 661 2018 732 divinam

2116 668 2376 748 ἔρχεσθαι,
2424 668 2672 743 ἐννόμους
2704 666 2850 747 ἔχειν
2899 667 2994 730 τὰς
3025 665 3273 744 ἀπαρχᾶς
3303 668 3400 730 τῆς
3431 661 3754 741 γεννήσεως,

367 765 557 843 legem
593 773 650 826 et
689 764 877 827 Deum
952 762 1282 842 offendant,
1345 761 1664 841 requirens
1717 758 2024 840 prohiberi

370 855 602 935 nuptias
633 853 872 934 septimi
901 852 1117 930 gradus
1167 849 1517 929 cognatione
1547 849 1852 927 illegitime
1876 868 2020 910 (“Oll-

367 953 582 1006 tractas
603 963 617 1008 :
638 943 996 1025 synodaliter
1009 941 1212 1003 retulit
1232 949 1448 1002 nostra:
1471 939 1774 1000 modestiae
1799 954 2026 1019 r,quos-

369 1033 502 1094 dam
536 1051 628 1114 ea,
662 1051 794 1114 quae
818 1052 851 1094 a
881 1032 1068 1094 beata:
1098 1029 1402 1091 memoria:
1431 1027 1802 1089 sanctissimo
1837 1028 2022 1108 patri-

368 1123 548 1184 archa
577 1121 682 1184 illo
716 1122 961 1184 domino
990 1118 1221 1192 Alexio,
1248 1117 1528 1198 synodice
1545 1118 1862 1178 constituta
1886 1129 2024 1178 sunt

370 1214 444 1276 de
466 1210 955 1274 contrahentibus
978 1207 1419 1271 matrimonium
1446 1209 1505 1267 in
1535 1208 1786 1287 septimo
1812 1225 2023 1284 cogna-

371 1301 553 1362 tionis
585 1298 793 1376 gradu,
827 1299 963 1359 data
1003 1314 1187 1378 Opera
1242 1295 1590 1375 depravare,
1625 1296 1766 1356 dum
1799 1315 1916 1355 non
1949 1295 2023 1356 ad

371 1408 576 1452 eorum
609 1387 964 1449 sententiam
987 1385 1338 1466 respiciunt,
1364 1384 1468 1444 sed
1490 1383 1682 1445 verbis
1704 1384 2026 1445 oscitanter

370 1479 687 1541 inhaerent.
749 1474 896 1538 Nam
954 1475 1057 1538 illo
1130 1473 1369 1552 quidem
1444 1473 1732 1552 sinodice
1791 1472 2024 1554 nuptias

2104 761 2194 816 καὶ
2217 758 2494 834 ἐνθὲσμους
2533 760 2626 822 τὰς
2698 757 2912 836 πρώτας
2968 754 3100 834 πρός
3135 757 3306 834 γάμον
3360 751 3674 830 συναγωγὰς
3700 748 3754 823 5,

2105 850 2174 922 ὼ,
2222 849 2299 922 μὴ
2343 848 2504 923 μόνον
2553 845 2606 902 ἐν
2663 859 2784 910 ταῖς
2836 847 3117 922 βιωτικαῖς
3168 841 3528 920 συναλλαγαῖς
3613 838 3759 919 ἔχειν

2106 939 2179 1002 ὡς
2235 936 2358 1004 ἐξῆν
2437 936 2730 1016 ἀνθρώποις
2785 937 2846 990 τὸ
2904 931 3207 1009 ἄμεμπτον,
3281 930 3415 988 ἀλλὰ
3475 931 3574 987 κὰν
3643 939 3758 990 τοῖς

2105 1039 2358 1103 γαμικοῖς
2409 1023 2806 1103 συναλλάγμασι
2849 1023 3132 1091 κεκτῆσθαι
3175 1023 3306 1100 πρός
3375 1041 3433 1076 τε
3491 1021 3584 1076 τὸν
3612 1021 3754 1074 θειον

2106 1117 2264 1191 νόμον
2315 1117 2402 1170 καὶ
2485 1117 2615 1194 πρὸς
2687 1115 2815 1170 Θεὸν
2870 1114 2932 1168 τὸ
2981 1112 3346 1191 ἀπρόσκοπον,
3406 1109 3497 1166 καὶ
3556 1107 3617 1164 ἐκ
3671 1103 3760 1162 τοῦ

2107 1202 2328 1280 ἐϐδόμου
2359 1202 2410 1268 ἐξ
2441 1203 2670 1280 αἵματος
2712 1201 2744 1250 4
2795 1201 2998 1278 βαθμοῦ
3040 1200 3442 1279 συνιστάμενον,
3489 1197 3662 1275 γάμον
3688 1194 3757 1249 ἀ-

2105 1295 2332 1369 θέσμως,
2387 1300 2562 1364 ζητῶν
2619 1292 2916 1359 κωλυθῆναι
2970 1289 3278 1370 συνοδικῶς,
3324 1296 3392 1366 τῇ
3451 1290 3610 1364 ἡμῶν
3665 1285 3756 1341 ἀνο

2105 1385 2297 1461 ἤνεγκε
2326 1382 2668 1462 μητριότητι,
2700 1382 2774 1446 ὣς
2817 1403 2955 1447 τινες
3012 1381 3078 1438 τὰ
3107 1381 3247 1459 παρὰ
3277 1379 3370 1437 106
3412 1379 3466 1435 ἐν
3526 1374 3757 1455 μακαρίᾳ

2111 1478 2179 1548 τῇ
2229 1471 2382 1541 λήξει
2449 1471 2544 1529 τοῦ
2575 1472 2874 1549 άγιωτάτου
2938 1470 3270 1549 πατριάρχου
3336 1468 3538 1524 ἐκείνου
3584 1464 3758 1542 κυρίου

371 1565 608 1648 septimi
638 1566 856 1644 gradus
889 1563 1272 1645 prohibente,
1307 1563 1356 1623 si
1387 1580 1588 1623 earum
1626 1561 1805 1643 petita
1851 1563 2030 1625 fuerit

2116 1559 2346 1648 Ἀλεξίου
2376 1559 2662 1625 συνοδικῶς
2709 1559 3116 1636 οἶκονομηθέντα
3168 1558 3254 1614 ἐπί
3319 1570 3438 1620 τοϊς
3501 1554 3558 1620 ἓξ
3587 1554 3760 1629 αἵμα-

372 1642 546 1720 venia
573 1677 587 1715 :
610 1642 703 1716 sin
723 1642 1052 1734 minus,eas
1071 1651 1390 1713 indivulsas
1411 1642 1651 1712 manere
1675 1653 2029 1732 permitten-

2116 1673 2204 1715 τος
2265 1647 2488 1726 ἑϐδόμου
2530 1649 2730 1726 βαθμοῦ
2767 1651 2996 1727 γαμικὸν
3053 1653 3332 1706 συνιστῶσι
3391 1642 3760 1722 συνάλλαγμα,

375 1745 569 1822 te,sed
603 1762 706 1807 eos
727 1743 834 1823 qui
857 1749 1281 1804 contraxerunt
1313 1741 1502 1822 poenis
1524 1741 1880 1821 subjiciente
1903 1764 1920 1824 ;
1943 1743 2029 1803 id-

2116 1740 2616 1819 παραχαράττουσιν
2672 1739 2861 1811 ἑκοντὶ,
2943 1737 3021 1813 μὴ
3077 1738 3208 1824 πρδς
3284 1737 3376 1791 τὸν
3456 1734 3760 1813 ἐγκείμενον

377 1853 494 1917 que
506 1832 749 1896 omnino
764 1832 849 1894 sic
864 1831 994 1894 fieri
1008 1831 1349 1900 deﬁniente,
1362 1839 1417 1890 et
1431 1831 1479 1890 si
1495 1830 1595 1910 qui
1609 1833 2040 1912 coeuntgigno.

377 1933 580 1987 rantes
631 1930 808 2004 quoto
867 1920 1063 2004 gradu.
1110 1938 1147 2004 a_
1203 1937 1266 1979 se
1320 1919 1584 2004 invicem
1617 1920 1856 2004 distent,
1893 1923 2038 1984 tales

381 2007 618 2084 nuptias
647 1999 1051 2064 contraxerint
1080 2021 1093 2058 :
1131 1999 1432 2080 (quoniam
1451 1999 1611 2060 enim
1645 1999 1902 2076 modo,'si
1922 2023 2037 2065 non

374 2096 454 2157 ita
470 2096 583 2156 hoc
603 2093 689 2154 illi
706 2089 1083 2152 sanctissimo
1114 2089 1468 2169 patriarchas
1493 2093 1887 2170 excogitatum
1907 2094 1981 2154 sit
2000 2120 2034 2167 t,

376 2183 452 2246 de
481 2199 602 2243 una
631 2180 966 2258 eademque
997 2197 1062 2239 re
1114 2179 1274 2243 velut
1304 2177 1603 2240 contraria
1633 2182 1903 2260 quaedam
1938 2181 2036 2242 de-

381 2271 547 2335 tinita
576 2269 735 2331 sint?
772 2286 1032 2349 quonam
1083 2275 1281 2328 autem
1329 2268 1504 2328 modo
1537 2271 1694 2348 quod
1729 2290 1862 2330 cum
1896 2271 2032 2332 dolo

383 2363 536 2424 clam
562 2361 778 2422 factum
804 2356 1282 2421 est.indivulsum
1308 2375 1548 2418 manere
1573 2359 1899 2433 constituit,
1934 2363 2038 2441 qui

377 2471 496 2513 non
528 2445 816 2530 permittit
866 2444 1022 2526 fieri,
1056 2446 1104 2507 si
1135 2448 1266 2525 ejus
1306 2450 1476 2507 venia
1513 2447 1813 2528 petatur?)
1851 2469 2034 2530 quos-

379 2541 514 2602 dam
548 2538 730 2617 igitur
760 2534 906 2597 illud
937 2535 1230 2609 videntes,
1286 2536 1784 2614 quemadmodum
1821 2547 2036 2600 nostrae

384 2625 792 2690 mediocritati
849 2624 1094 2686 relatum
1160 2631 1269 2698 est,
1328 2643 1510 2705 seque
1543 2627 1782 2706 septimi
1816 2628 2036 2703 gradus

379 2736 515 2780 esse
547 2717 923 2790 scientes,et,
960 2713 1007 2775 si
1041 2713 1219 2792 hujus
1251 2713 1408 2774 modi
1440 2724 1776 2777 contractus
1806 2717 1917 2777 sub
1948 2718 2032 2778 in-

383 2808 850 2886 terrogationem
898 2802 1090 2874 radat,
1137 2801 1299 2862 nullo
1331 2802 1506 2864 modo
1532 2805 1885 2884 permissum
1910 2806 1980 2867 iri
2017 2825 2030 2866 :

383 2897 458 2958 de
490 2893 1070 2971 industria,maligne
1093 2892 1500 2969 agere,timori
1527 2893 1631 2956 Dei
1651 2903 1705 2955 et
1728 2897 2027 2959 canonicae

385 2983 790 3046 constitutioni
843 2981 1213 3063 propriarum
1275 2979 1585 3043 libidinum
1629 2984 2023 3065 expletionem

2117 1830 2322 1892 τούτοις
2352 1828 2470 1884 νοῦν
2497 1824 2910 1900 ἀποϐλέποντες,
2964 1838 3086 1890 τατς
3143 1823 3198 1880 δὲ
3253 1823 3424 1889 λέξεσι
3485 1841 3764 1900 κακοσχο-

2118 1915 2280 1981 λαίως
2336 1916 2771 1992 ὶεοαπομένοντες.
2846 1917 3077 1972 Ἐκείνου
3161 1915 3261 1993 γὰρ
3336 1909 3622 1974 συνοδικῶς
3677 1909 3766 1964 τὸν

2116 2006 2170 2074 ἐξ
2200 2005 2422 2083 ἑϐδόμου
2461 2007 2563 2085 γάρ
2576 2030 2632 2063 ον
2661 2005 2863 2083 βαθμοῦ
2910 2006 2953 2060 εἰ
3009 2003 3105 2080 μὲν
3173 2002 3486 2082 ἐρωτηθείη,
3540 1997 3772 2056 κωλύον-

2121 2119 2211 2160 τος
2242 2096 2470 2176 γίνεσθαι
2504 2113 2520 2127 ⁶
2555 2095 2682 2164 εἰδὲ
2743 2097 2844 2175 πρὸ
2913 2094 3225 2174 ἐρωτήσεως
3280 2093 3531 2174 γένηται,
3593 2089 3768 2164 μένειν

2123 2185 2220 2261 μὲν
2279 2184 2631 2242 ἀδιάσπαστον
2691 2183 3085 2262 ἐπιτρέποντος,
3163 2181 3445 2256 ἐπιτιμίοις
3525 2177 3580 2235 δὲ
3648 2179 3768 2240 τοὺς

2116 2272 2532 2339 συναλλάξαντας
2631 2269 3042 2346 ὑποϐάλλοντος,
3121 2272 3208 2328 καὶ
3303 2273 3456 2328 τοῦτο
3556 2268 3768 2329 πάντως

2117 2363 2252 2421 οὕτω
2308 2361 2658 2442 διοριζομένου
2717 2364 2968 2440 γίνεσθαι,
3029 2358 3139 2416 εἴτε
3170 2361 3204 2410 5
3270 2364 3316 2417 οἱ
3383 2357 3768 2432 συναπτόμενοι

2118 2453 2424 2530 ἀγνοοῦντες
2458 2451 2640 2510 ὁποίου
2679 2453 2810 2529 πρὸς
2893 2449 3157 2519 ἀλλήλους
3230 2450 3343 2506 εἷεν
3386 2449 3614 2526 βαθμοῦ,
3679 2447 3765 2500 τὸν

2117 2541 2351 2599 τοιοῦτον
2383 2542 2555 2620 γάμον
2611 2538 3013 2610 συστήσονταιθ
3057 2556 3070 2570 ⁸
3134 2547 3245 2606 πῶς
3290 2541 3388 2618 γὰρ
3453 2537 3540 2613 ἂν,
3588 2538 3631 2592 εἷ
3690 2535 3765 2610 μὴ

2121 2631 2256 2688 οὕτω
2283 2639 2438 2688 10610
2480 2630 2662 2703 ἐκείνῳ
2729 2637 2804 2704 τῷ
2871 2631 3152 2707 ἁγιωτάτῳ
3207 2630 3518 2708 πατριάρχῃ
3574 2625 3766 2690 νενόη-

2119 2743 2206 2776 ται
2235 2720 2264 2769 7
2291 2721 2408 2798 περὶ
2479 2718 2593 2782 ἕνὸς
2661 2721 2748 2775 καὶ
2791 2725 2882 2775 τοῦ
2926 2721 3083 2778 αὐτοῦ
3134 2719 3442 2797 πράγματος
3496 2720 3619 2773 οἷον
3675 2717 3767 2770 ὕπ-

2120 2809 2325 2865 εναντία
2383 2809 2499 2864 τινὰ
2567 2822 2954 2889 κεκανόνιστο,
3031 2815 3151 2872 Πῶς
3236 2806 3289 2863 δὲ
3337 2809 3398 2862 τὸ
3473 2802 3766 2865 ἐπιϐούλως

2108 2900 2276 2978 κρύφα
2345 2897 2729 2976 πραττόμενον,
2805 2896 2982 2973 μένειν
3039 2896 3401 2954 ἀδιάσπαστον
3471 2893 3763 2960 διετάξατο.

2111 2991 2138 3045 δ
2169 2987 2303 3063 μηδὲ
2333 2987 2560 3065 γίνεσθαι
2608 2993 2904 3066 συγχωρῶν
2933 2995 3087 3043 τοῦτο
3145 2988 3306 3043 πεσὸν
3337 2983 3425 3042 ὑπ’
3470 3008 3507 3052 η
3555 2985 3762 3065 ἐρώτη-

377 3093 434 3154 pl
453 3073 786 3146 auferentes,
817 3071 1091 3160 quodve!
1121 3069 1383 3160 florente,
1402 3070 1842 3150 pulchritudine
1864 3075 2021 3146 victi,

2116 3101 2191 3134 σιν
2217 3077 2260 3157 ς)
2333 3087 2484 3136 τοῦτο
2567 3083 2690 3154 γοῦν
2759 3075 2897 3138 τινὲς
2941 3075 3164 3156 εἰδότες,
3220 3079 3292 3142 ὡς
3363 3075 3648 3146 ἀνήνεκται
3704 3078 3768 3148 τῇ

374 3171 472 3224 aut
503 3160 823 3223 fluentibus
880 3158 1100 3220 divitiis
1147 3157 1411 3232 adducti,
1447 3169 1548 3221 aut
1577 3163 1816 3241 generis
1837 3165 2026 3228 subli-

2116 3171 2264 3243 ἡμῶν
2296 3167 2636 3246 μητριότητι,
2669 3167 2754 3222 καὶ
2782 3167 2854 3231 ὡς
2915 3162 3138 3241 ἑϐδόμου
3193 3167 3395 3243 βαθμοῦ
3463 3176 3763 3244 τυγχάνου-

376 3251 580 3312 mitate
607 3248 889 3330 pertracti
921 3248 1165 3309 fuerint.

374 3340 630 3419 άλλαγμα
685 3337 774 3396 ὑπ’
844 3338 1122 3417 ἐρώτησιγ,
1199 3338 1408 3405 πάντως
1480 3339 1585 3398 οὐδ’
1656 3340 1795 3408 ὅλως
1846 3346 2107 3424 προϐῆναι
2179 3347 2654 3424 συγχωρηθήσεται
2691 3364 2702 3376 ·

379 3431 514 3485 θείου
597 3430 685 3484 καὶ
771 3432 1052 3494 κανονικῆς
1122 3431 1428 3507 ἐπίπροσθεν
1514 3429 1792 3497 διατάξεως
1869 3436 1965 3502 τὴν
2021 3444 2127 3494 τῶν
2183 3435 2389 3492 οἰκείων
2447 3432 2781 3512 ἐκπλήρωσιο
2853 3431 3168 3509 θελημάτων
3223 3433 3478 3509 τιθέμενοι
3513 3453 3527 3467 ⁸

2110 3280 2191 3314 σιν
2222 3256 2584 3330 ἐπιστάμενοι,
2615 3255 2701 3311 καὶ
2767 3256 2841 3320 ὡς
2911 3256 2954 3311 εἰ
3013 3256 3160 3332 πάσῃ
3217 3257 3278 3311 τὸ
3330 3261 3568 3312 τοιοῦτον
3641 3277 3763 3310 συν-

2793 3346 3170 3422 κακουργοῦσιν
3253 3341 3517 3423 ἐπίτηδες,
3607 3339 3764 3422 φόϐου

3603 3431 3764 3500 ὁ)ςῆ

381 3518 472 3574 τοῦ
555 3518 853 3597 ἀμαράντου
936 3515 1163 3582 καλλους
1240 3519 1557 3596 ἡττώμενοι,
1640 3521 1675 3590 ἢ
1734 3521 1940 3597 πλούτῳ
1997 3533 2074 3602 τῷ
2128 3525 2296 3604 ῥέοντι
2373 3523 2726 3603 ὑπαγόμενοι,
2785 3522 2821 3590 ἢ
2891 3524 2978 3580 καὶ
3049 3524 3230 3602 γένους
3302 3524 3547 3604 ὑπεροχῇ
3601 3521 3764 3604 ὑφελ-

387 3628 625 3681 κομξνοι,

457 3693 668 3755 Nostra
727 3694 904 3774 igitur
960 3717 985 3747 α
1037 3695 1386 3778 moderatio,
1436 3698 1646 3778 partim
1709 3718 1815 3781 pro
1838 3702 2035 3764 divina

382 3784 512 3861 lege
543 3784 1170 3864 propugnans,partim
1194 3785 1538 3864 hujnsmodi
1571 3787 1898 3850 facinorum
1934 3810 2036 3871 pa-

383 3881 614 3936 ternam
672 3889 872 3936 curam
926 3872 1111 3934 habes
1143 3891 1156 3934 :
1191 3874 1264 3934 iis
1313 3875 1472 3936 enim
1517 3875 1798 3939 divinitus
1827 3879 2032 3940 immi-

387 3973 514 4042 net,
549 3973 610 4023 ut
632 3961 1052 4024 inobedientize
1075 3962 1237 4036 ﬁliis,
1271 3963 1662 4027 intolerabilis
1689 3968 1797 4040 ira,
1831 3977 1894 4029 ut
1923 3988 2030 4030 au-

382 4061 500 4114 tem
535 4053 738 4113 horam
774 4050 1092 4131 aliquando
1125 4061 1186 4113 et
1216 4051 1390 4113 ambo
1431 4053 1568 4114 talia
1599 4058 2034 4119 committentes

383 4142 598 4204 mortis
619 4141 814 4220 gladio
840 4140 1280 4212 exscindantur,
1299 4155 1396 4203 aut
1431 4162 1535 4223 per
1559 4158 1809 4206 mortem
1832 4147 2031 4208 omni-

383 4251 462 4293 no
488 4231 640 4292 alter
669 4229 741 4291 ab
789 4231 976 4291 altero
1034 4239 1370 4310 separetur,
1407 4234 1559 4311 quod
1598 4235 1746 4296 tales
1788 4237 2028 4315 nuptiae,

384 4339 502 4381 non
531 4321 646 4380 sint
677 4319 918 4398 nuptiae,
953 4318 1057 4380 sed
1099 4319 1437 4399 nuptiarum
1471 4321 1896 4386 dissolutiones
1930 4346 1942 4387 :
1977 4335 2035 4386 et

2201 3696 2264 3762 Ἠ
2328 3705 2496 3760 τοίνυν
2552 3703 2836 3782 μετριότης
2878 3704 3032 3777 ἡμῶν
3087 3711 3242 3762 τοῦτο
3304 3703 3425 3782 μὲν,
3483 3710 3577 3759 τοῦ
3631 3701 3765 3758 θείου

2118 3793 2281 3868 νόμου
2324 3795 2706 3872 ὑπερμαχοῦσα
2750 3799 2904 3849 τοῦτο
2935 3791 3014 3871 δὲ,
3084 3793 3171 3848 καὶ
3221 3797 3326 3849 τῶν
3382 3789 3502 3848 οῧτο
3557 3799 3709 3850 τοῦτο
3734 3789 3766 3838 8

2115 3879 2572 3956 κατατολμώντων
2641 3887 2908 3960 πατρικῶς
2997 3878 3268 3956 κηδομένη
3357 3879 3596 3960 (ἔρχεται
3667 3881 3763 3958 γὰρ

2119 3970 2202 4026 ἐπ’
2233 3972 2414 4035 αὐτοὺς
2455 3969 2510 4045 9,
2540 3973 2613 4035 ὡς
2642 3970 2782 4034 υἱοὺς
2842 3970 3160 4043 ἀπειθείσας,
3219 3971 3392 4026 θεόθεν
3459 3971 3595 4048 ὀργὴ
3665 3969 3762 4024 ἀν-

2116 4061 2428 4131 υπόστατος,
2491 4060 2562 4122 ὡς
2618 4061 2720 4139 πρὸ
2775 4059 2914 4138 ὥρας
2983 4057 3124 4114 ἔστιν
3182 4060 3241 4115 οὗ
3296 4060 3384 4114 καὶ
3443 4056 3603 4139 ἄμφω
3645 4058 3760 4120 τοὺς

2114 4149 2423 4231 δεδρακότας
2479 4158 2693 4207 τοιαῦτα
2749 4158 2826 4225 τῷ
2882 4153 2974 4207 106
3040 4151 3262 4207 θανάτου
3319 4149 3448 4229 Ξίφει
3508 4151 3760 4226 ἐκτέμνε-

2115 4245 2255 4314 σθαι,
2317 4241 2352 4307 ἣ
2425 4241 2632 4306 πάντως
2689 4241 2898 4320 θάτερον
2953 4250 3047 4300 τοῦ
3135 4240 3310 4319 ἐτέρου
3369 4238 3760 4296 ἀποδιίστασθαι

2117 4327 2201 4385 διὰ
2229 4331 2452 4386 θανάτου
2481 4328 2558 4391 ίο.
2623 4320 2752 4387 ῌΟτι
2811 4327 2946 4406 μηδέ
3003 4330 3174 4408 γάμος
3232 4332 3261 4386 ὁ
3303 4332 3535 4392 τοιοῦτος
3567 4330 3758 4408 γάμος,

389 4409 522 4471 talis
571 4407 936 4487 conjunctio,
999 4408 1292 4488 separatio
1334 4409 1530 4489 potius
1573 4421 1626 4472 et
1659 4413 1944 4486 exitium;
1978 4421 2031 4476 et

2123 4418 2258 4474 ἀλλά
2329 4419 2502 4498 γάμου
2559 4418 2842 4484 κατάλυσις
2880 4441 2893 4454 ’
2965 4407 3054 4476 καὶ
3108 4422 3142 4487 ἡ
3212 4419 3431 4486 τοιαύτη
3490 4407 3754 4500 συνάφεία,

385 4499 525 4588 talis
555 4497 948 4588 conversatio,
987 4500 1214 4559 eversio
1259 4499 1453 4579 potius
1475 4509 1532 4560 et
1559 4500 1856 4567 interitus.
1893 4505 2031 4566 Pul-

2120 4507 2388 4573 διάστασις
2435 4507 2638 4584 μᾶλλον
2697 4511 2784 4566 καὶ
2853 4507 3066 4588 ὄλεθρος
3097 4529 3110 4542 ·
3173 4510 3258 4565 καὶ
3298 4510 3333 4577 ἡ
3403 4497 3644 4576 τοιαύτη
3683 4507 3762 4565 ἐιὰ

379 4586 736 4652 chritudinis
763 4586 941 4649 etiam
972 4586 1381 4667 fruitio,hujus
1413 4588 1544 4650 vitae
1573 4590 2033 4655 dissolutiones:

381 4677 618 4760 generis
645 4677 1283 4752 exaltatio,destructiu
1317 4678 1532 4758 potius,
1556 4689 1614 4740 et
1641 4680 1700 4741 in
1733 4682 2035 4744 infernum

2118 4598 2291 4674 γάμου
2349 4598 2767 4677 συναναστροφὴ,

2117 4685 2356 4743 ἀπώλεια
2398 4706 2413 4722 ⁸

2854 4599 3192 4677 καταστροφὴ
3268 4595 3470 4673 μᾶλλόν
3513 4597 3624 4654 ἐστι
3676 4597 3762 4654 καὶ

2487 4685 2521 4754 ἧ
2578 4696 2668 4746 τοῦ
2723 4685 2948 4751 κάλλους
3026 4686 3336 4759 ἀπόλαυσις,
3423 4694 3516 4745 τοῦ
3587 4683 3758 4745 ἐνθάδε

378 4767 603 4831 ducens
626 4767 775 4830 viam
803 4788 818 4848 ;
853 4775 910 4828 et
932 4766 1273 4866 divitiarum
1303 4769 1564 4842 satietas,
1601 4787 1807 4832 eorum
1836 4773 2031 4852 potius

2116 4776 2228 4852 βίου
2257 4775 2510 4840 ἀπόλυσις
2547 4792 2562 4806 ⁸
2606 4775 2641 4843 ἧ
2680 4798 2739 4832 τε
2794 4784 2885 4833 106
2927 4775 3108 4855 γένους
3164 4777 3460 4858 ἀνύψωσις,
3515 4781 3759 4856 καθαίρε-

380 4875 512 4938 qua:
568 4865 922 4946 cernuntur,
957 4855 1208 4937 privatio
1250 4855 1518 4918 constitit
1545 4863 1588 4931 ',
1635 4866 1879 4941 propter
1909 4862 2031 4924 haec

2116 4888 2196 4927 σις
2229 4863 2432 4940 μᾶλλον
2480 4866 2567 4922 καὶ
2609 4864 2728 4928 ὁδὸς
2787 4868 2858 4931 εἷς
2928 4864 3062 4939 ᾅδην
3131 4867 3408 4946 ἀπάγουσα
3439 4855 3488 4918 ίί
3522 4885 3537 4899 ⁹
3610 4855 3696 4925 καὶ
3725 4867 3758 4932 ἡ

376 4947 556 5027 igitur
589 4945 918 5008 moderatio
971 4953 1194 5020 nostra,
1223 4965 1357 5007 cum
1408 4959 1789 5010 sacrosancta
1820 4950 2031 5013 frater-

2116 4961 2214 5011 ταῦ
2255 4952 2482 5013 πλούτου
2517 4953 2810 5032 πλήρωσις,
2873 4961 2980 5012 τῶν
3031 4945 3313 5035 ὁρωμένων
3369 4955 3573 5033 μᾶλλον
3629 4958 3755 5012 καθ-

387 5035 597 5116 nitate,
626 5037 834 5098 factam
871 5055 904 5097 a
929 5035 1302 5098 sanctissimo
1334 5037 1667 5117 patriarcha
1687 5038 1930 5101 domino
1957 5047 2037 5102 Λ-

382 5123 535 5187 lexio
567 5125 907 5206 synodalem
939 5125 1444 5208 dispensationem
1470 5127 1530 5188 in
1581 5129 1804 5209 nuptiis
1849 5129 2036 5211 septi-

2121 5042 2312 5110 έστηκε
2343 5043 2642 5122 στέρησις.)
2703 5045 2799 5100 Διὰ
2828 5055 2951 5124 γοῦν
2986 5053 3150 5102 ταῦτα
3179 5047 3214 5114 ἡ
3270 5049 3552 5126 μετριότης
3581 5048 3755 5123 ἡμῶν,

2121 5133 2254 5209 μετὰ
2307 5138 2408 5200 τῆς
2473 5135 2612 5210 ἱερᾶς
2669 5131 3047 5215 ἀδελφότητος,
3105 5133 3206 5201 τὴν
3280 5147 3567 5215 γεγονυῖαν
3622 5133 3758 5213 παρά

1717 5296 1972 5362 VARle
2003 5297 2436 5366 LECTIONES.

470 5435 504 5488 ί
529 5439 928 5532 στρεφομένουςἔ
974 5526 984 5532 _
1011 5444 1434 5532 {amantque
1485 5530 1494 5532 _
1521 5446 1555 5496 4
1579 5448 1669 5532 τὸν
1698 5449 1790 5504 τοῦ
1817 5448 1970 5506 ἕκτου
2000 5449 2223 5532 βαθμοῦ,
2255 5447 2307 5516 ἐξ
2337 5447 2592 5526 αἵματος.
2676 5452 2710 5504 5
2737 5451 2789 5509 εἴ
2811 5473 2894 5532 γε,
2979 5451 3014 5504 θ
3040 5455 3377 5526 συστήσαιιν.
3462 5456 3492 5507 ’1
3520 5459 3758 5532 νινόητο,

382 5518 519 5579 οὕτω
546 5518 754 5584 τούτου.
841 5521 874 5572 9
907 5524 992 5583 ἐπὶ
1020 5526 1184 5590 υἱούς.

1271 5524 1325 5570 ¹⁰
1363 5530 1570 5602 θανάτῳ
1598 5526 1904 5589 διίστασθαι.

1992 5528 2040 5571 ¹¹
2086 5531 2408 5611 κατάγουσα,

458 5681 484 5715 ν
510 5664 938 5735 mediocritati.
971 5682 992 5712 ι
1029 5671 1326 5752 siquidem
1357 5671 1429 5749 ii,
1463 5673 1568 5752 qui
1586 5681 1819 5738 coeunt.
1855 5670 2270 5744 ‘intellectum
2300 5685 2404 5745 sit.
2435 5686 2463 5719 ³
2492 5681 2900 5750 mediocritas.
2928 5690 2953 5723 '
2979 5685 3260 5751 exsistit:
