4106 6416
307 382 423 452 773

304 537 398 588 τοῦ
455 531 754 609 ἁγιωτάτου
815 532 1146 613 πατριάρχου
1242 531 1416 611 κυρίου

307 617 495 687 οδικὴν
527 617 580 662 Β
610 621 914 696 οἰκονομίαν
945 621 1029 678 ἐπὶ
1057 629 1134 697 τῷ
1166 621 1223 672 ίδ
1251 622 1427 700 ῥητῶς
1460 619 1545 678 ἐπὶ
1574 643 1665 678 του
1695 619 1970 678 πολιτικοῦ

309 709 477 784 νόμου
507 710 586 784 μὴ
635 707 916 767 κωλυθέντι
978 709 1061 768 ἐπὶ
1131 722 1223 772 τοῦ
1254 711 1304 778 ἐξ
1333 711 1392 760 Μ
1444 710 1675 787 ατῖματος
1750 708 1969 784 ἑϐδόμου

310 798 516 874 βαθμοῦ
566 798 725 878 γάμῳ
754 797 830 880 ίδ,
905 801 1042 876 μήτε
1099 804 1339 881 καθαρῶς
1423 798 1784 880 ἐπιτραπέντι,
1847 822 1970 878 κρα-

309 890 537 944 τύνουσα
607 889 695 944 καὶ
773 890 1108 969 στηρίζουσα,
1191 893 1278 947 καὶ
1351 894 1467 948 οἷον
1545 889 1972 972 ἐφερμηνούουσά

312 998 370 1033 τε
399 978 490 1033 καὶ
531 978 887 1056 σαφηνίζουσα
921 994 935 1009 ⁸
970 978 1082 1052 ἅμα
1133 977 1187 1036 δὲ
1217 981 1305 1036 καὶ
1347 981 1407 1036 τὸ
1463 986 1568 1038 τῶν
1625 979 1838 1038 πολλῶν
1871 1002 1968 1036 κα.

316 1064 541 1144 κοῦργόν
602 1087 660 1122 τε
719 1067 807 1122 καὶ
878 1069 1149 1148 περίεργον
1218 1069 1629 1148 περικόπτουσα,
1697 1071 1784 1126 καὶ
1855 1072 1970 1126 οἷον

316 1153 379 1210 ἔκ
406 1154 554 1232 ῥίζης
597 1154 762 1222 αὖτῆς
794 1155 1110 1238 ἀνασπῶσαι,
1135 1157 1229 1215 Ἵνα
1271 1159 1349 1234 μὴ
1401 1160 1490 1214 καὶ
1546 1157 1622 1216 ἔτι
1654 1157 1706 1200 16
1733 1181 1972 1239 παρανο-

321 1243 446 1318 μίας
505 1242 809 1321 ἑξανατείλῃ
902 1244 1281 1322 βλαστήματα,
1356 1249 1444 1304 καὶ
1539 1248 1696 1306 τέκνα
1738 1246 1974 1325 μωμητὰ

313 1329 613 1409 πληὼνθῇ,
660 1334 747 1389 καὶ
795 1335 894 1391 υἱοὶ
935 1341 1042 1393 τῶν
1088 1337 1238 1393 θείων
1297 1337 1474 1414 νόμων
1533 1335 1826 1406 αὐξηθῶσιν
1871 1336 1971 1393 ἆλ-

316 1421 516 1497 λότριοι
564 1438 580 1454 ⁸
613 1427 706 1481 τὸν
730 1426 792 1482 ὲκ
819 1433 911 1484 τοῦ
940 1429 1177 1486 τοιούτου
1207 1431 1379 1509 γάμον
1454 1430 1655 1506 βαθμοῦ
1708 1433 1769 1488 οὔ
1812 1433 1975 1508 μόνον

319 1510 666 1589 ἐρωτώμενον
731 1512 1030 1595 προϐαίνειν
1080 1517 1294 1594 κωλύει,
1371 1517 1508 1576 ἀλλὰ
1536 1522 1624 1576 καὶ
1678 1521 1779 1600 πρὸ
1837 1520 1971 1600 ἐρω-

317 1601 531 1670 τήσεως
561 1604 919 1680 γεγενημένον
989 1604 1302 1665 διασπᾶσθαι
1345 1607 1704 1666 διακελεύεται
1741 1625 1755 1639 ·
1829 1632 1972 1666 παν-

318 1687 451 1780 τελῆ
506 1701 615 1750 Δτοῦ
666 1693 904 1753 τοιούτου
994 1697 1166 1776 γαίμου
1239 1699 1424 1777 ἀργίαν
1495 1699 1973 1780 καταψηφιζομένη

1653 384 2348 456 GR/ECO-ROMANUM

3584 379 3708 452 774

1513 529 1747 598 Ἀλεξίου
1847 553 1962 588 συν-
1982 574 1983 578 η

2074 523 2128 584 ni
2157 523 2375 603 gradus
2405 523 2774 604 cognationis
2824 523 3175 588 nominatim
3235 544 3353 587 non
3392 522 3710 606 prohibitis

2052 611 2186 690 lege
2218 613 2603 694 civili,neque
2627 612 2937 676 manifeste
2961 615 3294 695 permissis,
3315 612 3710 675 corroborans

2053 709 2111 762 et
2143 702 2403 782 ﬁrmans,
2441 721 2509 764 ac
2535 703 2718 764 veluti
2759 705 3157 783 interpretans
3181 713 3238 765 et
3268 702 3598 776 declarans,
3633 700 3710 761 si-

2055 791 2176 852 mul
2210 792 2383 852 etiam
2417 795 2741 855 multorum
2777 792 3042 854 fraudem
3101 803 3157 855 et
3187 792 3505 855 versutiam
3537 808 3710 852 rese-

2057 898 2219 951 cans,
2255 891 2312 941 et
2334 881 2502 962 quasi
2523 881 2593 943 ad
2619 880 2820 943 radice
2841 882 3280 962 exstirpans,ne
3302 882 3434 943 ulla:
3455 878 3712 961 amplius

2055 967 2386 1050 iniquitatis
2432 971 2774 1032 exnriantur
2806 971 3168 1052 propagines
3197 979 3256 1032 tt
3286 969 3709 1052 reprehensio-

2057 1077 2194 1119 nem
2261 1059 2634 1121 merentibus
2695 1059 2902 1121 liberis
2979 1059 3316 1140 respublica
3373 1059 3711 1138 impleatur,

2057 1146 2438 1229 ﬁliorumque
2458 1167 2490 1209 a
2513 1147 2730 1210 divinis
2751 1147 2983 1228 legibus
3005 1149 3337 1210 alienorum
3357 1155 3586 1210 crescet
3607 1165 3709 1208 nu'

2057 1254 2262 1298 merus
2295 1258 2308 1294 :
2349 1239 2584 1317 nuptias
2618 1235 2857 1317 septimi
2889 1237 3107 1314 gradus
3139 1257 3257 1298 non
3289 1237 3479 1298 solum
3511 1245 3710 1317 postu-

2055 1323 2202 1386 latas
2234 1326 2560 1405 procedere
2605 1333 2785 1400 vetat,
2845 1326 2948 1386 sed
3003 1334 3062 1386 et
3088 1334 3224 1388 ante
3251 1325 3708 1407 postulationem

2057 1422 2389 1475 contractas
2420 1413 2668 1476 distrahi
2690 1414 2865 1494 jubet
2893 1434 2906 1476 :
2941 1417 3017 1476 ab
3043 1413 3334 1476 hodierno
3367 1413 3464 1475 die
3487 1413 3708 1475 discer-

2055 1510 2299 1577 nens,ut
2317 1503 2494 1582 hujus
2518 1502 2678 1564 modi
2706 1502 2927 1582 nuptiaa
2954 1502 3200 1565 omnino
3223 1501 3354 1565 ﬁeri
3377 1502 3651 1564 desinant
3687 1523 3702 1560 ι

2056 1609 2189 1672 quae
2219 1601 2419 1653 autem
2457 1591 2581 1671 jam
2642 1591 2812 1654 factae
2857 1601 3015 1674 sunt,
3052 1611 3298 1654 manere
3326 1591 3580 1653 debeant
3612 1593 3711 1652 in-

2057 1679 2320 1742 divulsae.
2356 1679 2466 1752 Qui
2502 1680 2677 1757 igitur
2728 1680 2875 1742 tales
2927 1681 3164 1760 nuptias
3193 1680 3265 1742 ab
3298 1682 3414 1742 hoc
3445 1689 3716 1762 tempore

319 1777 431 1835 ἀπὸ
493 1785 592 1847 τῆς
667 1783 901 1863 σήμερον
933 1801 949 1815 ⁸
1163 1768 1470 1869 φθασάντων
1525 1768 1762 1866 γενέσθαι
1788 1768 1976 1844 -τοιούο

2074 1769 2411 1829 :ontrahere
2442 1769 2569 1830 ausi
2625 1768 2870 1843 fuerint,
2907 1787 3024 1830 non
3071 1775 3295 1831 tantum
3327 1788 3431 1830 sua
3460 1768 3714 1830 frustra-

318 1887 431 1924 των
491 1869 701 1946 γάμων,
758 1873 933 1946 μένειν
1002 1876 1212 1943 πάντως
1309 1875 1628 1958 ὀφειλόντων
1710 1875 1973 1934 ἀδιασπά-

320 1976 492 2015 στων.
565 1959 636 2015 Τὸ
692 1969 817 2038 γοῦν
868 1962 975 2020 ἀπὸ
1022 1963 1166 2023 τοῦδε
1239 1969 1284 2023 οἱ
1359 1973 1593 2023 τοιοῦτον
1649 1966 1822 2045 γάμον
1880 1989 1977 2023 συ-

323 2049 518 2112 στῆναι
548 2043 930 2125 τολμήσοντες,
1005 2057 1064 2112 οὖ
1132 2054 1296 2130 μόνον
1363 2062 1454 2112 τοῦ
1527 2055 1717 2112 οἰκείου
1776 2062 1976 2112 σκοποῦ

324 2130 573 2209 οὐδαμῶς
603 2135 1010 2216 ἀπολαύσουσιν,
1042 2141 1180 2200 ἀλλὰ
1206 2146 1294 2201 καὶ
1334 2146 1469 2220 μετὰ
1523 2151 1622 2212 τῆς
1673 2152 1766 2202 τοῦ
1797 2146 1976 2202 τοιού-

321 2243 420 2278 του
464 2223 904 2315 συναλλάγματος
961 2228 1290 2297 διασπάσεως
1322 2282 1340 2315 ,
1397 2236 1484 2292 καὶ
1539 2235 1816 2313 ἀφορισμῷ
1871 2257 1976 2291 κα-

324 2309 843 2403 θυποϐληθήσονται,
905 2321 978 2384 ὡς
1041 2309 1336 2401 συγγενικὰ.
1379 2309 1700 2403 συγχέοντες
1735 2309 1974 2400 αἵματα,

324 2401 418 2458 καὶ
473 2403 548 2464 ὡς
606 2411 697 2460 τοῦ
755 2408 1015 2487 παρόντος
1084 2409 1356 2470 συνοδικοῦ
1423 2401 1642 2490 ὁρισμοῦ
1709 2435 1982 2493 καταφρο-

325 2492 486 2556 νηταί
519 2511 534 2525 ⁶
623 2493 676 2549 οθί
750 2516 808 2551 τε
839 2510 955 2563 τοῖς
985 2497 1124 2555 οὕτω
1171 2499 1544 2559 συναλάττουσι
1572 2501 1976 2575 συναινέσοντες,

329 2582 615 2659 αὐστηρίας
699 2591 981 2655 κανονικῆς
1047 2591 1470 2668 πειραθήσονται,
1534 2593 1621 2648 καὶ
1675 2594 1721 2647 οἱ
1777 2589 1980 2670 ἱερολο-

327 2673 494 2746 γῆσαι
537 2669 893 2748 τολμήσοντες
924 2678 1225 2758 καθαιρέσει
1254 2677 1733 2750 ὑποϐληθήσονται.

415 2761 589 2817 Ταῦτα
650 2761 755 2820 ἀπὸ
812 2771 918 2822 τῶν
987 2765 1270 2824 συνοδικῶν
1324 2768 1614 2848 σχεδαρίων
1673 2766 1982 2841 παρεκϐλη-

327 2845 506 2922 θέντα,
555 2855 624 2923 τῇ
653 2853 902 2933 σφραγῖδί
929 2876 987 2910 τε
1038 2858 1124 2913 καὶ
1167 2859 1445 2938 ὑπογραφῇ
1500 2865 1592 2914 τοῦ
1659 2859 1982 2933 τιμιωτάτω

329 2934 710 3016 ἀρχιδιακόνου
749 2945 836 2999 καὶ
884 2934 1315 3026 χαρτοφύλακος-
1523 2949 1827 3026 ἁγιωτάτης
1897 2955 1990 3005 τοῧ

335 3031 470 3085 Θεοῦ
536 3028 778 3107 μεγάλης
852 3029 1172 3101 Ἐκκλησίας

2060 1855 2281 1917 buntur
2339 1857 2472 1938 ipsi,
2509 1857 2612 1918 sed
2670 1867 2728 1918 et
2783 1876 2919 1919 cum
2972 1858 3149 1938 hujus
3182 1858 3340 1920 modi
3370 1867 3712 1920 contractus

2058 1944 2448 2006 dissolutione
2477 1944 3082 2007 excommunicationi
3111 1946 3527 2026 subjicientur,
3552 1947 3713 2008 velut

2058 2033 2426 2112 cognationis
2448 2035 2838 2112 sanguinem"
2857 2035 3384 2113 confundentes,et
3398 2036 3709 2116 praesentis

2061 2123 2743 2202 synodicaedeﬁnitionis
2795 2131 3258 2206 contemptores,
3292 2125 3343 2186 si
3371 2125 3575 2201 etiam,
3609 2124 3711 2206 qui

2063 2229 2201 2272 eum
2227 2221 2600 2274 contractum
2652 2212 2998 2275 ineuntibus
3018 2232 3376 2275 consensum
3411 2213 3707 2294 praestite-

2068 2304 2209 2374 rint,
2244 2305 2621 2366 severitatem
2673 2305 3020 2366 canonicam
3075 2305 3474 2386 experientur,
3525 2315 3583 2366 et
3613 2305 3714 2386 qui

2065 2411 2292 2456 sacram
2326 2392 2806 2455 benedictionem
2839 2394 3040 2456 facere
3081 2394 3210 2456 ausi
3243 2395 3486 2476 fuerint,
3521 2395 3712 2476 depo-

2065 2482 2270 2544 sitioni
2297 2481 2714 2561 subjiciuntur.

2145 2747 2281 2811 Haec
2333 2770 2400 2811 ex
2453 2748 2754 2830 synodicis
2803 2750 3094 2812 chartulis
3144 2750 3390 2832 prolata,
3435 2750 3629 2830 sigillo
3662 2760 3721 2813 et

2075 2838 2512 2919 subscriptione
2539 2840 2598 2898 in
2634 2839 2842 2919 primis
2871 2840 3197 2900 venerandi
3226 2840 3629 2924 archidiaconi
3663 2849 3722 2901 et

2075 2928 2544 3009 chartophylacis
2595 2928 2982 2989 sanctissimae
3026 2948 3250 3005 magna:
3307 2929 3414 2989 Dei
3453 2930 3722 2991 ecclesia:

1285 3036 1521 3106 σύνήθως
1607 3034 1980 3113 βεϐαιωθέντα,

2075 3035 2180 3096 pro
2214 3036 2378 3078 more
2409 3019 2775 3097 conﬁrmata,
2807 3017 2938 3077 data
2974 3027 3107 3077 sunt
3130 3036 3334 3078 mense
3357 3027 3414 3078 et
3435 3018 3719 3079 indictio-
3769 3081 3778 3089 ,

335 3112 559 3206 ἐπεδόθη
591 3121 735 3206 μηνὶ.
762 3122 848 3206 καὶ
908 3120 1216 3200 ἐπινεμήσει
1289 3139 1405 3188 τοῖς
1464 3106 1981 3206 προγεγραμμένοις,

2074 3124 2144 3205 ne
2173 3123 2354 3206 supra
2385 3107 2643 3186 scriptis,
2705 3106 2848 3206 anni
2909 3106 3105 3206 6674._
3126 3107 3517 3206 fla_i'topliylait
3547 3125 3721 3167 sauc--

333 3200 484 3294 ἔτους
513 3198 755 3288 τς“χο8”.
794 3199 850 3267 Ὀ
883 3198 1216 3291 χαρτοιρύλαξ
1271 3215 1370 3280 τῆς
1401 3198 1710 3294 ἁγιωτάτης
1743 3198 1984 3294 μεγάλης

335 3291 626 3385 ἐκκλησίας
694 3299 782 3354 καὶ
857 3299 1230 3380 ἆρχιδιάκονος
1289 3291 1540 3373 Ἰωάννης
1594 3307 1622 3360 ὸ
1690 3291 1985 3385 Ἀγιοφλω·

337 3381 510 3478 ρίτης,
559 3386 856 3478 ὑπέγραψε.

338 3476 424 3533 Β)
503 3496 533 3530 α
581 3479 706 3557 Περὶ
769 3476 1037 3560 κληρικῶν
1106 3497 1393 3559 κοσμικαῖς
1478 3483 1690 3550 ἑαυτοὺς
1747 3483 1989 3560 συμπλε-

867 3559 1070 3616 κόντων
1128 3564 1382 3642 φροντίσι,
1433 3588 1462 3620 ι

424 3645 496 3702 Τὸ
545 3647 830 3724 σημείωμα
916 3656 1006 3706 τοῦ
1064 3653 1358 3730 ἁγιωτάτου
1427 3655 1761 3734 πατριάρχου
1817 3656 1993 3734 κυρίου

345 3738 519 3825 deusz
563 3735 680 3818 ἔχει
765 3739 933 3825 οἴξτως
969 3763 982 3776 ·
1034 3746 1173 3810 Μηνὶ
1235 3743 1537 3825 Δεκεμϐρίῳ
1565 3736 1626 3813 η’
1677 3746 1849 3825 ἡμέρᾳ
1907 3745 1991 3809 α’.

343 3823 706 3902 ἐπινεμήσεως
736 3829 799 3903 ς’
804 3821 841 3893 ’,

427 3915 485 3972 Εἰ
512 3917 601 3974 καὶ
673 3919 826 3990 Ὀζᾶν
883 3919 1114 3998 ἐκεῖνος,
1186 3925 1284 3991 τῆς
1339 3925 1478 3989 θείας
1535 3921 1763 3981 κιϐωτοῦ
1816 3945 1995 4003 παρα-

346 4005 637 4080 τραπείσης
664 4006 959 4084 ἁψάμενος,
1013 4016 1073 4072 οῦ
1136 4017 1320 4093 μικρὸν
1389 4014 1669 4093 κατεκρίθη
1755 4015 1816 4069 τὸ
1872 4013 1994 4070 ἑπι-

345 4093 519 4168 τίμιον
553 4113 569 4129 ο
643 4097 813 4154 καίτοι
886 4103 1084 4166 σκοπὸς
1142 4106 1208 4171 ἦν
1301 4103 1443 4177 αὐτῷ
1511 4105 1642 4182 πρὸς
1711 4102 1997 4181 ἆνόρθωσιν

348 4181 574 4254 ταύτης,
636 4187 697 4242 οὖ
759 4189 889 4267 πρὸς
947 4191 1242 4270 καθαίρεσιν
1279 4209 1292 4224 ⁶
1357 4193 1436 4256 τίς
1496 4181 1633 4249 οὕτω
1707 4190 1999 4271 τολμηρὸς,

2069 3195 2313 3255 tissimze
2339 3213 2564 3274 magnae
2594 3193 2867 3256 ecclesiae
2898 3202 2956 3255 et
2985 3195 3442 3256 archidiaconus
3463 3198 3724 3258 Joannes

2066 3281 2472 3366 Hagioﬂorita,
2505 3282 2877 3364 subscripsit.

2074 3460 2150 3524 Ii.
2184 3460 2268 3523 De
2288 3460 2522 3524 clericis
2568 3481 2629 3524 se
2679 3461 3150 3525 immiscentibus
3179 3461 3579 3525 saecularibus
3609 3480 3722 3525 ue-

2794 3545 2999 3624 gutiis.

2157 3644 2535 3724 Subsignatio
2565 3646 2926 3707 sanctissimi
2959 3645 3306 3725 patriarchae
3345 3645 3570 3707 domini
3602 3645 3724 3708 Lu-

2077 3752 2161 3795 cze
2188 3735 2274 3794 sic
2298 3734 2476 3795 habet
2508 3753 2521 3797 :
2559 3734 2759 3796 Mense
2797 3733 3134 3811 Decembri,
3163 3734 3201 3796 8
3233 3734 3354 3810 die,
3391 3736 3414 3795 1
3453 3733 3726 3796 indictio-

2078 3824 2300 3887 ne6¥.

2157 3912 2220 3972 Si
2253 3921 2310 3972 et
2331 3910 2488 3975 Ozan
2520 3910 2643 3985 ille,
2670 3911 2772 3992 qui
2797 3911 3053 3973 divinam
3081 3929 3302 3987 arcam,
3338 3931 3470 3992 quze
3492 3919 3726 3974 everte-

2080 3999 2281 4076 batur,
2315 4001 2524 4080 attigit,
2587 4019 2705 4061 non
2763 4000 2928 4081 pario
2982 4001 3274 4082 supplicio
3306 4003 3556 4063 affectus
3587 4009 3678 4064 est
3714 4019 3728 4062 :

2082 4090 2383 4171 atquiejus
2420 4097 2581 4151 eratz
2603 4089 2928 4152 institutam
2953 4089 3116 4151 illam
3148 4089 3403 4169 erigere,
3437 4111 3554 4154 non
3588 4108 3729 4171 per-

2085 4180 2228 4242 dere
2253 4198 2266 4243 :
2291 4179 2424 4260 quis
2461 4187 2550 4240 est
2583 4179 2731 4241 adeo
2751 4182 2964 4254 audax,
2993 4190 3048 4242 et
3080 4180 3152 4241 ad
3185 4189 3512 4243 extremam
3541 4198 3730 4261 usque

344 4271 430 4327 κοὶ
452 4361 457 4362 ν
481 4274 556 4336 εἰς
611 4272 853 4357 ἐσχάτην
905 4269 1168 4338 ἀναίδειαν
1224 4283 1313 4339 καὶ
1406 4280 1762 4362 ὑπερηφανίαν
1832 4269 1983 4346 ἐξενε-

2085 4269 2512 4350 impudentiam
2531 4269 3050 4351 arrogantiamque
3086 4269 3459 4346 elatus,malu
3487 4272 3730 4332 omnino

347 4361 522 4440 χθεὶς,
573 4366 836 4440 πνεύματι
895 4369 1108 4430 πάντως
1166 4371 1428 4448 ἀγόμενος
1485 4359 1704 4448 τέονῆρῷ
1737 4388 1752 4402 ⁹
1809 4370 1866 4434 δε
1925 4370 1983 4445 μί

2087 4359 2298 4440 Spiritu
2323 4360 2556 4435 ductus,
2584 4359 2684 4439 qui
2735 4378 2854 4420 non
2911 4359 3102 4421 solum
3149 4379 3265 4420 non
3297 4361 3419 4421 vult
3448 4360 3644 4421 divina
3677 4366 3735 4419 et

349 4450 514 4526 μόνον
583 4453 678 4511 οῦκ
732 4454 1044 4538 ἐπανορθοῦν
1115 4462 1342 4540 αἱρεῖται
1400 4461 1465 4516 τὰ
1521 4463 1640 4516 θεῖα
1723 4459 1812 4515 καὶ
1854 4481 1981 4515 πνευ

2090 4448 2377 4529 spiritalia
2409 4448 2680 4510 mandata
2704 4449 3070 4530 erigere,sed
3086 4452 3259 4511 etiam
3286 4449 3346 4510 in
3369 4449 3732 4511 contrarium

351 4543 552 4617 ματικὰ
576 4540 932 4624 διατάγματα,
1000 4548 1138 4607 ἀλλὰ
1193 4552 1282 4608 καὶ
1334 4551 1434 4618 τὴν
1505 4549 1740 4605 ἐναντίαν
1807 4548 2004 4628 τρεπό-

352 4650 541 4706 μενος,
585 4633 674 4690 καὶ
705 4635 1088 4714 παρασαλεύειν
1114 4638 1281 4696 ταῦτα
1309 4639 1398 4694 καὶ
1433 4640 1704 4717 καθαιρεῖν
1732 4634 2004 4692 ἀναιδεύε-

351 4741 464 4790 ται,
511 4721 598 4778 καὶ
649 4722 936 4802 παραλύειν
1003 4729 1069 4784 τὰ
1111 4728 1316 4806 παγίως
1373 4725 1701 4804 ἡδρασμένα,
1751 4726 1838 4781 καὶ
1895 4747 2004 4782 πα-

355 4822 591 4887 ρακινεῖν
660 4813 728 4868 τὰ
795 4811 1056 4873 ὂσάλευτα
1123 4815 1514 4893 ᾠκώομημένα
1570 4815 1765 4895 (καθὼς
1825 4815 2003 4895 φῆσιν)

354 4895 442 4954 ἐπὶ
468 4905 546 4974 τῷ
586 4899 814 4978 θεμελίῳ
871 4905 978 4962 τῶν
1023 4903 1336 4963 ἀποστόλων
1386 4907 1476 4964 καὶ
1529 4910 1842 4984 προφητῶν.
1908 4905 2006 4960 Διὰ

352 4994 510 5046 τοῦτο
539 4991 626 5047 καὶ
656 4993 690 5061 ἡ
720 4994 1015 5073 μητριότης
1085 4997 1259 5072 ἡμῶν,
1335 4999 1430 5055 οὒκ
1508 4995 1806 5073 ἀνασχετὸν
1860 4994 2005 5072 ἡγη-

2089 4541 2553 4618 detorquens,ea
2574 4538 2928 4600 labefactare
2944 4556 3012 4599 ac
3027 4538 3340 4600 destruere
3360 4543 3736 4618 impudenter

2090 4627 2350 4704 molitur,
2385 4643 2570 4708 eaque
2604 4627 2954 4702 dissolvere,
2998 4645 3130 4708 quae
3160 4625 3330 4687 ﬁrme
3351 4646 3420 4688 ac
3447 4625 3738 4688 stabiliter

2087 4718 2278 4778 locata
2300 4726 2437 4778 sunt
2463 4734 2476 4779 :
2503 4724 2560 4778 et
2581 4734 2651 4778 ea
2671 4734 3210 4796 commovere,quae
3222 4715 3603 4796 conquassari
3619 4732 3736 4776 non

2089 4815 2338 4888 possunt
2370 4823 2385 4868 :
2419 4814 2482 4867 ut
2529 4824 2661 4886 quae
2701 4805 2820 4866 sint
2848 4804 3145 4868 aediﬁcata
3175 4808 3264 4884 (ut
3287 4804 3455 4866 aiunt
3481 4807 3527 4885 ³)
3562 4821 3742 4884 supra

2089 4895 2536 4958 fundamentum
2579 4895 2982 4974 apostolorum
3019 4902 3076 4953 et
3107 4895 3555 4974 prophetarum.
3588 4896 3738 4954 Pro-

2093 4995 2297 5067 pterea
2326 4994 2528 5046 nostra
2556 5001 2793 5065 quoque
2837 4982 3168 5044 moderatio
3194 4982 3243 5022 δ’
3276 5002 3393 5044 non
3425 4981 3739 5044 ferendum

355 5078 568 5154 σαμένη
596 5069 846 5162 πονηρὰν*
893 5069 1176 5156 συνήθειαν
1199 5069 1287 5142 καὶ
1317 5083 1392 5142 ἔτι
1459 5069 1698 5163 κρατεῖν,
1752 5069 1980 5161 μιγνῦσα

2094 5093 2227 5137 esse
2255 5082 2400 5150 rata,
2462 5073 2676 5136 malam
2735 5071 3232 5134 consuetudinem
3272 5073 3467 5135 adhuc
3493 5069 3738 5134 servari.

353 5169 476 5225 θεῖά
522 5189 582 5225 τε
665 5161 755 5229 καὶ
805 5171 1106 5253 ἀνθρώπινα
1133 5176 1317 5254 καὶτῇ
1339 5173 1435 5243 τῆς
1469 5161 1786 5240 Ε’κκλησίας
1841 5193 1983 5229 κατα

2093 5181 2224 5246 quae
2250 5163 2450 5254 divina
2479 5171 2538 5254 et
2567 5165 2826 5254 humana
2844 5161 3176 5254 confundit,
3204 5171 3262 5224 et
3281 5161 3564 5254 Ecclesiae
3592 5174 3744 5254 (quae

357 5256 568 5338 στάσει,
597 5267 698 5331 τῆς
767 5249 1067 5341 ἀμωμήτου
1121 5249 1330 5347 νύμφης
1375 5271 1622 5346 Χριστοῦ,
1676 5259 1893 5326 σπίλους
1949 5284 1983 5320 α

2092 5262 2183 5316 est
2212 5252 2285 5315 ab
2339 5253 2504 5316 omni
2549 5253 3024 5336 reprehonsione
3075 5251 3274 5316 aliena
3333 5251 3440 5317 Dei
3493 5249 3740 5335 Sponsa)

1715 5419 1968 5486 VARUS
1997 5414 2437 5488 LECTIONES.

443 5537 496 5586 ⁸⁸
522 5542 830 5613 συνοδικῶς.
917 5543 972 5590 1³
1011 5547 1114 5605 ὑπὸ
1154 5553 1269 5611 τοῦ.
1429 5544 1515 5603 ἰπὶ
1567 5548 1674 5602 τῶν
1699 5539 1777 5610 ιε.
1865 5541 1919 5585 ίδ
1948 5541 2158 5622 γάμων.
2244 5537 2298 5584 ίθ
2338 5538 2430 5599 ἵνα
2459 5538 2653 5616 μηκέτι
2709 5560 2906 5619 παραν.

441 5675 468 5712 ³
493 5673 815 5752 cognatum
839 5669 1231 5752 sanguinem.
1333 5667 1615 5752 infensis
1645 5663 2000 5752 Decembris
2027 5662 2127 5727 die
2159 5678 2281 5745 vui,
2315 5661 2472 5742 feria
2493 5660 2728 5745 prima,
2757 5657 3086 5723 indictione
3110 5663 3308 5723 sexta.
3409 5664 3431 5696 ³
3460 5654 3594 5719 licet
3621 5653 3750 5734 eius

359 5755 532 5812 esset.
619 5768 645 5801 ι
671 5749 831 5814 sicut
862 5748 1212 5834 ille's'nquit.
1297 5750 1346 5786 ν
1375 5748 1792 5812 mediocritas.
