4106 6474
359 399 479 472 775

363 536 931 601 constitutionibnon
945 540 1216 620 vulgares
1228 539 1932 626 maculasinurere,quaaq

363 627 666 707 superbia,
705 635 762 689 et
782 646 930 690 vana
976 628 1380 708 negotiatione
1401 639 1444 703 ο,
1471 629 1606 692 etin
1631 631 1704 693 iis
1723 653 1853 708 quae
1873 641 2010 696 sunt

362 717 613 798 abjecta,
651 725 711 778 et
741 716 1109 796 eaindigna:
1149 717 1344 779 studio
1378 726 1437 780 et
1465 718 1691 801 labore,
1728 731 1784 783 et
1816 723 2012 803 turpi—

361 805 474 868 bus
485 814 769 886 praeterea
783 806 966 868 lucris
979 807 1110 886 ejus
1125 807 1386 868 honestat
1399 826 1493 868 em
1511 809 2014 891 splendoremque

362 896 552 976 potuit
584 914 598 958 :
631 894 822 955 visum
855 904 946 956 est
975 913 1102 956 eam
1135 914 1270 957 esse
1301 896 1585 958 radicitus
1616 897 2014 972 evellendam,

360 997 425 1051 ut
473 1005 592 1048 non
619 984 878 1064 amplius
908 993 1219 1046 enascatur
1247 984 1410 1046 radix
1441 987 1876 1057 amaritudinis.
1909 1006 2010 1049 se-

363 1077 622 1142 cundum
650 1074 914 1136 divinum
947 1075 1305 1154 apostolum,
1343 1086 1695 1155 praesentem
1751 1087 2012 1139 nostram

362 1165 694 1248 spiritalem
726 1173 782 1226 et
815 1172 1124 1243 paternam
1155 1164 1485 1226 doctrinam
1518 1182 1563 1240 ε,
1598 1186 1732 1246 quae
1765 1185 2013 1247 scopum

361 1256 606 1339 quidem
665 1264 872 1334 aperte
929 1253 1193 1314 declarat
1248 1272 1439 1316 causae
1499 1256 1814 1336 propositae
1836 1257 1912 1317 de
1941 1255 2015 1315 iis

359 1346 462 1430 qui
479 1361 707 1407 sacram
725 1341 1139 1430 auctoritatem
1159 1343 1353 1405 sortiti
1372 1353 1598 1416 sunt,et
1629 1345 2016 1407 saacularibus

360 1429 592 1516 Seipsos
639 1429 1082 1510 magistratibus
1142 1441 1199 1492 et
1228 1431 1614 1511 dignitatibus
1643 1435 1920 1515 curisque
1948 1452 2018 1495 ac

361 1515 620 1603 negotiis
651 1517 978 1598 implicant.
1009 1520 1095 1582 Ad
1130 1521 1372 1582 verbum
1397 1532 1591 1584 autem
1623 1526 1709 1585 sic
1732 1524 1946 1586 habet:
1972 1515 2018 1584 li

361 1607 1415 1696 quisacerdotalem(inquiuntdivini
1442 1613 2016 1691 Patresdugnitatem

360 1701 555 1765 sortiti
587 1705 745 1772 sunt,
814 1696 1147 1759 testimonia
1202 1714 1256 1758 et
1315 1701 1597 1779 praeclara
1656 1703 1802 1762 facta
1879 1702 2018 1762 sunt

1755 401 1889 470 JUS
1928 399 2378 470 GANONICUM

1938 538 2214 601 υθΔτοὺς
2299 540 2563 619 τυχόντας
2649 538 3148 620 προσεπιτρίϐουσαν
3186 561 3199 576 ·

3629 396 3748 466 776

3261 541 3350 596 καὶ
3442 540 3592 619 τύφῳ
3659 539 3748 594 καὶ

2089 625 2319 707 ἀσχολίᾳ
2349 630 2570 704 ματαίᾳ,
2613 635 2710 687 καὶ
2745 637 2810 708 τῇ
2853 632 2971 708 περὶ
3052 632 3118 687 τὰ
3172 632 3374 693 εἰκαῖα,
3435 631 3534 686 Καὶ
3579 628 3744 701 ταύτῃ

2093 715 2359 788 ἀπᾴδοντα
2389 716 2696 789 διαπονήσει
2750 741 2806 776 τε
2860 721 2950 776 καὶ
3007 717 3234 799 σπουδῆ,
3266 719 3342 774 ἔτι
3397 740 3458 796 γε
3517 715 3627 792 μήν
3657 717 3744 772 καὶ

2095 805 2329 883 ἀκερδές-ι
2403 810 2464 863 τὸ
2571 811 2761 884 σεμνὸν
2858 809 3054 874 ταύτης
3184 807 3692 886 καναῤῥυπαίνουσαν
3725 819 3739 834 ⁸

2097 893 2360 961 ηύδόκησε
2402 896 2599 972 ῥιζόθεν
2668 898 2867 964 ταύτην
2935 897 3228 972 ἀποτεμεῖν
3255 911 3271 928 ⁰
3331 896 3425 952 ἵνα
3510 895 3587 970 μὴ
3630 893 3741 972 ῥίζα

2095 982 2304 1059 πικρίας
2350 986 2438 1041 καὶ
2467 984 2540 1042 ἔτι
2585 991 2690 1064 φυῇ
2743 987 2878 1042 κατά
2931 987 3024 1041 τὸν
3093 989 3236 1043 θεῖον
3291 982 3590 1042 ἀπόστολον
3659 981 3744 1038 διὰ

2094 1077 2192 1139 τῆς
2262 1075 2530 1152 παρούσης
2587 1075 2848 1151 ἡμετέρας
2904 1081 3267 1152 πνευματικῆς
3345 1076 3433 1131 καὶ
3476 1077 3741 1152 πατρικῆς

2095 1158 2390 1235 διαλαλιᾶς,
2445 1169 2540 1231 τῆς
2609 1162 2874 1231 δηλούσης
2947 1164 3043 1239 μὲν
3099 1165 3192 1220 τὸν
3248 1164 3446 1220 σκοπὸν
3503 1167 3740 1242 φανερῶς

2096 1253 2193 1318 τῆς
2249 1254 2584 1322 προτεθείσης
2649 1254 2964 1327 ὑποθέσεως,
3065 1255 3182 1331 περὶ
3237 1259 3343 1308 τῶν
3400 1252 3539 1331 ἱερὰν
3597 1249 3744 1315 ἀξίαν

2097 1337 2397 1418 λαχόντων,
2469 1343 2557 1398 καὶ
2652 1355 2939 1418 κοσμικαῖς
3026 1343 3238 1408 ἑαυτοὺς
3333 1339 3743 1416 συμπλεκόντων

2098 1427 2322 1507 ἀρχαῖς,
2397 1431 2482 1487 καὶ
2535 1429 2724 1504 ἀξίαις,
2784 1433 2870 1488 καὶ
2928 1433 3184 1510 φροντίσι,
3243 1433 3329 1487 καὶ
3387 1430 3690 1509 πράγμασιν
3723 1441 3741 1460 ⁸

2099 1516 2236 1572 οὕτω
2301 1517 2356 1573 δὲ
2411 1521 2547 1576 κατά
2587 1520 2732 1597 ῥῆμα
2788 1519 3022 1599 ἐχούσης
3059 1539 3073 1552 ·
3120 1529 3248 1584 Τοῖς
3317 1519 3416 1586 τὴν
3473 1516 3742 1596 ἱερατικὴν

2101 1603 2276 1684 (φπὶν
2341 1611 2388 1666 οἷ
2457 1612 2590 1665 θεῖοι
2661 1607 2907 1687 Πιτέρες)
2962 1610 3219 1688 λαχοῦσιν
3271 1607 3416 1674 ἀξίαν
3486 1605 3745 1685 μαρτύριᾶ

2095 1717 2152 1753 τε
2209 1699 2294 1752 καὶ
2361 1698 2742 1778 κατορθώματα
2766 1765 2790 1778 Δ
2825 1700 2874 1753 αἰ
2930 1703 3036 1753 τῶν
3089 1703 3371 1754 κανινικῶν
3457 1693 3746 1760 διςτὲξεων

358 1790 780 1856 canonicarum
804 1787 1294 1849 constitutionum
1315 1765 1793 1851 Iinformationes
1822 1811 1836 1860 ;
1860 1806 2002 1870 quas

2089 1787 2447 1851 ὕποτυπώσεις
2531 1789 2680 1846 εἰσίν.
2766 1765 2846 1850 ’λς
2929 1788 3016 1843 καὶ
3111 1787 3355 1862 ἀσμένως
3454 1783 3739 1864 δέχόμενοι

358 1881 538 1945 etiam
570 1877 846 1940 lubenter
898 1876 1303 1949 admittentes,
1355 1881 1429 1939 ad
1465 1879 1780 1941 Dominum
1817 1879 2002 1940 Deum

357 1989 491 2032 cum
523 1967 703 2030 David
736 1966 857 2026 Deo
889 1983 1161 2044 praecone
1192 1973 1485 2040 canimus,
1516 1966 1576 2028 [n
1610 1969 1701 2029 via
1732 1970 2004 2030 testimo-

358 2063 590 2120 niorum
639 2063 870 2116 tuorum
902 2053 1233 2116 delectatus
1263 2073 1418 2129 sum,
1452 2067 1726 2136 tanquam
1780 2058 1839 2118 in
1871 2075 2003 2116 om-

355 2147 533 2210 nibus
561 2145 779 2206 divitiis
837 2146 908 2206 Et
928 2161 1154 2206 rursus.
1183 2142 1775 2224 Mandastijustitiam
1802 2163 1816 2208 :
1844 2146 2006 2206 testi-

357 2235 556 2297 monia
587 2249 684 2296 tua
712 2233 773 2293 in
829 2249 1041 2303 aevum,
1077 2231 1226 2293 doce
1274 2249 1387 2301 me,
1425 2243 1482 2293 ei.
1513 2233 1721 2297 vivam.
1755 2234 1919 2306 Quod
1951 2225 2001 2293 si

352 2344 459 2387 Vox
494 2322 838 2404 prophetica
872 2338 977 2381 nos
1002 2319 1175 2398 jubet
1209 2324 1263 2381 in
1303 2339 1489 2383 aevum
1526 2323 1629 2384 Dei
1660 2320 2001 2384 testimonia

354 2413 676 2486 custodire,
714 2420 774 2472 et
800 2411 858 2471 in
893 2410 1037 2490 ipsis
1067 2410 1364 2481 vivere,ea
1393 2411 1620 2474 scilicet
1651 2413 2007 2474 inconcussa

353 2512 413 2566 et
467 2502 630 2564 nulla
682 2499 910 2560 ratione
966 2497 1371 2559 labefactanda
1428 2510 1798 2579 permanent.
1856 2503 2006 2564 Nam

359 2590 596 2651 divinus
649 2606 888 2669 quoque
943 2589 1140 2649 Moses
1195 2584 1280 2648 sic
1333 2586 1548 2668 inquit,
1599 2587 1728 2650 Non
1762 2589 1898 2652 licet
1922 2589 2009 2651 eis

356 2679 607 2750 addere,
633 2695 743 2738 nec
771 2675 1110 2738 detrahere.

441 2767 586 2830 Cum
619 2765 746 2826 haec
777 2769 973 2844 itaque
1005 2767 1083 2826 ita
1112 2763 1254 2840 sint,
1309 2772 1368 2826 et
1392 2763 1565 2828 nobis
1603 2767 2003 2828 testimonium

355 2854 571 2929 ferant,
604 2855 663 2915 in
696 2855 781 2916 eis
811 2853 1194 2925 exsultantes,
1251 2861 1525 2934 tanquam
1574 2859 1620 2915 si
1655 2857 1791 2936 quis
1824 2859 2008 2919 multa

356 2945 548 3024 spolia
577 2943 890 3018 invenerit,
925 2942 1158 3004 divinos
1189 2942 1465 3005 lubenter
1492 2963 1753 3007 canones
1774 2947 2006 3026 ample-

357 3033 594 3114 ctimus,
629 3040 686 3094 et
717 3050 922 3094 eorum
973 3031 1454 3094 constitutionem
1501 3033 1792 3114 integram
1821 3049 1878 3097 et
1910 3036 2006 3096 in-

2087 1880 2217 1955 πρὸς
2273 1880 2365 1934 τὸν
2437 1877 2697 1944 δεσπότην
2755 1879 2886 1932 Θεὸν
2939 1877 3074 1936 μετά
3148 1873 3306 1932 Δκὸἰδ
3355 1882 3448 1932 τοῦ
3503 1879 3734 1952 θεοφαν-

2087 1989 2240 2048 τορος
2266 1966 2479 2042 ᾄδομεν.
2509 1965 2600 2024 Ἐν
2644 1971 2712 2042 τῇ
2752 1963 2856 2038 ὸδῷ
2935 1972 3040 2021 τῶν
3098 1965 3391 2044 μαρτυρίων
3449 1985 3542 2022 σου
3597 1962 3742 2041 ἐτέρ-

2088 2062 2246 2138 φθην,
2278 2060 2349 2119 ὡς
2420 2057 2505 2113 ἐπὶ
2554 2058 2708 2112 παντὶ
2776 2054 3006 2128 πλούτῷ.
3073 2057 3170 2113 Καὶ
3229 2054 3395 2133 αὖθις,
3454 2051 3736 2110 Ἐνετείλω

2086 2146 2438 2213 δικαιοσύνην.
2472 2147 2548 2204 Τὰ
2589 2144 2844 2222 μαρτύρια
2901 2165 2992 2199 σου
3045 2145 3116 2205 εἷς
3187 2145 3276 2199 τόν
3351 2145 3538 2204 αἰῶνα,
3605 2148 3740 2196 Συν-

2085 2235 2253 2293 έτισόν
2281 2257 2369 2312 με,
2415 2237 2500 2291 καὶ
2567 2235 2821 2308 ζήσομαι.
2883 2234 2981 2290 Καὶ
3051 2231 3203 2309 εύπέρ
3262 2234 3334 2296 εἰς
3393 2234 3481 2289 τὸν
3540 2232 3743 2308 αἰῶνα,

2081 2324 2356 2406 φυλάττειν
2402 2325 2537 2397 ἡμῖν
2627 2320 2922 2380 ἐντέλλεται
2981 2323 3013 2389 ἡ
3074 2323 3378 2400 προγηῖικὴ
3438 2321 3587 2400 φωνὴ
3678 2321 3747 2376 τὰ

2093 2414 2346 2492 μαρτύρια
2387 2420 2478 2470 τοῦ
2535 2417 2689 2490 Θεοῦ,
2762 2411 2848 2466 καὶ
2902 2413 2996 2487 ζῇν
3069 2409 3121 2464 ἐν
3190 2410 3396 2482 αἠοῖς,
3443 2406 3606 2475 δῆλον
3663 2409 3741 2470 ὡς

2089 2500 2403 2580 ἀκροίδαντα.
2467 2502 2563 2559 Καὶ
2639 2499 2900 2555 ἀσίλευτα
2981 2495 3317 2576 διαμένουσιν
3349 2513 3367 2531 ⁶
3457 2498 3541 2554 ὅκι
3598 2495 3739 2554 οὕτω

2090 2593 2217 2671 φησί
2242 2593 2328 2648 καὶ
2357 2593 2385 2647 ὁ
2413 2591 2640 2655 θεόπτης
2671 2591 2920 2666 Μωυσῆς,
2957 2589 3045 2646 Ἐν
3080 2589 3262 2652 αὐτοῖς
3295 2592 3388 2646 οῦκ
3421 2586 3530 2643 ἔστι
3563 2608 3736 2664 προσ-

2088 2685 2283 2759 θεῖναι,
2329 2681 2418 2737 καὶ
2445 2676 2537 2735 ἀπ’
2570 2678 2737 2735 αὐτῶν
2765 2677 2862 2734 οὒκ
2905 2677 3042 2734 ἔστιν
3088 2677 3329 2758 ἀφελεῖν.

2170 2771 2378 2827 Τούτων
2447 2768 2615 2824 τοίνυν
2685 2765 2849 2830 οὕτως
2904 2765 3070 2824 ὄντων
3142 2768 3228 2822 καὶ
3283 2763 3737 2843 διαμαρτυρουμέ-

2102 2881 2205 2915 νων
2231 2860 2383 2933 ἧμιν,
2432 2855 2823 2935 ἀγαλλιώμενοι
2866 2853 2951 2911 ἐπ’
2983 2859 3190 2930 αὐτοῖς,
3223 2857 3295 2917 ὡς
3368 2851 3421 2909 εἴ
3475 2875 3554 2916 τις
3610 2851 3737 2930 εὕρῃ

2091 2947 2257 3004 σκῦλα
2287 2944 2482 3019 πολλὰ,
2514 2946 2635 3008 τοὺς
2681 2944 2848 3007 θείους
2906 2943 3178 3008 ἀσπασίως
3249 2943 3471 3007 κανόνας
3525 2941 3740 3020 ἐνστερ-

2090 3039 2357 3111 νιζόμεθα,
2429 3035 2517 3091 καὶ
2571 3035 2670 3101 τὴν
2728 3035 2898 3091 αὐτῶν
2953 3030 3208 3110 διαταγὴν
3287 3030 3582 3108 ὁλόκληρον
3657 3031 3742 3085 καὶ

356 3141 705 3184 concussam
731 3138 974 3183 manere
997 3130 1118 3181 toto
1142 3121 1344 3182 animo
1367 3122 1640 3201 eligimus
1661 3149 1694 3192 τ.
1717 3125 2002 3196 Quoniam

2093 3125 2378 3183 ἀσάλευτον
2436 3121 2610 3200 μένειν
2655 3120 2941 3200 δλοψύχως
3040 3121 3340 3198 αἱρούμεθα,
3404 3121 3500 3178 Καὶ
3557 3116 3740 3184 ἐπειδὴ

355 3219 556 3273 autem
593 3210 914 3272 nonnullos
945 3227 1177 3280 eorum,
1209 3210 1310 3289 qui
1334 3219 1471 3272 sunt
1499 3211 1558 3272 in
1582 3212 1744 3274 clero
1776 3213 2002 3276 consti-

2089 3224 2191 3277 τῶν
2219 3215 2271 3271 ἐν
2315 3211 2498 3291 κλήρῳ
2549 3209 2887 3290 τεταγμένων
2949 3211 3094 3276 τινὰς
3151 3209 3388 3288 ἔγνωμεν
3455 3209 3735 3287 πράγμασι

359 3300 489 3368 tuti,
524 3299 801 3362 novimus
829 3297 1215 3360 saecularibus
1247 3299 1501 3379 negotiis
1518 3310 1723 3362 contra
1745 3321 2002 3364 canones

2089 3316 2372 3382 κωμικοῖς
2430 3298 2790 3378 ἐμπλέκοντας
2874 3298 3228 3362 ἀκανονίσιως
3313 3297 3526 3360 ἑαυτούς
3560 3313 3575 3328 .
3651 3297 3738 3359 οὓς

355 3406 420 3448 se
451 3387 798 3468 implicare;
855 3386 965 3446 hos
1016 3384 1282 3465 quidem,
1315 3387 1655 3468 dommum,
1694 3391 2002 3467 magistra-

2095 3398 2215 3473 μὲν,
2275 3390 2655 3470 κουρατωρείας
2743 3388 2827 3444 κσὶ
2894 3389 3206 3466 προνοήσεις
3259 3385 3425 3444 οἴκων
3477 3386 3736 3466 ἀρχοντι-

359 3484 547 3557 tuum,
582 3475 671 3536 vel
702 3473 1150 3556 possessionum
1183 3474 1520 3536 curationes
1542 3475 2002 3538 administratio-

2092 3492 2200 3542 κῶν
2241 3481 2286 3540 ὣ
2314 3479 2604 3553 κτημάτων
2632 3473 3096 3552 ἀναλαμϐάνοντας
3129 3495 3143 3510 ⁸
3179 3478 3265 3541 οὓς
3337 3474 3416 3548 δὲ,
3474 3475 3563 3532 καὶ
3634 3473 3737 3542 δη-

356 3581 583 3644 nesque
615 3562 1050 3644 suscipientes;
1086 3561 1219 3624 illos
1245 3564 1594 3635 vero,etiam
1629 3565 2002 3644 publicorum

2089 3574 2287 3649 μοσίων
2342 3566 2508 3625 τελῶν
2564 3563 2880 3645 εἰσπράξεις,
2967 3566 3002 3633 ἣ
3070 3564 3368 3645 κεφαλαίων
3421 3563 3639 3642 ἑτέρων,
3699 3563 3733 3632 ἢ

354 3651 728 3730 vectigalium
776 3650 1134 3726 exactiones,
1189 3653 1280 3713 vel
1312 3651 1564 3715 aliorum
1595 3655 1879 3734 capitum,
1913 3656 2003 3716 vel

352 3758 579 3815 earum,
614 3760 743 3822 quae
792 3739 1038 3802 navibus
1077 3749 1388 3820 portantur
1435 3742 1770 3821 specierum
1805 3744 2002 3824 inqui-

353 3831 602 3892 sitiones
630 3851 677 3904 κ,
713 3829 805 3890 vel
856 3829 1322 3908 colligendarum
1385 3831 1767 3910 pecuniarum
1819 3834 2001 3894 ratio-

351 3937 612 4000 numque
633 3917 1076 3980 reddendarum
1097 3935 1365 3998 munera,
1394 3919 1481 3980 vel
1516 3919 1756 4000 aliquod
1789 3921 2001 4001 hujus-

353 4007 514 4068 modi
544 4007 824 4082 oﬂicium,
856 4025 975 4067 non
1006 4006 1066 4067 in
1097 4006 1539 4082 ecclesiasticis,
1569 4008 1672 4069 sed
1696 4011 2002 4072 saaculari-

351 4095 465 4157 bus
497 4095 771 4177 negotiis,
823 4095 1248 4176 nonnullisque
1288 4102 1314 4143 ιι
1346 4114 1552 4158 eorum
1594 4097 1796 4160 civiles
1823 4099 1999 4161 etiam

353 4184 730 4264 magistratus
810 4183 1252 4264 dignitatesque
1336 4203 1469 4247 esse
1519 4186 1878 4249 attributas:
1915 4188 2002 4250 eis

2087 3662 2346 3728 ἐξελάσεις
2417 3654 2707 3731 πλωίμων,
2739 3655 2775 3722 ἢ
2831 3652 2895 3722 δὴ
2974 3657 3062 3712 καὶ
3129 3654 3455 3734 ἀναγραφὰς,
3486 3652 3521 3721 ἢ
3581 3651 3734 3731 λογο-

2085 3753 2285 3825 ποιίας,
2347 3747 2384 3816 ἢ
2448 3747 2535 3801 καὶ
2634 3744 2813 3824 ἑτέραν
2861 3745 3046 3820 ὁμοίαν
3131 3742 3394 3824 ἐνέργειαν
3426 3759 3440 3774 ·
3502 3741 3597 3799 οὐκ
3651 3741 3736 3799 ἐπὶ

2085 3841 2390 3919 πράγμασιν
2443 3828 2928 3907 ἐκκλησιαστικοις,
2989 3831 3126 3889 ἀλλά
3179 3846 3463 3904 κοσμικοϊς
3499 3846 3514 3862 ⁸
3564 3830 3732 3896 ἐνίους

2084 3927 2139 3985 δὲ
2169 3929 2257 3985 καὶ
2287 3924 2429 3991 ἀξίας
2461 3945 2517 3980 τε
2547 3924 2634 3980 καὶ
2691 3922 2889 4001 ἀρχὰς,
2934 3934 3049 3987 τοῖς
3106 3927 3206 3989 τῆς
3267 3921 3537 3985 πολιτείας
3593 3920 3734 3978 ἀπο-

2085 4013 2446 4092 νενεμημένας
2472 4030 2486 4044 ⁸
2556 4025 2672 4076 τ>ῖς
2753 4010 3011 4074 τοιούτοις
3065 4012 3506 4089 παρεγγυωμεθα,
3593 4009 3736 4066 πκύ-

2085 4109 2272 4163 σασθαι
2343 4109 2435 4160 τοῦ
2491 4101 2678 4158 λοιποῦ
2751 4106 2857 4156 τῶν
2928 4097 3218 4178 εἰρημένων
3273 4097 3542 4172 ἁπάντων,
3612 4111 3735 4162 ταῖς

2086 4193 2554 4260 ἐκκλησιαστικαῖς
2613 4185 2667 4243 δὲ
2747 4195 2952 4267 χρείαις
3028 4199 3449 4265 προσευκαιρεῖν.
3512 4189 3572 4244 Εἰ
3656 4187 3733 4263 μὴ

350 4274 730 4353 praecipimus
755 4282 823 4361 ut
869 4273 1159 4353 deinceps
1209 4282 1448 4335 cessent
1475 4292 1510 4335 a
1544 4274 1842 4354 praedictis
1869 4295 2002 4338 om-

2089 4281 2363 4361 βούλοιντο
2417 4285 2486 4355 τῇ
2551 4275 2841 4356 δεδογμένη
2892 4288 3009 4342 τοῖς
3059 4277 3216 4340 θείοις
3272 4277 3362 4332 καὶ
3415 4279 3578 4355 ἱεροῖς
3637 4298 3734 4336 κα-

351 4361 564 4435 nibus;
620 4361 682 4423 in
705 4360 1123 4424 ecclesiasticis
1155 4371 1352 4424 autem
1387 4362 1637 4441 negotiis
1663 4362 1994 4446 ofﬁciisque

2089 4360 2190 4433 idat
2250 4368 2542 4447 καθαιρέσει
2612 4375 2704 4425 τοῦ
2757 4365 3045 4444 προσόντος
3101 4369 3284 4430 αὐτοῖς
3349 4364 3729 4432 ἐκκλησιαστι-

353 4458 682 4528 versentur,
730 4450 846 4512 nisi
903 4451 1089 4512 velint
1136 4451 1215 4525 ei,
1270 4469 1403 4532 quae
1450 4453 1635 4513 sacris
1664 4452 1998 4535 divinisque

2089 4468 2176 4522 κοῦ
2245 4460 2446 4536 βαθμοῦ
2501 4458 2799 4534 ὑπαγαγεῖν
2849 4455 3083 4520 ἑαυτούς.
3137 4456 3196 4512 El
3249 4455 3350 4533 γὰρ
3404 4455 3492 4510 καὶ
3550 4461 3728 4534 μακρᾷ

350 4537 682 4602 canonibus
711 4538 955 4620 placuit,
988 4539 1205 4618 gradus
1233 4557 1412 4620 quem
1457 4540 1679 4602 habent
1708 4544 1996 4606 ecclesia-

2089 4548 2323 4621 τυνηθείᾳ
2395 4543 2687 4625 ἐδράζεσθαί
2742 4565 2879 4608 τινες
2939 4542 3166 4617 οἴονται,
3227 4551 3440 4600 τοιαῦτα
3493 4542 3730 4619 μετιέναι

347 4628 506 4704 ει-ίεί,
541 4628 907 4710 depositioni
937 4627 1174 4708 subjici.
1208 4627 1328 4690 Etsi
1354 4628 1509 4690 enim
1543 4629 1717 4710 longa
1747 4650 1988 4694 consue-

350 4718 557 4781 tudine
588 4717 830 4800 quidem
889 4735 954 4780 se
1011 4717 1353 4779 conﬁrmari
1387 4718 1757 4800 stabilirique
1788 4721 1994 4784 existi-

345 4814 532 4884 mant,
566 4806 723 4889 quod
779 4825 899 4868 non
946 4805 1118 4886 pauci
1140 4813 1276 4868 ante
1308 4824 1412 4868 eos
1440 4805 1542 4868 illa
1570 4811 1945 4890 susceperint
1975 4829 1989 4873 :

347 4905 640 4977 praeterea
668 4904 864 4959 autem
913 4895 1120 4957 dicunt
1148 4893 1497 4977 imperiales
1527 4896 1997 4961 administratio-

345 5003 454 5048 nes
479 4987 914 5068 saacularesquo
950 4983 1292 5064 dignitates,
1324 4990 1384 5047 et
1410 4984 1628 5062 ofﬁcia,
1660 4987 1999 5070 similiaque

345 5092 595 5138 munera
623 5081 679 5137 et
720 5073 1117 5156 magistratus,
1170 5072 1419 5135 sacratis
1448 5073 1793 5138 hominibus
1823 5096 1992 5139 com-

347 5162 588 5239 missos,
647 5162 1013 5244 processisse
1063 5180 1078 5226 :
1139 5181 1258 5224 non
1317 5169 1514 5224 tamen
1567 5164 1882 5232 trahentur
1919 5167 1994 5228 ad

346 5251 712 5334 exemplum.
773 5251 926 5324 Quia
985 5251 1145 5314 enim
1207 5259 1297 5314 est
1323 5252 1472 5313 citra
1501 5255 1987 5322 controversiam.

345 5356 459 5402 nec
489 5358 688 5404 sacros
711 5359 780 5404 ac
807 5341 1048 5404 divinos
1086 5340 1160 5404 de
1186 5339 1260 5402 iis
1280 5358 1544 5405 canones
1573 5342 1991 5407 intercidisse:

2075 4641 2175 4699 καὶ
2196 4638 2298 4717 πρὸ
2353 4637 2523 4695 αὐτῶν
2579 4635 2674 4691 οὒκ
2733 4631 2964 4711 ὀλίγους,
3017 4634 3147 4712 πρὸς
3192 4630 3248 4688 δὲ
3303 4633 3391 4691 καὶ
3453 4631 3730 4709 βασιλικάς

2077 4751 2206 4808 φασι
2277 4723 2538 4805 προϐῆναι
2624 4722 2921 4798 οἰκονομίας
3003 4721 3337 4785 ἀνατεθείσας
3397 4721 3729 4802 ἰερωμένοις,

2079 4815 2222 4884 ἀξίας
2253 4836 2312 4871 τε
2368 4813 2625 4888 κοσμικὰς
2666 4813 2755 4869 καὶ
2810 4811 3049 4891 ὀφφίκια,
3123 4810 3160 4879 ἢ
3201 4811 3462 4890 ἐνεργείας
3519 4811 3730 4892 ὁμοίας,

2081 4906 2195 4962 εἴτε
2224 4905 2397 4983 ἀρχάς
2431 4921 2444 4935 ·
2491 4899 2610 4958 ἀλλ’
2669 4900 2773 4980 οὔχ
2801 4899 3210 4970 ὲλκυσθήσονται
3251 4903 3383 4980 πρὸς
3413 4897 3727 4979 ὑπόδειγμα.

2081 4991 2301 5060 Ἐπειδὴ
2358 4991 2458 5071 γὰρ
2514 4987 2618 5046 οὔθ’
2691 4986 2779 5045 ὑπ’
2850 4986 3168 5068 ἀμφιϐολίαν
3242 4992 3290 5046 οἱ
3359 4991 3477 5069 περὶ
3531 4989 3732 5047 τούτων

2077 5085 2204 5161 ἱεροὶ
2257 5082 2344 5137 καὶ
2385 5084 2521 5136 θεῖιιι
2585 5078 2802 5143 κανόνες
2860 5076 3071 5153 ἔπεσον,
3145 5078 3262 5138 οὔτε
3313 5077 3592 5154 δοκιμασία
3647 5101 3730 5143 τις

2075 5172 2165 5230 καὶ
2235 5168 2513 5249 διάγνωσις
2586 5166 2846 5248 ἔγγραφος
2930 5165 3248 5249 προϐεϐήκῃ
3330 5166 3471 5246 παρά
3523 5189 3581 5226 τε
3637 5175 3729 5226 τοῦ

2075 5261 2211 5318 κατά
2253 5260 2433 5334 καὶρὸν
2463 5258 2528 5314 τὰ
2553 5261 2652 5326 τῆς
2707 5254 2978 5334 βασιλείας
3021 5262 3267 5338 σκῆπτρα
3307 5255 3604 5339 διέποντος,
3649 5257 3727 5316 ἔτι

2075 5346 2130 5405 δὲ
2188 5349 2277 5406 καὶ
2318 5346 2630 5426 ἁγιωτάτων
2669 5348 3015 5427 πατριαρχῶν
3059 5347 3145 5404 καὶ
3188 5344 3439 5428 συνόδων,
3513 5347 3729 5413 τούτους

1665 5501 1920 5570 VARIE
1963 5504 2404 5572 LECTIONES.

429 5605 675 5696 "__stat_ui
709 5616 753 5696 _°
782 5610 1217 5696 occupatione._
1258 5610 1414 5691 dper
1436 5620 1797 5691 praesentem
1827 5631 1853 5660 ε
1881 5614 2439 5696 interlocutionem,
2499 5605 2824 5692 ’optamus
2878 5619 2908 5662 σ
2953 5612 3431 5696 descriptionum
3486 5629 3514 5673 ιι
3569 5632 3731 5678 non-

347 5686 550 5777 nullo:
573 5690 858 5777 denique,
889 5686 1014 5754 tam
1043 5686 1391 5777 dignitates,
1423 5686 1611 5777 quani
1633 5696 2048 5773 magistratus,
2102 5697 2182 5758 ad
2228 5686 2484 5757 hormines
2507 5686 2789 5777 autimas
2823 5686 3201 5777 pertinentia
3228 5716 3248 5759 :
3318 5695 3534 5772 l-Quia
3566 5701 3734 5760 enim

346 5785 453 5833 nec
482 5771 548 5832 in
577 5770 831 5834 dubium
859 5772 1062 5834 sancti

1197 5772 1275 5833 iis
1302 5791 1373 5833 ac
1402 5773 1599 5834 divini
1625 5772 1885 5838 canam:
1919 5780 2119 5840 vocati
2146 5783 2310 5854 sunt,
2341 5772 2638 5840 uec-uitio.
