4106 6430
465 361 597 437 7⁸19¹

1852 366 1884 426 .l
1893 364 1985 425 US
2026 362 2473 427 CANONICUM

3744 359 3862 425 780

463 491 851 556 secularihus
878 490 1127 572 negotiis
1156 490 1476 572 implicari,
1502 511 1634 573 qua;
1663 492 2019 574 impediunt,
2051 513 2117 556 ne

2208 495 2501 573 ἀφορισμοῦ
2550 494 2991 574 ὑπεϐεὸλημένοι,
3038 495 3127 553 καὶ
3171 496 3271 564 τὴν
3325 494 3545 570 μέζονα
3587 491 3645 549 δὲ
3702 516 3858 550 κανο-

464 581 650 663 possit
680 580 1104 644 ecclesiasticis
1120 580 1377 660 negotiis
1400 600 1609 643 vacare
1632 580 1656 642 Υ
1675 580 1966 645 Omnibus
1983 603 2123 662 ergo

459 670 929 750 religiosissimis
979 670 1217 732 clericis
1273 670 1336 731 in
1369 668 1428 731 S.
1483 679 1688 731 sancto
1722 671 2119 752 praecipimus,

458 774 518 821 ut
555 758 627 820 ab
660 759 755 834 iis,
812 777 943 840 qua:
998 758 1157 820 dicta
1185 768 1351 839 sunt,
1387 757 1729 820 abstineant
1764 780 1778 817 :
1815 760 1904 820 vel
1936 760 2126 822 sciant

461 866 526 910 se
544 847 671 910 fore
693 847 938 930 quidem
963 846 1394 927 segregationis
1410 866 1601 927 pcenze
1614 846 1914 928 subjectos
1942 866 1954 910 :
1981 849 2124 931 quin

458 947 519 1000 et
549 937 834 1018 majorem
863 954 1118 1017 quoque.
1166 948 1225 998 et
1289 937 1640 997 canonicam
1672 938 2057 1001 acerbitatem
2098 949 2120 982 ⁸

457 1046 577 1088 non
634 1025 1002 1105 eﬁ‘ugituros,
1063 1024 1363 1103 ejusmodi
1425 1023 1808 1086 saecularibus
1869 1027 2122 1106 negotiis

2206 588 2366 649 νικὴν
2424 586 2706 666 αὖστηρίαν
2754 590 2814 646 οὐ
2884 584 3265 666 διαφεύξονται,
3321 585 3606 661 πράγμασι
3679 604 3862 657 κοσμι-

2205 688 2326 737 κοϊς
2369 676 2626 739 τοιούτοις
2658 674 3013 751 ἐμπλέκοντες
3043 675 3283 736 ἑαυτούς.
3345 673 3482 729 Ἐπὶ
3548 672 3716 744 τούτῳ
3767 673 3862 749 γὰρ

2205 764 2351 819 καὶὸ
2392 766 2572 841 παρὼν
2606 763 2864 844 ἔγγραφος
2930 765 3221 843 ἀφορισμὸς
3276 767 3374 829 τῆς
3426 763 3588 837 ἡμῶν
3648 766 3860 838 μετριο-

2204 875 2368 920 τητος
2436 857 2525 911 γαὶ
2607 869 2727 921 τοῖς
2799 856 3102 935 ἱερωτάτοις
3154 854 3490 934 ἀρχιερεῦσιν
3563 849 3861 919 ἐπιδοθῆναι

2201 945 2518 1024 τετύπωται,
2551 944 2645 1002 ’ίνα
2674 947 2760 1002 καὶ
2803 959 2919 1008 τοῖς
2980 945 3299 1023 ἁπανταχοῦ
3356 940 3668 1019 κληρικοτς·
3696 962 3862 1000 κατα-

2202 1033 2363 1103 δηλος
2394 1039 2635 1115 γένηται.

458 1115 690 1194 seipsos
718 1113 1117 1194 implicantes.
1142 1112 1227 1173 Ad
1253 1114 1365 1174 hoc
1387 1114 1544 1174 enim
1574 1131 1835 1193 prtesens
1856 1133 2091 1196 quoque
2116 1133 2330 1186 nostra:
2382 1112 2810 1188 medioeritatis
2853 1124 3163 1189 decretum
3222 1123 3696 1186 sacratissimum
3753 1139 3862 1182 an-

456 1204 738 1294 tistitibus
770 1202 917 1294 tradi
942 1204 1178 1282 jussum
1206 1210 1316 1275 est,
1355 1210 1417 1262 ut
1457 1202 1635 1263 etiam
1668 1202 1927 1294 clericis,
1962 1206 2063 1285 qui
2095 1220 2232 1273 sunt
2261 1213 2626 1294 ubicunque,
2661 1224 2737 1276 sit
2766 1216 3171 1279 manifestum.

457 1292 557 1355 Ill.
589 1296 673 1354 De
699 1293 997 1372 prafectis
1025 1303 1044 1338 ι
1076 1294 1140 1352 in
1172 1298 1463 1353 extraneo
1493 1293 1866 1355 monasterio
1901 1297 2123 1360 tonsis.

539 1386 731 1462 Scias,
794 1396 1060 1467 tempore
1119 1386 1466 1468 patriarchae
1510 1386 1741 1448 domini
1771 1387 1945 1449 Luca!
1973 1408 2122 1466 syn-

462 1477 641 1540 odale
670 1476 979 1537 decretum
1031 1473 1245 1536 factum
1304 1493 1458 1549 esse,
1510 1483 1574 1536 ut
1604 1475 1733 1536 sine
1775 1478 2122 1557 prejudicio

455 1564 896 1629 constituantur
927 1563 1185 1642 praefecti
1242 1563 1302 1624 in
1359 1564 1737 1625 monasteriis
1771 1567 2119 1643 patriarchae

452 1654 729 1735 regioni.
765 1653 1213 1733 subjectis,quae
1244 1671 1361 1713 non
1405 1654 1627 1713 habent
1655 1655 2118 1718 monachosido-

454 1761 603 1805 neos
633 1750 699 1804 ut
727 1742 987 1823 praesint,
1049 1760 1118 1803 ex
1175 1742 1357 1802 altero
1416 1741 1803 1807 multasterio.
1838 1744 1993 1823 quod
2034 1764 2124 1817 est

455 1830 732 1912 ejusdem
762 1830 1027 1911 regionis
1066 1847 1079 1892 :
1118 1830 1352 1891 etiamsi
1391 1837 1608 1891 statuta
1639 1849 1844 1892 eorum
1880 1851 2123 1903 caveam

450 1939 529 1982 ne
559 1922 937 2000 ξενοκουρίτης,
994 1919 1107 1980 hoc
1156 1929 1266 1989 est,
1304 1919 1404 1999 qui
1436 1919 1494 1979 in
1540 1930 1784 1983 externo
1815 1932 2120 1985 monaste-

443 2009 542 2071 rio
572 2017 780 2071 tonsus
806 2018 916 2084 est,
953 2008 1052 2069 ﬁat
1081 2027 1286 2069 eorum
1320 2008 1655 2088 praefectus.

676 2175 683 2182 ι
855 2097 952 2160 IV.
994 2098 1084 2160 De
1113 2100 1268 2176 festo
1304 2101 1713 2162 notariorum.

530 2186 672 2260 Quae
699 2186 1018 2266 aliquando
1043 2186 1262 2247 ﬁebant
1288 2190 1344 2247 in
1373 2195 1714 2248 sanctorum
1750 2188 2118 2250 notariorum

450 2276 605 2339 festo
633 2294 667 2337 a
697 2275 947 2336 notariis
1007 2292 1226 2355 pueros
1284 2274 1660 2349 docentibus,
1697 2295 1830 2337 cum
1865 2278 2120 2342 scenicis

447 2365 725 2448 personis
755 2363 946 2425 l‘orum
1006 2363 1399 2437 obeuntibus,
1457 2374 1594 2426 ante
1650 2365 1875 2445 aliquot
1931 2386 2120 2431 annos

441 2455 859 2525 exoleverunt,
895 2453 1259 2515 sanctissimi
1311 2452 1474 2514 illius
1505 2454 1859 2534 patriarclue
1889 2454 2119 2518 domini

448 2542 624 2606 Lucas
656 2542 930 2605 decreto.

839 2723 910 2788 V.
946 2724 1035 2787 De
1060 2723 1427 2805 depositione
1446 2726 1731 2805 episcopi.

524 2821 668 2885 Cum
699 2818 962 2883 Joannes
992 2818 1372 2881 Amathuntis
1407 2819 1724 2898 episcopus
1755 2819 1828 2880 ab
1860 2819 1963 2882 illo
1996 2821 2109 2902 Cy-

2476 1303 2556 1364 Γ’.
2605 1307 2726 1385 Περὶ
2756 1305 3121 1386 ξενοκουριτῶν
3151 1303 3596 1382 καθηγουμένων.

2288 1394 2543 1473 Γίνωσκε,
2601 1394 2682 1451 ὅτι
2742 1396 2928 1473 γέγονε
2971 1396 3057 1452 καὶ
3100 1395 3385 1470 σημείωμα
3444 1390 3720 1451 συνοδικὸν
3778 1389 3862 1446 ἐπὶ

2203 1485 2301 1548 τῆς
2373 1482 2660 1562 ἐφημερίας
2742 1495 2834 1543 τοῦ
2911 1486 3210 1563 ἁγιιυτάτου
3281 1483 3622 1562 πατριάρχου
3689 1479 3861 1558 κυρίου

2203 1574 2401 1645 Λουκᾶ,
2464 1572 2623 1652 χάριν
2664 1579 2757 1631 τοῦ
2819 1574 3445 1652 ἀπροκριιιατῗστοκνη.
3518 1567 3859 1648 καθήγουμέ-

2204 1681 2321 1724 νους
2369 1662 2442 1723 εἷς
2502 1662 2830 1741 μοναστήρία
2874 1664 3195 1738 ὑποκείμενα
3254 1667 3323 1738 τῇ
3382 1660 3561 1738 ἐνορῖα
3619 1664 3714 1714 τοῦ
3765 1678 3862 1712 πα-

2202 1749 2477 1828 τριάρχου,
2513 1750 2591 1825 μὴ
2622 1749 2818 1830 ἔχοντα
2848 1753 3057 1815 ἱκανοὺς
3089 1753 3163 1814 εἰς
3206 1750 3530 1828 προστασίαν
3565 1746 3854 1827 μοναχοῦς,

2203 1836 2309 1893 ἀπὸ
2340 1838 2517 1919 ἑτέρας
2549 1842 2719 1915 μονῆς
2765 1839 2924 1907 οὔσης
2968 1841 3029 1896 ἐκ
3070 1842 3169 1907 τῆς
3200 1844 3362 1907 αὒτῆς
3396 1839 3604 1918 ἐνορίας
3632 1853 3646 1867 ⁸
3671 1835 3770 1893 κᾶν
3796 1835 3860 1890 τὰ

2202 1929 2394 1987 τυπικὰ
2438 1929 2636 1986 τούτων
2681 1928 3029 2008 διορίζωνται,
3085 1928 3445 2008 ξενοκουρίτην
3498 1927 3580 2004 μὴ
3629 1927 3856 2006 γίνεσθαι

2201 2018 2618 2095 καθηγούμενον.

2646 2096 2729 2169 Δ’.
2765 2108 2886 2186 Περὶ
2917 2107 3104 2187 ἑορτῆς
3137 2107 3412 2186 νοταρίων,

2283 2192 2359 2249 Τὰ
2411 2196 2664 2270 γινόμενά
2741 2217 2870 2253 ποτε
2940 2195 3152 2275 ἀπρεπῆ
3235 2197 3378 2275 παρὰ
3438 2202 3548 2252 τῶν
3609 2193 3856 2272 νοταρίων

2200 2277 2684 2342 παιδοδιδασκέλων
2726 2286 2859 2342 κοτα
2899 2286 2998 2352 τὴν
3064 2285 3250 2361 ἑορτὴν
3306 2291 3415 2341 τῶν
3472 2283 3643 2363 ἁγίων
3700 2303 3855 2339 νοτι-

2201 2368 2349 2446 ρίων,
2397 2374 2531 2445 μετὰ
2587 2373 2933 2454 προσωπείων
3004 2380 3273 2440 σκηνικῶν
3338 2371 3707 2454 διερχομένων
3761 2370 3854 2437 τὴν

2201 2456 2420 2538 ἀγορὰν,
2453 2464 2555 2540 πρὸ
2603 2464 2811 2542 χρόνων
2863 2468 3019 2520 τινῶν
3075 2463 3516 2541 κατηργήθησαν,
3562 2459 3683 2519 καθ’
3741 2462 3849 2537 δρι-

2201 2546 2334 2619 σμὸν
2416 2556 2508 2605 τοῦ
2588 2552 2885 2630 άγιωτάτου
2968 2551 3166 2611 ἐκείνου
3246 2552 3587 2631 πατριάρχου
3682 2548 3851 2627 κυρίου

2200 2638 2397 2695 Λουκᾶ.

2539 2717 2621 2790 Ε’.
2655 2730 2779 2806 Περὶ
2802 2728 3153 2809 καθαιρέσεως
3187 2727 3507 2790 ἐπισκόπου.

2277 2815 2380 2869 Τοῦ
2460 2815 2749 2874 ἐπισκόπου
2857 2818 3211 2894 ’Λμαθοῦντος
3317 2817 3520 2873 ἐκείνου
3605 2813 3847 2873 Ἰωάννου

444 2909 537 2992 pri
567 2908 1024 2989 archiepiscopo
1052 2906 1279 2970 Joanne
1310 2907 1532 2989 fuisset}
1550 2905 1880 2988 depositus,
1917 2919 1975 2971 et
2000 2912 2111 2972 de-

2208 2903 2584 2981 ιαθαιρεθέντος
2643 2908 2745 2964 ὑπὸ
2829 2906 2921 2965 τοῦ
2972 2906 3400 2987 ἀρχιεπισκόπου
3458 2906 3675 2985 Κύπρου
3753 2924 3847 2959 κυ-

444 2990 764 3081 positionis
820 2997 1127 3059 decretum
1159 2995 1221 3058 in
1282 2996 1570 3058 tribunali
1606 2998 1988 3077 imperatorio
2019 3001 2109 3060 le-

2208 2990 2303 3046 >ίου
2364 2994 2625 3061 Ἰωάννου,
2686 2997 2773 3051 καὶ
2849 3001 2941 3051 τοῦ
3021 2998 3385 3073 καθαιρετικοῦ
3468 2993 3849 3070 σημειώματος

447 3070 608 3152 ctum
663 3096 822 3150 esset
888 3106 902 3147 :
955 3090 1234 3167 quoniam
1320 3085 1546 3147 inventi
1629 3070 1767 3147 sunt
1835 3088 2110 3149 undecim

2208 3078 2615 3158 ὶναγνωσθεντος
2647 3084 2731 3139 ἐπὶ
2760 3084 3001 3160 βήματος
3064 3070 3338 3159 βασιλικοῦ
3371 3101 3384 3115 ⁸
3437 3083 3555 3139 ἐπεὶ
3613 3080 3847 3161 εὕρηνται

448 3177 739 3259 episcopi,
776 3184 833 3237 et
862 3175 1372 3255 archiepiscopus,
1409 3175 1841 3256 depositionem
1872 3174 2109 3259 fecisse,

452 3266 660 3328 statuit
690 3265 1107 3326 sanctissimus
1141 3264 1240 3325 ille
1270 3263 1607 3343 patriarcha
1626 3263 1902 3326 dominus
1926 3265 2113 3327 Lucas

449 3374 586 3418 cum
618 3356 932 3415 assistente
984 3351 1228 3433 synodo,
1284 3352 1426 3433 quin
1477 3354 1653 3413 etiam
1690 3353 1815 3432 ipSe
1852 3373 2113 3434 praasens

444 3456 712 3524 senatus,
738 3461 871 3503 esse
898 3442 1194 3503 inﬁrmam
1216 3449 1274 3503 et
1298 3442 1516 3503 nullius
1548 3444 1832 3503 momenti
1866 3445 2111 3524 deposi-

446 3532 715 3593 tionem:
756 3549 828 3593 eo
889 3531 1045 3611 quod
1105 3549 1224 3591 non
1282 3532 1563 3592 accersita
1622 3531 1802 3592 fuerit
1839 3534 2113 3595 universa

447 3622 711 3703 synodus
742 3621 1089 3702 Cypriorum
1121 3619 1423 3690 Ecclesia}.
1455 3621 1684 3682 etiamsi
1722 3640 1931 3700 magna
1956 3633 2114 3683 esset

450 3712 586 3790 ejus
606 3714 887 3789 cogeulaa
908 3709 1152 3770 facultas
1179 3731 1192 3770 :
1222 3718 1281 3770 et
1303 3710 1455 3789 quod
1486 3730 1600 3770 non
1626 3710 2109 3791 archiepiscopus

443 3807 607 3861 ultra
647 3804 712 3859 Ia
746 3798 1189 3880 episcopos,3ed
1227 3817 1339 3860 una
1371 3818 1502 3858 cum
1538 3799 1657 3859 llllS
1689 3815 1845 3861 esset
1878 3820 2112 3861 connu-

446 3902 730 3951 meratus.
787 3893 1083 3950 Praeterea
1131 3899 1331 3949 autem
1363 3889 1696 3965 allegaruut
1726 3899 1783 3947 et
1815 3906 1894 3949 xx
1928 3909 2115 3951 eunu-

446 3999 659 4042 nem...
698 3978 937 4059 synodi,
973 3992 1028 4038 et
1057 3995 1175 4039 XIV.
1234 3982 1302 4040 Et
1333 3979 1601 4058 quamvis
1632 3979 1923 4039 dixissent
1959 4000 2111 4039 uou-

445 4070 739 4142 nul|.,huc
772 4068 848 4129 de
879 4067 1021 4128 solis
1081 4067 1443 4146 presbyteris
1493 4066 1548 4127 ei
1594 4067 1861 4129 diaconis
1889 4069 2112 4129 dictum

446 4176 602 4233 eSse,
640 4169 840 4218 tamen
874 4172 994 4217 non
1020 4164 1157 4216 sunt
1187 4155 1473 4217 exauditi.

2196 3168 2375 3227 ἕνδεκα
2408 3172 2684 3230 ἐπίσκοποι
2740 3175 2827 3231 καὶ
2871 3176 2899 3230 ὁ
2957 3173 3380 3253 άρχιεπισκοπος
3436 3173 3542 3240 τὴν
3598 3171 3834 3249 καθαίρε-

2196 3280 2276 3315 σιν
2330 3277 2708 3343 πεποιηκοτες,
2769 3262 2959 3341 διέγνω
3015 3265 3043 3319 ὁ
3113 3263 3414 3340 ἀγιώτατος
3485 3261 3697 3325 ἐκεῖνος
3741 3280 3845 3314 πα-

2196 3350 2459 3431 τριάρχης
2517 3353 2691 3431 κύριος
2779 3358 2982 3417 Λουκᾶς
3055 3352 3190 3428 μετὰ
3249 3354 3346 3419 τῆς
3420 3349 3847 3430 παρουσιασάσης

2194 3436 2429 3512 συνόδου,
2488 3439 2624 3496 ἀλλὰ
2680 3442 2785 3517 μὴν
2852 3441 2939 3496 καὶ
3014 3442 3048 3508 ἡ
3124 3439 3441 3518 παρεστῶσα
3527 3436 3841 3516 σύγκλητος,

2195 3523 2382 3606 ἄκυρον
2453 3528 2602 3585 εἶναι
2658 3530 2755 3596 τὴν
2809 3528 3105 3606 καθαίρεσιν
3141 3546 3155 3561 ⁸
3216 3526 3300 3583 διά
3350 3548 3407 3583 τε
3463 3528 3527 3583 τὸ
3571 3530 3650 3603 μὴ
3683 3544 3841 3599 μετα-

2193 3613 2452 3683 κληθῆναι
2531 3617 2629 3685 τήν
2705 3624 2879 3673 πᾶσαν
2945 3614 3152 3674 σύνοδον
3236 3621 3333 3684 τῆς
3414 3618 3520 3671 τῶν
3612 3614 3844 3693 Κυπρίων

2197 3702 2536 3781 Ἐκκλησίας,
2572 3706 2607 3774 ἢ
2651 3704 2748 3762 κᾶν
2777 3708 2874 3773 τὴν
2922 3705 3163 3786 πλείονα,
3215 3706 3489 3786 εὐχερείας
3544 3705 3634 3761 καὶ
3690 3712 3843 3760 ταῦτα

2202 3792 2359 3861 θύτης
2418 3797 2547 3874 πρὸς
2594 3802 2745 3852 τουτο
2782 3816 2792 3827 ·
2854 3796 2943 3851 καὶ
3000 3791 3082 3850 διὰ
3111 3797 3174 3850 τὸ
3203 3795 3280 3870 μὴ
3309 3796 3400 3851 τὸν
3431 3793 3844 3875 ἀρχιεπίσκοπον

2202 3884 2443 3941 ἐπέκεινα
2490 3886 2630 3941 εἶναι
2676 3887 2774 3951 τῆς
2806 3881 3098 3949 δωδεκάδος
3155 3890 3260 3941 τῶν
3323 3883 3654 3955 ἐπισκόπων,
3715 3877 3844 3936 ἀλλὰ

2199 3975 2365 4049 ταύτῃ
2445 3982 2627 4030 τουτον
2707 3975 3106 4052 συνυπλγεσθαι.
3167 3971 3506 4053 Ἐχριςσαντο
3581 3970 3637 4027 δὲ
3718 3972 3842 4061 πρὶς

2197 4064 2351 4119 τοῦτο
2385 4064 2471 4118 καὶ
2500 4069 2574 4137 τῴ
2602 4052 2859 4118 κ’κανόνι
2904 4064 3131 4128 tiu...“
3192 4059 3433 4135 συνόδου,
3480 4062 3567 4117 καὶ
3621 4067 3697 4134 τῷ
3757 4052 3839 4117 ιδ’.

2199 4151 2307 4210 Κᾶν
2362 4174 2498 4215 τινες
2558 4151 2612 4207 δὲ
2657 4152 2815 4208 εἷπον
2870 4152 3015 4232 τότε,
3088 4153 3163 4218 εἰς
3218 4151 3409 4227 μόνους
3468 4147 3840 4228 πρεσϐυτέρους

2188 4242 2276 4298 καὶ
2305 4240 2573 4307 διακόνους
2619 4248 2772 4298 τοῦτο
2830 4241 3224 4321 ἐκφωνηθῆναι,
3283 4238 3402 4297 ἀλλ’
3467 4242 3564 4297 οὒκ
3614 4234 3841 4305 εἰσηκού-

2188 4333 2407 4397 σθησαν.

450 4429 550 4495 VI.
582 4428 672 4493 Ne
698 4427 1324 4509 ecclesiceutedantur
1374 4429 1789 4490 transactione
1819 4430 2106 4509 episcopi.

2208 4410 2297 4494 ζ’·
2324 4420 2448 4498 Περὶ
2474 4426 2565 4476 τοῧ
2597 4421 2675 4496 μὴ
2704 4418 3025 4509 βλάπτεσθαι
3056 4416 3377 4487 Ἐκκλησίαν
3407 4417 3668 4492 διαλυτέῳ
3701 4415 3841 4471 ἐπισ-

534 4614 680 4678 Mihi
710 4613 944 4674 videtur
976 4630 1093 4675 non
1121 4611 1253 4672 lmdi
1283 4610 1550 4673 Ecclesia
1575 4629 1647 4673 ex
1678 4612 1772 4682 iis,
1811 4631 1941 4692 quae
1967 4632 2112 4693 pec-

452 4713 546 4767 cat
574 4705 935 4785 episcopus:
974 4710 1034 4763 et
1094 4711 1412 4782 propterea
1461 4702 1573 4762 rite
1609 4704 1924 4780 parceciam
2011 4722 2113 4764 re-

449 4794 676 4856 vocavit
693 4810 1005 4855 successor
1024 4793 1156 4869 ejus
1195 4791 1298 4870 qui
1321 4792 1551 4870 invasit,
1593 4792 1829 4853 etiamsi
1862 4792 2111 4855 multum

456 4892 693 4964 tempus
723 4878 1246 4962 praeterierit.Tale
1278 4879 1415 4959 quid
1450 4890 1648 4941 autem
1681 4880 1901 4941 dictum
1938 4891 2030 4943 est
2058 4885 2116 4944 in

457 4980 729 5053 tempore
757 4971 1110 5052 patriarchae
1141 4968 1498 5030 sanctissimi
1525 4968 1753 5029 domini
1776 4969 2119 5034 LuceCum

458 5061 616 5122 enim
640 5062 878 5141 quidam
903 5059 1219 5141 episcopus
1242 5076 1469 5136 magme
1490 5057 1685 5137 Brysis
1708 5058 1960 5136 litigaret
1986 5081 2119 5122 cum

455 5151 909 5230 archiepiscopo
935 5167 1135 5230 parvae
1162 5148 1448 5225 Brysis,et
1474 5147 1819 5227 protulisset
1840 5150 2121 5230 scriptam

2916 4508 3105 4566 κόπου.

2279 4611 2430 4688 Ἐμοὶ
2473 4609 2621 4669 δοκεῖ
2690 4611 2784 4685 μὴ’
2839 4608 3301 4668 καταϐλάπτεσθαι
3358 4612 3456 4680 τὴν
3528 4608 3840 4674 Ἐκκλησιαν

2200 4702 2251 4769 ἐξ
2278 4704 2353 4757 ὧν
2396 4702 2679 4780 ἁμαρτάνει
2709 4703 2737 4755 δ
2766 4699 3049 4764 ἐπίσκοπος
3085 4722 3097 4733 ·
3156 4703 3243 4758 καὶ
3288 4700 3372 4759 διὰ
3423 4709 3581 4759 τοῦτο
3637 4692 3840 4755 ἐνδυνά-

2201 4816 2315 4868 μως
2385 4791 2478 4847 ’ἕνα
2550 4788 2939 4857 ἀνακαλέσηται
2998 4791 3095 4857 τὴν
3152 4791 3353 4857 ἐνορίαν
3415 4793 3442 4848 ὁ
3490 4788 3841 4858 διαδεξάμενος

2201 4884 2291 4938 τὸν
2328 4881 2630 4951 ποιήσαντα
2675 4900 2775 4945 την
2818 4878 3027 4959 ἔφοδον,
3072 4879 3171 4936 κᾶν
3240 4879 3404 4946 πολὺς
3449 4878 3683 4957 παρέλθῃ
3723 4892 3840 4930 και·-

2204 4971 2309 5050 ρός.
2372 4969 2641 5039 Ἐλαλήθη
2703 4967 2758 5024 δὲ
2813 4970 3050 5027 τοιοῦτόν
3112 4991 3163 5026 τι
3207 4971 3295 5026 καὶ
3339 4970 3423 5027 ἐπὶ
3479 4976 3585 5026 τῶν
3639 4965 3842 5042 ἡμερῶν

2204 5070 2297 5119 τοῦ
2352 5058 2647 5137 ἀγιωτάτου
2689 5058 3022 5138 πατριάρχου
3078 5060 3255 5139 κυρίου
3305 5065 3502 5121 Λουκᾶ.
3546 5059 3697 5119 Τινὸς
3751 5050 3842 5139 γὰρ

2208 5149 2493 5206 ἐπισκόπου
2547 5153 2646 5214 τῆς
2704 5146 2943 5224 μεγάλης
3005 5148 3243 5227 Βρύσεως
3315 5146 3659 5223 δικαζομένου
3716 5136 3842 5217 μετά

462 5238 923 5302 transactionem
958 5236 1245 5298 antistitis
1294 5244 1351 5296 et
1409 5235 1867 5314 archiepiscopi,
1899 5240 1977 5299 do
2010 5260 2117 5301 non

2208 5241 2298 5295 τοῦ
2339 5235 2760 5316 ἀρχιεπισκόπου
2804 5236 2899 5303 τῆς
2944 5243 3135 5316 μικρᾶς
3210 5238 3471 5317 Βρύσεως,
3520 5238 3608 5293 καὶ
3650 5249 3838 5311 προκο-

459 5327 943 5391 Γυνυοοηιιοιίιι)
998 5328 1132 5407 ipso
1195 5324 1475 5404 parmcia,
1536 5341 1665 5405 quae
1724 5323 1798 5384 ab
1847 5327 2117 5411 episcopc

2211 5330 2457 5406 μέσαντος
2511 5323 2779 5380 διαλυτέον
2834 5323 3092 5405 ἔγγραφον
3171 5332 3264 5382 τοῦ
3339 5324 3842 5404 προτελευτήσαντος

466 5415 841 5478 detinebatur
875 5435 890 5479 ε
937 5414 1339 5496 pronuntiavit
1369 5414 1653 5494 synodus,
1687 5413 1843 5477 facto
1892 5420 2117 5497 praede-

2211 5414 2654 5501 ἀρχιεπισκόπου,
2731 5414 2891 5494 χάριν
2945 5423 3037 5473 τοῦ
3103 5416 3180 5489 μὴ
3240 5414 3613 5472 ἀνακαλεῖσθαι
3668 5414 3840 5465 τ,ὐτον

1793 5577 2055 5640 VARI/E
2086 5575 2525 5645 LECTIONES.

548 5731 569 5761 ι
592 5714 933 5776 δευενὶεαιίι
962 5711 1287 5776 abbatibus
1310 5744 1335 5773 ιι
1365 5709 1673 5772 territorio
1701 5715 1727 5746 τ
1757 5716 2062 5791 regionem
2087 5712 2141 5774 is
2190 5729 2363 5776 suam
2392 5713 2640 5789 repetet,
2689 5706 2797 5786 qui
2840 5707 3144 5781 successit,
3178 5707 3256 5770 ab
3283 5724 3350 5769 eo
3379 5709 3486 5787 qui
3512 5722 3647 5771 eam
3672 5702 3839 5763 iiwa-

470 5795 573 5855 sit.
603 5808 630 5838 ι
660 5796 1005 5872 repetenda.
