4130 6418
304 344 429 411 789

1658 345 2237 416 GRIEGO-ROMAN
2246 352 2352 415 ΗΜ

3586 340 3709 406 790

302 483 600 560 ἶερωτάτων
657 482 974 565 ἀρχιερέων,
1034 487 1090 543 οἳ
1145 487 1232 542 καὶ
1292 483 1524 561 μάλιστα
1587 485 1803 565 ἔγγιστα
1852 490 1951 551 τῆς

2039 482 2244 545 urbem
2275 484 2650 568 imperialem
2683 487 2859 551 sedes
2902 486 3271 568 episcopales
3309 481 3505 547 sortiti
3533 488 3701 562 sunt,

301 570 567 648 βασιλίδος
638 574 835 642 ταύτης
904 579 1010 632 τῶν
1082 574 1292 632 πόλεων
1347 576 1469 639 τοὺς
1554 575 1956 656 ἀρχιερατικοὺς

299 660 516 738 θρόνους
559 660 780 743 ἔλαχον,
853 664 1227 742 ἀσυντηρήτως
1299 666 1571 728 ποιοῦντες
1629 664 1956 744 χειροτονίας

299 747 561 808 διακόνων
632 754 719 809 καὶ
801 753 1006 833 ἱερέων,
1081 756 1158 830 μὴ
1245 754 1604 830 ὑποκειμένων
1659 766 1784 817 ταῖς
1865 750 1953 809 ὑπ’

299 841 489 905 αὖτοὺς
547 840 796 919 ένορίαις,
856 841 1114 906 πολλάκις
1173 842 1434 904 ἑάλωσαν,
1524 846 1583 901 Οἱ
1670 844 1769 921 γάρ
1838 845 1954 922 περὶ

297 931 486 986 τούτου
559 931 1039 1010 προσαγγελθέντες
1108 939 1185 1007 τῷ
1266 933 1368 1011 πρὸ
1440 934 1593 1007 ἡμῶν
1676 932 1955 1010 ἁγιωτάτῳ

296 1020 606 1099 πατριάρχῃ
646 1021 838 1095 -κυρίῳ
910 1026 1105 1092 Λουκᾷ,
1165 1022 1253 1077 καὶ
1310 1020 1761 1100 παρεγγυηθέντες
1825 1021 1956 1077 παύο

297 1110 485 1164 σασθαι
544 1111 634 1164 τοῦ
700 1119 918 1168 τοιαῦτα
987 1122 1164 1165 ποιεῖν
1220 1109 1537 1166 ἀκανόνιστα
1571 1128 1585 1142 ·
1647 1110 1820 1190 φαμὲν
1888 1107 1952 1175 δὴ

295 1206 391 1255 τοῦ
445 1210 777 1278 χειροτονεῖν
833 1197 1103 1278 ὕπερόρια,
1183 1201 1271 1255 καὶ
1347 1198 1468 1261 τοὺς
1538 1196 1590 1263 ἐξ
1645 1197 1824 1278 ἑτέρας
1876 1198 1956 1254 ἐν-

296 1288 449 1364 ορίας
524 1290 596 1349 εἷς
668 1286 857 1351 αὖτοὺς
941 1286 1287 1369 ἀφιγμένους,
1360 1286 1732 1349 ἀνυποστόλως
1817 1286 1956 1342 οὕτω

296 1378 626 1455 χειροθετεϊν
662 1394 675 1409 °
768 1376 1063 1451 ἀμνηστίαν
1127 1382 1234 1432 τῶν
1320 1380 1503 1438 αὐτοῖς
1573 1379 1690 1454 περὶ
1772 1377 1957 1433 τούτου

294 1464 741 1542 παρεγγελμένων
842 1467 937 1522 οὔκ
1039 1465 1331 1522 ἐπαύσαντο
1436 1465 1681 1537 τίθεσθαι,
1788 1464 1951 1545 μέχρι

294 1551 433 1619 δῆτα
483 1555 571 1609 καὶ
630 1554 883 1633 τήμερον.
948 1552 1163 1621 Ἐπειδὴ
1231 1554 1400 1610 τοίνδν
1480 1552 1781 1631 ἀνηγγέλθη
1867 1555 1953 1610 καὶ

294 1648 366 1717 τῇ
436 1642 590 1715 ἡμῶν
649 1643 957 1721 μετριότητι
1027 1642 1170 1721 παρά
1229 1642 1320 1697 τοῦ
1389 1642 1651 1721 ἡμετέρου
1705 1641 1951 1721 θεοφιλε-

295 1731 490 1787 στάτου
544 1730 969 1810 χαρτοφύλακος,
1049 1729 1278 1795 πολλούς
1351 1752 1496 1793 τινας
1575 1737 1680 1787 τῶν
1738 1734 1801 1787 ἐκ
1852 1736 1952 1797 τῆς
1975 1776 2013 1825 Β

293 1821 554 1902 ἡμετέρας
626 1823 828 1902 ἐνορίας
912 1823 1053 1903 παρά
1106 1824 1329 1901 γνώμην
1404 1826 1561 1881 αὑτοῦ
1642 1824 1774 1902 πρὸς
1830 1825 1951 1889 τοὺς

293 1911 445 1991 πέριξ
539 1914 759 1980 ταυτησὶ
860 1916 956 1982 τῆς
1062 1910 1445 1991 μητροπόλεως
1552 1911 1951 1991 ἀπερχομένους

295 2000 621 2063 ἐπισκόπους
677 2022 736 2057 τε
795 2003 882 2058 καὶ
938 2002 1416 2082 ἀρχιεπισκόπους,
1478 2003 1740 2079 ἱερατικοῦ
1822 1999 1947 2080 παρ’

297 2091 472 2148 αὐτῶν
526 2087 792 2155 ἀξιοῦσθαι
850 2089 1202 2170 χαρίσματος,
1269 2085 1374 2145 εἶτ’
1431 2090 1571 2153 αὖθις
1624 2087 1953 2166 ἐπαναστρέ-

298 2200 418 2259 φειν
448 2179 521 2242 εἰς
565 2175 722 2247 τήδδε
752 2179 852 2245 την
884 2175 999 2234 καθ’
1055 2180 1199 2252 ἡμᾶς
1233 2176 1453 2256 ἐνορίαν,
1516 2179 1650 2252 μετά
1706 2174 1771 2245 δὴ
1812 2179 1959 2257 τάχα

296 2258 390 2324 καὶ
449 2268 779 2345 γραμμάτων
837 2272 1162 2324 συστατικῶν
1204 2285 1217 2298 ⁸
1275 2268 1335 2322 τὸ
1378 2266 1627 2333 ποιητέον
1680 2268 1821 2341 αὖτῷ
1877 2258 1962 2323 ἐπὶ

297 2357 501 2420 τούτοις
545 2354 718 2427 ἐζήτει
763 2359 953 2432 μαθεῖν
1009 2357 1152 2435 παρα
1209 2361 1311 2423 τῆς
1367 2357 1525 2429 ἡμνῦν
1583 2354 1953 2434 μετριότητος.

301 2442 686 2526 Ἀμφιϐάλλειν
796 2446 895 2524 γαρ
1007 2446 1065 2502 οὒ
1148 2450 1351 2523 μικρῶς
1435 2441 1659 2524 ἔφασκε,
1746 2446 1957 2519 μήποτε

296 2533 553 2614 κρίμασιν
677 2532 973 2612 ἀλλοτρίοις
1088 2532 1487 2606 ἐπικοινωνοίη,
1615 2539 1954 2613 παραχωρῶν

298 2626 555 2701 ἱερᾶσθαι,
621 2625 706 2688 οὒς
777 2625 934 2687 αὐτὸς
979 2620 1200 2692 ἐξήτασε
1238 2644 1251 2657 ο
1313 2624 1429 2701 περὶ
1472 2625 1546 2678 ὧν
1588 2622 1703 2679 οὔτε
1747 2624 1952 2700 μαρτύ-

300 2735 430 2792 ρων,
490 2714 564 2775 ὡς
642 2712 755 2777 ἔθος
812 2716 974 2787 αὒτῷ,
1026 2712 1407 2792 παραστάντων
1460 2710 1702 2781 ἐπύθετο,
1764 2714 1852 2769 καὶ
1910 2715 1953 2768 εἷ

301 2802 512 2883 χρόνων
557 2802 670 2859 εἶεν
728 2804 833 2858 τῦν
878 2801 1210 2882 ὡρισμένων,
1268 2799 1737 2880 πεπληροφόρηται
1772 2820 1788 2836 ⁸
1836 2801 1950 2857 οὔτε

301 2888 613 2964 δοκιμασίαν
697 2891 814 2969 περὶ
896 2897 990 2947 τοῦ
1058 2890 1171 2966 βίου
1227 2889 1426 2946 τούτων
1495 2890 1804 2962 πεποίηται,
1865 2891 1951 2946 καὶ

297 2982 363 3036 τὸ
393 2982 581 3036 πιστὸν
609 2986 723 3035 τοῦ
750 2979 917 3045 ἀξίους
981 2980 1124 3036 εἶναι
1167 2986 1259 3035 τοῦ
1301 2976 1708 3057 ἐπαγγέλματος
1753 2982 1814 3035 ἐκ
1854 2983 1951 3045 τῆς

2040 571 2430 637 diaconorum
2462 587 2519 638 et
2575 577 2949 638 sacerdotum
3003 575 3126 637 suis
3182 573 3541 639 ιιίαεορεὶὒυε
3574 589 3693 633 non

2039 662 2445 742 subjectorum
2476 666 2884 727 ordinationes
2932 666 3077 727 citra
3109 665 3291 727 ullam
3328 660 3700 726 observatio-

2039 768 2174 811 nem
2196 751 2389 816 t'acere
2411 755 2775 835 deprehensi
2798 763 2933 816 sunt
2964 754 3075 827 Qui
3096 756 3270 816 etiam
3290 755 3364 816 de
3384 748 3643 832 eo,quod
3663 766 3698 809 a

2040 841 2413 904 sanctissimo
2495 845 2826 924 patriarcha
2908 851 3141 925 nostro,
3214 841 3455 905 domino
3515 842 3696 918 Luca,

2036 929 2446 993 annuntiatum
2491 941 2601 1001 est,
2658 943 2717 994 et
2766 932 3050 994 admoniti
3082 955 3132 1006 ιι,
3186 942 3252 994 ιιι
3304 932 3434 993 haec
3491 935 3698 991 contra

2037 1033 2294 1079 canones
2342 1019 2539 1081 facere
2599 1021 2989 1083 desinerent:
3024 1030 3210 1095 extra,
3258 1020 3527 1100 inquam,
3578 1032 3701 1079 sua

2036 1106 2304 1182 regionis
2330 1107 2549 1170 limites
2575 1110 2874 1171 ordinare.
2910 1124 2969 1170 et
3002 1109 3097 1177 iis,
3132 1110 3233 1190 qui
3263 1127 3331 1170 ex
3373 1107 3568 1169 aliena
3594 1122 3696 1167 re-

2039 1194 2216 1272 gione
2239 1197 2309 1257 ad
2344 1216 2407 1258 se
2440 1199 2834 1270 veniunt,tam
2878 1198 3065 1260 libere
3095 1216 3304 1259 manus
3328 1197 3638 1275 imponere
3684 1213 3701 1254 :

2039 1284 2395 1347 oblivionem
2430 1306 2799 1369 eorum,quaa
2826 1296 2961 1349 ante
2995 1288 3161 1350 facta;
3192 1295 3382 1348 erant.
3420 1284 3697 1347 decl=~ra-

2041 1372 2266 1434 tiouum
2319 1389 2365 1449 ο,
2427 1395 2541 1436 ηοη
2601 1386 2987 1438 cessaverunt
3046 1377 3358 1458 imponere
3410 1390 3601 1454 usque
3633 1370 3695 1432 in

2036 1460 2385 1525 hodiernam
2423 1464 2603 1527 diem.
2639 1464 2787 1537 Quia
2813 1476 3011 1527 autem
3042 1476 3262 1527 nostrai
3296 1459 3695 1525 mediocritati

2035 1568 2069 1610 a
2102 1562 2300 1611 nostro
2331 1553 2426 1631 pio
2460 1555 2919 1635 chartophylace
2946 1554 3355 1617 renuntiatum
3389 1560 3501 1626 est,
3536 1549 3699 1611 mul-

2037 1649 2128 1698 tos
2158 1658 2227 1700 ex
2261 1650 2463 1702 nostra
2514 1661 2758 1721 regione
2808 1652 3024 1724 praeter
3073 1643 3205 1723 ejus
3233 1643 3593 1703 voluntatem
3624 1636 3702 1699 ad

2038 1727 2352 1808 episcopos
2386 1740 2442 1791 et
2473 1731 3095 1813 archiepiscopos,qui
3126 1740 3265 1794 sunt
3294 1731 3519 1791 circum
3542 1725 3704 1787 circa

2041 1836 2305 1896 magnam
2355 1821 2507 1881 hanc
2557 1821 2881 1897 civitatem,
2932 1820 3312 1899 accedentes,
3347 1813 3703 1880 sacerdotali

2037 1924 2285 1970 munere
2308 1908 2380 1969 ab
2407 1927 2494 1969 eis
2520 1909 2727 1989 dignos
2751 1910 2986 1985 haberi,
3011 1909 3231 1971 deinde
3252 1924 3458 1970 rursus
3478 1904 3709 1967 reverti

2031 1995 2104 2056 ad
2144 1999 2293 2059 hanc
2323 2009 2585 2059 nostram
2618 2001 2922 2078 regionem
2953 2018 3088 2061 cum
3111 1998 3258 2061 littc:
3277 1996 3329 2058 is
3358 1997 3508 2059 forte
3537 2012 3701 2055 com-

2043 2085 2431 2149 mendatitiis:
2470 2086 2610 2168 quid
2644 2088 2755 2148 sibi
2783 2087 3080 2168 agendum
3130 2087 3209 2148 sit
3240 2087 3300 2148 in
3334 2085 3473 2165 iis,a
3503 2083 3712 2146 nostra

2048 2172 2385 2252 intelligere
2437 2177 2851 2240 mediocritate
2933 2176 3275 2258 postulavit.
3331 2174 3487 2236 Dixit
3545 2171 3706 2234 enim

2047 2281 2111 2325 se
2147 2283 2263 2324 non
2296 2282 2500 2344 parum
2530 2265 2824 2340 dubitare,
2859 2285 2936 2328 ne
2972 2265 3102 2348 ipse
3126 2265 3340 2328 alienis
3370 2260 3706 2343 tortejudi-

2043 2351 2153 2414 ciis
2186 2354 2611 2429 communicet,
2645 2356 3000 2436 permittens
3031 2374 3133 2418 eos
3163 2355 3234 2417 ad
3259 2372 3428 2415 sacra
3444 2349 3699 2423 admitti,

2039 2460 2189 2523 quos
2220 2442 2348 2522 ipse
2376 2463 2491 2504 non
2518 2446 2885 2505 examinavit
2920 2466 2935 2506 :
2971 2445 3046 2507 de
3068 2444 3284 2525 quibus
3308 2462 3418 2504 nec
3436 2445 3709 2511 testes,ut

2041 2529 2155 2610 ipsi
2184 2548 2311 2590 mos
2363 2539 2476 2606 est,
2532 2543 2791 2599 astantes
2842 2533 3230 2609 interrogavit
3262 2550 3418 2607 ;nec
3439 2549 3513 2593 an
3545 2546 3700 2610 pm-

2037 2618 2238 2679 ﬁnitos
2260 2638 2450 2681 annos
2472 2620 2592 2682 nati
2615 2621 2992 2691 sint,certior
3011 2623 3197 2683 factus
3216 2631 3327 2702 est,
3358 2638 3467 2682 nec
3492 2634 3700 2681 eorum

2036 2708 2212 2768 vitam
2240 2709 2598 2770 examinavit
2624 2731 2637 2773 :
2663 2729 2772 2773 nec
2799 2711 2946 2773 ﬁdes
2964 2711 3076 2773 sibi
3099 2713 3249 2773 facta
3272 2721 3442 2772 estex
3476 2714 3702 2786 scripto

2034 2812 2239 2855 eorum
2287 2797 2629 2858 testimonio
2666 2817 2679 2860 :
2738 2803 2837 2879 qui
2897 2800 3031 2861 illus
3061 2800 3391 2861 secundum
3423 2794 3699 2877 spiritum

2032 2895 2422 2963 pepererunt,
2476 2905 2578 2947 eos
2593 2905 2724 2948 esse
2742 2906 2846 2948 sua
2871 2888 3238 2967 professione
3252 2884 3699 2967 dignos,idque,

2031 2989 2164 3032 cum
2240 2991 2396 3054 saepe
2465 2974 2526 3035 in
2610 2977 2916 3038 nonnullis
2972 2978 3281 3039 manifeste
3356 2975 3705 3037 adversetur

299 3069 661 3149 ἒνυπογράφου
743 3069 1024 3148 μαρτυρίας
1110 3075 1214 3125 τῶν
1284 3068 1421 3123 κατά
1477 3076 1682 3143 πνεῦμα
1736 3068 1949 3132 τούτους

2039 3068 2308 3139 aspectus
2342 3063 2499 3143 quod
2527 3064 2598 3125 ad
2625 3082 2916 3126 annorum
2934 3066 3439 3146 complementum
3467 3062 3702 3136 attinet,

301 3155 671 3224 ὡδινησάντων
783 3156 1074 3239 παρείληφε
1111 3172 1122 3186 ⁸
1231 3157 1319 3213 καὶ

302 3246 391 3303 ἐπί
458 3268 620 3303 τινων
686 3248 967 3325 προφανῶς
1008 3243 1412 3321 ἐναντιουμένης
1466 3246 1566 3310 τῆς
1610 3242 1782 3321 ὅψεως
1835 3246 1951 3325 περὶ

300 3338 403 3403 τὴν
456 3341 562 3393 τῶοι
619 3337 829 3416 χρόνων
872 3336 1004 3398 τέως
1049 3333 1312 3392 ἐντέλειαν
1348 3355 1360 3366 ·
1415 3336 1502 3391 καὶ
1556 3336 1649 3391 τον
1704 3356 1947 3413 τριακονο

301 3427 494 3493 τοότην
553 3426 695 3483 εἶναι
766 3425 1063 3505 ὀφείλοντα,
1134 3422 1319 3498 πολλῷ
1389 3423 1483 3490 τῆς
1542 3424 1790 3490 τοιαύτης
1842 3422 1953 3479 λεί-

301 3519 495 3575 πεσθαι
597 3514 914 3596 προθεσμίας
948 3531 962 3545 ’
1065 3513 1567 3593 προσμαρτυρούσης
1677 3512 1955 3590 προδήλως

302 3606 367 3662 ἔκ
391 3627 448 3662 τε
478 3605 573 3673 τῆς
604 3607 740 3661 κατά
783 3606 881 3671 τὴν
910 3604 1118 3672 ἠλικίαν
1175 3610 1265 3660 τοῦ
1284 3604 1557 3680 ἱσώματος
1631 3603 1953 3682 φαινομένης

301 3693 523 3759 ἀτελοῦς
581 3695 978 3757 καταστάσεως,
1055 3695 1143 3750 καὶ
1213 3691 1265 3757 ἐξ
1342 3692 1504 3758 αὐτῆς
1556 3699 1647 3748 τοῦ
1704 3691 1961 3768 πώγωνος

300 3788 404 3850 τῆς
475 3782 874 3862 ἐπιψιλώσεως,
931 3781 1012 3862 ἐφ’
1078 3785 1153 3838 ὧν
1231 3779 1286 3837 δὲ
1345 3781 1600 3860 βραχείας
1671 3780 1806 3836 πάνυ
1875 3782 1962 3837 καὶ

301 3871 637 3951 ἐνδεεστέρας
710 3871 896 3946 πολλῷ
970 3882 1064 3931 τοῦ
1144 3871 1506 3949 προσήκοντος
1577 3870 1956 3948 τριακοντούτῃ

299 3963 634 4040 πωγωνιήτῃ
733 3962 1104 4041 τριχώματος.
1180 3970 1358 4017 Totum
1426 3957 1598 4036 λέγων
1692 3960 1780 4013 καὶ
1863 3958 1960 4025 τὴν

301 4052 640 4133 ὑφέρπουσαν
722 4058 906 4108 τοῦτον
988 4046 1305 4130 ἀμφιϐολίαν
1389 4050 1477 4104 καὶ
1561 4047 1802 4126 ἀπορίαν,
1890 4049 1962 4113 ὡς

301 4146 402 4202 οὐκ
447 4140 758 4220 ἀνεύλογον,
816 4140 868 4206 ἐξ
924 4137 1091 4218 ἔργων
1122 4138 1293 4195 αὐτῶν
1338 4134 1681 4217 παρεδήλωσε
1714 4152 1727 4166 ⁸
1790 4159 1957 4217 παρα-

300 4230 639 4305 στησάμενος
693 4235 763 4306 τῇ
820 4232 973 4305 ἡμῶν
1054 4228 1363 4308 μετριότητι
1451 4224 1732 4290 συνοδικῶς
1817 4247 1953 4305 προ-

299 4316 607 4396 καθημένη,
642 4318 741 4386 τὴν
770 4319 1003 4396 σήμερον
1032 4315 1120 4373 δύο
1163 4317 1249 4372 καὶ
1291 4328 1436 4391 τρεῖς
1487 4314 1652 4377 οὕτως
1728 4313 1952 4395 ἔχοντας

1420 3161 1607 3235 ταῦτα,

1694 3154 1951 3221 πολλάκις
2036 3156 2091 3210 et
2114 3150 2215 3231 qui
2236 3168 2351 3211 xxx
2373 3170 2561 3213 annos
2580 3163 2752 3214 natus
2782 3173 2913 3216 esse
2944 3153 3292 3230 deberet,ab
3325 3171 3396 3214 eo
3426 3165 3698 3231 tempore

2035 3247 2210 3318 longe
2242 3241 2417 3315 absit,
2452 3242 2722 3323 corporis
2781 3244 3229 3325 constitutione,
3264 3260 3379 3324 qua
3409 3239 3698 3311 cernitur,

2031 3336 2264 3391 aetatem
2297 3341 2498 3412 aperte
2536 3339 2811 3405 testante,
2844 3333 3094 3414 ipsaque
3170 3331 3371 3394 barbas
3425 3327 3695 3391 raritate:

2038 3436 2173 3478 cum
2206 3418 2262 3479 in
2291 3420 2424 3480 aliis
2453 3419 2695 3500 quidem
2718 3421 2820 3501 pili
2858 3423 3020 3483 nullo
3062 3422 3239 3483 modo
3266 3426 3608 3502 appareant,
3636 3415 3699 3478 in

2035 3506 2168 3568 aliis
2226 3527 2365 3569 vero
2418 3508 2635 3589 brevis,
2701 3520 2759 3571 et
2810 3511 2996 3572 multo
3029 3511 3225 3572 minor
3254 3528 3431 3591 quam
3461 3505 3702 3588 triginta

2034 3614 2328 3657 annorum
2360 3598 2515 3678 pilos
2536 3616 2667 3661 esse
2696 3608 2991 3677 oporteat.
3016 3600 3154 3662 Haec
3182 3599 3413 3671 dicens,
3437 3595 3616 3659 etiam
3646 3594 3701 3656 ei

2045 3695 2461 3747 occurrentem
2509 3686 2939 3749 dubitationem
2974 3707 3091 3749 non
3130 3706 3260 3749 esse
3299 3688 3577 3763 iniustam
3608 3684 3696 3747 fa-

2044 3781 2152 3833 ctis
2182 3774 2329 3854 ipsis
2380 3776 2669 3848 ostendit,
2728 3786 2946 3839 nostrae
2994 3774 3389 3838 mediocritati
3419 3772 3702 3855 synodice

2043 3862 2224 3923 hodie
2256 3864 2623 3941 praesidenti,
2654 3865 2807 3928 duos
2829 3869 2922 3928 vel
2967 3875 3110 3939 tres,
3144 3866 3244 3946 qui
3275 3866 3389 3926 hoc
3420 3872 3588 3926 erant
3608 3879 3702 3924 as-

2045 3960 2218 4032 pectu
2242 3961 2305 4013 et
2334 3952 2781 4026 constitutione,
2805 3965 2863 4015 et
2882 3956 2954 4017 ad
2977 3973 3177 4016 sacros
3198 3954 3440 4016 ordines
3456 3970 3704 4033 promo-p

2044 4040 2086 4099 ti
2117 4040 2606 4114 erant,exhibens
2634 4059 2647 4104 :
2678 4043 2786 4103 bos
2808 4043 3073 4124 quidem,
3102 4063 3134 4105 a
3156 4042 3262 4105 Dei
3293 4039 3700 4104 amantissimo

2045 4128 2217 4190 Derci
2246 4132 2526 4210 episcopo
2563 4152 2574 4187 :
2613 4131 2749 4192 illos
2796 4150 2956 4207 vero,
3009 4151 3043 4193 a
3074 4134 3179 4195 Dei
3212 4131 3546 4193 amantibus
3567 4130 3732 4210 epi-'

2037 4218 2240 4297 SCOpiS
2267 4218 2517 4280 l'raaneti
2545 4231 2601 4280 et
2625 4219 2956 4294 Chalcidis;
2980 4230 3037 4282 et
3059 4221 3442 4297 dicens,alios
3461 4219 3691 4282 adiver-

2037 4306 2118 4369 sis
2149 4306 2233 4371 sic
2293 4307 2595 4370 ordinatos
2642 4309 2739 4371 hic
2793 4328 2923 4373 esse
2955 4318 3013 4373 et
3042 4310 3289 4384 versari,
3336 4318 3395 4372 et
3420 4309 3573 4371 velle
3605 4306 3694 4370 uti

300 4408 481 4484 ὄψεως
526 4410 611 4463 καὶ
683 4407 1080 4481 καταστάσεως,
1156 4405 1244 4462 καί
1314 4407 1386 4467 εἷς
1448 4406 1706 4483 ἱερατικὸν
1760 4402 1949 4482 προϐι-

2039 4398 2378 4459 sacerdotes
2409 4415 2577 4459 sacra
2626 4398 2953 4461 celebrare.
2989 4398 3154 4462 Hanc
3185 4418 3324 4480 ergo
3356 4398 3693 4478 religiosis-

300 4494 588 4563 ϐασθέντας
640 4495 840 4573 βαθμόν
874 4512 887 4524 ’
963 4497 1020 4552 ὃν
1089 4495 1206 4570 μὲν,
1276 4494 1417 4573 παρὰ
1474 4503 1563 4551 τοῦ
1618 4492 1958 4572 θεοφιλεστά-

300 4593 396 4643 τοῦ
451 4585 741 4643 ἐπισκόπου
830 4586 1026 4665 Δέρκου
1060 4600 1073 4613 ⁸
1159 4586 1246 4647 οὒς
1321 4581 1400 4662 δὲ,
1473 4583 1615 4661 παρὰ
1667 4584 1772 4639 τῶν
1835 4586 1957 4639 θεο-

302 4674 472 4756 φιλῶν
502 4673 833 4754 ἐπισκόπων,
890 4680 979 4730 τοῦ
1034 4694 1091 4729 τε
1139 4671 1422 4751 Πραινέτου
1489 4673 1577 4727 καὶ
1631 4678 1722 4727 τοῦ
1769 4670 1961 4727 Χαλκί-

303 4763 393 4829 δος
422 4780 437 4795 ⁸
485 4767 572 4821 καὶ
602 4764 803 4829 ἄλλους
860 4761 915 4819 δὲ
959 4763 1100 4841 παρὰ
1155 4761 1414 4841 διαφόρων
1466 4759 1603 4816 οὕτω
1642 4782 1957 4839 κεχειροτο-

301 4853 564 4929 νημένους
636 4854 869 4933 φάμενος
941 4853 1108 4924 εἶναι,
1184 4852 1271 4906 καὶ
1351 4847 1629 4929 διατρίϐειν
1713 4850 1952 4921 ἐνταῦθα,

299 4946 392 5001 καὶ
458 4946 749 5023 ἱερουργεῖν
820 4941 1016 4999 ἐθέλειν
1060 4943 1133 5004 ὼς
1177 4942 1360 5017 ἱερεῖς.
1411 4940 1482 4996 Τὸ
1539 4948 1663 5015 γοῦν
1721 4946 1957 4994 τοιοῦτον

301 5042 397 5091 τοῦ
465 5031 869 5113 θεοφιλεστάτου
938 5031 1093 5105 ἡμῶν
1148 5026 1551 5109 χαρτοιρύλακος
1609 5026 1956 5098 ὰξιοζήτητον

304 5120 409 5201 πρό
425 5121 618 5200 ὓλημα,
704 5118 819 5178 οὶδὲ
907 5123 943 5188 ἡ
1029 5117 1313 5194 μετριότης
1398 5122 1552 5191 ημῶν
1637 5115 1954 5172 καταλιπεῖν

307 5211 557 5270 ἐθέλουσα
614 5210 824 5283 ἄλυτον,
907 5211 992 5267 ἐπὶ
1059 5214 1239 5267 κοινοῦ
1312 5203 1803 5281 συνδισσκεψαμένη
1886 5211 1955 5283 τῇ

308 5299 611 5376 ἐνδημούσῃ
700 5301 810 5372 θεία
893 5302 980 5357 καὶ
1049 5302 1161 5377 ἱερᾷ
1245 5293 1530 5374 ἐπέτρεψεν
1616 5293 1955 5375 ἀδελφότητι.

2042 4485 2178 4546 simi
2206 4486 2393 4547 nostri
2423 4486 2893 4569 chartophylacis
2923 4488 3172 4569 quaesita
3202 4489 3442 4568 dignam
3492 4504 3703 4568 propo-

2044 4575 2320 4635 sitionem
2354 4594 2464 4636 nec
2496 4585 2700 4638 nostra
2737 4578 3126 4640 mediocritas
3154 4577 3358 4639 volens
3384 4575 3700 4638 iusolutam

2043 4665 2407 4744 relinquere,
2443 4667 2844 4729 communiter
2874 4666 3368 4729 considerandam
3400 4665 3617 4727 divinas
3643 4671 3703 4727 et

2043 4771 2248 4823 sacre,
2285 4771 2411 4833 qaae
2442 4752 2539 4815 hic
2571 4754 2692 4835 agit
2723 4755 3076 4817 fraternitati
3128 4754 3418 4835 permisit.
3455 4754 3611 4834 Ergo
3644 4761 3703 4816 et

2042 4845 2117 4903 de
2149 4843 2447 4923 proposito
2472 4843 2809 4924 disceptare
2843 4846 3133 4921 volentes,
3183 4843 3353 4925 priuc
3381 4852 3449 4906 ut
3468 4842 3701 4905 discer-

2043 4940 2215 4992 natur
2235 4932 2575 5013 petivimus,
2600 4952 2869 5013 quaenam
2888 4944 3026 4996 sunt
3045 4932 3397 5007 antistitum,
3430 4933 3531 5014 qui
3562 4938 3703 4994 sunt

2040 5020 2283 5099 ubique,
2317 5020 2660 5082 communia
2693 5032 2750 5083 et
2798 5042 2931 5104 qua;
2964 5023 3083 5084 sint
3133 5022 3438 5103 specialia,
3472 5020 3534 5082 id
3585 5032 3699 5096 est,

2039 5128 2311 5191 quaenam
2336 5109 2610 5189 ejusdem
2652 5113 2919 5192 regionis
2968 5111 3235 5194 episcopi
3267 5129 3553 5193 peragere
3582 5129 3705 5173 non

2042 5198 2433 5279 prohibentur
2464 5200 2523 5260 in
2558 5198 2653 5275 iis,
2689 5204 2791 5283 qui
2819 5204 2890 5265 ad
2927 5202 3059 5264 illos
3087 5205 3505 5283 undecumque
3524 5218 3705 5264 acce-

2045 5290 2217 5364 dunt,
2250 5299 2308 5350 et
2357 5306 2631 5368 quaenam
2688 5300 2873 5374 extra_
2905 5311 3027 5355 suae
3077 5290 3357 5354 dicecesis
3418 5290 3708 5355 terminos

310 5391 491 5449 Τοίνυν
573 5391 662 5447 καὶ
731 5382 848 5469 περὶ
930 5398 1022 5447 τοῦ
1102 5382 1450 5466 προκειμένου
1533 5381 1954 5461 διαγνωμονῆσαι

2048 5379 2245 5441 facere
2276 5377 2696 5460 prohibentur.

1644 5541 1894 5605 VABl/E
1936 5536 2376 5607 LECTIONES.

393 5707 420 5738 ιι
451 5685 779 5768 quietiam
802 5684 911 5748 hoc
942 5682 1186 5748 nomine
1218 5678 1596 5762 interpellati
1626 5696 1661 5741 α
1686 5678 2227 5749 deeessorenostro,
2250 5678 2531 5738 sanctiss.
2554 5677 2822 5757 patriar.
2856 5682 3100 5748 domino
3125 5683 3308 5758 Luca,
3333 5686 3389 5745 et
3410 5678 3709 5743 admoniti

313 5775 336 5804 °
362 5766 841 5832 iutérdictorum.
