4130 6448
433 362 542 427 ’191

1815 367 1948 430 J'US
1987 365 2438 432 CANONICUM

3722 352 3846 425 792

430 498 690 576 θέλοντες,
724 499 1049 579 διακριθῆναι
1079 506 1333 579 πρότερον
1388 501 1745 575 ἐζητήσαμεν,
1778 501 1894 555 τίνα
1939 498 2035 573 μὲν
2066 498 2133 556 τὰ
2174 506 2279 554 τῶν
2307 501 2618 582 ἁπανταχοῦ
2643 504 2935 583 ἀρχιερέων
2965 504 3063 559 εἱσὶ
3131 502 3413 580 καινότερα
3470 499 3835 578 ἐνεργήματα,

428 588 546 645 τίνα
572 588 625 643 δὲ
669 587 940 668 ἰδικώτερα
975 608 989 621 ⁸

1036 590 1297 667 τουτέστι,
1330 591 1467 647 ποῖα
1499 591 1594 663 μὲν
1625 591 1671 645 οἱ
1723 588 1980 667 ἐγχώριοι
2051 593 2157 642 τῶν
2215 589 2507 670 ἀρχιερέων
2574 595 2634 649 οὗ
2702 594 2996 650 κωλύονται
3053 590 3489 672 διαπράττεσθαι,
3571 588 3660 645 ἐπὶ
3714 598 3837 647 τοῖς

431 676 747 746 όθενδήποτέ
777 701 919 756 σφισι
950 678 1402 757 προσεργομένοις
1451 696 1464 709 ·
1497 678 1609 734 τῖνα
1636 676 1688 732 δὲ
1718 677 1818 732 ἀπε
1831 679 2054 755 ’ργονται
2083 691 2260 733 ποιεῖν
2307 680 2576 759 ὑπερόρια.

513 763 737 826 Deinde
759 777 784 818 ρ
802 769 873 827 de
886 785 952 827 ea
968 785 1030 827 re
1044 767 1396 828 sententiam
1414 767 1570 827 ferre
1591 765 2078 845 cupientes,inve~
2109 773 2137 820 Α

432 856 635 914 nimus
657 873 758 915 eos
781 855 1047 935 quidem,
1073 856 1172 934 qui
1206 856 1496 934 mysteriis
1533 874 1645 914 nun
1680 864 1813 913 sunt
1846 853 2083 932 initiati,

432 942 573 1003 ﬁdei
602 944 893 1004 rationem
927 944 1169 1015 docere,
1222 954 1279 1005 et
1309 946 1509 1004 catech
1537 962 1669 1003 znre
1714 960 1726 1003 :
1764 942 1982 1001 deinde
2014 942 2089 1001 sil

432 1031 607 1091 etiam
637 1031 1423 1105 illnminationedignarimc
1443 1033 1698 1092 divinam
1735 1032 1909 1091 etiam
1936 1041 1991 1091 et
2011 1031 2090 1091 vi‘

429 1119 565 1181 vilia
593 1122 869 1200 mysteria
898 1122 1341 1182 communicare
1391 1121 1687 1197 ﬁdelibus,
1718 1121 1815 1198 qui
1848 1130 1983 1180 sunt
2017 1140 2085 1181 ex

432 1228 788 1289 quacunque
836 1210 1080 1287 regione
1113 1231 1128 1281 ς
1162 1212 1273 1272 hoc
1305 1230 1437 1271 esse
1470 1230 1793 1270 commune
1822 1210 2083 1270 ofﬁcium

426 1297 850 1377 judicawmus,
894 1307 953 1358 et
1001 1299 1095 1371 iis,
1131 1299 1230 1377 qui
1261 1320 1326 1361 ex
1366 1300 1602 1378 propria
1636 1298 1879 1376 regione
1910 1318 2085 1360 arce-

432 1385 607 1465 dunt,
639 1399 696 1445 et
728 1385 801 1447 iis
830 1386 1004 1446 etiam
1039 1389 1135 1463 qui
1180 1407 1248 1448 ex
1301 1389 1492 1448 aliena
1538 1406 1780 1464 regione
1815 1387 2081 1451 veniunt.

431 1475 641 1537 Manus
661 1482 856 1534 autem
876 1475 953 1535 im
966 1485 1272 1553 ponere,et
1294 1496 1497 1537 Sacrns
1520 1478 1761 1536 ordines
1785 1476 2081 1549 conferre,

434 1580 553 1622 non
582 1561 675 1633 iis,
699 1561 799 1642 qui
832 1563 1227 1643 nmlequaque
1249 1565 1516 1636 veniunt,
1547 1566 1647 1623 sed
1683 1564 1754 1623 iis
1786 1564 1951 1633 solis,
1986 1566 2086 1644 qui

436 1651 1021 1730 suntejusdicecesis,
1047 1653 1371 1733 unicuique
1400 1653 1648 1713 antistiti
1682 1672 1909 1712 canone
1940 1673 2085 1714 cau-

435 1747 556 1800 tum
572 1749 686 1800 est:
716 1759 790 1801 ne
815 1741 969 1802 inter
988 1760 1090 1802 eos
1112 1742 1384 1803 CtinstiO
1406 1742 1737 1821 seditinque
1757 1753 2088 1822 versetur,a

431 1828 649 1908 quibus
680 1844 735 1890 et
770 1830 915 1890 ordo
940 1838 996 1890 et
1045 1832 1207 1909 pacis
1238 1830 1274 1891 b
1301 1850 1454 1891 'nnm
1500 1830 1630 1891 aliis
1661 1849 1897 1911 quoque
1928 1842 2091 1894 certa

431 1917 608 1980 debet
634 1919 840 1996 regula
864 1918 1338 1991 tradi.Quoniam
1374 1939 1512 1992 ergo
1546 1920 1669 1981 haec
1702 1919 1982 1999 inquisita
2003 1922 2087 1983 sic

2249 770 2344 825 Καὶ
2389 768 2572 837 Επειδὴ
2630 772 2696 826 τὰ
2752 772 2869 850 περὶ
2924 771 3119 828 τούτων
3177 768 3611 848 φιλοκρινοῡντες
3674 763 3827 845 ἐφεύ-

2171 876 2351 932 Ρομεν,
2385 859 2445 913 τὸ
2475 859 2572 933 μὲν
2625 858 2892 931 ἀμυήτους
2940 862 3031 916 τὸν
3075 861 3193 936 περὶ
3248 858 3481 920 πίστεως
3540 854 3704 929 λόγον
3748 850 3835 906 δι-

2169 942 2403 1017 δάσκειν,
2466 948 2552 1002 καὶ
2610 962 2899 1027 κατηχετν,
2961 946 3066 1004 εἶθ’
3135 946 3272 1004 οτὶτω
3323 948 3416 1003 καὶ
3476 942 3831 1023 φωτίσματος

2169 1032 2367 1103 ἀξιοῦν,
2413 1033 2550 1090 ἀλλά
2591 1038 2679 1092 καὶ
2733 1042 2830 1103 τῆς
2890 1044 2993 1094 τῶν
3035 1038 3185 1092 θείων
3228 1037 3316 1092 καὶ
3378 1038 3668 1106 ζωοποιῶν
3724 1051 3835 1103 μυ-

2170 1124 2396 1197 στηρῗωί
2474 1124 2828 1199 μεταλήψεως
2897 1123 3231 1199 μεταδιδόναι
3312 1136 3433 1184 τοῖς
3493 1120 3548 1185 ἐξ
3620 1120 3836 1175 οἷασοὺν

2169 1210 2368 1288 ἐνορίας
2440 1227 2676 1284 πιστοῖς,
2756 1214 3020 1292 ἒνέργημα
3076 1215 3222 1270 εἶναι
3279 1220 3438 1268 τοῦτο
3518 1207 3835 1283 κοινότερον

2167 1298 2560 1380 διεγνωκειμεν,
2648 1304 2736 1358 ἒπέ
2802 1324 2858 1359 τε
2926 1308 3032 1359 τῶν
3082 1302 3142 1359 ἐκ
3195 1306 3294 1368 τῆς
3350 1299 3552 1361 οἰκείας
3628 1295 3834 1373 ἐνορίας

2168 1389 2523 1467 ὡρμημένων,
2580 1390 2713 1446 ἀλλά
2759 1394 2847 1448 καὶ
2902 1393 2987 1449 ἐπὶ
3030 1396 3133 1448 τῶν
3190 1391 3241 1457 ἐξ
3284 1387 3604 1454 ἀλλοδαπῆς
3665 1385 3833 1464 ἔρχοι-

2172 1480 2367 1552 μένων.
2444 1482 2772 1559 Χειροθεσξας
2855 1479 2908 1538 δὲ
2994 1484 3259 1560 ἱερατικῆς
3326 1477 3530 1555 ἀξιοῦν,
3594 1476 3656 1532 οὔ
3708 1474 3835 1535 τοὺς

2170 1568 2537 1647 ἁπανταχόθεν
2578 1570 2924 1649 ἐρχομένους,
2970 1568 3088 1626 ἀλλ’
3144 1569 3180 1637 ἢ
3224 1568 3415 1643 μόνους
3461 1567 3591 1630 τοὺς
3625 1564 3689 1620 ἐκ
3728 1567 3831 1628 τῆς

2169 1658 2359 1718 οἰκείας
2418 1656 2620 1735 ἑνορίας
2689 1660 2763 1715 ἐνὶ
2818 1660 3025 1731 ἑκάστῳ
3084 1658 3328 1737 ἀρχιερεῖ
3397 1654 3779 1711 κείανόνισται
3812 1667 3827 1682 ’

2167 1747 2260 1801 ’ἕνα
2327 1747 2404 1821 μὴ
2471 1752 2533 1803 τὸ
2576 1746 2797 1805 ἄτακτον
2840 1749 3040 1810 τούτοις
3095 1752 3183 1803 καὶ
3237 1743 3531 1809 στασιῶδες
3593 1740 3831 1818 ἐμπολι-

2168 1835 2392 1903 τεύοιτο,
2428 1835 2479 1901 ἐξ
2521 1839 2595 1890 ὧν
2636 1838 2697 1892 τὸ
2747 1836 2993 1893 εὔτακτον
3035 1838 3122 1893 καὶ
3175 1838 3235 1892 τὸ
3292 1836 3391 1901 τῆς
3453 1834 3677 1912 εἰρήνης
3737 1852 3835 1886 κι-

2168 1923 2262 1980 λὶν
2303 1926 2391 1981 καὶ
2449 1938 2566 1986 τοῖς
2634 1922 2815 1991 ἄλλοις
2870 1924 3133 2006 ὀφείλεται
3202 1924 3602 1994 κανονῗζεσθαι.
3679 1918 3833 1977 Ἐπεὶ

430 2006 653 2069 habere
686 2026 752 2068 se
803 2007 1159 2080 invenimus,
1209 2028 1312 2069 eos
1353 2008 1620 2088 quidem,
1656 2008 1753 2088 qui
1789 2018 1923 2070 ante
1955 2010 2079 2070 fue-

2174 2013 2259 2069 οὖν
2290 2012 2429 2069 οὕτω
2472 2021 2634 2070 ταῦτα
2687 2016 3036 2085 ζητήσαντες,
3096 2013 3338 2091 εὕρομεν,
3370 2014 3431 2068 τὸ
3464 2010 3567 2086 μὲν
3613 2006 3829 2088 σχολὴν

430 2104 595 2173 runt,
659 2097 1091 2175 propemodum
1153 2097 1577 2168 condemnare,
1613 2107 1670 2158 et
1700 2099 2089 2160 sacerdotalia

430 2200 700 2247 munera.
761 2202 893 2263 qua;
915 2184 1041 2263 jam
1077 2183 1376 2253 obierunt,
1416 2185 1720 2245 infirmare
1754 2196 1811 2247 et
1836 2186 1923 2246 vel
1956 2204 2082 2261 eos,

429 2272 530 2351 qui
559 2272 936 2345 ordinarunt,
991 2272 1381 2353 segregationi
1435 2272 1760 2352 subjicere,
1819 2273 1909 2335 vel
1955 2293 2081 2347 eos,

428 2363 525 2439 qui
559 2360 813 2421 ordinati
870 2370 1029 2440 sunt,
1080 2361 1434 2422 sacerdotali
1496 2361 1721 2423 nudare
1770 2361 2077 2439 dignitate,

427 2447 640 2508 durum
669 2448 912 2509 omnino
936 2460 993 2511 et
1019 2450 1075 2510 in
1094 2450 1423 2509 humanum
1437 2448 1903 2509 existimavimus
1930 2469 1943 2512 :
1975 2453 2078 2512 sed

427 2553 529 2597 eos
559 2556 675 2597 non
706 2537 964 2618 amplius
1010 2537 1185 2607 ferre,
1217 2538 1317 2617 qui
1364 2540 1419 2597 in
1470 2548 1733 2598 nostrum
1757 2553 1780 2593 σι
1805 2540 2077 2618 przejudi-

424 2625 585 2686 cium
648 2636 764 2687 tam
824 2626 1055 2688 ratione
1088 2627 1283 2688 aliena
1341 2627 1631 2707 fecerunt,
1676 2636 1891 2707 etquae
1924 2630 2086 2705 prius

426 2713 665 2795 quidem
686 2714 837 2777 facta
866 2716 1294 2797 sunt,bumane
1317 2717 1717 2777 transmittere
1741 2736 1756 2792 ;
1779 2718 1835 2777 id
1857 2730 2077 2794 autem,

426 2803 584 2884 quod
616 2805 877 2865 futurum
911 2813 1021 2875 est,
1084 2805 1438 2883 corrigendo
1497 2814 1682 2864 tutum
1737 2806 1987 2867 reddere
2022 2817 2088 2870 ut

425 2891 583 2972 quod
608 2891 780 2954 nobis
802 2891 1067 2973 ipsisque
1088 2894 1373 2963 conferat,
1407 2892 1748 2954 censuimus
1777 2940 1788 2952 .
1840 2905 1898 2955 et
1920 2896 2087 2956 dein-

424 2999 565 3061 ceps
617 2985 931 3043 unanimes
987 2990 1005 3017 τ
1061 3001 1271 3043 omnes
1332 2984 1805 3062 pronuntiamus,
1845 3003 1919 3044 ne
1953 2986 2085 3064 quis

421 3069 707 3149 deinceps
758 3089 830 3133 ex
887 3070 1156 3132 ﬁnitimis
1201 3071 1417 3134 audeat
1454 3071 1834 3150 antistitibus,
1869 3093 1978 3135 nec
2010 3093 2078 3135 ex

422 3157 836 3232 ulterioribus,
894 3160 1018 3222 sive
1082 3179 1150 3222 ex
1212 3169 1411 3220 nostra
1441 3162 1579 3237 sint,
1631 3160 1751 3221 sive
1786 3181 1851 3222 ex
1886 3163 2080 3225 aliena

419 3247 916 3327 synodo,manum
949 3266 1154 3310 sacros
1187 3249 1429 3309 ordiues
1460 3249 2077 3330 conferentemimpo-

419 3322 564 3397 nere
593 3335 769 3397 alicui
819 3355 1052 3413 eorum,
1113 3337 1214 3417 qui
1273 3346 1410 3397 sunt
1461 3338 1636 3415 hujus
1661 3322 1998 3417 imperialis'
2021 3322 2136 3400 et“

419 3442 645 3503 magnae
667 3424 919 3487 civitatis
939 3425 1239 3498 dicm-esis,
1277 3446 1387 3487 nec
1406 3427 1526 3487 ullo
1554 3438 1913 3489 sacratorum
1948 3432 2076 3490 loco

420 3522 484 3576 et
510 3514 695 3592 gradu
725 3532 827 3576 eos
857 3514 1070 3594 dignos
1111 3514 1409 3595 judicare,
1437 3517 1540 3576 sed
1574 3518 1721 3577 sciat
1750 3518 2076 3597 unusquis—

418 3622 533 3683 que
550 3605 828 3684 suajura,
863 3616 922 3665 et
952 3604 1027 3666 iis
1069 3606 1160 3666 vel
1180 3605 1323 3665 Solis
1353 3605 1428 3666 sit
1459 3614 1796 3668 contentus.
1822 3605 2074 3682 Episco-

417 3692 571 3772 palia
600 3702 807 3753 autem
853 3693 1003 3771 iura,
1039 3712 1169 3773 quae
1219 3695 1289 3755 ad
1326 3695 1473 3755 alios
1501 3696 1821 3774 pertinent,
1858 3715 1931 3757 ne
1959 3697 2074 3757 im-

415 3782 711 3861 pudenter
769 3788 828 3842 et
883 3782 1129 3843 omnino
1179 3782 1568 3860 contemptim
1606 3782 1903 3847 invadant.
1942 3790 2072 3849 Mo-

411 3869 716 3949 nendique
745 3877 883 3930 sunt
912 3870 1011 3950 qui
1047 3890 1079 3931 a
1103 3871 1275 3932 nobis
1307 3871 1392 3932 sic
1418 3872 1706 3932 canonice
1726 3875 2069 3949 constituta,

412 3956 715 4020 inﬁrmare
753 3966 812 4019 et
862 3958 1164 4037 negligere
1209 3963 1334 4022 ausi
1369 3960 1610 4033 fuerint,
1644 3971 1696 4019 et
1729 3961 1829 4041 qui
1860 3964 1929 4023 ad
1973 3983 2075 4025 eos

411 4045 724 4119 accedunt,
789 4054 846 4107 et
901 4048 1238 4109 sacerdotio
1295 4049 1458 4127 digni
1517 4048 1701 4109 habiti
1740 4060 1919 4119 sunt;
1973 4071 2076 4114 eos

412 4132 652 4212 quidem
675 4134 775 4214 qui
802 4145 1013 4214 praeter
1028 4155 1289 4197 canones
1313 4137 1569 4197 ordinati
1588 4137 2069 4215 fuerint,nullum

411 4223 511 4283 hic
543 4242 766 4284 munus
816 4225 1181 4285 sacerdotale
1227 4226 1592 4287 exercituros
1632 4278 1635 4281 .
1698 4228 1798 4287 sed
1841 4228 1900 4289 in
1958 4230 2071 4290 illis

410 4312 754 4390 regionibus
804 4332 1017 4375 secure
1076 4333 1243 4375 sacra
1304 4315 1710 4376 celebraturos
1759 4316 1818 4376 in
1851 4318 2071 4398 quibus

410 4403 585 4461 etiam
615 4401 934 4463 sacerdotii
954 4404 1294 4464 unctionem
1319 4413 1680 4483 acceperunt
1708 4427 1718 4463 :
1749 4406 1847 4485 qui
1872 4417 2068 4469 autem

408 4488 858 4563 ordinaverunt,
922 4510 992 4553 ex
1024 4510 1398 4571 quacumque
1474 4494 1593 4553 sint
1650 4496 1895 4573 synodo,
1953 4516 2070 4557 non

409 4577 905 4641 celebrandarum
938 4600 1129 4642 sacro:
1151 4601 1246 4642 um
1280 4600 1467 4662 pmnze
1501 4581 1624 4641 t‘ure
1664 4583 1946 4662 deinceps
1962 4585 2069 4646 ob-

408 4667 710 4744 noxios,ut
725 4669 823 4750 qui
844 4690 951 4731 nec
979 4681 1109 4752 post
1130 4672 1379 4752 primam
1405 4673 1490 4732 vel
1527 4673 1847 4733 secundam
1867 4675 2069 4734 admo-

2163 4683 2331 4735 τευθεν
2376 4679 2581 4736 ἔσονται
2638 4682 2978 4756 ὑποκεῖμενοι
3016 4696 3028 4709 ·

406 4756 693 4820 nitionem
732 4760 999 4839 lprimam
1035 4770 1232 4822 autem
1266 4760 1541 4833 dacimus,
1579 4773 1709 4840 quae
1740 4780 1773 4822 a
1805 4762 2063 4823 sanctis-

406 4846 557 4908 simo
579 4858 782 4910 nostro
805 4851 1246 4930 praedecessore.
1261 4850 1683 4911 dominoan
1698 4851 2068 4928 synodaliter

405 4934 551 4998 facta
574 4946 685 5011 est,
718 4938 1256 5018 denuntiationem)
1282 4938 1354 5000 ab
1393 4959 1460 5000 ea
1480 4941 1712 5001 actione
1734 4940 2065 5002 cunonilius

402 5036 771 5105 repugnante
825 5028 1057 5107 sejungi
1138 5028 1436 5092 voluerint
1540 5028 1828 5100 Quocirca
1885 5029 2061 5091 etiam

405 5123 638 5176 cautum
693 5124 808 5187 est,
840 5122 996 5181 hanc
1061 5118 1272 5194 emitti,
1326 5128 1382 5180 et
1412 5118 1538 5180 dari
1571 5117 2058 5183 declarationem.

2169 2108 2275 2158 τῶν
2328 2102 2726 2181 προγεγονότων
2800 2105 3287 2182 καταψηφισασθαι,
3371 2102 3463 2157 καὶ
3550 2099 3827 2174 ἀκυρῶσαι

2169 2191 2261 2254 τὰς
2294 2188 2396 2258 ἤδη
2455 2192 2596 2272 σφίσι
2660 2191 3136 2271 προτετεὶεσμένας
3189 2191 3457 2269 ἱερατικὰς
3534 2186 3826 2264 ἐνεργείας,

2168 2281 2255 2335 καὶ
2298 2279 2410 2336 εἴτε
2475 2271 2754 2360 ἀφορισμῴ
2807 2282 2929 2343 τοὺς
2974 2280 3449 2360 χειροθειήσαντας
3514 2271 3828 2333 καθ-ἀποϐαι-

2167 2368 2305 2449 λε’ν,
2351 2367 2475 2436 ηἴτε
2518 2370 2638 2432 τοὺς
2694 2368 3160 2449 χειροτονηθέντας
3202 2373 3298 2444 τῇς
3355 2370 3638 2443 ἱερατικῆς
3683 2362 3829 2428 ἀξίας

2166 2458 2572 2536 ἀποψμνῶσαι,
2620 2456 2849 2535 σκληρόν
2899 2482 2946 2515 τι
2994 2460 3082 2514 καὶ
3133 2458 3334 2525 ἀπηνὲς
3392 2454 3536 2517 ὅλως
3583 2451 3828 2530 ἐλογισά-

2167 2550 2298 2621 μεθα
2332 2566 2345 2578 ·
2401 2548 2463 2603 τὸ
2492 2546 2665 2603 δὲκαὶ
2716 2546 2789 2603 ἔτι
2819 2545 2880 2595 9‘3
2933 2547 3254 2626 ἀνασχέσθαι
3310 2551 3416 2600 τῶν
3462 2544 3552 2600 ἐπὶ
3612 2542 3825 2621 κρίματι

2167 2636 2401 2714 σφετέρῳ
2467 2638 2532 2691 τὰ
2589 2644 2805 2693 τοιαῦτα
2881 2634 3309 2714 διαπραξαμένων
3367 2631 3677 2710 παράλογα,
3738 2631 3824 2684 καὶ

2165 2725 2231 2779 τὰ
2261 2726 2356 2798 μὲν
2406 2726 2803 2804 προτετυγμένα
2859 2724 3239 2803 φιλανθρώπως
3298 2719 3699 2801 παραδραμετν,
3763 2720 3821 2774 τὸ

2166 2811 2219 2867 δὲ
2278 2812 2472 2888 μέλλον
2528 2813 2985 2893 ἐπιδιορθωτικῶς,
3047 2811 3451 2891 ἀσφαλίσασθαι,
3516 2812 3611 2866 ἅτε
3671 2813 3823 2882 κοινῇ

2166 2903 2425 2982 συμφέρον
2468 2906 2555 2960 καὶ
2603 2906 2739 2977 ἡμῖν
2800 2906 2978 2965 αὒτοτς
3032 2902 3373 2979 ἐπεκρίναμεν
3409 2916 3422 2929 ⁸
3487 2900 3681 2956 λοιπὸν
3735 2898 3823 2953 καὶ

2166 2994 2580 3071 ὁμοφρονοῦντες
2667 2990 3065 3071 ἀποφαινόμεθα
3134 2990 3388 3068 ἅπαντες,
3475 2989 3676 3065 μηκέτι
3760 2987 3820 3040 τὸ

2164 3078 2267 3135 ἀπὸ
2300 3078 2443 3139 τοῦδε
2475 3080 2740 3156 τολμῆσαί
2768 3103 2882 3137 τινα
2937 3085 3042 3135 τῶν
3097 3077 3494 3158 πλησιοχώρων
3555 3076 3670 3133 εἴτε
3729 3083 3819 3137 καὶ

2161 3167 2504 3248 πορῤωτέρων
2561 3169 2872 3257 ἀρχιερέων,
2930 3175 3036 3223 τῶν
3117 3189 3173 3223 τε
3258 3166 3317 3222 ἐκ
3386 3167 3483 3233 τῆς
3546 3165 3813 3241 ἡμετέρας

2163 3256 2399 3330 συνόδου,
2452 3265 2557 3314 τῶν
2613 3253 2670 3313 τε
2726 3256 2776 3323 ἐξ
2847 3257 3046 3337 ἑτέρας,
3105 3269 3270 3336 χε⁴ρα
3319 3254 3638 3323 τελεστικὴν
3698 3253 3816 3309 ἐπι·

2159 3349 2328 3402 θεῖναι
2372 3346 2457 3402 ἐπί
2498 3368 2598 3402 τινι
2628 3353 2734 3403 τὼν
2760 3352 2858 3413 τῆς
2892 3348 2992 3402 υπὸ
3022 3346 3120 3413 τὴν
3178 3343 3417 3421 βασιλίδα
3469 3347 3672 3411 ταύτην
3731 3342 3816 3397 καὶ

2160 3434 2517 3512 μεγαλοπόλιν
2583 3435 2747 3492 ὄντων
2829 3434 3055 3513 ὲνορίας,
3116 3435 3203 3489 καὶ
3274 3430 3598 3503 οἱουδτςτινος
3661 3432 3816 3488 αύτὸν

2159 3524 2376 3589 ἀξιῶσαι
2434 3531 2539 3580 τῶν
2592 3524 2890 3603 ἱερωμένων
2952 3527 3115 3580 τόπου
3172 3526 3318 3580 τεκαὶ
3373 3524 3584 3599 βαθμοῦ
3619 3539 3632 3552 ·
3697 3518 3813 3577 ἀλλ’

2160 3611 2380 3670 ἕκαστον
2441 3614 2626 3670 εἰδέναι
2685 3615 2751 3669 τά
2813 3614 2995 3670 ἑαυτοῦ
3050 3611 3245 3684 δίκαια,
3303 3613 3390 3669 καὶ
3447 3614 3661 3676 τούτοις
3719 3610 3814 3688 ἀρ-

2160 3706 2367 3759 κεῖσθαι
2396 3704 2484 3759 καὶ
2515 3703 2696 3777 μόνοις
2730 3720 2745 3733 ⁶
2777 3710 2882 3759 τῶν
2935 3702 2982 3757 δ’
3027 3699 3206 3767 ἄλλοις
3262 3700 3578 3768 ἀνηκόντων
3622 3702 3813 3780 ἀρχιε-

2160 3798 2386 3870 ρατικῶν
2451 3790 2660 3848 δικαίων
2725 3793 2802 3866 μὴ
2874 3789 3311 3865 κατεπεμϐαἱνειν
3376 3789 3639 3861 ἀναιδῶς,
3727 3791 3812 3846 καὶ

2157 3882 2218 3936 τὸ
2275 3879 2399 3938 ὅλον
2467 3883 2953 3962 καταφρονητικῶς.
3034 3880 3231 3938 Εἱδέναι
3310 3878 3637 3959 ὀφειλόντων
3705 3885 3812 3935 τῶν

2156 3970 2408 4037 ἀθετῆσαι
2482 3969 2860 4045 τόλμησόντων
2940 3971 3003 4027 τὰ
3093 3969 3231 4026 οὕτω
3316 3972 3609 4031 κανονικῶς
3683 3966 3808 4043 παρ’

2156 4060 2311 4131 ἡμῶν
2364 4056 2770 4136 διατεταγμένα,
2851 4057 2988 4114 ἀλλά
3043 4058 3131 4113 καὶ
3185 4062 3290 4113 τῶν
3359 4056 3807 4138 προσερχομένων

2158 4148 2336 4209 αὐτοῖς
2395 4148 2480 4203 καὶ
2521 4148 2802 4227 ἱερωσύνης
2850 4146 3188 4221 ἀξιουμένων,
3237 4147 3309 4209 ὼς
3364 4148 3505 4202 οὗτοι
3552 4149 3675 4221 μὲν,
3734 4145 3806 4206 ὡς

2154 4238 2296 4314 παρά
2360 4237 2583 4299 κανόνας
2640 4237 3120 4316 χειροτονηθέντες,
3178 4233 3324 4290 ούδὲν
3366 4237 3631 4310 ἱερατικὸν
3689 4234 3805 4290 λει-

2153 4325 2430 4402 τούργημα
2495 4328 2713 4381 ενταῦθα
2784 4323 3224 4403 διενεργήπουσιν,
3286 4321 3406 4379 ἀλλ’
3477 4323 3532 4379 ἐν
3586 4324 3805 4385 ἐκείναις

2153 4428 2274 4473 ταῖς
2308 4413 2526 4493 ἐνορέαις
2560 4412 2723 4477 ἀδεως
2767 4415 3086 4492 ἱερέσονται,
3140 4413 3193 4468 έν
3239 4416 3326 4476 αῖς
3360 4414 3447 4469 καὶ
3489 4413 3550 4469 τὸ
3599 4415 3803 4492 χρίσμα

2153 4501 2247 4569 τῆς
2305 4502 2587 4580 ἱερωσύνης
2642 4500 2879 4567 ἐδέξαντο
2913 4522 2928 4538 ·
2989 4504 3033 4557 οἱ
3078 4499 3132 4556 δὲ
3179 4502 3681 4580 χειροτονήσαντες,
3753 4497 3803 4561 ἐξ

2155 4590 2275 4651 ο”ας
2321 4590 2382 4645 ἂν
2419 4592 2532 4647 εἷεν
2578 4590 2812 4663 συνόδου,
2872 4590 3305 4668 ἀλειτουργιζσιας
3351 4588 3607 4664 ἐπιτις·ίῳ
3636 4592 3803 4646 ἀπεν-

3079 4684 3150 4744 ὡς
3213 4677 3351 4754 μηδὲ
3395 4681 3530 4753 μετα
3587 4680 3803 4756 πρώτην

2151 4770 2185 4836 ἢ
2255 4770 2494 4847 νευτέραν
2551 4777 2853 4848 παραίνεσιν
2914 4768 3152 4849 (πρώτην
3204 4767 3257 4824 δέ
3316 4788 3488 4847 φαμεν
3548 4769 3648 4835 την
3720 4767 3804 4822 καὶ

2150 4858 2293 4936 παρά
2349 4866 2441 4914 τού
2497 4859 2597 4936 πρὸ
2655 4860 2810 4933 ἡμ-ὖν
2854 4858 3149 4936 ἀγιωτάτου
3203 4858 3380 4935 κυρίου
3439 4864 3614 4913 Λουκᾶ
3677 4879 3803 4913 συν-

2150 4945 2337 5009 οῗικῶς
2382 4946 2497 5024 περὶ
2551 4947 2739 5003 τούτου
2794 4946 3088 5024 γενομένην
3146 4945 3407 5025 ἔγγραφον
3450 4941 3799 5027 ἐπιφώνησιν)

2148 5036 2477 5114 ἀποσχέσθαι
2561 5034 2656 5102 τῆς
2738 5038 2986 5102 τοιαύτης
3074 5035 3415 5093 ἀκανονίστου
3483 5034 3799 5105 θελήσαντες

2147 5124 2408 5203 πράξεως.
2491 5125 2584 5180 Διὸ
2658 5127 2745 5182 καὶ
2813 5127 3108 5181 τετύπωται
3196 5122 3627 5203 παρεκϐληθῆναι
3714 5123 3802 5177 καὶ

1724 5285 1982 5351 VARUE
2026 5289 2467 5356 LECTIONES.

480 5387 530 5434 ’ί
563 5393 651 5449 καὶ
682 5391 885 5456 ἔπειτα.
919 5393 975 5437 ³9
1016 5394 1070 5452 δὲ
1114 5395 1329 5472 μηκέτι.

480 5502 515 5545 P
549 5498 775 5561 Deinde
801 5503 1105 5590 studiosus
1134 5503 1261 5590 haec
1291 5502 1688 5590 ἱζιφιίνεηρθε,
1720 5504 2102 5590 inuenimus:
2140 5508 2386 5570 tradere
2416 5529 2539 5571 mm
2572 5512 2840 5575 initiatis
2870 5511 3017 5590 ﬁdei
3041 5513 3414 5587 doctrinam,
3440 5519 3499 5573 et
3529 5508 3797 5590 catechej-

400 5579 497 5641 sin
520 5596 819 5672 exercere,
843 5585 1131 5672 atqaejtu
1164 5579 1531 5672 baptisinurn
1566 5582 1891 5672 impertiri,
1916 5603 1988 5647 ac
2016 5587 2257 5663 divina,
2293 5600 2319 5641 α
2349 5592 2689 5670 proprium.
2724 5602 2741 5627 τ
2768 5594 2832 5656 id
2864 5579 3006 5656 {iero
3035 5592 3278 5672 publica
3323 5579 3411 5655 ac.
3450 5593 3621 5655 nobis
3653 5587 3801 5670 ipsis

395 5660 1172 5740 profuturamcensuimus
1208 5660 1330 5725 :‘ac
1357 5664 1620 5741 proinde
1648 5660 1995 5729 unanimes.
