4130 6428
267 400 393 465 809

1621 403 2206 471 GRECO-ROMAN
2217 411 2321 471 UM

3560 413 3680 477 810

357 537 508 603 Τινὲς
565 545 671 595 τῶν
748 539 955 596 οἰκείων
1024 545 1287 617 γυναικῶν
1328 540 1780 618 ὑποχωρήσαντες
1851 534 1933 591 διὰ

2098 535 2345 609 Quidam
2379 558 2512 601 cum
2546 559 2650 620 per
2682 541 2883 602 odium
2915 551 3014 603 aut
3044 543 3214 604 aliam
3251 545 3579 625 quamlibet
3601 545 3676 605 ob

277 637 462 700 μῖσος,
510 626 545 689 ἢ
576 625 748 694 ἄλλην
792 628 977 685 ὁποίαν
1023 625 1086 698 δή
1132 650 1248 685 τινα
1294 628 1482 700 αἰτίαν,
1532 629 1619 684 καὶ
1676 626 1729 682 ἐν
1764 625 1931 682 ἀλλο-

274 714 390 790 τρίᾳ
459 712 749 794 διάγοντες,
834 716 1077 792 μένόυσιν
1158 715 1323 780 οὕτως
1386 720 1437 772 αἱ
1506 729 1754 795 γυναῖκες
1828 722 1931 771 τῶν

277 804 529 859 τοιούτων
573 804 659 861 ἐπὶ
701 804 857 861 πέντε
914 805 950 874 ἢ
992 808 1081 863 καὶ
1132 804 1369 863 πλείοσιν
1420 805 1559 862 ἔτεσι
1598 812 1704 861 τῶν
1734 802 1933 883 ἀνδρῶν

279 893 447 948 αὒτῶν
516 893 911 974 ἀνεπιστρόφων
969 894 1157 975 ὄντων,
1230 896 1318 950 καὶ
1393 892 1602 965 ἀδήλων
1673 901 1774 951 ποῦ
1835 894 1933 972 ἄρα

278 979 517 1061 διάγοιεν
554 999 568 1014 ’
654 987 698 1042 εἰ
779 982 863 1041 δεῖ
930 986 1099 1042 τοίνυν
1164 983 1406 1065 ἀνδράσιν
1485 985 1683 1065 ἑτέροις
1738 988 1934 1049 ταύτας

280 1072 645 1151 συζεύγνυσθαι
681 1093 697 1153 ;

357 1160 505 1226 Τινὲς
560 1163 666 1219 τῶδ
726 1163 1025 1243 ἱερωμένων
1074 1163 1129 1218 ἐν
1195 1170 1263 1240 τῇ
1321 1164 1532 1243 μεγάλῃ
1592 1173 1931 1243 Τεσσαρακο-

278 1256 400 1328 στῇ,
460 1253 918 1331 προηγιασμένους
975 1253 1142 1318 θείους
1228 1253 1413 1331 ἄρτους
1498 1253 1790 1332 κρύψαντες
1880 1254 1932 1308 ἐν

280 1339 629 1423 ἀρτοφορίοις,
702 1342 825 1399 εἶτα
892 1342 1131 1420 συνεργίᾳ
1180 1340 1424 1418 δαίμονος
1487 1343 1546 1399 ἐκ
1615 1350 1706 1400 του
1766 1350 1932 1409 σηκοῦ

278 1436 370 1485 τοῦ
412 1431 548 1487 θείου
606 1430 940 1499 συληθέντων
980 1432 1082 1487 ὑπὸ
1138 1433 1311 1512 μυῶν,
1381 1434 1469 1489 καὶ
1515 1434 1668 1497 κυνὸς
1727 1453 1936 1512 παραν-

280 1516 513 1584 οίξαντος
568 1521 667 1589 τὴν
723 1522 898 1601 θύρον,
953 1521 989 1589 ἢ
1053 1522 1141 1577 καὶ
1225 1521 1279 1578 ἐν
1346 1529 1422 1596 τῷ
1492 1524 1780 1601 ἱερουργεῖν
1850 1524 1938 1578 τὸν

279 1605 418 1686 ἱερέα
462 1611 548 1664 καὶ
599 1610 652 1665 ἐν
711 1616 780 1687 τῇ
820 1610 1050 1689 τραπέζῃ
1095 1610 1186 1676 τὰς
1256 1612 1421 1690 εὐχὰς
1464 1611 1933 1689 ὑπαναγινώσκειν,

279 1694 456 1753 λαθὼν
512 1706 610 1773 μῦς
660 1722 742 1763 τις
792 1700 927 1775 μετὰ
978 1700 1075 1767 τὴν
1131 1698 1491 1777 προσκομιδὴν
1544 1701 1822 1779 ἀφήρπασε
1879 1702 1940 1755 τὸ

279 1787 712 1865 ἱερουργούμενον
760 1792 904 1844 θεῖον
951 1794 1106 1865 σῶμα
1144 1808 1154 1820 ·
1203 1796 1317 1856 πῶς
1359 1790 1471 1870 χρὴ
1503 1792 1593 1853 εἷς
1619 1791 1684 1846 τὰ
1726 1797 1939 1847 τοιαῦτα
1964 1839 2003 1887 Β

280 1874 664 1957 ἐπιτιμηθῆναι
694 1878 817 1942 τοὺς
848 1881 1032 1957 ἱερεῖς.

368 1955 553 2044 ζἱερεῖς
582 1987 720 2029 τινες
773 1955 1143 2046 ἀφοριζόμενοι
1187 1971 1331 2047 παρὰ
1377 1976 1482 2027 τῶν
1539 1969 1745 2027 οἰκείων
1799 1970 1941 2048 ἆρχ-

281 2052 467 2133 ιερέων
495 2061 589 2111 τοῦ
631 2055 927 2135 ἀφορισμοῦ
956 2057 1337 2136 καταφρονῶσι
1375 2075 1387 2087 ·
1436 2059 1523 2115 καὶ
1568 2057 1944 2134 ἐπιτετιμημέ-

282 2165 393 2207 νοις
425 2141 570 2208 ὄντες
612 2142 947 2223 εἶσέαχονται
976 2146 1064 2201 καὶ
1093 2149 1434 2225 ἱερουργοῦσι.
1473 2149 1592 2210 Πῶς
1622 2145 1705 2204 δεῖ
1734 2149 1945 2209 τούτους

282 2231 605 2301 κολασθῆναι
640 2253 655 2314 ;

364 2324 556 2378 Λαϊκοὶ
586 2319 979 2401 διγαμήσαντες
1012 2326 1098 2380 καὶ
1130 2322 1636 2405 παιδοποιήσαντες,
1675 2322 1940 2401 ὑπερϐάν-

279 2433 369 2474 τες
400 2412 465 2467 τὰ
494 2413 881 2491 τεσσαράκοντα
935 2410 1032 2480 ἔτη
1094 2413 1483 2493 παρενοχλοῦσι
1531 2415 1618 2471 καὶ
1652 2417 1724 2479 εἰς
1768 2415 1939 2492 τρίτον

284 2503 461 2560 ἐλθεῖν
490 2503 836 2577 συνοικέσιον,
870 2503 1023 2560 ἕνεκα
1052 2508 1148 2572 τῆς
1196 2505 1493 2586 ἀνατροφῆς
1531 2511 1636 2561 τῶν
1667 2516 1941 2585 προϋπαρ-

282 2592 497 2672 χόντων
527 2590 724 2649 παίδων
758 2597 964 2667 αὐτοῖς,
1011 2596 1223 2650 καὶτοῦ
1267 2595 1343 2670 μὴ
1384 2593 1556 2674 χύδην
1599 2595 1939 2675 ἁμαρτάνειν,

285 2684 331 2738 εἰ
360 2679 687 2759 ἀνέγκλητον
718 2680 900 2744 αύτοτς
930 2684 1257 2761 τριγαμῆσαι
1285 2703 1300 2763 ;

371 2769 698 2845 Ἀντιμίνσια
742 2768 900 2846 ἴσμεν
949 2771 1227 2851 γενόμενα,
1278 2772 1410 2829 ἐπὰν
1467 2776 1494 2829 ὁ
1546 2773 1821 2853 ἀρχιερεὺς
1878 2770 1943 2827 δι’

2014 643 2249 690 causam
2300 647 2335 688 a
2391 632 2513 690 suis
2573 630 2854 691 uxoribus
2920 632 3363 710 discessissent,
3425 652 3679 715 peregre

2015 714 2320 794 degentes,
2359 738 2475 779 non
2506 727 2886 782 revertuntur
2920 743 2934 781 :
2987 734 3043 783 et
3074 742 3207 783 cum
3238 714 3538 785 incertum
3573 714 3675 799 Sit,

2014 805 2117 865 ubi
2148 815 2340 884 agant,
2378 828 2494 869 non
2526 817 2902 870 revertuntur
2938 833 2951 870 :
2988 819 3206 873 etcum
3238 814 3532 875 incertum
3577 815 3671 891 sit,

2014 912 2200 958 annos
2244 899 2329 958 vel
2386 898 2606 977 plures.
2644 897 2732 959 An
2766 918 2868 960 eas
2901 908 3173 980 Oporteat
3230 902 3361 964 aliis
3397 905 3680 984 conjungi

2016 984 2158 1045 viris
2184 985 2213 1044 ἱ)
2893 1018 2901 1025 ~

2096 1163 2343 1235 Quidam
2412 1164 2777 1227 sacriﬁculii
2818 1165 2878 1227 in
2940 1185 3151 1247 magna
3210 1167 3679 1248 Quadragesima

2017 1254 2535 1333 prmsanctiﬁcalos
2567 1254 2795 1315 divinos
2826 1274 3007 1334 panes
3058 1257 3119 1318 in
3151 1259 3409 1337 panariis
3457 1280 3678 1323 recon-

2015 1342 2246 1417 dentes,
2281 1343 2355 1404 iis
2388 1343 2608 1405 deinde
2641 1363 2823 1424 opera
2855 1345 3145 1407 daemonis
3178 1367 3246 1410 ex
3279 1358 3447 1429 septo
3480 1351 3679 1416 divino

2019 1430 2318 1511 subreptis
2348 1451 2381 1493 a
2409 1432 2703 1507 muribus,
2741 1440 2797 1495 et
2822 1452 2969 1495 cane
2996 1435 3221 1497 ostium
3251 1438 3679 1521 aperiente,vel

2022 1521 2202 1582 etiam
2254 1539 2388 1581 cum
2447 1522 2726 1583 sacerdos
2785 1523 3174 1601 sacriﬁcaret,
3209 1534 3267 1587 et
3317 1528 3387 1587 ad
3447 1548 3682 1593 mensas

2023 1610 2392 1691 precationes
2453 1611 2699 1692 legeret,
2754 1612 3117 1675 delitescens
3176 1635 3305 1676 mus
3348 1626 3477 1697 post
3507 1620 3678 1682 obla-

2023 1699 2270 1788 tionem,
2300 1708 2706 1762 consecratum
2762 1700 3027 1763 divinum
3089 1722 3303 1784 corpus
3346 1707 3677 1788 subripuit;

2024 1787 2208 1861 Quam
2244 1807 2554 1851 censuram
2587 1796 2896 1852 merentur
2926 1791 3268 1856 sacerdotes
3301 1793 3325 1854 Υ

2108 1966 2460 2030 Sacerdotes
2519 1967 2759 2049 quidam
2790 1987 2823 2030 a
2852 1970 2976 2030 suis
3038 1970 3402 2034 antistitibus
3435 1990 3678 2035 excom«

2029 2056 2312 2118 municati
2340 2055 3018 2119 excommunicationem
3048 2068 3458 2141 contemnunt;
3487 2069 3546 2124 et
3566 2063 3679 2125 sub

2031 2147 2221 2225 pmnis
2253 2166 2385 2208 cum
2420 2147 2558 2220 sint,
2590 2146 3003 2225 ingrediuntur
3034 2157 3090 2209 et
3123 2151 3474 2212 sacriﬁcant.
3514 2151 3676 2224 Quo-

2024 2254 2163 2297 nam
2199 2236 2372 2297 modo
2409 2236 2529 2296 sint
2560 2237 2616 2296 hi
2653 2236 3007 2315 plectendi?
3658 2314 3667 2319 t

2105 2325 2261 2385 Laici
2294 2345 2426 2385 cum
2461 2326 2752 2386 secundas
2785 2334 3205 2389 contraxerunt
3236 2330 3495 2413 nuptias,
3535 2330 3680 2394 libe-

2027 2413 2108 2475 ris
2138 2418 2462 2494 procreatis
2491 2427 2620 2494 post
2651 2415 3171 2494 quadragesimum
3207 2438 3453 2495 annum,
3484 2429 3682 2500 postu-

2027 2503 2241 2564 lantad
2276 2505 2475 2564 tertias
2509 2506 2845 2583 convolare,
2880 2506 2953 2565 ob
2976 2508 3497 2585 przeexsistentem
3526 2510 3679 2572 libe.

2027 2610 2229 2653 rorum
2287 2586 2721 2661 educationem,
2760 2601 2815 2654 et
2860 2614 2935 2655 ne
2969 2596 3184 2674 passim
3217 2602 3243 2642 κ
3275 2609 3546 2679 peccent.
3590 2601 3682 2663 An

2028 2684 2157 2742 sine
2186 2683 2653 2760 reprehensioue
2684 2683 2741 2742 id
2773 2682 3038 2746 faciant?

2109 2771 2520 2834 Antimensiai
2570 2771 2791 2833 scimus
2848 2772 3017 2851 facta,
3069 2781 3377 2855 postquam
3438 2779 3685 2842 antistes

288 2858 475 2915 ἑαυτοῦ
505 2859 763 2938 ἐνεργησῃ
790 2863 883 2917 τὸν
927 2860 1287 2940 ἐγκαινισμὸν,
1323 2864 1410 2919 καὶ
1439 2862 1498 2920 ἐκ
1525 2872 1617 2922 τοῦ
1645 2864 1828 2919 πανίου
1857 2870 1941 2919 τοῦ

2041 2877 2137 2948 per
2166 2878 2228 2919 se
2261 2869 2535 2939 operatus
2565 2860 2741 2922 fuerit
2799 2860 3261 2938 dedicationem,
3298 2874 3355 2927 et
3385 2886 3455 2929 ex
3490 2887 3683 2948 panno

286 2949 715 3027 ὕποστρωθέντος
761 2951 850 3006 καὶ
895 2948 1325 3029 περιειλήσαντος
1371 2953 1470 3020 τὴν
1528 2952 1812 3030 τράπεζαν,
1876 2953 1941 3014 εἷς

2041 2947 2326 3009 substrato
2385 2949 3007 3030 circumvolventeque
3061 2970 3349 3030 mensam,
3386 2954 3449 3016 in
3495 2947 3687 3018 ’frusta

287 3037 497 3117 βραχέα
539 3038 862 3113 τεμνομένου
892 3040 979 3094 καὶ
1008 3040 1359 3119 γραφομένοῢ,
1410 3052 1529 3103 τοῖς
1559 3043 1746 3127 ἱερεύσι
1775 3037 1941 3095 δίδοσ-

2041 3036 2290 3098 dissecto
2324 3048 2382 3099 et
2412 3039 2635 3119 scripto
2669 3054 2731 3111 ιιι,
2767 3039 3177 3101 sacerdotibus
3208 3042 3372 3107 dari:
3409 3064 3519 3108 nec
3542 3066 3685 3127 pos-

287 3129 398 3182 Oau'
432 3125 521 3182 λαὶ
549 3124 670 3186 ἄνευ
698 3127 900 3183 τούτων
932 3127 1009 3203 μὴ
1036 3118 1284 3184 δύνασθαι
1315 3130 1626 3210 ἱερουργεϊν’
1663 3118 1835 3186 ’Ἔνθα
1861 3128 1941 3186 οὖν

2041 3144 2098 3187 se
2127 3128 2254 3188 sine
2285 3128 2378 3189 his
2405 3118 2762 3190 sacriﬁcare.
2798 3127 2908 3191 Ubi
2942 3128 3119 3205 igitur
3148 3130 3361 3194 horum
3383 3152 3465 3195 εει
3489 3118 3689 3198 defec-

289 3214 402 3271 ἐστι
433 3214 632 3271 τούτων
673 3213 868 3289 ἔνδεια,
894 3237 944 3271 τι
975 3213 1058 3273 δεῖ
1086 3217 1389 3296 πραχθῆναι
1425 3236 1437 3251 ·
1472 3217 1564 3274 ἳνα
1613 3218 1691 3294 μὴ
1722 3217 1941 3294 μένωσιν

2041 3214 2418 3298 fectus,‘,quid
2443 3218 2889 3292 l‘.nciendum,ne
2919 3219 3050 3281 sine
3075 3236 3377 3283 sacrorum
3410 3224 3683 3287 celebra-

288 3307 337 3360 οἱ
379 3306 541 3383 ἱερεῖς
570 3302 690 3361 ἄνευ
720 3306 1024 3385 ἱερουργιῶν
1060 3328 1076 3380 ς

2041 3306 2195 3366 tione
2227 3306 2566 3369 sacerdotes
2594 3317 2871 3369 maneant
2895 3316 2921 3370 ’ἶ

375 3394 524 3456 Τινὲς
552 3395 718 3473 ἱερεῖς
761 3393 1125 3460 λανθανόντως
1173 3395 1434 3464 ἐποίησαν
1463 3403 1532 3474 τῇ
1574 3395 1782 3476 μεγάλῃ
1813 3406 1941 3454 Τεσ-

2116 3394 2370 3465 Quidam
2401 3398 2740 3459 sacerdotes
2772 3399 2831 3458 in
2859 3416 3067 3475 magna
3090 3398 3552 3480 Quadragesima
3575 3402 3686 3465 be—

291 3489 598 3563 σαρχκοστῇ
630 3481 934 3561 εὖλογήσεις
973 3500 985 3513 ·
1020 3486 1258 3548 ποταπὸς
1292 3485 1394 3565 ἄρα
1425 3489 1452 3543 ὃ
1481 3486 1653 3564 γαίμος
1685 3488 1832 3549 οὗτος
1862 3495 1941 3543 καῖ

2041 3485 2577 3547 nedictiones'clam
2604 3487 3109 3563 fecerunt:quales
3142 3488 3379 3551 tandem
3413 3504 3550 3552 sunt
3584 3512 3689 3556 nu-

294 3574 476 3638 ποίοις
520 3572 803 3647 ἐπιτιμίοις
861 3571 1160 3630 ἁλίσκονται
1214 3577 1260 3630 οἱ
1318 3574 1482 3638 οὕτως
1526 3574 1941 3654 ἱερολογήσαντεε

2041 3575 2196 3653 ptize,
2232 3581 2287 3633 et
2315 3574 2529 3653 quibus
2554 3583 2829 3636 tenentur
2856 3574 3043 3654 pmnis
3070 3576 3434 3653 sacerdotes,
3471 3579 3573 3659 qui
3603 3581 3690 3642 sic

293 3664 460 3741 ἱερεῖς
498 3677 513 3735 ;
1262 3729 1275 3740 ,
2041 3681 2241 3724 sacras
2275 3682 2480 3742 preces
2511 3673 2914 3743 conreperunt
2937 3664 2966 3721 ‘?

378 3752 515 3830 Πρὸς
548 3761 671 3829 γοῦν
700 3752 915 3814 ταύταις
958 3765 1081 3814 ταῖς
1136 3751 1391 3831 ἐρωτήσει
1421 3756 1454 3821 ἡ
1487 3753 1771 3831 μετριότης
1802 3754 1941 3827 ἡμῶπ

2119 3753 2205 3813 Ad
2239 3753 2341 3812 bas
2373 3753 2559 3833 igitur
2588 3752 3085 3829 interrogationes
3119 3754 3497 3816 mediocritas
3548 3776 3689 3818 nos-

294 3841 542 3904 τοιαύτας
585 3842 680 3904 τὰς
710 3840 887 3905 λύσεις
921 3841 1235 3918 ἐπήνεγκεν.

381 3933 438 3987 Οἱ
466 3930 571 3986 διπῦ
613 3936 717 3986 τῶν
767 3931 972 3986 οἰκείων
1029 3931 1478 4010 ὒποχωρήσαντες
1534 3937 1796 4009 γυναικῶν
1852 3929 1951 3986 ἄν·

296 4018 414 4098 δρες
457 4017 527 4073 δι’
599 4016 977 4088 ὁποιανδήτινα
1036 4020 1223 4094 αἰτίαν,
1297 4020 1382 4075 καὶ
1440 4019 1493 4074 ἐν
1546 4019 1792 4098 ἀλλοτρία
1847 4017 1956 4075 διά-

295 4131 482 4189 γοντες
565 4111 860 4191 ἀφορισμοῦ
945 4111 1075 4166 εἶσιν
1174 4110 1332 4185 ἄξιοι,
1422 4112 1464 4166 εἰ
1562 4110 1954 4189 ἀνεπιστρόφως

294 4199 512 4279 ἔχουσι,
570 4201 658 4256 καὶ
714 4200 846 4279 πρὸς
920 4200 1013 4263 τὰς
1073 4201 1267 4264 οἰκείας
1339 4214 1594 4278 γυναῖκας
1661 4200 1720 4256 οὒ
1777 4222 1960 4279 προαι-

296 4295 508 4367 ροῦνται
533 4286 691 4345 πάλιν
736 4290 990 4355 νοστῆσαι
1029 4308 1042 4321 ⁸
1104 4290 1147 4345 εἰ
1201 4287 1255 4345 δὲ
1309 4286 1495 4356 ἄδηλοι
1537 4290 1675 4369 εἶεν,
1706 4290 1793 4345 καὶ
1822 4311 1956 4368 προ-

296 4376 397 4445 έϐη
450 4379 539 4434 καὶ
588 4376 768 4457 ἔρευνα
836 4379 1036 4435 τούτων
1094 4377 1145 4444 ἐξ
1203 4377 1508 4445 ἀποστολῆς
1553 4384 1660 4435 τῶν
1701 4383 1958 4457 γυναικῶν

2042 3850 2130 3903 tra
2155 3842 2297 3902 tales
2328 3844 2653 3903 solutiones
2687 3842 2973 3922 protulit?

2116 3930 2224 4001 Qui
2246 3931 2318 3990 ob
2340 3932 2660 4010 quamlibet
2692 3950 2921 3992 causam
2949 3929 3020 3990 ab
3039 3929 3320 3991 uxoribus
3340 3932 3462 3995 suis
3483 3953 3688 3996 reces-

2038 4030 2264 4099 serunt,
2303 4029 2358 4081 et
2388 4021 2524 4081 alibi
2563 4022 2805 4100 degunt,
2842 4020 3516 4083 excomintmicationem
3560 4043 3687 4086 me-

2037 4118 2246 4171 rentur
2277 4109 2325 4170 si
2361 4120 2889 4190 perseverent,ncc
2920 4108 3099 4169 velint
3121 4110 3189 4167 ad
3216 4128 3427 4171 uxores
3450 4112 3689 4174 reverti.

2042 4198 2103 4261 Si
2136 4217 2272 4259 vero
2304 4200 2594 4261 incertum
2632 4200 2731 4260 ubi
2780 4199 2920 4279 sint,
2956 4207 3011 4258 et
3044 4198 3321 4258 mandato
3355 4219 3559 4262 earum
3594 4202 3688 4264 in—

2042 4287 2280 4369 quisitio
2306 4289 3171 4370 processerit,praeterieritque
3192 4288 3688 4369 quinquennium,

2044 4397 2114 4439 ex
2146 4396 2262 4458 quo
2296 4377 2405 4438 viri
2441 4377 2885 4459 disparuerunt,
2921 4378 2980 4437 in
3014 4376 3170 4437 bello
3202 4377 3354 4439 forte
3382 4383 3561 4458 capti,
3597 4389 3696 4441 aut

296 4467 496 4541 αὐτῶν,
565 4470 664 4523 καὶ
722 4468 1000 4523 πενταετία
1057 4465 1325 4545 παρῆλθεν
1382 4464 1556 4534 ἐξότου
1613 4467 1833 4546 ἀφανεῖς
1906 4470 1941 4522 οἳ

2041 4486 2151 4547 quo
2183 4466 2295 4528 alio
2325 4467 2503 4527 modo
2534 4469 2609 4528 de
2646 4469 2840 4529 medio
2889 4465 3106 4527 sublati
3144 4486 3156 4527 :
3205 4486 3423 4529 uxores
3480 4487 3690 4530 eorum

296 4554 479 4637 ἄνδρες
536 4557 736 4613 τούτων
778 4556 1043 4635 ἐγένοντο,
1106 4555 1442 4637 αἰχμάλωτοι
1501 4557 1665 4636 τυχὸν
1723 4557 1941 4635 γεγονό-

2041 4575 2140 4639 per
2196 4556 2383 4633 legem
2445 4575 2561 4617 non
2617 4557 3008 4637 prohibentur
3051 4554 3183 4615 aliis
3213 4557 3487 4636 conjungi
3533 4558 3691 4619 viris.

296 4666 408 4721 τες,
440 4646 476 4713 ἢ
509 4642 656 4719 ἄλλῳ
684 4646 785 4701 τινὶ
835 4644 1016 4723 τρόπῳ
1063 4644 1434 4723 ἀφανισθέντες
1468 4661 1482 4674 ⁹
1540 4651 1646 4701 τῶν
1700 4645 1941 4701 τοιούτων

2041 4645 2185 4709 Alia:
2234 4652 2453 4719 autem,
2508 4663 2759 4725 quarum
2805 4646 2999 4707 adhuc
3032 4642 3146 4704 viri
3182 4654 3518 4724 supersunt,
3557 4664 3695 4707 suos

299 4737 353 4791 αἱ
401 4747 652 4814 γυναῖκες
708 4732 994 4799 ἀκωλύτως
1044 4735 1181 4790 κατὰ
1249 4735 1340 4792 τὸν
1384 4733 1742 4815 ,ἐκχωροῦντα
1797 4734 1941 4810 νόμοι

2041 4734 2203 4799 viros
2232 4742 2518 4815 quaerant.

296 4824 496 4903 ἑτέροις
555 4826 865 4903 συναφθετεν
942 4821 1186 4902 ἀνδράσιν
1222 4839 1235 4853 ⁸

296 4934 477 4970 τωσαν
486 4959 500 4973 ο

382 5004 442 5060 Οἱ
516 5000 835 5066 πταίσαντες
920 5003 1078 5081 ἱερεῖς
1165 5004 1212 5057 οἱ
1299 5001 1418 5064 τοὺς
1499 4999 1941 5080 προηγιασμένου‹

2123 5001 2233 5074 Qui
2258 5000 2343 5061 sic
2374 4999 2760 5077 deliquerunt
2790 5002 3222 5079 sacerdotes,ut
3245 5001 3694 5083 prtesancliﬁca-

298 5089 486 5169 ἄρτους
544 5090 905 5157 πεποιηκότες
949 5091 1070 5154 ειοὺς
1128 5091 1229 5147 ὑπὸ
1299 5111 1466 5149 κυνων
1521 5094 1628 5145 τῶν
1697 5111 1941 5169 παρανοι-

2042 5095 2132 5151 tos
2165 5106 2409 5170 panes,a
2432 5107 2495 5149 se
2516 5089 2907 5163 factos,canes
2938 5093 3142 5172 templi
3174 5092 3387 5152 ostium
3417 5089 3694 5170 aperien-

299 5181 499 5248 ξάντων
570 5181 670 5247 τὴν
728 5186 819 5236 τοῦ
869 5188 994 5237 ναοῦ
1052 5178 1224 5247 πύλην
1269 5178 1671 5259 ἀφανισθέντας,
1731 5180 1828 5244 τῆς
1881 5180 1941 5233 ἱε-

2041 5186 2128 5240 tes
2158 5179 2233 5239 de
2265 5177 2461 5238 medio
2488 5179 2858 5253 sustulerint,
2894 5180 2965 5240 ad
2998 5189 3231 5261 tempus
3261 5180 3322 5239 in
3354 5178 3696 5257 cognitione

300 5270 545 5351 ρουργίας
587 5271 717 5348 πρὸς
759 5270 941 5349 καιρὸν
987 5270 1078 5325 τὸν
1121 5270 1264 5347 παρὰ
1321 5268 1419 5335 τὴν
1470 5265 1727 5347 διάκρισιν
1784 5268 1941 5343 κείμε·

2042 5266 2322 5330 antistitis
2355 5266 2633 5347 positum,
2662 5286 2696 5328 a
2730 5286 3032 5329 sacrorum
3068 5267 3411 5349 operatione
3439 5275 3695 5341 cessent,

301 5382 392 5416 νον
434 5360 529 5416 τοῦ
570 5361 740 5417 αὐτῶν
786 5357 1078 5439 ἀρχιερέως
1134 5358 1538 5434 παυσάσθωσαν,
1595 5357 1669 5419 ὼς
1714 5356 1792 5431 μὴ
1860 5358 1941 5424 τηε

2044 5357 2203 5437 quod
2227 5356 2548 5433 diligenter
2577 5375 2694 5417 non
2727 5357 3009 5418 caverint.
3046 5359 3166 5420 Alii
3194 5365 3414 5432 autem,
3453 5357 3554 5436 qui
3588 5374 3695 5437 pa-

299 5450 492 5517 ἱκανῆν
562 5449 916 5513 πεποιηκότες
973 5447 1284 5527 ἀσφάλειαν,
1334 5449 1393 5504 Οἱ
1448 5445 1493 5501 δ’
1539 5443 1693 5501 ἄλλοι
1752 5447 1798 5500 οἱ
1842 5447 1941 5502 τοὺ.

2046 5463 2155 5507 nes
2185 5446 2244 5507 in
2269 5444 2569 5507 oblatione
2616 5463 2725 5525 per
2767 5463 2966 5509 mures
3015 5446 3366 5521 amiserunt,
3413 5445 3701 5526 inculpati

1384 4814 1550 4843 ἐν
1758 4825 1783 4845 r
2033 4823 2120 4846 MN
2278 4823 2332 4858 ἰ,-⁵
2477 4825 2549 4855 ,ι
2817 4828 2829 4843 ς
2990 4830 3086 4857 κν
3258 4822 3343 4841 νινε
3649 4829 3657 4845 ι

1295 4827 1347 4880 αἱ
1417 4822 1445 4879 δ
1519 4821 1675 4880 αλλαι
1744 4845 1821 4878 ων
1898 4826 1945 4880 Οἱ
2027 4845 2205 4905 ανορες
2279 4848 2352 4880 ε.ι
2433 4846 2676 4904 περίεισι,
2754 4849 2873 4889 τους
2959 4844 3178 4885 οικειους
3251 4841 3441 4902 ανορας
3512 4833 3693 4895 ζηνει-

1639 5611 1893 5675 νΑΒΙλΕ
1943 5612 2371 5678 LECTIONES.

377 5737 799 5819 jsacerdotes.
887 5733 913 5773 κ
938 5739 1301 5819 promiscue.
1391 5733 1961 5810 ι8ιιίι1.ἀντιμίσιον,

755 5846 1013 5908 PATBOL.
1063 5843 1172 5909 Gn.
1220 5845 1426 5908 CXIX.

2048 5759 2086 5789 In
2113 5735 2301 5814 picto.

3133 5839 3208 5903 26
