4130 6458
435 446 546 515 811

1863 444 1997 518 JUS
2036 445 2481 520 CANONICUM

3713 444 3832 516 812

439 594 719 647 maneant
767 584 977 665 (multa
1013 585 1173 646 enim
1207 586 1505 665 ejusmodi
1551 604 1710 667 sape
1758 587 2076 666 accidunt),

2174 588 2358 668 ἄρτους
2389 592 2489 647 ὑπὸ
2542 598 2687 665 μυῶν
2730 592 2782 649 ἐν
2841 597 2910 669 τῇ
2966 588 3300 668 προσκομιδῇ
3356 586 3660 664 δλέσαντες,
3714 590 3832 647 ἀνε-

437 675 537 756 qui
584 674 759 737 etiam
814 673 988 735 aliam
1043 673 1404 736 oblationem
1440 693 1661 738 mensae
1686 696 1870 738 sacrae
1900 696 2087 758 appo-

435 774 580 828 nent
609 764 1026 846 oblationeque
1057 764 1207 826 facta
1235 764 1596 827 sacriﬁcium
1630 767 1964 847 perﬁcient.

510 941 1067 1017 Excommunicati,
1129 940 1229 1023 qui
1289 942 1652 1018 sacriﬁcant,
1714 943 2086 1024 depositione

433 1040 572 1095 sunt
604 1031 789 1110 digni,
816 1031 996 1112 idque
1024 1030 1086 1092 in
1119 1030 1384 1112 episcopi
1432 1029 1698 1111 ipsorum
1750 1031 2087 1112 cognitione

434 1123 688 1204 positum
723 1131 871 1185 esto.

509 1212 623 1286 Qui
652 1212 841 1274 tertiis
871 1211 1093 1292 nuptiis
1126 1209 1421 1290 implicari
1450 1210 1679 1287 vulunt,
1700 1221 1837 1292 post
1864 1230 2085 1273 annum

431 1303 618 1364 etatis
645 1300 1186 1383 quadragesimum,
1220 1308 1283 1361 ut
1314 1299 1703 1379 polygamiam
1739 1300 2089 1363 Christianis

433 1409 552 1453 non
601 1390 1053 1453 convenientem
1105 1396 1461 1472 quaerentes,
1497 1408 1562 1450 re
1604 1389 1819 1450 infecta
1881 1390 2084 1451 dimit-

434 1489 663 1543 tentur:
699 1480 855 1561 quod
872 1479 922 1541 si
948 1478 1125 1541 etiam
1155 1478 1270 1540 vim
1293 1477 1896 1548 inferant,censuram
1925 1479 2087 1541 subi—

433 1568 602 1634 bunL

512 1657 886 1722 Antimensia
933 1659 994 1718 in
1042 1655 1320 1719 omnibus
1370 1656 1590 1717 sanctis
1665 1657 1890 1718 mensis
1944 1657 2083 1736 poni

432 1767 679 1810 necesse
710 1766 825 1809 non
858 1754 969 1823 est,
1003 1746 1107 1809 sed
1140 1745 1199 1808 in
1231 1745 1328 1826 iis,
1385 1745 1459 1806 de
1515 1745 1735 1826 quibus
1787 1746 2079 1807 incertum

2171 681 2448 752 πιτίμητοι
2480 680 2907 757 διαμεινάτωσιν·
2927 680 3042 738 ἐπεὶ
3066 680 3299 737 πλεῖστα
3326 689 3543 739 τοιαῦτα
3571 678 3830 746 πολλάκις

2171 769 2400 846 γίνονται
2436 789 2450 804 ·
2485 772 2537 826 οἳ
2586 773 2672 828 καὶ
2717 770 2898 851 ἑτέραν
2928 770 3231 851 προσφορὰν
3260 772 3315 826 ἓν
3342 775 3409 846 τῇ
3438 769 3562 848 ἁγίᾳ
3591 768 3828 849 τραπέζῃ

2171 856 2458 924 εἶστάξουσι
2503 861 2591 917 καὶ
2645 859 3009 940 προσκομιδὴν
3053 861 3357 933 ποιήσωσι,
3391 861 3478 916 καὶ
3507 858 3604 926 τὴν
3631 862 3827 939 ἱερουρ-

2169 947 2287 1022 γίαν
2330 947 2721 1013 τελειώσουσιν,

2250 1039 2309 1093 Οἱ
2341 1037 2697 1118 ἀφωρισμένοι
2727 1040 2814 1097 καὶ
2857 1042 3266 1119 ἱερουργοῦντες,
3298 1037 3648 1117 καθαιρέσεώς
3692 1040 3823 1095 εἰσιν

2168 1122 2299 1189 ἄξιοι
2334 1141 2347 1154 ·
2410 1129 2498 1184 καὶ
2528 1130 2600 1192 εἷς
2644 1130 2743 1197 τὴν
2772 1135 2864 1186 τοῦ
2922 1129 3213 1187 ἐπισκόπω
3251 1130 3423 1187 αὐτῶν
3452 1134 3606 1184 τοῦτο
3632 1127 3823 1184 κείσθω

2169 1211 2447 1293 διάκρισιν,

2252 1308 2310 1361 Οἱ
2385 1308 2515 1386 τρισὶ
2601 1308 2797 1386 γάμοις
2853 1307 3235 1384 συμπλακῆναι
3320 1305 3630 1385 βουλόμενοι
3690 1306 3826 1382 μετὰ

2168 1402 2266 1459 την
2293 1401 2851 1478 τεσσαρακονταετίαν,
2884 1400 2957 1461 ὡς
3016 1395 3349 1475 πολυγὶιμίαν
3407 1409 3523 1459 τοῖς
3581 1402 3827 1475 XP‘ﬂu'

2170 1493 2284 1545 νοῗς
2372 1485 2466 1541 οὐκ
2548 1485 2844 1557 ἀνήκουσαν
2929 1493 3233 1561 ζητοῦντες,
3340 1485 3596 1565 ἄπρακτοι
3680 1485 3825 1542 ἀπο-

2165 1579 2566 1653 πεμφθήσονται
2602 1594 2615 1608 ·
2666 1577 2709 1632 εἰ
2751 1573 2805 1632 δὲ
2861 1578 2949 1633 καὶ
3002 1577 3119 1653 βίαν
3177 1576 3452 1655 ἐπάγουσι,
3502 1578 3587 1633 καὶ
3644 1575 3824 1633 ἐπιτι-

2168 1669 2499 1741 μηθήσονται
2514 1714 2526 1725 .

2246 1756 2322 1813 Τὰ
2352 1755 2651 1829 ἀντιμίνσια
2699 1758 2793 1813 οὒκ
2841 1756 2914 1819 εἷς
2970 1754 3146 1818 πάσας
3202 1754 3410 1833 ἀνάγκη
3466 1758 3680 1811 κεῖσθαι
3726 1755 3822 1817 τὰς

432 1844 793 1899 consecratae
822 1836 1177 1916 sint,necne
1218 1835 1365 1897 Nam
1395 1833 1749 1895 antimensin
1770 1852 2076 1896 consecra.

2171 1846 2319 1923 άγίας
2390 1843 2672 1923 τραπέζας,
2748 1841 2869 1900 ἀλλ’
2940 1846 3011 1906 εἰς
3069 1843 3131 1907 ἃς
3209 1847 3267 1902 οὗ
3338 1843 3604 1923 γνώριμόν
3674 1846 3820 1900 ἔστιν

434 1933 622 1988 tarum
654 1934 990 1987 sanctarum
1019 1942 1357 1986 mensarum
1388 1922 1586 1984 locum
1619 1922 1892 1985 obtinent
1920 1941 1934 1987 ε
1975 1942 2076 1986 nec

2171 1932 2279 1989 εἴτε
2325 1931 2708 2012 καθιερωμέναι
2766 1934 2918 2013 εἰσιν,
2976 1931 3088 1989 εἴτε
3144 1931 3203 1989 οὗ
3245 1934 3310 1989 τὰ
3368 1934 3468 2014 γὰρ
3521 1932 3821 2009 ἀντιμίνσια

428 2014 502 2079 iis
550 2033 698 2096 opus
746 2022 856 2090 est,
907 2013 1010 2075 ubi
1047 2031 1282 2076 mensas
1337 2021 1713 2074 consecratas
1761 2031 1891 2074 esse
1932 2032 2076 2075 con-

2171 2020 2566 2102 καθιερωμένων
2616 2022 2777 2099 ἁγίων
2825 2028 3096 2101 τραπεζῶν
3152 2022 3315 2079 τόπον
3368 2020 3671 2100 ἐπέχουσι·
3732 2022 3823 2077 καὶ

430 2113 564 2169 stat.
1452 2190 1465 2191 γ
2165 2111 2283 2168 ἔνθα
2312 2112 2408 2168 εἰσὶ
2450 2112 2706 2190 γνώριμοι
2752 2109 3131 2190 καθιερωμέναι
3190 2112 3467 2191 τράπεζαι,
3541 2114 3600 2171 οὗ
3663 2111 3820 2190 χρεία

510 2192 884 2268 Sacerdotes,
931 2191 1030 2272 qui
1080 2191 1139 2253 in
1197 2209 1406 2269 magna
1436 2190 1700 2253 Carrena
1727 2216 1756 2247 ιι
1786 2193 2076 2269 nuptiales

2171 2200 2500 2275 ἀντιμινσίων
2542 2201 2680 2258 ἐκεῖ.

430 2282 703 2346 fecerunt
760 2281 1231 2369 benedictiones,
1268 2280 1319 2369 si
1369 2297 1475 2360 per
1530 2279 1973 2369 simplicitatem
2020 2279 2076 2339 id

2244 2293 2304 2347 Οἱ
2367 2290 2723 2357 πεποιηκότες
2782 2292 2876 2354 τὰς
2961 2290 3193 2369 γαμικάς

428 2371 700 2453 fecerint,
732 2368 1019 2431 mediocri
1050 2367 1424 2430 correctione
1456 2377 1594 2429 sunt
1622 2367 1785 2447 digni
1814 2389 1829 2438 ;
1862 2367 1955 2428 sin
1978 2386 2076 2429 au~

2171 2385 2214 2435 ιν
2246 2385 2314 2455 τῇ
2344 2377 2555 2456 μεγάλῃ
2584 2367 3015 2457 Τεσσαρακοστῇ,
3076 2380 3120 2435 εἰ
3179 2379 3276 2454 μὲν
3321 2378 3374 2444 ἐξ
3403 2367 3648 2459 ἀφελείας
3692 2367 3813 2436 τοῦα

426 2471 546 2524 tem
581 2478 686 2540 per
717 2458 1001 2520 malitiam
1051 2465 1111 2518 et
1160 2457 1312 2517 clam
1366 2457 1800 2532 commiserint,
1852 2458 2076 2535 majore

2171 2489 2219 2523 το
2290 2470 2640 2542 πεποιήκασι,
2713 2469 2937 2547 μετρίων
2995 2467 3275 2543 ἐπιτιμίων
3333 2469 3458 2524 εἰσὶν
3510 2467 3644 2534 ἀξιοι
3682 2485 3695 2499 ⁸
3771 2469 3816 2524 εἰ

429 2567 625 2631 paena,
662 2567 795 2630 qua:
850 2545 1133 2636 antistitis
1178 2544 1406 2625 judicio
1465 2544 1848 2636 irrogabitﬁur.
1884 2545 1975 2608 Ab
2006 2546 2076 2607 iis

2171 2554 2205 2612 δ’
2264 2556 2324 2613 ἐκ
2383 2558 2724 2636 σκαιοτοπίας
2791 2559 2879 2613 καὶ
2965 2558 3156 2636 κρύφα,
3244 2556 3563 2634 μειζοτέρων
3635 2557 3814 2614 ἐπιτιτ

427 2630 622 2699 autem
656 2639 803 2700 facta
833 2633 1150 2704 connubia,
1205 2640 1267 2694 ut
1319 2651 1489 2694 sacra
1538 2635 1882 2715 precatione
1943 2652 2074 2694 mu-

2171 2648 2315 2712 λίων,
2368 2652 2469 2701 τῶν
2502 2630 2641 2725 παρᾶ
2670 2652 2737 2722 τῇ
2772 2643 3021 2725 διακρίσει
3075 2645 3334 2721 κειμένων
3377 2652 3467 2702 τοῦ
3520 2646 3812 2726 ἀρχιερέως

426 2726 551 2788 nita
576 2734 703 2788 rata
730 2726 1201 2803 inconcussaque
1250 2722 1594 2785 manebunt.
1630 2720 1850 2784 Habuit
1904 2722 2072 2798 illud,

2171 2737 2351 2795 1-375».
2401 2736 2476 2792 Τα
2506 2732 2559 2789 δὲ
2592 2732 2713 2813 παρ’
2760 2734 2930 2790 αεότῶν
2973 2734 3226 2813 γινόμενα
3279 2734 3598 2815 συνοικέει-ια,
3629 2737 3703 2799 ὡς
3732 2738 3812 2791 ἱε-

3280 2288 3572 2368 ἱερολογίας
3657 2293 3821 2368 ἱερεῒς

428 2833 634 2877 mense
688 2811 1136 2895 Juliohindict.
1195 2812 1254 2890 8,
1321 2818 1380 2872 et
1436 2812 1638 2875 viridis
1697 2830 1851 2874 cerae
1904 2811 2068 2891 sigil-

427 2903 573 2965 lum.

745 3084 815 3147 II.
856 3088 938 3147 De
968 3085 1369 3148 translatione
1391 3089 1825 3164 episwporum.

505 3192 707 3255 Mense
727 3192 907 3267 Iulio,
942 3191 1176 3253 decima
1206 3189 1305 3251 die
1332 3206 1378 3265 0,
1422 3199 1471 3259 ι,
1508 3190 1697 3252 indict
1752 3191 2073 3271 21),ρωὶ-

2154 2821 2400 2900 ρολογίαν
2427 2820 2703 2897 δεξάμενα,
2739 2825 2799 2879 τὸ
2832 2823 3050 2902 στέργον
3070 2822 3236 2888 ἕξουσι
3259 2825 3345 2903 καὶ
3366 2823 3809 2903 ἀπερικλόνητον,

2156 2912 2298 2991 Εἶχε
2328 2913 2411 2992 τὸ,
2444 2914 2573 2986 μηνὶ
2605 2911 2825 2986 Ἰουλίῳ,
2863 2902 3324 2989 ὲπινεμήσεωςη’,
3347 2914 3434 2970 καὶ
3466 2916 3565 2981 τὴν
3593 2913 3816 2992 κηρίνην

2154 3004 2412 3079 πρασίνην
2445 2999 2733 3081 σφραγῖδα.

2493 3098 2552 3153 Β,
2587 3091 2710 3168 Περὶ
2742 3091 3068 3165 μεταθέσεως
3098 3091 3424 3154 ἐπισκόπων,

2240 3188 2377 3254 Μηνὶ
2407 3186 2610 3261 Ἰουλίῳ
2641 3179 2702 3262 ι’,
2749 3188 2921 3267 ἡμέρᾳ
2978 3178 3054 3264 α’,
3127 3188 3490 3265 ἒπινεμήσεως
3534 3180 3614 3270 κ’,
3678 3213 3810 3270 προ-

423 3282 605 3344 dente
636 3263 1012 3343 sanctissimo
1046 3279 1285 3340 domino
1322 3263 1525 3340 nostro
1558 3263 1926 3341 mcumenico
1965 3300 2072 3361 pa-

2171 3276 2455 3352 ιαθημένου
2534 3283 2626 3334 τοῦ
2706 3279 3113 3355 παναγιωτάτου
3195 3281 3350 3355 ἡμῶν
3408 3276 3663 3336 δεσπότου
3720 3287 3813 3337 τοῦ

424 3371 702 3444 triarcha,
731 3370 974 3432 domino
999 3368 1291 3443 Manuele,
1322 3369 1381 3429 in
1405 3368 1794 3429 celeberrima
1817 3378 1875 3429 et
1896 3388 2076 3450 super

424 3459 639 3521 illustri
672 3459 895 3540 synodo
924 3458 1258 3537 imperialis
1286 3471 1312 3512 ι’
1343 3458 1665 3519 mansionis
1724 3477 1852 3539 quae
1874 3459 2070 3519 hono-

425 3557 552 3612 rata
582 3557 671 3610 est
697 3548 940 3609 nomine
984 3546 1375 3609 immaculata;
1406 3546 1512 3608 Dei
1545 3546 1743 3607 Matris
1768 3547 2071 3628 Gorgepe-

426 3638 543 3712 coi,
565 3636 928 3701 Saudrorum
960 3637 1391 3716 cognominata:
1418 3635 1816 3697 assidentibus
1850 3656 2072 3715 magna;

428 3726 721 3789 sanctitati
753 3731 880 3802 eius
917 3734 973 3787 et
1001 3725 1420 3786 sacratissimis
1450 3724 1833 3798 antistitibus,
1870 3726 2070 3788 Caesa-

423 3834 543 3879 reae
572 3814 976 3897 Cappadociae,
1015 3811 1397 3894 Metrophane
1431 3832 1444 3876 :
1482 3811 1755 3875 Sardium
1809 3823 1862 3875 et
1897 3815 2072 3875 totius

424 3904 617 3985 Lydia:
665 3903 951 3977 exarcho,
1004 3902 1346 3963 Andronico
1391 3921 1405 3964 :
1439 3901 1867 3980 Philadelphia:
1900 3911 1956 3965 et
1988 3904 2072 3964 lo-

423 4012 558 4056 cum
589 3992 939 4074 Syracusani
969 3990 1275 4052 obtinente
1305 3990 1499 4053 Phoca
1543 4012 1554 4048 :
1595 3991 2073 4053 Pontoheracleze

423 4093 482 4145 et
539 4080 1031 4161 Claudiopolitani
1091 4081 1285 4159 legato
1343 4078 1729 4160 Nicephoro:
1784 4078 2068 4160 Smyrnae,

425 4171 677 4250 Georgio
713 4193 726 4235 :
761 4169 1092 4252 Dyrrachii,
1156 4172 1423 4232 Romano
1471 4189 1484 4229 :
1536 4170 1901 4249 Methymnae,
1956 4170 2070 4232 Mi-

424 4260 630 4322 chaele
664 4278 677 4323 :
712 4259 1127 4322 assistentibus
1178 4266 1236 4319 et
1266 4257 1550 4337 piissimis
1591 4258 1908 4319 dominicis
1942 4278 2068 4321 ma-

424 4348 792 4430 gistratibus.

508 4606 673 4680 Quod
712 4607 771 4668 in
805 4604 1156 4686 corporibus
1185 4605 1421 4679 animm,
1455 4605 1511 4666 id
1548 4605 1607 4666 in
1634 4606 1886 4686 negotiis
1917 4613 2071 4667 tem-

424 4715 632 4778 porum
667 4695 1014 4757 occasiones
1045 4713 1059 4754 :
1096 4702 1151 4754 et
1193 4692 1290 4755 illa
1343 4694 1467 4755 haec
1522 4703 1785 4774 movent,
1819 4701 1877 4756 et
1904 4695 2078 4757 aliter

423 4786 724 4849 interdum
758 4791 1005 4858 mutant,
1063 4782 1469 4861 probabilibus
1520 4784 1716 4844 causis
1766 4785 2072 4847 cedentes.

425 4873 723 4947 Quorsum
755 4892 892 4935 vero
925 4873 1270 4952 temporalis
1293 4872 1407 4934 ista
1422 4872 1825 4953 transpositio,
1847 4892 2079 4935 rerum-

425 4982 539 5043 que
570 4963 814 5024 mutatio
847 4970 906 5023 et
936 4959 1751 5042 transitus?0ratio,tempore
1772 4960 2074 5042 exigente,

428 5052 534 5113 has
563 5052 971 5125 transferat,et
989 5050 1048 5110 in
1073 5049 1333 5128 apertius
1356 5048 1917 5112 immutetJoannes
1940 5071 2081 5132 pon-

429 5138 713 5202 tiﬁcatum
760 5139 1012 5219 adeptus
1062 5136 1422 5199 sanctissimi
1464 5138 1838 5218 episcOpatus
1886 5138 2076 5221 Ezeri,

427 5227 528 5308 qui
558 5235 649 5289 est
675 5226 784 5288 sub
810 5227 1041 5289 Larissa
1073 5228 1410 5307 metropoli,
1444 5225 1805 5305 longumque
1829 5245 2076 5309 perpes-

427 5333 529 5377 sus
560 5319 692 5387 iter,
724 5322 1117 5396 praeruptum,
1150 5325 1206 5375 et
1237 5314 1539 5396 equitibus
1570 5315 1835 5396 difﬁcile,
1869 5325 1925 5377 et
1977 5337 2071 5380 se-

430 5422 565 5473 nex,
601 5405 964 5467 mundanum
1019 5402 1225 5465 adiens
1286 5404 1648 5479 Luciferum,
1699 5405 1986 5485 optimum
2020 5416 2078 5469 et

2156 3367 2517 3439 οἰκουμενικοῠ
2559 3366 2894 3446 πατριάρχου
2962 3369 3138 3446 κυρίου
3197 3366 3447 3436 Μανουὴλ
3491 3368 3640 3433 ἐντὸς
3710 3374 3811 3436 τῆς

2155 3455 2486 3535 περιωνύμου
2549 3456 2636 3511 καὶ
2705 3455 3187 3536 πανυπερλάμπρου
3266 3456 3481 3514 συνόδου
3506 3456 3571 3507 ὅθ
3650 3458 3803 3535 βατι-

2154 3543 2309 3611 λικῆς
2359 3549 2553 3623 μονῆς,
2599 3549 2695 3612 τῆς
2770 3544 2854 3600 ἐπὶ
2910 3545 3130 3621 ὀνόματι
3189 3546 3285 3621 μὲν
3341 3547 3652 3623 τιμωμένης
3708 3554 3807 3614 τῆς

2152 3637 2510 3715 ὑπεραμώμου
2609 3639 2943 3718 Θεομήτορος
3034 3643 3131 3708 τῆς
3216 3641 3614 3720 Γοργεπηκόου,
3699 3647 3804 3697 τῶν

2156 3723 2398 3803 Σάνδρων
2464 3724 2518 3780 δὲ
2560 3723 2990 3802 ἐπικεκλημένης
3025 3746 3040 3762 ⁸
3087 3725 3520 3806 συνεδριαζόντων
3576 3735 3643 3807 τῇ
3700 3753 3804 3806 με·

2152 3811 2294 3889 γάλῃ
2368 3813 2633 3891 ἁγιωσύνῃ
2719 3818 2875 3873 αὒτοῦ
2956 3816 3044 3871 καὶ
3124 3816 3421 3895 ἱερωτάτων
3484 3816 3802 3897 ἀρχιερέων,

2154 3904 2245 3956 τοῦ
2319 3902 2653 3981 Καισαρείας,
2734 3902 3133 3979 Καππαδοκίας,
3212 3906 3590 3985 Μητροφάνους
3626 3923 3640 3936 ’
3716 3917 3812 3968 τοῦ

2155 3987 2395 4069 Σάρδεων
2454 3993 2542 4048 καὶ
2611 3991 2836 4072 ἐξάρχου
2886 3993 3064 4060 πάσης
3130 3991 3342 4068 Λυδίας,
3429 3993 3756 4073 Ἀνδρονίκου
3791 4014 3807 4028 ⁸

2153 4085 2243 4134 τοῦ
2285 4077 2660 4159 Φιλαδελφίας,
2723 4083 2810 4137 καὶ
2865 4082 2956 4137 τὸν
2998 4081 3163 4139 τόπον
3219 4081 3509 4162 ἐπέχοντος
3565 4083 3656 4141 τοῦ
3712 4092 3815 4143 Συ-

2152 4168 2438 4246 ρακούσης,
2483 4174 2648 4224 Φωκᾶ
2681 4185 2694 4198 ⁶
2760 4179 2853 4228 τοῦ
2914 4169 3391 4249 Ποντοηρακλείας,
3434 4174 3522 4229 καὶ
3575 4175 3667 4230 τὸν
3707 4175 3810 4231 τό-

2150 4277 2249 4311 πον
2322 4256 2614 4337 ἐπέχοντος
2698 4265 2789 4315 τοῦ
2873 4256 3362 4334 Κλαυδιουπόλεως,
3452 4264 3753 4342 Νικηφόρου
3790 4282 3808 4299 ⁶

2149 4354 2240 4403 τοῦ
2282 4348 2551 4426 Σμύρνης,
2600 4350 2859 4429 Γεωργίου
2892 4367 2905 4381 ⁸
2951 4360 3045 4411 τοῦ
3090 4349 3403 4433 Δυῤῥαχίου,
3480 4353 3751 4430 Ῥωμανοῠ
3784 4375 3797 4389 ⁸

2153 4438 2240 4492 καὶ
2269 4444 2359 4492 τοῦ
2391 4438 2707 4519 Μηθύμνης,
2744 4440 2969 4520 Μιχαήλ
3005 4458 3019 4472 ⁸
3069 4441 3469 4521 περισταμένων
3510 4444 3599 4501 καὶ
3627 4447 3807 4525 θεοφι-

2156 4524 2423 4616 λεστάτων
2466 4524 2789 4585 δεσποτικῶν
2832 4531 3133 4610 ἀρχόντων.

2258 4624 2297 4673 Ο
2329 4614 2384 4670 ἐν
2441 4616 2683 4693 σώμασιν
2726 4621 2777 4674 αἱ
2835 4622 3027 4699 ψυχαὶ,
3073 4619 3215 4678 τοῦτ’
3272 4620 3326 4679 ἐν
3396 4623 3701 4701 πράγμασιν
3760 4645 3810 4680 οι

2155 4704 2377 4783 καιροί·
2440 4707 2526 4761 καὶ
2573 4708 2801 4763 κινοῦσιν
2832 4710 2983 4782 αὐτὰ,
3036 4711 3124 4765 καὶ
3179 4708 3354 4773 ἄλλως
3399 4709 3589 4769 ἄλλοτε
3644 4718 3811 4769 ταῦτα

2158 4793 2529 4868 μετατιθὲασιν
2619 4795 2982 4872 εὖπροσώποις
3058 4798 3246 4863 αἰτίαις
3329 4800 3653 4867 ὑπείκοντες,
3722 4805 3809 4866 Εἷς

2161 4881 2285 4938 τίδὲ
2328 4884 2364 4952 ἡ
2393 4885 2608 4963 καιρικὴ
2658 4883 2791 4952 αὕτη
2837 4887 3137 4961 μετάθεσις,
3195 4890 3282 4945 καὶ
3329 4888 3365 4956 ἢ
3422 4895 3526 4946 τῶν
3556 4892 3810 4969 πραγμά-

2160 4994 2265 5061 των
2297 4971 2562 5051 ἐναλλαγὴ
2611 4976 2698 5031 καὶ
2756 4974 3085 5058 μετάϐασις;
3140 4969 3199 5037 Ὀ
3253 4976 3436 5059 λόγος,
3480 4987 3661 5061 καιροῦ
3703 5003 3810 5038 κα-

2161 5059 2397 5140 λοῦντος,
2488 5063 2840 5147 μετατιθέσθω
2921 5066 3137 5147 ταύτας,
3230 5068 3319 5123 καὶ
3417 5059 3812 5126 ἐναλλαττέσθω

2163 5149 2291 5227 πρὸς
2321 5151 2383 5205 τὸ
2412 5150 2766 5235 σαφέστερον.
2820 5143 2877 5211 Ὀ
2918 5160 3015 5222 τῆς
3072 5143 3173 5212 ὑπὸ
3231 5158 3331 5223 τὴν
3374 5162 3473 5224 τῆς
3542 5159 3808 5235 Λαρίσσης

2163 5234 2492 5314 μητρόπολιν
2548 5239 2850 5317 ἁγιωτάτης
2923 5240 3219 5311 ἐπισκοπῆς
3280 5242 3489 5325 Ἐζεροῦ
3546 5234 3808 5327 ἀρχιερα-

2159 5329 2318 5388 τικῶς
2377 5327 2766 5405 προϊστάμενος
2821 5327 3099 5407 Ἰωάννης,
3173 5333 3378 5413 μακράν
3461 5331 3511 5391 τ’
3579 5334 3809 5400 ἀνατλὰς

2160 5410 2455 5493 ὁδοιπορίαν
2531 5413 2759 5494 ἔγκοπόν
2840 5440 2895 5475 τε
2950 5421 3038 5476 καὶ
3092 5418 3368 5501 δύσιππον,
3427 5425 3513 5480 καὶ
3585 5421 3813 5504 πρέσϐυς

1776 5572 2029 5639 VARUE
2074 5576 2501 5644 LECTIONES.

506 5693 561 5737 3°
591 5693 893 5772 σεϐασμίαι.

509 5812 537 5842 ιι
567 5801 1061 5881 quadragesima.
1106 5810 1131 5841 ο
1158 5804 1385 5863 mensis
1412 5802 1569 5864 Julii
1596 5805 1701 5866 die
1730 5819 1790 5883 x,
1825 5804 1982 5881 feria
2007 5805 2235 5884 prima.
2279 5814 2306 5857 ι’
2335 5807 2392 5869 ei
2420 5806 2912 5887 splendidissima
2933 5813 3270 5877 venerabili
3286 5818 3597 5880 mamione
3617 5816 3816 5895 regia.
