4130 6422
484 400 602 462 815

1868 397 1901 458 J
1908 396 2000 458 US
2040 392 2489 459 CANONICUM

3752 391 3868 455 816

482 533 850 595 adversetur.
876 532 1172 595 Canonica
1187 533 1344 593 enim
1363 530 1703 595 observatio
1717 529 2134 593 novitdiversis

2221 528 2380 595 οὔσης
2434 530 2521 585 καὶ
2565 529 2705 608 παρὰ
2760 534 2828 606 τῇ
2885 530 3039 604 ἡμῶν
3098 528 3401 607 μετριότητι
3471 528 3557 584 καὶ
3624 532 3693 604 τῇ
3749 529 3863 607 ἱερᾷ

487 622 855 701 temporibus
887 620 1304 683 translationes
1334 620 2131 701 antistitum,episcoporum,

485 719 541 772 et
574 711 1166 791 metropolitanorum
1202 710 1534 791 factas,non
1566 711 1626 771 in
1650 709 1908 790 mquales
1937 708 2133 777 sedes,

482 802 585 861 sed
621 811 679 861 et
710 802 769 861 in
831 800 1214 861 sublimiores
1270 807 1329 861 et
1388 800 1866 880 excellentiores,
1901 804 2141 878 propter

480 890 859 951 rationalium
910 889 1196 950 Ecclesiae
1249 887 1465 951 Christi
1521 890 1716 950 ovium
1748 886 2136 950 refocillatio-

481 1000 642 1053 nem,
683 989 741 1040 et
775 979 1310 1039 ecclesiasticarum
1365 997 1565 1040 rerum
1617 977 2132 1058 gubernationem.

480 1068 616 1129 Haec
650 1088 682 1127 e
715 1067 921 1129 diariis
953 1067 1249 1146 synodicis
1276 1068 1761 1129 annotationibus
1803 1068 2046 1141 emissa,
2080 1072 2137 1127 et

481 1158 921 1237 subscriptione
937 1159 1225 1236 signoque
1240 1156 1600 1218 sanctissimi
1630 1157 1857 1219 domini
1878 1156 2068 1218 nostri
2081 1165 2139 1217 et

483 1247 836 1308 mcumenici
869 1246 1240 1325 patriarchae,
1278 1245 1508 1307 domini
1554 1245 1863 1327 Manuelis,
1918 1245 2133 1308 conﬁr-

482 1345 638 1396 mata
670 1357 682 1395 :
721 1337 854 1396 data
884 1343 1019 1397 Sunt
1054 1353 1255 1397 mense
1309 1342 1367 1396 et
1412 1335 1742 1396 indictione
1786 1335 2136 1413 subscriptis

482 1425 625 1485 anni
659 1425 841 1488 6758.
875 1422 1221 1485 Habuerunt
1247 1425 1383 1497 hoc,
1418 1442 1622 1485 mense
1651 1423 1833 1496 Julio,
1861 1423 2136 1485 indictio-

484 1532 559 1574 ne
590 1515 647 1583 8,
686 1532 790 1593 per
839 1512 1289 1593 patriarchalem
1337 1512 1716 1594 divinamque
1764 1532 2034 1588 manum,
2077 1522 2135 1575 et

483 1602 713 1663 solitam
750 1602 1085 1682 plumbeam
1120 1602 1365 1663 bullam.

2220 619 2382 684 αὐτῆς
2439 615 2780 698 ἀδελφότητι.
2826 616 2982 675 Ὅθεν
3031 618 3119 674 καὶ
3175 614 3333 684 δεκτὴ
3389 615 3758 694 λογισθήσεται
3828 617 3864 683 ἡ

2221 708 2517 783 μετάθεσις,
2580 703 2664 762 διὰ
2714 706 2815 773 τὴν
2878 706 3164 784 εἰρημένην
3220 707 3408 785 αἰτίαν,
3479 705 3568 761 καὶ
3635 704 3736 770 ἕξει
3805 705 3866 760 τὸ

2220 794 2458 874 στέργον,
2518 795 2607 851 καὶ
2674 794 2886 874 ἐτεργὸν
2939 798 3010 860 ὡς
3080 792 3246 870 μηδὲν
3302 796 3363 850 τὸ
3448 795 3867 872 προσιστάμενον

2220 884 2547 961 κεκτημένη.
2638 882 2888 959 Ἐπείπερ
2958 882 3104 942 οἶδεν
3154 885 3189 952 ἡ
3262 883 3541 962 ἐγκάνονος
3619 884 3866 962 παρατή-

2219 1000 2370 1056 ρησις
2414 977 2549 1032 κατά
2609 973 2888 1055 διαφόρους
2938 977 3152 1056 καιροὺς
3209 978 3509 1051 μεταθὲσεις
3580 974 3867 1054 γενομένας

2219 1064 2535 1145 ἀρχιερέων,
2608 1063 2912 1122 ἐπισκόπων
2967 1067 3054 1122 καὶ
3125 1062 3553 1144 μητροπολιτῶν,
3630 1064 3724 1120 οὐκ
3798 1065 3869 1128 εἷς

2218 1156 2541 1221 ἱσοστασίους
2597 1155 2829 1234 θρόνους,
2876 1155 3012 1213 ἀλλά
3067 1178 3127 1234 γε
3185 1153 3249 1223 δὴ
3306 1157 3393 1212 καὶ
3450 1157 3521 1218 εἷς
3593 1154 3866 1230 ὑψηλοτέ-

2220 1267 2336 1326 ρους
2379 1246 2466 1301 καὶ
2494 1244 2875 1324 ὑπερέχοντας,
2935 1243 3019 1300 διὰ
3086 1246 3435 1324 ιιαταρτισμὸν
3476 1250 3582 1300 τῶν
3636 1243 3868 1322 λογικῶν

2218 1335 2531 1415 θρεμμάτων
2604 1340 2700 1401 τῆς
2774 1332 3092 1401 Ἐκκλησὲας
3168 1341 3415 1413 Χριστοῦ,
3501 1335 3589 1390 καὶ
3667 1332 3869 1399 ἐκκλη-

2218 1428 2504 1481 σιαστικῶν
2558 1424 2883 1503 πραγμάτων
2940 1420 3275 1497 κυϐέρνησιν.
3336 1430 3510 1481 Ταῦτα
3566 1419 3869 1501 παρεκϐλη-

2214 1515 2367 1572 θέντα
2425 1514 2530 1569 ἀπὸ
2599 1519 2706 1568 τῶν
2766 1513 3071 1592 ἡμερησίων
3129 1510 3410 1569 συνοδικῶν
3478 1511 3869 1591 παρασημειώ-

2215 1625 2372 1679 σείειν,
2419 1604 2506 1659 καὶ
2561 1624 2630 1678 τῃ
2674 1603 2955 1681 ὑπογραφῇ
3011 1602 3098 1658 καὶ
3154 1598 3403 1681 σφραγῖδι
3453 1608 3544 1658 τοῦ
3599 1622 3866 1678 παναγιω-

480 1694 637 1749 citos
668 1695 818 1767 ἡμων
843 1692 1095 1749 δεσπότου
1148 1695 1234 1749 καὶ
1286 1694 1648 1767 οἷκουμενικοῦ
1706 1694 2039 1773 πατριάρχου
2098 1695 2271 1772 κυρίου
2331 1690 2580 1759 Μανουὴλ
2622 1688 2996 1771 βεϐαιωθέντα,
3030 1689 3251 1758 ἐπεδόθη
3284 1692 3412 1767 μηνὶ
3442 1692 3529 1747 καὶ
3560 1692 3870 1766 ἒπινεμήσει

479 1794 597 1843 τοῖς
628 1781 1142 1861 προγεγραμμένοις,
1184 1781 1332 1845 ἔτους
1382 1782 1444 1855 ς’
1447 1781 1597 1857 dav-'1'.
1632 1782 1776 1862 Εἶχε
1818 1784 1901 1858 τὸ,
1938 1784 2065 1858 μηνὶ
2098 1780 2301 1855 Ἰουλίῳ
2330 1781 2695 1857 ἐπινεμήσεως
2741 1778 2827 1860 η’,
2887 1777 2972 1835 διὰ
3021 1784 3120 1847 τῆς
3165 1785 3558 1860 πατριαρχικῆς
3588 1780 3676 1835 καὶ
3729 1781 3869 1842 θείας

481 1872 687 1949 χειρὸς,
718 1872 804 1927 καὶ
832 1872 932 1938 τὴν
964 1873 1161 1940 συνήθη
1194 1867 1499 1945 μολιϐδίνην
1530 1869 1779 1947 βοῦλλαν,

924 1976 1027 2039 IIl.
1060 1976 1151 2038 De
1175 1979 1311 2055 iure
1335 1984 1719 2056 patronatus.
2161 1988 2198 2037 B

559 2083 946 2144 Moderationi
974 2090 1191 2145 nostrae
1216 2099 1238 2129 ι
1266 2083 1515 2145 relatum
1545 2092 1635 2146 est
1654 2103 1687 2145 a
1717 2084 1981 2165 piissimo
2004 2084 2134 2164 epi-

2302 2084 2605 2164 Ἀνηνέχθη
2635 2084 2890 2161 τῇξὴμῶν
2947 2083 3251 2161 μετριότητι
3310 2083 3454 2161 παρά
3496 2090 3587 2138 τοῦ
3642 2082 3743 2138 ὑπὸ
3773 2080 3871 2149 τὴν

481 2190 660 2250 scopo
693 2172 1006 2233 Dominico
1037 2171 1361 2248 Demetrio,
1395 2172 1498 2253 qui
1529 2173 1639 2234 sub
1659 2173 1970 2254 provincia
2000 2192 2131 2234 me-

2217 2175 2478 2254 ἐπαρχίαν
2536 2176 2635 2240 τῆς
2692 2170 3074 2252 μητροπόλεως
3146 2174 3410 2252 Λαρίσσης
3468 2170 3871 2252 θεοφιλεστάτου

484 2262 820 2341 tropolitani
854 2264 1252 2334 Larisszei,eos
1278 2261 1380 2343 qui
1415 2262 1516 2341 jus
1559 2262 1923 2325 tundationis
1954 2281 2130 2324 revo-

2217 2262 2507 2319 ἐπισκόπου
2562 2263 2842 2337 Δομινίκου
2889 2261 3216 2339 Δημητρίου,
3280 2262 3353 2324 ὡς
3424 2261 3786 2339 οἷκτητορικὸν
3818 2256 3872 2301 ³9

481 2361 617 2412 cant
638 2366 662 2395 ει
694 2352 749 2411 in
786 2352 1168 2426 monasterio,
1198 2351 1354 2432 quod
1386 2351 1455 2412 ab
1490 2351 1657 2413 initio
1690 2352 1801 2413 sub
1821 2353 1952 2432 ejus
1976 2352 2130 2433 epis-

2216 2349 2408 2408 δίκαιον
2495 2349 2913 2425 ἀνακαλούμενοι
2972 2349 3026 2404 ὲν
3095 2351 3172 2423 τῷ
3231 2351 3333 2405 ὑπὸ
3405 2359 3502 2416 τὴν
3573 2348 3867 2418 ἐπισκοπὴν

482 2460 629 2520 cope
660 2441 791 2520 fuit,
828 2443 1025 2519 magni
1055 2442 1212 2503 inter
1240 2450 1475 2503 sanctos
1507 2442 1779 2523 martyris
1814 2442 2127 2523 Demetrii,

2216 2441 2371 2497 αύτοῦ
2442 2438 2674 2498 τελοῦντι
2723 2439 2968 2496 ἀνέκαθεν
3030 2439 3368 2516 μοναστηρίῳ
3438 2446 3529 2495 τοὺ
3600 2438 3654 2494 ἐν
3698 2440 3868 2517 ἁγίοις

480 2529 801 2591 Procovico
852 2529 1265 2608 indigenarum
1320 2530 1521 2609 tingua
1550 2531 1989 2607 cognominato,
2024 2551 2129 2593 cu-

2216 2527 2680 2607 μεγαλομάρτυρος
2718 2528 3044 2606 Δημητρίου,
3104 2533 3180 2601 τῷ
3238 2524 3545 2606 Προκοϐίκοι)
3586 2526 3868 2607 ἐγχωρίως

483 2619 711 2698 pientes
743 2619 980 2698 quidem
1016 2619 1357 2697 hujusmodi
1388 2620 1815 2682 monasterium
1849 2621 1910 2682 in
1960 2639 2128 2683 suam

2216 2617 2656 2694 ἐπονομαζομένῳ
2684 2636 2696 2649 ⁶
2770 2616 3074 2695 ὀρεγόμενοι
3130 2616 3226 2678 μὲν
3296 2613 3711 2686 κατεξουσιάζειν
3783 2616 3871 2671 τέ·

2490 1999 2513 2033 ιι
2550 1965 2629 2035 Γ’.
2683 1976 2802 2054 Περὶ
2830 1977 3193 2055 οίκτητορικοῦ
3221 1972 3269 2016 ³¹
3317 1973 3532 2034 δικαίου.
3575 1998 3602 2029 ι

485 2716 833 2788 potestatem
866 2707 1161 2786 redigere,
1192 2717 1252 2770 et
1297 2710 1659 2770 consecratis
1714 2709 1801 2772 eis
1860 2709 2039 2772 rebus
2069 2719 2134 2771 ut

2216 2706 2334 2763 λεον
2389 2710 2486 2775 τῆς
2543 2707 2789 2773 τοιαύτης
2860 2710 3052 2781 μονῆς,
3126 2706 3213 2761 καὶ
3278 2719 3395 2767 τοῖς
3481 2705 3864 2786 ἀφιερωμένοις

482 2795 739 2876 prepriis
772 2797 986 2865 uti,sed
1018 2814 1124 2876 per
1155 2796 1498 2876 praedictum
1526 2797 1869 2879 episcopum
1899 2819 1995 2875 eo,
2029 2799 2128 2880 qui

2216 2801 2346 2872 αὖτῇ
2402 2796 2705 2875 πράγμασιν
2760 2797 2832 2858 ὡς
2892 2797 3099 2857 οἰκείοις
3157 2795 3416 2873 χρῆσθαι,
3476 2801 3573 2863 τῆς
3604 2794 3658 2851 δὲ
3688 2818 3869 2874 παρα-

482 2892 696 2963 praeter
744 2884 1035 2945 rationem
1095 2894 1243 2966 erat,
1293 2885 1519 2965 impetu
1562 2886 1862 2964 inhibitos,
1906 2895 1965 2950 et
2013 2906 2130 2949 non

2216 2884 2371 2964 λόγου
2427 2885 2625 2950 ταύτης
2683 2885 2853 2963 ὁρμῆς
2915 2885 3057 2961 παρά
3126 2891 3219 2940 σοῦ
3269 2884 3516 2961 ῥηθέντος
3575 2886 3870 2943 ἐπισκόπου

482 2972 620 3034 data
664 2973 938 3034 facultate
977 2974 1314 3053 hujusmodi
1347 2975 1669 3038 absurdum
1723 2976 2126 3057 perpetrandi,

2216 2974 2662 3049 ἀνακαπτόμενοι,
2734 2976 2822 3030 καὶ
2876 2974 2955 3049 μὴ
3032 2973 3428 3053 ἐγχωρούμενοι
3499 2977 3560 3030 τὸ
3627 2981 3869 3032 τοιοῦτον

478 3063 547 3122 ad
586 3063 868 3123 ultionem
895 3063 1024 3142 ejus
1046 3063 1938 3147 videlicetexcitatos,templum
1971 3065 2129 3127 aliud

2216 3060 2413 3120 ἄτοπον
2482 3060 2906 3141 διαπράττεσθαι,
2960 3064 3032 3125 εἰς
3085 3059 3287 3137 ἄμυναν
3344 3062 3529 3122 τούτου
3576 3061 3727 3131 δῆθεν
3784 3062 3870 3120 διο-

482 3159 789 3213 exstruere
820 3152 1021 3213 conari
1063 3152 1172 3214 sub
1207 3152 1582 3232 patriarchali
1610 3155 1984 3235 stauropegio
2026 3172 2040 3217 :
2074 3163 2134 3217 et

2216 3153 2562 3232 εγειρόμενοι,
2648 3158 2931 3231 πειρῶνται
3018 3149 3194 3229 ἕτερον
3281 3151 3549 3232 ἀνεγεῖραι
3602 3154 3725 3209 ναὸν
3785 3153 3872 3210 ἐπὶ

479 3240 553 3302 ab
596 3240 917 3320 episcopali
947 3242 1306 3303 monasterio
1355 3243 1640 3306 divellere
1698 3244 2123 3324 possessiones,

2216 3242 2591 3320 σταυροπηγίῳ
2647 3246 3045 3320 πατριαρχικῷ,
3094 3240 3181 3295 καὶ
3245 3238 3549 3297 ἀποσπᾶσαι
3606 3241 3711 3297 ἀπὸ
3774 3249 3871 3299 τοῦ

482 3347 613 3408 quae
642 3347 677 3389 a
713 3328 1033 3406 majoribus
1064 3349 1294 3406 eorum,
1349 3340 1447 3392 aut
1495 3332 1852 3412 quibusdam
1908 3331 2129 3395 Christi

2217 3330 2563 3388 ἐπισκοπικοῦ
2593 3330 2948 3408 μοναστηρίου
3004 3330 3070 3385 τὰ
3107 3330 3248 3407 παρά
3285 3335 3391 3385 τῶν
3433 3331 3710 3409 προγόνων
3767 3336 3868 3390 αὖ·

482 3416 817 3478 amantibus
850 3419 1113 3497 cognatis
1142 3420 1473 3494 illorum,ei
1507 3421 1739 3483 tributae
1767 3430 1906 3483 sunt
1936 3442 1951 3482 :
1987 3431 2133 3486 tem-

2216 3425 2344 3492 τῶν,
2394 3417 2429 3485 ἦ
2472 3440 2629 3475 τινων
2679 3424 2982 3498 προσγενῶν
3040 3421 3209 3477 αὐτῶν
3254 3418 3647 3500 φιλοχρίστων,
3696 3442 3870 3499 προσ-

482 3509 575 3586 plo
601 3516 796 3567 autem
820 3506 890 3567 ab
921 3509 1006 3569 eis
1028 3508 1135 3569 sub
1168 3510 1542 3589 patriarchali
1572 3530 1749 3573 cruce
1775 3512 2133 3573 exstruendo

480 3595 1262 3675 consecrareNostraigitur
1295 3599 1618 3660 moderatio
1651 3599 1911 3679 iniquam
1932 3599 2134 3680 hujus-

480 3685 641 3744 modi
676 3684 935 3764 ipsorum
972 3687 1387 3764 cogitationem
1446 3688 1730 3750 radicitus
1782 3690 2134 3751 exscindere

479 3774 777 3848 volens,ut
795 3775 979 3835 sacris
1000 3777 1327 3837 canonibus
1351 3778 1516 3838 omni
1540 3779 1712 3840 modo
1745 3778 2125 3859 prohibitam,

481 3881 584 3940 per
610 3874 929 3939 praesentes
949 3881 1085 3925 suas
1105 3864 1337 3927 litteras
1358 3866 1978 3948 definit,quascunque
2002 3886 2131 3947 pos-

479 3952 899 4027 sessiones,vel
931 3954 1381 4034 res,episcopali
1418 3957 1778 4019 monasterio
1811 3957 1999 4018 sancti
2022 3957 2127 4017 De-

483 4041 678 4101 metrii
708 4061 944 4121 semper
973 4043 1046 4103 ab
1079 4062 1148 4104 eo
1179 4044 1502 4105 indivulsas
1530 4045 1833 4119 bmanere,
1869 4047 2044 4127 idque
2059 4045 2130 4106 ab

480 4130 756 4209 episcopo
818 4132 1128 4193 Dominico
1180 4133 1605 4196 administrari.
1644 4145 1702 4197 et
1746 4135 2131 4215 spiritualiter

483 4218 662 4293 dirigi
692 4218 738 4276 υ.
772 4219 893 4280 Nec
936 4221 1094 4281 enim
1128 4221 1607 4297 aediﬁcatoribus,
1642 4243 1836 4304 neque
1866 4225 1966 4285 alii
1996 4227 2127 4286 cui-

483 4324 659 4385 quam
692 4307 832 4369 licet
856 4309 928 4369 ab
963 4310 1282 4389 episcopali
1316 4311 1675 4373 monasterio
1723 4313 2130 4392 possessiones

484 4396 789 4477 divellere,
826 4416 1041 4477 easque
1074 4399 1455 4478 patriarchali
1478 4403 1835 4463 monasterio
1868 4403 1955 4463 vel
1990 4421 2127 4463 ora-

485 4484 634 4543 torio
698 4488 916 4565 templo
971 4489 1107 4567 jure
1164 4488 1543 4567 proprietatis
1592 4490 2047 4563 tribuereQuod
2080 4491 2130 4551 si

483 4574 616 4653 quis
646 4578 1068 4637 monasterium
1095 4577 1186 4638 vel
1219 4576 1543 4638 oratorium
1595 4587 1825 4658 septum
1877 4581 1986 4640 sub
2020 4600 2125 4661 pa-
2149 4633 2193 4681 Β

485 4663 1217 4744 triarchalicstauropegio
1268 4673 1578 4729 exstruere
1605 4668 1778 4741 velit,
1807 4688 1841 4729 a
1885 4670 2128 4731 nemine

2215 3507 2510 3586 κυρωθέντα
2568 3509 2699 3584 αύτῇ
2754 3509 3003 3583 κτήματα
3038 3523 3050 3537 ⁸

2216 3594 2340 3675 παρ’
2406 3597 2577 3653 αὖτῶν
2638 3596 2722 3679 ἐπι
2790 3598 3165 3676 σταυροπηγίῳ
3220 3604 3594 3677 πατριαρχικῷ
3650 3598 3870 3679 ἀνεγερ-

2215 3686 2495 3762 θησομένῳ
2526 3692 2656 3760 ναῷ.
2708 3677 2765 3743 Ὀ
2828 3694 2951 3764 γούν
3012 3686 3295 3766 μετριότης
3354 3688 3508 3762 ἡμῶν
3539 3689 3600 3743 τὸ
3635 3677 3873 3746 τοιοῦτον

2218 3778 2388 3831 αὖτῶν
2471 3772 2771 3852 παράλογον
2849 3773 3111 3849 διανόημα
3208 3772 3479 3852 πρόῤῥιζον
3566 3774 3871 3852 ἀποτεμεῖν

2211 3861 2529 3938 βουλομένη,
2590 3866 2663 3926 ὡς
2732 3877 2853 3926 τοῖς
2909 3867 3071 3943 ἱεροῖς
3142 3864 3355 3920 κανόσιν
3437 3863 3872 3943 ἀπηγορευμένον

2213 3954 2538 4027 παντάπασι,
2573 3952 2846 4031 διορίζεται
2904 3951 2986 4007 διὰ
3030 3960 3120 4008 τοῦ
3178 3953 3436 4031 παρόντος
3494 3954 3655 4020 αὐτῆς
3686 3956 3871 4033 γράμ-

2216 4064 2381 4117 ματος
2454 4043 2837 4100 ἀναπόσπαστα
2882 4043 3044 4122 μέχρι
3104 4042 3298 4106 παντὸς
3358 4042 3534 4114 μένειν
3591 4048 3735 4121 παρα
3802 4050 3872 4121 τῇ

2214 4132 2534 4207 ὲπισκοπικῇ
2580 4137 2717 4207 μονῇ
2777 4139 2868 4187 τοῦ
2924 4132 3072 4208 ἁγίου
3133 4132 3439 4207 Δημητρίου
3481 4133 3546 4187 τὰ
3600 4133 3868 4211 προσόντα

2214 4219 2345 4295 αὖτῇ
2378 4218 2601 4290 ὃποιαδή
2660 4242 2777 4276 τινα
2838 4221 3096 4295 Κτήματά
3138 4242 3195 4275 τε
3239 4222 3325 4275 καὶ
3383 4220 3669 4298 πράγματα
3704 4237 3717 4250 ⁹
3781 4234 3876 4287 καὶ

2214 4310 2354 4386 παρά
2409 4316 2500 4364 τοῦ
2563 4309 2854 4365 ἐπισκόπου
2914 4310 3193 4385 Δομινίκου
3264 4307 3583 4387 διεξάγεσθαι
3642 4312 3868 4387 ταύτην,

2212 4399 2299 4452 καὶ
2343 4405 2710 4473 πνευματικῶς
2767 4395 3092 4457 διιθύνεσθαι.
3160 4399 3289 4456 Οὔτε
3341 4400 3439 4476 γὰρ
3498 4412 3614 4465 τοῖς
3688 4398 3867 4474 δομή-

2213 4508 2412 4565 τορσιν,
2487 4486 2593 4543 οὔθ’
2666 4486 2828 4566 ἑτέρῳ
2898 4490 2997 4543 τινὶ
3067 4487 3263 4553 ἔξεστιν
3329 4488 3435 4543 ἀπὸ
3511 4489 3870 4557 ἐπισκοπικῆς

2213 4577 2381 4649 μονῆς
2460 4575 2703 4648 ἀποσπᾷν
2786 4579 3058 4656 κτήματα,
3142 4579 3227 4633 καὶ
3298 4578 3619 4656 προσκνδροῦν
3702 4586 3873 4636 ταῦτα

2212 4669 2574 4744 πατριαρχικῇ
2606 4671 2763 4741 μονῇ,
2833 4666 2866 4733 ἢ
2912 4666 3169 4745 εὐκτηρίῳ
3215 4672 3345 4738 ναῷ,
3396 4668 3453 4723 Et
3496 4666 3550 4722 δέ
3607 4689 3686 4731 τις
3730 4669 3868 4744 βού-

3138 3507 3424 3588 ἆφιερώσαι
3499 3505 3542 3563 δ’
3604 3510 3735 3566 αὖτά
3796 3517 3873 3585 τῷ

486 4752 726 4831 quidem
756 4753 1169 4833 probibebitur
1196 4776 1207 4814 :
1239 4754 1401 4835 prius
1432 4763 1626 4817 tamen
1646 4758 1697 4817 ei
1726 4759 2130 4837 possessiones

2216 4757 2362 4810 λεται
2407 4754 2679 4831 ἀνεγεῖραι
2740 4756 2909 4829 μονὴν
2952 4755 2987 4823 ἢ
3049 4758 3321 4835 εὒκτήριον
3375 4759 3542 4823 σηκὸν
3600 4757 3683 4814 ἐπὶ
3715 4780 3877 4816 σταυ-

485 4857 555 4901 ex
590 4843 845 4920 propriis
878 4842 1168 4919 assignari
1201 4852 1385 4905 curet.
1422 4842 1580 4915 Quas
1609 4844 1766 4907 enim
1801 4847 2128 4927 possessio-

2216 4842 2457 4921 ροπηγίῳ
2490 4852 2884 4923 πατριαρχικῷ,
2917 4846 2989 4907 εἰς
3021 4845 3117 4919 μὲν
3147 4846 3332 4904 τούτου
3376 4844 3646 4925 ἀνέγερσιν
3676 4848 3735 4904 οὒ
3764 4870 3872 4903 κω-

485 4947 593 4989 nes
625 4931 962 5010 episcopale
993 4932 1418 4994 monasterium
1452 4933 1650 5014 habet,
1685 4935 1757 4996 ab
1817 4955 1886 4997 eo
1934 4937 2132 4999 divelli

2216 4931 2494 5001 λυθήσεται
2527 4934 2668 5011 παρά
2710 4954 2850 4998 τινος
2886 4950 2899 4964 ⁸
2963 4934 3293 5012 φροντισάτω
3332 4932 3385 4989 δὲ
3414 4935 3665 5014 πρότερον
3696 4958 3873 5016 προσ-

485 5020 579 5104 gul
607 5018 828 5079 dictum
864 5024 981 5097 est.)
1012 5021 1174 5082 nullo
1227 5040 1488 5102 unquam
1522 5030 1789 5103 tempore
1830 5032 2127 5104 poterunt.

2216 5025 2444 5099 κυρῶσαι
2487 5022 2628 5095 αύτῷ
2686 5022 2934 5094 κτήματα
2993 5022 3098 5078 ἀπὸ
3143 5023 3248 5079 τῶν
3308 5024 3532 5083 οἰκείων,
3568 5025 3643 5081 Τὰ
3674 5026 3775 5103 γὰρ
3805 5031 3876 5101 τῇ

489 5102 559 5164 Et
588 5104 712 5167 haec
745 5107 987 5186 quidem
1019 5109 1093 5169 de
1120 5128 1213 5171 eo.
1831 5102 1846 5104 “

2216 5109 2487 5186 ἐπισκοπῇ
2517 5115 2655 5185 μονῇ
2696 5112 2959 5190 προσόντα
3009 5113 3282 5185 κτήματα.
3330 5111 3714 5169 ἀναπόσπαστα
3742 5111 3872 5192 παρ’

2216 5202 2374 5275 αὐτῇ,
2402 5201 2475 5262 ὡς
2502 5198 2740 5277 εἴρηται,
2776 5200 2827 5264 ἐς
2857 5203 2919 5256 τὸ
2977 5199 3216 5268 διηνεκὲς
3276 5199 3511 5264 ἔσονται,
3565 5203 3663 5259 Καὶ
3704 5212 3873 5261 ταῦτα

2218 5290 2315 5362 μὲν
2346 5290 2462 5367 περὶ
2506 5311 2707 5345 τούτου.

1774 5460 2032 5526 ἾΑΒΗΕ
2080 5455 2395 5525 LECTION
2414 5454 2519 5519 ES.

571 5550 619 5594 31
651 5567 980 5635 κτητορικοῡ.
1067 5556 1123 5600 39
1149 5566 1482 5642 κτητορικόν,

572 5690 598 5719 z
627 5661 1055 5759 illedz'ocrftatz'.
1141 5678 1505 5759 8_repetant._
1570 5693 1595 5733 b
1625 5674 1790 5753 apud
1845 5674 2187 5756 episcopale
2241 5675 2672 5735 man-asterium
2732 5654 2809 5736 S.
2868 5675 3180 5740 Demetrii
3233 5696 3469 5759 semper
3500 5679 3873 5742 indioulsas-

488 5741 535 5782 δ’
559 5742 919 5823 gubernari.
1007 5759 1029 5789 ο
1057 5741 1389 5813 oratoriam
1415 5753 1620 5815 adem.
