4130 6424
401 313 516 378 823
1766 325 1798 386 .Ῐ
1805 325 1897 386 US
1945 323 2037 388 CA

2140 327 2394 396 lNICUM

399 450 586 512 terius
615 452 947 527 Tarsensis,
979 453 1194 518 Luvlus
1242 454 1749 535 Hierapolitanus,
1786 456 2037 537 Elpidiu:

401 538 424 566 I"
449 538 779 566 --.ιε,.-..-;-
841 543 1054 566 n---|_-_
1086 546 1128 566 ιγ
1158 547 1339 566 ----'-
1376 546 1476 566 η’-
1726 547 1775 566 Ir
1836 565 1841 566 ,
1970 565 2011 566 ,-

2147 451 2444 566 ,"Ajajr:wvos
2574 469 3082 566 Ἀδριανουπόλεως,
3195 482 3452 563 Φαλερίου
3564 495 3767 566 Θαρσοῡ

398 538 804 615 Laodicensis,
841 543 1056 604 Paulus
1086 546 1697 620 Xeensis,Dioscorus
1726 536 2025 625 Hermopo

2229 536 2279 540 --
2666 536 2674 552 ,
3042 536 3082 546 -,
3217 536 3445 563 WHT---
3570 536 3639 543 ν..
3678 536 3764 544 η-

2145 555 2363 615 Λουκίου
2427 550 2796 642 Ἰεραπόλεως,
2855 563 3119 626 Ἐλπιδίο)
3179 569 3507 646 Λαοδικείας,
3585 536 3792 633 Παύλοό

399 629 641 708 litanus,
673 628 986 693 Probatius
1016 634 1467 708 Beronicensis,
1519 635 1871 698 Theodorus
1927 637 2037 698 Mo-

400 729 752 741 _____-._____
811 719 876 741 η,
919 725 1038 741 μμ
1083 723 1096 741 ,
1221 724 1233 735 .
1355 724 1367 736 .
1431 726 1476 741 τ,
1643 727 1676 741 ..
1807 727 1852 741 ..
1968 724 1980 735 .

2495 628 2504 637 .
2783 628 2795 642 1
3445 628 3450 629 ⁷
3467 628 3481 638 '
3495 628 3507 646 ⁷
3585 628 3624 631 ἡ
3636 628 3663 631 ”
3673 628 3708 632 ’⁷
3720 628 3729 632 ⁷
3738 628 3755 633 ’
3767 628 3786 633 ⁷

2143 641 2316 718 Ξέως,
2387 649 2671 728 Διοσκόρου
2743 645 3166 736 εΕρμουπόλεως,
3233 657 3520 723 Προϐατίου
3577 667 3792 741 Βερονί-

400 729 779 798 psuestenus,
811 719 1773 806 BizusSeleuciensis,Epagathus
1807 724 2037 786 Marcia-

2140 753 2264 826 κης,
2354 719 2621 817 Θεοδώρου
2706 719 3092 820 Μοῷουεστίας,
3148 719 3165 736 Ι
3193 750 3368 822 Βίζου,
3456 719 3788 826 Σελευκὲίας,

398 806 798 914 nopolitanus,
846 809 1164 909 Gerontius
1220 813 1802 914 C‘laudiopolitanus,
1839 813 2037 893 aliiqm

2251 806 2260 811 .
2531 806 2540 817 .
2804 806 2814 818 .
3052 806 3092 820 -.
3263 806 3282 819 .
3351 806 3368 822 ι

2142 817 2438 900 Ἐπαγάθου
2523 830 3056 908 Μαρκιανουπόλεως,
3173 839 3441 914 Γεροντίου
3525 839 3794 899 Κλαυδια-

394 895 615 957 diversi
655 897 942 978 episcopi,
979 908 1036 960 et
1065 901 1442 964 sacerdotum
1485 910 1671 965 cmtus
1703 901 2017 964 universus

2293 895 2304 900 -
2611 895 2620 907 .
3018 895 3055 908 -ι
3240 895 3250 914 ι
3527 895 3755 899 """""‘

2141 911 2462 990 νουπόλεως,
2549 920 2638 975 καὶ
2721 919 2912 1000 ἑτέρων
2968 919 3228 1004 διαφόρων
3301 926 3624 1000 ἐπισκόπων,
3705 933 3795 988 καὶ

394 984 967 1092 inngressisﬁabaldio
998 999 1056 1050 et
1086 989 1330 1092 Agapio,
1386 990 1697 1056 Nectarius
1737 991 2037 1072 episcopus

2445 984 2457 990 _
2808 984 2818 1000 ι
3070 984 3080 1004 δ
3126 984 3135 1004 ι
3611 984 3623 1000 ,

2143 1008 2338 1066 παντὸς
2368 1014 2460 1063 τοῦ
2488 1008 2761 1090 ἱερατείου,
2819 1012 2908 1068 καὶ
2966 1012 3302 1072 εἰσελθόντων
3360 1013 3634 1092 Γαϐαδίου,
3695 1019 3792 1076 καί

3675 351 3790 416 824

396 1073 1085 1155 Constantinopolitanus
1119 1079 1269 1139 dixit
1301 1100 1312 1138 :

476 1249 620 1313 Cum
651 1252 776 1314 haec
827 1271 992 1315 sacra
1039 1257 1300 1335 synodus
1351 1275 1458 1337 per
1492 1258 1598 1322 Dei
1630 1256 1877 1335 gratiam
1911 1273 2047 1318 rur-

394 1358 494 1403 sus
527 1340 586 1401 in
621 1340 736 1402 hoc
789 1351 989 1403 sancto
1033 1343 1161 1406 loco
1209 1345 1459 1407 collecta
1510 1347 1605 1420 sit,
1653 1346 1922 1426 plaeetne
1953 1344 2044 1405 ei-

392 1430 530 1492 dem
561 1438 894 1491 sanctorum
929 1431 1172 1493 fratrum
1205 1442 1266 1495 et
1289 1435 1832 1496 comministrorum
1852 1433 2022 1494 conci

392 1519 979 1599 lio,quandoquidem
1007 1529 1241 1584 stantes
1267 1524 1358 1584 hic
1384 1525 1550 1584 video
1585 1525 1794 1587 fratres
1816 1531 2047 1584 nostros

392 1606 722 1670 Gabadium
772 1615 832 1669 et
880 1610 1162 1689 Agapium
1214 1613 1314 1692 qui
1351 1615 1422 1674 de
1457 1614 1878 1674 Bostrenorum
1914 1611 2046 1691 epi-

393 1705 603 1778 copatu
635 1697 788 1758 inter
817 1716 881 1759 se
912 1699 1228 1781 dissident,
1263 1709 1324 1761 ut
1353 1702 1426 1762 de
1453 1702 1692 1780 juribus
1725 1701 1848 1762 suis
1870 1718 2046 1780 agere

391 1785 725 1867 incipiant?

472 1880 556 1940 Ac
613 1884 923 1958 postquam
981 1886 1115 1940 acta
1169 1879 1437 1960 qumdam
1471 1880 1542 1943 ab
1578 1881 1662 1942 eis
1713 1886 1939 1950 essent,
1972 1875 2043 1938 ad

391 1965 660 2028 eamdem
695 1984 936 2028 causam
969 1969 1350 2049 pertinentia,
1386 1979 1443 2030 et
1470 1969 1768 2031 insinuata
1797 1965 2043 2046 deposi-

391 2055 473 2116 tio
505 2054 648 2116 dicti
673 2054 945 2132 Gabadii,
981 2057 1130 2118 facta
1162 2076 1268 2137 per
1298 2059 1447 2120 duos
1478 2059 1761 2120 duntaxat
1805 2056 2042 2138 episco-

389 2162 519 2224 pOS,
554 2161 797 2226 eosque,
837 2147 961 2225 jam
1015 2148 1138 2210 vita
1189 2147 1444 2223 functos,
1501 2148 1772 2228 ejusdem
1804 2143 2044 2208 concilii

394 2241 665 2315 tempore
693 2253 705 2294 :
737 2234 1073 2296 Arabianus
1103 2237 1420 2317 episcopus
1451 2237 1796 2318 Ancyrauus
1847 2233 1994 2296 dixit
2025 2249 2037 2292 :

469 2409 598 2472 Non
631 2411 706 2472 de
737 2413 1017 2492 praesenti
1072 2412 1358 2476 duntaxat
1415 2413 1544 2490 lite,
1611 2414 1715 2476 sed
1763 2411 1936 2474 etiam
1968 2408 2044 2472 de

391 2499 554 2561 omni
587 2500 928 2580 posteritate
959 2501 1276 2577 sollicitus,
1307 2504 1393 2565 uti
1427 2504 1502 2565 de
1530 2505 1646 2566 hoc
1675 2509 1877 2565 sancta
1907 2516 2045 2579 syn-

391 2589 541 2651 odus
565 2588 870 2665 decernat,
910 2598 1067 2670 peto.
1109 2591 1382 2654 Liceatne
1424 2594 1556 2654 fieri
1614 2590 2046 2674 depositionem

390 2697 424 2740 a
455 2677 688 2740 duobus
720 2677 1043 2759 episcopis,
1079 2679 1314 2743 necne?
1337 2700 1476 2744 num
1511 2682 1794 2744 adversus
1824 2678 2044 2739 absen-

392 2775 511 2828 tem
545 2767 604 2827 id
640 2767 767 2829 ﬁeri
812 2767 1010 2843 liceat,
1047 2769 1290 2830 necne?
1320 2769 1556 2832 Nullum
1615 2773 1727 2832 hoc
1760 2765 2042 2851 prazjudi-

390 2855 548 2918 cium
607 2856 680 2918 ad
739 2875 976 2918 causam
1040 2867 1390 2938 prmsentcm
1471 2859 1756 2922 attulerit.
1819 2859 2046 2916 Vereor

2137 1086 2412 1171 Ἀγαπίου,
2491 1086 2774 1177 Νεκτάριος
2847 1099 3131 1166 ἐπίσκοπος
3181 1086 3789 1172 Κωνσταντινουπόλεως

2140 1179 2264 1235 εἶπε
2286 1197 2299 1210 ’

2213 1275 2320 1338 Τῆς
2359 1273 2511 1353 ἁγίας
2562 1277 2760 1346 ταύτης
2811 1279 3023 1338 συνόδου
3079 1284 3214 1339 κατὰ
3263 1287 3395 1341 Θεοῦ
3442 1287 3602 1365 χάριν
3631 1286 3793 1343 πάλιν

2129 1357 2183 1414 ἐν
2227 1367 2303 1434 τῷ
2345 1363 2479 1442 ἁγίῳ
2525 1364 2676 1440 τόπῳ
2735 1369 2904 1445 τούτῳ
2959 1370 3391 1450 συνειλεγμένης,
3454 1377 3497 1430 εἰ
3571 1373 3793 1451 δοκιμά-

2127 1454 2204 1518 ζει
2275 1451 2308 1518 ἡ
2371 1455 2502 1520 αὕτη
2560 1461 2664 1513 τῶν
2721 1458 2880 1535 ἁγίων
2936 1458 3174 1540 ἀδελφῶν
3227 1462 3315 1518 καὶ
3357 1461 3778 1542 συλλειτουργῶν

2129 1537 2362 1613 σύνοδος,
2411 1541 2591 1612 ἐπειδὴ
2645 1548 2730 1603 καὶ
2793 1548 3026 1612 ἑστῶτας
3076 1537 3183 1629 ἐρῶ
3224 1552 3344 1614 τοὺς
3390 1549 3794 1633 διαφερομένους

2127 1630 2258 1703 πρὸς
2292 1629 2504 1694 ἑαυτοὺς
2536 1635 2652 1712 περὶ
2677 1635 2770 1703 τῆς
2805 1644 3113 1716 Βοστρηνῶν
3147 1639 3438 1708 ἐπισκοπῆς
3471 1643 3589 1708 τοὺς
3619 1642 3781 1698 ἀδελ-

2067 1747 2106 1795 Β
2129 1717 2254 1794 quoia;
2285 1720 2436 1793 ἡμῶν
2468 1719 2718 1778 Γαϐάδιον
2748 1726 2834 1780 καὶ
2867 1725 3146 1804 Ἀγὰπιοη
3187 1735 3292 1784 τῶν
3336 1731 3467 1808 πρὸς
3514 1729 3787 1801 ἀλλήλους

2133 1805 2435 1885 ἐνάρξασθαι
2465 1806 2685 1866 δικαίων
2719 1831 2734 1890 ς

2215 1897 2310 1953 Καὶ
2354 1899 2486 1972 μετᾶ
2529 1902 2589 1956 τὸ
2646 1905 2951 1982 πραχθῆναί
3021 1927 3139 1962 τινα
3200 1907 3324 1986 παρ’
3371 1907 3564 1982 αὒτῶν,
3625 1910 3787 1989 χάριν

2131 1989 2226 2052 τῆς
2299 1988 2461 2056 ανότῆς
2521 1990 2840 2063 ὑποθέσεως,
2894 1995 2982 2049 καὶ
3039 1993 3421 2076 ἐμφανισθῆναι
3489 1997 3786 2078 καθαίρεσιν

2128 2084 2220 2133 τοῦ
2246 2075 2491 2152 ῥηθέντος
2536 2076 2810 2160 Γαϐαδίου,
2876 2075 3167 2159 γενομένην
3236 2087 3337 2141 ὑπὸ
3406 2084 3496 2143 δύο
3549 2075 3652 2143 καὶ*
3675 2087 3785 2162 μό-

2128 2186 2230 2219 νων
2259 2163 2584 2242 ἐπισκόπων,
2638 2175 2746 2225 τῶν
2803 2171 2890 2226 καὶ
2942 2170 3397 2241 τετελευτηκότων
3469 2173 3593 2247 ἤδη,
3643 2177 3782 2232 κατὰ

2127 2255 2217 2308 τὸν
2245 2257 2426 2334 καιρὸν
2454 2262 2551 2324 τῆς
2601 2261 2766 2324 αὐτῆς
2814 2257 3048 2324 συνόδου.
3109 2260 3418 2342 Ἀραϐιανὸς
3489 2263 3780 2330 ἐπίσκοπος

2130 2337 2385 2421 Ἀγκύρας
2417 2345 2572 2401 ἐἶπεν
2607 2362 2620 2376 ⁹

2209 2431 2281 2489 Οὐ
2311 2437 2408 2500 τῆς
2465 2437 2734 2510 παρούσης
2789 2436 2943 2496 ἕνεκα
2999 2437 3174 2516 δίκης,
3229 2440 3368 2498 ἀλλὰ
3421 2449 3513 2500 τοῦ
3569 2441 3778 2522 ἐφεξῆς,

2131 2521 2240 2596 βίου
2283 2525 2478 2588 παντὸς
2534 2522 2804 2600 δεδοικὼς,
2862 2533 3018 2584 τοῦτο
3060 2526 3188 2594 ἀξιῶ
3237 2530 3335 2596 τὴν
3387 2530 3537 2610 ἁγίαν
3569 2521 3783 2590 σῦνοδον

2131 2606 2446 2676 διαλαλῆσαι
2484 2627 2497 2642 ⁸
2560 2601 2776 2680 ’Ἔξεστι
2834 2615 3073 2693 γενέσθαι
3131 2601 3446 2696 καθαίρεσιν·
3482 2620 3626 2699 παρᾶ
3693 2618 3784 2677 δύο

2133 2697 2457 2774 ἐπισκόπων,
2505 2701 2540 2769 ἢ
2573 2701 2677 2782 οὕς
2737 2704 2825 2760 καὶ
2867 2705 3003 2760 κατὰ
3061 2705 3289 2771 ἀπόντος
3345 2697 3570 2784 ἔξεστιν,
3598 2707 3633 2776 ἢ
3678 2709 3779 2789 οὒς

2128 2785 2285 2844 Οὗδὲν
2329 2788 2594 2867 πρόκριμα
2654 2793 2783 2871 πρὸς
2851 2793 2950 2860 τὴν
3005 2794 3268 2871 παροῦσαν
3340 2797 3604 2858 ὑπόθεσιν,
3671 2785 3776 2854 Δέέ

2127 2873 2275 2932 δοικα
2317 2874 2396 2949 δὲ,
2431 2879 2507 2953 μὴ
2539 2879 2598 2936 ἐκ
2646 2887 2752 2936 τῶν
2808 2883 3206 2958 ὑπομνημάτων
3233 2885 3428 2944 τούτων
3479 2887 3616 2952 τινὲς
3673 2885 3778 2942 λα-

390 2953 614 3022 autem,
670 2965 744 3008 ne
793 2946 882 3007 bis
932 2965 1001 3010 ex
1062 2949 1465 3009 monument’s
1524 2950 1708 3030 aliqui
1758 2951 2037 3028 potestate

2140 2963 2341 3040 ξόμενοι
2413 2966 2666 3034 ἐξουσίας.
2745 2980 2960 3030 τοιαῦτα
3017 2970 3378 3049 τολμήσωσιν.
3428 2974 3584 3041 Ἀξιῶ
3637 2977 3774 3051 ὑμᾶς

388 3041 692 3116 usurpata,
725 3035 1018 3116 ejusmodi
1051 3043 1304 3100 tentent.
1341 3040 1504 3117 Rogo
1542 3059 1638 3100 vos
1687 3047 1752 3100 ut
1792 3053 2044 3114 respon—

387 3125 598 3188 deatis.

469 3214 782 3276 Nectarius
812 3215 1125 3296 episcopus
1155 3215 1692 3300 Constantinopolis
1722 3214 2041 3278 dixitzLau-

387 3303 666 3366 dabiliter
696 3305 923 3366 monuit
971 3306 1501 3368 reverendissimus
1545 3308 1856 3388 episcopus
1887 3308 2039 3368 Ara-

388 3392 622 3455 bianus.
695 3392 810 3455 Sed
871 3413 1002 3454 cum
1086 3394 1160 3456 lis
1219 3414 1324 3475 per
1397 3396 1833 3458 confessionem
1918 3393 2041 3456 tolli

387 3491 668 3562 nequeat,
730 3482 1098 3562 praeteritum
1151 3502 1268 3545 non
1323 3484 1812 3565 condemnantes,
1846 3485 2040 3547 futuro

389 3589 727 3634 caveamus.

464 3660 817 3722 Arabiamns
866 3660 1184 3742 episcopus
1239 3663 1588 3745 Ancyranus
1639 3663 1833 3727 dixit:
1869 3663 2038 3737 Quod

385 3749 692 3832 prateriit,
750 3757 1090 3812 sanctorum
1149 3750 1360 3815 Nicaea;
1417 3761 1756 3817 coactorum
1805 3755 2035 3814 Patrum

383 3838 643 3920 synodus
671 3839 1054 3914 condemnat,
1090 3860 1220 3921 quae
1253 3843 1540 3922 praecipit,
1596 3863 1670 3905 ne
1731 3843 2038 3923 pauciores

384 3928 504 3990 sint
531 3927 744 4005 tribus,
781 3927 881 4009 qui
912 3929 1191 3991 ordinant
1243 3950 1354 3992 nec
1413 3931 1471 3992 id
1524 3934 1737 3993 faciant
1793 3933 2036 3994 absente

385 4015 860 4096 metropolitano.
887 4019 1012 4096 Ego
1035 4037 1173 4082 vero
1206 4021 1278 4081 de
1311 4020 1504 4081 futuro
1538 4021 1849 4096 sollicitus,
1884 4023 2038 4084 hanc

381 4105 908 4184 interrogationem
966 4108 1272 4188 proposui.
1326 4108 1699 4190 Quapropter
1753 4129 1918 4187 rogo,
1976 4118 2040 4170 ut

382 4195 698 4275 perspicue
727 4202 1075 4270 statuamus,
1108 4215 1227 4258 non
1259 4215 1550 4278 suspense
1592 4218 1705 4262 nec
1736 4198 2034 4278 ambigue,

383 4283 540 4363 quod
575 4283 900 4345 nonliceat
929 4303 963 4345 a
993 4284 1226 4346 duobus
1281 4287 1629 4350 hominibus
1689 4288 2035 4369 episcopum

2066 3037 2106 3087 δ
2130 3037 2526 3131 ἀποκρίνασθαι.

2205 3233 2487 3312 Νεκτάριος
2561 3236 2844 3302 ἐπίσκοπος
2913 3241 3522 3308 Κωνσταντινουπόλεως
3596 3244 3773 3304 εἶπεν.

2124 3321 2448 3384 Ἐπαινετῶς
2533 3327 2860 3405 εἰσηγήσατο
2943 3331 2970 3385 ὃ
3055 3327 3430 3394 εὖλαϐἐστατος
3487 3331 3773 3396 ἐπίσκοπος

2127 3407 2457 3488 Ἀραϐιανός.
2492 3416 2562 3470 Οὒ
2610 3416 2717 3490 μὴν
2759 3415 3050 3488 δυναμένης
3109 3417 3256 3486 δίκης
3315 3419 3772 3502 ἐξωμολογῆσθαι,

2121 3500 2181 3554 τὸ
2229 3499 2484 3579 παρελθὸν
2543 3504 2620 3578 μή
2673 3508 3096 3586 κατακρίνοντες,
3155 3509 3217 3565 τὸ
3275 3507 3398 3576 ἑξῆς
3456 3499 3772 3589 ἀσφαλισώέ

2123 3592 2253 3663 μεθα
2267 3639 2278 3652 ,

2205 3678 2514 3758 ’Δραϐιανὸς
2573 3682 2857 3750 ἐπίσκοπος
2900 3683 3161 3765 Ἀγκύρας
3233 3687 3404 3743 εἶπε·
3485 3691 3556 3746 Τὸ
3631 3712 3773 3766 παρ-

2122 3767 2269 3824 ελθὸν
2313 3771 2345 3836 ἡ
2378 3773 2481 3826 τῶν
2532 3775 2802 3852 μακαρίων
2846 3775 3091 3854 Πατέρων
3149 3781 3254 3832 τῶν
3300 3776 3353 3832 ἐν
3411 3778 3599 3850 Νικαίᾳ
3643 3781 3772 3836 σύν-

2121 3857 2237 3922 οδος
2297 3861 2619 3940 κατακρίνει,
2690 3865 2724 3930 ἡ
2797 3863 3082 3921 κελεύουοα
3152 3866 3231 3940 μὴ
3306 3864 3554 3930 ἐλάττους
3627 3870 3770 3926 εἶναι

2119 3956 2277 4028 τριῶν
2334 3952 2453 4016 τοὺς
2513 3961 2968 4032 χειροτονοῦντας,
3043 3955 3177 4031 μηδὲ
3264 3957 3490 4022 ἀπόντος
3563 3983 3770 4041 μητρο-

2192 4038 2271 4095 λι-
2468 4049 2488 4058 .-
2565 4045 2584 4073 1
2685 4043 2694 4061 ν
2900 4068 2920 4080 ρ
2978 4045 2992 4064 σι
3213 4043 3234 4064 ’κ
3269 4043 3293 4064 es
3347 4069 3356 4078 ~
3393 4048 3406 4066 π
3573 4050 3586 4068 ι
3679 4038 3688 4041 ⁷
3715 4053 3726 4068 ι

2119 4062 2188 4095 πο
2228 4062 2356 4099 ιιου.
2392 4051 2493 4098 Του
2532 4040 2586 4099 δε.
2630 4043 2918 4119 μελλοντο,
2979 4044 3156 4102 ἐνεκεν
3207 4063 3452 4111 οεοοικως
3497 4047 3628 4128 ἐγω,
3675 4074 3776 4109 την

2119 4128 2376 4207 ἐρώτησιν
2447 4132 2810 4209 ἐποιησάμην.
2871 4132 3030 4199 Ἀξιῶ
3087 4135 3175 4192 οὖν
3217 4136 3352 4210 ὑμᾶς
3410 4144 3590 4218 σαφῶς
3648 4137 3768 4196 δια-

2118 4216 2366 4292 λαλῆσαι,
2444 4223 2530 4278 καὶ
2603 4224 2740 4296 μήτε
2826 4223 3163 4302 ἧρτημένως,
3228 4227 3363 4300 μήτε
3433 4216 3766 4306 ἀμφιϐόλως,

2118 4305 2254 4362 ὥστε
2313 4309 2390 4383 μὴ
2436 4310 2630 4375 ἐξεῖναι
2689 4313 2791 4368 ὑπὸ
2849 4310 2938 4368 δύο
2983 4313 3270 4393 ἀνθρώπων
3321 4315 3458 4389 μήτε
3515 4305 3768 4396 χειροτο-

380 4369 668 4448 ordinari,
700 4390 814 4434 nec
842 4372 1084 4454 deponi,
1162 4373 1416 4437 Nicaenaa
1448 4376 1657 4457 synodi
1707 4379 2032 4440 auctorita-

2313 4369 2324 4383 ι
2380 4369 2390 4376 -
2475 4369 2486 4375 -
3079 4369 3095 4393 r
3321 4369 3332 4389 ι
3388 4369 3451 4384 ιη
3518 4369 3727 4396 ιη’-’⁷

2140 4399 2320 4452 Ιεῗσθαι
2367 4399 2504 4472 μήτε
2547 4402 2903 4479 καθαιρεῖσθαι
2977 4400 3285 4482 ἐπίσκοπον,
3331 4401 3625 4470 ἀκολούθως
3697 4413 3766 4482 τῇ

382 4467 501 4523 tem
532 4459 593 4520 in
625 4461 735 4523 hoc
768 4465 1100 4542 sequendo.

464 4550 598 4610 Post
625 4548 763 4632 alia,
811 4550 1180 4631 Theophilus
1223 4552 1541 4634 episcopus
1591 4555 2032 4618 Alexandrinus

378 4637 528 4700 dixit
563 4659 576 4698 :

458 4725 546 4789 De
591 4727 838 4792 mortuis
886 4728 1015 4792 ﬁeri
1059 4729 1263 4810 nequit
1314 4740 1379 4794 ut
1427 4732 1848 4812 indignationis
1886 4753 2029 4797 sen-

375 4815 563 4878 tentia
595 4817 842 4900 feratur,
875 4819 1359 4900 quandoquidem
1390 4842 1508 4885 non
1544 4833 1864 4903 praesentes
1899 4833 2036 4886 sunt

376 4905 782 4969 condemnati.
827 4907 1049 4970 Verum
1113 4913 1158 4969 si
1219 4910 1414 4972 futura
1475 4913 1611 4993 quis
1670 4912 2030 4988 considerat,

375 4993 656 5082 nimirum
715 4995 816 5076 qui
870 4996 1177 5078 deponere
1236 4999 1518 5076 debeant,
1584 5001 1731 5063 mihi
1789 5003 2028 5082 quidem

374 5080 628 5156 videtur,
689 5103 808 5146 non
861 5086 1052 5148 solum
1109 5095 1229 5148 tres
1275 5088 1488 5151 adesse
1549 5080 2030 5166 deberegverum

376 5168 551 5260 etiam
584 5172 648 5250 (si
680 5173 811 5234 ﬁeri
843 5176 1048 5254 possit)
1081 5175 1392 5239 universos
1424 5179 1742 5260 episcopos
1785 5182 2028 5259 provin-

375 5255 576 5332 ciales,
617 5268 685 5322 ut
715 5261 972 5341 plurium
1026 5265 1253 5328 calculo
1304 5255 1724 5331 condemnatio
1771 5255 2029 5332 bominis

374 5343 750 5438 depositione
806 5349 970 5429 digni
1017 5353 1230 5434 majori
1288 5373 1424 5417 cum
1467 5359 1844 5420 accuratione
1887 5360 2021 5438 ﬁat,

376 5432 552 5496 etiam
583 5453 688 5499 reo
721 5447 1035 5516 praesente.

452 5520 763 5614 Nectarius
818 5525 1133 5609 episcopus
1188 5532 1728 5614 Constantinomlis
1800 5535 1947 5599 dixit
2004 5559 2016 5602 :

2113 4482 2168 4539 ἐν
2200 4487 2388 4558 Νικαίᾳ
2418 4486 2638 4562 συνόδῳ,

2197 4575 2294 4631 Καὶ
2344 4575 2459 4650 μεθ’
2519 4575 2690 4657 ἕτερα,
2752 4578 3004 4660 Θεόφιλος
3048 4579 3330 4646 ἐπίσκοπος
3374 4579 3763 4663 Ἀλεξανδρείας

2115 4661 2266 4720 εἶπεν
2308 4679 2322 4694 ⁶

2201 4749 2320 4808 Ἐπὶ
2381 4760 2485 4810 τῶν
2529 4753 2860 4813 ἀπελθόντων
2921 4779 2978 4814 ου
3034 4755 3249 4814 δυνατὸν
3294 4763 3472 4840 ψῆφον
3531 4761 3764 4842 ἐκφέρειν

2116 4839 2548 4917 ἀγανακτήσεως,
2622 4843 2836 4925 ἐπειπερ
2893 4847 2968 4916 μή
3023 4847 3279 4926 παρόντες
3345 4839 3758 4929 κατεκρίθησαν,

2116 4930 2176 4986 Εἰ
2205 4930 2448 5008 μέντοιγε
2497 4935 2614 5013 περὶ
2656 4941 2760 4989 τῶν
2805 4933 3108 5010 μελλόντων
3169 4935 3478 5006 διασκοποίη
3523 4961 3602 5002 τις
3657 4947 3764 4998 τῶν

2116 5019 2433 5100 ὀφειλόντων
2477 5024 2746 5100 καθελεῖν,
2807 5026 3042 5106 φαίνεταί
3097 5050 3213 5102 μοι,
3273 5029 3350 5102 μὴ
3409 5030 3568 5104 μόνον
3615 5047 3762 5109 τρεῖς

2113 5123 2360 5188 παρεῖναι
2445 5115 2756 5192 προσ-ήκειν,
2843 5113 2980 5170 ἀλλὰ
3063 5117 3150 5172 καὶ
3234 5117 3300 5195 (εἰ
3357 5115 3592 5189 δυνατὸν)
3640 5123 3762 5184 τοὺς

2113 5199 2314 5263 πάντας
2361 5201 2732 5284 ἐπαρχεώτας,
2779 5203 2870 5279 ἵνα
2910 5211 2977 5281 τῇ
3009 5211 3114 5261 τῶν
3141 5205 3353 5262 πολλῶν
3398 5210 3562 5287 ψήφω
3603 5209 3760 5290 ἀκρι-

2109 5287 2326 5370 ϐεστέρα
2355 5294 2388 5360 ἡ
2444 5295 2752 5374 κατάκρισις
2805 5305 2896 5354 τοῦ
2937 5293 3078 5360 ἀξίου
3108 5302 3204 5364 τῆς
3233 5299 3582 5377 καθαιρέσεως
3613 5299 3760 5359 δεικ-

2108 5378 2316 5456 νύηται,
2352 5383 2611 5462 παρόντος
2643 5391 2736 5441 τοῦ
2766 5383 3096 5465 κρινομένου.

2186 5553 2466 5631 Νεκτάριος
2525 5553 2812 5618 ἐπίσκοπος
2889 5557 3494 5622 Κωνσταντινουπόλεως
3551 5562 3705 5616 εἶπεν
3739 5577 3753 5594 '

372 5608 565 5682 Quum
594 5611 870 5692 legitimae
920 5616 1068 5677 fiunt
1119 5620 1516 5700 expositiones
1547 5608 1722 5706 atque
1753 5625 2014 5704 decreta,

2309 5608 2378 5631 η
2423 5608 2464 5617 κ.
2889 5608 3490 5622 --η---μη-η--ν--.η
3551 5608 3700 5616 --.ην

2145 5638 2450 5718 ίσηγήσεων
2522 5643 2760 5718 νομίμων
2839 5642 2927 5698 καὶ
3008 5641 3287 5722 δογμάτων
3357 5650 3756 5727 πρυτανευομὲ-
