4130 6420
360 383 478 450 825

1726 375 2188 448 GRIECO-ROM
2191 379 2298 443 AN
2303 380 2414 443 UM

3645 384 3764 449 826

362 537 489 577 νων,
550 511 835 570 ἀκόλουθον
894 517 953 572 οὒ
994 510 1079 568 διὰ
1146 511 1445 591 προσώπων
1499 512 1644 577 τινὰς
1728 514 1892 579 αἰτίας
1948 513 2006 570 τὰ

2099 518 2568 575 consentaneum
2604 519 2693 574 est
2724 512 2858 575 talia
2894 532 3009 575 non
3062 515 3242 578 statui
3275 524 3517 598 propter
3546 517 3757 598 culpa8

362 613 579 663 τοιαῦτα
649 601 1067 682 δογματίζεσθαι.
1143 608 1430 680 Τοιγαροῦν
1499 602 1731 683 καθάπερ
1760 607 1789 660 ὁ
1844 605 2012 684 ἁγιώ-

363 714 522 756 τατος
606 690 892 754 ἐπίσκοπος
951 688 1257 768 Ἀραϐιανὸς
1342 691 1688 769 εἰσηγήσατο,
1746 691 1811 747 τὰ
1877 690 2013 767 μὲλ-

363 781 525 839 λοντα
569 779 950 862 ἀσφαλίσασθαι
1017 777 1361 855 βουλόμενος,
1422 777 1706 843 ἀκόλουθος
1770 781 1858 837 καὶ
1888 780 2015 859 φιλ-

366 872 639 951 άνθρωπος
670 872 705 939 ἡ
729 876 822 927 τοῦ
870 870 1167 948 ἁγιωτάτου
1230 868 1520 925 ἐπισκόπου
1592 868 1842 947 Θεοφίλου
1899 876 2015 946 ψῆ-

365 982 484 1042 φος,
531 958 871 1039 διορισαμὲνη
928 958 1006 1034 μὴ
1078 962 1278 1037 χρῆναι
1337 958 1467 1035 πρὸς
1528 959 1590 1014 τὸ
1659 956 1804 1030 ἑξῆς,
1880 957 2015 1034 μηδὲ

364 1050 506 1128 παρὰ
532 1054 715 1127 τριῶν,
762 1049 956 1123 μήτιγε
999 1048 1143 1126 παρὰ
1211 1044 1320 1119 δύο,
1380 1048 1471 1102 τὸν
1540 1047 1819 1105 ὑπεύθυνον
1864 1047 2014 1105 δοκι-

362 1139 662 1213 μαζόμενον
691 1139 1051 1215 καθαιρεῖσθαι
1089 1155 1102 1168 ·
1173 1133 1309 1190 ἀλλὰ
1351 1136 1450 1214 γὰρ
1497 1134 1742 1200 πλείονος
1802 1136 2016 1195 συνόδου

363 1229 554 1308 ψήφῳ,
639 1227 725 1282 καὶ
780 1230 885 1282 τῶν
953 1230 1054 1292 τῆς
1136 1225 1397 1304 ἐπαρχίας
1446 1244 1461 1259 ⁸
1536 1227 1710 1289 καθὼς
1792 1230 1878 1283 καὶ
1967 1229 2014 1285 οἳ

362 1315 706 1373 ἀποστολικοὶ
737 1315 951 1379 κανόνες
982 1314 1309 1393 διωρίσαντο.

446 1403 744 1468 Φλαϐιανὸς
804 1403 1089 1466 ἐπίσκοπος
1161 1404 1493 1483 Ἀντιοχείας
1566 1406 1719 1461 εἶπεν
1755 1423 1769 1437 ⁸

362 1495 642 1552 κατέθεντο
713 1497 759 1551 οἱ
842 1494 958 1572 περὶ
1028 1494 1117 1549 τὸν
1211 1492 1503 1571 ἁγιώτατον
1561 1496 1647 1549 καὶ
1723 1495 2010 1551 ὁσιώτατον

1835 1396 1869 1417 α.

1871 1415 2012 1485 Λπερ

360 1585 646 1641 ἐπίσκοπον
696 1583 973 1662 Θεόφιλον,
1030 1579 1185 1648 δῆλα,
1280 1584 1375 1639 Καὶ
1462 1582 1744 1661 στέργομεν
1818 1584 2006 1647 πάντες

360 1676 407 1730 οἱ
439 1672 889 1739 ἐκκλησιαστικοί.

779 1782 1117 1834 ΝΙΚΟᾹᾹΟΥ
1148 1784 1274 1833 ΤΟΥ
1306 1782 1599 1833 ΠΑᾹΑΙΟΥ

367 1906 389 1939 α
456 1883 578 1961 Περὶ
635 1883 746 1955 τοῦ,
807 1879 901 1941 τὰς
986 1880 1378 1958 πατριαρχικὰς
1468 1880 1751 1943 ἐπιστο)ὰ;
1826 1883 2007 1957 ἀμισθὶ

444 1960 668 2018 δίδοσθαι
749 1973 867 2022 τοῖς
952 1961 1181 2016 αἰτοῦσιν
1214 1978 1232 1996 ο
1308 1962 1380 2024 ὡς
1472 1960 1760 2039 γέγραπται
1810 1964 1864 2017 ἴεν
1931 1969 2008 2037 τῷ

444 2042 870 2123 χαρτοφυλακίτρ,
908 2059 935 2099 »

444 2143 687 2202 Χαλεπὸν
716 2144 835 2216 μὲν,
863 2142 1025 2207 πάθος
1071 2144 1290 2223 σαρκὸς,
1343 2143 1557 2222 χρόνιον
1615 2141 1717 2210 ἤδη
1776 2144 2005 2221 γενόμε-

357 2259 472 2308 νον,
516 2231 901 2313 ἐκμοχλεῦσαι.
957 2230 1337 2311 Χαλεπώτερον
1396 2230 1450 2287 δὲ
1490 2239 1719 2311 χρονικ-ξ,
1792 2232 2008 2311 παρόδῳ

357 2310 811 2403 βεϐαιωθὲνηὲθος
870 2310 1349 2385 ἀποσκευάσασθαι,
1419 2310 1627 2396 ’Ἄμφω
1724 2323 1822 2401 γὰρ
1874 2310 2008 2402 πρὶς

358 2414 465 2481 ἕξιν
495 2413 610 2470 τινὰ
658 2420 1206 2491 μεταστοιχειοῦνται,
1280 2416 1498 2489 πρᾶγμα
1545 2410 1792 2489 γινομένα
1850 2434 2008 2488 μονι-

359 2503 617 2582 μώτερον,
692 2504 781 2557 καὶ
836 2497 1021 2577 ῥᾳδίως
1092 2502 1285 2567 ἥκιστα
1368 2497 1650 2575 δυνάμενον
1747 2501 2010 2580 μεθαρμό-

360 2595 558 2665 ςεσθαι.
594 2588 745 2647 Ἀλλ’
795 2590 956 2646 εἶκαὶ
1012 2586 1155 2647 ταῦθ’
1213 2587 1351 2645 οὕτω
1402 2595 1479 2664 τῷ
1522 2587 1630 2645 ὄντι
1680 2587 1851 2665 δοκεῖ³
1885 2589 2007 2647 ἀλλ’

356 2685 521 2757 ἡμεῖς
554 2701 614 2758 γε
643 2679 766 2757 ῥᾷον
837 2676 1066 2734 παλαιὰν
1127 2678 1426 2757 συνήθειαν,
1495 2679 1555 2733 τὸ
1602 2676 1800 2759 φαῦλον
1868 2679 2003 2757 πρό-

356 2770 516 2839 δηλον
546 2767 797 2848 ἔχουσαν,
842 2774 934 2824 τοῦ
978 2769 1193 2846 εὖαγοῦς
1240 2765 1389 2823 τοῦδε
1446 2769 1610 2824 τόπου
1677 2767 2001 2848 ἐξεφορήσα-

356 2858 562 2937 μεν,τό
586 2855 956 2928 ἁκαπήλευτον
1025 2859 1166 2933 αὒτῷ
1222 2867 1699 2933 μνηστευσάμενοι.
1751 2859 1849 2915 Καὶ
1905 2860 2005 2938 γὰρ

357 2952 385 3007 ὁ
413 2947 560 3006 τοῦδε
616 2947 715 3014 τὴν
774 2946 1012 3026 φυλακὴν
1068 2946 1575 3023 ἐμπεπιστευμένος,
1638 2948 1696 3003 ὃν
1741 2946 2006 3025 ὒστιάριον

355 3041 390 3107 ἡ
458 3027 732 3112 Ῥωμαίων
832 3034 1049 3114 γλῶσσα
1134 3033 1312 3107 καλεῖ,
1401 3036 1522 3099 τοὺς
1616 3036 2005 3113 πατριαρχικὰς

2098 599 2381 680 quasdam
2412 620 2829 683 personarum.
2880 602 3084 685 Itaque
3132 604 3285 667 sicut
3314 607 3584 686 exposuit
3614 626 3755 668 san-

2098 688 2396 751 ctissimus
2476 690 2796 771 episcopus
2863 693 3220 773 Arabianus,
3285 694 3495 755 futuris
3547 714 3756 757 cavere

2099 778 2324 858 volens,
2380 788 2773 841 consentanea
2856 780 3239 864 benignaque
3320 784 3615 846 sententia
3668 793 3757 846 est

2099 867 2459 928 sanctissimi
2517 869 2783 949 episcopi
2843 870 3184 950 Theophili,
3219 890 3350 952 qua
3379 874 3601 945 statuit,
3636 893 3753 935 non

2100 955 2323 1017 debere
2354 957 2412 1017 in
2443 967 2746 1037 posterum
2780 959 3098 1040 nequidem
3158 979 3191 1021 a
3227 961 3434 1041 tribus,
3472 964 3691 1023 nedum
3722 981 3754 1023 a

2098 1044 2354 1127 duobus,
2388 1064 2557 1108 reum
2595 1047 2921 1109 examinari
2952 1067 3019 1109 ac
3046 1048 3264 1130 deponi
3296 1070 3310 1121 ;
3343 1049 3449 1111 sed
3480 1052 3752 1130 frequen-

2100 1133 2267 1195 tioris
2297 1135 2556 1215 concilii,
2592 1144 2647 1197 et
2666 1137 3117 1217 provincialium
3145 1139 3562 1219 episcoporum
3583 1160 3752 1200 com-

2101 1226 2262 1286 muni
2298 1224 2589 1287 sententia
2626 1246 2640 1286 :
2675 1227 3175 1307 quemadmodum
3218 1236 3275 1289 et
3306 1228 3614 1307 apostolici
3646 1248 3749 1290 ca-

2098 1331 2285 1374 nones
2316 1314 2738 1379 definiverunt.

2180 1402 2489 1463 Flavianus
2547 1405 2861 1485 episcopus
2912 1405 3324 1466 Antiochenus
3384 1405 3530 1465 dixit
3565 1423 3578 1465 :
3613 1406 3753 1476 Quae

2096 1490 2505 1570 deposuerunt
2545 1494 2833 1573 episcopi,
2865 1494 2963 1573 qui
2998 1494 3432 1555 sanctissimum
3466 1502 3519 1554 et
3553 1495 3753 1574 piissi-

2095 1598 2255 1639 mum
2291 1580 2449 1659 episc
2493 1602 2628 1661 pum
2658 1582 3052 1662 Theophilum
3082 1583 3755 1663 sequuntur,manifesta

2094 1678 2251 1732 sunt.
2288 1670 2376 1730 Ea
2406 1671 2727 1750 probamus
2760 1690 2969 1732 omnes
3006 1671 3417 1733 ecclesiastici.

2378 1770 2687 1836 NICOLAI
2732 1772 2968 1836 ILLIUS
3013 1772 3255 1836 PRISCI
3304 1773 3458 1855 (19).

2094 1873 2259 1948 Quod
2293 1873 2506 1957 titteroz
2533 1876 2974 1954 ptttt‘iarchalt’s
3018 1878 3211 1956 gratis
3232 1876 3747 1957 concedanturpe-

2131 1955 2390 2017 tentz‘bus
2420 1972 2545 2035 eos,
2578 1959 2674 2017 uti
2723 1955 3099 2035 descriptam
3129 1963 3327 2017 exstat
3364 1958 3428 2017 in
3455 1955 3703 2020 scrinio.

2170 2135 2423 2198 Difﬁcile
2452 2135 2692 2216 quidem
2745 2144 2834 2198 est
2863 2137 3069 2198 vitium
3113 2138 3374 2214 carnale,
3437 2138 3589 2219 quod
3646 2137 3748 2199 diu

2090 2224 2699 2305 duravit,exscindere
2735 2244 2747 2289 :
2782 2227 2887 2288 sed
2914 2226 3743 2301 dil‘ficilius,consuetudinem

2091 2315 2252 2394 longi
2275 2314 2559 2395 temporis
2578 2315 2904 2397 irreptione
2931 2318 3222 2378 firmatum
3247 2316 3746 2378 amoliri.Etenim

2091 2404 2266 2466 ambo
2290 2403 2352 2465 in
2379 2402 2644 2465 habitum
2677 2405 2994 2485 quemdam
3029 2415 3357 2473 transeunt.
3388 2415 3447 2467 ιι
3477 2405 3746 2468 durabile

2092 2495 2375 2576 quiddam
2410 2484 2741 2577 liunt,quoid
2774 2484 3224 2577 haudquaquam
3253 2495 3561 2559 reformari
3577 2496 3747 2557 facile

2092 2583 2299 2665 possit.
2335 2583 2479 2657 Quae
2534 2584 2790 2662 licetjta
2818 2604 2883 2647 se
2933 2584 3155 2648 habere
3208 2603 3417 2666 reapse
3447 2585 3743 2667 videntur,

2089 2682 2409 2736 nostamen
2426 2673 2583 2735 facili
2616 2686 2919 2736 momento
2946 2675 3441 2737 consuetudinem
3456 2681 3743 2750 veterem,

2088 2762 2615 2844 quaevitiositatem
2641 2763 3013 2825 manifestam
3032 2763 3287 2826 habebat
3302 2782 3373 2825 ex
3389 2763 3747 2842 hocreligio-

2089 2871 2152 2913 so
2172 2853 2302 2914 loco
2321 2852 2704 2929 removimus,
2732 2854 3106 2934 cauponandi
3138 2854 3439 2917 licentiam
3453 2872 3745 2916 coercen-

2088 2953 2201 3005 tes.
2227 2943 2525 3004 Hactenus
2542 2942 2702 3005 enim
2727 2941 2801 3017 is,
2839 2943 2934 3004 cui
2956 2942 3183 3007 credita
3209 2952 3298 3005 est
3319 2943 3451 3024 ejus
3480 2941 3747 3004 custodia

2095 3031 2371 3110 (Romani
2403 3031 2708 3093 ostiarium
2732 3032 2932 3110 lingua
2955 3050 3057 3094 sua
3083 3031 3440 3112 vocant),ab
3469 3030 3611 3105 illis,
3642 3030 3744 3111 qui

360 3125 695 3202 αἰτουμένους
769 3122 1075 3197 ἐπιστολὰς,
1163 3125 1372 3199 μισθοὺς
1455 3126 1545 3197 (ὡς
1619 3126 1714 3181 οὒκ
1774 3121 1999 3202 ὤφελεν)

2095 3119 2314 3182 litteras
2342 3120 2776 3201 patriarchales
2809 3120 3108 3203 petebant,
3133 3140 3203 3183 eo
3239 3121 3479 3183 nomine
3508 3137 3745 3181 merce-

359 3216 553 3293 ἀπῄτει
583 3218 682 3283 τῆς
752 3212 1135 3294 παραλήψεως.
1214 3215 1311 3271 Καὶ
1367 3213 1431 3281 ἧν
1487 3215 1548 3269 τὸ
1606 3218 1823 3291 πρᾶγμα
1894 3213 2007 3269 λίαν

360 3303 663 3386 ἐφύϐριστόν
718 3324 776 3359 τε
837 3303 923 3359 καὶ
1006 3301 1420 3381 κσταγέλαστον,
1497 3306 1555 3360 οὗ
1647 3302 1806 3376 μόνον
1879 3304 2008 3358 Θεὸν

359 3393 695 3474 παροργίζον,
729 3390 866 3449 ἀλλὰ
894 3392 981 3447 καὶ
1037 3394 1128 3448 τὸν
1201 3393 1392 3467 σεμνὸν
1476 3392 1638 3448 τόπον
1710 3390 2005 3471 ὲξατιμοῦν,

351 3485 438 3540 καὶ
497 3483 624 3538 αὒτὸ
680 3482 740 3537 τὸ
795 3485 895 3550 τῆς
965 3482 1249 3558 ἱερωσύνης
1336 3480 1647 3562 ἐκφαυλίζον
1714 3478 2002 3555 αἰδέσιμον,

274 3596 281 3603 ·
352 3569 502 3629 Ἀλλ’
532 3573 697 3647 ἡμεῖς
729 3591 789 3649 γε
832 3571 929 3638 τὴν
987 3571 1247 3649 ὀστιαρίξιυ
1316 3574 1516 3645 σκῆψιν
1584 3568 2003 3651 ἐκφυλοφοροῦν-

351 3683 459 3735 τες,
510 3661 682 3734 τούτῳ
757 3660 852 3735 μὲν
908 3659 1067 3738 ῥόγαν
1127 3660 1333 3730 ἐτήσιον
1390 3657 1609 3716 δίδοσθαι
1693 3658 1949 3733 ὲτάξαμεν
1984 3674 1998 3689 ⁶

352 3753 449 3819 τὴν
481 3751 720 3829 πονηρὰν
781 3747 835 3805 δὲ
886 3751 1184 3827 συνήθειαν,
1239 3747 1379 3823 λήθῃ
1436 3749 1637 3824 βαθείᾳ,
1710 3748 1797 3803 καὶ
1852 3744 2006 3820 ἀϊδίῳ

350 3841 608 3919 ὑπεροπίᾳ
693 3838 1154 3913 παρεπεμψάμεθα
1189 3854 1201 3867 ⁸
1295 3837 1362 3904 ἢν
1468 3834 1730 3912 μηδαμῶ>
1820 3836 2004 3915 χώραν

351 3928 501 4010 ’ἐχειν
531 3927 629 3998 ἔτι,
682 3927 736 3983 ἐν
808 3928 942 4005 ἁγίῳ
998 3924 1326 4004 διοριζόμεθα
1380 3927 1639 4001 Πνεύματι
1689 3942 1701 3955 “
1767 3924 2005 3981 ἐντελλό-

351 4039 501 4093 μενοι
567 4031 691 4080 τοῖς
735 4039 793 4073 τε
849 4016 986 4075 κατὰ
1060 4017 1273 4094 καιροὺς
1330 4013 1709 4095 χαρτοφύλαξι,
1757 4016 2003 4077 καὶτοῖς

348 4105 481 4187 ἀμφ’
547 4108 732 4170 αὐτοὺς
805 4105 1088 4185 νοταρίοις,
1146 4104 1429 4184 ἄθραυστον
1485 4106 1575 4160 τὸν
1619 4103 1852 4184 παρόντα
1908 4104 2001 4159 τύ-

346 4218 446 4252 πον
477 4194 775 4276 διατηρεῖν,
823 4196 910 4251 καὶ
940 4194 1125 4251 τούτου
1182 4193 1550 4269 ἐπιμελεῖσθαι
1583 4192 1663 4248 ἀεί
1713 4211 1723 4221 ’
1794 4194 1867 4254 ὡς
1924 4193 2001 4268 μὴ

346 4285 589 4363 ῥᾳστώνῃ
634 4286 733 4341 τινὶ
762 4285 850 4340 καὶ
896 4282 1148 4361 ὀλιγωρίᾳ
1207 4282 1257 4363 (ὃ
1314 4280 1380 4350 δὴ
1438 4284 1526 4339 καὶ
1584 4278 1993 4355 ὑπολαμϐάνειν,

346 4376 545 4453 μήτιγε
601 4374 873 4453 πράττειν,
976 4372 1299 4450 ἐφαμαρτον)
1384 4369 1482 4427 κᾶν
1539 4372 1597 4426 οὺ
1668 4369 2000 4449 βραχύτατον

347 4463 768 4543 περιτρέπεσθαι,
833 4463 890 4519 Εἰ
945 4459 999 4516 δὲ
1057 4460 1322 4540 παρόπται
1408 4460 1546 4522 τινὲς
1603 4469 1695 4517 τοὺ
1750 4459 1999 4515 τοσούτου

2091 3209 2229 3271 dem
2251 3209 2429 3291 (quod
2454 3209 2702 3272 minime
2724 3209 2939 3272 factum
2974 3209 3248 3291 oportuit)
3274 3208 3575 3291 poscebat.
3602 3207 3745 3281 Quae

2090 3297 2329 3380 quidem
2344 3317 2441 3361 res
2456 3307 2581 3361 erat
2594 3298 2829 3380 injuriae
2844 3298 3205 3381 Iudibriique
3218 3300 3394 3381 plena
3425 3316 3618 3378 neque
3635 3297 3744 3359 Dei

2089 3386 2371 3448 duntaxat
2399 3388 2683 3449 offensam
2707 3387 3115 3450 commovebat
3138 3406 3371 3462 ;verum
3400 3387 3579 3450 etiam
3604 3385 3744 3448 huic

2087 3484 2331 3555 augusto
2364 3478 2497 3538 loco
2527 3476 2791 3557 pariebat
2823 3476 3216 3553 infamiam,et
3238 3475 3632 3539 venerandam
3657 3475 3744 3556 ip-

2088 3565 2213 3625 sius
2237 3566 2553 3627 sacerdotii
2578 3565 2923 3645 dignitatem
2955 3565 3366 3629 imminuebat.
3394 3564 3513 3627 Nos
3541 3572 3742 3626 autem

2089 3653 2202 3714 hoc
2232 3653 2561 3715 institutum
2588 3654 2815 3716 ostiarii
2840 3655 2914 3716 de
2939 3654 3136 3717 medio
3161 3653 3580 3734 tollentes,ipsi
3600 3653 3739 3733 qui-

2087 3741 2222 3803 dem
2252 3761 2515 3805 annuum
2549 3744 2828 3804 salarium
2861 3743 3278 3805 constituimus
3314 3762 3327 3806 :
3354 3744 3570 3803 malam
3600 3760 3739 3802 vero

2087 3832 2582 3893 consuetudinem
2615 3832 2899 3894 oblivioni
2969 3832 3300 3913 profundae,
3332 3852 3402 3895 ac
3456 3839 3739 3912 perpetuo

2090 3919 2442 3982 tradidimus
2468 3920 2675 3982 exsilio
2711 3942 2726 3981 :
2762 3940 2874 3982 nec
2905 3941 3033 3983 eam
3066 3921 3260 3983 locum
3297 3921 3582 4000 deinceps
3616 3920 3739 3981 ullo

2086 4008 2417 4071 habituram
2453 4010 2652 4086 modo,
2706 4010 2765 4071 in
2820 4009 3044 4091 Spiritu
3075 4017 3278 4072 sancto
3308 4010 3690 4071 decernimus
3720 4028 3733 4068 :

2086 4100 2391 4161 mandates
2418 4107 2531 4160 tam
2559 4099 2961 4180 quorumlibet
2987 4108 3318 4180 temporum
3339 4097 3733 4173 chartulariis,

2084 4206 2258 4269 quam
2292 4206 2498 4249 eorum
2531 4187 2872 4263 notariis,ut
2898 4187 3266 4250 sanctionem
3294 4190 3447 4251 hanc
3482 4187 3734 4249 inviola-

2082 4285 2198 4338 tam
2232 4285 2489 4355 servent,
2520 4277 2767 4358 ejusque
2813 4295 3015 4340 curam
3049 4287 3336 4359 perpetuo
3374 4288 3577 4358 gerant
3616 4297 3629 4336 :
3660 4294 3735 4339 ne

2081 4366 2358 4427 socordia
2386 4366 2640 4447 quadam
2699 4373 2759 4428 et
2802 4367 3166 4447 negligentia
3211 4368 3394 4448 (quod
3446 4385 3590 4428 sane
3646 4365 3735 4426 vel

2082 4454 2594 4534 cogitare,nedum
2620 4456 3043 4535 agere,delicto
3084 4474 3201 4517 non
3228 4456 3528 4531 vacat),vcl
3554 4454 3733 4516 mini-

346 4530 542 4630 διγᾶοῶ
586 4552 645 4609 ἐκ
676 4549 917 4629 μεγάλης
1001 4530 1145 4629 περὶ.
1188 4551 1253 4605 τα
1324 4552 1441 4605 θεῖα
1485 4551 1774 4628 φωραθεῖεν
1825 4569 1996 4603 κατα-

2095 4530 2182 4606 ma
2194 4563 2262 4605 ex
2291 4557 2453 4621 parte
2477 4530 2871 4606 subvertatur.
2901 4543 3069 4617 Quod
3090 4545 3140 4606 si
3162 4546 3263 4623 qui
3289 4530 3512 4607 tantum
3538 4544 3729 4622 negli-

344 4642 672 4720 φρονήσεως,
733 4647 918 4696 τοῦτον
996 4640 1093 4715 μὲν
1161 4640 1351 4718 γνώμη
1410 4636 1647 4719 φιλόθεος
1706 4638 1837 4713 πρὸς
1900 4636 1997 4703 τὴν

2095 4652 2220 4713 gere
2242 4633 2464 4696 bonum
2496 4633 2777 4713 deprensi
2809 4635 3051 4715 fuerint,
3100 4653 3167 4695 ex
3202 4654 3414 4714 magno
3446 4652 3585 4711 erga
3633 4649 3732 4693 res

344 4727 611 4793 ἀξιέπαι)ν
653 4727 896 4794 ἐπανάξει
955 4726 1241 4806 εὐγένειαν,
1305 4728 1448 4783 αὗτοὶ
1506 4723 1551 4781 δ’
1622 4725 1678 4781 εὖ
1734 4724 1993 4803 ἴστωσαν,

2095 4723 2308 4785 livinas
2364 4730 2730 4804 contemptu,
2811 4723 3179 4786 sanctionem
3241 4723 3481 4804 quidem
3542 4722 3730 4801 ipsam

342 4819 417 4879 ὡς
447 4815 591 4882 δίκας
625 4824 741 4892 Θεῷ
765 4814 1006 4888 δώσουσι,
1076 4822 1164 4871 νῦν
1233 4837 1291 4871 τε
1354 4817 1442 4871 καὶ
1510 4815 1740 4881 ὁπηνίκα
1809 4817 1868 4871 οὔ
1932 4814 1997 4868 τὰ

2095 4812 2356 4893 religiosa
2387 4830 2555 4873 mens
2617 4811 2791 4872 nitori
2848 4829 2957 4873 suo
3008 4812 3381 4873 laudabiliter
3435 4811 3727 4886 restituet,

343 4906 509 4980 μοίζω
538 4908 715 4983 μόνων
747 4912 852 4962 τῶν
925 4905 1346 4983 ἁμαρτημάτων,
1419 4901 1555 4959 ἀλλὰ
1630 4904 1715 4960 καὶ
1774 4901 1916 4983 αὕτάῇ
1935 4922 1996 4978 γε

2095 4920 2282 4963 rerum
2314 4902 2430 4983 ipsi
2463 4901 2638 4983 plane
2689 4901 2911 4981 norint,
2949 4918 3013 4961 se
3046 4919 3256 4981 ptenas
3289 4899 3410 4963 Deo
3460 4900 3727 4973 daturos,

342 4996 409 5050 τὰ
480 4995 666 5076 μέτρια
728 4998 846 5074 πυρὶ
903 4996 1276 5051 ταλαντεύεται
1332 4993 1420 5048 καὶ
1479 4990 1828 5071 διακρῖνεται,
1904 4979 1996 5053 ἐὶς

2095 5000 2199 5053 iam
2233 4979 2599 5072 nunc,quam
2634 4989 2690 5049 id
2726 4979 3163 5070 temporis.qu0
3194 5009 3311 5051 non
3339 4991 3564 5069 majora
3591 4996 3729 5050 tan-

342 5086 446 5166 γὰρ
473 5088 538 5142 τὰ
565 5091 686 5145 θεῖα
743 5094 842 5152 τίς
895 5084 1171 5163 ἀξιολόγου
1241 5083 1625 5153 καθεστήκασιν
1684 5080 1996 5144 ἀντιδόσεως

2095 5080 2388 5142 ιυῐηιηοάο
2421 5089 2684 5161 peccata,
2721 5097 2923 5139 verum
2948 5078 3125 5138 etiam
3153 5079 3370 5140 leviora
3401 5097 3506 5160 per
3536 5080 3728 5157 ignem

343 5171 485 5254 ἄξια,
517 5175 655 5232 οὕτω
682 5176 865 5233 καὶτὰ
907 5179 1003 5244 τῆς
1036 5173 1279 5236 ἀναντίας
1332 5175 1539 5251 μοίρας,
1599 5171 1698 5239 τὴν
1767 5169 1995 5238 ἱσοπαιλπῖλ

2095 5166 2577 5232 axaminabuntur
2604 5176 2664 5230 et
2714 5166 3215 5247 dijudicabuntur.
3248 5166 3322 5231 Ut
3351 5168 3510 5229 enim
3537 5167 3734 5229 divina

2074 5258 2338 5320 facinora
2365 5275 2430 5320 se
2459 5256 2691 5336 dignam
2727 5255 3275 5318 remunerationem
3309 5256 3731 5338 merentur,sic

2077 5347 2255 5410 etiam
2281 5347 2356 5409 iis
2388 5345 2688 5409 contraria
2714 5346 3175 5426 respondentem
3201 5346 3370 5410 factis
3402 5347 3549 5431 ipsis
3572 5367 3732 5411 com-

2077 5435 2490 5518 pensationem
2522 5433 2786 5497 tribuere
2817 5434 3026 5496 solent.

1894 5567 2145 5634 NOTE.

333 5691 805 5855 Lagafouqrat
833 5692 931 5758 hic
962 5701 1140 5759 antea
1169 5692 1452 5777 mysticus
1482 5691 1543 5755 in
1572 5690 1724 5755 aula.
1761 5691 1920 5753 Vixit
1977 5692 2088 5756 sub
2144 5697 2342 5761 Leone
2406 5693 2792 5777 Pbilosopbo,
2860 5693 3218 5774 Alexandro,
3255 5697 3639 5759 Constantino
3672 5706 3731 5763 et

736 5792 873 5855 ugg.

736 5792 873 5856 ugg.

338 5277 454 5329 τοῖς
498 5263 670 5345 ἔργοις
689 5265 984 5345 παρέχεται
1016 5260 1264 5340 ἀμοιϐην.
