4130 6478
436 409 557 476 829

1769 420 2462 486 ριιλεοο-ΒΟΜΑΝΗΜ
2473 470 2486 482 .

3707 418 3830 481 830

432 543 729 621 προσόδων,
807 545 862 602 εἴ
917 568 977 623 γε
1034 549 1122 606 καὶ
1182 551 1505 631 περισσεύοι,
1558 555 1619 610 τὸ
1678 554 1796 629 μὲν,
1853 554 1914 612 ἐκ
1982 560 2041 612 τιῑ

2129 575 2149 610 ι
2171 559 2411 632 superat
2441 552 2651 634 partim
2672 552 2747 616 iis
2775 552 3254 635 ademptum,qui
3289 549 3603 634 metropoli
3629 556 3827 613 aucto-

429 633 625 722 ςημίας
684 634 862 691 αἰτίων
934 638 1226 715 γινομένων
1337 647 1405 718 τῇ
1481 642 1831 722 μητροπολει,
1919 647 2083 722 ταύτῃ

428 718 674 788 δηλονότι
704 723 1032 782 ἀναδίδοσθαι
1081 742 1094 756 ·
1128 729 1190 783 τὸ
1218 725 1264 784 δ’
1296 727 1355 786 ἐκ
1383 729 1490 786 τῶν
1547 718 1750 788 λοιπῶν
1806 718 2082 815 συντηρεῖν

434 809 550 892 τήν.
566 810 851 879 ἐκκλησίαν
882 814 1328 892 ἆκαινοτόμητον.

513 889 645 958 “Ott
677 897 732 957 δὲ
801 909 1082 971 κανονικῆς
1127 904 1345 985 ἔχονται
1389 905 1651 986 ἀκριϐείας
1682 911 1747 966 τὰ
1790 912 2080 991 ὁρισθέντα,

427 986 481 1053 ἐξ
551 988 722 1079 «in:th
791 990 943 1048 θείων
998 993 1235 1051 κανόνων
1306 993 1589 1058 δείκνυται,
1663 1001 1761 1057 Καὶ
1822 986 1980 1079 ’γὰρο
2036 986 2084 1057 ε’

427 1076 518 1132 καὶ
546 1064 730 1145 κ’τῆς
799 1079 854 1135 ἐν
900 1077 1201 1161 Ἀντιοχείᾳ
1253 1082 1468 1141 συνόδου
1509 1087 1708 1158 κανὼν,
1781 1102 1899 1153 τοῖς
1956 1089 2079 1145 ἐπι-

426 1165 648 1231 σκόποις
696 1167 796 1235 τὴν
848 1167 1078 1234 ἐξουσίαν
1149 1174 1253 1228 νῶν
1334 1172 1789 1240 ἐκκλησιαπικιῦν
1864 1176 2077 1256 ἐπιτρέ-

423 1276 543 1311 πων
572 1259 919 1335 πραγμάτων,
978 1258 1171 1316 κωλύει
1228 1259 1575 1337 μεταϐάλλειν
1646 1266 1776 1322 αὒτὰ
1818 1268 1891 1331 εἷς
1945 1266 2073 1326 ἰδίας

423 1343 633 1424 χρείας,
688 1347 776 1402 καὶ
834 1348 1043 1413 οἰκείοις
1114 1351 1284 1409 αὐτῶν
1349 1353 1620 1431 συγγενέσι
1690 1354 1968 1435 παρέχειν,
2001 1357 2073 1422 εἰς

419 1433 483 1489 τὸ
506 1431 590 1489 διὰ
616 1434 802 1492 τοῦτου
825 1434 1125 1504 λεληθότως
1155 1438 1475 1515 βλάπτεσθαι
1542 1443 1666 1506 τοὺς
1719 1431 1908 1521 λόγους
1954 1431 2071 1501 ⁷τῶν

417 1521 736 1591 ἐκκλησιῶν.
789 1527 880 1583 Διὸ
924 1527 1019 1584 καὶ
1066 1529 1372 1593 ὅπευθύνους
1449 1545 1572 1596 ταῖς
1629 1531 1747 1588 κατ’
1806 1535 2068 1615 ἐπαρχίαν

417 1609 652 1675 συνόδοις
710 1617 891 1693 τιθεὶς,
959 1618 1021 1673 τὸ
1076 1617 1275 1697 πρέπον
1332 1619 1516 1683 αὖτοὺς
1586 1619 1883 1698 δοκιμάζειν
1943 1624 2063 1679 ἐπι-

413 1700 618 1778 τρέπει.
655 1703 754 1760 Καὶ
801 1704 971 1760 τοίνυν
1026 1707 1306 1777 κάνταῦθα,
1354 1706 1468 1764 ἐπεὶ
1535 1712 1670 1766 κατᾶ
1724 1713 1785 1767 τὸ
1843 1710 2065 1779 λεληθὸς

413 1791 550 1868 πρὸς
597 1791 689 1855 τὰς
751 1793 1109 1871 μητροπόλεις
1170 1795 1385 1875 ἔρχεται
1454 1800 1519 1854 τὰ
1571 1804 1665 1866 τῆς
1719 1797 1943 1876 βλάϐης,
2005 1804 2067 1857 τὸ

2167 658 2264 702 res
2293 641 2524 721 accepti
2554 642 2903 705 detrimenti
2931 650 3091 723 sunt,
3119 642 3316 705 eidem
3335 639 3620 704 reddatur
3643 638 3825 702 :reli-

2166 747 2348 810 quum
2381 730 2666 809 ecclesia,
2701 732 2863 794 nulla
2893 731 3277 793 innovatione
3332 731 3510 806 facta,
3546 727 3658 789 sibi
3688 746 3823 790 ser-

2166 826 2281 881 vet.

2247 905 2412 979 Quod
2436 916 2631 968 autem
2654 907 2778 971 haec
2802 926 2835 970 a
2853 907 3026 970 nobis
3048 908 3127 969 ita
3151 907 3823 979 deﬁnita,conscntanea

2164 994 2283 1056 sint
2304 1006 2595 1058 accuratae
2642 1015 2937 1059 canonum
2970 997 3180 1071 menti,
3217 1014 3284 1058 ex
3317 994 3463 1076 ipsis
3492 994 3821 1056 canonibus

2163 1084 2353 1145 sacris
2383 1096 2637 1146 constat.
2691 1084 2835 1147 Nam
2876 1086 3115 1167 quintus
3146 1093 3207 1147 et
3255 1083 3573 1146 vicesimus
3604 1082 3815 1145 Antio-

2161 1174 2368 1234 clienae
2386 1174 2594 1253 synodi
2613 1193 2827 1251 canon,
2855 1184 3203 1255 potestatem
3224 1175 3283 1235 in
3305 1192 3400 1235 res
3448 1171 3814 1234 ecclesiasti-

2159 1281 2257 1323 cas
2288 1262 2583 1343 episcopis
2626 1264 2984 1335 concedens,
3020 1262 3338 1345 quominus
3395 1280 3494 1323 eas
3552 1259 3612 1321 in
3676 1278 3815 1321 usus

2154 1367 2293 1411 suos
2315 1362 2679 1425 convertant,
2716 1352 3097 1433 cognatisque
3119 1351 3242 1412 suis
3274 1350 3666 1432 praebeantmt
3701 1349 3814 1411 hoc

2154 1439 2333 1500 modo
2364 1439 2625 1501 rationes
2650 1440 3037 1502 ecclesiarum
3062 1441 3237 1501 tacite
3262 1439 3684 1500 detrimentum
3708 1457 3810 1498 ca-

2151 1527 2337 1608 piant,
2394 1528 2692 1608 prohibet.
2727 1529 2989 1611 Ideoque
3039 1529 3369 1591 rationibus
3425 1527 3496 1589 ad
3555 1526 3812 1606 synodos

2152 1617 2544 1695 provmeiales
2577 1618 2902 1680 reddendis
2953 1617 3241 1679 obnoxios
3297 1616 3544 1690 faciens,
3607 1614 3811 1676 decori

2149 1705 2494 1784 explorandi
2511 1726 2710 1767 curam
2728 1708 2815 1768 eis
2839 1706 3489 1787 injungit.Quapr0pter
3502 1704 3595 1766 hic
3609 1704 3805 1779 etiam,

2150 1813 2284 1855 cum
2317 1795 2492 1857 tacite
2519 1796 2799 1857 damnum
2833 1797 2904 1857 ad
2958 1798 3118 1877 ipsas
3178 1795 3538 1876 metropoles
3574 1794 3802 1865 tedcat,

410 1876 612 1956 πρέπον
654 1881 689 1949 ἡ
718 1880 837 1938 καθ’
863 1884 1008 1958 ἡμᾶς
1040 1884 1163 1963 ἁγία
1204 1883 1416 1950 σύνοδος
1473 1885 1822 1962 δοκιμάσασα,
1898 1890 2041 1968 ἀναγ-

2150 1883 2276 1945 haec
2297 1892 2502 1947 sancta
2518 1886 2775 1966 synodus
2822 1895 3044 1961 nostra,
3081 1884 3285 1947 decori
3316 1885 3541 1945 ratione
3574 1882 3797 1955 habita,

411 1967 575 2031 aulo);
645 1970 779 2056 την.
814 1977 920 2026 τῶν
977 1973 1267 2049 οἰκονόμων
1363 1978 1698 2056 προχείρισιν
1771 1967 2058 2052 διετάξατο,

406 2053 657 2138 κίανὰετὸν
703 2048 779 2115 ια’
820 2058 1064 2126 δηλονότι
1108 2066 1205 2131 τῆς
1275 2061 1502 2137 ἑϐδόμη)
1574 2064 1784 2124 συνῖδιυ
1841 2070 2058 2128 κανόνα.

412 2132 637 2204 ’Ἄδεισν
680 2148 780 2227 γὰρ
810 2147 1015 2215 ἐκεῖνος
1077 2148 1251 2207 δίδωσι
1309 2155 1396 2210 καὶ
1465 2161 1542 2229 τῷ
1599 2155 1879 2233 ἁγιωτάτῳ
1948 2180 2059 2213 πα·-

406 2234 664 2316 τριάρχῃ,
739 2239 826 2293 καὶ
879 2252 995 2302 τοῖς
1054 2242 1354 2319 ἱερωτάτοις
1414 2245 1851 2321 μητροπολίταις,
1909 2249 2056 2304 οἶκο-

398 2324 591 2398 νόμους
634 2330 886 2400 καθιστᾷν
916 2331 973 2385 ἒν
1042 2344 1163 2396 ταῖς
1230 2331 1557 2409 ἐκκλησίαις,
1617 2336 1691 2392 ὧν
1747 2339 1792 2390 οἳ
1850 2359 2054 2416 μητρο-

397 2411 621 2470 πολτται
665 2416 752 2471 καὶ
781 2418 828 2471 οἱ
859 2416 1136 2476 ἐπῖσκοποι
1165 2431 1319 2479 τοῦτο
1348 2436 1524 2479 ποιεῖν
1567 2429 1659 2483 οὒκ
1685 2424 1988 2503 ἆνέχονταιε
2016 2427 2052 2495 ἢ

400 2504 493 2559 καὶ
522 2510 699 2570 κακῶς
729 2506 795 2561 τά
841 2512 947 2562 τῶν
1009 2508 1340 2577 Ἐκκλησιῶν
1394 2511 1676 2575 διέπουσιν.
1755 2508 1883 2573 ’Ότι
1939 2514 1993 2571 δὲ
2025 2521 2052 2573 ὁ

397 2598 634 2657 τοιοῦτος
677 2595 853 2650 κανὼν
882 2602 959 2671 τῷ
985 2604 1078 2653 τοῦ
1127 2602 1382 2678 πρότεροῦ
1435 2601 1636 2674 συνᾴδει
1706 2612 1912 2679 σκοπῷ,
1961 2607 2050 2661 οὖ·-

396 2678 521 2736 δένα
552 2680 708 2757 οἶμαι
761 2680 1163 2764 διαμφιὸαλλειν
1219 2696 1324 2743 τῶν
1394 2690 1472 2765 μὴ
1532 2692 1807 2771 παρέργως
1866 2696 2049 2757 αὖτοῖς

395 2771 491 2825 τὸν
520 2777 639 2827 νοῦν
697 2769 1056 2851 ἐφιστώντωυ,
1090 2773 1240 2834 Ἐπεὶ
1282 2778 1371 2834 οὖν
1442 2769 1679 2860 ἐνταῦθα,
1715 2769 1813 2845 νὼς
1869 2790 2047 2863 σαφῶς

394 2856 783 2936 ἀποδέδεικται,
817 2875 935 2925 τοῖς
966 2864 1123 2928 θείοις
1155 2867 1368 2923 κανόσιν
1419 2856 1673 2943 ἑπόμενοι⁷
1710 2871 1776 2926 τὰ
1805 2856 2050 2950 ἀνωτέρω

392 2948 647 3025 εἰρημένα
732 2948 1155 3034 διετυπώσαμεν,
1251 2953 1333 3012 δεῖ
1431 2959 1595 3013 ταῦτα
1663 2948 2044 3038 διενεργεῖσθαι

386 3036 817 3119 ἀναμφιλέκτως,
849 3038 935 3097 ἐπί
988 3063 1046 3098 τε
1087 3050 1194 3099 τῶν
1249 3042 1353 3113 ἠδη
1411 3045 1673 3124 προξένων
1747 3036 2047 3128 γεγονότων

385 3128 580 3201 ζημίας
635 3141 759 3192 ταῖς
817 3130 1210 3211 μητροπόλεσιν
1259 3133 1588 3216 ἐπισκόπων,
1660 3139 1748 3194 καὶ
1789 3139 1876 3194 ἐπὶ
1934 3146 2039 3196 τῶν

2148 1975 2486 2034 necessario
2508 1974 2959 2036 constituendos
2979 1975 3048 2035 ad
3061 1974 3495 2035 ministratores
3516 1971 3796 2046 decrevit,

2143 2062 2471 2122 secundum
2506 2081 2566 2125 x1
2596 2064 2824 2125 scilicet
2854 2063 3091 2125 concilii
3145 2062 3380 2143 septimi
3401 2079 3708 2123 canonem.
3743 2059 3799 2121 Is

2143 2150 2301 2211 enim
2339 2151 2631 2212 licentiam
2667 2154 2765 2213 dat
2808 2160 2929 2212 tum
2990 2150 3367 2212 sanctiSsimo
3419 2150 3790 2231 patriarchze,

2142 2246 2264 2299 tum
2300 2240 2715 2301 sacratissimis
2752 2240 3230 2318 metropolitanis
3259 2258 3606 2300 (economos
3643 2239 3698 2298 in
3724 2239 3798 2300 iis

2141 2327 2413 2388 ecclesiis
2471 2328 2895 2403 constituendi,
2944 2347 3191 2410 quarunt
3252 2328 3689 2409 metropolitani
3740 2336 3799 2389 et

2139 2416 2405 2496 episcopi
2436 2417 2550 2478 hoc
2587 2418 2785 2478 facere
2818 2437 2936 2478 non
2989 2417 3308 2492 sustinent,
3342 2426 3443 2477 aut
3493 2418 3647 2478 male
3697 2436 3796 2478 res

2137 2504 2532 2566 ecclesiarum
2563 2506 2983 2567 adnnnistrant
3042 2504 3207 2578 Quod
3251 2515 3445 2566 autem
3480 2524 3666 2565 canon
3696 2506 3798 2568 ille

2134 2612 2271 2654 cum
2305 2613 2487 2675 scopo
2512 2594 2734 2675 prioris.
2757 2594 3422 2667 consentiat,neminem
3456 2612 3524 2655 ex
3556 2594 3628 2654 iis
3661 2614 3786 2655 am-

2134 2680 2337 2761 bigere
2357 2682 2746 2764 arbitror,qui
2779 2702 2897 2745 non
2917 2684 3108 2745 otiose
3138 2693 3397 2744 mentem
3430 2682 3489 2743 in
3521 2701 3622 2744 eos
3646 2685 3793 2745 deti-

2132 2780 2299 2850 gunt.
2334 2770 2477 2833 Cum
2509 2771 2689 2848 igitur
2734 2772 2857 2846 hic,
2893 2771 2975 2833 uti
3037 2770 3264 2851 liquido
3323 2771 3788 2833 demonstratum

2131 2867 2555 2935 est,sacrorum
2588 2879 2883 2922 canonum
2914 2859 3175 2938 vestigiis
3206 2859 3572 2942 insistentes,
3605 2880 3785 2941 supe-

2131 2949 2259 3009 rius
2292 2949 2549 3012 indicatn
2596 2948 3054 3023 sanciverimus,
3090 2957 3323 3029 oportet
3354 2968 3422 3010 ea
3463 2948 3608 3011 citra
3639 2970 3787 3011 con-

2134 3037 2546 3099 tradictionem
2600 3039 2868 3119 exsequi,
2922 3046 3039 3099 tam
3098 3038 3158 3099 in
3215 3037 3289 3099 iis
3332 3039 3654 3121 episcopis,
3689 3040 3790 3121 qui

2134 3126 2421 3188 hactenus
2451 3134 2726 3189 auctores
2747 3127 3084 3189 exstiterint
3107 3127 3336 3208 accepti
3357 3128 3788 3209 metr0potibus

388 3213 494 3283 ἤδη
526 3214 1001 3295 προσδοκωμένων,
1074 3223 1159 3278 καὶ
1232 3230 1410 3288 κακῶς
1467 3224 1533 3280 τὰ
1586 3231 1693 3282 τῶν
1749 3225 2041 3294 ἐκκλησιῶν

2132 3215 2358 3293 damni,
2393 3236 2569 3298 quam
2603 3217 2701 3298 qui
2733 3216 3020 3298 deinceps
3076 3223 3513 3296 exspectantur,
3549 3225 3607 3277 et
3637 3219 3788 3279 male

389 3305 847 3388 καταχρωμένων,
905 3311 993 3366 καὶ
1080 3312 1496 3387 ἐκποιουμένων,
1572 3315 1661 3371 καὶ
1719 3316 2036 3395 σκορπέζόν-

370 3408 497 3451 ’των
553 3394 925 3477 ἀνελευθέρως,
985 3397 1018 3455 ἂ
1061 3401 1156 3456 οῦκ
1224 3401 1611 3482 ἐπισυνήγαγον
1681 3406 1887 3472 αὐταῖς,
1953 3406 2039 3462 καὶ

385 3481 621 3559 μάλιστα
663 3491 769 3541 τῶν
825 3486 892 3542 τὰ
932 3486 1185 3567 ἀλλότρια
1242 3491 1492 3565 κτήματα
1533 3481 2033 3569 ἐκλαμϐανομένων,

380 3572 420 3641 ἢ
462 3574 551 3629 καὶ
617 3575 879 3649 κοσμικὰς
932 3575 1152 3642 ἀναξίως
1228 3581 1748 3659 μεταχειριζομένων
1818 3604 2035 3663 φροντι-

382 3659 497 3734 δας,
570 3670 679 3720 τῶν
720 3661 776 3720 δὲ
826 3670 925 3733 τῆς
983 3664 1259 3746 λιχούσης
1329 3668 1516 3734 αὖτοὺς
1545 3659 2033 3751 καταφρονούντων.

385 3749 549 3809 Ἀλλὰ
578 3753 665 3810 καὶ
724 3760 830 3810 τῶν
885 3756 1160 3837 τοιούτων,
1207 3758 1251 3813 εἰ
1305 3758 1382 3832 μὴ
1450 3749 1889 3840 μεταϐάλλοιντο,
1947 3762 2036 3817 καὶ

380 3841 679 3921 καθαίρεσιν
707 3841 912 3900 τελείαν
942 3847 989 3901 οἱ
1045 3852 1137 3902 τοῦ
1209 3844 1370 3923 λόγου
1440 3847 1632 3921 μύσται
1702 3851 1790 3905 καί
1860 3871 2029 3924 μυστ-

379 3933 577 4008 αγωγοὶ
607 3937 715 3987 τῶν
760 3932 1004 4012 [ἰκτέρων
1053 3934 1145 3989 σὺν
1204 3936 1384 3999 αὖτοϊς
1444 3934 1662 4001 ἐκείνοις
1715 3939 2026 4013 καταψηφί-

375 4025 576 4090 ζονται,
605 4022 838 4095 μηκενὸς
899 4020 1147 4098 ἐμποδὶου
1212 4024 1354 4100 παρα
1395 4029 1499 4080 τῶν
1564 4023 1867 4081 ἐπισκόπων
1938 4028 2020 4081 ἐπ-

378 4107 638 4186 αγομένου
681 4122 800 4173 τοῖς
829 4111 1157 4189 πράγμασιν,
1204 4110 1363 4191 ἄχρις
1407 4114 1468 4167 οῦ
1496 4114 1560 4172 τά
1615 4135 1672 4169 τε
1702 4116 2027 4190 ζημιιέῳατα

365 4209 486 4262 ταῖς
544 4196 938 4276 μητροπόλεσιν
994 4203 1250 4277 ἱκανωθῇ,
1343 4199 1394 4266 ἐξ
1451 4199 1525 4257 ὤν
1583 4204 1669 4258 καὶ
1723 4202 2022 4285 ἐπηνέχθη,

365 4287 455 4341 καὶ
483 4283 768 4364 διαγνωσις
799 4287 1018 4365 γένηται
1046 4296 1140 4346 τοῦ
1169 4287 1378 4362 λοιποῦ,
1414 4288 1525 4345 εἴτε
1595 4293 1726 4370 πρὸς
1788 4294 1851 4347 τὰ
1909 4283 2029 4350 iam;

362 4374 579 4449 κείμένα
625 4375 841 4441 ταύταις
896 4376 1168 4456 ἐξαρκοῦσι
1237 4378 1397 4457 βάρη,
1472 4377 1582 4435 εἴτε
1667 4383 1755 4437 καὶ
1810 4383 1908 4456 μή.
1976 4384 2031 4439 Εἰ

359 4460 420 4519 δέ
450 4485 511 4541 γε
547 4467 650 4544 πρὸ
707 4465 799 4521 τοῦ
872 4466 1036 4523 ταῦτα
1092 4466 1354 4544 γενέσθαι,
1433 4467 1723 4543 τολμήσεοέ
1785 4493 1867 4535 τις
1925 4477 2030 4526 τὼν

2127 3305 2306 3366 rebus
2335 3305 2731 3369 ecclesiarum
2774 3305 3123 3380 abutantur,
3160 3323 3380 3385 easque
3410 3305 3693 3380 alienant,
3728 3317 3788 3369 et

2123 3393 2500 3457 illiberaliter
2528 3395 2981 3476 dissipant,quze
3000 3412 3105 3475 pro
3129 3393 3216 3454 eis
3233 3392 3347 3475 ipsi
3378 3414 3495 3455 non
3519 3395 3783 3474 college-

2123 3490 2358 3564 runt;ac
2376 3481 3050 3564 praesertim,quialiena
3074 3481 3294 3562 praedia
3315 3482 3650 3544 conducunt
3684 3492 3784 3545 aut

2122 3572 2432 3651 indignum
2466 3572 2527 3633 in
2561 3574 2802 3633 modum
2841 3571 3173 3633 mundanas
3198 3573 3538 3635 curationes
3562 3573 3621 3634 in
3647 3592 3783 3637 sese

2120 3660 2622 3742 suscipiunt,cum
2648 3679 2747 3722 res
2769 3661 3039 3722 ecclesias
3055 3660 3170 3721 sibi
3203 3662 3634 3724 commendata:
3667 3682 3776 3726 ne-

2120 3748 2531 3827 gligant.Qnin
2565 3752 2740 3812 etiam
2779 3748 3070 3822 tales,nisi
3101 3757 3426 3823 mutentur,
3459 3749 3780 3830 depositio-

2118 3842 2212 3897 nis
2244 3837 2435 3918 plrnaa
2464 3837 2760 3900 sententia
2794 3846 2997 3917 mystae
3026 3835 3188 3897 verbi
3213 3838 3437 3911 Patres,
3465 3845 3522 3898 et
3556 3848 3777 3919 myste-

2114 3926 2342 3987 riorum
2370 3927 2673 4002 doctores,
2721 3945 2835 3988 una
2865 3944 3004 3987 cum
3038 3925 3182 4003 ipsis
3232 3928 3557 3991 damnaut:
3613 3929 3777 3992 nullo

2111 4016 2542 4096 impedimento
2565 4016 2747 4077 rebus
2772 4033 2878 4096 per
2908 4015 3223 4095 episcopos
3244 4014 3777 4087 atferendo,donec

2109 4104 2166 4165 ei
2193 4103 2269 4165 de
2300 4104 2535 4166 damnis
2578 4104 2945 4167 satisfactum
3006 4103 3441 4184 metropolibus
3492 4105 3671 4168 fuerit
3698 4108 3772 4170 ab

2112 4191 2251 4264 iis,a
2282 4193 2502 4274 quibus
2531 4192 2693 4255 illata
2743 4202 2905 4267 sunt,
2941 4201 3000 4254 et
3048 4192 3387 4270 cognitione
3416 4193 3588 4271 facta,
3621 4213 3773 4258 con-

2114 4283 2332 4345 stiterit
2362 4282 2422 4343 in
2455 4290 2779 4363 posterum,
2817 4301 2891 4344 an
2942 4280 3428 4344 incumbentibus
3456 4283 3569 4346 sibi
3603 4287 3769 4347 sufﬁ-

2114 4369 2274 4432 ciant
2300 4372 2584 4434 oneribus
2625 4372 3009 4453 metropoles,
3045 4389 3262 4433 necne.
3294 4370 3462 4444 Quod
3499 4374 3550 4435 si
3581 4377 3768 4458 prius,

2113 4477 2289 4539 quam
2321 4460 2448 4523 haac
2474 4464 2639 4537 fiant,
2674 4461 3093 4543 episcodorum
3124 4461 3415 4541 quispiam
3451 4462 3628 4524 fuerit
3656 4482 3769 4526 au-

361 4552 680 4610 ἐπισκόπων
763 4554 1028 4635 πρόφασιν
1112 4554 1441 4631 ἐμποδισμοῦ
1520 4571 1637 4621 τοές
1729 4559 2026 4634 οἰκονόμοις

2129 4565 2216 4609 sus
2246 4549 2663 4630 impedimenti
2695 4568 2933 4612 causam
2991 4550 3324 4611 oeconomia
3355 4551 3642 4629 objicere,
3676 4555 3768 4616 vel

357 4640 703 4722 ἐπενεγκεῖν,
763 4643 798 4713 ἢ
869 4643 1272 4725 παρενοχλῆσαι
1343 4659 1462 4708 τοῖς
1524 4646 1820 4725 πραγμασι,
1881 4646 2023 4715 πλὴν

2129 4636 2445 4698 nolestiam
2482 4637 2736 4717 negotiis
2767 4639 2980 4699 afferre
3007 4654 3021 4696 :
3070 4645 3233 4698 extra
3263 4656 3438 4718 quam
3470 4639 3519 4699 si
3550 4641 3770 4703 docere

367 4731 461 4788 τοῦ
490 4731 862 4792 ἀναδιδάσκειν
917 4732 1049 4790 εἴτι
1098 4735 1203 4790 τῶν
1274 4736 1402 4813 πρὸς
1459 4733 1719 4814 ὠφέλειαν
1770 4743 1875 4792 τῶν
1925 4737 2018 4793 ἐκ·

356 4819 598 4889 κλησιτῦν
674 4821 977 4881 ἐπίστανται
1066 4822 1358 4888 συντελετν,
1432 4826 1586 4887 αὖτὶς
1686 4826 1853 4900 ἐαυτῷ
1921 4829 2018 4893 τῆς

351 4909 599 4985 μείζονος
632 4908 918 4979 καταδίκης
950 4912 1230 4990 γενήσεται
1261 4911 1533 4991 πρόξενος,
1583 4914 1655 4977 ὡς
1722 4928 1840 4977 τοῖς
1896 4936 1987 4970 συν

353 4997 549 5063 οδικῶς
654 5000 742 5056 καὶ
820 5007 1111 5063 κανονικιῦς
1216 5001 1500 5079 ὁρισθεῖσιν
1586 5004 2007 5077 ἐναντιούμενος,

354 5085 524 5145 Ἀλλὰ
567 5087 707 5164 μηδὲ
738 5095 836 5156 τῆς
869 5090 1001 5146 κατᾶ
1032 5090 1128 5156 τὴν
1173 5088 1438 5170 ἐπαρλιαν
1497 5090 1711 5148 συνόδου
1769 5092 2010 5169 ἀπολιμ-

357 5178 612 5236 πάνεσθαι
696 5181 816 5242 τοὺς
894 5179 1232 5249 ἐπισκόπους,
1310 5181 1477 5259 χωρὶς
1542 5179 1829 5253 ἀναγκαίας
1871 5184 2010 5247 τινὸς

345 5269 437 5324 καὶ
496 5268 859 5346 ἀπαραιτήτου
928 5269 1118 5343 αἰτίας,
1181 5268 1425 5337 σονοῧικῆ
1498 5271 1662 5350 ψήφῳ
1703 5271 1790 5326 καὶ
1844 5271 2007 5350 κρίσει

350 5354 706 5435 διοριζόμεθα,
781 5347 866 5421 ἰις
951 5358 1051 5437 γὰρ
1106 5356 1190 5414 ἐπὶ
1273 5347 1604 5429 λυσιτελείᾳ-
1651 5347 1890 5414 πολλῶν.
1918 5361 2007 5417 καὶ

339 5444 632 5523 οἰκοδομῇ,
693 5446 840 5526 τάχα
913 5444 966 5502 δὲ
1064 5447 1154 5503 καὶ
1209 5443 1476 5519 διορθώσει
1543 5448 1790 5503 ἐναντίων
1846 5455 2005 5505 τινῶν

335 5536 752 5610 συμπιπτόντων
811 5536 1119 5616 ἐριασταχῆ,
1174 5532 1257 5591 δεῖ
1310 5534 1371 5590 ἐκ
1426 5536 1626 5599 παντὸς
1679 5536 1845 5593 τόπου
1901 5538 2003 5605 τὴν

341 5622 642 5681 συνέλευσιν
700 5624 929 5703 γίνεσθαι
966 5638 980 5653 ⁶
1041 5625 1128 5681 καὶ
1186 5626 1214 5680 ὁ
1287 5620 1585 5703 ἆνευλόγως
1645 5624 1842 5691 ταύτης
1905 5626 2004 5708 ἀφ-

341 5719 596 5792 υστερῶν.

2106 4726 2247 4787 velit
2275 4726 2499 4808 aliquid
2533 4746 2766 4808 eorum,
2816 4746 2948 4808 quae
3004 4727 3320 4787 commodo
3375 4729 3767 4792 ecclesiarum

2102 4816 2391 4879 servitura
2427 4819 2626 4879 norint
2659 4838 2673 4878 :
2718 4818 2769 4878 is
2793 4816 2980 4897 ipsius
3016 4814 3129 4876 sibi
3157 4816 3445 4894 gravioris
3473 4822 3766 4881 condem-

2102 4904 2360 4967 nationis
2389 4906 2742 4968 conciliator
2766 4906 2900 4979 erit,
2959 4914 3015 4964 ut
3070 4905 3174 4985 qui
3233 4906 3496 4967 definitzs
3526 4926 3595 4969 ex
3655 4929 3767 4971 au-

2098 4993 2371 5056 ctoritate
2405 4997 2764 5077 synodorum
2799 5004 2857 5056 et
2888 5012 3183 5055 canonum
3219 4993 3764 5071 adversetur.Quin

2097 5084 2279 5146 etiam
2313 5105 2390 5149 ne
2410 5086 2874 5169 provincialibus
2896 5083 3159 5165 episcopi
3203 5084 3442 5163 synodis
3468 5086 3762 5149 interesse

2095 5174 2419 5255 negligant,
2455 5176 2681 5257 absque
2713 5174 3055 5237 necessaria
3110 5176 3362 5253 quadam
3396 5185 3455 5236 et
3513 5177 3766 5239 minime

2092 5264 2344 5343 rejicula
2360 5284 2537 5327 causa
2560 5263 2824 5346 synodali
2854 5262 3098 5324 decreto
3117 5263 3532 5345 sententiaque
3549 5274 3704 5328 statu
3719 5269 3767 5328 i-

2094 5370 2249 5414 mus.
2279 5353 2508 5438 Quippe
2537 5369 2817 5434 tanquam
2858 5353 2930 5414 ad
2971 5351 3290 5414 utilitatem
3351 5356 3669 5417 multorum
3705 5377 3764 5434 ει

2092 5441 2650 5518 aaditicationem,ac
2678 5440 2945 5505 fortassis
2967 5440 3141 5502 etiam
3158 5446 3591 5505 correctionem
3619 5464 3761 5508 con-

2092 5532 2407 5596 trariorum
2441 5553 2578 5616 quo:
2600 5533 2874 5607 umdam,
2908 5530 3164 5612 singulis
3192 5533 3564 5612 temporibus
3592 5535 3755 5596 inci-

2089 5623 2387 5702 dentium,
2413 5645 2446 5687 e
2468 5622 2681 5707 quovis
2715 5619 3190 5685 conveniendum
3218 5631 3308 5682 est
3337 5621 3468 5684 loco
3503 5640 3518 5687 :
3557 5630 3616 5685 et
3644 5624 3751 5704 qni

633 5712 669 5782 ἢ
714 5711 1040 5787 καλούμενος
1071 5713 1321 5782 ἀπειθεῖν),
1376 5712 1420 5767 εί
1449 5713 1528 5791 μὴ
1586 5714 2000 5798 ε’›προ’ρᾶσιστον

2129 5712 2308 5801 bsque
2326 5715 2486 5796 jusla
2517 5733 2694 5787 causa
2741 5733 2774 5776 a
2817 5719 3107 5783 conventu
3162 5711 3349 5803 abest,
3385 5720 3482 5773 aut
3517 5724 3756 5788 vocatus
