4130 6418
394 379 515 449 833

1741 382 2371 453 GRECO-ROMANU
2380 390 2434 451 Μ

3672 376 3789 449 834

395 521 581 593 αὐτοῦ,
613 519 668 576 ἐν
722 533 841 584 τοῖς
898 520 1177 603 ἐγγράφοις
1235 522 1406 579 αὐτῶν
1446 537 1717 604 τυπικοϊς,
1778 522 2041 581 ἀναστέλ-

2140 518 2251 579 suis
2273 519 2513 597 judices
2542 527 2853 593 coercent,
2889 521 3212 600 quominus
3254 519 3313 580 in
3370 534 3657 600 personas
3687 534 3792 578 ec-

396 607 548 669 λοοσι
577 609 700 672 τοὺς
769 607 1018 673 δικαστὰς
1084 619 1304 669 τοιαῦτα
1365 614 1438 676 εἷς
1509 614 1576 669 τὰ
1633 613 2047 680 ἐκκλησιαστικά

395 698 747 754 νεανιεύεσθαι
803 699 1082 779 πρόσωπα.
1189 692 1605 782 ’Υφαρπάζεσθαι
1690 704 1790 783 γὰρ
1842 703 1908 761 τὰ
1952 703 2047 759 ἐκ-

396 785 777 860 κλησιαστικά,
866 791 954 846 καὶ
1025 791 1159 871 ἱερά,
1219 794 1307 848 καὶ
1359 795 1481 848 θεια
1538 792 1825 871 προνόμια,
1907 792 2050 870 παρὰ

400 881 508 931 τῶν
565 878 864 951 θεματικῶν
919 877 956 946 ἢ
1025 877 1313 938 πολιτικῶν
1397 878 1678 944 δικαστῶν,
1762 881 1900 944 ὅλως
1959 886 2053 941 οὐκ

401 963 727 1044 ἀνεχόμεθα.
761 963 928 1023 Ἀλλά
961 968 1045 1024 καὶ
1073 970 1176 1047 πρὸ
1219 970 1374 1043 ἡμῶν
1415 971 1443 1026 ὁ
1484 970 1586 1026 ὑπὸ
1641 971 1838 1027 τούτων
1881 992 2051 1027 κατα-

401 1054 755 1134 φρονούμενος
865 1058 953 1113 καὶ
1033 1057 1483 1137 μυκτηριζο’μενος
1595 1060 1747 1132 Θεὸς,
1844 1055 2051 1115 ἔκδικον

402 1146 584 1205 αὐτοῖς
616 1143 812 1224 ἐποίσει
882 1147 982 1212 τὴν
1025 1147 1409 1227 ἀγανάκτησιν,
1480 1149 1570 1204 καὶ
1636 1171 1736 1215 την
1795 1147 2054 1228 ῥομφαίαν

402 1229 607 1289 δικαίαν
690 1232 968 1291 στιλϐὠσει
1048 1239 1146 1304 τῆς
1226 1235 1567 1308 ἐκδικήσεως.
1641 1240 1882 1318 Αἰσχύνη
1954 1239 2054 1315 γὰρ

401 1322 492 1377 καὶ
542 1318 711 1403 ὕϐρις,
756 1324 878 1387 τοὺς
947 1324 1044 1393 τῆς
1102 1326 1365 1405 θειοτέρας
1436 1329 1525 1383 καὶ
1564 1328 1859 1407 κρείττονος
1927 1327 2051 1401 μοί-

406 1431 523 1487 ρας,
585 1410 670 1467 ἐπὶ
724 1418 997 1488 κοσμικῶν
1053 1412 1535 1491 διαπληκτίζεσθαι,
1590 1417 1676 1472 καὶ
1730 1417 1821 1481 τὰς
1881 1413 2053 1472 λοιδό-

405 1519 526 1575 ρους
610 1495 901 1579 διερεθίζειν
985 1501 1230 1580 γλώσσας
1313 1506 1448 1561 κατά
1533 1506 1731 1567 παντὸς
1804 1511 1896 1561 τοῦ
1951 1509 2049 1571 τῆς

404 1585 727 1655 Ἐκκλησίας
800 1591 1183 1669 πληρώματος.
1250 1582 1327 1651 U0
1398 1594 1485 1650 καὶ
1553 1592 1782 1669 μάλιστα
1843 1597 1890 1650 οἱ
1948 1599 2051 1649 τῶν

402 1674 692 1752 βασιλικῶν
748 1676 1049 1756 λεγομένων
1109 1688 1286 1757 μονῶν
1336 1685 1427 1740 καὶ
1493 1683 1707 1763 κλήρων
1807 1682 2053 1760 κληρικοὶ

402 1765 493 1821 καὶ
524 1765 834 1840 μονάζοντες
905 1768 1202 1836 ἀνευλαϐῶς
1263 1785 1437 1829 ποιεῖν
1485 1775 1573 1830 καὶ
1640 1773 1862 1836 ἀνοσίως
1923 1775 2053 1850 θρα-

405 1854 668 1934 σύνονται,
724 1856 825 1913 ὑπὸ
893 1860 1164 1935 κοσμικῶν
1222 1862 1517 1940 αἱρούμενοι
1586 1862 1670 1918 ἐπὶ
1724 1860 2052 1939 καταγνώσει

407 1942 606 1999 ἑαυτῶν
664 1945 925 2024 κρίνεσθαι
994 1949 1082 2004 καὶ
1180 1950 1601 2029 κατακρίνεσθαι,
1675 1951 1763 2016 οὕς
1815 1949 2050 2028 βελτιοῡν

408 2033 667 2089 αὐτοίκαὶ
709 2034 967 2113 ῥυθμίζειν
1011 2037 1295 2117 ἐτάγησαν,
1331 2040 1367 2108 ἢ
1435 2041 1735 2120 ἀρχιερεῦσι
1791 2039 1922 2096 Θεοῦ
1980 2040 2051 2102 εἷς

407 2125 604 2198 γνῶσιν
632 2124 699 2180 τὰ
724 2120 943 2205 διάφορα
970 2127 1289 2206 προτιθέναι,
1322 2130 1409 2185 καὶ
1466 2133 1560 2194 τὰς
1604 2130 1801 2186 τούτων
1859 2130 2051 2201 αίτίας,

405 2210 496 2266 καὶ
525 2210 623 2278 τὴν
692 2212 1020 2292 ἁρμόζουσαν
1090 2216 1289 2274 ἐκεῖθεν
1343 2220 1620 2296 θεραπείαν
1694 2221 1766 2281 ὡς
1822 2216 1873 2284 ἐξ
1930 2218 2053 2274 ἐπι-

405 2300 689 2374 στημόνων
718 2302 1018 2386 κομίζεσθαι
1047 2307 1236 2384 ἰατρῶν
1248 2355 1265 2380 ,
1314 2309 1400 2363 καὶ
1449 2309 1577 2380 πρὸς
1648 2308 1744 2375 τὴν
1801 2315 1893 2363 τοῦ
1948 2329 2052 2362 κα-

406 2386 501 2443 λοῦ
531 2388 760 2463 μελέτην
830 2392 1245 2472 ἐπιθαῤῥύνεσθαι
1290 2397 1390 2463 τὴν
1433 2397 1646 2474 ἀρετήν,
1709 2396 1875 2452 Ἀλλά
1932 2398 2053 2460 τοὺς

405 2477 513 2532 τῶν
573 2480 821 2535 τοιούτων
881 2485 1251 2563 μοναστηρίων
1339 2487 1608 2565 μοκιαχούς
1670 2485 1882 2542 τοιαῦτα
1937 2485 2056 2541 τολ-

403 2571 621 2639 μῶντας
680 2570 963 2635 συνοδικῶς
1048 2571 1472 2653 ἀποφαινόμεθα,
1576 2576 1713 2649 μήτε
1769 2576 1889 2638 τοὺς
1960 2574 2055 2642 τῆς

408 2653 668 2734 ἐπαρχίας
700 2656 902 2725 ἐκείνης
976 2659 1316 2737 ἔπισκόπους,
1378 2666 1515 2739 μήτε
1569 2666 1690 2729 τοὺς
1762 2686 1889 2744 παρ,
1964 2665 2055 2721 ὲν-

407 2746 574 2823 ορίαν,
622 2746 657 2813 ἢ
702 2750 1027 2826 χειροθεσίας
1098 2750 1396 2826 καταξιοῦν,
1575 2753 1815 2832 εὐλογίας
1876 2755 2055 2833 ἐτέρας

405 2838 496 2889 καὶ
526 2838 802 2900 κοινωνίας
834 2837 1186 2912 μεταδιδόναι,
1242 2840 1313 2898 Οὐ
1395 2843 1495 2921 γὰρ
1553 2842 1785 2920 πάραδον
1842 2842 2056 2905 ἑαυτοῖς

407 2922 492 2979 ἐπὶ
522 2931 685 2981 ταῦτα
711 2922 1225 3005 πραγματευόμενοι,
1259 2928 1393 2987 ἀλλά
1421 2932 1482 2987 τὸ
1525 2935 1717 3007 σεμνὸν
1773 2931 1833 2988 ἐκ
1861 2934 2056 2994 παντὸς

406 3013 602 3090 τρόπου
671 3016 759 3071 καὶ
840 3018 901 3072 τὸ
988 3018 1161 3093 τίμιον
1238 3024 1336 3086 τῆς
1421 3020 1708 3095 μοναδικῆς
1789 3020 2057 3084 πολιτείας

2130 606 2499 669 clesiasticas
2552 607 2688 669 talia
2711 607 3062 687 juveniliter
3101 609 3360 671 audeant
3388 606 3787 670 committere.

2130 693 2361 776 Quippe
2392 696 2620 777 subripi
2652 696 2823 758 nobis
2845 696 3272 772 ecclesiastica,
3298 708 3355 758 et
3384 715 3551 758 sacra
3584 716 3598 756 :
3625 696 3787 757 diva-

2133 803 2249 864 que
2274 785 2598 865 privilegia.
2636 786 2758 847 sive
2810 804 2843 846 a
2876 785 3360 865 provincialibus,
3389 787 3512 847 sive
3542 785 3789 847 urbanis

2127 873 2460 954 judicibus,
2493 874 2735 936 omnino
2770 893 2887 935 non
2946 875 3228 954 patimur.
3261 874 3386 936 Imo
3419 875 3594 936 etiam
3653 880 3791 935 ante

2136 979 2244 1024 nos
2277 962 2406 1043 ipse
2426 966 2607 1037 Dens,
2644 963 2743 1045 qui
2791 962 2865 1026 ab
2897 964 2984 1025 eis
3012 966 3413 1025 contemnitur
3445 973 3502 1025 et
3529 964 3789 1024 subsan—

2135 1058 2332 1123 natur,
2370 1052 2640 1115 ultricem
2675 1052 2735 1114 in
2767 1071 2870 1114 eos
2920 1052 3386 1133 indignationem
3427 1052 3698 1132 stringet,
3733 1058 3794 1111 et

2130 1140 2358 1220 justum
2419 1141 2690 1203 vindictae
2746 1141 3005 1220 gladium
3065 1159 3385 1203 coruscare
3437 1140 3631 1202 faciet.
3691 1138 3792 1200 Est

2134 1230 2292 1292 enim
2328 1239 2386 1292 et
2415 1230 2676 1293 dedecus
2707 1243 2762 1292 et
2787 1231 3415 1312 probrum,divinioris
3434 1248 3503 1292 ac
3524 1227 3789 1290 melioris

2133 1320 2309 1380 sortis
2332 1320 2606 1381 homines
2620 1338 2817 1382 coram
2843 1320 3160 1381 mundanis
3183 1318 3791 1398 litigare,linguasque

2132 1410 2593 1471 contnmeliosas
2644 1410 2950 1472 hominum
3011 1409 3070 1469 in
3108 1408 3447 1471 universum
3511 1405 3793 1468 Ecclesiae

2133 1516 2351 1579 corpus
2374 1518 2588 1562 acuere
2646 1499 2812 1572 Quod
2861 1516 3004 1560 sane
3029 1498 3115 1560 vel
3140 1498 3434 1579 imprimis
3462 1496 3788 1577 imperato-

2133 1586 2354 1647 riarum
2388 1593 2548 1669 (quae
2579 1588 2879 1669 dicuntur)
2937 1588 3315 1649 mansionum
3359 1596 3416 1648 et
3467 1586 3790 1661 clerorum,

2141 1684 2255 1735 tam
2289 1676 2516 1751 clerici,
2549 1697 2722 1758 quam
2769 1677 3044 1738 monachi
3106 1678 3351 1756 profane
3380 1684 3557 1756 atque
3614 1672 3793 1753 impie

2139 1763 2336 1825 facere
2372 1784 2476 1845 per
2515 1785 2807 1827 summam
2867 1764 3177 1827 audaciam
3209 1765 3490 1842 gestiunt,
3530 1762 3669 1822 dum
3716 1758 3791 1821 ad

2078 1892 2113 1940 Β
2137 1852 2358 1940 suimet
2380 1854 2940 1917 condemnationem
2963 1853 3221 1933 judicari
3250 1851 3637 1931 damnarique
3670 1866 3790 1910 ma-

2136 1939 2265 2002 lunt
2295 1960 2328 2002 a
2360 1942 2698 2017 mundanis,
2720 1942 2937 2024 quibus
2954 1941 3318 2021 corrigendis
3346 1952 3402 2002 et
3423 1941 3481 2001 in
3514 1939 3784 2001 ordinem

2132 2030 2475 2109 redigendis
2505 2032 2616 2113 ipsi
2662 2032 2924 2114 praefecti
2976 2038 3134 2105 sunt,
3196 2049 3371 2111 quam
3400 2029 3504 2091 Dei
3538 2028 3781 2109 pontifi-

2135 2119 2306 2180 cibus
2330 2121 2621 2182 variorum
2652 2122 3023 2200 negotiorum
3058 2120 3453 2198 cognitionem
3470 2116 3786 2198 permitte-

2134 2218 2407 2290 re,atque
2431 2211 2667 2271 illorum
2692 2229 2900 2272 causas
2920 2209 3353 2270 etsanationem
3368 2208 3645 2268 idoneam
3664 2212 3788 2267 tan-

2136 2315 2308 2376 quam
2342 2317 2374 2359 a
2395 2299 2597 2378 peritis
2620 2300 2866 2361 medicis
2889 2298 3580 2377 accipere,ipsorumque
3598 2294 3785 2356 virtu-

2137 2393 2255 2447 tem
2287 2387 2359 2448 ab
2393 2389 2601 2449 iisdem
2637 2388 2878 2449 excitari
2900 2388 2970 2448 ad
3001 2386 3146 2447 recti
3184 2381 3780 2446 meditationem.Sed

2139 2480 2485 2540 anctmitate
2507 2477 2770 2557 synodali
2802 2475 3202 2548 decernimus,
3232 2483 3295 2534 ut
3324 2492 3434 2535 nec
3465 2473 3625 2535 illius
3653 2473 3783 2553 epi-

2139 2565 2299 2645 scopi
2327 2566 2669 2644 provincize,
2703 2584 2815 2627 nec
2846 2564 3064 2625 diversi
3107 2561 3412 2635 territorii,
3466 2563 3787 2622 monachos

2139 2654 2431 2734 ejusmodi
2464 2653 3095 2735 monasteriorum,qui
3124 2653 3261 2714 talia
3290 2650 3783 2725 committunt,vei

2137 2742 2519 2824 impositione
2547 2764 2823 2806 manuum
2846 2742 3284 2824 dignentur,vel
3304 2740 3389 2802 eis
3409 2739 3581 2801 aliam
3606 2739 3783 2801 bene-

2139 2832 2459 2895 dictionem
2484 2842 2582 2895 aut
2598 2834 3080 2896 communionem
3103 2830 3601 2911 impertiant.Non
3623 2828 3782 2890 enim

2141 2922 2267 2983 haec
2297 2922 2432 2986 ideo
2484 2925 2807 2998 sancimus,
2874 2932 2936 2983 ut
2987 2919 3431 2999 nobismetipsis
3458 2918 3684 2979 aditum
3715 2917 3788 2979 ad

2145 3011 2280 3071 talia
2305 3012 2723 3089 patefaciamus
2747 3032 2762 3086 ;
2783 3012 2886 3073 sed
2907 3009 3069 3071 omni
3093 3008 3266 3070 modo
3300 3012 3430 3070 vitae
3448 3007 3790 3068 monasticae

409 3100 709 3178 διώκοντες,
740 3105 805 3160 τὰ
834 3107 1067 3184 παρόντα
1097 3106 1442 3188 διοριζόμεθα.
1507 3100 1682 3166 υΩστε
1739 3111 1783 3166 εἰ
1842 3111 1920 3186 μὴ
1958 3111 2057 3178 τὴν

2142 3100 2487 3180 dignitatem
2518 3111 2575 3162 et
2594 3102 2957 3161 honestatem
2983 3098 3499 3188 quaerimusAdeo
3520 3096 3789 3188 quidem,

410 3192 674 3272 ἀναφορὰν
719 3193 938 3256 ἐκεῖνοι.
974 3198 1061 3253 καὶ
1102 3198 1200 3265 τὴν
1229 3197 1398 3267 ἀλλην
1424 3201 1586 3276 τιμὴν
1612 3213 1730 3263 τοῖς
1772 3204 1869 3266 τῆς
1900 3200 2062 3279 ἐπαρ-

410 3282 536 3361 χίας
596 3281 955 3341 ἀποδώσουσιν
1064 3288 1441 3363 ὲπισκόποις,⁸
1515 3289 1612 3347 οὐκ
1678 3288 2057 3364 ἀντιλήψονται

409 3370 534 3448 παρ’
567 3374 734 3429 αὐτῶν
785 3374 820 3442 ἢ
850 3397 956 3454 παρ
987 3375 1176 3454 ἐτέρων
1225 3379 1512 3456 ἱερωσύνης
1573 3377 1777 3454 ἀξίωμα
1829 3378 1946 3435 οὐδὲ
1974 3379 2050 3441 ἕν.

414 3458 708 3549 Κληρικοὺς
738 3460 793 3518 δὲ
822 3462 1163 3529 ἀπειθοεντας
1192 3479 1310 3532 τοῖς
1347 3469 1555 3535 οἰκείοις
1614 3468 2051 3549 μητροπολίταις,

411 3548 676 3627 ἐπίταγμα
760 3552 942 3617 αὐτοῖς
1027 3553 1465 3623 ἐκκλησιαστικὸν
1547 3558 1929 3634 ἀμνησικάκως
1997 3548 2057 3614 τὸ

413 3637 627 3695 δυνατὸν
725 3640 1112 3718 ἐπιτάττουσιν,
1189 3646 1480 3704 εὐθύνεσθαι
1536 3647 1913 3724 ἐπιτάσσομεν,
1990 3649 2061 3705 Οὐ

412 3749 513 3807 γαρ
540 3727 885 3796 ἀνυποταξίαν
932 3734 1022 3789 καὶ
1076 3734 1339 3801 ἆνηκοίαν
1409 3739 1443 3803 ἡ
1507 3736 1740 3814 Κυριακῆ
1784 3740 2060 3812 νομοθετεί

413 3815 627 3891 ἐντολὴ,
661 3818 782 3897 ὀιλλ⁸
852 3820 1135 3879 εὐπείθειαν
1192 3826 1278 3879 καὶ
1334 3825 1573 3894 ὑπακοήν
1675 3815 1850 3880 υιὶστε
1900 3827 1928 3881 ὁ
1984 3824 2061 3899 μὴ

414 3908 600 3983 ταύτῃ.
643 3916 897 3989 στοιχῶν,
933 3912 1020 3967 καὶ
1062 3917 1160 3979 τῆς
1204 3912 1446 3982 κλήσεως
1476 3916 1691 3980 καὶτῆς
1739 3913 2059 3980 Ἐκκλησίας

413 3994 714 4075 ἀλλότριος.
769 4001 901 4065 Τοὺς
955 3999 1009 4056 δὲ
1068 4000 1330 4067 διακονίας
1400 4001 1842 4070 ἐκκλησιαστιιιᾶκ
1902 4004 2063 4079 ἐμπε-

414 4087 812 4162 πιστευμένους,
886 4091 974 4146 καὶ
1027 4089 1218 4168 λόγους
1276 4094 1351 4146 ῶν
1405 4091 1804 4165 ἐπιστεύθησαν,
1880 4090 2059 4148 δοῦναι

416 4176 493 4249 μὴ
524 4173 905 4257 ἀνεχομένους,
958 4186 1247 4242 κανονικῶς
1322 4181 1636 4254 εὐθύνεσθαι,
1710 4182 1796 4236 καὶ
1855 4178 2066 4259 ἐκλογι-

416 4276 578 4339 σμοϊς
645 4267 732 4321 καὶ
788 4266 1013 4332 ἁκοντας
1070 4265 1453 4326 ὑποϐάλλεσθαι
1512 4272 1646 4345 μετὰ
1680 4316 1687 4321 .
1717 4268 2065 4348 κληρονόμων

413 4355 502 4409 καὶ
533 4352 735 4412 λοιπῶν
777 4357 870 4413 τοῦ
938 4356 1117 4434 γένους
1172 4355 1458 4438 διαδόχων,
1533 4360 1668 4418 κατά
1719 4359 1842 4423 τοὺς
1898 4360 2064 4438 ἱεροὺς

2140 3199 2204 3252 ut
2234 3190 2349 3251 nisi
2377 3191 2728 3253 relationem
2762 3193 2810 3253 κ.
2840 3188 2958 3250 lilli
2989 3197 3163 3268 atque
3184 3186 3335 3249 alios
3368 3187 3624 3246 honores
3649 3185 3784 3265 epi-

2141 3280 2339 3361 scopis
2368 3300 2490 3341 suze
2522 3279 2834 3358 provinciae
2873 3276 3226 3353 tribuerint;
3277 3274 3536 3336 vicissim
3570 3273 3643 3335 ab
3678 3273 3791 3348 eis,

2141 3370 2231 3431 vel
2254 3369 2329 3431 ab
2379 3371 2534 3451 aliis,
2576 3389 2686 3431 nec
2716 3387 2893 3431 unam
2921 3367 3160 3448 quidem
3193 3364 3509 3426 sacerdotii
3539 3363 3796 3442 dignita-

2145 3469 2261 3520 tem
2283 3459 2569 3539 accipiant
2585 3460 2863 3520 .Clericos
2882 3465 3075 3519 autem
3101 3462 3483 3515 contumaces
3506 3471 3646 3532 erga
3665 3470 3797 3514 me-

2149 3547 2534 3627 tropolitanos
2563 3566 2721 3622 suos,
2750 3547 2849 3626 qui
2880 3544 3218 3606 mandatum
3249 3541 3484 3622 aliquod
3508 3541 3797 3603 ecclesia-

2146 3637 2357 3697 sticum
2382 3640 2614 3709 cis,non
2641 3634 2963 3715 injuriandi
2982 3632 3204 3707 animo,
3230 3632 3511 3711 quodque
3532 3639 3798 3711 praestari

2145 3731 2354 3808 possit,
2389 3727 2726 3807 imponunt,
2762 3727 2822 3787 in
2853 3725 3121 3787 ordinem
3155 3726 3280 3799 cogi
3326 3723 3630 3801 jnbemus.
3667 3720 3796 3784 Non

2148 3817 2307 3878 enim
2361 3817 2791 3877 contumaciam
2854 3822 2912 3874 et
2967 3811 3436 3873 inobedicntiam
3498 3809 3797 3870 dominico

2148 3918 2444 3986 przecepto
2477 3903 2893 3969 docemursed
2927 3902 3265 3963 facilitatem
3327 3899 3386 3958 in
3421 3897 3704 3977 parendo,
3742 3907 3799 3959 et

2146 3995 2604 4074 subjectionem.
2658 3992 2784 4064 Quo
2844 4010 2986 4051 sane
3026 3989 3127 4070 qui
3161 4008 3224 4049 se
3278 4006 3394 4047 non
3427 3986 3643 4065 dirigit,
3680 3995 3796 4047 tam

2148 4084 2476 4160 vocatione,
2531 4102 2705 4163 quam
2764 4081 3030 4142 Ecclesia
3100 4076 3344 4139 excidit.
3402 4075 3514 4136 Eos
3570 4086 3793 4146 autem,

2148 4174 2364 4254 quibus
2396 4173 2800 4235 ecclesiastica
2849 4168 3183 4231 ministeria
3237 4165 3465 4228 ciedita
3495 4173 3653 4236 sunt,
3688 4183 3798 4225 nec

2147 4266 2414 4325 rationes
2447 4263 2561 4323 sibi
2588 4261 3039 4324 commissorum
3073 4257 3326 4319 reddere
3358 4254 3795 4329 sustinent,se-

2150 4353 2407 4414 cundum
2436 4370 2698 4413 canones
2729 4351 2788 4410 in
2816 4350 2915 4429 jus
2953 4347 3174 4409 debere
3206 4344 3427 4419 vocari,
3461 4353 3519 4406 ct
3545 4345 3616 4405 ad
3655 4344 3797 4405 red-

418 4443 642 4509 κανόνας
700 4445 788 4501 καὶ
842 4432 1146 4512 πολίτικους
1202 4432 1449 4524 νόμούς,
1486 4449 1749 4526 ὁρίζομεν,
1824 4432 1971 4504 Ἐπεί.
2013 4444 2057 4501 δὲ

2151 4441 2376 4504 dendas
2401 4442 2659 4503 rationes
2681 4441 2855 4500 etiam
2880 4438 3116 4517 invitos,
3152 4454 3267 4496 una
3295 4454 3428 4495 cum
3454 4432 3579 4494 suis
3602 4434 3799 4495 haere-

417 4534 505 4589 καὶ
558 4535 676 4615 περὶ
727 4535 1092 4614 μοναστηρίων
1175 4534 1522 4612 ἒκδιδομένων
1615 4535 1698 4593 διὰ
1753 4533 1951 4616 δωρεᾶς
2022 4537 2068 4591 οἱ

418 4623 689 4703 ἱερώτατοι
719 4622 932 4705 ἀδελφοὶ
1000 4623 1322 4704 ἀνήγγειλαν
1372 4628 1459 4682 καὶ
1518 4624 1939 4702 συλλειτουργοι,
1993 4625 2067 4686 ὡς

419 4710 718 4779 ἐπιϐλαϐῶς
771 4716 902 4791 πρὸς
984 4715 1147 4770 ταῦτα
1226 4712 1542 4778 διατεθέντες
1620 4717 1665 4770 οἱ
1722 4715 1814 4779 τὰς
1870 4711 2066 4790 δωρεὰς

420 4802 696 4884 εἰληφότες
767 4805 839 4869 εἰς
907 4803 1141 4883 ἔσχατον
1197 4804 1326 4861 αὐτά
1384 4802 1682 4874 συνήλασαν
1769 4802 2068 4881 ἀφανισμὸν

418 4898 512 4959 τὰς
543 4896 743 4952 τούτων
771 4892 1056 4974 προσόδους
1126 4895 1267 4951 οἴκοι
1309 4895 1771 4971 μετακομίζοντες,
1834 4894 1921 4950 καὶ
1964 4915 2066 4971 γυ·-

421 4986 527 5061 μνὰ
567 4992 672 5042 τῶν
729 4986 934 5065 οἰκείων
992 4985 1180 5048 ἐῶντες
1238 4984 1473 5063 ἀγαθῶν,
1528 4984 1679 5065 ἕτερα
1755 4981 1809 5039 δὲ
1865 4983 1954 5039 καὶ
1992 4984 2065 5046 είς

420 5075 653 5151 κοσμικά
729 5060 942 5141 τελείως
1049 5071 1423 5150 μεταμείϐουσι
1525 5073 1860 5153 καταγώγια,
1944 5072 2065 5135 τοὺς

420 5165 619 5221 τούτων
661 5165 936 5245 μοναχοὺς
988 5165 1135 5241 πάσῃ
1191 5161 1359 5236 ἐνδείᾳ
1413 5164 1500 5220 καὶ
1552 5163 1879 5243 στενοχωρίᾳ
1933 5181 2069 5237 μετ-

423 5261 735 5311 αναστεῦσαι
789 5256 878 5311 καὶ
955 5252 1179 5316 ἄκοντας
1261 5252 1465 5309 ἐκεῖθεν
1545 5252 2067 5330 καταναγκάσαντες,

423 5343 625 5410 ἐξέσται
651 5344 861 5419 αὐτοῖς,
930 5343 1052 5409 τοὺς
1104 5340 1372 5404 τοιούτους
1427 5339 1650 5398 εὐθύνειν
1719 5340 1856 5397 κατὰ
1896 5344 2071 5396 πᾶσαν

423 5431 597 5492 ἄδειαν
628 5436 702 5494 εἰς
747 5432 917 5500 ὅτιαᾶν
961 5434 1217 5511 εὐρεθεῗεν
1287 5430 1354 5487 τὰ
1424 5430 1751 5510 μοναστήρια
1820 5450 2069 5484 καινοτο-

2150 4532 2348 4603 dibus,
2381 4549 2450 4593 ac
2478 4530 2718 4592 cmteris
2747 4527 3195 4590 successoribus
3249 4522 3429 4602 adigi,
3461 4525 3794 4584 secundum

2151 4638 2351 4682 sacros
2380 4637 2638 4682 canones
2669 4626 2726 4679 et
2760 4619 2921 4696 leges
2950 4615 3178 4687 civiles,
3213 4611 3615 4674 decernimus.
3654 4610 3803 4683 Quia

2150 4728 2288 4770 vero
2320 4709 2499 4772 etiam
2533 4708 2608 4769 de
2667 4706 3061 4779 monasteriis,
3116 4720 3245 4783 quze
3278 4719 3383 4781 per
3417 4699 3798 4761 donationem

2152 4800 2443 4870 locantur,
2500 4795 2861 4859 sanctissimi
2913 4796 3125 4855 fratres
3184 4800 3244 4852 et
3299 4788 3692 4851 comministri
3727 4789 3801 4849 ad

2151 4906 2258 4951 nos
2285 4888 2643 4961 retulerunt,
2675 4884 2832 4966 quod
2878 4883 2979 4964 qui
3011 4882 3361 4944 donationes
3389 4878 3519 4939 illas
3548 4896 3799 4958 accepe-

2149 4986 2308 5052 runt,
2342 4978 2471 5058 ipsa
2502 4973 2860 5037 monasteria
2892 4990 3097 5053 parum
3127 4968 3315 5050 aequis
3337 4967 3532 5029 affecti
3572 4968 3644 5029 ad
3696 4985 3803 5028 ex-

2150 5074 2403 5128 tremum
2434 5083 2505 5128 ea
2544 5064 2815 5143 redigant
2861 5061 3190 5132 interitum,
3228 5058 3470 5120 domum
3501 5074 3667 5118 suam
3699 5074 3804 5118 re-

2150 5155 2306 5216 ditus
2323 5172 2528 5215 eorum
2548 5152 2950 5232 deportantes,
2978 5150 3227 5228 ipsaque
3244 5143 3416 5207 bonis
3441 5144 3565 5205 suis
3584 5144 3803 5206 nudata

2149 5243 2576 5324 relinquentes,
2601 5242 2880 5321 quodque
2908 5237 3195 5300 nonnulla
3244 5250 3488 5317 prorsus
3510 5235 3571 5294 in
3595 5234 3800 5324 hospi-

2154 5335 2236 5395 tia
2266 5322 2565 5394 mundana
2593 5334 2978 5401 commutent,
3008 5327 3230 5390 coactis
3259 5342 3466 5388 eorum
3498 5322 3810 5386 monachis

2156 5441 2263 5505 per
2290 5418 2487 5484 omnis
2507 5418 2746 5499 generis
2767 5436 2967 5481 rerum
2990 5416 3249 5497 inopiam
3284 5422 3338 5478 et
3370 5412 3723 5495 angustiam,
3747 5421 3807 5474 ut

1740 5595 1995 5662 VARI/E
2040 5590 2353 5657 LECTION
2363 5592 2471 5654 ES.

503 5708 575 5750 Η
611 5707 880 5769 nominis
911 5706 1526 5769 commemorationem
1560 5705 1625 5765 in
1654 5703 1872 5766 sacris.
