4130 6428
405 367 525 436 835

1789 370 1821 431 .Ῐ
1829 367 1923 430 US
1962 364 2409 431 CANONIGUM

3675 352 3795 423 836

407 500 549 565 inde
583 503 672 564 vel
703 501 874 566 inviti
904 498 1229 564 abscedant
1271 517 1287 563 :
1320 500 1547 562 licitum
1606 498 1694 561 eis
1724 507 1873 565 esto,
1909 498 2038 576 ejns

2149 499 2402 573 μέσαντὲς
2471 522 2527 557 τε
2602 502 2685 557 ιικῖ
2768 497 3200 576 καταϐλᾶῴκντες
3238 516 3251 530 ·
3319 498 3445 554 εἶτα
3518 496 3606 551 καὶ
3673 503 3791 552 τοῖς

411 592 571 653 modi
604 592 874 654 homines
905 591 1151 663 impune
1182 608 1319 652 reos
1350 609 1541 671 prrag'
1567 608 1635 650 re
1666 590 1740 649 de
1757 587 2064 669 quibusvis

407 680 644 743 damnis
676 688 737 743 et
765 679 1251 741 innovationibus
1307 678 1523 761 quibus
1556 677 1830 740 nocuisse
1861 694 2064 737 mona-

405 769 608 832 steriis
631 768 987 849 deprehensi
1029 768 1251 829 fuerint
1282 785 1295 828 τ
1334 776 1511 849 atque
1541 767 1741 832 etiam.
1800 774 1862 827 ut
1892 764 2065 826 malis

409 876 613 919 eorum
636 857 1011 919 curatoribus
1033 876 1102 919 ex
1125 856 1213 918 eis
1230 876 1363 918 cum
1389 855 1750 918 contumelia
1771 852 2058 933 expulsis,

404 946 594 1009 libere
619 946 861 1026 juribus
893 962 960 1007 ea
997 945 1520 1025 metropolitanum
1552 943 1734 1003 vindic
1757 940 2057 1013 ent.Quod

404 1037 455 1096 si
489 1038 735 1096 fortasse
751 1043 1055 1096 curatores
1087 1052 1289 1094 eorum
1313 1032 1535 1113 aliquid
1570 1030 1821 1093 habeant
1846 1028 2058 1111 proba-

405 1124 548 1197 bile,
586 1125 740 1205 quod
775 1124 869 1184 his
890 1122 1174 1203 objiciant
1211 1145 1222 1181 :
1258 1141 1375 1183 non
1409 1118 2062 1183 adeantmundanatri-

403 1212 662 1275 bunalia.
699 1212 929 1291 Quippe
960 1213 1073 1273 hoc
1129 1212 1280 1273 facto
1312 1210 1541 1291 seipsos
1599 1209 1760 1269 omni
1784 1208 1922 1287 jure
1953 1227 2058 1268 suo

406 1302 751 1364 excludent.
788 1300 902 1363 Sed
929 1300 998 1360 ad
1025 1318 1251 1361 sacram
1274 1299 1559 1380 synodum
1598 1309 1858 1358 nostram
1883 1315 2058 1359 acce-

410 1391 581 1464 dant,
616 1389 893 1471 quodque
941 1389 1027 1449 fas
1086 1407 1317 1470 aequum
1378 1386 1574 1458 fuerit,
1635 1386 2051 1463 impetrabunt.

405 1478 614 1560 Neque
642 1496 782 1540 vero
811 1476 1113 1539 credimus
1142 1493 1501 1558 quemquam
1521 1474 2061 1536 sacratissimorum

406 1565 1020 1647 metropolitanorum,
1054 1575 1111 1626 et
1139 1574 1486 1626 czeterorum
1522 1564 1882 1645 ponlilicum,
1912 1562 2053 1624 abs-

403 1674 518 1736 que
551 1674 727 1717 causa
757 1665 812 1716 et
834 1654 1390 1735 immerito,perque
1419 1653 1604 1715 solam
1639 1651 2053 1732 injuriam,be-

415 1744 766 1806 neﬁciorum
798 1743 1106 1805 mansione
1138 1744 1438 1823 expellere
1471 1761 1483 1804 :
1520 1742 1632 1803 nisi
1662 1742 1796 1821 quis
1817 1740 2057 1820 indigne

2144 585 2361 653 δικιίοις
2415 596 2522 645 τῦν
2606 589 2989 668 ιιητροπόλειον
3045 588 3330 658 ἀνασώζειν
3389 583 3475 641 ἐπ’
3563 581 3787 658 ἐξουτῖᾳ,

2142 678 2263 739 τοὺς
2292 680 2483 739 κακοὺς
2529 678 2697 734 αὒτῶν
2729 678 3034 758 φροντιστὰς
3095 675 3207 751 μεθ’
3268 672 3465 753 ὕϐρεως
3536 669 3589 737 ἐξ
3621 671 3789 726 αὖτῶν

2143 764 2490 826 ἁπελάσασιν.
2540 769 2595 824 Εἰ
2626 766 2681 822 δέ
2722 757 2774 823 τι
2815 767 2982 846 τυχὸν
3029 766 3208 845 ἔλθοιεν
3261 765 3392 843 πρὸς
3441 770 3605 820 ταῦτα
3632 757 3789 814 εὔλο-

2142 875 2236 931 γον
2283 856 2571 932 προτεῗνειν
2629 858 2674 912 οἱ
2738 856 2934 911 τούτων
3003 854 3312 932 προνοηταὶ,
3385 850 3463 926 μὴ
3505 858 3787 924 κοσμικοϊς

2142 944 2472 1022 προσίῑωσιν
2528 943 2913 1015 δικαστηρίοις.
2975 941 3124 1000 ’ἐπεὶ
3195 940 3519 997 ἐκκλείσουσι
3589 937 3788 997 πινεὸς

2144 1029 2342 1087 δικαίου
2386 1033 2619 1097 ἐςυτοὺς,
2670 1031 2835 1089 Ἀλλὰ
2874 1037 2942 1108 τῇ
2992 1031 3107 1087 καθ’
3162 1033 3305 1106 ἡμᾶς
3362 1032 3473 1106 ἱερᾷ
3527 1046 3790 1105 προσφοι-

2142 1120 2383 1177 τάτωσαν
2412 1119 2564 1178 συνόδ
2582 1145 2630 1200 ρ,
2690 1124 2779 1177 κιὶ
2832 1126 2932 1187 τῆς
2992 1118 3348 1200 ἐνδεχομένης
3399 1121 3494 1175 οὒκ
3549 1114 3788 1189 ἀμοιρή-

2143 1231 2290 1265 σουσι
2350 1207 2695 1273 δικαιώσεως,
2753 1207 3028 1272 Ἀναιτίως
3101 1208 3179 1286 ὀὶ,
3264 1208 3351 1263 καὶ
3422 1202 3787 1283 ἀνεγκλήτως,

2139 1299 2228 1354 καὶ
2296 1294 2377 1354 διὸ
2435 1297 2603 1374 μόνην
2665 1299 2936 1376 ἐπήρειαν,
3019 1295 3198 1353 οιἘὲνα
3291 1294 3612 1369 πιστεύομεν
3680 1297 3788 1347 τῶν

2138 1387 2432 1464 ἱερωτάτων
2507 1386 2913 1465 μητροπολιτῶν
2995 1388 3082 1443 καὶ
3157 1384 3357 1442 λοιπῶν
3467 1379 3783 1462 ἀρχιερέων,

2139 1476 2555 1555 χαριστηκάριον
2610 1476 2867 1543 titubant
2927 1481 3093 1551 μονῆς
3131 1495 3142 1506 ·
3216 1476 3259 1530 εἰ
3290 1475 3366 1549 μή
3426 1494 3503 1536 τις
3561 1468 3780 1534 ἀναξίως

2139 1563 2322 1619 ἑαυτοῦ
2370 1563 2611 1639 βούλοιτο
2654 1563 3036 1640 πολιτεύεσθαι,
3082 1565 3169 1620 καὶ
3222 1564 3322 1630 τὴν
3378 1558 3574 1617 indixi“
3605 1558 3778 1615 ἆσπὲι

2137 1655 2333 1722 ζεσῦαι,
2372 1654 2427 1709 Ei
2464 1650 2517 1708 δέ
2573 1675 2690 1710 τινα
2744 1653 2850 1709 τῶν
2907 1654 3342 1733 φροντιστηρίων⁴
3386 1650 3549 1707 τόπον
3618 1648 3781 1727 εἶχον

2139 1741 2199 1799 ἐκ
2230 1742 2457 1800 παλαιοῦ
2514 1745 2853 1823 συνεισφοριὶν
2906 1766 3023 1801 τινα
3082 1742 3431 1823 συνεισφέρειν
3490 1754 3612 1804 τα·’ς
3669 1762 3784 1805 μη-

2747 1832 2759 1851 9

403 1852 469 1895 se
493 1852 703 1914 gerere
732 1833 961 1913 velit,ct
984 1832 1328 1911 injustiliam
1346 1829 1821 1911 amplectiQuud
1848 1829 1896 1890 si
1919 1830 2038 1910 qui-

2138 1830 2471 1910 τροπόλεσιι,
2546 1830 2657 1887 εἴτε
2742 1832 2826 1888 ἐπὶ
2884 1832 3316 1911 μονοπροσώπων
3386 1837 3625 1909 παροχη,
3674 1827 3784 1883 ε”τε

407 1921 521 1983 bus
553 1921 934 1983 monasteriis
962 1922 1192 1982 ratione
1223 1923 1433 2001 priscae
1461 1918 1784 1981 sanctionis
1801 1918 2055 1999 alicujus

398 2021 523 2073 erat
558 2012 990 2092 injunctum,nt
1020 2011 1397 2072 collationem
1427 2009 1681 2089 aliquam
1714 2008 2055 2089 metropoli-

395 2100 509 2162 bus
540 2106 911 2182 praestarent,
968 2099 1091 2161 sive
1142 2099 1412 2179 personis
1469 2096 1861 2176 singularibus
1920 2115 2047 2158 eam

396 2190 742 2269 praebendo,
770 2187 1176 2266 sivejudicum
1203 2196 1257 2246 et
1277 2196 1613 2248 exactorum
1641 2186 1771 2247 fisci
1793 2186 2046 2247 alimen-

409 2277 483 2339 tis
508 2275 1020 2349 exhibendis,sive
1036 2275 1296 2357 alioquin
1320 2300 1334 2348 ;
1384 2285 1560 2356 alque
1584 2275 1684 2336 illa
1701 2274 1850 2335 forte
1871 2274 2048 2336 dein-

407 2386 547 2448 ceps
578 2385 760 2428 onera
789 2365 1033 2444 contigit
1053 2364 1183 2425 aliis
1200 2384 1329 2427 esse
1355 2364 1626 2444 imposita
1657 2383 1670 2426 :
1710 2364 2045 2443 statuimus,

398 2464 461 2515 ut
489 2474 558 2516 ea
580 2453 819 2517 collatio
850 2452 980 2514 sine
1010 2452 1488 2531 defraudatioue,
1522 2470 1629 2512 nec
1658 2452 1780 2513 ulla
1813 2451 2028 2513 innova

397 2543 557 2603 tione
589 2544 762 2613 facta,
820 2540 1252 2620 metropolibus
1304 2547 1637 2621 praestetur.
1671 2539 2049 2621 Quaecunque

397 2650 534 2691 vero
566 2630 816 2712 quadam
851 2648 920 2691 ex
953 2638 1116 2709 parte
1137 2648 1454 2691 commune
1499 2630 1636 2710 quid
1662 2649 1796 2691 cum
1822 2638 2047 2691 metro-

394 2720 630 2802 polibus
687 2718 927 2791 habent,
991 2727 1090 2779 aut
1144 2737 1273 2799 qua:
1328 2719 1422 2798 jus
1454 2718 1676 2799 aliquid
1711 2717 1941 2779 vicinia)
1991 2728 2049 2780 et

393 2807 831 2890 permissionis,
891 2826 1023 2867 cum
1086 2807 1174 2868 eis
1203 2807 1460 2884 copulat,
1494 2826 1602 2868 nec
1632 2816 1766 2868 ante
1798 2809 1909 2867 hac
1929 2805 2043 2867 ali-

392 2896 759 2979 quibusjure
796 2895 1175 2957 beneﬁciario
1227 2914 1505 2957 concessa
1539 2905 1677 2957 sunt
1715 2917 1725 2954 :
1762 2914 1829 2956 ea
1873 2894 2042 2956 nobis

392 2986 546 3048 baud
576 2986 769 3066 placet
801 2984 939 3047 ullis
973 2984 1240 3065 personis
1270 2983 1636 3046 donarilmo
1659 3002 1797 3046 vero
1828 2984 1879 3044 si
1909 3001 2041 3044 ma-

390 3076 547 3136 xime
570 3074 783 3135 donata
811 3074 950 3145 sint,
984 3090 1082 3134 eas
1108 3073 1455 3135 donationes
1485 3073 1703 3153 irritas,
1738 3081 1795 3134 et
1821 3073 2039 3134 nullius
2058 3111 2097 3160 ε
2121 3075 2334 3148 τήμαιτι
2391 3079 2496 3129 τῶν

2138 1918 2221 1975 ἐπὶ
2249 1934 2472 1999 τροφαῖς
2517 1923 2707 1999 κριτλῦν
2762 1923 2851 1976 καὶ
2906 1926 3012 1975 τῶν
3081 1927 3174 1976 τοῦ
3244 1917 3496 1994 δημοσῖου
3545 1918 3782 1983 ἀπαιτη-

2134 2014 2262 2083 τῶν,
2295 2009 2407 2064 εἴτε
2435 2010 2522 2065 καὶ
2561 2008 2826 2090 ἀλλαχοῦ,
2859 2013 2946 2066 καὶ
2970 2010 3129 2090 ἔτυχε
3185 2018 3348 2066 ταῦτα
3404 2006 3615 2085 ὕστερον
3648 2006 3782 2061 ἁνα-

2132 2098 2342 2163 τεθῆναί
2408 2118 2538 2176 τισι,
2596 2098 2695 2165 τὴν
2741 2099 3081 2177 συνεισφοραν
3141 2095 3468 2176 διοριζόμεθα
3523 2094 3780 2174 παρέχειν

2132 2188 2263 2265 πρὸς
2345 2187 2438 2248 τὰς
2491 2185 2847 2264 μητροπόλεις
2908 2187 3271 2265 ἀνοστερςζτως
3339 2183 3774 2259 ἁκοινοτῦμητον,

2132 2263 2280 2332 ιὈσπι
2321 2273 2375 2330 δὲ
2406 2288 2651 2331 κοινωνεῖ
2681 2277 2818 2331 κατέ
2843 2298 2892 2332 τι
2932 2290 3053 2340 ταῖς
3098 2299 3138 2350 μ
3154 2274 3513 2352 ·,τροπό).εσιν,
3560 2273 3596 2341 ἢ
3627 2271 3777 2338 πλη-

2130 2365 2354 2437 σιασμὸν
2397 2363 2450 2419 ἐν
2496 2366 2708 2429 ταύταις
2765 2363 2908 2446 ἔχει,
2963 2365 3052 2421 καί
3107 2364 3471 2435 ἀνακοίιωσιν,
3529 2362 3618 2418 καὶ
3684 2362 3779 2417 οὒκ

2131 2452 2463 2532 ἀπεχαρίσθη
2531 2455 2631 2530 πρὸ
2703 2455 2886 2511 τούτου
2941 2455 3098 2533 τισὶν,
3165 2455 3237 2518 εἰς
3301 2450 3497 2530 δωρεὰς
3553 2449 3776 2507 δίδοσθαι

2130 2542 2434 2620 προσώποις
2505 2541 2599 2597 οὔκ
2670 2540 2981 2619 εὖδοκώμεν
3094 2539 3241 2597 Ἀλλ’
3315 2542 3359 2597 εἰ
3441 2541 3529 2596 καὶ
3596 2538 3775 2605 ἐδόθη.

2129 2629 2347 2708 ⁴ὶκύρους
2380 2631 2521 2687 εἶναι
2553 2632 2638 2686 καὶ
2680 2632 2996 2711 ἀνωχύρους
3041 2632 3137 2693 τὰς
3181 2628 3377 2710 δωρεὰς
3434 2627 3729 2706 βουλόμεθα
3759 2643 3773 2657 ⁸

2130 2720 2216 2775 καὶ
2296 2720 2362 2775 τα
2416 2721 2785 2799 φροντιστήρια
2855 2720 3068 2777 αὒτόθεν
3123 2718 3570 2799 ἀντιστρέφεσθιι,
3646 2718 3778 2795 πρὸς

2127 2808 2219 2871 τὶς
2254 2805 2636 2885 μητροπόλεις,
2670 2809 2704 2877 ἢ
2752 2809 3066 2874 ἐπισκοπές,
3134 2811 3210 2866 Τὰ
3251 2810 3350 2887 γὰρ
3407 2809 3635 2877 μήκοοεν
3687 2807 3776 2862 καὶ

2125 2894 2526 2975 ἰδιοπεριόριστα
2569 2894 2876 2976 δωρεῖσθαι,
2922 2899 3008 2953 καὶ
3064 2910 3178 2962 τοῖς
3230 2898 3329 2976 πρὸ
3387 2899 3541 2971 ἡμῶν
3599 2896 3768 2972 ἁγίοις

2123 2984 2349 3064 πατράσι
2379 2983 2555 3048 καλῶς
2580 2982 2742 3058 ἔδοξε,
2816 2987 2904 3042 καὶ
2945 2988 3082 3063 ἡμῖν
3112 3006 3125 3019 ·
3186 2987 3251 3041 τὰ
3307 2983 3361 3041 δέ
3413 2988 3532 3041 οἷον
3574 2981 3771 3040 ἐνδιαι-

2594 3072 3000 3152 μητροπολιτῶν
3095 3076 3183 3131 καὶ
3291 3072 3621 3153 ἐπισκόπων,
3684 3073 3772 3128 καὶ

391 3184 522 3227 esse
559 3163 794 3225 roboris
822 3162 1090 3223 Volumus
1118 3184 1133 3235 ;
1156 3162 1400 3242 ipsaque
1426 3161 1785 3225 monasteria
1811 3170 2035 3223 metro—

2123 3164 2472 3241 ὺπερείσματα
2528 3163 2616 3218 καὶ
2669 3164 3075 3242 συγκροττ,ματα
3147 3169 3254 3219 τ-ὒν
3346 3163 3508 3240 ἁγίων
3579 3159 3773 3228 ἐκκλη-

391 3253 629 3333 polibus
659 3272 690 3313 e
725 3251 993 3330 vestigio,
1024 3251 1115 3312 vel
1150 3250 1588 3332 episcopalibus
1630 3249 1880 3310 restitui.
1908 3249 2036 3311 Non

390 3342 569 3416 longe
589 3339 1071 3419 dissita,suisque
1087 3339 1610 3418 descriptaﬁnibus
1630 3346 1694 3399 ut
1714 3338 2031 3409 donentur,

2120 3255 2268 3322 grav,
2306 3250 2543 3327 οὖδκμῶς
2576 3271 2592 3287 ·
2639 3252 2754 3311 οὔδε
2781 3255 2815 3322 ἡ
2846 3256 3000 3329 ἡμῶν
3060 3260 3215 3311 τοῦτο
3272 3250 3630 3331 παραδέχετλι
3662 3273 3769 3326 με·

2118 3339 2330 3420 τριότης
2362 3342 2421 3396 τὶ
2454 3339 2669 3398 σύνολον

383 3431 669 3512 praeclare
701 3438 820 3491 tum
856 3426 1126 3489 Patribus
1159 3427 1419 3507 quiante
1452 3427 1752 3495 exstitere.
1790 3433 1908 3486 tum
1945 3426 2116 3489 nobis
2146 3428 2365 3508 placuit
2401 3448 2413 3488 :
2481 3428 2642 3489 nullo
2673 3435 2874 3489 autem
2920 3427 3095 3490 modo
3113 3446 3222 3510 ca,
3256 3446 3387 3509 qua;
3417 3428 3768 3510 metropoli-

383 3528 654 3581 tanorum
687 3528 745 3578 et
774 3517 1187 3597 episcoporum
1220 3516 1390 3595 quasi
1424 3515 1723 3576 domicilia
1760 3522 1916 3588 sunt,
1953 3526 2009 3577 et
2039 3515 2226 3578 fulcro
2261 3516 2779 3598 sustentaculaque
2810 3525 3149 3579 sanctarum
3185 3517 3570 3580 ecclesiarum
3608 3539 3620 3582 :
3658 3537 3770 3580 nec

383 3618 585 3669 nostra
617 3607 674 3667 id
707 3623 947 3687 prorsus
976 3605 1230 3665 admittit
1262 3603 1663 3666 mediocritas.

468 3701 582 3759 Per
610 3695 919 3757 locationis
948 3704 1142 3757 autem
1176 3702 1568 3769 contractum,
1596 3705 1652 3757 et
1682 3693 1867 3765 (verbi
1891 3712 2029 3773 gra-

385 3787 483 3857 tia)
512 3786 583 3847 ad
614 3804 804 3847 annos
861 3801 939 3846 xx
997 3793 1055 3845 et
1110 3800 1169 3845 1x
1228 3783 1676 3858 monasterium,
1730 3783 1819 3843 vel
1850 3782 2032 3844 certis

378 3876 564 3956 pactis
590 3874 969 3953 metropolim
990 3882 1050 3935 et
1073 3872 1476 3953 episcopatum
1504 3872 1715 3942 locari;
1750 3880 2028 3954 tanquam

380 3966 645 4027 alienum
678 3962 750 4025 ab
811 3961 1151 4041 evangelica
1211 3962 1510 4042 mandato,
1572 3972 1631 4022 et
1684 3962 2029 4041 apostolicis

379 4054 712 4133 patriisque
770 4050 1187 4114 traditionibus
1240 4051 1485 4111 omnino
1542 4050 1957 4112 interdicimus
2007 4070 2022 4110 :

375 4150 437 4202 et
467 4141 688 4222 pariter
712 4149 836 4202 tum
859 4157 984 4215 eos,
1044 4138 1145 4220 qui
1199 4140 1310 4201 hoc
1367 4138 1588 4203 audent
1629 4139 1846 4219 facere,
1906 4147 2026 4200 tum

377 4232 501 4311 qui,
533 4230 737 4302 sitiat,
800 4228 1137 4309 negligunt;
1199 4227 1475 4305 indignos
1525 4228 1824 4309 pontificia
1883 4247 2026 4309 per-

376 4319 636 4381 fectione
660 4317 1025 4398 judicamus,
1059 4324 1118 4377 et
1145 4333 1449 4377 sacrorum
1492 4334 1783 4377 canonum
1811 4316 2026 4379 adver-

375 4407 605 4470 sarios:
645 4425 754 4468 nec
783 4406 949 4467 hisce
997 4404 1176 4466 rebus
1223 4403 1506 4466 ultionem
1538 4404 2027 4469 convenientissi-

374 4514 532 4558 mam
564 4494 889 4558 secundum
941 4511 1200 4555 canones
1256 4492 1544 4556 adhibere
1577 4493 1862 4573 singulari
1893 4514 2026 4557 cum

2123 4502 2403 4562 κανονικῶς

375 4585 746 4667 providentia
807 4582 1198 4646 cessabimus.
1253 4581 1382 4643 Non
1434 4585 1593 4644 enim
1646 4585 1938 4662 patiemur
1966 4593 2030 4646 ut

372 4693 542 4739 sacra
588 4675 690 4737 illa
747 4674 931 4754 gratia
980 4671 1203 4735 venalis
1254 4671 1589 4747 habeatur,
1622 4681 1681 4734 et
1738 4672 1851 4753 ipsi
1881 4692 2023 4735 con-

371 4773 563 4826 sortes
621 4782 826 4825 eorum
886 4761 1094 4834 simus,
1157 4761 1257 4841 qui
1315 4777 1482 4821 sacra
1529 4770 1737 4823 contra
1765 4779 2028 4823 canones

371 4854 703 4934 profanant,
764 4858 947 4932 utque
1023 4849 1175 4912 lucri
1252 4867 1432 4910 causa
1484 4848 1641 4911 dona
1689 4848 2023 4930 spiritualia

372 4941 752 5023 profanorum
779 4940 965 5003 instar
994 4938 1513 5001 distrahantur.De
1535 4939 1803 5002 sessione
1823 4947 2018 5002 autem

369 5030 782 5112 episcoporum
807 5029 1199 5103 sancimus,ut
1216 5027 1479 5109 episcopi
1508 5029 1838 5090 secundum
1863 5028 2021 5090 ordi-

367 5138 503 5180 nem
538 5138 781 5181 suorum
812 5117 1402 5198 metropolitanorum
1450 5118 1721 5193 sedeant,
1751 5118 1928 5198 idque
1958 5118 2015 5179 in

373 5206 755 5269 concessibus
798 5205 1004 5279 sacris,
1038 5212 1103 5267 et
1150 5204 1209 5266 in
1237 5204 1479 5285 synodis
1507 5213 1567 5266 et
1588 5204 1648 5266 in
1681 5205 1964 5267 conviviis
1998 5228 2010 5264 :

369 5314 565 5377 neque
591 5296 933 5376 superiores
962 5294 1138 5357 sedes
1167 5305 1226 5357 et
1278 5294 1563 5374 primatus
1612 5295 1870 5357 studium
1923 5295 2014 5356 af-

362 5385 587 5448 fectent
613 5384 873 5464 indignis
917 5402 1052 5446 sese
1104 5384 1298 5445 modis
1320 5382 1672 5445 inferiorum
1702 5391 2010 5466 metrOpo-

363 5474 507 5538 lium
560 5472 822 5554 episcopi
865 5494 879 5534 :
915 5472 1018 5535 sed
1079 5472 1138 5533 in
1171 5489 1311 5532 suos
1342 5472 1849 5552 metropolitanos,
1876 5481 2013 5536 tan-

362 5580 539 5645 quam
592 5562 654 5624 in
685 5578 953 5624 canones
987 5568 1047 5623 et
1106 5560 1442 5621 sanctiones
1472 5561 1779 5643 quasdam,
1811 5562 2015 5624 oculos

359 5651 657 5731 dirigant;
715 5650 1046 5712 secundum
1125 5665 1277 5730 quos
1360 5648 1424 5710 in
1495 5650 1880 5714 consessibus
1953 5662 2013 5713 et.

2193 3693 2510 3762 Ἐκδοτικὼς
2544 3696 2618 3769 δὲ,
2681 3698 2766 3753 καὶ
2834 3700 2952 3753 οἷον
3010 3695 3096 3752 ἐπὶ
3178 3695 3393 3776 χρόνοις
3452 3696 3623 3753 εἴκοσι
3679 3697 3769 3753 καὶ

2111 3784 2258 3841 ἐννέα
2311 3789 2683 3867 μοναστήριον,
2736 3784 2772 3854 ἢ
2828 3791 3100 3849 πακτικῶς
3155 3784 3485 3866 μητρόπολιν
3563 3784 3769 3844 ἐκδίδο-

2111 3876 2250 3945 σθαι,
2309 3876 2397 3931 καὶ
2454 3875 2776 3948 ἐπισκοπὴν,
2860 3876 2934 3936 ὡς
3008 3871 3151 3939 ξένον
3233 3880 3331 3941 τῆς
3415 3873 3764 3954 εὖαγγελικῆς

2110 3959 2414 4035 διατάξεως,
2515 3965 2603 4020 καὶ
2702 3966 2806 4019 τῶν
2908 3961 3283 4019 ἀποστολικών
3368 3985 3425 4020 τε
3521 3965 3608 4020 καὶ
3663 3986 3765 4019 πι-

2110 4057 2302 4128 τρικῶν
2399 4051 2761 4131 παραδόσεων,
2866 4051 3043 4118 πάντη
3142 4052 3539 4132 ἀπαγορεύομεν
3573 4071 3589 4086 ο
3676 4054 3766 4109 καὶ

2108 4140 2229 4203 τούς
2286 4162 2339 4196 τε
2412 4141 2721 4217 τολμῶντας
2800 4141 2935 4216 ἅμα,
3008 4141 3095 4197 καὶ
3192 4143 3310 4205 τοὺς
3357 4143 3418 4197 τὸ
3486 4142 3763 4220 γινόμενον

2108 4234 2470 4311 παρορῶντας,
2554 4230 2786 4295 ἀναξίους
2873 4229 2969 4297 τῆς
3043 4229 3420 4309 ἀρχιερατικῆς
3517 4232 3763 4309 κρίνομεν

2108 4317 2466 4398 τελειότητος,
2496 4320 2583 4376 καὶ
2624 4325 2730 4375 τῶν
2789 4322 2939 4397 ἱερῶν
3012 4319 3248 4376 κανόνων
3305 4318 3703 4400 ἐναντιόφρονας
3741 4338 3756 4354 ⁸

2106 4407 2194 4463 καὶ
2247 4419 2367 4472 τοῗς
2436 4408 2738 4488 πράγμασιν
2810 4405 3076 4476 ἐκδίκησιν
3146 4408 3247 4475 τὴν
3315 4406 3760 4489 πρεπωδεστάτην

2499 4492 2958 4576 προμηθεύσασθαι
3044 4500 3138 4556 οὒκ
3206 4497 3600 4573 ἆποκνήσομεν.
3689 4502 3763 4556 Οὐ

2109 4585 2209 4662 γὰρ
2277 4584 2663 4653 καπηλεύεσθαι
2710 4585 2809 4652 τὴν
2879 4586 3021 4664 ἱερὰν
3095 4586 3276 4666 χάριν,
3337 4587 3425 4643 καὶ
3481 4599 3758 4643 κοινωνεῖν

2106 4686 2223 4735 τοῖς
2252 4682 2516 4731 κοινοῦσιν
2546 4675 2895 4738 ἆκανονίστως
2940 4676 3006 4730 τὰ
3075 4674 3223 4753 ἅγια,
3299 4676 3387 4732 καὶ
3442 4675 3536 4738 τὰς
3593 4697 3759 4732 πνευ-

2107 4763 2333 4835 ματικὰς
2392 4762 2589 4842 δωρεὰς
2661 4766 2733 4825 ὡς
2792 4765 2971 4826 κοινὰς
3030 4763 3406 4843 ἐμπορεύεσθαι
3478 4762 3764 4837 ἆδεξόμεθα

2107 4850 2359 4931 ἐμπορίας
2405 4854 2584 4932 χάριν.
2649 4854 2774 4931 Περὶ
2841 4850 2895 4908 δὲ
2940 4858 3039 4921 τῆς
3096 4859 3202 4909 τῶν
3259 4852 3563 4910 ἐπισκιιπων
3624 4857 3759 4909 καθ-

2105 4938 2277 5020 έδρας,
2311 4939 2659 5021 διοριζόμεθα.
2722 4944 2867 5000 Κατὰ
2923 4944 3023 5009 τὴν
3078 4940 3222 5009 τάξιν
3291 4943 3478 5005 αὐτοὺς
3534 4947 3641 5000 τὼν
3686 4946 3761 4999 οἱ·

2102 5030 2256 5085 κείων
2313 5030 2616 5102 καθέζεσθαι
2687 5030 3116 5110 μητροπολιτῶν,
3178 5033 3266 5088 καὶ
3324 5031 3379 5087 ἐν
3434 5030 3748 5110 συνθρόνοις,

2099 5118 2188 5173 καὶ
2228 5117 2282 5173 ἐν
2310 5117 2563 5193 συνόδοις,
2596 5120 2683 5177 καὶ
2712 5118 2765 5174 ἐν
2812 5119 3075 5179 ἑστιάσεσι
3109 5140 3124 5153 ³
3179 5122 3267 5176 καὶ
3325 5120 3403 5196 μὴ
3457 5121 3553 5183 τὰς
3608 5143 3747 5200 προ-

2098 5202 2265 5284 εδρίας
2321 5207 2593 5287 ἁρπάζειν,
2651 5210 2739 5263 καὶ
2794 5210 2854 5264 τὸ
2923 5207 3279 5289 φιλόπρωτον,
3338 5207 3559 5275 ἀναξίως
3617 5210 3746 5267 ἑαυ-

2096 5300 2225 5370 τῶν,
2280 5299 2400 5361 τοὺς
2468 5302 2567 5364 τῆς
2624 5293 3007 5364 ὑποϐεϐηκυίας
3080 5296 3459 5379 μητροπόλεως
3533 5298 3750 5356 ἐπισκό-

2094 5405 2223 5449 πους
2274 5403 2288 5419 ⁸
2321 5385 2439 5442 ἀλλ’
2469 5388 2541 5449 ὡς
2586 5386 2715 5463 πρὸς
2745 5383 2971 5450 κανόνας
3016 5387 3103 5443 καὶ
3174 5385 3344 5468 ὅρους,
3418 5388 3539 5451 τδὺς
3591 5387 3745 5454 ἰδίους

2095 5476 2217 5554 ὁρᾷν
2248 5475 2662 5559 μητροπολίτας,
2708 5476 2803 5535 καὶ
2844 5485 3036 5535 τυποῦν
3079 5479 3293 5545 ἑαυτοὺς
3364 5478 3420 5536 ἐν
3487 5501 3547 5536 τε
3610 5484 3747 5538 καθ-

2096 5561 2291 5642 έδραις,
2323 5569 2411 5623 καὶ
2468 5573 2771 5647 πανταχοῦ.
2830 5563 2978 5624 Ἐπεὶ
3020 5564 3075 5624 δὲ
3131 5570 3220 5625 καί
3274 5590 3411 5633 τινες
3461 5573 3568 5625 τῶν
3609 5570 3748 5627 κατὰ

2093 5650 2291 5718 τόπους
2347 5653 2577 5715 δυνατῶν
2633 5658 2688 5712 ἐν
2747 5668 2866 5721 τοῖς
2909 5663 3016 5713 τῶν
3057 5654 3227 5715 οἴκων
3287 5658 3578 5738 εὖκτηρίοις
3647 5678 3748 5727 ση-
