4130 6418
465 366 584 432 839

1831 366 1862 429 J
1870 365 1963 428 US
2007 361 2455 427 CANONICUM

3740 352 3853 421 840

466 494 699 559 nullum
728 503 955 578 turpem
988 506 1277 579 quaestum
1311 498 1403 559 vel
1436 496 1669 558 lucrum
1702 495 1985 575 injustum
2020 513 2122 556 re-

2209 502 2353 574 αγῶν
2404 496 2600 570 ὁμοίως
2657 498 2831 566 ζητῶν
2904 496 3348 574 χρηματίζεσθαι,
3399 484 3490 557 Ὠς
3548 491 3845 549 κινδυνεύειν

468 583 745 664 pudians,
783 585 889 647 sed
923 603 992 647 ex
1029 585 1327 663 religiosis
1373 585 1598 666 pariter
1629 603 1696 646 ac
1727 583 2127 664 piacularibus

466 672 763 735 ditescere
791 674 1065 755 cupiens.
1119 673 1246 747 Quo
1306 674 1369 735 [it
1420 674 1842 755 ntpericulum
1896 673 1995 750 sil,
2053 691 2128 733 ne

465 780 634 823 sacra
664 762 876 825 eodem
911 762 1243 826 habeantur
1290 764 1444 835 loco,
1478 783 1593 844 quo
1624 764 1882 844 impura,
1939 772 1996 823 et
2052 780 2128 824 ne

464 859 666 912 sancta
696 852 1120 931 profanentur;
1178 861 1235 914 et
1276 854 1377 934 qui
1407 852 1728 915 discrimen
1790 853 1945 912 inter
1998 870 2124 912 rem

467 955 695 1001 sacram
724 941 1152 1022 profanamque
1182 941 1380 1015 faciat,
1413 940 1508 1003 vel
1553 941 1826 1002 virtutem
1860 940 2036 1019 colat,
2070 947 2128 1002 et

464 1027 680 1105 videat,
713 1037 772 1090 et
801 1038 964 1091 recte
993 1029 1278 1104 ambulet,
1308 1048 1491 1111 prope
1521 1048 1697 1090 nemo
1728 1030 1803 1089 sit
1832 1027 1892 1090 in
1925 1028 2122 1090 homi—

466 1135 606 1177 num
640 1117 761 1178 vita
783 1117 1073 1199 reliquus.
1108 1121 1195 1182 Ac
1219 1118 1375 1192 vide,
1412 1136 1633 1198 quaeso,
1666 1117 1807 1198 quid
1843 1116 1954 1177 sibi
1988 1116 2127 1178 velit

465 1205 579 1266 hoc
612 1225 807 1267 meum
839 1208 1153 1268 exordium
1224 1207 1436 1269 Omnis
1486 1206 1547 1268 in
1579 1207 1889 1267 hominum
1943 1207 2120 1267 vitam

468 1295 645 1355 modo
670 1294 960 1357 vitiositas
982 1296 1242 1377 irrepsit.
1274 1305 1333 1357 et
1364 1295 1674 1357 inhonesta
1698 1313 1801 1375 pcr
1831 1313 2121 1355 summam

469 1382 768 1444 licentiam
828 1384 1073 1465 impune
1161 1386 1635 1446 committuntur.
1698 1383 2010 1446 Simulatio
2070 1391 2128 1443 et

466 1472 647 1548 larva,
705 1492 813 1553 pro
865 1492 932 1536 re
964 1474 1212 1537 honesta
1264 1474 1666 1554 laudabilique
1698 1474 1932 1534 ducitur
1965 1490 1979 1535 :
2016 1491 2129 1535 nec

466 1560 625 1621 aliud
648 1561 968 1643 quidquam
995 1563 1254 1625 universi
1283 1581 1466 1644 prope
1497 1563 1775 1624 mortales
1804 1561 1985 1641 magis
1999 1562 2125 1623 sol-

467 1648 632 1711 licito
662 1651 1138 1732 complectuntur
1189 1652 1409 1725 studio,
1444 1672 1619 1733 quam
1688 1653 1845 1712 unde
1876 1652 2030 1732 quis,
2066 1659 2127 1713 et

2210 583 2439 643 ἐντεῦθεν
2494 585 2559 640 τὰ
2599 584 2712 663 ἱερά
2767 584 2822 640 ἐν
2880 582 2986 657 ἴσῳ
3042 587 3249 640 κεῖσθαι
3292 597 3412 646 τοῖς
3475 597 3709 661 μιαροῖς,
3766 584 3849 639 καὶ

2210 676 2504 730 κοινουσθαι
2562 673 2628 729 τὰ
2694 672 2828 752 ἅγια
2864 689 2877 703 ⁸
2952 674 3039 729 καὶ
3108 675 3197 728 τὸν
3280 670 3611 750 διακρίνοντα
3665 670 3849 745 μεταξὺ

2209 765 2348 843 ἱεροῦ
2416 764 2503 818 καὶ
2556 760 2808 839 βεϐήλου,
2909 763 2944 830 ἢ
3014 766 3388 841 κατορθοῦντα,
3478 761 3566 817 καὶ
3632 761 3848 840 δρῶντα,

2210 854 2298 909 καὶ
2351 858 2734 930 περιπατοῦντα
2804 852 2992 930 ὀρθῶς,
3050 852 3127 926 μὴ
3203 851 3345 907 εἶναι
3421 848 3637 930 σχεδὸν,
3724 846 3854 924 μηδὲ

2208 940 2566 1002 πολιτεύσθαι,
2604 942 2700 999 Καὶ
2744 940 2953 1012 σκόπει,
2983 941 3031 996 τί
3074 964 3165 1016 μοι
3197 939 3443 1016 βούλεται
3468 940 3530 995 τὸ
3559 938 3850 1017 προοίμιον,

2210 1031 2520 1112 Παρεφθάρη
2563 1036 2641 1105 τῷ
2823 1036 2967 1112 πᾶσα
2988 1028 3257 1111 φαυλότης
3286 1031 3469 1107 τανῦν,
3530 1028 3619 1083 καὶ
3649 1025 3851 1102 τολμᾶ-

2206 1109 2304 1176 ταιἾ
2336 1109 2524 1186 ἀνέδην
2553 1119 2620 1174 τὰ
2647 1116 2871 1194 ἄσεμνα.
2901 1109 2962 1175 Ἠ
2992 1109 3045 1174 δὲ
3079 1118 3252 1185 σκηνὴ
3282 1119 3370 1177 καὶ
3399 1119 3462 1174 τὸ
3492 1128 3851 1196 προσωπεῖον,

2206 1210 2280 1272 ὡς
2325 1208 2497 1283 τίμιον
2542 1205 2884 1282 ἐπιτήδευμα,
2929 1208 3016 1264 καὶ
3048 1206 3323 1263 ἐπαινετόν
3358 1222 3371 1236 ⁸
3436 1207 3526 1263 καὶ
3555 1203 3699 1264 οὐδὲν
3729 1200 3853 1259 ἄλλο

2207 1296 2291 1353 διά
2320 1295 2767 1378 πεφροντισμένης
2798 1294 3028 1365 σπουδῆς
3059 1299 3108 1353 οἱ
3150 1297 3340 1360 πάντες
3407 1293 3606 1375 σχεδὸν
3637 1295 3853 1351 τίθενται

2210 1385 2499 1463 ἄνθρωποι,
2534 1386 2569 1453 ἢ
2600 1386 2757 1441 πόθεν
2816 1384 2880 1440 ἄν
2921 1408 3024 1464 τις,
3096 1387 3184 1442 καὶ
3253 1384 3401 1448 ὅπως
3456 1381 3724 1463 κερδήσοι,
3770 1383 3856 1439 καὶ

2209 1481 2278 1552 τῇ
2318 1473 2718 1556 φιλογρηματίᾳ
2761 1476 2922 1553 πόρον
2954 1474 3172 1554 ἐξεύροι,
3216 1476 3303 1530 καὶ
3358 1486 3479 1536 τοῖς
3511 1472 3631 1530 οὖσι
3688 1493 3854 1550 προσ-

2209 1565 2380 1632 θὴκην
2464 1563 3018 1643 ἐμπραγματεύσαιτο,
3093 1565 3180 1619 καὶ
3264 1562 3499 1627 ἐπινοίας
3599 1561 3853 1636 ἐπινοήσῃ

2210 1651 2448 1732 ἄντικρυς
2505 1652 3001 1731 αἱχμαλωτιζούσας
3070 1654 3177 1708 ἀπὸ
3234 1654 3388 1713 Θεοῦ.
3438 1652 3536 1709 Καὶ
3608 1656 3853 1732 ποιοῦμεν

465 1739 765 1819 quomodo
785 1729 1002 1802 lucrari
1028 1740 1235 1822 possit,
1269 1750 1328 1803 et
1359 1729 1620 1803 avaritia:
1642 1729 1931 1821 quaestum
1956 1743 2124 1803 inve-

2208 1744 2274 1800 τὰ
2303 1729 2687 1821 χρήματαίὲῆς
2719 1743 2918 1798 ἑαυτῶν
2947 1745 3130 1821 ψυχῆς
3187 1742 3566 1822 προτιμότερα,
3604 1729 3852 1813 ιἨψαντο

468 1828 611 1900 niat,
644 1845 714 1892 ac
746 1829 1137 1909 praesentibus
1196 1831 1416 1911 aliquid
1450 1830 1771 1911 adjiciendi
1831 1831 1979 1892 viam
2012 1829 2124 1891 sibi

2208 1834 2295 1890 καὶ
2337 1838 2442 1886 τὼν
2471 1831 2755 1905 ἀψαύστων
2798 1829 3009 1905 πολλοὶ,
3069 1834 3156 1887 καὶ
3213 1831 3307 1888 οὒκ
3350 1830 3648 1911 ἐφείσαντο.
3691 1826 3852 1885 Ἀλλά

469 1916 719 1991 muniat,
782 1936 1005 2000 easque
1062 1919 1419 1982 subtilitates
1450 1920 1768 1999 excogitet,
1806 1937 1937 2001 quae
1968 1919 2124 1980 haud

2208 1922 2307 1989 τὴν
2358 1920 2557 1977 ἑαυτῶν
2623 1918 2913 1987 ἐπληστίαν
2982 1916 3067 1976 ϐαὶ
3146 1920 3308 2001 μέχρι
3378 1927 3487 1976 τῶν
3541 1917 3852 1994 ἀτολμήτων

466 2005 649 2067 dubie
706 2016 906 2088 captos
945 2009 1179 2071 animos
1231 2009 1529 2071 abducant
1558 2027 1591 2069 a
1619 2009 1769 2071 Deo.
1802 2008 2124 2071 Pecuniam

2208 2008 2485 2083 ἐξέτειναν,
2563 2011 2647 2065 καὶ
2716 2022 2833 2071 τοῖς
2908 2008 3265 2085 ἀνακειμένοις
3337 2015 3455 2083 Θεῷ
3519 2003 3853 2065 πλεονέκτιδα

465 2094 701 2174 majori,
740 2114 914 2176 quam
949 2098 1179 2159 animas
1214 2106 1469 2169 nostras,
1497 2097 1556 2158 in
1583 2099 1775 2179 pretio
1808 2097 2122 2160 habemus.

2208 2098 2504 2177 ἐπιθυμίαν,
2567 2099 2654 2154 καὶ
2715 2096 3007 2154 ἀκόλαστον
3052 2096 3308 2155 ἐπέϐαλον
3379 2097 3552 2177 ὄρεξιν
3588 2114 3601 2128 ·
3679 2094 3851 2158 οἴκους

463 2184 732 2263 Attigere
749 2185 871 2264 jam
904 2187 1172 2247 nonnulli
1205 2186 1384 2248 etiam
1419 2206 1536 2247 non
1564 2186 1999 2263 tangendamec
2032 2185 2121 2248 eis

2208 2209 2259 2244 τε
2301 2187 2479 2266 ἁγίους
2523 2187 2851 2266 ἠχρείωσαν,
2890 2187 2978 2242 καὶ
3026 2188 3137 2266 ἱερά
3185 2187 3485 2264 ἠρήμωσαν
3535 2185 3848 2265 φροντιστή-

466 2290 830 2353 pepercere;
868 2275 971 2336 sed
1005 2275 1428 2356 inexplebilem
1462 2274 1645 2336 animi
1678 2275 1770 2336 sui
1804 2273 2118 2336 libidinem

2208 2299 2290 2355 ρια
2338 2294 2350 2306 ·
2398 2278 2485 2333 καὶ
2526 2275 2722 2352 τεμένη
2766 2279 2907 2350 θεῖα,
2995 2279 3147 2356 ἱερῶν
3190 2276 3485 2352 κειμηλίων
3540 2275 3799 2350 ἐψίλῳσαν
3834 2290 3848 2304 ·

466 2372 862 2441 porrexerunt
891 2364 961 2425 ad
989 2364 1237 2425 minime
1257 2364 1869 2444 attentanda.De0que
1888 2362 2122 2426 dedica-

2208 2367 2295 2422 τὸν
2326 2366 2482 2442 ἁγνὸν
2510 2371 2602 2421 τοῦ
2633 2371 2762 2422 Θεοῦ
2810 2361 2994 2445 φόϐον,
3069 2367 3155 2420 καὶ
3213 2366 3310 2433 τὴν
3368 2366 3456 2422 ἐπὶ
3528 2366 3732 2426 τούτοις
3760 2361 3847 2418 νέ-

463 2451 539 2511 tis
599 2450 983 2531 cupiditatem
1043 2472 1277 2514 avaram
1324 2461 1382 2514 et
1444 2453 1737 2514 infrenem
1797 2453 2121 2533 appetitum

2208 2475 2381 2529 μεσιν,
2416 2450 2593 2531 ποῤῥω
2620 2476 2720 2510 που
2791 2455 2878 2509 καὶ
2934 2454 3137 2532 μακρὰν
3197 2455 3397 2510 ἑαυτῶν
3482 2453 3843 2520 ἐξοικίσαντες.

464 2539 823 2618 injecerunt,
864 2540 1023 2602 aedes
1079 2551 1316 2604 sanctas
1372 2543 1761 2604 reddiderunt
1812 2542 2076 2610 inutiles.
2143 2542 2506 2604 monasteria
2563 2559 2731 2603 sacra
2787 2541 2847 2602 in
2878 2542 3257 2605 solitudinem
3290 2542 3607 2620 redegere,
3641 2538 3853 2620 templa

461 2627 662 2689 divina
692 2628 954 2691 donariis
984 2636 1171 2693 sacris
1200 2631 1533 2713 spoliarunt
1565 2653 1578 2693 :
1615 2633 1755 2694 dum
1790 2640 2012 2694 castum
2044 2630 2151 2693 Dei
2179 2631 2485 2713 timorem,
2520 2639 2580 2694 et
2611 2631 2823 2693 borum
2883 2630 3177 2694 scelerum
3221 2631 3581 2715 vindictam,
3609 2628 3731 2691 suis
3780 2626 3848 2689 ab

465 2716 654 2778 oculis
684 2716 859 2797 longe
888 2727 1177 2781 remotam
1213 2719 1457 2783 habent.

544 2807 628 2867 Ita
658 2805 876 2868 factum
937 2818 1051 2889 est,
1112 2819 1174 2871 ut
1220 2819 1425 2871 sancta
1482 2809 1585 2871 Dei
1618 2808 1797 2871 verba
1830 2807 2124 2870 mendacii

2285 2810 2435 2868 Οὕτω
2475 2811 2686 2888 ῥήματα
2754 2812 2820 2867 τὰ
2868 2810 2994 2889 ἅγια
3064 2809 3352 2887 ἐψεύσαντο
3410 2821 3506 2871 τοῦ
3563 2811 3714 2885 Θεοῦ,
3766 2807 3848 2863 καὶ

462 2903 731 2975 arguant,
765 2905 825 2957 et
854 2896 1043 2973 legem
1077 2898 1207 2979 ejus
1249 2898 1564 2961 irrideant.
1597 2898 1934 2971 Quinetiam
1966 2917 2119 2958 non-

2208 2901 2294 2955 τὸν
2324 2900 2486 2975 νόμον
2511 2903 2668 2959 αὐτοῦ
2697 2898 3078 2976 ἐμυκτήρισαν,
3130 2889 3281 2966 "Han
3319 2897 3374 2954 δέ
3434 2921 3573 2962 τινες
3630 2898 3717 2955 καὶ
3772 2896 3845 2971 μὴ

465 2983 610 3043 nulli
642 2983 716 3045 ob
748 3001 983 3066 ea,qu:e
1021 2987 1430 3069 designantur,
1463 2989 1859 3067 ingemiscere
1889 2987 2123 3068 perspi-

2208 2987 2560 3058 ἐπιστενάζειν
2586 3001 2703 3051 τοῖς
2736 2987 3128 3067 πεπραγμένοις
3198 2991 3289 3044 τὸν
3330 2993 3431 3056 τῆς
3505 2986 3654 3055 δίκης
3711 2984 3844 3049 ἅλη-

464 3089 666 3134 cacem
698 3072 865 3135 illum
903 3076 1138 3136 oculum
1166 3076 1414 3156 justitia:
1437 3095 1540 3157 per
1556 3095 1823 3138 errorem
1860 3096 1974 3138 non
2010 3097 2120 3157 pu-

2208 3099 2331 3134 στον
2391 3076 2791 3145 ἐξαπατώμενοι
2851 3075 3142 3156 ὀφθαλμὸν,
3212 3075 3474 3134 ἔσπευσαν
3545 3074 3658 3153 μεθ’
3714 3077 3843 3129 ὑπο-

465 3161 761 3270 ιοηΙιεεβό
779 3161 836 3270 id
862 3181 1105 3270 operam
1121 3163 1700 3241 dederunt,utanimi
1714 3165 1944 3228 occulto
1958 3165 2120 3264 dolo,

2208 3165 2569 3245 κεκρυμμένου
2636 3167 2993 3246 φρονήματος,
3087 3168 3173 3222 καὶ
3238 3167 3490 3245 γλώσσης
3546 3162 3841 3233 ἀπατηλῖμὶ,

467 3257 526 3309 et
556 3248 760 3328 lingua
790 3251 1163 3314 fraudulenta
1203 3264 1541 3316 sanctorum
1600 3274 1834 3335 quoque
1867 3254 2121 3335 patriar-

2208 3256 2292 3311 καὶ
2321 3261 2663 3334 πατριαρχῶν
2695 3256 2856 3332 ἁγίων
2912 3258 2999 3311 καὶ
3056 3255 3236 3334 ἱερέων
3291 3254 3485 3335 ἐτέρων
3556 3254 3845 3319 ἀπλόνητος

466 3338 1235 3422 charum,reliquorumque
1265 3343 1644 3407 sacerdotum
1673 3343 2046 3422 simplicitati
2069 3351 2124 3403 et

2208 3344 2292 3399 καὶ
2400 3343 2681 3409 ἐπιεικείας
2782 3345 3137 3423 ἀγιοπρεποῦς
3235 3348 3697 3426 κατορχήσασθαι,
3767 3338 3848 3396 καὶ

468 3435 692 3487 sancta:
750 3428 1055 3490 modestia:
1117 3433 1493 3513 insultarent,
1555 3451 1623 3494 ac
1682 3441 1954 3513 peterent
2009 3431 2125 3513 ipsi

473 3514 714 3595 quidem
745 3519 1102 3579 monasteria
1138 3539 1241 3600 per
1282 3522 1661 3583 donationem
1693 3522 1768 3583 ab
1801 3523 1886 3583 eis
1908 3540 2124 3582 conse-

471 3603 594 3684 qui,
655 3623 787 3666 cum
871 3607 1167 3687 promisso
1228 3612 1454 3671 nullum
1517 3631 1632 3671 non
1711 3608 2128 3672 beneficentiae

470 3709 663 3767 genus
693 3693 752 3753 in
805 3712 874 3755 ea
932 3696 1305 3771 declarandi,
1364 3710 1420 3760 et
1469 3699 1687 3760 illatam
1724 3700 1809 3761 eis
1864 3702 2125 3779 ipsorum

467 3781 696 3842 ratione
732 3794 1065 3862 temporum
1101 3797 1570 3868 caelerorumque
1594 3808 1836 3849 casuum
1861 3786 2123 3850 infelici-

467 3877 645 3931 tatem
682 3870 1036 3952 dissipandi,
1066 3875 1439 3957 formamque
1478 3878 1907 3958 pulcherimam
1941 3880 2127 3939 resti-

468 3960 671 4020 tuendi
712 3983 722 4017 :
761 3962 866 4021 sed
929 3972 1155 4025 tantum
1220 3967 1430 4039 abfuit,
1494 3976 1554 4026 ut
1610 3987 1678 4027 ea
1709 3968 1888 4043 nacti,
1952 3969 2128 4031 verba

465 4047 637 4108 factis
672 4059 1049 4128 praestarent,
1090 4065 1149 4115 et
1186 4055 1475 4134 promissa
1509 4057 1629 4135 imp
1658 4064 1920 4135 erent,ut
1950 4058 2126 4119 etiam

466 4136 868 4200 inverecunJe
891 4142 1090 4202 omnia
1113 4145 1372 4205 contrari
1398 4172 1405 4199 ι
1434 4146 1832 4223 designent,et
1857 4147 2125 4209 V'CoiiiliO'

477 4244 583 4284 nes
610 4246 816 4318 eorum
844 4231 1268 4291 vastationibus
1294 4236 1599 4294 cumnlent
1624 4252 1636 4295 :
1664 4235 1804 4294 dum
1829 4234 2001 4296 bonis
2024 4237 2119 4318 iis,

2205 3433 2513 3501 αἰτήσασθαι
2545 3434 2641 3508 μὲν
2668 3436 3040 3513 φροντιστήρια
3110 3432 3191 3490 δίά
3246 3424 3444 3513 δωρεᾶς
3488 3431 3673 3491 λαϐεῖν
3725 3424 3842 3508 παρ’

2209 3522 2397 3593 αὐτῶν,
2475 3519 2556 3600 ἐφ’
2632 3521 2921 3601 ὑποσχέσει
2979 3532 3072 3582 τοῦ
3123 3529 3227 3579 πᾶν
3282 3526 3517 3589 εὔποιίας
3580 3520 3719 3584 εἶδος
3778 3518 3844 3579 εἷς

2209 3609 2340 3666 αὐτὰ
2402 3606 2768 3689 ἐπιδείξασθαι,
2843 3612 2931 3667 καὶ
2988 3609 3341 3669 ἀποσκεδάσαι
3397 3615 3499 3680 τὴν
3568 3603 3847 3684 ἐπισυμϐἆο

2209 3718 2305 3752 σαν
2332 3698 2535 3763 τούτοις
2579 3696 2860 3778 δυστυχίαν
2916 3699 2974 3755 ἔκ
3042 3722 3099 3756 τε
3167 3707 3272 3756 τῶν
3329 3709 3530 3781 καιρῶν
3596 3702 3681 3756 καὶ
3746 3701 3845 3751 τῶν

2212 3784 2385 3843 ἄλλων
2456 3787 2742 3867 ἐπιφορῶν,
2782 3838 2795 3851 ,
2829 3791 2914 3845 καὶ
2969 3789 3092 3865 ὄψιν
3168 3796 3351 3855 αὐτοῖς
3424 3787 3843 3870 εὔπρεπεστάτην

2211 3874 2573 3939 ἐπισκευάσαι,
2644 3876 2912 3942 Λαϐόντας
3012 3878 3066 3934 δὲ
3149 3881 3400 3937 τοσούτου
3501 3880 3683 3946 δεῆσαι
3774 3874 3841 3933 εἷς

2212 3961 2337 4042 ἔργα
2366 3967 2487 4027 τους
2546 3964 2733 4044 λόγους
2792 3966 3135 4042 ἀποτελέσαι,
3194 3973 3283 4025 καὶ
3366 3970 3460 4033 τὰς
3536 3963 3840 4045 ἐπαγγελίας

2210 4052 2619 4132 ἀποπληρῶσαι,
2655 4054 2733 4111 ὅτι
2780 4058 2867 4111 καὶ
2910 4059 3154 4114 τάναντία
3212 4058 3381 4114 πάντα
3443 4056 3841 4138 ἀνερυθριάστως

2210 4145 2605 4200 νεανιεύοντανο
2664 4146 2751 4201 καὶ
2795 4159 2915 4208 ταῖς
2973 4147 3276 4225 ἐρημώσεσι
3344 4148 3568 4222 τούτων⁷
3631 4141 3839 4224 ἐρημώ-

2209 4254 2316 4298 σεις
2373 4234 2754 4313 ἀπεργάζονται
2791 4252 2803 4265 ⁸
2851 4244 2957 4293 τῶν
3014 4239 3133 4313 μὲν,
3195 4242 3268 4294 ὧν
3325 4238 3592 4318 φέρουσιν,
3645 4231 3841 4314 ἀγαθῶν

472 4332 601 4404 ί]υῴ
620 4315 914 4397 auferunt,
949 4320 1017 4378 ad
1046 4320 1374 4383 satietatem
1397 4324 1692 4397 fruuntur,
1720 4342 1923 4383 eorum
1958 4315 2120 4404 vero,

2208 4324 2279 4385 εἰς
2341 4323 2495 4401 κόρον
2552 4324 2905 4392 ἀπολαύοντες
2941 4347 2952 4359 ’
3028 4333 3134 4383 τῶν
3185 4325 3262 4400 δὲ,
3323 4315 3399 4382 ὧν
3452 4315 3678 4397 δέονται,
3736 4316 3840 4378 οὐδὲ

469 4403 983 4497 quibusindigeut
1015 4408 1148 4487 ipsi,
1183 4428 1257 4471 ne
1291 4410 1599 4470 minimum
1636 4410 1878 4491 quidem
1912 4431 2124 4492 repen-

2208 4412 2266 4465 τὸ
2296 4412 2500 4477 εὐτελὲς
2545 4412 2992 4493 ἀντεισφέροντες.
3043 4405 3195 4481 ’Ἕως
3268 4418 3339 4480 εἷς
3398 4415 3637 4497 ἐσχάτην
3720 4407 3839 4467 αὐτά

469 4491 633 4572 dant,
669 4492 861 4553 donec
898 4514 967 4555 ea
1001 4499 1241 4558 tandem
1274 4498 1345 4559 ad
1381 4500 1749 4561 eversionem
1787 4519 1859 4562 ac
1880 4491 2122 4563 vastita-

2208 4502 2578 4581 καταστροφὴν
2636 4491 2749 4559 καὶὴ
2780 4491 3049 4579 ἐρήμωσιν
3119 4491 3517 4566 συνελάσουσιν.
3604 4495 3837 4562 Ἐπειδὰν
3876 4528 3891 4532 -

470 4588 586 4639 tem
617 4589 948 4675 extremam
977 4587 1538 4675 redegerint.Atque
1562 4589 1674 4650 hoc
1694 4590 1872 4651 modo
1896 4590 2124 4669 perdita

2208 4586 2256 4643 δὲ
2316 4589 2452 4646 οὕτω
2537 4598 2699 4647 ταῦτα
2780 4592 3241 4675 καταλυμήνηται,
3316 4594 3501 4662 ἐπίσης
3586 4595 3765 4656 κοινῆς
3791 4581 3841 4625 ⁸6

470 4670 829 4763 monasteria
879 4674 1128 4763 perinde
1171 4675 1519 4758 divendunt,
1552 4684 1728 4762 atque
1786 4681 2124 4742 communia

2208 4678 2520 4745 κτησειδίοις
2575 4681 2992 4758 ἀπεμπολοῦσιν,
3079 4683 3115 4751 ἢ
3186 4670 3384 4763 δωρεὰν
3463 4681 3645 4747 ἄλλοις
3702 4674 3837 4736 sxa?

468 4760 833 4840 profanaque
885 4762 1131 4844 praadia,
1190 4765 1279 4825 vel
1314 4765 1444 4828 aliis
1495 4785 1563 4828 ea
1590 4760 1776 4844 gratis
1804 4766 2020 4840 locant,
2061 4778 2123 4831 ut

2208 4764 2407 4848 δόασιν,
2453 4771 2525 4833 ὡς
2557 4768 2619 4826 ἂν
2647 4772 2712 4825 τὰ
2754 4770 3053 4830 κατάλοιπα
3105 4773 3201 4842 τῆς
3265 4760 3489 4849 κάμπης
3557 4768 3837 4849 καταφάγοι

470 4863 665 4941 eruca)
685 4849 925 4941 residua
947 4851 1189 4914 devoret
1208 4852 1521 4929 locusta,et
1545 4856 1772 4935 plagam
1795 4864 2121 4920 extremam

2208 4856 2415 4936 ἧάκρὶς
2444 4860 2532 4913 καὶ
2561 4859 2658 4926 τὴν
2698 4859 2937 4939 ἐσχάτην
2994 4861 3213 4941 πληγὴν
3256 4862 3286 4918 ὃ
3344 4862 3613 4929 παντελὴς
3670 4854 3835 4915 διαδέ-

471 4933 684 5026 plenus
715 4938 973 5019 excipiat
1022 4942 1297 5003 interitus
1327 4965 1339 5001 :
1385 4962 1453 5005 ac
1485 4933 1699 5024 siquid
1731 4945 1865 5006 illos
1893 4947 2117 5026 effugit,

468 5022 541 5120 ab
567 5024 658 5086 his
681 5036 1063 5120 consumatur
1088 5048 1101 5092 :
1123 5030 1184 5092 in
1226 5051 1341 5113 quo
1392 5052 1535 5095 sane
1556 5022 1785 5095 facinus
1805 5022 2125 5098 admittunt

465 5116 732 5199 incursui
794 5117 1103 5182 barbarico
1168 5123 1384 5199 simile,
1447 5123 1552 5185 sed
1607 5125 1941 5186 Christiana
1998 5134 2123 5187 tum

466 5198 808 5292 honestate,
846 5215 968 5269 tum
1029 5210 1322 5274 modestia
1354 5230 1597 5292 prorsus
1627 5212 1959 5291 indignum.
1990 5215 2121 5278 Jam

469 5290 627 5381 quod
654 5293 827 5355 etiam
855 5296 949 5357 bis
992 5297 1140 5375 ipsis
1168 5309 1226 5361 et
1252 5290 1627 5364 inhonestius
1658 5311 1769 5381 est,
1805 5313 1862 5365 ct
1890 5304 2121 5368 alienus

465 5392 501 5437 a
522 5375 768 5458 decoro,
802 5383 1071 5449 virilibus
1109 5391 1485 5454 monasteriis
1517 5375 1800 5454 mulieres
1829 5406 2113 5476 praasunt,

2205 4943 2356 5011 ξηται
2407 4945 2619 5027 ὄλεθρος
2649 4963 2662 4977 ⁸
2724 4951 2811 5005 καὶ
2880 4948 2933 5005 εἴ
2989 4972 3038 5007 τι
3120 4952 3345 5015 ἐκείνους
3415 4950 3673 5033 διέφυγεν,
3743 4943 3837 5000 ὑπὸ

2206 5034 2403 5089 τούτων
2460 5034 2752 5114 ἀναλωθείη
2788 5054 2802 5067 ⁸
2862 5038 3119 5115 τόλμημα
3173 5039 3473 5116 τελμῶντες
3528 5035 3837 5119 βαρϐαρικῆς

2207 5122 2499 5203 ἐπιδρομῆς
2557 5126 2763 5207 ὅμοιον,
2833 5130 3203 5208 Χριστιανικῆς
3274 5128 3330 5186 δὲ
3428 5122 3834 5206 σεμνοπρεπείας

2205 5214 2294 5269 καὶ
2320 5213 2675 5289 κοσμιότητος
2720 5217 2892 5284 πάντη
2960 5218 3190 5284 ἀνάξιον.
3240 5221 3338 5278 Καὶ
3405 5221 3467 5276 τὸ
3521 5218 3594 5275 ἔτι
3648 5214 3834 5272 τούτων

2205 5303 2554 5391 ἀσεμνότερόν
2662 5327 2721 5361 τε
2767 5307 2884 5364 ~aui.
2951 5307 3360 5391 ἀπρεπέστερον,
3443 5321 3689 5388 γυναῖκες

2201 5390 2447 5472 ἀνδρῴων
2555 5393 2888 5457 ἐπιστατοῦσι
2973 5385 3406 5481 φροντιστητρίων,
3458 5385 3466 5388 Ἴ
3529 5394 3705 5475 ἄνδρες
3783 5385 3834 5443 δὲ

1776 5554 2032 5618 VARUE
2075 5551 2514 5619 LECTIONES.

542 5678 610 5732 81
647 5695 867 5746 κοινοῖς,
