4130 6420
334 390 447 459 841

278 562 285 563 ί
334 535 644 612 γυναικείων

1686 406 2379 476 ΘΒιΕΟΟ-ΒΟΜΑΝΗΜ
3621 425 3741 496 842

724 540 1082 619 φροντίζουσιν
1120 561 1139 580 ο
1224 541 1403 619 λύκοι,
1433 634 1444 640 ⁸
1475 546 1654 640 φασὶν,
1716 543 1902 640 ἄνδρας
1929 540 1961 591 5

2046 544 2137 638 iet
2162 538 2273 601 viri
2302 542 2686 608 muliebrium
2739 566 2946 612 curam
3002 560 3218 631 gemat
3251 574 3265 618 :
3301 574 3336 617 a
3364 555 3545 638 lupis,
3577 557 3740 640 quod

332 625 726 702 ποιμαίνοντες,
785 627 823 696 ἢ
900 630 988 686 καὶ
1058 638 1160 723 πῦρ
1231 635 1304 700 εἷς
1371 634 1569 715 χόρτοι
1623 634 1961 716 ἔπαφιέμενοι

2077 625 2265 723 aiunt,
2301 642 2629 709 pascuntur
2657 636 2794 714 agni
2824 654 2839 712 ;
2901 639 2990 701 vel
3006 625 3180 720 ignis
3210 642 3348 705 feno
3374 625 3738 723 immittitur,

332 711 508 808 Ὅπου
573 715 673 794 γὰρ
745 715 860 808 ούδὲ
914 717 1143 798 πάροδος
1199 711 1412 803 τυχαίᾶ
1450 711 1558 781 ’καὶ
1615 711 1961 804 ἀπερίσκεπτο

2077 713 2308 799 Quippe
2327 738 2461 782 cum
2490 741 2564 785 ne
2588 711 2867 787 fortuitus
2896 711 3243 808 quidem,“
3260 732 3508 795 minime
3537 711 3736 798 medi;

332 799 548 881 ἀνδράσι
597 805 695 880 μὲν
753 807 829 871 εἷς
887 823 1165 887 γυναικεῖα
1222 799 1429 892 ἐφεῖται
1489 814 1632 892 παρὰ
1684 799 1788 870 τῶν
1843 811 1961 869 θείω

2078 810 2236 867 tatus
2268 808 2465 872 aditus
2493 811 2638 875 viris
2667 812 2739 874 ad
2773 799 3091 880 muli-ebria
3115 799 3475 884 monasteria
3497 824 3685 887 sacris
3703 843 3738 888 a

334 890 596 967 κανόνων,
675 893 710 963 ἢ
789 896 1091 955 τούναντίον
1149 890 1376 977 γυναιξὶν
1446 903 1519 967 εἷς
1572 890 1800 982 ἀνδρῶν
1868 923 1961 958 κατ

2076 895 2406 960 canonibus
2440 900 2839 983 permittatur,
2860 912 2959 966 aut
2989 923 3021 966 e
3054 908 3351 970 contrario
3383 910 3737 975 mulieribus

333 979 544 1059 αγώγια
577 997 593 1013 ’
638 980 840 1040 πολλοῦ
892 1007 953 1064 γε
1009 983 1093 1044 δεῖ
1145 985 1413 1057 ἐνδοθῆναι
1464 988 1650 1071 ἄνδρας
1681 979 1777 1080 μὲν
1807 1010 1961 1080 γυναι

2077 984 2149 1044 ad
2185 987 2446 1050 virorum
2508 979 2861 1056 domicilia-2
2920 997 3171 1059 multum
3226 1000 3490 1080 profecto
3543 1002 3732 1079 abest,

332 1072 443 1124 κῶν
521 1067 708 1150 ἄρχειν
775 1075 988 1151 τιμίων,
1076 1083 1194 1152 Θεῷ
1277 1077 1425 1155 μόνῳ
1506 1067 1604 1154 ζῇν
1673 1067 1938 1155 ἑλομένων
1972 1093 1985 1107 ’

326 1170 587 1235 γυναῖκας
628 1156 684 1215 δὲ
725 1162 884 1219 ὁσίων
925 1165 1279 1243 προΐστασθαι
1322 1165 1550 1244 ἀνδρῶν.
1614 1170 1672 1226 Εἰ
1716 1169 1883 1243 μήπω
1909 1189 1990 1231 τις

328 1244 529 1321 ἄμικτα
611 1251 850 1329 μιγνύειν
910 1250 1103 1327 ἐθέλοι,
1164 1257 1254 1313 καὶ
1308 1261 1415 1313 τῶν
1462 1257 1613 1314 θείων
1670 1258 1846 1333 νόμων
1904 1258 1990 1313 καὶ

326 1342 425 1404 τῆς
505 1337 728 1407 ἐντολῆς
811 1342 1156 1414 καταπαίζειν
1244 1344 1626 1418 αὐθαδιάζοιτο.
1715 1344 1864 1403 Ἀλλ’
1950 1347 1984 1413 ἦ

2074 1090 2425 1139 concessum
2460 1090 2685 1156 esse,ut
2713 1083 2775 1143 in
2809 1085 3178 1149 venerabiles
3202 1087 3454 1152 feminas
3471 1110 3604 1172 quae
3621 1092 3735 1155 soli

2073 1162 2197 1224 Deo
2222 1164 2424 1230 vivere
2455 1170 2871 1247 decreverunt,
2907 1172 3226 1256 imperium
3249 1178 3359 1240 viri
3390 1162 3623 1263 gerant,
3659 1199 3728 1244 ac

2074 1253 2357 1318 mulieres
2414 1258 2556 1321 viris
2613 1260 2909 1341 religiosis
2968 1253 3233 1345 praesint,
3270 1253 3548 1350 nisi'quis
3575 1253 3728 1333 forte

2071 1358 2188 1402 non
2205 1344 2512 1409 miscenda
2528 1349 2783 1413 miscere
2807 1344 3039 1434 velit,’et
3060 1344 3495 1421 contumaciter
3509 1358 3729 1422 divinis

327 1428 619 1506 μετριότης
677 1431 831 1507 ἡμῶν
874 1435 974 1499 τῆς
1024 1453 1082 1488 τε
1125 1431 1365 1513 φυλακῆς
1393 1438 1498 1493 τῶν
1527 1437 1679 1516 ἱερῶν
1723 1436 1956 1493 κανόνων

2068 1428 2300 1509 legibus
2333 1453 2402 1499 ac
2432 1446 2726 1518 praecepto
2760 1428 3314 1507 illudat.Enimvero
3346 1447 3728 1511 mediocritas

321 1518 414 1573 καὶ
487 1523 597 1574 τῶν
685 1519 837 1575 θείων
892 1519 1263 1599 δικαιωμάτων
1334 1528 1756 1607 παρατηρήσεως
1814 1522 1961 1619 μηδέ

2068 1528 2269 1582 nostra
2300 1528 2750 1590 conservatione
2801 1547 3110 1593 sacrorum
3154 1552 3474 1614 canonum,
3518 1545 3577 1600 et
3619 1537 3723 1619 ju-

321 1627 375 1661 τι
431 1608 858 1687 προύργιαίτερον
915 1611 1200 1687 πιουμένη,
1275 1616 1364 1671 καὶ
1418 1616 1484 1672 τὰ
1523 1623 1742 1673 τοιαῦτα
1804 1613 1961 1691 ὣσπεί

2064 1607 2220 1707 rium
2252 1610 2586 1676 divinorum
2649 1616 3062 1683 observatione
3103 1621 3253 1685 nihil
3283 1607 3585 1707 antiquius
3611 1607 3725 1690 ha-

322 1692 588 1773 φθάνουσα
634 1698 722 1753 καὶ
769 1698 967 1754 ἱστῶσα
1022 1697 1186 1775 δεινὰ,
1245 1704 1335 1759 καὶ
1393 1708 1491 1771 τῆς
1548 1704 1634 1761 ἐπὶ
1691 1705 1756 1760 τὰ
1796 1702 1961 1795 πρόσω

2064 1694 2250 1774 hens;
2285 1700 2461 1764 simul
2497 1712 2554 1764 et
2587 1705 2713 1767 haec
2772 1709 2928 1770 mala
2989 1710 3148 1774 velut
3184 1692 3507 1795 .nticipabs
3535 1735 3605 1779 ac
3635 1717 3723 1779 si-

322 1788 488 1861 φορᾶς
581 1782 971 1862 ἀνακόπτουσα,
1075 1786 1375 1869 διορίζεται,
1493 1794 1631 1869 μήτε
1715 1790 1961 1867 μετένεξιε

2061 1792 2253 1868 stens,
2286 1798 2344 1851 et
2375 1792 2696 1871 quominus
2745 1795 2994 1859 ulterius
3045 1809 3306 1881 serpant,
3341 1782 3715 1869 retundens:

319 1868 428 1929 ἀπὸ
473 1877 566 1928 τοῦ
612 1873 894 1953 παρόντος,
942 1880 1295 1958 μοναστηρίου
1350 1868 1577 1959 γίνεσθαι
1637 1879 1961 1953 οἱανδήποτεε

2061 1876 2263 1969 statuit
2291 1887 2355 1940 ut
2378 1868 2448 1942 ex
2476 1881 2587 1943 hoc
2619 1890 2887 1964 tempore
2939 1868 3474 1969 neque-translatio
3506 1912 3719 1958 mona-

316 1958 426 2015 ἀπὸ
494 1967 588 2018 τοῦ
662 1959 747 2019 διὰ
819 1962 1015 2043 δωρεᾶς
1071 1958 1395 2047 κατέχοντος
1448 1970 1602 2029 τοῦτο
1659 1973 1729 2036 εἷς
1799 1968 1961 2047 ἕτεροι

407 2048 419 2065 ,
721 2049 835 2065 ..υ
915 2055 930 2065 .
1051 2056 1064 2065 .
1174 2055 1184 2065 .
1336 2059 1346 2065 .
1456 2059 1464 2065 .
1616 2059 1641 2065 -.
1858 2058 1885 2065 _

2059 1965 2653 2065 s‘terii.quaacu_n_que
2718 1958 2820 2065 fiat
2868 1973 2941 2036 ab
2982 1958 3072 2065 ea
3120 1995 3396 2062 persona,
3449 2000 3581 2063 quae
3609 2001 3721 2065 per

314 2048 602 2127 πρόσωπον
645 2072 657 2082 ’
711 2049 835 2109 ἀλλ’
886 2055 933 2110 εἰ
982 2056 1069 2112 καὶ
1126 2055 1346 2135 γένηταί
1395 2059 1550 2134 πότε,
1609 2059 1799 2139 ἄκυρον
1830 2058 1971 2114 εἶναι

310 2138 532 2214 ταύτην,
604 2141 692 2197 καὶ
760 2139 1000 2219 ἄδεκτον,
1074 2146 1162 2202 καὶ
1247 2145 1478 2212 εὒθύναις
1573 2146 1766 2228 ἔνοχον
1848 2160 1970 2216 ταῖς

308 2225 757 2307 ἀρμοδιωτάταις,
804 2233 954 2303 Μήτε
1009 2247 1263 2311 γυναῖκα,
1324 2235 1447 2301 οἾας
1518 2234 1579 2293 ἂν
1625 2225 1716 2304 εἵη
1766 2239 1964 2320 τύχης,

308 2314 545 2396 ἀνδρῴου
624 2316 900 2393 δεσπόζειν
984 2325 1337 2400 μοναστηρίου
1383 2341 1397 2356 ⁸
1506 2325 1542 2394 ἢ
1646 2314 1966 2399 τούναντίον,

311 2401 472 2485 ἄνδρα
526 2409 822 2487 γυναικείου
857 2427 871 2441 ·
935 2412 1022 2468 καὶ
1091 2412 1345 2489 μάλιστα,
1406 2413 1618 2482 ἡλικίας
1676 2417 1970 2474 ὑποπτευο-

310 2493 481 2571 μένης
550 2499 909 2578 τυγχάνοντα,
967 2503 1057 2557 καὶ
1140 2501 1438 2561 σκανδάλοο
1521 2503 1769 2587 ἀφορμὴν
1852 2522 1969 2572 τοῖς

309 2596 523 2646 πιστοῖς
553 2583 952 2667 ἐμπαρέχοντα.
1016 2591 1116 2648 Καὶ
1171 2597 1324 2648 τοῦτο
1379 2583 1725 2672 φυλάττεσθαι
1782 2596 1870 2651 καὶ
1913 2596 1967 2652 ἐν

308 2672 695 2752 μητροπόλεσι,
754 2677 844 2763 καὶ
915 2677 968 2736 ἐν
1055 2678 1401 2755 ἐπισκοπαῖς,
1489 2683 1580 2739 καὶ
1660 2694 1961 2763 πανταχοῦ.

309 2760 585 2820 Ἐκποδὼν
652 2764 753 2844 γὰρ
810 2762 894 2823 δεῖ
960 2771 1228 2825 ποιεῖσθαι
1298 2770 1390 2836 τὰς
1446 2772 1683 2852 πονηρὰς
1737 2760 1965 2849 ὑποψίας

304 2850 454 2928 πάσῃ
505 2860 758 2934 μηχανῇ.
818 2852 938 2912 ἀλλ’
1010 2858 1132 2938 οὖχὶ
1212 2859 1303 2916 καὶ
1383 2850 1648 2936 πτώματα
1732 2861 1964 2922 ἐντεῦθεν

303 2954 612 3022 συγχωρεῖν
641 2942 1036 3019 ἀποτίκτεσθαι,
1094 2948 1182 3004 καὶ
1228 2948 1288 3004 τὸ
1332 2950 1505 3026 τίμιον
1563 2955 1662 3017 τῆς
1721 2948 1961 3020 Ἐκκλη-

301 3030 417 3095 σίας
513 3028 903 3110 καθυϐρίζεσθαι
982 3033 1275 3117 πλήρωμα,
1353 3028 1446 3102 Ὦς
1531 3037 1595 3097 ἂν
1650 3039 1741 3097 οὖν
1824 3043 1961 3117 μήτε

299 3121 575 3201 μεταφορὰ
633 3121 726 3178 τὸν
782 3120 1046 3198 μέλλοντα
1100 3112 1297 3206 χρόνον
1367 3127 1474 3184 ἀπὸ
1543 3112 1835 3208 προσφπου
1886 3133 1960 3195 εἰς

298 3191 585 3287 πρόσωπον
667 3191 806 3291 ἱερού
888 3191 1289 3296 φριιντισζηρίου
1388 3191 1832 3300 πλημμεληθείη,
1921 3191 2016 3289 iic

297 3298 674 3376 ἀπεμπόλησις
733 3301 910 3379 (τοῦτο
978 3301 1025 3358 δ’
1080 3304 1311 3385 αἰσχύνη
1387 3307 1475 3362 καὶ
1529 3298 1953 3390 ὑπολογίζεσθαι,

299 3389 377 3464 μή
421 3409 471 3444 τι
499 3385 672 3467 λέγειν
700 3391 790 3447 καὶ
844 3394 1108 3449 πιστεύειν
1162 3392 1363 3474 γράφῇ)
1425 3395 1564 3471 μήτε
1606 3385 1722 3471 μὴν
1766 3385 1955 3475 γυναιέ

295 3477 453 3534 κείων
530 3475 712 3556 ἄνδρες
797 3481 1052 3556 σεμνείων
1134 3480 1499 3558 ἒπιστατοῖεν,
1584 3485 1619 3553 ἢ
1705 3500 1956 3563 γυναῖκες

295 3563 543 3646 ἀνδρῴων
597 3569 962 3648 προΐσταιντο,
1022 3571 1085 3627 τὸ
1139 3572 1308 3652 παρὸν
1348 3573 1639 3651 ὑπόμνημα
1692 3572 1898 3643 ἐξετέθη
1930 3592 1954 3616 ο

284 3656 420 3734 πρὸς
460 3668 579 3720 τοῖς
622 3656 924 3735 εἰρημένοις
996 3656 1073 3715 ἔτι
1130 3661 1219 3718 καὶ
1276 3666 1453 3719 πᾶσαν
1508 3660 1711 3721 ἔκδοσιν
1768 3685 1949 3744 παρα-

287 3740 513 3824 λαυρίων
584 3766 643 3801 τε
699 3747 787 3804 καὶ
841 3749 992 3826 ἱερῶν
1062 3750 1499 3830 φροντιστηρίων,
1572 3752 1661 3808 καὶ
1731 3740 1949 3829 κτημά-

285 3855 417 3914 των,
493 3835 581 3891 καὶ
633 3834 833 3892 τοπίων
902 3834 1086 3901 ἁπλῶς
1132 3840 1220 3895 καὶ
1278 3838 1636 3922 ἀμπελώνων,
1694 3839 1814 3908 ἥτις
1871 3843 1948 3919 μὴ

284 3924 423 3980 κατὰ
489 3923 710 4003 γνώμην
780 3928 1199 4008 πατριαρχικὴν,
1267 3927 1305 3996 ἢ
1383 3927 1592 3997 εἴδησιν
1676 3937 1783 3987 τῶν
1858 3938 1949 3989 τοῦ

285 4012 533 4092 σεκρέτου
639 4019 732 4070 τοῦ
842 4015 1060 4094 εύαγοῦς
1159 4015 1615 4099 χαρτοφυλακείου
1719 4018 1942 4098 προέϐη,

283 4100 585 4182 ἀναργύρως
659 4102 953 4183 ἀνατρέπον
1021 4106 1111 4164 καὶ
1196 4106 1442 4185 ἀκυροῦν.
1531 4106 1683 4167 Οὕτω
1737 4108 1941 4186 μέντοι,

282 4190 422 4249 ὥστε
475 4189 739 4269 μηδεμίαν
795 4192 1035 4252 ἐπεωεν
1082 4196 1278 4271 ζημίαν
1348 4197 1415 4253 τὰ
1482 4198 1649 4275 εὐαγῆ
1722 4212 1945 4275 σεμνεῖα

282 4280 592 4361 ὑφίστασθαι
626 4300 640 4314 ⁸
700 4280 821 4340 ἀλλ’
875 4286 1060 4350 αὐτοὺς
1118 4285 1348 4349 ἐκείνους
1389 4287 1514 4350 τοὺς
1561 4285 1943 4369 ἐκδεδωκότας,

2056 2051 2442 2154 donationem
2490 2059 2548 2119 id
2602 2061 2891 2154 possidet,
2924 2063 2997 2124 ad
3017 2051 3197 2127 aliam
3229 2051 3543 2148 personam
3578 2051 3713 2154 :.et,

2055 2140 2105 2202 si
2126 2141 2380 2241 facta_sit
2416 2147 2674 2241 [orte,sit
2705 2149 3013 2229 irrita,nec
3036 2140 3403 2224 admittatur.
3433 2167 3490 2221 et
3522 2140 3715 2241 poenis

2053 2234 2547 2298 convenientibus
2583 2241 2967 2318 reprimatur.
3028 2242 3151 2306 Nec
3206 2253 3270 2307 ut
3319 2246 3460 2309 item
3497 2234 3715 2312 mulier

2053 2322 2466 2405 cujuscunque
2526 2329 2887 2392 conditionis
2955 2332 3048 2405 sit,
3124 2333 3314 2396 virilis
3364 2338 3716 2414 monasterii

2052 2408 2385 2474 dominium
2419 2414 2635 2478 habeat
2669 2438 2681 2477 :
2716 2428 2815 2479 aut
2844 2424 2974 2483 vice
3005 2439 3196 2503 versa,
3229 2424 3318 2486 vir
3358 2425 3666 2491 muliebris
3694 2449 3710 2505 ;

2051 2501 2410 2578 praesertim,
2444 2504 2546 2583 qui
2577 2514 2867 2586 suspectae
2898 2508 2973 2570 sit
2995 2501 3208 2588 aetatis,
3244 2521 3301 2574 et
3333 2501 3711 2579 occasionem

2052 2587 2320 2680 scandali
2350 2590 2632 2654 ﬁdelibus
2682 2597 2963 2674 praebeat.
3000 2600 3194 2680 Atque
3224 2601 3335 2663 hoc
3382 2602 3709 2669 observan-

2050 2674 2191 2773 dum
2228 2681 2436 2773 tamin
2486 2685 2921 2773 metropolibus
2949 2674 3127 2766 quam
3160 2689 3621 2773 episcopalibus,
3651 2702 3714 2758 et

2048 2763 2288 2847 ubique.
2322 2768 2469 2831 Nam
2496 2772 2659 2833 omni
2682 2784 2897 2837 conatu
2926 2763 3307 2841 removenda
3337 2763 3474 2842 sunt
3504 2763 3709 2867 suspi-

2047 2852 2251 2917 ciones
2284 2857 2479 2935 malm,
2535 2860 2844 2942 multoque
2886 2864 3084 2926 minus
3115 2852 3708 2949 permittendum,.ut

2046 2941 2248 3022 lapsus
2297 2945 2439 3009 inde
2496 2941 2867 3028 proveniant,
2935 2962 2992 3015 et
3062 2941 3309 3018 infamia
3365 2941 3706 3024 venerabile

2046 3048 2262 3112 corpus
2295 3036 2591 3128 Ecclesia?
2633 3039 2946 3105 afﬁciatur.
2992 3041 3066 3105 Ut
3095 3043 3278 3123 igitur
3305 3046 3367 3107 in
3399 3056 3702 3128 posterum

2042 3138 2238 3202 neque
2260 3126 2564 3187 translatio
2597 3134 2747 3189 sacri
2781 3130 3034 3211 alicujus
3061 3126 3414 3198 monasterii
3438 3157 3470 3199 a
3486 3157 3699 3219 perso-

2042 3211 2198 3272 nain
2233 3232 2550 3292 personam
2599 3219 3026 3302 committatur,
3078 3232 3176 3284 aut
3207 3211 3703 3309 venditio-(quod

2036 3299 2127 3399 vel
2160 3302 2415 3399 cogitatu
2447 3312 2621 3386 turpe
2653 3306 2856 3384 fuerit,
2890 3299 3109 3373 nedum
3143 3325 3206 3373 ut
3260 3299 3609 3399 dicatur,‘et
3638 3318 3698 3380 in

2038 3387 2264 3452 litteras
2292 3393 2636 3476 referatur),
2689 3415 2885 3479 neque
2917 3400 3027 3461 viri
3060 3402 3415 3466 mulieribus
3470 3387 3698 3471 scholis

2038 3476 2362 3542 honestatis
2380 3483 2648 3561 praesint,
2676 3476 3066 3550 autvirilibus
3086 3490 3374 3555 mulieres
3394 3511 3407 3555 :
3437 3513 3702 3575 praesens

2037 3564 2151 3628 hoc
2180 3580 2633 3662 monumentum
2663 3575 2996 3655 expositum
3029 3586 3139 3654 est,
3192 3582 3347 3662 quod
3381 3564 3599 3662 praeter
3629 3603 3700 3648 ea

2035 3672 2163 3735 quae
2192 3655 2350 3719 dicta
2377 3668 2534 3735 sunt,
2562 3661 2737 3722 etiam
2771 3681 3011 3727 omnem
3031 3655 3398 3731 locationem
3417 3674 3696 3752 paralau-

2033 3741 2260 3804 riorum
2314 3753 2372 3807 et
2401 3765 2705 3810 sacrorum
2768 3754 3288 3832 monasteriorum,
3346 3741 3694 3839 et'praedio-

2032 3848 2190 3907 rum,
2218 3840 2277 3896 et
2305 3835 2626 3897 fundorum
2658 3838 3032 3920 simpliciter,
3092 3861 3161 3932 ac
3189 3835 3525 3922 vinearum,
3560 3869 3694 3932 quae

2033 3920 2109 3984 de
2139 3927 2439 3988 sententia
2497 3929 2874 4011 patriarchae,
2934 3950 3003 3993 ac
3059 3930 3390 3998 scientibus
3443 3920 3538 4021 iis,
3576 3920 3693 4023 .qui

2032 4017 2352 4076 secretario
2384 4016 2739 4079 venerabilis
2768 4019 2975 4081 scrinii
3004 4032 3420 4105 praesunt,non
3450 4016 3693 4107 proces-

2030 4099 2106 4186 sit
2140 4121 2153 4161 :
2190 4101 2418 4186 absque
2448 4106 2622 4186 pretii
2653 4099 3035 4172 restitutione
3068 4099 3355 4175 rescindit
3383 4099 3688 4185 et'abolet.

2027 4185 2114 4250 Ita
2137 4185 2433 4270 tamen,ut
2452 4185 2833 4259 venerabiles
2863 4199 3195 4263 honestatis
3223 4203 3442 4267 scholae
3459 4206 3685 4270 nullum

2027 4282 2170 4346 inde
2200 4281 2625 4346 detrimentum
2657 4288 3009 4366 sustineant,
3063 4290 3167 4353 sed
3199 4300 3264 4352 ut
3293 4292 3439 4358 illud
3472 4297 3548 4359 de
3579 4316 3686 4361 suo

284 4369 499 4428 οἴκοθεν
552 4370 749 4439 ταύτην
799 4371 1190 4452 ἐπιγινώσκειν,
1237 4376 1327 4433 καὶ
1368 4376 1500 4456 πρὸς
1569 4377 1660 4441 οὓς
1717 4375 1941 4435 ἒκδεδώ-

2051 4380 2322 4435 ocatores
2354 4382 2681 4450 agnoscant
2714 4384 2773 4437 et
2815 4378 3213 4442 conductores
3246 4403 3259 4439 :
3294 4382 3383 4444 illi
3415 4386 3683 4466 quidem,

285 4482 436 4535 κασι,
467 4460 588 4525 τοὺς
617 4461 739 4538 μὲν,
784 4463 855 4527 ὡς
889 4460 1153 4545 δολεροὺς,
1204 4466 1292 4526 καὶ
1346 4465 1380 4523 ἃ
1435 4466 1513 4540 μὴ
1569 4467 1941 4546 ἒπετράπησαν

2046 4469 2091 4535 ιι
2118 4460 2500 4537 fraudulenti,
2537 4471 2594 4523 et
2623 4464 2724 4544 qui
2756 4483 2876 4526 non
2908 4467 3198 4547 permissa
3226 4486 3260 4531 a
3290 4460 3684 4538 sanctissimis

284 4549 429 4629 παρὰ
480 4556 587 4607 τῶν
657 4551 975 4629 ἁγιωτάτων
1059 4553 1376 4635 ἀρχιερέων,
1447 4554 1533 4612 ἐπὶ
1602 4554 1772 4636 κέρδει
1828 4555 1940 4633 ἰδίῳ

2046 4550 2401 4613 iontiﬁcibus
2432 4552 2656 4632 proprii
2715 4554 2866 4616 lucri
2926 4574 3102 4619 causa
3158 4559 3314 4621 male
3363 4561 3676 4627 alienent:

283 4643 464 4702 κακῶς
489 4637 896 4716 ἐκποιουμένους
925 4657 939 4672 '
1001 4643 1127 4708 τοὺς
1166 4641 1601 4733 ἰεκλαμϐἀνοντας
1631 4643 1707 4721 δὲ,
1738 4645 1821 4733 ,ὅτι
1861 4648 1937 4722 μή

2046 4642 2421 4703 :onductores
2449 4644 2778 4723 vero,quod
2800 4664 3003 4707 curam
3025 4647 3247 4709 nullam
3270 4650 3674 4733 adhibuerim,

282 4726 591 4808 ἐφρόντισαν
680 4726 1066 4808 ἀκριϐώσασθαι
1154 4731 1281 4814 παρ’
1362 4736 1437 4791 ὧν
1522 4731 1606 4790 δεῖ
1673 4732 1939 4812 ἐκλαμϐά-

2046 4740 2087 4794 it
2127 4731 2412 4793 certiores
2441 4741 2665 4809 essent,
2699 4750 2734 4793 a
2779 4735 2996 4815 quibus
3055 4738 3514 4803 conductionem
3548 4726 3683 4806 ﬁeri

277 4836 413 4890 νειν,
484 4816 573 4874 καὶ
623 4815 983 4897 ἠσφαλίσαντο
1007 4820 1283 4910 μέαυτούς
1318 4838 1333 4853 ⁸
1412 4822 1498 4880 καὶ
1554 4820 1811 4910 μάλιστα,
1892 4825 1936 4882 εἰ

2046 4828 2432 4901 ιροιοιεδιωοο
2463 4838 2534 4909 eo
2566 4822 2743 4883 modo
2769 4823 2883 4883 sibi
2903 4825 3167 4886 caverint
3190 4846 3202 4888 :
3226 4844 3294 4888 ac
3317 4831 3675 4910 praesertim,

280 4908 362 4983 μὴ
404 4906 667 4988 προφανὲς
721 4905 813 4976 εἴη
865 4910 952 4966 καὶ
1001 4906 1160 4979 δῆλον
1219 4909 1299 4969 ὅτι
1357 4912 1431 4975 εἰς
1501 4909 1778 4992 χρειώδεις
1846 4915 1935 4970 καὶ

2049 4909 2068 4971 i
2101 4929 2218 4971 non
2251 4905 2561 4971 manifesto
2589 4912 2980 4994 pareat,quod
3012 4914 3085 4977 ad
3117 4915 3292 4977 utiles
3315 4905 3677 4983 etnecessa;

278 4996 567 5089 ἀναγκαίας
620 4994 828 5089 ὶξόδουῌς
882 5002 988 5058 τῶν
1016 5087 1029 5089 _
1059 5002 1472 5082 φροντιστηρίων
1542 5001 1932 5089 προεχώρησαν

2051 4999 2139 5062 ias
2171 5016 2466 5080 eXpensas
2524 5001 3023 5063 monasteriorum
3083 5014 3323 5083 erogata
3365 5006 3505 5084 sint,
3541 5028 3673 5089 quae

276 5087 346 5144 τὰ
402 5083 717 5150 εἶσδεκτικά,
792 5086 927 5175 ’ᾼπὸ
1009 5087 1065 5145 δὲ
1135 5096 1231 5148 τοῦ
1299 5090 1584 5171 παρόντος,
1640 5088 1808 5166 μηδέν
1879 5114 1930 5148 τι

2047 5095 2255 5169 ecepta
2277 5106 2346 5149 ex
2377 5086 2670 5150 reditibus
2702 5099 2889 5155 erant.
2916 5092 3213 5175 Deinceps
3241 5083 3494 5174 quidem
3520 5083 3675 5161 nihil

277 5175 477 5234 τούτων
520 5177 775 5256 γίνεσθαι.
839 5174 989 5266 Ἀλλέ
1046 5179 1093 5235 εί
1158 5181 1246 5237 καὶ
1316 5178 1491 5252 δεήσει
1548 5179 1806 5259 γενέσθαι,
1862 5186 1931 5258 τῇ

2046 5196 2224 5239 torum
2254 5177 2386 5238 fieri
2425 5175 2625 5240 debet.
2660 5180 2745 5241 Ac
2776 5180 2826 5241 si
2858 5180 3116 5244 maxime
3148 5184 3280 5246 fieri
3312 5189 3669 5266 oportuerit,

275 5266 433 5342 ἡμῶν
486 5264 763 5347 ἀναφέρειν
800 5265 1128 5349 μετριότητι,
1194 5268 1231 5338 ἢ
1283 5271 1371 5326 καὶ
1424 5276 1502 5346 τῷ
1543 5268 1930 5350 θεοφιλεστὰτῳ

2050 5269 2083 5329 d
2110 5265 2579 5329 mediocritatem
2622 5278 2881 5332 nostram
2936 5269 3251 5349 referatur,
3296 5264 3386 5337 vel
3417 5276 3490 5338 ad
3521 5264 3672 5340 teli-4

273 5345 665 5437 χαρτοφύλακι,
751 5357 838 5416 καὶ
904 5345 1050 5423 τοῖς
1108 5360 1228 5439 περὶ
1311 5345 1482 5418 αὐτὸν
1525 5345 1925 5423 εὖλαϐεστάτοις

2052 5355 2412 5419 iosissimum
2438 5356 2955 5440 chartularium,et
2983 5345 3298 5440 adjunctos
3327 5365 3383 5425 ei
3414 5383 3668 5431 venera-

269 5426 537 5510 διακόνοις
595 5426 685 5502 καὶ
768 5426 1189 5526 πατριαρχικοῖξ
1265 5450 1520 5528 νοταρίοις
1555 5467 1571 5484 ο
1642 5448 1731 5505 καὶ
1796 5470 1925 5529 προ-

2046 5447 2162 5511 iles
2191 5444 2478 5507 diaconos
2506 5464 2574 5508 ac
2606 5426 3032 5527 patriarchales
3051 5426 3670 5539 notarioshorumque

1612 5613 1872 5681 VARIE
1913 5612 2347 5682 LECTIONES.

308 5762 313 5767 ’
347 5738 414 5791 ³8
441 5738 623 5821 ἄρνας.

712 5872 974 5937 Ρλτιιοι..
1021 5869 1132 5938 Gn.
1178 5872 1386 5938 CXIX.
3100 5870 3178 5936 27
