4130 6446
547 417 666 483 843

1906 420 2040 483 JUS
2081 417 2554 483 CANONICUM.

3791 424 3906 488 844

541 560 712 638 jussu
773 566 831 618 et
883 574 1178 620 conseusu
1238 555 1487 634 scripto,
1567 552 1992 615 alienationem
2069 548 2199 612 ﬁeri

2292 559 2481 630 τροπῇ,
2511 554 2612 638 ’καὶ
2667 553 2955 611 συναινέσει
3003 556 3272 638 ἐγγράφῳ,
3333 557 3629 638 προϐαίνειν
3695 561 3786 626 τὴν
3832 556 3909 614 ἕκ-

547 647 838 707 volumus.
883 646 1123 726 Absque
1179 664 1296 726 quo
1357 644 1431 705 sit
1482 643 1696 704 locatio
1749 641 1911 703 nulla
1956 649 2118 702 certa
2149 647 2206 700 et

547 736 847 815 indirupta
908 734 1214 796 manebit:
1252 733 1356 795 sed
1411 742 1535 796 tum
1596 731 1922 792 conductor
1972 727 2207 792 excidet

550 826 742 904 pretio
775 833 1108 899 numerato,
1170 822 1499 885 secundum
1550 839 1843 882 canonum
1890 820 2207 899 legumque

549 914 1034 975 constitutionem
1063 935 1077 994 ;
1109 922 1229 974 tum
1258 913 1433 974 etiam
1454 912 1677 972 locator
1698 909 2058 970 multabitur.
2085 907 2207 968 Hoc

547 1013 743 1065 autem
777 1012 835 1064 et
861 1003 922 1064 in
947 1001 1376 1083 metropolibus
1405 1000 1681 1075 valeat,et
1709 999 1766 1059 in
1799 997 2205 1077 archiepisco-

551 1092 784 1172 patibus
823 1101 880 1154 et
937 1090 1396 1172 episcopalibus.
1431 1089 1514 1150 Ac
1573 1107 1769 1168 neque
1799 1086 2037 1147 donatio
2072 1103 2204 1146 mo-

548 1182 796 1244 nasterii
829 1182 1024 1242 locnm
1055 1180 1268 1242 habeat
1289 1196 1545 1259 unquam
1575 1176 1634 1237 in
1668 1193 1948 1257 persona,
1985 1193 2114 1256 quae
2144 1173 2204 1234 in

549 1291 620 1332 ea
648 1290 766 1332 non
799 1280 888 1332 est
947 1271 1171 1331 inserta
1207 1288 1219 1332 :
1257 1288 1450 1348 neque
1507 1267 1617 1328 viri
1667 1265 2069 1338 muliebrium,
2112 1263 2203 1325 vel

553 1360 835 1420 mulieres
864 1359 1124 1419 virilium
1161 1355 1653 1418 monasteriorum
1716 1373 1918 1416 curam
1947 1361 2198 1433 gerant:

556 1467 751 1528 neque
783 1448 997 1510 locatio
1030 1446 1496 1528 paralauriorum
1554 1445 1643 1505 vel
1675 1443 1927 1523 alicujus
1956 1442 2204 1505 alterius

550 1538 875 1599 immobilis
906 1537 1018 1613 rei,
1053 1538 1184 1599 sine
1223 1535 1653 1616 approbatione
1702 1532 2062 1595 sanctissimi
2093 1550 2201 1612 pa-

556 1629 848 1702 triarchze,
874 1629 964 1688 vel
997 1625 1433 1706 metrOpolitani
1481 1632 1540 1684 et
1588 1623 2051 1703 archiepiscopi,
2079 1622 2198 1684 ﬁat.

547 1719 724 1779 Facta
782 1735 949 1788 vero,
1005 1717 1215 1778 litteris
1281 1713 1687 1776 tantummodo
1746 1712 2195 1774 continebitur:

551 1826 682 1868 cum
737 1825 803 1868 re
851 1807 980 1886 ipsa
1067 1824 1142 1867 ne
1211 1813 1437 1866 tantum
1507 1802 1748 1883 quidem
1809 1801 2196 1876 efﬁcacitatis,

547 1903 829 1975 quantum
867 1882 1120 1968 somnia,
1158 1893 1231 1953 sit
1259 1882 1555 1964 habitura,
1583 1891 1671 1952 vel
1710 1890 2016 1972 profutura
2046 1909 2198 1952 con-
2221 1882 2261 1931 Β

545 1984 916 2046 ductoribus.
983 1984 1135 2056 Quin
1195 1983 1369 2044 etiam
1430 1980 1716 2061 episcopi,
1798 1987 2086 2060 quotquot
2129 1998 2199 2041 ex

547 2074 1142 2154 metropolitanorum
1171 2070 1592 2133 donationibus
1616 2069 1980 2131 monasteria
2001 2069 2198 2148 possi-

552 2163 716 2238 dent,
757 2164 806 2224 si
840 2163 1202 2242 metropoles
1234 2163 1294 2222 in
1325 2170 1515 2221 artum
1559 2159 1708 2235 cogi,
1745 2167 1803 2218 et
1832 2158 2043 2238 inopes
2075 2159 2199 2219 ﬁeri

545 2251 1093 2331 contigerit,beatos
1105 2258 1301 2311 autem
1322 2261 1375 2309 et
1400 2248 1725 2327 locupletes
1739 2265 1870 2308 esse
1887 2247 2199 2327 episcopa-

547 2348 640 2400 tus
676 2363 689 2400 :
728 2342 938 2402 merito
972 2339 1325 2400 donationes
1351 2337 1482 2398 illas
1508 2337 1844 2409 restituent,
1873 2353 1941 2396 ac.
1974 2344 2202 2398 metro-

548 2429 783 2509 polibus
817 2428 1178 2490 monasteria
1199 2428 1450 2506 cedent;
1479 2433 1540 2486 ut
1573 2443 1776 2486 eorum
1810 2433 2058 2502 angusta
2073 2443 2203 2487 sors

549 2518 787 2596 paulum
824 2537 890 2578 ex
924 2537 994 2578 eo
1031 2517 1225 2578 solatii
1257 2515 1470 2595 capiat.
1501 2514 1789 2577 Similiter
1811 2521 1869 2575 et
1897 2514 2028 2575 aliae
2058 2532 2200 2594 per-

550 2628 710 2670 sonae
741 2611 979 2672 facient.
1012 2610 1156 2670 Nam
1217 2610 1372 2670 haud
1425 2606 1607 2669 dubie
1638 2606 1964 2669 absurdum
2000 2615 2109 2682 est,
2146 2615 2204 2668 et

550 2699 810 2760 alienum
863 2718 897 2760 a
949 2699 1199 2775 ratione,
1262 2697 1458 2759 omnis
1513 2697 1751 2775 generis
1795 2696 2202 2758 exactionibus

555 2791 782 2864 gravari
841 2789 1204 2870 metropoles
1283 2789 1728 2868 episcopatuum
1784 2786 1855 2847 ad
1937 2785 2198 2867 inopiam

545 2878 921 2940 redactorum
960 2898 1179 2941 causa:
1217 2877 1541 2958 locupletes
1571 2889 1769 2938 autem
1829 2877 2201 2957 episcopatus

546 2986 666 3027 non
689 2986 929 3028 manum
955 2970 1584 3048 porrigere,necopem
1605 2966 1762 3026 ferre
1777 2964 2203 3046 metropolibus

549 3057 675 3118 suis
708 3059 1018 3135 egentibus
1077 3077 1184 3118 nec
1235 3054 1675 3138 pertinentibus
1722 3055 1794 3116 ad
1828 3073 1892 3115 se
1921 3055 1972 3116 si
2002 3062 2208 3135 poscat

549 3165 712 3221 usus,
748 3147 1123 3209 monasteriis
1175 3147 1410 3209 cedere.
1475 3143 1696 3206 Verum
1760 3151 1824 3204 ut
1879 3143 2047 3214 illud,
2091 3162 2202 3206 ceu

548 3238 952 3297 necessarium
991 3246 1048 3298 et
1073 3235 1484 3310 irrecusabile,
1511 3233 1881 3314 publicorum
1905 3232 2202 3295 redituum

543 3325 731 3386 illatio
765 3334 978 3406 praeter
1028 3325 1520 3388 consuetudinem
1579 3321 1709 3383 ﬁeri
1733 3322 1942 3401 jubet:
1981 3323 2059 3384 ita
2091 3323 2205 3385 hoc

547 3434 811 3495 praesens
843 3416 1236 3490 sententia,ex
1269 3422 1431 3475 certa
1459 3411 1887 3473 deliberatione
1919 3413 2200 3490 profecta,

547 3505 972 3584 disponit,etin
1007 3514 1309 3585 posterum
1343 3501 1744 3565 exercendum
1774 3501 2206 3580 peragendum-

547 3613 660 3673 que
686 3594 1032 3656 traditJlacc
1048 3593 1428 3656 audientibus
1449 3591 1716 3672 perlecta
1735 3589 2205 3667 religiosissimis

544 3683 1038 3763 metropolitanis,
1088 3683 1352 3764 Cyriaco,
1407 3679 1710 3771 Ephesino
1741 3701 1755 3753 ;
1789 3680 2202 3771 Constantino,

535 3771 776 3833 Nicaeno
804 3795 819 3841 ;
853 3772 1188 3846 Theodoro,
1237 3769 1753 3844 Chalcedonensi;
1785 3769 2202 3853 Constantino,

539 3859 773 3922 Sidensi
803 3881 813 3923 :
839 3861 1430 3937 Joanne,.\lelitenee;
1456 3857 2198 3937 Constantino,Tyanensi;

534 3950 786 4024 Joanne,
823 3952 1334 4032 Claudiopolitano
1363 3949 1764 4028 ;Theophane
1793 3982 1843 4024 p,
1880 3949 2197 4009 Neocaesa-

535 4041 760 4113 riensi;
795 4042 1042 4114 Joanne,
1102 4041 1442 4112 lconiensi;
1503 4035 1706 4115 Sergio
1737 4049 1786 4111 τι,
1845 4035 2195 4114 Corinthio;

541 4129 854 4209 Michaele,
889 4130 1241 4190 Atheniensi
1271 4124 1958 4205 ;Tlieognosto,Mocisio
1988 4146 2003 4200 ;
2037 4124 2194 4186 Con-

540 4219 826 4289 stantino,
863 4218 1256 4299 Trapezuntio
1283 4242 1300 4294 ;
1335 4213 2194 4296 Agapeto,Adrianopolitano;

539 4305 864 4385 Stephano,
931 4307 1245 4379 Cretensi;
1311 4305 1577 4384 Nicolao,
1664 4303 2078 4382 Hydrunttno;
2137 4312 2198 4365 et

538 4397 1030 4476 archiepiscopis,
1097 4396 1374 4476 Dionysio
1418 4392 1797 4456 Prceconesio
1828 4412 1844 4468 ;
1877 4391 2188 4471 Strategio,

536 4485 736 4564 Aproo
765 4507 778 4561 ;
812 4485 1316 4565 Leone,Brysensi
1342 4503 1357 4560 ;
1381 4481 1953 4562 Petro,Cypsellensi
1979 4502 1994 4556 ;
2021 4481 2193 4543 Nico-

2287 638 2448 728 δοσιν.
2511 631 2732 708 ’Ἄλλως
2783 641 2861 718 δέ,
2918 645 2980 701 τὸ
3295 631 3386 705 καί
3450 647 3660 728 ἆῤῥαγὲς
3717 646 3906 724 οὒδεμία

2288 727 2484 794 δέξεται
2513 733 2619 787 τῶν
2668 730 2928 790 ἐπιδόσεων
2961 750 2975 765 ⁸
3042 735 3178 792 ἀλλὰ
3232 739 3320 794 καὶ
3376 740 3404 794 ὁ
3461 727 3786 810 ἐκλαμϐάνων
3823 735 3908 792 τοῦ

2288 820 2592 894 τιμήματος
2634 823 2964 896 ἐκπεσεῖται,
3039 826 3172 880 κατὰ
3229 825 3326 892 τὴν
3383 827 3487 882 τῶν
3543 827 3763 883 κανόνων
3829 822 3910 881 καὶ

2288 917 2395 965 τῶν
2467 911 2644 987 νόμων
2701 912 2927 980 διάσυξιν
2957 915 3045 995 57,
3089 919 3176 973 καὶ
3219 920 3247 973 ὁ
3304 916 3529 982 ἐκδιδοὺς
3589 918 3901 993 ζημιωθήσε-

2288 1020 2401 1062 ται,
2463 1009 2626 1058 Τοῦτο
2683 1000 2738 1058 δὲ
2793 1005 2882 1060 καὶ
2924 1004 3008 1061 ἐπὶ
3063 1006 3444 1085 μητροπόλεων
3503 1009 3772 1084 κρατείτω,
3831 1004 3910 1060 καὶ

2291 1087 2753 1172 ἀρχιεπισκοπῶν,
2837 1095 2926 1149 καὶ
3002 1094 3336 1158 ἐπισκοπῶν.
3410 1097 3506 1154 Καὶ
3563 1098 3693 1172 μήτε
3759 1092 3912 1171 δωρεὰ

2287 1181 2638 1260 μοναστηρίου
2683 1183 2755 1244 εἰς
2814 1181 3102 1262 πρόσωπον
3162 1184 3493 1262 ἁμωσγέπως
3549 1182 3908 1260 μεταϐαινέτιῖη

2285 1267 2345 1320 τὸ
2390 1268 2467 1342 μὴ
2539 1268 2960 1346 ἆναταττόμενον
3019 1271 3072 1328 ἐν
3130 1274 3286 1351 αὐτῇ,
3334 1275 3471 1349 μήτε
3514 1271 3683 1354 ἄνδρες
3737 1293 3908 1350 γυναι-

2283 1357 2460 1435 κείων,
2535 1357 2572 1426 ἢ
2628 1373 2876 1438 γυναῖκες
2940 1359 3184 1441 ἀνδρῴων
3261 1364 3622 1442 μοναστηρίων
3677 1358 3913 1442 φροντιζέ-

2286 1465 2484 1519 τωσαν,
2547 1449 2683 1523 μήτε
2771 1448 2879 1522 μὴν
2963 1449 3165 1514 ἕκδοσις
3236 1451 3622 1532 παραλαυρίων,
3689 1452 3724 1519 ἢ
3789 1469 3913 1514 τινος

2285 1534 2534 1602 ἀκινήτου
2599 1535 2800 1617 ἐτέρου,
2873 1540 3040 1617 χωρὶς
3114 1537 3439 1611 εὐδοκήσεως
3510 1547 3599 1597 τοῦ
3640 1540 3913 1619 ἁγιωτάτου

2286 1624 2637 1704 πατριάρχου,
2726 1625 2761 1693 ἢ
2846 1626 3260 1707 μητροπολίτου,
3347 1631 3433 1686 καὶ
3515 1626 3913 1709 ἀρχιεπισκόπου

2283 1712 2529 1789 γινέσθω,
2583 1720 2841 1794 Γεγονυῖα
2887 1715 2965 1796 δὲ,
3013 1717 3067 1773 ἐν
3124 1719 3399 1797 γράμμασι
3441 1720 3664 1776 κείσεται
3719 1718 3867 1794 μόνον
3897 1733 3910 1748 ⁸

2286 1801 2338 1856 ἐν
2369 1803 2642 1882 πράγμασι
2697 1802 2773 1878 δὲ,
2822 1802 2928 1862 οὐδ’
2974 1805 3072 1861 ὅσα
3116 1807 3306 1887 ὄνειροι
3369 1808 3659 1888 ἐνεργήσει,
3716 1807 3750 1876 ἢ
3791 1807 3912 1875 ὀνή-

2283 1912 2361 1947 σει
2405 1893 2528 1956 τοὺς
2601 1890 3050 1968 ἐκλαμϐάνοντας,
3112 1895 3276 1952 Ἀλλὰ
3318 1898 3406 1954 καὶ
3464 1898 3756 1973 ἐπίσκοποι,
3812 1895 3914 1952 ὅσοι

2283 1978 2506 2060 δωρεαῖς
2584 1981 2990 2060 μητροπολιτῶν
3060 1984 3348 2064 κατέχουσι
3420 1988 3761 2066 μοναστήρια,
3837 1985 3915 2040 καὶ

2283 2068 2441 2150 ἔτυχε
2471 2072 2564 2135 τὰς
2624 2072 2720 2147 μὲν
2774 2072 3132 2152 μητροπόλεις
3177 2080 3477 2133 στενοῦσθαι
3529 2078 3616 2133 καὶ
3665 2077 3914 2154 εὐπορεῖν,

2283 2160 2614 2225 εὐθηνεῖσθαι
2676 2158 2730 2215 δὲ
2773 2163 2861 2217 καὶ
2905 2163 3149 2242 εὐπορεῖν
3199 2166 3292 2228 τὰς
3354 2165 3667 2242 ἐπισκοπὰς,
3721 2165 3915 2227 δίκαίως

2283 2253 2377 2315 τὰς
2437 2250 2633 2331 δωρεὰς
2691 2252 3114 2336 ἂντιστρέψουσι,
3188 2259 3276 2313 καὶ
3351 2263 3456 2315 τὼν
3525 2257 3915 2339 φροντιττηρίων

2283 2339 2370 2396 ὑπ’
2417 2341 2642 2398 ἐκστῶσι
2711 2356 2834 2408 ταῖς
2892 2343 3312 2426 μητροπόλεσιν,
3383 2349 3457 2412 ὡς
3529 2348 3592 2403 ἂν
3645 2346 3822 2426 μικρόν
3875 2368 3915 2400 ιι

2285 2429 2514 2489 ἐντεῦθεν
2567 2433 2616 2516 ,ἡ
2681 2431 2979 2512 σύγκληρος
3045 2435 3216 2491 αὐτῶν
3297 2439 3669 2516 παραμυθῆται
3744 2456 3916 2491 στενο-

2284 2521 2478 2598 χωρία.
2566 2511 2835 2585 Ὠεΐαιύτως
2906 2523 2994 2578 καὶ
3075 2523 3336 2604 πρόσωπα
3376 2511 3578 2606 ⁷ἕτερα.
3667 2523 3915 2606 Ἀτεχνῶς

2285 2611 2384 2688 γὰρ
2453 2606 2650 2665 ἄτοπόν
2705 2610 2814 2667 ἐστι
2874 2614 2962 2668 καί
3004 2613 3331 2693 παράλογον,
3389 2617 3484 2679 τὰς
3540 2617 3637 2692 μὲν
3665 2612 3917 2695 μητροπό-

2283 2697 2394 2762 λεις
2476 2701 2749 2762 παντοίαις
2834 2702 3141 2779 βραρεῖσθαι
3229 2704 3556 2782 εἰσπράξεσιν
3639 2706 3762 2783 ὑπὲρ
3822 2709 3916 2759 τῶν

2285 2787 2712 2866 ὲξαπορουμένων
2781 2789 2952 2845 αὐτῶν
3023 2790 3324 2848 ἐπισκοπῶν
3360 2814 3374 2828 ⁸
3455 2796 3551 2858 τὰς
3621 2793 3916 2872 εὗπορούσας

2282 2876 2340 2931 δὲ
2395 2884 2501 2933 τῶν
2571 2877 2876 2935 ἐπισκοπῶν
2933 2880 3012 2955 μὴ
3089 2895 3403 2962 συγκροτεῖν
3459 2886 3546 2940 καὶ
3617 2884 3916 2962 συναίρεσθαι

2283 2979 2406 3030 ταῖς
2489 2967 2809 3046 ἀπορούσαις
2914 2971 3084 3028 αὐτῶν
3190 2972 3580 3054 μητροπόλεσι,
3664 2975 3748 3028 καὶ
3824 2976 3916 3027 τῶν

2284 3053 2632 3148 διαφερόντων
2664 3057 2895 3148 αυτοῖς,
2956 3059 3235 3148 είοτύχοι,
3311 3063 3681 3143 μοναστηρίων
3750 3082 3913 3137 παρα-

2287 3158 2512 3226 χωρεῖν,
2598 3142 2772 3226 ³Δλλ’,
2833 3142 3034 3228 ὥσπερ
3087 3149 3263 3206 ἐκεῖνο
3346 3152 3421 3215 ὡς
3506 3142 3792 3231 ἀναγκαῖον
3839 3150 3916 3205 καὶ

2288 3237 2646 3313 ἀπαραίτητον
2710 3237 2744 3302 ἡ
2816 3237 3028 3317 εἰσφορὰ
3105 3255 3420 3316 καινοτομεῖ
3497 3246 3604 3298 τῶν
3671 3240 3917 3317 δημοσίων

2287 3322 2624 3402 εἰσπράξεων,
2711 3323 2848 3381 οὕτω
2927 3334 3081 3384 τοῦτο
3163 3329 3198 3396 ἡ
3281 3338 3521 3408 παροῦσα
3588 3328 3916 3408 λελογισμένη

2286 3415 2452 3492 κρίσις
2494 3415 2787 3490 οἰκονομεῖ,
2858 3416 2946 3472 καὶ
3000 3415 3205 3473 δίδωσιν
3263 3417 3590 3498 ἐνεργεῖσθαι
3646 3422 3731 3477 καὶ
3770 3418 3920 3499 πράτ-

2287 3507 2464 3559 τεσθαι
2522 3501 2827 3565 τουλοιποῧ.
2885 3510 3060 3562 Ταῦτα
3104 3507 3176 3571 εἰς
3234 3506 3480 3577 ἀπήκοον
3539 3509 3916 3589 ἀναγνωσθέντα

2284 3591 2700 3672 θεοφιλεστάτων
2781 3593 3208 3673 μητροπολιτῶν,
3304 3605 3589 3678 Κυριακοῦ,
3662 3595 3872 3677 Ἐφέσου
3900 3609 3913 3624 ⁸

2290 3681 2702 3760 Κωνσταντίνου,
2788 3684 3006 3747 Νικαίας
3043 3699 3057 3713 ⁸
3148 3681 3440 3762 Θεοδώοου,
3544 3685 3870 3754 Χαλκηδόνος
3901 3702 3914 3719 ⁸

2292 3771 2705 3846 Κωνσταντίνου,
2766 3769 2924 3840 Σίδης
2958 3788 2973 3803 ⁸
3057 3772 3322 3851 Ἰωάννου,
3399 3776 3684 3846 Μελιτινῆς
3718 3793 3732 3808 ⁸
3791 3785 3919 3834 Κων-

2290 3863 2580 3937 σταντίνου,
2671 3861 2881 3918 Τυάνων
2914 3881 2932 3900 ο
3046 3859 3311 3940 Ἰωάννου,
3402 3864 3859 3926 Κλαυδιουπόλεως
3901 3879 3912 3890 ⁹

2283 3951 2577 4029 Θεοφάνους
2603 3951 2696 4024 58,
2775 3953 3180 4031 Νεοκαισαρείας
3214 3968 3230 3984 ⁸
3306 3949 3580 4031 Ἰωάννου,
3664 3954 3870 4012 Ἰκονίου
3901 3970 3914 3986 ⁸

2282 4041 2496 4118 Σεργίου
2523 4040 2606 4116 59,
2685 4041 2930 4119 Κορίνθου
2963 4056 2977 4070 ⁸
3037 4039 3282 4122 Μιχαὴλ,
3353 4041 3598 4111 ’Λθηνῶν
3631 4059 3646 4075 ⁸
3701 4042 3919 4122 Θεογνώ-

2281 4151 2427 4205 στου,
2515 4137 2793 4187 Μωκιστοῦ
2823 4149 2837 4163 ⁸
2947 4131 3359 4206 Κωνσταντίνου,
3471 4141 3854 4213 Τραπεζοῦντος
3895 4144 3912 4166 ⁸

2278 4219 2609 4297 Ἀγαπητοῦ,
2653 4301 2661 4303 ξ
2693 4218 3172 4300 Ἀδριανουπόλεως
3209 4236 3222 4250 ⁸
3298 4223 3590 4301 Στεφάνου,
3667 4224 3869 4303 Κρήτης
3901 4239 3914 4256 ⁸

2281 4308 2564 4385 Νικολάου,
2650 4301 2971 4390 Ὑδροῦντος,
3054 4311 3142 4366 καὶ
3211 4309 3676 4389 ἀρχιεπνσκόπων,
3713 4301 3720 4303 ὴ
3753 4321 3918 4367 Διονυ-

2277 4399 2410 4478 σίου,
2476 4388 2830 4478 Προικονήσου
2865 4417 2880 4433 ⁸
2942 4388 3316 4480 Στρατηγίουζί
3357 4388 3560 4481 ’Ἃπρω
3596 4420 3612 4438 ⁸
3682 4403 3912 4476 Λέοντος,

2279 4446 2563 4565 ΒρόάεωςΓ⁸
2612 4446 2830 4568 Πέτρου,
2867 4446 3202 4564 Κυψέῖλωξό
3237 4446 3526 4566 Νικολάοιῖ,
3559 4493 3774 4568 Λήμνου
3805 4507 3822 4526 ⁸

537 4573 652 4648 lao,
717 4575 1004 4655 Lemnio;
1069 4575 1261 4654 sigillo
1319 4571 1598 4655 plumbeo
1651 4571 1876 4631 munita
1924 4581 2082 4646 sunt,
2137 4580 2194 4633 et

2292 4574 2359 4630 ita
2412 4575 2656 4652 μολίϐδου
2712 4577 2960 4659 σφραγῖδι
3019 4579 3308 4656 ἐπιστώθη,
3383 4582 3470 4636 καὶ
3538 4580 3909 4654 ἐπεϐεϐαιώθη,

535 4664 940 4736 corroborata,
981 4666 1236 4744 dataque
1269 4681 1474 4725 mense
1508 4660 1849 4735 Novembri,
1905 4660 2189 4723 indictio-

2292 4667 2361 4720 ιαὶ
2405 4665 2626 4752 ἐπεδόθη
2670 4671 2799 4743 μηνὶ
2855 4666 3149 4749 Νοεμϐρίῳ,
3205 4669 3573 4748 ἐπινεμήσεως
3627 4661 3722 4752 ια’,
3777 4670 3912 4731 ἔτους

533 4752 628 4812 nis
660 4771 742 4822 χι,
777 4755 917 4815 anni
949 4772 1004 4816 vr
1037 4770 1396 4818 Gialoxxxw.

493 4853 628 4938 __Ill.
689 4857 776 4918 De
811 4858 1076 4920 sobrinis
1125 4858 1381 4930 duobus,
1464 4872 1721 4938 quorum
1761 4870 1918 4938 uitus
1967 4860 2188 4938 matri-

614 4942 885 4999 monium
943 4944 1260 5000 contruzrz't
1290 4955 1425 4999 cum
1455 4934 1588 5018 ﬁlio
1620 4934 1937 5018 cujusdam
1990 4934 2192 4997 adhuc

615 5019 944 5099 impubere,
980 5019 1090 5081 hoc
1109 5026 1212 5093 est,
1251 5014 1461 5080 annos
1491 5016 1598 5078 VS.
1629 5025 1832 5099 nam:
1868 5014 2024 5099 alter
2053 5033 2192 5077 vero

615 5094 1049 5176 copulatusest
1080 5101 1255 5160 illius
1302 5099 1514 5170 matri,
1564 5103 1711 5176 post,
1751 5097 1884 5171 ejus
1939 5094 2186 5168 obitum,

611 5175 767 5254 quod
793 5197 1030 5258 priores
1075 5181 1308 5258 nuptiw
1335 5196 1444 5258 pro
1473 5176 1663 5238 nullis
1691 5175 2080 5252 haberentur,
2117 5176 2189 5238 ob

611 5264 846 5320 wtatem
874 5261 1094 5338 puellae
1121 5278 1372 5340 prorsus
1397 5258 1832 5338 imperfectam.

610 5433 978 5505 Quaestiones
1007 5437 1322 5517 nuptiales,
1356 5455 1490 5499 cum
1523 5435 1597 5497 de
1628 5453 1692 5496 re
1739 5451 1907 5496 sacra
1938 5433 2102 5509 ﬁant,
2129 5443 2186 5496 et

2274 4746 2512 4835 ςφλςῖ

2282 4878 2306 4914 α
2341 4848 2420 4946 ’.
2477 4862 2600 4940 Περὶ
2653 4859 3029 4946 δισεξαδὲλφων
3072 4862 3180 4940 δύο,
3241 4865 3316 4918 ὧν
3359 4866 3387 4920 ὁ
3445 4865 3544 4941 μὲν
3599 4868 3682 4933 εἷς
3742 4862 3914 4922 συνάλ-

2354 4937 2563 5023 λαγμας
2593 4937 2949 5014 συνεστήσατό
3029 4937 3174 5021 μετα
3245 4937 3499 5023 θυγατρός
3584 4968 3726 5011 τινος
3809 4946 3916 5002 ἀτε-

2353 5019 2475 5108 λους
2507 5020 2666 5108 οὔσης
2696 5027 2794 5092 τὴν
2837 5019 3068 5108 ἡλικίαν,
3102 5025 3218 5094 ἤτοι
3249 5019 3462 5104 χρόνων
3509 5027 3667 5085 πέντε
3695 5028 3822 5108 πρὸς
3847 5031 3917 5099 τῷ

2351 5101 2532 5191 ἡμίσει
2556 5121 2584 5191 ι·
2629 5103 2814 5191 ἅτερος
2867 5104 2941 5191 δὲ,
2965 5101 3555 5191 τῇίταύτηςξσυνεζύγη
3601 5101 3764 5191 μητρὶ
3793 5105 3917 5184 μετὰ

2349 5180 2602 5268 τελευτήν
2657 5180 2845 5268 αὐτῆς,
2917 5180 3019 5251 ὡς’
3061 5187 3176 5242 ἀντ’
3227 5185 3434 5250 οὐδενὸς
3490 5180 3767 5254 δοκοῦντος
3796 5180 3804 5184 ⁷
3832 5193 3917 5244 τοῦ

2351 5263 2561 5340 πρώτου
2629 5263 2842 5343 γάμου,⁷
2910 5267 2993 5323 διὸ
3075 5269 3136 5324 τὸ
3203 5265 3475 5334 παντελῶς
3559 5267 3747 5334 ἀτελὲς
3823 5272 3914 5333 τῆς

2345 5345 2511 5422 κόρης
2521 5392 2534 5406 .
2575 5366 2598 5400 ν

2348 5436 2411 5490 Αἱ
2491 5436 2598 5488 τῶν
2674 5436 2863 5513 γάμων
2931 5439 3181 5510 ζητήσεις
3240 5439 3382 5518 παρὰ
3451 5440 3588 5497 θείου
3646 5440 3911 5518 γινόμεναι

1854 5601 2109 5666 νΑΒΙΑῑ
2155 5601 2474 5668 [.ECTION
2481 5601 2590 5668 ES.

604 5713 664 5762 57
694 5713 941 5780 διάταξιν.
1029 5717 1096 5765 58
1126 5716 1515 5796 Θεοφυλάκτου,
1602 5715 1654 5757 39
1685 5716 1960 5793 Γεωργίου.

605 5870 630 5911 ρ
663 5832 1138 5915 Thenphylacto.
1225 5845 1249 5886 (ι
1283 5836 1559 5915 Georgio.
