4130 6418
562 416 676 480 847

1994 411 2126 474 JUS
2165 407 2316 471 CAN
2321 407 2615 475 ONICUM

3818 405 3924 468 848

561 547 771 608 attinet
829 565 932 628 per
988 547 1186 609 omnia
1246 554 1428 609 testes
1483 547 1640 607 inter
1687 563 1753 607 se
1805 542 2208 628 consentiunt,

2298 540 2357 628 οὗ
2398 543 2498 610 τὴν
2541 541 2690 600 λόσιν
2723 559 2737 572 '
2786 542 2916 622 ὅπερ
2959 540 3104 600 οὐδὲν
3147 543 3483 619 ἐπισημαίνει
3524 543 3600 618 τῷ
3653 543 3926 621 πράγματι.

562 635 791 716 Quippe
823 626 1162 700 contractus
1192 635 1550 716 principium
1602 635 1950 716 quaerimus,
1985 651 2104 694 non
2135 626 2492 716 solutionem
2521 629 2679 711 quod
2710 648 2855 693 sane
2886 630 3123 710 negotio
3158 629 3308 692 nibil
3340 628 3528 692 addit.

642 725 788 787 Nam
816 726 973 807 quod
1008 746 1126 787 non
1176 734 1434 804 captum
1469 731 1557 786 est
1585 732 1772 798 recte,
1807 743 1918 784 nec
1961 721 2217 784 solutum

561 815 779 877 dicitur
817 836 830 876 :
865 816 970 878 sed
1029 835 1064 877 a
1123 815 1414 896 principio
1461 814 1765 875 vinculum
1824 811 2050 874 nullum
2106 810 2218 871 ha-

560 904 785 967 buisse.
821 908 1113 967 Caeterum
1149 912 1329 965 testes
1388 912 1555 965 actor
1613 902 1884 975 idoneos,
1923 909 1982 962 et
2039 916 2217 961 exce-

559 994 762 1074 ptione
815 996 1094 1073 majores,
1132 993 1316 1074 ipsam
1367 991 1609 1072 quidem
1653 989 2063 1062 indictionem,
2101 1005 2216 1067 qua

559 1083 778 1163 nuptiae
810 1092 1128 1145 contractae
1148 1082 1354 1156 sint,et
1383 1080 1581 1161 puella
1605 1079 1765 1141 diem
1801 1077 2042 1152 obierit,
2079 1094 2214 1138 vere

557 1190 1058 1234 commemorasse
1089 1171 1273 1232 dixit:
1302 1171 1407 1232 sed
1453 1169 1611 1250 quod
1635 1167 1955 1232 nativitatis
1980 1175 2212 1246 tempus

558 1261 1121 1336 attineret,errasse.
1155 1259 1298 1321 Nam
1334 1267 1538 1341 putare
1570 1257 1924 1339 se,puellam
1945 1264 2212 1336 tempore

557 1358 992 1411 contractarum
1048 1348 1381 1431 nuptiarum
1435 1366 1625 1408 annos
1668 1365 1791 1420 sex,
1847 1345 2211 1424 totidemque

561 1456 800 1499 menses
854 1439 1036 1514 fuisse
1112 1448 1334 1500 natam.
1417 1435 1633 1499 Verum
1695 1437 1898 1499 isthaec
1956 1433 2212 1514 objectio

558 1527 704 1587 nihil
736 1528 1068 1608 adjumenti
1096 1525 1321 1588 ferebat
1350 1525 1680 1588 rationibus
1712 1523 1975 1606 ejus,qui
2005 1530 2064 1584 et
2093 1526 2170 1584 im
2191 1557 2211 1570 ο

555 1615 844 1695 puberem
877 1625 1111 1679 aetatem
1142 1616 1450 1690 fateretur,
1486 1635 1596 1677 nec
1622 1616 1694 1677 ab
1723 1635 1786 1678 se
1821 1614 1997 1676 dictis
2029 1613 2212 1674 ﬁrmi-

556 1715 647 1766 ter
671 1705 976 1768 insisteret
1009 1728 1021 1769 :
1057 1705 1161 1768 sed
1185 1725 1320 1766 cum
1365 1705 1714 1784 conjectura
1745 1713 1801 1766 et
1831 1702 2208 1765 dubitatione

548 1794 743 1855 isthuc
775 1795 1111 1858 adversario
1144 1793 1537 1874 objiceret.Et
1567 1795 1669 1875 qui
1703 1795 1930 1875 primus
1958 1810 2207 1853 accusa-

549 1883 771 1946 tionem
795 1885 1127 1947 instituisse
1152 1885 1450 1947 ferebatur
1465 1880 2210 1965 Malacenus,injudicium

547 1971 861 2051 deductus,
899 1984 1100 2056 aperte
1133 1974 1301 2050 dixit,
1355 1974 1415 2035 in
1459 1982 1764 2035 contractu
1819 1993 1883 2034 se
1916 1971 2062 2032 nihil
2095 1970 2205 2032 ab-

544 2061 712 2122 surdi
744 2064 1043 2144 scire,nec
1077 2063 1190 2124 sibi
1216 2063 1442 2144 liquido
1467 2071 1739 2124 constare
1765 2061 2088 2142 quidquam
2115 2062 2204 2123 vel

543 2150 620 2213 de
673 2160 940 2234 tempore
988 2153 1314 2214 nativitatis
1364 2152 1599 2232 puellae,
1667 2151 1756 2212 vel
1788 2159 2209 2231 conceptarum

545 2259 814 2321 precum,
850 2241 940 2304 vel
973 2241 1191 2304 obitus.
1227 2244 1376 2306 Cum
1407 2241 1585 2320 igitur
1610 2259 1854 2303 examen
1887 2242 2002 2302 huc
2027 2259 2212 2319 usque

545 2330 963 2409 processisset,
1000 2349 1069 2394 ac
1105 2338 1285 2394 testes
1335 2331 1678 2411 nuptiarum
1736 2338 1794 2391 et
1844 2329 2210 2410 sponsalium

549 2426 783 2499 tempus
805 2437 923 2482 non
956 2419 1392 2501 distinxissent,
1429 2419 1534 2482 sed
1570 2438 1808 2500 precum
1843 2418 2082 2499 quidem
2108 2435 2206 2477 sa-

549 2525 782 2568 crarum
817 2509 1270 2589 conceptionem
1306 2509 1536 2590 perﬁci,
1571 2508 1790 2571 vidisse
1820 2527 1884 2569 se
1915 2506 2205 2588 dicerent;

548 2594 826 2673 ignorare
857 2615 1016 2673 vero,
1055 2617 1196 2659 num
1227 2599 1438 2661 eodem
1485 2597 1584 2660 die
1612 2596 1915 2677 sponsalia
1945 2613 2206 2676 praeces-

542 2683 806 2747 sissent:
843 2685 992 2747 nihil
1043 2696 1192 2768 erat,
1253 2687 1413 2770 quod
1463 2686 1777 2750 sententiae
1807 2685 2068 2747 ferendae
2098 2683 2200 2745 im~

545 2772 952 2853 pedimentum
1012 2776 1322 2856 objiceret.
1404 2775 1635 2857 Quippe
1713 2777 1760 2836 si
1837 2774 2032 2855 puella
2078 2775 2202 2855 jam

549 2863 869 2942 septimum
932 2873 1270 2928 excesserat
1329 2885 1576 2942 annum,
1611 2883 1744 2927 cum
1788 2881 1998 2945 preces
2027 2879 2210 2925 sacrae

544 2951 1026 3031 conciperentur,
1082 2973 1186 3034 par
1235 2963 1382 3029 erat,
1418 2954 1642 3035 nuptiis
1675 2953 1838 3015 intra
1887 2952 2004 3014 duo
2037 2952 2206 3014 deci-

549 3059 711 3101 mum
742 3061 962 3105 annum
996 3045 1278 3125 peractis,
1338 3044 1583 3124 inquiri,
1624 3062 1764 3104 num
1798 3050 1934 3104 ante
1968 3040 2025 3102 id
2051 3051 2204 3102 tem-

550 3148 659 3209 pus
710 3130 976 3210 legitima
1028 3133 1330 3212 sponsalia
1385 3141 1692 3194 contracta
1750 3131 2021 3206 fuissent,
2079 3138 2210 3211 post

542 3236 764 3280 annum
799 3221 1116 3300 septimum
1153 3243 1166 3281 :
1205 3221 1350 3284 utsi
1408 3221 1627 3302 nuptiae
1669 3240 1785 3281 non
1836 3226 2205 3294 constarent,

2381 704 2444 777 f'0
2473 704 2572 800 γὰρ
2603 721 2698 778 οὐκ
2725 722 2883 790 ἦκται
2915 704 2993 772 4ον
3006 720 3208 801 καλῶς,
3252 719 3368 780 οὐδὲ
3411 719 3650 776 λελύσθαι
3683 718 3881 798 λέγεται
3915 733 3928 748 ⁸

2303 806 2421 866 ἀλλ’
2465 810 2719 891 ἀπαρχῆς
2777 809 2914 868 δέσιν
2957 812 3035 887 μὴ
3095 811 3386 892 ἐσχηκέναι
3419 827 3435 843 ⁶
3483 812 3510 866 6
3570 809 3743 887 μέντοι
3809 830 3932 864 κατ-

2302 899 2497 977 ήγορος
2544 899 2815 971 ἀλήπτους
2871 899 3025 965 ὄντας
3081 902 3199 966 τοὺς
3253 902 3514 980 μάρτυρας
3568 899 3653 954 καὶ
3700 895 3932 964 διαϐολῆς

2303 988 2637 1069 ὓπερτέρους,
2709 990 2805 1057 τὴν
2880 990 2979 1064 μὲν
3035 988 3369 1069 ἐπινέμησιν,
3429 990 3517 1044 καὶ
3584 988 3647 1054 ἣν
3703 989 3728 1043 6
3773 986 3929 1064 γάμος

2299 1077 2542 1152 συνέστη,
2593 1081 2678 1135 καὶ
2719 1076 2838 1136 καθ’
2882 1079 2946 1145 ἣν
3015 1078 3240 1147 ἐπῆλθεν
3296 1081 3330 1148 ἡ
3386 1076 3634 1144 τελευτὴν
3691 1083 3757 1152 τῇ
3807 1075 3928 1154 κόρῃ

2297 1163 2507 1233 ἀληθῶς
2581 1166 2682 1248 ἔφη
2755 1165 3036 1233 διεξελθεῖν
3068 1185 3082 1201 ⁶
3163 1171 3294 1248 πρὸς
3353 1165 3408 1224 δὲ
3476 1167 3566 1222 τὸν
3624 1167 3719 1231 τῆς
3786 1163 3928 1240 γενέ-

2299 1276 2433 1320 σεως
2479 1257 2674 1336 χρόνον
2733 1255 3008 1338 ἐσφάλθαι.
3070 1256 3284 1316 Οῗεσθαι
3344 1257 3443 1336 γὰρ
3504 1254 3746 1314 ἐνιαυτῶν
3775 1252 3824 1318 ἕξ
3851 1255 3931 1309 καὶ

2297 1351 2482 1417 μηνῶν
2509 1347 2792 1424 ἰσαρίθμων
2849 1347 2988 1403 εἶναι
3045 1349 3180 1406 κατὰ
3233 1347 3324 1404 τὸν
3366 1355 3462 1405 τοῦ
3515 1345 3685 1423 γάμου
3737 1343 3926 1420 καιρόν.

2300 1426 2362 1490 Ἠ
2435 1433 2490 1490 δὲ
2544 1437 2764 1503 τοιαύτη
2817 1436 3069 1498 ἀντίθεσις
3124 1435 3240 1493 κατ’
3320 1434 3466 1492 οὒδέν
3536 1434 3764 1509 ἐπήμυνε
3819 1445 3931 1495 ταῖς

2295 1525 2483 1584 τούτου
2537 1523 2933 1604 δικαιολογίαις,
2985 1525 3224 1582 ἀτέλειαν
3271 1524 3484 1595 ἡλικίας
3543 1521 3930 1601 ὁμολογοῦντος,

2297 1616 2382 1671 καὶ
2437 1613 2566 1691 μηδ’
2638 1615 2780 1690 αὗτῷ
2835 1622 2912 1690 τῷ
2980 1615 3182 1693 ῥηθέντι
3272 1613 3496 1694 στεῤῥῶς
3583 1611 3885 1689 ἐμμένοντος
3914 1625 3926 1639 ⁸

2293 1702 2411 1760 ἀλλ’
2470 1706 2704 1780 εἰκασμῷ
2779 1706 2866 1761 καὶ
2951 1703 3068 1778 μετ’
3147 1703 3460 1780 ενδοιασμοῦ
3529 1704 3627 1759 τὶν
3695 1701 3931 1756 ἀντίθεσιν

2293 1794 2629 1871 ποιουμένου.
2681 1795 2772 1852 Καὶ
2805 1796 2834 1849 6
2876 1799 3348 1874 προκατηγορῆσαι
3401 1793 3687 1871 λεγόμενος
3749 1787 3925 1845 Μαλα-

2294 1884 2454 1950 κηνὸς
2503 1882 2683 1961 ἀχθεὶς
2740 1883 2811 1947 εἷς
2867 1884 2928 1938 τὸ
2985 1879 3343 1963 δικαστήριον,
3387 1883 3478 1939 καὶ
3536 1878 3703 1956 μηδὲν
3745 1877 3924 1938 ἄτοπον

2296 1969 2578 2027 συνειδέναι
2646 1977 2723 2046 τῷ
2795 1969 3188 2049 συναλλάγματι
3259 1977 3462 2049 τρανῶς
3538 1971 3745 2037 ἀνεῖπε,
3803 1968 3927 2042 μήτε

2289 2083 2340 2116 τι
2393 2065 2573 2140 σαφῶς
2618 2057 2804 2117 εἰδέναι
2862 2060 2897 2128 ἢ
2955 2062 3072 2138 περὶ
3133 2066 3225 2116 τοῦ
3283 2061 3478 2140 χρόνου
3537 2060 3634 2126 τὴς
3689 2056 3926 2134 γενέσεως

2291 2155 2390 2216 τῆς
2431 2150 2613 2227 κόρης,
2660 2149 2696 2217 ἢ
2753 2151 2846 2205 τοῦ
2899 2153 2999 2216 τῆς
3057 2147 3372 2228 ἱερολογίας,
3439 2149 3476 2217 ἢ
3533 2152 3630 2217 τῆς
3675 2144 3926 2211 τελευτῆς.

2294 2245 2403 2307 Τῆς
2460 2238 2769 2314 δοκιμασίας
2840 2239 3010 2296 τοίνυν
3069 2240 3141 2304 εἷς
3219 2239 3370 2295 τοῦτο
3447 2235 3928 2318 προκεχωρηκυίας,

2293 2330 2380 2385 καὶ
2435 2329 2534 2396 τὴν
2585 2329 2859 2408 μαρτύρων
2902 2328 2979 2404 μὴ
3030 2325 3435 2384 διαστειλάντων
3479 2329 3672 2407 χρόνου
3699 2325 3751 2374 ἂι
3819 2344 3929 2380 και-

2294 2419 2383 2495 ρὸν
2437 2417 2526 2474 καὶ
2583 2416 2894 2492 μνηστείας,
2954 2415 3089 2472 ἀλλά
3148 2416 3396 2497 φαμένων
3475 2415 3762 2496 ἱερολογίαν
3815 2411 3929 2468 θεά-

2291 2509 2476 2563 σασθαι
2515 2504 2840 2582 τελουμένην
2875 2524 2888 2538 ·
2936 2504 3153 2583 ἀγνοεῖν
3197 2503 3275 2581 δὲ,
3327 2507 3371 2562 εἷ
3431 2502 3726 2585 προύπῆρξε
3795 2522 3925 2577 μνη-

2293 2595 2436 2652 στεία
2519 2592 2636 2651 κατ’
2709 2595 2870 2662 αὒτὴν
2953 2594 3156 2673 ἡμέραν
3187 2613 3204 2630 ο
3293 2593 3441 2654 οὐδὲν
3522 2596 3586 2663 ἦν
3643 2595 3702 2649 τὸ
3771 2610 3925 2670 προσ·-

2291 2685 2569 2760 ιστάμενον
2597 2705 2665 2760 τῃ
2713 2683 2999 2764 ἀποφάσει.
3051 2685 3107 2740 Εἰ
3148 2684 3248 2759 μὲν
3289 2685 3388 2763 γὰρ
3447 2680 3711 2764 ὑπερὸἆσα
3777 2680 3838 2747 ἦν
3892 2677 3921 2742 ἦ

2289 2773 2420 2853 κόρη
2489 2776 2581 2830 τὸν
2638 2770 2861 2848 ἕϐδομον
2919 2773 3174 2850 ἐνιαυτὸν,
3249 2772 3338 2829 ὅτε
3394 2774 3462 2830 τὰ
3517 2777 3614 2842 τῆς
3651 2766 3921 2851 ἱερολογίας

2290 2865 2643 2942 ὺπεθειάζετο,
2717 2867 2988 2941 προσῆκον
3065 2863 3132 2931 ἦν
3201 2861 3322 2942 ἄρα,
3389 2873 3486 2923 τοῦ
3556 2863 3727 2937 γάμου
3792 2856 3919 2914 ἐντὸς

2290 2960 2382 3009 τοῦ
2450 2949 2742 3011 δωδεκάτου
2811 2951 3048 3008 ἐνιαυτοῦ
3101 2953 3408 3031 γεγονότος,
3470 2951 3921 3030 πολυπραγμονεῖ-

2291 3046 2429 3118 σθαι,
2484 3044 2528 3098 εί
2573 3041 2795 3108 συνέστη
2840 3043 2941 3120 πρὸ
2982 3041 3170 3098 τούτου
3217 3041 3438 3117 ἔννομος
3496 3039 3749 3119 μνηστεία
3802 3031 3922 3110 μετᾶ

2289 3133 2380 3187 τὸν
2435 3127 2660 3206 ἕϐδομον
2687 3130 2922 3186 ἐνιαυτόν
2957 3147 2972 3165 ⁶
3033 3129 3125 3186 ’ίνα
3180 3136 3271 3186 τοῦ
3313 3131 3491 3208 γάμου
3535 3131 3611 3204 μὴ
3641 3121 3920 3202 λαμϐάνον-

2289 3240 2376 3284 τος
2418 3218 2724 3298 ὑπόστασιν,
2773 3217 2906 3283 τέως
2960 3225 3084 3297 γοῦν
3129 3219 3174 3274 εί
3225 3219 3451 3295 νόμιμον
3507 3221 3662 3299 ἰσχὺν
3706 3213 3854 3293 ἔσχεν
3891 3208 3920 3274 ἧ

545 3308 755 3370 saltem
789 3310 1033 3389 planum
1072 3314 1260 3385 fieret,
1295 3331 1371 3373 an
1399 3310 1699 3392 sponsalia
1726 3310 1841 3370 vim
1881 3309 2203 3388 legitimam

2292 3311 2569 3389 μνηστεία,
2614 3311 2916 3385 κατασταθῇ
2986 3306 3173 3382 δῆλον,
3235 3307 3380 3366 Ἐπεὶ
3424 3308 3472 3366 δ’
3512 3313 3538 3367 6
3595 3308 3782 3388 χρόνος
3832 3303 3919 3392 τῆς

543 3387 909 3460 habuissent.
945 3399 1090 3462 Cum
1120 3408 1321 3462 autem
1356 3387 1541 3465 sacrae
1572 3387 2207 3474 benedictionis,velut

2292 3397 2467 3477 ὥσπερ
2527 3387 2582 3453 ἐν
2645 3402 2819 3472 σκηνῇ
2887 3396 3206 3477 παιχθείσης
3276 3395 3568 3478 ἱερολογίας
3600 3387 3918 3467 ησυνωμολό-

543 3487 604 3547 in
636 3506 816 3550 scena
849 3499 1120 3571 peractae,
1152 3498 1386 3570 tempus
1431 3490 1607 3551 etiam
1662 3499 1831 3551 actor
1853 3489 1984 3570 ipse
2014 3488 2204 3549 fassus

2292 3508 2448 3564 γηται
2499 3487 2587 3542 καὶ
2661 3486 2802 3563 παρά
2870 3491 2965 3542 τοῦ
3046 3485 3347 3565 κατηγόρου
3433 3486 3569 3564 μηδὲ
3654 3478 3914 3571 μνηστείας

543 3576 639 3650 sit,
676 3563 924 3641 minime
954 3563 1326 3660 sponsalibus
1359 3599 1491 3641 esse
1517 3579 1796 3640 idoneum
1831 3599 1844 3640 :
1878 3563 2078 3639 omnis
2111 3584 2204 3639 est

2292 3563 2428 3633 εἶναι
2471 3574 2729 3650 δεκτικὸς,
2790 3572 3182 3654 ἀμφισϐήτησις
3206 3563 3211 3564 ⁷
3238 3563 3386 3642 πῆσα
3438 3563 3776 3657 γπεριήρηται,
3829 3563 3912 3660 τῆς

543 3666 775 3728 sublata
806 3654 1121 3750 dubitatio,
1156 3669 1391 3749 quando
1422 3688 1550 3731 rem
1585 3668 1897 3730 manifesto
1929 3667 2196 3729 illicitam

2292 3665 2533 3744 ἐναργοῦς
2615 3663 2944 3742 παρανομίας
3015 3669 3174 3719 πᾶσιν
3243 3662 3332 3720 ὑπ’
3404 3654 3534 3742 ὄψιν
3607 3654 3910 3720 ὑποπιπτού-

543 3772 718 3815 nemo
752 3775 869 3817 non
929 3741 1229 3838 perspicit.
1272 3758 1500 3838 Quippe
1531 3776 1663 3819 cum
1718 3756 1875 3835 leges
1905 3756 2196 3841 sauciant,

2292 3741 2777 3820 της-..Μνηστείαις
2833 3753 2931 3831 γὰρ
3000 3742 3218 3828 ἕϐδομον
3273 3741 3510 3812 ἐνιαυτὸν
3585 3755 3776 3810 οἰκεῖον
3831 3741 3910 3798 εἴ·

543 3836 1173 3923 Sponsalibusannum
1203 3836 1402 3928 aptum
1428 3836 1568 3908 esse
1597 3846 1939 3926 septimum,
1976 3836 2198 3925 nuptiis

2292 3863 2364 3897 ναι
2420 3840 2841 3921 παρεληλυθότα,
2903 3840 3094 3918 γάμοις
3166 3839 3221 3898 δὲ
3279 3850 3546 3920 γυναικῶν
3618 3836 3910 3928 δωδέκατον,

547 3941 746 3995 autem
810 3935 1145 4010 mulierem,
1209 3927 1683 3998 duodecimum:
1747 3936 1797 3996 si
1854 3934 2093 4015 quidem
2129 3953 2198 3994 ex

2292 3929 2633 4002 ὶεσπιζόντων
2675 3931 2782 3986 τῶν
2825 3929 3024 4006 νόμων.
3081 3932 3140 3988 Εἰ
3171 3931 3290 4007 μὲν,
3323 3934 3560 4012 καθάπερ
3615 3927 3914 4003 νενόμισται,

547 4023 844 4084 sententia
876 4024 1070 4102 legum
1119 4032 1462 4087 contractus
1512 4025 1633 4100 ﬁat,
1668 4024 1829 4084 nulla
1859 4023 2009 4085 facto
2041 4021 2206 4084 labes

544 4111 823 4172 inuritur.
863 4111 968 4175 Sin
1019 4114 1357 4193 praecipatio
1402 4113 1669 4194 quaedam
1703 4111 1982 4173 comitata
2003 4110 2202 4185 fuerit,

547 4198 639 4260 lex
675 4199 734 4259 in
769 4201 922 4262 hanc
953 4202 1313 4263 sententiam
1340 4201 1635 4282 loquitur:
1663 4199 1774 4272 Qui
1805 4200 2063 4282 puellam
2097 4199 2208 4259 mi-

549 4304 757 4350 norem
789 4289 961 4351 annis
993 4290 1310 4353 duodecim
1340 4291 1401 4353 in
1435 4309 1684 4352 uxorem
1718 4288 2203 4370 ducit,siquidem

547 4377 846 4456 sponsalia
905 4389 1368 4460 praecesserunt,
1427 4378 1778 4454 custoditur,
1835 4379 1976 4440 licet
2006 4377 2208 4439 uxoris

548 4465 678 4525 loco
707 4466 951 4528 domum
985 4469 1112 4548 ejus
1143 4469 1401 4532 deducta
1451 4468 1551 4531 sit.
1586 4465 1690 4530 Sin
1720 4467 2018 4547 sponsalia
2047 4466 2208 4528 nulla

547 4565 1011 4638 praecesserunt,
1046 4577 1156 4620 nec
1188 4577 1324 4620 eum
1356 4556 1561 4620 habuit
1587 4556 1660 4618 ab
1693 4556 1863 4618 initio
1895 4557 2158 4618 animum
2187 4582 2204 4642 ;

551 4663 667 4705 non
706 4656 1024 4726 propterea
1073 4649 1196 4729 jam
1260 4667 1408 4710 uxor
1439 4665 1570 4708 esse
1602 4648 1752 4708 facta
1783 4647 2034 4710 videtur.
2069 4646 2207 4710 Haec

550 4752 684 4795 cum
719 4735 898 4797 verba
941 4737 1087 4817 legis
1123 4738 1263 4812 sint,
1288 4738 1430 4800 satis
1461 4735 1837 4815 intelligitur,
1870 4755 2002 4817 qua:
2051 4738 2208 4799 inter

549 4822 862 4903 Georgium
922 4834 979 4888 et
1036 4826 1414 4890 Tlieodorem
1497 4826 1949 4901 intervenerint,
2010 4845 2207 4908 neque

548 4914 910 4992 nuptiarum,
947 4935 1140 4997 neque
1172 4916 1538 4997 sponsalium
1581 4923 1948 4978 contractum
1971 4915 2152 4978 fuisse
2189 4937 2202 4978 :

550 5021 771 5082 quippe
802 5004 902 5084 qui
953 5025 1146 5086 neque
1206 5006 1552 5086 nuptiarum
1602 5006 1794 5084 legem
1844 5005 2116 5081 servarit,
2151 5012 2206 5067 et

551 5091 742 5169 legem
773 5095 1140 5172 sponsalium
1185 5096 1442 5157 violarit.
1477 5094 1642 5158 Solet
1673 5093 1832 5156 enim
1865 5095 1956 5156 lex
1989 5094 2208 5156 imitari

2287 4021 2505 4087 συσταίη
2574 4017 2940 4100 συνάλλαγμα,
3016 4018 3179 4084 οὐδεὶς
3247 4019 3571 4099 επιτρίϐετχι
3625 4024 3700 4092 τῷ
3752 4029 3917 4092 πραχ-

2286 4110 2422 4167 θέντι
2481 4115 2693 4185 μῶμος.
2767 4110 2825 4166 Εἰ
2881 4107 2937 4164 δέ
2991 4131 3071 4173 τις
3132 4109 3551 4179 ἐπακολουθήσει
3611 4102 3914 4183 περιπέτειαι,

2287 4199 2448 4274 νόμος
2477 4197 2578 4254 ὧδέ
2620 4220 2780 4278 φησιν
2813 4215 2831 4234 ⁸
2867 4187 2924 4255 ιΟ
2949 4197 3113 4278 κόρην
3142 4201 3338 4270 ἥττονα
3379 4205 3489 4256 τῶν
3537 4195 3734 4254 δώδεκα
3761 4189 3915 4245 ἐνιαυ-

2285 4294 2392 4344 τῶν
2447 4287 2777 4366 ἔπαγόμενος
2832 4289 2961 4366 πρὸς
3041 4287 3236 4365 γάμον,
3315 4289 3358 4344 εἰ
3429 4287 3529 4365 μὲν
3600 4279 3917 4366 προηγήσατο

2289 4363 2576 4456 μνηστεία,
2637 4376 2781 4452 μένει
2840 4363 3208 4457 φυλαττομένη
3264 4376 3364 4434 κᾶν
3433 4363 3502 4434 τά
3575 4363 3795 4453 μάλιστα

2288 4446 2430 4531 τάξει
2459 4446 2698 4544 γαμετῆς
2729 4467 2802 4528 εἷς
2854 4446 2919 4521 τὸ
2979 4446 3134 4522 οἷκον
3177 4468 3334 4524 αὐτου
3363 4465 3428 4516 ﬂ
3495 4446 3819 4544 évdvsmvt
3863 4446 3913 4505 ΕῙ

2291 4555 2346 4612 δὲ
2424 4542 2502 4632 μη
2561 4557 2908 4636 προηγήσατο
2966 4558 3222 4632 μνηστεία
3278 4555 3414 4634 μηδὲ
3468 4557 3712 4620 τοιαύτην
3765 4542 3912 4636 ’ἔειφ’

2293 4645 2400 4726 χῆς
2438 4645 2568 4725 ἔσχε
2598 4633 2845 4726 διάθεσιν,
2901 4646 2960 4701 οὗ
3000 4643 3084 4701 διὰ
3124 4645 3278 4702 τοῦτο
3332 4653 3419 4703 νῦν
3471 4643 3705 4724 γενέσθαι

2291 4735 2468 4798 Οὕτως
2551 4742 2644 4792 τοῦ
2697 4735 2861 4811 νόμου
2921 4735 3228 4815 φράζοντος,
3289 4736 3508 4814 πάρεστι
3595 4717 3914 4803 καταμανθά-

2289 4846 2419 4902 νειν,
2467 4822 2548 4880 ὅτι
2578 4825 2666 4880 καὶ
2710 4824 2884 4902 γάμου
2912 4824 3001 4880 καὶ
3042 4825 3328 4898 μνηστείας
3360 4832 3465 4884 τῶν
3514 4819 3701 4904 μεταξὺ
3754 4818 3914 4904 ⁸⁸³9⁵

2291 4916 2405 4993 γίου
2488 4915 2575 4970 καὶ
2660 4911 2948 4994 Θεοδότης,
3033 4913 3388 4992 ἀπεστέρηται
3471 4903 3532 4972 τὸ
3602 4903 3915 4975 συνάλλαγμ²

2293 5005 2428 5079 μήτε
2461 5005 2550 5060 τὸν
2592 5009 2683 5059 τοῦ
2711 5002 2885 5081 γάμου
2944 5003 3182 5082 τηρῆσαν
3228 5002 3371 5084 ὅρον,
3431 5006 3520 5062 καὶ
3547 5005 3636 5060 τὸν
3676 4999 3770 5061 τῆς
3798 5005 3920 5084 μνξν

2291 5074 2464 5156 στείας
2521 5074 2928 5168 λωϐησάμενον.
2990 5074 3089 5151 Ιξαὶ
3145 5074 3270 5171 γὰρ.
3297 5074 3484 5150 εἴωθεν
3541 5097 3569 5150 6
3625 5089 3777 5162 νόμος
3830 5074 3915 5137 τὴν

553 5187 843 5241 naturam.
901 5182 971 5244 Et
1002 5185 1159 5265 quod
1213 5184 1481 5264 agnoscit
1511 5193 1746 5255 natura,
1779 5184 1872 5246 lex
1903 5183 2078 5245 etiam
2111 5183 2208 5246 ad-

2293 5183 2442 5261 φόσιν
2525 5185 2826 5259 μιμεῖσθαι.
2915 5183 3013 5240 Καὶ
3083 5181 3113 5238 ὃ
3183 5183 3281 5258 μὲν
3346 5181 3491 5241 οἶδεν
3548 5179 3703 5248 αὕτη)
3761 5181 3913 5265 ψοζ’

556 5266 731 5326 mittit
764 5291 775 5330 :
815 5272 969 5349 quod
1002 5249 1198 5333 autem
1250 5249 1520 5352 ignotum
1557 5283 1645 5334 est
1675 5281 1922 5348 naturae,
1962 5272 2208 5335 missum

2292 5249 2423 5329 ιέται
2457 5291 2472 5308 ·
2519 5249 2656 5327 ’τὸ-δ’
2685 5270 3018 5350 ἠγνοημένον
3061 5249 3217 5348 αὕτη,
3272 5273 3699 5352 παραπέμπεται.
3731 5261 3785 5319 Ei
3811 5249 3912 5352 τοίτ

551 5354 707 5418 facit.
745 5355 805 5418 Si
829 5337 968 5439 ergo
999 5380 1134 5440 quae
1179 5337 1372 5424 adliuc
1405 5361 1698 5444 pubescit,
1732 5337 1989 5424 necdum
2020 5362 2208 5443 partui

2292 5384 2379 5418 νυν
2448 5364 2483 5431 ἦ
2537 5361 2635 5437 μὲν
2675 5357 2981 5428 ἡϐάσκουσα
3031 5359 3191 5438 γονῆς
3248 5337 3388 5416 ἐστίν
3444 5355 3786 5422 ἀνεπίδεκτος,
3841 5337 3916 5440 διξ

551 5451 639 5505 εει
671 5427 927 5524 ἱάοηεεξ
960 5427 1183 5532 nuptiae
1198 5470 1337 5514 vero
1371 5427 1803 5532 procreationis
1833 5427 2204 5515 causa-ﬁunt:

2295 5452 2349 5510 δὲ
2403 5427 2742 5530 παιδογονίαν
2802 5452 2830 5506 6
2885 5427 3105 5530 γάμος·
3151 5427 3194 5506 76
3265 5451 3649 5532 συνερχόμενος
3716 5437 3809 5518 ἄρα
3857 5427 3918 5499 τῇ

1875 5611 2131 5677 VARUE
2174 5608 2617 5679 LECTIONES.

633 5740 696 5791 ‘0
726 5743 940 5822 ἦρκται.
1026 5745 1079 5795 41
1122 5747 1317 5823 γάμου.
1403 5745 1466 5795 42
1495 5746 1679 5814 αὺτήν,
