4130 6418
489 368 600 434 851
1873 378 1906 441 J
1913 379 2004 441 US
2044 375 2493 443 GANONICUM
3752 375 3862 444 852

490 520 631 597 nem
658 504 1074 587 inferens,non
1091 506 1153 597 in
1182 507 1481 597 inﬁnitum
1520 529 1585 574 se
1627 512 1917 593 porrigit;
1954 512 2061 577 sed
2077 510 2203 572 inA

2283 512 2421 590 ῑάγον
2475 515 2571 583 τὴν
2628 515 2879 597 κώλυσιν,
2951 520 3045 576 οὐκ
3099 519 3172 581 εἰς
3227 515 3519 596 ἀπέραντον
3568 514 3860 582 ἐξικνεῖται,

493 592 705 685 eodem
733 595 1224 685 genere,septimi
1255 616 1495 680 quoque
1522 592 1744 680 gradus
1763 602 1987 682 nuptim
2012 619 2144 683 pro-

2283 598 2344 656 ιλ’
2417 602 2503 659 ἐπὶ
2573 606 2730 664 αὖτοῦ
2784 592 2964 685 γένουέ
3022 607 3110 663 καὶ
3173 608 3201 662 δ
3268 592 3364 666 τού
3404 601 3628 681 ἑϐδόμου
3676 604 3867 680 βαθμοῦ

491 682 1115 775 bibentur.Nonenim
1153 694 1346 767 potest
1374 689 1652 753 sobrinus
1684 689 1915 753 sobrini
1944 682 2034 754 sui
2066 690 2142 752 ti-

2283 687 2479 748 ολύεται
2558 693 2753 772 γάμος.
2800 682 2911 752 ’ού
2973 695 3073 775 γὰρ
3141 693 3354 752 δύναται
3433 695 3461 751 ὁ
3516 690 3862 772 δισεξάδελφος

491 771 634 834 liam
665 772 1056 862 ducere,licet
1088 793 1156 836 ex
1175 775 1434 838 sobrinis
1459 789 1909 857 procreatorum
1926 780 2146 862 nuptiw

2283 802 2323 846 ιν
2366 778 2771 862 τρισεξαδὲλφην
2829 771 3056 861 γαμεένς
3124 782 3222 840 κᾶν
3290 784 3318 839 ὂ
3377 788 3485 839 τῶν
3541 779 3860 862 τρισεξαδέλ-

492 881 613 953 non
643 861 764 953 sint
793 862 1127 953 prohibita.
1162 863 1272 953 Qui
1297 873 1495 928 autem
1526 886 1598 930 ex
1626 875 1961 933 transverso
1982 861 2143 945 sunt,

2283 890 2340 925 ον
2381 870 2552 949 γάμος
2597 861 2693 929 οτκ
2740 872 3096 953 ἀπειρημένος
3166 873 3295 932 ἐστί.
3357 872 3495 952 Πρὸς
3539 861 3594 927 δὲ
3643 871 3759 933 τοὺς
3813 868 3868 925 ἐκ

494 950 772 1043 iisetiam
804 951 1096 1043 septimus
1125 952 1343 1043 gradus
1367 956 1838 1033 permittitur.At
1857 961 1920 1023 in
1951 958 2147 1021 delato

2283 959 2454 1036 Καγὶου
2483 960 2570 1015 καὶ
2601 962 2629 1017 ὁ
2685 950 2906 1037 ἕϐδομος
2950 974 3312 1043 συγχωρεϊται
3371 950 3598 1038 βαθμός.
3652 959 3768 1018 Ἐπὶ
3819 955 3869 1013 δὲ

495 1040 571 1102 ad
599 1059 709 1101 nos
738 1039 1139 1141 matrimonio,
1165 1041 1382 1121 gradus
1412 1054 1620 1109 sextus
1642 1047 1944 1111 invenitur
1997 1046 2146 1109 Nam

2283 1055 2320 1105 νῦ
2403 1048 2887 1141 προσαγγελθέντος
2953 1039 3296 1128 συνοικεσίου,
3369 1049 3521 1113 ἕκτος
3596 1049 3872 1129 εὑρίσκεται

498 1127 636 1219 Cale
666 1147 739 1191 ac
768 1127 1073 1219 Georgius,
1098 1150 1232 1192 cum
1264 1131 1489 1194 sobrini
1516 1135 1655 1213 sint,
1679 1137 1743 1198 in
1772 1145 1981 1219 quarto
2010 1153 2151 1215 erga

2283 1136 2452 1211 ιθμός.
2495 1127 2553 1195 Ἠ
2582 1127 2680 1213 μὲν
2726 1141 2826 1219 γὰρ
2890 1139 3039 1199 Καλῆ
3096 1142 3227 1214 πρὸς
3269 1127 3363 1198 τὸν
3413 1127 3672 1218 Γεώργιον
3727 1136 3869 1213 πρῶ-

500 1236 566 1280 se
593 1217 854 1310 invicem
884 1217 1071 1310 gradu
1102 1219 1451 1285 consistunt.
1484 1224 1559 1285 At
1589 1217 1841 1289 Michael
1872 1226 1946 1289 ab
1977 1227 2152 1289 Irena

2283 1247 2311 1278 ιι
2355 1223 2505 1310 ὄντες
2544 1217 2836 1310 ἐξάδελφος
2882 1229 3129 1309 τέταρτον
3183 1229 3372 1310 ἔχουσι
3427 1217 3583 1308 πρὸς
3618 1224 3871 1296 ἀλλήλους

501 1306 687 1399 gradu
717 1308 904 1399 altero
935 1307 1124 1385 abest,
1160 1316 1225 1399 ut
1250 1312 1421 1391 cujus
1473 1313 1602 1395 ipse
1631 1315 1811 1379 frater
1839 1316 1930 1378 sit.
1957 1316 2150 1395 Atque

2283 1314 2454 1389 ιθμόν.
2491 1307 2548 1374 Ὀ
2588 1306 2651 1373 δὲ
2712 1306 2935 1399 Μιχαὴλ
2982 1306 3116 1399 πρὸς
3330 1306 3583 1397 Ῑὲἰὶρήνην³
3628 1315 3713 1372 δύο
3772 1314 3878 1370 ἀπ-

501 1397 618 1459 hoc
648 1395 844 1489 modo
880 1415 1014 1458 cum
1073 1398 1289 1489 gradus
1347 1410 1549 1464 sextus
1606 1405 1934 1485 colligatur,
1967 1402 2157 1466 Irenaa

2283 1424 2357 1482 (ει
2410 1405 2665 1481 βαθμοὺς,
2725 1395 2826 1464 ἅτε*
2872 1395 3096 1489 ἀδελςρὸς
3162 1406 3236 1465 ὢν
3278 1407 3505 1474 ταύτης.
3556 1395 3661 1464 Καὶ
3716 1402 3876 1465 οὕτως

504 1484 951 1577 matrimonium
1004 1486 1375 1577 prohibetur.
1430 1489 1595 1563 Quod
1647 1493 1887 1576 quidem
1950 1500 2038 1568 tu,
2072 1491 2159 1553 vir

2283 1499 2330 1549 οὗ
2360 1492 2513 1554 ἕκτου
2564 1496 2766 1573 βαθμοῦ
2816 1484 3192 1577 συναγομένου,
3252 1495 3515 1554 κωλύεται
3558 1496 3617 1552 τὸ
3647 1492 3878 1552 συνοικέ-

506 1574 872 1656 doctissime,
935 1576 1031 1638 vel
1068 1596 1239 1665 ,Vnon
1315 1574 1683 1644 contractum
1739 1581 2011 1665 prohibe,
2068 1582 2159 1644 vel

2283 1604 2356 1639 ιον
2386 1588 2485 1650 τῆς
2516 1586 2765 1665 Εἰρήνης.
2821 1593 2861 1646 Ο
2891 1574 2970 1654 δὴ*
2982 1591 3070 1644 καὶ
3099 1588 3276 1661 αὐτὸς,
3308 1589 3336 1644 ὁ
3365 1585 3716 1665 λογιώτατος,
3746 1583 3782 1651 ἢ
3813 1583 3884 1658 μὴ

499 1665 627 1745 jam
658 1670 1025 1756 contractum
1047 1664 1339 1731 dissolve:
1369 1688 1503 1730 cum
1530 1689 1599 1733 ex
1620 1672 1915 1735 relatione
1943 1671 2161 1735 Leonis

2283 1672 2549 1750 ενόμενον,
2580 1664 2840 1734 ίκώλυσον
2874 1692 2886 1707 ⁸
2958 1676 2995 1746 ἢ
3051 1678 3360 1756 γενόμενον,
3418 1664 3659 1732 διάλυσον
3692 1694 3707 1709 ⁸
3753 1671 3884 1752 εὸρί-

505 1751 824 1846 intelligas,
855 1753 915 1815 id
948 1753 1107 1846 i_n_tra
1127 1762 1357 1846 sextum
1388 1758 1636 1836 gradum
1662 1761 1881 1824 claudi.
1916 1759 2039 1823 Nec
2070 1771 2160 1822 est

2283 1784 2384 1818 κων
2455 1773 2608 1824 τοῦτο
2675 1766 2811 1823 κατὰ
2865 1767 2965 1835 τὴν
3020 1764 3412 1846 προσαγγελίαν
3484 1772 3579 1821 τοῦ
3650 1761 3880 1834 Λέοντος,

507 1842 664 1938 quod
697 1842 1111 1938 vereare.Nam
1140 1845 1339 1938 plures
1367 1848 1558 1938 habeo
1593 1849 1695 1912 tibi
1721 1850 2203 1932 patrocinantes]

2283 1856 2325 1929 ᾠ
2354 1853 2490 1929 ἕκτῳ
2531 1856 2982 1938 περικλειόμενον,
3017 1842 3105 1915 καὶ
3153 1842 3321 1934 μηδὲν
3364 1853 3626 1937 φοότιθῆς.
3663 1852 3886 1915 Πολλοὺς

507 1932 569 1994 in
600 1931 713 1993 hoc
742 1931 1043 2014 facto,tam
1077 1934 1239 2014 leges
1270 1935 1497 2014 civiles,
1532 1931 1946 2020 quam'sacros
1977 1958 2161 2003 cano-

509 2039 640 2097 nes,
694 2019 1013 2103 ipsnmque
1063 2025 1361 2088 novellum
1416 2019 1639 2089 tomdm
1676 2038 1965 2110 perpetuo
1998 2029 2161 2093 cele-

510 2109 745 2261 brandli],
780 2117 839 2172 et
884 2112 1166 2193 religiose
1220 2114 1509 2194 defuncti,
1556 2109 2024 2181 dominiSisinii
2052 2136 2162 2201 pa-

512 2206 693 2261 tnarc
736 2217 809 2261 ae.

540 2216 809 2265 [ιω-σιω.

2246 1944 2345 2023 γὰρ
2374 1942 2489 2026 ἔχω
2516 1947 2634 2010 τοὺς
2665 1947 3064 2026 συναιρομένους
3085 1969 3168 2005 σοι
3192 1956 3284 2006 τυῦ
3299 1944 3455 2026 ἔργου
3478 1947 3567 2002 καὶ
3596 1942 3884 2005 πολιτικοὺς

2244 2033 2461 2109 νόμους,
2506 2037 2595 2092 καὶ
2622 2037 2788 2116 ἱεροὺς
2817 2036 3064 2115 κανόνας,
3097 2038 3186 2093 καὶ
3216 2037 3369 2092 αὐτὸν
3398 2036 3492 2091 τὸν
3524 2034 3704 2113 νεαρὸν
3734 2030 3888 2106 τόμον

2245 2130 2337 2178 τοῦ
2366 2122 2690 2199 ἀειμνήστου
2716 2127 2805 2183 καὶ
2834 2126 2991 2190 ὁσίως
3021 2123 3463 2201 ἀναπαυσαμένου
3493 2129 3650 2204 κυροῦ
3679 2120 3893 2177 Σισινίου

2247 2218 2340 2269 τοῦ
2367 2214 2719 2295 πατριάρχου.

1220 2308 1477 2389 Figura.

2960 2322 3190 2399 Σχῆμα.

636 2408 897 2473 Fratres.
1780 2415 2043 2479 Faatres.

2335 2416 2576 2499 Ἀδελφοὶ

719 2499 866 2573 Leo,
919 2496 1317 2580 Nicephorus.
1362 2517 1386 2549 ι
1415 2498 1689 2579 Michael,
1722 2503 1749 2545 ιι
1771 2503 1967 2566 Irena.

2258 2507 2428 2581 Λέων,
2516 2510 2835 2590 Νικηφόρος,

602 2701 817 2766 aCale.
941 2703 1303 2783 bGeorgius.
1414 2604 1425 2686 Ι

2342 2600 2386 2742 ⁸1
2399 2699 2575 2772 Καλη,
2777 2601 2789 2677 Ι
2821 2702 2848 2745 δ
2877 2703 3162 2784 Γεώργιος.

523 2806 597 2871 ll.
628 2805 733 2869 Eu;
758 2805 1040 2889 Epistola
1059 2806 1401 2889 Michaelis,
1436 2812 1808 2875 sanctissimi
1835 2818 1890 2875 et
1920 2813 2176 2877 univer-

2283 2826 2287 2858 ι
2326 2793 2410 2863 Β’.
2440 2801 2526 2870 Ἐξ
2560 2803 2878 2874 Ἐπιστολῆς
2937 2804 3187 2888 Μιχαὴλ³
3225 2816 3333 2889 τοῦ
3376 2806 3677 2886 ἆγιωκάτου
3702 2804 3787 2861 καὶ
3827 2804 3897 2858 οἱ-

1060 2887 1207 2950 salis
1224 2892 1630 2971 patriarchae.

2700 2896 3015 2964 κουμενικοῦ
3042 2887 3399 2967 πατριάρχου.
3433 2910 3461 2943 κ

607 2989 921 3068 Sacerdos,
946 2990 1047 3072 qui
1070 2992 1230 3053 novit
1261 3011 1503 3055 uxorem
1525 3013 1691 3056 suam
1723 2995 2018 3058 adulterio
2052 2994 2178 3074 pol-

2346 2978 2532 3067 Ἰερεὺς
2574 2989 2727 3066 γνοὺς
2794 2990 2893 3057 τὴν
2956 2989 3193 3047 σύνοικον
3264 2988 3670 3068 μοιχευθεῖσαν,
3729 2986 3902 3043 ἀπωσ-

529 3080 735 3155 lutam,
763 3078 812 3142 si
844 3097 974 3141 eam
1009 3079 1325 3160 expulerit,
1357 3100 1391 3143 a
1435 3102 1687 3145 munere
1717 3103 1825 3146 suo
1858 3104 1974 3146 non
2006 3102 2175 3147 arce-
2201 3090 2203 3111 '

2283 3077 2461 3153 ἱμενος
2506 3077 2628 3157 μὲν,
2698 3077 2968 3144 ἀκώλυτος
3002 3097 3018 3113 ⁸
3066 3074 3495 3158 παραδεξάμενος
3553 3076 3629 3158 δὲ,
3690 3077 3899 3153 ἀνίερος.

532 3177 626 3231 tur
658 3187 673 3231 :
705 3168 799 3230 sin
831 3169 1150 3251 receperit,
1182 3171 1582 3233 sacerdotium
1614 3173 1851 3238 amittit.
1876 3173 2043 3236 Dotis
2071 3192 2183 3236 au-

2283 3176 2375 3233 Γης
2423 3164 2477 3222 δὲ
2506 3168 2721 3245 προικὸς
2750 3169 2848 3234 τῆς
2878 3168 3254 3248 μοιχευθείσης
3285 3173 3377 3223 τοῦ
3406 3166 3614 3247 ἱερέως³
3646 3164 3900 3245 γυναικὸς,

534 3266 861 3339 tem,quam
890 3275 995 3337 per
1022 3257 1379 3320 adulterium
1412 3263 1652 3341 cognita
1682 3263 2006 3324 sacerdotis
2038 3279 2187 3325 uxor

2283 3258 2327 3313 τὸ
2373 3256 2468 3331 μὲν
2500 3254 2731 3336 δίμοιρον
2760 3257 2888 3336 ὑπὲρ
2916 3266 3009 3317 τοῦ
3055 3259 3334 3337 τεχθεντος
3380 3258 3565 3321 αὒτοτς
3622 3256 3904 3333 ἆποκρατη·

534 3347 745 3408 marito
776 3346 992 3426 attulit,
1024 3348 1140 3408 duo
1173 3347 1423 3410 trientes
1448 3368 1557 3429 pro
1590 3359 1728 3412 nato
1761 3351 2028 3433 utrisque
2063 3351 2186 3413 filio

2283 3346 2484 3415 ἱήσεται
2528 3342 2713 3407 παιδός
2748 3360 2761 3375 ⁸
2823 3348 2885 3402 τὸ
2936 3343 2990 3400 δὲ
3038 3346 3208 3424 τρίτον
3237 3347 3704 3426 παρασχεδήσεται
3756 3345 3899 3417 αὖτῇ,

533 3434 955 3498 retinebuntur
980 3453 994 3497 :
1019 3435 1289 3517 reliquus
1306 3437 1420 3519 ipsi
1444 3432 2186 3521 concedetur,ei:tribuen-

2283 3432 2621 3510 Ξοθησόμενον
2651 3435 2725 3498 εἱς
2768 3437 3121 3515 μοναστήριον
3163 3432 3216 3489 ἐν
3259 3437 3306 3509 ᾧ
3334 3434 3752 3513 ἀποκαρήσεται.

533 3525 645 3588 dus
677 3525 1064 3603 monasterio,
1098 3526 1160 3586 in
1193 3545 1308 3607 quo
1339 3527 1705 3591 tondebitur.

1125 3633 1226 3699 III.
1276 3635 1586 3717 Ejusdem.

619 3738 871 3814 Quidam
930 3737 1213 3802 sacerdos
1268 3738 1557 3821 quosdam
1609 3749 1825 3822 praeter
1880 3748 2192 3823 parentum

2357 3730 2541 3817 ’ἱερεὺς
2573 3739 2715 3803 τινας
2772 3739 2915 3817 παρά
2972 3739 3193 3818 γνώμην
3244 3744 3351 3796 τῶν
3404 3739 3605 3819 γονέων
3659 3753 3905 3823 συναπτοέ

539 3828 901 3893 sententiam
924 3827 987 3890 in
1011 3827 1455 3890 matrimonium
1483 3838 1768 3892 coeuntes
1802 3822 2083 3911 precibus
2105 3849 2197 3892 sa-

2283 3831 2462 3907 μένους
2505 3829 2829 3911 ηὖλόγησεν.
2893 3835 3031 3891 Εἶτα
3087 3831 3400 3890 διαστάντας
3455 3828 3549 3887 ἀπ’
3595 3828 3783 3901 αὖτῶν,
3832 3822 3907 3878 καὶ

539 3921 657 3982 cris
685 3917 961 3982 initiavit.
995 3916 1140 3979 Inde
1169 3916 1416 3979 divulsis
1469 3938 1504 3981 a
1551 3938 1615 3982 se
1666 3920 1947 4001 invicem,
1998 3929 2058 3982 et
2083 3921 2200 3983 alia

2283 3919 2699 3996 συναπτομένους
2744 3922 2942 4000 ἑτέροις
2996 3922 3133 3977 κατὰ
3202 3922 3426 4000 γνώμην
3481 3926 3588 3977 τῶν
3642 3913 3902 3981 τεκόντων,

541 4008 817 4089 conjugia
846 4006 1650 4082 contrahentibus,sacerdos
1680 4008 1831 4070 alius
1861 4008 2018 4071 bene
2052 4027 2196 4092 pre-

2283 4006 2567 4085 εὖλόγησεν
2623 4006 2799 4088 ἕτερος
2860 4010 3047 4088 ἱερεύς,
3128 4011 3186 4067 Εἰ
3243 4010 3342 4085 μὲν
3412 4006 3645 4087 ἠγνόησε
3709 4005 3767 4060 τὸ
3815 4003 3907 4092 ’ὧν

543 4107 711 4161 catus
742 4106 855 4161 est.
887 4095 1196 4177 Siquidem
1236 4095 1549 4179 ignoravit,
1575 4105 1854 4179 parentes
1898 4118 2017 4161 non
2048 4090 2197 4159 con-

2283 4096 2540 4154 τεκόντων
2584 4094 2898 4170 ἀϐούλητον,
2946 4097 3032 4155 ἐπὶ
3075 4096 3269 4178 χρόνον
3319 4097 3436 4153 τινὰ
3487 4097 3648 4175 ῥητὸν
3704 4096 3796 4157 τῆς
3836 4090 3905 4179 ξεῖ

545 4186 770 4250 sentire
797 4202 815 4260 ',
847 4174 1076 4247 certum
1110 4184 1406 4264 quoddam
1437 4185 1508 4247 ad
1535 4174 1781 4266 tempus
1811 4205 1843 4248 a
1867 4187 2200 4249 ministerio

2283 4188 2520 4267 ρουργίας
2578 4185 3013 4267 ἐπισχεθήσεται,
3228 4187 3326 4254 τὴν
3388 4184 3443 4240 ἓν
3492 4174 3769 4267 νηστείαις
3833 4174 3909 4231 κιῖ

548 4293 719 4337 sacro
741 4273 1043 4336 abstinere
1057 4272 1715 4354 jubebitur,etjejuniis
1736 4294 1805 4338 ac
1834 4275 2203 4338 orationibus

2283 4288 2616 4355 προσευχαῖς
2647 4276 3007 4357 ταλαιπωρίαν
3062 4277 3439 4347 ὑποστήσεται.
3505 4266 3564 4333 Ὀ
3618 4268 3802 4353 χρόνος
3856 4282 3907 4357 ’ξε

550 4370 743 4426 semet
769 4362 1012 4441 afﬂiget.
1036 4350 1229 4443 Ipsius
1254 4380 1443 4443 poena;
1465 4350 1698 4444 tempus
1728 4364 1800 4426 ad
1833 4364 1963 4428 dies
1987 4382 2087 4443 XL,
2112 4365 2203 4427 vel

2290 4350 2366 4439 μῆ
2396 4350 2805 4440 τῆξ-ἐπιτιμίας.
2980 4365 3175 4443 ἡμέραι
3218 4365 3253 4433 ἢ
3311 4363 3385 4427 δὶς
3441 4350 3710 4422 τοσαῦται.
3758 4350 3908 4444 Εἱδὲ

550 4453 702 4518 alios
732 4431 978 4515 toﬁdem
1032 4431 1163 4514 sese
1207 4431 1489 4533 porriget.
1524 4431 1625 4514 Sin
1652 4462 1840 4529 norat,
1879 4431 2203 4517 sacerdotio

2290 4451 2428 4529 ᾔδει,
2490 4459 2587 4521 τῆς
2660 4456 2951 4533 ἱερωσύνης
3012 4457 3341 4513 ἐκπεσεῖται.
3411 4456 3466 4510 Εἰ
3510 4451 3565 4508 δὲ
3619 4441 3910 4538 προσωτέρυξ

553 4541 982 4615 excidet.Quod
1008 4540 1059 4602 si
1081 4540 1469 4621 provectioris
1494 4549 1663 4603 erant
1682 4542 1870 4606 aetatis
1910 4543 2112 4620 liberi,
2149 4548 2203 4609 et

2289 4547 2388 4609 τῆς
2426 4541 2637 4610 ἡλικίας
2681 4541 2909 4617 ἤλασαν,
2955 4550 3060 4601 τῶν
3115 4541 3314 4622 γονέων
3373 4537 3798 4618 ὑπερτιθεμένων,
3835 4537 3912 4585 κκι

555 4635 693 4715 quia
726 4631 1072 4695 dilationem
1087 4638 1365 4712 parentes
1393 4630 2111 4713 interponebant,idcirco
2125 4632 2203 4695 eis

2291 4632 2434 4711 παρὰ
2528 4642 2682 4691 τοῦτο
2776 4632 3187 4713 ἠναγκάσθησαν
3271 4635 3594 4711 συναφθῆναι
3674 4624 3909 4715 ἀκόνῖξονν

3584 2417 3821 2501 Ἀδελφοὶ

3205 2519 3231 2553 ⁸
3261 2510 3487 2591 Μιχαὴλ
3515 2511 3604 2567 καὶ
3631 2509 3657 2552 δ
3686 2509 3894 2589 Εἰρήνη.

2874 3642 2911 3692 Γ
2924 3625 2955 3698 ’.
3007 3646 3110 3696 Τοῦ
3139 3640 3318 3699 αὐτοῦ.

553 4720 765 4784 invitis
823 4719 1178 4782 contrahere
1242 4720 1691 4783 matrimonium
1753 4722 1942 4784 coacti
1997 4723 2204 4787 fuere:

559 4809 1044 4894 quandoquidem
1074 4809 1135 4871 id
1168 4809 1330 4887 leges
1376 4809 1557 4871 etiam
1592 4809 1866 4891 probant,
1913 4820 1973 4873 et
2002 4811 2074 4887 is,
2111 4811 2212 4893 qui

561 4918 773 4985 preces
802 4917 1001 4964 sacras
1055 4898 1352 4980 concepit,
1385 4899 1561 4979 culpa
1590 4907 1769 4975 caret,
1833 4908 1892 4962 et
1915 4900 2214 4962 secundus

560 5008 820 5075 quoque,
855 4988 951 5051 cui
972 4988 1047 5051 de
1078 4988 1277 5071 priore
1308 4988 1685 5051 matrimonio
1716 5007 1834 5051 non
1885 4988 2212 5065 constabat,

564 5077 1010 5145 excusatur.Sin
1042 5076 1370 5150 constabat,
1432 5077 1622 5158 poenis
1654 5076 1993 5139 mitioribus
2023 5076 2215 5159 subji-

564 5167 941 5251 cietur,quod
966 5166 1253 5230 obnoxios
1277 5167 1516 5229 crimini
1533 5166 1929 5245 scortationis,
1940 5174 2218 5249 tanquam

564 5278 767 5343 puros,
809 5256 1133 5320 coronarit.
1172 5254 1338 5330 Quod
1372 5258 1421 5318 si
1452 5257 1529 5319 de
1587 5264 1899 5338 parentum
1930 5256 2224 5319 sententia

565 5348 777 5431 prima;
796 5353 1119 5409 contractae
1147 5354 1284 5409 sunt
1314 5347 1562 5428 nuptiae,
1600 5346 1814 5409 deinde
1847 5364 1957 5408 nec
1986 5347 2224 5426 opinato

566 5437 889 5501 divortium
901 5435 1270 5498 intercessit:
1295 5436 1577 5499 sacerdos
1605 5435 1831 5516 primus
1848 5436 2020 5517 culpa
2035 5447 2221 5509 caret,

566 5528 717 5591 alter
742 5523 1146 5589 sacerdotium
1175 5525 1425 5590 amittit:
1459 5525 1584 5589 sive
1597 5533 1875 5608 parentes
1894 5525 2219 5601 adfuerint,

568 5634 693 5681 SlVe
722 5633 842 5679 non
853 5664 867 5681 .

2293 4708 2407 4777 ἐπεὶ
2447 4721 2508 4777 τὸ
2562 4729 2796 4780 τοιοῦτον
2859 4708 2947 4779 καὶ
2988 4735 3105 4786 τοῖς
3148 4722 3332 4797 νόμοις
3390 4708 3563 4795 δοκεῖ,
3596 4715 3734 4774 καὶὸ
3774 4708 3911 4768 εὐλοσ

2294 4811 2463 4888 γήσας
2490 4810 2739 4885 ἀναίτιος,
2776 4814 2863 4868 καὶ
2894 4814 2921 4868 ὃ
2949 4809 3181 4890 δεύτερος
3240 4807 3296 4865 δὲ
3354 4809 3563 4888 ἀγνοῶν
3615 4807 3675 4862 τὸ
3727 4803 3914 4878 πρῶτον

2294 4899 2639 4981 συνοικέσιον,
2711 4902 3034 4964 ἀναιτίατος.
3121 4898 3283 4965 Εἰδὼς
3347 4897 3425 4979 δὲ,
3506 4892 3775 4981 ἐπιτιμίοις

2296 4989 2593 5068 τριωτέροις
2627 4973 3086 5066 ⁷ὑποϐληθήσεται,
3133 4989 3214 5046 ὅτι
3266 4990 3388 5053 τοὺς
3410 4973 3421 4979 ⁷
3456 4987 3693 5069 περνείας
3733 4973 3915 5057 ἐγκλή⁶

2299 5103 2424 5156 ματι
2457 5080 2704 5155 ἁλόντας,
2750 5086 2822 5149 ὡς
2866 5084 3144 5163 καθαροὺς,
3204 5082 3588 5159 ἐστεφάνωσεν.
3649 5077 3704 5134 Εἰ
3758 5083 3915 5163 μξνξοι

2300 5153 2491 5249 γνώμη
2544 5177 2648 5229 τῶν
2692 5153 2899 5251 γονέων
2957 5153 3013 5229 ὁ·
3039 5153 3245 5251 πρώτος
3301 5153 3525 5237 συνέστη
3567 5167 3755 5246 γάμος,
3809 5153 3919 5211 SI“

2303 5260 2619 5340 παραλόγως
2663 5260 2943 5330 διέστησαν
2981 5281 2992 5293 ·
3039 5263 3068 5317 ὃ
3122 5262 3219 5337 μὲν
3269 5264 3477 5340 πρῶτος
3503 5257 3687 5339 ἱερεὺς,
3719 5251 3872 5307 ἀϐὦος
3903 5254 3917 5274 ⁸

2305 5354 2333 5407 ὁ
2375 5349 2609 5429 δεύτερος
2653 5349 2729 5427 δὲ,
2792 5356 2889 5421 τῆς
2948 5353 3232 5431 ἱερωσύνης
3275 5349 3550 5430 ἀλλότριος
3585 5362 3598 5377 ⁸
3647 5345 3745 5399 εἴτε
3793 5351 3919 5409 π²ρ’

2305 5446 2443 5508 ἦσαν
2485 5443 2531 5497 οἱ
2559 5454 2760 5521 γονεῖς,
2794 5439 2907 5500 εἴτε
2938 5442 3037 5519 μή.
