4130 6418
279 358 407 426 853

1609 360 2334 428 GMGO-ROMANUM.

3557 368 3675 433 854

294 514 327 548 α
366 481 450 553 Δ”.
482 489 571 561 Ἐξ
615 492 934 564 Ἐπιστολῆς
962 504 1056 556 τοῦ
1085 497 1243 555 αὐτοῦ
1268 496 1601 577 πατριάρχου
1629 494 1878 577 Μιχαὴλ,
1914 518 1942 551 ι

2060 494 2133 580 V.
2178 494 2281 557 Ex
2313 494 2599 576 Epistola
2624 498 2891 577 ejusdem
2925 499 3300 580 patriarchae
3328 501 3680 567 Michaelis.

378 580 501 640 Ἐπὶ
545 585 652 640 τῶν
703 583 764 640 ἐκ
790 586 882 641 106
925 588 1082 644 αὒτοῦ
1109 584 1316 663 γένους,
1360 586 1449 643 καὶ
1492 588 1520 642 ὁ
1576 586 1670 643 106
1725 583 1950 661 ἑϐδόμου

287 673 499 750 βαθμοὸ
570 670 833 730 κωϐύεται
890 675 1087 754 γάμος.
1152 678 1226 735 O6
1268 675 1369 755 γὰρ
1420 672 1635 733 δύναται
1692 676 1721 731 6
1776 672 1950 740 δισεξ-

292 758 519 842 ἀδελφος
597 762 696 829 τὴν
770 768 863 821 τοῦ
944 761 1307 843 δισεξαδέλφου
1388 762 1646 843 θυγατέρα
1728 774 1949 842 γαμεῖν,

289 848 395 907 κᾶν
455 852 485 907 6
552 852 658 907 θῶν
709 849 1122 932 τρισεξαδὲλφων
1178 853 1351 930 γάμος
1419 852 1516 909 06x
1570 852 1952 931 ἀπηγόρευται.

294 940 435 1018 Πρὸς
464 937 520 996 δὲ
562 941 685 1005 τοὺς
716 940 777 997 ἐκ
804 939 1040 1021 πλαγίου
1071 940 1125 1008 ἐξ
1184 942 1522 1023 ἀγχιστείας,
1579 943 1668 999 καὶ
1726 943 1753 997 6
1810 939 1957 998 ἕϐδο-

302 1053 405 1107 μος
448 1047 812 1112 συγχωρεῖται
878 1032 1103 1110 βαθμός.
1190 1040 1396 1112 Πρῶτοι
1451 1033 1541 1090 οὗν
1599 1031 1864 1113 ἐξάδελφοι
1921 1033 1965 1089 εί

294 1120 640 1201 συνήιρθησαν
693 1118 951 1202 ἀδελφαῖς
1005 1121 1059 1188 ἐξ
1130 1121 1309 1203 ἐτέρου
1380 1122 1588 1201 γένους,
1647 1125 1676 1180 6
1746 1121 1962 1201 ὕστερος

298 1210 474 1288 γάμος
526 1208 797 1286 ἂθὲμιτος.
865 1211 965 1269 Καὶ
1005 1210 1291 1290 γενόμενος
1348 1214 1470 1289 μὲν,
1530 1209 1909 1283 διασπασθήτω
1942 1231 1957 1247 ο

299 1297 382 1375 μὴ
441 1298 722 1377 γενόμενος
797 1296 876 1374 δὲ,
953 1298 1269 1371 κωλυθήτω.
1330 1300 1591 1378 Τετάριου
1677 1302 1775 1377 μὲν
1861 1301 1960 1380 γὰρ

299 1388 507 1465 βαθμοῦ
559 1391 607 1445 οἱ
663 1386 953 1470 ἐξάδελφοι,
1014 1388 1253 1468 δευτέρου
1306 1388 1363 1447 δὲ
1436 1394 1483 1448 οἱ
1554 1387 1788 1470 ἀδελφοί.
1865 1390 1962 1446 Καὶ

302 1478 629 1555 εὑρίσκονται
713 1477 867 1535 ἕκτου
947 1479 1172 1561 βαθμοῦ,
1256 1479 1387 1561 ὅπερ
1441 1480 1531 1537 καὶ
1599 1482 1628 1537 6
1685 1478 1959 1543 πολιτικὸς

302 1564 542 1647 ἀπείργει
572 1564 761 1644 νόμος.

560 1766 1082 1819 ΚΩΝΣΤΑΝΤΙΝΟΥ
1125 1767 1254 1819 ΤΟΥ
1298 1764 1704 1820 ΛΕΙΧΟΥΔΟΥ.

305 1848 395 1921 Α’.
473 1881 496 1917 ι
568 1861 866 1938 Σημείωμα
920 1860 1188 1923 συνοδικόν
1257 1862 1375 1941 περὶ
1431 1858 1613 1919 δούλου
1669 1859 1953 1940 ἐγκλημα-

1024 1965 1173 1999 τικου
1182 1991 1196 2005 ,
1233 1965 1262 1997 ι

392 2051 791 2111 Κωνστανττνος
836 2044 973 2119 ἐλέῳ
1019 2052 1151 2104 Θεοῦ
1191 2044 1607 2125 ἀρχιεπίσκοπος
1669 2054 1956 2103 Κωνσταν-

308 2129 692 2213 τινουπόλεως,
757 2132 878 2198 νέας
934 2125 1167 2211 Ῥώμης,
1217 2134 1306 2191 καὶ
1351 2134 1709 2211 οἷκουμενικὸς
1764 2156 1958 2214 πατρι-

307 2221 512 2301 άρχης.
1687 2275 1698 2282 .

392 2311 540 2367 Μετὰ
581 2312 686 2369 τῶν
757 2311 933 2372 ἄλλων
989 2313 1235 2370 ἁπάντων
1295 2318 1400 2369 τῶν
1457 2313 1554 2381 τῆς
1598 2320 1729 2370 Θεοῦ
1788 2314 1962 2393 μεγά-

311 2397 415 2466 λης
445 2398 767 2468 Ἐκκλησίας
798 2400 1013 2459 δικαίων
1061 2425 1120 2458 τε
1178 2403 1269 2459 καὶ
1322 2400 1523 2479 καλῶν,
1568 2401 1684 2462 οὐδὲ
1725 2404 1791 2458 τὰ
1846 2405 1964 2482 περὶ

307 2495 418 2545 τῶν
487 2487 685 2548 δούλων
769 2489 1121 2568 οὖδοκούμενά
1191 2512 1250 2548 τε
1321 2493 1410 2548 καὶ
1480 2490 1817 2570 διοριζόμενα
1871 2499 1964 2549 106

313 2574 515 2635 δικαίου
542 2581 631 2635 καὶ
688 2579 978 2660 πρέποντος
1028 2580 1434 2660 ἠλλοτρίωνται.
1498 2570 1661 2639 ΗΟσοι
1716 2582 1817 2662 γὰρ
1877 2582 1966 2638 καὶ

312 2666 513 2724 τούτων
536 2673 694 2748 φονου
724 2669 867 2744 μίσει
896 2670 962 2722 45
1016 2672 1313 2751 χρανθὼσι,
1353 2670 1442 2727 καὶ
1481 2674 1589 2727 τῶν
1619 2670 1770 2727 θείων
1801 2674 1966 2738 αὐτῆς

310 2754 606 2836 περιϐόλων
636 2757 784 2823 ἐντὸς
815 2759 1096 2837 γένωνται,
1129 2760 1399 2840 προσίεται
1430 2763 1741 2836 συμπαθῶς,

316 2846 416 2903 Καὶ
471 2846 693 2904 θανάτου
750 2848 846 2924 μὲν
904 2847 1096 2917 ἐπίσης
1152 2861 1271 2914 τοῖς
1314 2846 1492 2915 ἄλλοις
1537 2849 1710 2926 ῥύεται
1766 2871 1969 2930 μητρι-

2110 579 2177 643 In
2207 580 2303 658 iis,
2328 584 2431 665 qui
2461 585 2673 648 eodem
2706 587 2827 650 orti
2866 579 3005 650 sunt
3034 589 3524 670 genere,septimi
3545 610 3688 672 quo-

2033 688 2149 752 que
2172 674 2390 749 gradus
2419 675 2640 756 nuptiae
2670 676 3087 757 prohibentur.
3137 676 3355 757 Nequit
3390 679 3549 741 enim
3584 697 3689 742 so-

2034 759 2196 821 brini
2228 760 2409 824 filiam
2442 782 2687 827 uxorem
2718 765 2966 839 ducere,
2997 766 3136 829 licet
3167 776 3587 848 prognatorum
3622 789 3693 833 ex

2038 848 2302 912 sobrinis
2332 852 2778 916 matrimonium
2808 854 3057 917 minime
3082 856 3159 917 sit
3196 857 3461 920 vetitum.
3485 864 3562 920 At
3591 858 3691 936 iis,

2036 938 2139 1019 qui
2169 957 2240 1001 ex
2264 947 2604 1005 transverso
2635 952 2773 1005 sunt
2792 944 3026 1023 afﬁnes,
3060 944 3237 1008 etiam
3271 946 3485 1023 gradus
3502 948 3693 1028 septi-

2048 1046 2181 1117 mus
2211 1030 2803 1114 permittiturltaque
2825 1034 2877 1095 si
2896 1034 3242 1097 consobrini
3274 1038 3529 1117 copulati
3558 1037 3694 1100 fue-

2043 1116 2164 1179 rint
2190 1138 2322 1180 cum
2355 1119 2662 1184 sororibus
2684 1122 2831 1185 ortis
2855 1123 2975 1185 alio
2990 1143 3233 1205 genere,
3253 1116 3695 1188 matrimonium

2045 1209 2340 1289 posterius
2398 1219 2487 1273 est
2534 1211 2830 1287 illicitum,
2875 1231 2946 1276 ac
2997 1214 3290 1295 siquidem
3325 1223 3695 1278 contractum

2044 1296 2141 1386 sit,
2178 1297 2493 1362 divellatur
2524 1320 2538 1362 :
2575 1302 2832 1365 necdum
2865 1320 3003 1365 vero
3060 1311 3454 1379 contractum,
3486 1306 3693 1386 prohi-

2042 1384 2430 1450 beatur.Nam
2460 1390 2649 1470 gradu
2691 1398 2902 1473 quarto
2926 1393 3123 1473 juncti
3150 1394 3265 1455 sibi
3310 1404 3447 1458 sunt
3479 1384 3698 1457 conso-

2041 1475 2221 1553 brini,
2256 1479 2523 1541 secundo
2572 1480 2812 1546 fratres.
2861 1482 3147 1564 Adeoque
3196 1491 3362 1546 sexto
3393 1483 3699 1546 constituti

2042 1565 2225 1646 gradu
2258 1567 2975 1653 deprehenduntur,quod
3003 1573 3246 1653 quidem
3271 1573 3427 1637 civili
3457 1592 3697 1656 quoque

2036 1656 2176 1736 jure
2203 1663 2454 1720 vetatur.

2324 1758 2826 1828 CONSTANTINI
2868 1763 3212 1830 LICHUDIS
3259 1768 3408 1849 (22).

2042 1847 2089 1911 Ι.
2118 1848 2429 1930 Scriptum
2457 1852 2524 1913 in
2548 1854 2777 1933 synodo
2798 1856 3190 1999 subpotatum
3217 1879 3232 1935 ;
3276 1847 3549 1920 deserve
3568 1859 3692 1920 cri-

2741 1952 2910 1998 mma
2941 1956 2982 1996 ι.

2741 1952 2982 1998 mmau.

2123 2030 2542 2120 Constantinus
2594 2032 2979 2098 miseratione
3039 2036 3148 2099 Dei
3211 2038 3699 2120 archiepiscopus

2042 2116 2609 2209 GonstantinOpolis,
2644 2141 2810 2185 novte
2838 2124 3060 2201 Romae,
3110 2136 3168 2191 et
3208 2116 3571 2191 universalis
3591 2116 3703 2209 pa-

2045 2207 2327 2272 triarcha.

2127 2300 2289 2362 Inter
2318 2300 2519 2364 omnia
2564 2303 2679 2366 alia
2716 2306 2962 2386 majoris
3006 2305 3287 2370 Ecclesize
3339 2309 3445 2371 Dei
3470 2311 3607 2389 jura
3639 2317 3699 2373 et

2046 2386 2346 2479 bona,nec
2377 2409 2449 2453 ea
2491 2410 2624 2473 qua:
2673 2392 2748 2456 de
2804 2395 2995 2457 servis
3044 2405 3307 2459 statuere
3356 2386 3593 2479 placuit,
3628 2398 3701 2459 ab

2045 2477 2319 2559 aequitate
2337 2497 2405 2541 ac
2427 2480 2652 2544 decoro
2670 2490 2808 2545 sunt
2839 2483 3054 2548 aliena.
3089 2488 3239 2549 Nam
3270 2477 3560 2568 quotquot
3586 2489 3704 2549 ho-

2047 2585 2180 2627 rum
2211 2586 2447 2649 quoque
2476 2571 2653 2633 caedis
2684 2572 2918 2650 piaculo
2946 2574 3159 2656 polluti
3189 2575 3429 2652 fuerint,
3467 2586 3525 2637 et
3549 2576 3707 2639 intra

2049 2673 2218 2718 sacra
2246 2657 2376 2737 ejus
2405 2668 2575 2739 septa
2606 2664 3009 2742 pervenerint,
3070 2664 3340 2726 adhibita
3381 2668 3707 2727 commise-

2048 2743 2280 2807 ratione
2306 2748 2700 2829 recipiuntur.

2132 2837 2204 2897 Et
2233 2852 2266 2895 a
2298 2846 2489 2900 morte
2516 2839 2761 2921 quidem
2784 2841 2946 2923 ipsos
2965 2841 3253 2920 Ecclesia,
3282 2852 3551 2906 materna
3581 2844 3710 2923 pie-

312 2937 448 3014 szr,
523 2923 759 3010 600}:qu
794 2936 849 2994 δὲ
926 2936 1184 3009 διηνεκεῖ,
1278 2923 1831 3018 συμπαρεκτεινομένη
1882 2923 1959 3016 ’τῇ

2057 2923 2356 3018 late,sieut
2383 2934 2441 2988 et
2463 2928 2632 3003 alios,
2666 2929 2877 2993 liberat
2913 2952 2928 2992 :
2957 2949 3164 2994 verum
3198 2934 3441 2995 eosdem
3476 2933 3552 2995 ad
3585 2951 3708 2994 ser-

315 3011 530 3082 ἐκείνων
559 3031 693 3103 ζωῇ,
726 3028 865 3084 κατὰ
905 3028 1002 3097 τὴν
1033 3028 1267 3109 ἀρχῆθεν
1324 3011 1808 3103 ἐμπολιτευομένην
1838 3011 1959 3107 αὖτέ

2057 3011 2297 3114 vitutem
2329 3024 2703 3097 perpetuam,
2745 3039 2878 3101 quae
2932 3039 3069 3082 cum
3103 3040 3309 3083 eorum
3345 3030 3462 3083 tota
3496 3041 3560 3084 se
3590 3022 3711 3083 vita

318 3114 617 3195 συνήθειαν,
646 3088 1003 3197 ’,κατακρίνει
1070 3088 1423 3198 ’θεοπρεπιῖλῆ
1519 3088 1683 3183 θείοίς
1762 3088 1959 3198 φροντιῖ

2057 3088 2463 3198 ροττίςίίξρτό
2485 3124 2591 3168 sua
2618 3088 3051 3173 consuetudine
3069 3112 3332 3192 antiqua,
3368 3130 3480 3173 ceu
3511 3110 3711 3173 divino

315 3204 550 3281 στηρίοις
593 3191 681 3261 καὶ
737 3191 975 3284 εὒαγέσιν
1031 3205 1207 3272 οἴκοις
1226 3191 1645 3283 ’ἀπεμπολοῦσκ
1686 3191 1854 3270 dic-6v
1883 3208 1959 3263 καῖ

2057 3191 2560 3284 ᾳυοόειηᾷτίεοτε,
2598 3197 2861 3280 damnat,
2919 3199 3105 3262 sacris
3143 3191 3306 3279 ipsos
3339 3200 3713 3262 monasteriis

314 3292 408 3348 τὸν
450 3290 515 3348 δι’
560 3291 770 3357 ἐλπίδος
841 3282 1129 3353 ἆδὲσποτον
1186 3297 1297 3374 βίον
1348 3282 1460 3363 τῆς
1531 3292 1759 3360 διανοίας
1818 3293 1959 3352 ἐκϐά-

2057 3300 2120 3342 ac
2152 3282 2429 3374 domibus
2458 3286 2757 3366 religiosis
2784 3288 3051 3351 vendens
3078 3307 3094 3364 ;
3126 3299 3191 3351 ut
3221 3290 3397 3353 etiam
3427 3309 3532 3371 spe
3562 3308 3712 3351 con-

316 3379 482 3461 λοιεν,
538 3383 627 3439 καὶ
682 3384 773 3439 τὸν
827 3388 928 3452 τῆς
1012 3384 1233 3451 ἀτοπίας
1291 3382 1518 3464 ἔλεγχον
1588 3383 1959 3463 ἐγκαλούμενοι

2057 3378 2286 3452 ceptam
2317 3373 2491 3435 vitam
2514 3375 2589 3437 ab
2608 3376 2784 3439 herili
2807 3377 3061 3440 liberam
3098 3378 3350 3460 imperio
3373 3380 3497 3440 suis
3520 3378 3717 3440 exclu-

317 3469 498 3550 ἔχοιεν
543 3472 623 3547 τῷ
671 3477 771 3541 τῆς
830 3469 1066 3540 δουλείας
1124 3474 1368 3551 ὀνόματι,
1396 3462 1515 3531 “xui
1558 3462 1642 3530 διὰ
1692 3474 1959 3550 μετανοίας

2057 3462 2198 3551 dant
2224 3462 2528 3537 anilnis,et
2557 3466 2686 3547 ipso
2719 3467 2962 3529 nomine
3005 3469 3305 3531 servitutis
3336 3476 3715 3530 accusantem

314 3562 379 3616 τὸ
418 3567 513 3617 τοῦ
554 3564 714 3642 φόνου
758 3561 958 3620 ἄτοπον
1003 3562 1425 3643 ἆποκαθαίροιεν.
1477 3564 1577 3621 Καὶ
1630 3562 1799 3622 τοίνυν
1858 3572 1959 3630 Δη-

2057 3548 2288 3643 facinus
2337 3553 2644 3643 stimulum
2703 3556 2980 3632 habeant,
3025 3576 3249 3639 perque
3305 3558 3714 3639 paenitentiam

319 3639 578 3729 pvj1pt0vv
613 3652 705 3707 16v
762 3651 970 3719 οἰκέτην
1026 3662 1120 3712 τοῦ
1186 3639 1380 3724 δεῖνος,
1458 3652 1719 3728 μιάσματι
1777 3659 1959 3732 φονικιῙ

2059 3639 2239 3732 caedis
2271 3642 2701 3722 turpitudinem
2736 3654 3089 3725 eXpurgent.
3112 3646 3317 3727 Itaque
3345 3646 3716 3709 Demetrium

318 3728 644 3819 χρανθέντα,
727 3741 815 3795 καὶ
894 3740 1330 3822 ἐξαγορεύσαντα,
1400 3741 1538 3798 κατὰ
1606 3741 1669 3796 τὸ
1725 3739 1959 3797 ἆνὲκαθεη

2058 3728 2205 3822 Titii
2226 3748 2487 3806 servum,
2518 3733 2697 3822 credis
2725 3734 3175 3815 inquinamento
3208 3736 3720 3817 pollutum,idque

320 3817 460 3900 ἔθος,
515 3817 719 3893 ἐξέδοτο
755 3830 830 3892 ὡς
872 3817 1223 3911 ἡμαρτηκότα
1280 3817 1464 3888 τοῦτον
1517 3828 1677 3909 φόνου
1721 3838 1884 3904 μῦσος
1940 3831 1959 3887 ’ί

2061 3817 2422 3891 confessum,
2462 3821 2639 3883 veluti
2686 3824 2789 3904 qui
2839 3822 3137 3903 piaculum
3170 3824 3350 3887 caedis
3380 3824 3717 3899 admiserit,

320 3923 415 3973 106
457 3924 590 3976 Θεοῦ
646 3916 857 3997 μεγάλη
915 3915 1206 3986 Ἐκκλησία
1271 3916 1356 3975 διὰ
1396 3924 1504 3975 τῶν
1560 3915 1959 3975 θεοσεϐεστάτωε

2065 3923 2134 3997 ex
2165 3925 2330 3997 more
2360 3912 2556 3990 prisco
2587 3912 2714 3973 haec
2747 3930 2956 3991 magna
3002 3912 3113 3975 Dei
3140 3913 3407 3975 Ecclesia
3438 3931 3544 3993 per
3570 3912 3718 3975 reli-

319 4003 562 4087 ἒκδίκων,
611 4008 900 4088 Δημητρίῳ
945 4006 1221 4088 ἐπισκόπῳ
1273 4009 1538 4088 Πριηΐνης
1567 4003 1652 4079 46,
1707 4004 1792 4062 ἐπὶ
1847 4028 1954 4086 παρ

2065 3996 2433 4074 giosissimos
2481 3998 2849 4077 defensores,
2911 4000 3214 4063 Demetrio
3248 4000 3719 4081 Prienensiepi-

322 4101 437 4176 οχῇ
493 4086 834 4172 νομισμάτων
889 4086 974 4154 κδ’
1005 4116 1020 4131 ⁸
1101 4095 1240 4155 ὥστε
1309 4103 1482 4154 πᾶσαν
1556 4097 1713 4153 αὐτοῦ
1782 4092 1959 4152 δεσπο-

2066 4102 2272 4176 scopo,
2294 4103 2437 4176 XXIV
2458 4105 2773 4151 aureorum
2811 4089 3002 4169 pretio
3033 4091 3357 4172 persoluto,
3393 4091 3476 4153 sic
3508 4089 3721 4152 vendi-

320 4173 465 4241 τείαν
524 4183 670 4266 ἔχειν
727 4186 815 4243 καὶ
874 4184 1181 4265 κυριότητα,
1230 4187 1319 4244 καὶ
1386 4182 1587 4262 μηδένα
1641 4185 1747 4241 τῶν
1807 4184 1959 4242 ἁπαν·

2067 4173 2175 4266 dit,
2206 4185 2268 4236 ut
2296 4175 2347 4237 is
2405 4196 2584 4240 omne
2627 4178 2958 4243 dominium
2991 4190 3048 4243 et
3107 4183 3531 4262 proprietatem
3593 4179 3724 4259 ejus

321 4295 415 4330 τον
469 4263 647 4354 ἕτερον
689 4263 961 4332 αὐθεντεῖν
1013 4278 1191 4334 αὐτοῦ.
1240 4280 1569 4354 Παραινοῦσα
1623 4270 1708 4329 διὰ
1765 4294 1959 4341 ταυτησ

2068 4263 2303 4354 habeat,
2342 4285 2453 4328 nec
2480 4267 2632 4329 alius
2654 4268 2967 4350 quisquam
3023 4272 3366 4333 mortalium
3397 4270 3514 4332 sibi
3544 4268 3722 4350 quid-

321 4368 425 4430 τῆς
480 4353 924 4444 ὑπηγορευθείσης
992 4369 1200 4445 γραφῆς
1270 4353 1357 4421 καὶ
1408 4376 1525 4429 τοῖς
1588 4362 1725 4420 κατὰ
1766 4364 1959 4442 καιρυὺέ

2068 4371 2244 4433 quam
2269 4353 2428 4434 juris
2460 4356 2522 4417 in
2580 4376 2716 4419 eum
2777 4359 3056 4422 vindicet.
3093 4360 3282 4423 Simul
3311 4378 3417 4441 per
3444 4362 3598 4421 hanc
3628 4357 3725 4419 di-

320 4450 744 4532 θεοφιλεστάτης
820 4452 1128 4519 ἐπισκόποις
1209 4457 1309 4521 τῆς
1391 4454 1559 4519 αὒτῆς
1648 4450 1959 4532 ἐπισκοπῆς1

2057 4448 2277 4525 ptatum
2332 4446 2409 4506 ab
2494 4464 2559 4510 se
2639 4450 2989 4528 scripturam
3076 4447 3559 4527 religiosissimos
3620 4465 3725 4527 pro

320 4540 571 4613 κήδεσθαι
625 4548 723 4610 τῆς
790 4544 946 4600 αὐτοῦ
987 4541 1147 4600 πλέον
1206 4543 1491 4622 σωτηρίας,
1552 4542 1641 4598 καὶ
1706 4541 1773 4597 τὰ
1843 4544 1959 4621 πρὸς

2061 4542 2333 4614 tempore
2390 4537 2685 4600 antistites
2719 4536 3099 4619 episcopatus
3128 4538 3287 4600 illius
3327 4538 3625 4611 hortatur,
3658 4542 3728 4597 ut

322 4629 651 4689 λυσιτέλειαν
717 4633 809 4689 καὶ
877 4629 1061 4709 ἄφεσιν
1104 4638 1207 4690 106
1282 4631 1519 4689 τοιούτου
1578 4633 1772 4707 μύσους
1830 4630 1959 4709 ἐγκε·

2063 4623 2348 4702 majorem
2378 4625 2440 4686 in
2473 4626 2716 4687 modum
2752 4627 2959 4689 salutis
2998 4628 3129 4707 ejus
3175 4645 3375 4689 curam
3404 4632 3634 4705 gerant,
3671 4631 3731 4686 et

324 4719 562 4780 λεύεσθαί
614 4742 674 4778 τε
752 4722 841 4779 καὶ
910 4699 1194 4781 διδάσκειν.
1279 4722 1369 4788 Μὴ
1443 4699 1625 4796 μέντδι
1680 4699 1952 4800 πειρᾶσθαι

2064 4699 2197 4793 quae
2227 4713 2300 4776 ad
2332 4715 2713 4777 commodum
2745 4715 2959 4795 ipsius,
2986 4699 3050 4778 et
3065 4716 3283 4797 piaculi
3305 4699 3725 4777 remissionem

323 4809 423 4879 τῆς
478 4808 728 4879 δουλικῆς
786 4812 943 4868 αὐτὸν
1000 4812 1173 4891 τύχης
1229 4808 1547 4890 ἐλευθεροῦν,
1595 4811 1733 4885 μήτε
1775 4809 1959 4888 πιπρά·

2068 4803 2667 4884 Spectant,imperent
2696 4812 2876 4885 atque
2906 4804 3183 4868 doceant.
3204 4805 3335 4866 Non
3365 4812 3561 4865 tamen
3590 4819 3728 4864 eum

325 4920 474 4958 σκειν
524 4900 597 4963 εἷς
647 4900 959 4978 πρόσωπον,
1017 4898 1070 4965 ἐξ
1127 4901 1192 4956 σῦ
1244 4903 1344 4966 τῆς
1402 4897 1675 4967 διηνεκοῦς
1746 4895 1959 4955 δουλεία

2067 4891 2272 4954 servili
2302 4892 2645 4955 conditione
2675 4892 3079 4970 liberare,nec
3110 4894 3216 4957 ulli
3248 4894 3439 4956 ausint
3459 4908 3731 4972 persona:

320 4989 410 5046 καὶ
475 4995 569 5046 106
657 4987 1098 5057 ἐκκλησιαστικοῦ
1178 4987 1443 5064 ἐπιτιμίου
1518 4986 1825 5059 λυθήσεται.
1919 4997 1955 5045 Ε

2064 4982 2344 5057 vendere,
2382 5001 2489 5063 per
2520 5002 2694 5064 quam
2728 5001 2761 5045 e
2791 4984 3076 5046 servitute
3102 4991 3412 5065 perpetua,
3447 4990 3506 5044 et
3526 4982 3729 5043 eccle-

324 5078 425 5158 γάρ
466 5098 597 5134 ποτε
657 5077 994 5157 καταγγελθῇ
1064 5080 1092 5135 6
1159 5076 1436 5158 εἰρημένος
1491 5077 1782 5158 ἐλευθερίαν
1851 5077 1959 5134 ἐπι-

2060 5073 2303 5137 siastica
2334 5091 2508 5154 poma
2540 5073 2848 5155 eripiatur.
2883 5071 3116 5155 Quippe
3160 5072 3210 5134 si
3267 5075 3598 5134 nuntiatum
3630 5070 3733 5132 ali-

322 5167 638 5249 φερόμενος,
687 5169 842 5235 αὐτὸς
899 5169 997 5244 μὲν
1052 5167 1150 5235 τὴν
1206 5165 1420 5233 δικαίως
1479 5168 1621 5242 αὒτῷ
1673 5167 1959 5247 ὡρισμένηπ

2060 5163 2297 5244 quando
2376 5162 2577 5237 fuerit,
2636 5161 2965 5225 indicatum
3029 5162 3400 5226 Demetrium
3457 5161 3733 5225 libertate

325 5253 615 5324 καταδίκην
673 5258 768 5314 06x
820 5255 1142 5339 ἐκφεύξεται,
1223 5253 1344 5313 ἀλλ’
1413 5254 1749 5327 ἐκδοθήσεται
1817 5257 1959 5313 πάλιε

2062 5251 2311 5335 potitum
2342 5269 2356 5314 :
2388 5250 2520 5333 ipse
2571 5252 2814 5334 quidem
2849 5252 3173 5332 irrogatum
3201 5251 3317 5315 sibi
3340 5252 3479 5332 jure
3510 5251 3738 5332 suppli-

1665 5374 1916 5439 VARIAE
1958 5370 2399 5439 LECTIONES.

406 5486 471 5540 45
495 5489 673 5566 μύσει.
758 5485 823 5540 46
849 5490 1100 5571 πριήνης.

1895 5588 2145 5656 NOTAE.

405 5701 531 5786 (22)
582 5703 881 5768 Successit
910 5703 1235 5784 Cerulario,
1266 5702 1475 5768 Isaacii
1503 5699 1797 5768 Comneni
1829 5706 1890 5764 et
1916 5695 2303 5765 Constantini
2335 5694 2516 5761 Ducaa
2549 5696 2943 5780 temporibus.
