4130 6422
397 343 517 412 855

1759 350 1792 411 J
1797 349 1891 411 US
1936 346 2389 415 CANONICUM

3671 349 3791 416 856

396 477 560 570 cium
591 496 711 540 non
736 479 1003 559 effugiet,
1036 478 1142 541 sed
1200 478 1537 570 denuoper
1567 479 2044 570 religiosissimos

2139 484 2229 542 διὰ
2268 488 2375 542 τῶν
2415 485 2831 567 θεοφιλεστάτων
2880 485 3099 546 ἐκδίκων
3146 476 3514 570 χαλεπωτάτῃ
3556 485 3784 563 δουλεία,

395 566 747 630 defensores
798 568 1242 631 molestissimaa
1270 568 1559 639 servituti,
1579 569 2053 651 gravissimeque

392 655 590 719 labori
612 656 1092 739 mancipabitur;
1126 658 1507 739 episcopatus
1535 666 1729 721 autem
1770 658 2053 722 multabi-

394 753 584 819 tur,ut
612 744 714 827 qui
742 746 1200 808 constitutiones
1221 746 1474 826 scriptas
1504 746 1676 811 ﬂocci
1724 747 1973 822 fecerit;
1998 755 2057 811 et

394 834 682 916 cujusque
713 834 955 898 demum
987 835 1275 917 temporis
1306 835 1579 913 antistes,
1613 837 1714 918 qui
1738 836 1793 898 ei
1817 845 2050 916 praeest,

394 940 592 1004 paena
610 923 915 986 canonica;
947 923 1319 1005 subjicietur.
1351 923 1534 1003 Igitur
1566 926 1637 986 ad
1667 924 2051 986 avertendum

394 1016 666 1098 eum,qui
721 1018 876 1080 servi
911 1017 1192 1080 dominus
1241 1017 1559 1098 aliquando
1610 1018 1738 1093 fuit,
1770 1027 1829 1080 et
1858 1018 2054 1080 exclu-

393 1104 655 1168 dendum
695 1124 936 1168 omnem
967 1106 1027 1167 in
1086 1106 1266 1186 hujus
1298 1105 1461 1167 modi
1491 1105 1727 1168 casibus
1757 1108 2052 1168 actionem

397 1200 724 1281 caeteroqui
771 1199 1095 1279 legitimam
1155 1209 1215 1261 et
1254 1202 1511 1280 aequam,
1548 1218 1623 1261 ne
1673 1200 1907 1262 scilicet
1935 1198 2054 1260 ullo

342 1322 351 1325 ν
396 1288 576 1350 modo
601 1288 896 1370 corporali
930 1296 1118 1350 morte
1143 1287 1463 1350 distractus
1479 1288 1578 1350 hic
1601 1289 1940 1352 Demetrius
1959 1288 2052 1349 af-

391 1379 648 1462 ﬁciatur,
680 1399 790 1443 nec
833 1380 989 1443 male
1046 1388 1351 1457 tractetur,
1385 1389 1486 1443 aut
1530 1381 1603 1443 ab
1657 1382 1769 1443 alia
1802 1399 2056 1463 persona

395 1468 676 1549 puniatur
711 1486 725 1531 :
760 1468 887 1531 hinc
933 1470 1015 1531 ita
1063 1469 1311 1546 sancita,
1347 1478 1405 1532 et
1449 1469 1854 1533 ecclesiastico
1886 1489 2054 1534 more

394 1557 752 1637 perscripta,
823 1566 885 1619 et
931 1557 1242 1637 obsignata
1290 1577 1399 1639 per
1427 1558 1649 1621 bullam
1684 1559 2050 1641 plumbeam,

391 1645 532 1709 data
562 1654 702 1707 sunt
760 1665 967 1710 mense
997 1646 1341 1722 Decembri,
1402 1648 1745 1713 indictionis
1771 1666 1874 1726 xu,
1912 1649 2056 1712 anni

392 1750 546 1800 VICIO
574 1752 632 1801 19
659 1752 841 1800 LXVII.

586 1837 661 1902 ΙΙ.
692 1838 783 1901 De
810 1839 1120 1904 sacerdote
1145 1840 1326 1903 caedis
1356 1856 1460 1902 reo
1488 1848 1542 1903 et
1573 1840 1862 1920 deposito.

468 2017 732 2080 Priscam
764 2018 1170 2096 legislatorum
1204 2018 1365 2080 circa
1398 2018 1646 2080 delubra
1673 2019 2047 2098 religionem,

386 2127 523 2171 cum
554 2108 631 2170 de
662 2107 936 2188 pluribus
966 2107 1099 2171 aliis
1140 2107 1486 2187 perspicere
1520 2107 1675 2181 licet,
1708 2118 1831 2169 tum
1864 2110 2046 2171 multo

382 2196 637 2259 maxime
666 2197 741 2258 de
771 2196 869 2271 iis,
930 2216 1063 2277 quae
1120 2196 1464 2258 humaniter
1522 2216 1589 2258 ac
1632 2196 1889 2275 benigne
1920 2209 2045 2261 sta-

383 2286 628 2363 tuendo,
664 2304 798 2347 esse
854 2293 1203 2365 argumenta
1252 2286 1487 2363 pietatis
1546 2305 1684 2364 erga
1713 2288 2045 2366 benignum

384 2375 577 2438 Deum
629 2394 754 2438 sua:
806 2375 1146 2438 voluerunt.
1206 2376 1354 2437 Nam
1415 2375 1509 2449 iis,
1573 2376 1788 2457 quibus
1851 2378 2047 2440 omnis

381 2464 662 2545 adempta
683 2465 818 2527 vitae
834 2483 972 2545 spes
993 2463 1189 2544 est,ub
1228 2464 1694 2544 magnitudinem.
1734 2476 2043 2547 perpetra-

382 2561 577 2616 torum
609 2554 682 2616 ab
740 2553 827 2615 eis
869 2554 1189 2629 scelerum,
1244 2561 1411 2633 septa
1458 2573 1643 2616 sacrae
1702 2574 2047 2637 magnaeque

381 2642 674 2707 Ecclesiae
720 2643 1152 2724 patefecerunt,
1196 2643 1351 2704 intra
1381 2662 1511 2722 quae
1543 2644 1593 2706 si
1622 2644 1723 2725 qui
1754 2663 1818 2707 se
1867 2664 2041 2708 rece-

381 2731 748 2813 pissent,eos
771 2730 844 2792 ab
870 2730 1035 2792 omni
1056 2739 1221 2793 reatu
1240 2739 1296 2791 et
1319 2731 1631 2794 vexatione
1655 2743 2004 2796 exemerunt
2026 2753 2040 2798 :

387 2820 545 2901 quod
582 2838 790 2882 eorum
809 2820 883 2882 ad
918 2820 1109 2882 aedem
1142 2838 1370 2883 sacram
1405 2821 1739 2902 perfugium
1767 2841 1885 2885 non
1917 2824 2049 2888 sine

380 2909 580 2973 divina
612 2909 1076 2991 providentia,et
1101 2929 1236 2971 cum
1267 2911 1530 2990 ipsorum
1559 2912 1749 2973 salute
1769 2913 2048 2977 accidere

2135 577 2222 632 καὶ
2292 576 2557 655 βαρυτάτῃ
2624 576 2882 656 ὑπηρεσίᾳ
2915 596 2928 611 ⁸
2999 580 3398 654 ζημιωθήσεται
3445 578 3501 636 δὲ
3571 580 3606 647 ἡ
3662 575 3786 634 ἐπι-

2136 665 2336 740 σκοπὴ,
2384 667 2457 730 ὡς
2513 667 2605 733 τὰς
2665 666 3037 746 γεγραμμένας
3109 668 3411 739 ἆθετήσασα
3478 665 3732 734 διατάξεις
3768 681 3785 699 ⁸

2140 755 2237 812 Καὶ
2306 758 2335 811 ὁ
2405 755 2542 813 κατὰ
2607 758 2821 834 καιροὺς
2879 757 3077 826 ταύτης
3125 759 3424 839 προεστὼς,
3466 759 3569 815 ὑπὸ
3638 754 3791 823 δίκην

2134 844 2416 912 κανονικὴν
2460 844 2781 925 ἀχθήσεται.
2848 846 2987 925 Πρὸς
3041 846 3351 925 ἀποτροπὴν
3408 847 3496 905 οὖν
3545 852 3640 904 τοῦ
3679 867 3789 902 πο-

2134 954 2192 987 τε
2221 929 2597 1014 δεσπόσαντος,
2626 933 2726 1002 τῆς
2776 956 2834 991 τε
2873 935 3094 1011 νομικῆς
3154 936 3240 993 ἐπὶ
3295 937 3475 1002 τούοτς
3531 936 3789 998 τοιούτοις

2134 1024 2222 1079 καὶ
2288 1021 2487 1090 δικαίας
2565 1024 2915 1101 ἀποτολμίας,
2990 1036 3085 1087 τοῦ
3156 1025 3420 1104 μηδαμῶς
3491 1027 3789 1085 εὒθύνεσθαι

2138 1124 2429 1192 σωματικῷ
2455 1118 2686 1194 θανάτῷ,
2722 1120 2859 1195 μήτε
2918 1120 3029 1196 μὴν
3072 1118 3471 1200 ἐπηρεάζεσθαι,
3538 1120 3575 1190 ἢ
3614 1142 3782 1197 τιμω-

2138 1209 2340 1284 ρεῖσθαι
2385 1205 2508 1287 παρ’
2562 1207 2740 1288 ἑτέρου
2781 1209 3069 1289 προσώπου
3122 1212 3214 1267 τὸν
3272 1208 3608 1286 ἐκδεδομένων
3670 1218 3786 1277 Δη-

2139 1297 2384 1376 μήτριον,
2430 1296 2633 1377 ἐγράφη
2676 1298 2742 1354 τὰ
2783 1296 3102 1379 διωρισμένα
3168 1298 3598 1375 ἐκκλησιαστικῷ
3654 1299 3783 1373 ἔθει,

2135 1385 2221 1440 καὶ
2278 1386 2652 1465 σγραγισθέντα
2735 1395 2812 1463 τῷ
2889 1385 2974 1444 διὰ
3056 1385 3303 1463 μολίϐδου
3386 1387 3783 1468 βουλλωτηρίῳ,

2135 1471 2357 1570 ἐτὲδόθη
2428 1477 2556 1552 μηνὶ
2631 1475 2952 1556 Δεκεμϐρίῳ,
3043 1476 3411 1555 ἐπινεμήσεως
3484 1466 3558 1554 ιβ’
3640 1466 3787 1542 ἔτους

2138 1849 2162 1882 α
2229 1818 2309 1887 Β’.
2377 1831 2495 1910 Περὶ
2550 1840 2641 1890 τοῦ
2710 1832 3054 1912 φονεύσαντος
3107 1831 3310 1908 ἱερέως,
3383 1834 3471 1890 καὶ
3534 1835 3785 1913 καθαιρε-

2818 1914 3018 1977 θέντος.
3059 1936 3083 1972 ο

2211 2009 2318 2076 Τὴν
2364 2005 2560 2066 ἄνωθεν
2614 2016 2720 2068 τῶν
2780 2017 3077 2088 νομοθετῶν
3133 2014 3251 2092 περὶ
3310 2012 3377 2069 τὰ
3444 2012 3640 2089 τεμένη
3700 2013 3784 2069 $6-

2129 2095 2366 2174 λάϐειαν,
2431 2099 2597 2166 ἔξεστι
2650 2102 2745 2175 μὲν
2803 2104 2889 2159 καὶ
2940 2100 3021 2159 διὰ
3075 2101 3291 2160 πολλῶν
3347 2101 3539 2182 ἐτέρων
3608 2123 3781 2158 κατα-

2130 2191 2343 2263 μαθεῖν,
2405 2188 2589 2264 πολλῷ
2631 2187 2688 2245 δὲ
2726 2190 2954 2268 μᾶλλον,
3003 2196 3089 2257 οἶς
3146 2198 3222 2267 τῷ
3267 2189 3627 2273 φιλανθρώπῳ
3681 2192 3781 2258 τὴν

2129 2278 2258 2356 πρὸς
2321 2280 2411 2335 τὸν
2461 2277 2825 2360 φιλάνθρωπον
2869 2279 3134 2339 εὐσέϐειαν
3190 2279 3590 2343 ἐπιδείκνυνται.
3650 2291 3780 2347 Τοῖς

2127 2368 2227 2445 γὰρ
2286 2366 2648 2448 ἀφῃρημένοις
2710 2376 2885 2427 πᾶσαν
2949 2368 3131 2427 ἐλπίδα
3193 2375 3337 2442 ζωῆς
3395 2371 3604 2450 μεγέθει
3672 2375 3780 2426 τῶν

2128 2453 2618 2532 πλημμεληθέντων
2676 2462 2882 2539 αὐτοῖς,
2952 2461 3075 2523 τοὺς
3131 2459 3229 2528 τῆς
3279 2459 3419 2524 θείας
3462 2462 3549 2516 καὶ
3605 2459 3779 2537 μεγά-

2128 2542 2229 2610 λης
2280 2542 2598 2612 Ἐκκλησίας
2642 2544 2852 2613 ἤνοιξαν
2908 2545 3213 2629 περιϐόλους
3248 2566 3264 2582 ⁸
3323 2550 3397 2603 ὧν
3440 2549 3484 2604 εί
3529 2548 3777 2629 φθάσαιεν

2127 2635 2271 2699 ἐντὸς
2299 2633 2536 2712 γενέσθαι
2565 2634 2726 2712 τινὲς,
2759 2637 2936 2705 πάσης
2966 2636 3179 2718 ἀφιᾶσιν
3209 2639 3390 2704 αὐτοὺς
3437 2636 3637 2718 ὶνοχῆς
3680 2635 3779 2693 καὶ

2124 2723 2435 2797 κακώσεως,
2467 2724 2566 2791 τὴν
2620 2726 2693 2787 εἰς
2741 2727 2802 2782 τὸ
2852 2727 2989 2806 ἱερὸν
3045 2728 3217 2783 αὐτῶν
3278 2725 3453 2807 ἄφιξιν
3509 2728 3605 2784 οὒκ
3658 2723 3779 2782 ἄνευ

2130 2812 2269 2875 θείας
2340 2813 2583 2891 προνοίας
2666 2814 2753 2870 καὶ
2845 2815 3109 2894 σωτηρίας
3182 2816 3451 2895 κρίναντες
3520 2816 3775 2894 γίνεσθαι.

2131 2900 2281 2958 Οὕτω
2305 2899 2370 2970 δὴ
2412 2900 2524 2974 οὖν,
2568 2904 2657 2960 καὶ
2699 2902 2753 2959 εἴ
2780 2925 2918 2969 τινες
2945 2911 3052 2961 τῶν
3098 2906 3394 2984 ἱερωμένων
3447 2907 3521 2969 εἷς
3563 2906 3624 2962 τὸ
3676 2906 3778 2970 τῆς

378 2988 750 3062 statuissent.
784 2997 994 3060 Itidem
1019 2997 1191 3077 siqui
1228 2988 1403 3060 etiam
1457 3003 1798 3063 sacerdotes
1819 3002 1891 3064 ad
1924 3003 2044 3083 pia-

2136 2988 2465 3083 ἆνδροςρονίας
2508 2991 2863 3083 ἐκκυλισθεϊεν
2913 3000 3100 3074 μῦσος,
3144 2988 3257 3051 ἐπεὶ
3312 2995 3433 3059 ναὸς
3495 2996 3626 3051 Θεοῦ
3677 2996 3777 3051 εἱσι

384 3088 585 3150 culnm
616 3086 795 3161 caedis
815 3087 1247 3149 admittendum
1284 3089 1543 3169 prolapsi
1580 3090 1825 3164 fuerint,
1859 3111 2045 3173 quan-

384 3176 708 3258 doquidem
739 3176 996 3257 quodam
1021 3176 1197 3238 modo
1220 3178 1329 3239 Dei
1353 3180 1640 3257 templum
1675 3181 2042 3256 sunt,eidem

382 3265 758 3328 consecrati:
794 3263 1116 3327 sacerdotii
1169 3265 1352 3345 gradu
1398 3267 1641 3346 dejecti,
1673 3268 1959 3331 laicorum
1983 3270 2043 3333 in

382 3354 998 3435 turba,exploratione
1016 3354 2043 3439 interveniente,degent,quousque

382 3462 447 3506 se
506 3445 685 3525 hujus
732 3443 865 3506 vitm
909 3443 1162 3524 spatium
1223 3444 1511 3526 porrigit;
1565 3465 1680 3527 qua
1736 3447 2042 3527 dignitatis

380 3533 727 3610 amissione,
748 3534 890 3596 satis
914 3552 1150 3612 gravem
1181 3534 1360 3596 caedis
1393 3535 1787 3615 expiationem
1822 3555 2041 3600 conse-

383 3631 669 3705 quuntur.
717 3623 978 3687 Proinde
1028 3630 1086 3685 et
1127 3620 1523 3703 Sempronius
1578 3624 1695 3700 hic,
1733 3646 1803 3688 ex
1833 3627 2043 3688 ordine

380 3714 781 3791 sacerdotum,
817 3731 953 3776 cum
983 3712 1139 3773 intra
1171 3731 1343 3775 sacra
1374 3713 1655 3776 Ecclesiae
1672 3725 1839 3796 septa
1867 3735 1931 3778 se
1949 3734 2038 3777 re-

381 3802 682 3884 cepisset;
712 3803 1020 3868 confessus
1082 3810 1173 3863 est
1228 3820 1293 3862 se
1342 3802 1467 3864 suis
1504 3811 1808 3865 auctorem
1859 3805 2043 3868 fuisse

378 3890 518 3955 filiis
540 3900 607 3954 ut
636 3910 771 3954 cum
802 3890 929 3971 agri
977 3890 1068 3953 sui
1122 3890 1355 3972 reliqua
1418 3892 1799 3956 multitudine
1831 3913 2041 3975 perge-

375 3989 793 4062 rent,eamque
813 3981 875 4043 in
889 3980 2041 4062 perpetrandaChalceopuliCatacalonis

378 4068 544 4132 caede
564 4070 865 4150 juvarent.
896 4068 1028 4142 Qua
1050 4069 1429 4133 confessione
1448 4071 1620 4146 facta,
1655 4073 1918 4151 catalogo
1943 4092 2041 4134 sa-

381 4158 848 4234 cro,secundum
873 4158 1107 4220 divinos
1129 4159 1496 4234 canones,ob
1516 4159 1585 4221 ad
1596 4160 1841 4223 missum
1861 4163 2042 4224 caedis

376 4246 1028 4327 piaculum.excidit.Ut
1041 4255 1235 4311 autem
1253 4248 2031 4325 lihermaneat,etintactus,

377 4344 438 4398 et
468 4336 790 4399 vexationis
820 4354 1058 4418 expers,
1086 4345 1439 4418 praesentem
1462 4338 1616 4399 hanc
1647 4338 2036 4419 depositionis

2126 3080 2320 3158 τρόπον
2350 3081 2489 3162 τινὰ,
2533 3081 2933 3162 καθιερωθέντες
3005 3083 3147 3158 αὖτῷ
3179 3099 3194 3112 ⁶
3250 3086 3338 3140 τοζ
3395 3088 3495 3151 τῆς
3552 3084 3775 3156 ἱερωσύ-

2126 3191 2223 3235 νης
2280 3170 2484 3246 βαθμοῦ
2547 3171 2925 3250 καταγόμενοι,
2995 3169 3321 3230 διατελοῦσιν
3395 3176 3470 3237 εἰς
3536 3175 3597 3230 τὸ
3667 3173 3773 3229 τῶν

2126 3256 2333 3315 λα’ίκῶν
2391 3256 2749 3334 ἐξεταζόμενοι
2793 3258 3019 3341 πλῆθος,
3080 3261 3273 3343 μέχρις
3319 3261 3381 3319 ἂν
3431 3265 3467 3332 ἡ
3538 3269 3777 3342 παροῦσα

2124 3348 2329 3412 τούτοις
2412 3348 2758 3428 ἐπιμετρῆται
2840 3350 2976 3425 ζωὴ,
3062 3351 3252 3431 ἀρκοῦν
3346 3351 3601 3428 ὶξίλασμα
3682 3360 3776 3410 τοῦ

2125 3441 2284 3519 φόνου
2362 3440 2464 3508 τὴν
2545 3443 2792 3509 τοιαύτην
2875 3442 3138 3501 ἔκπτωσιν
3195 3443 3435 3525 ἔχοντες.
3505 3445 3775 3504 Ἐντεῦθεν

2123 3531 2269 3587 καὶὸ
2299 3528 2448 3587 δεῖνα
2497 3532 2682 3610 ἱερεὺς,
2744 3538 2851 3588 τῶν
2893 3535 3045 3612 ἱερῶν
3100 3538 3198 3601 τῆς
3257 3531 3576 3602 Ἐκκλησίας
3618 3556 3774 3615 περι-

2124 3617 2296 3676 ϐόλων
2366 3618 2510 3677 ἔνδον
2577 3622 2882 3700 γενόμενος,
2967 3622 3297 3703 ἐξηγόρευσε,
3376 3625 3496 3688 τοὺς
3555 3626 3772 3688 οἰκείους

2123 3711 2263 3775 υἱοὺς
2292 3710 2685 3790 προτρέψασθαι
2744 3711 3088 3771 συπανελθετν
3132 3720 3208 3788 τῷ
3249 3712 3422 3789 λοιπῷ
3457 3712 3628 3791 ὁμίλῳ
3680 3721 3772 3770 106

2124 3800 2323 3879 χωρίου
2354 3802 2547 3875 αὐτῶν,
2606 3801 2693 3857 καὶ
2741 3806 3060 3881 συνεργῆσαι
3108 3804 3181 3866 εἰς
3232 3805 3321 3858 τὸν
3376 3809 3467 3861 τοῦ
3523 3801 3770 3859 Χαλκεωο

2123 3887 2321 3945 πούλου
2380 3888 2702 3946 Κατακαλὼν
2760 3890 2939 3970 φόνον.
2998 3898 3173 3949 Ταῦτα
3243 3890 3606 3971 ἐξαγορεύσας,
3677 3898 3771 3948 τοῦ

2123 3980 2261 4057 ἱεροῦ
2310 3976 2627 4057 καταλόγου,
2690 3980 2826 4035 κατὰ
2880 3980 3002 4044 τοὺς
3056 3981 3222 4045 θείους
3277 3983 3523 4054 κανόνας,
3583 3978 3667 4036 διὰ
3709 3983 3770 4037 τὸ

2122 4068 2340 4145 γεγονὸς
2376 4077 2470 4127 τοῦ
2524 4068 2683 4149 φόνου
2731 4070 2916 4144 μύσος,
2977 4067 3217 4135 ἐξέπεσεν
3250 4086 3263 4099 ·
3311 4069 3448 4127 ὥστε
3489 4067 3544 4126 δὲ
3586 4069 3768 4127 ἄνετον

2123 4153 2299 4216 μένειν
2376 4155 2556 4229 αὐτὸν,
2620 4154 2886 4237 ἀνέπαφόν
2943 4179 3021 4228 τε,
3082 4160 3169 4215 καὶ
3235 4158 3646 4232 ἀνεπηρέαστον,
3707 4160 3769 4215 τὸ

2122 4245 2289 4323 παρὸν
2371 4246 2729 4323 καθαιρετικὸν
2812 4244 3026 4325 γρέμμα
3108 4253 3367 4327 γραφῆναι
3461 4249 3549 4304 καὶ
3629 4249 3765 4303 61:0-

2119 4337 2383 4413 γραφῆναι
2467 4332 2890 4413 προετρέψαμεν.
2980 4337 3117 4403 Μηνῖ
3201 4335 3422 4412 Ἰουλίῳ,
3515 4336 3769 4412 ἐπινεμή-

376 4425 734 4517 scripturam
794 4411 1013 4517 litteris
1044 4411 1357 4517 mandari,
1392 4435 1448 4488 et
1477 4411 1773 4490 subscribi
1800 4430 2251 4517 curavi-Daem:
2284 4411 2379 4498 ιβ’.

375 4532 535 4579 mus.
566 4515 700 4580 Dat.
736 4516 813 4583 M.
843 4515 1025 4591 Julia,
1060 4515 1270 4579 indict.
1301 4533 1411 4579 ΧΠ.

728 4656 745 4670 ι
834 4618 1147 4685 JOANNIS
1188 4618 1572 4686 XIPHILINI.

372 4729 739 4811 Exemplum
797 4729 1021 4811 decreti
1104 4732 1477 4793 sanctissimi
1532 4740 1617 4793 et'
1666 4734 2038 4798 universalis

451 4810 846 4891 patriarcha,
931 4810 1172 4872 domini
1232 4813 1495 4873 Joannis
1553 4812 1633 4873 ad
1711 4816 2037 4892 quemdam

450 4892 1016 4972 metropolitanum,
1095 4892 1171 4954 de
1240 4895 1469 4972 nuptiis
1513 4892 1861 4971 prohibitis,
1926 4898 2033 4957 lit-

453 4972 598 5114 :celris
653 4971 962 5035 mandatis
1004 4991 1042 5031 a
1087 4971 1614 5035 Niccta’diacono
1660 4982 1719 5034 et
1779 4974 2030 5038 chartu-

520 5070 639 5114 rio.

520 5070 639 5115 1'20.

454 5152 624 5225 Quod
651 5152 889 5215 illicitas
908 5154 999 5215 vel
1024 5153 1353 5234 prohibitas
1376 5154 1617 5233 nuptias
1640 5155 1873 5230 attinet,
1900 5176 2033 5220 esse

371 5258 661 5324 personas
692 5244 977 5323 quasdam
1002 5242 1226 5305 diserte
1246 5242 1359 5323 piis
1381 5251 1440 5304 et
1470 5243 1873 5324 imperatoriis
1892 5245 2035 5323 legi-

2494 4627 2790 4676 ιΩΑΝΝΟΥ
2837 4627 2965 4677 ΤΟΥ
3007 4622 3383 4682 ΞΙΦΙΛΙΝΟΥ.

2126 4740 2152 4777 ι
2201 4722 2554 4799 Ψηφίσματος
2618 4719 2738 4777 ἴσον
2810 4728 2901 4779 τοῦ
2969 4722 3265 4800 ἀγιωτάτου
3319 4725 3407 4780 καὶ
3463 4724 3765 4800 οἰκουμενι-

2199 4808 2294 4858 κοῦ
2390 4801 2742 4882 πατριάρχου,
2826 4803 3025 4882 κυρίου,
3085 4802 3351 4876 Ἰωάννου,
3436 4803 3567 4882 πρός
3648 4826 3768 4862 τινα

2201 4880 2621 4962 μητροπολίτην,
2684 4882 2801 4962 περὶ
2874 4881 3256 4962 κεκωλυμένων
3326 4880 3532 4962 γάμων,
3609 4885 3764 4944 ἐκτε-

2194 4960 2371 5048 θέντος
2456 4962 2598 5041 παρὰ
2682 4960 2886 5033 Νικήτα
2986 4961 3226 5022 διακόνου
3332 4960 3419 5021 καὶ
3501 4966 3769 5048 χαρτοφύ·

2195 5041 2382 5105 λακος.
2434 5064 2462 5097 ι

2201 5150 2332 5218 ςὈτι
2375 5161 2472 5236 μὲν
2523 5159 2609 5217 ἐπὶ
2664 5166 2766 5218 τῶν
2812 5162 3071 5238 ἀθεμίτων
3127 5162 3164 5231 ἢ
3220 5161 3603 5239 κεκωλυμένων
3657 5163 3764 5241 γά-

2114 5272 2253 5326 μων,
2324 5250 2440 5305 τινὰ
2507 5250 2766 5329 πρόσωπα
2847 5264 2962 5317 τοῖς
3039 5252 3272 5310 εὗσεϐέσι
3338 5255 3416 5310 ’.αὶ
3466 5250 3767 5331 βασιλικοῖς

372 5331 486 5394 bus
520 5349 992 5414 expressas,quae
1009 5331 1070 5393 in
1094 5331 1515 5394 contrahendis
1540 5334 1935 5396 matrimoniis
1954 5336 2028 5397 ad

2136 5340 2296 5415 νόμοις
2337 5338 2555 5417 ὥρισται
2610 5340 2785 5418 ῥητῶς
2840 5343 2926 5398 ἐπὶ
2978 5341 3404 5421 συναλλάγμασιν
3457 5342 3588 5399 ἰέναι
3644 5365 3761 5398 κω-

372 5422 712 5502 nuptiarum
745 5422 1067 5484 coitionem
1101 5421 1347 5483 tendere
1379 5421 1809 5503 prohibeantur
1839 5443 2024 5505 prep-

2136 5429 2339 5505 ,υόμενα
2392 5429 2524 5507 πρὸς
2581 5430 2751 5507 γάμον
2821 5430 2959 5496 ὅλως
3015 5432 3385 5508 συνάπτεσθαι,
3443 5430 3528 5491 διὰ
3567 5432 3628 5488 τὸ
3671 5442 3767 5492 τοῦ

369 5518 559 5587 terea,
586 5510 748 5592 quod
802 5511 971 5574 nefas
1019 5510 1330 5572 admittant
1364 5529 1377 5573 :
1411 5511 1672 5593 itemque
1705 5514 2023 5575 nonnullas

2136 5519 2420 5598 πράγματος
2472 5517 2718 5593 ἀθέμιτον
2758 5520 2773 5552 ⁵
2820 5521 2916 5577 εἶσὶ
2973 5519 3027 5577 δέ
3068 5542 3184 5577 τινα
3243 5519 3478 5598 μηδεμιᾷ
3534 5518 3762 5578 κωλύσει

365 5618 520 5677 esse,
555 5618 688 5682 quae
716 5600 881 5664 nulla
912 5599 1318 5688 prohibitione
1365 5608 1779 5677 coerceantur,
1813 5603 1916 5665 sed
1949 5603 2013 5666 in

2136 5607 2444 5687 ποκείμενα,
2488 5605 2604 5663 ἀλλ’
2662 5606 2845 5666 ἄνετον
2886 5608 3084 5688 ἔχοντα
3126 5612 3188 5667 τὸ
3244 5610 3453 5687 θέλημα
3503 5611 3588 5668 ἐπὶ
3631 5633 3761 5667 συν-

363 5689 789 5754 contrahendis
847 5689 1068 5772 nuptiis
1098 5686 1354 5751 liberum
1385 5689 1647 5754 habeant
1671 5690 2007 5771 arbitrium,

2136 5688 2397 5775 λλάγματι
2430 5686 2686 5778 γαμικῷ,
2736 5697 2820 5756 διὰ
2857 5686 2953 5757 τὸη
2974 5698 3245 5759 ἀκώλυτον
3307 5686 3407 5769 τῆς
3465 5700 3703 5783 πράξεως
3740 5711 3756 5727 ⁸
