4130 6428
377 365 497 432 857

1725 364 2291 436 GR/ECO-ROMAN
2301 372 2431 433 UM.

3658 359 3780 429 858

379 507 477 563 οὒκ
505 506 666 582 οἶμαί
693 528 749 563 σε
783 506 1021 586 ἀγνοεῖν,
1075 507 1464 588 θεοφιλέστατε.
1529 497 1698 566 ΗΕνθα
1753 506 1806 563 δὲ
1867 508 2021 585 ρητῶε

2126 500 2280 578 quod
2306 520 2402 563 res
2434 502 2682 566 minime
2697 505 2873 566 vetita
2894 503 2973 566 sit
2999 521 3012 566 :
3040 501 3318 584 equidem
3343 498 3524 566 te.vir
3546 496 3781 576 religio-

380 617 430 652 τι
464 595 542 671 μὴ
575 595 909 674 διηγόρευται
940 610 1059 661 τοῖς
1104 599 1287 672 νόμοις
1311 599 1400 654 καὶ
1455 611 1576 662 τοῖς
1628 597 1784 660 θείοις
1827 596 2034 674 κανόσι,

383 682 632 753 συνοδικῆ
663 684 753 742 διὰ
794 687 889 752 τὰς
948 700 1199 767 συνεχεῖς
1257 687 1541 765 ἐρωτήσεις
1612 687 1884 761 οἰκονομία
1953 684 2037 741 ἐπὶ

380 783 475 834 τοῦ
525 781 817 855 μακαρίτου
874 775 1235 856 πάτριάρχου,
1300 777 1477 853 κυρίου
1545 775 1797 850 Ἀλεξίου,
1846 773 2036 854 γέγρα-

380 886 507 920 πται
556 879 571 894 ’
616 864 851 922 τυποῦσα
882 866 942 921 τὸ
985 865 1204 946 ὀφεῖλον
1233 864 1286 922 ὲν
1341 878 1462 929 τοῖς
1499 865 1757 928 τοιούτοις
1807 861 2033 943 προϐαι-

377 974 508 1033 νειν,
568 945 729 1032 ἤγουν
789 945 1039 1033 ἔνθαπερ
1079 952 1302 1030 ἕϐδομος
1388 954 1486 1022 τῆς
1556 954 1856 1033 συγγενείας
1928 951 2038 1010 ἐστὶ

373 1041 576 1118 βαθμός
612 1061 628 1076 ·
663 1045 752 1099 καὶ
785 1041 1043 1118 δηλοῦσα,
1090 1046 1162 1108 ὡς
1195 1047 1238 1100 εἰ
1271 1044 1368 1121 μὲν
1425 1043 1666 1124 ἐρωτηθῇ
1719 1045 1782 1100 τὸ
1851 1051 2033 1102 τοιοῦ-

369 1153 460 1188 τον
490 1134 592 1211 πρὸ
643 1138 742 1200 τῆς
803 1131 1110 1196 αὑτοθελοῦς
1181 1133 1418 1214 πράξεως
1502 1135 1590 1190 καὶ
1631 1139 1722 1190 τοῦ
1783 1130 2037 1190 ἀποτελέ-

371 1243 597 1296 σματος,
634 1221 923 1279 κωλύεσθαι
958 1238 972 1252 ⁸
1021 1224 1064 1278 εἰ
1094 1221 1148 1280 δὲ
1178 1221 1325 1282 λάθοι
1385 1225 1459 1288 ὡς
1504 1223 1875 1302 ἀγνοούμενον,
1945 1222 2032 1277 καὶ

371 1309 776 1391 ἀποτελεσθείη,
822 1312 996 1386 μένειν
1042 1311 1137 1387 μὲν
1200 1309 1488 1391 ἀδιαίρετον
1536 1329 1550 1344 ’
1610 1313 1919 1368 ὑποκεῖσθαι
1975 1306 2030 1364 δὲ

373 1399 496 1464 τοὺς
553 1399 906 1479 συναφθέντας
963 1399 1272 1476 ἐπιτιμίοις,
1305 1402 1478 1466 καθὼς
1535 1398 1597 1458 ἂν
1642 1402 1670 1456 6
1732 1405 1824 1456 τοῦ
1865 1398 2029 1455 τόπου

377 1486 556 1566 συνίδῃ
590 1488 900 1552 ἐπίσκοπος.

454 1754 602 1814 Ἐπεὶ
629 1755 832 1813 οὖνκαὶ
885 1758 1046 1832 ἡμεῖς
1093 1757 1447 1837 ἡρωτήθημεν
1503 1757 1646 1835 παρά
1718 1777 1855 1820 τινος
1924 1758 2030 1809 τῶν

2122 589 2378 674 sissime,
2428 611 2544 655 non
2590 595 2871 674 ignorare
2919 592 3199 655 arbitror.
3237 589 3303 652 In
3335 588 3550 671 quibus
3579 595 3777 650 autem

2120 679 2358 744 casibus
2389 681 2534 744 nihil
2570 683 2792 746 diserte
2821 681 3054 763 legibus
3103 689 3162 743 et
3211 678 3538 742 canonibus
3591 675 3778 738 sacris

2121 786 2464 849 expressum
2498 782 2606 846 est,
2640 773 2717 834 de
2747 772 2820 833 iis
2851 770 3180 834 consilium
3213 768 3561 850 syrodicnm
3593 765 3667 827 ob
3688 765 3778 827 in-

2119 862 2558 939 terrogationes
2580 863 2894 925 continuas
2919 869 3186 942 tempore
3199 859 3387 923 felicis
3403 855 3773 919 recordatio-

2119 947 2213 1010 nis
2245 949 2613 1028 patriarchae,
2668 950 2894 1011 domini
2943 950 3154 1021 Alexii,
3205 947 3597 1029 perscriptum
3630 954 3719 1005 est
3753 964 3770 1021 ;

2120 1038 2276 1118 quod
2306 1039 2516 1114 sancit,
2553 1041 2692 1122 quid
2724 1041 2786 1101 in
2817 1039 3032 1102 talibus
3062 1039 3258 1101 locum
3285 1036 3508 1099 habere
3533 1033 3769 1097 debeat.

2117 1125 2393 1190 videlicet
2424 1129 2524 1190 ubi
2559 1129 2853 1210 septimus
2883 1127 3251 1208 cognationis
3281 1125 3497 1206 gradus
3544 1131 3634 1185 est
3667 1140 3680 1185 :
3717 1132 3775 1184 et

2114 1213 2430 1297 significat,
2467 1218 2516 1278 si
2545 1218 2619 1280 de
2667 1217 2766 1279 tali
2819 1218 3197 1280 matrimonio
3237 1215 3581 1278 consulatur
3634 1219 3772 1274 ante

2112 1321 2240 1364 rem
2273 1315 2483 1386 sponte
2518 1315 2809 1389 peractam
2845 1315 2904 1369 et
2936 1307 3264 1388 impletam,
3301 1302 3645 1386 prohiberi:
3675 1300 3768 1362 sin

2113 1393 2288 1455 tacite
2337 1397 2504 1476 quasi
2558 1415 2663 1477 per
2704 1396 3135 1474 ignorationem
3199 1394 3532 1458 absolutum
3564 1390 3765 1470 fuerit,

2111 1480 2476 1564 indireptum
2511 1485 2752 1566 quidem
2778 1504 3059 1548 manere:
3095 1483 3202 1546 sed
3232 1482 3538 1564 copulatas
3570 1498 3772 1561 perso-

2112 1589 2218 1632 nas
2246 1575 2436 1652 pmnis
2468 1575 2754 1639 obnoxias
2801 1593 2960 1650 esse,
3012 1582 3186 1656 prout
3231 1572 3511 1655 episcopo
3542 1569 3658 1632 loci
3679 1569 3768 1630 vi-

2113 1677 2243 1721 snm
2276 1663 2477 1728 fuerit.

2195 1750 2483 1823 Quoniam
2518 1774 2659 1835 ergo
2691 1774 2797 1816 nos
2831 1756 3004 1816 etiam
3039 1752 3292 1814 consulti
3323 1768 3580 1814 sumusa
3613 1767 3765 1831 quo-

373 1849 430 1904 ἓν
471 1853 541 1923 τῇ
568 1847 669 1902 ὑπὸ
712 1846 772 1902 σὲ
842 1846 1016 1925 ἒνορία
1059 1849 1133 1910 ὡς
1191 1848 1219 1903 6
1278 1847 1538 1925 Γεώργιος
1608 1849 1696 1902 καὶ
1737 1847 1771 1912 ἡ
1832 1844 2021 1922 Μαρία,

2113 1838 2247 1902 dam
2272 1842 2354 1903 tui
2386 1844 2692 1918 territorii,
2725 1852 3026 1916 narrante,
3059 1842 3382 1919 Georgium
3406 1849 3463 1902 et
3492 1839 3759 1912 Mariam,

373 1934 587 2015 ἀοελφοὶ
630 1933 802 2010 ὄντες,
835 1935 1015 1992 ἔτεκον
1049 1957 1063 1970 ο
1097 1939 1125 1992 6
1185 1935 1304 2011 μὲν,
1363 1936 1458 2002 τὴν
1519 1937 1745 2014 Εἰρήνην
1781 1953 1796 1970 ⁶
1869 1935 1904 2000 ἡ
1947 1930 2024 2011 δὲ,

371 2027 466 2082 τὸν
495 2023 766 2082 Βασίλειον
814 2040 827 2053 ⁸
864 2027 892 2080 6
922 2022 976 2080 δὲ
1008 2022 1282 2089 Βασίλειος
1325 2024 1575 2103 ἐγέννησε
1629 2025 1727 2090 τὴν
1775 2030 1974 2102 Μαρίαν
2009 2037 2022 2050 ⁸

375 2118 476 2180 τῆς
519 2111 572 2169 δὲ
644 2113 874 2192 Εἰρήνης
943 2117 1020 2186 τῷ
1061 2111 1357 2192 Ἐπιφανίῳ
1425 2113 1792 2193 συναφθείσης,
1837 2109 2026 2187 βούλε-

373 2225 462 2260 ται
493 2205 520 2259 6
566 2209 658 2259 τοῦ
729 2200 1041 2283 Ἐπιφανίου
1097 2200 1414 2282 αὑτάδελφος
1467 2202 1568 2268 τὴν
1615 2203 1816 2280 Μάριαν
1885 2199 2026 2278 ἀγα-

372 2293 552 2371 γέσθαι
585 2311 600 2326 ⁸
648 2292 1030 2372 ἀπεφηνάμεθα
1098 2289 1184 2346 διὰ
1241 2297 1474 2372 γραφῆς,
1547 2294 1620 2354 ὡς
1680 2291 1770 2348 οὒκ
1828 2289 2024 2355 ἔξεστιν

372 2383 518 2457 αὑτῷ
545 2381 798 2449 ένωθῆναι
856 2385 990 2458 αὑτῇ
1048 2379 1130 2439 διὰ
1213 2383 1304 2437 τὸν
1374 2388 1466 2437 τοῦ
1524 2380 1858 2461 Ἐπιφανίουξ
1890 2381 2024 2456 μετὰ

371 2475 470 2540 τῆς
514 2473 726 2551 εἰρήνης
754 2475 855 2538 τῆς
901 2470 1042 2534 θείας
1114 2474 1277 2538 αὑτῆς
1336 2468 1440 2537 ἤδη
1512 2469 1872 2549 γεγενημένον
1914 2471 2020 2548 γά-

368 2585 494 2637 μον.
526 2562 625 2619 Καὶ
652 2559 790 2617 οὕτω
846 2559 942 2636 μὲν
984 2560 1327 2640 ἀνεχαιτίσθη
1387 2567 1679 2626 τηνικαῦτα
1721 2562 1756 2628 ἡ
1805 2560 2024 2627 τοιαύτη

370 2657 478 2708 τῶυ
534 2649 827 2730 εἰρημένων
882 2650 1180 2730 προσώπων
1265 2647 1477 2712 ἕνωσις.
1537 2649 1766 2727 Θάτερόν
1824 2671 1882 2728 γε
1916 2650 2025 2724 μὴν

369 2745 478 2796 τῶν
561 2745 756 2818 μερῶν.
818 2737 1039 2795 σπεῦδον
1106 2738 1192 2794 ἐπὶ
1249 2738 1346 2805 τὴν
1430 2737 1524 2794 τοῦ
1581 2737 2023 2816 συναλλάγματος

372 2829 659 2908 ἐνέργειαν,
693 2835 786 2884 τοῦ
867 2835 1116 2907 κραταιοῦ
1167 2829 1254 2883 καὶ
1336 2829 1486 2906 ἁγίο)
1554 2830 1708 2903 ἡμῶν
1765 2826 2022 2904 βασιλέως

372 2917 585 2994 ἐδεήθη,
631 2921 705 2982 ὡς
756 2919 817 2974 ἃν
881 2921 909 2974 ὁ
952 2916 1277 2997 λογιώτατος
1323 2915 1618 2998 νομοφύλαξ
1673 2918 1825 2996 κρίνῃ
1908 2917 2027 2990 περὶ

2111 1929 2213 2009 qui
2245 1929 2456 1994 fratres
2485 1934 2884 2008 essent,illum
2918 1933 3156 2014 quidem
3175 1931 3595 2004 Irenam,hanc
3619 1945 3759 1990 vero

2111 2020 2390 2082 Basilium
2427 2041 2798 2102 procreasse,
2834 2041 2902 2084 ex
2936 2041 3052 2102 quo
3084 2020 3264 2084 Maria
3321 2027 3456 2081 nata
3486 2019 3585 2094 sit,
3619 2016 3761 2077 hinc

2111 2107 2283 2170 Irena
2307 2109 2636 2192 Epiphanio
2663 2111 3052 2193 juncta,velle
3072 2127 3422 2190 germanum
3446 2105 3757 2187 Epiphanii

2111 2199 2378 2279 fratrem,
2416 2202 2653 2263 Mariam
2684 2220 2927 2263 uxorem
2971 2200 3231 2262 ducere:
3265 2217 3373 2279 per
3401 2197 3759 2277 scripturam

2109 2289 2640 2366 pronuntiavimus,
2679 2311 2796 2352 non
2824 2291 2878 2350 ei
2909 2290 2995 2350 fas
3035 2308 3167 2351 esse
3217 2287 3484 2369 copulari
3533 2285 3754 2358 Mariae,

2109 2387 2356 2456 propter
2374 2381 2496 2460 jam
2532 2389 2862 2442 contractas
2894 2379 3208 2460 Epiphanii
3233 2396 3368 2439 cum
3400 2375 3594 2446 Irena,
3631 2375 3762 2453 ejus

2104 2467 2303 2543 amita,
2339 2469 2594 2550 nuptias.
2630 2472 2825 2551 Atque
2855 2471 2934 2531 ita
2963 2479 3104 2531 tunc
3149 2466 3432 2548 impedita
3481 2464 3592 2525 fuit
3635 2465 3764 2544 ejus

2111 2556 2273 2618 modi
2323 2557 2613 2621 dictarum
2667 2578 3052 2639 personarum
3115 2557 3478 2636 conjunctio.
3538 2551 3760 2615 Verum

2108 2654 2362 2727 utraque
2393 2667 2528 2728 pars
2557 2667 2800 2729 operam
2851 2649 3000 2710 dans
3046 2655 3106 2708 ut
3161 2652 3501 2708 contractus
3558 2641 3758 2723 reipsa

2108 2737 2478 2810 succederet,
2492 2738 2838 2819 praepotenti
2859 2756 2925 2799 ac
2950 2744 3153 2799 sancto
3175 2732 3520 2815 imperatori
3553 2740 3754 2793 nostro

2109 2825 2580 2907 precesfobtulit,
2615 2826 2830 2907 quibus
2861 2826 3117 2908 petebat,
3145 2833 3207 2885 ut
3227 2822 3610 2886 doctissimus
3641 2840 3752 2882 no-

2108 2914 2417 2994 mophylax
2448 2915 2522 2976 de
2553 2934 2618 2977 re
2648 2924 3058 2995 cognosceret.
3102 2921 3281 2992 atque
3315 2915 3754 2994 pronuntiaret.

373 3008 556 3066 τούτου
586 3009 674 3065 καὶ
705 3008 1029 3087 ψηφίσηται.
1082 3004 1230 3064 Ἀλλ’
1283 3010 1424 3072 αὖθις
1471 3009 1499 3063 6
1556 3005 1830 3063 ἀντιδικῶν
1885 3009 2021 3081 αὑτῷ

2109 2999 2220 3063 Sed
2238 3003 2607 3064 adversarius
2621 3004 2673 3083 ej
2683 3024 2750 3066 us
2771 3003 3032 3065 vicissim
3052 3001 3468 3065 sacratissimae
3488 3001 3761 3080 majesta-

371 3095 550 3164 δέησιν
629 3104 706 3172 τῷ
760 3097 1014 3172 θειοτάτῳ
1069 3097 1246 3176 κράτει
1327 3097 1826 3172 ἒπανατεινάμενος,
1883 3097 2019 3158 θείας

2109 3091 2146 3151 ιί
2180 3091 2468 3172 porrectis
2501 3094 2797 3173 precibus,
2831 3093 3186 3174 rescriptum
3216 3109 3449 3153 sacrum
3473 3090 3754 3170 impetra-

369 3186 680 3266 εὔμοίρησεν
739 3187 1094 3266 ἀντιγραφῆς,
1141 3185 1306 3248 οὕτως
1378 3184 1613 3265 ἐχούσης
1651 3203 1665 3222 ·
1710 3187 1781 3244 Τὸ
1850 3186 2021 3264 κριθὲν

2109 3181 2206 3261 vit,
2229 3181 2288 3242 in
2323 3189 2674 3244 sententiam
2704 3204 2716 3245 :
2743 3185 2911 3255 Quod
2939 3182 3272 3262 judicatum
3318 3189 3406 3241 est
3435 3199 3468 3243 a
3499 3180 3755 3241 maxime

366 3275 508 3356 παρὰ
547 3276 641 3333 τοῦ
683 3276 1004 3351 τιμιωτάτου
1076 3273 1505 3355 χαρτοφύλακος,
1562 3277 1650 3331 καὶ
1705 3273 1907 3350 μᾶλλον
1937 3273 2021 3330 ἐπὶ

2109 3271 2428 3332 venerabili
2457 3272 2856 3344 Chai-tulario,
2893 3291 3029 3332 cum
3072 3271 3256 3348 magis
3281 3269 3480 3331 tendat
3510 3268 3582 3330 ad
3615 3287 3754 3350 pro-

366 3364 649 3429 κωλύσεως
705 3366 900 3444 γάμου,
961 3363 1099 3420 οὕτω
1149 3377 1322 3440 μενεῖ,
1411 3363 1589 3443 ὥσπερ
1648 3365 1846 3443 ἐκρίθη.
1911 3367 2021 3431 Τὴν

2109 3359 2455 3421 hibitionem
2489 3361 2872 3434 matrimonii,
2900 3361 2986 3422 sic
3024 3359 3398 3432 manebit,uti
3421 3358 3753 3439 judicatum

364 3457 611 3523 τοιαύτην
669 3456 757 3513 οἶν
815 3453 1072 3520 δεξάνενοι
1132 3455 1479 3535 ἀντιγραφὴν,
1568 3453 1829 3530 δηλοῦμεν
1909 3479 2014 3534 σοι,

2109 3458 2213 3512 est.
2243 3449 2423 3526 Igitur
2452 3459 2697 3531 accepto
2734 3451 3073 3532 hujusmodi
3107 3451 3419 3530 rescripto,
3450 3447 3755 3527 signiﬁca-

366 3546 395 3602 ὃ
422 3545 790 3624 καὶπρότερον
845 3543 930 3600 ἐπὶ
972 3544 1068 3612 τῆς
1131 3545 1384 3611 τοιαύτης
1447 3543 1744 3608 ὑποθέσεως
1818 3543 2018 3622 ἐρωτη-

2109 3557 2232 3598 mus
2263 3539 2392 3615 tibi,
2427 3540 2610 3620 ιιυοάζ
2619 3539 2798 3603 etiam
2841 3540 3006 3620 prius
3053 3541 3114 3601 in
3160 3539 3258 3601 tali
3289 3557 3466 3600 causa
3497 3538 3756 3599 consulti

364 3633 538 3697 θέντες
567 3631 942 3708 δεδηλώκαμεν
974 3649 988 3664 ⁶
1022 3633 1160 3690 ὥστε
1218 3634 1296 3708 μὴ
1369 3633 1586 3712 ἐξεῖναι,
1659 3634 1748 3689 τὸν
1795 3633 2017 3712 Μιχαὴλ

2109 3628 2563 3706 significavimus
2591 3651 2603 3692 :
2633 3649 2751 3690 non
2784 3647 2916 3692 esse
2946 3630 3052 3695 fas.
3088 3637 3148 3690 ut
3197 3627 3471 3691 Michaeli
3504 3629 3748 3690 Mariam

365 3723 538 3797 ἑαυτῷ
556 3723 650 3790 τὴν
696 3723 896 3797 Μαρίαν
925 3722 1332 3794 συνοικίσασθαι,
1406 3721 1490 3778 διὰ
1548 3723 1635 3778 τὸν
1709 3731 1798 3780 τοῦ
1857 3721 2015 3778 Ἐπι-

2109 3717 2215 3778 sihi
2249 3718 2524 3797 conjugio
2547 3719 2802 3798 copulet,
2817 3727 3058 3799 propter
3076 3717 3396 3799 Epiphanii
3417 3725 3753 3779 contractas

366 3813 548 3894 φανίου
605 3813 740 3887 μετᾶ
793 3815 894 3877 τῆς
959 3811 1186 3888 Εἰρήνης
1269 3809 1373 3878 ἤδη
1461 3810 1736 3867 ἐκτεθέντα
1817 3812 2013 3888 γάμον,

2109 3806 2216 3883 iam
2241 3825 2378 3868 cum
2411 3805 2582 3868 Irena
2613 3810 2868 3887 nuptias,
2903 3827 3037 3870 cum
3090 3807 3332 3868 nomina
3381 3806 3749 3886 cognationis

1930 3904 2018 3956 καὶ
2101 3895 2574 3959 confundantur:
2605 3897 2782 3978 idque
2804 3897 2891 3957 vel
2925 3897 2981 3957 in
3020 3896 3248 3977 primis.
3275 3895 3601 3958 secundum
3634 3916 3746 3976 gu-

1568 3453 1829 3530 δηλοῦμέν
1909 3479 2014 3534 σοι,

364 3900 740 3982 συγχεομένων
812 3904 918 3956 τῶν
1016 3901 1290 3976 ὸνομπίτων
1369 3905 1468 3967 τῆς
1525 3902 1823 3978 ο·›γγενεία;
1854 3916 1870 3931 ⁶

362 3990 618 4067 μάλιστα,
650 3991 787 4046 κατὰ
819 3992 911 4046 τὸν
967 3998 1058 4048 τοῦ
1113 3991 1364 4070 θεοφόρου
1446 3992 1533 4046 καὶ
1604 3990 1837 4067 μεγάλου
1910 3998 2017 4047 Πα-

359 4082 483 4160 τρὸς
509 4080 782 4137 Βασιλείου
811 4079 970 4160 λόγον
995 4082 1084 4137 καὶ
1113 4079 1254 4159 ὅρον,
1307 4082 1412 4144 Τὰς
1469 4081 1568 4159 γὰρ
1621 4087 1723 4136 τῶν
1780 4077 2016 4161 ἀδελφῶν

361 4171 623 4250 γαμετὰς,
699 4169 839 4226 θείαν
895 4169 1052 4234 οῧσας
1120 4171 1208 4226 καὶ
1264 4171 1647 4248 ἀιιεχιὰν,ςκαὶ
1692 4171 2010 4248 συννύμφας,

364 4258 418 4316 ἐν
467 4259 641 4332 ταύτῳ
697 4256 968 4334 συμϐαίνει
1073 4257 1388 4317 καλεῖσθαι.
1473 4250 1566 4321 (Ως
1647 4258 2012 4333 κεκωλυμένον

365 4346 734 4425 συνάλλαγμα,
768 4344 1035 4426 ἄπρακτον
1092 4345 1382 4422 διαμεῖναι,
1431 4349 1519 4404 καὶ
1591 4346 1725 4421 μηδέ
1794 4350 2010 4426 πρόστιο

368 4459 468 4513 μον
497 4436 556 4493 ἐκ
600 4434 928 4515 παραϐασίας
1000 4437 1380 4502 ἀπαιτηθῆναι.
1455 4436 1604 4494 Οῧτω
1660 4438 1758 4514 γὰρ
1809 4439 1896 4492 καὶ
1927 4436 2013 4492 ὅτε

2101 3984 2330 4047 bernati
2359 3985 2644 4047 divinitus
2673 4005 2740 4047 ac
2775 3986 2969 4065 magni
2998 3986 3182 4066 patris
3214 3985 3414 4047 Basilii
3447 3985 3674 4047 dictum
3692 3993 3748 4046 et

2099 4075 2491 4136 sanctionem.
2557 4075 2783 4155 Quippe.
2843 4075 3086 4136 fratrum
3140 4093 3380 4147 uxores,
3413 4093 3544 4155 quae
3573 4074 3752 4136 amita

2099 4172 2256 4235 sunt,
2291 4173 2348 4226 et
2380 4165 2499 4226 filia
2521 4164 2740 4239 fratris,
2778 4165 2999 4245 pariter
3028 4183 3262 4245 quoque
3285 4165 3516 4225 fratrias
3552 4163 3750 4244 appel-

2099 4254 2206 4314 lari
2264 4254 2572 4333 contingit,
2615 4255 2882 4335 adeoque
2939 4263 3306 4316 contractum
3359 4252 3748 4335 prohibitum,

2097 4342 2380 4404 infectum
2433 4363 2700 4417 manere,
2749 4362 2858 4406 ne:
2906 4361 3140 4425 poenam
3174 4365 3242 4406 ex
3274 4343 3748 4424 transgressione

2099 4441 2335 4512 oportet
2364 4432 2646 4512 exigi.Sic
2677 4433 2834 4494 enim
2868 4441 2921 4494 et
2953 4453 3085 4494 cum
3120 4433 3288 4494 initio
3315 4432 3568 4493 consulti
3594 4433 3744 4492 fuis-

365 4525 641 4605 καταρχὰς
699 4526 1077 4604 ἠρωτήθημεν,
1137 4524 1588 4602 ἀπελογησάμεθα
1622 4542 1636 4559 ⁶
1695 4535 1786 4583 τοῦ
1839 4527 2012 4596 ζητή-

2109 4523 2772 4602 semus,respoudiuius.
2799 4522 3128 4603 quaestione
3157 4532 3297 4584 tunc
3327 4521 3403 4582 ob
3437 4523 3566 4600 ejus
3590 4523 3748 4582 modi

366 4637 530 4693 ματος
559 4614 680 4671 τότε
747 4615 846 4680 τῆς
909 4615 1155 4681 τοιαύτης
1213 4613 1389 4670 ἕνεκεν
1461 4614 1628 4676 αἰτίας
1686 4612 1858 4678 ὄντος.
1920 4616 2017 4672 Καὶ

363 4705 591 4762 διδάσκει
662 4706 697 4771 ἡ
755 4703 1076 4779 ὑποκειμένη
1148 4709 1246 4770 τῆς
1317 4701 1401 4761 διὰ
1439 4709 1644 4783 γραφῆς
1675 4703 1736 4752 47
1763 4709 1862 4768 τῆς
1892 4705 2018 4759 ὑπο-

361 4795 554 4858 θέσεως
653 4793 886 4872 ἡμετέρα
960 4792 1213 4871 ἕθγραφος
1304 4792 1604 4870 ἀπόκρισις.
1683 4794 1740 4850 Ei.
1819 4791 1872 4847 δὲ
1930 4789 2018 4848 καὶ

357 4897 558 4962 προῖκα
589 4881 725 4944 ἴσως
781 4883 842 4937 τὸ
900 4888 992 4937 τυῦ
1046 4880 1227 4960 ἀνδρὸς
1284 4879 1474 4961 ἔφθασε
1531 4880 1767 4946 δέξασθαι
1827 4881 2006 4960 μέρος,

363 4974 402 5044 ἢ
459 4971 822 5052 προγαμιαίας
881 4968 1076 5048 δωρεᾶς
1157 4971 1450 5051 ὑπόσχεσιν
1479 4971 1514 5038 ἢ
1561 4969 1724 5045 δόσιν,
1781 4973 1841 5026 τὸ
1910 4973 2008 5037 τῆς

360 5062 632 5143 γυναικὸς,
673 5061 734 5116 οὗ
753 5061 895 5139 παρὰ
959 5068 1112 5117 τοῦτο
1165 5061 1616 5137 συννηρηθήσετκι
1686 5062 1746 5116 τὸ
1810 5059 2001 5116 συνάλιο

361 5151 562 5231 λαγμα.
624 5146 772 5206 Ἐπεὶ
830 5147 967 5223 μηδὲ
1025 5153 1077 5205 αἱ
1130 5164 1350 5228 προῖκες
1409 5154 1690 5205 συνιστώσι
1747 5149 1866 5212 τοὺς
1902 5150 2006 5227 γά-

363 5263 492 5318 μους
525 5236 838 5312 δυναμένους
893 5239 980 5294 καὶ
1035 5241 1201 5318 χωρὶς
1256 5239 1453 5294 τούτων
1509 5238 1862 5311 συνίστασθαι,
1917 5238 2006 5293 Bue

363 5329 601 5407 νομίμως
633 5324 1097 5390 συναλλάττονται.
1143 5329 1218 5386 Τὰ
1276 5326 1330 5384 δὲ
1359 5327 1449 5384 ἐπὶ
1501 5341 1620 5392 τοῖς
1677 5327 1938 5402 ἀθεμίτοις
1971 5327 2006 5396 ἢ

441 5603 504 5654 ⁴⁷
530 5609 600 5682 τῇ
629 5601 890 5684 διαγραφῇ
933 5609 1056 5675 τῆς·

444 5736 465 5768 ι
494 5709 872 5792 Rescriptum
906 5719 1051 5794 imp.

2101 4629 2340 4672 Causam
2373 4610 2665 4673 instituta.
2722 4612 2785 4674 Id
2833 4612 2989 4692 quod
3044 4610 3308 4690 subjecta
3361 4611 3749 4672 delineationi

2100 4719 2291 4762 causa;
2322 4701 2632 4780 responsio
2665 4709 2885 4775 nostra,
2913 4720 3018 4781 per
3039 4701 3393 4781 scripturam
3428 4701 3599 4770 facta,
3635 4700 3745 4760 de-

2102 4790 2305 4852 clarat.
2327 4789 2494 4862 Quod
2526 4790 2576 4849 si
2609 4790 2763 4851 forte
2795 4791 2992 4851 dotem
3027 4789 3132 4850 viri
3170 4809 3302 4869 pars
3325 4790 3448 4867 jam
3474 4798 3610 4849 ante
3639 4809 3744 4848 ac-

2101 4879 2455 4958 ceperit,aut
2486 4878 2822 4939 donationis
2860 4888 3102 4958 propter
3144 4879 3378 4958 nuptias
3404 4877 3742 4958 promissio,

2093 4970 2184 5030 vel
2218 4969 2534 5049 praestatio,
2583 4968 2852 5028 mulieris
2902 4969 3051 5046 parti
3097 4969 3246 5030 facta
3279 4967 3352 5026 sit
3386 4988 3405 5027 :
3443 4986 3558 5027 non
3604 4986 3745 5046 pro-

2094 5067 2298 5140 pterea
2324 5066 2661 5120 contractus
2693 5077 2774 5118 sei
2795 5056 3549 5137 vabitur.Quandoquidem
3575 5057 3747 5118 dotes

2095 5167 2212 5209 non
2246 5147 2469 5209 faciunt
2510 5147 2769 5226 nuptias,
2816 5165 2947 5226 quae
2989 5147 3214 5226 absque
3273 5147 3512 5209 dotibus
3568 5145 3744 5208 etiam

2092 5245 2364 5299 constare
2395 5243 2805 5315 possunt,cum
2835 5235 3096 5314 legitime
3118 5237 3574 5297 contrahuntur.
3602 5235 3744 5308 Quae

2088 5345 2227 5389 vero
2249 5323 2494 5388 nefariis
2523 5326 2582 5385 in
2619 5324 2857 5406 nuptiis.
2893 5332 2993 5386 aut
3029 5326 3342 5407 prohibitis
3373 5324 3738 5408 promittun-

1706 5493 1960 5559 VARLE
2004 5493 2314 5616 LECTIOP
2320 5493 2428 5602 1,338.
