4130 6446
396 411 507 479 861

1724 412 2295 480 GMGO-ROMAN
2303 415 2410 478 UM
2422 463 2436 478 .

3672 408 3792 477 862

392 549 646 629 τριάρχω
741 549 797 607 ἐν
889 556 968 625 τῷ
1036 555 1210 631 μικρῷ
1290 550 1543 632 σεκρέτῳ.
1618 548 2054 631 συνεδριαζόντων

2150 562 2286 608 more
2338 546 2687 621 secretario,
2750 545 3153 610 assidentibus
3208 545 3265 609 ei
3322 542 3793 632 religiosissimis

397 642 543 714 αὒτῷ
569 643 674 696 τῶν
749 640 1166 722 θεοφιλεστάτων
1238 640 1669 722 μητροπολιτῶν,
1720 647 1813 697 τοῦ
1855 638 2053 718 Ἀγκύ-

397 749 516 808 ρας,
551 734 644 786 τοῦ
677 731 919 805 Κυζίκου,
978 737 1072 787 τοῦ
1129 728 1624 804 Κλαυδιουπόλεως,
1677 735 1769 786 τοῦ
1797 736 2055 809 Χριστια-

397 815 721 883 νουπόλεως,
805 825 900 877 τοῦ
987 811 1224 887 Ῥωσίας·
1292 821 1378 877 καὶ
1434 818 1899 901 ἀρχιεπισκόπων,
1965 826 2058 876 τοῦ

399 906 831 985 Λεοντοπόλεως,
862 914 954 967 τοῦ
982 906 1306 989 Σουγδαΐας,
1351 914 1446 967 τοῦ
1493 906 1708 969 Ῥωσίου
1740 924 1755 940 ⁸
1788 929 2052 988 παριστα-

399 994 577 1079 μένων
608 998 694 1055 καὶ
723 996 1049 1056 δεσππικῶν
1078 998 1381 1079 ἀρχόντων,
1502 1068 1511 1076 ο

488 1074 695 1168 ’ᾯοντο
736 1087 833 1164 μέν
901 1109 1041 1152 τινες
1067 1094 1174 1145 τῶν
1230 1088 1367 1145 κατά
1412 1088 1599 1169 χώραν
1639 1085 2057 1169 θεοφιλεστάτων

401 1173 710 1233 ἐπισκόπων
739 1176 800 1234 ἐκ
851 1183 946 1234 τοῦ
1015 1174 1286 1234 συνοδικοῦ
1344 1174 1766 1254 ἐπιστάλματος,
1820 1177 1849 1234 ὃ
1890 1175 2057 1233 πάλαι

400 1264 501 1340 μὲν
530 1266 648 1345 περὶ
673 1270 772 1333 τῆς
841 1272 934 1323 τού
991 1272 1266 1323 κανονικοῦ
1323 1263 1519 1332 δόσεως
1576 1266 1662 1323 ἐπὶ
1731 1273 1825 1324 τοῦ
1882 1286 2059 1341 μακα-

401 1353 544 1433 ρίτου
599 1355 931 1436 πατριάρχου
998 1362 1155 1433 κυροῦ
1223 1354 1458 1422 Ἀλεξίου
1526 1353 1758 1432 ἐξετέθη,
1831 1356 1893 1413 οὖ
1964 1377 2060 1430 μι-

399 1449 543 1522 κρῶς
598 1441 1084 1525 καταϐλάπτεσθαι,
1141 1447 1215 1509 ὡς
1265 1457 1391 1508 ταῖς
1460 1444 1752 1521 μετέπειτα
1822 1444 2056 1523 γενομέ-

405 1554 521 1597 ναις
563 1532 725 1597 θείαις
774 1534 864 1590 καὶ
916 1532 1221 1611 βασιλικαῖς
1278 1534 1414 1591 κατά
1467 1534 1563 1599 τὰς
1604 1534 1783 1602 πάσης
1824 1533 1921 1603 τῆς
1976 1535 2059 1591 οἰ-

403 1620 667 1697 κουμένης
724 1621 907 1688 πόλεις
962 1623 1316 1681 ἐναντιοῦσθαι
1405 1620 1681 1688 δοκοῦντος
1726 1620 2059 1704 χρυσοϐούλ-

403 1708 520 1777 λοις
578 1708 860 1791 διαταγατς
909 1727 925 1743 '
1001 1713 1232 1780 παρόσον
1300 1714 1364 1769 τὸ
1417 1713 1518 1789 μὲν
1597 1712 1866 1772 συνοδικὸν
1928 1713 2060 1793 ὑπὲρ

405 1811 708 1879 κανονικοῦ,
742 1803 980 1879 νόμισμα
1002 1801 1057 1860 ἕν
1114 1808 1343 1883 χρυσοῦν
1397 1801 1457 1859 ἐκ
1507 1804 1669 1879 μόνου
1729 1812 1824 1862 τοῦ
1877 1802 2058 1882 ἱερέως

2139 634 2633 716 metropolitanis,
2666 636 3008 718 Ancyrano,
3050 635 3364 717 Cyziceno,
3392 630 3792 715 Claudiopoli-

2140 728 2304 799 tano,
2339 723 2963 807 Christianopolitano,
3022 723 3244 799 Rosiaa,
3294 733 3472 805 atque
3515 722 3659 785 item
3689 738 3792 782 ar-

2140 811 2560 894 chiepiscopis,
2629 813 3143 896 Leontopolitano,
3226 810 3521 893 Sugdaiae,
3596 807 3790 885 Rosii,

2138 900 2465 966 astantibus
2491 910 2553 966 ct
2581 902 2901 966 dominicis
2932 900 3439 984 magistratibus‘.

2217 1079 2649 1145 Existimabam
2697 1082 2943 1165 quidem
2981 1082 3253 1146 nonnulli
3284 1100 3392 1163 per
3421 1076 3787 1165 provinciam

2140 1168 2574 1249 religiosissimi
2600 1163 2891 1254 episcOpi,
2945 1190 3011 1234 se
3042 1191 3161 1234 non
3192 1189 3402 1253 parum
3425 1188 3496 1232 ex
3526 1163 3794 1249 synodali

2141 1266 2466 1340 praecepto,
2525 1262 2683 1343 quod
2741 1253 2883 1325 olim
2950 1264 3024 1325 de
3091 1259 3364 1323 canonici
3415 1253 3794 1343 praestatione

2140 1345 2253 1409 sub
2299 1347 2490 1412 beatae
2538 1342 2841 1415 memoriae
2871 1351 3229 1434 patriarcha,
3263 1350 3505 1412 domino
3556 1342 3790 1434 Alexio,

2141 1434 2253 1497 fuit
2282 1440 2636 1519 expositum,
2672 1431 2889 1504 damni.
2934 1442 3281 1524 percipere;
3317 1436 3501 1501 veluti
3529 1432 3685 1524 quod
3713 1431 3792 1524 fi}-

2143 1525 2257 1588 ctis
2277 1526 2567 1611 deinceps
2595 1530 2782 1593 sacris
2819 1539 2878 1594 et
2925 1520 3328 1613 imperatoriis
3357 1527 3430 1591 ad
3463 1522 3626 1587 orbis
3655 1520 3793 1584 uni-

2143 1615 2298 1678 versi
2326 1617 2593 1682 civitates
2620 1619 3053 1698 sanctionibus,
3087 1638 3194 1701 per
3220 1635 3434 1681 aureas
3451 1613 3648 1677 bullas
3669 1630 3794 1672 mu-

2144 1707 2618 1785 nitis,adversari
2639 1711 2942 1775 videretur
2965 1731 2983 1776 :
3003 1721 3292 1794 quatenus
3308 1707 3457 1771 illud
3486 1704 3795 1767 decretum

2142 1796 2424 1877 synodale
2482 1799 2758 1863 canonici
2842 1800 3085 1863 nomine
3159 1816 3470 1863 nummum
3546 1808 3793 1856 aureum

404 1877 814 1971 εἰσπράττεσθαι
879 1877 1190 1972 διοριζεταῖ,
1274 1896 1380 1948 τῶν
1464 1877 1722 1949 διακόνων
1775 1893 1863 1949 καὶ
1919 1877 2056 1947 ῦπο-

2150 1904 2393 1948 unuma
2445 1890 2756 1951 sacerdote
2806 1890 3089 1953 duntaxat
3160 1887 3515 1968 exigendum
3571 1880 3795 1960 statuit,

404 1977 661 2036 διακόνων
720 1978 886 2057 μηδέν
944 2002 995 2037 τι
1055 1979 1440 2062 παρεχομένων
1473 1997 1491 2011 ⁸
1550 1982 1639 2039 καὶ
1693 1981 1783 2062 ἀφ’
1840 1980 2060 2038 ἑκάστου

402 2074 511 2126 τῶν
566 2068 1074 2151 χειροτονουμένων,
1134 2072 1178 2126 εἰ
1236 2071 1335 2145 μὲν
1387 2070 1732 2149 ἀναγνώστης
1790 2071 1905 2146 ε’ίη,
1964 2071 2059 2128 νό-

408 2180 583 2234 μισμα
608 2156 662 2215 ἔν
691 2160 925 2239 χρυσοῦν
952 2174 967 2190 ·
1003 2160 1048 2215 εἰ
1097 2156 1153 2214 δὲ
1234 2155 1503 2234 διάκονος,
1579 2161 1877 2236 νομίσμανα
1946 2160 2062 2239 τρία

410 2245 572 2324 ὅμοια
605 2263 621 2279 ⁸
696 2248 741 2303 εἰ
811 2245 866 2303 δὲ
949 2243 1320 2329 πρεσϐύτερος,
1380 2246 1533 2328 ἕτερα
1591 2251 1890 2325 νομίσματα
1944 2249 2061 2330 τρία

409 2335 595 2418 ὅμοια,
623 2337 717 2394 τὸν
757 2339 1160 2418 χειροτονοῦντα
1241 2338 1372 2416 ὑπὲρ
1431 2335 1716 2419 διατροφῆς
1772 2335 2060 2415 λαμϐάνειν

408 2423 741 2483 διατάττεται
792 2441 806 2456 ⁸
840 2423 922 2483 ὅτι
964 2423 1103 2503 μηδὲ
1158 2424 1445 2503 ἀδάπανον,
1506 2425 1604 2486 κᾶν
1660 2428 1879 2504 ἄμισθον
1952 2427 2061 2487 ἐστὶ

405 2515 468 2572 τὸ
538 2513 888 2594 Εὐαγγέλιον.
953 2518 1014 2575 Οἱ
1069 2514 1125 2571 δὲ
1194 2516 1337 2596 παρά
1390 2517 1498 2574 τῶν
1548 2514 1775 2575 εὐσεϐῶν
1824 2517 2060 2582 τεθέντες

406 2601 789 2685 χρυσόϐουλλοι
847 2602 1023 2683 λόγοι,
1079 2606 1389 2685 προσθήκην
1456 2603 1515 2663 τέ
1568 2628 1687 2663 τινα
1749 2619 1866 2674 τοϊς
1919 2608 2063 2688 παρὰ

407 2695 514 2751 τῶν
598 2694 1082 2775 χειροτονούμενων
1192 2694 1585 2776 παρεχομένοις
1668 2694 1870 2778 ἐξεῦρον
1935 2697 2065 2774 μέτ-

410 2781 617 2859 έπειτα,
649 2783 741 2840 καὶ
770 2783 866 2848 τὰς
895 2782 1001 2840 ἀπὸ
1029 2787 1139 2842 τῶν
1210 2781 1419 2841 λα’ίκῶν
1475 2783 1724 2866 ἀπαρχάς
1779 2788 2059 2845 κανονικὸν

410 2871 787 2949 ὀνομάσαντες,
816 2873 1074 2952 ὡρίσαντο
1135 2872 1262 2953 παρ’
1318 2872 1539 2931 ἑκάστου
1590 2875 1790 2933 τούτων
1861 2874 2061 2933 ἀναλό-

409 2984 513 3041 γης
584 2967 653 3039 τῇ
737 2961 909 3020 αὐτῶν
988 2963 1202 3043 εὐπορίᾳ
1297 2962 1709 3044 εἰσπρέττεσθαι,
1782 2967 1871 3024 καὶ
1940 2967 2063 3031 τοῖς

413 3047 810 3116 εὖλαϐεττάτοις
879 3051 1070 3131 ἱερεῦσι
1146 3051 1491 3132 πσρέχεσθαι,
1568 3051 1737 3111 Ἀλλά
1755 3054 2065 3131 [συνοδικῶς

412 3140 799 3220 παραστάντες,
832 3140 920 3197 καὶ
976 3141 1042 3200 τά
1084 3139 1333 3217 βασιλικὰ
1402 3139 1731 3221 διατάγματα
1789 3146 1862 3209 εἷς
1907 3144 2067 3221 μέσον

413 3229 748 3310 προθέμενοι,
794 3228 889 3287 καὶ
959 3229 1078 3296 τούς
1146 3229 1525 3312 παλαιοτέρους
1582 3230 1881 3298 συνοδικοὺς
1951 3237 2067 3314 ὁρι-

413 3320 578 3394 σμοὺς
650 3318 1052 3398 ἀναγνωσθῆναι
1110 3321 1238 3397 πρὸς
1321 3321 1525 3386 τούτοις
1582 3323 2065 3400 καθικετεύσαντες,

414 3408 683 3488 ἐφάνησαν
713 3405 839 3484 μηδ’
871 3409 1043 3467 ὁτιοῦν
1088 3406 1318 3467 ἐντεῦθεν
1348 3410 1434 3468 ἐπὶ
1488 3417 1558 3488 τῇ
1628 3412 1734 3469 τῶν
1776 3419 2067 3470 κανονικῶν

414 3496 670 3579 εἱςπράξει
712 3496 981 3577 πρόκριμα
1007 3498 1369 3578 ὑφιστάμενοι.
1447 3489 1577 3558 ιὈτι
1633 3502 1699 3558 τά
1756 3503 1854 3578 μὲν
1909 3525 2067 3563 συνο-

416 3585 535 3645 δικά
605 3586 707 3654 τὴν
762 3585 823 3643 ἐκ
879 3588 986 3642 τῶν
1040 3585 1248 3643 λα’ίκῶν
1316 3594 1407 3646 του
1447 3599 1724 3650 κανονικοῦ
1793 3589 2067 3671 εἴσπραξιν

413 3676 731 3756 ἀπείργοντα
759 3675 1029 3757 φαίνεται,
1061 3674 1128 3732 δι’
1159 3676 1187 3732 ὃ
1218 3675 1334 3736 οὐδὲ
1405 3679 1626 3753 μνήμην
1694 3680 1811 3736 τινά
1866 3681 2068 3737 τούτων

414 3767 487 3831 ὡς
528 3764 1025 3846 ἀπαγορευομένων,
1060 3764 1114 3822 ἐν
1184 3772 1418 3847 Γραφατς
1473 3766 1688 3830 τίθεται.
1749 3770 1825 3827 Τὰ
1876 3768 1930 3827 δὲ
1988 3770 2065 3840 μὴ

415 3852 641 3912 κώλυσιν
695 3856 904 3911 ὁθενοῦν
983 3852 1263 3930 δεξάμενα,
1333 3861 1449 3921 πῶς
1534 3856 1879 3925 ἐναντιότητά
1950 3874 2069 3916 τινα

416 3942 607 4010 εἰσάξει
636 3943 890 4022 γινόμενα
937 3963 954 4023 ;
991 3945 1052 4001 Οἱ
1083 3942 1139 4000 δέ
1194 3967 1255 4022 γε
1323 3945 1582 4002 θειότατοι
1615 3945 1885 4024 ’βασιλεῖς
1938 3950 2070 4025 πρὸς

413 4035 504 4091 τὸν
546 4033 752 4113 καιρὸν
783 4031 883 4112 (ὡς
940 4032 1133 4111 ἔοικεν)
1201 4032 1633 4116 ἀποϐλέψαντας,
1686 4038 1775 4093 καὶ
1828 4037 1896 4113 τῇ
1937 4039 2068 4116 πρὸς

416 4123 536 4186 τοὺς
583 4122 858 4203 ἀρχιερεῖς
915 4129 1074 4200 τιμῇ,
1105 4120 1190 4178 διὰ
1244 4128 1345 4191 τῆς
1412 4129 1519 4182 τῶν
1570 4126 1899 4205 πραγμάτων
1955 4128 2070 4183 εἶσ-

417 4218 580 4293 φορᾶς
610 4211 795 4292 χώραν
849 4211 1202 4292 παρέχοντες,
1263 4214 1348 4269 κοὶ
1406 4222 1499 4272 τοῦ
1554 4212 1778 4280 λα’ίκοὺς
1830 4222 1899 4293 τῇ
1927 4238 2067 4295 παρ-

419 4292 531 4383 οχῇ
596 4300 792 4367 ταύτης
849 4300 1121 4374 ὑπέθεντο,
1187 4292 1382 4361 ’Ἔνθεν
1411 4325 1494 4361 τοι
1564 4305 1654 4361 καὶ
1716 4292 2071 4381 δικαιότατον,

419 4389 614 4471 ἔδοξεν,
660 4388 1027 4471 ἀμφοτέρωθεν
1058 4391 1181 4455 τοὺς
1225 4391 1518 4472 ἀρχιερεῖς⁶
1576 4391 1636 4450 ἔκ
1704 4416 1761 4451 τε
1815 4400 1922 4450 τῶν
1990 4397 2071 4451 ἱε-

2144 1974 2412 2068 diaconis
2469 1986 2527 2039 et
2584 1978 2968 2042 subdiaconis
3030 1980 3183 2042 nihil
3231 1974 3640 2068 praebentibus
3675 1986 3690 2032 :
3728 1976 3800 2068 et

2143 2082 2178 2126 a
2223 2065 2494 2146 quolibet
2549 2086 2781 2145 eorum,
2833 2070 2935 2151 qui
2989 2068 3362 2143 ordinantur,
3395 2064 3447 2126 si
3474 2063 3661 2124 lector
3692 2063 3792 2138 sit,

2144 2171 2471 2229 nummum.
2505 2174 2751 2220 aureum
2784 2178 2965 2221 unum
2991 2179 3009 2236 ;
3038 2159 3089 2220 si
3144 2158 3458 2230 diaconus,
3517 2164 3796 2211 nummos

2148 2252 2267 2306 tres
2288 2244 2517 2309 similes
2542 2266 2559 2328 ;
2594 2245 2645 2307 si
2668 2246 3001 2329 presbyter,
3034 2247 3182 2309 alios
3210 2253 3332 2307 tres
3354 2255 3629 2304 nummos
3654 2253 3789 2329 con-

2144 2334 2377 2399 similes
2405 2326 3025 2412 sumendos,alimenti
3054 2336 3320 2418 nomine,
3352 2329 3622 2397 decernit
3641 2326 3794 2418 abeo

2142 2424 2244 2507 qui
2260 2425 2529 2490 ordinat:
2555 2428 3033 2510 quandoquidem
3066 2426 3118 2489 si
3138 2416 3395 2488 maxime
3427 2416 3792 2510 mercedem,

2143 2505 2261 2576 non
2286 2522 2484 2577 tamen
2500 2523 2560 2580 et
2572 2505 2958 2581 vivendi—sum
2967 2524 3100 2599 ptus
3111 2515 3372 2579 excludit
3387 2505 3765 2599 Evangelium
3777 2550 3791 2564 .

2142 2603 2356 2667 Aureae
2372 2622 2512 2666 vero
2567 2605 2749 2688 bullae,
2778 2607 2892 2689 piis
2919 2627 2954 2669 ιι
2967 2596 3354 2689 principibus
3382 2596 3793 2689 promulgatae,

2146 2700 2268 2755 tum
2299 2693 2701 2775 appendicem
2730 2679 3049 2779 quamdam
3092 2679 3692 2779 invenere—deinceps
3723 2679 3798 2743 ad

2144 2801 2235 2858 ea,
2269 2801 2402 2865 quae
2423 2784 2499 2846 ab
2529 2776 2878 2848 ordinandis
2923 2793 3310 2868 praastantur:
3349 2791 3473 2845 tum
3504 2776 3737 2842 debitas
3765 2787 3799 2831 a

2145 2872 2312 2934 laicis
2335 2872 2927 2954 primitias,canonici
2951 2875 3193 2938 nomine
3220 2874 3294 2936 iis
3322 2870 3537 2944 indito,
3570 2875 3795 2930 statue-

2147 2969 2286 3023 runt
2308 2963 2382 3024 ab
2409 2979 2616 3027 eorum
2670 2965 2937 3046 quolibet
2985 2963 3330 3043 exigendas,
3363 2979 3469 3043 pro
3499 2956 3679 3046 modo
3692 2954 3799 3046 _fa-

2150 3051 2435 3114 cultatum
2481 3053 2634 3133 ejus,
2690 3044 2760 3116 ac
2815 3051 3333 3117 reverendissimis
3391 3044 3801 3112 sacerdotibus

2151 3140 2535 3220 praestandas.
2573 3141 2688 3206 Sed
2716 3160 2853 3206 cum
2883 3142 2946 3204 in
2977 3141 3202 3224 synodo
3232 3141 3293 3203 hi
3323 3136 3797 3220 comparuissent

2151 3238 2209 3291 et
2233 3230 2647 3311 imperatorias
2697 3232 3037 3296 sanctiones
3064 3233 3126 3294 in
3159 3230 3428 3294 medium
3460 3224 3802 3310 proposuis-

2150 3329 2308 3396 sent,
2342 3329 2751 3403 pmtereaque
2782 3321 3101 3384 vetustiora
3121 3321 3365 3383 decreta
3379 3314 3681 3400 synodalia
3711 3331 3801 3375 re-

2149 3407 2265 3487 legi
2293 3411 2651 3491 petiissent:
2710 3412 2939 3475 nullum
2999 3412 3087 3474 eis
3133 3411 3330 3492 paruit
3386 3409 3445 3471 in
3495 3404 3803 3469 exactione

2149 3498 2573 3562 canonicorum
2600 3500 3010 3583 praejudicium
3034 3501 3181 3564 inde
3211 3499 3433 3563 aﬂ‘erri.
3455 3495 3684 3577 Quippe
3701 3511 3799 3573 sy-

2150 3586 2386 3650 nodalia
2416 3590 2658 3670 quidem
2715 3591 2959 3653 decreta
3019 3591 3392 3655 exactionem
3442 3583 3713 3650 canonici
3770 3599 3804 3641 a

2150 3674 2319 3737 laicis
2351 3678 2672 3758 prohibere
2701 3681 3001 3762 videntur,
3023 3681 3165 3742 dum
3200 3678 3562 3742 mentionem
3589 3675 3803 3736 borum

2153 3766 2375 3827 nullam
2399 3766 2619 3830 faciunt
2633 3769 2831 3850 ,veluti
2854 3769 3042 3831 sacris
3062 3769 3299 3832 Litteris
3321 3763 3801 3828 interdictorum.

2151 3853 2294 3927 Quae
2321 3864 2520 3919 autem
2552 3858 2713 3921 nulla
2760 3857 3162 3940 prohibitione
3212 3865 3507 3931 vetantur,
3541 3868 3803 3935 quonam

2151 3952 2320 4025 pacto
2342 3945 2393 4007 si
2423 3948 2587 4025 ﬁant,
2615 3949 3008 4011 adversationt
3058 3966 3300 4010 causam
3333 3944 3588 4025 aliquam
3647 3957 3806 4020 prae-

2154 4032 2435 4097 bebunt?
2480 4037 2556 4100 At
2584 4057 2725 4102 vero
2757 4036 3141 4100 sacratissimi
3186 4035 3489 4119 principes
3522 4032 3807 4113 temporis

2149 4129 2240 4201 (ιιι
2288 4125 2530 4206 quidem
2588 4136 2853 4208 apparet)
2927 4127 3157 4189 ratione
3208 4126 3427 4201 babita,
3482 4132 3540 4187 et
3596 4121 3810 4187 honori

2156 4214 2535 4291 pontiﬁcibus
2584 4216 2947 4297 exhibendo,
3005 4235 3111 4296 per
3163 4215 3523 4277 oblationem
3575 4230 3800 4286 rerum,

2154 4304 2532 4367 occasionem
2554 4305 3097 4386 praebentes,etiam
3113 4305 3297 4367 laicos
3320 4301 3677 4386 praestationi
3702 4302 3809 4362 hu-

2149 4392 2250 4472 jus
2271 4393 2560 4456 obnoxios
2585 4413 2714 4457 esse
2738 4395 3073 4457 voluerunt.
3108 4393 3308 4475 anue
3325 4394 3398 4457 de
3421 4411 3598 4455 causa
3617 4390 3805 4453 visum

421 4479 576 4560 ρέων,
620 4480 710 4536 καὶ
737 4483 843 4535 τῶν
872 4479 1099 4550 λαϊκῶν,
1133 4481 1200 4539 τά
1230 4483 1360 4561 ὑπὲρ
1401 4488 1494 4538 νοῦ
1564 4490 1841 4541 κανονικοῦ
1895 4507 2066 4541 τυπω-

2160 4491 2252 4544 est
2294 4483 2698 4564 aequissimum
2731 4504 2887 4559 esse,
2934 4494 2994 4546 ut
3024 4484 3299 4565 utrinque
3327 4482 3658 4564 pontiﬁces,
3692 4488 3808 4540 tam

420 4569 597 4636 θέντα,
629 4568 933 4643 κομίζεσθαι
969 4584 984 4598 ⁸
1047 4567 1128 4625 ὅτι
1186 4568 1324 4646 μηδὲ
1381 4572 1715 4648 σνρατεύεταί
1780 4596 1885 4654 τις,
1942 4575 2078 4631 κατά

425 4660 517 4716 τὸν
543 4661 689 4715 θετον
718 4655 1072 4732 Ἀπύστολον,
1105 4659 1359 4735 ὀψωνίοις
1407 4658 1579 4725 ἰδίοις.
1627 4659 1793 4718 ’Λλλά
1833 4664 1922 4721 καὶ
1951 4665 2076 4720 ποί-

430 4769 569 4825 μνην
600 4768 678 4811 τις
737 4747 1058 4827 ποιμαίνων,
1125 4747 1187 4805 ἐκ
1244 4756 1335 4806 τοῦ
1405 4748 1670 4829 γάλακτος
1740 4752 1929 4810 ἐσθιειν
1985 4757 2080 4812 οὒκ

429 4835 824 4913 ἀποτέτραπται
873 4851 888 4866 ⁸
943 4837 1033 4892 καὶ
1136 4836 1429 4913 ἀμπελῶνα
1502 4839 1736 4918 φυτεύων
1833 4841 1893 4898 ἐκ
1988 4849 2080 4900 τοῦ

423 4924 629 5005 καρποῦ
677 4922 953 5003 δρέπεσθαι
1008 4929 1068 4985 οὐ
1109 4926 1428 4989 κεκώλυται.
1490 4930 1589 4987 Καὶ
1632 4931 1660 4985 ὁ
1728 4929 1956 4996 παλαιὸς
2026 4932 2081 4989 δὲ

423 5014 609 5092 νόμος,
642 5010 899 5091 ἐμϐαλεῖν
968 5013 1033 5070 ἐκ
1072 5021 1180 5072 τῶν
1262 5023 1480 5095 καρπῶν
1551 5018 1625 5082 εὶς
1679 5019 1780 5086 τὴν
1831 5021 2082 5102 κάρταλιν

424 5102 835 5184 παρακελεύεται
892 5103 982 5160 καὶ
1024 5104 1264 5161 εἰσοίσειν
1295 5107 1368 5169 εἷς
1397 5107 1488 5163 τὸν
1530 5114 1622 5164 τοῦ
1681 5115 1813 5165 Θεοῦ
1873 5111 2028 5169 νῖκον
2063 5132 2077 5147 ·

423 5191 687 5269 λήψεσθαι
719 5212 777 5248 τε
805 5197 973 5247 ταῦτα
1014 5191 1075 5249 ἐκ
1123 5201 1231 5250 τῶν
1286 5200 1485 5275 χειρῶν
1537 5202 1630 5253 τοῦ
1712 5199 2080 5277 προσοίσοντος

426 5294 517 5339 τον
570 5280 735 5361 ἱερέα,
793 5282 882 5337 καὶ
950 5284 1164 5350 τεθῆναι
1249 5283 1499 5341 ἀπέναντι
1569 5294 1661 5344 τοῦ
1713 5290 2080 5371 θυσιαστηρίου

427 5368 713 5451 εὖλογῆσαί
740 5388 801 5425 τε
829 5369 916 5425 καὶ
984 5368 1244 5449 εὖξασθαι,
1304 5373 1392 5429 καί
1474 5370 1640 5437 οὕτως
1720 5368 2079 5456 εὖλογημένον

427 5459 570 5517 εἶναι
597 5460 687 5517 τὸν
755 5457 1172 5539 προσενέγκανα,
1234 5462 1322 5519 καὶ
1387 5463 1480 5522 τὸν
1536 5467 1692 5521 οἷκον
1751 5467 1928 5543 αὐτοῦ,
1988 5470 2079 5528 καί

513 5752 533 5793 ι
563 5744 955 5831 Ofﬁciah'bus.

2159 4589 2194 4632 a
2222 4573 2842 4654 sacerdotibus,quam
2862 4594 2896 4636 a
2918 4574 3384 4648 laicis,canonici
3404 4571 3644 4634 nomine
3667 4588 3809 4632 sano

2161 4659 2279 4721 cita
2334 4660 2564 4734 ferant;
2622 4662 3103 4743 quandoquidem
3158 4661 3474 4742 stipendiis
3525 4658 3809 4739 propriis,

2161 4751 2490 4812 secundum
2524 4750 2791 4812 divinum
2815 4752 2980 4813 illum
3002 4750 3557 4830 Apostolum,nem0
3576 4747 3809 4822 militat,

2161 4839 2266 4900 sed
2301 4847 2359 4901 et
2391 4847 2590 4919 pastor
2644 4839 2881 4921 aliquis,
2948 4839 3321 4922 pastoriciam
3381 4839 3631 4910 faciens,
3663 4838 3814 4900 lacte

2165 4928 2319 4990 vesci
2337 4947 2455 4991 non
2476 4936 2707 4992 vetatur
2732 4948 2747 4990 :
2776 4938 2832 4991 et
2859 4930 2959 5011 qui
2981 4929 3210 4991 vineam
3237 4928 3477 5009 plantat,
3514 4927 3589 4989 de
3619 4925 3814 4987 fructu

2165 5017 2505 5098 decerpere
2516 5018 3008 5099 non'prohibetur
3039 5020 3333 5081 Praeterea
3351 5017 3443 5079 lex
3458 5016 3635 5080 etiam
3650 5022 3818 5076 vetus

2164 5107 2383 5188 conjici
2438 5108 2736 5169 fructuum
2770 5116 2995 5189 partem
3045 5108 3106 5169 in
3141 5106 3479 5183 quasillum
3508 5103 3708 5185 jubet,
3760 5111 3819 5164 et

2166 5200 2223 5258 in
2254 5198 2363 5259 Dei
2396 5198 2682 5279 templum
2707 5196 3011 5278 deportari
3046 5219 3058 5257 :
3115 5196 3217 5258 ubi
3245 5197 3321 5259 de
3353 5196 3632 5257 manibus
3663 5195 3813 5257 oﬂ‘e-

2158 5284 2349 5350 rentis
2378 5305 2449 5349 ea
2493 5286 2776 5350 sacerdos
2822 5286 3100 5368 accipiat,
3135 5295 3194 5349 et
3232 5305 3303 5349 ex
3333 5286 3582 5349 adverso
3611 5284 3816 5346 altaris

2159 5379 2433 5451 collocet,
2484 5375 2752 5458 votisque
2808 5376 3113 5458 conceptis
3171 5374 3487 5439 benedicat
3537 5391 3553 5439 ;
3601 5373 3821 5456 quibus

2158 5468 2441 5552 peractis,
2472 5463 2831 5530 benedictus
2860 5464 2965 5528 ille
3018 5465 3252 5531 futurus
3298 5467 3399 5550 sit,
3429 5463 3533 5547 qui
3580 5463 3815 5543 obtulit,

1729 5632 1993 5702 νΑῐιιΑι
2038 5634 2487 5708 LECTIONES.
