4130 6426
428 401 547 470 865
1756 398 2450 469 GMCO-ROMANUM
3693 408 3813 476 866

425 539 652 610 ζητήσει
684 537 1076 616 συγκλητικῶν,
1123 541 1213 596 καὶ
1265 543 1365 607 τῆς
1418 535 1753 615 ὲνδημοόσης
1796 538 2066 605 τηνικαῦτα

2166 534 2423 597 examini
2457 534 2733 598 destinati
2764 546 2955 621 erant,
3012 546 3071 599 et
3119 539 3368 622 synodo,
3401 559 3533 622 quae
3562 549 3703 607 tunc
3735 545 3813 609 ad

424 631 886 707 συναθροισθείσης
946 627 1162 688 συνόδου
1234 625 1497 709 συνέδριον
1565 627 1770 708 γέγονε.
1837 628 1936 686 Καὶ
1974 631 2066 693 τῆς

2158 622 2369 685 urbem
2398 633 2547 699 erat,
2573 636 2933 708 congregata
2969 648 2986 704 ;
3034 628 3360 691 concilium
3392 639 3482 693 est
3510 640 3807 701 coactum.

422 714 712 783 ιξτεπτάσειιικ
757 718 935 799 ἀρχὴν
1006 716 1107 786 ἤδη
1165 717 1451 794 λαμϐάνειν
1525 716 1850 793 μελλούσης,
1902 716 2066 794 παρά‹

2159 716 2427 796 Cumque
2475 715 2723 795 jamjam
2779 715 3055 779 habitura
3111 716 3467 799 principium
3524 734 3684 786 esset
3709 722 3810 786 in-

423 806 571 874 δοξόν
611 831 669 865 τε
698 811 840 890 παρά
921 808 1235 888 προσδοκίαν
1288 809 1566 879 ἀπήντησε
1600 828 1615 844 ·
1647 815 1755 865 τῶν
1805 811 2066 885 κληρικῶν

2160 802 2413 883 dagatio,
2450 804 2733 884 quiddam
2764 803 3135 885 inepinatum
3167 815 3382 887 praeter
3410 811 3809 891 eXSpectatio-

419 902 520 965 τῆς
549 898 703 978 ἁγίας
731 900 820 956 καὶ
849 898 1089 979 μεγάλης
1158 900 1252 957 τοῦ
1300 904 1428 956 Θεοῦ
1497 896 1818 965 Ἐκκλησίας
1888 898 2073 955 αὐθαι-

421 986 586 1066 ρέτως
659 987 877 1054 ἐξάπινα
944 988 1364 1058 στασιασάντων,
1426 991 1497 1054 ὡς
1554 984 1692 1063 μηδὲ
1749 985 2074 1066 ἀνασχέσθαι

419 1077 641 1148 ζήτησιν
672 1075 811 1144 ὅλως
842 1080 958 1146 περὶ
1012 1079 1108 1135 τοῦ
1154 1077 1457 1153 σκέμματος
1534 1078 1848 1157 προτεθῆναι
1886 1091 1900 1105 ⁹
1952 1072 2072 1130 ἀλλ’

420 1164 504 1245 ἐφ’
531 1167 713 1233 ἱκανὰς
770 1166 910 1247 ὣρας
968 1169 1252 1225 κόπτεσθαι
1324 1169 1385 1223 τὸ
1440 1165 1702 1245 συνέδριον
1733 1165 1930 1242 μάτην,
1995 1164 2072 1240 μὴ

418 1251 486 1309 δι’
528 1252 939 1337 ὑποδεχομένων
981 1263 1087 1313 τῶν
1117 1255 1577 1324 ἐκκλησιαστικῦν
1624 1255 1724 1323 τὴν
1792 1257 1889 1321 της
1932 1255 2071 1337 ὑπο-

415 1341 610 1408 θέσεως
655 1336 889 1423 ἀγωνίαν
990 1347 1129 1417 μήτε
1260 1345 1368 1422 μὴν
1451 1342 1887 1425 ἀποκρτομένων,
1972 1336 2073 1399 Ἠν

418 1429 471 1487 δὲ
495 1433 654 1508 μόνον
709 1434 860 1514 φωνὴ
929 1434 1240 1514 παμμιγὴς,
1339 1434 1441 1491 ὑπὸ
1499 1433 1591 1490 τοῦ
1662 1432 1778 1490 λίαν
1848 1430 2070 1512 ἐνηχεῖν

418 1535 543 1587 ταῖς
602 1522 821 1595 ἀκοαῖς,
916 1522 1235 1604 ἀδιάκριτος,
1316 1514 1407 1588 εΩς
1492 1523 1580 1579 καὶ
1665 1522 2069 1601 κατασιγάζουσι

419 1625 540 1677 τοῖς
596 1612 884 1693 ἱεροκήρυξι
935 1614 1036 1681 τὴν
1133 1612 1345 1689 ἄσημον
1401 1613 1659 1692 κραυγὴν,
1747 1611 1863 1693 καὶ*
1910 1610 2068 1689 σιγὴν

417 1680 900 1780 παραγγέλλουσιν,
933 1680 1279 1782 ἐπισχεθῆναι
1322 1701 1387 1752 49
1438 1680 1560 1764 τὰς.
1593 1680 1793 1780 φωνάς.
1837 1680 1889 1759 ἲ)
1942 1680 2067 1757 συν-

416 1791 686 1857 νενοηκὼς
718 1791 827 1870 ἐγὼ
857 1791 991 1866 μετά
1032 1793 1138 1848 τῶν
1195 1789 1443 1848 δοθέντων
1504 1813 1595 1867 μοι
1654 1795 1917 1869 συνεργῶν
1971 1794 2070 1856 τῆς

416 1879 679 1955 σκέψεως,
742 1881 829 1938 καὶ
883 1879 1156 1948 τηνάλλως
1226 1879 1487 1961 τρίϐεσθαι
1554 1882 1648 1938 τὸν
1702 1882 1886 1959 καιρὸν
1979 1883 2072 1938 οὒκ

2160 910 2298 953 nem
2333 892 2578 970 contigit
2612 910 2627 967 ;
2661 910 2794 954 cum
2830 894 3028 955 clerici
3061 903 3279 957 sanctae
3311 914 3657 980 magnaeque
3701 900 3808 963 Dei

2158 980 2443 1041 Ecclesiae
2470 990 2682 1059 sponte
2711 1000 2816 1042 sua
2844 982 3039 1043 subito
3070 982 3421 1047 seditionem
3445 988 3807 1051 commovis-

2156 1076 2290 1130 sent
2318 1076 2565 1150 tantam,
2598 1076 2660 1130 ut
2689 1089 2764 1131 ne
2795 1071 3039 1152 quidem
3088 1080 3431 1152 paterentur
3457 1076 3700 1138 omnino
3730 1077 3808 1140 de

2153 1175 2222 1219 re
2282 1158 2714 1220 consideranda
2790 1161 3303 1240 investigationem
3365 1165 3637 1246 proponi,
3699 1168 3804 1229 sed

2156 1246 2424 1327 pluribus
2456 1247 2619 1309 horis
2682 1249 3005 1311 concilium
3057 1250 3284 1313 frustra
3341 1251 3660 1331 laboraret,
3693 1274 3805 1318 nec

2156 1335 2586 1417 accipientibus
2612 1336 3032 1400 ecclesiasticis
3063 1358 3255 1401 causae
3285 1340 3799 1422 disceptationem,

2154 1443 2267 1487 nec
2298 1424 2475 1487 etiam
2506 1425 2946 1506 rejicientiius.
3006 1427 3261 1491 Tantum
3314 1430 3538 1493 clamor
3563 1431 3804 1513 quidam

2156 1514 2533 1594 promiscuus
2553 1524 2701 1591 erat,
2736 1518 2960 1597 etquod
2977 1518 3584 1582 vebementerferiret
3603 1538 3802 1596 aures,

2151 1601 2514 1664 indiscretus
2566 1605 2717 1666 adeo
2772 1606 3037 1686 quidem,
3097 1617 3162 1669 ut
3220 1607 3397 1670 etiam
3433 1607 3805 1689 praeconibus

2153 1692 2338 1753 sacris
2363 1691 2691 1755 obscurum
2715 1694 3036 1756 clamorem
3061 1697 3610 1777 compescentihus,
3640 1706 3697 1759 et
3717 1697 3804 1760 si-

2155 1779 2401 1841 lentium
2438 1782 2858 1864 indicentibus,
2898 1783 3146 1846 minime
3170 1802 3345 1846 voces
3376 1784 3656 1847 cohibitae
3678 1786 3803 1848 fue-

2154 1868 2295 1942 rint,
2332 1868 2459 1940 Quo
2489 1889 2598 1949 ego
2628 1871 3041 1933 animadverso
3073 1891 3206 1933 cum
3237 1872 3333 1954 iis,
3367 1873 3469 1954 qui
3500 1874 3647 1935 mihi
3680 1874 3800 1937 dati

418 1966 691 2043 ἐθελήσας,
741 1967 901 2027 ’έλυσα
943 1970 1043 2037 τὴν
1072 1957 1376 2047 ἐκκλησίαν,
1437 1970 1525 2027 καὶ
1574 1971 1647 2032 εἰς
1708 1957 1890 2048 ἑτέραν
1922 1971 2066 2036 τήκειν

2154 1966 2323 2019 erant
2350 1957 2780 2048 investigandae
2805 1959 2893 2020 rei
2934 1960 3103 2041 socii,
3134 1962 3288 2042 quod
3325 1970 3557 2043 tempus
3585 1962 3805 2027 frustra

877 2058 1399 2139 παρεσκευασμένους
1471 2057 1649 2128 ὄντας,
1722 2059 1808 2114 καὶ
1864 2058 2067 2137 ἐπαγο-

1958 2147 2071 2203 ἐπι-

420 2057 780 2140 παρήγγειλα,

419 2146 606 2222 μένους
635 2148 702 2204 τά
745 2145 861 2224 μεθ’
890 2149 966 2206 ὧν
997 2147 1200 2206 οἴονται
1257 2155 1428 2224 νικᾷν,
1500 2149 1819 2225 βοηθήματα
1868 2167 1884 2185 ⁸

418 2238 619 2312 τιμίοι)
674 2238 764 2294 καὶ
830 2236 1190 2314 παλαμναίαις
1261 2238 1418 2318 ἀραῖς
1478 2239 1566 2295 καὶ
1622 2236 2068 2317 φρικωδεστάταις

420 2322 519 2406 (ὡς
575 2324 791 2408 ᾠόμην)
834 2326 1260 2408 ἀσφαλισάμενος
1325 2329 1446 2391 τοὺς
1491 2330 1563 2393 εἷς
1618 2328 1718 2394 τὴν
1775 2325 2069 2404 μέλλουσαν

415 2411 722 2494 θορυϐάσειν
837 2419 1309 2497 ἒπιχειρήσοντας,
1364 2416 1401 2486 ἢ
1450 2415 1761 2497 φθέγξασθαί
1831 2438 1879 2472 τι
1931 2416 2069 2472 κατά

414 2504 618 2584 χρείαν,
666 2507 703 2573 ἢ
733 2506 916 2587 χάριν,
949 2506 986 2574 ἢ
1017 2507 1182 2563 πάθο)
1206 2504 1405 2586 ἕτερον,
1453 2512 1644 2571 κοινῶς
1719 2506 1755 2574 ἣ
1826 2502 1927 2578 ἰδίᾳ
1957 2503 2068 2561 δια-

416 2592 575 2673 φέρον
657 2594 843 2658 αὐτοῖς
918 2602 1025 2652 τῶν
1119 2596 1377 2653 τενόντων
1461 2598 1533 2659 εἰς
1609 2592 1907 2673 παράϐασιν
1961 2600 2067 2652 τῶν

412 2682 562 2764 θείων
590 2684 679 2741 καὶ
706 2687 982 2764 παρακοήν
1023 2687 1282 2760 κανόνων,
1356 2686 1444 2742 καὶ
1514 2685 1760 2741 σύστασιν
1818 2681 2060 2759 ψεύδους.

409 2758 575 2828 Ἠκεν
646 2774 721 2836 εἷς
776 2758 988 2853 δευτέρα
1046 2772 1130 2837 50,
1186 2758 1283 2832 Καὶ
1336 2772 1495 2830 πάλιν
1549 2773 1798 2854 ἀφίκοντο
1836 2758 1910 2829 οἱ
1962 2777 2061 2840 τῆς

413 2858 698 2927 ἐκκλησίας
729 2859 993 2935 ἐνστάναι,
1057 2863 1144 2918 καὶ
1190 2862 1523 2941 ὲναγόμενοι.
1599 2861 1667 2919 0'5
1725 2860 1840 2918 οὐδὲ
1909 2883 2063 2941 περι-

415 2948 627 3024 έμειναν
683 2952 886 3030 πεῦσιν,
947 2948 1067 3007 ἀλλ’
1127 2951 1271 3015 εὒθὺς
1357 2950 1688 3028 ἐπίμπλαντο
1768 2951 1836 3007 τὰ
1890 2950 2063 3008 πάντα

419 3036 682 3114 ἀκοσμίας
707 3039 797 3095 καὶ
842 3044 1111 3120 ταραχῆς,
1174 3041 1262 3097 καὶ
1330 3049 1423 3098 τοῦ
1479 3038 1734 3120 προτέρου
1802 3036 2064 3107 συνεδρίου

2156 2044 2383 2110 conteri
2416 2049 2657 2126 nollem,
2693 2049 3044 2110 concionem
3088 2049 3313 2125 dimisi,
3373 2060 3432 2112 et
3458 2052 3520 2112 in
3548 2052 3798 2114 alterum

2154 2138 2313 2199 diem
2343 2138 2549 2201 venire
2567 2137 2995 2226 jussiparatos,
3029 2156 3216 2219 eaque
3235 2156 3437 2201 secum
3458 2140 3796 2226 afferentes,

2151 2228 2517 2309 adjumenta,
2550 2225 2767 2307 quibus
2810 2245 2874 2287 se
2927 2229 3267 2308 superiores
3316 2246 3594 2291 evasuros
3623 2225 3799 2312 puta-

2150 2327 2285 2380 rent
2316 2340 2330 2380 :
2398 2314 2591 2399 poenis
2623 2324 2681 2377 et
2709 2315 3221 2380 exsecrationibus
3250 2317 3397 2378 diris
3427 2318 3806 2401 maximeque

2150 2406 2470 2470 horrendis
2501 2410 2587 2485 (ut
2615 2404 2890 2484 equidem
2938 2404 3294 2479 arbitrabar)
3325 2406 3639 2485 imylicans
3672 2426 3799 2483 eos,

2150 2496 2250 2577 qui
2283 2504 2432 2577 post:
2453 2494 2573 2556 idie
2603 2493 2804 2555 ausuri
2839 2502 3040 2556 essent
3094 2494 3463 2570 tumultuari,
3494 2503 3598 2558 aut
3624 2496 3799 2579 quid-

2149 2604 2324 2667 quam
2358 2583 2653 2666 proloqui,
2688 2583 2777 2643 vel
2809 2600 2884 2644 ex
2915 2602 3047 2659 usu,
3082 2583 3173 2645 vel
3225 2601 3295 2647 ex
3322 2584 3530 2663 gratia,
3565 2586 3654 2647 vel
3685 2585 3800 2647 alio

2148 2675 2389 2756 affectu,
2426 2674 2580 2755 quod
2615 2671 2853 2751 publice
2910 2673 2999 2734 vel
3054 2672 3323 2753 privatim
3357 2692 3462 2735 eos
3515 2682 3798 2753 tangeret,

2147 2772 2326 2845 atque
2348 2764 2421 2825 ad
2440 2762 2814 2824 violationem
2835 2770 3364 2843 contemptumque
3384 2779 3685 2825 sacrorum
3710 2782 3802 2825 ca-

2147 2871 2395 2928 nonum,
2429 2860 2489 2914 et
2518 2849 2828 2914 mendacio
2881 2849 3236 2912 stabilienda
3265 2852 3507 2913 faceret.
3542 2850 3801 2915 Ventum

2146 2958 2287 3020 ergo
2318 2940 2626 3022 postridie,
2646 2940 2896 3020 jamque
2913 2957 3119 3000 rursus
3149 2939 3804 3005 ecclesiasticiaderant

2144 3030 2216 3090 ad
2247 3029 2618 3103 instandum,
2653 3028 2828 3091 etiam
2859 3046 2993 3089 cum
3025 3027 3116 3089 rei
3174 3036 3393 3090 essent.
3428 3029 3555 3091 Nec
3577 3029 3706 3108 jam
3737 3039 3801 3092 ut

415 3124 588 3203 μείξον
645 3126 826 3193 ἀταξία
876 3116 1110 3209 κατέσχε
1198 3131 1260 3185 τὸ
1330 3116 1586 3210 δεύτερον,
1645 3116 1845 3186 λοιπόν
1902 3126 2060 3186 ἔλυσα

2150 3116 3126 3198 interrogarentur,ex5pectabant;
3139 3117 3244 3179 sed
3261 3135 3394 3179 mox
3424 3118 3623 3180 omnia
3640 3137 3772 3181 com
3786 3153 3800 3163 -

414 3217 504 3272 καί
531 3214 692 3273 πάλιν
719 3217 817 3284 τὴν
848 3216 1155 3292 ἐκκλησίαν,
1190 3220 1279 3275 καὶ
1333 3220 1433 3287 τὴν
1504 3220 1726 3290 ζήτησιν
1760 3218 2060 3299 ἀνήρτησα,

412 3304 848 3385 προχειρίσασθαι
877 3307 1261 3387 παραγγείλας,
1326 3310 1399 3373 εἰς
1456 3307 1750 3388 ἀπολογίαν
1795 3307 1886 3387 ἀφ’
1942 3308 2063 3368 ἐκά-

413 3413 539 3450 στου
617 3393 726 3450 τῶν
780 3392 1240 3462 ἐκκλησιαστικῶν
1294 3398 1625 3476 ταγμάτων,
1669 3395 1757 3455 δύο
1820 3399 1988 3479 τυχὸν
2025 3397 2062 3466 ἢ

415 3482 504 3539 καὶ
559 3496 732 3563 τρεῖς,
788 3483 912 3549 τοὺς
1001 3483 1162 3564 λόγον
1238 3484 1549 3566 στρογγόλει
1630 3484 1934 3564 εἷδήμονας,
1977 3490 2066 3546 καὶ

414 3572 584 3637 εἷπελν
606 3575 695 3628 καὶ
723 3571 943 3632 ἀκοῦσαι
1003 3572 1398 3650 δοκιμωτάτους
1432 3592 1448 3608 ·
1508 3575 1793 3653 ὲπῖὶγεσθαι
1857 3598 1914 3633 τε
1966 3598 2064 3634 κε-

413 3658 604 3724 λεύσας
626 3661 717 3717 καὶ
743 3660 907 3728 θείους
948 3663 1199 3738 κανόνας,
1247 3666 1291 3720 εἱ
1348 3662 1564 3744 ἔχουσιν
1617 3652 1903 3728 ἐναντίους
1935 3667 2066 3745 πρὸς

410 3750 554 3828 παρά
582 3754 689 3806 τῶν
744 3749 1059 3817 ἀπεναντίας
1127 3752 1562 3835 προφερομένοις,
1631 3753 1667 3823 ἢ
1745 3752 1900 3835 ἕτερα
1950 3777 2067 3813 τινα

411 3835 764 3915 δικαιώματα.
836 3839 1125 3922 Ἐπισχετν
1166 3839 1222 3897 δὲ
1275 3844 1336 3898 τὸ
1382 3840 1583 3911 πλῆθος
1637 3842 1733 3901 καὶ
1788 3845 1879 3901 τὸν
1934 3846 2065 3924 σύρ-

410 3948 552 4008 φακα
579 3925 773 4007 ὄχλον,
803 3928 862 3985 οὒ
890 3930 982 3985 σὺν
1012 3937 1089 4006 τῷ
1119 3928 1324 4006 δικαίῷ,
1371 3932 1464 3988 σὺν
1649 3929 1704 3988 δὲ
1771 3938 1871 4001 τῆς
1915 3931 2066 4002 δίκης

410 4016 867 4098 ἀποπειρώμενον,
962 4020 1051 4076 καὶ
1132 4020 1451 4101 συγχέοντα,
1547 4022 1635 4077 καὶ
1689 4018 1933 4079 θλίϐοντα
2001 4024 2062 4081 τὸ

409 4106 782 4186 ἀκροατήριον.
840 4106 1183 4188 Ἐθτρεπίσθη
1227 4111 1317 4167 καί
1357 4109 1518 4168 πάλιν
1573 4109 1830 4179 ἐκκλησία
1885 4113 2057 4192 τρίτη,

410 4196 510 4253 Καὶ
539 4199 892 4277 συμπαρῆσαν
952 4195 1181 4263 ἅπαντες
1239 4200 1285 4256 οἱ
1349 4198 1787 4280 προτεταγμένοι,
1846 4200 2061 4280 ἠνεῳγ-

407 4281 572 4357 μένας
615 4282 838 4365 ἔχοντες
906 4287 996 4343 καὶ
1060 4285 1298 4353 ἑστώσας
1353 4290 1428 4352 ὡς
1496 4290 1628 4368 πρὸς
1698 4289 1913 4370 ἀκρόσιν
1966 4292 2061 4356 τὰς

2146 3207 2464 3290 plebantur
2493 3208 2780 3269 indecora
2806 3206 2955 3269 facie
3001 3224 3204 3269 rerum
3226 3224 3295 3269 ac
3326 3206 3796 3287 perturbatione,

2146 3299 2457 3379 majorque
2488 3297 2761 3360 confusio
2791 3304 2917 3359 erat
2944 3296 3004 3358 in
3054 3296 3265 3377 altero,
3302 3315 3478 3377 quam
3506 3297 3567 3358 in
3598 3296 3801 3379 priore

2146 3386 2421 3449 concilio.
2461 3386 2861 3460 Quamobrem
2893 3385 3093 3447 denuo
3146 3384 3499 3447 concionem
3539 3386 3707 3461 solvi,
3742 3395 3801 3448 et

2146 3493 2395 3538 examen
2422 3475 2680 3557 sustuli;
2742 3493 2874 3538 cum
2923 3472 3264 3554 jussissem,
3325 3484 3390 3536 ut
3434 3476 3802 3557 exponendas

2147 3582 2341 3626 causae
2370 3564 2489 3627 duo
2515 3564 2613 3627 vel
2644 3572 2766 3627 tres
2794 3583 2827 3626 e
2851 3562 3671 3644 quolibetecclesiasticorum
3692 3582 3800 3626 or-

2149 3653 2356 3716 dinum
2391 3653 2809 3733 seligerentur,
2863 3652 2965 3733 qui
3013 3652 3271 3713 rotunde
3300 3670 3427 3713 rem
3461 3670 3798 3734 proponere

2147 3750 2414 3817 nossent,
2449 3760 2518 3805 ac
2548 3751 2669 3804 tum
2698 3740 3006 3823 loquendi,
3040 3748 3165 3801 tum
3222 3740 3506 3802 audiendi
3556 3743 3793 3803 modum

2147 3841 2309 3893 recte
2335 3838 2629 3894 tenerent.
2662 3830 2850 3894 Simul
2873 3830 3054 3905 edixi,
3089 3847 3290 3891 sacros
3311 3829 3678 3893 adducerent
3702 3849 3795 3893 ca-

2149 3938 2363 3995 nones,
2396 3921 2448 3983 si
2496 3939 2645 4003 quos
2700 3918 2995 3982 haberent
3035 3917 3369 3980 contrarios
3412 3917 3510 4001 iis,
3568 3917 3673 4000 qui
3719 3920 3793 3982 ab

2147 4008 2397 4072 adversa
2428 4019 2595 4091 parte
2627 4009 3021 4090 proferentur,
3047 4012 3150 4071 aut
3176 4006 3523 4088 aliajurium
3543 4008 3797 4071 admini-

2146 4099 2279 4161 cula
2295 4116 2309 4161 :
2327 4097 3020 4179 multitudineminterim
3034 4096 3549 4179 promiscuamque
3560 4097 3791 4161 turbam

2145 4188 2521 4270 cohibentes,
2550 4207 2682 4271 qua;
2712 4208 2832 4251 non
2862 4205 2940 4252 ex
2969 4186 3124 4269 aequi
3153 4194 3213 4250 et
3240 4186 3384 4249 boni
3411 4187 3663 4266 ratione,
3688 4187 3794 4251 sed

2144 4276 2202 4339 vi
2232 4296 2469 4341 causam
2502 4279 2817 4360 disceptet,
2847 4279 3164 4361 ipsumque
3192 4276 3550 4340 auditorium
3599 4276 3798 4341 turbet

405 4371 607 4430 ἑαυτῶν
645 4373 831 4443 ἀκοὰς,
889 4375 978 4433 καὶ
1020 4376 1253 4453 οἶόμενσι
1324 4366 1636 4436 ἀκούσεσθαί
1702 4366 1779 4435 τι’
1816 4377 2061 4459 λαμπρὸν

2150 4385 2215 4431 ac
2243 4376 2433 4431 vexet.
2490 4366 2694 4450 Itaque
2722 4386 2934 4459 rursus
2970 4366 3240 4459 instituta
3269 4366 3568 4459 concione,
3589 4366 3789 4443 tertio,

403 4463 492 4550 καὶ
531 4474 801 4542 γενναῖον.
834 4460 986 4522 Ἀλλ’
1017 4464 1083 4534 ἦν
1113 4464 1260 4524 οῦδὲν
1313 4464 1541 4543 οὐδαμοῦ
1568 4474 1806 4527 τοιοῦτον
1830 4485 1846 4500 °
1891 4455 2060 4550 ὅχλος

2150 4473 2547 4520 convenerunt
2580 4457 2845 4521 universi
2875 4458 2952 4521 de
2981 4455 3208 4550 quibus
3254 4456 3503 4533 dictum,
3545 4458 3795 4550 jamque

406 4547 485 4626 δὲ,
543 4552 634 4609 καὶ
686 4554 861 4634 θροῦς,
948 4555 1038 4612 καὶ
1134 4553 1479 4624 ἐνθουσιώδης
1545 4558 1708 4637 ὁρμὴ,
1766 4558 1854 4615 καὶ
1892 4545 2062 4636 δῆνμος

2150 4555 2380 4637 apertas
2410 4555 2729 4637 et_erectas
2757 4547 2832 4609 ad
2860 4545 3318 4637 auscultandum
3374 4563 3554 4637 aures
3604 4545 3792 4609 babe-

405 4637 566 4698 πάλιν
593 4638 938 4723 παρέϐακχόν
980 4665 1032 4702 τι
1072 4644 1286 4722 βλέπων
1353 4646 1441 4702 καὶ
1484 4634 1726 4722 μανικὸν,
1800 4648 1889 4704 καὶ
1918 4634 2058 4706 πολ·-

2150 4634 2308 4712 bant,
2342 4635 2498 4718 quod
2526 4636 2750 4717 aliquid
2783 4636 2874 4698 rei
2903 4635 3236 4716 splendida;
3263 4652 3332 4696 ac
3380 4634 3679 4715 praeclara
3727 4653 3794 4699 se

404 4727 514 4815 λων
540 4728 717 4810 λόγων
755 4732 956 4808 ματαία
996 4731 1175 4813 τριϐὴ,
1208 4736 1284 4801 ὡς
1325 4735 1664 4815 τοπρότερον.
1741 4735 2058 4795 Τελευταῒον

2150 4726 2445 4815 audituros
2477 4733 2775 4815 putarent.
2810 4724 3034 4815 Verum
3064 4723 3213 4785 nihil
3233 4741 3482 4815 usquam
3504 4731 3631 4815 erat
3650 4723 3789 4815 tale,

405 4814 460 4874 δὲ
491 4820 627 4895 μετὰ
667 4818 872 4885 πολλὰς
917 4811 1040 4889 τῆς-
1066 4822 1271 4903 ἡμέρας
1340 4811 1504 4903 ὥρας,
1554 4811 1665 4881 *καὶ
1720 4827 1836 4905 περὶ
1878 4823 2055 4895 δείλην

2150 4814 2245 4876 sed
2278 4833 2476 4905 merus
2505 4814 2747 4877 omnino
2769 4813 3144 4889 tumultus,et
3163 4813 3468 4905 strepitus,
3503 4811 3792 4875 etincita-

405 4907 718 4996 ὀψίαν,νῆδη
759 4907 910 4978 δόξαν
939 4910 1107 4976 οὕτως
1148 4900 1358 4990 αῦτοϊς,
1389 4900 1494 4979 ἐἷς
1543 4913 1703 4991 μέσον
1758 4900 2051 4996 προετέθη-

2150 4912 2238 4966 tus
2266 4904 2604 4968 animorum
2639 4905 2921 4985 impetus,
2981 4911 3040 4966 et
3095 4902 3348 4982 populus
3376 4900 3594 4996 iterum
3628 4921 3794 4967 more

407 4995 804 5079 χρυσόόουλλον
892 5002 1259 5082 προσκυνῃτὸν
1342 4989 1437 5082 τοῦ
1488 4989 1758 5064 θειοτάτου
1802 4989 2059 5079 ’κράτους

2150 4992 2556 5056 bacchantium
2587 4992 2859 5055 furentes
2917 4997 3225 5082 ostentans
3277 4989 3503 5082 oculos,
3549 5000 3609 5052 et
3635 4992 3794 5054 mul-

405 5077 521 5164 σου,
580 5094 648 5166 τῇ
702 5087 915 5169 μεγάλῃ
937 5077 947 5082 ⁷
967 5077 1314 5171 φιλοτι-μηθὲν
1428 5081 1739 5173 Ἐκκλησία,
1797 5077 1887 5150 ἐπί
1952 5116 2060 5158 τισι

2150 5094 2339 5146 torum
2369 5083 2685 5145 verborum
2717 5100 2829 5145 ceu
2857 5081 3020 5162 prius
3049 5079 3225 5142 etiam
3259 5077 3596 5173 acciderat,
3645 5097 3795 5143 vana

407 5177 505 5253 μὲν
571 5178 662 5235 καὶ
718 5167 901 5244 ἄλλοις
955 5167 1256 5260 θεφαλαίοις
1312 5179 1603 5263 διαφόροις,
1682 5167 1936 5263 περιέχον
2003 5181 2059 5240 δὲ

2150 5191 2392 5237 consum
2402 5172 2545 5254 ptio.
2563 5170 2837 5263 Tandem,
2853 5177 2985 5263 post
3004 5169 3218 5263 multas
3238 5167 3360 5231 diei
3382 5170 3793 5263 horas,etsero

404 5266 638 5351 καί-περὶ
706 5266 803 5336 τῆς
844 5258 1173 5345 ζητουμένης
1227 5258 1481 5344 ταύτης(
1522 5258 1785 5351 προσέπος
1838 5258 2005 5328 ταῦτα
2038 5287 2053 5303 ’

2150 5264 2255 5341 iam
2289 5280 2563 5344 vespero,
2594 5261 2758 5351 quod
2786 5259 2877 5351 eis
2906 5259 2987 5322 ita
3015 5258 3205 5351 visum
3239 5266 3418 5351 esset,
3453 5258 3684 5351 prolata
3704 5266 3794 5320 est

412 5377 441 5411 α
476 5344 646 5414 υΟσαι
677 5353 734 5412 δὲ
774 5344 1018 5437 ἀρχῆθεν
1078 5357 1363 5417 ἐπισκοπαὶ
1415 5359 1490 5424 εἷς
1546 5344 1680 5435 ῦψος
1742 5358 2057 5440 ἀνήχθησαν

2150 5355 2201 5417 in
2231 5353 2496 5417 medium
2524 5347 2883 5415 venerabilis
2936 5365 3120 5412 aurea
3171 5346 3333 5411 bulla
3379 5347 3794 5440 sacratissima

406 5441 508 5514 ἤδη
532 5443 937 5526 μητροπόλεων,
998 5444 1035 5515 ἢ
1082 5447 1172 5505 καὶ
1227 5447 1513 5508 ἐπισκοπαὶ
1567 5450 1643 5515 εἷς
1701 5438 2056 5529 ἀρχιεπισκο-

2150 5443 2470 5529 majestatis
2498 5451 2637 5525 tum,
2668 5441 2883 5526 majori
2909 5457 3200 5506 concessa
3224 5439 3533 5519 Ecclesia,
3563 5457 3696 5504 cum
3716 5438 3795 5503 de

1734 5614 2000 5683 VARIE
2039 5615 2371 5686 LECTION
2374 5611 2487 5682 ES.

484 5737 551 5790 ‘9
578 5739 675 5797 οὒκ
704 5738 1075 5819 ἐπισχεθῆναι.
1158 5738 1223 5791 ⁵ο
1262 5742 1399 5808 ἧκον
1429 5745 1503 5810 είς
1534 5739 1795 5821 δευτέραν.
