4130 6428
384 381 502 450 867

1747 383 1780 446 J
1785 381 1880 445 US
1918 380 2367 446 CANONIGUM

3654 371 3776 439 868

386 516 520 579 aliis
551 515 902 598 quibusdam
935 517 1206 580 diversus
1258 515 1551 598 capitulis,
1615 523 1735 579 tum
1767 515 1844 576 de
1875 531 2018 595 qua}

2125 521 2240 570 πῶν
2283 513 2319 581 ἢ
2390 511 2773 592 μητροπόλεων
2817 510 3020 586 ἀξίωμα
3076 507 3514 583 ἀνεϐιϐάσθησαν,
3565 506 3772 565 ἔσονται

385 607 581 669 stione
613 607 916 688 proposita
955 607 1362 687 complectens
1419 607 1548 668 haec
1606 605 1676 666 ad
1733 601 1979 665 verbum
2017 619 2031 664 :

388 721 414 752 ι
449 695 803 777 Quicunque
834 715 971 758 vero
1031 697 1408 777 episcopatus
1460 695 1814 775 jamdudum
1849 690 2032 753 evecti

384 785 604 847 suntad
633 785 1050 866 metropolium
1066 784 1512 857 sublimitatem,
1538 785 1627 846 vel
1651 784 1700 844 si
1730 782 2036 862 episcopa-

380 882 474 935 tus
529 873 602 934 ad
635 873 1276 954 archiepiscopatuum,
1325 881 1424 933 aut
1479 871 1895 949 metropolium
1939 868 2028 928 di-

380 961 663 1041 gnitatem
697 961 1102 1023 ascenderunt
1134 981 1148 1022 :
1215 959 1539 1023 manebunt
1590 970 1649 1023 et
1679 959 1791 1038 ipsi
1824 957 2030 1020 eadem

376 1049 438 1112 in
472 1049 757 1127 dignitate
785 1068 853 1110 ac
881 1050 1092 1130 gradu,
1140 1068 1251 1111 nec
1283 1069 1387 1112 eos
1415 1049 1729 1130 quisquam
1764 1047 1836 1108 ad
1873 1046 2030 1107 infe-

2119 605 2205 660 xui
2236 603 2385 659 αὗται
2433 603 2518 659 ἐπὶ
2547 606 2643 670 τῆς
2678 602 2841 669 αὐτῆς
2913 599 3054 666 ἀξίας
3087 600 3311 656 ἑστῶσαι
3382 600 3470 655 καὶ
3533 599 3767 674 βάσεως,

2119 694 2204 748 καὶ
2237 690 2398 757 obesi:
2457 691 2649 754 ταύτας
2706 688 3034 751 ὑποϐιϐάσει,
3108 691 3170 746 τὸ
3224 688 3610 764 ἀμετακίνητον
3683 685 3771 742 καὶ

2118 780 2276 838 πάλιν
2306 781 2614 861 ὀφειλούσας
2641 784 2951 853 κεκτῆσθαι,
3027 779 3203 850 ὥσπερ
3257 777 3322 845 δὴ
3382 778 3470 834 καὶ
3518 776 3766 861 τετύπωτ

2116 892 2225 944 ται,
2259 872 2348 926 καὶ
2398 871 2677 949 γεγόνασιν
2710 885 2724 900 ⁸
2762 871 2805 925 εὶ
2863 871 2938 944 μή
2996 891 3098 925 που
3169 869 3418 947 χρονικὸν
3478 865 3640 944 ἴσως,
3685 857 3772 918 καὶ

2117 959 2425 1036 προσώποις
2498 960 2856 1039 περιγραπτὸν
2911 960 2972 1014 τὸ
3024 960 3269 1014 τοσοῦτον
3340 953 3630 1035 δεδώρηται
3674 975 3768 1032 φι-

2116 1045 2392 1123 λοτίμημα
2422 1050 2563 1127 παρά
2592 1071 2731 1112 τινος
2761 1045 3043 1124 βασιλέως,
3097 1069 3121 1103 ο

375 1141 598 1201 riorem
632 1139 864 1218 rediget
899 1144 1116 1218 locum,
1151 1139 1256 1201 sed
1291 1138 1511 1200 habere
1541 1137 1843 1200 debebunt
1889 1137 2000 1197 hoc
2025 1135 2150 1214 jus,
2198 1143 2262 1196 ut
2311 1137 2578 1198 innovari
2625 1144 2943 1217 nequeant,
2988 1132 3488 1216 quemadmodum
3525 1139 3583 1194 et
3612 1149 3762 1192 san-

379 1231 564 1291 citum
601 1237 689 1290 est
722 1238 780 1289 et
806 1227 1162 1301 obtinuere;
1213 1228 1327 1289 nisi
1378 1229 1528 1289 forte
1578 1226 1936 1290 beneﬁcium
1987 1224 2282 1304 ejusmodi
2331 1245 2439 1288 ceu
2501 1227 2951 1308 temporarium,
2987 1233 3046 1286 et
3075 1224 3348 1306 personis
3378 1219 3762 1285 circumscri-

379 1328 570 1400 ptum,
620 1317 693 1378 ab
723 1318 922 1398 aliquo
955 1322 1043 1380 eis
1072 1318 1433 1398 imperatore
1465 1334 1812 1378 concessum
1847 1314 1941 1375 sit.
1983 1337 2006 1370 υ

468 1410 686 1469 Praeter
716 1408 868 1468 hanc
906 1425 1044 1468 vero
1069 1424 1294 1467 sacram
1329 1407 1546 1467 bullam
1571 1423 1837 1478 auream,
1872 1403 2018 1465 insi-

2191 1406 2326 1484 ΙΙρὸς
2356 1411 2433 1480 τῷ
2467 1406 2685 1482 θείῳςδὲ
2741 1407 2909 1479 τούτῳ
2973 1401 3394 1486 χρυσοϐουλλίῳ,
3453 1399 3764 1481 ἐνεφανίσθη

378 1503 624 1558 nuatum
658 1505 746 1558 est
802 1496 980 1556 etiam
1041 1494 1324 1574 scriptum
1385 1494 1716 1556 constitutae
1745 1492 2018 1554 divinitus

2110 1496 2196 1550 καὶ
2267 1497 2326 1550 τὸ
2407 1497 2692 1570 σημείωμα
2769 1506 2862 1555 τοῦ
2928 1493 3317 1574 θεοπροὸλήτου
3370 1492 3587 1570 κράτους
3647 1509 3764 1560 σου,

379 1585 706 1665 majestatis
736 1592 869 1665 ture,
898 1587 996 1664 jus
1053 1583 1308 1645 dicentis
1338 1600 1496 1664 inter
1524 1585 1845 1644 indicatum
1879 1581 2018 1642 reli-

2112 1582 2306 1658 μεταξὺ
2353 1582 2656 1651 δικάσαντος
2717 1596 2808 1644 τοῦ
2875 1607 2932 1641 τε
3003 1584 3248 1662 ῥηθέντος
3305 1580 3575 1660 θεοφίλοῦς
3649 1600 3768 1653 μη·-

375 1675 606 1753 giosum
651 1672 1169 1754 metropolitanum
1196 1673 1462 1753 Ancyrae,
1490 1692 1558 1734 ac
1596 1671 2018 1733 reverendissi-

2116 1673 2426 1752 τροπολίτου
2482 1675 2764 1754 Ἀγκύρας,
2862 1675 2950 1730 καὶ
3018 1681 3110 1730 τοῦ
3163 1669 3548 1732 εὐλαϐεστάτου
3621 1689 3767 1746 χαρ-

374 1781 538 1824 mum
596 1762 1048 1842 chartularium,
1074 1770 1249 1842 atque
1273 1762 1592 1824 nonnullos
1623 1781 1654 1823 e
1688 1761 1911 1840 majore
1929 1761 2018 1822 De

2117 1762 2431 1844 τοφύλακος,
2464 1766 2553 1822 καί
2600 1787 2757 1821 τινων
2812 1769 2910 1832 τῆς
2967 1772 3060 1822 τοῦ
3111 1768 3240 1818 Θεοῦ
3285 1759 3524 1837 μεγάλης
3565 1755 3767 1866 ἐκκλη-

372 1851 661 1926 Ecclesia,
697 1851 1030 1913 decessoris
1062 1855 1244 1912 nostri
1261 1853 1456 1933 jussu,
1476 1851 1688 1912 missos
1707 1849 2018 1911 obcausau

2117 1853 2228 1918 σίας
2259 1853 2318 1910 ὲκ
2374 1854 2704 1932 προστάξεως
2760 1864 2853 1913 τοῦ
2921 1855 3021 1931 πρὸ
3075 1855 3226 1927 ἡμῶν
3257 1850 3322 1907 τὰ
3378 1855 3474 1915 τῆς
3524 1845 3766 1912 Ἐκκλη-

372 1941 756 2022 propositam,
814 1940 970 2021 quod
1030 1940 1272 2020 quidem
1349 1941 1680 2002 secundum
1741 1939 2018 2018 majorem

2114 1944 2226 2006 σίας
2259 1945 2575 2016 οἰακίζοντος
2621 1943 3021 2024 ἐκπεμφθέντων
3081 1943 3198 2018 περὶ
3253 1942 3351 2006 τῆς
3411 1936 3766 2017 προκειμένης

371 2031 704 2092 Ecclesiam
735 2029 1106 2111 pronuntiat.

451 2127 718 2205 Cumque
744 2132 864 2185 tum
889 2127 1016 2185 haec
1037 2124 1186 2204 ipsa,
1214 2132 1336 2185 tum
1363 2122 1520 2202 longi
1537 2121 1822 2202 temporis
1843 2119 2026 2182 dura-

373 2213 622 2288 tionem,
659 2214 847 2275 instar
876 2214 1128 2292 alicujus
1159 2213 1260 2275 teli
1313 2213 1682 2292 objicerent:
1736 2209 2031 2290 negabant

377 2302 777 2382 abrogandam
810 2322 935 2364 rem
968 2321 1099 2384 qua;
1151 2309 1311 2364 tanto
1363 2303 1486 2382 jam
1523 2301 1804 2382 temporis
1835 2302 2028 2362 inter-

375 2391 533 2454 vallo
559 2411 629 2453 ex
661 2392 834 2471 longa
865 2392 1230 2471 minimeque
1280 2390 1670 2452 interturbata
1703 2397 2028 2452 consuetu-

373 2481 514 2543 dine
546 2479 923 2542 obtinuisset.
959 2479 1102 2552 Quae
1149 2499 1284 2542 cum
1336 2481 1404 2540 ad
1444 2481 1738 2541 tollendos
1767 2495 2028 2542 canones

374 2569 547 2630 nobis
576 2569 730 2630 haud
764 2569 1041 2631 sufﬁcere
1065 2569 1188 2630 visa
1217 2569 1486 2644 fuissent,
1537 2569 1766 2649 ipsique
1797 2577 2026 2630 metro-

375 2658 621 2738 politani
671 2658 1028 2737 permoleste
1081 2659 1303 2720 ferrent
1335 2667 1448 2720 tam
1482 2658 1706 2720 alienas
1735 2677 1767 2719 a
1795 2658 2028 2720 ratione

376 2747 876 2808 contradictiones
908 2747 1447 2810 ecclesiasticorum
1481 2768 1496 2829 ;
1533 2765 1600 2809 ac
1629 2747 1886 2809 vicissim
1919 2765 2024 2808 ac-

375 2836 706 2898 clamarent
737 2835 1149 2918 ecclesiastici,
1213 2843 1274 2898 et
1326 2838 1397 2899 ad
1431 2856 1666 2900 sacrum
1701 2838 2025 2917 imperato-

375 2924 530 2985 rium
561 2924 820 2987 tribunal
855 2935 1262 3006 provocarent,
1328 2945 1437 2988 nec
1498 2927 1660 3008 prius
1689 2946 1754 2988 sc
1783 2945 2022 2989 causam

370 3032 540 3076 suam
563 3021 797 3075 acturos
818 3025 1248 3095 asseverarent,
1287 3016 1400 3076 nisi
1433 3016 1555 3077 haec
1577 3016 1854 3095 abrogata
1874 3017 2024 3078 fuis-

372 3112 504 3164 sent
541 3124 554 3165 :
613 3121 903 3184 suspensa
959 3104 1154 3166 denuo
1189 3104 1302 3166 fuit
1330 3105 1599 3186 quaestio,
1634 3114 1865 3187 tumque
1896 3125 2025 3168 ma-

2111 2031 2428 2115 ὑποθὲσεως,
2462 2032 2692 2091 δικαιοῦν
2735 2034 2831 2102 τήν
2877 2030 3116 2110 μεγάλην
3147 2028 3490 2095 Ἐκκλησίαν,

2196 2114 2308 2188 ’Ὧς
2338 2147 2386 2180 τι
2415 2114 2420 2115 ί
2457 2122 2510 2181 δὲ
2567 2125 2732 2182 ὅπλον
2763 2121 3186 2202 προϐαλλόμενοι
3217 2116 3525 2200 προϐλημα,
3600 2118 3767 2172 ταῦτά

2112 2237 2167 2271 τε
2211 2216 2298 2270 καὶ
2329 2216 2418 2271 τὸν
2449 2217 2648 2293 μακρὸν
2694 2212 2910 2294 χρόνον,
2947 2213 3025 2287 μὴ
3082 2209 3194 2267 δεῖν
3245 2210 3344 2276 τὴν
3398 2209 3486 2264 ἒπὶ
3515 2212 3763 2263 τοσοῦτον

2113 2305 2306 2384 χρόνον
2376 2305 2715 2382 κρατήσασαν
2804 2303 2864 2358 ἐκ
2921 2307 3126 2379 μακρᾶς
3193 2300 3278 2355 καὶ
3337 2293 3765 2376 ἀπαραποδίστου

2111 2382 2382 2460 συνηθείας
2428 2391 2610 2471 πρᾶξιν
2681 2393 2998 2458 ἀθετηθῆναι
3071 2388 3277 2468 ἔλεγον.
3342 2382 3432 2442 Ὧν
3477 2387 3579 2464 ούχ
3634 2385 3760 2438 ἱκα-

2109 2489 2212 2537 νῶν
2280 2485 2415 2557 ἡμῖν
2496 2483 2568 2545 εἰς
2653 2481 2885 2538 κανόνων
2969 2480 3267 2557 καθαίρεσιν
3362 2473 3759 2554 ἀναφανέντων,

2109 2572 2547 2650 ἁγακακτούντων
2579 2568 2632 2626 δὲ
2675 2577 2780 2626 τῶν
2811 2566 3215 2647 μητροπολιτῶν
3269 2565 3355 2622 ἐπὶ
3384 2576 3506 2627 ταῖς
3576 2563 3760 2618 τοιαύ-

2108 2684 2223 2727 ταις
2254 2660 2474 2739 ἀλόγοις
2529 2667 2633 2717 τῶν
2704 2657 3160 2725 ἒκκλησιαστικῶν
3217 2653 3603 2732 ἀντιῤῥήσεσιν,
3635 2651 3760 2707 ἐπι-

2109 2749 2393 2827 ϐοωμένων
2435 2748 2490 2805 δὲ
2534 2751 2756 2806 καὶτῶν
2825 2746 3302 2818 ὲκκλησιαστικῶν,
3364 2743 3450 2798 καὶ
3492 2744 3583 2798 τὸν
3613 2743 3759 2797 θετον

2107 2841 2380 2919 βασιλικὸν
2449 2838 2878 2914 ἐπικαλουμένων
2961 2837 3132 2913 βῆμα,
3207 2835 3295 2890 καὶ
3366 2832 3443 2907 μὴ
3504 2832 3761 2910 πρότερον

2108 2931 2541 3011 ἀπολογήσασθαι
2597 2927 3007 3006 βεβαιουμένων,
3083 2926 3126 2980 εἰ
3185 2924 3264 2999 μὴ
3322 2923 3487 2978 ταῦτα
3557 2920 3756 2986 ἀθετη-

2106 3027 2269 3097 θεῖεν,
2304 3019 2626 3098 μετεωρίσθη
2696 3016 2854 3074 πάλιν
2915 3017 2980 3072 τά
3037 3019 3135 3081 τῆς
3191 3013 3536 3098 ζητήσεωςλ,
3563 3012 3650 3066 καὶ

2108 3113 2202 3180 τῆς
2365 3089 2779 3187 μεγαλειότητος
2829 3104 3064 3170 ἒξενάσει
3122 3101 3426 3180 ἐταμιεύθη,
3479 3089 3634 3155 "'lvu
3703 3095 3759 3152 δὲ

363 3191 599 3272 jestatis
630 3193 888 3254 examini
913 3202 1234 3257 reservata.
1257 3192 1331 3257 Ut
1350 3203 1546 3256 autem
1596 3213 1766 3257 sacra
1791 3214 2018 3278 quoque

2110 3201 2286 3259 καὶτὸ
2317 3199 2465 3278 ἅγιόν
2532 3218 2625 3254 σου
2681 3195 2872 3276 κράτος
2929 3200 3060 3272 γνῷ,
3133 3194 3208 3255 ὡς
3271 3191 3332 3247 ἐκ
3387 3189 3440 3245 ἐν
3514 3187 3760 3266 παρέργῳ

371 3282 649 3361 majestas
684 3294 782 3342 tua
812 3291 1151 3362 c0gnoscat,
1214 3302 1332 3344 non
1389 3283 1464 3344 ob
1497 3283 1722 3345 nullum
1759 3287 2014 3363 pretium

367 3389 564 3450 operae
590 3369 760 3433 nobis
783 3372 896 3433 hoc
918 3375 1114 3432 datum
1145 3372 1327 3433 fuisse
1351 3373 1719 3448 mandatum,
1755 3393 1863 3435 nec
1882 3373 2012 3435 obi-

366 3468 458 3520 ter
487 3468 581 3520 aut
629 3459 999 3540 negligenter
1027 3469 1359 3536 tractatum,
1420 3462 1610 3524 visum
1665 3471 1755 3525 est
1786 3463 2017 3525 medio-

370 3548 564 3611 critati
594 3557 835 3630 nostrae,
872 3569 1110 3612 omnem
1132 3551 1343 3612 librum
1369 3570 1602 3614 sacrum
1637 3552 1702 3627 (si
1733 3553 1864 3614 ﬁeri
1892 3572 2020 3633 pos-

367 3639 480 3719 set)
507 3639 798 3719 evolvere,
825 3658 1143 3721 sacrosque
1173 3657 1438 3703 canones
1461 3645 1766 3704 universos
1785 3642 2022 3705 curiose

369 3728 743 3808 perquirere.
774 3728 968 3809 deque
998 3730 1090 3791 his
1135 3731 1287 3810 ejus,
1341 3747 1459 3812 quo
1491 3731 1564 3792 de
1595 3733 1804 3811 rgitur,
1839 3732 2019 3794 intel—

365 3815 670 3894 ligentiam
724 3819 1054 3899 percipere,
1105 3828 1353 3900 postque
1410 3822 1808 3900 cognitionem
1842 3822 2013 3897 hanc,

363 3905 584 3984 scripto
621 3906 908 3968 exhibere
940 3907 1088 3969 divae
1121 3909 1422 3988 majestati
1480 3920 1593 3971 tuae
1625 3929 1754 3990 quae
1783 3910 2021 3972 inventa

364 4003 588 4055 essent.
625 3993 766 4066 Quae
802 4014 945 4057 sane
978 3998 1317 4059 recensenti
1341 4017 1375 4058 a
1409 3998 1702 4079 principio
1735 3999 1806 4060 ad
1838 4000 2016 4062 ﬁnem

360 4101 687 4164 usque.....
720 4093 858 4146 utet
881 4085 1174 4162 singuluis
1198 4096 1257 4148 et
1278 4089 1670 4167 particulatim
1700 4088 2019 4169 propositis

354 4170 598 4250 juribus
657 4174 942 4252 cujusque
1003 4175 1184 4253 partis
1241 4175 1526 4238 instructa
1591 4185 1691 4238 tua
1742 4177 2018 4256 majestas

363 4260 702 4340 requissima
732 4269 791 4322 et
820 4261 1183 4342 incorrupta,
1238 4274 1398 4325 certo
1425 4274 1744 4344 cognoscat
1772 4266 2018 4346 religio-

361 4365 459 4408 sos
491 4348 1004 4427 metropolitanos,
1036 4351 1137 4431 qui
1168 4351 1243 4412 de
1275 4352 1367 4414 his
1397 4353 1649 4431 litigant,
1675 4373 1792 4416 non
1819 4357 1896 4418 de
1919 4375 2020 4418 re-

359 4433 473 4498 bus
503 4437 727 4517 iniquis
755 4438 1146 4502 contendere.
1182 4440 1560 4523 Quapropter
1596 4443 1758 4518 audi,
1789 4463 2012 4524 quaeso,

355 4525 744 4587 serenissime
772 4526 1121 4607 imperator.
1155 4527 1304 4601 Qum
1337 4529 1508 4591 multi
1535 4548 1796 4593 canones
1818 4533 2014 4594 iume-

2096 3297 2232 3368 ἡμῖν
2288 3289 2439 3356 ἐδόθη
2507 3311 2570 3345 τα
2654 3293 2750 3355 τῆς
2831 3283 3183 3365 προστάξεως,
3283 3279 3398 3338 οὐδὲ
3481 3279 3758 3358 παρέργως

2099 3387 2136 3454 ἢ
2167 3381 2378 3460 ἀμελῶς
2427 3377 2708 3450 ἐξητάσθη,
2783 3373 2894 3431 δεῖν
2968 3373 3105 3453 ἔγνω
3172 3375 3207 3440 ἡ
3258 3369 3544 3460 μετριότης
3599 3372 3755 3460 ἡμῶν

2101 3481 2276 3530 πᾶσαν
2333 3469 2476 3547 ἱερὰν
2532 3463 2712 3543 βιϐλον
2757 3466 2819 3538 (εἰ
2875 3464 2993 3520 οἷόν
3064 3464 3145 3538 τε)
3200 3459 3613 3547 ἀναπτυξασθαι,
3670 3459 3758 3512 καὶ

2103 3563 2276 3620 πάντα
2305 3546 2451 3616 θετον
2519 3555 2715 3612 κανόνα
2771 3552 3305 3632 πολυπραγμονῆσαι,
3373 3550 3461 3606 καὶ
3513 3546 3564 3613 ἐξ
3586 3547 3759 3604 αὐτῶν

2104 3648 2292 3709 λαϐεῖν
2321 3653 2412 3704 τοῦ
2441 3644 2763 3719 ζητουμένου
2797 3641 3100 3717 κατάληψιν
3131 3658 3144 3672 ⁸
3218 3645 3298 3698 κεὶ
3342 3640 3476 3717 μετά
3533 3642 3752 3716 γνῶσιν,

2102 3741 2377 3820 γράμματι
2435 3738 2770 3813 παραστῆσαι
2827 3739 2903 3806 τῷ
2987 3730 3248 3805 θεσπεσίῳ
3293 3730 3473 3809 κράτει
3532 3749 3627 3783 σου
3691 3726 3758 3780 τὰ

2103 3811 2370 3907 έύρεθέντα
2442 3811 2618 3881 πᾶσιν.
2683 3811 2866 3900 υΑπερ
2921 3820 3178 3886 ἐπεξιόντι
3234 3832 3351 3882 τοῖς
3422 3817 3516 3874 ἀπ’
3577 3815 3756 3895 ἀρχῆς

2104 3905 2264 3998 μέχρι
2295 3913 2613 3978 τέλους,....
2647 3910 2789 3976 ὅπως
2821 3912 2926 3967 ἀπὸ
2955 3918 3060 3967 τῶν
3121 3912 3420 3967 καθέκαστα
3475 3907 3562 3964 καὶ
3621 3905 3757 3961 κατά

2102 3991 2258 4086 μέρος
2288 4002 2655 4081 δικαιολογίων
2685 4001 2904 4057 ὲκάττου
2963 4006 3068 4056 τῶν
3115 4006 3291 4079 μερῶν
3345 3995 3576 4054 λαϐοῦσα
3608 3991 3758 4060 εἴδη-

2102 4083 2183 4152 σιν
2213 4098 2248 4164 ἡ
2322 4092 2629 4157 δικαιοτατη
2683 4091 2770 4146 καὶ
2840 4087 3072 4168 ἆρῤεπης
3125 4087 3366 4164 βασιλεία
3423 4108 3540 4162 σου,
3597 4083 3752 4160 μάθοι

2100 4187 2188 4242 καὶ
2231 4183 2588 4263 πληροφορίαν
2631 4176 2805 4258 λάϐοι,
2840 4180 2912 4244 ὡς
2955 4179 3047 4234 οὐκ
3117 4176 3202 4234 ἐπ’
3273 4175 3475 4238 ἀδίκοις
3534 4176 3583 4263 oi
3635 4173 3753 4250 περὶ

2101 4275 2302 4331 τούτων
2351 4262 2665 4348 νμαγόμενοι
2723 4266 2990 4348 θεοφιλεῖς
3066 4264 3458 4345 μητροπολτται
3515 4262 3749 4344 φιλονει-

2102 4371 2303 4424 κοῦσιν.
2365 4359 2562 4420 Οὐκοῦν
2623 4359 2709 4414 καὶ
2794 4355 3040 4430 ἄκουσον,
3108 4355 3439 4436 γαληνότατε
3509 4351 3749 4431 βασιλεῦ,

2107 4450 2324 4508 Πολλῶν
2353 4451 2590 4505 κανόνων
2647 4447 2718 4511 εἷς
2761 4447 2921 4522 μέσον
2979 4445 3230 4502 τεθέντων
3285 4446 3372 4501 καὶ
3442 4447 3594 4522 ἱερῶν
3662 4438 3750 4497 ϐι-

2100 4539 2266 4616 ϐλῷν,
2301 4538 2481 4618 εὑρέθη
2545 4535 2604 4592 ἐκ
2631 4535 2857 4609 τούτων,
2919 4538 2990 4598 ὡς
3024 4534 3145 4602 ἑξῆς
3215 4533 3604 4610 δηλωθήσεται,
3677 4533 3752 4593 ὡς

356 4611 518 4675 dium
555 4614 716 4704 allati
779 4615 1029 4678 fuissent
1088 4618 1382 4699 multique
1423 4618 1561 4680 libri
1618 4620 1770 4682 sacri
1800 4638 2014 4702 reper-

2105 4633 2156 4687 τὸ
2187 4611 2292 4692 ⁷τάς
2326 4611 2616 4688 ἐπισκοπὰς
2674 4627 2746 4690 εἷς
2817 4623 3200 4704 μητροπόλεων
3255 4624 3386 4700 ὕψος
3443 4623 3748 4700 ἀνάγεσθαι,

361 4712 482 4766 tum
515 4721 586 4766 ex
619 4703 716 4794 eis
734 4712 846 4794 est,
903 4705 987 4767 uti
1041 4705 1326 4787 deinceps
1382 4707 1762 4786 indicabitur,
1799 4711 2016 4772 multos

2105 4719 2286 4778 πολλοὶ
2357 4719 2444 4774 καὶ
2500 4717 2626 4794 ἱεροὶ
2680 4717 2768 4771 καὶ
2825 4703 2960 4772 θεῖοι
3015 4717 3260 4786 κανόνες,
3343 4716 3432 4770 καὶ
3489 4711 3752 4770 πολιτικοὶ

355 4809 558 4854 sacros
587 4812 656 4854 ac
689 4793 921 4884 divinos
951 4813 1234 4884 canones,
1266 4798 1544 4878 legesque
1564 4798 1786 4873 civiles,
1813 4808 1871 4860 et
1890 4807 2018 4861 acta

2105 4808 2396 4884 νόμοιηκαὶ
2447 4793 2660 4884 πράξεις
2729 4803 3024 4861 καθολικῶν
3113 4804 3278 4882 ἅγίων
3339 4801 3566 4860 συνόδων
3649 4824 3755 4858 κω-

353 4889 692 4943 sanctarum
725 4883 1148 4946 universalium
1183 4887 1541 4965 synodorum
1567 4894 1789 4962 vetare,
1828 4907 1905 4949 ne
1933 4889 2006 4949 ad

353 4971 772 5051 metropolium
796 4971 1220 5035 sublimitatem
1235 4975 1611 5055 episcopatus
1633 4977 1959 5038 evehantur
1989 4995 2002 5040 :

351 5075 484 5118 cum
512 5059 786 5122 ordinem
809 5061 1061 5141 singulis
1083 5061 1442 5144 modumpue
1465 5070 1745 5146 statuant,
1769 5083 1879 5128 nec
1903 5066 2009 5128 ulli

346 5163 547 5208 rerum
581 5150 732 5211 ﬁnes
765 5151 1086 5226 transilire,
1113 5151 1628 5232 velappeterenou
1643 5155 2008 5216 convenien-

351 5234 455 5314 tia,
501 5239 881 5325 permittant.
942 5240 1134 5322 Atque
1192 5241 1276 5302 uti
1324 5242 1571 5306 minime
1623 5243 2008 5325 producentis

350 5324 631 5387 omnibus
656 5327 986 5390 orationem
1017 5330 1401 5409 prolixiorem
1425 5324 1672 5404 faciens,
1701 5334 1887 5396 sacris
1909 5354 1983 5397 au

346 5411 514 5473 ribus
538 5414 652 5476 tuis
679 5416 962 5478 molestus
983 5418 1120 5494 sim,
1148 5419 1358 5481 saltem
1385 5421 1630 5500 prolatis
1652 5423 1713 5484 in
1745 5424 2007 5486 medium

351 5503 596 5582 majoris
619 5509 903 5567 momenti
931 5507 1264 5571 canonibus
1286 5519 1345 5570 et
1367 5527 1438 5572 ex
1463 5511 1678 5591 quibus
1701 5512 1846 5574 solis
1876 5514 2009 5575 elu-

349 5608 594 5686 cescere
624 5592 846 5686 veritas
869 5595 1111 5686 poterit,
1145 5605 1394 5660 caeteros
1427 5601 1717 5663 omittam.
1745 5605 1889 5666 Cum
1917 5623 2011 5686 pa-

346 5679 609 5745 triarcha
638 5683 881 5765 quidam
913 5684 1337 5750 Antiochenus
1383 5689 1526 5751 olim
1575 5679 2010 5760 ordinationem

2091 4898 2291 4972 λύουσι,
2339 4895 2482 4961 τάξιν
2516 4894 2724 4969 ἑκάστῳ
2766 4895 2855 4950 καὶ
2903 4894 3067 4951 τόπον
3137 4893 3478 4969 ἒπιτιθέντες,
3524 4893 3614 4949 καὶ
3673 4896 3751 4968 μὴ

2090 4987 2264 5061 πηδᾷν
2309 4985 2579 5064 ὑπερόρια,
2630 4981 2755 5060 μηδ’
2813 4983 3045 5064 ἐφίεσθαι
3099 4983 3474 5062 ὶπιτρέπονττς
3513 4990 3618 5039 τῶν
3689 4984 3750 5040 ού

2091 5075 2492 5157 προσηκόντων.
2531 5074 2627 5131 Καὶ
2657 5071 2748 5130 ἵνα
2780 5073 2858 5148 μὴ
2917 5075 3166 5148 μηκύνων
3236 5079 3304 5150 τῇ
3359 5079 3464 5129 τῶν
3535 5071 3750 5128 πάντων

2091 5171 2415 5245 παραγωγῇ,
2488 5176 2610 5226 ταῖς
2654 5175 2777 5226 ταῖς
2849 5163 3020 5241 ἁγίαις
3074 5162 3286 5243 ἐνοχλῶ
3385 5163 3595 5238 ἀκοαῖς,
3629 5164 3750 5228 τοὺς

2088 5253 2464 5334 καιριωτέρους
2512 5251 2715 5330 προθεὶς
2772 5253 2844 5316 εἰς
2920 5253 3102 5328 μέσον.
3177 5254 3264 5309 καὶ
3321 5250 3374 5308 ἐν
3443 5254 3519 5307 ῶν
3589 5253 3750 5328 μόνον

2091 5343 2306 5402 δυνατόν
2337 5341 2447 5398 ἐστι
2498 5341 2598 5407 τὴν
2668 5337 2916 5409 ἀλήθειαν
2973 5340 3322 5421 ἀναφανῆναι,
3385 5341 3503 5406 τοὺς
3560 5341 3750 5412 ἄλλους

2091 5431 2502 5507 καταλιμπάνω,
2570 5429 2907 5508 Πατριάρχου
2975 5430 3075 5508 γάρ
3157 5453 3296 5496 τινος
3389 5429 3745 5512 Ἀντιοχείας,

2092 5530 2199 5581 τῶν
2270 5520 2326 5576 ἕν
2386 5521 2578 5598 Κύπρῳ
2633 5517 2969 5586 Ἐκκλησιῶν
3029 5525 3129 5587 τῆς
3183 5520 3513 5601 χειροτονίας
3581 5519 3746 5578 πάλαι

2094 5610 2476 5692 ἀντεχομένου,
2509 5610 2596 5664 καὶ
2651 5609 2925 5678 ζητήσεως
2981 5611 3103 5690 περὶ
3141 5612 3330 5670 τούτου
3371 5610 3426 5667 ἐν
3496 5617 3564 5687 τῇ
3622 5611 3747 5688 ἁγίᾳ

2095 5705 2182 5761 καὶ
2236 5698 2490 5775 καθολικῇ
2546 5699 2695 5776 τρίτῇ
2765 5695 2964 5771 συνόδῳ
3053 5700 3368 5782 γενομένης,
3482 5700 3744 5780 ἀπόφασις
