4130 6422
364 369 487 440 869
1733 374 2417 444 GBECO-BOMANUM
3652 371 3776 440 870

363 505 475 558 τῶν
514 504 670 559 θείων
708 501 864 572 ἐδόθη
935 502 1205 583 Πατέρων,
1267 506 1341 571 ὡς
1413 507 1442 562 ὁ
1495 494 1546 578 ζ’
1597 506 1793 576 ταύτης
1847 513 2022 572 κανὼν

2122 507 2498 570 ecclesiarum
2532 507 2703 589 Cypri
2731 505 2846 568 sibi
2904 507 3253 589 vindicaret,
3313 508 3512 590 deque
3539 507 3654 572 hoc
3701 507 3764 570 in

369 591 677 674 παρίστησι,
739 593 959 660 τοιαύτη
994 609 1008 624 ⁸
1065 617 1087 650 c
1140 600 1366 674 Πρᾶγμα
1436 596 1578 675 παρὰ
1646 600 1766 664 τοὺς
1825 601 2028 670 ἐκκλη-

2122 604 2312 658 sancta
2341 605 2400 657 et
2446 595 2768 658 universali
2802 596 2975 657 tertia
3001 597 3224 678 synodo
3255 599 3577 678 quaesitum
3613 597 3768 660 fuis-

373 699 399 734 α
465 683 771 747 σιαστικοὺς
843 685 1066 746 θεσμοὺς
1112 687 1199 740 καὶ
1240 686 1360 750 τὼς
1407 685 1630 750 κανόνας
1689 697 1796 745 τῶν
1869 692 2028 770 ἁγίων

2122 693 2251 748 set:
2306 685 2602 746 sententia
2652 685 2918 746 divorum
2981 688 3214 747 Patrum
3292 685 3450 746 edita
3506 695 3596 748 est
3651 687 3763 748 hu-

376 793 406 823 α
441 771 690 850 Πατέρων
731 775 1228 850 καινοτομούμενον,
1278 776 1365 831 καὶ
1414 781 1512 842 τῆς
1581 779 1793 834 πάντων
1877 781 2028 839 ἐλευ-

2122 773 2403 854 iusmodi,
2436 773 2608 836 sicuti
2631 792 2818 835 canon
2854 773 3079 836 eisdem
3142 775 3430 854 septimus
3461 775 3760 837 declarat:

377 881 404 914 α
453 862 625 939 θερίας
691 861 1013 948 ἀπτόμενον,
1098 862 1484 943 προσήγγειλεν
1553 868 1580 922 ὁ
1630 868 2032 948 θεοφιλέστατος

377 948 730 1014 «ἐπίσκοπος
783 942 1058 1030 Ῥηγῖνος,
1108 955 1194 1009 καὶ
1262 942 1330 1009 oi,
1363 955 1454 1009 σὺν
1511 959 1652 1031 αὒτῷ
1722 942 2034 1016 εὐλαϐέστα-

379 1059 401 1090 α
437 1058 520 1093 τοι
582 1038 858 1124 ἐπίσκοποι
901 1046 998 1107 τῆς
1072 1043 1310 1120 Κυπρίων
1381 1043 1642 1124 ἐπαρχίας
1708 1048 1889 1118 Ζήνων
1945 1051 2032 1105 καὶ

377 1150 404 1180 ιι
442 1126 721 1205 Εὐαίγριος,
801 1118 968 1187 υΟίὶεν
1025 1118 1208 1197 ἐπειδῆ
1291 1132 1358 1186 τα
1400 1118 1558 1190 κοινά
1593 1136 1734 1203 πάθη
1795 1138 2030 1211 μείζονος

378 1234 403 1269 α
453 1211 622 1272 δεῖται
644 1218 945 1298 θεραπείας,
990 1220 1063 1283 ὡς
1094 1220 1180 1275 καὶ
1221 1222 1432 1295 μείζονα
1474 1223 1574 1289 τὴν
1644 1222 1847 1293 ϐλάϐην
1931 1227 2030 1307 φέ-

377 1326 407 1357 α
440 1325 617 1394 ροντα,
663 1308 750 1362 καὶ
805 1305 1061 1388 μάλιστα,
1122 1310 1168 1364 εἷ
1226 1310 1363 1384 μηδὲ
1421 1311 1535 1376 ἕθος
1595 1312 1827 1393 ἀρχαῖον
1887 1305 2029 1394 παρ-

380 1415 410 1446 (
443 1391 824 1471 ηκολούθησεν,
869 1396 1006 1453 ὥστε
1073 1399 1164 1453 τὸν
1213 1397 1498 1456 ἐπίσκοπον
1552 1391 2029 1485 τῆς-ίιὶντιοχέων

381 1504 411 1536 α
459 1480 666 1548 πόλεως
697 1485 791 1548 τὰς
837 1485 891 1540 ἐν
924 1487 1115 1564 Κύπρῳ
1173 1492 1442 1545 ποιεῖσθαι
1501 1495 1852 1571 χειροτονίας,
1889 1480 2032 1552 καθά

382 1590 410 1628 ι
458 1568 541 1629 διὰ
570 1573 676 1628 τῶν
705 1571 962 1631 λιϐἐλλων
993 1577 1080 1633 καὶ
1149 1578 1256 1634 τῶν
1313 1568 1746 1649 οἰκείωνίφωνιῦν
1802 1581 2031 1649 ἐδίδαξαν

379 1682 408 1715 α
442 1662 489 1716 οἶ
519 1659 890 1721 εὖλαϐἐστατοι
921 1663 1124 1744 ἄνδρες,
1199 1671 1246 1722 οἱ
1293 1668 1394 1735 τὴν
1457 1647 1714 1749 πρόσοδον
1797 1678 1865 1748 τῇ
1910 1674 2032 1752 ἁγίᾳ

380 1772 405 1804 a
471 1750 668 1827 συνόδῳ
723 1756 1097 1830 ποιησάμινοι,
1159 1756 1327 1823 ἕξουσι
1382 1760 1443 1816 τὸ
1501 1760 1892 1840 ἀνεπηρέαστον
1944 1750 2030 1819 καὶ

379 1862 408 1893 α
443 1837 682 1898 ἀϐίαστον
715 1846 761 1898 οἱ
789 1849 895 1899 τῶν
936 1846 1098 1923 ἁγίων
1158 1845 1491 1915 Ἐκκλησιῶν
1560 1858 1666 1907 τῶν
1737 1853 1872 1908 κατὰ
1934 1853 2033 1920 τὴν

381 1949 410 1982 α
444 1929 648 2008 Κύπρον
680 1940 1028 2010 προεστῶτες,
1095 1937 1232 1992 κατὰ
1272 1937 1392 2002 τοὺς
1449 1939 1672 2006 κανόνας
1731 1947 1837 1997 τῶν
1876 1943 2034 1997 ὁσίων

382 2039 412 2070 α
447 2019 714 2100 Πατέρων,
776 2023 862 2078 καὶ
890 2023 989 2091 τὴν
1058 2023 1288 2104 ἅρχαιαν
1332 2029 1630 2108 συνήθειαν,
1690 2027 1765 2085 δι’
1835 2031 2034 2086 ἑαυτῶν

383 2129 412 2161 α
443 2107 538 2170 τὰς
635 2113 968 2190 χειροτονίας
1066 2119 1171 2172 τῶν
1257 2113 1654 2178 εὐλαϐεστάτων
1724 2117 2033 2176 ἐπισκόπων

384 2219 409 2251 α
457 2199 784 2275 ποιούμενοι,
833 2203 904 2259 Τὸ
933 2201 986 2257 δὲ
1055 2206 1182 2260 αὐτὸ
1236 2207 1324 2261 καὶ
1395 2205 1480 2262 ἐπὶ
1537 2212 1642 2263 τῶν
1714 2205 1886 2263 ἄλλων
1945 2207 2029 2263 δι-

387 2303 412 2340 I
447 2287 708 2357 οικήσεων
733 2291 819 2346 καὶ
847 2297 954 2346 τῶν
1021 2291 1309 2374 ἅπανταχῆ
1356 2293 1629 2375 ἐπαρχιῶν
1683 2295 2030 2376 φυλαχθήσε-

382 2397 407 2432 α
454 2400 562 2450 ται,
636 2381 772 2439 ὥστε
823 2383 1023 2460 μηδένα
1079 2392 1185 2441 τῶν
1243 2386 1668 2468 θεοφιλεστάτων
1725 2389 2031 2446 ἐπισκόπων

385 2467 705 2550 «ἐπαρχίαν
762 2471 944 2547 ἑτέραν
993 2476 1086 2532 οὒκ
1155 2478 1310 2532 οὖσαν
1350 2467 1578 2533 γόίνωθεν
1647 2477 1742 2534 καί
1801 2477 2030 2560 ἐξαρχῆς

388 2579 415 2611 κ
460 2559 560 2614 ὑπὸ
590 2561 688 2628 τὴν
719 2563 876 2620 αὐτοῦ
917 2561 1079 2642 ἤγουν
1135 2567 1243 2621 τώυ
1269 2566 1368 2642 πρὸ
1444 2566 1600 2624 αὗτοῦ
1643 2581 1829 2648 χεῖρα,
1861 2559 2034 2625 κατα-

388 2667 410 2701 ι
447 2645 757 2724 λαμϐάνειν.
789 2649 934 2708 Ἀλλ’
968 2655 1013 2708 εἷ
1041 2655 1129 2710 καὶ
1155 2676 1236 2719 τις
1295 2654 1574 2729 κατέλαϐε,
1634 2645 1722 2713 καὶ
1779 2657 1865 2736 ὑφ’
1921 2659 2038 2713 ἐαυ-

389 2754 413 2791 α
446 2737 539 2792 τὸν
568 2741 853 2806 πεποίηται
903 2741 1238 2818 βιασάμενος,
1313 2752 1496 2801 τοῦτου
1553 2743 1876 2818 ἀποδιδόναι,
1945 2747 2038 2802 ’ίνα

391 2843 421 2883 ‹
453 2827 528 2890 μὴ
559 2834 664 2884 τῶν
710 2829 956 2910 Πατέρων
986 2834 1033 2887 οἱ
1090 2854 1308 2897 καν‹.νες
1378 2832 1826 2913 παραϐαίνωνται,
1897 2835 2034 2911 μηδὲ

386 2937 412 2968 α
449 2915 502 2972 ἐν
532 2917 820 2996 ἱερουργίλς
893 2923 1262 3001 προσχήματι,
1326 2922 1556 2989 ἐξσυσίας
1625 2931 1784 3005 τῦφος
1835 2947 2032 3002 κοσμι-

393 3027 420 3059 «
454 3006 546 3069 κὸς
605 3006 1002 3090 παρεισδόηται,
1066 3008 1202 3085 μηδὲ
1279 3011 1523 3089 λάθωμεν
1587 3014 1687 3081 τὴν
1743 3012 2035 3094 ὲλευθεριαν

391 3117 419 3147 α
485 3097 806 3183 κατὸμικρὸν
852 3097 1232 3172 ἀπολέσαντες,
1287 3105 1355 3168 ἦν
1405 3103 1544 3176 ἡμῖν
1603 3101 1904 3183 ἐδωρήσατο
1958 3111 2035 3180 τῷ

2121 887 2144 918 (ι
2179 861 2328 924 Rem
2363 881 2492 943 qua:
2514 883 2666 925 novo
2688 882 2854 924 more
2880 871 3094 944 praeter
3115 863 3280 942 leges
3305 863 3764 936 ecclesiasticas,

2117 971 2147 1012 ‹
2185 959 2244 1012 et
2273 959 2615 1013 sanctorum
2651 955 2883 1012 Patrum
2931 970 3189 1012 canones
3221 951 3577 1028 admittitur,
3631 972 3766 1015 om-

2122 1061 2145 1092 a
2181 1040 2464 1121 niumque
2490 1041 2824 1102 libertatem
2851 1041 3055 1120 tangit,
3077 1040 3362 1101 nuntiavit
3385 1040 3764 1120 religiosissi-

2122 1150 2146 1183 ιι
2183 1147 2312 1189 mus
2342 1130 2654 1210 episcopus
2687 1131 2969 1206 Reginus,
2996 1129 3169 1208 eique
3184 1128 3449 1208 adjuncti
3480 1148 3763 1192 reveren—

2122 1217 2414 1280 (dissimi
2465 1219 2730 1300 episcOpi
2791 1219 3109 1300 provinciae
3174 1219 3548 1301 Cypriorum,
3607 1220 3764 1282 Zeno

2123 1330 2144 1361 ι
2163 1315 2353 1388 Atque
2374 1308 2656 1386 Evagrius
2696 1307 3032 1371 Undecum
3058 1307 3251 1368 morbi
3272 1327 3620 1370 communes
3637 1327 3764 1370 ma-

2120 1396 2328 1477 cjoris
2352 1398 2678 1461 curationis
2735 1406 2974 1477 egeant,
3007 1404 3074 1458 ut
3137 1397 3239 1477 qui
3289 1397 3480 1477 majus
3532 1417 3770 1479 quoque

2121 1504 2151 1545 ‹
2181 1485 2460 1547 damnum
2478 1487 3028 1568 ferant,praasertim
3052 1486 3101 1546 si
3126 1503 3320 1566 neque
3344 1504 3471 1546 mos
3493 1487 3768 1567 antiquus

2121 1595 2143 1629 α
2181 1578 2525 1649 accesserit,
2560 1585 2622 1636 ut
2652 1575 2967 1656 episcopus
2996 1574 3162 1637 urbis
3210 1574 3567 1637 Antiohenae
3595 1576 3762 1636 ordi-

2122 1685 2146 1721 ιι
2184 1665 2455 1726 nationes
2485 1665 2544 1725 in
2577 1664 2763 1745 Cypro
2798 1665 2993 1738 faciat,
3028 1663 3532 1744 quemadmodum
3551 1683 3656 1744 per
3685 1665 3763 1725 li-

2122 1777 2148 1807 σ
2182 1751 2369 1814 bellos
2402 1763 2458 1814 et
2486 1755 2785 1815 orationes
2807 1753 3213 1815 suasdocuere
3245 1752 3354 1813 viri
3394 1755 3767 1815 reverendis-

2059 1845 2150 1896 B«
2185 1842 2343 1916 simi,
2404 1844 2504 1922 qui
2561 1843 2878 1904 concilium
2956 1842 3069 1902 hoc
3126 1841 3368 1902 nomine
3433 1843 3762 1920 adierunt;

2123 1954 2150 1985 α
2179 1930 2613 1992 immunitatem
2649 1932 2721 1993 ab
2747 1931 2909 1992 omni
2941 1929 3242 1991 habebunt
3276 1931 3494 2010 injuria
3522 1944 3580 1992 et
3634 1933 3762 1993 vio-

2123 2044 2150 2075 α
2189 2020 2372 2081 lentio
2387 2029 2730 2082 sanctorum
2749 2020 3300 2099 ecclesiarum,quae
3315 2019 3374 2080 in
3390 2018 3577 2100 Cypro
3601 2031 3761 2096 sunt,

2125 2128 2152 2168 ι
2186 2108 2832 2189 praesides,secundum
2852 2126 3113 2170 canones
3137 2116 3479 2168 sanctorum
3499 2110 3764 2187 Patrum,

2123 2223 2151 2253 α
2180 2205 2239 2260 et
2267 2198 2566 2279 antiquam
2588 2197 3105 2276 consuetudinem,
3134 2215 3239 2277 per
3260 2197 3490 2277 seipsos
3514 2197 3761 2260 ordina-

2121 2287 2348 2348 (tiones
2360 2288 2995 2349 reverendissimorum
3017 2287 3430 2366 episcOporum
3450 2285 3758 2351 facientes.

2121 2400 2148 2431 α
2181 2377 2346 2439 Idem
2376 2396 2514 2437 vero
2549 2385 2607 2438 et
2632 2378 2690 2437 in
2723 2376 2855 2438 aliis
2903 2376 3264 2438 dimcesibus
3295 2376 3756 2454 provinciarum,

2121 2485 2150 2525 ι
2181 2484 2312 2545 quae
2340 2467 2564 2547 ubique
2592 2474 2750 2534 sunt,
2779 2465 3220 2545 observabgtur:
3277 2481 3340 2525 ut
3386 2465 3584 2527 nullus
3613 2467 3762 2527 reli-

2126 2555 2633 2634 «giosissimorum
2648 2559 3061 2636 episcoporum
3087 2553 3447 2634 provinciam
3479 2555 3760 2631 alienam,

2126 2668 2148 2700 α
2187 2663 2319 2724 qua:
2349 2644 2488 2705 olim
2515 2654 2576 2707 et
2606 2645 2678 2705 ab
2736 2645 2906 2704 initio
2962 2643 3117 2723 ejus,
3177 2643 3266 2704 vel
3310 2651 3760 2706 antecessorum

2126 2753 2150 2788 ι
2180 2731 2370 2813 ipsius
2393 2752 2568 2794 manu
2603 2753 2722 2795 non
2753 2733 2950 2807 fuerit,
2991 2741 3258 2812 occupet.
3323 2730 3661 2804 Quinetiam
3711 2733 3762 2795 si

2127 2846 2154 2878 α
2187 2822 2319 2902 quis
2344 2822 2741 2904 occupaverit,
2777 2831 2834 2884 et
2855 2821 3331 2902 sibisubjecerit,
3363 2822 3646 2898 adhibita,
3682 2823 3756 2889 vi.

2125 2911 2453 2976 «restituat
2486 2931 2644 2989 eam,
2705 2931 2781 2974 ne
2835 2911 3069 2972 Patrum
3128 2929 3387 2972 canones
3445 2910 3759 2989 violentur,

2124 3027 2150 3058 α
2185 3020 2296 3065 nec
2316 3002 2471 3064 sacri
2503 3004 2766 3066 muneris
2785 3009 3086 3083 praetextu,
3116 3000 3416 3080 potestatis
3448 3003 3763 3064 mundanae

2124 3116 2148 3148 α
2185 3092 2368 3154 fastus
2397 3093 2639 3173 irrepat,
2665 3109 2813 3152 neve
2872 3089 3044 3152 nobis
3097 3089 3251 3150 haud
3311 3088 3767 3155 observantibus

392 3205 421 3238 α
457 3181 569 3260 ἰδίῳ
626 3184 817 3262 α’ίματι
877 3190 905 3244 ὁ
963 3189 1149 3267 Κύριος
1234 3189 1392 3265 ἥμῶν
1463 3189 1670 3272 ’ίησοῦς
1708 3179 2034 3272 ⁷Χριστὸς,ὁ

2129 3205 2150 3239 ο
2191 3182 2523 3244 libertatem
2541 3199 2668 3242 eam
2687 3180 2965 3262 paulatim
2986 3179 3531 3259 amittamus,quam
3591 3181 3765 3244 nobis

391 3295 422 3328 α
453 3274 665 3332 πάντων
706 3273 1060 3355 ὲλευθερωτὴς
1115 3278 1424 3358 ἀνθρώπων.
1491 3271 1683 3347 ’Ἔδοξε
1747 3271 1918 3338 τοίνυν
1970 3288 2038 3360 τῇ

391 3387 416 3422 ¢
463 3366 588 3444 ἁγίᾳ
657 3369 743 3424 καὶ
812 3370 1149 3448 οἰκουμενικῇ
1215 3370 1435 3447 συνόδῳ,
1525 3374 1780 3444 σώζεσθαι
1837 3375 2037 3452 ἑκάστῃ

395 3477 423 3510 α
454 3454 695 3544 ξπαρχίᾳ,
744 3459 944 3535 καθαρὰ
999 3461 1087 3516 καὶ
1141 3457 1361 3517 ἀϐίαστα
1437 3463 1503 3519 τὰ
1571 3463 1706 3532 αὒτῇ
1775 3465 2038 3544 προσόντα

395 3566 423 3600 ι
455 3542 629 3602 δίκαια
658 3543 890 3626 ἐξαρχῆς
933 3550 1020 3604 καὶ
1051 3545 1269 3623 ἄνωθεν,
1337 3553 1474 3609 κατὰ
1527 3553 1588 3609 τὸ
1619 3551 1786 3610 πάλαι
1820 3542 2033 3632 -κρατῆο

393 3657 422 3690 α
469 3656 567 3692 σαν
625 3634 762 3717 ἔθος,
835 3634 1010 3694 ἄδειαν
1067 3637 1287 3718 ἔχοντος
1339 3640 1560 3697 ἑκάστου
1621 3642 2036 3723 μητροπολίτου,

395 3747 418 3780 ι
453 3725 520 3782 τὰ
547 3725 648 3813 ἶσα
675 3730 782 3783 τῶν
810 3727 1198 3806 πεπραγμένων
1229 3729 1362 3807 πρὸς
1416 3733 1478 3786 τὸ
1539 3732 1735 3788 οἰκεῖον
1804 3732 2038 3813 ἀσφαλὲς

395 3833 418 3870 ι
453 3811 722 3874 ἐκλαϐεῖν.
780 3817 838 3873 Εἴ
865 3814 920 3872 δέ
961 3839 1042 3880 τις
1073 3816 1386 3898 μαχόμενον
1415 3819 1577 3875 τύπον
1616 3833 1735 3885 τοῖς
1764 3831 1851 3880 νῦν
1890 3811 2040 3900 -ὼρι-

397 3923 420 3959 ι
455 3902 668 3980 σμένοις
710 3906 1047 3986 προκομίσοι,
1081 3905 1270 3986 ἄκυρον
1338 3910 1522 3965 τοῦτον
1579 3907 1718 3966 εἴναι
1777 3908 1915 3977 ἔδοξε
1971 3917 2040 3989 τῇ

393 4014 422 4048 α
455 3993 578 4072 ἁγίᾳ
643 3993 788 4070 πάσῃ
844 3995 932 4050 καὶ
989 3997 1324 4074 οίκουμενικῇ
1385 3995 1604 4071 συνόδῳ.
1640 4021 1668 4052 »
1735 3999 1834 4057 Καὶ
1884 4007 2039 4057 τοῦτο

389 4082 488 4158 μὲν
545 4081 763 4161 ὥρισται
821 4083 964 4162 παρὰ
1013 4089 1114 4151 τῆς
1173 4086 1326 4164 ἁγίας
1410 4089 1591 4166 τρίτης
1646 4086 1882 4149 συνόδου.
1940 4091 2039 4146 Καὶ

388 4168 621 4241 δεήσεως
651 4172 818 4248 ταύτῃ
881 4173 1326 4253 προσενεχθείσης
1382 4175 1524 4254 παρά
1580 4197 1724 4241 τινος
1784 4178 2038 4253 Εὖνομίου

386 4265 486 4329 τῆς
539 4258 884 4337 Νικομηδέων
967 4262 1119 4340 ἁγίας
1208 4259 1530 4332 Ἐκκλησίας
1609 4265 2035 4336 ἐπιστατοῦντος,

358 4352 522 4408 *κατὰ
603 4346 950 4408 Ἀναστασίου
1021 4355 1120 4418 τῆς
1204 4351 1340 4408 κατὰ
1426 4352 1647 4411 Νίκαιαν
1717 4352 2038 4422 Ἐκκλησίας

2127 3296 2154 3327 α
2181 3271 2429 3352 largitus
2448 3280 2536 3333 est
2560 3290 2664 3352 per
2684 3269 3032 3350 sanguinem
3064 3287 3234 3330 suum
3260 3269 3546 3330 Dominus
3570 3279 3800 3342 noster,

2127 3385 2154 3417 α
2186 3361 2359 3424 Jesus
2389 3359 2954 3437 Christus,omnium
2974 3357 3252 3420 liberator
3275 3357 3374 3418 llle
3401 3360 3760 3422 mortalium.

2128 3475 2155 3507 ιι
2191 3451 2416 3514 Placuit
2446 3469 2588 3532 ergo
2619 3460 2824 3512 sancto
2874 3456 2933 3512 et
2988 3447 3308 3510 universali
3365 3449 3643 3524 concilio,
3703 3460 3769 3512 ut

2127 3541 2402 3622 (cuique
2432 3540 2752 3622 provinciae
2811 3556 2956 3618 pura
3010 3544 3324 3599 serventur
3382 3545 3440 3598 et
3492 3537 3771 3603 inviolata

2127 3653 2156 3686 α
2180 3631 2338 3710 jura,
2365 3648 2494 3711 quae
2515 3649 2548 3691 a
2578 3628 2870 3710 principio
2903 3636 2962 3688 et
2971 3628 3096 3707 jam
3127 3626 3268 3687 olim
3299 3625 3501 3701 habet,
3552 3647 3771 3690 secun-

2129 3743 2152 3775 ι
2176 3719 2317 3780 dum
2333 3719 2827 3781 consuetudinem
2849 3717 3124 3797 priscam:
3153 3715 3605 3795 metmpolitano
3623 3737 3769 3798 quo-

2129 3828 2156 3866 ‹
2186 3807 2332 3870 libet
2348 3809 2649 3870 licentiam
2676 3808 2975 3881 habituro,
3001 3813 3061 3865 ut
3086 3803 3287 3885 copias
3308 3811 3577 3866 actorum
3600 3824 3768 3868 suam

2130 3918 2154 3953 ι
2189 3897 2251 3958 in
2281 3899 2657 3960 securitatem
2682 3893 3128 3977 accipiat.Quod
3161 3893 3210 3956 si
3237 3892 3369 3973 quis
3397 3895 3768 3958 sanctionem

2130 4011 2152 4044 ι
2183 3995 2546 4068 pugnantem
2571 4005 2707 4048 cum
2729 3985 2964 4065 iis,quae
2994 3983 3171 4044 modo
3203 3982 3444 4043 decreta
3464 3990 3766 4064 suntpro-

2128 4076 2417 4158 «tulerit,
2451 4094 2580 4138 eam
2606 4075 2833 4137 irritam
2892 4091 3024 4134 essa
3075 4070 3298 4134 debere
3348 4072 3570 4152 placuit
3631 4073 3769 4136 huic

2127 4191 2156 4224 α
2189 4169 2466 4228 universo
2497 4171 2702 4227 sancto
2733 4172 2792 4227 et
2821 4161 3138 4224 universali
3168 4161 3446 4224 concilio.
3483 4185 3506 4219 ν
3543 4161 3612 4223 Et
3656 4163 3770 4225 hoc

2120 4255 2366 4337 quidem
2399 4256 2704 4318 decretum
2737 4252 2844 4315 luit
2899 4270 2934 4312 a
2990 4260 3196 4313 sancto
3259 4250 3429 4312 tertio
3487 4253 3766 4314 concilio.

2123 4346 2269 4409 Cum
2299 4345 2496 4407 eidem
2511 4361 2718 4426 preces
2743 4348 2944 4404 essent
2969 4339 3181 4402 oblata
3208 4338 3281 4401 ab
3310 4341 3607 4403 Eunomio
3628 4360 3773 4422 quo-

385 4438 776 4520 xatéPXOVtog,
833 4440 934 4507 τήν
1017 4439 1314 4508 ἐπισκοπὴν
1371 4440 1804 4506 Βασινουπόλεως
1869 4444 2034 4522 ὑφαρ-

2123 4435 2284 4510 dam,
2337 4443 2556 4496 sanctae
2609 4430 3086 4495 Nicomediensis
3144 4428 3415 4522 ecclesiae
3493 4430 3768 4510 praeside,

386 4505 678 4608 πάσαίνέος,
710 4505 794 4584 διά
821 4505 1153 4610 τὸνέηαγχος
1196 4505 1296 4598 τὴν
1323 4528 1608 4610 εἰρημένην
1632 4505 2034 4611 μητρόπολίνιὸί

2122 4505 2406 4588 adversus
2425 4523 2803 4586 Anastasium
2829 4520 3083 4587 Nicaenza
3106 4517 3442 4600 pontiﬁcem
3474 4505 3768 4611 ecclesiae,

385 4624 485 4687 τῆς
515 4620 733 4684 Νικαίας
778 4620 921 4698 παρὰ
989 4617 1427 4680 Οὗαλεντινιανοῦ
1480 4621 1568 4678 καὶ
1623 4619 1906 4686 Οὒέλεντος
1935 4628 2040 4679 τῶν

388 4707 648 4786 βασιλέων
679 4709 752 4774 εἰς
784 4707 1168 4788 μητροπόλεως
1216 4708 1515 4790 ἀναχθῆναι
1545 4707 1711 4788 τάξιν,
1773 4710 2039 4792 ἀναχθέν-

386 4820 479 4866 τας
505 4796 566 4849 5’
592 4796 708 4878 ἄρτι
738 4800 794 4854 ἓν
826 4799 959 4874 αὐτῇ
987 4799 1118 4876 πρὸς
1149 4799 1248 4866 τὴν
1276 4805 1370 4856 τοῦ
1398 4798 1665 4876 βασιλείου
1693 4799 1913 4880 άράτους
1934 4820 2038 4856 πε-

385 4885 615 4970 ριωπὴν⁶
645 4888 736 4944 καὶ
763 4884 1096 4951 ἀναϐοῶντος
1125 4889 1198 4952 ὡς
1257 4885 1518 4963 ἀδικοῖτο,
1552 4890 1587 4958 ἡ
1645 4889 1768 4968 ἁγία
1827 4887 2039 4954 σύνοδος

2121 4615 2224 4698 qui
2251 4613 2806 4695 Basinopolitanum
2825 4623 2854 4655 ιι
2884 4609 3290 4698 episcopatum
3315 4625 3424 4698 per
3442 4607 3769 4698 surreptio-

2119 4695 2260 4767 nem
2289 4704 2582 4765 invaserat
2613 4707 2947 4782 propterea,
2981 4696 3138 4778 quod
3198 4695 3356 4757 haud
3411 4696 3492 4758 ita
3536 4697 3769 4777 pridem

2122 4794 2279 4857 dicta
2307 4791 2518 4855 civitas
2545 4789 2786 4852 Nicena
2815 4805 2923 4868 per
2951 4782 3431 4847 Valentinianum
3456 4792 3510 4847 et
3544 4785 3771 4847 Valen-

2125 4893 2242 4948 tem
2269 4883 2660 4964 imperatores
2687 4879 2760 4940 ad
2811 4874 3153 4956 metropolis
3211 4873 3483 4964 ordinem
3568 4883 3773 4964 evecta

384 4963 610 5049 ἀξήτησε
662 4977 782 5056 περὶ
835 4987 1042 5050 τοῦτου,
1129 4976 1407 5056 παρόντων
1461 4978 1549 5034 καὶ
1605 4982 1712 5034 τῶν
1771 4977 2034 5057 προσώπῳ

2122 4963 2488 5052 fuisset,qui
2518 4986 2730 5033 recens
2758 4967 2833 5029 ad
2860 4964 3101 5046 imperii
3131 4963 3280 5043 regii
3339 4963 3576 5057 culmen
3608 4963 3670 5024 in
3701 4982 3772 5057 ea

385 5073 478 5127 τοῦ
529 5052 790 5144 βασιλέως
849 5072 1148 5144 Μαρκιανοῦ
1209 5052 1628 5144 συνεδρευόντων
1686 5052 2034 5145 συγκλετικῶν

2122 5063 2353 5125 fuerant
2381 5059 2520 5124 elati
2555 5081 2569 5120 :
2603 5059 2972 5123 exclamante
3020 5052 3625 5145 Eunomio,injuriam
3656 5052 3773 5145 sibi

383 5141 660 5239 ἀρχόντων
693 5170 708 5186 ⁶
733 5157 822 5214 καὶ
851 5141 1206 5229 δεῆσανοῦτω,
1240 5156 1302 5212 τὸ
1345 5141 1618 5232 βασιλικὸν
1669 5141 1957 5236 διάταγμα,
1977 5159 2034 5214 τὸ

2123 5153 2289 5215 ﬁeri:
2327 5148 2678 5233 perquisivit
2705 5165 2832 5210 rem
2862 5151 3067 5207 sancta
3116 5143 3396 5239 synodus,
3457 5141 3533 5239 iis
3592 5141 3772 5239 etiam

517 5245 801 5322 εἰρημένην
830 5243 1162 5324 μητροπόλιν
1190 5243 1257 5295 54
1300 5230 1399 5313 της
1450 5246 1672 5308 Νικαίας
1720 5230 2034 5317 ἀναϐιϐἀζον

2122 5230 2513 5324 praesentibus
2543 5235 2856 5300 senatoriis
2879 5230 3346 5324 magistratibus,
3395 5230 3495 5312 qui
3516 5230 3772 5324 nomine

387 5338 462 5401 εἰς
493 5319 864 5416 μετροπόλεως
894 5319 1452 5415 ὔῷως,ὑπανεγνώσθη
1476 5351 1490 5365 ⁶
1521 5336 1608 5392 καὶ
1639 5335 1798 5414 εἶχεν
1841 5333 2030 5400 οὕτως·

2122 5319 2402 5395 Marciani
2430 5326 2678 5408 Augusti
2711 5323 2964 5388 concilio
2994 5322 3346 5421 intererant:
3374 5319 3653 5421 quodque
3685 5320 3773 5382 sic

385 5409 535 5510 opus
594 5409 755 5490 esset
806 5409 981 5498 facto,
1039 5409 1350 5486 decretum
1405 5409 1879 5504 imperatorium,
1943 5443 2058 5504 quo
2106 5422 2263 5486 dicta
2310 5420 2548 5483 Nicaena
2593 5415 2799 5510 civitas
2827 5414 2900 5477 ad
2960 5411 3305 5495 metropolis
3347 5409 3772 5473 sublimitatem

387 5508 778 5594 evehebatur,
814 5513 1139 5597 perlectum
1169 5511 1317 5588 fuit;
1354 5511 1512 5594 quod
1544 5511 1609 5576 in
1637 5512 1792 5576 hanc
1823 5513 2225 5595 perscriptum
2257 5517 2383 5574 erat
2409 5508 2768 5572 sententiam
2804 5525 2819 5567 :

1736 5645 2003 5712 νΑΒΙιλΕ
2025 5643 2460 5712 LECTIONES.

466 5775 522 5830 51
553 5777 710 5835 πόλιν
732 5782 853 5844 τῆς.
936 5768 1000 5825 si
1039 5767 1408 5850 ἀναχθέντων.
1489 5767 1555 5819 53
1594 5769 1771 5833 πόλιν.
2142 5788 2171 5820 ιι
2201 5751 2972 5844 Constantinopolitanum.
