4130 6422
465 385 577 461 871

557 539 579 572 ιι
615 513 1033 596 Imperatores,
1067 515 1352 589 Caesares,
1389 513 1838 577 Valentinianus
1893 519 1950 574 et
1993 509 2112 571 Va-
2137 521 2179 570 Α

474 628 497 663 α
536 607 665 669 lens
697 608 798 688 pii,
829 607 1055 682 felices,
1107 606 1379 688 perpetui
1411 607 1665 687 augusti,
1700 606 1982 685 victores,
2013 603 2121 666 Ni-

474 722 502 753 ι
537 716 739 759 czems.
781 720 803 754 ο

555 807 581 844 ε
616 785 777 848 Licet
799 784 1056 845 studium
1075 791 1339 846 nostrum
1355 785 1477 864 jam
1500 785 1642 846 inde
1665 783 2049 845 manifestum
2067 789 2125 842 et

1833 390 1864 453 J
1871 389 1964 452 US
2005 381 2453 451 GANONICUM

3747 382 3870 449 872

2286 527 2316 562 α
2382 505 2796 585 Αὑτοκράτορες,
2899 508 3174 588 Καίσαρες.
3251 509 3691 574 Οὑαλεντινιανὸς
3776 509 3862 566 καί

2211 617 2238 649 α
2275 594 2509 674 Οὑαλης,
2571 594 2829 676 εὗσεϐεϊς,
2862 597 3137 678 εὑτυχεῖς,
3170 595 3418 656 σεϐιστοὶ
3479 599 3711 678 αἰώνιοι,
3783 621 3862 655 νι-

2213 705 2241 742 (
2274 684 2450 757 κηταί,
2503 694 2809 746 Νικαεῦσιν.

2295 797 2318 828 u
2358 776 2415 830 Εἰ
2457 775 2606 842 καὶὴ
2650 773 2853 842 σπουδὴ
2897 776 2931 842 ἡ
2975 775 3208 855 ἡμετέρα
3231 774 3282 842 ἐξ
3311 774 3520 832 ἐκεινου
3550 773 3693 846 δήλη
3738 781 3864 838 πᾶσι

474 893 504 934 ‹
535 873 922 954 conspicuum
958 875 1174 934 factum
1206 875 1281 934 sit
1313 862 1610 940 omnibus.
1653 892 1720 935 ex
1746 891 1861 953 quo
1890 870 2124 950 imperii

2224 886 2244 918 I
2275 865 2362 920 καὶ
2392 862 2734 941 περίϐλεπτος
2791 864 3028 942 γέγονεν,
3085 864 3136 930 ἐξ
3194 865 3253 920 οὗ
3290 871 3392 944 γῆς
3451 864 3728 942 βασιλείας
3799 866 3858 920 τὸ

473 985 497 1020 ι
532 963 861 1037 culmen,et
891 961 1236 1042 reipublicae
1259 961 1658 1039 gubernacula
1680 962 1976 1022 voluntate
1994 958 2120 1020 Nu-

472 1074 495 1106 ι
534 1051 712 1112 minis
735 1050 1108 1130 suscepimus
1137 1072 1149 1108 :
1181 1059 1374 1112 tamen
1403 1059 1617 1132 praeter
1640 1052 1765 1112 haec
1789 1049 2121 1110 referemus

471 1161 494 1195 ε
534 1139 712 1200 etiam
742 1138 813 1199 ad
847 1137 1145 1199 felicitatis
1177 1137 1362 1219 ipsius
1419 1139 1679 1219 initium,
1714 1138 1870 1218 quod
1914 1135 2120 1197 civitas

469 1251 496 1283 α
532 1237 724 1289 vestra
752 1227 970 1288 referta
1001 1227 1350 1288 mortalibus
1372 1237 1428 1289 et
1451 1229 1749 1290 exsultans
1775 1227 1850 1288 ob
1876 1226 2119 1286 felicita-

469 1339 492 1374 α
533 1324 647 1378 tem
684 1325 973 1393 nostram,
1001 1315 1200 1393 gaudii
1233 1316 1570 1397 laetitiaeque
1587 1335 1820 1376 causam
1841 1315 2118 1376 universo

470 1429 497 1460 α
537 1407 750 1486 populo
781 1404 1058 1484 praebuit.
1091 1403 1284 1476 Quare
1315 1425 1446 1466 cum
1478 1404 1822 1485 metropolis
1845 1404 1987 1465 olim
2019 1422 2118 1483 ap-

471 1513 502 1554 (
536 1493 754 1575 pellata
782 1494 980 1568 fuerit,
1019 1492 1196 1574 idque
1229 1493 1390 1573 leges
1441 1495 1696 1575 antiquae
1726 1494 2065 1555 contineant
2101 1514 2114 1557 :

471 1603 496 1638 α
535 1581 765 1662 eadem,
794 1601 926 1662 qua:
955 1582 1471 1658 Nicomedienses,
1496 1583 1667 1644 nobis
1688 1581 2116 1662 sancientibus,

2217 975 2241 1009 α
2274 951 2733 1032 ὑπεραναϐεϐηκὸς
2809 955 2898 1009 καὶ
2967 959 3072 1008 τῶν
3131 951 3403 1029 δημοσίων
3475 955 3600 1018 τοὺς
3673 952 3860 1016 οἴακας

2209 1064 2238 1097 α
2271 1041 2518 1118 βουλήσει
2562 1050 2653 1098 τοῦ
2716 1042 3022 1122 Κρείττονος
3078 1041 3459 1120 ὑπεδεξάμεθα,
3537 1042 3686 1120 ὅμως
3736 1045 3863 1121 πρὸς

2211 1152 2232 1185 α
2282 1133 2484 1194 τούτοις
2515 1132 2866 1207 ἀποσώσομεν
2895 1134 2980 1187 καὶ
3011 1133 3084 1196 εἱς
3126 1134 3224 1200 τὴν
3295 1133 3478 1213 ἀρχὴν
3542 1137 3644 1202 τῆς
3715 1133 3864 1188 εὐτυ-

2209 1242 2230 1276 (
2270 1221 2392 1300 χίας
2424 1221 2612 1296 αὐτῆς,
2647 1219 2726 1278 ὅτι
2759 1242 2817 1299 γε
2876 1223 2909 1288 ἡ
2967 1221 3193 1300 ὑμετέρα
3253 1220 3410 1286 πόλις
3469 1220 3862 1300 προσαναπλη-

2208 1332 2235 1364 α
2285 1314 2470 1365 σθεϊσα
2500 1311 2587 1365 καὶ
2633 1313 2996 1387 γαυριωθετσα
3055 1311 3140 1366 ἐπὶ
3198 1316 3267 1386 τῇ
3325 1311 3567 1390 ἡμετέρᾳ
3626 1309 3860 1388 εὐτυχίᾳ,

2207 1421 2235 1452 ι
2270 1400 2443 1478 χαρᾶς
2485 1400 2572 1454 καὶ
2621 1399 2939 1478 εὑφροσύνης
3013 1397 3175 1454 παντί
3229 1397 3386 1474 δήμῳ
3457 1401 3600 1455 αἰτία
3655 1397 3860 1476 γέγονε,

2208 1510 2236 1542 α
2276 1490 2368 1543 Διὸ
2424 1486 2478 1543 δὲ
2534 1485 2713 1555 ἐπειὲἷίε⁸
2765 1487 3094 1566 μητρόπολις
3151 1487 3315 1544 πάλαι
3389 1489 3710 1567 ὠνομάσθη,
3777 1487 3863 1542 καὶ

2209 1600 2237 1632 α
2283 1584 2434 1634 τοῦτο
2483 1579 2634 1651 νόμοι
2693 1577 2910 1633 παλαιοὶ
2971 1577 3301 1657 περιέχουσι.
3377 1579 3446 1633 τὰ
3519 1578 3674 1651 αὐτὰ,
3733 1575 3862 1652 ἅπερ

467 1695 496 1727 α
534 1672 839 1734 consecuti
861 1671 1172 1752 sunt,quin
1199 1671 1550 1734 inconcussa
1581 1680 1825 1753 rataque
1844 1689 2122 1732 mansura

2224 1663 2622 1741 [Νικομηδεῦσι
2690 1666 3109 1740 νομοθετούντων
3166 1668 3322 1741 ἡμῶν
3408 1665 3661 1746 δπῆρξεν,
3711 1662 3859 1720 οὐδε-

468 1781 492 1816 α
529 1760 668 1835 sint,
717 1759 864 1821 etin
922 1771 1222 1841 posterum
1283 1761 1552 1837 augenda
1611 1752 1846 1842 quoque
1893 1755 2115 1822 civitati

2224 1777 2235 1809 ι
2283 1755 2405 1829 μίαν
2435 1752 2751 1835 ἀμφιϐολίαν
2808 1755 2956 1834 ἐχειν
3012 1753 3245 1813 δύναται.
3334 1756 3419 1827 τὸ,
3482 1753 3748 1810 ἀσάλευτα
3774 1753 3860 1809 καί

467 1871 491 1905 ι
525 1859 756 1928 vestrae,
785 1847 1012 1910 nullum
1039 1866 1173 1910 esse
1195 1848 1442 1911 dubium
1473 1858 1684 1930 potest.
1723 1849 1907 1911 Duret
1937 1848 2116 1926 igitur

2224 1845 2456 1924 [ἰσχυρὰ
2528 1843 2728 1924 μένειν,
2788 1847 2877 1900 καὶ
2930 1845 3002 1906 εἰς
3079 1846 3140 1899 τὸ
3196 1842 3379 1900 ’ἔπειτα
3455 1843 3858 1918 αὑξηθησόμενα

467 1956 498 1997 ‹
530 1937 592 1998 in
618 1945 968 2018 perpetuum
1003 1937 1129 1998 haec
1165 1940 1556 2009 consuetudo,
1596 1949 1651 2001 et
1691 1940 1895 2000 civitas
1923 1947 2115 2000 vestra

2224 1957 2226 1986 |
2279 1940 2345 2010 τῇ
2373 1936 2599 2012 ὑμετέρᾳ
2627 1933 2801 1992 πόλει.
2868 1934 3172 2009 Διαμενέτω
3229 1936 3401 1991 τοίνυν
3448 1935 3523 1998 είς
3568 1936 3631 1991 τὸ
3678 1933 3856 2000 διηνε-

467 2047 492 2084 α
530 2025 872 2106 metropolis
903 2025 1014 2087 sit:
1041 2045 1110 2087 ea
1133 2028 1588 2103 consuetudine,
1624 2048 1755 2110 quae
1783 2029 1841 2088 in
1867 2045 2112 2108 proces-

2224 2046 2226 2078 ι
2263 2025 2352 2088 κὲς
2382 2025 2416 2091 ἡ
2446 2023 2688 2093 συνήθεία
2721 2022 2854 2089 αὕτη
2862 2071 2881 2097 ,
2913 2025 3000 2081 καὶ
3029 2026 3062 2092 ἡ
3120 2022 3272 2088 πόλις
3343 2025 3495 2098 ὑμῶν
3569 2023 3852 2100 μητρόπο-

465 2138 489 2173 α
529 2116 698 2176 sione
729 2114 1162 2196 Bithyniarcbae
1197 2125 1486 2191 servatur,
1523 2125 1928 2198 permanente.
1962 2115 2108 2178 Nam

2224 2138 2227 2167 ι
2275 2111 2356 2176 λις
2413 2111 2570 2192 ἔστω,
2641 2118 2741 2180 τῆς
2822 2113 3094 2180 συνηθείας
3191 2111 3276 2169 ἐπὶ
3333 2119 3402 2190 τῇ
3497 2112 3710 2193 προόδῳ
3764 2118 3854 2168 τοῦ

463 2229 490 2260 α
524 2224 699 2266 nemo
719 2203 859 2284 quid
884 2204 1016 2265 aliis
1038 2205 1267 2266 adimit.
1296 2207 1695 2287 Augescat,ita
1719 2208 1953 2270 Volente
1979 2209 2109 2269 Nu-

2224 2202 2610 2282 εΒιτυνιάρχου
2665 2200 3037 2277 διαμενοόσης.
3120 2201 3295 2266 Οὑδεὶς
3397 2204 3500 2282 γὰρ
3557 2201 3854 2283 ἀφαιρεῖταί

471 2318 498 2349 α
534 2293 718 2368 mine,
746 2292 996 2355 civitatis
1025 2301 1231 2356 vestra;
1260 2295 1953 2378 dignitas.Ideoquel:eti
1980 2305 2112 2358 vota

2224 2313 2310 2350 [τι
2369 2291 2565 2352 ἄλλων,
2663 2291 2924 2362 Βουλήσει
3025 2297 3114 2347 τοῦ
3171 2293 3505 2369 Κρείττονος,
3611 2290 3851 2358 αὖξηθειη

463 2406 490 2436 α
529 2380 852 2463 duplicate,
883 2391 1059 2462 atque
1083 2381 1157 2443 ob
1198 2402 1268 2444 ea
1293 2385 1566 2463 gaudete.
1605 2406 1735 2468 qua:
1767 2388 1956 2447 honor
1984 2385 2112 2466 ipse

2224 2405 2227 2435 :
2263 2386 2359 2448 τῆς
2391 2379 2644 2459 ὑμετέρας
2688 2378 2898 2442 πόλεως
2939 2381 2999 2434 τὸ
3054 2379 3280 2454 ἀξίωμα,
3343 2381 3628 2460 Χαίροντες
3687 2380 3852 2436 τοίνυν

461 2493 486 2528 ι
521 2471 688 2534 Vobis
713 2470 954 2551 largitus
978 2473 1259 2542 est,omni
1279 2473 1568 2554 deinceps
1589 2466 1970 2555 ambiguitate
1990 2493 2116 2537 ces-

2224 2472 2357 2533 ιτας
2387 2469 2552 2548 εὑχὰς
2612 2466 3000 2542 διπλασιάζετε,
3057 2470 3144 2524 καὶ
3199 2466 3382 2535 ἥδεσθε
3448 2467 3531 2550 ἐφ’
3590 2473 3677 2532 οἷς
3719 2466 3848 2531 αὑτή

458 2583 481 2616 α
518 2569 685 2622 sante
714 2579 727 2622 :
755 2559 1228 2642 considerantes,
1255 2581 1369 2641 quo
1395 2573 1562 2643 pacto
1583 2573 1802 2625 aeterna
1824 2583 2105 2626 mansue-

2224 2561 2297 2626 [ἡ
2379 2559 2513 2634 τιμὴ
2572 2560 2701 2634 ὑμῖν
2756 2557 3120 2638 παρέσχηται,
3156 2558 3331 2624 πάσης
3387 2555 3711 2638 ἀμφιϐολίας
3782 2556 3848 2619 εἰς

458 2671 481 2705 ιι
521 2649 658 2710 tudo
689 2657 744 2710 et
769 2649 1137 2730 providentia
1162 2650 1328 2713 vobis
1346 2671 1421 2714 ex
1453 2652 1864 2716 sanctionibus
1887 2653 2104 2716 nostris

2277 2646 2459 2714 τοεξῆς
2519 2647 2888 2727 σχολαζούσης
2927 2667 2939 2680 ·
3003 2653 3346 2726 συνορῶντες,
3435 2648 3583 2711 ὃπως
3642 2645 3846 2703 αἰωνίου

460 2763 483 2795 α
523 2739 823 2820 obtigerit.
865 2766 890 2795 ι)
2191 2761 2220 2793 α
2254 2738 2554 2817 πραότητος
2585 2738 2669 2792 καὶ
2695 2737 2943 2814 προνοίας
2988 2735 3048 2792 ἐκ
3090 2740 3194 2793 τῶν
3224 2735 3502 2817 ἡμετέρων
3547 2735 3840 2812 θεσπισμά-

2188 2845 2220 2886 (
2252 2850 2360 2883 των
2399 2827 2756 2906 τενυχήκατε.
2796 2847 2820 2879 ιι

529 2915 602 2976 Et
631 2918 722 2978 hae
757 2917 996 2997 quidem
1031 2919 1148 2980 illze
1165 2919 1404 2981 fuerunt
1425 2919 2096 3002 imperatorumlitterae,

2268 2917 2365 2974 Καὶ
2393 2917 2454 2972 τὸ
2481 2917 2577 2991 μὲν
2621 2916 2840 2994 γράμμα
2867 2920 2972 2970 τῶν
3013 2912 3298 2990 βασιλέων,
3346 2914 3504 2995 ὅπερ,
3549 2927 3668 2976 τοῖς
3743 2920 3838 2968 Νι-

450 3004 708 3067 Nicaenis
739 3025 1062 3068 concessae.
1097 3008 1241 3069 Cum
1273 3017 1466 3070 autem
1509 3001 1609 3071 eas
1639 3010 1887 3088 indigne
1918 3009 2100 3086 (velut

2224 3016 2361 3065 αεῦσι
2405 3003 2816 3084 πεγιλοτίμητο,
2875 3003 3029 3061 τοῦτο
3084 3003 3534 3084 Σχετλιασάντων
3605 3001 3660 3058 δὲ
3713 3001 3838 3078 πρὸς

442 3094 710 3174 apparet)
769 3095 1041 3156 tulissent
1092 3095 1602 3174 Nicomedienses,
1639 3099 1901 3160 edictum
1936 3098 2124 3160 aliud‘

2224 3099 2307 3155 ὑπὸ
2370 3099 2460 3169 (ὡς
2530 3095 2782 3174 φαίνεται)
2843 3092 3218 3174 Νικομηδέων,
3288 3096 3478 3174 γέγονε
3521 3095 3610 3150 καὶ
3668 3092 3838 3170 ἕτερον

445 3185 796 3245 eorumdem
830 3185 1255 3265 imperatorum
1289 3207 1397 3268 pro
1423 3187 1976 3250 Nicomediensibus
2009 3189 2094 3249 fa-

2224 3186 2497 3265 ρόσταγμα
2551 3191 2654 3241 τῶν
2724 3185 2897 3239 αὑτῶν
2984 3183 3245 3260 βασιλέων
3300 3182 3714 3262 Νικομηδεῦσιν,
3783 3177 3834 3244 ἐξ

445 3278 604 3332 ctum
638 3272 770 3346 fuit,
821 3291 888 3334 ex
922 3274 1189 3356 episcopi
1249 3276 1727 3338 Nicomediensis
1758 3275 2044 3357 petitione
2080 3297 2092 3336 :

2224 3277 2438 3345 ἱτήσεως
2493 3281 2584 3331 τοὺ
2640 3273 2930 3330 ἐπισκόπου
3015 3271 3394 3349 Νικομηδείας.
3501 3271 3829 3350 ’Λνεγνώσθη

444 3361 602 3440 quod
635 3361 830 3441 ipsum
881 3381 1116 3443 quoque
1167 3365 1382 3426 lectum
1414 3366 1522 3428 fuit
1565 3365 1624 3427 in
1661 3365 1909 3445 synodo,
1945 3365 2096 3427 hanc

2224 3365 2350 3420 imi.
2393 3365 2520 3420 αὐτὸ
2574 3365 2632 3419 ἐν
2687 3368 2756 3439 τῇ
2837 3360 3060 3437 συνόδῳ,
3125 3365 3216 3422 Κεὶ
3272 3363 3632 3443 ὰναγνωσθὲν,
3679 3359 3830 3438 εἶχεν

449 3450 844 3529 perscriptum
877 3450 936 3511 in
967 3453 1316 3515 sententiam
1354 3477 1366 3513 :

2224 3455 2344 3519 ira);
2381 3473 2394 3489 ο

530 3561 554 3593 ει
589 3537 1065 3618 Valentinianus,
1101 3542 1252 3624 pius,
1280 3544 1441 3621 felix,
1471 3556 1776 3624 angustus,
1811 3544 2090 3607 Nicome-

2265 3567 2288 3599 α
2344 3542 2794 3618 Οὑαλεντινιανὸς,
2855 3538 3106 3608 σιῦσεὸὴς.
3181 3543 3440 3622 εὐτυχὴς,
3517 3539 3823 3620 αῧγουστος,

441 3646 470 3680 ι
509 3625 820 3690 diensibus
850 3630 1126 3692 salutem.
1165 3657 1185 3688 ι

2243 3631 2592 3713 Νικομηδεῦσι
2621 3633 2852 3713 χαίρειν.

526 3740 551 3800 ει
588 3718 966 3779 Consuetudo
992 3727 1179 3796 vetus,
1216 3741 1346 3802 qua:
1368 3723 1527 3784 circa
1551 3723 1856 3804 privilegia
1885 3731 2093 3786 vestra:

2263 3745 2290 3778 ι
2342 3711 2403 3778 Ἠ
2435 3723 2552 3801 περὶ
2583 3711 2660 3778 τὰή
2689 3711 2980 3801 πριϐιλίγια
3010 3725 3108 3788 τῆς
3159 3720 3365 3785 πόλεως
3425 3722 3524 3788 τῆς
3577 3715 3824 3794 ὑμετέρας

446 3823 474 3862 (
509 3805 760 3867 civitatis
783 3806 908 3886 jam
943 3808 1084 3868 olim
1117 3809 1370 3885 obtinet,
1405 3812 1895 3874 servabitur.Non
1928 3812 2089 3875 enim

2241 3813 2406 3869 πάλαι
2463 3813 2776 3892 ὑπάρχουσα
2829 3809 3027 3889 ἀρχαία
3098 3811 3342 3880 συνήθεια
3398 3809 3818 3892 φυλαχθήσεται.

443 3917 468 3949 σ
505 3893 942 3957 incrementum
976 3897 1219 3960 honoris
1250 3901 1505 3962 Nicaeum
1545 3902 1796 3962 civitatis
1820 3902 1939 3981 juri
1981 3920 2088 3962 ve-

2255 3900 2385 3960 Οὔτε
2442 3903 2541 3980 γὰρ
2609 3905 2643 3969 ἡ
2687 3901 2962 3980 προσθήκη
3031 3904 3129 3966 τῆς
3198 3905 3361 3975 τιμῆς
3418 3905 3519 3967 τῆς
3598 3895 3820 3956 Νικαίων

442 4005 466 4040 ι
503 3994 624 4047 stro
648 3995 842 4068 potest
874 3988 1138 4067 ofﬁcere,
1174 3993 1656 4074 quandoquidem
1682 3995 1791 4054 hoc
1816 3996 1946 4074 ipso
1979 3993 2092 4056 Ni-

2258 3991 2464 4055 πόλεως
2520 3993 2580 4047 τὸ
2623 3989 2822 4047 δίκαιον
2881 3991 2941 4045 τὸ
3021 3988 3272 4068 ὑμέτερον
3329 3988 3534 4066 βλάψαι
3590 3984 3814 4054 δύναται,

439 4096 464 4129 ο
509 4077 911 4139 comediensis
963 4078 1128 4140 urbis
1179 4071 1757 4162 augetur—dignitas,
1791 4071 1948 4162 quod
1989 4083 2093 4144 illa

2259 4081 2420 4137 ὁπότε
2478 4079 2752 4146 ἐπαύξεται
2849 4082 2908 4135 τὸ
2993 4078 3199 4153 ἀξίωμα
3280 4084 3380 4146 τῆς
3455 4071 3814 4162 Νικομηδέων,

442 4187 470 4218 α
505 4166 771 4227 secundo
803 4167 1135 4230 consistens
1166 4160 1674 4253 loco,metrop—olis
1698 4160 2096 4253 appellatione

2247 4169 2374 4249 ὅπερ
2397 4169 2463 4220 84
2489 4170 2663 4237 ἐκείνη
2693 4171 2728 4236 ὴ
2779 4169 2832 4226 ἐν
2875 4166 3098 4247 δευτέρῳ
3126 4168 3276 4242 τόπῳ
3331 4170 3484 4250 οὖσα,
3543 4160 3814 4243 μητροπό-

441 4276 468 4308 α
503 4262 768 4317 vocetur.
805 4280 832 4311 ι
1453 4273 1460 4277 ·

2239 4259 2375 4323 λεως
2405 4260 2625 4336 ὀνόματι
2669 4258 2941 4319 καλεῖται.
2980 4279 3004 4316 ι

522 4363 545 4398 ε
584 4343 976 4406 llluslrissimi
1023 4347 1325 4429 praesides,
1385 4351 1486 4430 qui
1529 4351 1772 4413 nomine
1802 4351 2089 4414 Marciani

2257 4373 2284 4404 α
2319 4351 2379 4407 Οἱ
2407 4347 2726 4414 ἐνδοξότατοι
2758 4347 3039 4430 ἄρχοντες,
3087 4352 3133 4406 οἰ
3193 4348 3464 4428 προσώπῳ
3515 4351 3608 4403 τοῦ
3661 4343 3813 4420 βασι-

440 4454 466 4486 α
502 4433 738 4511 augusti
755 4435 1009 4497 concilio
1033 4436 1386 4508 intererant,
1414 4439 1687 4502 dixerunt
1713 4442 1987 4504 :Neutrre
2016 4458 2085 4501 ex
2108 4431 2124 4481 ¹

2250 4437 2384 4501 λέως
2415 4443 2714 4516 Μαρκιανοῡ
2743 4445 2812 4516 τῇ
2878 4440 3077 4515 συνόδῳ
3126 4437 3568 4515 συνεδριάζοντες,
3614 4431 3767 4490 εἷπον
3793 4441 3808 4458 ⁸

438 4543 463 4576 (ι
501 4521 829 4616 his_sacris_
857 4523 1096 4616 Litteris
1147 4526 1223 4588 de
1270 4528 1549 4609 episcopo
1600 4529 1945 4610 loquuntur,
1979 4528 2084 4590 sed

2237 4531 2364 4592 Οὐδὲ
2407 4531 2460 4590 ἕν
2492 4533 2588 4608 μὲν
2617 4535 2760 4592 θεῖον
2804 4536 3030 4614 Γράμμα
3081 4537 3198 4616 περὶ
3254 4532 3545 4589 ἐπισκόπου
3574 4525 3809 4616 διαλέγετ

437 4632 466 4664 α
501 4609 691 4702 ambae
722 4612 1055 4675 civitatibus
1093 4616 1383 4677 honorem
1425 4608 1775 4697 largiuntur.
1809 4616 1880 4678 Et
1900 4608 2086 4679 sacrae

2224 4644 2305 4678 ται
2334 4639 2348 4653 '
2370 4621 2615 4700 ἔκάτερον
2636 4620 2690 4678 δὲ
2719 4608 2988 4702 τὴντιμὴνν
3005 4639 3126 4690 ταῖς
3153 4608 3348 4682 πόλεσι
3391 4621 3636 4700 παρέχει.
3662 4616 3730 4673 Τὸ
3757 4608 3808 4666 δὲ

433 4721 463 4754 α
497 4698 733 4763 Littera;
763 4703 911 4765 divae
942 4707 1245 4768 memoriae
1263 4704 1664 4770 Valentiniani
1695 4726 1764 4769 ac
1793 4707 2080 4784 Valentis,

2244 4715 2388 4769 θεῖον
2417 4698 2642 4789 Γράμμα
2669 4719 2761 4768 τοῦ
2789 4698 2892 4780 τῆς
2940 4715 3077 4780 θείας
3133 4713 3335 4784 λήξεως
3380 4698 3806 4770 Οὑαλεντινιανοῦ

433 4809 462 4843 ι
497 4807 627 4868 quae
658 4798 780 4852 tum
815 4795 1108 4875 temporis
1130 4794 1489 4858 Nicenorum
1514 4797 1731 4858 civitati
1746 4797 1846 4876 jus
1868 4805 2057 4858 metro

2249 4801 2336 4857 καὶ
2379 4798 2689 4876 Οὑάλεντος,
2762 4811 3048 4869 τηνικοῦτα
3115 4809 3185 4879 τῇ
3240 4799 3478 4861 Νικαέων
3533 4791 3803 4875 παρασχὸν

432 4901 459 4933 α
498 4880 762 4974 pelicum
785 4882 1146 4974 tribuebant,
1181 4885 1569 4966 peculiariter
1596 4887 1972 4967 praecipiunt,
2007 4904 2084 4947 ne

2255 4891 2317 4945 τὸ
2374 4889 2768 4968 μητροπολικὸν
2825 4890 3046 4974 δίκαιον,
3121 4891 3298 4956 ίδικῶς
3377 4884 3802 4965 παρακελεύεται,

435 4967 640 5048 «quid
671 4970 804 5063 aliis
865 4972 1202 5036 civitatibus
1260 4974 1578 5038 adimatur.
1641 4977 1715 5038 Et
1743 4984 2080 5036 sanctorum

2233 4985 2338 5034 τῶν
2370 4967 2544 5033 ἄλλων
2591 4976 2756 5052 μηδὲν
2808 4967 3138 5063 ὑφαιρεῖσθαι
3195 4979 3426 5038 πόλεων.
3487 4977 3584 5036 Καὶ
3637 4974 3801 5063 bota-

432 5071 465 5114 τ
498 5059 900 5151 apostolorum
931 5081 1121 5124 canon
1180 5063 1254 5125 de
1284 5083 1403 5125 uno
1463 5065 1920 5145 metropolitano
1981 5081 2086 5144 per

2239 5068 2342 5124 νὼν
2371 5073 2478 5122 τῶν
2507 5067 2670 5144 ἁγίων
2701 5058 3034 5146 ἀποστόλων,
3066 5072 3184 5151 περὶ
3252 5069 3366 5132 ἐνὸς
3425 5058 3802 5151 μητροπολίτου

430 5161 461 5203 ε
493 5146 2086 5241 quamlibetprovinciamloquitur.Quidigituﬁsanctaa
2175 5181 2202 5212 ι
2236 5155 2350 5213 καθ’
2410 5155 2638 5223 ἐκάστην
2683 5163 2789 5214 τῶν
2845 5159 3099 5241 ἐπαρχῶν
3137 5146 3463 5238 διαγορεύει.
3519 5153 3586 5241 Tt
3642 5146 3799 5241 τοίνυν

433 5255 454 5287 ι
496 5234 719 5329 synodo
744 5237 821 5299 de
845 5240 956 5301 hoc
977 5241 1256 5304 videtur?
1278 5231 1638 5305 Exclamavit
1667 5231 1872 5305 sancta
1903 5261 2085 5324 syno-

2235 5251 2302 5322 τῇ
2331 5246 2454 5323 ἁγίᾳ
2482 5243 2680 5321 συνόδῳ
2738 5231 3046 5328 παρίστατόι
3115 5251 3233 5329 περὶ
3255 5231 3510 5319 ’τούτου;
3571 5231 3630 5297 Ἠ
3684 5233 3798 5311 ἁγία

429 5341 459 5376 α
491 5321 622 5417 dus.
659 5328 930 5388 Canones
989 5329 1099 5390 rati
1160 5339 1359 5394 sunto.
1391 5331 1733 5394 Canonibus
1788 5321 2079 5396 satisfiat.

2235 5321 2448 5399 σῦνοδος
2520 5333 2738 5404 ἐϐἀησῖεν
2773 5353 2787 5368 °
2816 5321 2909 5396 ’οἱ
2963 5321 3197 5404 κανόνες.
3245 5336 3628 5417 κρεκτείτωσανἈ
3677 5333 3795 5385 Τοῖς

429 5427 457 5469 α
491 5410 743 5492 Atticus,
776 5417 1264 5497 religiosissimus
1307 5421 1623 5505 episcopus
1644 5423 1950 5504 Nicopolis
1970 5441 2083 5486 an-

2247 5424 2432 5482 κανόσι
2456 5427 2518 5482 τὸ
2547 5427 2726 5484 ἱκανόν
2756 5429 3009 5505 γεοέσθω.
3092 5410 3328 5493 Ἀττικός
3393 5428 3420 5482 ὁ
3475 5415 3792 5480 εὑλαὸἀστα-

1717 5583 1978 5649 VARIIE
2017 5582 2462 5650 LECTIONES.

2176 5355 2206 5396 (
2235 5333 2448 5399 σύνοδος
2520 5333 2738 5404 ἐϐόησεν
2773 5353 2787 5368 ⁶

2173 5445 2201 5487 ς
2247 5424 2432 5482 κανόσι
2456 5427 2518 5482 τὸ
2547 5427 2726 5484 ἱκανόν
2756 5429 3009 5506 γεοέσθω.

501 5686 564 5737 56
587 5685 668 5743 ’ὃτι
713 5707 834 5765 περ.
