4130 6444
317 629 344 660 α
395 629 483 671 τος
561 606 846 673 ἐπίσκοπος
930 607 1266 672 Νικοπόλεως
1361 605 1600 668 παλαιᾶς

312 718 342 751 α
390 696 547 752 εἶπεν
581 711 595 726 °
656 687 714 754 Ὀ
769 697 942 755 κανὼν
985 697 1123 756 οὕτω
1188 696 1501 776 διαγορεύει.
1561 683 1737 752 ”Ωστε
1781 693 1834 751 ἐν
1865 697 1962 767 μιᾷ

311 807 340 839 α
389 785 586 862 ἑκάστῃ
628 790 734 841 τῶν
791 786 1065 867 ἐπαρχιῶν
1121 789 1180 843 τὸ
1210 794 1364 866 κῦρος
1397 784 1545 865 ἔχειν
1579 785 1670 840 τὸν
1713 788 1810 850 τῆς
1843 805 1960 858 μη-

314 896 344 928 (
390 873 718 953 τροπόλεως,
778 877 865 932 καὶ
922 877 1076 932 αὐτὸν
1134 879 1382 947 καθιστᾷν
1434 874 1632 938 πάντας
1688 873 1809 935 τοὺς
1858 872 1960 926 ὑπὸ

312 986 341 1019 α
386 964 494 1021 τὼν
535 964 698 1030 αὐτὴν
741 963 1000 1045 ἐπαρχίαν
1060 965 1213 1030 ὄντας
1271 964 1616 1027 ἐπισκόπους.
1672 962 1772 1020 Καὶ
1827 959 1959 1027 αὕτη

313 1075 337 1106 ιι
387 1050 534 1108 ἐστίν
563 1053 599 1121 ἡ
641 1049 844 1111 διάνοια
898 1061 989 1110 τοῦ
1045 1055 1289 1118 κανόνος,
1337 1057 1424 1128 Τῷ
1473 1051 1527 1108 δὲ
1569 1051 1667 1118 τῆς
1714 1060 1961 1124 Νικομη-

311 1161 336 1196 ι
386 1139 550 1214 δείας,
609 1140 792 1210 ἐπειδὴ
850 1142 902 1209 ἐξ
955 1143 1178 1223 ἀρχαίου
1235 1143 1368 1209 αὕτη
1439 1138 1766 1219 μητρόπολίς
1824 1139 1956 1212 ἐστι,

312 1249 336 1286 σ
386 1232 816 1311 κεχρεώστηται,
901 1233 1100 1298 πάντας
1181 1234 1303 1297 τοὺς
1386 1234 1488 1289 ὑπὸ
1542 1231 1642 1298 τὴν
1700 1230 1958 1309 ἐπαρχίαν

313 1337 344 1378 (
389 1323 546 1378 αὐτοῦ
601 1319 754 1386 ὄντας
783 1321 1104 1386 ἐπισκόπους
1133 1334 1483 1402 χειροτονεῖν.
1551 1311 1615 1376 (Η
1665 1319 1787 1397 ἁγία
1833 1319 1958 1375 σύν-

310 1429 333 1463 (
385 1407 500 1472 οδος
535 1409 659 1466 εἶπε
693 1429 706 1442 °
770 1418 943 1468 Ταῦτα
988 1412 1181 1474 πάντες
1231 1410 1551 1488 βουλόμεθα.
1613 1416 1788 1467 Ταῦτα
1819 1431 1962 1464 παν-

310 1515 340 1556 (
385 1507 559 1577 ταχοῦ
601 1499 877 1578 κρατείτω.
940 1507 1112 1558 Ταῦτα
1154 1507 1312 1558 πᾶσιν
1382 1499 1614 1580 ἀρέσκει.
1682 1496 1961 1576 Ἰωάννης,

308 1609 336 1640 ι
387 1595 811 1668 Κωνσταντϊνος,
843 1589 1128 1666 πατρίκιοι,
1177 1591 1264 1646 καὶ
1323 1592 1370 1648 οἱ
1399 1587 1576 1646 λοιποὶ
1633 1584 1963 1644 εύλαϐέστα-

307 1698 336 1729 α
383 1697 463 1732 τοι
494 1675 770 1734 ἐπίσκοποι
811 1683 909 1744 τῆς
957 1683 1218 1745 Ποντικῆς
1261 1677 1597 1750 διοικήσεως,
1643 1677 1798 1732 εἷπον
1837 1692 1856 1705 ⁸
1905 1683 1964 1735 Οἱ

307 1785 333 1820 ι
378 1764 593 1828 κανόνες
624 1764 715 1822 ἕνα
747 1765 898 1822 ἴσασι
954 1766 1377 1847 μητροπολίτην,
1439 1769 1531 1822 τὸν
1587 1764 1959 1844 ἀρχαιότερον,

306 1874 336 1907 α
384 1855 483 1911 Καὶ
525 1851 710 1930 δῆλον,
768 1856 842 1920 ὡς
891 1856 951 1911 τὸ
1007 1855 1394 1937 θεοφιλεστάτῳ
1465 1855 1740 1928 ἐπισκόπῳ
1796 1865 1963 1937 Νικοέ

1638 463 2040 534 GBJEGO-RO
2047 465 2215 530 MAN
2222 466 2331 530 UM
2342 516 2355 530 .

3587 479 3704 544 874

1701 593 1944 682 Ἠπείρου

2063 619 2086 650 ιι
2123 595 2304 677 ιίίιιιω
2334 597 2518 679 Epiri,
2552 600 2742 663 dixit:
2768 603 3173 670 Canonisbaec
3216 607 3610 676 verbasunt':
3633 611 3712 676 Ut

2051 706 2073 740 α
2111 684 2171 745 in
2207 688 2592 768 unaqualibet
2660 693 2963 772 provincia
3018 698 3361 778 metropolis
3392 699 3710 782 episcopus

2048 794 2072 829 ο
2107 775 2522 868 auctoritatem
2555 779 2811 868 habeat.
2865 791 3040 864 atque
3089 784 3144 846 is
3201 775 3332 868 ipse
3391 775 3707 854 constituat

2051 884 2078 914 α
2112 867 2448 945 omnes,qui
2481 866 2589 928 sub
2615 867 2822 931 eadem
2847 873 3150 950 provincia
3178 866 3338 952 sunt,
3367 876 3700 960 episcopos.

2051 972 2078 1004 α
2111 951 2186 1012 Ει
2215 952 2340 1013 haec
2373 955 2617 1048 canonis
2647 975 2820 1048 mens
2845 968 2957 1023 est.
2989 960 3065 1023 At
3095 951 3540 1030 Nicomediensi
3570 951 3704 1048 epi-

2049 1063 2075 1091 α
2111 1057 2314 1121 scopo,
2349 1045 2632 1122 quoniam
2663 1047 2786 1111 haec
2841 1048 2986 1110 urbs
3033 1068 3066 1110 a
3101 1052 3315 1132 priscis
3348 1057 3583 1118 saeculis
3606 1045 3706 1120 est

2055 1152 2081 1182 α
2115 1132 2812 1226 metropolis,hocipsum
2839 1137 3111 1215 debetur,
3135 1148 3200 1203 ut
3229 1160 3436 1208 omnes
3469 1145 3705 1226 episco-

2054 1238 2085 1275 ς
2120 1237 2223 1309 pos
2280 1220 2381 1300 qui
2426 1222 2555 1302 ejus
2618 1224 2924 1304 provincia
2980 1229 3383 1309 continentur,
3441 1220 3701 1300 ordinet.

2055 1328 2077 1362 «
2116 1305 2333 1398 Sancta
2355 1312 2614 1390 synodus
2632 1313 2813 1378 dixit:
2842 1315 2980 1379 Haec
3008 1337 3217 1384 omnes
3239 1305 3529 1398 volumus.
3567 1321 3705 1387 Haec

2055 1417 2077 1452 «
2115 1395 2336 1477 ubique
2366 1407 2496 1462 rata
2521 1403 2864 1466 sunto.Ha5c
2909 1407 3145 1484 placent
3174 1395 3489 1475 universis.
3520 1411 3704 1478 Joan-

2054 1506 2077 1540 ιι
2115 1486 2782 1582 ηεε-ειβοηεῑειηιῇηυε,
2817 1495 3072 1574 patricii,
3106 1501 3426 1582 caeterique
3456 1501 3704 1582 religio-

2054 1595 2077 1629 α
2115 1574 2336 1635 sissimi
2373 1578 2639 1669 episcopi
2657 1581 2916 1644 Ponticae
2937 1574 3522 1669 dicecesis,diierunt
3548 1574 3705 1656 {Ca-

2054 1685 2081 1717 α
2115 1680 2302 1759 nones
2343 1684 2536 1759 unum
2591 1668 2756 1732 illum
2815 1682 3150 1751 agnoscunt
3176 1668 3701 1759 metropolitanum

2054 1774 2081 1804 «
2113 1749 2222 1848 qui.
2237 1753 2536 1848 antiquior
2597 1765 2718 1848 est.
2773 1749 3058 1841 Adeoque
3081 1749 3394 1834 manifesto
3416 1773 3595 1848 patet,
3627 1769 3702 1831 ad

2055 1859 2078 1893 α
2114 1839 2626 1937 religiosissimum
2651 1839 3171 1914 Nicomediensem
3203 1839 3550 1936 episcopum
3569 1839 3704 1937 per-

305 1961 338 2000 (
381 1940 600 2017 μηδείας
667 1927 996 2023 διαφέρουσιν
1062 1927 1122 2001 αἱ⁸
1183 1927 1525 2025 χειροτονίαι.
1603 1941 1828 2011 Ἐπειδὴ
1874 1936 1949 2000 κα

2055 1949 2078 1983 (ι
2113 1927 2306 2025 tinere
2339 1927 3274 2025 ordinationes.Quandoquidem
3297 1943 3388 2007 ba
3412 1927 3602 2024 leges,
3639 1945 3700 2007 id

304 2051 330 2085 α
380 2033 433 2086 αἱ
481 2032 805 2108 νομοθεσίαι,
859 2034 933 2096 ὡς
989 2032 1189 2091 σύνοιδε
1233 2035 1320 2090 καὶ
1362 2035 1397 2101 ἡ
1458 2031 1685 2110 ὑμετέρα
1717 2030 1955 2109 μεγαλο-

303 2139 330 2176 σ
382 2119 634 2193 πρέπεια,
727 2121 945 2197 ὀνόματι
1017 2121 1403 2203 μητροπόλεως
1482 2122 1630 2198 μόνῳ
1702 2119 1957 2195 ἐτίμησαν

304 2229 326 2264 σ
365 2207 464 2275 τὴν
491 2208 730 2267 Νικαέων
764 2226 776 2239 ·
839 2217 1161 2290 προτιμᾶται
1191 2209 1246 2267 δὲ
1272 2217 1380 2267 τῶν
1410 2210 1609 2269 λοιπῶν
1643 2209 1956 2268 ἐπισκόπων

304 2315 331 2353 α
378 2301 479 2364 τῆς
537 2296 800 2378 ἐπαρχίας
828 2305 896 2376 τῇ
927 2307 1061 2377 τιμῇ
1094 2301 1232 2378 μόνῃ
1267 2317 1282 2335 ⁸
1335 2301 1370 2368 ἡ
1404 2299 1527 2378 ἁγία
1560 2297 1771 2362 σύνοδος
1802 2299 1948 2355 εἷπε·

300 2406 327 2442 σ
379 2393 683 2450 Κανονικῶς
766 2386 1016 2456 ἐδίδαξαν.
1109 2389 1296 2455 Καλῶς
1398 2388 1647 2456 ἐδίδαξαν.
1757 2389 1958 2453 Πάντες

304 2497 330 2530 ιι
378 2475 445 2530 τὰ
487 2476 616 2534 αὖτᾶ
667 2475 918 2554 λέγομεν,
982 2479 1082 2536 Καὶ
1134 2478 1278 2543 αὖθις
1350 2481 1396 2536 οἱ
1468 2480 1686 2542 κανόνες
1744 2477 1958 2559 κρατεί-

307 2584 338 2625 (
383 2587 578 2625 τωσαν.
637 2575 764 2632 Τοῖς
820 2567 1008 2624 κανόσι
1065 2570 1126 2625 τὸ
1178 2571 1356 2627 ἱκανὸν
1409 2569 1662 2649 γενέσθω,
1699 2563 1794 2624 Ὠν
1823 2569 1960 2626 οὕτω

304 2673 330 2710 α
381 2652 762 2735 συνδοξάντων,
818 2657 1172 2736 συμπέρασμα
1227 2659 1501 2737 ἐπήγαγον
1559 2661 1605 2716 οἱ
1675 2657 1953 2739 ἄρχοντες,

302 2764 332 2798 α
379 2745 466 2800 καὶ
508 2743 796 2823 ἀπόφασιν,
855 2745 1084 2825 ἔχουσαν
1144 2745 1312 2812 οὕτως
1348 2765 1364 2782 ⁶
1411 2748 1520 2814 Τὴν
1564 2748 1661 2824 μὲν
1691 2747 1958 2807 αὒθεντίαν

302 2853 333 2885 α
376 2837 466 2888 τοῦ
522 2831 914 2912 μητροπολίτου
960 2834 1015 2890 ἐν
1068 2849 1190 2900 ταῖς
1248 2838 1379 2893 κοτόι
1439 2837 1674 2893 Βιθυνίαν
1719 2834 1957 2903 Ἐκκλη-

303 2939 329 2974 σ
377 2920 511 2985 σίαις
541 2922 570 2976 6
613 2921 966 2997 Νικομηδείας
1026 2922 1407 2990 εὖλαϐέστατος
1462 2923 1749 2989 ἐπίσκοπος
1802 2923 1903 2990 ἕξει
1939 2976 1952 2990 ,

302 3031 332 3063 α
376 3016 468 3065 τοῦ
519 3010 762 3090 Νικαίας,
822 3011 922 3078 τὴν
975 3013 1137 3088 τιμὴν
1192 3013 1362 3088 μόνην
1412 3021 1504 3071 τοῦ
1567 3013 1956 3093 μητροπολίτου

306 3116 335 3157 ι
380 3097 623 3178 ἔχοντος,
671 3101 1019 3176 ὑποκειμένου
1061 3099 1117 3157 δὲ
1177 3103 1314 3162 κατὰ
1372 3105 1598 3178 μίμησιν
1643 3109 1749 3160 τῶν
1780 3100 1955 3161 ἄλλων

301 3209 331 3242 α
378 3187 682 3244 ἐπισκόπων
717 3194 816 3256 τῆς
847 3189 1131 3271 ἐπαρχίας,
1165 3199 1242 3266 τῷ
1266 3193 1363 3258 τῆς
1388 3189 1765 3268 Νικομηδείας,
1788 3199 1949 3250 Τοῦτο

303 3298 333 3331 α
379 3278 478 3355 γὰρ
520 3278 608 3333 καὶ
636 3283 705 3354 τῇ
736 3279 859 3356 ἁγία
905 3280 1143 3356 παρέστη
1180 3278 1396 3356 σύνοδῳ.
1439 3304 1466 3336 io

2047 3191 2076 3229 ς
2105 3191 2240 3236 rum
2274 3187 2594 3257 provinciae
2625 3187 3522 3264 episcoporum,Nicomedieusi
3542 3206 3563 3249 ε

2044 3285 2070 3316 α
2101 3261 2246 3356 (lito.
2283 3268 2435 3328 Nam
2458 3269 2571 3331 hoc
2601 3269 2684 3332 ita
2708 3289 2892 3335 sacras
2919 3273 3108 3335 visum
3141 3282 3232 3336 est
3259 3275 3508 3356 synodo.
3540 3300 3563 3334 ι

303 3298 333 3331 α
379 3278 478 3355 γὰρ
520 3278 608 3333 καὶ
636 3283 705 3354 τῇ
736 3279 859 3357 ἁγία
905 3280 1143 3359 παρέστη
1180 3278 1396 3356 σύνοδῳ.
1439 3304 1466 3336 io

378 3371 456 3442 Τῇ
485 3367 705 3442 τοιαύτῃ
738 3369 936 3448 ’ψήφῳ
993 3371 1080 3425 καὶ
1138 3370 1260 3448 ἁγία
1316 3368 1525 3433 σύνοδος
1583 3367 1950 3439 ἐπακολουθή-

294 3475 458 3535 σασα,
514 3456 605 3511 τὸν
676 3445 747 3532 ιβ’
828 3445 1022 3514 κανόνα
1093 3459 1474 3540 ὑπηγόρευσεν,
1557 3459 1949 3539 ἀπαγορεύοντα

291 3544 394 3610 τὴν
425 3543 548 3619 μίαν
595 3543 856 3624 ἐπαρχίαν
901 3548 973 3611 είς
1034 3545 1122 3604 δύο
1178 3549 1616 3624 κατατέμνεσθαι,
1691 3549 1780 3605 καὶ
1836 3571 1950 3622 μη-

290 3631 607 3712 τροπολίτας
638 3631 727 3689 δύο
769 3633 824 3690 ἐν
882 3641 978 3711 μιᾷ
1025 3636 1256 3716 ἐπαρχίᾳ
1317 3637 1457 3694 εἶναι
1485 3657 1499 3672 ⁶
1559 3638 1646 3696 καὶ
1703 3638 1950 3716 καθαίρε-

289 3742 382 3777 σιν
452 3721 762 3780 ἀπεντεῦθεν
820 3723 1111 3780 ἀπειλοῦσα
1168 3734 1244 3801 τῷ
1303 3725 1363 3782 ἐκ
1419 3724 1742 3806 περιδρομῆς
1815 3725 1945 3783 τολ-

291 3810 518 3884 μήσοντι
578 3810 852 3886 ἐπισκόπῳ
911 3810 994 3872 διὰ
1062 3814 1200 3871 θείου
1256 3815 1422 3872 τύπου
1491 3821 1647 3872 τοῦτο
1711 3811 1895 3870 λαϐεῖν
1929 3834 1941 3847 ·

287 3899 378 3954 καὶ
433 3899 765 3976 θεσπίζουσα,
847 3903 936 3958 τὸν
1005 3901 1295 3961 ἐπίσκοπον
1354 3905 1444 3960 τὸν
1527 3903 1586 3960 ἐκ
1662 3901 1944 3979 βασιλικῆς

289 3984 521 4052 ἐξουσίας
571 3986 674 4055 ἤδη
737 3990 1190 4068 μητροπολιτικὸν
1247 3992 1500 4073 εἰληφότα
1562 3990 1782 4072 δίκαιον,
1836 3992 1944 4066 μό-

288 4097 385 4143 νης
427 4076 720 4135 ἀπολαύειν
776 4083 876 4148 τῆς
941 4086 1127 4158 τιμῆς,
1190 4081 1505 4158 σωζομένων
1562 4081 1818 4160 ἀκεραίων
1875 4087 1944 4157 τῇ

288 4165 427 4248 κατὰ
509 4164 760 4237 ἀλήθειαν
843 4169 1174 4248 μητροπόλει
1258 4176 1362 4230 τῶν
1447 4171 1652 4229 οἰκείων
1705 4167 1936 4228 δικαίων.

291 4240 463 4334 9Ἐχει
494 4252 548 4310 δὲ
579 4257 608 4311 6
637 4255 811 4312 κανὼν
841 4257 1006 4324 οὕτως
1041 4277 1057 4292 ⁸

376 4330 628 4401 Palem
687 4346 760 4410 εἷς
815 4349 979 4429 ἡμᾶς,
1026 4349 1101 4413 ὥς
1156 4371 1294 4413 τινες
1357 4350 1498 4428 παρὰ
1557 4349 1678 4413 τοὺς
1736 4347 1939 4418 ἐκκλη-

298 4450 323 4494 «
373 4433 675 4496 σιαστικοὺς
770 4437 993 4513 θεσμοὺς
1087 4436 1510 4518 προσδραμόντες
1595 4435 1934 4516 δυναστείαις,

2052 2039 2080 2070 σ
2113 2019 2270 2096 quod
2297 2021 2470 2082 etiam
2489 2031 2698 2084 vestrae
2719 2033 2948 2087 constat
2969 2019 3701 2109 mzigniﬁcentiaﬁoniine

2045 2123 2075 2164 α
2108 2105 2397 2170 duntaxat
2455 2113 2802 2193 metropolis
2871 2115 3156 2178 Nicaetam
3217 2105 3512 2190 civitatem
3591 2141 3696 2185 co-

2043 2216 2071 2248 ‹
2104 2195 2506 2290 hones‘tarunt
2531 2218 2544 2262 :
2572 2203 2742 2282 cujus
2754 2203 3049 2267 antistites
3061 2207 3360 2286 episcopis
3380 2209 3701 2290 provincia

2043 2301 2072 2342 α
2105 2285 2338 2348 caeteris
2360 2289 2588 2351 honore
2631 2291 2757 2380 solo
2804 2285 3114 2372 praefertur
3158 2315 3172 2356 :
3213 2285 3416 2362 sancta
3441 2299 3700 2380 synodus

2049 2393 2072 2428 α
2110 2373 2258 2434 dixit
2289 2393 2302 2436 :
2337 2375 2410 2438 Hi
2437 2379 2724 2441 canonice
2751 2398 2878 2442 rem
2904 2394 3326 2463 exposuerunt.
3361 2373 3542 2450 Hec-te
3566 2406 3698 2452 rem

2047 2481 2070 2517 (ι
2109 2476 2529 2541 exposuerunt.
2558 2466 2782 2530 Omnes
2808 2474 3016 2534 eadem
3047 2472 3322 2536 dicimus.
3353 2477 3430 2538 Et
3455 2494 3699 2540 rursum

2048 2571 2071 2605 α
2109 2568 2368 2615 canones
2420 2557 2533 2616 rati
2563 2568 2762 2622 sunto.
2801 2560 3141 2623 Canonibus
3171 2564 3436 2629 satisﬁat.
3473 2563 3699 2638 Quibus

2047 2662 2074 2694 α
2109 2640 2190 2729 ita
2220 2645 2618 2708 communiter
2648 2649 3017 2729 approbatis,
3050 2653 3501 2716 conclusionem
3531 2656 3698 2719 intu-

2045 2751 2072 2784 α
2107 2727 2231 2823 lere
2281 2734 2590 2823 praesides,
2651 2727 2825 2818 atque
2883 2740 3242 2804 sententiam
3295 2744 3695 2823 hujusmodi:

2043 2835 2073 2876 ‹
2110 2819 2541 2913 Auctoritatem
2565 2827 3008 2907 metropolitani
3024 2830 3084 2890 in
3095 2819 3701 2913 Ecclesiis'Bithyniaa

2048 2924 2078 2964 ‹
2107 2907 2592 2986 religiosissimus
2609 2915 3086 2980 Nicomediensis
3097 2919 3410 3001 episcopus
3426 2907 3693 2998 habebit,

2047 3018 2068 3050 ι
2106 2996 2349 3060 Nicaeno
2404 3004 2842 3082 metropolitani
2901 2996 3183 3071 duntaxat
3211 2996 3502 3072 honorem
3532 2996 3695 3074 obtié

2047 3105 2071 3137 «
2109 3094 2308 3162 nente,
2334 3089 2644 3171 nihiloque
2688 3095 2887 3157 minus
2910 3096 2986 3156 ad
3025 3097 3419 3161 imitationem
3441 3106 3693 3162 caatero-

2047 3191 2076 3229 ς
2105 3191 2240 3236 rum
2274 3179 2594 3257 provinciae
2625 3182 3522 3264 episcoporum,Nicomedieusi
3542 3187 3693 3251 sub-

2113 3349 2240 3414 Hoc
2273 3357 2479 3417 eadem
2539 3367 2743 3422 sancta
2793 3363 3052 3442 synodus
3104 3349 3310 3426 secuta
3357 3365 3690 3446 decretum,

2035 3457 2322 3504 canonem
2358 3446 2774 3511 duodecimum
2824 3451 3084 3531 dictavit,
3139 3453 3581 3534 prohibentem,
3613 3471 3693 3516 ne

2033 3548 2151 3590 una
2174 3534 2822 3614 provincia_scindatur
2849 3541 2912 3601 in
2943 3541 3110 3616 duas,
3145 3561 3296 3605 neve
3336 3542 3689 3624 metropoli-

2035 3621 2154 3680 tani
2184 3621 2298 3682 duo
2330 3622 2390 3684 in
2446 3644 2564 3686 una
2617 3628 2918 3706 provincia
2962 3629 3102 3692 sint.
3139 3629 3331 3693 Simul
3362 3621 3690 3694 abdicatio-

2032 3725 2170 3768 nem
2206 3711 2485 3792 episcopo
2536 3717 2933 3779 comminatur
2962 3718 3024 3778 in
3055 3727 3382 3798 posterum,
3429 3719 3529 3801 qui
3561 3719 3685 3780 cir-

2031 3800 2514 3864 cumcursitando
2543 3821 2649 3884 per
2669 3804 2899 3886 apicem
2923 3823 3159 3868 sacrum
3180 3807 3242 3868 id
3263 3800 3593 3870 tentaturus
3610 3807 3688 3871 sit

2030 3888 2316 3968 consequi
2346 3907 2360 3951 :
2396 3897 2698 3973 sanciens,
2732 3901 2792 3954 ut
2813 3893 2863 3955 is
2887 3895 3225 3975 episcopus,
3259 3895 3362 3976 qui
3389 3895 3462 3958 ab
3489 3895 3686 3977 impe-

2027 3975 2246 4064 ratoria
2293 3987 2586 4057 potestate
2630 3981 2730 4060 jus
2788 3975 3294 4062 metropoliticuni
3318 3984 3444 4064 jam
3473 3975 3686 4046 nactus

2027 4062 2126 4135 sit,
2181 4064 2410 4128 honore
2474 4068 2757 4132 duntaxat
2806 4071 3054 4147 fruatur,
3115 4071 3292 4134 salvis
3325 4062 3399 4135 iet
3437 4071 3687 4154 integris

2024 4169 2180 4242 verae
2224 4157 2541 4237 metropoli
2595 4159 2722 4221 suis
2771 4160 3034 4240 juribus.
3092 4160 3236 4242 Ejus
3285 4163 3532 4226 canonis
3558 4163 3686 4226 hac

2023 4241 2202 4304 verba
2230 4253 2367 4306 sunt
2400 4263 2412 4307 :

2110 4355 2137 4386 α
2171 4331 2450 4396 Pervenit
2477 4335 2550 4397 ad
2574 4354 2704 4417 nos,
2747 4339 3034 4418 quosdam
3069 4348 3287 4420 praeter
3314 4341 3684 4404 ecclesiasti-

2033 4439 2057 4475 α
2095 4439 2192 4482 cas
2223 4422 2387 4502 leges
2417 4424 2488 4484 ad
2549 4443 2676 4501 eos,
2734 4427 2836 4506 qui
2881 4447 3080 4490 rerum
3111 4433 3435 4510 potiuntur,
3467 4450 3682 4494 accur-

294 4536 326 4578 (
363 4517 447 4576 διὰ
496 4509 882 4607 πραγματικῶν
924 4526 1024 4593 τὴν
1080 4509 1204 4602 μίαν
1256 4509 1522 4607 ἐπαρχίαν
1573 4528 1646 4592 εἰς
1703 4524 1792 4584 δύο
1845 4509 1942 4585 καλ

2044 4531 2062 4564 π
2098 4509 2271 4586 risse,
2300 4530 2527 4593 perque
2556 4516 2946 4594 pragmaticas
2975 4509 3316 4583 sanctioncs
3345 4539 3524 4583 unam
3552 4539 3683 4600 pro-

295 4625 325 4668 (
367 4608 616 4686 τέτεμον.
679 4601 770 4675 Ὠς
828 4613 889 4671 ἐκ
936 4601 1121 4696 τούτου
1193 4613 1282 4673 δύο
1352 4601 1748 4696 μητροπολίτας
1799 4617 1942 4674 εἶναι

292 4717 319 4754 ι
367 4697 419 4754 ἐν
445 4697 514 4775 τῇ
571 4703 704 4777 αὐτῇ
760 4700 1017 4784 ἐπαρχίᾳ.
1066 4694 1262 4784 εὨρισιε
1317 4694 1488 4763 τοίνυν
1543 4706 1579 4772 ἡ
1636 4705 1759 4784 ἁγία
1815 4728 1942 4762 συν-

289 4808 322 4843 α
366 4785 509 4865 οδος,
568 4797 660 4846 τοῦ
715 4789 905 4849 λοιποῦ
948 4792 1115 4869 μηδὲν
1171 4800 1407 4852 τοιοῦτον
1464 4791 1755 4869 τολμᾶσθαι
1799 4797 1942 4874 παρὰ

292 4895 319 4936 ε
366 4876 689 4936 ἐπισκόπου
741 4879 961 4950 Ἐπειδὴ
1038 4885 1128 4940 τὸν
1230 4884 1452 4956 τοιούτῳ
1535 4882 1938 4963 ἐπιχειροῦντα,

290 4987 321 5020 α
365 4965 638 5024 ἐκπίπτειν
694 4976 786 5026 τοῦ
829 4968 952 5027 ἰδίου
1011 4972 1234 5049 βαθμοῦ,
1299 4963 1468 5031 υΟσαι
1525 4971 1580 5028 δὲ
1638 4971 1822 5036 πόλεις
1857 4971 1941 5029 διὰ

293 5073 319 5110 ι
363 5057 692 5136 γραμμάτων
745 5057 1058 5136 βασιλικῶν,
1121 5068 1198 5136 τῷ
1249 5065 1347 5129 τῆς
1407 5059 1793 5137 μητροπόλεως
1825 5061 1938 5118 ἐτι-

291 5165 322 5198 ι
369 5145 617 5219 μήθησαν
667 5146 913 5228 ὀνόματι,
964 5149 1135 5224 μόνης
1190 5148 1599 5208 ἀπολαυέτωσαν
1627 5155 1724 5218 τῆς
1751 5156 1936 5226 τιμῆς,

286 5246 318 5288 (
364 5233 451 5286 καὶ
507 5234 535 5289 ὁ
592 5233 691 5302 τὴν
753 5234 1074 5304 Ἐκκλησίαν
1132 5240 1297 5305 αὐτῆς
1364 5235 1574 5295 διοικῶν
1629 5236 1934 5315 ἐπίσκοπος,

287 5339 316 5372 α
364 5320 679 5395 σωζομένων
722 5320 969 5389 δηλονότι
1027 5333 1095 5403 τῇ
1149 5328 1285 5383 κατὰ
1327 5325 1576 5396 ἀλήθειαν
1609 5327 1936 5406 μητροπόλει

291 5428 316 5461 α
350 5413 453 5463 τῶν
485 5409 690 5466 οἰκείων
719 5409 956 5476 δικαίων,
993 5437 1020 5468 »
1083 5419 1181 5481 Οἷς
1215 5417 1499 5495 σύμψηφος
1556 5415 1763 5493 ἐγένετο
1791 5418 1880 5472 καί
1909 5420 1936 5474 6

278 5493 526 5572 βασιλεὺς
558 5502 880 5578 Μαρκιανὸς,
912 5503 1011 5570 τὴν
1038 5505 1178 5560 θείαν
1205 5505 1403 5572 ταύτην
1420 5493 1785 5582 -ὕπαγορεύσας
1815 5503 1936 5562 διά-

276 5580 448 5648 ταξιν.
488 5607 512 5639 ιι

355 5693 391 5748 ,ι
455 5673 558 5729 Τὸν
628 5675 1010 5756 ἀφαιρούμενον
1068 5680 1276 5746 πόλεως
1338 5679 1680 5759 οἱασδήποτε,
1767 5682 1930 5741 πάλαι

284 5781 312 5820 α
347 5758 532 5840 οὔσης,
566 5763 604 5831 ἢ
636 5773 724 5822 νύν
767 5766 1104 5837 πολισθείσης
1153 5773 1216 5827 τὸ
1270 5776 1368 5839 τῆς
1425 5769 1606 5843 ἴδικῆς
1636 5758 1930 5842 ἐπιφκοπῆς

721 5903 984 5969 PATROL.
1031 5903 1141 5975 Gn.
1187 5908 1397 5972 CXIX.

2034 4619 2056 4653 ι
2095 4597 2349 4660 vinciam
2377 4599 2437 4661 in
2471 4601 2620 4662 duas
2678 4601 3105 4676 divisisse.Quo
3137 4607 3327 4670 ﬁatut
3355 4608 3417 4668 in
3467 4597 3678 4671 eadem

2032 4709 2059 4741 α
2094 4688 2398 4767 provincia
2427 4689 2545 4750 duo
2569 4690 2688 4752 sint
2723 4695 3204 4773 metropolitanii.
3236 4695 3512 4758 Decrevit
3539 4715 3679 4776 ergo

2031 4799 2058 4830 α
2092 4785 2296 4838 sancta
2345 4779 2626 4859 synodus,
2661 4785 2722 4841 in
2780 4791 3082 4864 posterum
3113 4784 3185 4846 ab
3215 4785 3496 4866 episcopo
3528 4785 3678 4847 nihil

2028 4866 2206 4928 «tale
2259 4868 2628 4932 tentandum.
2703 4869 2936 4952 Quippe
3011 4873 3113 4953 qui
3185 4874 3300 4936 hoc
3370 4873 3674 4950 molietur,

2029 4975 2054 5010 (ι
2088 4957 2276 5033 gradu
2317 4975 2422 5018 suo
2473 4957 2727 5021 excidet.
2786 4961 3166 5041 Quaecunque
3213 4981 3352 5026 vero
3409 4962 3678 5029 civitates

2028 5067 2056 5099 «
2089 5063 2197 5124 per
2252 5045 2664 5127 imperatorias
2722 5048 2948 5110 litteras
3032 5052 3384 5133 metropolis
3433 5051 3676 5116 nomine

2031 5156 2053 5192 α
2090 5135 2475 5198 cohonestate
2522 5135 2766 5212 fuerint,
2825 5138 3070 5201 honoris
3113 5141 3396 5204 duntaxat
3417 5140 3670 5203 fructum

2029 5244 2052 5280 ιι
2090 5224 2446 5305 percipiant,
2500 5245 2618 5287 una
2668 5245 2802 5288 cum
2848 5228 3148 5309 episc0po,
3211 5231 3312 5312 qui
3359 5229 3677 5309 cujuslibet

2027 5336 2056 5370 α
2090 5314 2339 5375 civitatis
2397 5314 2722 5378 Ecclesiam
2759 5317 2952 5398 regit;
3012 5318 3189 5380 salvis
3237 5318 3464 5382 scilicet
3517 5338 3673 5382 verae

2023 5424 2052 5464 ‹
2090 5406 2404 5486 metropoli
2434 5405 2560 5467 suis
2578 5405 2840 5485 juribus.
2877 5432 2904 5461 ι
2939 5408 3132 5488 Atque
3161 5407 3256 5470 bis
3277 5427 3555 5472 assensus
3584 5418 3676 5472 est

2021 5493 2196 5554 etiam
2223 5494 2554 5558 Marcianus
2584 5498 2910 5576 imperator
2961 5497 3073 5559 hoc
3101 5515 3270 5574 sacro
3293 5497 3487 5576 edicto
3518 5517 3670 5574 cun-

2016 5583 2164 5646 dito.

2103 5700 2130 5731 α
2163 5673 2443 5757 Eum,qui
2499 5677 2832 5760 cuicunque
2888 5676 3134 5751 civitati,
3193 5677 3290 5740 vel
3311 5675 3666 5758 jamdudum

2022 5789 2046 5825 ι
2085 5766 2514 5852 exsistenti,vel
2540 5769 2715 5832 modo
2738 5767 3117 5850 conditaJus
3140 5769 3522 5850 episcopatus
3548 5770 3663 5843 sui,

3100 5903 3178 5972 28
