4130 6458
516 490 632 554 875

1904 489 1935 552 Ι
1944 489 2034 551 US
2074 483 2524 550 GANONICUM

3763 477 3868 544 876

523 646 548 677 α
583 622 674 684 vel
704 623 862 686 aliud
895 623 1217 706 quodpiam
1270 623 1642 705 privilegium
1717 623 1948 704 adimit,
1994 621 2167 684 etiam

2261 641 2289 674 ι
2333 617 2556 693 δίκαιον,
2589 619 2625 687 ἢ
2656 617 2830 696 ἕτερόν
2861 639 2909 673 τι
2954 612 3265 695 προνόμιον,
3312 614 3408 671 κᾶν
3457 613 3559 670 ἀπὸ
3613 612 3869 690 βασιλικῆς

521 733 548 764 α
581 710 962 791 imperatorio
985 711 1342 792 permissum
1361 710 1601 772 infamia
1623 711 1923 772 notathaec
1940 709 2167 772 consti-

524 822 546 854 ε
587 800 758 876 tutio,
793 799 1205 881 bonorumque
1251 798 1654 880 publicatione
1709 800 1941 875 multat,
1972 800 2166 879 ipsum

525 911 554 942 α
591 887 768 950 etiam
800 895 1072 950 conatum
1109 887 1478 968 improbans.
1516 913 1542 943 ››

595 975 828 1058 Excipit
877 984 1074 1040 autem
1147 977 1292 1038 sitas
1355 979 1413 1039 in
1451 977 1690 1058 Scythia
1723 976 2055 1059 provincias
2113 985 2172 1041 et

519 1067 931 1148 Leontopolim
975 1066 1237 1128 Isauriae.
1277 1067 1391 1130 Lex
1435 1066 1577 1129 item
1613 1075 1803 1129 exstat
1831 1066 1967 1144 alia,
2001 1065 2170 1147 cujus

514 1155 642 1216 haac
671 1153 855 1217 verba
884 1164 1021 1217 sunt
1058 1175 1072 1214 :

498 1294 504 1298 ,
605 1268 623 1298 ι
663 1242 865 1306 Firma
896 1243 1016 1304 sint
1052 1242 1460 1306 ecclesiastica
1490 1242 1798 1323 privilegia
1829 1243 2164 1307 universa.)

597 1334 866 1412 Itemque
885 1350 1093 1394 rursus
1113 1331 1249 1395 alia.

609 1446 633 1476 ιι
671 1419 884 1483 Sacros
916 1439 1176 1483 canones
1215 1438 1330 1481 non
1365 1419 1584 1498 minus,
1620 1440 1796 1501 quam
1822 1421 1981 1502 ipsas
2010 1421 2170 1500 leges

523 1534 551 1564 α
582 1509 973 1589 valere,leges
999 1510 1227 1572 volunt.
1255 1509 1325 1570 Et
1348 1509 1506 1589 quod
1537 1528 1796 1572 canones
1819 1509 2162 1591 prohibent,

522 1623 550 1652 ι(
585 1598 643 1658 id
671 1598 848 1658 etiam
882 1597 1200 1678 prohibent
1230 1597 1412 1677 leges.
1455 1622 1475 1654 ι

592 1684 662 1747 Et
692 1687 818 1747 haec
848 1685 1090 1766 quidem
1149 1685 1448 1748 sufficiunt
1489 1686 1561 1747 ad
1614 1685 2166 1765 probandum,non

519 1775 670 1836 duos
701 1775 1190 1853 metropolitanos
1211 1775 1270 1836 in
1289 1794 1406 1836 una
1418 1794 1550 1837 esse
1569 1775 2163 1856 provincia,sedtem-

513 1882 656 1945 pore
687 1864 1240 1945 priorem,itemque
1266 1865 1389 1944 jam
1425 1876 1628 1944 pactos
1654 1864 2163 1945 metropolitanos,

509 1953 739 2014 honore
770 1951 1049 2013 duntaxat
1078 1953 1211 2014 aliis
1243 1951 1542 2033 episcopis
1577 1961 1881 2033 praestare,
1917 1963 2164 2015 caeteros

514 2041 615 2119 qui
646 2040 913 2103 subditos
963 2041 1043 2122 ei,
1099 2041 1200 2122 qui
1255 2059 1464 2122 reapse
1513 2041 2007 2122 metropolitanus
2032 2050 2158 2111 est;

510 2129 796 2211 deinceps
831 2149 993 2205 vero,
1028 2149 1166 2192 cum
1194 2131 1323 2210 ipse
1355 2129 1442 2191 rei
1471 2138 1718 2191 conatus
1746 2131 1918 2191 etiam
1955 2129 2162 2210 prohi-

512 2217 1100 2299 beatur,episcopum
1133 2218 1194 2278 id
1227 2236 1433 2279 ausum
1465 2217 1686 2298 facere,
1708 2218 1892 2296 gradu
1918 2236 2022 2278 suo
2053 2218 2162 2279 de-

505 2305 614 2386 jici
649 2327 661 2368 :
697 2306 923 2367 nullum
959 2306 1216 2386 denique
1249 2306 1623 2387 privilegium
1659 2326 1727 2368 ex
1754 2307 1986 2387 iis,qua3
2004 2307 2166 2387 prius

507 2395 684 2456 alicui
717 2394 1546 2476 adhaaseruntepiscopatui,a
1576 2414 1869 2476 quoquam
1891 2395 2162 2457 adimen-

509 2484 674 2546 dum.
701 2483 867 2556 Quod
897 2491 1093 2545 autem
1146 2503 1264 2544 non
1290 2484 1376 2544 fas
1406 2484 1483 2544 sit
1513 2501 1605 2560 ea,
1639 2502 1766 2564 quae
1797 2491 2168 2545 concernunt

508 2577 841 2654 episcopos,
870 2574 1199 2634 secundum
1235 2592 1467 2635 sacram
1500 2574 1869 2635 sanctionem
1887 2591 2162 2654 pragma—

511 2661 686 2726 ticam
722 2662 1076 2743 procedere,
1113 2661 1218 2724 sed
1246 2663 1413 2742 juxta
1461 2661 1704 2725 Patrum
1738 2662 2024 2725 duntaxat
2053 2661 2163 2723 de-

509 2751 978 2824 terminationes,
1051 2770 1199 2832 quos
1257 2759 1316 2811 et
1378 2769 1640 2812 canones
1696 2751 2043 2812 vocant:id
2095 2770 2165 2814 ex

508 2840 623 2902 alia
635 2849 853 2902 sanctae
866 2840 1046 2919 hujus
1069 2839 1428 2902 universalis
1448 2847 1671 2921 quartae
1693 2840 1903 2920 synodi
1931 2839 2164 2902 actione

507 2929 736 3010 percipi
769 2929 1135 3008 potest.Nam
1160 2946 1292 2989 cum
1315 2928 1521 2989 civitas
1539 2927 1788 3006 Berytus
1821 2925 2166 3006 metropoli-

505 3018 687 3080 ticum
741 3023 842 3096 jus
894 3016 1272 3096 impetrasset
1323 3015 1396 3076 ab
1451 3035 1522 3076 eo
1598 3014 1934 3078 Theodosio
1995 3014 2163 3094 prin-

504 3105 636 3185 cipe
661 3105 763 3185 (24
793 3103 1034 3184 25),αυί
1058 3104 1127 3165 ad
1163 3102 1490 3166 discrimen
1515 3102 1676 3164 illius
1694 3103 2168 3183 majoris,minor

2257 730 2282 761 α
2331 707 2643 787 ἐπιτροπῆς,
2689 707 2876 784 ἀτιμοῖ
2905 708 2990 763 καὶ
3019 703 3236 780 δημεύει
3277 707 3312 773 ἡ
3344 701 3588 778 διάταξις,
3633 703 3868 784 ἂκυροῦσα

2257 819 2283 849 α
2330 798 2418 853 καὶ
2446 797 2544 865 τὴν
2573 796 2904 877 ἐγχείρησιν,
2941 820 2968 851 in

2334 964 2633 1052 ιΥιιτεξαιρεῖ
2659 973 2714 1030 δὲ
2743 976 2830 1032 καὶ
2858 975 2951 1038 τὰς
2994 974 3048 1030 ἐν
3091 973 3282 1046 Σκυθίᾳ
3311 971 3590 1051 ἐπαρχίας,
3619 973 3702 1027 καί
3729 975 3872 1026 Λεον-

2251 1060 2467 1119 τόπολιν
2497 1067 2597 1130 τῆς
2628 1063 2904 1142 Ἰσαυρίας.
2943 1053 3105 1122 ’Ἐστι
3135 1060 3188 1118 δὲ
3218 1065 3306 1119 καὶ
3329 1060 3502 1140 ἕτερος
3543 1060 3716 1136 νόμος,
3749 1056 3872 1115 οὕτω

2251 1147 2452 1216 διεξιών
2488 1168 2503 1186 °

2337 1258 2362 1293 α
2399 1236 2729 1296 Βεϐαιούσθω
2755 1240 2823 1296 τὰ
2863 1238 3276 1308 ἐκκλησιαστικᾶ
3318 1237 3489 1295 πάντα
3541 1236 3806 1316 προνόμια.
3842 1257 3862 1293 ι

2333 1329 2431 1386 Καὶ
2460 1326 2620 1386 πάλιν
2648 1327 2836 1394 ἄλλος.

2337 1441 2363 1471 α
2401 1417 2528 1482 Τοὺς
2557 1418 2722 1481 θείους
2750 1419 2973 1484 κανόνας
2996 1420 3090 1476 οῦκ
3109 1417 3326 1476 ἔλαττον
3343 1422 3448 1473 τῶν
3470 1415 3640 1492 νόμων
3661 1414 3868 1494 ἰσχύειν,

2256 1525 2286 1567 ι
2329 1509 2375 1564 οἱ
2419 1506 2571 1581 νόμοι
2598 1506 2898 1584 βούλονται,
2948 1510 3045 1566 Καὶ
3100 1506 3228 1588 ὅπερ
3271 1511 3318 1564 οἱ
3364 1506 3577 1569 κανόνες
3605 1503 3868 1575 κωλύουσι,

2254 1617 2281 1653 ι
2329 1595 2484 1653 τοῦτο
2513 1597 2601 1652 καὶ
2633 1599 2680 1654 οἱ
2723 1597 2900 1673 νόμοι.
2945 1620 2968 1656 ι

2330 1686 2427 1742 Καὶ
2479 1694 2643 1744 ταῦτα
2700 1708 2795 1762 μεν
2853 1687 3073 1767 ἀπόχρη
3129 1687 3261 1766 πρὸς
3313 1686 3373 1742 τὸ
3433 1682 3622 1758 δεῖξαι,
3687 1683 3741 1738 οὗ
3795 1677 3874 1736 δύο

2250 1771 2642 1852 μητροπολίτας
2689 1776 2831 1831 εἶναι
2889 1776 2943 1832 ἐν
3001 1781 3098 1851 μιᾷ
3148 1775 3405 1855 ἐπαρχίᾳ,
3471 1771 3606 1829 ἀλλὰ
3660 1772 3745 1826 τὸν
3789 1767 3873 1848 ἄρ-

2249 1861 2552 1940 γαιότερον.
2590 1864 2687 1920 Καὶ
2716 1865 2799 1936 τὸ,
2832 1864 2950 1928 τοὺς
2982 1865 3276 1944 φθάσαντας
3334 1861 3593 1942 γενέσθαι,
3641 1865 3707 1936 τῇ
3758 1862 3878 1933 τιμῇ

2250 1949 2411 2024 μόνον
2437 1955 2543 2004 τῶν
2573 1947 2748 2006 ἄλλων
2777 1952 3080 2008 ἐπισκόπων
3134 1951 3412 2032 ὑπερέχειν
3449 1969 3462 1983 ·
3522 1947 3878 2024 ὑποκειμένους

2249 2036 2491 2116 μέντοιγε
2534 2045 2610 2113 τῷ
2662 2041 2797 2100 κατᾶ
2837 2039 3086 2110 ἀλήθειαν
3132 2038 3499 2120 μητροπολίτῃ
3535 2059 3548 2072 ·
3597 2039 3668 2101 εἰς
3708 2033 3877 2100 τοεξῆς

2249 2124 2302 2182 δὲ
2334 2129 2419 2183 καὶ
2450 2128 2612 2195 αὐτῆς
2661 2134 2760 2196 τῆς
2821 2129 3184 2210 ἐγχειρήσεως
3241 2127 3603 2206 κωλυομένης,
3661 2127 3747 2183 καὶ
3798 2125 3877 2179 τὸν

2245 2226 2402 2275 τοῦτο
2497 2215 2838 2292 τολμήσαντα
2921 2221 3144 2286 ποιῆσαι
3229 2218 3537 2291 ἐπίσκοπον,
3635 2215 3879 2273 ἔκπτωσιν

2247 2307 2476 2386 πάσχειν
2521 2306 2613 2361 τοῦ
2643 2308 2835 2365 οἰκείου
2877 2309 3083 2385 βαθμοῦ
3118 2327 3133 2342 ·
3188 2309 3277 2364 καὶ
3306 2309 3366 2364 τὸ
3411 2304 3578 2383 μηδὲν
3629 2309 3728 2362 τῶν
3754 2307 3879 2384 φθα-

2248 2395 2451 2452 σάντων
2553 2403 2924 2476 προσπαγῆναι
3025 2397 3292 2473 ἐπισκοπῇ
3386 2419 3489 2454 τινι
3572 2392 3875 2475 προνομίων,

2247 2483 2580 2563 ἀφαιρεῖσθαι
2625 2482 2748 2563 παρ’
2805 2483 3147 2556 οἱουδήτινος,
3194 2483 3315 2543 ’Ὅτι
3380 2483 3436 2542 δὲ
3478 2490 3538 2546 οὗ
3592 2484 3723 2540 κατὰ
3748 2502 3875 2560 πρα-

2247 2573 2505 2650 γματικὸν
2539 2576 2684 2630 θετον
2713 2571 2879 2638 ἔξεστι
2911 2575 3072 2632 τύπον
3116 2575 3181 2631 τὰ
3234 2581 3338 2632 τῶν
3397 2575 3698 2632 ἐπισκόπων
3749 2591 3876 2647 προ·

2246 2656 2464 2734 ϐαίνειν,
2523 2663 2660 2719 κατὰ
2715 2665 2905 2737 μόνους
2947 2661 3002 2718 δὲ
3055 2664 3178 2728 τοὺς
3221 2665 3515 2742 Πατρικοὺς
3571 2661 3740 2742 ὅρους,
3768 2657 3876 2719 τούς

2246 2750 2334 2806 καὶ
2375 2752 2626 2831 κανόνας,
2657 2750 2709 2817 ἐξ
2767 2751 2943 2831 ἐτέρας
2999 2751 3236 2831 πράξεως
3279 2757 3378 2820 τῆς
3439 2753 3683 2818 τοιαύτης
3737 2747 3877 2825 ἁγίας

2246 2839 2614 2915 οἰκουμενικῆς
2685 2841 2942 2920 τετάρτης
2999 2839 3212 2898 συνόδου
3272 2845 3601 2918 καταμαθεῖν
3657 2835 3878 2896 δυνατόν.

2247 2931 2354 2994 Τῆς
2402 2929 2501 3007 γὰρ
2547 2927 2754 2995 πόλεως
2817 2937 3072 3009 Βηρυτοῦ,
3119 2929 3503 3010 μητροπόλεως
3563 2927 3750 2985 δίκαιον
3809 2923 3882 2978 εἰ·

2244 3013 2469 3096 ληφυίας
2527 3018 2670 3096 παρὰ
2753 3016 3030 3078 Θεοδοσίου
3095 3026 3187 3074 τοῦ
3254 3018 3541 3099 βασιλέως,
3605 3021 3695 3073 τοῦ
3762 3011 3881 3090 πρὸς

2243 3102 2646 3173 ἀντιδιαστολην
2700 3113 2794 3164 τοῦ
2850 3105 3106 3186 μεγάλου,
3164 3105 3458 3186 λεγομένου
3522 3111 3730 3185 μικροῦ.
3789 3101 3883 3159 Εὖ-

508 3193 751 3267 dicilur,
784 3191 1292 3272 Eustathius,ejus
1322 3190 1489 3254 urbis
1521 3191 1863 3271 episcOpus,
1891 3190 1992 3252 illa
2020 3209 2165 3253 con-

2251 3193 2459 3257 στάθιος
2503 3197 2531 3251 ὁ
2573 3196 2771 3262 ταύτης
2825 3197 2923 3263 τῆς
2967 3194 3174 3256 πόλεω>
3225 3197 3516 3261 ἐπίσκοπος
3573 3201 3648 3268 τῷ
3675 3189 3884 3260 τοιούτῳ

513 3282 788 3344 cessione
822 3280 1243 3359 metropolitici
1266 3281 1422 3359 juris
1451 3280 1664 3354 elatus,
1701 3279 1984 3341 adversus
2007 3280 2166 3340 Pho-

515 3371 661 3432 tium
696 3367 1221 3449 metropolitanum
1251 3369 1411 3449 Tyri,
1434 3388 1566 3449 qua:
1585 3368 1928 3429 thnicum
1949 3377 2170 3430 metro-

513 3459 665 3539 polis
717 3465 826 3534 est,
882 3457 1204 3518 insurrexit
1237 3477 1249 3518 :
1288 3475 1544 3537 cumque
1593 3457 1742 3518 duos
1794 3455 2080 3537 quosdam
2116 3460 2167 3518 ei

510 3546 809 3627 subjecios
840 3547 1179 3627 episcopos,
1217 3546 1393 3607 veluti
1454 3546 1946 3625 metropolitanos
1977 3545 2168 3625 depo-

509 3637 748 3717 suisset,
778 3643 836 3697 et
863 3634 936 3696 ad
994 3635 1472 3715 presbyterorum
1506 3633 1758 3715 gradum
1792 3633 2166 3710 detrusisset,

509 3724 658 3786 alios
691 3722 1006 3785 ordinavit.
1038 3722 1208 3794 Quod
1265 3723 1513 3783 minime
1562 3723 1760 3783 ferens
1793 3723 2064 3797 l’hotius,
2099 3724 2172 3784 ad

516 3822 784 3875 sanctam
845 3811 1130 3892 synodum
1193 3829 1326 3874 sese
1373 3811 1642 3874 contulit.
1705 3813 1793 3872 Ac
1837 3810 1938 3873 lite
1991 3819 2168 3886 mota,

509 3901 869 3964 sententiam
901 3900 1234 3962 secundum
1269 3919 1334 3961 se
1365 3900 1809 3980 pronuntiatam
1847 3899 2000 3975 tulit,
2037 3919 2173 3961 cum

512 3990 664 4052 nihil
694 3989 1002 4051 Eustathio
1032 3988 1340 4068 Berytensi
1364 3987 1871 4069 profuisset,quod
1907 3990 2165 4067 impera-

512 4080 682 4140 toriis
711 4098 775 4140 se
802 4078 1014 4139 litteris
1074 4077 1366 4138 munitum
1398 4077 1648 4150 diceret,
1711 4095 1841 4156 qua:
1893 4076 2007 4137 sibi
2059 4095 2166 4157 po-

513 4175 785 4229 testatem
821 4167 949 4245 ejus
1000 4165 1089 4226 rei
1147 4166 1434 4226 facerent.
1472 4164 1600 4226 Non
1635 4165 1796 4226 enim
1827 4164 2172 4228 attendebat

509 4255 584 4317 iis
597 4255 1018 4336 synodus,qum
1041 4253 1113 4313 ab
1137 4253 1264 4334 ipso
1287 4253 1664 4328 dicebantur;
1687 4255 1793 4315 sed
1817 4253 1876 4314 in
1897 4253 2170 4317 examine

515 4361 874 4418 causa),cum
908 4340 1214 4422 prwsides,
1250 4341 1536 4422 synodum
1567 4343 1732 4422 prius
1749 4342 1990 4405 disertis
2009 4343 2172 4406 hisce

511 4431 712 4494 verbis
746 4431 1211 4510 interrogassent
1245 4448 1258 4492 :
1303 4429 1743 4492 «Placuitorbis
1768 4431 2171 4493 sacratissimo

519 4546 547 4577 α
584 4521 936 4601 domino,ne
968 4520 1298 4583 secundum
1334 4537 1531 4581 sacras
1565 4519 1871 4600 epistolas,
1897 4529 1997 4581 aut
2030 4539 2173 4583 san-
2195 4561 2240 4612 Β

518 4633 547 4672 ‹
585 4611 817 4672 ctiones
838 4609 1684 4690 pragmaticas,episcoporum
1717 4609 1952 4688 negotia
1973 4629 2178 4691 proce-

521 4723 544 4756 υ
585 4699 864 4774 dant,sed
883 4699 1051 4777 juxta
1070 4701 1306 4760 Patrum
1329 4697 1960 4779 canones.Dicatergo
1977 4709 2178 4761 sancta

523 4808 552 4848 α
586 4788 950 4868 synodus,an
965 4787 1049 4848 fas
1064 4787 1236 4859 sit,ut
1255 4805 1362 4867 per
1375 4804 1602 4848 sacram
1619 4788 2037 4867 pragmaticam
2051 4809 2181 4850 san-

2251 3280 2639 3362 φιλοτιμήματι
2709 3284 2805 3352 τῆς
2878 3283 3260 3364 μητροπόλεως
3316 3285 3684 3364 κατεπαρθεὶς,
3754 3299 3883 3336 κατ-

2251 3369 2501 3438 εξανὲστη
2544 3375 2748 3429 Φωτίου
2791 3380 2881 3430 τοῦ
2951 3372 3342 3454 μητροπολίτου
3399 3380 3500 3443 τῆς
3559 3373 3738 3453 Τύρου,
3797 3370 3884 3432 τῆς

2250 3464 2356 3514 τῶν
2393 3461 2651 3518 Φοινίκων
2688 3459 3071 3541 μητροπόλεως
3102 3481 3116 3496 ⁶
3178 3463 3267 3518 καὶ
3333 3460 3423 3520 δύο
3492 3463 3639 3525 τινὰς
3681 3461 3884 3516 ὑποκει-

2252 3546 2436 3623 μένους
2486 3548 2627 3624 αὒτῷ
2678 3549 2996 3614 ἐπισκόπους
3046 3548 3304 3626 καθελὼν,
3366 3552 3442 3614 ὡς
3487 3549 3639 3618 δῆθεν
3694 3565 3883 3624 μητρο-

2253 3634 2498 3712 πολίτης,
2558 3658 2645 3692 και
2718 3640 2791 3702 εἰς
2845 3636 3207 3718 πρεσϐυτέρων
3261 3639 3467 3714 βαθμὸν
3535 3635 3884 3702 κατασπάσας,

2255 3724 2458 3803 ἐτέρους
2488 3712 2949 3806 κεχειροτόνηκεν.
3009 3712 3070 3786 ”Ο
3105 3712 3192 3803 ’μὴ
3248 3712 3420 3807 φέρων
3480 3731 3508 3785 ὁ
3549 3728 3774 3798 Φώτιος,
3828 3723 3888 3794 τῇ

2255 3813 2376 3891 ἁγίᾳ
2440 3812 2765 3892 προσέδραμε
2848 3814 3069 3890 συνόδῳ.
3153 3819 3251 3876 Καὶ
3322 3815 3474 3885 δίκης
3535 3812 3885 3896 κρατηθείσης,

2255 3901 2352 3967 τὴν
2429 3899 2729 3961 δικαιοῦσαν
2786 3903 3070 3985 ἀπείληφε,
3139 3903 3305 3981 μηδὲν
3361 3905 3724 3986 ὠφεληθέντος
3791 3898 3888 3956 E6-

2248 3989 2454 4046 σταθίου
2509 3991 2602 4048 τοῦ
2669 3996 2767 4059 τῆς
2842 4001 3096 4071 Βηρυτοῦ,
3168 3993 3229 4051 ἐκ
3295 4005 3389 4056 τοῦ
3431 3993 3728 4073 βασιλικοῖς
3758 3988 3890 4066 ὠχυ-

2250 4081 2443 4158 ρῶσθαι
2520 4080 2795 4157 γράμμαοι
2854 4079 3051 4162 λέγειν,
3128 4095 3246 4148 τοῖς
3317 4082 3655 4164 ἐπιτρέπουσι
3723 4084 3886 4134 τοῦτο.

2252 4169 2324 4226 Ού
2354 4167 2453 4247 γὰρ
2481 4169 2779 4250 πρόσεσχεν
2827 4172 2862 4238 ἡ
2907 4169 3119 4235 σύνοδος
3173 4185 3292 4238 τοῖς
3350 4171 3477 4252 παρ’
3536 4172 3694 4228 αὐτοῦ
3739 4165 3890 4244 λεγο-

2253 4254 2452 4331 μένοις,
2532 4255 2668 4315 ἀλλὰ
2743 4259 2842 4326 τῆς
2914 4259 3206 4326 ὑποθέσεως
3277 4259 3726 4337 δοκιμαζομένης,
3796 4256 3890 4308 τῶν

2253 4343 2529 4423 ἀρχόντων
2571 4347 2823 4426 πρότερον
2854 4347 3233 4427 ἐρωτήσαντων
3276 4350 3378 4418 τῆν
3433 4347 3647 4406 σύνοδον
3683 4363 3697 4376 ⁹
3731 4344 3890 4422 ῥητῶς

2253 4431 2418 4496 οὕτως
2455 4449 2468 4464 ·
2568 4457 2596 4490 α
2657 4441 2744 4510 Τῷ
2822 4438 3076 4512 θειοτάτῳ
3144 4437 3376 4517 δεσπότῃ
3430 4441 3532 4510 τῆς
3593 4429 3890 4509 οἰκουμένης

2266 4541 2291 4577 α
2339 4520 2516 4602 ἤρεσε,
2567 4525 2647 4600 μὴ
2696 4526 2830 4582 κατὰ
2887 4529 3008 4584 θεῖα
3063 4527 3376 4608 γράμματα,
3409 4528 3447 4598 ἢ
3489 4528 3628 4584 κατὰ
3651 4538 3891 4604 πραγμα-

2266 4631 2294 4665 σ
2339 4612 2515 4676 τικοὺς
2585 4614 2802 4688 τύπους,
2895 4617 2960 4673 τὰ
3033 4622 3137 4673 τῶν
3211 4615 3518 4674 ἐπισκόπων
3588 4610 3890 4696 προϐαίνειν,

2265 4721 2293 4753 α
2341 4698 2477 4757 ἀλλὰ
2555 4703 2642 4759 καὶ
2713 4705 2835 4768 τοὺς
2898 4704 3121 4770 κανόνας
3178 4710 3287 4762 τῶν
3353 4708 3626 4786 Πατέρων.
3698 4697 3897 4760 Εἶπάτω

2266 4811 2295 4844 ι
2341 4788 2428 4846 οὖν
2470 4791 2504 4859 ἡ
2549 4792 2670 4870 ἁγία
2715 4790 2948 4867 σύνοδος,
2998 4795 3042 4850 εἰ
3089 4793 3255 4860 ἔξεστι
3301 4796 3436 4855 κατὰ
3466 4795 3615 4853 θεῖον
3657 4805 3897 4871 πραγμα-

520 4902 547 4933 σ
582 4877 840 4938 ctionem
854 4875 1095 4938 alterius
1103 4875 1524 4955 juraEcclesiae
1536 4874 2167 4958 aliirapiantepiscopi‘.

2266 4897 2299 4937 ι
2340 4881 2487 4935 τικὸν
2541 4882 2702 4939 τύπον
2759 4880 3039 4961 ἀλλοτρίας
3095 4882 3380 4951 ἐκκλησίας
3453 4879 3630 4941 δίκαια
3707 4876 3898 4954 ἐτέροος

524 4987 553 5025 ι
585 4968 800 5028 Sancta
821 4965 1081 5045 synodus
1099 4964 1743 5054 re_spon_dit.Adversus
1756 4983 2016 5054 canones
2029 4966 2167 5028 nihil

2267 4989 2296 5024 σ
2341 4967 2657 5035 ἐπισκόπους
2711 4975 3130 5054 παραιρεῖσθαι,
3217 4975 3252 5041 ἡ
3310 4973 3433 5052 ἁγία
3509 4968 3719 5034 σύνοδος
3798 4964 3898 5023 ἀπ’

522 5074 552 5112 ε
585 5054 1009 5133 pragmaticum
1026 5052 1266 5114 valebit.
1293 5050 1566 5115 Canones
1580 5055 1816 5114 Patrum
1846 5053 1962 5114 rati
1979 5064 2167 5119 sunto.

2269 5081 2297 5112 α
2344 5055 2600 5135 εκρίνατο.
2651 5062 2796 5116 Κατὰ
2846 5061 2968 5123 τοὺς
3006 5050 3231 5126 κανόνας
3260 5062 3325 5112 53
3360 5050 3747 5142 πραγματικὸν
3792 5073 3899 5129 μη·

525 5166 552 5198 α
587 5143 856 5221 Cumque
877 5141 1161 5230 praesides
1192 5142 1410 5230 iterum
1431 5141 1720 5204 dixissent
1750 5141 1919 5230 z-Jam
1945 5150 2062 5204 tem
2070 5164 2167 5224 pus

2269 5169 2298 5201 ι
2343 5144 2425 5203 ὁὲν
2468 5146 2728 5225 ἰσχύσειν.
2777 5149 2835 5205 Οἱ
2891 5150 3108 5215 κανόνες
3149 5156 3256 5209 τῶν
3316 5150 3562 5230 Πατέρων
3622 5144 3900 5227 κρατείτω·

529 5251 550 5287 (ι
589 5236 698 5304 est,
732 5237 796 5290 ut
825 5248 860 5290 a
894 5229 1116 5310 synodo
1142 5229 1593 5309 erudiamur,an
1624 5230 1710 5291 fas
1740 5227 1842 5304 sit,
1867 5236 1932 5290 ut
1957 5247 2167 5294 secun-

2273 5256 2296 5292 ιι
2345 5256 2464 5297 σαν.
2496 5237 2594 5294 Καὶ
2622 5236 2764 5302 αὖθις
2797 5242 2902 5295 τῶν
2951 5238 3229 5319 ἀρχόντων
3273 5227 3531 5299 εἰπόντων
3563 5253 3578 5269 ⁸
3642 5235 3744 5296 Νῦν
3795 5248 3899 5287 και·

1865 5387 2120 5456 νΑΒΙΛΕ
2166 5395 2604 5464 LECTIONES.

601 5523 664 5573 55
690 5528 796 5579 τῶν
825 5523 1082 5582 κανόνων.

2091 5651 2343 5722 NOTAE.

609 5774 848 5855 (24-25)
876 5773 1074 5835 Exstat
1105 5773 1360 5834 edictum
1395 5775 1432 5835 l.
1470 5792 1573 5838 un.
1605 5776 1673 5839 C.
1710 5775 1801 5838 De
1832 5784 2088 5859 metrop.
2128 5777 2381 5856 Baryto,
2413 5775 2515 5840 lib.
2563 5794 2663 5841 xx.
