4130 6470
230 460 351 525 877
1586 459 2276 530 GRECO-ROMANUM
3514 466 3635 533 878

239 621 270 655 ι
313 599 401 678 ρός
457 600 565 656 ἐστι
620 598 934 680 διδαχθῆναι
1004 603 1150 678 ἡμᾶς
1213 602 1355 681 παρὰ
1421 601 1519 670 τῆς
1580 597 1795 658 συνόδου
1853 597 1920 652 είς

2003 614 2008 646 ι
2043 590 2185 655 dum
2208 613 2436 658 sacram
2450 596 2822 660 sanctionem
2845 599 3262 680 pragmaticam
3281 601 3417 679 jura
3441 598 3630 664 eccle-

242 711 273 744 σ
321 687 492 754 ἔξεστι
540 689 675 746 κατὰ
720 693 864 748 θεῖον
918 693 1287 770 πραγματικὸν
1341 689 1618 771 ἀλλοτρίας
1675 685 1900 754 Ἐκκλη-

2003 703 2012 733 ι
2047 681 2540 760 siaealterius,alii
2557 685 2793 768 rapiant
2813 688 3115 770 episcopi:
3146 695 3352 751 sancta
3375 689 3634 772 synodus

244 801 275 832 α
324 776 440 842 σίας
500 775 675 835 δίκαια
739 778 948 859 ἑτέρους
1006 778 1323 844 ἐπισκόπους
1387 782 1756 860 παραιρεῖσθαι
1788 794 1802 808 ·
1865 778 1898 844 ἡ

2003 793 2011 825 ι
2047 773 2441 836 exclamavit:
2475 773 2604 836 Non
2635 776 2796 838 licet.
2832 781 2956 840 Hoc
2990 786 3203 858 praeter
3227 797 3486 842 canones
3515 780 3630 844 ad-

249 887 273 920 ε
325 867 450 946 ἁγία
509 865 720 931 σύνοδος
763 865 1050 949 ἀνεϐόησεν
1084 887 1095 902 ’
1146 872 1252 928 Ούκ
1294 866 1483 934 ἔξεστι.
1544 874 1707 926 Τοῦτο
1759 866 1902 942 παρὰ

2003 882 2012 912 ι
2053 860 2320 949 mittitur.
2383 867 2485 927 Est
2533 863 2715 926 etiam
2766 865 2880 942 lex,
2942 885 3072 947 quae
3126 867 3240 930 hoc
3286 867 3482 949 ipsum
3511 868 3638 932 vult

248 978 273 1011 α
323 956 444 1021 τοὺς
488 956 714 1021 κανόνας
774 956 904 1019 ἐστί.
978 946 1142 1015 ’Ἐστι
1200 956 1254 1014 δὲ
1309 958 1396 1014 καὶ
1453 956 1613 1032 νόμος
1683 958 1710 1012 6
1752 963 1902 1013 τοῦτο

2003 971 2018 1003 ι
2052 947 2144 1010 his
2159 952 2359 1041 verbis
2381 952 2650 1033 exposita
2676 972 2689 1016 :
2712 946 3100 1032 Pragmaticae
3122 946 3486 1034 sanctiones,
3503 978 3637 1041 quae

249 1068 272 1099 σ
324 1043 667 1121 βουλόμενος,
730 1044 866 1102 οὕτω
921 1043 1120 1112 διεξιών
1159 1065 1174 1082 ⁸
1214 1049 1275 1104 Οἱ
1315 1059 1433 1110 τοῖς
1483 1044 1695 1101 κανόσιν
1745 1042 1902 1100 ἐναν-

2003 1058 2014 1093 ι
2055 1039 2382 1102 canonibus
2411 1041 2824 1125 adversantur,
2851 1043 3036 1106 irritae
3064 1053 3221 1108 sunt.
3254 1071 3278 1106 ι
3315 1045 3488 1124 Vide,
3522 1039 3636 1110 ob-

237 1153 272 1195 (
323 1134 588 1210 τιούμενοι
632 1137 996 1214 πραγματικαὶ
1050 1136 1222 1212 τύποι,
1286 1134 1466 1214 ἄκυροί
1520 1136 1640 1193 εἶσι.
1692 1157 1720 1190 n
1799 1133 1896 1190 Καὶ

2003 1144 2178 1203 ιθοτο,
2217 1129 2471 1192 maxime
2491 1130 2570 1192 im
2579 1133 3143 1214 perator,quomodo
3166 1153 3274 1214 per
3293 1136 3422 1198 haec
3437 1138 3640 1200 omnia

233 1222 358 1303 ὅρα,
391 1223 608 1302 μέγιστε
658 1223 898 1300 βασιλεῦ,
944 1223 1092 1288 ὅπως
1142 1223 1227 1280 διὰ
1282 1225 1493 1281 πάντων
1537 1223 1735 1279 τούτων
1767 1222 1898 1278 ἄπο-

236 1310 494 1370 ὃέδεικται
536 1310 842 1390 τηλαυγῶς,
888 1313 950 1370 τὸ
994 1314 1070 1389 μὴ
1115 1311 1227 1370 δεῖν
1270 1314 1536 1370 αὐθεντεῖν
1596 1313 1688 1367 τὸν
1736 1312 1895 1388 βασι-

235 1401 338 1458 λέα
367 1401 422 1457 ἐν
450 1415 569 1464 τοῖς
597 1403 879 1482 τοιούτοις,
939 1408 1229 1466 κανονικῶς
1278 1400 1332 1458 δὲ
1388 1402 1454 1458 τὰ
1484 1399 1899 1468 ἐκκλησιαστικὰ

245 1489 599 1568 διεξάγεσθαι.
662 1491 774 1547 Εἰσὶ
816 1490 914 1567 μὲν
957 1491 1044 1548 οὖν
1100 1492 1188 1547 καὶ
1231 1489 1381 1547 ἄλλοι
1440 1488 1627 1547 πολλοὶ
1681 1491 1899 1553 κανόνες

246 1583 360 1636 τῶν
427 1578 754 1637 θεοστέπτων
809 1577 1142 1654 ἀποστόλων,
1187 1581 1277 1636 καὶ
1331 1581 1607 1657 ὑπηρετῶν
1665 1584 1757 1634 τοῦ
1811 1576 1900 1634 λό-

1979 1216 2309 1308 clarissime
2340 1221 2812 1283 demonstratum
2838 1222 3063 1303 sit,non
3094 1222 3318 1286 debere
3349 1225 3638 1308 principis

1979 1304 2041 1365 in
2072 1306 2416 1386 hujusmodi
2445 1308 2627 1372 rebus
2655 1311 3068 1374 auctoritatem
3097 1304 3427 1390 valere,sed
3451 1304 3641 1379 eccle-

1981 1393 2222 1485 siastica
2249 1397 2576 1460 secundum
2624 1417 2883 1462 canones
2931 1400 3156 1482 peragi.
3211 1402 3301 1464 Ac
3332 1411 3472 1465 sunt
3501 1404 3638 1485 qui-

1983 1481 2117 1544 dem
2147 1491 2206 1545 et
2239 1485 2340 1546 alii
2371 1485 2544 1548 multi
2598 1505 2860 1549 canones
2907 1481 3328 1552 coronatorum
3360 1481 3644 1554 divinitus

1988 1573 2386 1659 apostolorum
2419 1573 2955 1658 ministrorumque
2997 1577 3190 1659 verbi,
3215 1587 3275 1641 et
3303 1588 3640 1642 secutarnm

243 1690 367 1748 γου,
421 1668 509 1724 καὶ
562 1667 669 1724 τῶν
719 1668 907 1749 ἑφεξῆς
982 1669 1147 1748 ἁγίων
1219 1665 1472 1743 συνόδων,
1539 1667 1671 1726 αὐτὰ
1742 1672 1906 1722 ταῦτα

2003 1658 2276 1742 ieinceps
2306 1671 2643 1724 sanctarum
2692 1667 3073 1746 synodorum,
3110 1658 3240 1729 haec
3279 1668 3408 1750 ipsa
3436 1670 3644 1733 decla-

246 1755 662 1836 διατρανοῢντες,
727 1760 815 1822 οὒς
887 1761 1201 1837 παραθεῖναι
1274 1754 1406 1831 τῷδε
1475 1762 1551 1830 τῷ
1606 1755 1901 1834 γράμματι,

2003 1756 2191 1811 rantes
2218 1772 2230 1817 :
2258 1770 2407 1831 quos
2429 1751 2567 1814 huic
2584 1752 2808 1833 scripto
2829 1753 3156 1835 adjungere
3181 1757 3643 1830 velle,stolidum

245 1844 430 1926 εὔηθες
499 1844 663 1921 ἔδοξε,
715 1847 802 1902 καὶ
845 1848 922 1922 μὴ
977 1845 1154 1924 πόῤῥω
1206 1845 1508 1926 φιλοτιμίας
1572 1842 1897 1924 ἀνωφελοῦς,

2003 1840 2173 1926 risum
2206 1840 2450 1917 fuit,nec
2473 1840 2545 1902 ah
2566 1840 2760 1903 inutili
2781 1842 3300 1925 ambitionelonge
3321 1854 3643 1912 remotum.

143 1984 153 1988 _
249 1924 466 1991 ιἱκανῶν
507 1935 607 2013 γὰρ
662 1940 766 1990 τῶν
826 1924 1228 2014 προϐληθέντων
1271 1936 1342 2001 εἷς
1387 1930 1650 1998 ἀπόδειξιν
1705 1932 1893 2011 ὄντων,

2003 1925 2128 1988 iam
2159 1948 2298 1989 cum
2334 1948 2426 2010 ea,
2461 1949 2593 2009 quae
2615 1931 2906 2010 producta
2959 1941 3124 2009 sunt,
3157 1924 3646 1999 ad’demonstra-

245 2027 300 2078 τί
362 2019 446 2078 δεῖ
485 2024 573 2078 καὶ
630 2021 1243 2102 προσεπεξεργάζεσθαι;
1317 2025 1405 2080 καὶ
1487 2027 1585 2088 τῆς
1653 2019 1898 2088 ἀληθείας

2008 2016 2202 2078 ionem
2247 2020 2334 2079 rei
2390 2018 2714 2094 sufficiant,
2749 2039 2856 2082 cur
2913 2021 3168 2101 amplius
3215 2021 3654 2091 laboretur?et

248 2109 548 2186 όυναμένης
577 2110 912 2188 ἀναλάμψαι,
943 2113 1032 2169 καὶ
1061 2125 1177 2176 νοτς
1223 2118 1353 2170 πᾶσι
1410 2111 1648 2189 γενέσθαι
1705 2108 1897 2184 δήλης,

2003 2124 2116 2166 :um
2145 2106 2363 2168 veritas
2393 2109 2634 2170 elucere
2678 2108 2886 2189 possit,
2941 2118 3118 2190 atque
3149 2111 3430 2174 omnibus
3466 2112 3649 2175 inno-

248 2201 358 2257 τῶν
430 2198 643 2257 πολλῶν
719 2199 960 2277 οὐδαμῶς
1031 2207 1208 2281 χρεία.
1290 2201 1562 2278 Αὐτάρκης
1645 2199 1744 2277 γὰρ
1827 2199 1899 2262 είς

2003 2203 2260 2257 tescere:
2298 2214 2415 2257 non
2469 2196 2672 2258 multis
2720 2217 2871 2278 opus
2905 2206 2996 2260 est
3022 2198 3246 2262 verbis.
3286 2199 3522 2283 Quippe
3553 2221 3656 2264 ve-

251 2288 567 2368 συνηγορίαν
625 2287 816 2357 ἑαυτῆς
871 2291 907 2358 ὴ
969 2288 1210 2356 ἀληθεία.
1259 2299 1432 2364 Κοινῳ
1490 2289 1586 2364 μὲν
1649 2287 1734 2344 οὗν
1764 2285 1910 2366 λόγῳ

2003 2283 2132 2346 ritas
2164 2284 2237 2345 ad
2295 2287 2386 2346 sui
2437 2285 2830 2366 patrocinium
2883 2287 3140 2368 ipsamet
3172 2288 3409 2352 sufﬁcit.
3445 2290 3652 2372 Itaque

253 2379 342 2434 καὶ
372 2375 664 2442 καθολικῶς
709 2375 907 2458 ἐλέχθη
949 2385 1133 2441 ταῦτα.
1185 2377 1311 2451 ’ἰδίᾳ
1353 2377 1430 2458 δὲ,
1476 2379 1563 2434 καὶ
1617 2377 1753 2433 κατὰ
1806 2375 1908 2451 μέ·-

2003 2372 2222 2435 ratione
2254 2373 2584 2456 communi,
2642 2382 2701 2436 et
2748 2377 3111 2455 generaliter
3141 2379 3268 2440 haec
3299 2379 3458 2442 dicta
3487 2389 3648 2441 sunt.

250 2488 368 2546 ρος,
439 2467 527 2522 καὶ
596 2465 792 2546 ἑτέροις
849 2465 1071 2530 ἕκαστος
1158 2468 1447 2548 φράγνυται
1530 2466 1908 2541 δικαιώμασιν.

2003 2463 2276 2525 Scorsum
2305 2481 2469 2537 vero,
2503 2471 2563 2524 et
2598 2464 3016 2544 particulatim,
3041 2466 3220 2528 etiam
3241 2467 3375 2530 aliis
3403 2469 3656 2551 quisque

253 2557 421 2620 Αὐτὸς
451 2557 547 2631 μὲν
604 2557 703 2636 γὰρ
762 2559 790 2612 6
831 2559 919 2613 καὶ
968 2563 1072 2614 τῶν
1130 2560 1248 2637 περὶ
1306 2565 1410 2614 τῶν
1466 2554 1605 2613 ὅλων
1647 2556 1912 2625 συστήσας

2003 2550 2265 2615 munitus
2293 2559 2382 2612 est
2406 2552 2677 2636 juribus.
2701 2551 2847 2615 Nam
2885 2563 2941 2616 et
2973 2554 3023 2615 is
3072 2555 3202 2636 ipse
3223 2557 3326 2637 qui
3352 2550 3658 2620 certamen

253 2643 459 2722 ἆγῶνα,
490 2645 578 2700 καὶ
609 2646 671 2700 τὸ
700 2648 903 2720 σμῆνος
956 2647 1062 2702 τῶν
1121 2643 1295 2725 λόγων
1344 2645 1595 2724 κινήσας,
1653 2645 1744 2701 τὸν
1799 2646 1916 2699 θεο-

2003 2640 2111 2701 hoc
2141 2640 2480 2702 universum
2550 2641 2803 2722 accepit,
2853 2653 2910 2704 et
2939 2643 3254 2706 verborum
3287 2646 3400 2708 hoc
3425 2646 3660 2708 alveare

254 2731 388 2813 φιλῆ
429 2730 484 2788 δὲ
547 2730 690 2811 λέγω
753 2731 1150 2813 μητροπολίτην
1225 2731 1504 2814 Ἀγκύρας,
1573 2732 1918 2808 ὑπομνήματί

254 2842 314 2877 τε
369 2820 661 2901 πέφρακται
723 2822 815 2877 τοῦ
885 2823 1172 2901 μακαρίτου
1242 2820 1503 2898 βασιλέως
1567 2827 1659 2878 τοῦ
1719 2821 1912 2900 Δούκα,

257 2908 402 2973 ὅστις
443 2910 542 2977 τὴν
585 2916 676 2966 τοῦ
732 2908 1000 2986 βασιλείου
1056 2909 1356 2976 ἐπισκοπὴν
1416 2911 1489 2973 είς
1523 2907 1915 2989 μητροπολιτι-

255 2999 352 3055 κὸν
408 2997 644 3076 ἂνήγαγε
707 2996 929 3078 δίκαιον,
989 2996 1354 3079 διοριζομένῳ,
1417 3004 1495 3071 τῷ
1550 2999 1758 3073 θανάτῳ
1825 3003 1917 3054 τοῦ

256 3086 570 3163 τιμηθέντος
600 3086 1014 3166 μητροπολίτοο,
1076 3090 1149 3152 εἷς
1205 3089 1509 3154 ὶπισκοπὴν
1560 3087 1916 3144 κατεσπάσθαι

256 3176 358 3244 τὴν
401 3176 686 3256 εἰρημένην
743 3175 1027 3244 ἐκκλησίαν
1059 3193 1075 3209 ⁶
1151 3177 1228 3253 μὴ
1288 3174 1730 3256 ἐπαισχυνθέντος
1801 3172 1918 3231 λίαν

260 3267 526 3345 νουνεχῶς
555 3270 650 3321 τοῦ
699 3263 958 3342 βασιλέως
1015 3266 1076 3321 τὸ
1131 3266 1330 3322 οἰκεῖον
1373 3263 1636 3341 ὀλίσθημα
1691 3264 1779 3320 καὶ
1819 3263 1920 3330 τὴν

258 3351 477 3433 ἄγνοιαν
548 3355 636 3410 καὶ
711 3351 1076 3434 θριαμϐεῦσαι,
1136 3355 1224 3411 καὶ
1281 3352 1707 3434 διορθώσασθαι·
1784 3351 1921 3408 ἀλλὰ

257 3444 396 3500 κατᾶ
436 3444 496 3499 τὸ
553 3442 817 3500 Θετταλὸν
889 3443 1244 3522 μειρακίσνον,
1305 3444 1392 3500 καὶ
1462 3443 1782 3520 τρώσαντος,
1833 3442 1922 3499 καὶ

259 3535 547 3607 συμπαθῶς
615 3532 703 3588 καὶ
759 3531 1140 3612 φιλανθρώπως
1184 3531 1550 3611 ἐπεγνωκότος
1607 3532 1708 3599 τὴν
1747 3531 1917 3591 ῗασιν.

260 3621 364 3679 Καὶ
418 3622 549 3700 πρὸς
604 3621 775 3694 τούτῳ
844 3618 1226 3701 χρυσοϐούλλῳ
1295 3620 1558 3678 ὥπλισται
1613 3619 1759 3695 ἄλλῷ
1828 3619 1921 3676 τοῦ

257 3711 375 3768 υἱοῦ
401 3713 586 3767 τούτου
633 3711 722 3767 καὶ
763 3710 1046 3792 βασιλέως,
1091 3713 1154 3768 τὸ
1211 3712 1410 3792 φθάσαν
1464 3711 1862 3789 ὑποστηρζοντι
1903 3727 1916 3745 ·

260 3799 353 3855 καὶ
407 3800 748 3876 ὑπομνήματι
790 3797 1070 3879 συνοδικῷ,
1129 3806 1236 3858 τῶν
1277 3801 1398 3856 τότε
1456 3799 1668 3870 ζώντων
1725 3822 1922 3877 μητρο-

261 3886 520 3967 πολιτῶν,
555 3887 746 3965 ὀλίγων
779 3886 833 3944 δὲ
863 3887 1030 3945 ὅντων
1061 3887 1145 3963 54,
1207 3901 1320 3952 ταῖς
1372 3888 1722 3968 αὐτοχειρίοις
1780 3890 1914 3944 ὑπο-

261 3977 552 4044 σημασίαις
591 3979 654 4033 τὸ
695 3975 921 4052 ’ἐμπεδον
976 3977 1315 4060 ἀποφέροντι,
1365 3980 1439 4034 ὧν
1496 3979 1582 4034 καὶ
1625 3980 1672 4033 οἱ
1713 3975 1922 4040 πλείους

259 4065 510 4146 περίεισι,
562 4066 1001 4146 στοιχησάντωνῗ
1043 4067 1290 4125 ἁπάντων
1346 4072 1416 4144 τῇ
1469 4072 1729 4144 κανονικῇ
1784 4067 1924 4123 ἀπο-

257 4143 448 4235 φάσει,
496 4143 737 4235 θ”Ατερὸξ
793 4151 848 4211 δὲ
908 4157 936 4211 6
990 4145 1300 4234 Ἡρακλείας
1358 4143 1490 4232 πρὸς
1535 4168 1652 4218 τοῖς
1708 4143 1924 4220 κοινοῖς

260 4241 646 4319 δικαιώμασιν,
679 4243 807 4302 αύτό
834 4264 892 4301 τε
921 4245 984 4300 τὸ
1039 4241 1309 4300 συνοδικὸν
1364 4242 1657 4319 ὑπόμνημα
1687 4241 1924 4323 προϐάλ-

263 4332 415 4390 λεται
475 4334 548 4396 εἰς
606 4333 990 4409 συνασπισμὸν,
1057 4334 1146 4389 καὶ
1202 4330 1582 4413 χρυσοϐούλλῳ
1634 4335 1924 4414 τεθωράκι-

267 4445 415 4496 σται,
459 4424 519 4479 οὗ
573 4419 894 4502 δημιουργὸς
953 4424 982 4478 6
1028 4422 1322 4501 μακαρίτης
1364 4421 1612 4500 βασιλεὺς
1671 4425 1699 4480 6
1756 4431 1932 4481 Βοτα-

268 4511 509 4589 νειάτης,
555 4509 896 4591 διοριζομένῳ
949 4517 1017 4590 τῇ
1085 4510 1306 4590 τελευτῇ
1362 4518 1455 4570 τοῦ
1512 4515 1619 4572 νυνὶ
1673 4513 1928 4593 ἀρχιερα-

1951 4559 1998 4610 D

1999 2731 2335 2806 commovit,
2372 2729 2708 2808 religiosus,
2732 2730 2998 2812 inquam,
3033 2734 3528 2815 metropolitanus
3556 2735 3661 2797 ille

2000 2817 2370 2897 Ancyranus,
2427 2819 2821 2882 instrumento
2877 2821 3142 2883 munitus
3199 2831 3289 2885 est
3315 2824 3508 2886 felicis
3537 2842 3663 2886 me-

2001 2907 2207 2967 moriae
2238 2907 2526 2988 principis
2570 2907 2748 2970 Ducae
2781 2944 2826 2983 ν,
2862 2910 2962 2990 qui
2986 2913 3393 2992 episcopatum
3423 2909 3662 2976 Basilaei

2001 2996 2438 3076 metropolitico
2457 2998 2595 3076 jure
2621 2997 2880 3079 donavit,
2912 3000 3069 3079 quod
3094 3001 3486 3065 instrumento
3516 3021 3660 3066 san-

2002 3082 2176 3160 citur,
2188 3093 2247 3145 ut
2261 3085 2549 3147 honorem
2565 3084 2761 3167 adepti
2784 3087 3228 3168 metropolitani
3243 3101 3457 3167 morte,
3473 3091 3656 3153 dicta:

1937 3205 1977 3256 ο
2000 3171 2270 3236 Ecclesia
2294 3174 2502 3236 redeat
2530 3175 2602 3236 ad
2649 3185 2867 3238 statum
2903 3177 3250 3240 inferiorem
3285 3179 3666 3261 episcopatus

2001 3280 2134 3322 cum
2156 3263 2328 3325 valde
2356 3264 2680 3343 prudenter
2698 3267 2856 3326 hunc
2872 3265 3203 3348 principem
3226 3287 3345 3330 non
3389 3267 3667 3350 puduerit

2002 3350 2230 3430 lapsum
2246 3352 2707 3431 etignorantiam
2729 3372 2894 3415 suam
2920 3363 3040 3416 tum
3066 3355 3256 3436 palam
3279 3359 3662 3438 spectandam

2002 3439 2439 3516 exhibere,tum
2473 3442 2774 3520 corrigere
2802 3466 2817 3520 ς
2851 3443 3134 3525 idemque
3155 3444 3430 3509 Thessali
3454 3447 3664 3510 adole-

2003 3529 2224 3590 scentis
2255 3531 2554 3610 exemplo,
2589 3539 2646 3592 et
2676 3532 2886 3594 vulnus
2919 3533 3241 3612 inﬂixerit;
3299 3543 3358 3597 et
3405 3535 3666 3614 benigne

2002 3617 2465 3699 humaniterque
2497 3623 2865 3683 sanationem
2899 3623 3227 3700 agnoverit.
3260 3623 3485 3688 Praeter
3514 3627 3668 3687 hanc

2003 3705 2226 3768 bullam
2283 3727 2546 3783 auream,
2607 3710 2874 3772 munitus
2924 3719 3015 3773 est
3074 3711 3188 3772 alia
3268 3732 3506 3794 quoque
3559 3711 3669 3775 ﬁlii

2003 3797 2180 3876 hujus
2209 3809 2253 3871 κ,
2292 3807 2349 3858 et
2381 3797 2781 3878 imperatoris,
2817 3818 2947 3879 quae
2998 3799 3262 3880 priorem
3295 3801 3614 3880 confirmat
3647 3821 3662 3862 :

2005 3883 2268 3966 itemque
2300 3897 2686 3948 monumento
2747 3888 3036 3968 synodali,
3072 3888 3230 3968 quod
3263 3887 3433 3950 factis
3487 3908 3666 3951 manu

2009 3974 2247 4054 propria
2270 3974 2810 4054 subscriptionibus
2834 3984 2924 4037 est
2944 3976 3358 4038 conﬁrmatum
3380 3976 3454 4038 ab
3481 3978 3675 4038 omni-

1958 4137 1967 4145 .
2008 4060 2119 4123 bus
2149 4071 2288 4125 tunc
2308 4063 2638 4126 viventibus
2673 4064 3171 4146 metropolitanis,
3205 4065 3255 4127 si
3295 4085 3516 4147 paucos
3557 4066 3670 4130 de-

2010 4171 2159 4230 mas,
2193 4172 2444 4234 quorum
2478 4160 2536 4214 et
2570 4154 2759 4233 major
2785 4172 2919 4234 pars
2949 4161 3253 4234 superstes
3282 4164 3394 4230 est,
3423 4157 3671 4219 univer-

2008 4241 2090 4302 sis
2123 4242 2479 4304 seutentiam
2542 4243 2887 4306 canonicam
2934 4242 3180 4306 secutis.
3241 4244 3411 4307 Alter
3469 4253 3670 4308 autem

2009 4329 2110 4392 ille
2143 4331 2401 4410 pontifex
2455 4330 2783 4408 Heracleae,
2846 4341 3062 4413 praeter
3103 4333 3242 4413 jura
3289 4335 3670 4412 communia;

2013 4420 2238 4499 profert
2266 4421 2337 4482 ad
2384 4421 2476 4482 sui
2535 4421 2946 4483 defensionem
2976 4421 3124 4483 illud
3157 4422 3352 4504 ipsum
3388 4423 3672 4503 synodale

2015 4518 2491 4584 monumentum,
2543 4518 2600 4572 et
2649 4511 2911 4572 munitus
2961 4519 3046 4572 est
3077 4529 3257 4574 aurea
3284 4510 3472 4587 bulla,
3505 4513 3674 4591 cujus

267 4601 512 4664 τεύοντος
570 4598 625 4655 ἐν
680 4597 928 4679 Μαδύτῳ,
984 4601 1047 4656 τὸ
1124 4598 1212 4656 ὑπ’
1272 4601 1414 4681 αὐτῷ
1483 4601 1920 4680 μητροπολιτικὸι

2017 4605 2222 4659 auctor
2246 4607 2334 4660 est
2356 4599 2545 4661 felicis
2562 4599 2994 4660 recordationis
3033 4599 3362 4681 imperator
3389 4600 3672 4662 Botania-

270 4690 527 4747 παύεσθαι
592 4687 813 4763 δίκαιον,
885 4690 974 4745 καὶ
1036 4689 1138 4746 ὑπὸ
1195 4689 1294 4756 τὴν
1345 4679 1657 4767 Ἡράκλειαν
1729 4689 1931 4748 ἐπανα-

273 4777 514 4859 στρέφειν
565 4778 666 4844 τὴν
717 4777 1004 4858 εἰρημένην
1068 4775 1417 4853 Ἐκκλησίαν,
1476 4779 1550 4841 ὡς
1592 4779 1928 4859 τοπρότερον.

271 4867 711 4946 Προσεπιτούτοις
768 4868 855 4923 καὶ
941 4869 969 4924 6
1036 4865 1457 4948 ’θεοφιλέστατος
1540 4865 1934 4948 μητροπυλίςης

269 4962 517 5038 Πατρῶν,
562 4954 788 5020 πολλοῖς
833 4958 921 5012 καὶ
949 4954 1214 5036 διαφόροις
1259 4957 1590 5036 τετείχισται
1642 4957 1934 5034 δικαιώμα-

273 5067 380 5121 σιν,
412 5048 484 5111 είς
528 5047 590 5102 τὸ
636 5057 920 5127 συμφυεῖς,
979 5047 1067 5100 καὶ
1116 5044 1410 5122 ἆτμήτους,
1470 5047 1559 5102 καὶ
1613 5047 1930 5106 ἀναποσπά-

276 5157 431 5198 στους
471 5135 620 5216 ἔχειν
662 5138 756 5199 τὰς
815 5140 882 5212 τῇ
938 5132 1056 5191 κατ’
1101 5135 1258 5191 αὐτὸν
1308 5133 1564 5208 ἐκκλησίᾳ
1615 5134 1935 5216 δωρηθείσας

281 5223 599 5305 ἒπισκοπὰς,
684 5225 827 5304 παρὰ
909 5223 1212 5304 Νικηφόρου
1295 5222 1556 5301 βασιλέως
1638 5235 1730 5285 τοῦ
1831 5226 1937 5282 ἀπὸ

282 5320 532 5394 γενικῶν,
587 5313 671 5370 διὰ
738 5316 800 5371 τὸ
855 5313 910 5370 ὲν
981 5319 1053 5389 τῇ
1108 5319 1450 5392 καταστροφῇ
1517 5318 1622 5370 τῶν
1699 5311 1937 5394 Ἀϐάρων

284 5404 427 5483 παρὰ
481 5409 576 5461 τοῦ
620 5404 901 5483 κορυφαίου
955 5407 1064 5458 τῶν
1120 5399 1428 5460 ἂπυστόὶων
1480 5405 1567 5459 καὶ
1625 5403 1938 5478 πρωτοκλή-

2017 4698 2128 4764 tes,
2164 4711 2281 4772 qua
2311 4692 2594 4768 sancitur,
2628 4699 2695 4752 ut
2723 4691 2883 4753 illius
2910 4694 3234 4772 morte,qui
3265 4711 3424 4754 nunc
3454 4692 3675 4773 Madyti

2016 4781 2418 4859 pontiﬁcatum
2453 4781 2725 4861 gerit,jus
2756 4782 2882 4861 ejus
2927 4780 3429 4860 metropoliticum
3464 4781 3673 4862 exspi—

2014 4878 2127 4944 ret,
2161 4889 2229 4932 ac
2260 4869 2414 4931 dicta
2430 4870 2684 4932 ecclesia
2709 4868 2962 4950 pristino
2986 4887 3152 4930 more
3185 4868 3295 4931 sub
3327 4868 3676 4932 Heracleam

2014 4959 2240 5022 redeat.
2277 4958 2500 5021 Praeter
2528 4961 2676 5034 haec,
2736 4957 3228 5038 religiosissimus
3277 4976 3514 5040 quoque
3545 4976 3677 5019 me-

2016 5048 2407 5129 tr0politanus
2481 5047 2780 5110 Patrensis
2860 5045 3276 5127 compluribus
3351 5065 3425 5128 ac
3500 5046 3682 5108 variis

2022 5138 2284 5199 munitus
2330 5143 2420 5198 est
2439 5137 2680 5217 juribus
2732 5135 2793 5196 in
2824 5136 2959 5210 hoc,
2998 5144 3064 5198 ut
3104 5133 3220 5196 sibi
3249 5135 3588 5215 abjunctos,
3624 5143 3685 5196 et

2022 5224 2266 5286 minime
2293 5235 2620 5306 separatos,
2653 5223 3100 5303 indivulsosque
3135 5223 3352 5286 habeat
3373 5223 3683 5304 episcopa-

2022 5323 2136 5389 tus,
2171 5315 2440 5376 ecclesiae
2469 5333 2593 5376 suae
2621 5333 2653 5376 a
2681 5313 3016 5395 Nicephoro
3041 5312 3337 5395 principe,
3363 5311 3464 5394 qui
3482 5330 3554 5374 ex
3575 5331 3683 5392 ge-

2022 5403 2210 5466 nerali
2243 5413 2627 5485 procuratore
2666 5403 2856 5465 factus
2884 5409 2976 5464 est
3009 5399 3689 5484 imperator,attributos

1609 5569 1863 5636 VARLE
1907 5570 2360 5638 LECTIONES.

365 5677 432 5729 54
471 5677 720 5740 δεόντων.

372 5847 394 5879 ν
431 5812 844 5878 Constantini.
929 5841 955 5873 ι
981 5810 1297 5878 Michaelis
1326 5815 1526 5882 Dum.
