4130 6424
545 409 664 476 879

1924 414 1955 475 J
1963 411 2057 475 US
2096 409 2543 478 GANONICUM

3813 411 3928 480 880

550 545 678 624 ejus
721 543 990 608 miraculi
1044 543 1250 623 gratia,
1309 543 1465 625 quod
1510 545 1825 606 oculariter
1854 545 2070 606 factum
2101 543 2196 605 fuit

2289 553 2380 602 τοῦ
2452 545 2692 626 Ἀνδρέου
2762 545 3177 626 ὀφθαλμοφανῶς
3238 549 3524 627 γενόμενον
3580 551 3776 625 θαῦμα,
3847 548 3929 605 ἐπὶ

547 632 620 695 ab
651 632 752 694 illo
787 631 1002 694 eximio
1034 632 1345 714 primoque
1405 642 1606 694 vocato
1638 634 1902 714 apostolo
1934 633 2193 707 Andrea,

547 724 606 784 in
639 721 902 783 Abarum
937 721 1376 802 eversione,qui
1410 721 1543 786 totis
1573 738 1789 785 CCXVIII
1819 722 1991 783 annis
2021 721 2195 782 Pelo-

548 828 877 892 ponnesum
903 809 1498 892 obtinuerant,usque
1529 811 1675 872 adeo
1699 811 1773 872 ab
1795 811 2047 891 imperio
2075 809 2195 871 Ro-

548 916 727 960 mano
761 898 965 972 avulsi,
1000 907 1061 958 ut
1091 916 1266 960 nemo
1301 900 1604 961 Romanus
1626 899 1686 960 in
1721 899 2192 979 Peloponnesum

545 987 637 1049 vel
671 987 880 1067 pedem
913 987 1134 1049 inferre
1172 996 1403 1068 posset;
1438 995 1576 1049 tunc
1603 996 1796 1049 autem
1832 988 2006 1048 unius
2035 987 2195 1048 hora:

547 1077 738 1158 spatio
765 1075 1392 1138 fueruntexterminati
1410 1095 1515 1157 per
1548 1079 1734 1139 solam
1767 1077 2196 1158 apparitionem

547 1164 725 1243 hujus
757 1164 954 1244 primo
972 1163 1165 1225 vocati
1195 1165 1468 1244 apostoli,
1500 1173 1557 1226 et
1578 1165 1706 1246 ipsa
1734 1166 1897 1243 regio
1930 1172 2048 1226 tota
2077 1163 2197 1228 Ro-

548 1253 742 1313 manis
771 1253 1040 1313 restituta
1069 1251 1343 1332 sceptris.

627 1342 717 1402 Ac
746 1340 1000 1420 primum
1033 1341 1275 1422 quidem
1309 1343 1530 1421 profert
1563 1359 1807 1404 auream
1840 1341 2066 1403 bullam
2097 1341 2195 1401 in-

548 1427 725 1490 dicati
759 1429 1066 1509 principis,
1101 1432 1200 1510 qui
1254 1438 1312 1492 et
1343 1432 1495 1492 hanc
1544 1430 1732 1510 ipsam
1764 1431 2196 1493 sanctissimam

2283 633 2562 699 διακοσίοις
2601 634 2867 704 δεκαοκτὼ
2907 636 3121 715 χρόνοις
3180 636 3322 702 ὅλοις
3376 637 3766 716 κατασχόντων
3832 637 3928 704 τὴν

2282 721 2710 800 Πελοπόννησον,
2782 725 2870 780 καὶ
2924 726 3022 790 τῆς
3070 716 3379 801 Ῥωμαϊκῆς
3420 726 3600 806 ἀρχῆς
3657 725 3929 801 ἀποτέμοι-

2281 811 2478 887 μένων,
2553 816 2627 877 ὡς
2700 811 2836 888 μηδὲ
2891 812 3026 870 πόδα
3083 814 3272 892 βαλεῖν
3341 814 3478 879 ὅλως
3556 813 3799 872 δύνασθαι
3879 817 3933 870 ἐν

2280 902 2413 977 αὐτῇ
2468 893 2734 978 Ῥωμαῖον
2788 899 2945 980 ἄνδρα
2979 917 2992 930 ·
3051 901 3105 959 ἐν
3162 911 3259 979 μιᾷ
3315 901 3370 960 δὲ
3424 903 3539 982 ὥρᾳ
3589 903 3788 959 τούτων
3837 903 3930 978 μὲν

2278 988 2662 1069 ἀφανισθέντων
2714 990 2774 1048 ἐκ
2823 991 2990 1063 μόνης
3036 991 3339 1069 ἐπιφανείας
3387 1002 3480 1051 τοῦ
3526 990 3928 1071 πρωτοκλήτου,

2277 1083 2374 1144 τῆς
2439 1077 2493 1134 δὲ
2566 1080 2747 1159 χώρας
2805 1077 3015 1145 ἀπάσης
3070 1096 3188 1144 τοῖς
3250 1072 3579 1157 Ῥωμαϊκοῖς
3645 1081 3929 1159 σκήπτροις

2280 1166 2666 1236 ἐπανελθούσης
2677 1217 2691 1232 ,

2364 1346 2460 1402 Καὶ
2503 1347 2708 1424 πρῶτον
2757 1350 2854 1421 μὲν
2899 1345 3249 1425 προϐάλλεται
3297 1347 3359 1403 τὸ
3401 1353 3496 1402 τοῦ
3539 1345 3786 1424 ῥηθέντος
3828 1345 3926 1422 βα-

2280 1433 2468 1498 σιλέως
2519 1433 2934 1515 χρυσόϐουλλον,
2983 1443 3075 1492 τοῦ
3130 1438 3216 1492 καὶ
3276 1437 3374 1503 τὴν
3421 1435 3585 1501 αὐτὴν
3631 1435 3930 1513 ἀγιωτάτην

547 1519 892 1579 Patrensem
904 1516 1230 1580 Ecclesiam
1250 1537 1318 1579 ex
1340 1519 1851 1598 archiepiscopatu
1867 1521 1936 1580 ad
1969 1527 2189 1580 metro-

2285 1522 2566 1592 ἐκκλησίαν
2624 1531 2868 1604 Πατρῶν,
2921 1525 2973 1590 ἐξ
3031 1525 3462 1605 ἀρχιεπισκοπῆς
3523 1526 3596 1589 εἷς
3654 1524 3926 1603 μητροπό-

549 1605 701 1686 polis
720 1605 964 1685 gloriam
990 1607 1181 1695 evexit
1199 1606 1273 1668 ob
1290 1607 1452 1668 illius
1475 1607 1677 1669 eximii
1701 1608 2033 1688 prodigium
2054 1626 2196 1685 apo-

2285 1615 2411 1678 λεως
2469 1614 2620 1680 δόξαν
2697 1615 3081 1694 ἀναγαγόντος,
3156 1615 3238 1674 διὰ
3317 1619 3379 1673 τὸ
3448 1617 3605 1694 ῥηθὲν
3662 1617 3927 1695 τεράστιον

547 1695 845 1784 stoli,qua3
886 1694 1179 1771 diximus;
1225 1704 1283 1757 et
1313 1705 1430 1757 tres
1461 1696 1924 1784 episcopatusiei
1956 1697 2194 1774 largitus

2285 1703 2367 1759 τοῦ
2409 1705 2709 1784 κορυφαίου,
2775 1707 2862 1761 καὶ
2907 1705 3080 1784 τρισίν
3149 1705 3469 1770 ἐπισκοπαῖς
3532 1704 3698 1772 αὐτὴν
3727 1694 3925 1782 δωρη-

547 1791 656 1857 est,
685 1783 1154 1865 Methouensem,
1181 1784 1721 1859 Lacedaemonium,
1756 1792 1813 1847 et
1834 1783 2190 1846 Sarsocoro-

2285 1792 2528 1870 σαμένου,
2554 1783 2640 1869 τῇ
2695 1783 2949 1873 Μεθώνῃ,
2998 1799 3066 1870 τῆ
3121 1793 3495 1874 Λακεδαίμονι,
3559 1796 3646 1850 καὶ
3688 1798 3756 1868 τῇ
3799 1799 3925 1868 Σαρ-

546 1890 795 1934 nensem
833 1894 845 1936 :
880 1873 1096 1934 deinde
1145 1873 1388 1935 alteram
1435 1874 1571 1937 huic
1603 1893 1946 1944 consonam,
1980 1873 2195 1935 Leonis

2285 1883 2549 1960 σοκορώνῃ
2583 1901 2597 1915 ⁹
2655 1885 2742 1938 καὶ
2799 1882 2974 1962 ἕτερον
3046 1883 3217 1958 τούτῷ
3274 1873 3516 1956 συνᾷδον,
3576 1881 3803 1946 Λέοντος
3841 1881 3924 1937 καὶ

547 1973 605 2022 et
658 1961 983 2023 Alexandri
1029 1972 1409 2042 augustorum
1447 1983 1461 2022 :
1509 1981 1578 2023 ac
1627 1961 1858 2023 tertiam
1888 1961 2190 2041 ,Romani,

2285 1969 2617 2049 Ἀλεξάνδρου
2670 1977 2777 2027 τῶν
2834 1961 3099 2047 βασιλέων
3129 1987 3142 2001 ⁸
3230 1973 3317 2028 καὶ
3401 1973 3576 2050 τρίτον
3635 1961 3920 2047 Ῥωμανοῦ,

544 2053 980 2135 Christophori,
1019 2063 1076 2116 et
1105 2054 1495 2135 Constantini,
1547 2055 1908 2134 reliquarum
1933 2054 2196 2133 vestigiis

2285 2059 2654 2137 Χριστοφόρου,
2713 2061 2800 2115 καὶ
2882 2061 3294 2134 Κωνσταντίνου,
3378 2059 3498 2116 κατ’
3580 2058 3739 2140 ἴχνος
3807 2057 3921 2119 τοῖς

545 2141 930 2206 inhaerentem
959 2164 975 2221 ;
997 2144 1261 2225 itemque
1296 2151 1507 2226 praeter
1527 2145 1632 2205 has
1658 2143 2192 2224 aliam,Nicephori

2285 2145 2456 2213 ἅλλοις
2491 2148 2678 2222 βαῖνον
2713 2163 2728 2178 ⁶
2790 2150 2878 2205 καὶ
2927 2146 3056 2205 ἄλλο
3087 2149 3173 2206 ἐπὶ
3202 2140 3434 2212 τούτοιςέ
3495 2149 3796 2228 Νικηφόρου
3837 2151 3922 2202 τοῦ

544 2229 757 2292 Phocae
803 2233 1118 2314 :quintam
1175 2234 1434 2312 denique
1483 2233 1805 2295 Botaniatze
1861 2233 2040 2308 illius,
2093 2232 2194 2311 qui

2285 2242 2438 2291 Φωκᾶ
2471 2255 2486 2268 ·
2561 2238 2648 2292 καὶ
2686 2237 2940 2314 ,πέμπτον
3007 2237 3092 2294 ἐπὶ
3162 2238 3391 2312 τούτοις,
3448 2247 3545 2297 τοῦ
3601 2239 3702 2316 πρὸ
3745 2235 3922 2312 μικροῦ

546 2320 719 2399 paulo
742 2328 878 2382 ante
900 2339 1098 2382 rerum
1123 2322 1341 2402 potitus
1357 2320 1624 2402 fuit,qua3
1649 2324 1963 2383 recensitae
1982 2339 2194 2382 omnes

2285 2321 2708 2397 βεϐασιλευκότος
2789 2324 2882 2381 τοῦ
2964 2327 3333 2399 Βοτανειάτου,
3420 2327 3545 2390 τοὺς
3622 2323 3917 2404 εἰρημένους

545 2407 956 2487 obsignantur.
977 2409 1478 2472 Neocazsariensis
1500 2429 1737 2491 quoque
1758 2409 2035 2472 similiter
2061 2428 2194 2470 mo-

2285 2413 2478 2477 πάντας
2539 2412 3024 2492 ἐπισφραγίζοντος.
3114 2417 3211 2473 Καὶ
3279 2417 3308 2471 ὁ
3387 2413 3791 2492 Νεοκαισαρείας
3869 2407 3920 2464 δί

545 2506 831 2559 numento
879 2498 1107 2560 domini
1127 2499 1407 2561 Michaelis
1440 2500 1811 2578 patriarchae,
1848 2498 2036 2561 beatae
2068 2517 2196 2559 me-

2285 2500 2584 2580 ἐστήρικται
2642 2501 2838 2577 ὁμοίως
2887 2503 3230 2578 ὑπομνήματι
3298 2513 3391 2562 τοῦ
3455 2502 3511 2559 ἐν
3569 2501 3797 2579 μακαρίᾳ

547 2585 750 2646 moriae
773 2586 1018 2663 nititur;
1046 2597 1102 2649 et
1122 2607 1305 2650 aurea
1326 2587 1486 2651 bulla
1503 2588 1730 2652 domini
1751 2587 2055 2650 Michaelis
2074 2585 2196 2648 Du-

2285 2588 2416 2656 λέξει
2487 2592 2841 2670 πατριάρχου,
2888 2591 3045 2670 κυροῦ
3094 2590 3342 2672 Μιχαὴλ,
3413 2594 3499 2649 καὶ
3557 2586 3920 2671 χρυσοϐούλλῳ

547 2691 651 2736 cae.
687 2673 1074 2738 Inveniuntur
1100 2685 1157 2738 et
1192 2685 1342 2752 acta,
1363 2696 1495 2758 quae
1526 2676 1940 2757 traduntquod
1961 2676 2196 2756 episco-

2285 2686 2440 2758 κυροῦ
2489 2679 2716 2759 Μιχαὴλ
2759 2687 2852 2738 τοῦ
2903 2681 3098 2739 Λούκα.
3162 2682 3499 2759 Εὑρίσκονται
3543 2679 3597 2736 δὲ
3653 2679 3740 2736 καὶ
3791 2675 3919 2754 πρά-

547 2763 1086 2845 patus,quicunque
1115 2765 1189 2826 ad
1221 2767 1644 2846 metropolium
1678 2766 2023 2844 dignitatem
2058 2782 2196 2844 pro-

2286 2767 2386 2833 ξεις
2444 2766 2858 2848 διαγορεύουσαι,
2905 2767 2985 2824 ὅτι
3045 2791 3144 2847 περ
3186 2767 3304 2826 ὅσαι
3347 2776 3456 2826 τῶν
3498 2769 3798 2828 ἐπισκοπῶν
3853 2765 3918 2826 εἷς

547 2852 804 2914 vehendi
837 2862 1026 2930 erant,
1062 2873 1180 2916 non
1223 2855 1396 2917 aliter
1437 2855 1494 2916 id
1540 2854 2049 2935 assequebantur;
2083 2852 2196 2914 nisi

2285 2857 2667 2936 μητροπόλεων
2725 2856 2946 2932 ἔμελλον
3003 2854 3414 2924 ἀναϐιϐασθῆναι
3459 2857 3641 2932 κλέος,
3683 2857 3774 2913 οὒκ
3824 2850 3918 2911 ἄλ-

547 2939 804 3020 publicaa
857 2942 1126 3004 utilitatis
1171 2944 1231 3004 id
1286 2945 1561 3006 suaderet
1619 2943 1791 3018 ratio,
1826 2953 1895 3002 'et
1944 2941 2196 3022 synodus

2285 2945 2390 3008 λως
2439 2949 2624 3002 τούτου
2685 2945 2966 3026 ἐπέτυχον,
3031 2947 3074 3002 εἰ
3131 2947 3208 3020 μὴ
3280 2947 3611 3028 κοινωφελὴς
3655 2941 3917 3023 προῦκειτο

545 3029 960 3104 assentiretur,
1013 3040 1071 3092 et
1100 3032 1368 3095 ecclesia:
1399 3033 1685 3092 honorem
1720 3039 2050 3111 acceptum
2083 3048 2196 3089 me-

2285 3036 2576 3114 οἰκονομία,
2620 3036 2706 3090 καὶ
2757 3037 2791 3103 ἠ
2852 3033 3061 3099 σύνοδος
3121 3032 3457 3110 κατεδέξατο,
3515 3037 3602 3094 καὶ
3657 3037 3684 3090 ὁ
3727 3051 3915 3108 μητρο-

548 3118 936 3200 tropolitanus
966 3120 1478 3182 remunerationes
1510 3138 1574 3182 se
1608 3120 1814 3199 dignas
1847 3139 1915 3180 ex
1936 3119 2196 3199 impera-

2285 3122 2502 3190 πολίτης
2532 3129 2630 3190 τῆς
2681 3122 2977 3198 μελλούσης
3032 3127 3320 3200 τιμηθῆναι
3377 3124 3662 3192 ἐκκλησίας
3719 3117 3915 3178 ἀντιδό-

549 3192 697 3267 toris
751 3227 928 3270 manu
978 3219 1356 3290 consecutus,
1415 3228 1483 3271 ea
1512 3228 1642 3289 quae
1674 3192 2054 3289 gererentur,
2089 3227 2196 3286 ap-

2285 3234 2392 3275 σεις
2441 3211 2582 3278 ἀξίας
2626 3192 2857 3290 εἰληφὼς
2908 3218 3008 3279 τῆς
3066 3192 3346 3287 βασιλικῆς
3378 3211 3573 3294 δεξιᾶς,
3607 3225 3722 3276 τοῖς
3751 3230 3912 3288 πρατ-

551 3294 852 3375 probaret.
915 3297 1028 3359 Tot
1060 3299 1238 3378 igitur
1267 3306 1443 3380 atque
1495 3298 1632 3359 talia
1662 3318 1796 3360 cum
1840 3295 2196 3358 adminicula

2285 3300 2525 3377 τομένοις
2584 3302 2856 3378 συνῄνεσε,
2933 3304 3208 3359 Τοσούτων
3271 3303 3444 3360 τοίνυν
3502 3303 3665 3361 ὄντων
3720 3301 3914 3376 βοηθη-

552 3383 692 3460 sint,
729 3394 845 3447 tam
876 3387 1169 3448 universis
1198 3385 1556 3463 communia,
1603 3406 1776 3466 quam
1809 3385 2061 3465 singulis
2096 3405 2196 3465 pe-

2285 3391 2488 3469 μάτων,
2542 3392 2629 3446 καὶ
2695 3397 2885 3447 κοινῶν
2942 3403 3059 3452 τοῖς
3117 3397 3269 3468 πᾶσι,
3330 3393 3420 3447 καὶ
3477 3397 3584 3448 τῶν
3612 3388 3915 3447 καθέκαστον

551 3473 802 3536 culiaria
835 3494 848 3538 :
887 3476 1034 3538 mihi
1090 3495 1255 3553 sane,
1311 3477 1547 3556 meique
1599 3475 1893 3536 similibus
1949 3473 2195 3544 videtur,

2285 3477 2449 3554 ἰδίων,
2502 3477 2617 3535 ἐμοί
2671 3499 2728 3534 τε
2780 3479 2868 3535 καὶ
2922 3491 3039 3541 τοῖς
3099 3480 3300 3554 ὁμοίοις
3343 3477 3515 3559 δοκεῖ,
3566 3471 3914 3559 φιλανθρωπό-

548 3562 976 3625 humanissime
1031 3565 1332 3646 princeps,
1401 3583 1531 3626 esse
1592 3564 1802 3626 factum
1834 3565 2006 3644 hujus
2040 3563 2196 3625 modi

2285 3590 2406 3624 τατε
2479 3566 2716 3648 βασιλεῦ,
2775 3568 3083 3647 παράνομον
3139 3569 3282 3625 εἶναι
3362 3569 3452 3624 καὶ
3521 3567 3770 3646 ἄρρυθμον
3825 3562 3915 3628 τὴν

549 3660 607 3712 et
637 3652 906 3733 iniquum
938 3661 994 3714 et
1027 3672 1295 3727 enorme,
1333 3662 1658 3734 contraque
1687 3671 1887 3715 sacros
1915 3671 2193 3726 canones,

2285 3657 2530 3725 τοιαύτην
2571 3655 2780 3737 πρᾶξιν,
2833 3659 2920 3714 καὶ
2961 3664 3067 3712 τῶν
3125 3658 3277 3737 ἱερῶν
3330 3657 3568 3715 κανόνων
3597 3653 3914 3729 ἀπεναντίιν,

549 3749 608 3802 et
663 3741 922 3803 decretis
980 3742 1389 3824 spiritualibus
1448 3762 1515 3803 ac
1573 3742 1806 3822 legibus
1832 3741 2194 3805 adversum:

2285 3749 2369 3804 καὶ
2425 3761 2541 3812 τοῖς
2600 3760 2980 3822 πνευματικοῖς
3051 3748 3192 3824 ὅροις
3261 3747 3350 3804 καὶ
3405 3745 3587 3823 νόμοις
3644 3745 3909 3818 ἀντίθετον,

545 3849 658 3892 nec
683 3833 822 3892 satis
855 3831 1077 3894 habere
1113 3833 1349 3908 virium,
1383 3851 1511 3912 quae
1564 3831 1635 3893 ab
1661 3831 2002 3893 adversaria
2032 3838 2196 3910 parte

2285 3838 2372 3894 καὶ
2399 3839 2503 3917 οὐχ
2557 3838 2710 3892 ἱκανά
2765 3838 2830 3894 τὰ
2873 3837 3016 3915 παρά
3058 3846 3152 3895 τοῦ
3208 3834 3525 3914 ἀντιῤῥόπου
3584 3833 3769 3913 μέρους
3821 3829 3911 3885 ἀν·

546 3929 903 4000 opponatur.
939 3920 1085 3983 Nam
1129 3940 1324 4002 neque
1357 3939 1527 3984 sacra
1559 3921 1919 4001 pragmatica
1946 3919 2196 4000 sanctio,

2285 3926 2599 4002 τιτιθέμενα.
2635 3925 2766 3983 Οὔτε
2809 3927 2908 4004 γὰρ
2966 3926 3337 4003 πραγματικὸς
3395 3928 3540 3988 θεῖος
3584 3925 3742 3986 τύπος
3791 3917 3911 3974 κατᾶ

544 4008 726 4069 veluti
750 4010 1025 4091 superius
1085 4018 1174 4071 est
1227 4011 1624 4086 declaratum,
1659 4010 1940 4071 adversus
1968 4009 2196 4070 divinos

2285 4022 2386 4071 τῶν
2414 4016 2563 4071 θείων
2604 4013 2840 4070 κανόνων
2907 4014 3141 4094 ἰσχύσει,
3197 4015 3270 4077 ὡς
3327 4012 3524 4072 ἄνωθεν
3579 4008 3909 4087 διατετράνω-

546 4116 807 4159 canones
854 4098 1071 4160 valebit
1103 4116 1116 4161 :
1172 4117 1366 4179 neque
1417 4098 1861 4172 condemnatio,
1892 4116 2023 4178 qua;
2053 4116 2196 4158 con-

2285 4127 2394 4183 ται,
2431 4105 2547 4159 οὔτε
2592 4103 2701 4179 μὴν
2757 4101 3040 4173 καταδίκη,
3095 4103 3259 4178 ὁμόσε
3323 4100 3501 4178 νόμων
3555 4103 3639 4162 καὶ
3695 4097 3909 4158 κανόνων

547 4194 633 4272 tra
685 4187 846 4264 leges
875 4206 1134 4250 canones
1180 4187 1391 4268 tendit,
1451 4185 1768 4248 laudabilis
1796 4205 1926 4248 esse
1961 4187 2196 4266 poterit.

2285 4179 2554 4272 χωροῦσα,
2589 4191 2864 4261 ἐπαινετή.
2911 4192 2969 4249 Εἰ
3015 4192 3114 4269 γὰρ
3156 4191 3244 4246 καὶ
3281 4191 3341 4246 τὸ
3386 4191 3670 4266 σημείωμα
3713 4190 3805 4250 τῆς
3858 4179 3910 4236 ἐκ

547 4271 822 4345 Quamvis
881 4274 1041 4338 enim
1100 4275 1389 4356 scriptum
1447 4294 1481 4334 a
1537 4278 1863 4335 constituta
1920 4274 2196 4335 divinitus

2285 4271 2416 4339 Θεοῦ
2486 4277 2754 4356 βασιλείας
2810 4301 2925 4352 σου,
2981 4283 3246 4360 τεχνικῶς
3307 4279 3396 4336 καὶ
3449 4279 3734 4356 ῥητορικῶς
3786 4290 3909 4360 nec:

547 4362 854 4440 majestate
905 4371 1004 4424 tua
1063 4353 1467 4432 subnotatum,
1516 4364 1837 4425 artiﬁciose
1869 4373 2043 4442 atque
2072 4381 2196 4423 ora-

2285 4373 2614 4450 εσκεύασται,
2673 4372 2762 4428 καὶ
2817 4372 3039 4427 πιθανὸν
3103 4368 3252 4428 δοκεῖ
3307 4382 3427 4433 τοῖς
3475 4367 3699 4430 πολλοῖς
3732 4379 3746 4394 ⁸

546 4450 699 4512 torie
762 4451 976 4514 factum
1011 4460 1119 4529 est,
1155 4472 1226 4516 ac
1259 4452 1427 4532 vulgo
1454 4453 1632 4514 ﬁdem
1665 4452 1882 4514 mereri
1916 4453 2146 4513 videtur
2181 4468 2194 4514 :

2285 4459 2427 4517 οὔπω
2454 4461 2542 4516 καὶ
2599 4458 2838 4540 δυνατὸν,
2896 4460 3088 4536 νόμους
3133 4458 3342 4516 ἀνελεῖν
3397 4460 3486 4516 καὶ
3541 4455 3780 4522 κανόνας,
3832 4446 3909 4540 ἱξιῖ

543 4558 660 4600 non
693 4549 889 4603 tamen
911 4550 968 4604 et
989 4541 1148 4620 leges
1177 4551 1352 4622 atque
1387 4561 1645 4604 canones
1691 4551 1956 4604 evertere
1982 4549 2194 4622 potest,

2285 4551 2378 4618 τὴν
2409 4549 2659 4620 ἀληθειαν
2702 4535 3040 4612 κατασεῖσαι.
3104 4548 3409 4627 Σοφιστεία,
3469 4549 3590 4626 γὰρ,
3656 4544 3739 4600 καὶ
3789 4535 3908 4627 συλ-

542 4637 600 4690 at
632 4631 936 4694 veritatem
989 4641 1324 4693 succutere.
1377 4631 1522 4692 Nam
1574 4636 1865 4711 argutatio
1927 4639 1986 4693 et
2015 4631 2196 4692 ratio-

544 4717 901 4795 cinationes,
939 4739 1009 4782 ex
1039 4721 1112 4781 iis
1145 4729 1558 4802 sumptae,quze
1587 4721 1894 4782 hominum
1930 4719 2197 4800 opinioni

544 4816 963 4870 consentaneae
991 4809 1430 4884 videntur,cum
1466 4829 1583 4870 non
1609 4810 1764 4883 sint;
1792 4811 1965 4888 longe
1983 4809 2198 4871 absnnt

543 4915 576 4957 a
604 4915 744 4958 vero
777 4912 954 4979 atque
977 4899 1245 4961 scientia.
1281 4900 1404 4960 Nec
1459 4900 1635 4976 longa
1665 4899 2032 4960 consuetudo
2062 4900 2194 4961 efti-

543 4986 658 5048 ciet
688 4996 1047 5068 unquam,ut
1096 4988 1346 5069 id,quod
1406 4989 1478 5050 ab
1526 4988 1696 5049 initio
1725 4988 2048 5050 subsistere
2081 5008 2198 5049 non

543 5077 751 5154 potuit,
787 5078 980 5139 locum
1035 5077 1270 5139 habeat.
1323 5076 1489 5138 Tunc
1540 5078 1696 5138 enim
1757 5078 1928 5156 longa
1961 5097 2199 5158 quoque

544 5169 919 5230 consuetudo
950 5169 1067 5229 vim
1102 5169 1249 5246 legis
1277 5167 1526 5243 obtinet,
1548 5169 1780 5249 quando
1809 5177 2197 5250 praeterquam

546 5255 704 5334 quod
766 5256 1070 5319 curatione
1130 5274 1250 5318 non
1303 5270 1545 5337 pugnat,
1602 5276 1714 5320 nec
1770 5259 1960 5336 legem
1994 5259 2198 5322 everti.

544 5342 620 5404 At
650 5362 786 5405 cum
817 5345 930 5407 hoc
962 5347 1137 5407 modo
1168 5347 1322 5407 sacri
1368 5365 1628 5408 canones
1657 5355 2018 5429 evertantur,
2052 5367 2199 5428 qua-

546 5450 683 5491 nam
740 5435 971 5496 ratione
1021 5434 1407 5510 consuetudo,
1471 5453 1601 5513 qua}
1659 5435 1744 5496 sic
1795 5438 2054 5517 irrepsit,
2091 5439 2200 5499 ad-

545 5521 864 5583 mittetur?
885 5521 1032 5584 Nam
1081 5523 1219 5584 audi
1244 5523 1392 5602 legis
1421 5523 1599 5584 verba
1632 5542 1644 5585 :
1683 5523 1884 5595 «Quod
1918 5545 2034 5586 non
2068 5547 2200 5588 cum

543 5609 778 5672 ratione
811 5611 1216 5674 introductum
1273 5621 1380 5689 est,
1410 5612 1513 5674 sed
1542 5632 1649 5693 per
1679 5631 1949 5676 errorem
1984 5624 2042 5676 et
2065 5636 2202 5678 con-

548 5701 926 5766 suetudinem
943 5703 1198 5765 obtinuit
1219 5703 1278 5763 in
1299 5701 1594 5764 similibus
1609 5704 1803 5766 valere
1820 5723 1937 5766 non
1959 5705 2157 5774 debet.
2173 5734 2198 5772 ι

2280 4638 2549 4717 λογισμοὶ,
2581 4638 2640 4696 ἐκ
2682 4638 3008 4717 φαινομένων
3042 4622 3284 4712 ἐνδόξῷνν
3317 4637 3397 4713 μὴ
3449 4622 3613 4696 δςθτῶν
3666 4631 3740 4704 δὲ’
3793 4622 3912 4717 πόρΤ

2279 4730 2354 4807 ρω
2383 4736 2476 4786 τοῦ
2507 4728 2654 4793 ὄντος
2701 4731 2790 4785 καὶ
2827 4730 3131 4804 ἐπιστήμης
3176 4729 3326 4789 εἰσίν.
3385 4724 3534 4784 Ἀλλ’
3590 4721 3700 4782 οὐδὲ
3751 4712 3910 4794 μακρά

2279 4821 2548 4899 συνήθεια,
2620 4820 2679 4874 τὸ
2739 4818 2993 4898 ἀπαρχῆς
3049 4817 3430 4897 ἀνυπόστατον,
3503 4817 3574 4877 εἰς
3647 4809 3907 4906 ὑπόστασρ

2280 4907 2387 4973 ἄξει
2448 4908 2598 4967 ποτέ.
2676 4909 2805 4965 Τότε
2859 4908 2957 4986 γὰρ
3001 4908 3088 4964 καὶ
3144 4908 3178 4974 ἡ
3235 4907 3410 4984 μακρὰ
3459 4904 3700 4972 συνήθεια
3779 4889 3907 4986 οὐδέν

2285 5000 2443 5064 ἧττον
2481 4998 2642 5073 νόμου
2684 5010 2893 5076 κρατεῖ,
2947 4994 3072 5052 ὅταν
3119 4997 3250 5074 πρὸς
3304 5000 3382 5067 τῷ
3411 4994 3488 5070 μὴ
3531 4977 3904 5076 δήια-τοία-

2283 5110 2387 5160 ναι,
2438 5088 2524 5142 καὶ
2554 5087 2714 5161 νόμον
2766 5085 2862 5142 οὒκ
2908 5085 3118 5165 ἀναιρῇ.
3171 5080 3286 5139 Ὧδε
3330 5081 3383 5139 δὲ
3425 5086 3530 5138 τῶν
3583 5079 3729 5135 θείων
3782 5071 3903 5125 ἀνα-

2282 5159 2625 5254 τρεπομένων.
2676 5177 2934 5250 κανόνων,
2996 5159 3132 5247 ποίῳ
3187 5173 3431 5253 λογισμῷ
3487 5170 3723 5259 συνήθεια
3773 5159 3903 5259 λαιξ-

2283 5264 2514 5322 ϐάνουσα
2568 5264 2898 5344 παρείσδυσιν
2953 5261 3460 5342 προσδεχθήσεταις
3547 5255 3767 5344 Ἀκούση
3817 5255 3904 5321 γαρ

2285 5362 2378 5411 τοῦ
2409 5355 2575 5429 νόμου
2605 5340 2853 5432 λέγοντος
2888 5374 2902 5388 ·
2961 5340 3094 5410 (Τὸ
3293 5353 3427 5427 μετὰ
3445 5340 3704 5427 νλογισμοῦ
3730 5340 3903 5432 είσενε·

2284 5445 2435 5524 χθὲν,
2498 5443 2634 5500 ἀλλά
2681 5430 2824 5500 κατὰ
2879 5441 3089 5509 πλάνην
3155 5442 3245 5497 καὶ
3295 5442 3576 5524 συνήθειαν,
3633 5430 3898 5524 κρατῆσαξξ

2285 5505 2345 5589 δύ
2401 5505 2485 5590 δεῖ
2527 5546 2742 5609 κρατεῖν
2793 5531 2845 5589 ἐν
2903 5544 3020 5597 τοῖς
3075 5532 3300 5606 ὁμοίοις,
3335 5551 3364 5585 »
3414 5531 3519 5587 Οὐκ
3559 5523 3829 5609 ἀγνοούμεν
3853 5505 3899 5560 δὲ

2284 5625 2372 5679 καὶ
2441 5623 2506 5680 τὰ
2584 5619 2709 5700 παρ’
2795 5621 2944 5678 ἐνίων
3023 5619 3422 5699 προσφερόμενα
3489 5612 3646 5700 πικρὰ

2284 5715 2350 5769 τὰ
2403 5710 2760 5784 σπουδάζοντα
2818 5710 3016 5791 δωρεὰν
3065 5707 3434 5768 ἀποδεικνύειν
3486 5697 3770 5785 βασιλικὴν,
3815 5701 3900 5748 την
