4130 6432
241 432 365 501 881

1600 439 2218 507 GRIEGO-ROMANU
2224 444 2281 507 M
2291 488 2306 502 .

3525 440 3644 514 889

248 577 358 628 τῶν
405 568 740 639 Ἐκκλησίῶν
797 571 1117 632 ἐπανάϐασιν
1152 589 1167 606 ⁸
1224 578 1312 632 καὶ
1354 576 1433 653 μὴ
1489 574 1601 632 δεῖν
1640 574 1906 653 φάσκοντα

1992 571 2200 652 Neque
2228 591 2367 636 vero
2396 574 2735 655 ignoramus
2764 577 2978 641 acerba
3018 578 3222 641 isthmc
3268 576 3470 654 verba,
3505 596 3635 660 quae

242 662 448 728 ταύτην
504 660 906 741 ἀνατρέπεσθαι,
974 661 1135 740 λόγου
1190 662 1530 745 ἀχαριστείας
1572 663 1651 740 μὴ
1693 683 1906 740 παρεμ-

245 751 559 814 πίπτοντος.
636 752 695 808 Εἱ
766 752 867 830 γὰρ
935 751 1215 832 ἀνθρώπῳ,
1287 755 1436 835 φησὶ,
1499 751 1823 833 δωρούμενος
1879 752 1907 807 ὁ

243 837 519 917 βασιλεὺς,
552 843 647 898 οὐκ
677 837 853 905 ἄλλως
898 838 1254 916 ἀναλαμϐάνει
1307 844 1407 910 τὴν
1461 840 1683 921 δωρεὰν,
1728 843 1772 896 εἱ
1828 840 1929 915 μὴ.

245 927 564 1007 ἀχαριστίας
650 928 980 1008 παρεμπέσοι
1056 929 1243 1011 λόγος,
1300 930 1488 1004 πολλῳ
1545 928 1748 1005 μᾶλλον
1820 927 1905 984 ἐπὶ

244 1022 355 1072 τῶν
426 1018 589 1096 ἁγίων
661 1015 1019 1098 Ἐκκλησιῶν,
1077 1019 1158 1099 ἐφ’
1218 1020 1291 1078 ὢν
1333 1020 1650 1100 ἀχαριστίαν
1704 1017 1899 1096 λέγειν,

246 1109 347 1164 οὐκ
394 1104 633 1186 εὔλογον.
680 1112 896 1185 Πρῶτον
945 1107 1043 1183 μὲν
1261 1111 1392 1185 πρὸς
1433 1110 1529 1174 τὰς
1580 1106 1789 1186 πόλεις,
1848 1106 1907 1161 οὗ

246 1195 382 1272 πρὸς
424 1195 518 1259 τὰς
576 1193 864 1261 ἐκκλησίας
924 1197 959 1263 ἡ
1015 1196 1269 1273 βασιλικὴ
1321 1195 1510 1277 δωρεά.
1590 1197 1646 1254 Εἰ
1704 1194 1758 1250 δὲ
1818 1195 1907 1250 καὶ

242 1283 362 1351 θείη
393 1305 478 1348 τις
515 1289 671 1342 τοῦτο
722 1282 1034 1360 βιαζόμενος
1076 1283 1273 1366 δωρεὰν
1332 1286 1499 1359 εἶναι,
1560 1282 1739 1341 ἄδικον
1807 1286 1909 1341 αὖ·

243 1372 345 1440 τὴν
375 1374 604 1452 εὑρήσει,
638 1372 727 1429 καὶ
755 1371 908 1448 νόμοι
931 1372 1306 1453 ἀπρόσδεκτον.
1337 1378 1491 1433 Οὗτοι
1517 1373 1616 1453 γὰρ
1645 1370 1906 1435 κωλύουσι

243 1462 337 1518 καὶ
364 1462 458 1525 τὰς
492 1460 698 1525 ἀδίκως
731 1461 991 1543 αἰτήσεις,
1037 1464 1126 1519 καὶ
1180 1464 1276 1528 τὰς
1319 1463 1631 1543 προχείρους
1690 1462 1905 1539 εὐεργε-

245 1549 390 1624 σίας,
423 1551 495 1616 εἷς
549 1546 728 1606 ἄλλων
771 1547 973 1625 βλάϐην
1032 1550 1369 1631 αἱτουμένας,
1430 1552 1757 1631 χαρίζεσθαι.
1812 1548 1909 1606 Καὶ

243 1636 348 1714 ἔτι,
383 1640 477 1697 οὐκ
529 1636 824 1718 ὀφείλουσιν
874 1638 1073 1718 ἑτέροις
1118 1654 1255 1696 εῗναι
1296 1641 1569 1717 ἐπιζήμιοι
1614 1641 1665 1695 αἱ
1715 1635 1907 1716 ἐτέρων

245 1726 423 1802 τιμαί,

1990 677 2024 719 a
2082 662 2387 724 nonnullis
2440 664 2824 745 proferuntur
2880 666 3096 748 quibus
3146 666 3398 748 probare
3427 666 3638 729 nitun-

1990 755 2108 825 tur,
2137 750 2526 813 ecclesiarum
2575 753 2648 815 ad
2689 755 2901 817 altiora
2930 755 3394 837 provectionem,
3428 773 3644 818 munus

1990 855 2121 925 esse
2149 838 2643 919 imperatorium;
2698 844 2855 925 quod
2902 843 3369 907 rescindendum
3400 854 3642 923 negant,

1987 923 2217 987 ratione
2266 926 2663 1007 ingratudinis
2718 923 2840 993 non
2891 932 3347 994 interveniente.
3388 930 3538 993 Nam
3593 931 3645 994 si

1988 1013 2216 1075 homini
2246 1014 2505 1094 largiens
2535 1019 2759 1100 aliquid
2790 1021 3133 1101 imperator,
3172 1020 3470 1099 inquiunt,
3524 1039 3645 1083 non

1989 1102 2163 1163 aliter
2186 1102 2544 1167 beneﬁcium
2576 1125 2746 1170 suum
2780 1121 3045 1184 revocat,
3100 1108 3215 1170 nisi
3246 1127 3421 1171 causa
3440 1108 3643 1187 ingra--

1990 1190 2263 1253 titudinis
2305 1192 2609 1273 inciderit,
2664 1196 2854 1260 multo
2906 1196 3093 1277 magis
3135 1196 3198 1258 id
3229 1197 3424 1260 locum
3465 1196 3647 1261 habet

1989 1278 2050 1339 in
2092 1279 2278 1343 sacris
2303 1284 2525 1346 sanctis
2557 1285 2851 1367 ecclesiis,
2904 1304 3050 1367 quas
3078 1283 3515 1366 ingratitudinis
3544 1287 3641 1348 in-

1987 1367 2269 1431 simulare
2302 1372 2476 1447 velle,
2528 1374 2851 1437 absurdum
2886 1375 3087 1439 fuerit.
3114 1374 3351 1440 Atenim
3384 1374 3643 1456 primum

1992 1476 2107 1519 non
2135 1458 2207 1519 ad
2242 1460 2549 1537 ecclesias,
2610 1463 2715 1525 sed
2745 1463 2819 1526 ad
2873 1464 3139 1526 civitates
3170 1465 3285 1525 hoc
3314 1463 3645 1545 imperato-

1990 1546 2145 1606 rium
2204 1546 2564 1612 beneﬁcium
2618 1559 2871 1633 spectat.
2903 1552 3074 1625 Quod
3133 1552 3184 1613 si
3215 1552 3470 1615 maxime
3514 1553 3647 1634 quis

1991 1640 2311 1715 ponat,per
2337 1637 2453 1699 vim
2485 1647 2868 1720 extorquens,
2924 1658 3056 1703 esse
3086 1638 3493 1701 donationem.
3522 1639 3645 1703 Re-

1990 1721 2182 1802 periet
2228 1724 2535 1805 injustam,
2570 1736 2627 1790 et
2652 1729 2882 1808 legibus
2931 1728 3453 1810 vetitam.Quippe
3481 1729 3647 1809 leges

249 1813 576 1896 prohibent
605 1814 857 1897 injustas
887 1832 1120 1899 preces,
1152 1833 1221 1878 ac
1265 1815 1469 1878 faciles
1514 1813 1888 1887 donationes,
1923 1808 1986 1871 in
2037 1810 2288 1874 aliorum
2321 1815 2530 1897 petitas
2562 1816 3009 1899 detrimentum,
3043 1817 3316 1880 concedi.
3344 1808 3647 1888 Praeterea

249 1921 377 1965 non
409 1903 633 1968 debent
660 1908 914 1971 aliorum
946 1906 1204 1969 honores
1233 1904 1368 1967 aliis
1398 1923 1531 1967 esse
1555 1900 1852 1966 damnosi.

328 1993 436 2062 Τῆς
488 1996 784 2060 ὑποθέσεως
856 1996 945 2053 οὖν
1004 1994 1171 2061 οὕτως
1241 1994 1509 2071 ἐπιμελῶς
1560 1993 1904 2065 ζητηθείσης,

2072 1987 2441 2074 Quapropter
2499 1996 2610 2058 hac
2662 2013 2840 2058 causa
2888 1996 3007 2058 tam
3063 1994 3383 2073 diligenter
3411 1997 3640 2059 exami-

247 2082 431 2161 χρεὼν
472 2085 711 2167 πάντως,
752 2085 994 2143 θεσπέσιε
1035 2083 1275 2165 βασιλεῦ,
1321 2084 1421 2151 τὴν
1451 2082 1729 2160 ἀλόγιστον
1771 2080 1903 2135 ταύ-

1259 2132 1275 2165 ν

244 2191 349 2237 την
396 2173 484 2230 καὶ
525 2171 705 2232 ἄδικον
761 2172 946 2255 πρᾶξιν
988 2174 1120 2237 τέως
1164 2175 1238 2239 εἰς
1275 2174 1375 2241 τὴν
1431 2171 1557 2240 ἒξῆς
1610 2170 1901 2244 ἀνακόψαι,

243 2259 400 2316 θείων
439 2263 812 2337 θεσπισμάτων
858 2262 1203 2339 ἐκτιθεμένων
1259 2262 1401 2341 παρὰ
1458 2263 1556 2327 τῆς
1618 2264 1716 2325 σῆς
1760 2260 1904 2333 ἡμε-

246 2348 496 2425 ρότητος,
530 2352 760 2430 γίνεσθαι
808 2352 1005 2419 ταύτην
1063 2350 1343 2409 τουλοιποῦ
1403 2347 1716 2407 κωλυόντων
1771 2349 1904 2403 καθ-

246 2435 387 2503 άπαξ
420 2456 437 2473 ⁸
477 2446 584 2497 τῶν
613 2441 1074 2521 προηγησαμένων
1103 2438 1158 2496 δὲ
1203 2440 1571 2520 προσήκουσαν
1626 2437 1714 2493 καὶ
1763 2456 1900 2489 κατ-

246 2524 486 2593 ἀλληλον
571 2534 639 2607 τῇ
707 2526 1135 2609 μεγαλεπηϐόλιρ
1204 2528 1409 2588 συνέσει
1478 2548 1592 2601 σου,
1680 2528 1899 2591 ποιῆσαι

246 2616 570 2692 οἰκονομίαν.
648 2620 747 2677 Καὶ
801 2618 921 2675 ὅσαι
988 2624 1095 2675 τῶν
1145 2617 1444 2685 ἐκκλησιῶν
1502 2614 1554 2681 ἐξ
1608 2616 1896 2670 ἐπισκοπι-

244 2708 355 2760 κῶν
398 2702 609 2764 δικαίων
653 2709 726 2772 εἷς
782 2708 1055 2787 ὑπεροχὴν
1112 2705 1494 2786 μητροπόλεων
1548 2703 1891 2781 ἀναχθεῖσαι»

242 2792 578 2873 ὑπερήλασαν
627 2794 929 2861 ἀδιακόπως
985 2797 1070 2853 καὶ
1130 2796 1231 2863 τὴν
1285 2793 1504 2875 χρονίαν
1556 2789 1907 2870 παραγραφὴν

245 2885 345 2947 τῆς
412 2882 956 2965 τριακονταετηρίδος,
1044 2884 1345 2960 μενέτωσαν
1431 2882 1518 2939 ἐπὶ
1594 2881 1900 2960 σχήματος,

246 2974 337 3030 καὶ
378 2981 446 3052 τῇ
490 2977 615 3054 ἁγία
669 2979 759 3035 καὶ
816 2975 1028 3056 μεγάλῃ
1084 2986 1177 3036 τοῦ
1219 2981 1351 3033 Θεοῦ
1397 2972 1690 3043 Ἐκκλησία
1732 2969 1905 3026 ἴστω-

249 3082 345 3119 σαν
385 3064 749 3141 ὑποκείμεναι.
810 3063 1031 3133 Ἐπειδὴ
1072 3067 1160 3121 καὶ
1210 3071 1366 3121 τοῦτο
1421 3063 1709 3143 προνόμιον
1778 3059 1902 3115 ἐπι-

1986 2084 2143 2166 nata,
2179 2090 2412 2161 oportet
2473 2084 2740 2160 omnino,
2776 2084 2975 2147 divine
3031 2084 3377 2166 imperator,
3410 2101 3641 2147 morem

1984 2165 2310 2231 absurdum
2342 2183 2401 2233 et
2428 2173 2485 2233 in
2486 2173 2712 2253 justum
2730 2174 2941 2236 saltem
2962 2174 3024 2235 in
3048 2165 3351 2254 posterum
3373 2170 3639 2256 abolere,

1985 2272 2185 2345 sacras
2234 2261 2691 2323 mansuetudine
2719 2268 2817 2324 tua
2863 2262 3203 2325 sanctiones
3245 2269 3640 2345 proponente,

1985 2344 2200 2425 quibus
2232 2348 2499 2410 edicatur
2525 2349 2587 2411 in
2621 2350 2988 2418 universum.
3024 2369 3101 2413 ne
3130 2348 3414 2430 deinceps
3442 2344 3641 2413 locum

1986 2433 2198 2496 habeat
2234 2453 2247 2497 :
2283 2454 2350 2498 ac
2381 2437 2456 2500 de
2482 2438 2578 2513 iis,
2612 2458 2743 2520 quae
2789 2447 2927 2501 ante
2958 2441 3082 2502 haec
3111 2437 3503 2517 contigerunt,
3532 2457 3640 2519 pro

1984 2539 2091 2582 sua
2121 2525 2408 2604 singulari
2460 2535 2516 2588 et
2574 2527 2817 2589 heroica
2860 2528 3197 2607 prudentia,
3259 2524 3638 2606 disponente.

1983 2607 2288 2703 Quotquor
2315 2613 2493 2674 etiam
2528 2614 2795 2677 ecclesia:
2817 2616 2917 2695 jus
2958 2616 3297 2699 episcopale
3332 2623 3496 2703 prius
3526 2617 3641 2679 ha-

1981 2695 2213 2774 bentes,
2245 2709 2306 2763 et
2332 2703 2404 2764 ad
2432 2704 2817 2766 eminentiam
2849 2695 3351 2786 metropoliticam
3395 2715 3639 2781 evectze,

1992 2788 2312 2851 citrainter
2328 2790 2723 2854 turbationem
2743 2793 2924 2855 ullam
2955 2796 3298 2874 prateriere
3320 2796 3643 2861 terminum

1990 2877 2178 2955 longa;
2209 2880 2674 2961 praescriptionis
2696 2899 2988 2944 annorum
3021 2883 3261 2964 triginta
3292 2886 3395 2965 :in
3428 2885 3641 2949 eadem

1988 2966 2333 3057 conditione
2386 2976 2686 3043 maneant,
2744 2979 2803 3031 et
2857 2980 3075 3034 sancta
3125 2990 3478 3057 magnasque
3533 2974 3647 3039 Dei

1984 3051 2268 3117 Ecclesiae
2324 3057 2578 3120 subditae
2606 3058 2749 3120 sint.
2780 3051 3275 3142 Quandoquidem
3322 3051 3436 3127 hoc
3464 3062 3643 3126 etiam

249 3154 528 3232 σκοπικὸν,
575 3140 662 3211 καὶ
730 3155 947 3220 κανόνες
1001 3156 1128 3211 εἰσὶν
1169 3152 1563 3233 ἐπιτρέποντες,
1630 3147 1902 3219 δεσπόζειν

1992 3142 2323 3225 episcopale
2377 3146 2751 3227 privilegium
2812 3158 2922 3227 est,
2955 3157 3015 3211 et
3051 3140 3302 3215 exstant
3354 3169 3640 3230 canones,

248 3238 574 3299 ἐππίσκοπον
633 3244 921 3323 προνομίου
988 3242 1168 3322 ἐτέρας
1229 3240 1551 3309 Ἐκκλησίας
1607 3236 1691 3298 διὰ
1737 3258 1904 3323 παρα-

1992 3233 2087 3312 qui
2142 3236 2513 3313 permittunt,
2590 3246 2656 3298 ut
2708 3237 3022 3321 episcopus
3076 3240 3319 3304 alterius
3374 3242 3648 3305 eaclesiae

247 3326 448 3406 δρομῆς
488 3337 596 3387 τῶν
640 3316 933 3410 είρημένων
958 3316 1236 3392 ἐνιαυτῶν.
1296 3334 1439 3398 Φησὶ
1492 3331 1592 3409 γὰρ
1630 3330 1659 3385 ὁ
1689 3316 1757 3399 ιζ’
1797 3348 1903 3383 κα-

1992 3324 2428 3410 praerogativam
2481 3316 2775 3389 dictorum
2839 3316 3131 3391 annorum
3213 3330 3471 3394 decursu
3528 3329 3647 3393 sibi

249 3419 358 3473 νὼν
410 3424 510 3486 τῆς
559 3422 617 3476 ἐν
673 3409 974 3488 Χαλκηδόνι
1046 3418 1280 3494 συνόδου,
1342 3420 1441 3487 τὴς
1498 3414 1616 3474 καθ’
1674 3416 1903 3482 ἑκάστην

1992 3409 2267 3502 vindicet.
2311 3413 2508 3494 Inquit
2565 3417 2723 3477 enim
2756 3434 2946 3478 canon
2992 3434 3116 3483 xvn
3148 3420 3356 3502 synodi
3386 3421 3640 3484 Chalce-

248 3504 536 3574 ἐκκλησίαν
593 3508 899 3588 ἆγροικικὰς
965 3508 1265 3588 παροικίας,
1321 3507 1359 3577 ἢ
1414 3507 1729 3586 ἐγχωρίους,
1801 3502 1904 3580 μέ·-

1992 3497 2528 3589 donensis,rurales
2545 3506 2634 3566 vel
2669 3506 3063 3585 provinciales
3107 3497 3396 3588 parmcias
3431 3509 3638 3589 singu-

252 3615 362 3651 νειν
444 3586 899 3674 ἆπαροσαλεύτους
987 3586 1130 3677 παρὰ
1212 3610 1332 3660 τοῖς
1414 3594 1734 3675 κατέχουσιν
1816 3595 1906 3650 αύ-

1992 3586 2177 3649 larum
2210 3590 2596 3653 ecclesiarum
2651 3594 3037 3657 inconcussas
3066 3586 3129 3657 in
3162 3615 3372 3661 eorum
3405 3586 3642 3679 episco-

246 3685 346 3747 τὰς
403 3684 736 3762 ἐπισκόποις,
782 3689 870 3743 xxi
927 3685 1178 3763 μάλιστα,
1225 3687 1269 3742 εἰ
1323 3689 1702 3765 τριακονταετῆ
1773 3684 1906 3763 χρό-

1992 3696 2202 3757 porum
2236 3686 2590 3759 potestatem
2626 3700 2892 3759 manere,
2915 3683 3017 3763 qui
3037 3702 3141 3748 eas
3166 3686 3543 3767 possideant:
3576 3705 3648 3750 ac

249 3795 339 3838 νος
382 3774 573 3840 ταύνας
629 3772 893 3840 ἇϐιάστως
964 3774 1367 3854 διακατέχοντες
1422 3772 1802 3849 ὠκονόμησαν.
1848 3777 1909 3832 Εἰ

247 3859 305 3917 δὲ
352 3861 499 3927 ἐντὸς
528 3863 634 3920 τῶν
674 3864 953 3943 τριάκοντα
1009 3863 1258 3923 ἐνιαυτῶν
1311 3862 1535 3941 γένηταί
1583 3883 1665 3924 τις
1723 3862 1760 3930 ἢ
1804 3860 1906 3939 γέ-

252 3972 398 4008 νοιτο
435 3953 553 4030 περὶ
584 3954 755 4009 αὐτῶν
807 3949 1230 4033 ἀμφισϐήτησις,
1291 3950 1483 4017 ἐξεῖναι
1538 3963 1652 4015 τοῖς
1712 3948 1908 4029 λέγου-

250 4061 336 4096 σιν
387 4039 687 4121 ἠδικῆσθαι,
731 4043 849 4121 περὶ
905 4043 1102 4098 τούτων
1158 4054 1329 4098 κινεῖν
1390 4039 1531 4119 παρὰ
1585 4045 1655 4116 τῇ
1711 4035 1910 4111 συνόδῳ

250 4134 353 4197 τῆς
423 4129 710 4210 ἐπαρχίας.
785 4125 845 4186 Ὠ
903 4153 1005 4186 τινι
1067 4130 1190 4203 θείῳ
1244 4129 1426 4187 κανόνι
1497 4129 1588 4184 καὶ
1644 4129 1678 4195 ἡ
1730 4127 1782 4183 ἐν
1833 4132 1911 4200 τῷ

252 4216 503 4297 Τρούλλῳ
543 4227 637 4277 τοῦ
677 4215 932 4275 παλατίου
981 4224 1211 4275 συστᾶσα
1253 4212 1392 4295 ἁγία
1418 4214 1628 4282 σύνοδος
1683 4213 1768 4272 διὰ
1820 4223 1913 4272 τοῦ

255 4296 344 4363 κε’
395 4307 617 4372 κανόνος
684 4306 1104 4375 ἐπηκολούθησε.
1152 4307 1257 4371 Τὰς
1300 4304 1355 4362 δὲ
1398 4308 1552 4363 τοῦτο
1623 4304 1906 4377 παθούσας,

255 4394 396 4471 μηδὲ
480 4395 664 4475 χρόνῳ
729 4395 1113 4477 βοηθουμένας,
1182 4394 1591 4476 ἐπαναστρέφειν
1671 4393 1910 4473 ἀναμφι-

252 4483 454 4548 λέκτως
498 4487 571 4550 εἷς
607 4485 673 4541 τα
732 4487 839 4540 τῶν
895 4485 1100 4542 οἰκείων
1146 4483 1528 4564 μητροπόλεων
1570 4481 1767 4545 δίκαια,
1821 4483 1908 4549 Μὴ

254 4573 559 4654 ταραττέτω
630 4572 686 4630 δέ
756 4572 856 4642 τήν
942 4574 1195 4653 κραταιὰν
1263 4575 1351 4630 καὶ
1432 4573 1584 4650 ἁγίαν
1641 4569 1908 4648 βασιλείαν

256 4685 372 4734 σου,
405 4663 466 4719 τὸ
494 4663 631 4719 κατὰ
669 4662 956 4744 φαντασίαν
985 4662 1438 4742 παρεισαγόμενον
1468 4660 1688 4736 ἄτοπον,
1761 4661 1848 4716 καὶ
1876 4661 1911 4727 ἡ

258 4749 484 4808 δοκοῦσα
528 4753 892 4831 προσγίνεσθαι
949 4763 1072 4813 ταῖς
1130 4749 1438 4818 ἐκκλησίαις
1494 4746 1662 4828 ὕϐρις,
1712 4749 1911 4824 ἀτιμα-

257 4840 504 4914 ζομέναις
563 4839 743 4917 ὥσπερ
799 4846 875 4914 τῷ
930 4840 1258 4919 ὑφαιρεῖσθαι
1322 4846 1415 4895 τοῦ
1471 4834 1915 4918 μητροπολιτικοῦ

258 4928 558 5005 ἀξιώματος
571 4976 581 4987 .

345 5109 452 5165 Οὐκ
533 5104 643 5163 ἔστι
726 5106 827 5186 γὰρ
908 5111 1065 5163 τοῦτο
1167 5100 1336 5183 ὕϐρις,
1445 5104 1507 5159 τὸ
1586 5093 1914 5184 ὑφαιρεῖσθαι

262 5191 527 5269 ἐνθέσμως
573 5213 588 5229 ·
635 5194 935 5254 τούναντίον
991 5192 1047 5250 δὲ
1105 5191 1308 5271 μᾶλλον
1351 5194 1411 5249 τὸ
1467 5191 1665 5272 ἕτερον,
1725 5192 1786 5247 τὸ
1815 5191 1911 5247 ἐκ·-

263 5281 443 5363 φύλως
485 5284 573 5340 καὶ
616 5282 884 5360 ἐκθέσμως
952 5282 1255 5362 γινόμενον,
1330 5281 1529 5361 Εὗρέθη
1594 5280 1692 5359 γάρ
1736 5301 1785 5335 τι
1827 5280 1915 5335 καὶ

262 5381 503 5431 τοιοῦτον
559 5372 844 5451 γενόμενον
921 5371 1086 5451 κρίσει
1156 5368 1426 5446 συνοδικῃ,
1505 5370 1593 5425 καὶ
1662 5367 1917 5451 ἐπικρίσει

264 5459 521 5538 βασιλικῇ
548 5448 800 5541 κυρωθέν,
846 5448 967 5529 Τῆς-
998 5461 1098 5539 γὰρ
1155 5458 1452 5526 ἐπισκοπῆς
1500 5463 1595 5515 τοῦ
1667 5448 1918 5528 Ῥοιζαίοδ

1992 3770 2402 3847 praesertim,si
2435 3788 2535 3832 eas
2583 3789 2875 3832 annorum
2929 3772 3175 3850 triginta
3207 3777 3427 3853 Spatio,
3480 3775 3648 3839 nulla

1992 3856 2430 3940 interveniente
2484 3861 2562 3933 vi,
2598 3860 2992 3940 possidentes,
3026 3862 3527 3926 administrarint.
3579 3866 3645 3926 Si

1990 3956 2130 3999 vero
2161 3939 2315 4000 intra
2342 3940 2477 4001 illos
2507 3939 2695 4002 annos
2725 3940 2804 4002 30
2840 3942 2933 4004 vel
2960 3942 3261 4021 inciderit,
3297 3946 3389 4007 vel
3419 3944 3647 4007 incidat

1991 4027 2185 4107 aliqua
2218 4031 2295 4089 de
2311 4028 2401 4089 eis
2430 4027 2716 4091 dubitatio
2747 4049 2763 4105 ;
2786 4027 2967 4092 licere
2987 4030 3422 4108 dicentibus,se
3441 4050 3647 4114 passos

1993 4114 2298 4195 injuriam,
2334 4128 2392 4178 ut
2424 4119 2499 4179 de
2558 4117 2651 4180 his
2710 4118 2865 4198 apud
2896 4119 3192 4199 synodum
3219 4121 3647 4200 provincialem

1994 4211 2185 4281 agant.
2221 4202 2407 4277 Quem
2443 4224 2676 4268 sacrum
2709 4224 2997 4269 canonem
3046 4217 3249 4269 sancta
3277 4228 3514 4293 quoque
3543 4229 3645 4293 sy-

1995 4290 2186 4352 nodus
2236 4293 2297 4353 in
2354 4293 2558 4356 Trullo
2610 4295 2812 4377 palatii
2865 4294 3087 4369 habita,
3123 4314 3356 4360 canonu
3403 4290 3529 4363 ixv
3556 4290 3650 4363 est

1994 4389 2218 4442 secuta.
2254 4382 2483 4454 Quibus
2536 4393 2734 4446 autem
2794 4386 2907 4446 hoc
2960 4384 3291 4463 contigerit.
3330 4387 3381 4449 si
3408 4396 3647 4469 tempo-

1929 4469 2077 4567 Dris
2098 4470 2529 4533 adminiculum
2582 4474 2809 4535 nullum
2871 4473 3164 4567 habeant;
3214 4476 3361 4567 citra
3403 4485 3646 4567 contra-

1996 4560 2314 4620 dictionem
2345 4562 2417 4622 ad
2463 4570 2715 4623 suarum"
2755 4562 3169 4644 metropolium
3210 4564 3348 4643 jura
3372 4565 3644 4628 redeant.

1994 4646 2197 4729 Neque
2227 4666 2364 4709 vero
2399 4656 2821 4731 praepotentem
2853 4665 3239 4733 sanctamque
3279 4653 3648 4731 maiestatem

1998 4746 2156 4799 tuam
2190 4755 2260 4798 ea
2289 4737 2487 4799 turbet
2516 4737 3015 4821 absurditas,qua3
3045 4740 3248 4819 specie
3287 4750 3460 4804 tenus
3487 4762 3648 4824 prse-

1999 4825 2427 4905 tendituranec
2482 4829 2867 4900 contumelia,
2920 4848 3052 4910 quae
3080 4830 3317 4892 videtur
3369 4830 3650 4895 Ecclesiis

1995 4914 2276 4994 irrogari;
2310 4934 2444 4976 cum
2469 4915 2711 4977 infamia
2733 4918 2902 4998 quasi
2926 4920 3119 4981 notari
3134 4919 3467 5000 videantur,
3504 4921 3647 4984 dum

1997 5003 2383 5084 metropolica
2409 5004 2662 5083 dignitas
2695 5005 2751 5066 ei
2780 5006 3083 5070 adimitur.

2076 5093 2209 5156 Non
2239 5092 2397 5155 enim
2430 5092 2710 5174 probrum
2742 5102 2832 5156 est
2862 5094 3124 5173 legitime
3152 5096 3460 5179 quidpiam
3481 5098 3652 5161 amit-

2001 5190 2122 5243 tere
2158 5200 2171 5242 :
2208 5181 2312 5243 sed
2346 5201 2378 5243 e
2409 5182 2704 5244 contrario
2760 5182 2959 5263 potius
3006 5184 3156 5245 illud
3184 5184 3460 5263 alterum,
3492 5187 3651 5269 quod

1998 5288 2163 5331 more
2194 5279 2436 5352 nov0,et
2468 5280 2680 5351 praeter
2703 5270 2864 5349 leges
2896 5271 3305 5338 committitur.
3331 5275 3405 5337 Et
3427 5275 3653 5358 depre-

2000 5361 2249 5447 hensum
2274 5371 2365 5420 est
2395 5358 2620 5440 aliquid
2656 5359 2771 5421 tale
2800 5360 3015 5422 factum
3047 5360 3123 5423 de
3154 5363 3449 5427 sententia
3468 5383 3651 5447 syno-

2001 5446 2120 5510 dali
2153 5459 2213 5509 et
2263 5448 2641 5529 imperatorio
2692 5449 2935 5513 decreto
2994 5450 3464 5516 corroboratum.
3495 5446 3649 5519 Nam

264 5549 369 5606 ὑπὸ
423 5551 517 5606 τὸν
589 5538 907 5629 Καισαρείας
984 5538 1264 5628 τελούσης,
1348 5548 1437 5640 καὶ
1496 5545 1906 5640 ἂρχιεπισκσπῆι

2006 5556 2142 5640 cum
2188 5540 2560 5640 episcopatus
2614 5538 2870 5640 Βῂωεαξί
2919 5541 3029 5640 sub
3060 5540 3347 5640 gmsareae
3369 5545 3653 5640 pontiﬁce

260 5636 559 5719 γενομένης
615 5626 775 5717 παρὰ⁷
817 5644 1087 5718 Γερμανοὸ
1127 5626 1601 5733 10569019773105
1657 5636 1747 5691 καὶ
1806 5657 1906 5733 ’πα-

2010 5628 2094 5709 ﬁt,
2127 5636 2186 5689 et
2202 5626 2979 5733 archiepiscopatus‘fuisset
3009 5631 3651 5733 aGermauo,‘confes-.

270 5715 554 5808 τριόρχου,
602 5715 706 5785 καὶ-
735 5733 827 5786 τοῦ
866 5715 952 5784 ἔπ’
1012 5726 1208 5786 ἐκείνου
1258 5724 1653 5804 βασιλεύοντος,
1711 5724 1906 5804 χρόνοις

2012 5734 2147 5781 sere
2174 5734 2244 5779 ac
2262 5715 2599 5798 patriarcha
2623 5737 2639 5794 ;
2681 5715 2913 5799 subque
2940 5718 3212 5803 principe
3241 5721 3346 5806 qui
3370 5718 3654 5789 Germani
