  <div class='ocr_page' id='page_1' title='image "/cluster/home/n/w/nwhite01/storage/ocr_20150623/119:no.2/coo.31924054870237/453.png"; bbox 0 0 4130 6418; ppageno 0'>
   <div class='ocr_carea' id='block_1_1' title="bbox 529 395 650 461">
    <p class='ocr_par' dir='ltr' id='par_1_1' title="bbox 529 395 650 461">
     <span class='ocr_line' id='line_1_1' title="bbox 529 395 650 461; baseline -0.017 0"><span class='ocrx_word' id='word_1_1' title='bbox 529 395 650 461; x_wconf 88' lang='grc'>883</span> 
     </span>
    </p>
   </div>
   <div class='ocr_carea' id='block_1_2' title="bbox 1889 404 2530 471">
    <p class='ocr_par' dir='ltr' id='par_1_2' title="bbox 1889 404 2530 471">
     <span class='ocr_line' id='line_1_2' title="bbox 1889 404 2530 471; baseline -0.005 -2"><span class='ocrx_word' id='word_1_2' title='bbox 1889 406 2020 469; x_wconf 82' lang='lat' dir='ltr'>JUS</span> <span class='ocrx_word' id='word_1_3' title='bbox 2061 404 2530 471; x_wconf 84' lang='lat' dir='ltr'>CANONICUM.</span> 
     </span>
    </p>
   </div>
   <div class='ocr_carea' id='block_1_3' title="bbox 3796 397 3909 461">
    <p class='ocr_par' dir='ltr' id='par_1_3' title="bbox 3796 397 3909 461">
     <span class='ocr_line' id='line_1_3' title="bbox 3796 397 3909 461; baseline -0.009 0"><span class='ocrx_word' id='word_1_4' title='bbox 3796 397 3909 461; x_wconf 87' lang='grc'>884</span> 
     </span>
    </p>
   </div>
   <div class='ocr_carea' id='block_1_4' title="bbox 523 531 2181 621">
    <p class='ocr_par' dir='ltr' id='par_1_4' title="bbox 523 533 2175 618">
     <span class='ocr_line' id='line_1_4' title="bbox 523 533 2175 618; baseline 0.001 -21"><span class='ocrx_word' id='word_1_5' title='bbox 523 546 793 614; x_wconf 89' lang='lat' dir='ltr'>tempore</span> <span class='ocrx_word' id='word_1_6' title='bbox 821 533 1052 614; x_wconf 73' lang='lat' dir='ltr'>prafuit</span> <span class='ocrx_word' id='word_1_7' title='bbox 1070 534 1326 616; x_wconf 90' lang='lat' dir='ltr'>imperio</span> <span class='ocrx_word' id='word_1_8' title='bbox 1361 557 1373 593; x_wconf 91' lang='lat'><strong>:</strong></span> <span class='ocrx_word' id='word_1_9' title='bbox 1402 535 1674 597; x_wconf 80' lang='lat' dir='ltr'>ducentis</span> <span class='ocrx_word' id='word_1_10' title='bbox 1695 545 1828 616; x_wconf 93' lang='lat' dir='ltr'>post</span> <span class='ocrx_word' id='word_1_11' title='bbox 1849 537 2043 618; x_wconf 86' lang='lat' dir='ltr'>annis,</span> <span class='ocrx_word' id='word_1_12' title='bbox 2067 536 2175 598; x_wconf 88' lang='lat' dir='ltr'>sub</span> 
     </span>
    </p>
   </div>
   <div class='ocr_carea' id='block_1_5' title="bbox 2266 531 3908 621">
    <p class='ocr_par' dir='ltr' id='par_1_5' title="bbox 2266 531 3908 621">
     <span class='ocr_line' id='line_1_5' title="bbox 2266 531 3908 621; baseline -0.003 -28"><span class='ocrx_word' id='word_1_13' title='bbox 2266 537 2542 607; x_wconf 67' lang='grc' dir='ltr'>διακοσίοις</span> <span class='ocrx_word' id='word_1_14' title='bbox 2611 539 2848 621; x_wconf 76' lang='grc' dir='ltr'>ὕστερον,</span> <span class='ocrx_word' id='word_1_15' title='bbox 2931 540 3016 597; x_wconf 83' lang='grc' dir='ltr'>ἐπὶ</span> <span class='ocrx_word' id='word_1_16' title='bbox 3074 537 3440 621; x_wconf 66' lang='grc' dir='ltr'>Θεοφυλᾴκτου</span> <span class='ocrx_word' id='word_1_17' title='bbox 3507 541 3602 592; x_wconf 81' lang='grc' dir='ltr'>τοῦ</span> <span class='ocrx_word' id='word_1_18' title='bbox 3673 531 3908 607; x_wconf 80' lang='grc' dir='ltr'>ἂοιδίμου</span> 
     </span>
    </p>
   </div>
   <div class='ocr_carea' id='block_1_6' title="bbox 524 621 2183 705">
    <p class='ocr_par' dir='ltr' id='par_1_6' title="bbox 524 621 2183 705">
     <span class='ocr_line' id='line_1_6' title="bbox 524 621 2183 705; baseline 0.002 -23"><span class='ocrx_word' id='word_1_19' title='bbox 524 621 749 684; x_wconf 84' lang='lat' dir='ltr'>celebri</span> <span class='ocrx_word' id='word_1_20' title='bbox 804 622 1135 703; x_wconf 90' lang='lat' dir='ltr'>patriarcha</span> <span class='ocrx_word' id='word_1_21' title='bbox 1187 623 1650 705; x_wconf 83' lang='lat' dir='ltr'>Theophylacto,</span> <span class='ocrx_word' id='word_1_22' title='bbox 1709 627 1883 704; x_wconf 88' lang='lat' dir='ltr'>jussu</span> <span class='ocrx_word' id='word_1_23' title='bbox 1929 625 2183 687; x_wconf 85' lang='lat' dir='ltr'>Romani</span> 
     </span>
    </p>
   </div>
   <div class='ocr_carea' id='block_1_7' title="bbox 530 711 2180 795">
    <p class='ocr_par' dir='ltr' id='par_1_7' title="bbox 530 711 2180 795">
     <span class='ocr_line' id='line_1_7' title="bbox 530 711 2180 795; baseline 0.002 -23"><span class='ocrx_word' id='word_1_24' title='bbox 530 711 786 772; x_wconf 86' lang='lat' dir='ltr'>senioris</span> <span class='ocrx_word' id='word_1_25' title='bbox 813 711 1215 792; x_wconf 79' lang='lat' dir='ltr'>imperatoris,</span> <span class='ocrx_word' id='word_1_26' title='bbox 1253 731 1462 792; x_wconf 87' lang='lat' dir='ltr'>preces</span> <span class='ocrx_word' id='word_1_27' title='bbox 1505 715 1795 776; x_wconf 68' lang='lat' dir='ltr'>offerente</span> <span class='ocrx_word' id='word_1_28' title='bbox 1842 713 2180 795; x_wconf 90' lang='lat' dir='ltr'>Nicephoro</span> 
     </span>
    </p>
   </div>
   <div class='ocr_carea' id='block_1_8' title="bbox 529 799 2180 886">
    <p class='ocr_par' dir='ltr' id='par_1_8' title="bbox 529 799 2180 886">
     <span class='ocr_line' id='line_1_8' title="bbox 529 799 2180 886; baseline 0.001 -25"><span class='ocrx_word' id='word_1_29' title='bbox 529 799 808 878; x_wconf 91' lang='lat' dir='ltr'>quodam,</span> <span class='ocrx_word' id='word_1_30' title='bbox 843 809 1082 880; x_wconf 82' lang='lat' dir='ltr'>pastore</span> <span class='ocrx_word' id='word_1_31' title='bbox 1114 801 1385 882; x_wconf 84' lang='lat' dir='ltr'>principe</span> <span class='ocrx_word' id='word_1_32' title='bbox 1433 801 1926 886; x_wconf 74' lang='lat' dir='ltr'>Neocaesariensi,</span> <span class='ocrx_word' id='word_1_33' title='bbox 1960 805 2180 865; x_wconf 90' lang='lat' dir='ltr'>consti-</span> 
     </span>
    </p>
   </div>
   <div class='ocr_carea' id='block_1_9' title="bbox 530 889 2181 973">
    <p class='ocr_par' dir='ltr' id='par_1_9' title="bbox 530 889 2181 973">
     <span class='ocr_line' id='line_1_9' title="bbox 530 889 2181 973; baseline 0.004 -25"><span class='ocrx_word' id='word_1_34' title='bbox 530 896 718 950; x_wconf 90' lang='lat' dir='ltr'>tutum</span> <span class='ocrx_word' id='word_1_35' title='bbox 777 897 868 950; x_wconf 92' lang='lat' dir='ltr'>est</span> <span class='ocrx_word' id='word_1_36' title='bbox 920 889 1178 952; x_wconf 82' lang='lat' dir='ltr'>tribunal</span> <span class='ocrx_word' id='word_1_37' title='bbox 1235 893 1473 953; x_wconf 89' lang='lat' dir='ltr'>mistum</span> <span class='ocrx_word' id='word_1_38' title='bbox 1531 911 1599 954; x_wconf 86' lang='lat' dir='ltr'>ex</span> <span class='ocrx_word' id='word_1_39' title='bbox 1668 894 2064 973; x_wconf 78' lang='lat' dir='ltr'>pontificibus,</span> <span class='ocrx_word' id='word_1_40' title='bbox 2123 900 2181 954; x_wconf 90' lang='lat' dir='ltr'>et</span> 
     </span>
    </p>
   </div>
   <div class='ocr_carea' id='block_1_10' title="bbox 529 975 2177 1062">
    <p class='ocr_par' dir='ltr' id='par_1_10' title="bbox 529 975 2177 1062">
     <span class='ocr_line' id='line_1_10' title="bbox 529 975 2177 1062; baseline 0.003 -26"><span class='ocrx_word' id='word_1_41' title='bbox 529 975 721 1038; x_wconf 90' lang='lat' dir='ltr'>doctis</span> <span class='ocrx_word' id='word_1_42' title='bbox 748 977 893 1038; x_wconf 91' lang='lat' dir='ltr'>viris</span> <span class='ocrx_word' id='word_1_43' title='bbox 948 979 1286 1056; x_wconf 84' lang='lat' dir='ltr'>senatoriis,</span> <span class='ocrx_word' id='word_1_44' title='bbox 1343 980 1553 1042; x_wconf 91' lang='lat' dir='ltr'>eodem</span> <span class='ocrx_word' id='word_1_45' title='bbox 1614 981 1968 1062; x_wconf 78' lang='lat' dir='ltr'>patriarcha,</span> <span class='ocrx_word' id='word_1_46' title='bbox 2001 1000 2177 1061; x_wconf 86' lang='lat' dir='ltr'>quem</span> 
     </span>
    </p>
   </div>
   <div class='ocr_carea' id='block_1_11' title="bbox 527 1064 2178 1150">
    <p class='ocr_par' dir='ltr' id='par_1_11' title="bbox 527 1064 2178 1150">
     <span class='ocr_line' id='line_1_11' title="bbox 527 1064 2178 1150; baseline 0.002 -24"><span class='ocrx_word' id='word_1_47' title='bbox 527 1064 805 1140; x_wconf 85' lang='lat' dir='ltr'>diximus,</span> <span class='ocrx_word' id='word_1_48' title='bbox 869 1066 1242 1147; x_wconf 73' lang='lat' dir='ltr'>praesidente.</span> <span class='ocrx_word' id='word_1_49' title='bbox 1299 1069 1426 1141; x_wconf 90' lang='lat' dir='ltr'>Quo</span> <span class='ocrx_word' id='word_1_50' title='bbox 1475 1069 1534 1130; x_wconf 90' lang='lat' dir='ltr'>iu</span> <span class='ocrx_word' id='word_1_51' title='bbox 1579 1071 1805 1150; x_wconf 88' lang='lat' dir='ltr'>judicio</span> <span class='ocrx_word' id='word_1_52' title='bbox 1849 1071 2178 1132; x_wconf 92' lang='lat' dir='ltr'>secundum</span> 
     </span>
    </p>
   </div>
   <div class='ocr_carea' id='block_1_12' title="bbox 528 1156 2178 1238">
    <p class='ocr_par' dir='ltr' id='par_1_12' title="bbox 528 1156 2178 1238">
     <span class='ocr_line' id='line_1_12' title="bbox 528 1156 2178 1238; baseline 0.002 -22"><span class='ocrx_word' id='word_1_53' title='bbox 528 1156 1049 1237; x_wconf 85' lang='lat' dir='ltr'>metropolitanum</span> <span class='ocrx_word' id='word_1_54' title='bbox 1083 1166 1171 1219; x_wconf 92' lang='lat' dir='ltr'>est</span> <span class='ocrx_word' id='word_1_55' title='bbox 1211 1159 1678 1238; x_wconf 90' lang='lat' dir='ltr'>pronuntiatum.</span> <span class='ocrx_word' id='word_1_56' title='bbox 1712 1160 1834 1222; x_wconf 87' lang='lat' dir='ltr'>Hoc</span> <span class='ocrx_word' id='word_1_57' title='bbox 1867 1159 2178 1220; x_wconf 87' lang='lat' dir='ltr'>manifesto</span> 
     </span>
    </p>
   </div>
   <div class='ocr_carea' id='block_1_13' title="bbox 529 1245 2179 1328">
    <p class='ocr_par' dir='ltr' id='par_1_13' title="bbox 529 1245 2179 1328">
     <span class='ocr_line' id='line_1_13' title="bbox 529 1245 2179 1328; baseline 0.002 -23"><span class='ocrx_word' id='word_1_58' title='bbox 529 1254 696 1323; x_wconf 87' lang='lat' dir='ltr'>paret</span> <span class='ocrx_word' id='word_1_59' title='bbox 745 1262 816 1306; x_wconf 82' lang='lat' dir='ltr'>ex</span> <span class='ocrx_word' id='word_1_60' title='bbox 845 1245 1083 1307; x_wconf 92' lang='lat' dir='ltr'>illorum</span> <span class='ocrx_word' id='word_1_61' title='bbox 1143 1247 1581 1320; x_wconf 90' lang='lat' dir='ltr'>snbnotatione,</span> <span class='ocrx_word' id='word_1_62' title='bbox 1616 1249 1717 1328; x_wconf 89' lang='lat' dir='ltr'>qui</span> <span class='ocrx_word' id='word_1_63' title='bbox 1767 1248 1843 1310; x_wconf 93' lang='lat' dir='ltr'>de</span> <span class='ocrx_word' id='word_1_64' title='bbox 1871 1265 2048 1312; x_wconf 90' lang='lat' dir='ltr'>causa</span> <span class='ocrx_word' id='word_1_65' title='bbox 2073 1266 2179 1308; x_wconf 88' lang='lat' dir='ltr'>co-</span> 
     </span>
    </p>
   </div>
   <div class='ocr_carea' id='block_1_14' title="bbox 528 1335 2176 1418">
    <p class='ocr_par' dir='ltr' id='par_1_14' title="bbox 528 1335 2176 1418">
     <span class='ocr_line' id='line_1_14' title="bbox 528 1335 2176 1418; baseline 0.002 -25"><span class='ocrx_word' id='word_1_66' title='bbox 528 1341 903 1411; x_wconf 81' lang='lat' dir='ltr'>gnoverunt;</span> <span class='ocrx_word' id='word_1_67' title='bbox 953 1335 1144 1415; x_wconf 89' lang='lat' dir='ltr'>deque</span> <span class='ocrx_word' id='word_1_68' title='bbox 1187 1346 1572 1400; x_wconf 88' lang='lat' dir='ltr'>monumento</span> <span class='ocrx_word' id='word_1_69' title='bbox 1627 1337 1768 1399; x_wconf 91' lang='lat' dir='ltr'>dicti</span> <span class='ocrx_word' id='word_1_70' title='bbox 1805 1337 2176 1418; x_wconf 66' lang='lat' dir='ltr'>patriarchae,</span> 
     </span>
    </p>
   </div>
   <div class='ocr_carea' id='block_1_15' title="bbox 529 1423 2178 1505">
    <p class='ocr_par' dir='ltr' id='par_1_15' title="bbox 529 1423 2178 1505">
     <span class='ocr_line' id='line_1_15' title="bbox 529 1423 2178 1505; baseline 0.003 -24"><span class='ocrx_word' id='word_1_71' title='bbox 529 1428 586 1481; x_wconf 91' lang='lat' dir='ltr'>et</span> <span class='ocrx_word' id='word_1_72' title='bbox 643 1440 824 1484; x_wconf 85' lang='lat' dir='ltr'>aurea</span> <span class='ocrx_word' id='word_1_73' title='bbox 880 1423 1043 1484; x_wconf 88' lang='lat' dir='ltr'>bulla</span> <span class='ocrx_word' id='word_1_74' title='bbox 1092 1424 1544 1505; x_wconf 89' lang='lat' dir='ltr'>imperatorum,</span> <span class='ocrx_word' id='word_1_75' title='bbox 1599 1427 1876 1500; x_wconf 83' lang='lat' dir='ltr'>Romani,</span> <span class='ocrx_word' id='word_1_76' title='bbox 1920 1425 2178 1488; x_wconf 86' lang='lat' dir='ltr'>Christo-</span> 
     </span>
    </p>
   </div>
   <div class='ocr_carea' id='block_1_16' title="bbox 531 1508 2180 1594">
    <p class='ocr_par' dir='ltr' id='par_1_16' title="bbox 531 1508 2180 1594">
     <span class='ocr_line' id='line_1_16' title="bbox 531 1508 2180 1594; baseline 0.002 -24"><span class='ocrx_word' id='word_1_77' title='bbox 531 1508 724 1588; x_wconf 89' lang='lat' dir='ltr'>phori,</span> <span class='ocrx_word' id='word_1_78' title='bbox 757 1522 818 1571; x_wconf 88' lang='lat' dir='ltr'>et</span> <span class='ocrx_word' id='word_1_79' title='bbox 839 1513 1210 1574; x_wconf 80' lang='lat' dir='ltr'>Constantini</span> <span class='ocrx_word' id='word_1_80' title='bbox 1233 1513 1585 1592; x_wconf 88' lang='lat' dir='ltr'>obsignante</span> <span class='ocrx_word' id='word_1_81' title='bbox 1618 1515 1904 1594; x_wconf 89' lang='lat' dir='ltr'>judicata.</span> <span class='ocrx_word' id='word_1_82' title='bbox 1927 1513 2046 1575; x_wconf 83' lang='lat' dir='ltr'>Nec</span> <span class='ocrx_word' id='word_1_83' title='bbox 2075 1512 2180 1574; x_wconf 89' lang='lat' dir='ltr'>abs</span> 
     </span>
    </p>
   </div>
   <div class='ocr_carea' id='block_1_17' title="bbox 528 1597 2178 1683">
    <p class='ocr_par' dir='ltr' id='par_1_17' title="bbox 528 1597 2178 1683">
     <span class='ocr_line' id='line_1_17' title="bbox 528 1597 2178 1683; baseline 0.003 -26"><span class='ocrx_word' id='word_1_84' title='bbox 528 1613 596 1658; x_wconf 88' lang='lat' dir='ltr'>re</span> <span class='ocrx_word' id='word_1_85' title='bbox 625 1597 864 1677; x_wconf 87' lang='lat' dir='ltr'>quidem</span> <span class='ocrx_word' id='word_1_86' title='bbox 899 1599 1157 1680; x_wconf 80' lang='lat' dir='ltr'>benigne</span> <span class='ocrx_word' id='word_1_87' title='bbox 1197 1602 1546 1682; x_wconf 88' lang='lat' dir='ltr'>imperator.</span> <span class='ocrx_word' id='word_1_88' title='bbox 1582 1602 1728 1664; x_wconf 91' lang='lat' dir='ltr'>Nam</span> <span class='ocrx_word' id='word_1_89' title='bbox 1761 1602 1918 1683; x_wconf 87' lang='lat' dir='ltr'>quod</span> <span class='ocrx_word' id='word_1_90' title='bbox 1957 1603 2178 1664; x_wconf 88' lang='lat' dir='ltr'>factum</span> 
     </span>
    </p>
   </div>
   <div class='ocr_carea' id='block_1_18' title="bbox 529 1686 2178 1770">
    <p class='ocr_par' dir='ltr' id='par_1_18' title="bbox 529 1686 2178 1770">
     <span class='ocr_line' id='line_1_18' title="bbox 529 1686 2178 1770; baseline 0.002 -24"><span class='ocrx_word' id='word_1_91' title='bbox 529 1690 622 1748; x_wconf 85' lang='lat' dir='ltr'>est</span> <span class='ocrx_word' id='word_1_92' title='bbox 653 1686 1252 1768; x_wconf 82' lang='lat' dir='ltr'>male,corrigendum</span> <span class='ocrx_word' id='word_1_93' title='bbox 1274 1699 1362 1750; x_wconf 92' lang='lat' dir='ltr'>est</span> <span class='ocrx_word' id='word_1_94' title='bbox 1383 1691 1558 1752; x_wconf 92' lang='lat' dir='ltr'>bene.</span> <span class='ocrx_word' id='word_1_95' title='bbox 1596 1691 1695 1752; x_wconf 89' lang='lat' dir='ltr'>Sic</span> <span class='ocrx_word' id='word_1_96' title='bbox 1725 1691 2001 1770; x_wconf 90' lang='lat' dir='ltr'>equidem</span> <span class='ocrx_word' id='word_1_97' title='bbox 2035 1708 2178 1750; x_wconf 84' lang='lat' dir='ltr'>sen-</span> 
     </span>
    </p>
   </div>
   <div class='ocr_carea' id='block_1_19' title="bbox 530 1773 2180 1859">
    <p class='ocr_par' dir='ltr' id='par_1_19' title="bbox 530 1773 2180 1859">
     <span class='ocr_line' id='line_1_19' title="bbox 530 1773 2180 1859; baseline 0.001 -23"><span class='ocrx_word' id='word_1_98' title='bbox 530 1773 631 1836; x_wconf 90' lang='lat' dir='ltr'>tio.</span> <span class='ocrx_word' id='word_1_99' title='bbox 669 1773 766 1836; x_wconf 89' lang='lat' dir='ltr'>Sic</span> <span class='ocrx_word' id='word_1_100' title='bbox 785 1777 1125 1856; x_wconf 90' lang='lat' dir='ltr'>pronuntio,</span> <span class='ocrx_word' id='word_1_101' title='bbox 1160 1778 1449 1840; x_wconf 89' lang='lat' dir='ltr'>doctrinis</span> <span class='ocrx_word' id='word_1_102' title='bbox 1469 1798 1503 1840; x_wconf 95' lang='lat' dir='ltr'>a</span> <span class='ocrx_word' id='word_1_103' title='bbox 1527 1779 1851 1859; x_wconf 86' lang='lat' dir='ltr'>majoribus</span> <span class='ocrx_word' id='word_1_104' title='bbox 1873 1777 2038 1859; x_wconf 87' lang='lat' dir='ltr'>quasi</span> <span class='ocrx_word' id='word_1_105' title='bbox 2073 1795 2180 1858; x_wconf 91' lang='lat' dir='ltr'>per</span> 
     </span>
    </p>
   </div>
   <div class='ocr_carea' id='block_1_20' title="bbox 2264 617 3910 710">
    <p class='ocr_par' dir='ltr' id='par_1_20' title="bbox 2264 617 3910 710">
     <span class='ocr_line' id='line_1_20' title="bbox 2264 617 3910 710; baseline -0.005 -26"><span class='ocrx_word' id='word_1_106' title='bbox 2264 630 2619 710; x_wconf 79' lang='grc' dir='ltr'>πατριάρχου,</span> <span class='ocrx_word' id='word_1_107' title='bbox 2667 617 2896 686; x_wconf 79' lang='grc' dir='ltr'>κελεύσει</span> <span class='ocrx_word' id='word_1_108' title='bbox 2966 617 3226 706; x_wconf 82' lang='grc' dir='ltr'>βασιλέως</span> <span class='ocrx_word' id='word_1_109' title='bbox 3285 617 3557 701; x_wconf 66' lang='grc' dir='ltr'>Ῥωμανοῠ</span> <span class='ocrx_word' id='word_1_110' title='bbox 3614 629 3711 679; x_wconf 82' lang='grc' dir='ltr'>τοῦ</span> <span class='ocrx_word' id='word_1_111' title='bbox 3777 641 3910 698; x_wconf 87' lang='grc' dir='ltr'>πρε-</span> 
     </span>
    </p>
   </div>
   <div class='ocr_carea' id='block_1_21' title="bbox 2263 709 3908 797">
    <p class='ocr_par' dir='ltr' id='par_1_21' title="bbox 2263 709 3908 797">
     <span class='ocr_line' id='line_1_21' title="bbox 2263 709 3908 797; baseline -0.007 -23"><span class='ocrx_word' id='word_1_112' title='bbox 2263 714 2531 797; x_wconf 63' lang='grc' dir='ltr'>σϐυτερου,</span> <span class='ocrx_word' id='word_1_113' title='bbox 2577 717 2628 784; x_wconf 80' lang='grc' dir='ltr'>ἐξ</span> <span class='ocrx_word' id='word_1_114' title='bbox 2684 720 2943 789; x_wconf 76' lang='grc' dir='ltr'>αἰτήσεως</span> <span class='ocrx_word' id='word_1_115' title='bbox 3015 717 3314 797; x_wconf 71' lang='grc' dir='ltr'>Νικηφόρου</span> <span class='ocrx_word' id='word_1_116' title='bbox 3387 715 3551 787; x_wconf 80' lang='grc' dir='ltr'>τινὸς,</span> <span class='ocrx_word' id='word_1_117' title='bbox 3616 709 3908 787; x_wconf 73' lang='grc' dir='ltr'>ποιμενᾶρ-</span> 
     </span>
    </p>
   </div>
   <div class='ocr_carea' id='block_1_22' title="bbox 2261 799 3906 889">
    <p class='ocr_par' dir='ltr' id='par_1_22' title="bbox 2261 799 3906 889">
     <span class='ocr_line' id='line_1_22' title="bbox 2261 799 3906 889; baseline -0.005 -26"><span class='ocrx_word' id='word_1_118' title='bbox 2261 829 2366 885; x_wconf 88' lang='grc' dir='ltr'>χου</span> <span class='ocrx_word' id='word_1_119' title='bbox 2432 809 2836 889; x_wconf 79' lang='grc' dir='ltr'>Νεοκαισαρείας</span> <span class='ocrx_word' id='word_1_120' title='bbox 2919 809 3300 887; x_wconf 75' lang='grc' dir='ltr'>τυγχάνοντος,</span> <span class='ocrx_word' id='word_1_121' title='bbox 3389 802 3727 876; x_wconf 80' lang='grc' dir='ltr'>δικαστήριον</span> <span class='ocrx_word' id='word_1_122' title='bbox 3809 799 3906 855; x_wconf 79' lang='grc' dir='ltr'>ἆν-</span> 
     </span>
    </p>
   </div>
   <div class='ocr_carea' id='block_1_23' title="bbox 2262 891 3906 977">
    <p class='ocr_par' dir='ltr' id='par_1_23' title="bbox 2262 891 3906 977">
     <span class='ocr_line' id='line_1_23' title="bbox 2262 891 3906 977; baseline -0.005 -25"><span class='ocrx_word' id='word_1_123' title='bbox 2262 896 2389 963; x_wconf 83' lang='grc' dir='ltr'>ἐστη</span> <span class='ocrx_word' id='word_1_124' title='bbox 2421 897 2704 976; x_wconf 77' lang='grc' dir='ltr'>συμμιγὲς,</span> <span class='ocrx_word' id='word_1_125' title='bbox 2737 896 2797 954; x_wconf 79' lang='grc' dir='ltr'>ἔκ</span> <span class='ocrx_word' id='word_1_126' title='bbox 2825 919 2881 953; x_wconf 88' lang='grc' dir='ltr'>τε</span> <span class='ocrx_word' id='word_1_127' title='bbox 2931 896 3246 977; x_wconf 79' lang='grc' dir='ltr'>ἀρχιερέων,</span> <span class='ocrx_word' id='word_1_128' title='bbox 3292 895 3379 950; x_wconf 85' lang='grc' dir='ltr'>καὶ</span> <span class='ocrx_word' id='word_1_129' title='bbox 3420 891 3720 970; x_wconf 80' lang='grc' dir='ltr'>ἰελλογίμων</span> <span class='ocrx_word' id='word_1_130' title='bbox 3776 911 3906 965; x_wconf 87' lang='grc' dir='ltr'>συγ-</span> 
     </span>
    </p>
   </div>
   <div class='ocr_carea' id='block_1_24' title="bbox 2261 977 3906 1066">
    <p class='ocr_par' dir='ltr' id='par_1_24' title="bbox 2261 977 3906 1066">
     <span class='ocr_line' id='line_1_24' title="bbox 2261 977 3906 1066; baseline -0.007 -24"><span class='ocrx_word' id='word_1_131' title='bbox 2261 985 2546 1061; x_wconf 79' lang='grc' dir='ltr'>κλητινῶν,</span> <span class='ocrx_word' id='word_1_132' title='bbox 2608 987 3008 1066; x_wconf 79' lang='grc' dir='ltr'>προκαθημένου</span> <span class='ocrx_word' id='word_1_133' title='bbox 3081 988 3168 1041; x_wconf 85' lang='grc' dir='ltr'>καὶ</span> <span class='ocrx_word' id='word_1_134' title='bbox 3224 984 3380 1041; x_wconf 76' lang='grc' dir='ltr'>αὒτοῦ</span> <span class='ocrx_word' id='word_1_135' title='bbox 3465 987 3559 1038; x_wconf 83' lang='grc' dir='ltr'>τοῦ</span> <span class='ocrx_word' id='word_1_136' title='bbox 3633 977 3906 1066; x_wconf 87' lang='grc' dir='ltr'>εἰρημένου</span> 
     </span>
    </p>
   </div>
   <div class='ocr_carea' id='block_1_25' title="bbox 2261 1065 3904 1154">
    <p class='ocr_par' dir='ltr' id='par_1_25' title="bbox 2261 1065 3904 1154">
     <span class='ocr_line' id='line_1_25' title="bbox 2261 1065 3904 1154; baseline -0.005 -25"><span class='ocrx_word' id='word_1_137' title='bbox 2261 1076 2612 1154; x_wconf 75' lang='grc' dir='ltr'>πατριάρχου.</span> <span class='ocrx_word' id='word_1_138' title='bbox 2653 1065 2766 1134; x_wconf 70' lang='grc' dir='ltr'>Καὶ</span> <span class='ocrx_word' id='word_1_139' title='bbox 2811 1078 2846 1144; x_wconf 76' lang='grc' dir='ltr'>ἡ</span> <span class='ocrx_word' id='word_1_140' title='bbox 2905 1081 3103 1132; x_wconf 83' lang='grc' dir='ltr'>νικῶσα</span> <span class='ocrx_word' id='word_1_141' title='bbox 3147 1081 3219 1147; x_wconf 87' lang='grc' dir='ltr'>εῷ</span> <span class='ocrx_word' id='word_1_142' title='bbox 3276 1067 3648 1150; x_wconf 71' lang='grc' dir='ltr'>μητροπολίτῃ</span> <span class='ocrx_word' id='word_1_143' title='bbox 3704 1065 3856 1130; x_wconf 77' lang='grc' dir='ltr'>ἐδόθη</span> <span class='ocrx_word' id='word_1_144' title='bbox 3889 1083 3904 1100; x_wconf 80' lang='grc'><strong>⁸</strong></span> 
     </span>
    </p>
   </div>
   <div class='ocr_carea' id='block_1_26' title="bbox 2261 1155 3903 1242">
    <p class='ocr_par' dir='ltr' id='par_1_26' title="bbox 2261 1155 3903 1242">
     <span class='ocr_line' id='line_1_26' title="bbox 2261 1155 3903 1242; baseline -0.009 -19"><span class='ocrx_word' id='word_1_145' title='bbox 2261 1163 2543 1241; x_wconf 80' lang='grc' dir='ltr'>παρίστησι</span> <span class='ocrx_word' id='word_1_146' title='bbox 2627 1167 2780 1220; x_wconf 74' lang='grc' dir='ltr'>τοῦτο</span> <span class='ocrx_word' id='word_1_147' title='bbox 2870 1171 3090 1242; x_wconf 83' lang='grc' dir='ltr'>τρανῶς.</span> <span class='ocrx_word' id='word_1_148' title='bbox 3178 1164 3238 1218; x_wconf 86' lang='grc' dir='ltr'>τὸ</span> <span class='ocrx_word' id='word_1_149' title='bbox 3320 1166 3424 1216; x_wconf 83' lang='grc' dir='ltr'>τῶν</span> <span class='ocrx_word' id='word_1_150' title='bbox 3509 1155 3903 1214; x_wconf 84' lang='grc' dir='ltr'>δικαιωσάντων</span> 
     </span>
    </p>
   </div>
   <div class='ocr_carea' id='block_1_27' title="bbox 2262 1245 3905 1328">
    <p class='ocr_par' dir='ltr' id='par_1_27' title="bbox 2262 1245 3905 1328">
     <span class='ocr_line' id='line_1_27' title="bbox 2262 1245 3905 1328; baseline -0.004 -20"><span class='ocrx_word' id='word_1_151' title='bbox 2262 1253 2570 1328; x_wconf 78' lang='grc' dir='ltr'>σημείωμα,</span> <span class='ocrx_word' id='word_1_152' title='bbox 2630 1255 2717 1310; x_wconf 89' lang='grc' dir='ltr'>καὶ</span> <span class='ocrx_word' id='word_1_153' title='bbox 2768 1254 3062 1328; x_wconf 79' lang='grc' dir='ltr'>ὑπόμνημα</span> <span class='ocrx_word' id='word_1_154' title='bbox 3102 1257 3194 1308; x_wconf 80' lang='grc' dir='ltr'>τοῦ</span> <span class='ocrx_word' id='word_1_155' title='bbox 3237 1248 3482 1328; x_wconf 73' lang='grc' dir='ltr'>ῥηθέντος</span> <span class='ocrx_word' id='word_1_156' title='bbox 3549 1245 3905 1328; x_wconf 73' lang='grc' dir='ltr'>πατριάρχου,</span> 
     </span>
    </p>
   </div>
   <div class='ocr_carea' id='block_1_28' title="bbox 2261 1325 3908 1420">
    <p class='ocr_par' dir='ltr' id='par_1_28' title="bbox 2261 1325 3908 1420">
     <span class='ocr_line' id='line_1_28' title="bbox 2261 1325 3908 1420; baseline 0.005 -25"><span class='ocrx_word' id='word_1_157' title='bbox 2261 1325 2348 1396; x_wconf 75' lang='grc' dir='ltr'>καί</span> <span class='ocrx_word' id='word_1_158' title='bbox 2417 1325 2802 1420; x_wconf 78' lang='grc' dir='ltr'>χρυσόϐουλλος</span> <span class='ocrx_word' id='word_1_159' title='bbox 2872 1325 3030 1418; x_wconf 79' lang='grc' dir='ltr'>λόγος</span> <span class='ocrx_word' id='word_1_160' title='bbox 3092 1346 3198 1396; x_wconf 83' lang='grc' dir='ltr'>τῶν</span> <span class='ocrx_word' id='word_1_161' title='bbox 3239 1325 3536 1414; x_wconf 67' lang='grc' dir='ltr'>⁷βαςιλέων,</span> <span class='ocrx_word' id='word_1_162' title='bbox 3616 1325 3908 1409; x_wconf 57' lang='grc' dir='ltr'>Ῥωμανοῦν</span> 
     </span>
    </p>
   </div>
   <div class='ocr_carea' id='block_1_29' title="bbox 2265 1423 3912 1514">
    <p class='ocr_par' dir='ltr' id='par_1_29' title="bbox 2265 1423 3912 1514">
     <span class='ocr_line' id='line_1_29' title="bbox 2265 1423 3912 1514; baseline -0.002 -26"><span class='ocrx_word' id='word_1_163' title='bbox 2265 1435 2639 1514; x_wconf 71' lang='grc' dir='ltr'>Χριστοφόρου,</span> <span class='ocrx_word' id='word_1_164' title='bbox 2723 1435 2810 1490; x_wconf 83' lang='grc' dir='ltr'>καὶ</span> <span class='ocrx_word' id='word_1_165' title='bbox 2892 1431 3305 1503; x_wconf 79' lang='grc' dir='ltr'>Κωνσταντίνου,</span> <span class='ocrx_word' id='word_1_166' title='bbox 3391 1427 3784 1508; x_wconf 71' lang='grc' dir='ltr'>ὲπισφραγίζων</span> <span class='ocrx_word' id='word_1_167' title='bbox 3849 1423 3912 1477; x_wconf 66' lang='grc' dir='ltr'>τὰ</span> 
     </span>
    </p>
   </div>
   <div class='ocr_carea' id='block_1_30' title="bbox 2261 1512 3908 1600">
    <p class='ocr_par' dir='ltr' id='par_1_30' title="bbox 2261 1512 3908 1600">
     <span class='ocr_line' id='line_1_30' title="bbox 2261 1512 3908 1600; baseline 0.001 -24"><span class='ocrx_word' id='word_1_168' title='bbox 2261 1522 2565 1600; x_wconf 87' lang='grc' dir='ltr'>κεκριμένα.</span> <span class='ocrx_word' id='word_1_169' title='bbox 2601 1512 2700 1579; x_wconf 71' lang='grc' dir='ltr'>Καὶ</span> <span class='ocrx_word' id='word_1_170' title='bbox 2743 1521 2984 1594; x_wconf 86' lang='grc' dir='ltr'>εἰκότως,</span> <span class='ocrx_word' id='word_1_171' title='bbox 3045 1519 3300 1599; x_wconf 78' lang='grc' dir='ltr'>φιλάγαθε</span> <span class='ocrx_word' id='word_1_172' title='bbox 3360 1515 3600 1594; x_wconf 81' lang='grc' dir='ltr'>βασιλεῦ.</span> <span class='ocrx_word' id='word_1_173' title='bbox 3681 1514 3752 1570; x_wconf 78' lang='grc' dir='ltr'>Τὸ</span> <span class='ocrx_word' id='word_1_174' title='bbox 3811 1512 3908 1600; x_wconf 79' lang='grc' dir='ltr'>γὰρ</span> 
     </span>
    </p>
   </div>
   <div class='ocr_carea' id='block_1_31' title="bbox 2261 1599 3911 1688">
    <p class='ocr_par' dir='ltr' id='par_1_31' title="bbox 2261 1599 3911 1688">
     <span class='ocr_line' id='line_1_31' title="bbox 2261 1599 3911 1688; baseline -0.007 -23"><span class='ocrx_word' id='word_1_175' title='bbox 2261 1613 2438 1674; x_wconf 81' lang='grc' dir='ltr'>κακῶς</span> <span class='ocrx_word' id='word_1_176' title='bbox 2496 1609 2803 1688; x_wconf 88' lang='grc' dir='ltr'>γενόμενον,</span> <span class='ocrx_word' id='word_1_177' title='bbox 2878 1609 2992 1667; x_wconf 85' lang='grc' dir='ltr'>δέον</span> <span class='ocrx_word' id='word_1_178' title='bbox 3057 1607 3398 1688; x_wconf 85' lang='grc' dir='ltr'>διορθωθῆναι</span> <span class='ocrx_word' id='word_1_179' title='bbox 3484 1603 3690 1667; x_wconf 86' lang='grc' dir='ltr'>καλῶς.</span> <span class='ocrx_word' id='word_1_180' title='bbox 3764 1599 3911 1658; x_wconf 79' lang='grc' dir='ltr'>Οὕτω</span> 
     </span>
    </p>
   </div>
   <div class='ocr_carea' id='block_1_32' title="bbox 2262 1688 3909 1780">
    <p class='ocr_par' dir='ltr' id='par_1_32' title="bbox 2262 1688 3909 1780">
     <span class='ocr_line' id='line_1_32' title="bbox 2262 1688 3909 1780; baseline -0.007 -26"><span class='ocrx_word' id='word_1_181' title='bbox 2262 1705 2454 1779; x_wconf 74' lang='grc' dir='ltr'>φρονῶ.</span> <span class='ocrx_word' id='word_1_182' title='bbox 2531 1699 2707 1763; x_wconf 70' lang='grc' dir='ltr'>Οὕτως</span> <span class='ocrx_word' id='word_1_183' title='bbox 2794 1699 3170 1780; x_wconf 67' lang='grc' dir='ltr'>ἀποφαίνομαι,</span> <span class='ocrx_word' id='word_1_184' title='bbox 3231 1709 3353 1759; x_wconf 74' lang='grc' dir='ltr'>ταῖς</span> <span class='ocrx_word' id='word_1_185' title='bbox 3423 1688 3909 1773; x_wconf 85' lang='grc' dir='ltr'>πατροπαραδότοις</span> 
     </span>
    </p>
   </div>
   <div class='ocr_carea' id='block_1_33' title="bbox 2261 1778 3911 1866">
    <p class='ocr_par' dir='ltr' id='par_1_33' title="bbox 2261 1778 3911 1866">
     <span class='ocr_line' id='line_1_33' title="bbox 2261 1778 3911 1866; baseline -0.005 -25"><span class='ocrx_word' id='word_1_186' title='bbox 2261 1778 2615 1853; x_wconf 68' lang='grc' dir='ltr'>διδασκαλίαις</span> <span class='ocrx_word' id='word_1_187' title='bbox 2671 1795 2776 1844; x_wconf 82' lang='grc' dir='ltr'>τῶν</span> <span class='ocrx_word' id='word_1_188' title='bbox 2831 1778 2992 1865; x_wconf 80' lang='grc' dir='ltr'>ἁγίων</span> <span class='ocrx_word' id='word_1_189' title='bbox 3066 1787 3326 1866; x_wconf 71' lang='grc' dir='ltr'>θεοφόρων</span> <span class='ocrx_word' id='word_1_190' title='bbox 3410 1782 3662 1862; x_wconf 84' lang='grc' dir='ltr'>Πατέρων</span> <span class='ocrx_word' id='word_1_191' title='bbox 3721 1778 3911 1854; x_wconf 75' lang='grc' dir='ltr'>ἑπόμε-</span> 
     </span>
    </p>
   </div>
   <div class='ocr_carea' id='block_1_34' title="bbox 531 1866 2181 1956">
    <p class='ocr_par' dir='ltr' id='par_1_34' title="bbox 531 1866 2180 1956">
     <span class='ocr_line' id='line_1_34' title="bbox 531 1866 2180 1956; baseline 0.002 -33"><span class='ocrx_word' id='word_1_192' title='bbox 531 1881 738 1956; x_wconf 83' lang='lat' dir='ltr'>_manus</span> <span class='ocrx_word' id='word_1_193' title='bbox 768 1866 1030 1956; x_wconf 80' lang='lat' dir='ltr'>acceptis</span> <span class='ocrx_word' id='word_1_194' title='bbox 1061 1876 1400 1928; x_wconf 90' lang='lat' dir='ltr'>sanctorum</span> <span class='ocrx_word' id='word_1_195' title='bbox 1427 1868 1877 1948; x_wconf 84' lang='lat' dir='ltr'>afﬂatorumque</span> <span class='ocrx_word' id='word_1_196' title='bbox 1899 1866 2180 1928; x_wconf 88' lang='lat' dir='ltr'>divinitus</span> 
     </span>
    </p>
   </div>
   <div class='ocr_carea' id='block_1_35' title="bbox 2266 1866 3915 1956">
    <p class='ocr_par' dir='ltr' id='par_1_35' title="bbox 2266 1867 3915 1956">
     <span class='ocr_line' id='line_1_35' title="bbox 2266 1867 3915 1956; baseline -0.005 -25"><span class='ocrx_word' id='word_1_197' title='bbox 2266 1897 2374 1944; x_wconf 81' lang='grc' dir='ltr'>νος,</span> <span class='ocrx_word' id='word_1_198' title='bbox 2436 1879 2522 1932; x_wconf 86' lang='grc' dir='ltr'>καὶ</span> <span class='ocrx_word' id='word_1_199' title='bbox 2576 1890 2694 1939; x_wconf 79' lang='grc' dir='ltr'>τοῖς</span> <span class='ocrx_word' id='word_1_200' title='bbox 2749 1881 2911 1956; x_wconf 75' lang='grc' dir='ltr'>ἱεροῖς</span> <span class='ocrx_word' id='word_1_201' title='bbox 2969 1876 3058 1934; x_wconf 83' lang='grc' dir='ltr'>καὶ</span> <span class='ocrx_word' id='word_1_202' title='bbox 3098 1876 3255 1940; x_wconf 87' lang='grc' dir='ltr'>θείοις</span> <span class='ocrx_word' id='word_1_203' title='bbox 3311 1873 3494 1931; x_wconf 90' lang='grc' dir='ltr'>κανόσι</span> <span class='ocrx_word' id='word_1_204' title='bbox 3549 1875 3811 1949; x_wconf 81' lang='grc' dir='ltr'>στοιχῶν,</span> <span class='ocrx_word' id='word_1_205' title='bbox 3846 1867 3915 1924; x_wconf 73' lang='grc' dir='ltr'>Οὐ</span> 
     </span>
    </p>
   </div>
   <div class='ocr_carea' id='block_1_36' title="bbox 527 1951 2175 2034">
    <p class='ocr_par' dir='ltr' id='par_1_36' title="bbox 527 1951 2175 2034">
     <span class='ocr_line' id='line_1_36' title="bbox 527 1951 2175 2034; baseline 0.002 -21"><span class='ocrx_word' id='word_1_206' title='bbox 527 1951 767 2013; x_wconf 89' lang='lat' dir='ltr'>Patrum</span> <span class='ocrx_word' id='word_1_207' title='bbox 799 1952 1178 2030; x_wconf 86' lang='lat' dir='ltr'>insistens,et</span> <span class='ocrx_word' id='word_1_208' title='bbox 1195 1963 1605 2018; x_wconf 88' lang='lat' dir='ltr'>sacrosanctos</span> <span class='ocrx_word' id='word_1_209' title='bbox 1622 1974 1879 2017; x_wconf 90' lang='lat' dir='ltr'>canones</span> <span class='ocrx_word' id='word_1_210' title='bbox 1901 1973 2175 2034; x_wconf 91' lang='lat' dir='ltr'>sequens.</span> 
     </span>
    </p>
   </div>
   <div class='ocr_carea' id='block_1_37' title="bbox 523 2039 2182 2125">
    <p class='ocr_par' dir='ltr' id='par_1_37' title="bbox 523 2039 2182 2125">
     <span class='ocr_line' id='line_1_37' title="bbox 523 2039 2182 2125; baseline 0.002 -25"><span class='ocrx_word' id='word_1_211' title='bbox 523 2039 648 2102; x_wconf 86' lang='lat' dir='ltr'>Nec</span> <span class='ocrx_word' id='word_1_212' title='bbox 680 2041 841 2102; x_wconf 92' lang='lat' dir='ltr'>enim</span> <span class='ocrx_word' id='word_1_213' title='bbox 873 2051 1169 2120; x_wconf 90' lang='lat' dir='ltr'>sanctum,</span> <span class='ocrx_word' id='word_1_214' title='bbox 1205 2063 1316 2106; x_wconf 91' lang='lat' dir='ltr'>nec</span> <span class='ocrx_word' id='word_1_215' title='bbox 1349 2046 1576 2125; x_wconf 90' lang='lat' dir='ltr'>justum</span> <span class='ocrx_word' id='word_1_216' title='bbox 1623 2046 1811 2118; x_wconf 88' lang='lat' dir='ltr'>duco;</span> <span class='ocrx_word' id='word_1_217' title='bbox 1843 2044 1996 2124; x_wconf 88' lang='lat' dir='ltr'>quod</span> <span class='ocrx_word' id='word_1_218' title='bbox 2021 2045 2182 2122; x_wconf 89' lang='lat' dir='ltr'>juste</span> 
     </span>
    </p>
   </div>
   <div class='ocr_carea' id='block_1_38' title="bbox 2263 1958 3916 2044">
    <p class='ocr_par' dir='ltr' id='par_1_38' title="bbox 2263 1958 3916 2044">
     <span class='ocr_line' id='line_1_38' title="bbox 2263 1958 3916 2044; baseline -0.006 -24"><span class='ocrx_word' id='word_1_219' title='bbox 2263 1965 2362 2043; x_wconf 81' lang='grc' dir='ltr'>γὰρ</span> <span class='ocrx_word' id='word_1_220' title='bbox 2406 1963 2572 2044; x_wconf 84' lang='grc' dir='ltr'>ὅσιον,</span> <span class='ocrx_word' id='word_1_221' title='bbox 2635 1964 2748 2022; x_wconf 68' lang='grc' dir='ltr'>οὐδὲ</span> <span class='ocrx_word' id='word_1_222' title='bbox 2805 1963 3000 2021; x_wconf 66' lang='grc' dir='ltr'>δίκαιοι</span> <span class='ocrx_word' id='word_1_223' title='bbox 3055 1963 3287 2042; x_wconf 70' lang='grc' dir='ltr'>ἥγημαι,</span> <span class='ocrx_word' id='word_1_224' title='bbox 3347 1964 3408 2018; x_wconf 80' lang='grc' dir='ltr'>τὸ</span> <span class='ocrx_word' id='word_1_225' title='bbox 3453 1961 3531 2036; x_wconf 73' lang='grc' dir='ltr'>μὴ</span> <span class='ocrx_word' id='word_1_226' title='bbox 3592 1958 3806 2022; x_wconf 85' lang='grc' dir='ltr'>δικαίως</span> <span class='ocrx_word' id='word_1_227' title='bbox 3861 1975 3916 2011; x_wconf 85' lang='grc' dir='ltr'>τε</span> 
     </span>
    </p>
   </div>
   <div class='ocr_carea' id='block_1_39' title="bbox 2264 2049 3916 2133">
    <p class='ocr_par' dir='ltr' id='par_1_39' title="bbox 2264 2049 3916 2133">
     <span class='ocr_line' id='line_1_39' title="bbox 2264 2049 3916 2133; baseline -0.007 -23"><span class='ocrx_word' id='word_1_228' title='bbox 2264 2056 2350 2110; x_wconf 86' lang='grc' dir='ltr'>καὶ</span> <span class='ocrx_word' id='word_1_229' title='bbox 2394 2055 2550 2118; x_wconf 79' lang='grc' dir='ltr'>ὁσίως</span> <span class='ocrx_word' id='word_1_230' title='bbox 2609 2057 2891 2133; x_wconf 89' lang='grc' dir='ltr'>γενόμενον</span> <span class='ocrx_word' id='word_1_231' title='bbox 2925 2070 2940 2086; x_wconf 82' lang='grc'><strong>⁸</strong></span> <span class='ocrx_word' id='word_1_232' title='bbox 3003 2055 3187 2111; x_wconf 69' lang='grc' dir='ltr'>οὐκοῦν</span> <span class='ocrx_word' id='word_1_233' title='bbox 3231 2050 3346 2109; x_wconf 67' lang='grc' dir='ltr'>οὒδὲ</span> <span class='ocrx_word' id='word_1_234' title='bbox 3395 2049 3630 2130; x_wconf 76' lang='grc' dir='ltr'>πέφρικα</span> <span class='ocrx_word' id='word_1_235' title='bbox 3666 2049 3760 2109; x_wconf 71' lang='grc' dir='ltr'>τὰς</span> <span class='ocrx_word' id='word_1_236' title='bbox 3815 2051 3916 2101; x_wconf 81' lang='grc' dir='ltr'>τῶν</span> 
     </span>
    </p>
   </div>
   <div class='ocr_carea' id='block_1_40' title="bbox 529 2131 2181 2223">
    <p class='ocr_par' dir='ltr' id='par_1_40' title="bbox 529 2131 2180 2223">
     <span class='ocr_line' id='line_1_40' title="bbox 529 2131 2180 2223; baseline 0.001 -34"><span class='ocrx_word' id='word_1_237' title='bbox 529 2137 856 2223; x_wconf 80' lang='lat' dir='ltr'>sancteque</span> <span class='ocrx_word' id='word_1_238' title='bbox 875 2131 1092 2193; x_wconf 87' lang='lat' dir='ltr'>factum</span> <span class='ocrx_word' id='word_1_239' title='bbox 1128 2153 1242 2194; x_wconf 92' lang='lat' dir='ltr'>non</span> <span class='ocrx_word' id='word_1_240' title='bbox 1292 2143 1400 2197; x_wconf 90' lang='lat' dir='ltr'>est.</span> <span class='ocrx_word' id='word_1_241' title='bbox 1458 2134 1587 2195; x_wconf 87' lang='lat' dir='ltr'>Non</span> <span class='ocrx_word' id='word_1_242' title='bbox 1633 2134 1810 2195; x_wconf 89' lang='lat' dir='ltr'>etiam</span> <span class='ocrx_word' id='word_1_243' title='bbox 1862 2133 2180 2193; x_wconf 88' lang='lat' dir='ltr'>multorum</span> 
     </span>
    </p>
   </div>
   <div class='ocr_carea' id='block_1_41' title="bbox 2266 2131 3917 2223">
    <p class='ocr_par' dir='ltr' id='par_1_41' title="bbox 2266 2131 3917 2223">
     <span class='ocr_line' id='line_1_41' title="bbox 2266 2131 3917 2223; baseline -0.007 -23"><span class='ocrx_word' id='word_1_244' title='bbox 2266 2141 2479 2200; x_wconf 79' lang='grc' dir='ltr'>πολλῶν</span> <span class='ocrx_word' id='word_1_245' title='bbox 2520 2131 2838 2223; x_wconf 73' lang='grc' dir='ltr'>ὑπολήψεις,</span> <span class='ocrx_word' id='word_1_246' title='bbox 2899 2141 3178 2208; x_wconf 77' lang='grc' dir='ltr'>ἀξιούντων</span> <span class='ocrx_word' id='word_1_247' title='bbox 3243 2163 3310 2216; x_wconf 89' lang='grc' dir='ltr'>με</span> <span class='ocrx_word' id='word_1_248' title='bbox 3367 2145 3474 2195; x_wconf 82' lang='grc' dir='ltr'>τῶν</span> <span class='ocrx_word' id='word_1_249' title='bbox 3531 2137 3629 2205; x_wconf 71' lang='grc' dir='ltr'>τῆς</span> <span class='ocrx_word' id='word_1_250' title='bbox 3674 2136 3734 2192; x_wconf 83' lang='grc' dir='ltr'>ἐκ</span> <span class='ocrx_word' id='word_1_251' title='bbox 3790 2140 3917 2190; x_wconf 75' lang='grc' dir='ltr'>Θεοῦ</span> 
     </span>
    </p>
   </div>
   <div class='ocr_carea' id='block_1_42' title="bbox 533 2217 2181 2307">
    <p class='ocr_par' dir='ltr' id='par_1_42' title="bbox 533 2217 2181 2307">
     <span class='ocr_line' id='line_1_42' title="bbox 533 2217 2181 2307; baseline -0.001 -28"><span class='ocrx_word' id='word_1_252' title='bbox 533 2217 846 2307; x_wconf 87' lang='lat' dir='ltr'>opiniones</span> <span class='ocrx_word' id='word_1_253' title='bbox 901 2229 1124 2297; x_wconf 88' lang='lat' dir='ltr'>metuo,</span> <span class='ocrx_word' id='word_1_254' title='bbox 1181 2223 1284 2303; x_wconf 91' lang='lat' dir='ltr'>qui</span> <span class='ocrx_word' id='word_1_255' title='bbox 1332 2243 1428 2284; x_wconf 93' lang='lat' dir='ltr'>me</span> <span class='ocrx_word' id='word_1_256' title='bbox 1470 2223 1670 2284; x_wconf 91' lang='lat' dir='ltr'>volunt</span> <span class='ocrx_word' id='word_1_257' title='bbox 1703 2240 2007 2284; x_wconf 60' lang='lat' dir='ltr'>concessae</span> <span class='ocrx_word' id='word_1_258' title='bbox 2040 2218 2181 2281; x_wconf 87' lang='lat' dir='ltr'>mihi</span> 
     </span>
    </p>
   </div>
   <div class='ocr_carea' id='block_1_43' title="bbox 2266 2217 3914 2307">
    <p class='ocr_par' dir='ltr' id='par_1_43' title="bbox 2266 2217 3914 2307">
     <span class='ocr_line' id='line_1_43' title="bbox 2266 2217 3914 2307; baseline -0.001 -21"><span class='ocrx_word' id='word_1_259' title='bbox 2266 2229 2548 2298; x_wconf 71' lang='grc' dir='ltr'>δεδομένης</span> <span class='ocrx_word' id='word_1_260' title='bbox 2607 2217 2719 2307; x_wconf 12' lang='grc' dir='ltr'>μοιή</span> <span class='ocrx_word' id='word_1_261' title='bbox 2751 2217 3036 2298; x_wconf 64' lang='grc' dir='ltr'>ἔκκλησίας</span> <span class='ocrx_word' id='word_1_262' title='bbox 3095 2231 3479 2288; x_wconf 73' lang='grc' dir='ltr'>ἀντιποιεῖσθαι</span> <span class='ocrx_word' id='word_1_263' title='bbox 3538 2229 3630 2283; x_wconf 83' lang='grc' dir='ltr'>καὶ</span> <span class='ocrx_word' id='word_1_264' title='bbox 3696 2223 3774 2300; x_wconf 66' lang='grc' dir='ltr'>μή</span> <span class='ocrx_word' id='word_1_265' title='bbox 3814 2245 3914 2279; x_wconf 81' lang='grc' dir='ltr'>κα·-</span> 
     </span>
    </p>
   </div>
   <div class='ocr_carea' id='block_1_44' title="bbox 531 2306 2181 2400">
    <p class='ocr_par' dir='ltr' id='par_1_44' title="bbox 531 2306 2178 2392">
     <span class='ocr_line' id='line_1_44' title="bbox 531 2306 2178 2392; baseline 0.001 -25"><span class='ocrx_word' id='word_1_266' title='bbox 531 2306 816 2370; x_wconf 85' lang='lat' dir='ltr'>divinitus</span> <span class='ocrx_word' id='word_1_267' title='bbox 834 2308 1115 2372; x_wconf 73' lang='lat' dir='ltr'>Ecclesiae</span> <span class='ocrx_word' id='word_1_268' title='bbox 1141 2311 1590 2392; x_wconf 84' lang='lat' dir='ltr'>privilegiorum</span> <span class='ocrx_word' id='word_1_269' title='bbox 1617 2313 1907 2374; x_wconf 87' lang='lat' dir='ltr'>rationem</span> <span class='ocrx_word' id='word_1_270' title='bbox 1933 2310 2178 2382; x_wconf 84' lang='lat' dir='ltr'>habere,</span> 
     </span>
    </p>
   </div>
   <div class='ocr_carea' id='block_1_45' title="bbox 2266 2306 3911 2400">
    <p class='ocr_par' dir='ltr' id='par_1_45' title="bbox 2267 2315 3911 2400">
     <span class='ocr_line' id='line_1_45' title="bbox 2267 2315 3911 2400; baseline -0.002 -24"><span class='ocrx_word' id='word_1_271' title='bbox 2267 2319 2518 2395; x_wconf 82' lang='grc' dir='ltr'>ταμελεϊν</span> <span class='ocrx_word' id='word_1_272' title='bbox 2577 2323 2894 2400; x_wconf 84' lang='grc' dir='ltr'>προνομίων,</span> <span class='ocrx_word' id='word_1_273' title='bbox 2956 2322 3044 2377; x_wconf 89' lang='grc' dir='ltr'>καὶ</span> <span class='ocrx_word' id='word_1_274' title='bbox 3101 2319 3334 2382; x_wconf 75' lang='grc' dir='ltr'>εὒκόλως</span> <span class='ocrx_word' id='word_1_275' title='bbox 3389 2329 3556 2377; x_wconf 80' lang='grc' dir='ltr'>ταῦτα</span> <span class='ocrx_word' id='word_1_276' title='bbox 3619 2315 3911 2396; x_wconf 76' lang='grc' dir='ltr'>προΐεσθαι.</span> 
     </span>
    </p>
   </div>
   <div class='ocr_carea' id='block_1_46' title="bbox 533 2397 2181 2490">
    <p class='ocr_par' dir='ltr' id='par_1_46' title="bbox 533 2397 2181 2479">
     <span class='ocr_line' id='line_1_46' title="bbox 533 2397 2181 2479; baseline -0.001 -23"><span class='ocrx_word' id='word_1_277' title='bbox 533 2415 646 2458; x_wconf 91' lang='lat' dir='ltr'>nec</span> <span class='ocrx_word' id='word_1_278' title='bbox 678 2415 748 2457; x_wconf 90' lang='lat' dir='ltr'>ea</span> <span class='ocrx_word' id='word_1_279' title='bbox 779 2399 869 2459; x_wconf 86' lang='lat' dir='ltr'>vel</span> <span class='ocrx_word' id='word_1_280' title='bbox 892 2400 1312 2478; x_wconf 79' lang='lat' dir='ltr'>negligere,vel</span> <span class='ocrx_word' id='word_1_281' title='bbox 1333 2411 1554 2463; x_wconf 80' lang='lat' dir='ltr'>temere</span> <span class='ocrx_word' id='word_1_282' title='bbox 1589 2398 1999 2479; x_wconf 83' lang='lat' dir='ltr'>prodere.Non</span> <span class='ocrx_word' id='word_1_283' title='bbox 2023 2397 2181 2458; x_wconf 91' lang='lat' dir='ltr'>enim</span> 
     </span>
    </p>
   </div>
   <div class='ocr_carea' id='block_1_47' title="bbox 2266 2397 3911 2490">
    <p class='ocr_par' dir='ltr' id='par_1_47' title="bbox 2269 2397 3911 2490">
     <span class='ocr_line' id='line_1_47' title="bbox 2269 2397 3911 2490; baseline -0.006 -25"><span class='ocrx_word' id='word_1_284' title='bbox 2269 2409 2340 2465; x_wconf 69' lang='lat'>0&#39;3</span> <span class='ocrx_word' id='word_1_285' title='bbox 2409 2410 2508 2489; x_wconf 84' lang='grc' dir='ltr'>γάρ</span> <span class='ocrx_word' id='word_1_286' title='bbox 2565 2397 2674 2466; x_wconf 72' lang='grc' dir='ltr'>ἐστι</span> <span class='ocrx_word' id='word_1_287' title='bbox 2738 2413 2844 2466; x_wconf 77' lang='grc' dir='ltr'>τῶν</span> <span class='ocrx_word' id='word_1_288' title='bbox 2900 2409 3223 2490; x_wconf 79' lang='grc' dir='ltr'>ἀρχιερέων,</span> <span class='ocrx_word' id='word_1_289' title='bbox 3284 2409 3356 2470; x_wconf 81' lang='grc' dir='ltr'>ὡς</span> <span class='ocrx_word' id='word_1_290' title='bbox 3427 2407 3724 2484; x_wconf 75' lang='grc' dir='ltr'>ἐπάναγκες</span> <span class='ocrx_word' id='word_1_291' title='bbox 3770 2401 3911 2458; x_wconf 77' lang='grc' dir='ltr'>εἰναι</span> 
     </span>
    </p>
   </div>
   <div class='ocr_carea' id='block_1_48' title="bbox 525 2485 2181 2576">
    <p class='ocr_par' dir='ltr' id='par_1_48' title="bbox 525 2485 2181 2576">
     <span class='ocr_line' id='line_1_48' title="bbox 525 2485 2181 2576; baseline -0.001 -30"><span class='ocrx_word' id='word_1_292' title='bbox 525 2485 643 2547; x_wconf 89' lang='lat' dir='ltr'>hoc</span> <span class='ocrx_word' id='word_1_293' title='bbox 674 2487 1018 2576; x_wconf 82' lang='lat' dir='ltr'>pontiﬁcum</span> <span class='ocrx_word' id='word_1_294' title='bbox 1053 2497 1161 2557; x_wconf 81' lang='lat' dir='ltr'>est,</span> <span class='ocrx_word' id='word_1_295' title='bbox 1211 2499 1275 2551; x_wconf 94' lang='lat' dir='ltr'>ut</span> <span class='ocrx_word' id='word_1_296' title='bbox 1311 2491 1647 2552; x_wconf 86' lang='lat' dir='ltr'>necessario</span> <span class='ocrx_word' id='word_1_297' title='bbox 1680 2497 1886 2570; x_wconf 89' lang='lat' dir='ltr'>putent</span> <span class='ocrx_word' id='word_1_298' title='bbox 1917 2485 2181 2576; x_wconf 73' lang='lat' dir='ltr'>ecclesiae</span> 
     </span>
    </p>
   </div>
   <div class='ocr_carea' id='block_1_49' title="bbox 2266 2485 3916 2576">
    <p class='ocr_par' dir='ltr' id='par_1_49' title="bbox 2267 2485 3916 2576">
     <span class='ocr_line' id='line_1_49' title="bbox 2267 2485 3916 2576; baseline 0 -24"><span class='ocrx_word' id='word_1_299' title='bbox 2267 2498 2373 2553; x_wconf 79' lang='grc' dir='ltr'>τῶν</span> <span class='ocrx_word' id='word_1_300' title='bbox 2598 2501 2791 2562; x_wconf 78' lang='grc' dir='ltr'>οἰκείας</span> <span class='ocrx_word' id='word_1_301' title='bbox 2875 2485 3162 2566; x_wconf 74' lang='grc' dir='ltr'>ἒκκλησίας</span> <span class='ocrx_word' id='word_1_302' title='bbox 3207 2485 3218 2490; x_wconf 37' lang='grc'>⁷</span> <span class='ocrx_word' id='word_1_303' title='bbox 3244 2497 3544 2576; x_wconf 86' lang='grc' dir='ltr'>προνομίων</span> <span class='ocrx_word' id='word_1_304' title='bbox 3630 2490 3916 2570; x_wconf 76' lang='grc' dir='ltr'>ἀδιαφόρως</span> 
     </span>
    </p>
   </div>
   <div class='ocr_carea' id='block_1_50' title="bbox 536 2575 2181 2666">
    <p class='ocr_par' dir='ltr' id='par_1_50' title="bbox 536 2575 2181 2656">
     <span class='ocr_line' id='line_1_50' title="bbox 536 2575 2181 2656; baseline -0.001 -21"><span class='ocrx_word' id='word_1_305' title='bbox 536 2591 660 2636; x_wconf 69' lang='lat' dir='ltr'>sure</span> <span class='ocrx_word' id='word_1_306' title='bbox 692 2575 996 2656; x_wconf 81' lang='lat' dir='ltr'>privilegia</span> <span class='ocrx_word' id='word_1_307' title='bbox 1049 2577 1161 2639; x_wconf 89' lang='lat' dir='ltr'>sibi</span> <span class='ocrx_word' id='word_1_308' title='bbox 1214 2578 1362 2641; x_wconf 89' lang='lat' dir='ltr'>citra</span> <span class='ocrx_word' id='word_1_309' title='bbox 1415 2579 1734 2641; x_wconf 87' lang='lat' dir='ltr'>discrimen</span> <span class='ocrx_word' id='word_1_310' title='bbox 1784 2575 2021 2649; x_wconf 88' lang='lat' dir='ltr'>tuenda,</span> <span class='ocrx_word' id='word_1_311' title='bbox 2074 2583 2181 2634; x_wconf 90' lang='lat' dir='ltr'>tam</span> 
     </span>
    </p>
   </div>
   <div class='ocr_carea' id='block_1_51' title="bbox 2266 2575 3917 2666">
    <p class='ocr_par' dir='ltr' id='par_1_51' title="bbox 2269 2575 3917 2666">
     <span class='ocr_line' id='line_1_51' title="bbox 2269 2575 3917 2666; baseline -0.005 -26"><span class='ocrx_word' id='word_1_312' title='bbox 2269 2585 2580 2666; x_wconf 79' lang='grc' dir='ltr'>ἀντέχεσθαι</span> <span class='ocrx_word' id='word_1_313' title='bbox 2633 2585 2840 2643; x_wconf 86' lang='grc' dir='ltr'>δικοίων</span> <span class='ocrx_word' id='word_1_314' title='bbox 2898 2608 2955 2643; x_wconf 89' lang='grc' dir='ltr'>τε</span> <span class='ocrx_word' id='word_1_315' title='bbox 3010 2586 3121 2661; x_wconf 74' lang='grc' dir='ltr'>ἅμα</span> <span class='ocrx_word' id='word_1_316' title='bbox 3175 2575 3295 2642; x_wconf 11' lang='grc' dir='ltr'>καὶγ</span> <span class='ocrx_word' id='word_1_317' title='bbox 3332 2584 3532 2642; x_wconf 80' lang='grc' dir='ltr'>ἀδίκων</span> <span class='ocrx_word' id='word_1_318' title='bbox 3569 2599 3583 2613; x_wconf 80' lang='grc'>⁸</span> <span class='ocrx_word' id='word_1_319' title='bbox 3667 2579 3803 2636; x_wconf 84' lang='grc' dir='ltr'>ἀλλὰ</span> <span class='ocrx_word' id='word_1_320' title='bbox 3856 2578 3917 2633; x_wconf 82' lang='grc' dir='ltr'>τὰ</span> 
     </span>
    </p>
   </div>
   <div class='ocr_carea' id='block_1_52' title="bbox 527 2665 2181 2755">
    <p class='ocr_par' dir='ltr' id='par_1_52' title="bbox 527 2665 2181 2755">
     <span class='ocr_line' id='line_1_52' title="bbox 527 2665 2181 2755; baseline -0.003 -24"><span class='ocrx_word' id='word_1_321' title='bbox 527 2667 716 2755; x_wconf 70' lang='lat' dir='ltr'>justa,</span> <span class='ocrx_word' id='word_1_322' title='bbox 753 2687 928 2749; x_wconf 88' lang='lat' dir='ltr'>quam</span> <span class='ocrx_word' id='word_1_323' title='bbox 986 2670 1206 2750; x_wconf 86' lang='lat' dir='ltr'>injusta</span> <span class='ocrx_word' id='word_1_324' title='bbox 1242 2692 1255 2731; x_wconf 93' lang='lat'>:</span> <span class='ocrx_word' id='word_1_325' title='bbox 1289 2671 1392 2732; x_wconf 92' lang='lat' dir='ltr'>sed</span> <span class='ocrx_word' id='word_1_326' title='bbox 1427 2691 1557 2752; x_wconf 64' lang='lat' dir='ltr'>quae</span> <span class='ocrx_word' id='word_1_327' title='bbox 1599 2671 1760 2750; x_wconf 85' lang='lat' dir='ltr'>justa</span> <span class='ocrx_word' id='word_1_328' title='bbox 1789 2677 1946 2741; x_wconf 90' lang='lat' dir='ltr'>sunt,</span> <span class='ocrx_word' id='word_1_329' title='bbox 2006 2665 2181 2727; x_wconf 85' lang='lat' dir='ltr'>invio</span> 
     </span>
    </p>
   </div>
   <div class='ocr_carea' id='block_1_53' title="bbox 2266 2665 3914 2755">
    <p class='ocr_par' dir='ltr' id='par_1_53' title="bbox 2272 2666 3914 2755">
     <span class='ocr_line' id='line_1_53' title="bbox 2272 2666 3914 2755; baseline -0.007 -25"><span class='ocrx_word' id='word_1_330' title='bbox 2272 2674 2368 2749; x_wconf 78' lang='grc' dir='ltr'>μὲν</span> <span class='ocrx_word' id='word_1_331' title='bbox 2439 2675 2609 2733; x_wconf 86' lang='grc' dir='ltr'>δίκαια</span> <span class='ocrx_word' id='word_1_332' title='bbox 2679 2675 2954 2755; x_wconf 73' lang='grc' dir='ltr'>φυλάττειν</span> <span class='ocrx_word' id='word_1_333' title='bbox 3039 2672 3314 2746; x_wconf 76' lang='grc' dir='ltr'>ἆλώϐητα,</span> <span class='ocrx_word' id='word_1_334' title='bbox 3416 2679 3522 2730; x_wconf 82' lang='grc' dir='ltr'>τῶν</span> <span class='ocrx_word' id='word_1_335' title='bbox 3605 2669 3661 2728; x_wconf 70' lang='grc' dir='ltr'>δὲ</span> <span class='ocrx_word' id='word_1_336' title='bbox 3732 2666 3914 2724; x_wconf 80' lang='grc' dir='ltr'>ἀδίκων</span> 
     </span>
    </p>
   </div>
   <div class='ocr_carea' id='block_1_54' title="bbox 536 2754 2184 2838">
    <p class='ocr_par' dir='ltr' id='par_1_54' title="bbox 536 2754 2184 2838">
     <span class='ocr_line' id='line_1_54' title="bbox 536 2754 2184 2838; baseline -0.001 -23"><span class='ocrx_word' id='word_1_337' title='bbox 536 2754 738 2817; x_wconf 88' lang='lat' dir='ltr'>labilia</span> <span class='ocrx_word' id='word_1_338' title='bbox 780 2765 1059 2838; x_wconf 65' lang='lat' dir='ltr'>praestare</span> <span class='ocrx_word' id='word_1_339' title='bbox 1109 2759 1368 2834; x_wconf 88' lang='lat' dir='ltr'>debent;</span> <span class='ocrx_word' id='word_1_340' title='bbox 1435 2761 1672 2838; x_wconf 89' lang='lat' dir='ltr'>injustis</span> <span class='ocrx_word' id='word_1_341' title='bbox 1729 2776 1867 2818; x_wconf 87' lang='lat' dir='ltr'>vero</span> <span class='ocrx_word' id='word_1_342' title='bbox 1949 2757 2184 2818; x_wconf 87' lang='lat' dir='ltr'>cedere.</span> 
     </span>
    </p>
   </div>
   <div class='ocr_carea' id='block_1_55' title="bbox 533 2842 2188 2926">
    <p class='ocr_par' dir='ltr' id='par_1_55' title="bbox 533 2842 2188 2926">
     <span class='ocr_line' id='line_1_55' title="bbox 533 2842 2188 2926; baseline -0.001 -21"><span class='ocrx_word' id='word_1_343' title='bbox 533 2842 681 2906; x_wconf 85' lang='lat' dir='ltr'>Nam</span> <span class='ocrx_word' id='word_1_344' title='bbox 714 2846 815 2926; x_wconf 90' lang='lat' dir='ltr'>qui</span> <span class='ocrx_word' id='word_1_345' title='bbox 845 2865 1186 2910; x_wconf 90' lang='lat' dir='ltr'>sermonem</span> <span class='ocrx_word' id='word_1_346' title='bbox 1241 2849 1505 2910; x_wconf 87' lang='lat' dir='ltr'>veritatis</span> <span class='ocrx_word' id='word_1_347' title='bbox 1551 2857 1712 2909; x_wconf 82' lang='lat' dir='ltr'>recte</span> <span class='ocrx_word' id='word_1_348' title='bbox 1737 2865 1941 2910; x_wconf 89' lang='lat' dir='ltr'>secare</span> <span class='ocrx_word' id='word_1_349' title='bbox 1972 2845 2045 2906; x_wconf 92' lang='lat' dir='ltr'>de</span> <span class='ocrx_word' id='word_1_350' title='bbox 2077 2845 2188 2905; x_wconf 79' lang='lat' dir='ltr'>do—</span> 
     </span>
    </p>
   </div>
   <div class='ocr_carea' id='block_1_56' title="bbox 533 2933 2186 3016">
    <p class='ocr_par' dir='ltr' id='par_1_56' title="bbox 533 2933 2186 3016">
     <span class='ocr_line' id='line_1_56' title="bbox 533 2933 2186 3016; baseline -0.001 -22"><span class='ocrx_word' id='word_1_351' title='bbox 533 2933 745 2996; x_wconf 88' lang='lat' dir='ltr'>ctrinis</span> <span class='ocrx_word' id='word_1_352' title='bbox 795 2937 1090 2998; x_wconf 86' lang='lat' dir='ltr'>sermonis</span> <span class='ocrx_word' id='word_1_353' title='bbox 1149 2938 1255 3000; x_wconf 90' lang='lat' dir='ltr'>Dei</span> <span class='ocrx_word' id='word_1_354' title='bbox 1317 2935 1763 3016; x_wconf 88' lang='lat' dir='ltr'>Servatorisque</span> <span class='ocrx_word' id='word_1_355' title='bbox 1812 2935 1996 2996; x_wconf 85' lang='lat' dir='ltr'>nostri</span> <span class='ocrx_word' id='word_1_356' title='bbox 2045 2933 2186 2996; x_wconf 85' lang='lat' dir='ltr'>Jesu</span> 
     </span>
    </p>
   </div>
   <div class='ocr_carea' id='block_1_57' title="bbox 533 3019 2181 3105">
    <p class='ocr_par' dir='ltr' id='par_1_57' title="bbox 533 3019 2181 3105">
     <span class='ocr_line' id='line_1_57' title="bbox 533 3019 2181 3105; baseline 0 -23"><span class='ocrx_word' id='word_1_357' title='bbox 533 3019 778 3098; x_wconf 90' lang='lat' dir='ltr'>Christi,</span> <span class='ocrx_word' id='word_1_358' title='bbox 812 3024 915 3104; x_wconf 90' lang='lat' dir='ltr'>qui</span> <span class='ocrx_word' id='word_1_359' title='bbox 943 3023 1158 3087; x_wconf 86' lang='lat' dir='ltr'>veritas</span> <span class='ocrx_word' id='word_1_360' title='bbox 1189 3025 1318 3105; x_wconf 91' lang='lat' dir='ltr'>ipsa</span> <span class='ocrx_word' id='word_1_361' title='bbox 1347 3033 1459 3099; x_wconf 88' lang='lat' dir='ltr'>est,</span> <span class='ocrx_word' id='word_1_362' title='bbox 1494 3027 1736 3086; x_wconf 93' lang='lat' dir='ltr'>omnino</span> <span class='ocrx_word' id='word_1_363' title='bbox 1762 3025 1913 3104; x_wconf 87' lang='lat' dir='ltr'>jussi</span> <span class='ocrx_word' id='word_1_364' title='bbox 1957 3041 2181 3098; x_wconf 91' lang='lat' dir='ltr'>sumus,</span> 
     </span>
    </p>
   </div>
   <div class='ocr_carea' id='block_1_58' title="bbox 2270 2757 3910 2844">
    <p class='ocr_par' dir='ltr' id='par_1_58' title="bbox 2270 2757 3910 2844">
     <span class='ocr_line' id='line_1_58' title="bbox 2270 2757 3910 2844; baseline 0.002 -27"><span class='ocrx_word' id='word_1_365' title='bbox 2270 2763 2610 2844; x_wconf 81' lang='grc' dir='ltr'>ὑπεκχωρετν</span> <span class='ocrx_word' id='word_1_366' title='bbox 2661 2767 2748 2822; x_wconf 81' lang='grc' dir='ltr'>καὶ</span> <span class='ocrx_word' id='word_1_367' title='bbox 2818 2765 3134 2842; x_wconf 55' lang='grc' dir='ltr'>ἐξεστασθαι.</span> <span class='ocrx_word' id='word_1_368' title='bbox 3208 2767 3280 2822; x_wconf 72' lang='grc' dir='ltr'>Οὔ</span> <span class='ocrx_word' id='word_1_369' title='bbox 3321 2764 3420 2842; x_wconf 79' lang='grc' dir='ltr'>γὰρ</span> <span class='ocrx_word' id='word_1_370' title='bbox 3483 2764 3577 2818; x_wconf 81' lang='grc' dir='ltr'>τὸν</span> <span class='ocrx_word' id='word_1_371' title='bbox 3638 2763 3734 2825; x_wconf 76' lang='grc' dir='ltr'>τῆς</span> <span class='ocrx_word' id='word_1_372' title='bbox 3777 2757 3910 2820; x_wconf 74' lang='grc' dir='ltr'>ἀλη-</span> 
     </span>
    </p>
   </div>
   <div class='ocr_carea' id='block_1_59' title="bbox 2269 2848 3913 2933">
    <p class='ocr_par' dir='ltr' id='par_1_59' title="bbox 2269 2848 3913 2933">
     <span class='ocr_line' id='line_1_59' title="bbox 2269 2848 3913 2933; baseline 0 -27"><span class='ocrx_word' id='word_1_373' title='bbox 2269 2852 2409 2916; x_wconf 88' lang='grc' dir='ltr'>θείας</span> <span class='ocrx_word' id='word_1_374' title='bbox 2464 2852 2622 2933; x_wconf 88' lang='grc' dir='ltr'>λόγον</span> <span class='ocrx_word' id='word_1_375' title='bbox 2699 2855 3007 2931; x_wconf 77' lang='grc' dir='ltr'>ὀρθοτομεϊν</span> <span class='ocrx_word' id='word_1_376' title='bbox 3091 2857 3151 2910; x_wconf 68' lang='grc' dir='ltr'>ὲκ</span> <span class='ocrx_word' id='word_1_377' title='bbox 3220 2858 3323 2909; x_wconf 83' lang='grc' dir='ltr'>τῶν</span> <span class='ocrx_word' id='word_1_378' title='bbox 3410 2849 3747 2928; x_wconf 75' lang='grc' dir='ltr'>διδαγμάτων</span> <span class='ocrx_word' id='word_1_379' title='bbox 3824 2848 3913 2908; x_wconf 79' lang='grc' dir='ltr'>τῆς</span> 
     </span>
    </p>
   </div>
   <div class='ocr_carea' id='block_1_60' title="bbox 2269 2935 3914 3019">
    <p class='ocr_par' dir='ltr' id='par_1_60' title="bbox 2269 2935 3914 3019">
     <span class='ocr_line' id='line_1_60' title="bbox 2269 2935 3914 3019; baseline 0.004 -26"><span class='ocrx_word' id='word_1_380' title='bbox 2269 2939 2643 3010; x_wconf 71' lang='grc' dir='ltr'>αὖτοαληθείας</span> <span class='ocrx_word' id='word_1_381' title='bbox 2713 2953 2807 3002; x_wconf 78' lang='grc' dir='ltr'>τοῦ</span> <span class='ocrx_word' id='word_1_382' title='bbox 2864 2945 3034 3019; x_wconf 84' lang='grc' dir='ltr'>Λόγου</span> <span class='ocrx_word' id='word_1_383' title='bbox 3091 2950 3220 3001; x_wconf 83' lang='grc' dir='ltr'>Θεοῦ</span> <span class='ocrx_word' id='word_1_384' title='bbox 3286 2942 3374 2997; x_wconf 82' lang='grc' dir='ltr'>καὶ</span> <span class='ocrx_word' id='word_1_385' title='bbox 3444 2945 3696 3018; x_wconf 79' lang='grc' dir='ltr'>Σωτῆρος</span> <span class='ocrx_word' id='word_1_386' title='bbox 3767 2935 3914 3008; x_wconf 75' lang='grc' dir='ltr'>ἡμῶν</span> 
     </span>
    </p>
   </div>
   <div class='ocr_carea' id='block_1_61' title="bbox 2269 3021 3904 3112">
    <p class='ocr_par' dir='ltr' id='par_1_61' title="bbox 2269 3021 3904 3112">
     <span class='ocr_line' id='line_1_61' title="bbox 2269 3021 3904 3112; baseline -0.015 -14"><span class='ocrx_word' id='word_1_387' title='bbox 2269 3022 2447 3097; x_wconf 64' lang='grc' dir='ltr'>’ίησοῦ</span> <span class='ocrx_word' id='word_1_388' title='bbox 2517 3041 2740 3112; x_wconf 77' lang='grc' dir='ltr'>Χριστοῦ</span> <span class='ocrx_word' id='word_1_389' title='bbox 2812 3031 3042 3097; x_wconf 79' lang='grc' dir='ltr'>κοθαπαξ</span> <span class='ocrx_word' id='word_1_390' title='bbox 3117 3028 3544 3105; x_wconf 81' lang='grc' dir='ltr'>κεκελευσμένοι,</span> <span class='ocrx_word' id='word_1_391' title='bbox 3608 3030 3703 3084; x_wconf 72' lang='grc' dir='ltr'>οὔκ</span> <span class='ocrx_word' id='word_1_392' title='bbox 3757 3021 3904 3077; x_wconf 79' lang='grc' dir='ltr'>ἀναί-</span> 
     </span>
    </p>
   </div>
   <div class='ocr_carea' id='block_1_62' title="bbox 535 3111 2181 3197">
    <p class='ocr_par' dir='ltr' id='par_1_62' title="bbox 535 3111 2181 3194">
     <span class='ocr_line' id='line_1_62' title="bbox 535 3111 2181 3194; baseline 0 -24"><span class='ocrx_word' id='word_1_393' title='bbox 535 3129 655 3172; x_wconf 84' lang='grc' dir='ltr'>ιιοη</span> <span class='ocrx_word' id='word_1_394' title='bbox 707 3112 880 3192; x_wconf 89' lang='lat' dir='ltr'>plane</span> <span class='ocrx_word' id='word_1_395' title='bbox 929 3113 1082 3192; x_wconf 90' lang='lat' dir='ltr'>apud</span> <span class='ocrx_word' id='word_1_396' title='bbox 1143 3113 1327 3177; x_wconf 89' lang='lat' dir='ltr'>Deum</span> <span class='ocrx_word' id='word_1_397' title='bbox 1388 3123 1661 3194; x_wconf 88' lang='lat' dir='ltr'>expertes</span> <span class='ocrx_word' id='word_1_398' title='bbox 1710 3113 1932 3174; x_wconf 83' lang='lat' dir='ltr'>erimus</span> <span class='ocrx_word' id='word_1_399' title='bbox 1974 3111 2181 3192; x_wconf 70' lang='lat' dir='ltr'>culpae.</span> 
     </span>
    </p>
   </div>
   <div class='ocr_carea' id='block_1_63' title="bbox 2266 3111 3908 3197">
    <p class='ocr_par' dir='ltr' id='par_1_63' title="bbox 2273 3117 3908 3197">
     <span class='ocr_line' id='line_1_63' title="bbox 2273 3117 3908 3197; baseline -0.008 -20"><span class='ocrx_word' id='word_1_400' title='bbox 2273 3143 2374 3178; x_wconf 89' lang='grc' dir='ltr'>τιοι</span> <span class='ocrx_word' id='word_1_401' title='bbox 2418 3123 2627 3187; x_wconf 84' lang='grc' dir='ltr'>πάντως</span> <span class='ocrx_word' id='word_1_402' title='bbox 2688 3122 2914 3197; x_wconf 76' lang='grc' dir='ltr'>ἐσόμεθα</span> <span class='ocrx_word' id='word_1_403' title='bbox 2984 3127 3054 3194; x_wconf 87' lang='grc' dir='ltr'>τῷ</span> <span class='ocrx_word' id='word_1_404' title='bbox 3123 3127 3259 3196; x_wconf 83' lang='grc' dir='ltr'>Θεῷ,</span> <span class='ocrx_word' id='word_1_405' title='bbox 3321 3121 3364 3174; x_wconf 89' lang='grc' dir='ltr'>εἰ</span> <span class='ocrx_word' id='word_1_406' title='bbox 3421 3117 3684 3196; x_wconf 73' lang='grc' dir='ltr'>προῦργου</span> <span class='ocrx_word' id='word_1_407' title='bbox 3753 3122 3908 3170; x_wconf 78' lang='grc' dir='ltr'>ταῦτα</span> 
     </span>
    </p>
   </div>
   <div class='ocr_carea' id='block_1_64' title="bbox 535 3198 2184 3264">
    <p class='ocr_par' dir='ltr' id='par_1_64' title="bbox 535 3198 2184 3264">
     <span class='ocr_line' id='line_1_64' title="bbox 535 3198 2184 3264; baseline 0.001 -4"><span class='ocrx_word' id='word_1_408' title='bbox 535 3198 587 3259; x_wconf 92' lang='lat' dir='ltr'>si</span> <span class='ocrx_word' id='word_1_409' title='bbox 610 3199 686 3261; x_wconf 95' lang='lat' dir='ltr'>ob</span> <span class='ocrx_word' id='word_1_410' title='bbox 705 3201 890 3262; x_wconf 89' lang='lat' dir='ltr'>animi</span> <span class='ocrx_word' id='word_1_411' title='bbox 914 3204 1099 3263; x_wconf 89' lang='lat' dir='ltr'>nostri</span> <span class='ocrx_word' id='word_1_412' title='bbox 1148 3203 1421 3264; x_wconf 78' lang='lat' dir='ltr'>aﬂ‘ectum</span> <span class='ocrx_word' id='word_1_413' title='bbox 1458 3203 1581 3264; x_wconf 78' lang='lat' dir='ltr'>haec</span> <span class='ocrx_word' id='word_1_414' title='bbox 1609 3203 1772 3263; x_wconf 91' lang='lat' dir='ltr'>lucra</span> <span class='ocrx_word' id='word_1_415' title='bbox 1804 3201 2184 3263; x_wconf 89' lang='lat' dir='ltr'>sectabimur.</span> 
     </span>
    </p>
   </div>
   <div class='ocr_carea' id='block_1_65' title="bbox 533 3287 2184 3372">
    <p class='ocr_par' dir='ltr' id='par_1_65' title="bbox 533 3287 2184 3372">
     <span class='ocr_line' id='line_1_65' title="bbox 533 3287 2184 3372; baseline -0.001 -23"><span class='ocrx_word' id='word_1_416' title='bbox 533 3287 618 3350; x_wconf 86' lang='lat' dir='ltr'>Ac</span> <span class='ocrx_word' id='word_1_417' title='bbox 677 3307 785 3350; x_wconf 89' lang='lat' dir='ltr'>nos</span> <span class='ocrx_word' id='word_1_418' title='bbox 833 3290 1101 3370; x_wconf 86' lang='lat' dir='ltr'>quidem,</span> <span class='ocrx_word' id='word_1_419' title='bbox 1155 3311 1189 3353; x_wconf 89' lang='lat' dir='ltr'>a</span> <span class='ocrx_word' id='word_1_420' title='bbox 1237 3291 1454 3372; x_wconf 91' lang='lat' dir='ltr'>quibus</span> <span class='ocrx_word' id='word_1_421' title='bbox 1501 3293 1838 3353; x_wconf 88' lang='lat' dir='ltr'>necessario</span> <span class='ocrx_word' id='word_1_422' title='bbox 1870 3290 2184 3368; x_wconf 85' lang='lat' dir='ltr'>ﬂagitatur,</span> 
     </span>
    </p>
   </div>
   <div class='ocr_carea' id='block_1_66' title="bbox 2271 3205 3911 3289">
    <p class='ocr_par' dir='ltr' id='par_1_66' title="bbox 2271 3205 3911 3289">
     <span class='ocr_line' id='line_1_66' title="bbox 2271 3205 3911 3289; baseline 0 -23"><span class='ocrx_word' id='word_1_423' title='bbox 2271 3208 2355 3266; x_wconf 85' lang='grc' dir='ltr'>διὰ</span> <span class='ocrx_word' id='word_1_424' title='bbox 2397 3212 2559 3275; x_wconf 82' lang='grc' dir='ltr'>πάθος</span> <span class='ocrx_word' id='word_1_425' title='bbox 2603 3213 2668 3268; x_wconf 80' lang='grc' dir='ltr'>τὰ</span> <span class='ocrx_word' id='word_1_426' title='bbox 2721 3209 2880 3289; x_wconf 80' lang='grc' dir='ltr'>κέρδη</span> <span class='ocrx_word' id='word_1_427' title='bbox 2930 3210 3246 3284; x_wconf 70' lang='grc' dir='ltr'>ποιήσομεν.</span> <span class='ocrx_word' id='word_1_428' title='bbox 3299 3207 3397 3266; x_wconf 79' lang='grc' dir='ltr'>Καὶ</span> <span class='ocrx_word' id='word_1_429' title='bbox 3438 3209 3605 3280; x_wconf 75' lang='grc' dir='ltr'>ἡμεῖς</span> <span class='ocrx_word' id='word_1_430' title='bbox 3666 3205 3760 3278; x_wconf 72' lang='grc' dir='ltr'>μὶν</span> <span class='ocrx_word' id='word_1_431' title='bbox 3803 3223 3911 3276; x_wconf 83' lang='grc' dir='ltr'>μη-</span> 
     </span>
    </p>
   </div>
   <div class='ocr_carea' id='block_1_67' title="bbox 2271 3293 3911 3379">
    <p class='ocr_par' dir='ltr' id='par_1_67' title="bbox 2271 3293 3911 3379">
     <span class='ocr_line' id='line_1_67' title="bbox 2271 3293 3911 3379; baseline -0.005 -25"><span class='ocrx_word' id='word_1_432' title='bbox 2271 3297 2355 3355; x_wconf 74' lang='grc' dir='ltr'>δὲν</span> <span class='ocrx_word' id='word_1_433' title='bbox 2386 3299 2760 3379; x_wconf 87' lang='grc' dir='ltr'>προτιμότερον</span> <span class='ocrx_word' id='word_1_434' title='bbox 2790 3304 2895 3354; x_wconf 80' lang='grc' dir='ltr'>τῶν</span> <span class='ocrx_word' id='word_1_435' title='bbox 2950 3298 3100 3353; x_wconf 87' lang='grc' dir='ltr'>θείων</span> <span class='ocrx_word' id='word_1_436' title='bbox 3143 3295 3370 3352; x_wconf 80' lang='grc' dir='ltr'>ἐντολῶν</span> <span class='ocrx_word' id='word_1_437' title='bbox 3425 3295 3514 3351; x_wconf 85' lang='grc' dir='ltr'>καὶ</span> <span class='ocrx_word' id='word_1_438' title='bbox 3558 3293 3664 3349; x_wconf 79' lang='grc' dir='ltr'>τῶν</span> <span class='ocrx_word' id='word_1_439' title='bbox 3722 3295 3911 3379; x_wconf 53' lang='grc' dir='ltr'>Πατριῖ</span> 
     </span>
    </p>
   </div>
   <div class='ocr_carea' id='block_1_68' title="bbox 537 3372 2181 3468">
    <p class='ocr_par' dir='ltr' id='par_1_68' title="bbox 537 3377 2181 3468">
     <span class='ocr_line' id='line_1_68' title="bbox 537 3377 2181 3468; baseline -0.001 -30"><span class='ocrx_word' id='word_1_440' title='bbox 537 3385 604 3468; x_wconf 83' lang='lat' dir='ltr'>ut</span> <span class='ocrx_word' id='word_1_441' title='bbox 628 3377 842 3440; x_wconf 86' lang='lat' dir='ltr'>divinis</span> <span class='ocrx_word' id='word_1_442' title='bbox 873 3380 1182 3460; x_wconf 69' lang='lat' dir='ltr'>praeceptis</span> <span class='ocrx_word' id='word_1_443' title='bbox 1206 3389 1264 3442; x_wconf 91' lang='lat' dir='ltr'>et</span> <span class='ocrx_word' id='word_1_444' title='bbox 1297 3379 1716 3442; x_wconf 89' lang='lat' dir='ltr'>traditionibus</span> <span class='ocrx_word' id='word_1_445' title='bbox 1744 3379 2006 3468; x_wconf 85' lang='lat' dir='ltr'>Patrum,</span> <span class='ocrx_word' id='word_1_446' title='bbox 2044 3377 2181 3468; x_wconf 79' lang='lat' dir='ltr'>nihil</span> 
     </span>
    </p>
   </div>
   <div class='ocr_carea' id='block_1_69' title="bbox 2266 3372 3910 3468">
    <p class='ocr_par' dir='ltr' id='par_1_69' title="bbox 2270 3372 3910 3468">
     <span class='ocr_line' id='line_1_69' title="bbox 2270 3372 3910 3468; baseline -0.002 -23"><span class='ocrx_word' id='word_1_447' title='bbox 2270 3395 2378 3445; x_wconf 83' lang='grc' dir='ltr'>κῶν</span> <span class='ocrx_word' id='word_1_448' title='bbox 2448 3372 2786 3468; x_wconf 77' lang='grc' dir='ltr'>παραδόσεων</span> <span class='ocrx_word' id='word_1_449' title='bbox 2859 3399 3031 3443; x_wconf 72' lang='grc' dir='ltr'>ποιεῖν</span> <span class='ocrx_word' id='word_1_450' title='bbox 3089 3384 3368 3464; x_wconf 77' lang='grc' dir='ltr'>ἐξανάγκες</span> <span class='ocrx_word' id='word_1_451' title='bbox 3425 3380 3745 3462; x_wconf 77' lang='grc' dir='ltr'>ὀφείλοντες,</span> <span class='ocrx_word' id='word_1_452' title='bbox 3801 3372 3910 3432; x_wconf 64' lang='grc' dir='ltr'>ἀλλ’</span> 
     </span>
    </p>
   </div>
   <div class='ocr_carea' id='block_1_70' title="bbox 539 3465 2181 3554">
    <p class='ocr_par' dir='ltr' id='par_1_70' title="bbox 539 3465 2181 3554">
     <span class='ocr_line' id='line_1_70' title="bbox 539 3465 2181 3554; baseline -0.001 -28"><span class='ocrx_word' id='word_1_453' title='bbox 539 3465 826 3554; x_wconf 78' lang='lat' dir='ltr'>ducamus</span> <span class='ocrx_word' id='word_1_454' title='bbox 871 3467 1194 3548; x_wconf 91' lang='lat' dir='ltr'>antiquius,</span> <span class='ocrx_word' id='word_1_455' title='bbox 1258 3469 1364 3531; x_wconf 91' lang='lat' dir='ltr'>sed</span> <span class='ocrx_word' id='word_1_456' title='bbox 1421 3487 1492 3531; x_wconf 90' lang='lat' dir='ltr'>ea</span> <span class='ocrx_word' id='word_1_457' title='bbox 1546 3487 1649 3549; x_wconf 92' lang='lat' dir='ltr'>pro</span> <span class='ocrx_word' id='word_1_458' title='bbox 1693 3467 1914 3528; x_wconf 92' lang='lat' dir='ltr'>viribus</span> <span class='ocrx_word' id='word_1_459' title='bbox 1973 3465 2181 3526; x_wconf 77' lang='lat' dir='ltr'>nostris</span> 
     </span>
    </p>
   </div>
   <div class='ocr_carea' id='block_1_71' title="bbox 2266 3465 3911 3554">
    <p class='ocr_par' dir='ltr' id='par_1_71' title="bbox 2272 3465 3911 3554">
     <span class='ocr_line' id='line_1_71' title="bbox 2272 3465 3911 3554; baseline -0.009 -21"><span class='ocrx_word' id='word_1_460' title='bbox 2272 3477 2628 3552; x_wconf 81' lang='grc' dir='ltr'>ἂμενάπτωτα</span> <span class='ocrx_word' id='word_1_461' title='bbox 2660 3479 2823 3532; x_wconf 83' lang='grc' dir='ltr'>ταῦτα</span> <span class='ocrx_word' id='word_1_462' title='bbox 2861 3474 3163 3554; x_wconf 73' lang='grc' dir='ltr'>φυλάττειν,</span> <span class='ocrx_word' id='word_1_463' title='bbox 3224 3476 3298 3536; x_wconf 85' lang='grc' dir='ltr'>ὼς</span> <span class='ocrx_word' id='word_1_464' title='bbox 3355 3470 3600 3546; x_wconf 81' lang='grc' dir='ltr'>δύναμις,</span> <span class='ocrx_word' id='word_1_465' title='bbox 3646 3467 3780 3525; x_wconf 65' lang='grc' dir='ltr'>οῧτω</span> <span class='ocrx_word' id='word_1_466' title='bbox 3831 3465 3911 3554; x_wconf 74' lang='grc' dir='ltr'>καὶ</span> 
     </span>
    </p>
   </div>
   <div class='ocr_carea' id='block_1_72' title="bbox 535 3551 2181 3644">
    <p class='ocr_par' dir='ltr' id='par_1_72' title="bbox 535 3552 2181 3634">
     <span class='ocr_line' id='line_1_72' title="bbox 535 3552 2181 3634; baseline 0.001 -21"><span class='ocrx_word' id='word_1_467' title='bbox 535 3552 766 3616; x_wconf 90' lang='lat' dir='ltr'>illibata</span> <span class='ocrx_word' id='word_1_468' title='bbox 795 3575 1101 3618; x_wconf 91' lang='lat' dir='ltr'>servemus</span> <span class='ocrx_word' id='word_1_469' title='bbox 1129 3579 1143 3634; x_wconf 85' lang='lat'><strong>;</strong></span> <span class='ocrx_word' id='word_1_470' title='bbox 1175 3557 1260 3620; x_wconf 93' lang='lat' dir='ltr'>sic</span> <span class='ocrx_word' id='word_1_471' title='bbox 1292 3566 1351 3619; x_wconf 92' lang='lat' dir='ltr'>et</span> <span class='ocrx_word' id='word_1_472' title='bbox 1379 3558 1763 3633; x_wconf 87' lang='lat' dir='ltr'>sentimus,et</span> <span class='ocrx_word' id='word_1_473' title='bbox 1785 3555 2181 3618; x_wconf 88' lang='lat' dir='ltr'>decernimus.</span> 
     </span>
    </p>
   </div>
   <div class='ocr_carea' id='block_1_73' title="bbox 2266 3551 3908 3644">
    <p class='ocr_par' dir='ltr' id='par_1_73' title="bbox 2271 3551 3908 3644">
     <span class='ocr_line' id='line_1_73' title="bbox 2271 3551 3908 3644; baseline -0.009 -24"><span class='ocrx_word' id='word_1_474' title='bbox 2271 3551 2493 3642; x_wconf 84' lang='grc' dir='ltr'>νοουμεν</span> <span class='ocrx_word' id='word_1_475' title='bbox 2523 3567 2610 3622; x_wconf 79' lang='grc' dir='ltr'>γαὶ</span> <span class='ocrx_word' id='word_1_476' title='bbox 2640 3551 2937 3644; x_wconf 26' lang='grc' dir='ltr'>ὁριζόμεθνα.</span> <span class='ocrx_word' id='word_1_477' title='bbox 2987 3563 3323 3629; x_wconf 86' lang='grc' dir='ltr'>Σκοπησάτω</span> <span class='ocrx_word' id='word_1_478' title='bbox 3381 3558 3435 3616; x_wconf 78' lang='grc' dir='ltr'>δὲ</span> <span class='ocrx_word' id='word_1_479' title='bbox 3477 3561 3566 3616; x_wconf 83' lang='grc' dir='ltr'>καὶ</span> <span class='ocrx_word' id='word_1_480' title='bbox 3609 3560 3668 3614; x_wconf 84' lang='grc' dir='ltr'>τὸ</span> <span class='ocrx_word' id='word_1_481' title='bbox 3713 3551 3908 3614; x_wconf 70' lang='grc' dir='ltr'>εὖσεὸὲς</span> 
     </span>
    </p>
   </div>
   <div class='ocr_carea' id='block_1_74' title="bbox 533 3642 2181 3734">
    <p class='ocr_par' dir='ltr' id='par_1_74' title="bbox 533 3644 2181 3734">
     <span class='ocr_line' id='line_1_74' title="bbox 533 3644 2181 3734; baseline 0.001 -30"><span class='ocrx_word' id='word_1_482' title='bbox 533 3644 729 3734; x_wconf 68' lang='lat' dir='ltr'>Velim</span> <span class='ocrx_word' id='word_1_483' title='bbox 778 3663 938 3726; x_wconf 91' lang='lat' dir='ltr'>vero,</span> <span class='ocrx_word' id='word_1_484' title='bbox 974 3653 1073 3709; x_wconf 93' lang='lat' dir='ltr'>tua</span> <span class='ocrx_word' id='word_1_485' title='bbox 1104 3665 1341 3728; x_wconf 90' lang='lat' dir='ltr'>quoque</span> <span class='ocrx_word' id='word_1_486' title='bbox 1374 3649 1470 3727; x_wconf 89' lang='lat' dir='ltr'>pia</span> <span class='ocrx_word' id='word_1_487' title='bbox 1522 3647 2028 3726; x_wconf 88' lang='lat' dir='ltr'>serenissimaque</span> <span class='ocrx_word' id='word_1_488' title='bbox 2059 3663 2181 3706; x_wconf 88' lang='lat' dir='ltr'>ma-</span> 
     </span>
    </p>
   </div>
   <div class='ocr_carea' id='block_1_75' title="bbox 2266 3642 3906 3734">
    <p class='ocr_par' dir='ltr' id='par_1_75' title="bbox 2271 3642 3906 3734">
     <span class='ocr_line' id='line_1_75' title="bbox 2271 3642 3906 3734; baseline -0.009 -23"><span class='ocrx_word' id='word_1_489' title='bbox 2271 3657 2357 3711; x_wconf 89' lang='grc' dir='ltr'>καὶ</span> <span class='ocrx_word' id='word_1_490' title='bbox 2401 3642 2746 3734; x_wconf 80' lang='grc' dir='ltr'>παγγάληνον</span> <span class='ocrx_word' id='word_1_491' title='bbox 2775 3653 2964 3732; x_wconf 85' lang='grc' dir='ltr'>κράτος</span> <span class='ocrx_word' id='word_1_492' title='bbox 2996 3674 3108 3724; x_wconf 83' lang='grc' dir='ltr'>σου,</span> <span class='ocrx_word' id='word_1_493' title='bbox 3142 3653 3230 3708; x_wconf 85' lang='grc' dir='ltr'>καὶ</span> <span class='ocrx_word' id='word_1_494' title='bbox 3256 3649 3663 3724; x_wconf 82' lang='grc' dir='ltr'>οἰκονομησάτω</span> <span class='ocrx_word' id='word_1_495' title='bbox 3690 3648 3748 3701; x_wconf 83' lang='grc' dir='ltr'>τὸ</span> <span class='ocrx_word' id='word_1_496' title='bbox 3777 3642 3906 3734; x_wconf 76' lang='grc' dir='ltr'>δέον*</span> 
     </span>
    </p>
   </div>
   <div class='ocr_carea' id='block_1_76' title="bbox 527 3730 2181 3819">
    <p class='ocr_par' dir='ltr' id='par_1_76' title="bbox 527 3732 2181 3817">
     <span class='ocr_line' id='line_1_76' title="bbox 527 3732 2181 3817; baseline 0 -24"><span class='ocrx_word' id='word_1_497' title='bbox 527 3732 716 3813; x_wconf 88' lang='lat' dir='ltr'>jestas</span> <span class='ocrx_word' id='word_1_498' title='bbox 744 3751 871 3796; x_wconf 90' lang='lat' dir='ltr'>rem</span> <span class='ocrx_word' id='word_1_499' title='bbox 907 3734 1268 3810; x_wconf 91' lang='lat' dir='ltr'>consideret,</span> <span class='ocrx_word' id='word_1_500' title='bbox 1301 3736 1580 3817; x_wconf 90' lang='lat' dir='ltr'>quodque</span> <span class='ocrx_word' id='word_1_501' title='bbox 1613 3736 1764 3797; x_wconf 81' lang='lat' dir='ltr'>facto</span> <span class='ocrx_word' id='word_1_502' title='bbox 1813 3736 1991 3797; x_wconf 85' lang='lat' dir='ltr'>fuerit</span> <span class='ocrx_word' id='word_1_503' title='bbox 2017 3751 2181 3812; x_wconf 81' lang='lat' dir='ltr'>opus,</span> 
     </span>
    </p>
   </div>
   <div class='ocr_carea' id='block_1_77' title="bbox 2266 3730 3908 3819">
    <p class='ocr_par' dir='ltr' id='par_1_77' title="bbox 2273 3730 3908 3819">
     <span class='ocr_line' id='line_1_77' title="bbox 2273 3730 3908 3819; baseline -0.009 -21"><span class='ocrx_word' id='word_1_504' title='bbox 2273 3745 2361 3800; x_wconf 85' lang='grc' dir='ltr'>καὶ</span> <span class='ocrx_word' id='word_1_505' title='bbox 2391 3745 2418 3800; x_wconf 87' lang='grc' dir='ltr'>ὃ</span> <span class='ocrx_word' id='word_1_506' title='bbox 2450 3745 2658 3806; x_wconf 78' lang='grc' dir='ltr'>πάντως</span> <span class='ocrx_word' id='word_1_507' title='bbox 2692 3741 2994 3818; x_wconf 73' lang='grc' dir='ltr'>ἄμεμπτον,</span> <span class='ocrx_word' id='word_1_508' title='bbox 3027 3743 3115 3797; x_wconf 85' lang='grc' dir='ltr'>καὶ</span> <span class='ocrx_word' id='word_1_509' title='bbox 3144 3741 3506 3819; x_wconf 83' lang='grc' dir='ltr'>ἀπρόσκοπον,</span> <span class='ocrx_word' id='word_1_510' title='bbox 3528 3739 3618 3793; x_wconf 85' lang='grc' dir='ltr'>καὶ</span> <span class='ocrx_word' id='word_1_511' title='bbox 3649 3737 3772 3814; x_wconf 85' lang='grc' dir='ltr'>πρὸς</span> <span class='ocrx_word' id='word_1_512' title='bbox 3790 3730 3908 3786; x_wconf 86' lang='grc' dir='ltr'>Θεὸν</span> 
     </span>
    </p>
   </div>
   <div class='ocr_carea' id='block_1_78' title="bbox 531 3821 2181 3912">
    <p class='ocr_par' dir='ltr' id='par_1_78' title="bbox 531 3821 2181 3912">
     <span class='ocr_line' id='line_1_78' title="bbox 531 3821 2181 3912; baseline -0.001 -28"><span class='ocrx_word' id='word_1_513' title='bbox 531 3821 750 3912; x_wconf 78' lang='lat' dir='ltr'>faciat:</span> <span class='ocrx_word' id='word_1_514' title='bbox 807 3831 990 3904; x_wconf 87' lang='lat' dir='ltr'>atque</span> <span class='ocrx_word' id='word_1_515' title='bbox 1043 3825 1155 3886; x_wconf 90' lang='lat' dir='ltr'>hoc</span> <span class='ocrx_word' id='word_1_516' title='bbox 1211 3825 1387 3887; x_wconf 90' lang='lat' dir='ltr'>modo</span> <span class='ocrx_word' id='word_1_517' title='bbox 1440 3827 1718 3905; x_wconf 88' lang='lat' dir='ltr'>majestas</span> <span class='ocrx_word' id='word_1_518' title='bbox 1757 3835 1855 3888; x_wconf 92' lang='lat' dir='ltr'>tua</span> <span class='ocrx_word' id='word_1_519' title='bbox 1895 3825 1977 3904; x_wconf 82' lang='lat' dir='ltr'>id,</span> <span class='ocrx_word' id='word_1_520' title='bbox 2032 3823 2181 3912; x_wconf 83' lang='lat' dir='ltr'>quod</span> 
     </span>
    </p>
   </div>
   <div class='ocr_carea' id='block_1_79' title="bbox 2266 3821 3906 3912">
    <p class='ocr_par' dir='ltr' id='par_1_79' title="bbox 2276 3821 3906 3912">
     <span class='ocr_line' id='line_1_79' title="bbox 2276 3821 3906 3912; baseline -0.01 -24"><span class='ocrx_word' id='word_1_521' title='bbox 2276 3833 2455 3908; x_wconf 79' lang='grc' dir='ltr'>αὐτὸν,</span> <span class='ocrx_word' id='word_1_522' title='bbox 2488 3835 2576 3889; x_wconf 86' lang='grc' dir='ltr'>καὶ</span> <span class='ocrx_word' id='word_1_523' title='bbox 2607 3834 2736 3912; x_wconf 82' lang='grc' dir='ltr'>πρὸς</span> <span class='ocrx_word' id='word_1_524' title='bbox 2767 3831 2890 3894; x_wconf 77' lang='grc' dir='ltr'>τοὺς</span> <span class='ocrx_word' id='word_1_525' title='bbox 2920 3830 3086 3909; x_wconf 75' lang='grc' dir='ltr'>ἱεροὺς</span> <span class='ocrx_word' id='word_1_526' title='bbox 3117 3828 3342 3892; x_wconf 83' lang='grc' dir='ltr'>κανόνας</span> <span class='ocrx_word' id='word_1_527' title='bbox 3373 3823 3677 3906; x_wconf 77' lang='grc' dir='ltr'>διαφυλάξοι</span> <span class='ocrx_word' id='word_1_528' title='bbox 3705 3824 3738 3890; x_wconf 76' lang='grc' dir='ltr'>ἡ</span> <span class='ocrx_word' id='word_1_529' title='bbox 3760 3821 3906 3897; x_wconf 82' lang='grc' dir='ltr'>βασι-</span> 
     </span>
    </p>
   </div>
   <div class='ocr_carea' id='block_1_80' title="bbox 537 3911 2186 3994">
    <p class='ocr_par' dir='ltr' id='par_1_80' title="bbox 537 3911 2186 3994">
     <span class='ocr_line' id='line_1_80' title="bbox 537 3911 2186 3994; baseline -0.002 -20"><span class='ocrx_word' id='word_1_530' title='bbox 537 3911 780 3974; x_wconf 90' lang='lat' dir='ltr'>omnino</span> <span class='ocrx_word' id='word_1_531' title='bbox 811 3920 870 3974; x_wconf 92' lang='lat' dir='ltr'>et</span> <span class='ocrx_word' id='word_1_532' title='bbox 897 3915 1388 3993; x_wconf 90' lang='lat' dir='ltr'>reprehensionis</span> <span class='ocrx_word' id='word_1_533' title='bbox 1416 3924 1475 3976; x_wconf 93' lang='lat' dir='ltr'>et</span> <span class='ocrx_word' id='word_1_534' title='bbox 1520 3913 1780 3976; x_wconf 81' lang='lat' dir='ltr'>scandali</span> <span class='ocrx_word' id='word_1_535' title='bbox 1811 3931 2024 3994; x_wconf 83' lang='lat' dir='ltr'>expers</span> <span class='ocrx_word' id='word_1_536' title='bbox 2054 3911 2186 3985; x_wconf 90' lang='lat' dir='ltr'>erit,</span> 
     </span>
    </p>
   </div>
   <div class='ocr_carea' id='block_1_81' title="bbox 532 4001 2187 4083">
    <p class='ocr_par' dir='ltr' id='par_1_81' title="bbox 532 4001 2187 4083">
     <span class='ocr_line' id='line_1_81' title="bbox 532 4001 2187 4083; baseline -0.001 -22"><span class='ocrx_word' id='word_1_537' title='bbox 532 4007 652 4062; x_wconf 88' lang='lat' dir='ltr'>tam</span> <span class='ocrx_word' id='word_1_538' title='bbox 684 4001 874 4082; x_wconf 89' lang='lat' dir='ltr'>ipsius</span> <span class='ocrx_word' id='word_1_539' title='bbox 924 4001 1056 4076; x_wconf 88' lang='lat' dir='ltr'>Dei,</span> <span class='ocrx_word' id='word_1_540' title='bbox 1091 4021 1268 4083; x_wconf 89' lang='lat' dir='ltr'>quam</span> <span class='ocrx_word' id='word_1_541' title='bbox 1299 4021 1600 4066; x_wconf 88' lang='lat' dir='ltr'>sacrorum</span> <span class='ocrx_word' id='word_1_542' title='bbox 1656 4021 1948 4064; x_wconf 90' lang='lat' dir='ltr'>canonum</span> <span class='ocrx_word' id='word_1_543' title='bbox 1977 4019 2187 4080; x_wconf 91' lang='lat' dir='ltr'>respe-</span> 
     </span>
    </p>
   </div>
   <div class='ocr_carea' id='block_1_82' title="bbox 536 4096 899 4171">
    <p class='ocr_par' dir='ltr' id='par_1_82' title="bbox 536 4096 899 4171">
     <span class='ocr_line' id='line_1_82' title="bbox 536 4096 899 4171; baseline -0.003 -20"><span class='ocrx_word' id='word_1_544' title='bbox 536 4096 658 4171; x_wconf 89' lang='lat' dir='ltr'>ctu,</span> <span class='ocrx_word' id='word_1_545' title='bbox 684 4096 899 4152; x_wconf 85' lang='lat' dir='ltr'>servet.</span> 
     </span>
    </p>
   </div>
   <div class='ocr_carea' id='block_1_83' title="bbox 1154 4204 1566 4286">
    <p class='ocr_par' dir='ltr' id='par_1_83' title="bbox 1154 4204 1566 4286">
     <span class='ocr_line' id='line_1_83' title="bbox 1154 4204 1566 4286; baseline -0.005 -17"><span class='ocrx_word' id='word_1_546' title='bbox 1154 4204 1371 4269; x_wconf 68' lang='lat' dir='ltr'>LUCIE</span> <span class='ocrx_word' id='word_1_547' title='bbox 1415 4205 1566 4286; x_wconf 65' lang='grc' dir='ltr'>(εδ).</span> 
     </span>
    </p>
   </div>
   <div class='ocr_carea' id='block_1_84' title="bbox 528 4319 2183 4400">
    <p class='ocr_par' dir='ltr' id='par_1_84' title="bbox 528 4319 2183 4400">
     <span class='ocr_line' id='line_1_84' title="bbox 528 4319 2183 4400; baseline -0.002 -15"><span class='ocrx_word' id='word_1_548' title='bbox 528 4320 622 4386; x_wconf 83' lang='lat' dir='ltr'>Ne</span> <span class='ocrx_word' id='word_1_549' title='bbox 651 4322 863 4385; x_wconf 78' lang='lat' dir='ltr'>clerici</span> <span class='ocrx_word' id='word_1_550' title='bbox 891 4320 1172 4398; x_wconf 81' lang='lat' dir='ltr'>auferant</span> <span class='ocrx_word' id='word_1_551' title='bbox 1200 4338 1296 4400; x_wconf 83' lang='lat' dir='ltr'>ea,</span> <span class='ocrx_word' id='word_1_552' title='bbox 1347 4337 1479 4398; x_wconf 68' lang='lat' dir='ltr'>quas</span> <span class='ocrx_word' id='word_1_553' title='bbox 1507 4319 1587 4381; x_wconf 85' lang='lat' dir='ltr'>ad</span> <span class='ocrx_word' id='word_1_554' title='bbox 1616 4321 1895 4382; x_wconf 84' lang='lat' dir='ltr'>ecclesias</span> <span class='ocrx_word' id='word_1_555' title='bbox 1925 4319 2019 4383; x_wconf 81' lang='lat' dir='ltr'>vel</span> <span class='ocrx_word' id='word_1_556' title='bbox 2050 4321 2183 4400; x_wconf 70' lang='lat' dir='ltr'>epi-</span> 
     </span>
    </p>
   </div>
   <div class='ocr_carea' id='block_1_85' title="bbox 898 4401 1804 4482">
    <p class='ocr_par' dir='ltr' id='par_1_85' title="bbox 898 4401 1804 4482">
     <span class='ocr_line' id='line_1_85' title="bbox 898 4401 1804 4482; baseline -0.003 -20"><span class='ocrx_word' id='word_1_557' title='bbox 898 4419 1104 4482; x_wconf 82' lang='lat' dir='ltr'>scopos</span> <span class='ocrx_word' id='word_1_558' title='bbox 1132 4401 1455 4462; x_wconf 75' lang='lat' dir='ltr'>morientes</span> <span class='ocrx_word' id='word_1_559' title='bbox 1484 4402 1804 4480; x_wconf 71' lang='lat' dir='ltr'>pertinent.</span> 
     </span>
    </p>
   </div>
   <div class='ocr_carea' id='block_1_86' title="bbox 607 4598 2188 4681">
    <p class='ocr_par' dir='ltr' id='par_1_86' title="bbox 607 4598 2188 4681">
     <span class='ocr_line' id='line_1_86' title="bbox 607 4598 2188 4681; baseline -0.001 -18"><span class='ocrx_word' id='word_1_560' title='bbox 607 4600 791 4664; x_wconf 82' lang='lat' dir='ltr'>Mensi</span> <span class='ocrx_word' id='word_1_561' title='bbox 845 4599 1196 4663; x_wconf 87' lang='lat' dir='ltr'>Martii-die</span> <span class='ocrx_word' id='word_1_562' title='bbox 1251 4616 1313 4674; x_wconf 76' lang='grc' dir='ltr'>Χ,</span> <span class='ocrx_word' id='word_1_563' title='bbox 1361 4598 1512 4661; x_wconf 84' lang='lat' dir='ltr'>feria</span> <span class='ocrx_word' id='word_1_564' title='bbox 1567 4617 1609 4676; x_wconf 83' lang='grc' dir='ltr'>ι,</span> <span class='ocrx_word' id='word_1_565' title='bbox 1667 4601 2026 4681; x_wconf 84' lang='lat' dir='ltr'>praesidente</span> <span class='ocrx_word' id='word_1_566' title='bbox 2057 4619 2188 4662; x_wconf 92' lang='lat' dir='ltr'>san-</span> 
     </span>
    </p>
   </div>
   <div class='ocr_carea' id='block_1_87' title="bbox 535 4688 2184 4770">
    <p class='ocr_par' dir='ltr' id='par_1_87' title="bbox 535 4688 2184 4770">
     <span class='ocr_line' id='line_1_87' title="bbox 535 4688 2184 4770; baseline -0.001 -18"><span class='ocrx_word' id='word_1_567' title='bbox 535 4689 802 4752; x_wconf 89' lang='lat' dir='ltr'>ctissimo</span> <span class='ocrx_word' id='word_1_568' title='bbox 835 4689 1079 4752; x_wconf 90' lang='lat' dir='ltr'>domino</span> <span class='ocrx_word' id='word_1_569' title='bbox 1137 4697 1340 4751; x_wconf 91' lang='lat' dir='ltr'>nostro</span> <span class='ocrx_word' id='word_1_570' title='bbox 1375 4695 1433 4749; x_wconf 89' lang='lat' dir='ltr'>et</span> <span class='ocrx_word' id='word_1_571' title='bbox 1479 4688 1797 4753; x_wconf 90' lang='lat' dir='ltr'>universali</span> <span class='ocrx_word' id='word_1_572' title='bbox 1832 4690 2184 4770; x_wconf 87' lang='lat' dir='ltr'>patriarcha,</span> 
     </span>
    </p>
   </div>
   <div class='ocr_carea' id='block_1_88' title="bbox 530 4775 2180 4854">
    <p class='ocr_par' dir='ltr' id='par_1_88' title="bbox 530 4775 2180 4854">
     <span class='ocr_line' id='line_1_88' title="bbox 530 4775 2180 4854; baseline -0.001 -12"><span class='ocrx_word' id='word_1_573' title='bbox 530 4779 774 4842; x_wconf 92' lang='lat' dir='ltr'>domino</span> <span class='ocrx_word' id='word_1_574' title='bbox 807 4778 1063 4853; x_wconf 89' lang='lat' dir='ltr'>Luca,in</span> <span class='ocrx_word' id='word_1_575' title='bbox 1103 4777 1332 4840; x_wconf 79' lang='lat' dir='ltr'>dextris</span> <span class='ocrx_word' id='word_1_576' title='bbox 1369 4775 1664 4839; x_wconf 84' lang='lat' dir='ltr'>Alexiacis</span> <span class='ocrx_word' id='word_1_577' title='bbox 1689 4779 2180 4854; x_wconf 89' lang='lat' dir='ltr'>catechumeniis,</span> 
     </span>
    </p>
   </div>
   <div class='ocr_carea' id='block_1_89' title="bbox 527 4867 2186 4948">
    <p class='ocr_par' dir='ltr' id='par_1_89' title="bbox 527 4867 2186 4948">
     <span class='ocr_line' id='line_1_89' title="bbox 527 4867 2186 4948; baseline -0.001 -18"><span class='ocrx_word' id='word_1_578' title='bbox 527 4867 934 4931; x_wconf 88' lang='lat' dir='ltr'>assidentibus</span> <span class='ocrx_word' id='word_1_579' title='bbox 982 4867 1044 4928; x_wconf 91' lang='lat' dir='ltr'>in</span> <span class='ocrx_word' id='word_1_580' title='bbox 1095 4867 1352 4928; x_wconf 90' lang='lat' dir='ltr'>concilio</span> <span class='ocrx_word' id='word_1_581' title='bbox 1416 4884 1644 4943; x_wconf 65' lang='lat' dir='ltr'>magna:</span> <span class='ocrx_word' id='word_1_582' title='bbox 1673 4867 1860 4948; x_wconf 92' lang='lat' dir='ltr'>ipsius</span> <span class='ocrx_word' id='word_1_583' title='bbox 1891 4868 2186 4931; x_wconf 82' lang='lat' dir='ltr'>sanctitati</span> 
     </span>
    </p>
   </div>
   <div class='ocr_carea' id='block_1_90' title="bbox 527 4953 2182 5038">
    <p class='ocr_par' dir='ltr' id='par_1_90' title="bbox 527 4953 2182 5038">
     <span class='ocr_line' id='line_1_90' title="bbox 527 4953 2182 5038; baseline -0.001 -20"><span class='ocrx_word' id='word_1_584' title='bbox 527 4956 944 5020; x_wconf 87' lang='lat' dir='ltr'>sacratissimis</span> <span class='ocrx_word' id='word_1_585' title='bbox 976 4955 1356 5037; x_wconf 81' lang='lat' dir='ltr'>pontiﬁcibus</span> <span class='ocrx_word' id='word_1_586' title='bbox 1387 4953 1760 5038; x_wconf 74' lang='lat' dir='ltr'>Caesariensi,</span> <span class='ocrx_word' id='word_1_587' title='bbox 1787 4956 2182 5034; x_wconf 87' lang='lat' dir='ltr'>Heracliensi,</span> 
     </span>
    </p>
   </div>
   <div class='ocr_carea' id='block_1_91' title="bbox 527 5043 2180 5122">
    <p class='ocr_par' dir='ltr' id='par_1_91' title="bbox 527 5043 2180 5122">
     <span class='ocr_line' id='line_1_91' title="bbox 527 5043 2180 5122; baseline 0.001 -16"><span class='ocrx_word' id='word_1_588' title='bbox 527 5045 894 5121; x_wconf 83' lang='lat' dir='ltr'>Amasiensi,</span> <span class='ocrx_word' id='word_1_589' title='bbox 922 5045 1234 5122; x_wconf 69' lang='lat' dir='ltr'>Melitenaa,</span> <span class='ocrx_word' id='word_1_590' title='bbox 1288 5043 1836 5121; x_wconf 90' lang='lat' dir='ltr'>Thessalonicensi,</span> <span class='ocrx_word' id='word_1_591' title='bbox 1870 5045 2180 5108; x_wconf 56' lang='lat' dir='ltr'>Neocaesa-</span> 
     </span>
    </p>
   </div>
   <div class='ocr_carea' id='block_1_92' title="bbox 527 5133 2184 5217">
    <p class='ocr_par' dir='ltr' id='par_1_92' title="bbox 527 5133 2184 5217">
     <span class='ocr_line' id='line_1_92' title="bbox 527 5133 2184 5217; baseline 0 -22"><span class='ocrx_word' id='word_1_592' title='bbox 527 5133 736 5212; x_wconf 91' lang='lat' dir='ltr'>riensi,</span> <span class='ocrx_word' id='word_1_593' title='bbox 771 5135 1047 5217; x_wconf 79' lang='lat' dir='ltr'>Myrensi,</span> <span class='ocrx_word' id='word_1_594' title='bbox 1081 5134 1364 5208; x_wconf 92' lang='lat' dir='ltr'>Mocisso,</span> <span class='ocrx_word' id='word_1_595' title='bbox 1415 5133 1714 5211; x_wconf 83' lang='lat' dir='ltr'>Cretensi,</span> <span class='ocrx_word' id='word_1_596' title='bbox 1764 5135 2184 5214; x_wconf 82' lang='lat' dir='ltr'>Trajanopoli-</span> 
     </span>
    </p>
   </div>
   <div class='ocr_carea' id='block_1_93' title="bbox 529 5221 2181 5306">
    <p class='ocr_par' dir='ltr' id='par_1_93' title="bbox 529 5221 2181 5306">
     <span class='ocr_line' id='line_1_93' title="bbox 529 5221 2181 5306; baseline 0.003 -24"><span class='ocrx_word' id='word_1_597' title='bbox 529 5228 690 5298; x_wconf 87' lang='lat' dir='ltr'>lano,</span> <span class='ocrx_word' id='word_1_598' title='bbox 746 5223 1209 5306; x_wconf 88' lang='lat' dir='ltr'>Hierapolitano,</span> <span class='ocrx_word' id='word_1_599' title='bbox 1274 5221 1435 5297; x_wconf 72' lang='lat' dir='ltr'>AEni,</span> <span class='ocrx_word' id='word_1_600' title='bbox 1490 5222 1758 5304; x_wconf 72' lang='lat' dir='ltr'>Dristraa,</span> <span class='ocrx_word' id='word_1_601' title='bbox 1790 5223 2181 5302; x_wconf 87' lang='lat' dir='ltr'>Nazianzeno,</span> 
     </span>
    </p>
   </div>
   <div class='ocr_carea' id='block_1_94' title="bbox 525 5308 2178 5392">
    <p class='ocr_par' dir='ltr' id='par_1_94' title="bbox 525 5308 2178 5392">
     <span class='ocr_line' id='line_1_94' title="bbox 525 5308 2178 5392; baseline 0.002 -20"><span class='ocrx_word' id='word_1_602' title='bbox 525 5308 834 5391; x_wconf 81' lang='lat' dir='ltr'>Abydeno,</span> <span class='ocrx_word' id='word_1_603' title='bbox 890 5313 1143 5388; x_wconf 83' lang='lat' dir='ltr'>Milesio,</span> <span class='ocrx_word' id='word_1_604' title='bbox 1223 5310 1530 5392; x_wconf 73' lang='lat' dir='ltr'>Selybriaa,</span> <span class='ocrx_word' id='word_1_605' title='bbox 1585 5311 1796 5391; x_wconf 69' lang='lat' dir='ltr'>Bizyaa,</span> <span class='ocrx_word' id='word_1_606' title='bbox 1859 5316 2178 5390; x_wconf 73' lang='lat' dir='ltr'>Maroneae,</span> 
     </span>
    </p>
   </div>
   <div class='ocr_carea' id='block_1_95' title="bbox 527 5399 2179 5484">
    <p class='ocr_par' dir='ltr' id='par_1_95' title="bbox 527 5399 2179 5484">
     <span class='ocr_line' id='line_1_95' title="bbox 527 5399 2179 5484; baseline 0.002 -22"><span class='ocrx_word' id='word_1_607' title='bbox 527 5400 710 5477; x_wconf 87' lang='lat' dir='ltr'>Parii,</span> <span class='ocrx_word' id='word_1_608' title='bbox 759 5402 870 5479; x_wconf 89' lang='lat' dir='ltr'>Cii,</span> <span class='ocrx_word' id='word_1_609' title='bbox 913 5408 1095 5484; x_wconf 86' lang='lat' dir='ltr'>Apro,</span> <span class='ocrx_word' id='word_1_610' title='bbox 1148 5400 1332 5474; x_wconf 68' lang='lat' dir='ltr'>Nicaa,</span> <span class='ocrx_word' id='word_1_611' title='bbox 1393 5399 1666 5477; x_wconf 65' lang='lat' dir='ltr'>Gotthiaz,</span> <span class='ocrx_word' id='word_1_612' title='bbox 1723 5402 2179 5480; x_wconf 82' lang='lat' dir='ltr'>Matrachorum,</span> 
     </span>
    </p>
   </div>
   <div class='ocr_carea' id='block_1_96' title="bbox 2206 4418 2470 4488">
    <p class='ocr_par' dir='ltr' id='par_1_96' title="bbox 2206 4418 2470 4488">
     <span class='ocr_line' id='line_1_96' title="bbox 2206 4418 2470 4488; baseline 0 0"><span class='ocrx_word' id='word_1_613' title='bbox 2206 4433 2252 4488; x_wconf 92' lang='lat' dir='ltr'><strong>D</strong></span> <span class='ocrx_word' id='word_1_614' title='bbox 2348 4418 2470 4488; x_wconf 66' lang='grc' dir='ltr'>ταῖς</span> 
     </span>
    </p>
   </div>
   <div class='ocr_carea' id='block_1_97' title="bbox 2273 3919 2531 3983">
    <p class='ocr_par' dir='ltr' id='par_1_97' title="bbox 2273 3919 2531 3983">
     <span class='ocr_line' id='line_1_97' title="bbox 2273 3919 2531 3983; baseline 0.004 -6"><span class='ocrx_word' id='word_1_615' title='bbox 2273 3919 2389 3977; x_wconf 81' lang='grc' dir='ltr'>λεία</span> <span class='ocrx_word' id='word_1_616' title='bbox 2416 3943 2531 3983; x_wconf 90' lang='grc' dir='ltr'>σου.</span> 
     </span>
    </p>
   </div>
   <div class='ocr_carea' id='block_1_98' title="bbox 2970 4207 3218 4260">
    <p class='ocr_par' dir='ltr' id='par_1_98' title="bbox 2970 4207 3218 4260">
     <span class='ocr_line' id='line_1_98' title="bbox 2970 4207 3218 4260; baseline 0.016 -4"><span class='ocrx_word' id='word_1_617' title='bbox 2970 4207 3218 4260; x_wconf 80' lang='grc' dir='ltr'>ΛΟΥΚΑ.</span> 
     </span>
    </p>
   </div>
   <div class='ocr_carea' id='block_1_99' title="bbox 2278 4310 3899 4406">
    <p class='ocr_par' dir='ltr' id='par_1_99' title="bbox 2278 4310 3899 4406">
     <span class='ocr_line' id='line_1_99' title="bbox 2278 4310 3899 4406; baseline -0.003 -24"><span class='ocrx_word' id='word_1_618' title='bbox 2278 4347 2300 4382; x_wconf 82' lang='grc' dir='ltr'>(ι</span> <span class='ocrx_word' id='word_1_619' title='bbox 2364 4329 2488 4406; x_wconf 84' lang='grc' dir='ltr'>Περὶ</span> <span class='ocrx_word' id='word_1_620' title='bbox 2543 4336 2636 4385; x_wconf 79' lang='grc' dir='ltr'>τοῦ</span> <span class='ocrx_word' id='word_1_621' title='bbox 2691 4327 2784 4406; x_wconf 14' lang='grc' dir='ltr'>,μὴ</span> <span class='ocrx_word' id='word_1_622' title='bbox 2855 4325 3247 4406; x_wconf 40' lang='grc' dir='ltr'>ἀφαρπᾴζεσθ-αι</span> <span class='ocrx_word' id='word_1_623' title='bbox 3307 4324 3424 4406; x_wconf 74' lang='grc' dir='ltr'>τοὺς</span> <span class='ocrx_word' id='word_1_624' title='bbox 3497 4318 3812 4406; x_wconf 36' lang='grc' dir='ltr'>κληρικοὺςῌ</span> <span class='ocrx_word' id='word_1_625' title='bbox 3841 4310 3899 4366; x_wconf 67' lang='grc' dir='ltr'>τὰ</span> 
     </span>
    </p>
   </div>
   <div class='ocr_carea' id='block_1_100' title="bbox 2595 4398 3898 4479">
    <p class='ocr_par' dir='ltr' id='par_1_100' title="bbox 2595 4398 3898 4479">
     <span class='ocr_line' id='line_1_100' title="bbox 2595 4398 3898 4479; baseline -0.012 -17"><span class='ocrx_word' id='word_1_626' title='bbox 2595 4398 2975 4479; x_wconf 53' lang='grc' dir='ltr'>ἐκκλησίαις,’</span> <span class='ocrx_word' id='word_1_627' title='bbox 3036 4403 3072 4472; x_wconf 71' lang='grc' dir='ltr'><strong>ἢ</strong></span> <span class='ocrx_word' id='word_1_628' title='bbox 3185 4402 3494 4465; x_wconf 75' lang='grc' dir='ltr'>ἐπισκόποις</span> <span class='ocrx_word' id='word_1_629' title='bbox 3604 4398 3898 4456; x_wconf 55' lang='grc' dir='ltr'>ἔλευτῶσιν</span> 
     </span>
    </p>
   </div>
   <div class='ocr_carea' id='block_1_101' title="bbox 2351 4487 2712 4558">
    <p class='ocr_par' dir='ltr' id='par_1_101' title="bbox 2351 4487 2712 4558">
     <span class='ocr_line' id='line_1_101' title="bbox 2351 4487 2712 4558; baseline 0.011 -17"><span class='ocrx_word' id='word_1_630' title='bbox 2351 4487 2611 4558; x_wconf 76' lang='grc' dir='ltr'>ἀνήκοντα</span> <span class='ocrx_word' id='word_1_631' title='bbox 2622 4535 2636 4548; x_wconf 87' lang='grc'><strong>.</strong></span> <span class='ocrx_word' id='word_1_632' title='bbox 2686 4506 2712 4545; x_wconf 80' lang='grc'><strong>)</strong></span> 
     </span>
    </p>
   </div>
   <div class='ocr_carea' id='block_1_102' title="bbox 2353 4589 3899 4680">
    <p class='ocr_par' dir='ltr' id='par_1_102' title="bbox 2353 4589 3899 4680">
     <span class='ocr_line' id='line_1_102' title="bbox 2353 4589 3899 4680; baseline -0.011 -22"><span class='ocrx_word' id='word_1_633' title='bbox 2353 4604 2491 4669; x_wconf 84' lang='grc' dir='ltr'>Μηνὶ</span> <span class='ocrx_word' id='word_1_634' title='bbox 2561 4603 2774 4680; x_wconf 76' lang='grc' dir='ltr'>Ματρίιρ</span> <span class='ocrx_word' id='word_1_635' title='bbox 2847 4591 2907 4671; x_wconf 80' lang='grc' dir='ltr'>ι’,</span> <span class='ocrx_word' id='word_1_636' title='bbox 2980 4599 3153 4679; x_wconf 75' lang='grc' dir='ltr'>ἡμέρᾳ</span> <span class='ocrx_word' id='word_1_637' title='bbox 3199 4589 3272 4675; x_wconf 77' lang='grc' dir='ltr'>β’,</span> <span class='ocrx_word' id='word_1_638' title='bbox 3347 4597 3767 4678; x_wconf 85' lang='grc' dir='ltr'>προκαθημένου,</span> <span class='ocrx_word' id='word_1_639' title='bbox 3819 4590 3899 4680; x_wconf 70' lang='grc' dir='ltr'>τοῦ</span> 
     </span>
    </p>
   </div>
   <div class='ocr_carea' id='block_1_103' title="bbox 2271 4675 3896 4770">
    <p class='ocr_par' dir='ltr' id='par_1_103' title="bbox 2271 4675 3896 4770">
     <span class='ocr_line' id='line_1_103' title="bbox 2271 4675 3896 4770; baseline 0.001 -23"><span class='ocrx_word' id='word_1_640' title='bbox 2271 4691 2565 4770; x_wconf 79' lang='grc' dir='ltr'>ἁγιωτάτου</span> <span class='ocrx_word' id='word_1_641' title='bbox 2594 4695 2748 4767; x_wconf 82' lang='grc' dir='ltr'>ἡμῶν</span> <span class='ocrx_word' id='word_1_642' title='bbox 2803 4690 3058 4747; x_wconf 86' lang='grc' dir='ltr'>δεσπότου</span> <span class='ocrx_word' id='word_1_643' title='bbox 3112 4689 3198 4744; x_wconf 84' lang='grc' dir='ltr'>καὶ</span> <span class='ocrx_word' id='word_1_644' title='bbox 3241 4685 3604 4763; x_wconf 84' lang='grc' dir='ltr'>οἰκουμενικοῦ</span> <span class='ocrx_word' id='word_1_645' title='bbox 3657 4675 3896 4755; x_wconf 74' lang='grc' dir='ltr'>πατριάρ-</span> 
     </span>
    </p>
   </div>
   <div class='ocr_carea' id='block_1_104' title="bbox 2269 4775 3897 4861">
    <p class='ocr_par' dir='ltr' id='par_1_104' title="bbox 2269 4775 3897 4861">
     <span class='ocr_line' id='line_1_104' title="bbox 2269 4775 3897 4861; baseline -0.01 -21"><span class='ocrx_word' id='word_1_646' title='bbox 2269 4804 2374 4861; x_wconf 88' lang='grc' dir='ltr'>χου</span> <span class='ocrx_word' id='word_1_647' title='bbox 2429 4781 2585 4860; x_wconf 80' lang='grc' dir='ltr'>κυροῦ</span> <span class='ocrx_word' id='word_1_648' title='bbox 2640 4787 2836 4852; x_wconf 72' lang='grc' dir='ltr'>Λωκᾶ,</span> <span class='ocrx_word' id='word_1_649' title='bbox 2895 4780 2947 4836; x_wconf 83' lang='grc' dir='ltr'>ἐν</span> <span class='ocrx_word' id='word_1_650' title='bbox 3005 4793 3119 4842; x_wconf 76' lang='grc' dir='ltr'>τοῖς</span> <span class='ocrx_word' id='word_1_651' title='bbox 3180 4775 3369 4842; x_wconf 69' lang='grc' dir='ltr'>δεξιοῖς</span> <span class='ocrx_word' id='word_1_652' title='bbox 3413 4775 3738 4840; x_wconf 76' lang='grc' dir='ltr'>Ἀλεξιακοϊς</span> <span class='ocrx_word' id='word_1_653' title='bbox 3773 4783 3897 4861; x_wconf 45' lang='grc' dir='ltr'>κῆτ-</span> 
     </span>
    </p>
   </div>
   <div class='ocr_carea' id='block_1_105' title="bbox 2269 4851 3896 4950">
    <p class='ocr_par' dir='ltr' id='par_1_105' title="bbox 2269 4851 3896 4950">
     <span class='ocr_line' id='line_1_105' title="bbox 2269 4851 3896 4950; baseline -0.01 -25"><span class='ocrx_word' id='word_1_654' title='bbox 2269 4851 2639 4948; x_wconf 66' lang='grc' dir='ltr'>ηχουμενίοις,</span> <span class='ocrx_word' id='word_1_655' title='bbox 2699 4851 3131 4946; x_wconf 82' lang='grc' dir='ltr'>συνεδριαζόντων</span> <span class='ocrx_word' id='word_1_656' title='bbox 3203 4872 3272 4942; x_wconf 77' lang='grc' dir='ltr'>τῇ</span> <span class='ocrx_word' id='word_1_657' title='bbox 3353 4862 3564 4942; x_wconf 78' lang='grc' dir='ltr'>μεγάλῃ</span> <span class='ocrx_word' id='word_1_658' title='bbox 3646 4851 3896 4950; x_wconf 47' lang='grc' dir='ltr'>ἁγιωσύνρ</span> 
     </span>
    </p>
   </div>
   <div class='ocr_carea' id='block_1_106' title="bbox 2270 4949 3897 5037">
    <p class='ocr_par' dir='ltr' id='par_1_106' title="bbox 2270 4949 3897 5037">
     <span class='ocr_line' id='line_1_106' title="bbox 2270 4949 3897 5037; baseline -0.015 -22"><span class='ocrx_word' id='word_1_659' title='bbox 2270 4963 2422 5018; x_wconf 72' lang='grc' dir='ltr'>αὐτοῦ</span> <span class='ocrx_word' id='word_1_660' title='bbox 2507 4957 2800 5037; x_wconf 75' lang='grc' dir='ltr'>ἱερωτάτων</span> <span class='ocrx_word' id='word_1_661' title='bbox 2882 4954 3198 5035; x_wconf 74' lang='grc' dir='ltr'>ἀρχιερέων,</span> <span class='ocrx_word' id='word_1_662' title='bbox 3284 4961 3377 5010; x_wconf 80' lang='grc' dir='ltr'>τοῦ</span> <span class='ocrx_word' id='word_1_663' title='bbox 3435 4949 3760 5030; x_wconf 80' lang='grc' dir='ltr'>Καισαρείας,</span> <span class='ocrx_word' id='word_1_664' title='bbox 3815 4949 3897 5037; x_wconf 67' lang='grc' dir='ltr'>του</span> 
     </span>
    </p>
   </div>
   <div class='ocr_carea' id='block_1_107' title="bbox 2275 5039 3894 5128">
    <p class='ocr_par' dir='ltr' id='par_1_107' title="bbox 2275 5039 3894 5126">
     <span class='ocr_line' id='line_1_107' title="bbox 2275 5039 3894 5126; baseline -0.005 -21"><span class='ocrx_word' id='word_1_665' title='bbox 2275 5039 2609 5126; x_wconf 77' lang='grc' dir='ltr'>Ἡρακλείας,</span> <span class='ocrx_word' id='word_1_666' title='bbox 2686 5047 2777 5101; x_wconf 79' lang='grc' dir='ltr'>τοῦ</span> <span class='ocrx_word' id='word_1_667' title='bbox 2851 5045 3162 5120; x_wconf 84' lang='grc' dir='ltr'>Ἀμασείας,</span> <span class='ocrx_word' id='word_1_668' title='bbox 3247 5053 3338 5101; x_wconf 79' lang='grc' dir='ltr'>τοῦ</span> <span class='ocrx_word' id='word_1_669' title='bbox 3425 5039 3745 5105; x_wconf 77' lang='grc' dir='ltr'>Μελιτηνῆς,</span> <span class='ocrx_word' id='word_1_670' title='bbox 3812 5044 3894 5081; x_wconf 73' lang='grc' dir='ltr'>του</span> 
     </span>
    </p>
   </div>
   <div class='ocr_carea' id='block_1_108' title="bbox 2271 5131 3894 5213">
    <p class='ocr_par' dir='ltr' id='par_1_108' title="bbox 2271 5131 3894 5213">
     <span class='ocr_line' id='line_1_108' title="bbox 2271 5131 3894 5213; baseline -0.009 -19"><span class='ocrx_word' id='word_1_671' title='bbox 2271 5137 2687 5210; x_wconf 87' lang='grc' dir='ltr'>Θεσσαλονίκης,</span> <span class='ocrx_word' id='word_1_672' title='bbox 2760 5140 2851 5190; x_wconf 79' lang='grc' dir='ltr'>τοῦ</span> <span class='ocrx_word' id='word_1_673' title='bbox 2910 5133 3337 5212; x_wconf 83' lang='grc' dir='ltr'>Νεοκαισαρείας,</span> <span class='ocrx_word' id='word_1_674' title='bbox 3392 5135 3484 5186; x_wconf 80' lang='grc' dir='ltr'>τοῦ</span> <span class='ocrx_word' id='word_1_675' title='bbox 3558 5131 3759 5206; x_wconf 83' lang='grc' dir='ltr'>Μύρων,</span> <span class='ocrx_word' id='word_1_676' title='bbox 3813 5135 3894 5213; x_wconf 57' lang='grc' dir='ltr'>τοιξ</span> 
     </span>
    </p>
   </div>
   <div class='ocr_carea' id='block_1_109' title="bbox 2270 5216 3894 5302">
    <p class='ocr_par' dir='ltr' id='par_1_109' title="bbox 2270 5216 3894 5302">
     <span class='ocr_line' id='line_1_109' title="bbox 2270 5216 3894 5302; baseline -0.004 -21"><span class='ocrx_word' id='word_1_677' title='bbox 2270 5234 2575 5294; x_wconf 80' lang='grc' dir='ltr'>Μωκισσοῦ,</span> <span class='ocrx_word' id='word_1_678' title='bbox 2640 5234 2732 5284; x_wconf 83' lang='grc' dir='ltr'>τοῦ</span> <span class='ocrx_word' id='word_1_679' title='bbox 2803 5224 3040 5302; x_wconf 80' lang='grc' dir='ltr'>Κρήτης,</span> <span class='ocrx_word' id='word_1_680' title='bbox 3113 5229 3205 5277; x_wconf 77' lang='grc' dir='ltr'>τοῦ</span> <span class='ocrx_word' id='word_1_681' title='bbox 3261 5216 3749 5300; x_wconf 79' lang='grc' dir='ltr'>Τραϊανουπόλεως,</span> <span class='ocrx_word' id='word_1_682' title='bbox 3811 5223 3894 5259; x_wconf 73' lang='grc' dir='ltr'>του</span> 
     </span>
    </p>
   </div>
   <div class='ocr_carea' id='block_1_110' title="bbox 2271 5305 3896 5394">
    <p class='ocr_par' dir='ltr' id='par_1_110' title="bbox 2271 5305 3896 5394">
     <span class='ocr_line' id='line_1_110' title="bbox 2271 5305 3896 5394; baseline -0.002 -46"><span class='ocrx_word' id='word_1_683' title='bbox 2271 5307 2638 5394; x_wconf 75' lang='grc' dir='ltr'>ἰεραπόλεως,</span> <span class='ocrx_word' id='word_1_684' title='bbox 2692 5319 2782 5369; x_wconf 78' lang='grc' dir='ltr'>τοῦ</span> <span class='ocrx_word' id='word_1_685' title='bbox 2838 5311 3021 5384; x_wconf 77' lang='grc' dir='ltr'>Αἴνου,</span> <span class='ocrx_word' id='word_1_686' title='bbox 3083 5317 3174 5366; x_wconf 81' lang='grc' dir='ltr'>τοῦ</span> <span class='ocrx_word' id='word_1_687' title='bbox 3220 5312 3490 5388; x_wconf 76' lang='grc' dir='ltr'>Δρίστρας,</span> <span class='ocrx_word' id='word_1_688' title='bbox 3537 5305 3628 5361; x_wconf 71' lang='grc' dir='ltr'>τοῦ</span> <span class='ocrx_word' id='word_1_689' title='bbox 3683 5305 3896 5390; x_wconf 53' lang='lat' dir='ltr'>Nacta“:</span> 
     </span>
    </p>
   </div>
   <div class='ocr_carea' id='block_1_111' title="bbox 2266 5389 3899 5484">
    <p class='ocr_par' dir='ltr' id='par_1_111' title="bbox 2266 5389 3899 5484">
     <span class='ocr_line' id='line_1_111' title="bbox 2266 5389 3899 5484; baseline -0.018 -22"><span class='ocrx_word' id='word_1_690' title='bbox 2266 5389 2378 5484; x_wconf 63' lang='grc' dir='ltr'>ζου,</span> <span class='ocrx_word' id='word_1_691' title='bbox 2425 5405 2518 5458; x_wconf 75' lang='grc' dir='ltr'>τοῦ</span> <span class='ocrx_word' id='word_1_692' title='bbox 2560 5400 2801 5459; x_wconf 69' lang='grc' dir='ltr'>Ἀϐύδου(</span> <span class='ocrx_word' id='word_1_693' title='bbox 2863 5409 2952 5458; x_wconf 81' lang='grc' dir='ltr'>τοῦ</span> <span class='ocrx_word' id='word_1_694' title='bbox 3008 5398 3270 5478; x_wconf 83' lang='grc' dir='ltr'>Μιλήτου,</span> <span class='ocrx_word' id='word_1_695' title='bbox 3315 5400 3409 5454; x_wconf 74' lang='grc' dir='ltr'>τοῦ</span> <span class='ocrx_word' id='word_1_696' title='bbox 3452 5389 3760 5470; x_wconf 82' lang='grc' dir='ltr'>Σηλυϐρίας,</span> <span class='ocrx_word' id='word_1_697' title='bbox 3816 5400 3899 5436; x_wconf 82' lang='grc' dir='ltr'>του</span> 
     </span>
    </p>
   </div>
   <div class='ocr_carea' id='block_1_112' title="bbox 2082 5561 2335 5628">
    <p class='ocr_par' dir='ltr' id='par_1_112' title="bbox 2082 5561 2335 5628">
     <span class='ocr_line' id='line_1_112' title="bbox 2082 5561 2335 5628; baseline 0.008 -2"><span class='ocrx_word' id='word_1_698' title='bbox 2082 5561 2335 5628; x_wconf 67' lang='lat' dir='ltr'>NOTAE.</span> 
     </span>
    </p>
   </div>
   <div class='ocr_carea' id='block_1_113' title="bbox 605 5688 3369 5782">
    <p class='ocr_par' dir='ltr' id='par_1_113' title="bbox 605 5688 3369 5782">
     <span class='ocr_line' id='line_1_113' title="bbox 605 5688 3369 5782; baseline -0.005 -18"><span class='ocrx_word' id='word_1_699' title='bbox 605 5701 734 5782; x_wconf 78' lang='lat'>(25)</span> <span class='ocrx_word' id='word_1_700' title='bbox 761 5698 1164 5781; x_wconf 77' lang='lat' dir='ltr'>Cognomeuto</span> <span class='ocrx_word' id='word_1_701' title='bbox 1199 5697 1669 5780; x_wconf 79' lang='lat' dir='ltr'>Chrysobergis,</span> <span class='ocrx_word' id='word_1_702' title='bbox 1703 5698 1777 5760; x_wconf 92' lang='lat' dir='ltr'>de</span> <span class='ocrx_word' id='word_1_703' title='bbox 1813 5699 1983 5780; x_wconf 87' lang='lat' dir='ltr'>cujus</span> <span class='ocrx_word' id='word_1_704' title='bbox 2015 5703 2187 5760; x_wconf 84' lang='lat' dir='ltr'>aetate</span> <span class='ocrx_word' id='word_1_705' title='bbox 2218 5695 2330 5768; x_wconf 86' lang='lat' dir='ltr'>lib.</span> <span class='ocrx_word' id='word_1_706' title='bbox 2358 5693 2736 5778; x_wconf 71' lang='lat' dir='ltr'>praecedente</span> <span class='ocrx_word' id='word_1_707' title='bbox 2763 5690 2985 5754; x_wconf 89' lang='lat' dir='ltr'>dictum</span> <span class='ocrx_word' id='word_1_708' title='bbox 3021 5690 3160 5772; x_wconf 77' lang='lat' dir='ltr'>(col.</span> <span class='ocrx_word' id='word_1_709' title='bbox 3192 5688 3369 5771; x_wconf 86' lang='lat'>769).</span> 
     </span>
    </p>
   </div>
  </div>
