4130 6416
333 350 458 422 885

1691 353 2276 422 ὓΒιΕΟΟ-ΒΟΜΑΝ
2286 357 2395 418 UM

327 488 547 583 Ξιζύης,
593 499 687 549 τοῦ
728 491 1058 569 Μαρωνείας,
1105 494 1197 547 τοῦ
1261 491 1474 569 Παρίου,
1547 493 1640 546 τοῦ
1696 491 1842 571 Κίου,
1902 485 2642 583 roBAsugdophullorum,
2887 491 3163 553 Herculis
3227 511 3240 555 ζ

3611 361 3729 426 886

3303 494 3636 556 astantibus
3667 501 3727 557 et

331 565 556 656 υΑπρω,
590 585 680 634 τοῦ
713 565 902 658 Νίκης,
937 585 1028 636 τοῦ
1075 581 1310 652 Γοτθίας,
1344 565 1471 636 ’τοῦν
1516 565 1841 658 Ματράχων,
1894 582 1966 637 toi

2069 565 2536 657 religiosissimis
2558 577 2878 640 dominicis
2904 581 3408 658 magistratibus'v.

327 663 794 746 Σουγδοφούλλων,
841 669 927 724 καί
956 670 1042 724 τοί
1073 669 1177 725 τῶν
1211 658 1494 748 Ἠρακλέος
1530 685 1544 698 ·
1578 668 1981 747 παρισταμένων

324 755 416 810 καὶ
458 754 873 834 θεοφιλεστάτων
904 755 1228 814 δεσποτικῗω
1271 758 1576 837 ἀρχόντων.

414 835 470 902 ’0
552 845 832 922 ἱερώτατος
908 835 1377 926 ἀρχιεπίσκοποςη
1414 852 1512 913 τῆς
1595 845 1977 926 μητροπόλεως

328 931 720 1000 Θεσσαλονίκης
762 945 1158 998 Κωνσταντῖνος
1213 937 1548 1016 περιηχήθη,
1603 934 1682 991 ὅτι
1752 937 1818 992 τὰ
1875 942 1975 1004 τῆς

322 1019 601 1101 λαχούσης
689 1025 845 1082 αὐτὸν
921 1024 1304 1103 μητροπόλεως
1376 1023 1596 1105 διάφορα
1663 1025 1972 1106 πράγματα,

323 1113 429 1190 οὐχ
485 1111 643 1178 ἧττον
701 1109 755 1167 δὲ
810 1115 896 1169 καὶ
952 1114 1016 1169 τὰ
1085 1114 1163 1189 τῷ
1235 1116 1337 1192 πρὸ
1392 1118 1550 1173 αὒτοῦ
1608 1113 1973 1192 μητροπολίτῃ

2145 843 2571 906 Sanctissimus
2594 845 3080 926 archiepiscopus
3102 847 3448 928 metropolis
3468 846 3717 910 Thessa-

2060 928 2384 993 lonicensis
2415 930 2838 995 Constantinus
2866 933 3112 1013 indigne
3139 953 3204 996 se
3225 936 3381 997 ferre
3404 935 3718 1011 clamabat,

2059 1019 2214 1098 quod
2244 1020 2505 1082 diversas
2550 1021 2898 1102 metropolis
2929 1041 3052 1084 sua;
3089 1023 3542 1105 res,itidemque
3575 1043 3716 1105 per-

2059 1108 2319 1170 tinentes
2338 1109 2407 1170 ad
2435 1109 2956 1190 metropolitanum
2983 1110 3366 1173 decessorem
3389 1113 3720 1190 suum,cle-

321 1198 610 1273 ἀνήκοντα,
677 1200 994 1281 ἀφήρπασάν
1053 1223 1188 1268 τινες
1244 1205 1349 1259 τῶν
1415 1200 1504 1259 ὑπ’
1565 1204 1723 1260 αὐτὸν
1782 1202 1966 1282 κληρι-

2067 1196 2168 1257 rici
2199 1197 2438 1278 quidam
2470 1197 2584 1260 sibi
2635 1198 2863 1260 subditi
2913 1199 3326 1282 diripuissent.
3359 1201 3432 1263 Et
3459 1201 3720 1265 interro-

318 1295 454 1350 κῶν,
490 1289 588 1346 Καὶ
644 1288 800 1368 ἤρετο
855 1289 1136 1357 συνοδικῶς
1197 1291 1604 1371 προκαθημένης
1667 1296 1764 1358 τῆς
1820 1294 1966 1367 ἡμῶν

2067 1284 2230 1363 gabat
2262 1286 2322 1348 in
2357 1287 2614 1367 synodo,
2650 1288 3003 1368 praesidente
3053 1290 3466 1353 mediocritate
3494 1299 3719 1367 nostra,

321 1379 692 1456 μετριότητος,
755 1380 805 1435 τί
869 1378 965 1460 ἀρα
1025 1378 1207 1456 μέλλει
1281 1379 1644 1460 διαπράξεσθαι
1719 1381 1804 1438 ἐπῖ
1861 1395 1966 1448 τοῖς

2067 1373 2200 1455 quid
2227 1376 2521 1453 agendum
2553 1385 2711 1438 esset
2757 1379 2817 1438 in
2878 1397 3003 1457 eos,
3036 1378 3136 1458 qui
3195 1387 3312 1441 tam
3345 1379 3620 1461 nequiter
3648 1382 3723 1442 ad

324 1465 466 1522 οὕτω
523 1466 841 1547 παραλόγως
921 1471 994 1532 εἰς
1062 1470 1162 1536 τὴν
1226 1470 1476 1536 τοιαύτην
1545 1468 1726 1541 πρᾶξιν
1800 1469 1966 1536 ἐξενε-

2067 1465 2193 1544 ejus
2227 1465 2387 1526 modi
2439 1465 2668 1526 facinus
2717 1466 3176 1531 exorbitassent.
3230 1470 3609 1549 Responsum
3635 1477 3724 1531 est

319 1558 520 1636 χθεῖσι.
564 1555 670 1614 Καὶ
697 1555 942 1632 ἤκουσεν,
990 1561 1064 1622 ὡς
1108 1559 1220 1616 ἐπεὶ
1281 1559 1382 1615 ἀπὸ
1437 1557 1699 1639 διαφόρων
1744 1561 1966 1617 κανόνων

2067 1553 2242 1632 quod,
2279 1572 2413 1615 cum
2446 1573 2512 1616 ex
2546 1554 2796 1616 diversis
2828 1555 3162 1618 canonibus
3185 1564 3242 1618 et
3272 1557 3527 1636 legibus,
3563 1577 3718 1639 qua-

318 1645 409 1700 καὶ
435 1643 635 1726 νόμων,
667 1648 740 1700 ὦν
767 1647 855 1702 καὶ
905 1649 933 1704 ὁ
988 1647 1145 1726 λόγος
1177 1647 1463 1726 κατωτέρω
1507 1649 1899 1723 μνησθήσεται,
1932 1651 1966 1706 ο¹

2067 1659 2194 1702 rum
2217 1642 2464 1704 inferius
2495 1643 2552 1704 in
2589 1643 2699 1704 hoc
2730 1644 2950 1725 scripto
2983 1646 3082 1706 ﬁet
3127 1646 3523 1720 mentio,talia
3552 1665 3722 1709 com-

319 1739 540 1790 τοιαῦτα
568 1735 882 1813 πράττοντες
925 1737 1155 1800 εὐθύναις
1212 1737 1606 1816 προσηκούσαις
1643 1737 1970 1810 ὑπόκεινται,

324 1823 412 1877 καὶ
445 1825 490 1879 οἱ
519 1827 618 1888 τῆς
650 1821 770 1879 κατ’
816 1825 973 1883 αὗτὸν
1017 1823 1350 1892 Ἐκκλησίας
1398 1824 1663 1905 κληρικοὶ,
1698 1827 1834 1902 μετά
1857 1824 1972 1892 ἐξέ-

325 1932 476 1967 τασιν
505 1910 714 1990 ἀκριϐῆ,
772 1914 860 1969 καὶ
909 1919 1008 1980 τῆς
1066 1913 1312 1983 ἀληθείας
1372 1913 1676 1994 διάγνωσιν,
1706 1917 1973 1978 τοιυύταις

322 1997 564 2077 πράξεσιν
595 2001 996 2079 εὑρεθησόμενοι
1027 2002 1157 2083 ἔνοχ
1161 2027 1235 2079 οι,
1281 2004 1416 2060 κατὰ
1465 2003 1560 2070 τὴν
1591 2006 1695 2059 τῶν
1724 2005 1972 2061 τοιούτων

320 2089 497 2163 νόμων
539 2090 627 2146 καὶ
669 2091 905 2146 κανόνων
960 2092 1272 2171 περίληψιν,
1323 2093 1738 2162 εὖθυνθήσονται.
1804 2097 1862 2152 Οἱ
1919 2090 1973 2149 δὲ

318 2175 536 2243 κανόνες
578 2180 666 2234 καὶ
698 2181 744 2236 οἱ
775 2180 948 2256 νόμοι,
980 2183 1026 2238 οἱ
1055 2183 1176 2246 τοὺς
1205 2188 1421 2240 τοιαῦτα
1465 2183 1786 2260 πράττοντας
1821 2183 1973 2240 εὖθύ-

317 2288 520 2340 νοντες,
553 2266 768 2347 ἔχουσιν
809 2267 974 2333 οὕτως
1018 2286 1033 2302 ⁸

402 2444 585 2501 Κανὼν
626 2435 711 2522 οβ’
751 2449 857 2503 τῶτ
888 2447 1050 2524 ἁγίων
1080 2446 1390 2504 ἀποστόλων
1432 2466 1444 2479 ·
1500 2445 1568 2504 E’t'
1608 2471 1690 2512 τις
1718 2447 1971 2528 κληρικὸς

315 2531 352 2600 ἢ
379 2530 570 2598 λα’ίκὸς
599 2533 706 2590 ἀπὸ
733 2540 832 2601 τῆς
863 2536 1015 2613 ἁγίας
1067 2535 1349 2604 ἐκκλησίας
1396 2535 1655 2616 ἀφέληται
1710 2539 1874 2615 κηρὸν
1934 2537 1968 2606 ἢ

316 2618 514 2694 ἔλαιον,
557 2621 880 2704 ἀφοριζέσθω
913 2639 928 2654 ⁸
989 2626 1077 2682 καὶ
1136 2627 1198 2683 τὸ
1241 2625 1570 2702 ἐπίπεμπτον
1615 2626 1970 2704 προστιθέσθω

315 2706 433 2786 μεθ’
465 2711 525 2765 οὗ
552 2708 759 2771 ἔλαϐεν.

397 2803 506 2865 Τῆς
558 2797 611 2854 ἐν
655 2801 864 2880 Γάγγρᾳ
922 2799 1136 2861 συνόδου
1180 2802 1353 2858 κανὼν
1379 2791 1450 2873 ζ’.
1489 2801 1552 2860 Εἴ
1595 2825 1675 2866 τις
1704 2803 1799 2868 τὰς
1842 2826 1968 2884 καρ-

314 2887 570 2967 ποφορίας
639 2889 733 2953 τὰς
806 2889 1251 2958 ἐκκλησιαστικὰς
1322 2889 1487 2948 ἐθέλοι
1562 2890 1868 2968 λαμϐάνειν,
1928 2893 1964 2962 ἢ

316 2975 512 3032 διδόναι
556 2976 656 3043 ἔξω
697 2984 796 3046 τῆς
852 2978 1155 3054 ἐκκλησίας,
1218 2980 1361 3057 παρὰ
1417 2980 1637 3058 γνώμην
1695 2988 1784 3038 τοῦ
1838 2982 1963 3039 ἐπι-

315 3066 538 3146 σκόπου,
585 3066 622 3135 ἢ
663 3075 754 3124 τοῦ
824 3067 1290 3148 ἐγκεχειρισμένου
1343 3069 1408 3124 τὰ
1459 3069 1698 3142 τοιαύτα,
1743 3071 1830 3127 καὶ
1885 3072 1961 3147 μὴ

317 3155 450 3228 μετά
534 3155 754 3233 γνώμης
851 3158 1008 3216 αὖτοῦ
1105 3155 1270 3213 ἐθέλοι
1373 3157 1640 3238 πράττειν,
1729 3158 1964 3236 ἀνάθεμα

315 3241 476 3302 ἔστω.

398 3335 506 3400 Τῆς
540 3330 592 3387 ἐν
625 3330 926 3400 Χαλκηδόνι
983 3331 1198 3391 συνόδου
1233 3334 1410 3390 γανὼν
1465 3324 1520 3411 β’
1554 3354 1568 3369 ⁶
1628 3337 1716 3404 Μὴ
1774 3335 1966 3403 ἐξεῖναι

314 3418 578 3499 κληρικῳ,
633 3422 768 3496 μετά
829 3422 1052 3479 θάνατον
1114 3432 1205 3482 τοῦ
1260 3421 1388 3479 ἰδίου
1446 3423 1757 3500 ἐπισκόπου,
1818 3425 1968 3507 διαρ-

313 3509 496 3580 πάζειν
524 3511 591 3566 τὰ
620 3507 933 3591 διαφέροντα
979 3515 1122 3588 αὒτῷ
1167 3512 1474 3592 πράγματα,
1530 3517 1704 3578 καθὼς
1733 3517 1820 3573 καὶ
1849 3529 1969 3583 τοῖς

315 3598 479 3657 πάλαι
536 3600 752 3657 κανόσιν
793 3600 1178 3679 ἀπηγόρευται.
1241 3581 1298 3660 ’ῘΙ
1328 3603 1453 3666 τοὺς
1479 3611 1633 3660 τοῦτο
1664 3613 1966 3683 ποιοῦντας,

313 3687 624 3744 κινδυνεύειν
653 3691 726 3754 εἷς
756 3691 876 3753 τοὺς
907 3689 1062 3754 ἰδίους
1092 3692 1346 3768 βαθμούς.

394 3778 500 3846 Τῆς
554 3777 609 3833 ἐν
685 3778 1232 3862 Κωνσταντινουπόλει
1289 3780 1344 3836 ἐν
1400 3788 1477 3856 τῷ
1547 3781 1795 3862 Τρούλλῳ
1874 3791 1965 3841 τοῦ

312 3864 573 3923 παλατίου
629 3865 843 3924 συνόδου
885 3869 1060 3924 κανὼν
1117 3858 1198 3924 λε’
1225 3884 1238 3898 ·
1304 3874 1392 3936 Μῆ
1450 3867 1642 3935 ἐξέστω
1711 3874 1810 3929 τινὶ
1858 3880 1964 3930 τῶν

312 3954 745 4035 μητροπολιτῶν,
847 3955 1198 4021 τελευτῶντος
1291 3959 1583 4016 ἐπισκόπου
1689 3959 1963 4027 τελοῦντος

308 4043 410 4100 ὑπὸ
440 4045 530 4100 τὸν
585 4043 704 4101 κατ’
758 4045 916 4102 αὐτὸν
975 4043 1180 4124 θρόνον,
1244 4047 1309 4102 τὰ
1361 4051 1517 4105 αύτοῦ
1572 4049 1857 4128 πράγματα
1927 4051 1963 4119 ἢ

307 4137 409 4200 τῆς
478 4130 596 4190 κατ’
667 4134 821 4193 αὗτὸν
879 4132 1230 4215 Ἐκκλησίας,
1290 4135 1629 4216 ἀφαιρεῖσθαι
1687 4138 1722 4207 ἢ
1781 4161 1963 4220 σφετε-

309 4223 537 4300 ρίζεσθαι
571 4238 590 4259 ⁶
649 4221 772 4278 ἀλλ’
806 4224 908 4280 ὑπὸ
951 4223 1334 4303 παραφυλακὴν
1379 4223 1611 4282 ἔστωσαν
1670 4228 1761 4284 τοῦ
1816 4228 1959 4299 κλή-

306 4333 398 4389 ρου
426 4315 523 4378 τῆς
556 4307 904 4391 Ἐκκλησίας,
935 4333 1002 4380 ης
1060 4315 1087 4369 ὁ
1143 4315 1462 4384 τελευτήσας
1507 4315 1764 4397 ἐτύγχανε
1821 4320 1960 4398 πρό-

2064 1729 2370 1793 mittentes
2386 1731 2878 1794 convenientibus
2901 1733 3092 1813 pmnis
3115 1733 3355 1797 obnoxii
3371 1735 3516 1808 sint;
3543 1736 3718 1797 etiam

2056 1817 2608 1882 Thessalonicensis
2665 1820 2949 1883 Ecclesia:
2979 1821 3206 1898 clerici,
3241 1831 3516 1884 accurato
3550 1823 3715 1903 prius

2057 1908 2332 1968 examine
2389 1907 2612 1983 habito,
2674 1918 2733 1972 et
2788 1909 3035 1970 veritate
3078 1911 3334 1988 cognita,
3390 1909 3441 1972 si
3499 1909 3716 1972 talibus

2056 1995 2420 2057 facinoribus
2482 1996 2722 2058 obnoxii
2780 1997 3177 2078 reperiantur,
3219 2007 3392 2078 prout
3420 1999 3718 2078 ejusmodi

2056 2085 2288 2165 legibus
2339 2095 2395 2146 et
2441 2086 2770 2148 canonibus
2825 2087 3224 2165 contineatur,
3279 2088 3368 2149 rei
3402 2087 3722 2169 paragendi

2058 2173 2177 2235 sint
2200 2196 2214 2250 ;
2239 2193 2532 2237 canonum
2560 2184 2787 2251 vero,et
2805 2176 3280 2257 legum,quarum
3296 2196 3502 2255 poenas
3520 2177 3728 2239 incur-

2057 2271 2196 2324 runt
2225 2263 2570 2343 hujusmodi
2603 2264 2935 2328 facinorum
2969 2273 3268 2340 auctores,
3305 2266 3430 2327 haec
3463 2273 3553 2328 est
3575 2282 3721 2329 sen-

2058 2351 2263 2414 tentia.

2138 2444 2337 2506 Canon
2367 2459 2530 2504 Lxxn
2591 2448 2932 2503 sanctorum
2989 2441 3396 2522 apostolorum
3433 2459 3446 2501 :
3480 2442 3545 2505 Si
3577 2442 3711 2524 quis

2054 2530 2308 2593 clericus
2339 2539 2438 2593 aut
2493 2531 2675 2593 laicus
2725 2549 2793 2590 ex
2827 2538 3026 2592 sancta
3061 2531 3315 2592 ecclesia
3335 2548 3533 2592 ceram
3564 2532 3710 2594 abs-

2054 2621 2277 2694 tulerit,
2312 2622 2400 2682 vel
2444 2623 2640 2682 oleum
2679 2627 3058 2699 segregator;
3094 2627 3152 2680 et
3185 2627 3399 2701 praeter
3431 2619 3520 2696 id,
3551 2621 3712 2702 quod

2052 2708 2302 2788 accepit,
2341 2707 2812 2790 sesquiquintum
2847 2707 3113 2787 adjiciat.

2133 2800 2334 2862 Canon
2366 2815 2444 2861 vn
2495 2796 2704 2878 synodi
2763 2797 3123 2874 Gangrensis
3158 2817 3171 2856 :
3211 2794 3273 2858 Si
3323 2795 3458 2877 quis
3485 2796 3717 2858 fructus

2047 2887 2486 2950 ecclesiasticos
2505 2886 2782 2966 accipere
2812 2884 3086 2958 voluerit,
3115 2891 3214 2946 aut
3243 2884 3386 2945 dare
3409 2893 3572 2946 extra
3602 2903 3706 2949 ec-

2047 2975 2313 3049 clesiam,
2352 2985 2566 3056 praeter
2595 2973 2952 3036 sententiam
2986 2971 3275 3054 episcopi,
3297 2972 3389 3034 vel
3422 2974 3574 3052 ejus,
3614 2974 3716 3054 qui

2049 3065 2186 3125 talia
2217 3064 2539 3125 commissa
2560 3071 2842 3138 sunt,nec
2864 3077 3041 3140 agere
3067 3079 3200 3122 cum
3227 3059 3388 3122 illius
3409 3061 3709 3124 voluntate

1983 3130 2022 3180 Ο
2050 3153 2190 3215 velit
2222 3171 2234 3216 :
2273 3154 2587 3216 anathema
2618 3130 2713 3214 sit;

2131 3333 2333 3393 Canon
2366 3348 2405 3393 ιι
2439 3330 2656 3413 synodi
2688 3326 3352 3392 Chalcedonensis.Non
3384 3327 3561 3389 liceat
3588 3327 3715 3390 cle-

2051 3421 2200 3498 rico,
2238 3430 2368 3503 post
2405 3429 2654 3482 mortem
2689 3419 2954 3500 episcopi
2981 3418 3094 3492 sui,
3129 3437 3226 3480 res
3258 3419 3330 3480 ad
3361 3435 3493 3479 eum
3528 3418 3717 3498 perti-

2054 3517 2264 3572 nentes
2295 3510 2573 3590 deripere
2608 3527 2620 3571 :
2679 3507 3184 3589 quemadmodum
3231 3506 3444 3588 priscis
3481 3525 3716 3588 quoque

2053 3599 2383 3660 canonibus
2406 3607 2494 3660 est
2523 3597 2913 3678 prohibitum.
2947 3594 3054 3656 Vel
3092 3595 3192 3676 qui
3215 3596 3326 3656 hoc
3356 3593 3602 3676 faciunt,
3638 3596 3714 3659 de

2051 3687 2238 3766 gradu
2269 3705 2374 3748 suo
2415 3686 2852 3767 periclitentur.

2131 3774 2330 3838 Canon
2379 3791 2542 3838 xxxv
2600 3773 2810 3855 synodi
2889 3769 3583 3851 Constantinopolitanae,
3649 3771 3713 3832 in

2051 3863 2258 3926 Trullo
2293 3864 2495 3945 pa'atii
2537 3862 2871 3924 celebratae.
2906 3860 3036 3922 Non
3070 3861 3247 3921 liceat
3274 3859 3451 3920 alicui
3483 3865 3710 3920 metro-

2050 3952 2334 4034 politano,
2376 3972 2507 4014 cum
2549 3951 2866 4032 episcopus
2897 3951 3110 4011 throno
3141 3967 3247 4010 suo
3272 3945 3543 4008 subditus
3575 3965 3711 4008 mo-

2049 4041 2223 4123 ritur,
2280 4043 2409 4122 ejus
2464 4059 2561 4103 res
2608 4039 2785 4120 atque
2835 4038 3016 4119 bona,
3075 4036 3166 4099 vel
3217 4035 3394 4098 etiam
3439 4035 3712 4098 ecclesiae

2049 4131 2259 4212 ipsius,
2319 4131 2576 4212 auferre,
2637 4129 2823 4191 sibive
2881 4127 3226 4190 vindicare:
3290 4124 3398 4187 sed
3433 4123 3542 4186 sub
3577 4124 3709 4204 ejus

2047 4221 2316 4282 ecclesiae
2347 4221 2494 4282 cleri
2530 4219 2798 4281 custodia
2829 4217 3152 4298 sint,cujus
3197 4215 3257 4276 in
3287 4233 3507 4296 praeses
3555 4221 3704 4289 erat,

2045 4310 2148 4390 qui
2180 4310 2336 4371 diem
2373 4308 2558 4390 obiit;
2617 4308 2809 4370 donec
2853 4308 3005 4368 alius
3062 4305 3380 4386 episcopus
3410 4303 3705 4385 praeﬁcia-

306 4397 475 4476 εδρος,
523 4399 685 4488 μέχρι
715 4400 810 4469 τῆς
853 4399 1032 4476 ἐτέρου
1061 4401 1352 4459 ἐπισκόπου
1396 4392 1671 4482 προϐολῆς
1699 4421 1712 4435 ⁸
1776 4392 1951 4488 ἐκτὸς,

2067 4417 2137 4459 ur
2169 4416 2181 4461 :
2220 4405 2491 4479 excepto,
2556 4399 2605 4459 si
2654 4397 2802 4458 nulli
2860 4397 2975 4458 sint
3025 4395 3086 4456 in
3121 4413 3189 4456 ea
3220 4393 3474 4456 ecclesia
3503 4392 3709 4455 clerici

307 4490 352 4544 εἰ
407 4489 484 4563 μὴ
527 4487 769 4568 κληρικοὶ
825 4488 880 4544 ἐν
937 4496 1003 4566 τῇ
1067 4489 1322 4564 ἐκκλησίᾳ
1381 4493 1484 4572 οὐχ
1537 4487 1954 4574 ὑπελείφθησαν.

307 4585 604 4645 Τηνικαῦτα
686 4579 785 4656 γὰρ
868 4581 896 4634 ὁ
1001 4579 1400 4659 μητροπολίτης
1502 4589 1665 4639 ταῦτα
1748 4583 1959 4664 φυλάξει

305 4666 566 4742 ἀμείωτα,
639 4674 716 4743 τῷ
772 4668 1354 4748 ’χειροτονηθησομένῳ
1445 4669 1720 4745 ἐπισκόπῳ
1786 4673 1959 4729 πάντα

305 4754 555 4819 ἀποδοῦς.

387 4843 595 4902 Βιϐλίου
627 4835 694 4922 ξ’,
722 4845 895 4910 τίτλος
940 4836 1050 4922 με’,
1084 4845 1373 4926 κεφάλαιον
1424 4837 1500 4922 α’,
1556 4850 1802 4923 θεμάτιον
1857 4839 1911 4926 β’
1941 4866 1960 4885 ⁸

306 4936 379 4993 Τὸ
422 4932 473 4990 δὲ
519 4933 874 5000 πεκουλάτους
942 4949 1169 4992 κινεῖται
1223 4936 1359 4992 κατὰ
1401 4943 1494 4992 τοῦ
1537 4936 1858 5016 ἀφελομένου
1901 4938 1964 4996 ἐκ

303 5024 410 5079 τῶν
439 5025 613 5103 ἱερῶν,
674 5022 710 5092 ἢ
769 5024 1069 5104 μνημείων,
1113 5023 1149 5092 ἣ
1211 5023 1479 5099 δημοσίων
1541 5028 1862 5106 χρημάτων,
1922 5027 1958 5095 ἢ

306 5111 631 5192 στρέψαντος
663 5114 734 5193 εἰς
779 5111 908 5179 ἰδίας
939 5115 1146 5193 χρείας.

390 5201 485 5258 Καὶ
527 5221 650 5281 κενρ.
683 5191 752 5276 δ’,
783 5212 876 5260 τοῦ
908 5191 1066 5259 αλδ-τοῦ
1105 5201 1280 5259 τίτλου
1323 5204 1410 5259 καὶ
1462 5201 1663 5280 βιϐλίου
1695 5221 1710 5237 ·
1759 5212 1845 5279 Τῷ
1903 5203 1957 5260 δὲ

305 5288 662 5356 πεκουλάτους
706 5291 1000 5370 ὁπόκειται,
1073 5293 1160 5348 καὶ
1213 5294 1241 5347 ὁ
1294 5292 1427 5370 ἱερὰ,
1494 5293 1529 5360 ἢ
1578 5292 1637 5348 ἐκ
1700 5295 1959 5369 μνημείου

309 5378 567 5458 χρήματα
595 5375 904 5459 λαμϐάνων,
948 5377 984 5446 ἢ
1015 5381 1076 5436 τὸ
1106 5379 1335 5460 δωρηθέν
1366 5387 1504 5456 Θεῷ.

2044 4487 2420 4568 superstites.
2477 4486 2644 4548 Tunc
2706 4487 2868 4548 enim
2928 4485 3426 4565 metropolitanus
3459 4501 3528 4544 ea
3586 4501 3704 4544 non

2044 4577 2350 4638 deminuta
2381 4575 2738 4653 servabit,ac
2768 4574 3102 4638 ordinando
3135 4573 3415 4654 episcopo
3434 4572 3707 4634 universa

2044 4665 2342 4730 restituet.

2126 4843 2306 4904 Liber
2337 4841 2726 4904 Basilicorum
2760 4857 2862 4920 Lx,
2889 4839 3060 4902 titulo
3092 4855 3231 4914 XLV,
3267 4838 3462 4920 capite
3489 4855 3533 4914 ι,
3564 4838 3702 4900 the-

2047 4933 2225 4994 matio
2257 4949 2322 4994 ll.
2357 4933 2598 4992 Crimen
2629 4930 2938 5010 peculatus
2969 4928 3297 4990 intentatur
3326 4928 3403 5003 ei,
3435 4927 3536 5008 qui
3565 4945 3702 4988 sur-

2043 5022 2182 5103 ripit
2213 5041 2244 5082 e
2274 5020 2640 5100 templis,aut
2671 5018 3101 5100 sepulcris,aut
3116 5019 3386 5098 pecuniis
3417 5015 3697 5097 publicis,

2044 5111 2133 5172 vel
2160 5129 2260 5172 eas
2289 5109 2349 5170 in
2386 5127 2528 5171 usus
2557 5126 2696 5170 suos
2727 5108 3042 5169 convertit.

2119 5198 2263 5260 Item
2297 5217 2426 5278 cap.
2476 5214 2554 5267 Iv,
2610 5197 2886 5277 ejusdem
2921 5195 3074 5258 tituli
3133 5203 3190 5258 et
3217 5194 3360 5258 libri
3395 5217 3407 5254 :
3438 5192 3701 5258 Crimine

2043 5290 2354 5369 peculatus
2387 5294 2646 5363 tenetur,
2695 5295 2752 5348 et
2810 5286 2909 5367 qui
2941 5304 3163 5363 sacras,
3196 5285 3287 5347 vel
3319 5303 3388 5347 ex
3421 5285 3697 5367 sepulcro

2044 5377 2352 5458 pecunias,
2387 5377 2476 5437 Vel
2514 5377 2636 5438 Deo
2669 5375 2928 5438 dicatum
2961 5375 3100 5455 quid
3129 5375 3368 5456 accipit.

1656 5548 1920 5614 VARIIE
1943 5543 2376 5614 LECTIONES.

387 5679 412 5723 ν
442 5667 833 5750 ofﬁcialibus.
