4130 6420
361 417 481 482 889

1725 399 2409 473 GRIECO-ROMANUM

3625 391 3744 460 890

362 544 528 604 δόσιν.
605 533 770 601 Ἀλλὰ
817 542 906 599 καὶ
961 541 1008 599 οἶ
1086 546 1458 618 παροικοῦντες
1531 537 1585 596 ἐν
1651 539 2005 616 προαστείοις,

2120 530 2209 594 ibi
2231 531 2559 595 vindicans.
2590 530 2928 604 Quinetiam
2961 529 3073 592 sub
3100 527 3399 592 territorio
3437 525 3736 618 pontiﬁcis

361 636 462 691 ὑπὸ
486 633 684 712 ἐνορίαν
725 629 964 688 τελοῦσιν
1018 627 1314 710 ἀρχιερέως
1381 626 1547 701 τινὸς,
1606 627 1640 683 ἃ
1681 624 2012 692 δεσποτικῶς

361 720 688 804 διαφέρουσιν
729 723 894 800 ἱεροῖς
945 742 1051 776 τισι
1127 715 1390 794 σαμνείοις
1460 716 1547 772 καὶ
1573 716 1862 795 εῦκτηρίοις
1919 715 2013 772 οἵ-

361 803 475 877 κοις
520 813 564 867 εί
633 810 712 886 μὴ
764 809 848 867 ἐπὶ
917 808 1323 888 σταυροπηγίοις
1369 819 1779 886 πατριαρχικοῖς
1834 803 2012 887 ἀρχῆ-

359 906 446 959 θεν
497 899 660 982 ἔσχον
715 899 814 968 τὴν
866 899 1136 959 συστάσιν.
1194 905 1365 957 Ταῦτα
1433 898 1495 954 ἐκ
1561 905 1666 954 τῶν
1708 900 2012 978 ἡμερησίων

359 989 643 1052 συνοδικῶν
697 988 1196 1069 παρασημειώσεων
1293 986 1741 1069 παρεκϐληθέντα,
1805 990 1892 1045 καὶ
1945 992 2013 1064 τῇ

357 1081 637 1160 ὑπογραφῇ
698 1079 787 1135 καὶ
836 1075 1088 1159 σφραγῖδι
1147 1085 1240 1135 τοῦ
1294 1078 1614 1154 τιμιωτάτου
1666 1076 2012 1158 χαρτοφύλα-

356 1192 451 1235 κος
482 1170 572 1226 καὶ
627 1166 914 1249 ὑπερτίμω)
971 1167 1146 1247 κυρίου
1216 1167 1462 1227 Ἰωάννου
1531 1175 1622 1226 τοῦ
1693 1175 2015 1246 Καματηροῦ

358 1255 733 1334 βεϐαιωθέντα,
804 1254 1026 1323 ἐπεδόθη
1124 1257 1252 1332 μηνὶ
1347 1257 1436 1314 καὶ
1501 1255 1811 1332 ἐπινεμήσει
1893 1268 2012 1318 τοῖς

357 1343 875 1427 προγεγραμμένοις,
907 1343 1055 1410 ἔτους
1106 1344 1279 1424 ,ς’ψέ
1292 1393 1306 1408 ,

911 1470 934 1520 ς
987 1438 1051 1506 Ἠ
1093 1447 1395 1528 ὑπογραφή,
1433 1468 1461 1500 n

444 1550 693 1618 Ἰωάννης
768 1549 1102 1634 χῳτοφῦλαξ
1182 1555 1282 1618 τῆς
1391 1551 1694 1631 ἁγιωτάτης
1770 1545 2011 1627 μεγάλης

360 1639 673 1715 ἐκκλησίας,
708 1633 805 1698 καὶ
831 1633 1169 1721 Ὑπέρτιμος,
1215 1643 1243 1696 ὁ
1275 1640 1617 1721 Καματηρός.

714 1751 1012 1802 ΙΩΑΝΝΟΥ
1055 1751 1184 1801 ΤΟΥ
1216 1747 1622 1802 ΚΛΜΑΤΗΡΟΥ
1633 1786 1646 1801 .

2096 621 2347 700 alicujus
2371 621 2590 701 degunt
2636 621 2701 702 ii,
2735 619 2836 701 qui
2867 619 3236 682 domicilinm
3267 618 3488 680 habent
3533 616 3595 678 in
3639 634 3740 678 su-

2098 709 2408 792 burbanis,
2453 729 2586 792 quae
2625 711 2764 791 jure
2815 708 3065 770 dominii
3122 708 3423 790 pertinent
3473 707 3547 767 ad
3574 722 3742 768 sacra

2098 799 2369 879 quaedam
2430 799 2816 873 monasteria,
2868 805 2923 860 et
2971 797 3260 874 oratoria;
3320 797 3435 858 nisi
3487 795 3639 858 forte
3667 792 3740 856 ab

2097 887 2265 950 initio
2316 887 2425 950 sub
2473 887 2865 970 stauropegiis
2919 885 3406 968 patriarchalibus
3446 893 3743 947 exstructa

2097 977 2335 1040 fuerint.
2361 977 2498 1041 Haec
2528 977 2602 1040 de
2632 977 2861 1040 diurnis
2911 975 3292 1058 synodalibus
3331 973 3736 1037 adnotationi-

2095 1065 2206 1129 bus
2235 1075 2600 1148 excerpta,et
2621 1085 2728 1133 per
2757 1065 3257 1147 subscriptionem
3283 1083 3350 1125 ac
3368 1063 3629 1143 sigillum
3653 1080 3742 1123 re-

2093 1154 2510 1217 verendissimi
2557 1173 2590 1216 a
2637 1154 2980 1216 chartularii
3030 1162 3089 1215 et
3143 1152 3470 1234 Hypertimi
3515 1150 3742 1213 domini

2091 1243 2338 1308 Joannis
2368 1241 2685 1320 Camateri,
2741 1243 3130 1319 conﬁrmata;
3162 1241 3297 1304 data
3352 1249 3490 1302 sunt
3537 1258 3744 1302 mense

2093 1351 2162 1396 ac
2192 1332 2522 1397 indictione
2544 1351 2723 1415 supra
2743 1332 3001 1414 scriptis,
3027 1350 3183 1394 anno
3209 1348 3270 1393 vx
3294 1347 3385 1395 cm
3413 1345 3606 1394 Ioccv.

2730 1434 3132 1515 Snbscriptz’o.

2171 1539 2434 1603 Joannes
2462 1539 2856 1602 chartularius
2879 1535 3271 1601 sanctissimae
3295 1535 3534 1617 majoris
3555 1533 3742 1597 eccle-

2094 1629 2219 1706 siae,
2256 1637 2316 1691 et
2341 1628 2740 1711 Hypertimus,
2765 1627 3130 1691 Camaterus.

2454 1729 2765 1795 JOANNIS
2807 1728 3195 1793 CAMATEBI
3239 1731 3352 1806 (27)
3369 1777 3384 1793 .

371 1868 397 1906 α
431 1844 709 1927 Συνοδικὸν
761 1846 1034 1926 ψήφισμα,
1096 1844 1299 1927 κωλύον
1325 1923 1339 1927 Α
1365 1846 1460 1927 *τὸν
1516 1847 1672 1927 αὒτὸν
1740 1847 1829 1902 καὶ
1900 1843 2012 1902 ἕναι

2120 1837 2428 1927 Decretum
2449 1833 2766 1927 synoda‘le,
2801 1833 2961 1914 quod
2980 1831 3256 1927 prohibet
3280 1846 3474 1893 unum
3503 1834 3745 1927 εἰραφ-

443 1925 630 1984 λαϐεῖν
706 1928 778 1991 εἷς
836 1923 1063 2005 γυναῖκα
1144 1923 1539 2005 δισεξαδέλφαςῖ
1595 1923 1684 1982 δύο
1727 1945 1745 1962 ο
1785 1933 1845 2005 ,ᾦ
1931 1926 2018 1981 καὶ

447 2005 650 2084 μᾶλλον
707 2003 951 2086 στοιχεῖν
1009 2003 1112 2082 δεῖ,
1192 2011 1296 2063 πᾶν
1356 2008 1402 2063 οἱ
1426 2003 1434 2005 ”
1458 2004 1722 2063 πολιτικοὶ
1777 2003 2015 2064 δίκασταὶ

444 2089 599 2144 τοῦτο
656 2091 716 2146 οὗ
783 2084 1074 2146 κῶλύουσιν
1154 2086 1208 2143 ἐν
1298 2092 1378 2160 τῷ
1472 2084 1838 2144 ἀκολουθοῦντι
1893 2085 2016 2163 ἐξῇς

413 2209 422 2217 .
447 2167 774 2248 ψηφίσματι.
828 2189 854 2223 ι)

446 2267 698 2336 Ἰωάννης
728 2267 862 2343 ἐλέῳ
913 2275 1045 2325 Θεοῦ
1101 2268 1523 2348 ἀρχιεπίσκοπος
1581 2278 2014 2327 Κωνσταντινου-

363 2357 598 2428 πόλεως,
631 2358 752 2424 νέας
801 2349 1036 2438 Ῥώμης,
1085 2359 1174 2414 καὶ
1229 2359 1590 2434 οἰκουμενικδς
1646 2359 2012 2438 πατριάρχης,

360 2450 441 2522 τῷ
501 2445 556 2502 ἐν
611 2448 769 2527 κυρίῳ
821 2447 1083 2525 ἂγαπητῷ
1145 2445 1354 2528 ἀδελφῷ
1436 2450 1524 2504 καὶ
1595 2445 2012 2528 συλλειτουργῷ,

363 2543 444 2611 τῷ
472 2537 740 2616 ἱερωτάτῳ
779 2536 1147 2615 μητροπολίτῃ
1208 2535 1524 2617 Δυῤῥαχίου,
1579 2537 1668 2593 καὶ
1698 2536 1966 2616 ὑπερτίμῳ
1996 2554 2012 2569 ⁸

363 2627 455 2682 καὶ
497 2632 574 2700 τῷ
600 2624 989 2705 θεοφιλεστάτῳ
1017 2624 1292 2700 ἐπισκόπῳ
1337 2623 1665 2692 Δεαϐόλεως.

449 2713 540 2772 Ἐν
585 2716 757 2794 Κυρίῳ
799 2713 1043 2792 ἁγαπητὲ
1072 2712 1262 2793 ἀδελφέ
1302 2715 1391 2771 καὶ
1432 2713 1822 2792 συλλειτουργὲ,
1857 2713 2016 2794 ἱερώ-

2176 1919 2308 1978 dem
2336 1908 2614 1978 sebi-{nas
2655 1908 2832 1994 duas,
2875 1908 3096 1975 uxores
3139 1912 3354 1994 ducere
3380 1932 3393 1973 :
3421 1908 3576 1994 quod
3603 1925 3743 1970 ma-

2179 1997 2271 2076 gis
2311 1995 2680 2074 sequendum
2739 1989 3150 2076 liceajudices
3180 1991 3390 2054 civiles
3426 1989 3591 2051 hunc
3639 2005 3745 2076 c_a_-

2177 2069 2429 2219 iumtz'h
2475 2079 2758 2157 proxime
2796 2069 3070 2153 seq‘uenti
3113 2072 3350 2136 decreto
3380 2087 3503 2133 non
3531 2069 3744 2150 prohi-

2216 2175 2329 2218 ean
2362 2200 2376 2215 .

2216 2175 2355 2218 eam
2362 2200 2376 2215 .

2177 2260 2440 2324 Joannes
2469 2259 2850 2322 miseratione
2880 2260 2989 2322 Dei
3019 2258 3502 2340 archiepiscopus
3551 2255 3742 2318 Cons-

2099 2349 2503 2429 tantinopolis,
2536 2368 2702 2411 novae
2735 2349 2960 2423 Romae,
3009 2357 3068 2410 et
3099 2346 3456 2410 universalis
3485 2343 3741 2426 patriar-

2099 2440 2230 2515 cha,
2255 2439 2471 2501 dilecto
2496 2438 2558 2499 in
2579 2439 2820 2500 domino
2845 2439 3007 2500 fratri
3030 2447 3089 2501 et
3109 2436 3538 2506 comministro,
3565 2451 3741 2494 sanc-

2101 2528 2332 2589 tissimo
2363 2535 2423 2588 et
2450 2527 2909 2589 honoratissimo
2939 2521 3741 2604 Dirrachii,metropolitano,

2100 2618 2364 2696 itemque
2383 2615 2829 2695 religiosissimo
2860 2615 3143 2697 episcopo
3178 2613 3475 2678 Deabolis.

2179 2706 2405 2768 Dilecte
2424 2707 2485 2767 in
2518 2704 2760 2767 domino
2791 2705 2973 2767 frater
3001 2711 3061 2768 et
3091 2705 3521 2777 comminister,
3565 2715 3745 2762 sanc-

370 2824 496 2860 τατε
568 2787 934 2882 μητροπολίτα
983 2787 1275 2883 Δυῤῥαχίου
1331 2804 1418 2860 καὶ
1473 2787 1763 2884 δπερτιμε,
1807 2787 1916 2860 καὶ·
1957 2804 2020 2860 σὺ

2120 2795 2332 2857 issime
2377 2793 2695 2884 Dyrrachii
2757 2794 3213 2884 metropolitane
3279 2802 3338 2854 et
3387 2787 3742 2884 hypertime,

367 2876 738 2972 θεοφιλέστατε
811 2876 1096 2948 ἐπίσκοπε-
1146 2876 1474 2967 Ᾰτεαϐόλεως,
1563 2876 1591 2950 θ
1651 2876 2018 2973 Καπανδρίτης

2120 2902 2279 2965 .uque
2308 2882 2789 2962 religiosisssime
2815 2881 3093 2944 Deabolis
3119 2883 3420 2964 episcope,
3456 2897 3593 2973 cum
3608 2876 3748 2973 ᾼιθ-

371 2966 604 3047 Ἀλέξιος
649 2980 745 3037 ἐπὶ
800 2987 892 3038 τοῦ
960 2982 1064 3060 πρὸ
1109 2983 1263 3057 ἡμῶν
1325 2966 1621 3060 ἁγιωτάτου
1673 2966 2018 3062 πατριάρχου

2120 2973 2238 3035 {ius
2268 2972 2655 3053 Capandrites
2680 2971 2787 3033 sub
2811 2972 3132 3034 decessore
3144 2979 3344 3032 nostro
3375 2966 3750 3032 sanctissimo

374 3071 647 3171 παραστὰς
717 3076 793 3144 τῷ
847 3072 972 3150 ἱερῷ
1040 3068 1286 3149 συνεδρίῳ
1327 3075 1424 3136 τῆς
1479 3069 1598 3126 καθ’
1652 3072 1795 3145 ἡμᾶς
1865 3061 2018 3149 ἁγίας

2120 3063 2442 3143 mtriarcha
2453 3061 2885 3142 comparuisset
2905 3081 3105 3123 coram
3124 3079 3294 3143 sacro
3314 3076 3601 3122 consessu
3618 3073 3753 3118 san-

2143 3163 2200 3171 .,
2280 3170 2286 3171 ,
2355 3151 2473 3171 ,,J'
2546 3169 2554 3171 Α
2599 3159 2732 3171 -ηιμμ
2808 3169 2878 3171 ηγ
2911 3170 2914 3171 ,
2946 3169 2993 3171 κε
3051 3150 3163 3171 n-L
3255 3150 3364 3171 __3-
3460 3143 3750 3171 __...s-_:s-

372 3143 610 3239 συνόδου,
666 3143 803 3216 κατᾶ
852 3143 951 3216 τδν
1000 3143 1351 3239 Φεϐρουάριον
1409 3164 1577 3238 μῆνα,
1635 3143 1734 3226 της
1816 3143 2016 3239 παρελ-

2120 3163 2214 3215 :tae
2270 3151 2477 3232 synodi
2528 3159 2744 3212 nastrae
2791 3169 3006 3213 mense
3051 3150 3397 3229 Februario,
3460 3143 3756 3239 praeterita

373 3248 564 3316 θούσης
871 3233 1260 3329 ἐπινεμήσεως,
1305 3233 1624 3329 ἀφηγήσατο
1657 3265 1672 3280 ⁸
1734 3250 1806 3311 ὡς
1863 3233 2018 3324 νομί-

2120 3241 2296 3321 prima
2324 3239 2682 3301 indictione:
2717 3239 3053 3301 narravitse
3079 3237 3456 3300 matrimonio
3489 3233 3752 3312 legitimo

374 3360 462 3412 μῳ
519 3327 678 3415 γάμῳ
723 3337 977 3415 συνεζύγη
1039 3343 1107 3414 τῇ
1147 3327 1253 3394 διπὸ
1293 3327 1386 3396 τοῦ
1449 3336 1672 3412 θέματος
1731 3339 2022 3418 Δυρῥαχίου

2120 3330 2287 3392 fuisse
2316 3330 2655 3409 copulatum
2678 3329 2982 3404 Eudociae,
3002 3337 3147 3390 ortae
3177 3347 3245 3390 ex
3277 3327 3502 3388 ditione
3528 3327 3753 3418 pyrra-r

374 3411 663 3506 όρμωμένῃ
724 3411 967 3503 Εὒδοκία,
1056 3411 1125 3504 τῇ
1218 3425 1516 3508 αὖταδέλφῃ
1600 3429 1693 3483 τοῦ
1752 3411 2020 3483 πανσέϐά-

2120 3418 2309 3498 :hina,
2343 3435 2548 3480 sorore
2578 3436 2858 3498 germana
2911 3417 3266 3480 venerabilis
3310 3415 3474 3479 illius
3522 3411 3758 3508 Sebasti

371 3535 498 3574 στου
565 3512 856 3596 Σεϐαστοῦ,
913 3522 1071 3595 κυροῦ
1143 3516 1538 3574 Κωνσταντίνου
1619 3522 1710 3571 τοῦ
1773 3515 2020 3576 Βοϊωάν-

2120 3507 2332 3572 lomini
2360 3507 2732 3570 Constantini
2764 3507 3106 3586 Boioannis,
3133 3525 3266 3588 quae,
3292 3505 3575 3567 amiserat
3603 3501 3761 3583 prio-

371 3625 483 3678 νου,
541 3594 882 3681 ἀποϐαλούσῃ
966 3594 1056 3662 τὸν
1128 3606 1382 3683 πρότερον
1442 3602 1732 3680 ὃμευνέτην
1829 3605 2016 3674 αὐτῆς,

2120 3617 2229 3660 'em
2246 3605 2582 3659 consortem
2598 3597 3118 3678 suum,praesidem
3136 3597 3304 3658 illum
3321 3594 3630 3675 Dyrrachit
3670 3610 3754 3666 m,

369 3694 461 3749 τὸν
497 3692 826 3774 Δυρῤαχίτην
854 3693 1060 3751 ἐκεῖνον
1092 3693 1354 3774 ἄρχοντα,
1385 3690 1585 3772 Βάρδαν
1615 3695 1707 3750 τὸν
1768 3693 2018 3771 Μακρόμ-

2120 3687 2354 3750 3ardam
2411 3687 2956 3774 Macromatum:et
3015 3687 3128 3747 hoc
3184 3688 3428 3746 nomine
3480 3683 3760 3774 confecta

372 3800 539 3853 ματον
572 3769 711 3838 ῖκάἷ
752 3780 1054 3861 προέϐησαν
1085 3769 1201 3840 ἐπί-
1227 3784 1360 3859 αὐτῇ
1547 3782 1751 3860 γαμικὰ
1819 3769 2016 3852 συνήθη

2120 3776 2284 3838 'uisse
2329 3783 2610 3836 consueta
2638 3773 3030 3836 instrumenta
3068 3771 3548 3834 matrimonialia.
3583 3769 3749 3832 Prae-

372 3867 688 3946 συμϐόλαια.
743 3859 842 3929 καὶ
884 3870 969 3928 ἐπὶ
1019 3872 1224 3935 τούτοις
1284 3873 1396 3951 ἱερά
1446 3859 1586 3952 εἰ)χῆ
1629 3871 1725 3939 τῆς
1784 3892 1841 3926 τε
1873 3893 2018 3946 μνη-

2120 3883 2270 3927 ;erea
2298 3881 2508 3944 preces
2531 3881 2728 3924 sacras
2756 3872 2872 3924 tam
2903 3863 3291 3944 sponsalium,
3322 3879 3499 3942 quam
3529 3859 3761 3941 nuptia-

371 3961 674 4040 στείαςΑκαὶ
715 3962 808 4016 τοῦ
863 3961 1038 4040 γάμου
1093 3960 1316 4029 ἐπεδόθη
1374 3961 1516 4036 αὐτῷ
1549 3981 1564 3995 ⁶
1623 3961 1758 4038 μετὰ
1813 3959 1867 4016 δὲ
1912 3960 2022 4036 μῆ-

2120 3973 2240 4015 rum
2293 3952 2958 4014 intervenisse.Verum
3011 3961 3139 4033 post
3190 3961 3418 4031 septem
3459 3967 3761 4011 mensesa

375 4071 466 4114 νας
520 4037 571 4120 ζ’
639 4053 738 4115 τῆς
809 4037 980 4108 αὐτῶν
1035 4051 1282 4117 νοιαύτης
1337 4049 1698 4127 συμϐιώσεως,
1770 4050 2022 4131 ἐσχημα-

2120 4042 2212 4104 tali
2245 4042 2456 4103 borum
2488 4040 2624 4131 vita}
2667 4042 2971 4122 societate,
3005 4049 3397 4131 memoratum
3427 4037 3756 4131 _Sebastum

375 4137 556 4194 τίσατο
585 4139 614 4193 ὁ
645 4135 950 4220 διαληφθεὶς
1004 4136 1255 4204 σεϐαστὸς
1287 4142 1314 4195 ὃ
1357 4140 1658 4220 Βωῖάννης,
1731 4128 2022 4219 προκαλεῖ-

2120 4132 2483 4211 Bojoannem
2513 4130 2791 4193 invitasse
2823 4151 2927 4212 pcr
2955 4130 3395 4192 simulationem
3423 4129 3484 4189 in
3514 4128 3759 4189 domum

379 4228 495 4282 σθαι
540 4225 696 4283 αὐτόν
739 4249 796 4283 τε
859 4229 985 4307 [καὶ]
1031 4231 1121 4286 τὸν
1181 4227 1567 4308 Καπανδρίτην,
1644 4231 1730 4286 καὶ
1783 4228 1882 4295 τὴν
1933 4229 2028 4284 αὖ·

376 4323 469 4374 τοῦ
495 4315 590 4389 μὲν
634 4317 770 4372 κατὰ
827 4319 1019 4393 νόμους
1075 4331 1359 4397 γεγονυῖαν
1417 4319 1656 4396 σύζυγον,
1706 4316 2030 4396 αὖταδέλφην

2114 4239 2282 4282 suam
2307 4227 2428 4280 tum
2461 4220 2654 4301 ipsum
2685 4219 3126 4301 Capandritam,
3158 4229 3281 4282 tum
3306 4237 3572 4280 sororem
3592 4235 3759 4278 suam

2114 4327 2601 4389 germanam,ceu
2631 4311 2857 4371 dictum
2891 4310 3172 4385 est,illius
3203 4309 3519 4388 conjugem
3541 4326 3762 4369 secun-

379 4402 433 4458 δὲ
461 4403 618 4460 οὖσαν
660 4404 879 4483 ἐκείνου,
915 4409 988 4470 ὡς
1018 4405 1255 4485 εἴρηται,
1313 4409 1384 4472 είς
1425 4407 1525 4475 τὴν
1604 4407 1796 4464 οἰκείαν
1841 4407 2018 4481 αῦτοῦ,

2120 4399 2246 4461 lum
2270 4399 2434 4477 leges
2460 4399 2696 4473 factam,
2731 4400 2889 4461 velut
2919 4398 3303 4480 excipiendos
3326 4398 3613 4474 convivio,
3625 4415 3764 4478 pro-

380 4495 942 4570 συνεστιαθησομένους
1063 4501 1386 4574 συγγενικῶς
1397 4545 1411 4558 ,
1523 4496 2029 4576 Προσφοιτησάντων

379 4578 432 4636 δὲ
474 4582 673 4639 τούτων
703 4587 774 4649 τῆ
815 4585 1060 4642 κατοικίὺ
1116 4585 1298 4664 αὐτοῦ,
1382 4594 1567 4644 τοῦτον
1638 4585 1734 4660 μὲν
1790 4581 2031 4663 σιδηροῖς

382 4667 602 4745 δεσμοῖς
673 4671 1227 4753 κατασφαλισάμονος,
1287 4671 1577 4754 ἔμφρουρον
1636 4673 1816 4752 εἶχεν,
1891 4673 2031 4728 ἀπο-

386 4756 571 4815 διελὼν
621 4761 718 4826 τῆς
776 4761 1024 4829 τοιαύτης
1079 4763 1300 4841 συζύγου
1371 4763 1552 4836 αὐτοῦ,
1624 4759 2032 4842 προσαφελόμε-

383 4869 470 4910 νος
511 4849 600 4904 καὶ
631 4847 665 4904 ἂ
707 4848 990 4930 ἐπεφέρετο
1058 4853 1210 4915 οὗτος
1252 4851 1540 4930 πράγματα
1572 4867 1586 4882 ⁸
1655 4853 1752 4919 τὴν
1796 4848 1849 4905 δὲ
1905 4850 2033 4907 τού-

379 4956 470 4992 του
530 4937 750 5016 σύζυγον
808 4937 1038 4996 ἄκουσαν
1107 4940 1448 5017 βιασέμενος,
1519 4940 1680 5020 ἑτέρῳ
1735 4940 2029 5020 ἡρμόσατο,

383 5034 555 5084 Ταῦτα
612 5025 1052 5106 ἀφηγησάμενος,
1110 5032 1200 5086 καὶ
1268 5031 1554 5105 σημείωμα
1605 5027 1876 5110 ἐνεφάνισέ
1944 5049 2034 5083 σου

384 5119 476 5169 τοῦ
531 5113 935 5196 θεοφιλεστάτου
992 5117 1282 5176 ἐπισκόπου
1343 5116 1673 5195 Δεαϐόλεως,
1735 5117 1924 5185 δηλοῦν
1977 5115 2038 5172 ἐκ

382 5200 664 5282 συμφώνου
747 5204 1034 5285 ὁμολογίας
1106 5208 1213 5264 τῶν
1279 5206 1660 5266 Κολωνειατῶν
1730 5206 2033 5287 ἀρχόντων,

383 5291 491 5347 τῶν
533 5294 621 5348 καὶ
648 5294 921 5370 κατόνομα
950 5295 1003 5351 ἐν
1032 5302 1110 5372 τῷ
1150 5297 1372 5372 τοιούτῳ
1418 5295 1758 5373 δηλουμένων
1788 5295 2034 5372 σημειώ-

386 5400 536 5460 ματι,
565 5380 640 5444 ὥς
689 5381 718 5438 ὃ
773 5393 1010 5447 τοιοῦτος
1064 5386 1362 5464 προσγενὴς
1417 5390 1591 5445 αὐτῶν
1647 5388 1676 5443 ὃ
1734 5381 2036 5463 Καπανδρί-

387 5489 511 5542 της,
567 5470 777 5528 θανάτω
843 5471 1131 5531 ἆποκαλὼν
1172 5475 1271 5543 τὴν
1337 5476 1400 5532 ἑκ
1437 5476 1648 5556 πρώτου
1715 5474 2038 5532 συνοικεσίου

2087 4502 2281 4550 ‘more
2335 4489 2623 4550 afﬁnium.
2679 4489 2790 4561 Qui
2839 4509 2972 4552 cum
3023 4490 3092 4552 ad
3125 4489 3366 4550 domum
3403 4488 3529 4567 ejus
3558 4504 3765 4549 acces-

2114 4578 2351 4643 sissent.
2389 4579 2752 4639 Boioannem
2785 4597 2818 4640 a
2847 4598 2911 4641 se
2943 4579 3183 4659 quidem
3215 4578 3464 4640 vinculis
3503 4576 3762 4638 constri-

2115 4676 2275 4729 ctum
2309 4667 2524 4728 ferreis
2553 4667 2615 4728 in
2648 4668 2981 4730 custodiam
3003 4668 3263 4748 dedisse,
3291 4667 3650 4744 diremptum
3684 4664 3760 4726 ab

2116 4757 2218 4818 illa
2247 4757 2499 4836 conjuge
2521 4775 2649 4832 sua,
2679 4758 3114 4838 spoliatumque
3142 4765 3413 4837 prelerea
3453 4754 3633 4815 rebus
3663 4753 3762 4826 iis,

2117 4863 2261 4926 quas
2308 4863 2514 4906 secum
2567 4846 2904 4907 attulisset:
2937 4846 3184 4908 atillam
3244 4846 3558 4924 conjugem
3600 4861 3766 4903 suam

2115 4934 2358 4995 invitam
2390 4933 2560 4995 alteri
2590 4936 2984 5015 copulasse,vi
3014 4933 3533 5006 adhibita.Quibus
3555 4951 3774 4994 recen-

2117 5025 2245 5086 sitis
2274 5022 2456 5085 etiam
2487 5023 2945 5086 instrumentum
2973 5025 3291 5086 insinuavtt
3312 5033 3502 5102 tuum,
3531 5021 3765 5098 religio-

2119 5111 2344 5174 sissimi
2393 5111 2671 5174 Deabolis
2719 5115 3004 5195 episcopi,
3059 5133 3174 5194 quo
3223 5111 3668 5192 signiﬁcabatur
3698 5129 3770 5172 ex

2121 5201 2534 5264 consentiente
2562 5203 3006 5282 magistratuum
3037 5202 3476 5265 Colonialarum
3526 5199 3767 5264 confes-

2119 5289 2310 5366 sione,
2346 5289 2450 5371 qui
2476 5302 2536 5351 et
2557 5293 2904 5353 nominatim
2936 5311 3007 5353 eo
3039 5291 3098 5352 in
3129 5291 3526 5354 instrumento
3567 5289 3774 5370 expri-

2123 5380 2458 5448 mebantur,
2519 5392 2834 5460 cognatum
2893 5381 3059 5444 illum
3116 5398 3291 5442 suum
3355 5379 3769 5462 Capandritam

2123 5468 2330 5532 mortis
2356 5467 2694 5532 interventu
2747 5469 2967 5535 amissa
3016 5488 3223 5545 uxore,
3269 5487 3398 5551 qua:
3430 5469 3624 5550 primo
3654 5467 3775 5550 ipsi

1959 5629 2207 5698 NOTIE.

476 5745 608 5831 (27)
651 5747 954 5816 Successit
979 5751 1310 5838 Xiphilino,
1343 5757 1554 5823 eodem
1584 5754 1791 5822 Alexio
1821 5755 2543 5839 imperante,captamque
2571 5747 3141 5833 Constantinopolim
3184 5767 3220 5813 a
3244 5747 3518 5813 Mandris
3543 5744 3713 5811 vidit.
