  <div class='ocr_page' id='page_1' title='image "/cluster/home/n/w/nwhite01/storage/ocr_20150623/119:no.2/coo.31924054870237/457.png"; bbox 0 0 4130 6418; ppageno 0'>
   <div class='ocr_carea' id='block_1_1' title="bbox 1795 337 3825 406">
    <p class='ocr_par' dir='ltr' id='par_1_1' title="bbox 1795 337 3825 406">
     <span class='ocr_line' id='line_1_1' title="bbox 1795 337 3825 406; baseline 0.002 -6"><span class='ocrx_word' id='word_1_1' title='bbox 1795 339 1826 400; x_wconf 92' lang='lat' dir='ltr'>J</span> <span class='ocrx_word' id='word_1_2' title='bbox 1833 339 1926 400; x_wconf 93' lang='lat' dir='ltr'><strong>US</strong></span> <span class='ocrx_word' id='word_1_3' title='bbox 1965 338 2412 402; x_wconf 82' lang='lat' dir='ltr'><strong>CANONICUM</strong></span> <span class='ocrx_word' id='word_1_4' title='bbox 3706 337 3825 406; x_wconf 74' lang='lat'><strong>892</strong></span> 
     </span>
    </p>
   </div>
   <div class='ocr_carea' id='block_1_2' title="bbox 434 335 542 401">
    <p class='ocr_par' dir='ltr' id='par_1_2' title="bbox 434 335 542 401">
     <span class='ocr_line' id='line_1_2' title="bbox 434 335 542 401; baseline 0.019 -2"><span class='ocrx_word' id='word_1_5' title='bbox 434 335 542 401; x_wconf 80' lang='lat'><strong>891</strong></span> 
     </span>
    </p>
   </div>
   <div class='ocr_carea' id='block_1_3' title="bbox 432 469 2068 554">
    <p class='ocr_par' dir='ltr' id='par_1_3' title="bbox 432 469 2068 554">
     <span class='ocr_line' id='line_1_3' title="bbox 432 469 2068 554; baseline -0.001 -24"><span class='ocrx_word' id='word_1_6' title='bbox 432 469 818 533; x_wconf 82' lang='lat' dir='ltr'><strong>matrimonio</strong></span> <span class='ocrx_word' id='word_1_7' title='bbox 840 472 1050 552; x_wconf 78' lang='lat' dir='ltr'><strong>juncta</strong></span> <span class='ocrx_word' id='word_1_8' title='bbox 1098 472 1664 554; x_wconf 84' lang='lat' dir='ltr'><strong>fuerat,copulatum</strong></span> <span class='ocrx_word' id='word_1_9' title='bbox 1693 489 1826 534; x_wconf 91' lang='lat' dir='ltr'><strong>esse</strong></span> <span class='ocrx_word' id='word_1_10' title='bbox 1863 487 2068 532; x_wconf 90' lang='lat' dir='ltr'><strong>secun-</strong></span> 
     </span>
    </p>
   </div>
   <div class='ocr_carea' id='block_1_4' title="bbox 2151 469 3828 554">
    <p class='ocr_par' dir='ltr' id='par_1_4' title="bbox 2169 471 3828 552">
     <span class='ocr_line' id='line_1_4' title="bbox 2169 471 3828 552; baseline 0.003 -28"><span class='ocrx_word' id='word_1_11' title='bbox 2169 473 2516 550; x_wconf 76' lang='grc' dir='ltr'>συναφθετσαν</span> <span class='ocrx_word' id='word_1_12' title='bbox 2563 471 2704 545; x_wconf 68' lang='grc' dir='ltr'>αὐτῷ</span> <span class='ocrx_word' id='word_1_13' title='bbox 2745 472 2998 550; x_wconf 74' lang='grc' dir='ltr'>γυναῖκα,</span> <span class='ocrx_word' id='word_1_14' title='bbox 3073 473 3324 550; x_wconf 80' lang='grc' dir='ltr'><strong>συνεζύγη</strong></span> <span class='ocrx_word' id='word_1_15' title='bbox 3396 471 3628 552; x_wconf 80' lang='grc' dir='ltr'><strong>δευτέρῳ</strong></span> <span class='ocrx_word' id='word_1_16' title='bbox 3672 475 3828 551; x_wconf 81' lang='grc' dir='ltr'>γάμῳ</span> 
     </span>
    </p>
   </div>
   <div class='ocr_carea' id='block_1_5' title="bbox 429 556 2068 642">
    <p class='ocr_par' dir='ltr' id='par_1_5' title="bbox 429 556 2068 639">
     <span class='ocr_line' id='line_1_5' title="bbox 429 556 2068 639; baseline 0.001 -21"><span class='ocrx_word' id='word_1_17' title='bbox 429 556 523 619; x_wconf 92' lang='lat' dir='ltr'><strong>dis</strong></span> <span class='ocrx_word' id='word_1_18' title='bbox 551 559 796 639; x_wconf 78' lang='lat' dir='ltr'><strong>nuptiis,</strong></span> <span class='ocrx_word' id='word_1_19' title='bbox 825 561 988 622; x_wconf 89' lang='lat' dir='ltr'><strong>nulla</strong></span> <span class='ocrx_word' id='word_1_20' title='bbox 1038 562 1484 624; x_wconf 82' lang='lat' dir='ltr'><strong>interveniente</strong></span> <span class='ocrx_word' id='word_1_21' title='bbox 1523 563 1597 632; x_wconf 91' lang='lat' dir='ltr'><strong>vi,</strong></span> <span class='ocrx_word' id='word_1_22' title='bbox 1634 559 1870 622; x_wconf 86' lang='lat' dir='ltr'><strong>mulieri</strong></span> <span class='ocrx_word' id='word_1_23' title='bbox 1913 576 2068 621; x_wconf 93' lang='lat' dir='ltr'><strong>com-</strong></span> 
     </span>
    </p>
   </div>
   <div class='ocr_carea' id='block_1_6' title="bbox 2151 556 3830 642">
    <p class='ocr_par' dir='ltr' id='par_1_6' title="bbox 2166 559 3830 642">
     <span class='ocr_line' id='line_1_6' title="bbox 2166 559 3830 642; baseline 0.004 -29"><span class='ocrx_word' id='word_1_24' title='bbox 2166 559 2283 634; x_wconf 99' lang='grc' dir='ltr'>βίας</span> <span class='ocrx_word' id='word_1_25' title='bbox 2351 559 2563 625; x_wconf 82' lang='grc' dir='ltr'>ἀπάσης</span> <span class='ocrx_word' id='word_1_26' title='bbox 2618 559 2766 626; x_wconf 73' lang='grc' dir='ltr'>ἐκτὸς</span> <span class='ocrx_word' id='word_1_27' title='bbox 2848 568 2917 638; x_wconf 75' lang='grc' dir='ltr'>τῇ</span> <span class='ocrx_word' id='word_1_28' title='bbox 3005 559 3350 642; x_wconf 65' lang='grc' dir='ltr'>διαληφθείσῃ</span> <span class='ocrx_word' id='word_1_29' title='bbox 3380 563 3644 640; x_wconf 83' lang='grc' dir='ltr'>γυναικί·</span> <span class='ocrx_word' id='word_1_30' title='bbox 3694 561 3830 619; x_wconf 79' lang='grc' dir='ltr'>ἀλλὰ</span> 
     </span>
    </p>
   </div>
   <div class='ocr_carea' id='block_1_7' title="bbox 430 645 2068 732">
    <p class='ocr_par' dir='ltr' id='par_1_7' title="bbox 430 648 2068 732">
     <span class='ocr_line' id='line_1_7' title="bbox 430 648 2068 732; baseline -0.001 -23"><span class='ocrx_word' id='word_1_31' title='bbox 430 657 807 711; x_wconf 70' lang='lat' dir='ltr'><strong>memoratae:</strong></span> <span class='ocrx_word' id='word_1_32' title='bbox 843 658 1248 732; x_wconf 64' lang='lat' dir='ltr'><strong>praetereaque</strong></span> <span class='ocrx_word' id='word_1_33' title='bbox 1277 651 1645 713; x_wconf 90' lang='lat' dir='ltr'><strong>adorandum</strong></span> <span class='ocrx_word' id='word_1_34' title='bbox 1677 650 1936 712; x_wconf 90' lang='lat' dir='ltr'><strong>edictum</strong></span> <span class='ocrx_word' id='word_1_35' title='bbox 1963 648 2068 708; x_wconf 90' lang='lat' dir='ltr'><strong>im-</strong></span> 
     </span>
    </p>
   </div>
   <div class='ocr_carea' id='block_1_8' title="bbox 2151 645 3831 732">
    <p class='ocr_par' dir='ltr' id='par_1_8' title="bbox 2167 645 3831 730">
     <span class='ocr_line' id='line_1_8' title="bbox 2167 645 3831 730; baseline 0.004 -27"><span class='ocrx_word' id='word_1_36' title='bbox 2167 645 2232 714; x_wconf 85' lang='grc' dir='ltr'>δὴ</span> <span class='ocrx_word' id='word_1_37' title='bbox 2274 648 2361 704; x_wconf 86' lang='grc' dir='ltr'><strong>καὶ</strong></span> <span class='ocrx_word' id='word_1_38' title='bbox 2401 647 2673 724; x_wconf 84' lang='grc' dir='ltr'>βασιλικὸν</span> <span class='ocrx_word' id='word_1_39' title='bbox 2731 652 3094 728; x_wconf 83' lang='grc' dir='ltr'>προσκυνητὸν</span> <span class='ocrx_word' id='word_1_40' title='bbox 3135 650 3478 730; x_wconf 78' lang='grc' dir='ltr'><strong>πρόσταγμα,</strong></span> <span class='ocrx_word' id='word_1_41' title='bbox 3516 653 3647 708; x_wconf 78' lang='grc' dir='ltr'><strong>αὐτὸ</strong></span> <span class='ocrx_word' id='word_1_42' title='bbox 3677 659 3831 710; x_wconf 80' lang='grc' dir='ltr'>τοῦτο</span> 
     </span>
    </p>
   </div>
   <div class='ocr_carea' id='block_1_9' title="bbox 428 733 2068 821">
    <p class='ocr_par' dir='ltr' id='par_1_9' title="bbox 428 735 2068 821">
     <span class='ocr_line' id='line_1_9' title="bbox 428 735 2068 821; baseline 0 -23"><span class='ocrx_word' id='word_1_43' title='bbox 428 735 820 820; x_wconf 89' lang='lat' dir='ltr'><strong>peratorium,</strong></span> <span class='ocrx_word' id='word_1_44' title='bbox 856 759 971 821; x_wconf 91' lang='lat' dir='ltr'><strong>quo</strong></span> <span class='ocrx_word' id='word_1_45' title='bbox 1000 740 1418 814; x_wconf 63' lang='lat' dir='ltr'><strong>fsanciebatur,</strong></span> <span class='ocrx_word' id='word_1_46' title='bbox 1476 740 1772 821; x_wconf 88' lang='lat' dir='ltr'><strong>siquidem</strong></span> <span class='ocrx_word' id='word_1_47' title='bbox 1829 737 2068 799; x_wconf 73' lang='lat' dir='ltr'><strong>indicat:</strong></span> 
     </span>
    </p>
   </div>
   <div class='ocr_carea' id='block_1_10' title="bbox 2151 733 3829 821">
    <p class='ocr_par' dir='ltr' id='par_1_10' title="bbox 2167 733 3829 817">
     <span class='ocr_line' id='line_1_10' title="bbox 2167 733 3829 817; baseline 0.004 -26"><span class='ocrx_word' id='word_1_48' title='bbox 2167 733 2540 816; x_wconf 84' lang='grc' dir='ltr'>διοριζόμενον,</span> <span class='ocrx_word' id='word_1_49' title='bbox 2611 739 2696 812; x_wconf 85' lang='grc' dir='ltr'><strong>τὸ,</strong></span> <span class='ocrx_word' id='word_1_50' title='bbox 2769 736 2922 816; x_wconf 76' lang='grc' dir='ltr'>εἴπερ</span> <span class='ocrx_word' id='word_1_51' title='bbox 2991 741 3026 807; x_wconf 76' lang='grc' dir='ltr'><strong>ἡ</strong></span> <span class='ocrx_word' id='word_1_52' title='bbox 3113 739 3328 817; x_wconf 84' lang='grc' dir='ltr'>ῥηθείσα</span> <span class='ocrx_word' id='word_1_53' title='bbox 3436 738 3662 797; x_wconf 74' lang='grc' dir='ltr'>Εὒδοκία</span> <span class='ocrx_word' id='word_1_54' title='bbox 3717 741 3829 817; x_wconf 86' lang='grc' dir='ltr'>βίας</span> 
     </span>
    </p>
   </div>
   <div class='ocr_carea' id='block_1_11' title="bbox 423 823 2068 910">
    <p class='ocr_par' dir='ltr' id='par_1_11' title="bbox 423 823 2068 910">
     <span class='ocr_line' id='line_1_11' title="bbox 423 823 2068 910; baseline 0.001 -25"><span class='ocrx_word' id='word_1_55' title='bbox 423 823 691 887; x_wconf 90' lang='lat' dir='ltr'><strong>Eudocia</strong></span> <span class='ocrx_word' id='word_1_56' title='bbox 719 828 885 888; x_wconf 93' lang='lat' dir='ltr'><strong>nulla</strong></span> <span class='ocrx_word' id='word_1_57' title='bbox 926 829 1348 892; x_wconf 79' lang='lat' dir='ltr'><strong>intercedente</strong></span> <span class='ocrx_word' id='word_1_58' title='bbox 1378 829 1457 902; x_wconf 85' lang='lat' dir='ltr'><strong>vi,</strong></span> <span class='ocrx_word' id='word_1_59' title='bbox 1496 847 1601 910; x_wconf 86' lang='lat' dir='ltr'><strong>per</strong></span> <span class='ocrx_word' id='word_1_60' title='bbox 1645 846 1842 890; x_wconf 87' lang='lat' dir='ltr'><strong>sacras</strong></span> <span class='ocrx_word' id='word_1_61' title='bbox 1875 843 2068 907; x_wconf 64' lang='lat' dir='ltr'><strong>prece:</strong></span> 
     </span>
    </p>
   </div>
   <div class='ocr_carea' id='block_1_12' title="bbox 2151 823 3825 910">
    <p class='ocr_par' dir='ltr' id='par_1_12' title="bbox 2167 824 3825 908">
     <span class='ocr_line' id='line_1_12' title="bbox 2167 824 3825 908; baseline 0.013 -29"><span class='ocrx_word' id='word_1_62' title='bbox 2167 824 2380 890; x_wconf 85' lang='grc' dir='ltr'>ἀπάσης</span> <span class='ocrx_word' id='word_1_63' title='bbox 2438 825 2609 897; x_wconf 80' lang='grc' dir='ltr'>ἐκτὸς,</span> <span class='ocrx_word' id='word_1_64' title='bbox 2669 825 2785 900; x_wconf 88' lang='grc' dir='ltr'>μεθ’</span> <span class='ocrx_word' id='word_1_65' title='bbox 2858 829 2999 907; x_wconf 81' lang='grc' dir='ltr'>ἱερᾶς</span> <span class='ocrx_word' id='word_1_66' title='bbox 3070 829 3240 908; x_wconf 81' lang='grc' dir='ltr'>εύχῆς</span> <span class='ocrx_word' id='word_1_67' title='bbox 3328 831 3590 907; x_wconf 72' lang='grc' dir='ltr'><strong>συνεζύγη</strong></span> <span class='ocrx_word' id='word_1_68' title='bbox 3655 830 3825 905; x_wconf 64' lang='grc' dir='ltr'><strong>αὐτῷ,</strong></span> 
     </span>
    </p>
   </div>
   <div class='ocr_carea' id='block_1_13' title="bbox 427 910 2068 999">
    <p class='ocr_par' dir='ltr' id='par_1_13' title="bbox 427 912 2068 999">
     <span class='ocr_line' id='line_1_13' title="bbox 427 912 2068 999; baseline 0.001 -27"><span class='ocrx_word' id='word_1_69' title='bbox 427 912 482 973; x_wconf 89' lang='lat' dir='ltr'><strong>ei</strong></span> <span class='ocrx_word' id='word_1_70' title='bbox 511 914 783 994; x_wconf 88' lang='lat' dir='ltr'><strong>copulata</strong></span> <span class='ocrx_word' id='word_1_71' title='bbox 829 917 1079 999; x_wconf 87' lang='lat' dir='ltr'><strong>fuisset;</strong></span> <span class='ocrx_word' id='word_1_72' title='bbox 1115 928 1177 979; x_wconf 91' lang='lat' dir='ltr'><strong>ut</strong></span> <span class='ocrx_word' id='word_1_73' title='bbox 1236 937 1410 980; x_wconf 92' lang='lat' dir='ltr'><strong>nemo</strong></span> <span class='ocrx_word' id='word_1_74' title='bbox 1466 917 1786 978; x_wconf 86' lang='lat' dir='ltr'><strong>modestias</strong></span> <span class='ocrx_word' id='word_1_75' title='bbox 1837 915 2068 977; x_wconf 89' lang='lat' dir='ltr'><strong>auderel</strong></span> 
     </span>
    </p>
   </div>
   <div class='ocr_carea' id='block_1_14' title="bbox 2151 910 3827 999">
    <p class='ocr_par' dir='ltr' id='par_1_14' title="bbox 2164 910 3827 994">
     <span class='ocr_line' id='line_1_14' title="bbox 2164 910 3827 994; baseline 0.004 -27"><span class='ocrx_word' id='word_1_76' title='bbox 2164 910 2352 988; x_wconf 81' lang='grc' dir='ltr'>μεδένα</span> <span class='ocrx_word' id='word_1_77' title='bbox 2401 912 2603 988; x_wconf 84' lang='grc' dir='ltr'>τολμᾷν</span> <span class='ocrx_word' id='word_1_78' title='bbox 2661 913 2918 994; x_wconf 83' lang='grc' dir='ltr'><strong>ὀχλήσεις</strong></span> <span class='ocrx_word' id='word_1_79' title='bbox 2977 915 3190 994; x_wconf 78' lang='grc' dir='ltr'><strong>ἐπάγειν</strong></span> <span class='ocrx_word' id='word_1_80' title='bbox 3244 923 3321 992; x_wconf 84' lang='grc' dir='ltr'>τῷ</span> <span class='ocrx_word' id='word_1_81' title='bbox 3370 914 3666 983; x_wconf 85' lang='grc' dir='ltr'>δηλωθέντι</span> <span class='ocrx_word' id='word_1_82' title='bbox 3712 927 3827 976; x_wconf 85' lang='grc' dir='ltr'><strong>Κα-</strong></span> 
     </span>
    </p>
   </div>
   <div class='ocr_carea' id='block_1_15' title="bbox 425 1001 2080 1088">
    <p class='ocr_par' dir='ltr' id='par_1_15' title="bbox 425 1001 2080 1088">
     <span class='ocr_line' id='line_1_15' title="bbox 425 1001 2080 1088; baseline 0 -25"><span class='ocrx_word' id='word_1_83' title='bbox 425 1001 708 1066; x_wconf 81' lang='lat' dir='ltr'><strong>exhibere</strong></span> <span class='ocrx_word' id='word_1_84' title='bbox 724 1004 883 1067; x_wconf 88' lang='lat' dir='ltr'><strong>dicto</strong></span> <span class='ocrx_word' id='word_1_85' title='bbox 914 1007 1367 1088; x_wconf 70' lang='lat' dir='ltr'><strong>Capaudritatae.</strong></span> <span class='ocrx_word' id='word_1_86' title='bbox 1391 1006 1732 1070; x_wconf 87' lang='lat' dir='ltr'><strong>Secundum</strong></span> <span class='ocrx_word' id='word_1_87' title='bbox 1760 1004 1938 1083; x_wconf 83' lang='lat' dir='ltr'><strong>igitur</strong></span> <span class='ocrx_word' id='word_1_88' title='bbox 1953 1004 2080 1064; x_wconf 69' lang='lat' dir='ltr'><strong>haec</strong></span> 
     </span>
    </p>
   </div>
   <div class='ocr_carea' id='block_1_16' title="bbox 425 1091 2075 1174">
    <p class='ocr_par' dir='ltr' id='par_1_16' title="bbox 425 1091 2075 1174">
     <span class='ocr_line' id='line_1_16' title="bbox 425 1091 2075 1174; baseline 0.001 -24"><span class='ocrx_word' id='word_1_89' title='bbox 425 1091 646 1172; x_wconf 86' lang='lat' dir='ltr'><strong>omnia,</strong></span> <span class='ocrx_word' id='word_1_90' title='bbox 681 1095 965 1174; x_wconf 81' lang='lat' dir='ltr'><strong>synodale</strong></span> <span class='ocrx_word' id='word_1_91' title='bbox 997 1104 1139 1158; x_wconf 87' lang='lat' dir='ltr'><strong>tunc</strong></span> <span class='ocrx_word' id='word_1_92' title='bbox 1181 1097 1640 1159; x_wconf 87' lang='lat' dir='ltr'><strong>instrumentum</strong></span> <span class='ocrx_word' id='word_1_93' title='bbox 1693 1095 1911 1155; x_wconf 90' lang='lat' dir='ltr'><strong>factum</strong></span> <span class='ocrx_word' id='word_1_94' title='bbox 1946 1091 2075 1172; x_wconf 92' lang='lat' dir='ltr'><strong>fuit,</strong></span> 
     </span>
    </p>
   </div>
   <div class='ocr_carea' id='block_1_17' title="bbox 424 1180 2076 1266">
    <p class='ocr_par' dir='ltr' id='par_1_17' title="bbox 424 1180 2076 1266">
     <span class='ocr_line' id='line_1_17' title="bbox 424 1180 2076 1266; baseline -0.001 -23"><span class='ocrx_word' id='word_1_95' title='bbox 424 1197 540 1257; x_wconf 91' lang='lat' dir='ltr'><strong>quo</strong></span> <span class='ocrx_word' id='word_1_96' title='bbox 581 1180 748 1260; x_wconf 85' lang='lat' dir='ltr'><strong>juxta</strong></span> <span class='ocrx_word' id='word_1_97' title='bbox 804 1185 1176 1264; x_wconf 72' lang='lat' dir='ltr'><strong>Capandritze</strong></span> <span class='ocrx_word' id='word_1_98' title='bbox 1231 1185 1576 1266; x_wconf 89' lang='lat' dir='ltr'><strong>petitionem</strong></span> <span class='ocrx_word' id='word_1_99' title='bbox 1632 1181 2076 1265; x_wconf 87' lang='lat' dir='ltr'><strong>pronuntiatum</strong></span> 
     </span>
    </p>
   </div>
   <div class='ocr_carea' id='block_1_18' title="bbox 423 1270 2075 1356">
    <p class='ocr_par' dir='ltr' id='par_1_18' title="bbox 423 1270 2075 1356">
     <span class='ocr_line' id='line_1_18' title="bbox 423 1270 2075 1356; baseline -0.001 -26"><span class='ocrx_word' id='word_1_100' title='bbox 423 1276 535 1343; x_wconf 87' lang='lat' dir='ltr'><strong>est,</strong></span> <span class='ocrx_word' id='word_1_101' title='bbox 569 1288 638 1331; x_wconf 90' lang='lat' dir='ltr'><strong>ac</strong></span> <span class='ocrx_word' id='word_1_102' title='bbox 669 1270 998 1347; x_wconf 89' lang='lat' dir='ltr'><strong>decretum,</strong></span> <span class='ocrx_word' id='word_1_103' title='bbox 1034 1274 1174 1356; x_wconf 92' lang='lat' dir='ltr'><strong>quid</strong></span> <span class='ocrx_word' id='word_1_104' title='bbox 1228 1275 1289 1336; x_wconf 92' lang='lat' dir='ltr'><strong>in</strong></span> <span class='ocrx_word' id='word_1_105' title='bbox 1334 1293 1403 1337; x_wconf 91' lang='lat' dir='ltr'><strong>ea</strong></span> <span class='ocrx_word' id='word_1_106' title='bbox 1447 1292 1626 1336; x_wconf 89' lang='lat' dir='ltr'><strong>cauaa</strong></span> <span class='ocrx_word' id='word_1_107' title='bbox 1678 1279 1835 1334; x_wconf 88' lang='lat' dir='ltr'><strong>esset</strong></span> <span class='ocrx_word' id='word_1_108' title='bbox 1885 1285 2075 1350; x_wconf 79' lang='lat' dir='ltr'><strong>agen-</strong></span> 
     </span>
    </p>
   </div>
   <div class='ocr_carea' id='block_1_19' title="bbox 422 1356 2074 1445">
    <p class='ocr_par' dir='ltr' id='par_1_19' title="bbox 422 1356 2074 1445">
     <span class='ocr_line' id='line_1_19' title="bbox 422 1356 2074 1445; baseline 0.001 -28"><span class='ocrx_word' id='word_1_109' title='bbox 422 1356 588 1419; x_wconf 90' lang='lat' dir='ltr'><strong>dum.</strong></span> <span class='ocrx_word' id='word_1_110' title='bbox 613 1358 805 1440; x_wconf 86' lang='lat' dir='ltr'><strong>Atque</strong></span> <span class='ocrx_word' id='word_1_111' title='bbox 837 1361 974 1424; x_wconf 86' lang='lat' dir='ltr'><strong>huic</strong></span> <span class='ocrx_word' id='word_1_112' title='bbox 1005 1364 1404 1437; x_wconf 86' lang='lat' dir='ltr'><strong>instrumento</strong></span> <span class='ocrx_word' id='word_1_113' title='bbox 1435 1362 1704 1445; x_wconf 78' lang='lat' dir='ltr'><strong>synodali</strong></span> <span class='ocrx_word' id='word_1_114' title='bbox 1731 1361 1908 1422; x_wconf 87' lang='lat' dir='ltr'><strong>etiam</strong></span> <span class='ocrx_word' id='word_1_115' title='bbox 1945 1376 2074 1439; x_wconf 89' lang='lat' dir='ltr'><strong>pro-</strong></span> 
     </span>
    </p>
   </div>
   <div class='ocr_carea' id='block_1_20' title="bbox 422 1445 2075 1533">
    <p class='ocr_par' dir='ltr' id='par_1_20' title="bbox 422 1445 2075 1533">
     <span class='ocr_line' id='line_1_20' title="bbox 422 1445 2075 1533; baseline 0.002 -28"><span class='ocrx_word' id='word_1_116' title='bbox 422 1445 616 1533; x_wconf 63' lang='lat' dir='ltr'><strong>ducta;</strong></span> <span class='ocrx_word' id='word_1_117' title='bbox 646 1451 776 1521; x_wconf 92' lang='lat' dir='ltr'><strong>(ceu</strong></span> <span class='ocrx_word' id='word_1_118' title='bbox 813 1449 1037 1513; x_wconf 88' lang='lat' dir='ltr'><strong>dictum</strong></span> <span class='ocrx_word' id='word_1_119' title='bbox 1073 1453 1186 1532; x_wconf 84' lang='lat' dir='ltr'><strong>est)</strong></span> <span class='ocrx_word' id='word_1_120' title='bbox 1213 1452 1596 1533; x_wconf 87' lang='lat' dir='ltr'><strong>aCapandila</strong></span> <span class='ocrx_word' id='word_1_121' title='bbox 1633 1451 1878 1524; x_wconf 57' lang='lat' dir='ltr'><strong>chartas,</strong></span> <span class='ocrx_word' id='word_1_122' title='bbox 1905 1447 2075 1508; x_wconf 90' lang='lat' dir='ltr'><strong>vide-</strong></span> 
     </span>
    </p>
   </div>
   <div class='ocr_carea' id='block_1_21' title="bbox 419 1532 2077 1621">
    <p class='ocr_par' dir='ltr' id='par_1_21' title="bbox 419 1532 2077 1621">
     <span class='ocr_line' id='line_1_21' title="bbox 419 1532 2077 1621; baseline 0.001 -27"><span class='ocrx_word' id='word_1_123' title='bbox 419 1532 560 1596; x_wconf 91' lang='lat' dir='ltr'><strong>licet</strong></span> <span class='ocrx_word' id='word_1_124' title='bbox 582 1536 952 1600; x_wconf 87' lang='lat' dir='ltr'><strong>adorandum</strong></span> <span class='ocrx_word' id='word_1_125' title='bbox 1003 1541 1147 1603; x_wconf 90' lang='lat' dir='ltr'><strong>illud</strong></span> <span class='ocrx_word' id='word_1_126' title='bbox 1201 1532 1465 1603; x_wconf 86' lang='lat' dir='ltr'><strong>edictum</strong></span> <span class='ocrx_word' id='word_1_127' title='bbox 1499 1537 1978 1621; x_wconf 89' lang='lat' dir='ltr'><strong>imperatorium,</strong></span> <span class='ocrx_word' id='word_1_128' title='bbox 2019 1543 2077 1597; x_wconf 90' lang='lat' dir='ltr'><strong>et</strong></span> 
     </span>
    </p>
   </div>
   <div class='ocr_carea' id='block_1_22' title="bbox 421 1623 2074 1710">
    <p class='ocr_par' dir='ltr' id='par_1_22' title="bbox 421 1623 2074 1710">
     <span class='ocr_line' id='line_1_22' title="bbox 421 1623 2074 1710; baseline 0.001 -26"><span class='ocrx_word' id='word_1_129' title='bbox 421 1623 880 1689; x_wconf 88' lang='lat' dir='ltr'><strong>instrumentum</strong></span> <span class='ocrx_word' id='word_1_130' title='bbox 900 1629 1007 1690; x_wconf 89' lang='lat' dir='ltr'><strong>abs</strong></span> <span class='ocrx_word' id='word_1_131' title='bbox 1024 1637 1102 1704; x_wconf 91' lang='lat' dir='ltr'><strong>te,</strong></span> <span class='ocrx_word' id='word_1_132' title='bbox 1135 1631 1586 1710; x_wconf 79' lang='lat' dir='ltr'><strong>religiosissimo</strong></span> <span class='ocrx_word' id='word_1_133' title='bbox 1617 1627 1891 1690; x_wconf 89' lang='lat' dir='ltr'><strong>Deabolis</strong></span> <span class='ocrx_word' id='word_1_134' title='bbox 1913 1625 2074 1706; x_wconf 91' lang='lat' dir='ltr'><strong>epis-</strong></span> 
     </span>
    </p>
   </div>
   <div class='ocr_carea' id='block_1_23' title="bbox 421 1713 2075 1799">
    <p class='ocr_par' dir='ltr' id='par_1_23' title="bbox 421 1713 2075 1799">
     <span class='ocr_line' id='line_1_23' title="bbox 421 1713 2075 1799; baseline 0.001 -26"><span class='ocrx_word' id='word_1_135' title='bbox 421 1729 592 1792; x_wconf 90' lang='lat' dir='ltr'><strong>copo,</strong></span> <span class='ocrx_word' id='word_1_136' title='bbox 629 1715 979 1799; x_wconf 86' lang='lat' dir='ltr'><strong>profectum,</strong></span> <span class='ocrx_word' id='word_1_137' title='bbox 1015 1718 1087 1779; x_wconf 90' lang='lat' dir='ltr'><strong>ad</strong></span> <span class='ocrx_word' id='word_1_138' title='bbox 1123 1719 1364 1780; x_wconf 89' lang='lat' dir='ltr'><strong>verbum</strong></span> <span class='ocrx_word' id='word_1_139' title='bbox 1413 1726 1581 1780; x_wconf 85' lang='lat' dir='ltr'><strong>erant</strong></span> <span class='ocrx_word' id='word_1_140' title='bbox 1638 1719 1884 1778; x_wconf 90' lang='lat' dir='ltr'><strong>inserta.</strong></span> <span class='ocrx_word' id='word_1_141' title='bbox 1925 1713 2075 1786; x_wconf 84' lang='lat' dir='ltr'><strong>Quia</strong></span> 
     </span>
    </p>
   </div>
   <div class='ocr_carea' id='block_1_24' title="bbox 419 1805 2074 1869">
    <p class='ocr_par' dir='ltr' id='par_1_24' title="bbox 419 1805 2074 1869">
     <span class='ocr_line' id='line_1_24' title="bbox 419 1805 2074 1869; baseline 0.003 -10"><span class='ocrx_word' id='word_1_142' title='bbox 419 1817 556 1861; x_wconf 89' lang='lat' dir='ltr'><strong>vero</strong></span> <span class='ocrx_word' id='word_1_143' title='bbox 587 1821 744 1866; x_wconf 92' lang='lat' dir='ltr'><strong>nunc</strong></span> <span class='ocrx_word' id='word_1_144' title='bbox 771 1823 1006 1867; x_wconf 87' lang='lat' dir='ltr'><strong>rursum</strong></span> <span class='ocrx_word' id='word_1_145' title='bbox 1041 1807 1438 1869; x_wconf 90' lang='lat' dir='ltr'><strong>mediocritati</strong></span> <span class='ocrx_word' id='word_1_146' title='bbox 1472 1813 1687 1867; x_wconf 64' lang='lat' dir='ltr'><strong>nostra;</strong></span> <span class='ocrx_word' id='word_1_147' title='bbox 1707 1805 1957 1866; x_wconf 89' lang='lat' dir='ltr'><strong>relatum</strong></span> <span class='ocrx_word' id='word_1_148' title='bbox 1986 1811 2074 1864; x_wconf 92' lang='lat' dir='ltr'><strong>est</strong></span> 
     </span>
    </p>
   </div>
   <div class='ocr_carea' id='block_1_25' title="bbox 419 1891 2072 1976">
    <p class='ocr_par' dir='ltr' id='par_1_25' title="bbox 419 1891 2072 1976">
     <span class='ocr_line' id='line_1_25' title="bbox 419 1891 2072 1976; baseline -0.001 -22"><span class='ocrx_word' id='word_1_149' title='bbox 419 1905 491 1976; x_wconf 80' lang='lat' dir='ltr'><strong>ex</strong></span> <span class='ocrx_word' id='word_1_150' title='bbox 523 1905 689 1970; x_wconf 86' lang='lat' dir='ltr'><strong>parte</strong></span> <span class='ocrx_word' id='word_1_151' title='bbox 721 1893 991 1957; x_wconf 88' lang='lat' dir='ltr'><strong>mulieris</strong></span> <span class='ocrx_word' id='word_1_152' title='bbox 1023 1897 1217 1976; x_wconf 86' lang='lat' dir='ltr'><strong>istius,</strong></span> <span class='ocrx_word' id='word_1_153' title='bbox 1244 1897 1468 1959; x_wconf 87' lang='lat' dir='ltr'><strong>sororis</strong></span> <span class='ocrx_word' id='word_1_154' title='bbox 1499 1895 1726 1957; x_wconf 89' lang='lat' dir='ltr'><strong>scilicet</strong></span> <span class='ocrx_word' id='word_1_155' title='bbox 1755 1891 2072 1954; x_wconf 88' lang='lat' dir='ltr'><strong>venerabi-</strong></span> 
     </span>
    </p>
   </div>
   <div class='ocr_carea' id='block_1_26' title="bbox 417 1975 2072 2066">
    <p class='ocr_par' dir='ltr' id='par_1_26' title="bbox 417 1975 2072 2066">
     <span class='ocr_line' id='line_1_26' title="bbox 417 1975 2072 2066; baseline 0.005 -30"><span class='ocrx_word' id='word_1_156' title='bbox 417 1975 490 2037; x_wconf 92' lang='lat' dir='ltr'><strong>lis</strong></span> <span class='ocrx_word' id='word_1_157' title='bbox 522 1978 682 2040; x_wconf 90' lang='lat' dir='ltr'><strong>illius</strong></span> <span class='ocrx_word' id='word_1_158' title='bbox 712 1981 1017 2057; x_wconf 88' lang='lat' dir='ltr'><strong>Boiannis,</strong></span> <span class='ocrx_word' id='word_1_159' title='bbox 1055 1975 1212 2066; x_wconf 91' lang='lat' dir='ltr'><strong>quod</strong></span> <span class='ocrx_word' id='word_1_160' title='bbox 1240 2005 1374 2047; x_wconf 93' lang='lat' dir='ltr'><strong>cum</strong></span> <span class='ocrx_word' id='word_1_161' title='bbox 1411 1985 1575 2066; x_wconf 88' lang='lat' dir='ltr'><strong>prius</strong></span> <span class='ocrx_word' id='word_1_162' title='bbox 1600 1983 1868 2060; x_wconf 83' lang='lat' dir='ltr'><strong>legitime</strong></span> <span class='ocrx_word' id='word_1_163' title='bbox 1892 1981 2072 2061; x_wconf 91' lang='lat' dir='ltr'><strong>junc-</strong></span> 
     </span>
    </p>
   </div>
   <div class='ocr_carea' id='block_1_27' title="bbox 425 2067 2070 2154">
    <p class='ocr_par' dir='ltr' id='par_1_27' title="bbox 425 2067 2070 2154">
     <span class='ocr_line' id='line_1_27' title="bbox 425 2067 2070 2154; baseline 0.003 -28"><span class='ocrx_word' id='word_1_164' title='bbox 425 2075 516 2127; x_wconf 88' lang='lat' dir='ltr'><strong>tus</strong></span> <span class='ocrx_word' id='word_1_165' title='bbox 577 2067 688 2148; x_wconf 91' lang='lat' dir='ltr'><strong>ipsi</strong></span> <span class='ocrx_word' id='word_1_166' title='bbox 746 2072 1017 2148; x_wconf 89' lang='lat' dir='ltr'><strong>maritus,</strong></span> <span class='ocrx_word' id='word_1_167' title='bbox 1079 2075 1460 2154; x_wconf 84' lang='lat' dir='ltr'><strong>primicerius</strong></span> <span class='ocrx_word' id='word_1_168' title='bbox 1519 2073 1619 2134; x_wconf 92' lang='lat' dir='ltr'><strong>ille</strong></span> <span class='ocrx_word' id='word_1_169' title='bbox 1667 2071 1890 2132; x_wconf 89' lang='lat' dir='ltr'><strong>Bardas</strong></span> <span class='ocrx_word' id='word_1_170' title='bbox 1939 2072 2070 2132; x_wconf 90' lang='lat' dir='ltr'><strong>Ma-</strong></span> 
     </span>
    </p>
   </div>
   <div class='ocr_carea' id='block_1_28' title="bbox 419 2156 2064 2241">
    <p class='ocr_par' dir='ltr' id='par_1_28' title="bbox 419 2156 2064 2241">
     <span class='ocr_line' id='line_1_28' title="bbox 419 2156 2064 2241; baseline 0.003 -26"><span class='ocrx_word' id='word_1_171' title='bbox 419 2164 758 2235; x_wconf 89' lang='lat' dir='ltr'><strong>cromatus,</strong></span> <span class='ocrx_word' id='word_1_172' title='bbox 820 2170 1045 2224; x_wconf 82' lang='lat' dir='ltr'><strong>naturae</strong></span> <span class='ocrx_word' id='word_1_173' title='bbox 1111 2162 1376 2224; x_wconf 91' lang='lat' dir='ltr'><strong>debitum</strong></span> <span class='ocrx_word' id='word_1_174' title='bbox 1457 2159 1871 2241; x_wconf 79' lang='lat' dir='ltr'><strong>persolvissct;</strong></span> <span class='ocrx_word' id='word_1_175' title='bbox 1932 2156 2064 2238; x_wconf 88' lang='lat' dir='ltr'><strong>ipsa</strong></span> 
     </span>
    </p>
   </div>
   <div class='ocr_carea' id='block_1_29' title="bbox 417 2245 2061 2332">
    <p class='ocr_par' dir='ltr' id='par_1_29' title="bbox 417 2245 2061 2332">
     <span class='ocr_line' id='line_1_29' title="bbox 417 2245 2061 2332; baseline 0.001 -27"><span class='ocrx_word' id='word_1_176' title='bbox 417 2245 790 2325; x_wconf 64' lang='lat' dir='ltr'><strong>quaestoriam</strong></span> <span class='ocrx_word' id='word_1_177' title='bbox 823 2251 1005 2313; x_wconf 88' lang='lat' dir='ltr'><strong>verita</strong></span> <span class='ocrx_word' id='word_1_178' title='bbox 1039 2259 1448 2332; x_wconf 87' lang='lat' dir='ltr'><strong>protestatem,</strong></span> <span class='ocrx_word' id='word_1_179' title='bbox 1482 2249 1639 2330; x_wconf 92' lang='lat' dir='ltr'><strong>quod</strong></span> <span class='ocrx_word' id='word_1_180' title='bbox 1684 2248 1820 2309; x_wconf 87' lang='lat' dir='ltr'><strong>talia</strong></span> <span class='ocrx_word' id='word_1_181' title='bbox 1845 2246 2061 2322; x_wconf 72' lang='lat' dir='ltr'><strong>saepius</strong></span> 
     </span>
    </p>
   </div>
   <div class='ocr_carea' id='block_1_30' title="bbox 415 2333 2060 2416">
    <p class='ocr_par' dir='ltr' id='par_1_30' title="bbox 415 2333 2060 2416">
     <span class='ocr_line' id='line_1_30' title="bbox 415 2333 2060 2416; baseline 0.001 -22"><span class='ocrx_word' id='word_1_182' title='bbox 415 2333 476 2394; x_wconf 89' lang='lat' dir='ltr'><strong>in</strong></span> <span class='ocrx_word' id='word_1_183' title='bbox 500 2333 678 2394; x_wconf 87' lang='lat' dir='ltr'><strong>rebus</strong></span> <span class='ocrx_word' id='word_1_184' title='bbox 707 2336 1044 2416; x_wconf 91' lang='lat' dir='ltr'><strong>hujusmodi</strong></span> <span class='ocrx_word' id='word_1_185' title='bbox 1079 2341 1320 2402; x_wconf 87' lang='lat' dir='ltr'><strong>evenire</strong></span> <span class='ocrx_word' id='word_1_186' title='bbox 1350 2339 1600 2408; x_wconf 85' lang='lat' dir='ltr'><strong>soleant,</strong></span> <span class='ocrx_word' id='word_1_187' title='bbox 1637 2336 1706 2398; x_wconf 90' lang='lat' dir='ltr'><strong>ad</strong></span> <span class='ocrx_word' id='word_1_188' title='bbox 1744 2344 1976 2414; x_wconf 89' lang='lat' dir='ltr'><strong>tempus</strong></span> <span class='ocrx_word' id='word_1_189' title='bbox 2000 2336 2060 2395; x_wconf 93' lang='lat' dir='ltr'><strong>in</strong></span> 
     </span>
    </p>
   </div>
   <div class='ocr_carea' id='block_1_31' title="bbox 414 2421 2062 2508">
    <p class='ocr_par' dir='ltr' id='par_1_31' title="bbox 414 2421 2062 2508">
     <span class='ocr_line' id='line_1_31' title="bbox 414 2421 2062 2508; baseline 0.002 -26"><span class='ocrx_word' id='word_1_190' title='bbox 414 2421 704 2483; x_wconf 90' lang='lat' dir='ltr'><strong>ditionem</strong></span> <span class='ocrx_word' id='word_1_191' title='bbox 744 2427 1156 2491; x_wconf 92' lang='lat' dir='ltr'><strong>Coloniensem</strong></span> <span class='ocrx_word' id='word_1_192' title='bbox 1197 2427 1532 2508; x_wconf 77' lang='lat' dir='ltr'><strong>migraverit</strong></span> <span class='ocrx_word' id='word_1_193' title='bbox 1561 2427 1634 2487; x_wconf 89' lang='lat' dir='ltr'><strong>ad</strong></span> <span class='ocrx_word' id='word_1_194' title='bbox 1669 2424 1902 2504; x_wconf 89' lang='lat' dir='ltr'><strong>cognati</strong></span> <span class='ocrx_word' id='word_1_195' title='bbox 1953 2442 2062 2485; x_wconf 91' lang='lat' dir='ltr'><strong>cu—</strong></span> 
     </span>
    </p>
   </div>
   <div class='ocr_carea' id='block_1_32' title="bbox 408 2511 2069 2599">
    <p class='ocr_par' dir='ltr' id='par_1_32' title="bbox 408 2511 2069 2599">
     <span class='ocr_line' id='line_1_32' title="bbox 408 2511 2069 2599; baseline 0 -27"><span class='ocrx_word' id='word_1_196' title='bbox 408 2511 646 2599; x_wconf 87' lang='lat' dir='ltr'><strong>jusdam</strong></span> <span class='ocrx_word' id='word_1_197' title='bbox 679 2515 770 2574; x_wconf 91' lang='lat' dir='ltr'><strong>sui</strong></span> <span class='ocrx_word' id='word_1_198' title='bbox 801 2515 1068 2599; x_wconf 92' lang='lat' dir='ltr'><strong>domum,</strong></span> <span class='ocrx_word' id='word_1_199' title='bbox 1102 2517 1380 2579; x_wconf 78' lang='lat' dir='ltr'><strong>deferens</strong></span> <span class='ocrx_word' id='word_1_200' title='bbox 1410 2534 1479 2579; x_wconf 92' lang='lat' dir='ltr'><strong>eo</strong></span> <span class='ocrx_word' id='word_1_201' title='bbox 1533 2533 1737 2576; x_wconf 88' lang='lat' dir='ltr'><strong>secum</strong></span> <span class='ocrx_word' id='word_1_202' title='bbox 1793 2530 1888 2575; x_wconf 91' lang='lat' dir='ltr'><strong>res</strong></span> <span class='ocrx_word' id='word_1_203' title='bbox 1930 2531 2069 2573; x_wconf 87' lang='lat' dir='ltr'><strong>suas</strong></span> 
     </span>
    </p>
   </div>
   <div class='ocr_carea' id='block_1_33' title="bbox 416 2598 2066 2687">
    <p class='ocr_par' dir='ltr' id='par_1_33' title="bbox 416 2598 2066 2687">
     <span class='ocr_line' id='line_1_33' title="bbox 416 2598 2066 2687; baseline 0.002 -29"><span class='ocrx_word' id='word_1_204' title='bbox 416 2598 695 2680; x_wconf 89' lang='lat' dir='ltr'><strong>potiores,</strong></span> <span class='ocrx_word' id='word_1_205' title='bbox 745 2611 803 2662; x_wconf 91' lang='lat' dir='ltr'><strong>et</strong></span> <span class='ocrx_word' id='word_1_206' title='bbox 851 2605 923 2666; x_wconf 89' lang='lat' dir='ltr'><strong>ad</strong></span> <span class='ocrx_word' id='word_1_207' title='bbox 959 2598 1476 2687; x_wconf 86' lang='lat' dir='ltr'><strong>transportandum</strong></span> <span class='ocrx_word' id='word_1_208' title='bbox 1531 2602 1849 2675; x_wconf 84' lang='lat' dir='ltr'><strong>faciliores,</strong></span> <span class='ocrx_word' id='word_1_209' title='bbox 1886 2619 2066 2682; x_wconf 88' lang='lat' dir='ltr'><strong>quas-</strong></span> 
     </span>
    </p>
   </div>
   <div class='ocr_carea' id='block_1_34' title="bbox 417 2691 2067 2772">
    <p class='ocr_par' dir='ltr' id='par_1_34' title="bbox 417 2691 2067 2772">
     <span class='ocr_line' id='line_1_34' title="bbox 417 2691 2067 2772; baseline 0.001 -22"><span class='ocrx_word' id='word_1_210' title='bbox 417 2706 650 2768; x_wconf 92' lang='lat' dir='ltr'><strong>cunque</strong></span> <span class='ocrx_word' id='word_1_211' title='bbox 713 2693 1003 2771; x_wconf 90' lang='lat' dir='ltr'><strong>potuisset</strong></span> <span class='ocrx_word' id='word_1_212' title='bbox 1075 2697 1350 2758; x_wconf 69' lang='lat' dir='ltr'><strong>avehere;</strong></span> <span class='ocrx_word' id='word_1_213' title='bbox 1426 2693 1578 2756; x_wconf 92' lang='lat' dir='ltr'><strong>Tum</strong></span> <span class='ocrx_word' id='word_1_214' title='bbox 1652 2691 2067 2772; x_wconf 87' lang='lat' dir='ltr'><strong>Capandritam</strong></span> 
     </span>
    </p>
   </div>
   <div class='ocr_carea' id='block_1_35' title="bbox 415 2778 2062 2862">
    <p class='ocr_par' dir='ltr' id='par_1_35' title="bbox 415 2778 2062 2862">
     <span class='ocr_line' id='line_1_35' title="bbox 415 2778 2062 2862; baseline 0.002 -23"><span class='ocrx_word' id='word_1_215' title='bbox 415 2778 573 2839; x_wconf 92' lang='lat' dir='ltr'><strong>hunc</strong></span> <span class='ocrx_word' id='word_1_216' title='bbox 627 2796 746 2840; x_wconf 90' lang='lat' dir='ltr'><strong>non</strong></span> <span class='ocrx_word' id='word_1_217' title='bbox 813 2784 1017 2862; x_wconf 86' lang='lat' dir='ltr'><strong>paucis</strong></span> <span class='ocrx_word' id='word_1_218' title='bbox 1069 2785 1310 2846; x_wconf 88' lang='lat' dir='ltr'><strong>armatis</strong></span> <span class='ocrx_word' id='word_1_219' title='bbox 1393 2781 1737 2845; x_wconf 84' lang='lat' dir='ltr'><strong>hominibus</strong></span> <span class='ocrx_word' id='word_1_220' title='bbox 1793 2778 2014 2842; x_wconf 90' lang='lat' dir='ltr'><strong>coactis</strong></span> <span class='ocrx_word' id='word_1_221' title='bbox 2046 2828 2062 2853; x_wconf 89' lang='lat'><strong>,</strong></span> 
     </span>
    </p>
   </div>
   <div class='ocr_carea' id='block_1_36' title="bbox 416 2864 2068 2950">
    <p class='ocr_par' dir='ltr' id='par_1_36' title="bbox 416 2864 2068 2950">
     <span class='ocr_line' id='line_1_36' title="bbox 416 2864 2068 2950; baseline 0.001 -24"><span class='ocrx_word' id='word_1_222' title='bbox 416 2864 712 2947; x_wconf 74' lang='lat' dir='ltr'><strong>praedonis</strong></span> <span class='ocrx_word' id='word_1_223' title='bbox 764 2869 825 2931; x_wconf 92' lang='lat' dir='ltr'><strong>in</strong></span> <span class='ocrx_word' id='word_1_224' title='bbox 898 2891 1122 2936; x_wconf 88' lang='lat' dir='ltr'><strong>morem</strong></span> <span class='ocrx_word' id='word_1_225' title='bbox 1184 2873 1534 2946; x_wconf 83' lang='lat' dir='ltr'><strong>advenisse,</strong></span> <span class='ocrx_word' id='word_1_226' title='bbox 1593 2877 1944 2950; x_wconf 87' lang='lat' dir='ltr'><strong>raptumque</strong></span> <span class='ocrx_word' id='word_1_227' title='bbox 1974 2867 2068 2929; x_wconf 91' lang='lat' dir='ltr'><strong>sui</strong></span> 
     </span>
    </p>
   </div>
   <div class='ocr_carea' id='block_1_37' title="bbox 2161 999 3827 1084">
    <p class='ocr_par' dir='ltr' id='par_1_37' title="bbox 2161 999 3827 1084">
     <span class='ocr_line' id='line_1_37' title="bbox 2161 999 3827 1084; baseline 0.004 -26"><span class='ocrx_word' id='word_1_228' title='bbox 2161 999 2436 1079; x_wconf 82' lang='grc' dir='ltr'>πανδρίτῃ.</span> <span class='ocrx_word' id='word_1_229' title='bbox 2498 1001 2621 1059; x_wconf 86' lang='grc' dir='ltr'>Ἐπὶ</span> <span class='ocrx_word' id='word_1_230' title='bbox 2691 1004 2897 1068; x_wconf 80' lang='grc' dir='ltr'><strong>τούτοις</strong></span> <span class='ocrx_word' id='word_1_231' title='bbox 2955 1011 3080 1084; x_wconf 82' lang='grc' dir='ltr'>γοῦν</span> <span class='ocrx_word' id='word_1_232' title='bbox 3147 1011 3277 1061; x_wconf 83' lang='grc' dir='ltr'>πᾶσι</span> <span class='ocrx_word' id='word_1_233' title='bbox 3358 1006 3448 1062; x_wconf 85' lang='grc' dir='ltr'><strong>καὶ</strong></span> <span class='ocrx_word' id='word_1_234' title='bbox 3537 1007 3827 1082; x_wconf 82' lang='grc' dir='ltr'>σημείωμα</span> 
     </span>
    </p>
   </div>
   <div class='ocr_carea' id='block_1_38' title="bbox 2160 1088 3824 1169">
    <p class='ocr_par' dir='ltr' id='par_1_38' title="bbox 2160 1088 3824 1169">
     <span class='ocr_line' id='line_1_38' title="bbox 2160 1088 3824 1169; baseline 0.005 -25"><span class='ocrx_word' id='word_1_235' title='bbox 2160 1097 2449 1156; x_wconf 83' lang='grc' dir='ltr'>τηνικαῦτα</span> <span class='ocrx_word' id='word_1_236' title='bbox 2480 1088 2679 1169; x_wconf 81' lang='grc' dir='ltr'>προέϐη</span> <span class='ocrx_word' id='word_1_237' title='bbox 2713 1089 3004 1167; x_wconf 80' lang='grc' dir='ltr'>συνοδικὸν,</span> <span class='ocrx_word' id='word_1_238' title='bbox 3036 1089 3102 1148; x_wconf 86' lang='grc' dir='ltr'><strong>δι’</strong></span> <span class='ocrx_word' id='word_1_239' title='bbox 3135 1095 3195 1149; x_wconf 78' lang='grc' dir='ltr'>οὗ</span> <span class='ocrx_word' id='word_1_240' title='bbox 3236 1093 3370 1149; x_wconf 81' lang='grc' dir='ltr'>κατὰ</span> <span class='ocrx_word' id='word_1_241' title='bbox 3428 1093 3532 1160; x_wconf 76' lang='grc' dir='ltr'><strong>τὴν</strong></span> <span class='ocrx_word' id='word_1_242' title='bbox 3607 1103 3824 1152; x_wconf 82' lang='grc' dir='ltr'>Καπανο</span> 
     </span>
    </p>
   </div>
   <div class='ocr_carea' id='block_1_39' title="bbox 2160 1177 3820 1262">
    <p class='ocr_par' dir='ltr' id='par_1_39' title="bbox 2160 1177 3820 1262">
     <span class='ocr_line' id='line_1_39' title="bbox 2160 1177 3820 1262; baseline 0.003 -28"><span class='ocrx_word' id='word_1_243' title='bbox 2160 1177 2330 1258; x_wconf 84' lang='grc' dir='ltr'>δρίτου</span> <span class='ocrx_word' id='word_1_244' title='bbox 2387 1178 2720 1258; x_wconf 76' lang='grc' dir='ltr'>παράκλησιν</span> <span class='ocrx_word' id='word_1_245' title='bbox 2778 1180 3052 1262; x_wconf 75' lang='grc' dir='ltr'><strong>ἀπεφάνθη</strong></span> <span class='ocrx_word' id='word_1_246' title='bbox 3135 1183 3224 1238; x_wconf 78' lang='grc' dir='ltr'>καὶ</span> <span class='ocrx_word' id='word_1_247' title='bbox 3291 1182 3700 1259; x_wconf 81' lang='grc' dir='ltr'>ἐγνωματεύθη,</span> <span class='ocrx_word' id='word_1_248' title='bbox 3760 1185 3820 1239; x_wconf 83' lang='grc' dir='ltr'>τὸ</span> 
     </span>
    </p>
   </div>
   <div class='ocr_carea' id='block_1_40' title="bbox 2159 1265 3822 1351">
    <p class='ocr_par' dir='ltr' id='par_1_40' title="bbox 2159 1265 3822 1351">
     <span class='ocr_line' id='line_1_40' title="bbox 2159 1265 3822 1351; baseline 0.002 -28"><span class='ocrx_word' id='word_1_249' title='bbox 2159 1266 2244 1324; x_wconf 80' lang='grc' dir='ltr'>ἐπὶ</span> <span class='ocrx_word' id='word_1_250' title='bbox 2271 1274 2340 1345; x_wconf 79' lang='grc' dir='ltr'>τῇ</span> <span class='ocrx_word' id='word_1_251' title='bbox 2369 1269 2586 1345; x_wconf 79' lang='grc' dir='ltr'>τοιαύτῃ</span> <span class='ocrx_word' id='word_1_252' title='bbox 2635 1269 2874 1326; x_wconf 80' lang='grc' dir='ltr'><strong>ὑποθέσει</strong></span> <span class='ocrx_word' id='word_1_253' title='bbox 2939 1269 3214 1337; x_wconf 84' lang='grc' dir='ltr'>ποιητέον.</span> <span class='ocrx_word' id='word_1_254' title='bbox 3290 1265 3353 1351; x_wconf 71' lang='grc' dir='ltr'><strong>ᾯ</strong></span> <span class='ocrx_word' id='word_1_255' title='bbox 3412 1270 3481 1337; x_wconf 74' lang='grc' dir='ltr'>δὴ</span> <span class='ocrx_word' id='word_1_256' title='bbox 3558 1269 3822 1346; x_wconf 82' lang='grc' dir='ltr'>σονοδικῷ</span> 
     </span>
    </p>
   </div>
   <div class='ocr_carea' id='block_1_41' title="bbox 2159 1357 3817 1440">
    <p class='ocr_par' dir='ltr' id='par_1_41' title="bbox 2159 1357 3817 1440">
     <span class='ocr_line' id='line_1_41' title="bbox 2159 1357 3817 1440; baseline 0.002 -28"><span class='ocrx_word' id='word_1_257' title='bbox 2159 1358 2498 1432; x_wconf 88' lang='grc' dir='ltr'>σημειώματι</span> <span class='ocrx_word' id='word_1_258' title='bbox 2528 1359 2616 1413; x_wconf 88' lang='grc' dir='ltr'><strong>καὶ</strong></span> <span class='ocrx_word' id='word_1_259' title='bbox 2644 1358 2709 1414; x_wconf 86' lang='grc' dir='ltr'>τὰ</span> <span class='ocrx_word' id='word_1_260' title='bbox 2735 1359 2878 1437; x_wconf 78' lang='grc' dir='ltr'>παρὰ</span> <span class='ocrx_word' id='word_1_261' title='bbox 2906 1365 2998 1415; x_wconf 79' lang='grc' dir='ltr'><strong>τοῦ</strong></span> <span class='ocrx_word' id='word_1_262' title='bbox 3052 1357 3435 1439; x_wconf 80' lang='grc' dir='ltr'>Καπανδρίτου,</span> <span class='ocrx_word' id='word_1_263' title='bbox 3472 1361 3546 1425; x_wconf 83' lang='grc' dir='ltr'>ὡς</span> <span class='ocrx_word' id='word_1_264' title='bbox 3576 1358 3817 1440; x_wconf 77' lang='grc' dir='ltr'>εἴρηται,</span> 
     </span>
    </p>
   </div>
   <div class='ocr_carea' id='block_1_42' title="bbox 2158 1446 3822 1528">
    <p class='ocr_par' dir='ltr' id='par_1_42' title="bbox 2158 1446 3822 1528">
     <span class='ocr_line' id='line_1_42' title="bbox 2158 1446 3822 1528; baseline 0.002 -26"><span class='ocrx_word' id='word_1_265' title='bbox 2158 1446 2575 1525; x_wconf 84' lang='grc' dir='ltr'>προκομισθέντα</span> <span class='ocrx_word' id='word_1_266' title='bbox 2646 1448 2864 1526; x_wconf 87' lang='grc' dir='ltr'>χαρτία,</span> <span class='ocrx_word' id='word_1_267' title='bbox 2936 1447 3056 1503; x_wconf 89' lang='grc' dir='ltr'>τότε</span> <span class='ocrx_word' id='word_1_268' title='bbox 3113 1447 3394 1504; x_wconf 83' lang='grc' dir='ltr'>Βασιλικὸν</span> <span class='ocrx_word' id='word_1_269' title='bbox 3453 1451 3822 1528; x_wconf 77' lang='grc' dir='ltr'>προσκυνητὺν</span> 
     </span>
    </p>
   </div>
   <div class='ocr_carea' id='block_1_43' title="bbox 2157 1533 3823 1618">
    <p class='ocr_par' dir='ltr' id='par_1_43' title="bbox 2157 1533 3823 1618">
     <span class='ocr_line' id='line_1_43' title="bbox 2157 1533 3823 1618; baseline 0.004 -28"><span class='ocrx_word' id='word_1_270' title='bbox 2157 1533 2400 1602; x_wconf 82' lang='grc' dir='ltr'>δηλονότι</span> <span class='ocrx_word' id='word_1_271' title='bbox 2457 1536 2798 1615; x_wconf 76' lang='grc' dir='ltr'><strong>πρόσταγμα,</strong></span> <span class='ocrx_word' id='word_1_272' title='bbox 2835 1537 2922 1593; x_wconf 83' lang='grc' dir='ltr'><strong>καὶ</strong></span> <span class='ocrx_word' id='word_1_273' title='bbox 2982 1537 3042 1593; x_wconf 82' lang='grc' dir='ltr'>τὸ</span> <span class='ocrx_word' id='word_1_274' title='bbox 3099 1543 3216 1610; x_wconf 80' lang='grc' dir='ltr'>σοῦ,</span> <span class='ocrx_word' id='word_1_275' title='bbox 3260 1543 3353 1594; x_wconf 80' lang='grc' dir='ltr'>τοῦ</span> <span class='ocrx_word' id='word_1_276' title='bbox 3408 1536 3823 1618; x_wconf 75' lang='grc' dir='ltr'><strong>θεοφιλεστάτου</strong></span> 
     </span>
    </p>
   </div>
   <div class='ocr_carea' id='block_1_44' title="bbox 2156 1623 3824 1706">
    <p class='ocr_par' dir='ltr' id='par_1_44' title="bbox 2156 1623 3824 1706">
     <span class='ocr_line' id='line_1_44' title="bbox 2156 1623 3824 1706; baseline 0.002 -27"><span class='ocrx_word' id='word_1_277' title='bbox 2156 1623 2445 1683; x_wconf 77' lang='grc' dir='ltr'>ἐπισκόπου</span> <span class='ocrx_word' id='word_1_278' title='bbox 2508 1623 2814 1688; x_wconf 79' lang='grc' dir='ltr'>Δεαϐόλεως</span> <span class='ocrx_word' id='word_1_279' title='bbox 2891 1626 3198 1701; x_wconf 90' lang='grc' dir='ltr'>σημείωμα,</span> <span class='ocrx_word' id='word_1_280' title='bbox 3259 1625 3630 1706; x_wconf 76' lang='grc' dir='ltr'>ἐνεγράφησαν</span> <span class='ocrx_word' id='word_1_281' title='bbox 3687 1629 3824 1683; x_wconf 78' lang='grc' dir='ltr'>κατὰ</span> 
     </span>
    </p>
   </div>
   <div class='ocr_carea' id='block_1_45' title="bbox 2098 1710 3820 1806">
    <p class='ocr_par' dir='ltr' id='par_1_45' title="bbox 2098 1710 3820 1806">
     <span class='ocr_line' id='line_1_45' title="bbox 2098 1710 3820 1806; baseline -0.006 -37"><span class='ocrx_word' id='word_1_282' title='bbox 2098 1712 2320 1806; x_wconf 79' lang='grc' dir='ltr'>Βρῆμα.</span> <span class='ocrx_word' id='word_1_283' title='bbox 2371 1710 2489 1768; x_wconf 84' lang='grc' dir='ltr'>Ἐπὶ</span> <span class='ocrx_word' id='word_1_284' title='bbox 2518 1711 2572 1768; x_wconf 84' lang='grc' dir='ltr'><strong>δέ</strong></span> <span class='ocrx_word' id='word_1_285' title='bbox 2622 1715 2706 1768; x_wconf 69' lang='grc' dir='ltr'>νῦν</span> <span class='ocrx_word' id='word_1_286' title='bbox 2763 1711 2921 1806; x_wconf 73' lang='grc' dir='ltr'>πάλιν</span> <span class='ocrx_word' id='word_1_287' title='bbox 2992 1714 3266 1806; x_wconf 80' lang='grc' dir='ltr'>ἀνηνέχθη</span> <span class='ocrx_word' id='word_1_288' title='bbox 3336 1720 3404 1791; x_wconf 74' lang='grc' dir='ltr'>τῇ</span> <span class='ocrx_word' id='word_1_289' title='bbox 3447 1713 3687 1806; x_wconf 59' lang='grc' dir='ltr'>ἡμετέρᾷ</span> <span class='ocrx_word' id='word_1_290' title='bbox 3715 1734 3820 1790; x_wconf 72' lang='grc' dir='ltr'><strong>με-</strong></span> 
     </span>
    </p>
   </div>
   <div class='ocr_carea' id='block_1_46' title="bbox 2153 1801 3819 1881">
    <p class='ocr_par' dir='ltr' id='par_1_46' title="bbox 2153 1801 3819 1881">
     <span class='ocr_line' id='line_1_46' title="bbox 2153 1801 3819 1881; baseline 0.001 -25"><span class='ocrx_word' id='word_1_291' title='bbox 2153 1801 2388 1878; x_wconf 88' lang='grc' dir='ltr'>τριότητι</span> <span class='ocrx_word' id='word_1_292' title='bbox 2419 1802 2560 1880; x_wconf 78' lang='grc' dir='ltr'>παρὰ</span> <span class='ocrx_word' id='word_1_293' title='bbox 2591 1807 2681 1857; x_wconf 81' lang='grc' dir='ltr'><strong>τοῦ</strong></span> <span class='ocrx_word' id='word_1_294' title='bbox 2711 1801 2901 1881; x_wconf 80' lang='grc' dir='ltr'>μέρους</span> <span class='ocrx_word' id='word_1_295' title='bbox 2944 1807 3041 1869; x_wconf 79' lang='grc' dir='ltr'>τῆς</span> <span class='ocrx_word' id='word_1_296' title='bbox 3113 1803 3366 1869; x_wconf 81' lang='grc' dir='ltr'>τοιαύτης</span> <span class='ocrx_word' id='word_1_297' title='bbox 3408 1804 3693 1880; x_wconf 70' lang='grc' dir='ltr'>γυναικὸς,</span> <span class='ocrx_word' id='word_1_298' title='bbox 3723 1808 3819 1869; x_wconf 82' lang='grc' dir='ltr'><strong>τῆς</strong></span> 
     </span>
    </p>
   </div>
   <div class='ocr_carea' id='block_1_47' title="bbox 2155 1887 3816 1971">
    <p class='ocr_par' dir='ltr' id='par_1_47' title="bbox 2155 1887 3816 1971">
     <span class='ocr_line' id='line_1_47' title="bbox 2155 1887 3816 1971; baseline 0.002 -27"><span class='ocrx_word' id='word_1_299' title='bbox 2155 1887 2479 1968; x_wconf 74' lang='grc' dir='ltr'>αὖταδέλφης</span> <span class='ocrx_word' id='word_1_300' title='bbox 2510 1888 2756 1956; x_wconf 79' lang='grc' dir='ltr'>δηλονότι</span> <span class='ocrx_word' id='word_1_301' title='bbox 2807 1891 2902 1946; x_wconf 74' lang='grc' dir='ltr'>τσῦ</span> <span class='ocrx_word' id='word_1_302' title='bbox 2956 1889 3319 1947; x_wconf 83' lang='grc' dir='ltr'>πανσεϐάστου</span> <span class='ocrx_word' id='word_1_303' title='bbox 3364 1892 3698 1971; x_wconf 82' lang='grc' dir='ltr'>Βοϊωάννου,</span> <span class='ocrx_word' id='word_1_304' title='bbox 3743 1892 3816 1956; x_wconf 85' lang='grc' dir='ltr'>ὡς</span> 
     </span>
    </p>
   </div>
   <div class='ocr_carea' id='block_1_48' title="bbox 2154 1978 3816 2059">
    <p class='ocr_par' dir='ltr' id='par_1_48' title="bbox 2154 1978 3816 2059">
     <span class='ocr_line' id='line_1_48' title="bbox 2154 1978 3816 2059; baseline 0.002 -27"><span class='ocrx_word' id='word_1_305' title='bbox 2154 1984 2246 2034; x_wconf 85' lang='grc' dir='ltr'>τοῦ</span> <span class='ocrx_word' id='word_1_306' title='bbox 2299 1979 2548 2057; x_wconf 88' lang='grc' dir='ltr'>πρότερον</span> <span class='ocrx_word' id='word_1_307' title='bbox 2591 1978 2897 2056; x_wconf 81' lang='grc' dir='ltr'>συζυγέντος</span> <span class='ocrx_word' id='word_1_308' title='bbox 2954 1981 3190 2054; x_wconf 80' lang='grc' dir='ltr'><strong>νομίμως</strong></span> <span class='ocrx_word' id='word_1_309' title='bbox 3225 1980 3392 2046; x_wconf 88' lang='grc' dir='ltr'>ταύτη</span> <span class='ocrx_word' id='word_1_310' title='bbox 3453 1978 3668 2059; x_wconf 78' lang='grc' dir='ltr'>ἀνδρὸς,</span> <span class='ocrx_word' id='word_1_311' title='bbox 3725 1985 3816 2036; x_wconf 79' lang='grc' dir='ltr'>τοῦ</span> 
     </span>
    </p>
   </div>
   <div class='ocr_carea' id='block_1_49' title="bbox 2153 2067 3814 2148">
    <p class='ocr_par' dir='ltr' id='par_1_49' title="bbox 2153 2067 3814 2148">
     <span class='ocr_line' id='line_1_49' title="bbox 2153 2067 3814 2148; baseline 0.002 -27"><span class='ocrx_word' id='word_1_312' title='bbox 2153 2068 2535 2145; x_wconf 79' lang='grc' dir='ltr'>πριμμικηρῖου</span> <span class='ocrx_word' id='word_1_313' title='bbox 2592 2067 2789 2124; x_wconf 85' lang='grc' dir='ltr'>ἐκείνου</span> <span class='ocrx_word' id='word_1_314' title='bbox 2841 2067 3010 2148; x_wconf 83' lang='grc' dir='ltr'>Βάρδα</span> <span class='ocrx_word' id='word_1_315' title='bbox 3095 2074 3187 2124; x_wconf 79' lang='grc' dir='ltr'>τοῦ</span> <span class='ocrx_word' id='word_1_316' title='bbox 3278 2069 3684 2146; x_wconf 80' lang='grc' dir='ltr'>Μακρομμάτου</span> <span class='ocrx_word' id='word_1_317' title='bbox 3741 2074 3814 2142; x_wconf 85' lang='grc' dir='ltr'>τῷ</span> 
     </span>
    </p>
   </div>
   <div class='ocr_carea' id='block_1_50' title="bbox 2145 2155 3815 2236">
    <p class='ocr_par' dir='ltr' id='par_1_50' title="bbox 2145 2155 3815 2236">
     <span class='ocr_line' id='line_1_50' title="bbox 2145 2155 3815 2236; baseline 0.001 -26"><span class='ocrx_word' id='word_1_318' title='bbox 2145 2155 2321 2234; x_wconf 84' lang='grc' dir='ltr'>χρεὼν</span> <span class='ocrx_word' id='word_1_319' title='bbox 2372 2155 2864 2234; x_wconf 77' lang='grc' dir='ltr'>λειτουργήσαντος,</span> <span class='ocrx_word' id='word_1_320' title='bbox 2938 2156 3037 2225; x_wconf 70' lang='grc' dir='ltr'><strong>τὰν</strong></span> <span class='ocrx_word' id='word_1_321' title='bbox 3106 2166 3460 2236; x_wconf 64' lang='grc' dir='ltr'>πρακτορικην</span> <span class='ocrx_word' id='word_1_322' title='bbox 3536 2155 3815 2213; x_wconf 81' lang='grc' dir='ltr'>δειλιάσα-</span> 
     </span>
    </p>
   </div>
   <div class='ocr_carea' id='block_1_51' title="bbox 2148 2241 3813 2326">
    <p class='ocr_par' dir='ltr' id='par_1_51' title="bbox 2148 2241 3813 2326">
     <span class='ocr_line' id='line_1_51' title="bbox 2148 2241 3813 2326; baseline 0.001 -27"><span class='ocrx_word' id='word_1_323' title='bbox 2148 2265 2217 2299; x_wconf 88' lang='grc' dir='ltr'><strong>σα</strong></span> <span class='ocrx_word' id='word_1_324' title='bbox 2242 2241 2562 2318; x_wconf 78' lang='grc' dir='ltr'>δυναστείαν,</span> <span class='ocrx_word' id='word_1_325' title='bbox 2606 2247 2771 2302; x_wconf 75' lang='grc' dir='ltr'>ὁποῖα</span> <span class='ocrx_word' id='word_1_326' title='bbox 2818 2244 3074 2310; x_wconf 82' lang='grc' dir='ltr'>πολλάκις</span> <span class='ocrx_word' id='word_1_327' title='bbox 3133 2245 3186 2302; x_wconf 78' lang='grc' dir='ltr'>ἐν</span> <span class='ocrx_word' id='word_1_328' title='bbox 3217 2259 3334 2308; x_wconf 78' lang='grc' dir='ltr'>τοῖς</span> <span class='ocrx_word' id='word_1_329' title='bbox 3380 2247 3650 2310; x_wconf 84' lang='grc' dir='ltr'>τοιούτοις</span> <span class='ocrx_word' id='word_1_330' title='bbox 3720 2268 3813 2326; x_wconf 70' lang='grc' dir='ltr'><strong>φι-</strong></span> 
     </span>
    </p>
   </div>
   <div class='ocr_carea' id='block_1_52' title="bbox 2149 2330 3808 2414">
    <p class='ocr_par' dir='ltr' id='par_1_52' title="bbox 2149 2330 3808 2414">
     <span class='ocr_line' id='line_1_52' title="bbox 2149 2330 3808 2414; baseline 0.002 -27"><span class='ocrx_word' id='word_1_331' title='bbox 2149 2330 2236 2388; x_wconf 79' lang='grc' dir='ltr'><strong>λεῖ</strong></span> <span class='ocrx_word' id='word_1_332' title='bbox 2285 2332 2513 2409; x_wconf 85' lang='grc' dir='ltr'>γίνέσθαι</span> <span class='ocrx_word' id='word_1_333' title='bbox 2571 2335 2702 2412; x_wconf 82' lang='grc' dir='ltr'>πρὸς</span> <span class='ocrx_word' id='word_1_334' title='bbox 2786 2337 2970 2414; x_wconf 85' lang='grc' dir='ltr'>καιρὸν</span> <span class='ocrx_word' id='word_1_335' title='bbox 3039 2336 3109 2400; x_wconf 79' lang='grc' dir='ltr'><strong>εἷς</strong></span> <span class='ocrx_word' id='word_1_336' title='bbox 3177 2336 3238 2390; x_wconf 81' lang='grc' dir='ltr'><strong>τὸ</strong></span> <span class='ocrx_word' id='word_1_337' title='bbox 3313 2334 3448 2398; x_wconf 80' lang='grc' dir='ltr'>θέμα</span> <span class='ocrx_word' id='word_1_338' title='bbox 3511 2333 3808 2400; x_wconf 81' lang='grc' dir='ltr'>Κολωνείας</span> 
     </span>
    </p>
   </div>
   <div class='ocr_carea' id='block_1_53' title="bbox 2151 2422 3805 2503">
    <p class='ocr_par' dir='ltr' id='par_1_53' title="bbox 2151 2422 3805 2503">
     <span class='ocr_line' id='line_1_53' title="bbox 2151 2422 3805 2503; baseline 0.002 -27"><span class='ocrx_word' id='word_1_339' title='bbox 2151 2422 2501 2496; x_wconf 80' lang='grc' dir='ltr'>μετετοπίσθη</span> <span class='ocrx_word' id='word_1_340' title='bbox 2533 2424 2664 2499; x_wconf 85' lang='grc' dir='ltr'>πρὸς</span> <span class='ocrx_word' id='word_1_341' title='bbox 2723 2423 2889 2479; x_wconf 81' lang='grc' dir='ltr'>οἰκίαν</span> <span class='ocrx_word' id='word_1_342' title='bbox 2917 2425 3060 2487; x_wconf 78' lang='grc' dir='ltr'>τινος</span> <span class='ocrx_word' id='word_1_343' title='bbox 3116 2429 3222 2479; x_wconf 83' lang='grc' dir='ltr'><strong>τῶν</strong></span> <span class='ocrx_word' id='word_1_344' title='bbox 3280 2423 3416 2500; x_wconf 84' lang='grc' dir='ltr'><strong>αὺτῇ</strong></span> <span class='ocrx_word' id='word_1_345' title='bbox 3471 2429 3805 2503; x_wconf 89' lang='grc' dir='ltr'>προσγενῶν,</span> 
     </span>
    </p>
   </div>
   <div class='ocr_carea' id='block_1_54' title="bbox 2149 2507 3812 2591">
    <p class='ocr_par' dir='ltr' id='par_1_54' title="bbox 2149 2507 3812 2591">
     <span class='ocr_line' id='line_1_54' title="bbox 2149 2507 3812 2591; baseline 0.001 -27"><span class='ocrx_word' id='word_1_346' title='bbox 2149 2507 2506 2590; x_wconf 72' lang='grc' dir='ltr'>ἐπιφερομένη</span> <span class='ocrx_word' id='word_1_347' title='bbox 2536 2510 2624 2565; x_wconf 86' lang='grc' dir='ltr'><strong>καὶ</strong></span> <span class='ocrx_word' id='word_1_348' title='bbox 2681 2508 2778 2565; x_wconf 78' lang='grc' dir='ltr'><strong>ὅσα</strong></span> <span class='ocrx_word' id='word_1_349' title='bbox 2848 2510 2979 2576; x_wconf 81' lang='grc' dir='ltr'>τέως</span> <span class='ocrx_word' id='word_1_350' title='bbox 3038 2510 3268 2591; x_wconf 70' lang='grc' dir='ltr'>ἴσχυσει</span> <span class='ocrx_word' id='word_1_351' title='bbox 3307 2511 3602 2590; x_wconf 75' lang='grc' dir='ltr'>ἐπάγεσθαι</span> <span class='ocrx_word' id='word_1_352' title='bbox 3646 2511 3812 2591; x_wconf 72' lang='grc' dir='ltr'>κρείτ-</span> 
     </span>
    </p>
   </div>
   <div class='ocr_carea' id='block_1_55' title="bbox 2149 2587 3806 2678">
    <p class='ocr_par' dir='ltr' id='par_1_55' title="bbox 2149 2587 3806 2678">
     <span class='ocr_line' id='line_1_55' title="bbox 2149 2587 3806 2678; baseline 0.002 -25"><span class='ocrx_word' id='word_1_353' title='bbox 2149 2619 2226 2653; x_wconf 89' lang='grc' dir='ltr'>τω</span> <span class='ocrx_word' id='word_1_354' title='bbox 2255 2587 2360 2654; x_wconf 20' lang='grc' dir='ltr'>Ὗκαὶ</span> <span class='ocrx_word' id='word_1_355' title='bbox 2430 2597 2855 2674; x_wconf 73' lang='grc' dir='ltr'>εὖμετακὸμιστα</span> <span class='ocrx_word' id='word_1_356' title='bbox 2913 2602 3017 2656; x_wconf 82' lang='grc' dir='ltr'>τῶν</span> <span class='ocrx_word' id='word_1_357' title='bbox 3072 2601 3272 2667; x_wconf 84' lang='grc' dir='ltr'>ταύτης</span> <span class='ocrx_word' id='word_1_358' title='bbox 3343 2600 3700 2678; x_wconf 86' lang='grc' dir='ltr'>πραγμάτων.</span> <span class='ocrx_word' id='word_1_359' title='bbox 3751 2587 3806 2656; x_wconf 77' lang='grc' dir='ltr'>Ὀ</span> 
     </span>
    </p>
   </div>
   <div class='ocr_carea' id='block_1_56' title="bbox 2150 2683 3805 2767">
    <p class='ocr_par' dir='ltr' id='par_1_56' title="bbox 2150 2683 3805 2767">
     <span class='ocr_line' id='line_1_56' title="bbox 2150 2683 3805 2767; baseline 0.001 -26"><span class='ocrx_word' id='word_1_360' title='bbox 2150 2683 2204 2741; x_wconf 80' lang='grc' dir='ltr'><em>δὲ</em></span> <span class='ocrx_word' id='word_1_361' title='bbox 2260 2695 2494 2745; x_wconf 78' lang='grc' dir='ltr'>τοιοῦτος</span> <span class='ocrx_word' id='word_1_362' title='bbox 2570 2686 2936 2766; x_wconf 82' lang='grc' dir='ltr'>Καπανδρίτης</span> <span class='ocrx_word' id='word_1_363' title='bbox 3008 2686 3136 2744; x_wconf 88' lang='grc' dir='ltr'>λαὸν</span> <span class='ocrx_word' id='word_1_364' title='bbox 3190 2687 3411 2745; x_wconf 73' lang='grc' dir='ltr'>ἔνοπλον</span> <span class='ocrx_word' id='word_1_365' title='bbox 3485 2688 3582 2746; x_wconf 75' lang='grc' dir='ltr'><strong>οὐκ</strong></span> <span class='ocrx_word' id='word_1_366' title='bbox 3631 2687 3805 2767; x_wconf 80' lang='grc' dir='ltr'>ὀλίγον</span> 
     </span>
    </p>
   </div>
   <div class='ocr_carea' id='block_1_57' title="bbox 2149 2777 3804 2859">
    <p class='ocr_par' dir='ltr' id='par_1_57' title="bbox 2149 2777 3804 2859">
     <span class='ocr_line' id='line_1_57' title="bbox 2149 2777 3804 2859; baseline 0.004 -24"><span class='ocrx_word' id='word_1_367' title='bbox 2149 2779 2482 2858; x_wconf 86' lang='grc' dir='ltr'>συναγαγὼν,</span> <span class='ocrx_word' id='word_1_368' title='bbox 2552 2777 2848 2857; x_wconf 73' lang='grc' dir='ltr'>λῃστρικῶς</span> <span class='ocrx_word' id='word_1_369' title='bbox 2931 2779 3188 2856; x_wconf 81' lang='grc' dir='ltr'>ἐπελθὼν,</span> <span class='ocrx_word' id='word_1_370' title='bbox 3291 2781 3541 2859; x_wconf 76' lang='grc' dir='ltr'>ἁρπαγὴν</span> <span class='ocrx_word' id='word_1_371' title='bbox 3644 2779 3804 2848; x_wconf 80' lang='grc' dir='ltr'>αὒτῆς</span> 
     </span>
    </p>
   </div>
   <div class='ocr_carea' id='block_1_58' title="bbox 2145 2867 3802 2949">
    <p class='ocr_par' dir='ltr' id='par_1_58' title="bbox 2145 2867 3802 2949">
     <span class='ocr_line' id='line_1_58' title="bbox 2145 2867 3802 2949; baseline 0.002 -25"><span class='ocrx_word' id='word_1_372' title='bbox 2145 2867 2587 2946; x_wconf 70' lang='grc' dir='ltr'>ὶπλημμέλησεν,</span> <span class='ocrx_word' id='word_1_373' title='bbox 2645 2867 2968 2948; x_wconf 79' lang='grc' dir='ltr'>ἀφελόμενος</span> <span class='ocrx_word' id='word_1_374' title='bbox 3044 2871 3127 2926; x_wconf 62' lang='grc' dir='ltr'><strong>καὶ</strong></span> <span class='ocrx_word' id='word_1_375' title='bbox 3184 2868 3282 2927; x_wconf 82' lang='grc' dir='ltr'><strong>ὅσα</strong></span> <span class='ocrx_word' id='word_1_376' title='bbox 3337 2875 3618 2949; x_wconf 82' lang='grc' dir='ltr'>προσῆσαν</span> <span class='ocrx_word' id='word_1_377' title='bbox 3672 2873 3802 2945; x_wconf 73' lang='grc' dir='ltr'>αὐτῇ</span> 
     </span>
    </p>
   </div>
   <div class='ocr_carea' id='block_1_59' title="bbox 413 2955 2068 3040">
    <p class='ocr_par' dir='ltr' id='par_1_59' title="bbox 413 2955 2062 3040">
     <span class='ocr_line' id='line_1_59' title="bbox 413 2955 2062 3040; baseline -0.001 -23"><span class='ocrx_word' id='word_1_378' title='bbox 413 2955 804 3033; x_wconf 90' lang='lat' dir='ltr'><strong>commisisse,</strong></span> <span class='ocrx_word' id='word_1_379' title='bbox 840 2960 1047 3024; x_wconf 91' lang='lat' dir='ltr'><strong>ab&#39;atis</strong></span> <span class='ocrx_word' id='word_1_380' title='bbox 1078 2961 1255 3024; x_wconf 89' lang='lat' dir='ltr'><strong>etiam</strong></span> <span class='ocrx_word' id='word_1_381' title='bbox 1304 2963 1487 3023; x_wconf 79' lang='lat' dir='ltr'><strong>rebus</strong></span> <span class='ocrx_word' id='word_1_382' title='bbox 1542 2961 1639 3040; x_wconf 88' lang='lat' dir='ltr'><strong>iis,</strong></span> <span class='ocrx_word' id='word_1_383' title='bbox 1672 2976 1818 3039; x_wconf 86' lang='lat' dir='ltr'><strong>quas</strong></span> <span class='ocrx_word' id='word_1_384' title='bbox 1862 2974 2062 3018; x_wconf 91' lang='lat' dir='ltr'><strong>secum</strong></span> 
     </span>
    </p>
   </div>
   <div class='ocr_carea' id='block_1_60' title="bbox 2151 2955 3797 3040">
    <p class='ocr_par' dir='ltr' id='par_1_60' title="bbox 2151 2957 3797 3038">
     <span class='ocr_line' id='line_1_60' title="bbox 2151 2957 3797 3038; baseline -0.001 -25"><span class='ocrx_word' id='word_1_385' title='bbox 2151 2957 2452 3037; x_wconf 78' lang='grc' dir='ltr'>πράγματα,</span> <span class='ocrx_word' id='word_1_386' title='bbox 2527 2957 2632 3012; x_wconf 74' lang='grc' dir='ltr'><strong>ἀπὸ</strong></span> <span class='ocrx_word' id='word_1_387' title='bbox 2687 2958 2850 3015; x_wconf 86' lang='grc' dir='ltr'>τόπου</span> <span class='ocrx_word' id='word_1_388' title='bbox 2921 2960 2994 3022; x_wconf 81' lang='grc' dir='ltr'>εἷς</span> <span class='ocrx_word' id='word_1_389' title='bbox 3053 2960 3214 3015; x_wconf 84' lang='grc' dir='ltr'>τὸπον</span> <span class='ocrx_word' id='word_1_390' title='bbox 3312 2959 3562 3038; x_wconf 74' lang='grc' dir='ltr'>μετάγων</span> <span class='ocrx_word' id='word_1_391' title='bbox 3619 2957 3797 3032; x_wconf 75' lang='grc' dir='ltr'>οὖτὴν,</span> 
     </span>
    </p>
   </div>
   <div class='ocr_carea' id='block_1_61' title="bbox 411 3032 2068 3131">
    <p class='ocr_par' dir='ltr' id='par_1_61' title="bbox 411 3032 2062 3131">
     <span class='ocr_line' id='line_1_61' title="bbox 411 3032 2062 3131; baseline 0 -25"><span class='ocrx_word' id='word_1_392' title='bbox 411 3045 758 3122; x_wconf 87' lang='lat' dir='ltr'><strong>habuisset;</strong></span> <span class='ocrx_word' id='word_1_393' title='bbox 787 3059 960 3131; x_wconf 90' lang='lat' dir='ltr'><strong>atque</strong></span> <span class='ocrx_word' id='word_1_394' title='bbox 988 3051 1068 3112; x_wconf 91' lang='lat' dir='ltr'><strong>ita</strong></span> <span class='ocrx_word' id='word_1_395' title='bbox 1101 3051 1173 3113; x_wconf 90' lang='lat' dir='ltr'><strong>de</strong></span> <span class='ocrx_word' id='word_1_396' title='bbox 1201 3051 1330 3113; x_wconf 91' lang='lat' dir='ltr'><strong>loco</strong></span> <span class='ocrx_word' id='word_1_397' title='bbox 1378 3052 1436 3111; x_wconf 92' lang='lat' dir='ltr'><strong>in</strong></span> <span class='ocrx_word' id='word_1_398' title='bbox 1471 3032 1664 3111; x_wconf 83' lang='lat' dir='ltr'><strong>locum</strong></span> <span class='ocrx_word' id='word_1_399' title='bbox 1691 3032 1840 3108; x_wconf 65' lang='lat' dir='ltr'><strong>eam</strong></span> <span class='ocrx_word' id='word_1_400' title='bbox 1865 3054 2062 3107; x_wconf 87' lang='lat' dir='ltr'><strong>trans-</strong></span> 
     </span>
    </p>
   </div>
   <div class='ocr_carea' id='block_1_62' title="bbox 2151 3032 3798 3131">
    <p class='ocr_par' dir='ltr' id='par_1_62' title="bbox 2151 3032 3798 3127">
     <span class='ocr_line' id='line_1_62' title="bbox 2151 3032 3798 3127; baseline -0.001 -24"><span class='ocrx_word' id='word_1_401' title='bbox 2151 3032 2237 3103; x_wconf 78' lang='grc' dir='ltr'><strong>καὶ</strong></span> <span class='ocrx_word' id='word_1_402' title='bbox 2264 3032 2612 3126; x_wconf 80' lang='grc' dir='ltr'>αἰχμάλωτον</span> <span class='ocrx_word' id='word_1_403' title='bbox 2672 3044 2838 3102; x_wconf 76' lang='grc' dir='ltr'>ἕλκων</span> <span class='ocrx_word' id='word_1_404' title='bbox 2893 3046 3023 3104; x_wconf 80' lang='grc' dir='ltr'>ὅπου</span> <span class='ocrx_word' id='word_1_405' title='bbox 3089 3032 3370 3127; x_wconf 76' lang='grc' dir='ltr'>ἠϐούλετο,</span> <span class='ocrx_word' id='word_1_406' title='bbox 3425 3032 3504 3123; x_wconf 62' lang='grc' dir='ltr'>μῆ</span> <span class='ocrx_word' id='word_1_407' title='bbox 3578 3069 3798 3127; x_wconf 86' lang='grc' dir='ltr'>συγχω-</span> 
     </span>
    </p>
   </div>
   <div class='ocr_carea' id='block_1_63' title="bbox 410 3134 2068 3220">
    <p class='ocr_par' dir='ltr' id='par_1_63' title="bbox 410 3134 2062 3220">
     <span class='ocr_line' id='line_1_63' title="bbox 410 3134 2062 3220; baseline 0 -24"><span class='ocrx_word' id='word_1_408' title='bbox 410 3145 703 3218; x_wconf 86' lang='lat' dir='ltr'><strong>postasse,</strong></span> <span class='ocrx_word' id='word_1_409' title='bbox 731 3139 1142 3220; x_wconf 92' lang='lat' dir='ltr'><strong>captivamque</strong></span> <span class='ocrx_word' id='word_1_410' title='bbox 1170 3140 1416 3201; x_wconf 89' lang='lat' dir='ltr'><strong>traxisse</strong></span> <span class='ocrx_word' id='word_1_411' title='bbox 1469 3151 1827 3220; x_wconf 90' lang='lat' dir='ltr'><strong>quocunque</strong></span> <span class='ocrx_word' id='word_1_412' title='bbox 1864 3134 2062 3214; x_wconf 85' lang='lat' dir='ltr'><strong>vellet,</strong></span> 
     </span>
    </p>
   </div>
   <div class='ocr_carea' id='block_1_64' title="bbox 2151 3134 3800 3220">
    <p class='ocr_par' dir='ltr' id='par_1_64' title="bbox 2151 3134 3800 3216">
     <span class='ocr_line' id='line_1_64' title="bbox 2151 3134 3800 3216; baseline -0.001 -25"><span class='ocrx_word' id='word_1_413' title='bbox 2151 3134 2411 3214; x_wconf 79' lang='grc' dir='ltr'>ρουμένην</span> <span class='ocrx_word' id='word_1_414' title='bbox 2483 3135 2614 3191; x_wconf 75' lang='grc' dir='ltr'>ἰδεῖν</span> <span class='ocrx_word' id='word_1_415' title='bbox 2674 3134 2809 3210; x_wconf 81' lang='grc' dir='ltr'>μηδὲ</span> <span class='ocrx_word' id='word_1_416' title='bbox 2879 3138 2974 3200; x_wconf 81' lang='grc' dir='ltr'>τὰς</span> <span class='ocrx_word' id='word_1_417' title='bbox 3044 3134 3370 3216; x_wconf 81' lang='grc' dir='ltr'>αύταδέλφας</span> <span class='ocrx_word' id='word_1_418' title='bbox 3431 3138 3616 3211; x_wconf 78' lang='grc' dir='ltr'>αὐτῆς,</span> <span class='ocrx_word' id='word_1_419' title='bbox 3649 3145 3800 3195; x_wconf 83' lang='grc' dir='ltr'>τοῦτο</span> 
     </span>
    </p>
   </div>
   <div class='ocr_carea' id='block_1_65' title="bbox 412 3223 2068 3309">
    <p class='ocr_par' dir='ltr' id='par_1_65' title="bbox 412 3225 2066 3309">
     <span class='ocr_line' id='line_1_65' title="bbox 412 3225 2066 3309; baseline 0 -25"><span class='ocrx_word' id='word_1_420' title='bbox 412 3243 545 3286; x_wconf 91' lang='lat' dir='ltr'><strong>cum</strong></span> <span class='ocrx_word' id='word_1_421' title='bbox 593 3245 670 3288; x_wconf 91' lang='lat' dir='ltr'><strong>ne</strong></span> <span class='ocrx_word' id='word_1_422' title='bbox 719 3226 959 3307; x_wconf 87' lang='lat' dir='ltr'><strong>quidem</strong></span> <span class='ocrx_word' id='word_1_423' title='bbox 1006 3237 1064 3289; x_wconf 92' lang='lat' dir='ltr'><strong>et</strong></span> <span class='ocrx_word' id='word_1_424' title='bbox 1105 3229 1475 3309; x_wconf 89' lang='lat' dir='ltr'><strong>permitteret</strong></span> <span class='ocrx_word' id='word_1_425' title='bbox 1524 3225 1792 3307; x_wconf 88' lang='lat' dir='ltr'><strong>aspicere</strong></span> <span class='ocrx_word' id='word_1_426' title='bbox 1832 3240 2066 3285; x_wconf 88' lang='lat' dir='ltr'><strong>sorores</strong></span> 
     </span>
    </p>
   </div>
   <div class='ocr_carea' id='block_1_66' title="bbox 2151 3223 3801 3309">
    <p class='ocr_par' dir='ltr' id='par_1_66' title="bbox 2151 3223 3801 3300">
     <span class='ocr_line' id='line_1_66' title="bbox 2151 3223 3801 3300; baseline -0.001 -20"><span class='ocrx_word' id='word_1_427' title='bbox 2151 3225 2435 3300; x_wconf 82' lang='grc' dir='ltr'>μαθούσας,</span> <span class='ocrx_word' id='word_1_428' title='bbox 2481 3226 2569 3280; x_wconf 85' lang='grc' dir='ltr'><strong>καὶ</strong></span> <span class='ocrx_word' id='word_1_429' title='bbox 2642 3226 2714 3288; x_wconf 76' lang='grc' dir='ltr'><strong>εἰς</strong></span> <span class='ocrx_word' id='word_1_430' title='bbox 2774 3225 3096 3297; x_wconf 81' lang='grc' dir='ltr'>ἀναζήτησιν</span> <span class='ocrx_word' id='word_1_431' title='bbox 3150 3225 3348 3292; x_wconf 88' lang='grc' dir='ltr'>ταύτης</span> <span class='ocrx_word' id='word_1_432' title='bbox 3397 3223 3672 3290; x_wconf 78' lang='grc' dir='ltr'>ἐλθούσας,</span> <span class='ocrx_word' id='word_1_433' title='bbox 3707 3224 3801 3282; x_wconf 80' lang='grc' dir='ltr'>Καὶ</span> 
     </span>
    </p>
   </div>
   <div class='ocr_carea' id='block_1_67' title="bbox 410 3311 2068 3397">
    <p class='ocr_par' dir='ltr' id='par_1_67' title="bbox 410 3311 2062 3397">
     <span class='ocr_line' id='line_1_67' title="bbox 410 3311 2062 3397; baseline -0.002 -23"><span class='ocrx_word' id='word_1_434' title='bbox 410 3331 548 3375; x_wconf 90' lang='lat' dir='ltr'><strong>suas</strong></span> <span class='ocrx_word' id='word_1_435' title='bbox 599 3333 910 3396; x_wconf 83' lang='lat' dir='ltr'><strong>gemanas;</strong></span> <span class='ocrx_word' id='word_1_436' title='bbox 956 3336 1087 3397; x_wconf 70' lang='lat' dir='ltr'><strong>qua}</strong></span> <span class='ocrx_word' id='word_1_437' title='bbox 1135 3318 1247 3378; x_wconf 91' lang='lat' dir='ltr'><strong>hoc</strong></span> <span class='ocrx_word' id='word_1_438' title='bbox 1305 3318 1456 3378; x_wconf 89' lang='lat' dir='ltr'><strong>facto</strong></span> <span class='ocrx_word' id='word_1_439' title='bbox 1518 3315 1778 3394; x_wconf 91' lang='lat' dir='ltr'><strong>c0gnito,</strong></span> <span class='ocrx_word' id='word_1_440' title='bbox 1811 3311 1882 3372; x_wconf 87' lang='lat' dir='ltr'><strong>ad</strong></span> <span class='ocrx_word' id='word_1_441' title='bbox 1931 3329 2062 3375; x_wconf 87' lang='lat' dir='ltr'><strong>eam</strong></span> 
     </span>
    </p>
   </div>
   <div class='ocr_carea' id='block_1_68' title="bbox 2151 3311 3800 3397">
    <p class='ocr_par' dir='ltr' id='par_1_68' title="bbox 2151 3312 3800 3392">
     <span class='ocr_line' id='line_1_68' title="bbox 2151 3312 3800 3392; baseline -0.002 -23"><span class='ocrx_word' id='word_1_442' title='bbox 2151 3312 2283 3369; x_wconf 69' lang='grc' dir='ltr'>οὕτω</span> <span class='ocrx_word' id='word_1_443' title='bbox 2310 3312 2492 3389; x_wconf 86' lang='grc' dir='ltr'>βιαίως</span> <span class='ocrx_word' id='word_1_444' title='bbox 2537 3313 2622 3370; x_wconf 86' lang='grc' dir='ltr'><strong>καὶ</strong></span> <span class='ocrx_word' id='word_1_445' title='bbox 2653 3314 2974 3392; x_wconf 80' lang='grc' dir='ltr'>παρανόμως</span> <span class='ocrx_word' id='word_1_446' title='bbox 3025 3314 3277 3391; x_wconf 84' lang='grc' dir='ltr'>συνεζύγη</span> <span class='ocrx_word' id='word_1_447' title='bbox 3308 3313 3445 3390; x_wconf 69' lang='grc' dir='ltr'>αὐτῇ</span> <span class='ocrx_word' id='word_1_448' title='bbox 3501 3313 3578 3389; x_wconf 56' lang='grc' dir='ltr'><strong>μὴ</strong></span> <span class='ocrx_word' id='word_1_449' title='bbox 3624 3333 3800 3368; x_wconf 88' lang='grc' dir='ltr'>συντι-</span> 
     </span>
    </p>
   </div>
   <div class='ocr_carea' id='block_1_69' title="bbox 411 3399 2068 3485">
    <p class='ocr_par' dir='ltr' id='par_1_69' title="bbox 411 3399 2060 3485">
     <span class='ocr_line' id='line_1_69' title="bbox 411 3399 2060 3485; baseline 0.001 -24"><span class='ocrx_word' id='word_1_450' title='bbox 411 3403 794 3481; x_wconf 72' lang='lat' dir='ltr'><strong>quaerendam</strong></span> <span class='ocrx_word' id='word_1_451' title='bbox 827 3415 1132 3469; x_wconf 85' lang='lat' dir='ltr'><strong>venerant.</strong></span> <span class='ocrx_word' id='word_1_452' title='bbox 1167 3405 1288 3468; x_wconf 88' lang='lat' dir='ltr'><strong>Hec</strong></span> <span class='ocrx_word' id='word_1_453' title='bbox 1316 3405 1490 3467; x_wconf 91' lang='lat' dir='ltr'><strong>modo</strong></span> <span class='ocrx_word' id='word_1_454' title='bbox 1512 3399 1928 3485; x_wconf 85' lang='lat' dir='ltr'><strong>Capandritam</strong></span> <span class='ocrx_word' id='word_1_455' title='bbox 1953 3419 2060 3480; x_wconf 90' lang='lat' dir='ltr'><strong>per</strong></span> 
     </span>
    </p>
   </div>
   <div class='ocr_carea' id='block_1_70' title="bbox 2151 3399 3794 3485">
    <p class='ocr_par' dir='ltr' id='par_1_70' title="bbox 2151 3399 3794 3481">
     <span class='ocr_line' id='line_1_70' title="bbox 2151 3399 3794 3481; baseline -0.001 -23"><span class='ocrx_word' id='word_1_456' title='bbox 2151 3401 2362 3481; x_wconf 66' lang='grc' dir='ltr'>θεμένη,</span> <span class='ocrx_word' id='word_1_457' title='bbox 2395 3399 2479 3457; x_wconf 80' lang='grc' dir='ltr'><strong>διὰ</strong></span> <span class='ocrx_word' id='word_1_458' title='bbox 2531 3423 2587 3457; x_wconf 91' lang='grc' dir='ltr'>τε</span> <span class='ocrx_word' id='word_1_459' title='bbox 2658 3404 2719 3458; x_wconf 78' lang='grc' dir='ltr'><strong>τὸ</strong></span> <span class='ocrx_word' id='word_1_460' title='bbox 2803 3403 3014 3462; x_wconf 80' lang='grc' dir='ltr'>αὐτόθεν</span> <span class='ocrx_word' id='word_1_461' title='bbox 3061 3409 3154 3459; x_wconf 70' lang='grc' dir='ltr'><strong>τοῦ</strong></span> <span class='ocrx_word' id='word_1_462' title='bbox 3206 3403 3522 3481; x_wconf 88' lang='grc' dir='ltr'>πράγματος</span> <span class='ocrx_word' id='word_1_463' title='bbox 3580 3399 3794 3477; x_wconf 69' lang='grc' dir='ltr'>ἄτοπον,</span> 
     </span>
    </p>
   </div>
   <div class='ocr_carea' id='block_1_71' title="bbox 411 3487 2068 3575">
    <p class='ocr_par' dir='ltr' id='par_1_71' title="bbox 411 3489 2059 3575">
     <span class='ocr_line' id='line_1_71' title="bbox 411 3489 2059 3575; baseline 0.001 -27"><span class='ocrx_word' id='word_1_464' title='bbox 411 3491 527 3550; x_wconf 88' lang='lat' dir='ltr'><strong>vim</strong></span> <span class='ocrx_word' id='word_1_465' title='bbox 557 3500 877 3574; x_wconf 90' lang='lat' dir='ltr'><strong>contraque</strong></span> <span class='ocrx_word' id='word_1_466' title='bbox 907 3494 1067 3573; x_wconf 86' lang='lat' dir='ltr'><strong>leges</strong></span> <span class='ocrx_word' id='word_1_467' title='bbox 1098 3494 1153 3556; x_wconf 91' lang='lat' dir='ltr'><strong>ei</strong></span> <span class='ocrx_word' id='word_1_468' title='bbox 1185 3495 1366 3556; x_wconf 84' lang='lat' dir='ltr'><strong>fuisse</strong></span> <span class='ocrx_word' id='word_1_469' title='bbox 1391 3495 1728 3575; x_wconf 87' lang='lat' dir='ltr'><strong>copulatum</strong></span> <span class='ocrx_word' id='word_1_470' title='bbox 1757 3489 2059 3569; x_wconf 88' lang='lat' dir='ltr'><strong>haudqua-</strong></span> 
     </span>
    </p>
   </div>
   <div class='ocr_carea' id='block_1_72' title="bbox 2151 3487 3793 3575">
    <p class='ocr_par' dir='ltr' id='par_1_72' title="bbox 2151 3487 3793 3571">
     <span class='ocr_line' id='line_1_72' title="bbox 2151 3487 3793 3571; baseline 0.002 -26"><span class='ocrx_word' id='word_1_471' title='bbox 2151 3492 2227 3548; x_wconf 65' lang='grc' dir='ltr'><strong>καὶ</strong></span> <span class='ocrx_word' id='word_1_472' title='bbox 2254 3488 2338 3546; x_wconf 78' lang='grc' dir='ltr'><strong>διὰ</strong></span> <span class='ocrx_word' id='word_1_473' title='bbox 2379 3493 2441 3547; x_wconf 84' lang='grc' dir='ltr'>τὸ</span> <span class='ocrx_word' id='word_1_474' title='bbox 2470 3489 2698 3571; x_wconf 80' lang='grc' dir='ltr'>ἀκριϐῶς</span> <span class='ocrx_word' id='word_1_475' title='bbox 2729 3489 2940 3568; x_wconf 79' lang='grc' dir='ltr'>εἰδέναι,</span> <span class='ocrx_word' id='word_1_476' title='bbox 2987 3494 3059 3557; x_wconf 85' lang='grc' dir='ltr'><strong>ὡς</strong></span> <span class='ocrx_word' id='word_1_477' title='bbox 3110 3487 3450 3570; x_wconf 80' lang='grc' dir='ltr'>δισεξαδέλγη</span> <span class='ocrx_word' id='word_1_478' title='bbox 3508 3489 3702 3557; x_wconf 84' lang='grc' dir='ltr'>ταύτης</span> <span class='ocrx_word' id='word_1_479' title='bbox 3730 3487 3793 3556; x_wconf 82' lang='grc' dir='ltr'>ἦν</span> 
     </span>
    </p>
   </div>
   <div class='ocr_carea' id='block_1_73' title="bbox 411 3575 2068 3664">
    <p class='ocr_par' dir='ltr' id='par_1_73' title="bbox 411 3575 2058 3664">
     <span class='ocr_line' id='line_1_73' title="bbox 411 3575 2058 3664; baseline 0.001 -25"><span class='ocrx_word' id='word_1_480' title='bbox 411 3597 701 3659; x_wconf 89' lang='lat' dir='ltr'><strong>quaquam</strong></span> <span class='ocrx_word' id='word_1_481' title='bbox 759 3584 1176 3658; x_wconf 87' lang='lat' dir='ltr'><strong>consentienti,</strong></span> <span class='ocrx_word' id='word_1_482' title='bbox 1213 3594 1334 3646; x_wconf 92' lang='lat' dir='ltr'><strong>tum</strong></span> <span class='ocrx_word' id='word_1_483' title='bbox 1369 3593 1607 3664; x_wconf 86' lang='lat' dir='ltr'><strong>propter</strong></span> <span class='ocrx_word' id='word_1_484' title='bbox 1637 3579 1821 3661; x_wconf 87' lang='lat' dir='ltr'><strong>ipsius</strong></span> <span class='ocrx_word' id='word_1_485' title='bbox 1842 3575 2058 3640; x_wconf 72' lang='lat' dir='ltr'><strong>absuro</strong></span> 
     </span>
    </p>
   </div>
   <div class='ocr_carea' id='block_1_74' title="bbox 2151 3575 3789 3664">
    <p class='ocr_par' dir='ltr' id='par_1_74' title="bbox 2151 3577 3789 3660">
     <span class='ocr_line' id='line_1_74' title="bbox 2151 3577 3789 3660; baseline -0.002 -25"><span class='ocrx_word' id='word_1_486' title='bbox 2151 3581 2174 3647; x_wconf 68' lang='grc' dir='ltr'>ἡ</span> <span class='ocrx_word' id='word_1_487' title='bbox 2228 3580 2478 3658; x_wconf 89' lang='grc' dir='ltr'>πρότερον</span> <span class='ocrx_word' id='word_1_488' title='bbox 2534 3581 2752 3659; x_wconf 88' lang='grc' dir='ltr'>σύζυγος</span> <span class='ocrx_word' id='word_1_489' title='bbox 2823 3587 2914 3637; x_wconf 81' lang='grc' dir='ltr'>τοῦ</span> <span class='ocrx_word' id='word_1_490' title='bbox 2965 3581 3204 3638; x_wconf 91' lang='grc' dir='ltr'>τοιούτου</span> <span class='ocrx_word' id='word_1_491' title='bbox 3276 3579 3658 3660; x_wconf 86' lang='grc' dir='ltr'>Καπανδρίτου,</span> <span class='ocrx_word' id='word_1_492' title='bbox 3725 3577 3789 3645; x_wconf 77' lang='grc' dir='ltr'>ἢν</span> 
     </span>
    </p>
   </div>
   <div class='ocr_carea' id='block_1_75' title="bbox 409 3665 2068 3755">
    <p class='ocr_par' dir='ltr' id='par_1_75' title="bbox 409 3667 2055 3755">
     <span class='ocr_line' id='line_1_75' title="bbox 409 3667 2055 3755; baseline 0.001 -28"><span class='ocrx_word' id='word_1_493' title='bbox 409 3667 657 3755; x_wconf 87' lang='lat' dir='ltr'><strong>ditasem</strong></span> <span class='ocrx_word' id='word_1_494' title='bbox 692 3669 851 3747; x_wconf 88' lang='lat' dir='ltr'><strong>facti,</strong></span> <span class='ocrx_word' id='word_1_495' title='bbox 888 3680 1007 3733; x_wconf 91' lang='lat' dir='ltr'><strong>tum</strong></span> <span class='ocrx_word' id='word_1_496' title='bbox 1039 3674 1194 3755; x_wconf 90' lang='lat' dir='ltr'><strong>quod</strong></span> <span class='ocrx_word' id='word_1_497' title='bbox 1227 3681 1500 3735; x_wconf 87' lang='lat' dir='ltr'><strong>accurate</strong></span> <span class='ocrx_word' id='word_1_498' title='bbox 1555 3672 1682 3752; x_wconf 89' lang='lat' dir='ltr'><strong>ipsa</strong></span> <span class='ocrx_word' id='word_1_499' title='bbox 1725 3673 1927 3728; x_wconf 84' lang='lat' dir='ltr'><strong>nosset</strong></span> <span class='ocrx_word' id='word_1_500' title='bbox 1955 3685 2055 3728; x_wconf 91' lang='lat' dir='ltr'><strong>so-</strong></span> 
     </span>
    </p>
   </div>
   <div class='ocr_carea' id='block_1_76' title="bbox 2151 3665 3784 3755">
    <p class='ocr_par' dir='ltr' id='par_1_76' title="bbox 2151 3665 3784 3755">
     <span class='ocr_line' id='line_1_76' title="bbox 2151 3665 3784 3755; baseline 0 -32"><span class='ocrx_word' id='word_1_501' title='bbox 2151 3668 2345 3740; x_wconf 74' lang='lat' dir='ltr'><strong>lava&#39;mp</strong></span> <span class='ocrx_word' id='word_1_502' title='bbox 2373 3668 2527 3734; x_wconf 70' lang='grc' dir='ltr'>αὐτὸς</span> <span class='ocrx_word' id='word_1_503' title='bbox 2558 3667 2870 3728; x_wconf 78' lang='grc' dir='ltr'>ἆπεϐάλετο.</span> <span class='ocrx_word' id='word_1_504' title='bbox 2925 3671 3019 3726; x_wconf 70' lang='lat' dir='ltr'><strong>Aio</strong></span> <span class='ocrx_word' id='word_1_505' title='bbox 3075 3671 3163 3726; x_wconf 81' lang='grc' dir='ltr'>καὶ</span> <span class='ocrx_word' id='word_1_506' title='bbox 3231 3677 3416 3748; x_wconf 83' lang='grc' dir='ltr'>καιροῦ</span> <span class='ocrx_word' id='word_1_507' title='bbox 3471 3665 3784 3755; x_wconf 81' lang='grc' dir='ltr'>δραξαμένη,</span> 
     </span>
    </p>
   </div>
   <div class='ocr_carea' id='block_1_77' title="bbox 409 3754 2068 3843">
    <p class='ocr_par' dir='ltr' id='par_1_77' title="bbox 409 3754 2055 3843">
     <span class='ocr_line' id='line_1_77' title="bbox 409 3754 2055 3843; baseline 0.003 -28"><span class='ocrx_word' id='word_1_508' title='bbox 409 3754 641 3836; x_wconf 90' lang='lat' dir='ltr'><strong>bringm</strong></span> <span class='ocrx_word' id='word_1_509' title='bbox 695 3777 862 3820; x_wconf 87' lang='lat' dir='ltr'><strong>suam</strong></span> <span class='ocrx_word' id='word_1_510' title='bbox 917 3754 1098 3824; x_wconf 84' lang='lat' dir='ltr'><strong>fuisse</strong></span> <span class='ocrx_word' id='word_1_511' title='bbox 1148 3771 1404 3843; x_wconf 90' lang='lat' dir='ltr'><strong>prierem</strong></span> <span class='ocrx_word' id='word_1_512' title='bbox 1437 3757 1808 3840; x_wconf 67' lang='lat' dir='ltr'><strong>Capandritae</strong></span> <span class='ocrx_word' id='word_1_513' title='bbox 1841 3759 2055 3838; x_wconf 37' lang='lat' dir='ltr'><strong>conju-l</strong></span> 
     </span>
    </p>
   </div>
   <div class='ocr_carea' id='block_1_78' title="bbox 2151 3754 3788 3843">
    <p class='ocr_par' dir='ltr' id='par_1_78' title="bbox 2151 3754 3788 3840">
     <span class='ocr_line' id='line_1_78' title="bbox 2151 3754 3788 3840; baseline -0.001 -26"><span class='ocrx_word' id='word_1_514' title='bbox 2151 3756 2236 3824; x_wconf 74' lang='grc' dir='ltr'>τὴν</span> <span class='ocrx_word' id='word_1_515' title='bbox 2263 3755 2381 3832; x_wconf 87' lang='grc' dir='ltr'>μετ’</span> <span class='ocrx_word' id='word_1_516' title='bbox 2440 3759 2597 3814; x_wconf 75' lang='grc' dir='ltr'>αὐτοῦ</span> <span class='ocrx_word' id='word_1_517' title='bbox 2631 3759 2958 3826; x_wconf 65' lang='grc' dir='ltr'>εσυνοίκησιν</span> <span class='ocrx_word' id='word_1_518' title='bbox 3011 3761 3262 3840; x_wconf 67' lang='grc' dir='ltr'>ἔκφυγετν</span> <span class='ocrx_word' id='word_1_519' title='bbox 3306 3757 3508 3839; x_wconf 79' lang='grc' dir='ltr'>εἵλετο,</span> <span class='ocrx_word' id='word_1_520' title='bbox 3570 3756 3659 3814; x_wconf 71' lang='grc' dir='ltr'><strong>ἵνα</strong></span> <span class='ocrx_word' id='word_1_521' title='bbox 3714 3754 3788 3830; x_wconf 80' lang='grc' dir='ltr'>μὴ</span> 
     </span>
    </p>
   </div>
   <div class='ocr_carea' id='block_1_79' title="bbox 408 3840 2068 3930">
    <p class='ocr_par' dir='ltr' id='par_1_79' title="bbox 408 3840 2058 3930">
     <span class='ocr_line' id='line_1_79' title="bbox 408 3840 2058 3930; baseline 0.005 -26"><span class='ocrx_word' id='word_1_522' title='bbox 408 3863 772 3927; x_wconf 83' lang='lat' dir='ltr'><strong>gem,quam</strong></span> <span class='ocrx_word' id='word_1_523' title='bbox 827 3859 1017 3913; x_wconf 91' lang='lat' dir='ltr'><strong>morte</strong></span> <span class='ocrx_word' id='word_1_524' title='bbox 1071 3840 1373 3924; x_wconf 79' lang='lat' dir='ltr'><strong>amiserat.</strong></span> <span class='ocrx_word' id='word_1_525' title='bbox 1426 3849 1682 3930; x_wconf 87' lang='lat' dir='ltr'><strong>Ideoque</strong></span> <span class='ocrx_word' id='word_1_526' title='bbox 1739 3848 1929 3929; x_wconf 80' lang='lat' dir='ltr'><strong>ipsam</strong></span> <span class='ocrx_word' id='word_1_527' title='bbox 1959 3867 2058 3912; x_wconf 89' lang='lat' dir='ltr'><strong>oc-</strong></span> 
     </span>
    </p>
   </div>
   <div class='ocr_carea' id='block_1_80' title="bbox 2151 3840 3788 3930">
    <p class='ocr_par' dir='ltr' id='par_1_80' title="bbox 2151 3840 3788 3926">
     <span class='ocr_line' id='line_1_80' title="bbox 2151 3840 3788 3926; baseline -0.001 -26"><span class='ocrx_word' id='word_1_528' title='bbox 2151 3858 2310 3924; x_wconf 76' lang='grc' dir='ltr'>ιρϊμα</span> <span class='ocrx_word' id='word_1_529' title='bbox 2339 3847 2569 3926; x_wconf 79' lang='grc' dir='ltr'>ψυχικὸν</span> <span class='ocrx_word' id='word_1_530' title='bbox 2612 3845 2666 3902; x_wconf 79' lang='grc' dir='ltr'>ἔν</span> <span class='ocrx_word' id='word_1_531' title='bbox 2727 3845 3015 3918; x_wconf 81' lang='grc' dir='ltr'>ουνειδήσει</span> <span class='ocrx_word' id='word_1_532' title='bbox 3069 3849 3341 3905; x_wconf 82' lang='grc' dir='ltr'>ἐπισπῶτο</span> <span class='ocrx_word' id='word_1_533' title='bbox 3403 3847 3466 3904; x_wconf 78' lang='grc' dir='ltr'>ἐκ</span> <span class='ocrx_word' id='word_1_534' title='bbox 3533 3851 3631 3914; x_wconf 77' lang='grc' dir='ltr'><strong>τῆς</strong></span> <span class='ocrx_word' id='word_1_535' title='bbox 3673 3840 3788 3921; x_wconf 86' lang='grc' dir='ltr'>μετ’</span> 
     </span>
    </p>
   </div>
   <div class='ocr_carea' id='block_1_81' title="bbox 406 3933 2068 4018">
    <p class='ocr_par' dir='ltr' id='par_1_81' title="bbox 406 3935 2054 4018">
     <span class='ocr_line' id='line_1_81' title="bbox 406 3935 2054 4018; baseline 0.002 -22"><span class='ocrx_word' id='word_1_536' title='bbox 406 3935 646 3996; x_wconf 90' lang='lat' dir='ltr'><strong>casione</strong></span> <span class='ocrx_word' id='word_1_537' title='bbox 687 3945 955 4018; x_wconf 88' lang='lat' dir='ltr'><strong>captata,</strong></span> <span class='ocrx_word' id='word_1_538' title='bbox 1020 3939 1297 4002; x_wconf 88' lang='lat' dir='ltr'><strong>maluisse</strong></span> <span class='ocrx_word' id='word_1_539' title='bbox 1362 3939 1496 4018; x_wconf 80' lang='lat' dir='ltr'><strong>fuga</strong></span> <span class='ocrx_word' id='word_1_540' title='bbox 1552 3935 2054 4000; x_wconf 88' lang='lat' dir='ltr'><strong>cohabitationem</strong></span> 
     </span>
    </p>
   </div>
   <div class='ocr_carea' id='block_1_82' title="bbox 2151 3933 3788 4018">
    <p class='ocr_par' dir='ltr' id='par_1_82' title="bbox 2151 3933 3788 4014">
     <span class='ocr_line' id='line_1_82' title="bbox 2151 3933 3788 4014; baseline 0.001 -25"><span class='ocrx_word' id='word_1_541' title='bbox 2151 3933 2298 3992; x_wconf 74' lang='grc' dir='ltr'>πιύτοῦ</span> <span class='ocrx_word' id='word_1_542' title='bbox 2328 3933 2694 4012; x_wconf 80' lang='grc' dir='ltr'>συμϐιώσεως,</span> <span class='ocrx_word' id='word_1_543' title='bbox 2741 3936 2824 3995; x_wconf 81' lang='grc' dir='ltr'>διὰ</span> <span class='ocrx_word' id='word_1_544' title='bbox 2868 3939 2966 4006; x_wconf 77' lang='grc' dir='ltr'>τὴν</span> <span class='ocrx_word' id='word_1_545' title='bbox 3008 3935 3124 3994; x_wconf 83' lang='grc' dir='ltr'>καθ’</span> <span class='ocrx_word' id='word_1_546' title='bbox 3169 3941 3309 4014; x_wconf 85' lang='grc' dir='ltr'>αἷμα</span> <span class='ocrx_word' id='word_1_547' title='bbox 3332 3938 3530 4004; x_wconf 85' lang='grc' dir='ltr'>ταύτης</span> <span class='ocrx_word' id='word_1_548' title='bbox 3559 3935 3788 4014; x_wconf 68' lang='grc' dir='ltr'>ἓγγύτη-</span> 
     </span>
    </p>
   </div>
   <div class='ocr_carea' id='block_1_83' title="bbox 409 4020 2068 4109">
    <p class='ocr_par' dir='ltr' id='par_1_83' title="bbox 409 4022 2053 4109">
     <span class='ocr_line' id='line_1_83' title="bbox 409 4022 2053 4109; baseline 0.004 -25"><span class='ocrx_word' id='word_1_549' title='bbox 409 4022 539 4101; x_wconf 89' lang='lat' dir='ltr'><strong>ejus</strong></span> <span class='ocrx_word' id='word_1_550' title='bbox 571 4024 958 4108; x_wconf 88' lang='lat' dir='ltr'><strong>deserere,ne</strong></span> <span class='ocrx_word' id='word_1_551' title='bbox 976 4027 1428 4090; x_wconf 87' lang='lat' dir='ltr'><strong>damnationem</strong></span> <span class='ocrx_word' id='word_1_552' title='bbox 1451 4027 1665 4089; x_wconf 65' lang='lat' dir='ltr'><strong>animae</strong></span> <span class='ocrx_word' id='word_1_553' title='bbox 1697 4025 1896 4090; x_wconf 88' lang='lat' dir='ltr'><strong>sciens</strong></span> <span class='ocrx_word' id='word_1_554' title='bbox 1914 4047 2053 4109; x_wconf 90' lang='lat' dir='ltr'><strong>pru-</strong></span> 
     </span>
    </p>
   </div>
   <div class='ocr_carea' id='block_1_84' title="bbox 2151 4020 3789 4109">
    <p class='ocr_par' dir='ltr' id='par_1_84' title="bbox 2151 4020 3789 4106">
     <span class='ocr_line' id='line_1_84' title="bbox 2151 4020 3789 4106; baseline -0.001 -27"><span class='ocrx_word' id='word_1_555' title='bbox 2151 4045 2205 4080; x_wconf 80' lang='grc' dir='ltr'><strong>τα</strong></span> <span class='ocrx_word' id='word_1_556' title='bbox 2247 4026 2378 4103; x_wconf 81' lang='grc' dir='ltr'>πρὸς</span> <span class='ocrx_word' id='word_1_557' title='bbox 2421 4026 2518 4092; x_wconf 76' lang='grc' dir='ltr'><strong>τὴν</strong></span> <span class='ocrx_word' id='word_1_558' title='bbox 2547 4027 2799 4106; x_wconf 90' lang='grc' dir='ltr'>πρότερον</span> <span class='ocrx_word' id='word_1_559' title='bbox 2829 4029 3049 4106; x_wconf 86' lang='grc' dir='ltr'>σύζυγον</span> <span class='ocrx_word' id='word_1_560' title='bbox 3090 4027 3294 4102; x_wconf 87' lang='grc' dir='ltr'>τούτου,</span> <span class='ocrx_word' id='word_1_561' title='bbox 3355 4026 3455 4094; x_wconf 77' lang='grc' dir='ltr'>τὴν</span> <span class='ocrx_word' id='word_1_562' title='bbox 3499 4025 3586 4081; x_wconf 81' lang='grc' dir='ltr'>καὶ</span> <span class='ocrx_word' id='word_1_563' title='bbox 3615 4020 3789 4078; x_wconf 86' lang='grc' dir='ltr'>δευτέ-</span> 
     </span>
    </p>
   </div>
   <div class='ocr_carea' id='block_1_85' title="bbox 408 4111 2068 4198">
    <p class='ocr_par' dir='ltr' id='par_1_85' title="bbox 408 4112 2059 4198">
     <span class='ocr_line' id='line_1_85' title="bbox 408 4112 2059 4198; baseline 0.005 -27"><span class='ocrx_word' id='word_1_564' title='bbox 408 4112 676 4192; x_wconf 88' lang='lat' dir='ltr'><strong>deusque</strong></span> <span class='ocrx_word' id='word_1_565' title='bbox 701 4115 816 4177; x_wconf 89' lang='lat' dir='ltr'><strong>sibi</strong></span> <span class='ocrx_word' id='word_1_566' title='bbox 840 4118 1185 4179; x_wconf 87' lang='lat' dir='ltr'><strong>sonciliaret</strong></span> <span class='ocrx_word' id='word_1_567' title='bbox 1215 4136 1282 4179; x_wconf 85' lang='lat' dir='ltr'><strong>ex</strong></span> <span class='ocrx_word' id='word_1_568' title='bbox 1319 4117 1420 4179; x_wconf 89' lang='lat' dir='ltr'><strong>tali</strong></span> <span class='ocrx_word' id='word_1_569' title='bbox 1443 4116 1574 4177; x_wconf 70' lang='lat' dir='ltr'><strong>vitae</strong></span> <span class='ocrx_word' id='word_1_570' title='bbox 1594 4116 2059 4198; x_wconf 88' lang='lat' dir='ltr'><strong>consortio,pro-</strong></span> 
     </span>
    </p>
   </div>
   <div class='ocr_carea' id='block_1_86' title="bbox 2151 4111 3792 4198">
    <p class='ocr_par' dir='ltr' id='par_1_86' title="bbox 2151 4111 3792 4198">
     <span class='ocr_line' id='line_1_86' title="bbox 2151 4111 3792 4198; baseline -0.002 -28"><span class='ocrx_word' id='word_1_571' title='bbox 2151 4134 2234 4189; x_wconf 66' lang='grc' dir='ltr'><strong>ραν</strong></span> <span class='ocrx_word' id='word_1_572' title='bbox 2268 4111 2362 4191; x_wconf 80' lang='grc' dir='ltr'><strong>(ὥς</strong></span> <span class='ocrx_word' id='word_1_573' title='bbox 2393 4114 2576 4194; x_wconf 75' lang='grc' dir='ltr'>φησιν)</span> <span class='ocrx_word' id='word_1_574' title='bbox 2608 4113 2894 4198; x_wconf 68' lang='grc' dir='ltr'>ἓξαδέλφην</span> <span class='ocrx_word' id='word_1_575' title='bbox 2937 4116 3094 4173; x_wconf 80' lang='grc' dir='ltr'>οὖσαν</span> <span class='ocrx_word' id='word_1_576' title='bbox 3131 4117 3315 4182; x_wconf 73' lang='grc' dir='ltr'>αὐτῆς.</span> <span class='ocrx_word' id='word_1_577' title='bbox 3393 4114 3492 4172; x_wconf 84' lang='grc' dir='ltr'><strong>Καὶ</strong></span> <span class='ocrx_word' id='word_1_578' title='bbox 3540 4111 3792 4192; x_wconf 78' lang='grc' dir='ltr'>ἐρώτησιν</span> 
     </span>
    </p>
   </div>
   <div class='ocr_carea' id='block_1_87' title="bbox 408 4200 2068 4288">
    <p class='ocr_par' dir='ltr' id='par_1_87' title="bbox 408 4203 2058 4288">
     <span class='ocr_line' id='line_1_87' title="bbox 408 4203 2058 4288; baseline -0.003 -27"><span class='ocrx_word' id='word_1_579' title='bbox 408 4207 538 4280; x_wconf 68' lang='lat' dir='ltr'><strong>pter</strong></span> <span class='ocrx_word' id='word_1_580' title='bbox 568 4205 874 4283; x_wconf 88' lang='lat' dir='ltr'><strong>sanguinis</strong></span> <span class='ocrx_word' id='word_1_581' title='bbox 931 4226 1065 4267; x_wconf 87' lang='lat' dir='ltr'><strong>cum</strong></span> <span class='ocrx_word' id='word_1_582' title='bbox 1117 4207 1247 4285; x_wconf 87' lang='lat' dir='ltr'><strong>ejus</strong></span> <span class='ocrx_word' id='word_1_583' title='bbox 1297 4206 1496 4286; x_wconf 83' lang='lat' dir='ltr'><strong>priore</strong></span> <span class='ocrx_word' id='word_1_584' title='bbox 1526 4203 1779 4282; x_wconf 86' lang='lat' dir='ltr'><strong>conjuge</strong></span> <span class='ocrx_word' id='word_1_585' title='bbox 1811 4206 2058 4288; x_wconf 82' lang='lat' dir='ltr'><strong>propin-</strong></span> 
     </span>
    </p>
   </div>
   <div class='ocr_carea' id='block_1_88' title="bbox 2151 4200 3783 4288">
    <p class='ocr_par' dir='ltr' id='par_1_88' title="bbox 2151 4200 3783 4282">
     <span class='ocr_line' id='line_1_88' title="bbox 2151 4200 3783 4282; baseline 0.007 -24"><span class='ocrx_word' id='word_1_586' title='bbox 2151 4200 2288 4259; x_wconf 75' lang='grc' dir='ltr'>ἔθετο</span> <span class='ocrx_word' id='word_1_587' title='bbox 2317 4202 2403 4258; x_wconf 79' lang='grc' dir='ltr'><strong>ἐπὶ</strong></span> <span class='ocrx_word' id='word_1_588' title='bbox 2445 4204 2647 4269; x_wconf 90' lang='grc' dir='ltr'>τούτοις</span> <span class='ocrx_word' id='word_1_589' title='bbox 2671 4202 2757 4261; x_wconf 86' lang='grc' dir='ltr'>διά</span> <span class='ocrx_word' id='word_1_590' title='bbox 2784 4227 2926 4269; x_wconf 76' lang='grc' dir='ltr'>τιΛος</span> <span class='ocrx_word' id='word_1_591' title='bbox 2954 4211 3060 4262; x_wconf 83' lang='grc' dir='ltr'><strong>τῶν</strong></span> <span class='ocrx_word' id='word_1_592' title='bbox 3091 4205 3253 4271; x_wconf 70' lang='grc' dir='ltr'>αὐτῆς</span> <span class='ocrx_word' id='word_1_593' title='bbox 3304 4204 3436 4282; x_wconf 79' lang='grc' dir='ltr'>πρὸς</span> <span class='ocrx_word' id='word_1_594' title='bbox 3493 4204 3591 4271; x_wconf 70' lang='grc' dir='ltr'>τὴν</span> <span class='ocrx_word' id='word_1_595' title='bbox 3635 4202 3783 4275; x_wconf 79' lang='grc' dir='ltr'>ἡμῶν</span> 
     </span>
    </p>
   </div>
   <div class='ocr_carea' id='block_1_89' title="bbox 407 4289 2068 4377">
    <p class='ocr_par' dir='ltr' id='par_1_89' title="bbox 407 4289 2058 4377">
     <span class='ocr_line' id='line_1_89' title="bbox 407 4289 2058 4377; baseline 0.002 -27"><span class='ocrx_word' id='word_1_596' title='bbox 407 4289 716 4372; x_wconf 88' lang='lat' dir='ltr'><strong>quitatem,</strong></span> <span class='ocrx_word' id='word_1_597' title='bbox 750 4313 882 4373; x_wconf 67' lang='lat' dir='ltr'><strong>qum</strong></span> <span class='ocrx_word' id='word_1_598' title='bbox 937 4294 1214 4357; x_wconf 60' lang='lat' dir='ltr'><strong>Eudocia;</strong></span> <span class='ocrx_word' id='word_1_599' title='bbox 1254 4294 1496 4356; x_wconf 89' lang='lat' dir='ltr'><strong>sobrina</strong></span> <span class='ocrx_word' id='word_1_600' title='bbox 1533 4294 1712 4374; x_wconf 88' lang='lat' dir='ltr'><strong>(velut</strong></span> <span class='ocrx_word' id='word_1_601' title='bbox 1746 4290 1872 4371; x_wconf 90' lang='lat' dir='ltr'><strong>ipsa</strong></span> <span class='ocrx_word' id='word_1_602' title='bbox 1905 4316 2058 4377; x_wconf 62' lang='lat' dir='ltr'><strong>pra;-</strong></span> 
     </span>
    </p>
   </div>
   <div class='ocr_carea' id='block_1_90' title="bbox 2151 4289 3790 4377">
    <p class='ocr_par' dir='ltr' id='par_1_90' title="bbox 2151 4291 3790 4372">
     <span class='ocr_line' id='line_1_90' title="bbox 2151 4291 3790 4372; baseline -0.002 -26"><span class='ocrx_word' id='word_1_603' title='bbox 2151 4291 2462 4366; x_wconf 87' lang='grc' dir='ltr'>μετριότητα</span> <span class='ocrx_word' id='word_1_604' title='bbox 2533 4294 2942 4372; x_wconf 83' lang='grc' dir='ltr'>προκαθημένηυ</span> <span class='ocrx_word' id='word_1_605' title='bbox 3025 4291 3334 4372; x_wconf 79' lang='grc' dir='ltr'>συνοδικῶς,</span> <span class='ocrx_word' id='word_1_606' title='bbox 3411 4297 3504 4349; x_wconf 79' lang='grc' dir='ltr'>τοῦ</span> <span class='ocrx_word' id='word_1_607' title='bbox 3569 4291 3653 4346; x_wconf 78' lang='grc' dir='ltr'>ἐπὶ</span> <span class='ocrx_word' id='word_1_608' title='bbox 3721 4291 3790 4360; x_wconf 83' lang='grc' dir='ltr'>τῷ</span> 
     </span>
    </p>
   </div>
   <div class='ocr_carea' id='block_1_91' title="bbox 409 4379 2068 4490">
    <p class='ocr_par' dir='ltr' id='par_1_91' title="bbox 409 4379 2055 4490">
     <span class='ocr_line' id='line_1_91' title="bbox 409 4379 2055 4490; baseline 0.001 -51"><span class='ocrx_word' id='word_1_609' title='bbox 409 4379 589 4480; x_wconf 71' lang='lat' dir='ltr'><strong>dicat)</strong></span> <span class='ocrx_word' id='word_1_610' title='bbox 626 4379 823 4444; x_wconf 89' lang='lat' dir='ltr'><strong>fuerit.</strong></span> <span class='ocrx_word' id='word_1_611' title='bbox 867 4382 1446 4490; x_wconf 50' lang='lat' dir='ltr'><strong>&#39;Quibuspexpositis</strong></span> <span class='ocrx_word' id='word_1_612' title='bbox 1503 4405 1608 4465; x_wconf 88' lang='lat' dir='ltr'><strong>per</strong></span> <span class='ocrx_word' id='word_1_613' title='bbox 1637 4389 1953 4488; x_wconf 75' lang='lat' dir='ltr'><strong>quemdam</strong></span> <span class='ocrx_word' id='word_1_614' title='bbox 1987 4399 2055 4442; x_wconf 84' lang='lat' dir='ltr'><strong>ex</strong></span> 
     </span>
    </p>
   </div>
   <div class='ocr_carea' id='block_1_92' title="bbox 2151 4379 3785 4490">
    <p class='ocr_par' dir='ltr' id='par_1_92' title="bbox 2151 4380 3785 4490">
     <span class='ocr_line' id='line_1_92' title="bbox 2151 4380 3785 4462; baseline -0.002 -26"><span class='ocrx_word' id='word_1_615' title='bbox 2151 4381 2554 4460; x_wconf 84' lang='grc' dir='ltr'>τοιουτοτρόπως</span> <span class='ocrx_word' id='word_1_616' title='bbox 2605 4382 2854 4462; x_wconf 79' lang='grc' dir='ltr'>προϐάντι</span> <span class='ocrx_word' id='word_1_617' title='bbox 2911 4383 3215 4457; x_wconf 88' lang='grc' dir='ltr'>συνοικεσίῳ</span> <span class='ocrx_word' id='word_1_618' title='bbox 3289 4382 3564 4449; x_wconf 77' lang='grc' dir='ltr'>ποιητέου.</span> <span class='ocrx_word' id='word_1_619' title='bbox 3595 4380 3785 4436; x_wconf 59' lang='grc' dir='ltr'>Ἧκον-</span> 
     </span>
     <span class='ocr_line' id='line_1_93' title="bbox 2280 4463 3739 4490; baseline 0 0"><span class='ocrx_word' id='word_1_620' title='bbox 2280 4468 2293 4490; x_wconf 71' lang='grc'><strong>9</strong></span> <span class='ocrx_word' id='word_1_621' title='bbox 2363 4470 2374 4490; x_wconf 84' lang='grc' dir='ltr'><strong><em>Ι</em></strong></span> <span class='ocrx_word' id='word_1_622' title='bbox 2523 4463 2569 4485; x_wconf 60' lang='grc' dir='ltr'><strong>η’</strong></span> <span class='ocrx_word' id='word_1_623' title='bbox 2621 4473 2633 4490; x_wconf 78' lang='grc' dir='ltr'>ε</span> <span class='ocrx_word' id='word_1_624' title='bbox 2708 4474 2732 4484; x_wconf 67' lang='grc' dir='ltr'><strong><em>ν</em></strong></span> <span class='ocrx_word' id='word_1_625' title='bbox 2970 4474 2982 4490; x_wconf 73' lang='grc' dir='ltr'><strong><em>ι</em></strong></span> <span class='ocrx_word' id='word_1_626' title='bbox 3283 4472 3297 4490; x_wconf 83' lang='lat'><strong><em>\</em></strong></span> <span class='ocrx_word' id='word_1_627' title='bbox 3363 4475 3390 4486; x_wconf 87' lang='lat'><strong>~</strong></span> <span class='ocrx_word' id='word_1_628' title='bbox 3457 4475 3470 4490; x_wconf 74' lang='grc' dir='ltr'>ι</span> <span class='ocrx_word' id='word_1_629' title='bbox 3542 4475 3567 4486; x_wconf 74' lang='lat'><strong><em>~</em></strong></span> <span class='ocrx_word' id='word_1_630' title='bbox 3638 4463 3739 4490; x_wconf 55' lang='lat' dir='ltr'><strong>’i‘-‘</strong></span> 
     </span>
    </p>
   </div>
   <div class='ocr_carea' id='block_1_93' title="bbox 406 4463 2068 4556">
    <p class='ocr_par' dir='ltr' id='par_1_93' title="bbox 406 4463 2054 4556">
     <span class='ocr_line' id='line_1_94' title="bbox 406 4463 2054 4556; baseline 0.004 -28"><span class='ocrx_word' id='word_1_631' title='bbox 406 4467 530 4529; x_wconf 90' lang='lat' dir='ltr'><strong>suis</strong></span> <span class='ocrx_word' id='word_1_632' title='bbox 557 4467 964 4549; x_wconf 86' lang='lat' dir='ltr'><strong>interrogabat</strong></span> <span class='ocrx_word' id='word_1_633' title='bbox 995 4471 1462 4534; x_wconf 88' lang='lat' dir='ltr'><strong>mediocritatem</strong></span> <span class='ocrx_word' id='word_1_634' title='bbox 1490 4463 1774 4556; x_wconf 78' lang='lat' dir='ltr'><strong>nostram,</strong></span> <span class='ocrx_word' id='word_1_635' title='bbox 1811 4477 1871 4537; x_wconf 93' lang='lat' dir='ltr'><strong>in</strong></span> <span class='ocrx_word' id='word_1_636' title='bbox 1907 4491 2054 4538; x_wconf 91' lang='lat' dir='ltr'><strong>cou-</strong></span> 
     </span>
    </p>
   </div>
   <div class='ocr_carea' id='block_1_94' title="bbox 2151 4463 3782 4556">
    <p class='ocr_par' dir='ltr' id='par_1_94' title="bbox 2151 4463 3782 4556">
     <span class='ocr_line' id='line_1_95' title="bbox 2151 4463 3782 4556; baseline -0.001 -32"><span class='ocrx_word' id='word_1_637' title='bbox 2151 4491 2228 4524; x_wconf 75' lang='lat' dir='ltr'><strong>rev</strong></span> <span class='ocrx_word' id='word_1_638' title='bbox 2271 4468 2376 4525; x_wconf 83' lang='grc' dir='ltr'>ἀπό</span> <span class='ocrx_word' id='word_1_639' title='bbox 2404 4490 2460 4525; x_wconf 92' lang='grc' dir='ltr'>τε</span> <span class='ocrx_word' id='word_1_640' title='bbox 2489 4463 2586 4537; x_wconf 77' lang='grc' dir='ltr'><strong>τῆς</strong></span> <span class='ocrx_word' id='word_1_641' title='bbox 2612 4473 2768 4548; x_wconf 78' lang='grc' dir='ltr'>ἡμῶν</span> <span class='ocrx_word' id='word_1_642' title='bbox 2803 4474 3168 4554; x_wconf 83' lang='grc' dir='ltr'>μετριότητος,</span> <span class='ocrx_word' id='word_1_643' title='bbox 3213 4472 3300 4528; x_wconf 84' lang='grc' dir='ltr'><strong>καὶ</strong></span> <span class='ocrx_word' id='word_1_644' title='bbox 3327 4475 3427 4538; x_wconf 77' lang='grc' dir='ltr'>τῆς</span> <span class='ocrx_word' id='word_1_645' title='bbox 3457 4475 3598 4550; x_wconf 79' lang='grc' dir='ltr'>ἱερᾶς</span> <span class='ocrx_word' id='word_1_646' title='bbox 3629 4463 3782 4556; x_wconf 53' lang='grc' dir='ltr'>ἀθελ-</span> 
     </span>
    </p>
   </div>
   <div class='ocr_carea' id='block_1_95' title="bbox 407 4553 2068 4643">
    <p class='ocr_par' dir='ltr' id='par_1_95' title="bbox 407 4553 2057 4642">
     <span class='ocr_line' id='line_1_96' title="bbox 407 4553 2057 4642; baseline 0.004 -24"><span class='ocrx_word' id='word_1_647' title='bbox 407 4556 544 4618; x_wconf 88' lang='lat' dir='ltr'><strong>cilio</strong></span> <span class='ocrx_word' id='word_1_648' title='bbox 576 4559 1016 4638; x_wconf 64' lang='lat' dir='ltr'><strong>praesidentem,</strong></span> <span class='ocrx_word' id='word_1_649' title='bbox 1053 4560 1196 4642; x_wconf 89' lang='lat' dir='ltr'><strong>quid</strong></span> <span class='ocrx_word' id='word_1_650' title='bbox 1229 4560 1303 4623; x_wconf 90' lang='lat' dir='ltr'><strong>de</strong></span> <span class='ocrx_word' id='word_1_651' title='bbox 1333 4563 1612 4642; x_wconf 91' lang='lat' dir='ltr'><strong>conjugio</strong></span> <span class='ocrx_word' id='word_1_652' title='bbox 1641 4565 1699 4625; x_wconf 90' lang='lat' dir='ltr'><strong>in</strong></span> <span class='ocrx_word' id='word_1_653' title='bbox 1733 4553 1890 4628; x_wconf 83' lang='lat' dir='ltr'><strong>hunc</strong></span> <span class='ocrx_word' id='word_1_654' title='bbox 1925 4582 2057 4625; x_wconf 89' lang='lat' dir='ltr'><strong>mo-</strong></span> 
     </span>
    </p>
   </div>
   <div class='ocr_carea' id='block_1_96' title="bbox 2151 4553 3781 4643">
    <p class='ocr_par' dir='ltr' id='par_1_96' title="bbox 2151 4553 3781 4643">
     <span class='ocr_line' id='line_1_97' title="bbox 2151 4553 3781 4643; baseline -0.005 -29"><span class='ocrx_word' id='word_1_655' title='bbox 2151 4556 2391 4638; x_wconf 71' lang='lat' dir='ltr'><strong>po&#39;mvoc,</strong></span> <span class='ocrx_word' id='word_1_656' title='bbox 2419 4559 2493 4624; x_wconf 83' lang='grc' dir='ltr'><strong>ὡς</strong></span> <span class='ocrx_word' id='word_1_657' title='bbox 2524 4561 2567 4616; x_wconf 80' lang='grc' dir='ltr'>εἰ</span> <span class='ocrx_word' id='word_1_658' title='bbox 2589 4561 2752 4626; x_wconf 74' lang='grc' dir='ltr'>οὕτως</span> <span class='ocrx_word' id='word_1_659' title='bbox 2784 4561 2900 4643; x_wconf 77' lang='grc' dir='ltr'>ἔχει</span> <span class='ocrx_word' id='word_1_660' title='bbox 2923 4563 2988 4623; x_wconf 76' lang='grc' dir='ltr'>τὰ</span> <span class='ocrx_word' id='word_1_661' title='bbox 3015 4561 3109 4630; x_wconf 73' lang='grc' dir='ltr'>τῆς</span> <span class='ocrx_word' id='word_1_662' title='bbox 3123 4559 3391 4633; x_wconf 82' lang='grc' dir='ltr'>ἀληθείας,</span> <span class='ocrx_word' id='word_1_663' title='bbox 3429 4558 3640 4618; x_wconf 79' lang='grc' dir='ltr'>αὐτόθεν</span> <span class='ocrx_word' id='word_1_664' title='bbox 3670 4553 3781 4643; x_wconf 71' lang='grc' dir='ltr'>ἔχει</span> 
     </span>
    </p>
   </div>
   <div class='ocr_carea' id='block_1_97' title="bbox 407 4637 2068 4735">
    <p class='ocr_par' dir='ltr' id='par_1_97' title="bbox 407 4637 2062 4735">
     <span class='ocr_line' id='line_1_98' title="bbox 407 4637 2062 4735; baseline 0.002 -25"><span class='ocrx_word' id='word_1_665' title='bbox 407 4648 546 4710; x_wconf 91' lang='lat' dir='ltr'><strong>dum</strong></span> <span class='ocrx_word' id='word_1_666' title='bbox 579 4637 885 4711; x_wconf 82' lang='lat' dir='ltr'><strong>contracto</strong></span> <span class='ocrx_word' id='word_1_667' title='bbox 935 4637 1273 4712; x_wconf 80' lang='lat' dir='ltr'><strong>faciendum</strong></span> <span class='ocrx_word' id='word_1_668' title='bbox 1331 4637 1934 4735; x_wconf 33' lang='lat' dir='ltr'><strong>essetfResponsum</strong></span> <span class='ocrx_word' id='word_1_669' title='bbox 1969 4662 2062 4715; x_wconf 88' lang='lat' dir='ltr'><strong>est</strong></span> 
     </span>
    </p>
   </div>
   <div class='ocr_carea' id='block_1_98' title="bbox 2151 4637 3785 4735">
    <p class='ocr_par' dir='ltr' id='par_1_98' title="bbox 2151 4637 3785 4730">
     <span class='ocr_line' id='line_1_99' title="bbox 2151 4637 3785 4730; baseline -0.001 -29"><span class='ocrx_word' id='word_1_670' title='bbox 2151 4637 2201 4702; x_wconf 79' lang='grc' dir='ltr'><strong>τὸ</strong></span> <span class='ocrx_word' id='word_1_671' title='bbox 2252 4645 2636 4724; x_wconf 84' lang='grc' dir='ltr'>διεσπασμένον</span> <span class='ocrx_word' id='word_1_672' title='bbox 2693 4651 2753 4707; x_wconf 72' lang='grc' dir='ltr'>τὸ</span> <span class='ocrx_word' id='word_1_673' title='bbox 2823 4650 2962 4709; x_wconf 71' lang='grc' dir='ltr'>οὕτω</span> <span class='ocrx_word' id='word_1_674' title='bbox 3017 4648 3217 4730; x_wconf 80' lang='grc' dir='ltr'>προϐὰν</span> <span class='ocrx_word' id='word_1_675' title='bbox 3286 4647 3632 4708; x_wconf 87' lang='grc' dir='ltr'>συνοικέσιον.</span> <span class='ocrx_word' id='word_1_676' title='bbox 3690 4637 3785 4700; x_wconf 79' lang='grc' dir='ltr'>Καὶ</span> 
     </span>
    </p>
   </div>
   <div class='ocr_carea' id='block_1_99' title="bbox 407 4731 2068 4820">
    <p class='ocr_par' dir='ltr' id='par_1_99' title="bbox 407 4731 2057 4804">
     <span class='ocr_line' id='line_1_100' title="bbox 407 4731 2057 4804; baseline 0.004 -6"><span class='ocrx_word' id='word_1_677' title='bbox 407 4745 534 4798; x_wconf 92' lang='lat' dir='ltr'><strong>tum</strong></span> <span class='ocrx_word' id='word_1_678' title='bbox 594 4738 1008 4801; x_wconf 88' lang='lat' dir='ltr'><strong>mediocritate</strong></span> <span class='ocrx_word' id='word_1_679' title='bbox 1057 4747 1255 4800; x_wconf 88' lang='lat' dir='ltr'><strong>nostra</strong></span> <span class='ocrx_word' id='word_1_680' title='bbox 1315 4748 1436 4801; x_wconf 91' lang='lat' dir='ltr'><strong>tum</strong></span> <span class='ocrx_word' id='word_1_681' title='bbox 1501 4731 1884 4804; x_wconf 45' lang='lat' dir='ltr'><strong>sacro&#39;cretu</strong></span> <span class='ocrx_word' id='word_1_682' title='bbox 1935 4743 2057 4804; x_wconf 87' lang='lat' dir='ltr'><strong>fra-</strong></span> 
     </span>
    </p>
   </div>
   <div class='ocr_carea' id='block_1_100' title="bbox 2151 4731 3774 4820">
    <p class='ocr_par' dir='ltr' id='par_1_100' title="bbox 2151 4731 3774 4820">
     <span class='ocr_line' id='line_1_101' title="bbox 2151 4731 3774 4820; baseline -0.001 -27"><span class='ocrx_word' id='word_1_683' title='bbox 2151 4737 2298 4812; x_wconf 73' lang='grc' dir='ltr'>5μὲν</span> <span class='ocrx_word' id='word_1_684' title='bbox 2345 4737 2463 4813; x_wconf 89' lang='grc' dir='ltr'>βίαν</span> <span class='ocrx_word' id='word_1_685' title='bbox 2519 4736 2928 4820; x_wconf 81' lang='grc' dir='ltr'>πλεμμελήσας,</span> <span class='ocrx_word' id='word_1_686' title='bbox 2975 4739 3150 4797; x_wconf 76' lang='grc' dir='ltr'>έκεῖνο</span> <span class='ocrx_word' id='word_1_687' title='bbox 3192 4739 3404 4800; x_wconf 82' lang='grc' dir='ltr'>πάντως</span> <span class='ocrx_word' id='word_1_688' title='bbox 3460 4735 3625 4820; x_wconf 19' lang='grc' dir='ltr'>ἄξιός,</span> <span class='ocrx_word' id='word_1_689' title='bbox 3670 4731 3774 4786; x_wconf 76' lang='grc' dir='ltr'>ἐστι</span> 
     </span>
    </p>
   </div>
   <div class='ocr_carea' id='block_1_101' title="bbox 411 4819 2068 4913">
    <p class='ocr_par' dir='ltr' id='par_1_101' title="bbox 411 4826 2056 4913">
     <span class='ocr_line' id='line_1_102' title="bbox 411 4826 2056 4913; baseline 0.002 -26"><span class='ocrx_word' id='word_1_690' title='bbox 411 4833 607 4904; x_wconf 85' lang='lat' dir='ltr'><strong>trum;</strong></span> <span class='ocrx_word' id='word_1_691' title='bbox 641 4826 936 4907; x_wconf 89' lang='lat' dir='ltr'><strong>siquidem</strong></span> <span class='ocrx_word' id='word_1_692' title='bbox 966 4829 1046 4889; x_wconf 91' lang='lat' dir='ltr'><strong>ita</strong></span> <span class='ocrx_word' id='word_1_693' title='bbox 1074 4839 1411 4908; x_wconf 88' lang='lat' dir='ltr'><strong>comparata</strong></span> <span class='ocrx_word' id='word_1_694' title='bbox 1438 4830 1514 4891; x_wconf 92' lang='lat' dir='ltr'><strong>sit</strong></span> <span class='ocrx_word' id='word_1_695' title='bbox 1538 4831 1624 4892; x_wconf 90' lang='lat' dir='ltr'><strong>rei</strong></span> <span class='ocrx_word' id='word_1_696' title='bbox 1648 4831 1891 4913; x_wconf 82' lang='lat' dir='ltr'><strong>veritas,</strong></span> <span class='ocrx_word' id='word_1_697' title='bbox 1927 4831 2056 4912; x_wconf 91' lang='lat' dir='ltr'><strong>ipso</strong></span> 
     </span>
    </p>
   </div>
   <div class='ocr_carea' id='block_1_102' title="bbox 2151 4819 3782 4913">
    <p class='ocr_par' dir='ltr' id='par_1_102' title="bbox 2151 4819 3782 4913">
     <span class='ocr_line' id='line_1_103' title="bbox 2151 4819 3782 4913; baseline -0.005 -31"><span class='ocrx_word' id='word_1_698' title='bbox 2151 4829 2352 4906; x_wconf 77' lang='grc' dir='ltr'>παθεῖν,</span> <span class='ocrx_word' id='word_1_699' title='bbox 2387 4825 2519 4904; x_wconf 82' lang='grc' dir='ltr'>ἅπερ</span> <span class='ocrx_word' id='word_1_700' title='bbox 2564 4830 2609 4883; x_wconf 78' lang='grc' dir='ltr'><strong>οἱ</strong></span> <span class='ocrx_word' id='word_1_701' title='bbox 2656 4831 2793 4885; x_wconf 75' lang='grc' dir='ltr'>θεῖοι</span> <span class='ocrx_word' id='word_1_702' title='bbox 2844 4819 2932 4886; x_wconf 68' lang='grc' dir='ltr'><strong>καὶ</strong></span> <span class='ocrx_word' id='word_1_703' title='bbox 2990 4825 3319 4908; x_wconf 79' lang='grc' dir='ltr'>φιλευσεϐεϊς</span> <span class='ocrx_word' id='word_1_704' title='bbox 3386 4825 3540 4901; x_wconf 91' lang='grc' dir='ltr'>νόμοι</span> <span class='ocrx_word' id='word_1_705' title='bbox 3607 4819 3782 4913; x_wconf 73' lang='grc' dir='ltr'>διακε-</span> 
     </span>
    </p>
   </div>
   <div class='ocr_carea' id='block_1_103' title="bbox 407 4907 2068 4996">
    <p class='ocr_par' dir='ltr' id='par_1_103' title="bbox 407 4907 2057 4996">
     <span class='ocr_line' id='line_1_104' title="bbox 407 4907 2057 4996; baseline 0.004 -21"><span class='ocrx_word' id='word_1_706' title='bbox 407 4913 562 4976; x_wconf 85' lang='lat' dir='ltr'><strong>facto</strong></span> <span class='ocrx_word' id='word_1_707' title='bbox 606 4914 981 4996; x_wconf 85' lang='lat' dir='ltr'><strong>diremptum</strong></span> <span class='ocrx_word' id='word_1_708' title='bbox 1013 4935 1144 4979; x_wconf 90' lang='lat' dir='ltr'><strong>esse</strong></span> <span class='ocrx_word' id='word_1_709' title='bbox 1191 4907 1638 4980; x_wconf 85' lang='lat' dir='ltr'><strong>matrimonium</strong></span> <span class='ocrx_word' id='word_1_710' title='bbox 1671 4919 1757 4981; x_wconf 93' lang='lat' dir='ltr'><strong>sic</strong></span> <span class='ocrx_word' id='word_1_711' title='bbox 1780 4907 2057 4981; x_wconf 78' lang='lat' dir='ltr'><strong>contrac-</strong></span> 
     </span>
    </p>
   </div>
   <div class='ocr_carea' id='block_1_104' title="bbox 2151 4907 3784 4996">
    <p class='ocr_par' dir='ltr' id='par_1_104' title="bbox 2151 4907 3784 4994">
     <span class='ocr_line' id='line_1_105' title="bbox 2151 4907 3784 4994; baseline -0.003 -24"><span class='ocrx_word' id='word_1_712' title='bbox 2151 4915 2400 4988; x_wconf 64' lang='grc' dir='ltr'>λεύονται,</span> <span class='ocrx_word' id='word_1_713' title='bbox 2462 4915 2704 4994; x_wconf 83' lang='grc' dir='ltr'>ἐπιγνοὺς</span> <span class='ocrx_word' id='word_1_714' title='bbox 2761 4919 2846 4975; x_wconf 86' lang='grc' dir='ltr'><strong>καὶ</strong></span> <span class='ocrx_word' id='word_1_715' title='bbox 2895 4919 2961 4974; x_wconf 79' lang='grc' dir='ltr'>τὰ</span> <span class='ocrx_word' id='word_1_716' title='bbox 3005 4907 3134 4974; x_wconf 16' lang='grc' dir='ltr'><strong>ίᾶπὸ</strong></span> <span class='ocrx_word' id='word_1_717' title='bbox 3191 4922 3297 4972; x_wconf 83' lang='grc' dir='ltr'>τῶν</span> <span class='ocrx_word' id='word_1_718' title='bbox 3352 4913 3502 4994; x_wconf 79' lang='grc' dir='ltr'>ἱερῶν</span> <span class='ocrx_word' id='word_1_719' title='bbox 3559 4907 3784 4968; x_wconf 80' lang='grc' dir='ltr'>κανόνων</span> 
     </span>
    </p>
   </div>
   <div class='ocr_carea' id='block_1_105' title="bbox 411 4999 2068 5086">
    <p class='ocr_par' dir='ltr' id='par_1_105' title="bbox 411 5003 2060 5086">
     <span class='ocr_line' id='line_1_106' title="bbox 411 5003 2060 5086; baseline 0.004 -23"><span class='ocrx_word' id='word_1_720' title='bbox 411 5010 557 5067; x_wconf 89' lang='lat' dir='ltr'><strong>tum.</strong></span> <span class='ocrx_word' id='word_1_721' title='bbox 595 5003 662 5064; x_wconf 85' lang='lat' dir='ltr'><strong>Et</strong></span> <span class='ocrx_word' id='word_1_722' title='bbox 694 5004 796 5066; x_wconf 92' lang='lat' dir='ltr'><strong>ille</strong></span> <span class='ocrx_word' id='word_1_723' title='bbox 826 5004 1091 5086; x_wconf 89' lang='lat' dir='ltr'><strong>quidem,</strong></span> <span class='ocrx_word' id='word_1_724' title='bbox 1143 5007 1244 5086; x_wconf 91' lang='lat' dir='ltr'><strong>qui</strong></span> <span class='ocrx_word' id='word_1_725' title='bbox 1303 5006 1416 5068; x_wconf 82' lang='lat' dir='ltr'><strong>vim</strong></span> <span class='ocrx_word' id='word_1_726' title='bbox 1459 5007 1680 5082; x_wconf 91' lang='lat' dir='ltr'><strong>intulit,</strong></span> <span class='ocrx_word' id='word_1_727' title='bbox 1715 5008 1958 5070; x_wconf 88' lang='lat' dir='ltr'><strong>omnino</strong></span> <span class='ocrx_word' id='word_1_728' title='bbox 1990 5026 2060 5070; x_wconf 89' lang='lat' dir='ltr'><strong>ea</strong></span> 
     </span>
    </p>
   </div>
   <div class='ocr_carea' id='block_1_106' title="bbox 2151 4999 3779 5086">
    <p class='ocr_par' dir='ltr' id='par_1_106' title="bbox 2151 4999 3779 5084">
     <span class='ocr_line' id='line_1_107' title="bbox 2151 4999 3779 5084; baseline -0.002 -22"><span class='ocrx_word' id='word_1_729' title='bbox 2151 5007 2507 5083; x_wconf 71' lang='grc' dir='ltr'>ἑπιτιμώμενα</span> <span class='ocrx_word' id='word_1_730' title='bbox 2548 5022 2663 5074; x_wconf 77' lang='grc' dir='ltr'>τοῖς</span> <span class='ocrx_word' id='word_1_731' title='bbox 2719 5009 2773 5066; x_wconf 79' lang='grc' dir='ltr'>ἐν</span> <span class='ocrx_word' id='word_1_732' title='bbox 2845 5007 3134 5080; x_wconf 77' lang='grc' dir='ltr'>σννειδήσει</span> <span class='ocrx_word' id='word_1_733' title='bbox 3192 5005 3325 5084; x_wconf 81' lang='grc' dir='ltr'>δυσὶ,</span> <span class='ocrx_word' id='word_1_734' title='bbox 3401 4999 3779 5078; x_wconf 67' lang='grc' dir='ltr'>δισεξαδὲλφαις</span> 
     </span>
    </p>
   </div>
   <div class='ocr_carea' id='block_1_107' title="bbox 408 5086 2068 5178">
    <p class='ocr_par' dir='ltr' id='par_1_107' title="bbox 408 5096 2056 5178">
     <span class='ocr_line' id='line_1_108' title="bbox 408 5096 2056 5178; baseline 0.002 -23"><span class='ocrx_word' id='word_1_735' title='bbox 408 5096 644 5172; x_wconf 83' lang='lat' dir='ltr'><strong>perpeti</strong></span> <span class='ocrx_word' id='word_1_736' title='bbox 699 5103 985 5166; x_wconf 87' lang='lat' dir='ltr'><strong>meretur,</strong></span> <span class='ocrx_word' id='word_1_737' title='bbox 1049 5113 1180 5175; x_wconf 77' lang='lat' dir='ltr'><strong>quae</strong></span> <span class='ocrx_word' id='word_1_738' title='bbox 1227 5115 1412 5159; x_wconf 67' lang='lat' dir='ltr'><strong>sacrae</strong></span> <span class='ocrx_word' id='word_1_739' title='bbox 1460 5097 1689 5178; x_wconf 64' lang='lat' dir='ltr'><strong>piaeque</strong></span> <span class='ocrx_word' id='word_1_740' title='bbox 1735 5099 1900 5176; x_wconf 86' lang='lat' dir='ltr'><strong>leges</strong></span> <span class='ocrx_word' id='word_1_741' title='bbox 1939 5105 2056 5158; x_wconf 89' lang='lat' dir='ltr'><strong>sta-</strong></span> 
     </span>
    </p>
   </div>
   <div class='ocr_carea' id='block_1_108' title="bbox 2151 5086 3781 5178">
    <p class='ocr_par' dir='ltr' id='par_1_108' title="bbox 2151 5086 3781 5178">
     <span class='ocr_line' id='line_1_109' title="bbox 2151 5086 3781 5178; baseline -0.005 -23"><span class='ocrx_word' id='word_1_742' title='bbox 2151 5097 2572 5175; x_wconf 73' lang='grc' dir='ltr'>ωζευγνυμένοις</span> <span class='ocrx_word' id='word_1_743' title='bbox 2656 5102 2729 5164; x_wconf 82' lang='grc' dir='ltr'>ὡς</span> <span class='ocrx_word' id='word_1_744' title='bbox 2782 5099 2934 5158; x_wconf 76' lang='grc' dir='ltr'>ἕκτου</span> <span class='ocrx_word' id='word_1_745' title='bbox 3002 5099 3054 5166; x_wconf 73' lang='grc' dir='ltr'>ἐξ</span> <span class='ocrx_word' id='word_1_746' title='bbox 3121 5096 3353 5174; x_wconf 73' lang='grc' dir='ltr'>αἵματος</span> <span class='ocrx_word' id='word_1_747' title='bbox 3423 5086 3781 5178; x_wconf 73' lang='grc' dir='ltr'>εὑρισκομένου</span> 
     </span>
    </p>
   </div>
   <div class='ocr_carea' id='block_1_109' title="bbox 409 5182 2059 5266">
    <p class='ocr_par' dir='ltr' id='par_1_109' title="bbox 409 5182 2059 5266">
     <span class='ocr_line' id='line_1_110' title="bbox 409 5182 2059 5266; baseline 0.004 -25"><span class='ocrx_word' id='word_1_748' title='bbox 409 5189 606 5256; x_wconf 91' lang='lat' dir='ltr'><strong>tuunt,</strong></span> <span class='ocrx_word' id='word_1_749' title='bbox 633 5182 971 5245; x_wconf 89' lang='lat' dir='ltr'><strong>ahnoscens</strong></span> <span class='ocrx_word' id='word_1_750' title='bbox 1022 5196 1082 5245; x_wconf 85' lang='lat' dir='ltr'><strong>et</strong></span> <span class='ocrx_word' id='word_1_751' title='bbox 1139 5185 1270 5246; x_wconf 90' lang='lat' dir='ltr'><strong>illas</strong></span> <span class='ocrx_word' id='word_1_752' title='bbox 1296 5203 1520 5266; x_wconf 68' lang='lat' dir='ltr'><strong>poenas,</strong></span> <span class='ocrx_word' id='word_1_753' title='bbox 1555 5205 1685 5266; x_wconf 69' lang='lat' dir='ltr'><strong>qua:</strong></span> <span class='ocrx_word' id='word_1_754' title='bbox 1718 5205 1825 5266; x_wconf 90' lang='lat' dir='ltr'><strong>per</strong></span> <span class='ocrx_word' id='word_1_755' title='bbox 1854 5204 2059 5248; x_wconf 87' lang='lat' dir='ltr'><strong>sacros</strong></span> 
     </span>
    </p>
   </div>
   <div class='ocr_carea' id='block_1_110' title="bbox 408 5271 2057 5354">
    <p class='ocr_par' dir='ltr' id='par_1_110' title="bbox 408 5271 2057 5354">
     <span class='ocr_line' id='line_1_111' title="bbox 408 5271 2057 5354; baseline 0.002 -23"><span class='ocrx_word' id='word_1_756' title='bbox 408 5289 668 5332; x_wconf 88' lang='lat' dir='ltr'><strong>canones</strong></span> <span class='ocrx_word' id='word_1_757' title='bbox 721 5271 1055 5351; x_wconf 80' lang='lat' dir='ltr'><strong>irrogantur</strong></span> <span class='ocrx_word' id='word_1_758' title='bbox 1115 5273 1226 5348; x_wconf 92' lang='lat' dir='ltr'><strong>iis,</strong></span> <span class='ocrx_word' id='word_1_759' title='bbox 1293 5275 1396 5354; x_wconf 91' lang='lat' dir='ltr'><strong>qui</strong></span> <span class='ocrx_word' id='word_1_760' title='bbox 1467 5275 1724 5336; x_wconf 89' lang='lat' dir='ltr'><strong>scientes</strong></span> <span class='ocrx_word' id='word_1_761' title='bbox 1786 5293 1852 5335; x_wconf 92' lang='lat' dir='ltr'><strong>ac</strong></span> <span class='ocrx_word' id='word_1_762' title='bbox 1909 5294 2057 5354; x_wconf 90' lang='lat' dir='ltr'><strong>pru-</strong></span> 
     </span>
    </p>
   </div>
   <div class='ocr_carea' id='block_1_111' title="bbox 407 5358 2058 5445">
    <p class='ocr_par' dir='ltr' id='par_1_111' title="bbox 407 5358 2058 5445">
     <span class='ocr_line' id='line_1_112' title="bbox 407 5358 2058 5445; baseline 0.004 -27"><span class='ocrx_word' id='word_1_763' title='bbox 407 5358 617 5421; x_wconf 89' lang='lat' dir='ltr'><strong>dentes</strong></span> <span class='ocrx_word' id='word_1_764' title='bbox 647 5378 779 5421; x_wconf 90' lang='lat' dir='ltr'><strong>cum</strong></span> <span class='ocrx_word' id='word_1_765' title='bbox 811 5361 1039 5423; x_wconf 88' lang='lat' dir='ltr'><strong>duabus</strong></span> <span class='ocrx_word' id='word_1_766' title='bbox 1071 5362 1328 5424; x_wconf 91' lang='lat' dir='ltr'><strong>sobrinis</strong></span> <span class='ocrx_word' id='word_1_767' title='bbox 1382 5365 1732 5445; x_wconf 81' lang='lat' dir='ltr'><strong>capulantur</strong></span> <span class='ocrx_word' id='word_1_768' title='bbox 1758 5411 1773 5439; x_wconf 91' lang='lat'><strong>,</strong></span> <span class='ocrx_word' id='word_1_769' title='bbox 1828 5382 1962 5426; x_wconf 91' lang='lat' dir='ltr'><strong>cum</strong></span> <span class='ocrx_word' id='word_1_770' title='bbox 2006 5365 2058 5425; x_wconf 91' lang='lat' dir='ltr'><strong>is</strong></span> 
     </span>
    </p>
   </div>
   <div class='ocr_carea' id='block_1_112' title="bbox 408 5447 2059 5533">
    <p class='ocr_par' dir='ltr' id='par_1_112' title="bbox 408 5447 2059 5533">
     <span class='ocr_line' id='line_1_113' title="bbox 408 5447 2059 5533; baseline 0.005 -24"><span class='ocrx_word' id='word_1_771' title='bbox 408 5447 625 5526; x_wconf 79' lang='lat' dir='ltr'><strong>gradus</strong></span> <span class='ocrx_word' id='word_1_772' title='bbox 678 5468 749 5511; x_wconf 82' lang='lat' dir='ltr'><strong>ex</strong></span> <span class='ocrx_word' id='word_1_773' title='bbox 815 5451 1120 5531; x_wconf 89' lang='lat' dir='ltr'><strong>sanguinis</strong></span> <span class='ocrx_word' id='word_1_774' title='bbox 1177 5453 1600 5533; x_wconf 87' lang='lat' dir='ltr'><strong>conjunctione</strong></span> <span class='ocrx_word' id='word_1_775' title='bbox 1663 5461 1864 5515; x_wconf 85' lang='lat' dir='ltr'><strong>sextus</strong></span> <span class='ocrx_word' id='word_1_776' title='bbox 1925 5471 2059 5517; x_wconf 89' lang='lat' dir='ltr'><strong>esse</strong></span> 
     </span>
    </p>
   </div>
   <div class='ocr_carea' id='block_1_113' title="bbox 2141 5176 3778 5277">
    <p class='ocr_par' dir='ltr' id='par_1_113' title="bbox 2141 5176 3778 5277">
     <span class='ocr_line' id='line_1_114' title="bbox 2141 5176 3778 5277; baseline -0.007 -34"><span class='ocrx_word' id='word_1_777' title='bbox 2141 5188 2368 5263; x_wconf 77' lang='grc' dir='ltr'>βαθμοῦ.</span> <span class='ocrx_word' id='word_1_778' title='bbox 2404 5179 2466 5244; x_wconf 68' lang='grc' dir='ltr'><strong>Ἠ</strong></span> <span class='ocrx_word' id='word_1_779' title='bbox 2520 5185 2575 5243; x_wconf 80' lang='grc' dir='ltr'><strong>δὲ</strong></span> <span class='ocrx_word' id='word_1_780' title='bbox 2644 5189 2924 5247; x_wconf 80' lang='grc' dir='ltr'>ἀποστᾶσα</span> <span class='ocrx_word' id='word_1_781' title='bbox 2991 5188 3180 5246; x_wconf 90' lang='grc' dir='ltr'>τούτου</span> <span class='ocrx_word' id='word_1_782' title='bbox 3256 5183 3340 5243; x_wconf 80' lang='grc' dir='ltr'>διὰ</span> <span class='ocrx_word' id='word_1_783' title='bbox 3395 5185 3510 5277; x_wconf 69' lang='grc' dir='ltr'><strong>τὰς⁹</strong></span> <span class='ocrx_word' id='word_1_784' title='bbox 3544 5176 3778 5277; x_wconf 58' lang='grc' dir='ltr'>τοιαύτας</span> 
     </span>
    </p>
   </div>
   <div class='ocr_carea' id='block_1_114' title="bbox 2142 5259 3780 5359">
    <p class='ocr_par' dir='ltr' id='par_1_114' title="bbox 2142 5259 3780 5359">
     <span class='ocr_line' id='line_1_115' title="bbox 2142 5259 3780 5359; baseline -0.01 -27"><span class='ocrx_word' id='word_1_785' title='bbox 2142 5275 2332 5356; x_wconf 75' lang='grc' dir='ltr'>αἰτίας,</span> <span class='ocrx_word' id='word_1_786' title='bbox 2385 5275 2532 5334; x_wconf 73' lang='grc' dir='ltr'>οὐδέν</span> <span class='ocrx_word' id='word_1_787' title='bbox 2613 5301 2664 5335; x_wconf 91' lang='grc' dir='ltr'>τι</span> <span class='ocrx_word' id='word_1_788' title='bbox 2721 5278 2987 5359; x_wconf 86' lang='grc' dir='ltr'>πρόκριμα</span> <span class='ocrx_word' id='word_1_789' title='bbox 3043 5275 3422 5346; x_wconf 75' lang='grc' dir='ltr'>ὒποστήσεται,</span> <span class='ocrx_word' id='word_1_790' title='bbox 3496 5259 3658 5327; x_wconf 81' lang='grc' dir='ltr'>’Ὅθεν</span> <span class='ocrx_word' id='word_1_791' title='bbox 3699 5260 3780 5359; x_wconf 72' lang='grc' dir='ltr'><strong>καὶ</strong></span> 
     </span>
    </p>
   </div>
   <div class='ocr_carea' id='block_1_115' title="bbox 2139 5349 3777 5445">
    <p class='ocr_par' dir='ltr' id='par_1_115' title="bbox 2139 5349 3777 5445">
     <span class='ocr_line' id='line_1_116' title="bbox 2139 5349 3777 5445; baseline -0.018 -7"><span class='ocrx_word' id='word_1_792' title='bbox 2139 5349 2543 5444; x_wconf 55' lang='grc' dir='ltr'>παραδηλοῦμεν</span> <span class='ocrx_word' id='word_1_793' title='bbox 2585 5371 2737 5445; x_wconf 70' lang='grc' dir='ltr'>ὑμῖν,</span> <span class='ocrx_word' id='word_1_794' title='bbox 2763 5349 3226 5445; x_wconf 50' lang='grc' dir='ltr'>’μετακαλέσασθαι</span> <span class='ocrx_word' id='word_1_795' title='bbox 3294 5365 3381 5420; x_wconf 83' lang='grc' dir='ltr'><strong>καὶ</strong></span> <span class='ocrx_word' id='word_1_796' title='bbox 3412 5359 3675 5445; x_wconf 75' lang='grc' dir='ltr'>ἀμφότερα</span> <span class='ocrx_word' id='word_1_797' title='bbox 3714 5349 3777 5404; x_wconf 79' lang='grc' dir='ltr'>τὰ</span> 
     </span>
    </p>
   </div>
   <div class='ocr_carea' id='block_1_116' title="bbox 2141 5443 3776 5538">
    <p class='ocr_par' dir='ltr' id='par_1_116' title="bbox 2141 5443 3776 5538">
     <span class='ocr_line' id='line_1_117' title="bbox 2141 5443 3776 5538; baseline -0.012 -27"><span class='ocrx_word' id='word_1_798' title='bbox 2141 5443 2302 5535; x_wconf 79' lang='grc' dir='ltr'>μέρη,</span> <span class='ocrx_word' id='word_1_799' title='bbox 2331 5457 2420 5512; x_wconf 87' lang='grc' dir='ltr'>καὶ</span> <span class='ocrx_word' id='word_1_800' title='bbox 2489 5443 2678 5538; x_wconf 82' lang='grc' dir='ltr'>ἆκρικῆ</span> <span class='ocrx_word' id='word_1_801' title='bbox 2721 5443 2870 5516; x_wconf 80' lang='grc' dir='ltr'>κατὰ</span> <span class='ocrx_word' id='word_1_802' title='bbox 2916 5453 3174 5523; x_wconf 80' lang='grc' dir='ltr'>συστάδην</span> <span class='ocrx_word' id='word_1_803' title='bbox 3217 5453 3281 5505; x_wconf 73' lang='lat'><strong>55</strong></span> <span class='ocrx_word' id='word_1_804' title='bbox 3320 5451 3500 5511; x_wconf 87' lang='grc' dir='ltr'>θέσθαε</span> <span class='ocrx_word' id='word_1_805' title='bbox 3555 5443 3776 5512; x_wconf 76' lang='grc' dir='ltr'>ἐξέτασιν</span> 
     </span>
    </p>
   </div>
   <div class='ocr_carea' id='block_1_117' title="bbox 1741 5620 2473 5690">
    <p class='ocr_par' dir='ltr' id='par_1_117' title="bbox 1741 5620 2473 5690">
     <span class='ocr_line' id='line_1_118' title="bbox 1741 5620 2473 5690; baseline 0.008 -7"><span class='ocrx_word' id='word_1_806' title='bbox 1741 5620 1999 5687; x_wconf 70' lang='lat' dir='ltr'><strong>VARIE</strong></span> <span class='ocrx_word' id='word_1_807' title='bbox 2041 5621 2473 5690; x_wconf 85' lang='lat' dir='ltr'><strong>LECTIONES.</strong></span> 
     </span>
    </p>
   </div>
   <div class='ocr_carea' id='block_1_118' title="bbox 489 5723 999 5793">
    <p class='ocr_par' dir='ltr' id='par_1_118' title="bbox 489 5723 999 5793">
     <span class='ocr_line' id='line_1_119' title="bbox 489 5723 999 5793; baseline -0.004 -11"><span class='ocrx_word' id='word_1_808' title='bbox 489 5723 555 5777; x_wconf 63' lang='lat'><strong>55</strong></span> <span class='ocrx_word' id='word_1_809' title='bbox 581 5725 999 5793; x_wconf 72' lang='grc' dir='ltr'>καταωστάδην,</span> 
     </span>
    </p>
   </div>
  </div>
