4130 6390
457 385 574 451 893
1805 380 2069 448 GRIECO

2158 379 2496 443 .OMANUM
3721 366 3837 432 8.4

453 543 558 580 των
599 518 726 601 παρ’
783 519 957 578 αὐτῶν
1009 519 1336 600 λεγομένων,
1397 519 1485 575 καὶ
1555 515 1840 581 συνοδικῶς
1897 517 2069 598 ἀφηγτ

2158 513 2673 595 ιάθρτθὴοῐιὰοιυι·
2723 532 2736 577 :
2792 515 2919 576 haec
2969 529 3131 593 vero,
3180 527 3310 601 quae
3369 504 3837 601 propter__bujus

449 610 644 668 θέντων
679 593 705 639 ’⁸
740 610 829 667 καὶ
883 607 938 666 ἐν
996 593 1100 682 οἵω
1142 593 1346 666 τούτων
1403 608 1647 686 εὒρήσετε
1693 605 1792 674 τὴν
1849 593 2069 676 ἀλήθεια

2181 593 2344 666 modi
2393 623 2602 667 causas
2631 603 2704 666 ab
2739 623 2809 667 eo
2837 601 3100 678 divertit,
3134 600 3366 662 nullum
3421 593 3832 686 praejudicium

448 699 845 781 ἐπιφαίνουσαν,
919 706 1140 765 ποιῆσαι
1209 698 1347 754 κατὰ
1413 696 1511 781 τὴν
1571 694 1655 752 ἐπὶ
1710 695 1879 769 τούτῳ
1923 694 2069 762 ἐξενει

2179 692 2522 756 sustinebit.
2555 692 2955 766 Quamobrem
2987 689 3153 753 vobis
3178 688 3356 751 etiam
3397 685 3828 781 signiﬁcamus,

445 774 674 870 xﬁe'taatv
743 785 1023 855 συνοδικὴν
1095 785 1383 867 ἀπόφασιν,
1417 774 1716 864 ”Εῤῥωσθε,
1777 784 1917 852 Μηνὶ
1985 791 2069 840 Φε

2177 789 2490 865 utramque
2548 789 2777 864 partem
2822 779 3164 855 arcessatis,
3199 788 3258 840 et
3295 774 3585 870 ambobus
3631 789 3831 834 coram

443 877 701 959 ϐρουαρίῳ
745 893 762 911 ⁸
795 876 1105 953 ἑπινεμήσει
1133 874 1368 955 δευτέρᾳ.

2177 864 2537 948 constitutis,
2589 878 2933 934 accuratum
2985 887 3232 932 examen
3280 864 3551 928 habeatis
3596 878 3826 935 eorum,

444 950 578 1047 qua;
607 950 697 1027 "ab
751 962 837 1027 eis
883 950 1188 1034 dicuntur,
1240 950 1300 1025 et
1346 961 1610 1044 exposita
1639 966 1777 1022 sunt
1821 959 1882 1022 in
1931 959 2155 1042 synodo
2192 981 2206 1024 :
2254 978 2323 1021 ac
2377 968 2510 1022 utra
2552 961 2790 1022 tandem
2845 960 2906 1021 in
2938 966 3101 1040 parte
3130 956 3433 1018 veritatem
3470 950 3826 1047 evidentem

442 1036 822 1129 inveneritis,
855 1052 1187 1116 secundum
1217 1036 1657 1133 pronuntiatam
1711 1047 1787 1110 de
1834 1066 1905 1112 ea
1951 1036 2289 1130 synodalem
2325 1049 2678 1112 sententiam
2730 1036 2954 1128 agetis:
2978 1047 3202 1110 Valete.
3237 1047 3440 1108 Mense
3470 1036 3827 1114 Eebruario,

438 1143 803 1207 indicatione
830 1157 896 1204 ιι.

683 1257 1000 1310 ΨΗΦΙΣΜΑ
1068 1254 1438 1308 ΠΟΛΙΤΙΚΩΝ
1486 1255 1851 1311 ΔΙΚΑΣΤΩΝ.

455 1379 483 1412 ι
556 1356 682 1436 Περὶ
751 1352 1109 1436 συγγενείας,
1138 1351 1226 1409 ὅτε
1280 1351 1367 1410 δύο
1421 1349 1784 1436 δισεξαδέλξρας
1827 1353 1926 1436 ἐἷς
1984 1351 2089 1436 γάτ

523 1431 645 1512 μον⁷
678 1431 953 1492 κοινωνίαν
1007 1432 1240 1512 ἠγάγετο
1291 1455 1394 1496 τις,
1476 1433 1574 1490 Καὶ
1630 1431 1732 1488 ὧδε
1782 1432 1881 1507 μὲν
1913 1432 2091 1512 ’,παρὰ

2413 1243 2820 1309 DECRETUM
2862 1241 3208 1308 JUDICIUM
3244 1235 3608 1304 CIVILIUM.

2173 1345 2266 1409 Ne
2293 1349 2673 1426 cognatione,
2701 1348 2996 1409 cumduas
3048 1344 3297 1423 quidam
3317 1342 3599 1426 sobrinus
3629 1339 3698 1426 in
3713 1352 3822 1426 so-

2253 1415 2528 1490 cietvatem
2557 1415 2942 1492 matrimonii
2968 1415 3298 1488 ascivisset.
3337 1422 3412 1485 Et
3455 1421 3563 1483 hoc
3584 1415 3823 1498 quidem

520 1495 719 1573 τούτων
791 1495 1201 1593 συγκεχώρηται
1271 1514 1332 1569 τὸ
1380 1519 1640 1587 τοιοῦτον,
1698 1495 1841 1592 παρὰ
1907 1509 1963 1567 δὲ
1990 1495 2069 1580 rip

2171 1507 2244 1569 ab
2271 1509 2357 1570 eis
2382 1514 2745 1588 permissum
2783 1507 2926 1585 fuit,
2969 1523 3174 1570 verum
3205 1525 3242 1566 (ι
3283 1501 3512 1584 synodo
3541 1495 3821 1581 prohibi—

521 1595 734 1654 συνόδου
763 1593 1081 1656 κεκώλυται.
1133 1616 1158 1652 ι

521 1700 593 1758 Τὸ
623 1696 782 1778 μέρος
827 1703 919 1754 τοῦ
973 1694 1564 1777 μεγαλεπιφανεστάτου
1632 1701 1790 1774 κυροῦ
1857 1691 2088 1760 Ἀλεξίου

438 1793 533 1844 τοῦ
589 1784 948 1863 Καπανδρίτου
1005 1784 1138 1865 ἔσχε
1221 1792 1429 1864 πρῶτον
1511 1784 1736 1860 νόμιμον
1835 1795 2084 1862 γυναῖκα,

438 1878 539 1944 τὴν
580 1875 838 1956 θυγατέρα
862 1883 955 1933 τοῦ
998 1873 1240 1954 Προϐατᾶ
1291 1873 1490 1931 ἑκείνου
1553 1879 1731 1952 κυριοῦ
1763 1872 2082 1949 Θεοφάνους,

2254 1602 2404 1659 tum.

2251 1705 2336 1765 Ex
2356 1709 2520 1783 parte
2551 1721 2658 1765 sua
2686 1702 3122 1765 illustrissimus
3149 1701 3428 1763 dominus
3451 1695 3699 1760 Alexius
3715 1695 3823 1756 Ca-

2170 1792 2476 1873 pandrites
2506 1793 2713 1854 habuit
2752 1793 2942 1873 primo
2970 1791 3294 1872 legitimam
3329 1805 3599 1857 uxorem,
3635 1783 3817 1845 ﬁliam

2170 1880 2398 1942 domini
2472 1880 2852 1962 Theophanis
2922 1881 3060 1942 illus
3119 1879 3402 1941 Provatae.
3481 1878 3614 1934 Post
3690 1873 3820 1962 ejus

439 1965 587 2023 Μετὰ
615 1963 670 2021 δὲ
711 1964 931 2026 θάνατον
984 1963 1213 2042 ἐκείνης,
1273 1963 1432 2041 ἐμίγη
1505 1959 1619 2038 μεθ’
1674 1961 1965 2039 ἱερολογίας
1995 1984 2069 2018 νο·

2167 1989 2308 2033 vero
2341 1979 2615 2050 mortem,
2642 1959 2784 2032 sese
2827 1970 3222 2043 commiscuit,
3273 1963 3708 2028 interveniente
3733 1960 3816 2021 le-

439 2054 602 2131 μίμου
657 2059 726 2131 τῇ
793 2051 1003 2132 δευτέρᾳ
1059 2051 1313 2132 ἐξαδέλφῃ
1397 2051 1622 2120 ἔκείνης.
1705 2052 1802 2110 Καὶ
1858 2049 2084 2122 ἐζήτησε

439 2147 629 2220 μαθεῖν
660 2140 712 2207 ἐξ
767 2143 948 2222 ἡμῶν,
1006 2139 1160 2215 εἴπερ
1229 2143 1258 2197 ὸ
1313 2140 1483 2219 ῥηθεὶς
1569 2140 1738 2219 γάμος
1791 2139 1851 2196 ἐκ
1906 2140 2084 2216 νόμων

436 2232 554 2312 ἔχει
610 2233 674 2289 τὸ
733 2227 942 2308 βέϐαιον
985 2231 1074 2287 καὶ
1127 2230 1366 2310 ἰσχυρόν,
1425 2230 1626 2295 Ἠωετς
1669 2227 1757 2286 οὗν
1814 2226 2083 2298 έξείπομεν

435 2323 567 2402 πρὸς
596 2320 779 2401 αὐτὸν,
811 2321 910 2402 -ὼς
971 2321 1000 2376 ὸ
1053 2319 1214 2387 νόμος
1264 2319 1317 2376 ἐν
1384 2318 1570 2396 βιϐλίῳ
1623 2321 1728 2374 τῶν
1785 2316 2081 2374 Βασιλικῶθ

435 2399 554 2486 κάτ’,
598 2409 736 2471 τίτλ.
764 2399 844 2490 ἐ’,
873 2429 998 2490 κεφ.
1030 2407 1106 2486 β’,
1157 2410 1316 2489 φησὶν
1356 2425 1370 2439 ⁸
1432 2411 1493 2467 Οἱ
1528 2406 1884 2484 κεκωλυμένοι
1917 2408 2080 2486 γάμοι

435 2500 790 2580 γινώσκονται
832 2497 994 2564 οὕτως
1029 2515 1043 2530 ⁹
1078 2497 1199 2558 Ἐπὶ
1245 2505 1351 2556 τῶν
1409 2498 1687 2579 ἀνιόντων,
1718 2499 1806 2554 καὶ
1860 2496 2080 2553 κατιόν-

432 2611 566 2663 των,
597 2590 670 2653 εἰς
727 2587 1016 2661 ἂπέραντον
1047 2591 1075 2646 ὁ
1133 2589 1306 2668 γάμος
1363 2586 1680 2660 κεκώλυται,
1730 2585 1829 2644 κᾶν
1887 2587 1965 2662 μὴ
2022 2584 2082 2643 ἑκ

433 2686 672 2754 νομίμων
729 2677 828 2735 ὦσι
882 2678 1092 2757 γάμων.
1150 2681 1224 2736 Οὔ
1293 2676 1502 2734 δύναται
1559 2677 1659 2756 γὰρ
1700 2699 1781 2740 τις
1822 2674 1921 2744 τὴν
1951 2673 2080 2731 ἰδίαν

431 2765 720 2844 λαμϐάνειν
747 2766 1022 2845 θυγατέρα,
1066 2766 1102 2835 ἢ
1161 2765 1410 2845 ἐγγόνην,
1469 2766 1506 2834 ἢ
1571 2764 1798 2844 μητέρα,
1833 2766 1869 2831 ἢ
1927 2764 2081 2840 μάμ-

433 2877 566 2937 μην,
627 2864 742 2915 εὖτε
799 2857 1018 2936 φυσικαὶ
1060 2857 1190 2913 ὦσιν
1245 2858 1298 2912 αἱ
1367 2854 1668 2936 Θυγατέρες,
1745 2853 1857 2911 εἴτε
1911 2854 2074 2911 θεταί·

433 2947 536 3004 Καὶ
566 2942 759 3022 μεταξὺ
811 2942 866 3001 δὲ
932 2951 1038 3001 τῶν
1093 2943 1156 3000 ὲκ
1221 2943 1446 3024 πλαγίου
1488 2945 1788 3024 προσώπων
1837 2942 1947 3000 ἔστι
1997 2965 2078 3008 τις

428 3033 685 3097 κώλυσις.
718 3033 826 3100 Τὴν
870 3034 969 3112 γὰρ
997 3043 1091 3092 τοῦ
1119 3031 1343 3112 ἀδελφοῦ
1400 3056 1522 3113 μου,
1596 3033 1632 3100 ἢ
1691 3037 1788 3099 τῆς
1846 3030 2077 3113 ἀδελφῆς

429 3143 531 3198 μου
561 3119 817 3201 θυγατέρα
845 3118 1133 3196 λαμϐάνειν
1177 3123 1307 3200 πρὸς
1363 3123 1536 3200 γάμον
1579 3122 1638 3178 οὒ
1691 3120 1863 3196 θέμις.
1925 3118 2075 3178 Ἀλλ’

2167 2060 2371 2138 gitima
2427 2049 2671 2140 precum
2734 2061 3144 2140 conceptione,
3179 2076 3313 2119 cum
3366 2055 3498 2136 ejus
3547 2049 3810 2112 sobrina.

2167 2147 2334 2211 Scire
2365 2148 2527 2229 cupit
2556 2168 2626 2212 ex
2661 2148 2865 2226 nobis,
2896 2167 2970 2210 an
3001 2148 3223 2210 dictum
3255 2140 3700 2207 matrimonium
3735 2157 3815 2229 ex

2156 2238 2297 2319 jure
2327 2227 2516 2298 ratum
2548 2239 2623 2299 sit
2658 2258 2726 2300 ac
2758 2239 3016 2300 ﬁrmum.
3039 2236 3238 2317 itaque
3268 2253 3375 2296 nos
3405 2232 3461 2293 ei
3491 2227 3812 2319 respondi-

2165 2318 2323 2400 mus,
2357 2326 2514 2407 quod
2559 2327 2652 2389 lex
2683 2327 2742 2387 in
2776 2326 2928 2388 libro
2984 2326 3363 2388 Basilicorum
3393 2336 3596 2394 xxvnl,
3631 2318 3718 2380 tit.
3753 2336 3810 2392 v,

2165 2434 2294 2496 cap.
2363 2417 2458 2477 11.
2513 2415 2672 2477 dicat
2720 2434 2734 2478 ι
2787 2416 3016 2497 Nuptiae
3077 2414 3393 2496 prohibitae
3451 2411 3537 2471 sic
3588 2425 3814 2497 cogno-

2163 2495 2411 2566 scuntur
2449 2523 2463 2567 :
2498 2507 2560 2567 in
2589 2495 3169 2579 ascenden_tibus,iet
3212 2495 3723 2566 descendentibus
3755 2495 3817 2556 in

2163 2591 2460 2654 inﬁnitum
2492 2593 2712 2673 nuptiae
2743 2602 2881 2655 sunt
2919 2593 3254 2674 probibitae,
3300 2591 3440 2652 licet
3485 2587 3631 2668 ipsae
3672 2601 3813 2674 per-

2164 2698 2326 2742 sonae
2377 2700 2496 2742 non
2548 2682 2667 2743 sint
2711 2701 2780 2744 ex
2814 2673 3095 2761 legitimis
3130 2680 3350 2760 nuptiis
3381 2685 3545 2740 ortae.
3579 2673 3808 2755 Quippe

2163 2788 2282 2832 non
2314 2778 2505 2850 potest
2554 2770 2768 2852 aliquis
2827 2790 2992 2833 suam
3048 2772 3251 2833 dicere
3283 2769 3490 2842 ﬁliam,
3524 2765 3617 2828 vel
3651 2781 3806 2844 nep-

2164 2865 2304 2938 tem,
2334 2859 2423 2919 vel
2457 2869 2728 2936 matrem,
2763 2860 2853 2921 vel
2909 2861 3101 2922 aviam
3137 2879 3151 2920 :
3187 2859 3310 2920 sive
3354 2855 3648 2918 naturales
3693 2853 3812 2914 sint

2162 2947 2450 3029 ﬁliae,sive
2479 2948 3010 3030 adoptivaeltidem
3041 2949 3198 3011 inter
3219 2963 3503 3030 personas
3531 2962 3602 3006 ex
3622 2951 3810 3005 trans-

2161 3055 2330 3098 verso
2356 3037 2680 3118 prohibitio
2713 3039 2981 3120 quaedam
3013 3047 3123 3102 est.
3150 3037 3280 3100 Non
3305 3035 3504 3098 fratris
3535 3033 3675 3107 mei,
3710 3030 3808 3094 vel

2158 3127 2382 3187 sororis
2438 3145 2585 3188 meae
2645 3127 2850 3200 ﬁliam,
2913 3147 3030 3189 non
3092 3127 3179 3189 fas
3236 3135 3324 3189 est
3380 3123 3527 3186 mihi
3585 3121 3807 3183 ducere

428 3208 545 3269 οὐδὲ
573 3210 671 3277 τὴν
699 3209 898 3311 τοιξτων
928 3211 1179 3289 ὲγγόνην.
1216 3203 1441 3287 Ὀμοίως
1497 3209 1613 3267 οὐδὲ
1663 3210 1762 3278 τήν
1819 3209 2069 3289 θυγατέρα

2158 3233 2427 3276 uxorem.
2460 3214 2582 3277 Nec
2605 3220 2782 3278 etiam
2832 3217 3044 3281 horum
3078 3222 3338 3297 neptem.
3377 3211 3668 3276 Similiter
3697 3227 3809 3271 nec

427 3307 520 3386 τοῦ
560 3300 719 3386 θείου,
765 3298 800 3368 ἢ
827 3305 925 3367 τῆς
974 3299 1135 3376 θείας,
1181 3301 1418 3359 τουτέστι
1474 3301 1572 3368 τὴν
1620 3297 1905 3378 ἐξαδέλφην
1945 3323 2067 3374 μου.

2158 3304 2340 3366 ﬁliam
2392 3305 2582 3386 patrui
2633 3305 2720 3368 vel
2751 3306 3047 3380 avunculi,
3104 3315 3202 3367 aut
3231 3304 3425 3366 amita;
3455 3301 3546 3364 vel
3578 3308 3804 3362 mater-

427 3384 579 3444 Ἀλλ’
607 3386 724 3445 οὐδὲ
754 3390 783 3444 ὃ
811 3387 920 3452 υἱός
977 3396 1078 3465 μὸυ
1159 3390 1256 3458 τὴν
1299 3390 1525 3469 ἐγγόνην
1597 3393 1789 3462 αὐτῶν,
1864 3385 2069 3452 οἵτινες

420 3476 666 3554 λέγονται
709 3475 1084 3558 δισεξὰδελφοι,
1121 3479 1220 3537 Καὶ
1245 3466 1443 3557 βιϐλίον
1475 3466 1541 3551 ξ’,
1584 3475 1721 3551 τίτλ,
1784 3475 1887 3552 λζ’,
1941 3498 2065 3558 κεφ,

423 3559 509 3645 ογι
533 3571 700 3623 ταῦτα
742 3564 1108 3646 διαγόρεύοντα
1143 3586 1156 3599 ⁸
1191 3571 1249 3626 Οἱ
1318 3570 1448 3649 πρὸς
1507 3567 1680 3646 γάμον
1729 3567 2066 3642 συναπτόμε-

423 3677 526 3729 νοι,
585 3654 622 3723 ἢ
681 3661 946 3733 σαρκικῶς
1030 3655 1206 3723 ἄλλως
1289 3656 1713 3732 συμπλεκόμενοι
1771 3653 2064 3736 ἐξάδελφοι,

419 3745 508 3800 καὶ
539 3747 585 3802 οἱ
615 3744 667 3810 ἐξ
699 3745 866 3804 αὐτῶν
912 3747 1214 3822 τικτόμενοι
1245 3745 1436 3812 παῖδες
1492 3747 1582 3803 καὶ
1652 3746 1838 3821 μόνον,
1869 3744 1905 3812 ἢ
1965 3767 2064 3802 πα-

417 3833 518 3912 τὴρ
545 3833 633 3890 καὶ
660 3834 770 3896 υἱὸς
800 3835 931 3912 πρὸς
953 3834 1160 3914 μητέρα
1188 3835 1276 3892 καὶ
1331 3833 1609 3913 θυγατέρα,
1641 3833 1678 3902 ἢ
1742 3831 1829 3888 δύο
1901 3831 2064 3890 ἀδελ-

418 3944 505 4001 φοι
547 3923 622 3988 εἰς
650 3919 739 3979 δύο
767 3920 1013 4003 ἀδελφὰς,
1085 3923 1122 3992 ἢ
1174 3921 1262 3981 δύο
1319 3922 1531 4000 ἀδελφοὶ
1582 3924 1655 3986 εἷς
1724 3921 1926 4002 μητέρα
1979 3923 2066 3979 καὶ

415 4010 694 4090 θυγατέρα,
778 4010 814 4080 ἢ
885 4011 1095 4093 ἐνεχιὸς
1192 4015 1265 4077 εἰς
1335 4012 1707 4092 γεγαμηνένην
1779 4018 1858 4086 τῷ
1942 4013 2065 4086 θείῷ

416 4112 668 4180 γυναῖκα,
738 4098 850 4157 ε’ίτε
902 4104 1046 4167 θεῖος
1117 4103 1189 4167 εἰς
1267 4099 1652 4181 γεγαμημένην
1729 4107 1808 4175 τῷ
1862 4099 2064 4176 ἀνεψιῷ

415 4201 669 4266 γυναῖκα,
749 4191 881 4268 πρὸς
923 4197 1000 4266 τῷ
1058 4199 1321 4272 χωρισμῷ
1373 4191 1462 4248 καὶ
1529 4189 1921 4247 τυπτέσθωσαν.
1967 4196 2064 4252 Καὶ

415 4275 467 4332 ἓν
499 4276 646 4356 μέρει
690 4275 745 4334 δὲ
773 4287 866 4337 τοῦ
884 4278 1050 4354 τόμου
1101 4286 1192 4336 τοῦ
1256 4279 1556 4358 ἁγιωτάτου
1612 4277 1810 4334 ἐκείνου
1878 4298 2066 4356 πατριε

414 4367 584 4447 ἀρχου
615 4366 898 4441 Σισιννίου,
972 4367 1330 4444 κεκωλυμένοι
1385 4369 1511 4425 εὶσὶν
1575 4368 1623 4424 οἱ
1674 4367 1836 4445 γάμοι
1894 4366 2054 4424 οὗτοι.

414 4460 570 4532 Οἷον,
601 4455 728 4513 ὅταν
795 4455 1006 4537 ἀδελφοὶ
1049 4455 1330 4540 ἐξαδέλφας
1361 4457 1637 4536 ἀλλοτρίας
1692 4453 2058 4531 λαμϐάνωσιν,

2155 3402 2318 3473 εει-ω,
2344 3394 2455 3455 hoc
2483 3401 2592 3470 est,
2626 3394 3044 3457 consobrinam
3101 3413 3317 3457 meam.
3375 3395 3504 3457 Nec
3552 3389 3695 3452 item
3728 3388 3805 3450 ﬁ-

2150 3481 2266 3543 lius
2298 3501 2466 3545 meus
2496 3501 2702 3545 eorum
2762 3498 3001 3564 neptem
3053 3487 3152 3564 qui
3203 3481 3441 3564 .sobrini
3494 3485 3802 3541 vocantur.

2149 3568 2296 3632 Item
2328 3570 2432 3632 lib.
2485 3588 2584 3645 Lx,
2631 3576 2716 3634 tit.
2751 3590 2973 3650 xxxvu,
3015 3593 3145 3654 cap.
3193 3572 3271 3637 73
3320 3573 3447 3634 haec
3499 3567 3677 3632 verba
3710 3567 3804 3629 le-

2151 3668 2368 3738 guntur
2402 3678 2414 3722 :
2451 3659 2562 3734 Qui
2611 3662 2904 3742 juguntur
2952 3661 3372 3738 matrimonio,
3433 3659 3524 3721 vel
3583 3655 3803 3736 alioqui

2151 3748 2470 3811 carnaliter
2518 3751 2872 3832 copulantur
2928 3750 3296 3831 consobrini,
3354 3757 3411 3811 et
3466 3747 3566 3828 qui
3615 3763 3684 3807 ex
3715 3745 3804 3805 eis

2150 3836 2432 3900 duntaxat
2463 3847 2790 3901 nascuntur
2815 3839 3013 3915 liberi,
3047 3840 3138 3901 vel
3167 3847 3330 3921 pater
3376 3845 3436 3899 et
3478 3835 3636 3897 ﬁlius
3665 3850 3798 3894 cum

2149 3935 2338 3988 matre
2367 3945 2434 3990 ac
2464 3927 2605 4003 ﬁlia,
2649 3929 2738 3991 vel
2771 3928 2888 3990 duo
2918 3928 3129 3990 fratres
3174 3947 3307 3991 cum
3359 3923 3590 3988 duabus
3622 3939 3794 3982 soro-

2146 4015 2315 4077 ribus
2345 4017 2435 4078 vel
2482 4016 2598 4078 duo
2627 4016 2840 4079 fratres
2873 4036 3008 4079 cum
3041 4026 3229 4079 matre
3272 4035 3343 4077 ac
3386 4015 3525 4086 ﬁlia,
3559 4011 3650 4073 vel
3674 4009 3796 4070 fra—

2147 4105 2254 4164 tris
2283 4104 2577 4167 sororisve
2613 4106 2770 4168 filius
2826 4125 2959 4168 cum
3011 4107 3261 4170 muliere
3293 4113 3501 4185 patruo
3531 4116 3798 4165 avuncu-

2148 4191 2278 4254 love
2309 4201 2534 4275 nupta,
2593 4195 2687 4258 vel
2733 4204 2974 4277 patruus
3028 4195 3423 4259 avunculusve
3468 4211 3602 4256 cum
3659 4207 3794 4250 mu-

2145 4280 2294 4365 liere
2347 4291 2528 4364 nupta
2562 4284 2669 4365 sui
2697 4285 2912 4365 fratris
2954 4285 3248 4349 sororisve
3274 4285 3417 4357 ﬁlio,
3454 4291 3665 4365 prmter
3693 4280 3792 4342 di—

2143 4362 2396 4424 vortium
2434 4362 2806 4427 verberibus
2857 4385 3092 4447 quoque
3143 4362 3469 4429 caeduntor.
3505 4365 3793 4426 Praeterea

2145 4451 2201 4510 in
2230 4459 2396 4530 parte
2435 4452 2664 4534 scripti,
2712 4455 2867 4534 quod
2913 4468 3008 4516 est
3037 4455 3392 4518 sanctissimi
3445 4452 3794 4536 patriarchae

411 4547 448 4616 ἢ
491 4546 581 4605 δύο
609 4546 861 4629 ἀδελφοὺς
913 4547 1184 4630 ἐξάδελφαι
1243 4537 1364 4622 δῦο,
1399 4550 1435 4618 ἢ
1492 4553 1637 4613 θεῖος
1706 4548 1795 4604 καὶ
1849 4545 2066 4620 ἀνεψιὸς

2158 4537 2423 4630 Sisinnii,
2447 4541 2537 4602 hae
2563 4553 2704 4606 sunt
2737 4543 3048 4624 prohibitaa
3076 4546 3318 4626 nuptiae,
3352 4544 3630 4606 videlicet
3658 4561 3792 4604 cum

411 4634 637 4718 ἀδελφὰς
681 4635 794 4709 δύο,
824 4637 859 4706 ἢ
889 4635 1140 4716 ἀδελφοὺς
1213 4637 1300 4696 δύο
1343 4638 1454 4696 θεία
1509 4640 1598 4694 καὶ
1653 4635 1866 4712 ἀνεψιά.
1900 4632 2066 4691 Ἀλλά

411 4725 498 4782 καὶ
526 4725 631 4782 ἀπὸ
689 4724 973 4782 συνοδικῶν
1054 4727 1290 4806 πράξεων
1349 4729 1436 4784 καὶ
1559 4725 1893 4805 διαγνώσεων
1974 4733 2066 4783 τοῦ

409 4813 707 4893 ἀγιωτάτου
767 4815 1121 4897 πατριάρχου,
1181 4817 1358 4896 κτρίου
1434 4822 1632 4890 Λουκᾶ,
1688 4816 1776 4872 καὶ
1835 4833 2063 4890 προστα-

407 4903 628 4981 γμάτων
655 4901 972 4980 βασιλικῶν,
1015 4906 1103 4961 ἒπὶ
1132 4905 1228 4980 μὲν
1281 4912 1386 4962 τῶν
1418 4905 1478 4962 ἐκ
1549 4903 1798 4984 πλαγίου,
1846 4903 1874 4958 ὃ
1903 4899 2058 4958 ἕϐδο-

407 5013 506 5067 μος
537 4993 725 5068 βαθνὸς
793 4990 1088 5049 κεκώλυται
1125 5009 1138 5024 ⁸
1194 4995 1280 5050 ἐπὶ
1331 4992 1386 5050 δὲ
1452 5000 1557 5050 τῶν
1613 4991 1664 5059 ἐξ
1720 4993 2055 5072 ἀγχιστείας,

406 5081 536 5161 ποτὲ
579 5081 676 5157 μὲν
719 5095 1080 5161 συγχωρεϊται
1137 5084 1166 5139 ὃ
1219 5083 1394 5158 ἕκτος,
1442 5084 1572 5141 ποτὲ
1630 5081 1685 5138 δὲ
1737 5079 2055 5143 κεκώλυται,

411 5159 550 5227 ’Ὅτε
578 5171 678 5247 γὰρ
730 5159 859 5226 εἰσιν
912 5159 993 5228 ίὶκ
1037 5180 1130 5231 τοῦ
1173 5171 1289 5236 ἐνὸς
1351 5172 1540 5252 μέρους
1597 5171 1786 5248 βσθμοὶ
1853 5169 1964 5242 δύο,
1998 5168 2059 5224 ἐκ

405 5255 459 5313 δὲ
489 5265 582 5316 τοῦ
611 5258 792 5337 ἑτέρου
817 5258 1066 5338 τέσσαρες
1101 5280 1117 5296 ο
1151 5262 1248 5340 ὡς,
1281 5259 1405 5317 ὅταν
1453 5259 1542 5317 δύο
1598 5258 1810 5338 ἀδελφοὶ
1865 5256 2054 5314 θέλωσι

404 5352 730 5430 συναφθῆναι
781 5348 911 5426 πρὸς
985 5349 1159 5426 γάμον
1213 5349 1323 5407 δυσὶ
1377 5350 1610 5429 πρώταις
1695 5345 2000 5426 ἐζαδέλφαις
2033 5364 2049 5378 ⁸

404 5435 546 5495 ἐστιν
577 5439 605 5494 ὁ
628 5436 802 5515 γάμος
849 5435 1242 5514 κεκωλυμένος.
1272 5435 1399 5497 Ἐὰν
1449 5437 1504 5494 δὲ
1559 5442 1703 5502 θεῖος
1780 5437 1868 5493 καὶ
1925 5435 2052 5491 ἀνε-

405 5526 530 5602 ψιὸς
559 5524 720 5583 ἕλωσι
773 5521 838 5576 56
892 5529 1214 5606 συναφθῆναι
1262 5527 1374 5602 θείᾳ
1430 5528 1518 5585 καὶ
1564 5527 1758 5603 ἀνεψιᾷ
1810 5522 1863 5591 ἐξ
1892 5522 2054 5586 ἄλλου

2148 4629 2362 4691 fratres
2413 4630 2801 4694 consobrinas
2833 4641 3142 4695 extraneas
3172 4634 3414 4713 ducunt,
3442 4633 3532 4694 vel
3560 4630 3794 4692 duobus

2145 4717 2426 4781 fratribus
2459 4719 2836 4782 consobrina:
2864 4721 3262 4796 duaenubunt;
3281 4723 3369 4783 vel
3389 4741 3522 4784 cum
3552 4729 3793 4802 patruus

2146 4816 2208 4869 et
2264 4807 2462 4869 fratris
2513 4810 2642 4889 ejus
2700 4809 2855 4870 ﬁlius
2911 4810 3136 4872 ducunt
3190 4829 3426 4872 sorores
3482 4811 3649 4881 duas,
3693 4816 3795 4871 aut

2143 4894 2372 4958 duobus
2428 4897 2709 4959 fratribus
2744 4899 2922 4960 amita
2983 4900 3298 4982 fratrisque
3355 4899 3476 4961 ﬁlia
3537 4898 3788 4960 nubunt.

2143 4985 2482 5059 Quinetiam
2515 5005 2583 5049 ex
2617 4987 2998 5068 synodalibus
3031 4989 3178 5050 actis
3233 4997 3291 5051 et
3340 4985 3792 5068 cogitationibus

2139 5075 2498 5136 sanctissimi
2535 5077 2904 5156 patriarchae,
2939 5078 3168 5138 domini
3201 5079 3398 5158 Lucae,
3457 5087 3632 5159 atque
3682 5081 3790 5139 im-

2142 5164 2452 5244 peratoriis
2509 5165 2743 5238 edictis,
2770 5165 2830 5226 in
2888 5165 2986 5240 iis,
3019 5166 3118 5247 qui
3177 5175 3319 5228 sunt
3363 5184 3435 5228 ex
3486 5174 3789 5230 tranverso

2139 5253 2358 5333 gradus
2387 5255 2675 5335 septimus
2707 5261 2795 5316 est
2823 5255 3157 5334 prohibitus
3189 5275 3204 5319 :
3239 5257 3301 5318 in
3331 5257 3614 5321 afﬁnitate
3637 5257 3787 5338 jun-

2139 5343 2271 5417 ctis,
2298 5343 2619 5424 aliquando
2643 5351 2841 5405 sextus
2868 5345 3246 5426 permittitur,
3277 5347 3596 5428 aliquando
3645 5365 3787 5426 pro-

2137 5432 2362 5495 hibilus
2391 5442 2501 5496 est.
2537 5432 2766 5514 Quippe
2805 5453 2939 5496 cum
2992 5453 3060 5496 ex
3110 5454 3226 5499 una
3287 5446 3450 5518 parte
3500 5444 3639 5499 sunt
3668 5436 3786 5499 duo

2135 5522 2376 5603 gradus,
2411 5539 2480 5586 ex
2509 5521 2702 5585 altera
2730 5534 3027 5606 quatuor;
3057 5525 3238 5589 veluti
3261 5545 3396 5589 cum
3429 5526 3545 5588 duo
3575 5525 3786 5588 fratres

1729 5690 1993 5760 VARDE
2035 5687 2477 5757 LECTIONES.

476 5811 542 5869 56
567 5814 785 5879 θέλωσι.
