4130 6436
301 403 418 471 995

1655 410 1786 472 JUS
1835 403 2291 474 CANONICUM

3569 395 3688 474 896

301 538 676 602 matrimonio
706 541 973 622 copulari
1001 541 1205 603 volunt
1226 559 1362 603 cum
1381 539 1609 604 duabus
1637 539 1940 604 consobri-

2050 541 2227 623 ’ένους,
2261 542 2400 600 ἔστιν
2443 545 2669 622 ὁγάμος
2726 544 3030 609 ἀκώὶυτος.
3098 534 3230 602 ’Ὅτι
3289 551 3414 623 γοῦν
3482 546 3568 600 καὶ
3621 545 3683 600 τὸ

301 627 392 688 nis
419 648 433 688 :
471 629 780 708 prohibita
807 631 1026 712 nuptia
1051 639 1209 694 sunt.
1245 629 1449 693 Sivero
1485 638 1728 711 patruus
1757 648 1946 691 avun-

300 716 560 791 culusve,
595 737 664 780 ac
692 718 890 780 fratris
919 719 1214 780 sororisve
1245 719 1426 791 (ilius,
1475 719 1738 799 capulari
1771 718 1950 780 velint

301 825 433 866 cum
461 807 642 869 amita
673 817 1084 890 materterave,
1129 825 1197 870 ac
1248 807 1446 869 fratris
1476 809 1768 868 sororisve
1804 807 1946 888 ﬁlia,

300 893 534 956 diverso
583 915 806 975 genere
850 897 1002 958 natis
1037 919 1048 954 :
1089 895 1530 958 matrimonium
1565 895 1790 956 licitum
1836 904 1945 958 est.

298 981 611 1047 Enimvero
651 1005 784 1047 cum
819 985 1190 1067 propositum
1224 984 1296 1048 ab
1324 1004 1393 1047 eo
1427 986 1857 1064 interrogatum
1891 991 1952 1046 et

297 1073 564 1150 quastio,
600 1094 716 1136 non
751 1083 1098 1137 numeretur
1129 1093 1240 1136 nec
1286 1075 1577 1136 referatur
1623 1073 1782 1135 inter
1808 1091 1948 1154 pro-

299 1159 512 1222 hibitas
545 1163 805 1244 nuptias,
840 1183 977 1245 qua
1011 1183 1191 1244 supra
1220 1172 1634 1238 recensentur,
1669 1163 1774 1224 sed
1810 1182 1951 1244 spe-

299 1257 418 1310 ctet
473 1251 549 1313 ad
607 1252 855 1331 gradum
916 1271 985 1313 ex
1040 1252 1322 1314 afﬁnitate
1381 1252 1702 1332 septimum
1758 1252 1949 1333 (nam

297 1339 561 1401 sobrina
587 1350 752 1403 sexto
802 1341 914 1402 sibi
972 1342 1162 1422 gradu
1211 1343 1567 1421 junguntur,
1603 1351 1660 1401 et
1686 1361 1817 1422 qua
1846 1360 1950 1403 co-

297 1429 534 1509 pulatur
588 1429 682 1491 his
738 1448 1011 1509 persona,
1073 1431 1323 1509 gradum
1373 1431 1554 1492 alium
1615 1429 1947 1504 constituit,

301 1524 360 1578 et
387 1516 458 1578 ad
492 1521 814 1598 septimum
843 1538 914 1581 ex
947 1518 1232 1580 affinitate
1263 1519 1510 1598 gradum
1560 1520 1948 1599 removetur),

2033 654 2138 711 παρ
2167 632 2323 688 αὖτοῦ
2351 632 2599 711 προτεθὲν
2629 632 2857 712 ἐροτεθέν
2888 633 3160 712 ἐρώτημα,
3193 633 3280 690 καὶ
3307 634 3548 708 ζήτημα,
3595 632 3686 690 καὶ

2031 719 2338 798 πρόϐλημα,
2411 727 2470 780 οὗ
2565 726 2962 802 συναριθμεῖται
3034 724 3123 779 καὶ
3205 722 3684 801 συγκατατάττεται

2030 824 2150 873 τοῖς
2182 809 2374 866 ἄνωθεν
2415 808 2757 886 δηλουμένοις
2815 811 3201 886 κεκωλυμένοις
3271 811 3488 890 γάμοις,
3549 809 3686 868 ἀλλὰ

2031 900 2200 978 ἀφορᾷ
2259 903 2340 962 εἷς
2387 901 2476 955 τὸν
2532 899 2582 964 ἐξ
2653 900 2962 981 ἀγχιστείας
3023 898 3242 976 ’ἐκδομυν
3313 899 3544 979 βαθμὸν,
3605 899 3680 979 (αἱ

2033 988 2130 1066 γὰρ
2195 983 2425 1066 δεύτεραι
2484 985 2756 1068 ἐξάδελφαι
2815 987 2966 1046 ἕκτου
3047 985 3252 1065 βαθμοό
3309 991 3438 1045 εἰσιν
3472 1003 3486 1018 ·
3540 986 3677 1046 WE

2031 1078 2120 1132 καὶ
2172 1078 2232 1132 τὸ
2289 1079 2682 1152 συναπτόμενον
2721 1079 3028 1153 πρόσωπον,
3089 1078 3292 1154 βαθμδς
3337 1076 3536 1158 ἔτερος,
3591 1077 3682 1133 καὶ

2032 1165 2362 1222 ἀποτείνεται
2392 1169 2465 1230 εἰς
2496 1165 2717 1242 ἕϐδομον
2766 1167 2817 1233 ἐξ
2875 1167 3188 1248 ἀγχιστείας
3263 1164 3512 1244 βαθμὸν),
3560 1170 3678 1241 ψηι·

2031 1257 2284 1332 φιζόμεθα
2352 1257 2442 1314 καὶ
2498 1255 2724 1335 λέγομεν
2779 1258 2869 1313 τὸν
2925 1263 3160 1314 τοιοῦτον
3216 1257 3388 1335 γάμον
3460 1253 3676 1312 ἀκώλυ-

2030 1365 2120 1400 τον
2154 1359 2168 1374 '
2217 1347 2289 1409 ὡς
2335 1355 2429 1404 τοῦ
2474 1343 2526 1410 ἐξ
2591 1345 2899 1425 ἀγχιστείας
2953 1342 3174 1422 ἑϐδόμου
3225 1346 3424 1422 βαθμοῦ
3451 1342 3680 1401 ἄδιαστί-

2034 1454 2159 1491 οιτου
2186 1434 2269 1489 κοὶ
2341 1433 2614 1490 ἀκωλύτου
2696 1435 2871 1502 πάντη
2943 1433 3113 1498 ὄντος.
3175 1439 3350 1493 Ταῦτα
3404 1435 3535 1512 πρὸς
3591 1433 3682 1489 τὸν

2033 1520 2250 1601 άφηγηθ
2258 1521 2400 1585 έντα.

299 1606 680 1669 decernimus
709 1617 888 1689 atque
940 1608 1197 1670 dicimus
1228 1608 1406 1687 hujus
1439 1607 1598 1668 modi
1649 1607 2089 1670 matrimonium
2144 1628 2262 1670 non
2293 1628 2426 1672 esse
2474 1611 2715 1674 vetitum
2743 1632 2760 1689 ;
2791 1611 3025 1693 quando
3054 1609 3272 1691 gradus
3301 1628 3370 1674 ex
3400 1609 3685 1673 afﬁnitate

300 1694 613 1775 septimus,
645 1696 1024 1760 indistinctus
1054 1706 1163 1773 est,
1199 1716 1266 1758 ac
1293 1696 1537 1757 omnino
1570 1711 1688 1756 non
1719 1695 2093 1776 prohibetur.
2128 1700 2264 1760 Hac
2293 1700 2364 1762 ad
2396 1719 2575 1782 supra
2605 1709 3159 1764 commemoratum.

857 1791 1356 1870 Subscriptiones.

377 1884 561 1946 Judex
591 1884 743 1961 Veli,
775 1885 1007 1949 Gabriel
1040 1885 1406 1967 Splenarius,
1441 1883 1697 1947 decretis
1737 1901 1946 1946 assen-

299 1973 455 2035 tiens
484 1974 834 2056 subscripsi.

376 2062 563 2127 Judex
595 2064 749 2136 Veli,
781 2063 1042 2128 Joannes
1093 2066 1400 2146 Apolyras,
1435 2063 1694 2126 decretis
1737 2080 1946 2125 assen-

296 2151 450 2213 tiens
491 2152 837 2235 subscripsi.

373 2243 561 2303 Judex
611 2241 766 2317 Veli,
801 2243 1058 2322 Nicetas,
1121 2243 1345 2324 primus
1384 2261 1455 2304 ac
1496 2259 1812 2322 supremus
1841 2241 1947 2303 ille

292 2330 710 2394 Nobilissimus
740 2345 782 2409 ι,
803 2331 1261 2413 Hispanopolus,
1289 2331 1497 2393 eadem
1529 2333 1793 2394 sentiens
1811 2328 1945 2391 sub-

299 2437 535 2500 SCI‘lpSl.

933 2514 1081 2576 Item
1111 2531 1148 2575 α
1182 2519 1378 2591 tergo.

378 2601 658 2676 Joannes,
711 2603 893 2682 judex
941 2603 1073 2665 Veli
1114 2609 1172 2664 et
1220 2603 1374 2664 Circi
1400 2601 1734 2683 praefectus,
1769 2601 1952 2682 Dishy

305 2699 502 2770 palus,
535 2693 867 2754 assentiens
899 2699 956 2752 et
984 2692 1114 2772 ipse
1145 2691 1402 2752 decretis
1453 2691 1609 2750 intus
1643 2689 1949 2770 expositis,

306 2779 654 2861 subscripsi.

903 2881 1306 2946 PHILOTHEI
1319 2929 1332 2940 .

301 2985 691 3052 δανισιίεείΜί
717 2991 1102 3070 patriarcha.
1139 2988 1371 3051 domini
1401 2985 1958 3070 Philothe’igefuta-

385 3071 467 3131 tio
497 3067 868 3151 scriptarum
899 3071 1060 3151 apud
1093 3067 1618 3149 HarmenOpolum
1663 3067 1809 3148 (27°)
1844 3082 1954 3130 ea:-

383 3153 816 3213 secrationum.

391 3256 537 3318 Cum
589 3255 810 3335 peritus
854 3255 936 3317 sis
974 3253 1313 3334 hujusmodi
1341 3271 1566 3328 rerum,
1597 3251 1954 3314 venerabilis

306 3342 710 3423 Nomophylax
746 3353 802 3405 et
825 3344 1010 3422 judex
1045 3342 1336 3422 generalis
1365 3341 1956 3419 Harmenopule,cur

305 3452 424 3494 non
458 3433 570 3494 hoc
602 3451 838 3513 quoque
883 3433 1122 3513 scriptis
1165 3431 1454 3512 adjecisti,
1492 3431 1647 3509 quod
1679 3431 1956 3493 videlicet

306 3530 547 3602 propter
577 3541 788 3584 aureas
836 3532 892 3583 et
924 3531 1156 3584 sanctas
1202 3523 1363 3599 leges
1418 3521 1578 3581 illius
1627 3519 1824 3598 magni
1855 3520 1950 3581 lu-

309 3611 485 3672 minis
541 3611 822 3674 Ecclesia
875 3610 1151 3691 Joannis,
1200 3610 1272 3672 ah
1334 3629 1518 3672 aurea
1575 3609 1773 3688 lingua
1809 3609 1951 3671 dicti

305 3701 732 3782 Chrysostomi,
766 3702 980 3784 quibus
1013 3700 1404 3782 prohibentur
1424 3697 1785 3760 anathemati
1815 3696 1952 3759 sub-

300 3789 407 3868 jici
441 3789 779 3866 Christiani,
813 3809 990 3872 quam
1024 3791 1124 3852 diu
1173 3798 1352 3851 recta
1384 3788 1457 3848 de
1489 3790 1610 3850 Deo
1642 3786 1953 3848 sententia

301 3878 624 3954 adharent,
663 3898 792 3941 esse
825 3879 1114 3940 desierint
1145 3880 1201 3940 in
1252 3897 1360 3937 usu
1395 3876 1480 3936 illi
1511 3875 1652 3934 tomi
1707 3877 1804 3955 qui
1837 3874 1948 3936 de-

302 3969 674 4031 functionum
708 3979 1000 4046 auctores,
1036 3978 1093 4031 et
1118 3966 1578 4048 imperatoribus
1611 3964 1950 4045 perduelles

300 4058 660 4120 anathemati
691 4058 1034 4120 devovent?
1065 4057 1189 4120 Hoc
1237 4060 1395 4117 enim
1449 4052 1627 4115 tradit
1685 4053 1953 4114 eruditus

306 4147 408 4208 ille
450 4147 876 4228 Nomophylax,
913 4155 972 4210 et
1021 4146 1420 4208 consimilium
1467 4142 1580 4203 tuis
1624 4141 1954 4204 studiorum

307 4237 610 4317 particeps
663 4238 960 4311 Balsamo,
1022 4246 1138 4297 tam
1171 4236 1229 4296 in
1262 4232 1494 4311 legibus
1540 4250 1712 4311 quam
1769 4249 1954 4292 cano-

2587 1816 2616 1850 ι
2650 1798 2710 1853 Αἱ
2755 1796 3074 1876 ὑπογραφαί.
3115 1817 3138 1854 ι

2112 1883 2172 1944 Ὀ
2202 1889 2394 1967 κφιτὴς
2424 1896 2516 1945 τοῦ
2547 1889 2746 1964 Βήλου,
2780 1888 3014 1969 Βαϐριήλ
3045 1893 3073 1946 6
3124 1888 3486 1970 Σπληνάριος,
3557 1892 3680 1956 τοῖς

2030 1980 2344 2052 ψηφισθεϊσι
2374 1984 2632 2058 στοιχῶν,
2663 1979 2962 2058 ὑπέγραψα.

2113 2058 2170 2123 εΟ
2213 2067 2396 2146 κριτὴς
2426 2070 2516 2122 105
2546 2067 2744 2137 Βήλου,
2820 2068 3067 2136 Ἰωάννης
3138 2070 3166 2123 6
3223 2077 3522 2152 Αποτυρας,
3554 2085 3672 2135 τοῖς

2030 2157 2344 2232 ψηφισθεῖσι
2378 2162 2632 2234 στοιχῶν,
2680 2156 2986 2236 δπέγραψα,

2115 2238 2172 2302 Ὀ
2237 2245 2422 2322 κριτὴς
2479 2251 2570 2300 τοῦ
2637 2245 2835 2326 Βήλου,
2891 2245 3112 2311 Νικέτας
3172 2247 3677 2328 Πρωτονωϐελλισι-

2033 2333 2415 2414 μουπὲρτατος,
2473 2334 2502 2389 6
2569 2334 2930 2398 Σπανοπῶλος
2959 2335 3044 2414 57,
3095 2336 3161 2394 τὰ
3249 2337 3381 2395 αὐτὰ
3449 2341 3676 2419 φρονῶν,

2029 2424 2347 2502 ὑπήγραψα.

2611 2540 2637 2572 α
2673 2519 2772 2575 Καὶ
2801 2517 3039 2578 ὄπισθεν.
3077 2542 3104 2574 ι

2117 2601 2389 2676 Ἰωάννης,
2425 2609 2452 2662 6
2482 2607 2665 2685 κριτὴς
2694 2614 2786 2662 τοῦ
2856 2606 3032 2677 Βήλου
3092 2609 3179 2664 καὶ
3235 2607 3320 2664 ἐπὶ
3375 2619 3467 2667 τοῦ
3494 2599 3686 2666 Ἰππο-

2034 2687 2250 2769 δρόμου,
2284 2696 2311 2749 ὁ
2346 2697 2663 2775 Δισύπατος,
2721 2701 2954 2776 ποιχῶν
3011 2698 3098 2753 καὶ
3145 2698 3299 2761 αὑτὸς
3368 2709 3485 2760 τοῖς
3539 2698 3686 2761 ἐντὸς

2034 2786 2504 2864 γνωματευθεϊσιν,
2537 2784 2841 2864 ὑπέγραψα.

2675 2895 3040 2949 ΦΙΛΟΘΕΟΥ.

2047 2992 2068 3024 σ
2133 2979 2234 3030 Τοῦ
2305 2975 2601 3053 ἁγιωτάτου
2714 2976 3067 3058 πατριάρχου,
3150 2978 3322 3046 κυρίου
3404 2977 3680 3050 Φιλοθέου,

2119 3062 2388 3142 ἀνατροπὴ
2435 3073 2541 3121 τῶν
2571 3065 2953 3146 γεγραμμένων
2982 3067 3124 3147 παρᾶ
3152 3074 3229 3142 τῷ
3273 3065 3435 3148 Ἀρμε
3448 3065 3684 3142 νοπούλῳ

2118 3151 2583 3228 ἀναθεματισμῶν.
2635 3180 2662 3210 ι

2123 3245 2178 3312 Ὀ
2205 3257 2416 3333 περὶτὰ
2473 3265 2690 3315 τοιαῦτα
2745 3261 2929 3340 σοφὸς,
2987 3258 3206 3317 σεϐαστὲ
3250 3258 3546 3341 νομοφύλαξ
3587 3260 3675 3316 καὶ

2034 3342 2282 3400 καθολικὲ
2338 3347 2490 3424 κριτὰ
2535 3343 2948 3426 Ἂρμενόπουλε,
3013 3355 3126 3414 πῶς
3184 3349 3243 3406 οὗ
3297 3350 3510 3407 κέκεϊνο
3553 3363 3671 3412 τοῖς

2035 3433 2421 3510 γεγραμμένοις
2451 3437 2805 3514 προσέθηκας,
2862 3437 2940 3495 ὅτι
2999 3437 3082 3500 διὰ
3136 3439 3255 3504 τοὺς
3327 3441 3553 3520 χρυσοῦς
3598 3441 3683 3496 καὶ

2034 3522 2211 3600 ἁγίους
2243 3523 2434 3597 νόμους
2477 3532 2570 3582 τοῦ
2615 3525 2846 3605 μεγάλου
2899 3530 2994 3596 τῆς
3058 3525 3376 3594 Ἐκκλησὶας
3407 3533 3682 3607 φωστῆρος

2036 3607 2278 3667 Ἰωάννου
2304 3619 2395 3668 τοῦ
2425 3614 2523 3680 τὴν
2569 3613 2808 3692 γλῶτταν
2868 3623 3091 3697 χρυσοῦ,
3160 3617 3277 3694 περὶ
3306 3624 3397 3672 τοῦ
3428 3616 3536 3693 μὴν
3566 3615 3678 3674 δεῖν

2037 3701 2374 3778 Χριστιανοὺς
2433 3701 2917 3778 ἆναθεματίζεσθαι,
3005 3704 3106 3770 ἕως
3160 3704 3220 3760 ἂν
3278 3703 3523 3772 δηλονότι
3579 3712 3677 3774 τῆς

2035 3789 2190 3867 ὀρθῆς
2239 3788 2468 3868 ἔχωνται
2513 3793 2628 3870 περὶ
2657 3795 2788 3848 Θεοῦ
2852 3791 3029 3872 δόξης,
3091 3794 3440 3873 ἡπράκτησαν
3483 3798 3529 3853 οἱ
3599 3797 3687 3854 τό·

2034 3900 2148 3957 μοι,
2182 3881 2226 3934 οἱ
2269 3880 2388 3942 τοὺς
2440 3879 2864 3946 ἀποστατοῦντας
2923 3883 3010 3938 καὶ
3064 3882 3508 3959 ἐπανισταμένους
3559 3899 3676 3950 τοϊς

2033 3966 2330 4042 βασιλεῦσιν
2401 3967 2861 4045 ἂναθεματίζοντες
2898 3988 2913 4046 ;
2973 3981 3136 4030 Τοῦτο
3207 3973 3305 4052 γάρ
3334 3996 3493 4052 φησιν
3539 3976 3566 4030 ὁ
3598 3998 3685 4032 σο-

2036 4058 2132 4136 φὸς
2191 4056 2484 4135 νομοφύλαξ
2541 4061 2628 4114 καὶ
2695 4065 2799 4115 τῶν
2884 4060 3080 4135 ὁμοίων
3167 4083 3248 4118 σοι
3350 4061 3682 4131 σπουδαστὴς

2038 4143 2355 4221 Βαλσαμὼν,
2391 4149 2418 4202 6
2447 4147 2500 4203 ἐν
2532 4147 2714 4224 νόμοις
2746 4170 2802 4204 τε
2859 4151 2945 4205 καὶ
3001 4149 3182 4205 κανόσι
3239 4148 3468 4224 μάλιστα
3525 4149 3686 4209 πολυ-

2037 4233 2356 4308 μαθέστατος
2407 4237 2494 4292 καὶ
2550 4237 2877 4317 σοφώτανος,
2922 4241 2950 4294 6
3025 4240 3111 4294 καὶ
3153 4240 3492 4320 πατριάρχης
3553 4241 3680 4298 Ἀν-

307 4323 481 4386 nibus
538 4325 854 4387 maximam
909 4325 1161 4404 adeptus
1213 4322 1522 4384 scientiam
1583 4327 1759 4399 atque
1807 4319 1950 4380 doc-

2050 4325 2276 4402 ειοχείας
2306 4327 2403 4390 τῆς
2435 4323 2674 4404 μεγάλης
2706 4325 3034 4406 ἀναδειχθεὶς
3093 4327 3331 4408 ὕατερον,
3389 4319 3535 4408 δπερ
3565 4329 3683 4388 οὖδέ

305 4414 521 4476 trinam
553 4415 651 4495 qui
701 4425 760 4478 et
806 4434 1014 4493 magna
1044 4414 1204 4476 illius
1234 4411 1566 4476 Antiochia
1627 4410 1950 4487 patriarcha

2050 4435 2095 4467 re
2150 4411 2507 4468 διαλανθάνειν
2577 4413 2787 4490 εἴποιμι
2849 4415 2909 4470 ἂν
2969 4415 3140 4494 ἔγωγέ
3209 4440 3362 4476 ποτε.
3411 4419 3571 4485 σοφόν
3625 4441 3682 4475 τε

303 4502 540 4564 tandem
571 4486 938 4583 designatus
993 4503 1100 4564 fuit
1135 4520 1148 4565 :
1184 4502 1242 4562 id
1298 4500 1452 4582 quod
1516 4518 1590 4559 ne
1621 4486 1678 4558 te
1709 4497 1950 4586 quidem

2050 4499 2160 4556 i'vu
2192 4503 2277 4557 καὶ
2348 4500 2634 4560 σπουδαῖον
2678 4504 2743 4559 τὰ
2785 4512 3022 4580 τοιαῦτα,
3086 4503 3237 4584 εἴπερ
3292 4507 3430 4566 τινά.
3484 4514 3528 4564 Η
3561 4515 3683 4586 γοῦν

303 4592 577 4669 ignorare
634 4593 912 4669 dixerim,
973 4595 1165 4655 virum
1215 4591 1478 4662 doctum,
1511 4596 1568 4648 et
1616 4585 1950 4676 hujusmodi

2050 4589 2258 4645 ιάκεϊνα
2315 4592 2650 4671 προσγράψαι
2723 4613 2782 4648 σε
2844 4607 2963 4657 τοῖς
3022 4593 3257 4672 ῥηθεῖσιν
3319 4593 3536 4660 ἐκείνοις
3567 4585 3684 4676 περὶ

301 4697 500 4741 rerum
587 4680 647 4742 in
727 4681 936 4762 primis
1021 4681 1374 4742 studiosum.
1453 4679 1565 4738 Aut
1639 4675 1820 4752 igitur
1897 4683 1950 4736 et

2050 4685 2138 4734 τῶν
2169 4680 2347 4754 τόμων
2393 4680 2584 4761 ἒχρῆν,
2619 4681 2655 4750 ἢ
2689 4680 2824 4758 μηδὲ
2873 4693 3037 4742 ταῦτα
3081 4697 3199 4746 τοϊς
3257 4681 3560 4749 καλλίστοις
3591 4707 3684 4740 σου

300 4769 402 4830 illa
454 4771 809 4833 ascribenda
889 4780 1060 4834 erant
1119 4769 1193 4830 iis
1229 4815 1244 4844 ,
1307 4767 1438 4848 quis
1516 4765 1683 4826 hisce
1739 4763 1844 4825 abs
1898 4774 1950 4852 te

2050 4769 2121 4823 ιαὶ
2164 4766 2462 4833 σπουδαίοις
2523 4769 2720 4835 ἐντάξει
2779 4772 3207 4851 συγγράμμασιν,
3257 4770 3404 4829 Ἀλλ’
3462 4772 3569 4852 ἐγὼ
3625 4775 3684 4829 τὸ

302 4858 460 4920 dicta
511 4874 696 4923 sunt:
730 4871 832 4924 aut
887 4862 1015 4922 hac.
1075 4857 1490 4940 pulcherrimis
1547 4863 1606 4917 et
1661 4851 1950 4914 accuratis

2050 4855 2286 4912 ελλεϊπον
2353 4865 2430 4932 τῷ
2459 4867 2550 4917 τοῦ
2604 4857 2756 4939 φίλου
2823 4861 3198 4939 συγγράμματι
3257 4851 3686 4941 προσαναπληρῶ

302 4947 421 5008 illis
451 4948 691 5030 scriptis
742 4951 857 5012 tuis
915 4967 1284 5030 nequaquam
1333 4943 1668 5007 inferenda.
1733 4944 1950 5003 Verum

2050 4943 2136 5011 ian
2186 4960 2200 4974 '
2234 4947 2322 5002 καὶ
2390 4951 2544 5022 οἶμαι
2575 4949 2620 5002 ὼ
2680 4949 2739 5004 οὒ
2806 4951 3066 5028 φορτικὸς,
3118 4947 3240 5005 ἀλλ’
3268 4947 3386 5006 ουδὲ
3442 4950 3686 5030 περιττός

309 5054 417 5112 ego
440 5037 566 5116 jam
596 5039 899 5118 complere
926 5040 1080 5111 volo,
1108 5035 1265 5118 quod
1297 5035 1470 5096 amici
1502 5031 1724 5111 scripto
1754 5030 1948 5093 deest:

2050 5055 2112 5096 εις
2143 5032 2296 5110 δόξω,
2329 5034 2628 5115 τάναγκαῖα
2661 5038 2746 5092 καὶ
2786 5034 2961 5094 δίκαια
3031 5037 3172 5095 κατὰ
3223 5043 3398 5095 πᾶσαν
3450 5039 3686 5118 ἀνάγκην

312 5143 526 5204 meque
577 5126 824 5190 minime
875 5145 1220 5198 onerosum,
1259 5144 1369 5186 nec
1400 5122 1766 5203 superfluum
1826 5119 1954 5182 fore
2035 5128 2230 5183 ποιῶν.

305 5211 584 5288 arbitror,
619 5215 760 5276 dum
794 5214 1124 5277 necessaria
1157 5223 1216 5276 et
1245 5232 1432 5294 aqua,
1465 5210 1553 5273 sic
1584 5209 1712 5292 ipsa
1739 5215 2024 5290 poscente
2054 5211 2430 5292 necessitate,
2465 5211 2749 5294 suscipio.

1626 5367 1882 5433 VARUE
1926 5367 2365 5435 LECTIONES.

387 5477 448 5528 57
479 5481 506 5536 ὁ
536 5478 904 5556 Σπανοπλόος,
939 5479 1114 5543 male.

387 5626 408 5657 ι
437 5599 773 5680 Dignitatis
800 5599 1103 5665 Palatina
1129 5617 1372 5664 nomen.
1934 5689 1938 5694 _

1869 5693 2120 5768 NOTAE.

398 5807 532 5894 (‘27)
557 5806 624 5873 ln
654 5808 912 5892 epitome
934 5812 1089 5894 juris
1118 5809 1332 5876 civilis.
