4130 6420
409 384 528 458 89.7

1737 387 2434 462 GRECO-BOMANUM

3683 395 3801 464 898

493 511 551 579 Ὀ
621 522 792 586 τοίνυν
861 521 1166 604 προῤῥηθεὶς
1236 525 1574 606 πατριάρχης
1643 523 1978 606 Ἀντιοχείας
2031 527 2059 581 6

2225 523 2550 591 Praedictus
2607 525 2786 606 igitur
2843 525 3252 590 Antiochenus
3303 529 3664 610 patriarcha,
3700 551 3801 594 sa-

416 610 573 690 σοφὸς
604 609 905 687 Βαλσαμὼν
960 613 1077 678 τοὺς
1159 613 1326 692 ἱεροὺς
1411 612 1761 693 ἐξηγούμενος
1815 614 2062 683 κανόνας,

413 695 535 753 τάδε
578 700 739 779 φησὶν
767 699 821 756 ὲν
851 706 927 773 τῷ
970 701 1235 779 προοιμίῳ
1283 707 1382 769 τῆς
1439 702 1742 780 ἐξηγήσεως
1800 707 1904 759 τῶν
1959 724 2065 758 κα-

414 786 578 868 νόνων
607 788 704 856 τῆς
734 789 788 846 ἐν
817 790 1032 868 Γάγγρᾳ
1061 789 1280 850 συνόδου
1314 811 1329 827 °

497 867 560 932 Ἠ
613 877 712 953 μὲν
760 886 999 958 παρουσα
1069 879 1283 946 σύνοδος
1340 881 1600 962 προφάσει
1669 881 1773 939 τῶν
1832 880 2062 958 γενομὲ-

414 987 502 1022 νον
571 967 713 1045 παρὰ
769 974 862 1028 τοῦ
908 970 1187 1030 Εὖσταθίου
1270 978 1471 1041 κακῶν,
1556 970 1874 1035 ὑπεναντίως
1943 983 2062 1033 τοῖς

412 1051 842 1132 δογματισθεῖσιν
927 1061 1094 1138 ὀρθῶς
1141 1061 1284 1138 παρὰ
1339 1049 1453 1128 τῆς·
1494 1058 1778 1126 καθολικῆς
1824 1057 2062 1126 Ἐκκλη-

412 1142 551 1224 σίας,
609 1143 1071 1222 ἆναθεματίζεσθαι
1120 1149 1242 1213 τοὺς
1301 1149 1594 1228 ὁμόφρονας
1678 1148 1860 1222 ἐκείνῳ
1904 1146 2064 1227 διορί-

412 1238 582 1302 ζεται.

957 1347 982 1383 α
1020 1331 1119 1386 Καὶ
1148 1328 1283 1404 μετά
1311 1350 1449 1390 τινα.
1486 1347 1515 1387 )

501 1400 558 1468 Ὀ
618 1410 673 1468 δὲ
717 1425 946 1493 χρυσοῦς
989 1416 1086 1484 τὴν
1131 1400 1372 1497 γλῶτταν
1438 1419 1524 1473 καὶ
1580 1423 1680 1485 τῆς
1751 1417 2062 1493 οἰκουμένης

413 1496 747 1572 διδάσκαλος,
838 1496 1354 1583 παρακελευόμενος,
1453 1507 1530 1581 μὴ
1600 1506 2061 1581 ἀναθεματίζεσθαι

412 1584 682 1664 ἄνθρωπον
711 1593 918 1672 πιστὸν,
955 1595 1083 1674 φησὶ
1110 1602 1274 1651 ταῦτα
1315 1595 1490 1672 ῥητῶς
1527 1612 1541 1626 ⁸
1620 1619 1646 1650 α
1677 1595 1736 1653 Τί
1794 1599 1882 1652 οὖν
1951 1595 2063 1652 ἐστι

421 1694 448 1734 ι
479 1685 655 1752 τοῦτο,
690 1679 718 1734 ὃ
746 1677 943 1761 λέγεις,
980 1684 1042 1738 τὸ
1086 1683 1321 1759 ἀνάθεμα
1367 1703 1384 1764 ς
1433 1683 1583 1741 Ἀλλ’
1615 1682 1695 1740 ὅτι
1745 1683 2064 1742 ἀνατιθέσθω

423 1786 449 1818 ι
499 1767 648 1833 οὗτος
709 1775 784 1842 τῷ
828 1767 1092 1846 διαϐόλῳ,
1155 1774 1242 1829 καὶ
1299 1773 1490 1848 μηκέτι
1551 1773 1813 1852 αωτηρίας
1879 1773 2064 1853 χώραν

2152 612 2320 691 piens
2349 613 2452 674 ille
2481 614 2776 691 Balsamo,
2811 617 2952 678 dum
2999 634 3202 678 sacros
3233 618 3473 697 exponit
3513 637 3794 690 canones,

2149 702 2274 762 11ωο
2303 701 2362 761 in
2422 703 2760 782 praefatione
2816 703 3182 786 expositione
3235 725 3529 768 canonum
3587 709 3799 789 synodi

2149 789 2512 867 Gangrensis
2546 795 2688 858 dicit
2719 814 2732 854 :

2228 882 2491 942 Priesens
2541 881 2650 944 ista
2696 883 2954 962 synodus
3003 902 3108 964 pro
3161 885 3471 947 occasione
3498 886 3796 949 illatorum

2145 967 2218 1030 ab
2275 968 2578 1032 Eustathio
2641 974 2977 1053 malorum,
3036 973 3264 1036 ratione
3337 975 3587 1055 quadam
3649 996 3796 1038 con-

2147 1057 2328 1119 traria
2383 1067 2545 1120 recte
2596 1061 2804 1121 salutis
2851 1059 2926 1121 ab
2984 1060 3251 1123 Ecclesia
3301 1065 3616 1140 catholica,
3664 1084 3798 1126 cum

2144 1145 2452 1209 Eustathio
2525 1149 2852 1211 sentientes
2890 1150 3263 1213 anathemate
3321 1152 3624 1216 feriendos
3684 1154 3795 1216 de-

2149 1235 2365 1297 cernit.

2735 1327 2816 1388 Et
2849 1328 3035 1406 paulo
3064 1337 3219 1407 post.

2228 1414 2299 1474 At
2327 1432 2504 1475 aurea
2539 1416 2820 1495 przeiiitus
2851 1417 2947 1477 ille
2973 1416 3482 1498 lingua,orbisque
3506 1426 3794 1481 terrarum

2147 1501 2376 1577 doctor,
2409 1506 2547 1564 dum
2580 1505 2953 1566 anathemate
3009 1506 3235 1586 percuti
3282 1516 3439 1568 vetat
3491 1507 3792 1570 hominem

2149 1590 2407 1666 ﬁdelem,
2442 1591 2639 1653 verbis
2665 1593 2904 1654 disertis
2936 1595 3061 1655 hac
3092 1594 3170 1654 ait
3199 1615 3214 1655 :
3260 1617 3283 1652 ιι
3321 1594 3472 1666 Quid
3505 1596 3678 1675 igitur
3709 1605 3799 1659 est

2152 1703 2178 1734 α
2214 1679 2383 1760 illud,
2417 1681 2576 1760 quod
2607 1681 2757 1741 dicis
2785 1683 3146 1744 anathema?
3177 1683 3470 1747 Nimirum
3507 1692 3569 1744 ut
3612 1685 3795 1746 devo-

2156 1791 2176 1822 α
2215 1779 2422 1828 veatur
2452 1769 2560 1830 istc
2593 1768 2976 1842 diabolo,nec
3007 1769 3212 1830 salutis
3243 1770 3501 1850 amplius
3527 1773 3795 1852 sitparti-

423 1877 447 1909 α
480 1854 682 1934 ἒχέτω.
757 1858 991 1916 Γενέσθω
1044 1860 1319 1940 ἀλλότριος
1372 1872 1465 1923 τοῦ
1523 1871 1767 1942 Χριστοῦ,
1830 1864 1929 1921 Καὶ
1985 1862 2061 1925 τίς

2156 1876 2180 1914 ι
2217 1875 2377 1937 ceps.
2393 1857 2516 1918 Fiat
2544 1856 2773 1918 alienus
2790 1876 2823 1917 a
2844 1856 3078 1918 Chrisw
3102 1858 3467 1939 denique.Et
3497 1859 3790 1939 quisnam,

422 1963 446 1998 ⁶
483 1944 537 2004 εἶ
567 1945 630 2001 σύ
665 1965 682 2020 i
711 1956 873 2006 ταῦτα
900 1954 998 2016 τῆς
1026 1949 1258 2016 ἔξουσίας
1315 1953 1402 2021 καὶ
1451 1957 1550 2018 τῆς
1609 1951 1848 2029 μεγάλης
1907 1950 2063 2006 δυνά-

425 2052 450 2088 ti
487 2054 656 2107 μεως.
717 2037 848 2093 Τότε
919 2038 1018 2117 γὰρ
1072 2040 1270 2096 καθίσει
1324 2043 1352 2097 6
1407 2040 1676 2118 βασιλεὺς,
1735 2042 1820 2097 καὶ
1878 2041 2061 2109 στήσει

421 2142 449 2174 α
479 2122 663 2196 τὰμὲν
691 2121 931 2203 πρόϐατα
969 2125 1030 2183 ἐκ
1056 2125 1256 2206 δεξιῶν,
1311 2130 1376 2186 τὰ
1432 2127 1487 2186 δὲ
1543 2129 1712 2209 ἐρίφια
1766 2129 1816 2194 ἐξ
1860 2128 2060 2184 abomi-

422 2228 448 2265 α
485 2233 620 2284 μων.
655 2213 716 2268 Τί
744 2213 832 2271 οὗν
875 2219 973 2282 τῆς
1031 2217 1291 2284 τοσαύτης
1357 2215 1613 2278 ἐπελάϐου
1654 2217 1794 2283 ἀξίας
1831 2235 1844 2279 :
1917 2238 1940 2272 ιι
1975 2217 2062 2272 καὶ

413 2298 532 2374 μετ’
563 2299 716 2379 ὀλίγα
759 2305 918 2382 φησὶν
960 2307 988 2361 6
1021 2307 1177 2370 αὐτὸς
1229 2307 1602 2386 Χρυσόστομος
1637 2351 1649 2364 .
1691 2331 1713 2364 ι
1778 2308 2060 2386 Τοιγαροῦν

420 2407 443 2443 α
481 2390 508 2444 6
538 2390 861 2457 Ἀπόστολος
905 2393 958 2450 ἐν
988 2391 1098 2453 δυσὶ
1145 2395 1326 2472 μόνοις
1357 2397 1541 2460 τόποις
1599 2395 1892 2474 ἐξανάγκης
1961 2395 2060 2461 τὴν

419 2498 444 2530 tl
481 2478 663 2554 φωνὴν
719 2481 917 2549 ταύτην
966 2486 1202 2562 φαίνεται
1258 2485 1440 2544 εἰπών.
1504 2487 1618 2565 Οὐχ
1687 2485 1935 2563 ὁριστικῷ
2006 2481 2060 2539 δὲ

420 2583 449 2623 ι
480 2566 660 2644 τρόπῳ
687 2570 884 2637 ταύνην
933 2573 1259 2652 προήγαγεν,
1330 2573 1384 2630 ἐν
1439 2575 1517 2650 μὴ
1574 2581 1642 2651 τῇ
1694 2575 1824 2653 πρὸς
1869 2583 2060 2652 Κοριν-

420 2676 448 2707 ei
480 2655 616 2742 θίους
661 2658 822 2720 εἰπών
863 2675 877 2689 ⁸
912 2659 979 2716 Εἴ
1037 2683 1116 2724 τις
1186 2664 1246 2718 οὗ
1301 2662 1449 2742 φιλεῖ
1516 2663 1606 2718 τδν
1664 2663 1846 2742 Κύριον
1904 2663 2059 2734 ἡμῶν

422 2763 445 2798 α
483 2741 686 2810 Ἰησοῦν
720 2749 967 2825 Χριστὸν,
999 2747 1114 2816 ἤτω
1142 2741 1375 2827 ἀνάθεμα
1409 2771 1423 2786 ⁸
1481 2754 1593 2832 καὶ,
1666 2752 1720 2807 εἴ
1789 2774 1868 2818 τις
1922 2752 2058 2828 ὑμᾶς

419 2854 447 2885 ι
481 2831 868 2910 εὐαγγελίζεται
923 2839 1048 2917 παρ’
1121 2841 1148 2895 6
1204 2839 1548 2918 παρελάϐετε,
1579 2831 1828 2918 γάνάθεμα
1897 2840 2056 2902 ἔστω.

422 2937 451 2979 (
485 2921 544 2978 Τί
573 2921 660 2978 οὖν
694 2939 709 2997 ;
743 2924 776 2978 ἃ
839 2923 1024 3000 μηδεὶς
1054 2930 1158 2984 τῶν
1204 2928 1495 3010 εἰληφότων
1540 2930 1769 2996 ἐξουσίαν
1825 2931 2059 2996 πεποίη-

417 3025 441 3060 σ
475 3028 588 3087 κεν,
620 3010 666 3065 οἰ
709 3011 786 3086 μὴ
818 3013 977 3088 μόνος
1010 3015 1066 3078 ὃς
1097 3013 1273 3098 ἔλαϐε³
1310 3018 1370 3074 σὺ
1399 3017 1598 3094 τολμᾷς
1666 3025 1829 3076 ταῦτα
1854 3031 2058 3097 ποιεῖν,

423 3118 451 3150 α
484 3097 730 3188 ἐναντίως
799 3109 877 3177 τῷ
934 3101 1231 3180 δεσποτικῷ
1261 3097 1719 3188 παραγγέλματι,
1777 3110 1864 3166 καὶ
1933 3130 2060 3188 προ-

2153 1966 2179 2003 (
2213 1966 2431 2026 quaeso,
2467 1956 2528 2007 tu
2562 1965 2626 2009 es
2648 1946 2678 2006 ξ)
2707 1947 3031 2026 Majestatis
3089 1949 3214 2010 haec
3271 1948 3402 2010 scil.
3446 1969 3794 2032 magnaeque

2153 2057 2175 2092 ιι
2214 2037 2516 2114 petestatis
2546 2045 2704 2096 sunt.
2765 2035 2995 2116 Quippe
3028 2043 3164 2098 tunc
3211 2037 3545 2098 considebit
3574 2057 3702 2114 rex,
3738 2047 3795 2101 et

2152 2149 2173 2182 ι
2211 2135 2427 2188 statuet
2473 2146 2610 2190 oves
2660 2147 2692 2189 a
2747 2128 2990 2202 dextris,
3051 2128 3251 2190 haedos
3287 2148 3322 2190 a
3360 2129 3639 2194 sinistris.
3673 2131 3792 2194 Cur

2150 2238 2177 2271 α
2213 2225 2428 2277 tantam
2473 2217 2599 2297 ipse
2647 2217 2752 2278 tibi
2779 2217 3124 2293 dignitatem
3155 2218 3545 2298 usurpas?»Et
3588 2221 3792 2298 paucis

2142 2303 2661 2384 interjectis,idem
2685 2305 2786 2367 ille
2805 2306 3496 2387 Chrysostomusinquit:
3541 2306 3785 2369 «Enim-

2151 2416 2174 2450 ‹
2211 2411 2348 2454 vero
2381 2393 2610 2456 duobus
2665 2395 2946 2456 duntaxat
2994 2394 3055 2455 in
3110 2395 3256 2457 locis
3293 2395 3609 2474 Apostolus
3638 2397 3789 2458 hanc

2149 2505 2173 2536 α
2209 2501 2414 2543 vocem
2446 2483 2783 2544 necessario
2804 2483 3035 2545 videtur
3068 2485 3570 2564 expressisse,nec
3591 2493 3789 2546 tamen

2147 2595 2174 2626 α
2215 2572 2388 2632 modo
2405 2573 2664 2652 quodam
2703 2571 3006 2634 definitiva
3044 2591 3173 2634 eam
3195 2573 3790 2654 produxissezdumin

2153 2683 2175 2716 ιι
2215 2659 2463 2740 epistola
2491 2661 2562 2722 ad
2597 2661 2936 2723 Corinthios
2963 2661 3083 2722 ait:
3112 2662 3174 2724 Si
3202 2661 3333 2741 quis
3357 2680 3473 2721 non
3495 2669 3649 2722 amat
3679 2660 3792 2722 Do-

2145 2771 2168 2808 v
2212 2747 2438 2809 minum
2471 2758 2739 2810 nostrum
2769 2752 2970 2812 Jesum
3005 2749 3660 2822 Christum,anathema
3686 2749 3783 2812 sit:

2149 2861 2176 2892 α
2210 2835 2356 2910 et,Si
2373 2839 2511 2916 quis
2534 2839 2899 2918 evangelium
2917 2837 3082 2900 vobis
3107 2838 3296 2899 tradat
3317 2839 3787 2919 praeterid,quod

2151 2950 2174 2980 ‹‹
2211 2926 2546 3006 accepistis,
2579 2929 2893 2989 anathema
2915 2927 3014 2987 sit.
3039 2927 3189 3000 Quid
3215 2932 3379 3005 ergo?
3401 2945 3531 3007 quae
3553 2927 3790 2987 illorum

2150 3039 2177 3070 α
2212 3033 2387 3076 nemo
2419 3016 2688 3097 fecit,qui
2720 3025 3069 3097 potestatem
3101 3023 3236 3076 sunt
3268 3014 3788 3095 adepti,nisidun-

2150 3128 2176 3159 α
2214 3111 2366 3164 taxat
2395 3105 2465 3180 is,
2501 3106 2601 3186 qui
2655 3125 2784 3167 eum
2842 3108 3096 3184 accepit,
3146 3104 3244 3166 illa
3275 3112 3335 3165 tu
3367 3103 3550 3165 audes
3593 3103 3791 3166 facere

423 3206 446 3241 ε
483 3185 769 3263 λαμϐάνεις
800 3193 900 3272 τὴν
930 3194 1096 3272 κρίσιν
1153 3203 1245 3253 τοῦ
1315 3185 1627 3278 βασιλέως;
1704 3201 1775 3258 Τὸ
1831 3185 2063 3274 ἀνάθεμα

2156 3215 2176 3248 ιι
2213 3200 2422 3255 contra
2451 3196 2797 3255 mandatum
2829 3194 3086 3267 Domini,
3122 3200 3180 3254 et
3207 3192 3393 3274 ipsius
3421 3193 3580 3272 regis
3619 3193 3787 3270 judi-

421 3294 445 3330 α
495 3283 644 3334 νοῦτο
694 3289 787 3338 τοῦ
839 3288 1064 3360 Χριστοῦ
1141 3284 1457 3348 ἀποκόπτει.
1522 3285 1734 3355 Δίδαξον
1787 3287 1840 3345 ἐν
1883 3287 2058 3367 πραό-

420 3387 450 3422 ei
479 3387 627 3434 τητι.
665 3389 691 3428 ο
730 3370 829 3428 Καὶ
855 3371 920 3428 τὰ
948 3371 1089 3442 ἐξῆς.

495 3547 621 3635 Keil]
649 3555 812 3607 ταῦτα
883 3550 980 3625 μὲν
1035 3553 1102 3609 τὰ
1143 3563 1235 3612 τοῦ
1290 3555 1664 3634 Χρυσοστόμου
1714 3556 1940 3635 Πατρός.
2008 3543 2064 3610 Ὀ

411 3631 466 3692 δὲ
498 3633 794 3712 Βαλσαμὼν
838 3638 1068 3721 ἐπιφέρει
1118 3657 1132 3672 ⁸
1182 3646 1281 3702 Διὰ
1307 3631 1480 3719 τοῦτο,
1532 3648 1605 3710 ὡς
1665 3631 1855 3724 ἔοικεν,
1889 3644 2064 3723 ἀπρα-

412 3737 534 3781 κτεῖ
563 3726 651 3782 καὶ
721 3728 750 3783 6
791 3730 1026 3808 γεγονὼς
1083 3731 1349 3798 συνοδικός
1395 3741 1558 3810 τόμος
1615 3733 1700 3791 ἐπὶ
1753 3740 1852 3800 τῆς
1904 3733 2062 3810 βασι-

413 3810 558 3877 λείας
666 3823 758 3874 τοῢ
840 3823 1326 3900 πορφυρυγεννήτου
1402 3831 1559 3902 κυροῦ
1643 3822 2060 3894 Κωνσταντίνου,

417 3903 504 3993 καὶ
533 3903 628 3961 τοῦ
675 3908 1006 3990 πατριάρχου
1062 3917 1219 3987 κυροῦ
1289 3911 1542 3987 Ἀλεξίου,
1617 3913 1772 3993 χάριν
1812 3918 1903 3968 τοῦ
1932 3911 2067 3966 ἀνα-

413 3992 772 4065 θεματίζεσθαι
830 3998 950 4064 τοὺς
1019 3997 1344 4083 ἀποστάτας,
1405 4003 1492 4058 καὶ
1564 3992 1931 4080 μουλταρίους,
1982 4005 2072 4061 καὶ

413 4082 547 4138 κατᾶ
574 4088 681 4139 τῶν
735 4085 994 4162 βασιλέων
1067 4087 1207 4146 ὅπλα
1276 4082 1595 4172 ἐγείροντας,
1651 4093 1741 4149 καὶ
1795 4086 2066 4169 τυραννίδα

417 4169 772 4260 μελετῶντας.
810 4177 869 4235 Εἰ
899 4173 954 4232 δὲ
982 4179 1050 4235 τὰ
1077 4181 1222 4260 παρὰ
1286 4169 1397 4238 1:66-
1444 4181 1676 4260 μεγάλου
1720 4181 1922 4260 [ἰατρὸς
1977 4179 2066 4235 καὶ

414 4253 742 4353 διδασκάλου
781 4265 928 4342 ἡκῶν
981 4274 1073 4325 τοῦ
1141 4253 1538 4348 ξρυσοστόμοό
1571 4253 1847 4353 γραφέντα.
1898 4267 2066 4348 ὑπὲρ·

412 4361 587 4439 τερετν
616 4351 880 4439 όφείλουσι
936 4357 1022 4416 καὶ
1082 4361 1188 4414 τῶν
1256 4351 1617 4439 διορισθέντων
1671 4351 1813 4438 παρὰ
1867 4362 1963 4426 τῆς
2012 4356 2066 4414 ἐν

2149 3302 2177 3342 ι
2207 3283 2363 3344 cium
2393 3284 2720 3364 anticipas?
2747 3283 3037 3345 Nimirum
3094 3283 3209 3344 hoc
3250 3282 3564 3343 anathema
3593 3281 3790 3342 homi-

2155 3393 2177 3430 ιι
2216 3389 2350 3433 nem
2381 3392 2414 3434 a
2435 3371 2664 3436 Christo
2700 3373 2988 3435 abcindit.
3019 3371 3242 3433 Doceto
3273 3371 3335 3432 in
3371 3369 3788 3434 mansuetudi-

2156 3485 2183 3514 α
2215 3479 2314 3522 ne.
2348 3482 2376 3520 ι»
2413 3462 2484 3523 Et
2513 3481 2643 3543 quae
2667 3471 3020 3542 sequuntur.
3049 3486 3077 3517 ι)

2229 3553 2427 3632 Atque
2455 3553 2579 3614 haec
2600 3551 2839 3632 quidem
2869 3549 3050 3611 verba
3077 3557 3214 3611 sunt
3239 3548 3430 3610 Patris
3453 3546 3793 3628 Chrysoslo-

2151 3639 2253 3703 mi.
2288 3639 2540 3720 Subjicit
2569 3648 2766 3702 autem
2797 3640 3067 3701 Balsamo
3096 3657 3109 3700 :
3145 3641 3608 3718 Propterea,ceu
3629 3637 3796 3698 credi

2148 3747 2254 3809 par
2283 3730 2582 3809 est,desiit
2606 3747 2737 3791 esse
2759 3729 2818 3788 in
2842 3747 2952 3788 usu
2975 3735 3170 3788 tomus
3191 3725 3290 3786 ille
3316 3723 3639 3805 synodalis,
3663 3725 3796 3787 fac-

2148 3825 2240 3879 tus
2271 3818 2380 3879 sub
2411 3819 2662 3898 imperio
2692 3816 2920 3878 domini
2963 3813 3334 3878 Constantini
3382 3812 3444 3874 in
3495 3815 3797 3894 Porphyra

2149 3909 2290 3983 nati,
2326 3927 2462 3970 cum
2493 3916 2651 3969 esset
2706 3904 3037 3986 patriarcha
3085 3901 3361 3963 dominus
3421 3899 3682 3975 Alexius,
3719 3901 3796 3964 de

2149 3997 2436 4058 feriendis
2492 3997 2862 4058 anathemate
2905 3991 3302 4056 defectionum
3336 4009 3404 4052 ac
3438 3989 3792 4050 tumultuum

2152 4086 2492 4150 auctoribus
2513 4096 2571 4148 et
2591 4085 2873 4147 adversus
2902 4083 3292 4163 imperatores
3313 4097 3477 4141 arma
3505 4078 3798 4140 suscitan-

2150 4177 2306 4238 tibus
2334 4195 2404 4238 ac
2437 4175 2804 4257 tyrannidem
2837 4170 3242 4235 molientibus.
3277 4169 3368 4230 An
3401 4186 3538 4257 vero
3568 4167 3797 4248 potiora

2149 4266 2409 4328 debeant
2437 4256 2588 4342 esse,
2623 4282 2752 4345 quae
2774 4263 2847 4324 ab
2869 4265 2979 4324 hoc
3012 4275 3224 4340 magno
3255 4257 3426 4320 Patre
3474 4256 3797 4338 doctorque

2149 4365 2350 4418 nostro
2386 4354 2802 4436 Chrysostomo
2850 4351 3070 4432 scripta
3128 4357 3288 4425 sunt,
3323 4355 3438 4410 tam
3472 4346 3731 4436 decretis
3761 4363 3796 4407 a

418 4437 717 4507 Χαλκηδόνι
747 4443 983 4522 συνόδου,
1029 4449 1118 4518 καὶ
1145 4453 1244 4516 τῆς
1275 4434 1349 4505 ἓν-
1371 4449 1607 4530 Γάγγρᾳ,
1653 4434 1824 4529 ἐροῦσι
1854 4448 2063 4512 πάντως

2156 4434 2642 4518 Chalcedonensi,
2676 4461 2848 4524 quam
2879 4439 3208 4518 Gangrensi
3255 4436 3507 4530 concilio
3543 4456 3557 4498 :
3591 4434 3796 4530 dicen-

417 4533 464 4588 οἱ
505 4530 571 4588 τὰ
600 4532 1125 4604 τοιαῦταδιευθετεϊν
1157 4536 1388 4605 ἐξουσίαν
1418 4537 1660 4622 ἔχοντες.

501 4711 599 4782 Καὶ
628 4719 793 4770 ταῦτα
825 4714 922 4790 μὲν
972 4717 1000 4772 6
1051 4717 1384 4798 πατριάρχης
1440 4717 1763 4794 Βαλσαμὼν.
1831 4717 2066 4774 Δείκνυσι

422 4809 546 4880 γοῦν
595 4801 655 4859 ἐκ
686 4808 794 4859 τῶν
847 4804 1160 4888 εἰρημένων,
1219 4808 1629 4887 προηγουμένως
1661 4809 1756 4885 μὲν
1823 4807 1874 4874 ἐξ
1926 4806 2068 4864 ἐκεί-

419 4913 532 4970 νου,
565 4892 769 4970 μᾶλλον
801 4891 855 4950 δὲ
884 4896 972 4952 καὶ
1000 4897 1102 4975 πρὸ
1162 4897 1268 4954 τῶν
1340 4897 1525 4958 ἑαυτοῦ
1581 4899 1817 4977 ἡμερῶν,
1890 4896 2068 4977 ἄπρα-

420 5002 544 5037 κτον
569 4983 659 5040 τὸν
691 4982 1046 5062 προρρηθέντα
1118 4983 1203 5042 ἐπὶ
1257 4996 1350 5045 τοῦ
1423 4988 1913 5067 πορφυρογεννήτου
1984 4989 2070 5044 καὶ

417 5079 509 5134 τοῦ
565 5072 896 5154 πατριάρχου
940 5081 1100 5153 κυροῢ
1172 5074 1404 5142 Ἀλεξίου
1482 5078 1672 5154 τόμον,
1731 5077 2070 5155 Ἢπράκτησε

418 5160 542 5240 γὰρ,
602 5163 784 5242 φησίν.
859 5163 1091 5223 Ἐκείνου
1141 5162 1196 5220 δέ
1251 5167 1484 5246 καθάπερ
1547 5168 1689 5231 τινὸς
1759 5169 2068 5247 ἰερείσματος

419 5249 454 5318 ἢ
497 5250 739 5326 θεμελίου
767 5251 1214 5328 ὑποσπασθέντος,
1271 5256 1360 5312 καὶ
1416 5257 1463 5311 οἱ
1529 5255 1645 5333 μετ’
1703 5257 1908 5315 ἐκεῖνον
1973 5278 2068 5337 γε-

420 5340 634 5418 γονότες
704 5338 813 5418 δύο,
873 5342 901 5398 ὃ
969 5365 1028 5399 τε
1069 5341 1154 5401 ἐπὶ
1201 5350 1294 5400 τοῦ
1352 5352 1632 5420 Κομνηνοῦ
1697 5347 1855 5428 φημὶ,
1915 5353 2072 5427 κυροῦ

424 5427 703 5506 Μανοοῆλ,
747 5432 835 5506 καὶ
892 5433 920 5489 ὁ
977 5431 1062 5491 ἐπὶ
1090 5511 1103 5514 _
1129 5440 1223 5491 τοῦ
1279 5432 1668 5514 Παλαιολόγου,
1714 5427 2072 5514 συγκαταπί-

422 5540 642 5576 πτουσιν
710 5518 1027 5600 ἑξανάγκης.
1090 5511 1334 5581 ’Ἔπειτα
1387 5524 1478 5579 σὺν
1561 5511 1731 5598 τούτῳ
1793 5511 2065 5600 δείκνυσιν,

420 5608 501 5666 ’ὃτι
561 5610 678 5667 οὒοὲ
741 5611 788 5668 οἱ
867 5611 1282 5689 ἆναθεματισμοὶ
1365 5621 1471 5672 τῶν
1553 5613 1782 5680 συνόδων
1859 5614 2072 5684 ἐκείνων

423 5696 608 5778 ἔχουσι
636 5700 698 5756 τὸ
729 5700 984 5780 ἀσφαλὲς,
1047 5704 1092 5760 εὶ
1134 5705 1221 5761 καὶ
1277 5701 1361 5760 ἐπὶ
1443 5703 1705 5782 μεγάλοις
1755 5705 1844 5762 καὶ
1900 5705 2068 5781 ἀναγ-

2151 4536 2291 4596 dum
2322 4534 2440 4596 illis
2461 4522 2710 4596 omnino
2726 4530 3144 4611 relinquimus,
3187 4527 3289 4608 qui
3321 4525 3458 4587 talia
3483 4533 3644 4587 recte
3676 4522 3797 4585 dis-

2153 4624 2413 4706 ponendi
2443 4629 2790 4704 potestatem
2825 4619 3064 4680 habent.

2211 4713 2283 4777 Et
2304 4715 2428 4775 haec
2440 4701 2680 4794 quidem
2695 4708 3044 4791 patriarcha:
3059 4703 3430 4794 Balsamonis
3452 4701 3629 4763 verba
3643 4709 3794 4794 sunt.

2152 4790 2636 4868 Osteniiitautem
2665 4790 2769 4880 per
2798 4816 2889 4880 ea,
2920 4814 3050 4877 qum
3071 4793 3237 4869 dicit,
3275 4793 3528 4874 primum
3553 4790 3796 4871 quidem

2150 4894 2222 4956 ab
2255 4893 2352 4955 illo
2382 4887 2777 4972 tempore,vel
2801 4887 2995 4970 potius
3009 4884 3199 4972 etiam;
3212 4890 3349 4972 ante
3379 4898 3542 4942 suam
3563 4887 3796 4972 aetatem

2151 5001 2283 5045 esse
2315 4983 2376 5042 in
2406 4967 3156 5056 usu-desiisse—praedictum
3187 4970 3356 5032 illum
3400 4978 3650 5040 tomum,
3685 4967 3797 5056 sub

2152 5072 2711 5152 Porphyrogenneta
2740 5076 2796 5128 et
2814 5055 3034 5128 ’Alexio
3067 5059 3396 5152 patriarcha
3424 5060 3668 5152 iactam.
3699 5055 3800 5152 Di:-

2154 5161 2233 5223 cit
2261 5145 2420 5220 enim
2449 5145 2481 5220 ς’
2497 5156 2684 5221 Desiit
2705 5173 2837 5218 esse
2867 5153 2928 5213 in
2957 5149 3182 5214 usu.Eo
3202 5167 3340 5210 vero
3357 5165 3466 5209 ceu
3496 5145 3683 5207 fulcro
3707 5146 3797 5207 vel

2153 5249 2537 5312 fundamento
2563 5247 2821 5328 quodam
2858 5241 3127 5314 subruto,
3163 5237 3337 5328 etiam
3371 5235 3474 5297 olii
3505 5235 3622 5328 duo
3655 5234 3802 5296 torni

2155 5348 2359 5420 postea
2387 5337 2549 5410 facti,
2580 5323 2708 5397 tum
2739 5330 2966 5396 domini
2984 5327 3276 5420 Manuelis
3305 5323 3641 5420 Commeni,
3673 5332 3800 5385 tum

2152 5415 2464 5507 Palaeologi
2491 5433 2782 5508 tempore,
2829 5418 3166 5508 necessario
3197 5415 3456 5508 cumeis
3486 5419 3800 5508 corruunt.

2155 5517 2386 5581 Deinde
2411 5501 2631 5596 praeter
2648 5515 2786 5588 hoc,
2809 5511 2990 5574 etiam
3021 5507 3166 5570 illud
3193 5505 3414 5578 innuit;
3449 5503 3610 5596 quod
3640 5501 3803 5596 vide:

2155 5606 2296 5672 licet
2324 5625 2400 5668 ne
2417 5591 2657 5668 illarum
2681 5602 2921 5684 quidem
2944 5597 3301 5690 synodorum
3321 5591 3802 5690 anathematismi

2151 5696 2406 5770 valeant,
2439 5694 2579 5756 licet
2609 5679 2838 5772 magnis
2861 5697 2919 5752 et
2957 5679 3314 5751 necessariis
3353 5679 3708 5764 quibusdam
3739 5679 3804 5740 in
