4130 6450
1865 421 1998 486 JUS
2037 417 2482 486 CANONICUM
3690 422 3802 487 900

437 435 556 502 899

439 565 687 646 negotiis
717 562 1072 645 promulgati
1097 561 1238 638 sint,
1261 559 1558 642 siquidem
1587 559 1888 622 communi
1920 560 2051 620 Patr

2133 553 2329 616 ,καίοις
2398 555 2533 611 τισὶν
2581 551 2827 632 ἒγένοντο
2907 553 3233 633 πράγμασιν,
3292 553 3446 632 εἴπερ
3505 561 3581 629 τῷ
3647 577 3800 630 κοινῳ

438 640 940 735 Chrysostomoet
959 640 1098 714 aliis
1131 640 1352 713 sanctis
1386 650 1728 712 doctoribus
1757 650 2051 728 obsequen

2168 644 2331 722 Πατρὶ
2374 644 2750 721 Χρυσοστόμῖρ,
2797 644 3030 706 καὶτοῖς
3089 640 3271 705 ἄλλοις
3331 641 3498 721 ἁγίοις
3555 641 3798 700 διδασκά-

439 729 579 806 dum
613 747 708 816 sit,
734 743 835 824 qui
868 741 1076 803 eadem
1121 759 1255 800 cum
1288 739 1389 799 illo
1422 739 1689 800 sentiunt
1735 756 1804 800 ac
1844 737 2051 797 docent

2167 729 2278 794 λοις
2309 731 2567 788 πείθεσθαι
2623 729 2729 812 δεῖ,
2800 733 2866 790 τὰ
2908 733 3037 791 αὐτὰ
3107 731 3195 788 καί
3263 738 3544 811 φρονοῦσιν
3602 731 3794 812 ἐκείνῳ,

438 818 831 912 maximaeque
860 830 1077 894 Christi
1102 828 1436 890 clementiae
1476 827 1670 907 potius
1709 825 2048 908 patrocinan

2166 827 2253 877 καὶ
2282 818 2599 893 διδάσκουσι,
2647 821 2732 877 καὶ
2795 826 2864 897 τῇ
2922 827 3016 878 τοῦ
3073 827 3296 901 Χριστοῦ
3351 821 3574 898 μεγίστῃ
3616 819 3797 899 φιλαν-

437 921 678 983 tur.Sed
694 908 851 981 enim
867 919 939 981 de
957 920 990 980 h
1003 922 1048 980 is
1061 917 1298 997 quidam
1315 916 1568 990 haec,a|ii
1591 918 1836 978 fortasse
1850 914 2051 975 divers.

2163 909 2365 989 θρωπίᾳ
2426 908 2628 985 μᾶλλον
2688 919 3084 997 συνηγοροῦσιν.
3146 909 3311 967 Ἀλλὰ
3380 911 3498 988 περὶ
3565 910 3662 986 μὲν
3701 917 3799 966 τῶν

439 1009 720 1089 prolaturi
747 996 1183 1082 sunt,conciliis
1206 1004 1322 1065 illis
1335 1013 1521 1065 semet
1540 1002 2048 1083 adjungentes.Eg

2168 1000 2441 1074 τοιούτων,
2473 999 2520 1054 οἱ
2552 999 2649 1073 μὲν
2677 1005 2862 1074 ταῦτα,
2921 1000 2968 1055 οἱ
3024 996 3068 1054 δ’
3133 997 3328 1056 ἀλλοῖα
3384 1001 3550 1078 τυχὸν
3604 998 3796 1078 ἐροῦσι,

434 1084 573 1161 vero
606 1116 676 1160 ea
700 1096 1267 1174 missafaciens(non
1296 1093 1452 1154 enim
1487 1093 1546 1154 in
1579 1090 2051 1174 prmsentiaalter

2168 1099 2292 1149 ταῖς
2361 1085 2594 1150 συνόδοις
2650 1085 2870 1150 ἐκείναις
2942 1087 3329 1164 συνιστάμενοι.
3377 1085 3519 1166 Ἐγὼ
3559 1084 3604 1142 δ’
3669 1085 3800 1143 ἐκεί-

435 1186 558 1248 cari
589 1186 761 1261 volo),
813 1184 1019 1248 saltem
1052 1172 1162 1245 hoc
1193 1182 1308 1257 aio,
1346 1183 1504 1244 clare
1553 1172 1620 1244 ac
1668 1182 1849 1244 dubio
1882 1198 2051 1261 procu

2171 1196 2274 1230 νων
2331 1173 2589 1252 ἀφέμενος
2663 1172 2799 1254 (οὐδὲ
2853 1177 2952 1254 γὰρ
3008 1174 3186 1255 ἐρίζειν
3273 1174 3358 1232 ἐπὶ
3437 1182 3529 1232 τοῦ
3605 1177 3797 1254 παρόν-

433 1275 722 1337 hactenus
754 1291 888 1335 esse
914 1273 1410 1343 demonstratum,
1447 1278 1507 1332 et
1547 1270 1790 1349 copiose
1815 1268 2051 1348 quidem

2170 1284 2260 1325 τος
2312 1262 2618 1342 βούλομαι),
2692 1263 2866 1320 ἐκεῖνό
2943 1287 3104 1345 φημι,
3210 1264 3291 1322 ὅτι
3348 1264 3481 1328 τέως
3550 1261 3799 1342 λαμπρῶς

434 1363 591 1444 quod
624 1362 850 1443 primus
881 1361 980 1422 ille
1014 1368 1513 1439 tomus,tanquam
1551 1378 1670 1420 non
1702 1357 2050 1418 consemien

2170 1354 2257 1408 καὶ
2304 1350 2677 1432 ἀναμφιϐόλως
2775 1351 3056 1434 ἐπεδείχθη
3153 1354 3214 1411 ἐκ
3293 1352 3615 1432 περιουσίας,
3723 1352 3797 1406 ὅτι

434 1441 570 1512 cum
591 1441 880 1513 Ecclesia:
909 1448 1495 1529 scopo,maximeque
1528 1466 1660 1509 cum
1693 1447 1794 1508 illo
1820 1465 2051 1507 commu

2163 1444 2191 1497 ὁ
2222 1444 2428 1521 πρῶτος
2460 1441 2662 1506 ἐκεῖνος
2708 1443 2893 1518 τόμος,
2926 1447 2999 1509 ὡς
3059 1444 3137 1518 μὴ
3198 1441 3432 1516 συνᾴδων
3490 1448 3568 1516 τῷ
3625 1447 3799 1515 σκοπῷ

435 1539 496 1600 ni
527 1541 767 1601 doctore
789 1527 1469 1618 Chysostomo,inquam,
1497 1546 1554 1598 et
1585 1534 1904 1596 cessaverit
1935 1541 1992 1595 et
2020 1534 2051 1594 i1

2162 1535 2260 1597 τῆς
2306 1527 2650 1610 Ἐκκλησίας,
2725 1533 2812 1588 καὶ
2869 1531 3098 1608 μάλιστα
3152 1539 3228 1606 τῷ
3271 1535 3435 1606 κοινῷ
3488 1527 3795 1618 διδασκάλω,

433 1647 544 1689 usu
574 1615 1179 1700 desierit,secundum
1211 1615 1541 1705 sapientem
1568 1624 1732 1686 illum
1768 1624 2051 1686 Balsamo‘

2161 1624 2238 1692 τῷ
2308 1620 2684 1699 Χρυσοστόμῳ,
2747 1622 2908 1700 φημὶ,
2953 1620 3112 1700 ἀργὸς
3171 1623 3258 1679 καὶ
3302 1620 3566 1700 ἄπρακτος
3632 1615 3795 1693 μεμέ-

434 1735 567 1777 nem
596 1736 608 1777 :
635 1715 791 1796 quod
818 1714 989 1776 nobis
1021 1715 1196 1774 etiam
1228 1714 1590 1793 propositum
1627 1721 1754 1773 erat
1785 1711 2051 1773 ostende

2161 1730 2314 1777 τηκε,
2351 1709 2484 1764 κατὰ
2540 1711 2632 1765 τὸν
2688 1711 2847 1788 σοφὸν
2906 1709 3224 1789 Βαλσαμὼν,
3287 1707 3417 1788 ὅπερ
3475 1710 3562 1764 καὶ
3610 1707 3796 1782 ἡμϊνὸ

431 1795 693 1867 re.Illius
720 1813 914 1866 autem
929 1822 1038 1865 usu
1062 1802 1243 1883 exspi-
1265 1803 1632 1883 ante,cae.teri
1662 1820 1896 1882 quoque
1912 1800 2050 1862 dein

2161 1798 2358 1860 σκοπὰς
2411 1797 2478 1866 ἦν
2545 1795 2733 1863 δεῖξαι,
2823 1795 3054 1854 Ἐκείνου
3116 1797 3161 1854 δ’
3246 1797 3659 1877 ἀπρακτοῦντος,
3715 1795 3796 1848 καὶ

433 1913 578 1973 ceps
607 1893 742 1955 facti
773 1891 1108 1954 necessario
1130 1891 1314 1953 robur
1342 1910 1512 1952 suum
1555 1889 1852 1952 consimili
1899 1889 2051 1951 modi

2133 1888 2207 1975 Loi
2265 1884 2383 1962 μετ⁹
2447 1885 2652 1943 ἐκεῖνον
2723 1885 3014 1966 ἐξανάγκης
3073 1888 3326 1952 ὡσαύτως
3397 1888 3458 1943 τὸ
3514 1883 3794 1960 ἀνενέργη-

432 1985 707 2046 θῐηὶζιθηι
737 1991 794 2044 et
823 1981 1228 2064 exspirabunt,
1251 1980 1330 2041 uti
1356 1981 1479 2061 jam
1511 1988 1682 2042 antea
1713 1978 1989 2043 diximus.

2155 1997 2245 2031 τον
2293 1977 2380 2034 καὶ
2449 1973 2711 2054 ἄπρακτον
2768 1974 2983 2056 ἔχουσι,
3053 1977 3185 2032 καθὰ
3241 1974 3306 2044 δὴ
3359 1977 3448 2032 καὶ
3517 1974 3794 2053 φθάσαντες

2185 2061 2211 2084 ν

2153 2081 2379 2140 οιπομεν
2389 2107 2402 2122 ο

648 2175 1129 2243 INCERTORUM
1179 2175 1655 2241 PATRIAR‘CHA
1669 2173 1849 2238 RUM.
2595 2175 2875 2228 ΑΔΗΑΩΝ
2907 2177 3353 2230 HATPIAPXQN.

425 2280 451 2343 Ι
460 2330 472 2344 .
510 2280 790 2359 Epistola
808 2287 1040 2358 scripta
1063 2278 1586 2358 Constantinopoli
1607 2277 1688 2339 ad
1709 2278 2051 2358 Martyriun

2155 2265 2272 2335 Α’(
2349 2275 2643 2359 Ἐπιστολὴ
2699 2291 2961 2359 γραφεῖσα
3031 2278 3136 2334 ἀπὸ
3195 2275 3790 2359 Κωνσταντινουπόξεως

504 2354 845 2440 episcopum
903 2354 1345 2440 Antiochenam
1388 2354 1720 2440 explicans,
1755 2354 2051 2440 quo'pacu

2235 2357 2510 2440 Μαρτυρίῳ
2541 2354 2832 2440 Emend-mp
2883 2356 3239 2440 Ἀντιοχείας,
3302 2362 3420 2440 περὶ
3461 2365 3576 2440 τοῦ,
3651 2354 3788 2440 ὅπως

502 2435 624 2521 sint
654 2435 986 2521 recipiendi
1025 2439 1291 2521 heretici
1323 2438 1403 2499 ad
1431 2435 1698 2499 sanctam
1745 2435 2031 2500 nniversa

2231 2435 2342 2521 χρῆ
2371 2435 2614 2521 δέχεεξθαι
2661 2438 2807 2521 [τοὺς-
2860 2435 3146 2521 αῖλρετικὸῦς
3211 2435 3671 2521 προσερχομένους
3723 2439 3787 2508 τῇ

501 2520 612 2581 lem
645 2513 969 2581 Ecclesium
1003 2519 1370 2582 accedentes.

2231 2513 2352 2594 ἆγία
2380 2513 2634 2594 καθολικῃ
2661 2513 2972 2590 Ἐκκλησία,
3023 2541 3050 2572 n

501 2621 840 2682 Collocutus
871 2629 960 2683 est
990 2620 1258 2700 quaedam
1312 2637 1546 2681 mecum
1579 2619 2051 2698 religiosissimus

2231 2618 2357 2676 Τινὰ
2411 2615 2681 2698 διειλέχθη
2735 2620 2822 2674 καὶ
2890 2621 2918 2675 ὁ
2971 2619 3372 2700 θεοφιλέστατος
3449 2615 3784 2700 πρεσϐύτερος

421 2707 1025 2790 presbyterAntonius
1039 2708 1112 2769 de
1127 2708 1328 2789 iis,qui
1342 2708 1413 2769 ab
1428 2709 1720 2770 haereticis
1733 2707 2051 2769 desciscen'

2151 2705 2457 2787 Ἀντώνιος,
2516 2708 2633 2786 περὶ
2690 2709 2796 2763 τῶν
2892 2709 3310 2787 προστιθεμένων
3398 2716 3468 2787 τῇ
3537 2702 3788 2786 ὀρθοδοξίᾳ

421 2804 507 2858 tes
539 2814 602 2858 se
631 2806 792 2858 recte
822 2795 1183 2858 sentientum
1219 2795 1396 2858 coetui
1416 2846 1431 2871 ,
1469 2814 1792 2877 eorumque
1818 2814 2051 2857 consor-

2151 2799 2238 2854 καὶ
2307 2803 2376 2873 τῇ
2434 2794 2599 2876 μερίδι
2668 2796 2771 2852 τῶν
2829 2797 3144 2873 σωζομένων
3218 2799 3323 2854 ἀπὸ
3372 2801 3670 2879 αἱρετικῶν,
3729 2792 3786 2847 τὸ

421 2884 644 2966 tio,qui
665 2885 1602 2966 salvantur,adjungunt;quonam
1627 2904 1729 2947 eos
1742 2893 1909 2966 pacto
1924 2884 2047 2946 reci

2150 2893 2265 2950 πῶς
2291 2883 2557 2965 δεχόμεθα
2604 2884 2805 2953 οὖτούς,
2855 2888 2954 2944 Καὶ
3007 2889 3142 2945 κατά
3185 2893 3472 2966 πρόσωπον
3529 2884 3622 2960 μέν
3652 2883 3787 2953 αύτῷ

419 2973 784 3053 piamus.Cui
801 2974 939 3035 licet
958 2992 1156 3036 coram
1171 2973 1861 3056 exposuerim,quidquid
1878 2975 1968 3034 hic
1983 2992 2046 3035 se

2150 2972 2451 3054 διειλέχθην
2507 2980 2679 3030 πᾶσαν
2724 2973 2941 3034 ἐνταῦθα
2984 2975 3289 3032 ἀκολουθίαν
3345 2979 3432 3032 καί
3493 2973 3779 3041 συνήθειαν.

418 3080 590 3142 quam
602 3074 756 3142 ur,et
775 3063 834 3123 in
853 3081 1016 3124 more
1031 3065 1284 3142 positum
1302 3063 1645 3126 habeamus:
1670 3071 1867 3125 tamen
1887 3062 2051 3124 etiam

2152 3063 2248 3120 Καὶ
2290 3068 2359 3139 τῇ
2388 3061 2611 3141 ὑμετέρᾳ
2653 3060 2707 3117 δὲ
2750 3063 3018 3141 ἁγιωσύνῃ
3047 3063 3339 3143 ἀναγκαιον
3369 3065 3590 3141 ἐνόμισα
3617 3061 3784 3133 «np-a-

416 3159 623 3212 vestrzn
672 3151 968 3213 sanctitati
1019 3153 1357 3214 necessario
1412 3151 1862 3232 signiﬁcandum
1895 3151 2051 3228 duxi,

2145 3174 2227 3212 ut
2256 3158 2332 3226 τῷ
2364 3153 2526 3230 Πατρὶ
2553 3156 2659 3206 τῶν
2719 3151 2986 3233 Πατέρων,
3073 3160 3150 3228 τῷ
3197 3153 3445 3232 ἀπογόνῳ
3500 3157 3591 3208 τοῦ
3644 3145 3784 3225 ἁγίου

417 3239 575 3301 Patri
604 3238 884 3302 videlicet
907 3242 1234 3321 Patrum,et
1257 3217 1591 3302 successori
1611 3240 1800 3301 sancti
1817 3217 2051 3302 Joannis

2145 3239 2389 3298 Ἰωάννου
2418 3242 2510 3295 τοῦ
2541 3237 2824 3320 Θεολόγου,
2885 3247 2977 3297 τοῦ
3027 3241 3312 3320 γενομένου
3368 3235 3783 3323 ἀρχιεπισκόπου

413 3327 828 3408 Theologi,qui
857 3337 1052 3390 vester
1082 3329 1564 3410 archiepiscopus
1593 3328 1741 3404 fuit;
1774 3329 1930 3410 qnod
1963 3328 2051 3389 ni-

2141 3329 2319 3404 ἡμῶν,
2394 3327 2577 3408 ὅτιπερ
2649 3325 2970 3407 Ἀρειανοὺς,
3047 3332 3135 3387 καὶ
3204 3329 3644 3400 Μακεδονιανοὺς,
3701 3325 3784 3410 καῖ

415 3415 631 3476 mirum
648 3405 988 3492 Arianos,et
1007 3419 1096 3480 Ma
1106 3405 1556 3496 cedon'ianos,et
1571 3405 2051 3499 Novatianos,qui

2144 3405 2722 3493 NIDZTIGVOBC"10E)C-
2774 3415 3024 3495 λέγοντας
3093 3420 3309 3482 ἑαυτοὺς
3371 3415 3634 3498 Καθαροὺς
3674 3405 3784 3499 “ml

413 3505 642 3583 seipsos
685 3506 986 3586 appellant
1040 3509 1229 3570 Puros
1258 3525 1326 3570 ac
1355 3507 1651 3581 Puriores,
1694 3514 1752 3570 et
1781 3497 2051 3568 Tessares

2145 3505 2570 3585 Καθαρωτέρους,
2631 3507 2719 3563 καὶ
2773 3506 2896 3569 τοὺς
2969 3497 3601 3587 Τεσσαρεσκαιδεκατίτας
3669 3497 3780 3560 ἦτοι

412 3592 696 3654 decatitas
726 3594 849 3655 sive
879 3595 1302 3672 Telraditas,et
1331 3595 1786 3678 Apollinaristas
1809 3594 2051 3676 recipia-

2143 3592 2478 3673 Τετραδίτας,
2538 3595 2626 3652 καὶ
2684 3593 3152 3677 Ἀπολιναριστὰς,
3210 3593 3478 3677 δεχόμεθα
3553 3588 3780 3678 διδόντας

413 3682 623 3756 mus,si
641 3683 780 3744 dent
812 3683 1068 3761 libellos,
1097 3693 1154 3746 et
1180 3704 1418 3746 omnem
1449 3685 1722 3746 haeresim
1747 3702 2060 3746 exsecren-

411 3777 524 3845 tur,
562 3791 678 3833 non
727 3772 803 3833 ita
845 3773 1230 3849 sentientem,
1271 3774 1354 3834 uti
1397 3777 1577 3835 sentit
1627 3781 1828 3835 sancta
1860 3782 2060 3835 nostra

407 3859 696 3920 catholica
716 3858 1005 3942 Ecclesia,
1038 3862 1208 3942 cujus
1242 3869 1301 3923 tu
1334 3879 1552 3942 prwses
1574 3869 1631 3922 et
1659 3870 1838 3941 caput
1859 3879 1943 3936 es,
1971 3861 2059 3922 vir

407 3943 953 4013 beatissime.Prius
976 3959 1174 4010 tamen
1199 3948 1288 4011 eis
1317 3950 1591 4030 signatur
1609 3948 1732 4012 sive
1757 3950 2060 4027 inungitur

407 4034 570 4096 frons
603 4045 904 4122 unguento
931 4055 1123 4110 sacro,
1157 4046 1215 4100 et
1237 4047 1502 4115 nares,et
1525 4055 1723 4114 aures,
1745 4047 1803 4100 et
1825 4047 2053 4118 pectus,

407 4134 464 4185 et
485 4144 693 4187 omnes
710 4145 924 4189 seusus
950 4147 964 4188 :
991 4136 1171 4208 atque
1199 4128 1358 4190 inter
1387 4127 1739 4207 signandum
1778 4127 2054 4202 dicimus,

406 4210 789 4289 Signaculum
821 4215 1164 4277 donationis
1187 4215 1444 4296 Spiritus
1460 4215 1667 4277 sancti.
1711 4214 2051 4278 Secundum

405 4301 532 4362 haec
565 4309 838 4383 tanquam
865 4304 1234 4384 egregiilaici
1251 4303 1324 4366 ad
1349 4323 1482 4366 eum
1517 4305 1764 4382 gradum
1780 4303 2056 4366 ordinan-

405 4399 520 4465 tur,
551 4390 610 4451 in
633 4409 749 4471 quo
767 4391 928 4471 prius
949 4394 1100 4473 apud
1128 4411 1266 4454 suos
1292 4403 1460 4455 erant
1483 4415 1494 4451 :
1517 4394 1639 4455 sive
1687 4393 2047 4474 presbyteri,

406 4479 530 4567 sive
557 4479 947 4566 diaconi,sive
971 4481 1474 4558 subdiaconi,sive
1508 4482 2046 4564 psaltanagnostzea.

2134 4483 2246 4541 εἴτε
2313 4483 2673 4567 πρεσϐύτεροι,
2761 4487 2876 4544 εἴτε

402 4565 828 4647 Eunomianos,
879 4570 980 4651 qui
1026 4590 1144 4633 una
1195 4571 1492 4634 mersione
1549 4571 1958 4653 baptizantur;
1991 4579 2051 4633 et

404 4659 917 4741 Montanistas,qui
936 4660 1309 4742 appellantur
1342 4660 1438 4722 hic
1465 4659 1723 4740 Phryges
1753 4667 1812 4722 et
1840 4659 2050 4724 Sabel-

399 4744 719 4829 lianos,qui
736 4747 926 4810 Patris
942 4757 999 4810 et
1017 4748 1150 4810 Filii
1174 4749 1389 4811 docent
1411 4748 1681 4811 eamdem
1710 4766 2051 4830 personam,

401 4834 639 4914 aliaque
665 4835 864 4916 gravia
882 4838 1149 4918 quaedam
1175 4837 1576 4910 committunt;
1613 4846 1670 4899 et
1701 4855 1910 4900 omnes
1928 4838 2051 4902 bae-

400 4943 565 4986 reses
597 4925 771 5001 alias,
805 4927 1040 5006 quando
1066 4927 1408 5008 complures
1440 4927 1537 4990 hic
1567 4935 1728 5002 sunt,
1759 4946 1828 4987 ex
1874 4925 2049 4990 Gala-

401 5019 595 5075 tarum
629 5014 957 5095 praesertim
991 5017 1234 5096 regione
1264 5019 1608 5080 venientes:
1643 5034 1852 5078 omnes
1882 5035 2044 5094 ergo,

401 5102 502 5182 qui
540 5121 608 5165 ex
641 5105 732 5165 his
747 5104 821 5166 ad
852 5105 1158 5168 veritatem
1185 5107 1389 5168 volunt
1415 5107 1729 5176 accedere,
1768 5114 2046 5186 tanquam

402 5209 660 5270 paganos
680 5193 1026 5274 recipimus.
1058 5195 1142 5257 Ac
1161 5196 1352 5276 primo
1385 5194 1626 5277 quidem
1660 5195 1757 5255 die
1801 5195 2048 5258 facimus

402 5297 506 5341 eos
536 5280 925 5364 Christianos,
949 5283 1137 5346 altero
1160 5283 1857 5348 (Zatechumenos.Tertio
1873 5284 2044 5347 adhi-

400 5367 610 5429 bemus
640 5369 727 5430 eis
757 5372 1184 5450 exorcismum,
1216 5382 1307 5436 ter
1336 5373 1674 5437 emittentes
1699 5375 1958 5436 afﬂatum
1989 5376 2051 5436 in

399 5453 610 5517 faciem
624 5462 684 5518 et
706 5475 881 5521 aures
904 5472 1320 5543 eorum:atque
1343 5462 1425 5524 ita
1448 5462 1853 5545 resposcimus
1872 5461 1946 5525 ab
1963 5462 2050 5525 eis

2140 3679 2434 3757 λιϐέλλους,
2481 3685 2569 3740 καὶ
2617 3673 3087 3759 ἀναθεματίζοντας
3137 3673 3319 3742 ⁷πᾶσαν
3394 3687 3632 3766 αῖρεσιν,
3657 3673 3780 3766 ’τὴν

2141 3772 2218 3848 μὴ
2249 3783 2536 3852 φρονοῦσαν
2566 3775 2638 3836 ὡς
2668 3788 2852 3853 φρονεῖ
2892 3776 2926 3842 ἡ
2959 3776 3080 3854 ἁγία
3141 3777 3295 3851 ἡμῶν
3355 3763 3613 3836 καθολικῆ
3655 3763 3779 3854 Ἐδξθ

2138 3851 2357 3935 χλησίᾳ,
2385 3865 2450 3930 ἧς
2493 3851 2740 3942 πρόεδρος
2766 3862 2857 3920 κοί
2927 3851 3134 3944 κεφαλὴ
3190 3865 3474 3947 ὑπάρχεις,
3509 3851 3779 3947 μακαριώῖ

2140 3971 2286 4025 τατε,
2345 3953 2791 4031 σφραγιζομένους
2863 3953 2983 4022 ἢτοι
3067 3944 3383 4034 χριομένους
3441 3944 3648 4033 πρῶτον
3699 3944 3776 4012 τῷ

2121 4040 2273 4119 ’ἁγιῳ
2302 4041 2447 4119 μύρῳ
2491 4043 2552 4098 τὸ
2594 4042 2862 4119 μέτωπον,
2898 4045 2985 4100 καὶ
3013 4045 3112 4108 τὰς
3183 4045 3356 4122 ῥῖνας,
3415 4046 3505 4103 καὶ
3559 4039 3623 4095 τὰ
3646 4036 3775 4101 ὦτα,

2138 4130 2225 4186 καὶ
2249 4132 2312 4186 τὸ
2355 4134 2568 4206 στῆθος,
2599 4133 2688 4189 καὶ
2730 4133 2904 4199 πάσας
2947 4134 3040 4199 τὰς
3071 4135 3338 4204 αἰσθήσεις
3387 4149 3401 4164 ⁶
3478 4132 3567 4191 καὶ
3611 4140 3774 4203 σφρα-

2138 4219 2370 4296 γίζοντες
2453 4219 2639 4284 αὖτοὺς
2696 4219 2924 4300 λέγομεν
2958 4238 2972 4251 ’
3009 4224 3236 4302 Σφρκγὶς
3294 4220 3492 4302 δωρεᾶς
3551 4211 3780 4285 Πνεύμα.

2135 4330 2224 4374 τος
2269 4309 2441 4387 ἁγίου.
2478 4311 2577 4367 Καὶ
2608 4311 2743 4386 μετὰ
2785 4317 2948 4367 ταῦτα
2973 4313 3045 4376 ὡς
3116 4309 3395 4369 σπουδαῖοι
3451 4305 3631 4368 λα’ίκοὶ
3653 4316 3774 4380 χειν

2135 4404 2466 4476 ροτονοῦνται
2496 4398 2692 4476 ἐκεῖνο,
2727 4398 2755 4456 ὅ
2784 4399 2918 4468 ἦσαν
2988 4399 3114 4481 παρ’
3161 4401 3344 4465 αὒτοϊς
3414 4395 3723 4478 τοπράτερον
3757 4397 3770 4410 ”

2943 4487 3201 4570 διάκονοι,
3257 4489 3369 4547 εἴτε
3423 4482 3769 4570 ὑποδιάκονοξ,

2133 4573 2244 4631 εἴτε
2287 4575 2789 4655 ψαλταναγνῶσται.
2854 4580 3202 4656 Εὐνομιανοὺς
3260 4579 3467 4662 μέντοι,
3525 4574 3644 4634 τοὺς
3694 4563 3770 4662 ἐἷς

2133 4665 2255 4740 μίαν
2313 4653 2592 4724 κατάδυσιν
2689 4653 3127 4746 βαπτιζομένους,
3214 4653 3302 4727 καὶ
3394 4653 3768 4754 Μοντανιστᾶξν

2133 4753 2252 4817 τοὺς
2303 4753 2522 4811 ἐνταῦθα
2577 4754 2896 4835 λεγομένους
2952 4760 3185 4838 Φρύγας,
3246 4759 3332 4815 καὶ
3395 4750 3771 4844 Σαϐελλιανοῡς

2135 4843 2253 4905 τοὺς
2284 4843 2618 4922 υἱοπατορίαν
2654 4832 3030 4922 διδάσκοντας,
3064 4832 3152 4903 καὶ
3191 4847 3343 4927 ἕτερά
3392 4868 3508 4903 τινα
3565 4832 3773 4927 χαλετξιίι

2129 4939 2430 5007 ποιοῦντας,
2503 4913 2592 4989 καὶ
2661 4934 2834 4997 πάσας
2889 4936 2983 5000 τὰς
3015 4913 3028 4922 Ι
3054 4934 3219 5000 ἄλλας
3279 4913 3536 5016 ἀίρέσεις,
3569 4913 3771 5019 ’ἔπειξή

2129 5017 2323 5076 πολλαί
2363 5021 2490 5078 εἰσιν
2521 5021 2761 5097 ἐνταῦθα,
2807 5023 3039 5098 μάλιστα
3071 5027 3175 5082 ἀπὸ
3217 5031 3315 5094 τῆς
3360 5028 3464 5081 τῶν
3522 5025 3558 5077 Γ
3564 5016 3766 5072 αλατών

2130 5109 2314 5188 χώρας
2343 5109 2625 5188 ἐρχόμενοι
2661 5127 2675 5142 '
2738 5114 2930 5176 πάντες
2983 5114 3104 5179 τοὺς
3157 5111 3251 5171 ἀπ’
3309 5117 3478 5174 αὐτῶν
3531 5103 3770 5188 θέλοντας

2130 5187 2490 5277 προστίθεσθαι
2541 5204 2610 5276 τῇ
2691 5198 2932 5275 ἀληθείᾳ,
2993 5205 3066 5267 ὡς
3143 5192 3425 5270 ’Έλληνας
3485 5187 3764 5275 δεχόμεθα)

2135 5287 2232 5343 Καὶ
2261 5288 2362 5354 τὴν
2435 5287 2653 5366 πρώτην
2720 5289 2926 5369 ἡμέραν
2970 5299 3224 5368 ποιοῦμεν
3275 5293 3460 5358 αὐτοὺς
3520 5291 3768 5369 Χριστιπξ’

2129 5376 2274 5450 νοῦς,
2318 5378 2407 5433 καὶ
2452 5358 2550 5446 τήν
2581 5358 3311 5462 δευτέρανΙκατηχουμξένους⁹
3361 5382 3499 5440 Εἶτα
3525 5358 3624 5439 τῆν
3653 5358 3767 5462 ταί-

2134 5487 2229 5531 ιην
2259 5448 2590 5545 ἓξορκίζομεν
2618 5448 2803 5534 αὐτούς
2847 5448 3141 5546 {authunc-6
3194 5469 3429 5552 ἔμφυσᾷν
3481 5462 3649 5547 τρίτον
3697 5448 3767 5508 εἰς

1718 5629 1974 5698 VARIE
2017 5630 2445 5698 LECTIONES.

477 5753 500 5784 ε
531 5719 635 5798 qui
665 5727 895 5785 canunt
925 5724 1198 5805 hymnos,
1231 5733 1288 5788 et
1317 5725 1564 5792 lectores
1593 5741 1756 5797 sunt.
