4130 6428
321 466 431 537 901
1643 463 2366 539 ῧΒιΕΕΟ-ΒΟΜΑΝΗΜ.
3585 463 3704 530 902

317 606 380 662 τὸ
438 605 722 687 πρόσωπον
781 609 870 666 καὶ
937 609 1004 665 τὰ
1057 610 1192 682 ὦτα,
1275 608 1364 664 καὶ
1421 607 1560 664 οὕτω
1626 624 1997 686 κατηχουμενι

2097 595 2296 672 ictata,
2331 605 2388 658 et
2419 595 2479 658 in
2510 596 2765 658 ecclesia
2799 595 3157 658 commorari
3191 595 3608 677 permittimus,
3639 615 3707 687 ac

313 681 526 772 αὐτοὺς,
557 699 646 754 καὶ
702 697 956 774 ποιοῦμεν
1003 699 1265 778 χρονίζειν
1334 697 1406 762 εἷς
1490 697 1587 764 τήν
1657 681 1963 765 ἐκκλῆσίανι

2086 684 2386 764 μοι-ἱρῑυτεε
2407 685 2638 748 audire.
2668 685 2897 746 Deinde
2919 683 3275 787 baptismum
3317 685 3410 787 eis
3429 685 3706 787 imperti-

310 784 402 840 καὶ
468 785 754 865 ἀκροᾶσθαι
810 773 914 843 τῶν
973 793 1215 865 Γραφῶν.
1295 787 1393 842 Καὶ
1460 784 1580 840 τότε
1638 785 1820 859 αςιτοὺς
1874 783 1968 858 βα-

2086 791 2204 836 ]υτ.
2240 773 2402 849 Haec,
2441 782 2716 855 tanquam
2751 782 2964 849 vester,
3000 773 3268 835 studiose
3293 773 3488 836 verbis
3515 775 3703 855 signi-

311 861 585 948 πτίζομεν.
619 881 816 946 Ταῦτα,
849 875 923 938 ὡς
954 861 1227 953 ὑμέτερος,
1261 869 1559 930 ἐσπούδακα
1589 877 1848 948 σημᾶναι.

2086 878 2231 923 rare
2255 861 2439 924 volui.

314 972 378 1030 B'
393 1021 406 1035 .
448 997 471 1030 ι
508 976 790 1033 Πιττάκιον
819 976 1230 1056 πατριαρχικὸν,
1264 973 1471 1031 ἐκτεθὲν
1528 974 1672 1053 παρὰ
1725 973 1968 1031 Ἰωάννου

2086 963 2124 1024 l.
2159 967 2375 1056 Brevis
2396 967 2848 1056 patriarchulis
2901 968 2981 1056 de
3027 967 3330 1056 quodam,
3346 970 3453 1050 qui
3486 973 3708 1056 matr-is

398 1055 828 1155 Χαρτοφύλακος,
888 1048 980 1116 τοῦ
1017 1048 1440 1120 ”ἰωνοπούλο·)ς,
1513 1048 1630 1132 περῖ
1706 1060 1819 1123 τοῦ,
1903 1057 1971 1128 τῇ

404 1133 428 1155 5
513 1135 534 1155 Ρ
584 1152 589 1155 _
615 1135 651 1155 '\
883 1141 908 1152 -ν
1058 1134 1122 1155 ’θ’
1449 1134 1458 1147 ⁸
1718 1152 1725 1155 .
1767 1133 1817 1155 n'
1845 1153 1881 1155 νᾉ
1932 1154 1940 1155 κ

2129 1048 2602 1155 ἕξτῖῖδῗῗζὶξίέπὶ
2635 1065 2748 1155 'ff’i‘
2751 1064 2898 1155 1’31".
2932 1048 3490 1155 ιίίῖθῗδίζᾳιίλᾸῖθαέ
3499 1053 3710 1155 μΡῘῗῖῗτξὲ

1599 1133 1968 1211 συναφθέντος,

1641 1213 1782 1287 αὖτῷ
1809 1211 1974 1268 ἐπιτι-

847 1141 946 1203 τῆς
1058 1134 1185 1200 ἰδίας
1287 1134 1488 1210 μητρός

404 1133 440 1173 ἒ.
451 1133 625 1173 πέει-ἑὲ

398 1135 738 1216 δισεξαδέλφῃ
816 1135 946 1203 τῆς
1058 1135 1185 1200 ἰδίας
1287 1135 1488 1210 μητρός

401 1217 490 1296 καὶ
638 1223 744 1273 τῶν
868 1215 1183 1296 ὀφειλόντων
1306 1212 1518 1282 δοθῆναι

401 1217 490 1272 καὶ
638 1223 744 1273 τῶν

408 1295 567 1371 μίων.
580 1315 605 1352 1

411 1395 746 1472 Λαμπουδίος
805 1400 979 1472 οὗτος,
1027 1400 1054 1454 6
1112 1397 1218 1454 ἀπὸ
1266 1398 1363 1462 τῆς
1437 1395 1573 1452 κατὰ
1655 1394 1715 1450 σὲ
1785 1391 1987 1470 ἴτ’νορίας

321 1485 708 1564 Χρσυοπόλεως
758 1487 1095 1567 ὁρμώμενος,
1165 1483 1556 1565 θεοφιλέστατε,
1635 1481 1930 1567 διηγήσατο
1964 1499 1977 1511 ⁸

319 1561 402 1632 ὅτι
473 1575 558 1631 ἐπὶ
628 1561 845 1653 γαμικῶ
916 1573 1318 1654 συναλλάγματι
1408 1572 1736 1644 συνέζευκται
1800 1561 1977 1647 ’Ἄννῃ

317 1671 389 1740 τῇ
445 1662 793 1741 δισεξαδέλφῃ
857 1662 1117 1732 Θεοδότης
1191 1667 1288 1732 τῆς
1344 1664 1503 1722 αὐτοῦ
1558 1662 1786 1739 μητρὸς,
1870 1657 1973 1726 ⁴ἤδη

2133 1125 2226 1208 illi
2251 1127 2602 1206 irrogandis
2629 1128 2898 1190 Joannes
2930 1125 3396 1206 Chartularius,
3423 1125 3710 1208 Ιοὴοραιὶ

2148 1205 2314 1285 ﬁlius
2343 1205 2651 1286 exposuit.

2146 1381 2508 1464 Lampudius
2529 1384 2648 1461 hic,
2673 1391 2835 1446 ortus
2879 1403 2912 1446 e
2952 1384 3167 1446 vicinia
3195 1393 3295 1447 tua
3326 1385 3710 1466 Chrysopoli-

2065 1476 2224 1552 tana,
2259 1472 2348 1533 vir
2374 1471 2846 1552 religiosissime,
2881 1472 3053 1534 nobis
3085 1474 3392 1554 exposuit:
3429 1493 3494 1536 se
3515 1473 3713 1537 matri-

2062 1559 2304 1620 moniali
2363 1569 2731 1623 contractum
2787 1563 3061 1640 junctum
3142 1580 3275 1624 esse
3332 1582 3466 1624 cum
3519 1563 3710 1640 Anna,

2063 1646 2228 1710 Theo
2243 1649 2386 1709 tota;
2417 1650 2620 1710 matris
2655 1668 2777 1710 suae
2807 1649 3068 1730 sobrina,
3093 1651 3526 1713 interveniente
3550 1654 3712 1730 jam-

317 1737 422 1833 πρὸ
450 1751 650 1809 πολλοῦ
699 1737 816 1829 μετ’
860 1753 1023 1820 αότῆς
1078 1751 1432 1832 ίερολογηθείς
1469 1768 1482 1782 ⁸
1536 1751 1624 1807 καὶ
1670 1737 1972 1833 ἦρῴτησεν,

2086 1737 2285 1798 ludum
2317 1756 2616 1798 sacrarum
2654 1756 2897 1817 precum
2935 1739 3352 1801 benedictione
3387 1757 3400 1801 :
3435 1758 3504 1802 ac
3535 1741 3720 1802 inter-

321 1843 369 1898 εἰ
441 1843 469 1897 6
524 1844 759 1907 τοιοῦτος
822 1841 994 1921 γοίμος
1049 1841 1414 1921 ἐπιτιὲτρατιαιι²
1485 1840 1521 1907 ἢ
1564 1840 1641 1914 μή

1731 1828 1975 1912 ’Ἐμπιθεν
2057 1827 2304 1903 rogavit,
2339 1845 2770 1888 concessumne
2797 1827 2872 1888 sit
2922 1831 3035 1889 tale
3068 1829 3541 1906 matrimonium,
3605 1848 3716 1892 nec

322 1929 436 2006 οὖν,
497 1931 569 1996 ὡς
615 1933 642 1986 6
701 1914 848 2006 νόμιμ
897 1914 1077 2010 ⁷γάμου
1135 1935 1204 2006 τῇ
1230 1914 1595 2009 ’δισεξαδὲλφῃ
1680 1931 1777 1994 τῆς
1849 1924 1977 1989 ἰδίας

2086 1933 2160 1975 ie.
2202 1917 2572 2010 Responsum
2599 1914 2749 2010 tulit,
2786 1933 2948 1990 eum,
3009 1915 3134 2010 qui_
3167 1915 3298 1996 lege
3354 1919 3718 2010 matrimonii

323 2021 530 2098 μητρὸς
600 2019 1017 2094 συναπτόμενος,
1065 2021 1125 2076 οὗ
1175 2017 1531 2096 διαζεύγνυται
1561 2017 1659 2092 μὲν
1715 2016 1820 2071 ἀπὸ
1881 2019 1979 2084 τῆς

321 2111 516 2171 οἰκείας
569 2117 835 2189 γαμετῆς,
909 2109 962 2166 εἴ
1026 2132 1087 2190 γε
1155 2122 1276 2174 ταῖς
1332 2107 1600 2175 ἀληθείαις
1659 2109 1687 2164 6
1741 2114 1978 2170 τοιοῦτος

323 2201 500 2278 γάμος
569 2200 751 2279 φθάσει
807 2195 1065 2278 προϐῆναι
1095 2217 1111 2234 ⁸
1171 2197 1454 2272 ἐπιτιμίοις
1527 2198 1584 2253 θὲ
1639 2193 1979 2254 καθυποῗαλ-

324 2287 496 2363 λεται,
560 2289 717 2353 αὐτὸς
768 2309 826 2344 τε
897 2288 986 2344 καὶ
1043 2288 1078 2355 ἡ
1141 2290 1463 2365 συναφθεῖσα
1520 2287 1687 2358 αὐτῷ.
1749 2286 1844 2340 Λιὸ
1901 2286 1988 2340 καὶ

327 2377 619 2456 γράφοντες
661 2376 1003 2456 ὑφηγούμεθοῖ
1071 2397 1162 2432 σον
1233 2382 1301 2452 τῇ
1371 2376 1633 2454 ἱερὸτητι,
1690 2373 1783 2428 ἵνα
1841 2372 1988 2451 ἐρευ-

328 2466 524 2540 νήσῃς,
557 2466 600 2520 εἰ
629 2464 796 2526 οὕτως
866 2461 983 2544 ἔχει
1016 2466 1044 2520 6
1102 2469 1198 2530 τῆς
1255 2463 1560 2543 συγγενείας
1624 2460 1848 2538 βαθμός,
1914 2462 1986 2525 ὡς

329 2554 486 2616 αὐτὸς
522 2551 840 2632 διηγήσατο,
865 2553 952 2608 καὶ
983 2554 1027 2608 εἰ
1083 2549 1283 2631 προὲϐη
1346 2554 1374 2608 6
1425 2551 1620 2629 γάμος.
1679 2551 1776 2606 Καὶ
1834 2547 1987 2626 εἴπερ

335 2642 502 2704 οὕτως
561 2640 792 2720 ἔχουσαν
861 2641 959 2707 τὴν
1013 2639 1263 2711 ἀλήθειαν
1343 2637 1767 2718 ἀπαραλλάκτως
1825 2639 1986 2717 εὖρή-

331 2751 467 2804 σεις,
500 2729 664 2805 ἐᾶσῃς
694 2729 790 2805 μέν
817 2731 878 2786 τὸ
962 2729 1284 2786 συνοικέσιον
1341 2728 1426 2785 ἐπὶ
1490 2726 1772 2808 σχήματος
1799 2742 1814 2756 ⁶
1861 2727 1986 2784 ἐπι-

329 2817 534 2888 τιδήσει
604 2816 658 2873 δὲ
731 2816 1102 2894 καθυποϐάλῃς
1160 2817 1319 2874 αὒτόν
1398 2838 1479 2890 τε,
1562 2817 1650 2872 καὶ
1706 2817 1804 2883 τὴν
1857 2839 1982 2872 συν-

334 2910 592 2987 αφθεϊσαν
621 2907 788 2981 αὐτῷ,
833 2905 978 2969 ὅπως
1041 2894 1126 2984 ἐφ’
1168 2904 1267 2982 ὅλῃ
1295 2904 1456 2978 διετίᾳ
1483 2904 1792 2984 ἀπέχωνται
1821 2904 1985 2984 κρέα-

329 3017 446 3068 τος,
495 2994 550 3051 ἐν
591 2993 646 3051 δὲ
702 2994 906 3074 τετράδι
948 2995 1036 3052 καὶ
1095 2993 1364 3070 πέμπταις
1415 2992 1552 3070 μηδὲ
1623 2994 1762 3050 οἰνου
1819 2993 1982 3070 μετέ-

328 3106 494 3164 χωσι.
557 3088 665 3151 Τῆς
723 3084 905 3160 μέντοι
962 3084 1238 3145 κοινωνίας
1335 3079 1834 3161 μεταλαμϐάνωσιν,

331 3173 518 3248 μόναις
547 3186 670 3238 ταῖς
728 3182 1083 3237 Δεσποτικαϊς
1146 3173 1382 3252 ἑορταῖς.
1457 3171 1688 3227 Γίνωσκε
1764 3171 1887 3248 γάρ,
1919 3173 1992 3235 ὡς

332 3263 360 3318 6
391 3268 650 3342 τοιοῦτος,
685 3261 886 3340 γάμος,
927 3263 1029 3341 πρὸ
1100 3261 1199 3335 μὲν
1271 3270 1365 3320 τοῦ
1406 3259 1670 3340 γενέσθαι,
1742 3259 1839 3315 οὒκ
1893 3283 1996 3317 πι-

333 3349 582 3430 τρέπεται
614 3365 630 3380 ⁹
706 3351 842 3425 μετὰ
868 3428 879 3430 ξ
912 3348 967 3406 δὲ
1027 3351 1099 3430 τὸ⁸
1138 3348 1435 3430 Αγενὲσθαι,
1485 3350 1576 3430 ,οὗ
1637 3346 1996 3430 διαλεύγνυται

340 3426 463 3510 μὲν,
517 3430 800 3506 ἐπιτιμίοις
861 3428 916 3486 δὲ
967 3426 1343 3494 ὑποϐάλλεται,
1420 3426 1585 3497 ’Πλὴν
1654 3427 1996 3509 διαμάρτυραι

341 3520 502 3576 παηὶ
529 3523 608 3594 τῷ
636 3520 734 3576 ὑπὸ
793 3518 854 3575 σὲ
908 3517 1046 3593 λαῷ,
1107 3520 1182 3581 ὡς
1237 3517 1300 3574 ἂν
1354 3517 1439 3574 ὅτε
1500 3515 1682 3594 μέλλει
1739 3515 2001 3597 προϐῆναι

339 3606 710 3687 στνάλλαγμα,
779 3603 1096 3688 ἀμφιϐολίαν
1157 3607 1277 3662 τινὰ
1347 3604 1628 3664 τοσύνολον
1684 3605 1836 3686 ἕχον,
1886 3629 2002 3681 μη-

341 3695 521 3773 δαμῶς
557 3695 678 3753 ἅνευ
708 3696 804 3765 τῆς
849 3687 947 3763 σῆς
1017 3693 1350 3774 προσταξεως
1407 3718 1458 3752 τι
1529 3695 1749 3752 ποιῶσιν
1797 3711 1813 3726 ·
1875 3687 1995 3751 ἀλλ’

340 3784 639 3866 ἀναφέρωσι
689 3785 757 3844 τὰ
848 3785 966 3861 περὶ
1019 3790 1113 3840 τοῦ
1196 3784 1506 3862 πράγματος
1597 3791 1667 3860 τῇ
1729 3782 1997 3864 θεοφιλείᾳ

340 3897 458 3936 σου.
495 3875 594 3932 Καὶ
621 3872 812 3950 οὕτως,
843 3873 878 3942 ἢ
921 3873 984 3929 σὺ
1026 3872 1226 3948 τέμνῃς
1269 3872 1370 3940 τὴν
1440 3873 1686 3944 ζήτησιν,
1749 3870 1809 3951 ἢ,
1843 3871 1998 3951 εἴπερ

340 3959 718 4044 ἀμφιϐάλλεις,
777 3963 908 4042 πρὸς
1003 3963 1145 4037 ἡμᾶς
1229 3960 1498 4041 ἀναφέρῃς
1587 3961 1674 4017 καὶ
1771 3959 2002 4020 ἐντεῦθεν

341 4050 480 4131 δέχῃ
507 4052 607 4119 τὴν
635 4049 807 4110 λύσιν.
871 4060 968 4107 Δεῖ
1023 4048 1077 4105 δὲ
1129 4047 1343 4123 εἰδέναι,
1405 4047 1486 4107 ὅτι
1544 4047 1754 4105 ἕπειδὰν
1783 4051 1830 4105 οἱ
1875 4051 2007 4129 πρὸς

346 4137 613 4210 ἀλλήλους
658 4140 814 4196 οἱονεὶ
861 4136 1083 4215 ἕϐδομον
1155 4137 1356 4215 βαθμὸν
1417 4137 1794 4213 ἐπινοοόμενον
1829 4136 1881 4204 ἐξ
1907 4137 2005 4217 ἆγ-

347 4228 588 4308 χιστείας
661 4227 920 4299 σώζοντες
986 4227 1366 4303 στνάπτονται,
1441 4227 1506 4282 τὰ
1577 4227 1709 4283 αὐτὰ
1767 4225 2005 4304 ἐπιτίμια

353 4317 616 4396 ὀφείλουσι
673 4330 887 4396 κρατεῖν
968 4318 1057 4374 καὶ
1125 4315 1210 4373 ἐπ’
1269 4319 1462 4392 αὐτῶν,
1575 4314 1708 4394 ἅπερ
1763 4316 1816 4375 ἒν
1873 4313 2006 4391 τῷδε

346 4412 427 4480 τῷ
482 4407 784 4487 ψηφίσματι
841 4403 1084 4486 εἴρηνται
1121 4423 1135 4437 '
1195 4403 1276 4486 ἐφ’
1333 4405 1406 4462 ἐνὶ
1463 4404 1644 4481 μέντοι
1701 4407 1795 4463 καὶ
1861 4405 2008 4480 μόνῳ

347 4493 592 4569 ἐνιαυτῷ.

349 4593 440 4658 I".
527 4615 551 4652 ι
585 4591 861 4652 Συνοδικαὶ
919 4595 1222 4672 ἀποκρίσεις
1291 4597 1366 4660 εἰς
1422 4595 1492 4655 τὰ
1557 4597 1634 4672 τῷ
1693 4593 1853 4663 Σίδης
1882 4593 2010 4674 Epta-

1029 4675 1277 4744 τηθέντα,
1316 4698 1345 4730 ι

433 4773 788 4854 Ψηφίσματος
875 4798 1016 4842 τινος
1109 4777 1248 4834 κατὰ
1326 4777 1468 4833 θείαν
1549 4777 1638 4833 καὶ
1725 4773 2012 4852 βασιλικην

348 4861 632 4943 πρόσταξιν
710 4863 1008 4932 ἐκτεθέντος
1091 4865 1234 4945 παρὰ
1329 4874 1422 4925 τοῦ
1478 4864 2009 4944 μεγανιπιφανεστά-

351 4973 444 5009 του
501 4950 908 5033 Κουροπαλάτου
976 4955 1065 5012 καὶ
1149 4952 1500 5032 κοιαίστορος,
1589 4951 1862 5010 Βασιλείου
1919 4969 2016 5020 τοῦ

354 5042 630 5124 Πεκούλη,
703 5043 788 5100 ἐπὶ
860 5045 1150 5124 ἐρωτήσεσι
1223 5043 1492 5126 διαφόροις
1562 5045 1705 5120 παρὰ
1787 5049 1879 5100 τοῦ
1927 5049 2018 5100 νῦν

287 5148 298 5158 “
355 5131 646 5212 ἱερωτάτου
712 5133 1107 5212 μητροπολίτσυ
1177 5131 1339 5200 Σιδης
1426 5131 1744 5214 προϐάσαις,
1789 5131 1910 5212 περί
1959 5153 2017 5188 τε

361 5219 570 5300 δωρεών
643 5221 910 5292 ἀκινήτων
984 5229 1165 5299 τινῶν,
1247 5218 1504 5282 ἒκδόσεών
1587 5243 1647 5278 τε
1703 5221 1790 5277 καὶ
1842 5220 2016 5302 ἐμφυ-

360 5310 614 5386 τεόσεων,
679 5310 768 5367 καὶ
837 5311 948 5388 μὴν
1003 5311 1142 5369 ἁλλὰ
1191 5310 1278 5368 καὶ
1333 5316 1569 5370 τοπικῶν
1638 5307 1832 5367 δόσεων
1887 5311 2015 5378 ἔτη-

360 5397 489 5455 σίων
519 5399 662 5478 παρὰ
691 5405 784 5457 τοῦ
829 5402 931 5479 πρὸ
999 5400 1158 5459 αὐτοῦ
1227 5398 1648 5480 μητροπολίτου,
1706 5406 1799 5458 τοῦ
1850 5399 2015 5458 ἀποι-

359 5486 600 5568 χομένου
667 5485 867 5546 ἐκείνου
951 5486 1225 5548 Θεοδοσίου
1325 5486 1724 5568 γεγενημένων,
1773 5488 1848 5553 εἷς
1915 5487 2015 5545 ἐπ-

356 5577 521 5648 ήκοόν
546 5597 606 5634 τε
632 5575 729 5646 τῆς
777 5579 934 5654 ἡμῶν
988 5578 1335 5658 μετριότητος
1365 5578 1452 5638 καὶ
1483 5581 1588 5634 τῶν
1649 5573 2010 5656 συνεδριαζόν-

357 5685 466 5723 των
535 5669 670 5742 αὐτῇ
736 5666 1036 5746 ίερωτάτων
1110 5663 1516 5748 μητροπολιτῶν
1573 5665 2012 5744 ἀναγνωσθέντων

355 5755 457 5824 τὴν
487 5756 742 5836 σήμερον,
789 5758 817 5813 6
877 5754 1128 5826 δηλωθεὶς
1197 5756 1346 5821 οὗτος
1419 5752 1807 5834 μετροπολίτης
1851 5754 2010 5826 Σίδης

1927 3081 2052 3171 ἕνα

2065 2021 2200 2064 cum
2231 2002 2472 2064 sobrina
2527 2003 2733 2064 matris
2790 2021 2912 2065 suae
2961 2005 3296 2084 copuletur,
3350 2025 3468 2066 non
3517 2006 3717 2069 dirimi

2064 2091 2304 2172 quidem
2336 2092 2408 2152 ab
2442 2111 2624 2154 uxore
2653 2110 2780 2166 sua,
2835 2093 2886 2153 si
2937 2111 3147 2173 reapse
3179 2095 3323 2155 tales
3349 2095 3570 2175 nuptias
3590 2098 3715 2176 jam

2067 2187 2386 2240 contractae
2415 2178 2534 2240 sint
2563 2202 2574 2238 :
2632 2180 2822 2261 pomis
2873 2190 3069 2242 tamen
3100 2182 3314 2262 subjici
3349 2192 3464 2244 tam
3495 2185 3714 2265 ipsum,

2068 2285 2245 2346 quam
2279 2266 2590 2328 mulierem
2623 2268 2679 2329 ei
2736 2269 3088 2348 c0pulatam.
3143 2273 3466 2352 Propterea
3497 2274 3720 2336 litteras

2068 2355 2248 2416 hasce
2277 2354 2635 2431 scribentes,
2671 2357 3049 2419 sanctitatem
3087 2369 3242 2420 tuam
3296 2378 3632 2436 monemns,
3665 2372 3726 2423 ut

2069 2443 2482 2523 perscruteris,
2517 2463 2592 2505 an
2624 2445 2704 2506 ita
2732 2463 2798 2507 se
2827 2447 3042 2524 gradus
3083 2448 3457 2526 cognationis
3486 2451 3723 2531 habeat,

2069 2540 2132 2592 ut
2161 2531 2288 2612 ipse
2323 2543 2542 2607 narrat,
2580 2541 2637 2594 et
2666 2552 2740 2594 an
2773 2543 3029 2614 peractae
3058 2535 3177 2596 sint
3207 2536 3454 2616 nuptiae.
3489 2537 3657 2610 Quod
3677 2541 3729 2601 si

2067 2621 2376 2682 veritatem
2394 2621 2549 2683 haud
2576 2622 2757 2684 dubie
2779 2623 2865 2685 sic
2881 2642 2947 2685 se
2973 2624 3197 2686 habere
3227 2625 3724 2709 deprehenderis,

2073 2710 2516 2772 matrimonium
2552 2713 2792 2791 quidem
2824 2712 2886 2774 in
2917 2722 3070 2775 statu
3100 2733 3208 2776 suo
3257 2715 3564 2797 relinques
3595 2738 3612 2795 ;
3672 2727 3731 2778 at

2071 2817 2262 2880 pana
2285 2799 2570 2879 subjicies
2592 2809 2709 2862 tum
2735 2802 2954 2880 ipsum,
2984 2810 3104 2863 tum
3134 2803 3444 2865 mulierem
3471 2805 3526 2866 ei
3548 2824 3732 2886 copu-

2067 2889 2271 2968 latam,
2298 2888 2580 2949 nimirum
2606 2899 2721 2950 uta
2745 2889 2945 2951 carnis
2966 2909 3072 2952 esu
3113 2899 3231 2952 toto
3266 2890 3508 2954 biennio
3540 2905 3730 2956 semet

2068 2974 2430 3052 abstineant,
2473 2984 2530 3037 et
2591 2988 2799 3058 quarta
2853 2979 3174 3060 quintaque
3223 2980 3370 3043 feria
3423 3000 3499 3043 ne
3530 2983 3728 3044 vinum

2076 3065 2317 3144 quidem
2331 3064 2559 3128 bibant.
2581 3068 3031 3130 Communionis
3044 3077 3239 3130 tamen
3255 3070 3577 3151 participes
3589 3074 3728 3147 sint,

2079 3153 2173 3214 his
2195 3153 2477 3217 duntaxat
2499 3155 2734 3233 diebus,
2769 3157 2871 3237 qui
2900 3157 3156 3219 Domino
3186 3167 3326 3219 sunt
3352 3161 3529 3225 sacri.
3560 3159 3729 3223 Scias

2079 3241 2264 3324 enim,
2299 3243 2591 3323 ejusmodi
2623 3245 2856 3325 nuptias
2879 3246 3042 3326 prius
3071 3245 3338 3328 quidem,
3372 3267 3548 3329 quam
3579 3267 3730 3313 cou-

2079 3332 2410 3406 trahantur,
2444 3352 2560 3394 non
2591 3333 2846 3412 permitti
2876 3353 2891 3411 ;
2931 3343 3061 3416 post
3089 3353 3251 3412 vero,
3287 3355 3462 3417 quam
3494 3347 3732 3401 contra-

2077 3428 2190 3482 ctaa
2213 3420 2353 3497 sint,
2379 3440 2498 3482 non
2521 3422 2722 3484 dirimi
2744 3423 2985 3504 quidem
3011 3423 3163 3505 illas,
3191 3425 3300 3487 sed
3323 3426 3515 3506 poenis
3537 3437 3736 3490 tamen

2085 3508 2325 3590 subjici.
2357 3511 2746 3574 Attestaberis
2774 3521 2970 3574 autem
3034 3513 3307 3577 universo
3363 3514 3466 3577 tibi
3497 3517 3735 3582 subdito

2087 3599 2329 3679 populo,
2366 3607 2428 3659 ut
2459 3620 2590 3661 cum
2622 3602 3069 3662 matrimonium
3101 3603 3573 3667 contrahendum
3599 3608 3733 3683 erit,

2094 3687 2250 3767 quod
2271 3687 2512 3749 omnino
2535 3689 2806 3750 nonnihil
2837 3690 3234 3768 ambiguitatis
3266 3692 3470 3771 habet;
3506 3713 3736 3776 nequa-

2079 3795 2255 3857 quam
2289 3777 2512 3858 absque
2537 3780 2711 3857 jussu
2735 3787 2830 3840 tuo
2863 3779 3003 3858 quid
3034 3779 3271 3855 faciant,
3306 3781 3413 3842 sed
3440 3783 3514 3843 ad
3544 3787 3738 3864 pieta-

2081 3873 2202 3926 tem
2235 3873 2392 3927 tuam
2429 3866 2503 3927 de
2533 3867 2766 3946 negotio
2814 3867 3096 3929 referant.
3156 3871 3356 3948 Atque
3385 3870 3499 3931 hoc
3531 3872 3732 3948 modo,

2085 3954 2180 4017 vel
2208 3963 2270 4016 tu
2295 3956 2685 4038 quaastionem
2715 3957 2928 4028 solves,
2959 3956 3072 4038 vel,
3104 3957 3154 4018 si
3185 3957 3400 4020 dubius
3426 3959 3638 4038 haeres,
3663 3963 3737 4023 ad

2090 4061 2204 4106 nos
2255 4045 2528 4123 referes;
2608 4057 2667 4110 at
2694 4065 2786 4125 lue
2844 4045 2984 4107 hinc
3042 4045 3396 4128 rescriptum
3453 4049 3738 4131 accipies.

2093 4132 2381 4195 Siendum
2413 4153 2572 4210 vero,
2633 4138 2789 4216 quod
2851 4153 2988 4198 cum
3043 4134 3110 4210 ii,
3169 4135 3270 4216 qui
3323 4138 3575 4218 septimo
3607 4157 3742 4202 sese

2093 4222 2282 4302 gradu
2312 4224 2611 4286 affinitatis
2667 4224 2901 4287 ratione
2957 4225 3325 4307 contingunt,
3361 4225 3740 4291 matrimonio

2087 4312 2490 4391 capulantur:
2549 4313 2756 4376 eadem
2807 4332 2982 4396 poena
3023 4313 3087 4375 in
3135 4315 3254 4376 illis
3282 4334 3520 4397 quoque
3545 4316 3740 4380 locum

2090 4400 2208 4463 sint
2235 4402 2546 4476 habiturae.
2580 4423 2712 4485 quae
2731 4403 2846 4467 hoc
2866 4405 3108 4468 decreto
3133 4405 3605 4485 suntexpositaa;
3638 4407 3742 4470 sed

2028 4482 2070 4536 ³
2093 4490 2168 4553 ad
2200 4509 2386 4554 unum
2420 4482 2703 4556 duntaxat
2726 4511 2976 4558 annum.

2094 4595 2196 4662 Ill.
2231 4598 2566 4676 Synodales
2615 4603 3034 4682 responsiones
3085 4600 3166 4682 ad
3221 4601 3603 4681 interrogata
3631 4603 3743 4667 Si-

2658 4681 2859 4744 dénsis
2886 4681 3177 4762 episcopi

2179 4775 2566 4855 Posteaquam
2595 4774 2903 4836 decretum
2933 4773 3254 4855 quoddam,
3287 4790 3456 4836 sacro
3477 4787 3536 4838 et
3559 4775 3749 4857 impe-

2093 4861 2314 4922 ratorio
2337 4861 2509 4942 jussu
2539 4863 2973 4944 promulgatum
3005 4862 3081 4924 ab
3120 4862 3525 4926 illustrissimo
3557 4864 3743 4927 (luro-

2102 4950 2296 5031 palata
2325 4961 2385 5014 et
2413 4962 2731 5034 quaestore,
2763 4953 2984 5016 Basilio
3019 4951 3258 5032 l’ecule,
3304 4953 3378 5014 ad
3412 4952 3751 5035 interroga-

2100 5040 2298 5102 tiones
2329 5042 2519 5104 varias
2566 5041 2640 5103 ab
2670 5041 2846 5122 hujus
2877 5039 3160 5121 temporis
3189 5041 3565 5104 sancitssimo
3595 5041 3752 5104 Sidae

2102 5130 2564 5210 metropolitano
2587 5131 2939 5213 propositas,
2970 5129 3752 5212 dedonatioribusquorum-

2101 5217 2237 5280 dam
2268 5219 2557 5282 immobili
2567 5240 2690 5296 um,
2709 5221 2904 5301 deque
2929 5217 3318 5281 locationibus
3336 5227 3395 5280 et
3413 5220 3756 5302 emphyteu-

2103 5308 2293 5372 sibus.
2323 5317 2498 5390 atque
2529 5311 2710 5372 etiam
2759 5310 2835 5372 de
2879 5306 3302 5371 formularibus
3330 5309 3754 5373 donationibus

2099 5398 2337 5475 annuis,
2361 5399 2435 5460 ah
2457 5398 2650 5480 ipsius
2667 5401 3012 5476 decessore,
3037 5395 3374 5458 Theodosio
3394 5397 3498 5460 illo
3525 5409 3754 5462 metro-

2100 5487 2362 5570 politano
2393 5487 2672 5552 defuncto
2704 5487 2874 5551 factis
2913 5510 2930 5567 ;
2983 5485 3396 5548 mediocritate
3440 5495 3661 5564 nostra,
3699 5497 3758 5551 et

2097 5574 2159 5635 in
2189 5573 2445 5636 concilio
2471 5574 2872 5639 assidentibus
2901 5573 2958 5638 ei
2982 5571 3376 5638 sanctissimis
3405 5575 3758 5656 metropoli-

2096 5661 2254 5726 tanis
2282 5661 2694 5746 audientibus,
2728 5664 3021 5726 hodierno
3053 5662 3152 5724 die
3184 5661 3516 5741 perlectum
3549 5672 3707 5726 esset
3737 5681 3751 5727 :

2095 5751 2399 5817 indicatus
2429 5750 2586 5817 Sidae
2616 5751 3108 5834 metropolitanus
3137 5747 3375 5814 Nicetes
3403 5751 3666 5832 petebat,
3695 5772 3732 5816 u
