4130 6426
297 394 420 467 905

1643 390 2330 466 ϐΗιΕΟΟ-ΒΟΜΑΝΗΜ
2339 445 2352 460 .

3585 399 3710 473 906

287 532 636 613 μητρόπολιν
682 535 1042 616 χηρεύουσαν,
1086 536 1173 635 καὶ
1229 532 1314 592 διὰ
1369 535 1482 613 βίου
1539 541 1638 603 τῆς
1714 533 1944 601 τοιαύτη⁴

2049 543 2288 635 vacans,
2324 533 2648 635 translatus
2678 543 2837 635 asta
2890 537 3046 620 Papa
3077 538 3463 635 Corinthum,
3490 549 3710 635 metro-

294 622 529 703 προέστη
634 621 984 691 Ἐκκλησίας,
1093 621 1152 682 Ὀ
1259 624 1590 706 Ἀντιοχείας
1673 623 1957 687 ἐπίσκοπος

293 713 600 791 μετήγαγεν
661 713 734 778 εἷς
792 714 995 792 Ταρσὸν
1055 718 1155 782 τῆς
1221 713 1489 789 Κιλικίας,
1558 714 1798 771 Δοσίθεον
1866 713 1956 767 τὸν

295 801 609 869 Σελευκείας
667 801 977 865 ἐπίσκοπον.
1071 794 1302 868 Ῥεϐενὸς
1388 805 1699 876 ἐπίσκοπος,
1773 801 1956 882 ἅρχων

291 896 392 959 τῆς
421 893 674 960 Φοινίκης
699 889 879 966 59⁸60,
913 892 1166 969 μετετέθη
1194 895 1266 958 εἰς
1298 894 1483 974 Τύρον.
1537 894 1789 960 Ἰωάννης
1833 891 1955 947 ἐπί-

293 1001 496 1044 σκοπος
539 979 730 1061 Γόρδου
791 987 891 1049 τῆς
955 978 1163 1055 Λυδίας,
1236 982 1489 1059 μετετέθη
1551 984 1620 1062 εἰς
1665 982 1957 1062 Προικόνη-

295 1091 411 1132 σον.
448 1068 745 1136 Παλλάδιος
779 1063 991 1129 Ἐλένου
1018 1069 1072 1120 61
1114 1072 1422 1152 μετηνέχθη
1455 1074 1525 1138 εἰς
1574 1061 1848 1129 ’Ἄππωνα
1876 1069 1955 1133 69.

291 1156 633 1233 Ἀλέξανδρος
731 1152 1149 1228 ιΕλενουπόλεως
1213 1162 1521 1244 μετηνέχθη
1607 1164 1678 1226 εἷς
1764 1159 1957 1240 Ἀδρα-

295 1249 438 1312 νούς,
488 1247 762 1314 Θεοσέϐιος
790 1251 887 1320 τῆς
945 1251 1000 1307 ἐν
1052 1251 1209 1325 Ἀσίᾳ
1270 1252 1586 1333 Ἀπαμείας,
1651 1252 1957 1333 μετηνέχθη

296 1339 371 1404 εἷς
415 1337 845 1406 Εὖδοξιανόπολιν
896 1339 1190 1420 Καὶαϐρίας
1231 1331 1580 1418 καλουμένην
1610 1340 1695 1401 33.
1748 1331 1953 1400 ”Οπτί-

297 1449 444 1503 μιος,
503 1427 610 1484 ἀπὸ
666 1427 1042 1506 Γδαμάϐηςθι
1088 1433 1189 1497 τῆς
1226 1432 1476 1513 Φρυγίας,
1527 1431 1834 1513 μετηνέχθη
1880 1433 1952 1494 εἷς

297 1513 634 1598 Ἀντιόχειαν
710 1525 808 1586 τῆς
889 1519 1144 1586 Πισίδίας.
1233 1512 1525 1602 ’ἱεροφύλαξ
1609 1512 1950 1602 Τραπεζοπό-

294 1604 432 1672 λεως
485 1613 583 1676 τῆς
641 1610 895 1690 Φρυγίας,
941 1610 1250 1691 μετηνέχθη
1307 1613 1379 1670 εἰς
1425 1609 1832 1668 Πλουτινόπολιν
1889 1609 1955 1662 65

293 1695 392 1764 τῆς
451 1697 684 1776 Θρᾴκης.
759 1696 880 1756 Ἐπὶ
937 1706 1034 1767 τῆς
1093 1699 1363 1776 βασιλείας
1411 1702 1802 1758 Κωνστανείνου
1859 1711 1952 1762 τοῦ

295 1787 651 1864 Πωγωνάτου,
697 1794 804 1844 τῶν
851 1779 1160 1868 ’Λγαρηνῶν
1230 1791 1606 1869 κρατησάντων
1661 1790 1760 1859 τὴν
1839 1791 1949 1849 Κύ-

290 1897 447 1956 προν,
481 1874 633 1944 ἐδόθη
665 1879 699 1945 ἡ
745 1877 1074 1957 μητρόπολις
1123 1879 1340 1950 Κυζίκου
1396 1880 1486 1936 σὺν
1545 1893 1667 1944 ταῖς
1726 1880 1949 1938 ἐπισκο-

293 1977 427 2030 πατς
469 1969 632 2034 αὐτῆς
675 1973 751 2042 τῷ
807 1966 1214 2048 ἀρχιεπισκόπῳ
1272 1969 1504 2049 Κύπρου.
1551 1970 1696 2028 Μετὰ
1741 1967 1795 2025 δὲ
1851 1973 1949 2039 τὴν

293 2051 526 2130 ἑϐδόμην
552 2053 792 2130 σύναδον,
826 2056 910 2113 ἐπὶ
957 2063 1058 2125 τῆς
1118 2056 1386 2134 βασιλείας
1445 2059 1694 2140 Εἰρήνης,
1744 2059 1946 2140 παρόν-

290 2164 400 2198 των
469 2145 556 2200 καὶ
638 2142 952 2225 ἀρχιερέων,
1030 2146 1272 2225 Ἀριανού
1350 2146 1502 2202 πάπα
1575 2137 1782 2224 Ῥώμης
1823 2137 1948 2205 Ὕδιὰ

289 2235 698 2313 τοποτηρητῶν,
770 2237 863 2291 τοῦ
936 2233 1352 2316 Ἀλεξανδρείας,
1409 2242 1504 2292 τοῦ
1588 2233 1942 2317 Ἀντιοχείας,

288 2323 380 2378 καὶ
437 2321 650 2380 πολλῶν
707 2322 1138 2406 μητροπολιτῶν,
1199 2325 1346 2400 ἑῴων
1405 2346 1462 2380 τε
1521 2326 1610 2382 καὶ
1665 2327 1943 2406 ἐσπερίων,

287 2409 374 2467 διὰ
429 2412 527 2482 τὴν
577 2416 908 2494 χειροτονίαν
967 2414 1060 2472 τοῦ
1117 2416 1450 2496 πατριάρχου
1511 2425 1945 2474 Κωνσταντινου-

287 2499 498 2568 πόλεως
569 2504 826 2583 Ταρασίου
880 2505 975 2561 τοῦ
1033 2502 1496 2584 Πρωτοσεϐαστοῦ,
1570 2503 1784 2584 γέγονεν
1843 2507 1944 2563 ὑπὸ

290 2591 506 2648 πάντων
579 2593 914 2674 πατριάρχης
972 2591 1362 2674 Ἀλεξανδρείας
1431 2596 1466 2662 ἡ
1544 2593 1942 2672 μητροπολίτης

291 2680 713 2757 Θεσσαλανίκης,
759 2681 830 2748 ὥς
886 2705 1016 2762 φησι
1075 2683 1348 2764 Θεοφάνης
1408 2685 1434 2740 6
1487 2683 1854 2762 ὁμολογητὴς,
1914 2688 1941 2742 6

290 2769 738 2850 μεγαλοαγρίτης.
807 2770 1151 2852 Πολύκαρπος
1218 2773 1680 2853 Δεξανταπριστῶν
1725 2770 1791 2822 66
1844 2776 1942 2841 τῆς

287 2859 511 2942 Μυσίας,
544 2859 864 2942 Μετηνέχθη
908 2862 982 2924 εἰς
1028 2860 1312 2920 Νικόπολιν
1371 2867 1471 2929 τῆς
1532 2862 1762 2942 Θρᾴκης.
1823 2860 1943 2920 Ἐπὶ

285 2955 387 3018 τῆς
431 2949 697 3027 βασιλείας
743 2950 1014 3008 Βασιλείου
1068 2961 1160 3012 τοῦ
1203 2950 1527 3023 Μακεδόνος,
1589 2951 1858 3019 Βασίλειος
1914 2957 1958 3010 ὁ·

289 3040 504 3118 Κρήτης
564 3039 818 3115 μετετέθη
875 3042 949 3104 εἰς
1025 3039 1414 3108 Θεσσαλονίκην
1476 3043 1619 3122 παρὰ
1689 3040 1941 3121 Ἰγνατίου

287 3131 640 3212 πατριάρχου,
714 3133 787 3196 ὡς
859 3131 1154 3211 γέγραπται
1214 3132 1266 3188 ἐν
1325 3139 1401 3207 τῷ
1469 3133 1567 3210 βίῳ
1621 3142 1715 3191 τοῦ
1784 3137 1941 3193 αὐτοῦ

2042 617 2222 716 polim
2256 623 2714 716 tu‘nc_episcopo
2745 617 3375 716 viduata'm,quamque
3405 630 3508 693 diu
3539 631 3706 716 vixit,

2041 706 2357 800 ei_pra_fuit
2387 712 2694 776 Ecclesia.
2731 706 3142 778 Antiochenus
3171 706 3490 800 episcopus
3507 706 3704 785 trans-1

2040 795 2170 857 tulit
2224 797 2477 862 Tarsum
2536 801 2759 865 Cilicia
2831 804 3178 868 Dositheum
3212 795 3704 874 'Sele'uciensem

2040 884 2412 968 epi5c0pum.
2460 889 2743 954 Hebenus
2792 893 3110 976 episcopus
3137 898 3186 977 δ,
3217 915 3351 958 cum
3382 899 3705 964 Phanicia

2044 980 2684 1072 praess_et,translatus
2715 989 2803 1044 est
2827 983 3065 1062 Tyrum.
3091 984 3358 1048 Joannes
3390 991 3704 1072 episcopus

2044 1061 2226 1125 Gordi
2255 1065 2470 1147 Lydia,
2508 1070 2824 1133 translatus
2879 1061 2970 1135 est
3019 1061 3466 1140 Proeconesum.
3502 1061 3700 1142 Palla-

2042 1151 2177 1248 dius
2207 1155 2802 1248 episcoppsHeleni,
2867 1163 3183 1224 translatus
3243 1172 3332 1227 est
3359 1167 3698 1248 Apponem.

2041 1241 2382 1307 Alexander
2438 1246 2968 1330 Helenopolitanus
3029 1253 3304 1315 traslatus
3359 1241 3698 1321 est-Adra-

2042 1350 2148 1392 nos
2179 1350 2220 1425 c_.
2285 1333 2658 1400 Theosebius
2717 1340 3037 1420 episcopus
3084 1345 3370 1423 Apamea
3416 1345 3478 1407 in
3534 1347 3697 1425 Asia,

2039 1421 2355 1510 translatus
2387 1435 2474 1487 est
2495 1425 3027 1510 Eudoxianopolim
3053 1421 3339 1494 Calabria
3357 1442 3625 1498 vocatam
3641 1421 3696 1502 d.

2035 1507 2312 1600 Optimus
2341 1534 2374 1575 a
2405 1514 2708 1578 Gdamaba
2737 1507 3066 1600 ePhrygia,
3105 1523 3423 1586 translatus
3449 1533 3538 1586 est
3565 1528 3698 1590 An-

2037 1598 2326 1697 tidchiam
2352 1604 2646 1697 Pisidiaa
2677 1598 3076 1688 Hierophylax
3134 1610 3451 1693 episcopus
3479 1612 3701 1697 Trape-

2036 1691 2260 1788 {opolis
2311 1693 2399 1788 in_
2430 1694 2713 1775 Phrygia,
2781 1697 3097 1788 translatus
3139 1691 3228 1762 est
3276 1691 3696 1788 Plotinopolim

2035 1779 2323 1844 Thracia.
2376 1785 2716 1866 Imperante
2770 1785 3156 1850 Constantino
3214 1779 3695 1864 Barbatofcum

2035 1870 2581 1966 agareni-Cyprum
2615 1883 3023 1966 occupassent,
3075 1876 3216 1941 (lata
3264 1888 3356 1942 est
3388 1890 3692 1966 metropo-

2033 1957 2106 2056 lis
2138 1961 2348 2056 Cyzici,
2385 1982 2517 2024 cum
2570 1964 3015 2056 episcopalibus
3057 1967 3207 2048 ejus,
3241 1957 3691 2056 archiepisc6po

2031 2051 2227 2144 gypri.
2264 2053 2407 2116 Post
2437 2053 2750 2144 septimam
2786 2072 2923 2117 vero
2954 2058 3266 2137 synodum,
3296 2058 3405 2121 sub
3435 2051 3690 2144 imperio

2030 2139 2242 2235 I_rena,
2278 2141 2670 2235 praesentibus
2702 2151 2761 2205 et
2790 2143 3190 2235 pontiﬁcibus,
3244 2147 3506 2212 Adriano
3523 2139 3690 2235 'papa

2030 2227 2300 2290 Romano
2330 2249 2437 2312 per
2462 2231 2656 2293 locum
2689 2240 2986 2310 tenentes,
3021 2234 3448 2314 Alexandrino,
3474 2227 3688 2304 Antio-

2031 2315 2246 2394 cheno,
2285 2320 2604 2402 multisque
2635 2322 3130 2403 metropolitanis,
3156 2332 3271 2386 tam
3286 2323 3690 2393 Orientalibus

2029 2423 2207 2496 quam
2242 2408 2728 2474 Uccidentalibus
2759 2410 2833 2472 ob
2866 2411 3306 2476 ordinationem
3338 2417 3690 2496 patriarcha

2029 2494 2664 2580 Constantinopolitani
2742 2498 2995 2572 Tararii,
3059 2502 3226 2582 prius
3281 2494 3688 2570 Protosebasti

2026 2583 2214 2647 factus
2264 2595 2354 2648 est
2409 2588 2481 2648 ab
2542 2587 2824 2650 omnibus
2881 2589 3278 2654 Alexandrius
3326 2593 3684 2673 patriarcha,

2025 2673 2125 2752 qui
2157 2673 2713 2739 Thessalonicensis
2768 2684 2896 2739 erat
2955 2679 3476 2760 metropolitanus,
3533 2684 3692 2749 sicut

2026 2772 2232 2855 narrat
2288 2766 2683 2855 Theophanes
2735 2767 3066 2850 confessor,
3128 2788 3380 2850 magnus
3411 2770 3513 2834 ille
3541 2774 3690 2855 Agri

2028 2852 2363 2944 praefectus.
2449 2854 2810 2938 Polycarpus
2897 2857 3211 2939 episcopus
3289 2852 3686 2944 Dexantapri-

2027 2943 2244 3005 stensis
2271 2945 2940 3025 {inzMysiaJranslatus
2988 2955 3077 3008 est
3114 2945 3445 3031 NicOpolim
3489 2943 3685 3014 Thra-

2025 3031 2153 3094 cia.
2188 3032 2527 3124 Imperante
2575 3035 2795 3098 Basilio
2848 3035 3189 3113 Macedone,
3249 3038 3504 3103 Basilius
3553 3043 3686 3124 epi-

2024 3137 2240 3202 scopus
2298 3122 2596 3186 Cretensis
2651 3124 2974 3188 translatus
3049 3135 3138 3189 est
3194 3122 3680 3193 Thessalonicam

287 3211 564 3299 ’vaatlou,
612 3217 864 3288 Ἰωάννης
918 3221 1016 3289 τῆς
1102 3227 1282 3298 Βαϊμᾶ
1339 3219 1626 3287 ἐπίσκοπος
1685 3223 1940 3298 μετετέθη

2028 3211 2098 3273 ab
2130 3211 2358 3290 Ignatio
2403 3213 2764 3295 patriarcha,
2823 3215 2976 3276 sicut
3034 3215 3096 3277 in
3145 3217 3416 3297 ejusdem
3469 3221 3684 3298 lgnatii

285 3310 359 3374 εἷς
418 3306 808 3389 Ἀλεξάνδρειαν
891 3310 1229 3390 πατριάρχης
1310 3312 1398 3367 ἐπὶ
1485 3316 1583 3379 τῆς
1668 3310 1937 3388 βασιλείας

284 3399 507 3462 Λέοντος
590 3405 684 3456 τοῦ
765 3397 1088 3479 Φιλοσόφου,
1174 3401 1262 3456 καὶ
1344 3399 1548 3457 Φωτίου
1605 3401 1936 3482 πατριάρχου

283 3489 572 3569 Γρηγόριος
655 3487 940 3553 ἐπίσκοπος
1045 3489 1435 3569 Συρακουσίων,
1522 3489 1776 3566 μετετέθη
1862 3494 1934 3556 εἰς

283 3579 524 3659 Νίκαιαν,
599 3579 698 3636 Καὶ
755 3575 1008 3644 Ἰωάννης
1072 3578 1361 3657 Λαρίσσης,
1426 3577 1679 3654 μετετέθη
1737 3581 1810 3644 εἰς
1868 3581 1934 3636 τὰ

278 3665 506 3730 Σύναδα.
553 3666 649 3724 Ταὶ
707 3663 1062 3746 Ἀμφιλόχιος
1133 3667 1375 3748 Κυζίκου,
1438 3669 1507 3733 εἷς
1565 3667 1812 3730 Νίκαιαν.
1874 3661 1931 3728 Ὀ

281 3757 504 3836 Μάκρης
555 3753 821 3836 Θεόδωρος
882 3755 1136 3832 μετετέθη
1182 3758 1253 3822 εἰς
1297 3754 1626 3818 Λαοδίκειαν.
1679 3758 1775 3816 Καὶ
1833 3760 1932 3816 Νί-

277 3867 388 3902 κων
441 3847 540 3912 τῆς
611 3846 774 3912 αὐτῆς
851 3844 1058 3910 πόλεως
1127 3844 1440 3919 ἐπίσκοπος,
1518 3845 1772 3920 μετετέθη
1857 3847 1930 3912 εἷς

279 3925 595 4014 ἰεράπολιν,
645 3935 742 3991 Καὶ
785 3936 813 3990 6
870 3939 970 4002 τῆς
1013 3933 1066 3990 ἐν
1127 3925 1336 4014 Ἐλλάδι
1394 3933 1736 3998 Νικοπόλεως
1809 3934 1929 3992 ἐπί-

275 4011 474 4087 σκοπος
534 4021 757 4105 Δανιὴλ,
820 4022 1074 4099 μετετέθη
1133 4025 1204 4087 εἷς
1263 4011 1540 4102 ’Ἄγκυραν
1598 4024 1695 4091 τῆς
1749 4024 1930 4082 Γαλα-

274 4114 412 4178 τίας.
447 4113 545 4172 Καὶ
596 4114 814 4190 Συμεὼν
871 4115 898 4170 6
958 4112 1104 4172 Νέων
1159 4119 1378 4191 Πατρῶν
1421 4112 1732 4189 ἐπίσκοπος,
1797 4136 1928 4191 μετ-

273 4202 426 4270 ετέθη
479 4203 551 4266 εἷς
612 4200 940 4263 Λαοδίκειαν.
1004 4201 1126 4260 Ἐπὶ
1180 4207 1276 4269 τῆς
1323 4200 1587 4278 βασιλείας
1661 4193 1930 4280 Ῥωμανοῦ

2020 3303 2152 3364 Vita
2169 3303 2454 3384 scriptum
2489 3303 2866 3368 est.Joannes
2891 3305 3210 3388 episcopus
3228 3307 3679 3386 Baima,trans-

2019 3391 2167 3453 latus
2199 3401 2288 3454 est
2317 3393 2762 3466 Alexandriam,
2813 3403 2879 3456 ut
2934 3404 3092 3458 esset
3149 3397 3508 3478 patriarcha,
3568 3399 3678 3462 sub

2017 3482 2270 3563 imperio
2301 3483 2516 3545 Leonis
2559 3483 2928 3564 Philosophi,
2965 3492 3023 3546 et
3069 3483 3263 3569 Photii
3295 3487 3676 3568 patriarcha.

2016 3569 2335 3648 Gregorius
2392 3573 2707 3653 episcopus
2759 3571 3182 3654 Syracusanus,
3239 3577 3557 3640 translatus
3588 3586 3680 3641 est

2015 3659 2298 3722 Nicaam.
2361 3660 2434 3722 Et
2483 3663 2744 3724 Joannes
2803 3662 3176 3738 Larissenus,
3241 3665 3560 3728 translatus
3588 3676 3679 3730 est

2016 3748 2270 3829 Synada.
2331 3749 2402 3811 Et
2460 3749 2920 3832 Amphilochius
2977 3753 3327 3832 Cyzicenus,
3386 3752 3670 3816 Nicaam.

2012 3837 2342 3920 Episcopus
2374 3842 2586 3903 Macra
2643 3839 3018 3916 Theodorus,
3049 3840 3367 3903 translatus
3397 3851 3484 3904 est
3515 3845 3669 3908 Lao-

2012 3928 2267 3992 diceam.
2325 3928 2396 3990 Et
2456 3928 2725 4009 ejusdem
2801 3927 3054 3992 civitatis
3128 3930 3442 4012 episcopus
3497 3931 3668 4010 Nico,

2016 4017 2338 4110 translatus
2371 4025 2460 4079 est
2489 4017 2880 4110 Hierapolim.
2917 4019 2990 4080 Et
3010 4019 3072 4080 in
3111 4018 3336 4082 Gracia
3357 4021 3482 4083 sita
3501 4019 3672 4110 Nico-

2015 4107 2168 4186 polis
2193 4105 2513 4188 episcopus
2542 4105 3099 4182 Daniel,translatus
3121 4115 3210 4170 est
3229 4112 3521 4190 Ancyram
3547 4105 3670 4174 Ga-

2014 4195 2188 4258 latia.
2223 4195 2293 4256 Et
2313 4194 2556 4258 Simeon
2577 4193 2999 4276 Neopatrensis
3030 4197 3370 4280 episcopus,
3407 4198 3668 4262 transla-

269 4300 361 4350 τοῦ
405 4298 751 4372 Λακαπηνοῧ,
822 4291 1031 4372 ἐγένετο
1087 4292 1426 4372 πατριάρχης
1489 4303 1923 4350 Κωνσταντινου-

2028 4293 2106 4346 ius
2140 4291 2228 4346 est
2258 4286 2632 4350 Laodiceam.
2668 4284 3006 4366 Imperante
3040 4285 3305 4348 Romano
3331 4287 3664 4372 Lacapeno,

269 4381 482 4447 πόλεως
526 4381 792 4462 Στέφανος
837 4382 1113 4462 εὐνοῦχος,
1169 4384 1196 4438 6
1245 4379 1530 4458 ’Λμασείας
1587 4381 1922 4460 μητροπολί-

2028 4381 2196 4436 'actus
2253 4383 2342 4437 est
2391 4373 2724 4456 patriarcha
2776 4375 3469 4456 Constantinopolitanus
3529 4375 3665 4440 Ste-

269 4477 393 4539 τῆς.
457 4472 554 4529 Καὶ
611 4473 640 4527 6
695 4469 930 4548 ἀοίδιμος
985 4469 1230 4548 βασιλεὺς
1306 4478 1461 4550 κῦρος
1534 4471 1832 4552 Νικηφόρος
1895 4475 1923 4530 δ

2028 4465 2246 4527 )hanus
2298 4465 2630 4546 eunuchus,
2686 4467 2960 4528 Amasea
3027 4466 3544 4556 metropolitanus.
3594 4467 3666 4531 Et

270 4565 488 4641 Φωκᾶς,
535 4559 641 4616 ἀπὸ
667 4565 768 4628 τῆς
823 4557 1127 4636 Φλαμιάδος
1153 4558 1218 4610 67
1259 4561 1475 4640 ἂγαγὼν
1505 4561 1595 4616 τὸν
1637 4558 1923 4619 ἐπίσκοπον

2032 4555 2258 4635 nclytus
2281 4554 2604 4636 imperator
2631 4553 2758 4625 ille,
2786 4554 3066 4617 dominus
3093 4555 3469 4635 Nicephorus
3501 4555 3662 4617 Pho-

270 4649 572 4730 Εὖστάθιον,
645 4655 797 4726 κοινῇ
873 4649 1038 4730 ψήφῳ
1093 4649 1310 4717 ἐποίησε
1381 4649 1722 4730 πατριάρχην
1793 4647 1923 4707 Ἀν-

2028 4643 2482 4720 :as,Phlamiade
2504 4641 2870 4704 sdeductum
2891 4642 3260 4706 Eustathium
3286 4644 3660 4724 episcopum,

269 4740 506 4818 τιοχείας
563 4743 662 4806 τῆς
706 4738 973 4818 μεγάλης.
1019 4738 1142 4796 Ἐπὶ
1192 4744 1289 4808 τῆς
1338 4737 1606 4816 βασιλείας
1651 4738 1923 4797 Βασιλείου

2028 4734 2308 4795 :ommuni
2337 4733 2584 4794 deereto
2634 4730 3033 4811 patriarcham
3083 4750 3312 4810 magna
3337 4731 3499 4794 illius
3528 4733 3660 4796 An-

266 4834 358 4884 τοῦ
391 4830 882 4909 Πορφορογεννήτου
937 4825 1090 4896 ἐδόθη
1146 4836 1224 4904 τῷ
1278 4825 1645 4908 μητροπολίτῃ
1702 4833 1920 4908 Πατρῶν

2028 4823 2240 4885 iochia
2266 4822 2428 4884 fecit.
2455 4823 2791 4901 Imperante
2819 4819 3040 4883 Basilio
3073 4821 3134 4909 in
3172 4821 3468 4902 porphyra
3495 4830 3658 4898 nato,

264 4918 300 4986 ἡ
345 4908 610 4985 ἐπισκοπὴ
646 4918 912 4997 Κορίνθου,
945 4919 1020 4981 ὡς
1075 4918 1263 4998 γράφει
1333 4920 1361 4974 6
1407 4914 1719 4980 Σεϐαστείας
1781 4919 1918 4975 Θεό-

2028 4913 2172 4973 latus
2203 4919 2293 4973 est
2324 4909 2781 4990 metropolitano
2831 4908 3104 4998 Patrensi
3147 4909 3525 4991 episcopatus
3555 4910 3664 4974 Co-

263 5005 453 5086 δωρος,
493 5008 580 5064 καὶ
611 5007 757 5065 Λέων
794 5005 1060 5068 Συνάδων.
1106 4997 1226 5064 Ἐπὶ
1268 5013 1365 5074 τῆς
1415 5007 1578 5074 αὐτῆς
1623 5005 1914 5088 βασιλείας,

2028 5001 2282 5076 πὶηιῑιίυε,
2313 5009 2376 5062 ut
2394 4999 2601 5062 scribit
2626 4999 2939 5088 episcopus
2961 4997 3264 5088 Sebastea
3280 4998 3660 5088 Theodorus.

263 5094 399 5149 κατὰ
439 5094 538 5162 τὴν
594 5093 686 5152 τοῦ
741 5093 984 5174 Σκληροῦ
1027 5095 1376 5172 ἀποστασίαν,
1421 5097 1493 5161 ὡς
1539 5095 1725 5175 γράφει
1772 5099 1799 5153 6
1829 5087 1919 5156 αὖὲ

2028 5092 2075 5153 Et
2109 5095 2220 5153 Leo
2249 5089 2631 5171 Synadensis.
2652 5087 2772 5150 Sub
2807 5087 3076 5168 ejusdem
3101 5087 3660 5171 imperio,tempore

260 5183 352 5247 τὸς
414 5182 703 5263 Θεόδωρος,
782 5181 1036 5263 Ἀγάπιος
1088 5186 1116 5241 6
1173 5182 1480 5248 Σελευκείας
1549 5185 1647 5250 τῆς
1706 5186 1915 5266 Πιερίας

2028 5179 2352 5245 Γείεοιὶοηὶε
2382 5178 2588 5255 Scleri,
2621 5179 2774 5240 sicut
2809 5178 2970 5240 idem
3002 5176 3104 5239 ille
3136 5176 3489 5241 Theodorus
3524 5198 3656 5242 me-

1585 5349 1842 5416 VARIAE
1885 5351 2326 5419 LECTIONES.

337 5468 424 5533 ⁵9.
454 5468 519 5522 60
549 5459 896 5551 Ῥεϐερέντιος
945 5471 1230 5535 ἐπίσκοπος
1273 5471 1379 5528 ἀπὸ
1409 5470 1582 5603 ἆρῦκῶν
1613 5476 1712 5538 τῆς
1743 5473 2005 5552 φοινίκης.
2037 5471 2092 5521 6¹
2143 5463 2590 5533 Ἐλενουπόλεως.
2615 5466 2681 5518 62
2733 5468 3046 5528 ’Λσπώναν.
3103 5465 3170 5518 63
3229 5464 3384 5535 Εὗδοξ
3412 5466 3654 5544 οὖνπολιν,

341 5548 557 5603 λαϐοίαν
599 5551 958 5603 καλουμένην,
988 5550 1054 5601 64
1081 5550 1393 5603 ’Λνδαιιίαε-
1534 5549 1932 5603 Πλωτινόπολιν
2013 5552 2081 5603 66
2107 5551 2159 5603 ἐξ
2189 5552 2582 5603 ἆνταποιστῶν.
2619 5548 2682 5599 ϐἾ
2724 5546 3044 5603 Φλαϐιάδοε-

257 5548 557 5631 Σαλαϐρίαν
599 5546 958 5629 καλουμένην,
988 5550 1054 5601 64
1081 5550 1394 5630 Ἀγδαμίας.
1437 5546 1502 5603 65
1534 5546 1956 5617 Πλωτινόπολιν,
2013 5552 2081 5604 66
2107 5551 2161 5618 ἐξ
2189 5552 2582 5630 ἆνταπριστῶν.
2619 5548 2682 5599 67
2724 5546 3044 5615 Φλαϐιάδος,

333 5649 478 5739 υκαι.
513 5656 904 5739 Reverentius
929 5659 1244 5739 episcopus
1270 5654 1554 5739 ab‘Arcis
1585 5655 1934 5736 Phoenicia,
1962 5667 2016 5723 et
2046 5666 2176 5724 cat.
2210 5665 2234 5696 ε
2259 5656 2535 5739 Aspong.
2566 5651 2593 5694 (³
2621 5654 3117 5739 Eudoxiopolim,
3177 5672 3314 5738 qua
3369 5653 3657 5721 Salabria

255 5737 506 5802 dicitur.
539 5765 563 5797 ο
590 5739 679 5802 al.
712 5738 791 5801 ab
818 5735 1144 5819 Agddmz‘aI
1176 5737 1306 5811 τοι.
1339 5735 1716 5818 Polycarpm
1743 5752 1822 5803 ex
1849 5741 2220 5823 Antaprt'stis
2249 5755 2279 5798 κ
2308 5735 2394 5800 at.
2425 5735 2735 5802 Flavtade.

707 5872 972 5936 PATROL.
1019 5870 1130 5937 Gn.
1177 5871 1386 5934 CXIX.
3061 5867 3163 5935 29.
