4130 6440
469 437 588 505 907

1830 441 1863 503 J
1868 439 1963 502 US
2009 431 2460 504 CANONICUM

3756 432 3882 500 908

475 574 684 639 moria;
712 572 930 656 prodit,
957 572 1218 653 Agapius
1267 572 1756 653 archiepiscopus
1800 568 2123 647 Seleuceae,

2213 568 2664 661 épxisnlcxortoc,
2757 576 2941 655 γέγονε
3038 576 3379 656 πατριάρχης
3466 565 3871 653 Ἰεροσολύμων.

479 662 732 726 civitatis
761 663 820 724 in
854 662 1053 725 Pieria
1080 662 1429 737 silze,factus
1470 669 1561 725 est
1582 661 2127 742 Hierosolymorum

477 754 815 836 patriarcha
847 771 861 816 :
897 752 1000 834 qui
1048 753 1204 814 hanc
1254 751 1318 813 in
1347 751 1558 814 urbem
1591 751 1914 831 profectus,
1950 748 2127 811 mini-

475 843 721 906 sterium
755 861 988 905 sacrum
1040 839 1227 903 obivit
1276 860 1393 901 una
1445 859 1580 901 cum
1611 839 1955 902 beatissimo
1984 844 2126 899 san-

474 933 860 1014 ctissimoque
893 930 1246 1012 patriarcha,
1308 928 1549 991 domino
1598 928 1869 1006 Nicolao,
1904 939 2121 993 etcum

471 1040 642 1085 sacra
684 1021 933 1104 synodo.
974 1018 1308 1084 Celestinus
1365 1037 1513 1100 papa
1559 1017 1861 1080 Romanus
1917 1018 2127 1081 scribit

475 1110 741 1192 episrolis
772 1108 965 1170 tribus
991 1108 1063 1170 ad
1101 1106 1379 1188 Cyrillum
1410 1107 1899 1184 Alexandrinum,
1938 1106 2128 1170 Joan-

477 1219 614 1263 nem
634 1196 1315 1270 Antiochenum,Rufum
1334 1195 2129 1272 Thessalonicensem,nullo

480 1288 659 1351 modo
690 1286 1020 1373 canonibps
1061 1284 1360 1348 adversari
1421 1285 1864 1348 translationem
1897 1285 2130 1367 episco-

477 1399 717 1463 porum,
781 1379 855 1441 ab
914 1397 1030 1440 una
1079 1377 1313 1463 civitate
1359 1377 1421 1438 in
1467 1376 1669 1454 aliam,
1735 1378 2128 1458 quemadmo-

479 1448 622 1533 dum
654 1448 964 1532 Sbaomeni
985 1448 1143 1529 ﬁlius
1162 1466 1435 1529 Hermias
1481 1466 1583 1528 ait.
1612 1448 1840 1549 Quippe
1860 1468 2130 1548 migratio

478 1559 774 1641 prohibita
805 1567 895 1620 est
922 1576 972 1637 h,
1006 1574 1127 1618 non
1180 1555 1505 1618 translatio.
1566 1554 1814 1618 Sivanus
1870 1557 1974 1619 ille
2022 1556 2129 1618 mi-

468 1648 809 1712 raculorum
843 1646 1037 1728 opifex
1066 1664 1101 1708 a
1128 1645 1526 1727 Philippopoli
1570 1643 1839 1708 Thracia
1867 1647 2123 1708 transla-

471 1746 569 1802 tus
598 1747 689 1800 est
718 1737 1033 1800 Troadem.
1069 1734 1373 1798 Eudoxius
1409 1733 1784 1797 Antiochiam
1809 1736 2127 1797 translatus

471 1847 542 1891 ex
573 1826 946 1900 Germanica,
1001 1823 1189 1887 factus
1245 1833 1336 1887 est
1365 1824 1541 1886 etiam
1576 1823 1911 1904 patriarcha
1970 1826 2121 1888 Con-

470 1915 1054 1996 stantinopolitanus.
1105 1912 1365 1976 Joannes
1407 1912 1746 1976 Codonatus
1777 1932 1812 1975 a
1870 1915 2126 1995 patriar-

473 2006 651 2067 chatu
710 2021 940 2083 magnae
986 2003 1149 2063 illius
1205 2001 1535 2064 Antiochiae
1594 2003 1908 2066 translatus
1937 2004 2125 2066 estad

470 2093 849 2175 metropolim
881 2091 1207 2154 Torensem
1238 2093 1271 2154 ί.
1319 2090 1555 2171 Aliique
1609 2091 1807 2171 plures
1856 2093 1929 2154 ad
1982 2094 2127 2155 alias

470 2192 645 2266 atque
675 2183 843 2246 alias.
874 2180 942 2243 In
974 2180 1188 2243 diebus
1244 2189 1443 2242 autem
1495 2180 1683 2243 sancti
1716 2183 1909 2245 Patris
1942 2188 2123 2245 nostri

466 2270 692 2335 Nicetaa
734 2271 1085 2353 patriarchas
1111 2269 1769 2351 Constantinopolitani,
1801 2273 2125 2336 monachus

467 2362 572 2424 ille
595 2360 987 2424 Pentactenes
1010 2366 1068 2421 et
1096 2358 1415 2439 Pentailas,
1466 2358 1727 2441 primum
1759 2380 1792 2422 a
1849 2362 2122 2424 Rosianis

470 2452 790 2515 translatus
837 2458 930 2511 est
997 2448 1071 2511 ad
1139 2448 1659 2530 archiepiscopum
1736 2448 2049 2513 Lemnium
2101 2473 2115 2514 :

472 2541 692 2604 deinde
720 2538 859 2601 data
878 2546 967 2601 est
982 2538 1158 2600 etiam
1178 2538 1235 2600 ei
1259 2540 1897 2620 MaroneaJmperante
1913 2541 2120 2604 Alexio

472 2627 801 2701 Comneno,
854 2625 1040 2689 Sahas
1108 2628 1425 2708 episcopus
1497 2629 1780 2690 Caesareae
1835 2630 2118 2711 Philippi,

473 2719 662 2781 factus
717 2725 808 2780 est
874 2714 1420 2796 Hierosolymorum
1505 2717 1839 2797 patriarcha
1895 2728 1954 2782 et
2006 2721 2121 2782 huc

469 2808 791 2889 prolectus,
842 2804 1030 2868 obivit
1082 2805 1474 2866 ministerium
1528 2802 1771 2869 Sacrum
1821 2827 1938 2871 una
1985 2829 2118 2872 cum

472 2900 847 2963 sanctissimo
869 2897 1206 2980 patriarcha
1234 2895 1498 2973 Nicolao,
1531 2906 1587 2961 et
1632 2900 1878 2980 synodo.
1940 2901 2121 2964 Nico-

471 2990 601 3053 laus
628 2988 874 3064 Muzalo,
911 3006 1045 3050 cum
1099 2994 1226 3048 erat
1279 2986 1765 3068 archiepiscopus
1791 2987 1984 3070 Cypri,
2018 3009 2121 3054 re-

470 3079 766 3143 nuntiavit
794 3078 850 3140 ei
878 3078 1093 3139 throno
1131 3098 1144 3137 :
1176 3077 1429 3157 dataque
1487 3084 1576 3138 est
1618 3077 1674 3137 ei
1724 3079 1954 3141 mansio
1986 3079 2123 3143 Cos-

474 3168 770 3251 midii,cui
800 3165 1037 3249 praafuit
1064 3165 1314 3229 annis...
1360 3165 1580 3227 deinde
1609 3165 1796 3228 factus
1824 3177 1914 3230 est
1943 3169 2121 3232 etiam

2236 670 2306 724 Ος
2338 661 2584 720 εἰσελθὼν
2627 664 2865 741 ἐνταῦθα,
2924 665 3388 744 συνελειτούργησε
3442 670 3520 738 τῷ
3590 682 3871 741 μακαριω-

2210 748 2357 825 τάτῳ
2414 753 2502 808 καὶ
2558 754 3205 835 &th1¢ittprﬂatpta'pxn
3266 760 3408 834 κυρῷ
3465 749 3736 824 Νικολάῳ,
3780 750 3872 806 καὶ

2207 842 2274 913 τῇ
2304 840 2415 916 ἷερᾷ
2463 839 2686 915 συνόδῳ.
2747 832 2804 900 Ὀ
2852 832 3063 919 εΡώμης
3096 832 3294 905 -πάπας
3335 832 3680 900 γΚαλεο-τϊνος
3727 857 3867 916 γρα-

2205 947 2290 1007 φει
2334 925 2402 983 δι’
2449 930 2739 989 ἐπιστολῶν
2795 940 2961 1011 τριῶν
3015 933 3144 1013 πρός
3218 952 3274 989 τε
3315 931 3407 986 τὸν
3475 924 3866 1013 Ἀλεξανδρείας

2211 1015 2485 1095 Κύριλλον,
2573 1007 2840 1089 Ἰωάννην·
2910 1023 3000 1079 τὸν
3058 1007 3444 1100 ”Αντιοχείας,
3516 1018 3603 1073 καὶ
3648 1007 3864 1094 Ῥοῦφον

2212 1109 2623 1189 Θεσσαλονίκης,
2707 1108 3064 1188 καταμηδέντι
3145 1111 3519 1189 προσίστασθαι
3585 1117 3701 1170 τοῖς
3758 1126 3865 1160 κα·-

2212 1194 2323 1250 νόσι
2381 1198 2481 1265 τὴν
2537 1199 2862 1274 μετάστασιν
2914 1202 3021 1258 τῶν
3104 1199 3433 1271 ἐπισκόπων,
3506 1194 3612 1252 ἀπὸ
3682 1193 3865 1273 ἐτέρας

2212 1282 2421 1368 ⁸πόλεως
2452 1288 2526 1351 εἰς
2556 1287 2760 1368 ἑτέραν,
2812 1291 2886 1353 ὡς
2938 1292 2966 1346 6
3026 1296 3338 1365 Σωζομενοῦ
3393 1285 3537 1365 λέγει
3590 1276 3861 1362 Ἑρμείας.

2216 1362 2345 1430 υΟτι
2378 1376 2411 1443 ἡ
2467 1362 2753 1452 μετάϐάσις
2812 1377 3128 1458 κεκώλυται,
3180 1362 3248 1435 οὗ
3305 1376 3414 1453 μὴν
3561 1373 3862 1451 μετάθεσις.

2216 1460 2472 1530 Σιλϐανὸς
2517 1468 2545 1522 6
2599 1468 2990 1548 θαυματουργὸς
3033 1468 3152 1548 ’ἀπὸ
3204 1463 3681 1528 Φιλιππουπόλεως
3764 1466 3866 1528 τῆς

2216 1549 2268 1608 ἒν
2327 1553 2526 1632 Θρᾴκῃ,
2602 1541 2706 1620 εἷς
2748 1541 2985 1636 Τρωάδα,
3033 1541 3299 1623 Ἐὐδόξιος
3351 1558 3380 1613 6
3435 1553 3734 1631 μετατεθεῖς
3804 1556 3867 1608 ὲκ

2217 1646 2546 1720 Γερμανικῆς
2606 1646 2678 1709 είς
2738 1643 3096 1728 Ἀντιόχειαν,
3170 1645 3381 1725 ἐγένετο
3435 1646 3522 1701 καὶ
3594 1641 3863 1721 πατριάρ-

2206 1752 2318 1809 χης
2389 1733 3017 1815 Κωνσταντινουπόλεως,
3078 1736 3329 1803 Ἰωάννης
3399 1736 3427 1791 6
3511 1730 3859 1805 Κωδωνᾶτος,

2211 1819 2463 1894 μετετέθη
2508 1821 2615 1880 ἀπὸ
2666 1831 2760 1880 τοῦ
2825 1827 3190 1905 πατριαρχείου
3258 1825 3358 1891 τῆς
3415 1820 3658 1901 μεγάλης
3730 1816 3862 1876 Ἀν-

2209 1912 2470 1992 τιοχείας,
2529 1914 2603 1977 εἷς
2658 1913 2757 1981 τὴν
2816 1913 3146 1995 μητρόπολιν
3189 1914 3367 1995 Τόρων
3395 1910 3467 1963 68
3495 1928 3510 1944 ⁸
3558 1911 3647 1968 καὶ
3674 1906 3865 1967 πολλοὶ

2209 1998 2400 2080 ἕτεροι,
2460 2003 2533 2065 εἰς
2591 2001 2755 2069 ἄλλας
2797 2005 2884 2061 καὶ
2939 2002 3128 2070 ἄλλας.
3198 2000 3320 2063 Ἐπὶ
3374 2002 3428 2059 δὲ
3484 2001 3591 2058 τῶν
3645 1998 3863 2077 ἡμερῶν

2207 2098 2300 2148 τοῦ
2369 2090 2511 2147 ὁσίου
2582 2093 2785 2172 Πατρὸς
2841 2095 2994 2169 ἡμῶν
3054 2094 3261 2164 Νικήτα
3313 2091 3645 2172 πατριάρχου
3704 2098 3861 2146 Κων-

2208 2179 2713 2263 σταντινουπόλεως,
2775 2185 2803 2239 6
2873 2184 3115 2264 μοναχὸς
3172 2180 3537 2248 Πεντακτένης
3594 2179 3681 2235 καὶ
3725 2183 3862 2234 Πεν-

2207 2267 2420 2343 ταϊλᾶς,
2477 2268 2582 2327 ἀπὸ
2636 2262 2931 2329 Ῥωσιάνων
2987 2262 3242 2352 πρότερον
3296 2269 3550 2347 μετετέθη
3621 2268 3693 2332 εἷς
3761 2268 3863 2335 τὴν

2206 2356 2635 2437 ἀρχιεπισκοπὴν
2666 2366 2883 2437 Λῆμνον
2916 2379 2934 2398 ο
2980 2362 3103 2418 εἶτα
3153 2359 3309 2428 ἒδόθη
3366 2363 3509 2434 αὒτῷ
3563 2358 3652 2415 καὶ
3680 2359 3715 2425 ἡ
3749 2363 3864 2413 Μα-

2208 2448 2419 2525 Ρώνεια·
2478 2448 2601 2506 Ἐπῖ
2661 2455 2758 2518 τῆς
2816 2448 3085 2527 βασιλείας
3144 2449 3375 2516 Ἀλεξίου
3426 2455 3520 2506 τοῦ
3576 2451 3858 2521 Κομνηνοῦ

2210 2533 2387 2619 Σάϐας
2450 2539 2762 2619 Καισαρείας
2816 2545 2916 2608 τῆς
2997 2538 3288 2616 Φιλίππου,
3370 2537 3554 2618 γέγονε
3608 2535 3865 2616 πατριάρ-

2204 2623 2317 2705 χης
2352 2616 2728 2705 Ἰεροσολύμων
2760 2643 2775 2659 ⁹
2835 2631 2923 2687 καὶ
2978 2628 3144 2687 ἒλθὼν
3202 2616 3457 2690 ἐνταῦθα,
3489 2624 3855 2704 συνελειτούρ-

2202 2737 2336 2793 γησε
2418 2721 2496 2789 τῷ
2585 2718 2865 2796 ἁγιωτάτῳ
2944 2720 3257 2799 πατριάρχῃ
3339 2715 3586 2791 Νικολάῳ
3641 2717 3729 2773 καὶ
3790 2720 3861 2791 τῇ

2203 2802 2426 2880 συνόδῳ.
2493 2805 2753 2872 Νικόλαος
2810 2809 2839 2863 6
2897 2807 3207 2888 Μουζάλων,
3268 2807 3689 2888 ἀρχιεπίσκοπος
3748 2804 3857 2862 Κό-

2204 2916 2336 2965 πρου
2393 2894 2701 2973 γενόμενος,
2758 2899 3105 2976 παρῃτήσατο
3171 2898 3264 2954 τὸν
3336 2896 3518 2973 θρόνον
3574 2897 3674 2961 τῆς
3744 2893 3855 2950 Κύ-

2205 3005 2340 3059 πρου
2374 3030 2390 3047 .
2434 2986 2521 3041 καὶ
2577 2982 2731 3053 ἐδόθη
2787 2987 2929 3063 αὖτῷ
2982 2988 3018 3055 ἡ
3075 2986 3214 3063 μόνὴ
3270 2994 3361 3045 τοῦ
3406 2982 3716 3063 Κοσμιδίου,
3768 2983 3859 3041 καὶ

2205 3073 2438 3153 προέστη
2536 3078 2702 3142 αὐτῆς
2798 3074 2891 3133 ἐπὶ
2974 3076 3319 3157 χρόνοις....,
3409 3076 3592 3133 ἔπειτα
3674 3072 3859 3153 γέγονε

2207 3164 2296 3219 καὶ
2377 3164 2714 3245 πατριάρχης
2828 3165 3456 3229 Κωνσταντινουπόλεως,
3563 3162 3684 3222 Ἐπὶ
3765 3169 3859 3219 τοῦ

472 3258 813 3340 patriarcha
858 3254 1564 3335 Constantinopolitanus.
1594 3254 1714 3317 Sub
1752 3257 2123 3322 sanctissimo

2209 3251 2510 3330 ἀγιωτάτου
2571 3255 2923 3337 πατριάρχου,
2971 3263 3129 3337 κυροῦ
3170 3254 3423 3340 Μιχαὴλ,
3481 3252 3862 3333 συμπαρόντων

472 3347 831 3430 patriarcha,
895 3344 1139 3407 domino
1187 3344 1494 3420 Michaele,
1531 3345 1922 3425 praesentibus
1950 3349 2126 3415 etiam

474 3437 876 3511 Antiocheno,
935 3443 995 3495 et
1044 3432 1603 3513 Hierosolymitano,
1638 3444 1695 3495 et
1726 3434 2127 3515 imperatoriis

471 3522 937 3604 magistratibus,
977 3521 1040 3584 in
1062 3522 1308 3602 synodo,
1341 3520 1594 3584 Michael
1622 3522 1864 3603 quidam
1893 3543 2125 3590 renun-

472 3614 648 3676 tiatus
705 3612 1024 3694 episcopus
1076 3616 1363 3685 Amaseae,
1419 3610 1522 3691 qui
1572 3610 1792 3674 deinde
1847 3621 2121 3696 tanquam

472 3720 688 3764 vacans
709 3708 1020 3783 acceperat
1049 3700 1363 3781 Ancyram,
1396 3698 1527 3761 loco
1554 3699 1710 3761 illius
1740 3699 2124 3767 Cerasuntem

471 3793 786 3854 translatus
813 3790 945 3863 fuit,
980 3789 1151 3869 cujus
1202 3790 1415 3850 throno
1475 3789 1694 3869 potitus
1723 3798 1832 3865 est,
1866 3791 1938 3853 ad
1964 3792 2121 3856 infe-

467 3879 630 3943 riora
648 3877 1321 3958 detrusus.Nicephorus
1336 3877 1831 3958 metrOpolitanus
1849 3881 2116 3959 Gangraa,

469 3969 661 4032 factus
688 3968 853 4049 prior
894 3966 1203 4043 Cosmidii,
1239 3973 1516 4047 tanquam
1551 3985 1787 4043 vacans,
1815 3970 2048 4050 accepit
2067 3979 2126 4033 et

476 4057 851 4140 metropolim
905 4056 1253 4117 Amastrim.
1314 4054 1838 4138 Leontopolitanus
1866 4060 2119 4143 accepit,

473 4154 540 4210 ut
569 4164 809 4223 vacans,
862 4144 1325 4225 Arcadiopolim.
1378 4145 1709 4226 Episcopus
1753 4146 1988 4228 Athyras
2015 4167 2121 4211 ac-

474 4235 633 4317 cepit
662 4234 1038 4315 Sergentzam
1077 4233 1119 4294 1.
1169 4232 1582 4314 Axiopolitano
1614 4236 1924 4312 I‘vaeanti,
1987 4236 2122 4301 data

465 4322 726 4404 primum
752 4329 845 4387 est
898 4320 1143 4402 Abydus
1178 4338 1191 4381 :
1231 4330 1435 4402 postea
1475 4341 1639 4395 vero,
1693 4323 1872 4387 etiam
1907 4324 2120 4405 Apros.

466 4411 763 4493 Episcopo
820 4409 1046 4472 Alaniae
1102 4409 1239 4471 data
1303 4418 1394 4472 est
1448 4409 1859 4491 Soteriopolis.
1913 4415 2123 4476 Petrus

463 4501 717 4580 Mongus
747 4499 1024 4564 mandato
1079 4499 1282 4562 Acacii
1336 4499 1573 4580 patriam
1594 4501 1687 4562 hae
1714 4502 2125 4565 Constantino-

468 4571 740 4672 politani,
802 4588 1118 4650 translatus
1166 4596 1253 4650 est
1294 4571 1368 4650 ab
1420 4588 1726 4651 Euchaitis
1756 4591 1828 4652 ad
1866 4571 2187 4671 patriar-D

465 4682 705 4744 chatnm
728 4677 1223 4741 Alexandrinum.
1250 4678 1565 4740 Narcissus
1580 4678 2120 4759 Hierosolymorum

466 4769 825 4852 patriarcha,
891 4786 959 4829 ex
1020 4768 1367 4848 episcopatu
1419 4767 1730 4830 Fladi’adil
1778 4768 1879 4849 qui
1920 4768 2127 4831 subest

470 4858 791 4938 metropoli
808 4855 1357 4931 Navarzse,abduxit
1377 4857 1564 4919 virum
1584 4864 1855 4919 sanctum
1878 4857 2126 4920 Alexan-

468 4949 644 5010 drum
676 4954 734 5008 et
782 4943 1325 5026 Hierosolymorum
1361 4947 1756 5026 patriarcham
1809 4946 2122 5028 ordinavit,

464 5036 799 5118 imperante
848 5034 1185 5096 Alexandro
1233 5037 1495 5098 Mamaea;
1526 5036 1671 5112 ﬁlio,
1724 5035 1881 5099 sicut
1928 5035 2125 5117 inquit

463 5124 757 5187 Eusebius
775 5122 1184 5203 Pamphilides
1214 5124 1338 5185 suis
1368 5123 1429 5185 in
1461 5123 1727 5186 historiis
1756 5125 2128 5187 ecclesiasti—

467 5214 576 5295 cis,
611 5231 679 5275 ac
712 5230 832 5274 non
861 5212 921 5273 in
952 5211 1105 5274 libro
1125 5212 1657 5275 Demonstrationis
1675 5214 2119 5277 ecclesiasticas.

463 5303 555 5367 Ex
603 5301 815 5364 eodem
873 5300 1219 5382 episcopatu
1269 5301 1568 5365 Fladiadis
1613 5303 1889 5365 dominus
1943 5302 2127 5367 Nice-

467 5391 694 5473 phorus
743 5389 998 5468 Phocas,
1062 5390 1367 5453 communi
1428 5391 1670 5455 decreto
1728 5411 1836 5474 per
1880 5410 2120 5456 auream

2212 3343 2298 3397 καὶ
2368 3350 2461 3399 τοῦ
2512 3341 2869 3426 Ἀντιοχείας,
2954 3348 3043 3403 καὶ
3115 3352 3209 3403 τοῦ
3283 3338 3686 3426 Ἱεροσολύμων,
3770 3342 3860 3398 καὶ

2209 3430 2487 3509 ἀρχόντων
2540 3432 2853 3510 βασιλικῶν,
2899 3432 3202 3511 συνοδικῶς,
3250 3432 3475 3514 Μιχαήλ
3526 3453 3606 3495 τις
3657 3430 3857 3498 ἓπικη-

2208 3521 2417 3600 ρυχθεὶς
2473 3518 2780 3597 Ἀμασείας,
2816 3523 2941 3581 εἶτα
2987 3527 3062 3589 ὡς
3105 3522 3387 3605 σχολάζων
3439 3522 3541 3591 τὴν
3594 3520 3857 3600 Ἀγκυραν

2206 3607 2407 3685 λαϐών,
2460 3612 2549 3668 καὶ
2598 3613 2689 3670 τὸν
2742 3613 2907 3672 τόπον
2959 3613 3144 3688 αὐτῆς,
3216 3618 3285 3691 τῇ
3337 3618 3433 3670 τοῦ
3500 3618 3858 3689 Κερασοῦντος

2208 3699 2482 3774 μετετέθη.
2540 3702 2636 3759 Καὶ
2691 3711 2784 3759 τοῦ
2838 3704 3021 3783 θρόνου
3073 3704 3269 3771 ταύτης
3326 3700 3587 3781 ἐγκρατὴς
3641 3700 3858 3779 γέγονεν

2207 3786 2596 3855 ὑποϐιϐασθείς.
2683 3793 2983 3873 Νικηφόρος
3092 3790 3489 3874 μητροπολίτης
3589 3791 3856 3868 Γάγγρας.

2206 3878 2501 3956 ἡγούμενος
2546 3882 2777 3959 γεγονὼς
2819 3890 2912 3939 τοῦ
2970 3881 3273 3960 Κοσμιδίου,
3318 3878 3502 3938 ἔλαϐεν
3568 3881 3641 3946 ὡς
3712 3900 3858 3959 σχο-

2206 3964 2377 4040 λάζφν
2423 3969 2511 4025 καὶ
2555 3970 2654 4037 τὴν
2714 3970 3042 4052 μητρόπολιν
3099 3960 3426 4051 ”Αμαστριν,
3484 3960 3541 4027 Ὀ
3598 3977 3859 4052 Δεοντου-

2206 4054 2411 4122 πόλεως
2453 4055 2638 4115 ἔλαϐεν
2692 4062 2764 4125 ὡς
2826 4047 3107 4142 σχολάζων
3164 4047 3262 4128 τὴν
3306 4047 3763 4138 ’λρκαδιοόπολιν,
3799 4047 3858 4114 Ὀ

2203 4142 2487 4211 ἐπίσκοπος
2543 4145 2742 4222 Ἀθύμα
2813 4148 2967 4207 ἔλαϐε
3047 4150 3145 4218 τὴν
3230 4148 3555 4229 Σεργέντζην
3608 4143 3693 4206 69.
3769 4148 3860 4220 Τῷ

2204 4230 2586 4321 ’.ᾼξιοδπόλεως
2674 4236 2737 4287 70
2819 4238 3208 4321 σχολάζοντιλΔ
3247 4237 3400 4305 ἐδόθη
3484 4237 3738 4318 πρότερον
3816 4237 3853 4305 ἡ

2213 4310 2446 4410 ’ἿᾹϐυδος
2480 4341 2494 4357 ⁹
2544 4325 2756 4406 ὕστερον
2947 4310 3036 4386 καὶ
3090 4331 3119 4386 6
3144 4310 3425 4409 ἯΑπρως.
3474 4310 3562 4402 Τῷ
3605 4310 3853 4389 ’Ᾰλανίας

2206 4408 2359 4481 ἐδόθη
2416 4415 2451 4482 ἡ
2513 4408 2968 4497 Σωτηριούπολις.
3030 4417 3224 4497 Πέτρος
3296 4421 3324 4475 6
3394 4418 3608 4495 Μογγὸς
3661 4412 3853 4490 ἐντολῇ

2207 4497 2454 4559 Ἀκακίου
2536 4508 2878 4587 πατριάρχου
2984 4503 3611 4582 Κωνσταντινουπόλεως,
3717 4524 3855 4580 μετ-

2206 4589 2358 4675 ετέθη
2425 4590 2531 4648 ἀπὸ
2580 4595 2864 4674 Εὗχαίτων
2911 4596 2985 4661 εἰς
3043 4592 3438 4675 Ἀλεξάνδρειαν
3486 4592 3852 4673 πατριάρχης.

2210 4670 2266 4736 Ὀ
2338 4670 2693 4762 πατριάρχης
2752 4675 3127 4764 Ἰεροσολύμων
3191 4670 3511 4764 Νάρκισσος,
3582 4670 3695 4739 ἇπὸί
3720 4670 3856 4758 ητῇς

2206 4767 2502 4837 ἐπισκοπῆς
2546 4770 2838 4829 Φλαδιάδου
2867 4773 2957 4849 71,
3000 4773 3120 4841 ἥτις
3164 4773 3301 4830 ἐστὶν
3353 4774 3456 4831 ὑπὸ
3507 4772 3607 4840 τὴν
3645 4771 3855 4849 μητΡό’

2206 4855 2357 4914 πολιν
2413 4860 2709 4938 Ναυάρζης,
2774 4862 2945 4943 ἤγαγε
2999 4865 3091 4920 τὸν
3146 4862 3200 4921 ἒν
3256 4863 3455 4943 ἁγίοις,
3495 4858 3854 4941 Ἀλέξονδρον,

2206 4948 2293 5002 καὶ
2385 4947 2760 5028 ἐχειροτόνησε
2861 4954 3200 5033 πατριάρχην
3284 4942 3682 5032 Ἰεροσολύμων,
3768 4948 3856 5006 ἐπὶ

2206 5038 2304 5102 τῆς
2361 5036 2630 5112 βασιλείας
2689 5037 3027 5122 Ἀλεξάνδρου
3083 5051 3176 5101 τοῦ
3233 5041 3505 5117 Μαμαίας,
3565 5038 3637 5106 ὥς
3688 5060 3851 5119 φησιν

2205 5123 2452 5191 Εὐσέϐιος
2496 5129 2524 5183 6
2571 5127 2848 5209 Παμφίλου
2917 5131 2972 5186 ὲν
3012 5144 3137 5194 ταῖς
3180 5128 3651 5197 ἐκκλησιαστικαῖς
3695 5128 3850 5184 αὐτοῦ

2204 5213 2478 5294 ἱστορίαις,
2523 5216 2612 5272 καὶ
2655 5217 2777 5298 οὐχὶ
2832 5217 2886 5275 ἐν
2929 5225 2998 5296 τῇ
3053 5216 3218 5297 βίϐλῳ
3274 5222 3373 5286 τῆς
3403 5215 3848 5284 ἑκκλησιαστικῆς

2206 5304 2363 5359 αὐτοῦ
2391 5300 2728 5371 ἀποδείξεως.
2789 5304 2926 5364 Ἀπὸ
2974 5308 3071 5376 τῆς
3125 5307 3290 5376 αὐτῆς
3344 5305 3642 5374 ἐπισκοπῆς
3698 5302 3853 5361 Φλα-

2205 5388 2378 5455 διάδος
2410 5393 2439 5448 6
2466 5401 2619 5473 κῦρος
2671 5395 2969 5476 Νικηφόρος
3021 5398 3052 5454 6
3092 5402 3287 5464 Φωκᾶς
3344 5400 3499 5474 κοινῇ
3560 5394 3727 5476 ψήφῳ
3771 5389 3857 5451 διὰ

1807 5550 2064 5616 nam
2107 5550 2548 5637 LECTIONES.

548 5679 616 5733 ω
644 5681 866 5762 Τυρίων,
893 5679 959 5733 69
989 5684 1353 5764 Σεργενίτζην.
1385 5683 1449 5736 70
1476 5683 1973 5752 Ἀλλεξιουπόλεως.
2017 5684 2072 5735 τί
2103 5685 2416 5770 Φλαδιάδος,
2449 5687 2602 5754 forte
2630 5689 2948 5760 Φλαϐιάδος.

555 5794 584 5839 ιι
606 5800 793 5883 quam
816 5795 1031 5867 sponte
1059 5790 1195 5868 quis
1224 5791 1512 5855 instituit.
1586 5789 1991 5873 ‘Tyrtensen.
2055 5793 2534 5876 ySergenitzan.
2610 5798 2636 5841 ι
2690 5800 3223 5883 Αισωιὶοροιίιαηο.
3295 5801 3309 5837 ¹
3348 5798 3675 5866 Fladiadis
3702 5801 3866 5881 forte

480 5865 819 5933 ﬂavtadz's.
