4130 6450
504 409 614 476 911

1871 419 1904 482 J
1909 419 2004 482 US
2043 413 2516 478 CANONICUM.

3781 410 3900 481 912

500 545 610 622 dit,
647 564 717 609 eo
741 546 896 621 loco,
934 546 1038 628 qui
1093 547 1251 611 Elaea
1309 549 1566 624 dicitur;
1599 548 1803 632 ibique
1835 555 2154 612 conventus

2282 571 2302 600 ν
2371 552 2437 623 τῇ
2494 548 2770 620 τοποθεσίᾳ
2813 549 2878 617 τῆ
2935 547 3201 630 λεγομένῃ
3247 549 3453 632 Ἐλαίᾳ,
3513 555 3600 608 καὶ
3644 551 3761 608 ἐκεῖ
3804 552 3896 613 τὰς

502 634 812 697 hominum
849 635 1083 700 habuit.

581 722 856 801 Euzoius,
891 744 988 788 an.
1022 743 1144 790 xw.

584 816 963 891 Laurentius,
999 834 1098 879 an.
1132 832 1215 887 ιιι,
1242 835 1434 879 mens.
1468 835 1549 880 Vt.

577 903 844 984 Alypius,
879 923 978 966 an.
1011 922 1140 981 xm,
1177 924 1366 968 mens.
1399 924 1482 970 Vl.

579 993 859 1056 Pertinax
905 994 1240 1057 consularis
1271 1013 1304 1057 e
1348 1003 1555 1058 senatu
1605 994 1894 1072 Romano,
1928 1013 2002 1057 an
2030 1010 2158 1057 xxx.

502 1080 612 1144 Hic
641 1082 816 1145 aliam
849 1083 1139 1146 exstruxit
1170 1084 1482 1147 ecclesiam
1535 1085 1595 1146 in
1646 1085 1776 1148 loco
1837 1085 2156 1158 maritimo,

502 1189 682 1252 quem
717 1170 895 1254 Sycas
918 1187 959 1218 ιιι
991 1179 1221 1252 vocant,
1256 1174 1430 1256 eique
1467 1173 1639 1238 Pacis
1668 1193 1888 1236 nomen
1919 1173 2156 1237 indidit.

580 1348 992 1432 Olympianus,
1021 1369 1119 1415 an.
1151 1369 1230 1416 x1.

580 1443 842 1521 Marcus,
871 1458 972 1503 an.
1005 1457 1136 1504 xm.

590 1529 889 1611 Cyriacus,
925 1549 1024 1592 an.
1057 1547 1182 1595 xvr.

583 1619 886 1701 Castinus,
919 1637 1016 1680 an.
1049 1637 1152 1682 VII.
1188 1619 1298 1682 Hic
1338 1621 1494 1682 intra
1549 1619 1742 1699 ipsum
1789 1621 2154 1702 Byzantium,

499 1708 574 1772 ad
605 1708 871 1771 Petrium
901 1709 984 1786 (id
1016 1729 1232 1772 nomen
1285 1709 1399 1772 loci
1443 1711 1554 1791 est)
1615 1719 1899 1773 exstruxit
1956 1721 2155 1773 orato-

2244 634 2474 701 συνάξεις
2505 636 2693 697 ἐποίει.

2325 724 2581 806 Εὒζώϊος,
2619 726 2712 794 ἔτη
2746 715 2868 801 ις’.

2325 804 2659 892 Λαυρέντιος,
2708 815 2802 882 ἔτη
2836 804 2932 896 ια’,
2967 821 3142 891 μῆνας
3170 817 3234 890 ς’
3259 865 3273 879 .

2323 899 2598 984 ’Λλύπιος,
2644 903 2738 972 ἔτη
2771 893 2866 983 ιγ’,
2915 893 3087 980 μῆνας
3116 896 3218 980 ς’.

2323 991 2567 1076 Περτίναξ
2637 995 2888 1058 ὑπατικὸς
2977 1000 3074 1062 τῆς
3151 999 3207 1052 ἐν
3297 986 3478 1072 Ῥώμῃ
3568 994 3890 1076 συγκλήτου,

2241 1077 2336 1146 ἔτη
2369 1070 2457 1142 ιϐ’.
2493 1084 2656 1146 Οὗτος
2690 1083 2868 1164 ἑτέραν
2913 1082 3201 1152 ἐκκλησίαν
3259 1070 3547 1153 ἀνέστησεν
3603 1070 3657 1142 ἐν
3726 1070 3894 1166 παραλ

2239 1166 2504 1244 θαλασσίῳ
2531 1169 2805 1251 λεγομένῳ
2833 1181 3054 1255 Συκατς,
3103 1176 3331 1255 Εἰρήνην
3377 1176 3467 1232 τὸν
3525 1175 3680 1232 οἷκον
3721 1197 3894 1256 προσ-

2243 1257 2556 1338 αγορεύσας.

2325 1343 2683 1423 Ὀλυμπιανὸς
2695 1397 2710 1426 ,
2744 1351 2838 1418 ἔτη
2871 1374 2923 1407 ια
2936 1340 2966 1414 ’,

2320 1437 2558 1516 Μάρκος,
2591 1437 2686 1506 ἔτη
2729 1429 2827 1518 ιγ’,

2326 1529 2610 1606 κυριακὸς,
2644 1528 2738 1596 ἔτη
2769 1518 2892 1602 ις’.

2324 1623 2606 1696 Καστῐνος,
2641 1617 2735 1684 ἔτη
2765 1609 2834 1689 ζ’,
2869 1620 3030 1682 Οὗτος
3062 1618 3116 1674 ἐν
3147 1619 3287 1692 αύτῷ
3315 1627 3391 1696 τῷ
3424 1622 3706 1697 Βυζαντίῷ,
3735 1622 3790 1678 ἐν

2240 1700 2602 1792 ἐπιλεγομένῳ
2647 1709 2866 1787 Πετρίῳ,
2923 1710 3194 1788 εὖκτήριον
3250 1714 3349 1776 τῆς
3409 1710 3558 1789 ἁγίας
3616 1712 3890 1792 Εὔφημίας

501 1799 658 1860 rium
690 1806 912 1860 sancta;
940 1796 1304 1880 Euphemite,
1350 1818 1480 1880 quae
1533 1788 1674 1862 tunc
1728 1811 1951 1881 martyr
2006 1800 2154 1864 facta

2282 1811 2446 1873 γειρε,
2492 1794 2613 1850 τότε
2647 1797 3079 1876 μαρτυρησάσης.

497 1887 712 1950 fuerat.

577 1976 817 2058 Tratus,
843 1995 940 2040 an.
975 1993 1156 2051 xxxv,
1187 1995 1379 2042 mens.
1412 1995 1494 2039 v1.

578 2066 957 2132 Domitianus
973 2077 1022 2147 ιι,
1042 2065 1228 2128 frater
1249 2065 1630 2148 imperatoris
1650 2066 1957 2143 Probi,an.
1993 2086 2153 2132 xxiv.

498 2173 690 2217 mens.
724 2171 803 2217 Vl.

583 2243 833 2325 Probus,
866 2243 1139 2323 ejusdem
1172 2241 1417 2306 Domitii
1448 2243 1632 2318 ﬁlius,
1666 2244 1838 2305 annis
1871 2262 1972 2307 xu.

579 2331 1210 2413 Metrophanes,frater
1239 2331 1508 2411 ejusdem
1543 2332 1991 2414 Probi,Domitii
2021 2335 2150 2408 ﬁlii,

501 2424 627 2504 qui,
676 2430 962 2502 regnante
1011 2422 1395 2485 Constantino
1452 2441 1687 2500 magno,
1738 2424 1929 2486 factus
1959 2433 2051 2486 est
2080 2425 2155 2486 ab

502 2513 714 2574 eodem
770 2512 1130 2592 imperatore
1187 2511 1530 2574 Patriarcha
1589 2511 2152 2596 Constantinopolis.

496 2600 738 2666 Praefuit
767 2620 864 2664 an.
903 2619 962 2664 x.

585 2692 948 2766 Alexander,
975 2691 1309 2773 imperante
1339 2690 1746 2767 Constantino,
1771 2711 1870 2756 an.
1902 2710 2074 2755 xxm.

580 2782 822 2858 Paulus,
855 2781 1185 2863 confessor,
1215 2800 1312 2845 an.
1346 2798 1406 2843 x.
1439 2779 1548 2842 Hic
1578 2781 1824 2862 ejectus,
1853 2791 1912 2844 et
1932 2782 2154 2864 infcon-

499 2871 758 2935 fessione
792 2879 1062 2933 mortuus
1091 2877 1203 2934 est.

580 2959 875 3022 Eusebius
901 2959 1176 3036 Arianus,
1224 2960 1414 3042 primo
1442 2958 1663 3037 Beryti,
1717 2958 1938 3022 deinde
1966 2962 2142 3024 Nico-

503 3049 739 3126 mediae,
776 3058 983 3130 postea
1015 3047 1585 3129 Constantinopolis,
1619 3048 1833 3110 annnis
1864 3066 1965 3112 χιι.

580 3138 968 3202 Macedonius
998 3137 1307 3218 presbyter
1329 3137 1602 3218 ejusdem
1634 3137 1935 3220 Ecclesiae,
1965 3139 2155 3202 sancti

499 3227 743 3309 spiritus
776 3235 1170 3308 oppugnator,
1205 3246 1300 3289 an.
1334 3243 1442 3289 x11.

580 3317 1606 3399 EudoxiusArianus,Germaniceae,
1636 3318 2154 3391 hincAntiocheae,

500 3415 705 3489 postea
739 3405 1300 3487 Constantinopolis,
1361 3406 1694 3488 imperante
1741 3407 2002 3484 Juliano,
2030 3428 2158 3470 rur-

501 3515 753 3576 sumque
780 3495 1046 3568 Joviano,
1080 3513 1178 3558 an.
1209 3512 1334 3558 vm.

581 3584 968 3665 Demophilus
997 3585 1278 3662 Arianus,
1312 3586 1522 3648 Beroae
1552 3585 1610 3646 in
1635 3584 1915 3664 Thracia,
1951 3597 2156 3668 postea

506 3673 1072 3755 Constantinopolis,
1107 3674 1279 3736 annis
1307 3691 1389 3750 x1,
1421 3673 1732 3736 mensibus
1754 3693 1812 3739 v.

580 3763 870 3843 Evagrius
922 3763 1308 3840 orthodoxus,
1361 3763 1666 3825 ordinatus
1721 3763 1792 3825 ab
1852 3763 2157 3827 Eustathio

498 3853 893 3933 Antiocheno,
929 3851 1242 3914 confestim
1277 3860 1440 3914 actus
1463 3859 1555 3914 est
1584 3853 1642 3913 in
1676 3852 1952 3915 exsilium
1981 3872 2015 3914 a
2035 3856 2158 3916 Va-

500 3943 684 4017 lente,
713 3961 848 4004 cum
877 3941 1282 4022 pontiﬁcatum
1313 3941 1595 4020 gessisset
1624 3960 1718 4002 an.
1754 3958 1832 4004 iv.

580 4031 903 4110 Gregorius
945 4031 1306 4111 Theologus,
1367 4049 1499 4092 cum
1559 4039 1731 4092 antea
1789 4028 2155 4094 Sasimorum

500 4119 709 4181 fuisset
739 4119 1425 4199 episcopus,Theodosio
1461 4137 1669 4198 magno
1699 4119 2017 4200 imperium
2043 4121 2156 4182 ob-

501 4208 754 4282 tinente,
787 4207 1162 4269 renuntiatus
1194 4221 1283 4270 est
1305 4208 1552 4270 antistes
1582 4208 2152 4291 Constantinopolis;

499 4297 851 4359 conﬁrmato
901 4297 1016 4376 ipsi
1047 4298 1262 4358 throno
1295 4296 1638 4358 auctoritate
1696 4297 1925 4377 synodi,
1960 4307 2024 4361 ut
2053 4299 2156 4380 qui

2321 1970 2541 2049 Τράτος,
2574 1971 2666 2039 ἔτη
2697 1971 2756 2029 λε
2769 1962 2799 2048 ’,
2834 1973 3006 2042 μῆνας
3035 1963 3137 2048 ς’.

2325 2062 2670 2144 Δομετιανὸς,
2741 2059 2962 2144 ἀδελφὸς
3021 2060 3222 2142 Πρόϐου
3285 2062 3568 2140 βασιλέως,
3625 2065 3719 2135 ἔτη
3785 2057 3888 2142 κδ’,

2241 2150 2414 2224 μῆνας
2445 2138 2515 2220 ζ’.

2324 2239 2546 2315 Πρόκος,
2579 2245 2672 2295 τοῦ
2703 2238 2859 2296 αὐτοῦ
2893 2241 3149 2316 Δομετίου
3177 2239 3236 2290 Ἰί
3275 2244 3407 2323 υἱὸς,
3441 2242 3536 2311 ἔτη
3582 2233 3676 2321 ιβ’.

2320 2327 2696 2406 Μητροφάνης,
2772 2331 2800 2385 6
2858 2327 3081 2408 ἀδελφὸς
3130 2337 3223 2387 τοῦ
3295 2333 3449 2391 αὐτοῦ
3512 2329 3741 2410 Πρόϐου,
3800 2341 3892 2391 τοῦ

2236 2419 2349 2475 υἱοῦ
2409 2415 2659 2492 Δομετίου
2693 2435 2710 2454 ο
2777 2419 2832 2483 ὃς
2887 2417 2973 2475 ἐπὶ
3053 2420 3147 2476 τοῦ
3209 2419 3442 2500 μεγάλου
3502 2422 3891 2480 Κωνσταντίνου

2238 2504 2419 2584 γέγονε
2503 2504 2626 2588 παρ’
2713 2509 2869 2566 αὐτοῦ
2953 2508 3299 2588 Πατριάρχης
3385 2511 3890 2568 Κωνσταντινουπό-

2240 2592 2404 2674 λεως,
2437 2593 2532 2661 ἔτη
2565 2585 2626 2657 ι’,

2323 2681 2682 2764 Ἀλέξανδρος,
2715 2683 2800 2742 ἐπὶ
2844 2687 3232 2766 Κωνστατίνου,
3265 2686 3360 2755 ἔτη
3403 2677 3518 2766 κγ’.

2320 2771 2547 2854 Ποὺλος,
2594 2775 2622 2830 6
2652 2773 3018 2854 ὁμολογητής,
3050 2774 3146 2844 ἔτη
3193 2798 3210 2832 ι
3238 2819 3253 2835 .
3301 2779 3462 2844 Οὗτος
3489 2775 3769 2856 ἐξεϐλήθη,
3804 2781 3894 2836 καὶ

2240 2859 2579 2928 ἐτελεύτησεν
2608 2865 2662 2918 ἐν
2687 2862 2964 2944 ὁμολογίᾳ.

2319 2948 2566 3016 Εὐσέϐιος
2597 2953 2624 3007 6
2656 2949 2951 3032 Ἀρειανὸς,
2973 2958 3182 3032 πρῶτον
3213 2953 3470 3032 Βηρυτοῦ,
3503 2957 3625 3013 εἶτα
3648 2967 3894 3034 Νικομη-

2237 3035 2397 3114 δείας,
2433 3040 2566 3114 μετὰ
2589 3041 2752 3096 ταῦτα
2787 3041 3415 3120 Κωνσταντινουπόλεως,
3449 3042 3544 3112 ἔτη
3577 3035 3670 3122 ιβ’,

2319 3127 2644 3192 Μακεδόνιπ
2683 3127 3028 3217 πρεσϐύτερος
3059 3136 3155 3199 τῆς
3177 3135 3344 3201 αὐτῆς
3367 3131 3710 3217 Ἐκκλησίας,
3735 3157 3890 3193 πνευ-

2175 3215 2214 3265 C
2242 3218 2587 3300 ματομάχος,
2619 3218 2713 3287 ἔτη
2743 3209 2838 3297 ιβ’,

2327 3305 2563 3372 Εὖδόξιος
2594 3307 2886 3388 Ἀρειονὸς,
2918 3312 3314 3390 Γερμανικείας,
3375 3309 3496 3368 εἴτα
3529 3311 3886 3394 Ἀντιοχείας,

2240 3397 2376 3472 μετὰ
2417 3403 2580 3453 ταῦτα
2638 3399 3266 3481 Κωνσταντινουπόλεως,
3292 3399 3402 3481 *ἐπὶ
3447 3399 3755 3479 ἰουλιανοῦ,
3803 3407 3892 3462 καὶ

2238 3484 2398 3542 πάλιν
2427 3488 2455 3542 6
2500 3487 2653 3552 αὐτὸς
2683 3485 2768 3543 ἐπὶ
2803 3485 3080 3564 ἰοϐιανοῦ,
3113 3489 3208 3557 ’ἐτη
3238 3479 3320 3557 η’,

2321 3573 2630 3655 Δημόφιλος
2661 3577 2689 3632 6
2720 3573 3014 3655 Ἀρειανὸς,
3077 3580 3292 3660 Rapo-nc
3328 3585 3428 3647 τῆς
3485 3579 3720 3660 Θρᾴκης,
3754 3584 3892 3657 μετὰ

2240 3664 2395 3720 τοῦτο
2426 3664 3054 3748 Κωνσταντινυυπόλεως,
3101 3667 3185 3724 ἔτι
3218 3658 3313 3742 ια’,
3347 3658 3617 3746 μῆνας-ι’.

2322 3754 2576 3833 Εὒάγριος
2605 3751 2894 3833 όρθόδοξος,
2925 3760 3318 3836 χειροτονηθεὶς
3349 3760 3450 3815 ὑπὸ
3480 3762 3760 3818 Εὐσταθίου
3788 3765 3888 3828 τῆς

2241 3841 2596 3923 Ἀντιοχείκς,
2626 3846 2902 3930 παρευθὺς,
2938 3845 3186 3924 ἐξωρίσθη
3216 3848 3317 3904 ὑπὸ
3349 3847 3659 3923 Οὐάλεντος,
3691 3847 3888 3930 ἀρχιε-

2241 3917 2494 4010 ρατεύσας
2651 3917 2721 3993 8v.

2319 4021 2607 4102 Γρηγόριος
2665 4025 2693 4079 6
2751 4023 3036 4105 Θεολόγος,
3097 4025 3348 4105 πρότερον
3418 4026 3667 4102 Σασίμων
3739 4028 3891 4106 γενό-

2237 4130 2397 4184 μενος
2453 4109 2760 4191 ἐπίσκοπος,
2823 4111 2909 4169 ἐπὶ
2967 4111 3240 4170 Θεοδοσίου
3294 4124 3387 4174 τοῦ
3441 4114 3673 4194 μεγάλου
3731 4127 3890 4174 Κων-

2239 4199 2716 4266 σταντινουπόλεως
2794 4200 3163 4284 ἐπεκηρύχθη,
3254 4202 3663 4283 ἐπικυρωθέντος
3746 4207 3892 4282 αὖτῷ

2238 4294 2330 4343 τοῦ
2387 4288 2569 4368 θρόνου
2637 4290 2780 4369 παρὰ
2842 4296 2940 4358 τῆς
2996 4289 3230 4368 συνόδου,
3292 4294 3365 4357 ὡς
3409 4292 3582 4350 πολλὰ
3636 4295 3885 4377 καμόντι,

498 4384 737 4446 lanores
769 4384 1150 4446 sustinuisset
1193 4403 1422 4464 graves,
1451 4392 1509 4446 et
1537 4385 1610 4447 ab
1645 4386 1958 4448 haeresium
1992 4377 2154 4468 lepra

2282 4379 2326 4434 αὶ
2367 4381 2464 4443 τῆς
2520 4377 2699 4468 λῴϐης
2746 4387 2854 4438 τῶν
2909 4381 3154 4460 αἱρέσεων
3196 4383 3296 4450 τὴν
3357 4379 3676 4449 Ἐκκλησίαν
3731 4382 3888 4444 ἐλευ-

497 4473 810 4535 liberasset
841 4493 972 4535 eam
1029 4460 1381 4537 Eccle'siam.
1417 4475 1563 4537 Cum
1594 4483 1791 4536 autem
1836 4460 2154 4538 nonnullos

2282 4467 2541 4546 ιρώσαντι.
2581 4460 2673 4532 Ὠς
2703 4467 2758 4526 δέ
2802 4492 2948 4535 τινας
2997 4472 3103 4527 τῶν
3159 4471 3210 4537 ἐξ
3268 4473 3530 4552 Αἰγύπτου
3588 4473 3889 4554 ἀρχιερέων

503 4562 818 4643 pontiﬁces
863 4562 1587 4644 Egyptiosintellexisset
1635 4564 1723 4623 vir
1779 4563 2154 4626 beatissimus

2282 4557 2392 4613 άθοι
2463 4559 2491 4614 6
2555 4558 2957 4638 μακαριώτατος
3025 4566 3105 4634 τῷ
3159 4561 3428 4640 πράγματι
3497 4563 3886 4641 φθονήσαντας,

498 4651 771 4713 invidere
801 4657 1037 4732 negotio
1061 4671 1190 4728 suo,
1229 4651 1608 4733 pronuntiata
1629 4652 1702 4713 de
1725 4654 2154 4732 componendis

2282 4668 2328 4702 w
2399 4649 2775 4728 συντακτήριον
2830 4648 3029 4714 ἐξέθετο
3097 4649 3278 4732 λόγον,
3348 4652 3436 4707 καὶ
3495 4651 3742 4733 ἑκουσίως
3795 4661 3890 4710 τοῦ

501 4739 684 4803 rebus
713 4730 1004 4817 oratione,
1060 4730 1276 4804 throno
1323 4741 1488 4803 urbis
1549 4730 1944 4821 imperatricis
2001 4743 2154 4806 ultro

2282 4741 2338 4802 ἧς
2391 4735 2654 4812 βασιλίδος
2711 4739 2893 4816 θρόνου
2949 4737 3230 4818 ἐξίσταται,
3264 4730 3271 4732 ⁷
3308 4739 3402 4808 ἔτη
3473 4730 3548 4816 ιβ’
3628 4742 3889 4824 ἆρχιφα-

499 4831 700 4905 cessit,
737 4849 874 4894 cum
907 4832 1168 4913 pontifex
1197 4831 1368 4893 annis
1397 4849 1482 4893 xu
1506 4829 1734 4893 fuisset.
2239 4827 2448 4890 τεύσας.

579 4906 1324 5001 Νθοίθιίιιείιιδεὶειιδιιιιη
1359 4940 1596 5002 gerens,
1622 4940 1654 4982 a
1683 4937 1752 4983 CL
1767 4919 2036 4983 Patribus
2068 4923 2154 4983 si-

2320 4916 2601 4996 Νεκτάριος
2630 4915 3004 4993 ἆξιωματικὸς,
3065 4920 3166 4976 ὑπὸ
3219 4921 3326 4976 τῶν
3374 4906 3456 4998 ρν’
3500 4919 3748 5000 Πατέρων
3776 4923 3889 4999 ἅμα

501 5010 623 5070 mul
658 5018 716 5072 et
739 5009 1088 5091 baptizatur,
1142 5020 1200 5073 et
1251 5011 1603 5088 ordinatur;
1635 5009 1888 5071 Arcadio
1920 5030 2154 5093 quoque

2282 5007 2326 5062 αὶ
2358 5006 2660 5081 βαπτίζεται
2689 5011 2776 5065 καὶ
2804 5021 3219 5093 χειροτονεῖται,
3251 5010 3340 5065 καὶ
3369 5006 3454 5064 ἐπὶ
3484 5004 3758 5088 Ἀρκαδίου
3785 5012 3887 5090 ἆρ-

499 5087 1249 5178 ιθςιιειιιιθίροηιὶῦοδιυιιι
1280 5118 1514 5179 gerens,
1548 5118 1646 5162 an.
1694 5117 1812 5176 xw,
1847 5087 2154 5174 mens-VI,

2282 5096 2562 5176 ιερατεύει,
2595 5094 2688 5164 ἔτη
2721 5091 2842 5174 ις’,
2889 5087 3059 5174 μῆνας
3089 5087 3192 5171 ς’.

582 5177 1338 5268 Ιοειιιιιεείϐιιιγεοεῐοιιιυὲ,
1372 5207 1470 5250 an.
1505 5207 1560 5260 v,
1599 5206 1790 5251 mens.
1826 5205 1909 5251 v1.

2324 5185 2575 5253 Ἰωάννης
2605 5188 2632 5242 6
2663 5191 3035 5266 Χρυσόστομος
3065 5186 3160 5255 ἔτη
3190 5177 3258 5262 ε’,
3292 5187 3464 5265 μῆνας
3494 5178 3598 5262 ς’.

581 5275 862 5337 Arsacius
895 5266 1219 5358 presbyter,
1252 5277 1510 5340 Nectarii
1539 5278 1740 5351 frater,
1775 5295 1872 5339 an.
1905 5292 1970 5340 tt.

2317 5275 2597 5355 Ἀρσάκιος
2645 5275 3014 5356 πρεσϐύτερος,
3067 5274 3290 5356 ἀδελφὸς
3341 5280 3649 5360 Νεκταρίου,
3679 5277 3772 5345 ἔτη
3801 5266 3881 5356 β’.

583 5363 811 5426 Atticus
855 5363 1161 5445 presbyter
1215 5363 1919 5446 Constantinopolitanus,
1955 5364 2152 5447 impe-

2315 5365 2556 5430 Ἀττικὸς
2583 5363 2928 5447 πρεσϐύτερος
2956 5365 3559 5432 Κωνσταντινουπόλεως
3588 5368 3673 5427 ἐπὶ
3699 5367 3887 5427 Θεοδο-

504 5460 674 5514 raute
704 5451 1046 5516 Theodosio
1081 5454 1334 5532 minore,
1368 5473 1468 5518 an.
1495 5445 1615 5517 xx.
2042 5445 2057 5447 ί

2282 5456 2345 5512 ὀυ
2374 5461 2466 5512 τοῦ
2496 5463 2708 5536 μικροῦ,
2750 5455 2845 5525 ἔτη
2873 5445 2949 5521 κ’.

1829 5621 2084 5686 VARLE
2129 5621 2563 5689 LECTIONES.

585 5729 646 5780 '72
679 5740 1020 5808 Δομετιανοῦ,

588 5849 631 5882 ω
661 5836 843 5901 hodie
870 5838 1054 5922 Pera,
1081 5839 1206 5904 sive
1235 5847 1484 5915 Gazam.
1517 5868 1546 5902 ιι
1575 5841 1659 5906 al.
1688 5839 2016 5904 Domitius.
