4130 6416
289 375 410 445 913

1636 376 2329 446 θΒίΕϐΟ-ΗΟΜΑΝΗΜ

3576 376 3695 448 914

371 519 599 616 Σισίνιος
643 519 990 600 πρεσϐύτερος
1017 525 1116 588 τῆς
1149 520 1313 590 αὐτῆς
1345 517 1687 594 Ἐκκλησίας,
1719 517 1836 580 ἔτος
1862 499 1941 588 α’,

2106 507 2362 572 Sisinius
2410 510 2718 592 presbyter
2779 511 3050 590 ejusdem
3111 509 3414 586 Ecclesiae,
3477 528 3576 572 an.
3631 524 3680 584 ι,

372 629 560 672 ναςι,

333 631 465 676 ηνας
495 631 511 663 ι
545 655 560 672 ,

289 631 331 684 μ
375 697 658 766 Νεστόριος
728 700 757 755 6
811 697 1276 779 ἂνθρωπολάτρης,
1334 696 1676 779 πρεσϐύτερος
1732 693 1951 779 Ἀντιο-

294 787 473 868 χείας,
507 788 632 845 εἶτα
666 775 1289 864 Κωνσταντινουπόλεως,
1323 775 1417 856 ἔτη
1449 778 1524 867 γ’,
1559 775 1732 864 μῆνας
1771 775 1848 864 β’.

375 879 540 942 Οὗτος
585 878 904 955 καθαιρεθεὶς
949 876 1182 956 εὐλόγως
1224 877 1473 959 ἐξωρίσθη
1504 877 1558 934 ἐν
1589 877 1798 940 Ὀάσει.

2029 613 2224 658 mens.
2259 615 2321 661 X.

2108 685 2417 752 Nestorius
2445 688 2707 751 hominis
2757 690 2972 766 cultor,
3013 691 3325 774 presbyter
3362 690 3693 754 Antioche-

2031 793 2166 853 nus,
2192 785 2401 858 postea
2426 778 3138 860 Constantinopolitanus.
3168 799 3267 844 an.
3300 798 3388 862 IIl,
3425 799 3596 843 mens
3625 798 3691 842 ιι.

2033 863 2139 927 Hic
2159 867 2321 946 justa
2350 867 2426 931 de
2455 885 2632 931 causa
2657 869 2990 950 depositus,
3027 870 3089 930 in
3109 867 3314 933 Oasim
3347 871 3692 952 deportatus

2034 953 2163 1016 fuit.

380 1051 707 1136 Μαξιμιανρς
761 1053 1108 1136 πρεσϐύτερος
1155 1051 1796 1129 Κωνσταντινουπόλεως’,
1853 1053 1948 1122 ἔτη

2114 1043 2505 1110 Maximianus
2580 1045 2889 1129 presbyter
2957 1048 3688 1132 Constantinopolitanus,

295 1124 372 1222 ﬁ"
402 1124 577 1219 μῆνάς
605 1125 674 1208 εἴ·
804 1124 814 1133 υ
1020 1124 1030 1136 1

2076 1153 2128 1196 n.
2157 1153 2220 1210 ιι,
2256 1155 2449 1198 mens.
2481 1154 2540 1199 ν.

377 1231 638 1312 Πρόκλος,
719 1233 821 1290 ὑπὸ
890 1233 1121 1291 Σισινίου
1205 1235 1599 1314 χειροτονηθεὶς
1656 1231 1945 1296 ἐπίσκοπος

2110 1225 2461 1302 Proculus,a
2483 1224 2703 1289 Sisinio
2727 1225 2920 1308 Cyzici
2939 1227 3253 1308 episcOpus
3285 1226 3614 1303 ordinatus,
3635 1237 3696 1289 et

299 1322 539 1395 Κυζίκου,
587 1323 676 1378 καὶ
719 1323 796 1398 μὴ
852 1320 1079 1403 δεχθεὶς,
1137 1312 1424 1402 ἐσχόλασε.
1485 1323 1632 1380 Μετὰ
1687 1321 1742 1378 δὲ
1793 1323 1948 1380 θάνα-

2076 1330 2150 1373 on
2176 1312 2493 1392 admissus,
2546 1316 2797 1379 vocavit.
2840 1318 2890 1378 A
2926 1324 3118 1379 morte
3150 1335 3290 1378 vero
3322 1316 3694 1394 Maximiani,

294 1434 386 1470 τον
457 1409 807 1487 Μαξιμιανοῦ,
880 1402 1064 1490 γέγονε
1145 1410 1773 1492 Κωνσταντινουπόλεως,
1831 1433 1950 1468 κει-

2076 1408 2232 1463 ιοῑιιε
2264 1411 2354 1464 est
2385 1405 2633 1467 antistes
2655 1403 3231 1488 Constanﬁquolis,
3257 1424 3392 1467 cum
3423 1405 3586 1468 illius
3602 1425 3697 1468 ca-

299 1501 460 1578 μένου
503 1509 594 1559 τοῦ
623 1500 874 1577 λειψάνου
940 1503 1096 1559 αύτοῦ
1154 1501 1208 1558 ὲν
1250 1509 1327 1576 τῷ
1381 1499 1660 1576 διακονικῷ
1690 1519 1706 1534 ⁸
1758 1490 1952 1583 -ἆρχιε-

2079 1509 2217 1552 aver
2273 1492 2333 1553 in
2399 1493 2652 1558 diacono
2721 1495 2972 1575 jaceret.
3057 1495 3298 1558 Prmfuit
3364 1495 3695 1557 sacerdotio

301 1591 555 1671 ρατεύσας
585 1589 679 1658 ἔτη
726 1592 776 1668 ιβ
788 1579 818 1653 ’,

377 1678 680 1762 Φλαϐιανὸς
709 1676 1055 1760 πρεσϐύτερος
1087 1679 1711 1762 Κωνσταντινουπόλεως,
1746 1680 1840 1748 ἔτη
1869 1670 1944 1758 β’,

296 1775 472 1845 μῆνας
496 1759 601 1844 ς’,
628 1772 792 1835 Οὗτος
822 1767 1075 1840 ἐξεϐλήθη
1104 1770 1204 1826 ὑπὸ
1238 1770 1520 1850 Διοσκόρου
1549 1770 1603 1826 ἐν
1629 1759 1705 1846 τῇ*
1729 1769 1946 1850 λῃστρι-
1967 1805 2006 1855 Β

331 1864 360 1875 α..
505 1857 548 1882 'N
621 1856 635 1879 9
733 1858 742 1878 ν

292 1882 366 1936 κῃ
394 1875 592 1932 συνοοῳ
643 1867 863 1938 Εφεσου.

381 1947 686 2014 Ἐνατόλιος
718 1947 1085 2029 πρεσϐύτερος,
1107 1949 1503 2029 ἆποκρισιάριος
1535 1947 1949 2031 Ἀλεξανδρείας,

294 2040 382 2097 ἐπὶ
427 2045 748 2121 Μαρκιανού,
785 2039 870 2095 καὶ
901 2038 985 2095 ἐπὶ
1013 2037 1252 2121 ΔΛέοντος
1282 2044 1373 2094 τοῦ
1396 2037 1628 2116 μεγάλου
1661 2037 1950 2121 Ἀρχιερα-

294 2129 487 2194 τεύσας
515 2115 611 2195 ἔτη
644 2116 726 2202 η’,
759 2128 932 2202 μῆνας
963 2115 1043 2194 η’.

380 2215 652 2280 Γεννάδιος
697 2213 1040 2295 πρεσϐύτερος
1075 2215 1706 2297 Κωνσταντινουπόλεως,
1737 2217 1831 2285 ’ἐτη
1856 2207 1951 2296 ιγ’,

2072 1597 2226 1642 rimo
2253 1599 2350 1642 an.
2375 1599 2479 1645 XII.

2072 1599 2226 1642 rimo
2253 1599 2350 1642 an.
2375 1599 2479 1645 xu.

2032 1599 2067 1659 Ρ
2113 1669 2428 1734 Flavianus
2458 1671 2764 1754 presbyter
2785 1673 3606 1755 Constantinopolitauus,an.
3630 1690 3696 1748 ιι,

2030 1775 2226 1820 mens.
2257 1777 2332 1822 νι.
2373 1761 2480 1823 Hic
2512 1781 2546 1823 a
2570 1762 2842 1825 dioscoro
2872 1763 2981 1826 fuit
3013 1765 3241 1845 ejectus
3279 1763 3340 1824 in
3395 1763 3696 1845 Ephesino

2034 1845 2332 1910 latronum
2364 1849 2641 1912 concilio.

2114 1939 2424 2002 Anatolius
2448 1940 2775 2022 presbyter,
2806 1941 3207 2022 apocrisarius
3226 1940 3695 2022 Alexandrinus,

2037 2035 2153 2087 tam
2175 2027 2510 2109 imperante
2540 2031 3046 2112 Marciano,quam
3067 2034 3266 2095 Leone
3288 2038 3694 2113 magno‘pon-

2037 2115 2324 2179 tiﬁcatum
2355 2138 2455 2184 an.
2490 2137 2618 2202 vm,
2651 2140 2845 2183 mens.
2877 2139 3006 2198 VIII,
3038 2123 3244 2200 gessit.

2120 2204 2465 2270 Gennadius
2545 2213 2858 2291 presbyter
2955 2209 3694 2291 Constantinopolitauus,

296 2311 475 2383 μῆνας
518 2296 592 2383 β’.
629 2303 752 2362 Ἐπὶ
786 2304 972 2362 τούτου
1015 2306 1043 2360 6
1087 2302 1328 2369 Στούδιος
1377 2303 1549 2361 ἔκτισε
1591 2307 1684 2362 τὸν
1712 2309 1836 2362 ναὸν
1864 2317 1952 2367 τοῦ

2076 2314 2136 2356 ιι.
2171 2313 2296 2374 xm,
2334 2317 2523 2360 mens.
2585 2317 2651 2363 ιι.
2712 2300 2838 2362 Hoc
2887 2301 3194 2381 pontiﬁce,
3229 2299 3474 2363 Studius
3505 2298 3694 2360 mdem

296 2394 450 2474 ἄγίου
493 2394 736 2453 Ἰωάννου
780 2400 873 2450 τοῦ
917 2393 1242 2473 Προδρόμου,
1318 2395 1405 2449 καὶ
1460 2396 1698 2474 μοναχὸν
1749 2394 1809 2451 ἑκ
1848 2401 1952 2452 τῶν

2076 2385 2227 2446 aucti
2285 2387 2530 2450 Joannis
2579 2391 2968 2452 Prmcursoris
3013 2391 3319 2466 exstruxit,
3384 2395 3442 2450 et
3487 2405 3698 2449 mona-

296 2485 637 2560 Ἀκοιμήτων
667 2481 1052 2563 ἐγκατέστησεν
1093 2483 1164 2546 εἰς
1209 2483 1388 2542 αὐτόν.
1423 2480 1722 2541 Ἐϐασίλευε
1751 2483 1805 2540 δὲ
1835 2485 1952 2542 τότε

2076 2474 2212 2536 hum
2248 2493 2280 2536 e
2312 2477 2563 2558 collegio
2587 2497 2815 2539 sommo
2839 2478 3275 2542 abstinentium
3293 2479 3358 2540 in
3390 2495 3520 2540 eam
3544 2495 3696 2539 con-

296 2573 446 2632 Λέων
483 2577 511 2631 6
544 2575 723 2653 Μέγας
736 2621 750 2636 .

381 2661 644 2729 Φλαϐίτας
673 2659 1020 2742 πρεσϐύτερος
1048 2664 1148 2728 τῆς
1181 2660 1332 2738 ἁγίας
1357 2739 1364 2742 Δ
1390 2657 1710 2729 Ἐκκλησιας
1743 2669 1950 2740 Συκῶν,

297 2751 393 2810 ὶπί
441 2737 726 2823 Ζήνωνος,
755 2737 1039 2830 μῆναςῠγλ
1085 2737 1288 2828 ἡμέράς
1316 2739 1384 2821 ζ’.

377 2841 630 2905 Ἀκάκιος
687 2838 1058 2921 πρεσϐύτερος,
1118 2841 1398 2916 αἱρετικὸς,
1459 2838 1544 2897 ἐπὶ
1587 2839 1954 2916 ’Λναστασίου,

296 2931 393 3000 ἔτη
426 2921 515 3006 ιζ’,
549 2936 723 3008 μῆνας
752 2929 832 2994 θ’.

383 3022 650 3103 Εὖφήμιος
682 3017 1028 3099 πρεσϐύτερος
1055 3021 1683 3102 Κωνσταντινουπόλεως,
1705 3023 1793 3078 καὶ
1821 3044 1965 3078 πτω-

298 3085 583 3193 χοτρόξρῶς
616 3085 960 3193 Νεαίπόλεως,
1005 3085 1259 3193 ἐξεϐλήθη
1307 3113 1407 3169 ὑπὸ
1459 3085 1824 3188 Ἀναστασίου,
1860 3111 1955 3192 ἀρ·
1981 3085 2021 3136 C

297 3188 652 3282 itepareéoac
698 3199 800 3256 ἕτω
831 3199 912 3274 ις’
923 3188 954 3280 ’,
990 3204 1165 3276 μῆνας
1209 3190 1279 3272 ζ’,

382 3376 729 3450 Μακεδόνιος,
760 3375 1013 3448 ἐξεϐλήθη
1043 3381 1130 3436 καὶ
1163 3380 1345 3446 αὑτός.

379 3469 632 3544 Τιμόθεος
715 3464 1067 3548 πρεσϐύτερος
1178 3467 1786 3534 Κωνσταντινουπόλεως
1869 3467 1958 3528 καὶ

297 3556 643 3639 σκευοφύλαξ,
688 3556 773 3614 ἐπὶ
815 3556 1158 3616 Ἀναστασίου
1199 3560 1286 3616 καὶ
1342 3559 1643 3635 Ἰουστίνου,
1708 3558 1804 3627 ἔτη
1848 3549 1952 3636 ς’,

304 3648 486 3726 ἥμισυ.

385 3728 630 3805 ’[ωάννης
661 3739 689 3793 6
743 3735 1128 3815 Καππαδόκης,
1179 3735 1526 3818 πρεσϐύτερος
1581 3741 1670 3798 καὶ
1726 3739 1954 3820 σύγκελέ

296 3827 388 3892 λος
431 3832 530 3895 τῆς
562 3825 726 3894 αὐτῆς
758 3823 1101 3907 Ἐχκλησίας,
1147 3817 1232 3884 ἐπὶ
1262 3817 1653 3909 ἰουστινιανοῦ,
1713 3817 1830 3894 ἔτος
1875 3817 1952 3906 α’,

299 3920 475 3994 μῆνας
511 3906 572 3976 ι’.

377 4004 689 4086 Ἐπιφάνιος
758 4001 1117 4086 πρεσϐύτερος
1193 4005 1799 4086 Κωνσταντινουπόλεως
1870 4006 1957 4064 καὶ

295 4083 611 4175 σύγκελλος,
647 4093 740 4161 ἔτη
787 4083 909 4175 ις’,
955 4083 1133 4170 μηνας
1170 4083 1246 4174 γ’.

398 4187 625 4259 Λνθιμος
683 4181 1068 4263 Τραπεξοῖωτος
1153 4183 1440 4248 ἐπίσκοπος
1497 4185 1774 4264 πρότερον,
1834 4184 1958 4242 εἶτα

301 4275 941 4350 Κωμσταντινουπόλεως,
994 4277 1166 4349 μῆνας
1226 4265 1298 4334 δ’.
1358 4277 1522 4338 Οὗτος
1565 4274 1826 4355 καθῃρέθη
1856 4275 1957 4332 ὑπὸ

299 4369 399 4431 τῆς
443 4364 578 4420 κατὰ
618 4370 710 4420 τοῦ
739 4359 978 4441 Σεϐήρου
1010 4362 1356 4432 συνελθούσης
1388 4362 1625 4426 συνόδου.

381 4458 565 4520 Μηνᾶς
624 4449 971 4531 πρεσϐύτερος
1017 4452 1624 4518 Κωνσταντινουπόλεως
1679 4475 1766 4510 και
1839 4457 1954 4510 Ξε-

298 4539 521 4622 νοδόχος
551 4547 656 4599 τῶν
688 4543 953 4618 Σαμψὼν,
985 4540 1079 4610 ἔτη
1127 4532 1249 4618 ις’,
1283 4549 1458 4619 μῆνας
1486 4532 1588 4617 ς’.

381 4631 638 4711 Εὐτύχιος
666 4627 1016 4712 πρεσϐύτερος
1047 4632 1135 4688 καὶ
1165 4633 1402 4712 μοναχὸς
1430 4637 1536 4687 τῶν
1587 4633 1643 4687 εν
1701 4627 1958 4706 Ἀμασείᾳ

298 4702 672 4799 μοναστηρίου,
706 4702 802 4786 ἔτη
849 4702 945 4794 ιβῖ
998 4702 1175 4796 μῆνας
1202 4710 1272 4780 ε’.
1310 4702 1494 4785 ’δῦτος
1555 4702 1810 4791 ἐξεϐλήθη
1854 4702 1955 4776 61:6

301 4807 675 4868 Ἰουστινιανοῦ
716 4815 792 4882 τῷ
821 4799 881 4865 λ⁹
909 4807 1011 4866 ἔτει
1040 4815 1138 4879 τῆς
1170 4812 1326 4868 αὐτοῦ
1354 4809 1650 4888 βασιλείας.

379 4897 634 4967 Ἰωάννης
665 4896 1010 4980 πρεσϐύτερος
1042 4896 1400 4980 Ἀντιοχείας,
1447 4902 1474 4956 6
1518 4899 1624 4956 άπὸ
1654 4898 1954 4980 σχολαστι-

295 4996 428 5064 κῶν,
475 4987 570 5055 ’ἐτη
617 4975 717 5064 ιβ’,
757 4975 933 5062 μῆνας.
982 4989 1046 5062 ς·
1055 4977 1085 5051 ’,
1150 4975 1313 5052 Οὗτος
1371 4987 1456 5045 ἐπὶ
1511 4975 1792 5046 Ἰουστίνου
1847 4990 1956 5044 υἱοῦ

296 5079 687 5151 ἰουστινιανοῦ,
744 5078 832 5133 καὶ
873 5077 960 5134 ἐπὶ
989 5075 1248 5158 Τιϐερίοι,

380 5167 638 5246 Εοῖιτύχιος
687 5164 849 5223 πάλιν
917 5166 1275 5239 ἀποκατέστη,
1339 5169 1367 5223 6
1416 5167 1690 5246 πρότερον,
1737 5166 1823 5246 ἐπὶ
1865 5175 1958 5226 τοῦ

297 5257 456 5316 αύτοῦ
494 5244 742 5336 ,Τιϐερίου
782 5272 796 5290 ⁶
846 5254 1258 5335 ἀρχιερατεύσας
1330 5255 1474 5321 αὖθις
1546 5244 1640 5323 ἔτη
1704 5244 1776 5336 δ’,
1839 5260 1954 5332 μῆ-

295 5370 391 5412 νας
421 5334 525 5421 ς’.

376 5435 630 5500 Ἰωάννης
705 5429 946 5498 διάκονος
1003 5433 1100 5502 τῆς
1191 5432 1434 5512 μεγάλης
1506 5432 1852 5510 Ἐκκλησίας,
1928 5435 1957 5490 6

298 5524 628 5598 Νηστευτης,
659 5523 1082 5603 ἒπὶΜαυρικίου,
1129 5523 1223 5590 ἔτη
1257 5513 1354 5603 ιγ’,
1389 5528 1562 5598 μῆνας
1608 5514 1678 5584 ε’.

380 5613 638 5693 Κυριακὸς
711 5608 1060 5690 πρεσϐύτερος
1123 5618 1222 5680 τῆς
1301 5613 1462 5681 αὐτῆς
1521 5611 1761 5692 μεγάλης
1823 5607 1954 5669 Ἐκ-

2036 2562 2244 2624 stituit.
2277 2568 2415 2627 Erat
2442 2575 2582 2629 tunc
2614 2567 2939 2648 imperator
2969 2571 3084 2630 Leo
3117 2586 3386 2648 magnus.

2035 2651 2297 2714 Flavitas
2318 2655 2641 2747 presbyter
2688 2665 2910 2747 sanctae
2955 2657 3238 2722 Ecclesiae
3281 2660 3546 2747 Sycenaa,
3580 2655 3696 2717 im-

2042 2749 2288 2821 perante
2315 2743 2576 2821 Zenone,
2610 2745 2916 2808 mensibus
2946 2763 3032 2822 ιιι,
3065 2747 3281 2809 diebus
3310 2743 3411 2809 νιι.

2122 2829 2374 2894 Acacius
2405 2834 2732 2918 presbyter,
2756 2834 3437 2918 haereticus,imperante
3457 2838 3704 2898 Anasta-

2047 2936 2160 2994 ειο,
2195 2939 2270 2981 an
2325 2940 2465 2998 xvu,
2497 2943 2688 2986 mens.
2724 2943 2810 2992 Ix.

2130 3009 2498 3091 Euphemius
2530 3014 2844 3095 presbyter
2895 3015 3613 3096 Constantinopolitanus,
3647 3021 3707 3076 et

2047 3100 2513 3181 ptocbotrophus
2558 3102 3002 3186 Neapolitanus,
3055 3107 3284 3187 ejectus
3310 3113 3399 3168 est
3430 3105 3502 3166 ab
3533 3106 3700 3166 Aua-

2041 3187 2222 3252 stasio
2293 3210 2428 3252 cum
2503 3194 2786 3273 gessisset
2869 3195 3281 3277 pontiﬁcatum
3368 3213 3508 3256 ann.
3574 3210 3696 3271 xvr,

2042 3295 2234 3340 mens.
2267 3297 2372 3344 VII.

2121 3370 2522 3459 Macedonius,
2553 3375 2779 3455 ejectus
2809 3384 2868 3438 et
2897 3377 3048 3459 ipse.

2119 3458 2466 3524 Timotheus
2520 3465 2830 3546 presbyter
2873 3458 3582 3549 constantinOpolitauus,
3642 3473 3703 3530 et

2037 3565 2310 3609 vasorum
2336 3552 2998 3635 custos,imperantibus
3018 3556 3334 3619 Anastasio
3358 3565 3417 3620 et
3437 3557 3696 3635 Justino,

2037 3654 2134 3698 an.
2167 3655 2225 3699 γι
2255 3637 2319 3702 S.

2115 3728 2375 3790 Joannes
2404 3728 2741 3812 Cappadox,
2774 3733 3087 3816 presbyter
3115 3744 3173 3798 et
3203 3735 3498 3817 syncellus
3529 3737 3696 3818 ejus-

2039 3815 2174 3879 dem
2204 3815 3124 3905 Ecclesize,regnante_Justiano,
3153 3815 3250 3888 an.
3286 3841 3327 3904 1,
3357 3841 3526 3887 mens
3553 3815 3614 3890 ιι.

2121 3988 2493 4072 Epiphanius
2552 3993 2856 4076 presbyter
2896 3994 3582 4077 Constantinopolitanus
3640 4003 3701 4059 et

2039 4079 2355 4158 syncellus,
2390 4099 2486 4146 an.
2520 4100 2642 4155 xvr,
2679 4103 2874 4148 mens.
2909 4103 2998 4148 ιιι.

2119 4169 2460 4248 Anthimus,
2499 4172 2692 4253 primo
2723 4172 3111 4256 Trapezuntis
3128 4173 3698 4255 episcopus,deinde

2039 4258 2751 4342 Constantinopolitanus,
2780 4265 3037 4328 mensib.
3064 4280 3150 4326 iv.
3184 4263 3502 4346 Depositus
3532 4263 3644 4327 fuit
3667 4283 3702 4327 a

2039 4347 2296 4410 concilio
2327 4361 2534 4413 contra
2557 4354 2841 4415 Severum
2875 4364 3103 4416 coacto.

2120 4439 2323 4526 Menas
2354 4440 2662 4520 presbyter
2701 4441 3394 4526 Constantinopolitanus
3421 4449 3478 4505 et
3500 4443 3699 4506 Xeno-

2040 4522 2236 4588 dochii
2271 4525 2642 4609 Sampsonici
2675 4531 3008 4611 praefectus,
3048 4522 3122 4594 an
3143 4550 3265 4609 xvr,
3302 4551 3493 4596 mens.
3533 4549 3612 4596 v1.

2122 4614 2436 4697 Eutycbius
2467 4618 2772 4700 presbyter
2830 4629 2889 4683 et
2920 4623 3246 4684 monachus
3287 4623 3346 4684 in
3397 4621 3700 4684 Amaseno

2039 4704 2425 4793 monasterio,
2459 4724 2532 4767 an
2563 4723 2670 4783 XII,
2731 4727 2922 4772 mens.
2956 4729 3016 4774 ν.
3072 4711 3180 4773 Hic
3214 4710 3497 4793 expulsus
3524 4710 3636 4772 fuit
3665 4730 3701 4774 a

2038 4791 2371 4880 Justiniano
2393 4812 2548 4856 anno
2578 4795 2817 4878 imperii
2846 4800 2974 4880 ejus
3007 4817 3147 4862 xxx.

2117 4879 2377 4945 Joannes
2409 4884 2717 4966 presbyter
2736 4879 3471 4972 AntiOchenus,quondam
3499 4897 3697 4969 patro-

2037 4983 2149 5060 nus
2178 4990 2619 5060 causarum,an.
2641 4993 2744 5057 xu,
2765 4995 2958 5043 mens.
2980 4996 3059 5040 vr.
3088 4980 3330 5044 Praefuit
3359 4980 3695 5060 imperante

2037 5057 2272 5123 Justino
2295 5061 2416 5123 ﬁlio
2446 5063 2776 5147 [adoptivo]
2807 5066 3148 5146 Justiniani,
3177 5078 3236 5132 et
3263 5057 3530 5132 Tiberio.

2123 5150 2444 5232 Eutycbius
2461 5153 2604 5214 olim
2626 5154 2942 5238 antistites,
2979 5159 3193 5220 iterum
3217 5158 3550 5230 restitutus,
3585 5177 3694 5221 eo-

2039 5239 2174 5301 dem
2205 5240 2443 5303 Tiberio
2471 5253 2779 5324 regnante,
2802 5247 3212 5327 pontiﬁcatum
3244 5267 3454 5312 rursus
3473 5268 3569 5312 an.
3609 5267 3689 5314 ιν.

2041 5347 2236 5390 mens.
2271 5347 2348 5406 ιν,
2381 5331 2583 5411 gessit.

2119 5423 2378 5486 Joannes
2406 5424 2694 5489 diaconus
2725 5429 2970 5510 majoris
2997 5431 3305 5509 Ecclesiae,
3339 5429 3708 5513 cognomine.

2032 5512 2358 5604 jejunator,
2392 5514 2724 5596 imperante
2752 5519 3066 5603 Mauricio,
3099 5540 3199 5587 an.
3229 5540 3358 5604 xm,
3406 5512 3596 5586 mens.
3631 5540 3690 5585 v.

2121 5602 2406 5683 Cyriacus
2439 5606 2748 5689 presbyter
2782 5602 3058 5690 ejusdem
3073 5613 3319 5694 majoris
3343 5602 3618 5676 ecclesiae
3636 5622 3698 5678 et
