4130 6422
467 307 586 374 915

1852 305 1886 366 ,Ι
1891 303 1984 366 US
2026 300 2478 370 CANONICUM

3741 306 3872 372 916

463 459 837 521 aconomus,
884 440 1097 506 eodem
1127 439 1460 523 imperante
1490 440 1800 517 Mauricio,
1835 448 1894 503 et
1924 441 2099 503 Phoci

2225 438 2447 516 ιλησίας,
2495 443 2583 498 καὶ
2607 442 2907 518 οἰκονόμος,
2967 441 3052 498 ἐπὶ
3094 449 3186 498 τοῦ
3230 443 3388 501 αὐτοῦ
3428 443 3737 520 Μαυρικίου,
3769 423 3870 500 κα.ὶ

460 537 736 612 tyranno,
762 549 866 592 an.
892 547 954 594 ιι

546 619 806 683 Thomas
826 619 1114 682 diaconus
1126 626 1185 681 et
1206 619 1795 701 sacellariusMajoris
1815 619 2118 695 Ecclesia,

459 717 753 788 regnanto
783 710 976 772 Phoca
1007 707 1661 791 eodem,pontiﬁcatum
1685 710 1866 790 gessit
1896 729 1998 772 an.
2033 725 2116 786 ιιι,

461 817 658 861 mens.
685 815 750 862 Il.

541 887 796 966 Sergius
809 887 1094 952 diaconus
1117 885 1382 967 ejusdem
1395 885 1993 968 Ecclesia,regnante
2009 887 2122 950 He-

461 978 645 1040 raclio
676 992 947 1059 augusto,
979 997 1082 1040 an.
1103 992 1306 1052 xxvm,
1344 995 1536 1041 mens.
1565 993 1670 1043 vn.

457 1068 719 1148 Pyrrhus
776 1067 1087 1150 presbyter
1121 1066 1387 1146 ejusdem
1421 1066 1726 1147 Ecclesia,
1764 1068 2116 1145 monachus,

459 1165 520 1218 et
547 1176 767 1239 prases
799 1155 1324 1231 monasteriorum,
1376 1164 1435 1218 et
1463 1156 1648 1218 abbas
1679 1157 2119 1238 Chrysopolita-

457 1265 595 1323 nus,
630 1247 925 1310 seditione
953 1253 1271 1322 commota,
1299 1247 1684 1308 renuntiavit:
1706 1266 1838 1309 cum
1859 1247 2118 1327 pontifex

455 1337 669 1400 fuisset
697 1357 772 1400 an
801 1355 865 1412 ιι,
903 1355 1096 1400 mens.
1128 1354 1207 1412 Ix,
1241 1335 1454 1397 diebus
1479 1353 1561 1399 ix.

541 1427 754 1489 Paulus
783 1425 1056 1507 ejusdem
1117 1424 1427 1507 presbyter
1460 1424 1833 1501 Ecclesia,et
1861 1444 2107 1490 aconc-

458 1538 614 1596 mus,
650 1519 926 1582 Heraclio
951 1525 1236 1598 regnante
1266 1536 1359 1580 an.
1397 1535 1501 1580 xu.

540 1607 797 1690 Pyrrhus
827 1607 1048 1670 iterum
1079 1606 1411 1682 restitutus,
1447 1624 1616 1669 mens
1636 1624 1717 1669 1v.

2207 528 2293 586 ἐπὶ
2321 536 2486 587 Φωκᾶ
2528 537 2617 588 τοῦ
2647 531 2918 611 τυράννου,
2950 531 3046 599 ἔτη
3079 530 3153 587 ια’
3168 580 3181 594 ,

2289 624 2484 695 Θωμᾶς
2527 617 2766 683 διάκονος
2797 621 2886 677 καὶ
2933 619 3278 700 σακελλάριος
3307 625 3404 687 τῆς
3438 618 3691 698 Μεγάλης
3721 617 3862 678 Ἐκ-

2203 705 2451 786 κλησίας,
2486 708 2571 767 ἐπὶ
2600 718 2693 767 τοῦ
2734 711 2890 767 αὐτοῦ
2947 717 3130 786 Φωκᾰ,
3193 710 3605 791 ἀρχιερατεύσας
3636 709 3731 778 ἔτη
3774 709 3859 790 γ’,

2205 802 2379 873 μῆνας
2409 798 2482 876 β’.

2286 887 2503 966 Σέργιος
2532 888 2770 955 διάκονος
2799 895 2897 957 τῆς
2946 893 3107 956 αὐτῆς
3170 886 3512 969 Ἐκκλησίας,
3569 887 3657 945 ἐπὶ
3700 878 3864 969 Ἠρα-

2204 973 2380 1032 κλείου
2410 975 2693 1054 βασιλέως,
2728 977 2822 1045 ἔτη
2849 975 2973 1053 κη’,
3004 983 3178 1054 μῆνας
3209 975 3288 1048 ς’.

2287 1065 2480 1145 Πύῤῥος
2511 1065 2856 1148 πρεσϐύτερος
2885 1067 2980 1135 τῆς
3040 1066 3202 1133 αὐτῆς
3247 1062 3565 1131 Ἐκκλησίας
3610 1068 3857 1147 μοναχὸς

2203 1154 2290 1210 καὶ
2319 1154 2503 1236 ἄρχων
2529 1158 2633 1213 τῶν
2677 1157 3065 1236 μοναστηρίων,
3117 1159 3204 1212 καὶ
3249 1153 3540 1232 ἡγούμενος
3572 1157 3857 1232 Χρυσοπό-

2202 1241 2361 1318 λεως,
2395 1246 2626 1308 στάσεως
2669 1245 2962 1324 γενομένης
3018 1245 3390 1323 παρῃτήσατο,
3438 1243 3856 1324 ἀρχιερατεύσας

2200 1330 2295 1399 ἔτη
2326 1332 2400 1413 β’,
2435 1339 2611 1410 μῆνας
2641 1334 2712 1410 θ’,
2745 1333 2947 1414 ἡμέρας
2977 1333 3048 1393 θ’.

2272 1421 2478 1490 Παῦλος
2506 1421 2849 1504 πρεσϐύτερος
2878 1429 2976 1492 τῆς
3009 1427 3173 1490 αὒτῆς
3203 1418 3549 1502 Ἐκκλησίας,
3580 1422 3667 1479 καὶ
3694 1423 3850 1480 οἷκο-

2193 1512 2376 1589 νόμος,
2412 1513 2496 1570 ἐπὶ
2524 1523 2615 1572 τοῦ
2644 1515 2799 1570 αὐτοῦ
2845 1505 3176 1594 Ἡρακλείου,
3210 1512 3305 1579 ἔτη
3339 1509 3436 1588 ιβ’.

2273 1601 2468 1681 Πύῤῥος
2499 1601 2656 1659 πάλιν
2685 1601 3048 1678 ἀποκατέστη,
3097 1606 3273 1677 μῆνας
3315 1597 3386 1658 δ’.

535 1669 744 1760 Petrus
772 1697 1058 1760 diaconus
1115 1704 1174 1758 et
1223 1715 1567 1758 aconomus
1594 1696 1863 1776 ejusdem
1889 1698 2099 1761 Eccle-

2271 1669 2467 1770 Πέτρος
2493 1689 2731 1754 διάκονος
2753 1693 2840 1748 καὶ
2869 1669 3144 1766 οἰκονόμος
3165 1689 3261 1776 τῆς
3292 1690 3458 1776 αὐτῆς
3490 1686 3844 1766 Ἐκκλησίας,

457 1786 582 1863 sia,
663 1794 950 1866 regnante
1031 1784 1416 1849 Constantino
1460 1800 1485 1830 0
1542 1786 1805 1849 Heraclii
1861 1794 2102 1870 nepote,

449 1894 526 1938 an
545 1893 650 1953 xu,
686 1895 876 1939 mens.
913 1893 992 1940 ιν.
1253 1947 1256 1950 ,

533 1965 792 2028 Thomas
817 1965 1104 2028 diaconus
1148 1974 1207 2027 et
1236 1964 1628 2029 chartularius
1659 1964 1930 2045 ejusdem
1980 1966 2098 2029 Ec-

444 2055 664 2137 clesia,
697 2075 797 2118 an.
830 2073 911 2132 ix,
945 2075 1139 2118 mens.
1171 2072 1272 2118 vn.

529 2144 790 2208 Joannes
821 2145 1128 2227 presbyter
1159 2153 1224 2208 et
1260 2143 1656 2207 chartularius
1683 2144 1950 2225 ejusdem
1985 2145 2101 2208 Ec-

448 2235 671 2317 clesia,
706 2253 805 2297 an.
832 2252 891 2310 ν,
922 2253 1117 2297 mens.
1149 2252 1232 2296 ix.

530 2323 953 2389 Constantinus
982 2323 1273 2386 diaconus
1304 2322 1572 2402 ejusdem
1605 2321 1908 2400 Ecclesia,
1935 2343 2104 2386 vaso-

450 2432 708 2496 rumque
738 2421 1022 2495 custos,et
1046 2429 1412 2487 (economus,
1433 2411 1642 2474 eodem
1668 2411 2050 2476 Constantino
2080 2427 2106 2469 ι)

451 2503 809 2585 imperante,
871 2521 1005 2563 cum
1064 2499 1470 2582 pontiﬁcatum
1534 2519 1630 2564 an.
1665 2519 1727 2580 ιι,
1789 2522 1982 2570 mens.
2018 2523 2102 2582 ιιι,

448 2592 752 2671 gessisset,
776 2592 1007 2672 ejectus
1030 2597 1144 2652 est.

528 2677 1567 2763 Georginhpresbyter,syncellus,et
1586 2698 1855 2743 vasorum
1882 2692 2102 2763 custos,

450 2771 662 2835 eodem
685 2773 1009 2833 Constante
1029 2769 1392 2850 imperatore
1420 2776 1479 2830 et
1500 2769 1909 2849 Constantino,
1947 2773 2104 2838 Con-

460 2863 669 2925 stantis
716 2861 862 2938 ﬁlio,
925 2877 1254 2940 coguomen
1315 2857 1547 2921 Barbati
1577 2861 1861 2944 gerentis,
1894 2883 2102 2946 an.m,

447 2968 641 3014 mens.
669 2970 754 3017 Ῑῐῐ.

523 3042 874 3106 Theodorus
903 3039 1212 3122 presbyter
1243 3039 1512 3120 ejusdem
1535 3040 1844 3118 Ecclesia,
1871 3047 2101 3125 syncel-

444 3130 561 3208 lus,
600 3139 658 3194 et
682 3149 960 3194 vasorum
991 3136 1211 3211 custos,
1237 3128 1409 3190 annis
1439 3145 1502 3205 ιι,
1541 3136 1601 3191 et
1629 3128 1846 3192 deinde
1869 3134 2096 3212 pulsus.

443 3219 794 3284 Theodorus
844 3221 1032 3296 idem,
1083 3217 1336 3282 Barbato
1368 3217 1579 3280 eodem
1611 3218 1964 3301 imperante,
1998 3243 2100 3288 re-

444 3311 682 3374 stitutus
712 3311 774 3372 in
823 3311 1142 3389 integrum,
1176 3316 1479 3391 tanquam,
1557 3326 1733 3370 verus
1766 3312 2102 3391 patriarcha

444 3401 856 3482 pontiﬁcatum
889 3401 1073 3479 gessit
1101 3417 1197 3462 an.
1229 3415 1271 3474 ι,
1306 3416 1500 3460 mens.
1532 3415 1594 3459 x.

524 3489 762 3567 Paulus,
795 3507 866 3552 ex
892 3488 1079 3566 laicis,
1107 3487 1335 3570 primus
1364 3505 1399 3549 a
1427 3488 1698 3568 secretis,
1733 3491 1944 3555 eodem
1975 3493 2096 3556 im—

443 3588 691 3662 perante
721 3579 1000 3658 Barbato,
1032 3599 1131 3644 an.
1161 3597 1246 3658 ιιι,
1279 3597 1472 3642 mens.
1504 3597 1630 3642 vni.

525 3669 845 3734 Callinicus
888 3669 1219 3752 presbyter,
1251 3677 1309 3732 et
1338 3675 1536 3731 custos
1563 3688 1836 3734 vasorum
1867 3672 1929 3734 in
1962 3676 2097 3738 Bla-

436 3759 702 3843 chernis,
729 3760 1068 3842 imperante
1096 3758 1452 3835 Justiniano,
1477 3757 1714 3822 Barbati
1747 3759 1891 3843 lilio,
1927 3765 2096 3826 nari-

435 3848 550 3912 bus
585 3850 876 3929 mutilato,
910 3869 1009 3914 an.
1040 3868 1140 3915 xn.

517 3939 703 4020 Cyrus
733 3940 1064 4022 presbyter,
1092 3947 1152 4004 et
1193 3939 1526 4002 monachus
1556 3955 1625 4000 ex
1655 3937 1851 4002 insula
1873 3944 2089 4006 Amas-

431 4025 611 4110 tride,
671 4028 885 4091 eodem
963 4027 1297 4091 Justiuiano
1384 4027 1740 4108 imperante,
1825 4027 2090 4110 itemque

432 4133 533 4178 an.
567 4134 647 4195 γι,
681 4117 902 4181 deinde
931 4117 1162 4201 pulsus.

514 4204 776 4269 Joannes
823 4207 1133 4289 diaconus,
1184 4213 1243 4269 et
1291 4205 1688 4268 chartularius
1705 4205 1918 4269 domus
1938 4225 2092 4271 aco-

2186 1778 2273 1838 ὲπὶ
2318 1769 2710 1838 Κωνσταντίνου
2738 1779 2821 1855 75,
2869 1779 3084 1859 ἐκγόνου
3111 1789 3204 1839 τοῦ
3236 1769 3565 1857 Ἡρακλείου,
3611 1777 3705 1846 ἔτη
3737 1778 3840 1856 ιβ’,

2186 1873 2361 1945 μῆνας
2393 1869 2468 1932 δ’.

2267 1966 2460 2036 Θωμᾶς
2491 1957 2727 2025 διάκονος
2775 1960 2860 2017 καὶ
2912 1954 3248 2038 χαρτοφύλαξ
3278 1956 3374 2026 τῆς
3404 1959 3568 2024 αὐτῆς
3597 1954 3842 2025 Ἐκκλη-

2187 2048 2326 2125 σίας,
2360 2049 2454 2116 ἔτη
2498 2049 2576 2124 θ’,
2622 2056 2796 2126 μῆνας
2826 2048 2896 2120 ζ’.

2271 2136 2520 2206 Ἰωάννης
2572 2136 2915 2218 πρεσϐύτερος
2986 2136 3073 2195 καὶ
3131 2134 3467 2217 χαρτοφύλαξ
3520 2141 3620 2205 τῆς
3672 2135 3839 2204 αὐτῆς

2187 2222 2534 2309 Ἐκκλησίας,
2565 2228 2659 2296 ἔτη
2704 2227 2780 2303 ε’,
2816 2227 2988 2304 μῆνας
3015 2223 3088 2284 Θ’.

2272 2326 2672 2382 Κωνστανττνος
2767 2314 3008 2378 διάκονος
3074 2315 3174 2380 τῆς
3246 2312 3408 2380 αὐτῆς
3480 2310 3827 2395 Ἐκκλησίας,

2190 2406 2275 2461 καὶ
2319 2405 2660 2486 σκευοφύλαξ,
2694 2407 2781 2462 καὶ
2824 2405 3123 2480 οἰκονόμος,
3171 2401 3257 2458 ἐπὶ
3314 2412 3406 2460 τοῦ
3462 2403 3618 2460 αὐτοῦ
3679 2412 3838 2460 Κων-

2188 2497 2459 2552 σταντίνου
2488 2494 2571 2571 Ἠ,
2617 2495 3030 2576 ἀρχιερατεύσας
3071 2493 3166 2560 ἔτη
3225 2490 3308 2568 β’,
3382 2494 3555 2567 μῆνας
3614 2489 3689 2570 γ’,
3745 2490 3837 2558 ἐξ-

2188 2581 2388 2654 εϐλήθη
2398 2633 2412 2646 .

2268 2675 2528 2752 Γεώργιος
2587 2670 2960 2754 πρεσϐύτερος,
3037 2669 3348 2750 σύγκελλος,
3431 2670 3517 2726 καὶ
3586 2671 3840 2750 σκευοφό-

2189 2761 2304 2840 λαξ,
2366 2763 2450 2820 ἐπὶ
2483 2763 2576 2820 τοῦ
2630 2762 2788 2821 αὑτοῦ
2841 2762 3206 2836 Κώνσταντος,
3251 2760 3339 2815 καὶ
3393 2757 3478 2814 ἐπὶ
3549 2769 3838 2817 Κωνσταν-

2183 2855 2323 2911 τίνου
2364 2863 2457 2913 τοῦ
2496 2855 2608 2910 υἷοῦ
2652 2851 3019 2926 Κώνσταντος,
3053 2859 3146 2909 τοῦ
3192 2848 3543 2927 Πωγωνάτου,
3605 2846 3700 2914 ἕτη
3756 2853 3834 2926 γ’,

2187 2949 2360 3020 μῆνας
2386 2944 2442 3025 γ’
2455 2987 2470 3004 .

2265 3032 2529 3116 Θεόδωρος
2555 3030 2900 3114 πρεσϐύτερος
2931 3034 3028 3098 τῆς
3055 3031 3222 3116 αὐτῆς
3245 3025 3591 3116 Ἐκκλησία,
3616 3026 3838 3105 σύγκελ-

2182 3121 2298 3203 λος,
2329 3126 2416 3181 καὶ
2445 3113 2800 3204 humatus,
2835 3120 2930 3188 ἔτη
2960 3119 3035 3198 β’,
3067 3119 3154 3176 καὶ
3181 3113 3462 3186 ὶξεϐλήθη,

2266 3206 2322 3272 Ὀ
2353 3216 2509 3278 αὐτὸς
2541 3211 2807 3292 Θεόδωρος
2836 3211 2922 3268 ἐπὶ
2950 3217 3042 3268 τοῦ
3073 3212 3228 3268 αὐτοῦ
3255 3205 3583 3284 Πωγωνάτου
3615 3205 3831 3264 ἀποκα-

2179 3302 2366 3386 τέστη,
2398 3303 2810 3385 ἀρχιερατεύσας
2842 3303 2915 3365 ὡς
2947 3297 3196 3367 ἀληθινός
3225 3295 3563 3376 πατριάρχης
3597 3293 3710 3359 ἔτος
3742 3295 3796 3352 α’
3812 3343 3830 3373 ,

2180 3399 2356 3470 μῆνας
2387 3393 2426 3451 ι’
2439 3440 2454 3455 .

2260 3484 2468 3551 Παῦλος
2501 3489 2530 3543 ὁ
2557 3486 2663 3543 ἀπὸ
2691 3485 2895 3542 λα’ίκῶν
2953 3475 3407 3560 προτασηκρῆτις,
3440 3474 3525 3532 ἐπὶ
3555 3474 3645 3532 τοῦ
3675 3474 3832 3533 αὒτοῦ

2179 3575 2531 3657 Πωγωνάτου,
2563 3575 2658 3644 ἔτη
2701 3573 2806 3657 ς’,
2837 3572 3006 3650 μῆνας
3029 3568 3116 3637 η’.

2261 3653 2573 3730 Κάλλίνικος
2605 3653 2978 3746 πρεσϐύτερος,
3011 3659 3098 3716 καὶ
3127 3653 3449 3736 σκευοφύλαξ
3480 3653 3826 3746 βλαχερνῶν,

2178 3751 2263 3810 ἐπὶ
2294 3745 2682 3837 Ἰουστινιανοῦ,
2715 3757 2826 3812 υἱοῦ
2850 3758 2942 3810 τοῦ
2974 3746 3332 3827 Πωγωνάτου,
3362 3750 3455 3801 τοῦ
3481 3745 3823 3823 ῥινοτμήτου,

2175 3840 2272 3910 ἔτη
2318 3843 2410 3921 ιβ’,

2258 3940 2420 4014 Κῦρος
2450 3932 2818 4016 πρεσϐύτερος,
2846 3933 2931 3989 καὶ
2959 3925 3199 4006 μοναχὸς
3219 3923 3325 3980 ἀπὸ
3349 3921 3446 4016 τῆς
3466 3923 3629 3992 νήσου
3653 3921 3829 4016 ’ἀμά-

2171 4013 2397 4106 στριδος,
2431 4013 2515 4086 ἐπῖ
2543 4035 2634 4085 τοῦ
2676 4013 2837 4087 αύτοῦ
2869 4023 3258 4094 Ἰουστινιανοῦ,
3294 4017 3381 4073 καὶ
3403 4014 3488 4072 ἐπὶ
3516 4023 3610 4075 τοῦ
3634 4013 3825 4072 Φιλιπ-

2172 4123 2353 4193 πικοῦ,
2385 4115 2478 4184 ἕτη
2508 4118 2571 4192 ς’
2572 4117 2611 4192 ’,
2647 4118 2735 4174 καὶ
2764 4115 2816 4182 ἐξ
2858 4112 3137 4182 ἐξεϐλήθη.

2257 4191 2539 4272 ’[ωάννηςγ
2587 4191 2850 4280 διάκονος,
2910 4202 2998 4257 καὶ
3066 4191 3401 4280 χαρτοφύλαξ
3459 4199 3550 4250 τοῦ
3612 4195 3823 4251 οἰκονο-

428 4294 616 4373 nomi,
660 4295 873 4358 eodem
907 4281 1238 4377 Philippica
1287 4295 1645 4376 imperante,
1700 4313 1766 4356 ac
1797 4294 2086 4376 Artemio,

2225 4294 2348 4377 είου,
2409 4296 2494 4353 ἐπὶ
2549 4303 2641 4355 τοῦ
2684 4300 2840 4356 αὐτοῦ
2883 4291 3229 4365 Φιλιππικοῦ,
3276 4287 3364 4344 καὶ
3407 4284 3492 4342 ἐπὶ
3551 4281 3826 4364 Ἀρτεμίου

432 4382 629 4463 primo
677 4403 712 4446 a
769 4385 1149 4467 secretis,qui
1207 4385 1457 4446 nomine
1507 4391 1729 4446 mutato
1787 4383 1980 4447 dictus
2006 4395 2095 4449 est

425 4471 798 4552 Anastasius,
833 4495 932 4539 an.
966 4493 1056 4539 ιιι.

509 4561 843 4627 Germanus
873 4572 1326 4646 magnus,antea
1341 4563 1533 4645 Cyzici
1566 4563 2088 4645 episcopus,dein-

428 4651 504 4714 de
526 4651 1582 4736 Constantinopolitanus,imperante
1614 4661 1812 4714 autem
1836 4652 2089 4718 Anasta-

427 4740 606 4823 sio,et
637 4743 974 4806 Theodosio
1023 4745 1309 4824 Augusto,
1345 4751 1403 4805 et
1435 4745 1660 4817 Leone,
1694 4752 2086 4820 cognomento

428 4831 692 4907 Conone,
728 4852 859 4894 cum
896 4834 1300 4915 pontiﬁcatum
1345 4832 1629 4912 gessisset
1655 4849 1732 4893 an
1763 4831 1940 4908 xv,ab
1973 4833 2086 4896 hoc

424 4917 611 5000 impio
644 4922 839 4983 Leone
867 4924 1024 5002 Aug.
1063 4925 1291 5000 ejectus
1322 4930 1434 4984 est.

505 5008 854 5072 Anastasius
905 5011 1215 5093 presbyter
1241 5018 1298 5074 et
1350 5010 1672 5093 syncellus,
1705 5010 1793 5070 vir
1840 5009 2082 5092 impius,

427 5097 640 5162 eodem
671 5099 872 5163 Leone
906 5108 1218 5183 regnante,
1253 5109 1427 5184 atque
1455 5099 1841 5163 Constantino
1873 5101 2085 5164 Cabal-

424 5185 573 5263 lino,
608 5205 706 5252 an.
739 5206 908 5254 xxxv.

499 5277 928 5342 Constantinus
987 5279 1314 5345 monachus
1385 5287 1446 5341 et
1513 5275 1829 5360 episcopus
1884 5275 2079 5360 Sylai,

492 5571 556 5623 75
612 5571 980 5642 Κώνσταντος.
1019 5574 1074 5625 τί
1111 5575 1483 5642 Κώνσταντος.

441 5723 460 5752 -_
540 5680 898 5746 Constante.
930 5716 958 5762 ρ
989 5684 1348 5751 Constante.

2176 4373 2642 4468 πρωτασηκρῆτις,
2724 4391 2815 4442 τοῦ
2897 4378 3378 4460 μετονομασθέντος
3454 4373 3822 4454 ’Λναστασίου,

2173 4473 2268 4542 ἔτη
2313 4475 2388 4554 γ’.

2254 4568 2520 4645 Γερμανὸς
2564 4570 2591 4623 ὁ
2655 4567 2846 4644 μέγας,
2921 4565 3206 4624 ἐπίσκοπος
3277 4556 3496 4628 Κυζίκου
3545 4554 3820 4645 πρότερον,

2171 4655 2297 4712 εἶτα
2364 4654 2986 4726 Κωνςταντινουπόλεως,
3050 4652 3135 4708 ἐπὶ
3192 4658 3282 4707 τοῦ
3353 4645 3508 4701 αὒτοῦ
3557 4644 3821 4700 Ἀναστα-

2171 4746 2304 4816 σίου,
2351 4747 2437 4802 καὶ
2467 4746 2552 4802 ἐπὶ
2584 4744 2859 4803 Θεοδοσίου
2890 4753 2981 4802 τοῦ
3037 4739 3321 4820 βασιλέως,
3379 4737 3465 4792 καὶ
3508 4735 3595 4791 ἐπὶ
3653 4733 3819 4791 Λέον-

2169 4856 2259 4897 τος
2311 4842 2403 4891 τοῦ
2459 4836 2546 4891 καὶ
2607 4835 2871 4914 Κόνωνος,
2933 4829 3350 4913 ἀρχιερατεύσας
3395 4824 3490 4892 ἔτη
3549 4822 3647 4904 ιε’,
3703 4821 3819 4889 ἐξε-

2167 4921 2338 4993 ϐλήθη
2382 4921 2470 4979 ὑπ’
2502 4924 2658 4980 αύτοῦ
2687 4932 2778 4980 τυῦ
2825 4921 3042 4986 ἀσεϐοῦς
3072 4917 3332 4998 βασιλέως
3363 4915 3614 4977 Λέοντος.

2251 5012 2592 5077 Ἀναστάσιος
2634 5013 2982 5094 πρεσϐύτερος
3040 5012 3126 5067 καὶ
3170 5004 3484 5086 σύγκελλος,
3546 5007 3573 5061 ὁ
3627 5001 3815 5060 δυσσε-

2166 5101 2291 5176 ϐὴς,
2323 5102 2406 5159 ἐπὶ
2449 5110 2540 5159 τοῦ
2583 5106 2739 5160 αὐτοῦ
2769 5103 3011 5176 Λέοντος,
3045 5101 3132 5157 καὶ
3173 5098 3259 5156 ἐπὶ
3295 5095 3684 5155 Κωνσταντίνου
3725 5099 3813 5149 τοῦ

2169 5191 2382 5252 Καϐαλλ
2393 5190 2410 5248 ί
2415 5214 2520 5265 νου,
2571 5191 2663 5260 ἔτη
2695 5191 2806 5253 κδ’.

2248 5292 2647 5346 Κωνστανττνος
2696 5281 2935 5363 μοναχὸς
2965 5282 3053 5339 καὶ
3081 5278 3376 5342 ἐπίσκοπος
3413 5273 3505 5332 τοῦ
3557 5270 3807 5352 Συλαῖου,

1739 5457 1996 5523 VARIIE
2039 5458 2480 5529 LECTIONES.
