4130 6418
304 297 438 369 917

312 532 408 602 ἔτη
440 525 536 612 ιβ’,

399 627 656 702 Νικήτας,
694 630 722 684 6
752 627 858 684 ἀπὸ
886 627 1158 708 Σθλάϐων,
1186 634 1462 711 εὐνοῦχος,
1491 629 1838 710 πρεσϐύτερος
1868 639 1973 691 τῶν

277 714 480 793 ’ἁγίων
514 715 882 790 Ἀποστόλων,
929 719 1018 774 καὶ
1073 719 1255 798 ἅρχων
1299 727 1402 775 τῶν
1455 724 1843 801 μοναστηρίων,
1890 723 1974 787 ἐπὶ

309 811 402 860 τοῦ
432 806 589 862 αὐτοῦ
623 807 1037 882 Κωνσταντίνου,
1071 809 1158 863 καὶ
1188 807 1385 865 61:1:06
1405 811 1516 866 υἱοῦ
1540 812 1694 870 αὐτοῦ
1723 811 1968 887 Λέοντος,

303 900 398 950 :06
439 893 498 949 ἐκ
526 899 622 962 τῆς
657 897 919 974 Χαζάρας,
953 896 1048 964 6:1}
1095 896 1190 976 ιγ’,
1235 903 1410 973 μῆνας
1450 889 1525 961 δ’.

394 982 602 1048 Παῦλος
647 987 675 1041 6
708 987 958 1065 Κύπριος,
1013 986 1276 1068 διάκονος,
1337 989 1424 1043 καὶ
1480 987 1726 1064 ἐλεήμων
1769 989 1804 1046 ὅ
1852 991 1967 1055 νέος

300 1071 389 1130 ἐπὶ
416 1075 511 1130 :06
540 1075 694 1134 αὐτοῦ
723 1075 973 1157 Λέοντος,
1011 1079 1098 1134 καὶ
1129 1076 1213 1134 ἐπὶ
1245 1079 1638 1136 Κωνσταντίνου
1684 1081 1772 1136 καὶ
1802 1083 1966 1162 Εἰρή-

308 1183 428 1233 νης,
463 1162 560 1229 τῆς
591 1165 747 1223 αύτοῦ
777 1156 1003 1245 μητρὸς,
1036 1165 1127 1233 ἔτη
1175 1156 1245 1245 ε’,
1270 1168 1444 1242 μῆνας
1474 1156 1581 1240 ς’,

394 1252 651 1328 Ταράσιος
683 1255 711 1309 6
753 1253 859 1310 ἀπὸ
908 1255 1250 1335 ἆσηκρητῶν,
1298 1258 1326 1312 6
1369 1255 1592 1336 ἔξαρχος
1622 1262 1718 1325 τῆς
1744 1258 1792 1330 ζ’
1821 1261 1968 1317 συνό-

311 1337 427 1421 δου,
461 1340 546 1397 ἐπὶ
574 1347 678 1398 τῶν
710 1343 878 1399 αὐτῶν
907 1343 1168 1420 βασιλέων
1202 1345 1592 1402 Κωνσταντίνου
1608 1349 1696 1404 καὶ
1713 1350 1962 1428 Εἰρήνης,

309 1431 408 1516 καὶ·
428 1429 515 1487 ἐπὶ
546 1432 846 1512 Νικηφόρου
885 1444 978 1493 :06
1007 1433 1114 1491 ἀπὸ
1145 1441 1392 1514 γενικῶν,
1426 1435 1841 1516 ἀρχιερατεύσας
1872 1437 1965 1507 ἔτη

312 1543 385 1576 κα
396 1509 427 1593 ’,
463 1525 636 1596 μῆνας
667 1513 744 1598 β’,

399 1611 698 1692 Νικηφόρος
730 1615 758 1669 6
789 1613 894 1669 ἀπὸ
924 1614 1244 1693 ἀσηκρητῶν
1274 1612 1557 1691 γενόμενος
1589 1619 1855 1698 μοναχὸς,
1888 1614 1974 1675 ἐπὶ

310 1706 405 1757 τοῦ
447 1703 602 1758 αὐτοῦ
631 1701 892 1778 βασιλέως
925 1704 1249 1782 Νικηφόρου,
1275 1705 1363 1760 καὶ
1391 1703 1476 1760 ἐπὶ
1499 1707 1847 1785 Σταυρακίου,
1881 1711 1969 1765 καὶ

1674 309 2367 378 θΡιίΕδΟ-ΗΟΜΑΝΠΜ

306 443 336 498 6
371 441 834 523 ἀποκεφαλισθεὶς,
885 442 970 500 ἐπὶ
1021 446 1414 503 Κωνστκντίνου
1465 453 1558 505 τοῦ
1623 445 1964 524 Καϐαλλίνου,

2091 446 2258 527 :apite
2308 449 2533 529 plexus,
2595 449 2924 530 imperante
2969 446 3355 511 Constantino
3408 445 3676 512 Caballin

3602 309 3722 374 M8

3687 433 3724 478 ο

2058 555 2154 599 an.
2186 555 2293 600 XII.

2138 625 2400 708 Nicetas,
2445 627 2782 703 ennuchus,
2832 626 3140 690 Slavorum
3173 635 3348 704 gente
3370 633 3564 699 natus,
3597 624 3707 690 SS.

2057 717 2466 796 Apostolorum
2501 716 2828 798 presbyter,
2856 726 2912 778 et
2935 734 3152 797 praeses
3184 716 3708 788 monasteriorum,

2053 805 2439 882 regnantibus
2451 805 2660 866 eodem
2679 805 3339 885 Constantino,ejusque
3354 805 3473 866 ﬁlio
3489 806 3709 881 Leone,

2053 894 2156 974 qni
2183 894 2440 958 Chazara
2471 901 2657 956 matre
2677 893 2787 955 fuit
2809 893 3024 956 editus.
3047 913 3144 958 an.
3168 911 3297 968 xm,
3322 912 3514 956 mens.
3546 911 3628 956 tv.

2132 982 2344 1044 Paulus
2378 981 2644 1064 Cyprius,
2681 982 2996 1056 diaconus,
3052 992 3110 1044 et
3141 983 3289 1045 alter
3315 989 3710 1061 cognomento

2051 1071 2417 1147 misericors,
2454 1072 2666 1133 eodem
2697 1073 2896 1135 Leone
2924 1079 3302 1150 regnante,et
3322 1071 3710 1136 Constantino

2049 1168 2226 1242 atque
2255 1160 2428 1222 Irena
2461 1170 2674 1237 matre,
2707 1180 2802 1222 an.
2838 1179 2898 1235 v,
2937 1179 3106 1223 mens
3133 1178 3211 1221 γι.

2128 1251 2592 1330 Tarasius,unus
2606 1268 2674 1310 ex
2703 1250 3042 1312 secretariis
3062 1268 3286 1331 prmses
3313 1267 3418 1312 vn.
3444 1251 3706 1324 concilii,

2048 1339 2439 1418 regnantibus
2503 1337 2718 1400 iisdem
2779 1357 2951 1418 augg.
3013 1339 3394 1404 Constantino
3426 1349 3484 1402 et
3511 1339 3709 1410 lrena,

2047 1437 2312 1510 itemque
2335 1427 2698 1508 Nicephoro,
2732 1429 3035 1510 quondam
3063 1428 3366 1504 Generali,
3400 1429 3714 1510 pontiﬁca-

2055 1527 2175 1580 tum
2209 1518 2394 1598 gessit
2423 1536 2520 1579 an.
2555 1535 2637 1596 ιιι,
2674 1537 2868 1582 mens.
2894 1537 2958 1583 ιι.

2137 1608 2531 1690 Nicephorus,
2566 1627 2637 1670 ex
2666 1609 2987 1670 secretario
3013 1609 3202 1670 factus
3222 1608 3570 1684 monachus,
3604 1607 3713 1669 sub

2056 1698 2325 1780 ejusdem
2356 1695 2678 1778 Nicephori
2701 1716 2834 1778 aug.
2859 1706 2918 1759 et
2940 1697 3254 1772 Stauracii,
3291 1711 3349 1759 et
3379 1697 3714 1772 Michaelis,

311 1791 399 1846 ἐπὶ
430 1791 677 1871 Μιχαὴλ,
719 1794 818 1877 ,καὶ
867 1793 953 1849 ἐπὶ
1001 1793 1226 1858 Λέοντος
1256 1800 1348 1850 τοῦ
1374 1793 1668 1871 ³Λρμενίου,
1703 1797 1963 1877 ἀρχιεραι·

2093 1799 2113 1852 t
2141 1787 2410 1853 Armenii
2431 1787 2648 1850 Leonis
2664 1787 2943 1869 imperio,
2967 1788 3374 1868 pontificatum
3403 1786 3584 1867 gessit
3611 1805 3713 1849 an.

311 1879 504 1942 τεύσας
535 1879 628 1948 ἔτη
678 1871 750 1962 θ’,
797 1879 1050 1953 ἐξεϐλήθη
1107 1883 1208 1939 ὑπὸ
1250 1893 1343 1942 τοῦ
1382 1887 1541 1942 αὐτοῦ
1598 1884 1825 1950 Λέοντος
1881 1897 1975 1948 τοῦ

312 1966 620 2035 δυσσεϐοῦς.

397 2057 646 2124 Θεόδοτος
678 2063 706 2118 6
753 2059 1123 2135 Μηλισσηνὸς,
1157 2063 1184 2118 6
1217 2063 1305 2118 καὶ
1350 2070 1704 2144 Κασσιτηρᾶς,
1762 2066 1969 2123 οἰκονο-

315 2147 522 2229 μάχος,
553 2148 638 2206 ἐπὶ
666 2150 758 2208 :06
786 2151 943 2207 αὖ)τοῦ
973 2150 1220 2226 Λέοντος,
1255 2150 1348 2219 ἔτη
1392 2152 1498 2227 ς’.

397 2324 678 2394 Ἀντώνιος
707 2329 995 2394 ἐπίσκοπος
1032 2340 1123 2390 τοῦ
1172 2329 1418 2405 Συλαίου,
1452 2333 1480 2388 6
1508 2333 1596 2388 καὶ
1628 2339 1962 2408 Κασιματᾶς,

309 2418 400 2474 ἐπὶ
427 2425 520 2474 :06
550 2417 705 2476 αὐτοῦ
735 2419 978 2494 Λέοντος,
1013 2422 1101 2476 καὶ
1157 2419 1242 2478 ἐπὶ
1287 2419 1512 2501 Μιχαῦλ
1571 2427 1664 2478 :06
1708 2421 1962 2502 Τραυλοῦ,

309 2508 402 2562 καὶ
446 2505 530 2563 ἐπὶ
561 2506 838 2588 Θεοφίλου,
871 2508 966 2576 ἔτη
1001 2509 1097 2588 ιγ’.

397 2596 670 2676 Ἰωάννης,
717 2600 745 2654 6
774 2601 863 2655 καὶ
915 2597 1112 2672 ⁷1ανῆς,
1162 2601 1190 2656 6
1234 2597 1490 2667 δυσσεϐης
1546 2602 1633 2656 καὶ
1677 2601 1964 2678 οἶκονομά-

313 2708 442 2766 χος,
475 2685 681 2744 61:1:06
733 2690 888 2744 αὖτοῦ
929 2687 1205 2769 Θεοφίλου,
1266 2689 1354 2746 καὶ
1409 2687 1494 2746 ἐπὶ
1551 2687 1822 2770 Θεοδώρας
1881 2691 1968 2748 καὶ

316 2773 567 2855 Μιχαήλ.
603 2775 900 2856 Καθῃρέθη,
934 2777 1349 2858 ἀρχιερατεύσας
1382 2777 1476 2845 6:1}
1506 2776 1591 2856 γ’.

396 2863 645 2930 Μεοόδιος
718 2868 959 2947 μοναχὸς
1057 2869 1144 2924 καὶ
1226 2864 1596 2947 πρεσϐύτερος,
1683 2868 1968 2934 ἐπίσκοπος

309 2955 598 3033 γενόμενος
659 2955 901 3036 Κυζίκου,
987 2956 1111 3014 εὗτα
1164 2957 1797 3030 Κωνσταντινουπόλεως,
1884 2959 1969 3016 ἐπὶ

305 3050 416 3102 τῶν
458 3047 630 3104 αὐτῶν
671 3044 932 3122 βασιλέων

306 3139 479 3210 μῆνας
509 3123 586 3212 β’.

397 3221 653 3302 Ἰγνάτιος
707 3227 734 3281 6
803 3224 1122 3304 ἁγιώτατος,
1182 3227 1267 3284 επὶ
1325 3231 1430 3283 τῶν
1476 3225 1649 3283 αὐτῶν
1705 3225 1968 3305 βασιλέων

313 3310 586 3392 Θεοδώρας
628 3314 718 3370 καὶ
761 3311 1006 3393 Μιχαὴλ,
1043 3312 1137 3381 ἔτη
1168 3312 1243 3391 δ’,
1293 3320 1466 3391 μῆνας
1512 3314 1587 3392 β’.

388 3401 595 3465 Φώτιος
642 3404 669 3458 6
711 3401 818 3458 ἀπὸ
861 3402 1181 3481 ἆσηκρητῶν
1228 3404 1510 3482 γενόμενος
1569 3405 1834 3484 μοναχὸς,
1882 3403 1966 3484 ἐπὶ

314 3489 564 3572 Μιχαηλ,
611 3491 700 3548 καὶ
747 3491 832 3548 ἐπὶ
881 3489 1148 3568 βασιλείου
1197 3503 1289 3553 :06
1347 3491 1668 3573 Μακεδόνος,
1713 3482 1838 3560 76:1}
1890 3482 1963 3574 θ’,

309 3582 398 3637 καὶ
427 3578 681 3650 ἐξεϐλήθη
710 3582 810 3637 ὑπὸ
837 3580 931 3638 :06
958 3579 1280 3646 Μακεδόνος,

391 3668 648 3749 Ἰγνάτιος
677 3669 860 3752 πάλιν,
906 3670 991 3728 ἐπὶ
1017 3678 1111 3729 :06
1159 3673 1314 3731 οὒτοῦ
1359 3671 1622 3750 βασιλέως
1653 3682 1747 3732 :06
1776 3679 1960 3730 Μακε-

307 3758 367 3818 δό
377 3782 488 3834 νος,
537 3758 631 3828 ἔτη
666 3764 766 3823 101’.
1425 3777 1430 3783 ‘

389 3852 598 3916 Φώτιος
628 3851 808 3927 πάλιν,
843 3853 928 3910 ἐπὶ
972 3854 1194 3918 Λέοντος
1225 3854 1316 3910 :06
1344 3851 1658 3934 φιλοσόφου.

387 3942 652 4022 Στέφανος
682 3945 709 4000 6
738 3941 962 4024 ἀδελφὸς
998 3943 1252 4025 Λέοντος,
1283 3945 1371 4001 61:1
1415 3949 1516 4012 τῆς
1564 3942 1832 4020 βασιλείας
1875 3953 1968 4004 τοῦ

309 4037 466 4094 αὐτοῦ
496 4031 745 4107 Λέοντος,
792 4031 885 4102 ἔτη
915 4033 991 4114 γ’⁶

391 4123 671 4186 Ἀντώνιος
756 4125 784 4180 6
844 4123 1106 4205 Καυλέας,
1175 4125 1261 4181 ἐπὶ
1329 4130 1422 4181 τοῦ
1487 4127 1645 4183 αὐτοῦ
1713 4122 1958 4199 Λέοντος,

308 4211 404 4280 ’ἐτη
433 4212 486 4288 β’
497 4257 511 4271 .

394 4300 653 4386 Νικόλαος
683 4304 711 4360 6
757 4303 862 4360 ἀπὸ
923 4307 1214 4386 μυστικῶν,
1259 4303 1344 4361 61:1
1398 4309 1490 4360 :06
1520 4305 1676 4360 αύτοῦ
1705 4303 1955 4384 Λέοντος,

313 4392 408 4459 ἔτη
441 4415 493 4448 ια
507 4381 538 4472 ’,
568 4392 657 4448 καὶ
684 4391 1059 4462 κατεϐιϐάσθη.

392 4481 643 4557 Εύθύμιος
675 4484 941 4563 μοναχὸς,
993 4485 1021 4539 6
1076 4483 1182 4541 ἀπὸ
1224 4481 1548 4564 ωγκέλλων,
1581 4483 1667 4539 61:1
1706 4479 1958 4548 Ἀλεξάν-

309 4569 450 4651 δρου,
484 4570 580 4638 ’ἐτη
611 4569 678 4642 ε’,
727 4577 901 4648 μῆνας
932 4573 1039 4647 ς’.

389 4659 648 4722 Νικόλαος
679 4663 820 4724 αὖθις
851 4663 878 4717 6
922 4661 1026 4718 ἀπὸ
1057 4666 1342 4738 μυστικῶν,
1381 4661 1465 4719 ἐπὶ
1491 4668 1583 4719 τοῦ
1612 4663 1768 4720 αὐτοῦ
1797 4659 1959 4718 Ἀλε-

307 4747 542 4829 ξάνδρου,
574 4751 660 4806 καὶ
693 4753 1105 4828 Κωνσταντίνου,
1141 4753 1228 4810 καὶ
1281 4743 1554 4830 Ῥωμανοῦ
1580 4760 1672 4810 τοῦ
1702 4756 1957 4819 Λακαπη·

307 4845 418 4918 νοῦ,
451 4837 546 4905 ’ἐτη
577 4836 652 4916 ιγ’
665 4885 682 4919 ,

391 4926 656 5006 Στέοανος
724 4928 1120 5011 μητροπολίτης
1177 4928 1486 5011 Ἀμασείας,
1534 4929 1619 4986 ἐπὶ
1661 4938 1752 4988 :06
1805 4931 1962 4988 αὐτοῦ

309 5015 570 5094 βασιλέως
615 5024 705 5074 :06
740 5008 1031 5102 εΡωμανού,
1064 5019 1158 5089 ἔτη
1189 5019 1243 5098 β’
1257 5067 1269 5094 ,
1305 5008 1482 5096 μῆνας
1513 5020 1606 5084 ια’.

390 5107 608 5187 Τρύφων
691 5111 956 5188 μοναχὸς,
1031 5109 1116 5166 ἐπὶ
1193 5103 1485 5186 ῬωμανΟὖ,
1549 5108 1961 5192 ἀρχιερατεύσας

308 5197 394 5253 ἐπὶ
434 5195 616 5275 χρόνῳ
652 5195 820 5274 ῥητῷ,
881 5197 1073 5278 μέχρις
1119 5198 1180 5256 ἂν
1223 5199 1588 5279 Θεοφύλακτος
1633 5203 1661 5256 6
1715 5207 1807 5256 :06
1857 5197 1960 5272 βα-

308 5283 500 5348 σιλέως
561 5285 670 5349 υἱὸς
737 5285 811 5350 εἰς
887 5285 1077 5368 μέτρον
1159 5288 1330 5369 φθάσῃ
1415 5289 1640 5365 νομίμου
1725 5286 1959 5360 ἡλικίας,

307 5374 404 5442 ἔτη
433 5375 520 5453 γ’.

937 3095 953 3127 ἳ

2055 1898 2138 1955 Ix,
2173 1879 2246 1942 ab
2276 1880 2389 1941 hoc
2419 1877 2602 1958 impio
2637 1880 2838 1941 Leone
2865 1878 3099 1959 pulsus.

2133 2057 2478 2120 Theodotus
2512 2056 2884 2130 Melissenus,
2929 2060 3326 2134 cognomento
3358 2053 3712 2129 Cassiteras,

2053 2148 2509 2210 simulacrorum
2562 2164 2830 2221 eversor,
2892 2145 3106 2208 eodem
3139 2143 3338 2206 Leone
3394 2151 3713 2224 regnante,

2051 2258 2149 2301 an.
2182 2257 2264 2300 VI.

2133 2329 2425 2392 Antonius
2451 2329 2765 2409 episcopus
2798 2323 2983 2405 Silaei,
3016 2332 3412 2405 cognomento
3440 2323 3712 2386 Casima»

2051 2427 2160 2491 tas,
2196 2419 2409 2480 eodem
2445 2418 2645 2479 Leone
2705 2415 3062 2495 imperante,
3115 2414 3381 2496 itemque
3415 2413 3716 2476 Michaele

2050 2509 2258 2585 Balbo,
2295 2515 2352 2570 et
2382 2505 2718 2586 Theophilo
2749 2522 2846 2566 an.
2869 2521 2997 2566 xm.

2132 2597 2522 2677 Joannes,qui
2541 2593 3234 2674 etJanes,virimpius,et
3259 2592 3712 2654 simulacrorum

2052 2690 2262 2764 hostis,
2298 2688 2635 2768 imperante
2679 2683 3003 2763 Thophilo,
3040 2691 3097 2744 et
3140 2681 3482 2756 Theodora,
3511 2689 3569 2744 et
3599 2681 3712 2742 Mi-

2050 2779 2239 2841 chzele
2257 2777 2562 2858 depositus
2586 2772 3120 2849 est,administrato
3145 2771 3486 2852 pontiﬁcatu
3504 2789 3597 2833 an.
3623 2789 3710 2835 ιιι.

2133 2866 2471 2931 Methodius
2512 2863 2839 2926 monachus
2870 2869 2929 2923 et
2976 2861 3306 2941 presbyter,
3343 2860 3531 2922 factus
3581 2860 3714 2941 epi-

2054 2977 2269 3040 scopus
2299 2954 2589 3038 Cyzici,ac
2619 2951 2839 3015 deinde
2869 2950 3711 3032 Constantinopolis,regnan-

1017 3043 1288 3125 Θεοδώρας
1343 3047 1432 3104 καὶ
1471 3047 1721 3129 Μιχαὴλ,
1772 3047 1866 3116 ’ἐτη
1897 3037 1964 3123 δ’,

2091 3037 2214 3110 ibus
2242 3045 2459 3108 iisdem
2500 3043 2690 3122 Augg.
2735 3040 3052 3103 Theodora
3081 3049 3140 3102 et
3169 3040 3462 3116 Michaele,
3497 3058 3593 3102 an.
3631 3057 3710 3118 tv,

2051 3155 2247 3202 mens.
2271 3153 2337 3199 ιι.

2133 3225 2420 3307 Ignatius,
2473 3222 2562 3284 vir
2591 3220 3021 3294 sanctissimus,
3070 3217 3278 3280 iisdem
3327 3221 3512 3298 Augg.
3547 3218 3713 3282 The-

2051 3317 2237 3380 odora
2268 3324 2325 3376 et
2357 3313 2645 3376 Michaele
2677 3308 3067 3389 regnantibus
3096 3325 3170 3370 an
3219 3325 3302 3383 Iv,
3336 3325 3529 3370 mens.
3564 3325 3628 3369 ιι.

2134 3405 2382 3469 Photius
2413 3422 2480 3464 ex
2513 3400 2840 3463 secretario
2888 3399 3078 3459 factus
3109 3398 3462 3472 monachus,
3512 3395 3710 3478 impe-

2048 3495 2318 3557 rantibus
2353 3491 2672 3566 Michaele,
2726 3508 2793 3551 ac
2842 3487 3064 3550 Basilio
3116 3485 3460 3562 Macedone,
3497 3504 3594 3550 an.
3627 3504 3709 3570 ix,

2047 3594 2106 3647 et
2137 3586 2363 3664 ejectus
2395 3601 2428 3643 a
2459 3580 2804 3642 Macedone.

2125 3662 2385 3753 Ignatius
2435 3671 2678 3744 iterum,
2740 3667 2952 3730 eodem
3011 3662 3339 3728 Macedone
3395 3672 3706 3744 regnante,

2048 3780 2148 3824 an.
2181 3780 2264 3826 XI.

2131 3850 2375 3914 Photius
2403 3851 2644 3921 iterum,
2677 3852 2966 3926 regnante
2997 3843 3198 3906 Leone
3228 3841 3620 3924 Philosopho.

2128 3942 2488 4022 Stephanus,
2525 3937 2739 4000 Leonis
2767 3935 2975 4010 frater,
3031 3931 3143 3994 sub
3187 3930 3442 4013 imperio
3492 3930 3710 3994 Leonis

2049 4032 2342 4116 ejusdem,
2380 4048 2476 4091 an.
2515 4047 2576 4091 ιιι

2129 4119 2425 4186 Antonius
2485 4117 2756 4194 Cauleas,
2819 4113 3031 4178 eodem
3091 4114 3290 4174 Leone
3343 4110 3702 4193 imperante,

2046 4231 2144 4276 an.
2179 4229 2248 4274 ῙῙ.

2125 4299 2426 4381 Nicolaus,
2451 4309 2626 4360 antea
2648 4295 2930 4379 mysticus
2951 4293 3320 4377 (31),eodem
3369 4291 3571 4354 Leone
3602 4307 3706 4354 re-

2042 4398 2288 4473 gnante,
2317 4407 2413 4450 an.
2446 4405 2531 4469 χι,
2560 4387 2799 4449 tandem
2834 4385 2981 4448 solio
3005 4384 3296 4465 dejectus.

2123 4478 2468 4559 Euthymius
2537 4475 2884 4552 monachus,
2938 4485 3114 4538 antea
3155 4470 3476 4554 syncellus,
3508 4469 3704 4551 impe-

2042 4577 2210 4632 rante
2236 4566 2596 4635 Alexandro,
2631 4585 2727 4628 an.
2761 4583 2820 4640 v,
2851 4582 3043 4628 mens.
3078 4581 3160 4626 v1.

2123 4657 2402 4721 Nicolaus
2461 4655 2743 4736 mysticus
2802 4653 3043 4727 iterum,
3103 4651 3314 4714 eodem
3365 4646 3704 4710 Alexandro

2043 4748 2400 4830 imperante,
2431 4752 2490 4807 et
2519 4744 2931 4825 Constantino,
2967 4750 3025 4804 et
3051 4741 3317 4804 Romano
3370 4739 3702 4817 Lacapeno,

2045 4857 2140 4901 an.
2181 4854 2281 4900 XIII

2126 4925 2464 5006 Stephanus
2495 4922 2992 5003 metropolitanus
3021 4917 3584 4998 Amaseae,potiente
3601 4933 3704 4978 re-

2043 5036 2176 5079 rum
2209 5014 2421 5076 eodem
2454 5015 2723 5076 Romano
2761 5014 2914 5092 Aug.
2951 5030 3045 5072 an.
3081 5027 3142 5090 ll,
3179 5025 3368 5070 mens.
3402 5023 3486 5070 ιιι.

2125 5104 2358 5185 Trypho
2391 5103 2741 5176 monachus,
2776 5101 3107 5182 imperante
3139 5101 3433 5171 Romano,
3469 5093 3706 5185 pontiﬁ-

2046 5183 2259 5256 catum
2299 5190 2741 5254 administravit
2797 5191 2869 5252 ad
2921 5197 3150 5252 certum
3201 5194 3460 5266 tempus,
3509 5183 3705 5246 donec

2046 5281 2546 5363 Theophylactus.
2570 5279 2948 5360 imperatoris
2965 5275 3341 5353 ﬁlius,aetatis
3355 5275 3537 5357 justze
3568 5292 3702 5337 mo-

2046 5375 2185 5436 dum
2216 5371 2554 5449 aitingeret.
2584 5368 2822 5432 Praefuit
2847 5387 2920 5432 an
2952 5387 3039 5434 ιιι.

1871 5533 2122 5599 NOTIE.

394 5652 528 5735 (31)
566 5650 798 5716 Nomen
828 5656 1131 5739 dignitatis
1161 5660 1456 5743 palatinas.
