4130 6422
414 347 534 416 919

1803 353 1835 413 J
1843 351 1935 414 US
1976 346 2425 414 CANONICUM

3690 335 3816 403 920

490 483 992 569 The0phylactus,
1055 487 1358 568 Lacapeni
1414 487 1595 564 ﬁlius,
1631 483 2067 567 imperantibus

2235 482 2596 563 Θεοφύλακτος
2641 484 2669 538 0
2699 490 2790 539 106
2821 487 3144 549 Λακηναποῠ
3171 481 3305 559 υἱὸς,
3351 477 3436 534 ἐπὶ
3469 475 3811 535 Κωνσταντί-

411 575 795 640 Constantino
825 577 887 639 in
943 577 1242 658 porphyra
1293 588 1451 655 nato,
1487 585 1547 639 et
1577 578 1706 659 ipso
1729 577 2062 656 Lac-apeno,

409 667 584 729 annis
613 684 781 743 χχιιι,
815 667 1028 730 diebus
1058 685 1197 731 xxv.

491 755 866 838 Polyeuctus,
928 757 1140 819 eodem
1199 757 1576 821 Constantius
1607 758 1964 836 imperante,
1997 773 2065 816 ac

407 845 751 927 Nicephoro
782 845 1272 928 Phoca,itemque
1317 846 1389 908 ad
1423 864 1577 909 xxxv
1602 847 1762 910 diem
1817 863 1852 905 a
1898 843 2064 905 desi-

408 943 585 1014 gnato
619 935 980 1016 imperatore
1008 935 1237 999 Joanne
1266 933 1801 1017 Zymisce.Praefuit
1822 933 2066 994 omnino

407 1041 505 1088 an.
538 1041 662 1100 xxv,
698 1044 888 1088 mens.
924 1043 984 1087 v.

490 1113 745 1177 Basilius
770 1112 1496 1191 Scamandrenus,eodem
1511 1114 1777 1196 Zymisce
1809 1131 2065 1194 regnan-

410 1212 491 1286 te,
525 1223 624 1266 an.
659 1221 739 1267 IV.

489 1292 783 1356 Antonius
813 1292 1168 1368 monachus,
1208 1293 1500 1369 Studites,
1529 1292 1740 1355 eodem
1773 1291 2061 1372 Zymisce,

409 1401 479 1444 ac
508 1381 730 1445 Basilio
755 1381 816 1443 in
848 1385 1144 1463 porphyra
1173 1390 1333 1463 nato,
1359 1383 1657 1464 fratreque
1686 1383 1875 1462 ipsius
1906 1379 2064 1444 Con-

410 1472 668 1534 stantino
700 1471 1159 1554 imperantibus,
1192 1491 1289 1536 an.
1323 1489 1405 1532 v1.

491 1561 769 1623 Nicolaus
825 1561 1282 1642 Chrysoberges,
1342 1561 1556 1624 iisdem
1597 1561 1894 1641 Augustis,
1932 1580 2065 1624 cum

411 1649 682 1714 Ecclesia
713 1659 946 1731 pastore
998 1655 1286 1714 caruisset
1313 1651 1386 1714 ad
1418 1671 1609 1714 annos
1641 1668 1698 1714 ιγ
1729 1650 1796 1714 S.
1828 1650 2070 1714 Praefuit

411 1758 490 1802 an
521 1757 668 1815 xxn,
703 1758 897 1803 mens.
930 1757 1053 1805 vm.

412 1828 671 1893 Sisinius
702 1829 1008 1910 magister,
1062 1829 1273 1893 iisdem
1334 1829 1791 1913 imperantibus,
1845 1849 1941 1894 an.
1975 1847 2062 1893 ιιι.

411 1917 658 1999 Sergius
715 1918 897 1981 abbas
925 1920 1418 1997 Manuelicorum,
1467 1919 1682 1982 iisdem
1713 1920 2062 2003 imperanti-

411 2006 544 2084 bus,
581 2026 677 2069 an.
711 2025 815 2073 xx.
2034 2084 2040 2088 _

492 2097 833 2161 Eustathius
878 2099 1107 2181 primus
1137 2099 1618 2181 presbyterorum
1662 2099 1806 2162 aedis
1836 2100 2064 2178 aulicaz,

409 2188 798 2268 regnantibus
829 2189 1043 2251 iisdem
1071 2189 1378 2269 Augustis,
1412 2209 1509 2253 an.
1542 2207 1623 2252 ιν.

492 2277 735 2340 Alexius
766 2278 1195 2340 ecclesiarches
1253 2278 1578 2340 mansionis
1609 2277 1920 2355 studianze,
1957 2278 2068 2341 sub

412 2366 627 2429 iisdem
686 2368 996 2448 Augustis,
1031 2375 1090 2428 et
1120 2366 1230 2429 sub
1281 2367 1535 2448 imperio
1587 2368 1769 2429 solius
1800 2367 2068 2448 ejusdem

413 2455 812 2530 Constantini,
879 2463 936 2516 et
992 2454 1248 2518 Romani
1289 2456 1738 2536 Argyropuli,et
1763 2456 2071 2519 Michaelis

412 2543 832 2625 Paphlagonis,
867 2553 926 2606 et
954 2543 1262 2608 Michaelis
1301 2543 1589 2620 Calafatae,
1619 2554 1676 2606 et
1702 2543 2072 2608 Constantini

414 2632 805 2711 Monomacbi,
839 2652 938 2696 an.
972 2650 1101 2696 x1x.

495 2811 760 2876 Michael
810 2813 1171 2887 Cerularius,
1246 2813 1356 2875 sub
1415 2815 1626 2878 eodem
1685 2811 2068 2874 Constantino

2150 596 2239 632 νου
2269 579 2361 630 τοῦ
2394 572 2913 654 Πορφυρογεννήτου,
2930 571 3020 627 καὶ
3041 567 3126 627 ἐπ’
3147 570 3306 626 αὐτοῦ
3335 574 3426 625 τοῦ
3456 571 3808 638 Λακαπηνοῦ,

2149 661 2243 730 ἔτη
2288 661 2399 742 κγ’,
2424 661 2627 740 ἡμέρας
2653 660 2766 722 κε’.

2230 751 2576 827 Πολύευκτος,
2656 751 2741 808 ἐπὶ
2816 756 2908 806 106
2992 751 3150 807 αὐτοῦ
3219 744 3630 818 Κωνσναντίνου,

2149 842 2449 921 Νικηφόρου
2507 847 2599 899 106
2648 845 2835 916 Φωκᾶ,
2909 839 2997 895 καὶ
3058 838 3143 894 ἐπὶ
3187 835 3408 916 ἡμέραις
3452 829 3534 890 λε’
3577 837 3674 898 τῆς
3704 831 3807 886 ἇν-

2148 933 2470 1012 αγορεύσεως
2541 931 2783 991 Ἰωάννου
2851 937 2942 988 106
3012 934 3310 1008 Τζυμισκῇ,
3397 925 3492 994 ἔτη
3554 922 3644 998 ιδ’,
3699 926 3809 998 μῆ·

2149 1045 2242 1086 νας
2280 1021 2346 1084 ε’.

2231 1109 2500 1174 Βασίλειος
2531 1111 2559 1166 0
2591 1106 3026 1188 Σκαμανδρηνὸς,
3061 1105 3145 1164 ἐπὶ
3174 1112 3266 1162 τοῦ
3309 1103 3465 1161 αυτοῦ
3508 1106 3806 1180 Τζυμισκῇ,

2150 1198 2244 1266 ἔτη
2280 1197 2322 1255 3’
2338 1248 2352 1262 .

2229 1287 2512 1353 Ἀντώνιος
2543 1289 2809 1368 μοναχὸς,
2842 1289 2870 1343 0
2901 1285 3210 1366 Στουδίτης,
3243 1284 3328 1342 ἐπὶ
3357 1293 3450 1342 τοῦ
3478 1284 3636 1342 αὐτοῦ
3664 1288 3808 1351 Τζυ-

2150 1384 2336 1454 μισκῇ,
2369 1381 2457 1434 καὶ
2513 1377 2597 1434 ἐπὶ
2655 1376 2928 1434 Βασιλείου
2998 1386 3091 1436 106
3143 1373 3661 1454 Πορφυρογεννήτου,
3717 1371 3810 1426 καὶ

2153 1451 2161 1454 .
2293 1451 2328 1454 ,,
2637 1473 2662 1482 ~
2733 1465 2755 1484 κ
2889 1467 2914 1478 ο
3075 1473 3096 1482 ν
3157 1463 3180 1482 ν
3224 1451 3277 1454 τ,
3326 1451 3377 1470 _.

2153 1469 2546 1526 Κωνσταντίνου
2574 1489 2666 1524 του
2693 1465 2916 1547 ἆοελφου
2947 1467 3123 1541 αὐτου,
3159 1487 3251 1532 ετη
3294 1463 3358 1538 ς·
3383 1509 3398 1524 .

2233 1556 2493 1620 Νικόλαος
2527 1559 2554 1612 0
2586 1553 2978 1636 Χρυσοϐέργης,
3014 1555 3099 1611 ἐπὶ
3149 1560 3253 1610 υῶν
3303 1553 3474 1608 αὐτῶν
3515 1548 3803 1636 βασιλέων,

2149 1651 2248 1714 τῆς
2275 1644 2593 1714 Ἐκκλησίας
2639 1635 2972 1720 ἆποιμᾶντου
3021 1641 3400 1708 διατελεσάσης
3445 1637 3540 1706 ἔτη
3591 1635 3638 1693 δ’
3673 1638 3805 1715 πρὸς

3715 741 3810 797 καὶ

2088 1748 2128 1797 Β
2150 1740 2227 1809 τῷ
2254 1734 2464 1808 ἡμίσει,
2497 1733 2592 1801 ἔτη
2627 1732 2719 1810 ιβί,
2767 1734 2854 1789 καὶ
2890 1738 3062 1800 μῆνας
3092 1731 3182 1800 η’.

2229 1823 2453 1888 Σισίνιος
2479 1823 2790 1903 μάγιστρος,
2825 1822 2910 1878 ἐπὶ
2938 1828 3042 1879 τῶν
3075 1821 3270 1896 αὐτῶν,
3317 1817 3411 1886 ἔτη
3441 1817 3519 1897 γ’.

2230 1911 2448 1992 Σέργιος
2519 1913 2814 1992 ἡγούμενος
2873 1911 2980 1970 τῶν
3034 1909 3285 1978 Μανουὴλ
3329 1909 3413 1966 ἐπὶ
3457 1915 3560 1965 τῶν
3631 1904 3806 1961 αὐτῶν

2151 2000 2245 2069 ἔτη
2274 2001 2351 2061 κ’.

2233 2093 2513 2158 Εὐστάθιος
2555 2092 2762 2171 πρῶτος
2817 2096 2923 2146 τῶν
2979 2086 3342 2170 πρεσϐυτέρων
3405 2096 3498 2146 τοῦ
3566 2085 3621 2141 ὲν
3685 2095 3806 2146 τοῖς

2151 2180 2434 2258 βασιλείοις
2481 2188 2628 2255 ναοῦ,
2661 2181 2746 2236 ἐπὶ
2776 2187 2881 2236 τῶν
2914 2181 3080 2236 αὐτῶν
3111 2178 3395 2256 βασιλέων,
3419 2176 3513 2244 ἔτη
3545 2173 3590 2232 δ’
3599 2223 3612 2238 ,

2234 2269 2465 2336 Ἀλέξιος
2522 2274 2550 2326 0
2611 2268 3014 2348 ἐκκλησιάρχης
3057 2274 3156 2336 τῆς
3229 2273 3398 2344 μονῆς
3466 2273 3572 2322 τῶν
3630 2271 3805 2319 Στου-

2152 2357 2282 2433 δίου,
2314 2359 2398 2416 ἐπὶ
2426 2366 2532 2416 τῶν
2582 2363 2750 2418 αὐτῶν
2793 2357 3076 2436 βασιλέων,
3123 2360 3210 2414 καὶ
3259 2357 3343 2414 ἐπὶ
3385 2357 3480 2425 τῆς
3537 2359 3804 2436 αὐτοκρα-

2152 2448 2325 2526 τορίας
2367 2451 2460 2506 106
2515 2450 2672 2506 αὐτοῦ
2729 2449 3120 2506 Κωνσταντίνου
3169 2447 3357 2527 μόνου,
3412 2447 3502 2503 καὶ
3534 2435 3806 2519 Ῥωμανώ

2153 2543 2245 2593 τοῦ
2327 2535 2771 2616 Ἀργυροπούλου,
2859 2539 2945 2594 καὶ
3029 2533 3256 2617 Μιχαὴλ
3337 2544 3430 2594 106
3512 2531 3804 2614 Παφλαγό-

2153 2648 2243 2690 νος
2312 2626 2536 2707 Μιχαὴλ
2592 2633 2684 2684 τοῦ
2727 2627 3065 2706 Καλαιράτου,
3132 2627 3220 2683 καὶ
3279 2623 3671 2684 Κωνσταντίνου
3714 2628 3808 2679 106

2155 2717 2508 2797 Μονομάχου,
2543 2715 2636 2783 ἔτη
2669 2714 2771 2782 ιη’,

2235 2804 2460 2886 Μιχαὴλ
2489 2807 2516 2862 0
2577 2803 2954 2884 Κηρουλάριος,
3012 2803 3097 2861 ἐπὶ
3138 2811 3229 2862 106
3289 2803 3446 2860 αὐτοῦ
3518 2813 3806 2862 Κωνσταν-

412 2899 828 2980 Monomacho,
892 2910 950 2965 et
1004 2901 1114 2964 sub
1145 2900 1460 2965 Theodora
1489 2901 1550 2964 in
1583 2902 1876 2983 porphyra
1908 2913 2064 2977 nata,

2191 2905 2291 2954 ἱνου
2335 2906 2425 2956 106
2481 2897 2831 2977 Μονομάχου,
2888 2898 2976 2953 καὶ
3045 2895 3130 2953 ἐπὶ
3186 2893 3456 2976 Θεοδώρας
3509 2899 3607 2961 τῆς
3665 2899 3807 2972 Πορ-

417 2998 477 3052 et
505 2990 615 3053 sub
662 2991 949 3055 Michaele
979 3010 1148 3068 sene,
1195 2991 1358 3072 prius
1415 2991 1780 3068 Stratiotico,
1844 2998 1902 3053 et
1959 2990 2067 3052 sub

2191 2987 2560 3067 υρογεννήτου,
2630 2987 2718 3042 καὶ
2774 2985 2859 3042 ἐπὶ
2936 2984 3162 3066 Μιχαὴλ
3242 2984 3483 3065 γέροντος
3540 2990 3632 3039 106
3700 2983 3807 3038 ἀπὸ

415 3079 659 3142 domino
685 3079 912 3144 Isaacio
947 3079 1278 3156 Comneno,
1309 3099 1413 3142 an.
1441 3098 1544 3144 xv.

498 3258 918 3322 Constantinus
947 3258 1268 3334 Licbudes,
1305 3259 1577 3340 ejusdem
1613 3257 1838 3320 domini
1861 3257 2070 3320 Isaacii

415 3348 734 3422 Comneni,
759 3356 820 3410 et
838 3347 1070 3410 domini
1088 3347 1460 3411 Constantini
1477 3351 1656 3412 Ducae
1677 3347 2067 3429 temporibus,

416 3439 756 3589 “ignis
783 3525 1144 3608 Xiphilinus,
1179 3526 1450 3606 ejusdem
1478 3526 1846 3590 Constantini
1875 3525 2068 3600 Ducaa,

418 3633 489 3678 ac
517 3614 1101 3698 DominaaEupociae,
1154 3614 1408 3677 Romani
1449 3615 1754 3695 Diogenis,
1786 3615 2073 3679 Michaelis

415 3703 594 3768 Ducas
622 3703 731 3767 ﬁlii
759 3704 1128 3787 temporibus
1157 3723 1257 3769 an.
1283 3708 1619 3785 xm,!_mens
1647 3722 1729 3768 v1.

494 3883 737 3948 Cosmas
778 3883 1369 3966 Hierosolymitanus,
1431 3883 1702 3965 ejusdem
1737 3883 2064 3954 Michaelis,

414 3979 474 4036 et
494 3971 813 4054 Nicephori
829 3973 1196 4050 Botanitatae,
1227 3981 1285 4036 et
1310 3974 1545 4036 Domini
1571 3973 1762 4036 Alexii
1784 3973 2072 4037 Comneni

414 4062 806 4144 temporibus,
845 4063 1252 4145 pontiﬁcatum
1307 4063 1494 4145 gessit
1549 4083 1646 4126 an.
1676 4081 1736 4140 v,
1770 4083 1939 4126 mens
1968 4081 2070 4140 vr;

415 4151 634 4214 deinde
665 4152 1048 4215 renuntiavit.

494 4239 1255 4319 Eustratius,cognomento
1272 4239 1822 4323 Garidas,ejusdem
1845 4242 2073 4305 domini

415 4327 616 4392 Alexii
646 4337 945 4410 tempore,
971 4347 1070 4390 an.
1102 4347 1190 4393 ιιι.

503 4418 787 4481 Nicolaus
841 4419 1190 4494 monachus,
1225 4420 1667 4500 grammaticus,
1703 4422 1804 4501 qui
1833 4421 2072 4503 Lopha-

418 4506 584 4570 dium
614 4507 884 4584 incoluit,
939 4507 1248 4570 ordinatus
1277 4525 1312 4568 a
1339 4506 1463 4568 Deo
1498 4510 1777 4590 pontifex,
1806 4511 2072 4591 ejusdem

417 4595 650 4659 domini
678 4596 870 4659 Alexii
902 4605 1193 4678 tempore,
1226 4613 1326 4659 an.
1360 4613 1543 4675 xxvu,
1579 4617 1770 4664 mens.
1803 4618 1891 4664 ιιι.

495 4684 757 4749 Joannes
789 4687 1246 4750 hieromnemon
1273 4684 1454 4764 (31“).
1479 4700 1870 4766 cognomento
1891 4690 2070 4751 Chal-

417 4775 800 4856 cedonii,sub
828 4776 1038 4839 eodem
1067 4773 1276 4838 Alexio
1309 4772 1638 4854 Comneno,
1675 4777 1984 4842 etJoanne
2011 4779 2071 4841 in

417 4866 716 4948 pcrphyra
741 4873 903 4948 nato,
937 4885 1033 4929 an.
1069 4882 1237 4929 xqu.

497 4953 618 5018 Leo
653 4954 944 5038 Stypiota,
1003 4954 1218 5017 eodem
1264 4956 1492 5018 Joanne
1520 4955 1581 5018 in
1613 4959 1908 5040 porphyra
1935 4968 2073 5022 nato

420 5052 731 5124 regnante,
764 5064 865 5107 an.
896 5063 1024 5121 vm,
1048 5061 1240 5106 mens.
1275 5060 1400 5108 VIII.

497 5133 752 5198 Michael
765 5132 1610 5210 monachus,exercitationum
1622 5137 1747 5219 (32)
1767 5136 2072 5200 studiosis-

2150 3082 2243 3132 106
2273 3081 2685 3156 Στρατιωτικοῦ,
2710 3076 2797 3132 καὶ
2821 3074 2905 3131 ἐπὶ
2925 3075 3017 3132 106
3042 3081 3320 3152 Κομνηνοῠ
3339 3081 3495 3154 κυροῦ
3520 3071 3803 3147 ἰσαακίου,

2152 3162 2246 3232 ἔτη
2294 3163 2359 3220 ιε’
2375 3211 2389 3226 ,

2236 3263 2637 3320 Κωνστανττνος
2709 3256 2736 3310 0
2809 3253 3107 3335 Λειχούδης
3153 3254 3237 3312 ἐπὶ
3291 3259 3382 3310 106
3439 3254 3598 3311 αὕτοὖ
3651 3254 3809 3331 κυροῦ

2155 3339 2414 3400 Ἰσαακίου
2456 3353 2549 3403 τοῦ
2593 3343 2894 3426 Κομνηνοῦ,
2938 3346 3026 3401 καὶ
3080 3344 3165 3402 ἐπὶ
3213 3352 3369 3425 κυροῦ
3413 3341 3808 3402 Κωνσταντίνου

2218 3440 2241 3449 ..
2364 3434 2376 3456 ρ
2503 3431 2528 3453 Ἰ
2634 3433 2674 3456 Μ
2711 3433 2736 3454 η

2153 3455 2246 3489 του
2277 3438 2474 3514 Aoum,
2505 3455 2598 3500 ετη
2629 3451 2656 3489 0
2701 3457 2894 3511 ημισυ,

2235 3522 2487 3590 Ἰωαννης
2519 3525 2546 3580 0
2590 3522 2897 3604 Ξιφιλϊνος,
2950 3521 3036 3580 ἐπὶ
3077 3529 3168 3580 τοῦ
3221 3525 3378 3583 αὐτοῦ
3411 3534 3808 3582 Κωνσταντινου

2154 3615 2244 3668 106
2273 3618 2468 3688 Λουκα,
2500 3613 2588 3668 καὶ
2617 3613 2701 3668 ἐπὶ
2728 3618 2830 3680 τῆς
2858 3619 3014 3692 κυρᾶς
3068 3611 3342 3690 Εὒδοκίας,
3400 3613 3488 3669 καὶ
3551 3616 3804 3687 Ρωμανοῦ

2154 3707 2242 3756 106
2277 3701 2576 3779 Διογένους,
2630 3703 2718 3758 καὶ
2764 3701 2988 3782 Μιχαὴλ
3029 3704 3139 3762 υἱοῦ
3191 3709 3284 3759 106
3343 3702 3541 3781 Δούκα,
3574 3700 3668 3768 ἔτη
3700 3699 3804 3780 ιγ’,

2156 3795 2328 3866 μῆνας
2357 3789 2468 3864 ς’.

2239 3886 2455 3956 Κοσμᾶς
2498 3881 2525 3934 0
2587 3869 3032 3961 Ἱεροσολυμίτης,
3095 3879 3178 3937 ἐπὶ
3225 3888 3316 3938 τοῦ
3374 3883 3529 3938 αὐτοῦ
3555 3878 3802 3960 Μιχαὴλ,

2157 3969 2244 4025 καὶ
2277 3968 2361 4025 ἐπὶ
2404 3969 2704 4049 Νικηφόρου
2733 3971 2823 4024 106
2854 3971 3219 4050 Βοτανειάτου,
3251 3973 3338 4026 καὶ
3387 3969 3472 4026 ἐπὶ
3519 3972 3610 4026 106
3651 3973 3805 4048 κυροζ

2157 4056 2390 4124 Ἀλεξίου
2417 4062 2508 4116 106
2539 4062 2838 4140 Κομνηνοῦ,
2881 4049 3293 4141 ἀρχιερατεύσας
3352 4059 3446 4127 ἔτη
3503 4049 3571 4135 ε’,
3628 4065 3802 4136 μῆνας

2095 4156 2137 4204 D
2154 4152 2258 4229 ς’,
2291 4153 2416 4210 εἶτα
2444 4154 2814 4230 παρῃτήσατο,

2237 4243 2550 4323 Εὔστράτιος
2581 4243 2607 4297 0
2637 4239 2924 4309 τοῦπίκλην
2958 4248 2994 4298 Γ
3001 4241 3201 4323 αριδᾶς,
3234 4243 3320 4301 ἐπὶ
3346 4246 3437 4302 106
3463 4247 3621 4304 αὐτοῦ
3649 4247 3806 4324 κυροῦ

2159 4329 2414 4406 ’Λλεξίου,
2460 4332 2555 4400 ἔτη
2586 4331 2662 4411 γ’.

2239 4421 2498 4487 Νικόλαος
2533 4425 2774 4502 μοναχὸς
2805 4423 2832 4478 0
2864 4426 3260 4506 Γραμματικὸς,
3289 4427 3317 4482 0
3347 4426 3401 4482 ἐν
3429 4431 3505 4502 τῷ
3535 4425 3800 4505 Λοφαδίῳ,

2157 4509 2548 4591 θεοπρόϐλητος
2590 4512 2888 4592 ἀρχιερεὺς,
2927 4513 3011 4570 ἐπὶ
3056 4516 3146 4571 106
3175 4517 3331 4572 αὐτοῦ
3358 4519 3516 4596 κυροῦ
3544 4513 3799 4596 Ἀλεξίου,

2158 4601 2251 4667 ἔτη
2295 4600 2398 4676 κζ’,
2433 4603 2604 4678 μῆνας
2633 4601 2706 4680 γ’·

2238 4689 2488 4758 Ἰωάννης
2521 4692 2548 4746 0
2575 4692 2930 4771 είρομνήμων,
2966 4693 2994 4748 '0
3019 4691 3414 4773 ἐπιλεγόμενος
3457 4699 3549 4753 106
3580 4693 3800 4762 Χαλκη-

2155 4777 2326 4856 δόνος,
2362 4780 2446 4838 ἐπὶ
2474 4782 2566 4836 106
2596 4783 2750 4837 αὐτοῦ
2802 4780 3031 4846 Ἀλεξίου
3073 4786 3163 4839 106
3209 4788 3525 4866 Κωμνηνοῦ,
3555 4783 3648 4844 καί
3682 4782 3798 4842 ἰω-

2158 4869 2312 4926 άννου
2341 4872 2433 4927 106
2462 4872 2978 4950 Πορφυρογεννήτου,
3013 4870 3106 4938 ἔτη
3137 4863 3246 4952 κγ’.

2240 4959 2386 5015 Λέων
2416 4962 2444 5016 0
2493 4965 2729 5039 Στυπῆς,
2776 4958 2861 5044 έπὶ
2902 4963 2994 5016 106
3035 4961 3190 5019 αὖτοῦ
3241 4960 3482 5023 Ἰωάννου
3524 4966 3617 5021 106
3659 4971 3800 5044 Πορ-

2158 5050 2564 5129 φυρογεννήτου,
2611 5036 2815 5123 ἔτη-η’,
2851 5051 3024 5125 μῆνας
3067 5041 3148 5118 η’,

2242 5137 2461 5219 Μιχαὴλ
2497 5140 2763 5219 μοναχὸς,
2826 5141 2854 5196 0
2909 5139 3365 5226 ἂσκητικώτατος,
3424 5147 3454 5202 0
3487 5133 3743 5222 Ὀξειτης,
3774 5148 3802 5203 0

1989 5315 2240 5383 NOTJE.

503 5479 656 5564 (31')
689 5479 1090 5546 Ecclesiastici
1119 5480 1338 5548 nomen
1367 5483 1566 5564 oﬂicii,
1600 5485 1676 5550 de
1704 5505 1822 5569 quo
1851 5487 2026 5554 infra.

2291 5490 2410 5570 (32)
2446 5489 2906 5555 Monasticarum
2941 5490 3192 5557 scilicet.
