4130 6418
376 354 492 420 927

1752 366 1785 430 Ι
1791 366 1884 430 US
1925 366 2373 431 CANONICUM

3667 354 3787 427 928

377 487 573 552 locum
604 487 1077 557 binariussubiit
1104 512 1117 558 :
1150 492 1416 558 laborem
1445 497 1692 561 multum
1707 507 1764 560 et
1785 499 2020 562 studiun

2104 498 2434 566 ,ἀπέστησαν
2477 497 2559 572 76,
2613 501 2699 555 καὶ
2758 499 2832 562 εἰς
2889 501 2978 554 τὸν
3035 497 3196 554 τόπον
3293 503 3392 565 τῆς
3450 496 3700 564 ἐνότητος
3745 499 3773 553 ὁ

380 578 482 660 qui
509 597 617 642 nos
640 583 1246 662 praecesseruntbeati
1277 584 1436 649 Petri
1465 606 1840 652 successores
1871 589 2036 652 adhi-

377 667 657 741 buerunt,
693 681 756 732 ut
785 672 1048 736 schisma
1077 673 1154 737 de
1197 675 1396 736 medio
1445 677 1773 752 tolleretur,
1807 686 1867 740 et
1895 677 2033 740 uni-

380 759 480 820 tati
530 760 838 842 Ecclesiae,
879 763 977 842 qui
1029 781 1093 825 se
1143 762 1216 825 ab
1266 782 1336 825 ea
1383 775 1756 846 separarunt,
1809 767 2030 830 redde-

378 856 613 912 rentur.
646 848 1047 922 Quamobrem
1071 860 1128 914 et
1160 854 1411 934 nos,qui
1443 856 1556 916 hoc
1589 864 1858 936 tempore
1887 876 2027 938 apo-

377 938 600 1028 stolicae
647 939 809 1002 sedis
867 959 1068 1003 curam
1128 943 1522 1024 suscepimus,
1558 954 1622 1007 ut
1675 945 1796 1008 Deo
1843 947 2033 1028 placet

379 1027 657 1092 omnibus
687 1029 1133 1113 Ecclesiis,quae
1156 1032 1457 1095 suntintra
1482 1041 1775 1096 terrarum
1797 1027 2028 1114 orbem,

377 1122 783 1193 constituere;
830 1122 1098 1201 quamvis
1149 1121 1306 1184 beati
1357 1122 1508 1185 Petri
1559 1125 1872 1186 virtutibus
1931 1145 2036 1207 par

376 1207 525 1269 nihil
559 1208 906 1292 habeamus,
937 1210 1270 1272 ministerio
1305 1219 1503 1274 tamen
1539 1214 1700 1293 fungi
1732 1215 2022 1294 cogimur.

374 1296 463 1359 Ad
482 1298 538 1358 id
563 1297 926 1360 credidimus
955 1299 1490 1375 attendendum,ne
1523 1321 2029 1366 connumeremur

369 1386 556 1467 (quod
587 1386 757 1466 absit)
791 1388 887 1469 iis,
914 1407 1060 1469 quos
1095 1408 1202 1470 per
1232 1392 1582 1472 prophetam
1611 1393 1895 1455 Dominus
1923 1413 2025 1456 re-

375 1476 714 1556 prehendit,
757 1476 998 1539 dicens:
1043 1476 1212 1550 Quod
1245 1480 1499 1559 ejectum
1534 1490 1641 1554 est,
1681 1503 1796 1543 non
1830 1483 2022 1544 intro-

374 1565 624 1628 duxistis
653 1586 668 1642 ;
701 1567 858 1647 quod
889 1567 1213 1640 inﬁrmum,
1269 1589 1387 1630 non
1438 1571 1746 1634 sanavistis
1780 1582 1836 1633 et
1866 1574 2022 1653 quod

377 1655 576 1736 periit,
603 1676 720 1718 non
753 1658 1141 1738 queesivistis;
1178 1669 1234 1721 et
1265 1661 1424 1742 quod
1471 1664 1868 1739 confractum,
1902 1685 2020 1726 non

374 1745 733 1846 obl‘igastis.“
727 1746 987 1846 Ideoque
1035 1747 1106 1809 ad
1156 1749 1659 1846 introductionem
1697 1754 2019 1846 liberorum
2051 1797 2084 1846 Β

375 1832 436 1895 in
467 1834 659 1896 locum
692 1835 970 1899 Ecclesiae
1017 1848 1073 1899 et
1125 1840 1369 1902 unitatis
1410 1850 1448 1914 τ,
1503 1841 2023 1924 inventionemque

373 1923 606 1986 amissae
637 1924 936 1988 drachma;
969 1946 1391 2008 properemus:
1421 1939 1478 1992 et
1507 1932 1834 2007 apostolico
1869 1923 2022 2013 pra)-

374 2021 544 2092 cepto
604 2013 828 2076 incitati
885 2025 926 2091 ',
981 2016 1038 2076 in
1100 2035 1201 2078 eos
1254 2017 1356 2098 qui
1405 2017 1690 2080 doctrinm
1719 2039 2027 2083 sermones

367 2111 785 2182 aspernantur,
821 2112 884 2164 ut
937 2123 1282 2184 persuasum
1337 2107 1659 2169 habeamus
1703 2110 2023 2185 moderari,

371 2198 428 2279 et
463 2190 725 2252 ﬁdelium
747 2193 1211 2256 admonitionem
1245 2197 1592 2274 tempestive
1615 2197 2028 2279 intempestive

368 2278 604 2340 factam.
636 2281 706 2342 Et
738 2281 896 2344 illius
927 2284 1198 2364 exemplo
1253 2285 1471 2358 edocti,
1507 2286 1606 2366 qui
1657 2299 1782 2348 erat
1810 2278 2026 2366 Eglorize

369 2369 682 2444 Dominus,
704 2379 761 2432 et
790 2372 993 2434 omnia
1025 2373 1086 2434 in
1120 2392 1226 2434 sua
1257 2381 1545 2452 potestate
1578 2374 1822 2448 habens,
1843 2375 2020 2437 incli-

370 2475 512 2520 nare
544 2459 682 2523 fecit
723 2461 928 2536 caelos,
964 2472 1021 2523 et
1053 2462 1364 2524 descendit
1399 2481 1412 2524 :
1449 2473 1815 2544 acceptaque
1868 2467 2018 2526 servi

369 2545 560 2609 forma
589 2549 848 2630 seipsum
883 2551 1225 2626 exinanivit,
1263 2561 1323 2613 ut
1355 2551 1480 2613 ovis
1513 2554 1727 2615 amissa
1753 2574 1856 2614 suo
1885 2574 2024 2633 gre-

371 2635 426 2714 gi
458 2637 893 2700 restitueretur.
919 2639 1113 2720 Unde,
1149 2641 1327 2703 frater
1357 2640 1416 2702 in
1445 2643 1706 2717 Christo,
1742 2644 2022 2706 dilectio-

371 2743 508 2786 nem
536 2732 694 2786 tuam
746 2726 839 2788 his
887 2728 1101 2791 litteris
1147 2729 1562 2800 admonemus.
1601 2740 1664 2792 ut
1696 2732 1850 2794 hanc
1895 2752 2022 2795 rem

370 2814 694 2894 diligenter
723 2835 918 2880 cures.
957 2820 1105 2881 Nam
1138 2837 1252 2880 una
1275 2819 1400 2882 sola
1419 2829 1508 2882 est
1533 2820 1885 2889 Ecclesia.et
1910 2841 2024 2884 una

370 2903 498 2966 sola
526 2905 1005 2968 sanctiﬁcationis
1035 2927 1193 2981 arca,
1227 2908 1286 2969 in
1315 2927 1491 2990 quam
1542 2930 2024 2992 unumquemque

371 2993 635 3056 ﬁdelium
671 3014 703 3057 e
733 2995 952 3058 diluvio
985 2997 1208 3058 servari
1255 3007 1488 3078 oportet
1521 3017 1534 3061 :
1567 3008 1624 3061 et
1654 2999 1815 3062 circa
1847 3001 2022 3062 unio-

2118 585 2297 654 δυῖκὸς
2341 587 2622 656 ἐπεισῆλθε
2662 605 2677 621 ⁶
2737 585 2903 644 πολὺν
2959 589 3126 644 κόπον
3185 589 3275 644 καὶ
3315 583 3551 654 σπουδὴν
3594 589 3642 643 οἱ
3669 589 3772 664 πρὸ

2115 678 2267 753 ἡμῶν
2339 675 2577 758 διάδοχοι
2620 683 2712 733 τυῦ
2769 677 3026 755 μακαρίου
3086 675 3283 756 Πέτρου
3325 675 3638 752 ἀπένειμαν,
3673 674 3766 732 ’ίνα

2114 768 2201 822 καὶ
2266 767 2326 823 τὸ
2385 767 2592 847 σχίσμα
2662 766 2792 846 ἀρθῇ
2863 764 2924 822 ἔκ
3011 765 3198 842 μέσου,
3273 767 3360 822 καὶ
3402 773 3471 843 τῇ
3558 765 3769 832 ὲνότητι

2114 857 2212 922 τῆς
2287 854 2607 924 Ἐκςλησίας
2665 857 2711 912 οἱ
2767 853 2860 912 ἀπ’
2949 858 3113 923 αὐτῆς
3173 855 3389 920 ἑαυτοὺς
3443 855 3768 935 χωρίσαντες

2113 942 2435 1007 ἀποδοθῶσι.
2474 946 2570 1001 Διὸ
2598 946 2685 1001 καὶ
2713 945 2878 1020 ἡμεῖς
2909 947 2954 1001 οἱ
2983 951 3077 1002 τοῦ
3108 953 3194 1004 νῦν
3255 950 3439 1023 καιροῦ
3508 952 3602 1003 τοῦ
3625 943 3768 1002 ἀπο-

2113 1033 2359 1091 στολικοῦ
2383 1036 2566 1112 θρόνου
2597 1034 2695 1102 τὴν
2745 1031 2988 1114 φροντίδα
3038 1031 3337 1114 δεξάμενοι,
3391 1035 3464 1097 ὡς
3521 1040 3599 1108 τῷ
3655 1039 3771 1108 Θεῷ

2114 1121 2324 1202 ἀρεσκει
2363 1121 2672 1180 διατίθεσθαι
2703 1123 2898 1188 πάσαις
2957 1135 3080 1188 ταῖς
3143 1121 3484 1190 Ἐκκλησίαις
3513 1135 3638 1186 ταῖς
3665 1123 3769 1179 ὑπὸ

2111 1212 2210 1280 τὴν
2240 1214 2565 1287 οἰκουμήνην
2597 1210 2798 1284 οὔσαις,
2833 1213 2876 1268 εί
2921 1214 3008 1268 καὶ
3050 1224 3173 1275 ταῖς
3232 1212 3416 1292 χάρισι
3447 1220 3541 1271 τοῦ
3583 1234 3766 1287 μακα-

2110 1303 2218 1381 ρίου
2265 1301 2458 1381 Πέτρου
2488 1299 2653 1378 μηδέν
2695 1324 2744 1357 τι
2797 1301 2974 1372 ἰσάζον
3019 1300 3246 1380 ἔχομεν,
3305 1299 3441 1364 τέως
3485 1299 3766 1377 έιαζόμεθα

2107 1400 2206 1458 τὴν
2233 1389 2496 1447 διακονίαν
2554 1389 2820 1450 ὶκτελεῖν.
2880 1391 3015 1468 Πρὸς
3060 1400 3214 1448 τοῦτο
3261 1390 3477 1456 ἑαυτοὺς
3550 1390 3755 1469 ἠγάγο-

2108 1501 2203 1556 μεν
2259 1479 2546 1560 προσέχειν
2635 1481 2830 1555 μήπως
2931 1481 3403 1559 συναριθμηθῶμεν
3477 1476 3628 1558 (ὅπερ
3685 1479 3764 1555 μὴ

2108 1570 2336 1650 γένοιτο)
2371 1571 2430 1625 ἀν
2500 1571 2578 1644 τῴ
2618 1569 2822 1648 ἀριθμῷ
2867 1570 2955 1632 οὓς
2999 1566 3230 1634 ὅνειδίξει
3259 1570 3286 1624 ὁ
3318 1568 3501 1648 Κύριος
3559 1565 3645 1624 διὰ
3672 1577 3766 1627 τοῦ

2107 1660 2399 1738 προφήτου,
2464 1657 2658 1736 λέγων,
2717 1659 2788 1715 Τὸ
2853 1655 3104 1725 ἐκϐληθὲν
3167 1657 3260 1714 οῦκ
3311 1656 3645 1736 είσηγάγετε,
3696 1658 3760 1713 τὸ

2107 1747 2314 1812 ἀσθενὲς
2371 1751 2464 1806 οῦκ
2519 1747 2917 1826 ἐθεραπεύσατε,
3018 1747 3117 1823 καὶ,
3171 1747 3233 1803 τὸ
3333 1743 3613 1808 ἀπολωλὸς
3671 1748 3768 1803 οῦκ

2107 1837 2422 1908 ἐζητήσατε,
2461 1839 2548 1893 καὶ
2577 1839 2637 1892 τὸ
2667 1833 2980 1892 ωνθλασθέν
3035 1837 3128 1893 οῦκ
3183 1833 3528 1910 ἐδεσμεύσατε
3559 1832 3645 1894 77.
3679 1841 3770 1910 Τῷ

2107 1949 2185 1982 τοι
2216 1930 2345 2006 πρὸς
2378 1928 2474 1994 τὴν
2520 1925 2719 1992 εἴσαξιν
2747 1931 2852 1982 τῶν
2910 1925 3108 1982 τέκνων
3166 1927 3297 2004 πρὸς
3359 1927 3448 1981 τὸν
3478 1926 3644 1982 τὸπον
3671 1925 3769 1992 τῆς

2108 2015 2391 2083 ἐκκλησίας
2421 2016 2506 2097 78,
2539 2017 2625 2072 καὶ
2667 2013 2766 2082 τὴν
2796 2013 2992 2094 εὕρεσιν
3037 2016 3136 2080 τῆς
3168 2011 3541 2090 ἀπολλυμένης
3587 2014 3764 2094 δραχ-

2109 2109 2218 2180 μῆς
2276 2107 2609 2186 σπεύσωμεν,
2699 2105 2786 2160 καὶ
2843 2111 2919 2179 τῷ
2988 2101 3329 2178 ἀποστολικῷ
3385 2104 3758 2183 προστάγματι

2111 2197 2513 2271 συνωθούμενοι,
2589 2196 2719 2272 πρὸς
2776 2192 2840 2242 79
2906 2193 3028 2258 τοὺς
3085 2199 3191 2249 τῶν
3261 2197 3358 2260 τῆς
3424 2191 3763 2258 διδασκαλίας

2108 2282 2280 2360 λόγων
2307 2283 2656 2359 ἀμελοῦντας,
2731 2283 3038 2340 ἐπιστατεῖν
3081 2284 3226 2358 ἡμᾶς
3293 2283 3489 2339 πείθειν
3545 2282 3630 2358 80,
3677 2285 3766 2339 καὶ

2105 2373 2203 2428 τὶν
2248 2373 2508 2429 νουθεσίαν
2543 2374 2668 2450 [τῶν
2697 2373 2919 2449 πιστῶν]
2955 2371 3203 2449 εὐκαίρως
3245 2370 3328 2452 εί,
3388 2371 3616 2452 ἀκαίρως
3677 2372 3765 2427 καὶ

2105 2469 2180 2536 τῷ
2211 2461 2592 2540 παραδείγματι
2669 2460 2867 2517 ἐκείνου
2922 2459 3280 2540 διδαχθέντες,
3342 2461 3399 2523 ὃς
3451 2459 3516 2527 ἧν
3577 2461 3762 2540 Κύριος

2109 2552 2203 2618 τῆς
2249 2550 2425 2630 δόξης,
2473 2552 2560 2606 καὶ
2591 2551 2763 2610 πάντα
2792 2549 2848 2606 ἐν
2877 2555 2945 2618 τῆ
2988 2547 3088 2622 ἰδίᾳ
3117 2549 3319 2622 ἐξουσίᾳ
3357 2547 3527 2629 ἔχων,
3561 2548 3762 2606 ἔκλινεν

2109 2638 2254 2715 ὅμως
2319 2641 2565 2720 οὐρανοὺς
2621 2640 2708 2695 καὶ
2779 2637 3033 2713 κατῆλθε,
3109 2639 3196 2695 καὶ
3265 2639 3450 2694 ἑαυτὸν
3509 2637 3734 2695 ἔκένωσε

2108 2728 2543 2821 μορφὴν-δούλου.
2577 2725 2776 2821 λαϐὼν,
2803 2727 2994 2821 ἱνατῇ
3026 2725 3126 2800 ἰδίᾳ
3168 2727 3368 2821 ποίμνῃ
3412 2729 3487 2821 ,τὸ
3535 2726 3761 2785 ἀπολω-

2107 2816 2199 2882 λος
2231 2816 2493 2897 πρόϐατον
2524 2814 2778 2894 ἀποδοθῇ.
2812 2814 2990 2875 Ἔνθεν
3031 2837 3138 2897 τοι,
3161 2814 3352 2896 ἀδελφέ
3409 2815 3464 2872 ἐν
3519 2823 3756 2896 Χριστῷ,

2107 2907 2204 2974 τὴν
2235 2907 2450 2986 ἀγάπην
2507 2928 2601 2963 σου
2649 2904 2714 2955 83
2769 2904 2853 2962 διὰ
2907 2910 3014 2962 τῶν
3083 2903 3359 2982 παρόντων
3430 2905 3760 2983 γραμμάτων

2107 3003 2484 3076 παραινοῦμεν,
2519 2995 2611 3052 ἵνα
2665 2991 2894 3074 ἀκριϐῶς
2966 2994 3272 3074 φροντίσῃς,
3327 2993 3441 3050 ἐπεὶ
3485 2995 3579 3070 μία
3650 2992 3763 3051 ἐστὶ

368 3102 504 3144 nem
540 3085 668 3165 ejus
698 3085 894 3147 modis
923 3087 1200 3148 omnibus
1236 3087 1502 3149 labores:
1531 3097 1746 3169 tuaque
1805 3089 2020 3169 cogitet

2106 3086 2243 3160 μόνη
2275 3083 2588 3162 Ἐκκλησία,
2622 3085 2709 3140 καὶ
2780 3085 2873 3160 μία
2923 3082 3060 3159 μόνη
3119 3083 3154 3151 ἡ
3228 3091 3319 3141 τοῦ
3362 3081 3626 3160 ἀγιασμοῦ
3668 3105 3760 3139 κι-

368 3173 679 3254 prudentia
710 3182 771 3236 ut
801 3175 1066 3237 Ecclesia
1098 3175 1200 3238 Dei
1238 3196 1353 3238 non
1389 3177 1573 3256 possit
1627 3178 1815 3240 divisa
1869 3199 2018 3241 con-

369 3261 609 3338 sistere,
663 3273 724 3325 ut
753 3283 990 3326 omnem
1024 3265 1282 3326 animam
1314 3266 1606 3328 viventem
1641 3287 1673 3329 e
1707 3268 2019 3346 praesentis

367 3350 582 3413 diluvii
641 3353 918 3433 procellis
947 3402 962 3429 ,
1023 3353 1178 3415 intra
1222 3373 1400 3416 unam
1453 3373 1650 3417 arcam
1686 3365 1702 3400 ι
1733 3355 2017 3418 Ecclesiae

362 3442 710 3520 congregari
754 3451 1021 3522 oporteat
1069 3443 1142 3505 ad
1193 3443 1428 3506 beatum
1475 3449 1715 3508 Petrum
1749 3446 2013 3507 omnium

358 3529 624 3592 ﬁdelium
683 3531 1166 3610 gubernatorem.
1229 3532 1537 3594 Traditum
1609 3546 1700 3596 est
1751 3554 2010 3615 quonam

360 3620 535 3681 modo
595 3621 779 3682 sancti
832 3623 1088 3696 Patres.l
1137 3622 1337 3683 divino
1395 3623 1604 3702 spiritu
1664 3623 2008 3706 i'luminati,

361 3709 626 3770 omnium
695 3710 1092 3772 Ecclesiarum
1167 3712 1484 3792 primatum
1566 3724 2006 3776 sacrosanctam

357 3797 678 3860 Romanam
711 3799 1042 3862 Ecclesium
1077 3800 1348 3862 absolute
1394 3801 1666 3863 obtinere
1689 3803 2005 3882 juss'erint.

358 3897 415 3949 et
446 3889 516 3949 ad
551 3890 681 3969 ejus
711 3890 1068 3951 sententiam
1125 3889 1392 3951 omnium
1449 3891 1742 3967 judicium
1799 3892 2010 3954 referri

357 3978 848 4058 przescripserint.
882 3980 956 4042 Et
986 3980 1056 4040 ad
1095 3979 1416 4040 tollendam
1444 3983 1516 4039 tle
1551 3981 1745 4042 medio
1776 3980 2015 4042 divisio-

359 4085 520 4139 nem,
554 4068 624 4128 ad
687 4069 968 4130 unionem
1028 4068 1332 4140 Ecclesiae,
1390 4069 1463 4128 ad
1525 4070 2004 4148 conjunctionem

359 4154 532 4216 divisi
565 4156 827 4235 parietis,
883 4166 1125 4238 propter
1169 4157 1271 4219 Dei
1321 4158 1730 4231 dilectionem,
1767 4169 2008 4240 propter

2104 3172 2296 3254 ϐωτὸς,
2329 3177 2398 3241 εἷς
2427 3175 2492 3243 ἦν
2523 3174 2614 3230 ἕνα
2670 3172 2893 3230 ἕκαστον
2951 3178 3056 3228 τῶν
3113 3171 3316 3228 πιστῶν
3382 3169 3468 3227 δεῖ
3535 3171 3641 3227 ἀπὸ
3669 3181 3762 3231 τοῦ

2099 3263 2473 3340 κατακλυσμοῦ
2517 3265 2750 3330 σωθῆναι
2788 3277 2802 3291 ⁸
2865 3263 2952 3318 καὶ
3003 3262 3133 3340 πρὸς
3177 3261 3276 3328 τὴν
3335 3260 3561 3328 ἑνότητα
3591 3262 3756 3328 αὸτῆς

2099 3359 2227 3410 πᾶσι
2259 3353 2470 3430 τρόποις
2509 3351 2780 3427 κοπιάσῃς
2815 3365 2829 3380 ⁶
2877 3352 2964 3407 καὶ
3019 3347 3376 3428 διαλογισάτω
3431 3351 3466 3418 ἡ
3524 3351 3592 3420 σή
3623 3351 3758 3431 φρό-

2099 3464 2250 3509 νησις
2295 3449 2408 3507 πῶς
2438 3443 2472 3510 ἡ
2525 3438 2819 3507 Ἐκκλησία
2882 3446 2974 3496 τοῦ
3047 3437 3178 3495 Θεοῦ
3233 3439 3293 3495 οῦ
3362 3435 3572 3496 δύναται
3627 3461 3757 3496 συν-

2098 3531 2329 3588 ίστασθαι
2360 3529 2660 3610 διῃρημένη
2692 3546 2708 3563 ⁸
2761 3536 2936 3585 πᾶσαν
2994 3528 3179 3608 ψυχὴν
3247 3534 3422 3598 ζῶσαν
3480 3527 3586 3584 ἀπὸ
3657 3535 3758 3598 τῆς

2095 3623 2366 3698 τρικυμίας
2440 3630 2533 3678 τοῦ
2611 3619 2869 3700 παρόντος
2952 3615 3327 3693 κατακλυσμοῦ
3397 3616 3590 3674 ἔσωθεν
3659 3623 3761 3688 τῆς

2094 3716 2219 3784 μιᾶς
2263 3707 2491 3766 κιϐωτοῦ
2533 3708 2598 3758 ει
2627 3708 2716 3776 τὴς
2751 3706 3071 3774 Ἐκκλησίας
3120 3703 3203 3761 δεῖ
3272 3708 3699 3785 συναθροισθηναι
3737 3724 3752 3738 ο

2094 3801 2177 3858 ἐπὶ
2212 3809 2281 3875 τῷ
2311 3803 2551 3880 μακαρίῳ
2589 3801 2655 3850 85
2685 3801 2887 3880 Πέτρῳ,
2921 3803 2998 3872 τῷ
3050 3795 3345 3876 κυϐερνήτῃ
3403 3797 3617 3854 πάντων
3647 3805 3756 3856 τῶν

2095 3892 2316 3964 πιστῶν,
2391 3889 2653 3964 παρεδόθη
2688 3906 2702 3922 ⁸
2778 3896 2890 3954 πῶς
2951 3891 2998 3944 οἱ
3049 3887 3193 3966 ἅγιοι
3267 3886 3528 3968 Πατέρες,
3589 3891 3635 3945 οἱ
3681 3897 3758 3964 τῷ

2094 3983 2216 4057 θείῳ
2321 3982 2588 4057 Πνεῦματι
2648 3977 3064 4058 πεφωτισμένοι,
3146 3983 3330 4033 πασῶν
3403 3982 3511 4032 τῶν
3623 3975 3756 4037 Ἐκ-

2095 4071 2332 4138 κλησιῶν
2387 4072 2453 4127 τὰ
2509 4083 2749 4149 πρωτεῖα
2806 4067 2990 4132 ἅπλῶς
3075 4067 3175 4134 τὴν
3247 4067 3388 4144 ἱερὰν
3447 4067 3534 4124 καὶ
3601 4068 3756 4146 ἁγίαν

2093 4151 2356 4237 Ῥωμαίαν
2417 4158 2736 4225 Ἐκκλησίαν
2837 4155 2984 4237 ἔχειν
3072 4153 3354 4214 ἐκέλευσαν
3464 4156 3552 4212 καὶ
3620 4159 3754 4236 πρὸς

354 4244 571 4306 animm
600 4247 874 4321 salutem,
905 4254 963 4308 et
996 4255 1238 4326 propter
1268 4247 1608 4307 fruitionem
1643 4249 2006 4330 glurim,qum

2104 4251 2184 4318 την
2217 4250 2376 4317 αὐτῆς
2445 4249 2666 4327 γνώμην
2725 4247 2940 4304 πάντων
2997 4245 3092 4312 τὴν
3152 4245 3320 4324 κρίσιν
3382 4246 3753 4302 τετυπώκασιν

358 4352 478 4394 non
537 4333 870 4406 marcest-it,
909 4333 1230 4413 vigilanter
1258 4337 1520 4398 adverte.
1560 4337 1815 4397 Primum
1847 4338 2000 4418 apud

359 4421 612 4457 Ini-mum.
675 4421 892 4457 Αηῖηιιη
945 4423 1002 4457 ζ..
1049 4423 1176 4457 “lii.
1236 4434 1522 4457 ι...ηίη.ι..ι.
1582 4426 1773 4457 .l..:.....
1828 4428 2003 4457 ......n:..

2104 4338 2366 4420 Ξιναφέρειν
2401 4357 2414 4370 ·

359 4421 638 4503 teipsum,
675 4421 892 4484 deinde
944 4423 1004 4484 in
1045 4423 1198 4499 aliis,
1235 4434 1524 4504 quatenus
1581 4426 1614 4484 ιΙ
1644 4426 1777 4486 vina
1825 4428 2007 4506 gratia

351 4511 712 4590 largitur,da
742 4531 981 4593 operam
1019 4522 1078 4574 ut
1108 4531 1245 4592 grex
1275 4534 1406 4574 cum
1432 4514 1694 4576 Ecclesia
1747 4517 2002 4578 uniatur'

356 4609 416 4662 et
445 4600 546 4682 qui
576 4601 787 4680 seipsaa
817 4601 1162 4664 Dominicas
1192 4623 1332 4664 oves
1361 4607 1740 4679 conﬁtentur,
1774 4607 1844 4667 ad
1869 4625 2007 4686 gre-

353 4710 486 4769 gem
541 4689 693 4752 beati
754 4691 912 4755 Petri
964 4701 1364 4767 revertantur,
1413 4695 1512 4774 qui
1557 4696 1793 4758 Ilmnini
1838 4697 2008 4775 jussu

353 4798 558 4842 eorum
593 4800 794 4843 curam
828 4782 1114 4864 suscepit.
1147 4785 1269 4845 Nos
1299 4784 1538 4864 quidem
1600 4784 1659 4846 in
1716 4787 1826 4848 hoc
1890 4806 2006 4846 non

355 4870 774 4950 temporariam
791 4871 1026 4934 laudem
1042 4881 1525 4954 spectamus,non
1547 4888 2006 4955 praetereuntem

2471 4339 2558 4394 καὶ
2616 4339 2747 4416 πρὸς
2818 4339 2878 4392 τὸ
2943 4333 3152 4391 ἀνελεῖν
3211 4334 3308 4401 την
3367 4330 3613 4412 διαίρεσιν
3691 4335 3752 4392 ἐκ

3234 4420 3582 4505 Ἐκκλησίας,
3617 4426 3749 4504 πρὸς

3507 4510 3590 4568 διὰ
3648 4515 3748 4581 την

2091 4439 2184 4489 τοῦ
2211 4430 2398 4505 μέσου,
2429 4429 2560 4506 πρὸς
2589 4427 2687 4493 τὴν
2743 4425 2969 4491 ἑνότητα
3043 4429 3143 4492 τῆς

2091 4520 2188 4586 την
2259 4516 2491 4582 σύλευξιν
2563 4525 2654 4574 τοῦ
2751 4513 3072 4594 διῃρημένου
3153 4513 3392 4593 τείιχους,

2092 4615 2184 4664 τοῦ
2215 4614 2346 4665 Θεοῦ
2388 4605 2626 4685 ἀγάπην,
2660 4602 2744 4659 διὰ
2771 4605 2870 4671 τὴν
2923 4609 3021 4669 τῆς
3053 4607 3152 4669 σῆς
3226 4606 3409 4681 ψνχῆς
3454 4604 3747 4684 σωτηρίαν,

2091 4698 2178 4752 καὶ
2261 4695 2342 4752 διὰ
2423 4695 2522 4762 τὴν
2618 4691 2910 4749 ἀπόλαυσιν
3000 4697 3097 4759 τῆς
3187 4691 3492 4771 ἁμαράντου
3573 4689 3751 4764 δόξης,

2092 4785 2394 4866 ἐγρηγόρως
2449 4783 2687 4863 πρόσχες
2726 4803 2739 4816 ·
2806 4783 2892 4838 καὶ
2975 4787 3188 4860 πρῶτον
3292 4781 3436 4860 παρά
3516 4789 3745 4857 σεαυτῷ,

2093 4875 2376 4953 μετέπειτα
2443 4871 2498 4929 δὲ
2554 4874 2639 4929 ἐπὶ
2691 4884 2808 4936 τοῖς
2879 4869 3092 4946 ἄλλοις,
3207 4868 3344 4937 ὅσην
3406 4867 3472 4920 86
3540 4873 3576 4938 ἡ
3643 4873 3754 4929 θεία

1679 5034 1940 5100 VARUE
1986 5032 2417 5103 LECTIONES.

431 5163 496 5213 76
525 5163 811 5250 ἀπέστησε.
845 5167 906 5216 77
937 5165 1292 5250 έδεσμήσατε.
1328 5169 1390 5218 78
1443 5171 1573 5250 πρὸς
1591 5169 1688 5250 την
1735 5171 1968 5250 ,ἑνότητα
1999 5171 2098 5237 τὴς
2157 5171 2500 5239 Ἐκκλησίας,
2547 5168 2611 5220 79
2777 5170 2930 5250 πρὸς.
2967 5167 3031 5219 80
3087 5168 3272 5226 πείθει.
3331 5167 3388 5218 81
3462 5170 3750 5250 νουθεσίαν,

354 5241 591 5322 ἐπειγειν
621 5249 901 5326 εὐκαίρως.
929 5247 994 5296 82
1118 5250 1302 5328 ἀγάπῃ
1367 5241 1494 5308 σου]
1525 5251 1591 5300 85
1645 5249 2031 5330 διαλογίσηται,
2063 5251 2126 5301 84
2185 5258 2284 5320 τῆς
2354 5253 2532 5328 τιμίας
2585 5241 2837 5314 κιϐωτοῦξ
2865 5250 2932 5302 35
2984 5256 3099 5312 πῶς
3158 5255 3236 5324 τῷ
3290 5271 3423 5326 μακ.
3481 5248 3548 5300 86
3608 5249 3750 5316 ἴσον,

355 5323 420 5372 87
451 5327 652 5402 μακρὰν
683 5323 933 5385 ἀπελθεῖν
967 5323 1106 5390 ὁδόν.

437 5473 458 5500 τ
483 5459 812 5558 liberarunt
841 5463 923 5525 ad
951 5471 1254 5558 anitatem
1273 5467 1579 5558 Ecclesiae,
1615 5467 2176 5558 ἰηυεηςίίηιειηᾳιιεἶ
2203 5475 2224 5504 ⁸
2252 5472 2378 5558 tum
2403 5466 2731 5558 apostolico
2750 5471 3042 5558 pracepto
3063 5459 3472 5558 impulsi,_quo
3496 5462 3607 5543 iis,
3634 5470 3745 5558 qui

353 5540 652 5626 doctrina:
673 5543 852 5605 verba
870 5545 1244 5626 negligenter
1273 5557 1514 5623 curant,
1549 5549 1784 5610 instare
1803 5540 2098 5621 hortatur,
2124 5550 2180 5608 et
2205 5540 2674 5611 admonitionem
2700 5540 2913 5625 urgere
2935 5540 3747 5626 tempestivéjﬂtempest'ive

352 5626 484 5684 tum
517 5622 1550 5709 illius‘ea'empl‘oftvenerabilem.
1611 5627 2030 5708 ncongregari
2089 5634 2408 5709 oporteat:
2472 5647 2583 5709 quo
2641 5622 2816 5692 modo
2874 5622 3290 5706 beato'l’etro,
3351 5622 3748 5705 gubernatori

359 5704 633 5774 omnium
661 5703 964 5784 ﬁdet-ium,
997 5707 1231 5771 tradita
1259 5709 1361 5770 sit'
1397 5726 1662 5790 quonam
1694 5703 1867 5772 modo
1897 5703 2120 5769 sancti.
