4130 6420
363 390 490 457 929

368 521 526 601 χάρις
584 517 811 595 δίδωσιν,
887 521 1126 602 ἐργάζου,
1205 520 1300 578 ἵνα
1381 522 1443 578 τὸ

371 615 441 686 τῇ
486 607 780 683 Ἐκκλησίᾷ
813 626 827 643 ·
863 612 950 668 καὶ
1033 614 1078 667 οἶ
1154 609 1537 691 ὁμολογοῦντες
1600 611 1816 674 ἑαυτοὺς
1845 607 2032 668 δεσπο-

376 699 496 755 τικά
530 697 792 779 πρόϐατα,
852 703 982 781 πρὸς
1054 702 1116 758 τὸ
1171 710 1262 760 τοῦ
1345 702 1604 780 μακαρίου
1658 700 1856 781 Πέτρου
1906 699 2030 757 ἐπι-

376 787 643 868 στρέψωσι
693 788 966 870 βόσκημα,
1042 791 1097 856 ὃς
1153 790 1253 858 τὴν
1311 789 1483 846 αὐτῶν
1537 787 1780 871 φροντίδα
1826 787 2031 856 ἐδέξατο

375 875 436 932 ἐκ
497 883 592 934 τοῦ
636 882 965 938 Λεσποτικοῢ
1033 901 1468 958 προστάγματος.
1531 870 1725 954 Ἠμεῖς
1783 879 1879 954 μὲν
1941 877 2028 936 οὗν

377 964 431 1022 ἐν
489 967 658 1041 τούτῳ
701 968 760 1024 οὖ
815 967 914 1035 τὴν
969 969 1286 1047 πρόσκαιρον
1342 966 1567 1034 εὐδοξίαν
1621 972 1939 1048 θεωροῦμεν,
1973 969 2033 1024 οὗ

373 1053 473 1121 τὴν
503 1054 916 1135 παρερχομένην
961 1053 1112 1122 δόξαν
1146 1056 1495 1136 ἐκζητοῦμεν,
1527 1058 1579 1113 οἳ
1612 1058 1674 1114 τὸ
1733 1058 2029 1123 ποιμαίνειν

374 1141 654 1220 ἐδεξάμεθα
715 1144 774 1200 ἐκ
829 1152 923 1202 τοῦ
997 1145 1258 1227 ὂφφικίου.
1347 1145 1573 1210 Δούλους
1619 1147 1762 1222 ἡμᾶς
1817 1146 2031 1203 πάντων

375 1239 484 1290 τῶν
526 1240 618 1289 τοῦ
661 1241 793 1290 Θεοῦ
849 1233 1048 1291 δούλων
1117 1234 1502 1314 ὁμολογοῦμεν.
1565 1233 1714 1293 Ἀλλ’
1771 1234 1884 1292 ἐπεὶ
1940 1236 2031 1291 τὸν

379 1322 556 1396 κύριον
613 1324 701 1380 καὶ
769 1321 1079 1382 διδάσκαλον
1147 1327 1326 1407 ἡμῶν,
1383 1325 1475 1382 ἵνα
1527 1325 1618 1382 ἕνα
1675 1327 1854 1405 νεκρὸν
1898 1324 2031 1380 ἀνα-

377 1412 578 1488 στήσῃ,
634 1412 687 1468 ἐν
749 1413 955 1490 σώματι
1025 1413 1276 1472 ἀπελθεῖν
1331 1412 1448 1471 ὁδὸν
1505 1413 1568 1464 87
1624 1415 1711 1471 καὶ
1780 1411 2029 1493 δακρῦσαι

378 1499 810 1578 ἀναγινώσκομεν
845 1505 900 1559 ἐν
936 1509 1013 1578 τῷ
1059 1505 1319 1579 μνήματι,
1394 1505 1480 1559 καὶ
1537 1501 1789 1575 λαλῆσαι,
1827 1502 2028 1581 Λάζαρε

377 1585 523 1665 δεῦρο
553 1587 653 1654 ἔξω
686 1606 702 1622 ⁰
757 1589 972 1657 ἀνάξιον
1027 1593 1291 1669 κρίνομεν,
1372 1591 1460 1648 ἐὰν
1531 1594 1592 1648 τὸ
1657 1590 1910 1648 τάλαντον
1968 1592 2029 1647 τὸ

381 1680 703 1735 Δεσποτικὸν
776 1679 1113 1762 ἐπισχῶμεν,
1173 1683 1262 1739 καὶ
1329 1680 1686 1757 ἀμελήσωμεν
1751 1683 1836 1744 οὒς
1869 1679 2028 1735 δυνά-

1748 382 2435 464 GRIECO-ROMANUM

1558 521 1803 597 ποίμνιον
1861 521 2030 597 ἐνωθῇ

2125 515 2361 595 gloriam
2393 515 2744 598 quaerimus,
2777 515 2879 598 qui
2911 515 3195 598 pascendi
3221 516 3600 600 suscepimus
3636 517 3770 580 ofﬁ-

3651 385 3775 454 930

2114 605 2271 667 cium
2297 619 2341 670 ν.
2366 607 2581 668 Servos
2602 624 2712 667 nos
2741 605 3007 667 omnium
3040 605 3146 668 Dei
3168 625 3480 669 servorum
3514 607 3766 670 confite-

2116 695 2394 758 mur.Sed
2427 715 2563 757 cum
2597 694 2915 760 Dominum
2965 703 3022 756 et
3069 695 3407 774 Magistrum
3467 703 3765 773 nostrum,

2112 792 2175 844 ut
2206 803 2388 845 unum
2425 793 2722 846 mortuum
2763 785 3152 847 resuscitaret
3208 785 3267 848 itt
3321 803 3595 867 corpore,
3627 805 3771 867 pro-

2113 873 2333 935 fectum
2364 873 2546 937 fuisse
2571 881 2686 949 ﬂet
2743 873 3122 954 lacrymatum
3171 874 3423 953 legimus
3455 875 3526 938 ad
3559 876 3763 956 sepul-

2114 981 2306 1036 crum,
2365 971 2423 1024 et
2453 962 2721 1024 dixisse:
2775 965 3009 1036 Lazare,
3047 963 3138 1024 exi
3194 963 3396 1025 foras:
3427 963 3770 1043 judicamus

2114 1050 2450 1132 indignum,
2482 1051 2532 1114 si
2561 1051 2800 1114 Domini
2835 1051 3198 1114 retineamus
3221 1054 3598 1135 talentum,et
3620 1071 3770 1134 quos

2116 1157 2453 1220 possumus,
2477 1143 2534 1201 in
2568 1141 2764 1202 anima
2793 1141 3152 1203 resuscitare
3185 1141 3573 1221 negligamus.
3597 1141 3766 1215 Quod

2115 1237 2426 1308 superest,
2472 1229 2723 1292 dilectos
2792 1230 2947 1291 filios
2996 1239 3232 1292 nostros
3291 1229 3648 1292 Balduinum
3709 1236 3770 1290 et

2114 1316 2612 1380 Balditzioninum
2664 1327 2986 1400 praesentes
3036 1318 3420 1381 tabellariost
3447 1317 3522 1381 ad
3572 1318 3764 1380 dilec-

2115 1407 2409 1470 tissimum
2444 1408 2632 1471 tilium
2660 1415 2930 1471 nostrum
2954 1408 3406 1471 Emmanuelem
3437 1407 3766 1490 imperato-

2111 1515 2238 1560 rem
2272 1497 2987 1578 Constantinopolitanum
3018 1517 3051 1560 a
3082 1498 3364 1578 religioso
3418 1505 3573 1561 caatu
3619 1497 3764 1558 mis-

2113 1605 2233 1659 sos,
2265 1586 2567 1649 dilectioni
2619 1593 2737 1651 tua:
2785 1587 3050 1648 studiose
3081 1587 3577 1649 commendamus
3613 1609 3624 1647 :
3663 1606 3767 1648 ro-

2115 1683 2340 1754 gantes,
2369 1687 2429 1736 ut
2463 1695 2568 1756 per
2596 1702 2617 1731 ι
2645 1676 3028 1738 dilectionem
3064 1675 3171 1737 Dei
3195 1676 3470 1758 beatique
3501 1675 3683 1750 Petri,
3711 1684 3771 1738 et

378 1769 510 1842 μεθα
541 1766 596 1823 ἐν
645 1773 798 1848 ψυχῇ
841 1771 1157 1838 ἀναστῆσαι.
1208 1773 1329 1850 Περὶ
1353 1778 1445 1828 τοῦ
1474 1770 1681 1841 λοιποῦ,
1729 1771 1848 1834 τοὺς
1887 1769 2028 1848 ἀγα-

2125 1764 2276 1825 sedis
2307 1766 2645 1845 apostolicae
2675 1773 2733 1826 et
2766 1765 2998 1846 pietatis
3024 1766 3244 1827 cultum
3271 1777 3316 1839 ³,
3353 1774 3594 1846 aspectu
3627 1785 3766 1846 gra-

379 1877 578 1922 πητους
643 1857 932 1937 ἡμετέρους
990 1862 1130 1926 υἱοὺς
1201 1859 1457 1917 Βαλδούῖν
1546 1861 1632 1916 καὶ
1687 1857 2029 1932 Βαλδίζίονιν,

2125 1854 2266 1914 tioso
2289 1853 2350 1915 in
2381 1873 2586 1916 eorum
2620 1853 3084 1917 necessitatibus
3105 1853 3574 1917 consolationem
3602 1855 3767 1918 adbi-

379 1944 501 2010 τοὺς
569 1951 675 2002 τῶν
738 1948 1014 2028 παρόντων
1082 1951 1410 2029 γραμμάτων
1479 1948 1868 2028 ἀποκομιστάς,
1900 1948 2032 2025 πρὸς

2125 1942 2284 2006 beas.
2319 1942 2402 2004 De
2432 1952 2530 2004 tua
2552 1943 2889 2006 valetudine
2927 1947 3202 2023 cupimus
3236 1961 3342 2024 per
3366 1943 3594 2005 litteras
3642 1944 3772 2007 fieri

379 2035 471 2088 τὸν
515 2034 996 2114 ἀγαπητικώτατον
1052 2041 1161 2095 υἱὸν
1217 2041 1373 2116 ἡμῶν
1431 2037 1775 2115 Ἐμμανουῆλ
1826 2039 1917 2092 τὸν
1947 2035 2036 2093 αὖ·
2117 2033 2430 2096 certiores.

387 2123 680 2203 τοκράτορα
753 2127 1359 2192 Κωνσταντινουπόλεως
1415 2128 1520 2184 ἀπὸ
1567 2134 1660 2184 τοῦ
1731 2123 1980 2189 εὒλαίϐούς
2039 2122 2384 2200 ἀθροίσματος
2444 2124 2803 2202 πεμφθέντας,
2873 2129 2940 2200 τῇ
3006 2123 3190 2202 ἀγάπῃ
3223 2145 3316 2180 σου
3400 2129 3766 2203 προσεκτικ·ἷ›ς

383 2210 726 2289 παραδίδομεν
761 2231 778 2250 ⁹
811 2215 1128 2296 ἐρωτῶντες,
1162 2217 1255 2274 ἵνα
1283 2217 1464 2280 αὒτοῖς
1495 2215 1578 2273 διὰ
1607 2217 1704 2284 την
1735 2217 1949 2294 ἀγάπην
1978 2222 2072 2272 τοῦ
2101 2217 2250 2284 Θεοῦ,
2285 2212 2372 2267 καὶ
2400 2221 2492 2270 τοῦ
2521 2214 2776 2291 μακαρίου
2834 2212 3054 2292 Πέτρου,
3113 2214 3202 2269 καὶ
3266 2218 3358 2268 τοῦ
3417 2211 3770 2269 ἀποστολικοῡ

389 2302 596 2377 θρόνου,
629 2304 721 2359 καὶ
749 2305 848 2372 τὴν
878 2307 975 2373 τῆς
1004 2305 1267 2371 εὐλαϐείας
1300 2305 1571 2366 εὐλάϐειαν
1601 2303 2214 2387 88,βλέμματιχαρίενίιι
2233 2299 2286 2354 ἐν
2302 2314 2422 2362 ταῖς
2453 2301 2600 2367 ἰδίαις
2630 2302 2883 2382 ἀνάγκαις
2911 2303 3007 2366 τὰς
3038 2299 3398 2381 παρακλήσεις
3429 2300 3720 2365 ἀποδώσεις
3758 2322 3771 2336 °

385 2388 439 2444 δὲ
470 2391 564 2456 σάς
589 2393 786 2471 ὑγιείας
815 2392 898 2451 διὰ
927 2401 1034 2453 τῶν
1066 2402 1172 2452 σῶν
1202 2403 1415 2478 γραφῶν
1459 2395 1678 2472 θέλομεν
1709 2397 1844 2471 ἡμῖν
1869 2391 2228 2460 δηλώσασθαι.

818 2509 1174 2562 ΒΑΣΙΛΕΙΟΥ
1205 2509 1544 2561 ΑΧΡΙΔΗΝι)
1555 2511 1612 2564 1’.

388 2582 474 2656 Α..
531 2594 866 2680 Ἀντιφραῶὴ
933 2599 998 2650 89
1071 2608 1167 2660 τοῦ
1239 2598 1536 2680 ἀγιωτάτου
1605 2597 2037 2680 ἀρχιεπισμόπου

470 2674 885 2761 βεσσαλονικῆς,
1003 2683 1176 2761 κυρίου
1276 2674 1548 2761 Βασιλείου
1641 2674 1741 2740 ’τοῦ
1824 2678 2035 2761 ,Ἀτχρι-

467 2753 649 2853 δηνοῦ,
710 2753 875 2838 πρὸξ
923 2762 1015 2818 τὸν
1057 2753 1240 2818 πάπαν
1313 2753 1524 2837 Ῥώμης
1591 2761 1765 2840 κύριον
1823 2753 2036 2839 Ἀδρια-

469 2858 581 2900 νον,
623 2861 644 2893 ι

468 2933 804 3014 Ἀνέγνωμέν
863 2961 958 2999 σου
1025 2940 1125 3007 τὴν
1181 2937 1487 3013 ἐπιστολὴν,
1542 2937 1805 3017 ἁγιώτατε
1861 2937 2034 3011 πάπα,

2559 2494 2832 2559 BASILII
2873 2493 3306 2560 ACHRIDENI.

2117 2598 2162 2658 Ι.
2199 2598 2577 2681 Rescriptum
2606 2600 3460 2681 sanctissimiarchiepiscopi
3509 2599 3766 2664 Thessa-

2200 2679 2539 2762 lgnicensis,
2574 2682 2812 2762 domini
2838 2679 3060 2743 Basilii
3085 2679 3531 2756 Achrideni,ad
3549 2698 3774 2762 papam

2200 2759 2563 2835 Romanum,
2600 2761 2909 2824 dominum
2938 2762 3321 2824 Adt‘t'anum.

2202 2938 2483 3019 Legimus
2516 2946 2672 3000 tuam
2704 2937 3040 3019 epistolam,
3077 2938 3454 3002 sanctissime
3495 2957 3664 3022 papa,
3701 2958 3772 3002 ex

392 3025 491 3080 καὶ
558 3029 962 3105 κατενοήσαμεν
1030 3027 1080 3095 ἐξ
1127 3030 1289 3096 αὐτῆς
1351 3029 1412 3085 τὸ
1467 3027 1600 3103 ὕψος
1657 3028 1755 3094 τῆς
1811 3024 2036 3091 διανοίας

2125 3046 2237 3127 qua
2269 3027 2681 3127 perspeximus
2711 3027 2933 3127 ingenii
2968 3027 3050 3127 tui
3081 3027 3776 3104 sublimitatem,bumili-

390 3134 504 3187 σου,
536 3115 602 3198 to
627 3115 785 3192 βάθος
814 3123 912 3185 τῆς
941 3119 1335 3192 ταπεινώσεως,
1389 3118 1451 3173 τὸ
1521 3114 1720 3179 πλάτος
1775 3119 1873 3184 τῆς
1903 3115 2040 3198 κατά

393 3206 522 3262 Θεὸν
565 3195 780 3287 ἀγάπης
809 3213 896 3267 καὶ
926 3209 1201 3279 διαθέσεως
1237 3229 1250 3244 ⁸
1284 3211 1369 3292 ὑφ’
1413 3214 1478 3280 ἧς
1539 3211 1597 3267 οὒ
1625 3195 2041 3289 στενοχωρεϊταί

393 3317 483 3372 ρου
511 3299 546 3364 ὴ
611 3297 941 3369 ἀποστολικὴ
1011 3300 1214 3383 καρδία,
1275 3299 1411 3359 ἀλλὰ
1467 3299 1783 3356 πλατύνεται
1840 3296 2041 3374 μᾶλλον

389 3385 456 3441 τὰ
497 3385 785 3468 σπλάγχνα
842 3391 915 3456 εἷς
970 3389 1245 3473 ὑποδοχὴν
1302 3393 1390 3448 καὶ
1436 3388 1774 3470 περιποίησιν
1827 3389 1934 3445 τῶν
1987 3387 2040 3443 ἐν

392 3473 622 3540 ἀπάσαις
691 3491 815 3541 ταῖς
895 3477 1235 3550 Ἐκκλησίαις
1294 3486 1642 3558 Χριστιανῶν.
1700 3477 2038 3556 Ἐπέγνωμέν

393 3585 486 3620 σου
515 3565 614 3634 τήν
642 3568 826 3646 φωνὴν
881 3566 965 3631 διὰ
1019 3592 1125 3626 των
1187 3571 1514 3650 γραμμάτων
1562 3565 1870 3638 λαλήσασαν
1899 3566 2038 3642 ἡμῖν

394 3655 466 3717 εἷς
492 3655 556 3710 τὰ
584 3657 696 3712 ὦτα
757 3657 845 3713 καὶ
901 3660 1000 3726 τὴν
1058 3657 1310 3722 διάνοιαν,
1367 3657 1698 3733 Ἠκούσαμεν
1753 3653 2039 3718 λαλοῦντος

395 3743 468 3829 ᾡς
501 3745 724 3825 πατρὸς,
781 3746 856 3811 ὡς
906 3747 1184 3829 ποιμένος,
1258 3744 1460 3824 μᾶλλον
1517 3744 1572 3801 δὲ
1629 3744 2035 3825 ἀρχιποίμενος.

396 3822 488 3898 ςΩιτ
549 3822 646 3911 μὲν
723 3835 824 3916 γὰρ
904 3822 1102 3913 πατὴρ,
1162 3822 1269 3894 καὶ.
1301 3822 1906 3914 τοὺςέἀπηλλοτριωσθαί
1954 3854 2046 3889 σου

395 3919 676 3988 δόκοῦντας
722 3925 886 4006 υἱοὺς,
945 3927 1045 3982 δπὸ
1103 3927 1224 3990 τοὺς
1307 3924 1589 4004 πατρικούς
1645 3945 1737 3979 σου
1809 3920 2038 3986 κόλπους

398 4012 662 4094 συνάγεις,
715 4015 800 4071 καὶ
854 4013 1148 4091 κηδόμενος
1217 4015 1416 4073 τούτων
1481 4011 1744 4076 διατελεῖς
1775 4027 1791 4044 ⁸
1852 4013 1926 4075 ὡς
1985 4008 2040 4066 δὲ

398 4102 624 4177 ποιμὴν,
680 4106 775 4160 οἶα
843 4101 1082 4180 πρόϐατα
1162 4103 1550 4180 πεπλανημένα
1621 4098 1863 4177 ἀνακαλῇ
1896 4116 1912 4132 ⁹
1967 4102 2040 4163 ὡς

397 4186 451 4244 δὲ
495 4189 762 4260 ποιμένων
793 4194 996 4269 ποιμὴν
1040 4193 1138 4262 τὴν
1195 4194 1552 4271 ποιμαντικήν
1596 4214 1688 4249 σου
1743 4191 1829 4246 καὶ
1868 4187 2039 4246 θεοδί-

398 4275 586 4336 δακτον
615 4277 919 4356 ἐπιστήμην
949 4280 1208 4349 διδάσκεις
1279 4285 1446 4365 ἡμᾶς,
1497 4283 1587 4340 καὶ
1627 4286 1732 4339 τῶν
1781 4279 2040 4355 ποιμνίων

2125 3116 2256 3177 tatis
2288 3117 2772 3196 profunditatem,
2808 3115 3180 3178 latitudinem
3205 3141 3231 3184 ι,
3263 3124 3377 3178 tute
3407 3136 3551 3196 erga
3580 3118 3767 3182 Deum

2123 3205 2460 3267 dilectionis
2491 3215 2547 3266 et
2576 3205 2930 3280 affectionis,
2963 3225 3070 3287 per
3096 3225 3270 3287 quam
3308 3225 3425 3267 non
3475 3223 3770 3286 coangus-

2125 3301 2280 3355 tatur
2322 3295 2710 3374 apostolicum
2763 3314 2866 3358 cor
2908 3303 3098 3372 tuum,
3133 3295 3278 3377 quin
3317 3295 3514 3376 potius
3543 3296 3772 3360 viscera

2124 3383 2482 3463 dilatantur,
2551 3384 2624 3445 ad
2698 3383 3142 3466 suscipiendum
3218 3384 3773 3467 acquirendumque

2123 3471 2388 3532 omnium
2450 3471 2846 3535 Ecclesiarum
2910 3472 3297 3536 Christianos.
3326 3471 3546 3535 Vocem
3612 3479 3771 3534 tuam

2124 3560 2470 3640 agnovimus
2501 3581 2606 3642 per
2642 3562 2892 3640 litteras,
2918 3563 3325 3644 alloquentem
3357 3579 3467 3624 nos
3496 3561 3568 3623 ad
3598 3581 3774 3624 aures

2127 3650 3415 3732 ruentisqueintima.Autlivimusloquentem
3434 3658 3500 3712 ut
3515 3660 3741 3732 patrem
3755 3701 3771 3734 ,

2123 3747 2188 3801 ιιι
2238 3749 2556 3822 pastorem,
2619 3741 2708 3802 vel
2767 3742 2962 3824 potius
3017 3741 3562 3822 archipastoremC.
3624 3740 3770 3802 Nam

2129 3829 2295 3910 quasi
2354 3839 2542 3911 pater,
2575 3831 2750 3907 ﬁlios,
2783 3831 2884 3912 qui
2934 3850 2968 3891 a
3017 3841 3076 3894 te
3117 3829 3436 3892 abalienati
3467 3829 3766 3907 videntur,

2121 3919 2230 3980 sub
2264 3928 2547 4000 paternos
2600 3920 2764 3982 sinus
2795 3929 2925 3982 tuos
2955 3921 3142 4000 cogis,
3182 3937 3510 4000 eorumque
3536 3920 3770 3982 sollici-

2122 4007 2387 4070 tudinem
2421 4009 2603 4072 habes
2629 4030 2644 4070 :
2667 4009 2836 4092 quasi
2866 4016 3068 4090 pastor
3095 4016 3544 4085 autem,utoves
3562 4028 3768 4071 erran-

2123 4108 2232 4172 tes,
2268 4117 2550 4174 revocas;
2581 4099 2751 4181 quasi
2805 4107 3106 4181 pastorum
3156 4105 3377 4180 pastor,
3412 4099 3771 4180 pastoralem

2122 4195 2284 4248 tuam
2318 4203 2370 4250 et
2403 4187 2686 4250 divinitus
2708 4187 2960 4251 infusam
2995 4187 3304 4252 scientiam
3338 4206 3446 4249 nos
3468 4186 3670 4265 doces,
3696 4208 3773 4252 ne

2121 4294 2331 4356 greges
2359 4278 2730 4358 negligamus
2748 4279 2852 4342 sed
2888 4278 3024 4340 totis
3053 4277 3280 4340 viribus
3311 4277 3770 4359 prospiciamus,

400 4369 478 4442 μὴ
506 4367 752 4445 ἀμελεῖν,
798 4369 934 4428 ἀλλά
982 4371 1127 4450 πάσῃ
1171 4370 1383 4449 δυνάμει
1442 4373 1804 4452 προνοεῖσθαι,
1861 4369 2036 4425 καὶτὸ

2125 4373 2184 4426 ut
2217 4366 2293 4448 ei,
2329 4367 2485 4448 quod
2513 4367 2665 4429 male
2697 4367 2896 4450 habet,
2923 4367 3133 4430 sedulo
3175 4368 3543 4432 medeamur.
3578 4369 3770 4432 Audi-

398 4464 578 4522 κακῶς
607 4457 736 4540 ἔχον
793 4461 1095 4535 θεραπεύειν
1165 4461 1455 4539 ἐπιμελῶς.
1517 4459 1852 4537 Ἠκούσαμεν
1901 4458 2037 4515 ἀνα·-

399 4544 723 4625 καλουμένου
792 4552 925 4630 πρὸς
1009 4551 1214 4632 ἑαυτὸν,
1299 4552 1389 4609 καὶ
1472 4549 1877 4631 ἐπεστράφημέν
1954 4569 2046 4605 σου

398 4637 532 4718 πρὸς
586 4637 688 4706 τήν
741 4641 928 4719 φονήν.
1011 4641 1215 4705 Πάντος
1311 4640 1365 4698 δὲ
1425 4643 1469 4697 εἱ
1543 4639 1848 4719 ἀλλοτρίους
1903 4638 2044 4702 υἱοὺς

402 4722 530 4804 [τῆς
585 4734 683 4794 σῆς
738 4727 1040 4807 ἁγιότητος]
1142 4729 1484 4810 ἐλογιζόμεθα
1557 4729 1796 4807 ἑαυτοὺς,
1856 4727 1892 4797 ἢ
1948 4731 2046 4794 τῆς

400 4819 501 4883 σῆς
609 4822 963 4893 ποιμαντικῆς
1072 4819 1529 4901 ἀπομακρύνεσθαι
1657 4816 2046 4898 προῃρούμεθα,

2129 4455 2318 4516 vimus
2333 4465 2714 4519 revocantem
2737 4457 2810 4519 ad
2841 4457 3130 4539 seipsum,
3162 4464 3223 4518 et
3251 4456 3324 4518 ad
3353 4473 3561 4520 vocem
3613 4465 3771 4520 tuam

2128 4544 2399 4608 conversi
2431 4565 2658 4609 sumus.
2690 4545 2872 4608 Plane
2902 4547 2953 4608 si
2989 4547 3220 4608 alienos
3249 4563 3284 4606 a
3315 4554 3412 4607 tua
3459 4546 3774 4610 sanctitate

2128 4633 2282 4695 filios
2312 4653 2420 4697 nos
2449 4635 2612 4717 ipsos
2632 4634 3163 4705 existimassemus,
3188 4643 3288 4696 aut
3313 4633 3486 4714 longe
3515 4653 3550 4696 a
3579 4645 3778 4716 pasto-

2130 4725 2239 4786 rali
2277 4743 2422 4786 cura
2472 4735 2570 4787 tua
2617 4725 2884 4806 separari
2928 4725 3344 4800 voluissemus,
3398 4743 3770 4806 nequaquam

2135 4812 2582 4894 agnovissemus
2601 4823 2664 4876 ut
2682 4825 2992 4895 paternam
3023 4813 3540 4894 vocem,nequead
3574 4823 3776 4895 pasto-

403 4903 498 4961 οὒκ
527 4903 590 4961 ἂν
608 4905 764 4996 ⁵οὕτε
828 4905 1134 4986 ἐπέγνωμεν
1207 4911 1282 4973 ὡς
1366 4910 1630 4988 πατρικὴν
1712 4908 1812 4977 τήν
1870 4905 2036 4985 φωνὴε

2134 4921 2260 4965 rem
2290 4903 2555 4985 receptui
2577 4911 2889 4966 canentem
2909 4903 2934 4945 ἀ
2950 4903 3218 4965 conversi
3247 4902 3588 4966 fuissemus.
3626 4902 3774 4965 Nam

403 4993 519 5050 οὔτε
549 4993 905 5072 εἷος-ποιμένος
933 4999 996 5054 τὸ
1030 4996 1385 5067 ἀνακλητικὸν
1433 4997 1646 5072 ᾅδοντος
1719 4995 2048 5074 ἐπανεστρά-

2129 4993 2299 5074 juxta
2330 4992 2583 5055 verbum
2615 4992 3060 5069 Domini,nemo
3082 5010 3346 5072 unquam
3368 5000 3573 5054 noscet
3592 4999 3782 5054 extra-

403 5105 601 5165 φημεν.
666 5086 814 5143 Κατά
869 5087 970 5167 γάρ
1053 5088 1143 5143 τὸν
1199 5094 1292 5146 τοῦ
1376 5089 1562 5168 Κυρίου
1630 5085 1813 5166 λόγον,
1887 5083 2036 5146 οὐδείς

2134 5100 2383 5144 neorum
2413 5100 2643 5158 vocem,
2677 5081 2783 5144 sed
2809 5083 3007 5162 potius
3035 5081 3109 5143 ab
3140 5099 3212 5143 ea
3239 5081 3444 5161 fugiet.
3479 5080 3630 5154 Quid
3661 5080 3778 5162 igi-

404 5194 533 5230 ποτε
563 5172 910 5254 ἐπιγνώσεται
967 5178 1072 5235 τῶν
1137 5175 1427 5257 ἀλλοτρίων
1495 5178 1596 5247 τὴν
1653 5178 1858 5257 φωνὴν,
1915 5173 2036 5230 ἀλλό

2135 5180 2231 5234 tur
2255 5170 2328 5233 ad
2361 5190 2469 5234 nos
2499 5170 2759 5234 errantis
2806 5171 2932 5234 ovis
2989 5170 3353 5249 similitudo,
3398 5170 3777 5235 sanctissimo

1746 5341 2013 5408 VARLE
2033 5339 2468 5407 LECTIONES.

482 5475 548 5528 88
574 5473 831 5558 εὕριϐείας
861 5477 1043 5543 εὖλαϐ.
1073 5479 1138 5534 89
1163 5481 1520 5564 ἀντίγραμμα.

484 5631 510 5664 τ
533 5599 825 5680 pascendi
851 5620 1075 5668 munus
1089 5611 1460 5686 suscepimus
1474 5601 1786 5686 exfoﬂieio.
1817 5606 1843 5638 ι
1871 5598 2120 5686 longum
2141 5599 2260 5661 iter
2284 5597 2628 5686 confecisse.
2659 5602 2686 5645 ι
2712 5597 3186 5686 Βᾳὶὰξεαὶοηεπι,
3211 5597 3655 5664 latoresharum
3676 5598 3778 5686 lit:

405 5677 701 5745 terarum.
750 5695 772 5727 ι
799 5691 864 5746 ut
885 5692 1163 5768 propter.
1209 5697 1234 5728 ι
1257 5677 1702 5750 reverentiam.
1731 5680 1760 5724 δ
1786 5677 2276 5763 amplitudinem.
2307 5691 2331 5725 ο
2349 5683 2658 5758 pastorem
2681 5680 3045 5763 principem.
3077 5679 3104 5720 ά
3131 5677 3201 5744 ut
3220 5689 3464 5762 pastore
3509 5684 3782 5764 receptui

401 5769 674 5826 canente.
