4130 6416
337 422 458 494 933

1685 404 2383 494 GRIECO-ROMANUM

3596 422 3717 494 934

336 557 591 644 διεστῶνα
620 562 860 641 συνάγειν
915 559 977 611 99
1030 562 1119 619 καὶ
1185 559 1514 640 βουλομένης
1562 563 1653 620 καὶ
1695 561 1979 641 δυναμένης

2071 561 2147 626 de
2193 560 2365 624 nobis
2406 563 2702 642 suspicata
2741 559 2840 638 sit,
2875 578 2944 622 ex
2975 559 3296 624 dilectione
3322 565 3716 644 quorumdam

335 649 410 713 εἰς
440 647 518 708 ἔν.
566 640 890 727 Ἦμεϊςμὲν
953 652 1054 731 γὰρ
1106 651 1360 732 βραχεῖς,
1432 652 1522 707 καὶ
1578 640 1830 732 βραχέος
1853 675 1982 710 ποι-

334 737 486 814 μνίου
554 740 927 822 κατάρχομεν,
984 738 1197 820 μέτριον
1241 740 1339 817 μὲν
1407 741 1496 797 καὶ
1561 742 1697 797 κατὰ
1754 742 1983 821 σταγόνα

330 827 422 885 τὸν
450 825 610 907 λόγον
639 827 881 909 ἔχοντες,
914 829 1107 910 ἀρετῆς
1165 827 1221 885 δὲ
1275 828 1597 910 μετέχοντες
1627 827 1716 886 οὐδ
1744 832 1914 888 ὁτιοῦν
1961 847 1978 865 ⁸

330 917 494 974 εἶκαὶ
548 919 585 986 ἡ
645 939 715 981 ση
787 918 1009 999 ἀγιότης
1070 918 1296 997 μέγιστά
1345 941 1464 977 τινα
1510 920 1629 999 περὶ
1677 921 1833 996 ἡμῶν
1887 920 1983 977 ὑπ-

330 1004 573 1080 ενόησεν,
606 1006 668 1064 ἐκ
707 1012 807 1075 τῆς
864 1030 1022 1064 τινων
1091 1007 1308 1086 ἀγάπης
1364 1013 1471 1064 τῶν
1529 1007 1746 1066 ἐνταῦθα
1801 1007 1980 1066 ἐπιδε-

330 1092 681 1178 δημηκότων,
737 1096 826 1153 καὶ
880 1096 1018 1175 ἡμῖν
1088 1094 1469 1177 ὡμιληκότων,
1513 1097 1725 1162 πάντως
1804 1120 1983 1178 παρα·-

328 1187 638 1247 πεισθετσα.
669 1176 731 1243 Ἦ
762 1182 816 1242 δέ
858 1207 920 1265 γε
978 1185 1048 1253 σὴ
1104 1185 1401 1266 τελειότης,
1456 1176 1551 1243 καὶ
1605 1193 1697 1243 τοῦ
1778 1176 1979 1243 παντε-

325 1270 468 1333 λείου
511 1280 739 1353 Χριστοῦ
768 1276 944 1333 εὶκόνα
973 1276 1062 1332 καὶ
1089 1276 1336 1353 ὁμοίωμα
1360 1274 1588 1356 φέρουσα
1628 1275 1766 1333 κατά
1807 1298 1864 1332 τε
1888 1279 1980 1333 τὸν

325 1362 508 1441 θρόνον
538 1363 677 1420 κατῶ
717 1385 775 1421 τε
817 1370 1012 1444 γνῶσιν
1040 1368 1128 1421 καὶ
1168 1365 1268 1433 τὴν
1310 1363 1403 1421 106
1457 1364 1571 1443 βίου
1601 1363 1979 1445 λαμπρότητα,

327 1450 522 1521 δυνατὴ
591 1453 804 1519 πάντως
888 1453 1034 1511 ἔσται
1089 1455 1178 1511 καὶ
1252 1456 1316 1511 τὰ
1375 1452 1654 1511 διιστῶντα
1714 1452 1982 1512 σκάνδαλα

326 1543 620 1624 περιελεῖν,
686 1549 777 1604 καὶ
843 1560 965 1612 ταῖς
1037 1546 1378 1615 Ἐκκλησίαις
1440 1547 1878 1615 ἀποκαταστῆσαι
1920 1547 1983 1604 τὸ

327 1633 530 1693 ἑνιαΐον
552 1637 641 1693 καὶ
681 1634 1028 1714 ἀδιάτμητον.
1064 1626 1235 1717 υΕχει
1293 1634 1348 1693 δὲ
1376 1639 1508 1718 πρὸς
1562 1647 1715 1697 τοῦτο
1743 1639 1779 1706 ἡ
1823 1636 1980 1715 ἁγιό-

324 1744 427 1791 της
455 1746 549 1783 σου
589 1723 654 1775 93
683 1728 949 1801 σύμπνουν
998 1727 1087 1783 καὶ
1141 1728 1391 1807 συνεργὸν
1444 1729 1537 1784 τὸν
1601 1726 1981 1807 κραταιότατον

2065 649 2167 732 qui
2194 649 2295 712 hic
2326 649 2714 731 peregrinati,
2745 667 2855 712 nos
2896 648 3135 711 allocuti
3168 659 3325 713 sunt.
3359 651 3483 714 Tun
3518 663 3715 717 autem

2065 739 2371 820 integritas
2394 752 2456 815 ω,
2491 738 2754 820 undique
2786 739 3032 820 perfecti
3072 740 3314 817 Christi,
3376 751 3492 804 tam
3546 748 3719 821 sede,

2065 847 2242 911 quam
2277 829 2579 910 peritia,et
2604 829 2743 890 vita)
2761 826 3432 909 splendi-re,imaginem
3458 840 3515 893 et
3542 831 3715 894 simi-

2066 918 2378 981 litudinem
2411 918 2703 988 referens.
2764 916 2980 998 poterit
3021 917 3264 980 omnino
3293 919 3544 983 dissidio
3567 940 3714 984 cau-

2064 1025 2191 1070 sam
2248 1007 2573 1090 praebentia
2628 1006 2907 1069 scandala
2956 1025 3289 1083 removere,
3325 1018 3384 1071 et
3433 1011 3718 1076 Ecclesiis

2066 1097 2349 1160 unionem
2381 1095 2864 1177 soliditatemque
2906 1096 3248 1161 restituere.
3296 1096 3488 1164 Habet
3516 1108 3714 1164 autem

2062 1187 2134 1249 ad
2189 1187 2300 1249 hoc
2347 1184 2627 1248 sanctitas
2701 1193 2799 1246 tua
2867 1184 3212 1247 unanimem
3271 1199 3329 1248 et
3382 1188 3714 1269 adjutorem

2063 1275 2571 1358 potentissimum,
2618 1283 2678 1337 et
2742 1274 2899 1336 inter
2949 1274 3343 1357 imperatores
3395 1280 3714 1340 maximum

2063 1383 2132 1428 ac
2158 1383 2455 1427 summum
2490 1365 2731 1447 pietate,
2752 1364 2852 1446 qui
2883 1373 2941 1427 et
2965 1367 3190 1427 viribus
3219 1367 3714 1449 inexpugnabilis,

2065 1460 2125 1517 et
2153 1454 2473 1536 prudentia
2498 1472 2568 1516 e.\
2581 1453 2831 1535 cellens,
2865 1467 2925 1516 et
2967 1453 3125 1516 inter
3154 1474 3367 1517 omnes
3397 1455 3585 1520 bonos
3615 1457 3719 1537 qui

2066 1562 2325 1625 unquam
2369 1541 2748 1604 admirationi
2789 1542 3029 1605 fuerunt
3056 1542 3507 1620 celeberrimus,
3543 1546 3717 1626 cujus

2063 1634 2233 1695 nutui
2263 1639 2321 1693 et
2342 1650 2449 1694 nos
2482 1631 2859 1714 parebimus,
2887 1640 2947 1694 et
2974 1631 3126 1694 servi
3156 1632 3485 1698 Dominicae
3504 1636 3716 1699 volun-

2064 1721 2168 1785 tati
2199 1721 2618 1803 obsequemur.

324 1814 416 1870 καὶ
443 1814 692 1895 μέγιστον
735 1814 789 1872 ἐν
819 1813 1118 1896 βασιλεῦσι,
1150 1816 1235 1895 κρὶ
1264 1815 1555 1895 ἀκρότατον
1611 1816 1710 1883 τὴν
1754 1812 2045 1886 εὐσέϐειαν,
2078 1815 2170 1870 τὸν
2198 1814 2284 1869 καὶ
2325 1826 2423 1880 την
2451 1812 2516 1862 94
2581 1811 2738 1892 ἰσχὺν
2791 1811 3166 1892 ἀπρόσμαχον,
3225 1813 3312 1869 καὶ
3335 1814 3433 1881 τὴν
3461 1813 3714 1896 φρόνησιν

325 1892 742 1980 ἀνυπέρϐλητον,
786 1892 874 1963 καὶ
903 1904 958 1961 ἐν
985 1892 1150 1962 ἅπασι
1178 1892 1297 1969 τοῖς
1328 1892 1521 1969 καλοῖς
1550 1905 1762 1962 πάντων
1790 1909 1896 1960 τῶν
1924 1902 2015 1960 ἀπ’
2063 1903 2251 1965 αἰῶνος
2278 1901 2688 1978 θαυμαζομένων
2716 1901 3139 1977 ὀνομαστότατον
3173 1903 3258 1958 ὀὗ
3284 1908 3362 1977 τῷ
3391 1902 3606 1979 νεύματι
3627 1892 3716 1959 καἱ

324 1993 488 2070 ἡμεῖς
530 1992 803 2072 ὑπείξομεν
823 1996 912 2052 καὶ
939 2001 1031 2071 τῷ·
1049 2002 1358 2071 Δεσποτικῴ
1392 1995 1652 2071 θελήματι
1677 1996 1723 2052 οἱ
1752 1991 1927 2051 δοῦλοι
1955 1993 2384 2073 ὑπηρετήσομεν.

406 2100 489 2170 Β’.
542 2130 567 2167 α
602 2110 908 2190 Ἀπόκρισις
939 2113 1070 2190 πρὸς
1100 2111 1166 2167 τὰ
1221 2110 1548 2191 ἐρωτηθέντα
1586 2109 1705 2191 περί
1746 2131 1886 2173 τινος

2065 2105 2103 2170 [Ι
2145 2105 2482 2187 Responsio
2503 2106 2969 2187 adiuterrogata
2980 2106 3053 2170 de
3072 2105 3433 2188 quibusdam
3455 2110 3711 2189 nuptiis.

1015 2214 1186 2270 γαμον
1194 2238 1209 2253 .
1260 2216 1288 2247 ι

406 2298 465 2358 Ὀ
497 2304 769 2378 Πετρακᾶς
811 2296 1059 2375 ἐγέννησε
1118 2298 1216 2365 την
1277 2286 1683 2379 Ἀρχόντισσαν,
1732 2298 1822 2354 καὶ
1875 2297 1975 2365 τὴν

326 2386 536 2469 Καλὴν,
600 2387 958 2469 ῥμομητρίους
1005 2406 1021 2422 ·
1080 2388 1116 2455 ἡ
1160 2384 1515 2468 Ἀρχόντισσα
1571 2386 1823 2463 ἐγέννησε
1874 2387 1975 2454 τὴν

323 2466 562 2548 Ξανθήν,
598 2466 662 2532 Ἠ
733 2474 886 2543 Καλή
930 2474 1177 2551 ἐγέννησε
1219 2466 1311 2533 τὸν
1368 2477 1611 2551 Συμεὼν,
1679 2478 1715 2545 ἡ
1789 2476 1975 2544 Ξανθῆ

323 2566 572 2647 ἐγέννησε
612 2566 712 2634 τὴν
745 2565 965 2645 Σοφίαν.
1018 2555 1241 2646 ΝΕτεροι
1272 2563 1362 2623 δύο
1405 2564 1717 2648 αύτάδελφοι
1774 2565 1826 2631 ἐξ
1858 2565 1974 2621 έτέ-

324 2678 415 2737 pou
488 2654 668 2734 γένους
735 2654 1056 2737 δμοπάτριοι
1118 2656 1206 2711 καὶ
1273 2656 1617 2736 ὁμομήτριοι,
1691 2652 1975 2719 Ἰουλιανὸς

321 2732 412 2802 καὶ
439 2732 693 2806 ἰωαννώ,
732 2732 926 2808 υΟσαιπις
956 2732 1266 2809 ”Ἰουλιανὸς
1322 2732 1613 2801 ἀνελάϐετο
1650 2746 1723 2808 εἷς
1780 2757 1975 2823 γυναῖ-

321 2856 393 2890 κα
459 2833 656 2913 Σοφίαν
716 2831 815 2900 τήν
882 2831 1143 2913 θυγατέρα
1198 2838 1295 2900 τῆς
1355 2836 1594 2901 Ξανθῆς.
1675 2831 1977 2891 Ἀκώλυτόν

323 2922 433 2979 ἐστι
465 2918 654 2979 λαϐεῖν
701 2921 798 2989 τὴν
858 2918 1088 2979 Ἰωαννώ
1143 2922 1382 2980 σύνευνον
1462 2923 1685 2998 Κυμεὼν
1725 2924 1816 2981 τὸν
1868 2926 1976 2980 υἱὸν

320 3015 427 3079 τῆς
458 3008 668 3088 Καλῆς,
698 3010 736 3079 ἢ
765 3010 825 3067 οὔ
858 3029 875 3085 ;
930 3016 1075 3081 ζητῶ
1132 3011 1301 3068 τοίνυν
1359 3013 1608 3092 γνωρίσαι
1649 3018 1805 3070 τοῦτο
1875 3034 1977 3070 σα-

324 3100 575 3183 φέστερον
605 3099 747 3179 παρὰ
775 3104 873 3167 τῆς
904 3105 1002 3167 σῆς
1033 3098 1451 3179 μεγαλειότητος
1493 3100 1793 3183 ἐγγράφως.

323 3189 462 3270 Πρὸς
531 3194 696 3247 ταῦτα
751 3188 1030 3267 ἀπόκρισις
1140 3189 1346 3270 ἐπέχθη
1429 3191 1647 3258 τοιαύτη
1678 3209 1691 3223 ·
1755 3189 1975 3260 Ἐπειδὴ

324 3278 663 3359 ἀναφαίνεται
715 3278 777 3334 τὸ
830 3276 1082 3357 ἐρώτημά
1136 3299 1250 3351 σου,
1323 3281 1369 3335 ὦ
1408 3278 1775 3378 θεοφιλέστατε
1851 3279 1978 3360 Δυῤ-
1994 3327 2034 3378 C

324 3368 519 3448 ῥαχίτα
549 3367 688 3448 μέγα
736 3365 1070 3447 σακελλάριε,
1129 3368 1174 3424 εἰ
1228 3366 1550 3426 ἀπολύονται
1608 3366 1696 3426 δύο
1763 3368 1976 3452 ἀδελφοὶ

325 3461 458 3540 πρὸς
525 3459 667 3515 θείαν
736 3456 1174 3540 πρωτεξαδέλφην
1257 3460 1346 3516 καὶ
1422 3458 1644 3536 ἀνεψιὰν
1695 3459 1746 3527 ἐξ
1800 3460 1977 3541 ἐτέρου

325 3545 753 3629 πρωτεξοδέλφου
834 3549 967 3628 πρὸς
1063 3547 1285 3624 ἔννομον
1358 3548 1532 3628 γάμον
1588 3547 1752 3615 ἔξεστι
1823 3557 1977 3608 τοῦτο

324 3637 589 3720 γενέσθαι.
624 3637 754 3696 Οὔτε
824 3638 924 3717 γὰρ
981 3634 1210 3715 ἄθεσμόν
1256 3634 1421 3719 ἐστιν,
1493 3636 1609 3696 οὔτε
1664 3639 1975 3715 κεκωλυμέ-

325 3749 438 3788 νον.
472 3724 689 3785 Ἐκεῖνα
729 3727 830 3808 γὰρ
891 3726 1235 3803 κεκωλυμένα
1289 3725 1560 3806 λέγονται,
1618 3729 1706 3785 καὶ
1749 3727 1976 3811 ἄθεσμα,

324 3818 415 3875 καὶ
469 3815 774 3897 παράνομα,
850 3814 905 3874 ἐν
961 3819 1047 3880 οἷς
1101 3816 1169 3873 τὰ
1235 3823 1327 3873 τοῦ
1385 3815 1569 3895 γένους
1628 3817 1976 3899 συγχέονται.

326 3905 630 3980 Τουτέστιν,
688 3906 733 3962 εἰ
784 3904 931 3969 θεῖός
1000 3904 1137 3986 ἐστι,
1208 3906 1509 3976 συνοικήσει
1564 3909 1663 3973 τῆς
1730 3907 1977 3986 γυναικὸς

324 3992 610 4053 κινδυνεύει
635 3994 852 4070 ἀνεψιὸς
908 3991 1153 4073 λέγεσθαι
1215 3999 1294 4053 τῶ
1361 3992 1507 4073 λόγῳ
1548 3998 1646 4062 τῆς
1703 3998 1834 4076 πρὸς
1877 3996 1977 4066 τήν

326 4097 557 4164 γυναῖκα
612 4088 974 4163 συναρμογῆς.
1040 4085 1138 4144 Καὶ
1194 4082 1261 4140 αὖ
1335 4082 1495 4145 πάλιν
1540 4085 1583 4141 εἰ
1627 4082 1976 4162 γυναικάδελ-

327 4174 426 4256 φός
496 4172 631 4243 ἐστι,
706 4169 977 4249 συμϐαίνει
1032 4167 1198 4254 τυχὸν
1268 4170 1511 4252 λέγεσθαι
1579 4171 1911 4255 σύγγαμϐρος
1958 4192 1974 4208 ⁸

328 4265 417 4320 καὶ
444 4260 565 4320 ἀλλ’
594 4260 726 4320 ἄττα
753 4262 973 4331 τοιαύτη
1031 4264 1067 4332 ἡ
1127 4263 1386 4344 σύγχυσις
1456 4265 1546 4322 καὶ
1602 4265 1664 4321 τὸ
1719 4264 1975 4341 ἀπρεπές.

328 4353 479 4412 Κατὰ
500 4353 601 4432 γὰρ
628 4353 721 4410 τὸν
747 4351 1103 4432 θεοφύλακτον
1160 4352 1328 4432 μέγαν
1378 4352 1597 4430 βασιλέα
1618 4353 1704 4430 95,
1765 4354 1820 4412 ἐν
1859 4368 1981 4421 τοῖς

326 4443 524 4522 γάμοις
562 4445 625 4501 οὒ
653 4442 817 4519 μόνον
872 4442 934 4498 τὸ
1003 4441 1451 4522 ἐπιτετραμμένον
1505 4451 1787 4520 ζητοῦμεν,
1845 4444 1982 4503 ἀλλὰ

328 4532 417 4589 καὶ
473 4532 536 4588 τὸ
584 4529 860 4612 εὐπρεπές.
910 4531 1010 4589 Καὶ
1051 4530 1263 4611 ἑτέρωθι
1319 4533 1348 4588 ὁ
1416 4534 1598 4607 αὐτὸς,
1658 4533 1750 4592 Ἐν
1792 4538 1878 4601 οἷς
1916 4535 1982 4592 τὰ

2142 2296 2416 2356 Petracas
2443 2295 2649 2375 genuit
2698 2294 3152 2359 Archontissam
3182 2305 3241 2359 et
3282 2294 3488 2371 Calen,
3522 2295 3713 2358 uteri-

2059 2401 2215 2444 nos:
2249 2384 2638 2447 Archontissa
2693 2384 2901 2464 genuit
2955 2382 3224 2450 Xanthen
3262 2403 3277 2450 :
3324 2385 3464 2449 Cale
3509 2386 3717 2462 genuit

2059 2469 2413 2553 Symeonem
2443 2491 2457 2533 :
2484 2473 2671 2536 Xante
2685 2476 2892 2553 genuit
2913 2472 3221 2556 Sophiam.
3247 2476 3375 2538 Duo
3396 2473 3608 2536 fratres
3638 2495 3709 2538 ex

2058 2560 2175 2623 alio
2223 2580 2444 2643 genere
2492 2561 2920 2644 consanguinei
2975 2571 3035 2626 et
3075 2565 3316 2635 uterini.
3350 2560 3623 2626 Julianus
3653 2573 3712 2628 et

2058 2650 2429 2724 Joanna.Qui
2450 2651 2721 2714 Julianus
2741 2676 2770 2707 ι
2799 2654 3029 2734 accepit
3053 2653 3114 2715 in
3149 2670 3392 2716 uxorem
3421 2648 3708 2731 Sophiam

2058 2737 2311 2802 Xantbae
2331 2740 2536 2803 filiam.
2560 2745 2649 2805 An
2676 2742 2955 2823 Symeoni
2984 2741 3153 2805 Cales
3182 2741 3303 2804 lilio
3333 2740 3517 2801 licent
3538 2744 3712 2806 Joan-

2062 2845 2200 2890 nam
2231 2846 2260 2875 0
2286 2844 2535 2892 uxorem
2595 2832 2840 2906 ducere,
2904 2831 3140 2895 necne?
3195 2830 3404 2904 Quaero
3433 2826 3613 2905 igitur
3637 2832 3710 2895 ab

2060 2916 2454 2999 amplitudine
2484 2926 2586 2981 tua
2609 2919 2722 2980 hoc
2751 2919 3016 3000 apertius
3065 2921 3287 3003 scripto
3318 2932 3708 2999 cognoscere.

2138 3184 2231 3248 Ad
2263 3188 2649 3267 quaestionem
2674 3187 3038 3271 hujusmodi,
3073 3191 3383 3274 responsio
3407 3192 3537 3255 talis
3560 3191 3711 3254 facta

2059 3281 2189 3337 est:
2230 3274 2374 3337 Cum
2411 3284 2508 3337 tua
2541 3278 2848 3342 manifesta
2898 3279 2973 3341 sit
2992 3279 3408 3360 interrogatio,
3443 3279 3710 3360 piissime

2059 3363 2404 3443 Dyrrachita
2456 3384 2668 3446 magne
2696 3368 3012 3432 sacellarie
3066 3389 3140 3432 an
3172 3369 3402 3431 duobus
3429 3368 3711 3432 fratribus

2055 3451 2323 3541 legitimo
2368 3456 2666 3517 connubio
2717 3457 2887 3537 jungi
2944 3459 3120 3522 liceat
3174 3479 3311 3521 cum
3360 3458 3559 3541 priore
3606 3477 3709 3520 so-

2057 3539 2231 3604 brina
2260 3551 2317 3604 et
2368 3544 2714 3606 consobrini
2768 3547 3122 3628 patruelisve
3165 3549 3302 3611 lilia.
3352 3539 3494 3612 lure
3525 3545 3704 3610 licet:

2061 3648 2258 3712 neque
2288 3633 2453 3693 nefas
2482 3657 2529 3707 ιι,
2557 3653 2749 3711 neque
2776 3636 3161 3713 prohibitum.
3188 3636 3294 3700 Illa
3322 3636 3481 3699 enim
3510 3637 3714 3717 prohi-

2061 3717 2184 3782 bita
2210 3721 2492 3785 dicuntur
2518 3748 2565 3800 ει,
2601 3724 2851 3799 nefaria,
2889 3734 2946 3787 et
2977 3724 3218 3806 injuste,
3262 3726 3323 3787 in
3354 3725 3572 3807 quibus
3600 3747 3709 3789 co-

2061 3809 2358 3889 gnationis
2376 3811 2514 3891 jura
2542 3812 3007 3879 confunduntur.
3037 3813 3104 3876 Id
3134 3823 3224 3876 est
3269 3814 3318 3876 si
3349 3823 3591 3895 patruus
3618 3817 3710 3879 vel

2060 3898 2389 3962 avunculus
2419 3911 2532 3978 est,
2584 3901 2658 3963 ob
2698 3901 2990 3965 rationem
3022 3903 3281 3985 conjugii
3311 3902 3706 3968 cohabitatio-

2059 3987 2273 4069 nisque
2305 4008 2441 4053 cum
2473 4009 2677 4068 uxore,
2704 3991 2968 4054 futurum
2995 4001 3107 4071 est,
3132 3993 3415 4055 utfratris
3450 3995 3713 4060 sororis-

2062 4096 2131 4141 ve
2163 4079 2341 4171 filius,
2370 4081 2725 4162 appelletur.
2757 4080 2829 4143 Et
2879 4100 3087 4145 rursus
3140 4084 3192 4146 si
3243 4080 3444 4146 uxoris
3500 4081 3708 4171 frater,

2060 4168 2291 4261 accidet
2318 4168 2469 4261 forte
2495 4177 2556 4232 ut
2587 4189 2891 4261 congener
2922 4173 3185 4235 dicatur-
3214 4182 3274 4236 et
3319 4176 3456 4256 alia,
3479 4196 3611 4261 qua;
3641 4168 3711 4242 ex

2061 4257 2403 4340 hujusmodi
2434 4259 2782 4324 confusione
2804 4272 2866 4325 et
2897 4263 3288 4345 turpitudine.
3311 4263 3457 4328 Nam
3488 4257 3710 4331 secun-

2061 4347 2204 4410 dum
2229 4348 2702 4431 theopbylactum
2722 4370 3000 4432 magnum
3026 4354 3309 4416 Basilium
3338 4373 3380 4431 τ,
3405 4355 3466 4419 in
3490 4359 3714 4439 nuptiis

2062 4457 2183 4501 non
2207 4438 2398 4500 solum
2429 4439 2585 4520 quod
2618 4440 2973 4522 permissum
3006 4451 3096 4505 est
3136 4443 3484 4525 quaerimus,
3516 4438 3620 4509 sed
3654 4456 3714 4510 et

2065 4527 2223 4611 quod
2272 4529 2611 4592 honestum.
2670 4528 2957 4612 Idemque
3011 4531 3177 4603 alibi,
3222 4532 3282 4594 in
3337 4534 3554 4614 quibus
3582 4555 3714 4617 quae

328 4627 423 4704 τοῦ
492 4619 674 4700 γένους
732 4618 1075 4701 συγχέονται,
1148 4620 1352 4678 ἐκεῖθεν
1401 4623 1429 4678 ὁ
1485 4624 1657 4702 γάμος
1708 4622 1977 4701 ἀθέμιτος.

2065 4626 2205 4681 sunt
2231 4618 2606 4700 cognationis
2634 4618 3100 4698 confunduntur,
3127 4621 3210 4684 ibi
3229 4622 3447 4704 nuptias
3462 4622 3709 4688 illicitae.

333 4699 466 4769 ιὈτι
506 4695 631 4789 γοῦν
660 4707 779 4766 οὔτε
812 4695 900 4775 *τις
928 4708 1195 4791 ἀπρέπεια
1255 4708 1472 4767 ἐνταῦθα
1501 4695 1832 4794 ἀνακόπτει,
1864 4711 1979 4770 οὔτε

2066 4706 2233 4781 Quod
2248 4695 2430 4789 igitur
2447 4727 2643 4790 neque
2663 4709 2964 4790 turpitudo
2981 4695 3352 4792 hic-emergit
3370 4712 3714 4795 ulla,neque

327 4808 425 4859 106
476 4798 657 4879 γένους
711 4798 971 4879 σύγχυσις
1030 4797 1145 4879 (τοῦ
1189 4800 1289 4881 γὰρ
1344 4798 1520 4880 ἑτέρου
1576 4801 1764 4881 μέρους
1834 4801 1979 4879 πέμ-

2065 4798 2301 4876 generis
2330 4797 2638 4880 confusio;
2692 4801 2784 4879 (ex
2813 4818 2929 4862 una
2970 4819 3227 4883 namque
3277 4808 3441 4883 parte
3471 4803 3713 4884 quintus

329 4911 466 4953 πτος
520 4888 747 4966 βαθμὸς,
804 4896 899 4948 106
958 4886 1014 4944 δὲ
1070 4888 1248 4969 ἐτέρου
1316 4887 1574 4970 δεύτερος,
1673 4893 1762 4948 καὶ
1816 4889 1979 4957 οὕτως

2065 4889 2307 4970 gradus,
2346 4906 2417 4951 ex
2445 4888 2631 4951 altera
2663 4889 2982 4967 secundus,
3019 4890 3385 4972 proindeque
3417 4893 3713 4974 septimus

330 4975 553 5055 ἕϐδομος
611 4975 664 5044 ἐξ
753 4977 1065 5058 ἀγχιστείας
1150 4978 1564 5058 ὀνομαζόμενος)
1652 4978 1897 5057 ἔνθεσμος
1955 4983 1979 5038 ὁ

2065 4977 2376 5042 affinitatis
2431 4978 2800 5059 nominatus)
2844 4978 3021 5042 licita
3067 4979 3214 5043 tales
3243 4981 3487 5063 nuptiae,
3516 4981 3712 5062 legiti-

328 5074 569 5131 τοιοῦτος
602 5066 798 5146 γάμος,
842 5068 931 5123 καὶ
972 5064 1214 5144 ἔννομος,
1287 5069 1375 5125 καὶ
1429 5066 1721 5136 ἀκώλυτος.
1781 5068 1979 5151 Ἀγχι-

2067 5086 2298 5150 maeque
2320 5086 2432 5131 nec
2450 5068 2938 5131 vetitaeAffinitas
2957 5075 3178 5152 autem,
3213 5070 3543 5133 secundum
3557 5073 3715 5154 juris

331 5157 479 5215 στεία
499 5154 554 5213 δέ
605 5154 738 5231 ἐστι,
799 5156 935 5213 κατὰ
975 5158 1066 5213 τὸν
1121 5155 1434 5241 νομοθέτην,
1492 5158 1756 5228 οἰκειότης
1810 5181 1979 5240 προσ-

2067 5159 2462 5224 conditorem.
2524 5166 2615 5220 est
2670 5177 3061 5240 personarum
3136 5159 3552 5242 propinquitas
3607 5182 3718 5245 per

331 5245 497 5305 ώπων
521 5245 582 5303 ἐκ
607 5245 793 5325 γάμων
835 5246 972 5322 ἡμῖν
1023 5244 1360 5327 συνημμένη,
1419 5249 1724 5327 συγγενείας
1779 5247 1931 5315 ἐκτός
1965 5267 1979 5283 ·

2067 5247 2309 5331 nuptias
2336 5246 2515 5311 nobis
2569 5248 2906 5329 conciliata,
2963 5256 3128 5313 extra
3171 5244 3619 5330 cognationem.
3645 5251 3718 5316 Et

1665 5413 1931 5484 VARIE
1969 5415 2414 5485 LECTIONES.

412 5534 481 5589 99
513 5537 817 5605 συνάπτειν,
846 5536 913 5591 π
950 5539 987 5609 ἡ
1020 5536 1290 5618 ἀγιωσύνη
1312 5557 1431 5603 σου.
1458 5536 1526 5588 94
1550 5538 1642 5598 τὸν
1685 5541 1822 5599 κατὰ
1847 5543 1971 5613 τήν.
2001 5539 2068 5593 95
2093 5539 2388 5600 Βασίλειον.

387 5658 858 5804 ,ιιξιρενίεῗῗξει
895 5664 925 5697 ⁸
948 5655 1209 5722 Joanne.
1256 5674 1287 5706 ο
1333 5654 1711 5723 Joannrmem
1752 5679 1781 5723 ρ
1806 5660 2122 5725 incestum.
2168 5669 2196 5713 ει
2217 5665 2274 5723 et
2330 5659 2578 5735 incesta,
2613 5663 2669 5723 et
2695 5659 2968 5740 nefaria,
2998 5661 3068 5724 in
3097 5661 3341 5744 quibus.
3370 5671 3392 5700 ⁹
3420 5663 3600 5732 illum
3651 5664 3721 5730 di

387 5755 468 5803 um
496 5757 571 5803 us
599 5756 704 5803 eus
806 5759 829 5803 ι
850 5756 987 5803 um.

333 5755 571 5805 manus
599 5755 962 5803 eustoauum
972 5787 987 5803 .
