4130 6420
424 369 544 438 935

1809 363 1843 425 Ι
1850 361 1943 425 US
1983 360 2432 426 CANONICUM

3699 359 3821 426 936

433 503 770 568 differentia
805 500 968 564 nulla
1007 498 1120 562 erit
1176 505 1520 578 agnatorum
1583 505 1641 558 et
1670 504 2076 577 cognatorum,

2181 495 2253 550 ιαὶ
2322 492 2542 575 διαφορά
2609 518 2690 560 τις
2758 497 2850 552 οῦκ
2907 494 3051 553 ἔσται
3109 496 3348 575 ἀγνάτων
3403 496 3491 552 καὶ
3545 494 3820 573 κογνάτων

431 595 532 678 qui
571 593 849 655 videlicet
884 607 990 671 per
1023 606 1221 678 mares
1276 595 1374 678 aut
1404 587 1654 678 feminas
1683 585 2075 678 descendunt,

426 673 683 765 septimo
715 679 1022 743 afﬁnitatis
1078 676 1262 756 gradu
1302 675 1682 765 intermedio.
1717 673 1876 765 Talis
1905 674 2082 765 igitur

428 763 766 837 contractus
820 769 943 845 lict,
1021 763 1542 846 nec°prohibetur,
1606 763 1680 824 iis
1725 763 2078 836 rationibus,

429 882 574 944 quas
605 859 836 937 legibus
865 867 923 919 et
967 854 1299 944 canonibus
1343 853 1532 944 innixi
1563 852 1840 944 diximus.
1879 857 2081 944 Mense

428 941 794 1034 Septembri,
828 946 1092 1010 indictus
1123 943 1376 1006 Basilius
1415 943 1656 1006 humilis
1681 967 1723 1024 ι,
1758 941 2080 1006 Thessalo-

427 1061 828 1208 “iam
869 1134 1489 1203 METROPOLITANI
1531 1134 1974 1199 HERACLEAE.

590 1247 903 1326 Responsa
932 1243 1011 1306 ad
1042 1241 1504 1305 Constantinum
1549 1240 1912 1320 episcopum.

510 1353 936 1430 Interrogatio.
991 1349 1084 1409 An
1143 1344 1243 1426 qui
1294 1347 1366 1408 ad
1453 1345 1748 1405 secundas
1815 1343 2085 1406 convolat

429 1443 694 1525 nuptias,
719 1437 995 1517 accipere
1026 1435 1211 1517 possit
1239 1435 1455 1518 bigami
1488 1443 1887 1522 precationem
1919 1459 1952 1503 a
1983 1462 2085 1505 re-

427 1531 620 1613 gionis
649 1528 934 1591 antistite.

512 1621 861 1700 Responsio.
897 1615 1112 1678 Exacta
1161 1615 1401 1696 quidem
1465 1617 1782 1698 disciplina
1815 1619 2083 1698 bigamos

429 1728 716 1775 coronare
741 1725 857 1768 non
891 1704 1051 1766 novit
1085 1725 1100 1765 :
1138 1724 1365 1783 magnae
1391 1716 1588 1768 autem
1621 1707 1906 1770 Ecclesia:
1937 1728 2085 1770 con-

2167 589 2267 639 τῶν
2296 582 2347 649 ἐξ
2392 583 2752 662 ἀῤῥενογονίας
2796 583 3000 653 δηλαδὴ
3056 588 3140 642 καὶ
3198 584 3536 663 θηλυγονίας,
3595 581 3816 660 ἑϐδόμου

2163 671 2214 738 εξ
2336 673 2648 754 ἀγχιστείας
2736 673 3154 750 μεσολαϐοῦντος
3254 674 3477 752 βαθμοῦ,
3551 671 3816 731 Ἐντεῦθεν

2164 765 2254 818 οῦν
2283 763 2500 840 γένηται
2531 766 2592 820 τὸ
2634 766 2868 821 τοιοῦτον
2941 763 3314 844 συνάλλαγμα,
3376 766 3463 820 καὶ
3509 765 3570 820 οῦ
3635 760 3818 819 κωλυ-

2163 853 2382 921 θήσεται
2413 851 2529 909 καθ’
2561 851 2648 918 οὕς
2705 853 2905 935 ἔφαμεν
2974 853 3223 934 τρόπους,
3270 854 3452 929 νόμοῖς
3510 853 3599 910 καὶ
3647 851 3815 935 κανός-

2165 963 2246 997 σιν
2288 940 2700 1021 έπερειδόμενοι,
2746 929 2887 1010 Μηνὶ
2941 929 3306 1024 Σενπτεμϐρίῳ,
3349 943 3709 1019 ἒπινεμήσεως
3740 929 3815 1015 θ’,

2165 1029 2437 1096 Βασίλειος
2470 1034 2497 1088 6
2526 1033 2772 1096 ταπεινὸς
2804 1031 3221 1100 Θεσσαλονίκης.

2356 1141 2610 1192 ΝΙΚΗΤΑ
2654 1141 3173 1194 ΜΗΤΡΟΠΟΔΙΤΟΥ
3217 1141 3620 1198 ΠΡΑΚΛΕΙΑΣ.

2291 1261 2316 1292 α
2351 1234 2677 1317 Ἀποκρίσεις
2711 1240 2840 1318 πρὸς
2888 1249 3288 1297 Κωνσταντῖνον
3317 1237 3623 1299 ἕπίσκοπον,
3661 1256 3682 1286 I

2247 1337 2565 1418 Ἐρώτησις.
2625 1341 2755 1405 Τοὺς
2836 1341 2909 1404 εἷς
2979 1338 3213 1421 δεύτερον
3274 1340 3595 1398 συνοικέσιον
3648 1339 3810 1420 ἰρχο-

2163 1428 2358 1506 μένους
2403 1430 2445 1484 εί
2474 1427 2559 1486 δεῖ.⁹
2588 1426 2776 1486 λαϐεῖν
2810 1430 2909 1498 τὴν
2952 1438 3042 1487 τοῦ
3073 1428 3295 1510 διγάμου
3354 1430 3520 1510 εὐχὴν
3551 1430 3692 1509 παρα
3719 1437 3816 1488 τοῦ

2167 1519 2304 1576 κατὰ
2334 1517 2519 1599 χώραν
2562 1518 2880 1599 ἀρχιερέως.

2251 1609 2562 1688 Απόκρισις,
2632 1602 2694 1666 Ἠ
2767 1609 2862 1686 μὲν
2919 1607 3153 1688 ἀκρίϐεια
3222 1610 3341 1673 τοὺς
3394 1606 3646 1687 διγάμους
3719 1609 3815 1664 οῦκ

2171 1696 2288 1755 οἶδε
2320 1708 2626 1778 στεφανοῦν,
2672 1701 2706 1767 ἡ
2739 1698 2793 1755 δὲ
2825 1699 2877 1756 έν
2908 1706 2974 1776 τῇ
3007 1697 3216 1778 μεγάλῃ
3248 1696 3542 1771 Ἐκκλησία
3570 1699 3818 1768 συνήθεια

428 1799 678 1865 suetudo
710 1798 836 1859 haec
859 1814 975 1857 non
1001 1793 1407 1869 observat,sed
1442 1796 1690 1875 bigamis
1708 1798 1884 1859 etiam
1908 1817 2076 1880 spon-

2181 1788 2234 1844 εά
2275 1795 2489 1844 τοιαῦτα
2513 1787 2572 1843 οὗ
2601 1802 2990 1867 παρατηρεῖται
3031 1808 3044 1822 ’
3073 1787 3210 1845 ἀλλά
3250 1789 3338 1844 καὶ
3395 1802 3511 1852 τοῖς
3569 1785 3818 1865 διγάμοις

429 1890 652 1954 salitias
710 1903 962 1948 coronas
1019 1881 1273 1964 imponit
1305 1901 1318 1946 :
1359 1903 1470 1946 nec
1501 1887 1655 1947 ullus
1689 1906 1946 1966 unquam
1980 1906 2086 1968 per

432 2000 563 2043 eam
595 1994 830 2041 causam
883 1975 1184 2036 incusatus
1234 1982 1344 2037 est.
1406 1974 1667 2047 Ideoque
1724 1975 2082 2039 calumniam

428 2089 546 2130 non
600 2062 942 2128 formidabit
998 2062 1332 2143 quisquam,
1369 2067 1414 2124 si
1478 2063 1624 2125 tales
1685 2067 2079 2130 coronaverit.

429 2157 552 2220 Nisi
585 2155 742 2237 quod
776 2169 996 2214 annum
1057 2170 1240 2212 unum
1297 2161 1391 2212 aut
1425 2151 1678 2213 alterum
1713 2171 1744 2213 a
1777 2173 2080 2216 sacrorum

427 2244 840 2327 mysteriorum
900 2239 1321 2304 communione
1379 2243 1572 2304 arceri
1632 2242 1934 2306 debeant:
1969 2264 2082 2324 nec

427 2333 716 2414 eum,qui
766 2328 1167 2412 precationem
1228 2330 1522 2411 concepit,
1587 2331 1764 2392 simul
1815 2351 1949 2395 cum
2008 2335 2082 2396 iis

425 2425 626 2486 cibum
657 2437 898 2483 sumere
930 2425 1200 2500 oporteat
1228 2451 1265 2491 ι.

502 2514 801 2590 Interrog.
856 2509 951 2571 An
985 2506 1242 2588 puellam
1293 2515 1567 2586 oporteat
1595 2509 1870 2592 accipere
1897 2511 2078 2574 alium

421 2603 633 2675 virum,
671 2617 806 2660 cum
859 2596 947 2658 vir
978 2596 1108 2675 ejus
1161 2608 1251 2656 est
1284 2595 1342 2656 in
1402 2606 1744 2661 extraneam
1781 2601 2084 2681 regionem

424 2693 746 2774 profectus,
780 2688 982 2770 ibique
1014 2686 1407 2750 concubinam
1443 2699 1670 2766 nactus,
1709 2699 1766 2754 et
1816 2692 1944 2774 ipsa
1977 2683 2086 2755 viri

420 2780 678 2843 reditum
714 2779 904 2841 tribus
924 2776 1097 2840 annis
1129 2778 1510 2858 exspectavit.

504 2871 673 2950 Resp.
709 2868 818 2931 Hic
849 2866 1090 2949 quidem
1125 2885 1158 2926 a
1189 2867 1519 2929 concubina
1550 2869 1840 2954 discedet,
1866 2890 1976 2934 nec
2009 2871 2082 2934 ab

421 2977 605 3021 uxore
627 2956 1000 3038 separabitur
1034 2974 1048 3018 :
1096 2955 1198 3017 sed
1236 2973 1345 3017 nec
1372 2956 1498 3037 ipsa
1529 2957 1600 3018 ad
1656 2959 1800 3022 alias
1829 2961 2081 3023 festina-

2166 1878 2286 1941 τοὺς
2359 1878 2643 1957 νυμφικοὺς
2689 1878 2972 1956 στεφάνους
3015 1876 3272 1944 ἐπιτίθησι
3307 1893 3319 1907 ⁸
3389 1877 3478 1932 καὶ
3525 1873 3686 1941 οὐδεὶς
3718 1879 3815 1934 οὔ·

2166 1963 2352 2023 δέποτε
2385 1955 2484 2022 διὰ.
2510 1973 2664 2023 τοῦτο
2714 1955 2995 2037 ἐνεκλήθη.
3048 1955 3223 2023 ΗΩστε
3279 1965 3395 2023 οὖδέ
3451 1989 3531 2030 τις
3567 1963 3814 2046 φοϐηθή-

2165 2077 2312 2112 σεται
2368 2058 2430 2112 τὸ
2509 2054 2802 2132 ἐπίκλημα,
2881 2057 3002 2118 τοὺς
3077 2062 3345 2119 τοιοῦτους
3441 2055 3809 2134 στεφανώσας.

2165 2144 2316 2213 Πλὴν
2347 2144 2641 2225 ὀφείλουσιν
2672 2145 2761 2202 ἕνα
2818 2145 2854 2212 ἣ
2912 2147 3000 2203 καὶ
3071 2143 3307 2224 δεύτερον
3350 2145 3588 2201 ἐνιαυτὸν
3630 2143 3810 2200 κωλυ-

2163 2237 2317 2301 θῆναι
2373 2239 2472 2302 τῆς
2528 2241 2633 2291 τῶν
2676 2233 2838 2312 ἆγίων
2910 2235 3212 2314 μυστηρίων
3281 2231 3638 2309 μεταλήψεως
3673 2249 3686 2262 ·
3722 2236 3811 2289 καὶ

2164 2321 2279 2384 οὐδὲ
2306 2326 2398 2381 τὸν
2463 2323 2875 2405 ἱερολογήσαντα
2935 2326 3045 2405 χρὴ
3115 2328 3510 2393 συνεστιαθῆναι
3580 2325 3807 2389 τούτοις.

2246 2503 2360 2582 Ἐρ.
2391 2505 2448 2561 Εἰ
2477 2503 2560 2562 δεῖ
2608 2503 2772 2584 κόρην
2828 2501 3014 2560 λαϐεῖν
3072 2502 3244 2583 ἕτερον
3307 2501 3488 2584 ἀνδρα,
3560 2507 3653 2560 τοῦ
3709 2503 3810 2560 ἀν-

2169 2589 2287 2669 δρὸς
2318 2594 2480 2661 αὐτῆς
2517 2594 2815 2674 ἀπάραντος
2843 2595 2915 2658 εἰς
2968 2590 3276 2660 ἀλλοδαπὴν
3324 2594 3533 2673 χώραν,
3591 2594 3812 2650 κάκεῖσε

2169 2681 2450 2751 παλλακὴν
2519 2683 2878 2765 κτησαμένου,
2924 2684 3012 2740 καὶ
3054 2684 3216 2750 αὐτῆς
3272 2684 3812 2764 προσκαρτερησάσης

2167 2773 2264 2840 τὴν
2297 2779 2388 2830 τοῦ
2417 2769 2601 2851 ἀνδρὸς
2633 2771 2804 2853 ἄφιξιν
2835 2772 3059 2853 χρόνους
3090 2785 3258 2852 τρεῖς.

2250 2863 2373 2920 Ἀπ.
2414 2853 2472 2920 Ὀ
2513 2872 2746 2927 τοιοῦτος
2787 2865 2885 2929 τῆς
2929 2864 3025 2937 μὲν
3079 2860 3360 2929 παλλακῆς
3419 2860 3806 2942 ἀποστήσεται,

2164 2955 2260 3021 τῆς
2292 2951 2345 3008 δὲ
2374 2953 2622 3031 γυναικὸς
2689 2955 2748 3010 οὐ
2817 2952 3234 3031 χωρισθήσεται.
3293 2949 3460 3007 Ἀλλὰ
3531 2951 3619 3006 καὶ
3675 2950 3809 3018 αὐτὴ

424 3049 510 3110 bit
537 3037 794 3129 nuptias.
829 3045 1042 3108 Libera
1074 3044 1234 3106 enim
1260 3055 1369 3122 est,
1405 3056 1463 3106 ut
1499 3046 1691 3128 inquit
1739 3051 2076 3130 Apostolus,

2181 3044 2293 3122 τρὸς
2349 3042 2524 3120 ἕτερον
2594 3042 2765 3120 γάμον
2837 3043 2930 3097 οὒκ
3001 3040 3299 3102 ἀπονεύσει,
3369 3037 3655 3119 Ἐλευθάρα
3711 3043 3810 3121 γὰρ

424 3139 552 3199 viro
585 3145 841 3213 mortuo,
877 3154 993 3196 non
1027 3141 1223 3197 autem
1259 3152 1328 3196 eo
1357 3137 1613 3199 vivente.

501 3316 794 3394 Interrog.
859 3312 1058 3375 Puella
1133 3311 1398 3393 quaedam
1462 3313 1651 3375 virum
1708 3317 1960 3398 accepit,
2021 3327 2080 3380 et

421 3403 857 3486 sponsaliorum
915 3402 1065 3462 facta
1126 3409 1214 3462 est
1270 3407 1529 3482 precatio
1578 3412 1634 3465 et
1683 3403 2070 3470 benedictio:

421 3511 554 3554 cum
589 3490 842 3554 carnalis
859 3509 975 3552 non
997 3490 1416 3553 intervenisset
1446 3496 1678 3573 copula,
1705 3494 1796 3555 vir
1826 3495 1886 3556 in
1909 3515 2074 3558 suam

427 3599 662 3644 socrum
715 3580 1024 3662 prolapsus
1076 3589 1187 3656 est,
1245 3580 1668 3662 gravidamque
1717 3583 1876 3648 fecit.
1923 3584 2074 3658 Quid

421 3669 758 3733 faciendum
793 3669 934 3732 est?

499 3759 684 3841 Resp.
743 3757 826 3820 De
896 3759 1005 3821 hac
1062 3757 1262 3840 specie
1323 3761 1578 3840 etprius
1599 3762 2069 3843 respondimus:

418 3869 576 3912 nunc
606 3857 799 3910 autem
824 3848 980 3930 quod
1015 3847 1295 3929 suppetit,
1330 3849 1866 3928 respondebimus:
1895 3851 2075 3915 licere

416 3941 542 4001 viro
575 3957 740 4000 suam
774 3956 1016 4001 uxorem
1050 3937 1273 3999 habere
1299 3957 1313 4001 :
1342 3939 1448 4000 sed
1474 3940 1735 4018 procula
1766 3959 1939 4004 socru
1971 3960 2074 4004 re-

420 4027 778 4091 movendum
821 4045 977 4103 esse,
1042 4026 1117 4088 ιι)
1178 4027 1391 4088 malam
1446 4030 1963 4112 consuetudinem,
1998 4050 2076 4094 ne

414 4119 668 4199 amplius
696 4117 769 4179 ab
801 4135 870 4180 ea
903 4117 1256 4198 pelliciatur.

498 4295 812 4379 Interrog.
847 4296 907 4359 Si
928 4316 1044 4379 qua
1083 4296 1300 4359 mulier
1323 4305 1490 4378 partu
1514 4298 1698 4381 edito,
1731 4299 2068 4364 calumnie-

2165 3133 2304 3191 ἐστιν
2339 3133 2433 3214 (ὣς
2478 3135 2683 3214 φησινὸ
2714 3130 3063 3212 Ἀπόστολος)
3087 3133 3442 3196 ἀποθανόντος
3472 3131 3566 3189 τοῦ⁹
3596 3130 3808 3216 ἀνδρὸς,

2163 3229 2358 3295 ζῶντος
2388 3221 2464 3299 δὲ,
2513 3224 2608 3280 οῦκ
2634 3221 2733 3286 ἔτι,
3356 3277 3360 3280 .

2247 3311 2360 3392 Ἐρ.
2406 3312 2551 3392 Κόρη
2579 3335 2660 3375 τις
2691 3308 2974 3368 ἀνελάϐετο
3031 3309 3209 3392 ἄνδρα,
3268 3313 3357 3368 καὶ
3397 3311 3613 3391 γέγονεν
3667 3312 3808 3392 εὖχὴ

2163 3402 2446 3478 μνηστείας
2477 3403 2566 3458 καὶ
2609 3399 2895 3481 ἱερολογία,
2955 3400 3076 3456 ἄνευ
3158 3406 3257 3469 τῆς
3326 3403 3626 3482 συναφείας,
3686 3401 3810 3458 Εἶθ’

2159 3495 2292 3552 οὕτω
2346 3494 2654 3561 περιέπεσεν
2711 3497 2738 3551 6
2795 3494 2928 3573 ἀνὴρ
2991 3495 3064 3558 εἰς
3135 3495 3232 3564 τὴν
3311 3499 3468 3554 αὐτοῦ
3529 3496 3805 3575 πενθερὰν.

2157 3587 2245 3643 καὶ
2274 3585 2630 3665 ἐνεγάστρωσε
2659 3587 2878 3652 ταύτην,
2913 3584 2973 3641 Τί
3016 3581 3101 3641 δεῖ
3130 3597 3349 3646 ποιεῖνζ

2239 3765 2365 3827 Ἀπ.
2427 3764 2550 3844 Περὶ
2605 3762 2801 3830 ταύτης
2864 3762 2958 3831 τῆς
3041 3763 3338 3827 ὑποθέσεως
3397 3763 3485 3819 καὶ
3553 3765 3805 3844 πρότερον

2155 3852 2535 3932 ἀπεκρίθημεν,
2620 3851 2707 3908 καὶ
2762 3858 2848 3908 νῦν
2961 3849 3016 3908 δὲ
3071 3854 3133 3909 τὸ
3200 3853 3591 3933 παριστάμενον
3669 3854 3806 3929 ἡμῖν

2156 3941 2574 4022 ἀποκρινούμεθα
2607 3982 2624 4000 .
2654 3939 2733 3996 ὅτι
2779 3942 2807 3996 6
2856 3939 2989 4021 ἀνὴρ
3043 3941 3144 4009 τὴν
3202 3943 3390 3999 ἑαυτοῦ
3436 3942 3536 4018 μὲν
3577 3955 3805 4021 γυναῖκα

2157 4031 2304 4111 ἔχειν
2333 4032 2832 4111 συγχωρηθήσεται,
2865 4035 2963 4098 τῆς
3035 4029 3090 4086 δὲ
3175 4034 3424 4110 πενθερᾶς
3496 4033 3805 4110 μακρυνθή-

2153 4142 2324 4198 σεται,
2355 4118 2439 4176 διὰ
2466 4121 2566 4187 τὴν
2598 4118 2802 4200 φαύλην
2853 4121 3125 4190 συνήθειαν
3171 4135 3186 4150 ⁹
3246 4120 3340 4178 ’ίνα
3396 4121 3474 4197 μὴ
3529 4122 3630 4178 ὕπὸ
3669 4121 3804 4177 ταύ-

2150 4233 2250 4277 της
2279 4209 2370 4265 κάὶ
2409 4207 2485 4265 ἔτι
2524 4207 2771 4276 ἕλκηται.

2234 4296 2350 4377 Ἐρ,
2421 4296 2548 4356 Ἐὰν
2599 4320 2678 4363 τις
2738 4299 2867 4378 γυνὴ
2937 4305 3161 4356 τεκοῦσα
3243 4299 3478 4375 παιδίον,
3544 4298 3804 4376 διαϐάλλῃ

421 4395 519 4448 tur
546 4370 964 4458 sacerdotem,-
1007 4387 1169 4468 quasi
1204 4404 1274 4448 ex
1323 4370 1404 4448 'eo
1439 4370 1757 4468 pepererit,
1789 4390 1929 4471 quid
1981 4390 2068 4451 fa-

2181 4387 2319 4468 ιρέα,
2374 4391 2448 4452 ὡς
2506 4385 2558 4452 ἐξ
2614 4389 2772 4444 αὐτοῦ
2825 4394 3050 4446 τεκοῦσα
3091 4398 3264 4463 τοῦτο,
3311 4392 3362 4446 τί
3403 4388 3488 4446 δεῖ
3539 4389 3802 4471 γενέσθαι,

416 4474 695 4536 ciendum
722 4475 770 4536 si
822 4474 1238 4556 probationum
1277 4475 1358 4538 sit
1405 4475 1652 4556 inopia?
1673 4496 1745 4539 an
1761 4479 2071 4559 jusjuran-

417 4563 561 4626 dum
618 4564 918 4646 praestabit
971 4565 1207 4648 mulier,
1269 4572 1336 4626 ut
1402 4565 1681 4628 sacerdos
1737 4570 2069 4649 periculum

413 4653 631 4732 gradus
661 4651 917 4715 subeat?

493 4744 666 4824 Resp.
705 4743 968 4808 Crimina
1015 4763 1133 4806 nou
1187 4761 1294 4825 per
1327 4744 1687 4807 calumniam
1712 4761 1747 4791 υ·
1763 4754 1862 4808 aut
1893 4765 2065 4808 exse-

413 4831 742 4895 crationem
775 4833 1104 4910 diluuntur,
1163 4835 1268 4896 sed
1300 4833 1616 4916 inculpata;
1637 4834 1770 4896 vitae
1826 4836 2067 4898 testium

415 4940 559 4982 voce
576 4922 967 5003 jurejurando
991 4923 1338 4984 conﬁrmata
1355 4925 1845 4986 demonstrantur
1871 4949 1915 4986 ν.
1949 4929 2071 4990 Me-

413 5009 610 5074 retrici
634 5023 833 5074 autem
867 5012 1030 5074 nulla
1088 5012 1236 5074 ﬁdes
1267 5012 1542 5075 habenda
1577 5031 1590 5076 :
1627 5013 1731 5075 sed
1762 5013 2066 5097 relinqua-

414 5105 508 5160 tur
539 5101 817 5163 sacerdos
839 5101 1065 5182 judicio
1114 5100 1244 5175 Dei,
1300 5103 1402 5183 qui
1433 5103 1626 5164 statim
1662 5103 1945 5168 ultionem
1981 5113 2071 5169 est

409 5187 694 5251 facturus.

491 5276 790 5359 Interrog.
824 5278 1019 5343 Vidua
1066 5279 1360 5362 quaedam,
1413 5301 1754 5363 germanam
1811 5282 2066 5364 habens,

2153 4477 2376 4557 ἀπορίας
2424 4479 2581 4544 οῦσης
2653 4474 2962 4542 ἀποδείξεων
2999 4496 3013 4557 ς

2999 4496 3015 4558 ς
3077 4475 3376 4535 Ἐκτελέσει
3435 4480 3526 4536 τὸν
3582 4479 3735 4558 ὅρκον
3764 4481 3800 4547 ἡ

2153 4567 2310 4646 γονὴ,
2358 4567 2444 4625 καὶ
2471 4565 2784 4623 κινδυνεύσει
2814 4568 2886 4631 εἰς
2927 4568 3018 4623 τὸν
3061 4567 3260 4644 βαθμὸν
3306 4571 3334 4625 ὁ
3366 4570 3530 4650 ἱερεὺς
3564 4588 3582 4646 ;

2233 4745 2362 4806 Ἀπ.
2447 4746 2524 4803 Τὰ
2579 4742 2894 4823 ἐγκλήματα
2948 4749 3009 4804 οὒ
3064 4742 3148 4803 διὰ
3244 4754 3626 4827 συκοφαντικοῠ
3713 4747 3802 4803 καὶ

2151 4835 2354 4895 τελείου
2383 4833 2617 4916 λύονται,
2655 4833 2792 4890 ἀλλά
2833 4831 2918 4890 διὰ
2973 4841 3154 4915 φωνῆς
3209 4837 3487 4916 μαρτύρων
3541 4833 3801 4906 ἀδιαϐλή-

2152 4951 2258 4984 των
2310 4927 2450 5007 ὅρκῳ
2507 4925 2862 5000 πιστουμένης
2931 4924 3348 4990 ἀποδείκνυνται,
3411 4933 3490 5004 Τῇ
3545 4925 3599 4983 δὲ
3630 4927 3800 5006 πόρνη

2153 5016 2395 5094 οὐδαμῶς
2451 5015 2769 5097 προσεκτέον
2815 5031 2830 5047 ’
2907 5013 3030 5074 ἀλλ’
3086 5018 3256 5077 ὲάσθω
3287 5020 3314 5073 6
3355 5018 3518 5096 ἱερεὺς
3569 5023 3638 5094 τῇ
3709 5027 3802 5076 τοῦ

2153 5115 2285 5166 Θεοῦ
2338 5107 2526 5187 κρίσει,
2588 5108 2676 5163 καὶ
2728 5107 2884 5170 αὐτὸς
2949 5108 3161 5178 ποιήσει
3242 5108 3338 5175 τὴν
3419 5104 3686 5175 ἐκδίκησιν
3745 5105 3798 5161 έν

2151 5197 2311 5278 τάχει
2322 5245 2335 5259 ,

2232 5285 2346 5365 Ἐρ.
2396 5285 2532 5354 Γυνή
2565 5307 2645 5350 τις
2690 5285 2860 5366 χήρα,
2907 5283 3108 5366 ἔχουσα
3166 5283 3496 5367 αὒταδέλφην
3548 5295 3798 5347 τεκοῦσαν

1731 5451 1990 5520 VARIE
2033 5453 2465 5525 LECTIONES.

486 5627 508 5655 '
552 5618 802 5684 humilis
814 5623 1122 5708 episcopus
1144 5621 1408 5708 Thessal.
1455 5622 1745 5705 'nuptz'ali'
1772 5643 1983 5708 eorum
2011 5629 2280 5692 convivio
2293 5629 2609 5692 interesse.
2639 5627 3339 5708 l'nonperjuramentum
3363 5624 3434 5688 de
3454 5624 3790 5708 calumnia,

404 5716 598 5784 neque
628 5719 736 5782 per
765 5699 1110 5765 abiolutum
1127 5699 1582 5783 juramentumI
1611 5713 1635 5743 '
1656 5705 2023 5786 probantur.
