4130 6416
242 386 361 461 937

1573 353 2269 462 Gnaeo-ROMANUM

3517 387 3639 455 938

245 528 336 589 δύο
402 528 602 595 παῖδας
669 527 912 610 ἅρῤεναβ,
984 528 1202 610 γέγονεν
1300 528 1565 611 ἀνάδοχος
1642 531 1748 589 ἀπὸ
1805 538 1919 589 τοῦ.

2010 547 2116 611 [uae
2168 527 2404 611 peperit
2453 526 2601 589 duos
2655 526 2807 590 ﬁlios
2845 544 3064 605 mares,
3100 544 3173 591 ex
3200 533 3404 590 sancto
3446 527 3645 609 bapti-

244 622 397 701 ἁγίου
464 622 828 699 βαπτίσματος
898 619 1293 679 Κωνσταντίνου
1358 621 1704 700 στρατιώτου,
1765 629 1895 680 Πει-

241 718 396 792 ρᾶται
440 710 565 791 γοῦν
595 712 631 780 ἡ
674 707 877 791 ἀδελφὴ
909 714 1007 778 τῆς
1054 711 1232 791 χήρας
1292 712 1489 789 Μαρία,
1546 708 1899 768 ἀναλαϐέσθαι

239 805 315 869 εἰς
370 803 461 861 ἕνα
526 811 633 861 τῶν
704 804 899 871 ἑαυτῆς
971 804 1096 861 υἱῶν
1151 802 1410 884 θυγατέρα
1466 810 1556 861 τοῦ
1613 814 1900 863 Κωνσταν-

232 898 401 959 τίνου.

324 985 452 1047 Ἀπ,
504 986 578 1045 Οῦ
635 985 894 1044 κωλύεται
954 987 990 1056 ἡ
1047 989 1220 1067 Μαρία
1277 986 1534 1068 θυγατέρα
1589 993 1683 1044 τοῦ
1740 996 1900 1046 Κων-

245 1080 541 1158 σταντίνου,
613 1077 670 1134 ὃν
740 1078 776 1146 ἡ
841 1074 1145 1157 αὖταδέλφη
1202 1080 1364 1145 αὐτῆς
1445 1077 1551 1134 ἀπὸ
1605 1085 1697 1136 τοῦ
1752 1077 1901 1156 ἁγίου

246 1166 610 1245 βαπτίσματος
678 1163 975 1247 ἀνεδέξατο,
1034 1169 1129 1242 υἱῷ
1210 1167 1375 1235 αὐτῆς
1447 1167 1674 1248 ἄρμόσαι
1710 1181 1723 1195 ·

244 1256 477 1336 γενέσθω
506 1258 567 1313 τὸ
595 1261 832 1314 τοιοῦτον
864 1254 1229 1335 συνάλλαγμα.

335 1345 451 1425 Ἐρ.
483 1349 543 1404 Ei
610 1346 701 1402 τὸν
768 1345 829 1403 ἐκ
883 1344 1121 1425 διγάμων
1191 1345 1446 1428 τεχθέντα
1480 1344 1576 1404 δεῖ
1663 1346 1901 1426 γενέσθαι

244 1435 414 1495 ἱερέα.

528 1515 586 1582 Ὀ
652 1523 718 1580 ἐκ
758 1521 997 1604 διγάμων
1066 1525 1102 1595 ἢ
1170 1526 1442 1606 τριγάμων
1499 1526 1536 1595 ἢ
1582 1525 1907 1606 πολυγάμων

249 1614 589 1697 ἂποτεχθεὶς,
625 1612 714 1673 ἐὰν
771 1616 861 1671 τὸν
919 1616 1116 1673 οἰκεῖον
1159 1616 1271 1693 βίον
1328 1614 1507 1681 καλῶς
1563 1613 1798 1696 διεξάγῃ,
1848 1617 1907 1675 οὗ

250 1704 514 1762 κωλύεται
544 1705 847 1785 ίερωθὶιναι.
877 1706 950 1761 Οὔ
999 1705 1099 1785 γὰρ
1133 1706 1587 1785 προκριματίζεται
1647 1703 1733 1763 διὰ
1784 1707 1907 1773 τοὺς

251 1809 435 1873 γονεῖς
445 1841 461 1857 .

343 1906 733 1958 ΔΗΜΗΤΡΙΟΥ
757 1905 886 1956 ΤΟΥ
930 1903 1351 1956 ΧΩΜΑΤΗΝΟΥ
1377 1896 1464 1971 96,
1525 1906 1829 1959 ΑΡΧΙΕΠΙ-

730 1983 1003 2036 ΣΚΟΠΟΥ
1032 1984 1472 2037 ΒΟΥΛΓΑΡΙΑΣ.

662 2069 749 2141 Δί
784 2081 910 2158 Περὶ
940 2080 1156 2157 βαθμῶν
1181 2081 1508 2160 συγγενείας,

1812 1168 1900 1224 καὶ

346 2177 404 2246 Ὀ
435 2186 533 2263 μὲν
561 2183 746 2263 λόγος,
778 2184 836 2239 ὃν
885 2183 1095 2263 ᾐτήσω,
1141 2183 1282 2259 ἡμῖν
1330 2184 1617 2261 τιμιώτατε
1658 2182 1909 2266 δέσποτα,

258 2280 350 2338 καὶ
412 2284 519 2334 τῶν
565 2274 777 2343 ἄληθῶν
845 2279 1150 2353 προσγενών
1207 2275 1272 2331 τὰ
1314 2272 1429 2330 λίαν
1484 2274 1815 2355 ὑπερέχοντά
1855 2297 1913 2332 τε

257 2370 349 2427 καὶ
408 2366 684 2446 κράτιστα,
757 2361 940 2421 οὔκουν
997 2361 1170 2441 ῥᾴδιος
1230 2361 1345 2423 οὐδὲ
1402 2363 1653 2444 εὐχερὴς,
1713 2365 1915 2441 μᾶλλον

257 2457 317 2516 δὲ
345 2455 552 2523 πολλῆς
595 2452 841 2531 δεόμενος
900 2457 997 2521 τῆς
1068 2452 1513 2530 ἒπιστημονικῆς,
1575 2453 1635 2511 ἐκ
1686 2462 1792 2513 τῶν
1822 2462 1915 2513 τοῦ

262 2549 432 2626 νόμου
493 2542 858 2624 ἆκριϐασμῶν,
913 2544 1002 2599 καὶ
1083 2545 1289 2623 πείρας,
1364 2546 1451 2601 καὶ
1506 2544 1778 2625 γνώσεως,
1842 2546 1915 2609 είς

256 2636 544 2718 τηλεφανῆ
592 2634 779 2691 τούτου
836 2632 1125 2713 σαφήνειαν
1167 2635 1254 2690 καὶ
1325 2633 1673 2713 παράστασιν,
1732 2632 1817 2691 διὰ
1858 2636 1920 2692 τὸ

267 2724 389 2785 κατ’
417 2713 574 2782 αὐτὸν
617 2720 857 2781 ποικίλον
913 2743 971 2778 τε
1031 2723 1118 2778 καὶ
1185 2720 1530 2802 πολυσχιδὲς,
1608 2713 1803 2781 υΕνθεν
1832 2725 1920 2780 καὶ

268 2813 642 2890 ἀνεϐαλλόμην
689 2813 757 2868 τὰ
809 2810 1040 2868 πλεῖστα
1094 2813 1224 2891 πρὸς
1267 2812 1328 2869 τὸ
1384 2811 1706 2894 ἐγχείρημα,
1764 2812 1920 2872 Ἐπεὶ

263 2905 322 2964 δὲ
350 2902 590 2970 καθάπαξ
658 2902 887 2981 γίνεσθαί
956 2923 1039 2958 σοι
1095 2903 1356 2972 πειθήνιοι
1408 2902 1462 2958 ἐν
1518 2905 1736 2969 ἑαυτοῖς
1792 2904 1919 2961 ἔκυ-

265 2996 535 3072 οώσαμεν,
595 2992 682 3050 διαί
748 3014 807 3049 τε
881 2993 942 3048 τὸ
995 2991 1107 3060 ιτῆς
1205 2998 1522 3072 συγγενικῆς
1593 2994 1919 3061 οἰκειότητος

263 3085 648 3165 ἀπαραίτητον,
720 3083 810 3139 καὶ
864 3079 949 3137 διὰ
1003 3082 1103 3149 τὴν
1157 3083 1297 3138 θείαν
1381 3081 1623 3159 ἐντολὴν,
1683 3084 1784 3150 τὴν
1840 3090 1918 3157 τῷ

1981 626 2170 680 smate
2226 616 2680 681 Constantinum
2734 616 2987 680 militem
3019 617 3303 700 suscepit.
3336 614 3518 681 Maria
3544 616 3639 680 vi-

1980 705 2114 769 duae
2147 725 2319 768 soror
2345 706 2450 769 uni
2481 706 2741 770 filiorum
2775 713 3022 770 conatur
3050 706 3639 786 ﬁliamﬁonstantini

1981 795 2193 879 nuptui
2220 795 2517 877 accipere.

2062 974 2243 1056 Resp.
2276 978 2413 1041 Non
2437 974 2788 1058 prohibetur
2816 973 2995 1041 Maria
3023 973 3208 1038 ﬁliam
3237 975 3636 1055 Constantini,

1982 1082 2160 1145 quem
2193 1066 2320 1145 ejus
2362 1084 2645 1145 germana
2674 1084 2709 1129 e
2753 1084 2921 1129 sacro
2978 1065 3332 1148 baptismate
3378 1066 3639 1143 sustulit,

1982 1152 2103 1214 tilio
2137 1172 2245 1216 suo
2275 1155 2663 1235 conjungere,
2719 1165 2779 1219 et
2829 1156 2933 1219 ﬁat
2988 1154 3334 1237 hujusmodi
3363 1165 3640 1222 contrac-

1982 1249 2098 1305 tus.
3504 1288 3539 1305 κ.

2064 1331 2138 1395 In
2153 1338 2603 1415 terrogatioAn
2619 1338 2937 1421 possit,qui
2951 1346 3125 1402 natus
3156 1346 3334 1401 estex
3365 1336 3644 1419 bigamis.

1988 1423 2269 1485 sacerdos
2299 1426 2453 1491 fieri.

2067 1511 2248 1594 Resp.
2289 1512 2460 1586 Quia
2490 1517 2761 1601 bigamis,
2821 1529 2920 1581 aut
2951 1518 3239 1600 trigamis,
3275 1517 3370 1582 vel
3400 1517 3647 1601 polyga-

1993 1604 2107 1662 mis
2138 1604 2483 1684 parentibus
2515 1616 2860 1689 procreatus
2889 1616 3002 1687 est,
3033 1609 3085 1672 si
3113 1609 3299 1671 vitam
3331 1609 3645 1671 honestam

1990 1697 2144 1780 agat,
2178 1710 2296 1753 non
2320 1695 2673 1773 prohibetur
2700 1697 3042 1761 consecrari
3064 1712 3091 1743 κ
3125 1719 3141 1776 ;
3172 1705 3454 1780 parentes
3483 1697 3644 1760 enim

1933 1828 1972 1878 Β
1994 1779 2053 1841 ei
2083 1798 2201 1842 non
2234 1784 2626 1864 przejudicant
2650 1786 2719 1850 ι’.

2079 1881 2449 1951 DEMETRII
2479 1886 2916 1955 CHOMATENI
2945 1888 3572 1965 ¥,ARCHIEPISCOPI

2602 1970 3030 2036 BULGARIE.

2319 2071 2367 2136 Ι.
2415 2073 2501 2136 De
2545 2076 2841 2155 gradibus
2890 2079 3292 2159 cognationis.

2076 2174 2249 2239 Ratio
2305 2178 2571 2258 quidem,
2621 2200 2796 2262 quam
2850 2181 3093 2263 petiisti,
3146 2178 3650 2245 reverendissime

1996 2260 2263 2340 domine,
2298 2274 2358 2327 et
2385 2267 2544 2331 inter
2573 2260 2743 2333 veros
2771 2260 3051 2352 cognatos
3097 2272 3160 2334 in
3196 2272 3408 2352 primis
3432 2269 3651 2334 eximie

1999 2360 2061 2414 et
2092 2357 2338 2433 optime,
2375 2376 2494 2419 non
2526 2359 2741 2443 facilis,
2778 2382 2889 2424 nec
2938 2361 3235 2443 expedita,
3272 2360 3378 2424 sed
3411 2379 3479 2423 ex
3512 2359 3654 2422 dili-

1997 2443 2164 2534 genti
2193 2446 2391 2525 legum
2425 2448 2918 2528 perscrutatione,
2951 2453 3318 2534 experentia,
3351 2457 3412 2513 et
3438 2449 3649 2531 cognit-

2000 2532 2187 2603 tione.
2225 2534 2294 2597 ad
2328 2536 2648 2602 dilucidam
2683 2532 3167 2623 perSpicuitatem
3219 2548 3279 2604 et
3325 2539 3652 2604 exhibitio-

2001 2640 2137 2714 nem
2168 2666 2190 2696 ι
2216 2673 2230 2699 ,
2264 2627 2508 2690 multam
2564 2631 2759 2710 potius
2816 2631 3156 2709 scientiam,
3210 2637 3457 2714 propter
3484 2649 3652 2695 suam

2010 2711 2341 2776 varietatem
2376 2726 2435 2779 et
2464 2721 2989 2806 multiplicitatem,
3032 2711 3513 2804 requirit.'Unde
3558 2721 3651 2785 fa-

2005 2810 2259 2901 c.t.u_m,_ut
2280 2824 2406 2868 rem
2426 2811 2666 2889 aggredi
2690 2812 2793 2876 diu
2824 2813 3180 2877 distulerim.
3204 2813 3324 2877 Sed
3343 2821 3651 2895 postquam

2008 2891 2118 2953 tibi
2146 2893 2545 2976 obsequentes
2577 2920 2709 2964 esse
2753 2903 2941 2966 semel
2992 2903 3169 2965 nobis
3211 2891 3654 2984 proposuimus,

2001 2999 2136 3075 cum
2189 2994 2431 3065 propter
2484 2989 2950 3056 inexcusabilem
2981 2992 3360 3075 cognationis
3402 2991 3653 3073 propin-

1999 3071 2306 3165 quitatem,
2371 3084 2491 3138 tum
2543 3079 2619 3142 ob
2666 3082 2926 3145 divinam
2977 3071 3461 3165 praeceptionem,
3514 3071 3660 3162 quae

261 3161 494 3234 αἰτοῦντι
545 3180 651 3232 πᾶν
741 3174 915 3229 ὁτιοῦν
1007 3169 1407 3231 διακελεύουσαν
1448 3171 1513 3223 97
1545 3190 1560 3205 °
1611 3174 1799 3231 τούτου
1853 3171 1919 3242 δή

2010 3163 2236 3243 quidvis
2292 3168 2520 3246 petenti
2574 3171 2718 3234 dare
2765 3174 2941 3253 jubet
2965 3161 2994 3236 ί
3015 3175 3123 3236 hac
3170 3161 3317 3235 sane
3364 3172 3440 3234 de
3470 3161 3655 3234 causa

261 3264 421 3323 ἕνεκα
450 3270 526 3339 τῷ
579 3261 725 3342 λόγῳ
778 3269 871 3320 τοῦ
940 3269 1072 3322 Θεοῦ
1117 3259 1493 3340 θαρρήσαντες.
1549 3269 1629 3339 τῷ
1668 3263 1755 3319 καὶ
1803 3275 1919 3327 τοῖς

261 3355 487 3435 ἀσόφοις
556 3354 645 3410 καὶ
688 3352 1056 3432 ἀγραμμάτοις
1109 3350 1311 3408 σύνεσιν
1367 3353 1454 3408 καὶ
1505 3354 1689 3433 σοφίαν
1718 3351 1922 3409 τελείαν

261 3444 582 3524 παρέχοντι,
641 3443 731 3499 καὶ
775 3440 936 3520 λόγον
1006 3440 1060 3497 ἒν
1113 3439 1303 3507 ἀνοίξει
1344 3448 1436 3498 τοῦ
1492 3443 1783 3522 στόματος,
1829 3441 1925 3499 οὐκ

265 3531 785 3615 ἆποδσσχεραίνομεν
839 3532 972 3612 πρὸς
1034 3530 1097 3587 τὸ
1152 3528 1366 3605 αἴτημα
1397 3549 1412 3564 ⁶
1460 3536 1641 3611 σαφῶς
1730 3529 1922 3594 εἰδότες

266 3627 343 3688 ὣς
373 3621 527 3703 εἴπερ
578 3644 662 3687 τις
709 3624 856 3699 ἡμᾶς
900 3620 1120 3695 ἆμοθίας
1178 3621 1304 3683 καὶ,
1334 3618 1540 3696 τόλμης
1599 3620 1925 3700 ἒγγράψαιτο

268 3712 356 3770 διὰ
382 3713 446 3769 τὰ
473 3712 570 3781 τῆς
628 3709 819 3777 λέξεως
877 3713 1013 3787 ὁμοῦ
1042 3706 1298 3789 ἀκαλλὲς,
1350 3709 1441 3765 καὶ
1495 3709 1592 3778 τῆς
1635 3708 1834 3773 ἐννοίας
1862 3711 1924 3766 τὸ

265 3800 485 3882 ἀτελὲς,
542 3802 872 3882 συγγνώμων
940 3799 1085 3863 αὖθις
1154 3795 1300 3854 ’ἐσται
1369 3799 1528 3877 ἡμῖν,
1584 3801 1657 3864 ὡς
1712 3800 1807 3855 οῦκ
1834 3795 1922 3880 ἀφ’

270 3892 472 3949 ἑαυτῶν
502 3893 783 3971 ὁρμηθεῖσι
840 3890 973 3970 πρὸς
1042 3889 1104 3945 τὸ
1160 3884 1484 3967 ἐγχείρημα,
1545 3886 1683 3945 ἀλλὰ
1738 3886 1798 3943 τδ
1828 3893 1928 3955 τῆς

268 3981 592 4061 ἀκραιφνοῦς
666 3979 971 4059 συγγενείας
1068 3977 1158 4033 καὶ
1256 3974 1567 4055 εἰλικρινοῦς
1649 3973 1926 4040 διαθέσεως

272 4070 694 4150 εἰσπράττουσιν.
722 4066 875 4127 Ἀλλ’
925 4067 980 4124 ἐν
1034 4067 1236 4132 τούτοις
1306 4065 1403 4142 μὲν
1454 4067 1516 4121 τὸ
1572 4063 1734 4144 λόγου
1790 4088 1926 4146 προ-

269 4159 466 4237 οίμιον.
501 4154 763 4237 Ἀρκτέονί
780 4157 837 4215 δὲ
865 4158 932 4215 τὰ
959 4158 1058 4225 τῆς
1109 4156 1372 4226 αἰτήσεως
1416 4152 1581 4219 οὕτως
1617 4170 1631 4184 ⁸
1692 4152 1923 4223 Ἠθέλη-

271 4271 373 4313 σας
404 4251 593 4325 μαθεῖν
623 4246 675 4315 ἐξ
704 4247 883 4325 ἡμῶν,
928 4245 1074 4310 ὅπως
1129 4266 1187 4301 τε
1214 4245 1282 4301 τὰ
1338 4250 1431 4301 τοῦ
1487 4243 1670 4323 γένους
1726 4245 1924 4321 βαθμι-

268 4336 478 4396 δοῦνται
503 4337 788 4418 πρόσωπα,
834 4337 924 4394 καὶ
950 4337 1065 4393 τίνα
1116 4335 1214 4411 μὲν
1269 4332 1329 4390 ἐκ
1379 4334 1577 4391 τούτων
1628 4335 1759 4414 πρὸς
1802 4356 1925 4393 κοι-

273 4427 464 4485 νωνίαν
520 4427 696 4507 γάμου
749 4425 1063 4500 κωλύονται,
1140 4423 1257 4481 τίνα
1331 4420 1386 4479 δὲ
1443 4422 1585 4488 αὖθις
1654 4446 1926 4505 παραχω-

2006 3253 2375 3345 confidentes
2426 3258 2606 3322 verbo
2640 3262 2768 3338 Dei,
2805 3265 2908 3345 qui
2936 3272 2995 3327 et
3023 3262 3445 3345 insipientibus
3476 3269 3534 3324 et
3575 3260 3657 3324 il-

2004 3341 2276 3435 litteratis
2303 3344 2783 3428 intelligentiam,
2818 3341 3267 3435 perfectamque
3305 3350 3657 3434 sapientiam

2008 3431 2252 3531 praebet,
2288 3443 2344 3495 et
2386 3436 2449 3498 in
2497 3440 2617 3531 oris
2664 3431 2942 3523 apertura
2990 3431 3465 3513 sermonem-ad
3497 3449 3659 3531 tuam

2006 3520 2351 3614 petitionem
2383 3546 2502 3589 non
2556 3520 2901 3595 haesitamus
2928 3546 2953 3578 ι
2984 3552 2998 3596 :
3032 3538 3268 3614 aperte
3297 3533 3581 3606 scientes,
3613 3529 3667 3591 si

2008 3611 2141 3711 quis
2163 3612 2238 3674 ob
2258 3616 2616 3711 elocutionis
2645 3611 3088 3686 deformitatem
3112 3624 3288 3687 simul
3315 3632 3374 3685 et
3403 3621 3659 3684 medita-

2015 3704 2239 3765 tionem
2268 3704 2677 3788 imperfectam
2697 3732 2817 3775 non
2843 3714 3158 3795 imperitiae
3179 3713 3561 3793 audaciaeque
3572 3728 3669 3772 ac-

2009 3802 2195 3866 cuset,
2225 3795 2351 3858 vice
2381 3815 2547 3861 versa
2568 3801 2741 3864 nobis
2762 3804 2992 3865 veniam
3017 3805 3321 3885 daturum,
3352 3801 3507 3884 quod
3540 3818 3662 3863 non

2011 3902 2046 3945 a
2075 3884 2247 3947 nobis
2277 3886 2423 3968 ipsis
2446 3888 2519 3951 ad
2542 3889 2702 3953 hunc
2729 3900 3012 3954 conatum
3050 3892 3281 3955 incitati
3310 3884 3521 3965 Simus,
3552 3888 3660 3951 sed

2009 3983 2188 4038 arcta
2236 3978 2607 4055 cognationis
2636 3981 2975 4064 sincerique
3023 3983 3271 4046 affectus
3315 3997 3665 4064 peragamus

2008 4064 2290 4155 ofﬁcium.
2320 4065 2434 4129 Sed
2466 4069 2527 4129 in
2559 4070 2652 4131 his
2682 4071 2922 4153 quidem
2956 4071 3241 4135 orationis
3272 4070 3656 4155 prooemium.

2010 4152 2176 4226 Quod
2229 4166 2426 4219 autem
2478 4159 2553 4220 ad
2605 4152 2954 4240 petitionem
3006 4162 3240 4243 attinet,
3272 4152 3535 4224 ‘initium
3581 4159 3670 4222 sic

2013 4254 2369 4308 sumentium
2404 4257 2531 4310 est:
2567 4249 2802 4313 discere
2821 4251 2907 4313 vis
2935 4271 2969 4313 a
2996 4251 3460 4334 nobis,quonam
3485 4248 3663 4311 modo

2011 4351 2118 4414 per
2144 4336 2361 4414 gradus
2390 4348 2783 4403 numerentur
2814 4342 3053 4421 generis
3088 4358 3660 4423 personaapluaanam

2010 4440 2080 4484 ex
2110 4424 2186 4486 iis
2214 4426 2286 4488 ad
2318 4429 2660 4509 nuptiarum
2715 4432 3150 4512 prohibeantur
3199 4435 3571 4511 societatem,
3607 4434 3668 4492 et

274 4524 487 4597 ροῦνται
529 4517 902 4592 συνάπτεσθαι,
963 4517 1037 4582 ὡς
1093 4512 1470 4589 ἂνεπιτίμητα.
1528 4515 1626 4572 Καὶ
1695 4511 1761 4582 δὴ
1789 4515 1919 4571 κατὰ

2011 4531 2141 4593 qua:
2164 4533 2371 4577 rursus
2388 4518 2670 4600 conjungi
2693 4511 2857 4583 extra
2868 4520 3396 4602 reprehensionem
3423 4516 3665 4600 permit-

274 4607 374 4675 τὴν
454 4608 674 4666 ἓνοῦσαν
754 4608 893 4682 ἡμῖν
943 4604 1137 4683 γνῶσιν
1220 4604 1308 4659 καὶ
1376 4616 1567 4682 πεῖραν
1661 4610 1755 4661 τοῦ
1798 4609 1930 4660 Θεοῦ

278 4694 506 4761 διδόντος
551 4696 732 4777 ἰσχὺν,
765 4694 827 4752 ἐκ
878 4695 984 4752 τῶν
1026 4699 1262 4770 νομικῶν
1322 4690 1548 4773 ὲδαφίων
1602 4693 1668 4751 τὰ
1718 4691 1929 4773 λεχθη-⁹

275 4785 479 4863 σόμενα
559 4783 937 4865 ἀναλεγομένω
1006 4790 1170 4841 ταῦτα
1266 4781 1432 4846 οὕτως
1490 4781 1880 4863 ἀποκρινόμεθα
1911 4797 1927 4812 ’

279 4866 343 4935 Ἠ
370 4885 465 4936 τοῦ
519 4874 706 4955 γένους
763 4875 912 4954 σειρὰ
978 4874 1115 4953 τρισὶ
1174 4871 1463 4952 συνείρεται
1533 4870 1735 4947 τάξεσι,
1768 4878 1837 4949 τῇ
1877 4894 1934 4928 τε

278 4970 387 5023 τῶν
418 4965 672 5023 ἀνιόντων
727 4963 998 5044 δηλονότι³
1055 4967 1159 5020 τῶν
1202 4962 1516 5038 κατιόντων,
1578 4963 1667 5018 καὶ
1738 4967 1845 5019 τῶν
1876 4962 1936 5019 ἐκ

272 5053 531 5134 πλαγίου.
593 5052 862 5117 Ἀνιόντες
906 5052 961 5109 δέ
1029 5053 1181 5126 εἰσιν,
1241 5048 1298 5107 οἵ
1370 5072 1428 5107 τε
1471 5051 1652 5130 γονεῖς
1724 5051 1820 5108 καὶ
1889 5053 1938 5110 oi

272 5144 486 5204 πάπποι
515 5144 604 5201 καὶ
636 5147 684 5201 οἱ
712 5142 1024 5224 πρόπαπποι
1059 5161 1074 5178 '
1141 5139 1417 5209 κατιόντες
1461 5138 1541 5221 δὲ,
1604 5143 1651 5199 oi
1721 5139 1935 5217 παῖδες,

272 5234 364 5293 καὶ
407 5235 455 5291 οἱ
524 5231 577 5298 ἐξ
620 5232 795 5291 αὐτῶν
850 5231 1153 5308 τικτόμενοι
1225 5228 1433 5306 ἔκγονοι
1474 5232 1563 5287 καὶ
1619 5228 1934 5310 δισέκγονοι,

2012 4611 2231 4667 tantur.
2269 4604 2472 4684 Itaque
2522 4610 2852 4674 secundum
2913 4628 3068 4691 eam,
3101 4628 3234 4691 qua:
3284 4608 3455 4672 nobis
3483 4607 3661 4682 inest,

2014 4692 2411 4772 cognitionem
2427 4704 2485 4758 et
2506 4716 2573 4759 ex
2584 4698 3087 4781 perientiam,Deo
3106 4706 3465 4779 suggerente
3484 4697 3665 4771 vires,

2015 4802 2085 4846 ex
2120 4784 2403 4861 legalibus
2431 4786 2856 4869 fundamentis,
2886 4808 3020 4870 quae
3064 4788 3320 4850 dicenda
3358 4793 3521 4867 sunt,
3555 4785 3665 4847 de-

2017 4882 2369 4957 cerpentes;
2409 4876 2534 4939 haec
2587 4878 3027 4959 respondemus
3074 4878 3147 4939 ad
3176 4877 3339 4939 hunc
3368 4875 3610 4938 modum
3642 4892 3657 4935 :

2018 4962 2402 5043 Cognalionis
2414 4966 2709 5029 vinculum
2731 4967 2918 5029 tribus
2938 4966 3322 5048 conjungitur
3333 4963 3666 5040 ordinibus,

2020 5052 2473 5131 ascendentium
2498 5056 2805 5138 videlicet,
2829 5054 3412 5122 descendentium.et
3437 5071 3669 5133 eorum,

2021 5142 2123 5223 qui
2148 5153 2289 5205 sunt
2336 5162 2372 5204 ιι
2425 5144 2633 5209 latere.
2691 5146 3100 5210 Ascendentes
3156 5153 3290 5207 sunt
3348 5143 3672 5225 genitores,

2022 5234 2236 5315 avique
2295 5241 2354 5297 et
2415 5236 2660 5315 proavi;
2716 5235 3032 5298 descentes
3085 5244 3283 5299 autem
3318 5281 3335 5311 ,
3401 5232 3554 5309 filii,
3616 5243 3680 5293 et

1603 5388 1865 5458 VARLE
1905 5394 2341 5460 LECTIONES.

364 5524 432 5578 96
462 5535 864 5605 Χωματειανοῦ.
948 5524 1013 5577 97
1043 5531 1119 5584 πᾶ
1149 5523 1178 5582 ὅ
1219 5548 1271 5582 τι
1301 5536 1390 5585 οῦν
1421 5524 1598 5585 δοῦναι
1627 5524 1828 5590 διακελ.

362 5635 1022 5721 x_sacerdos_ordinari.
1070 5651 1275 5721 snam,
1295 5640 1620 5721 parentum
1650 5652 1844 5721 causa
1888 5637 2126 5701 nullum
2156 5639 2586 5721 prcrjudicium
2616 5644 2889 5705 sustinet.
2919 5652 2946 5694 1
2974 5642 3386 5706 Chomatiam.
3431 5643 3454 5673 ⁸
3482 5637 3686 5703 decla-

280 5717 594 5782 rationem
635 5727 661 5759 ι
685 5715 850 5780 haud
876 5720 1127 5799 gravate
1150 5717 1506 5795 petitionem
1534 5714 1951 5781 admittimus.

728 5890 996 5951 Ρλτιιοι..
1044 5882 1156 5948 Gn.
1203 5884 1412 5947 CXIX.

3095 5891 3195 5957 30.
