4130 6446
499 352 618 420 939

1860 367 1892 429 J
1898 365 1992 429 US
2038 359 2490 428 CANONICUM

3765 352 3883 423 940

500 490 603 571 qui
632 511 703 554 ex
746 492 821 555 iis
861 495 1183 558 nascuntur
1232 504 1508 578 nepotes,
1559 505 2058 580 pronepotesque,
2090 504 2150 559 et

2239 498 2319 554 καὶ
2349 500 2395 553 οἱ
2437 496 2639 553 τούτων
2668 494 2922 576 ἆπόγονοι
2955 512 2976 533 ⁸
3001 492 3123 575 οἵγε
3171 497 3280 572 μὴν
3323 495 3400 580 ἐκ-
3439 492 3687 573 πλαγίου,
3723 495 3876 567 θεῖοι,

499 582 847 663 abnepotes.
883 584 994 658 Qui
1025 593 1224 648 autem
1257 597 1395 649 sunt
1433 607 1502 649 ex
1562 596 1919 664 transverso,
1955 586 2152 668 patrui

498 674 588 734 vel
639 674 961 750 avunculi,
1025 676 1132 738 ﬁlii
1179 677 1425 740 fratrum
1486 696 1875 750 sororumve,
1931 694 2150 739 conso-

498 760 680 837 brini,
714 772 773 823 et
795 764 1017 827 caeteri.
1050 767 1523 829 Ascendentium
1570 767 1774 846 igitur,
1808 775 1867 829 et
1890 765 2149 828 descen-

501 850 791 934 dentium,
819 853 892 916 ad
924 854 1261 936 nuptiarum
1311 857 1659 920 societatem
1718 855 2146 937 conjunctioin

498 940 797 1004 inﬁnitum
821 942 952 1023 lege
984 943 1354 1022 prohibetur.
1392 946 1551 1008 Patri
1578 946 1739 1008 enim
1772 946 1861 1007 vel
1893 962 2021 1020 avo,
2058 944 2149 1006 vel

501 1048 740 1112 proavo,
790 1040 893 1095 aut
942 1033 1119 1095 matri
1164 1035 1254 1097 vel
1286 1036 1446 1111 avize,
1483 1037 1572 1098 vel
1605 1037 1882 1117 proaviae,
1915 1033 2152 1115 nuptias

501 1136 638 1181 cum
669 1120 791 1182 ﬁlio
817 1121 907 1183 vel
940 1130 1157 1202 nepote
1179 1133 1582 1206 pronepoteve
1612 1125 1774 1187 nullo
1798 1122 1974 1186 modo
2000 1142 2150 1185 con-

504 1209 743 1272 trahere
791 1210 950 1273 licet.
1008 1210 1130 1275 Nec
1185 1231 1392 1276 rursus
1440 1214 1622 1291 ﬁlius,
1654 1214 1743 1276 vel
1790 1231 2000 1294 nepos,
2054 1219 2155 1274 aut

504 1315 829 1380 pronepos,
882 1303 1034 1381 patri
1085 1302 1176 1366 vel
1230 1306 1427 1379 matri,
1470 1313 1568 1367 aut
1598 1323 1705 1366 avo
1736 1303 1825 1366 vel
1857 1302 2021 1377 aviae,
2055 1309 2156 1364 aut

505 1404 723 1467 proavo
736 1390 827 1450 vel
846 1390 1097 1469 proaviae
1117 1392 1681 1474 conjungitur.0rdo
1695 1401 1893 1456 autem
1915 1410 2122 1454 eorum
2134 1441 2149 1462 .

505 1475 608 1556 qui
637 1486 861 1540 suntex
888 1483 1318 1564 transverso,ad
1338 1484 1658 1562 septimum
1685 1502 1879 1565 usque
1903 1480 2150 1562 gradum

505 1565 968 1654 prohibitionem
1022 1570 1268 1652 habens,
1304 1573 1517 1636 exinde
1556 1573 1843 1654 conjungi
1892 1570 2152 1634 volenti-

504 1653 618 1716 bus
647 1657 1100 1737 permissionem
1132 1679 1166 1723 a
1197 1661 1326 1741 lege
1357 1663 1536 1724 sumit
1565 1672 1623 1725 et
1643 1653 2154 1725 libertatem.Por-

503 1761 570 1805 ro
626 1746 844 1824 gradus
890 1767 924 1810 a
952 1750 1252 1828 cognatica
1299 1752 1483 1833 stirpe
1529 1752 1764 1814 initium
1824 1758 2149 1831 sumentes,

501 1832 647 1895 dicti
676 1844 813 1899 sunt
859 1837 932 1899 ad
993 1825 1444 1904 similitudinem
1495 1843 1786 1922 graduum
1832 1825 2214 1904 scalarum.B

504 1924 648 1989 Nam
672 1926 1173 2008 quemadmodum
1205 1931 1424 2008 gradus
1453 1931 1529 1993 de
1553 1932 1727 2012 plano
1775 1931 2010 1993 initium
2043 1949 2145 1991 su-

504 2023 759 2090 mentes,
793 2023 851 2078 et
877 2016 950 2077 ad
984 2016 1269 2080 ulteriora
1301 2021 1778 2101 progredientes,
1832 2038 2148 2083 ascensum

507 2112 564 2167 et
593 2104 946 2166 descensum
972 2108 1294 2169 terminant
1323 2127 1336 2172 ;
1363 2110 1449 2172 sic
1481 2118 1540 2171 et
1570 2110 1630 2171 hi
1656 2111 1978 2191 gradus,ut
1999 2108 2151 2171 rami

504 2193 745 2275 quidam
768 2193 943 2256 simul
976 2196 1098 2257 nati
1125 2214 1159 2257 a
1181 2197 1384 2260 radice
1413 2200 1588 2280 primi
1623 2200 1838 2277 genito:
1858 2201 1909 2261 is
1938 2217 2149 2280 proce-

504 2283 736 2361 dentes,
769 2285 1182 2363 cognationem
1216 2289 1551 2367 perﬁciunt.
1589 2288 1845 2369 Singulaa
1875 2308 2014 2368 ergo
2045 2306 2153 2367 ge-

505 2373 847 2435 nerationes
894 2393 1079 2435 unum
1130 2377 1378 2456 gradum
1429 2379 1852 2454 faciunt,Pater
1879 2379 2058 2460 igitur
2079 2376 2153 2440 ad

508 2461 696 2523 ﬁlium
728 2462 889 2524 nullo
932 2463 1110 2525 modo
1140 2468 1439 2544 gradatur,
1468 2476 1783 2550 propterea
1811 2470 1967 2550 quod
1990 2468 2155 2530 radix

509 2550 688 2630 hujus
718 2559 810 2613 est
839 2559 897 2612 et
925 2551 1591 2639 principium,unusque
1620 2560 1836 2639 gradus
1851 2560 2152 2621 ﬁliuscum

508 2648 676 2721 patre
709 2659 841 2702 esse
873 2651 1171 2707 censetur.
1207 2644 1333 2708 Duo
1365 2655 1560 2709 autem
1595 2650 1886 2727 germani,
1916 2649 2054 2730 quia
2084 2667 2153 2710 ex

507 2727 737 2820 duabus
757 2731 1905 2820 progrediunturgenerationibus,duos
1921 2727 2156 2820 quoque

506 2818 724 2909 gradus
745 2818 990 2909 faciunt.
1016 2820 1275 2905 Quasque
1302 2827 1462 2889 ehim
1492 2833 1796 2906 generatio
1840 2818 2153 2909 (quemad-

508 2908 752 2969 modum
793 2906 1076 2992 diximus)
1130 2915 1381 2991 gradum
1418 2936 1601 2980 unum
1658 2919 1815 2980 facit.
1850 2906 2157 2981 ’Patrueles

505 3015 646 3058 vero
680 3005 737 3058 et
766 2997 1133 3083 consobrini,
1158 3005 1350 3084 quarti
1382 3015 1518 3068 sunt
1546 3007 1790 3086 gradus,
1808 3016 1865 3069 et
1885 3007 2162 3070 similiter

508 3085 737 3149 sobrini
759 3086 967 3182 eade_m
998 3091 1227 3154 ratione
1250 3085 1661 3178 servata,sexti
1681 3097 1899 3177 gradus
1925 3116 2156 3160 connu-
2180 3131 2219 3182 ο

509 3184 837 3268 merantur.
865 3175 1231 3268 AEodemque
1283 3184 1461 3248 modo
1489 3175 1716 3268 octavi,
1777 3187 2159 3250 sobrinorum

507 3265 638 3328 ﬁlii.
672 3264 832 3327 Talis
861 3264 1046 3344 igitur
1078 3273 1349 3349 cognatio
1398 3283 1639 3336 vocatur
1695 3264 1765 3337 ex
1818 3276 2107 3354 sanguine
2140 3295 2155 3341 :

507 3355 651 3449 hinc
683 3363 741 3416 et
769 3355 1189 3449 prohibitionis
1207 3362 1528 3424 terminum
1542 3364 1612 3425 ad
1633 3365 1952 3445 septimum
1974 3385 2161 3449 usque

508 3444 755 3524 gradum
796 3444 1011 3536 sortita,
1027 3455 1145 3536 est,
1182 3457 1244 3510 ut
1265 3452 1565 3514 studiosus
1596 3444 1830 3515 discere
1864 3444 2160 3536 potest—ex

508 3537 703 3612 legum
730 3532 1133 3597 voluminibus
1179 3547 1237 3600 et
1286 3541 1678 3620 synodalibus
1708 3532 2154 3606 constitutioni-

510 3622 642 3685 bus.
680 3625 789 3683 Lex
813 3622 970 3683 enim
1004 3625 1041 3686 5
1065 3626 1230 3688 titulo
1269 3627 1347 3690 28
1374 3630 1513 3695 libr.
1545 3632 1678 3694 bsic
1715 3633 1796 3693 ait
1833 3652 1845 3693 :
1874 3633 2035 3697 Inter
2060 3653 2159 3697 eas

510 3729 989 3802 personas,_quze
1018 3717 1434 3795 suntalatere,
1467 3729 1554 3781 est
1584 3722 1850 3802 quaedam
1884 3725 2158 3802 prohibi-

506 3800 766 3863 tio.Nam
816 3800 1012 3863 fratris
1061 3805 1152 3866 vel
1198 3808 1422 3869 sororis
1453 3800 1631 3871 ﬁliam
1664 3800 1908 3874 uxorem
1941 3814 2161 3877 ducere

510 3908 630 3953 non
661 3889 820 3970 licet,
871 3908 982 3952 nec
1026 3911 1233 3955 eorum
1288 3906 1527 3978 neptem
1565 3920 1577 3961 :
1609 3900 1790 3963 simili
1843 3903 2017 3964 modo
2051 3923 2163 3967 nec

516 3978 709 4061 patrui
759 3980 1128 4068 avunculive,
1177 3984 1373 4046 amita;
1416 3996 1821 4052 materteraave
1864 3992 2066 4068 ﬁliam,
2101 3994 2160 4055 id

511 4082 626 4141 est,
654 4067 1075 4131 consobrinam
1133 4091 1367 4137 meam:
1404 4078 1508 4137 sed
1558 4097 1752 4158 neque
1810 4081 1964 4143 ﬁlius
1993 4102 2162 4145 meus

513 4175 722 4248 eorum
773 4166 1038 4236 neptem,
1100 4162 1201 4242 qui
1258 4163 1486 4226 sobrini
1541 4168 1933 4248 appellantur.
1981 4171 2054 4233 Et
2081 4173 2163 4234 ita

513 4246 756 4325 quidem
788 4250 1285 4315 consobrinorum
1318 4257 1493 4333 ﬁlios,
1528 4246 1810 4323 nimirum
1859 4262 2155 4347 sobrinus,

514 4340 636 4432 qui
664 4349 799 4400 sunt
823 4340 1019 4432 “sexti
1054 4344 1295 4432 gradus,
1353 4346 1782 4426 prohibitarum
1817 4340 2157 4432 nuptiarum

515 4429 787 4504 limitem,
820 4427 1061 4519 Novella
1107 4431 1237 4513 ipsa
1286 4436 1570 4514 posuerit.
1607 4427 1920 4519 Septimus
1958 4451 2155 4504 autem

510 4519 749 4600 gradus,
811 4518 949 4599 quia
1008 4520 1248 4585 silentio
1296 4524 1627 4605 praeteritus
1679 4518 1893 4599 fuerat,
1960 4532 2161 4593 locum

513 4617 849 4689 acceperat,
877 4626 988 4670 nec
1007 4609 1082 4672 ad
1102 4612 1444 4693 nuptiarum
1465 4615 1810 4678 societatem
1828 4620 2159 4685 vetabatur.

512 4697 736 4761 Verum
766 4699 1065 4778 synodalis
1094 4702 1376 4779 cognitio,
1407 4704 1559 4766 facta
1592 4714 1861 4787 tempore
1910 4711 2159 4772 sanctis-

513 4790 652 4852 simi
680 4786 840 4848 illius
882 4788 1254 4879 patriarchae,
1290 4792 1517 4854 domini
1547 4786 1815 4871 Lucae,ut
1845 4805 2080 4879 turpem
2105 4807 2163 4861 et

513 4880 921 4951 inhonestum,
956 4878 1115 4971 hunc
1145 4880 1463 4962 septimum
1482 4878 2158 4971 gradum.propterper-

515 4983 792 5058 sonarum
817 4966 1281 5058 proximitatem,
1317 4971 1633 5051 prohibitis
1666 4982 1722 5035 et
1751 4966 1974 5038 illicitis
1994 4966 2160 5058 adju-

515 5057 751 5129 dicavit,
801 5063 860 5116 et
890 5073 958 5117 ex
990 5057 1462 5121 Christianorum
1521 5060 1775 5125 abscidit
1826 5057 2156 5146 republiCa.

517 5146 683 5207 Hanc
712 5154 908 5206 autem
928 5146 1274 5210 sxnodalem
1298 5150 1593 5212 actionem
1625 5150 1866 5216 Novella
1880 5157 2164 5219 constitu-

521 5237 601 5298 tio
624 5234 997 5314 imperatoris
1026 5236 1305 5317 inclytiet
1333 5238 1907 5321 Porphyrogennetae
1935 5245 2164 5307 domini

521 5322 807 5386 Manuelis
838 5322 1155 5388 subsecuta
1186 5335 1297 5402 est,
1331 5336 1390 5388 et
1416 5346 1548 5408 quae
1572 5327 1811 5394 decreta
1851 5345 1991 5397 sunt
2020 5354 2161 5397 san-

516 5423 636 5491 cte,
659 5412 1053 5476 conﬁrmavit.

2231 586 2465 662 ἆνεψιοὶ,
2513 574 2807 665 ἐξάδελφοι,
2873 587 2960 642 καὶ
3004 574 3083 643 ei?
3119 583 3320 649 λοιποί,
3386 574 3450 642 Ἠ
3493 583 3591 660 μὲν
3644 580 3732 639 οὖν
3779 587 3883 639 τῶν

2234 676 2509 749 ἀνιόντων,
2583 676 2672 733 καὶ
2754 675 3047 733 κατιόντων
3134 676 3266 754 πρὸς
3351 675 3525 754 γάμου
3612 670 3882 729 κοινωνίαν

2234 763 2542 844 συναρμογή
2573 766 2648 827 εἰς
2677 763 2970 843 ἀπέραντον
3025 766 3168 843 παρὰ
3210 771 3305 822 τοῦ
3347 764 3511 839 νόμου
3565 758 3882 824 κεκώλυται.

2235 853 2307 911 Οῦ
2338 854 2438 933 γὰρ
2465 854 2645 932 πατρὶ,
2682 852 2719 922 ἢ
2747 854 2973 929 πάππῳ,
3007 853 3045 923 ἢ
3091 854 3424 932 προπάππῳ,
3468 848 3581 908 εἴτε
3636 849 3818 929 μητρὶ,
3848 848 3886 919 ἢ

2235 944 2456 1020 μάμμῃ,
2488 942 2525 1011 ἢ
2555 944 2862 1022 προμάμμῃ
2892 942 3002 1002 ἐστὶ
3070 944 3282 1019 θεμιτὸν
3350 943 3521 1021 γάμον
3574 937 3885 1003 συναλλάξαι

2236 1034 2372 1108 μετὰ
2398 1030 2540 1111 υῗοῦ,
2600 1031 2637 1100 ἢ
2695 1032 2940 1111 ἐκγόνου,
3012 1032 3058 1090 ὥ
3113 1032 3439 1112 δισεκγόνου,
3497 1031 3558 1087 τὸ
3613 1026 3827 1085 σύνολον
3865 1042 3880 1057 ·

2235 1118 2352 1177 οὔτε
2395 1121 2504 1196 μὴν
2529 1122 2591 1177 τὸ
2640 1120 2900 1181 ἀνάπαλιν
2954 1123 3063 1185 υἱὸς
3119 1121 3155 1192 ἢ
3198 1120 3411 1200 ἔκγονος
3468 1119 3505 1188 ἢ
3559 1116 3882 1195 δισέκγονος,

2234 1208 2458 1289 πατρὶῆ
2507 1211 2668 1290 μητρὶ
2722 1208 2760 1278 ἢ
2815 1211 3020 1287 πάππῷ
3068 1210 3105 1279 ἣ
3162 1211 3360 1289 μάμμῃ
3417 1208 3455 1277 ἢ
3497 1208 3807 1288 προπάππῳ
3844 1205 3883 1275 ἢ

2235 1300 2565 1378 προμάμμῃ.
2604 1291 2811 1380 Ἠετῶν
2868 1299 2929 1358 ἐκ
2982 1299 3209 1380 πλαγίου
3267 1299 3346 1375 δὲ,
3401 1298 3566 1380 μέχρι
3620 1297 3708 1354 καί
3735 1293 3884 1353 ἐϐδό-

2238 1411 2339 1464 μου
2365 1390 2568 1467 βαθμοῦ
2592 1390 2690 1458 τὴν
2747 1389 2975 1447 κώλυσιν
3025 1390 3248 1471 ἔχουσα,
3294 1389 3473 1446 ἔκτοτε
3529 1400 3646 1453 τοῖς
3688 1383 3884 1464 βουλο-

2237 1478 2417 1554 μένοις
2446 1480 2795 1536 συνάπτεσθαι
2825 1481 2887 1537 τὸ
2938 1477 3117 1537 ἄνετον
3175 1481 3317 1559 παρὰ
3371 1484 3464 1535 τοῦ
3518 1475 3681 1554 νόμου
3738 1473 3885 1551 λαμ.-

2235 1566 2382 1625 ϐάνει
2430 1592 2518 1625 και
2569 1567 2975 1646 ἀνεμπόδιστον.
3049 1573 3110 1629 Οἱ
3197 1570 3385 1647 βαθμοὶ
3467 1567 3712 1645 μέντοιγε
3778 1564 3885 1621 ἀπὸ

2236 1665 2557 1736 συγγενικῶς
2629 1659 2930 1755 ῥιζονχίαςι
2954 1657 3313 1734 λαμϐάνοντες
3554 1656 3751 1755 ἀρχὴν,
3825 1652 3887 1709 ἐκ

2236 1751 2343 1802 τῶν
2393 1746 2670 1825 ,βαθμίδων
2712 1753 2811 1815 τῆς
2879 1747 3138 1824 κλίμακος
3187 1747 3595 1825 ὠνομάσθησαν,
3672 1746 3889 1822 ’Ὠσπερ

2235 1837 2334 1915 γὰρ
2368 1840 2418 1893 αἱ
2446 1836 2700 1915 βαθμτδες
2745 1838 2797 1905 ἐξ
2840 1837 3088 1896 ἐπιπέδυυ
3130 1841 3273 1904 τινὸς
3336 1838 3433 1905 τὴν
3507 1834 3681 1915 ἀρχὴν
3737 1836 3887 1908 λαμ-

2232 1923 2504 2008 ϐάνουσαι,
2576 1930 2664 1984 καὶ
2714 1930 2787 1994 εἰς
2841 1930 2908 1986 τὰ
2948 1928 3132 1998 πρόσω
3173 1924 3567 2008 προϐαίνουσαι,
3638 1924 3738 1992 τὴν
3787 1921 3886 1978 ἄν·

2233 2012 2353 2070 οδον
2423 2016 2459 2084 ἢ
2522 2016 2621 2085 τὴν
2666 2016 2884 2075 κάθοδον
2933 2019 3366 2098 συμπεραίνουσιν
3403 2035 3417 2049 ⁸
3474 2013 3611 2073 οὕτω
3680 2014 3768 2069 καὶ
3838 2013 3888 2067 οἱ

2232 2105 2424 2181 βαθμοὶ
2479 2108 2553 2169 ὡς
2602 2106 2662 2163 ἐκ
2717 2108 2863 2186 ῥίζης
2917 2109 3174 2187 ὁμοφυεῖς
3229 2103 3413 2165 κλάδοι
3482 2114 3577 2165 τοῦ
3668 2102 3881 2181 πρώτου

2238 2195 2556 2274 γεννήτορας
2627 2196 2929 2277 προϊόντες,
3015 2195 3116 2264 τήν
3184 2195 3490 2274 συγγένειαν
3566 2190 3885 2272 ἀπαρτίζου-

2238 2303 2351 2345 σιν.
2440 2281 2673 2353 Ἐκάστη
2757 2285 2845 2342 οὗν
2893 2285 3139 2364 γέννησις
3208 2284 3302 2340 τίνα
3351 2284 3553 2361 βαθμὸν
3608 2277 3883 2339 ἀποτελεῖ.

2239 2373 2420 2452 Πατὴρ
2475 2374 2598 2453 γοῦν
2657 2376 2788 2455 πρὸς
2858 2378 2968 2432 υἱὸν
3034 2372 3276 2450 οὐδαμῶς
3325 2371 3720 2450 βαθμιδοῦνται,
3792 2372 3889 2425 αθ-

2238 2460 2320 2518 ότι
2360 2462 2472 2539 ῥιζα
2543 2464 2726 2521 τούτου
2773 2462 2921 2521 πέλει
2964 2465 3053 2521 καὶ
3094 2463 3369 2543 καταρχή.
3418 2465 3514 2527 Εἷς
3546 2460 3599 2518 δὲ
3628 2460 3829 2539 βαθμὸς
3860 2459 3891 2513 δ

2236 2553 2346 2615 υἱὸς
2374 2555 2505 2630 πρὸς
2533 2554 2625 2611 τὸν
2673 2553 2874 2634 πατέρα
2909 2553 3194 2633 λογίζεται,
3270 2552 3338 2611 Οἵ
3395 2574 3457 2631 γε
3488 2553 3597 2628 μὴν
3639 2549 3729 2607 δύο
3771 2549 3895 2605 αῦτ-

2239 2638 2476 2722 ἀδελφοι,
2537 2640 2668 2699 διότι
2738 2643 2800 2700 ἐκ
2853 2643 2943 2700 δύο
2998 2644 3297 2723 γεννήσεων
3353 2641 3726 2721 προέρχονται,
3799 2652 3901 2706 καὶ

2238 2728 2328 2789 δύο
2417 2730 2731 2789 ἀποτελοῦσι
2814 2734 3067 2810 βαθμούς,
3156 2724 3386 2799 ιΕκάστη
3461 2734 3560 2810 γὰρ
3628 2730 3877 2809 γέννησις

2241 2819 2342 2901 (ὡς
2373 2820 2605 2902 εἴρηται)
2643 2823 2846 2900 βαθμὸν
2889 2822 2979 2879 ἕνα
3035 2820 3314 2883 ἀποτελεῖ.
3365 2823 3425 2879 Οἱ
3469 2820 3649 2897 μέντοι
3702 2839 3891 2898 πρωτ-

2241 2909 2510 2993 εξάδελφοι
2591 2914 2837 2993 τετάρτου
2921 2914 3125 2989 βαθμοῦ
3191 2911 3565 2992 τυγχάνουσιν,
3638 2908 3894 2970 ὡσαύτως

2240 3002 2329 3057 καὶ
2385 3003 2434 3056 οἱ
2491 2999 2844 3081 δισεξάδελφοι
2902 3002 3055 3059 ἕκτου
3122 2998 3242 3058 κατ’
3321 2998 3605 3077 ἀναλογίαν
3662 3018 3893 3076 καταρι-

2242 3092 2493 3166 θμοῦνται
2535 3092 2738 3168 βαθμοῦ
2785 3107 2799 3121 ⁸
2848 3094 2896 3149 οἱ
2924 3089 2979 3148 δέ
3049 3113 3110 3170 γε
3180 3086 3588 3169 τρισεξάδελφοι,
3643 3107 3892 3145 τοιουτο-

2242 3180 2453 3259 τρόπως
2485 3179 2692 3259 ὀγδόου.
2742 3172 2804 3239 Ἡ
2846 3183 3063 3249 τοιαύτη
3118 3180 3290 3238 τοίνυν
3339 3179 3616 3258 συγγένεια
3641 3175 3893 3234 καλεῖται

2243 3268 2296 3335 ἒξ
2322 3267 2579 3344 αἵματος.
2629 3259 2821 3328 ’Ἔνθεν
2849 3273 2938 3327 καὶ
2962 3280 3023 3327 τὸ
3064 3275 3165 3337 τῆς
3215 3266 3494 3331 κωλύσεως
3548 3265 3691 3347 ὅριον
3720 3265 3889 3346 μέχρι

2243 3366 2337 3416 τοῦ
2398 3357 2622 3436 ἑϐδόμου
2676 3360 2880 3437 βαθμοῦ
2967 3358 3309 3440 ἐκληρώσατο
3342 3373 3356 3387 ’
3445 3359 3519 3420 ὡς
3577 3354 3716 3412 ἔστιν
3772 3355 3891 3420 ἐξὸν

2243 3453 2571 3526 καταμαθεῖν
2600 3453 2689 3508 τὸν
2723 3450 2991 3532 φιλομαθῆ
3038 3451 3144 3508 ἀπό
3207 3470 3265 3506 τε
3318 3449 3415 3517 τῆς
3480 3446 3702 3532 νομικῆς
3732 3467 3896 3525 περι-

2244 3538 2463 3616 λήψεως
2519 3542 2607 3597 καὶ
2664 3529 2762 3609 τῆς
2817 3539 3094 3608 συνοδικῆς
3149 3537 3453 3605 διατάξεως.
3527 3529 3585 3595 Ὀ
3640 3536 3735 3613 μὲν
3789 3536 3897 3614 γὰρ

2242 3632 2402 3705 νόμος
2436 3629 2487 3687 ἐν
2520 3619 2568 3684 ε’
2596 3628 2758 3705 τίτλῳ
2785 3638 2877 3687 τοῦ
2919 3620 3014 3697 κηΙ
3057 3627 3258 3707 βιϐλίου
3285 3628 3421 3685 οὕτω
3466 3628 3621 3707 φησὶ,
3680 3624 3894 3691 Μεταξὺ
3926 3673 3933 3682 .

2239 3726 2346 3775 τῶν
2399 3718 2460 3774 ἐκ
2499 3718 2726 3799 πλαγίου
2803 3721 3100 3800 προσώπων
3156 3719 3266 3775 ἔστι
3321 3740 3401 3782 τις
3435 3756 3440 3761 -
3472 3715 3719 3780 κώλυσις.
3783 3715 3899 3782 Τὴν

2243 3812 2343 3889 γὰρ
2372 3810 2463 3866 τοῦ
2491 3809 2716 3891 ἀδελφοῦ
2785 3832 2886 3887 μου
2932 3813 2969 3879 ἢ
3024 3815 3123 3877 τῆς
3184 3807 3415 3889 ἀδελφῆς
3472 3829 3573 3882 μου
3631 3803 3894 3884 θυγατέρα

2243 3896 2526 3974 λαμϐάνειν
2582 3901 2713 3979 πρὸς
2757 3901 2929 3979 γάμον
3003 3903 3062 3959 οὐ
3144 3897 3318 3974 θέμις,
3375 3893 3491 3953 οῦδὲ
3543 3895 3642 3962 τὴν
3688 3894 3895 3950 τούτων

2243 3988 2471 4066 ἐγγόνην
2507 4009 2521 4025 ⁸
2555 3990 2752 4063 ὁμοίως
2803 3987 2917 4045 οὐδὲ
2958 3990 3057 4055 τὴν
3107 3987 3364 4066 θυγατέρα
3418 3993 3511 4044 τοῦ
3550 3985 3689 4043 θείου
3724 3984 3761 4051 ἢ
3789 3987 3894 4049 τῆς

2240 4078 2405 4155 θείας,
2463 4079 2700 4134 τουτέστι
2771 4078 2871 4145 τὴν
2948 4075 3233 4156 ἐξαδέλφην
3289 4096 3416 4151 μου.
3491 4070 3639 4130 Ἀλλ’
3715 4070 3830 4131 οὐδὲ
3864 4068 3904 4128 ὀ¹

2240 4172 2349 4234 υἱὸς
2380 4192 2484 4245 μου
2509 4170 2607 4237 τὴν
2665 4169 2890 4247 ἐκγόνην
2963 4171 3154 4243 αὐτῶν,
3205 4164 3400 4231 οἵτινες
3441 4163 3686 4244 λέγονται
3746 4161 3895 4218 δισε-

2242 4257 2506 4339 ξάδελφοι,
2544 4261 2641 4317 Καὶ
2670 4257 2806 4315 οὕτω
2838 4261 2934 4335 μὲν
2992 4259 3111 4323 τοὺς
3141 4257 3247 4314 τῶν
3303 4253 3595 4335 ἐξαδέλφων
3666 4251 3893 4330 παῖδας,

2241 4347 2400 4426 ἤγουν
2472 4349 2591 4413 τοὺς
2663 4346 3078 4429 δισεξαδέλφους,
3142 4344 3338 4410 οἵτινες
3384 4348 3512 4401 εἰσιν
3572 4342 3725 4400 ἕκτου
3751 4344 3892 4421 βαθ-

2242 4445 2365 4514 μοῦ,
2452 4440 2513 4495 τὸ
2569 4460 2680 4494 των
2746 4437 3129 4513 κεκωλυμένων
3199 4436 3386 4514 γάμων
3453 4436 3490 4503 ἡ
3547 4435 3704 4512 νεαρὰ
3758 4431 3899 4503 αὕτη

2241 4530 2470 4586 τέθεικεν
2514 4528 2801 4607 ὁροθέσιον.
2851 4519 2910 4587 Ὀ
2938 4526 2995 4583 δὲ
3051 4523 3272 4603 ἕϐδομος
3343 4525 3544 4601 βαθμὸς
3586 4522 3672 4582 διὰ
3738 4525 3801 4580 τὸ
3830 4522 3900 4582 ἐκ

2244 4619 2444 4677 τούτων
2474 4619 2977 4698 παρασιαηιηθῆναι,
3049 4617 3233 4697 χώραν
3285 4611 3575 4690 ἐλάμϐανε,
3660 4616 3749 4673 καὶ
3817 4617 3897 4683 εἷς

2243 4708 2418 4785 γάμου
2459 4707 2736 4766 κοινωνίαν
2779 4710 2874 4766 οὐκ
2930 4704 3212 4768 ἐκωλύετο,
3276 4701 3338 4761 Ἢ
3395 4700 3451 4759 δέ
3518 4724 3582 4782 γε
3640 4702 3898 4775 συνοδικῆ

2245 4794 2551 4879 διάγνωσις,
2581 4799 2616 4865 ἡ
2657 4796 2743 4853 ἐπὶ
2794 4801 2892 4863 τῆς
2950 4795 3239 4875 ἐφημερίας
3272 4793 3533 4874 γενομένη
3588 4804 3683 4853 τοῦ
3723 4795 3901 4874 ἁγιω-

2246 4890 2399 4946 τάτου
2440 4890 2639 4946 ἐκείνου
2706 4886 3036 4967 πανριάρχου
3089 4886 3264 4965 κυρίου
3322 4891 3518 4962 Λυυκᾶ,
3564 4887 3639 4951 ὡς
3668 4888 3901 4968 αἰσχρὸν

2242 4981 2329 5035 καὶ
2385 4979 2584 5056 ἄσεμον
2649 4975 2744 5035 καὶ
2799 4984 2981 5033 τοῦτον
3008 4975 3099 5032 τὸν
3126 4973 3348 5051 ἕϐδομον
3394 4976 3620 5055 βαθμὸν,
3665 4974 3751 5032 διὰ
3791 4977 3901 5045 τὴν

2244 5074 2350 5124 τῶν
2404 5067 2704 5147 προσώπων
2760 5067 3048 5146 ἐγγύτητα,
3105 5079 3223 5129 τοῖς
3305 5063 3747 5143 ἀπηγορευδένοις
3801 5069 3900 5124 καὶ

2243 5156 2728 5237 ἀποτετραμμένοις
2773 5155 3024 5235 ἐνέκρινε,
3080 5158 3168 5212 καὶ
3222 5160 3323 5223 τῆς
3391 5160 3498 5210 τῶν
3568 5155 3903 5234 Χριστιανῶν

2243 5246 2511 5311 πολιτείας
2570 5246 2834 5322 ἐξέκοψεν,
2905 5242 3337 5313 Ἐπηκολούθησε
3393 5241 3448 5299 δὲ
3517 5251 3586 5320 τῇ
3647 5243 3902 5326 συνοδικῇ

2247 5338 2413 5414 ταύτῃ
2458 5333 2640 5414 πράξει
2693 5338 2782 5393 καὶ
2824 5336 3006 5413 νεαρὸν
3062 5333 3327 5410 Θέσπισμ»
3376 5340 3469 5391 τοῦ
3523 5334 3579 5391 ἐν
3644 5334 3902 5412 βασιλεῦ-

2248 5448 2330 5484 σιν
2371 5424 2609 5502 ἀοιδίμου
2667 5428 2755 5484 καὶ
2797 5426 3335 5506 παρφυρογενηήτομ,
3404 5426 3580 5506 κυρίου
3618 5426 3901 5505 Μανουὴλ,

2246 5518 2336 5574 καὶ
2365 5516 2431 5572 τὰ
2462 5513 2791 5595 ψηφισθέντα
2820 5514 3075 5594 ἐκύρωσεν
3104 5514 3377 5595 ἀσφαλῶς.

1869 5675 2135 5740 VARUE
2159 5672 2592 5744 LEGTIONES.

597 5792 623 5835 ιι
654 5783 899 5848 Scilicet
936 5783 1355 5852 Basilicarum.
