4130 6418
281 358 393 425 941
1638 344 2342 417 θΡιλΕΟΟ-ΒΟΜΑΝΗΜ
3571 352 3692 420 042

370 478 602 550 "Extare
645 490 742 547 οὒκ
799 487 968 569 μέχρι
1027 487 1115 544 καὶ
1171 492 1261 544 νῦν
1323 489 1369 543 οἱ
1430 483 1788 561 κεκωλυμένοι
1843 488 1945 539 τῶν

2110 481 2341 546 Exinde
2362 482 2538 565 igitur
2557 484 2629 547 ad
2654 486 2769 548 hoc
2785 503 2977 568 usque
2994 492 3253 569 tempus,
3284 490 3447 553 vetiti
3471 494 3689 572 gradus

280 577 339 646 ἒξ
385 575 618 654 αἵματος
652 577 872 654 βαθμῶν
925 575 1026 640 ἕως
1080 580 1172 632 τοῦ
1240 571 1496 667 ἑϐδόμουΔ
1536 574 1738 667 βαθμοῦ
1781 593 1945 667 Δκατὲι-

2036 573 2341 667 sanguinis
2383 573 2472 667 ad_
2511 574 2832 667 septimum
2863 576 3110 667 gradum
3133 577 3434 646 desinunt.
3480 584 3690 667 Neque

280 667 568 747 ληγουσιν.
610 663 742 726 Οὐδὲ
784 666 886 746 γὰρ
950 664 1066 722 οἶόν
1124 686 1182 720 τε
1235 665 1349 721 ἔστι
1391 660 1578 721 λαϐεῖν
1632 663 1726 719 τὸν
1777 657 1945 726 δισεξ-

2036 659 2194 754 enim
2230 662 2368 725 licet
2387 661 2629 725 sobrino
2661 662 2888 754 sobrini
2909 666 3199 729 suiﬁliam
3230 657 3688 754 accipere,cum

285 758 511 840 ἀδελφον
580 759 685 828 τὴν
732 764 827 815 τοῦ
889 754 1255 837 δισεξαὸέλφου
1325 760 1484 847 αὐτοῦ
1539 754 1817 847 θυγατέρα,
1864 754 1945 847 ἀντ

2035 748 2321 847 εἰιίηιῄιε
2367 752 2579 847 avster.
2607 752 2776 847 Quod
2808 762 3016 817 natura
3035 755 3264 847 justum
3297 748 3407 842 est,
3440 748 3687 847 decens,

284 839 446 927 εψιάν
515 850 703 907 τούτου
752 847 1144 928 τυγχάνουσαν,
1211 847 1283 904 Τὸ
1354 846 1505 934 φύσει
1586 842 1784 903 δίκαιον
1840 844 1945 934 -καῖ

2036 839 2444 934 ethonestum
2478 843 2646 934 yelut
2674 843 2908 934 frenum
2948 844 3271 926 quoddam,
3315 839 3408 912 lei
3467 839 3718 934 nuptiis~

288 938 549 1019 εὸπρεπὲς
592 936 682 994 καὶ
723 938 942 1012 σεμνὸν,
1018 934 1199 1013 ὥσπερ
1255 934 1375 991 τινὰ
1402 932 1654 1013 χαλινὸν,
1705 933 1734 988 6
1793 930 1951 1006 νόμος

278 1027 406 1092 τοῖς
436 1027 631 1107 γάμοις
659 1024 916 1093 ἐπέθηκεν
954 1044 968 1059 ·
1003 1026 1077 1089 ὡς
1108 1021 1171 1079 ἂν
1200 1023 1387 1081 τούτου
1442 1022 1695 1103 ἐχόμενοι
1741 1024 1788 1078 οἱ
1820 1041 1950 1077 συν-

279 1114 659 1196 αλλάττοντες,
719 1115 821 1191 μὴ,
895 1116 968 1177 ὡς
1021 1110 1195 1175 ἵππος
1253 1113 1339 1168 καὶ
1395 1112 1645 1191 ἡμίονος,
1714 1109 1805 1173 οῖς
1858 1109 1953 1166 οὒκ

279 1202 395 1263 ἔστι
424 1204 650 1278 σύνεσις,
684 1203 771 1261 ἐπὶ
826 1204 888 1260 τὸ
958 1201 1209 1282 συγγενὲς
1265 1200 1643 1282 χρεμετίζωσι.
1708 1200 1787 1258 Τὰ
1830 1198 1951 1274 μέν·

284 1318 371 1353 τοι
442 1294 687 1351 ἐπέκεινα
755 1300 846 1351 τοῦ
917 1290 1139 1369 ἑϐδόμου
1188 1292 1376 1350 τούτου
1433 1292 1640 1367 βαθμοῦ
1692 1289 1952 1368 πρόσωπα

281 1382 572 1448 ἀκωλύτως
667 1382 966 1441 ἐλεύσονται
1041 1365 1188 1463 *πρὸς
1303 1365 1491 1460 γάμων
1539 1365 1545 1367 ⁷
1590 1365 1976 1457 συναρμογήνζ

281 1475 374 1540 Εἰς
417 1475 517 1554 γὰρ
547 1473 646 1541 τὴν
699 1471 751 1539 ἐξ
803 1470 1036 1548 αἵματος
1099 1492 1430 1549 συγγένειαν,
1474 1472 1548 1534 ὡς
1612 1468 1948 1547 προέκκειται

279 1566 311 1622 ὁ
354 1561 578 1640 ἕϐδομος
606 1564 805 1641 βαθμὸς
861 1566 961 1629 της
1010 1568 1117 1619 τῶν
1173 1560 1364 1639 γάμων
1434 1559 1712 1622 κοινωνίας
1767 1556 1946 1615 κωλυ-

278 1656 430 1711 τικὸν
457 1651 599 1733 ὅριον
627 1651 852 1733 πέφηνε,
890 1652 967 1710 Τὰ
997 1652 1096 1727 μὲν
1141 1649 1231 1707 οὖν
1292 1649 1410 1716 περὶ
1464 1654 1565 1716 τῆς
1609 1647 1670 1705 ἐκ
1716 1645 1946 1711 αἵματος

278 1743 605 1824 συγγενείας,
640 1742 695 1799 ἐν
742 1743 967 1806 τούτοις.
1007 1738 1157 1799 Ἐπεὶ
1199 1736 1254 1794 δὲ
1283 1741 1372 1795 καὶ
1396 1740 1432 1807 ἡ
1489 1736 1770 1818 ἀρχιστεία
1811 1738 1945 1793 κατὰ

2031 928 2400 1024 adhibuit;nt
2432 931 2784 1024 hisdetenti
2814 935 3384 1024 contrahentes,non
3412 947 3477 1001 ut
3501 928 3692 1024 equus

2032 1028 2132 1080 aut
2163 1020 2380 1101 mulus,
2417 1021 2634 1102 quibus
2680 1040 2798 1084 non
2858 1030 2951 1084 est
2998 1023 3362 1106 intellectus,
3394 1029 3469 1091 ad
3500 1020 3688 1109 genus

2033 1125 2206 1169 suum
2233 1109 2528 1173 hinniant.
2564 1110 2707 1183 Quae
2746 1129 2890 1174 vero
2933 1112 3223 1195 deinceps
3254 1135 3526 1198 personae
3553 1128 3692 1185 sunt

2034 1204 2167 1277 post
2197 1199 2516 1280 septimum
2540 1201 2698 1263 hunc
2727 1200 2998 1280 gradum,
3032 1205 3160 1267 sine
3184 1206 3585 1287 prohibitione
3612 1210 3689 1274 ad

2033 1287 2371 1378 nuptiarum
2404 1290 2674 1370 copulam
2709 1290 3062 1372 procedent.
3097 1294 3247 1356 Nam
3279 1295 3351 1357 ad
3382 1300 3691 1378 sanguinis

2033 1377 2443 1469 cognationem
2455 1380 2541 1459 (ut
2561 1380 2836 1461 superius
2861 1380 3114 1462 positum
3132 1377 3542 1465 est)septimus
3560 1407 3690 1469 gra-

2031 1463 2143 1526 dus
2191 1466 2531 1547 nuptiarum
2584 1469 2888 1534 societatis
2940 1463 3367 1537 prohibitorius
3397 1463 3691 1541 terminus

2030 1554 2403 1633 apparuit.Et
2424 1557 2551 1620 haec
2568 1558 2643 1620 de
2676 1558 2982 1638 sanguinis
3012 1560 3688 1640 cognatione.Quoniam

2031 1652 2227 1706 autem
2261 1653 2320 1706 et
2346 1645 2605 1738 afﬁnitas,
2614 1648 2783 1728 juxta
2804 1647 3055 1728 legalem
3087 1650 3509 1733 disciplinamc,
3545 1674 3685 1738 per-

2030 1751 2306 1825 sonarum
2326 1737 2679 1825 pernuptias
2702 1738 3155 1818 conjunctarum
3182 1742 3686 1825 propinquitatem

439 1811 666 1908 νομικὴν
733 1828 1002 1910 ἀκρίϐειαν
1086 1827 1389 1908 προσώπων
1445 1811 1599 1902 ἡμὶν-
1638 1826 1944 1893 οἰκειότητα

2030 1822 2159 1884 sine
2190 1811 2547 1902 cognatione
2571 1811 3075 1909 conciliat,neque
3108 1811 3263 1891 hanc
3293 1811 3438 1894 “sine
3464 1834 3683 1898 deﬁni-

282 1922 523 1999 ἐμποιεῖ,
557 1920 619 1978 ἐκ
645 1922 832 2000 γάμων
875 1917 1224 1994 σῦνημμένων
1274 1916 1393 1976 ἄνευ
1453 1914 1787 1995 συγγενείας,
1825 1915 1943 1971 οὐδὲ

279 2013 486 2080 ταύτην
506 2013 566 2067 τὸ
619 2010 924 2085 τοῦ¹νόμου
968 2004 1178 2088 ἀκριϐὲς
1253 2004 1455 2087 ἀφῆκεν
1512 2006 1780 2085 ἀόριστον.
1817 2012 1938 2071 Φη-

280 2103 335 2158 σὶ
375 2102 475 2180 γὰρ
505 2100 561 2180 ἐν
591 2089 647 2179 γ’
687 2097 959 2180 κεφαλαιῳ
1027 2105 1118 2156 τοῦ
1171 2095 1659 2175 ἀναπεφωνημένου
1691 2092 1736 2151 ε’
1766 2093 1941 2151 τίτλου

283 2179 397 2247 τοῦν
447 2179 545 2257 κη’
600 2186 827 2269 βιϐλίου,
885 2193 1048 2244 ταῦτα
1085 2204 1099 2218 ⁸
1164 2186 1392 2264 Πενθερὰ
1455 2184 1597 2241 ἐστὶν
1652 2186 1686 2252 ἡ
1737 2186 1941 2273 μήτηρ²

280 2282 372 2338 καὶ
397 2283 432 2350 ἡ
465 2280 691 2356 μάμμη,
751 2281 840 2337 καὶ
893 2280 929 2347 ἡ
990 2276 1295 2357 προμάμμη
1353 2280 1450 2342 τῆς
1510 2280 1755 2354 γαμετῆς
1816 2297 1942 2354 μου,

279 2371 370 2426 καὶ
427 2367 671 2445 οὐδεμίαν
735 2369 908 2426 αὐτῶν
964 2364 1244 2443 λαμϐάνω.
1329 2364 1426 2423 Καὶ
1494 2364 1672 2446 νύμφη
1730 2363 1943 2441 λέγεται

284 2461 322 2528 ἡ
363 2468 457 2518 τοῦ
513 2461 648 2531 υἱοῦ,
707 2459 797 2514 καὶ
866 2467 960 2517 τοῦ
1013 2455 1252 2534 ἐκγόνου,
1314 2455 1404 2511 καὶ
1458 2462 1552 2512 τοῦ
1615 2455 1942 2533 προεκγόνου

280 2550 493 2629 γαμετή
529 2566 548 2585 ⁸
580 2549 668 2605 καὶ
695 2548 932 2627 προγόνη
993 2544 1206 2624 λέγεται
1253 2545 1288 2612 ἡ
1357 2542 1409 2609 ἒξ
1469 2539 1632 2602 ὀίλλου
1684 2543 1940 2621 θυγάτηρ,

282 2642 375 2696 καὶ
403 2637 623 2718 ἐκγόνη,
683 2638 771 2693 καὶ
835 2635 1140 2715 προεκγόνη
1202 2632 1299 2701 τῆς
1349 2632 1591 2711 γαμετῆς
1654 2654 1757 2708 μου
1790 2650 1807 2667 ·
1857 2633 1946 2689 καὶ

280 2725 526 2803 οὐδεμίαν
558 2726 730 2784 αὐτῶν
758 2722 1037 2801 λαμϐάνω,
1102 2724 1178 2782 Τὰ
1224 2731 1441 2781 τοιαῦτα
1502 2728 1628 2801 γοῦν
1684 2722 1945 2799 πρόσωπα

284 2817 521 2896 τετάρτῳ
565 2812 1069 2893 περιλαμϐανόμενα
1124 2812 1313 2890 βαθμῷ
1347 2809 1457 2896 ’τὸν
1500 2811 1670 2889 γάμον
1729 2808 1936 2891 ἔχουσι,

286 2889 427 2965 κατᾶ
454 2889 555 2973 τὴν
615 2889 824 2982 νεαρὰν,
873 2889 1284 2982 ἀσυγχώρητον.
1347 2889 1565 2979 υΩσπερ
1616 2897 1671 2956 δὲ
1726 2889 1796 2955 ἐν-
1825 2889 1943 2962 τοῖς

284 2992 338 3061 ἐξ
390 2994 622 3071 αἵματος
679 2994 906 3070 βαθμοῖς
958 2993 987 3047 6
1042 2987 1265 3066 ἕϐδομος
1335 2989 1532 3068 ραθμὸς
1594 2987 1691 3070 (ὡς
1748 2986 1943 3046 ἄνωθεν

2026 1909 2189 1974 tione
2201 1912 2443 1994 reliquit
2464 1924 2671 1978 exacta
2689 1917 2837 1997 legis
2863 1917 3472 1998 disciplina.Aitenim
3495 1922 3559 1986 in
3577 1923 3613 1990 3
3628 1945 3684 1990 c.

2028 2002 2293 2080 praedicti
2310 2008 2347 2065 5
2363 2003 2516 2066 tituli
2542 2006 2923 2087 281ibriquae
2951 2016 3289 2088 sequuntur
3314 2031 3329 2070 :
3356 2009 3576 2076 Socrus
3597 2023 3687 2078 est

2026 2098 2239 2166 mater,
2273 2101 2334 2153 et
2363 2094 2511 2175 avia,
2536 2103 2595 2156 et
2625 2096 2862 2176 proavia
2893 2097 3097 2186 uxoris
3121 2116 3316 2162 meae:
3343 2101 3686 2186 nullamque

2032 2198 2235 2241 earum
2264 2182 2595 2264 accipio.Et
2629 2203 2815 2247 nurus
2845 2184 3065 2246 dicitur
3096 2186 3226 2264 ﬁlii,
3261 2196 3318 2250 et
3343 2182 3607 2272 nepotis,
3628 2201 3688 2257 et

2031 2272 2376 2363 pronepotis
2411 2291 2581 2349 uxor,
2614 2275 2685 2334 Et
2700 2273 3430 2355 privignadicitur,exalio
3444 2298 3688 2363 suscep-

2031 2368 2088 2419 ta
2102 2359 2659 2444 ﬁlia,neptisque,et
2678 2359 3685 2444 proneptisuxorismeaazetnullain

2028 2465 2230 2509 earum
2251 2468 2497 2513 uxorem
2520 2452 2777 2533 accipio.
2795 2451 2969 2514 Tales
2989 2454 3167 2532 igitur
3183 2474 3458 2537 persona;
3474 2468 3684 2541 quarto

2027 2537 2211 2615 gradu
2238 2544 2711 2621 comprehensae,
2747 2562 2867 2620 non
2900 2542 3124 2606 habent
3162 2546 3330 2626 juxta
3376 2537 3683 2613 Nov—etlam

2027 2627 2262 2707 nuptias
2291 2630 2637 2709 permissas.
2673 2630 3191 2704 Quemadmodum
3237 2644 3434 2698 autem
3458 2637 3519 2699 in
3541 2656 3686 2702 san-

2025 2714 2226 2791 guinis
2257 2717 2546 2794 gradibus
2577 2721 2992 2801 septimus,(ut
3022 2722 3301 2803 superius
3330 2724 3553 2788 dictum
3573 2734 3681 2805 est)

2026 2811 2267 2885 propter
2288 2806 2572 2869 decorum
2589 2818 2645 2869 et
2661 2810 3313 2886 honestatem,tandem
3332 2815 3555 2878 vetitus
3570 2826 3680 2881 est:

2026 2892 2200 2987 sicin
2231 2894 2526 2975 gradibus
2552 2898 2882 2975 afﬁnitatis,
2920 2900 3161 2981 quintus
3214 2909 3273 2964 et
3321 2911 3522 2966 sextus
3552 2914 3688 2987 post

2028 2983 2155 3045 haec
2171 3002 2203 3045 a
2224 2993 2426 3047 sancto
2451 2987 2785 3068 patriarcha
2802 2988 3066 3052 Sisinnio
3085 3008 3353 3053 censurae
3380 2983 3686 3074 subjectus

284 3082 517 3164 εἴρηται)
570 3080 655 3139 διὰ
708 3081 772 3138 τὸ
866 3080 1119 3161 εὐπρεπὲς
1189 3080 1279 3136 καὶ
1362 3078 1557 3153 σεμνὸν
1648 3076 1945 3135 κεκώλυται

2034 3080 2124 3164 est
2149 3092 2162 3132 :
2185 3082 2248 3135 ut
2267 3084 2472 3154 aperte
2501 3076 2836 3140 declaratur
2856 3079 2915 3140 in
2938 3079 3067 3159 ejus
3091 3079 3585 3164 decisioned,quaa
3610 3085 3687 3149 de

286 3174 502 3252 ὕστερον
539 3190 553 3205 ⁶
587 3171 727 3231 οὕτω
752 3173 841 3230 καὶ
911 3172 965 3228 ἐν
1017 3184 1135 3235 τοῖς
1193 3167 1245 3235 ἐξ
1299 3168 1611 3249 ἀρχιστείας
1640 3171 1668 3225 6
1696 3168 1946 3245 πέμπτος

284 3265 376 3322 καὶ
416 3265 445 3320 6
473 3261 627 3327 ἕκτος
655 3262 792 3338 μετὰ
863 3270 1027 3320 ταῦτα
1080 3258 1225 3339 παρὰ
1278 3258 1370 3313 τοῦ
1423 3255 1478 3313 ἐν
1538 3256 1706 3336 ἁγίοις
1757 3277 1948 3334 πατρι-

287 3355 460 3434 άρχου
533 3352 793 3409 Σισιννίου
850 3349 1150 3434 ἐπετιμήθη
1183 3363 1199 3379 ⁹
1262 3346 1351 3403 καὶ
1404 3343 1658 3413 δηλοῦται
1713 3346 1780 3402 τὰ
1832 3352 1952 3422 περὶ

285 3433 486 3502 τούτων
515 3445 717 3520 τρανῶς
774 3443 836 3497 ἐκ
888 3445 968 3513 τῷ
1025 3433 1150 3515 παρ’
1210 3434 1368 3493 αὒτοῦ
1436 3434 1690 3492 ἐντεθέντι
1744 3435 1896 3509 τόμῳ
1924 3451 1937 3466 ⁸

285 3534 375 3591 καὶ
429 3530 568 3589 οὕτω
637 3528 801 3608 μέχρι
859 3534 954 3585 τοῦ
1009 3526 1163 3583 ἕκτου
1216 3526 1419 3602 βαθμοῦ
1490 3526 1538 3581 οἱ
1585 3523 1943 3600 κεκωλυμένοι

264 3628 391 3683 .τῶν
456 3618 509 3686 ἐξ
584 3618 897 3700 ἀγχιστείας
987 3616 1175 3695 γάμων
1260 3610 1775 3688 καταλαμϐάνονται,
1842 3612 1943 3669 Δύο

281 3713 384 3791 γὰρ
412 3709 669 3791 ἀδελφοὺς
717 3706 807 3766 δύο
863 3707 1078 3787 πρώτας
1131 3702 1437 3791 ἐξαδέλφας,
1484 3702 1522 3770 ἢ
1579 3704 1641 3791 το
1684 3700 1945 3791 άνάπαλιν

286 3789 378 3859 δύο
434 3789 674 3879 πρώτους
754 3794 1064 3877 ἐξαδέλφους
1149 3791 1238 3849 δύο
1322 3790 1548 3870 ἀδελφὰς
1619 3789 1834 3879 λαϐεῖν,
1872 3793 1944 3879 εἷς

285 3876 488 3971 γάμον,
535 3886 811 3947 ἀδύνατον.
886 3876 961 3945 Οἱί
1007 3885 1105 3942 πὲν
1171 3883 1282 3971 γὰρ,
1341 3879 1431 3936 δύο
1466 3887 1685 3971 Δ-ιΞρᾷυι-οι
1730 3876 1943 3971 ἐξάδελ-

280 3966 395 4063 ιροι,
423 3966 676 4058 τετάρτου
720 3978 816 4034 εἰσὶ
850 3976 1053 4053 βαθμοῦ
1093 3992 1108 4008 ⁸
1144 3974 1191 4029 οἱ
1233 3969 1288 4027 δέ
1340 3991 1402 4049 γε
1461 3966 1549 4025 διῖο
1605 3967 1940 4063 αὐτάδελφοι,

280 4059 548 4148 δευτέρου.
620 4068 710 4123 καὶ
794 4063 880 4122 διὰ
971 4064 1070 4131 τὴν
1149 4064 1254 4118 τῶν
1324 4063 1620 4139 προσώπων
1681 4059 1945 4138 ἐγγύτητα

282 4156 513 4220 οὒδόλως
551 4157 683 4236 πρὸς
745 4154 921 4232 γάμου
998 4152 1248 4233 ἔρχεσθαι
1296 4148 1569 4206 κοινωνίαν
1625 4150 1941 4230 συνεχωρή-

283 4252 475 4315 θησαν.
510 4245 608 4304 Ἐκ
674 4245 774 4323 γὰρ
842 4241 932 4300 δύο
984 4241 1252 4320 τεσσάρων
1324 4237 1474 4304 ἕκτος
1546 4238 1745 4315 βαθμὸς
1800 4260 1938 4313 συμ-

285 4337 611 4416 περαίνεται,
657 4334 746 4391 καὶ
800 4332 862 4389 τὺ
920 4328 1184 4388 ἀνάπαλιν
1218 4346 1233 4362 ’
1301 4328 1390 4384 καὶ
1435 4325 1521 4383 διὰ
1576 4333 1731 4384 τοῦτο
1773 4327 1941 4383 κεκώ-

287 4424 441 4482 λυται
473 4442 490 4461 ο
523 4423 769 4486 ὥσούτως
799 4421 887 4478 καὶ
913 4423 1059 4484 θεῖος
1087 4420 1175 4475 καὶ
1216 4417 1433 4494 ἀνεψιὸς
1480 4417 1610 4496 πρὸς
1641 4415 1731 4473 δύο
1762 4415 1941 4496 ἐτέρου

2033 3161 2126 3222 his
2146 3164 2411 3252 exposita
2436 3168 2753 3248 est.Atque
2770 3167 2851 3229 ita
2876 3168 2948 3229 ad
2973 3174 3200 3230 sextum
3227 3188 3415 3250 usque
3432 3161 3683 3252 gradum

2034 3251 2344 3329 prohibita;
2382 3253 2541 3316 inter
2565 3256 2774 3319 afﬁnes
2824 3258 3046 3339 nuptiae
3087 3251 3679 3340 conprehenduntur.

2034 3340 2266 3402 Etenim
2298 3343 2429 3405 ﬁeri
2461 3363 2579 3406 non
2606 3353 2892 3426 potest,ut
2922 3347 3039 3408 duo
3071 3348 3281 3411 fratres
3304 3350 3451 3413 duas
3474 3370 3682 3415 conso-

2036 3430 2373 3502 brinas,aut
2402 3433 2526 3494 vice
2554 3453 2726 3496 versa
2756 3436 2875 3497 duo
2898 3436 3246 3501 consobrini
3267 3438 3415 3502 duas
3442 3459 3680 3506 sorores

2028 3539 2245 3581 uxores
2272 3521 2664 3585 ducant.Nam
2693 3525 3035 3588 consobrini
3059 3536 3196 3588 sunt
3217 3530 3409 3609 quarti
3438 3533 3679 3611 gradus,

2027 3611 2293 3687 germani
2318 3620 2517 3673 autem
2545 3664 2557 3687 ,
2595 3614 2886 3675 secundi:
2917 3623 2975 3677 et
3017 3625 3259 3696 propter
3290 3636 3681 3698 personarum

2030 3698 2529 3780 propinquitatem
2545 3704 2616 3765 ad
2641 3703 2976 3783 nuptiarum
2998 3704 3342 3767 societatem
3364 3708 3569 3770 venire
3585 3729 3686 3773 ne-

2028 3805 2321 3867 quaquam
2353 3792 2630 3870 permissi
2648 3792 2860 3854 sunt.E
2883 3792 3119 3855 duobus
3143 3795 3303 3855 enim
3327 3805 3387 3856 et
3406 3805 3678 3877 quatuor,

2027 3884 2224 3937 sextus
2247 3878 2463 3955 gradus
2491 3880 2871 3962 terminatur,
2908 3893 2966 3944 et
2989 3901 3021 3944 e
3046 3901 3376 3946 converso:
3405 3885 3480 3946 ob
3522 3905 3682 3949 eam-

2025 3982 2141 4045 que
2162 3984 2401 4029 causam
2432 3970 2647 4031 vetitus
2684 3979 2797 4032 est.
2832 3970 3174 4052 Eodemque
3215 3974 3391 4036 modo
3444 3984 3684 4054 patruus

2027 4072 2129 4113 seu
2151 4058 2496 4130 avunculus,
2531 4068 2591 4120 et
2615 4058 2813 4121 fratris
2859 4061 3155 4123 sororisve
3192 4061 3373 4143 ﬁlius,
3411 4083 3546 4125 cum
3579 4083 3684 4128 so-

2023 4146 2266 4207 roribus
2287 4147 2535 4209 alterius
2566 4150 2938 4228 cognationis
2966 4151 3418 4214 econnubialem
3446 4163 3683 4217 contra-

2025 4248 2181 4299 ctum
2206 4237 2361 4298 inire
2381 4237 2882 4318 prohibentur.Ex
2907 4240 3000 4301 his
3025 4240 3184 4302 enim
3210 4241 3483 4321 personis
3504 4243 3681 4324 quin-

2025 4333 2119 4388 tus
2167 4327 2383 4407 gradus
2438 4327 2769 4388 conﬁcitur.
2819 4330 2967 4392 Nam
3026 4336 3269 4409 patruus
3329 4350 3435 4393 seu
3494 4351 3682 4396 avun-

2026 4415 2195 4478 culus
2222 4415 2298 4477 ad
2337 4415 2534 4476 fratris
2578 4417 2874 4480 sororisve
2905 4418 3116 4489 ﬁlium,
3143 4419 3386 4482 tertium
3417 4423 3666 4498 gradum

286 4514 472 4595 γένους
543 4481 869 4592 αὔταδέλφας
969 4481 1201 4589 γαμικὸν
1298 4481 1543 4579 summa;
1598 4481 1944 4584 συναλλαγμα

2030 4503 2257 4567 obtinet
2279 4523 2294 4567 :
2314 4504 2446 4567 dum
2465 4513 2661 4567 autem
2682 4525 2922 4570 sorores
2960 4516 3034 4569 ad
3067 4527 3133 4570 se
3163 4481 3678 4585 invicemjsecun-

287 4593 607 4662 κωλύονται.
668 4601 919 4678 Πέμπτος
973 4600 1074 4681 γὰρ
1129 4598 1192 4655 ἐκ
1244 4597 1446 4655 τούτων
1487 4596 1593 4653 τῶν
1645 4595 1945 4674 προσώπων

2030 4593 2301 4658 dum.Sic
2323 4596 2502 4673 igitur
2524 4594 2657 4657 etin
2687 4596 3036 4675 cognatione
3059 4596 3383 4673 afﬁnitatis,
3403 4599 3474 4661 ad
3499 4600 3684 4680 quin-

286 4693 492 4771 βαθμὸς
563 4676 868 4769 συνάγεται.
955 4676 1015 4747 ’ὁ
1047 4676 1173 4765 ⁷μὲν
1269 4686 1370 4766 γὰρ
1439 4688 1586 4750 θεῖος
1655 4684 1785 4763 πρὸς
1854 4682 1945 4740 τὸν

2030 4691 2156 4745 tum
2187 4691 2500 4765 sxtumque
2544 4684 2790 4764 gradum
2847 4685 3490 4767 usque,prohibitorius
3517 4676 3691 4751 stetit

287 4782 509 4857 ἀνεψιὸν
564 4782 736 4861 τρίτον
809 4778 998 4859 ἐπέχει
1067 4775 1292 4854 βαθμόν,
1337 4777 1399 4831 Αἱ
1452 4772 1508 4830 δέ
1570 4795 1632 4853 γε
1688 4771 1776 4829 δύο
1817 4772 1945 4861 αὖ·ιεῖ¹

2031 4772 2355 4861 terminus.
2400 4776 2686 4836 Caeterum
2726 4773 2880 4837 alius
2938 4774 3115 4837 etiam
3153 4782 3246 4837 est
3288 4794 3361 4837 ex
3408 4777 3689 4841 afﬁnitate

286 4852 531 4952 ἀδελφαι,
589 4852 720 4949 πρὸς
776 4852 1017 4938 ἀλλήλας
1069 4852 1361 4941 ήδεύτερυν.
1445 4861 1597 4952 Οἷίτω
1637 4862 1809 4952 τοίνυν
1862 4852 1945 4918 καὶ

2032 4861 2275 4941 gradus,
2309 4860 2481 4923 aliter
2533 4862 2820 4925 collectus
2865 4881 3092 4945 :quem
3140 4864 3501 4944 permissum
3555 4884 3690 4930 esse

290 4961 367 5025 εἰς
431 4949 539 5026 *τὴν
595 4956 966 5038 ἐξαγχιστείας
1061 4951 1364 5033 συγγένειαν
1448 4950 1610 5031 μέχρι
1704 4949 1950 5026 πέμπτου

284 5052 378 5108 καὶ
433 5047 590 5105 ἕκτου
647 5048 851 5125 βαθμοῦ
958 5045 1020 5103 τὸ
1115 5041 1413 5100 κωλυτικὸν
1503 5040 1647 5119 ὅριον
1701 5039 1947 5107 ἔστηκεν.

294 5128 463 5197 ’Ἐστι
494 5135 549 5195 δὲ
618 5138 707 5194 καὶ
792 5134 970 5215 ἕτερος
1022 5132 1176 5197 ἕκτος
1253 5132 1455 5208 βαθμὸς
1526 5128 1578 5196 ἐξ
1646 5130 1953 5211 ἆρχιστείας

290 5227 471 5292 ἄλλως
508 5225 865 5305 συναγόμενος
898 5240 914 5257 ·
989 5221 1050 5279 ὅν
1090 5219 1361 5279 ἀκώλυτον
1420 5219 1563 5277 εἶναι
1620 5219 1952 5275 παντάπασιν

290 5316 330 5386 ἦ
355 5338 417 5375 τε
439 5324 532 5374 τοῦ
587 5313 835 5396 ῥηθέντος
878 5313 1042 5390 νόμου
1084 5310 1289 5384 σιωπὴ,
1351 5310 1412 5366 οὐ
1470 5309 1632 5385 μόνον
1706 5305 1785 5387 δὲ,
1816 5305 1955 5396 am

289 5409 382 5467 καὶ
444 5395 777 5481 θεσπίσματα
884 5400 1159 5484 βασιλικὰ,
1219 5400 1307 5460 καὶ
1394 5396 1605 5478 πράξεις
1691 5395 1956 5455 συνοδικαὶ

2035 4952 2199 5012 omni
2232 4951 2433 5032 modo,
2459 4969 2577 5013 non
2594 4958 2820 5014 tantum
2854 4954 3152 5035 praedictae
3183 4954 3330 5034 legis
3359 4953 3685 5037 silentium,

2034 5041 2138 5103 sed
2173 5047 2232 5101 et
2252 5040 2709 5103 constitutiones
2739 5040 3508 5123 imperatoriae,etactiones
3523 5062 3690 5126 syno-

2036 5130 2200 5192 dales
2233 5142 2437 5191 notum
2474 5131 2754 5193 omnibus
2786 5131 3077 5195 fecerunt.
3111 5134 3363 5196 Patruus
3393 5140 3550 5196 enim
3582 5153 3692 5201 seu

2036 5219 2669 5301 avunculus,etfratris
2691 5220 2988 5284 sororisve
3016 5221 3377 5299 ﬁlius,tertio
3401 5222 3689 5288 exsisten-

2040 5317 2126 5372 tes
2156 5308 2506 5390 gradu,cum
2551 5308 2733 5372 amita
2760 5320 3180 5393 materterave,
3207 5321 3266 5376 et
3310 5311 3508 5374 fratris
3526 5331 3693 5376 soro-

2034 5398 2194 5462 risve
2215 5398 2337 5460 ﬁlia
2363 5416 2469 5479 per
2498 5399 2738 5480 nuptias
2776 5401 3058 5482 copulati,
3094 5419 3468 5483 nequaquam
3498 5403 3692 5484 poenis

1618 5565 1871 5632 VARle
1917 5566 2365 5633 LECTIONES.

430 5694 853 5762 subtilitatem.
884 5703 911 5746 ει
941 5698 1194 5779 scripto,
1226 5688 1405 5771 quod.
1438 5712 1460 5740 ο
1488 5689 1749 5769 generis.
