4130 6424
457 349 575 418 943

1837 363 1870 424 J
1877 362 1970 426 US
2010 358 2458 428 CANONIGUM

3721 358 3849 425 944

455 477 700 556 obnoxii
721 502 879 574 sunt;
896 511 1016 556 non
1037 493 1198 557 enim
1218 495 1779 575 judicaturillicitus
1801 497 2102 578 hujusmo-

2195 501 2354 551 πᾶσιν
2413 495 2722 576 ἐγνώρισαν.
2798 504 2955 560 Θετος
3023 497 3122 576 γὰρ
3219 498 3307 553 καὶ
3361 495 3599 575 ἀνεψιὸς,
3669 495 3854 572 τρίτου

462 582 529 644 di
568 591 927 659 contractus,
969 585 1126 665 quod
1157 585 1230 646 ad
1275 593 1506 647 sextum
1554 586 1799 663 gradum
1852 584 2112 649 externis

462 673 819 753 porrigatur.
845 673 1052 755 Neque
1079 675 1290 736 eadem
1320 675 1566 736 fratrum
1599 675 2111 757 proximitas,qu£e

465 763 658 840 palmi
711 764 1060 826 avunculive
1109 783 1243 826 cum
1295 764 1490 826 fratris
1539 766 1832 826 sororisve
1873 765 2018 839 filio,
2054 772 2112 825 et

460 853 802 915 consobrini
839 853 1216 934 aliorumque
1255 863 1663 933 cognatorum.
1711 852 1826 917 Sed
1885 875 1958 914 ex
1990 872 2110 915 uno

455 941 698 1022 quidem
729 943 889 1004 fonte
921 941 1101 1022 primi
1120 943 1407 1022 genitoris
1442 943 1796 1024 procedunt,
1826 943 2105 1023 paulatim

453 1039 650 1092 autem
700 1030 773 1092 ab
819 1030 1070 1092 invicem
1109 1033 1484 1111 elongantur,
1533 1031 1715 1094 veluti
1746 1033 1805 1092 in
1843 1032 2106 1093 diversos

451 1119 624 1182 scissi
678 1119 922 1182 rivulos.
975 1119 1078 1181 Est
1109 1126 1167 1181 et
1196 1121 1311 1181 alia
1341 1119 1579 1199 species
1629 1121 1998 1200 cognationis
2031 1138 2103 1182 ex

453 1208 761 1291 afﬁnitate,
794 1226 926 1290 quae
956 1209 1238 1287 gradibus
1297 1210 1537 1290 quidem
1587 1228 1704 1271 non
1742 1210 2104 1285 continetur,

453 1307 772 1379 propterea
805 1297 960 1378 quod
993 1298 1171 1358 trium
1205 1316 1491 1377 generum
1510 1298 2104 1379 habetcomplexum.

454 1387 893 1449 Prohibitarum
913 1396 1107 1448 autem
1134 1405 1523 1466 personarum
1549 1396 1777 1448 tantum
1806 1389 1897 1448 lex
1916 1389 2113 1450 nomi-

457 1476 642 1537 natim
661 1476 1030 1538 mentionem
1060 1476 1630 1557 faciens,sequentes
1661 1485 1825 1538 extra
1846 1477 2106 1557 prohibi-

452 1565 675 1626 tionem
707 1573 766 1627 et
791 1564 1230 1627 accusationem
1265 1565 1418 1626 sivit.
1458 1565 1692 1628 Etenim
1716 1569 1749 1630 4
1776 1585 1830 1626 c.
1865 1566 2106 1634 5,tit.?8

453 1653 560 1716 lib.
592 1655 677 1715 sic
701 1653 781 1716 ait
805 1654 876 1716 ad
910 1653 1154 1715 verbum
1183 1671 1196 1715 :
1234 1653 1439 1735 Neque
1471 1672 1626 1729 eam,
1652 1673 1782 1735 quae
1814 1653 1923 1715 fuit
1962 1674 2111 1716 uxor

2193 581 2338 650 ὄντες
2369 585 2593 662 βαθμοῦ,
2644 586 2754 658 θείᾳ
2797 587 2883 641 καὶ
2952 584 3144 660 ἆνεψιᾷ
3197 583 3252 650 εξ
3309 583 3487 662 ἑτέρου
3540 583 3723 662 γένους
3751 583 3847 639 τὸν

2192 675 2350 732 αὐτὸν
2398 673 2650 754 ἐχούσαις
2721 675 2924 750 βαθμὸν
2985 673 3230 752 γαμικῶς
3304 673 3712 748 συναπτόμενοι,
3746 671 3848 727 οὗὲ

2192 759 2359 826 δόλως
2417 763 2786 840 ἐπιτιμῶνται.
2846 761 2976 821 Οὒδὲ
3017 765 3117 844 γὰρ
3188 761 3435 839 ἀθέμιτον
3487 764 3548 818 τὸ
3605 770 3849 820 τοιοῦτον

2195 851 2539 931 συνάλλαγμα
2599 853 2851 933 κρίνεται,
2895 854 2968 916 ὡς
3027 865 3108 916 ετς
3137 852 3290 910 ἕκτον
3319 852 3518 930 βαθμὸν
3569 851 3628 907 ἐκ
3655 855 3849 930 ⁴’τριῶν

2190 943 2278 997 καὶ
2321 948 2478 1020 τριῶν
2541 941 2890 1021 ἀναγόμενον.
2937 939 3064 1000 Οὐδὲ
3123 943 3222 1021 γὰρ
3251 943 3286 1009 ἡ
3344 939 3477 1008 αύτὴ
3519 943 3624 996 τῶν
3679 936 3847 994 ἀδελ-

2191 1036 2298 1110 γῶν
2328 1031 2556 1108 ὶγγύτης
2585 1033 2734 1099 καὶὴ
2777 1040 2868 1089 τοῦ
2931 1030 3069 1086 θείου
3121 1032 3253 1110 πρὸς
3295 1031 3386 1086 τὸν
3454 1029 3694 1104 ἀνεψιὸν,
3755 1029 3850 1084 καὶ

2190 1121 2225 1187 ἡ
2268 1129 2359 1178 τοῦ
2388 1118 2664 1200 ἑξαδέλφου
2723 1121 2809 1176 καὶ
2851 1121 2956 1176 τῶν
3001 1117 3175 1175 ἄλλων
3219 1123 3487 1197 συγγενῶν
3535 1134 3548 1148 ’
3586 1117 3709 1198 ἀλλ,
3785 1116 3850 1174 ἐκ

2191 1209 2289 1285 μὲν
2319 1214 2503 1288 πηγῆς
2549 1215 2672 1284 μιᾶς
2703 1218 2795 1266 τοῦ
2851 1209 3060 1288 πρώτου
3116 1209 3434 1287 γεννήτορος
3508 1205 3843 1287 ἐξέρχονται,

2189 1300 2326 1355 κατὰ
2385 1300 2573 1376 μικρὸν
2643 1296 2696 1353 δὲ
2754 1296 3006 1367 ἀλλήλων
3064 1297 3437 1378 μακρύνουσιν,
3523 1295 3701 1376 ὥσπερ
3770 1297 3848 1359 εἷς

2188 1387 2465 1468 διαφόρους
2562 1389 2870 1468 σχιζόμενοι
2929 1388 3148 1465 ῥύακας,
3210 1377 3373 1444 ’Ἐστι
3422 1377 3516 1442 δὲ
3570 1387 3658 1442 καὶ
3711 1383 3849 1441 ἄλλο

2190 1476 2336 1541 εἶδος
2405 1477 2707 1555 συγγενείας
2766 1475 2826 1532 ἐκ
2880 1476 3214 1556 ἀγχιστείας,
3311 1474 3440 1554 ὅπερ
3483 1476 3711 1551 βαθμοῖς
3743 1474 3844 1550 μὲν

2190 1564 2430 1642 ούδαμῶς
2456 1564 2786 1645 περιέχεται,
2838 1563 2924 1621 διὰ
2976 1567 3036 1620 τὸ
3093 1563 3405 1640 συμπλοκὴν
3476 1570 3634 1643 τριῶν
3693 1561 3845 1642 ἔχειν

2191 1661 2358 1734 γενῶν
2393 1672 2406 1686 ·
2473 1653 2854 1721 κεκωλυμένων
2927 1651 2982 1708 δὲ
3032 1655 3206 1729 μόνων
3291 1653 3589 1733 προσώπων
3659 1652 3838 1729 ῥητῶς

451 1743 700 1824 privigni
731 1743 872 1817 mei,
903 1742 1154 1822 accipio,
1188 1762 1384 1824 neque
1412 1759 1666 1805 noverca
1695 1743 1884 1804 virum
1911 1763 2102 1824 quon-

2192 1748 2220 1801 ὁ
2249 1746 2410 1820 νόμος
2465 1745 2736 1820 μνησθεὶς,
2792 1744 2858 1800 τὰ
2917 1741 3034 1811 ἐξῆς
3086 1743 3334 1799 ἀκώλυτα
3534 1740 3846 1819 ἀκέγκλητα

447 1822 584 1894 dam
612 1822 738 1893 suae
769 1831 1047 1912 privignae
1069 1879 1086 1904 ,
1111 1822 1349 1913 accipit.
1394 1832 1465 1894 Et
1494 1834 1622 1894 haec
1643 1832 1882 1912 quidem
1915 1822 2102 1894 babe-

2191 1833 2393 1896 εῗασεν.
2430 1833 2518 1890 Ἐν
2561 1834 2660 1912 γὰρ
2717 1837 2794 1904 τῷ
2848 1831 2897 1887 δ’
2950 1830 3220 1912 κεφαλαίῳ
3273 1839 3366 1889 τοῦ
3422 1822 3470 1887 ε’
3527 1829 3704 1887 τίτλου
3751 1837 3848 1888 τοῦ

449 1924 524 1986 de
558 1925 906 2004 cognatione
952 1942 1028 1987 ex
1083 1925 1409 2004 sanguine,
1473 1933 1531 1986 et
1583 1925 1912 1987 affinitate:
1953 1933 2012 1986 et
2043 1933 2102 1987 ut

2189 1915 2285 1990 κη’
2313 1921 2512 2000 βιϐλίυυ
2550 1923 2709 2002 φησὶν
2753 1919 3015 1986 αύτολεξεὶ
3071 1921 3261 1976 ούτωσί
3293 1939 3307 1952 ⁸
3370 1917 3500 1978 Οὐδὲ
3553 1921 3652 1987 τὴν
3709 1919 3844 1977 ποτὲ

445 2014 724 2095 equidem
756 2014 1032 2076 arbitror.
1037 2013 1205 2093 juxta
1222 2023 1490 2076 exactam
1501 2014 1658 2094 juris
1681 2014 2058 2094 disciplinam
2089 2040 2102 2085 ;

2190 2025 2419 2091 γυναῖκα
2477 2007 2732 2085 λαμϐάνω
2787 2019 2881 2068 τοῦ
2949 2009 3209 2089 προγόνου
3280 2030 3405 2084 μου,
3458 2007 3573 2066 οὔτε
3629 2009 3664 2076 ἡ
3722 2030 3842 2084 μη-

451 2094 718 2185 quamvis
748 2103 1020 2184 plurimae
1048 2103 1351 2164 canouicae
1384 2113 1442 2164 et
1489 2103 1694 2164 civiles
1731 2103 2102 2178 sanctiones,

2189 2103 2348 2180 τρυιὰ
2402 2097 2660 2175 λαμϐάνει
2714 2101 2807 2155 τὸν
2863 2099 3148 2176 γενόμενον
3204 2094 3361 2177 ἄνδρα
3428 2098 3522 2166 τῆς
3578 2098 3843 2176 προγόνης

450 2191 604 2273 quod
638 2192 699 2253 in
735 2192 1059 2255 multorum
1106 2210 1385 2253 versuum
1418 2192 1639 2272 scripta
1669 2191 2102 2272 diffundantur,

2190 2192 2376 2258 αὐτῆς.
2413 2192 2512 2248 Καὶ
2581 2189 2716 2246 οὕτω
2772 2188 2870 2264 μὲν
2919 2186 3118 2268 ἔχομεν
3169 2189 3286 2267 περὶ
3354 2192 3455 2254 τῆς
3512 2186 3564 2252 ἒξ
3608 2185 3841 2262 α’ίματος

447 2281 566 2342 sint
597 2280 1033 2360 praetermissae.
1073 2279 1242 2352 Quod
1274 2289 1470 2342 autem
1506 2290 1563 2343 et
1594 2298 1784 2360 major
1831 2281 2101 2360 cognatio

2188 2282 2276 2337 καὶ
2331 2279 2643 2358 ἀγχιστείας
2713 2279 3015 2355 συγγενείας
3051 2295 3066 2312 ο
3115 2279 3227 2357 καὶ,
3285 2278 3358 2342 ὡς
3413 2276 3645 2356 ἐγῷμαι,
3704 2275 3839 2356 ἐχο-

446 2388 519 2432 ex
564 2371 815 2451 spiritali
863 2370 1291 2451 consequentia
1339 2389 1614 2445 nascens,
1648 2370 1805 2431 inter
1835 2389 1948 2433 nos
1973 2370 2101 2452 pios

2185 2369 2352 2445 μένης
2382 2373 2479 2434 τῆς
2510 2363 2774 2444 ἀκριϐείας
2809 2385 2824 2403 ο
2874 2367 2918 2420 εἰ
2969 2367 3058 2421 καὶ
3113 2366 3181 2421 τὰ
3222 2363 3454 2422 πλεῖστα
3507 2365 3611 2420 τῶν
3670 2387 3839 2422 κανο-

443 2457 802 2534 intercedit,
839 2459 914 2520 de
947 2477 1016 2519 ea
1047 2461 1135 2520 sic
1163 2460 1488 2520 summarie
1522 2459 1914 2522 tractandum.

2185 2460 2342 2514 νικῶν
2372 2459 2459 2513 καὶ
2515 2461 2748 2531 νομικῶν
2815 2455 3186 2530 θεσπισμάτων
3259 2453 3310 2510 ἐν
3371 2456 3596 2528 τούτοις,
3643 2452 3727 2509 διὰ
3777 2456 3841 2510 τὸ

442 2551 542 2615 τῆς
612 2547 937 2628 πολυραφίας
968 2547 1317 2628 πολύστιχον,
1351 2549 1791 2630 κατελείφθησαν,
1828 2538 1958 2606 ΗΟτι
1990 2547 2042 2605 δὲ
2073 2551 2161 2606 καὶ
2217 2547 2410 2619 μείζων
2471 2545 2747 2623 συγγένεια
2790 2544 2843 2602 ἐν
2889 2549 3252 2621 πνευματικῆς
3287 2543 3591 2609 ἀκολουθίας
3635 2542 3837 2600 ἀνακύ-

443 2659 646 2693 πτουσα
677 2637 730 2692 ἐν
760 2639 896 2711 ἡμῖν
925 2650 1039 2702 τοῖς
1084 2636 1313 2693 εὐσεϐέσι
1344 2637 1657 2715 μεσολαϐεῖ,
1691 2640 1779 2694 καὶ
1809 2641 1924 2716 περὶ
1954 2639 2150 2705 ταύτης
2183 2637 2361 2718 χρεὼν
2393 2634 2530 2692 οὕτω
2559 2632 2856 2700 διαλαϐεῖν,

525 2725 728 2788 Canon
763 2725 839 2788 56
870 2725 1074 2804 synodi
1121 2727 1180 2800 6,
1228 2726 1302 2787 de
1349 2713 1699 2806 rbujusmodi
1749 2713 2100 2806 cognatione

2267 2718 2324 2783 Ὀ
2355 2714 2466 2798 νς’
2494 2724 2668 2782 κανὼν
2710 2729 2809 2790 τῆς
2840 2713 2922 2798 ς’
2966 2719 3180 2782 συνόδου
3238 2723 3356 2802 περὶ
3415 2726 3510 2788 τῆς
3583 2721 3835 2788 τοιαύτης

447 2815 574 2876 haec
609 2817 982 2894 promulgat:
1021 2815 1312 2887 Quoniam
1358 2816 1640 2897 spiritalis
1690 2815 2096 2889 necessitudo,

2185 2816 2486 2895 συγγενείας
2547 2815 2711 2870 ταῦτα
2782 2811 3072 2892 διαγορεύει
3107 2830 3124 2850 ο
3187 2807 3406 2878 Ἐπειδὴ
3463 2812 3655 2886 μείζων
3699 2811 3847 2868 ἐστὶν

441 2921 552 2966 seu
579 2904 854 2978 affinitas,
880 2921 1199 2984 corporum
1222 2905 1644 2985 conjunctione
1676 2906 1864 2984 major
1893 2913 2010 2966 est:
2039 2904 2100 2964 in

2185 2906 2380 2975 ἦκατὰ
2423 2911 2629 2978 πνεῦμα
2689 2905 2950 2969 οἶκειοτης
3010 2906 3107 2971 τῆς
3173 2905 3280 2958 τῶν
3338 2902 3600 2977 σωμάτων
3669 2923 3834 2960 συνα-

443 2993 744 3055 nonnullis
781 3000 979 3054 autem
1009 2993 1155 3054 locis
1183 2995 1564 3072 cognovimus
1595 2993 2099 3074 quosdam,quiex

2185 2997 2354 3078 φείας,
2389 2993 2624 3071 ἔγνωμεν
2656 2991 2710 3048 δὲ
2754 2992 2808 3048 ἕν
2862 3014 2969 3048 τισι
3019 2993 3202 3056 τόποις
3258 2993 3406 3055 τινὰς
3463 2991 3524 3047 ἐκ
3564 3001 3658 3050 τοῦ
3688 2992 3841 3070 ἁγίου

443 3089 649 3144 sancto
683 3090 740 3143 et
778 3081 1019 3143 salutari
1051 3081 1405 3162 baptismate
1455 3083 1712 3144 infantes
1744 3083 2098 3162 suscipiunt,

2185 3087 2270 3143 καὶ
2334 3081 2703 3162 σωτηριώδους
2761 3083 3126 3159 βαπτίσματος
3202 3079 3418 3148 ,παῖδας
3490 3079 3834 3160 ἀναδεχομέο

447 3179 651 3254 postea
674 3190 909 3252 quoque
930 3189 1062 3232 cum
1095 3171 1386 3232 matribus
1415 3172 1650 3234 illorum
1683 3172 1877 3233 viduis
1900 3172 2098 3233 matri-

2185 3197 2325 3248 νους,
2398 3175 2486 3230 καὶ
2544 3174 2679 3249 μετὰ
2733 3179 2888 3230 τοῦτο
2960 3185 3080 3234 ταῖς
3174 3171 3387 3227 ἐκείνων
3444 3171 3672 3249 μητράσί
3728 3192 3836 3250 χη.

446 3261 710 3321 monium
763 3260 1163 3320 contrahere:
1204 3261 1540 3336 statuimus,
1574 3268 1638 3321 ut
1684 3262 1745 3322 in
1795 3272 2100 3342 posterum

2185 3265 2453 3344 ρευούσαις
2555 3263 2784 3339 γαμικὸν
2909 3258 3358 3323 συναλλάττοντας
3461 3258 3785 3317 συνοικέσιον
3820 3276 3834 3289 ⁸

444 3349 594 3410 nihil
627 3350 726 3410 fiat
756 3349 1075 3427 ejusmodi.
1105 3348 1166 3410 Si
1196 3352 1295 3429 qui
1325 3358 1522 3411 autem
1553 3369 1699 3430 {per
1750 3360 2102 3430 prwsentem

2185 3354 2446 3433 ὁρίζομεν,
2502 3352 2608 3408 ἀπὸ
2664 3359 2756 3408 τοῦ
2846 3353 3108 3432 παρόντος
3192 3349 3358 3427 μηδὲν
3413 3357 3647 3407 τοιοῦτον
3705 3371 3832 3428 πρα-

445 3457 736 3500 canonem
769 3439 882 3499 hoc
910 3438 1107 3499 facere
1130 3439 1490 3519 deprehensi
1521 3440 1825 3514 fuerint,ii
1858 3440 2102 3520 quidem

2185 3447 2404 3523 χθῆναι.
2443 3442 2499 3498 El
2527 3439 2582 3496 δέ
2630 3463 2768 3506 τινες
2834 3443 2922 3497 καὶ
2979 3441 3114 3516 μετὰ
3175 3442 3264 3496 τὸν
3335 3439 3570 3518 παρόντα
3639 3439 3836 3495 κανόνα

445 3526 636 3607 primo
665 3527 738 3586 ab
773 3526 888 3587 hoc
917 3525 1124 3588 illicito
1157 3535 1213 3588 et
1244 3528 1462 3606 injusto
1504 3529 1879 3589 matrimonio
1899 3541 1927 3580 κ
1949 3527 2101 3588 desi-

443 3623 598 3676 stant
621 3632 633 3676 :
656 3614 876 3675 deinde
895 3623 954 3676 et
982 3615 1403 3676 fornicatorum
1439 3617 1628 3696 pcenis
1677 3616 2094 3696 subjiciantur.

441 3701 587 3766 Cum
619 3703 801 3782 igitur
842 3721 1102 3785 praesens
1133 3724 1323 3766 canon
1356 3707 1643 3785 majorem
1675 3713 1842 3767 vocet
1871 3704 2102 3783 spirita~

442 3793 562 3854 lem
579 3793 1204 3874 cognationem,quam
1221 3796 1550 3856 carnalem:
1579 3813 1829 3857 necesse
1854 3794 2092 3872 habent,

444 3883 545 3963 qui
577 3901 684 3963 per
713 3901 843 3943 eam
878 3883 1140 3944 devincti
1163 3887 1392 3956 sunt,in
1423 3892 1507 3946 tot
1527 3885 1744 3963 gradus
1766 3885 2092 3945 veneratio-

442 3990 578 4032 nem
615 3973 744 4051 ejus
779 3979 838 4032 et
866 3971 1049 4033 decus
1079 3973 1422 4048 observare,
1457 3984 1600 4054 quot
1630 3982 1687 4034 et
1714 3992 1784 4034 ex
1812 3971 2096 4050 sanguine

441 4060 829 4138 cognationis.
864 4063 1010 4121 Nam
1043 4064 1189 4136 Deo,
1217 4061 1429 4142 inquit,
1465 4082 1570 4143 per
1598 4061 2096 4142 baptismainter-

438 4152 930 4220 cedente,eorum
952 4151 1166 4212 animae
1189 4153 1717 4231 conjunguntur,et
1743 4170 1894 4211 unus
1918 4152 2096 4212 homo

441 4243 636 4322 ῆι,ρυὶ
666 4261 736 4304 ex
767 4261 937 4304 sacro
965 4243 1316 4323 baptismate
1339 4245 1620 4304 infantem
1658 4243 1940 4324 suscepit,
1976 4245 2093 4304 hu-

433 4332 653 4412 jusque
687 4332 978 4392 naturalis
1011 4341 1196 4412 pater.
1238 4335 1405 4395 Unde
1436 4341 1493 4394 et
1522 4341 1960 4412 consequenter
1985 4351 2092 4393 eo—

3169 3529 3526 3608 πρωτοτύπως
3619 3529 3716 3604 μὲν
3789 3530 3836 3583 οἱ

2179 3631 2407 3682 τοιοῦτοι
2493 3625 2893 3705 ἀφιστάσθωσαν
2991 3633 3084 3683 τοῦ
3184 3624 3418 3679 τοιούτου
3522 3622 3837 3701 παρανόμου

2179 3714 2524 3790 συνοικεσίου,
2584 3713 2768 3770 ἔπειτα
2837 3712 2892 3768 δὲ
2949 3714 3036 3770 καὶ
3118 3725 3237 3778 τοῖς
3313 3718 3422 3768 τῶν
3476 3712 3837 3791 πορνευόντων

2179 3803 2459 3879 ἔπιτιμίοις
2518 3801 2994 3873 ὑποϐληθήτωσαν.
3079 3792 3209 3860 ’Ὁτι
3302 3802 3474 3858 τοίνυν
3569 3804 3596 3858 ὁ
3653 3801 3836 3880 παρὼν

2178 3894 2352 3950 κανὼν
2413 3892 2625 3969 μείζονα
2683 3891 2855 3973 ,καλεῖ
2915 3893 3017 3959 τὴν
3092 3891 3456 3966 πνευματικὴν
3531 3889 3836 3969 συγγένειαν

2178 3983 2320 4060 παρα
2349 3983 2447 4048 την
2498 3982 2776 4061 σαρκικὴν,
2825 3981 3062 4059 ἀνάγκην
3108 3980 3323 4061 ἔχουσιν
3381 3982 3428 4036 οἱ
3495 3977 3579 4040 διὰ
3635 3979 3834 4044 ταύτης

2179 4069 2502 4134 συνδεθέντες
2559 4073 2632 4134 εἷς
2715 4071 2998 4136 τοσούτους
3083 4071 3313 4148 βαθμοὺς
3413 4081 3694 4149 συντηρεῖν
3773 4069 3836 4124 τὸ

2185 3534 2477 3612 φωραθεῖεν
2548 3540 2702 3588 τοῦτο
2781 3537 3081 3604 ποιοῦντες,

2177 4161 2373 4227 ταύτης
2431 4158 2724 4236 σεϐάσμιον
2781 4162 2868 4216 καὶ
2925 4161 3207 4240 εὐπρεπὲς,
3281 4161 3356 4224 εἷς
3422 4156 3575 4223 ὅσους
3633 4159 3721 4214 καὶ
3773 4159 3834 4213 τὸ

2177 4255 2275 4316 τῆς
2299 4249 2350 4314 ἐξ
2382 4249 2612 4325 αἵματος
2639 4251 2966 4328 συγγενείας.
3016 4251 3112 4307 Διὰ
3167 4251 3267 4328 γὰρ
3322 4258 3414 4306 τοῦ
3443 4247 3827 4324 βαπτίσματος,

2177 4345 2326 4412 Θεοῦ,
2374 4341 2526 4418 φησὶ,
2565 4340 2908 4414 μεσάζοντος.
2942 4343 2994 4395 αἱ
3024 4341 3196 4419 ψυχαὶ
3238 4342 3408 4397 αὐτῶν
3458 4338 3830 4418 συνάπτονται,

441 4437 575 4480 rum
606 4420 802 4501 liberi,
836 4420 1048 4481 fratres
1080 4423 2000 4502 nominantur,quemadmodum
2035 4430 2094 4482 et

2185 4430 2366 4491 ιιαὶεῖς
2427 4427 2722 4508 ἅνθρωπος,
2770 4431 2819 4504 ὃ,
2879 4430 2936 4484 τὲ
2993 4431 3055 4485 kx
3122 4437 3216 4486 τοῦ
3260 4427 3407 4506 ἁγίου
3463 4427 3830 4503 βαπτισμάτος

440 4509 552 4584 illi,
588 4519 918 4590 compatrcs
960 4531 973 4572 :
1008 4511 1283 4574 similiter
1313 4520 1374 4573 et
1402 4530 1532 4592 quae
1583 4532 1651 4573 ex
1683 4513 1776 4573 his
1806 4511 2092 4591 deinceps

2185 4518 2264 4572 rb;
2294 4515 2462 4573 παῖδα
2491 4515 2794 4598 δεξάμενος,
2824 4519 2912 4574 καὶ
2942 4520 2970 4574 ὂ
3000 4519 3136 4577 κατὰ
3166 4517 3334 4596 σάρκα
3387 4515 3572 4572 τούτου
3630 4517 3829 4597 πατὴρ,

441 4599 852 4680 producuntur
882 4617 1150 4680 persona;
1173 4601 1542 4678 cognationis
1563 4619 1633 4662 ex
1663 4599 1946 4678 sanguine
1969 4619 2093 4662 sor-

2185 4608 2432 4683 γίνονται.
2497 4596 2662 4665 ιὈθεν
2724 4596 3024 4671 ἀκολούθως
3096 4607 3186 4662 καὶ
3256 4608 3304 4662 οἱ
3359 4606 3561 4661 τούτων
3616 4596 3829 4686 παῖδες,

439 4691 668 4776 tiuntur
698 4689 1150 4768 appellationes.
1497 4741 1508 4746 -

2185 4693 2388 4776 ὲδελφοὶ
2457 4696 2824 4771 ὀνομάζονται,
2898 4697 3032 4753 καθα
3080 4698 3168 4752 καὶ
3236 4695 3465 4770 ἐκεῖνοι,
3537 4695 3832 4770 σύντεκνοι,

443 4769 714 4841 Ὠσαύτως
760 4780 843 4833 κοὶ
873 4780 939 4836 τὰ
980 4781 1042 4833 ὶκ
1081 4780 1284 4834 τούτων
1325 4779 1663 4857 καταγόμενα
1694 4778 1881 4858 ἐφεξης
1911 4781 2170 4856 πρόσωπα
2226 4769 2325 4848 τὰς
2379 4788 2477 4854 τῆς
2519 4769 2573 4850 ἒξ
2627 4769 2858 4862 αἵματος
2899 4787 3200 4866 συγγενείας
3225 4783 3444 4855 κλήσεις
3477 4783 3832 4866 μεταλαγχά-

440 4889 611 4946 νουσι,
643 4869 729 4922 καὶ
761 4868 886 4923 εἰσὶν
909 4866 1119 4933 ἀληθῶς
1150 4870 1238 4923 καὶ
1267 4869 1611 4944 ὀνομάζονται
1641 4881 1939 4946 συγγενεῖς,

517 4958 789 5045 Suntque
839 4973 1002 5030 vere,
1037 4965 1095 5018 et
1127 4957 1514 5018 nominantur
1561 4958 1857 5035 cognanti.
1894 4959 2095 5022 Sancti

2263 4955 2324 5020 Ἡ
2353 4965 2452 5045 γὰρ
2483 4972 2574 5022 τοῦ
2601 4967 2750 5043 ἁγίου
2809 4966 3115 5042 Πνεύματος
3172 4964 3400 5031 ὶνωτικὴ
3459 4963 3676 5040 δύναμις
3703 5042 3714 5045 Α
3760 4964 3832 5028 εἷς

447 5043 606 5104 enim
640 5045 884 5124 spiritus
922 5045 1170 5106 uniendi
1217 5055 1475 5126 potestas
1507 5065 1714 5108 omnes
1758 5047 2095 5110 conciliavit

2185 5042 2400 5123 γνησίαν
2427 5042 2708 5124 ἐγγύτητα
2765 5047 2970 5110 πάντας
3027 5048 3379 5126 συνήρμοσεν,
3438 5046 3505 5110 ἣν
3547 5042 3830 5101 συνθολοῦ-

442 5133 503 5193 in
535 5150 739 5194 veram
762 5134 1283 5215 propinquitatem,
1315 5154 1445 5216 quae
1477 5135 1877 5196 contractibus
1911 5135 2091 5197 illici-

2185 5139 2289 5190 rOau
2350 5133 2777 5214 συναλλάγμασιν
2835 5135 3086 5212 ἀθέσμοις
3140 5135 3315 5202 πάντη
3360 5132 3635 5198 ἀδύνατον,
3712 5139 3826 5190 Πα-

441 5220 516 5282 tis
546 5222 827 5284 confundi
843 5242 959 5284 non
973 5223 1624 5304 potest.Prohibitorius
1637 5240 1781 5304 ergo
1804 5224 2095 5287 terminus

2185 5226 2600 5304 ρατηρηθήσεται
2670 5224 2725 5280 δὲ
2782 5225 2836 5282 ἐν
2906 5227 3072 5302 ταύτῃ
3155 5227 3216 5281 τὸ
3315 5223 3608 5282 κωλυτικὸν
3663 5221 3826 5303 ὅριον,

445 5309 507 5370 in
539 5311 744 5391 hac,ut
771 5310 833 5371 in
863 5311 1167 5390 sanguinis
1190 5314 1757 5394 cognatione,usque
1793 5313 1868 5372 ad
1900 5314 2052 5392 septi
2066 5348 2088 5358 ~-

2185 5316 2309 5370 ιατὰ
2339 5315 2436 5382 τὴν
2580 5312 2814 5391 αἵματος
2867 5315 3194 5395 συγγένειαν,
3239 5312 3403 5393 μέχρι
3446 5314 3535 5370 καὶ
3605 5310 3829 5387 ἑϐδόμου

441 5418 600 5460 mum
653 5399 904 5478 gradum
953 5400 1386 5464 observabitur.
1438 5393 1626 5464 Est'et
1654 5402 1769 5463 alia
1819 5401 2092 5480 cognatio

2185 5404 2397 5479 Ξαθμοῦ.
2466 5393 2630 5462 "Ean
2673 5402 2729 5460 δὲ
2786 5407 2874 5462 καὶ
2927 5393 3080 5482 ἑτέρα
3148 5393 3428 5484 ουγγένεια
3469 5402 3555 5459 διὰ
3608 5402 3823 5477 θέσεως,

1781 5560 2034 5625 VARIE
2079 5559 2510 5626 LECTIONES.

563 5704 754 5765 latum
787 5703 945 5764 hunc
975 5713 1107 5783 post
1135 5722 1447 5770 canorum.
1503 5712 1530 5753 ε
1561 5705 1636 5767 ab
1667 5706 1778 5767 hac
1807 5707 2053 5784 nefaria
2081 5706 2544 5774 cohabitatiom.
