4130 6418
267 432 386 500 945

1637 429 2323 511 GRAECO-BOMANUM

3535 443 3655 510 946

260 568 442 626 εῗτουν
500 569 756 633 υἱοθεσίας
787 585 803 604 ⁹
850 568 916 636 ἦν
958 567 1023 638 δὴ
1078 570 1166 626 καὶ
1236 569 1401 637 αὐτὴν
1477 568 1615 628 οὕτω
1670 591 1910 650 παραφυ-

2006 567 2710 652 peradoptionem,quam
2726 571 2936 633 eodem
2959 573 3131 654 plane
3142 575 3318 638 modo
3329 576 3656 644 observare

257 656 470 720 λάττειν
537 657 838 737 ὀφείλομεν,
925 659 1160 736 καθάπερ
1245 661 1334 715 καὶ
1389 660 1489 727 τὴν
1559 658 1610 724 ἐξ
1653 658 1910 736 αἵματος,

247 749 342 805 καὶ
370 747 468 814 τὴν
539 745 624 802 διὰ
680 758 770 806 τοῦ
830 750 968 805 θείου
1025 749 1410 825 βαπτίσματος.
1472 750 1674 814 Ταύτας
1727 749 1825 826 γὰρ
1855 746 1915 803 ἔκ

253 859 313 894 τε
357 842 462 892 τῶν
500 839 652 915 ἱερῶν
721 838 980 912 κανόνων,
1049 838 1136 894 καὶ
1203 840 1308 892 τῶν
1365 836 1685 901 φιλευσεϐὦν
1740 837 1913 911 νόμων

256 937 447 1004 τηρεῖν
479 922 875 1004 παρελάϐομεν,
947 927 1018 990 ὡς
1075 925 1435 1004 προέκκειται.
1499 917 1563 984 Ἠ
1633 925 1686 982 δέ
1741 923 1916 1003 γεδιά

258 1014 458 1077 θέσεως
489 1011 805 1094 ἀδελφότης,
857 1017 930 1076 ὡς
987 1015 1307 1081 ἀσύσταττος
1376 1017 1462 1072 καὶ
1518 1013 1785 1095 ἀϐέϐαιος,
1831 1016 1916 1070 καὶ

261 1109 334 1180 τῇ
417 1103 567 1182 φύσει
652 1101 1025 1182 ἀνακόλουθος,
1098 1104 1186 1159 καὶ
1241 1110 1318 1178 τῷ
1384 1103 1532 1179 νόμῳ
1586 1101 1913 1182 ἀπόϐλητος,

270 1190 504 1255 οὗδόλως
577 1191 692 1248 οὒδὲ
742 1193 814 1256 εἰς
871 1193 1074 1269 γαμικὰ
1145 1191 1442 1250 συνοικέσια
1502 1191 1910 1270 ἐμποδοστατεῖ.

261 1282 415 1350 Φησί
443 1283 544 1360 γὰρ
573 1283 636 1338 τὸ
665 1271 747 1336 λε’
777 1280 1061 1362 κεφάλαιον
1083 1288 1174 1338 τοῦ
1205 1271 1280 1362 ιγ’
1319 1281 1493 1340 τίτλου
1522 1291 1612 1340 τοῦ
1643 1273 1690 1339 ε’
1717 1281 1919 1359 βιϐλίου

263 1376 441 1450 ρητῶς
492 1371 682 1429 οὖτωσί
728 1387 744 1404 ⁸
780 1368 927 1438 Μηδὲ
969 1371 1110 1449 παρά
1152 1369 1314 1436 ξένοις
1385 1385 1503 1436 τοῖς
1573 1369 1672 1438 ἔξω
1704 1363 1915 1446 Ῥώμης

270 1461 476 1517 οἰκοῦσι
521 1457 605 1514 διὰ
661 1457 851 1524 θέσεως
919 1456 1213 1539 ἀδελφότης
1270 1460 1615 1523 συνιστάσθω.
1675 1460 1778 1518 Κάν
1836 1482 1914 1524 τις

263 1551 338 1613 ὡς
383 1546 606 1627 ἀδελφὸς
672 1547 1048 1628 προσληφθεὶς,
1089 1547 1439 1630 ,κληρονόμος
1495 1556 1697 1630 γραφῇ,
1757 1549 1912 1606 ἐκπι-

259 1638 440 1695 πτέτω
467 1639 567 1705 τῆς
637 1627 1019 1716 κληρονομίας.
1086 1627 1251 1695 υΟθεν
1322 1639 1505 1706 ἐπειδὴ
1582 1638 1718 1696 οὕτω
1775 1640 1915 1717 παρά

259 1734 368 1784 τῶν
402 1727 579 1802 νόμων
648 1729 683 1795 ἡ
741 1725 826 1782 διὰ
893 1726 1087 1792 θέσεως
1141 1726 1434 1807 ἀδελφότης
1491 1729 1912 1808 ἀποσκορακίζε-

261 1839 376 1890 ται,
439 1813 556 1873 οὐδὲ
613 1818 742 1896 πρὸς
800 1815 1130 1895 συναλλαγὰς
1197 1817 1424 1895 γαμικάς
1507 1819 1624 1898 ἔχει
1683 1817 1913 1875 κώλυσιν

1996 655 2429 748 debemus,quo
2445 668 2502 722 et
2519 678 2799 740 eam,que
2822 671 2909 722 est
2933 682 3002 724 ex
3025 665 3407 743 sanguine,et
3431 667 3651 748 quaalex

1998 743 2195 806 divino
2213 746 2596 812 lavacro.Has
2615 749 2774 810 enim
2791 753 3138 832 utsuperius
3157 755 3414 834 positum
3436 743 3550 832 est,
3577 777 3647 821 ex

1999 834 2182 897 sacris
2208 837 2558 914 canonibus,
2592 839 3006 922 religiosisque
3046 842 3278 920 legibus
3309 847 3650 926 accepimus

1999 923 2778 1000 observandas.Quzeautem
2796 947 2902 1008 per
2913 931 3291 1009 adoptionem
3313 923 3650 998 fraternitas

2000 1014 2308 1094 contingit,
2339 1025 2402 1076 ut
2426 1016 2743 1078 imbecillis
2767 1027 2824 1079 et
2843 1018 3091 1096 incerta,
3113 1037 3225 1085 nec
3246 1031 3648 1087 consentanea

2000 1112 2249 1175 naturze,
2287 1113 2343 1166 et
2377 1105 2506 1185 lege
2541 1107 2872 1187 rejicieuda
2910 1110 2958 1181 ιι,
3012 1111 3243 1172 nullum
3293 1131 3536 1192 prorsus
3568 1115 3643 1177 ad

2000 1193 2298 1268 nuptiales
2332 1194 2802 1258 cohabitationes
2849 1197 3350 1278 impedimentum
3384 1211 3646 1280 praestat.

1996 1282 2094 1344 Ait
2120 1283 2276 1344 enim
2305 1286 2381 1348 35
2403 1303 2456 1348 c.
2497 1285 2675 1350 t3tit.
2710 1287 2749 1348 5
2772 1286 2930 1363 libri,
2966 1288 3052 1349 sic
3076 1288 3150 1351 ad
3181 1289 3432 1352 verbum
3459 1311 3472 1351 :
3503 1293 3651 1354 Nec‘

1997 1373 2149 1452 apud
2184 1373 2556 1453 peregrinos,
2585 1376 2686 1456 qui
2716 1384 2878 1438 extra
2907 1379 3157 1439 Romam
3207 1377 3490 1454 habitant,
3523 1380 3648 1442 fra-

1999 1461 2241 1523 ternitas
2273 1481 2379 1542 per
2423 1463 2804 1544 adoptionem
2845 1467 3130 1530 consistat
3163 1489 3176 1526 :
3213 1477 3271 1529 et
3300 1467 3350 1528 si
3382 1469 3514 1548 quis
3543 1487 3645 1531 as-

1997 1560 2270 1630 sumptus
2302 1559 2364 1612 ut
2393 1552 2594 1633 frater,
2630 1555 2822 1617 haeres
2853 1557 3112 1638 scriptus
3158 1556 3254 1632 sit,
3313 1558 3546 1620 excidat
3573 1558 3649 1621 ab

2000 1641 2363 1703 haereditate.
2402 1643 2572 1705 Unde
2612 1663 2747 1704 cum
2796 1643 2884 1706 sic
2936 1665 2970 1706 a
3020 1645 3254 1725 legibus
3301 1647 3649 1711 fraternitas

1995 1731 2330 1811 adoptionis
2379 1733 2752 1814 reprobetur,
2811 1752 3006 1813 neque
3056 1735 3132 1796 ad
3181 1737 3651 1800 matrimoniales

1997 1821 2422 1883 conventiones
2453 1822 2911 1901 prohibitionem
2953 1825 3131 1886 habet
3179 1825 3381 1901 ullam,
3417 1833 3640 1906 utpote.

263 1908 529 1978 ὁπωσοῦν,
564 1907 635 1971 ὡς
675 1904 774 1971 ἔξω
829 1911 927 1972 τῆς
998 1913 1105 1961 τῶν
1159 1909 1310 1984 ἱερῶν
1379 1907 1613 1964 κανόνων
1669 1909 1757 1964 καὶ
1809 1914 1910 1964 τῶν

1998 1916 2162 1971 extra
2215 1929 2345 1971 eam
2395 1896 2615 1972 cadens
2645 1931 2774 1992 quae
2804 1931 2874 1974 ex
2905 1896 3432 1976 sacriscanonibus
3465 1896 3649 1994 est,et

263 1993 587 2075 φιλευσεϐὦν
641 1993 818 2070 νόμων
872 1996 1134 2050 πίπτουσα
1169 2015 1184 2030 ο
1259 1994 1379 2051 ἀλλ’
1451 1998 1512 2068 ἑᾷ
1553 1997 1746 2061 ταύτας
1777 2020 1916 2075 προ-

261 2083 481 2156 ϐαίνειν,
515 2086 590 2147 ὡς
651 2081 956 2160 μηδαμόθεν
1012 2085 1237 2141 κώλυσίν
1297 2108 1414 2142 τινα
1463 2087 1497 2154 ἢ
1557 2086 1760 2162 μέμψιν
1792 2086 1914 2142 ἐπι-

258 2173 572 2252 συρομένας,
636 2163 700 2230 Ἠ
758 2173 898 2237 θέσις
969 2174 1067 2252 γὰρ
1127 2187 1375 2249 μιμεῖται
1459 2176 1555 2243 τὴν
1614 2175 1786 2256 φύσιν.
1854 2166 1914 2230 Ἠ

260 2263 416 2342 φύσις
477 2260 528 2318 δὲ
585 2263 697 2318 υἱὸν
755 2261 1094 2340 ἐπιγινώσκει
1178 2260 1261 2319 διὰ
1317 2265 1634 2342 γεννήσεως,
1694 2261 1916 2341 ἀδελφὸν

255 2350 313 2408 δὲ
375 2349 641 2427 οὐδαμῶς.
717 2353 776 2408 Εἰ
843 2349 896 2406 δὲ
940 2350 1164 2431 ἀδελφὸν
1245 2354 1279 2420 ἡ
1325 2353 1514 2434 φύσις
1574 2355 1633 2410 οὒ
1687 2354 1912 2432 πέφυκεν

263 2441 588 2516 ἀποτίκτειν,
647 2439 744 2520 ἄρα
792 2441 878 2498 καὶ
947 2442 981 2508 ἡ
1042 2441 1208 2521 θέσις,
1295 2443 1367 2505 ὡς
1436 2441 1744 2517 μιμουμένη
1815 2443 1914 2508 τὴν

260 2532 440 2610 φύσιν,
473 2532 568 2587 οὐκ
594 2529 824 2611 ἐξισχύει
854 2532 984 2608 πρὸς
1038 2531 1252 2597 ποίησιν
1307 2529 1684 2611 ἀδελφότητος.
1735 2529 1912 2587 Ἀκώ-

263 2622 394 2678 λυτα
427 2621 536 2694 οὖν,
582 2622 670 2677 καὶ
727 2619 1130 2701 ἀκατηγόρητα,
1188 2623 1275 2677 καὶ
1339 2622 1671 2678 παντάπασιν
1729 2619 1910 2696 ἀμεμ-

261 2732 370 2768 πτα
427 2711 493 2765 τὰ
536 2707 947 2786 συναλλάγματα
1004 2711 1070 2766 τὰ
1120 2709 1302 2775 ἔξωθεν
1353 2716 1460 2766 τῶν
1517 2707 1710 2766 ἄνωθεν
1761 2711 1911 2789 εἰρη-

265 2800 462 2876 μένων,
494 2799 555 2855 ἕκ
605 2821 662 2855 τε
727 2798 985 2879 αἵματος,
1045 2799 1106 2854 ἕκ
1173 2821 1230 2855 τε
1288 2799 1622 2880 ἀγχιστείας,
1695 2800 1783 2855 καὶ
1855 2799 1914 2854 ἐκ

266 2890 461 2946 θέσεων
492 2887 824 2969 ἀμφοτέρων,
877 2895 974 2952 τῆς
1025 2910 1083 2944 τε
1125 2887 1210 2944 διὰ
1265 2896 1358 2944 τοῦ
1413 2889 1560 2966 ἁγίου
1603 2889 1910 2964 βαπτίσμα-

265 3002 383 3059 τος,
410 2980 498 3036 καὶ
546 2984 640 3045 τῆς
704 2978 984 3041 υἱοθεσίας.
1055 2978 1154 3036 Καὶ
1209 2975 1324 3034 οὔτε
1383 2975 1449 3033 δι’
1505 2976 1909 3057 ἀδελφοποιϊας,

267 3068 384 3126 οὔτε
439 3066 506 3124 δι’
579 3066 746 3134 ἄλλης
815 3069 983 3131 αἰτίας
1039 3067 1182 3132 ὅλως
1267 3067 1791 3146 πορατραπῄσονται,
1838 3070 1910 3130 ὡς

259 3159 402 3236 παρὰ
431 3158 525 3225 τῆς
570 3167 661 3216 τοῦ
691 3157 851 3232 νόμου
882 3161 1094 3224 σιωπῆς
1153 3157 1214 3212 τὸ
1269 3155 1573 3235 ἔμπρακτον
1629 3155 1778 3236 ἔχειν
1808 3178 1908 3212 σα-

256 3257 371 3331 φῶς
413 3248 968 3326 καταλαμϐανόμεναι.
997 3248 1140 3317 Αὕτη
1198 3271 1281 3306 σοι
1350 3249 1478 3327 παρ’
1548 3251 1702 3326 ἡμῶν
1733 3251 1766 3317 ἡ
1810 3254 1909 3316 τῆς

257 3345 360 3406 σῆς
417 3339 683 3405 ἀξιώσεως
743 3337 1101 3418 ἐκπλήρωσίς,
1172 3339 1470 3414 τιμιωτάτη
1533 3361 1622 3414 μοι
1676 3340 1764 3395 καὶ
1793 3361 1909 3418 τρι-

255 3431 455 3496 πόθητε
492 3427 699 3508 κεφαλή
804 3417 970 3492 υΗτις
1028 3431 1071 3486 εἰ
1130 3429 1230 3505 μὲν
1285 3436 1376 3484 τοῦ
1435 3427 1552 3485 κατ’
1610 3426 1754 3494 ἀξίαν
1810 3417 1908 3506 ἔφ-

255 3517 454 3591 έκοιτο,
488 3519 654 3598 χάρισ
681 3525 758 3592 τῷ
788 3523 927 3597 Θεῷ,
959 3523 1036 3592 τῷ
1064 3524 1134 3595 τῇ
1177 3517 1474 3596 ἀνθρωπίνη
1533 3517 1772 3589 ἀσθενείᾳ
1811 3527 1909 3584 την

256 3608 446 3666 ἑαυτοῦ
488 3608 644 3687 ἰσχὺν
699 3608 1041 3684 μεγαλύνοντι
1079 3623 1092 3638 ·
1154 3608 1198 3663 εἰ
1253 3607 1304 3664 δὲ
1363 3605 1500 3663 πολὺ
1554 3613 1647 3664 τοῦ
1702 3605 1908 3670 δέοντος

259 3700 602 3774 ἀπολίποιτο,
675 3701 764 3756 καὶ
821 3700 957 3757 οὕτω
1013 3701 1172 3780 χάρις
1226 3707 1303 3774 τῷ
1375 3699 1581 3774 ἑκάστῳ
1633 3701 1764 3778 πρὸς
1849 3701 1910 3754 τὸ

256 3790 520 3871 συμφέρον
590 3790 686 3856 τὴν
755 3799 848 3849 τοῦ
929 3791 1229 3866 πνεύματος
1309 3787 1496 3846 διδόντι
1591 3788 1904 3868 φανέρωσιν,

257 3881 408 3938 Ἐπεὶ
439 3879 552 3939 οὐδὲ
581 3880 798 3951 πάντες,
860 3877 1168 3959 ἀπόστολοι,
1202 3879 1238 3947 ἢ
1294 3876 1622 3958 διδάσκαλοι,
1681 3878 1718 3946 ἢ
1770 3901 1907 3956 προ-

253 3975 442 4050 φῆται,
476 3969 611 4026 κατά
655 3970 746 4025 τὸν
807 3966 976 4047 μέγαν
1049 3967 1368 4030 ἀπόστολον,
1429 3966 1599 4042 Ἠμῖν
1655 3964 1710 4022 δὲ
1775 3989 1909 4045 συγ-

251 4059 446 4138 γνώμη
481 4058 697 4121 πάντως
728 4057 876 4114 ἔσται
906 4059 1048 4138 παρὰ
1100 4059 1206 4113 τῶν
1248 4058 1366 4122 τοὺς
1425 4056 1644 4121 οἰκείους
1716 4054 1908 4135 λόγους

247 4147 666 4223 οἰκονομούντων
713 4146 767 4204 ἐν
821 4149 1011 4226 κρίσει,
1088 4149 1257 4204 εἰτουν
1308 4144 1582 4227 διακρίσει,
1627 4147 1763 4202 κατὰ
1819 4147 1909 4204 τὸν

248 4235 554 4312 ψάλλοντα,
611 4237 682 4299 ὡς
745 4235 802 4292 οὒ
858 4236 1100 4315 θράσους,
1172 4235 1208 4304 ἢ
1265 4233 1556 4300 ἐπιδείξεως
1625 4233 1747 4291 ἀλλ’
1801 4235 1908 4290 ὑπ-

249 4330 422 4392 ακοῆς
470 4325 558 4380 καὶ
599 4325 812 4404 ἀγάπης
844 4330 1234 4404 πνευματικῆς,
1280 4326 1367 4380 καὶ
1395 4328 1654 4403 σαρκικῆς
1712 4323 1907 4379 οἰκειό-

250 4435 414 4482 τητος
471 4413 813 4493 προθεμένοις
870 4411 1154 4471 ἀποδοῦναι
1235 4412 1474 4494 ὄφλημα,
1578 4413 1786 4468 Γένοιτο
1855 4410 1909 4467 δὲ

2001 1996 2832 2080 γειὶςὶοδὶείιθείὺυδΝρτυιη
2877 2002 3018 2063 sinit
3065 2003 3170 2064 has
3199 2003 3549 2081 procedere,
3583 2013 3648 2066 ut

2000 2089 2161 2149 nulla
2192 2107 2260 2148 ex
2292 2097 2455 2170 parte
2487 2090 2950 2171 prohibitionem
2985 2091 3267 2173 aliquam,
3299 2093 3392 2154 vel
3436 2111 3649 2174 repre-

2000 2177 2352 2240 hensionem
2383 2181 3032 2262 attrahentes.Adoptio
3058 2182 3218 2244 enim
3241 2182 3506 2244 imitatur
3536 2201 3648 2244 na-

2002 2276 2194 2329 turam
2225 2287 2238 2328 :
2267 2277 2474 2331 natura
2507 2279 2706 2332 autem
2740 2271 2921 2333 tilium
2954 2272 3116 2332 novit
3147 2291 3255 2353 per
3300 2272 3642 2351 generatio-

1996 2375 2157 2437 nem,
2192 2358 2432 2419 fratrem
2462 2378 2856 2440 nequaquam.
2885 2359 3051 2432 Quod
3081 2362 3132 2422 si
3162 2362 3404 2424 fratrem
3436 2369 3648 2423 natura

1997 2465 2311 2527 procreare
2342 2467 2458 2508 non
2491 2458 2706 2528 potest.
2744 2468 2855 2511 nec
2881 2449 3116 2530 adoptio
3147 2449 3643 2530 igitur,utimita-

1993 2536 2106 2598 trix
2140 2538 2464 2611 naturae,ad
2481 2538 2810 2616 faciendam
2838 2539 3266 2603 fraternitatem
3283 2540 3454 2602 valet.
3477 2540 3647 2602 Liciti

1996 2635 2132 2687 sunt
2157 2626 2476 2704 igitur,nec
2502 2627 2868 2690 accusationi
2895 2630 2987 2691 vel
3015 2629 3472 2710 reprehensioni
3501 2629 3648 2691 sub-

1989 2716 2136 2795 jecti
2164 2717 2635 2798 contractus,qui
2667 2727 2832 2780 extra
2861 2737 2962 2780 eos
2991 2728 3149 2794 sunt,
3183 2737 3330 2800 quos
3372 2718 3650 2800 superius

1995 2804 2250 2867 diximus
2281 2825 2348 2867 ex
2373 2807 2680 2887 sanguine,
2707 2827 2777 2870 ex
2807 2807 3114 2884 afﬁnitate,
3151 2816 3210 2870 et
3238 2816 3494 2887 utraque
3515 2809 3649 2872 atii-

1995 2893 2262 2974 liatione,
2311 2903 2440 2978 tam
2499 2915 2631 2977 quae
2680 2916 2787 2977 per
2829 2916 3064 2960 sacrum
3124 2897 3438 2978 baptisma,
3473 2916 3650 2979 quam

1995 3002 2126 3064 quae
2157 3003 2262 3064 per
2295 2984 2775 3066 adoptionem.Et
2797 3007 2993 3070 neque
3023 3006 3132 3068 per
3159 2987 3357 3048 fratris
3380 2986 3643 3069 adoptio-

1996 3092 2360 3155 nem,neque
2387 3093 2492 3155 per
2520 3075 2697 3138 aliam
2728 3096 2966 3140 causam
3000 3096 3244 3158 prorsus
3277 3084 3645 3140 evertentur.

1931 3185 1970 3236 ο
1997 3181 2127 3242 quae
2158 3182 2264 3243 per
2294 3163 2440 3242 legis
2471 3164 2770 3227 silentium
2805 3166 3332 3248 deprehendantur
3367 3166 3645 3228 effectum

1995 3251 2384 3315 habereHaec
2417 3253 2522 3315 tibi
2553 3274 2587 3316 a
2616 3255 2790 3318 nobis
2840 3267 2952 3320 tnaa
3011 3255 3318 3338 petitionis
3346 3255 3644 3336 impletio,

1998 3341 2492 3421 pretiosissimum
2526 3344 2672 3406 mihi
2703 3354 2762 3406 et
2786 3346 3204 3409 charissimum
3227 3344 3575 3426 caput.Quae
3597 3344 3648 3406 si

1997 3431 2360 3510 propositum
2397 3432 2575 3494 ﬁnem
2610 3434 3061 3515 pertingat,Deo
3083 3435 3159 3496 sit
3174 3435 3382 3515 gratia,
3409 3434 3510 3515 qui
3539 3435 3648 3495 hu-

1996 3537 2185 3580 manae
2209 3519 2603 3583 imbecillitati
2633 3541 2800 3585 suam
2833 3525 3105 3587 virtutem
3138 3527 3379 3603 copiose
3422 3524 3646 3603 elargi-

1994 3617 2129 3671 tur:
2161 3608 2316 3685 quod
2378 3610 2496 3672 sia
2526 3611 2724 3673 debito
2775 3613 2950 3693 longe
3007 3613 3163 3675 absit
3211 3614 3428 3690 ofﬁcio,
3469 3613 3646 3675 etiam

1993 3697 2078 3758 sic
2133 3699 2320 3774 gratia
2374 3701 2609 3780 cuique,
2667 3702 2770 3783 qui
2816 3705 2884 3766 ad
2920 3702 3003 3779 id,
3039 3703 3194 3784 quod
3242 3701 3641 3778 conducibile,

1993 3785 2092 3847 dat
2121 3788 2147 3829 ¹ί
2177 3787 2420 3867 spiritus
2457 3790 3172 3854 manifestationem.Nam
3191 3810 3388 3873 neque
3408 3809 3641 3866 omnes,

1993 3877 2272 3954 apostoli,
2304 3886 2403 3940 aut
2450 3879 2744 3955 doctores,
2777 3889 2878 3943 aut
2934 3882 3260 3962 prophetae,
3306 3883 3474 3961 juxta
3513 3898 3644 3942 ma-

1993 3983 2174 4042 gnum
2207 3966 2769 4046 Apostolum.Nobis
2795 3981 2993 4032 autem
3022 3970 3193 4032 venia
3218 3974 3460 4032 omnino
3485 3969 3652 4032 dabi-

1999 4061 2090 4113 tur
2122 4053 2321 4129 abiis,
2375 4057 2476 4138 qui
2529 4076 2694 4121 suam
2745 4059 3074 4122 orationem
3124 4059 3646 4141 disponuntlcum

1993 4143 2216 4218 judicio
2247 4163 2352 4207 seu
2374 4148 2876 4224 consideratione,
2904 4151 3071 4230 juxta
3101 4168 3237 4212 eum
3269 4149 3369 4231 qui
3400 4149 3599 4231 psallit
3630 4169 3645 4210 :

1995 4233 2154 4312 quod
2186 4254 2304 4296 non
2336 4237 2719 4313 audacia),vel
2759 4240 3197 4313 ostentationis,
3222 4240 3323 4301 sed
3357 4238 3646 4302 obedien-

1993 4321 2092 4381 tiaa
2119 4329 2180 4383 et
2210 4323 2535 4404 spiritualis
2556 4327 2918 4404 dilectionis,
2953 4329 3328 4410 carnalisque
3359 4329 3646 4410 proximi-

1994 4411 2128 4470 tatis
2161 4416 2649 4493 proposuerimus
2681 4417 2948 4480 debitum
3005 4418 3285 4480 reddere.
3319 4416 3444 4480 Tua
3471 4435 3648 4479 reve-

252 4506 344 4560 καὶ
375 4503 476 4570 τὴν
519 4502 618 4569 σὴν
648 4501 934 4577 τιμιότητα
985 4502 1040 4558 ἐν
1091 4509 1168 4577 τῷ
1195 4505 1358 4582 φωντὶ
1411 4509 1516 4558 τῶν
1573 4507 1665 4557 τού
1723 4501 1908 4578 Κυρίου

1996 4501 2186 4562 rentia
2220 4505 2275 4564 in
2309 4504 2442 4567 luce
2473 4515 2902 4587 przeceptorum
2932 4507 3174 4570 Domini
3207 4515 3491 4588 perpetuo
3514 4524 3647 4567 am-

254 4591 484 4649 ἐντολῶν
540 4595 853 4671 πορευθῆναι
907 4591 1373 4671 ἀμεταστρέπτως,
1476 4593 1562 4647 καὶ
1622 4593 1766 4666 ἡμᾶς
1823 4589 1907 4646 διὰ

254 4689 362 4739 τῶν
387 4687 494 4736 σῶν
520 4678 838 4758 ἱλαστηρίων
876 4677 1132 4754 δεήσεων,
1179 4682 1267 4737 καὶ
1325 4693 1514 4759 τυχεῖν
1571 4681 1668 4746 τῆς
1725 4679 1785 4735 ἐκ
1815 4678 1904 4735 δε-

251 4771 378 4839 ξιῶν
408 4773 564 4829 αὒτοῠ
591 4767 788 4836 τάξεώς
857 4790 915 4825 τε
989 4771 1077 4826 καὶ
1134 4771 1390 4843 στάσεως,
1458 4769 1594 4844 μετά
1635 4775 1741 4826 τῶν
1813 4768 1904 4824 ἀπ’

249 4864 439 4925 αἰῶνος
467 4859 928 4938 εὖαρεστησάντων
980 4863 1144 4932 αὐτῷ.
1205 4855 1269 4940 ᾯ
1326 4859 1514 4939 πρέπει
1568 4855 1712 4931 δόξα,
1773 4859 1906 4932 τιμὴ

247 4953 340 5010 καί
368 4950 556 5024 κράτος
589 4950 822 5022 αἰώνιον,
858 4956 945 5006 νῦν
973 4952 1058 5008 κοὶ
1112 4952 1184 5014 εἰς
1241 4951 1332 5007 τὸν
1399 4948 1689 5024 ἀπέραντον
1747 4949 1914 5006 αἰῶνα

251 5047 362 5098 τῶν
392 5040 618 5098 αἰώνων.
655 5040 831 5115 Ἀμήν
843 5085 854 5099 .

1993 4589 2156 4652 bulet
2181 4600 2238 4653 et
2269 4612 2377 4654 nos
2407 4613 2515 4674 per
2549 4604 2678 4657 tuas
2710 4596 3148 4678 propitiatorias
3201 4614 3431 4677 preces,
3482 4614 3650 4658 asse-

1991 4697 2253 4758 quamur
2283 4700 2316 4743 a
2348 4682 2574 4745 dextris
2605 4686 2733 4766 ejus
2765 4685 3035 4747 ordinem
3067 4693 3125 4746 et
3154 4685 3526 4764 locum,cum
3547 4685 3647 4759 iis,

1993 4767 2094 4848 qui
2126 4769 2199 4830 ab
2231 4779 2453 4834 aeterno
2485 4773 2661 4837 electi
2713 4775 2768 4836 ei
2797 4782 2958 4837 sunt.
2991 4774 3098 4838 Cui
3128 4773 3411 4854 competit
3438 4774 3647 4854 gloria,

1994 4858 2208 4934 honor,
2235 4863 3078 4942 otpotentiaaaterna,nunc,et
3107 4864 3169 4926 in
3199 4863 3495 4927 infinitum
3531 4881 3641 4926 sae-

1999 4947 2200 5009 culum
2231 4951 2610 5016 saeculorum.
2647 4955 2864 5018 Amen.

1584 5205 1849 5271 VARUE
1880 5203 2320 5273 LECTIONES.

332 5368 361 5410 ι
386 5345 668 5426 rejicuta.
739 5351 759 5426 ι,
785 5341 827 5404 ι.
870 5343 924 5407 ’1.
960 5340 1030 5406 C.
1063 5342 1138 5406 de
1165 5341 1390 5407 horrea.
1450 5343 1724 5426 {nsum},
1785 5340 1884 5404 57.
1921 5339 2000 5402 D.
2034 5341 2170 5404 eod.
2212 5349 2240 5426 ﬁt
2267 5347 2461 5408 sacris
2517 5345 2857 5410 canonibus
2904 5353 2958 5407 et
3006 5344 3130 5426 ptis
3161 5343 3392 5426 legibus
3424 5349 3662 5424 ignota.

253 5435 282 5508 tu
310 5423 518 5508 gratia
545 5425 622 5498 ei,
656 5425 1007 5508 quaeatque
1037 5441 1121 5486 em
1149 5440 1267 5486 usu
1294 5441 1404 5487 suo
1433 5423 1543 5508 dat
1571 5423 1843 5502 spiritus.
1881 5429 2064 5486 lauas
2093 5425 2367 5488 rationes
2384 5427 2820 5491 administrant
2840 5442 2975 5489 cum
2993 5423 3258 5504 judicio,
3278 5428 3408 5490 sive
3426 5423 3663 5489 discre-

254 5502 441 5586 tione,
474 5511 540 5570 ut
571 5502 712 5568 cuin
740 5502 1138 5569 Psalinorum
1169 5512 1416 5568 auctore
1444 5503 1690 5584 loquar.
