4130 6444
348 436 469 504 949

1689 439 2255 505 (ὶΗιΕΟΟοΗΟΜΑΝ
2263 443 2396 505 UM.

3619 439 3742 507 950

359 574 625 656 ἔγγραφοι)
679 575 715 645 ἢ
771 575 1010 656 ἀγράφου
1089 573 1538 643 ἐκκλησιαπικῆς
1617 572 1955 656 παραδόσεως
1987 586 2001 601 ⁸

2102 571 2458 653 scriptaa,aut
2482 592 2601 637 non
2633 574 2869 655 scriptae
2892 573 3348 638 eccclesiasticae
3377 571 3738 637 traditionis.

360 667 559 744 γίνεται
612 663 668 722 δὲ
710 663 994 740 πολλάκις,
1059 664 1319 742 βασιλέως
1390 664 1720 737 κελεύοντος,
1779 662 1865 722 διά
1890 683 2009 720 τινα

2102 661 2183 722 Fit
2211 668 2411 724 autem
2456 682 2642 744 saepe,
2683 663 2938 743 jubente
2989 663 3282 745 principe,
3340 683 3447 746 per
3483 662 3741 743 aliquam

364 753 666 831 οἰκονομίαν
732 752 1105 812 λυσιτελοῦσαν
1185 760 1361 832 κοινῇ.
1436 755 1536 813 Καὶ
1613 753 1800 833 γέγονε
1854 759 2009 810 τοῦτο

2102 750 2601 829 dispensationem
2623 749 2650 792 δ
2667 751 2908 833 publice
2938 753 3406 819 conducentem:
3444 767 3498 822 et
3521 760 3740 822 factum

363 843 450 901 ἐπὶ
530 849 639 901 τῶν
692 845 907 920 ἡμερῶν
975 852 1066 903 τοῦ
1161 841 1397 919 ἀοιδίμου
1481 842 1741 920 βασιλέως
1835 842 2011 921 κυρίου

2102 846 2183 901 est
2212 849 2482 922 tempore
2528 840 2734 922 inclyti
2772 841 3150 920 imperatoris
3194 842 3425 909 domini
3453 847 3744 912 Manuelis

362 931 617 1002 Μανουῆλ
672 933 761 989 καὶ
816 934 1309 1014 Πορφυρογεννήτου
1393 939 1693 1009 Κομνηνοῦ.
1753 938 1857 991 Τοῦ
1914 932 2014 1010 γὰρ

362 1022 673 1103 σοφωτάτου
716 1020 941 1103 Δἐκείνου
1027 1021 1311 1079 Εὗσταθίου
1390 1030 1484 1081 τοῦ
1575 1021 1711 1081 κατὰ
1795 1019 2014 1100 Φλῶρον

362 1094 606 1170 διακόνου
648 1094 798 1175 ὄντος
853 1115 953 1177 τῆς
1014 1108 1254 1190 μεγάλης
1325 1107 1668 1189 Ἐκκλησίας,
1717 1109 1806 1165 καὶ
1874 1094 2012 1185 μαί-

363 1222 551 1278 στορος
579 1207 685 1256 τῶν
713 1199 973 1278 ρητόρων,
1008 1202 1080 1264 εἷς
1138 1200 1237 1268 τὴν
1279 1197 1603 1266 Ἐκκλησίαν
1661 1204 1767 1255 τὼν
1812 1198 2016 1254 Λυκίων

363 1289 580 1369 Μυρέων
652 1291 1025 1370 ψηφισθέντος,
1083 1290 1173 1346 καὶ
1226 1287 1675 1364 καταδεξαμέκου,
1707 1288 1795 1344 καὶ
1834 1286 2014 1343 ἀσπα-

364 1378 617 1459 σαμένου,
680 1381 767 1436 καὶ
826 1375 929 1445 ἤδη
987 1378 1074 1434 καὶ
1136 1379 1267 1454 πρὸς
1338 1379 1434 1445 τὴν
1506 1377 1836 1458 χειροτονίαν
1868 1376 2012 1432 ἐτοι-

368 1467 684 1548 μασθέντος,
764 1467 1081 1545 πρόσταγμα
1170 1474 1264 1524 τοῦ
1374 1469 1659 1545 μακαρίτου
1753 1464 2013 1543 βασιλέως

364 1557 564 1614 ἐκείνου
606 1559 738 1636 πρὸς
765 1559 865 1624 τὴν
934 1554 1144 1613 σύνοδον
1214 1556 1660 1636 καταπεφοίτηκε,
1718 1553 2016 1612 διακελευόη

364 1668 547 1726 μενον,
622 1644 859 1712 δέξασθαι
928 1647 1126 1713 ταύτην
1195 1646 1608 1725 ποραιτούμενον
1671 1646 1760 1701 τὸν
1810 1644 2011 1718 Eborol-

361 1740 496 1810 θιον,
530 1749 897 1815 προσαγαγεῖν
928 1733 983 1791 δὲ
1037 1745 1221 1794 τοῦτον
1281 1737 1353 1799 εἷς
1409 1735 1509 1802 τὴν
1570 1733 1876 1811 περίκλυτον
1906 1740 2012 1790 τῶν

368 1825 795 1884 Θεσσαλονικέων
857 1823 1209 1906 μητρόπολιν,

364 1916 442 1973 Τὰ
469 1921 691 1972 τοιαῦτα
721 1915 831 1990 οὗν,
867 1916 944 1978 ὡς
1004 1913 1253 1990 εἴπομεν,
1285 1912 1529 1978 κάλευσις
1575 1913 1712 1990 μόνη
1765 1912 2016 1990 βασιλικὴ

370 2003 588 2080 δύναμιν
644 2003 763 2085 ἔχει
834 2001 1201 2061 δεταλλάττειν
1278 2025 1335 2060 τε
1420 2004 1509 2060 καὶ
1563 2016 1922 2079 καινοτομεῖν.
1961 1995 2017 2061 (Ο

366 2093 615 2171 βασιλεὺς
672 2094 796 2175 γὰρ,
856 2097 950 2150 οἶα
1018 2091 1196 2156 κοινός
1255 2092 1359 2150 τῶν
1416 2089 1749 2159 Ἐκκλησιῶν
1799 2091 2018 2163 ἐπιστη-

367 2184 651 2263 μονάρχης
678 2184 767 2240 καὶ
833 2182 908 2240 ὢν
962 2183 1050 2239 καὶ
1106 2182 1518 2262 ὀνομαζόμενος,
1570 2183 1661 2239 καὶ
1717 2179 2017 2240 συνοδικαῖς

369 2273 614 2351 γνώμαῖς
646 2273 944 2347 ἐπιστατεῖ,
977 2273 1065 2329 καὶ
1110 2274 1173 2328 τὸ
1228 2273 1380 2351 κύρος
1423 2271 1637 2334 ταύταις
1692 2271 1965 2351 χαρίζεται
2001 2290 2012 2303 ·

2099 927 2389 1019 Comneni
2404 931 3162 1019 rProphyrogennetzeﬁum
3184 932 3345 995 enim
3377 934 3747 1019 sapientissi-

2101 1037 2233 1081 mus
2254 1018 2357 1080 ille
2367 1018 3193 1102 Eustathius,qui,secundam
3215 1018 3480 1103 Florum,
3515 1043 3747 1106 magna:

2100 1108 2383 1171 Ecclesiae
2413 1108 2700 1171 diaconus
2715 1118 2775 1171 et
2798 1109 3110 1172 rhetorum
3142 1111 3510 1196 magister,in
3528 1116 3743 1180 Eccle-

2100 1195 2247 1258 siam
2277 1196 2586 1279 Lyciorum
2623 1197 2951 1279 Myreoruui
3006 1198 3234 1260 electus
3288 1195 3466 1279 esset,
3496 1212 3557 1266 et
3584 1205 3744 1266 elec-

2099 1286 2321 1349 tionem
2349 1286 2709 1358 admisisset,
2745 1287 3234 1368 amplexatusque
3259 1288 3490 1365 fuisset,
3502 1294 3746 1374 jamque

2097 1376 2171 1437 ad
2202 1375 2637 1437 ordinationem
2690 1384 2927 1457 paratus
2963 1377 3195 1456 :jussio
3245 1376 3407 1442 beati
3457 1381 3747 1462 principis

2096 1464 2257 1527 illius
2284 1466 2358 1527 ad
2386 1465 2674 1546 synodum
2722 1465 2965 1546 prodiit,
3008 1483 3125 1546 qua
3167 1468 3646 1549 praecipiebatur,
3680 1480 3748 1532 ut

2094 1552 2576 1616 Eustathius°ad
2617 1553 2895 1633 inclytam
2935 1553 3560 1621 Thessalonicensium
3616 1576 3747 1621 me-

2098 1643 2394 1724 tropolim,
2427 1662 2604 1724 quam
2654 1642 2960 1723 suscipere
3010 1643 3346 1715 recusabat,
3407 1647 3747 1722 accederet,

2099 1741 2303 1812 utpote
2330 1740 2468 1794 tunc
2490 1729 2966 1793 vacantem.Sola
2997 1731 3195 1810 igitur,
3219 1742 3286 1795 ut
3309 1733 3593 1811 diximus,
3626 1737 3746 1798 im-

1264 1827 1338 1888 ὡς
1379 1822 1631 1892 τηνικάδε
1659 1824 2011 1904 χηρεύουσαν,

2102 1821 2395 1900 peratoria
2435 1822 2628 1901 jussio
2680 1820 2945 1882 mutandi
2996 1821 3123 1882 haec
3163 1822 3605 1905 innovandique
3635 1845 3747 1907 po-

2101 1919 2371 1972 testatem
2403 1910 2603 1974 habet.
2638 1909 2965 1991 Imperator
2993 1910 3151 1972 enim
3183 1922 3249 1974 ut
3277 1914 3613 1976 communis
3641 1914 3746 1977 Ec-

2099 2000 2419 2062 clesiarum
2449 2002 2924 2081 ἐπιστημονάρχης
2956 2000 3251 2064 exsistens
3280 2010 3339 2065 et
3383 2004 3745 2081 nominatus,

2100 2089 2483 2169 synodalibus
2507 2097 2719 2170 praeest
2748 2090 3082 2161 sententiis,
3108 2098 3167 2153 et
3194 2092 3380 2154 robur
3409 2092 3752 2155 tribuit.Ec-

2100 2178 2469 2241 clesiasticos
2518 2179 2760 2242 ordines
2806 2180 3132 2260 componit,
3167 2188 3225 2242 et
3262 2180 3454 2260 legem
3486 2182 3591 2244 dat
3617 2182 3751 2244 vitae

2101 2268 2440 2350 politiaaque
2469 2268 2807 2350 eorum,qui
2835 2269 3000 2331 altari
3026 2269 3329 2332 serviunt:
3355 2271 3470 2332 hoc
3493 2271 3750 2353 amplius

366 2360 812 2430 ἑκκλησιαστικᾶς
878 2361 1050 2428 τάξεις
1120 2361 1372 2439 ῥυθμίζει,
1431 2361 1521 2417 καὶ
1589 2362 1865 2435 νομοθετεῖ
1921 2359 2015 2436 βίῳ

2102 2358 2341 2439 iudiciis
2366 2370 2393 2411 d
2424 2359 2839 2440 episcoporum
2889 2358 3393 2438 clericorumque,
3427 2367 3486 2421 et
3529 2378 3749 2422 vacan-

367 2454 456 2509 καὶ
497 2450 739 2525 πολιτείᾳ
799 2457 907 2508 τῶν
970 2460 1064 2510 τοῦ
1109 2451 1350 2527 βήματος
1417 2450 1506 2505 καὶ
1548 2449 1656 2525 μὴν
1719 2450 1806 2506 καὶ
1848 2448 2014 2515 δίκαις

366 2540 673 2598 ἐπισκόπων
733 2541 821 2597 καὶ
887 2538 1180 2619 κληρικῶν,
1240 2540 1328 2595 καὶ
1381 2539 1512 2618 πρός
1581 2559 1642 2616 γε
1672 2540 2014 2619 χηρευουσῶν

365 2632 568 2712 ψήφοις
601 2627 955 2697 Ἐκκλησιῶν.
1018 2627 1225 2707 Ἐνάγει
1295 2626 1350 2684 δὲ
1414 2629 1502 2683 καὶ
1569 2628 1676 2685 ἀπὸ
1736 2627 2013 2691 ἐλάττονος

359 2724 528 2795 τιμῆς
559 2720 631 2784 είς
687 2720 926 2795 μείζονα,
987 2714 1192 2785 δηλαδὴ
1263 2717 1371 2775 ἀπὸ
1431 2715 1739 2774 ἐπισκοπῶν
1795 2720 1867 2783 εἱς
1899 2740 2014 2793 μη-

362 2808 638 2889 τρόπολιν,
669 2811 705 2875 ἢ
735 2806 918 2887 ἀνδρὸς
994 2806 1187 2887 ἀρετὴν
1216 2805 1279 2875 Ἢ
1321 2805 1478 2863 πόλιν
1533 2812 1729 2882 τιμῶν,
1760 2813 1932 2867 Ταῦτα
1963 2805 2018 2862 δὲ

365 2899 539 2956 πάντα
568 2898 691 2976 ῥᾷόν
721 2897 830 2954 ἔστι
886 2898 1214 2972 καταμαθεῖν
1269 2896 1362 2951 τὸν
1429 2893 1697 2975 φιλομαθῆ
1768 2895 1875 2952 ἆπό
1918 2917 2018 2974 γε-

366 2994 466 3055 τῆς
493 2988 600 3045 τῶν
639 2990 791 3067 ἱερῶν
846 2988 935 3044 καὶ
995 2987 1146 3043 θείων
1192 2985 1427 3042 κανόνων
1481 2985 1854 3065 περιλήψεως,
1930 2982 2021 3041 καὶ

365 3078 473 3135 ἀπὸ
531 3083 628 3144 τῆς
741 3075 1156 3135 Ἰουστινιανείου
1238 3080 1426 3152 νεαρᾶς
1502 3074 1830 3155 νομοθεσίας,
1918 3078 2016 3144 τῆς

361 3166 610 3241 κειμένης
642 3165 695 3223 ἐν
728 3164 837 3242 ὅλῳ
863 3172 942 3241 τῷ
986 3165 1145 3245 τρίτῷ
1200 3161 1386 3241 βιϐλίῳ
1440 3170 1544 3223 τῶν
1575 3163 1874 3222 Βασιλικῶν
1905 3185 1917 3196 ·
1950 3166 2015 3221 τὰ

360 3259 480 3336 περὶ
563 3255 867 3313 ἐπισκόπων
963 3257 1053 3313 καὶ
1136 3251 1431 3334 κληρικῶν,
1544 3256 1633 3311 καὶ
1713 3255 2013 3333 προνομίων

365 3349 561 3427 αὒτῶν,
593 3347 682 3403 καὶ
737 3347 851 3422 βίου
920 3345 1321 3423 καταστάσεως,
1381 3347 1477 3402 καὶ
1542 3342 1699 3401 δικῶν
1728 3342 2012 3424 ἐγκλημα-

360 3442 525 3493 τοκῶν
580 3456 640 3493 τε
689 3436 777 3491 καὶ
855 3439 1213 3514 χρηματικῶν
1274 3434 1349 3498 εἰς
1420 3431 1622 3497 πλάτος
1707 3429 2013 3508 διαλαμϐά-

362 3548 526 3585 νοντι.
575 3526 698 3601 Καὶ,
729 3526 803 3588 ὡς
849 3521 974 3588 ἔπος
1006 3525 1201 3603 εἰπεῖν,
1246 3521 1390 3591 πλὴν
1458 3521 1622 3598 μόνου
1688 3521 1782 3578 τοῦ
1808 3524 2015 3601 ἱερουρ-

366 3628 512 3693 γεῖν,
571 3614 639 3672 τὰ
693 3612 856 3670 λοιπὰ
911 3612 1261 3692 ἀρχιερατικὰ
1314 3611 1578 3691 προνομία
1631 3610 1813 3690 σαφῶς
1873 3612 2020 3667 εἶκο-

368 3705 493 3776 νῖζει
526 3706 554 3761 ὁ
602 3701 849 3780 βασιλεὺς
906 3699 988 3782 ἐφ’
1073 3704 1158 3779 οἷς
1211 3700 1430 3782 πράττει
1513 3701 1754 3777 νομίμως
1811 3721 1869 3756 τε
1935 3695 2023 3757 καὶ

366 3816 684 3867 κανονικῳς.
717 3780 957 3873 Εὕρηται
974 3789 1030 3849 δὲ
1058 3793 1148 3849 καὶ
1176 3790 1232 3846 ἐν
1285 3780 1354 3848 ιθ’
1405 3789 1551 3869 λόγῳ
1601 3789 1697 3857 τῆς
1723 3788 2022 3863 Ἰουδαϊκῆς

362 3881 746 3964 ἀρχαιολογίας
795 3878 1026 3937 Φλαϐίου
1084 3879 1376 3952 Ἰωσήπου,
1419 3878 1699 3958 ὑπογραφὴ
1769 3877 2022 3955 βασιλικὴ

362 3971 527 4037 οὕτως
570 3970 770 4051 ἔχουσα
807 3987 822 4002 ·
871 3967 1107 4048 Τιϐέριος
1155 3965 1409 4031 Κλαύδιος
1461 3977 1667 4045 Καῖσαρ
1726 3964 2015 4044 Σεϐαστὸς,

361 4063 628 4142 Γερμανὸς
656 4059 715 4141 9,
767 4060 1045 4140 ἀρχιερεὺς
1091 4057 1369 4137 μέγιστος,
1443 4054 1792 4142 δημαρχικῆς
1865 4055 2017 4122 ἔξου-

363 4134 504 4226 σίας,
534 4134 733 4214 ὕπατός
764 4134 1155 4230 χειροτονηθεὶς
1177 4134 1261 4203 *τὸ
1313 4144 1574 4225 δεύτερον.
1623 4134 1754 4204 ’Ὅτι
1811 4144 1900 4203 οὖν
1930 4148 2017 4203 καὶ

364 4243 588 4321 Χριστὸς
619 4240 808 4319 Κυρίου
851 4240 879 4295 ὁ
905 4238 1042 4295 κατὰ
1071 4237 1283 4315 καιροὺς
1334 4232 1580 4301 ϐασιλεὺς
1636 4234 1769 4311 ἐστι,
1830 4234 1914 4291 διὰ
1954 4238 2017 4293 τὸ

363 4332 569 4411 χρίσμα
595 4331 693 4397 τῆς
722 4325 986 4407 βοσιλείας
1021 4347 1038 4365 ο
1070 4329 1098 4383 ὁ
1126 4324 1180 4382 δὲ
1226 4326 1472 4405 Χριστὸς,
1531 4326 1619 4383 καὶ
1677 4326 1804 4391 Θεὸς
1833 4326 2010 4401 ἡμῶν,

2099 2448 2244 2510 tium
2277 2447 2677 2510 Ecclesiarum
2698 2446 2995 2526 suffragiis
3022 2447 3122 2509 °.E
3151 2448 3386 2511 minore
3416 2448 3593 2512 etiam
3626 2450 3747 2511 ho-

2098 2556 2245 2599 nore
2298 2537 2371 2599 ad
2417 2537 2711 2617 majorem
2760 2536 3018 2613 reducit,
3052 2536 3127 2599 ab
3160 2537 3443 2618 episcopo
3474 2538 3752 2601 videlicet

2096 2627 2158 2689 in
2192 2626 2695 2713 τηειτοροιὶηιμοι
2716 2626 2825 2686 viri
2853 2626 3126 2687 virtutem
3172 2627 3264 2688 vel
3316 2627 3615 2689 civitatem
3645 2646 3750 2689 or-

2099 2716 2418 2779 nans.Haec
2443 2724 2638 2778 autem
2663 2716 2925 2778 omniam
2950 2715 3213 2778 studioso
3232 2716 3750 2780 facileestdiscere

2101 2825 2169 2869 ex
2200 2823 2508 2868 sacrorum
2538 2805 2999 2885 divinorumque
3035 2824 3330 2870 canonum
3362 2807 3756 2887 comprehen-

2103 2894 2391 2971 sione‘,et
2415 2895 2755 2957 Jutinianea
2785 2894 3018 2956 novella
3042 2895 3467 2956 constitutione
3486 2912 3537 2967 ε,
3565 2895 3758 2976 posita

2101 2985 2165 3046 in
2196 2992 2319 3047 toto
2350 2984 2502 3046 libro
2535 2984 2707 3046 tertio
2744 2983 3160 3048 Basilicorum.
3191 2982 3304 3056 Qui
3352 3002 3483 3064 quae
3511 2992 3650 3045 sunt
3678 2983 3754 3047 de

2103 3074 2404 3155 episcopis
2432 3082 2490 3136 et
2517 3073 2777 3151 clericis,
2811 3092 3140 3154 eorumque
3172 3073 3516 3155 privilegiis,
3548 3082 3604 3135 et
3626 3073 3758 3135 vita;

2100 3172 2345 3233 statu,et
2402 3164 2597 3225 causis
2655 3163 3072 3225 crtminalibus
3132 3173 3191 3225 et
3230 3162 3757 3244 pecuniariis,fuse

2096 3251 2457 3334 disputatEt
2489 3251 2576 3335 (ut
2604 3272 2722 3314 uno
2750 3252 2935 3316 verbo
2967 3253 3184 3331 dicam)
3221 3252 3347 3314 solo
3379 3252 3757 3315 sacrificandi

2098 3350 2348 3423 excepto
2382 3342 2742 3424 ministerio,
2776 3342 3009 3423 reliqua
3054 3341 3420 3423 pontificalia
3450 3341 3758 3423 privilegia

2096 3431 2427 3512 imperator
2454 3441 2859 3513 repraasentat,
2887 3432 3123 3513 quando
3146 3431 3412 3509 legitime
3443 3431 3757 3494 cononice-

2098 3540 2212 3602 que
2245 3521 2403 3584 facit.
2438 3523 2858 3602 lnveniturque
2889 3521 3123 3584 decimo
3156 3540 3314 3583 nono
3349 3522 3502 3583 libro
3541 3519 3755 3583 Judai-

2104 3627 2305 3674 carum
2334 3609 2745 3690 antiquitatum
2770 3610 2949 3673 Flavii
2979 3610 3615 3692 Josephi,subscriptio
3636 3610 3757 3671 im-

2106 3698 2344 3780 perialis
2370 3699 2456 3761 sic
2475 3698 2741 3762 habens:
2777 3697 3054 3763 Tiberius
3081 3698 3364 3762 Claudius
3404 3699 3598 3762 Caesar
3625 3699 3757 3763 Au-

2104 3798 2331 3871 gustus,
2365 3788 2773 3864 Germanicus,
2801 3789 3059 3870 pontifex
3084 3791 3396 3863 maximus,
3434 3788 3760 3852 tribunitiae

2106 3878 2429 3959 potestatis,
2493 3879 2702 3940 consul
2758 3887 2991 3939 creatus
3046 3879 3289 3941 iterum.
3352 3875 3520 3950 Quod
3574 3877 3758 3955 igitur

2104 3976 2315 4030 unctus
2343 3966 2582 4030 Domini
2613 3967 2689 4029 sit
2718 3976 2776 4029 et
2825 3968 2899 4041 is,
2942 3968 3044 4049 qui
3076 3986 3184 4050 pro
3215 3977 3489 4048 tempore
3518 3974 3609 4028 est
3635 3967 3753 4028 im-

2104 4064 2339 4138 perator
2372 4063 2617 4138 propter
2639 4057 2980 4119 unctionem
3012 4056 3251 4139 imperii
3279 4074 3292 4121 :
3329 4055 3601 4119 Christus
3646 4075 3756 4118 au-

2101 4155 2245 4227 tem,
2274 4155 2333 4209 et
2363 4146 2518 4208 Deus
2553 4154 2775 4216 noster,
2811 4166 2945 4208 cum
2974 4147 3133 4224 aliis,
3167 4156 3227 4209 et
3261 4145 3522 4227 pontifex
3553 4154 3759 4208 noster

2098 4235 2286 4297 factus
2314 4242 2425 4315 est,
2479 4242 2536 4303 et
2568 4235 2966 4316 praedicatur?
2999 4235 3214 4298 merito
3245 4244 3303 4299 et
3332 4236 3462 4317 ipse
3510 4234 3757 4316 pontifi-

2100 4324 2329 4387 calibus
2358 4323 2676 4386 decoratur
2703 4325 2929 4402 gratiis.

367 4420 503 4497 μετὰ
529 4424 634 4476 τῶν
678 4417 877 4497 ἄλλων,
923 4418 1012 4476 καὶ
1054 4415 1332 4496 ἀρχιερεὺς
1362 4416 1541 4495 ἡμῶν,
1572 4414 1661 4471 xtl
1689 4413 1875 4493 γέγονε
1904 4416 1991 4471 καὶ
2033 4415 2449 4493 ἆνακηρύττεται
2485 4430 2497 4444 ⁸
2533 4413 2765 4495 εὐλόγως
2797 4418 2884 4472 καὶ
2954 4416 3107 4481 αὐτὸς
3149 4415 3552 4496 ἀρχιερατικοῖς
3583 4437 3756 4473 κατα-

362 4512 647 4585 κοσμεῖται
679 4508 1003 4588 χαρίσμασιν
1014 4555 1028 4570 ,

443 4595 558 4678 Ἐρ.
590 4597 650 4655 El
692 4594 806 4653 δέον
844 4594 954 4652 ἐστὶ
999 4596 1088 4652 καὶ
1148 4594 1204 4651 ἒν
1259 4606 1378 4660 τοῖς
1433 4605 1723 4674 πορφυροῖς
1756 4590 2015 4673 ἄρχιερα-

2180 4590 2613 4671 Interrogatio.
2644 4592 2737 4655 An
2768 4601 3237 4655 consentaneum
3284 4592 3363 4655 sit
3388 4616 3417 4659 ε
3438 4592 3498 4653 in
3526 4611 3758 4675 purpu-

365 4700 538 4752 τικοῖς
584 4684 845 4761 ἕσθήμασι
887 4688 1125 4760 τεθῆναι,
1188 4684 1422 4763 καθάπερ
1475 4684 1564 4739 καὶ
1605 4682 1661 4739 ἐν
1715 4695 1834 4744 τοῖς
1903 4679 2020 4736 λευ-

273 4830 276 4833 .
364 4789 488 4842 κοῖς
535 4795 550 4810 ·
585 4774 639 4833 ἑν
670 4776 767 4851 μὲν
798 4780 877 4850 τῷ
904 4775 1166 4854 στιχαρίῳ
1221 4774 1344 4838 τοὺς
1403 4773 1700 4852 ποταμοὺς,
1743 4771 1800 4828 ἑν
1854 4768 1910 4826 δὲ
1940 4775 2019 4843 τῷ

366 4864 625 4950 φαινολίῳ
653 4860 919 4944 σταυροὺς
938 4878 953 4893 ⁸
987 4864 1076 4920 καὶ
1105 4864 1150 4920 εἰ
1181 4861 1265 4920 δεῖ
1292 4863 1380 4920 καὶ
1436 4861 1725 4943 πορφύρεον
1783 4859 2020 4939 γενέσθαι

369 4956 588 5019 σάκκον,

451 5045 580 5108 Ἀπ.
627 5045 700 5104 Τὸ
766 5043 879 5108 ἔθος
947 5045 1045 5112 τῆς
1114 5040 1436 5109 Ἐκκλησίας
1493 5042 1559 5098 τὰ
1623 5044 1861 5120 πορφυρᾶ
1919 5038 2017 5117 ἀρ-

367 5135 650 5216 χιερατικὰ
700 5137 819 5191 θεῖα
875 5132 1150 5209 ἐσθήματα
1200 5130 1347 5188 ἀπλᾶ
1415 5128 1660 5208 βούλεται
1705 5129 1872 5195 εἶναι,
1932 5127 2020 5183 καὶ

366 5224 544 5305 χωφὶς
574 5224 880 5302 προσθήκης
910 5227 1016 5279 τῶν
1060 5218 1351 5301 εἰρημένων
1395 5224 1653 5296 ποταμῶν
1709 5218 1797 5274 καὶ
1854 5237 2020 5272 σταυ-

2101 4678 2224 4743 reis
2266 4679 2709 4761 Pontificalibus
2760 4680 3136 4746 vestimentis
3165 4680 3327 4762 poni,
3362 4681 3757 4763 quemadmo-

2101 4770 2244 4830 dum
2299 4776 2359 4831 et
2418 4770 2480 4831 in
2530 4769 2722 4833 albis:
2754 4771 2816 4833 in
2859 4769 3433 4852 στιχαρίῳιιίιιιίἀεω
3484 4770 3754 4853 ﬂumina,

2102 4858 2161 4919 in
2193 4858 2478 4939 φαινολίῳί
2501 4867 2698 4923 autem
2734 4877 2970 4924 cruces.
3002 4863 3076 4923 Et
3104 4878 3178 4921 an
3210 4878 3518 4942 pupureus
3550 4877 3761 4922 saccus

2102 4948 2233 5009 ﬁeri
2263 4947 2503 5013 debeat.

2183 5037 2321 5101 Res.
2340 5038 2723 5103 Consuetudo
2753 5038 3038 5104 Ecclesiae
3067 5055 3364 5119 purpurea
3394 5038 3758 5120 pontiﬁcalia

2102 5123 2457 5188 indumenta
2478 5127 2693 5207 simpla
2724 5127 2848 5190 vult
2872 5145 3028 5205 esse,
3076 5133 3135 5188 et
3162 5126 3291 5188 sine
3336 5127 3755 5208 praedictorum

2106 5214 2419 5277 fluminum
2451 5216 2839 5298 cruciumque
2867 5214 3227 5298 adjectione.
3261 5213 3513 5281 Saccum
3559 5224 3756 5281 autem

1694 5382 1950 5449 VARLE
1996 5381 2432 5451 LECTIONES.

450 5515 481 5558 ί
507 5512 851 5593 Γερμανικός.

452 5635 481 5677 ι)
535 5629 1100 5716 ρνοριεζ-αιίᾳςιιηῃ
1129 5631 1435 5716 rationem
1492 5639 1517 5673 ο
1570 5635 1640 5693 ut
1668 5628 2012 5716 reciperent
2052 5624 2453 5716 Enstathium
2480 5626 3084 5716 tll§_renuntiari_tem,
3130 5635 3191 5716 et
3235 5628 3655 5716 perducerent
3682 5627 3761 5690 ad

375 5706 671 5797 inclytam
733 5706 1349 5797 Thessalonicenstum
1377 5706 1812 5797 __metropolim,
1869 5717 2010 5773 tunc
2067 5713 2405 5771 vacantem.
2468 5708 2494 5750 ά
2548 5706 2776 5774 litibus.
2836 5721 2860 5750 °
2888 5706 3302 5775 motionibus.
3378 5713 3400 5756 ε
3422 5707 3756 5772 volumine.

370 5809 402 5853 τ
429 5790 815 5878 ιεᾷίειαιίωιε.
849 5793 901 5848 α’
928 5810 1078 5875 opus
1101 5792 1201 5855 sit.
1235 5792 1263 5835 ει
1286 5791 1457 5874 palla
1485 5790 1760 5872 ‘perula.
