4130 6476
371 386 483 451 951

368 539 733 602 purpureum
763 538 1138 605 nequaquam
1169 522 1846 605 novit,quandoquidem
1895 536 2019 585 sac-
2040 524 2085 576 Α
2105 524 2209 598 ρῶν

372 627 474 671 cus
505 609 566 672 in
596 609 786 673 tribus
814 610 1098 674 duntaxat
1140 611 1283 674 anni
1326 611 1666 674 celebribus
1700 611 2026 677 Dominicis

366 697 534 761 festis
585 717 758 762 suum
814 699 1067 782 prabet,
1126 701 1411 763 nimirum
1450 720 1667 781 magno
1723 700 2026 763 Paschatis

364 786 702 865 Dominico,
739 791 1112 868 Pentecoste,
1144 798 1202 854 et
1231 789 1426 855 Natali
1462 791 1703 855 Christi.
1737 790 1862 853 Hoc
1908 790 2025 871 igi-

368 884 464 939 tur
492 876 634 940 satis
664 878 901 959 plenam
934 879 1116 942 ﬁdem
1155 879 1322 953 facit,
1357 898 1566 941 saccus
1596 890 1659 943 ut
1687 883 1764 941 sit
1792 898 2024 961 purpu-

371 984 535 1041 reus,
596 985 847 1030 necesse
907 986 1029 1031 non
1078 987 1211 1031 esse
1247 990 1260 1032 :
1302 988 1435 1030 cum
1468 969 1645 1031 etiam
1680 970 1799 1031 sint
1830 969 2026 1033 luctus

369 1053 635 1133 insignes
683 1074 985 1137 purpurea
1007 1056 1351 1137 hujusmodi
1379 1057 1751 1119 vestimenta.
1786 1056 1854 1120 In
1885 1057 2029 1119 solis

373 1142 537 1207 enim
608 1145 827 1227 jejunii
898 1146 1115 1210 diebus
1145 1195 1161 1224 ,
1221 1152 1279 1207 et
1348 1155 1717 1209 mortuorum
1793 1166 2031 1210 memo-

375 1251 512 1298 rns.

453 1412 890 1495 Interrogatio.
924 1412 1053 1487 Quo
1083 1415 1216 1494 jure
1248 1422 1577 1479 censentur
1627 1423 1972 1479 consecrata
1998 1435 2036 1480 ο

374 1501 601 1565 Latinis
657 1520 882 1584 azyma,
933 1503 1201 1585 profana,
1247 1522 1321 1566 an
1364 1503 1791 1568 sancta?ltem
1825 1525 2032 1569 eorum

373 1590 707 1654 ministerio
739 1593 1057 1655 servientia
1089 1602 1313 1666 vasa,et
1344 1594 1744 1656 sacerdotales
1776 1595 2032 1658 amictus

374 1688 435 1743 et
462 1681 510 1744 si
544 1681 687 1762 quid
717 1680 1717 1761 bujusmodi,etanconsentaneum
1738 1684 1813 1745 sit
1838 1703 2031 1747 annu-

375 1768 501 1832 lum
532 1770 604 1832 ab
630 1769 704 1832 iis
733 1771 973 1848 gestari.

455 1859 994 1940 Resp.Lanctorum
1012 1861 1254 1943 quidem
1279 1863 1682 1943 apostolorum
1713 1865 1787 1928 7O
1808 1883 2023 1940 canon,
2050 1851 2091 1903 Β

375 1956 432 2012 et
452 1948 621 2025 37,et
640 1951 718 2011 38
739 1949 1090 2015 Laodicena
1111 1953 1499 2034 synodi,et60
1521 1954 2028 2033 Carthaginensis,

367 2058 702 2121 azymorum
738 2041 1141 2104 meminerunt
1164 2041 1573 2119 Judaicorum,
1608 2055 1667 2104 et
1715 2044 1769 2106 fe
1787 2043 2026 2106 stivua-

373 2135 498 2192 tum
520 2135 707 2211 k,qua
728 2130 1006 2194 ﬁdelibus
1039 2131 1354 2193 mittuntur
1383 2131 1457 2193 ab
1488 2132 1889 2201 hareticis.Et
1908 2134 2033 2197 bac

372 2236 613 2282 sumere
670 2219 880 2282 ﬁdeles
939 2220 1351 2296 dehortantur,
1419 2221 1715 2303 simulque
1774 2242 1908 2285 cum
1955 2223 2032 2287 iis

370 2308 588 2370 festum
634 2308 961 2371 cetebrare.
995 2310 1399 2371 Latinicorum
1447 2322 1646 2372 autem
1695 2332 2028 2393 azymorum

373 2398 574 2460 nullus
601 2414 793 2460 canon
817 2399 1090 2461 meminit
1107 2399 1613 2482 usquam,quippe
1639 2402 1796 2482 quod
1827 2411 2029 2483 poste-

370 2487 497 2549 rius
531 2492 617 2560 (ut
639 2487 951 2568 probabile
983 2488 1093 2569 est)
1130 2506 1338 2551 eorum
1363 2508 1494 2552 mos
1526 2492 1807 2553 Romana
1830 2490 2031 2555 Eccle-

374 2576 480 2639 sia
511 2595 577 2638 se
605 2576 910 2641 luxuriose
961 2577 1374 2641 insinuaverit.
1409 2576 1489 2639 Ex
1547 2600 1662 2661 quo
1711 2599 1850 2643 vero
1899 2581 2029 2643 talis

375 2685 507 2728 mos
565 2666 832 2741 emersit,
896 2666 1066 2730 multi
1120 2675 1493 2743 nostrorum,
1550 2669 1765 2731 eximio
1814 2671 2031 2733 aﬂ‘ectu

373 2753 695 2829 ducti,suis
724 2755 966 2836 scriptis
997 2774 1105 2836 per
1137 2775 1202 2819 se
1232 2757 1370 2835 hoc,
1398 2765 1464 2820 ut
1492 2757 1778 2834 alienum,
1812 2778 2027 2841 repro-

376 2842 689 2905 baverunt.
724 2842 927 2927 Neque
957 2845 1018 2906 id
1055 2845 1258 2928 modo,
1291 2846 1398 2908 sed
1447 2856 1506 2908 et
1545 2847 1700 2929 quod
1736 2848 1811 2910 de
1841 2850 2029 2912 sancti

378 2930 638 3014 Spiritus
666 2933 1051 3014 processione
1080 2955 1114 2997 a
1141 2934 1367 2998 Latinis
1414 2936 1684 3011 traditur,
1738 2936 2027 3002 absonum

382 3022 958 3104 dissentaneumque
989 3028 1154 3086 omni
1191 3025 1365 3086 modo
1383 3036 1863 3105 coargueruntzet
1884 3030 2031 3091 mul-

374 3118 467 3176 tas
489 3130 696 3174 eorum
726 3112 872 3175 alias
901 3112 1389 3191 consuetudines,
1407 3125 1470 3176 ut
1490 3116 1797 3178 catholica
1822 3117 2028 3181 Eccle-

375 3201 480 3265 sia
512 3220 631 3264 non
664 3203 1111 3276 convenientes,
1145 3202 1580 3267 abominandas
1608 3214 2029 3287 reputaverunt

2115 3220 2276 3255 πασιν
2296 3198 2544 3278 ἤλεγξαν,
2609 3204 2706 3261 Καὶ
2759 3202 2932 3261 πολλὰ
2988 3202 3042 3261 δὲ
3090 3204 3242 3284 ἕτερα
3312 3203 3404 3270 ἔθη
3432 3202 3650 3271 τούτων,
3685 3198 3762 3261 ὤς

371 3298 430 3355 et
449 3291 1103 3373 rejecerunt.Nonnulli
1127 3300 1326 3354 tamen
1359 3292 1673 3370 benignius
1703 3313 1832 3357 rem
1862 3296 2029 3359 exci-

368 3382 603 3462 pientes
634 3381 840 3462 I,quod
857 3382 929 3444 ad
961 3382 1077 3444 alia
1105 3382 1446 3464 qui’dem,in
1480 3384 1753 3446 eamdem
1787 3404 1920 3447 cum
1956 3386 2032 3449 iis

373 3471 736 3533 sententiam
787 3470 1256 3550 descenderunt,
1290 3472 1569 3535 duritiem
1600 3482 1659 3534 et
1686 3474 2028 3555 superbiam

369 3566 800 3640 cognoscentes
812 3561 1161 3639 nationis,et
1179 3563 1551 3644 frequentem
1576 3562 1884 3626 barbarico
1894 3585 2027 3627 rum

370 3667 605 3712 morum
637 3651 1085 3732 contagionem.
1132 3651 1199 3715 In
1248 3653 1375 3715 solo
1410 3662 1612 3716 autem
1671 3652 1921 3717 articulo
1952 3655 2027 3717 de

365 3739 560 3802 sancti
581 3739 840 3822 Spiritus
869 3741 1256 3823 processione
1286 3762 1661 3825 nequaquam
1687 3744 2027 3825 adstipulati

363 3837 527 3906 sunt,
560 3838 664 3892 aut
690 3839 1149 3895 consenserunt.
1181 3832 1443 3906 Quorum
1478 3852 1631 3895 unus
1674 3842 1763 3895 est
1818 3842 1876 3895 et
1925 3853 2026 3897 sa-

364 3918 774 4001 pientissimus
812 3920 1105 4001 Bulgaria
1133 3922 1341 3984 beatus
1390 3921 1888 4004 Theophylactus,
1925 3923 2027 4005 qui

364 4008 428 4071 in
459 4009 729 4072 oratione
753 4028 789 4071 a
817 4027 881 4072 se
908 4012 1091 4073 missa
1138 4012 1212 4073 ad
1260 4010 1568 4074 Nicolaum
1627 4011 1943 4074 diaconum
1974 4023 2033 4077 et

365 4099 772 4181 Castrensem,
804 4099 907 4182 qui
952 4108 1159 4181 postea
1187 4101 1302 4162 fuit
1331 4101 1643 4166 Melesoba
1689 4101 2026 4183 episcopus,

372 4194 685 4270 postquam
706 4205 810 4250 eos
829 4189 1352 4271 reprehendit,qui
1374 4189 1717 4251 indistincte
1736 4190 1821 4251 eis
1837 4191 2032 4252 adha-

365 4286 520 4353 rent,
556 4286 615 4341 et
645 4298 853 4341 eorum
911 4298 1076 4342 sacra
1116 4280 1361 4343 omnino
1394 4280 1670 4360 rejiciunt
1693 4298 1768 4346 ωε
1807 4289 1864 4343 et
1896 4290 2029 4361 post

368 4367 881 4432 enumerationem
903 4370 1314 4450 apparentium
1349 4370 1675 4443 defectum,
1710 4370 2025 4451 persequi-

367 4465 466 4519 tur
494 4464 554 4520 et
582 4456 711 4519 hac
762 4458 825 4518 in
872 4458 1033 4520 hunc
1081 4459 1514 4540 modum:Ego
1566 4468 1762 4521 autent
1812 4459 2024 4520 horum

1801 386 1833 451 J
1839 387 1934 451 US
1973 384 2420 454 GANONIGUM

3637 382 3762 452 952

2257 536 2271 550 '
2321 520 2527 580 Σάκκον
2612 521 2666 579 δὲ
2735 532 3030 604 πορφυροῦν
3088 520 3318 586 οὖδόλως
3368 519 3712 600 ἐπιγινώσκει
3746 534 3760 549 ⁸

2109 606 2292 677 ἐπειδὴ
2322 611 2351 666 6
2381 610 2577 675 σάκκος
2610 610 2664 668 ἒν
2706 612 2845 693 τρισί
2909 613 3095 689 μόναις
3136 619 3230 670 τοῦ
3282 609 3433 675 ἔτους
3489 609 3768 688 λαμπραῖς

2113 707 2467 765 Δεσποτικαῖς
2526 702 2738 780 ἑορταῖς
2815 702 2917 769 τὴν
2990 700 3177 759 ἑαυτοῦ
3232 705 3429 782 χρῆσιν
3488 697 3718 778 παρέχει
3751 715 3764 729 ⁸

2108 785 2270 865 ἤγουν
2342 786 2396 845 ἐν
2453 795 2521 866 τῇ
2574 789 2806 869 μεγάλῇ,
2873 798 2966 848 τοῦ
3017 792 3206 873 πάσχα
3265 795 3525 871 Κυριακῇ,
3587 786 3643 843 ἐν
3699 792 3770 863 τῇ

2110 881 2483 954 Πεντηκοστῇ,
2514 879 2601 935 καὶ
2657 879 2711 935 ἐν
2753 886 2823 957 τῇ
2879 881 3123 959 γεννήσει
3177 888 3269 939 τοῦ
3342 884 3601 958 Χριστοῦ,
3629 876 3769 933 Αὐτὸ

2110 972 2233 1044 γοῦν
2262 965 2418 1024 τοῦτο
2489 966 2850 1050 πληροφορεϊν
2905 967 3118 1050 ὶξαρκεϊ
3170 970 3243 1035 ὡς
3286 972 3347 1028 οὒ
3401 968 3580 1048 χρεὼν
3622 965 3768 1023 εἶναι

2114 1054 2308 1113 σάκκον
2380 1056 2693 1137 πορφύρεον.
2758 1059 2857 1117 Καὶ
2915 1055 3027 1135 ἅμα
3110 1056 3193 1115 ὅτι
3254 1057 3472 1122 πένθους
3551 1056 3649 1111 εἶσὶ
3699 1054 3769 1110 τὰ

2112 1148 2350 1223 πορφυρᾶ
2421 1154 2633 1204 τοιαῦτα
2674 1144 2969 1227 ἐσθήματα,
3044 1148 3369 1227 σήμαντρον.
3432 1143 3520 1203 Ἐν
3579 1142 3768 1220 μόναις

2113 1232 2213 1311 γὰρ
2271 1233 2547 1310 νηστίμοις
2605 1234 2856 1317 ἡμέραις,
2899 1236 2990 1293 καὶ
3053 1234 3109 1291 ὲν
3178 1235 3536 1313 μνημοσύνοις
3606 1230 3769 1289 ἄπελ-

2111 1318 2330 1382 θόντων.

2197 1408 2516 1488 Ἐρώτησις,
2548 1420 2672 1479 [Ιῶς
2730 1413 3025 1496 λογίζονται
3055 1416 3123 1473 τὰ
3175 1414 3319 1494 παρὰ
3375 1418 3479 1470 τῶν
3535 1410 3770 1468 Λατίνων

2114 1502 2518 1579 ἱερουργούμενα
2578 1502 2772 1581 ἄζυμα,
2833 1507 3006 1580 κοινὰ,
3080 1505 3116 1575 ἢ
3177 1504 3306 1584 ἅγια
3361 1503 3613 1565 ὡσαύτως
3682 1501 3773 1557 καὶ

2114 1589 2180 1645 τὰ
2208 1590 2604 1671 ὑπουργούμενα
2658 1594 2845 1658 αὐτοῖς
2916 1594 3103 1674 σκεύη,
3163 1595 3251 1650 καὶ
3303 1592 3542 1672 ἱερατικά
3571 1589 3766 1670 ἄμφια,

2113 1679 2201 1734 καὶ
2231 1678 2284 1733 si’
2313 1702 2363 1737 τι
2411 1688 2649 1739 τοιοῦτον
2683 1700 2697 1715 ⁸
2757 1685 2844 1741 καὶ
2908 1685 2953 1741 εἰ
3004 1682 3225 1762 ἕλλογόν
3273 1682 3382 1739 ἐστι
3439 1683 3500 1738 τὸ
3555 1680 3769 1743 τούτους

2113 1764 2571 1850 δακτυλιοφορεῖν.

2195 1853 2320 1943 ’A_1t.
2380 1857 2439 1917 Ὀ
2483 1861 2580 1943 μὲν
2634 1864 2662 1919 6
2719 1869 2828 1919 τῶν
2885 1863 3049 1943 ἁγίων
3091 1860 3404 1921 ἀποστόλων
3476 1860 3651 1917 κανὼν

2114 1935 2362 2017 ὁλζ’καὶ
2393 1951 2421 2005 6
2469 1935 2563 2017 ληΙ
2631 1956 2729 2019 τῆς
2789 1951 2843 2008 ἐν
2904 1935 3185 2025 Ᾰαοδικείᾳ
3237 1949 3476 2030 συνόδου,
3533 1948 3622 2005 καὶ
3652 1950 3679 2004 6
3721 1936 3770 2014 ξ’

2111 2041 2210 2103 τῆς
2266 2038 2323 2092 ἒν
2377 2039 2705 2119 Καρθαγένῃ,
2789 2041 3003 2117 ἀζύμων
3099 2042 3364 2118 μέμνηναι
3448 2043 3554 2095 τῶν
3626 2034 3768 2095 ἰουο

2112 2122 2313 2182 δαῖκῶν
2374 2129 2460 2184 καὶ
2530 2128 2908 2209 ἑορταστικῶν,
2952 2131 3315 2208 πεμπομένων
3356 2140 3475 2193 τοῖς
3546 2139 3765 2189 πιστοῖς

2113 2215 2255 2294 παρᾶ
2282 2222 2388 2273 τῶν
2420 2220 2694 2297 αἱρετικών
2729 2237 2742 2250 ⁸
2805 2221 2892 2278 καὶ
2961 2220 3316 2301 ἀποτρέπουσι
3375 2219 3467 2274 καὶ
3505 2218 3568 2273 τὶ
3623 2214 3770 2291 λαμ-

2112 2300 2285 2361 ϐάνειν
2362 2316 2548 2383 ταῦτα,
2645 2311 2732 2366 καὶ
2818 2311 2880 2367 τὸ
2975 2300 3333 2388 συνεορτάζειν
3405 2310 3591 2371 αὐτοῖς
3647 2305 3771 2368 τοὺς

2112 2394 2351 2456 πιστούς.
2386 2400 2686 2454 Λατινικῶν
2711 2397 2766 2455 δὲ
2813 2399 3026 2476 ἀζύμων
3082 2397 3252 2463 αύδεὶς
3335 2395 3562 2473 ούδαμοῦ
3594 2394 3770 2451 κανὼν

2112 2480 2379 2556 μέμνηται
2413 2493 2429 2519 ⁶
2459 2489 2551 2542 οἷα
2603 2485 2842 2568 ὕστερον,
2899 2491 2970 2554 ὡς
3026 2487 3189 2566 ἔοικε,
3258 2493 3351 2544 τοῦ
3402 2491 3509 2543 τῶν
3554 2483 3765 2560 ἀζύμων

2112 2568 2257 2635 ’έθους
2315 2571 2368 2630 ἐν
2422 2579 2491 2650 τῇ
2543 2578 2646 2633 τῶν
2707 2568 2979 2653 Ῥωμαίων
3059 2575 3353 2650 Ἐκκλησία
3420 2572 3764 2649 ἐπεισκωμά-

2113 2681 2324 2725 σαντος.
2380 2661 2467 2729 Ἐξ
2522 2664 2583 2721 οὗ
2639 2666 2816 2741 μέντοι
2911 2668 2972 2723 τὸ
3054 2673 3290 2724 τοιοῦτον
3341 2662 3454 2728 ἔθος
3510 2661 3764 2738 ἀνέκυψε,

2111 2748 2302 2808 πολλοὶ
2354 2758 2459 2809 τῶν
2528 2754 2824 2835 ἡμετέρων,
2900 2756 3037 2813 κατὰ
3124 2753 3287 2827 ζῆλον
3343 2749 3765 2830 ὑπερϐάλλοντα,

2114 2842 2518 2918 συγγράμμασιν
2576 2842 2718 2910 ἰδίοις
2774 2841 2891 2903 καθ’
2950 2846 3162 2912 ἑαυτοὺς
3214 2847 3287 2908 ὡς
3331 2840 3550 2923 ἔκφυλον
3609 2848 3765 2898 τοῦτο

2114 2927 2562 3009 ἀπεσκοράκισαν.
2596 2938 2668 2992 Οὐ
2700 2933 2863 3010 μόνον
2895 2932 2991 3009 ῗδὲ,
3042 2935 3179 2991 ἀλλὰ
3235 2937 3323 2991 καὶ
3389 2935 3450 2990 τὸ
3507 2932 3624 3010 περὶ
3666 2935 3767 2997 τῆς

2114 3016 2473 3100 ἐκπορεύσεως
2530 3033 2623 3082 τοῦ
2678 3025 2828 3103 ἁγίου
2908 3026 3209 3102 Πνεύματος
3308 3037 3424 3086 τοῖς
3525 3020 3767 3083 Λατίνοις

2114 3106 2583 3194 δογματιζόμενον,
2647 3112 2844 3187 ἀπᾷδον
2950 3113 3030 3171 ἐαὶ
3136 3115 3473 3195 ἆπεμφαϊνον
3552 3110 3763 3170 παντά-

3700 3197 3729 3219 ν

2567 3162 2583 3194 ³

2112 3294 2181 3363 τῇ
2230 3288 2488 3368 καθολικῇ
2547 3290 2839 3367 Ἐκκλησία
2894 3295 2971 3369 μὴ
3042 3293 3445 3366 ἀκολουθοῦντα,
3507 3288 3765 3367 βδελυκτὰ

2113 3374 2440 3457 ὲλογίσαντο,
2501 3382 2589 3437 καὶ
2644 3382 2948 3446 ἀπώσαντο.
3000 3373 3181 3441 ’Ἔνιοι
3238 3383 3417 3459 μέντοι
3474 3378 3767 3462 φιλανθρω-

2112 3466 2334 3554 πότερον
2393 3476 2470 3545 τῷ
2528 3471 2798 3549 πράγματι
2869 3474 3231 3554 χρησάμενοι,
3337 3472 3423 3528 ἐπὶ
3492 3470 3589 3546 μὲν
3644 3482 3764 3531 τοῖς

2112 3553 2298 3623 ἅλλοῖς
2348 3557 2747 3638 συγκατέϐησαν
2804 3553 3014 3643 αὐτοῖς,
3068 3564 3129 3619 τὸ
3185 3568 3279 3618 τοῦ
3347 3558 3523 3624 ’έθνους
3568 3556 3763 3622 εἰδότες

2109 3644 2339 3725 σκληρὸν
2374 3650 2462 3705 καὶ
2504 3648 2808 3731 ἀγέρωχον,
2855 3653 2941 3708 καὶ
3010 3649 3352 3731 βαρϐαρικοῖς
3403 3651 3476 3715 ὡς
3520 3645 3767 3705 ταπολλὰ

2109 3740 2671 3817 συναναχρωννύμενον
2745 3739 2946 3816 ἤθεσιν,
3006 3740 3091 3798 ἐπὶ
3155 3741 3305 3817 μόνῳ
3372 3737 3428 3796 δὲ
3494 3745 3573 3813 τῷ
3643 3739 3765 3817 περὶ

2107 3830 2206 3891 τῆς
2276 3826 2370 3884 τοῦ
2441 3829 2589 3907 ἁγίου
2661 3832 2964 3907 Πνεύματος
3045 3831 3405 3909 ἐκπορεύσεως
3521 3826 3764 3903 οὐδαμῶς

2115 3919 2598 3997 συγκεχωρήκεσαν
2649 3923 2736 3977 καὶ
2793 3922 3106 3998 συνῄνεσαν.
3154 3916 3249 3975 Ὧν
3326 3923 3408 3984 εἷς
3464 3921 3574 3975 ἔστι
3604 3919 3691 3974 καὶ
3735 3918 3764 3973 6

2114 4005 2418 4085 σοφώτατος
2466 4006 2789 4089 Κουλγαρίας
2847 4013 2875 4067 6
2946 4010 3272 4090 μακαριστὸς
3333 4007 3701 4090 Θεοφύλακτος
3738 4025 3753 4039 ⁸

2113 4095 2171 4157 ὃς
2214 4094 2268 4151 ἐν
2297 4101 2373 4170 τῷ
2402 4098 2531 4172 πρὸς
2592 4097 2853 4156 Νικόλαον
2923 4097 3185 4175 διάκονον,
3246 4099 3332 4156 καὶ
3394 4097 3757 4177 Κανατρίσὶον,

2112 4186 2203 4242 τὸν
2259 4185 2470 4267 ὕστερον
2528 4188 2816 4248 ἐπίσκοπον
2873 4187 3203 4264 Μελεσόϐης,
3289 4188 3576 4269 πεμφθέντι
3633 4186 3760 4269 παρ’

2110 4277 2268 4335 αὐτοῦ
2309 4275 2475 4357 λόγῳ,
2551 4281 2685 4354 μετὰ
2753 4281 2814 4337 τὸ
2870 4279 3179 4357 μέμψασθαι
3274 4292 3392 4342 τοῖς
3449 4276 3759 4357 ἀδιακρίτως

2110 4365 2555 4445 προσφερομένοις
2587 4366 2793 4449 αὐτοῖς,
2838 4370 2927 4429 καὶ
2968 4370 3033 4425 τὰ
3082 4370 3250 4425 αὖτῶν
3305 4364 3761 4442 ἆποϐαλλομένοις

2111 4452 2334 4510 καθόλου
2368 4473 2382 4488 ⁸
2417 4457 2503 4511 καὶ
2546 4457 2681 4530 μετὰ
2735 4458 2833 4526 τὴν
2892 4459 3249 4538 ἀπαριθμησιν
3306 4462 3411 4513 τῶν
3468 4453 3761 4512 δοκούντων

365 4545 483 4610 alia
492 4547 735 4630 quidem
749 4546 911 4609 nulla
928 4519 1734 4630 animadversioneindigere
1746 4547 2022 4623 arbitror,

2546 4519 2556 4530 _
2792 4519 2803 4526 .
3004 4519 3015 4538 ,
3087 4519 3097 4533 ,
3153 4519 3162 4524 .

2115 4540 2501 4621 ἐλαττωμάτων
2551 4547 2745 4622 αὐτῶν,
2805 4549 2893 4604 καὶ
2934 4555 3098 4604 ταῦτα
3140 4546 3278 4604 οὕτω
3316 4544 3553 4612 διέξεισιν
3587 4562 3601 4577 ⁸
3637 4546 3759 4623 Εγὼ

363 4636 481 4700 alia
500 4644 700 4700 autem
722 4635 1036 4709 mediocri,
1062 4645 1120 4700 et
1136 4658 1269 4720 qua
1292 4639 1498 4721 possit,
1536 4638 1587 4700 si
1618 4637 1857 4719 quidem
1884 4656 2026 4720 per-

364 4726 579 4791 fecerit
607 4725 929 4809 quispiam,
965 4745 1174 4809 parum
1199 4728 1484 4791 Ecclesia
1502 4728 1815 4807 indulgere
1831 4756 1860 4787 n
1891 4744 1904 4789 :
1932 4726 2027 4789 sin

363 4817 584 4899 minus,
607 4833 803 4898 neque
833 4815 1116 4878 damnum
1148 4818 1384 4895 afferre,
1422 4817 1579 4900 quod
1612 4816 2025 4897 imperfectum

360 4907 669 4970 remansit.
705 4904 874 4980 Quod
897 4914 1097 4970 autem
1128 4908 1388 4971 maxime
1420 4908 1567 4970 mihi
1596 4907 1835 4970 videtur
1856 4905 2026 4970 Lati-

363 5016 580 5060 norum
613 4995 959 5059 societatem
989 4996 1142 5060 bene
1161 4998 1561 5062 senttentibus
1596 4994 2022 5060 exsecrandam

358 5085 644 5167 reddere,
668 5092 729 5147 et
757 5085 914 5166 quod
945 5104 1065 5148 non
1098 5088 1505 5163 emendatum,
1529 5104 1805 5167 magnum
1827 5082 2028 5147 conci-

2110 4629 2165 4687 δὲ
2206 4634 2295 4688 καὶ
2350 4633 2547 4689 τούτων
2605 4637 2669 4691 τὰ
2720 4636 2817 4713 μὲν
2860 4635 3103 4712 οὐδεμιᾶς
3177 4635 3497 4715 ἐπιστροφῆς
3552 4633 3756 4692 δεῖσθαι

2110 4722 2326 4793 νομίζω,
2387 4722 2452 4778 τὰ
2501 4720 2578 4802 δὲ,
2641 4726 2878 4805 μετρίας,
2954 4726 3041 4783 καὶ
3095 4725 3237 4805 οἵας,
3291 4727 3336 4783 εἰ
3394 4726 3492 4801 μὲν
3554 4723 3761 4781 ἀνύσειέ

2109 4833 2210 4883 τις,
2249 4812 2409 4892 μικρὰ
2436 4818 2504 4888 τῇ
2532 4812 2827 4888 Ἐκκλησία
2855 4816 3159 4895 χαρίζεσθαι
3192 4831 3207 4847 ⁸
3256 4817 3301 4871 εί
3359 4812 3429 4895 δ’-
3463 4813 3574 4894 οὖν,
3619 4811 3756 4870 ἀλλὰ

2111 4899 2247 4977 μηδὲ
2274 4887 2488 4977 ζημίαν
2515 4924 2576 4980 γε
2620 4887 2813 4961 τιθέναι
2859 4887 2946 4960 τὸ·
2972 4887 3336 4969 ἆνεξάνυστον,
3408 4887 3471 4961 “0
3530 4887 3761 4977 μάλιστά

2107 5014 2195 5067 μοι
2241 4988 2297 5047 δὲ
2357 4988 2506 5048 δοκεῖ
2575 4993 2668 5049 τὸν
2726 4995 2858 5072 πρὸς
2918 4993 3167 5058 Λατίνους
3224 4992 3501 5051 κοινωνίαν
3556 5005 3673 5056 τοῖς
3705 4990 3762 5047 εὖ

2104 5088 2347 5161 φρονοῦσι
2377 5093 2556 5138 ποιεῖν
2584 5081 2893 5159 ἀπώμοτον,
2939 5084 3026 5140 καὶ
3091 5083 3119 5138 ὃ
3176 5084 3254 5159 μὴ
3324 5081 3764 5161 κατορθούμενον,

358 5174 504 5239 liato
526 5174 808 5237 damnum
859 5174 966 5237 ﬁlii
1016 5175 1369 5254 hareditati,
1420 5195 1593 5259 quam
1642 5176 1704 5238 in
1735 5172 2017 5255 gentibus

2115 5170 2352 5251 ιεγάλην
2382 5168 2625 5250 προξενεῖ
2664 5171 2764 5239 τὴν
2836 5173 3029 5248 ζημίαν
3088 5178 3157 5250 τῇ
3197 5179 3289 5229 τοῦ
3331 5174 3442 5227 υἱοῦ
3496 5168 3765 5259 κληρονο-

355 5263 589 5362 aecepit
618 5280 633 5327 :
666 5263 782 5326 hoc
802 5262 1340 5362 .ﬁbifstendamat
1368 5256 2012 5362 de_m_ons_trabo,quan-

2115 5263 2213 5335 ιίᾳ,
2260 5261 2327 5327 ἣν
2359 5259 2412 5316 ἐν
2456 5274 2573 5325 τοῖς
2607 5260 2803 5318 ἔθνεσιν
2862 5259 3041 5321 ἔλαϐε.
3121 5262 3290 5321 Τοῦτό
3347 5282 3430 5317 σοι
3497 5261 3598 5362 καὶΙ
3615 5256 3764 5325 δείξω

354 5362 482 5416 tum
511 5353 577 5417 in
604 5368 704 5414 me
730 5350 866 5415 erit.
898 5352 982 5416 Et
1018 5356 1206 5436 paulo
1250 5363 1385 5439 post
1416 5375 1437 5417 :
1466 5356 1573 5420 Est
1607 5346 2010 5436 igitur'maxi-

2115 5353 2177 5411 Lati
2232 5346 2503 5430 διελέγξω,
2536 5351 2758 5407 καθόσον
2780 5349 2975 5412 ἔνεστι.
3009 5351 3106 5409 Καὶ
3152 5351 3288 5430 μετά
3343 5371 3462 5409 τινα
3494 5364 3508 5380 ⁸
3562 5346 3754 5408 ’Ἑστιν

1683 5521 1948 5590 VARIE
1990 5515 2432 5586 LECTIONES.

348 5737 361 5750 .
458 5740 469 5753 .
497 5670 583 5753 an
609 5655 890 5753 aliq'aam
919 5662 1224 5753 rationem
1252 5659 1488 5753 habeat,
1523 5658 1680 5741 quod
1711 5657 2030 5753 anxiatum.
2065 5662 2325 5753 gestant.
2348 5650 2386 5747 _“
2414 5661 2468 5753 et
2510 5653 2888 5753 festtyooratn.
2928 5652 2940 5696 '
2973 5673 3098 5720 rem
3163 5657 3462 5739 aggressi.
3501 5673 3547 5703 ιιι
3608 5656 3741 5719 sine

328 5736 564 5818 judicio
591 5736 673 5800 ad
701 5736 841 5801 ittos
869 5742 1185 5824 accedunt,
1215 5748 1273 5805 et
1300 5758 1416 5805 sua
1442 5736 1695 5821 prorsus
1723 5740 2047 5819 objiciunt.
2067 5736 2106 5792 ἰι
2139 5736 2382 5817 largiri.
2417 5743 2439 5771 °
2470 5736 2846 5801 conciliabit.
