4130 6418
340 390 461 461 953
1668 395 1984 469 ϐΜΟΟ-ξ

2068 396 2390 464 ιΜΑΝυΜ.
3607 402 3727 471 054

340 531 430 590 οὖν
472 531 535 589 τὸ
572 531 822 613 μέγιστον
864 534 1041 593 ἐκεῖνο
1082 532 1322 611 σφάλμα,
1380 534 1469 593 καὶ
1513 541 1669 593 τοῦτο
1697 534 1763 605 δὴ
1805 534 1984 593 τὸτοῦ

2071 547 2232 592 mum
2264 530 2411 595 illud
2444 541 2730 617 erratum,
2763 541 2845 617 et,
2877 543 2941 598 ut
2968 534 3307 601 Salomonis
3337 544 3468 601 utar
3497 537 3720 616 verbis,

342 619 713 698 Σολομῶντος,
756 622 881 698 ᾅδου
922 624 1181 703 πεταύρου
1233 623 1418 682 ποιοῦν
1489 630 1768 705 συναντᾷν,
1827 626 1862 694 ἦ
1934 624 1984 680 ἂν

2071 617 2384 685 incurrere
2429 622 2653 687 faciens
2702 624 2767 687 in
2818 626 3090 708 laqueum
3142 627 3387 704 inferni,
3424 628 3724 692 innovatio

340 717 418 787 τῷ
469 715 567 779 τῆς
637 712 865 779 πίστεως
937 710 1187 789 συμϐόλῳ
1258 714 1570 790 καινοτομίᾳ
1602 729 1619 747 '
1693 714 1761 781 ἣν
1801 713 1990 784 ἐποιή-

340 820 521 883 σαντο,
594 800 1044 883 ἆνακηρύττοντες
1112 802 1175 859 τὸ
1231 804 1443 878 Πνεῦμα
1512 803 1572 860 ἐκ
1638 810 1730 861 τοῦ
1786 805 1989 883 Πατρὸς

336 880 433 946 καῖ’
479 888 542 947 ἐκ
606 900 701 951 τοῦ
757 880 879 950 ficii
930 892 1321 973 ἐκπορεύεσθαι.
1380 892 1478 950 Καὶ
1549 893 1684 969 μετά
1751 880 1925 951 πολλά
1970 910 1987 928 ⁶

338 976 488 1037 Ἐπεὶ
515 977 569 1036 δὲ
598 980 687 1037 καὶ
734 982 853 1061 περὶ
896 986 994 1051 τῆς
1058 987 1360 1062 προσφορᾶς
1404 987 1511 1039 τῶν
1558 982 1768 1055 ἀζύμων
1825 981 1990 1047 πολὺς

335 1070 366 1126 ὃ
419 1067 582 1141 ζῆλος
624 1082 744 1137 τοῖς
786 1069 1038 1153 πολλοῖς,
1085 1073 1173 1129 καὶ
1228 1073 1390 1151 πυρὸς
1444 1073 1778 1154 θερμότερος,
1839 1073 1868 1129 δ
1925 1071 1990 1141 δὴ

334 1156 549 1236 λέγεται
583 1173 601 1191 ⁸
654 1161 743 1218 καὶ
787 1159 1039 1242 πρότερον
1083 1159 1147 1218 ἂν
1174 1161 1269 1226 τὰς
1302 1161 1484 1241 ψυχὰς
1525 1162 1797 1242 πρόοιντο,
1826 1161 1864 1231 ἢ
1891 1162 1989 1229 τὴν

335 1248 458 1327 περὶ
508 1247 709 1305 τούτων
773 1246 925 1316 δόξαν
969 1252 1138 1308 αὐτῶν
1181 1248 1538 1330 παραλύσαιεν
1579 1266 1585 1273 ’
1643 1253 1691 1307 οἱ
1747 1248 1802 1308 δέ
1851 1273 1990 1316 τινες

334 1337 426 1393 καὶ
485 1336 661 1412 οἰκείῳ
730 1338 884 1396 πάθει
937 1340 1406 1420 καταχαρίζονται,
1486 1339 1574 1397 καὶ
1657 1340 1816 1418 παγὶς
1899 1350 1990 1400 τοῦ

334 1422 579 1483 διαϐόλου
633 1432 711 1501 τῷ
746 1425 938 1503 Παύλῳ
995 1426 1147 1485 δοκεῖ
1180 1445 1199 1463 ⁸
1255 1428 1289 1484 ἃ
1333 1428 1433 1503 μὲν
1476 1425 1563 1485 δεῖ
1597 1429 1730 1508 πρὸς
1773 1428 1987 1494 τούτους

336 1514 532 1594 εἰπεῖν,
577 1511 632 1569 ἓν
678 1514 877 1596 ὑστέρῳ
931 1514 1171 1593 λέξομεν,
1219 1516 1279 1573 1‘0
1316 1524 1440 1597 μὲν,
1483 1517 1545 1573 τὸ
1602 1515 1829 1597 ἄμετρον
1896 1517 1991 1576 τοῦ

2073 707 2134 800 in
2166 710 2307 773 ﬁdei
2326 713 2803 797 symbolo,quam
2818 707 3111 792 fecerunt,
3140 717 3571 800 promulgando
3595 717 3726 800 Spi-

2074 798 2252 888 ritum
2287 819 2356 863 ex
2388 803 2561 865 l’atre
2593 812 2652 865 et
2681 802 2831 865 Filio
2859 798 3207 885 procedere.
3242 807 3322 870 Et
3346 798 3484 888 post
3505 798 3714 870 mulio.

2075 887 2366 962 Quoniam
2394 899 2591 955 autem
2623 900 2681 955 et
2710 891 2787 957 de
2828 912 3162 975 azymorum
3192 887 3491 958 oblatione
3521 896 3726 960 multis

2075 995 2325 1056 magnus
2354 988 2448 1044 est
2476 981 2663 1057 zelus,
2711 990 2770 1046 et
2801 983 2936 1063 igne
2966 984 3290 1060 ardentior,
3347 985 3500 1067 quod
3534 984 3720 1065 aiunt,

2074 1076 2133 1129 et
2161 1068 2325 1149 prius
2349 1070 2579 1134 animas
2599 1072 2932 1148 amiserint,
2967 1090 3144 1155 quam
3170 1074 3517 1155 Opinionem
3536 1074 3613 1136 de
3631 1075 3723 1137 bis

2070 1174 2237 1219 suam
2264 1158 2667 1223 destituerint.
2695 1160 2946 1234 Quidam
2975 1171 3171 1224 autem
3206 1173 3265 1225 et
3296 1164 3536 1245 proprio
3559 1161 3723 1226 blan-

2071 1246 2318 1309 diuntur
2345 1248 2607 1332 aﬁ‘ectui,
2639 1258 2698 1313 et
2728 1251 2976 1333 laqueos
3025 1251 3250 1314 diaboli
3279 1252 3461 1317 Paulo
3490 1252 3724 1315 videtur

2070 1334 2213 1408 Quae
2241 1337 2301 1398 in
2332 1338 2441 1400 bos
2472 1339 2728 1403 dicenda
2759 1351 2923 1416 sunt,
2973 1342 3270 1422 posterius
3300 1342 3670 1423 proferemus
3701 1359 3716 1405 :

2073 1424 2324 1489 aliorum
2355 1427 2595 1508 quidem
2620 1429 3079 1493 immoderatum
3109 1431 3301 1493 zelum
3328 1430 3641 1512 punientes
3669 1445 3718 1507 ι),

2073 1513 2205 1576 aliis
2235 1524 2431 1580 autem
2454 1516 2750 1598 abjectum
2773 1519 3160 1583 ostendentes
3180 1520 3335 1602 quod
3361 1540 3478 1582 non
3502 1528 3589 1582 est
3609 1518 3719 1583 ab-

332 1600 499 1674 ζήλου
566 1601 902 1680 κολάζοντες,
964 1616 1083 1669 τοῖς
1152 1603 1206 1661 δὲ
1280 1604 1525 1663 ταπεινὸν
1580 1603 1872 1670 δεικνύντες
1927 1608 1984 1663 τὸ

2068 1602 2296 1683 jectum
2325 1640 2353 1683 ει
2375 1605 2459 1670 Et
2488 1626 2704 1671 rursus
2717 1616 2858 1689 post
2882 1609 3077 1672 multa
3104 1631 3124 1672 :
3154 1600 3225 1671 Et
3254 1608 3723 1672 occidentalibus

334 1690 717 1756 ἀταπείνωτον,
754 1694 853 1751 Καὶ
882 1693 1027 1758 αὖθις
1072 1694 1206 1770 μετὰ
1253 1693 1429 1752 πολλά
1455 1710 1470 1726 ⁸
1521 1696 1620 1754 Καὶ
1661 1708 1781 1760 τοῖς
1842 1705 1984 1753 Δυτι-

2073 1692 2253 1771 igitur
2269 1694 2320 1757 si
2342 1695 2487 1778 quid
2511 1698 2570 1759 in
2585 1696 2860 1779 dogmate
2877 1698 3347 1780 peccatur,quod
3365 1698 3440 1761 de
3461 1699 3638 1761 Patre
3654 1698 3721 1760 ﬁ-

333 1794 457 1845 κοῖς
500 1782 673 1839 τοίνυν
703 1781 808 1840 εἴτι
874 1783 974 1860 μὲν
1026 1786 1145 1864 περὶ
1207 1784 1268 1842 τὸ
1337 1783 1511 1863 δόγμα
1552 1783 1981 1866 διαμαρτάνεται,

2072 1782 2210 1843 dem
2242 1798 2264 1828 ι’
2284 1786 2582 1849 concutiat
2613 1787 2997 1869 (quale,quod
3025 1792 3082 1849 in
3109 1786 3374 1869 symbolo
3400 1787 3474 1851 de
3496 1785 3719 1868 Spiritu

333 1871 433 1939 τὴν
500 1872 763 1952 πατρικὴν
820 1874 994 1931 πίστιν
1046 1872 1289 1949 σαλεῦον,
1363 1878 1482 1931 οἷον
1550 1872 1616 1943 δὴ
1671 1877 1733 1934 τὸ
1802 1875 1855 1933 ἐν
1909 1883 1984 1951 τῷ

2069 1881 2273 1933 sancto
2294 1874 2720 1956 adjectum,ubi
2745 1877 3076 1959 periculum
3105 1876 3600 1958 maximum),hoc
3617 1875 3720 1958 qui

335 1958 585 2036 συμϐόλῳ
660 1963 778 2041 περὶ
828 1972 922 2023 τοῦ
977 1963 1126 2042 ἁγίου
1168 1964 1471 2040 Πνεύματος
1526 1965 1933 2045 προστιθέμενον
1968 1985 1980 1999 ’

2069 1978 2186 2021 non
2207 1961 2454 2043 dignum
2479 1958 2854 2029 correctione
2885 1967 3306 2044 'concesserit,
3340 1966 3513 2028 venia
3552 1965 3715 2027 indi-

334 2048 455 2107 ἔνθα
524 2052 553 2108 ὁ
610 2049 842 2118 κίνδυνος
915 2052 1164 2131 μέγιστος
1200 2073 1215 2091 ο
1294 2062 1450 2113 τοῦτο
1506 2054 1584 2131 μή
1655 2052 1984 2134 διορθώσεως

2068 2052 2357 2137 gnuszetsi
2374 2055 2624 2117 athrono
2635 2056 2816 2118 verba
2827 2056 3275 2137 faciantﬁquem
3288 2055 3602 2118 sublimem
3617 2074 3716 2118 su-

332 2137 639 2215 ἆξιούμενον
701 2148 1019 2222 συγχωρῶν,
1078 2142 1463 2223 ἀσυγχώρητος
1496 2159 1510 2174 ⁸
1571 2142 1668 2201 κᾶν
1726 2144 1831 2201 ἀπὸ
1894 2152 1984 2202 του

2068 2136 2284 2203 blimes
2304 2145 2835 2226 proponuntu.etsi
2872 2147 3029 2208 Petri
3044 2136 3479 2209 eonfessionem
3515 2143 3714 2226 profe-

330 2228 515 2308 θρόνου
569 2230 691 2296 τοὺς
762 2230 951 2310 λόγους
1026 2238 1310 2313 ποιῶνται,
1370 2233 1428 2288 ὃν
1509 2232 1717 2309 ὑψηλὸν
1793 2233 1984 2310 ὑψηλοῖ

2075 2235 2232 2305 rant,
2263 2240 2320 2293 et
2354 2232 2402 2294 si
2421 2234 2549 2314 ejus
2584 2234 3083 2298 beatiﬁcationem
3109 2236 3549 2311 circumferant,
3587 2232 3715 2295 etsi

332 2318 636 2398 προτιθέασι
671 2338 687 2354 ⁸
744 2319 844 2379 κᾶν
887 2320 988 2388 τὴν
1043 2331 1136 2381 τοῦ
1178 2320 1376 2401 Πέτρου
1419 2320 1706 2402 ὁμολογίαν
1762 2321 1991 2404 προϐάλ-

329 2405 553 2483 λωνται,
595 2407 692 2466 κᾶν
722 2410 813 2466 τὸν
854 2408 942 2467 ἔπ’
986 2409 1161 2488 ἐκείνῃ
1221 2413 1554 2491 μακαρισμὸν
1603 2411 1918 2493 περιφέρωσι
1965 2432 1983 2448 ο

329 2496 432 2555 κᾶν
473 2499 570 2562 τὰς
600 2496 752 2563 κλεῖς
794 2504 895 2567 τῆς
917 2498 1186 2578 βασιλείας
1209 2501 1347 2576 ἡμῖν
1376 2500 1666 2564 ἐπισείωσι,
1700 2502 1799 2559 Καὶ
1826 2500 1985 2558 πάλιν

329 2585 467 2661 μετᾶ
508 2584 683 2648 πολλά
718 2603 732 2618 ⁸
779 2589 852 2646 Οὔ
901 2588 1072 2645 τοίνυν
1104 2586 1222 2645 οὔτε
1263 2589 1382 2668 περὶ
1422 2596 1529 2646 τῶν
1571 2589 1805 2665 ἀζύμων,
1867 2589 1985 2648 οὔτε

327 2676 449 2753 περὶ
475 2678 581 2732 τῶν
624 2683 884 2743 νηστειῶν
932 2675 1552 2757 ἀντισκληρυνθησόμεθα
1607 2685 1684 2753 τῷ
1741 2678 1984 2755 ἀκαμπεῖ

327 2770 422 2821 τοῦ
464 2761 637 2828 ἔθνους
668 2768 989 2846 φρονήματι.
1034 2774 1198 2826 Τοῦτο
1254 2767 1354 2846 γάρ
1397 2765 1535 2824 ἰστιν
1567 2767 1809 2847 ὀστράκῳ
1850 2791 1983 2848 συγ-

328 2852 526 2927 κολλᾷν
570 2852 850 2936 ὄστρακον,
912 2853 1077 2931 μηδὲν
1120 2855 1243 2923 ἦθος
1313 2856 1348 2905 3
1398 2856 1676 2935 ὑγροτέρου
1731 2878 1982 2938 παρεντι-

327 2943 536 3024 θέντας,
621 2944 801 3024 ὥσπερ
871 2942 1069 3023 ἐγένετ’
1141 2944 1204 3002 ἂν
1263 2944 1399 3010 ἴσως
1456 2945 1772 3026 ἐχέκολλον.
1858 2946 1986 3006 Οὐδὲ

328 3031 530 3090 πολλοῦ
586 3031 670 3091 δεῖ
712 3035 829 3114 περὶ
886 3035 993 3091 τῶν
1052 3034 1505 3113 ἆπηριθμημένων
1548 3034 1758 3093 λοιπῶν
1794 3055 1806 3068 ⁸
1852 3035 1987 3116 ἅπερ

2070 2319 2263 2381 claves
2276 2322 2442 2402 regni
2460 2324 2770 2386 minaciter
2784 2325 2955 2388 nobis
2973 2325 3237 2408 quatiant
3271 2326 3569 2387 Etrursus
3583 2330 3719 2404 post

2070 2410 2263 2497 multa
2282 2432 2300 2471 :
2330 2410 2510 2492 [gitur
2531 2432 2724 2495 neque
2748 2424 2991 2497 propter
3014 2433 3235 2497 azyma,
3269 2433 3464 2497 neque
3483 2413 3716 2495 jejunia

2068 2496 2542 2586 obdurescemus
2563 2511 2766 2565 contra
2794 2496 3045 2583 rigidam
3078 2496 3270 2585 gentis
3301 2496 3681 2586 pertinaciam
3708 2520 3726 2564 :

2070 2585 2219 2667 (Hoc
2241 2590 2400 2652 enim
2425 2601 2514 2653 est
2535 2600 2748 2655 testam
2767 2603 2928 2658 testae
2939 2585 3584 2675 conglutinare,sinihil
3608 2610 3719 2654 na-

2070 2684 2215 2739 tura;
2244 2679 2616 2744 ﬂexibilioris
2646 2682 3013 2766 interponas,
3040 2704 3171 2766 quae
3191 2684 3430 2745 forsitan
3454 2681 3717 2764 glutino-

2070 2786 2193 2829 sam
2205 2769 2322 2831 vim
2340 2770 2805 2856 habeat):neque
2818 2774 2943 2840 fere
2962 2783 3206 2857 propter
3219 2774 3444 2856 reliqua
3470 2792 3688 2836 enume

2069 2866 2355 2941 rata,quaa
2375 2878 2441 2922 se
2463 2860 2780 2925 observare
2809 2864 3177 2941 conﬁtentes,
3216 2872 3428 2945 praeter
3447 2860 3718 2925 sutl‘ocati

2071 2949 2348 3029 esum(hu
2349 2950 2449 3030 jus
2467 2951 2627 3014 enim
2645 2971 2841 3034 neque
2862 2971 3079 3017 nomen
3098 2952 3322 3015 Latinis
3340 2951 3720 3033 temperanti-

2068 3036 2179 3099 bus
2196 3038 2507 3103 tolerabile
2523 3041 2728 3115 ',sicut
2751 3062 2863 3105 nec
2886 3042 3285 3125 nobis;neque
3303 3041 3717 3104 fornicationis

329 3121 714 3197 ὁμολογοῦντες
744 3125 833 3181 καὶ
877 3125 1022 3183 αὐτοὶ
1065 3138 1276 3204 τηρεῖν,
1333 3125 1488 3188 ὶκτὸς
1542 3130 1642 3193 τῆς
1686 3147 1980 3206 πνικτοφα-

2070 3134 2127 3188 et
2138 3127 2561 3210 jejunii,etiam
2581 3131 2630 3193 si
2655 3133 2827 3194 ferini
2857 3141 2914 3194 et
2935 3121 3214 3195 bestiales
3231 3131 3575 3194 hominesid
3592 3139 3719 3194 stu-

330 3215 449 3291 γίας
510 3211 731 3294 (ταύτης
801 3215 902 3294 γὰρ
965 3212 1080 3274 οὐδὲ
1137 3214 1369 3291 τοῦνομα
1413 3216 1652 3280 Λατίνοις
1725 3216 1984 3296 σώφροσιν

329 3301 574 3378 ἀνεκτὸν,
620 3303 801 3384 ὥσπερ
861 3302 977 3361 οὐδὲ
1033 3301 1158 3384 παρ’
1214 3305 1371 3385 ἡμῖν,
1430 3303 1545 3361 οὐδὲ
1599 3307 1660 3363 τὸ
1702 3310 1801 3373 τῆς
1845 3328 1982 3384 πορ-

329 3392 495 3469 νείας,
555 3395 643 3451 καὶ
709 3399 810 3461 τῆς
881 3395 1125 3461 νηστείας
1159 3397 1179 3425 ‘
1249 3391 1349 3450 κᾶν
1417 3396 1465 3451 οἱ
1534 3393 1813 3474 θηριώδεις
1896 3396 1985 3452 καὶ

327 3480 619 3550 κτηνώδεις
701 3483 900 3551 ταύτην
1001 3481 1370 3563 ἑπιτηδεύωσι)
1451 3480 1660 3541 δοκοῦσι
1757 3483 1982 3548 πολλοῖς

327 3570 639 3650 ἆσύγνωστα
719 3571 1055 3654 σφάλλεσθαι.
1146 3568 1242 3629 Ὧν
1316 3572 1394 3648 μὴ
1476 3575 1795 3631 συντίθεσθαι
1865 3587 1982 3637 τοῖς

326 3659 534 3742 λόγοις,
565 3659 750 3741 ἀνδρός
799 3661 968 3743 ἐστιν,
1012 3665 1084 3729 ὡς
1128 3664 1310 3737 οἶμαι,
1351 3674 1475 3725 ταῖς
1506 3660 1981 3743 ἐκκλησιαστικαῖς

326 3740 577 3828 ἱστορίαις
605 3740 1081 3830 ἐγγυμνασθὲντος,
1127 3753 1215 3808 καὶ
1271 3751 1548 3827 μαθόντος.
1613 3740 1704 3815 Ὠς
1761 3753 1820 3808 οὐ
1876 3774 1981 3809 παν

326 3837 440 3905 ἔθος
496 3840 804 3921 ἀποσχίζειν
860 3839 1184 3921 Ἐκκλησίας
1240 3840 1440 3920 ἰσχύει,
1512 3837 1650 3896 ἀλλὰ
1717 3842 1779 3897 τὸ
1848 3844 1979 3921 πρὸς

326 3927 577 4011 διαφορὰν
606 3919 733 4009 ἄγον
763 3929 1049 4010 δόγματος.
1102 3919 1247 3997 "Ben
1306 3919 1360 3984 δὲ
1417 3930 1626 3992 πάντως
1672 3930 1760 3986 καὶ
1788 3919 1974 4003 ταῦέα,

324 4020 391 4075 τὰ
433 4020 574 4098 παρὰ
601 4032 718 4085 τοῖς
762 4023 1087 4097 θαυμαστοῖς
1134 4032 1335 4101 κριταῖς
1392 4017 1675 4101 σφάλματα
1707 4037 1724 4055 ’
1770 4018 1835 4075 τὰ
1879 4020 1975 4095 μὲν

324 4107 376 4175 ἐξ
408 4107 700 4190 εὐλαϐείας,
734 4112 808 4176 ὡς
857 4112 920 4168 τὸ
966 4112 1252 4190 προσάγειν
1296 4110 1418 4173 τοὺς
1474 4109 1786 4185 ἆσπασμους
1855 4121 1973 4173 τοῖς

320 4199 479 4262 θείοις
544 4196 753 4281 ἐδάφεσι
798 4199 894 4278 (μὴ
935 4202 1036 4280 γὰρ
1086 4198 1151 4268 δὴ
1194 4196 1610 4280 παραδεξαίμεθα
1666 4197 1766 4254 τ’λν
1809 4220 1979 4254 σατα-

2067 3215 2235 3279 diose
2263 3219 2480 3300 colant)
2506 3221 2783 3284 videntur
2824 3222 3023 3285 multis
3068 3241 3161 3295 ea,
3186 3241 3321 3303 qua:
3338 3220 3568 3283 veniam
3596 3239 3713 3282 non

2068 3316 2394 3385 merentur,
2406 3310 2949 3390 peccare.Quorum
2963 3311 3157 3374 verbis
3174 3331 3290 3374 non
3303 3310 3717 3378 asscntiri,viri

2067 3406 2177 3473 est,
2204 3405 2267 3458 ut
2290 3400 2522 3480 opinor,
2545 3401 2605 3462 in
2637 3401 3059 3464 ecclesiasticis
3087 3401 3354 3464 historiis
3380 3400 3713 3477 exercitati,

2066 3499 2121 3547 ei
2150 3487 2251 3568 qui
2280 3488 2583 3566 didicerit,
2610 3511 2726 3552 non
2752 3511 2992 3553 omnem
3023 3510 3250 3553 morem
3282 3503 3307 3535 ι
3336 3489 3406 3553 ad
3430 3489 3709 3553 divellen-

2065 3575 2203 3636 dum
2222 3577 2911 3662 abEcclesiavalere,sed
2930 3583 3032 3663 qui
3053 3581 3381 3644 doctrinam
3395 3582 3454 3643 in
3474 3590 3718 3643 conten-

2063 3665 2284 3727 tionem
2318 3668 3051 3734 deducit.Mores1autem
3071 3672 3313 3734 omnino
3345 3680 3481 3733 sunt
3511 3680 3568 3732 et
3590 3671 3713 3732 haec

2063 3747 2217 3827 apud
2246 3747 2380 3811 illos
2408 3751 2720 3831 prmvlaros
2763 3753 3002 3833 judices
3048 3760 3238 3814 errata
3274 3770 3287 3812 :
3324 3750 3437 3813 alia
3470 3751 3711 3831 quidem

2063 3852 2132 3896 ex
2163 3837 2475 3917 religione,
2513 3848 2574 3901 ut
2604 3841 2890 3903 exhibere
2921 3840 3122 3903 oscula
3151 3839 3336 3902 sacris
3360 3839 3713 3921 pavimertis

2065 3925 2207 4006 (non
2241 3928 2400 3989 enim
2435 3947 2578 3991 sane
2627 3930 3013 3994 admittamus
3063 3930 3385 3992 satanicam
3417 3928 3577 3990 illam
3606 3947 3711 3990 ca—

2061 4014 2367 4083 lumniam.
2405 4036 2618 4098 nempe
2649 4028 2710 4080 ut
2740 4018 2963 4082 Latinis
2993 4033 3014 4063 ι
3043 4038 3158 4081 non
3179 4017 3712 4081 admittendaima-

2058 4104 2260 4181 ginum
2285 4109 2606 4189 veneratio)
2631 4109 2746 4170 alia
2768 4119 2962 4171 autem
2991 4129 3060 4171 ex
3091 4108 3557 4189 dispensatione,
3582 4126 3715 4189 qua:

2065 4194 2466 4258 inﬁrmitatem
2528 4198 2679 4278 regit
2731 4212 2776 4273 ³,
2837 4200 3080 4261 forsitan
3112 4199 3352 4281 quidem
3388 4207 3443 4258 et
3474 4197 3710 4273 animae,

322 4288 476 4355 νικὴν
507 4286 717 4356 ἐκείνην
748 4294 1118 4370 συκοφαντίαν,
1163 4291 1237 4352 ὡς
1282 4285 1380 4368 ἔρα
1426 4286 1670 4350 Λατίνοις
1713 4290 1772 4345 οὗ
1813 4309 1980 4368 παρα-

2068 4282 2308 4344 omninu
2331 4299 2529 4348 au'em
2562 4289 2933 4368 corporalem
2963 4308 2979 4364 ;
3006 4299 3066 4350 ut
3092 4289 3411 4351 monachos
3437 4289 3494 4348 in
3522 4307 3710 4365 agro-

320 4373 507 4432 δεκτέα
564 4379 600 4445 ἡ
662 4384 768 4435 τῶν
824 4378 1039 4435 εἰκόνων
1108 4374 1488 4457 προσκύνησις)
1561 4375 1626 4431 τὰ
1682 4372 1737 4430 δὲ
1790 4373 1841 4440 ἐξ
1897 4377 1979 4431 οἰ·-

2068 4373 2383 4435 tationibns
2414 4393 2650 4437 sumere
2702 4396 2951 4439 carnes:
2983 4378 3162 4459 idque
3184 4377 3407 4451 sobrie,
3435 4388 3489 4438 et
3510 4395 3714 4439 revera

318 4465 598 4542 κονομίας,
645 4467 1027 4544 οἷκονομούσης
1070 4465 1360 4540 ἀσθένειαν,
1406 4465 1552 4545 τάχα
1610 4462 1706 4539 μὲν
1749 4466 1837 4520 καὶ
1868 4468 1974 4539 ψυ-

2068 4433 2664 4542 ερὶνίιυδιίίρτῄῥιιοιι
3004 4433 3588 4530 ac'cumulentrehus
3614 4465 3712 4527 in-

319 4560 457 4635 χῆς,
518 4556 730 4621 πάντως
786 4555 843 4613 δὲ
884 4557 983 4625 τὴν
1012 4557 1326 4633 σωματικήν
1357 4572 1377 4592 ο
1438 4556 1511 4618 ὡς
1554 4554 1615 4610 τὸ
1658 4553 1780 4617 τοὺς
1813 4576 1978 4629 μονα-

2068 4550 2494 4634 diﬂ‘erentibns,
2529 4556 2678 4616 alius
2703 4556 2799 4617 hic
2833 4557 2891 4617 in
2915 4558 3058 4619 istos
3085 4576 3304 4628 sermo,
3342 4575 3456 4617 non
3493 4558 3549 4616 in
3584 4575 3709 4630 eos,

320 4646 457 4726 χοὸς
503 4645 558 4702 ἐν
583 4659 701 4711 τοῖς
730 4646 908 4711 νόσοις
939 4643 1363 4723 μεταλαμϐάνειν
1418 4650 1586 4724 κρεῶν
1621 4659 1635 4673 ⁸
1682 4644 1974 4718 καὶτοῦτο,

2068 4640 2163 4720 qui
2194 4645 2447 4720 primum
2493 4644 2637 4705 illud
2686 4644 2915 4707 ratione
2946 4646 3368 4727 dis-pensarent
3396 4649 3444 4722 ι),
3479 4657 3540 4707 et
3569 4645 3705 4714 alia,

317 4732 752 4817 κεκολασμένως,
784 4737 873 4793 καὶ
920 4742 996 4811 τῷ
1042 4732 1153 4793 ὄντι
1204 4739 1594 4810 πνευματικῶς.
1641 4733 1698 4789 Εἰ
1742 4729 1796 4788 δέ
1839 4754 1976 4797 τινες

2068 4748 2193 4811 qua:
2221 4732 2579 4812 quibusdam
2605 4733 2736 4795 aliis
2760 4735 3092 4797 rationibus
3120 4735 3403 4797 Ecclesiis
3426 4735 3710 4797 occiden-

315 4824 444 4881 αὐτὸ
476 4822 753 4904 χυδαιοῦσι
795 4838 917 4889 ταῖς
975 4822 1326 4906 ἀδιαφορίαις,
1394 4821 1569 4902 ἔτερος
1628 4822 1778 4884 οὗτος
1820 4818 1979 4899 λόγος

2068 4818 2286 4881 talibus
2344 4832 2484 4883 sunt
2514 4824 2710 4885 infixa.
2766 4823 3028 4897 Quorum
3063 4824 3209 4887 nihil
3242 4824 3573 4887 distrahere
3605 4843 3712 4886 nos

314 4914 447 4991 πρὸς
491 4915 731 4991 τούτους,
780 4916 840 4973 οὔ
890 4916 1021 4996 πρὸς
1051 4915 1173 4978 τοὺς
1215 4912 1438 4993 πρώτως
1502 4920 1657 4971 τοῦτο
1700 4911 1837 4967 κατὰ
1878 4909 1977 4967 λό-

2068 4910 2639 4994 potest.Neutiquam
2664 4933 2676 4972 :
2706 4912 2753 4974 si
2788 4914 3027 4995 quidem
3049 4915 3283 4995 jndices
3307 4914 3542 4992 habent,
3569 4931 3710 4975 sen-

314 5026 412 5080 γον
480 5004 960 5085 οἷκονομήσαντας,
1032 5004 1121 5061 καὶ
1192 5000 1329 5059 ἄλλα
1386 4999 1509 5058 κατ’
1570 4996 1766 5063 ἄλλους
1833 5000 1979 5085 τινας

2068 4999 2309 5061 tentiam
2362 4999 2624 5064 ferentes
2672 5005 2934 5082 paternis
2966 5004 3196 5084 legibus
3224 5011 3707 5065 consentaneam.

313 5089 507 5172 λόγους
577 5092 887 5176 ἒμπαγὲντα
946 5084 1072 5160 ταῖς
1126 5090 1364 5157 δυτικαῖς
1449 5087 1817 5157 Ἐκκλησίαις,
1885 5084 1979 5145 ’μιν

2068 5086 2135 5152 Ει
2159 5089 2273 5152 nisi
2289 5091 2463 5173 longa
2498 5091 2646 5155 mihi
2671 5093 2865 5157 futura
2896 5106 3056 5159 esset
3093 5093 3303 5171 oratio,
3334 5101 3393 5156 et
3420 5092 3491 5156 ad
3519 5092 3710 5156 histo-

1627 5254 1896 5322 VARLE
1941 5255 2259 5324 LEGTION
2272 5258 2383 5323 ES.

391 5384 427 5437 3
451 5386 628 5453 ἤθους.

392 5532 419 5575 ει
473 5530 831 5588 coercentes.
851 5560 877 5604 ει
894 5521 1112 5602 objecti
1122 5535 1250 5604 esse
1261 5518 1489 5604 animi,
1507 5515 1890 5604 ostendentes
1906 5522 2067 5587 nolle
2084 5516 2400 5604 humiliari
2410 5567 2422 5580 .
2439 5534 2463 5604 ξ
2481 5514 2690 5598 quoda
2702 5515 2987 5604 putribus
2998 5522 3306 5604 acceptam
3324 5515 3524 5597 ﬁdem.
3539 5523 3573 5604 _'
3593 5516 3699 5604 qui

309 5604 548 5687 corrigi
576 5596 1011 5687 uoupete'usft
1038 5621 1074 5666 α
1107 5601 1326 5687 throno
1366 5596 1633 5664 ra'iones
1658 5596 1948 5687 afferant.
1983 5611 2012 5644 ιι
2048 5598 2212 5687 aliis
2225 5596 2659 5687 praetulerunt.
2693 5617 2718 5647 ν
2748 5600 2984 5687 Latinis
3038 5596 3381 5660 hominibus
3410 5597 3697 5687 modestis

306 5690 399 5744 est
427 5677 767 5749 toicrabilé.
802 5703 827 5735 ι
855 5682 1379 5749 consuetudinem.
1412 5716 1438 5758 ς
1462 5678 1944 5745 consuetudines.
1980 5711 2002 5743 ι
2030 5677 2734 5741 Latiniisadorationem
2786 5679 3126 5758 imaginum
3176 5695 3301 5740 non
3344 5677 3689 5741 admittere.

306 5772 331 5804 ³
385 5783 525 5847 qua
545 5785 681 5831 cum
711 5767 1071 5847 inﬁmitate
1098 5756 1434 5845 dispensat}
1469 5762 1495 5805 δ
1552 5757 1725 5835 Quod
1753 5760 1936 5842 siqui
1967 5759 2248 5824 licentius
2272 5758 2507 5841 agendo
2534 5759 2725 5823 nimis
2752 5758 2859 5824 hoc
2882 5756 3310 5842 pervulgatum
3336 5758 3590 5837 faciunt.
