4130 6418
372 429 488 495 957
1704 439 2042 504 GMGO-I

2127 440 2425 505 MANUM.
3182 412 3191 421 ’
3559 390 3563 395 ”
3660 441 3778 508 958

375 563 705 656 Πνεύματος.
766 555 897 625 “Ott.
950 569 1037 626 γαὶ
1065 570 1094 627 ὁ
1151 570 1342 650 Σωτὴρ
1389 570 1445 628 ἐν
1487 569 1749 648 δακτύλῳ,
1795 571 2030 630 τουτέστι

2127 571 2223 635 sed
2246 572 2792 656 carnaliter,neque
2815 572 3447 656 supram.undane,sed
3472 573 3776 638 mundane

377 661 457 745 τῷ
498 655 631 733 ἁγίῳ
660 655 948 745 ξίνεύματι,
994 659 1061 716 τὰ
1100 656 1349 735 δαιμόνια
1403 658 1680 718 ἐκϐάλλειν
1735 663 1868 742 πρὸς
1913 663 2034 725 τοὺς

2127 661 2323 723 annuli
2354 661 2815 744 appellationem
2847 655 3302 745 accipientibus,
3343 664 3542 728 studio
3564 681 3775 744 magno

380 742 618 835 ἀπειθεῖς
673 742 853 825 ἔλεγεν
930 746 1229 825 Ἰουδαίους,
1305 752 1360 807 οἳ
1440 747 1758 822 Βεελζεϐοὺλ
1816 749 2033 831 ἐκερτό-

2127 742 2456 814 affectatum
2486 760 2575 815 est
2608 752 2835 815 annulo
2861 742 3116 833 gestare,
3148 742 3352 835 utpote
3370 742 3774 816 Ecclesiar'um

382 856 538 924 μουν⁸
562 831 711 924 ἔχειν
784 836 964 899 αὐτόν.
1025 838 1124 896 Καὶ
1179 839 1270 896 τὸν
1328 838 1680 898 ἐπανελθόντα
1722 837 1777 896 δὲ
1830 839 2032 898 ἂὶσωτον

2127 843 2373 922 sponsis.
2406 840 2665 924 Ideoque
2688 831 2884 924 neque
2910 842 3025 905 hoc
3054 841 3174 905 illis
3203 831 3402 906 notam
3432 842 3645 906 inurit.

386 924 491 983 δὶὸν
518 921 780 1002 δακτυλίῳ
808 928 994 1007 χρύσῳ
1034 925 1402 1005 ἐπεκόσμησεν
1435 945 1451 961 ⁶
1486 928 1609 987 ὅλον
1638 927 1844 998 δηλαδὴ
1872 939 2055 990 τοῦτον
2098 921 2380 996 ἐκτελέσας
2407 921 2818 1014 -πδευματικὸν,
2878 934 2992 990 ἀντὶ
3048 941 3321 1014 σαρκικοῦ.
3381 944 3509 1000 Τοῖς
3561 955 3623 1014 γε
3667 934 3777 1010 μὴν

382 1013 628 1103 Λατίνοις
669 1017 732 1076 οὒ
769 1020 1165 1093 πνευματικῶς,
1226 1017 1362 1078 ἀλλὰ
1406 1019 1705 1099 σαρκικῶς,⁸
1741 1016 1847 1077 οὐδ’
1891 1020 2284 1102 ὑπερκοσμίως,
2330 1010 2468 1078 ἀλλὰ
2523 1010 2812 1098 κοσμικῶς
2839 1023 2937 1091 τὴν
2979 1033 3073 1083 τοῦ
3120 1010 3368 1081 ’δακτυλίο
3421 1010 3775 1103 προσηγορίαν

266 1188 283 1195 Ὦ
380 1101 888 1188 ἐκλαμϐανομὼιςη
916 1104 1362 1188 περισπούδαστον
1392 1110 1589 1188 γίνεται
1631 1110 1694 1166 τὸ
1713 1106 2170 1191 δακτυλιοφορεῖν,
2202 1101 2277 1178 ὡς
2307 1112 2411 1169 τῶν
2437 1110 2777 1179 Ἐκκλησιῶν
2819 1110 3074 1183 δήπουθεν
3106 1115 3427 1192 μνήστορσιν
3460 1101 3474 1142 έ
3510 1111 3626 1169 ὅθεν
3656 1108 3775 1169 οὐδὲ

380 1202 538 1254 τοῦτο
564 1195 857 1275 προσάπτει
899 1196 1103 1273 μέμψιν
1135 1201 1341 1263 αὐτοῖς.

464 1282 785 1363 Ἐρώτησιςο
859 1287 919 1345 Et
974 1286 1243 1366 πρόκριμα
1298 1293 1375 1363 τῷ
1427 1287 1675 1368 ἀρχιερεῖ
1747 1289 1810 1345 τὸ
1878 1288 2041 1369 εἰσέρ-

2202 1289 2628 1371 Interrogatio.
2660 1292 2755 1354 An
2787 1288 3196 1371 praejudicium
3239 1289 3506 1363 antistiti,
3539 1286 3778 1367 ingredi

384 1376 575 1455 χεσθαι
619 1374 691 1439 εἰς
730 1375 828 1439 τὰς
887 1376 1170 1441 Λατινικὰς
1228 1375 1533 1454 ἐκκλησίας,
1581 1376 1671 1437 καί
1724 1392 2041 1455 προσκυνεῖν

2127 1379 2461 1442 Latinorum
2525 1380 2833 1443 ecclesias.
2899 1389 2957 1443 et
3014 1380 3097 1442 ibi
3128 1379 3404 1455 adorare,
3432 1398 3569 1442 cum
3598 1377 3673 1440 ab
3704 1376 3780 1438 iis

380 1467 538 1536 ἡνίκα
597 1465 660 1524 ἂν
721 1467 1081 1549 προσκληθείη
1135 1469 1262 1551 παρ’
1319 1471 1514 1531 αὐτῶν.
1562 1472 1662 1529 Καὶ
1716 1473 1761 1528 εἷ
1804 1470 2040 1547 μεταδώ-

2127 1476 2397 1531 evocatus
2444 1469 2644 1534 fuerit.
2697 1470 2767 1532 Et
2796 1489 2869 1532 an
2906 1470 2979 1532 iis
3010 1466 3774 1542 fractionemtdistribuet,

381 1577 461 1613 σει
517 1557 722 1622 τούτοις
777 1557 1198 1641 κατακλαυστοῦ,
1271 1559 1398 1618 ὅταν
1453 1562 1526 1628 είς
1593 1562 1690 1630 τὴν
1752 1562 1903 1640 ἁγίαν
1950 1558 2037 1619 καὶ

2127 1577 2255 1620 cum
2281 1558 2342 1620 in
2372 1566 2571 1622 sancta
2602 1567 2660 1621 et
2687 1559 2977 1623 catholica
2997 1558 3271 1623 Ecclesia
3301 1577 3470 1621 sacro
3504 1556 3777 1619 ministe-

380 1644 673 1716 καθολικὴν
702 1646 989 1715 ἐκκλησίαν
1048 1648 1101 1706 ἐν
1161 1657 1228 1727 τῇ
1272 1648 1569 1731 λειτουργίᾳ
1616 1651 2033 1730 παραγίνωνται.

2127 1647 2210 1709 rio
2239 1647 2641 1712 interfuerint.

466 1735 593 1800 ’Λπ.
625 1736 775 1803 Τινὲς
818 1743 925 1793 τῶν
998 1738 1233 1796 Λατίνων
1290 1740 1611 1819 εὑρίσκονται
1664 1741 1742 1815 μὴ
1812 1740 2037 1797 καθόλου

2202 1737 2334 1799 Res.
2362 1739 2706 1800 Latinorum
2731 1738 2996 1820 quidam,
3051 1758 3168 1800 non
3206 1737 3450 1799 omnino
3481 1755 3514 1799 a
3547 1734 3767 1797 nostris

381 1823 749 1907 διαφερόμενοι
778 1827 911 1900 πρὸς
939 1827 1007 1883 τὰ
1034 1827 1153 1884 καθ’
1207 1830 1355 1904 ἡμᾶς
1412 1828 1532 1901 ἔθη,
1563 1829 1629 1886 τά
1656 1851 1715 1885 τε
1744 1828 2037 1909 δογματικὰ

2127 1825 2411 1903 moribus,
2449 1837 2565 1889 tam
2596 1828 2965 1907 dogmaticis,
2994 1847 3167 1908 quam
3196 1824 3776 1898 ecclesiasticis,dit’-

382 1912 473 1975 καὶ
520 1918 588 1975 τὰ
642 1916 1064 1986 ἐκκλησιαστικᾶ
1093 1936 1108 1953 ·
1169 1922 1258 1977 καὶ
1316 1922 1465 1996 εἰσὶν,
1512 1924 1586 1985 ὡς
1629 1920 1690 1978 ἄν
1745 1943 1824 1987 τις
1878 1920 2032 1998 εἴπῃ.

2127 1915 2281 1977 ferre
2310 1917 2761 1996 contperiuntur
2793 1935 2806 1979 :
2842 1926 3061 1979 etsunt
3095 1918 3179 1998 (ut
3201 1916 3421 1978 dixerit
3450 1912 3771 1994 quispiam)

381 2008 522 2066 κατᾶ
565 2014 721 2066 τοῦτο
761 2010 1288 2089 ἐπαμφοτερίζοντες.
1338 2000 1555 2090 ’Ὠσπερ
1596 2011 1768 2068 τοίνυν
1822 2013 1884 2069 τὸ
1940 2011 2039 2067 ἆν-

383 2097 819 2177 τισκληρύνεσθαι
904 2111 1022 2164 τοῖς
1121 2098 1315 2156 ἐπίπαν
1396 2097 1788 2180 διαφερομένοις
1878 2103 2037 2178 ἡμῖν,

384 2186 661 2266 ἐξαιρέτως
691 2185 776 2244 ἐπὶ
822 2192 901 2260 τῷ
955 2185 1180 2266 δόγματι
1235 2193 1336 2256 τῆς
1392 2196 1486 2247 τοῦ
1528 2190 1677 2268 ἁγίου
1736 2191 2040 2267 Πνεύματος

385 2276 774 2357 ἐκπορεύσιως,
815 2279 1046 2344 καθῆκον
1098 2278 1187 2336 καὶ
1227 2276 1374 2336 ὅσιον
1404 2295 1420 2311 °
1484 2278 1622 2337 οὕτω
1662 2282 1725 2337 τὸ
1780 2302 2040 2359 συγκατα-

385 2364 583 2425 ϐαίνειν
605 2380 724 2433 τοῖς
766 2367 844 2444 μὴ
899 2368 1179 2439 τοιούτοις,
1239 2369 1329 2427 καὶ
1372 2370 1742 2450 συνέρχεσθαι,
1790 2372 1850 2427 οὔ
1904 2393 2041 2450 προ·-

387 2469 561 2537 κρινεῖ
587 2459 665 2533 τῷ
707 2458 975 2539 ἀρχιερεῖ,
1019 2460 1094 2523 ὡς
1154 2460 1453 2535 οἰκονομίαν
1502 2460 1905 2537 πεπιστευμένῳ
1954 2460 2043 2519 καὶ

2124 2004 2186 2066 in
2215 2024 2284 2066 eo
2315 2006 2606 2086 ancipites
2656 2010 2700 2064 κ.
2756 2006 3266 2079 Quemadmodum
3325 2004 3506 2085 igitur
3552 2003 3624 2063 iis
3672 2020 3772 2063 re-

2126 2095 2359 2170 luctari,
2398 2096 2497 2176 qui
2530 2115 2773 2176 prorsus
2801 2115 2834 2157 a
2859 2094 3029 2157 nobis
3052 2092 3776 2175 dissentiunt,praesertim

2126 2183 2186 2245 in
2217 2185 2490 2265 dogmate
2520 2186 2595 2247 de
2626 2188 2812 2247 sancti
2843 2184 3097 2266 Spiritus
3131 2184 3530 2265 processione,
3555 2198 3777 2243 conve-

2129 2274 2302 2336 niens
2333 2285 2421 2337 est
2452 2283 2513 2338 et
2541 2287 2850 2338 sanctum:
2877 2276 3038 2337 sicin
3071 2276 3228 2337 idem
3264 2293 3396 2336 cum
3421 2292 3537 2334 non
3560 2270 3778 2333 talibus

2128 2364 2497 2427 descendere
2528 2374 2584 2427 et
2638 2365 2957 2427 convenire
2989 2367 3023 2446 ',
3060 2382 3174 2427 non
3229 2360 3638 2445 przcjudicabit
3666 2379 3777 2422 an-

2128 2454 2319 2535 tistiti,
2354 2456 2453 2532 qui
2484 2455 2769 2517 creditam
2796 2456 3299 2536 dispensationem
3326 2451 3778 2515 convenientem

385 2545 767 2627 μετερχομένῳ
794 2548 894 2615 τὴν
921 2548 1227 2627 πρέπουσαν
1283 2549 1579 2626 οἰκονόμοις
1623 2554 1839 2631 ψυχῶν.
1875 2541 2041 2609 ’Ὀθεν

2127 2544 2454 2606 animarum
2486 2545 2982 2623 gubernatoribus
3015 2554 3276 2606 exercet.
3301 2539 3696 2631 Quamobrem
3723 2546 3782 2601 et

383 2637 474 2693 καὶ
529 2638 602 2701 εἷς
658 2637 754 2702 τὰς
815 2636 1100 2706 ἐκκλησίας
1176 2638 1349 2696 αὐτῶν
1430 2629 1777 2719 προσκληθεὶς
1860 2644 2035 2713 οὗτος,

2127 2633 2220 2695 hic
2251 2634 2312 2695 in
2344 2634 2625 2696 ecclesias
2648 2653 2855 2697 eorum
2879 2633 3375 2708 accersitus,sine
3406 2629 3779 2719 dubitatione

384 2724 763 2794 ἀνενδοιάστως
814 2726 1070 2808 ἀφίξεται.
1122 2732 1238 2786 Τῶν
1290 2718 1482 2807 ἁγίων
1510 2730 1611 2808 γὰρ
1670 2730 1885 2787 εἰκόνων
1942 2733 2038 2787 εἰσὶ

2127 2725 2341 2786 veniet.
2377 2723 2724 2788 Sanctarum
2749 2725 2909 2787 enim
2940 2725 3266 2805 imaginum
3297 2727 3437 2786 sunt
3465 2729 3525 2783 et
3558 2720 3617 2782 hi
3649 2718 3782 2808 cul-

386 2817 476 2872 καὶ
547 2818 689 2873 οὗτοι
745 2807 1127 2897 προσκυνηταὶ,
1206 2818 1296 2874 καὶ
1370 2817 1425 2873 ἐν
1480 2807 1601 2882 τοῖς
1659 2816 1777 2876 κατ’
1849 2821 2036 2884 αὐτοὺς

2127 2822 2302 2883 tores,
2341 2822 2400 2876 et
2430 2814 2491 2875 in
2524 2814 2647 2876 suis
2681 2815 2919 2896 templis
2949 2832 3048 2877 eas
3078 2807 3783 2893 erigunt.Etaccedenti—

387 2919 539 2970 ναοῖς
596 2905 982 2973 ἀναστηλοῦσιν
1047 2905 1233 2970 αὐτάς.
1318 2908 1418 2966 Καὶ
1474 2907 1751 2987 προθύμως
1803 2929 2035 2987 προσερ-

2127 2902 2233 2965 bus
2289 2905 2362 2967 iis
2416 2905 2764 2967 fractionem
2824 2911 3099 2986 prompte
3169 2902 3473 2981 largietur,
3532 2918 3666 2961 cum
3716 2897 3778 2958 in

388 2994 644 3075 χομένοις
676 2996 881 3059 τούτοις
917 2994 1209 3072 μεταδώσει
1265 2994 1661 3069 κατακλαστοιλ
1719 2994 1844 3054 ὅταν
1875 2996 1930 3053 ἐν
1971 3004 2039 3073 τῇ

2127 2992 2387 3055 Ecclesia
2417 2994 2706 3057 catholica
2731 2994 3008 3057 aderunt.
3053 2991 3407 3074 Huiusmodi
3440 2991 3601 3053 enim
3632 3006 3781 3050 con-

387 3083 646 3163 καθολικῇ
708 3085 965 3159 ἐκκλησίᾳ
1035 3085 1455 3165 παραγένωνται.
1537 3077 1593 3145 Ὀ
1665 3088 1881 3156 τοιαύτη
1938 3089 2037 3166 γὰρ

2127 3083 2376 3145 suetudo
2432 3091 2779 3164 potestatem
2841 3083 3020 3146 habet
3078 3082 3357 3165 paulatim
3404 3098 3507 3143 eos
3534 3076 3779 3140 omnino

393 3176 639 3246 συνήθεια
690 3173 907 3253 δύναμιν
966 3175 1083 3256 ἔχει
1138 3177 1275 3233 κατὰ
1319 3177 1505 3255 μικρὸν
1562 3174 1873 3253 μεθελκύσαι
1939 3178 2039 3233 αὒ-

2127 3172 2458 3236 attrahendi
2508 3173 2581 3234 ad
2638 3191 2839 3237 sacros
2882 3180 3114 3235 nostros
3166 3189 3365 3233 mores
3393 3178 3451 3231 et
3480 3168 3774 3248 dogmata.

386 3265 511 3330 τοὺς
553 3264 780 3323 καθόλου
822 3267 953 3345 πρὸς
1005 3267 1071 3323 τὰ
1123 3263 1242 3323 καθ’
1284 3267 1429 3341 ἡμᾶς
1486 3266 1598 3344 ἱερὰ
1655 3265 1747 3332 ἔθη
1801 3267 1889 3323 καὶ
1949 3265 2044 3324 δό-

386 3377 587 3435 γματα.
623 3362 911 3413 Πυκνοῦται
967 3354 1022 3411 δὲ
1077 3357 1166 3415 καὶ
1206 3356 1241 3423 ἡ
1297 3354 1492 3413 Ἰταλία
1534 3355 1685 3412 θείων
1732 3355 2045 3413 ἀποστόλων

386 3447 475 3501 καὶ
517 3446 792 3527 μαρτύρων
834 3457 985 3509 ναοῖς
1021 3464 1035 3479 ⁸
1097 3448 1171 3502 ὧν
1213 3457 1500 3525 κορυφαῖος
1550 3447 1578 3502 ὁ
1616 3444 1671 3502 ἐν
1727 3452 1796 3523 τῇ
1881 3446 2043 3522 Ρώμῃ

387 3534 696 3616 περίκλυτος
784 3545 877 3595 τοῦ
959 3535 1013 3592 ἐν
1097 3534 1415 3600 ἀποστόλοις
1498 3536 1777 3615 κορυφαίου
1849 3535 2042 3614 Πέτρου

389 3627 537 3692 ναός.
571 3622 661 3684 Ἐν
692 3628 777 3690 οἷς
836 3622 1086 3705 ἡμέτεροι
1143 3624 1507 3705 εἰσερχόμενοι
1566 3623 1625 3680 ἔκ
1654 3646 1710 3680 τε
1753 3628 1851 3693 τῆς
1892 3628 2042 3704 ἱερα-

388 3722 544 3785 τικῆς
587 3713 792 3796 μερίδος
828 3716 917 3771 καὶ
957 3716 1057 3782 τῆς
1109 3713 1333 3794 λαϊκῆς,
1379 3714 1682 3794 προσευχάς
1726 3736 1782 3771 τε
1839 3722 2043 3773 ποιοῦν-

387 3828 472 3863 ται
514 3808 645 3885 πρὸς
703 3805 857 3878 Θεὸν,
890 3806 979 3861 καὶ
1019 3817 1138 3869 τοῖς
1190 3802 1243 3861 ἐν
1300 3807 1483 3868 αὐτοῖς
1515 3804 1840 3879 τιμωμένοις
1870 3805 2039 3883 ἁγίοις

2129 3262 2419 3344 Repletur
2435 3271 2634 3325 autem
2659 3271 2718 3325 et
2736 3262 2900 3325 Italia
2925 3262 3261 3324 divinorum
3293 3258 3694 3341 apostolorum
3722 3262 3782 3317 et

2129 3360 2450 3433 martyrum
2485 3352 2743 3434 templis.
2780 3351 2942 3415 Inter
2970 3371 3099 3433 qum
3121 3368 3419 3413 summum
3451 3344 3780 3410 obtinetlo—

2127 3458 2264 3503 cum
2285 3440 2490 3504 Romae
2518 3441 2798 3525 inclytum
2836 3442 2992 3505 Petri
3047 3441 3453 3523 apostolorum
3489 3435 3780 3517 coryphaei

2128 3539 2243 3592 tem
2256 3529 2511 3611 plumJn
2535 3524 2667 3613 qua:
2685 3540 2978 3595 nostrates
2997 3531 3423 3612 ingredientes,
3450 3538 3565 3589 tam
3591 3524 3783 3588 eccle-

2125 3619 2346 3681 siastici
2380 3620 2626 3697 ordinis,
2656 3641 2832 3703 quam
2859 3621 3019 3695 laici,
3047 3629 3177 3682 vota
3210 3619 3431 3682 faciunt
3459 3616 3531 3679 ad
3561 3615 3774 3695 Deum,

2126 3718 2187 3773 et
2216 3710 2457 3786 sanctis,
2494 3711 2595 3792 qui
2646 3712 2705 3771 in
2766 3711 2855 3773 eis
2902 3711 3202 3784 coluntur,
3236 3707 3496 3770 debitam
3529 3722 3779 3765 venera-

2124 3798 2345 3860 tiottem
2381 3809 2440 3862 et
2497 3801 2789 3863 honorem
2850 3799 3155 3863 exhibent.
3191 3799 3315 3861 Nec
3370 3792 3779 3877 praeiudicium

387 3896 488 3964 τὴν
560 3882 827 3976 σχετικὴν
882 3894 1239 3974 προσκύνησιν
1309 3894 1397 3949 καὶ
1451 3892 1611 3969 τιμήν
1665 3882 1985 3969 ἀπονέμουσι
2021 3911 2033 3924 ·

2127 3889 2262 3951 inde
2288 3889 2472 3952 ullum
2507 3890 2824 3967 sustinent,
2858 3909 2992 3953 cum
3045 3887 3322 3950 videlicet
3349 3886 3411 3947 in
3441 3882 3781 3976 Latinorum

386 3986 477 4042 καὶ
543 3971 812 4066 πρόκριμα
863 3971 1094 4041 ἐντεῦθεν
1150 3981 1379 4048 ούδόλως
1430 3985 1755 4063 ὑφίστανται,
1816 3983 1896 4064 ἐφ’
1956 3982 2042 4044 οἷς

2127 3985 2262 4039 sunt
2295 3979 2531 4060 templis
2616 3980 2996 4041 Meminimus
3045 3988 3240 4041 autem
3288 3971 3784 4052 interrogationes

388 4072 593 4144 δηλαδὴ
620 4076 724 4132 ὑπὸ
751 4074 873 4139 τοὺς
922 4075 1173 4136 Λατίνους
1233 4073 1331 4129 εἰσὶ
1386 4085 1563 4136 ναοῖς.
1612 4073 1941 4148 Μεμνήμεθα
1992 4069 2042 4128 δὲ

2127 4067 2310 4129 factas
2342 4087 2472 4132 esse
2517 4078 2654 4131 ante
2687 4069 2903 4131 multos
2931 4069 3056 4149 jam
3078 4086 3267 4130 annos
3288 4087 3321 4129 a
3341 4067 3538 4129 Marco
3564 4068 3785 4122 sanctae

387 4167 461 4229 ὡς
490 4163 764 4243 γεγόνασιν
822 4163 1109 4242 ἐρωτήσεις
1160 4163 1262 4242 πρὸ
1319 4161 1449 4219 ἐτῶν
1506 4159 1609 4229 ἤδη
1662 4164 1859 4218 ἱκανῶν
1908 4169 2042 4240 ταρὰ

2138 4157 2444 4220 memoriae
2476 4158 2808 4237 patriarcha
2838 4158 3329 4220 Alexandrinoet
3359 4174 3402 4216 rt
3429 4150 3782 4243 sponsiones

651 4254 747 4311 τοῦ
786 4240 887 4323 τῆς
945 4254 1090 4317 ὁσίας
1135 4240 1357 4328 μνήμης
1413 4252 1749 4331 πατριάρχου
1808 4249 2042 4316 Ἀλεξαν-

2135 4246 2207 4308 ad
2242 4265 2364 4327 eas,
2426 4248 2723 4311 Theodori
2780 4247 3165 4321 Balsamonis,
3225 4246 3378 4308 beati
3433 4240 3786 4334 patriarchae

386 4328 557 4425 δρείας
596 4364 613 4382 ο
688 4344 778 4401 καὶ
844 4341 929 4400 ἐπ’
1003 4343 1192 4406 αὗταῖς
1249 4328 1553 4420 ἀποκρίσεις
1615 4328 1909 4421 δεοδώρου
1959 4349 2042 4396 τοῦ

2132 4336 2465 4400 Antiochiae
2509 4336 2737 4411 Quibus
2758 4338 2985 4401 inserta
3015 4346 3140 4401 erat
3162 4345 3219 4399 et
3250 4337 3325 4398 de
3347 4333 3569 4398 Latinis
3591 4328 3783 4425 capti-

387 4419 678 4514 μακαρίτου
744 4432 1080 4512 πατριάρχου
1151 4419 1486 4511 Ἀντιοχείας
1545 4437 1640 4488 τοῦ
1696 4419 1996 4505 Βαλσαμών
2030 4452 2042 4466 ·

2132 4427 2219 4488 vis
2241 4426 2625 4507 interrogatio
2652 4446 2666 4492 :
2702 4448 2775 4490 an
2808 4437 3076 4509 oporteat
3122 4425 3397 4490 videlicet
3428 4441 3531 4486 eos
3562 4419 3782 4482 admit-

386 4526 477 4588 αἷς
520 4521 916 4601 συντεταγμένη
971 4520 1036 4590 ⁴ἦν
1086 4522 1174 4578 καὶ
1231 4522 1355 4599 Περὶ
1399 4520 1633 4577 Λατίνων
1682 4517 2042 4599 αἰχμαλώτων

2133 4522 2281 4588 tere,
2318 4516 2367 4577 si
2389 4535 2457 4578 se
2486 4517 2543 4578 in
2577 4518 2883 4580 catholicis
2917 4517 3192 4579 ecclesiis
3237 4520 3693 4601 repraesentent,
3726 4516 3781 4571 et

384 4614 673 4695 ιρώτησις,
702 4656 705 4659 -
731 4614 775 4670 εἰ
815 4612 927 4693 χρὴ
970 4609 1175 4679 δηλαδὴ
1230 4611 1445 4676 τούτους
1504 4607 1856 4691 προδέχεσθαι
1914 4630 2049 4688 παρ·

386 4703 718 4776 ουσιάζοντας
783 4703 856 4768 είς
919 4702 1006 4765 τὰς
1069 4699 1353 4764 καθολικὰς
1412 4698 1720 4769 ἐκκλησίας,
1793 4699 1884 4756 καὶ
1936 4706 2042 4770 ζη-

384 4804 603 4858 τοῦντας
687 4789 1114 4869 μεταλαμϐάνειν
1194 4796 1300 4847 τῶν
1408 4789 1560 4847 θείων
1667 4788 2036 4868 ἁγιασμάτων.

387 4886 486 4943 Καὶ
527 4881 828 4947 ἀκολούθως
885 4880 970 4938 ἐπὶ
1030 4902 1199 4957 ταυτῃ
1262 4879 1566 4960 ἀπόκρισις,
1623 4877 1849 4935 καθόλου
1905 4878 2044 4934 ἀπα-

382 4973 668 5053 γορεύουσα
720 4973 842 5038 τοὺς
899 4970 1205 5051 εἰρημένους
1249 4968 1501 5033 Λατίνους
1557 4966 1643 5024 διὰ
1683 4969 1883 5048 χειρῶν
1937 4973 2044 5024 τῶν

381 5059 500 5140 καθ’
568 5064 714 5138 ἡμᾶς
772 5060 952 5140 ἱερέων
1006 5065 1106 5128 τῆς
1180 5057 1320 5122 θείας
1407 5058 1685 5121 κοινωνίας
1757 5056 2042 5123 ἀξιοῦσθαι.

389 5139 555 5217 υΗτις
599 5150 665 5219 δὴ
729 5139 1009 5231 ἀπόκρισις
1066 5149 1157 5205 τὸν
1214 5149 1411 5205 οἰκεῖον
1466 5144 1627 5226 λόγον
1687 5155 2047 5226 συγκροτοῦσα

384 5240 493 5299 ἀπὸ
546 5246 649 5309 τῆς
716 5240 858 5304 θείας
916 5243 1153 5319 Γραφῆς,
1209 5243 1287 5312 τῷ
1331 5242 1576 5316 Κυριακῷ
1632 5235 1817 5309 ἐκείνῳ
1874 5234 2044 5315 ἐχρή-

383 5353 514 5389 σατο
539 5330 739 5409 ῥήματι
773 5346 790 5364 ⁸
827 5321 885 5388 Ὀ
916 5329 996 5407 μὴ
1038 5327 1113 5386 ὢν
1161 5324 1370 5407 (λέγον)
1410 5324 1530 5402 μετ’
1581 5324 1735 5403 ἐμοῦ,
1767 5320 1885 5380 κατ’
1916 5324 2047 5399 ἐμοῦ

382 5419 495 5477 ἐστι
531 5440 546 5456 ’
585 5421 675 5478 καὶ
719 5423 747 5480 ὁ
807 5419 886 5496 μὴ
941 5417 1182 5497 συνάγων
1225 5415 1347 5492 μετ’
1403 5414 1558 5492 ἐμοῦ,
1612 5412 1905 5494 σκορπίζει.
1967 5417 2046 5491 Τῇ

382 5511 600 5587 τοιαύτῃ
646 5508 699 5567 δὲ
743 5510 1019 5590 ἀποκρίσει
1076 5514 1365 5575 τηνικαῦτα
1419 5502 1605 5562 πολλοὶ
1663 5510 1770 5561 τῶν
1828 5499 2043 5580 ἐλλογί-

2128 4613 2397 4683 quaerant
2445 4606 2778 4668 divinarum
2835 4607 3366 4669 sanctiﬁcationum
3400 4616 3438 4643 ω
3470 4600 3785 4683 participes

2126 4693 2278 4767 ﬁeri,
2309 4703 2368 4756 et
2396 4704 2831 4777 conSequenter
2859 4696 2932 4759 ad
2966 4697 3117 4758 hanc
3168 4696 3316 4756 facta
3351 4691 3688 4773 responsio,
3726 4692 3781 4750 in

2126 4782 2467 4845 universum
2493 4784 2970 4859 interdicens,ne
2994 4784 3259 4866 praedicti
3306 4783 3488 4845 Latini
3517 4799 3621 4861 per
3655 4797 3783 4840 ma-

2126 4890 2240 4933 nus
2259 4881 2601 4935 nostrorum
2627 4874 3003 4937 sacerdotum
3026 4874 3283 4937 divinam
3298 4869 3780 4933 commuttionem

2127 4967 2647 5037 mereanturuua:
2667 4982 2810 5025 sane
2834 4963 3146 5044 responsio
3171 4962 3467 5043 propriam
3487 4959 3781 5023 rationem

2127 5050 2389 5131 allegans
2418 5071 2486 5114 ex
2515 5071 2682 5115 sacra
2709 5052 3039 5133 Scriptura,
3066 5051 3377 5113 Dominico
3431 5050 3530 5112 illo
3560 5068 3665 5110 usa
3693 5057 3787 5111 ομι

2129 5139 2351 5201 verbo:
2413 5139 2526 5214 Qui
2571 5160 2691 5204 non
2729 5149 2824 5204 est
2865 5141 3104 5224 (inquit)
3158 5158 3417 5215 mecum,
3450 5148 3658 5202 contra
3690 5156 3787 5199 me

2130 5237 2221 5290 est
2255 5249 2270 5290 :
2304 5237 2364 5292 et
2409 5230 2511 5311 qui
2557 5248 2673 5295 non
2724 5229 2950 5311 colligit
2993 5249 3253 5313 mecum,
3290 5229 3600 5311 dispergit.
3633 5226 3785 5291 Huic

2128 5326 2324 5381 autem
2353 5337 2645 5401 responso
2673 5321 2944 5404 praeclari
2992 5320 3162 5383 multi
3190 5320 3298 5382 viri
3324 5329 3462 5382 tunc
3493 5337 3613 5381 non
3644 5328 3786 5382 sunt

2126 5408 2457 5488 suﬂ'ragati,
2482 5416 2546 5472 ut
2571 5410 2730 5492 quod
2784 5409 3035 5481 multum
3086 5409 3328 5473 duritiei
3352 5421 3412 5472 et
3443 5407 3787 5471 acerbitatis

2126 5496 2397 5574 haberet,
2429 5518 2537 5562 nec
2566 5496 2979 5564 convenientis
3001 5498 3463 5581 reprehensioni
3484 5497 3785 5561 Latinica-

1710 5668 1968 5734 VARle
2002 5650 2452 5733 LECTIONES.

479 5807 513 5856 κ.
546 5816 763 5883 panem
794 5797 1080 5879 fractum.
1112 5770 1153 5837 ι’
1190 5790 1519 5856 neutrates.
1558 5791 1679 5854 ἐἰσ
1707 5807 1828 5853 non
1860 5787 2082 5853 talibus
2110 5794 2293 5850 semet
2321 5788 2803 5852 accommodare.
2839 5808 2881 5837 ω
2911 5795 3457 5854 δασναιηεηιρνωη.
