4130 6418
353 369 468 441 961
1697 374 2003 446 GRECO—I

2092 371 2413 443 tMANUM.
3629 357 3751 436 962

352 522 597 592 κρατεῖν,
688 513 866 599 δητοῦ
932 516 1138 593 κόσμου
1193 514 1412 599 φωστὴρ
1460 517 1497 574 ιδ
1566 515 1733 596 μέγας
1785 514 2003 585 θεσπίζε¹

2092 506 2313 599 legem,
2349 508 2622 599 obtinere
2641 507 2971 599 ;luminare
3001 506 3209 599 mundi
3234 525 3481 599 magnus
3503 506 3753 571 sincivit

351 601 647 668 Βασίλειος.
726 592 904 662 υΟταν
972 592 1099 684 γοῦν
1183 592 1278 670 τὰς
1349 592 1595 670 τοιαύτας
1651 592 2003 686 ⁷χειροτονίας

2092 597 2367 661 Basilius.
2401 597 2838 678 Quandoigitur
2856 597 3198 679 bujusmodi
3228 598 3633 660 ordinationes
3652 599 3746 661 lex

352 693 447 749 οὒκ
489 690 816 773 ἔπιγινώσκῃ
871 695 900 751 ὁ
942 694 1103 770 νόμος
1153 700 1252 763 τῆς
1312 693 1653 768 Ἐκκλησίας,
1714 693 1798 751 διὰ
1853 699 2003 751 τοῦτο

2092 688 2378 752 Ecclesiae
2409 708 2526 750 non
2587 688 2917 770 agnoverit,
2980 687 3054 750 ob
3086 706 3213 749 eam
3249 706 3375 749 rem
3410 707 3607 770 neque
3639 707 3750 751 nos

352 777 468 837 οὒδὲ
509 782 675 859 ἡμεῖς
734 779 994 860 δυνάμεθα
1052 785 1150 853 τὴν
1202 785 1256 841 ἐν
1314 786 1478 861 ταύτῃ
1519 786 1794 855 συνήθειαν
1863 804 2003 863 γνω-

2094 795 2412 858 possumus
2442 785 2726 853 statuere,
2757 778 2888 857 ejus
2943 777 3438 840 consuetudinem
3471 786 3750 860 tanquam

347 874 603 944 ματεῦσαι
691 872 767 936 ὡς
835 870 1050 950 βεϐαίαν
1108 887 1347 953 κρατεῖν.
1421 876 1479 932 El
1535 875 1636 955 γὰρ
1692 875 1779 930 καὶ
1835 872 2003 952 μακρᾶ

2094 865 2327 928 ﬁrmam
2354 865 2649 929 obtinere.
2684 865 2806 928 Etsi
2840 864 3000 928 enim
3035 866 3185 928 forte
3217 864 3394 955 longa
3423 874 3533 949 est,
3556 867 3750 930 nesci-

349 957 488 1025 ἴσως
558 958 721 1035 ἐστὶν,
793 960 915 1019 ἀλλ’
987 964 1081 1020 οὐκ
1149 960 1373 1039 οἴδαμεν
1427 960 1658 1043 ἀκριϐῶς
1728 965 1772 1019 εί
1826 963 1914 1019 καὶ
1958 961 2012 1018 ἐν

347 1046 606 1126 συνοδικῷ
674 1048 994 1133 δικαστηρίῳ
1075 1055 1395 1131 κρατηθεῖσα
1452 1049 1770 1120 ἐϐεϐαιώθη.
1832 1050 2009 1110 Ἐκεί-

347 1160 450 1205 νην
531 1142 632 1219 γὰρ
714 1140 813 1208 τὴν
870 1141 1073 1222 μακρὰν
1143 1144 1414 1212 συνήθειαν
1470 1137 1685 1219 βεϐαίαν
1742 1144 1789 1199 οἱ
1860 1140 2011 1216 νόμοι

346 1226 634 1307 τυγχάνειν
691 1226 1103 1311 διακελεύονται,
1174 1231 1273 1299 τὴν
1349 1229 1756 1307 δοκιμασθεῖσαν
1812 1229 1867 1286 ἒν
1926 1227 2010 1286 δι-

345 1316 620 1395 καστηρίῳ
698 1318 787 1376 καὶ
854 1323 1200 1398 κυρωθετσαν,
1273 1321 1383 1389 Τὴν
1468 1321 1546 1397 μὴ
1623 1321 1873 1388 τοιαύτην
1954 1317 2008 1375 δὲ

346 1401 656 1485 ὁλοσχερῶς
778 1406 1168 1466 ἇποϐάλλονται
1180 1457 1194 1473 ,
1344 1407 1713 1477 Ἐξετασθῆναι
1836 1409 2007 1467 τοίνυν

2094 973 2228 1016 mus
2245 974 2380 1018 vere
2405 976 2544 1018 num
2571 955 2835 1038 synodali
2856 955 3138 1037 applausa
3152 954 3381 1036 judicio
3402 956 3752 1020 conﬁrmata

2092 1042 2294 1106 fuerit.
2330 1042 2502 1107 Illam
2535 1045 2695 1106 enim
2728 1045 2963 1125 longam
2994 1044 3486 1107 consuetudinem
3519 1046 3751 1108 ﬁrmam

2095 1151 2228 1196 esse
2257 1134 2420 1214 leges
2443 1133 2679 1215 jubent.
2714 1152 2845 1215 quae
2867 1133 3096 1214 judicio
3122 1134 3486 1196 contradicto
3508 1135 3754 1216 probata

2095 1223 2599 1306 corroborataque
2619 1222 2967 1296 luerit.Qu:e
2988 1232 3182 1285 autem
3208 1223 3344 1286 talis
3361 1243 3480 1285 non
3498 1233 3749 1301 est,eam

2092 1311 2266 1393 plane
2295 1314 2594 1395 rejiciunt.
2634 1314 3058 1395 lnquirendum
3091 1319 3181 1375 est
3209 1312 3561 1393 igitur,num
3583 1333 3745 1397 pra:-

2091 1402 2251 1465 dicta
2277 1403 2676 1465 creandorum
2715 1403 3093 1465 sacerdotum
3156 1403 3527 1465 consuetudo
3560 1423 3745 1484 syno-

344 1493 523 1572 χρεὼν
554 1495 596 1551 εἰ
650 1496 736 1551 καὶ
782 1498 818 1566 ἡ
876 1498 1131 1579 εἷρημένη
1189 1500 1434 1570 συνήθεια
1507 1501 1605 1567 τῆς
1672 1501 2003 1581 χειροτονίας

2092 1490 2224 1554 dice
2253 1490 2586 1574 disceptata
2646 1500 2704 1554 et
2752 1494 2982 1553 ﬁrmata
3037 1491 3215 1555 fuerit
3262 1510 3546 1574 unquam.
3576 1492 3668 1570 Et,
3702 1492 3753 1554 si

343 1588 452 1639 τῶν
533 1583 712 1663 ἱερέων
821 1586 1106 1652 συνοδικῶς
1210 1587 1511 1669 ἐγυμνάσθη
1594 1591 1685 1647 καὶ
1768 1589 2003 1670 ἐκυρώθη

2092 1582 2205 1643 hoc
2232 1581 2448 1644 factum
2482 1582 2581 1663 sit,
2616 1581 2801 1644 valeat
2848 1584 3024 1645 etiam
3056 1582 3116 1642 in
3150 1590 3474 1663 posterum.
3510 1583 3613 1644 Sin
3647 1582 3754 1643 mi-

352 1671 506 1734 ποτὲ.
572 1671 683 1731 Κᾶν
741 1676 837 1752 μὲν
888 1675 1076 1756 γέγονε
1130 1688 1305 1748 τοῦτο,
1360 1677 1616 1756 κρατείτω
1671 1680 1761 1737 καὶ
1817 1681 1890 1744 εἰς
1946 1680 2003 1735 τὸ

2092 1689 2229 1752 nus,
2263 1670 2333 1732 ad
2389 1690 2616 1733 sacram
2674 1689 3068 1753 magnamque
3117 1672 3406 1752 synodum
3438 1670 3513 1735 de
3545 1689 3616 1733 ea
3643 1688 3747 1733 re-

347 1759 470 1830 ἑξῆς
503 1779 523 1800 ⁸
568 1766 611 1820 εί
641 1762 695 1823 δὲ
756 1768 857 1847 μή,
917 1766 1125 1845 ἀνάγκη
1182 1773 1251 1845 τῇ
1291 1770 1404 1846 ίερᾷ
1445 1769 1532 1825 καὶ
1599 1767 1810 1845 μεγάλη
1879 1791 2003 1825 συν-

2093 1759 2235 1822 ferri
2270 1778 2517 1822 necesse
2577 1768 2689 1838 est,
2752 1770 2815 1822 ut
2856 1760 3014 1842 quod
3045 1760 3101 1822 ei
3134 1761 3423 1842 placuerit
3451 1762 3570 1823 ﬁat.
3596 1758 3744 1823 Nam

347 1848 452 1926 όδῳ
480 1853 545 1909 τὰ
576 1855 689 1932 περὶ
718 1856 914 1923 ταύτης
956 1855 1329 1937 ἀνενεχθῆναι,
1378 1856 1514 1913 ὥστε
1562 1860 1623 1915 τὸ
1654 1856 1804 1923 δόξαν
1835 1856 2003 1935 ἐκείνῃ

2094 1867 2227 1929 quae
2265 1849 2555 1929 sgnudice
2614 1849 2993 1913 considerata
3049 1859 3109 1912 et
3158 1850 3393 1931 cognita
3422 1860 3580 1928 sunt,
3614 1868 3747 1913 tne-

346 1938 609 2019 γενὲσθαι.
641 1926 718 2001 ἶΐὰ
746 1942 1030 2009 συνοδικῶς
1060 1926 1160 2026 γάρ
1189 1926 1524 2021 σκεπτόμενα
1550 1948 1638 2003 καὶ
1662 1926 2003 2026 διαγινωσκόζ

2094 1926 2242 1999 liora
2294 1926 2352 2000 et
2404 1938 2669 2001 ﬁrmiora
2724 1947 2862 2002 sunt
2918 1939 3016 2014 iis,
3069 1957 3204 2020 quae
3235 1926 3336 2002 vab
3368 1959 3485 2003 uno
3526 1926 3745 2003 decer-

346 2049 504 2111 μενα,
552 2037 657 2087 τῶν
698 2033 1005 2109 καταμόνας
1057 2033 1542 2112 γνωματευομένων
1599 2036 1872 2116 κρειττονά
1914 2037 2010 2095 εἶσι

343 2118 433 2174 ναὶ
461 2117 891 2201 ἐπικρατέστερα.

428 2203 539 2286 Ἐρ.
588 2209 885 2267 Θάπτονται
942 2208 1202 2290 ὀρθόδοξοι
1276 2203 1535 2291 Ῥωμαῖοι
1587 2212 1641 2270 ἒν
1697 2220 2008 2279 Λατινικαϊς

343 2299 647 2368 ἐκκλησίαις
680 2302 1008 2382 ψαλλόμενοι
1037 2306 1180 2386 παρά
1225 2328 1282 2363 τε
1330 2297 1601 2382 Ῥωμαίων
1640 2309 1727 2364 καὶ
1772 2307 2008 2364 Λατίνων

340 2388 395 2445 ἐν
436 2391 632 2466 ταύτῳ.
695 2394 795 2451 Καὶ
851 2399 1072 2476 Λατῖνοι
1137 2393 1192 2451 δὲ
1248 2395 1693 2476 ἀποθνήσκοντες,
1752 2397 2003 2461 ὡσαύτως

341 2477 634 2555 ψάλλονται
664 2483 799 2557 ὁμοῦ
841 2484 984 2563 παρὰ
1046 2475 1319 2560 Ῥωμαίων
1366 2487 1454 2542 καὶ
1500 2475 1733 2542 Λατίνων
1762 2482 2002 2565 ἀδιακρί-

338 2588 469 2633 τως.
505 2566 801 2646 Ἐπιτίμιον
834 2569 997 2646 ἔστιν,
1031 2572 1067 2641 ἢ
1101 2570 1160 2630 οὗ
1191 2592 1207 2653 ς

423 2657 547 2719 ’Λπ.
639 2662 740 2716 Δύο
823 2662 921 2717 εἶσι
1003 2668 1248 2743 προφανῆ
1332 2664 1419 2720 καὶ
1491 2662 1698 2744 μεγᾶλα
1752 2671 2002 2721 ποιοῦντα

342 2742 591 2828 διαφορὰν
617 2749 779 2825 μέσον
834 2752 990 2826 ἡμῶν
1046 2742 1135 2809 καὶ
1192 2753 1298 2809 τῶν
1354 2742 1610 2815 Λατίνων.
1658 2755 1730 2811 Τὸ
1796 2759 2006 2833 πρῶτον

340 2838 429 2893 καὶ
471 2844 680 2913 μεῖζον,
712 2861 776 2896 το
804 2842 921 2919 περὶ
961 2840 1055 2897 τοῦ
1109 2842 1259 2920 ἁγίοο
1315 2841 1620 2918 Πνεύματος
1662 2840 1834 2921 δόγμα
1866 2860 1879 2875 ⁸
1945 2844 2005 2898 τὸ

341 2922 577 3005 δεύτερον
620 2923 727 3011 δὲη-
758 2930 847 2985 καὶ
904 2931 963 2987 οὒ
1018 2937 1110 2987 τοῦ
1167 2928 1289 2990 ἴσου
1329 2930 1513 3011 λόγου,
1557 2937 1662 2989 τῶν
1702 2931 1913 3007 ἀζύμων
1968 2933 2003 2999 ἡ

338 3002 632 3096 προσερορά.
682 3002 772 3074 ἮΗ
831 3022 929 3085 τῆς
1001 3024 1213 3101 Γραφῆς
1284 3018 1339 3076 δὲ
1410 3002 1738 3100 ’ἀνάγνωσιῆ
1794 3002 1892 3089 τῆς
1946 3041 2003 3076 τε

2090 2035 2335 2091 nuntur.

2170 2205 2942 2289 lnterrogatioﬂrthodoxi
2964 2206 3215 2269 Romani
3237 2207 3296 2270 in
3321 2206 3607 2271 Latinicis
3638 2227 3743 2272 ec-

2091 2292 2289 2355 clesiis
2310 2295 2701 2377 sepeliuntur.
2739 2294 3037 2357 decantati
3060 2314 3094 2357 a
3122 2294 3407 2358 Romanis
3433 2306 3492 2358 et
3530 2295 3747 2358 Latinis

2090 2383 2449 2447 simnlJtem
2472 2384 2665 2446 Latini
2686 2384 3038 2466 morientes,
3071 2403 3108 2446 a
3130 2385 3415 2449 Romanis
3437 2393 3495 2449 et
3513 2385 3741 2449 Latinis

2088 2491 2208 2534 una
2237 2473 2603 2537 carminibus
2631 2474 2974 2537 indistincte
3015 2473 3394 2538 celebrantur
3425 2492 3439 2535 :
3471 2494 3743 2539 censurae

2088 2560 2204 2622 hoc
2235 2560 2555 2624 obnoxium
2583 2570 2695 2639 est,
2726 2581 2925 2624 annon
2951 2561 2976 2625 ἶ)

2169 2650 2305 2714 Res.
2340 2653 2469 2715 Duo
2497 2662 2635 2714 sunt
2684 2651 2996 2715 manifesta
3044 2672 3101 2714 et
3137 2672 3346 2734 magna
3379 2674 3393 2717 :
3424 2672 3558 2735 quae
3585 2652 3743 2717 inter

2088 2758 2199 2802 nos
2229 2748 2287 2803 et
2314 2742 2554 2804 Latinos
2612 2743 2835 2806 faciunt
2894 2743 3317 2806 diﬂ’erentiam.
3368 2743 3630 2806 Primum
3685 2749 3746 2806 et

2089 2830 2305 2911 majus,
2336 2831 2605 2892 doctrina
2639 2832 2713 2893 de
2741 2840 2946 2893 sancto
2976 2832 3223 2913 Spiritu.
3259 2830 3596 2896 Secundum
3630 2850 3741 2893 au-

2086 2926 2230 2995 tem,
2266 2938 2378 2982 nec
2409 2920 2554 2982 tanti
2584 2922 2895 2999 momenti,
2929 2941 3262 3003 azymorum
3292 2921 3530 2984 oblatio.
3571 2920 3738 2984 Scri-

2088 3018 2275 3091 ptura;
2296 3020 2489 3071 autem
2518 3010 2719 3092 lectio,
2746 3011 2960 3073 veteris
2988 3020 3046 3074 et
3068 3030 3253 3089 novat,
3278 3011 3419 3073 item
3440 3012 3740 3093 precatio-

338 3102 572 3168 παλαιᾶς
626 3107 716 3163 καὶ
783 3111 883 3175 τῆς
940 3107 1082 3182 νέας,
1126 3100 1233 3166 καὶ
1288 3112 1340 3165 αἱ
1410 3111 1725 3190 προσευχαὶ,
1785 3110 1874 3167 καὶ
1946 3112 1997 3166 αἱ

2092 3118 2191 3163 nes
2221 3108 2278 3161 et
2309 3100 2520 3163 musici
2551 3110 2780 3177 cantus,
2815 3110 2873 3163 et
2904 3101 3109 3164 divina
3139 3101 3382 3183 templa,
3407 3101 3739 3164 veneratio-

337 3190 614 3275 μελῳδίαι,
652 3197 739 3253 καὶ
768 3198 814 3254 οἱ
843 3195 983 3255 θεῖοι
1017 3198 1152 3274 ναοὶ,
1182 3199 1270 3256 καὶ
1301 3201 1353 3255 αἱ
1394 3200 1774 3279 προσκυνήσεις
1805 3207 1899 3258 τοῦ
1939 3220 1996 3255 τε

335 3282 513 3360 τιμίου
582 3292 803 3365 σταυροῦ
863 3288 953 3343 καὶ
1007 3293 1114 3344 τῶν
1159 3288 1321 3365 ἁγίων
1364 3288 1599 3364 εἰκόνων,
1662 3288 1813 3345 κοινὰ
1865 3288 1997 3346 τού-

337 3393 449 3438 τοις
479 3373 576 3430 εἶσὶ
619 3376 708 3431 καὶ
737 3377 898 3452 ἡμῖν.
946 3376 1054 3434 Ούκ
1095 3375 1295 3449 ἀπᾷδον
1347 3378 1539 3453 τοίνυν,
1602 3375 1747 3437 οὐδὲν
1796 3384 1863 3456 τῇ
1906 3378 1997 3434 εὖ-

338 3459 517 3536 σεϐείᾳ
585 3466 828 3522 ὁπωσοῦν
897 3464 1305 3544 λυμαινόμενον,
1366 3469 1427 3525 τὸ
1491 3468 1776 3525 θάπτεσθαι
1833 3469 1998 3524 Λατί-

340 3575 461 3618 νους
524 3553 579 3613 ἐν
640 3545 969 3632 Ῥωμαϊκοϊς
1036 3569 1209 3631 ναοῖς,
1282 3559 1370 3616 καὶ
1439 3556 1730 3634 ψάλλεσθαι
1799 3559 1999 3632 ὁμοθυ-

341 3640 510 3716 μαδὸν
577 3644 722 3722 παρά
789 3666 846 3702 τε
921 3635 1194 3726 Ῥωμαίων
1264 3646 1352 3702 καὶ
1413 3646 1650 3703 Λατίνων
1719 3647 2000 3726 ίερουργῶν

340 3745 629 3811 νεκριματα
695 3733 932 3790 Λατίνων
985 3736 1073 3791 καὶ
1127 3725 1425 3811 Ῥωμαίων.
1489 3731 1618 3791 Οὔτε
1671 3725 1775 3814 γὰρ
1828 3737 1857 3790 ὁ
1906 3732 2005 3791 τό-

344 3843 445 3885 πος
488 3823 609 3886 τοὺς
662 3821 1007 3899 ἀπελθόντας,
1053 3824 1195 3904 παρὰ
1244 3830 1361 3899 Θεῷ
1411 3834 1562 3882 ποιετ
1625 3820 1959 3894 ἂποϐλήτους
1986 3838 2001 3853 ⁸

348 3911 500 3979 καὶ’ἡ
532 3910 618 3968 ἐπ’
670 3913 852 3977 αὐτοῖς
909 3910 1193 3990 ψαλμῳδία
1249 3913 1355 3969 τῶν
1414 3912 1674 3993 Λατίνων,
1732 3911 1828 3967 οὒκ
1869 3910 2007 3968 ἔστιν

346 3998 555 4081 ἑθνικὴ,
612 3998 731 4057 ἀλλ’
789 4000 850 4057 ἐκ
905 4008 1012 4058 τῶν
1080 3999 1198 4059 καθ’
1239 4002 1581 4079 ἡμᾶςλθείων
1642 4008 1884 4082 Γραφῶν.
1945 4002 2004 4058 Ei

344 4086 403 4145 δέ
460 4111 541 4153 τις
597 4089 731 4155 ἴσως
789 4089 986 4150 ἄτοπον
1067 4093 1286 4171 ἡγεῖται
1364 4092 1426 4149 τὸ
1491 4092 1769 4170 γινόμενον
1841 4088 1998 4167 οὕτω,

2080 3209 2306 3271 nesque
2339 3190 2615 3271 pretiosa:
2644 3191 2841 3254 crucis
2885 3200 3344 3273 sanctarumque
3375 3190 3728 3272 imaginum,

2079 3280 2197 3342 illis
2228 3289 2368 3341 sunt
2397 3280 2708 3342 nobiscum
2739 3281 3102 3343 communia.
3136 3279 3267 3343 Non
3291 3289 3381 3343 est
3411 3280 3739 3359 igitur-dis-

2081 3378 2459 3446 sentaneum,
2492 3389 2686 3452 neque
2716 3372 2999 3452 pietatem
3043 3371 3165 3433 ullo
3198 3371 3374 3432 modo
3407 3369 3741 3447 offendens,

2081 3461 2323 3525 Latinos
2346 3462 2591 3542 sepeliri
2615 3461 2677 3523 in
2708 3460 2993 3524 Romanis
3019 3460 3345 3543 templis,et
3365 3469 3429 3522 ut
3457 3479 3491 3522 a
3521 3463 3743 3522 Itoma-

2081 3551 2174 3612 nis
2206 3550 2547 3632 Latinisque
2575 3548 3501 3614 sacriﬁcatoribus‘Romanorum
3532 3558 3591 3611 et
3620 3548 3739 3610 La-

2092 3639 2347 3701 tinorum
2380 3640 2596 3701 mortui
2645 3638 2913 3702 unanimi
2955 3647 3250 3701 concentu
3285 3651 3305 3677 τ
3334 3638 3737 3702 celebrentur.

2088 3728 2295 3810 Neque
2328 3728 2486 3790 enim
2521 3729 2686 3791 locus
2715 3728 2855 3791 facit
2896 3735 3161 3790 mortuos
3190 3728 3345 3809 apud
3376 3726 3563 3788 Deum
3594 3725 3744 3806 reji-

2091 3815 2379 3879 ciendos:
2419 3826 2479 3879 et
2510 3817 2853 3880 Latinorum
2913 3822 2988 3878 de
3038 3817 3111 3878 iis
3158 3814 3484 3899 psalmodia
3505 3833 3626 3875 non
3651 3822 3744 3877 est

2092 3906 2452 3988 pagana,sed
2488 3926 2557 3969 ex
2590 3906 2804 3968 divinis
2834 3917 2884 3988 ε,
2917 3914 3117 3968 nostra
3142 3901 3743 3984 sententia,Scriptu-

2090 3997 2195 4058 ris.
2228 3995 2393 4069 Quod
2425 3996 2476 4059 si
2506 3997 2639 4077 quis
2667 3996 2822 4059 forte
2851 4014 2981 4057 rem
3034 3994 3380 4076 bujusmodi
3423 3992 3743 4054 absurdam

2087 4087 2435 4168 putet,hanc
2450 4085 2963 4148 ratiocinationem
2975 4103 3183 4148 vanam
3208 4083 3365 4147 iilico
3390 4081 3744 4163 comperiet.

345 4178 562 4237 αὒτόθεν
591 4181 800 4260 εύρήσει
830 4182 920 4238 τὸν
960 4180 1221 4261 λογισμὸν
1272 4189 1455 4238 τοῦτον
1515 4181 1761 4257 μάταιον.
1824 4178 2003 4237 Πολλὰ

2092 4177 2202 4247 Qui
2234 4176 2394 4238 enim
2426 4176 2725 4256 quondam
2758 4175 3086 4257 impietatis
3113 4174 3432 4257 imperium
3462 4192 3567 4234 suo
3589 4181 3743 4234 tem-

345 4269 448 4347 γὰρ
478 4269 700 4347 σώματα
729 4276 834 4327 τῶν
892 4270 1057 4350 ἁγίων
1113 4273 1161 4327 οἱ
1216 4268 1379 4327 πάλαι
1436 4272 1574 4327 κατὰ
1629 4270 1843 4347 καιροὺς
1903 4274 2002 4337 τῆς

2092 4283 2231 4345 pore
2261 4295 2278 4333 ι
2305 4265 2718 4347 obtinuerunt,
2752 4264 2937 4327 multa
2957 4273 3299 4327 sanctorum
3318 4280 3570 4344 corpora
3592 4262 3743 4326 mis-

345 4355 588 4422 ἀσεϐείας
669 4361 732 4416 τὸ
812 4359 1002 4439 κράτος
1089 4357 1306 4441 ἔχοντες
1389 4359 1722 4437 θνησιμαίοις
1785 4357 2002 4437 ἀλόγοις

2092 4361 2343 4416 ruerunt
2397 4354 2718 4415 bestiarum
2781 4353 3160 4429 morticiniis,
3214 4363 3272 4415 et
3327 4353 3390 4414 in
3421 4353 3551 4414 loca
3573 4370 3744 4414 emno

345 4446 662 4531 παρέμιξαν,
716 4448 815 4506 καὶ
851 4435 929 4506 Ἔν
985 4435 1169 4516 τόποις
1251 4446 1504 4529 βορϐόρου
1550 4435 1793 4526 μεστοῖς
1875 4435 2003 4505 ἐνα-

2092 4448 2266 4525 plena
2289 4444 2819 4524 projecerunt.Scd
2843 4444 2976 4506 data
2991 4443 3210 4506 sanctis
3230 4443 3417 4523 gratia
3438 4442 3578 4504 inde
3600 4441 3743 4531 illae-

346 4529 655 4618 πέῤῥιψανέ
715 4536 836 4595 ἄλλ’
896 4539 931 4608 ἡ
1002 4536 1258 4616 δεδομένη
1299 4552 1418 4603 τοῖς
1460 4538 1629 4619 ἁγίοις
1684 4537 1867 4619 χάρις,
1950 4537 2003 4594 ἐν

2092 4550 2152 4594 sa
2173 4532 2411 4596 mansit.
2443 4531 2783 4614 Eorumque
2801 4542 2891 4595 est
2912 4538 3191 4613 superius
3219 4532 3577 4606 Jerusalem,
3611 4529 3742 4609 pri-

346 4629 524 4687 τεῦθεν
579 4625 859 4696 ἂλώϐητος
917 4627 1116 4705 ἔμεινε.
1178 4629 1278 4688 καὶ
1343 4628 1510 4686 οὔτῶν
1578 4627 1721 4686 ἐστιν
1775 4628 1812 4696 ἡ
1895 4623 2003 4685 ἄνω

2092 4621 2529 4702 mogenitorum
2565 4622 2932 4704 metropolis,
2952 4621 3180 4684 mitium
3215 4620 3621 4694 terra,dilecla
3651 4625 3743 4682 ta-

353 4708 721 4797 .lepoocalrip,
805 4720 845 4788 ἡ
921 4723 1029 4776 τῶν
1106 4718 1465 4797 πρωτοτόκων
1548 4714 1904 4797 μητρόπολις,
1965 4717 2001 4785 ἡ

2092 4711 2433 4775 bernacula.
2453 4709 2777 4791 Impiorum
2800 4719 2997 4774 autem
3016 4729 3224 4792 regum
3245 4710 3540 4791 sepulcra,
3567 4707 3744 4770 etiam

344 4813 454 4864 τῶν
520 4806 730 4888 πραέων
798 4812 895 4886 γῆ,
967 4808 1034 4864 τὰ
1086 4807 1413 4887 ἠγαπημένα
1474 4808 1828 4884 σκηνώματα.
1908 4807 2004 4865 Εὑ-

346 4897 609 4978 ρίσκονται
651 4894 706 4953 δὲ
747 4897 838 4954 καὶ
890 4894 1158 4955 δυσσεϐὦν
1220 4895 1482 4975 βασιλέων
1535 4896 1689 4977 τάφοι
1760 4895 1815 4954 ἒν
1883 4907 2003 4961 τοῖς

347 4986 463 5043 καθ’
523 4988 667 5063 ἡμᾶς
708 4985 907 5066 ἁγίοις
976 4999 1153 5066 ναοῖς,
1226 4988 1301 5051 ὡς
1370 4987 1460 5044 καὶ
1528 4992 1623 5044 τοῦ
1699 4981 2004 5066 παραϐάτου

348 5072 655 5152 Ἰουλιανοῦ,
702 5077 758 5132 ιν
799 5082 879 5152 τῷ
932 5078 1047 5153 ναῷ
1085 5082 1192 5134 τῶν
1249 5077 1414 5155 ἁγίων
1480 5078 1571 5132 καὶ
1641 5075 2003 5155 πανευφήμων

345 5162 684 5241 ἀποστόλων,
729 5166 864 5222 κατᾶ
905 5165 1005 5233 τὴν
1062 5163 1617 5224 Κωνσταντινούπολιν
1655 5184 1671 5198 ·
1740 5165 1829 5222 καὶ
1892 5162 2002 5239 μὴν

347 5256 437 5313 καὶ
484 5250 665 5312 ἄλλων
716 5252 1015 5322 κακοδόξων
1071 5254 1127 5313 ἐν
1176 5253 1376 5331 ἑτέροις
1415 5267 1565 5320 ναοῖς
1599 5273 1616 5290 ·
1659 5256 1748 5312 καὶ
1803 5256 1864 5313 οὗ
1905 5251 2002 5311 λυ-

348 5342 555 5402 σιτελεῖ
604 5344 808 5410 τούτοις
876 5344 913 5413 ἦ
995 5343 1173 5402 lutet
1230 5344 1400 5425 ταφή.
1458 5342 1618 5402 Μένει
1673 5345 1775 5426 γὰρ
1828 5342 2000 5401 αὐτῶν

2086 4801 2151 4862 in
2180 4800 2402 4863 nostris
2434 4802 2654 4863 sanctis
2678 4800 2917 4882 templis
2939 4800 3343 4874 inveniuntur,
3376 4806 3440 4860 ut
3467 4804 3747 4880 apostatae

2084 4889 2327 4965 Juliani,
2353 4888 2414 4951 in
2433 4890 2655 4970 templo
2684 4899 3024 4952 sanctorum
3046 4900 3102 4952 et
3121 4888 3573 4951 benedictorum
3593 4903 3744 4970 apo-

2085 4978 2399 5056 stolorum,
2454 4996 2636 5060 prope
2684 4979 3258 5061 Constantinopolim
3286 4989 3315 5021 η
3351 4996 3366 5038 :
3400 4986 3461 5040 et
3488 4976 3742 5039 aliorum

2088 5085 2383 5150 perversa;
2424 5068 2566 5130 ﬁdei
2594 5068 2657 5130 in
2687 5067 2821 5130 aliis
2845 5069 3107 5151 templis,
3141 5067 3359 5149 quibus
3379 5066 3505 5128 illic
3535 5065 3741 5147 sepul-

2086 5167 2209 5221 tum
2224 5157 2405 5221 fuisse
2418 5176 2533 5219 non
2549 5158 3029 5239 prodest.Eorum
3047 5157 3209 5223 enim
3228 5165 3429 5218 manet
3443 5156 3738 5237 impietas,

2086 5257 2145 5311 et
2197 5266 2406 5311 eorum
2460 5256 2552 5310 est
2597 5246 2752 5328 ignis
2804 5257 3068 5311 aaternus
3124 5247 3419 5328 gehennae
3458 5256 3506 5310 ν.
3537 5243 3745 5308 Restat

2084 5337 2265 5420 igitur
2286 5355 2421 5401 esse
2451 5335 2983 5420 irreprebensibile
3001 5336 3476 5401 Christianorum
3496 5335 3560 5399 in
3579 5335 3743 5400 Lati-

1695 5511 1952 5578 VARIE
1995 5505 2425 5577 LECTIONES.

423 5654 449 5684 τ
476 5641 704 5704 nanda
730 5644 1105 5729 unanimiter
1148 5649 1547 5729 canuntur.)
1598 5663 1676 5719 ea;
1730 5648 1965 5710 nostris.
2004 5646 2201 5729 sacris
2260 5644 2625 5729 scripturis,
2673 5645 2843 5729 {Qui
2892 5652 3056 5712 enim
3089 5646 3405 5729 quondm;
3441 5645 3748 5726 inmittat:

336 5737 587 5800 pagana
616 5732 913 5804 regnante
935 5724 1263 5808 imperium
1292 5721 1685 5791 obtinebant:
1714 5737 1745 5771 ι
1803 5724 2364 5807 Constantinopoli.
2398 5721 2750 5807 isuppliciz‘.
