4128 6424
390 334 512 401 963

1773 333 1908 398 JUS
1933 310 2401 398 .CANONICUM

3665 320 3786 387 964

393 472 492 534 nis
517 473 760 555 templis
777 473 1140 555 sepultorum
1163 470 1856 553 funuszquandoquidem
1873 467 2050 532 etiam

2159 469 2176 535 λι
2236 464 2532 555 δυσσέϐεια,
2595 468 2684 523 καὶ
2753 464 2924 521 αὒτῶν
2967 463 3078 520 ἔστι
3135 463 3197 521 τὸ
3248 460 3456 519 αἶώνιον
3527 463 3629 540 πῦρ
3697 459 3798 524 τῆς

394 563 518 625 illic
547 564 822 644 pretiosae
843 562 1271 639 crucis,divaru
1283 580 1456 642 mque
1479 561 1812 640 etﬁgierum
1832 556 2056 621 erectio

395 661 454 714 et
473 653 798 716 veneratio.
834 655 966 716 Non
993 652 1366 731 ineleganter
1387 651 1526 713 huic
1547 668 1832 731 responso
1852 647 2055 727 adjicio

396 751 493 804 tur
511 742 658 804 illud
682 742 838 823 quod
863 743 924 804 in
940 741 1261 819 Evangelio
1280 741 1564 820 scriptum
1589 751 1678 801 est
1697 739 1869 802 :Sine
1889 755 2055 799 mor-

397 838 798 913 tuossepeh‘re
814 850 954 895 suos
969 837 1261 894 mortuos.
1273 829 1808 910 Sermone,opinor
1824 827 2054 907 signiﬁ-

403 931 579 984 cante
612 922 1060 1003 corruptionem
1089 939 1244 1000 esse,
1291 919 1529 981 illorum
1560 917 1948 1000 sepulturam.
1985 914 2059 978 Ut

2139 555 2435 622 κολάσεως,
2498 545 2825 632 ’Ἄμεμπτος
2881 553 3074 611 λοιπὸν
3127 554 3162 620 ἡ
3219 552 3363 631 ταφὴ
3422 554 3528 606 τῶν
3571 548 3625 604 ἐν
3675 559 3795 610 τοῖς

2141 652 2447 709 Λατινικοτς
2492 659 2640 711 ναοτς
2673 642 3114 724 ἐνσοριαζομένων
3177 645 3526 720 Χριστιανῶν,
3574 635 3792 702 Ἐπειδὴ

2138 735 2356 792 κάκεῖσε
2389 737 2424 804 ἡ
2455 746 2546 794 τοῦ
2590 735 2765 810 τιμίου
2809 739 3032 810 σταυροῦ
3087 732 3172 788 καὶ
3230 731 3334 786 τῶν
3387 727 3538 786 θείων
3569 747 3795 806 μορφω-

2139 826 2322 900 μάτων
2389 826 2526 880 ἐστὶν
2598 821 2966 894 ἀναστήλωσις
3036 821 3125 878 καὶ
3171 818 3550 898 προσκύνησις,
3614 821 3794 895 Προσ-

2139 919 2277 988 om
2309 916 2364 974 δὲ
2394 923 2488 977 οὐκ
2517 918 2848 997 ἀπρόσφορος
2904 921 2974 992 τῇ
3030 914 3300 1013 ἀποκρίσει
3359 913 3550 986 ταύτῃ,
3595 907 3794 966 κάκεῖ-

399 1009 475 1073 ob
509 1011 565 1072 id
612 992 951 1074 viveniibus
1006 1027 1184 1090 supra
1231 992 1528 1070 'mundum
1559 992 1699 1069 1‘v'el
1748 1005 2058 1087 exquisitis

2159 1029 2197 1064 ρο
2253 1005 2317 1074 δή
2375 1010 2436 1063 τὸ
2491 992 3180 1086 εὐαιγελιόγραφούμενοννί
3228 992 3404 1082 ’Ἄφες
3487 1001 3616 1090 τοὺς
3656 1019 3789 1090 -νε’

379 1099 704 1180 exsequiis
732 1111 758 1152 Υ
789 1107 1051 1160 mortuos
1083 1086 1142 1158 in
1171 1096 1473 1177 sepultura
1497 1097 1778 1176 prosequi
1811 1086 2057 1156 necesse

2159 1097 2292 1174 ιροὺς
2376 1097 2589 1154 θάπτειν
2672 1098 2793 1159 τοὺς
2879 1096 3048 1151 αὑτῶν
3121 1091 3354 1171 νεκρούς.
3431 1099 3535 1148 Τοῦ
3604 1086 3790 1166 λόγου,

398 1209 516 1250 non
537 1179 632 1264 sit,
667 1198 766 1249 aut
799 1188 981 1267 hujus
1010 1186 1196 1264 gratia
1225 1185 1489 1247 delectos
1521 1185 1834 1265 exquirere
1865 1184 2051 1245 locos.

2159 1190 2324 1261 ιῖμαι,
2369 1185 2651 1252 δηλοῦντος
2694 1187 2755 1242 τὸ
2797 1186 2895 1254 τήν
2951 1181 3228 1262 διαφθορὰν
3284 1180 3426 1237 εἶναι
3455 1179 3653 1236 τούτων
3696 1198 3787 1232 τα-

401 1282 527 1360 φήν.
580 1271 670 1342 Ὠς
702 1279 932 1337 ἐντεῦθεν
964 1277 1099 1353 μηδὲ
1132 1277 1426 1354 ἐπάναγκες
1459 1277 1599 1332 εἶναι
1630 1290 1743 1337 τοϊς
1772 1281 1929 1346 ζῶσιν
1959 1276 2322 1353 ὑπερκοσμίως
2353 1278 2490 1351 μήτε
2516 1272 2975 1356 περισπουδάστων
3032 1271 3357 1348 μελημάτων
3390 1268 3474 1325 ἐπὶ
3505 1267 3796 1345 ἐνταφιασ-

400 1376 485 1444 μῷ
528 1369 648 1430 τοὺς
675 1368 887 1446 νεκροὺς
917 1366 1112 1440 ἀξιοῦν,
1147 1368 1283 1440 μήτε
1317 1367 1424 1440 μὴν
1470 1363 1774 1427 ἐπιλέκτους
1806 1365 1996 1428 τόπους
2028 1365 2216 1420 τούτου
2261 1366 2420 1445 χάριν
2463 1365 2760 1436 ἐπιζητεῖν,

485 1444 920 1536 Interrogatio.
977 1453 1040 1516 Si
1085 1472 1330 1515 uxorem
1359 1453 1586 1514 habens
1628 1453 1930 1525 sacerdos,
1964 1451 2054 1512 vel

2219 1444 2539 1533 Ἐρώτησις.
2591 1445 2647 1512 Ὀ
2698 1466 2924 1531 γυναῖκα
2999 1451 3145 1532 ἔχων
3201 1449 3388 1530 ἱερεὺς,
3449 1447 3486 1515 ἢ
3529 1444 3792 1536 διάκονος,

405 1532 749 1617 ἀίειοοηιιε,⁷
774 1543 866 1606 vel
925 1543 1137 1618 lector,
1192 1543 1508 1605 tundeatur
1543 1559 1556 1604 :
1594 1549 1829 1603 maneat
1859 1550 2055 1602 autem

2159 1543 2174 1611 ὶ
2232 1532 2599 1624 ἀναγνώστης,
2648 1545 2691 1598 εἰ
2748 1543 2902 1606 αὐτὸς
2955 1541 3050 1616 μὲν
3105 1539 3373 1617 ἀποκαρῇ,
3450 1538 3605 1612 μείνῃ
3654 1532 3707 1590 δὲ
3759 1535 3795 1600 ἡ

409 1636 544 1715 ejus
571 1633 788 1712 conjux
842 1633 901 1692 in
953 1633 1177 1694 mundo
1210 1652 1224 1692 :
1260 1651 1333 1694 an
1391 1635 1492 1712 qui
1525 1641 1726 1692 tonsus
1757 1640 1844 1693 est
1875 1631 2060 1711 possit

2159 1633 2356 1711 ι-ύζυγος
2415 1623 2589 1689 αὐτοῦ
2621 1631 2674 1686 ἐν
2731 1638 2807 1705 τῷ
2864 1630 3076 1710 κόσμῳ,
3149 1625 3230 1706 ἆρ’
3289 1627 3377 1682 οὖν
3437 1623 3648 1681 δύναται
3717 1623 3792 1686 εἷς

401 1713 472 1786 ad
507 1721 926 1802 sacerdotium,
963 1722 1053 1783 vel
1088 1721 1490 1802 pontiﬁcatum
1527 1720 1883 1801 promoveri,
1921 1720 2060 1782 licet

2162 1723 2424 1800 ερωσύνην
2484 1722 2518 1789 ἢ
2587 1721 2985 1802 ἀρχιερωσύνην
3072 1719 3412 1798 προαχθῆναι
3476 1716 3510 1782 ἡ
3579 1713 3793 1769 ἀποκα-

401 1831 553 1875 uxor
579 1811 705 1892 ejus
736 1817 1036 1873 tonsuram
1069 1830 1186 1872 non
1220 1810 1537 1872 admittat?

483 1988 854 2051 Res.Divinae
875 2002 895 2031 ι
927 1990 1157 2071 piaeque
1190 1989 1594 2069 leges,causas
1614 1996 2055 2064 enumerantes,

403 2082 482 2142 ob
515 2097 661 2160 quas
714 2081 1057 2160 nuptiarum
1115 2079 1363 2141 dissidia
1415 2079 1582 2159 ﬁunt,
1619 2077 1712 2138 his
1742 2077 2058 2139 divortium

404 2179 646 2250 prapter
675 2168 980 2232 tonsuram
1013 2174 1433 2239 annumerant,
1478 2186 1652 2247 quam
1684 2167 2059 2228 occasionem

405 2257 767 2336 inculpatam
802 2267 859 2319 et
907 2256 1503 2338 irreprehensibilem
1557 2255 1884 2318 nominant.
1918 2255 2061 2316 Esse

370 2367 375 2376 ·
409 2365 552 2410 sane
585 2348 760 2409 morti
792 2347 1077 2423 similem,
1113 2348 1441 2429 prudenter
1490 2353 1875 2420 censuerunt,
1904 2345 2063 2407 velut

409 2455 513 2518 pro
549 2437 666 2498 alia
693 2437 811 2498 vita
839 2437 1017 2500 aliam
1043 2439 1193 2498 viam
1228 2437 1484 2515 eligente
1513 2455 1604 2509 eo,
1633 2437 1732 2517 qui
1760 2437 1834 2497 ad
1857 2435 2064 2496 solita-

409 2529 557 2587 riam
591 2525 765 2585 vitam
801 2543 933 2586 sese
965 2525 1241 2588 destinat.
1278 2524 1339 2587 Si
1373 2524 1552 2603 igitur
1601 2525 1713 2585 tale
1744 2523 2063 2584 divortium

411 2623 502 2676 est
536 2613 862 2693 legitimum
899 2621 956 2676 et
987 2613 1623 2695 irreprehensibile,ob
1650 2623 1978 2692 tonsuram;
2006 2624 2066 2672 et

412 2703 464 2766 si
491 2721 640 2765 uxor
673 2703 827 2764 tonsi
858 2712 1071 2782 potest,
1133 2703 1182 2764 si
1228 2703 1390 2783 velit,
1442 2722 1576 2764 cum
1631 2702 1745 2762 alio
1777 2702 1902 2764 viro
1933 2701 2065 2762 sine

415 2791 671 2854 crimine
730 2799 1095 2854 coutractum
1156 2792 1572 2854 inire:etiam
1629 2791 1921 2873 depilatus
1978 2790 2067 2852 vir

415 2881 568 2961 ejus,
603 2889 664 2942 ut
683 2881 741 2942 in
770 2881 989 2944 mundo
1017 2892 1282 2944 mortuus
1301 2881 1487 2943 semel
1537 2880 1743 2954 factus,
1767 2887 1980 2961 potest,
2014 2878 2065 2940 si

414 2971 628 3049 dignus
653 2971 1086 3051 reperiatur,ad
1114 2970 1440 3032 sacerdotis
1461 2970 1549 3032 vel
1570 2969 1846 3031 antistitis
1867 2969 2066 3048 digni-

2141 1813 2270 1891 ρεὶς,
2330 1813 2374 1868 εἰ
2444 1814 2532 1868 καὶ
2587 1813 2621 1879 ἡ
2681 1807 2899 1886 σύμϐιος
2950 1813 3107 1868 αὒτοῦ
3177 1807 3277 1873 τὴν
3359 1804 3650 1882 ἀπόκαρσιν
3735 1803 3795 1858 οὗ

2139 1899 2476 1966 καταδέξεται
2504 1921 2521 1981 ;

2223 1990 2346 2049 Ἀπ.
2397 1994 2456 2048 Οἱ
2506 1979 2654 2047 θεῖοι
2711 1991 2798 2046 καὶ
2867 1983 3194 2067 φιλευσεϐεϊς
3250 1984 3426 2058 νόμοι,
3485 1983 3578 2045 τὰς
3624 1979 3791 2044 αἰτίας

2141 2079 2544 2159 κάταλέγοντες,
2595 2083 2667 2136 ὧν
2705 2079 2858 2135 ἕνεκα
2909 2077 2974 2133 τά
3017 2079 3122 2132 τῶν
3180 2079 3428 2152 γαμικῶν
3458 2069 3792 2126 συνοικεσίων

2145 2166 2379 2248 διαζύγια
2434 2169 2685 2248 γίνονται,
2743 2169 2955 2231 ταύταις
3021 2165 3321 2222 ἐντάττουσι
3389 2162 3476 2217 καὶ
3531 2162 3591 2216 τὸ
3643 2159 3793 2237 γινό-

2145 2247 2313 2334 μενον
2358 2247 2794 2339 δι’ίάπόκαρσιν,
2880 2247 3059 2332 υΟτιτερ
3123 2255 3211 2310 καὶ
3282 2247 3792 2347 πρόὲρασινμᾶμεμτ

2145 2371 2275 2404 πτον
2333 2350 2417 2407 καὶ
2470 2349 2875 2427 ἀκατηγόρητον
2944 2345 3309 2420 ὀνομάζουσιν.
3377 2337 3480 2397 Ἠν
3552 2337 3617 2405 δὴ
3703 2338 3791 2393 καὶ

2144 2438 2352 2510 θανάτῳ
2432 2438 2789 2519 παρεοικέναι,
2891 2441 3064 2515 σοφῶς
3169 2430 3616 2510 γνωματεύουσιν,
3720 2428 3794 2489 ὡς

2147 2525 2324 2607 ἑτέραν
2395 2514 2520 2582 ἀνθί
2582 2514 2785 2605 ἐτέρου⁷
2829 2514 2978 2602 βίουί
3027 2525 3240 2602 πορείαν
3314 2517 3621 2598 αἱρουμένου
3705 2514 3796 2571 τοῦ

2148 2605 2363 2682 εἷςὝτὴν
2417 2613 2706 2691 μοναδικὴν
2747 2617 2930 2692 βιοτὴν
2974 2608 3461 2691 παραγγέλλοντος.
3512 2607 3568 2663 Εἰ
3627 2605 3797 2660 τοίνυν

2146 2707 2207 2761 τὸ
2279 2703 2478 2760 τοιόνδε
2563 2703 2821 2782 διαζύγιον
2887 2703 3111 2778 νόμιμόδ
3181 2703 3292 2756 ἔστι
3361 2698 3450 2754 καὶ
3520 2696 3800 2770 ἄμεμπτον

2148 2793 2232 2850 8ιά
2282 2817 2380 2861 την
2438 2795 2751 2874 ἀπόκαρσιν,
2817 2795 2903 2851 καὶ
2946 2790 3155 2848 δύναται
3197 2791 3232 2857 ἡ
3278 2787 3411 2866 γυνῆ
3469 2794 3560 2844 τοῦ
3602 2805 3662 2840 κε
3677 2804 3793 2862 ιρα-

2149 2882 2330 2963 μένου,
2394 2881 2448 2939 εἴ
2501 2905 2562 2962 γε
2618 2872 2884 2962 βούλεται,
2953 2879 3066 2956 μεθ’
3113 2877 3290 2956 ἐτέρου
3345 2872 3528 2953 ἀνδρὸς
3589 2873 3800 2937 ἀκατη-

2148 2959 2374 3052 γόρητον
2401 2959 2575 3030 θέσθαι
2615 2959 2957 3050 συνάλλαγμα
2990 2986 3004 3000 ⁸
3058 2967 3156 3048 ἄρα
3212 2967 3299 3023 καὶ
3357 2968 3384 3020 ὁ
3441 2959 3800 3052 ἀποθριξάμε-

414 3068 590 3120 tatem
618 3050 1106 3140 promoveri.Hoc
1129 3079 1245 3121 non
1271 3078 1403 3122 esse
1427 3059 1812 3140 prohibitum,
1834 3059 2068 3120 discere

2159 3050 2238 3127 νος
2295 3061 2427 3141 ἀνὴρ
2480 3063 2700 3138 ταύτης,
2762 3063 2834 3125 ὡς
2891 3066 2968 3134 τῷ
3034 3059 3220 3132 κόσμῳ
3295 3050 3536 3116 καθάπαξ
3620 3052 3801 3129 νεκρὸς

413 3148 550 3210 licet
570 3167 641 3210 ex
663 3156 823 3210 textu
846 3148 1032 3210 octavi
1047 3151 1290 3211 canonis
1307 3149 1810 3212 Neocaesariensis
1833 3149 2063 3229 synodi,

2159 3151 2456 3232 γενόμενος,
2518 3150 2748 3227 δύναται,
2818 3152 2861 3206 εἰ
2931 3146 3070 3214 ἀξιος
3131 3146 3384 3224 εὑρεθείη,
3458 3143 3542 3198 καὶ
3613 3141 3684 3202 εἷς
3740 3141 3802 3193 τὸ

415 3236 746 3318 expressim
784 3237 911 3299 haec
953 3238 1281 3299 sanciente.
1347 3236 1409 3299 Si
1437 3237 1690 3317 alicujus
1734 3228 1897 3312 uxor,
1933 3255 2066 3298 cum

2159 3228 2242 3298 τοῦ
2311 3228 2490 3318 ἱερέως
2573 3243 2661 3298 καὶ
2747 3241 2819 3303 εἷς
2896 3240 2958 3295 τὸ
3014 3246 3105 3295 τοῦ
3162 3233 3452 3315 ἀρχιερέως
3505 3228 3802 3308 ἀναχθῆναι

424 3334 579 3389 esset
607 3326 1148 3400 laicusadulterata
1171 3327 1350 3388 fuisse
1368 3326 1632 3389 convicta
1655 3327 1855 3389 fuerit:
1879 3327 1928 3389 is
1950 3345 2069 3390 non

2159 3329 2380 3406 ἀξίωμα.
2438 3333 2508 3388 Τὸ
2553 3331 2624 3394 εἰς
2671 3331 2824 3386 τοῦτο
2869 3327 2922 3384 δὲ
2978 3324 3270 3403 ἀκώλυτον,
3323 3322 3435 3387 ἐξόν
3488 3319 3598 3375 ἐστι
3628 3338 3801 3406 κατα-

421 3421 620 3495 potest
649 3413 721 3475 ad
754 3416 1151 3476 ministerium
1178 3417 1489 3478 accedere.
1538 3416 1643 3477 Sin
1670 3424 1864 3478 autem
1892 3417 2069 3478 etiam

2159 3403 2344 3494 uzﬁatv
2375 3418 2478 3474 ἀπὸ
2508 3422 2604 3486 τῆς
2653 3417 2991 3497 περιλήψεως
3048 3419 3142 3470 τοῦ
3195 3409 3382 3490 ὀγδόου
3437 3406 3656 3468 κανόνος
3708 3403 3806 3471 τῆς

423 3512 556 3582 post
582 3503 1016 3566 ordinationem
1047 3505 1374 3567 adulterata
1398 3505 1592 3582 fuerit,
1618 3505 1798 3567 debet
1824 3524 1952 3567 eam
1979 3505 2070 3567 di-

2159 3508 2210 3564 ἒν
2240 3509 2617 3588 Νεοκαισαρείᾳ
2674 3507 2907 3583 συνόδου,
2972 3506 3303 3575 θεσπίζοντος
3358 3509 3521 3558 ταῦτα
3577 3497 3756 3588 ῥητῶς
3787 3512 3802 3526 ⁸

421 3591 854 3663 mittere.Quod
883 3593 931 3653 si
953 3592 1406 3669 cohabitet,non
1440 3602 1630 3674 potest
1656 3593 1770 3655 sibi
1797 3594 2075 3656 commis-

429 3699 557 3741 sum
593 3681 989 3743 ministerium
1011 3683 1274 3763 exsequi.
1306 3682 1366 3745 Si
1399 3683 1662 3762 igituris,
1697 3683 1795 3764 qui
1830 3701 2074 3745 uxorem

419 3789 585 3831 suam
612 3770 858 3846 dimisit,
876 3773 1043 3852 juxna
1062 3773 1306 3834 canonis
1332 3775 1783 3854 conceptionem
1806 3781 1850 3849 ³,
1877 3781 2079 3853 utpote

2159 3598 2282 3656 Ἐἀν
2343 3600 2472 3678 γυνή
2510 3585 2674 3662 αινος
2722 3600 3074 3678 μοιχευθεῖσα
3130 3592 3322 3648 λα’ίκοῦ
3366 3588 3516 3650 ὄντος
3575 3585 3808 3678 ἐλεγχθῇ

2159 3672 2394 3768 φανερούς
2449 3690 2476 3744 ὁ
2531 3672 2764 3752 τοιοῦτος
2936 3683 3222 3763 ὑπηρεσίαν
3281 3679 3453 3735 ἐλθεῖν
3524 3679 3584 3735 οὒ
3649 3672 3807 3729 δύνα-

2160 3799 2245 3833 ται
2281 3797 2292 3810 ·
2340 3778 2431 3834 ἐὰν
2485 3776 2540 3833 δὲ
2593 3779 2727 3854 μετά
2780 3778 2878 3844 τὴν
2938 3771 3267 3856 χειροτονίαν
3311 3769 3620 3856 μοιχευθῇ,Δ
3656 3762 3807 3842 ὀφεί-

415 3858 806 3922 adulteratam
840 3851 968 3942 post
1017 3862 1203 3942 ipsius
1233 3851 1697 3934 ordinatio—nem,
1731 3861 1844 3922 sibi
1874 3851 2070 3923 datum

2159 3865 2239 3923 λει
2323 3865 2580 3924 ἀπολύσαι
2664 3869 2850 3936 αὐτήν.
2936 3865 3062 3921 Ἐὰν
3143 3859 3197 3915 δὲ
3261 3863 3408 3934 συζῇ,
3484 3857 3544 3912 οὒ
3599 3851 3810 3910 δύναται

418 3949 787 4010 sacerdotale
814 3940 1206 4012 ministerium
1240 3951 1369 4012 sine
1388 3952 2069 4032 impedimentoretinetz

2160 3954 2374 4037 ἔχεσθαι
2415 3963 2512 4024 τῆς
2557 3956 2976 4038 ἐγχειρισθείσης
3021 3955 3161 4026 αὒτῷ
3216 3947 3505 4010 διακονίας.
3566 3945 3632 4038 Ei
3691 3940 3810 4038 τοί-

417 4038 600 4098 multo
635 4038 821 4115 magis
844 4043 1136 4121 certe,qui
1164 4041 1324 4119 justa
1353 4044 1667 4102 occasione
1699 4059 1732 4102 a
1761 4059 1868 4102 sua
1894 4059 2070 4103 nxore

2159 4070 2246 4103 νυν
2304 4049 2332 4104 ὁ
2391 4047 2676 4122 ἀπολύσας,
2723 4048 2858 4105 κατά
2910 4048 3009 4112 τὴν
3061 4050 3154 4100 τοῦ
3208 4039 3428 4101 κανόνος
3499 4032 3809 4112 περίληψιν,

413 4125 795 4218 disjungitur,
825 4137 884 4190 et
913 4129 1344 4191 sacerdotalem
1372 4137 1427 4192 et
1452 4131 1849 4211 pontiﬁcalem
1877 4131 2070 4194 susci-

2159 4139 2254 4204 τὴν
2337 4138 2523 4196 ἑαυτοῦ
2605 4138 2869 4218 γαμετὴν,
2953 4138 3024 4200 ὡς
3088 4132 3466 4210 μοιχευθεῖσαν
3523 4125 3659 4202 μετά
3709 4121 3810 4187 τὴν

417 4215 538 4296 piet
571 4217 942 4308 dignitatem.
1399 4307 1402 4308 ν

2159 4229 2486 4307 χειροτονίαν
2531 4215 2713 4308 αὖτοὺ,
2769 4215 2952 4307 ἔχεται
3019 4225 3117 4290 τῆς
3183 4218 3422 4285 δοθείσης
3481 4217 3623 4290 αὒτῷ
3664 4217 3809 4291 ἱερα-

412 4304 861 4397 τικῆς-διακονίας
907 4308 1325 4385 ἀνεμποδίστως,
1373 4307 1470 4390 ἄρα
1499 4333 1560 4390 γε
1587 4309 1774 4386 πολλῴ
1804 4311 1966 4369 πλέον
1996 4315 2024 4369 ὁ
2053 4304 2194 4375 κατάν
2245 4304 2500 4397 φρόφασιν
2560 4304 2840 4395 ἄμεμπτον
2894 4314 3148 4393 διαζυγεὶς
3178 4314 3276 4379 τῆς
3307 4315 3501 4372 οἰκείας
3531 4304 3804 4387 γυναικὸς²

409 4393 696 4458 ἀκωλύτως
717 4398 804 4452 καὶ
846 4401 935 4453 τὸν
969 4401 1228 4477 ἱερατικὸν
1256 4401 1343 4456 καὶ
1385 4403 1477 4456 τὸν
1520 4401 1896 4480 ἀρχιερατικὸν
1943 4399 2152 4479 ἀξίωμα
2180 4393 2402 4472 δέξεται,

496 4482 927 4564 Interrogatio.
962 4485 1211 4558 Quinam
1244 4487 1646 4569 prceferuntur
1675 4488 1734 4550 in
1765 4489 2069 4552 creatione
2091 4505 2134 4555 D

417 4571 738 4654 episcopi?
768 4571 1124 4657 Protopapa,
1161 4585 1218 4638 et
1248 4577 1348 4658 qui
1379 4587 1516 4639 sunt
1547 4585 1679 4658 post
1707 4597 1840 4640 eum
1875 4596 2081 4641 sacer-

427 4659 708 4736 dotes,an
729 4662 968 4726 diaconi
991 4664 1278 4728 habentes
1303 4665 1656 4748 principalia
1675 4665 2082 4730 ecclesiastica

421 4749 620 4812 ofﬁcia
641 4753 671 4812 ?
1093 4826 1098 4831 ,
1768 4763 1772 4766 ‘

500 4837 683 4921 Resp.
744 4840 1094 4907 Vacantium
1153 4845 1545 4907 ecclesiarum
1597 4845 1873 4925 suffragia
1909 4860 1936 4903 ι)
1983 4864 2077 4908 se-

417 4929 679 4991 cundum
713 4938 982 4995 exactam
1037 4934 1332 4996 rationem
1391 4933 1816 4997 convenienter
1849 4935 1995 4998 locis
2025 4944 2084 4999 et

420 5020 695 5098 personis
727 5022 1084 5101 procedunt.
1141 5023 1270 5086 Non
1325 5023 1483 5085 enim
1518 5022 1568 5085 si
1600 5024 1766 5086 locus
1796 5032 1885 5086 est
1915 5026 2082 5088 cele-

417 5104 564 5182 bris,
599 5117 657 5169 et
687 5118 928 5189 pastore
989 5113 1180 5193 perito
1241 5113 1588 5194 disertoque
1641 5133 1787 5194 opus
1823 5113 2077 5192 habens,

418 5195 592 5273 cujus
651 5206 709 5257 et
763 5199 877 5261 vita
937 5204 1199 5265 sermoni
1249 5211 1560 5284 congruat,
1597 5221 1852 5284 persona
1882 5213 2081 5267 autem

426 5289 698 5374 tempore
731 5286 884 5350 forte
911 5290 1001 5364 vel
1032 5292 1329 5354 voluntate
1353 5292 1677 5374 pontiﬁcali
1697 5293 1769 5353 ad
1791 5293 2082 5374 insignem

420 5373 667 5451 gradum
703 5377 1178 5444 ecclesiasticum
1211 5390 1512 5464 provecta,
1545 5381 1881 5445 sufﬁciente
1899 5373 2084 5466 expe-

2231 4495 2551 4575 Ἐρώτησις.
2627 4497 2770 4563 Τίνες
2838 4502 3205 4579 προτιμῶνται
3276 4497 3348 4560 εἷς
3435 4492 3498 4547 τὸ
3577 4483 3810 4579 ψηφίξξ·

2163 4588 2280 4641 σθαι
2310 4586 2384 4648 εἰς
2414 4585 2749 4668 ἐπισκοπάς,
2819 4579 2880 4647 Ὀ
2927 4593 3288 4669 πρωτοπαπᾶς
3333 4583 3422 4640 καὶ
3465 4573 3654 4669 0195?,
3711 4572 3814 4669 fu,”

2163 4674 2253 4732 τὸν
2296 4677 2482 4756 ἱερεῖς,
2514 4675 2550 4744 ἢ
2588 4679 2635 4732 οἱ
2664 4659 2899 4735 διάκανοι
2929 4659 2980 4734 0i
3019 4675 3237 4758 ἔχοντες
3281 4668 3576 4753 ἄρχοντικά
3617 4659 3818 4727 ἒκδσ-λτν⁸

2164 4765 2408 4821 σιαστικά
2441 4765 2659 4846 ὀφφίκια
2692 4786 2709 4846 ;

2247 4850 2374 4914 Ἀπ.
2422 4839 2495 4910 Αἱ·
2524 4839 2644 4910 ’τῶν
2686 4839 3026 4936 χηρευουσῶν
3085 4853 3418 4921 Ἐκκλησιῶν
3469 4851 3639 4936 ψῆφοι
3683 4839 3820 4897 κατὰ

2165 4945 2254 5000 τὸν
2310 4941 2500 5022 ἀκριϐῆ
2554 4934 2725 5023 λόγον.
2774 4934 3056 5026 ἀναλόγως
3125 4959 3243 5008 τοῖς
3314 4942 3500 5002 τόποις
3550 4934 3649 5026 καὶ
3701 4942 3820 5026 τοςίς

2164 5033 2468 5112 προσώποις
2525 5034 2914 5115 προϐαίνουσιν.
3004 5039 3075 5094 Οὒ
3142 5036 3242 5114 γὰρ
3317 5034 3360 5088 εἷ
3417 5033 3445 5085 ὁ
3497 5025 3660 5088 τόπος
3719 5021 3818 5097 μὲν

2165 5120 2533 5200 περίϐλεπτος,
2605 5125 2692 5180 καὶ
2761 5122 3004 5199 δεόμενος
3075 5123 3328 5199 ποιμένος
3400 5113 3822 5200 ἐπιστημονικοῦ

2165 5199 2252 5266 καὶ
2279 5210 2483 5291 λόγίου,
2515 5214 2601 5268 καὶ
2647 5219 2738 5270 τὸν
2794 5214 2906 5290 βίον
2962 5221 3038 5290 τῷ
3089 5213 3234 5292 λόγῳ
3290 5207 3576 5288 σύνδρομον
3631 5199 3817 5292 ,ἕχον-

2165 5321 2280 5380 τος,
2311 5303 2372 5356 τὸ
2403 5290 2685 5380 πρόσωπον
2713 5300 2768 5358 δὲ
2807 5305 2867 5359 τὸ
2924 5305 3025 5360 ὑπὸ
3083 5290 3278 5383 χρόνου
3308 5300 3474 5378 τυχὸν
3505 5295 3541 5362 ἢ
3570 5290 3819 5383 θελήιξπι-

2165 5377 2274 5452 τος*
2300 5377 2676 5470 ἀρχιερατικοῦ
2729 5393 2801 5457 εἷς
2863 5393 3063 5472 βαθμὸν
3087 5377 3349 5469 Πάναχθέν
3377 5377 3666 5459 ίίπίσημον
3724 5377 3820 5433 ἐκ·

1767 5541 2026 5610 VARI/E
2067 5547 2502 5615 LECTIONES.

500 5647 524 5676 ⁸
552 5642 1058 5712 ultramundane.

1145 5690 1169 5731 ν
1191 5652 1470 5716 modulis.
1556 5679 1578 5708 ι
1607 5669 1821 5716 sacrm.

1909 5697 1933 5729 ι
1961 5659 2349 5723 sententiam.

2435 5691 2462 5733 ι,
2481 5659 2808 5725 electiones.
