4128 6420
407 359 529 428 ιω

415 585 577 661 licet,
635 600 754 646 tam
789 594 1033 668 propter
1062 587 1476 649 necessitatem
1533 586 1737 666 officii,
1772 604 1944 666 quam
1980 586 2075 646 fu—

417 694 548 737 rum
585 675 856 752 insidias,
903 677 994 739 vel
1039 678 1442 750 effractorum,
1505 676 1830 737 aliorumve
1887 675 2075 737 scele-

427 773 714 827 ratorum.
753 765 855 828 Cui
891 775 1085 826 autem
1120 765 1252 826 talis
1269 784 1411 826 cura
1443 783 1560 825 non
1591 764 2074 844 incumbit,nullo

422 854 600 914 modo
632 853 688 914 id
723 871 1073 916 concessum
1108 862 1221 916 est.
1247 854 1456 917 Cibum
1481 873 1620 916 vero
1653 872 1891 915 sumere
1925 854 2080 915 intra

423 943 863 1024 templum,non
887 945 1077 1005 solum
1105 943 1346 1025 quodie,
1373 945 1474 1004 sed
1513 963 1623 1004 nec
1656 961 1763 1023 per
1787 944 1966 1016 vices,
2003 963 2078 1004 ne

418 1032 530 1114 ipsi
553 1033 797 1114 quidem
844 1033 1059 1094 aedituo
1093 1033 1482 1113 permittitur.
1511 1035 1579 1094 Et
1611 1032 1736 1094 haec
1763 1033 2077 1112 perspicue

419 1122 683 1184 declarat
714 1123 810 1184 lex
867 1122 1272 1184 ecclesiastica
1331 1135 1388 1183 et.
1418 1121 1628 1183 civilis.
1660 1121 2076 1182 Ecclesiastica

425 1211 760 1292 quidem,in
793 1211 970 1274 variis
1001 1211 1329 1273 canonibns
1378 1232 1391 1272 :
1425 1213 1526 1273 sed
1562 1212 1622 1271 in
1658 1210 1865 1291 primis
1892 1212 1949 1271 in
1981 1230 2075 1272 ca-

424 1318 582 1364 none
609 1303 684 1364 74
711 1301 1096 1363 oecumenicze
1117 1310 1297 1362 sexta;
1319 1301 1525 1382 synodi
1559 1301 1684 1361 haec
1707 1301 1918 1361 edicit:
1946 1299 2076 1362 Non

423 1397 658 1470 oportet
685 1390 745 1451 in
776 1391 1104 1452 Dominicis
1135 1390 1304 1464 locis,
1348 1392 1437 1452 vel
1490 1389 1784 1465 ecclesiis,
1821 1408 1920 1450 eas
1947 1409 2077 1470 quae

423 1478 705 1540 dicuntur
737 1497 977 1560 agapas,
1007 1479 1063 1541 id
1091 1487 1176 1541 est
1207 1479 1542 1541 charitates.
1584 1478 1798 1553 facere,
1834 1487 1893 1540 et
1921 1478 2078 1540 intus

417 1566 618 1629 inaede
657 1569 996 1643 comedere,
1023 1576 1080 1630 et
1100 1568 1405 1630 accubitus
1430 1576 1721 1648 sternere,
1751 1566 1860 1639 Qui
1881 1577 2077 1629 autem

423 1656 536 1718 hoc
569 1656 701 1718 ausi
755 1657 998 1738 fuerint,
1059 1658 1150 1719 vel
1207 1667 1463 1733 cessent,
1526 1659 1616 1718 vel
1663 1666 2073 1735 segregentur.

419 1744 771 1808 Accubitum
805 1756 1000 1808 autem
1032 1747 1248 1809 dicitur
1279 1747 1473 1808 omnis
1509 1747 1646 1809 lecti
1675 1756 1988 1827 apparatus
2016 1747 2078 1809 in

1797 363 1930 426 JUS
1969 316 2418 428 CANONIGUM

498 495 682 578 Resp.
716 495 996 560 Habitare
1026 497 1290 560 divinum
1345 497 1631 578 templum
1665 496 1806 558 solis
1835 495 2066 558 aedituis
2086 502 2125 553 Α

3683 348 3804 416 968

2231 491 2356 556 Ἀπ.
2414 493 2488 552 T6
2544 491 2719 570 μένειν
2778 491 2925 558 ἐντὸς
2997 498 3090 549 τοῦ
3158 491 3296 548 θείου
3350 497 3476 547 ναοῦ
3523 487 3804 567 νεωκόροις

2161 583 2342 660 μόνοις
2400 583 2636 654 ἀνεῖται,
2681 580 2765 639 διά
2831 604 2887 638 τε
2939 583 3033 646 τὰς
3087 579 3376 660 ἀναγκαίας
3434 585 3606 652 τοῦτῳ
3659 579 3806 643 ὑπη-

2161 674 2356 752 ρεσίας,
2419 675 2506 731 καὶ
2574 670 2641 728 δι’
2685 669 2972 740 ἐπιϐουλὴν
3015 669 3280 745 κλεπτῶν,
3339 669 3377 738 ἢ
3428 666 3806 748 τοιχωρύχων,

2159 763 2194 830 ἢ
2237 762 2427 840 ἑτέρων
2455 767 2762 818 κακοποιῶν
2796 779 2813 798 ο
2875 760 3023 835 ἄλλῳ
3074 759 3128 816 δέ
3175 782 3299 833 τινι,
3352 759 3430 834 μὴ
3459 754 3810 836 περικειμένῳ

2158 856 2406 918 τοιαύτην
2475 848 2718 931 φροντίδα
2775 847 3035 908 ἐνδέδοται
3090 847 3356 924 οωαμῶς.
3414 848 3490 904 Τὰ
3531 845 3586 901 δέ
3627 845 3808 901 ἐσθίειν

2158 938 2301 996 ἔνδον
2341 947 2493 1013 ναοῦ,
2553 944 2656 1020 οὐχ
2710 939 2858 1004 ὅπως
2913 938 3026 996 καθ’
3091 939 3344 1016 ἑκάστην,
3405 934 3522 992 ἀλλ’
3577 932 3693 993 οὐδὲ
3750 933 3810 988 ἐκ

2157 1027 2553 1105 διαλειμμάτων
2607 1033 2845 1087 ὁπωσοῦν
2895 1030 3016 1109 τινὶ,
3081 1025 3198 1083 ἀλλ’
3252 1024 3358 1085 οὐδ’
3418 1027 3558 1099 αύτῷ
3613 1043 3806 1101 συγκε-

2159 1119 2403 1198 χώρηται
2434 1119 2698 1197 νεωκόρῳ.
2757 1120 2854 1177 Καὶ
2910 1119 2975 1174 τὰ
3029 1119 3147 1196 περὶ
3202 1117 3385 1173 τούτου
3435 1115 3636 1194 τρανῶς
3693 1109 3806 1167 δια·

2157 1215 2432 1288 σαφοῦσιν,
2482 1209 2510 1264 ὃ
2564 1229 2621 1264 τε
2673 1206 3110 1275 ἐκκλησιαστικὸς
3165 1206 3325 1280 νόμος
3385 1206 3471 1263 καὶ
3514 1206 3541 1260 6
3595 1200 3808 1258 πολιτι-

2158 1297 2273 1369 κός,
2339 1289 2396 1354 ιΟ
2453 1298 2551 1372 μὲν
2606 1297 3069 1372 ἐκκλησιαστικὸς,
3137 1300 3190 1352 ἐν
3241 1291 3806 1374 διαφόροις-κανόσιν.

2161 1382 2325 1440 Ἀλλὰ
2368 1370 2549 1452 δή-καὶ
2576 1384 2632 1440 ἐν
2660 1391 2736 1459 τῷ
2781 1375 2860 1443 οδΙ
2886 1391 2986 1452 τῆς
3044 1370 3412 1460 οἰκουμενικῆς
3467 1370 3550 1456 ς’
3597 1377 3812 1437 συνόδου

2158 1479 2320 1528 ταῦτα
2351 1471 2660 1552 διαγορεύει,
2694 1476 2774 1530 ὃτι
2805 1474 2876 1532 Οὔ
2907 1472 2990 1530 δεῖ
3048 1473 3100 1529 ἐν
3159 1487 3276 1538 τοῖς
3337 1470 3649 1552 Κυριακοῖς,
3689 1469 3726 1538 ἢ
3758 1469 3812 1524 ἐν

2158 1576 2281 1625 ταῖς
2337 1561 2641 1630 ἐκκλησίαις
2698 1565 2794 1628 τὰς
2849 1562 3142 1642 λεγομένας
3200 1562 3411 1640 ἀγάπας
3469 1575 3666 1640 ποιεῖν,
3726 1561 3814 1616 καὶ

2159 1649 2303 1708 ἔνδον
2331 1651 2386 1707 ἐν
2436 1659 2513 1728 τῷ
2571 1651 2710 1727 οἴκῳ
2764 1653 2971 1734 ἐσθίειν,
3028 1654 3116 1709 καὶ
3174 1649 3423 1708 ἀκούὸιτα
3479 1651 3811 1731 στρωννύειν,

2162 1743 2220 1798 Οἱ
2275 1738 2332 1796 δὲ
2399 1749 2555 1799 τοῦτο
2599 1757 2802 1810 ⁸ποιεῖν
2859 1742 3186 1819 τολμῶντες,
3247 1742 3284 1810 ἢ
3336 1741 3719 1798 παυσάσθωσαν
3779 1739 3816 1806 ἢ

419 1835 606 1896 altum
640 1844 874 1899 erectus
898 1844 956 1897 et
988 1836 1206 1898 mollis.
1234 1836 1534 1899 Accumbo
1559 1820 1728 1897 enim-
1749 1820 1900 1915 apud
1924 1837 2077 1897 Lati-

2167 1833 2621 1911 καθαιρείσθωσαν,
2683 1831 2989 1890 Ἀκούϐιτον
3039 1831 3092 1887 δὲ
3149 1831 3361 1910 λέγεται
3420 1830 3560 1887 ἅπαν
3639 1850 3818 1908 στρω-

422 1947 530 1990 nos
567 1929 762 2008 jaceo.
813 1927 1101 1991 Similiter
1131 1939 1191 1991 et
1241 1929 1300 1990 in
1347 1929 1728 2007 nonagesimo
1757 1933 1816 1982 ε’
1851 1947 2079 1992 canone

427 2017 579 2081 han.
612 2017 859 2099 Eos,qui
888 2018 976 2080 vel
1007 2037 1142 2079 cum
1199 2037 1384 2080 uxore
1415 2017 1775 2099 cohabitant,
1807 2019 1896 2079 vel
1927 2018 2079 2080 alio-

425 2107 569 2187 quin
648 2107 1168 2170 indiscriminatim
1197 2107 1273 2162 ε’·
1337 2126 1504 2168 sacra
1559 2107 1686 2167 loca
1742 2109 2084 2169 communia

420 2195 642 2257 faciunt
666 2195 766 2261 δ”·
811 2205 871 2259 et
903 2196 1290 2277 contemptim
1325 2195 1383 2256 in
1418 2214 1486 2256 ea
1515 2196 1871 2272 afficiuntur,
1905 2205 1966 2258 et
1995 2199 2084 2258 sic

423 2285 486 2346 in
529 2285 618 2346 eis
651 2293 1002 2366 permanent
1032 2286 1206 2346 etiam
1235 2303 1304 2346 ex
1329 2287 1563 2365 iis,qua:
1595 2293 1732 2346 sunt
1753 2285 1810 2344 in
1829 2303 2083 2346 venera-

422 2372 643 2435 bilibus
674 2374 930 2454 templis,
986 2374 1554 2435 catechumenorum
1616 2374 2030 2435 mansionibus
2057 2375 2085 2416 ιι

421 2462 656 2524 extrudi
702 2463 986 2542 juhemus
1032 2462 1096 2525 Si
1144 2463 1276 2543 quis
1307 2472 1406 2524 aut
1454 2464 1578 2525 haec
1610 2483 1726 2523 non
1759 2464 2083 2527 servaverit

419 2553 712 2634 siquidem
739 2555 816 2615 sit
843 2554 1121 2628 clericus,
1170 2555 1501 2634 deponatur
1553 2576 1567 2615 :
1616 2555 1665 2615 si
1698 2573 1834 2616 vero
1865 2555 2074 2632 laicus,

434 2645 928 2722 segregetur.Lex
963 2654 1161 2705 autem
1195 2643 1386 2704 civilis
1417 2643 1475 2703 in
1509 2647 1703 2721 capite
1731 2643 2074 2720 undecimo,

423 2733 592 2794 titulo
624 2732 982 2813 primo,libri
1014 2733 1204 2813 quinti
1251 2732 1546 2794 Basilicon
1596 2733 1721 2793 haac
1743 2733 1844 2796 ait.
1879 2731 2078 2814 Usque

423 2821 500 2884 ad
533 2822 806 2884 ecclesia:
859 2822 1171 2894 terminos,
1197 2823 1296 2902 qui
1327 2833 1463 2884 sunt
1495 2830 1630 2883 ante
1656 2823 1849 2882 forum
1877 2823 2075 2902 publi-

425 2929 561 2972 cum
594 2911 978 2974 securitatem
1011 2910 1292 2988 habeant,
1325 2911 1424 2992 qui
1450 2910 1887 2992 profugiunt“,
1922 2911 2082 2973 inte-

419 3000 686 3062 rioribus
717 3009 956 3061 utentes
1005 3001 1276 3076 lavacris,
1338 3011 1440 3060 aut
1469 3001 1682 3072 hortis,
1717 3009 1816 3061 aut
1845 3000 2080 3062 habita-

2161 1921 2296 1995 μνῆς
2336 1923 2748 1998 κατασκεύασμα
2803 1924 2877 1986 εἷς
2933 1921 3065 1996 ὕψος
3123 1920 3348 1998 ἠρμένον
3406 1921 3494 1976 καὶ
3549 1918 3818 1994 μαλακόν.

2164 2008 2443 2086 Ἀκούμϐω
2484 2012 2584 2089 γὰρ
2611 2013 2775 2092 παρὰ,
2812 2012 3052 2076 Λατίνοις
3101 2012 3184 2086 τὸ,
3226 2011 3527 2072 ἀναπίπτω.
3590 2001 3818 2085 Ὀμοίως

2164 2096 2218 2154 δὲ
2261 2100 2350 2155 καὶ
2391 2099 2446 2154 ἐν
2474 2107 2550 2174 τῷ
2582 2089 2662 2170 οζ’
2717 2101 2896 2156 κανόνι
2928 2110 3091 2159 ταῦτα
3123 2116 3135 2130 ⁸
3187 2101 3318 2163 Τοός
3351 2099 3388 2166 ἢ
3435 2103 3646 2176 γαμετῇ
3689 2118 3820 2151 συν-

2167 2195 2458 2263 οικοῦντας,
2521 2188 2557 2256 ἢ
2612 2188 2786 2252 ἄλλως
2857 2187 3167 2268 ἀδιακρίτως
3235 2189 3357 2253 τοὺς
3401 2188 3570 2266 ἱεροὺς
3629 2186 3822 2250 τόπους

2166 2287 2619 2358 κοινοποιοῦντας,
2712 2281 2799 2335 καὶ
2873 2281 3345 2358 καταφρονητικῶς
3430 2279 3547 2357 περὶ
3633 2275 3820 2336 αὐτοὺς

2167 2365 2415 2447 ἔχοντας,
2461 2367 2548 2423 καὶ
2576 2366 2738 2431 οἶὲτως
2769 2368 2822 2424 ἐν
2851 2372 3032 2433 αὐτοῖς
3060 2367 3497 2443 καταμένοντας,
3520 2367 3607 2422 καὶ
3637 2364 3696 2419 ἐκ
3712 2369 3821 2419 τῶν

2165 2456 2220 2514 ἐν
2287 2471 2404 2520 τοῖς
2461 2453 2764 2532 σεϐασμίοις
2822 2471 2971 2520 ναοῖς
3028 2459 3498 2537 κατηχούμενείων
3545 2454 3820 2534 προστάσ-

2165 2569 2327 2622 σομεν
2386 2545 2711 2611 ἐξωθεῖσθαι.
2761 2548 2819 2604 Εἰ
2858 2544 2913 2602 δὲ
2957 2548 3033 2622 μή
3077 2568 3157 2609 τις
3218 2554 3375 2604 τοῦτο
3431 2542 3816 2624 παραφυλάξει,

2160 2637 2204 2690 εἰ
2261 2635 2358 2711 μὲν
2428 2633 2680 2713 κληρικὸς
2739 2634 2852 2710 εἴη,
2913 2635 3257 2715 καθαιρείσθω
3291 2655 3302 2668 ’
3375 2637 3418 2691 εἰ
3477 2632 3530 2689 δὲ
3597 2633 3816 2710 λαϊκὸς,

2161 2723 2502 2805 ἆφοριζέσθω.
2541 2718 2598 2782 εΟ
2629 2723 2682 2780 δέ
2731 2747 2792 2804 γε
2835 2714 3109 2788 πολιτικὸς
3155 2725 3316 2801 νόμος
3363 2723 3416 2778 ἐν
3445 2721 3714 2800 κεφαλαίῳ
3745 2714 3822 2778 ια’

2159 2826 2252 2875 τοῦ
2283 2807 2558 2892 α’τίτλου,
2618 2823 2711 2873 τοῦ
2767 2806 2812 2870 ε’
2868 2813 3067 2892 βιϐλίου
3129 2822 3234 2871 τῶν
3305 2813 3600 2872 Βασιλικῶν
3660 2815 3825 2871 ταῦτά

2164 2927 2294 2986 φησι
2329 2922 2344 2937 ⁸
2407 2906 2581 2986 Μέχρι
2643 2911 2747 2962 τῶν
2805 2908 2907 2984 πρὸ
2963 2911 3060 2972 τῆς
3107 2903 3367 2980 δημοσίας
3440 2904 3634 2982 ἀγορᾶς
3688 2902 3824 2982 ὅρων

2163 3001 2262 3064 τῆς
2305 2995 2590 3064 ἐκκλησίας
2645 3000 2704 3052 τὸ
2761 2995 2991 3075 ἂσφαλές
3046 2995 3322 3076 ἐχέτωσαν
3375 2999 3420 3052 οἱ
3479 2995 3823 3074 προσφυγόν-

425 3087 807 3164 tionibus,vel
839 3088 1107 3158 stabulis,
1141 3097 1238 3149 aut
1270 3088 1614 3168 porticrbus.
1647 3088 2080 3150 Prohibeuntur

2167 3107 2274 3166 τες,
2304 3099 2422 3149 τοῖς
2470 3084 2762 3165 ἐνδοτέροις
2815 3084 3084 3166 λουτροῖς,
3143 3085 3179 3153 ἢ
3221 3087 3447 3164 κήποις,
3494 3085 3530 3151 ἢ
3589 3086 3822 3160 οἰκήμα-

421 3185 617 3240 autem
663 3161 720 3238 in
747 3178 1032 3258 templum
1056 3161 1644 3250 cibum-sumerewel
1665 3178 2079 3241 dormireb'ed

2167 3161 2270 3250 civ,
2314 3176 2349 3242 ἢ
2396 3174 2608 3256 αὐλαῖς,
2647 3161 2688 3243 ⁷ἢ
2743 3161 3243 3256 στοαῖς-χρώμενοι
3280 3191 3293 3205 ⁸

425 3275 483 3329 et
514 3267 756 3330 Novella
784 3267 1222 3347 septuagesima
1246 3267 1418 3329 tertia
1440 3267 2081 3346 imperatoris-domini

421 3356 641 3421 Leonis
671 3356 1032 3436 philosophi,
1061 3356 1339 3418 similiter
1369 3356 1538 3436 punit
1573 3375 1698 3431 eos,
1723 3357 1826 3437 qui
1857 3375 2079 3418 conce-

422 3447 570 3508 dunt
597 3446 689 3508 vel
718 3447 779 3507 in
809 3444 1284 3508 catechumeniis
1315 3445 1769 3508 habitationem.
1806 3446 1895 3508 Ex
1931 3465 2079 3509 con-

423 3537 700 3616 ceptione
755 3534 854 3580 II"
911 3535 1092 3614 igitur
1160 3536 1509 3616 hujusmodi
1585 3535 2077 3599 constitutionum

419 3625 586 3688 omni
618 3625 790 3686 modo
821 3624 1204 3686 interdictum
1240 3635 1348 3700 est,
1371 3625 1528 3687 intra
1558 3626 1846 3706 templum
1878 3626 2078 3689 cibum

420 3731 680 3788 sumere,
714 3722 772 3775 et
803 3713 1093 3777 habitare.

503 3891 940 3974 Interrogatio.
971 3892 1037 3955 In
1095 3891 1480 3970 dignitatibus
1545 3895 2085 3960 ecclesiasticorum

421 3982 786 4058 officiorum,
823 3984 954 4064 quis
987 3981 1216 4063 primus
1247 3992 1356 4058 est,
1394 3992 1451 4044 et
1481 3985 1613 4064 quis
1670 3987 1991 4063 secundus,
2027 3994 2086 4049 et

422 4071 556 4153 quis
593 4072 819 4148 tertius,
858 4081 916 4133 et
948 4072 1083 4152 quis
1117 4071 1404 4152 deinceps
1437 4091 1640 4133 eorum
1667 4076 1857 4138 ordo?

501 4160 640 4224 Res.
690 4161 770 4222 Ex
806 4165 1046 4240 antiqua
1078 4161 1398 4223 traditione
1435 4163 1660 4242 primus
1714 4172 1802 4225 est
1834 4183 2080 4242 magnus

422 4247 797 4331 dispensator
836 4254 848 4295 ί
882 4251 1215 4326 Secundus,
1271 4254 1370 4333 qui
1432 4264 1643 4333 praeest
1702 4274 1930 4335 magna:
1978 4275 2080 4317 sa-

423 4339 614 4412 cellae,
653 4340 712 4401 id
747 4349 856 4412 est,
895 4359 1145 4419 magnus
1175 4341 2082 4425 sacellarius.Tertius,magnus

423 4429 675 4490 sacrista
728 4479 741 4492 .
804 4428 1084 4514 Quartus,
1143 4431 1635 4514 cbartopbylaxlf.
1670 4431 1946 4514 Quintus,
1977 4433 2080 4514 qui

424 4517 642 4591 praeest
671 4527 863 4590 parva;
890 4509 1144 4586 sacellaa,
1179 4511 1238 4572 id
1297 4509 1386 4574 est
1437 4509 1801 4573 sacellarius.
1837 4509 2072 4591 Sextus,

421 4598 739 4679 primarius
774 4609 939 4660 actor
969 4598 1109 4679 ‘,qui
1138 4608 1197 4659 et
1221 4602 1587 4663 exocataceli
1623 4601 2075 4666 dicuntur.Pri-

425 4707 479 4750 m
492 4689 599 4750 arii
619 4697 813 4751 autem
845 4689 1105 4750 auctoris
1131 4690 1390 4750 officium
1411 4708 1546 4751 cum
1561 4699 1733 4752 antea
1747 4685 1904 4764 esset
1926 4693 2084 4755 inter

421 4777 726 4853 inferiora,
763 4787 962 4859 postea
992 4778 1053 4838 in
1111 4779 1362 4840 aliorum
1394 4780 1662 4841 ordinem
1691 4789 1970 4843 statutum
1996 4790 2087 4845 est

425 4885 458 4928 a
491 4866 678 4929 beatae
710 4868 1017 4929 memoriae
1049 4868 1392 4948 patriarcha
1437 4867 2085 4952 Constantinopolitano

425 4957 677 5036 Georgio
700 4957 1204 5040 Xiphilinoﬂanc
1233 4967 1432 5022 autem
1453 4961 1746 5024 actionem
1769 4965 2089 5028 subsecuta

427 5055 517 5108 est
546 5048 828 5127 praeclara
856 5053 1156 5111 sententia
1196 5049 1389 5112 sancti
1423 5052 1864 5132 metropolitani
1892 5055 2086 5116 Thes-

428 5134 721 5198 salonices
740 5136 1052 5215 Eusthatii,
1087 5138 1147 5200 id
1173 5139 1424 5201 laudans
1455 5151 1511 5200 et
1546 5142 1857 5217 extollens,
1893 5152 1956 5205 ut
1979 5145 2084 5225 ju-

430 5232 527 5316 ste_
553 5233 612 5286 et
639 5235 803 5316 extra
830 5229 1363 5308 reprehensionem
1396 5229 1782 5304 factum;cum
1816 5233 2084 5316 quidam,

432 5313 530 5395 qui
560 5314 859 5376 actionem
879 5335 999 5380 non
1021 5319 1590 5397 admittebant,tunc
1609 5313 2088 5386 contradicerent

3353 3173 3736 3231 κωλυέσθωσαν
3769 3171 3823 3228 δὲ

2165 3265 2312 3328 ἐντὸς
2342 3268 2433 3322 τοῦ
2474 3252 2602 3322 ναοῦ
2628 3265 2664 3332 ἢ
2695 3265 2880 3322 ἐσθίειν
2919 3252 3214 3333 ἣνῦπνοῦν.
3272 3262 3441 3321 Ἀλλὰ
3497 3265 3584 3322 καὶ
3641 3265 3677 3330 ἡ
3738 3252 3825 3340 ογ’
3856 3325 3878 3341 ,-

2165 3356 2322 3434 νεαρὰ
2379 3355 2470 3411 τοῦ
2525 3353 2788 3430 βασιλέως
2855 3355 3029 3434 κυρίου
3087 3354 3311 3420 Λέοντος
3367 3355 3459 3411 τοῦ
3529 3352 3822 3433 φιλοσόφου

2165 3445 2474 3521 παραμοίως
2547 3443 2759 3515 κολάζει
2814 3447 2900 3500 καὶ
2954 3445 3072 3509 τοὺς
3129 3443 3505 3524 ἐπιτρέποντας
3577 3444 3678 3510 τὴν
3751 3444 3824 3507 είς

2165 3534 2231 3590 τὰ
2286 3547 2725 3615 κατηχουμενεῖα
2767 3533 3098 3600 κατοίκησιν,
3175 3531 3270 3590 Ἐκ
3334 3533 3429 3601 τῆς
3474 3531 3822 3612 περιλήψεως

2162 3623 2250 3680 οὖν
2321 3626 2426 3681 τῶν
2483 3625 2736 3681 τοιούτων
2793 3624 3162 3698 θεσπισμάτων
3221 3623 3656 3702 ἀπηγορευμένον
3714 3622 3824 3678 ἐστὶ

2160 3715 2520 3788 παντάπασιν,
2577 3716 2665 3771 καὶ
2745 3715 2806 3770 τὸ
2881 3712 3089 3790 ἐσθίειν,
3161 3715 3249 3769 καὶ
3320 3714 3382 3770 τὸ
3448 3712 3624 3790 μένειν
3679 3709 3823 3768 ’ἔνδον

2165 3803 2302 3860 θείου
2328 3813 2478 3866 ναοῦ.

2247 3890 2362 3972 Ἐρ.
2397 3891 2486 3948 Ἐν
2516 3906 2634 3956 τοῖς
2665 3894 3010 3972 ἁρχοντικοϊς
3055 3890 3526 3959 ἐκκλησιαστικοτς
3560 3889 3823 3965 ἀξιώμασι

2166 3983 2244 4046 τίς
2289 3987 2519 4062 πρῶτος,
2568 3983 2654 4038 καὶ
2695 3983 2772 4044 τίς
2815 3979 3073 4061 δεύτερος,
3100 3983 3187 4039 καὶ
3227 3981 3305 4046 τίς
3335 3982 3504 4062 τρίτος
3542 3997 3555 4011 ⁸
3591 3981 3677 4037 καὶ
3718 3986 3823 4043 πῶς

2167 4070 2354 4152 ἐφεξῆς
2397 4073 2432 4138 ἡ
2463 4071 2663 4127 τούτων
2693 4070 2835 4136 τάξις
2869 4091 2886 4152 ;

2243 4159 2368 4220 Ἀπ.
2449 4163 2584 4218 Ἀπὸ
2683 4162 2781 4237 μὲν
2863 4161 3097 4226 παλαιᾶς
3176 4159 3519 4241 παραδόσεως
3603 4160 3821 4240 πρῶτός

2163 4252 2306 4308 ἐστιν
2349 4253 2377 4307 6
2420 4249 2588 4328 μέγας
2648 4251 2924 4326 οἰκονόμος
2959 4269 2974 4284 ⁸
3023 4249 3280 4330 δεύτερος,
3343 4252 3371 4306 6
3427 4251 3513 4306 ἐπὶ
3562 4252 3662 4316 τῆς
3722 4271 3822 4325 μευ

2162 4339 2332 4419 γάλης
2375 4339 2664 4407 σακέλλης,
2711 4342 2871 4419 ἠγουν
2927 4343 2956 4397 6
3014 4340 3180 4418 μέγας
3248 4337 3595 4418 σακελλάριος
3632 4359 3647 4374 ⁸
3706 4339 3823 4419 τρί-

2162 4452 2275 4505 τος,
2310 4432 2338 4486 6
2382 4429 2548 4508 μέγας
2594 4428 2916 4510 σκευοφύλαξ
2943 4447 2956 4460 ⁸
3017 4430 3284 4509 τέταρτος,
3359 4432 3387 4486 6
3431 4427 3770 4510 χαρτοφύλαξ
3803 4446 3820 4463 ⁶

2161 4519 2430 4596 πέμπτος,
2505 4520 2533 4574 6
2601 4518 2687 4575 ἐπὶ
2749 4524 2849 4586 τῆς
2921 4525 3126 4597 μακρᾶς
3195 4516 3484 4595 σακέλλης,
3571 4517 3734 4596 ἤγουν
3793 4521 3821 4574 6

2161 4607 2504 4688 σακελλάριος
2541 4625 2554 4638 ⁸
2601 4609 2689 4664 καὶ
2736 4606 2911 4684 ἕκτος,
2967 4611 2994 4665 6
3047 4606 3400 4688 πρωτὲκδικος
3435 4625 3449 4638 ⁸
3509 4607 3706 4671 οῗτινες
3737 4609 3824 4664 καὶ

2165 4697 2559 4766 ἐξωκατάκηλοι
2635 4696 2904 4778 λέγονται.
3001 4701 3072 4756 Τὸ
3155 4705 3246 4755 τοῦ
3329 4695 3686 4778 πρωτεκδίκου
3770 4695 3824 4752 δὲ

2167 4789 2411 4868 ὀφφίκιον
2465 4787 2518 4844 ἐν
2573 4800 2691 4851 τοῖς
2747 4784 3131 4854 ὕποϐεϐηκόσιν
3173 4787 3232 4843 ὃν
3288 4786 3538 4862 ἔκπαλαι,
3610 4787 3826 4864 ὕστερον

2167 4891 2285 4943 τοῖς
2316 4879 2631 4957 ὑπερέχουσι
2661 4879 2920 4955 συνετάγη
2951 4879 3093 4957 παρὰ
3148 4885 3241 4934 τοῦ
3295 4878 3388 4945 τῆς
3435 4877 3694 4955 μακαρίας
3726 4875 3828 4946 λή-

2169 4965 2296 5033 ξεως
2356 4967 2689 5046 πατριάρχου
2749 4966 3358 5032 Κωνστανεινουπόλεως
3431 4966 3693 5046 Γεωργίου
3734 4976 3827 5025 τοῦ

2169 5055 2466 5136 Ξιιριλίνου,
2536 5063 2614 5132 Τῇ
2681 5054 2864 5136 πράξει
2931 5054 2986 5112 δὲ
3041 5057 3206 5134 ταύτῃ
3277 5055 3678 5123 ἐπηκολούθησε
3735 5057 3824 5112 καὶ

2168 5148 2359 5226 γνώμη
2430 5147 2642 5224 γενναία
2695 5155 2788 5202 τοῦ
2843 5145 2898 5201 ἐν
2948 5146 3113 5225 ἁγίοις
3168 5145 3558 5226 μητροπολίτου
3614 5153 3824 5201 Θεσσα-

2168 5235 2384 5302 λονίκης
2471 5234 2775 5310 Εὐσταθίου,
2858 5237 3143 5294 ἐπαινοῦσα
3229 5237 3319 5292 καὶ
3403 5235 3675 5314 ἐξαίρουσα
3760 5238 3823 5291 τὸ

2167 5326 2410 5405 γεγονὸς,
2468 5325 2542 5386 ὡς
2611 5323 2840 5404 εὐλόγως
2894 5326 2982 5382 καὶ
3037 5323 3322 5400 ἀμέκπτως
3379 5323 3638 5406 πραχθέν.
3713 5324 3823 5382 Οἷα

1761 5479 2009 5549 VARLE
2050 5482 2492 5553 LECTIONES.

459 5600 561 5703 ’,τ’
591 5603 1025 5703 septuagesimo
1058 5618 1240 5667 nono.
1364 5606 1728 5686 promiscue.
1759 5607 1863 5654 σω
1881 5608 2246 5703 profanant,
2278 5605 2303 5647 ¹¹
2324 5604 2710 5703 stationibus.
2741 5600 2789 5640 ¹¹⁹
2810 5608 2918 5703 gqi
2947 5607 3027 5669 ad
3046 5607 3360 5670 ecclesiam
3387 5607 3817 5689 confugerunt.

431 5685 508 5748 δ”
539 5685 861 5744 sententia.
896 5685 908 5717 ί
937 5698 1291 5745 temnamus.
1319 5689 1336 5740 l
1371 5685 1666 5747 vasorum
1695 5685 1916 5750 custos.
1951 5689 1977 5729 ι
2001 5685 2442 5754 chartularius.
2477 5685 2490 5720 ‘
2521 5690 2758 5767 primus
2785 5685 3084 5766 defensor.
