4130 6474
273 447 390 516 969

1609 455 2295 525 GRIECO-ROMANUM
2304 501 2320 518 .

3534 455 3658 523 970

273 597 560 656 τηνικαῦτα
627 600 784 652 τινῶν
838 595 1213 666 ἀντειπόντων,
1301 599 1373 661 ὡς
1458 597 1536 673 μὴ
1590 591 1913 669 ἀπυδεξαμέυ

2013 582 2141 647 Post
2169 587 2599 662 exocatacelos,
2633 587 2862 668 primus
2893 593 2988 650 est
3028 584 3472 668 protonotarius
3505 603 3521 650 :
3557 605 3657 650 se-

280 701 378 735 νων
405 680 505 750 τᾶν
532 683 740 762 πρᾶξιν.
774 687 921 742 Μετὰ
980 687 1101 750 τοὺς
1175 684 1611 757 ἐξωκατακήλους
1669 683 1723 741 δὲ
1765 689 1917 762 πρῶ-

2013 675 2260 752 cundus,
2319 675 2668 740 actuarius:
2722 677 2954 754 tertius,
3011 675 3353 756 logotheta:
3390 683 3659 757 qnartus,

327 768 540 833 '-c’ea1tv
570 774 598 828 6
644 774 1047 855 προτονοτάριος
1082 795 1095 810 ·
1155 772 1413 856 δεύτερος,
1461 777 1488 832 6
1529 777 1918 851 ὑπομνηματο-

2013 767 2324 828 castrensis
2351 784 2364 829 :
2391 767 2655 848 quintus,
2677 779 2980 828 sacrorum
3002 765 3405 828 memorialis:
3434 777 3657 841 sextus,

297 905 322 922 .-
355 857 477 939 ίφος
513 877 528 892 ⁶
573 861 772 943 τρίτος,
804 865 831 920 6
875 853 1162 943 λογοθέτης
1195 880 1209 895 ⁹
1258 853 1532 943 τέταρτος,
1593 867 1621 921 6
1677 862 1920 940 κανστρί-

2013 853 2446 918 referendarius
2481 877 2492 919 :
2549 857 2863 938 septimus,
2912 874 2947 918 a
2995 854 3248 935 genibus
3281 875 3298 915 :
3333 863 3592 933 octavus,
3625 873 3662 917 a

289 970 390 1007 τιν-ς
421 962 439 980 ⁹
471 948 738 1028 πέμπτος,
797 955 825 1008 6
895 954 1230 1032 ἱερομνήμων
1264 973 1280 991 ο
1357 953 1507 1017 ἕκτος
1561 955 1589 1008 6
1648 953 1922 1031 ῥαιφερεν-

287 1057 296 1084 2
323 1058 449 1099 ¹,τος
485 1053 500 1070 ·
547 1037 792 1116 ἕϐδομος,
825 1043 852 1096 ὁ
901 1041 987 1098 ἐπὶ
1038 1043 1144 1098 τῶν
1189 1043 1425 1121 γονάτων
1459 1061 1474 1077 ·
1535 1039 1740 1120 ὄγδοος,
1768 1043 1796 1096 6
1840 1040 1924 1096 ἐπὶ

319 1129 322 1132 ’
407 1130 541 1204 ἐρᾶς
589 1129 963 1195 καταστάσεως
1013 1149 1028 1164 ⁸
1095 1129 1327 1212 ἕννατος,
1383 1134 1412 1188 6
1453 1131 1872 1207 ὑπομιμνήσκων
1904 1145 1917 1158 ⁸

365 1235 515 1291 ιτος,
559 1219 587 1273 6
617 1217 702 1274 ἐπὶ
755 1218 869 1276 τῶκ
920 1219 1178 1299 σεκρέτων
1231 1238 1244 1252 ο
1306 1219 1599 1296 ἑνδέκατος,
1645 1222 1673 1276 6
1703 1219 1918 1276 ἐπὶτῶν

312 1325 495 1376 ςτεων
526 1323 540 1338 ⁶
603 1303 918 1384 δωδέκατος,
977 1311 1005 1365 6
1056 1307 1365 1390 δευτερεύων
1438 1316 1545 1366 τῶν
1584 1307 1866 1390 *διακόνων
1901 1325 1912 1336 ·

275 1388 390 1465 μετ’
423 1391 614 1458 αὖτοὺς
691 1398 739 1450 οἱ
795 1410 940 1475 τρεῖς
1002 1398 1282 1477 ὁστιάριοι,
1335 1399 1421 1454 καὶ
1478 1386 1599 1473 μετ’
1666 1397 1851 1459 αὐτοὺς
1880 1399 1926 1453 οἱ

275 1493 419 1558 τρεῖς
477 1479 736 1562 ἄρχοντες
788 1491 896 1542 τῶν
957 1484 1315 1553 Ἐκκλησιῶν.
1377 1486 1441 1544 Ἦ
1485 1507 1814 1566 προχειρισις
1873 1483 1926 1541 δὲ

279 1569 371 1626 τοῦ
399 1567 784 1652 δευτερεύοντος
831 1581 936 1632 τῶν
993 1573 1248 1633 διακόνων
1305 1576 1409 1656 οὐχ
1475 1575 1658 1639 ἅπλῶς
1703 1576 1923 1655 γίνεται,

281 1656 418 1716 ἀλλὰ
448 1659 565 1716 κατ’
597 1659 852 1741 ἐκλογήν.
903 1672 1087 1720 Δεῖται
1171 1665 1270 1744 γὰρ
1321 1667 1382 1721 τὸ
1422 1671 1659 1721 τοιοῦτον
1691 1664 1930 1744 ὁφφίκιον

278 1744 462 1826 ἀνδρὸς
490 1749 668 1806 ἱκανοῦ
695 1752 784 1807 καὶ
813 1749 1110 1819 ἐπιτηδείου
1141 1754 1213 1817 εἷς
1270 1755 1332 1809 τὸ
1427 1752 1726 1832 ἐκπληροῦν
1748 1752 1930 1828 ἅμέμ-

2011 960 2179 1006 sacro
2238 945 2452 1007 ordine
2479 955 2519 987 ιιι
2571 968 2583 1004 :
2619 963 2836 1016 nonus,
2889 944 3242 1006 memoriam
3279 961 3605 1023 suggerens
3641 966 3654 1003 :

2012 1031 2345 1116 decimus,a
2375 1035 2669 1097 secretis“
2703 1053 2716 1099 :
2747 1033 3175 1109 undecimus,a
3194 1033 3442 1113 judiciis
3466 1054 3480 1096 :
3505 1035 3660 1096 duo-

2007 1121 2296 1206 decimus,
2333 1123 2729 1187 secundarius
2759 1124 3171 1187 diaconorum.
3205 1121 3345 1184 Post
3363 1141 3465 1186 eos
3485 1123 3662 1187 ostia-

2007 1211 2082 1272 rii
2130 1223 2249 1275 tres
2311 1215 2690 1294 magistratus
2733 1213 3160 1276 Ecclesiarum.
3196 1212 3430 1275 Creatio
3459 1223 3659 1276 autem

2007 1302 2349 1364 secundarii
2397 1304 2632 1365 diaconi
2687 1323 2808 1365 non
2841 1305 2903 1365 fit
2931 1301 3288 1382 simpliciter
3324 1303 3429 1364 sed
3459 1303 3661 1366 habito

2009 1389 2268 1454 delectu.
2303 1390 2661 1472 Hujusmodi
2708 1411 2964 1473 namque
2985 1391 3248 1454 ofﬁcium
3277 1391 3536 1473 requirit
3568 1392 3665 1453 vi-

2008 1495 2139 1539 rum
2157 1487 2358 1560 aptum
2386 1490 2444 1542 et
2464 1482 2882 1562 idoneum,qui
2904 1479 3323 1542 convenientia
3335 1481 3670 1544 ministeria

2008 1565 2312 1648 inculpate
2340 1570 2688 1650 adimpleat.
2727 1571 2870 1651 Ejus
2897 1569 3058 1631 enim
3090 1577 3178 1632 est
3207 1569 3575 1651 principium
3607 1577 3667 1632 et

2011 1657 2336 1718 antistitum
2361 1666 2492 1738 post
2518 1660 2848 1738 ingressum
2871 1658 3239 1734 benedictio,
3271 1657 3334 1718 in
3361 1659 3666 1740 supplica-

2013 1744 2275 1808 tionibus
2303 1763 2332 1791 ο
2387 1747 2772 1827 Evangelium
2821 1755 3080 1830 portare,
3116 1747 3522 1809 connexiones
3546 1759 3573 1803 Ρ
3601 1754 3665 1811 et

279 1857 424 1901 πτως
475 1837 571 1900 τὰς
629 1839 953 1917 ἁρμοζούσας
1038 1841 1205 1915 τούτῳ
1262 1839 1552 1906 διακονιας.
1612 1845 1781 1900 Αὐτοῦ
1834 1842 1928 1920 γὰρ

2013 1835 2402 1913 repetitiones
2431 1836 2494 1898 in
2525 1839 2612 1898 eis
2642 1837 2837 1900 facere
2864 1845 3014 1901 :tem
3024 1855 3168 1918 pora
3197 1835 3446 1898 absente
3463 1836 3666 1899 archi-

282 1923 420 1982 ὲστιν
447 1927 482 1995 ἡ
510 1928 647 2002 μετὰ
675 1929 772 1996 τὴν
817 1928 1023 1988 εἴσοδον
1069 1932 1302 2011 εὐφημία
1355 1937 1459 1988 τῶν
1526 1929 1784 2008 βασιλέων
1837 1932 1923 1987 καὶ

2013 1923 2260 1986 diacono
2291 1925 2434 1987 dare
2492 1926 2790 2008 diaconis,
2825 1927 2927 2008 qui
2957 1925 3202 1988 amboni
3231 1925 3499 1987 serviunt
3526 1940 3576 2002 (ι,
3609 1933 3670 1988 et

287 2019 401 2072 τῶν
453 2015 744 2096 ἀρχιερέων
792 2039 806 2053 '
867 2021 928 2075 τὸ
972 2019 1026 2076 ἐν
1080 2034 1201 2084 ταῖς
1292 2019 1469 2083 λιταῖς
1537 2021 1814 2097 βαστάζειν
1863 2022 1923 2076 τὸ

2013 2011 2074 2072 in
2105 2012 2237 2074 aliis
2268 2015 2621 2094 quibusdam
2657 2019 2855 2094 ,vicem
2889 2017 3017 2096 ejus
3048 2015 3348 2097 supplere.
3381 2014 3471 2078 Ob
3500 2033 3669 2077 eam-

287 2103 635 2185 Εὒαγγέλιον,
697 2109 786 2164 καὶ
839 2110 932 2172 τὰς
977 2109 1031 2165 ἐν
1085 2112 1272 2174 αὐταῖς
1321 2111 1584 2172 συναπτὰς
1630 2110 1718 2169 καὶ
1769 2111 1928 2180 αἰτή-

2014 2119 2132 2180 que
2163 2121 2401 2164 causam
2427 2104 2652 2166 dicitur
2685 2105 3101 2180 secundarius,
3137 2124 3256 2166 non
3288 2105 3447 2186 quod
3475 2106 3539 2166 in
3569 2122 3670 2166 or-

283 2213 393 2256 σεις
462 2208 640 2251 ποιεῖν
674 2211 687 2225 ’
750 2198 834 2276 τὸ,
894 2197 1120 2265 ἀπόντος
1177 2209 1272 2258 τοῦ
1325 2197 1696 2278 ἀρχιδιακόνου
1737 2196 1928 2255 διδόναι

2014 2190 2155 2252 dine
2175 2193 2566 2254 diaconorum
2617 2195 2696 2256 sit
2726 2197 3048 2257 secundus.
3085 2193 3294 2257 Talem
3327 2194 3511 2272 igitur
3538 2193 3671 2256 oili-

284 2282 494 2360 καιροὺς
537 2296 656 2347 τοῖς
715 2283 768 2340 ἐν
825 2292 900 2359 τῷ
958 2284 1163 2364 ἅμϐωνι
1199 2285 1485 2363 διακόνοις,
1519 2289 1605 2344 καὶ
1646 2285 1781 2347 ἄλλα
1809 2289 1932 2345 τινὰ

286 2371 466 2428 τούτου
546 2373 886 2453 ὑστερήματα
935 2375 1253 2455 ἐκπληροῦν.
1359 2379 1506 2435 Κατὰ
1590 2383 1744 2433 τοῦτο
1813 2387 1935 2455 γοῦν

284 2461 371 2516 καὶ
413 2459 632 2539 λέγαται
655 2462 992 2545 δευτερεύων,
1063 2469 1166 2545 οὐχ
1210 2467 1290 2522 ὃτι
1360 2464 1641 2545 δευτερεύει
1702 2465 1842 2522 ἐνέν
1869 2471 1938 2542 τῇ

283 2548 424 2614 τάξει
451 2556 556 2606 τῶν
587 2548 868 2616 διακόνων.
943 2556 1203 2622 Τοιαύτην
1264 2557 1360 2631 μὲν
1418 2558 1508 2611 οὖν
1549 2557 1584 2623 ἡ
1646 2554 1937 2633 παλαιτέρα

285 2636 569 2725 παράδοσις
615 2641 744 2722 εἶχε
772 2643 870 2711 τὴν
900 2648 1005 2699 τῶν
1056 2644 1408 2725 ἀρχοντικίων
1472 2643 1614 2710 τάξιν
1685 2646 1774 2701 καὶ
1804 2645 1935 2700 στά-

285 2713 392 2788 σιν.
473 2713 578 2787 εδτι
635 2713 715 2786 δέ-
761 2735 812 2788 αἱ
873 2713 1431 2814 τούτων-’σφραγῖδες
1490 2743 1584 2793 τοῦ
1638 2731 1938 2808 Θελήματος

285 2823 391 2874 τῶν
447 2818 742 2898 ἀρχιερέων
823 2819 1160 2901 ἐξήρτηνται,
1231 2822 1466 2904 διάφοροι
1540 2821 1593 2880 δέ
1674 2825 1771 2878 εἰσι
1852 2824 1940 2878 καὶ

2018 2280 2244 2342 ciorum
2268 2284 2542 2345 ordiuem
2568 2292 2625 2346 et
2663 2293 2882 2347 statum
2913 2287 3215 2365 antiquior
3235 2284 3444 2346 habuit
3475 2283 3668 2347 tradi-

2023 2371 2253 2434 tio.Sed
2274 2392 2406 2434 cum
2430 2376 2642 2436 horum
2666 2376 2862 2453 sigilla
2882 2390 2903 2418 τ
2933 2376 3238 2457 pendeant
3273 2394 3340 2438 ex
3371 2376 3676 2438 voluntate

2019 2460 2347 2522 antistitum
2380 2475 2428 2543 ε,
2459 2483 2710 2544 quorum
2740 2465 3054 2526 sententiae
3072 2473 3132 2525 et
3153 2464 3484 2526 voluntates
3505 2465 3677 2526 diﬂ'e-

2019 2556 2178 2624 runt,
2214 2559 2531 2631 propterea
2561 2563 2728 2615 vetus
2761 2555 3041 2620 confusus
3072 2561 3162 2616 est
3213 2554 3382 2618 ordo.
3410 2554 3676 2634 indeque

2019 2658 2131 2700 nec
2162 2640 2488 2702 ofﬁciorum
2530 2643 2790 2705 conditio
2820 2646 2837 2683 ι
2893 2644 2956 2704 in
2986 2663 3092 2705 sua
3121 2643 3398 2705 firmitate
3429 2643 3672 2720 mansit,

2020 2729 2127 2789 sed
2179 2730 2345 2809 juxta
2401 2734 2718 2812 praesulum
2782 2733 3063 2814 placitum
3094 2732 3452 2795 labefactata
3478 2773 3506 2804 η
3540 2733 3674 2810 fuit,

2021 2819 2289 2880 confusio
2320 2829 2516 2881 autem
2549 2823 2681 2902 ipsa
2710 2821 2771 2882 in
2806 2841 3013 2885 eorum
3037 2822 3239 2883 multis
3261 2823 3524 2901 vigorem
3549 2830 3680 2884 tan-

286 2920 409 2969 ταῖς
440 2909 679 2985 γνώμαις
722 2911 812 2966 καὶ
841 2925 964 2977 ταῖς
1025 2911 1250 2991 ὀρέξεσιν
1305 2915 1351 2968 οἱ
1393 2913 1690 2992 ἀρχιερεῖς,
1754 2911 1928 2968 τούτο·.

2025 2907 2162 2968 dem
2187 2908 2336 2985 legis
2373 2910 2648 2973 obtinuit.
2683 2910 2850 2983 Quod
2871 2923 3066 2973 autem
3090 2911 3152 2971 in
3172 2911 3246 2972 iis
3265 2911 3675 2988 inveniuntur,

287 2997 448 3076 χάριν
477 2998 738 3078 συνεχέθη
801 3001 836 3068 ἦ
880 3000 1024 3066 τάξις
1053 3004 1086 3070 ἡ
1147 3000 1370 3065 παλαιά.
1432 3003 1716 3060 Κάντεῦθεν
1759 2999 1928 3056 οὐδὲῦ

2025 2997 2128 3076 qui
2170 3005 2470 3078 utcunque
2501 3008 2641 3062 sunt
2672 3002 3096 3063 ecclesiasticae
3135 3001 3525 3080 experientiae
3547 3018 3670 3081 par-

288 3087 471 3150 στάσις
523 3089 630 3144 τῶν
687 3088 1041 3169 ἀρχοντικίων
1110 3091 1195 3147 ἐπὶ
1269 3091 1367 3158 τῆς
1425 3089 1667 3170 ἱδρύσεως
1710 3089 1928 3168 ἔμεινεν1

2026 3087 2259 3166 ticipes,
2282 3089 2692 3152 eminentioris
2723 3093 2964 3172 quidem
2987 3090 3215 3152 ordinis
3238 3090 3432 3152 ofﬁcia
3449 3090 3510 3150 in
3534 3105 3681 3170 pro-

291 3173 428 3274 ᾀλλὰ
455 3179 864 3251 μετακεκίνηται
921 3181 1057 3236 κατὰ
1113 3182 1175 3236 τὸ
1218 3194 1335 3245 τοῖς
1401 3180 1704 3260 ἀρχιερεῦσι
1733 3178 1928 3240 δοκοῦν.

2025 3175 2158 3253 prio
2190 3185 2344 3237 statu
2375 3195 2478 3238 seu
2511 3179 2832 3241 firmitatev
2857 3197 3105 3243 manere
3153 3187 3356 3241 sinunt
3382 3198 3398 3239 :
3426 3178 3680 3240 inferio-

295 3254 358 3320 Ἠ
419 3265 684 3344 σύγχυσις
742 3264 796 3322 δὲ
854 3265 986 3334 αὕτη
1059 3267 1112 3323 ἐν
1166 3282 1284 3333 τοῖς
1337 3254 1573 3325 πλέίὸᾶί
1600 3268 1822 3344 τούτων,
1868 3270 1928 3323 ὡς

2026 3264 2112 3323 ris
2140 3281 2362 3339 autem,
2398 3267 2775 3350 etsimutent,
2809 3278 3004 3333 tamen
3025 3288 3144 3330 non
3168 3268 3298 3332 sine
3307 3270 3470 3349 justa
3502 3285 3681 3330 causa

290 3353 476 3430 νόμος,
521 3353 712 3412 λοιπὸν
741 3355 1124 3435 ἐπεκράτησεν.
1175 3347 1306 3416 ΗΟτι
1366 3355 1421 3412 δὲ
1470 3357 1522 3414 ἐν
1552 3357 1760 3421 τούτοις
1806 3359 1928 3436 εὑρί-

2025 3352 2086 3414 id
2117 3354 2313 3417 facere
2343 3347 2898 3437 deprehenduntur,
2959 3360 3165 3421 virtuti
3215 3347 3356 3440 puta
3385 3360 3679 3420 honorem

287 3444 502 3500 σκονταί
529 3463 668 3507 τινες
739 3444 968 3526 μέτοχοι
1025 3444 1268 3502 ὁπωσοῦν
1323 3449 1505 3522 πείρας
1562 3444 1928 3512 ἐκκλησιαστι-

2026 3441 2340 3519 habentes,
2375 3447 2462 3506 vel
2520 3447 2760 3510 dicendi
2792 3448 3023 3529 peritia;
3062 3458 3108 3523 ι,
3141 3449 3235 3509 vel
3266 3447 3370 3510 alii
3401 3445 3685 3508 laudabili

285 3536 409 3611 κῆς,
468 3532 534 3588 τὰ
606 3532 704 3609 μὲν
773 3538 874 3600 τῆς
941 3535 1308 3614 ὑπερεχούσης
1381 3532 1576 3599 τάξεως
1635 3530 1928 3614 ἄρχοντίκις

2029 3531 2316 3596 facultati.
2373 3535 2484 3607 Qui
2528 3556 2669 3597 vero
2710 3537 3098 3616 experientiae
3127 3537 3374 3598 omnino
3414 3537 3598 3597 rudes
3629 3543 3688 3598 et

287 3619 374 3676 ἐπὶ
402 3625 501 3688 τῆς
559 3621 754 3686 οἰκείας
826 3621 1002 3698 μένειν
1063 3624 1189 3680 ἐῶσι
1249 3624 1652 3694 καταστάσεως,
1711 3623 1748 3690 ἢ
1809 3620 1928 3701 ἷδρύι

2029 3622 2314 3702 imperiti,
2351 3644 2481 3704 quae
2502 3645 2764 3707 sursum,
2797 3629 3081 3688 deorsum
3113 3644 3289 3704 agere
3311 3625 3686 3706 comperiun—

289 3730 429 3772 σεως
463 3725 478 3740 ⁶
527 3710 596 3772 τὰ
623 3708 678 3765 δὲ
720 3715 821 3778 τῆς
855 3709 1096 3792 δευτέρας
1151 3713 1196 3769 εἰ
1230 3713 1318 3769 καὶ
1377 3711 1764 3788 μετατιθέασιν,
1797 3709 1928 3786 δμω‹

2031 3718 2126 3771 tur
2150 3733 2160 3771 :
2190 3721 2247 3772 et
2269 3715 2644 3792 proverbium
2662 3717 2732 3777 iis
2750 3717 3048 3794 convenit,
3076 3717 3390 3776 ﬂuviorum
3405 3715 3688 3795 inquiens

289 3803 350 3858 οὐ
377 3800 545 3879 χωρὶς
571 3798 790 3879 εὐλόγου
839 3802 1004 3865 αἰτίας
1049 3809 1203 3859 τοῦτο
1259 3809 1535 3865 ποιοῦντες
1590 3798 1928 3876 καταλαμϐά-

2027 3801 2221 3863 fontes
2255 3823 2489 3865 sursum
2519 3824 2858 3867 recurrere.
2883 3805 3029 3867 Item
3050 3805 3393 3866 Judaeorum
3424 3802 3688 3865 secunda

301 3911 501 3965 νονται,
575 3889 610 3958 ἢ
669 3890 862 3970 ἀρετὴν
916 3889 1121 3960 δηλαδὴ
1206 3896 1486 3966 τιμῶντες,
1563 3891 1599 3958 ἢ
1657 3888 1840 3968 λόγον,
1909 3892 1928 3943 ’ἰ

2030 3883 2221 3962 prima
2253 3885 2516 3962 sabbata,
2553 3895 2609 3946 et
2642 3886 2902 3965 gravium
2935 3886 3381 3968 3,sopbistarum
3429 3885 3685 3964 prothy-

290 3976 464 4046 ἄλλην
493 3977 880 4056 ἐπαινουμένην
944 3980 1230 4060 ἐνέργειαν.
1290 3979 1421 4059 Οἵγε
1489 3980 1596 4055 μὴν
1639 3980 1925 4034 παντάπασ

2030 3980 2186 4032 stera
2208 4005 2248 4034 ι.
2285 3972 2668 4054 Frequentati
2717 3994 2858 4052 ergo
2905 3993 3107 4037 mores
3125 3997 3150 4028 a
3180 3973 3326 4034 mihi
3355 3973 3483 4035 sine
3505 3972 3687 4035 dubio

287 4069 474 4148 πείρας
534 4068 812 4146 ἂμέθεκτοι
868 4073 956 4127 καὶ
1028 4070 1470 4146 ἀνεπιστήμονες,
1530 4069 1598 4126 τὰ
1652 4065 1761 4124 ἅνω
1803 4069 1928 4128 κάτα

2030 4063 2324 4142 sequendi
2353 4064 2648 4125 videntur.
2706 4063 2874 4137 Quod
2928 4064 2978 4126 si
3009 4065 3151 4145 quid
3184 4063 3247 4123 in
3276 4064 3372 4124 his
3401 4063 3688 4124 innovare

292 4169 568 4223 ποιοῦντες
599 4160 920 4239 εὑρίσκονται
955 4176 971 4192 ⁸
1045 4161 1133 4216 καὶ
1175 4161 1211 4226 ἡ
1268 4159 1524 4238 παροιμία
1576 4157 1778 4220 τούτοις
1811 4155 1928 4231 ὁμό·

2031 4169 2281 4213 necesse
2305 4153 2402 4229 sit,
2451 4153 2628 4233 justis
2685 4155 2761 4216 de
2793 4154 2987 4216 causis
3022 4173 3144 4215 non
3179 4171 3286 4234 pro
3320 4153 3688 4232 singulorum

291 4248 514 4328 στολος,
571 4248 681 4305 ἅνω
732 4250 990 4326 ποταμῶν
1047 4261 1253 4329 χωρεῖν
1311 4247 1538 4325 λέγουσα
1594 4247 1688 4310 τὰς
1746 4247 1923 4324 πηγὰς

2033 4241 2277 4302 arbitrio
2330 4243 2390 4304 id
2425 4243 2788 4306 faciendum.
2813 4244 2965 4305 Sunt
2991 4251 3194 4305 autem
3227 4250 3284 4303 et
3315 4242 3430 4304 alia
3470 4241 3687 4322 officia,

288 4340 380 4394 καὶ
432 4339 498 4393 τὰ
567 4339 708 4417 παρὰ
765 4337 1034 4402 Ἰουδαίοις
1105 4336 1502 4414 δευτερόπρωτα
1551 4332 1812 4407 σάϐϐατα,
1859 4356 1928 4390 κα

2034 4350 2165 4410 qua:
2194 4333 2602 4395 sacerdotibus
2661 4336 2917 4395 maxime
2949 4339 3308 4413 congruunt,
3340 4332 3686 4407 catechista,

291 4426 436 4506 παρὰ
463 4438 580 4491 τοῖς
608 4424 803 4491 δεινοῖς
861 4440 1143 4508 σοφισταῖς
1214 4427 1281 4482 τὰ
1337 4425 1695 4504 πρωθύστερα,
1769 4424 1928 4501 Χρεὼε

2032 4424 2582 4503 orphanotropzeus,
2620 4433 2871 4503 quatuor
2899 4423 3269 4498 defensores,
3301 4421 3683 4502 luminarius,

295 4519 385 4574 οῦν
412 4515 532 4591 ἐμοὶ
611 4513 782 4593 δοκεῖ,
841 4530 959 4581 τοῖς
1028 4514 1254 4578 πολλοῖς
1327 4512 1494 4570 ἔθεσιν
1564 4511 1928 4590 ἀναντιῤῥήτωι

2013 4511 2452 4587 ,nummidator,
2489 4521 2546 4572 et
2575 4513 2815 4574 circitor
2841 4512 2892 4575 δ.
2931 4515 3244 4574 Lectorum
3278 4510 3472 4573 ofﬁcia
3501 4511 3628 4571 hinc
3665 4528 3680 4569 :

295 4606 608 4663 ἀκολουθεῖν
637 4624 668 4665 ι
709 4621 723 4636 ⁸
774 4607 818 4661 εἰ
848 4603 902 4662 δέ
930 4627 980 4662 τι
1007 4607 1098 4662 καὶ
1138 4616 1482 4679 καινοτομεῖν
1514 4602 1722 4680 ἀνάγκη
1753 4600 1807 4658 ἐν
1837 4603 1928 4658 τού

2046 4599 2409 4663 domesticus
2433 4603 2624 4663 dextri
2647 4602 2836 4679 chori,
2865 4601 3230 4663 domesticus
3259 4599 3487 4661 sinistri
3520 4619 3534 4660 :
3571 4618 3688 4678 p0-

295 4716 434 4775 τοις,
494 4693 547 4760 ἐξ
601 4694 835 4773 εὐλόγων
899 4696 1102 4770 αἰτιῶν,
1161 4690 1282 4749 ἀλλ’
1369 4695 1464 4750 οὐκ
1532 4693 1595 4748 ὲκ
1641 4689 1927 4768 θελημάτω

2043 4690 2168 4768 puli
2194 4699 2430 4752 coactor
2458 4706 2480 4735 ο
2510 4692 2786 4752 similiter
2819 4711 2834 4751 :
2889 4689 3256 4751 domesticus
3286 4698 3619 4762 cantorum,
3655 4705 3691 4748 a

295 4783 441 4841 ἰδίων
482 4789 635 4840 τοῦτο
675 4796 878 4844 ποιεῖν.
916 4785 1026 4840 Εἰσὶ
1054 4781 1109 4838 δὲ
1176 4783 1265 4839 καὶ
1308 4781 1460 4860 ἕτερα
1516 4779 1753 4861 ὀφφίκια,
1820 4779 1923 4837 ἅπε

2040 4779 2396 4858 quibusdam
2429 4781 2764 4861 appellatus
2792 4779 3156 4860 protopsalta
3189 4798 3203 4838 :
3239 4776 3691 4858 primicerusle-

293 4871 528 4950 μάλιστα
583 4885 702 4936 τοῖς
767 4875 985 4951 ἱερεῦσιν
1028 4871 1342 4951 ἀρμόζουσιν
1376 4889 1394 4908 ο
1456 4872 1484 4926 6
1529 4869 1615 4926 ἐπὶ
1679 4874 1787 4925 τῶν
1844 4892 1928 4926 κα·

2035 4876 2290 4943 ctorum,
2324 4873 2638 4948 prwfectus
2695 4869 3100 4931 contaciorum
3128 4868 3180 4946 ά,
3211 4874 3686 4947 protocanonar-

291 4962 611 5042 τηχήσεῳν,
641 4964 668 5018 6
737 4960 1153 5043 ὀρφανοτρόφος,
1215 4962 1263 5016 οἱ
1333 4959 1585 5038 τέσσαρες
1639 4955 1836 5015 ἔκδικοι
1871 4974 1884 4990 '
1923 4986 1928 5011 ι

2033 4956 2204 5038 chus,
2231 4964 2290 5018 et
2311 4958 2654 5020 chartularii
2679 4977 2907 5038 magnae
2925 4955 3687 5043 sacellaa,armariique_va-

296 5040 484 5134 Eripiam
506 5040 613 5108 τῶν
675 5040 888 5131 φώτων,
947 5040 979 5107 6
1035 5046 1426 5126 νουμμοδότης,
1472 5049 1564 5134 καί
1615 5045 1928 5134 611890650

2034 5062 2262 5107 sorum.
2333 5046 2554 5109 Theori
2628 5056 2853 5122 autem,
2943 5045 3070 5129 [seu
3139 5040 3597 5134 observatores],
3632 5051 3694 5134 et

458 5127 840 5220 Ἀναγνωστῶν
872 5127 950 5196 δὲ
1016 5138 1252 5220 όφφίκία,
1311 5147 1498 5198 ταῦτα.
1551 5127 1610 5193 Ὀ
1641 5133 1928 5212 δομέστικο

2035 5135 2322 5216 deputati,
2351 5144 2409 5197 et
2447 5137 2740 5218 camisati,
2791 5155 2911 5199 non
2946 5127 3092 5196 sunt
3123 5134 3344 5214 ofﬁcia,
3377 5133 3480 5194 sed
3518 5131 3692 5220 mini-

300 5237 398 5296 τοῦ
424 5219 614 5306 δεξιοῦ,
649 5241 838 5312 χοροῦ,
868 5232 905 5287 ὁ
926 5227 1233 5306 δομέστικος
1290 5233 1386 5284 τοῦ
1414 5226 1710 5305 ἀριστεροῦ,
1745 5224 1928 5283 λαασυ-

2036 5224 2217 5287 steria
2245 5225 2320 5287 iis
2340 5225 2414 5287 ad
2439 5226 2624 5289 altare
2650 5245 2886 5289 sacrum
2915 5225 3210 5304 injuncta.
3233 5221 3498 5285 'Theoris
3527 5219 3690 5283 enim

1635 5389 1900 5458 VAHLE
1941 5393 2268 5462 LECTION
2274 5395 2384 5458 ES.

388 5604 429 5636 ιιι
451 5570 777 5656 prafectus
803 5584 990 5631 sacrae
1017 5565 1328 5656 stationis.
1352 5643 1392 5656 ι,
1431 5599 1459 5630 ιι
1483 5563 1803 5656 praefectus
1830 5571 2222 5656 secretorum.
2295 5573 2345 5656 _°
2369 5566 2634 5656 Alituniis.
2742 5575 2768 5656 Ρ
2799 5565 3093 5656 collectas
3113 5570 3171 5627 et
3199 5580 3454 5656 preces:
3538 5597 3564 5640 q
3592 5560 3702 5642 qui

305 5643 550 5714 aint-in
576 5643 883 5732 suggestu.
924 5729 934 5732 Α
997 5683 1019 5714 ι·
1044 5643 1562 5726 conﬁrmationes.
1674 5653 1696 5684 ³
1717 5647 2094 5732 pontiﬁcum.
2211 5651 2458 5732 ‘stqtzo.
2570 5658 2598 5688 ιι
2626 5653 2889 5732 mutata.
3021 5665 3044 5698 ν
3071 5648 3136 5706 in
3163 5643 3569 5732 suastatione
3597 5657 3703 5732 seu

301 5735 598 5798 sessione.
653 5720 717 5773 ’ί
737 5729 1056 5796 doctrinae.
1139 5720 1170 5781 ί
1197 5731 1555 5788 acutorum.
1634 5720 2162 5809 ιΔρῖιωζᾳξυιιὶιηα.
2250 5743 2274 5774 ι
2304 5727 2787 5809 Frequentiores
2813 5744 2953 5807 ergo
2981 5725 3462 5789 consuetudines.
3547 5720 3574 5762 ³³
3602 5720 3702 5783 vi-

312 5796 580 5876 sitatur.
641 5813 664 5847 °
691 5810 963 5874 collector
989 5811 1120 5872 sive
1147 5810 1575 5885 congregatur,
1654 5796 2134 5885 “pugillarium.
2443 5796 2466 5809 ⁸
2879 5796 2904 5807 ’
3266 5813 3267 5816 ‘

767 5943 1024 6007 PATBOL.
1072 5936 1181 6002 Gn.
1231 5933 1430 6000 CXIX.
3044 5938 3115 5998 31
