4130 6422
270 388 385 451 9ῖ3

1640 383 2329 452 GRIECO-ROMANUM

3551 392 3670 461 974

274 524 476 577 iri-ain
506 523 536 579 6
602 521 895 602 προεστὼς,
952 524 1040 580 καὶ
1095 524 1250 581 τοῦτο
1321 522 1569 603 πράττειν
1626 521 1920 602 ἀλογίστως

2009 519 2454 609 praerogativam
2486 520 2694 584 habuit
2715 520 2883 585 ?Nisi
2915 521 3294 606 iniquitatem
3326 532 3484 589 amat
3511 546 3670 609 prte-

276 616 367 667 r.'.>«.
398 610 780 688 ἐπιστρέφεται.
849 610 994 669 Ἀλλ’
1051 613 1124 677 εἰς
1181 617 1336 669 τοῦτο
1387 610 1547 690 λόγος
1590 610 1774 688 οὐδεὶς,
1808 613 1923 668 ὡσ-

272 726 305 735 -
350 726 363 731 -
418 698 514 757 ,δδδὲ
571 701 723 780 φωνὴ
799 698 1100 775 ἐπᾳδόντων
1161 706 1234 769 είς
1320 699 1502 767 ἀπίδος
1558 704 1693 776 ὦτα,
1751 702 1922 758 κατὰ·

292 836 299 841 .
404 788 852 867 τλλτῳδούμενον.
911 792 984 849 T6
1065 798 1157 848 τοῦ
1224 791 1604 872 ἱερομνήμονος
1664 788 1720 847 δὲ
1776 790 1925 870 ὁφφί-

274 904 389 935 κιῡν
461 876 690 955 διακόνῳ
745 880 800 948 ἐξ
869 880 1110 959 ἀνάγκης
1176 883 1434 962 προσήκει
1468 900 1486 919 ⁶
1537 878 1721 948 ἐπειδὴ
1792 902 1921 936 συν-

272 972 532 1050 υπουργὸς
565 972 715 1036 οὗτός
745 971 856 1028 ἐστι
910 978 990 1047 τῷ
1056 973 1372 1053 κανστρισίῳ
1425 973 1497 1037 εἰς
1554 972 1614 1027 τὸ
1670 968 1924 1050 περιτιθέ-

275 1082 357 1112 ut
425 1060 527 1128 τὴν
583 1061 724 1141 ἱερὰν
780 1060 974 1129 στολὰν
1030 1067 1108 1137 τῷ
1163 1060 1410 1142 ἀρχιερεῖ
1478 1058 1726 1138 μέλλοντι
1774 1062 1919 1139 ἱερο-

276 1160 555 1223 πρακτεῖν,
620 1150 681 1208 Εἰ
739 1147 794 1207 δὲ
864 1151 1025 1230 ἱερεύς
1080 1150 1220 1208 ἐστιν
1290 1153 1320 1208 6
1365 1151 1725 1231 ἱερομνήμων,
1783 1155 1921 1223 κενῷ

272 1238 518 1314 ὀνόματι,
551 1239 623 1305 ὡς
651 1237 819 1304 οὕτως
848 1241 1042 1318 εἰπεῖν,
1098 1243 1500 1320 ἱερομνημονεῖ.
1534 1237 1662 1299 Οὑδὲ
1677 1239 1776 1318 γὰρ
1807 1236 1921 1304 ἐξὸν

274 1327 416 1402 αὖτῷ
461 1325 516 1384 ἐν
577 1340 699 1392 ταῖς
753 1331 1063 1409 ὑπηρεσίαις
1132 1335 1238 1386 τῶν
1291 1329 1685 1410 ἀρχιερατικῶν
1734 1327 1921 1385 στολι-

272 1416 512 1496 σμάτῶν,
543 1415 786 1477 διακόνου
807 1417 948 1485 τάξιν
977 1432 1188 1498 τηρεῖν.
1234 1420 1383 1484 Τινὲς
1412 1416 1468 1475 δὲ
1500 1424 1602 1476 τῶν
1632 1416 1923 1498 ἀρχιερέων

272 1503 326 1570 ἐξ
356 1504 594 1586 ἀπειρίας
637 1509 731 1573 τὰς
796 1507 1063 1591 ἐγγραφας
1119 1514 1226 1565 τῶν
1296 1508 1573 1589 μαρτύρων
1629 1508 1724 1573 τὰς
1767 1530 1919 1586 γινο-

274 1594 438 1671 μένας
489 1598 607 1677 περὶ
663 1600 769 1656 τῶν
822 1601 1052 1677 ἱερᾶσθαι
1107 1597 1387 1673 θελόντων,
1469 1596 1765 1655 ἀνατιθέασι
1842 1603 1920 1671 τῷ

271 1686 642 1765 ἱερομνήμονι,
726 1689 814 1744 καὶ
885 1686 1196 1746 λανθάνουσι
1278 1694 1557 1768 προφανῶς
1619 1685 1916 1751 ἀδικοῦντες

271 1775 364 1831 τὸν
390 1774 791 1857 χαρτοφύλακα,
824 1783 912 1853 Τῷ
934 1777 1121 1835 τούτου
1178 1778 1278 1857 γὰρ
1324 1779 1549 1858 ὀφιρικίῳ
1577 1776 1917 1853 ἐμπέπηκται

270 1866 360 1921 καὶ
383 1866 417 1933 ἡ
447 1869 545 1932 τῆς
580 1866 828 1934 τοιαύτης
886 1864 1146 1932 διακονίας
1196 1866 1431 1947 ἐνέργεια
1464 1887 1475 1899 ·
1537 1867 1624 1923 καὶ
1677 1864 1916 1942 οὐδαμῶς

268 1955 331 2010 ἐκ
356 1953 545 2011 τούτου
594 1952 726 2023 αὕτη
782 1954 1255 2036 παρασαλεύσεται,
1306 1956 1484 2036 ὥσπερ
1525 1954 1591 2024 δὴ
1633 1956 1721 2013 καὶ
1750 1957 1785 2025 ἡ
1813 1962 1918 2012 τῶν

268 2045 312 2099 ie
318 2041 575 2123 ρολογιῶν
585 2093 598 2107 ,

354 2132 678 2211 Ἐρώτησις.
715 2134 774 2191 Εἰ
816 2132 900 2191 ἐπ’
932 2132 1103 2200 ἀδείας
1157 2134 1266 2191 ἐστὶ
1316 2138 1395 2211 τῷ
1451 2134 1715 2215 ἀρχιερεῖ,
1772 2158 1919 2216 χαρ-

270 2222 567 2304 τοιρύλακος
637 2221 810 2296 ὄντος,
887 2223 1054 2298 ἑτέαῳ
1112 2222 1376 2299 οἱῷδήτινι
1451 2224 1755 2303 ἐπιτρέπειν
1806 2225 1918 2281 εἴτε

268 2313 498 2371 πάντοτε
529 2316 893 2390 σημειοῦσθαι,
970 2312 1082 2370 εἴτε
1127 2312 1364 2380 καθάπαξ
1432 2320 1586 2372 τοῦτο
1644 2314 1915 2393 διενεργῆ-

267 2424 380 2462 σαι.
419 2404 523 2461 Καί
566 2405 721 2469 ποίας
753 2404 863 2460 ἐστὶ
905 2402 1154 2483 γλώσσης
1184 2406 1219 2473 ἡ
1275 2410 1367 2461 τοῦ
1409 2401 1717 2479 δομεστίκου
1745 2426 1915 2484 προσ-

268 2491 482 2572 ηγορία,
512 2492 600 2550 καὶ
642 2493 728 2550 ἐπὶ
784 2493 958 2559 ποίαις
1014 2491 1298 2565 ἐξουσιάζει
1327 2498 1433 2549 τῶν
1461 2491 1914 2561 ἐκκλησιαστικῶν

267 2580 611 2642 ἀκολουθιῶν.

348 2670 475 2731 Ἀπ.
529 2673 602 2730 Τὸ
661 2675 1007 2747 σημειοῦσθαι
1065 2672 1134 2729 τὰ
1186 2673 1624 2752 παρεμπίπτοντα
1651 2677 1730 2747 τῷ
1770 2693 1913 2752 χαρ-

268 2759 608 2843 τοφυλακικῷ
732 2760 992 2839 ἀξιώματι
1098 2763 1576 2844 ἀπαρεγχειρήτως
1619 2761 1916 2840 ἐγκεκόλα-

267 2872 397 2908 πται
431 2870 444 2883 ⁸
494 2849 609 2908 ὅθεν
652 2853 741 2908 καὶ
795 2852 1057 2932 παρόντος
1104 2851 1201 2928 μὲν
1230 2856 1412 2927 αὐτοῦ,
1473 2855 1565 2909 οὐκ
1636 2849 1747 2917 ἐξόν
1776 2851 1916 2908 ἐστιν

2007 607 2121 689 sul,
2157 607 2337 690 idque
2366 610 2565 674 facere
2621 611 3069 675 inconsiderate
3101 632 3222 675 non
3255 607 3527 681 ὼώίιειξ
3544 615 3665 682 Sed

2008 697 2138 777 ejus
2168 699 2330 761 nulla
2360 699 2615 763 habetur
2642 702 2795 763 ratio
2817 704 3000 782 magis
3025 721 3199 784 quam
3227 704 3390 767 vocis
3411 733 3438 776 «ι
3459 705 3670 770 incan-

2007 786 2257 872 tantium
2315 788 2378 850 in
2431 808 2606 852 aures
2656 791 2903 872 aspidis,
2957 791 3127 871 juxta
3205 793 3355 856 illud
3414 793 3668 862 Psalmi.

2005 871 2464 940 Sacrimemoris
2487 887 2689 943 autem
2721 871 2984 942 ofﬁcium
3013 881 3087 942 ad
3119 883 3438 945 diaconum
3454 903 3666 950 neces-

2004 964 2161 1026 sario
2195 969 2632 1046 pertineLNam
2670 968 2769 1031 hic
2800 970 2978 1031 simul
3007 988 3142 1031 cum
3167 973 3458 1036 castrensi
3486 975 3672 1042 servit

2003 1053 2075 1114 ad
2107 1052 2479 1118 induendum
2509 1076 2679 1119 sacra
2699 1057 2849 1119 stola
2866 1058 3234 1142 pontificem,
3268 1079 3405 1123 cum
3434 1063 3669 1127 sacrifi-

2003 1150 2246 1205 caturus
2276 1153 2386 1209 est.
2446 1144 2616 1219 Quod
2677 1148 2729 1208 si
2788 1147 3180 1227 sacrimemor
3239 1158 3333 1212 est
3358 1152 3664 1231 sacerdos,

2004 1231 2364 1309 nudo,utsic
2387 1234 2616 1317 loquar,
2644 1235 2888 1298 nomine
2912 1255 3082 1299 sacra
3109 1247 3423 1304 memorat.
3457 1242 3667 1323 Neque

2007 1321 2172 1381 enim
2203 1322 2256 1384 ei
2284 1322 2427 1386 licet
2454 1324 2516 1385 in
2548 1326 2982 1405 pontiﬁcalium
3031 1335 3521 1391 ornamentorum
3554 1321 3671 1392 mi-

2005 1409 2296 1487 nisteriis,
2349 1412 2595 1474 diaconi
2653 1415 2929 1477 ordinem
2961 1433 3226 1479 servare.
3262 1415 3417 1480 Sunt
3466 1426 3666 1480 autem

2001 1498 2326 1576 antistites,
2363 1501 2463 1583 qui
2487 1521 2595 1583 per
2624 1504 3024 1584 ignorantiam
3057 1507 3313 1587 scriptas
3333 1506 3667 1589 depositio-

2002 1605 2112 1648 nes
2141 1590 2404 1667 testium,
2432 1610 2562 1672 quae
2592 1592 2667 1655 de
2698 1593 2773 1655 iis
2800 1594 2971 1672 fiunt,
2999 1595 3100 1676 qui
3131 1596 3355 1658 sacrari
3383 1597 3588 1660 volunt
3621 1609 3666 1676 τ,

2001 1677 2386 1740 committunt
2422 1680 2857 1758 sacrimemori,
2921 1702 3034 1745 nec
3084 1683 3570 1748 animadvertunt
3599 1705 3666 1750 se

2000 1775 2206 1845 aperte
2235 1767 2520 1847 injuriam
2555 1771 2749 1832 facere
2781 1772 3247 1853 chartophylaci.
3280 1770 3475 1854 Hujus
3506 1775 3666 1838 enim

1939 1836 1978 1885 Β
2002 1836 2260 1917 cohaeret
2281 1836 2476 1919 ofﬁcio
2504 1859 2679 1921 etiam
2715 1861 2846 1922 talis
2890 1836 3208 1924 mixiisierii
3236 1836 3522 1944 potestas,
3546 1836 3669 1927 nec

1999 1943 2116 2004 allo
2148 1947 2323 2007 modo
2356 1966 2426 2010 ex
2457 1966 2531 2010 eo
2585 1950 2944 2031 concutitur,
3000 1950 3157 2013 sicut
3217 1943 3330 2015 nec
3360 1970 3667 2016 sacrarum

2001 2036 2434 2114 precationum.
2792 2045 2799 2049 ’

2081 2124 2380 2206 Interrog.
2412 2127 2504 2190 An
2535 2129 2711 2191 liceat
2733 2128 3004 2204 antistiti,
3026 2128 3488 2213 chartophylace
3517 2150 3664 2215 prte-

2004 2221 2172 2275 sente
2194 2225 2235 2287 ³,
2271 2215 2371 2276 alii
2427 2216 2615 2279 cuivis
2673 2218 3046 2279 committere
3093 2218 3184 2279 vel
3217 2219 3280 2279 in
3309 2228 3663 2303 perpetuum

2003 2300 2298 2380 sigillandi
2319 2330 2335 2368 t
2357 2314 2731 2384 potestatem,
2765 2308 2856 2368 vel
2889 2306 3076 2368 semel
3108 2309 3225 2369 hoc
3276 2300 3559 2372 faciendi.
3593 2313 3668 2373 Et

2000 2394 2168 2474 cujus
2200 2395 2420 2483 linguae
2436 2398 2514 2459 sit
2534 2398 2851 2460 domestici
2882 2399 3204 2479 appellatio
3232 2417 3244 2459 :
3275 2408 3333 2461 et
3355 2399 3417 2461 in
3447 2401 3666 2483 quibus
3710 2396 3713 2399 ’

2000 2482 2419 2548 ecclesiaSticis
2443 2487 2759 2549 ordinibus
2791 2497 3146 2569 potestatem
3171 2489 3408 2553 habeat.

2077 2660 2217 2726 Res.
2243 2664 2513 2744 Sigillare
2609 2685 2740 2747 quae
2772 2668 3154 2745 usuveniuut,
3184 2669 3662 2752 chartophylacis

1999 2750 2268 2830 dignitati
2295 2755 2720 2818 inviolabiliter
2752 2760 3111 2839 impressum
3145 2767 3236 2821 est
3268 2780 3283 2819 :
3315 2750 3493 2823 unde
3509 2779 3652 2842 prae'

1998 2852 2166 2903 sente
2196 2844 2318 2918 illo,
2382 2846 2545 2907 nullo
2579 2848 2753 2908 modo
2816 2848 2955 2910 licet
3003 2849 3252 2911 antistiti
3282 2850 3660 2914 committere

266 2939 409 3007 ὅλως
452 2943 531 3017 τῷ
558 2940 827 3022 ἀρχιερεῖ,
898 2941 1063 3022 ἑτέρῳ
1104 2941 1375 3000 ἀναθεῖναι
1431 2942 1727 3017 σημείωσιν
1772 2943 1920 2998 οἱαν-

2009 2932 2443 3029 aliiquamlibet
2464 2936 3005 3029 subsignationem:
3033 2939 3148 3000 nisi
3162 2950 3405 3021 propter
3418 2949 3659 3029 tongum

265 3029 474 3101 δήτινα,
526 3032 587 3089 Εἰ
643 3033 853 3107 μήποτε
905 3032 1113 3111 ἀνάγκη
1171 3032 1369 3111 ἐπείγει
1426 3029 1510 3087 διὰ
1566 3037 1771 3111 μακρᾶς
1801 3029 1920 3087 ὁδοῦ

2009 3027 2137 3096 iter,
2172 3032 2230 3083 et
2286 3041 2524 3085 causam
2578 3044 2646 3086 ex
2695 3027 2826 3088 loco
2886 3037 3318 3107 emergentem,
3363 3028 3493 3090 ﬁeri
3523 3047 3656 3090 eam

262 3120 502 3200 γενέσθαι
570 3122 886 3197 σημείωσιν,
955 3118 1040 3177 διά
1096 3143 1216 3179 τινα
1271 3123 1408 3178 κατὰ
1479 3120 1638 3177 εόπον
1667 3119 1920 3200 ἀντφυεῖ-

2009 3128 2253 3173 necesse
2275 3111 2370 3175 sit.
2407 3111 2575 3176 Tunc
2605 3115 2765 3176 enim
2798 3135 2977 3196 quem
3008 3102 3309 3195 delegerit
3335 3116 3657 3194 antistites,

264 3198 363 3268 σαν
411 3209 678 3273 ὑπόθεσιν,
734 3219 1034 3279 Τηνικαῦτα
1103 3210 1229 3289 γὰρ,
1323 3211 1380 3268 ὃν
1463 3209 1527 3266 ἃν
1583 3198 1860 3277 ἐκλέξηται
1890 3210 1919 3265 6

2009 3198 2133 3278 iure
2162 3218 2269 3261 suo
2295 3202 2506 3277 mittet,
2540 3205 2642 3284 qui
2701 3223 2939 3266 causam
2990 3205 3413 3267 observaturus
3465 3205 3563 3281 sit,
3602 3214 3662 3268 et

267 3299 569 3381 ἀρχιερεὺς,
680 3298 996 3359 ἀποστέλλει
1090 3298 1276 3374 δικαίῳ
1357 3303 1517 3359 αὐτοῦ
1616 3300 1920 3369 τηρήσοντα

262 3391 354 3448 καὶ
396 3391 825 3467 ημῖιωσόμενον
876 3393 977 3458 τὴν
1036 3390 1304 3451 ὑπόθεσιν.
1364 3394 1658 3453 Νοσοῦντος
1710 3387 1806 3464 μέν
1835 3410 1917 3444 τοι

262 3486 358 3538 τοῦ
385 3479 813 3561 χαρτοφύλακος,
855 3481 893 3549 ἢ
943 3477 1367 3559 ἀποδημοῦννος,
1427 3477 1539 3536 ἀντ’
1612 3478 1812 3535 ἐκείνου
1840 3484 1918 3552 τῷ

262 3570 814 3650 δπομνηματογράιρῳ
868 3570 1071 3627 ἀνεῖται
1122 3571 1158 3637 ἡ
1221 3566 1422 3632 ἔκθεσις
1473 3568 1563 3624 καὶ
1620 3567 1915 3645 ἀνάγνωσις

260 3660 371 3714 τῶν
419 3664 511 3715 τοῦ
566 3657 1029 3739 χαρτοφυλακικοῦ
1094 3657 1338 3738 σεκρέτου
1394 3658 1911 3733 ὑπομνηματισμῶν.

266 3737 331 3805 Ἠ
400 3752 494 3804 τοῦ
573 3737 885 3822 δομεστίκου
981 3745 1037 3803 δὲ
1119 3745 1445 3827 προσηγορία
1546 3745 1681 3802 κατὰ
1750 3744 1915 3800 Λατί-

263 3860 383 3902 νους
452 3838 543 3893 τὸν
593 3836 906 3919 ἐξάρχοντα,
959 3838 1050 3894 τὸν
1102 3839 1530 3917 προηφούμενον,
1561 3835 1652 3890 τὸν
1701 3833 1924 3890 ἐπιστά-

263 3949 365 3994 την
397 3922 579 3994 δηλοῖ.
635 3928 780 3985 Καθά
835 3925 902 3995 δή
944 3928 1033 3983 καί
1096 3927 1226 4006 παρὰ
1267 3939 1389 3989 ταῖς
1463 3922 1769 4001 βασιλικαῖς
1821 3944 1923 3979 τα-

264 4015 529 4097 ξιαρχίαις
590 4015 801 4096 λέγεται
859 4015 1169 4094 δομέστικος
1226 4015 1323 4071 ἀνά
1381 4014 1538 4095 μέρος
1608 4014 1695 4069 καὶ
1725 4012 1921 4068 ἀνατο-

262 4105 386 4178 λῆς,
421 4107 509 4163 καὶ
539 4103 759 4180 δύσεως,
790 4107 879 4163 καὶ
907 4105 1125 4186 σχολῶν
1160 4125 1173 4140 ’
1219 4105 1357 4162 κατά
1398 4107 1489 4160 τὸν
1539 4104 1693 4160 αὐτὸν
1724 4100 1789 4169 δὴ
1820 4100 1918 4157 λό-

261 4219 359 4275 γον
401 4196 498 4251 κὰν
528 4209 649 4262 ταῖς
710 4195 1183 4263 ἐκκλησιαστικαῖς
1240 4192 1416 4259 τάξεσι
1473 4189 1781 4269 δομὲστικος
1824 4189 1921 4246 λέ-

263 4307 444 4364 γεται,
489 4283 590 4342 εἴτ’
646 4286 734 4344 οὖν
787 4284 1030 4366 ἀρχῳδὸς
1087 4287 1177 4342 καί
1235 4283 1526 4350 ἐπιστάτης
1594 4282 1701 4339 τῶν
1783 4279 1921 4356 μελ-

263 4372 437 4448 ῳδιῶν
463 4396 521 4431 τε
548 4376 635 4432 καὶ
677 4382 785 4432 τῶν
855 4373 1128 4451 μελῳδῶν,
1189 4378 1281 4432 οἶα
1333 4375 1404 4438 εἷς
1450 4373 1640 4451 ῥυθμὸν
1670 4371 1758 4427 καὶ
1781 4368 1925 4435 τάξιν

2001 3288 2194 3368 sigillo
2217 3291 2561 3353 ﬁrmaturus
2581 3325 2625 3355 ν.
2651 3292 2992 3372 [Egrotante
3014 3313 3152 3355 vero
3176 3294 3654 3375 chartophylace,

2001 3388 2102 3440 aut
2146 3380 2411 3456 absente,
2471 3384 2865 3463 promulgatio
2911 3392 2970 3445 et
3040 3384 3215 3446 lectio
3277 3394 3654 3464 regestorum

1999 3470 2216 3531 secreti
2271 3472 2776 3553 chartnphylacici
2853 3473 3117 3535 actuario
3193 3476 3486 3554 permissa
3543 3483 3657 3542 est.

1997 3559 2323 3620 Domestici
2379 3573 2578 3621 autem
2624 3562 2966 3642 appellatio,
3029 3562 3359 3624 secundum
3394 3565 3657 3649 Latinos,

1999 3647 2212 3709 ducem
2247 3654 2289 3721 κ,
2322 3653 2731 3729 praapositum,
2769 3652 3110 3731 praefectum
3151 3653 3467 3730 signiﬁcat.
3499 3647 3659 3718 Sane

2000 3738 2499 3816 quemadmodum
2552 3740 2610 3800 in
2646 3741 3045 3819 imperatoriis
3098 3743 3374 3802 ordinem
3407 3746 3662 3822 praefec-

2008 3825 2156 3886 turis
2207 3826 2424 3887 dicitur
2483 3828 2843 3889 domesticus
2896 3829 2957 3890 in
3010 3828 3280 3909 partibus
3319 3831 3565 3892 orientis
3604 3841 3665 3892 et

2006 3914 2333 3976 occidentis
2360 3932 2404 3983 ι,
2435 3916 2575 3977 item
2611 3917 2947 3979 scholarum
2977 3936 2990 3980 :
3020 3918 3231 3979 eadem
3261 3919 3491 3979 ratione
3510 3927 3568 3982 et
3599 3920 3663 3982 in

2006 4004 2423 4066 ecclesiasticis
2504 4006 2816 4066 ordinibus
2885 4006 3248 4069 domesticus
3304 4008 3660 4087 appellatur,

2010 4092 2277 4155 videlicet
2334 4103 2685 4177 prwcentor,
2740 4106 2801 4159 et
2858 4104 3188 4158 cantuum:
3233 4108 3663 4179 cantorumque

2006 4184 2313 4264 praefectus
2349 4203 2362 4247 :
2420 4198 2483 4245 ut
2541 4186 2602 4245 in
2644 4205 2958 4248 numerum
2987 4196 3044 4247 et
3076 4186 3348 4248 ordinem
3378 4195 3495 4248 tam
3531 4207 3656 4263 eos,

2005 4292 2180 4353 quam
2217 4279 2521 4336 cautiones
2551 4295 2938 4356 componens.
2967 4278 3151 4356 idque
3181 4276 3376 4356 ipsum
3406 4285 3662 4357 potesta-

2006 4370 2126 4423 tem
2160 4362 2339 4425 habet
2377 4365 2437 4425 in
2467 4365 2897 4427 universalibns
2945 4365 3198 4444 vigiliisal
3226 4366 3663 4447 auspicationes

264 4467 526 4522 καθιστῶν
596 4466 784 4530 αὐτούς
839 4487 897 4522 τε
944 4467 1033 4523 καὶ
1086 4466 1154 4521 τὰ
1209 4461 1589 4539 μελῳδήματα,
1627 4458 1920 4539 Ἐνὲργειαν

2009 4451 2283 4530 faciendi,
2320 4453 2573 4517 dicendo
2602 4455 2673 4515 ad
2700 4455 3022 4516 antistitem
3056 4456 3143 4517 vel
3177 4463 3536 4536 praesentem
3565 4476 3662 4518 sa-

264 4551 322 4610 δέ
363 4550 503 4634 ἔχει,
552 4556 678 4612 αὐτό
734 4577 794 4612 τε
849 4565 1024 4635 τοῦτο,
1075 4556 1164 4612 καὶ
1232 4554 1294 4635 τὸ
1351 4552 1406 4609 ἐν
1460 4564 1582 4635 ταῖς
1611 4548 1923 4635 καθολικαῖς

263 4630 552 4716 παννῦχίσι
579 4636 680 4703 τὴς
723 4633 952 4715 ἐνάρξεις
1001 4630 1202 4710 ποιεῖν,
1234 4633 1290 4689 ἐν
1338 4636 1416 4707 τῷ
1485 4632 1747 4713 ἐκφωνεῖν
1793 4630 1924 4709 πρὸς

264 4726 359 4781 τὸν
388 4724 666 4806 ἀρχιερέα,
699 4725 737 4795 ἢ
765 4728 855 4783 τὸν
925 4726 1160 4807 παρόντα
1228 4722 1390 4803 ἱερέα,
1448 4723 1531 4801 τὸ,
1592 4719 1923 4799 Εὒλόγησον,

265 4811 521 4876 δέσποτα.
582 4817 645 4872 Αἱ
728 4822 968 4873 τοιαῦται
1028 4813 1085 4871 δὲ
1158 4808 1474 4892 παννυχίδες
1545 4810 1777 4888 γίνονται
1829 4807 1926 4884 μὲν

264 4903 357 4960 καὶ
386 4900 441 4958 ἐν
496 4901 682 4970 ἄλλοις
740 4917 973 4984 καιροῖς,
1033 4901 1308 4984 ἐξαιρέτως
1376 4898 1432 4957 δὲ
1488 4898 1545 4956 ἐν
1588 4911 1713 4964 ταῖς
1769 4896 1926 4954 πέντε

265 4989 493 5071 ἡμέραις
520 4995 619 5061 τῆς
676 4993 893 5074 πρώτης
947 4989 1234 5068 ἑϐδομάδος
1305 4989 1415 5048 τῶν
1446 5049 1453 5056 ,
1479 4992 1758 5057 νηστειῶν,
1791 4986 1928 5063 μετὰ

265 5080 370 5164 τὴν
416 5086 516 5149 τῆς
586 5084 876 5164 ἱερουργίας
958 5082 1064 5140 τῶν
1138 5077 1584 5161 προηγιασμένων
1642 5074 1923 5139 ἀπόλυσιν.

353 5161 463 5251 Ἐρ.
510 5172 588 5231 Τὰ
630 5161 930 5249 ἀντιμίνσια
986 5172 1075 5229 καὶ
1115 5172 1171 5229 ἒν
1242 5169 1445 5250 ἑτέραις
1488 5165 1587 5246 ἄρα
1642 5166 1924 5247 ἐπαρχίαις

268 5258 742 5341 παρῥησιάζονται,
788 5262 826 5331 ἢ
856 5260 911 5318 ἐν
980 5261 1121 5338 μόνη
1202 5264 1273 5336 τῇ
1327 5268 1420 5318 τοῦ
1487 5254 1923 5336 διενεργήσαντος

2007 4542 2624 4624 cerdotem,Benedic,
2650 4545 2915 4608 domine.
2942 4544 3107 4606 Talia
3128 4554 3328 4606 autem
3356 4545 3664 4625 pervigilia

2008 4634 2157 4694 fiunt
2187 4641 2244 4693 et
2271 4633 2403 4694 aliis
2429 4632 2670 4713 quidem
2707 4634 3098 4714 temporibus,
3132 4636 3239 4695 sed
3271 4634 3568 4715 praecipue
3598 4638 3663 4697 in

2007 4722 2269 4805 quinque
2320 4721 2535 4784 diebus
2587 4721 2794 4802 prima;
2849 4722 3237 4785 hebdomadis
3289 4722 3661 4802 jejuniorum

2008 4819 2142 4895 post
2207 4810 2621 4874 dimissionem
2696 4812 2971 4876 sacrificii
3023 4817 3050 4859 b
3129 4812 3656 4894 praesanctiticato-

2008 4919 2165 4965 rum.

2093 5157 2282 5227 Inter.
2314 5161 2687 5230 Antimensia
2712 5185 2789 5230 an
2818 5161 3007 5231 libere
3039 5164 3183 5230 fiant
3210 5182 3234 5212 ο
3268 5166 3330 5230 in
3358 5169 3493 5231 aliis
3517 5186 3658 5251 pro.-

2007 5249 2366 5331 vinciis;an
2400 5257 2460 5318 in
2512 5257 2638 5319 sola
2688 5258 2836 5337 ejus,
2895 5258 3000 5339 qui
3054 5276 3126 5321 ea
3155 5266 3436 5341 operatur
3454 5249 3663 5342 “,inon

1602 5422 1863 5490 VABLE
1904 5421 2339 5489 LECTIONES.

352 5604 380 5647 ιι
408 5567 535 5645 0αο
566 5585 734 5647 casu,
766 5570 944 5634 nulla
971 5571 1165 5637 locum
1193 5572 1369 5636 habet
1399 5568 1587 5643 ratio;
1612 5583 1738 5628 non
1765 5563 1987 5643 magis,
2018 5577 2199 5647 quam
2229 5577 2368 5624 vox.
2413 5599 2433 5630 τ
2461 5564 2798 5628 sacerdotes
2823 5565 2982 5645 ﬁeri.
3029 5602 3051 5635 ι
3072 5562 3264 5647 ρΙΤὶσὶο
3292 5563 3667 5628 chartularii

266 5640 394 5713 ιηοὴ
418 5640 675 5738 became
719 5640 731 5647 ’
768 5679 787 5716 ι
808 5654 1101 5735 signa“;
1129 5653 1224 5718 υει
1252 5651 1532 5716 ποταπαὶ,
1556 5640 1579 5738 _‘
1606 5684 1644 5738 n_
1665 5640 1909 5708 Nature.
1938 5640 2505 5738 “_v_subnotqtums.
2543 5731 2555 5738 _
2591 5675 2617 5706 ι
2641 5640 3003 5738 principem.
3049 5640 3250 5721 (idem,
3283 5647 3659 5738 pi'wfectum.

263 5740 292 5784 ι
318 5729 641 5814 εἱρίιζαιίπι
677 5740 804 5797 tum
833 5721 1110 5814 orientis,
1149 5743 1298 5801 tum.
1387 5729 1850 5814 {modulorum
1935 5721 2200 5814 ‘Mnnus
2228 5726 2361 5803 ejus
2389 5721 2665 5814 est,_tuni
2701 5727 2810 5791 hoc
2830 5721 3035 5814 ipsum,
3051 5742 3248 5805 agere,
3281 5721 3423 5814 iuni
3447 5728 3517 5814 in
3549 5744 3662 5806 ge-

266 5803 580 5878 neralibus
605 5816 973 5897 pervigiliis.
1060 5803 1246 5903 b'post
1275 5811 1707 5879 absolutionem
1734 5803 2230 5873 consecrationis.
2314 5852 2338 5884 ε
2366 5820 2449 5866 an
2480 5803 2666 5868 libere
2694 5803 3143 5890 percipiantur.

3251 5807 3544 5885 perfecit.
