4130 6432
566 372 687 441 975

1956 375 2089 442 JUS
2129 375 2574 443 CANONIGUM
3040 384 3057 397 '
3830 372 3897 453 ετ

566 516 736 576 extra
765 511 1150 597 provinciam.
1183 511 1255 575 Et
1274 512 1417 595 quid
1437 513 1551 576 hoc
1587 511 1790 577 Graece
1808 512 2123 592 signiﬁcet,
2155 521 2199 571 el

2296 515 2480 597 ⁴ταῦτα,
2515 511 2604 567 καὶ
2634 513 2694 569 οὗ
2722 510 2848 592 παρ’
2902 511 3128 593 ἇνορίαν.
3194 514 3292 571 Καὶ
3361 512 3411 570 τί
3479 510 3724 597 σημαίνει
3795 515 3880 568 τοῖ

566 601 866 682 quomodo
888 594 1417 685 ‘scribendumisit,
1450 622 1561 684 per
1587 604 1690 673 ἦτα
1710 621 1785 664 an
1819 620 1926 683 per
1954 603 2116 665 ἴῶτα,
2150 598 2215 663 Si

562 689 814 771 penuria
841 692 919 755 sit
946 691 1259 772 unguenti,
1317 710 1392 755 au
1422 692 1601 755 liceat
1628 690 1932 753 inventum
1959 707 2065 771 per
2094 689 2214 752 olei

564 778 907 844 mistionem
933 792 1175 860 augere.

641 868 824 951 Resp.
876 869 1247 933 Antimensia
1304 870 1745 934 sacriﬁcatoriaa
1793 868 2215 950 participantia

561 957 878 1035 facultatis,
940 978 1120 1041 quam
1169 972 1400 1040 septem
1458 960 1692 1023 dierum
1735 957 2213 1040 consequentia°

561 1048 1030 1112 consecrationis
1059 1051 1135 1112 d'e
1172 1068 1322 1112 novo
1356 1058 1793 1113 exstructorum
1827 1048 2211 1130 templorum,

558 1138 765 1219 posita
788 1139 851 1201 in
881 1158 954 1202 eo
984 1140 1176 1216 altari,
1209 1140 1367 1221 quod
1411 1140 1536 1204 illic
1565 1146 1678 1215 est,
1712 1156 1819 1221 per
1848 1135 2211 1200 sacriﬁcium

559 1226 812 1306 inducit,
873 1228 977 1292 ubi
1033 1230 1247 1292 borum
1303 1249 1445 1292 usus
1470 1237 1585 1305 est,
1618 1229 1751 1291 sine
1779 1227 2211 1309 impedimento

556 1315 1039 1380 distributionem
1070 1319 1390 1381 admittunt
1414 1328 1435 1382 :‘
1453 1337 1566 1381 nec
1587 1319 1702 1380 hac
1722 1317 1810 1379 vel
1835 1316 1937 1379 illa
1963 1315 2208 1398 provin-

564 1405 858 1487 cia,cujus'
880 1407 1223 1487 iurisdictio
1254 1408 1460 1490 [forte]
1484 1406 1784 1487 obtigerit,
1821 1404 2209 1469 circumscri-

558 1493 803 1561 buntur.
862 1495 1095 1559 Etenim
1155 1504 1321 1559 extra
1372 1496 1661 1559 terminos
1721 1496 1896 1571 facta,
1950 1495 2101 1558 sicut
2152 1499 2211 1555 et

554 1582 793 1647 sacium
850 1592 1243 1667 unguentum,
1303 1586 1536 1668 aliaque
1566 1594 1791 1663 sancta,
1824 1604 1997 1648 suum
2028 1601 2204 1646 usum

454 1670 461 1677 ’
557 1682 723 1737 extra
747 1677 1281 1757 reprehensionem
1339 1677 1582 1751 habent,
1638 1676 1830 1738 solum
1861 1680 2209 1738 consecrata

545 1763 716 1843 juxta
733 1762 970 1828 Patrum
994 1765 1070 1827 de
1110 1765 1205 1827 his
1229 1765 1476 1847 positam
1499 1762 1519 1805 τ
1539 1764 1945 1827 traditionem.
1979 1763 2204 1847 Appel-

554 1836 693 1916 latio
732 1863 931 1918 autem
970 1857 1101 1938 ipsa
1130 1836 1450 1917 deducitur
1470 1873 1504 1916 a
1535 1872 1762 1928 mensa,
1798 1854 1956 1936 quod
1986 1836 2205 1917 secun-
2227 1836 2268 1888 Β

550 1941 692 2005 dum
751 1943 989 2009 Graacos
1046 1944 1341 2024 signiﬁcat
1396 1943 1629 2006 lancem
1661 1956 1711 2020 ε,
1766 1957 1825 2005 et
1872 1942 2201 2005 secundum

549 2030 815 2095 Italicam
872 2033 1132 2114 linguam
1185 2032 1398 2095 venale
1482 2031 1896 2112 popinatorum
1952 2031 2201 2094 edulim.

550 2120 673 2184 Hac
704 2118 863 2186 enim
893 2125 1124 2186 ratione
1154 2131 1214 2184 et
1270 2123 1331 2183 in
1358 2121 1583 2184 mensis
1615 2121 1921 2201 eXplicatae
1949 2139 2200 2202 mappae,

546 2212 840 2275 mensalia
858 2212 1240 2289 dicuntur,ad
1267 2218 1539 2273 ornatum
1563 2218 1705 2291 puta
1726 2228 2187 2271 mensaemensa-

548 2318 805 2383 rumque
836 2301 1301 2383 posita.Vulgari
1328 2308 1525 2362 autem
1551 2317 1828 2361 sermone
1850 2298 2204 2361 antimensia

548 2389 923 2467 dicuntur,ut
951 2391 1011 2452 in
1053 2388 1426 2452 vestimentis
1456 2388 1738 2468 antipana
1757 2387 1805 2464 δ,
1843 2396 1899 2449 et
1919 2406 2204 2469 quaecun-

547 2498 663 2559 que
682 2480 756 2543 ab
782 2481 998 2543 eﬁ‘ectu
1034 2480 1210 2542 talem
1249 2478 1350 2539 iin
1381 2478 1471 2539 his
1500 2477 1962 2557 appellationem
1994 2475 2201 2538 sortita

545 2579 707 2632 sunt.
737 2574 878 2634 Haec
907 2581 1109 2633 autem
1135 2569 1197 2630 in
1228 2567 1449 2630 sanctis
1480 2566 1599 2627 illis
1622 2574 1921 2644 ponuntur
1948 2566 2194 2641 mensis,

549 2675 699 2738 quas
727 2659 1094 2722 consecratio
1140 2677 1259 2720 non
1311 2655 1720 2719 sanctiﬁcavit.
1755 2653 1902 2717 Nam
1935 2672 2005 2715 ex
2035 2654 2194 2716 anti-

548 2748 818 2829 mensiis,
853 2750 983 2829 ipsa
1010 2748 1184 2811 nobis
1214 2755 1563 2811 consecrata
1621 2762 1851 2821 mensa,
1887 2751 1947 2806 et
1975 2743 2197 2807 sacriﬁ-

548 2847 679 2901 cata
711 2839 951 2916 oblatio,
1000 2837 1535 2901 sanctiﬁcationem
1567 2842 1829 2896 sumunt.
1862 2831 2005 2907 Qua;
2033 2832 2193 2895 enim

549 2927 913 2990 sanctiﬁcata
942 2936 1051 3002 est,
1114 2945 1186 2989 ex
1232 2926 1430 3006 seipsa
1484 2923 1817 2986 sanctiﬁcat
1845 2922 2024 2998 dona,
2059 2941 2194 2984 cum

546 3030 658 3099 per
688 3036 754 3080 se
805 3026 923 3081 non
982 3018 1107 3081 sint
1163 3024 1387 3079 sencta.
1440 3014 1626 3095 quue
1657 3012 1969 3077 Dominica
1994 3031 2101 3073 vox
2132 3010 2194 3074 in

2300 589 2651 681 Ἐλληνικῶς,
2718 589 2810 658 καί
2872 589 3003 666 πῶς-
3030 600 3114 662 δεῖ
3154 603 3464 684 γράτρεσθαι,
3520 589 3594 659 ’δι’
3651 599 3757 668 ἦτα
3810 598 3848 667 ἢ

2294 689 2425 745 ἰῶτα
2452 708 2469 769 ;
2504 689 2564 747 ΕΙ
2591 689 2780 754 σπάνις
2823 688 2879 747 δέ
2903 689 3013 748 ἐστι
3045 693 3232 772 μύρου,
3271 689 3436 757 ἔξεστι
3478 710 3540 767 το
3573 687 3851 772 supth
3932 718 3943 739 ι

2294 772 2393 861 διὰΔ
2407 778 2671 855 μίγματος
2714 776 2890 855 ἐλαίου
2918 770 3271 848 πληθύνεσθαι
3292 798 3309 861 ;
3824 770 3830 785 Ἴ

2379 857 2504 928 ‘An.
2563 868 2640 927 Τά
2695 867 3017 951 ἀντιμίνσια,
3102 874 3201 937 τῆς
3285 857 3600 948 ἀγιαστιγῆς
3674 864 3855 941 atmiis;
3926 892 3939 925 ;

2293 956 2658 1037 μοτάσχοντα,
2704 958 2770 1026 ἢν
2828 961 3012 1023 αὐτοῖς
3046 961 3083 1029 ἡ
3136 963 3236 1028 τῆς
3293 958 3651 1037 καθιερώσεως
3881 972 3901 1011 ε
3918 984 3935 1007 κ

2294 1022 2412 1102 νέου
2469 1022 2892 1127 ’ἀνεγείρομένων
2944 1022 3083 1106 ναῶν
3156 1022 3452 1106 ἀκολουθία.
3488 1048 3525 1115 ἡ

2293 1133 2349 1190 ἒν
2377 1136 2455 1211 τῷ
2524 1134 2701 1194 ὲκετσε
2755 1139 3108 1217 θυσιαστηρίῳ
3170 1135 3452 1212 κειμένης,
3512 1135 3770 1215 ἱερουργία
3833 1134 3937 1210 ἐμ-

2292 1236 2463 1301 ποιεῖ,
2507 1223 2902 1303 ἀνεμποδίστως
2944 1229 3065 1285 ἔνθα
3110 1229 3146 1296 ἡ
3175 1228 3375 1286 τούτων
3426 1225 3621 1307 χρῆσίς
3677 1224 3788 1294 ἔστι
3816 1222 3939 1291 δια-

2291 1311 2484 1390 δόσιμα
2511 1315 2740 1393 γίνονται
2776 1332 2790 1346 '
2845 1317 2935 1374 καὶ
2990 1318 3050 1374 οὗ
3119 1317 3528 1397 περιγράφονται
3605 1315 3663 1372 tv
3872 1318 3943 1390 τῇ

2291 1404 2485 1482 ἓνορίᾳ,
2519 1403 2556 1472 ἢ
2598 1403 2655 1461 ἒν
2697 1404 2895 1483 ἐκείνῃ,
2969 1406 3107 1464 κατά
3158 1428 3277 1463 τινα
3330 1402 3679 1483 δικαιοδοσίαν
3730 1402 3943 1483 ἀνεφρ-

2288 1478 2643 1572 κλήρωμένην
2685 1478 2857 1573 αὐτῇ.-
2880 1478 3001 1554 γΚαὶ
3041 1496 3292 1577 ὑπερόρια
3345 1496 3446 1575 γὰρ
3501 1478 3774 1574 γινόμενα,
3805 1478 3944 1563 καρὰ

2287 1579 2352 1653 δή
2379 1583 2557 1640 καὶτὸ
2603 1586 2748 1642 θετον
2798 1587 2985 1666 μύρον,
3055 1586 3143 1643 καὶ
3198 1582 3334 1642 ἀλλά
3390 1583 3551 1666 ἅγια,
3596 1604 3696 1651 την
3736 1583 3943 1642 ἑαυτῶν

2286 1675 2485 1751 χρῆσιν
2564 1672 2941 1749 ἀνεπιτίμητον
3023 1672 3234 1755 ἔχουσι,
3316 1674 3478 1751 μόνον
3538 1672 3941 1752 ἱερουργηθέντα

2287 1761 2424 1818 κατά
2476 1760 2577 1842 τὴν
2625 1761 2875 1837 κειμένην
2930 1763 3049 1842 περὶ
3115 1771 3314 1823 τοῦτων
3370 1767 3475 1820 τῶν
3531 1760 3782 1840 Πατέρων
3827 1783 3940 1829 πα-

2289 1847 2520 1933 ράδοσιν,
2557 1841 2619 1908 Ἠ
2647 1852 2975 1933 προσηγορία
3005 1841 3082 1908 δὲ
3133 1849 3267 1919 αὕτη
3336 1842 3630 1932 παράγεται
3686 1852 3792 1919 ἀπὸ
3846 1850 3942 1908 τοῦ

2288 1928 2615 2021 μίνσου,’τοῦ
2642 1928 2759 1999 καθ’
2792 1928 3072 2008 ’Ἓλληνας
3103 1941 3200 2017 μὲν
3250 1941 3313 1999 τὸ
3381 1928 3572 2000 κανοῦν
3625 1938 3935 2015 δηλοῦντος,

2281 2027 2418 2083 κατά
2486 2025 2541 2083 δὲ
2594 2028 2691 2095 τὴν
2735 2025 2947 2096 Ἰταλην
2974 2026 3220 2108 γλῶσσαν
3260 2029 3321 2085 τὸ
3377 2029 3928 2107 πεπραγματευμένον

2284 2129 2402 2180 τοῖς
2432 2116 2719 2192 ὀψοποιοῖς
2762 2114 2998 2179 ἒδεστόν.
3060 2119 3209 2177 Κατά
3262 2124 3418 2175 τοῦτο
3475 2118 3575 2198 γὰρ
3629 2119 3718 2176 καὶ
3775 2119 3841 2176 τὰ
3882 2118 3936 2176 ἔν

2285 2219 2406 2273 ταῖς
2459 2206 2743 2285 τραπέζαις
2824 2207 3197 2289 εφαπλουμενα
3271 2208 3476 2283 ὀθόνια,
3535 2207 3785 2285 μινσάλια
3839 2209 3939 2267 λέ-

2286 2317 2489 2375 γονται,
2524 2299 2617 2353 οἷα
2646 2298 2776 2377 πρὸς
2818 2297 3021 2374 κόσμον
3075 2302 3175 2365 τῆς
3219 2298 3483 2378 τραπέζης
3541 2300 3629 2356 καὶ
3674 2301 3779 2367 τῶν
3809 2300 3937 2376 μίν-

2284 2406 2391 2440 σων
2448 2384 2709 2461 τιθέμενα.
2768 2387 2919 2445 Κατά
2976 2385 3297 2454 κοινολεξίαν
3356 2385 3411 2444 δέ
3481 2389 3782 2465 ἀντιμίνσια
3834 2388 3936 2447 λέ-

2282 2495 2488 2553 γονται,
2516 2473 2695 2548 ὥσπερ
2744 2477 2800 2531 ἒν
2864 2489 2982 2540 τοῖς
3041 2478 3354 2553 ἰματισμοέῑς
3410 2478 3478 2547 τὰ
3534 2477 3812 2551 ἀντίπανα,
3848 2481 3938 2539 καὶ

2279 2561 2379 2618 ὅσα
2422 2561 2482 2619 ὲκ
2509 2568 2609 2630 τῆς
2651 2565 2787 2620 κατά
2854 2563 3142 2622 ἀνάκλασιν
3210 2566 3473 2645 ἒνεργείας
3528 2567 3629 2635 τὴν
3682 2568 3938 2639 τοιᾳύῖην

2275 2653 2332 2709 ἒν
2386 2651 2589 2715 τούτοις
2657 2654 3012 2733 προσηγορίαν
3062 2652 3368 2735 εἰλήχασιν.
3430 2646 3518 2715 Ἐν
3599 2656 3825 2722 ἐκείναις
3882 2655 3938 2714 δὲ

2278 2753 2401 2805 ταῖς
2467 2742 2641 2818 ἁγίαις
2689 2744 2971 2822 τραπέζαις
3029 2749 3196 2801 ταῦτα
3248 2744 3501 2820 τίθενται,
3557 2744 3619 2811 ἃς
3673 2746 3937 2827 καθιέρω-

2278 2850 2360 2895 σις
2390 2830 2491 2911 οὐχ
2534 2828 2771 2905 ἧγίοσεν.
2819 2829 2914 2891 Ἐκ
2983 2833 3091 2889 τῶν
3142 2832 3481 2910 ἀντιμινσίων
3539 2835 3640 2915 γὰρ
3697 2837 3831 2908 αὐτή
3875 2858 3933 2893 τε

2276 2920 2414 2995 ἡμῖν
2443 2922 2819 2999 καθιερωθετσα
2863 2922 3094 3000 τράπεζα
3140 2923 3227 2994 καὶ
3282 2924 3687 3003 ἱερουργουμένῃ
3755 2946 3934 3003 προσ·-

2277 3008 2410 3088 φορᾲ
2454 3006 2783 3084 λαμϐάνουσι
2853 3012 2945 3068 τὸν
2999 3011 3284 3091 ἁγιασμόν,
3349 3002 3413 3069 Ἠ
3482 3014 3582 3093 γὰρ
3630 3034 3713 3083 τοι
3765 3002 3932 3095 ἁγια-

542 3096 880 3188 Evangeliis
914 3115 1199 3183 testatur,
1258 3106 1487 3186 majora
1527 3103 1701 3165 donis
1728 3111 1786 3164 et
1813 3119 1958 3164 auro
1989 3101 2197 3164 dicens

2283 3100 2487 3188 τιθεῖσα,
2518 3096 2609 3178 ἀφ’
2639 3099 2832 3188 ἑαυτῆς
2861 3100 3065 3179 ἁγιάζει
3112 3098 3176 3170 τὸ
3218 3098 3380 3180 δῶρα.
3437 3102 3509 3160 Οῦ
3579 3103 3679 3182 γὰρ
3721 3102 3934 3163 οἴκοθέν

540 3199 726 3261 altare
787 3206 846 3260 et
897 3197 1212 3277 templum,
1274 3204 1338 3256 ut
1393 3212 1511 3255 uno
1572 3190 1815 3273 quidem
1873 3190 2053 3266 dona,
2114 3190 2199 3255 al-

540 3294 669 3349 tero
729 3295 930 3350 autem
980 3293 1189 3349 aurum
1256 3282 1684 3347 sanctiﬁcante.
1720 3279 1783 3343 Si
1844 3279 2027 3358 igitur
2074 3299 2195 3342 non

536 3376 875 3439 dedicatum
933 3384 1024 3438 est
1083 3374 1393 3456 templum,
1428 3372 1584 3454 quod
1617 3370 1673 3432 ei
1703 3370 1893 3444 deest,
1925 3370 2191 3432 sanctiﬁ-

540 3466 764 3528 catoria
812 3465 1160 3528 antimensii
1213 3464 1302 3526 vis
1359 3462 1588 3543 implet.
1653 3458 1913 3541 Ideoque
1962 3458 2025 3519 in
2075 3477 2194 3521 non

538 3564 886 3618 consecrato
939 3554 1163 3635 templo
1221 3551 1575 3615 sacriﬁcium
1634 3549 1767 3610 sine
1832 3547 2193 3610 antimensio

533 3646 730 3707 fadere
765 3662 1071 3726 nunquam
1101 3643 1265 3704 licet.
1293 3640 1562 3714 Quonam
1598 3638 1756 3700 enim
1794 3636 1986 3726 modo
2011 3636 2194 3699 altare

537 3724 932 3796 san‘ctiﬁcabit
961 3733 1210 3807 donum,
1235 3732 1287 3793 si
1330 3728 1660 3793 sanctitatis
1692 3746 1809 3788 non
1838 3724 2018 3787 fuerit
2047 3745 2190 3807 par-

530 3823 775 3905 ticeps?
833 3823 906 3885 Et
955 3820 1253 3885 sacerdoti
1284 3820 1387 3901 qui
1422 3821 1534 3880 hoc
1563 3835 1743 3905 ausus
1776 3814 1980 3905 fuerit,
2019 3834 2192 3895 poena

531 3904 994 3994 eritdepositio.
1053 3914 1166 3973 Per
1227 3911 1345 3971 iota
1373 3918 1572 3970 autem
1605 3904 1910 3994 scribitur,
1948 3913 2191 3994 propter

528 3992 943 4081 gentilitatem,
1002 4016 1139 4061 nam
1189 3999 1361 4079 juxta
1424 3993 1867 4077 grammaticam
1894 3992 2182 4071 regulam,

526 4089 824 4168 gentilitia
880 4108 1077 4171 neque
1131 4089 1553 4170 productiones
1598 4088 1639 4164 J,
1699 4100 1898 4162 neque
1953 4082 2188 4171 regulas

533 4177 778 4243 habent.
809 4170 1019 4242 Solent
1045 4186 1243 4239 autem
1270 4173 1641 4255 grammatici
1674 4190 1778 4253 per
1809 4171 1927 4231 iota
1952 4177 2011 4233 et
2037 4170 2180 4232 omi-

2279 3186 2408 3243 εἰσιν
2450 3186 2603 3266 ἅγια.
2636 3187 2737 3247 Καὶ
2762 3198 2918 3248 τοῦτο
2972 3188 3027 3248 ἐν
3078 3202 3198 3259 τοῖς
3258 3189 3599 3269 Εὗαγγελίοις
3627 3193 3663 3261 ἡ
3712 3203 3927 3267 Δεσπο-

2278 3277 2402 3346 τικὴ
2455 3279 2605 3358 φωνὴ
2662 3292 2939 3360 μαρτυρεῖ,
2997 3279 3211 3357 μείζονα
3277 3286 3386 3337 τῶν
3453 3279 3632 3361 δώρων
3700 3281 3935 3363 λέγουσα

2276 3368 2479 3427 καὶτοῦ
2510 3374 2729 3448 χρυσοῦ,
2782 3369 2844 3426 τὰ
2895 3371 3287 3451 θυσιαστήριον,
3358 3372 3446 3443 καὶ
3498 3374 3592 3428 τὸν
3644 3372 3771 3431 ναόν
3804 3394 3819 3406 ·
3853 3376 3931 3441 ὡς

2276 3467 2370 3518 τοῦ
2421 3458 2516 3534 μὲν
2572 3459 2639 3530 τὰ
2692 3456 2857 3539 δῶρα,
2913 3466 3006 3518 τοῦ
3061 3457 3117 3517 δὲ
3172 3461 3263 3518 τὸν
3333 3461 3533 3542 χρυσὸν
3589 3462 3926 3541 ἀγιάζοντος.

2274 3548 2334 3604 Εἰ
2363 3554 2488 3626 γοῦν
2518 3546 2869 3626 ἀκαθιέρωτός
2917 3547 3055 3606 ἐστιν
3110 3550 3140 3605 ὁ
3169 3549 3316 3623 ναὸς,
3351 3550 3412 3606 τὸ
3466 3549 3749 3617 ἐλλεῖπον
3795 3555 3927 3611 τού-

2271 3657 2363 3718 του
2388 3634 2691 3714 ἀναπληροῖ
2743 3639 2779 3706 ἡ
2838 3638 3123 3716 ἁγιαστικὴ
3179 3637 3272 3695 τοῦ
3325 3638 3650 3715 ἀντιμινσίου
3678 3638 3924 3718 δύναμις,

2276 3714 2442 3784 υΟθεν
2473 3724 2588 3782 οὖδέ
2616 3723 2812 3791 ’έξεστιν
2880 3714 2937 3784 έν
2991 3727 3331 3806 ἀκαθιερὼτῳ
3398 3714 3509 3804 ναῷ
3550 3731 3717 3810 χωρὶς
3779 3714 3927 3788 ἄντι-

2273 3815 2479 3889 μινσίου
2530 3816 2818 3895 ἱερουργίαν
2867 3816 3107 3896 γενέσθαι
3165 3815 3316 3877 ποτέ.
3390 3818 3513 3893 Πῶς
3566 3820 3667 3899 γὰρ
3736 3820 3798 3877 τὸ
3826 3824 3924 3878 θυ-

2271 3905 2578 3982 σιαστήριον
2610 3906 2819 3983 ἀγιάσει
2873 3908 2936 3963 τὸ
2990 3904 3176 3986 δῶρον,
3239 3906 3318 3984 μὴ
3360 3910 3634 3987 μετασχὸν
3690 3909 3920 3988 ἁγιότη-

2267 4015 2357 4057 τος
2389 4012 2406 4073 ;
2444 3995 2542 4052 Καὶ
2568 4000 2646 4069 τῷ
2672 3993 3001 4071 τολμήσαντι
3061 4005 3214 4054 τοῦτο
3269 3997 3403 4074 ἱερεῖ
3458 3996 3749 4076 πρόστιμόν
3779 3998 3922 4055 ἐστιν

2266 4083 2301 4150 ἡ
2363 4082 2682 4163 καθαίρεσις.
2743 4081 2825 4140 Δι’
2881 4086 3011 4141 ἰῶτα
3066 4083 3121 4142 δὲ
3163 4084 3418 4165 γράφεται
3461 4074 3547 4158 διᾲ
3573 4084 3635 4142 τὸ
3690 4086 3917 4161 ἐθνικόν.

2266 4172 2343 4231 Τὰ
2370 4172 2470 4251 γὰρ
2511 4171 2717 4253 ὶθνικὰ,
2792 4174 2928 4234 κατὰ
2981 4175 3072 4231 τὸν
3126 4174 3495 4252 γραμματικὸν
3554 4175 3749 4247 κανόνα
3799 4176 3919 4235 οὔτε

528 4278 675 4328 cron
729 4276 788 4331 et
838 4268 1066 4348 epsilon
1099 4265 1427 4347 gentilitias
1460 4282 1632 4325 voces
1677 4259 1972 4323 scribere.
2007 4258 2181 4321 Nullo

2283 4263 2613 4342 παραγωγὰς,
2665 4261 2782 4320 οὔτε
2843 4263 3065 4328 κανόνας
3117 4262 3328 4347 ἔχουσιν
3361 4282 3378 4300 ο
3440 4263 3664 4333 εἴθισται
3709 4264 3766 4323 δὲ
3795 4282 3915 4333 τοῖς

524 4364 721 4417 autem
779 4357 957 4419 modo
1014 4363 1323 4437 receptum
1383 4362 1472 4417 est
1529 4360 1592 4413 ιιι
1620 4351 1794 4412 aliter
1823 4348 2182 4411 antimensia

2283 4364 2656 4429 mappa-uxor;
2685 4348 2753 4408 δι’
2801 4355 2932 4409 ἱῶτα
2960 4354 3050 4411 καὶ
3079 4375 3107 4411 0
3176 4354 3368 4434 μικροῦ
3420 4354 3508 4425 καὶ
3536 4375 3562 4410 ε
3632 4353 3790 4432 ψιλοῦ
3817 4356 3914 4422 τὰς

519 4443 667 4509 ﬁant
712 4447 764 4520 κ,
819 4464 996 4527 quam
1051 4444 1115 4505 in
1171 4443 1306 4505 novi
1361 4442 1569 4523 templi
1614 4439 2012 4502 dedicatione.
2046 4437 2199 4502 Nec]

2283 4439 2455 4527 Βνικάς
2510 4442 2687 4521 φωνὰς
2730 4441 3041 4522 γράφεσθαι.
3087 4442 3194 4501 Οῦκ
3247 4438 3365 4522 ἔχει
3446 4440 3500 4499 δὲ
3556 4444 3741 4525 χώραν
3771 4444 3911 4512 ὅλως

518 4525 1128 4616 animadvertunt,qui
1156 4534 1272 4596 alio
1304 4533 1481 4595 modo
1506 4548 1712 4593 eorum
1742 4527 2174 4590 confectionem

2283 4525 2376 4586 110’
2407 4526 2580 4608 ἕτερον
2630 4531 2824 4611 τρόπον
2894 4530 3016 4588 ἄνευ
3071 4532 3433 4612 καθιερώσεως
3511 4532 3626 4590 νέου
3694 4541 3820 4592 ναοῦ
3847 4536 3911 4592 τὸ

518 4625 825 4702 innovant,
862 4644 925 4688 se
957 4612 1309 4688 traditiones
1339 4620 1777 4685 ecclesiasticas
1814 4618 2169 4693 transgredi,

2283 4618 2487 4675 νίνεσθαι
2542 4618 2845 4696 ἀντιμίνσια
2879 4637 2895 4654 ⁶
2957 4622 3048 4680 καὶ
3131 4618 3472 4679 λανθάνουσιν
3551 4612 3768 4688 ἑαυτοῦς
3859 4627 3909 4682 οἱ

517 4721 576 4776 et
606 4715 763 4776 dona
794 4726 915 4778 non
946 4711 1525 4795 don'a,necjuvantia
1547 4717 1633 4786 (ut
1659 4707 1762 4770 ille
1790 4706 1891 4779 ait)
1926 4706 2168 4796 offerre.

2283 4704 2599 4784 ιλλοτρόπως
2681 4719 3119 4786 καινοτομοῦντες
3196 4711 3297 4778 τὴν
3379 4710 3580 4790 τούτων
3656 4702 3904 4796 ποίησιν,

512 4801 638 4866 Nec
696 4804 844 4866 illud
896 4793 1424 4879 considerandum,
1487 4818 1562 4862 an
1610 4799 1685 4861 de
1720 4814 1871 4858 novo
1901 4795 2078 4857 simul
2111 4804 2170 4858 et

2283 4793 2560 4876 :upaGéuc
2624 4799 2899 4864 ποιοῦντες
2988 4802 3092 4857 τῶν
3163 4799 3622 4871 ἐκκλησιαστικῶν
3675 4793 3908 4881 παραδόέ

511 4901 787 4955 recenter
811 4892 1163 4956 aediﬁcatum
1187 4891 1264 4953 sit
1292 4890 1677 4970 templum,ut
1704 4886 1836 4966 ejus
1870 4883 2165 4947 dedicatio

2283 4905 2382 4941 εων
2414 4933 2432 4961 ,
2479 4887 2566 4943 καὶ
2608 4886 2784 4969 ἄδωρα
2813 4886 2954 4969 δῶρα
3023 4889 3113 4949 καὶ
3167 4893 3265 4950 οὐκ
3317 4889 3571 4965 ὀνήσιμα,
3633 4891 3769 4949 κατὰ
3810 4895 3905 4951 τὸν

515 4980 637 5043 ﬁat.
671 4981 795 5043 Etsi
823 4981 984 5045 enim
1016 4981 1176 5064 quod
1208 4980 1365 5061 piam
1401 4981 1524 5059 jam
1557 4975 1787 5059 pridem
1810 4972 2161 5035 aedificatum

2283 4975 2483 5064 ἰπόντα,
2515 4977 2892 5057 προσάγοντες.
2938 4979 3048 5037 Οὔκ
3113 4977 3331 5059 ἐφιστᾷν
3358 4978 3414 5064 δὲ
3467 4979 3578 5060 χρῇ
3607 4981 3653 5038 εἰ
3772 5004 3902 5064 και-

511 5071 871 5151 reperiatur,
932 5052 1090 5152 quod
1121 5052 1635 5132 consecrationem
1689 5083 1810 5126 non
1839 5064 2160 5153 acceperit,

2283 5068 2342 5132 ἧς
2369 5061 2482 5140 ἅμα
2544 5052 2633 5123 καὶ
2688 5052 3005 5148 προσφάτως
3075 5052 3245 5127 ἐστὶν
3283 5052 3676 5150 ἂνγηγερμένρς
3740 5052 3897 5153 (ναῦς,

512 5150 668 5221 hanc
695 5150 1024 5221 merebitur
1052 5156 1608 5237 sanctiﬁcationem,
1626 5161 1829 5244 utpote
1848 5150 2009 5244 quod
2030 5170 2160 5244 eam

2283 5177 2336 5212 να
2379 5156 2564 5213 τούτου
2634 5158 2942 5239 καθιέρωσις
2998 5160 3220 5241 γένηται
3253 5176 3269 5191 ⁸
3316 5152 3435 5241 ἀλλ’
3486 5152 3539 5218 εἰ
3605 5163 3696 5231 καὶ
3750 5150 3898 5244 εὖρίέ

510 5246 640 5307 sine
694 5248 1164 5328 reprehensione
1241 5246 1547 5328 suscipere
1616 5243 1819 5337 possit.
1882 5239 2053 5337 Quod
2110 5240 2162 5304 si

2283 5245 2619 5337 “tutaretur.
2679 5236 2879 5306 πολλοῦ
3085 5236 3535 5332 ἀνεγηγερμένος,
3579 5236 3894 5337 καθιέρῳσιν

498 5327 789 5415 unguenti
817 5337 897 5400 sit
941 5338 1261 5418 paucitasIIII
1306 5336 1368 5397 in
1394 5327 1607 5398 9’sacris
1637 5327 2030 5413 baptismatis,
2057 5342 2161 5393 aut

2328 5334 2407 5410 μὴ
2434 5331 2735 5414 δεξάμενος,
2777 5339 2877 5405 τῆς
2921 5327 3205 5417 ἁγιστείας
3257 5327 3453 5409 ταῦτης
3509 5342 3597 5398 καὶ
3651 5342 3681 5399 ὁ
3707 5327 3892 5402 τοιοῦ-

1817 5508 2073 5603 ἾΑΒΙᾸΕ
2115 5507 2434 5577 LECTION
2437 5514 2551 5580 ES.

582 5676 607 5709 ο
633 5650 839 5714 series.
925 5659 947 5704 ι
974 5650 1222 5730 latam,
1272 5661 1302 5704 ε
1328 5647 1690 5730 canistrum.
1776 5639 2176 5730 {antipannt
2244 5645 2324 5709 ία
2355 5649 2419 5730 υἱ
2445 5650 2806 5730 reﬂect-iouis
2832 5650 3035 5717 tam,
3087 5648 3547 5719 ιάεάαοεεοηα,
3631 5646 3661 5695 ι
3686 5652 3888 5723 ιωωη

484 5729 700 5805 'habct,
733 5738 807 5794 ut
833 5730 1060 5809 absque
1081 5729 1225 5792 novi
1251 5727 1455 5808 templi
1483 5725 1933 5790 cmzsecratione
1962 5731 2328 5817 ειηιίηιεκδῑα
2356 5725 2535 5810 ﬁant.
2621 5732 2634 5774 ¹
2659 5732 2863 5797 utilia.
2948 5758 2987 5789 ιιι
3017 5736 3245 5815 inopia,
3836 5746 3841 5749 '
