4130 6440
516 422 636 493 979

1902 428 2036 493 JUS
2077 425 2528 494 CANONIGUM

3790 419 3905 487 θίν’

515 565 705 647 priori
736 567 1041 632 servitutis
1076 566 1276 631 ordini
1314 566 1535 630 iterum
1563 565 1799 628 restitui
1827 563 2123 628 deﬁniunt
2157 580 2170 619 :

2258 560 2315 635 ἢ,
2361 562 2424 618 τὸ
2453 569 2661 638 μεῖζον,
2694 564 2769 627 εἰς
2809 564 2901 621 τὸν
2945 562 3296 620 ὲπισκοπικὸν
3328 558 3654 643 ἀναχθέντας
3683 560 3744 636 βο

513 656 668 720 nihil
700 657 985 720 videlicet
1012 657 1247 738 adjutos
1277 676 1352 720 ex
1380 657 1560 738 hujus
1592 655 1755 718 modi
1785 649 2173 718 ordinationi-

514 744 651 826 bus,
679 756 778 810 aut
812 746 1022 811 habitu
1053 746 1407 822 monastico,
1443 747 1516 809 ad
1566 744 1863 807 vitandam
1913 742 2173 806 servitu-

516 842 663 899 tem.
695 837 912 899 Servos
932 845 1127 898 autem
1179 835 1310 897 ﬁeri
1325 835 1543 916 jubent
1568 855 1596 885 ιι
1624 832 1875 913 liberos,
1908 832 2007 914 qui
2040 848 2175 893 ser-

516 924 727 989 vilibus
781 925 1054 1007 personis
1131 933 1271 987 sunt
1348 923 1675 1006 conjuncti,
1728 942 1861 985 cum
1922 938 2178 1003 persona

512 1013 791 1077 libertate
839 1024 1049 1078 ornata
1093 1034 1214 1076 non
1246 1022 1445 1095 potest
1487 1013 1849 1076 solutionem
1880 1010 2177 1093 spondere

514 1103 717 1184 pretii,
753 1124 869 1185 quo
904 1105 1172 1185 subjecta
1204 1103 1469 1165 servituti
1520 1121 1656 1183 pars
1686 1102 1758 1164 ab
1791 1120 1862 1165 ea
1903 1103 1964 1163 in
1987 1102 2174 1165 liber-

513 1200 694 1255 tatem
729 1192 1316 1256 absolvaturJtidem
1337 1192 1396 1253 in
1421 1192 1766 1254 servitutem
1792 1191 1982 1270 redigi
1999 1193 2175 1252 etiam

511 1281 786 1344 libertate
816 1282 1061 1363 quidem
1113 1282 1389 1343 donatam
1418 1280 1650 1362 partem
1673 1300 1706 1341 a
1737 1280 1979 1342 domino
2009 1279 2173 1359 (cum

512 1370 797 1434 videlicet
824 1373 996 1434 ambo
1025 1372 1180 1433 servi
1212 1373 1464 1451 essent),
1500 1372 1603 1433 sed
1628 1389 1759 1451 quae
1780 1376 2005 1451 partem
2034 1369 2176 1431 reli-

514 1466 669 1522 ctam
696 1460 1094 1537 sollicitando,
1124 1461 1501 1524 occasionem
1531 1460 1787 1541 propriae
1802 1459 2175 1522 remissionis

514 1559 708 1611 sumat
737 1550 815 1613 ad
847 1569 1019 1613 suum
1049 1550 1181 1612 vita;
1210 1559 1422 1613 statum
1456 1551 1840 1612 evertendum
1875 1559 1919 1611 ν.
1969 1547 2175 1628 Neque

513 1639 704 1701 solum
739 1658 807 1701 ex
863 1641 974 1702 hac
1021 1640 1378 1721 procacitate
1434 1638 1584 1701 nihil
1645 1639 1904 1713 efﬁcere,
1962 1647 2026 1698 ut
2054 1638 2168 1698 vim

512 1727 730 1790 habeat
760 1728 833 1789 ad
891 1728 1270 1791 tribuendam
1322 1728 1495 1789 alteri
1527 1727 1998 1801 libertatem,sed
2032 1746 2167 1787 eum

2256 649 2415 707 πάλιν
2460 653 2530 718 είς
2586 651 2683 720 τὴν
2732 651 2987 733 προτέραν
3053 657 3151 719 τῆς
3208 649 3440 716 δουλείας
3493 647 3639 715 τάξιν
3667 648 3768 705 ἆπι

2258 739 2493 799 ίστασθαι
2522 740 2829 820 διορίζονται
2868 791 2881 804 .
2944 739 3114 819 μηδὲν
3171 738 3375 808 δηλαδὴ
3420 739 3481 796 ἐκ
3520 741 3625 795 τῶν
3653 759 3765 794 τοιο

2257 836 2625 911 χειροτονιῶν,
2670 832 2707 900 ἣ
2751 839 2846 890 τοῦ
2873 829 3156 907 μοναδικοῦ
3225 831 3534 911 σχήματος,
3594 829 3667 893 εἷς
3697 827 3760 883 ἀτ

2258 922 2360 998 γὴν
2419 926 2517 988 τῆς
2587 918 2820 986 δουλείας
2876 919 3282 998 βοηθουμένους.
3347 918 3660 977 Δουλοὺσθαι
3699 913 3752 972 δὲ

2257 1011 2556 1071 κελεύονται
2603 1015 2690 1071 καὶ
2744 1015 2866 1079 τοὺς
2931 1013 3353 1089 συναπτομένους
3396 1010 3691 1091 ἐλευθέρους
3760 1031 3789 1065 ο

2254 1116 2429 1168 τικοϊς
2472 1104 2795 1183 προσώποις,
2842 1103 2973 1161 ἐπὰν
3004 1104 3080 1179 μὴ
3138 1102 3355 1169 δύνηται
3423 1103 3486 1157 τὸ
3529 1099 3788 1178 ἐλευθερίᾳ

2256 1194 2504 1268 μώμενον
2573 1194 2854 1273 πρόσωπον
2918 1190 3221 1261 καταϐολὴν
3271 1188 3738 1271 προσομολογῆσαι
3809 1209 3839 1242 τ

2257 1284 2528 1357 μήματος,
2563 1281 2629 1338 δι’
2701 1283 2761 1340 οὗ
2817 1280 3206 1357 ἀπολελυμένον
3261 1286 3360 1348 τῆν
3431 1278 3664 1361 δουλείας
3714 1278 3777 1333 τὸ
3810 1277 3876 1332 ὒτ.

2256 1375 2420 1438 αὐτῆς
2494 1373 2853 1451 κατεχόμενον
2938 1371 3093 1450 μέρος
3160 1377 3230 1448 τῇ
3285 1369 3545 1449 ἓλευθερίᾳ
3599 1368 3889 1446 γενήσεται.

2259 1451 2526 1525 Ὡσαύτως
2584 1460 2887 1520 δουλοῦσθαι
2946 1461 3031 1518 καὶ
3086 1462 3147 1517 τὸ
3202 1458 3489 1537 ἐλευθερίας
3560 1458 3658 1533 μὲν
3688 1454 3899 1521 ἀξιωθέν

2252 1551 2392 1628 παρᾶ
2450 1557 2542 1606 τοῦ
2600 1549 2854 1608 δεσπότου
2919 1549 3075 1629 μέρος
3143 1549 3476 1629 (ἀμφοτέρων
3551 1542 3754 1614 δηλαδὴ
3812 1542 3898 1600 ὅν-

2251 1661 2355 1695 των
2387 1638 2632 1719 δούλων),
2668 1640 2909 1720 ἀφορμὴν
2966 1636 3022 1694 δὲ
3087 1640 3148 1695 τὸ
3205 1638 3403 1694 οἰκεῖον
3461 1636 3772 1711 ποιούμενον
3800 1630 3897 1689 ἄν·

2251 1749 2389 1802 ετον,
2435 1731 2564 1809 πρὸς
2595 1731 2656 1785 τὸ
2687 1727 2823 1786 ἴδιον
2854 1733 3048 1809 σχῆμα
3077 1736 3170 1787 τοῦ
3197 1727 3309 1804 βίου
3348 1725 3663 1805 ἀναρπάζειν
3707 1727 3896 1800 πειρᾶο

509 1816 707 1897 ipsum
739 1818 811 1879 ab
836 1819 1087 1894 honore,
1112 1837 1291 1899 quem
1323 1818 1574 1898 accepit,
1611 1818 1909 1892 excidere,
1948 1824 2007 1878 et
2033 1834 2159 1876 rur-

2255 1821 2369 1873 σθαι
2398 1815 2431 1865 6
2461 1820 2522 1874 τὸ
2590 1817 2935 1899 καταλειφθὲν
2978 1816 3134 1897 μέρος
3168 1832 3182 1846 ⁶
3229 1816 3316 1871 καὶ
3374 1815 3451 1891 μὴ
3471 1813 3678 1911 -.μόνον
3698 1811 3778 1911 ἐκ..
3799 1816 3899 1877 τῆς

510 1924 615 1967 sus
694 1906 997 1970 servitutis
1022 1907 1167 1987 jugo
1223 1907 1543 1969 submitti:
1599 1915 1800 1987 utpote
1860 1905 1961 1984 qui
2019 1906 2171 1967 mala

2254 1906 2523 1971 αὐθαδείας
2586 1908 2780 1974 ταύτης
2840 1904 3003 1983 μηδὲν
3074 1904 3325 1974 ὲξανύειν,
3386 1901 3512 1979 μηδ’
3567 1902 3724 1982 ἰσχὺν
3751 1899 3901 1981 ἔχειν

514 2003 715 2058 mente
764 1997 1126 2059 contumelia
1177 1997 1442 2059 allecerit
1472 1996 1685 2057 bonam
1721 1994 2171 2075 beneﬁcamque

2253 1994 2543 2075 ἐλευθερίαν
2572 1994 2733 2074 ἑτέρῳ
2775 1994 3100 2075 χαρίζεσθαι,
3160 1992 3300 2051 ἀλλὰ
3369 1993 3459 2049 καὶ
3515 1990 3671 2047 αὖτὸν
3739 1989 3898 2045 ἀκεῖ-

508 2085 603 2146 sui
631 2085 856 2146 domini
890 2088 1277 2163 voluntatem,
1306 2094 1364 2147 et
1393 2084 1463 2147 ad
1491 2083 1934 2165 improbitatem
1968 2102 2171 2146 amens

2252 2107 2339 2141 νον
2367 2087 2434 2151 ἧς
2467 2082 2651 2141 ἔλαϐεν
2681 2084 2951 2141 ἐκπίπτειν
2989 2083 3174 2160 τιμῆς,
3233 2084 3322 2140 καὶ
3386 2080 3544 2139 πάλιν
3588 2079 3900 2136 ὕποκύτπειν

504 2172 733 2254 judicio
765 2174 926 2237 illius
947 2174 1168 2238 abusus
1210 2175 1413 2250 sit,cui
1443 2178 1834 2235 reverentiam
1868 2181 1927 2234 et
1954 2176 2165 2234 obser-

2251 2182 2328 2250 τῷ
2373 2178 2471 2245 τῆς
2498 2172 2730 2239 δουλείας
2758 2181 2921 2252 ζυγῷ,
2986 2172 3077 2229 ἅτε
3119 2171 3184 2241 δὴ
3255 2172 3445 2251 γνώμῃ
3500 2166 3899 2250 περιυϐρίσαντα

507 2261 762 2324 vantiam
787 2263 1074 2326 exhibere
1120 2263 1401 2326 debebat.
1446 2263 1671 2324 Harum
1703 2262 1883 2340 igitur
1899 2264 2161 2324 sanctio-

2251 2268 2499 2344 μοχθηρᾷ
2529 2264 2775 2345 χρηστὴν
2822 2264 2911 2319 καὶ
2966 2260 3261 2342 εὖεργέτιδα
3314 2268 3408 2319 τοῦ
3449 2258 3578 2317 ἰδίου
3644 2256 3897 2314 δεσπότου

508 2370 651 2413 num
677 2360 847 2414 tenor
868 2353 1089 2415 sulﬁcit
1123 2354 1195 2415 ad
1225 2352 1723 2430 signiﬁcationem
1767 2352 1930 2413 verbi
1954 2353 2163 2410 ἐλευθε-

508 2438 696 2520 ροϐοᾷν
728 2440 1140 2519 ignorantibus
1198 2449 1406 2523 aperte
1455 2441 1891 2505 elucidandam.
1923 2440 1999 2505 Ut
2025 2461 2164 2504 vero

509 2533 851 2591 summatim
884 2530 1106 2607 dicam,
1134 2538 1192 2592 et
1212 2550 1419 2593 servus
1441 2539 1501 2592 et
1530 2529 1845 2592 libertinus
1878 2539 2164 2612 potestate

512 2618 809 2680 clamandi
838 2618 1035 2681 libera
1063 2619 1228 2681 omni
1258 2620 1437 2682 modo
1470 2620 1798 2701 privantur.

2245 2355 2568 2434 προαίρεσιν,
2615 2353 2700 2409 καὶ
2726 2352 2825 2420 τὴν
2854 2351 3053 2410 ἐκείνου
3121 2351 3287 2431 κρίσιν
3343 2348 3704 2417 ἂπονοηθέντα
3758 2347 3900 2425 παρὰ

2246 2441 2442 2521 φαῦλον
2472 2443 2797 2521 ἡγήσασθαι,
2832 2442 2897 2507 ἣν
2936 2442 3107 2521 ἐχρῆν
3160 2438 3226 2496 δι’
3283 2437 3454 2503 αίδοῦς
3512 2436 3660 2516 ἄγειν
3685 2436 3776 2492 καὶ
3804 2436 3898 2491 εὖ.

2245 2530 2481 2596 λαϐείας.
2517 2529 2702 2611 Ἀρκεῖ
2731 2531 2899 2590 τοίνυν
2968 2533 3003 2598 ἡ
3060 2530 3167 2587 τῶν
3210 2529 3459 2586 τοιούτων
3523 2524 3897 2600 θεσπισμάτων

2245 2621 2528 2702 περίληψις
2610 2620 2709 2688 τὴν
2779 2626 2871 2676 τοῦ
2961 2615 3326 2699 ὲλευθεροϐοᾷν
3430 2615 3696 2693 σημασίαν
3779 2627 3899 2677 τοῖς

506 2706 752 2785 ἀγνοοῦσι
794 2706 1126 2767 διαλευκᾶναι
1170 2718 1373 2791 σαφῶς.
1409 2702 1500 2773 ιΩς
1545 2711 1604 2767 ἐκ
1633 2709 1900 2791 κεφαλαίῳ
1929 2708 1984 2767 δὲ
2015 2712 2208 2789 εἰπεῖν,
2253 2714 2340 2770 καὶ
2370 2709 2552 2775 δοῦλος
2581 2711 2670 2769 καὶ
2699 2708 3039 2790 ἀπελεύθερος
3074 2718 3168 2769 τοῦ
3197 2709 3324 2786 βοᾷν
3351 2707 3592 2788 ἐλεύθερα
3622 2704 3901 2763 παντάπα-

503 2817 588 2853 σιν
615 2795 1024 2877 ἀπεστέρηνται.

583 2882 774 2949 Inter.
809 2884 961 2959 Quid
1019 2887 1313 2967 signiﬁcat
1368 2888 1593 2951 dictum
1655 2886 1804 2949 illud
1831 2887 2158 2968 Evangelii,

2328 2890 2443 2970 Ἤρ.
2477 2891 2536 2949 Τί
2564 2887 2724 2957 δηλοῖ
2770 2890 2831 2946 τὸ
2886 2888 2939 2945 έν
2991 2896 3068 2964 τῷ
3126 2885 3426 2967 Ευαγγελίῳ
3507 2885 3751 2960 κείμενον
3791 2884 3898 2962 ῥη-

501 2990 607 3036 vos
665 2982 862 3038 autem
923 2976 1138 3038 dicitis.
1195 2977 1308 3051 Qui
1363 2978 1578 3039 dixerit
1632 2978 1782 3058 patri
1841 2978 1933 3039 vel
1964 2981 2159 3052 matri,

2251 2984 2334 3039 τὸν
2367 2974 2551 3058 ’Υμεϊς
2581 2978 2635 3036 δὲ
2664 2978 2845 3058 λέγετε
2876 2978 2957 3035 ὅτι
3010 2979 3070 3041 ὃς
3100 2977 3162 3034 ἂν
3218 2977 3350 3054 εἴπῃ
3421 2981 3499 3051 τῷ
3546 2975 3705 3055 πατρὶ
3747 2974 3783 3042 ἢ
3828 2979 3897 3050 τῇ

501 3060 737 3127 Donum
768 3083 885 3146 quo
911 3084 944 3127 a
976 3084 1073 3128 me
1097 3066 1291 3147 juravi
1323 3068 1541 3148 possis.

2251 3073 2428 3152 μητρὶ,
2481 3077 2658 3149 Δῶρον
2687 3069 2715 3125 ὃ
2758 3069 2847 3125 ἐὰν
2877 3068 2929 3135 ιε
2977 3067 3106 3144 ἐμοῦ
3146 3066 3447 3147 ὠφεληθῇς.

583 3152 723 3217 Res.
756 3142 904 3216 Cum
933 3142 1213 3218 Servator
1243 3142 1510 3218 Christus
1540 3164 1700 3219 esset
1731 3157 1793 3217 in
1807 3153 2156 3234 Genezaret,

2327 3158 2652 3238 Ἀποκρισις,
2712 3156 2801 3215 Ἐν
2857 3163 2926 3235 τῇ
2970 3158 3268 3235 Γενησαρὲτ
3297 3155 3579 3235 γενομένου
3648 3163 3739 3213 τοῦ
3769 3160 3897 3208 Σω-

505 3238 944 3305 descendentes
994 3241 1424 3326 Hierosolymis
1482 3243 1704 3307 Scriba;
1761 3252 1820 3305 et
1848 3244 2158 3322 Pharisaei,

2251 3254 2400 3328 τῆρος
2472 3254 2722 3327 Χριστοῦ,
2782 3250 2827 3303 οἱ
2905 3247 3012 3302 ἀπὸ
3104 3244 3481 3325 Ἱεροσολύμων
3552 3242 3895 3306 κατελθόντες

503 3339 889 3393 accesserunt
944 3332 1018 3394 ad
1075 3351 1218 3394 eum
1270 3334 1540 3394 dicentes
1578 3351 1591 3395 :
1626 3334 1742 3396 Cur
1767 3331 2042 3413 discipuli
2079 3336 2163 3396 tui

2251 3338 2582 3417 γραμματεῖς
2613 3337 2702 3392 καὶ
2729 3342 3038 3415 Φαρισαῖοι,
3084 3334 3459 3415 προσελθόντες
3517 3333 3675 3390 εἶπον
3728 3335 3894 3413 αύτῷ,

505 3418 1032 3498 transgrediuntur
1059 3421 1363 3484 seniorum
1396 3420 1821 3484 traditionem?
1851 3440 1972 3483 non
2000 3425 2157 3485 enim

2251 3428 2344 3482 Διὰ
2373 3426 2423 3482 τί
2452 3429 2499 3482 οἱ
2557 3418 2788 3501 μαθηταί
2838 3446 2930 3481 σου
2995 3421 3395 3503 παραϐαίνουσι⁸
3452 3423 3551 3491 τὴν
3609 3421 3898 3501 παράδοσιν

502 3505 702 3570 lavant
728 3526 959 3592 manus,
990 3528 1127 3573 cum
1157 3530 1372 3592 panem
1413 3511 1762 3576 comedunt.

2251 3520 2347 3571 τῶν
2397 3512 2807 3594 πρεσϐυτέρων,
2854 3513 2912 3570 οὐ
2948 3514 3050 3594 γὰρ
3106 3514 3374 3571 νίπτονται
3429 3513 3527 3575 κὰς
3572 3516 3764 3593 χεῖρας
3796 3511 3899 3568 αὒ-

2242 3610 2372 3684 τῶν,
2420 3603 2545 3661 ὅταν
2576 3603 2793 3660 ἀσθίωσι
2823 3604 2912 3659 τὸν
2957 3599 3135 3683 ἄρτον.

582 3688 734 3751 Nam
766 3688 1056 3753 Pharisai
1089 3698 1148 3753 et
1174 3709 1384 3753 omnes
1417 3689 1605 3755 Judaei
1643 3691 1756 3753 nisi
1787 3690 2156 3768 frequenter,

2324 3697 2385 3752 Οἱ
2450 3694 2550 3772 γὰρ
2610 3700 2898 3771 Φαρισαῖοι
2984 3695 3073 3749 καὶ
3142 3693 3335 3756 πάντες
3386 3695 3432 3749 οἱ
3476 3689 3743 3771 Ἰουδαῖοι,
3807 3690 3898 3749 ἐὰν

504 3776 724 3859 inquit,
760 3796 972 3840 manus
1003 3778 1269 3863 abluant,
1300 3791 1361 3842 et
1391 3799 1423 3842 e
1454 3780 1581 3842 foro
1609 3780 1727 3842 nisi
1761 3778 1973 3842 balneo
1998 3790 2162 3842 utan-

2251 3782 2321 3859 μὴ
2351 3784 2521 3839 πυκνὰ
2567 3780 2740 3863 (φησὶ)
2775 3781 3028 3856 νίψωνται
3057 3782 3151 3845 τὰς
3197 3794 3413 3862 χεῖρας,
3477 3783 3564 3838 καὶ
3619 3781 3726 3837 ἀπὸ
3755 3780 3896 3860 ἆγο-

500 3873 747 3942 tur,non
768 3868 1432 3946 comedunt,seniornm
1460 3869 1835 3932 traditionem
1864 3878 2155 3933 tenentes.

2251 3877 2336 3948 ρᾶς
2380 3871 2471 3926 ἒὰν
2515 3871 2593 3945 μὴ
2652 3869 3033 3946 βαπτίσωνται,
3094 3870 3186 3926 οὐκ
3240 3870 3462 3927 ἐσθίουσι
3496 3887 3511 3902 ⁸
3583 3878 3899 3948 κρατοῦντες

497 3953 789 4018 Dominus
810 3966 1008 4020 autem
1034 3958 1319 4022 malitiam
1355 3958 1554 4021 cordis
1576 3977 1783 4021 eorum
1817 3972 1879 4021 et
1908 3977 2156 4041 perver-

2251 3960 2337 4026 τὴν
2366 3964 2472 4014 τῶν
2503 3957 2864 4039 πρεσϐυτέρων
2927 3956 3237 4037 παράδοσιν,
3275 3949 3332 4017 ²0
3393 3959 3666 4025 Δεσπότης
3722 3956 3797 4033 δὲ,
3835 3959 3898 4013 τὸ

497 4044 734 4109 sitatem
765 4055 1230 4129 cognoscens,et
1256 4068 1392 4110 cum
1408 4049 1568 4111 avari
1600 4057 1823 4121 essent,
1846 4059 2159 4130 promptos

2251 4049 2532 4128 κακοῦργον
2581 4052 2679 4114 τῆς
2751 4047 2970 4124 γνώμης
3043 4046 3212 4104 αὐτῶν
3259 4045 3408 4112 εἰδὼς
3467 4048 3552 4104 καὶ
3607 4048 3898 4127 κακόηθες,

500 4151 631 4197 esse
654 4134 733 4196 ad
764 4134 958 4197 aliena
989 4137 1365 4217 prodigenda
1396 4157 1410 4201 :
1442 4137 1751 4219 discipulis
1773 4138 2058 4201 inﬂictam
2082 4137 2157 4199 ab

2251 4138 2327 4193 ιιαὶ
2367 4136 2449 4193 ὅτι
2535 4136 2840 4218 φιλάργυροι
2893 4134 3038 4202 ὄντες
3090 4140 3430 4210 κατασπαθᾷν
3501 4133 3772 4193 σπεύδουσι
3830 4137 3899 4193 τὰ

498 4220 575 4283 iis
598 4224 1134 4303 reprehensionem
1195 4226 1535 4288 verecunde
1561 4244 1586 4275 ι
1617 4227 1677 4288 in
1706 4244 1911 4288 eorum
1943 4226 2157 4288 redar—

2251 4224 2514 4304 ὶλλότρια,
2562 4226 2660 4293 τὴν
2730 4225 2856 4303 παρ’
2916 4227 3083 4283 αὖτῶν
3154 4239 3270 4289 τοῖς
3313 4229 3582 4301 μαθηταῖς
3638 4245 3895 4305 προστρι-

499 4310 804 4391 gutionem
836 4313 1081 4376 retorsit
1115 4333 1129 4374 :
1162 4322 1367 4395 aperte
1389 4314 1710 4377 ostendens
1741 4333 1844 4378 eos
1863 4313 2009 4393 legis
2042 4317 2158 4376 Mo-

2251 4312 2426 4371 ϐεϊσαν
2516 4314 2718 4392 μέμψιν
2790 4315 2864 4377 εἷς
2936 4313 3162 4395 ἔλεγχον
3262 4317 3433 4372 αὒτῶν
3520 4312 3896 4394 αἰσχυντηλῶς

500 4383 680 4463 saicae
710 4400 1046 4477 violatores,
1075 4410 1133 4465 et
1153 4383 1540 4485 utrarumque
1582 4405 1792 4466 harum
1824 4383 2159 4484 transgres-

2251 4403 2676 4483 Ξιντιπεριέστησε
2711 4422 2725 4439 ⁶
2803 4401 3109 4482 παραϐάτας
3206 4404 3394 4468 αὐτοὺς
3464 4402 3742 4470 ἀποδείξας
3799 4412 3897 4462 τοῦ

491 4488 728 4551 sionum
749 4489 1218 4570 comparatione,
1240 4510 1476 4571 gravem
1502 4492 1561 4555 in
1583 4511 1685 4554 eos
1720 4492 2163 4555 condemnatio-

2251 4492 2408 4569 τόμου
2475 4503 2568 4552 τοῦ
2635 4499 2927 4550 Μωσαϊκοῦ
3007 4494 3267 4573 φανερῶς,
3342 4495 3431 4551 καὶ
3505 4499 3575 4570 τῇ
3630 4493 3897 4573 συγκρίσει

494 4596 636 4640 nem
671 4578 1083 4659 pronuntians.
1107 4578 1259 4653 Quid
1293 4581 1454 4643 enim
1487 4581 1792 4643 seniorum
1819 4581 2055 4642 traditio
2084 4582 2159 4645 ad

2251 4581 2504 4661 ἑκατέρων
2587 4583 2835 4639 τουτωνί
2883 4588 2989 4639 τῶν
3066 4580 3415 4663 παραϐάσεων
3507 4583 3899 4663 ψηφοφορήσας

493 4668 809 4731 Mosaicam
841 4669 1195 4750 legem,quae
1229 4669 1525 4732 honorare
1553 4680 1779 4751 patrem
1805 4679 1862 4732 et
1881 4679 2153 4753 matrem,

2251 4672 2461 4751 Ξαρεταν
2490 4673 2672 4735 αὐτοῖς
2699 4672 2798 4740 τὴν
2841 4672 3169 4752 κατάκρισιν,
3218 4672 3278 4731 Τί
3306 4674 3405 4753 γὰρ
3448 4674 3483 4741 ἡ
3526 4680 3633 4731 τῶν
3664 4668 3897 4752 πρεσϐυ-

495 4764 556 4818 et
583 4756 855 4838 eum,qui
873 4760 1028 4838 patri
1049 4759 1136 4820 vel
1185 4759 1363 4821 matri
1413 4759 1812 4837 maledixerit,
1846 4768 2038 4823 morte
2066 4761 2158 4821 vi-

2251 4759 2403 4840 τέρων
2434 4758 2718 4841 παράδοσις
2776 4761 2908 4840 πρὸς
2965 4762 3055 4818 τὸν
3115 4762 3273 4837 νόμον
3320 4761 3576 4835 Μωσέως,
3632 4762 3691 4825 ὃς
3734 4767 3900 4837 τιμᾷν

494 4852 614 4908 tam
636 4845 813 4910 ﬁnire
827 4845 1004 4928 jubet
1022 4847 1054 4907 ‘I
1074 4848 1337 4911 Proinde
1368 4849 1685 4912 manifesto
1711 4849 1993 4926 ostendit,
2028 4858 2153 4926 eds,

2251 4852 2329 4906 τὸν
2359 4851 2557 4929 πατέρα
2585 4851 2672 4907 καὶ
2725 4851 2825 4918 τὴν
2909 4849 3137 4931 μητέρα,
3197 4852 3286 4907 καὶ
3340 4853 3431 4908 τὸν
3498 4849 3901 4929 κακολογοῦντα

492 4933 636 4997 dum
667 4936 969 5017 propriam
991 4937 1371 5000 traditionem
1414 4940 1844 5015 constituunti,
1872 4938 1979 5000 Dei
2000 4957 2154 5019 prae-

2251 4940 2437 5019 πτατέρα
2490 4940 2525 5008 ἢ
2584 4939 2812 5019 μητέρα,
2894 4941 3101 5015 θανάτῳ
3183 4940 3434 5014 τελευτᾷν
3493 4940 3831 5021 ἐγκελεύεται
3877 4962 3895 5022 ς

490 5031 728 5111 ceptum
760 5024 994 5088 irritum
1050 5027 1270 5090 facere.
1331 5026 1598 5090 Traditio
1628 5037 1827 5091 autem
1862 5036 2010 5102 erat,
2042 5029 2153 5101 Qui

2251 5031 2427 5087 )ὒκοῦν
2491 5027 2743 5086 δείκνυσιν
2814 5029 3044 5086 ἐντεῦθεν
3100 5031 3316 5095 τούτους
3417 5028 3725 5111 προδήλως,
3807 5029 3899 5087 διὰ

493 5110 711 5200 dixerit
739 5114 893 5196 patri
946 5116 1031 5177 vel
1083 5116 1521 5194 matri,Donum
1547 5137 1664 5199 quo
1687 5141 1709 5172 ι
1727 5137 1763 5181 a
1788 5137 1883 5181 me
1904 5118 2153 5198 juvare-

2251 5119 2296 5174 τὸ
2325 5123 2584 5186 συστῆσαι
2636 5118 2733 5186 τὴν
2787 5118 2981 5175 οἰκείαν
3048 5117 3356 5200 παράδοσιν,
3413 5120 3732 5200 ἂκυροῦντας
3790 5120 3897 5187 τὴν

487 5199 597 5265 ris.
621 5194 762 5266 Haec
790 5211 987 5268 autem
1006 5204 1184 5270 habet
1203 5194 1760 5288 interpretationem
1782 5194 2148 5289 hujusmodi.

2251 5205 2458 5275 ἐντολὴν
2490 5214 2580 5264 τοῦ
2610 5215 2763 5271 Θεοῦ.
2820 5199 2882 5264 Ἠ
2938 5194 3215 5288 παράδοσις
3247 5208 3300 5267 δὲ
3340 5194 3430 5291 iw,
3489 5194 3580 5277 ﬁt);
3651 5208 3711 5267 ἂν
3757 5206 3898 5286 εἴπῃ

1818 5366 2078 5433 VARIIE
2121 5365 2555 5432 LECTIONES.

564 5491 600 5545 θ
629 5495 895 5577 πειραθέν.

566 5615 596 5649 ιι
616 5602 684 5667 in
712 5604 1068 5706 seruitutem
1088 5624 1228 5671 vero
1239 5605 1472 5705 liberos
1486 5610 1676 5706 etiam
1692 5613 1969 5706 homines
1991 5611 2209 5675 abduci
2223 5611 2466 5706 ubent.
2512 5628 2537 5657 ν
2555 5611 2661 5706 sed
2682 5629 2914 5706 qywea;
2933 5616 3248 5706 occasione
3267 5615 3567 5706 libertatis
3580 5633 3725 5706 aug,
3746 5616 3910 5680 reli-

478 5686 871 5846 qsutagiuztiam
891 5695 1140 5767 partem
1159 5692 1392 5769 eripere
1412 5692 1478 5752 in
1500 5693 1845 5758 conditione
1864 5692 2007 5758 vitae
2026 5710 2155 5755 suae
2179 5686 2260 5756 sit
2279 5711 2449 5756 ausa.
2550 5712 2576 5744 ι
2604 5686 3024 5772 igriz'miniose.
3118 5712 3144 5755 ι
3171 5695 3525 5759 stabiliunt.
3597 5712 3618 5743 ι
3645 5686 3905 5762 Donum
