4130 6418
293 370 403 444 981

1618 353 2320 439 GMCO-ROMANUM

3577 353 3695 420 982

294 520 368 583 τῴ
416 511 569 590 πατρὶ
595 508 634 579 ἢ
660 516 730 581 τῆ
757 510 940 588 μητρὶ,
982 513 1160 585 Δῶρον
1189 508 1219 564 ὃ
1266 506 1356 563 ἐὰν
1412 506 1466 574 ἐξ
1535 505 1665 582 ἐμοῦ
1731 506 1944 590 ὠφελη-

2046 500 2522 577 luosliberorum
2547 494 3254 590 tinveniebantPharisaai
3267 493 3485 590 opibus
3502 492 3693 590 abun.

296 606 413 675 θῇς.
450 612 477 658 Ἰ

306 698 408 745 τῷν

590 622 614 642 ἰ
657 596 714 654 δὲ
771 597 1018 664 τοιαύτην
1058 596 1179 677 ἔχει
1238 597 1337 664 τὴν
1365 596 1650 676 ἑρμηνείαν
1697 615 1712 630 ⁸
1747 599 1849 662 Οὒς
1893 595 1955 653 ἂν

492 688 690 743 τιλ.δων
742 684 975 767 εὕρισκον
1035 688 1083 742 οἱ
1156 692 1441 764 Φαρισαῖοι
1516 686 1953 764 περιουσιαζομέ-

310 804 423 839 ηιμ-λς
476 780 501 841 ἦ
560 777 666 833 ἀπὸ
708 775 892 833 κόπων
935 772 1100 855 ἰδίων,
1146 773 1183 843 ἢ
1229 774 1335 831 ἀπὸ
1381 773 1685 856 φιλοτιμίας
1741 781 1842 843 τῆς
1871 776 1956 832 τύ-

306 891 439 946 χης,
478 894 507 934 η
552 868 757 923 ὁθενοῦν
815 861 1055 943 ἄλλοθεν,
1128 861 1396 920 ἐπαίδευον
1449 864 1633 927 αὐτοὺς
1694 862 1955 929 εὐσεϐείας

304 955 654 1035 προσχήματι
685 953 979 1010 ἀνατιθέναι
1018 958 1093 1026 τῷ
1126 958 1240 1026 Θεῷ
1270 950 1308 1020 ἢ
1341 957 1517 1009 πᾶσαν
1587 974 1687 1020 την
1731 974 1951 1032 περιου-

304 1048 418 1099 σίαν
462 1043 656 1121 αὐτῶν,
686 1043 722 1111 ἢ
794 1044 854 1098 τὸ
897 1040 1151 1098 πλεῖστον
1208 1045 1396 1107 αὐτῆς.
1446 1042 1544 1099 Καὶ
1599 1041 1690 1098 ἐὰν
1756 1040 1953 1105 ἐνδεεῖς

2036 592 2269 666 dantes,
2316 597 2419 652 aut
2451 605 2526 651 ex
2552 585 2856 650 laboribus
2892 583 3169 666 pr0priis,
3208 592 3307 645 aut
3338 582 3696 645 liberalitate

2036 681 2307 756 fortunae,
2344 685 2446 740 aut
2473 675 2739 753 aliunde,
2772 673 3011 757 pietatis
3047 679 3362 754 praatextu,
3398 672 3698 735 docebant

2038 788 2144 833 eos
2171 775 2199 819 ι)
2226 775 2293 831 ut
2338 773 2520 829 totam
2571 782 2741 827 suam
2786 762 3198 838 substantiam,
3256 762 3345 825 vel
3377 762 3694 825 maximam

2040 859 2171 939 ejns
2203 853 2586 936 partem,Deo
2619 852 2974 915 tribuerent.
3000 852 3073 915 Et
3093 851 3235 914 licet
3264 854 3475 934 inopes
3495 862 3697 915 essent

2037 953 2314 1028 parentes
2344 962 2577 1019 eorum,
2633 941 3095 1022 indigerentque
3132 941 3459 1004 liberorum
3492 948 3692 1025 provi—

2036 1035 2261 1109 dentia,
2280 1031 2672 1095 instituebant
2697 1042 2741 1105 ο,
2766 1038 2829 1092 υι
2861 1030 3202 1111 parentibus
3224 1031 3700 1112 dicerept,quasi

306 1138 442 1207 ᾖσαν
470 1136 517 1190 οἱ
573 1133 772 1189 τούτων
839 1144 1036 1210 γονεῖς,
1098 1132 1185 1187 καὶ
1237 1128 1442 1188 ἐδέοντο
1496 1136 1596 1198 τῆς
1652 1132 1794 1209 παρὰ
1848 1138 1953 1187 τῶν

2046 1125 2257 1204 iustum
2311 1120 2615 1205 quidpiam
2646 1128 2757 1210 Aet_
2789 1119 3217 1202 inexcusabile,
3269 1130 3327 1183 et
3374 1124 3533 1203 quod
3558 1124 3697 1187 illos

305 1219 505 1297 παίδων
560 1220 905 1300 προμηθείας,
992 1217 1256 1276 ἐδίδασκον
1338 1220 1523 1283 αὐτοὺς
1581 1219 1754 1297 λέγειν
1824 1220 1952 1297 πρὸς

304 1311 426 1375 τοὺς
488 1323 689 1388 γονεῖς,
762 1311 836 1373 ὡς
894 1307 1108 1387 εὔλογόν
1179 1329 1235 1364 τε
1290 1310 1378 1365 καὶ
1431 1308 1808 1386 ἀπαραίτητον,
1870 1310 1957 1365 καὶ

306 1399 626 1479 ἀποτρέπειν
686 1397 910 1463 ’ἐκείνους
1001 1397 1307 1473 δυνάμενον,
1385 1397 1465 1454 ὅτι
1525 1396 1751 1478 Κορϐἆν,
1811 1421 1959 1456 τουτ-

307 1488 417 1547 έστι
448 1487 613 1568 δῶρον
643 1488 1042 1563 ἀνατεθειμένον
1101 1487 1317 1562 ἐστὶτῷ
1378 1494 1516 1567 Θεῷ,
1563 1488 1591 1544 ὃ
1676 1496 1859 1558 ζητεῖς
1904 1487 1956 1552 ἐξ

305 1577 436 1655 ἐμοῦ
504 1577 865 1659 ὠφεληθῆναι,
952 1576 1071 1644 ἤτοι
1157 1574 1423 1656 κερδᾶναι.
1489 1570 1580 1641 Ὠς
1639 1576 1699 1633 ἐκ
1770 1577 1956 1633 τούτου

308 1666 680 1725 συστέλλεσθαι
727 1668 825 1742 μὲν
876 1667 997 1730 τοὺς
1040 1679 1242 1745 γονεῖς,
1293 1667 1382 1722 τὸν
1414 1668 1545 1724 Θεὸν
1600 1664 1711 1723 δεῖν
1767 1688 1957 1745 προτι-

312 1759 508 1831 μᾶσθαι
555 1756 912 1833 γινώσκοντας
960 1770 974 1785 ’
1022 1755 1142 1820 τοὺς
1210 1753 1264 1810 δὲ
1310 1756 1622 1833 Φαρισαίους
1678 1752 1843 1820 ἀδεῶς
1866 1760 1959 1810 τοῦ

307 1843 496 1903 λοιποῦ
561 1844 848 1901 κατεσθίειν
919 1844 985 1899 τὰ
1040 1841 1190 1911 δῆθεν
1264 1843 1631 1919 ἀνατεθειμένα
1666 1860 1678 1874 ·
1715 1847 1807 1903 οἶα
1833 1844 1954 1907 τοὺς

307 1932 505 1997 παῖδας
573 1934 667 2009 μὲν
757 1933 1067 1996 ἀπανῶντας
1140 1933 1225 1991 καὶ
1278 1934 1655 2008 συμπείθοντας
1701 1935 1735 1991 ἃ
1793 1933 1957 2012 εἶχον

2040 1222 2240 1296 posset
2265 1230 2569 1287 revocare,
2632 1208 2862 1272 Corban
2909 1210 2998 1290 (id
3050 1216 3173 1287 'est,
3206 1229 3425 1273 munus
3455 1221 3549 1274 est
3572 1212 3695 1275 Deo

2038 1304 2394 1384 repositum)
2424 1304 2581 1385 quod
2614 1304 2868 1386 requiris
2915 1322 2950 1365 a
2983 1321 3078 1365 me
3107 1303 3443 1382 percipere,
3479 1297 3541 1361 id
3576 1302 3688 1371 est,

2041 1392 2391 1455 lucrifacere
2416 1395 2462 1453 ά.
2496 1392 2572 1455 Ut
2596 1412 2665 1456 ex
2691 1413 2761 1455 eo
2792 1401 3068 1476 parentes
3096 1389 3479 1471 quidem,qui
3500 1388 3692 1450 Deum

2040 1482 2266 1544 scirent
2298 1483 2731 1563 praeferendum
2755 1484 3118 1559 esse,animo
3149 1481 3383 1560 dejecto
3408 1476 3697 1559 reprime-

2040 1577 2251 1632 rentur
2285 1590 2298 1633 :
2333 1571 2617 1634 Pharisaei
2674 1580 2869 1635 autem
2932 1572 3183 1634 licenter
3217 1568 3530 1649 deinceps,
3566 1583 3697 1647 quat

2042 1661 2302 1740 reposita
2329 1669 2521 1737 erant,
2554 1662 2947 1741 devorarent(
2973 1668 3181 1741 utpote
3209 1659 3310 1740 qui
3337 1656 3566 1719 liberos
3587 1654 3697 1717 de-

2041 1750 2333 1838 ciperent,
2368 1751 2914 1838 persuaderentque
2940 1769 3046 1811 sua
3074 1751 3198 1812 Deo
3228 1747 3513 1838 dedicare
3536 1754 3580 1817 °,
3602 1752 3695 1805 at—

2040 1856 2156 1920 que
2186 1837 2266 1901 ita
2300 1834 2801 1920 parentesinopes
2839 1834 3694 1916 contemnere,simpliciorum

2037 1927 2345 1990 facultates
2371 1928 2444 1989 ad
2475 1947 2540 1990 se
2566 1930 2935 1991 attrahentes
2962 1946 3108 1990 voce
3140 1927 3399 1989 Corban.

305 2019 561 2093 δήπουθεν
590 2023 839 2104 ἀφιεροῦν
866 2029 943 2098 τῷ
974 2029 1111 2096 Θεῷ,
1140 2024 1227 2079 καὶ
1257 2021 1393 2078 οὕτω
1419 2024 1540 2087 τοὺς
1568 2022 1798 2096 πατέρας
1828 2018 2145 2097 πενομένους
2174 2032 2532 2099 περιφρονεῖν,
2563 2021 2693 2099 πρὸς
2731 2021 2945 2084 ἑαυτοὺς
2973 2018 3029 2074 δὲ
3058 2020 3153 2082 τὰς
3195 2024 3300 2073 τῶν
3332 2012 3696 2095 ἀφελεστέρων

306 2114 604 2192 περιουσίας
647 2112 1027 2192 ἐφελκομένους
1055 2109 1139 2168 διὰ
1178 2116 1277 2179 τῆς
1320 2114 1501 2192 φωνῆς
1543 2120 1635 2170 τοῦ
1665 2109 1891 2191 Κορϐἆν,

426 2200 742 2279 Ἐρώτησις,
801 2204 864 2258 Αἱ
914 2202 1056 2281 παρὰ
1126 2209 1219 2261 τοῦ
1274 2203 1560 2281 μακαρίτου
1626 2201 1954 2281 πατριάρχου

314 2290 645 2372 Ἀντιοχείας
695 2288 984 2371 Θεοδώρου,
1036 2297 1132 2349 τοῦ
1200 2289 1574 2371 ἐπιλεγομένου
1631 2290 1952 2366 Βαλσαμὼν,

310 2395 584 2459 γεγονυῖαι
651 2380 952 2460 ἀποκρίσεις
1031 2382 1159 2460 πρὸς
1243 2381 1337 2444 τὰς
1398 2380 1683 2459 ἐρωτήσεις
1740 2380 1954 2460 Μάρκου

310 2470 403 2526 τοῦ
455 2471 745 2528 ὁσιωτάτου
814 2491 1146 2549 πατριαρχου
1203 2466 1621 2549 Ἀλεξανδρείας,
1692 2468 1953 2548 εὖρίσκον-

310 2561 391 2616 τοί
418 2581 564 2624 τινας
630 2556 978 2638 παρεκϐάσεις
1048 2559 1355 2636 ποιούμεναι
1412 2558 1464 2615 ἕν
1518 2580 1577 2616 τε
1645 2570 1954 2621 κανονικαῖς

311 2651 398 2705 καὶ
432 2661 681 2726 νομικαῖς
735 2645 1021 2713 διατάξεσι.
1082 2657 1179 2704 Δεῖ
1236 2647 1322 2704 οὖν
1378 2647 1591 2711 ταύταις
1640 2646 1951 2727 προσέχειν.

310 2738 483 2817 ﬁcii;

394 2814 521 2887 'A‘lt.
557 2824 617 2883 Ὀ
675 2828 810 2907 ἱερὸς
854 2826 1005 2890 οὗτος
1053 2826 1208 2907 ἀνὴρ,
1242 2828 1269 2883 ὁ
1334 2814 1688 2907 Ἀντιοχείας,
1768 2823 1955 2906 τρίϐων

320 2916 419 2993 μὲν
467 2916 532 2984 ἦν
590 2916 644 2980 ἐς
728 2912 938 2996 ἀκριϐὲς
993 2922 1099 2973 τῶν
1162 2921 1394 2991 νομικῶν
1424 2915 1455 2962 7
1508 2918 1596 2972 καὶ
1665 2923 1955 2973 κανονικῶν

319 3006 787 3081 νομοθετημάτων,
845 3006 933 3061 καὶ
982 3007 1126 3085 παρὰ
1193 3011 1353 3062 πᾶσιν
1421 3004 1477 3060 ἐν
1525 3005 1731 3069 τούτοις
1799 3027 1957 3083 περι-

314 3092 574 3170 ᾳδόμενος
605 3139 619 3154 .
664 3096 730 3151 τὰ
756 3095 938 3171 μέντοι
992 3094 1381 3174 συγγράμματα
1432 3094 1609 3167 τούτο,
1670 3093 1784 3150 ὦσα
1826 3095 1957 3172 πρὸς

2119 2194 2306 2258 Inter.
2341 2198 2395 2258 A
2426 2194 2601 2259 beato
2624 2196 2997 2277 {patriarcha
3023 2195 3354 2258 Antiochiae
3379 2192 3696 2256 Theodoro

2038 2284 2393 2364 cognomine
2416 2284 2758 2360 Balsamon,
2782 2285 2951 2347 facta;
2972 2286 3394 2366 responsiones
3419 2283 3492 2344 ad
3516 2280 3698 2342 inter-

2035 2372 2377 2453 rogationes
2408 2373 2533 2453 (35)
2566 2374 2772 2450 Marci,
2798 2375 3156 2437 sanctissimi
3187 2371 3559 2435 Alexandria;
3583 2387 3696 2451 pa-

2038 2461 2798 2544 triarchae,compcriuntur
2818 2464 3105 2546 quasdam
3136 2461 3646 2541 transgressiones
3667 2472 3697 2514 ε

2037 2551 2235 2615 facere
2259 2552 2321 2613 in
2372 2552 2678 2614 canonicis
2728 2560 2786 2615 et
2807 2553 3081 2616 civilibus
3117 2548 3692 2614 constitutionibus:

2039 2659 2116 2704 an
2140 2642 2216 2704 iis
2247 2641 2675 2705 adhterendum
2709 2641 2809 2719 sit,
2843 2641 3083 2705 necne?

2120 2819 2257 2883 Res.
2297 2820 2664 2884 Divinusille
2690 2822 2801 2897 vir,
2825 2820 3528 2903 Antioehiazpatriarcha,
3564 2837 3697 2881 ma—

2040 2928 2191 2989 gnus
2203 2909 2441 2990 quidem
2459 2920 2583 2971 erat
2603 2910 2865 2973 civilium
2892 2921 2950 2973 et
2970 2912 3390 2973 canonicarum
3405 2908 3700 2973 constitu-

2042 2999 2268 3060 tionum
2288 3002 2755 3073 veterator,etab
2770 3000 3047 3063 omnibus
3066 3006 3115 3057 8'
3138 3000 3199 3061 in
3222 3001 3314 3062 his
3337 2999 3693 3063 celebratus:

2042 3088 2176 3168 ejus
2201 3096 2397 3150 autem
2426 3088 2674 3170 scripta,
2707 3108 2839 3171 quae
2868 3091 2945 3152 ad
2975 3089 3262 3154 canonica
3291 3098 3348 3152 et
3376 3089 3571 3152 civilia
3597 3106 3698 3169 po-

313 3186 566 3242 κανονικὰ
631 3186 720 3241 καὶ
788 3184 977 3260 νομικὰ
1045 3182 1304 3259 λήμματα
1365 3182 1750 3264 ἐξηνέχθησαν,
1785 3185 1880 3239 οὐκ
1909 3183 1955 3248 ἐς

2048 3177 2261 3239 stulata
2289 3191 2315 3233 ιι
2350 3177 2508 3240 edita
2564 3186 2724 3253 sunt,
2760 3198 2880 3240 non
2931 3178 3257 3255 ominibus,
3288 3179 3446 3259 quod
3477 3177 3696 3239 mirum

313 3275 375 3329 τὸ
403 3280 508 3330 πᾶν
574 3271 840 3353 ἀκριϐείας
911 3272 1150 3353 ἐχόμενα
1198 3274 1630 3353 καταφαίνονται,
1692 3274 1753 3329 τὸ
1782 3273 1960 3351 παρά-

313 3360 458 3429 δοξον
492 3382 508 3397 ·
565 3361 683 3419 ἀλλ’
792 3363 1087 3433 ὡσπερανεὶ
1168 3360 1336 3432 λήθης
1394 3361 1623 3437 μάλιστα
1677 3364 1765 3419 καὶ
1819 3384 1962 3442 παρ-

312 3453 546 3531 οράσεως
578 3452 860 3532 προϊόντα,
918 3453 1007 3508 καί
1072 3474 1174 3508 που
1226 3452 1312 3508 καὶ
1382 3448 1464 3531 ἐφ’
1516 3452 1701 3507 ἑαυτὸν
1744 3451 1961 3530 μεριζό-

314 3563 450 3617 μενα
483 3558 499 3575 ⁸
539 3543 627 3598 καὶ
674 3541 768 3598 οὐκ
824 3538 887 3596 ἄν
928 3562 1007 3605 τις
1054 3539 1280 3620 ἐφιστῶν
1335 3541 1563 3613 τούτοις,
1598 3542 1695 3598 οὐκ
1750 3538 1962 3618 ἀπορή-

313 3652 476 3705 σειεν,
563 3631 814 3708 εὖρίσκων
896 3636 964 3707 τῇ
1073 3618 1270 3686 ἐλείνου
1349 3626 1585 3708 ἀκριϐείᾳ
1646 3630 1715 3685 τὰ
1780 3629 1965 3685 ἑαυτοῦ

315 3720 704 3799 συγγράμματα
748 3720 828 3795 μὴ
872 3718 1256 3799 ωντφέχοντα.
1310 3716 1454 3795 Ἐγὼ
1509 3716 1566 3773 δὲ
1620 3720 1716 3774 καί
1769 3723 1964 3789 ζῶντος

314 3809 512 3866 ἐκείνου
567 3806 783 3866 πολλῶν
878 3807 932 3865 ἐν
1010 3805 1558 3866 Κωνσταντινουπόλει
1615 3803 1963 3885 νομοτριϐου-

314 3897 488 3974 μένων
543 3898 776 3971 ἀκήκοα,
837 3894 1341 3974 ἐπιλαμϐανομένων
1422 3902 1579 3953 τινῶν
1635 3902 1728 3953 τοῦ
1782 3893 1963 3975 ἀνδρὸς

313 3987 511 4045 ἐκείνω
538 3985 1060 4067 γνωμοδοτημάτων,
1115 3988 1189 4051 ὡς
1246 3986 1325 4061 μὴ
1372 3986 1509 4042 κατά
1564 3997 1759 4064 μοῖραν
1789 3982 1963 4050 ἐξενε-

315 4078 577 4159 χθέντων,
604 4076 659 4135 ἔν
686 4099 744 4135 τε
774 4077 1010 4134 κανόνων
1065 4075 1397 4156 ἀρμηνείαις,
1457 4075 1545 4131 καὶ
1600 4073 1802 4148 νόμων,
1874 4075 1961 4129 καὶ

313 4165 497 4234 ἄλλοις
547 4164 781 4225 τοιοῖσδε
866 4166 1222 4245 συντάγμασι.
1318 4166 1566 4221 Λείπεται
1628 4163 1717 4220 οὗν
1789 4165 1960 4220 εἰπεῖν

310 4259 457 4333 ἡμᾶς
501 4259 638 4315 κατὰ
678 4256 838 4336 λόγον
866 4255 1065 4328 εἰκότα,
1115 4257 1191 4319 ὡς
1246 4255 1313 4311 τὰ
1372 4252 1623 4333 εἰρημένα
1679 4255 1961 4333 συγγράμ-

316 4368 461 4423 ματα
491 4345 696 4404 ἐκεῖνον
741 4344 1120 4423 ἀναγινώσκειν
1178 4344 1378 4424 χρεὼν,
1449 4344 1540 4399 τὸν
1595 4339 1829 4422 ἀκριϐῶς
1899 4343 1961 4398 τὸ

2047 3274 2157 3342 est,
2191 3268 2634 3330 accurationem
2695 3268 2919 3331 habere
2974 3277 3302 3331 cernuntur
3338 3289 3351 3331 :
3384 3267 3490 3329 sed
3521 3264 3703 3329 veluti

2047 3375 2119 3419 ex
2149 3356 2447 3419 oblivione
2479 3358 2735 3419 maxime
2766 3365 2825 3418 et
2846 3357 3351 3421 inconsiderantia
3373 3357 3701 3438 proceden-

2048 3445 2301 3520 tia,alibi
2333 3447 2515 3508 etiam
2539 3449 2599 3507 in
2625 3446 2843 3523 seipsis
2867 3446 3205 3509 divisa.Nec
3233 3447 3309 3509 de
3341 3466 3411 3509 eo
3442 3445 3695 3522 dubitet,

2048 3536 2149 3616 qui
2179 3535 2499 3615 diligenter
2530 3536 2943 3611 considerarit,
2979 3538 3290 3600 inveniens
3319 3538 3448 3616 ejus
3480 3536 3705 3617 scripta

2048 3626 2566 3706 diligentiaeinon
2628 3628 3073 3708 respondentia.
3130 3630 3253 3707 Ego
3283 3638 3483 3689 autem
3523 3627 3703 3689 etiam

2046 3712 2149 3777 illo
2169 3714 2538 3777 vivo‘multos
2560 3716 3282 3796 audiviConstantinopoli
3303 3715 3699 3796 legisperitos,

2046 3803 2148 3885 qui
2203 3804 2486 3885 quasdam
2534 3804 2646 3866 viri
2696 3803 2857 3868 illius
2904 3806 3259 3886 opinionesl
3289 3806 3702 3886 reprehende-

2046 3902 2204 3975 rent,
2236 3893 2392 3974 quod
2442 3912 2566 3956 non
2616 3903 2820 3957 essent
2870 3904 3037 3967 recte
3084 3896 3318 3957 emissze
3371 3895 3488 3956 l‘in
3518 3912 3704 3957 cano-

2049 4001 2191 4045 num
2224 3990 2283 4044 et
2314 3982 2512 4062 legum
2572 3983 3191 4065 interpretationibus,
3247 3991 3307 4047 et
3329 3983 3461 4046 aliis
3493 3984 3705 4064 hujus-

2049 4070 2209 4132 modi
2264 4070 2693 4134 voluminibus.
2754 4072 2958 4135 Restat
3019 4074 3220 4153 igitur,
3280 4082 3343 4136 ut
3398 4072 3707 4135 verisimili

2042 4160 2272 4223 ratione
2303 4160 2603 4235 dicamus,
2642 4162 2928 4244 praedicta
2960 4163 3181 4245 scripta
3201 4163 3274 4225 ab
3297 4182 3367 4225 eo
3390 4162 3706 4246 legiopor-

2045 4252 2302 4332 tere,qui
2323 4260 2531 4314 exacte
2538 4253 3031 4334 jurisprudentiae
3058 4253 3557 4336 multiplicitatem
3592 4272 3705 4317 no-

2044 4339 2151 4417 vit,
2183 4348 2243 4402 et
2271 4339 2332 4402 in
2365 4341 2541 4403 variis
2572 4342 2999 4405 canonicorum
3033 4351 3299 4406 textuum
3347 4343 3709 4406 anfractibus

315 4433 643 4517 πολυσχεδὲς
679 4435 713 4487 8
736 4441 835 4503 τῆς
885 4440 1111 4512 νομικῆς
1142 4434 1513 4513 ἐπιστάμενον,
1545 4433 1632 4489 καὶ
1663 4432 1955 4508 ἐπιστημό‹

2050 4431 2227 4493 docte
2288 4431 2644 4494 exercitatus
2696 4440 2805 4494 est.
2864 4431 3022 4495 Talis
3080 4433 3172 4495 vir
3231 4444 3504 4496 accurate
3534 4432 3706 4510 sciet,

315 4549 418 4591 νως
446 4539 570 4591 ταῖς
600 4524 927 4583 πολυειδέσιν
956 4522 1143 4590 ἐλίξεσι
1176 4530 1279 4580 τῶν
1332 4527 1625 4579 κανονικῶν
1693 4521 1955 4600 ἐγγυμνα-

2051 4518 2193 4601 quid
2217 4527 2383 4581 extra
2402 4520 3114 4603 reprehensionem,quid
3131 4541 3249 4585 non
3274 4541 3346 4584 eo
3370 4523 3546 4585 modo
3564 4522 3710 4585 scri-

314 4617 558 4692 σάμηνον
585 4613 952 4694 περιλήψεων.
1002 4604 1060 4672 Ὀ
1090 4621 1327 4676 τοιοῦτος
1382 4609 1610 4691 ἀκριϐῶς
1654 4583 1862 4667 εἴσεται
1905 4626 1955 4667 τι

2051 4583 2216 4690 ptum
2248 4583 2549 4691 appareat.
2612 4609 2762 4672 Eum
2815 4583 3109 4692 sane,lqui
3138 4583 3247 4673 tali
3271 4583 3391 4673 non
3419 4583 3711 4691 glorietur

312 4727 371 4762 τε
413 4703 812 4780 ἀνεπιλήπτως,
846 4705 935 4760 καὶ
990 4705 1053 4759 τὸ
1083 4703 1160 4778 μὴ
1203 4703 1454 4764 ὡσαύτως
1486 4701 1540 4756 ἐν
1599 4701 1803 4765 τούτοις
1832 4722 1955 4779 γρα-

2052 4697 2448 4778 experientia,
2505 4699 2672 4761 nullo
2730 4700 2908 4762 modo
2958 4719 3093 4762 cum
3119 4699 3194 4761 iis
3222 4701 3506 4780 congredi
3533 4718 3712 4782 opor-

316 4794 477 4876 φῆναι
507 4792 847 4874 φαινόμενον.
882 4792 982 4851 Τόν
1029 4813 1092 4871 γε
1147 4794 1256 4868 μὴν
1309 4799 1386 4866 μή
1425 4789 1676 4855 τοιαύτην
1734 4790 1955 4867 αὐχοῦν-

2050 4796 2132 4849 tet
2159 4791 2198 4868 Ι,
2231 4805 2306 4849 ne
2336 4786 2577 4876 rudium
2606 4799 3004 4851 mercatorum
3045 4807 3232 4871 more,
3265 4789 3326 4851 in
3347 4789 3477 4852 auri
3505 4798 3563 4851 et
3599 4807 3705 4852 ar-

309 4875 377 4941 τα
399 4896 613 4962 πεῖραν,
648 4879 911 4959 μηδαμῶς
967 4880 1154 4944 αὐτοῖς
1212 4879 1432 4956 ὁμιλεῖν
1478 4895 1493 4909 ·
1541 4878 1634 4935 ’ίνα
1680 4878 1758 4954 μὴ
1829 4879 1955 4934 κατᾶ

2049 4876 2212 4957 genti
2229 4875 2493 4958 speciem
2522 4877 2975 4953 habentibus,et
3017 4877 3425 4956 subaeratis,ac
3442 4879 3712 4943 stanneis

1638 5044 1902 5109 VARUS
1934 5043 2372 5110 LECTIONES.

389 5132 420 5183 7
442 5134 508 5191 τα
536 5140 642 5191 τῶν
674 5138 933 5211 νομικῶν,
1017 5131 1051 5181 8
1079 5128 1427 5211 πολυσχιδές.

385 5252 411 5285 ι
442 5241 682 5305 liberos.
767 5240 795 5283 δ
823 5257 921 5303 eos
962 5236 1285 5313 docebant,
1317 5244 1388 5298 ut
1416 5237 1999 5316 pietatispmteatu
2027 5242 2238 5300 totam.
2323 5247 2347 5279 ο
2378 5242 2587 5300 tamen
2616 5242 2701 5300 εἰσ
2730 5254 2828 5300 eos
2874 5238 3255 5316 erudiebant,
3298 5245 3390 5304 ut.
3473 5241 3502 5285 ά
3530 5247 3590 5307 et
3617 5244 3711 5306 ir-

308 5321 666 5407 recusaba'le,
713 5320 986 5402 quodque
1029 5325 1233 5407 posset
1280 5318 1364 5379 eis
1395 5315 1756 5407 ablegandae
1784 5317 2099 5407 suﬁicereg
2153 5317 2394 5407 Corban
2436 5325 2565 5407 est,
2610 5319 2677 5381 id
2723 5326 2835 5407 est,
2885 5337 3114 5407 manus
3155 5315 3282 5386 Deo
3338 5321 3707 5407 dedicatum,

307 5405 464 5482 quod
491 5396 657 5481 cupis
685 5396 765 5464 ea:
789 5396 896 5464 me
912 5396 1444 5482 com'modicapere.
1491 5407 1515 5440 °
1538 5396 1547 5397 “
1570 5397 1871 5460 dedicata.
1917 5399 1938 5442 τ
1998 5399 2044 5458 A
2078 5396 2263 5482 beatas
2302 5403 2642 5482 memorias.
2686 5411 2715 5454 ε
2742 5396 3172 5482 digressiones.
3273 5403 3577 5468 tractabat
3603 5396 3721 5468 ille

307 5477 886 5564 auidem'subtilg‘ter
919 5479 1116 5564 legam
1145 5486 1202 5564 et
1230 5493 1530 5564 canonu_m
1556 5483 1783 5553 statua,
1818 5486 1874 5540 et
1906 5486 1995 5541 est
2040 5477 2115 5541 ab
2161 5477 2463 5541 omnibus.
2511 5479 2538 5521 ιι
2564 5477 2877 5545 lemmata.
2922 5483 2936 5525 ί
2979 5481 3311 5547 subtilitati
3340 5484 3485 5549 viri.
3522 5484 3542 5539 ἰ
3581 5502 3712 5548 sen-

309 5557 556 5627 tentias.
600 5562 630 5606 ¹ι
650 5561 930 5644 prolatas.
973 5557 994 5596 ἶ
1026 5560 1093 5622 in
1121 5560 1208 5621 eis
1232 5557 1473 5621 versari
1500 5564 1752 5639 oportet.

392 5805 518 5889 (35)
550 5803 654 5870 Ha
682 5817 824 5870 sunt
851 5803 1067 5870 ultimo
1098 5801 1232 5867 loco
1263 5798 1475 5885 positae
1501 5798 1566 5862 in
1594 5798 1708 5862 hoc
1737 5689 2281 5882 ἱρεοἪῖῗίὶηῙνα
2309 5794 2422 5861 col.
2461 5794 2604 5863 1034
2617 5797 2662 5879 ).
