4130 6416
375 328 495 397 983

372 554 658 618 damnum
686 563 747 618 et
772 555 836 617 in
867 555 995 637 ipsa
1023 563 1184 618 sorte
1213 557 1526 621 sustineat.

1764 333 1798 396 J
1803 333 1896 396 US
1934 333 2382 400 CANONICUM

371 464 705 547 negotians,
738 483 910 548 equo
940 482 1075 530 cum
1125 466 1324 529 anreis
1377 474 1439 529 et
1466 466 1768 546 argenteis
1793 466 2020 549 pretio;

2111 471 2233 534 τοὺς
2291 471 2656 552 ἀπειροτέρως
2752 481 2857 534 τῶν
2953 472 3331 552 ἐμπολούντων

2114 497 2233 534 τους
2291 497 2656 552 απειροτερους
2752 498 2857 534 των
2953 497 3353 556 εμποΑουντων,
3443 497 3513 532 κα

2114 574 2232 625 τοῖς
2290 576 2516 642 χρυσοῖς
2587 565 2675 622 καὶ
2730 564 3003 646 ἀργυροῖς,
3065 567 3154 623 καὶ
3209 566 3276 621 τὰ
3325 585 3536 646 χρυσοε.

368 642 703 727 ἀργυροειδῖη
762 646 850 702 καὶ
899 646 966 702 τὰ
1020 645 1329 726 ὑπόχαλκα,
1386 647 1475 703 καὶ
1524 648 1862 727 καττιτήρινα
1930 646 2181 723 ἐμπολῶν
2235 648 2290 724 9,
2363 652 2463 720 τὴν
2546 642 2776 729 ζημίαν”
2810 642 2907 711 καὶ
2989 655 3062 718 εἰς
3147 653 3276 710 αὐτὸ
3329 642 3425 711 ’τὸ
3482 676 3569 733 κει.

370 734 603 811 ι’)ποστῇ.
1695 763 1703 772 ·

452 821 644 884 Inter.
679 818 1009 903 Despondit
1033 820 1166 902 quis
1191 820 1306 884 sibi
1335 823 1595 905 puellam
1626 822 1758 886 sine
1777 841 2029 886 consue-

374 911 451 975 tis
479 910 667 974 sacris
699 910 1004 992 precibus,
1038 912 1149 973 sed
1180 930 1291 992 per
1319 932 1682 975 consensum
1713 923 1775 975 et
1802 913 2027 974 instru-

377 1008 714 1064 mentorum
747 999 1100 1081 scripturam
1138 1018 1152 1064 :
1185 1000 1424 1063 licet.ei
1456 1002 1690 1083 conjugi
1720 1021 1853 1064 cum
1888 1020 2029 1081 ger-

371 1107 549 1153 mana
602 1089 784 1170 hujus
836 1089 1050 1171 puellae
1103 1099 1498 1173 praemortuae,
1560 1090 1807 1154 necne?
1864 1091 2031 1153 Alius

2194 825 2306 909 Ἐρ.
2339 827 2768 905 Ἐμνηστεύσατό
2816 853 2897 895 τις
2968 853 3138 912 κορην
3193 834 3252 891 οὒ
3293 832 3432 908 μετᾶ
3500 837 3609 890 τῶν

2110 918 2252 987 ήθων
2281 921 2431 997 ἱερῶν
2482 920 2677 999 εὒχῶν,
2724 918 2877 999 ,ἀλλὰ
2933 918 3018 978 διὰ
3074 919 3416 986 συναινέσεως
3483 923 3570 978 καὶ
3626 943 3680 978 σι

2111 1003 2336 1064 ϐολαίων
2396 998 2626 1088 γραφεῖς.
2721 998 2969 1074 ιἘξεστιν
3045 1013 3188 1085 αὐτῷ
3272 1012 3621 1089 συζευχθῆναι
3694 1034 3718 1067 ἰ

2116 1091 2413 1177 αύταδέλφῃ
2469 1098 2539 1162 τῆ
2595 1097 2864 1168 τοιαύτης,
2940 1096 3130 1177 κόρης,
3188 1100 3262 1161 ὡς
3322 1099 3649 1172 τεθνηκυίας,
3725 1102 3762 1167 ἡ

373 1186 578 1242 autem
601 1177 843 1259 quidam
862 1178 1081 1265 eodem
1105 1178 1285 1241 modo
1312 1172 1554 1242 uxorem
1580 1180 1716 1255 sibi,
1738 1180 2020 1261 desponsa

2115 1181 2218 1263 03;
2260 1172 2488 1262 ’Έτερος
2518 1182 2573 1240 δέ
2603 1206 2684 1248 τις
2740 1186 2833 1241 τὸν
2861 1172 3019 1243 αὐτὸν
3074 1172 3272 1265 τρόπον
3329 1199 3557 1265 γυναῖκα
3620 1210 3766 1263 μνη-

373 1276 762 1349 praemortua,
795 1264 971 1327 aliam
1017 1265 1185 1328 duxit
1236 1284 1249 1329 :
1284 1286 1359 1329 an
1390 1268 1487 1331 hic
1518 1268 1789 1347 bigamus
1814 1287 2027 1332 cense-

372 1353 557 1431 bitur,
590 1370 783 1417 necne
806 1353 838 1414 ?

456 1445 593 1509 Res.
626 1441 771 1505 Duae
792 1442 1026 1524 piorum
1083 1444 1421 1526 principum
1460 1444 1708 1508 novellae
1736 1447 2024 1509 constitu-

371 1531 772 1615 tiones,prior
800 1532 1063 1614 quidem,
1099 1532 1322 1597 Leonis
1353 1535 1714 1616 philosophi,
1739 1536 2031 1616 posterior

372 1630 601 1702 autem,
633 1621 831 1685 Alexii
876 1621 1188 1700 Comneni,
1236 1643 1367 1706 qum
1396 1632 1537 1686 sunt
1573 1625 1939 1705 sponsalium
1971 1635 2030 1688 et

2113 1273 2486 1347 στευσάμενος,
2548 1272 2717 1342 ἄλλην
2813 1275 3047 1353 ἠγάγετο
3140 1276 3398 1343 θανούσης
3497 1274 3705 1343 ἐκείνης
3743 1291 3757 1305 ·

2114 1360 2213 1439 ἆρα
2242 1360 2329 1417 οὖν
2358 1364 2508 1425 οὗτος
2552 1364 2624 1426 ὡς
2654 1360 2875 1442 δίγαμος
2898 1362 3292 1442 λογισθήσεται,
3330 1364 3365 1433 ἢ
3395 1362 3455 1421 οὔ
3486 1383 3503 1444 ;

2195 1447 2318 1511 Ἀπ.
2380 1451 2481 1506 Δύο
2538 1448 2762 1510 εὐσεϐῶν
2850 1451 3111 1529 βασιλέων
3187 1455 3363 1533 νεαραὶ
3413 1454 3708 1530 νομοθεσίαι
3745 1470 3761 1487 ⁸

2110 1540 2144 1606 ἡ
2177 1539 2274 1615 μὲν
2338 1540 2745 1620 προγενεστέρα,
2776 1542 2811 1610 ἡ
2862 1548 2953 1598 τοῦ
3022 1549 3184 1624 σοφοῦ
3237 1540 3443 1611 δηλαδὴ
3475 1542 3696 1607 Λέοντος
3742 1562 3758 1577 ’

2110 1631 2144 1697 ἡ
2176 1628 2251 1705 δὲ,
2312 1632 2750 1712 μεταγενεστέρα,
2809 1634 2843 1701 ἡ
2886 1640 2979 1690 τοῦ
3049 1643 3330 1710 Κομνηνοῦ
3388 1632 3654 1709 Ἀλεξίου,
3701 1634 3770 1693 τὰ

371 1711 738 1803 nuptiarum,
800 1711 1108 1803 sapienter
1156 1720 1217 1803 et
1268 1713 1548 1792 religiose
1577 1714 1653 1776 ad
1684 1714 2020 1795 reipublicae

2111 1721 2227 1795 περὶ
2256 1725 2360 1775 τῶν
2419 1723 2719 1796 μνηπειὼν
2772 1722 2860 1778 καὶ
2904 1727 3012 1778 τῶν
3067 1723 3256 1801 γάμων
3314 1728 3494 1803 σοφῶς
3546 1744 3601 1780 τε
3672 1726 3769 1781 καὶ

370 1800 728 1866 Christianae
751 1810 1023 1863 ornatum
1071 1800 1475 1884 declararunt,
1511 1803 1829 1883 implentes
1852 1802 2028 1865 etiam

371 1899 642 1955 veterum
674 1892 897 1971 legum,
934 1911 1067 1973 qua:
1097 1892 1173 1955 de
1205 1893 1301 1956 liis
1332 1894 1463 1955 latae
1493 1901 1647 1970 sunt,
1682 1894 1981 1956 defectum
2009 1914 2025 1971 ;

369 2001 482 2046 nec
517 1983 678 2045 enim
707 1991 774 2046 ut
802 1984 908 2045 has
938 1984 1182 2046 omnino
1210 1986 1608 2065 reprobarent
1635 1984 2026 2065 abrogarent-

370 2089 511 2154 que,
535 2089 673 2134 suas
693 2071 782 2134 illi
804 2071 1126 2134 ediderunt
1145 2074 1617 2137 constitutiones.
1639 2072 2029 2154 Sponsalibus

369 2159 548 2239 igitur
576 2167 635 2222 et
661 2160 724 2221 in
754 2161 1035 2240 septenni
1088 2170 1258 2225 aetate
1303 2162 1490 2225 robur
1518 2163 1636 2225 illae
1667 2162 2023 2245 tribuerunt,

366 2267 663 2313 consensu
696 2250 824 2315 solo
857 2257 917 2313 et
967 2250 1505 2313 instrumentorum
1539 2252 1870 2333 scripturae.
1905 2252 2028 2315 Nec

363 2339 620 2421 amplius
649 2338 973 2422 quidquam
1007 2340 1069 2401 in
1100 2340 1175 2401 iis
1207 2349 1510 2403 caverunt.
1545 2342 1795 2422 Scriptae
1827 2350 2023 2404 autem

368 2428 619 2491 novellae
646 2452 687 2484 ιιι
713 2439 950 2510 tempus
980 2430 1169 2492 aetatis
1186 2437 1302 2491 tam
1327 2430 1554 2511 sponsi,
1572 2450 1744 2512 quam
1768 2449 2023 2512 sponsae,

367 2516 623 2580 ulterius
652 2518 1053 2598 producentes
1106 2518 1393 2581 ﬁnierunt
1426 2538 1439 2583 :
1500 2520 1859 2584 sancientes.
1894 2539 2025 2583 ma-

368 2622 501 2669 rem
530 2605 774 2687 quidem
827 2605 1051 2669 debere
1109 2607 1408 2670 decimum
1458 2618 1733 2690 qnartum
1777 2628 2022 2685 annum,

366 2693 653 2757 feminam
699 2701 899 2757 autem
952 2695 1256 2759 decimum
1307 2698 1549 2759 tertium
1580 2698 1880 2780 complere
1916 2716 1929 2760 :
1968 2707 2027 2760 et

368 2782 670 2866 sponsalia
696 2800 817 2847 non
860 2784 1052 2860 aliter,
1086 2805 1265 2867 quam
1289 2805 1459 2849 sacra
1489 2787 1849 2869 precatione,
1877 2806 2025 2850 con-

367 2872 596 2935 ﬁrmari
646 2873 1119 2951 constituerant;
1168 2883 1234 2937 ut
1291 2876 1434 2939 inde
1483 2877 1654 2958 juxta
1686 2876 2023 2958 nuptiarum

2113 1806 2363 1887 φιλοθέως
2413 1811 2545 1888 πρὸς
2646 1811 2926 1886 εὐκοσμίαν
2996 1810 3090 1869 τοῦ
3176 1818 3545 1891 Χριστιανικοῦ
3590 1810 3758 1870 πολι-

2110 1898 2369 1973 τεύματος
2431 1897 2804 1979 διετράνωσαν,
2863 1897 3312 1979 ἂναπληρώσασαι
3382 1903 3470 1958 καὶ
3540 1902 3602 1959 τὸ
3656 1908 3768 1959 τῶν

2109 1984 2351 2043 παλαιῶν
2397 1986 2571 2062 νόμων
2601 1988 2706 2044 τῶν
2762 1988 2880 2065 περὶ
2922 1988 3122 2045 τούτων
3176 1987 3435 2063 κειμένων
3464 1988 3763 2070 ὑστέρημα.

2111 2073 2239 2134 Οὐδὲ
2271 2077 2370 2154 γὰρ
2439 2073 2524 2133 ἐπ’
2580 2074 2822 2146 ἃθετήσει
2868 2080 2957 2133 καὶ
3011 2077 3167 2156 ἀργίᾳ
3237 2076 3453 2134 ἐκείνων
3509 2077 3769 2157 καθολικῇ

2108 2166 2198 2229 τὺς
2257 2166 2441 2226 ἑαυτοῦ
2498 2164 2752 2232 διατάξεις
2835 2165 3140 2246 ἐξήνεγκαν.
3216 2165 3453 2227 Ἐπετνοι
3512 2169 3609 2246 μὲν
3678 2168 3771 2227 οὖν

2109 2256 2196 2311 καὶ
2239 2255 2292 2311 ἐν
2322 2254 2571 2313 ἑπταετεῖ
2595 2254 2775 2330 ἡλικίᾳ
2812 2258 2900 2313 καὶ
2943 2256 3233 2315 συναινέσει
3303 2257 3441 2335 μόνῃ
3498 2257 3593 2316 καὶ
3623 2281 3767 2338 γρα-

2110 2350 2183 2424 (illi
2225 2342 2556 2420 σλμόολαίων
2588 2347 2648 2401 τὸ
2690 2346 2844 2424 κόρος
2900 2345 3210 2427 ἐχαριζοντο
3249 2361 3372 2412 ταῖς
3415 2350 3757 2427 μνηστείαις,

2110 2434 2199 2489 καὶ
2268 2435 2430 2491 πλέον
2486 2432 2631 2490 οὐδὲν
2685 2435 2884 2491 τούτων
2940 2436 3365 2515 περιειργάζοντο
3397 2456 3413 2473 ’
3472 2439 3525 2493 αἱ
3572 2436 3770 2516 ἀναγερ

2108 2523 2404 2601 γραμμέναι
2465 2521 2519 2578 δὲ
2576 2542 2752 2603 νεαραι
2808 2525 2896 2581 καὶ
2950 2526 3042 2581 τὸν
3110 2525 3319 2605 χρόνων
3390 2530 3488 2593 τῆς
3547 2524 3763 2595 ἡλικίας

2106 2617 2199 2667 τοῦ
2240 2632 2297 2667 τε
2341 2611 2641 2688 μνηστῆρος
2672 2615 2761 2668 καὶ
2807 2617 2905 2679 τῆς
2978 2613 3243 2689 μνηστῆς,
3303 2613 3391 2670 ἐπὶ
3447 2616 3507 2670 τὸ
3578 2612 3766 2691 πολλῴ

2107 2699 2269 2757 πλέον
2297 2700 2589 2758 ἐκτείνασαι
2646 2699 2978 2780 ὡροθέτησαν
3016 2717 3031 2731 ⁸
3092 2701 3424 2777 θεσπίσασαι,
3510 2702 3600 2759 τὸν
3661 2704 3763 2777 μὲν

2108 2787 2317 2867 ἅῤῥενα,
2403 2791 2494 2847 τὸν
2566 2788 3138 2869 τεσσαρεσκαιδέκατον
3223 2790 3484 2873 ἐνιαυτὸν,
3543 2792 3641 2860 τὴν
3709 2791 3767 2850 δὲ

2104 2877 2344 2958 θήλειαν,
2401 2880 2490 2936 τὸν
2582 2878 3007 2958 τρισκαιδέκατον
3089 2878 3459 2961 συμπληροῦν.
3520 2882 3592 2939 Τὸ
3661 2881 3767 2950 τὴν

369 2961 773 3044 privilegium,
792 2963 1070 3026 ﬁrmitate
1091 2964 1490 3028 indissolubili
1511 2967 1859 3051 glorientur.
1884 2968 2020 3040 Qum

2110 2970 2395 3044 μνηστείαν
2420 2968 2474 3025 δὲ
2526 2970 2629 3050 οὔχ
2678 2969 2841 3045 ἑτέρῳ
2909 2972 3010 3026 τινὶ
3048 2970 3273 3051 τρόπῳ,
3343 2969 3465 3027 ἀλλ’
3495 2970 3764 3050 ἱεροτελε-

363 3038 565 3114 autem
591 3038 892 3133 sponsalia
921 3071 1040 3114 non
1077 3053 1163 3115 sic
1184 3038 1611 3135 processerint,
1636 3048 1825 3133 irrita,
1853 3038 2020 3118 etve-

2109 3038 2225 3131 στίᾳ
2279 3038 2629 3136 βεϐαιοῦσθαῖ
2668 3056 2990 3125 διετάξαντο.
3042 3038 3134 3123 ὀξ
3205 3038 3272 3116 τό
3322 3057 3511 3117 ἄλυτον
3543 3038 3553 3050 '
3582 3060 3764 3117 ἐντεῦ-

365 3140 455 3203 lut
485 3159 605 3204 non
628 3140 786 3204 facta
807 3142 1497 3206 censeri.Verumtamen
1523 3163 1718 3226 neque
1741 3144 2024 3225 praedicta

365 3229 675 3313 septennis
701 3241 730 3274 ιι
759 3232 947 3294 aetatis
974 3238 1237 3294 veterem
1270 3234 1756 3297 constitutionem
1790 3252 2025 3296 cessare

366 3319 638 3401 omnino,
671 3318 778 3381 sed
812 3319 1087 3383 eﬂ‘ectum
1121 3321 1299 3383 etiam
1325 3323 1479 3385 hanc
1505 3341 1575 3385 ex
1607 3330 1772 3403 parte
1801 3320 2023 3386 habere

363 3414 719 3495 statuerunt,
766 3426 885 3471 non
944 3417 1008 3471 ut
1038 3410 1318 3492 perfectis
1348 3412 1737 3495 adaequentur
1765 3431 2019 3493 sponsa»

359 3494 659 3584 libus,sed
674 3504 898 3560 tantum
915 3499 1269 3562 conﬁrment
1284 3514 1309 3544 ο
1323 3494 1745 3564 conventiones
1758 3501 1831 3562 de
1846 3521 2021 3584 spon-

362 3583 591 3649 salibus
621 3586 826 3664 factas,
881 3588 1041 3649 velut
1086 3589 1396 3652 hominum
1428 3591 1643 3674 placita
1673 3590 2024 3672 simpliciter

360 3674 847 3756 stipulationibus
904 3677 1153 3741 munita.
1188 3678 1314 3742 Hoc
1345 3681 1623 3760 amplius,
1658 3687 1722 3742 ut
1750 3679 2024 3743 deﬁnitas

361 3770 424 3827 et
472 3763 806 3830 declaratas
854 3766 1193 3844 cognaticas
1241 3787 1525 3850 personas
1555 3767 1783 3849 ingredi
1808 3770 2017 3850 prohi-

355 3850 632 3917 beantad
657 3862 997 3936 separatam
1053 3874 1331 3938 sponsam
1378 3875 1404 3917 ρ
1432 3860 1555 3922 sive
1595 3859 1668 3920 ad
1700 3856 2014 3936 septimum

354 3941 628 4022 gradum,
663 3944 788 4006 sive
824 3944 901 4007 ad
954 3944 1260 4009 decimum
1313 3948 1554 4010 tertium
1585 3966 1839 4021 annum,
1866 3947 2016 4009 ratio

356 4032 750 4111 sponsalium,
776 4033 1108 4115 eorumque
1162 4034 1485 4116 disjunctio
1516 4060 1543 4104 «ι
1572 4035 1928 4099 constiterit.

2105 3150 2191 3204 θεν
2220 3149 2437 3204 κατὰτὸ
2487 3157 2580 3207 τοῦ
2661 3148 2834 3227 γάμου
2884 3149 3198 3229 προνόμιον,
3257 3149 3344 3206 καὶ
3400 3150 3598 3218 ταύτην
3655 3150 3758 3207 αὐ·-

2106 3249 2232 3317 χεῖν
2266 3253 2280 3269 ·
2328 3238 2415 3293 καὶ
2457 3238 2556 3305 τὴν
2629 3239 2706 3313 μὴ
2760 3238 2897 3295 οὕτω
2952 3236 3222 3318 προϐἆσαν
3292 3240 3611 3320 μνηστείαν,
3657 3239 3764 3296 ἀν-

2103 3326 2421 3402 υπόστατον,
2482 3326 2572 3383 καὶ
2640 3328 2712 3389 ὡς
2770 3326 2907 3404 μηδὲ
2969 3340 3250 3406 γεγονυῖαν
3307 3326 3623 3406 λογίζεσθαι.
3687 3331 3764 3387 Ού

2104 3414 2212 3490 μὴν
2258 3412 2376 3471 ἀλλ’
2424 3414 2540 3472 οὒδὲ
2595 3415 2694 3483 τὴν
2754 3417 2873 3496 περὶ
2942 3416 3037 3484 τῆς
3095 3414 3422 3484 δηλωθείσης
3482 3416 3760 3485 ἑπταετίας

2102 3503 2332 3562 παλαιὰν
2410 3505 2715 3581 νομοθεσίαν
2804 3507 3034 3586 ἀργησοι
3108 3504 3358 3579 καθόλου,
3416 3507 3479 3564 τὸ
3543 3507 3757 3589 ἐνεργὸν

2102 3591 2157 3648 δὲ
2199 3596 2287 3649 καὶ
2328 3593 2523 3661 ταύτην
2556 3593 2701 3674 ἔχειν
2731 3593 2792 3651 ἐκ
2841 3596 3029 3674 μέρους
3105 3594 3382 3653 ἐθέσπισαν
3415 3615 3432 3631 ·
3485 3598 3587 3678 οὐχ
3615 3598 3755 3655 ὥστε

2104 3684 2191 3739 καὶ
2221 3682 2518 3762 ἀπαρτίζειν
2583 3682 2789 3741 τελειαν
2856 3684 3163 3760 μνηστείαν,
3227 3683 3367 3741 ἀλλὰ
3407 3688 3567 3763 μόνον
3620 3708 3757 3766 κρα-

2107 3772 2260 3836 τύνας
2291 3771 2349 3823 ¹0
2375 3774 2475 3829 τασ
2515 3775 2630 3852 περὶ
2661 3774 2945 3849 μνηστείας
2974 3773 3307 3853 λογοποιίας,
3367 3777 3442 3839 ὡς
3471 3774 3757 3857 ἀνθρώπων

2107 3859 2289 3925 ἁπλῶς
2384 3860 2655 3941 ἀρεσκείας
2752 3862 3253 3945 κατησφαλισμένας
3333 3862 3690 3944 ἐπερωτήσεσι
3738 3882 3752 3896 ·

2106 3952 2194 4007 καὶ
2240 3950 2368 4031 πρός
2425 3971 2486 4030 γε
2567 3948 2790 4007 κωλύειν
2868 3952 3194 4033 εἰσέρχεσθαι
3264 3950 3350 4009 ἐπὶ
3406 3954 3505 4020 ’τὴν
3562 3953 3760 4026 ἀποζυ-

2105 4052 2292 4118 γεϊσαν
2383 4039 2624 4116 μνηστὴν
2682 4040 2748 4098 τὰ
2803 4040 3070 4120 ὡρισμένα
3159 4042 3245 4097 καὶ
3329 4040 3751 4123 ἐκπεφωνημένα

355 4123 643 4205 συγγενικᾷ
669 4127 953 4204 πρόσωπα,
1001 4123 1113 4181 εἴτε
1156 4126 1241 4184 ἐπὶ
1285 4129 1377 4184 τοῦ
1406 4124 1653 4203 ἑϐδόμου,
1691 4125 1804 4183 εἴτε
1833 4124 1919 4183 ἐπὶ
1960 4134 2051 4184 τοῦ
2080 4126 2505 4207 τρισκαιδεκάτου
2535 4128 2770 4185 ἐνιαυτοῦ
2810 4130 2837 4185 ὁ
2872 4134 2968 4197 τῆς
3001 4129 3285 4205 μνηστείας
3314 4129 3539 4198 συνέστη
3568 4127 3752 4211 λόγος,

347 4210 436 4267 καὶ
463 4212 498 4279 ἡ
527 4212 726 4279 ταύτης
758 4211 1000 4293 διαζυγή.

437 4297 658 4391 Sponsi
707 4297 908 4391 igitur,
960 4300 1039 4364 de
1089 4302 1305 4384 quibus
1335 4305 1573 4387 quaeris,
1631 4306 1858 4387 primus
1881 4307 2016 4389 qui-

2185 4309 2362 4368 Τοίνυν
2421 4311 2507 4366 καὶ
2566 4311 2613 4365 οἱ
2684 4309 3008 4388 μνηστῆρες,
3082 4307 3201 4386 περὶ
3250 4309 3326 4364 ὧν
3381 4308 3691 4391 ἠρώτησας,
3726 4312 3757 4366 ὁ

359 4383 525 4468 dem,
558 4385 840 4477 sigpuella
867 4396 993 4452 erat
1021 4383 1459 4472 septennis,aut
1492 4383 1847 4477 provectior,
1882 4383 2016 4459 cum

361 4475 667 4567 sponsalia
693 4478 823 4541 solo
853 4498 1151 4543 consensu
1182 4482 1341 4547 inter
1388 4475 1675 4547 eos—facta
1700 4495 1860 4562 sunt,
1885 4504 2018 4567 pro-

354 4562 600 4629 hibetur
650 4585 722 4630 ει
778 4567 910 4649 lege
964 4588 1312 4651 germanam
1346 4574 1472 4655 ejus
1497 4593 1742 4636 uxorem
1776 4562 2015 4655 ducere,

357 4662 592 4746 mortua
604 4655 1128 4723 videlicetilla.Sin
1142 4675 1341 4725 autem
1364 4662 1702 4725 eratminor
1714 4683 1819 4746 sep
1833 4665 2016 4742 tenni,

352 4740 560 4824 (natali
589 4752 764 4808 aetate
791 4765 903 4809 nec
934 4766 1043 4829 per
1096 4749 1285 4812 solum
1338 4770 1693 4814 consensum
1717 4740 2023 4834 sponsalia

353 4849 602 4913 prorsus
624 4836 956 4899 consistere
977 4837 1564 4917 dignoscuntur)sine
1586 4860 1649 4903 re
1659 4843 2019 4923 prehensio-

352 4937 431 4983 ne
452 4923 795 5011 et_crimine
822 4925 879 4988 ei
900 4926 1319 5007 conjungetur.
1346 4929 1613 4992 Annales
1630 4931 1791 4993 enim
1819 4931 2013 5011 legum

2103 4400 2199 4477 μὲν
2230 4401 2461 4482 πρῶτος,
2492 4402 2536 4455 εἰ
2578 4400 2676 4475 μὲν
2735 4399 2994 4467 ἐπταετὴς
3028 4400 3096 4466 ἧν
3125 4400 3159 4467 ἡ
3190 4399 3323 4478 κόρη
3392 4399 3428 4467 ἢ
3484 4400 3751 4479 ἐπέκεινα,

2103 4488 2263 4546 ὁπότε
2292 4488 2428 4547 κατὰ
2458 4487 2743 4544 συναίνεσιν
2775 4487 2942 4563 μόνην
2992 4487 3027 4555 ἡ
3060 4487 3219 4563 μέσον
3275 4488 3474 4546 τούτων
3543 4487 3745 4569 προέϐη

2103 4578 2380 4657 μνηστεία,
2465 4575 2824 4646 κωλυθήσεται
2911 4576 3011 4642 τὴν
3108 4574 3440 4657 αὖταδέλφην
3553 4579 3752 4646 ταύτης

2103 4667 2239 4722 κατὰ
2259 4666 2349 4721 τὸν
2379 4665 2541 4741 νόμον
2570 4665 2643 4729 εἰς
2672 4677 2899 4742 γυναῖκα
2968 4661 3177 4738 λαϐεῖν,
3248 4667 3507 4734 θανούσης
3566 4664 3756 4735 δηλον-

2104 4756 2184 4811 ότι
2215 4752 2442 4821 ἐκείνης.
2495 4755 2554 4811 Εἷ
2607 4752 2661 4809 δὲ
2717 4751 2946 4810 ἐλάττων
3000 4754 3263 4832 ἐτύγχανε
3323 4760 3430 4810 τῶν
3486 4754 3619 4812 ἐπτὰ
3668 4757 3754 4835 (ἐν

2101 4846 2315 4921 τοιαύτῃ
2348 4845 2448 4923 γὰρ
2475 4842 2656 4916 ⁹ἡλικίᾳ
2687 4840 2803 4902 οὐδὲ
2844 4840 2929 4898 διὰ
2985 4843 3155 4918 μόνης
3211 4842 3556 4911 συναινέσεως
3603 4868 3753 4921 μνη-

2102 4934 2246 4991 στεία
2301 4932 2437 4999 ὅλως
2509 4932 2859 5009 συνιστάμένη
2917 4931 3374 5013 ἐπιγινώσκεται),
3457 4934 3750 5011 ἀμέμπτως

352 5008 646 5104 terminos
676 5029 789 5078 nec
818 5031 1059 5093 novare,
1096 5034 1209 5080 nec
1261 5018 1467 5096 egredi
1496 5033 1519 5063 ν
1548 5008 2016 5100 ροεειιηιιιδξδε-

2109 5024 2186 5079 καὶ
2255 5023 2673 5100 ἀκατηγορήτως
2726 5020 2861 5098 αὐτῇ
2918 5008 3357 5101 συζευχθήσεταιγ.
3429 5008 3574 5087 Τοὺς*
3608 5046 3749 5104 χρο-

352 5097 587 5162 cundus
641 5109 866 5186 autem,
923 5104 1064 5186 quia
1137 5097 1580 5188 sponsaliorum
1649 5127 2008 5174 consensum

2109 5113 2269 5176 μικοὺς
2328 5097 2454 5193 γὰρ’
2497 5110 2646 5192 ὅρους
2699 5116 2805 5167 τῶν
2840 5097 3037 5187 νόμων
3111 5108 3228 5167 οὔτε
3282 5111 3557 5194 καινίζειν,
3634 5112 3750 5172 οὔτε

1678 5275 1936 5343 VABIIE
1978 5277 2420 5347 LECTIONES.

427 5394 463 5449 ο
491 5398 778 5475 ἐμπωλίὁν.
868 5402 931 5456 10
957 5412 1229 5484 κρατῦναι.

428 5542 473 5634 ξ
497 5548 691 5634 sugg
719 5534 883 5634 dicta
899 5553 1051 5634 pero
1069 5537 1591 5634 novellwn'neque
1615 5541 1689 5634 de
1709 5542 2007 5634 praedicta
2026 5545 2348 5634 septenni.
2374 5556 2399 5590 ο
2428 5563 2548 5610 non
2579 5552 2648 5609 ut
2674 5547 2897 5629 efﬁciat
2918 5548 3109 5629 plena
3135 5545 3477 5634 sponsalia,
3503 5551 3605 5634 sed
3625 5547 3756 5634 κη’

344 5611 849 5712 tetrico—nminat.
897 5626 924 5671 (ι
951 5619 1241 5712 decedere
1260 5611 1579 5712 prohibth
1709 5611 2384 5712 'separatam‘dioortio
2410 5611 2738 5708 sponsam."
2759 5611 2790 5683 lt
2811 5611 3311 5712 εἰυὲ-ἐεριὶἷηοί
3327 5611 3477 5694 sit}!
3507 5611 3745 5696 'dé'ciinb

343 5696 527 5759 tertio
555 5710 720 5761 anno
748 5696 1065 5777 sponsalia
1094 5696 1408 5765 contracta
1431 5702 1581 5784 sint,
1625 5708 1682 5768 et
1708 5696 1921 5768 eorum
1948 5711 2158 5769 secuta
2189 5696 2540 5790 dirempiz‘o.
2588 5719 2609 5748 τ
2634 5710 3008 5792 supergredi.
