4130 6450
372 393 491 466 985

1696 384 2275 456 GRMO‘ROMAN
2282 387 2391 452 ΗΜ
2403 433 2417 449 .

3632 380 3752 449 986

369 527 694 611 ὑπερϐαίνειν
763 525 1045 605 δυνάμεθα.
1133 517 1192 586 ὀ
1262 521 1319 584 δέ
1397 546 1459 605 γε
1533 518 1769 605 δεύτερος
1814 517 2004 611 ἐπειδη)

2102 517 2393 611 solemnis
2421 525 2726 583 sacrorum
2757 516 3109 611 celebratio,-
3127 522 3195 611 nt
3219 514 3750 611 recitatio,an-

370 610 773 698 1ﬁ0uv¢wécet
814 623 914 686 τῆς
957 619 1243 695 μνηστείας
1290 617 1327 684 ἡ
1372 615 1602 687 συνήθης
1643 610 2015 693 ίεροτελεστία.

372 710 446 773 ὥς
498 710 534 777 ἡ
590 707 884 789 ἀφήγησις,
944 708 1039 765 οὒκ
1079 702 1506 774 ἐπηκολούθησεν
1552 720 1571 740 ’
1628 700 1871 780 ούδαμῶς
1942 701 2017 764 ὡς

372 796 591 877 δίγαμος
646 795 1042 877 λογισθήσεται.
1123 794 1302 871 Γάμον
1383 793 1485 874 γὰρ
1554 794 1615 849 0-3
1689 789 2018 870 λογοπραγία

371 887 693 962 συνίστησιν,
751 882 872 943 ἀλλ’
933 883 1050 943 οὐδὲ
1117 883 1315 966 φανερὰ
1367 882 1404 951 ἢ
1473 881 1690 961 λαθραία
1766 880 2018 960 συνάφεια

371 973 607 1056 (πορνεία
675 975 777 1055 γάρ
817 974 965 1033 ἐστιν
1008 973 1192 1055 αὕτηκ,
1250 974 1426 1053 εὐχῶν
1482 970 1538 1028 δὲ
1579 974 1732 1051 ἱερῶν
1792 966 2009 1044 ἐπῳδαὶ,

365 1064 455 1122 καὶ
495 1065 563 1122 τὰ
601 1065 799 1132 ταύτης
859 1063 1141 1125 ἀκόλουθα,
1202 1069 1321 1128 Πῶς
1378 1059 1431 1117 δὲ
1500 1062 1590 1118 καὶ
1644 1059 2013 1139 λογισθήσεται

365 1151 610 1235 δίγαμος,
654 1153 692 1222 ἢ
736 1142 1182 1230 ὀνομασθήσεται,
1228 1154 1257 1209 ὁ
1314 1150 1391 1228 μή
1451 1150 1627 1230 γάμου
1682 1145 2014 1235 πεπειραμέ-

364 1233 479 1324 νος,
553 1244 810 1308 τοιούτοις
864 1243 1168 1322 προνομίοις
1225 1239 1701 1319 ἐγκοσμουμένους
1777 1233 2014 1295 Καθόλου

362 1329 418 1389 δὲ
444 1332 512 1390 τὰ
539 1339 647 1391 τῶν
674 1330 1023 1390 συναινέσεων
1054 1330 1231 1408 μόνων
1264 1328 1359 1410 (ὡς
1404 1329 1460 1385 ἐν
1501 1325 1772 1408 κεφαλαίῳ
1825 1326 2015 1396 εἰπεῖν)

361 1420 449 1478 ἐπί
477 1443 536 1479 τε
577 1421 823 1479 συστάσει
888 1419 1198 1500 μνηστείας,
1259 1419 1347 1476 καὶ
1396 1416 1481 1475 ἐπὶ
1535 1417 1709 1496 γάμου
1764 1413 1908 1472 λύσει
1950 1415 2012 1471 τὸ

361 1506 628 1590 ἄπρακτον
656 1509 716 1568 ἐκ
756 1516 864 1567 τῶν
905 1507 1292 1587 διαληφθεισῶν
1333 1513 1532 1586 νεαρῶν
1561 1503 1843 1571 διατάξεων
1871 1503 2007 1561 ἀπέ-

362 1598 637 1679 νέγκαντο,
668 1601 713 1657 εἰ
765 1600 851 1657 καὶ
899 1597 984 1657 ἐπὶ
1035 1598 1143 1655 τῶν
1185 1595 1545 1678 πρεσϐυτέρων
1601 1598 1921 1671 νομοθεσιῶν
1949 1595 2010 1650 τὸ

360 1689 551 1768 κράτος
581 1689 869 1757 ἐκέκτηντο
880 1730 897 1750 .

537 1783 744 1837 ΗΛΙΟΥ
786 1786 915 1837 ΤΟΥ
957 1781 1479 1836 ΜΗΤΡΟΠΟΛΙΤΟΥ
1523 1780 1792 1834 ΚΡΗΤΗΣ

366 1885 393 1923 ι
426 1863 759 1947 Ἀποκρίσεις
787 1867 919 1947 πρός
952 1888 1070 1923 τινα
1101 1866 1343 1947 μοναχὸν
1377 1864 1646 1921 Διονύσιον
1677 1863 1792 1943 περὶ
1816 1860 2003 1941 διαφό-

811 1946 917 2029 ρων
960 1948 1118 2006 αὒτοῢ
1146 1946 1480 2027 ἐρωτήσεων.
1519 1966 1543 2002 ι

438 2046 510 2104 Τὸ
580 2052 677 2122 μὲν
720 2044 932 2109 ἀσθενὲς
987 2049 1088 2113 τῆς
1144 2044 1280 2121 ἐμῆς
1338 2040 1563 2105 διανοίας
1614 2041 1705 2097 καὶ
1787 2036 2004 2119 ἄπορον,

355 2134 676 2211 πνευματικὲ
704 2132 916 2216 ἀδελφέ,
952 2133 1146 2215 ἐπεῖχέ
1190 2154 1291 2210 μω
1349 2132 1446 2200 τὴν
1490 2128 1733 2211 γλῶτταν
1781 2131 1911 2208 πρὸς
1942 2130 2008 2186 τὰ

357 2223 499 2303 παρᾶ
561 2229 653 2282 σοῦ
710 2220 1100 2304 διαπορητικῶς
1156 2221 1534 2303 προτεινόμενα
1569 2237 1585 2252 ·
1637 2219 1725 2275 καὶ
1794 2224 2005 2296 ναρκῶ-

358 2333 457 2369 σαν
482 2312 609 2392 εἶχε
655 2314 787 2392 πρὸς
831 2312 987 2371 τοῦτο
1044 2311 1144 2380 τὴν
1202 2324 1391 2392 χεῖρα,
1435 2310 1526 2367 καὶ
1593 2310 1724 2388 πρὸς
1797 2308 2003 2389 γραφὴν

358 2399 617 2476 μηδαμῶς
667 2401 1004 2479 κινουμένην.
1071 2393 1129 2460 Ὀ
1185 2398 1241 2457 δὲ
1282 2411 1559 2463 ταπεινοῖς
1607 2399 1696 2455 καὶ
1746 2398 2003 2466 ὑπηκόοις

355 2494 695 2571 φωταγωγῶν
723 2488 892 2555 διδοὺς
923 2492 1106 2572 χάριν,
1164 2491 1253 2547 καὶ
1305 2491 1363 2546 ἒν
1415 2487 1604 2554 ἀνοίξει
1646 2493 1739 2545 τοῦ
1795 2487 2003 2563 στόμα-

353 2602 443 2646 τος
483 2588 578 2639 τοῦ
606 2581 730 2661 παρ’
804 2586 960 2642 αὺτοῦ
998 2580 1217 2655 πληρῶν
1259 2579 1585 2658 πνεύματος,
1657 2575 1907 2656 ἑῤῥώννυέ
1946 2575 2004 2633 τὲ

354 2692 456 2746 μου
500 2672 563 2728 τὸ
605 2671 841 2753 ἀσθενὲς,
898 2672 986 2729 καὶ
1027 2672 1092 2732 τὰ
1134 2668 1302 2746 δεσμὰ
1356 2672 1456 2738 τῆς
1510 2666 1755 2747 γλώττης
1783 2663 1997 2725 δπέλυε·

352 2762 441 2817 καὶ
468 2761 601 2840 πρὸς
632 2760 840 2842 γραιρὴν
888 2761 1128 2842 ὀργῶσαν
1174 2760 1272 2827 τὴν
1328 2759 1447 2837 πρὶν
1505 2762 1781 2837 ναρκῶσαν
1837 2769 2003 2836 χεῖρα

353 2839 654 2912 ἐδείκνυεν,
702 2839 869 2910 υὸθεν
922 2839 1017 2909 διὰ
1071 2849 1166 2906 σοῦ
1220 2854 1297 2925 τῷ
1352 2850 1410 2905 ἒν
1452 2849 1533 2905 σοὶ
1583 2845 1827 2905 λαλοῦντι
1886 2852 2002 2922 Θεῷ

353 2939 693 3018 πειθόμενος,
736 2937 1012 3008 ἐπικλινὴς
1042 2951 1162 3004 τοῖς
1193 2950 1314 3002 σοῖς
1361 2936 1683 3014 ἐπιτάγμασι
1730 2935 1942 3014 γίνομαι
1979 2951 1994 2968 ⁸

350 3028 438 3085 καὶ
477 3028 603 3094 ταῖς
648 3041 771 3094 σαῖς
815 3030 1008 3110 εὐχαῖς
1050 3026 1334 3106 θαῤῥήσας,
1410 3025 1604 3103 ἀνοίγω
1674 3025 1737 3082 τὸ
1799 3025 1995 3100 στόμα,

351 3118 443 3174 τὸν
487 3117 758 3198 ἐφεστῶτα
788 3118 960 3192 τούτῷ
1001 3115 1164 3199 φόϐον
1210 3113 1611 3181 ἐκτιναξάμενος
1646 3134 1661 3150 ·
1733 3114 1821 3172 καὶ
1891 3112 1995 3170 λαο

348 3203 501 3277 λήσω
528 3194 673 3287 ’πρὸς
716 3207 782 3264 τὰ
844 3207 986 3286 παρὰ
1015 3194 1026 3199 ⁷
1046 3211 1139 3262 σοῦ
1194 3206 1604 3285 προτεινόμενα,
1664 3206 1724 3263 οὖ
1784 3194 2055 3282 ῥήματαο

346 3300 448 3364 τῆς
516 3295 653 3373 ἐμῆς
718 3294 951 3362 διανοίας
1022 3296 1353 3376 γεννήματα,
1414 3292 1553 3351 ἀλλὰ
1620 3299 1713 3350 τοῦ
1771 3290 1995 3375 τυφλοὺς

347 3386 686 3466 φωτίζοντος,
715 3387 806 3443 καὶ
831 3386 955 3449 τοὺς
985 3384 1264 3449 ἀσυνέτους
1294 3382 1670 3455 συνετίζοντος,

429 3473 576 3534 Ἐπεὶ
616 3474 673 3532 δὲ
711 3477 814 3556 πρὸ
869 3476 975 3533 τῶν
1030 3473 1406 3555 ἠπορημένων,
1468 3472 1737 3553 ἑρμενείαν
1795 3472 1995 3544 ἐζήτη-

348 3585 446 3629 σας
506 3574 600 3625 τοῦ
656 3566 800 3644 παρὰ
855 3572 933 3641 τῷ
1002 3562 1222 3643 μεγάλῷ
1283 3561 1535 3640 βασιλείῳ
1604 3559 1999 3640 ἐϐδομηκοστοῦ

347 3653 593 3730 κανόνος,
624 3656 682 3719 ὃς
724 3655 819 3712 τὸν
867 3654 923 3711 ἐν
970 3653 1174 3735 χείλεσι
1231 3651 1517 3729 μιανθέντα
1575 3649 1836 3731 διάκονον,
1911 3653 1997 3709 καὶ

346 3743 508 3825 μέχρι
582 3745 768 3805 τούτου
837 3742 1202 3823 ἡμαρτηκέναι
1274 3740 1709 3820 ὁμολογήσαντα,
1786 3740 1996 3822 διείργει

346 3832 445 3910 μὲν
491 3839 590 3902 τῆς
646 3834 788 3901 θείας
851 3832 1197 3913 λειτουργίας,
1260 3831 1512 3911 μετέχειν
1579 3829 1634 3888 δὲ
1688 3838 1795 3889 τῶν
1838 3833 1994 3912 ἁγια-

345 3924 562 3998 σμάτων
636 3946 773 4001 μετα
856 3929 962 3981 τῶν
1036 3921 1292 3979 διακόνων
1364 3920 1571 3989 ἀνίησιν
1605 3938 1620 3954 ·
1695 3920 1994 3988 ἀκολούθως

342 4009 443 4091 ἄρα
468 4014 557 4071 καὶ
598 4015 763 4090 ἡμεῖς
805 4014 907 4082 τὴν
936 4019 1030 4070 τοῦ
1077 4010 1301 4076 κανόνος
1344 4010 1598 4092 ἀσάφειαν
1656 4008 1989 4092 διαλύσομεν,

340 4090 552 4161 καὶτοῦ
587 4102 931 4184 ἠπορημένου
974 4102 1073 4170 τὴν
1115 4100 1265 4159 λύσιν
1308 4090 1626 4176 ποιήσομεν.
1690 4090 1838 4159 υΟσοι
1896 4102 1995 4178 μὲν

341 4190 431 4249 οὖν
460 4213 622 4273 τινες,
660 4194 751 4250 τὸν
791 4192 987 4250 κανόνα
1036 4197 1222 4250 τοῦτον
1279 4190 1585 4271 ἑρμηνεύειν
1643 4190 1990 4268 πειρώμενοι,

340 4276 426 4337 διὰ
464 4288 557 4338 τοῦ
626 4280 680 4338 ἒν
736 4280 942 4363 χείλεσι
1001 4288 1238 4357 μιασμοῦ
1302 4279 1533 4359 κρυφίως
1602 4275 1993 4346 ὑποδηλοῦσθαι

2099 610 2243 672 cuta‘
2256 615 2348 672 est
2363 620 2415 682 ﬁ;
2443 618 2819 692 nequaquam
2848 606 3119 688 bigamus
3150 603 3744 686 habebitur.Nuptias

2100 698 2261 761 enim
2293 717 2412 761 non
2439 699 2625 763 verba
2651 699 3041 774 constituunt,
3074 696 3180 759 sed
3222 714 3337 759 nec
3379 702 3620 778 apertus
3657 693 3749 758 vel

2100 787 2510 851 clandestinus
2540 786 2893 851 concubitus
2921 784 3245 867 (scortatio,
3275 785 3435 848 enim
3450 785 3579 848 hec
3601 784 3742 866 est),-

2100 876 2205 940 sed
2219 894 2520 940 sacrarum
2537 895 2780 960 precum
2798 876 3062 940 carmina
3077 874 3364 958 ‘,quaahis
3376 892 3747 956 consequen-

2098 964 2197 1029 tia.
2232 965 2499 1040 Quonam
2527 975 2726 1030 autem
2777 966 2954 1028 modo
3001 972 3100 1027 aut
3152 962 3541 1028 aestimabitur
3568 963 3743 1044 biga-

2098 1073 2252 1132 mus,
2287 1055 2671 1133 autdicetnr,
2723 1055 2824 1138 qui
2872 1074 2995 1118 non
3046 1062 3138 1118 est
3192 1064 3470 1137 expertus
3512 1055 3745 1137 nuptias

2097 1144 2208 1206 hac
2261 1145 2695 1227 praerogativa.l
2719 1150 3075 1208 exornatas?
3120 1146 3186 1205 In
3240 1144 3586 1207 universum
3635 1162 3742 1206 au-

2097 1239 2217 1295 tem
2246 1234 2387 1297 solae
2415 1233 2844 1297 conventiones
2902 1242 2985 1310 (ut
3034 1233 3097 1296 in
3145 1251 3379 1296 summa
3430 1232 3655 1314 dicam)
3685 1242 3745 1297 et

2096 1323 2169 1386 ad
2201 1323 2683 1389 constitutionem
2734 1323 3222 1411 sponsalium,_et
3265 1323 3601 1403 nuptiarum
3637 1343 3741 1387 so-

2094 1412 2409 1494 lutionem,
2443 1432 2513 1477 ex
2546 1430 2726 1494 supra
2754 1432 2779 1463 ν
2804 1408 3260 1495 comprehensis
3290 1412 3544 1476 novellis
3590 1431 3738 1476 con-

2093 1502 2501 1567 stitutionibus
2540 1503 2696 1567 vires
2722 1503 2916 1565 nullas
2940 1502 3187 1584 habent,
3219 1503 3359 1565 licet
3386 1502 3740 1585 antiquiori-

2093 1591 2204 1655 bus
2236 1591 2757 1672 legumlationibus
2781 1591 2965 1655 robur
2993 1590 3407 1675 acquisiissent
3435 1611 3482 1655 ι.

2248 1775 2441 1841 ELl/E
2484 1776 3101 1844 METBUPOLITANI
3144 1774 3412 1839 CRETIE
3457 1775 3610 1858 (36).

2130 1865 2408 1948 Reponsa
2438 1868 2519 1931 ad
2549 1868 2914 1950 Dionysium
2942 1865 3331 1950 monachum,
3351 1866 3427 1930 de
3446 1867 3703 1930 diversis

2628 1948 3213 2029 interrogationibus

2169 2040 2399 2123 Ingenii
2455 2042 2696 2124 quidem
2754 2040 3132 2107 imbecillitas
3183 2050 3243 2105 et
3291 2040 3514 2123 inopia,
3551 2048 3740 2105 trater

2089 2131 2396 2213 spiritalis,
2428 2132 2688 2213 linguam
2720 2131 2984 2195 cohibuit
3015 2149 3210 2194 meam
3242 2131 3316 2193 ad
3346 2150 3437 2208 ea,
3462 2150 3595 2212 qum
3621 2143 3738 2195 ate

2089 2239 2223 2283 cum
2252 2222 2620 2285 dubitatione
2657 2221 2958 2304 proposita
3002 2228 3141 2283 sunt
3171 2229 3229 2282 et
3257 2238 3500 2284 manum
3547 2223 3621 2286 ad
3674 2221 3735 2284 id

2088 2316 2421 2392 torpentem
2447 2310 2673 2393 habuit,
2707 2319 2767 2373 et
2814 2329 3186 2393 nequaquam
3226 2312 3300 2372 ad
3348 2309 3731 2374 scribendum

2087 2399 2518 2475 mobilem.Qui
2545 2410 2743 2465 autem
2774 2400 3106 2464 humilibus
3136 2408 3194 2463 et
3222 2399 3536 2480 morigeris
3559 2400 3734 2463 lumi-

2085 2506 2228 2552 num
2259 2489 2427 2553 dedit
2447 2492 2689 2571 gratiam
2720 2533 2746 2576 ι
2774 2501 2832 2553 et
2860 2490 2921 2552 in
2943 2489 3065 2553 oris
3092 2497 3373 2572 apertura
3398 2508 3506 2552 suo
3526 2489 3735 2572 implet

2086 2576 2320 2658 spiritu,
2354 2577 2825 2643 imbecillitatem
2854 2597 3053 2642 meam
3084 2578 3482 2654 conﬁrmavit,
3521 2587 3581 2641 et
3610 2578 3732 2640 lin-

2083 2683 2217 2743 gnaa
2262 2666 2490 2730 vincula
2541 2667 2834 2744 dissolvit,
2888 2685 3245 2749 manumque
3279 2676 3455 2730 antea
3484 2675 3733 2750 torpen-

2084 2764 2232 2831 tem,
2276 2754 2351 2819 ad
2412 2757 2798 2820 scribendum
2852 2757 3156 2821 incitatam
3201 2756 3495 2820 ostendit:
3527 2776 3542 2821 :
3574 2757 3735 2821 unde

2086 2860 2193 2924 per
2222 2854 2281 2908 te
2310 2845 2431 2908 Deo
2463 2847 2525 2909 in
2557 2855 2614 2909 te
2643 2846 2912 2928 loquenti
2963 2848 3411 2928 obtemperans,
3441 2845 3516 2909 ad
3552 2853 3680 2909 tuas
3707 2861 3734 2892 ι

2083 2950 2179 2994 me
2209 2944 2522 3016 prosterno
2542 2936 2940 3019 jussiones,et
2970 2936 3086 3000 tuis
3116 2933 3562 3016 precationibus
3581 2954 3729 2998 con-

2083 3022 2294 3100 ﬁdens,
2329 3043 2396 3086 os
2425 3026 2651 3106 aperio,
2685 3033 2846 3088 metu
2867 3025 2969 3108 qui
2992 3044 3129 3089 eum
3151 3022 3466 3088 cohibebat
3486 3023 3729 3089 ltexens-

2081 3128 2187 3174 so:
2224 3122 2283 3175 et
2309 3114 2382 3175 ad
2426 3132 2518 3191 ea,
2574 3123 2858 3196 quaeate
2915 3114 3215 3197 proposita
3272 3120 3431 3190 sunt,
3492 3113 3724 3196 loquar,

2079 3221 2199 3266 non
2264 3202 2468 3280 verba,
2546 3204 2665 3267 mei
2736 3205 2920 3268 fetum
2985 3204 3346 3280 intellectus,
3405 3203 3512 3266 sed
3570 3204 3725 3285 ejus,

2079 3292 2181 3374 qui
2227 3311 2418 3357 caecos
2477 3292 2803 3370 illuminat,
2864 3302 2923 3358 et
2970 3293 3168 3357 stultis
3224 3293 3325 3356 dat
3380 3291 3727 3375 intelligen-

2077 3382 2242 3443 tiam.

2159 3471 2452 3546 Quoniam
2480 3483 2676 3539 autem
2702 3482 2839 3539 ante
2868 3475 3045 3548 ea,de
3074 3473 3725 3557 quibusdubitas,quae-

2081 3561 2231 3624 siisti
2253 3563 2805 3645 interpretationem
2825 3564 3246 3647 septuagesimi
3260 3563 3504 3626 canonis
3528 3562 3728 3643 magni

2079 3653 2308 3734 Basilii,
2341 3653 2445 3735 qui
2474 3655 2791 3717 diaconum
2819 3654 3003 3718 labris
3031 3654 3343 3737 pollutum,
3387 3662 3443 3715 et
3482 3659 3728 3716 eatenus

2078 3757 2144 3804 se
2174 3760 2455 3824 peccasse
2502 3745 2868 3820 confessum,
2917 3752 3084 3807 arcet
3111 3762 3145 3806 a
3173 3761 3341 3806 sacro
3368 3740 3723 3815 ministerio,

2078 3831 2611 3896 sanctiﬁcationum
2640 3854 2666 3886 ο
2692 3841 2887 3897 autem
2908 3834 3038 3897 ﬁeri
3069 3832 3415 3916 participem
3444 3850 3582 3895 cum
3601 3830 3727 3895 dia-

2077 3920 2245 3983 conis
2269 3922 2410 3984 sinit
2434 3944 2450 3986 :
2480 3932 2926 4006 consequentur
2945 3931 3108 3987 certe
3132 3931 3192 3986 et
3221 3941 3329 3985 nos
3356 3922 3603 3985 canonis
3624 3921 3725 3984 ob-

2074 4010 2417 4075 scuritatem
2445 4012 2839 4077 dissolvemus
2869 4013 3332 4077 etdubitationis
3362 4011 3722 4074 solutionem

2075 4098 2774 4186 faciemus.Qua3cunque
2799 4102 3232 4186 igiturquidam
3256 4120 3544 4166 canonem
3563 4101 3727 4164 hunc

2076 4188 2461 4271 interpretari
2492 4203 2801 4269 conantes,
2832 4195 3064 4259 occulte
3092 4192 3417 4275 signiﬁcari
3448 4191 3730 4254 dixerunt

2079 4297 2189 4361 per
2216 4279 2508 4343 labiorum
2539 4282 2953 4364 pollutionem,
2974 4283 3213 4346 silentio
3236 4301 3396 4346 nunc
3417 4280 3727 4366 praeterire

340 4370 605 4452 εἰρήκασι,
652 4356 779 4451 σιγῇ
822 4380 907 4430 νῦν
949 4356 1235 4451 παρελθεῖν
1306 4356 1439 4425 αὖτᾶ
1499 4365 1701 4448 ἔκρινα,
1759 4371 1833 4435 ὡς
1901 4368 1997 4427 οὒκ

2092 4356 2339 4434 iecrevi.
2366 4356 2569 4453 utpote
2597 4390 2731 4453 quae
2762 4392 2877 4435 non
2911 4356 3027 4435 tam
3049 4373 3370 4449 aediﬁcare,
3403 4356 3721 4454 quam-de-

339 4456 664 4551 οἰκοδομεῖν,
733 4457 871 4519 ἀλλὰ
930 4463 1228 4538 καθαιρεῖν,
1282 4454 1542 4532 δυνάμενα
1596 4457 1720 4520 τοὺς
1769 4457 1992 4515 ἀκούον-

2092 4465 2310 4521 struere
2334 4461 2559 4541 possint
2586 4461 3086 4551 auditores.Quod
3115 4471 3313 4527 autem
3349 4460 3494 4523 mihi
3524 4460 3728 4523 dicere

336 4569 455 4613 τας.
497 4544 563 4607 ”Ο
604 4547 661 4606 δὲ
715 4547 835 4625 ἒμοί
891 4569 948 4605 τε
990 4547 1166 4628 λέγειν
1216 4544 1449 4628 ἀσφαλὲς
1503 4545 1591 4602 καὶ
1643 4548 1706 4603 τὸ
1747 4556 1842 4607 τοῦ
1881 4570 1987 4604 κα·-

2092 4555 2290 4626 ;utum,
2325 4559 2384 4612 et
2414 4550 2663 4613 canonis
2703 4551 3123 4616 obscuritatem
3156 4571 3224 4615 ex
3256 4571 3322 4614 se
3342 4552 3726 4632 conjectared

336 4636 487 4702 νόνος
554 4637 755 4720 ἀσαφὲς
810 4639 942 4719 πρὸς
998 4638 1156 4694 ἑαυτὸ
1200 4632 1537 4711 συμϐιϐάζειν
1579 4632 1793 4692 δύναται
1836 4657 1989 4694 τουτο

2092 4645 2286 4713 Jotest,
2312 4638 2371 4699 id
2393 4639 2597 4703 dicere
2614 4641 2898 4704 conabor.
2932 4641 3333 4706 Auxiliabitur
3355 4649 3552 4703 autem
3577 4640 3729 4702 mihi

335 4726 424 4783 καὶ
454 4723 629 4806 λέγειν
666 4726 1006 4807 πειράσομαι.
1057 4725 1376 4805 Συνεργήσει
1426 4722 1482 4780 δέ
1512 4745 1603 4800 μοι
1658 4725 1789 4804 πρὸς
1832 4732 1988 4785 τοῦτο

2092 4725 2142 4788 ul
2176 4726 2289 4789 hoc
2321 4735 2379 4789 et
2413 4729 2570 4810 quod
2627 4729 2688 4791 in
2741 4730 3077 4810 Evangeliis
3132 4730 3352 4794 dicitur
3378 4750 3411 4792 a
3444 4727 3717 4792 Domino.

335 4814 423 4870 καὶ
464 4815 525 4870 τὸ
574 4814 629 4871 ἐν
669 4828 788 4880 τοῖς
822 4813 1161 4902 Εὖαγγελίοις
1204 4815 1306 4869 ὑπὸ
1347 4818 1440 4902 τοῦ
1498 4812 1682 4902 Κυρίου
1751 4810 1984 4893 λεγόμε-

2092 4812 2395 4888 )ualeuam
2446 4818 2599 4881 hoc?
2646 4818 2995 4900 Respiciens
3026 4820 3255 4902 (inquit)
3287 4820 3723 4892 mnlierem,-ut

335 4924 446 4966 νον.
494 4911 659 4962 Ποῖον
698 4911 904 4986 τοῦτο,
963 4898 1025 4964 ιί.)
1054 4902 1322 4980 ἐμϐλέψας
1369 4901 1543 4983 (φησὶ)
1591 4905 1796 4981 γυναικὶ
1854 4907 1983 4985 πρὸς

2092 4905 2452 4987 :oncupiscat
2471 4898 2810 4989 ipsam,jam
2838 4898 3166 4973 moechatus
3192 4898 3279 4973 est
3302 4928 3431 4972 eam
3455 4909 3514 4971 in
3539 4910 3723 4975 corde

332 4993 395 5050 τὸ
449 4992 771 5072 ἐπιθυμῆσαι
843 4999 1032 5071 αὐτῆς,
1079 4992 1184 5063 ἤδη
1230 4992 1544 5073 ἐμοίχευσεν
1601 4991 1763 5060 αὐτὴν
1809 4993 1863 5050 ἐν
1916 5002 1985 5073 τῇ

2092 5016 2204 5060 :uo.
2239 4995 2302 5061 Si
2325 4996 2506 5076 igitur
2528 5016 2687 5080 eum,
2705 4999 2807 5079 qui
2833 5002 2907 5063 ad
2935 4998 3476 5081 concupiscentiam
3492 5007 3718 5063 tantum

1641 5149 1904 5218 unus
1944 5128 2388 5225 LECTIONES.

410 5307 433 5342 ι
456 5286 619 5374 sicut
646 5293 732 5374 est
761 5287 828 5351 in
841 5287 1009 5374 facti
1033 5285 1421 5374 narratione,
1453 5293 1696 5374 nonest
1722 5292 1950 5374 secuto:
1972 5319 2053 5374 με
2079 5289 2497 5374 recitationes.
2547 5369 2564 5374 _
2600 5329 2629 5361 ιι
2648 5290 2749 5374 Ιιίε
2771 5289 3137 5374 privilegiis.
3245 5309 3372 5374 γεω
3401 5293 3717 5358 indicatis.

328 5393 355 5427 ι
381 5364 569 5455 robur
591 5364 942 5433 habuerint.
1026 5381 1052 5424 ι
1075 5364 1477 5455 luminart'ttm
1501 5367 1625 5431 dot.
1728 5391 1750 5423 ι
1776 5367 2066 5433 reddidit.
2172 5382 2200 5416 ι
2227 5371 2351 5435 tuis
2377 5369 2709 5434 mandatis.
2771 5364 2822 5417 ’δ
2851 5373 2959 5455 qui
2985 5364 3038 5436 Et
3069 5372 3364 5439 obstabat.
3447 5385 3472 5418 ε
3497 5392 3719 5439 sacra-

327 5451 690 5511 mentorum.
779 5476 805 5520 α
828 5466 1027 5513 secum
1054 5447 1412 5514 conciliare.

563 5566 571 5623 ἰ
1886 5552 2137 5631 ΝΟΤᾸΕ.

561 5594 571 5623 ,
1888 5594 2137 5631 um...

407 5657 1058 5764 (i9.F!iw__9s¥92§és
1106 5663 1381 5764 θρίδαξιιὶ
1417 5662 1777 5764 ειιδξετῐίρεξὲ
1827 5670 1996 5764 ,θξβιι
2077 5666 2403 5764 "tenerius
2431 5665 2493 5729 in
2532 5664 2992 5764 Νιιῐξηιθειυιειν
3021 5682 3527 5764 nuntiassent“
3556 5668 3720 5734 Gm-

327 5739 658 5837 i'nActis-n
699 5743 920 5837 synodi.
948 5739 1231 5837 Nicasn'te,
1277 5739 1509 5837 alioqui-
1545 5739 1848 5837 γιιξβτεο
1878 5743 1991 5807 sub
2072 5763 2141 5810 ce
2170 5746 2392 5825 editus,
2425 5756 2615 5812 exstat
2641 5739 3008 5831 Patrologiae
3040 5739 3186 5814 tom'.
3217 5749 3473 5817 XXXVI.

324 5816 500 5886 Irena
526 5828 586 5887 et
612 5816 1234 5910 Con'stantino,Augg.
1269 5816 1501 5890 vixerit.
1532 5858 1613 5873 —
1640 5816 1983 5908 Ejus'com-
