4128 6482
427 423 548 492 989

1761 411 2487 482 GRECO-ROMANUM.

3711 410 3832 477 990

427 552 720 614 ἀποϐαλεῖν
749 551 903 614 αὐτά.
953 551 1134 616 Οὕτως
1185 551 1284 631 γὰρ
1327 549 1416 608 καὶ
1456 555 1534 624 τῷ
1580 547 1760 605 κανόνι
1817 546 1963 606 ἔσται
2023 548 2080 604 τὸ

2175 564 2284 608 non
2323 546 2418 623 iis,
2461 547 2563 630 qui
2611 547 2807 612 adhuc
2848 547 3179 630 pauxillum
3227 549 3478 631 spirant,
3513 544 3821 610 interdixit

428 643 762 701 ἀδιάπτωτον
799 659 812 673 ⁸
873 642 932 705 ὃς
989 645 1048 699 0-3
1096 653 1214 704 τοῖς
1260 639 1446 717 μικρόν
1477 637 1552 694 ἔτι
1583 636 1895 714 ἐμπνέουσιν
1927 637 2086 695 ἀπεί-

431 755 560 814 ρηκε
590 733 690 800 τὴν
721 729 1050 811 μετάληψιν,
1082 729 1218 786 ἀλλὰ
1249 742 1367 795 τοῖς
1398 741 1605 814 νεκροῖς
1640 727 1872 814 σώμασι,
1898 728 1974 784 Τὰ
1988 727 2088 806 γὰρ

431 812 585 898 νεκρὰ
619 818 795 900 (φησὶ)
831 819 1054 894 σώματα
1097 817 1212 876 οῦδέ
1241 815 1449 889 λαϐεῖν,
1485 813 1600 875 οῦδὲ
1630 827 1820 895 φαγεῖν
1851 812 2084 874 δύναται.

427 909 600 988 Νεκρὰ
629 906 710 989 δὲ,
747 911 819 964 ὧν
865 905 969 975 ἤδη
1002 906 1218 974 ἆπέπτη
1257 909 1292 975 ἡ
1325 907 1506 986 ψυχή.

435 1033 460 1071 a
497 1017 620 1094 Περὶ
649 1025 744 1075 τοῦ
772 1014 1070 1088 ἐπεισάκτῳ
1099 1016 1304 1093 γυναικὶ
1335 1020 1702 1075 συνοικοῦντος
1731 1011 1830 1075 ἕως
1861 1012 2084 1068 θανάτου

1134 1099 1314 1154 αῦτοῦ.
1353 1119 1380 1150 ι

515 1202 770 1282 Δεύτερον,
806 1210 1040 1260 τοιοῦτον
1072 1204 1133 1259 τὸ
1177 1201 1453 1282 ἐρώτημα,
1513 1202 1556 1256 εἰ
1612 1198 1694 1255 δεῖ
1761 1199 1822 1254 τὸ
1891 1197 2080 1277 μέχρις

429 1291 667 1372 ἐσχάτης
771 1293 1002 1360 ἐκπνοῆς
1081 1293 1406 1366 συνεισάκτῳ
1495 1289 1702 1368 γυναικὶ
1771 1290 2078 1367 συμφθειρο-

430 1381 574 1456 μένῳ
601 1380 942 1456 μεταδιδόναι
987 1388 1091 1438 τῶν
1135 1381 1285 1438 θείων
1337 1380 1703 1458 ἔιγιασαάτων,
1752 1380 1787 1443 ἢ
1831 1378 1930 1451 μή.
1987 1377 2084 1431 Διὰ

428 1472 490 1527 τὸ
519 1470 917 1552 καταληφθῆναι
948 1478 1132 1528 τοῦτον
1187 1471 1288 1526 ὑπὸ
1345 1476 1438 1526 ἐυῦ
1495 1468 1794 1545 ἐκθεριστοῦ
1859 1466 2082 1525 θανάτου

430 1560 484 1616 ἐν
517 1568 586 1637 τῇ
632 1559 733 1633 ἰδίᾳ
786 1561 1037 1637 ἁμαρτίᾳ.
1102 1552 1163 1618 Ἠ
1226 1561 1322 1636 μὲν
1379 1562 1466 1616 οῦν
1521 1558 1779 1638 ἐρωτήσις
1835 1558 2077 1631 τοιαύτῃ,

429 1650 517 1715 Τίς
547 1649 600 1707 δὲ
629 1653 657 1707 6
689 1653 807 1730 περὶ
858 1653 1044 1708 τούτου
1102 1650 1262 1730 λόγος
1321 1653 1524 1728 ἡμῶν,
1586 1651 1643 1706 Ei
1701 1646 1798 1723 μὲν
1867 1649 1894 1702 6
1951 1647 2082 1724 πρὸς

429 1739 620 1804 αὐταῖς
651 1755 772 1804 ταῖς
805 1741 1061 1822 ἐσχάταις
1121 1741 1413 1804 ἀναπνοαῖς
1456 1739 1764 1817 γενόμενος,
1796 1737 1869 1800 εἷς
1898 1737 2079 1792 συναί-

428 1833 611 1897 σθησιν
655 1829 817 1886 ἐλθὼν
867 1832 960 1886 τοῦ
1002 1828 1428 1909 ἆπαραλογίστου
1483 1827 1786 1906 λογοθεσίου
1843 1826 1930 1881 καὶ
1983 1830 2080 1891 τῆς

431 1918 730 1995 μελλούσης
803 1921 1046 1999 κρίσεως,
1111 1917 1448 1999 ἐθριάμϐευσέ
1517 1939 1574 1975 τε
1636 1917 1734 1984 τὴν
1797 1914 2076 1994 ἁμαρτίαν,

431 2008 518 2064 καὶ
569 2006 954 2086 ἐπηγγείλατο,
1011 2010 1055 2065 εἰ
1139 2005 1469 2079 παλινζωίας
1557 2003 1813 2082 τεύξεται,
1887 2001 2081 2078 μηκέτι

433 2098 564 2177 πρὸς
606 2098 703 2165 τὴν
758 2097 1014 2177 ἁμαρτίαν
1071 2096 1392 2176 ὑποστρέψαι
1427 2111 1440 2125 ⁸
1502 2096 1588 2151 καὶ
1639 2095 1774 2169 μετὰ
1803 2088 2080 2172 συντριϐἦς

430 2183 724 2265 ,ηρδιακῆς
782 2186 1092 2267 θερμότερον
1177 2184 1520 2264 ἐξελιπάρησε
1595 2193 1688 2242 τοῦ
1763 2188 2086 2238 Δεσποτικοῦ

439 2273 682 2350 σώματός
721 2297 777 2332 τε
835 2277 922 2332 καὶ
976 2275 1206 2352 αἵματος
1264 2273 1571 2342 ἀξιωθῆναι,
1630 2270 1906 2341 ἆξιωθήτω
1967 2269 2086 2326 τού-

439 2385 554 2438 του,
588 2365 756 2420 πίστει
785 2370 885 2432 τῆς
915 2366 1058 2444 παρὰ
1101 2372 1232 2422 Θεοῦ
1279 2363 1688 2445 φιλανθρωπίας.
1767 2368 1930 2420 Τοῦτο
1985 2360 2086 2438 γάρ

437 2452 603 2528 οἶμαι
645 2456 853 2511 καὶτὸν
915 2445 989 2532 ιγ’
1043 2455 1236 2511 κανόνα
1287 2461 1394 2510 τῶν
1449 2453 1504 2510 ἐν
1561 2453 1749 2524 Νικαίᾳ
1805 2448 2084 2508 συνελθόν-

433 2561 544 2600 των
603 2543 849 2622 Πατέρων
893 2547 1021 2623 πρὸς
1064 2551 1140 2620 τῷ
1193 2542 1332 2600 τέλει
1391 2543 1842 2618 ἐπισημήνασθαι,
1900 2539 1954 2595 ἐν
2009 2561 2088 2612 τῳ

436 2632 618 2711 φάναι,
655 2633 890 2691 Καθόλου
947 2633 1002 2691 δὲ
1060 2637 1149 2691 καὶ
1206 2635 1325 2714 περὶ
1383 2634 1614 2696 παντὸς⁴
1651 2632 1950 2688 οὑτινοσοῦν
2011 2627 2086 2692 ἐξα

438 2718 733 2802 οδεύοντος,
793 2724 1058 2788 αἰτοῦντος
1130 2725 1192 2780 τὸ
1275 2723 1575 2802 μετασχεῖν
1635 2717 2010 2800 Εῦχαριστίας,
2059 2719 2088 2772 6

440 2808 727 2875 ἐπίσκοπος
795 2814 930 2886 μετὰ
1002 2811 1311 2888 δοκιμασίας
1380 2808 1706 2887 μεταδιδότω
1758 2831 1856 2877 της
1917 2830 2088 2886 προσ-

441 2906 628 2980 φορᾶς.
677 2902 735 2958 Εἰ
779 2891 828 2956 δ’
881 2899 1024 2961 οῦδὲν
1070 2909 1331 2982 τοιοῦτον,
1378 2899 1484 2958 οὔδ’
1545 2900 1596 2956 ἐν
1656 2903 1824 2978 καιρῷ
1863 2898 2088 2971 τοιούτῷ

441 2987 763 3066 ἐπεδείξατο,
815 2989 967 3070 (ὅπερ
1023 2991 1206 3071 ἄπείη)
1267 2993 1294 3048 6
1355 2991 1451 3066 μὲν
1521 2991 1606 3046 ἐπὶ
1663 2996 1816 3044 τοῦτο
1853 3009 2086 3067 προσκε-

442 3076 709 3155 κλημὲνος
753 3081 937 3158 ἱερεὺς,
985 3083 1162 3160 πόρρω
1211 3081 1532 3158 ἀφιστάσθω,
1596 3078 1942 3154 μνημονεύων
1995 3083 2089 3132 τοῦ

2172 635 2660 718 participatione;
2709 637 2815 699 sed
2863 638 3114 701 mortuis
3172 638 3543 721 corporibus.
3598 639 3822 698 Mortua

2170 725 2354 801 enim,
2387 727 2603 810 inquit,
2634 746 2884 808 corpora
2905 747 3100 810 neque
3123 747 3384 810 sumere,
3419 745 3614 808 neque
3635 727 3820 789 edere

2171 823 2439 967 poslsunt.
2475 821 2704 881 Mortua
2733 825 2929 880 autem
2963 827 3124 895 sunt,
3157 837 3191 880 a
3221 817 3437 900 quibus
3459 817 3659 880 anima
3689 817 3815 897 jam

2171 922 2274 966 avo
2301 914 2437 967 avnt.

2169 914 2437 968 avolavit.

2209 1011 2302 1074 De
2331 1030 2401 1076 eo
2430 1015 2536 1092 qui
2565 1015 2648 1075 ad
2677 1020 2934 1156 morte";
2960 1032 3152 1158 ιῖςςγιιῗ
3178 1023 3490 1077 emtranew
3530 1013 3780 1076 mulieri

2828 1113 2894 1157 00
2939 1114 2973 1156 α
3020 1116 3037 1154 ι
3072 1114 3107 1156 α
3146 1144 3157 1154 .

2828 1113 3157 1157 οοηαοιῑαι.

2245 1199 2519 1263 Secunda
2550 1201 2933 1282 interrogatio
2965 1201 3312 1283 hujusmodi
3344 1210 3458 1276 est,
3497 1221 3570 1264 an
3602 1201 3680 1277 ei,
3714 1200 3816 1282 qui

2162 1290 2238 1351 ad
2271 1299 2601 1352 extremum
2657 1311 2846 1373 usque
2895 1293 3167 1371 spiritum
3200 1311 3336 1354 cum
3370 1299 3648 1354 extranea
3677 1310 3812 1352 mu-

2161 1379 2573 1461 liere,turpem
2610 1382 2898 1462 transegit
2927 1383 3102 1443 vitam
3128 1403 3178 1456 ιι,
3213 1381 3334 1443 sint
3362 1381 3686 1459 largiendae
3715 1380 3812 1441 di-

2162 1469 2310 1531 vinae
2340 1470 2836 1532 sanctiﬁcationes
2854 1485 2900 1547 ο,
2931 1489 3162 1552 necne;
3215 1481 3528 1552 propterea
3557 1469 3712 1552 quod
3752 1469 3814 1532 in

2164 1558 2405 1638 proprio
2439 1569 2680 1640 peccato
2712 1579 2745 1622 a
2775 1560 3039 1623 falcifera
3073 1570 3263 1623 morte
3284 1562 3694 1641 deprehensus
3713 1558 3811 1623 sit.

2161 1647 2318 1708 Talis
2370 1662 2462 1709 est
2502 1647 2683 1728 igitur
2729 1649 3136 1727 interrogatio.
3190 1649 3472 1723 Quaenam
3507 1657 3706 1712 autem
3739 1648 3813 1710 de

2164 1737 2276 1797 hoc
2309 1735 2479 1798 nobis
2504 1737 2721 1799 oration
2742 1746 2860 1802 est?
2887 1741 2949 1801 Si
2979 1740 3218 1822 quidem
3251 1740 3352 1821 qui
3374 1740 3446 1800 ad
3481 1748 3809 1800 extremum

2164 1825 2358 1903 ipsum
2393 1826 2637 1888 halitum
2676 1828 2971 1909 redactus,
3005 1829 3076 1890 ad
3109 1828 3535 1890 conscientiam
3565 1829 3807 1888 veniens

2165 1933 2283 1976 non
2329 1915 2628 1978 fallacium
2686 1917 3158 1992 ratiociniorum,
3219 1919 3518 1998 futurique
3569 1916 3807 1996 judicii,

2169 2003 2558 2084 publicaverit
2615 2016 2946 2089 peccatum,
3007 2020 3064 2072 et
3124 2008 3430 2089 professus
3486 2006 3562 2068 sit
3618 2025 3711 2082 se,
3762 2005 3811 2067 si

2167 2094 2498 2171 reviviscat,
2533 2095 2605 2158 ad
2637 2096 2696 2158 id
2733 2117 2848 2158 non
2896 2115 3301 2178 reversurum,
3350 2105 3410 2159 et
3453 2095 3810 2158 contritione

2168 2183 2365 2245 cordis
2412 2184 2718 2249 ardentius
2770 2187 3150 2267 postulaverit
3192 2185 3488 2248 Dominici
3543 2185 3811 2266 corporis

2165 2283 2230 2335 et
2274 2274 2580 2354 sanguinis
2620 2275 3106 2338 communionem
3150 2276 3414 2338 mereriq
3456 2293 3470 2338 :
3514 2285 3812 2337 mereatur

2169 2380 2275 2442 per
2330 2363 2544 2426 divinae
2592 2364 2925 2427 clementia:
2980 2365 3183 2429 ﬁdem.
3243 2365 3306 2426 ld
3365 2365 3524 2426 enim
3555 2363 3813 2426 arbitror

2167 2462 2225 2514 et
2256 2453 2331 2514 13
2359 2472 2648 2516 canonem
2695 2459 2959 2538 Patrum,
2991 2456 3091 2536 qui
3142 2456 3342 2520 Nicete
3371 2460 3806 2529 convenerunt,

2167 2543 2242 2604 ad
2272 2543 2452 2604 finem
2482 2544 2840 2624 significare,
2876 2564 3008 2607 cum
3062 2546 3146 2607 ait
3176 2563 3190 2608 :
3225 2545 3290 2608 In
3326 2563 3556 2606 summa
3585 2551 3806 2618 autem,

2169 2633 2283 2695 der
2311 2633 2580 2714 quolibet
2610 2636 2959 2710 excedente,
2989 2643 3048 2698 et
3074 2634 3465 2698 Eucharistize
3501 2633 3812 2715 participa-

2172 2723 2394 2784 tionem
2428 2725 3011 2806 petente,episcopus
3030 2743 3165 2786 cum
3192 2723 3628 2787 examinatione
3649 2722 3812 2784 obla-

2172 2811 2397 2874 tionem
2426 2812 2750 2893 impertiat.
2783 2813 2949 2887 Quod
2984 2813 3034 2875 si
3067 2814 3214 2876 nihil
3247 2814 3383 2890 tale,
3419 2813 3510 2876 vel
3542 2831 3612 2875 eo
3657 2821 3813 2874 tem-

2169 2920 2312 2982 pore
2332 2902 2519 2983 (quod
2551 2901 2726 2985 absit)
2757 2903 3106 2984 ostenderit)
3136 2925 3152 2980 ;
3184 2905 3285 2985 qui
3314 2903 3387 2966 ad
3408 2903 3469 2966 id
3499 2903 3818 2966 advocatus

2169 2991 2349 3053 fuerit
2393 2993 2692 3068 sacerdos,
2746 2995 2951 3073 procul
2999 3001 3401 3057 revertatur':
3437 3011 3666 3056 memor
3693 2993 3816 3055 Do-

2173 3081 2319 3142 mini
2350 3082 2854 3156 Christi,dicentis
2880 3083 2942 3144 in
2967 3083 3284 3164 Evangelio
3321 3101 3334 3146 :
3359 3082 3452 3146 Ne
3471 3084 3821 3164 proficiatis

450 3168 718 3225 Δεσπότου
762 3177 987 3247 Χριστοῦ
1018 3170 1069 3227 ἐν
1113 3183 1230 3234 τοῖς
1292 3167 1633 3247 Εῦαγγελίοις
1692 3166 1964 3246 λέγοντος,
2000 3168 2088 3234 Μὴ

2175 3179 2388 3233 sancta
2415 3171 2686 3248 canibus,
2722 3191 2912 3253 neque
2949 3179 3208 3236 mittatis
3257 3175 3630 3251 margaritas
3681 3179 3821 3236 aute

445 3256 651 3335 ῥίπτετε
707 3259 773 3314 τὰ
838 3259 964 3338 ὁίγια
1017 3274 1135 3324 τοῖς
1218 3261 1353 3334 κυσὶ,
1443 3257 1574 3332 μηδὲ
1663 3256 1885 3335 βάλλετε
1967 3258 2089 3317 τοῦς

447 3348 772 3425 μαργαρίτας
852 3347 1142 3429 ἔμπροσθεν
1224 3352 1328 3406 τῶν
1404 3349 1626 3428 χοίρων.
1710 3350 1807 3406 Καὶ
1876 3347 2093 3428 προσέτι

445 3445 536 3494 τοῦ
567 3436 799 3513 μεγάλου
857 3435 1185 3497 Ἀποστόλου
1237 3451 1514 3496 κοινωνεῖν
1573 3437 1867 3516 ἀλλοτρίοις
1915 3439 2092 3516 ἁμαρ-

445 3525 678 3600 τήμασιν
721 3526 1163 3609 ἀπαγορεύοντος.
1229 3521 1284 3588 Ὀ
1347 3527 1403 3585 δὲ
1462 3528 1560 3595 τὴν
1619 3529 1868 3594 τοιαύτην
1923 3549 2096 3585 κατα-

447 3611 598 3682 δίκην
655 3621 1096 3700 καταψηφισθεὶς,
1159 3620 1342 3676 ἑαυτὸν
1402 3618 1676 3678 αἰτιάσθω.
1723 3616 1949 3695 Εἴρηται
2006 3617 2104 3695 γὰρ

447 3705 547 3760 ὑπὸ
589 3714 679 3764 τοῦ
709 3713 840 3764 Θεοῦ
881 3706 966 3770 διά
996 3732 1136 3775 τινος
1166 3717 1271 3767 τῶν
1301 3711 1610 3788 προφητῶν,
1659 3707 1749 3765 Ἐν
1857 3706 1990 3786 εὕρω
2015 3728 2098 3784 σε,

449 3791 504 3848 ἐν
544 3794 716 3870 τούτῳ
747 3793 811 3864 δὴ
839 3799 927 3854 καὶ
969 3807 1131 3876 κρινῷ
1187 3821 1269 3862 σε,
1339 3797 1564 3875 Εὕρηται
1622 3795 1676 3852 δὲ
1734 3799 1884 3859 οὗτος
1941 3795 1994 3851 ἐν
2037 3801 2105 3872 τῇ

449 3879 551 3954 ἰδίᾳ
593 3884 842 3964 ἁμαρτίᾳ.
879 3889 976 3945 Καὶ
1019 3890 1096 3963 μή
1142 3888 1230 3965 μοί
1257 3909 1344 3950 τις
1388 3889 1480 3943 τὸν
1523 3896 1613 3945 τοῦ
1670 3884 1904 3963 μεγάλου
1965 3883 2102 3962 1‘91..-

452 3972 630 4050 γορίου
685 3981 776 4030 τοῦ
833 3974 886 4030 ἐν
949 3979 1176 4054 θαύμασι
1232 3974 1551 4056 περιϐοήτου
1610 3976 1805 4031 κανόνα
1863 3995 2104 4053 προσφε-

453 4060 610 4142 ρέτω,
670 4063 728 4126 ὃς
777 4078 894 4131 τοῖς
952 4065 1007 4122 ἐν
1063 4069 1220 4124 παντὶ
1273 4074 1350 4142 τῷ
1420 4065 1603 4146 χρόνῳ
1643 4070 1742 4132 τῆς
1801 4062 1931 4138 ἷδὶαξ
1963 4065 2104 4135 ζωῆς

2173 3279 2426 3341 porcos:
2462 3271 2519 3322 et
2551 3270 2832 3342 praeterea
2866 3263 3062 3342 magni
3111 3262 3400 3344 Apostoli,
3432 3265 3704 3336 vetantis,
3742 3279 3819 3323 ne

2177 3350 2309 3430 quis
2340 3369 2473 3413 cum
2505 3351 2718 3413 alienis
2745 3351 3005 3433 peccatis
3035 3353 3460 3415 communicet.
3494 3351 3603 3424 Qui
3626 3358 3824 3413 autem

2179 3439 2518 3519 bujusmodi
2566 3441 2866 3504 sententia
2915 3441 3229 3503 damnatus
3260 3442 3376 3504 erit
3405 3440 3668 3522 seipsum
3729 3457 3840 3502 ac-

2180 3538 2372 3592 cuset.
2408 3529 2640 3592 Dictum
2676 3531 2837 3596 enim
2869 3550 2902 3592 a
2939 3534 3061 3594 Deo
3086 3540 3175 3594 est
3216 3549 3323 3612 per
3355 3532 3731 3612 prophetam,
3770 3531 3841 3592 ln

2188 3638 2304 3700 quo
2333 3628 2390 3682 te
2421 3621 2730 3695 invenero,
2763 3621 2823 3681 in
2857 3639 2926 3684 eo
2959 3628 3016 3682 te
3039 3620 3345 3700 judicabo.
3408 3620 3691 3682 Inventus
3719 3639 3833 3681 au-

2187 3718 2306 3770 tem
2339 3709 2436 3772 hic
2464 3718 2554 3772 est
2583 3709 2641 3771 iu
2678 3710 2917 3790 proprio
2951 3717 3220 3790 peccato.
3273 3709 3481 3790 Neque
3529 3709 3676 3770 mihi
3707 3709 3844 3790 quis

2188 3798 2386 3878 magni
2438 3798 2708 3876 Gregorii
2762 3818 2867 3880 per
2923 3799 3211 3861 miracula
3251 3798 3513 3860 celebris
3573 3797 3848 3875 proferat

2186 3888 2606 3967 canonem,qui
2633 3897 2749 3949 toto
2785 3889 2920 3951 vitae
2941 3908 3062 3950 suae
3086 3887 3848 3970 temporeexcommunica-

2189 3979 2351 4040 tione
2402 3979 2734 4059 damnatos,
2797 3978 2856 4040 in
2917 3987 3190 4058 tempore
3221 3977 3418 4040 exitus
3468 3976 3848 4037 communio-

2194 4087 2328 4130 nem
2363 4069 2722 4148 participare
2751 4067 3008 4148 benigne
3042 4068 3370 4150 permittit:
3405 4085 3524 4128 non
3571 4065 3731 4127 enim
3772 4066 3848 4128 de

452 4148 836 4220 ἂκοινωνησίαν
896 4161 1311 4237 κατακριθεῖσιν,
1399 4155 1453 4212 ἐν
1525 4157 1694 4235 καιρῴ
1775 4158 1874 4221 τῆς
1935 4151 2090 4218 ἐξόδοι

2197 4159 2270 4220 iis
2300 4159 2579 4240 loquitur,
2614 4178 2764 4240 quos
2795 4148 3169 4240 peccatilnon
3203 4156 3448 4238 poenitet
3477 4177 3491 4226 ;
3524 4155 3628 4218 sed
3647 4154 3722 4218 de
3743 4154 3844 4230 iis,

454 4240 732 4307 κοινωνίας
777 4259 1076 4326 μετασχεῖν
1135 4245 1518 4326 φιλανθρώπως
1576 4244 1805 4324 ἐφίησιν,
1868 4246 1940 4301 Οὐ
2011 4243 2090 4322 γᾶί

2196 4249 2299 4330 qui
2349 4250 2588 4330 quidem
2618 4256 2920 4329 apeccato
2965 4249 3089 4328 jam
3149 4254 3557 4319 recesserunt,
3609 4244 3848 4326 placare

457 4330 574 4408 περὶ
605 4336 711 4386 τῶν
741 4331 1120 4408 ἆμετανοήτων
1176 4335 1416 4416 εἴρηκεν,
1468 4333 1605 4395 ἀλλὰ
1647 4335 1764 4408 περὶ
1802 4333 1908 4388 τῶν
1967 4332 2090 4388 ἀπο-

2195 4348 2390 4403 autem
2453 4342 2638 4402 Deum
2715 4356 2823 4418 per
2905 4339 3059 4401 banc
3118 4337 3358 4416 longam
3439 4334 3845 4417 paenitentiam

454 4417 689 4474 στάντων
746 4421 844 4497 μὲν
892 4421 997 4494 ἤδη
1040 4425 1136 4493 τῆς
1182 4425 1460 4504 ἁμαρτίας,
1522 4420 1839 4489 ἐξιλεοῦσθαι
1909 4419 1962 4476 δὲ
2019 4423 2090 4476 τὸ·

2197 4429 2459 4493 damnati
2489 4417 2758 4491 fuerunt.

455 4508 585 4594 Θεὸν
656 4505 741 4565 διὰ
799 4513 899 4579 τῆς
964 4520 1170 4594 μακρᾶς
1253 4515 1449 4580 ταύτης
1513 4511 1792 4588 μετανοίας
1851 4511 2180 4588 κατακρι-Ι)

451 4592 646 4652 θέντων
657 4642 672 4657 .

461 4721 491 4756 α
551 4705 675 4784 Περὶ
731 4713 848 4781 τοῦ,
910 4710 954 4766 εί
1037 4709 1120 4768 δεῖ
1172 4712 1261 4768 τὸν
1333 4709 1632 4784 ἐπεισάκτῳ
1686 4708 1892 4786 γυναικὶ
1949 4729 2090 4764 συνοι

2199 4705 2302 4786 An
2324 4708 2605 4786 oporteat
2634 4719 2788 4769 eum.
2822 4701 2933 4786 qui
2962 4716 3097 4762 cum
3128 4705 3422 4760 extranea
3445 4696 3853 4786 mulierem-

539 4791 754 4866 κοῦντα,
841 4791 976 4864 μετὰ
1057 4795 1162 4848 τῶν
1245 4793 1344 4859 την
1429 4788 1716 4848 ἁποϐίωσιν
1775 4793 1873 4855 τῆς
1931 4790 2090 4844 ἐαυτο

2285 4775 2620 4866 ὺίῑὶιῂᾷροδι
2660 4775 2877 4866 uxoris
2908 4785 3346 4866 suosmortem,
3397 4777 3476 4838 ad
3522 4775 3731 4839 binubi
3760 4776 3856 4841 vel

537 4862 809 4998 govzugtk,
845 4862 850 4864 ⁷
919 4873 990 4936 εἷς
1094 4870 1319 4950 διγάμου
1431 4871 1468 4939 ἢ
1571 4870 1832 4950 τριγάμου
1913 4869 2118 4944 βαθμον
2284 4864 2517 4928 trinubi
2543 4863 2803 4945 gradum
2833 4862 3083 4941 suscipi.

567 4965 698 4998 ενεσ
731 4971 808 4998 αι,
851 4974 877 4998 I

567 4944 785 5025 ἐχεσθαι
798 4996 810 5010 .
849 4974 877 5007 ι

540 5049 855 5131 ’Πρώτησας
882 5062 1013 5139 πρὸς
1044 5063 1274 5135 τούτοις,
1337 5067 1451 5125 πῶς
1493 5056 1578 5115 δεῖ
1619 5057 1807 5115 καλεῖν
1837 5058 1929 5113 τὸν
1979 5058 2115 5134 μετὰ

457 5140 558 5207 τὴν
587 5142 843 5215 τελευτὴν
872 5152 970 5218 τῆς
1003 5151 1062 5208 ἐκ
1092 5151 1304 5226 πρώτου
1335 5151 1510 5228 γάμου
1572 5148 1919 5229 συναφθείσης
1974 5148 2116 5221 αῦτῷ

456 5232 783 5309 συνεισάκτῳ
850 5249 1216 5320 συνοικοῦντα,
1287 5241 1376 5296 καὶ
1458 5239 1626 5307 ταύτῆ
1708 5235 2118 5314 συμμολυνόμε-

461 5340 573 5383 νον.
609 5324 680 5380 Τὸ
709 5325 836 5384 αὐτὸ
865 5327 919 5386 δὲ
962 5333 1049 5389 καὶ
1094 5331 1228 5408 μετὰ
1257 5328 1316 5380 43
1340 5329 1439 5398 τὴν
1469 5325 1757 5385 ἀποϐίωσιν
1790 5327 1885 5394 τῆς
1915 5325 1976 5382 ἐκ
1997 5325 2118 5383 δευ-

1803 5483 2060 5548 VARUE
2105 5479 2548 5550 LECTIONES.

1094 4870 1319 4950 διγάμου
1431 4871 1468 4939 ἢ
1571 4870 1832 4950 τριγάμου
1913 4869 2118 4944 βαθμον

2278 5045 2575 5122 Ουωείἰειί
2625 5046 2839 5121 adhuc,
2875 5061 3131 5126 quonam
3167 5041 3343 5103 modo
3386 5040 3682 5103 vocandus
3711 5039 3860 5102 sitis

2198 5139 2324 5221 qui,
2357 5146 2489 5219 post
2512 5145 2762 5199 mortem
2797 5133 3067 5215 conjugis
3096 5151 3165 5194 ex
3196 5131 3393 5212 primo
3447 5130 3856 5221 matrimonio,

2198 5219 2428 5293 babitat
2458 5245 2593 5288 cum
2643 5232 2947 5300 extranea,
3006 5229 3064 5284 et
3104 5240 3239 5282 cum
3277 5238 3348 5282 ea
3392 5219 3857 5301 coinquinatur;

2201 5323 2344 5384 item
2377 5316 2480 5398 qui
2513 5325 2644 5398 post
2691 5313 2918 5378 obitum
2958 5311 3239 5375 secunda;
3286 5309 3487 5373 uxoris
3528 5309 3603 5372 ad
3653 5317 3854 5373 extra-

539 5607 599 5659 15
625 5608 714 5664 καὶ
755 5605 872 5686 περὶ
903 5611 997 5661 τοῦ
1026 5602 1182 5678 μετά.

539 5726 566 5757 ει
594 5715 804 5793 stupri
824 5672 1327 5793 consuetudinem
1359 5702 1558 5793 habet.
1657 5706 2072 5793 sacramenta.
2140 5713 2167 5756 ν
2194 5707 2416 5793 nostra
2441 5699 2618 5793 ratio.
2643 5695 3016 5793 ’rconsegui
3031 5712 3054 5793 _:
3072 5688 3732 5793 consequatur-,“idque
3755 5703 3862 5766 per

459 5770 642 5876 ﬁdem
655 5770 1369 5871 "invbei'b'enignitatem.
1414 5785 1432 5828 ι
1499 5783 1892 5850 Generaliter
1920 5789 2147 5861 autem,
2178 5783 2352 5848 etde.
2399 5790 2419 5817 '
2447 5777 2745 5843 abscedat.
2792 5785 2810 5818 ι
2838 5770 2936 5840 ad'
2948 5770 3322 5855 placandum
3350 5779 3576 5834 autem.
