4128 6448
351 384 470 452 995

1711 396 1844 463 JUS
1884 373 2355 459 CANONICUM.

3625 397 3749 462 996

353 531 768 614 susceptorum
805 525 1218 590 minesterium
1253 527 1769 608 prodirent,etiam
1793 529 2002 591 arden-

2096 552 2196 605 νον,
2232 529 2410 610 σχολῃ
2440 527 2492 609 γ’
2524 533 2586 587 ἂν
2645 553 2778 611 προς
2835 552 2934 599 την
2989 536 3097 588 τῶν
3153 528 3435 614 ἀναδόχων
3491 530 3738 613 λειτουρ-

360 611 474 673 tius
506 613 757 676 invitati.
792 617 936 678 Cum
970 635 1107 678 vero
1142 615 1438 696 ignorent,
1465 617 1770 680 videamus
1801 631 2000 681 autem

354 703 625 782 quotidie
654 712 710 764 et
739 705 1022 767 mulieres
1052 705 1183 769 sine
1213 707 1553 770 differentia
1591 717 2000 791 susceptorum

356 811 508 854 onus
538 793 924 874 recipientes;
956 797 1098 877 quid
1129 798 1469 878 vetat,juxta
1485 799 2001 879 consuetudinem,

354 900 486 962 quae
516 883 614 944 hic
644 881 920 957 obtinuit,
947 885 1072 946 viro
1105 887 1547 967 peregrinante,
1581 889 1681 969 qui
1715 888 2004 969 primoge-

355 971 542 1033 nitum
593 971 805 1034 horum
866 983 1173 1055 parentem
1221 976 1467 1038 ﬁliolum
1517 977 1799 1058 suscepit,
1846 977 2004 1039 illius

355 1079 600 1123 uxorem
631 1057 936 1126 invitatam
968 1065 1275 1146 suscipere
1302 1084 1460 1142 eum,
1486 1066 1588 1148 qui
1617 1057 1842 1129 eisdem
1873 1086 2002 1148 pos-

356 1159 453 1214 tea
481 1151 590 1214 fuit
615 1161 784 1215 natus
806 1153 832 1217 ?

445 1331 687 1394 Sextum
721 1333 1108 1414 autem,quod
1142 1334 1218 1396 de
1247 1335 1470 1398 infante
1493 1335 1800 1416 quaesitum
1825 1347 2012 1415 est,ut

359 1420 566 1502 paucis
595 1420 814 1497 dicam,
849 1430 940 1484 est
973 1424 1313 1504 hujusmodi
1351 1447 1363 1487 :

437 1508 662 1585 Infans,
697 1510 961 1592 inquisti.
1005 1511 1212 1575 morbo
1244 1523 1572 1594 correptus,
1611 1521 1668 1576 et
1691 1515 1813 1594 jam
1837 1515 2009 1576 morti

355 1601 687 1682 proximus,
723 1601 1015 1664 sacerdoti
1048 1603 1284 1666 cuidam
1307 1604 1536 1666 oblatus
1558 1613 2004 1684 estpersacram

360 1691 468 1753 Dei
497 1690 946 1770 generationem
968 1694 1435 1771 regenerandus.
1470 1691 1578 1754 Hic
1610 1712 1742 1754 cum
1791 1693 2003 1754 exilem

2084 617 2201 695 γίαν
2284 619 2556 695 ἀπήντων,
2645 623 2732 678 καὶ
2827 623 3138 699 θερμότερον
3228 621 3740 701 προσκαλούμενοι·

2086 711 2198 767 ἐπεὶ
2255 709 2309 767 δὲ
2369 717 2462 772 οὐκ
2533 711 2733 794 ἴσασιν,
2794 716 2999 791 ὁρῶμεν
3057 713 3111 770 δὲ
3186 713 3304 771 καθ’
3361 715 3592 781 ἑκάστην
3655 711 3745 770 καὶ

2087 813 2342 878 γυναῖκας
2404 799 2700 884 ἀδιαφόρως
2767 804 2828 858 τὸ
2878 809 2982 861 τῶν
3055 801 3335 883 ἀναδόχων
3405 803 3562 881 βάρος
3607 804 3744 859 ὑπο-

2087 889 2381 970 δεχομένας
2415 911 2428 927 ·
2515 893 2564 949 τί
2635 891 2852 967 κωλύει,
2939 893 3072 949 κατά
3129 896 3229 961 την
3311 894 3742 973 ἐπικρατήσασαν

2084 981 2250 1056 ταύτῃ
2281 983 2577 1056 συνήθειαν,
2612 989 2704 1039 τοῦ
2731 979 2914 1061 ἀνδρὸς
2947 979 3348 1058 ἀποδημοῦντος
3378 989 3471 1039 τοῦ
3500 983 3561 1038 τὸ
3590 1003 3743 1061 πρω-

2084 1070 2297 1146 τογενὲς
2329 1069 2529 1128 παιδίον
2561 1069 2724 1128 τῶνδε
2782 1077 2888 1127 τῶν
2948 1069 3147 1148 γονέων
3203 1069 3607 1150 ἀναδεξαμένου,
3643 1070 3743 1137 τὴν

2085 1158 2282 1217 ἐκείνου
2310 1175 2538 1239 γδναῖκα
2566 1161 2857 1230 κληθεῖσαν
2885 1161 2946 1216 τὸ
2975 1157 3093 1237 μετ’
3126 1159 3302 1218 ἐκεῖνο
3323 1161 3530 1225 τούτοις
3552 1159 3743 1240 τεχθὶν

2093 1246 2430 1315 ἀναδέξασθαι
2466 1270 2484 1331 ;

2171 1339 2244 1396 Τὸ
2273 1336 2328 1394 δὲ
2359 1341 2476 1418 περὶ
2522 1345 2616 1397 τοῦ
2657 1339 2841 1406 παιδὸς
2891 1339 3043 1398 ἕκτον
3090 1339 3366 1421 ἐρώτημα,
3429 1341 3502 1404 ὡς
3545 1340 3746 1419 βραχεῖ

2091 1427 2270 1506 φάναι,
2316 1428 2552 1485 τοιοῦτόν
2582 1429 2726 1485 ἐστιν
2759 1446 2772 1460 ⁸

2173 1515 2382 1574 Παιδίον
2452 1515 2636 1599 (ἔφης)
2695 1519 2837 1593 νόσῳ
2906 1520 3156 1594 κατηθὲν,
3232 1519 3320 1575 καὶ
3377 1518 3592 1597 ἐγγίσαν
3642 1514 3746 1585 ἤδη

2087 1611 2166 1678 τῷ
2207 1607 2436 1680 θανάτῳ,
2481 1609 2767 1687 προσήχθη
2823 1609 2922 1665 τινὶ
2981 1614 3086 1666 τῶν
3130 1606 3333 1687 ἱερέων,
3380 1605 3464 1664 διὰ
3517 1607 3618 1674 τῆς
3661 1628 3742 1662 ιε-

2090 1701 2178 1772 pi;
2250 1697 2578 1775 θεογενεσίας
2641 1697 3223 1776 ἀναγεννηθησόμενον.
3313 1689 3369 1754 Ὀ
3440 1694 3495 1751 δὲ
3552 1695 3747 1752 λεπτὸν

360 1779 633 1861 spiritum
658 1799 794 1842 eum
820 1780 1041 1844 ducere
1062 1781 1372 1856 videret,et
1393 1782 1704 1855 veritus,ut
1725 1783 2005 1844 solemni-

2096 1791 2243 1841 τοῦτο
2270 1783 2391 1841 ἰδὼν
2447 1785 2693 1862 ἔμπνεον,
2744 1788 2831 1843 καὶ
2890 1784 3133 1866 φοϐηθεὶς
3193 1789 3388 1862 μήπως
3445 1791 3553 1842 τῶν
3609 1808 3738 1842 συν-

360 1868 470 1931 bus
486 1870 764 1951 precibus
783 1879 842 1932 et
868 1871 1339 1951 adjurationibus
1363 1889 1479 1934 non
1505 1872 1831 1933 decantatis
1855 1891 2004 1952 prae-

353 1960 674 2041 riperetur,
707 1968 1024 2040 antequam
1071 1961 1440 2042 baptismatis
1487 1966 2002 2041 regenerationem

362 2059 520 2112 esset
551 2050 833 2131 adeptus:
866 2051 1237 2132 precationes
1253 2060 1392 2113 ante
1413 2051 1769 2132 baptismum
1792 2052 2006 2115 decan-

361 2141 593 2220 tandas,
650 2149 706 2202 et
758 2140 1169 2220 adjurationes
1211 2141 1566 2222 praacidens,
1616 2141 1808 2203 initiat
1838 2142 2002 2202 illum

361 2229 580 2310 triplici
601 2229 1071 2302 demersione,et
1102 2230 1328 2310 triplici
1372 2231 1580 2305 Patris,
1615 2231 1746 2292 Filii
1779 2241 1836 2293 et
1867 2231 2004 2312 Spi-

357 2319 508 2380 ritus
537 2321 721 2380 sancti
755 2319 1146 2382 invocatione.
1183 2319 1334 2392 Quid
1384 2329 1513 2401 post
1565 2323 1687 2382 haec
1709 2321 1739 2382 ἱ)
1770 2323 2005 2385 Conva-

357 2407 528 2469 lescit
555 2407 1042 2470 infans.abeunte
1057 2410 1541 2472 morbo.Accedit
1562 2413 1775 2472 iterum
1803 2429 2006 2472 sacer-

358 2497 488 2568 dos.
515 2497 941 2576 adjurationes,
976 2515 1122 2579 quas
1151 2499 1536 2578 praeterierat,
1573 2511 1630 2560 et
1663 2519 1868 2580 preces
1898 2503 2008 2561 im-

361 2589 649 2669 pleturus.
677 2586 841 2659 Quod
870 2595 1078 2664 restat,
1113 2589 1395 2668 quaesiisti
1423 2590 1682 2668 discere,
1715 2592 1924 2654 liceret
1945 2592 2002 2653 id

359 2677 578 2753 facere,
615 2678 911 2740 necne.Et
941 2687 1080 2758 puto
1111 2696 1203 2753 ea,
1223 2697 1353 2760 quae
1387 2680 1747 2760 baptismum
1773 2699 2002 2761 praece-

359 2768 527 2835 dunt,
568 2776 699 2848 post
729 2767 1088 2848 baptismum
1124 2769 1451 2830 accinenda
1486 2789 1602 2830 non
1634 2789 1767 2832 esse
1798 2771 1875 2847 ei,
1904 2773 2005 2851 qui

353 2858 479 2939 jam
510 2856 804 2938 baptismo
839 2857 1100 2919 initiatus
1130 2867 1239 2931 est,
1273 2877 1379 2938 per
1411 2858 1703 2939 triplicem
1753 2861 2003 2922 immer-

361 2947 613 3023 sionem,
649 2955 706 3008 et
751 2947 924 3009 trium
987 2965 1373 3028 personarum
1433 2949 1888 3026 invocationem,
1945 2951 2002 3011 in

2088 1873 2231 1942 ήοων
2306 1876 2482 1955 εὐχῶν
2537 1877 2626 1932 καὶ
2680 1879 3016 1956 ἐφορκισμῶν
3073 1874 3410 1951 ἐπᾳδομένων
3482 1897 3744 1955 προαναρ-

2091 1967 2288 2044 πασθῇ,
2322 1966 2400 2040 μὴ
2430 1966 2598 2045 τυχὸν
2657 1970 2755 2033 τῆς
2801 1964 2885 2021 διὰ
2944 1975 3037 2025 τοῦ
3092 1966 3454 2043 βαπτίσματος
3512 1965 3742 2044 ἀναγεν-

2089 2054 2293 2122 νήσεως
2332 2072 2344 2085 ⁶
2390 2053 2649 2132 περιελὼν
2705 2055 2799 2118 τὰς
2859 2055 3022 2134 εὐχὰς
3080 2056 3174 2118 τὰς
3236 2055 3338 2134 πρὸ
3379 2057 3477 2119 τῆς
3520 2051 3744 2108 τελειώ-

2089 2164 2222 2206 σεως
2265 2140 2591 2219 ἐπᾳδομένας
2623 2145 2709 2199 καὶ
2751 2145 2874 2209 τοὺς
2921 2143 3292 2223 ἐφορκισμοὺς,
3351 2140 3550 2199 τελειοῖ
3593 2147 3746 2196 τοῦτο

2089 2230 2172 2287 διὰ
2213 2238 2312 2299 τῆς
2341 2236 2522 2310 τρίτης
2583 2230 2944 2307 καταδύσεως,
2988 2235 3076 2289 γαὶ
3133 2238 3232 2297 τῆς
3290 2232 3562 2312 ἰσαρίθμου
3633 2229 3746 2285 ἐπι-

2089 2319 2333 2388 κλήσεως
2375 2328 2467 2376 τοῦ
2511 2323 2739 2399 Πατρὸς,
2807 2323 2894 2377 καὶ
2950 2328 3041 2378 τοῦ
3111 2325 3254 2401 Υἱοῦ,
3306 2321 3394 2377 καὶ
3449 2325 3540 2375 τοῦ
3598 2318 3748 2396 ἁγίου

2094 2411 2417 2486 Πνεύματος.
2452 2411 2511 2469 Τί
2538 2413 2601 2466 τὸ
2658 2410 2742 2466 ἐπὶ
2787 2411 3042 2490 τούτοις;
3111 2411 3363 2488 ῥώννυται
3409 2411 3470 2465 τὸ
3512 2407 3745 2483 παιδίον,

2091 2504 2188 2565 τῆς
2239 2499 2393 2556 νόσου
2444 2497 2880 2566 διαπετευσάσης.
2943 2501 3219 2578 Πρόσεισιν
3271 2499 3414 2562 αὖθις
3471 2500 3501 2554 ὁ
3553 2499 3742 2576 ἱερεὺς,

2091 2589 2212 2653 τοὺς
2282 2588 2638 2668 ἀφορκισμοὺς
2671 2586 2730 2637 ίθ
2783 2591 2870 2652 οὒς
2929 2587 3310 2668 παραλέλοιπε,
3370 2588 3594 2651 καὶτὰς
3653 2590 3744 2644 εύ-

2087 2679 2192 2757 χὰς
2239 2677 2660 2756 ἀναπληρώσων.
2711 2680 2908 2734 Λοιπὸν
2965 2677 3228 2748 ἐζήτησας
3287 2681 3500 2758 μαθεῖν,
3559 2677 3602 2732 εἰ
3659 2674 3746 2741 ἕξ-

2088 2787 2197 2823 εστι
2241 2773 2394 2823 τοῦτο
2435 2781 2632 2847 ποιεῖν,
2692 2767 2728 2834 ἢ
2785 2768 2886 2841 μή.
2937 2768 3033 2824 Καὶ
3076 2765 3246 2838 δοκεῖ,
3282 2788 3394 2840 μοι,
3428 2765 3508 2822 ὅτι
3554 2765 3611 2820 οὗ
3654 2763 3738 2821 δεῖ

2087 2857 2221 2932 μετά
2275 2855 2374 2922 τὴν
2425 2855 2695 2912 τελείωσιν
2738 2857 2804 2911 τὰ
2834 2856 2933 2934 πρὸ
2961 2861 3060 2921 τῆς
3089 2854 3416 2918 τελειώσεως
3471 2851 3738 2932 προσᾴδε-

2092 2948 2208 3001 σθαι
2238 2951 2314 3020 τῷ
2355 2943 2458 3012 ἤδη
2514 2943 2909 3019 τετελειωμένῳ
2958 2941 3042 2998 διὰ
3100 2949 3197 3010 τῆς
3244 2948 3466 3022 φρικτῆς
3512 2939 3744 2998 καταδύ-

357 3037 573 3118 quibus
604 3046 692 3098 est
722 3035 1347 3117 baptimus.Nusquam
1379 3038 1536 3099 enim
1568 3039 1640 3100 ab
1673 3038 1792 3100 ullo
1817 3058 2005 3102 sacro-

2096 3056 2247 3115 σεως,
2291 3037 2379 3091 καὶ
2409 3040 2505 3103 τῆς
2537 3033 2870 3104 ἐπικλήσεως
2928 3040 3034 3089 τῶν
3092 3039 3252 3112 τριῶν
3305 3033 3629 3112 προσώπων,
3691 3031 3744 3090 ἐν

357 3146 490 3190 rum
519 3145 812 3188 canonum
846 3126 960 3188 tale
1011 3127 1154 3206 quid
1191 3127 1500 3188 definitum
1545 3127 1882 3190 invenimus
1937 3131 2005 3192 Et

2096 3125 2181 3190 οἷς
2223 3127 2258 3193 ἡ
2303 3122 2594 3188 τελείωσις,
2647 3121 2888 3199 Οὐδαμοῦ
2942 3123 3042 3201 γὰρ
3097 3120 3186 3179 ὑπ’
3244 3119 3449 3185 οὐδενὸς
3507 3128 3613 3178 τῶν
3662 3125 3745 3176 ἱε-

359 3217 434 3281 47
451 3235 640 3278 canon
668 3215 951 3278 divinitus
973 3217 1301 3278 amatorum
1325 3215 1694 3298 Patrum,qui
1711 3218 2005 3280 Laodicea:

2096 3220 2195 3292 ρῶν
2275 3213 2511 3270 κανόνων
2599 3213 2835 3270 τοιοῦτόν
2905 3233 2955 3268 τι
3015 3213 3322 3289 εὑρίσκομεν
3377 3211 3740 3290 διωρισμένον,

358 3305 873 3387 convenerunt,de
903 3306 978 3368 iis
1008 3305 1386 3386 loquens,qui
1406 3306 1482 3367 ob
1509 3306 1925 3369 necessitatem
1950 3309 2009 3369 in

359 3394 586 3456 morbis
613 3394 1163 3475 baptizantur,nihil
1195 3395 1405 3456 horum
1433 3393 1926 3477 meminit,neque
1949 3406 2012 3458 ut

358 3503 569 3566 preces
598 3484 895 3556 dicantur,
931 3502 1126 3565 neque
1149 3491 1211 3544 ut
1240 3484 1644 3564 adjurationes
1661 3494 1790 3566 post
1825 3485 2012 3566 bapti-

357 3591 484 3636 sma
514 3574 654 3635 ﬁant
682 3591 696 3636 :
725 3573 830 3634 sed
864 3573 1026 3634 illius
1054 3573 1253 3654 modo,
1297 3574 1452 3654 quod
1490 3573 1635 3635 ﬁdes
1683 3573 2008 3638 ediscenda

359 3664 438 3727 sit
467 3664 644 3726 etiam
680 3671 811 3744 post
840 3662 1152 3743 baptisma,
1173 3663 1246 3724 ab
1280 3681 1373 3743 eo,
1424 3664 1526 3744 qui
1559 3663 1768 3724 morbo
1801 3665 2008 3744 prohi-

359 3752 517 3814 bitus
549 3762 657 3827 est,
693 3761 1006 3832 antequam
1053 3771 1181 3814 eam
1216 3751 1497 3814 disceret.
1535 3751 1631 3812 Ait
1661 3753 1845 3834 enim,
1880 3772 2005 3830 eos,

357 3843 459 3924 qui
490 3844 547 3903 in
576 3841 783 3904 morbo
817 3841 1089 3923 baptizati
1118 3850 1278 3916 sunt,
1313 3843 1491 3905 ﬁdem
1524 3842 1795 3904 ediscere
1826 3863 2006 3923 opor-

358 3942 508 4007 tere,
543 3942 599 3994 et
631 3950 981 4011 agnoscere,
1017 3950 1081 3992 se
1110 3931 1306 3992 divina
1337 3931 1643 4010 largitione
1673 3932 1884 4009 dignos
1909 3933 2010 3994 ha-

2095 3303 2193 3360 Καὶ
2236 3305 2264 3359 δ
2321 3303 2429 3360 τῶν
2490 3301 2544 3359 ἐν
2602 3299 2880 3359 Λαοδικεία
2947 3299 3002 3356 δὲ
3073 3298 3425 3357 συνελθόντων
3481 3299 3743 3381 θεοφόρων

2094 3391 2341 3468 Πατέρων
2399 3381 2488 3466 με’
2544 3392 2742 3464 κανὼν,
2786 3392 2904 3470 περὶ
2946 3395 3051 3446 τῶν
3106 3392 3489 3469 περιστατικῶς
3535 3389 3587 3446 ἐν
3644 3389 3740 3444 νό-

2093 3503 2204 3546 σοις
2269 3479 2666 3557 βαπτιζομένων
2723 3478 2955 3553 διεξιὼν,
3031 3477 3237 3544 οὐδενὸς
3287 3490 3487 3538 τοὺτων
3567 3477 3740 3556 ἐμνη-

2093 3571 2366 3651 μόνευσεν,
2419 3575 2479 3629 ού
2533 3578 2625 3627 τοῦ
2669 3569 2934 3649 εὐλογεῖν,
2994 3570 3053 3628 οὗ
3109 3569 3203 3626 τοῦ
3264 3569 3557 3650 ἐφορκίζειν
3608 3569 3742 3642 μετὰ

2091 3662 2150 3716 τὸ
2195 3661 2474 3736 βάπτισμα
2507 3678 2521 3693 °
2581 3660 2742 3735 μόνον
2784 3657 2839 3716 δὲ
2891 3666 2984 3716 τοῦ
3039 3657 3152 3715 δεῖν
3205 3659 3302 3726 τὴν
3333 3660 3506 3715 πίστιν
3541 3657 3746 3733 ἐκμαν-

2090 3751 2282 3822 θάνειν,
2328 3751 2416 3805 καὶ
2461 3751 2594 3824 μιτά
2629 3750 2690 3803 τὸ
2746 3749 3042 3826 βάπτισμα,
3115 3748 3207 3804 τὸν
3276 3749 3378 3803 ὑπὸ
3431 3751 3530 3815 τῆς
3588 3746 3743 3804 νόσου

2091 3837 2389 3895 κωλυθέντα
2457 3845 2558 3918 πρὸ
2620 3845 2711 3895 τοῦ
2752 3840 2949 3906 ταύτην
2991 3837 3242 3913 ἐκμαθεῖν
3299 3838 3439 3904 Φησὶ
3495 3838 3617 3916 γὰρ,
3664 3835 3745 3891 ὅτι

2092 3926 2176 3984 δεῖ
2231 3930 2347 3993 τοὺς
2411 3928 2465 3984 ἐν
2527 3927 2665 4001 νόσῳ
2721 3928 3124 4006 βαπτισθέντας,
3198 3924 3316 3992 ἤτοι
3387 3926 3742 4004 ἀναστάντας,

2091 4017 2429 4093 ἐκμανθάνειν
2460 4019 2557 4085 τὴν
2589 4017 2786 4098 πίστιν,
2819 4019 2906 4074 καὶ
2937 4016 3239 4096 γινώσκειν,
3273 4015 3353 4072 ὅτι
3380 4018 3518 4080 θείας
3543 4014 3739 4094 δωρεᾶς

2089 4106 2413 4175 ἠξιώθησαν,

2176 4187 2449 4272 υΕὲἷδομον
2480 4198 2569 4252 καὶ
2599 4194 2906 4252 τελευταῖον
2937 4195 3188 4276 ἐρώτημα
3230 4192 3464 4251 τοιοῦτόν
3513 4213 3563 4247 τι
3607 4214 3744 4268 προ-

2090 4285 2378 4353 ϐέϐληκας.
2428 4286 2570 4364 Κόρη
2631 4308 2735 4360 τις,
2795 4286 3038 4360 πέμπτον
3102 4287 3301 4365 ἄγουσα
3355 4281 3470 4346 ἔτος
3536 4286 3635 4348 τῆς
3689 4281 3744 4336 ἐν

361 4397 530 4451 num,
556 4379 616 4439 in
633 4377 943 4458 impubere
980 4388 1148 4439 aetate
1171 4379 1578 4458 despondetur
1602 4378 1832 4439 cuidam
1859 4379 2002 4456 viro,

2096 4374 2386 4444 ἀνηϐότητι
2430 4374 2663 4451 ἡλικίας,
2725 4381 3073 4451 μνηστεύεται
3118 4377 3218 4432 τινὶ
3260 4370 3426 4452 ἀνδρί.
3509 4380 3579 4433 Ος
3639 4391 3740 4425 κα-

360 4468 461 4549 qui
493 4457 735 4549 propter
763 4476 996 4531 aetatem
1021 4469 1098 4528 im
1111 4457 1540 4548 puberemjure
1563 4485 1692 4528 eam
1711 4468 2004 4548 repudiat.

2096 4465 2200 4530 λῶς
2245 4472 2436 4544 ποιῶν,
2494 4462 2577 4523 διὰ
2631 4466 2729 4532 τὴν
2773 4470 2872 4532 τῆς
2933 4465 3344 4539 μνηστευθείσης
3407 4457 3739 4532 ἀνηϐότητα,

290 4591 300 4600 -
361 4545 508 4622 Haec.
523 4545 720 4620 autem
737 4577 947 4619 rursus
962 4545 1213 4638 septimo
1227 4545 1419 4619 aetatis
1434 4575 1589 4616 anno
1607 4545 2005 4637 despondetur

2096 4556 2369 4636 ἀφίσταται
2428 4553 2612 4620 αὐτῆς.
2674 4545 2736 4610 Ἠ
2808 4553 2862 4609 δὲ
2919 4556 3005 4610 καὶ
3062 4553 3222 4610 πάλιν
3281 4553 3333 4608 ἐν
3391 4554 3468 4622 τῷ
3537 4546 3745 4623 ἑϐδόμῳ

360 4647 697 4729 alterizqui
743 4648 962 4710 iterum
1023 4637 1295 4710 eamdem
1348 4665 1588 4708 causam
1624 4646 1848 4708 habens
1872 4666 2005 4709 cum

2096 4646 2272 4726 χρόνῳ
2338 4647 2436 4713 τῆς
2493 4642 2702 4712 ἡλικίας
2747 4646 2910 4710 αὐτῆς
2952 4644 3300 4719 μνηστεύεται
3346 4637 3485 4717 ἀνδρὶ
3530 4637 3738 4729 ἑτέρῳ-ο

361 4739 586 4820 priore,
611 4723 926 4800 dissidium
959 4755 1094 4798 cum
1129 4755 1200 4797 ea
1228 4735 1386 4797 facit.
1421 4734 1572 4808 Quid
1605 4744 1727 4797 tum
1757 4735 2005 4799 deinde?

2209 4733 2274 4802 δὴ
2317 4733 2477 4791 πάλιν
2518 4734 2585 4789 τὰ
2641 4730 2736 4789 ἴσα
2801 4739 2878 4807 τῷ
2932 4731 3171 4811 προτέρῳ
3239 4731 3505 4811 φρονήσας
3575 4723 3746 4804 ἀτιορ-

360 4814 629 4891 Tertium
667 4827 965 4890 decimum
1000 4841 1184 4904 agens
1202 4843 1426 4889 annum
1455 4825 1701 4887 vultalii
1725 4825 2005 4905 virolegi-

2096 4826 2338 4903 ῥήγνυται
2398 4823 2586 4889 αὐτῆς.
2633 4823 2772 4879 Εἶτα
2826 4823 2928 4901 τίς
2987 4819 3415 4901 τρισκαιδέκατον
3459 4814 3744 4872 ἐλαύνουσα

363 4917 509 4979 time
538 4916 803 4998 conjugi,
838 4923 898 4978 et
927 4913 1348 4978 benedictione
1391 4934 1558 4977 sacra
1590 4914 1836 4976 initiari.
1869 4914 2005 4977 Haac

2096 4914 2286 4994 χρόνον
2336 4911 2579 4989 βούλεται
2621 4913 2861 4987 νομίμως
2913 4907 3069 4998 ἀνδρὶ,
3108 4909 3272 4989 ἑτέρῳ
3329 4905 3647 4998 ωναφθῆναί
3671 4923 3745 4998 ’τε

361 5023 470 5086 per
506 4992 907 5068 narrationem
959 5023 1286 5087 exponens,
1327 5004 1659 5086 quaerebas,
1712 5004 2005 5085 prohibita

2096 4992 2178 5060 καὶ
2275 4999 2703 5081 ἱερολογηθῆναι.
2789 5006 2964 5059 Ταῦτα
3052 4996 3456 5087 διηγηματικῷς
3553 4992 3740 5087 ἐκθεὶς,

366 5084 591 5176 essent,
626 5113 840 5158 necne.
890 5096 964 5157 Et
1009 5084 1286 5176 dicimus,
1334 5084 1453 5156 non
1496 5084 1802 5176 prohiberi
1831 5113 2005 5170 eam;

2096 5093 2292 5165 ἐζήτεις
2325 5094 2538 5168 μαθεῖν,
2584 5091 2628 5146 εί
2683 5088 3003 5169 κεκώλυται,
3049 5088 3085 5158 ἢ
3131 5084 3584 5176 μὴᾼκεκώλυται.
3646 5085 3747 5176 Καί

363 5188 486 5244 tum
517 5169 672 5264 quod
697 5193 907 5266 praeter
926 5191 1162 5247 aetatem
1183 5169 1539 5267 desponsata
1561 5183 1658 5259 sit,
1700 5193 1759 5244 et
1799 5185 2005 5264 hujus-

2096 5183 2344 5261 λέγομεν,
2405 5181 2485 5256 μὴ
2543 5178 2868 5236 κεκωλύσθαι
2937 5179 3159 5255 ταύτην,
3223 5174 3308 5232 διά
3377 5195 3433 5231 τε
3475 5174 3565 5267 ,τὸ
3611 5169 3744 5267 ,παρ’

362 5260 846 5354 ωοάἷδροηὲειὶε
880 5273 1044 5336 ηιιΙΙο
1082 5260 1590 5336 connumerentur
1621 5273 1795 5335 modo
1825 5260 2005 5354 spon-

2096 5260 2306 5342 ἡλικίαν
2362 5270 2778 5350 μνηστευθῆναι,
2844 5269 2932 5325 καὶ
2988 5269 3066 5345 μὴ
3123 5266 3550 5346 συναριθμεῖσθαι
3607 5260 3747 5324 ὅλως

365 5359 588 5424 salibus
617 5362 852 5424 novella
891 5363 1316 5426 constitutione
1365 5361 1616 5443 cognitis
1653 5381 1666 5426 :
1703 5371 1826 5424 tum
1852 5361 2005 5442 quod

2096 5363 2186 5426 τὰς
2229 5361 2469 5424 τοιαύτας
2533 5359 2819 5435 μνηστείας
2874 5370 2997 5422 ταῖς
3055 5354 3412 5443 ἐγνωσμέναις
3480 5357 3550 5429 τῇ
3589 5356 3749 5443 νεαρᾷ

365 5450 632 5533 prmdictl
661 5450 866 5534 sponsi
897 5450 970 5533 (si
996 5451 1237 5532 quidem
1259 5441 1518 5535 sponeos
1536 5441 2005 5532 vocarioporteat

2096 5449 2373 5528 νομοθεσίᾳ
2415 5449 2749 5526 μνηστείαις.
2796 5449 2893 5506 Καὶ
2953 5445 3168 5528 προσέτι
3225 5443 3305 5525 δὲ,
3376 5441 3460 5499 διὰ
3507 5443 3570 5497 τὸ
3624 5441 3746 5504 τοὺς

1699 5611 1952 5677 VARle
1996 5606 2435 5677 LECTIONES.

361 4019 517 4084 bitos
549 4038 680 4082 esse
709 4038 754 4082 b.

439 4197 762 4279 Septimam
781 4205 837 4259 et
853 4197 1120 4260 ultimam
1148 4198 1674 4278 interrogationem
1693 4198 2006 4278 hujusmo-

358 4289 420 4352 di
441 4288 821 4370 proposuisti.
859 4287 1060 4349 Puella
1098 4289 1668 4368 quaedam,quintum
1703 4306 1881 4366 agens
1897 4309 2006 4350 an-

433 5717 495 5769 ¹θ
534 5719 904 5801 ἐφορκισμούς.

435 5829 464 5872 ³
490 5828 650 5910 quod
679 5827 958 5890 divinum
986 5843 1207 5888 munus
1230 5828 1434 5910 adepti
1460 5827 1604 5890 sint.
