4128 6414
413 390 536 460 999

416 530 542 591 Hoc
563 527 819 611 amplius
866 527 1100 590 discere
1145 525 1320 589 velim
1361 544 1396 588 a
1426 534 1526 589 tua
1555 525 1886 595 sanctitate.
1918 521 2062 605 quid
2083 528 2129 580 Α

420 618 496 679 de
524 617 599 680 iis
629 617 964 681 faciendum
997 615 1200 697 sit,qui
1225 635 1408 678 unum
1441 615 1660 678 habent
1690 613 2065 678 servum.Est

417 705 575 769 enim
609 711 707 788 qui
740 725 921 769 unum
976 713 1202 767 tantum
1251 703 1466 766 habeat
1521 723 1754 766 servum
1791 721 1803 766 :
1840 712 1898 764 et
1926 719 2062 764 cum

417 814 620 858 emere
640 798 756 858 nan
783 795 967 878 possit
983 793 1283 874 ancillam,
1309 812 1514 854 servus
1534 803 1809 855 extranea
1839 800 1896 853 et
1923 809 2064 870 vaga

417 885 668 947 libidine
698 892 1017 948 seortatur.
1051 882 1155 944 Est
1199 883 1298 963 qui
1330 881 1605 944 ancillam
1635 881 1870 961 habeat,
1905 898 2057 961 quae,

417 974 557 1056 quia
579 973 856 1036 dominus
885 991 1118 1035 servum
1150 989 1497 1052 comparare
1528 991 1645 1032 non
1676 979 2060 1052 po'est,scor-

418 1071 574 1126 letur
603 1063 900 1124 similiter.
935 1061 1079 1124 Peto
1100 1069 1160 1122 et
1193 1079 1286 1122 me
1315 1068 1471 1122 tuam
1495 1060 1930 1121 institutionem
1962 1058 2064 1117 do-

415 1171 556 1216 ceas
579 1165 635 1227 Β,
667 1160 727 1214 et
753 1169 887 1232 qua;
912 1149 986 1212 sit
1013 1149 1215 1211 talium
1251 1149 1521 1230 medela;
1585 1156 1642 1211 et
1672 1167 1745 1210 an
1775 1146 2058 1220 dominis,

416 1242 518 1324 qui
540 1250 670 1323 post
691 1237 1267 1318 Ecclesiaejudicium
1288 1257 1404 1299 non
1423 1236 2064 1303 emendantur.ofl‘erre

414 1330 536 1393 Deo
571 1347 785 1390 munus
815 1328 892 1390 sit
913 1327 1042 1403 fas;
1101 1336 1161 1388 et
1212 1345 1290 1388 an
1321 1327 1496 1388 liceat
1522 1325 1816 1388 sacerdoti
1848 1326 2061 1386 horum

414 1438 665 1482 munera
691 1418 967 1499 accipere
994 1434 1006 1479 :
1037 1415 1312 1491 maxime,
1338 1436 1472 1478 cum
1502 1426 1830 1478 scortantes
1853 1414 2062 1476 mulie-

410 1525 512 1572 res
540 1507 865 1570 oblationes
894 1505 1403 1568 fermentaverint.

409 1706 786 1786 Responsum
841 1703 1109 1786 episcopi
1191 1700 1760 1786 Thessalonicensis,
1821 1701 2058 1763 domini

919 1778 1146 1845 Nicetw
1175 1781 1531 1859 Mitylenaei.

491 1890 635 1965 Quis
663 1897 750 1966 tu,
783 1889 1000 1966 amice,
1033 1889 1136 1967 qui
1164 1888 1291 1949 haec
1321 1888 1495 1966 longo
1520 1907 1591 1950 ex
1624 1885 1938 1949 intervallo
1970 1885 2058 1947 in-

409 1989 700 2059 terrogas,
733 1977 980 2051 nescio;
1023 1979 1126 2058 qui
1153 1995 1263 2038 nec
1297 1984 1352 2038 te
1411 1975 1683 2049 viderim,
1721 1994 1832 2037 nec
1859 1983 2053 2036 tecum

406 2069 521 2132 sim
551 2069 896 2131 collocutus.
949 2065 1090 2139 Quae
1140 2073 1337 2128 autem
1371 2074 1570 2126 errata
1601 2063 2056 2144 comprehendit

405 2157 730 2220 admonitio
761 2169 861 2218 tua
886 2157 936 2237 τι,
969 2154 1307 2217 necessario
1324 2153 1674 2232 corrigenda
1690 2162 2050 2235 sunt,tuam-—

403 2265 520 2328 que
549 2247 624 2309 de
655 2245 1267 2320 iisinterrogationem
1289 2243 1797 2323 accipio.l-‘eccata
1817 2261 2046 2320 eorum,

399 2335 501 2417 qui
531 2335 788 2398 dominis
816 2333 1168 2406 inserviunt,
1203 2332 1328 2394 sive
1351 2331 1507 2394 servi
1538 2333 1676 2406 sint,
1703 2331 1823 2393 sive
1850 2330 2045 2414 liberi,

399 2433 459 2487 et
487 2423 680 2506 potius
708 2423 994 2498 servi,aut
1023 2422 1264 2483 omnino
1296 2420 1601 2482 constituti
1634 2420 1692 2482 in
1727 2429 2044 2501 potestate,

398 2515 460 2576 in
488 2507 762 2575 dominos
793 2511 1242 2586 tconferuntur,
1292 2509 1341 2572 si
1373 2531 1577 2572 eorum
1613 2511 2045 2572 correctionem

399 2603 562 2664 nullo
585 2604 760 2662 modo
783 2599 1093 2663 curent.Et
1117 2600 1167 2669 si
1187 2600 1428 2681 quidem
1454 2599 1566 2660 sint
1595 2599 2046 2673 latentia,ratio-

400 2710 536 2754 nem
569 2690 690 2753 Deo
715 2688 1208 2768 reddet,quil‘ecit
1235 2707 1247 2749 :
1275 2693 1365 2751 sin
1392 2697 1585 2750 autem
1610 2697 2044 2770 aperta,pater-

395 2781 651 2845 familias
671 2780 800 2862 ipse
827 2799 840 2843 :
867 2780 969 2861 qui
991 2779 1168 2842 etiam
1183 2779 1580 2842 ecclesiaaloci
1598 2781 1720 2841 haec
1743 2779 2045 2842 declarare

396 2877 656 2945 tenetur,
691 2877 752 2931 ut
777 2869 1115 2951 episcOpus,
1152 2877 1208 2930 et
1239 2869 1342 2949 qui
1372 2867 1494 2929 illic
1518 2871 2039 2944 suntsacerdotes,

394 2974 465 3019 ac
489 2956 868 3037 monachi,de
885 2975 1093 3018 eorum
1115 2958 1491 3018 correctione
1510 2956 2042 3037 disceptent.Tunc

393 3045 557 3142 enim
589 3045 1012 3142 paterfamilias
1037 3045 1095 3142 _si
1125 3045 1368 3142 quidem
1398 3045 1735 3142 admonitus
1757 3045 1815 3106 id
1840 3047 2043 3142 ueglc-
2061 3091 2101 3142 α

395 3134 572 3215 xerit,
605 3153 716 3197 nec
742 3133 954 3196 fecerit
981 3134 1053 3196 ad
1078 3134 1872 3215 emendationem,quidquid
1897 3135 1954 3196 in
1977 3155 2042 3199 se

393 3233 506 3299 est,
542 3223 945 3303 increpandus
999 3231 1091 3284 est
1139 3241 1242 3304 pro
1273 3222 1364 3285 sui
1395 3222 1623 3284 ordinis
1649 3224 1950 3303 qualitate,
1985 3233 2044 3286 et

393 3311 931 3374 exterminandusl.
951 3315 1102 3376 Cum
1128 3311 1305 3390 igitur
1329 3310 1482 3373 servi
1513 3310 1818 3373 etancillaa
1839 3313 2042 3392 cujus-

394 3401 550 3481 piam
565 3409 992 3480 scortantur,et
1006 3409 1250 3481 accepta
1271 3399 1400 3480 ejus
1416 3399 1621 3461 notitia
1632 3399 1904 3462 dominos
1927 3421 2044 3464 non

391 3498 634 3552 coercet
655 3489 776 3551 ullo
811 3489 986 3551 modo
1005 3489 1120 3551 tale
1143 3499 1473 3571 peccatum,
1500 3507 1611 3551 nec
1630 3490 1922 3568 permittit
1943 3510 2046 3553 eos

391 3577 871 3641 benedictionem
886 3579 1186 3658 accipere:
1208 3578 1817 3641 excomtnunicatione
1829 3578 2046 3658 dignus

391 3677 502 3744 est,
505 3667 673 3748 juxta
693 3686 893 3730 sacros
917 3676 975 3730 et
997 3669 1228 3730 divinos
1250 3668 2042 3747 canones,quemadmodum

393 3767 450 3817 tu
482 3757 770 3838 exquisite
801 3756 1210 3818 considerasti.
1251 3756 1398 3818 Illud
1433 3765 1630 3817 autem
1660 3755 1880 3818 fruatra
1913 3761 2039 3818 for-

389 3846 620 3908 midant
649 3845 898 3921 domini,
933 3864 1010 3908 ne
1041 3846 1093 3908 si
1149 3847 1340 3908 servis
1389 3844 1776 3926 concedatur,
1815 3855 1878 3906 ut
1907 3865 2040 3908 cum

388 3933 669 4013 legitimis
686 3934 969 3996 uxoribus
982 3935 1169 3997 sacris
1188 3933 1618 3997 benedicantur
1633 3935 2045 4014 precibus,aut

386 4023 620 4086 ancillae
649 4043 782 4085 cum
808 4023 972 4106 viris,
1005 4043 1143 4086 suos
1164 4042 1371 4087 servos
1396 4023 1668 4086 amittant
1696 4041 1708 4085 :
1736 4024 1908 4102 quasi
1939 4044 2039 4087 sa-

386 4130 621 4174 crarum
655 4131 900 4193 precum
923 4113 1196 4175 recitatio
1229 4131 1331 4174 eos
1360 4112 1420 4173 in
1452 4112 1785 4174 libertatem
1817 4113 2027 4194 rapiat.

1797 390 1830 454 Ι
1836 389 1930 453 US
1969 382 2419 452 CANONICUM

2114 4120 2250 4199 μετὰ
2329 4116 2549 4197 ἀνδρῶν,

3640 365 3800 438 1600

2233 509 2361 578 "Eri
2404 518 2587 596 δέομαι
2646 521 2834 595 μαθεῖν
2879 516 3021 596 παρὰ
3075 518 3173 582 τῆς
3228 510 3554 591 ἁγιωσύνης,
3599 529 3716 584 σου,
3747 513 3799 568 τί

2146 608 2341 688 ὀφείλω
2381 614 2604 677 ποιῆσαι
2649 610 2723 673 εἰς
2766 608 2886 670 τοὺς
2930 607 3061 686 πρὸς
3122 603 3213 661 ἕνα
3275 600 3502 681 ἔχοντας
3559 597 3795 688 οἰκέτην,

2150 685 2208 757 ’ὁ
2261 699 2356 776 μὲν
2408 699 2508 779 γὰρ
2565 697 2681 778 ἔχει
2727 695 2819 754 ἕνα
2866 694 3073 775 δοελον,
3115 714 3205 770 και
3247 693 3324 768 μὴ
3365 688 3650 779 δυνάμενος
3695 685 3797 779 μέξ-

2146 774 2451 858 ωνήσασθαι
2480 774 2544 839 95
2583 774 2670 844 καὶ
2722 785 2935 857 δούλην,
2994 774 3230 863 πορνεύει
3260 784 3288 838 6
3317 777 3500 842 δοῦλος
3523 774 3794 835 ἀπολελυ-

2146 877 2305 953 μένος
2335 874 2396 927 96
2436 875 2534 943 ’ἔξω
2569 896 2583 912 ’
2639 879 2668 933 6
2721 874 2776 933 δὲ
2833 873 3051 954 δούλην,
3092 874 3180 930 καὶ
3237 871 3315 947 μὴ
3344 866 3626 944 δυνάμενος
3656 867 3792 954 ὧνήῇ

2145 952 2330 1022 σασθαι
2391 967 2478 1022 uti
2519 963 2725 1041 δοῦλον,
2771 964 3009 1040 πορνεύει
3035 952 3043 954 ὴ
3066 963 3154 1019 καὶ
3212 959 3346 1026 αὕτη
3403 956 3625 1033 ὁμοίως.
3682 952 3789 1014 Καὶ

2144 1055 2274 1112 αἰτῶ
2303 1058 2492 1130 μαθεῖν
2523 1055 2620 1124 τὴν
2651 1054 2752 1121 σὴν
2809 1051 3135 1128 οἰκονομίαν,
3181 1050 3269 1106 καὶ
3319 1046 3397 1110 τίς
3441 1047 3477 1114 ἡ
3547 1042 3793 1123 θεραπεία

2143 1149 2249 1200 τῶν
2293 1145 2544 1202 τοιούτων
2581 1160 2594 1174 ⁸
2652 1144 2740 1200 καὶ
2779 1144 2825 1200 εἰ
2867 1139 3008 1207 ἄξιόν
3064 1139 3174 1196 ἐστι
3228 1138 3350 1201 τοὺς
3411 1133 3670 1197 δεσπότας
3699 1131 3794 1191 αὑ-

2143 1234 2251 1290 τῶν
2309 1235 2444 1309 μετὰ
2499 1237 2599 1300 τὴν
2656 1235 2824 1313 κρίσιν
2865 1235 2962 1300 τῆς
3007 1229 3327 1295 ἘκκΛησίας
3397 1225 3474 1302 μὴ
3520 1223 3791 1313 ποιήσανέ

2142 1345 2238 1387 τας
2295 1321 2588 1402 διόρθωσιν,
2655 1311 2962 1403 προσφέρειν
3020 1319 3182 1398 δῶρον
3237 1323 3316 1392 τῷ
3371 1321 3533 1403 Θεῷ-⁸
3595 1313 3682 1368 καὶ
3749 1311 3793 1403 εἰ

2144 1400 2416 1492 ἐνδέχεται
2473 1416 2566 1470 τὸν
2620 1400 2761 1492 ἱερέα
2805 1400 3068 1490 ’δέχεσθαι
3118 1409 3183 1465 τὰ
3225 1407 3427 1463 τούτων
3485 1400 3647 1481 δῶρα,
3704 1401 3792 1457 καὶ

2143 1490 2396 1578 μάλιστα,
2458 1501 2547 1560 ὅτε
2601 1490 2678 1558 aii
2715 1500 3055 1581 πορνεύουσαι
3112 1498 3204 1568 τὰς
3252 1491 3550 1574 προσφορὰς
3607 1490 3790 1566 ζυμώ-

2140 1612 2312 1654 σουσι,

2148 1717 2178 1758 (
2212 1701 2370 1768 Λύσις
2412 1697 2504 1755 τοῦ
2544 1694 2966 1768 Θεσσαλονίκης,
3003 1698 3160 1773 κυροῦ
3189 1693 3395 1762 Νικήτα
3423 1696 3516 1748 τοῦ
3544 1687 3790 1755 Μιτυλη-

2836 1776 3001 1836 ναίου.
3053 1798 3080 1831 ι

2219 1883 2307 1946 Τίς
2353 1881 2450 1957 μὲν
2507 1881 2588 1956 εἶ,
2633 1879 2864 1958 ἄθρωπε,
2921 1878 3122 1957 ἀγνοῶ,
3179 1879 3206 1934 6
3258 1883 3422 1932 ταῦτα
3479 1874 3784 1953 ἐπερωτῶν,

2138 1971 2198 2028 ἐκ
2253 1977 2455 2050 μακροῦ
2511 1967 2895 2044 διαστήματος,
2971 1969 3109 2043 μήτε
3168 1967 3290 2022 ἰδών
3347 1986 3431 2040 σε,
3500 1964 3638 2041 μήτε
3692 1965 3785 2018 ἐν·-

2136 2059 2316 2140 τυχών
2345 2081 2427 2116 σοι
2463 2077 2478 2093 ο
2538 2057 2590 2123 ἐξ
2647 2058 2886 2135 ἀνάγκης
2929 2054 3008 2131 δὲ,
3067 2057 3100 2111 ἃ
3158 2051 3502 2130 διαλαμϐάνει
3575 2055 3609 2120 ἡ
3658 2050 3788 2107 ὑπό-

2138 2139 2328 2224 μνησίς
2397 2169 2497 2204 σου
2550 2146 2855 2227 σφάλματα,
2915 2145 3194 2225 διορθωτὲα
3235 2145 3353 2206 εἰσί,
3417 2143 3516 2200 Καὶ
3584 2139 3783 2197 ἀποδέ-

2135 2238 2306 2318 χομαί
2348 2259 2441 2296 σου
2497 2237 2595 2304 τὴν
2638 2237 2756 2314 περὶ
2813 2236 3008 2292 τούτων
3068 2234 3346 2314 ἐρώτησιν,
3411 2230 3493 2287 ὅτι
3522 2231 3587 2288 τὰ
3616 2231 3782 2308 ἁμαρ-

2133 2329 2346 2402 τήματα
2389 2329 2494 2383 τῶν
2535 2326 2932 2406 ὑπηρετούντων
2963 2338 3081 2390 τοῖς
3124 2322 3426 2406 δεσπόταις,
3487 2320 3600 2406 εἴτε
3645 2317 3782 2406 ’δοῦ-

2130 2398 2215 2465 λοί
2243 2410 2370 2466 εἰσιν
2403 2408 2514 2464 εἴτε
2574 2398 2854 2486 ἐλεύθεροι,
2915 2406 3003 2461 καὶ
3061 2403 3264 2480 μᾶλλον
3307 2401 3504 2481 δοῦλοι,
3562 2401 3598 2468 ἢ
3642 2398 3781 2463 ὅλως

2128 2494 2445 2569 ὑπεξούσιοι,
2493 2495 2578 2552 ἐπὶ
2607 2497 2728 2557 τοὺς
2761 2493 3016 2558 δεσπότας
3047 2493 3106 2543 98
3149 2493 3395 2572 φέρονται
3429 2508 3442 2521 ⁶
3510 2488 3562 2544 εἴ
3606 2510 3666 2566 γε
3696 2489 3778 2564 μη

2128 2587 2388 2650 παντοίως
2420 2586 2673 2667 φροντίζει
2702 2583 2762 2634 29
2814 2590 2912 2652 τῆς
2973 2584 3170 2640 τούτων
3203 2581 3550 2662 διορθώσεως,
3604 2579 3690 2634 καὶ
3735 2579 3779 2633 εἰ

2128 2676 2223 2752 μέν
2255 2677 2382 2732 εἰσιν
2439 2675 2634 2755 ἀφαινῆ.
2681 2681 2758 2749 τῷ
2813 2680 2928 2748 Θεῷ
2979 2671 3134 2730 δώσει
3182 2671 3342 2750 λόγον
3399 2673 3427 2726 6
3478 2669 3722 2734 πράττων
3756 2682 3773 2699 ⁸

2127 2774 2171 2829 εἰ
2215 2772 2270 2829 δὲ
2314 2775 2533 2854 φανερὰ,
2581 2773 2734 2836 αὑτὸς
2766 2774 2794 2828 6
2836 2770 3216 2837 οἰκοδεσπότης
3241 2787 3259 2806 ο
3307 2771 3378 2834 ὡς
3433 2769 3524 2824 καὶ
3581 2763 3777 2846 ὀφείλει

2126 2869 2193 2939 τῇ
2251 2864 2387 2918 κατὰ
2439 2862 2604 2918 τόπον
2662 2858 2956 2927 Ἐκκλησία
3032 2868 3196 2918 ταῦτα
3253 2855 3529 2937 φανεροῦν,
3587 2855 3680 2910 ἵνα
3750 2856 3778 2910 6

2125 2950 2435 3032 ἐπίσκοπος,
2493 2951 2582 3007 καὶ
2638 2953 2684 3006 οἱ
2738 2949 2915 3006 ἐκεῖσε
2984 2952 3170 3028 ἱερεῖς,
3230 2949 3316 3002 καὶ
3373 2945 3627 3025 μοναχοὶ,
3659 2944 3777 3023 περὶ

2126 3043 2224 3108 τῆς
2296 3041 2494 3098 τούτων
2550 3037 2872 3112 διορθώσεως
2917 3037 3301 3117 ἀγωνίσωνται.
3379 3035 3508 3093 Τότε
3579 3035 3679 3112 γὰρ
3747 3035 3776 3088 6

2125 3127 2527 3204 οἰκοδεσπότης,
2602 3127 2755 3207 εἴπερ
2811 3125 3027 3204 ἐμελοίη
3084 3125 3458 3204 ὑπομνησθεὶς,
3513 3125 3601 3179 καὶ
3655 3123 3776 3200 οὐχὶ

2124 3221 2192 3278 τὰ
2220 3218 2344 3298 παρ’
2388 3220 2548 3276 αὑτοῦ
2601 3219 2774 3276 πάντα
2820 3230 2973 3275 ποιοῖ
3000 3219 3132 3298 πρὸς
3176 3215 3469 3295 διόρθωσιν,
3517 3213 3772 3288 ἐπιτιμη-

2126 3308 2242 3374 τέος
2300 3307 2410 3364 ἐστὶ
2465 3307 2601 3365 κατὰ
2667 3307 2766 3374 τὴν
2826 3309 2983 3365 αὑτοῦ
3051 3304 3218 3380 τάξιν,
3280 3305 3370 3361 καὶ
3439 3301 3767 3382 ἆφοριστέος,

2147 3409 2248 3458 Οτε
2277 3407 2404 3477 γοῦν
2435 3399 2481 3456 οἱ
2508 3395 2682 3454 δοῦλοι
2728 3398 2816 3454 καὶ
2871 3399 2919 3453 οἱ
2961 3394 3186 3459 δουλίδες
3243 3395 3386 3458 τινὸς
3443 3393 3772 3472 πορνεύουσι,

2126 3491 2215 3547 καὶ
2245 3486 2453 3554 εἴδησιν
2507 3484 2791 3564 λαμϐάνων
2848 3489 2876 3544 6
2932 3486 3110 3566 κύριος
3167 3488 3339 3544 αὐτῶν
3394 3483 3451 3540 οὑ
3509 3481 3773 3545 παντοίως

2125 3580 2421 3660 διορθοῦται
2449 3581 2510 3637 τὸ
2539 3590 2776 3638 τοιοῦτον
2845 3579 3162 3657 ἁμάρτημα,
3207 3579 3294 3634 καὶ
3349 3574 3616 3655 ἐπιτρέπει
3672 3577 3770 3632 αὑ-

2124 3685 2242 3736 τοῖς
2306 3672 2404 3738 τὴν
2474 3668 2790 3748 ἱερολογίαν,
2863 3669 3155 3750 ἂφορισμοῦ
3223 3670 3367 3724 ἐστιν
3438 3664 3578 3730 ἄξιος
3636 3663 3774 3720 κατὰ

2123 3765 2244 3824 τοὺς
2283 3760 2449 3838 ἱεροὺς
2479 3761 2569 3816 καὶ
2607 3759 2774 3822 θείους
2831 3759 3077 3839 κανόνας,
3123 3758 3293 3823 καθὼς
3337 3757 3490 3819 αὐτὸς
3519 3751 3586 3802 26
3611 3753 3771 3831 ἠκρι-

2122 3849 2407 3929 ϐολογήσω
2436 3869 2449 3883 ’
2513 3848 2689 3905 ἐκεῖνο
2731 3847 2786 3904 δὲ
2841 3849 3016 3925 μάτην
3071 3847 3418 3904 ὑποπτεύεται
3473 3845 3614 3923 παρὰ
3665 3842 3773 3898 τῶν

2124 3939 2417 4020 δεσποτῶν,
2479 3937 2559 3994 ὅτι
2606 3940 2695 3994 ἐὰν
2747 3941 3174 4017 συγχωρηθῶσιν
3227 3939 3275 3992 οἱ
3331 3933 3503 3990 δοῦλοι
3572 3929 3772 4011 ἱερολο·

2122 4030 2350 4109 γηθῆναι
2405 4019 2562 4104 μετὰ
2643 4034 2903 4106 γυναικῶν
2982 4028 3244 4103 νομίμων,
3325 4024 3361 4092 ἢ
3423 4026 3476 4078 αἱ
3545 4019 3770 4084 δουλίδες

2635 4117 2756 4180 τοὺς
2826 4118 3047 4182 οἰκείους
3104 4118 3310 4180 οἰκέτας
3371 4111 3716 4170 ἀπολέσουσιν
3751 4157 3766 4172 .

387 4200 554 4262 Hanc
569 4202 727 4263 enim
741 4201 1124 4264 formidinem
1141 4203 1391 4282 inclytus
1405 4201 1482 4262 im
1491 4203 2034 4281 perator,dominus

2136 4214 2192 4274 ὗς
2248 4212 2345 4276 τῆς
2403 4205 2696 4286 ἱερολογίας
2758 4207 3090 4286 ἁρπαζούσης
3163 4206 3349 4269 αὑτοὺς
3419 4204 3493 4268 εἰς
3557 4200 3766 4257 ἐλευθε-

385 4289 629 4380 Alexius
646 4291 908 4371 sustulit,
945 4310 1050 4371 per
1080 4291 1393 4365 novellam,
1422 4309 1598 4370 quam
1625 4290 1804 4351 etiam
1828 4290 2036 4354 Eccle-

2136 4302 2256 4357 ›ίαν.
2317 4297 2523 4364 Ταύτην
2586 4297 2686 4374 γὰρ
2736 4296 2836 4364 τὴν
2891 4297 3120 4371 ὑποψίαν
3178 4293 3388 4351 ἀνεῖλεν
3432 4295 3460 4348 ὁ
3531 4289 3765 4366 ἀοίδιμος

387 4377 493 4440 size
510 4380 969 4460 receperunt.Et
987 4381 1392 4461 reliquutn,ue
1417 4389 1756 4441 scortentur
1776 4383 1823 4453 ιι,
1859 4400 2034 4444 rece-

2136 4386 2362 4452 Ξασιλεὺς
2419 4386 2593 4465 κύριος
2649 4384 2714 4435 50
2765 4385 3023 4461 Ἀλέξιος,
3069 4383 3154 4442 διὰ
3193 4390 3415 4463 Νεαρᾶς,
3461 4383 3528 4447 ἣν
3569 4382 3659 4438 καὶ
3715 4381 3767 4435 αἱ

387 4475 551 4549 ptum
583 4480 698 4549 est,
730 4476 798 4529 ut
851 4487 1019 4531 sacra
1071 4470 1416 4551 precatione
1447 4467 1696 4530 serviles
1727 4469 2040 4533 initientur

2143 4475 2436 4543 Εκκλησίαι
2477 4472 2716 4540 ἐδέξαντο
2748 4491 2762 4504 ⁶
2809 4477 2896 4532 καὶ
2952 4474 3165 4554 λοιπὸν,
3232 4471 3327 4530 ἵνα
3371 4475 3448 4551 μὴ
3503 4469 3762 4548 πορνεύω-

385 4574 674 4637 personae,
739 4557 1076 4640 iterumque
1134 4558 1196 4620 in
1246 4557 1540 4620 servitute
1585 4568 1886 4624 maneant.
1917 4560 2040 4622 Nec

384 4645 566 4718 ullam
600 4665 838 4710 causam
903 4649 1128 4710 habent
1183 4647 1433 4719 domini,
1497 4646 1640 4728 quin
1671 4667 1811 4711 suos
1839 4667 2040 4712 servos

381 4736 569 4799 servis
589 4737 1036 4820 mulieribus,et
1059 4737 1304 4800 ancillas
1327 4736 1516 4799 servis
1537 4737 1702 4818 viris,
1721 4752 1854 4800 cum
1871 4758 2041 4802 sacra

385 4826 728 4906 precatione
758 4827 1025 4907 legitime
1043 4826 1605 4908 conjungantﬂuod
1627 4827 1738 4890 nisi
1760 4829 2031 4906 fecerint,

381 4916 688 4978 canonicis
719 4915 962 4981 obnoxii
982 4926 1120 4980 sunt
1144 4917 1356 4998 paenis,
1393 4917 1990 4980 exterminationibus
2022 4919 2032 4953 '

380 5003 682 5087 videlicet,
719 5013 778 5066 et
807 5005 1548 5069 excommunicationibus.
1582 5009 1798 5069 Eorum
1831 5017 2031 5071 autem

2121 4591 2204 4624 σιν
2236 4567 2318 4642 51,
2364 4565 2558 4646 ἐδέχθη
2600 4567 2662 4622 τὸ
2712 4563 3094 4645 ἱερολογεῖσθαι
3135 4566 3203 4622 τὰ
3226 4561 3441 4621 δουλικὰ
3479 4561 3766 4642 πρόσωπα,

2119 4657 2208 4714 καὶ
2265 4656 2438 4733 μένειν
2497 4653 2657 4711 πάλιν
2728 4656 2828 4711 ὑπὸ
2899 4657 2997 4722 τὴν
3058 4653 3318 4716 δουλείαν.
3379 4651 3477 4711 Καὶ
3527 4647 3767 4726 οὐδεμίαν

2121 4745 2340 4826 ἔχουσιν
2407 4746 2456 4800 οἱ
2525 4741 2775 4800 δεσπόται
2839 4745 3097 4825 πρόφασιν
3178 4746 3250 4810 εἰς
3305 4745 3396 4816 τὸ.
3440 4738 3766 4819 συζευγνύειν

2118 4825 2239 4899 τοὺς
2269 4835 2486 4898 οἰκείους
2529 4831 2741 4898 δούλους
2771 4836 3009 4911 νομίμως
3034 4847 3158 4899 ταῖς
3206 4833 3402 4898 δουλίσι
3427 4829 3494 4882 ω
3541 4825 3764 4908 γυναιξὶ,

2116 4925 2204 4982 καὶ
2266 4925 2361 4988 τας
2431 4920 2665 4987 δουλίδας
2735 4923 2948 5004 ἀνδράσι
2998 4923 3201 4986 δούλοις
3261 4923 3397 5000 μετὰ
3449 4917 3765 5001 ἱερολογίας.

2118 5014 2215 5082 Κᾳὶ
2258 5011 2405 5079 εἰμὴ
2432 5019 2586 5070 τοῦτο
2642 5019 2904 5088 ποιοῦσιν,
2954 5013 3228 5070 ὑπεύθυνοί
3283 5013 3381 5074 εἰσι
3433 5021 3552 5071 τοῖς
3611 5027 3769 5063 κανο-

383 5107 580 5173 neque
609 5093 942 5160 oblationes
993 5095 1382 5178 accipiendae,
1410 5094 2030 5176 donecacorriganttur.

1713 5257 1962 5322 VARIIE
2002 5259 2440 5325 LECTIONES.

462 5359 523 5445 ξὸ
549 5362 628 5438 μὴ
656 5361 942 5445 δυναμένου
983 5378 1076 5427 τοῦ
1117 5366 1371 5426 δεσπότου
1401 5366 1555 5433 ἐξων.
1636 5364 1698 5417 96
1725 5368 2156 5445 ἀπολελυμένως.
2241 5367 2303 5418 27
2351 5366 2636 5445 δυναμένου
2677 5370 2980 5440 ὠνήσασθαι
3034 5371 3122 5428 καὶ
3149 5367 3333 5426 δοῦλοι)
3361 5374 3455 5426 τοῦ
3483 5364 3765 5445 δεσπότου,

369 5439 439 5575 ἐξ
465 5441 556 5580 ἐπιί
590 5443 1134 5580 τοὺςλοίκοδεσπότας.
1219 5447 1284 5498 39
1311 5450 1590 5531 φροντίζοι.
1675 5447 1762 5499 29⁹
1795 5439 1972 5520 καθὼς
2007 5451 2094 5507 καὶ
2133 5449 2311 5522 αὐτός,
2399 5439 2680 5530 ω’κῦρος,
2761 5439 2818 5502 51
2872 5452 2968 5512 ἵνα
3023 5453 3101 5530 μὴ
3131 5450 3454 5531 πορνεύωσιν
3487 5444 3763 5509 οἰδοῦλοι.

462 5545 527 5580 τα
559 5545 583 5589 ς
624 5538 711 5579 οου
747 5546 854 5589 αις.

747 5546 854 5589 αις.

2117 5114 2285 5167 νικοῖς
2326 5101 2636 5177 ἐπιτιμίοις,
2691 5101 2856 5182 ἤγουν
2899 5102 3218 5184 ἀφορισμοῖς
3261 5103 3348 5158 καὶ
3402 5099 3769 5163 ἀποκοινωνη-

457 5641 485 5684 σ
522 5646 886 5712 cognoscere
916 5634 1450 5722 cupi0_consilium_
1475 5642 1667 5722 tuum.
1714 5637 1742 5680 ¹ι
1769 5638 2095 5718 suggeslt'o.
2221 5656 2269 5700 η
2308 5643 2512 5719 patres
2564 5635 2867 5717 familias.
2921 5639 3400 5722 lsegregandus.
3445 5636 3474 5682 κ
3500 5636 3767 5716 Ideoque

376 5728 456 5774 ne
481 5728 640 5774 serv;
677 5722 1046 5777 scortentur.
1094 5715 1106 5756 ¹
1145 5719 1690 5795 segregat-ionicae.
