4128 6444
292 398 446 465 1001
1680 392 1950 462 GRECO

2046 392 2366 460 DMANUM
3544 390 3703 456 1002

292 536 455 600 σίαις,
521 538 637 594 Τῶν
705 534 761 593 δὲ
810 535 1060 593 τοιούτων
1117 532 1231 591 οὐδὲ
1287 536 1340 590 αἱ
1409 533 1698 613 προσφοραὶ
1742 530 1942 603 δεκταὶ,

2046 525 2154 590 Sed
2187 536 2245 591 et
2273 529 2375 611 qui
2385 528 2457 592 ad
2474 547 2543 592 ea
2559 526 2936 591 observanda
2954 527 3507 610 emendandaquen
3519 528 3704 610 depu-

298 626 400 692 ἕως
450 624 511 684 ἂν
573 625 980 707 διορθώσωνται.
1044 622 1195 682 Ἀλλ’
1239 625 1328 681 καὶ
1369 627 1417 680 οἱ
1461 621 1867 702 ἐπιτεταγμένοι
1892 621 1950 670 35

2046 620 2140 682 tati
2170 629 2309 683 sunt
2338 621 2513 700 n,nisi
2535 621 2595 684 id
2620 620 3094 696 fecerint,sacris
3117 619 3448 683 canonibus
3460 620 3704 685 obnoxii

298 715 574 795 ἐπιτηρεῖν
635 716 702 772 τὰ
752 721 992 796 τοιαῦτα³
1065 714 1153 772 καὶ
1205 711 1457 794 διορθοῦν,
1519 713 1562 769 εἰ
1613 712 1691 789 μὴ
1748 717 1950 769 τοιοῦτο

2046 719 2242 773 erunt.
2281 710 2450 784 Quod
2483 710 2532 772 si
2589 711 2684 773 cui
2740 710 2815 772 sit
2869 709 3116 772 facultas
3171 709 3436 774 habendi
3465 729 3702 775 servum

297 814 530 886 ποιοῦσι,
601 805 690 862 καὶ
757 804 905 862 αὐτοὶ
959 816 1079 867 τοῖς
1145 805 1320 883 ἱεροῖς
1397 802 1613 859 κανόσιν
1685 801 1950 857 ὑπεύθυνοι

2046 820 2247 878 unum,
2284 800 2374 862 vel
2407 800 2711 878 ancillam,
2744 799 2903 862 desit
2934 806 3130 862 autem
3172 799 3429 864 fucultas
3457 800 3703 866 alterius

296 896 553 973 γίνονται,
586 895 646 951 Εἰ
694 891 748 951 δέ
804 915 886 958 τις
943 892 1159 972 εὔπορεῖ
1216 893 1332 955 ἐνὸς
1375 890 1560 950 δούλου
1617 889 1654 959 ἢ
1698 887 1950 962 δουλίδος,

2046 892 2641 973 comparandi,nteos
2662 891 2986 972 conjungat
3018 897 3103 972 ,et
3126 889 3273 952 obid
3290 890 3559 972 indulget
3573 892 3631 956 ei
3649 907 3697 969 ο,

296 984 493 1063 ἆπορεῖ
546 981 603 1041 δὲ
662 981 838 1061 ἕτερον
889 982 1206 1054 κτήσασθαι,
1271 982 1404 1059 πρὸς
1458 982 1519 1037 τὸ
1564 977 1797 1051 συζεῦξαι
1855 978 1948 1035 αὒ-

296 1074 446 1148 τοὺς,
479 1073 567 1130 καὶ
597 1069 681 1129 διὰ
709 1078 863 1129 τοῦτο
892 1069 1144 1151 ἀνέχεται
1175 1072 1233 1128 ὃν
1263 1067 1382 1150 ἔχει
1408 1069 1475 1119 54
1523 1070 1626 1126 ὑπὸ
1682 1070 1780 1136 τὴν
1822 1065 1951 1124 ἰδίαν

296 1158 556 1236 ἐξουσίαν,
611 1158 753 1221 εἴστω
811 1161 884 1223 ὡς
956 1158 1110 1217 τοῦτο
1153 1162 1249 1219 οὐκ
1304 1156 1549 1217 ἐκϐάλλει
1609 1158 1795 1220 αὐτοὺς
1853 1159 1952 1224 τῆς

297 1249 748 1319 ἐκκλησιαπικῆς
821 1250 910 1307 καὶ
987 1254 1273 1316 κανονικῆς
1343 1248 1705 1324 ἐπιτιμήσεως
1743 1267 1756 1281 ο
1816 1244 1953 1303 ἀλλὰ

296 1342 386 1398 καὶ
444 1341 600 1405 αὐτὸς
659 1340 921 1405 παντοίως
980 1340 1221 1398 αἰτείσθω
1246 1339 1312 1390 35
1365 1337 1562 1405 διδάξαι
1620 1338 1713 1394 τὸν
1752 1339 1952 1394 οἰκεῖον

297 1428 509 1497 οἰκέτην
550 1441 868 1509 σωφρονεῖν,
914 1428 951 1498 ἢ
1003 1426 1236 1485 κωλύσαι
1265 1425 1331 1478 56
1396 1428 1495 1495 τὴν
1568 1427 1813 1504 πορνείαν
1870 1423 1955 1481 διὰ

296 1518 491 1596 τρόπου
520 1520 743 1593 παντὸς,
774 1519 934 1597 γάμῷ
963 1517 1109 1584 ὅπως
1127 1516 1325 1589 δήποτε
1348 1514 1588 1589 συζεύξας
1609 1517 1672 1573 τὸ
1702 1522 1953 1595 πορνεῦον

296 1607 579 1687 πρόσωπον
610 1622 628 1661 .'
662 1608 751 1664 καὶ
796 1606 961 1672 σῚτως
1004 1606 1143 1665 ἔστω
1177 1608 1448 1672 ἀνεύθυνος
1477 1605 1564 1670 57.

2036 1000 2213 1062 quem
2246 982 2308 1042 in
2339 1000 2446 1044 sua
2477 988 2765 1064 potestate
2794 979 3008 1043 habet:
3066 978 3213 1041 sciat
3241 979 3405 1059 ipsos
3422 1000 3543 1045 non
3563 982 3699 1047 ideo

2035 1070 2277 1133 liberari
2299 1071 2372 1133 ab
2395 1070 2800 1134 ecclesiastica
2824 1078 2882 1131 et
2904 1068 3194 1131 canonica
3215 1069 3616 1135 censura.Sed
3641 1079 3700 1135 et

2035 1160 2166 1242 ipse
2188 1180 2282 1222 om
2293 1161 2432 1223 nino
2461 1170 2696 1224 tenetur
2708 1160 2926 1222 docere
2940 1176 3175 1222 servum
3193 1177 3364 1221 suum
3378 1160 3698 1224 continen-

2036 1257 2129 1312 ter
2154 1257 2461 1331 agere,aut
2479 1250 2644 1312 omni
2668 1249 2843 1312 modo
2867 1247 3286 1311 scortationem
3303 1249 3625 1327 prohibere
3645 1273 3694 1330 ι),

2040 1340 2261 1418 nuptiis
2322 1348 2622 1422 utcunque
2673 1340 3045 1420 conjungens
3079 1346 3442 1402 scortantem
3476 1358 3695 1422 perso-

2037 1448 2172 1491 nam
2200 1450 2216 1511 ;
2250 1436 2427 1511 atque
2455 1429 2536 1492 ita
2566 1435 2735 1495 extra
2763 1428 2997 1510 culpam
3030 1432 3157 1490 esto
3185 1438 3234 1490 α.

382 1688 446 1755 εΗ
514 1699 795 1778 ὑπογραφή
828 1716 843 1732 ⁶
937 1688 994 1755 Ὀ
1071 1696 1472 1776 μητροπολίτης
1560 1695 1950 1767 Θεσσαλονίκης

303 1796 345 1845 Ν
389 1707 446 1858 ξ
514 1707 795 1778 ὑπογραφὴ
828 1716 843 1732 ⁶
945 1707 994 1755 ⁷ο
1071 1707 1472 1776 μητροπολίτης
1560 1707 1950 1767 Θεσσαλονίκης
2116 1707 2483 1790 Subscriptio
2518 1727 2532 1773 :
2566 1707 2835 1791 Nicetas:
2853 1707 3350 1791 metrOpolitanus
3378 1707 3698 1774 Thessalo-

350 1808 402 1843 ικ
442 1809 561 1851 τας.
1970 1839 2010 1858 ς.
2034 1798 2202 1858 nicaa.

350 1808 537 1851 ικητας
544 1830 561 1848 .

1970 1817 2202 1889 Βιυοαλ

309 1923 333 1959 α
371 1900 707 1989 ’βρωτήσειςῄ
738 1903 826 1959 καὶ
867 1902 1168 1989 διποκρίσεις
1213 1900 1470 1989 διάφοροι,
1503 1901 1781 1989 γενόμεναι
1808 1901 1950 1989 παρὰ

2046 1906 2546 1989 Interrogationes
2576 1914 2631 1969 et
2660 1906 3079 1989 responsiones
3119 1907 3399 1989 diversae,
3430 1927 3469 1968 a
3503 1911 3696 1974 variis

381 1980 642 2067 διαφόρων
685 1980 1165 2067 ἀρχιερέων-πρὸς
1222 1980 1321 2067 τὸν
1369 1980 1748 2063 χαρτοιρόλακα
1774 1980 1950 2067 κύριον

2119 1980 2495 2052 antistitibus
2521 1989 2706 2067 factm
2733 1980 2814 2050 (id
2869 1987 3179 2051 dominum
3207 1980 3490 2051 Nicetam
3519 1990 3697 2054 char-

382 2060 643 2154 δικήταν,
686 2060 1512 2154 τδνγεγονόταᾶρχιεπίσκοπον
1540 2060 1639 2130 τῆς
1669 2060 1950 2141 μητροπό-

2118 2060 2533 2154 τρρήῃὶᾳσθηι,’
2553 2071 2665 2148 qui
2687 2070 2810 2147 fuit
2838 2068 3332 2150 archiepiscopus
3350 2072 3697 2154 metrOpolis

384 2140 518 2208 λεως
563 2140 976 2211 Θεσσαλονίκης.
1016 2168 1044 2200 ι
1788 2140 1791 2141 ν

2126 2140 2592 2214 Tizessaloniees.
2688 2140 2698 2147 ’
3045 2140 3066 2149 ‘
3214 2140 3234 2150 ·
3496 2168 3499 2169 ν

383 2245 674 2326 Ἐρώτησις
739 2247 952 2327 πρώτη,
1014 2247 1266 2312 Διάκονος
1319 2243 1653 2327 ὀφφικιάλιος
1683 2244 1950 2323 (κατηγο-

2120 2248 2531 2328 Interrogatio
2555 2248 2788 2329 prima.
2849 2246 3151 2309 Diaconus
3179 2247 3477 2326 ofﬁcialis,
3508 2269 3687 2315 accu-

308 2338 508 2417 ρηθεὶς³
554 2335 635 2393 ὅτι
705 2334 982 2417 προέδωκὲ
1027 2359 1077 2392 τι
1134 2336 1383 2404 ἀκίνητον
1442 2340 1539 2403 τῆς
1607 2333 1950 2413 Ἐκπιιληοιίας1

2046 2346 2220 2419 satus,
2255 2337 2412 2420 quod
2473 2355 2579 2417 per
2629 2336 3017 2398 collusionem
3077 2335 3344 2400 amiserit
3396 2357 3525 2401 rem
3573 2340 3691 2404 Ec-

304 2426 601 2502 ἐπετιμήθη
673 2426 816 2505 παρὰ
882 2426 977 2483 τοῦ
1031 2424 1465 2512 μητροπολίτουξ
1531 2423 1869 2491 ἐτελεύτησεν
1927 2426 1950 2480 ὁ

2046 2427 2922 2507 clesiaeimmobilem,censurae
2942 2425 3363 2490 ecclesiasticae
3385 2429 3693 2512 subjectus

299 2512 723 2596 μητροπολίτης³
755 2512 911 2582 ’ἦλθεν
942 2517 970 2570 ὁ
998 2512 1201 2595 ἕτερος,
1259 2515 1347 2571 καὶ
1403 2510 1553 2570 εἴασε
1608 2520 1792 2570 τοῦτον
1840 2512 1945 2569 ἐπι-

297 2603 654 2682 τετιμηοαένον
687 2618 702 2633 ⁵
763 2604 851 2659 καὶ
902 2602 1091 2684 ἐρωτῶ
1121 2604 1165 2660 εἰ
1194 2601 1409 2661 δυνατόν
1460 2602 1569 2661 ἐστι
1612 2609 1796 2660 τοῦτον
1853 2600 1951 2658 λυ-

296 2698 458 2763 θῆναι
484 2691 613 2774 παρ’
657 2694 811 2774 ἡμῶν
842 2699 935 2750 τοῦ
978 2692 1269 2770 ἐπιτιμίου.

377 2771 672 2864 Ἐρώτησις
742 2771 817 2860 β’,
896 2781 1187 2864 Κληρικὸς,
1266 2780 1443 2841 λαϐὼν
1526 2793 1778 2858 γυναῖκα,
1864 2781 1953 2836 καὶ

300 2867 765 2949 μνηστευσάμενος
796 2873 986 2948 αὐτὴν,
1004 2873 1105 2929 καὶ
1147 2873 1241 2936 τὰς
1287 2872 1451 2952 εὐχὰς
1507 2871 1604 2939 τῆς
1664 2869 1950 2946 μνηστείας

299 2962 601 3045 δεξάμενος,
646 2962 950 3042 συνεγένετο
1014 2964 1182 3032 ταύτη
1266 2964 1405 3021 Εἶτα
1460 2964 1843 3044 ἐχειροτονήθη
1885 2964 1958 3017 ἱε-

302 3054 440 3131 ρεὺς,
498 3051 718 3124 ἐλπίζων
777 3051 859 3109 ὅτι
914 3055 966 3109 αἱ
1015 3054 1171 3134 εὐχαὶ
1227 3058 1326 3121 τῆς
1385 3054 1671 3128 μνηστείας
1715 3050 1957 3130 ἀρκοῦσιν

2040 2526 2132 2581 est
2159 2538 2193 2580 a
2222 2516 2678 2597 metropolitano
2715 2536 2728 2578 :
2762 2514 2909 2577 obiit
2940 2516 3694 2596 metropolitanus,succes-

2037 2607 2113 2670 sit
2142 2607 2314 2680 alius,
2351 2606 2451 2688 qui
2483 2622 2617 2667 eum
2651 2605 2710 2668 in
2765 2604 2963 2686 poenis
2997 2622 3128 2667 esse
3157 2605 3310 2668 sivit.
3346 2605 3583 2692 Quaero,
3615 2630 3692 2674 an

2037 2697 2135 2760 hic
2162 2714 2193 2759 a
2228 2696 2401 2759 nobis
2432 2714 2602 2776 paena
2628 2694 2855 2756 absolvi
2894 2694 3100 2776 possit.

2116 2786 2344 2849 lnterr.
2379 2785 2439 2848 2.
2475 2782 2738 2848 Clericus
2758 2802 3006 2846 uxorem
3045 2783 3294 2861 ducens,
3348 2788 3692 2868 precatione

2041 2883 2265 2939 tantum
2311 2875 2753 2957 sponsaliorum
2806 2878 3103 2953 suscepta,
3138 2892 3271 2937 cum
3304 2893 3376 2938 ea
3404 2895 3692 2959 congres-

2039 2984 2139 3027 sus
2188 2973 2276 3028 est
2336 2983 2349 3029 :
2399 2964 2619 3027 deinde
2675 2973 2910 3027 creatus
2958 2971 3047 3025 est
3099 2964 3404 3039 sacerdos,
3439 2969 3694 3033 credens

2038 3055 2473 3137 sponsaliorum
2526 3072 2738 3134 preces
2795 3052 2870 3116 ad
2929 3050 3167 3133 nuptias
3224 3054 3520 3134 sufﬁcere,
3557 3078 3693 3122 cum

309 3143 381 3206 εἰς
440 3142 635 3221 γάμον,
679 3141 991 3222 ἀγνοοῦντος
1048 3144 1136 3202 καὶ
1190 3150 1280 3200 του
1334 3141 1652 3223 ἀρχιερέως²
1686 3139 1795 3221 άὸτι
1859 3142 1950 3197 οὒκ

2046 3145 2279 3207 antistes
2330 3144 2634 3224 ignoraret
2691 3143 2980 3225 perfectas
3034 3142 3269 3222 nuptias
3324 3164 3445 3208 non
3504 3147 3693 3212 fuisse

303 3230 511 3306 ἐγένετο
552 3229 752 3297 τέλειος
818 3232 1013 3310 γάμος,
1078 3233 1226 3290 Μετὰ
1281 3238 1435 3289 τοῦτο
1500 3228 1658 3288 ἔλαϐε
1713 3231 1802 3288 καὶ
1856 3230 1951 3293 τὰς

296 3318 459 3398 εὐχὰς
491 3327 584 3378 τοῦ
612 3318 788 3397 γάμου
821 3338 837 3356 ⁸
896 3321 985 3376 καὶ
1041 3320 1222 3401 ἐρωτῶ
1278 3322 1323 3376 εἰ
1379 3318 1576 3401 ὀφείλει
1633 3317 1949 3398 ἱερουργεῖν,

291 3406 329 3476 ἢ
371 3411 560 3475 στῆναι
610 3406 685 3457 58
756 3411 854 3477 τῆς
915 3409 1225 3490 ἱερουργίας,
1279 3408 1315 3476 ἢ
1387 3407 1951 3487 ἐπιτιμηθῆναιηπρὸς

298 3498 506 3575 καιρόν.

374 3587 669 3668 Ἐρώτησις
740 3578 817 3667 γ’.
893 3581 950 3649 Ὀ
1024 3585 1521 3671 δευτερογαμήσας“
1561 3589 1849 3653 δεπότατος
1907 3590 1950 3644 εὶ

291 3677 489 3759 ὀφείλει
552 3677 607 3734 ἐν
663 3685 743 3754 τῷ
791 3684 961 3759 καιρῷ
1009 3684 1109 3747 τῆς
1181 3678 1381 3737 εἰσόδου
1451 3678 1822 3739 συνεισοδεύειν
1874 3685 1950 3754 τῷ

290 3768 539 3849 ἀρχιερεῖ
546 3816 559 3830 .

379 3856 691 3938 Ἀπόκρισις
749 3858 960 3939 πρώτη.
1027 3850 1084 3917 Ὀ
1169 3858 1577 3938 κατηγορηθεὶς,
1664 3857 1776 3915 εἴτε
1861 3860 1949 3916 καὶ

296 3945 509 4021 ἁπλῶς,
542 3944 656 4004 εἴτε
683 3948 773 4004 καὶ
800 3948 938 4005 κατὰ
993 3948 1187 4025 νόμους
1243 3947 1539 4015 διαϐληθεὶς
1596 3947 1681 4003 ἐπὶ
1747 3954 1816 4026 τῇ
1860 3957 1953 4007 τοῦ

292 4037 570 4113 κτήματος
638 4041 739 4105 τῆς
809 4035 1129 4106 Ἐκκλησίας
1190 4034 1463 4118 προδοσίᾳ,
1536 4037 1597 4092 οὗ
1639 4034 1821 4113 μέντοι
1863 4037 1954 4094 καὶ

294 4124 546 4203 ἒλεγθεὶς,
621 4127 666 4183 εἰ
718 4126 808 4183 καὶ
867 4127 1014 4195 εὶάθη
1101 4126 1569 4206 ἐπιτετιμημένος,
1625 4132 1720 4182 τοῦ
1773 4126 1951 4183 ἐπιτι-

299 4215 569 4292 μήσαντος
613 4214 770 4272 αὐτὸν
813 4213 897 4272 διὰ
939 4217 1037 4284 τὴν
1080 4217 1331 4284 τοιαύτην
1389 4215 1709 4293 κατηγορίαν
1764 4213 1950 4272 τελευ-

295 4305 585 4386 τήσαντος,
631 4305 718 4361 καὶ
788 4307 929 4386 παρὰ
970 4311 1075 4365 τῶν
1135 4305 1253 4384 μετ’
1310 4306 1465 4364 αὐτὸν
1509 4302 1597 4360 δύο
1657 4304 1947 4386 ἀρχιερέων

295 4395 382 4450 καὶ
437 4391 512 4449 ἔτι
584 4392 1025 4472 ἐπιτετιμήμένος
1096 4396 1260 4477 μέχρι
1319 4404 1413 4453 τοῦ
1455 4404 1542 4454 νῦν
1579 4411 1593 4425 ⁸

2036 3243 2396 3299 contractas.
2435 3237 2643 3297 Postea
2697 3232 3037 3314 nuptiarum
3070 3234 3249 3311 etiam
3283 3235 3689 3313 precationem

2034 3324 2286 3405 accepit.
2339 3323 2573 3399 Quaero,
2605 3342 2680 3385 an
2711 3322 2930 3385 debeat
2958 3341 3127 3386 sacra
3155 3323 3488 3403 celebrare,
3524 3339 3627 3390 aut
3655 3347 3690 3390 a

2036 3414 2440 3481 celebratione
2499 3412 2817 3484 desistere.
2873 3421 2975 3476 aut
3035 3414 3469 3496 temporalibus
3499 3417 3693 3498 poenis

2035 3521 2327 3568 COBPCBPL

2114 3593 2339 3655 Interr.
2378 3591 2433 3657 3.
2488 3592 2578 3653 An
2624 3590 2958 3673 deputatus,
2993 3592 3095 3674 qui
3126 3593 3422 3657 secundas
3451 3597 3693 3676 nuptias

2033 3684 2347 3762 contraxit,
2378 3680 2594 3743 debeat
2615 3688 2885 3762 tempore
2917 3680 3195 3744 introitus
3226 3681 3406 3745 simul
3437 3683 3690 3750 introire

2032 3790 2166 3833 cum
2199 3770 2484 3832 antistite.

2111 3860 2446 3942 Responsio
2476 3861 2699 3940 prima.
2732 3857 2842 3931 Qui
2872 3859 3169 3921 incasatus
3189 3859 3435 3934 est,sive
3460 3859 3691 3943 simpli-

2035 3951 2340 4027 citer,sive
2364 3948 2692 4012 secundum
2718 3949 2877 4028 leges
2902 3948 3279 4011 accusatione
3295 3949 3585 4028 instituta,
3613 3950 3688 4015 ob

2036 4039 2426 4102 collusionem
2458 4038 2533 4100 de
2561 4036 2783 4118 praedio
2800 4036 3082 4101 Ecclesiae
3099 4037 3466 4113 factam,non
3490 4046 3689 4102 tamen

2036 4130 2216 4193 etiam
2249 4129 2574 4200 convictus,
2609 4137 2668 4191 et
2688 4128 2738 4190 si
2761 4127 2871 4190 sub
2903 4130 3099 4210 poenis
3153 4127 3311 4208 (cum
3342 4128 3394 4190 is
3412 4129 3514 4211 qui
3544 4149 3689 4211 pro-

2036 4231 2168 4302 pter
2198 4219 2374 4281 talem
2401 4217 2839 4279 accusationem
2865 4236 2964 4280 eas
2993 4217 3377 4300 irrogaverat,
3413 4218 3492 4281 sit
3522 4238 3689 4282 mor-

2031 4310 2194 4389 tuus)
2246 4309 2490 4371 relictus
2530 4306 2730 4389 fuerit,
2766 4315 2825 4369 et
2852 4326 2887 4369 a
2939 4306 3193 4389 duobus,
3230 4308 3334 4389 qui
3362 4316 3492 4389 post
3520 4309 3689 4371 illum

1663 4392 1811 4471 ὅμως
1854 4395 1945 4451 ἐὰν
1968 4471 2002 4478 _
2028 4399 2286 4474 fuerunt,
2317 4397 2698 4471 antistitibus,
2725 4397 2918 4478 sitque
2937 4397 3225 4459 bactenns
3237 4397 3347 4459 sub
3370 4398 3465 4461 iis:
3490 4407 3690 4462 tamen

297 4481 462 4547 οὐδεὶς
507 4482 712 4565 ἐλέγχῃ
765 4486 923 4544 αὐτὸν
977 4471 1106 4546 οὔδὲή
1329 4483 1445 4543 οὔτε
1489 4486 1644 4550 αὐτὸς
1689 4484 1946 4565 ὁμολογεῖ

2046 4489 2082 4551 si
2114 4471 2276 4550 nunc
2304 4488 2504 4550 nullus
2526 4506 2661 4550 eum
2686 4471 3017 4564 convincat,
3055 4505 3167 4548 nec
3199 4486 3455 4549 fateatur
3486 4490 3691 4569 prodi-

294 4571 395 4641 τὴν
422 4570 723 4651 προδοσίαν,
753 4571 967 4633 δύναται
996 4574 1214 4644 λυθῆναι
1247 4576 1391 4656 παρὰ
1416 4584 1510 4633 τοῦ
1539 4578 1628 4632 νῦν
1653 4574 1947 4656 ἀρχιερέως

297 4661 480 4743 αὐτοῦ,
511 4662 600 4719 καὶ
630 4662 774 4719 εῖναι
803 4662 857 4721 ἐν
886 4670 957 4743 τῇ
984 4664 1148 4739 οἰκείᾳ
1174 4664 1430 4746 ἒνεργεία,
1463 4665 1552 4722 καὶ
1580 4663 1818 4743 ἐνεργεῖν
1862 4666 1950 4722 καὶ

295 4752 362 4809 τὰ
386 4761 481 4811 τοῦ
506 4752 750 4833 ὀφφικίου
780 4754 958 4813 αὐτοϋ.

378 4838 503 4899 Ἀπ.
552 4830 644 4919 β’.
709 4833 767 4900 Ὀ
832 4840 887 4900 δὲ
929 4851 999 4923 τῇ
1057 4846 1223 4919 οἰκείᾳ
1280 4851 1494 4922 μνηστῇ
1548 4844 1652 4923 πρὸ
1705 4848 1805 4913 τῆς
1858 4851 1951 4902 τοῦ

295 4930 470 5009 γάμου
523 4930 816 5011 ἱερολογίας
901 4933 1156 5016 κληρικὸς
1239 4935 1538 5016 συναφθεὶς,
1625 4936 1670 4992 εἰ
1724 4935 1813 4991 καὶ
1870 4936 1948 5012 μὴ

295 5022 371 5084 ὡς
421 5019 832 5101 κλεψιγαμήσας
882 5021 1169 5106 λογίζεται,
1217 5022 1302 5083 διὰ
1342 5026 1404 5081 τὸ
1462 5024 1690 5101 νομίζειν
1735 5022 1815 5081 ὅτι
1848 5024 1948 5105 ἂρ-

294 5110 388 5168 κεῖ
433 5110 575 5186 αὒτῳ
628 5113 760 5192 πρὸς
804 5112 905 5182 τὴν
961 5119 1059 5185 τῆς
1133 5119 1377 5193 μνηστῆς
1434 5114 1713 5196 συνάφειαν
1767 5117 1804 5183 ἦ
1851 5117 1948 5184 τῆς

299 5200 587 5278 μνηστείας
626 5203 879 5285 συνάφεια
911 5223 925 5238 °
981 5203 1101 5263 ἀλλ’
1161 5204 1241 5263 ὅτι
1298 5204 1562 5282 ἠγνόησεν
1619 5202 1759 5268 ὅλως
1816 5204 1950 5288 ἅπερ

2033 4577 2305 4658 titonem,
2340 4584 2533 4658 potest
2561 4596 2595 4638 a
2625 4595 2734 4638 suo
2753 4576 3039 4657 antistite,
3066 4574 3168 4657 qui
3200 4594 3359 4638 nunc
3378 4576 3693 4652 est,absol-

2031 4667 2087 4729 vi
2114 4688 2130 4743 ;
2162 4676 2223 4729 et
2271 4685 2411 4729 esse
2459 4666 2521 4727 in
2554 4665 2796 4747 proprio
2827 4664 3182 4738 ministerio,
3234 4664 3551 4749 ofﬁcioque
3579 4685 3687 4730 suo

2032 4757 2219 4836 fungi.

2113 4848 2288 4926 Resp.
2311 4842 2669 4920 2.'_Clericus
2691 4843 3020 4927 autem,qui
3037 4863 3171 4908 cum
3195 4862 3302 4907 sua
3314 4864 3536 4927 sponsa
3555 4855 3691 4912 ante

2033 4936 2372 5018 nuptiarum
2388 4934 2902 4997 consecrationem
2918 4933 3230 5007 colit,licet
3242 4954 3360 4997 non
3378 4946 3693 5000 censeatur

2034 5024 2430 5089 clandestinas
2460 5034 2484 5064 ι’
2539 5026 2912 5088 contraxisse
2942 5024 3198 5105 nuptias,
3243 5024 3382 5106 quia
3410 5027 3692 5091 sufﬁcere

2035 5115 2333 5179 existimet
2360 5112 2799 5194 sponsaliorum
2829 5113 3316 5194 conjunctionem
3348 5115 3424 5178 ad
3455 5133 3692 5196 sponsae

2035 5204 2348 5287 copulam:
2383 5202 2523 5284 quia
2564 5210 2764 5265 tamen
2809 5203 3052 5267 omnino
3092 5204 3385 5283 ignoravit
3412 5223 3504 5284 ea,
3559 5227 3693 5290 qua:

1623 5374 1887 5440 VARUE
1916 5374 2354 5443 LECTIONES.

377 5506 443 5559 85
470 5509 518 5565 οἱ
558 5498 1000 5589 ἐπιτετραμμένοι
1029 5509 1234 5587 διοσᾷν.
1275 5510 1343 5562 54
1370 5510 1643 5592 ἂνέχεται
1666 5512 1937 5594 πορνεόειν
1979 5515 2039 5571 ὃν
2068 5512 2216 5594 ἔχει,
2246 5512 2283 5581 ἢ
2315 5512 2382 5579 ἦν
2425 5510 2564 5592 ἔχει,
2608 5511 2674 5562 55
2718 5510 3046 5586 ἂπαιτεῖται,
3077 5508 3144 5561 56
3169 5508 3416 5573 κωλύσει.
3447 5509 3514 5561 37
3544 5510 3689 5582 ἔσται

296 5598 591 5665 ἀνεύθυνος.
625 5600 768 5668 Μηνὶ
798 5600 1155 5685 Σεντεμϐρίῳ,
1189 5589 1555 5680 ἐπινεμήσεως
1600 5589 1698 5663 ια’.
1720 5589 1787 5651 33
1810 5602 1846 5671 ᾖ
1876 5589 2152 5672 ἐκστῆναί.

376 5716 417 5748 ω
458 5704 981 5791 inspiciendoque.
1012 5721 1041 5752 ιι
1098 5710 1456 5791 mandatum
1487 5707 1787 5791 habent._°
1836 5715 2083 5791 patitur
2109 5711 2375 5791 scortari
2402 5728 2534 5773 eum
2567 5726 2796 5790 eamve,
2824 5726 3005 5791 quem
3047 5724 3306 5789 quamve
3349 5709 3418 5770 in
3444 5725 3558 5772 sua
3580 5726 3692 5790 po-

297 5792 508 5851 testate
531 5785 736 5853 habet.
759 5799 785 5842 P
839 5785 1207 5871 prohibebit.
1228 5803 1256 5847 (ι
1311 5789 1658 5855 addendum
1685 5785 1896 5855 Mense
1917 5789 2272 5874 septembri,
2302 5791 2631 5856 indictione
2649 5808 2731 5854 χι.
2782 5785 2812 5834 ’τ
2835 5785 3136 5870 furtivas.

745 5903 1008 5971 ΡΑπιοι..
1059 5908 1171 5974 Gn.
1219 5907 1418 5975 CXIX.

3038 5908 3118 5971 32
