4128 6416
458 401 614 470 1003

1833 407 1865 468 J
1873 406 1966 467 US
2007 400 2451 469 CANONICUM

3701 395 3854 463 1004

448 539 643 620 ipsum
676 555 795 598 non
826 535 1100 613 ignorare
1129 535 1412 614 oportuit,
1448 533 1522 595 ob
1545 553 1672 597 eam
1697 555 1932 598 causam
1951 555 2106 617 pra;-

2212 536 2348 593 ιῦτὸν
2379 541 2473 596 οὒκ
2502 537 2670 618 ἐχρῆν
2716 521 2985 618 ἀγνοεῖν,’
3011 537 3095 595 διὰ
3146 544 3298 594 τοῦτο
3354 533 3840 615 προκριματίζεται,

445 627 744 708 judicium
776 624 1018 706 patitur,
1055 631 1114 686 et
1144 624 1192 684 si
1229 631 1357 704 post
1379 623 1841 704 ordinationem,
1870 625 2114 689 benedi-

450 717 712 780 ctionem
739 714 1074 795 nuptiarum
1102 713 1591 792 susceperit.Duo
1618 715 1777 775 enim
1803 714 2110 793 ignoravit,

451 806 704 869 etsolam
719 803 1158 886 sponsaliorum
1183 804 1586 882 precationem
1611 823 1726 865 non
1751 803 2115 866 sufﬁceread

455 895 755 976 copulam,
793 903 850 955 et
877 900 1004 973 post
1027 890 1896 955 ordinationembenedictione
1918 893 2116 972 conju-

452 985 569 1065 gali
601 1003 722 1045 non
781 981 1005 1045 initiari
1067 1000 1447 1062 quemquam.
1509 982 1715 1044 Dicam
1761 990 1819 1044 et
1851 981 2110 1056 tertium,

455 1074 760 1136 neminem
794 1072 895 1152 qui
926 1090 1058 1132 cum
1089 1089 1307 1150 sponsa
1328 1079 1462 1131 ante
1495 1071 1730 1152 nuptias
1762 1089 2116 1151 congressus

451 1163 552 1240 sit,
591 1161 968 1224 ordinatione
1003 1159 1246 1239 dignum
1281 1158 1511 1220 haberi.

535 1253 715 1333 Resp.
740 1251 798 1315 3.
826 1251 1156 1329 Deputatus
1177 1249 1451 1330 vero,qui
1484 1248 1778 1313 secundas
1825 1250 2118 1312 contraxit

457 1343 717 1424 nuptias,
747 1358 990 1402 servans
1047 1346 1132 1413 (ut
1161 1338 1398 1419 opinor)
1436 1338 1643 1400 binubi
1692 1339 1949 1419 priorem
1985 1358 2113 1420 pae-

463 1452 628 1514 nam,
663 1452 794 1514 qua}
842 1433 893 1493 ei
927 1429 1215 1492 canonice
1245 1428 1524 1509 imposita
1555 1439 1643 1492 est
1675 1429 1977 1507 (videlicet
2009 1449 2116 1492 ex-

456 1522 932 1586 communicatus
983 1539 1140 1582 anno
1184 1538 1303 1580 uno
1355 1527 1454 1579 aut
1513 1520 1722 1595 altero,
1785 1527 1962 1599 prout
1989 1519 2118 1600 ipse

460 1611 868 1692 judicaveris),
902 1617 1106 1689 postea
1135 1626 1342 1670 rursus
1375 1607 1634 1690 benigne
1669 1609 2010 1671 restituetur
2037 1607 2112 1669 ad

461 1701 727 1784 deputati
759 1699 1186 1761 ministerium.

535 1789 914 1855 lnterr.Cum
935 1789 1215 1850 donatum
1236 1789 1498 1850 essetcui
1507 1788 1661 1868 piam
1689 1787 2111 1849 monasterium

2197 624 2296 680 κᾶν
2358 628 2492 701 μετὰ
2558 629 2658 696 τὴν
2728 629 3056 709 χειροτονίαν
3112 630 3198 684 καὶ
3252 627 3352 694 τὴν
3408 623 3701 702 ἱερολογίαν
3753 628 3844 678 τοῦ

2197 716 2370 794 γάμου
2396 715 2624 784 ἐδέξατο.
2665 719 2767 776 Δύο
2798 720 2897 799 γὰρ
2953 718 3241 798 ἠγνόησεν,
3289 716 3367 773 ὅτι
3399 715 3492 774 οὒκ
3521 715 3675 793 ἀρκεῖ
3708 712 3845 785 αὐτῷ

2199 806 2338 879 μόνη
2368 809 2402 874 ἡ
2435 809 2573 889 εὐχὴ
2604 833 2701 876 της
2735 811 3024 883 μνηστείας
3081 809 3212 888 πρὸς
3256 807 3354 874 τὴν
3400 804 3678 883 συνάφειαν
3711 817 3726 830 ⁸
3759 802 3845 856 καὶ

2199 892 2279 948 ὅτι
2341 897 2475 970 μετὰ
2529 899 2628 965 τὴν
2699 900 3027 978 χειροτονίαν
3085 895 3248 960 οὐδεὶς
3303 893 3656 974 ίερολογεϊται
3713 889 3846 966 μετὰ

2198 985 2468 1059 γυναικός.
2507 986 2663 1044 Εἴπω
2693 985 2746 1042 δὲ
2786 989 2873 1043 καὶ
2930 1009 3127 1066 τριτον,
3176 985 3256 1041 ὅτι
3309 983 3470 1047 οὐδεὶς
3514 987 3583 1058 τῇ
3637 982 3848 1055 μνηστῇ

2202 1076 2470 1152 συναφθεὶς
2501 1078 2602 1154 πρὸ
2630 1086 2721 1135 τοῦ
2749 1076 2944 1156 γάμου,
2981 1077 3307 1156 χειροτονίας
3340 1071 3594 1139 ἀξιοῦται.

2280 1252 2406 1312 Ἀπ.
2480 1243 2554 1332 γ’.
2622 1245 2678 1312 Ὀ
2762 1255 2940 1330 μέντοι
2997 1252 3457 1333 δευτερογαμήσας
3531 1245 3844 1318 δεποτάτος,

2201 1339 2452 1424 φυλάξας,
2488 1345 2670 1420 οἶμαι,
2703 1347 2764 1401 τὸ
2821 1351 2912 1402 τοῦ
2971 1342 3194 1422 διγάμου
3248 1342 3502 1420 πρότερον
3561 1337 3851 1412 ἐπιτίμιον,

2200 1428 2328 1511 ὅπερ
2387 1437 2529 1508 αῦτῷ
2599 1438 2890 1498 κανονικῶς
2951 1433 3232 1490 ἐπιτίθεται
3305 1429 3468 1510 ἤγουν
3525 1428 3619 1484 ἕνα
3673 1425 3855 1482 ἐνιαυ-

2200 1521 2289 1575 τὸν
2319 1519 2430 1578 εἴτε
2462 1521 2548 1580 δύο
2579 1524 2860 1601 γενόμενος
2890 1523 3269 1602 ἀκοινώνητος,
3316 1522 3388 1584 ὡς
3433 1517 3495 1575 ἂν
3526 1517 3680 1580 αὐτὸς
3710 1512 3862 1570 δοκι-

2200 1611 2376 1684 μάσης
2407 1614 2544 1688 μετὰ
2573 1623 2728 1673 τοῦτο
2758 1613 2916 1670 πάλιν
2947 1612 3327 1694 φιλανθρώπως
3352 1606 3858 1674 ἆποκαταστήσεται

2191 1700 2266 1762 εἷς
2297 1703 2397 1770 τὴν
2426 1710 2517 1759 τοῦ
2559 1699 2846 1760 δεποτάτου
2875 1703 3159 1784 ἐνέργειαν,

2276 1794 2594 1874 Ἐρώτησις.
2681 1780 3015 1871 Δωρηθέντος
3099 1794 3197 1849 τινὶ
3290 1787 3644 1866 μοναστηρίου
3714 1780 3868 1860 παρά

453 1902 487 1944 a
520 1881 778 1964 quodam
803 1897 1032 1952 eorum,
1080 1877 1179 1958 qui
1211 1885 1345 1937 ante
1379 1896 1470 1939 me
1504 1878 1762 1950 fuerunt,
1807 1884 2114 1964 metropof

2212 1907 2340 1948 τινος
2402 1884 2504 1941 ut».
2560 1884 2662 1962 πρὸ
2720 1882 2849 1959 ἐμοῦ
2893 1881 3326 1962 μητροπολιτῶν,
3386 1877 3594 1958 ἐγένετο
3637 1874 3723 1930 ἐπὶ
3776 1876 3866 1945 τῷ

455 1962 641 2033 litano
673 1991 687 2052 ;
725 1969 876 2030 facta
927 1976 1017 2030 est
1075 1970 1431 2028 monasterio
1475 1973 1532 2027 et
1565 1965 1956 2047 possessionis
1987 1975 2011 2006 ε
2041 1962 2113 2024 ad

457 2079 655 2124 meam
712 2056 1087 2138 metropolim
1124 2055 1474 2136 pertinentis
1525 2055 1847 2117 concessio.
1883 2056 1971 2115 An
2005 2055 2115 2114 hoc

457 2149 646 2232 possit
699 2148 850 2228 tieri,
935 2153 992 2207 et
1022 2144 1430 2225 possessiones
1462 2144 2055 2225 metropolitanorum
2101 2145 2118 2183 ι

459 2237 864 2317 monasteriis,
899 2234 1172 2310 concedi,
1211 2233 1454 2295 nomine
1477 2241 1697 2295 tantum
1729 2234 1816 2294 sic
1845 2232 2114 2314 appella-

458 2328 558 2390 tis.
589 2346 706 2388 non
743 2345 829 2387 re.

541 2379 710 2496 ᾕρει».
776 2412 1182 2479 Possessionis
1212 2412 1285 2473 ad
1323 2411 1700 2491 metropolim
1762 2411 2117 2492 pertinentis

2201 1976 2536 2054 μοναστηρῖῳ
2563 1975 2652 2030 καὶ
2695 1975 2970 2048 κτήματος
3025 1971 3254 2037 ἐπίδοσις
3309 1975 3379 2047 τῇ
3434 1965 3521 2024 ὑπ’
3581 1965 3676 2040 ἐμὲ
3737 1984 3864 2038 μη-

2199 2064 2443 2144 τροπόλει
2489 2061 2846 2144 διαφέροντος,
2908 2065 2966 2120 Εἰ
3012 2062 3098 2118 οὖν
3157 2060 3366 2117 δύναται
3409 2067 3564 2116 τοῦτο
3594 2055 3864 2133 γίνεσθαι,

2201 2158 2286 2212 καὶ
2312 2157 2377 2210 τὰ
2432 2159 2539 2209 τῶν
2597 2150 2981 2230 μητροπόλεων
3035 2149 3348 2208 ἐπιδίδοοθαι
3392 2161 3509 2213 τοῖς
3567 2163 3862 2221 μοναστη-

2201 2247 2334 2325 ρίοις
2363 2244 2636 2322 κτήματα,
2687 2241 2908 2316 ὀνόμασι
2955 2239 3115 2316 μόνον
3167 2237 3544 2315 κεκλημένοις,
3597 2238 3658 2292 οῦ
3713 2232 3867 2311 πρά-

2199 2357 2364 2414 γμασι
2375 2377 2390 2392 ο

2277 2420 2405 2481 Ἀπ.
2471 2411 2533 2477 Ἠ
2604 2426 2694 2476 τοῦ
2765 2421 3040 2496 κτήματος
3108 2424 3208 2486 τῆς
3278 2417 3664 2498 μητροπόλεως
3721 2419 3866 2497 πρὸς

461 2504 822 2569 monasterio
853 2505 1002 2564 facta
1023 2501 1358 2577 concessio,
1389 2502 1499 2562 etsi
1524 2503 1946 2564 monasterium
1981 2519 2111 2562 me-

2212 2512 2553 2590 ιοναστήριον
2584 2507 2836 2590 ἐπίδοσις,
2892 2507 2990 2566 κᾶν
3049 2510 3148 2566 ὑπὸ
3201 2509 3300 2578 τὴν
3357 2506 3689 2588 μητρόπολιν
3759 2506 3865 2564 δε-

458 2596 671 2677 tropoli
735 2593 1036 2654 dominice
1093 2591 1304 2664 subsit,
1362 2599 1460 2652 aut
1513 2592 1674 2652 velut
1727 2592 1997 2653 domusu
2042 2593 2116 2658 sit

2212 2606 2469 2664 σποτικῶς
2541 2600 2760 2679 ὑπάρχῃ
2819 2601 2881 2654 τὸ
2933 2601 3309 2678 μοναστήριον,
3370 2598 3468 2656 κᾶν
3525 2601 3598 2664 ὡς
3657 2599 3865 2659 ἐνδιαί-

463 2682 930 2764 metropolitani,
965 2689 1062 2743 aut
1118 2681 1282 2741 nullo
1340 2679 1514 2741 modo
1543 2681 1754 2741 donari
1788 2681 1994 2760 possit,
2022 2690 2116 2741 aut

2212 2713 2352 2765 τημα
2404 2689 2439 2764 ᾖ
2497 2696 2588 2746 τοῦ
2662 2686 3075 2768 μητροπολίτου,
3143 2690 3231 2746 καὶ
3314 2687 3451 2754 ὅλως
3522 2688 3860 2770 ἀδώρηστον,

464 2774 696 2836 reditus
715 2773 783 2833 ad
804 2771 1177 2852 metropolim
1205 2769 1509 2850 proveniat
1537 2771 1620 2850 (ut
1646 2770 1997 2850 plerumque
2011 2770 2114 2845 lit),

2212 2780 2301 2835 κᾶν
2330 2781 2396 2835 τὰ
2438 2779 2544 2835 τῶν
2572 2775 2843 2856 προσόδων
2890 2779 2960 2842 εἰς
3010 2777 3106 2844 τὴν
3167 2777 3494 2858 μητρόπολιν
3553 2777 3864 2850 είσοδιάζη-

465 2871 627 2924 recta
684 2862 913 2923 ratione
973 2879 1083 2921 nec
1142 2859 1375 2938 c0gnita
1424 2867 1534 2933 est,
1589 2878 1699 2920 nec
1746 2858 2114 2939 recipienda.

2212 2893 2288 2925 ται
2323 2869 2437 2949 (οἶα
2482 2867 2739 2932 πολλάκις
2772 2865 2998 2946 γίνεται)
3043 2873 3120 2942 τῷ
3165 2868 3300 2947 ὀρθῷ
3355 2867 3500 2948 λόγῳ
3554 2870 3862 2950 ἀνεπίγνω-

469 2952 650 3012 multo
699 2959 897 3011 autem
931 2949 1135 3027 magis,
1171 2948 1220 3008 si
1269 2947 1417 3009 nihil
1452 2949 1660 3010 horum
1691 2948 1890 3011 fuerit.
1922 2947 2116 3011 Mani-

2212 2947 2341 3024 ττός-
2369 2960 2480 3016 ἐστι
2524 2961 2610 3014 καὶ
2653 2956 2986 3020 ἀνεπίδεκτος
3016 2973 3030 2987 ⁶
3077 2957 3263 3034 πολλῷ
3305 2957 3358 3014 δὲ
3418 2947 3579 3017 πλέον
3610 2947 3861 3022 ἐὰν-οὖ-

465 3041 612 3102 festa
647 3040 805 3100 enim
840 3039 1118 3100 alienatio
1169 3046 1269 3099 aut
1314 3039 1538 3099 frustra
1593 3047 1648 3099 et
1677 3036 2116 3099 inconsiderate

2212 3047 2287 3105 Ξὲν
2348 3050 2548 3106 τούτων
2605 3047 2663 3124 ᾗ.
2729 3046 3047 3117 Ἐκποιήσις
3119 3048 3220 3127 γὰρ
3289 3051 3506 3130 φανερὰ,
3577 3052 3612 3120 ἣ
3675 3053 3860 3127 μάτην

465 3130 848 3210 amelropoli
904 3129 964 3189 in
1021 3127 1449 3190 monasterium
1511 3127 1806 3207 possessio
1841 3128 2116 3209 translata

2212 3140 2289 3196 καὶ
2339 3137 2632 3218 ἀλογίστως
2689 3137 2795 3193 ἀπὸ
2835 3139 2934 3203 τῆς
2991 3127 3376 3216 μητροπόλεως
3423 3127 3503 3206 εἰς
3562 3143 3622 3197 τὸ
3676 3166 3855 3218 μονα..

467 3220 700 3282 videtur
741 3231 785 3278 ν.
821 3217 985 3290 Quod
1009 3226 1204 3280 autem
1235 3218 1451 3278 frustra
1478 3226 1535 3279 et
1557 3217 1615 3278 in
1640 3236 1850 3278 vanum
1877 3218 1970 3290 sit,
2008 3236 2116 3279 nec

2212 3231 2417 3306 πτήριον
2449 3217 2509 3284 τὸ
2539 3229 2720 3304 κτῆμα
2764 3227 3171 3302 μετατιθέμενον
3198 3227 3352 3279 39°40
3401 3217 3767 3310 φαίνεταιξτὸ
3803 3232 3855 3290 δὲ

466 3309 686 3372 rationi
719 3327 826 3368 nec
855 3307 966 3386 legi
993 3313 1082 3370 est.
1114 3316 1608 3369 consentaneum.
1635 3308 1936 3387 Cujusque
1959 3305 2116 3368 enim

469 3398 814 3460 monasterii
842 3396 1159 3477 peculiaris
1187 3405 1273 3458 est
1304 3395 1760 3476 administratio,
1793 3403 1850 3457 et
1871 3395 1942 3456 ad
1976 3415 2118 3476 pro-

468 3488 656 3568 priam
710 3486 1191 3548 constitutionem
1247 3493 1520 3565 spectans
1566 3493 1609 3544 κ.
1672 3483 1892 3546 Verum
1943 3484 2116 3546 etiam

469 3577 786 3658 peculiaris
817 3576 1008 3656 ipsius
1037 3575 1406 3655 metropolis,
1444 3574 1557 3635 nisi
1582 3594 1648 3636 ex
1675 3595 1730 3653 sy
1751 3575 1962 3636 nodica
1989 3575 2119 3636 dis-

465 3667 815 3749 pensatione
872 3667 943 3728 ad
1003 3665 1312 3726 utilitatem
1359 3664 1644 3727 Ecclesiae
1680 3665 1794 3726 tale
1825 3663 1964 3745 quid
2011 3665 2121 3726 da-

464 3763 586 3816 tum
617 3756 712 3816 sit.
746 3758 824 3818 At
855 3773 992 3816 vero
1024 3753 1302 3816 alienatio
1326 3755 1456 3814 sine
1481 3754 1759 3834 synodica
1781 3754 2119 3834 cognitione

464 3844 594 3907 ﬁeri
628 3864 744 3906 non
773 3844 1156 3925 permittitur.

543 3935 773 3997 Interr.
809 3933 871 3997 Si
929 3933 1061 4014 quis
1089 3933 1391 4008 sacerdos,
1425 3940 1524 3995 aut
1552 3933 1728 3995 etiam
1761 3932 1968 4009 laicus,
2006 3932 2115 3994 de-

466 4023 798 4104 prehensus
853 4023 928 4083 sit
981 4034 1184 4083 contra
1245 4022 1548 4103 proprium
1610 4021 1981 4102 episcopum,
2023 4029 2123 4082 aut

468 4113 907 4193 magistratum,
969 4121 1071 4174 aut
1105 4112 1392 4192 privatum
1425 4112 1801 4192 simpliciter,
1836 4119 1893 4172 et
1925 4111 2122 4191 vulga-

466 4219 593 4262 rem
629 4202 932 4263 hominem
963 4220 1174 4263 cruces
1210 4204 1267 4262 in
1299 4201 1501 4261 charta
1553 4219 1728 4262 manu
1763 4200 1998 4280 propria
2027 4202 2118 4263 l'e-

468 4289 644 4364 cisse,
681 4298 784 4351 aut
813 4291 989 4352 etiam
1023 4290 1358 4352 insidiasin
1410 4290 1592 4370 ipsos,
1627 4289 1715 4351 vel
1741 4300 1982 4351 coetusy
2009 4309 2118 4370 po-

469 4378 590 4458 puli
621 4378 962 4460 meditatus,
1001 4380 1094 4441 cui
1124 4399 1297 4460 pcene
1329 4379 1690 4459 subjicitur?

548 4467 726 4548 Resp.
763 4467 872 4540 Qui
905 4469 1022 4530 tale
1053 4470 1354 4550 quidpiam
1382 4478 1810 4550 perpetrant,et
1832 4469 1904 4530 ab
1929 4478 2112 4532 extra-

472 4557 603 4618 neis
655 4557 906 4637 legibus,
966 4569 1029 4621 ut
1085 4569 1142 4621 tu
1199 4560 1328 4638 ipse
1384 4559 1503 4620 scis
1560 4559 1683 4620 Deo
1741 4559 2116 4630 charissime,

475 4647 1006 4726 plectuntur,velut
1039 4649 1285 4709 crimins
1315 4647 1744 4727 conjurationis
1776 4657 1833 4709 et
1863 4647 2118 4710 sodalitii

466 4736 556 4798 rei
587 4749 634 4795 Ζ.
669 4735 851 4798 Multo
883 4746 1076 4800 autem
1113 4737 1297 4816 magis
1331 4737 1403 4799 ab
1430 4737 1692 4800 Ecclesia
1714 4737 2120 4800 emendationi

465 4826 869 4906 subjiciuntur
895 4839 942 4902 ε,
999 4828 1166 4908 juxta
1197 4827 1495 4889 decimum
1531 4837 1794 4889 octavum
1829 4846 2116 4889 canonem

2205 3319 2450 3394 μάταιον,
2513 3317 2606 3373 οῦκ
2663 3314 2884 3395 ἕλλογον
2935 3315 3049 3373 οὐδὲ
3120 3314 3361 3384 ἔννομον.
3418 3309 3695 3380 ῚΕκάστου
3753 3325 3856 3404 γὰρ

2203 3407 2552 3486 μοναστηρίου
2637 3403 2892 3472 διοίκησις
3002 3404 3264 3478 ἰδιάζουσά
3366 3408 3501 3490 ἐστι,
3607 3414 3693 3469 καὶ
3779 3403 3857 3479 εἷς

2201 3499 2300 3564 τὴν
2330 3499 2486 3555 αὐτοῦ
2515 3497 2763 3553 σύστασιν
2810 3497 3007 3574 ὁρῶσα,
3063 3495 3201 3554 ἀλλὰ
3254 3497 3350 3555 καί
3411 3501 3445 3567 ἡ
3488 3507 3586 3569 τῆς
3639 3528 3856 3583 μητρο-

2204 3587 2436 3663 πόλεως,
2499 3585 2788 3665 ίδιάζουσα,
2845 3587 2889 3643 εί
2947 3587 3025 3663 μὴ
3082 3587 3142 3642 ἐκ
3219 3587 3494 3656 συνοδικῆς
3552 3593 3854 3671 οἰκονομίας

2202 3678 2332 3756 πρὸς
2376 3677 2436 3732 τὸ
2467 3674 2734 3741 λυσιτελὲς
2765 3680 2862 3742 τῆς
2897 3673 3214 3742 Ἐκκλησίας
3247 3679 3483 3736 τοιοῦτόν
3542 3703 3590 3736 τι
3622 3680 3847 3748 δέδοται.

2205 3768 2301 3824 Καὶ
2329 3765 2604 3833 ἐκποίησις
2634 3762 2688 3820 δὲ
2719 3763 2840 3821 ἄνευ
2884 3763 3156 3832 συνοδικῆς
3198 3764 3532 3847 διαγνώσεως
3563 3775 3624 3830 οὗ
3667 3797 3849 3854 συγκε-

2201 3857 2446 3936 χώρηται
2477 3858 2730 3934 γίνεσθαι,

2279 3943 2593 4024 Ἐρώτησις.
2629 3943 2698 4002 Εἴ
2769 3967 2849 4010 τις
2905 3946 3210 4025 ίερωμένος,
3270 3947 3304 4015 ἢ
3357 3951 3444 4007 καὶ
3467 3949 3656 4018 λαϊκὸς
3679 3978 3854 4036 φωρχ-

2203 4036 2316 4104 θείη
2348 4037 2484 4095 κατὰ
2511 4043 2603 4092 τοῦ
2633 4037 2823 4093 οἰκείου
2865 4038 3180 4115 ἐπισκόπου,
3239 4039 3274 4107 ἢ
3331 4042 3418 4097 καὶ
3473 4041 3757 4124 ἄρχοντος,
3819 4049 3853 4117 ἢ

2201 4128 2289 4181 γαὶ
2357 4124 2567 4182 ἰδιώτου
2621 4125 2824 4206 ἁπλῶς,
2884 4128 2972 4183 καὶ
3044 4135 3136 4184 τοῦ
3217 4130 3476 4209 τυχόντος
3552 4134 3846 4214 ἀνθρώπου,

2201 4217 2451 4292 σταυροὺς
2483 4214 2537 4270 ἐν
2569 4215 2745 4295 χάρτῃ
2775 4216 3134 4296 οἶκειοχείρως
3165 4223 3357 4298 ποιῶν,
3416 4220 3452 4288 ἢ
3481 4222 3570 4278 καὶ
3597 4227 3852 4292 συσκευὰς

2199 4302 2321 4359 κατ’
2349 4304 2543 4382 αῦτῶν,
2575 4303 2612 4372 ἢ
2643 4305 2728 4360 καὶ
2758 4303 3096 4370 λαοσυναξίας
3125 4305 3447 4390 ἐκμελετῶν,
3482 4311 3580 4368 τίνι
3609 4311 3708 4392 ἄρα
3737 4315 3858 4372 ἐπιο

2199 4394 2359 4468 τιμίῳ
2387 4392 2660 4449 ὑπόκειται
2696 4413 2711 4474 ;

2283 4481 2407 4541 Ἀπ.
2496 4485 2554 4540 Οἱ
2663 4483 2902 4542 τοιοῦτόν
3000 4507 3051 4540 τι
3163 4484 3568 4568 διαπράττοντες
3676 4496 3850 4557 καθὼς

2202 4570 2354 4634 οἶδας
2409 4573 2497 4628 καὶ
2548 4575 2704 4638 αὐτὸς
2773 4572 3164 4654 θεοφιλέστατε,
3221 4579 3308 4634 καὶ
3378 4582 3520 4660 παρὰ
3577 4587 3679 4639 τῶν
3751 4582 3850 4650 ἔξω

2200 4660 2374 4736 νόμων
2433 4669 2805 4740 τιμωροῦνται,
2877 4665 2948 4726 ὡς
3010 4665 3280 4724 ὑπεύθυνοι
3333 4675 3408 4743 τῷ
3463 4691 3562 4738 της
3604 4693 3852 4749 συνωμο-

2200 4752 2313 4814 σίας
2395 4753 2480 4806 καὶ
2560 4753 2809 4831 φρατρίας
2881 4751 3175 4831 ἐγκλήματι
3210 4770 3223 4785 ⁶
3300 4756 3486 4834 πολλῴ
3569 4759 3623 4817 δὲ
3693 4761 3855 4822 πλέον

2198 4841 2340 4919 παρὰ
2382 4845 2478 4908 τῆς
2523 4838 2843 4908 Ἐκκλησίας
2915 4844 3231 4906 εὐθύνονται.
3279 4850 3415 4904 κατὰ
3474 4852 3566 4906 τὸν
3623 4842 3703 4920 ιη’
3754 4859 3856 4921 τῆς

466 4915 968 5018 Chalcedonensis
1015 4925 1230 4978 sanctae
1261 4917 1488 4997 synodi.
1537 4915 1606 4976 Et
1637 4917 1686 4978 si
1718 4917 1956 4998 quidem
1992 4917 2116 4978 cle-

2212 4931 2253 4985 ἒν
2323 4927 2622 4996 Χαλκηδόνι
2681 4931 2831 5009 ἁγίας
2902 4931 3116 4990 συνόδου
3199 4938 3420 5000 κανόνα.
3487 4941 3584 4998 Καὶ
3656 4943 3699 4998 εἰ
3757 4943 3857 5019 μὲν

466 5007 578 5106 rici
609 5008 747 5082 sint,
814 5009 888 5070 de
942 5010 1179 5091 proprio
1220 5011 1414 5107 gradu
1441 5009 1720 5071 excidunt
1745 5011 1915 5090 juxta
1945 5010 2116 5072 trice-

2212 5017 2447 5107 κληρικοὶ
2491 5019 2625 5093 εἶεν,
2684 5020 2990 5078 ἐκπίπτουσι
3044 5031 3136 5080 τοῦ
3181 5026 3372 5083 οἰκείου
3425 5028 3651 5107 βαθμοῦ,
3717 5007 3856 5090 κατὰ

467 5095 681 5200 simum
715 5106 986 5177 quartum
1024 5119 1194 5162 conc.
1220 5099 1264 5161 Τ
1269 5100 1408 5160 rull.
1449 5118 1737 5160 canonem
1767 5099 1892 5162 :sin
1924 5107 2116 5162 autem

2212 5095 2424 5200 τὸνλδ
2474 5113 2570 5200 τῆς
2603 5107 2654 5200 ἐν
2708 5116 2776 5184 τῷ
2805 5109 3052 5200 Τρούλλῳ
3085 5133 3098 5148 ·
3164 5116 3207 5170 εἰ
3250 5113 3305 5171 δὲ
3334 5095 3538 5200 λα’ίκοὶ,
3584 5095 3858 5200 ἀερορίζον-

468 5185 626 5284 laici,
683 5190 1293 5252 excommunicantur.
1359 5193 1423 5253 In
1456 5190 1673 5271 quibus
1703 5192 1862 5253 enim
1917 5189 2116 5253 clerici

2212 5219 2311 5256 ται.
2349 5194 2438 5252 Ἐν
2467 5197 2556 5261 οἷς
2600 5197 2698 5278 γὰρ
2743 5201 2789 5256 οἱ
2848 5185 3089 5280 κληρικοὶ
3145 5185 3537 5284 καθαιροῦνται,
3597 5185 3644 5265 oi
3673 5185 3856 5269 λα’ίκοὶ

468 5275 869 5356 deponuntur,
895 5278 1031 5340 laici
1065 5281 1673 5343 excommunicantur.

2212 5286 2533 5366 ἂφορίζονται
2543 5327 2559 5348 .

1793 5449 2050 5514 VARUE
2092 5452 2528 5521 LECTIONES.

549 5555 634 5618 89,
668 5556 731 5606 40
775 5559 1155 5634 μετατιθεμένη
1169 5601 1180 5617 .

551 5678 572 5710 ε
625 5667 908 5766 praedii.t
979 5667 1421 5766 metropoiinm.
1446 5681 1472 5712 ιι
1501 5669 1906 5766 domicilium.
1939 5680 1961 5711 ν
2026 5669 2189 5732 Nam
2221 5670 2657 5766 alienationem
2679 5678 3420 5763 manifestumesseparet,
3453 5701 3588 5766 quo:
3633 5694 3858 5757 temere

465 5756 746 5838 citraque
759 5760 880 5859 rati
885 5759 1418 5859 oncinprwdiuma
1435 5762 1760 5859 meti-apati
1873 5765 2315 5859 monasterium
2323 5761 2822 5859 transfert.Quod
2834 5776 3034 5834 autem
3046 5756 3266 5843 temere
3280 5777 3369 5858 ﬁt.
3395 5756 3420 5830 έ
3440 5756 3852 5838 conservatio;

471 5865 607 5911 nem
626 5853 925 5928 specta-ns.
946 5847 1172 5912 Itidem
1199 5856 1256 5911 et
1276 5849 1634 5928 metropolis
1651 5848 2103 5912 administratio
2140 5848 2446 5929 pecularis
2503 5860 2616 5918 est.
2639 5871 2666 5914 ι
2691 5875 3041 5932 concursus.
3074 5915 3095 5948 ι
3119 5847 3431 5950 factionis,
3461 5891 3485 5926 ι
3508 5865 3858 5945 puniuntur
