4128 6434
321 425 478 490 1005

1665 418 2243 488 (ὶΗιλΕΟΟ-ΒΟΜΑΝ
2251 425 2361 488 UM

3573 423 3730 490 1006

410 561 729 644 Ἐρώτησις.
764 561 833 621 Εἴ
862 584 942 626 τις
973 542 1258 642 ἱερωμένος
1301 561 1336 630 ἢ
1367 563 1454 619 καὶ
1496 560 1685 624 λα’ίκὸς
1716 555 1967 640 φωραθείτ

2086 640 2099 644 _
2144 551 2372 618 Interr.
2428 556 2493 620 Si
2522 557 2655 638 quis
2684 565 3064 620 consecratus
3092 590 3147 634 δ,
3187 567 3288 622 aut
3317 559 3496 622 etiam
3538 557 3726 621 laicus

321 652 595 722 ἐπαοιδὸς,
628 653 665 722 ἢ
694 653 783 709 καὶ
813 653 1112 733 φαρμακὸς,
1147 652 1183 720 ἢ
1213 653 1302 711 καὶ
1343 649 1627 727 τριοδεύων
1655 651 1792 723 ποίῳ
1819 648 1984 706 ἐπιτι-

322 745 429 821 μίῳ
456 745 741 800 ὕποσεσεϊτ
750 765 800 798 αι
833 761 850 823 ς

404 831 530 895 Ἀττ.
571 834 696 892 ⁴Καὶ
751 833 816 890 τὰ
868 838 1087 888 τοιαῦτα
1142 837 1240 899 τῆς
1285 831 1494 898 ἐθνικῆς
1539 832 1635 886 εἰσι
1709 827 1980 894 σδνηθείας

317 924 378 980 οὔ
408 928 506 989 τῆς
551 920 1279 1014 Χριστιανικῆςυπολιτείας,
1334 918 1451 976 οὔτε
1523 921 1621 996 μὲν
1678 923 1776 986 τῆς
1820 918 1976 1014 ὀρθο-

315 1009 465 1078 δόξου
530 1009 877 1078 Ἐκκλησίας.
945 1005 1080 1068 δθεν
1138 1013 1165 1067 6
1219 1010 1424 1075 τούτοις
1479 1008 1636 1074 ἁλοὺς
1678 1021 1796 1072 τοῖς
1853 1005 1974 1063 ἐπι-

315 1099 607 1177 τηδεύμασι
691 1101 779 1156 καὶ
861 1100 1356 1179 κακοτεχνήμασιν,
1442 1100 1485 1154 εἰ
1549 1098 1684 1174 μὴν
1719 1095 1975 1174 γληρικός

312 1188 450 1264 ἐστι,
521 1192 880 1268 καθαιρεϊται,
959 1190 1046 1245 καὶ
1101 1190 1200 1254 τῆς
1261 1185 1581 1255 Ἐκκλησίας
1651 1185 1970 1264 ἆποῤῥίπτε-

889 1269 899 1289 Ι
976 1281 1000 1290 ν
1295 1276 1319 1296 ἢ
1619 1274 1642 1296 κ
1860 1276 1870 1297 Ῐ

311 1303 423 1354 ται,
471 1281 607 1336 κατὰ
649 1281 738 1335 τὸν
782 1277 879 1353 λς’
939 1300 1035 1345 της
1079 1278 1133 1334 ἐν
1177 1279 1456 1351 Λαοοικείᾳ
1488 1279 1701 1334 συνόοου
1741 1291 1967 1333 κανονα·

315 1371 568 1433 ὡσαύτως
629 1367 683 1424 δὲ
728 1370 816 1426 καὶ
859 1371 887 1425 6
940 1367 1131 1432 λα’ίκὸς
1190 1365 1500 1424 ἐκϐάλλεται
1571 1371 1668 1435 τῆς
1741 1363 1972 1431 Ἐκκλη-

313 1459 430 1523 σίας
515 1457 752 1524 τελείως.
841 1463 1231 1521 Μετανοοῦντες
1317 1455 1371 1512 δὲ
1443 1459 1836 1531 οἷκονομοῦνται
1907 1451 1973 1508 δι’

317 1548 573 1630 ὲξαετίας,
624 1547 660 1617 ἢ
719 1547 1028 1610 πενταετίας
1065 1564 1078 1577 ·
1149 1546 1264 1626 τρία
1322 1547 1420 1622 μὲν
1488 1544 1582 1612 ἔτη
1642 1545 1973 1601 ὑποπίπτον-

311 1659 424 1713 τες,
456 1640 542 1695 καὶ
591 1640 658 1695 τὰ
706 1636 868 1694 λοιπὰ
924 1636 1302 1716 συνευχόμενοι
1349 1636 1530 1713 μόνον,
1579 1635 1746 1716 χωρὶς
1802 1655 1971 1712 προσ-

311 1735 497 1809 φορᾶς,
531 1729 668 1785 κατὰ
696 1729 787 1783 τὸν
835 1717 919 1784 κδ’
966 1727 1064 1795 τῆς
1109 1727 1163 1782 ἐν
1218 1725 1470 1806 Ἀγκύρᾳ.
1533 1724 1712 1789 Οὕτως
1770 1721 1824 1779 δὲ
1869 1745 1972 1799 με-

318 1819 676 1888 τανοήσαντες
706 1816 962 1896 γνησίως,
1013 1816 1048 1884 ἢ
1091 1818 1164 1879 ὡς
1216 1813 1276 1871 ἂν
1334 1817 1362 1872 6
1421 1815 1697 1895 ἀρχιερεὺς
1757 1818 1968 1891 συνορᾷ,

310 1910 441 1988 πρὸς
486 1909 584 1975 τὴν
641 1907 924 1984 μετάνοιαν
982 1905 1154 1963 αὐτῶν
1217 1904 1353 1984 (ἔχει
1409 1906 1509 1984 γὰρ
1581 1903 1811 1969 ἐξουσίαν
1881 1903 1970 1958 καὶ

2066 640 2481 723 deprehensus
2539 645 2616 707 sit
2686 644 3019 709 incantator
3072 658 3172 711 aut
3225 649 3549 730 veneﬁcus,
3625 655 3727 712 aut

2065 732 2244 794 etiam
2282 734 2586 798 triviorum
2618 735 2957 812 circulator,
2995 737 3091 799 cui
3120 757 3311 820 paenae
3338 737 3654 801 succidet?

2147 823 2322 904 Resp.
2358 824 2496 887 Haec
2549 833 2688 887 sunt
2740 827 3041 907 paganica;
3089 828 3568 908 consuetudinis,
3603 845 3723 890 non

2064 909 2411 976 Christianae
2435 913 2804 995 reipublicae,
2839 923 2900 979 et
2928 915 3122 979 minus
3156 918 3502 980 orthodoxae
3520 917 3723 980 Eccle-

2061 1000 2186 1064 siae.
2221 1001 2390 1064 Unde
2423 1004 2524 1085 qui
2553 1003 2626 1066 de
2658 1004 2754 1067 his
2786 1005 3000 1067 studiis
3020 1012 3079 1068 et
3109 1006 3280 1069 malis
3310 1006 3538 1070 artibus
3568 1027 3719 1070 con-

2056 1090 2244 1153 victus
2302 1092 2499 1168 fuerit,
2555 1094 2605 1156 si
2653 1095 2893 1176 quidem
2926 1094 2998 1157 sit
3045 1095 3714 1178 clericus;depouitur,

2059 1181 2208 1244 etde
2224 1181 2492 1246 Ecclesia
2543 1185 2802 1266 ejicitur,
2833 1186 3002 1265 juxta
3031 1204 3322 1248 canonem
3351 1186 3716 1249 tricesimum

2056 1279 2282 1334 sextum
2317 1273 2669 1336 Laodiceam
2700 1275 2928 1356 synodi.
2979 1273 3293 1357 Similique
3325 1276 3501 1338 modo
3533 1276 3720 1340 laicus

2059 1379 2305 1440 prorsus
2334 1362 2406 1424 ab
2438 1363 2702 1426 Ecclesia
2734 1364 3498 1447 expellituernitentiam
3517 1374 3713 1429 autem

2057 1459 2300 1530 agentes
2359 1454 2753 1516 emendantur
2818 1473 2926 1536 per
2981 1457 3355 1532 sexennium,
3406 1463 3507 1519 aut
3537 1457 3716 1538 quin-

2058 1542 2387 1621 quennium
2417 1562 2429 1606 :
2466 1543 2657 1606 tribus
2705 1544 2946 1626 quidem
2978 1547 3150 1607 annis
3177 1545 3482 1627 prostrati,
3529 1556 3586 1609 et
3623 1565 3715 1609 re-

2058 1629 2237 1711 liquis
2265 1643 2717 1714 comprecantes
2750 1641 3001 1712 tantum,
3035 1635 3168 1698 sine
3199 1635 3523 1712 oblatione,
3539 1637 3712 1717 juxta

2059 1720 2412 1788 vicesimum
2472 1731 2745 1804 quartum
2795 1743 3090 1787 canonem
3138 1729 3482 1806 Ancyranae.
3518 1726 3712 1808 Atque

2054 1809 2134 1871 ita
2164 1810 2425 1888 ingenue
2457 1813 2837 1892 pmnitentes.
2876 1814 2969 1875 vel
3002 1823 3066 1877 ut
3103 1814 3350 1877 antistes
3396 1814 3468 1877 ad
3499 1833 3711 1878 eorum

2053 1900 2458 1979 pcenitentiam
2508 1903 2992 1965 animadverterit
3049 1916 3072 1948 θ
3133 1904 3336 1982 (habet
3385 1905 3546 1967 enim
3613 1924 3710 1986 po-

311 2005 494 2076 μειοῦν
538 1999 630 2054 τὸν
689 1993 925 2076 καιρὸν),
984 2000 1083 2063 τῆς
1152 1995 1292 2058 Θείας
1361 1992 1722 2059 καταξιοῦνται
1803 2013 1967 2068 μετα-

2061 1997 2322 2052 testatem
2349 1991 2524 2054 etiam
2561 1992 2866 2054 minuendi
2899 1993 3234 2075 temporis),
3264 1993 3521 2057 divinam
3553 2013 3712 2058 com-

311 2087 556 2158 λήψεως.

431 2109 556 2151 εως.

387 2092 710 2257 ξιἸαῖρώτησις,
737 2174 806 2235 Εἴ
830 2199 910 2240 τις
940 2174 1256 2255 ἱερωμένους
1281 2173 1748 2254 παραδυναστεύειν
1771 2181 1846 2250 τῷ
1869 2179 1966 2244 τῆς

316 2267 501 2348 χώρας
535 2265 754 2346 ἄρχοντι
789 2263 1020 2339 σπεύδει,
1087 2264 1363 2321 κάντεῦθεν
1422 2262 1808 2343 προσαγγέλλει
1852 2266 1968 2321 τινὰ

313 2357 450 2412 κατά
478 2378 655 2436 τινων,
689 2356 776 2412 καὶ
805 2357 895 2412 τὸν
925 2353 1160 2435 ἄρχοντα
1190 2351 1306 2410 κατ’
1334 2354 1544 2410 ἐκείνων
1599 2351 1856 2426 διανιστᾷ,
1918 2354 1968 2410 τί

309 2452 600 2508 κανονικὼς
645 2447 674 2501 ὁ
701 2446 938 2510 τοιοῦτος
983 2445 1212 2502 πείσετει
1247 2463 1262 2524 ;

390 2535 518 2598 Ἀπ.
581 2526 638 2592 Ὀ
712 2533 996 2614 ἱερωμένος
1062 2541 1139 2608 τῷ
1207 2536 1330 2612 ἱερῷ
1393 2531 1754 2612 προσεδρεύειν
1815 2533 1964 2613 ὀφεί-

307 2622 409 2700 λει,
444 2627 530 2683 καὶ
573 2637 695 2690 ταῖς
755 2623 1226 2690 ἐκκλησιαστικαῖς
1288 2623 1595 2703 ὑπηρεσίαις
1641 2621 1967 2703 ἐνασχολετ-

309 2717 448 2795 σθαι,
515 2716 604 2770 καὶ
674 2714 733 2770 ού
795 2711 1262 2792 παραδυναστεύειν
1351 2726 1640 2789 κοσμικαῖς
1713 2710 1964 2778 ἐξουσίαις

311 2805 398 2861 καὶ
453 2802 728 2884 ἄρχουσιν.
781 2801 878 2860 Ἐκ
941 2801 995 2858 δὲ
1057 2807 1154 2868 τῆς
1213 2802 1438 2877 νομίμου
1492 2800 1849 2882 παραγγελίας
1907 2806 1967 2861 ού

311 2892 599 2969 βλάπτεται
643 2892 696 2949 εἴ
756 2913 885 2949 ποτε
928 2900 1085 2949 τοῦτο
1142 2893 1382 2972 ποιήσει,
1456 2892 1498 2947 εἰ
1570 2891 1646 2966 μὴ
1691 2892 1826 2947 κατὰ
1866 2895 1965 2960 τῆς

316 2979 635 3048 Ἐκκλησίας
684 2983 823 3038 ἐστὶν
879 2983 913 3050 ἡ
971 2979 1328 3061 προσαγγελία
1372 2981 1406 3047 ἡ
1469 2977 1665 3056 ψευδὴς
1720 2980 1807 3036 καὶ
1868 3001 1966 3035 συ-

314 3072 658 3152 κοιρανντική.
709 3072 839 3130 Τότε
882 3071 981 3150 γὰρ
1012 3071 1048 3139 ἢ
1105 3073 1178 3136 ὡς
1209 3066 1407 3136 ἀσεϐὴς
1438 3068 1474 3138 ἢ
1517 3071 1589 3133 ὡς
1635 3069 1963 3148 συκοφάντης

312 3160 763 3239 καταγινώσκεται
820 3159 1118 3240 ἓλεγχθείς.
1182 3158 1357 3227 Λῆλαί
1401 3156 1455 3214 δέ
1499 3160 1627 3214 εἰσιν
1685 3161 1736 3215 αἱ
1796 3181 1961 3216 κανο-

311 3251 450 3308 νικαὶ
476 3257 581 3307 τῶι)
610 3252 860 3308 τοιούτων
903 3251 1172 3330 τιμωρίαι,

2054 2078 2516 2142 municationem
2550 2081 3073 2162 promerebuntur.

2114 2166 2360 2234 'Interr.
2390 2168 2450 2232 Si
2469 2170 2601 2251 quis
2621 2171 3026 2234 sacerdotatus
3049 2173 3080 2216 ἀ
3112 2189 3245 2235 cum
3271 2173 3532 2254 praeside
3561 2192 3704 2255 pro-

2051 2258 2258 2320 vinciae
2283 2267 2650 2340 potentatum
2668 2261 2892 2324 habere
2924 2261 3448 2344 studeat,indeque
3469 2263 3706 2326 denun-

2051 2347 2282 2410 tiaverit
2311 2349 2614 2431 quidpiam
2648 2350 2723 2411 de
2753 2350 3081 2431 aliquibus;
3119 2359 3173 2413 et
3194 2351 3584 2433 presidemin
3604 2371 3707 2416 eos

2050 2439 2392 2500 excitaverit
2408 2451 2448 2514 °,
2484 2439 2621 2520 quid
2656 2440 2985 2501 secundum
3016 2459 3273 2503 canones
3296 2442 3598 2523 patietur?

2131 2529 2310 2606 Resp.
2350 2528 2641 2591 Sacerdos
2673 2529 2893 2611 templo
2926 2529 3190 2591 assidere
3215 2529 3482 2605 debet,et
3502 2531 3702 2595 eccle-

2051 2613 2305 2677 siasticis
2329 2616 2606 2699 occupari
2625 2616 3124 2694 ministeriis,non
3141 2627 3509 2700 potentatum
3527 2620 3705 2684 simul

2049 2723 2260 2783 gerere
2291 2725 2422 2767 cum
2459 2705 2776 2768 mundanis
2825 2707 3214 2788 potestatibus
3246 2716 3303 2770 et
3334 2709 3704 2788 magistrati-

2051 2792 2183 2855 bus.
2213 2793 2293 2856 Ex
2317 2795 2578 2875 legitima
2595 2805 2791 2858 autem
2822 2796 3272 2860 denuntiatione
3297 2816 3416 2860 non
3443 2799 3699 2864 laeditur.

2052 2881 2101 2944 si
2133 2886 2370 2964 quando
2414 2885 2472 2946 id
2525 2885 2718 2962 faciat,
2784 2886 2896 2947 nisi
2953 2895 3159 2948 contra
3215 2885 3565 2966 Ecclesiam,
3599 2889 3703 2951 fiat.

2049 2972 2196 3035 falsa
2226 2981 2283 3034 et
2314 2975 2679 3036 calumniosa
2706 2975 2944 3038 delatio.
2979 2976 3146 3038 Tunc
3177 2977 3336 3038 enim
3359 2985 3458 3039 aut
3478 2985 3540 3040 ut
3592 2979 3702 3040 im-

2051 3062 2204 3143 pius,
2239 3081 2339 3126 aut
2368 3065 2757 3127 calumniator
2786 3065 3112 3148 convictus,
3145 3066 3484 3133 damnatur.
3511 3068 3704 3132 Certae

2047 3161 2243 3215 autem
2277 3161 2411 3217 sunt
2441 3157 2742 3218 canonica)
2771 3155 2986 3219 horum
3022 3175 3231 3238 poenae.

392 3336 708 3418 Ἐρώτησις.
748 3338 816 3398 Εἴ
846 3361 926 3403 τις
956 3328 1260 3419 ἱερωμένος,
1295 3340 1437 3419 παρὰ
1467 3341 1528 3396 τὸ
1556 3343 1823 3419 προσῆκον
1853 3338 1964 3413 ἆμ-

2128 3333 2354 3396 Interr.
2382 3333 2444 3397 Si
2475 3335 2606 3416 quis
2627 3344 2915 3417 sacratus,
2942 3344 3157 3418 praeter
3174 3337 3458 3401 decorum
3483 3337 3700 3402 indua-

307 3429 600 3510 φιέννυνται
630 3427 848 3509 ἔνδυμα,
883 3431 968 3486 καὶ
1000 3431 1236 3506 κοσμικὰ
1255 3426 1704 3509 περιϐαλλόμενος
1724 3431 1964 3507 φωραθῇ,

305 3521 394 3575 καὶ
436 3517 770 3600 ῥαϐδοφορῶν
801 3517 836 3587 ἣ
867 3520 955 3575 καὶ
987 3525 1345 3599 νυκτοπορῶν,
1393 3524 1506 3584 πῶς
1556 3521 1706 3581 οὗτος
1748 3537 1964 3574 κανονι-

307 3612 416 3674 κῶς
446 3608 834 3678 συσταλήσεται
868 3627 884 3689 ;

389 3695 517 3758 Ἀπ.
568 3700 639 3756 Τὸ
684 3697 1058 3776 ἀμφιέννυσθαι
1090 3695 1439 3764 ἀκατάλληλα
1479 3702 1556 3770 τῷ
1597 3697 1771 3770 οἰκείῳ
1814 3697 1963 3776 σχή-

309 3811 461 3865 ματι,
530 3788 616 3844 καὶ
687 3783 1053 3868 ῥαϐδοφορεῖν,
1113 3788 1200 3843 καὶ
1269 3799 1633 3866 νυκτοπορεῖν,
1689 3786 1812 3842 ὅσον
1868 3787 1966 3859 μὲν

309 3877 448 3938 κατὰ
477 3878 537 3933 τὸ
569 3877 909 3957 φαινόμενον,
972 3878 1067 3933 οὐκ
1123 3875 1397 3932 ἐπαινετόν
1445 3875 1609 3936 ἐστιν.
1668 3874 1826 3933 Οὐδὲν
1867 3869 1967 3954 γὰρ

310 3968 505 4045 αγαθὸν
569 3963 856 4022 ὑποϐάλλει
913 3979 1053 4024 νοεῖν
1112 3966 1250 4022 κατὰ
1299 3972 1391 4022 τοῦ
1435 3963 1571 4022 οὕτω
1619 3965 1961 4044 πράττοντος.

313 4056 461 4112 Μετὰ
502 4054 858 4134 παραγγελίαν
888 4053 942 4104 41
986 4056 1086 4136 γὰρ
1118 4058 1145 4111 6
1189 4064 1342 4114 τοῦτο
1399 4060 1589 4130 ποιῶν,
1647 4056 1972 4134 καθαιρεθή-

309 4169 458 4204 σεται
489 4148 701 4211 πάντως
736 4162 749 4176 ·
815 4148 860 4203 εί
904 4147 981 4224 μὴ
1025 4145 1092 4203 δι’
1150 4146 1387 4224 ἁναγκην
1429 4146 1567 4219 τινὰ,
1627 4145 1662 4212 ἢ
1711 4147 1963 4225 περίστα-

310 4261 415 4313 σιν,
477 4237 514 4306 ἢ
557 4239 763 4311 πενίαν,
794 4237 830 4306 ἢ
861 4235 1029 4304 ἄλλην
1072 4237 1189 4294 τινὰ
1257 4234 1497 4316 εὔλογον,
1529 4233 1588 4284 49
1642 4235 1678 4302 ἢ
1740 4237 1828 4292 καὶ
1883 4233 1966 4292 διὰ

303 4327 403 4394 τὴν
465 4336 558 4386 τοῦ
612 4326 777 4383 τόπου
850 4327 1167 4407 ἀγριότητα,
1247 4327 1336 4382 καὶ
1385 4325 1802 4405 ἆκαταστασίαν,
1877 4328 1966 4382 καὶ

309 4413 593 4495 βάρϐαρον,
667 4417 798 4496 πρὸς
877 4414 1135 4496 ὠφέλειαν
1211 4415 1395 4471 ἑαυτοῦ
1465 4414 1500 4483 ἢ
1562 4413 1738 4493 ἑτέρου
1795 4417 1959 4491 τινὸς,

308 4504 369 4560 οὗ
402 4505 530 4585 πρὸς
565 4506 813 4584 ψυχικὴν
859 4502 1086 4582 βλάϐην.
1147 4504 1277 4562 Τότε
1319 4505 1418 4582 γὰρ
1479 4506 1963 4584 συγγνωσθήσεται,

311 4597 386 4659 ὡς
435 4596 514 4671 μὴ
559 4595 874 4676 ἀρνούμενος
931 4599 993 4651 τὸ
1050 4592 1383 4674 ἐπάγγελμα,
1431 4591 1566 4669 μηδὲ
1624 4615 1962 4674 καταφρονη-

311 4685 474 4749 τικῶς
531 4683 678 4765 ἔχων
749 4686 879 4764 πρὸς
934 4687 995 4740 τὸ
1073 4689 1293 4764 σχῆμα,
1369 4680 1504 4759 μηδὲ
1565 4705 1699 4739 τισιν
1766 4682 1962 4763 ἑτέροις

310 4772 677 4848 ἐπιτιθέμενος
688 4823 702 4837 ,

392 4860 711 4941 Ἐρώτησις.
770 4863 840 4921 Εἴ
907 4885 988 4927 τις
1058 4862 1342 4943 ἱερωμένος
1399 4863 1640 4942 συμμιγῆ
1696 4861 1823 4920 λαὸν
1880 4860 1964 4919 δι-

305 4953 580 5020 ανίστησιν
609 4953 645 5022 ἢ
674 4954 810 5011 κατὰ
848 4943 948 5012 ⁴τοῦ
983 4953 1176 5012 οἰκείου
1230 4952 1545 5033 ἐπισκόπου,
1591 4952 1627 5020 ἢ
1658 4954 1794 5010 κατά
1821 4976 1963 5018 τινος

305 5041 486 5121 ἐτέρου
517 5042 726 5124 ἁπλῶς,
757 5044 845 5100 καὶ
873 5042 1184 5124 ὀχλοποιεϊ,
1227 5044 1314 5099 καὶ
1344 5041 1605 5118 ἐκμελετᾷ
1631 5042 1750 5100 κατ’
1781 5043 1957 5122 αὐτοῦ,

301 5131 353 5190 τί
382 5132 578 5213 ὀφείλει
609 5135 761 5198 οὗτος
793 5135 1060 5192 πείσεσθαι
1091 5134 1198 5190 ἀπὸ
1227 5133 1449 5196 κανόνος
1484 5151 1499 5212 ;

2051 3430 2145 3485 tur
2173 3431 2418 3505 vestem,
2454 3433 2511 3486 et
2535 3425 2852 3488 mundanis
2880 3426 3130 3488 amictus
3162 3428 3576 3508 deprehensus
3597 3430 3698 3504 sit,

2049 3519 2109 3574 et
2138 3512 2255 3574 tela
2292 3513 2489 3574 ferens
2519 3515 2558 3588 ί,
2609 3522 2906 3596 noctuque
2966 3533 3204 3595 vagans,
3240 3537 3496 3600 quonam
3525 3520 3701 3582 modo

2050 3602 2425 3665 coercebitur
2447 3602 2477 3661 ‘?

2127 3692 2307 3773 Resp.
2342 3692 2513 3753 Indui
2543 3711 2662 3755 non
2692 3693 3245 3770 decentihabitu,et
3266 3698 3447 3758 telum
3471 3698 3696 3775 sferre,

2048 3792 2342 3864 noctuque
2370 3782 2588 3860 vagari,
2623 3789 2686 3844 ut
2718 3783 2911 3861 prima
2941 3783 3143 3864 specie
3193 3784 3450 3862 videtur,
3484 3787 3696 3850 lauda-

2047 3874 2168 3936 bile
2198 3893 2314 3934 non
2365 3881 2476 3934 est.
2510 3871 2656 3934 Nam
2707 3873 2780 3934 de
2810 3891 2904 3946 eo,
2941 3874 3042 3954 qui
3088 3873 3175 3934 sic
3202 3876 3343 3954 agit,
3377 3875 3518 3938 boni
3549 3878 3697 3940 nihil

2048 3961 2336 4044 suspicari
2371 3962 2534 4025 licet.
2594 3963 2734 4024 Post
2761 3960 3234 4026 admonitionem
3266 3964 3426 4028 enim
3451 3966 3602 4047 hqui
3633 3967 3697 4028 id

2047 4053 2205 4130 facit,
2267 4051 2601 4132 deponatur
2657 4051 2900 4114 omnino
2936 4070 2948 4115 :
2985 4053 3096 4114 nisi
3131 4073 3238 4136 per
3281 4056 3698 4118 necessitatem

2051 4143 2332 4224 aliquam,
2361 4148 2459 4202 aut
2480 4139 2898 4217 infortunium,
2932 4141 3022 4203 vel
3044 4151 3470 4224 paupertatem,
3493 4145 3698 4206 aliam-

2049 4251 2117 4294 ve
2148 4250 2326 4312 quam
2355 4230 2575 4310 justam
2610 4247 2869 4310 causam,
2924 4239 3024 4294 aut
3063 4231 3243 4294 etiam
3275 4233 3391 4295 loci
3429 4234 3699 4298 ferocita—

2049 4331 2194 4397 tem,
2229 4329 2286 4383 et
2315 4319 2778 4393 instabilitatem,
2802 4338 2870 4380 ac
2901 4319 3262 4399 barbariem,
3287 4323 3359 4385 ad
3385 4324 3698 4388 utilitatem

2050 4431 2240 4493 suam,
2265 4411 2356 4472 vel
2378 4410 2622 4472 alterins
2644 4410 2810 4489 cujus
2821 4409 3001 4490 piam,
3052 4431 3170 4474 non
3189 4413 3260 4474 ad
3280 4414 3491 4476 anima;
3523 4415 3699 4476 dam-

2048 4520 2209 4563 num.
2248 4500 2415 4562 Tunc
2462 4499 2620 4561 enim
2659 4499 2714 4559 ei
2763 4500 2934 4560 venia
2964 4500 3220 4577 dabitur,
3255 4511 3316 4564 ut
3346 4503 3444 4584 qui
3475 4523 3595 4565 non
3627 4506 3702 4565 sit

2049 4591 2344 4652 inficiatus
2377 4589 2762 4670 promissum,
2824 4608 3021 4670 neque
3049 4593 3062 4635 ί
3095 4593 3457 4674 contemptui
3488 4592 3702 4656 habeat

2051 4681 2341 4757 habitum,
2370 4696 2568 4759 neque
2599 4677 2736 4740 ullis
2765 4678 2899 4740 aliis
2926 4679 3264 4743 insidietur.

2130 4861 2367 4925 Interr.
2430 4858 2490 4921 Si
2544 4857 2678 4940 quis
2744 4867 3009 4922 sacratus
3090 4859 3495 4942 promiscuum
3567 4861 3700 4924 vul-

2049 4971 2189 5032 gum
2249 4949 2463 5012 excitet
2541 4947 2830 5010 adversus
2908 4967 3079 5010 suum
3150 4948 3522 5031 episcopum,
3609 4950 3702 5013 vel

2049 5042 2232 5104 alium
2265 5037 2592 5121 quemlibet
2631 5037 3006 5118 simpliciter,
3037 5046 3096 5100 et
3124 5040 3331 5101 turbas
3354 5049 3698 5120 congreget,

2045 5151 2113 5195 ac
2177 5132 2453 5194 moliatur
2510 5128 2572 5189 in
2659 5147 2815 5205 eum,
2879 5127 3161 5210 quidnam
3213 5148 3247 5190 a
3298 5148 3528 5193 canone
3585 5131 3704 5212 pati

2046 5221 2274 5286 debet?

1637 5391 1900 5460 VARUE
1941 5392 2377 5464 LECTIONES.

381 5527 438 5579 ιί
470 5527 827 5610 παραγγελίαν
870 5539 1017 5610 γοῦν.
1050 5528 1114 5581 42
1156 5530 1324 5591 αἰτίαν
1370 5527 1612 5608 εὔλογον,

381 5646 410 5689 δ
462 5646 765 5711 sacerdos.
798 5657 822 5690 °
853 5665 992 5712 vere
1021 5653 1161 5712 acta
1189 5647 1572 5730 poenitentia,
1601 5645 1695 5709 vel
1716 5655 1901 5728 prout
1923 5649 2714 5733 pontiﬁcividetur,habtta
2727 5651 3104 5731 paenitentiae
3134 5651 3411 5732 ipsorum
3441 5650 3705 5714 ratione.

300 5736 330 5779 ά
386 5738 450 5798 in
482 5738 824 5799 sacerdotio
853 5740 1241 5801 con-s't'tutus.
1275 5749 1298 5780 θ
1364 5736 1787 5809 manaverit:
1837 5741 2024 5818 fustes
2097 5759 2328 5822 gerens.
2369 5753 2394 5796 κ
2451 5740 2692 5820 fustem.
2727 5741 2755 5782 δ
2811 5742 3022 5821 ergo.i
3091 5744 3196 5821 qui
3262 5741 3702 5822 professionem

305 5844 479 5889 suam
508 5844 631 5890 non
659 5823 852 5907 neget.
