4128 6436
493 386 644 455 1007

567 530 754 609 Resp.
784 523 1181 603 Responsum,
1239 517 1396 601 quod
1449 519 1523 583 ad
1557 520 1809 602 primam
1866 519 2190 609 interro-1t

483 608 781 703 gationem
812 614 1027 676 factum
1060 616 1238 703 e_st_,et
1258 609 1333 671 ad
1361 610 1515 673 hanc
1537 609 1815 686 sufﬁciet,
1854 629 1965 673 nec
1997 608 2138 691 plu-

482 698 655 773 ribus
686 723 835 789 opus
866 710 956 765 est
987 698 1209 762 verbis.

562 799 789 861 Interr.
846 792 910 854 Si
940 789 1072 871 quis
1121 796 1390 851 sacratus
1442 789 1690 851 edoctus
1739 789 1940 863 fuerit,
1994 805 2139 868 quo-

484 888 660 953 modo
692 883 915 958 omnia,
968 897 1100 961 quae
1156 885 1296 940 sunt
1338 878 1668 941 secundum
1728 895 2013 957 canones,
2043 874 2133 935 fa-

483 997 622 1042 cere
680 977 969 1056 oporteat,
1032 986 1164 1049 quae
1191 975 1389 1029 autem
1421 976 1635 1048 praeter
1663 964 2131 1030 ecclesiasticam

480 1067 916 1130 institutionem
933 1068 991 1121 et
1005 1056 1679 1132 traditionem,aversari
1708 1078 1720 1120 :
1741 1066 1799 1119 et
1822 1062 2130 1137 postquam

480 1158 572 1220 vel
604 1155 767 1219 nullo
795 1149 993 1229 modo,
1058 1146 1147 1207 vel
1206 1145 1277 1207 ad
1324 1153 1553 1228 tempus
1605 1145 1891 1227 paruerit,
1922 1157 2132 1206 rursus

482 1244 799 1328 aliquando
849 1239 924 1301 ad
973 1254 1109 1298 suos
1166 1234 1516 1328 depravatos
1548 1253 1745 1297 mores
1775 1238 2124 1328 revertatur,

481 1345 541 1399 et
571 1322 784 1416 praeter
813 1344 1071 1392 canones
1127 1324 1715 1416 ecclesiasticamque
1745 1322 2127 1416 traditionem

477 1408 728 1488 alienisi
763 1416 1107 1500 majoribus,
1145 1421 1205 1477 et
1225 1432 1330 1494 pro
1363 1432 1471 1477 sua
1500 1412 1752 1475 libidine
1781 1419 2001 1487 utatur,
2033 1408 2131 1472 cui

478 1532 671 1595 poenae
698 1509 1025 1574 secundum
1057 1522 1318 1595 canones
1346 1502 1699 1584 subjicietur
1721 1502 1752 1563 ?

560 1602 739 1683 Resp.
766 1597 935 1673 Quod
969 1602 1174 1658 contra
1203 1593 1437 1655 divinos
1474 1611 1733 1655 canones
1764 1589 2129 1654 ecclesiasti-

475 1682 725 1773 camque
758 1685 1131 1752 traditionem
1167 1685 1249 1758 ﬁt,
1284 1691 1383 1745 aut
1409 1682 1853 1773 emendandum
1883 1689 1994 1773 est,
2029 1687 2130 1742 aut

470 1769 720 1864 prorsus
770 1774 1292 1864 condemnandum
1329 1791 1359 1864 :_
1379 1782 1437 1833 et
1468 1769 1931 1852 transgredienti
1954 1785 2129 1850 pcena

470 1862 505 1933 a
530 1869 894 1952 competenti
916 1883 1146 1929 canone
1178 1862 1427 1924 deﬁnita
1458 1870 1569 1952 est.

551 1950 779 2023 Interr.
839 1957 902 2021 Si
953 1958 1087 2037 quis
1137 1952 1416 2014 sacerdos
1472 1950 1693 2014 donum
1728 1955 2123 2012 sacramento-

468 2069 600 2111 rum
627 2042 1206 2111 communicantibus
1237 2060 1355 2103 non
1387 2040 1637 2120 gratuito
1671 2040 1973 2127 largiatur,
2009 2054 2125 2119 qua

469 2157 725 2202 censura
756 2130 1217 2200 emendabitur?

550 2228 728 2309 Resp.
765 2226 827 2290 Si
846 2226 944 2289 hic
986 2232 1120 2304 post
1149 2240 1327 2284 unam
1366 2221 1456 2283 vel
1488 2221 1735 2282 alteram
1769 2214 2123 2281 admonitio-

1866 387 1898 448 J
1906 385 2000 449 US
2038 381 2489 459 CANONIGUM

3716 378 3868 450 1008

2294 514 2419 583 Ἀπ.
2469 510 2532 578 (Η
2577 522 2706 601 πρὸς
2763 523 2860 590 τὴν
2903 523 3122 603 πρώτην
3173 544 3266 581 σου
3324 521 3585 603 ἐρώτησιν
3632 518 3858 598 ἀποκρι-

2224 627 2303 669 σις
2360 607 2568 687 ἀρκέσει
2623 612 2711 668 καὶ
2764 613 2896 693 πρὸς
2950 612 3049 681 τὴν
3109 619 3218 687 νῦν,
3267 612 3356 669 καὶ
3409 610 3469 668 οὗ
3510 609 3665 692 χρεία
3691 606 3860 689 λόγων

2221 693 2457 761 πολλῶν.

2304 782 2616 866 Ἐρώτησις.
2666 789 2735 848 Εἴ
2775 813 2855 857 τις
2914 790 3196 872 ἱερώμενος
3256 787 3543 871 ἐκδιδαχθῇ
3611 788 3674 845 τὰ
3729 787 3861 845 κατὰ

2218 875 2443 941 κανόνας
2512 879 2682 940 πάντα
2739 882 2813 945 ὡς
2869 878 2953 938 δεῖ
3007 879 3430 962 διαπράττεσθαι,
3476 880 3543 936 τὰ
3600 875 3655 934 δὲ

2218 961 2318 1029 τὴν
2363 964 2811 1038 ἐκκλησιαπικήν
2866 961 3184 1028 κατάστασιν
3238 971 3327 1028 καὶ
3381 966 3666 1049 παράδοσιν
3718 967 3859 1023 ἀπο-

2218 1051 2524 1134 στρέφεσθαι
2555 1073 2570 1087 ⁵
2618 1060 2646 1114 ὁ
2701 1056 2756 1115 δὲ
2809 1058 2844 1128 ἢ
2902 1057 3143 1136 οὐδαμῶς
3200 1060 3237 1130 ἢ
3294 1060 3425 1138 πρὶς
3493 1060 3673 1137 καιρὸν
3738 1077 3861 1113 πει-

2217 1143 2374 1229 σθεὶς,
2418 1145 2577 1202 πάλιν
2632 1150 2774 1228 παρᾶ
2828 1150 3011 1228 καιρὸν
3051 1151 3182 1229 πρὸς
3221 1150 3288 1206 τὰ
3351 1146 3631 1229 παράλογα
3699 1148 3854 1206 αὒτοῦ

2214 1228 2317 1299 ἤθη
2359 1235 2692 1317 ὑποστρέφει,
2764 1239 2852 1295 καὶ
2888 1240 3031 1318 παρὰ
3087 1228 3313 1302 κανόνας
3354 1228 3442 1295 καὶ
3495 1237 3596 1305 τὴν
3653 1234 3854 1304 ἐκκλη-

2213 1324 2490 1390 σιαπικήν
2532 1324 2815 1406 παράδοσιν
2860 1327 3172 1393 ἀλλοκότοις
3227 1327 3426 1386 ’ἐθεσεσι
3480 1327 3570 1384 καὶ
3622 1339 3740 1391 τοῖς
3770 1324 3861 1382 δο-

2211 1420 2392 1470 κοῦσιν
2460 1416 2603 1492 αὐτῷ
2658 1422 2900 1497 χρᾶται·
2950 1419 3047 1475 τίνι
3092 1418 3341 1495 ἐπιτιμίῳ
3380 1422 3673 1481 κανονικῶς
3724 1417 3860 1473 ὓπο-

2211 1501 2440 1559 κείσεται
2469 1523 2485 1584 ;

2290 1591 2418 1653 Ἀπ.
2466 1594 2536 1652 Τὸ
2567 1595 2710 1673 παρὰ
2757 1597 2876 1661 τοὺς
2931 1597 3097 1662 θείους
3154 1597 3379 1662 κανόνας
3438 1596 3720 1677 γινόμενον
3775 1597 3862 1653 καὶ

2210 1680 2309 1748 τὴν
2339 1680 2787 1755 ἑκκλησιαστικτὶν
2832 1685 3144 1767 παράδοσιν,
3189 1686 3226 1755 ἢ
3282 1685 3589 1765 διορθωτὲον
3626 1685 3796 1766 εστὶν,
3824 1683 3862 1753 ἢ

2210 1768 2423 1837 τελείως
2453 1777 2855 1853 καταγνωστέον
2893 1796 2905 1809 ⁸
2967 1779 3054 1833 καὶ
3082 1783 3160 1852 τῷ
3200 1774 3575 1857 παραϐαίνοντι
3632 1776 3743 1833 ἀπὸ
3774 1786 3863 1837 τοῦ

2146 1896 2188 1947 Β
2208 1861 2506 1941 προσφόρου
2533 1872 2753 1929 κανόνος
2783 1868 2845 1923 τὸ
2887 1866 3152 1943 ἐπιτίμιον
3183 1866 3428 1947 ὥρισται.

2289 1949 2610 2030 Ἐρώτησις.
2644 1954 2712 2013 Εἴ
2741 1977 2822 2020 τις
2851 1956 3016 2036 ἱερεὺς
3048 1957 3126 2033 μὴ
3157 1957 3294 2015 κατὰ
3323 1954 3521 2036 δωρεὰν
3544 1957 3641 2024 τὴν
3663 1953 3862 2037 δωρεὰν

2206 2044 2314 2095 τῶν
2342 2043 2642 2123 μυστηρίων
2672 2058 2786 2109 τοῖς
2820 2044 3279 2121 μεταλαμϐάνουσι
3309 2045 3540 2120 δίδωσιν,
3571 2045 3725 2110 ὅπως
3754 2045 3864 2102 ἐπι·

2205 2132 2559 2216 τιμηθήσεται
2590 2135 2742 2200 οὗτος
2777 2153 2795 2216 ;

2288 2218 2410 2283 Ἐπ.
2477 2212 2533 2279 Ὀ
2591 2212 2824 2290 τοιοῦτος
2893 2225 3029 2281 κατὰ
3088 2223 3452 2306 φιλάνθρωπον
3509 2225 3668 2306 λόγον
3727 2226 3861 2303 μετᾶ

470 2338 610 2382 nem
658 2307 778 2379 non
839 2316 1194 2394 corrigatur,
1229 2310 1485 2391 benigna
1513 2310 1750 2374 ratione
1781 2325 2124 2371 exeommu-

2239 2307 2330 2365 ,ίαν
2398 2312 2485 2367 καὶ
2553 2310 2793 2393 δευτέραν
2861 2313 3220 2394 παραγγελίαν
3292 2316 3465 2393 μένων
3517 2314 3860 2397 άδιόρθωτος,

467 2408 791 2472 nicabitur.
848 2403 1020 2479 Quod
1077 2403 1127 2464 si
1178 2410 1385 2484 postea
1433 2400 1740 2463 absolutus
1771 2415 2119 2461 excommu-

2241 2401 2634 2478 φορισθήσεται.
2668 2404 2727 2460 Εἰ
2758 2401 2813 2459 δὲ
2844 2405 2980 2480 μετὰ
3035 2404 3198 2463 ταῦτα
3252 2404 3422 2470 λυθεὶς
3478 2412 3586 2462 τῶν
3638 2396 3852 2486 γᾶςροριὲ

464 2498 765 2559 nicatione
795 2496 1039 2558 cmleste
1063 2492 1284 2554 donum
1320 2510 1439 2552 non
1460 2489 1669 2552 venale
1699 2488 1958 2551 vendere
1987 2502 2123 2575 per-

2239 2494 2361 2564 μού.
2438 2489 2700 2566 ἐπιμένων
2784 2493 3070 2573 πιπράσκει
3139 2494 3237 2563 τὴν
3309 2494 3544 2574 ἄπρατον
3615 2496 3858 2575 οὐράνιον

464 2593 720 2663 severet,
774 2586 1133 2666 deponetur.
1197 2580 1446 2644 Donatio
1507 2579 1668 2640 enim
1712 2577 1842 2654 Dei,
1877 2573 2119 2639 donatio

2239 2579 2422 2655 ωρεὰν,
2469 2572 2923 2661 καθαιρεθήσεται.
2964 2585 3143 2663 Δωρεὰ
3198 2583 3298 2664 γὰρ
3435 2592 3528 2642 τοῦ
3573 2572 3706 2643 Osci}
3748 2582 3856 2640 δω-

466 2672 584 2736 non
634 2674 856 2737 venalis
884 2673 939 2735 ιε.
970 2670 1033 2734 Si
1082 2670 1213 2753 quis
1260 2681 1463 2732 autem
1524 2667 1580 2731 ei
1618 2675 1835 2749 sponte
1884 2666 2115 2739 oﬂ‘erat,

2239 2668 2313 2743 εὰ,
2361 2668 2485 2749 οὖχὶ
2537 2670 2715 2734 ὤνιον.
2795 2670 2889 2731 Ἐκ
2937 2672 3291 2755 προαιρέσεως
3348 2671 3403 2731 δὲ
3461 2674 3515 2731 εἴ
3571 2698 3651 2741 τις
3716 2680 3858 2750 αὖιῷ

463 2766 526 2826 in
582 2765 856 2827 solatium
891 2763 1041 2825 forte
1100 2757 1483 2842 paupertatis,
1517 2761 1605 2819 vel
1638 2755 1879 2818 honoris
1911 2773 2113 2847 causa,

2241 2758 2479 2847 ροσφὲρει
2565 2762 2637 2827 εἰς
2682 2764 3051 2847 μπαρηγορὶανΔ
3111 2765 3283 2847 τυχὸν
3361 2769 3460 2847 τῆς
3530 2765 3743 2847 πενίας,

459 2854 556 2915 vel
583 2855 642 2916 in
674 2856 915 2917 modum
947 2839 1316 2915 liberalitatis
1345 2870 1360 2924 ;
1394 2839 1689 2928 accipere.
1726 2853 1786 2908 et
1824 2863 1929 2927 pro
1962 2846 2111 2908 olfe-

2239 2845 2361 2928 Luﬁiq
2417 2839 2614 2917 ἕνεκεν,
2675 2842 2712 2911 ἢ
2768 2839 2926 2900 κατὰ·
2959 2839 3509 2925 τρόπονᾝριλοτιμίας
3566 2839 3758 2903 τοῦτον
3796 2846 3857 2896 45

458 2950 628 3006 rente
657 2951 790 3006 vota
817 2942 1015 3005 facere
1047 2959 1169 3003 non
1198 2927 1572 3021 prohibetur.

2239 2927 2484 3076 αμϐῗνειν
2550 2934 2640 2989 καὶ
2693 2933 3073 3014 ι’)περεύχεσθαι
3114 2943 3206 2993 τοῦ
3261 2936 3737 3014 προσενεγκόντος,
3795 2938 3853 2995 οὗ

2239 3018 2341 3076 εκώ
2375 3042 2514 3076 υται-

2200 3040 2491 3077 κεκώλυται
2501 3071 2514 3085 ,

537 3122 760 3185 Interr.
829 3120 891 3185 Si
949 3120 1082 3202 quis
1143 3118 1422 3182 sacerdos
1474 3118 1661 3179 salem
1719 3114 2112 3190 benedicens,

2281 3107 2597 3203 Ἰξρώτησις,
2655 3110 2723 3169 Εἴ
2771 3134 2851 3203 τις
2901 3112 3065 3192 ἱερεὺς
3122 3112 3293 3170 ἅλατα
3350 3113 3605 3193 εὐλογῶν,
3666 3115 3706 3185 ἢ
3766 3119 3846 3174 καὶ

454 3220 555 3274 aut
599 3211 806 3274 ovibus
850 3220 910 3275 et
958 3196 1150 3272 bobus
1210 3227 1418 3288 preces
1466 3207 1721 3270 fundens
1752 3205 2113 3279 inveniatur,

2239 3196 2482 3277 ίροϐάτοις
2552 3200 2716 3282 εὐχὰς
2772 3198 2941 3266 διδοὺς
2998 3202 3087 3259 καὶ
3136 3202 3313 3278 βουσὶν
3356 3205 3562 3285 εὑρεθῇ,
3623 3208 3718 3263 καὶ
3782 3206 3842 3262 τὰ

454 3320 782 3381 eorumque
814 3299 1155 3381 pectuscula
1189 3306 1246 3359 et
1274 3298 1437 3360 coria
1464 3297 1896 3376 recipiens,aut
1936 3294 2114 3356 etiam

2239 3291 2448 3356 τηθύνια
2482 3290 2743 3381 τούτων,
2782 3292 2870 3348 καὶ
2919 3291 2985 3348 τὰ
3027 3288 3261 3372 δέρματα
3317 3292 3837 3373 ἀναλαμϐανόμενος,

454 3379 764 3454 columbas
816 3379 893 3452 ad
957 3398 1326 3450 mortuorum
1414 3386 1691 3467 sepulcra
1759 3394 1817 3448 et
1878 3401 2111 3447 memo-

2263 3381 2351 3436 καὶ
2381 3380 2688 3459 περιστερὰς
2730 3380 2786 3437 ἐν
2814 3394 2931 3447 τοῖς
2985 3382 3173 3462 τάφοις
3225 3387 3332 3440 τῶν
3387 3383 3690 3443 τεθνεώτων
3761 3388 3844 3444 κτὶ

449 3480 570 3542 rias
628 3488 915 3555 mactans,
981 3478 1079 3540 cui
1131 3495 1322 3558 preme
1369 3474 1730 3557 subjicitur?
1786 3476 1880 3536 An
1936 3473 2114 3535 liceat

2239 3482 2312 3532 an;
2383 3470 2741 3546 μνημοσύνοις
2812 3472 2983 3529 αὐτῶν
3043 3472 3368 3553 σφαγιάζων,
3440 3474 3539 3531 τίνι
3597 3476 3846 3555 ἐπιτιμίῳ

450 3579 644 3631 autem
707 3568 761 3631 ei
821 3578 879 3631 et
945 3567 1248 3631 convivari
1303 3567 1365 3628 in
1445 3565 1774 3641 memoriis,
1836 3572 1895 3626 et
1943 3563 2109 3626 festis

2239 3558 2516 3640 τόκειταις
2566 3561 2623 3617 Εἰ
2666 3558 2832 3627 ἔξεστι
2893 3558 2948 3617 δὲ
2998 3561 3142 3637 αὒτῷ
3198 3564 3287 3619 καὶ
3356 3566 3737 3639 ωμποσιάζειν
3792 3568 3843 3625 ἐν

449 3658 682 3733 diebus,
741 3666 800 3723 et
850 3656 1091 3738 nuptiis,
1150 3676 1285 3718 cum
1346 3655 1513 3718 laicis
1557 3654 1823 3717 convivia
1874 3653 2106 3715 haben-

2239 3660 2308 3714 ιτς
2339 3650 2717 3726 μνημοσύνοις,
2776 3655 2866 3709 καὶ
2906 3654 2963 3708 ἓν
3015 3665 3139 3715 ταῖς
3196 3653 3532 3732 ἐορτασίμοις
3586 3657 3838 3738 ἡμέραις,

446 3749 611 3810 tibus
638 3769 654 3822 ;
686 3749 760 3809 ad
784 3749 909 3810 haec
932 3749 994 3809 in
1024 3766 1094 3810 eo
1135 3746 1293 3827 quod
1324 3746 1553 3809 interea
1572 3763 1927 3828 responsum
1963 3747 2100 3820 erit,

2239 3739 2275 3794 ιιὶ
2359 3738 2414 3795 ἐν
2490 3752 2609 3803 τοῖς
2676 3740 2892 3822 γάμοις,
2981 3742 3116 3819 μετὰ
3183 3742 3288 3799 τῶν
3373 3747 3836 3821 συμποσιαζόντων

446 3837 823 3919 acquiescam
836 3888 849 3901 .
1676 3826 1693 3828 ﬁ
1898 3858 1908 3866 ‘

2239 3834 2414 3919 l:l:Ka)V,
2476 3830 2608 3910 πρὸς
2670 3832 2833 3888 ταῦτα
2892 3830 2947 3888 ἐν
3015 3839 3093 3908 τῷ
3144 3831 3299 3899 τέως-
3345 3833 3669 3915 ἐποκριθὲντι
3726 3836 3841 3919 ἔχω

2184 3916 2387 3985 καλῶς.

525 4015 707 4097 Resp.
769 4016 1062 4078 Animalia
1092 4023 1147 4078 et
1181 4033 1320 4078 oves
1351 4015 1413 4077 in
1457 4013 1727 4077 ecclesiis
1758 4014 2000 4089 oﬂ‘erre,
2035 4020 2100 4076 ut

2264 4004 2391 4097 Utar.
2465 4010 2538 4067 Τὸ
2581 4010 2655 4074 εἷς
2709 4012 2804 4074 τὰς
2861 4009 3148 4079 ἐκκλησίας
3214 4013 3526 4095 προσφέρειν
3598 4022 3709 4088 ζῶα
3755 4018 3840 4076 καὶ

445 4095 782 4168 mactentur
825 4125 858 4167 a
899 4105 1339 4180 sacerdotibus,
1373 4104 1475 4186 qui
1504 4105 1664 4167 velut
1713 4122 1916 4166 eorum
1951 4121 2095 4184 por-

2239 4095 2445 4173 ›όϐατα,
2509 4099 2597 4156 καὶ
2654 4100 3028 4181 σφαγιάζεσθαι
3110 4106 3254 4180 παρὰ
3309 4105 3416 4161 τῶν
3472 4103 3674 4185 ἱερέων,
3750 4109 3839 4164 καὶ

445 4194 771 4257 tiunculam
827 4195 1144 4276 accipiant,
1204 4194 1390 4256 veteri
1448 4213 1638 4274 more,
1663 4193 2008 4274 pectuscula
2038 4210 2099 4263 ενι

2239 4192 2301 4245 ὀν
2361 4187 2699 4268 ἀφαιρέματα
2752 4190 2953 4246 τούτων
3028 4189 3341 4270 λαμϐάνειν,
3399 4195 3540 4252 κατᾶ
3593 4197 3656 4252 τὸ
3725 4218 3833 4254 πα-

443 4284 627 4360 coria,
681 4283 824 4345 item
883 4282 1196 4347 columbos
1273 4283 1346 4345 ad
1399 4284 1671 4364 sepulcra
1725 4290 2095 4345 mortuorum

2239 4278 2356 4353 ιιὸν,
2389 4278 2455 4332 τὰ
2484 4277 2735 4344 στηθύνια
2763 4280 2853 4336 καὶ
2892 4279 2958 4337 τὰ
3014 4277 3267 4360 δέρματα,
3329 4285 3419 4340 καὶ
3469 4286 3533 4341 τὸ
3583 4307 3834 4366 περιστε-

441 4373 799 4449 sacriﬁcare,
854 4370 1173 4435 Judaicum
1222 4371 1464 4434 omnino
1519 4381 1627 4438 est.
1663 4378 1722 4432 et
1751 4373 2019 4436 Graecum
2055 4375 2091 4448 Ι,

2239 4389 2275 4431 ις
2307 4366 2362 4422 ἐν
2411 4380 2528 4432 τοῖς
2579 4367 2764 4446 τάφοις
2819 4373 2926 4424 τῶν
2981 4370 3280 4430 τεθνεώτων
3321 4373 3483 4449 θύειν,
3543 4371 3835 4435 Ἰουδαϊκὸν

441 4468 502 4524 et
533 4480 786 4524 censura
816 4461 1305 4543 correctioneque
1337 4460 1867 4541 dignum.Ratione
1896 4470 2092 4524 autem
2116 4519 2133 4543 τ

2239 4458 2420 4538 τικρύς
2472 4455 2605 4537 ἐστι,
2662 4457 2758 4514 καί
2828 4449 3163 4541 Ἐλληνικὺν,
3221 4462 3309 4518 καὶ
3364 4461 3505 4529 ἄξιον
3575 4463 3837 4542 ἐπιτιμήο

439 4552 702 4615 carentia
735 4551 967 4631 dignari
1015 4519 1228 4632 sale,e1t
1257 4519 1514 4615 ovesoac
1545 4550 1748 4629 boves,
1803 4551 1876 4613 ad
1926 4519 2133 4613 utili-l

2239 4519 2437 4611 ,wc|xaii
2466 4519 2813 4626 διορθώσεως.
2848 4550 2920 4606 Τὸ
2948 4519 3002 4604 8%
3049 4519 3220 4630 ἅλοῗγα
3270 4519 3447 4619 ἀξιοέν
3500 4519 3833 4631 uim—"didm,

438 4649 615 4703 tatem
672 4642 1179 4719 assumentiumm,
1211 4640 1664 4727 sanitatemque
1712 4640 1997 4723 ipsorum.
2035 4653 2096 4703 et

2239 4638 2268 4693 ιὶ
2308 4636 2376 4727 τὰ
2416 4633 2658 4727 πρόϐατα
2713 4638 2802 4694 καὶ
2854 4637 2979 4703 τοὺς
3019 4638 3173 4720 βόας,
3232 4644 3365 4721 πρὸς
3409 4642 3673 4725 ὠφέλειαν
3728 4646 3835 4703 τῶν

438 4731 809 4801 animalium,
866 4729 1016 4791 nihil
1064 4722 1245 4793 habet
1328 4722 1636 4793 absurdi:
1700 4730 1846 4813 quin
1901 4730 2096 4811 potius

2239 4722 2717 4802 ιταλαμϐανόντων,
2789 4727 2878 4784 καὶ
2956 4728 3133 4809 ὑγείαν
3218 4732 3389 4790 αὐτῶν
3470 4722 3527 4790 τε
3583 4736 3673 4793 καὶ
3726 4742 3832 4796 τῶν

437 4821 615 4882 etiam
638 4819 779 4881 ﬁdei
827 4828 917 4881 est
938 4820 1105 4883 illud.
1131 4819 1206 4883 Ut
1247 4818 1525 4882 animalia
1548 4820 1724 4883 etiam
1756 4820 2092 4883 sacerdoti-

2239 4818 2351 4892 βων,
2385 4812 2530 4872 οὐδὲν
2578 4814 2697 4896 ἔχει
2750 4813 2970 4892 ἄτοπον,
3024 4816 3163 4876 ἀλλὰ
3217 4819 3421 4897 μᾶλλον
3476 4824 3563 4880 καὶ
3608 4826 3835 4892 πίστεώς

435 4910 548 4971 bus
574 4910 901 4971 offerantur
956 4909 1031 4971 ab
1088 4908 1242 4986 aliis,
1304 4909 1427 4971 sive
1473 4907 1624 4985 viva,
1660 4908 1781 4971 sive
1811 4918 2087 4987 mactata,

2239 4927 2287 4962 τι
2316 4914 2497 4968 τοῦτο.
2532 4906 2634 4963 Καὶ
2675 4907 2737 4962 τὸ
2780 4907 2846 4963 τὰ
2886 4913 2997 4978 ζῶα
3024 4905 3079 4963 δὲ
3137 4922 3255 4976 τοῖς
3301 4913 3497 4993 δερεῦσι
3555 4916 3698 4996 παρὰ
3725 4918 3833 4974 τῶν

433 4998 495 5087 in
526 5000 815 5061 honorem
847 5016 875 5047 ιι
906 4999 1165 5080 aliquem
1199 5011 1258 5061 et
1291 4999 1717 5079 expiationem,
1766 5013 1980 5082 praeter
1999 5019 2091 5062 ra-

2239 4993 2348 5053 λων
2398 4995 2801 5076 προσφέρεσθαι,
2888 4996 3001 5054 εἴτε
3069 5004 3265 5080 ζῶντα,
3347 5002 3459 5061 εἴτε
3514 5005 3602 5063 καὶ
3635 4993 3832 5087 ’ἐσφα-

433 5086 656 5148 tionem
716 5107 837 5150 non
897 5097 1004 5161 est,
1066 5088 1170 5150 sed
1205 5098 1263 5150 et
1311 5088 1529 5169 pietate
1581 5090 1823 5171 plenum
1860 5108 1873 5152 :
1910 5090 2086 5153 modo

2239 5084 2360 5160 ενα,
2394 5085 2530 5175 καλὰ
2558 5086 2722 5161 τιμήν
2750 5108 2867 5175 τινα
2913 5088 3002 5144 καὶ
3046 5086 3361 5174 ἀφοσίωσιν,
3420 5097 3480 5153 οὗ
3520 5084 3831 5175 παράλογόν

434 5193 510 5236 ne
538 5175 612 5237 ad
643 5175 849 5253 altare,
889 5178 977 5239 vel
1009 5176 1164 5239 intra
1196 5177 1534 5241 ecclesiam.
1559 5177 1821 5261 Ideoque
1840 5190 2085 5262 pectus-

2239 5197 2339 5252 τιν,
2384 5173 2520 5235 ἀλλὰ
2547 5175 2637 5231 καὶ
2686 5173 2918 5240 εὐσεϐές.
2972 5177 3121 5246 Πλὴν
3173 5180 3252 5256 μὴ
3304 5183 3378 5248 εἷς
3421 5185 3482 5240 τὸ
3537 5173 3829 5257 euang-:55-

433 5263 568 5325 cula
590 5272 649 5326 et
676 5265 837 5327 coria
880 5265 1054 5328 allata
1103 5266 1387 5329 sacerdos
1432 5267 1676 5330 omnino
1706 5268 1857 5331 citra
1887 5288 2089 5353 repre-

2239 5290 2303 5348 ιν,
2373 5265 2410 5334 ἢ
2467 5267 2540 5331 εἰς
2622 5265 2722 5353 τὴν
2805 5264 3092 5336 ἐκκλησίαν
3174 5268 3347 5337 ἐντός.
3408 5276 3468 5333 Εἰ
3539 5273 3594 5333 δὲ
3648 5283 3827 5354 τοῦτο,

1762 5439 2019 5507 νΑΡιΙιλΕ
2060 5432 2495 5510 LECTIONES.

503 5570 572 5621 45
596 5577 774 5631 τοῦτο.

499 5706 522 5810 i
596 5703 980 5810 peregrinis.
1013 5706 1039 5747 κ
1086 5706 1254 5810 Nam
1282 5707 1509 5810 donum
1539 5708 1652 5774 hoc
1682 5710 1817 5792 Dei,
1844 5712 2069 5778 donum
2091 5723 2181 5780 est
2210 5736 2229 5779 :
2259 5733 2383 5780 non
2402 5734 2497 5780 res
2519 5717 2784 5781 venalis.
2813 5716 2829 5759 ³
2864 5735 3200 5800 paganum.
3232 5730 3274 5763 ιιι
3332 5722 3823 5804 percipientium,

426 5798 643 5862 salem.
676 5836 704 5867 η
760 5795 1008 5859 honoris
1037 5804 1099 5860 et
1126 5797 1464 5862 devotionis
1491 5818 1700 5867 causa.
