4128 6430
240 434 398 501 1009

1579 431 2267 504 ϐΒιΕϐΟ-ΒΟΜΑΝΠΜ
2278 488 2291 502 .

3469 433 3630 499 1010

232 571 448 637 πάντως
514 572 602 630 καὶ
662 574 729 631 τὰ
771 574 1020 642 στηθύνια
1076 576 1164 634 καὶ
1205 577 1271 633 τὰ
1326 574 1556 658 δέρματα
1612 570 1886 655 προσαγό-

1972 565 2323 658 hensionem
2353 570 2626 653 accipiet.
2661 570 2772 644 Qui
2793 570 2951 634 enim
2984 579 3172 636 totum
3205 569 3466 645 exhibet,
3499 588 3622 632 non

234 683 393 738 μενα,
424 662 848 743 ἆκαναγνώστως
880 663 1111 741 λήψεται
1143 669 1171 724 6
1214 667 1401 746 ἱερεὺς.
1459 657 1516 724 Ὅ
1560 666 1660 745 γὰρ
1714 685 1885 744 προσ-

233 750 378 829 άγων
448 753 511 809 τὸ
568 750 715 826 ὅλον,
785 755 846 811 ού
914 753 1173 812 κωλύεται
1247 754 1403 835 μέρος
1458 755 1745 836 προσάγειν
1812 759 1890 827 τῷ

232 842 388 920 ἱερεῖ,
421 842 509 898 καὶ
551 840 709 921 μέρος
763 844 827 899 τὸ
884 843 1159 905 πιότατον.
1221 846 1319 904 Καὶ
1371 846 1448 922 μή
1505 868 1595 920 μοι
1634 843 1756 923 λέγε
1808 840 1889 899 ὅτι

231 939 327 989 τοῦ
368 937 662 989 Μωσαῖκοῦ
718 930 882 1007 νόμου
937 932 1090 991 τοῦτό
1147 933 1312 999 ἐστιν,
1360 936 1433 992 Οὒ
1472 934 1573 1014 γὰρ
1600 931 1814 998 τελείως
1858 933 1887 987 6

233 1017 401 1095 νόμος
430 1018 715 1100 ἀνῄρηται,
761 1019 881 1078 ἀλλ’
940 1021 1025 1079 ἐπὶ
1068 1024 1129 1079 τὸ
1171 1022 1377 1100 βέλτιον
1431 1024 1521 1081 καὶ
1561 1020 1890 1099 ὑψηλότερον

234 1109 673 1183 μετεσκεύασται.
740 1113 799 1167 Αἱ
863 1110 960 1187 μὲν
1002 1111 1103 1192 γὰρ
1157 1112 1325 1169 θυσίαι
1366 1118 1472 1169 τῶν
1527 1111 1678 1183 ζώων
1721 1109 1888 1167 ἐπαύ-

232 1200 426 1278 θησαν,
482 1200 615 1277 πρὸς
662 1200 753 1256 τὸν
794 1200 914 1257 τότε
972 1205 1409 1282 συγχωρηθεῖσαι
1454 1200 1636 1280 καιρόν
1668 1217 1682 1233 ⁸
1747 1202 1793 1256 οἱ
1835 1197 1889 1255 δὲ

233 1288 370 1366 πρὸς
412 1289 533 1352 τοὺς
563 1291 724 1369 ἱερεῖς
780 1282 1123 1370 προσαγωγαὶ
1179 1294 1237 1350 οὗ
1279 1290 1596 1353 κωλύονται.
1662 1290 1760 1348 Καὶ
1827 1288 1890 1344 τὸ

236 1383 620 1455 Χριστιανικῶς
691 1380 968 1458 γινόμενον
1038 1380 1174 1437 κατά
1222 1403 1274 1437 τι
1329 1379 1442 1446 ἔθος
1514 1379 1796 1460 ἐγχώριον,
1854 1377 1890 1446 ἢ

234 1468 325 1523 καὶ
366 1465 427 1522 ἐκ
494 1465 796 1546 φιλοτιμίας
870 1468 1202 1551 ἀγροικικῆς,
1278 1470 1383 1551 οὐχ
1438 1472 1513 1535 ὡς
1585 1466 1888 1532 Ἰουδαϊκῶς

235 1556 516 1636 γινόμενον
557 1556 952 1638 λογισθήσεται.
1001 1561 1059 1618 Εἰ
1109 1558 1165 1616 δὲ
1207 1562 1297 1618 καὶ
1331 1560 1385 1617 ἐν
1428 1573 1545 1624 τοῖς
1606 1558 1887 1635 μνημοσύ-

235 1669 348 1712 νοις
392 1654 500 1705 τῶν
553 1648 851 1708 τεθνεώτων
908 1649 1264 1729 προσάγονται
1325 1650 1447 1715 τοῖς
1498 1653 1688 1729 ἱερεῦσι
1731 1670 1886 1727 περι-

233 1737 435 1816 στεραὶ,
509 1737 622 1795 ἀντὶ
678 1735 967 1819 ἁδροτέρων
1035 1742 1209 1815 ζώων,
1282 1740 1423 1820 παρὰ
1475 1746 1578 1797 τῶν
1630 1736 1886 1796 πενεστέ-

1973 657 2324 739 prohibetur
2349 669 2577 741 partem
2608 661 2904 725 sacerdoti
2946 660 3253 737 exhibere,
3291 669 3349 723 et
3378 660 3621 741 quidem

1972 754 2200 824 partem
2252 749 2725 830 pinguissimam.
2781 749 2868 812 Ne
2920 751 3147 813 dixeris
3178 753 3291 812 hoc
3319 769 3451 812 esse
3482 750 3627 829 legis

1970 837 2273 901 Mosaicae.
2306 836 2437 901 Non
2486 840 2647 902 enim
2691 841 2782 902 lex
2842 858 3085 921 prorsus
3142 839 3361 903 abolita
3421 846 3532 915 est,
3565 846 3627 901 et

1974 924 2037 988 in
2068 927 2304 1009 melius,
2365 928 2471 990 sed
2518 936 2577 991 et
2628 929 2941 992 sublimius
2989 936 3397 1004 transmutata,
3432 929 3627 991 Sacri-

1972 1016 2105 1077 ﬁcia
2122 1017 2282 1079 enim
2297 1016 2640 1080 animalium
2659 1018 2790 1081 fieri
2803 1018 3217 1095 desierunt,ad
3238 1028 3470 1099 tempus
3487 1026 3627 1079 tunc

1974 1105 2271 1186 permissa
2304 1128 2317 1168 :
2351 1115 2409 1169 at
2440 1108 2798 1180 oblationes,
2851 1127 2982 1189 quae
3009 1107 3417 1170 sacerdotibus
3450 1108 3621 1181 ﬁunt,

1974 1213 2092 1256 non
2153 1203 2441 1260 vetantur.
2502 1196 2575 1258 Et
2632 1197 2786 1279 quod
2840 1196 3180 1273 Christiane
3234 1197 3298 1257 ﬁt
3344 1196 3546 1259 innato
3572 1211 3618 1274 ο,

1973 1284 2225 1365 quodam
2260 1304 2449 1363 more,
2483 1287 2575 1348 vel
2608 1287 2783 1349 etiam
2818 1306 2889 1350 ex
2917 1286 3218 1349 rusticana
3240 1285 3620 1360 liberalitate,

1970 1381 2033 1434 ut
2082 1373 2328 1436 Judaice
2378 1378 2607 1451 factum
2667 1396 2785 1438 non
2845 1376 3213 1439 censebitur.
3275 1375 3443 1449 Quod
3477 1374 3620 1435 siin

1972 1472 2343 1526 mortuorum
2405 1465 2710 1527 memoriis
2740 1466 3033 1529 columba:
3062 1465 3409 1528 animalium
3439 1483 3619 1543 gran-

1970 1550 2203 1614 diorum
2238 1551 2365 1615 vice
2382 1554 2793 1617 sacerdotibus
2814 1555 3221 1618 exhibentura
3254 1553 3625 1616 tenuioribus

1968 1640 2031 1702 in
2062 1660 2273 1704 eorum
2303 1643 2676 1721 alimoniam,
2713 1664 2832 1706 nou
2867 1663 2972 1726 per
2996 1643 3287 1707 rationem
3314 1643 3616 1715 sacriﬁcii,

1969 1749 2165 1812 neque
2194 1739 2259 1793 ut
2286 1733 2355 1794 ad
2389 1734 2663 1815 sepulcra
2690 1742 3044 1811 mactentur,
3077 1737 3191 1797 hoc
3213 1752 3391 1796 nemo
3426 1732 3629 1812 prohi-

234 1848 368 1906 ρων,
439 1829 513 1891 εἰς
579 1818 886 1908 ἀποτροφὴν
944 1829 1109 1905 αὐτῷ,
1178 1828 1237 1886 οὗ
1279 1818 1416 1887 κατὰ
1472 1827 1632 1908 λόγον
1681 1827 1882 1902 θυσίας,

1972 1819 2192 1883 buerit.
2224 1818 2471 1902 Oportet
2488 1823 2648 1885 enim
2675 1824 3045 1886 sacerdotem
3072 1843 3142 1887 ex
3164 1822 3497 1886 sacerdotio
3516 1822 3614 1897 ali,

235 1913 351 1973 οὒδὲ
395 1915 532 1972 ὥστε
562 1920 950 1996 σφαγιασθῆναι
992 1917 1079 1974 ἐπὶ
1135 1923 1244 1974 τῶν
1299 1919 1479 1999 τάφων
1513 1935 1528 1951 ⁸
1576 1924 1732 1975 τοῦτο
1792 1918 1887 1974 οὐκ

1972 1917 2027 1971 et
2057 1910 2336 1975 honorari
2368 1929 2403 1972 a
2430 1911 2619 1987 laicis,
2657 1921 2715 1975 et
2745 1912 2891 1975 alias
2919 1915 3164 1976 omnino
3186 1925 3240 1990 ι),
3296 1923 3470 1993 prout
3489 1911 3622 1993 quis

236 2004 299 2062 ἄν
328 2027 410 2071 τις
441 2003 718 2067 κωλύσειε.
768 2007 881 2087 Χρὴ
938 2007 1038 2087 γὰρ
1079 2009 1170 2064 τὸν
1220 2007 1360 2087 ἱερέα
1410 2008 1515 2067 ἀπὸ
1571 2013 1671 2075 τῆς
1725 2010 1885 2087 ἱερω-

235 2094 397 2162 σύνης
480 2094 776 2176 τρέφεσθαι,
854 2097 940 2154 καὶ
1012 2100 1256 2173 τιμᾶσθαι
1327 2099 1470 2178 παρὰ
1496 2104 1601 2155 τῶν
1654 2096 1884 2177 λαίκῶν,

235 2181 414 2247 ἄλλως
456 2206 512 2239 τε
554 2186 793 2258 πάντως,
849 2186 923 2252 ὡς
979 2182 1039 2243 ἄν
1092 2209 1170 2251 τις
1221 2185 1448 2259 δύναιτο,
1482 2189 1571 2246 καὶ
1599 2200 1721 2252 ταῖς
1748 2187 1887 2243 κατὰ

237 2270 457 2349 δύναμιν
500 2289 899 2354 προσαγωγαϊς.
966 2278 1026 2335 Εἰ
1086 2278 1165 2354 μῆ
1221 2279 1344 2354 βοῦν
1386 2276 1592 2336 δύναιτο
1647 2276 1884 2357 προσφέ-

240 2383 350 2442 ρειν
399 2361 713 2443 ὁλόκληρον,
761 2364 915 2445 μέρος
962 2364 1025 2422 ἂν
1079 2367 1429 2447 προσενέγκῃ,
1490 2367 1527 2435 ἢ
1583 2368 1643 2424 τὸ
1685 2367 1885 2434 στηθύ-

238 2474 373 2533 νιον,
415 2452 452 2521 ἢ
497 2449 627 2510 ἄλλο
680 2476 754 2534 τι,
812 2454 849 2524 ἢ
906 2452 1069 2535 δέρμα
1126 2457 1292 2537 τυχὸν
1346 2456 1532 2532 μόνον.
1598 2458 1658 2514 Εἰ
1713 2454 1768 2512 δὲ
1806 2457 1885 2531 μὴ

238 2552 413 2618 τοῦτο,
474 2544 807 2626 περισυερὰν,
877 2547 913 2613 ἢ
970 2542 1139 2613 ἄλλην
1210 2544 1351 2626 ὄρνιν
1420 2546 1537 2605 τινά
1571 2561 1586 2576 ⁸
1659 2547 1719 2603 οὗ
1776 2546 1884 2621 μῆν

243 2629 546 2697 ἰουδαῒκῶς
602 2631 638 2690 ἂ
708 2625 1054 2714 Ἑλληνικῶς,
1101 2625 1249 2694 ἀλλὰ
1278 2634 1536 2718 φιλοθέως
1587 2637 1676 2693 καὶ
1729 2639 1884 2695 εὗσε-

239 2719 368 2787 ϐῶς.
427 2722 594 2781 Ἀλλὰ
635 2724 724 2781 καὶ
790 2725 852 2781 τὸ
909 2723 1236 2783 συνδειπνεῖν
1296 2727 1386 2783 καὶ
1445 2726 1725 2784 συνεσθίειν
1797 2726 1885 2781 καὶ

242 2813 614 2887 συμποσιάζειν
656 2814 779 2879 τοὺς
821 2817 982 2894 ἱερεῖς
1012 2828 1128 2880 τοῖς
1159 2813 1381 2883 λα’ίκοῖς
1423 2814 1479 2872 ἒν
1507 2830 1628 2882 ταῖς
1671 2817 1884 2897 ἑορταῖς

239 2903 328 2959 καὶ
368 2902 422 2957 ἐν
463 2916 579 2966 τοῖς
626 2904 841 2983 γάμοις,
904 2902 1164 2985 εὐλαϐῶς,
1220 2906 1309 2962 καὶ
1366 2906 1502 2982 μετὰ
1558 2906 1883 2983 σεμνότητος

242 2991 541 3068 πρεπούσης
583 2993 788 3062 αὐτοῖς,
853 2991 1197 3072 εὖλογοῦντας
1256 2995 1348 3051 τὸν
1414 2994 1568 3074 Θεὸν,
1613 2993 1886 3052 ἆκώλυτόν

244 3077 403 3138 ἐστιν.
440 3081 497 3137 Εἰ
526 3082 603 3156 μὴ
635 3080 694 3138 ἐκ
722 3080 1022 3159 συμϐουλῆς
1051 3082 1115 3134 44
1141 3082 1254 3141 ἐστι
1286 3084 1353 3140 τὰ
1395 3085 1686 3164 συμπόσια,
1720 3085 1765 3140 εἰ
1807 3084 1886 3160 μὴ

1969 1999 2707 2083 potueritexhibitionibus
2720 2003 3088 2066 qsecundum
3102 2003 3413 2066 facultates
3427 2001 3618 2064 factis.

1967 2091 2032 2152 Si
2080 2090 2293 2153 bovem
2351 2089 2648 2170 integrum
2709 2093 2924 2155 offerre
2965 2112 3084 2155 non
3134 2093 3341 2174 possit,
3394 2101 3620 2173 partem

1969 2181 2198 2261 oll‘erat,
2235 2181 2324 2242 vel
2358 2182 2753 2261 petusculum,
2804 2190 2906 2244 aut
2961 2183 3265 2264 quidpiam
3311 2181 3497 2263 aliud,
3528 2184 3620 2245 vel

1970 2269 2198 2332 corium
2251 2270 2404 2331 forte
2457 2268 2693 2347 solum;
2750 2271 2801 2333 si
2848 2290 3045 2353 neque
3085 2273 3220 2349 hoc,
3255 2270 3617 2347 columbam,

1968 2367 2069 2421 aut
2099 2359 2273 2421 aliam
2297 2377 2464 2421 avem
2507 2359 2801 2441 aliquam:
2828 2380 2947 2423 non
2980 2361 3484 2442 quidemJudaice
3516 2369 3622 2423 aut

1969 2448 2173 2512 Graece
2193 2462 2235 2528 ι’,
2270 2448 2373 2510 sed
2395 2466 2491 2528 pie
2515 2467 2583 2509 ac
2615 2448 2912 2529 religiose.
2938 2450 3115 2515 Enim
3147 2468 3286 2512 vero
3321 2451 3493 2513 etiam
3518 2470 3617 2513 sa-

1968 2539 2238 2601 serdotes
2258 2537 2438 2599 simul
2459 2557 2595 2600 cum
2618 2536 2789 2614 laicis
2809 2557 3038 2601 coenam
3062 2548 3121 2602 et
3140 2540 3340 2602 cibum
3358 2557 3616 2614 sumere,

1966 2645 2034 2690 ac
2093 2625 2391 2689 convivari
2447 2625 2510 2688 in
2563 2627 2749 2700 festis,
2794 2635 2871 2691 et
2928 2628 3173 2711 nuptiis;
3223 2629 3514 2704 modeste,
3568 2636 3625 2691 et

1969 2736 2104 2780 cum
2155 2717 2392 2779 decenti
2436 2716 2741 2796 gravitate,
2773 2717 2897 2781 Deo
2949 2719 3165 2799 gratias
3193 2728 3461 2799 agentes,
3497 2738 3618 2780 non

1969 2804 2387 2889 prohibentur.
2416 2804 2545 2868 Nisi
2590 2807 2872 2869 collatitia
2918 2809 3039 2870 sint
3071 2808 3356 2884 convivia,
3392 2816 3492 2870 aut
3521 2827 3619 2870 sev

1969 2894 2180 2959 cundae
2224 2896 2603 2976 nuptiae'aut
2630 2896 2827 2977 aliqua
2858 2897 2919 2959 in
2950 2898 3044 2960 his
3072 2897 3302 2960 ludicra
3328 2898 3623 2962 inducan—

1969 2995 2071 3050 tur
2100 3006 2115 3046 :
2144 3004 2277 3047 nam
2310 3005 2440 3067 quae
2458 3004 2529 3046 ex
2551 2986 2868 3050 collatione
2895 2996 2912 3036 ι
2931 2987 3082 3050 ﬁunt
3104 2988 3392 3066 convivia,
3413 2988 3622 3070 probi-

1972 3075 2188 3137 bentur
2235 3075 2316 3138 55
2384 3092 2613 3137 canone
2665 3075 3038 3141 Laodicenae.
3100 3077 3171 3139 Et
3226 3078 3287 3139 in
3347 3079 3627 3141 secundis

243 3164 754 3249 δευτερογαμούντων
786 3172 899 3229 εἶεν
944 3175 991 3229 οἱ
1034 3173 1220 3253 γάμοι,
1278 3175 1322 3230 εἰ
1380 3173 1456 3251 μὴ
1501 3173 1720 3252 παίγνιά
1771 3196 1889 3231 τινα

1972 3164 2195 3246 nuptiis
2242 3164 2539 3227 convivari
2597 3166 2892 3228 sacerdoti
2938 3186 3057 3229 non
3087 3168 3486 3248 permittitur;
3521 3168 3626 3230 sed

238 3256 291 3313 ἐν
320 3258 524 3325 τούτοις
567 3260 865 3343 εἰσάγονται
898 3277 913 3291 ⁸
974 3263 1041 3320 τὰ
1098 3263 1198 3343 γὰρ
1253 3261 1314 3320 ἐκ
1339 3260 1641 3340 συμϐουλῆς
1669 3263 1734 3314 45
1762 3287 1889 3340 συμ-

1974 3255 2024 3319 si
2053 3255 2287 3337 quando
2319 3255 2379 3316 in
2412 3255 2621 3336 primis
2665 3256 2889 3336 nuptiis
2919 3259 3281 3340 convivetur,
3332 3258 3630 3322 festivitati

238 3346 399 3405 πύσια
428 3349 560 3405 κατὰ
603 3351 696 3406 τὸν
726 3340 804 3405 vs.
828 3356 928 3418 τῆς
972 3351 1026 3408 ὲν
1066 3340 1342 3409 Λαοδικεία
1395 3353 1591 3409 κανόνα
1642 3351 1885 3410 κωλύον-

1972 3346 2465 3424 intererit,donec
2512 3345 2835 3426 thymelici,
2877 3346 3045 3426 juxta
3073 3350 3628 3431 quinquagesimum

237 3460 344 3497 ται.
400 3439 499 3497 Καὶ
547 3438 601 3494 ἐν
653 3446 731 3514 τῷ
781 3437 1002 3520 δευτέρῳ
1057 3439 1112 3499 δὲ
1155 3443 1313 3520 γάμῳ
1369 3445 1397 3499 6
1440 3443 1604 3523 ἱερεὺς
1649 3443 1706 3499 οὗ
1760 3465 1888 3500 συν-

1973 3446 2247 3520 quartum
2305 3452 2597 3497 canonem
2657 3434 3010 3499 Laodicenaa
3038 3439 3270 3519 synodi)
3308 3449 3365 3501 et
3397 3440 3630 3502 ludicra

237 3526 425 3584 εσθίειν
456 3526 792 3608 ἐπιτρέπεται
831 3550 843 3563 °
891 3528 1029 3589 ἀλλὰ
1094 3532 1181 3589 καὶ
1224 3531 1278 3588 ἐν
1320 3545 1440 3596 τοῖς
1500 3531 1730 3611 πρώτοις
1790 3533 1889 3612 γά-

1973 3526 2451 3594 introducantur.
2494 3523 2605 3596 Qui
2627 3532 2843 3604 praeter
2871 3527 2997 3588 hac
3026 3527 3185 3606 facit,
3213 3529 3629 3591 excommuni-

237 3638 357 3694 μοις
411 3615 476 3685 ἥν
540 3638 672 3674 ποτε
731 3620 1072 3698 συμποσιάση
1128 3622 1217 3678 καὶ
1283 3620 1712 3702 εὐφρανθήσεται,
1788 3621 1889 3688 ἕως

1974 3628 2157 3692 catur,
2195 3623 2253 3678 et
2271 3614 2574 3677 canonica;
2602 3613 2917 3695 subjicitur
2938 3636 3227 3681 censure.

233 3703 519 3782 μέλλουσιν
550 3707 863 3787 εἰσαχθῆναι
896 3710 1049 3783 (κατὰ
1075 3711 1168 3767 τὸν
1196 3708 1273 3767 νδ’
1302 3711 1498 3767 κανόνα
1524 3718 1631 3776 τῶς
1662 3712 1715 3769 ἐν
1746 3710 2018 3784 Λαοδιδείᾳ
2048 3706 2289 3786 συνόδου)
2334 3709 2378 3764 οἱ
2409 3703 2701 3785 θυμελικοὶ,
2738 3707 2825 3762 καὶ
2897 3708 2963 3763 τὰ
3025 3710 3267 3788 παίγνια.
3319 3702 3375 3768 Ὀ
3407 3708 3462 3766 δὲ
3492 3711 3633 3789 παρὰ

223 3794 394 3859 ταῖτα
419 3802 589 3855 ποιῶν
619 3793 938 3877 ἀφορίζεται,
982 3800 1071 3857 καὶ
1099 3798 1401 3875 ἐπιτιμᾶται
1431 3806 1740 3868 κανονικῶς.

312 3886 655 3964 Ἠρώτησας,
704 3886 1074 3967 εὖλαϐέστατε,
1149 3888 1231 3947 ὅτι
1301 3892 1517 3972 Τρύφων
1571 3912 1677 3971 τις,
1750 3890 1889 3949 οὕτω

2051 3880 3021 3972 Interrogasti,religiosissime,de
3044 3885 3359 3968 Tryphona
3379 3887 3631 3969 quodam

233 3976 584 4056 καλούμενος,
657 3975 1050 4054 ἐμνηστεύσατο
1108 3979 1271 4060 κόρην
1326 3979 1492 4051 ἀτελῆ
1535 3981 1634 4049 τὴν
1677 3979 1890 4048 ἡλικίαν

235 4066 398 4125 οὖσαν
436 4081 446 4091 ·
506 4067 596 4123 καὶ
639 4068 807 4143 μήπω
851 4067 1142 4148 ἱερολογίας
1197 4069 1516 4147 γενομένης,
1576 4069 1712 4147 μηδὲ
1763 4091 1890 4126 συν-

234 4157 447 4237 αφείας,
478 4154 816 4223 ἐτελεύτησεν
877 4159 913 4226 ἡ
972 4158 1105 4237 κόρη
1143 4174 1157 4188 ·
1205 4160 1292 4216 καὶ
1336 4155 1520 4216 ἔλαϐεν
1577 4162 1605 4216 6
1675 4159 1891 4239 Τρύφων

235 4246 421 4327 ἑτέραν
464 4258 719 4325 Ῥναῖκα,
749 4247 837 4303 καὶ
865 4245 1047 4304 τέτοκε
1087 4248 1368 4335 θυγατέρα.
1431 4250 1530 4307 Καὶ
1584 4251 1618 4318 ἡ
1660 4249 1895 4328 θυγάτηρ

238 4334 375 4403 α’ὖτη
446 4342 541 4393 τοῦ
613 4335 889 4416 Τρύφωνος
950 4338 1281 4418 συζεύγνυται
1337 4344 1414 4413 τῷ
1482 4335 1897 4419 πρωτεξαδέλφῳ

236 4431 334 4493 τῆς
398 4424 559 4506 κόρης
630 4424 861 4507 ἐκείνης,
919 4424 1041 4494 ἥτις
1097 4430 1587 4506 προμνηστευθεῖσα
1640 4428 1718 4503 τῷ
1759 4428 1896 4506 Τρύ-

1973 3975 2076 4057 qui
2106 3974 2194 4037 sic
2223 3971 2567 4052 vocabatur,
2630 3989 2765 4033 eum
2823 3972 3051 4036 scilicet
3098 3976 3491 4059 despondisse
3522 3977 3636 4039 sibi

1976 4063 2341 4146 imperfectae
2394 4061 2581 4123 aetatis
2614 4060 2894 4142 puellam,
2959 4083 3209 4147 eamque
3241 4068 3501 4129 nondum
3534 4086 3634 4129 se-

1977 4161 2111 4216 cuta
2141 4152 2567 4214 benedictione
2618 4150 2706 4212 vel
2753 4153 2962 4232 copula
2993 4154 3368 4237 discessisse,
3396 4166 3455 4220 et
3483 4156 3632 4237 Try-

1978 4244 2236 4323 phonem
2259 4241 2435 4303 aliam
2462 4239 2702 4302 duxisse
2719 4260 2996 4325 uxorem,
3028 4263 3159 4325 quae
3179 4245 3411 4327 peperit
3427 4246 3633 4309 tiliam.

1978 4331 2174 4413 Ipsam
2195 4330 2441 4412 Trypho
2453 4329 2544 4392 nis
2566 4329 2747 4391 ﬁliam
2784 4332 3068 4413 conjungi
3087 4354 3223 4397 cum
3247 4336 3461 4417 puellae
3484 4337 3639 4399 illius

1980 4420 2364 4494 consobrino,
2392 4438 2526 4501 qua;
2548 4419 2716 4501 prius
2736 4418 3041 4502 Tryphoni
3060 4424 3419 4506 desponsata
3437 4426 3498 4488 in
3517 4426 3637 4487 im-

237 4537 398 4595 φωνι,
432 4501 486 4569 ἐν
532 4511 719 4570 ἀτελεῖ
882 4514 1065 4589 ἡλικίᾳ
1110 4501 1450 4584 τετελεύτηκε
1484 4531 1497 4546 ·
1550 4517 1636 4572 καὶ
1692 4501 1889 4588 ἐζήτη-

1983 4510 2240 4591 perfecta
2269 4516 2440 4571 aelate
2469 4507 2636 4571 obiit.
2697 4501 2992 4582 Qualsiisti
3034 4501 3290 4588 discere,
3323 4533 3398 4578 an
3428 4518 3640 4577 vetitus

239 4625 332 4669 σας
381 4606 598 4680 μαθεῖν,
665 4604 710 4661 εἰ
775 4602 1036 4661 κωλύεται
1106 4607 1170 4662 τὸ
1223 4613 1456 4663 τοιοῦτον
1525 4604 1897 4685 συνάλλαγμα.

244 4694 342 4750 Καὶ
381 4690 492 4749 ἰδοὺ
522 4692 794 4773 γράφομέν
824 4715 931 4774 σοι,
991 4693 1073 4751 ὅτι
1129 4693 1227 4767 ἒόιν⁸
1270 4694 1467 4763 ἀτελὴς
1508 4695 1574 4764 ἦν
1630 4694 1804 4762 ἐκείνη
1861 4697 1897 4764 ἡ

242 4782 485 4858 μνηστῆ,
557 4784 643 4839 καὶ
700 4780 847 4840 οἷ’)πω
899 4781 1059 4852 δεκτῆ
1117 4785 1312 4864 γάμου,
1359 4782 1690 4865 παράνομος,
1749 4784 1814 4852 ἧν
1860 4786 1896 4854 ὴ

242 4871 526 4948 μνηστείοί,
571 4873 658 4932 καὶ
686 4872 801 4930 ἀντ’
847 4871 1055 4938 οὒδενὸς
1109 4872 1479 4954 λογισθήσεται
1512 4892 1528 4908 ·
1581 4875 1667 4930 καὶ
1725 4873 1899 4936 οὐκέτι

240 4959 465 5037 κώλυμα
509 4958 655 5021 οὐδὲν
700 4963 773 5026 εἰς
826 4963 888 5019 τὸ
945 4969 1184 5021 τοιοῦτον
1242 4962 1588 5043 συνάλλαγμα
1618 5008 1635 5039 ,
1706 4964 1796 5021 καὶ
1863 4965 1897 5032 ἡ

243 5048 480 5129 θυγάτηρ
509 5059 602 5111 τοῦ
626 5051 903 5132 Τρύφωνος
955 5050 1244 5117 ἀκωλύτως
1292 5050 1549 5129 λαμϐάνει
1578 5053 1668 5109 τὸν
1697 5052 1908 5133 πρῶτον

238 5137 445 5207 ἐκείνης
475 5136 777 5223 ἱξάδελφον,

1980 4600 2051 4660 sit
2091 4599 2227 4661 talis
2255 4606 2618 4661 contractus.
2652 4597 2723 4659 Et
2754 4599 3141 4664 rescribimus
3178 4621 3190 4665 :
3220 4607 3267 4665 si
3305 4604 3642 4684 sponsailla

1981 4708 2100 4750 non
2131 4688 2240 4751 fuit
2270 4688 2379 4749 viri
2438 4696 2666 4771 potens,
2720 4690 2974 4754 necdum
3035 4693 3377 4772 nuptiarum
3429 4713 3636 4775 capax,

1979 4777 2205 4860 injusta
2235 4795 2366 4840 esse
2398 4777 2699 4859 sponsalia
2722 4782 2763 4819 ι’
2795 4786 2855 4841 et
2879 4798 2984 4860 pro
3019 4781 3199 4843 nullis
3236 4782 3466 4858 haberi,
3502 4784 3639 4844 nul-

1982 4867 2224 4950 lumque
2252 4868 2492 4931 obstare
2515 4868 2570 4929 ei
2604 4870 2933 4930 contractui
2954 4869 3471 4951 impedimentum,
3497 4874 3640 4955 quin

1983 4957 2322 5039 Tryphonis
2354 4958 2475 5020 lilia
2504 4958 2670 5022 licite
2701 4956 2887 5022 nubat
2916 4958 3076 5023 illius
3106 4960 3488 5024 consobrino.

1585 5308 1842 5375 VARUE
1886 5308 2322 5374 LECTIONES.

331 5426 398 5477 Η
426 5426 722 5506 συμϐολῆς.
771 5428 1148 5507 ⁴Ιέίσυμϐολὶίιις.

319 5568 343 5597 °
372 5560 807 5641 provinciali...
834 5580 973 5627 cum
997 5563 1142 5627 aliis
1173 5562 1422 5628 omnino
1450 5564 1652 5627 rebus.
1730 5575 1756 5617 ει
1783 5568 1909 5626 tum
1925 5560 2353 5627 oblationibus.
2376 5580 2400 5609 τ
2422 5579 2663 5643 pagano
2693 5580 2887 5628 more.
2924 5576 2943 5604 ⁸
2970 5567 3230 5631 secundo
3258 5566 3643 5633 nubentlum.

241 5662 261 5698 ι
299 5669 375 5715 ιω
402 5650 674 5723 collecta.
706 5665 734 5699 ιι
763 5652 1091 5737 illegitima
1111 5655 1298 5735 fuisse
1315 5652 1652 5736 sponsalia.
