4128 6442
445 402 589 471 1011

921 538 1225 608 JOANNIS
1261 539 1607 605 ZONARIE.

520 634 731 715 Magni
780 633 1089 714 quondam
1140 632 1469 713 drungarii
1520 631 1724 713 vigtoz,
1757 636 1813 695 et
1835 630 2029 712 primi
2058 645 2096 692 a

439 725 710 806 secretis,
748 722 961 787 Oratio
1014 724 1097 784 ad
1142 740 1265 797 eos,
1326 723 1434 802 qui
1462 721 1817 786 naturalem
1845 721 2096 784 seminis

442 816 677 884 ﬂuxum
700 811 1150 876 immunditiem
1173 812 1547 875 existimant.

521 902 655 965 Noli
675 902 875 983 justus
934 920 1068 964 esse
1114 901 1366 963 multum
1396 913 1443 977 ιι,
1479 919 1676 983 neque
1731 899 1936 980 regula
1966 898 2095 979 ipsa

436 990 812 1072 rectior.;Hm
840 1000 981 1055 sunt
1013 990 1324 1054 sententiae
1345 991 1774 1072 praestantioris
1797 997 1853 1051 et
1884 997 2099 1051 nostrae

438 1082 770 1165 sapientiae.
830 1080 1000 1154 Quod
1057 1079 1109 1142 si
1157 1086 1581 1142 extraneorum
1642 1078 1950 1160 quidpiam
2011 1077 2099 1139 eis

438 1171 803 1236 assuendum
832 1170 907 1232 sit
930 1170 1067 1251 (nec
1088 1170 1249 1231 enim
1283 1187 1415 1250 quae
1438 1169 1677 1231 illorum
1703 1176 1861 1242 sunt,
1900 1167 2100 1229 omnia

439 1260 790 1343 rejicienda)
804 1257 911 1321 :Ne
922 1258 1067 1341 quid
1085 1258 1586 1331 nimis.Quorsum
1604 1265 1798 1319 autem
1817 1258 1931 1319 hoc
1954 1255 2101 1318 mihi

442 1348 797 1433 praeludium
829 1355 941 1423 est,
975 1346 1415 1429 quamprimum
1458 1347 1711 1409 dicetur.
1747 1346 1908 1409 Multi
1939 1346 2100 1408 enim

442 1457 678 1514 eorum,
716 1437 818 1519 qui
860 1438 1220 1500 exactiorem
1273 1437 1687 1499 monachicam
1721 1435 2099 1516 disciplinam

441 1527 662 1594 sectari
689 1526 987 1601 videntur,
1024 1537 1082 1588 et
1113 1525 1296 1588 veluti
1324 1525 1396 1589 ad
1429 1525 1755 1608 spiritalius
1785 1525 2096 1600 inclinant,

441 1627 508 1682 ut
537 1614 977 1679 immunditiem
1021 1615 1304 1696 aliquam,
1339 1616 1671 1678 naturalem
1701 1614 1950 1677 seminis
1983 1614 2100 1676 ﬂu-

439 1727 580 1771 xum
609 1704 972 1767 arbitrantur
1002 1721 1015 1764 :
1070 1724 1190 1766 non
1238 1705 1427 1767 solum
1457 1705 1693 1785 quando
1723 1723 1859 1767 cum
1884 1703 2101 1784 imagi-

441 1795 686 1860 natione
713 1793 913 1875 aliqua
951 1793 1288 1872 contigerit,
1325 1794 1429 1858 sed
1465 1801 1522 1856 et
1552 1794 1602 1856 si
1633 1793 1857 1875 absque
1885 1792 2098 1871 imagi-

440 1885 707 1949 natione.
766 1884 963 1962 Atque
1011 1883 1161 1945 adeo
1221 1883 1519 1964 pollutum
1573 1883 1913 1946 existimant
1940 1902 2100 1957 eum,

1824 406 1859 470 J
1862 404 1956 470 US
1996 401 2445 471 CANONIGUM

3669 406 3816 477 1012

2622 552 2916 627 marmor
2944 552 3073 605 ror
3104 551 3390 605 ZQNAPA.

2184 659 2211 693 α
2244 645 2348 696 Τοῦ
2376 639 2657 721 γεγονότος
2688 639 2925 719 μεγάλου
2956 636 3295 720 δρουγγαρίου
3345 644 3441 708 τῆς
3482 636 3690 721 βίγλας,
3732 643 3816 700 καὶ

2259 720 2753 801 πρωτοασηκρῆτις,
2788 721 2957 800 Λόγος
2987 722 3121 801 πρὸς
3164 721 3285 785 τοὺς
3331 722 3428 789 τὴν
3472 720 3696 801 φυσικὴν
3723 722 3813 791 τῆς

2257 805 2421 878 γονῆς
2453 800 2643 880 ἐκροὴν
2672 802 2879 877 μίασμα
2908 800 3258 880 ἡγουμένους.
3295 823 3323 855 ι
3380 812 3389 819 ’

2258 895 2347 961 Μὴ
2404 894 2549 973 γίνου
2592 892 2787 960 δίκαιος
2847 894 3006 972 πολὺ,
3052 893 3189 972 μηδὲ
3252 895 3400 975 γίνου
3457 902 3548 953 τοῦ
3606 896 3813 961 κανόνος

2183 984 2475 1064 εὖθύτερος.
2537 992 2752 1062 Γνῶμαι
2823 994 2986 1044 ταῦτα
3054 987 3150 1055 τῆς
3223 986 3585 1067 εὐγενεστέρας
3641 987 3812 1069 σοφίας

2182 1075 2269 1131 καὶ
2311 1074 2573 1154 ἡμετέρας
2603 1075 2752 1134 εἰσίν.
2791 1078 2849 1133 Εἰ
2904 1075 2959 1133 δὲ
3003 1074 3087 1133 δεῖ
3142 1091 3449 1157 παρενεϊραι
3504 1077 3702 1139 τούτοις
3768 1098 3818 1133 τι

2182 1166 2269 1221 καὶ
2324 1171 2429 1221 τῶν
2486 1163 2671 1231 ἔξωθεν
2729 1163 2868 1246 (οὒδὲ
2913 1166 3012 1246 γὰρ
3055 1166 3227 1223 πάντα
3283 1166 3349 1222 τὰ
3416 1166 3627 1224 ἐκείνων
3696 1166 3825 1222 ἀπό-

2183 1251 2403 1335 ϐλητα),
2439 1252 2615 1322 Μηδὲν
2640 1252 2796 1333 ἄγαν.
2857 1253 2973 1336 Ἐφ’
3030 1259 3077 1330 ᾦ
3117 1253 3171 1312 δέ
3215 1279 3307 1333 μοι
3362 1262 3528 1314 ταῦτα
3583 1277 3815 1335 προανα-

2182 1343 2513 1424 κέκρουσται,
2574 1344 2759 1402 αὐτίκα
2815 1343 2880 1413 δὴ
2920 1344 3066 1421 μάλα
3107 1345 3415 1425 ῥηθήσεται.
3478 1343 3669 1402 Πολλοὶ
3723 1349 3824 1400 τῶν

2183 1431 2546 1513 ἀκριϐέστερον
2590 1435 2735 1515 τάχα
2792 1434 3032 1512 μετιέναι
3088 1432 3383 1493 δοκούντων
3439 1435 3537 1503 τὴν
3596 1455 3824 1514 μοναχι-

2181 1523 2284 1591 κὴν
2329 1522 2624 1606 πολιτείαν,
2678 1525 2766 1581 καὶ
2821 1524 3089 1602 ῥεπόντων
3141 1527 3257 1582 οἷον
3308 1526 3442 1606 πρὸς
3499 1526 3560 1581 τὸ
3602 1544 3834 1599 πνευμαο

2182 1612 2490 1693 τικῶτερον,
2551 1616 2626 1677 ὡς
2687 1615 2895 1691 μίασμά
2953 1637 3003 1671 τι
3058 1614 3159 1682 τὴν
3230 1616 3455 1697 φυσικὴν
3510 1617 3608 1683 τῆς
3676 1612 3833 1691 γονῆς

2183 1703 2477 1777 νομίζουσιν
2548 1702 2763 1779 ἐκροήν.
2846 1706 2945 1763 Καὶ
3021 1705 3082 1762 οὗ
3138 1703 3298 1780 μόνον
3355 1703 3444 1761 ὅτε
3496 1703 3630 1781 μετά
3695 1722 3833 1763 τινος

2183 1794 2472 1871 φαντασίας
2512 1791 2709 1874 συμϐῇ,
2767 1792 2885 1850 ἀλλ’
2946 1793 3176 1861 ὁπηνίκα
3233 1794 3320 1850 καὶ
3383 1793 3667 1874 φαντασίας
3724 1810 3837 1870 χω-

2187 1882 2263 1961 ρίς
2298 1902 2312 1918 ο
2372 1883 2460 1941 καὶ
2489 1893 2736 1943 τοσοῦτον
2795 1887 2977 1947 αὐτοῖς
3032 1886 3061 1940 6
3121 1893 3275 1943 τοῦτο
3317 1884 3499 1940 παθὼν
3556 1880 3835 1958 μεμιάνθαι

442 1976 545 2060 qui
567 1973 629 2036 id
689 1989 900 2053 passus
945 1979 1080 2054 est;
1130 1981 1194 2033 ut
1245 1991 1365 2034 non
1431 1991 1568 2034 eum
1600 1973 1777 2035 modo
1802 1980 2108 2060 arceanta

2197 1973 2515 2053 νενόμισθαι,
2560 1974 2634 2037 ὡς
2663 1973 2740 2049 μὴ
2773 1973 2933 2049 μόνον
2964 1978 3064 2041 τῆς
3112 1979 3217 2029 τῶν
3260 1973 3607 2051 ἁγιασμάτων
3646 1968 3838 2060 εἴργειν

442 2054 983 2131 sanctiﬁcationum
1011 2089 1036 2120 v
1078 2061 1558 2143 participatione,
1614 2062 1721 2125 sed
1767 2062 1893 2144 jam
1924 2054 2108 2144 aliqui

441 2156 736 2238 attingere
762 2155 959 2238 ipsum
987 2156 1248 2218 divinam
1270 2187 1295 2218 ι
1315 2158 1638 2237 imaginem
1672 2157 2029 2238 prohibeant
2056 2166 2102 2219 ν.

441 2246 528 2311 Ita
581 2245 1028 2308 immunditiam
1078 2246 1375 2326 judicant,
1455 2246 1790 2309 naturalem
1856 2245 2106 2309 seminis

442 2334 873 2399 excretiouem.
905 2333 1340 2416 Disputandum
1370 2353 1510 2398 vero
1543 2355 1677 2398 cum
1707 2336 1826 2411 his,
1857 2335 2103 2398 demon-

442 2424 899 2506 strandumque,
932 2424 1093 2486 hunc
1131 2424 1406 2487 affectum
1430 2444 1625 2508 neque
1641 2445 1881 2508 semper
1902 2424 2102 2487 incul—

442 2520 646 2595 patum
698 2531 853 2590 esse,
888 2529 1087 2594 neque
1148 2513 1520 2593 indistincte,
1559 2517 1661 2596 qui
1714 2534 1850 2577 eum
1900 2533 2110 2597 passus

443 2601 965 2683 est,puniendum.
1017 2602 1170 2666 Illud
1202 2603 1363 2665 enim
1391 2604 1726 2667 exhortatio
1747 2642 1769 2672 ι
1794 2604 1865 2666 ad
1898 2602 2109 2666 libidi-

444 2709 585 2754 nem
614 2709 628 2754 :
665 2691 962 2770 reliquum
991 2699 1211 2768 autem,
1256 2693 1363 2755 vim
1421 2695 1769 2776 praeparatio
1791 2694 1863 2756 ad
1889 2694 2106 2775 despe-

443 2780 760 2844 rationem.
795 2780 858 2845 Si
890 2783 1053 2843 enim
1096 2782 1199 2864 qui
1233 2802 1351 2844 non
1383 2802 1491 2845 sua
1520 2793 1731 2865 sponte
1763 2783 2111 2847 necessitati

444 2878 672 2933 naturae
724 2869 1050 2951 subjectus,
1110 2879 1171 2933 et
1200 2870 1331 2934 sine
1366 2874 1707 2954 perturbata
1736 2899 1767 2931 ει
1796 2872 2112 2936 affectione

446 2977 655 3041 passns
684 2959 1052 3021 excrementi
1083 2962 1480 3041 egestionem,
1511 2962 1861 3025 immundus
1874 2962 2111 3042 judica-

446 3059 567 3125 tur,
601 3057 660 3112 et
688 3068 758 3112 ex
786 3050 1087 3114 sententia
1118 3051 1487 3114 exactiorum
1524 3051 1835 3114 doctorum
1870 3051 2107 3133 repelli-

444 3148 607 3203 tura
659 3140 1130 3202 sanctiﬁcatione
1185 3161 1199 3200 :

449 3228 858 3311 desperaverit
925 3229 1201 3306 salutem,
1289 3229 1391 3311 qui
1441 3229 1712 3292 libidinis
1765 3230 1993 3312 impetu
2047 3231 2110 3292 in

449 3319 649 3384 simile
667 3319 871 3381 vitium
890 3318 1287 3401 inciderit,vel
1311 3329 1526 3400 sponte
1548 3321 1609 3382 in
1630 3321 2110 3384 commistionem

449 3408 750 3490 collapsus
768 3408 993 3471 fuerit?
1028 3406 1092 3472 Si
1134 3408 1336 3490 igitur,
1370 3408 1511 3471 boni
1541 3410 1673 3491 viri,
1715 3429 1787 3472 ex
1812 3429 2110 3474 canonum

449 3499 810 3580 ignorantia,
833 3499 960 3561 haec
996 3498 1166 3561 vobis
1188 3499 1511 3562 constituta
1534 3508 1592 3562 et
1614 3499 1904 3581 disposita
1924 3507 2063 3562 sunt
2095 3522 2108 3561 :

451 3588 696 3666 docere,
734 3596 791 3651 et
842 3587 1157 3651 ratiocinia
1184 3592 1211 3635 δ
1240 3588 1541 3671 accipere,
1609 3598 1668 3652 et
1697 3590 2115 3671 peccatoribus

451 3680 720 3760 irrogare
752 3696 983 3760 poenas,
1015 3677 1184 3741 vobis
1208 3698 1327 3740 non
1363 3679 1639 3742 convenit
1666 3698 1681 3743 :
1719 3681 2113 3761 quemadmo-

451 3769 592 3832 dum
626 3787 739 3831 nec
770 3768 1084 3847 medicari,
1141 3768 1290 3832 artis
1333 3769 1584 3832 medicae
1614 3769 1911 3851 imperito.
1948 3770 2115 3843 Quod

453 3860 504 3921 si
538 3857 826 3940 scientes,
862 3857 964 3919 ubi
997 3875 1260 3920 canones
1320 3858 1581 3938 genitale
1613 3860 1966 3940 proﬂuvium
2002 3880 2117 3942 pu-

452 3948 649 4025 niunt,
713 3954 772 4009 et
826 3945 928 4010 ubi
1009 3966 1128 4009 non
1188 3948 1467 4030 puniunt,
1536 3966 1640 4010 eos
1700 3956 1900 4011 tamen
1951 3949 2120 4013 velut

451 4037 788 4100 Platonicas
844 4036 1029 4117 leges,
1087 4036 1284 4100 sinitis
1334 4036 1581 4117 negligi,
1640 4056 1674 4099 a
1715 4037 1880 4099 vobis
1913 4045 2112 4100 autem

448 4126 599 4208 ipsis
621 4144 832 4208 pmnas
862 4125 1138 4207 irrogatis
1195 4125 1290 4201 iis,
1327 4126 1427 4207 qui
1471 4125 1638 4188 vobis
1663 4126 1921 4207 subjecti
1955 4135 2114 4201 sunt,

452 4222 511 4279 et
535 4214 974 4295 legislatoribus
1025 4214 1330 4277 contraria
1376 4215 1644 4291 sancitis,
1688 4214 2029 4298 divinisque
2059 4223 2120 4278 et

452 4303 640 4367 sacris
698 4302 971 4366 Patribus
1029 4302 1404 4365 adversantia
1456 4303 1700 4367 facitis:
1769 4323 1885 4366 non
1940 4305 2116 4366 modo

456 4394 796 4457 animarum
831 4391 1156 4455 curationis
1214 4392 1465 4474 privatio
1511 4392 1684 4455 vobis
1734 4393 2119 4474 irrogabitur,

2189 2062 2347 2118 αὐτὸν
2405 2061 2782 2142 μεταλήψεως,
2842 2062 2961 2120 ἀλλ’
3016 2060 3120 2131 ἤδη
3174 2062 3313 2126 τινὲς
3379 2064 3466 2120 καὶ
3522 2058 3840 2141 προσψαύειν

2188 2151 2344 2207 αὐτὸν
2427 2149 2623 2217 εἰκόνος
2714 2152 2855 2216 θείας
2941 2151 3270 2232 ἀπείργουσι.
3367 2150 3518 2210 Οὕτω
3603 2149 3841 2227 κέκριται

2184 2243 2394 2307 τούτοις
2450 2244 2741 2325 ἀκαθαρσία
2796 2247 2831 2314 ἡ
2904 2246 3099 2327 φυσικὴ
3158 2255 3250 2305 τοῦ
3293 2244 3592 2323 σπέρματος
3663 2240 3838 2327 ’έκκριτ

2184 2354 2290 2396 σις.
2354 2331 2669 2391 Διαλεκτέον
2739 2332 2794 2391 δὲ
2865 2334 3096 2411 τούτοις,
3153 2336 3241 2391 καὶ
3284 2332 3539 2408 δεικτέον,
3572 2380 3573 2389 η
3605 2334 3677 2395 ὡς
3736 2323 3840 2385 οὔτ’

2189 2421 2269 2479 ἀεὶ
2323 2424 2384 2479 τὸ
2446 2424 2611 2485 πάθος
2667 2422 3010 2503 ένέγκλητον,
3069 2422 3183 2482 οὔτ⁹
3252 2422 3549 2504 ἀδιαφόρως
3610 2424 3638 2478 6
3693 2424 3841 2476 τοῦτο

2190 2513 2394 2584 παθὼν,
2446 2514 2546 2569 ὑπὸ
2590 2514 2922 2590 ἐπιτίμησιν.
2968 2515 3040 2573 T6
3100 2514 3197 2591 μὲν
3255 2515 3377 2594 γὰρ,
3439 2516 3514 2578 εἷς
3559 2509 3843 2585 ἐμπάθειαν

2192 2604 2465 2681 προτροπή
2501 2618 2514 2631 ’
2562 2604 2624 2659 τὸ
2654 2601 2708 2660 δέ
2757 2624 2818 2682 γε
2872 2601 3080 2679 λοιπὸν,
3141 2600 3554 2684 προοδοποίησις
3610 2596 3846 2677 ἀπογνώ-

2194 2711 2352 2755 σεως.
2402 2692 2461 2748 Εἰ
2491 2692 2590 2770 γὰρ
2634 2694 2662 2749 6
2733 2692 3094 2772 ἀπροαιρέτως
3143 2692 3350 2772 ἀνάγκη
3402 2690 3683 2754 δουλεύσας
3746 2688 3841 2753 τῆς

2195 2780 2422 2860 φύσεως,
2497 2782 2585 2837 καὶ
2654 2779 2934 2847 διαθέσεως
3032 2784 3201 2863 χωρὶς
3273 2780 3538 2859 ἐμπαθοῦς
3620 2776 3842 2837 ὑποστὰς

2193 2870 2596 2948 περιττώματος
2694 2869 2951 2951 ἔκκρισιν,
3037 2871 3326 2953 ἀκάθαρτος
3412 2871 3677 2952 κέκριται,
3763 2863 3844 2922 καὶ

2193 2966 2291 3028 τῆς
2343 2963 2633 3041 ἁγιστείας,
2680 2964 2816 3020 κατὰ
2870 2964 2992 3029 τοὺς
3063 2961 3343 3031 δοκοῦντας
3398 2961 3641 3045 ἀκριϐεῖς
3710 2953 3847 3014 ἐκϐέ-

2193 3048 2387 3118 ϐληται
2442 3057 2548 3108 τῶν
2609 3054 2958 3133 καθηγητῶν,
3015 3055 3043 3110 ὃ
3086 3054 3388 3133 περιπεσὼν
3440 3054 3498 3121 ἐξ
3567 3048 3842 3128 ἐμπαθείας

1262 3141 1567 3220 quomodo
1631 3130 1955 3222 propriam—
1990 3160 2109 3203 non

2197 3140 2361 3217 ὁμοίῳ
2428 3144 2725 3217 παθήματι,
2767 3130 2824 3211 *ἢ
2882 3144 2971 3200 καὶ
3027 3130 3218 3223 γνώμῃ
3273 3145 3405 3223 πρὸς
3450 3143 3590 3220 μίξιν
3644 3133 3843 3223 κατολι-

2195 3230 2417 3311 σθήσας,
2476 3236 2591 3297 πῶς
2653 3231 2749 3289 οὒκ
2819 3231 2882 3289 ἂν
2937 3232 3197 3312 ἀπογνοίη
3255 3222 3353 3300 τὴν
3422 3230 3691 3312 σωτηρίαν
3754 3222 3843 3312 τὴν

2196 3308 2434 3400 ἑαυτοῦ,
2483 3321 2541 3378 Εἰ
2586 3319 2684 3397 μὲν
2742 3320 2858 3401 οὖν,
2914 3308 3202 3402 βέλτιστοι,
3257 3321 3364 3379 τῶν
3404 3308 3643 3379 κανόνων
3673 3308 3847 3402 ἀγνοίᾳ

2194 3405 2341 3466 ταῦθ’
2410 3398 2538 3485 ὗμϊν
2610 3398 2961 3488 νομοθέτηταί
3028 3432 3084 3467 τε
3170 3398 3259 3468 καὶ
3336 3411 3708 3489 ᾠκοσόμηται,
3789 3398 3845 3453 τὸ

2198 3500 2572 3580 καθηγεῖσθαι,
2658 3503 2746 3558 καὶ
2829 3499 3077 3582 δέχεσθαι
3160 3499 3475 3580 λογισμοὺς,
3565 3519 3654 3556 και
3734 3498 3844 3548 τοῖς

2199 3586 2584 3666 σφαλλομένοις
2636 3590 2907 3671 ἐπιτιμᾷν,
2978 3592 3108 3667 ὑμῖν
3177 3594 3270 3651 οὒκ
3326 3589 3570 3649 ἐπέοικεν
3604 3603 3618 3618 ⁹
3679 3582 3845 3654 ὥσπερ

2199 3674 2306 3734 οὔδ’
2335 3678 2610 3758 ἰατρεύειν,
2642 3688 2718 3756 τῷ
2759 3685 2856 3748 τῆς
2901 3682 3140 3761 ἰατρικῆς
3200 3679 3403 3761 τέχνης
3434 3674 3835 3761 ἀνεπιστήμονι.

2202 3767 2260 3823 Ei
2303 3763 2358 3823 δὲ
2385 3768 2504 3832 τοὺς
2549 3771 2775 3834 κανόνας
2831 3760 3047 3851 εἰδότες,
3106 3772 3194 3827 καὶ
3415 3772 3624 3830 τούτοις
3669 3765 3703 3832 ἡ
3750 3760 3845 3822 τῆς
3873 3792 3894 3826 τ

2200 3861 2364 3934 γονῆς
2421 3856 2743 3916 κεκόλασται
2802 3859 3056 3940 ἔκκρισις,
3102 3861 3191 3917 καὶ
3244 3856 3354 3928 ὅπη
3417 3856 3795 3932 ἀνεπιτίμητος
3826 3886 3843 3940 ,τ

2200 3946 2356 4021 ὑμεῖς
2401 3947 2522 4011 τοὺς
2571 3948 2672 4024 μὲν
2714 3937 2910 4029 ἀργεῖν.
2960 3937 3103 4030 ἐᾶτε,
3149 3950 3285 4008 κατὰ
3337 3950 3457 4015 τοὺς
3520 3948 3709 4023 νόμους
3762 3937 3847 4030 τσδ

2201 4034 2509 4113 Πλάτωνος,
2574 4037 2666 4118 ἀφ’
2701 4040 2900 4095 ἑαυτῶν
2953 4036 2997 4094 δ’
3058 4029 3336 4114 ἐπιτιμᾶτε
3392 4052 3512 4107 τοῖς
3568 4031 3652 4115 ὑφ’
3697 4029 3850 4118 ὒμᾷς,

2199 4124 2288 4181 καὶ
2330 4115 2788 4203 ἀντινομοθετεῖτε
2830 4141 2949 4191 τοῖς
3005 4127 3335 4205 νομοθέταις,
3383 4130 3471 4186 καὶ
3529 4138 3648 4187 τοῗς
3702 4115 3850 4205 θείως

2202 4217 2435 4295 Πατράσι
2493 4220 2581 4276 καὶ
2637 4222 2801 4298 ἱεροῖς
2845 4217 3298 4277 ἀντιδιατάττεσθε
3333 4238 3347 4253 ⁸
3407 4219 3466 4277 οὗ
3538 4204 3848 4296 προστασίας

2202 4309 2394 4386 ψυχῶν
2476 4306 2739 4374 ἔκπτωσις
2829 4309 2989 4385 μόνον
3075 4310 3221 4384 ὑμῶν
3292 4303 3845 4391 καταψηφισθήσεξαι»

2206 4383 2344 4450 ἀλλᾶ
2371 4397 2460 4452 καὶ
2501 4410 2804 4461 κανονικοτς
2833 4383 3146 4474 ’ἐπιτιμίοις
3197 4383 3487 4455 ὑποπεσεῖν
3530 4383 3667 4471 ὗμᾶς
3728 4383 3846 4474 ἒπξ⁸

450 4500 660 4545 verum
692 4480 869 4544 etiam
932 4468 1244 4543 canonicis
1294 4481 1486 4562 poenis
1530 4468 1936 4564 subjiciendus
1987 4468 2109 4546 esse

2205 4484 2621 4567 ψηφισθήσεται,
2680 4488 2816 4545 κατὰ
2874 4488 2940 4543 τὰ
3021 4488 3139 4566 περὶ
3206 4488 3405 4545 τούτων
3476 4486 3591 4568 ἱερὰ
3672 4468 3848 4570 διατάῖ

450 4590 556 4636 vos
583 4571 966 4645 decernetur,
993 4571 1161 4652 juxta
1185 4589 1387 4633 sacras
1416 4571 1492 4634 de
1516 4572 1610 4633 his
1631 4571 2109 4635 constitutiones.

2203 4596 2404 4651 γματα,
2454 4577 2526 4633 Οὐ
2578 4577 2677 4655 γὰρ
2747 4575 2886 4633 ἔστιν
2944 4574 2999 4632 ἒν
3071 4577 3252 4640 αὗτοϊς
3311 4580 3645 4657 προσθεῖναι,
3716 4576 3853 4657 ξατα

450 4662 575 4727 Nec
633 4662 793 4727 enim
858 4660 1184 4743 quidquam
1238 4661 1313 4722 iis
1383 4660 1724 4724 addendum
1783 4670 1894 4738 est,
1949 4663 2117 4743 juxta

453 4750 713 4815 divinam
735 4751 1129 4833 Scripturam,
1191 4758 1249 4813 et
1295 4749 1493 4820 abiis
1538 4751 1903 4813 demendum
1938 4751 2110 4814 nihil.

455 4845 705 4923 Magnus
725 4848 924 4904 autem
940 4839 1158 4902 Paulus
1170 4840 1551 4902 anathemate
1565 4840 1742 4903 etiam
1765 4839 2125 4903 condemnat

453 4949 617 5009 eum,
673 4931 775 5014 qui
835 4937 1051 5012 praeter
1097 4929 1184 5007 id,
1222 4929 1380 5011 quod
1413 4929 1780 5012 accepimus,
1818 4930 2119 5010 evangeli—

454 5020 677 5083 zaverit
734 5018 1066 5102 quidpiam,
1133 5019 1311 5081 etiam
1368 5018 1419 5080 si
1478 5018 1726 5098 angelus
1787 5026 1967 5081 esset.
2005 5022 2126 5083 Vos

453 5115 684 5183 autem,
718 5108 989 5191 quamvis
1033 5107 1105 5170 ad
1144 5108 1378 5170 virtutis
1425 5107 1746 5170 videamini
1781 5110 2127 5189 pervenisse

454 5197 777 5278 fastigium,
837 5198 1014 5278 longe
1075 5195 1148 5259 ab
1200 5197 1474 5278 angelica
1504 5197 1814 5277 dignitate
1871 5197 2122 5264 distatis.

455 5286 623 5362 Quod
650 5287 699 5349 si
723 5287 968 5368 angelos
987 5286 1149 5352 aliud
1194 5287 1498 5369 quidpiam
1533 5288 1894 5351 inducentes
1914 5296 2129 5369 praeter

459 5395 553 5456 ea,
583 5395 717 5460 quae
739 5376 956 5440 tradita
974 5377 1167 5455 fuere,
1217 5378 1582 5441 anathemati
1602 5377 1861 5459 subjecit
1890 5377 2126 5443 divinus

458 5465 806 5550 Apostolus,
835 5465 1015 5537 nihil.
1041 5465 1326 5548 equidem
1355 5466 1715 5532 ominosum'
1738 5467 1934 5530 dicam
1971 5488 1986 5529 :
2022 5488 2125 5534 vos

2198 4664 2298 4750 ζεῆν
2327 4669 2467 4723 θείαν
2499 4667 2738 4747 Γραφὴν,
2769 4668 2858 4723 καὶ
2907 4663 3000 4723 ἀπ’
3053 4670 3223 4724 αὐτῶν
3280 4666 3372 4723 οὔκ
3414 4666 3558 4725 ἔστιν
3614 4651 3849 4750 ἀφελετγο

2202 4740 2261 4813 Ὀ
2307 4752 2362 4811 δὲ
2406 4754 2575 4833 μέγας
2642 4753 2848 4819 Παῦλος
2911 4755 2998 4812 καὶ
3067 4753 3358 4832 ἀναθέματι
3412 4750 3715 4831 κατακρίνει
3769 4752 3854 4840 τεν

2206 4843 2383 4933 ἕτερόν
2432 4867 2483 4902 τι
2537 4844 2662 4933 παρ’
2720 4843 2849 4933 ὅπερ
2893 4841 3154 4933 ἐλάϐομεθ
3213 4844 3712 4933 εὐαγγελιζόμενον).
3762 4842 3854 4933 κέν

2208 4922 2431 5014 ama...
2460 4934 2524 5011 ᾗ.
2573 4922 2757 5013 Ὑμεῖς
2912 4932 3009 4990 κᾶν
3040 4935 3112 4999 εις
3150 4935 3249 5002 τὴν
3309 4922 3407 5005 ἑῆς
3450 4935 3645 5016 ἀρετῆς
3690 4922 3859 5016 “Pi”

2210 5046 2353 5102 ρειαν
2406 5022 2723 5091 ἔληλακέναι
2781 5021 2995 5099 δοκῆτε,
3042 5022 3179 5080 ἀλλὰ
3233 5023 3370 5082 πολὺ
3418 5030 3517 5094 τῆς
3563 5016 3713 5102 ἀξίας,
3761 5019 3852 5067 τηε

2210 5099 2498 5192 ἀγγελικῆς
2576 5110 2904 5183 διεστήκατε.
2991 5113 3052 5171 Εἰ
3125 5111 3171 5168 δ’
3236 5113 3494 5194 ἀγγέλους
3566 5099 3749 5194 ἕτερόῖ
3810 5109 3857 5142 τι

2209 5203 2352 5272 παρὰ
2421 5204 2486 5259 τὰ
2565 5200 2814 5278 δεδομένα
2897 5202 3202 5280 εἰσάγοντας
3288 5204 3573 5281 ἀναθέματι
3657 5188 3859 5282 auo-91:-

2211 5289 2395 5348 έϐαλεν
2428 5294 2456 5348 ὁ
2484 5295 2626 5375 θεῖος
2674 5273 3036 5371 ίΛπόστολος,
3067 5290 3175 5369 ἐγὼ
3207 5292 3305 5369 μὲν
3335 5273 3482 5353 οὐδέν
3511 5282 3711 5372 φαῦλον
3733 5273 3858 5375 ipf),

2207 5383 2365 5457 ὑμεῖς
2407 5378 2453 5438 δ’
2484 5370 2596 5438 οἶδ’
2624 5380 2704 5437 ὅτι
2760 5380 2976 5457 συνίετε,
3004 5366 3124 5436 ⁷κᾶν
3180 5366 3336 5449 αὐτὸς
3390 5366 3673 5463 φείδωμαι·
3733 5366 3859 5463 :9."

2208 5453 2263 5529 δέ
2322 5472 2537 5529 κανόσιν
2607 5453 2972 5545 ἐναντιοῦσθε,
3020 5466 3316 5553 ἀδιαφόρως
3370 5453 3490 5540 toi);
3545 5453 3862 5539 ὄνειρασθέν·

1822 5644 2077 5712 νΑΡιΙιΕ
2121 5646 2574 5717 LECTIONES.

450 5789 480 5823 ι
546 5778 841 5844 nimium.
924 5786 1478 5845 sacramentorum.
1509 5813 1535 5847 ι
1582 5796 1844 5845 sacram.
1876 5808 1901 5851 γ
1959 5801 2152 5866 usque
2205 5787 2381 5851 adeo.
2414 5824 2437 5857 ι
2491 5787 2809 5853 excitatio.
2840 5793 2866 5826 ³
2919 5792 3053 5852 sine
3106 5787 3347 5852 υίιιοεα,
3374 5799 3402 5841 h
3454 5766 3871 5863 confessiones

441 5868 651 5952 eméipe
667 5885 736 5932 re
747 5917 763 5935 .
