4128 6420
294 385 451 451 1013

1627 382 2037 453 ϐΒᾸέΟΟ-ΒΟ
2046 383 2324 448 MANUM

3534 382 3691 447 1014

286 538 384 581 τας
464 520 573 573 τῶν
642 515 989 596 ἁγιασμάτων
1043 516 1383 598 ἀπείργοντες
1453 517 1543 591 (ἐῶ
1609 518 1709 598 γὰρ
1765 517 1940 597 λέγειν

2040 522 2245 592 intem,
2277 522 2369 579 sat
2396 515 2545 599 scio,
2595 516 2949 598 intelligitis,
2998 516 3139 582 licet
3192 536 3312 581 non
3348 518 3682 601 exprimam

290 607 381 664 καὶ
460 609 562 675 τῆς
633 611 738 663 τῶν
818 606 970 663 θείων
1052 605 1448 684 ἐκτυπωμάτων
1545 608 1947 688 προσψαύσεως)

293 697 466 754 αίηιῦν
525 700 631 753 τῶν
701 697 854 777 ἱερῶν
925 694 1164 751 κανόνων
1220 695 1663 777 προστιθεμένων,
1735 699 1781 754 οἱ
1851 696 1947 773 μὲν

294 782 490 850 εἰδότες
536 784 747 859 αὐτοὺς,
779 784 902 862 βοῦν
948 783 1034 840 ἐπὶ
1092 781 1337 862 γλώττης
1394 783 1629 861 θέμενοι,
1674 790 1828 841 τοῦτο
1882 780 1948 850 δὴ

296 874 360 928 τὸ
401 871 783 952 παροιμιῶδες,
816 874 1064 953 σιγήσετε
1100 893 1115 909 ⁸
1171 877 1219 929 οἱ
1287 871 1332 930 δ’
1403 874 1715 953 ἀγνοοῦντες
1780 875 1949 950 μαθή-

593 964 607 985 ἳ
696 963 717 996 λ
1130 970 1157 980 ~
1241 962 1255 978 θ
1504 963 1513 981 Ι
1804 962 1815 981 1

299 965 474 1025 σεσθε.
551 972 611 1022 Οι
666 960 720 1019 δε.
791 963 1030 1033 κανόνες,
1090 986 1196 1020 των
1238 985 1624 1043 εγκεκριμενων
1677 970 1948 1042 Πατερων,

298 1053 388 1108 καὶ
443 1054 529 1119 οὒς
584 1051 789 1110 σύνοδοι
860 1052 1238 1129 ἐπεκράτυναν,
1296 1052 1384 1130 ita}
1425 1052 1666 1130 βασιλεῖς
1720 1050 1951 1119 εὐσεϐεῖς

297 1140 444 1208 τάξιν
485 1141 662 1219 νόμων
718 1141 938 1223 ἐπέχειν
992 1120 1297 1205 έθέσπισαν.
1346 1120 1435 1200 Ἠ·
1466 1166 1524 1201 τε
1568 1143 1669 1224 γὰρ
1699 1145 1949 1219 οἰκουμέ-

299 1234 423 1303 νικὴ
447 1233 578 1302 ἕκτη
607 1233 846 1317 σύνοδος,
875 1237 910 1305 ἡ
960 1235 1014 1292 ἐν
1064 1241 1142 1311 τῷ
1184 1233 1431 1315 Τρούλλῳ
1484 1241 1591 1292 τῶν
1646 1234 1951 1315 ἀνακτόρων

301 1327 722 1404 συγκροτηθεῖσα
786 1325 1141 1403 ἀπαρίθμησιν
1197 1325 1303 1382 τῶν
1357 1337 1575 1405 κρατεῖν
1631 1323 1950 1406 ὀφειλόντων

301 1414 540 1471 κανόνων
610 1413 974 1491 ποιησαμένη,
1031 1415 1120 1471 καὶ
1173 1421 1278 1471 τῶν
1338 1414 1523 1478 αὐτοὺς
1580 1414 1948 1476 ἐκτεθεικότων

302 1502 452 1560 θείων
495 1503 583 1560 καὶ
626 1506 776 1584 ἱερῶν
822 1503 1091 1583 Πατέρων,
1139 1504 1273 1579 μετὰ
1322 1506 1427 1560 τῶν
1476 1502 1651 1562 ἄλλων
1699 1506 1787 1562 καὶ
1828 1506 1947 1571 τοὺς

302 1593 420 1671 περὶ
488 1592 585 1660 τῆς
673 1602 759 1652 νῦν
830 1591 1161 1669 ζητουμένης
1241 1593 1536 1659 ὑποθέσεως
1592 1592 1947 1674 ἐρωτηθέντας

302 1682 390 1737 καὶ
456 1680 907 1763 ἆποκριναμένους
972 1680 1299 1752 θεολήπτους
1370 1680 1554 1763 ἄνδρας
1610 1683 1901 1763 ἀπαριθμεῖ
1933 1702 1947 1716 '

298 1772 390 1827 τὸν
450 1771 617 1851 μέγαν
677 1770 882 1840 δηλαδὴ
954 1773 1043 1830 καὶ
1114 1772 1180 1828 τὰ
1226 1775 1347 1829 θεῖα
1402 1773 1563 1853 σοφὸν
1618 1770 1947 1850 Ἀθανάσιον,

298 1862 388 1918 καὶ
460 1861 753 1934 Διονύσιον,
815 1863 903 1942 καὶ
967 1861 1401 1942 Τιμόθεονλτῆς
1463 1861 1518 1917 ἐν
1590 1859 1952 1942 Ἀλεξανδρείᾳ

302 1951 791 2031 προστατεύσαντας
851 1939 1191 2019 Ἐκκλησίας.
1254 1940 1339 2008 υΗ
1394 1973 1451 2008 τε
1508 1954 1570 2009 τὸ
1611 1939 1849 2033 δεύτερον
1900 1952 1954 2009 ἒν

304 2041 496 2113 Νικαίᾳ
550 2043 981 2120 συναθροισθεῖσα
1058 2037 1268 2104 σύνοδος
1351 2042 1709 2117 οἶκουμενικὴ,
1771 2042 1953 2100 ἀσπα-

304 2128 431 2193 σίως
505 2130 627 2195 τοὺς
710 2129 876 2195 θείους
945 2129 1171 2192 κανόνας
1244 2130 1645 2210 ἰενστερνίζεσθαι
1701 2129 1949 2210 λέγουσα,

305 2218 427 2282 τοὺς
455 2215 502 2274 θ’
558 2219 658 2275 ὑπὸ
714 2225 821 2275 τῶν
861 2219 1012 2276 θείων
1061 2218 1367 2298 σαλπίγγων
1422 2226 1515 2277 τοῦ
1573 2220 1721 2300 ἁγίου
1784 2222 1953 2277 Πνεύ-

309 2328 502 2387 ματος,
548 2313 651 2364 τῶν
701 2309 876 2389 σοφῶν
918 2307 1228 2366 ἀποστόλων
1285 2309 1732 2390 συντεθειμένους,
1793 2312 1950 2392 φημὶ,

305 2398 395 2453 καὶ
463 2397 584 2461 τοὺς
623 2398 723 2454 ὑπὸ
766 2402 870 2454 τῶν
915 2396 968 2464 ἓξ
1027 2398 1320 2476 ἁγίων’καὶ
1376 2399 1751 2475 οἷκουμενικῶν
1828 2422 1956 2456 συν-

305 2483 468 2561 όδων,
497 2487 627 2567 πρὸς
655 2486 872 2550 ταύταις
900 2484 954 2543 δὲ
1011 2488 1099 2543 καὶ
1162 2493 1397 2544 τοπικῶν
1432 2508 1443 2519 ⁸
1504 2492 1847 2568 προστιθεῖσα
1902 2487 1957 2545 δὲ

304 2576 528 2633 καὶτῶν
556 2576 719 2655 ἁγίων
758 2575 1006 2655 Πατέρων
1046 2577 1203 2653 ἡμῶν
1260 2574 1334 2647 (ἐξ
1391 2577 1508 2643 ἑνὸς
1565 2578 1665 2659 γὰρ
1720 2578 1954 2643 ἅπαντες

301 2667 391 2723 καὶ
430 2665 525 2724 τοῦ
553 2666 711 2723 αὐτοῦ
767 2670 1063 2742 πνεύματος
1106 2665 1469 2746 αὖγασθέντες,
1530 2666 1725 2747 ὥρισαν
1784 2668 1947 2749 (φησὶΙ

303 2755 369 2811 τὰ
438 2754 819 2836 συμφέροντα),
902 2754 1088 2835 ἐπάγει
1123 2771 1137 2784 ·
1212 2758 1312 2813 Καὶ
1368 2757 1456 2820 οὓς
1512 2756 1610 2833 μὲν
1669 2756 1956 2832 ἀναθέματι

304 2844 738 2924 παραπέμπουσι,
806 2846 894 2901 καὶ
948 2846 1115 2920 ἡμεῖς
1173 2844 1617 2922 ἇναθεματίζομεν
1654 2865 1667 2879 ·
1758 2847 1844 2910 οὓς
1902 2844 1956 2902 δὲ

307 2933 623 3014 καθαιρέσει,
696 2936 786 2990 καὶ
839 2936 1005 3010 ἡμεῖς
1080 2934 1434 3015 καθαιροῦμεν
1469 2951 1482 2965 ⁸
1557 2936 1645 2992 καὶ
1709 2936 1799 2999 οὓς
1880 2943 1957 3012 τῷ

311 3021 590 3102 ἀπορισμῴ
619 3042 635 3060 ο
686 3025 774 3079 καὶ
815 3025 979 3100 ἡμεῖς
1023 3023 1337 3105 ἀφορίζομεν
1371 3039 1385 3053 ·
1446 3026 1534 3089 οὓς
1577 3022 1633 3081 δὲ
1674 3023 1955 3101 ἐπιτιμίοις

313 3108 670 3191 παραδιδόασι,
720 3114 808 3170 καὶ
834 3114 1000 3189 ἡμεῖς
1028 3113 1282 3176 ὡσαύτως
1310 3110 1702 3191 ὒποόάλλομεν,

2030 602 2199 676 Quod
2231 611 2429 667 autem
2465 606 2793 669 canonibus
2822 607 3241 685 adversamini,
3294 627 3430 671 cum
3461 609 3677 691 imagi-

2030 700 2203 755 natos
2254 712 2289 755 a
2328 695 2903 760 sanctiﬁcationibns
2932 730 2955 761 c
3012 697 3434 761 indifferenter
3464 700 3684 763 arcetis

2032 780 2223 870 (mitto
2258 782 2417 844 enim
2453 791 2511 845 et
2540 783 2874 847 divinarum
2929 785 3258 865 eiﬁgierum
3290 790 3685 870 contactum),

2032 869 2179 951 ipsis
2211 870 2400 934 sacris
2451 872 2781 936 canonibus
2811 875 3083 955 adjectis,
3111 876 3211 957 qui
3242 877 3488 957 quidem
3521 869 3693 942 scitis

2032 958 2216 1041 ipsos,
2240 959 2452 1022 bovem
2474 961 2537 1023 in
2567 961 2768 1042 lingua
2792 972 3107 1044 ponentes,
3141 973 3207 1027 nt
3239 973 3328 1028 est
3358 968 3416 1027 in
3449 986 3694 1048 prover-

2032 1048 2152 1123 bio,
2183 1048 2491 1112 tacebitis:
2514 1052 2831 1132 qniautem
2853 1054 3161 1138 ignoratis,
3193 1055 3459 1119 discetis.
3494 1061 3687 1121 Cano-

2033 1155 2141 1199 nes
2166 1145 2385 1228 autem,
2426 1147 2564 1201 sunt
2609 1140 2981 1205 delectorum
3013 1150 3039 1192 τι
3100 1147 3360 1221 Patrum,
3424 1155 3480 1208 et
3536 1166 3687 1228 quos

2033 1225 2243 1306 synodi
2300 1227 2682 1305 roborarunt,
2746 1232 2945 1314 piique
3030 1238 3427 1315 imperatores
3489 1225 3684 1315 legum

2030 1316 2219 1376 vicem
2252 1315 2523 1381 obtinere
2538 1320 2940 1385 sancivernnt.
2967 1324 3144 1386 Sexta
3166 1344 3285 1386 non
3317 1325 3693 1389 mcumenica

2031 1405 2290 1485 synodus
2320 1405 2381 1469 in
2411 1408 2617 1471 Trullo
2649 1410 2850 1491 palatii
2891 1421 3113 1487 coacta,
3175 1414 3690 1477 enumerationem

2029 1494 2253 1556 faciens
2273 1513 2593 1579 canonum,
2613 1498 2713 1580 qui
2731 1499 3001 1564 obtinere
3012 1502 3259 1581 debent,
3277 1512 3335 1566 et
3351 1504 3687 1567 divinorum

2030 1600 2455 1675 sacrorumque
2515 1586 2775 1665 Patrum,
2829 1590 2931 1672 qui
2990 1611 3094 1653 eos
3151 1592 3493 1675 ediderunt,
3556 1613 3690 1656 cum

2036 1670 2171 1734 aliis
2200 1691 2304 1734 eos
2335 1674 2513 1737 etiam
2548 1678 2810 1741 Numine
2849 1670 3086 1743 afﬂatos
3143 1682 3348 1746 Patres
3378 1670 3690 1747 enumerat

2035 1760 2140 1842 qui
2170 1760 2244 1823 de
2272 1766 2548 1843 praesenti
2578 1769 2906 1849 quiestione
2939 1771 3311 1852 interrogati,
3346 1772 3686 1854 responde-

1976 1847 2013 1896 Β
2038 1857 2173 1943 runt
2199 1871 2214 1911 :
2276 1871 2555 1943 magnum
2588 1847 2886 1940 uidelicet,
2922 1868 2980 1922 et
3009 1860 3070 1923 in
3102 1847 3319 1924 diuinis
3351 1847 3681 1943 sapientem

2037 1937 2447 2034 athanasium,
2483 1951 2543 2005 et
2594 1937 2962 2028 Dionysium,
3014 1958 3072 2011 et
3131 1937 3532 2027 Timotheum,
3589 1952 3695 2034 qui

2036 2027 2454 2093 Alexandrina;
2471 2027 2831 2113 praefuerunt
2846 2036 3147 2103 Ecclesim.
3164 2040 3233 2101 Et
3245 2027 3697 2103 secundaNicaa-

2038 2134 2115 2177 na
2125 2118 2382 2198 synodus
2398 2124 3695 2205 generalis,libenterdivinoscanonesdicens

2036 2206 2615 2301 amplectendos,eos
2629 2215 2777 2294 quia
2796 2216 3011 2279 divinis
3029 2218 3217 2281 sancti
3231 2218 3696 2301 Spiritnsbucci-

2038 2294 2155 2368 nis,
2174 2296 2563 2390 sapientibus,
2582 2302 2849 2385 inquam,
2866 2308 3153 2387 apostolis
3178 2294 3493 2389 compositi
3527 2319 3690 2390 sunt,

2036 2386 2507 2479 etquiasanctis
2531 2400 2590 2452 et
2633 2386 3022 2459 oecumenicis
3066 2386 3365 2478 synodis‘,
3403 2386 3695 2479 praeterea

2039 2474 2215 2537 etiam
2241 2495 2273 2538 a
2298 2479 2761 2557 provincialibus
2786 2505 2797 2543 :
2837 2485 3064 2548 addens
3085 2474 3306 2563 autem,
3334 2474 3456 2549 εἷο
3477 2487 3698 2549 sanctis

2040 2564 2314 2627 Patribus
2346 2569 2566 2631 nostris
2594 2573 2695 2652 (ex
2730 2592 2847 2635 uno
2909 2574 3068 2637 enim
3128 2596 3340 2640 omnes
3370 2576 3694 2640 illuminati

2039 2653 2286 2744 §piritu,
2322 2655 2704 2737 deﬁnierunt,
2731 2662 2944 2744 inquit,
2971 2666 3421 2743 conducibilia),
3452 2668 3652 2730 subdit
3678 2691 3692 2728 :

2039 2742 2115 2804 Et
2169 2762 2316 2824 quos
2375 2749 2736 2813 anathemati
2792 2742 3037 2834 quidem
3096 2742 3528 2833 transmittunt,
3588 2776 3697 2819 nos

2040 2850 2278 2914 quoque
2307 2838 2881 2927 anathematizamus
2908 2865 2920 2901 :
2983 2863 3133 2925 quos
3163 2864 3305 2907 vero
3336 2846 3697 2927 depositioni

2040 2937 2148 2981 nos
2174 2941 2413 3016 quoque
2442 2925 2802 3009 deponimus
2829 2952 2841 2994 :
2894 2951 3042 3014 quos
3064 2946 3263 2996 autem
3298 2925 3697 3016 segregationi

2039 3027 2148 3071 nos
2170 3010 2375 3073 itidem
2400 3032 2812 3098 segregamus:
2831 3010 2981 3102 quos
3001 3031 3201 3086 autem
3228 3010 3691 3105 pcenaatradunt,

2039 3115 2162 3190 nos
2190 3117 2424 3182 quoque
2453 3105 2732 3170 similiter
2762 3108 3136 3190 subjicimns.

391 3186 597 3260 Τούτων
646 3202 819 3261 τοίνυν
864 3208 971 3259 τῶν
1019 3203 1121 3259 ὑπὸ
1176 3203 1283 3259 τῶν
1324 3203 1488 3281 ἁγίων
1531 3200 1757 3261 συνόδων
1827 3206 1955 3285 πρὸς

2065 3275 2104 3286 η
2123 3186 2269 3286 Cum
2301 3190 2484 3286 ibitur
2513 3195 2576 3257 hi
2606 3197 2852 3260 numine
2873 3186 3058 3262 afﬂati
3082 3202 3193 3263 viri
3211 3222 3245 3265 a
3269 3208 3491 3267 sanctis
3511 3223 3696 3286 syno-

308 3302 425 3356 τοῖς
483 3289 697 3355 λοιποῖς
755 3290 1098 3372 ἐγκριθέντων
1142 3291 1453 3364 θεολήπτων
1497 3291 1719 3373 ἀνδρῶν,
1781 3296 1809 3351 6
1864 3296 1962 3371 μὲν

311 3378 515 3445 κλεινὸς
573 3381 841 3446 Διονύσιος
905 3380 960 3437 ἐν
1020 3388 1089 3459 τῇ
1149 3384 1281 3461 πρὸς
1341 3381 1651 3451 Βασιλείδην
1708 3382 1964 3463 ἐπιστολῂ

306 3470 460 3527 ταυτὶ
487 3467 840 3531 διατάττεται.
895 3473 956 3529 Οἱ
1007 3471 1061 3528 ἐν
1115 3472 1448 3554 ἁπροαιρέτῳ
1488 3480 1762 3553 νυκτερινῇ
1821 3474 1963 3553 ῥύσει

306 3560 606 3640 γενόμενοι,
667 3565 743 3634 τῷ
801 3560 978 3636 οἰκείῳ
1038 3561 1290 3619 συνειδότι
1346 3561 1897 3621 κατακολουθείτωσαν
1943 3582 1960 3600 ⁸

310 3649 398 3706 καὶ
426 3649 661 3717 ἑαυτοὺς,
721 3647 834 3705 εἴτε
886 3647 1256 3730 διακρίνονται,
1331 3650 1448 3708 εἴτε
1498 3652 1599 3732 μὴ,
1666 3653 1961 3709 σκοπείτω-

312 3760 432 3797 σαν.
490 3729 584 3802 Ὠς
640 3740 668 3795 6
724 3738 811 3796 ἐπὶ
864 3740 971 3796 τῶν
1010 3729 1345 3820 βρωμάτων,
1425 3731 1482 3798 Ὀ
1542 3729 1958 3820 διακρινόμενος,

309 3830 490 3909 φησὶν,
524 3827 616 3884 ἐὰν
647 3828 815 3910 φάγῇ,
895 3829 1285 3909 κατακέκριται.
1342 3830 1441 3887 Καὶ
1496 3829 1550 3885 ἐν
1605 3830 1808 3894 τούτοις
1867 3830 1959 3886 εὖ·

311 3916 608 3986 πνείδητος
667 3916 805 3975 ἔστω
852 3919 940 3975 καὶ
1011 3916 1460 3998 ἆπαῤῥησίαστος,
1516 3919 1653 3976 κατὰ
1706 3920 1767 3975 τὸ
1828 3916 1962 3975 ἴδιον

312 4006 573 4084 ἐνθύμιον,
604 4014 708 4073 πᾶς
743 4010 771 4065 6
804 4009 1035 4088 προσιὼν
1071 4015 1149 4083 τῷ
1195 4013 1331 4083 Θεῷ.
1382 3999 1441 4067 Ὀ
1497 4006 1552 4064 δέ
1609 4031 1669 4088 γε
1714 4009 1961 4089 θεοφόρος

313 4099 562 4175 Τιμόθεος
620 4100 751 4180 πρὸς
819 4101 910 4156 τὸν
980 4098 1346 4179 ἐρωτήσαντα,
1432 4101 1476 4157 εἰ
1548 4103 1576 4157 ὁ
1649 4100 1962 4178 ὁνειρασθεὶς

313 4187 507 4268 ὀφείλει
536 4188 882 4268 κοινωνῆσαι,
934 4188 970 4256 ἢ
1019 4188 1098 4260 οὔ,
1155 4189 1407 4257 τοιαύτην
1465 4189 1742 4269 ἀπόκρισιν
1796 4186 1961 4246 δέδω-

309 4299 398 4334 κεν
432 4281 448 4308 ‘
497 4279 555 4336 Εἰ
584 4278 682 4353 μὲν
712 4277 983 4335 ὑπόκειται
1029 4276 1275 4354 ἐπιθυμίᾳ
1327 4280 1597 4358 γυναικὸς,
1660 4284 1753 4339 οὐκ
1813 4280 1963 4360 ὀφεί-

2047 3275 2145 3377 dis
2171 3278 2548 3377 simnlcnm
2572 3286 2822 3377 reliquis
2867 3291 3179 3371 approbati
3240 3293 3378 3368 sint,
3440 3275 3696 3358 celebris

2047 3366 2289 3463 quidem
2311 3368 2625 3463 Dionysius
2647 3366 2835 3438 in—sua
2857 3366 2927 3440 ad
2944 3366 3269 3443 Basilidem
3292 3366 3543 3463 epistola
3571 3386 3699 3449 haec

2048 3456 2375 3524 constituit.
2410 3459 2521 3534 Qui
2551 3462 2613 3524 in
2665 3484 2785 3527 non
2822 3468 3154 3531 voluntario
3213 3456 3505 3534 nociurno
3536 3474 3699 3537 ﬂuxu

2046 3543 2237 3623 fuere,
2254 3551 2556 3638 pmpriam
2576 3553 3012 3638 subsequantur
3030 3561 3481 3624 conscientiam:
3504 3563 3699 3625 etsei-

2010 3700 2013 3703 λ
2050 3636 2923 3730 ρεοεεὶνοᾷἱεεθῐηειιιι,ἐὶνε
2946 3666 3089 3730 non,
3114 3649 3474 3713 intueantur.
3510 3653 3586 3715 Ut
3618 3652 3693 3729 is,

2049 3724 2150 3818 qui
2175 3724 2249 3786 de
2267 3726 2810 3801 cibis,l)iscernens
2826 3749 2856 3792 ε
2879 3724 3095 3818 (inquit
3114 3738 3163 3799 si
3182 3740 3534 3813 comederit,
3557 3724 3696 3803 con;

2045 3813 2361 3908 demnatus
2384 3829 2491 3883 est.
2518 3821 2589 3884 Et
2607 3822 2670 3885 in
2687 3823 2781 3885 his
2805 3813 2959 3889 bona
2979 3813 3264 3908 przeditus
3302 3829 3691 3907 conscientia,

2046 3921 2157 3966 nec
2196 3994 2207 3997 _
2242 3905 2604 3973 obtrectator
2684 3912 2745 3975 iu
2831 3905 3074 3997 propria
3130 3917 3487 3997 cogitatione
3543 3905 3694 3995 esto,

2046 3994 2242 4054 omnis
2272 3996 2376 4078 qui
2402 3998 2589 4063 Deum
2619 3994 2872 4066 accedit.
2938 3994 3146 4068 Divino
3203 3994 3699 4075 autentnumine

2046 4082 2372 4179 inspiratus
2401 4088 2751 4179 Timotheus
2778 4093 2852 4155 ad
2882 4113 3044 4171 eum,
3077 4095 3179 4177 qui
3226 4096 3561 4179 quaesierat,
3622 4116 3700 4161 an

2047 4175 2147 4253 qui
2199 4175 2535 4242 libidinosis
2595 4182 2932 4247 stimulatus
2993 4175 3391 4249 est—somniis
3451 4187 3701 4252 deberet

2048 4267 2514 4358 communicare,
2551 4289 2764 4344 necne,
2821 4275 2940 4337 tale
2987 4294 3340 4358 responsum
3388 4276 3575 4343 dedit.
3637 4278 3702 4341 Si

310 4364 391 4423 λει
423 4382 437 4396 ·
495 4370 539 4424 εἱ
588 4352 644 4423 δὲ
675 4369 703 4424 6
747 4374 988 4430 Σατανᾶς
1044 4352 1276 4449 πειράζει
1320 4352 1499 4449 αὐτὸν,
1561 4368 1655 4425 ’ίνα
1713 4366 1797 4427 διᾶ
1857 4352 1955 4436 ’τῆς

2048 4352 2291 4457 quidem
2310 4358 2890 4457 m_nlierisdesidcrio
2906 4352 3211 4446 subjectus
3225 4376 3313 4430 est
3351 4385 3472 4428 non
3494 4366 3695 4457 debet.

314 4457 626 4537 προφάσεως
697 4456 896 4524 ταύτης
957 4442 1306 4538 ἀλλοτριῶται
1362 4460 1466 4515 τῶν
1486 4442 1497 4449 ’
1534 4458 1685 4515 θείων
1754 4481 1955 4533 μνστη-

2048 4442 2294 4538 Quodsi
2324 4449 2592 4538 __Satanas
2624 4469 2758 4512 eum
2817 4442 3032 4535 tentat,
3077 4475 3154 4517 ne
3183 4456 3291 4519 bac
3322 4456 3637 4520 occasione
3666 4475 3702 4518 a

313 4543 462 4626 ρίων,
492 4545 689 4628 ὀφείλει
741 4551 1087 4627 κοινωνῆσαι,
1149 4547 1263 4603 ἐπεὶ
1311 4549 1373 4604 οὒ
1426 4549 1680 4604 παύσεται
1739 4549 1768 4604 6
1822 4546 1965 4613 ἐπη-

314 4635 534 4713 ρεάζων,
556 4632 689 4701 ,κατ’
719 4633 925 4693 ἐκεῖνον
953 4637 1045 4693 τὸν
1100 4638 1303 4716 καιρὸν,
1357 4634 1445 4693 ὅτε
1475 4635 1670 4717 ὀφείλει
1699 4636 1963 4705 κοινωνῆ-

316 4748 427 4804 σαι,
456 4723 817 4802 ἐπιτιθέμενος
848 4728 1012 4801 αὐτῷ.

397 4808 455 4874 Ὀ
513 4813 567 4872 δὲ
640 4814 809 4893 μέγας
877 4817 966 4872 καὶ
1035 4816 1170 4896 ἱερὸς
1218 4812 1523 4881 Ἀθανάσιος
1581 4818 1711 4896 πρὸς
1770 4814 1963 4893 Ἀμοῦν

312 4904 637 4963 ἐπιστέλλων
666 4907 787 4985 περὶ
833 4906 1021 4963 τούτου
1065 4906 1379 4982 μονάζοντα,
1435 4904 1763 4986 πολύστιχον
1820 4905 1964 4963 ἔθετο

310 4994 412 5054 τὴν
481 4992 769 5066 ἐπιστολήν
805 5014 821 5031 ο
907 4995 973 5061 ἧς
1025 4996 1190 5072 ἡμεῖς
1260 5001 1365 5052 τῶν
1419 4994 1775 5075 καιριωτέρων
1833 4998 1965 5074 πρὸς

310 5084 410 5152 τὴν
491 5084 735 5141 ὑπόθεσιν
819 5082 1162 5164 μνησθέντες,
1254 5085 1568 5164 παρήσομεν
1647 5086 1713 5140 τὰ
1780 5083 1963 5146 λοιπά.

311 5175 453 5242 Φησὶ
508 5171 554 5231 δ’
613 5172 771 5236 οὕτω.
838 5174 1016 5230 Πάντα
1077 5173 1174 5249 μὲν
1231 5174 1431 5252 καθαρὰ
1507 5174 1626 5239 τοῖς
1684 5177 1960 5253 καθαροῖς,

314 5266 420 5319 τῶν
475 5260 530 5319 δὲ
585 5262 895 5342 ἆκαθᾷρτων
963 5264 1051 5320 καὶ
1128 5264 1163 5331 ἡ
1242 5260 1533 5329 συνείδησις
1603 5264 1739 5320 κατὰ
1793 5264 1964 5319 πάντα

309 5350 653 5428 μεμόλυνται.
730 5340 979 5430 ’ΞΑγαμαι
1036 5350 1092 5408 δὲ
1156 5350 1249 5409 τοῦ
1296 5348 1544 5408 διαϐάλοι)
1586 5354 1649 5409 τὸ
1704 5352 1960 5433 σόφισμα,

311 5437 496 5520 ὅτιπερ
551 5440 717 5521 φθορᾶ
769 5441 859 5498 καὶ
914 5438 1056 5517 λύμη
1137 5439 1419 5521 ὑπάρχων,
1480 5438 1771 5519 λογισμοὺς
1826 5440 1964 5497 ὕπο-

2047 4532 2267 4594 divinis
2286 4535 2589 4601 alienetur
2610 4532 3022 4618 sacramentis,
3038 4544 3692 4608 debetcommunicare:

2047 4623 2328 4703 quoniam
2364 4627 2758 4692 calumniator
2776 4650 2893 4692 non
2915 4632 3149 4694 desinet
3170 4634 3258 4695 illi
3289 4642 3522 4696 struere
3541 4633 3697 4696 insi-

2046 4711 2198 4789 dias,
2224 4734 2338 4795 quo
2357 4723 2626 4797 tempore
2656 4721 3216 4783 communicandum
3249 4724 3305 4787 ei
3335 4731 3448 4786 est.

2129 4805 2372 4884 Magnus
2402 4816 2599 4868 autem
2655 4815 2714 4869 et
2759 4828 2929 4872 sacer
2984 4812 3345 4874 Athanasius
3377 4813 3448 4875 ad
3480 4813 3700 4877 Amnm

2049 4895 2712 4984 monachumdehocscu
2731 4898 3165 4980 ibens,longam
3191 4901 3330 4963 fecit
3356 4902 3696 4984 epistolam,

2048 4982 2220 5061 cujus
2251 4997 2931 5075 noscommemorantes
2964 5009 3055 5066 ea,
3087 5009 3219 5072 quae
3249 4992 3321 5053 ad
3354 4982 3481 5054 rem
3515 4982 3699 5075 perti-

2047 5081 2214 5147 nent,
2270 5073 2498 5157 reliqua
2547 5080 3088 5154 lraatermittemus.
3149 5079 3248 5144 Sic
3307 5073 3531 5144 autem“
3564 5082 3696 5146 ait:

2046 5160 2263 5226 Omnia
2322 5164 2563 5245 quidem
2623 5167 2845 5229 munda
2901 5169 3189 5233 mundis:
3250 5170 3697 5237 immundorum

2044 5262 2246 5315 autem
2273 5256 2333 5315 et
2351 5253 2719 5318 conscientia
2742 5276 2848 5339 per
2890 5259 3090 5321 omnia
3129 5259 3354 5342 polluta
3373 5268 3483 5325 est.
3515 5260 3703 5326 Miror

2049 5351 2243 5405 autem
2269 5344 2663 5425 impostnram
2690 5346 2935 5423 diaboli,
2970 5348 3110 5430 quia
3129 5368 3263 5412 cum
3296 5351 3598 5433 corruptio
3624 5353 3702 5415 sit

2051 5443 2112 5500 et
2140 5432 2463 5516 pernicies,
2498 5436 2889 5516 cogitationes
2917 5446 3118 5500 tamen
3149 5438 3434 5522 suggerit,
3454 5432 3519 5504 ut
3538 5440 3700 5505 vide-

1642 5606 1901 5672 VABIIE
1930 5604 2368 5672 LECTIONES.

382 5738 407 5772 ο
438 5730 863 5795 sacramentis.
890 5740 918 5785 ει
942 5735 1346 5813 receptarum.
1377 5747 1402 5777 ε
1430 5736 1489 5796 et
1516 5729 1972 5795 universalibus
1993 5747 2104 5794 sex
2131 5746 2266 5808 syn.
2300 5736 2321 5780 ί
2346 5746 2430 5793 an
2460 5727 2805 5812 ambigunt,
2835 5749 3052 5797 necne.
3085 5745 3116 5790 ε
3141 5733 3525 5818 Ambiguens.
