4128 6420
432 393 585 458 1015

1791 393 1823 455 J
1830 391 1923 455 US
1969 388 2420 458 CANONIGUM

3659 392 3812 467 1016

427 532 548 601 tur,
577 525 921 589 munditiei.
978 523 1045 587 Id
1100 543 1243 588 vero
1304 524 1462 607 quod
1513 527 1597 600 tit,
1632 523 1867 587 insidiae
1896 525 2082 604 magis

2171 523 2376 599 ϐάλλει,
2409 532 2484 603 τῷ
2512 526 2712 601 δοκεῖν,
2777 527 3160 609 καθαρότητος.
3224 514 3387 610 ’Ἐστι
3443 525 3499 584 δὲ
3559 527 3622 586 τὸ
3663 532 3808 610 γινό-

427 621 591 694 sunt,
625 633 805 696 quam
839 615 1220 678 examinatio.
1252 613 1330 678 Ut
1376 614 1536 677 enim
1594 614 1823 676 athetas
1877 621 2083 676 avocet

426 723 461 766 a
496 712 782 767 consueta
813 710 871 766 et
922 703 1167 766 salutari
1224 702 1671 779 exercitatione,
1731 711 1791 765 et
1843 702 2083 765 vincere

425 793 718 870 videatur,
755 793 981 875 pariter
1011 793 1151 856 talia
1178 793 1455 875 quaedam
1500 793 1717 855 excitat
1744 792 2077 874 bombycia.

427 883 581 957 Quid
601 883 789 965 enim,
814 883 935 965 dic,
960 885 1179 959 amice,
1206 883 1432 964 peccati
1452 881 1653 957 habet,
1686 889 1786 944 aut
1814 881 2081 942 immun-

427 971 619 1050 ditiei,
652 972 939 1035 naturalis
966 972 1166 1054 aliqua
1223 971 1484 1035 excretio
1514 971 1545 1032 ?
1603 970 1852 1053 perinde
1909 988 1978 1033 ac
2034 971 2084 1032 si

427 1062 562 1142 quis
618 1062 799 1125 vellet
846 1062 908 1124 in
967 1061 1197 1124 crimen
1249 1055 1705 1124 verti'mucum
1756 1077 1863 1141 per
1912 1076 2085 1122 nares

427 1152 736 1226 emissum,
774 1159 834 1214 et
861 1152 982 1214 oris
1037 1160 1298 1233 stupum,
1359 1152 1475 1212 hoc
1537 1148 1814 1230 amplius,
1862 1146 2082 1209 ventris

428 1247 839 1304 excrementa.
872 1240 1041 1314 Quod
1069 1241 1120 1303 si
1150 1240 1255 1303 Dei
1290 1257 1572 1302 manuum
1603 1257 1754 1318 opus
1783 1255 1915 1299 esse
1945 1255 2083 1299 cre-

428 1328 630 1391 dimus
640 1330 975 1408 hominem,
986 1330 1158 1410 juxta
1174 1329 1404 1391 divinas
1417 1326 2083 1409 Scripturas,quomodo

427 1419 623 1500 potuit
646 1419 925 1481 amunda
965 1418 1235 1500 potentia
1268 1437 1419 1499 opus
1438 1417 1675 1498 aliquod
1706 1416 2084 1496 inquinatum

428 1507 601 1570 ﬁeri?
625 1507 764 1571 Etsi
792 1508 901 1571 Dei
923 1513 1241 1590 progenies
1273 1526 1505 1582 sumus,
1530 1506 1865 1568 secundum
1890 1504 2087 1566 divina

429 1597 835 1678 apostolorum
862 1603 1029 1676 Acta,
1064 1597 1215 1659 nihil
1272 1597 1564 1659 habemus
1619 1596 1682 1657 in
1738 1594 1912 1656 nobis
1938 1594 2086 1675 ipsis

429 1686 831 1751 immundum.
866 1686 1035 1750 Tunc
1067 1686 1227 1749 enim
1257 1686 1447 1750 solum
1481 1684 1823 1766 poiluimur,
1847 1682 2082 1764 quando

426 1775 856 1857 impiissimum
940 1775 1368 1839 committimus
1427 1783 1764 1857 peccatum.
1835 1772 2083 1846 Quando

427 1874 628 1928 autem
686 1866 973 1929 naturalis
1027 1866 1226 1946 aliqua
1282 1872 1499 1946 praeter
1583 1864 1945 1925 voluntatem
2021 1863 2146 1922 ﬁtB

430 1954 715 2032 excretio,
747 1962 893 2019 tunc
944 1964 1170 2018 naturae
1213 1953 1571 2016 necessitate
1601 1973 1734 2015 cum
1779 1950 1917 2013 aliis
1948 1960 2005 2013 et
2024 1949 2085 2012 id

433 2045 709 2126 patimur.
743 2043 814 2106 Et
837 2053 970 2124 post
988 2045 1103 2107 alia
1127 2064 1140 2108 :
1162 2044 1390 2108 Dixerit
1408 2052 1604 2105 autem
1637 2042 1769 2124 quis
1803 2040 2083 2123 probabi-

428 2134 602 2197 liter:
638 2132 935 2197 Naturalis
958 2134 1079 2197 ulla
1098 2133 1358 2196 excretio
1389 2152 1508 2195 non
1553 2131 1754 2194 subdit
1802 2150 1911 2193 nos
1937 2149 2046 2210 sup
2066 2164 2084 2175 -

429 2223 637 2305 plicio.
660 2223 734 2285 Et
755 2223 1008 2286 fortasse
1039 2224 1407 2285 medicorum
1456 2222 1561 2284 ﬂlii
1588 2240 1692 2302 pro
1722 2220 1817 2282 bis
1848 2239 2086 2282 causam

430 2311 654 2389 dicent,
678 2313 836 2394 quod
858 2312 1104 2375 animali
1120 2312 1271 2373 datae
1293 2311 1413 2373 sint
1429 2309 1788 2373 necessariae
1813 2309 2086 2390 quaedam

432 2402 566 2477 viai,
602 2420 709 2482 per
739 2420 884 2483 quas
931 2400 1364 2481 membrorum,
1420 2418 1551 2481 quae
1607 2399 1669 2461 in
1729 2417 2089 2479 unoquoque

430 2498 702 2553 nostrum
727 2490 1090 2565 coalescunt,
1138 2490 1443 2571 superﬂua
1472 2489 1803 2561 mittantur,
1830 2497 1895 2549 ut
1922 2487 2088 2569 capi-

432 2580 513 2641 tis
542 2588 946 2655 excrementa,
988 2579 1118 2660 pili,
1180 2590 1240 2641 et
1270 2597 1404 2660 qua;
1458 2596 1492 2641 e
1534 2578 1727 2659 capite
1782 2579 2094 2640 mittuntur

425 2687 681 2751 aquosa,
708 2670 767 2732 ét
796 2668 911 2731 alvi
941 2668 1373 2749 dejectiones:
1434 2668 1617 2748 igitur
1672 2678 1733 2730 et
1788 2676 2086 2729 meatuum

439 2758 821 2821 seminalium
853 2757 957 2820 illa
978 2757 1377 2839 superﬂuitas.
1406 2756 1574 2830 Quod
1603 2776 1742 2837 ergo
1765 2765 1853 2819 est
1881 2757 2088 2818 adver-

434 2866 538 2911 sus
592 2845 782 2929 Deum
840 2854 1174 2928 peccatum,
1207 2866 1343 2909 cum
1390 2845 1681 2909 Dominus
1710 2848 1842 2927 ipse
1872 2846 2089 2908 animal

437 2937 700 3014 ﬁnxerit,
759 2936 1089 3017 feceritque
1144 2937 1272 2999 haec
1324 2934 1595 2998 membra
1665 2936 1812 2998 tales
1868 2935 2091 2999 habere

437 3027 732 3092 decursus
761 3025 793 3089 ?

520 3206 642 3272 Sed
673 3207 805 3270 haec
863 3205 1283 3288 praedictorum
1331 3208 1569 3270 Patrum
1626 3211 1764 3266 sunt
1793 3191 2148 3268 instituta.C

433 3297 587 3371 Quid
641 3305 842 3360 autem
923 3313 1049 3373 vos,
1111 3314 1361 3358 summae
1444 3294 1720 3376 puritatis
1770 3294 1956 3357 exacti
2005 3296 2093 3374 (ut

432 3385 828 3456 arbitramini)
897 3384 1197 3462 custodes,
1249 3384 1354 3467 qui
1407 3384 1585 3446 etiam
1669 3382 2092 3464 imaginatione

433 3475 757 3538 libidinosa
784 3481 1086 3537 carentem
1119 3475 1341 3537 ﬂuxum
1376 3474 1617 3556 punitis,
1654 3481 1712 3534 et
1762 3474 2090 3535 naturalem

437 3564 758 3647 spermatis
789 3565 1220 3638 excretionem,
1253 3563 1661 3646 impuritatem
1694 3562 2040 3625 existimatis
2068 3560 2093 3625 ?

439 3672 670 3736 eosque
703 3654 805 3736 qui
834 3653 897 3715 id
930 3653 1250 3734 patiuntur,
1310 3652 1472 3715 nullo
1502 3652 1687 3714 animi
1719 3653 2094 3733 praecedente

434 3754 624 3821 motu,
645 3763 681 3806 a
704 3742 1271 3806 sanctiﬁcationibus
1298 3742 1657 3824 repellitiss‘
1704 3741 1735 3803 ‘I
1766 3750 1826 3804 et
1852 3742 2092 3803 interim

431 3853 556 3898 non
589 3832 949 3897 erubescitis
974 3851 1189 3913 magno
1223 3832 1550 3895 Athanasio
1608 3831 1909 3895 contraria
1964 3839 2092 3893 sta-

430 3931 672 3987 tuentes
738 3922 802 3985 in
880 3920 1161 4004 praesenti
1217 3921 1378 3984 enim
1436 3930 1689 3985 caeteros
1757 3928 2090 4003 praetereo),

431 4013 651 4095 iisque,
675 4030 810 4093 qua;
831 4011 937 4074 ille
957 4010 1215 4093 scripsit,
1237 4010 1536 4073 contraria
1564 4009 1896 4083 facientes?
1912 4010 2094 4090 Cujus

434 4119 747 4165 sermones
777 4108 836 4163 et
866 4100 1064 4180 magni
1093 4103 1324 4176 Patres,
1378 4101 1603 4181 quique
1661 4099 1735 4161 ad
1792 4118 2092 4161 summum

435 4198 681 4254 externa
725 4188 1057 4271 sapientiae,
1099 4195 1161 4251 et
1188 4189 1404 4251 divina;
1434 4195 1614 4270 atque
1644 4195 1884 4269 nostra,
1950 4207 2093 4269 pro-

2164 637 2323 691 μενον
2383 615 2562 696 ἐνέδρα
2620 616 2824 695 μᾶλλον
2877 607 2923 687 ἣν
2982 616 3285 694 δοκιμασία.
3350 607 3475 675 ειΙνα
3530 619 3629 700 γὰρ
3677 607 3805 679 Ἰάπ-

2163 705 2450 786 ασχολήσῃ
2507 708 2628 773 τοὺς
2672 707 2909 775 ἆσκητὰς
2965 714 3063 775 τῆς
3107 706 3283 784 ἐθίμου
3327 708 3415 764 καὶ
3445 707 3807 789 σωτηριώδους

2166 794 2419 877 μελέτης,
2476 798 2565 853 καὶ
2644 794 2766 877 δόξῃ
2843 810 3082 877 κρατεῖν,
3152 797 3288 853 κατὰ
3369 802 3524 853 τοῦτο
3604 801 3811 856 τοιαῦτά

2163 908 2281 942 τινα
2327 899 2468 943 κινεῖ
2521 885 2805 963 βομϐύκια.
2865 887 2925 946 Τί
2993 888 3092 966 γὰρ
3152 884 3289 966 (είπέ
3363 909 3479 968 μοι,
3540 886 3805 969 ἆγαπητὲ)

2165 973 2282 1059 ἔχει
2346 975 2639 1056 ἁμάρτημα
2709 976 2744 1045 ἢ
2802 977 3095 1056 ἀκάθαρτον
3137 977 3334 1057 φυσική
3389 998 3466 1041 νις
3524 975 3750 1058 ἔκκρισις
3791 999 3806 1059 ς

2169 1055 2259 1129 ιΩς
2316 1064 2368 1120 εἴ
2424 1087 2505 1127 τις
2557 1064 2721 1122 ἐθέλει
2782 1055 3048 1123 ποιεῖσθαι
3125 1055 3373 1144 ἔγκλημα
3446 1065 3534 1122 καὶ
3585 1055 3679 1131 τᾶς
3735 1055 3817 1123 διᾶ

2165 1154 2320 1233 ῥινῶν
2380 1153 2791 1231 ἐκπεμπομένοις
2861 1153 3046 1233 μύξας,
3121 1156 3208 1211 καὶ
3276 1155 3343 1211 τὰ
3402 1151 3488 1210 διὰ
3558 1155 3815 1231 στόματος

2166 1244 2473 1320 πτύσματα,
2521 1243 2595 1300 ἔτι
2664 1243 2720 1300 δὲ
2776 1246 2866 1302 καὶ
2916 1245 3012 1308 τὰς
3085 1243 3169 1300 διὰ
3238 1245 3463 1324 γαστρὸς
3539 1242 3815 1324 ἐκκρίσεις.

2170 1334 2228 1389 Εἰ
2257 1330 2312 1388 δὲ
2356 1334 2444 1389 καὶ
2486 1338 2591 1389 τῶν
2620 1341 2712 1389 τοῦ
2771 1340 2903 1390 Θεοῦ
2959 1334 3156 1413 χειρῶν
3202 1331 3351 1411 ἔργον
3382 1332 3526 1390 εἶναι
3568 1334 3817 1390 πιστεύο-

2169 1443 2266 1498 μεν
2334 1423 2423 1479 τὸν
2491 1421 2786 1501 ἄνθρωπον,
2859 1423 2997 1479 κατὰ
3064 1422 3160 1488 τὰς
3216 1422 3357 1487 θείας
3412 1423 3644 1502 Γραφὰς,
3706 1428 3817 1486 πῶς

2166 1509 2391 1571 ἠδύνατο
2471 1510 2532 1567 ἐκ
2601 1511 2831 1591 καθαρᾶς
2902 1510 3170 1588 δυνάμεως
3241 1510 3396 1592 ἔργον
3462 1533 3512 1568 τι
3583 1510 3816 1589 γενέσθαι

2168 1598 2616 1681 μεμολυσμένον,
2684 1602 2781 1659 Καὶ
2843 1603 2887 1658 εἰ
2943 1600 3093 1680 γένος
3148 1607 3246 1658 τοῦ
3296 1601 3428 1658 Θεοῦ
3481 1600 3814 1681 ὑπάρχομεν,

2166 1690 2302 1746 κατὰ
2370 1690 2465 1753 τὰς
2547 1691 2687 1754 θείας
2771 1691 2877 1748 τῶν
2948 1688 3262 1748 ἇιποστόλων
3346 1688 3591 1765 Πράξεις,
3677 1689 3818 1750 οὐδὲν

2168 1778 2367 1858 ἔχομεν
2449 1778 2504 1834 ἐν
2587 1780 2798 1843 ἑαυτοῖς
2881 1779 3194 1858 ἀκάθαρτον.
3282 1778 3414 1838 Τότε
3478 1781 3578 1859 γὰρ
3649 1779 3809 1855 μόνον

2168 1867 2565 1945 μεμολύσμεθα,
2638 1867 2728 1925 ὅτε
2782 1870 2881 1935 τὴν
2950 1867 3307 1936 ἀσεϐεστάτην
3379 1870 3639 1948 ἁμαρτίαν
3719 1869 3809 1948 ἐρ·-

2166 1958 2455 2037 γαζόμεθα.
2519 1950 2695 2017 ιὍταν
2737 1957 2791 2015 δὲ
2848 1959 3041 2040 φυσική
3097 1981 3179 2023 τις
3235 1956 3543 2029 ἀϐουλήτως
3588 1956 3814 2037 ἔκκρισις

2167 2050 2388 2127 γίνεται,
2418 2048 2539 2105 τότε
2569 2055 2637 2125 τῇ
2676 2053 2776 2116 τῆς
2824 2048 3027 2127 φύσεως
3067 2047 3274 2125 ἀνάγκῃ
3332 2047 3468 2123 μετὰ
3495 2054 3603 2104 τῶν
3648 2046 3819 2104 ἄλλων

2167 2139 2256 2195 καὶ
2283 2146 2436 2194 τοῦτο
2465 2138 2819 2213 ὑπομένομεν.
2878 2138 2973 2196 Καὶ
3018 2137 3153 2212 μετά
3204 2158 3322 2207 τινα
3354 2153 3370 2169 ⁸
3436 2137 3577 2204 Φαίη
3621 2134 3666 2194 δ’
3725 2134 3818 2192 ἄν·

2167 2247 2247 2289 τις
2292 2223 2547 2304 εὐλόγως.
2592 2227 2798 2297 Φυσική
2842 2247 2923 2290 τις
2968 2224 3204 2305 ’ἐκκρισις
3261 2227 3407 2300 ἡμᾶς
3453 2229 3512 2284 οὖ
3542 2226 3821 2305 παρίστησι

2170 2316 2301 2394 πρὸς
2357 2315 2612 2394 τιμωρίαν
2687 2316 2832 2396 τάχα
2915 2313 2970 2371 δὲ
3055 2316 3145 2372 καὶ
3201 2316 3393 2394 ἰατρῶν
3452 2313 3641 2379 παῖδες
3695 2314 3820 2393 ὑπὲρ

2171 2405 2370 2461 τούτων
2433 2403 2882 2484 ἀπολογήσονται,
2946 2402 3027 2461 ὅτι
3098 2409 3177 2478 τῷ
3232 2403 3353 2478 ζώῳ
3410 2401 3646 2462 δέδονταί
3688 2424 3819 2465 τινες

2171 2494 2458 2572 ἀναγκαῖσι
2487 2491 2727 2574 διέξοδοι,
2786 2495 2917 2574 πρὸς
2981 2495 3042 2550 τὸ
3084 2495 3329 2573 περιττὸν
3371 2497 3481 2549 τῶν
3526 2492 3579 2549 ὲν
3622 2493 3823 2564 ἑκάστῳ

2172 2583 2279 2642 τῶν
2331 2581 2384 2638 ἐν
2436 2583 2574 2658 ἡμῖν
2603 2583 2937 2663 τρεφομένων
2997 2581 3174 2659 μελῶν
3231 2580 3575 2658 ἀποπέμπειν
3608 2598 3623 2612 ⁸
3684 2584 3821 2653 οἷον,

2173 2672 2409 2752 κεφαλῆς
2453 2656 3111 2752 περιττωματα,¹τρίχες,
3173 2672 3261 2729 καὶ
3304 2694 3370 2728 τα
3414 2656 3536 2728 νάπὸ
3591 2667 3821 2750 κεφαλῆς

2171 2759 2408 2829 ὑδατώδη
2501 2763 2842 2842 πεμπόμενα,
2925 2763 3013 2819 καὶ
3097 2762 3322 2840 γαστρὸς
3407 2758 3819 2841 διαχωρήματα,

2176 2850 2274 2908 Καὶ
2300 2853 2472 2910 τοίνυν
2503 2856 2608 2908 τῶν
2639 2871 3016 2928 σπερματικων
3058 2852 3237 2929 πόρων
3280 2848 3465 2906 ἐκεῖνο
3495 2851 3820 2929 περίπτωμα.

2172 2939 2304 2995 Ποία
2331 2940 2501 2997 τοίνυν
2530 2939 2639 2997 ἐστὶ
2668 2941 2800 3017 πρὸς
2833 2941 2962 2997 Θεὸν
2993 2939 3247 3020 ἁμαρτία,
3281 2943 3437 2997 αὐτοῦ
3471 2941 3563 2996 τοῦ
3590 2936 3653 2996 π)
3665 2938 3824 2994 άσαν-

2170 3050 2263 3093 τος
2320 3030 2382 3085 τὸ
2424 3032 2563 3101 ζῶον
2604 3030 2897 3105 Δεσπότου,
2955 3031 3277 3099 ποιήσαντος
3341 3038 3510 3088 ταῦτα
3564 3029 3631 3085 τὰ
3682 3024 3814 3102 μέλη

2172 3118 2414 3183 τοιαύτας
2458 3119 2608 3200 ἔχειν
2638 3116 2895 3185 διεξόδους
2931 3138 2948 3198 ;

2253 3204 2420 3266 Ἀλλὰ
2493 3215 2656 3264 ταῦτα
2727 3208 2824 3283 μὲν
2902 3208 2969 3264 τὰ
3037 3212 3145 3264 τῶν
3216 3206 3485 3285 ῥηθέντων
3582 3202 3819 3282 Πατέρων

2171 3298 2630 3372 θεσμοθετήματα.
2720 3298 2779 3355 Τί
2838 3294 2883 3352 δ’
2951 3297 3132 3372 ὑμεῖς,
3219 3300 3264 3353 οἱ
3327 3301 3425 3364 τῆς
3514 3295 3817 3374 ἀκραιφνοῦς

2174 3385 2528 3464 καθαρότητος
2585 3384 2822 3464 ἀκριϐεῖς
2886 3384 2982 3467 (ὡς
3055 3384 3253 3464 οἴεσθε)
3328 3384 3587 3466 φύλακες,
3645 3385 3689 3439 oi
3742 3379 3825 3436 καὶ

2150 3474 2272 3541 ιτὴν
2342 3474 2670 3556 ἀφάνταστον
2729 3476 2870 3553 ῥύσιν
2928 3473 3265 3553 κολάζοντες,
3321 3476 3408 3532 καὶ
3469 3475 3566 3542 τὴν
3613 3468 3824 3551 φυσικὴν

2175 3570 2266 3620 τοῦ
2366 3564 2667 3643 σπέρματος
2767 3562 2998 3641 ἔκκρισιν
3090 3564 3408 3644 ἀκαθαρσίαν
3512 3564 3821 3640 νομίζοντες,

2175 3655 2263 3710 καὶ
2312 3654 2431 3719 τοὺς
2486 3660 2641 3710 τοῦτο
2699 3655 3032 3735 πάσχοντας,
3075 3654 3153 3729 μὴ
3210 3652 3672 3734 προϋποκειμένης
3723 3647 3820 3722 ἐμ·

2174 3745 2391 3807 παθείας
2447 3744 2613 3818 τινὸς,
2684 3751 2790 3800 τῶν
2864 3743 3211 3822 ἁγιασμάτων
3267 3743 3619 3822 ἀπάγοντες,
3692 3735 3823 3796 Εἶτα

2176 3834 2271 3890 οὒκ
2352 3832 2738 3911 ἐγκαλύπτεσθε
2820 3840 2898 3908 τῷ
2975 3830 3195 3911 μεγάλῳ
3250 3832 3550 3907 Ἀθανασίῳ
3604 3822 3821 3886 ἀντιδια-

2176 3921 2614 4001 ταττόμενοι(ὲῶ
2644 3923 2744 4002 γὰρ
2773 3922 2908 3978 κατὰ
2948 3944 3010 4000 γε
3056 3923 3119 3978 τὸ
3167 3923 3331 4001 παρὸν
3390 3923 3518 3987 τοὺς
3568 3915 3820 3985 λοιποὺς),

2175 4012 2263 4068 καὶ
2318 4016 2402 4077 οἷς
2454 4011 2658 4077 ἐκεῖνος
2719 4013 2949 4093 ἔγραψεν
3009 4011 3502 4094 ἀντιπράττοντεςς
3575 4010 3647 4068 Οὗ
3709 4002 3823 4094 τοὺς

2176 4098 2365 4179 λόγους
2427 4102 2515 4157 καὶ
2558 4103 2604 4158 οἱ
2661 4091 2890 4180 μεγάλοι
2950 4100 3178 4180 Πατέρες
3219 4102 3308 4157 καὶ
3363 4102 3436 4164 εἰς
3486 4091 3642 4181 ἄκρον
3696 4091 3820 4181 ὶληῇ

2176 4178 2396 4254 λακότες
2439 4194 2539 4257 τῆς
2583 4212 2640 4246 τε
2696 4178 2912 4271 θύραθεν
2957 4178 3164 4271 σοφίας,
3228 4191 3316 4247 καὶ
3384 4195 3488 4260 τῆς
3547 4178 3694 4271 θείας,
3734 4178 3821 4271 μὶ

432 4279 589 4341 vecti
620 4287 761 4340 sunt
787 4268 810 4339 ἱ
836 4278 1000 4341 orbis
1023 4287 1316 4343 terrarum
1360 4268 1678 4341 luminaria
1707 4286 1765 4341 et
1793 4268 2088 4352 doctores.

2176 4278 2462 4359 ἡμετέρας,
2495 4282 2541 4336 οἱ
2572 4285 2669 4347 τῆς
2731 4268 3046 4355 οἰκουμένης
3102 4279 3379 4360 φωστῆρες
3422 4302 3484 4336 τε
3541 4278 3628 4336 καὶ
3680 4268 3820 4360 διδά-

435 4369 499 4429 in
530 4366 750 4449 quibus
782 4377 986 4430 nostra
1014 4367 1274 4429 stabilita
1303 4367 1579 4443 estﬂdes,
1611 4387 1717 4449 pro
1739 4366 2088 4430 deﬁnitioni-

2180 4366 2389 4443 σκαλοι,
2434 4366 2520 4448 ὑφ’
2565 4372 2639 4425 ὧν
2683 4371 2718 4438 ἡ
2775 4368 2892 4427 καθ’
2953 4372 3096 4446 ἡμᾶς
3120 4359 3124 4360 ί
3132 4369 3446 4449 ἐστήρικται
3492 4369 3689 4443 πίστις,
3746 4359 3814 4415 ὡς

438 4438 567 4521 διιέ
583 4466 643 4520 et
672 4457 986 4520 sententiis
1016 4464 1400 4538 acceperunt.
1417 4438 1817 4519 Ovecdrdiam
1841 4466 2088 4519 vestram

2183 4455 2332 4538 ὅρους
2361 4460 2451 4515 καὶ
2480 4438 2766 4535 ’ἀξιώματα
2822 4438 3079 4539 ἥγηνται.
3132 4438 3190 4514 ’ξι
3221 4438 3319 4526 “cii:
3362 4461 3514 4535 ὑμῶν
3556 4438 3817 4539 ἀπονοίαςἶ

438 4548 533 4611 vel
562 4544 975 4621 stoliditatem,
1006 4554 1065 4608 et
1083 4521 1362 4609 utverius
1390 4546 1585 4608 dicam
1609 4544 1657 4621 δ,
1682 4546 2039 4628 imperitiam
2075 4546 2088 4606 !

2177 4521 2226 4616 ἢ.
2255 4554 2354 4615 τῆς
2397 4521 2734 4628 ἆὸελτηριίας,
2783 4521 2888 4606 καὶ.
2923 4521 3173 4625 αμαθίας,
3234 4521 3406 4606 εἰπεῖν
3465 4531 3820 4628 οἰκειότερον-Ξ

436 4635 643 4719 Neque
669 4634 1025 4716 intelligitis,
1053 4654 1185 4697 meo
1209 4635 1448 4717 quidem
1471 4635 1701 4715 judicio
1724 4625 1885 4712 i,'vos
1904 4636 2088 4716 judai-

2180 4635 2308 4695 Οἰοδὲ
2363 4638 2561 4695 συνίετε
2603 4625 2757 4695 κατά
2810 4662 2871 4718 γε
2934 4640 3032 4707 τὴν
3088 4639 3309 4717 γνώμην
3366 4639 3565 4705 ταύτην
3623 4625 3824 4690 ἰουδαΐ-

438 4745 597 4809 zare,
655 4733 715 4789 et
774 4728 1011 4788 Veteris
1062 4723 1431 4786 Testamenti
1482 4743 1772 4788 renovare
1803 4725 2088 4800 instituta,

2178 4733 2377 4799 ζοντες,
2426 4730 2515 4785 καὶ
2570 4730 2664 4793 τὰς
2709 4728 2803 4797 τῆς
2864 4727 3102 4792 Παλαιᾶς
3153 4728 3421 4799 Διαθήκης
3490 4725 3821 4809 ἂνανεοῦνῖες

436 4806 869 4900 (ιυωερτνοῑοι-
897 4823 1101 4877 noster
1132 4815 1310 4876 homo
1339 4815 1529 4877 factus
1554 4814 1758 4876 inania
1786 4814 2048 4877 reddidit
2073 4815 2088 4876 ἱ

2180 4815 2455 4898 διαταγὰς,
2534 4818 2701 4899 ἅσπερ
2780 4822 2807 4876 ὁ
2887 4819 3078 4899 Σωτὴρ
3148 4817 3557 4892 ἑνανθρωπιςσας
3628 4806 3825 4882 κατήρ⁴

430 4906 603 4990 Illius
626 4906 789 4969 enim
815 4907 914 4987 jus
935 4912 1045 4981 est,
1071 4904 1442 4967 seminiﬂuos
1472 4904 1814 4967 immundos
1835 4905 2088 4967 censeri.

2178 4927 2395 4989 γηκεν;
2456 4908 2696 4975 Ἐκείνης
2769 4911 2891 4989 γὰρ,
2966 4909 3086 4973 τοὺς
3153 4906 3458 4987 πονορῤυετς
3511 4900 3825 4976 ἀκαθάρτους

434 4994 555 5059 Vos
582 5005 807 5077 autem,
838 5004 903 5057 ut
934 4995 1170 5076 opinor,
1225 5013 1389 5071 eum,
1443 4993 1545 5075 qui
1607 5013 1743 5056 cum
1781 5012 1965 5058 uxore
1991 5013 2088 5057 sua

2178 4999 2477 5074 νομίζεσθαι
2509 4997 2735 5075 νόμιμον
2770 5015 2783 5028 '
2842 5000 2998 5076 ὑμετς
3056 4995 3102 5054 δ’
3161 4999 3320 5073 οἶμαι
3377 4998 3464 5055 καὶ
3520 4995 3611 5050 τὸν
3642 5003 3822 5077 συνευσ

437 5069 851 5160 concubuerit,
885 5069 1198 5165 postquam
1230 5069 1564 5146 surrexerit
1588 5101 1622 5145 e
1654 5082 1834 5159 lecto,
1857 5083 2088 5165 judica-

2178 5087 2428 5145 νασθέντα
2483 5093 2553 5164 τῇ
2608 5088 2793 5145 ἑαυτοῦ
2848 5069 3080 5168 γαμετῇ,
3164 5069 3264 5155 τῆς
3320 5088 3505 5154 κοίτης
3558 5069 3824 5168 ἐξανιστάῖ

437 5171 577 5234 bitis
597 5159 977 5236 immundum
994 5191 1007 5237 :
1025 5159 1139 5235 nec
1160 5173 1234 5236 ad
1259 5172 1592 5237 orationem
1616 5159 1966 5249 admitte'tis,
1986 5175 2088 5237 sed

2179 5198 2359 5257 μενον,
2422 5159 2649 5256 κρινεῖτε
2719 5159 3043 5257 ἀκάθαρτον,
3066 5159 3078 5168 ’
3106 5177 3194 5233 καὶ
3268 5178 3341 5241 είς
3399 5167 3707 5257 προσευχὴν
3736 5159 3828 5257 ὀξ)

439 5260 618 5324 etiam
650 5261 709 5326 ei
736 5262 934 5327 valvas
983 5262 1194 5343 templi
1248 5261 1595 5325 obstructis.
1660 5263 1786 5326 Nec
1823 5262 2088 5344 cogitatis

2177 5267 2526 5346 προσήσεσθε,
2576 5264 2743 5323 Ἀλλὰ
2794 5267 2891 5324 καὶ
2945 5268 3040 5331 τὰς
3098 5275 3191 5325 τοῦ
3258 5272 3384 5324 ναοῦ
3436 5266 3593 5344 θύρας
3661 5251 3823 5319 τούτῷ

1769 5429 2034 5498 VARIE
2077 5432 2407 5501 LECTION
2411 5433 2523 5498 ES.

515 5600 579 5658 ι*
611 5619 653 5667 a
680 5603 1110 5668 sacramentis.
1142 5615 1170 5660 ιι
1189 5603 1286 5668 vel
1313 5602 1725 5668 insulsitatem
1754 5611 1812 5667 et
1846 5603 2247 5689 imperitiam,
2278 5612 2347 5669 ut
2376 5607 2582 5671 verius
2609 5607 2835 5672 dicam.
2868 5613 2882 5658 ί
2910 5608 2979 5672 in
3007 5606 3120 5671 hac
3154 5606 3397 5688 quidem
3427 5599 3748 5672 sententia-
