4128 6426
343 409 494 474 101⁸7

1685 408 2144 477 GR/ECO-ROM
2151 413 2252 475 AN
2263 414 2394 475 UM.

3579 413 3736 480 1018

336 547 712 626 ἐπιζυγώσετε.
746 547 867 608 Οὐδ’
915 545 997 605 ὅτι
1054 548 1225 626 τίμιος
1278 552 1306 607 6
1361 549 1534 630 γάμος
1605 549 1842 628 ε’ίρηται,
1896 545 1996 603 λο-

2085 539 2334 627 dictum,
2371 545 2612 628 nuptias
2643 564 2776 610 esse
2823 546 3227 629 honorandas,
3259 554 3317 609 et
3364 545 3582 609 lectum
3614 545 3746 609 sine

341 640 570 718 γιετσθε,
601 637 690 693 καὶ
748 638 783 705 ἡ
843 637 996 704 κοίτη
1053 639 1304 713 ἀμίαντος
1352 653 1366 667 ⁸
1427 637 1548 696 ἀλλ’
1604 636 1684 694 ὅτι
1743 637 2003 693 κάνταῦθα

339 726 639 806 σπέρματος
684 726 871 806 ἐκροῆ,
921 727 1010 784 καὶ
1072 725 1279 802 μᾶλλον
1321 727 1414 784 σὺν
1459 725 1647 804 ἡδονῇ,
1706 723 2000 783 καταδικά-

343 837 461 872 σετε
529 818 619 874 τὸν
690 815 922 873 ἀναίτιον
971 835 984 848 ·
1045 815 1134 872 καὶ
1189 817 1282 873 τὸν
1343 817 1524 894 νεκροῦ
1590 815 2001 891 προσαψάμενον

340 907 435 963 οὐκ
481 907 741 976 ὀκνήσετε
824 905 1189 982 μεμιασμένον
1261 908 1610 985 ἡγήσασθαι·
1658 907 1747 962 καὶ
1831 906 1892 961 οὗ
1946 901 2000 958 ἐν

343 999 423 1070 τῴ
453 995 662 1068 σώματι
704 992 872 1074 λέπρα
944 993 1219 1069 ἐξήνθησε,
1281 1000 1380 1063 τῆς
1410 994 1618 1059 πόλεως
1688 991 1999 1064 ἐξωθήσετε,

343 1081 493 1141 Ἀλλ’
539 1085 595 1149 ὃς
628 1083 747 1160 μὲν,
780 1090 853 1141 ὦν
885 1085 1052 1160 οὗτοι,
1107 1085 1241 1141 κατὰ
1308 1085 1429 1150 τοὺς
1487 1084 1676 1148 ὕπνους
1731 1082 2000 1162 ἀποκρίνει

338 1173 526 1253 γονὴν,
561 1175 688 1250 ὑμῖν
719 1177 814 1233 οὐκ
837 1176 1038 1252 ἥγηται
1098 1175 1322 1254 καθαρός
1361 1194 1376 1210 ·
1435 1173 1484 1229 τί
1538 1171 1593 1230 δὲ
1662 1174 1779 1252 περὶ
1824 1171 1994 1252 ἐγρη-

344 1264 604 1343 γορότων,
671 1264 761 1320 καὶ
817 1263 961 1341 ῥύσιν
1043 1262 1409 1342 ὑφισταμένων
1492 1265 1677 1338 αὐτῆς,
1739 1264 1868 1339 ύμῖν
1923 1260 2002 1318 δέ-

344 1351 530 1410 δοκταί
583 1374 641 1409 τε
696 1351 786 1409 καὶ
843 1350 1221 1432 διατέτακται,
1275 1351 1479 1410 Πολλοτ
1561 1353 1660 1432 γὰρ
1730 1359 1884 1410 τοῦτο
1939 1354 2000 1408 τὸ

344 1443 510 1506 πάθος
543 1439 928 1518 ἐπισυμϐαϊνόν
998 1440 1162 1516 ἐστιν,
1301 1455 1419 1504 τοῖς
1463 1439 1634 1522 οὔροις
1677 1441 2000 1522 ἐφεπομὲνου

340 1541 436 1590 τοῦ
459 1530 784 1611 σπέρματος,
843 1530 879 1598 ἢ
938 1531 1100 1607 μόνου
1170 1531 1257 1589 καὶ
1325 1532 1634 1607 αὐτομάτως
1703 1531 1999 1612 ἐκρέοντος,

344 1623 404 1680 Εἰ
448 1622 543 1697 μὲν
575 1623 662 1678 καὶ
712 1622 925 1684 τούτους
981 1627 1085 1678 τῶν
1155 1624 1396 1701 καθαρῶν
1452 1621 1813 1701 ἀπροκρίνετε,
1882 1623 1999 1679 ἰου-

345 1709 554 1782 δαίζετε
611 1713 913 1791 προφανῶς.
970 1713 1124 1768 Οὗτοι
1195 1713 1294 1790 γὰρ
1350 1713 1438 1776 οὒς
1502 1709 1802 1791 γονοῤῥυεῖς
1857 1711 2000 1768 ὠνό-

347 1821 515 1878 μασεν
569 1803 597 1856 6
653 1805 875 1873 Μωσῆς,
923 1801 1010 1857 καὶ
1053 1800 1375 1880 ἀκαθάρτους
1461 1803 1761 1877 νομίζεσθαι
1819 1799 1999 1857 διετά-

345 1888 470 1955 ξατο
513 1889 601 1950 48.
667 1891 724 1947 Εἰ
780 1887 835 1946 δὲ
904 1889 1117 1954 τούτους
1174 1890 1470 1970 προσίεσθε,
1528 1891 1616 1947 καὶ
1675 1892 1735 1947 οὗ
1775 1891 2000 1966 μιαίνειν

344 1979 528 2043 αὐτοὺς
560 2002 658 2047 την
715 1977 944 2058 ἔκκρισιν
1009 1978 1205 2057 οἴεσθε,
1264 1981 1340 2042 τίς
1373 1982 1400 2036 6
1457 1979 1636 2059 λόγος,
1697 1977 1762 2035 δι’
1795 1980 1853 2035 ὃν
1882 1993 2000 2042 τοῖς

345 2069 446 2144 μὲν
505 2068 833 2147 ἀφάνταστον
905 2071 1127 2125 παθοῦσι
1187 2068 1331 2146 ῥύσιν
1390 2075 1554 2148 γονῆς
1609 2069 1726 2125 καθ’
1781 2066 1998 2142 ὕπνους,

344 2156 620 2235 ἀπείργετε
697 2158 796 2224 τὴν
877 2163 982 2212 τῶν
1055 2157 1397 2235 ἀγιασμάτων
1481 2157 1810 2233 μετάληψιν,
1883 2169 2002 2220 τοῖς

346 2245 394 2301 δ’
438 2245 492 2301 ἐν
546 2245 855 2328 ἐγρηγόρσει
928 2251 1084 2304 τοῦτο
1139 2249 1412 2327 παθοῦσιν,
1513 2247 1632 2303 ἐᾶτε
1690 2249 1752 2302 τὸ
1833 2247 1998 2311 πάθος

345 2335 778 2416 ἀνεπιτίμητον,
853 2338 950 2395 Καὶ
1008 2333 1169 2417 ἄμφω
1236 2337 1336 2416 γὰρ
1415 2336 1670 2415 ἐκκρίσεις
1749 2338 1845 2394 εἶσὶ
1900 2359 1997 2417 cpu-

345 2425 508 2504 σικαὶ,
583 2427 668 2483 καὶ
729 2422 890 2507 ἄμφω
943 2424 1298 2507 ἀπροαιρέτως
1389 2423 1786 2502 συμϐαίνουσαι.
1848 2417 2002 2484 Ἀλλ’

345 2517 390 2571 εἰ
420 2522 586 2572 ταῦτα
656 2518 872 2597 φήσειεν
930 2513 992 2570 ἄν
1047 2539 1127 2580 τις
1195 2517 1300 2574 τῶν
1360 2517 1806 2596 ἀνθρωπηθέντων
1881 2517 2000 2596 περὶ

344 2610 450 2663 τῶν
544 2606 890 2686 ἀφαντάστως
994 2605 1136 2684 ῥύσει
1235 2606 1626 2686 περιπεσόντων
1709 2610 1894 2684 γονῆς,
1950 2605 2000 2662 τί

2087 635 2318 696 macula
2353 653 2368 698 :
2408 635 2512 698 sed
2559 636 2701 718 quia
2746 648 2806 699 et
2858 637 2982 699 illic
3015 635 3260 699 seminis
3291 637 3506 717 ﬂuxus,
3532 635 3744 717 majori

2084 741 2218 784 cum
2253 725 2581 806 voluptatej
2614 725 3094 789 condemnabitis
3119 726 3459 802 insontem;
3491 734 3550 788 et
3579 744 3743 800 eum,

2084 813 2188 892 qui
2247 813 2500 877 cadaver
2573 816 2858 898 attigerit,
2919 836 3039 879 non
3105 816 3460 880 verebimini
3538 815 3742 878 dicere

2087 901 2403 983 pollutum.
2457 905 2530 966 Et
2554 907 2726 986 cujus
2780 908 2839 968 in
2871 925 3124 988 corpore
3182 907 3346 987 lepra
3393 904 3675 977 efﬂoruit,
3706 923 3740 967 e

2085 990 2326 1054 civitate
2381 993 2716 1075 expelletis.
2779 994 2999 1058 Verum
3059 994 3213 1074 agite
3273 993 3377 1076 qui
3427 997 3484 1056 in
3516 993 3742 1056 somnis

2090 1083 2355 1144 excernit
2409 1083 2664 1162 genitale
2695 1102 2926 1155 semen,
2960 1103 3095 1146 eum
3140 1103 3256 1146 non
3284 1082 3530 1145 creditis
3561 1101 3742 1144 mun-

2085 1168 2424 1242 dum?Quid
2455 1190 2591 1234 vero
2618 1173 2693 1234 de
2718 1172 2790 1234 iis
2823 1173 3076 1247 videtur,
3107 1183 3173 1236 et
3195 1173 3584 1235 constitutum
3619 1179 3736 1254 est,

2083 1257 2186 1338 qui
2234 1259 2580 1322 exsuscitati
2639 1261 2906 1342 ejusdem
2964 1263 3187 1324 ﬂuxum
3247 1260 3597 1343 patiuntur?
3629 1260 3742 1324 hoc

2083 1346 2243 1408 enim
2265 1347 2406 1410 vitio
2425 1349 2596 1411 multi
2620 1351 3017 1428 laborant,vel
3042 1371 3176 1414 cum
3201 1351 3432 1412 urinam
3463 1351 3740 1431 sequitur

2085 1455 2346 1519 sperma,
2409 1439 2496 1500 vel
2531 1459 2665 1501 cum
2713 1442 2906 1502 solum
2949 1450 3282 1524 sponteque
3331 1440 3480 1502 ﬂuit.
3513 1439 3659 1501 Nam
3691 1438 3742 1499 si

2086 1527 2195 1589 hos
2227 1545 2260 1588 a
2307 1529 2546 1591 mundis
2578 1531 2892 1611 separatis,
2921 1531 3238 1595 manifesto
3271 1530 3507 1592 Judmos
3538 1529 3739 1590 imita-

2085 1616 2232 1678 mini
2263 1635 2276 1677 :
2313 1616 2351 1677 ii
2384 1617 2544 1680 enim
2575 1639 2724 1700 quos
2755 1621 3126 1682 seminiﬂuos
3158 1619 3484 1682 nominavit
3513 1622 3730 1690 Moses,

2084 1715 2142 1768 et
2165 1706 2508 1769 immundos
2539 1709 2865 1772 existimari
2899 1711 3294 1772 constituunt.
3330 1708 3500 1781 Quod
3549 1709 3599 1770 si
3631 1710 3740 1771 hos

2083 1795 2416 1872 admittitis,
2482 1815 2593 1860 nec
2654 1799 2838 1879 pollui
2873 1818 2979 1880 per
3039 1799 3442 1862 excretionem
3487 1798 3737 1879 putatis;

2084 1904 2200 1966 qua
2224 1886 2454 1949 ratione
2486 1906 2613 1963 eos,
2661 1889 2763 1969 qni
2809 1889 3058 1951 seminis
3090 1891 3310 1951 ﬂuxum
3341 1888 3566 1969 absque
3596 1886 3738 1949 libi-

2084 1975 2298 2037 dinoso
2357 1984 2592 2056 spectro
2645 1979 2803 2058 passi
2853 1989 2992 2040 sunt
3044 1980 3104 2039 in
3157 1977 3407 2051 somnis,
3461 1976 3736 2038 arcetisa

2085 2063 2623 2128 sanctiﬁcationum
2657 2067 3045 2148 perceptione
3081 2089 3094 2130 :
3128 2067 3437 2146 vigilantes
3462 2073 3655 2128 autem
3689 2069 3736 2146 ι,

2085 2154 2185 2234 qui
2216 2154 2427 2216 eodem
2464 2164 2600 2218 sunt
2630 2157 2827 2218 aﬂecti
2883 2158 3051 2232 vitio,
3109 2167 3272 2219 extra
3321 2173 3554 2238 poenam
3609 2173 3742 2218 esse

2085 2243 2280 2304 sinitis
2300 2243 2330 2303 ‘?
2355 2245 2588 2306 Etenim
2634 2256 2881 2327 utraque
2936 2247 3196 2308 excretio
3225 2254 3316 2307 est
3345 2243 3652 2325 naturalis,
3686 2253 3745 2306 et

2085 2340 2334 2412 utraque
2369 2341 2583 2412 praeter
2615 2335 2974 2398 voluntatem
3012 2335 3250 2398 accidit.
3280 2333 3444 2407 Quod
3470 2334 3519 2394 si
3554 2335 3744 2395 homi-

2083 2438 2224 2482 num
2284 2423 2578 2504 quispiam
2636 2424 2762 2486 ὴωο
2809 2425 2884 2487 tle
2937 2424 3011 2487 iis
3059 2425 3300 2499 dixerit,
3361 2423 3464 2505 qui
3519 2423 3741 2505 absque

2082 2511 2314 2572 somnio
2351 2510 2673 2575 libidinoso
2704 2514 2765 2575 in
2818 2513 3070 2577 seminis
3101 2515 3322 2576 ﬂuxum
3350 2513 3689 2575 inciderunt
3723 2535 3736 2574 :

2083 2599 2226 2680 quid
2257 2601 2331 2663 de
2387 2601 2461 2662 iis
2514 2601 2769 2678 dixeris,
2810 2604 2911 2685 qui
2968 2603 3030 2665 in
3095 2603 3344 2665 somniis
3415 2602 3741 2664 tactionem

341 2693 390 2751 δ’
421 2693 483 2751 ἂν
516 2695 680 2774 εἴπῃς
732 2697 848 2772 περὶ
916 2697 1020 2751 τῶν
1077 2694 1479 2775 ὀνειρασθέντων
1523 2697 1610 2753 καὶ
1669 2696 1996 2776 φαντασθέν-

2087 2689 2358 2751 mulieris
2418 2689 2725 2770 imaginati
2797 2700 2958 2768 sunt,
3033 2701 3136 2754 aut
3187 2692 3349 2754 aliud
3409 2691 3744 2772 quidpiam,

342 2807 448 2842 των
477 2785 617 2866 ἁφὴν
663 2787 934 2866 γυναικὸς,
987 2786 1024 2853 ἢ
1081 2785 1256 2866 ἕτερόν
1326 2807 1376 2841 τι
1433 2784 1690 2866 διεγεῖρον
1749 2787 1849 2853 τὴν
1905 2786 1998 2843 πύ-

2085 2779 2380 2840 suscitans
2401 2780 2599 2842 carnis
2621 2781 3176 2856 inﬂammationem,
3213 2782 3301 2844 vel
3332 2782 3405 2843 ad
3431 2779 3748 2862 spermatis

345 2896 504 2949 ρωσιν
587 2881 686 2944 τῆς
729 2877 945 2955 σαρκὸς,
1003 2878 1090 2933 καὶ
1149 2875 1346 2955 μέχρις
1409 2874 1600 2955 ἐκροῆς
1657 2875 1998 2957 πεφθακύτων

2085 2867 2306 2930 ﬂuxum
2360 2887 2546 2950 usque
2605 2871 3056 2950 pervenerunt?
3086 2870 3236 2934 Num
3271 2869 3378 2933 tibi
3409 2888 3653 2952 prorsus
3683 2868 3746 2930 hi

346 2974 439 3024 τοῦ
489 2965 818 3047 σπέρματος;
880 2970 953 3025 03
1047 2965 1257 3028 πάντως
1345 2966 1484 3022 οὗτοί
1552 2988 1634 3022 σοι
1718 2965 1998 3041 μεμιάνθαι

2086 2957 2295 3038 polluti
2328 2977 2460 3020 esse
2516 2961 2973 3023 censebuntur?
3028 2959 3335 3043 Siquidem
3393 2960 3470 3036 is,
3501 2959 3604 3041 qui
3633 2959 3746 3020 hoc

350 3054 732 3136 κριθήσονταις
797 3059 856 3115 Εἰ
899 3057 998 3133 μὲν
1068 3058 1096 3112 6
1152 3057 1306 3112 τοῦτο
1360 3055 1568 3135 παθὼν,
1641 3056 1685 3112 ὦ
1743 3054 1996 3126 ἀντίθετε,

2087 3064 2296 3136 passus
2325 3056 2434 3122 est,
2455 3047 2792 3112 adversarie
2822 3100 2836 3124 ,
2866 3051 3302 3132 praecedentem
3339 3047 3542 3111 habuit
3570 3048 3747 3110 aﬂec-

346 3134 797 3222 προῦποκειμὲνην
841 3146 999 3226 εἶχεν
1043 3145 1360 3222 ἐμπάθεταν,
1414 3145 1513 3201 κὰν
1554 3134 1687 3208 ίτοῖς
1720 3143 1998 3222 λογισμοῖς

2090 3134 2333 3226 tionem,
2371 3136 2642 3201 libidinis
2698 3147 2757 3200 et
2812 3139 3271 3220 cogitationibus
3297 3137 3442 3200 aluit
3474 3137 3744 3199 mulieris

345 3231 620 3309 ἐπιθυμίαν
690 3233 871 3316 ἔτρεφε
941 3237 1213 3315 γυναικὸς,
1285 3235 1374 3290 καὶ

342 3321 427 3379 ἐπὶ
457 3331 596 3405 νοῦν,
630 3327 719 3382 καὶ
775 3326 941 3390 οὕτως
997 3328 1032 3394 ἡ
1104 3325 1361 3406 φαντασία
1413 3322 1530 3381 καθ’
1595 3324 1788 3388 ὕπνους
1857 3322 1997 3391 ἐπη-

345 3410 694 3486 κολούθησεν,
759 3412 866 3473 οὐδ’
898 3415 1055 3480 αύτὸς
1108 3420 1274 3493 κρινῶ
1313 3414 1403 3469 τὸν
1459 3420 1701 3469 τοιαῦτον
1746 3412 2000 3471 ἀναίτιον.

1475 3235 1671 3301 ταύτην
1756 3232 1998 3314 ἔστρεφεν

2087 3225 2665 3314 concupiscentiam,
2729 3247 2983 3310 eamque
3031 3229 3230 3291 animo
3262 3227 3532 3303 versavit,
3565 3235 3743 3308 atque

2093 3313 2170 3375 ita
2199 3313 2543 3394 imaginatio
2602 3317 2663 3378 in
2695 3319 2929 3380 somnio
2979 3317 3298 3380 subsecuta
3331 3326 3440 3393 est,
3475 3334 3588 3381 nec
3617 3315 3745 3398 ipse

2089 3404 2249 3465 hunc
2273 3403 2656 3468 innocentem
2683 3407 3051 3487 judicavero.
3091 3406 3222 3471 Sibi
3253 3407 3412 3469 enim
3443 3406 3570 3487 ipse
3601 3425 3747 3488 prte-

345 3503 510 3568 Αὐτὸς
538 3504 639 3584 γὰρ
697 3505 871 3580 ἑαυτῴ
944 3511 1034 3562 τοῦ
1083 3505 1280 3566 πάθους
1339 3501 1479 3558 ἐστὶν
1536 3501 1872 3577 αἰτιώτατος,
1923 3499 1998 3556 καῖ

2089 3495 2300 3575 cipuus
2330 3503 2419 3556 est
2446 3505 2651 3557 auctor
2673 3497 2839 3570 mali,
2879 3506 2936 3559 et
2958 3497 3301 3578 inquinatus
3324 3506 3434 3572 est,
3471 3515 3589 3558 non
3610 3513 3747 3560 t-or-

343 3593 666 3670 μεμόλυνται
752 3599 812 3655 οὔ
867 3597 929 3652 τὸ
986 3601 1168 3674 σῶμα,
1256 3590 1341 3648 διὰ
1425 3592 1522 3660 τὴν
1595 3590 1832 3670 ἔκκρισιν
1902 3590 2004 3657 τὴν

343 3686 712 3762 σπερματικήν
786 3683 869 3764 (οὗ
938 3685 1039 3763 γὰρ
1130 3681 1418 3758 ἀκαθαρσία
1491 3681 1634 3736 τουτὶ
1701 3681 1761 3734 τὸ
1815 3680 1999 3756 περίτ-

344 3772 550 3854 τωμα),
614 3772 753 3832 ἀλλα
821 3775 912 3830 τὸν
999 3772 1282 3850 λογισμὸν,
1341 3768 1426 3826 διὰ
1482 3769 1580 3836 τὴν
1623 3769 2001 3847 συγκατάθεσιν

348 3867 447 3931 τῆς
510 3861 786 3940 ἐπιθυμίας
841 3863 939 3932 τῆς
995 3866 1276 3942 σαρκικῆς.
1337 3861 1395 3916 Εἰ
1467 3857 1520 3914 δὲ
1589 3865 1826 3914 τοιοῦτον
1885 3855 2000 3914 οὔδε

346 3958 424 4026 τῷ
486 3953 585 4019 τὴν
649 3952 815 4030 γονὴν
875 3951 1213 4030 ἀποκρίναντι
1270 3946 1644 4027 προῦπέκειτο,
1717 3944 1836 4002 οὔτε
1892 3945 2000 4020 μὴν

343 4043 433 4098 τὸν
505 4040 761 4121 λογισμὸν
821 4042 980 4123 εἶχεν
1035 4038 1292 4116 ἐμπαθείᾳ
1363 4037 1584 4112 τοιαύτῃ
1671 4035 1972 4113 ἐγκείμενον

347 4132 656 4206 αὐτομάτως
699 4129 744 4187 δ’
778 4133 813 4200 ἡ
846 4131 1102 4212 φαντασία
1168 4127 1391 4202 ἐπῆλθε,
1435 4127 1524 4183 καὶ
1593 4127 1627 4193 ἡ
1685 4125 1777 4192 τῆς
1836 4130 1999 4204 γονῆς

2091 3602 2260 3662 pore,
2295 3590 2542 3664 prepter
2580 3587 2933 3648 seminalem
2967 3587 3370 3649 excretionem
3402 3589 3552 3665 (non
3583 3586 3743 3647 enim

2085 3671 2498 3734 immundities
2556 3682 2644 3735 est
2701 3675 3047 3755 bujusmodi
3103 3675 3600 3756 excrementum),
3638 3675 3743 3737 sed

2085 3761 2722 3844 cogitatione,propter
2733 3765 2988 3826 carnalis
3001 3763 3712 3826 desideriiassensionem
3728 3812 3742 3827 .

2085 3848 2252 3922 Quod
2279 3851 2336 3912 si
2368 3851 2428 3912 in
2483 3870 2576 3927 eo,
2630 3855 2732 3934 qui
2793 3853 3113 3934 genitalem
3146 3855 3365 3915 ﬂuxum
3401 3871 3607 3934 passus
3631 3861 3743 3928 est,

2085 3939 2233 4000 nihil
2265 3941 2378 4002 tale
2403 3943 2936 4024 praecessitmeque
2957 3943 3380 4023 cogitationem
3403 3942 3750 4024 bujusmodi

2087 4028 2347 4090 deditam
2408 4031 2714 4093 aﬂ'ectioni
2761 4031 3009 4107 habuit;
3065 4034 3167 4094 sed
3216 4032 3560 4112 imaginatio
3594 4033 3747 4093 ultro

2083 4117 2353 4193 incessit,
2380 4128 2438 4181 et
2459 4119 2709 4184 seminis
2731 4121 2930 4184 ﬂuxio.
2957 4123 3043 4183 vel
3077 4123 3260 4184 etiam
3286 4141 3358 4184 ex
3381 4121 3748 4204 impropcrio

342 4221 502 4299 ἐκροὴ
587 4221 623 4289 ἢ
691 4223 779 4278 καὶ
836 4208 889 4286 ἐξ
938 4220 1187 4298 ἐπηρείας
1259 4217 1547 4282 σατανικῆς
1631 4213 1998 4288 ἐπενήνεκται,

2086 4208 2349 4269 satanico
2387 4209 2585 4270 lillata
2617 4220 2728 4288 est,
2787 4212 3116 4274 secundant
3169 4211 3336 4273 divos
3364 4211 3590 4288 Patres,
3627 4211 3750 4273 ini-

343 4310 483 4367 κατᾶ
559 4311 680 4375 τοὺς
750 4311 916 4374 θείους
1007 4309 1265 4388 ΙΙατέρας,
1351 4312 1441 4363 τοῦ
1528 4303 1814 4380 δεσμενοῦς
1884 4317 1998 4368 τοῖς

2089 4298 2242 4358 mico
2264 4297 2501 4361 athletis
2526 4298 2851 4362 insidiante
2879 4319 2891 4360 :
2923 4319 3040 4364 non
3067 4301 3343 4363 imitabor
3379 4302 3437 4362 in
3466 4301 3557 4363 his
3589 4311 3747 4362 tuam

340 4400 605 4467 ἀσκηταϊς
676 4399 1029 4480 ἐνεδρεύοντος
1076 4416 1090 4431 ⁸
1180 4402 1240 4456 οὗ
1322 4394 1628 4480 μιμήσομαί
1731 4416 1822 4450 σου
1906 4395 1998 4462 την

2087 4385 2488 4480 irreligiosam
2525 4390 3060 4468 religionem.Caro
3093 4392 3250 4453 enim
3278 4391 3500 4480 polluta
3525 4411 3640 4452 non
3662 4398 3752 4454 est

341 4487 605 4557 ἀνευλαϐἦ
661 4491 780 4568 περὶ
862 4496 1030 4546 ταῦτα
1088 4485 1382 4547 εὐλάϐειαν,
1443 4474 1505 4540 Ἠ
1580 4481 1677 4558 μὲν
1739 4483 1839 4560 γὰρ
1880 4477 1998 4562 σὰρξ

2089 4476 2430 4538 excretione
2458 4479 2903 4543 seminis.Bona
2927 4481 3086 4542 enim
3113 4481 3308 4542 omnis
3324 4479 3741 4553 Deicreatvma,

343 4582 404 4637 οὗ
435 4565 743 4655 μεμίανται.
772 4586 841 4656 τῇ
899 4578 1124 4657 ἐκκρίσει
1195 4582 1286 4632 τοῦ
1343 4571 1670 4652 σπέρματος,
1751 4578 1861 4627 Πᾶν
1904 4572 1998 4650 γὰρ

2090 4575 2148 4628 ct
2181 4565 2414 4627 Christo
2448 4565 2640 4628 bonus
2661 4569 2809 4630 odor
2829 4588 3038 4632 sumus
3059 4569 3118 4632 in
3156 4570 3248 4644 iis,
3282 4569 3381 4650 qui
3414 4577 3745 4643 servantur,

341 4670 536 4746 κτίσμα
591 4672 729 4727 Θεοῦ
781 4669 974 4743 καλὸν,
1059 4670 1148 4725 καὶ
1198 4674 1408 4748 Χριστῴ
1489 4661 1674 4723 εὐωδία
1728 4662 1888 4737 ἐσμὲν
1952 4661 1998 4717 ἐν

2085 4657 2554 4748 juxtamagnum
2586 4658 2954 4738 Apostolum.
2984 4658 3149 4731 Quod
3202 4658 3252 4719 si
3276 4658 3450 4720 etiam
3475 4658 3751 4736 cogitatio

339 4771 458 4825 τοῖς
530 4759 875 4840 σωζομένοις,
934 4759 1071 4816 κατὰ
1141 4760 1234 4816 τὸν
1319 4755 1489 4834 μέγαν
1560 4751 1913 4811 ’Λπύστολον.
1950 4753 1998 4810 El

2093 4745 2397 4826 imaginati
2456 4748 2754 4809 somnium
2813 4748 3227 4824 libidinosum,
3275 4755 3438 4809 extra
3469 4747 3743 4829 concupi-

340 4846 396 4906 δὲ
451 4852 538 4906 καὶ
598 4853 626 4906 6
682 4848 942 4928 λογισμὸς
1043 4854 1138 4906 τοῦ
1228 4843 1644 4924 ὀνειρασθέντος,
1720 4840 1998 4918 ἐμπαθείας

2091 4836 2380 4928 scentiam
2414 4835 2544 4912 fuit,
2595 4837 2714 4898 erit
2743 4847 2800 4899 et
2832 4837 2936 4899 ille
2989 4838 3360 4928 impollutus.
3389 4836 3546 4928 Quid
3575 4836 3754 4928 igitur

339 4939 516 5020 ἐκτὸς,
562 4941 810 5003 κάκεῖνος
843 4939 1117 5015 ἀμίαντος.
1157 4937 1218 4996 Τί
1286 4937 1458 4993 τοίνυν
1530 4934 1590 4988 τὸ
1649 4934 1739 4988 τὸν
1796 4930 1998 5011 ἅνθρω-

2094 4923 2399 4987 hominem
2452 4944 2487 4986 a
2537 4934 2877 4988 sanctorum
2935 4939 2973 4966 ιιι
3031 4926 3195 4987 aditu
3245 4924 3492 4996 arcebit,
3556 4925 3604 4985 si
3641 4945 3750 4988 nec

339 5051 440 5085 πον
514 5027 764 5108 ἀπετρξον
821 5029 922 5097 τῆς
980 5029 1054 5091 εἷς
1111 5027 1177 5083 τὰ
1239 5027 1366 5104 ἅγια
1421 5021 1870 5102 προσελεύσεως;
1945 5025 1998 5079 Εἰ

2087 5013 2366 5095 cogitatio
2413 5013 2741 5078 libidinoso
2799 5015 3125 5097 desiderio,
3177 5035 3290 5077 nec
3341 5033 3478 5076 caro
3510 5023 3746 5080 excrcto

339 5116 480 5193 μήτε
551 5119 578 5172 6
648 5103 906 5195 λογισμὸς
965 5113 1016 5181 ἐξ
1072 5103 1336 5190 ἐμπαθοῦς
1393 5109 1695 5188 ἐπιθυμίας,
1771 5109 1910 5183 μήτε
1967 5111 1998 5176 ἡ

2089 5104 2319 5167 semine
2375 5122 2640 5185 aspersa,
2696 5104 3007 5183 inquinata
3061 5107 3196 5167 est?
3247 5103 3486 5168 Videris
3519 5105 3663 5168 mihi
3696 5105 3746 5166 si

336 5205 461 5284 σὰρξ
518 5205 855 5284 ῥαντισθεϊσα
912 5209 989 5280 τῷ
1060 5202 1349 5284 ἐκκριθέντι
1437 5198 1706 5279 σπέρματι
1776 5197 1998 5278 κέχραν.

2088 5196 2313 5256 ﬂuxum
2347 5191 2444 5255 hic
2502 5214 2730 5276 passus,
2791 5194 2851 5255 in
2904 5194 3328 5274 imaginatione
3385 5195 3553 5256 fuitn
3610 5195 3747 5258 lecti

330 5315 442 5358 ται,
536 5293 610 5350 Σύ
663 5317 755 5370 μοι
853 5292 1057 5367 δοκεῖς,
1157 5295 1201 5349 εἰ
1227 5294 1255 5349 6
1283 5292 1380 5360 τὴν
1425 5289 1568 5369 ῥύσιν
1641 5285 1822 5344 παθών
1855 5288 1998 5352 οὗτος

2090 5281 2361 5348 mulieris
2411 5283 2532 5346 viro
2611 5285 2967 5365 conjunctae,
3039 5285 3216 5348 etiam
3270 5284 3547 5349 adulterii
3605 5304 3744 5348 eum

1669 5463 1928 5531 VARIJE
1971 5461 2409 5566 LECTIONES.

411 5605 486 5658 ιθ
502 5606 626 5665 διετ
639 5605 849 5673 άξαντο.

404 5731 422 5786 1
496 5731 606 5813 qui
637 5730 882 5813 quidem
913 5732 1147 5812 majore
1172 5729 1241 5811 ﬁt
1265 5728 1593 5811 voluptate.
1621 5742 1648 5786 ιι
1679 5729 1790 5809 qui
1841 5722 2180 5804 vigilantes.
2217 5722 2230 5758 '
2263 5739 2345 5786 ea:
2377 5721 2706 5786 (curatione
2735 5725 3042 5787 satanz‘ca.
3078 5741 3120 5770 ιιι
3151 5738 3463 5786 sacrarum
3516 5736 3742 5786 rerum.

335 5834 364 5869 ιι
397 5821 756 5887 concubitus
785 5838 924 5886 cum
952 5821 1210 5887 muliere
1239 5821 1373 5884 viro
1401 5821 1756 5900 conjuncta.
