4128 6422
396 357 552 423 1019

1778 363 1909 425 JUS
1949 357 2398 426 CANONICUM

3636 367 3662 428 1
3674 365 3796 431 020

395 493 710 570 damnare,
747 503 806 558 et
859 494 1016 559 velut
1043 496 1310 559 adultero
1367 497 1596 560 homini
1629 516 1861 580 poenam
1887 497 2042 559 irro-

2142 500 2180 552 iv
2239 497 2496 576 φαντασίᾳ
2560 497 2775 577 γέγονεν
2836 500 2990 567 εὒνῆς
3051 503 3296 580 γυναικὸς
3370 502 3796 578 συνεζευγμένης

398 601 548 664 gare
580 606 594 646 :
621 585 751 648 etin
777 605 934 660 eum,
968 586 1071 668 qui
1121 587 1182 649 in
1207 587 1434 649 somnis
1457 587 1745 649 sibivisus
1766 588 2057 650 occidisse

402 675 770 756 quempiam,
799 676 1109 738 homicidii
1140 677 1494 739 sententiam
1519 681 1696 751 terre,
1720 685 1778 740 et
1798 676 2055 740 homici-

401 764 612 826 darum
649 764 840 846 pmuis
862 765 1184 847 subjicere,
1211 767 1304 828 vel
1329 766 1505 828 etiam
1546 766 1913 846 magistratui
1943 775 2056 828 trao

399 853 545 916 dere
572 854 961 934 puniendum.
997 857 1070 918 Et
1121 874 1383 938 rursum,
1423 874 1709 919 conversa
1733 856 2051 932 sententia,

399 942 670 1025 eum,qui
722 944 782 1005 in
831 943 1077 1006 somniis
1110 965 1214 1026 pro
1267 945 1487 1026 pietate
1519 945 1784 1021 certavit,
1818 965 2054 1008 connu-

403 1049 635 1092 merare
655 1032 1011 1113 martyribus
1039 1053 1053 1097 :
1099 1043 1157 1096 et
1187 1034 1290 1115 qui
1322 1034 1380 1094 in
1414 1033 1640 1095 somnis
1669 1053 2054 1114 congressum

402 1120 770 1202 impudicum
796 1122 1318 1201 effugit,coronare
1336 1131 1398 1186 ut
1421 1124 1847 1186 continentem.
1887 1124 2054 1198 Quod

400 1211 448 1271 si
481 1211 604 1272 hmo
635 1212 818 1274 decus
840 1231 956 1274 non
991 1223 1315 1286 merentur,
1348 1233 1458 1276 nec
1497 1214 1598 1276 illa
1621 1213 1899 1276 dedecus.
1939 1215 2058 1277 Aut

401 1299 563 1362 enim
598 1303 779 1363 a'tera
810 1319 946 1382 pars
997 1302 1214 1382 injuria
1246 1305 1560 1377 afﬁciatur,
1599 1304 1647 1365 si
1677 1312 1733 1365 et
1765 1305 2055 1385 optimum

400 1408 702 1471 apparens
728 1396 788 1454 et
811 1391 1286 1471 pessimum,non
1312 1401 1372 1454 ut
1399 1394 1697 1454 somnium
1725 1402 2055 1474 reputetur,

405 1489 465 1540 et
492 1486 556 1540 ut
587 1481 932 1560 phantasma
957 1491 1372 1544 contemnatur
1400 1504 1415 1558 ;
1447 1492 1544 1544 aut
1577 1483 1857 1546 similiter
1878 1484 2053 1544 etiam

400 1569 652 1631 alterum
708 1572 946 1652 quidem
1007 1582 1070 1633 ut
1123 1572 1343 1635 bonum
1395 1575 1742 1648 honoretur,
1800 1574 2054 1634 alterum

401 1667 596 1721 autem
651 1660 932 1740 puniatur
976 1670 1038 1726 ut
1099 1664 1338 1736 malum,
1375 1663 1508 1725 licet
1543 1663 1862 1745 utrobique
1887 1681 2054 1724 som-

402 1748 564 1810 nium
600 1750 798 1813 fuerit.

482 1929 612 1990 Non
646 1927 952 2009 inelegans
981 1939 1200 2006 autem,
1237 1951 1311 1996 ex
1345 1932 1592 1996 historia
1617 1933 1790 1995 etiam
1814 1933 2046 1996 afferre.

399 2018 658 2079 sermoni
690 2008 1132 2082 monumentum
1164 2023 1424 2102 aliquod.
1461 2022 1721 2084 Historia
1752 2024 1877 2084 hzec
1909 2030 1998 2083 est
2033 2039 2046 2081 :

2142 2014 2302 2090 ᾇοπήν
2359 2038 2494 2073 τινα.
2561 2008 2616 2074 (Ε
2688 2015 2734 2073 δ’
2794 2021 3037 2099 ἱστορία’

404 2107 654 2180 Quidam
713 2109 920 2170 insano
994 2130 1198 2173 amore
1284 2112 1663 2174 libidinosam
1743 2111 2054 2192 deperibat

403 2196 737 2258 mulierem.
778 2199 1039 2264 Mulieris
1069 2219 1285 2262 nomen
1317 2211 1442 2262 erat
1472 2201 1718 2282 Thonis,
1748 2220 1877 2282 quae
1894 2220 2051 2262 ama-

402 2293 589 2347 torem
622 2306 736 2348 non
772 2288 943 2350 facile
999 2289 1373 2352 admittebat.
1412 2289 1523 2352 Hic
1567 2301 1764 2352 autem
1798 2291 2054 2369 amplum

398 2375 454 2437 ei
510 2375 844 2439 mercedem
902 2397 966 2439 se
1023 2379 1295 2440 daturum
1361 2380 1678 2460 promisit:
1737 2398 1804 2440 ea
1857 2389 2056 2440 autem

401 2465 701 2526 dationem
737 2467 1175 2530 contemnebat.
1214 2470 1317 2531 Ille
1348 2488 1484 2530 vero
1519 2489 1720 2530 amore
1753 2470 2056 2542 incensus,

404 2573 622 2616 munus
671 2555 970 2633 augebat:
1029 2556 1129 2618 illa
1184 2576 1388 2620 rursus
1451 2559 1788 2620 mercedem
1852 2558 2058 2638 depri-

409 2662 577 2704 mcns
610 2658 655 2717 ο,
719 2645 1110 2708 nihilominus
1160 2648 1609 2727 aSpernabatur.
1663 2647 1807 2710 Cum
1860 2647 1918 2708 in
1971 2647 2062 2709 his

405 2740 704 2794 tereretur
736 2742 994 2816 tempus,
1023 2745 1251 2798 amator
1281 2737 1392 2797 sibi
1418 2738 1574 2799 visus
1607 2746 1693 2799 est
1728 2738 1785 2798 in
1815 2736 2062 2797 somniis

403 2823 690 2901 congredi
749 2843 886 2886 cum
948 2826 1219 2898 muliere,
1272 2828 1532 2908 indeque
1577 2827 1796 2889 ammis
1821 2829 2060 2888 ﬂamma

403 2912 694 2975 exstincta
750 2921 857 2975 est.
921 2915 1024 2976 Illa
1055 2936 1186 2978 cum
1220 2917 1278 2978 id
1311 2918 1671 2989 rescivisset,
1712 2916 2062 2995 promissam

407 3001 650 3080 petebat
705 3004 1067 3066 mercedem.
1127 3005 1311 3077 Quam
1359 3025 1491 3066 cum
1543 3007 1693 3067 alter
1724 3025 1838 3066 non
1871 3005 2061 3070 daret.

409 3092 818 3170 magistratum
876 3095 1039 3156 adiit.
1107 3097 1426 3158 Bocchoris
1487 3095 1925 3166 nominabatur,
1963 3092 2056 3175 qui

2148 3084 2343 3142 ἐκείνου
2399 3093 2620 3168 πατῆρχ
2623 3110 2699 3168 εν,
2780 3090 3080 3168 ὠνόμαστο,

403 3182 566 3260 genti
598 3182 683 3244 illi
718 3193 990 3264 praeerat.
1024 3185 1132 3259 Qui
1165 3190 1328 3266 prius
1347 3186 1678 3266 deperibat,
1714 3185 2055 3248 mercedem

405 3271 656 3347 negabat
687 3291 752 3335 se
785 3274 1031 3352 debere,
1072 3276 1209 3356 quia
1243 3295 1625 3355 congressum
1666 3275 1888 3337 amasia
1919 3284 2059 3335 tunc

399 3371 756 3424 recusasset.
795 3364 868 3425 At
927 3365 984 3425 in
1020 3365 1271 3426 somniis
1321 3365 1557 3446 (inquit)
1616 3366 1772 3428 visus
1827 3382 2058 3426 mecum

402 3451 708 3529 congredi,
745 3470 948 3514 amore
979 3455 1206 3515 desiisti
1245 3477 1256 3515 :
1294 3455 1474 3536 idque
1505 3457 1719 3517 factum
1752 3469 1866 3529 εει,
1899 3453 2058 3534 quod

401 3558 470 3599 ex
499 3558 636 3601 vero
688 3543 1061 3624 complexum
1116 3554 1464 3606 eventurum
1521 3545 1765 3607 fuisset:
1803 3544 2059 3624 ideoque

401 3646 467 3689 es
499 3631 794 3692 mercedis
844 3632 1097 3694 debitor.
1166 3635 1311 3697 Litis
1342 3635 1791 3710 autemfarbiter
1823 3634 2060 3696 mulieri

404 3723 753 3797 promissam
793 3723 1088 3785 mercedis
1148 3725 1392 3786 nomine
1421 3725 1548 3787 auri
1581 3725 1966 3805 quantitatem
1999 3725 2059 3784 in

407 3809 666 3870 medium
699 3811 897 3873 afferri
947 3813 1130 3892 petiit.
1191 3813 1460 3894 Cumque
1491 3814 1667 3876 allata
1698 3823 1877 3893 esset,
1919 3832 2055 3876 cru-

405 3915 660 3973 menam,
697 3919 814 3980 qua
843 3902 1280 3964 continebatur.
1345 3905 1459 3964 huc
1491 3913 1551 3966 et
1584 3904 1723 3965 illuc
1755 3903 1961 3983 agitari
1995 3903 2056 3964 in

402 3996 724 4066 conspectu
749 3989 1126 4053 radiisolaris
1151 3992 1363 4072 jussit;
1391 4001 1447 4054 et
1473 3993 1814 4055 utumbram
1844 3991 2058 4054 mulier

2074 1795 2114 1846 Β
2138 1754 2339 1822 τιμῷτο
2397 1749 2456 1804 τὸ
2517 1746 2562 1804 δ’
2621 1750 2694 1815 ὡς
2738 1749 2932 1828 γαῦλον
3017 1753 3302 1826 κολάζοιτο
3338 1775 3351 1790 ⁸

2139 581 2304 664 ἀνδρὶ,
2374 587 2460 641 καὶ
2550 590 2795 668 μοιχείαν
2879 591 3038 646 αὒτοῦ
3147 594 3612 672 καταψηφεῖσθαι,
3711 594 3800 648 καὶ

2139 676 2213 738 ὡς
2299 682 2481 756 μοιχῷ
2551 677 2626 751 τῷ
2709 677 2966 757 ἀνθρώπῳ
3034 679 3370 756 ἐπιτιμῆσαι,
3448 681 3538 738 καὶ
3583 681 3676 737 τὸν
3745 680 3797 738 ἐν

2139 761 2319 826 ὕπνοις
2386 762 2605 829 δόξαντα
2674 767 3070 848 πεφονευκέναι,
3146 769 3284 850 τινὰ,
3360 770 3522 851 φόνου
3581 769 3795 849 κρίνειν,

2137 853 2225 909 καὶ
2276 866 2515 932 φονικοῖς
2574 853 2858 928 ἐπιτιμίοις
2915 854 3226 932 ὑποϐαλεῖν,
3289 859 3324 927 ἢ
3383 860 3472 916 καὶ
3532 865 3603 933 τῇ
3655 859 3799 940 ἀρχῇ

2138 939 2458 1021 παραδοῦναι
2530 945 2658 1017 πρὸς
2733 944 2974 1008 κόλασιν.
3064 949 3160 1006 Καὶ
3230 948 3452 1026 γνώμης
3523 949 3672 1012 αὖθις

2139 1029 2469 1110 ἀντιρρόπου,
2501 1033 2592 1088 τὸν
2661 1033 2715 1090 ἐν
2787 1035 3021 1116 οίνείροις
3089 1037 3217 1116 ὑπὲρ
3290 1035 3557 1102 εὐσεϐείας
3629 1037 3800 1108 ἀθλή-

2139 1143 2325 1201 σαντα,
2429 1122 2806 1200 συγκαταλέξαι
2883 1139 2999 1192 τοῖς
3070 1128 3292 1206 μάρτυσι
3341 1143 3355 1158 ⁸
3414 1130 3503 1184 καὶ
3576 1129 3678 1196 τὴν
3751 1127 3804 1184 ἓν

2137 1208 2318 1275 ὕπνοις
2384 1210 2595 1288 ὁμιλίαν
2661 1212 2952 1272 ἀκόλαστον
3054 1215 3388 1298 ἐξαλυΞαντα,
3451 1223 3796 1298 στεφανῶσαι

2138 1301 2236 1373 ὡς,
2297 1301 2562 1381 σώφρονα.
2625 1305 2684 1361 Εἰ
2767 1302 2821 1360 δέ
2895 1307 2973 1380 μὴ
3031 1315 3195 1384 ταῦτα
3291 1315 3397 1364 τῶν
3454 1301 3801 1384 τιμωμένων,

2170 1375 2703 1449 »μενεῖ-ι
2896 1375 2972 1413 ”

2139 1412 2166 1445 0
2317 1411 2471 1446 κεινα
2501 1413 2607 1447 των
2706 1415 3105 1470 πιτιμωμενων,
3187 1403 3231 1452 Η
3289 1419 3387 1478 γαρ
3453 1419 3518 1452 αν
3563 1397 3805 1453 ἀοικοῖτο

2137 1480 2282 1558 μερίς
2341 1479 2552 1559 θατέρα,
2631 1482 2675 1537 εἴ
2732 1484 2820 1538 καὶ
2865 1485 2941 1558 μὴ
2987 1486 3046 1541 τὸ
3117 1484 3390 1562 βέλτιστον
3473 1485 3664 1544 δοκοῦν
3719 1487 3806 1541 καὶ

2137 1569 2198 1622 τὸ
2242 1569 2532 1650 χείριστον,
2607 1571 2681 1631 ὡς
2738 1570 2861 1644 ὄναρ
2905 1572 3188 1653 λογίζοιτο,
3263 1577 3352 1632 καὶ
3408 1587 3806 1655 καταφρονοῖτο

2136 1659 2209 1720 ὡς
2271 1659 2553 1738 φάντασμα
2601 1675 2614 1688 '
2679 1661 2716 1729 ἢ
2773 1664 2861 1718 καὶ
2941 1665 3138 1739 ὁμοίως
3222 1667 3283 1722 τὸ
3338 1667 3436 1742 μὲν
3509 1667 3585 1729 ὡς
3642 1662 3806 1721 καλὸν

3424 1753 3528 1812 κᾶν
3613 1753 3740 1832 ὄναρ
3769 1755 3806 1829 ᾗ

2135 1834 2261 1892 ἐκατ
2269 1835 2480 1915 έρωθεν.

2216 1925 2322 1981 Οὔκ
2354 1925 2517 2006 ἄχαρι
2667 1930 2754 1984 καὶ
2811 1932 2871 1986 τὸ
2915 1931 2966 1997 ἐξ
3020 1934 3248 2012 ἱστορίας
3308 1932 3483 1992 δοῦναι
3543 1940 3622 2008 τῷ
3653 1932 3798 2010 λόγῳ

3150 2024 3333 2102 [ἔρωτά
3400 2046 3482 2088 τις
3543 2022 3646 2101 ἦρα
3701 2044 3805 2079 πε·-

2135 2110 2332 2183 ριμανή
2389 2109 2636 2184 γυναικὸς
2708 2108 3010 2170 ἀκολάστου
3081 2113 3221 2176 τινός
3257 2130 3269 2142 ·
3313 2119 3482 2178 Θῶνις
3541 2111 3804 2179 ἐκέκλητο

2139 2195 2173 2281 ἡ
2232 2195 2361 2272 γυνή
2410 2209 2424 2223 ’
2489 2195 2524 2264 ἢ
2578 2199 2670 2252 τὸν
2729 2196 2954 2278 ἐραστὴν
3013 2203 3072 2258 οὗ
3159 2203 3320 2280 ῥᾷστα
3407 2204 3682 2281 προσίετο.
3749 2192 3804 2257 ’0

2140 2280 2182 2336 δ’
2230 2282 2361 2360 ἐρῶν
2411 2282 2563 2362 ἁδρὸν
2621 2285 2753 2363 αὖτῇ
2819 2287 3003 2345 δώσειν
3076 2280 3458 2369 ἐπηγγέλλετο
3503 2293 3750 2368 μίσθωμα
3790 2307 3804 2319 ⁸

2140 2373 2175 2438 ἡ
2227 2369 2280 2426 δὲ
2337 2375 2644 2452 κατεφρόνει
2706 2381 2803 2443 τῆς
2882 2375 3099 2445 δόσεως.
3155 2382 3253 2462 Καὶ
3320 2383 3400 2456 ὃς,
3459 2379 3803 2462 φλεγμαίνων

2143 2468 2218 2534 τῲ
2248 2459 2427 2540 ἔρωτι,
2459 2466 2559 2530 τὴν
2616 2463 2761 2522 δόσιν
2813 2465 3125 2535 ἐπηύξανεν.
3189 2461 3248 2526 Ἠ
3307 2468 3352 2526 δ’
3411 2459 3586 2535 αὖθις
3635 2470 3802 2549 βαρύ-

2144 2571 2302 2606 νουσα
2357 2552 2477 2615 τοὺς
2562 2556 2797 2629 μισθοὺς,
2889 2559 2975 2614 καὶ
3059 2557 3194 2614 οὕτω
3283 2561 3612 2640 περιφρόνει.
3712 2560 3798 2616 Ἐν

2142 2640 2349 2704 τούτοις
2381 2650 2473 2700 τοῦ
2539 2654 2722 2720 καιροῦ
2775 2643 3106 2722 τριϐομένου,
3174 2643 3340 2714 ἔδοξεν
3397 2647 3527 2728 ὅναρ
3584 2651 3612 2704 ὁ
3674 2647 3800 2726 ἐρα-

2145 2730 2274 2795 στὴς
2336 2730 2674 2808 συγγενέσθαι
2735 2740 2804 2811 τῇ
2853 2735 3123 2818 ἐρωμένῃ,
3173 2739 3260 2793 καὶ
3312 2739 3346 2805 ἡ
3395 2736 3529 2818 φλὸξ
3575 2737 3802 2797 ἐντεῦθεν

2146 2815 2353 2884 ἀπέσϐη
2412 2819 2504 2874 τοῦ
2564 2819 2786 2898 ἔρωτος.
2852 2814 2914 2880 Ἠ
2984 2823 3064 2900 δὲ,
3164 2833 3316 2882 τοῦτο
3397 2834 3623 2907 γνοῦσα,
3712 2828 3800 2880 τὸν

2147 2905 2547 2985 ἐπηγγελμένον
2604 2909 2794 2987 ἀπητει
2847 2914 3034 2988 μισθόν
3080 2931 3094 2945 ⁸
3153 2916 3241 2971 καὶ
3293 2915 3370 2982 μὴ
3429 2905 3795 2992 λαμϐάνουσα,

2147 2995 2411 3074 προσῆλθε
2470 2999 2546 3073 τῷ
2624 2998 2866 3080 ἄρχοντι.
2956 3003 3244 3080 Βόκχορις,
3344 3002 3402 3068 ὅς
3477 3013 3570 3062 τοῦ
3625 3004 3798 3065 ἔθνους

3175 3094 3273 3151 Καὶ
3329 3094 3357 3149 ό
3411 3095 3602 3174 πρώην
3671 3093 3798 3172 ἐρῶν

2141 3175 2218 3250 μὴ
2289 3175 2516 3254 ὀφείλειν
2572 3177 2892 3258 ἀπελογεῖτο
2962 3183 3170 3257 μισθὸν,
3229 3184 3303 3246 ὡς
3363 3188 3467 3251 τῆς
3527 3183 3793 3264 ἐρωμένης

2140 3264 2260 3321 τότε
2317 3265 2415 3332 τὴν
2469 3265 2679 3341 ὁμιλίαν
2750 3269 3128 3346 ἀναινομένης.
3189 3269 3338 3328 Ἀλλ’
3416 3273 3570 3354 ὄναρ,
3652 3271 3796 3348 εἷ’πε,

2143 3351 2291 3418 δόξας
2348 3377 2439 3429 μοι
2501 3357 2860 3436 συγγενέσθαι,
2918 3369 3011 3418 τοῦ
3064 3359 3259 3440 ἔρωτος
3330 3351 3601 3419 πέπαυσαι
3638 3379 3651 3394 '
3710 3363 3796 3418 καὶ

2142 3442 2355 3520 γέγονεν
2409 3444 2436 3499 ὃ
2492 3447 2597 3502 κάκ
2649 3447 2744 3515 τῆς
2803 3452 3043 3528 γαοαπαρ
3102 3451 3371 3516 συνουσίας
3444 3449 3800 3527 συμϐήσεσθοι

2144 3531 2334 3608 ἔμελλε
2375 3550 2387 3562 ⁸
2449 3536 2534 3591 καὶ
2595 3535 2872 3617 ὀφειλέτης
2931 3542 2974 3596 εἰ
3035 3541 3122 3596 τοῦ
3192 3545 3398 3617 μισθοῦ.
3470 3535 3534 3600 ’Π
3578 3541 3631 3598 δὲ
3701 3545 3794 3608 τῆς

2143 3620 2291 3689 δίκης
2321 3621 2598 3694 διαιτητὴς
2658 3649 2756 3693 την
2797 3630 3208 3709 ἐπηγγελμένην
3264 3632 3394 3710 ὑπὲρ
3468 3640 3560 3689 τοῦ
3618 3635 3800 3708 μισθοῦ

2143 3720 2211 3790 τῇ
2271 3717 2474 3792 γυναικὶ
2545 3725 2636 3773 τοῦ
2705 3722 2921 3799 χρυσίου
2980 3722 3251 3789 ποσότητα
3336 3724 3406 3788 εἷς
3477 3723 3636 3800 μέσον
3693 3744 3800 3778 πα-

2145 3805 2407 3882 ραχθῆναι
2480 3804 2748 3882 ἀπῄτησε,
2827 3811 2925 3867 Καὶ
3004 3811 3371 3890 παραχθείσης
3456 3812 3521 3868 τὰ
3605 3810 3798 3876 ταύτην

2142 3890 2272 3971 ἕχον
2342 3891 2486 3950 ἔνδον
2544 3895 2858 3974 βαλάντιον,
2913 3897 3145 3967 ἡλιακῆς
3189 3901 3404 3965 ἀκτῖνος
3450 3900 3624 3958 ἔναντι
3679 3898 3798 3976 τῇδε

2139 3982 2358 4038 κοίκεῖσε
2444 3985 2728 4063 προσέταξε
2798 3987 3061 4068 φέρεσθαι,
3123 3990 3210 4045 καὶ
3251 3989 3350 4058 τὴν
3418 4005 3649 4070 γυναῖκα
3705 3994 3798 4055 τῆς

2956 3003 3218 3083 Βόκχορις
3229 3051 3244 3082 ,
3344 3003 3402 3068 ὅς

401 4086 662 4156 caperet,
696 4079 996 4160 sapienter
1027 4083 1420 4162 pronuntiavit
1446 4099 1461 4157 ;
1486 4084 1705 4164 quippe
1728 4102 1859 4144 cum
1887 4102 2055 4144 ama-

2142 4077 2290 4135 σκιᾶς
2334 4072 2695 4153 ἐπιλαϐέσθαι,
2741 4085 2916 4158 σοφῶς
2969 4081 3269 4159 ἐψηφίσατο
3303 4097 3318 4112 ⁸
3382 4083 3457 4144 ὡς
3504 4090 3598 4140 τοῦ
3673 4082 3795 4158 ἐρα-

407 4173 500 4226 tor
527 4166 673 4227 nihil
707 4169 964 4249 amplius
987 4160 1198 4232 umbra
1230 4189 1335 4252 per
1361 4160 1725 4234 somniorum
1765 4172 2054 4250 imagina-

2142 4171 2266 4218 στοὺ
2332 4160 2495 4238 μηδὲν
2550 4163 2710 4222 πλέον
2766 4173 2916 4231 σκιᾶς
2973 4167 3057 4224 διὰ
3113 4175 3210 4236 τῆς
3283 4171 3338 4226 ἐν
3394 4170 3617 4250 ὀνείροις
3674 4190 3795 4249 φαν·

405 4253 627 4316 tionem
691 4259 1080 4338 percepisset.
1141 4250 1362 4323 Umbra
1419 4262 1578 4323 enim
1644 4260 2056 4342 proculdubio

2142 4250 2324 4313 τασίας
2369 4254 2899 4332 παραπολαύσαντος.
2972 4260 3108 4315 Σκιά
3163 4260 3261 4337 γὰρ
3318 4261 3391 4323 ὡς
3434 4260 3650 4328 άληθῶς
3701 4262 3796 4324 τῆς

403 4343 813 4442 veritatisest
865 4337 1235 4428 phantasma.
1300 4350 1368 4411 Et
1423 4370 1613 4432 neque
1644 4337 1712 4412 ἐἰ
1744 4351 1881 4431 quid
1920 4349 2056 4411 boni

2143 4337 2390 4407 ἀληθείας
2421 4342 2480 4398 τὸ
2530 4345 2829 4424 φάντασμα,
2905 4349 3006 4404 Καὶ
3061 4347 3174 4406 οἵτε
3238 4351 3478 4429 χρηστόν
3547 4373 3597 4406 τι
3653 4346 3798 4413 δόξας

403 4433 488 4494 sic
519 4432 676 4496 visus
707 4436 783 4497 sit
835 4437 1069 4513 feciSSe,
1133 4439 1471 4501 laudabitur
1519 4428 1696 4502 homo
1736 4428 1979 4522 {neque
2011 4443 2056 4501 si

2144 4428 2278 4486 οὕτω
2308 4445 2509 4514 ποιεῖν,
2541 4437 2942 4507 ἐπαινεθήσεται
3000 4439 3271 4518 ἅνθρωπος
3307 4457 3320 4470 ·
3399 4438 3519 4497 οὔτε
3577 4437 3791 4519 φαῦλον,

403 4522 539 4585 mali
568 4525 898 4607 quidpiam,
921 4528 1439 4595 condemnabitur.
1466 4530 1593 4593 Non
1630 4531 1782 4592 nosti
1819 4549 2055 4592 carnem

2142 4524 2605 4598 κατακριθήσεται.
2666 4530 2773 4584 Οὔκ
2856 4528 3013 4584 οἶσθα
3071 4526 3152 4584 ὅτι
3223 4531 3258 4597 ἡ
3348 4527 3474 4608 σὰρξ
3553 4531 3795 4600 ἐπιθυμεῖ

399 4615 828 4695 concupiscere
883 4618 1164 4680 adversus
1197 4619 1500 4702 spiritum,
1553 4621 1832 4701 spiritum
1861 4629 2056 4680 autem

2142 4611 2280 4665 κατὰ
2335 4619 2428 4668 τοῦ
2471 4615 2792 4690 πνεύματος,
2858 4619 2918 4673 τὸ
2977 4615 3031 4672 δὲ
3088 4626 3292 4694 πνεῦμα
3349 4621 3488 4675 κατὰ
3550 4624 3648 4685 τῆς
3677 4637 3795 4692 σαρ·

2195 4697 2205 4712 Ι
2344 4693 2357 4712 ι
2512 4710 2546 4712 _
2587 4703 2603 4712 ι
2639 4704 2649 4712 ι
2855 4706 2869 4712 -
3023 4706 3086 4712 .--
3387 4709 3395 4712 .
3542 4711 3547 4712 ,
3684 4706 3692 4712 .

399 4702 680 4766 adversus
712 4725 956 4770 carnem
981 4708 1012 4768 ?
1035 4718 1094 4770 ut
1121 4709 1191 4771 ad
1228 4697 1464 4772 Galatas
1489 4697 1771 4772 scribens
1793 4711 1869 4770 ait
1890 4728 2056 4787 mag-

2142 4697 2280 4788 κός;
2344 4697 2434 4766 Ὡς
2511 4703 2772 4770 Γαλάταις
2853 4706 3179 4763 ἐπιστέλλων
3276 4709 3434 4788 φησὶν
3531 4711 3558 4764 ὁ
3627 4706 3792 4786 μέγας

400 4811 512 4853 nus
543 4796 882 4874 Apostolus.
921 4797 1205 4878 Spiritum
1233 4799 1838 4880 quiclem,spiritalem
1869 4799 2056 4860 bono-

2153 4787 2500 4856 Ἀπόστολος.
2562 4800 2770 4870 Πνεῦμα
2827 4797 2924 4870 μὲν
3008 4797 3100 4853 τὸν
3185 4800 3539 4872 πνευματικὸν
3621 4795 3791 4851 καλῶν

399 4901 528 4942 rum
563 4885 954 4964 cogitationes
971 4876 1027 4960 re,
1065 4907 1194 4969 quae
1226 4876 1558 4968 spiritalia
1585 4888 1968 4968 imaginatur,
2006 4891 2056 4950 el

2148 4876 2428 4958 λογισμὸν,
2501 4883 2592 4938 τὸν
2673 4885 2740 4939 τὰ
2824 4889 3155 4960 πνευματικὰ
3238 4888 3652 4968 φανταζόμενον,
3709 4882 3791 4939 καὶ

399 4971 614 5034 divinis
645 4985 932 5053 occupata
957 4985 1046 5038 est
1078 4998 1091 5038 :
1131 4979 1380 5040 Carnem
1413 4987 1636 5050 autem,
1674 4979 1970 5040 carnalem
2007 4981 2056 5057 e|_

2147 4982 2264 5033 τοῖς
2308 4971 2462 5036 θείοις
2507 4972 2958 5053 ἐνασχολούμενον
3007 4993 3022 5008 ⁸
3078 4978 3246 5057 σάρκα
3302 4975 3378 5050 δὲ,
3414 4977 3502 5034 τὸν
3549 4973 3789 5054 σαρκικόν

403 5063 1566 5150 ιῐιειιοτίειιοτη,ριίηἰίενοτεαηιεῐηξῳιω
1601 5069 1840 5149 quidem
1867 5078 1922 5130 et
1948 5055 2062 5128 sibi
2146 5080 2202 5113 τε
2274 5060 2626 5150 καὶίῦλικὸν,
2686 5065 2778 5120 καὶ
2856 5067 2974 5146 περὶ
3055 5055 3219 5123 ταῦῖα
3290 5067 3666 5148 στρεφόμενον,
3736 5062 3787 5118 οἳ

400 5148 652 5212 invicem
689 5165 1089 5236 opponuntur.
1143 5156 1286 5219 Nam
1338 5148 2050 5236 carnalesicogita-iones,

2146 5150 2233 5204 καὶ
2315 5149 2570 5221 ἀλλήλοις
2658 5152 2994 5217 ἀντίκεινται,
3088 5159 3147 5215 Οί
3233 5155 3330 5233 μὲν
3403 5158 3502 5235 γὰρ
3562 5159 3790 5220 σαρκικοὶ

401 5257 580 5301 carne
612 5240 870 5305 innatam
897 5246 1153 5308 habente
1177 5248 1733 5328 inﬂammationem,
1765 5247 2056 5309 absurdas

2142 5237 2406 5319 λογισμοὶ,
2441 5241 2668 5322 ἔμφυτον
2699 5245 2936 5324 ὀχούσης
2993 5248 3092 5314 τὴν
3134 5249 3366 5326 πύρωσιν
3421 5253 3520 5314 τῆς
3581 5241 3784 5322 σαρκός,

400 5329 754 5410 cupiditates
787 5333 1102 5398 inducunt.
1147 5338 1446 5420 Spiritalis
1477 5347 1672 5400 autem
1705 5337 2054 5401 considera-

2142 5331 2416 5406 ἐπιθυμίας
2448 5331 2677 5398 ἀτόπους
2733 5335 3021 5415 ἐπάγουσιν
3055 5352 3068 5366 ⁶
3135 5339 3164 5394 ὁ
3206 5335 3261 5393 δέ
3319 5357 3381 5417 γε
3439 5331 3788 5410 πνευματικὸς

1732 5506 1981 5569 VARIIE
2025 5497 2462 5571 LECTIONES.

483 5666 506 5694 °
536 5659 865 5726 mercedem
893 5665 1234 5744 graviorem
1255 5683 1523 5744 poscens,
1558 5669 1738 5730 etiam
1763 5668 1850 5732 sic
1871 5667 2175 5732 hominem
2203 5669 2670 5749 aspernabatur,
2697 5679 2722 5724 ρ
2742 5666 3120 5750 spiritualem
3151 5669 3465 5751 appellans
3485 5660 3788 5748 cogitatio-

401 5755 564 5801 nem.
600 5759 762 5801 aute.

480 5756 564 5819 m,
600 5759 762 5824 quae.
