4128 6414
335 391 482 457 1021

1689 381 2383 448 ϐΡιίΕΟΟ-ΒΟΜΑΝΗΜ

3582 379 3736 445 1092

334 525 616 605 λογισμὸς,
641 521 979 602 αὐτοκράτωρ
1047 521 1184 596 ἡμῖν
1227 515 1409 605 δοθεὶς
1461 519 1523 574 kx
1595 523 1751 596 Θεοῦ,
1799 515 1864 573 τὸ
1893 519 2014 605 τῆς

2102 513 2183 590 ἰο,
2216 515 2561 598 imperatrix
2608 517 2782 580 nobis
2810 535 2844 578 a
2873 515 2996 579 Deo
3027 517 3183 590 data,
3233 515 3432 578 carnis
3490 523 3733 579 resecat

338 602 529 694 σαρκὸς
581 611 866 669 ἀνακόπτει
912 611 1224 690 δρμήματα,
1301 608 1336 664 ἃ
1393 604 1478 662 διὰ
1534 612 1640 664 τῶν
1693 602 2002 680 ἀντικειμέ-

343 727 448 762 νων
505 702 781 781 λογισμῶν
841 699 975 776 αὗτῇ
1031 697 1413 776 ἐπεγείρονται,
1473 697 1563 753 καὶ
1602 697 1676 760 ὡς
1727 694 1781 751 ἐν
1842 699 2005 768 κημῷ

343 795 431 853 καὶ
473 791 685 874 χαλινῷ
737 791 832 854 τὰς
902 788 1154 868 σιαγόνας
1213 790 1374 853 αὐτῆς
1431 782 1641 866 ἄγχων,
1714 785 1781 842 τὰ
1806 785 2003 850 ταύτης

344 873 612 945 ἀτάσθαλα
690 876 1042 938 καταστέλλει
1141 877 1482 957 φρυάγματα.
1573 877 1632 934 Εἰ
1715 881 1839 954 γοῦν
1909 873 2002 941 τῆς

345 974 541 1052 σαρκὸς
597 967 955 1050 πυρουμένης,
1051 964 1365 1047 ἆγχομένης
1449 963 1504 1020 δὲ
1763 970 1855 1020 τοῦ
1914 960 2006 1018 λο-

346 1051 563 1142 γισμυῦ,
595 1061 682 1117 καὶ
735 1059 813 1135 μὴ
885 1054 1339 1137 συγχωρουμένης
1390 1051 1845 1136 καταφρυάξασθαι
1904 1055 2004 1118 τῆς

348 1140 557 1232 ψυχῆς,
591 1151 669 1226 μὴ
698 1145 985 1208 ἐνδιδόντος
1035 1147 1168 1221 αῦτῇ
1227 1146 1318 1199 τὸν
1378 1144 1574 1224 ῥυτῆρα
1632 1149 1721 1199 τοῦ
1751 1140 2000 1223 χαλινοῦ,

349 1239 468 1298 ἀλλ’
500 1238 651 1302 ὅλαις
709 1237 864 1318 χερσὶ
936 1236 1030 1298 τὰς
1083 1235 1278 1301 ταύτης
1338 1233 1504 1312 ὁρμὰς
1575 1231 2004 1310 ἀνασειράζοντός

348 1353 406 1388 τε
449 1329 537 1386 καὶ
609 1324 1076 1404 ἅναστέλλοντος,“
1114 1326 1187 1387 ὡς
1259 1321 1428 1380 ἵππον
1513 1321 1849 1401 ἐτερόγναθον
1921 1320 2008 1376 καὶ

353 1418 598 1489 δυσήνιον
632 1432 646 1446 ⁸
732 1413 1054 1493 βιαζομένης
1161 1411 1217 1468 δὲ
1294 1410 1431 1468 οὕτω
1526 1412 1613 1468 καὶ
1697 1407 2010 1490 γαργαλιζο-

352 1509 542 1587 μένης,
574 1507 610 1576 ἢ
640 1508 729 1563 καὶ
783 1511 877 1562 τοῦ
947 1512 1182 1583 πονηροῦ
1236 1500 1616 1578 ἐπιτιθεμένου,
1689 1498 2007 1580 φαντασθείη

360 1597 478 1657 καθ’
510 1597 701 1662 ὕπνους
757 1618 808 1652 τι
880 1597 908 1650 6
963 1599 1062 1660 τῆς
1121 1594 1313 1670 σαρκὸς
1372 1593 1462 1648 τὸν
1516 1590 1751 1667 πόλεμον
1791 1589 2015 1670 ὑφιστά-

353 1710 531 1766 μενος,
605 1689 794 1743 ὁποῖον
873 1685 900 1740 6
979 1681 1222 1758 ἐμπαθὴς
1301 1681 1518 1738 ὑπέθετο
1599 1678 1879 1759 λογισμὸς,
1960 1677 2018 1732 ὃν

2089 604 2371 688 impetus,
2425 607 2526 690 qui
2582 626 2691 690 per
2749 607 3050 689 oppositas
3103 606 3494 688 cogitationes
3554 606 3616 668 in
3667 624 3741 669 ea

2091 696 2552 776 exsuscitantur,
2585 705 2650 760 ut
2681 700 2738 760 in
2765 717 2935 760 camo
2967 705 3024 761 et
3066 698 3233 762 freno
3287 696 3558 760 maxillas
3609 697 3740 777 ejus

2089 787 2530 869 constringens,
2575 787 2822 850 stolidos
2865 789 2994 870 ejus
3042 789 3317 868 reprimit
3346 787 3640 850 fremitus.
3675 784 3737 848 Si

2088 877 2270 955 igitur
2326 897 2506 940 carne
2567 877 2953 954 inﬂammata,
2987 887 3046 941 et
3073 898 3107 940 a
3134 877 3364 940 ratione
3393 875 3736 949 constricta,

2087 986 2201 1030 nec
2236 967 2524 1048 permissa
2556 967 2830 1030 frandere
2860 969 3146 1030 adversus
3176 969 3454 1035 animam,
3494 985 3612 1027 non
3641 964 3732 1027 la-

2089 1064 2302 1120 xantes
2332 1057 2386 1119 ei
2417 1056 2701 1138 habenas,
2737 1059 2843 1120 sed
2882 1059 3017 1120 totis
3048 1077 3330 1120 manuum
3361 1055 3585 1118 viribus
3607 1055 3738 1135 ejus

2086 1148 2346 1230 impetus
2371 1146 2710 1210 refrenante
2742 1155 2796 1209 et
2828 1148 3330 1226 coercente,velut
3351 1145 3488 1228 equi
3523 1147 3742 1208 immo-

2087 1237 2266 1318 rigari
2300 1245 2359 1300 et
2387 1237 2635 1300 eﬂ’renis
2667 1257 2680 1298 :
2720 1237 2806 1300 sic
2857 1246 3054 1300 autem
3108 1247 3311 1300 coacta
3341 1244 3398 1298 et
3426 1235 3657 1298 titillala
3684 1245 3734 1309 (ι,

2085 1328 2176 1390 vel
2205 1327 2380 1390 etiam
2416 1327 2670 1406 maligno
2694 1327 3096 1401 insidiante,is
3119 1327 3218 1409 qui
3248 1326 3443 1389 carnis
3471 1324 3738 1407 prmlium

2090 1417 2270 1491 subit,
2307 1416 2660 1496 imaginatus
2692 1416 2867 1479 fuerit
2896 1416 2956 1478 in
2980 1417 3206 1478 somnis
3230 1413 3743 1498 quidpiam,quale

2089 1508 2298 1570 aﬂ‘ecta
2331 1505 2580 1568 libidine
2611 1506 2885 1586 cogitatio
2930 1507 3314 1588 suggesserit,
3351 1524 3529 1584 quam
3563 1503 3746 1584 spiri-

2093 1596 2230 1661 talis
2276 1595 2674 1676 salutarisque
2721 1597 2967 1677 expulit,
3005 1604 3063 1659 et
3120 1615 3256 1659 cum
3315 1594 3738 1674 imaginatione

2093 1705 2300 1751 semen
2335 1686 2655 1754 eﬁluxerit.
2691 1679 2864 1768 quam
2893 1687 3454 1749 condemnationem
3490 1685 3642 1746 feret
3669 1683 3742 1746 ab

357 1782 385 1836 6
447 1775 804 1852 πνευματικὸς
862 1772 1114 1847 ἆπῴσατο
1200 1772 1289 1827 καὶ
1362 1771 1646 1850 σωτήριος,
1717 1769 1806 1825 καὶ
1860 1789 2013 1827 συνε-

2100 1779 2345 1841 bomtne
2370 1775 2664 1857 judicium
2683 1777 2970 1839 habente?
2990 1775 3106 1838 nisi
3135 1773 3266 1857 quis
3293 1775 3488 1856 ipsum
3511 1789 3747 1855 quoque

360 1873 494 1947 κρυῇ
521 1872 589 1943 τῇ
648 1864 907 1944 φαντασίᾳ
959 1861 1092 1939 γονή
1129 1876 1141 1889 '
1205 1859 1319 1916 τίνα
1363 1860 1669 1940 κατάκρισιν
1725 1856 1825 1923 ἕξει
1878 1859 2009 1947 πρὸς

359 1946 634 2024 ἀνθρώπου
705 1950 960 2029 διάκρισιν
1019 1947 1292 2030 ἔχοντος,
1337 1950 1396 2005 Εἰ
1466 1949 1542 2024 μή
1593 1971 1672 2011 τις
1745 1947 1832 2002 καὶ
1915 1946 2012 2013 τὴν

352 2041 653 2125 προσϐολὴν
701 2047 806 2097 τῶν
879 2037 1152 2116 λογισμῶν
1242 2038 1405 2101 αῦτὴν
1488 2037 1754 2112 αἰτιόῳτο.
1829 2038 1888 2093 O't
1959 2032 2013 2090 δὲ

363 2139 500 2192 θεῖοι
545 2131 774 2210 Πατέρες
803 2128 917 2189 οῦδὲ
947 2130 1044 2195 τὴν
1103 2126 1281 2196 πάλην
1339 2131 1425 2184 ὑπ’
1482 2127 1704 2184 αἰτίασιν
1763 2125 2010 2186 τίθενται,

358 2222 635 2302 Τεσσάρων
717 2221 816 2300 γὰρ
876 2220 961 2274 ἐπὶ
1031 2220 1129 2284 της
1202 2217 1458 2296 ἁμαρτίας
1511 2215 1814 2296 λεγομένων
1869 2236 2012 2289 συμ-

360 2301 577 2392 ϐαίνειν,
637 2306 934 2390 προσϐολῆς
1025 2309 1114 2364 καὶ
1182 2306 1360 2374 πάλης
1434 2307 1593 2386 φημὶ,
1685 2301 2009 2384 συγκαταθέ-

361 2401 496 2466 σεώς
540 2422 596 2457 τε
621 2401 708 2457 καὶ
777 2397 1016 2480 πράξεως
1057 2413 1070 2427 ⁸
1132 2398 1199 2455 τὰ
1256 2397 1354 2472 μὲν
1422 2401 1530 2452 τῶν
1599 2394 2011 2476 προηγουμένων

359 2492 586 2571 ἀμφοῖν,
645 2489 788 2568 παρὰ
845 2487 966 2552 τοῖς
1014 2487 1282 2568 θεοφόροις
1332 2485 1592 2565 Πατράσιν
1651 2482 1952 2563 ἀνέγκλητα
1992 2501 2005 2514 °

355 2583 390 2649 ἡ
437 2579 815 2658 συγκατάθεσις
878 2575 924 2632 δ’
981 2574 1073 2633 ὑπ’
1130 2575 1374 2650 αἰτίασιν,
1432 2576 1504 2638 ὡς
1575 2575 1674 2642 τὴν
1729 2573 1866 2630 κατὰ
1895 2571 2011 2629 διά-

359 2691 506 2727 νοιαν
571 2667 831 2746 ἁμαρτίαν
857 2667 1186 2746 ,εἰσάγουσι
1277 2655 1338 2720 Ἠ
1397 2661 1452 2720 δέ
1534 2685 1594 2742 γε
1665 2661 1872 2737 πρᾶξις,
1929 2663 2016 2718 καὶ

362 2752 464 2807 ὑπὸ
535 2736 778 2806 κόλασιν.
857 2736 934 2804 U0
1005 2736 1060 2802 δὲ
1145 2746 1234 2801 καὶ
1299 2736 1600 2825 ἀμφοτέρας
1667 2736 1859 2806 ταύτας
1930 2751 2018 2802 τοῦ

369 2845 628 2927 σωτηρίου
695 2844 953 2924 λογισμοῦ
992 2849 1243 2908 νικῶντος
1315 2842 1654 2923 ἐκπέφευγεν,
1715 2843 1816 2898 ὑπὸ
1859 2840 2020 2898 κατά-

368 2958 536 3015 κρισιν
588 2933 672 2992 διὰ
723 2935 809 3010 τί;
870 2935 928 2993 Ei
985 2933 1084 3010 μὲν
1128 2934 1226 3012 γάρ
1283 2934 1376 2988 τοῦ
1470 2931 1725 3011 λογισμοῦ
1779 2929 2014 3010 πρνσϐα-

375 3023 580 3099 λόντος,
637 3026 723 3082 καὶ
779 3025 909 3105 πρὸς
980 3022 1229 3101 ἀσελγεῖς
1327 3021 1598 3096 ἐπιθυμίας
1670 3021 2012 3082 κινώσαντος.

2095 1867 2514 1946 cogitationum
2592 1865 2894 1928 incursum
2975 1865 3197 1948 culpet.
3275 1863 3470 1928 Divini
3545 1871 3744 1925 autem

2095 1959 2300 2022 Patres
2340 1975 2535 2037 neque
2583 1957 2800 2018 Iuclam
2863 1956 2973 2018 sub
3034 1954 3476 2018 accusationem
3507 1961 3741 2017 vocant.

2098 2047 2243 2110 Cum
2280 2046 2438 2108 enim
2470 2052 2722 2127 quatuor
2751 2045 2891 2123 sint,
2935 2065 3064 2127 quae
3095 2045 3375 2107 dicuntur
3404 2044 3464 2105 in
3498 2051 3741 2125 peccato

2097 2136 2396 2213 accidere,
2450 2136 2726 2198 incursus
2759 2143 2817 2198 et
2847 2137 3026 2208 lucta,
3082 2136 3346 2217 inquam,
3396 2135 3660 2196 assensio
3691 2141 3750 2195 et

2093 2228 2268 2289 actio:
2299 2244 2368 2288 ea
2394 2225 2799 2306 quidemquae
2821 2225 3072 2288 duorum
3099 2231 3236 2287 sunt
3259 2223 3744 2305 praecedentium,

2093 2333 2125 2379 a
2158 2315 2444 2378 divinitus
2492 2314 2707 2376 afﬂatis
2741 2313 3014 2377 Patribus
3045 2323 3206 2376 extra
3236 2314 3468 2394 culpam
3499 2311 3693 2394 posita
3727 2333 3740 2371 :

2088 2407 2354 2472 assensio
2412 2414 2607 2470 autem
2659 2406 2769 2469 sub
2817 2409 3199 2470 accusatione
3238 2457 3252 2480 ,
3325 2406 3482 2468 velut
3532 2403 3747 2466 mentis

2093 2506 2398 2579 peccatum
2427 2497 2763 2561 inducens:
2794 2497 2947 2560 actio
2979 2505 3175 2558 autem
3223 2494 3332 2558 snb
3367 2513 3538 2577 poma
3569 2493 3746 2556 etiam

2098 2595 2208 2650 est.
2269 2586 2381 2660 Qui
2438 2593 2634 2649 autem
2695 2587 2800 2649 has
2856 2585 3063 2650 ambas
3106 2585 3344 2648 salutari
3395 2583 3753 2662 cogitatione

2096 2679 2374 2741 vincente
2405 2677 2631 2756 effugit.
2658 2696 2768 2740 cur
2796 2675 3280 2741 condemnationi
3306 2675 3701 2754 subjiceretur
3720 2673 3752 2734 ?

2101 2766 2163 2831 Si
2194 2768 2352 2830 enim
2388 2766 2749 2846 cogitatione
2777 2766 3234 2848 impressionem
3267 2766 3548 2836 faciente,
3583 2772 3641 2826 et
3671 2764 3745 2825 ad

2101 2857 2413 2921 obscoenas
2466 2856 2819 2938 impellente
2867 2856 3170 2932 libidines,
3204 2857 3255 2919 is
3277 2856 3378 2938 qui
3406 2854 3518 2918 hoc
3541 2872 3751 2936 passus

2099 2957 2212 3026 est,
2249 2945 2510 3008 libenter
2537 2946 2770 3026 accepit
2799 2947 2953 3028 quod
2984 2947 3186 3010 animo
3211 2944 3658 3024 obversabatur,
3693 2950 3752 3006 et

2101 3042 2363 3099 mentem
2395 3035 2594 3098 habuit
2625 3035 2764 3098 huic
2808 3036 3249 3109 immorantem,
3283 3054 3352 3096 ac
3378 3034 3562 3096 veluti
3593 3032 3750 3095 deli-

372 3115 400 3170 6
454 3115 680 3196 πάσχων
738 3113 979 3190 ἂίσμένως
1067 3111 1274 3178 ἐδέξατο
1331 3113 1392 3167 τὸ
1461 3111 1723 3189 ἐνθύμιον,
1781 3111 1868 3166 καὶ
1921 3111 2014 3165 τὸν

2100 3124 2379 3202 ciantem,
2417 3125 2926 3206 meditantemque
2956 3145 3049 3200 ea,
3077 3145 3210 3204 qua;
3230 3127 3304 3187 ad
3335 3123 3392 3186 id
3425 3121 3746 3205 pertinent;

366 3203 482 3260 νοῦν
540 3203 668 3284 ἔσχε
718 3204 890 3278 τούτῳ
973 3200 1378 3281 ἐνδιατρίϐοντα,
1436 3202 1524 3258 καὶ
1567 3204 1696 3258 ὀἷον
1765 3198 2017 3267 ἐνηδυνό-

361 3315 540 3370 μενον,
601 3293 690 3350 καὶ
758 3291 1064 3368 μελετῶντα
1115 3294 1182 3348 τὰ
1263 3292 1381 3371 περὶ
1464 3291 1620 3350 αὐτοῦ
1653 3306 1665 3321 ⁸
1767 3290 1906 3348 οὕτω
1958 3312 2016 3346 τε

359 3382 662 3461 τάνθρώπου
731 3380 1085 3462 διακειμένου,
1141 3382 1176 3450 ἡ
1241 3381 1501 3461 φαντασία
1559 3381 1739 3444 νυκτὸς
1810 3377 2015 3450 ἐπελή-

358 3470 528 3547 λυθεν,
569 3474 664 3529 οῦκ
707 3470 1032 3551 ἀνέγκλητος
1067 3489 1085 3508 ⁶
1146 3471 1242 3527 κᾶν
1299 3467 1434 3534 ἴσως
1491 3472 1579 3527 καὶ
1631 3470 1731 3537 τὴν
1788 3467 2017 3550 ἔκκρισιν

358 3567 459 3629 τῆς
492 3567 656 3640 γονῆς
705 3549 1075 3642 διαπέφευγεν.
1123 3549 1179 3619 Ὀ
1224 3561 1323 3638 γὰρ
1381 3559 1639 3639 λογισμὸς
1720 3561 1780 3616 οῦ
1821 3549 2014 3622 πάθους

357 3639 534 3730 ἐκτὸς,
595 3639 719 3706 ἀλλ’
774 3639 985 3729 ἐτρῶθη
1050 3655 1118 3727 τῇ
1174 3647 1338 3726 βολίδι
1411 3655 1510 3716 τῆς
1569 3645 1898 3728 προσϐολῆς,
1933 3649 2021 3704 καὶ

367 3742 499 3820 πρὸς
557 3740 657 3807 τὴν
741 3741 878 3796 κατὰ
965 3737 1195 3796 διάνοιαν
1278 3737 1536 3818 ἁμαρτίαν
1619 3737 1678 3792 ἐκ
1773 3737 2020 3815 ῥᾳθυμίας

371 3831 668 3911 χαυνωθεὶς
728 3827 1096 3897 ἐξωλίσθησεν.
1189 3830 1248 3885 Εἰ
1330 3826 1384 3882 δὲ
1440 3824 1716 3907 προσϐάλῃ
1799 3825 1896 3902 μὲν
1963 3825 2026 3882 τὸ

373 3919 638 3998 ἐνθύμιον,
705 3917 1119 3997 ἀποῤῥαπισθείη
1149 3914 1195 3972 δ’
1267 3916 1472 3992 αὖτίκα,
1533 3915 1570 3984 ἢ
1625 3917 1712 3972 καὶ
1760 3916 1862 3972 ὑπὸ
1917 3914 2026 3970 πέ-

369 4007 472 4076 λην
521 4011 791 4065 πεσόντων
853 4007 1166 4088 ἀμφοτέρων
1202 4009 1308 4061 τῶν
1365 4005 1638 4085 λογισμῶν
1680 4006 1768 4062 καὶ
1823 4003 2023 4061 ταλαν-

371 4097 670 4175 τευομένων
729 4099 804 4162 ὡς
875 4098 960 4155 ἐπὶ
1015 4095 1342 4175 πλάστιγγος
1399 4098 1427 4153 6
1495 4097 1742 4175 κρείττων
1783 4092 2024 4175 περιϐρι-

370 4191 617 4270 θέστερας
688 4189 907 4269 γένηται
938 4205 951 4219 ⁸
1003 4202 1122 4246 εἶτα
1178 4187 1260 4244 διὰ
1329 4187 1428 4257 τὴν
1485 4193 1584 4256 τῆς
1641 4190 1834 4269 σαρκὸς
1892 4187 2024 4244 ἀνά-

370 4301 530 4359 γκην,
590 4281 678 4337 καὶ
734 4288 827 4339 τοῦ
881 4278 1306 4355 δυσμεναίνοντος
1360 4279 1496 4354 ἡμῖν
1576 4278 1674 4345 τὴν
1745 4277 2016 4356 ἐπήρειαν,

371 4370 630 4450 φαντασία
690 4369 963 4447 νυκτερινὴ
1019 4369 1224 4438 κινήσει
1291 4367 1390 4434 τὴν
1489 4367 1682 4448 σάρκα,
1741 4368 1828 4423 καὶ
1881 4366 2022 4444 ῥύσιν

371 4457 648 4538 ἐργάσεται
681 4457 982 4537 σπέρματος
1013 4475 1028 4491 ⁸
1064 4459 1092 4513 6
1147 4456 1343 4522 ταύτην
1402 4458 1581 4512 παθὼν
1613 4458 1672 4513 οὗ
1715 4457 2017 4532 μεμίανται.

371 4550 492 4611 Πῶς
523 4549 646 4627 γὰρ,
680 4545 805 4626 ὅσγε
833 4549 926 4604 τὸν
955 4545 1210 4625 λογισμὸν
1279 4544 1334 4601 ἐν
1392 4546 1820 4625 συγκαταθέσεως
1851 4543 2026 4611 ἅπαθῆ

371 4636 650 4716 διετήρησε
682 4656 697 4718 ;

452 4728 727 4807 Συμφήσει
759 4724 814 4782 δέ
858 4748 945 4802 μοι
977 4727 1108 4805 πρὸς
1155 4731 1308 4783 τοῦτο
1378 4726 1465 4782 καὶ
1513 4726 1798 4804 σύμψηφος
1856 4721 2028 4778 ἔσται·

369 4817 458 4874 καὶ
487 4819 515 4874 ὁ
537 4818 815 4897 προφήτης
847 4817 934 4872 καὶ
978 4815 1251 4894 θεοπάτωρ
1313 4812 1490 4889 Δαϐὶδ,
1552 4811 1721 4892 λέγων
1755 4829 1771 4844 ⁰
1839 4836 1865 4866 α
1902 4809 2024 4869 Ἐν-

370 4907 553 4983 θῦμιον
627 4906 900 4983 ἀνθρώπου
980 4903 1426 4983 ἐξομολογήσεταί
1508 4926 1612 4974 σοι,
1699 4904 1786 4960 καὶ
1857 4899 2022 4981 ἐγκα-

368 4994 673 5071 τάλλειμμα
703 4994 941 5070 ἐνθυμίου
995 4993 1231 5074 ἑορτάσει
1317 5013 1424 5056 σοι.
1463 5018 1486 5051 υ
1547 4995 1604 5051 Εἰ
1655 4995 1756 5072 γὰρ
1785 4992 2024 5068 ἐνθύμιον

365 5084 548 5165 (φησί)
605 5085 838 5157 πονηρὸν
896 5083 1155 5164 ἀνθρώπῳ
1237 5082 1462 5160 ἐπέλθῃ,
1538 5085 1625 5141 καὶ
1693 5089 1770 5157 τῷ
1839 5081 2024 5137 τούτου

369 5173 806 5256 ἐμφιλοχωρήσει
837 5174 947 5248 νοΐ,
1009 5172 1374 5250 ἐνηδυνομένῳ
1423 5178 1492 5250 τῇ
1544 5173 1661 5253 περὶ
1718 5178 1874 5229 τοῦτο
1901 5168 2020 5227 δια-

366 5261 541 5344 τριϐῇ,
603 5265 689 5320 καὶ
753 5264 815 5319 τὸ
874 5264 1010 5320 κατὰ
1066 5260 1298 5320 διάνοιαν
1386 5261 1623 5320 τελοῦντι
1710 5261 2024 5340 ἁμάρτημα,

370 5356 650 5430 μετανοίας
697 5350 780 5410 δεῖ
821 5358 899 5426 τῷ
957 5352 1178 5428 τοιούτῳ
1231 5353 1320 5410 καὶ
1377 5349 1811 5430 ἐξομολογήσεως
1862 5369 1878 5385 ⁶

2101 3221 2278 3296 atque
2308 3214 2551 3277 homine
2581 3215 2667 3278 sic
2697 3215 2932 3289 atl‘ecto,
2967 3215 3275 3296 phantasia
3307 3222 3486 3279 noctu
3516 3213 3748 3274 invase-

2099 3303 2178 3366 rit
2212 3327 2225 3364 :
2262 3304 2517 3367 crimine
2544 3323 2660 3366 non
2689 3312 2877 3386 vacat,
2910 3304 3050 3368 licet
3102 3305 3254 3367 forte
3285 3312 3342 3365 et
3366 3301 3614 3366 seminis
3644 3319 3751 3363 ex-

2099 3394 2427 3458 cretionem
2498 3394 2773 3457 evaserit.
2833 3393 3124 3474 Cogitatio
3182 3393 3343 3456 enim
3403 3409 3523 3454 non
3585 3397 3756 3453 extra

2100 3483 2398 3564 affectum,
2431 3483 2536 3544 sed
2589 3482 2948 3546 incursionis
2987 3482 3186 3563 jacqu
3219 3483 3522 3544 vulnerata
3551 3489 3665 3560 est,
3697 3487 3756 3542 et

2100 3573 2169 3634 ad
2203 3573 2422 3634 mentis
2451 3581 2785 3652 peccatum,
2820 3591 2927 3653 per
2947 3572 3244 3654 pigritiam
3277 3570 3504 3634 mollita
3534 3599 3576 3644 r,
3614 3587 3751 3648 pro-

2103 3661 2266 3742 lapsa
2295 3671 2406 3722 est.
2441 3660 2607 3733 Quod
2639 3661 2686 3722 si
2719 3662 3036 3741 cogitatum
3070 3659 3474 3723 incursionem
3509 3658 3751 3740 quidem

2106 3748 2546 3824 fecerit,verum
2577 3749 2776 3812 statim
2808 3750 3201 3828 ignominiose
3221 3749 3528 3829 repulsum
3550 3747 3752 3820 fuerit.

2107 3839 2198 3902 vel
2229 3838 2408 3901 etiam
2439 3838 2550 3901 sub
2581 3839 2798 3902 luctam
2823 3839 3183 3902 cadentibus
3213 3837 3503 3900 ambabus
3532 3836 3756 3916 cegita-

2109 3926 2398 4008 tionibus,
2432 3937 2491 3990 et
2516 3927 2701 3991 veluti
2731 3928 2791 3990 in
2823 3929 3042 3990 trutina
3067 3927 3358 3998 liberatis,
3380 3925 3594 3988 melior
3615 3945 3763 4006 pon-

2108 4016 2381 4078 derosior
2407 4018 2548 4080 ﬁat:
2587 4016 2807 4080 deinde
2849 4035 2955 4100 per
3001 4016 3196 4081 carnis
3227 4014 3664 4090 necessitatem,
3703 4023 3762 4078 et

2109 4106 2340 4169 inimici
2373 4107 2558 4168 nostri
2591 4107 3021 4188 improperium
3045 4104 3446 4186 9,imaginatio
3474 4111 3763 4166 nocturna

2110 4195 2368 4258 movebit
2399 4214 2668 4272 carnem,
2705 4205 2764 4258 et
2794 4198 3013 4258 ﬂuxum
3043 4196 3261 4259 efﬁciet
3289 4193 3626 4274 spermatis:
3655 4193 3759 4274 qui

2107 4304 2240 4347 eum
2298 4292 2387 4348 est
2431 4305 2662 4367 passus,
2711 4286 3056 4368 inquinatus
3113 4304 3230 4347 non
3265 4293 3372 4346 est.
3429 4283 3554 4357 Quo
3599 4283 3760 4346 enim

2109 4373 2306 4448 modo,
2369 4375 2468 4454 qui
2527 4374 2946 4456 cogitationem
2980 4375 3052 4438 ab
3083 4373 3432 4438 assensione
3481 4372 3758 4435 intactam

2110 4462 2361 4525 servavit
2389 4463 2414 4524 ἵ

2191 4730 2570 4793 Assentietur
2598 4738 2792 4793 autem
2832 4731 2976 4793 mihi
3010 4730 3079 4792 ad
3113 4732 3315 4804 hoc,et
3348 4727 3771 4808 suffragabitur

2112 4821 2403 4898 propheta
2433 4830 2492 4884 et
2525 4820 2630 4884 Dei
2663 4828 2830 4900 pater
2863 4819 3072 4895 David,
3099 4820 3376 4900 inquiens
3410 4837 3423 4880 :
3463 4817 3768 4895 Cogitatio

2105 4909 2374 4973 hominis
2405 4911 2784 4992 conﬁtebitur
2814 4910 3012 4984 tibi,"
3034 4912 3314 4990 reliqum:
3331 4913 3762 4988 cogitationum

2105 5000 2258 5062 diem
2278 5001 2499 5077 festum
2521 5000 3090 5080 agenttibi.Sienim
3110 4998 3760 5080 cogitatio(inquit)ma-

2105 5089 2158 5150 Ia
2178 5088 2404 5151 homini
2432 5089 2833 5171 irrepserit,et
2865 5090 2922 5150 in
2952 5090 3084 5169 ejus
3105 5097 3302 5152 mente
3335 5089 3510 5150 sedes
3543 5087 3759 5164 ﬁxerit,

2107 5183 2276 5257 capta
2308 5178 2612 5259 voluptate
2641 5177 3100 5240 consuetudinis
3150 5178 3279 5258 ejus
3320 5187 3376 5240 et
3418 5175 3766 5258 perﬁciente

2111 5264 2517 5345 intelligeutiae
2548 5275 2859 5349 peccatum
2891 5267 3291 5348 *,p(eniteutia
3322 5269 3374 5330 ei
3407 5285 3558 5349 Opus
3588 5275 3676 5328 est
3705 5273 3768 5328 et

1936 5349 2030 5406 ἵνα
2112 5353 2513 5432 confessione,
2569 5365 2633 5419 ut
2693 5375 2798 5439 per
2850 5375 2950 5418 eas
2998 5355 3415 5438 cogitationem
3466 5365 3679 5438 purget
3734 5376 3770 5419 a

1710 5509 1967 5575 VARLE
2009 5509 2448 5582 LECTIONES.

449 5677 475 5720 ιι
496 5655 587 5718 sic
615 5659 819 5717 autem
849 5668 1038 5716 carne
1065 5650 1190 5715 vim
1221 5647 1568 5713 adhibente.
1602 5667 1674 5714 ac
1705 5648 2128 5713 titillationem
2161 5649 2476 5712 sentiente.
2511 5659 2532 5688 ν
2559 5666 2669 5730 per
2689 5649 3000 5730 ignaviam
3035 5649 3247 5716 laxata
3278 5660 3298 5687 '
3330 5651 3759 5715 tentationum-

367 5736 772 5817 ιρεηῑοίεηεθ
796 5740 1105 5816 peccatum
1133 5731 1546 5814 cogitationis.
