4128 6420
341 375 495 445 1023

1728 388 1760 451 J
1766 386 1860 451 US
1899 387 2347 459 CANONIGUM

3562 388 3718 454 1024

330 515 613 605 sordibus
669 515 988 581 contractis
1048 535 1159 600 per
1216 520 1689 602 inquinationem
1751 521 1978 603 peccati

2070 521 2148 581 Βιὰ
2189 525 2388 582 τούτων
2431 525 2634 605 καθάρῃ
2704 527 2797 582 τὸν
2854 523 3110 604 λογισμὸν
3161 531 3254 582 τοῦ
3307 523 3369 581 ὲκ
3408 530 3503 583 τοῦ
3562 521 3723 601 μολυ-

333 603 778 686 intelligentiae.
814 606 981 681 Quod
1014 609 1065 670 si
1097 612 1334 673 irruens
1372 611 1651 691 cogitatio
1694 612 1986 676 derelicta

332 693 765 776 fuerit,rojecta
793 696 1071 760 videlicet
1099 698 1299 774 fuerit,
1333 710 1392 764 et
1432 700 1705 764 inefﬁcax
1740 721 1983 765 manse-

332 782 432 859 rit,
467 802 586 847 non
607 786 1019 850 contaminans
1049 797 1348 859 mentem;
1385 790 1515 872 ejus
1562 791 1825 854 desertio
1861 790 1984 855 Deo

334 889 442 954 pro
470 873 619 936 festo
651 874 1131 952 habebitur,cum
1155 878 1673 959 mensimprobam
1702 881 1986 944 conside-

331 962 624 1025 rationem
653 977 678 1008 '
705 982 741 1026 a
770 983 834 1028 se
864 965 1364 1030 submovet.Nihil
1399 969 1559 1031 enim
1591 969 1743 1033 adeo
1775 970 1981 1034 Domi-

336 1070 475 1112 num
508 1052 786 1131 oblectat,
837 1074 1013 1137 quam
1065 1057 1423 1122 mundities:
1459 1058 1731 1141 nihilque
1762 1060 1985 1123 mundo

337 1141 632 1231 munditie
657 1144 911 1208 charius.
946 1145 1149 1209 Placet
1178 1146 1336 1209 enim
1364 1148 1486 1211 Deo
1520 1166 1699 1231 supra
1739 1149 1983 1212 vitulum

327 1230 657 1311 juniorem,
686 1242 744 1295 et
768 1253 948 1316 supra
977 1255 1155 1299 omne
1186 1237 1573 1316 sacriﬁcium,
1600 1230 1667 1301 et
1699 1240 1982 1304 incenso-

335 1337 467 1381 rum
502 1319 655 1382 bene
686 1323 1073 1389 odoratorum
1105 1324 1559 1402 oblationem,et
1589 1329 1981 1410 pretiosorum

336 1420 798 1490 unguentorum.
859 1413 1107 1496 Magnus
1164 1416 1340 1479 etiam
1394 1419 1571 1480 Pater
1619 1430 1680 1481 et
1717 1438 1985 1481 summus

339 1498 724 1589 philosophus
748 1504 1060 1578 Maximus,
1077 1524 1209 1566 cum
1236 1506 1551 1587 allegorice
1572 1518 1896 1589 exponeret
1918 1509 1985 1569 il-

337 1586 439 1648 lud
467 1605 479 1645 :
512 1588 650 1652 Non
674 1592 969 1657 retribuet
992 1593 1289 1658 Dominus
1326 1614 1514 1678 usque
1542 1599 1626 1658 ad
1652 1586 1986 1660 tertiumet

337 1684 620 1754 quartam
639 1688 1111 1759 generationem,
1136 1693 1195 1746 et
1218 1685 1603 1747 occultiorem
1628 1705 1867 1749 sensum
1892 1688 1986 1749 in-

338 1771 1197 1847 terpretaretur,incursionem
1218 1774 1458 1855 quidem
1481 1789 1535 1837 et
1564 1776 1987 1859 luctamimpua

338 1874 474 1918 nem
510 1874 640 1919 esse
668 1859 1184 1931 ait,assensionem
1219 1874 1412 1925 autem
1447 1871 1507 1927 et
1536 1872 1828 1930 actionem
1854 1887 1958 1948 pro
2012 1904 2048 1954 Β

342 1945 559 2036 mereri
584 1948 1061 2036 retributionnm.
1094 1956 1313 2014 Harum
1349 1954 1506 2015 enim
1540 1945 1875 2036 quaternio,
1904 1958 1991 2019 di-

341 2033 477 2095 vino
511 2034 647 2097 buic
679 2045 733 2099 et
781 2040 1161 2103 sanctissimo
1212 2043 1372 2106 Patri
1426 2043 1485 2105 in
1537 2033 1986 2124 generationum

339 2125 787 2216 quaternionem
822 2139 1070 2212 excepta
1092 2141 1200 2194 est.
1230 2131 1396 2205 Quod
1430 2133 1479 2194 si
1511 2134 1582 2208 is,
1617 2136 1719 2216 qui
1753 2155 1986 2216 pravam

338 2213 523 2275 animi
554 2218 1007 2299 conceptionem
1042 2222 1273 2283 ratione
1299 2224 1616 2303 superavit,
1639 2213 1719 2285 Vin
1754 2213 1989 2286 somnio

335 2310 535 2364 autem
569 2305 887 2369 libidinoso
918 2308 1271 2390 imaginatus
1294 2325 1376 2373 εει
1393 2361 1406 2386 ,
1431 2321 1487 2373 et
1507 2313 1761 2389 genitale
1783 2333 1989 2377 semen

336 2394 915 2476 excrevit,indignus
946 2398 1052 2459 tibi
1086 2399 1586 2481 existimatur,qui
1610 2401 1984 2465 incruentam

336 2482 653 2565 participet
674 2486 973 2550 victimam
1003 2507 1017 2551 :
1049 2489 1226 2552 etiam
1253 2490 1359 2551 tibi
1397 2491 1629 2553 occasio
1650 2507 1673 2537 κ
1697 2493 1988 2573 est,jeju-

338 2581 603 2651 nantem,
653 2577 811 2638 velut
864 2579 1366 2642 sanctiﬁcationes
1394 2581 1906 2663 participaturum,
1940 2584 1991 2645 si

338 2679 516 2725 carne
537 2665 885 2729 alimentum
921 2669 1288 2750 requirente,
1310 2670 1370 2731 in
1401 2673 1697 2733 somnium
1730 2675 1781 2734 ei
1815 2674 1993 2735 fuerit

336 2752 622 2835 oblatum,
651 2755 768 2818 cibi
801 2767 857 2819 et
889 2767 1063 2839 potus
1086 2759 1431 2840 opinionem
1458 2761 1766 2836 invehens,
1790 2773 1851 2824 ut
1870 2783 1986 2824 non

330 2841 603 2922 jejunum
627 2847 870 2909 arcendi
894 2865 927 2908 a
952 2849 1799 2931 participatione.Frequenter
1826 2854 1987 2914 enim

343 2932 634 3008 usuvenit,
680 2944 741 2995 nt
777 2936 828 2998 is
869 2937 972 3017 qui
1012 2938 1155 3013 sitit,
1188 2938 1262 2999 ad
1292 2956 1478 3017 aquas
1509 2948 1664 3001 stare
1696 2942 1982 3019 videatur,

340 3028 543 3083 etiex
602 3023 676 3084 iis
728 3025 995 3107 haurire,
1049 3027 1420 3108 implereque
1476 3039 1764 3094 ventrem.
1810 3030 1989 3093 Isaias

339 3110 515 3189 hujus
570 3112 656 3174 rei
707 3113 811 3175 tibi
856 3115 1033 3177 ﬁdem
1067 3117 1262 3190 faciat,
1297 3117 1543 3181 dicens:
1580 3118 1987 3192 Quemadmo-

337 3199 476 3261 dum
503 3202 763 3266 somniat
783 3204 992 3267 sitiens
1030 3214 1088 3268 et
1112 3206 1349 3291 bibens,
1382 3219 1441 3273 et
1461 3219 1845 3291 experrectus
1868 3210 1989 3272 sitit

335 3293 550 3357 adhuc.
602 3296 800 3358 anima
830 3307 1024 3361 autem
1060 3302 1188 3380 ejus
1231 3302 1291 3364 in
1327 3323 1539 3366 vanum
1572 3303 1868 3382 speravit;
1902 3306 1988 3366 sic

338 3393 516 3446 erunt
562 3394 622 3448 et
671 3388 937 3450 omnium
989 3391 1251 3470 gentium
1296 3393 1535 3455 divitiae.
1594 3394 1717 3472 Ego
1763 3394 1989 3457 veroin

335 3488 651 3536 sacrorum
690 3476 925 3538 Patrum
957 3480 1276 3559 quemdam
1320 3481 1528 3552 incidi,
1580 3501 1757 3563 quem
1780 3483 1989 3555 inveni

338 3564 695 3644 martyribus
735 3568 1146 3649 adaequantem
1198 3589 1323 3645 eos,
1378 3572 1480 3653 qui
1533 3573 1988 3651 cogitationibus

338 3663 662 3736 pugnanti,
698 3675 807 3717 nec
856 3656 909 3718 vi
958 3677 1160 3720 earum
1220 3661 1636 3725 succumbunt.
1699 3661 1988 3743 Tyrannis

339 3742 498 3804 enim
533 3743 765 3806 similes
795 3746 1047 3809 libidine
1077 3749 1402 3812 concitatas
1433 3742 1824 3830 cogitationes
1843 3775 1883 3814 ι.
1918 3752 1989 3814 Ει

336 3833 841 3910 quemadmodum
901 3836 987 3898 illi
1032 3855 1067 3899 a
1119 3857 1185 3900 se
1240 3850 1445 3921 captos
1501 3841 1783 3902 libamina
1831 3842 1989 3903 ferre

337 3920 514 3983 idolis
545 3924 988 4004 coegerunt,sic
1005 3920 1393 4006 cogitationes
1414 3928 1638 3991 illicitis
1656 3930 1987 3993 actionibus

337 4010 650 4074 succidere
683 4014 1052 4095 compellunt
1072 4030 1117 4077 ι.
1138 4014 1209 4077 Et
1229 4018 1731 4098 quemadmodum
1759 4020 1989 4100 tyranni

336 4100 693 4189 martyribus
722 4122 835 4164 non
868 4104 1417 4185 obtemperantibus
1436 4127 1611 4169 omne
1636 4109 1773 4170 mali
1796 4128 1988 4189 genus

334 4187 793 4265 inﬂixernnt,sic
817 4193 1207 4256 etinvisibilis
1245 4204 1524 4276 tyrannus
1568 4216 1683 4259 non
1726 4187 1986 4262 cedenti-

339 4276 452 4339 bus
482 4277 729 4359 impetui
746 4281 1154 4362 spiritualibus
1173 4283 1411 4347 athletis
1431 4305 1667 4348 omnem
1709 4288 1985 4349 afﬂictio-

337 4386 473 4429 nem
498 4366 698 4442 infert,
737 4389 843 4450 per
872 4371 1069 4433 carnis
1099 4373 1463 4435 titillationes
1480 4385 1539 4437 et
1560 4375 1984 4438 inﬂammatio-

2068 620 2204 689 σμοῦ
2257 620 2356 682 τῆς
2439 615 2576 671 κατὰ
2630 613 2862 673 διάνοιαν
2915 612 3173 695 ἁμαρτίας
3229 617 3373 688 αὒτῷ
3417 634 3720 695 προστετη-

2066 703 2223 767 κότος
2277 703 2643 783 όμόργματος,
2717 705 2774 761 Εἰ
2829 702 2876 759 δ’
2932 701 3367 783 ἐγκαταλειφθείη
3419 700 3721 782 προσϐαλὸν

2066 793 2128 849 τὸ
2197 792 2461 872 ἐνθύμιον,
2519 790 2846 861 ἆποϐληθείη
2927 790 3197 868 δηλονότι,
3272 793 3359 849 καὶ
3454 789 3721 873 ἄπρακτον

2070 882 2248 959 μείνῃ,
2296 882 2374 958 μὴ
2417 881 2647 959 μολύναν
2702 884 2793 939 τὸν
2835 888 2976 963 νοῦν,
3023 884 3097 947 εἰς
3153 881 3342 962 ἑορτὴν
3396 888 3473 957 τῷ
3542 887 3659 956 θεῷ
3684 881 3720 949 ἡ

2067 968 2442 1049 ἐγκατάλειψις
2473 972 2632 1027 αὒτοῦ
2698 969 3102 1050 λογισθήσεται,
3145 972 3235 1027 καὶ
3301 973 3362 1028 τὸ
3419 968 3721 1028 ἂποσκευάυ

2068 1063 2255 1118 σασθαι
2285 1061 2376 1117 τὸν
2446 1070 2565 1120 νοῦν
2616 1061 2679 1117 τὸ
2734 1061 2967 1140 πονηρὸν
3036 1057 3300 1136 διανόημα
3397 1056 3556 1119 Οὐδὲν
3623 1059 3722 1138 γὰρ

2068 1147 2205 1206 οὕτω
2250 1152 2324 1214 ὡς
2394 1150 2694 1229 καθαρότης
2762 1148 2941 1230 τέρπει
2991 1151 3081 1206 τὸν
3155 1150 3365 1229 Κύριον,
3417 1149 3506 1206 καὶ
3574 1145 3721 1205 ὠδὶν

2068 1245 2145 1313 τῷ
2189 1242 2399 1319 καθαρῷ
2455 1238 2813 1319 καθαρότητος
2871 1237 3138 1320 φίλτερον.
3195 1236 3433 1319 Ἀρέσκει
3491 1237 3592 1317 γὰρ
3645 1241 3723 1310 τῷ

2070 1334 2186 1404 θεῷ
2230 1328 2355 1406 ὓπὲρ
2384 1328 2593 1409 μόσχον
2654 1328 2794 1409 νέον,
2850 1329 2938 1385 καὶ
2965 1328 3095 1408 ὑπὲρ
3157 1333 3331 1385 πᾶσαν
3388 1327 3587 1401 θυσίαν,
3633 1326 3722 1381 καὶ

2067 1419 2412 1494 θυμιάματων
2496 1417 2733 1494 εὐόσμων
2790 1417 3171 1498 προσαγωγὴν,
3233 1418 3320 1473 καὶ
3375 1418 3554 1497 μύρων
3614 1438 3720 1473 πο-

2068 1505 2323 1568 λυτελῶν.
2360 1509 2457 1565 Καὶ
2488 1510 2516 1563 6
2560 1506 2724 1586 μέγας
2779 1505 2835 1563 δὲ
2909 1509 3092 1587 Πατὴρ
3148 1508 3237 1563 καὶ
3289 1504 3720 1586 φιλοσοφώτατος

2072 1596 2329 1672 Μάξιμος,
2362 1594 2673 1677 ἀλληγορῶν
2704 1599 2766 1653 τὸ
2831 1616 2856 1653 I
2892 1600 3001 1656 Οὗκ
3058 1594 3321 1653 ἀποδώσει
3380 1597 3565 1667 Κύριος
3621 1594 3721 1659 ἕως

2069 1687 2250 1765 τρίτης
2321 1687 2409 1743 καὶ
2451 1686 2706 1766 τετάρτης
2765 1693 2972 1766 γενεᾶς,
3015 1708 3039 1743 ο
3115 1687 3204 1743 καὶ
3257 1686 3723 1765 ἀναγωγικώτερον

2070 1774 2370 1852 ἑρμηνεύων
2409 1777 2557 1849 αὒτὸ,
2628 1776 2728 1844 τὴν
2772 1776 2869 1852 μὲν
2900 1773 3199 1855 προσϐολὴν
3238 1777 3324 1832 καὶ
3377 1777 3473 1844 τὴν
3542 1774 3721 1842 πάλην

2071 1863 2408 1943 ἀτιμώρητον
2437 1865 2580 1922 εἶναί
2621 1888 2751 1946 φησι
2786 1880 2800 1895 ⁸
2835 1865 2929 1933 τήν
2974 1861 3029 1921 δέ
3083 1885 3145 1943 γε
3204 1865 3580 1942 συγκατάθεσιν
3634 1864 3722 1922 καὶ

2070 1953 2169 2020 τὴν
2212 1952 2397 2031 πρᾶξιν
2440 1952 2706 2020 ἀξιοῦσθαι
2767 1952 3171 2017 ἀνταποδόσεως
3272 1946 3334 2011 Ἠ
3389 1955 3490 2033 γὰρ
3518 1953 3718 2010 τούτων

2069 2044 2352 2122 τετρακτὺς
2382 2050 2458 2118 τῷ
2509 2045 2631 2118 θείορ
2696 2045 2868 2118 τούτῳ
2916 2045 3005 2100 καὶ
3061 2044 3352 2120 σοφωτὶτῳ
3422 2044 3585 2122 Πα-’ρὶ
3655 2043 3724 2104 εἷς

2069 2132 2170 2200 τὴν
2227 2139 2332 2189 τῶν
2375 2136 2571 2211 γενεῶν
2627 2133 2928 2201 ἐξείληπται
2983 2134 3293 2213 τετρακτύν,
3355 2133 3415 2190 Εἰ
3470 2130 3526 2189 δέ
3567 2153 3650 2188 σοι
3694 2133 3724 2187 6

2071 2228 2147 2297 τῷ
2217 2221 2460 2301 λογισμῷ
2530 2226 2794 2303 κρατήτας
2851 2227 2949 2292 τῆς
3047 2227 3283 2302 πονηρᾶς
3354 2221 3714 2298 ἐνθυμήσεως,

2073 2309 2127 2365 ἐν
2182 2308 2443 2389 ὄνειρώξει
2501 2309 2555 2366 δὲ
2620 2313 2928 2392 φαντασθεὶς
3008 2313 3097 2367 καὶ
3194 2310 3477 2391 ἀποκρίνας
3532 2310 3718 2388 γονὴν,

2071 2404 2165 2454 τοῦ
2194 2413 2493 2480 μετασχετν
2520 2406 2620 2467 τῆς
2679 2401 3004 2475 ἀναιμάκτου
3081 2400 3258 2464 θυσίας
3328 2398 3537 2465 ἀνάξιος
3566 2398 3716 2477 ἢγη-

2073 2509 2159 2543 ται
2195 2503 2209 2516 ·
2244 2488 2354 2567 ὥρα
2384 2510 2466 2544 σοι
2496 2491 2584 2546 καὶ
2611 2490 2703 2546 τὸν
2762 2490 3103 2570 νηστεύοντα,
3161 2490 3236 2551 ὡς
3279 2495 3385 2546 τῶν
3442 2488 3720 2567 ἁγιασμά-

2073 2589 2179 2623 των
2238 2567 2541 2643 μεθέξοντα,
2629 2571 2673 2625 εἰ
2742 2574 2843 2637 τῆς
2912 2567 3107 2648 σὰρκὸς
3162 2569 3362 2650 τροφὴν
3432 2569 3720 2642 ζητούσης,

2072 2663 2315 2722 ἐνύπνιον
2376 2668 2517 2741 αὒτῴ
2591 2666 2831 2746 γένηται,
2912 2664 3063 2732 δόξαν
3145 2666 3341 2745 ἐπάγον
3396 2666 3596 2748 τροφῆς
3667 2686 3724 2723 τε

2070 2757 2157 2811 καὶ
2186 2756 2419 2832 πόσεως,
2460 2754 2726 2834 ἀπεῖρξαι,
2774 2758 2847 2819 ὡς
2920 2755 2998 2830 μὴ
3067 2760 3275 2830 νῆστιν,
3348 2754 3445 2824 τῆς
3477 2753 3722 2832 μεταλή-

2070 2850 2238 2921 ψεως.
2273 2851 2391 2903 Τῶν
2432 2848 2533 2925 γαρ
2597 2845 2850 2925 συχνάκις
2910 2841 3306 2919 συμϐαινόντων
3361 2844 3470 2901 ἐστὶ
3520 2846 3582 2901 τὸ
3629 2845 3722 2900 τὸν

2070 2934 2307 3011 διψῶντα
2358 2934 2536 2993 δοκεῖν
2588 2935 2642 2991 ἐν
2698 2934 2880 2998 ὕπνοις
2939 2935 3149 2990 ὲστᾶναι
3191 2931 3315 3014 παρ’
3387 2931 3571 3008 ὕδατα,
3637 2935 3725 2992 καὶ

2071 3026 2269 3081 τούτων
2313 3025 2577 3105 ἀρύεσθαι,
2640 3026 2727 3081 καὶ
2782 3024 2879 3092 τὴν
2937 3023 3167 3103 γαστέρα
3235 3021 3501 3105 πιμπλᾷν,
3565 3025 3661 3083 Καὶ
3694 3025 3722 3080 6

2074 3105 2302 3178 Ἠσαίας
2332 3101 2413 3172 σοι
2456 3101 2748 3192 τὸν-λόγον
2776 3113 3067 3187 πιστούτω,
3130 3111 3300 3191 λέγων
3336 3129 3351 3143 ⁶
3389 3101 3498 3171 ι’ον
3526 3112 3721 3193 τρόπον

2071 3203 2431 3276 ἐνυπνιάζεται
2463 3207 2491 3261 6
2543 3202 2708 3278 ’διψῶν
2762 3204 2849 3259 καὶ
2905 3201 3093 3274 πίνων,
3171 3203 3259 3257 καὶ
3310 3200 3593 3268 ἐξαναστὰς
3648 3202 3723 3259 ’ἐτι

2077 3291 2219 3369 διψᾷ,
2272 3297 2301 3363 ἱ,
2332 3292 2387 3350 δὲ
2449 3293 2603 3374 ψυχή
2663 3294 2821 3350 αὒτοῦ
2879 3293 2952 3354 εἷς
3007 3293 3160 3347 κενὸν
3228 3290 3452 3358 ἤλπικεν
3483 3313 3499 3328 '
3559 3292 3723 3357 οὕτως

2071 3382 2217 3441 ἔσται
2245 3386 2334 3441 καὶ
2363 3386 2391 3440 6
2422 3382 2678 3447 πλοῦντος
2708 3381 2920 3438 πάντων
2940 3386 3047 3436 τῶν
3102 3379 3285 3443 ἐθνῶν.
3343 3379 3487 3461 Ἐγὼ
3539 3381 3594 3439 δέ
3620 3404 3722 3439 τινι

2070 3480 2177 3530 τῶν
2228 3476 2379 3554 ἱερῶι
2439 3472 2685 3551 Πατέρων
2775 3469 3045 3549 ἕνέτυχον,
3131 3471 3220 3527 καὶ
3318 3472 3572 3552 μάρτυσιν
3643 3470 3720 3538 ἐξ·

2074 3570 2286 3621 ισοῦντα
2354 3573 2538 3622 τοῦτον
2597 3564 2741 3640 εὖρον
2811 3561 2933 3623 τοὺς
3002 3557 3287 3639 λογισμοῖς
3344 3562 3719 3637 πυκτεύοντας,

2071 3655 2159 3709 καὶ
2188 3660 2256 3731 τῇ
2287 3654 2486 3711 τούτων
2514 3652 2602 3730 βίᾳ
2648 3651 2727 3728 μὴ
2798 3649 3215 3715 ὅποκύπτοντας.
3288 3652 3566 3731 Τυράννοις
3622 3651 3722 3731 γὰρ

2069 3744 2269 3819 ὡμοίου
2299 3744 2420 3807 τοὺς
2449 3742 2708 3818 ἐμπαθεῖς
2758 3739 3045 3819 λογισμούς
3080 3755 3094 3770 ⁸
3141 3741 3229 3797 καὶ
3284 3740 3464 3821 ὥσπερ
3529 3740 3718 3799 ἐκεῖνοι

2069 3834 2192 3898 τοὺς
2222 3833 2313 3890 ὑπ’
2363 3836 2532 3891 αὒτῶν
2588 3829 2970 3906 ἁλισκομένους
3026 3827 3254 3894 σπονδὰς
3331 3828 3564 3897 εἰδώλοις
3621 3831 3722 3912 φέ-

2070 3944 2178 4001 ρειν
2220 3924 2544 4002 ἠνάγκαζον,
2614 3920 2750 3978 οὕτω
2805 3916 2872 3987 δὴ
2929 3919 3018 3974 καὶ
3074 3921 3121 3975 οἱ
3186 3918 3432 3999 λογισμοὶ
3473 3921 3722 3999 ἀθέσμοις

2070 4010 2315 4091 πράξεσιν
2370 4013 2690 4069 ὑποκύπτειν
2732 4009 2994 4087 βιάζουσι,
3070 4009 3168 4066 Καὶ
3237 4011 3309 4074 ὡς
3367 4012 3414 4066 οἱ
3482 4012 3723 4092 τύραννοι

2071 4104 2148 4178 μὴ
2200 4102 2532 4178 πειθομένοις
2600 4112 2720 4164 τοῖς
2778 4099 3029 4177 μάρτυσιν
3083 4097 3286 4178 ἐπῆγον
3341 4099 3551 4158 ἅπασαν
3619 4101 3722 4158 κά-

2069 4213 2257 4266 κωσιν,
2305 4190 2473 4255 οὕτως
2504 4189 2601 4269 ἄρα
2656 4190 2745 4245 καὶ
2772 4189 2801 4244 6
2858 4186 3080 4265 ἀόρατος
3148 4189 3392 4267 τύραννος
3451 4192 3529 4267 μὴ
3582 4189 3722 4248 ἐνδι-

2069 4278 2213 4337 δοῦσι
2283 4287 2350 4357 τῇ
2416 4275 2697 4359 πφοσὸολῇ
2768 4290 2888 4339 τοῖς
2958 4290 3340 4352 πνευματικοῖς
3395 4302 3727 4361 παγκρατια-

2068 4383 2223 4435 σταῖς
2255 4377 2429 4427 πᾶσαν
2514 4368 2701 4447 ἐπάγει
2758 4366 3018 4439 κάκωσιν,
3076 4363 3161 4421 διὰ
3217 4366 3595 4447 γαργαλισμῶν
3626 4371 3724 4437 τῆς

338 4456 576 4520 nem.Et
599 4466 659 4519 ut
683 4458 765 4519 illi
794 4478 858 4521 se
889 4479 1006 4522 nou
1030 4461 1722 4545 submitttentes,marlyr
1748 4465 1857 4529 bus
1874 4487 1983 4528 an-

2071 4462 2264 4539 σαρκὸς
2305 4460 2395 4517 καὶ
2448 4458 2761 4538 πυρώσεως,
2835 4457 2934 4515 Καὶ
3003 4457 3076 4519 ὡς
3132 4455 3329 4514 ἐκεῖνοι
3385 4458 3464 4534 μὴ
3533 4459 3727 4517 ὑποκύ..

342 4551 633 4613 numerati
665 4559 824 4619 sunt.
860 4550 999 4614 licet
1030 4571 1146 4614 non
1181 4571 1286 4634 ρετ
1315 4552 1593 4631 gladium.
1634 4556 1723 4617 vel
1761 4556 1983 4637 ignem,

344 4637 1589 4723 velornamentamortemsubierint(quales
1602 4644 1762 4706 fuere
1779 4656 1992 4728 marty-

335 4728 635 4790 resmulti:
662 4729 874 4792 eodem
909 4730 1082 4812 plane
1116 4731 1290 4792 modo
1323 4740 1382 4793 et
1416 4732 1616 4814 iis,qui
1660 4734 1989 4797 in-incursu

337 4827 771 4880 commotarum
806 4818 1051 4882 libidine
1075 4819 1489 4900 cogitationem
1531 4842 1648 4883 non
1678 4836 1988 4886 cesserunt

334 4907 732 4971 contentionis
762 4910 1112 4982 constantia,
1162 4910 1566 4972 testimonium
1599 4912 1987 4977 conscientiae

333 4994 549 5057 factum
579 4997 910 5071 estb.Quod
943 4997 1135 5061 sicubi
1167 4998 1401 5081 linquit)
1424 5000 1915 5065 inﬂammationis
1932 5003 1985 5064 vi

334 5093 645 5164 superatus
718 5095 880 5167 terga
926 5087 1178 5164 dederit,
1237 5098 1292 5150 et
1354 5090 1702 5152 assensione
1764 5093 1992 5155 mentis

338 5181 644 5263 peccatum
667 5188 947 5258 operatus
968 5179 1084 5253 sit;
1116 5178 1194 5239 de
1223 5179 1284 5240 in
1315 5181 1404 5241 sui
1439 5199 1686 5262 compos
1708 5181 1988 5263 factus,et

336 5281 455 5343 quo
485 5262 710 5327 teratur
736 5285 1126 5347 cognoscens,
1163 5267 1237 5330 ab
1262 5268 1496 5331 actione
1524 5262 1987 5349 abstinuerit,et

2071 4555 2291 4627 ψαντες,
2363 4563 2483 4615 τοῖς
2545 4549 2767 4624 μάρτυσι
2827 4546 3239 4625 συνηρίθμηνται
3273 4561 3288 4577 ⁸
3348 4546 3446 4605 κᾶν
3497 4549 3575 4623 μὴ
3632 4550 3725 4607 τὸν

2070 4636 2155 4695 διὰ
2224 4638 2396 4719 ξίφους
2440 4638 2476 4701 ἢ
2545 4638 2706 4716 πυρὸς
2761 4634 2798 4703 ἢ
2842 4634 3086 4711 βασάνων
3148 4632 3449 4702 ὑπέστησαν
3503 4638 3725 4698 θάνατον

2076 4729 2207 4809 (οἷοι
2253 4726 2442 4786 πολλοὶ
2483 4727 2732 4806 γεγόνασι
2781 4720 3070 4805 μάρτυρες)
3100 4740 3116 4755 ⁸
3144 4725 3236 4779 τὸν
3260 4725 3417 4784 αὺτὸν
3444 4724 3510 4795 δὴ
3533 4727 3726 4807 τρόπον

2069 4822 2157 4877 καὶ
2184 4832 2302 4883 τοῖς
2334 4817 2388 4875 ἐν
2421 4824 2486 4894 τῇ
2542 4813 2812 4897 προσϐολῇ
2878 4818 2985 4869 τῶν
3039 4811 3291 4887 ἐμπαθῶν
3331 4812 3603 4894 λογισμῶν
3646 4816 3725 4892 μὴ

2069 4907 2343 4990 γαλάσασι
2366 4909 2428 4965 τὸ
2457 4904 2666 4963 εὔτονον
2725 4905 2822 4971 τῆς
2883 4901 3212 4978 ὲνστάσεως,
3270 4904 3330 4958 τὸ
3386 4906 3523 4960 κατὰ
3550 4906 3726 4965 συνεί-

2068 4980 2219 5066 θησιν
2277 4996 2560 5077 μαρτύριον
2636 4992 2879 5062 ἤνυσται.
2957 4992 3015 5048 Εἰ
3082 4987 3138 5047 δέ
3221 5013 3324 5048 που
3385 4990 3563 5075 (φησὶ)
3636 4996 3727 5052 καὶ

2068 5087 2314 5155 ὑπενδοίη
2386 5093 2452 5155 τῇ
2508 5086 2596 5162 βίᾳ
2665 5080 2957 5158 νικώμενος
3054 5085 3156 5148 τῆς
3244 5082 3555 5165 πύρώσεως,
3637 5087 3727 5143 καὶ

2069 5175 2442 5258 συγκαταθέσει
2484 5176 2583 5242 τὴν
2638 5172 2777 5229 κατὰ
2843 5168 3073 5258 διάνοιαν
3125 5171 3384 5250 ἁμαρτίαν
3415 5172 3720 5253 ἐργάσαιτο,

2069 5257 2173 5328 εἷθ’
2220 5269 2409 5326 ἑαυτοῦ
2468 5263 2703 5343 γεγονὼς
2772 5261 2860 5317 καὶ
2916 5257 3027 5328 ὅπη
3078 5258 3290 5341 φέρεται
3343 5262 3525 5344 γνοὺς,
3581 5262 3726 5321 ἀπο-

1664 5440 1920 5505 νΑΒΙιΕ
1966 5433 2402 5507 LECTIONES.

415 5563 442 5595 ιι
471 5552 876 5649 cogitationis.
911 5565 935 5598 ν
966 5558 1425 5649 cogitationem.
1459 5570 1489 5649 ξ
1515 5566 1754 5649 tempus
1783 5567 1871 5624 est
1885 5562 2380 5649 jejunantemmt
2404 5558 2787 5649 sacramenta
2799 5551 3129 5649 percipiat.
3150 5561 3185 5649 A!
3215 5551 3479 5645 quicum
3507 5553 3733 5649 cogita-

340 5631 610 5729 tionibus
640 5631 1079 5729 colluctantuf.
1112 5648 1135 5679 ι
1173 5631 1832 5729 comparabatvi'tiosas
1846 5631 2259 5729 cogitationes.
2282 5631 2830 5729 isuccumbcreme't
2849 5631 2926 5695 ab
2952 5631 3106 5729 illis,
3134 5631 3243 5726 qui
3257 5632 3325 5695 in
3344 5631 3734 5729 aggressione

337 5716 394 5781 vi
408 5715 707 5783 tiosarum
737 5716 1178 5798 cogitationum
1200 5717 1271 5781 de
1291 5715 1673 5785 contentione
1693 5715 1973 5786 obstandi
1983 5721 2475 5797 nilremtserunt,
2496 5715 2876 5782 conscientias
2895 5716 3268 5795 martyrium
3286 5722 3379 5778 est
3391 5715 3730 5797 peractum.
