4128 6424
317 385 489 456 1625
1676 391 1982 459 GRAECO-

2076 388 2400 458 iMANUM.
3585 387 3738 459 1026

325 523 488 592 σταίη
517 529 617 592 τῆς
651 523 913 608 πράξεως,
977 527 1066 583 καὶ
1133 528 1224 583 τὸν
1292 525 1548 605 λογισμὸν
1605 527 1824 585 τονώσει
1855 528 1984 607 πρὸς

2076 524 2491 604 cogitationem
2542 524 2910 587 conﬁrmarit
2957 521 3029 587 ad
3079 540 3360 607 pugnam,
3397 534 3455 587 et
3503 525 3732 588 mentis

333 611 600 694 ἔνστασιν,
636 615 723 672 καὶ
751 614 1137 696 ἀποκρούσεται
1194 618 1257 672 τὸ
1315 616 1574 692 ἐνθύμιον,
1635 615 1781 674 0‘36?»
1807 624 1986 674 τοῦτον

2076 623 2430 694 conceptum
2461 613 2756 694 expulerit
2786 631 2800 676 :
2828 632 3022 695 neque
3055 615 3210 676 hunc
3242 615 3624 676 conscientiae.
3644 623 3732 677 te-

328 710 428 760 τοῦ
485 705 621 760 κατά
705 702 1000 772 συνείδησιν
1056 705 1337 785 μαρτυρίου
1406 704 1549 785 λέγει
1609 706 1986 784 στερίσκεσθαι.

2076 703 2352 766 alimonio
2372 716 2396 748 ο
2419 703 2636 785 privari
2669 703 2838 766 dicit.
2857 701 3002 765 Nam
3036 723 3148 766 nec
3165 704 3264 786 qui
3297 711 3728 767 tormentorum

337 794 490 853 Ἐπεὶ
523 796 648 874 μηδ’
694 800 752 864 ὃς
795 805 864 876 τῇ
916 800 1004 878 βίᾳ
1053 805 1158 856 τῶν
1215 799 1484 858 κολάσεων
1537 798 1810 876 ὕπενδοὺς,
1855 800 1986 858 θύειν

2076 794 2267 858 dolori
2299 794 2544 876 cedens,
2578 795 3049 858 sacriﬁcaturum
3081 814 3146 858 se
3178 795 3474 877 promisit.
3511 796 3734 860 deinde

333 885 630 968 ὑπέσχετο,
664 889 789 946 εἶτα
819 894 897 963 τῷ
941 889 1109 966 βωμῷ
1166 891 1490 970 προσαχθεὶς
1549 896 1640 946 τοῦ
1711 891 1849 947 θύειν
1893 889 1996 946 ἀπ-

333 975 558 1057 έσχετο,
601 978 708 1034 τῶν
739 980 1036 1058 μαρτυριῶν
1065 977 1371 1036 ἐκπεσεῖται
1398 985 1592 1059 γερῶν.

424 1065 591 1125 Ἀλλὰ
641 1069 766 1149 φασί
818 1089 958 1133 τινες
1014 1069 1135 1132 τοὺς
1190 1091 1355 1126 ταυτα
1413 1067 1848 1146 δογματιζοντας,
1907 1066 1998 1149 καὶ

331 1148 676 1222 διδάσκοντας
708 1155 906 1238 λέγειν,
938 1160 1012 1222 ὡς
1060 1160 1145 1214 καὶ
1203 1161 1230 1214 6
1298 1156 1464 1236 μέγας
1535 1158 1805 1222 Βασίλειος
1877 1148 1996 1235 περὶ

333 1247 528 1304 τούτου
584 1245 862 1326 ἐρωτηθεὶς
944 1246 1160 1324 ἀπεῖρξε
1214 1247 1334 1310 τοὺς
1411 1249 1675 1312 τοιούτους
1733 1254 1832 1316 τῆς
1888 1252 1994 1303 τῶν

332 1337 684 1414 ἀγιασμάτων
743 1335 1024 1412 μεθέξεως.
1111 1344 1334 1394 Δοκοῦσι
1431 1335 1484 1393 δέ
1532 1361 1624 1414 μοι
1683 1341 1729 1395 οἱ
1784 1343 1852 1414 τῇ
1903 1344 1993 1394 τοῦ

329 1427 489 1505 ἁγίου
536 1427 722 1483 τούτου
781 1427 984 1505 Πατρὸς
1030 1425 1301 1506 ἀποκρίσει
1375 1427 1646 1507 χρώμενοι
1710 1429 1841 1508 πρὸς
1894 1428 1990 1494 τὴν

327 1521 436 1584 τῆς
507 1517 698 1580 οἰκείας
784 1516 1079 1581 ἐνστάσεως
1137 1516 1408 1592 σύστασιν,
1481 1518 1517 1586 ἢ
1575 1517 1784 1583 ἑκόντες
1844 1517 1991 1593 μύειν

325 1609 466 1686 πρὸς
496 1606 594 1673 τὴν
638 1603 912 1684 ἀλήθειαν,
947 1605 983 1673 ἢ
1013 1609 1103 1662 τὸν
1128 1612 1246 1662 νοῦν
1296 1608 1375 1681 μὴ
1420 1606 1646 1664 συνιέναι
1694 1610 1792 1676 τῆς
1851 1606 1992 1663 ἀπο-

325 1697 578 1775 κρίσεως.
609 1695 934 1772 ’Λναγιιατον
963 1691 1018 1750 δὲ
1088 1696 1173 1751 οιαὶ
1232 1697 1393 1763 αὗτης
1449 1698 1578 1776 πρὸς
1636 1698 1780 1774 ρῆμα
1846 1719 1992 1771 μνη-

2078 885 2151 947 ad
2184 903 2345 946 aram
2378 885 2668 946 adductus
2699 904 2732 946 a
2763 883 3152 947 sacriﬁcando
3207 884 3517 961 abstinuit,
3568 904 3731 949 mar-

2082 982 2271 1054 tyrum
2298 973 2622 1054 privabitur
2651 975 2928 1053 prtemiis.

2163 1061 2382 1125 Verum
2412 1063 2578 1125 aiunt
2607 1063 2790 1141 aliqui
2823 1083 2948 1137 eos,
3003 1063 3103 1144 qui
3153 1063 3279 1125 hac
3322 1063 3642 1126 instituunt
3673 1073 3733 1126 et

2076 1151 2313 1220 docent.
2349 1151 2577 1226 dicere,
2629 1152 2786 1234 quod
2841 1161 2897 1214 et
2947 1171 3194 1232 magnus
3244 1152 3499 1215 Basilius
3552 1153 3627 1215 de
3659 1172 3730 1216 eo

2080 1242 2496 1322 interrogatus,
2533 1241 2680 1303 tales
2721 1241 3096 1322 prohibuerit
3127 1261 3158 1302 a
3190 1241 3728 1304 sanctiﬁcationum

2079 1330 2549 1411 participatione.
2607 1331 2903 1394 Videntur
2951 1341 3148 1393 autem
3206 1330 3374 1411 mihi,
3409 1330 3511 1412 qui
3541 1331 3732 1393 sancti

2077 1421 2253 1501 hujus
2286 1421 2479 1484 Patris
2508 1422 2899 1503 responsione
2918 1421 2992 1482 ad
3025 1439 3147 1482 suae
3176 1419 3474 1482 instantiae
3503 1420 3729 1483 consti-

2077 1509 2364 1573 tutionem
2398 1520 2644 1574 utuntur
2667 1515 2715 1585 ά,
2739 1511 2827 1574 vel
2857 1511 3124 1573 volentes
3151 1510 3226 1572 ad
3255 1511 3566 1571 veritatem
3591 1528 3730 1571 con-

2075 1601 2303 1672 venire,
2347 1601 2434 1662 vel
2482 1609 2742 1662 mentem
2785 1599 3194 1681 responsionis
3221 1618 3340 1660 non
3370 1599 3726 1678 intelligere.

2077 1688 2334 1752 Necesse
2381 1702 2576 1752 autem
2628 1701 2716 1751 est
2763 1689 3246 1767 interrogationis
3283 1689 3456 1750 verba
3483 1688 3582 1750 hic
3615 1687 3724 1750 ad-

325 1790 520 1854 σθῆναι
546 1789 646 1852 τῆς
676 1783 1010 1864 ἐρωτήσεως,
1043 1786 1130 1841 καὶ
1157 1788 1256 1851 τῆς
1315 1788 1445 1861 πρὸς
1479 1786 1641 1852 αὖτὴν
1698 1794 1791 1842 τοῦ
1821 1794 1986 1865 cro-po)

2076 1781 2357 1860 scribere,
2395 1789 2451 1842 et
2479 1781 2550 1841 ad
2585 1799 2717 1842 eam
2742 1780 2907 1842 factae
2936 1798 2968 1840 a
2990 1779 3258 1859 sapiente
3279 1778 3380 1840 illo
3405 1777 3728 1858 divinoque

328 1876 532 1933 ἐκείνου
585 1876 675 1931 καὶ
742 1877 877 1930 θείο)
973 1876 1175 1953 [ἰατρὸς
1264 1874 1608 1954 ἀποκρίσεως.
1679 1865 1849 1956 "Exn
1922 1874 1986 1940 δὴ

2076 1869 2242 1931 Patre
2258 1869 2882 1950 responsionis.Plane
2903 1867 2988 1930 sic
3011 1886 3075 1929 se
3099 1867 3276 1929 habet
3295 1866 3682 1956 interregatio
3712 1888 3724 1929 :

331 1965 596 2045 ἐρώτησις
652 1961 816 2028 οὕτως
857 1982 869 1996 ’
937 1964 994 2020 Εἰ
1050 1968 1155 2019 τῶν
1212 1966 1447 2034 συνήθων
1503 1967 1590 2022 καὶ
1645 1966 1782 2022 κατά
1838 1965 1986 2044 φύσιν

2076 1958 2136 2022 Si
2167 1969 2452 2022 consueta
2495 1968 2552 2020 et
2601 1958 2892 2021 naturalia
2939 1956 3195 2038 cuipiam
3247 1955 3600 2037 acciderint,
3653 1973 3730 2018 an

327 2055 626 2134 γινομένων
654 2053 779 2124 τινὶ,
811 2054 920 2134 χρὴ
986 2051 1190 2126 τολμᾷν
1219 2055 1291 2118 εἷς
1320 2055 1594 2112 κοινωνίαν
1669 2060 1769 2111 τῶν
1826 2055 1986 2132 ἁγίων

2076 2057 2343 2129 oporteat
2373 2049 2435 2109 in
2467 2050 2948 2110 communionem
2983 2055 3320 2108 sanctorum
3351 2045 3730 2108 admitteree?

330 2132 748 2223 παραδέχεσθαι.
788 2132 850 2200 Ἡ
883 2139 938 2198 δὲ
992 2141 1269 2222 ἀπόκρισις
1331 2143 1468 2200 οὕτω
1514 2163 1526 2177 ·
1579 2146 1858 2223 Κρείττονα
1891 2149 1986 2209 τῆς

2079 2138 2410 2220 Responsio
2432 2147 2629 2200 autem
2657 2139 2715 2198 in
2741 2138 2902 2198 hunc
2925 2135 3496 2198 modumzhleliorem
3515 2143 3731 2197 natura

336 2234 544 2313 φύσεως
625 2232 712 2287 καὶ
798 2236 898 2298 της
981 2233 1256 2298 συνηθείας
1346 2230 1532 2298 ἔδειξεν
1584 2235 1612 2288 6
1672 2233 1986 2296 Ἀπόστολος

2081 2243 2141 2290 et
2170 2227 2632 2290 consuetudinef
2647 2225 2906 2288 ostendit
2930 2225 3250 2305 Apostolus
3278 2243 3411 2286 esse
3442 2242 3602 2299 eum,
3627 2226 3728 2305 qui

341 2322 486 2378 εἶναι
543 2321 633 2376 τὸν
689 2319 744 2374 ὲν
798 2328 874 2396 τῷ
953 2321 1238 2398 βαπτισμῷ
1323 2321 1648 2402 συνταφέντα
1732 2329 1986 2402 Χριστῷι

2082 2319 2141 2378 in
2174 2317 2466 2399 baptismo
2512 2336 2647 2378 cum
2680 2318 2912 2379 Christo
2943 2314 3209 2396 sepultus
3240 2321 3328 2376 est
3359 2335 3372 2372 :
3407 2333 3566 2402 nunc
3587 2315 3724 2395 qui-

332 2415 466 2473 ποτὶ
495 2415 593 2489 μὲν
623 2415 803 2491 εἰπὼν,
831 2415 912 2471 ὅτι
943 2418 971 2472 6
1042 2414 1271 2480 παλαιὸς
1335 2417 1490 2490 ἡμῶν
1566 2412 1840 2494 ἅνθρωπος
1871 2438 1986 2473 συν-

2085 2407 2218 2469 dem
2252 2405 2748 2481 dicens,veterem
2782 2413 3048 2466 nostrum
3077 2402 3380 2465 hominem
3401 2401 3576 2464 simul
3601 2423 3731 2466 cru-

330 2504 657 2584 εσταυρώθῃ,
693 2502 782 2561 ἵνα
824 2508 1134 2584 καταργηθῇ
1202 2506 1263 2561 τὸ
1344 2510 1499 2580 σῶμα
1556 2505 1648 2573 τῆς
1704 2505 1984 2584 ἁμαρτίας,

328 2600 426 2650 τοῦ
483 2593 677 2669 μηκέτι
742 2591 1001 2650 δουλεύειν
1098 2595 1242 2670 ἡμᾶς
1323 2599 1391 2662 τῆ
1444 2595 1670 2674 ἁμαρτίᾳ
1704 2611 1718 2624 '
1748 2596 1877 2652 ποτὲ
1935 2594 1987 2651 δὲ

333 2681 723 2761 παραγγείλας,
760 2684 1072 2762 Νεκρώσατε
1103 2683 1192 2739 οὖν
1247 2684 1312 2742 τὰ
1369 2681 1508 2759 μέλη
1557 2685 1704 2759 ὑμῶν
1757 2685 1823 2741 τὰ
1907 2685 1990 2743 ἐπὶ

333 2776 433 2841 τῆς
501 2776 628 2850 γῆς,
685 2793 952 2850 πορνειαν,
1029 2771 1372 2851 ἀκαθαρσίαν,
1469 2773 1656 2852 πάθος,
1718 2772 1990 2850 ἐπιθυμίαν

330 2861 524 2933 κακὴν,
559 2862 648 2917 καὶ
676 2860 774 2929 τὴν
806 2859 1128 2940 πλεονεξίαν,
1197 2860 1313 2929 ἥτις
1343 2861 1479 2918 ἐστὶν
1539 2860 1936 2944 εἶδωλολατρεία
1971 2884 1986 2899 °

336 2947 366 3004 ὃ
389 2945 404 2967 τ
437 2949 456 2966 Η
495 2948 518 2969 )I
626 2971 653 2981 _
860 2951 872 2970 ν
951 2950 966 2970 \
1107 2953 1136 2964 ν
1281 2951 1310 2961 θ’
1435 2952 1448 2970 ι
1572 2952 1584 2967 \
1777 2953 1790 2967 δ
1929 2957 1953 2966 ε

369 2971 385 3003 ι
436 2970 468 3004 α
497 2971 710 3029 ερχευαι
847 2971 981 3030 οργη
1043 2973 1139 3008 του
1179 2957 1312 3007 Θεου
1368 2950 1453 3007 ἐπι
1507 2973 1627 3017 τους
1696 2955 1834 3015 υίους
1891 2975 1989 3022 της

337 3036 622 3102 ἀπειθείας.
682 3039 817 3095 Ποτὲ
865 3037 920 3094 δὲ
991 3039 1114 3120 ὅρον
1164 3038 1462 3119 ἐκθέμενος,
1522 3040 1577 3095 ἐν
1632 3047 1710 3115 τῷ
1765 3043 1934 3098 εὶπεῖν
1969 3059 1982 3072 ·

2082 2497 2319 2558 ciﬁxum
2355 2515 2510 2576 esse,
2559 2504 2622 2557 ut
2670 2497 2928 2556 solvatur
2959 2512 3173 2574 corpus
3204 2492 3453 2573 peccati,
3489 2511 3564 2554 ne
3594 2512 3728 2554 am-

2075 2587 2228 2666 plius
2260 2586 2590 2647 serviamus
2622 2591 2865 2665 peccato
2896 2607 2908 2641 τ
2946 2583 3094 2646 alias
3124 2590 3323 2645 autem
3349 2582 3724 2664 praecipiens:

2074 2675 2428 2739 Mortiﬁcate
2485 2675 2664 2754 igitur
2711 2672 2983 2736 membra
3041 2685 3251 2747 vestra,
3304 2690 3435 2752 quaa
3480 2681 3617 2733 sunt
3665 2672 3728 2734 in

2076 2773 2254 2842 terra,
2309 2765 2757 2840 scortationem,
2809 2763 3274 2838 immunditiem,
3325 2761 3725 2840 aﬂ‘ectionem,

2074 2854 2618 2936 concupiscentiam
2647 2873 2913 2934 pravam,
2953 2863 3012 2916 et
3040 2853 3174 2934 plus
3203 2851 3463 2914 habendi
3487 2853 3725 2933 cupidi-

2073 2955 2254 3007 tatem
2283 2964 2332 3026 c,
2368 2964 2497 3026 quze
2531 2953 2620 3006 est
2650 2943 3005 3018 idololatria,
3035 2961 3142 3024 per
3171 2961 3302 3024 quae
3323 2942 3481 3003 venit
3506 2943 3597 3004 ira
3621 2941 3729 3004 Dei

2070 3035 2131 3097 in
2164 3034 2317 3098 ﬁlios
2347 3033 2959 3097 inobedientize.Alibi
2979 3042 3177 3095 autem
3206 3032 3561 3095 terminumx
3587 3051 3726 3114 epo-

337 3127 404 3183 Οἳ
476 3135 568 3186 τοῦ
637 3133 861 3206 Χριστοῦ
945 3117 1124 3196 Ἰησοῦ
1208 3130 1306 3195 τὴν
1389 3117 1556 3207 σάρκα
1655 3128 1986 3208 ἐσταύρωσαν

2076 3144 2244 3197 nens,
2278 3125 2536 3186 dicendo
2572 3141 2585 3187 :
2620 3123 2729 3196 Qui
2764 3133 2962 3186 autem
3023 3122 3162 3186 Jesu
3215 3122 3434 3187 Christi
3485 3141 3725 3185 carnem

331 3215 426 3270 σὺν
493 3228 609 3280 τοῖς
666 3219 941 3293 παθήμασι
1011 3219 1099 3274 καὶ
1150 3231 1273 3282 ταῖς
1344 3217 1661 3294 ἐπιθυμίαις,
1737 3218 1880 3298 Ἐγὼ
1935 3219 1986 3277 δὲ

2076 3214 2497 3276 cruciﬁxerunt
2518 3234 2651 3276 cum
2672 3213 3090 3277 aﬂ‘ectionibus
3116 3223 3180 3276 et
3195 3212 3721 3292 concupiscentiis.

332 3302 524 3382 ἔγνων,
569 3305 649 3361 ὅτι
680 3309 844 3364 ταῦτα
899 3309 987 3365 καὶ
1042 3309 1386 3388 κατωρθώθη,
1452 3316 1582 3368 Θεοῦ
1639 3309 1845 3390 χάριτι,
1900 3312 1986 3368 καὶ

2076 3303 2192 3384 Ego
2221 3314 2420 3366 autem
2451 3304 2576 3366 scio
2621 3304 2745 3366 haec
2796 3305 2972 3366 etiam
3019 3310 3286 3364 correcta
3330 3301 3512 3364 fuisse
3536 3311 3582 3378 ιι,
3618 3301 3728 3365 Dei

327 3395 384 3450 εν
415 3392 654 3474 ἀνδράσι,
699 3397 868 3454 καὶέν
927 3398 1148 3479 γυναιξὶ,
1205 3399 1375 3455 πίστει
1433 3405 1502 3476 τῇ
1532 3401 1606 3463 εἷς
1648 3402 1738 3457 τὸν
1793 3401 1979 3480 Κύριον

325 3484 544 3562 γνησίᾳ.

408 3583 516 3632 Τοῦ
581 3573 635 3630 δὲ
692 3574 746 3631 ἐν
803 3575 1088 3654 ἀκοθαρσίᾳ
1182 3575 1308 3634 ὄντα
1375 3579 1493 3635 τινὰ
1570 3578 1799 3656 ἐγγίζειν
1870 3593 1986 3643 τοῖς

320 3662 522 3744 ἁγίοις,
555 3665 644 3720 καὶ
674 3663 736 3722 ἐκ
776 3670 873 3732 τῆς
945 3663 1182 3732 Παλαιᾶς
1243 3668 1514 3738 Διαθήκης
1560 3665 1780 3747 φοϐερὸν
1837 3667 1984 3725 διδα-

322 3753 578 3838 σκόμεθα⁴
606 3756 666 3810 τὸ
737 3768 928 3834 κρῖμα.
1005 3757 1064 3812 Ei.
1092 3754 1146 3811 δὲ
1190 3754 1380 3814 πλεῖον
1411 3763 1502 3813 τοῦ
1533 3760 1672 3836 ἱεροῦ
1726 3755 1848 3838 ὧδε,
1883 3780 1985 3838 φο-

319 3837 614 3922 ϐερώτερον
647 3839 917 3910 δηλονότι.
953 3842 1225 3901 Παιδεύσει
1284 3843 1341 3901 δὲ
1397 3847 1541 3920 ἡμᾶς
1572 3848 1599 3902 6
1632 3837 1980 3921 Ἀπόστολος,

322 3932 492 3988 εἰπών
527 3937 543 3962 ⁶
570 3922 628 3990 Ὀ
691 3931 872 4016 ἐσθίων
927 3934 1016 3990 καὶ
1086 3934 1250 3990 πίνων
1305 3932 1549 4010 ἀναξίως,
1598 3948 1772 4016 κρῖμα
1815 3939 1986 4012 ἑαυτῷ

324 4020 483 4078 ἐσθίει
515 4022 604 4078 καὶ
632 4021 790 4080 πίνει.
853 4009 947 4080 Ἐκ
997 4029 1122 4102 γοῦν
1174 4029 1280 4080 τῶν
1349 4024 1602 4102 ῥημάτων
1671 4030 1769 4093 τῆς
1840 4025 1982 4084 ἀπο-

321 4110 550 4189 κρίσεως
581 4107 837 4170 δείκνυται
867 4113 939 4176 ὡς
981 4114 1009 4168 6
1049 4111 1217 4191 μέγας
1289 4116 1439 4177 οὗτος
1515 4115 1698 4194 Πατὴρ
1751 4116 1811 4172 οὑ
1867 4117 1984 4195 περὶ

320 4196 655 4278 ἀφαντάστου
712 4200 936 4279 ῥεύσεως
1025 4201 1264 4278 εἴρηκεν,
1340 4200 1457 4261 οὐδὲ
1514 4204 1631 4282 περὶ
1710 4225 1984 4284 πέφαντα-

320 4288 528 4363 σμένης
559 4288 680 4366 μὲν,
740 4289 1026 4366 ἐμπαθείας
1084 4288 1139 4346 δὲ
1189 4292 1482 4371 γενομένης
1527 4293 1717 4373 χωρὶς,
1775 4295 1864 4354 καὶ
1917 4295 1984 4361 ἧς

321 4374 573 4454 ἐπιθυμία
615 4382 676 4438 οὐ
701 4381 1053 4460 προηγήσατο
1088 4399 1104 4416 ⁶
1149 4380 1186 4449 ἢ
1255 4379 1354 4437 κᾶν
1390 4380 1524 4447 ἴσως
1594 4384 1682 4440 καὶ
1733 4386 1982 4464 προηγή-

323 4488 478 4549 σατο,
515 4465 634 4524 ἀλλ’
664 4467 968 4546 ἀπεϐλήθη,

319 4564 459 4630 σ’μοῦ
497 4575 510 4590 ⁸
547 4556 684 4642 ὥστε
716 4557 852 4635 μηδέ
883 4561 981 4628 τὴν
1013 4561 1150 4617 κατά
1215 4558 1443 4622 διάνοιαν
1505 4562 1762 4642 ἁμαρτίαν
1832 4563 1988 4621 ἐκτε-

324 4642 604 4734 λεσθῇναι,
772 4650 873 4730 γὰρ
930 4651 1004 4716 εἰς
1076 4652 1360 4732 μαρτυρίαν
1412 4661 1506 4712 τνιῦ
1541 4633 1708 4732 λόγου
1762 4655 1988 4734 παράγει

318 4741 410 4792 τοῦ
456 4725 966 4817 Ἀποστόλουρητὲι,
1029 4725 1286 4820 ἁμαρτίας
1359 4725 1650 4816 μέμνηται,
1709 4743 1798 4800 καὶ
1840 4725 1988 4801 ’ἀκα-

319 4825 559 4904 θαρσίας,
617 4828 728 4904 καὶ,
797 4827 1072 4906 ἐπιθυμίας
1160 4835 1357 4898 κακῆς.
1434 4832 1572 4890 Εἶτα
1628 4829 1814 4912 ἐπάγει
1885 4835 1984 4902 τὴν

326 4913 555 4992 γνώμην
583 4915 793 4982 ἐκεῖνος
836 4917 936 4986 τὴν
1000 4919 1208 4995 ἑαυτοῦ,
1241 4917 1414 4998 λέγων
1444 4937 1458 4950 ·
1511 4921 1582 4979 T6
1625 4918 1680 4978 δὲ
1735 4921 1790 4980 ἐν
1843 4922 1982 4981 ἀκα-

318 5003 506 5082 θαρσίᾳ
550 5000 675 5062 ὄντι
717 5007 834 5063 τινὰ
863 5006 1088 5086 ἐγγίζειν
1131 5022 1247 5075 τοῖς
1277 5009 1471 5088 ἁγίοις,
1545 5011 1656 5089 καὶ,
1709 5013 1778 5068 τὰ
1834 5012 1981 5081 ἑξῆς.

321 5091 430 5149 Οὔκ
456 5091 539 5182 ,ἂν
567 5091 623 5151 δέ
651 5117 733 5159 τις
791 5095 925 5174 εἴπῃ
981 5096 1299 5178 ἀκαθαρσίαν
1333 5099 1591 5176 ὀνομάσαι
1648 5102 1739 5157 τὸν
1816 5101 1982 5182 μέγαν

325 5181 599 5240 Βασίλειον
653 5184 755 5252 τὴν
804 5187 1174 5266 σπερματικὴν
1250 5185 1482 5268 ἔκκρισιν
1551 5189 1768 5258 ἀπαθῶς
1823 5181 1981 5272 γενο-

324 5267 520 5344 μένην.
546 5275 710 5332 Τοῦτο
739 5275 840 5355 γὰρ
893 5273 1114 5345 διαϐολὴ
1166 5285 1264 5344 τῆς
1325 5267 1544 5359 σαρκός.
1608 5269 1666 5338 Ὀ
1729 5277 1784 5336 δὲ
1837 5267 1982 5340 πολ-

1131 3447 1148 3479 ³

2071 3394 2346 3474 gratia,et
2367 3394 2428 3455 in
2459 3393 2616 3470 viris,
2647 3402 2706 3456 et
2731 3392 2792 3454 in
2827 3391 3413 3454 mulieribussincera
3435 3390 3496 3452 in
3519 3391 3720 3454 Domi-

2074 3504 2215 3545 num
2249 3484 2391 3545 ﬁde.

2151 3573 2299 3634 Eum
2326 3581 2548 3648 autem,
2583 3570 2683 3653 qui
2715 3579 2804 3634 est
2843 3571 2904 3633 in
2927 3570 3361 3645 immunditiei,
3389 3571 3724 3652 appropin-

2069 3681 2252 3743 quare
2302 3663 2541 3737 sanctis,
2597 3662 2776 3724 etiam
2810 3679 2879 3722 ex
2914 3663 3130 3722 Vetere
3179 3658 3560 3722 Testamento
3595 3670 3721 3722 ter-

2066 3751 2238 3813 ribile
2288 3751 2575 3814 docemur
2614 3750 2936 3830 judicium.
2994 3750 3162 3823 Quod
3215 3750 3266 3810 si
3315 3749 3413 3810 hic
3452 3750 3586 3829 plus
3616 3769 3718 3812 sa-

2067 3859 2193 3913 cro,
2246 3839 2580 3902 teriibilius
2623 3847 2640 3898 J
2679 3839 2979 3902 videlicet.
3044 3836 3291 3902 Docebit
3349 3846 3547 3899 autem
3606 3859 3715 3902 nos

2066 3929 2408 4010 Apostolus,
2441 3929 2682 3992 dicens:
2720 3929 3086 3992 Manducans
3117 3936 3176 3988 et
3197 3925 3413 3987 bibens
3445 3926 3718 4010 indigne,

2059 4018 2355 4100 judicium
2396 4018 2514 4080 sibi
2558 4018 2873 4081 manducat
2904 4027 2963 4080 et
2993 4016 3142 4080 bibit
3188 4015 3391 4098 Itaque
3421 4034 3492 4078 ex
3523 4017 3720 4080 verbis

2070 4107 2382 4189 responsio
2409 4108 2768 4189 ostenditur,
2820 4109 2978 4190 quod
3030 4125 3275 4185 magnus
3305 4105 3402 4167 hic
3436 4107 3611 4168 Pater
3640 4108 3716 4169 de

2070 4200 2228 4260 ﬂuxu
2260 4199 2410 4260 citra
2441 4197 2922 4278 imaginationem
2976 4197 3126 4259 facto
3177 4216 3294 4258 non
3348 4195 3578 4258 locutus
3622 4197 3720 4271 sit,

2072 4308 2266 4370 neque
2299 4289 2374 4350 de
2405 4307 2499 4369 eo,
2543 4289 2645 4367 qui
2695 4287 3183 4368 imaginationem
3214 4285 3454 4368 quidem
3487 4285 3717 4366 habuit,

2069 4382 2173 4444 sed
2203 4380 2388 4444 animi
2422 4379 2864 4462 perturbatione
2893 4383 2919 4426 ιί
2949 4381 3159 4455 caruit,
3195 4387 3254 4441 et
3285 4377 3724 4458 concupiscen-

1057 4480 1150 4530 τοῦ
1218 4471 1413 4550 ἀγαθοῦ
1469 4473 1786 4543 νικήσαντος
1839 4473 1978 4554 λογι·

2076 4471 2150 4534 tia
2181 4491 2308 4534 eam
2347 4490 2463 4532 non
2507 4471 2812 4552 praecessit
2861 4488 2874 4534 :
2928 4470 3019 4532 vel
3073 4469 3312 4532 etiamsi
3371 4468 3521 4530 forte
3559 4486 3720 4548 prte-

2071 4560 2276 4638 cessit,
2309 4563 2500 4640 ejecta
2545 4559 2652 4623 fuit
2710 4569 2933 4633 tamen,
2995 4558 3352 4638 cogitatione
3399 4555 3555 4618 bona
3584 4556 3719 4618 vin-

2070 4659 2267 4728 cente,
2300 4652 2450 4712 adeo
2481 4657 2545 4712 ut
2577 4649 3013 4728 intelligentiae!
3047 4655 3352 4722 peccatum
3383 4644 3716 4727 perfectum

2070 4760 2188 4804 non
2236 4739 2433 4802 fuerit.
2486 4737 2628 4811 Qua
2680 4739 2839 4800 enim
2873 4737 2935 4800 in
2965 4735 3262 4800 sermonis
3320 4735 3722 4798 testimonium

2068 4831 2294 4913 profert
2341 4829 2610 4911 Apostoli
2661 4827 2864 4901 verba,
2922 4827 3150 4910 peccati
3204 4824 3634 4913 meminerunt.
3663 4831 3724 4887 et

2066 4912 2486 5001 immunditize,
2522 4928 2582 4981 et
2609 4916 3112 5000 concupiscentia:
3130 4913 3602 4996 pravaz.Subjicit
3623 4912 3726 4977 ille

2067 5009 2288 5074 deinde
2345 5029 2511 5072 suam
2545 5008 2923 5083 sententiam,
2963 5006 3283 5085 inquiens:
3317 5003 3466 5066 Eum
3497 5014 3722 5076 autem,

2069 5100 2166 5182 qui
2197 5110 2287 5164 est
2318 5099 2379 5162 in
2441 5097 2835 5174 immunditis,
2877 5096 3067 5160 sancti
3118 5095 3626 5176 appr0pinquare,
3665 5101 3726 5155 et

2067 5211 2199 5275 quae
2257 5199 2612 5272 sequuntur.
2669 5189 2802 5252 Non
2849 5195 3047 5250 autem
3104 5184 3322 5248 dixerit
3378 5185 3719 5275 quisquam,

2069 5273 2345 5362 magnum
2379 5279 2664 5344 Basilium
2706 5275 3150 5341 immunditiem
3197 5275 3512 5339 nominare
3543 5273 3726 5338 semi-

1677 5438 1944 5504 VARLE
1963 5442 2401 5510 LECTIONES.

407 5578 431 5612 θ
457 5568 782 5654 martyrio.
812 5564 855 5654 f‘
880 5566 1328 5654 probationem.
1359 5583 1382 5612 °
1404 5651 1411 5654 _
1430 5571 1590 5638 hunc
1608 5579 1668 5637 et
1693 5589 2010 5638 sacrarum
2066 5591 2268 5637 rerum
2317 5572 2786 5654 perceptionem.
2807 5571 2829 5613 ‘
2878 5574 3256 5654 superiorem
3300 5574 3359 5654 et
3412 5565 3724 5654 fortiorem

326 5651 354 5695 ε
371 5645 747 5736 Δᾳιίιιξίιὲζιγη.
812 5649 839 5690 δ
865 5645 1143 5736 perfecta
1167 5653 1376 5731 fuisse.
1402 5651 1414 5690 ί
1437 5654 1814 5736 Accessiones
1839 5659 2042 5736 autem
2062 5655 2141 5717 ad
2161 5672 2257 5717 res
2284 5645 2514 5736 sacras;
2539 5669 2675 5736 quo:
2694 5652 2767 5734 ﬁt
2787 5671 2825 5716 a
2853 5645 3264 5716 constitutam
3312 5645 3720 5722 immunditie,

331 5728 552 5790 etiami
578 5729 720 5811 plus
746 5728 929 5809 quain
962 5728 1273 5814 templum,
1305 5753 1373 5797 eo
1399 5737 1488 5800 esi
1521 5735 1874 5800 terribilior.
1907 5733 1933 5776 ’ί
1960 5736 2298 5814 aﬁ‘ectione.
2334 5735 2345 5770 '
2379 5742 2447 5797 ut
2476 5728 2896 5814 cogitationis.
