4128 6462
413 401 563 468 1027
1777 399 1910 466 JUS
1955 402 2046 464 CA

2130 392 2428 464 )NICUM.
3655 382 3813 457 1028

404 537 606 601 nalem
659 534 1088 612 excretionem,
1142 533 1373 617 absque
1428 534 1740 598 aﬂ‘ectione
1792 533 2046 595 factamIIII

2130 530 2283 596 ιλούς
2308 553 2364 587 τε
2407 533 2496 589 καὶ
2524 529 2719 596 καλοὺς
2777 527 2969 610 λόγους
3025 527 3192 610 ἔθετο,
3253 527 3590 601 ἀποδεικνὺς,
3638 527 3712 590 ὡς
3761 528 3822 583 οὒ

407 626 533 690 Hoc
589 629 748 690 cnim
804 627 984 690 fuerit
1041 628 1239 689 carnis
1273 615 1610 688 calumnia.
1664 624 1879 687 Multas
1929 641 2046 684 vert

2147 623 2306 679 κανὸν
2337 622 2399 678 τὸ
2428 629 2607 703 σῶμα,
2683 618 2800 680 οὐδὲ
2859 621 3044 684 κακίας
3116 619 3287 699 ἀρχὴ,
3333 619 3511 684 καθὼς
3569 615 3816 682 ἐδόξασαν

408 725 465 778 et
496 718 773 799 pulchras
823 715 1068 778 inservit
1117 715 1377 777 rationes
1425 714 1642 796 quibus
1698 713 2045 775 ostenderet

2149 709 2302 770 ἔνιοι.
2379 709 2498 770 Οὐδ’
2566 713 2920 769 ἓναντιοῦσθαι
2999 706 3294 788 προδήλους
3386 707 3668 789 λοφίσαιτό
3737 728 3817 770 τις

405 797 523 868 non
564 808 784 869 malum
816 825 979 886 esse,
1005 824 1222 886 corpus
1256 823 1449 885 neque
1479 804 1616 865 mali
1651 802 2012 887 principium

2150 802 2308 857 αὒτὸν
2377 806 2454 874 τῷ
2545 800 2764 879 μεγάλῳ
2849 797 3165 873 Ἀθανασίῳ,
3249 798 3481 878 εἰρηκότι
3526 798 3642 875 περὶ
3714 801 3815 862 τῆς

405 895 906 976 quemadmodum
963 885 1238 956 nonnulli
1275 893 1500 972 Opinati
1531 885 1687 954 sunt.
1726 893 1848 955 Nec
1901 898 2046 971 pute‘

2152 895 2520 968 σπερματικῆς
2597 892 2794 957 ταύτης
2878 887 3183 968 ἐκκρίσεως,
3258 887 3457 966 ὅσαπερ
3556 885 3666 941 ἄνω
3721 907 3812 942 ποι

405 975 724 1066 quispiam,
757 1004 892 1047 eum
930 985 1245 1046 manifesto
1275 982 1578 1045 adversari
1631 999 1844 1061 magno
1877 980 2046 1042 Atha-

2147 986 2237 1035 τοῦ
2264 977 2425 1058 λόγου
2467 981 2795 1059 γεγράφαται
2833 995 2847 1009 ⁸
2915 980 2974 1034 οὗ
3028 978 3149 1043 τοὺς
3209 976 3398 1056 λόγους
3468 977 3666 1033 κανόνα
3725 975 3812 1033 καὶ

406 1062 595 1155 nasio,
633 1074 854 1136 dicenti
886 1074 960 1136 de
991 1075 1101 1136 hac
1135 1072 1490 1156 Spermatica
1536 1072 1901 1152 excretione,
1933 1089 2046 1151 qua

2148 1068 2386 1143 στάθμην
2484 1068 2748 1147 ἀκριῖῗείας
2836 1065 3064 1130 ἅπαντες
3153 1069 3200 1123 οἱ
3284 1068 3410 1145 ἱεροὶ
3468 1063 3698 1143 Πατέρες
3757 1062 3811 1117 ἐν

404 1152 680 1243 superius
713 1163 934 1224 alicubi
964 1152 1188 1244 scripta
1221 1171 1380 1224 sunt.
1416 1161 1597 1240 Cujus
1623 1177 1933 1222 sermones
1962 1178 2046 1219 re-

2148 1154 2341 1212 ἅπασιν
2371 1155 2625 1235 ἥγηνται.
2660 1157 2796 1214 Εἶτα
2870 1158 2956 1212 καὶ
3007 1163 3162 1212 τοῦτο
3232 1154 3536 1234 λογιστέον,
3598 1152 3679 1209 ὅτι
3721 1154 3810 1208 καὶ

405 1242 604 1332 gulam
637 1261 695 1314 et
727 1242 1220 1333 perpendiculum
1253 1261 1472 1313 exacta:
1499 1249 1668 1323 disci;
1695 1249 1828 1310 linae
1858 1267 2046 1310 omne:

2151 1244 2312 1324 ἄμφω
2368 1246 2790 1327 πνευματοφόροι
2848 1248 2987 1303 οὗτοι
3031 1243 3097 1313 δὴ
3155 1249 3202 1302 οἱ
3271 1244 3525 1324 Πατέρες,
3578 1243 3667 1300 καὶ
3707 1242 3806 1298 ὑπὸ

404 1330 558 1402 sacri
581 1330 784 1405 Patres
817 1330 876 1402 in
907 1341 1185 1402 omnibus
1214 1350 1582 1422 putaverunt.
1622 1339 1889 1419 lllu-lque
1926 1357 2044 1419 praa

2150 1342 2242 1391 τοῦ
2271 1339 2427 1394 αὐτοῦ
2493 1339 2581 1393 καὶ
2635 1338 2750 1400 ἐνὸς
2809 1335 3158 1413 ἐμπνεόμενοι
3222 1340 3553 1412 Πνεύματος,
3627 1330 3808 1410 ’έλεγόν

407 1437 572 1492 terea
601 1430 1104 1494 considerandum
1137 1440 1248 1507 est,
1286 1432 1394 1492 hos
1425 1429 1632 1491 ambos
1665 1428 1889 1510 Spiritu
1924 1447 2046 1489 sam

2150 1447 2206 1480 τε
2261 1427 2347 1482 καὶ
2407 1425 2655 1506 ἔγραφον,
2718 1433 2839 1491 Πῶς
2885 1429 2972 1482 οὖν
3030 1427 3169 1491 εἰκὸς
3215 1425 3472 1496 ἀλλήλοις
3531 1423 3802 1479 ἐναντιοῦ-

409 1520 618 1599 plenos
645 1519 994 1595 Patres,uno
1009 1521 1340 1602 eodemque
1354 1521 1580 1581 al'ilatos
1592 1518 2046 1600 spiritu,locuto:

2151 1518 2266 1572 σθαι
2328 1517 2448 1580 τοὺς
2520 1517 2621 1572 ὑπὸ
2677 1522 2768 1572 τοῦ
2851 1516 3001 1594 ἁγίου
3069 1515 3407 1590 κινουμένους
3465 1515 3552 1570 καὶ
3607 1511 3804 1590 ἀγαθοῦ

406 1609 591 1671 fuisse
622 1619 680 1671 et
709 1610 1042 1692 scripsisse.
1079 1611 1205 1684 Quo
1257 1610 1436 1688 igitur
1487 1609 1664 1670 modo
1715 1607 2046 1683 verisimile1

2146 1604 2494 1684 Πνεύματος,
2600 1602 2866 1664 Ἐντεῦθεν
2950 1602 3307 1682 ἀριδηλότατα
3389 1603 3670 1682 δείκνυται,
3706 1602 3802 1663 ..ὡς

406 1697 518 1760 sibi
569 1699 822 1761 invicem
875 1700 1214 1762 adversatos
1262 1700 1466 1774 fuisse,
1517 1698 1617 1780 qui
1667 1717 1701 1759 a
1750 1707 1954 1759 sancto
2005 1715 2046 1759 e‘

2143 1695 2232 1752 καὶ
2263 1696 2292 1752 ὁ
2336 1693 2504 1773 μέγας
2562 1693 2832 1757 Βασίλειος
2876 1693 3193 1773 ἀκαθαρσίαν
3262 1697 3322 1751 οὗ
3389 1695 3490 1760 τὴν
3556 1712 3802 1780 σπερμα-

405 1786 562 1850 bono
607 1788 846 1870 impulsi
889 1799 1025 1852 sunt
1071 1789 1322 1871 Spiritu.
1379 1779 1547 1851 Hinc,
1579 1786 2046 1849 manifestissime

2141 1783 2296 1850 τικὴν
2366 1784 2642 1860 ὠνόμασεν
2704 1783 2954 1862 ἔκκρισιν,
3017 1782 3154 1840 ἀλλὰ
3230 1784 3328 1852 τὴν
3387 1782 3621 1862 πονηρὰν
3677 1779 3801 1836 ἐπι·-

405 1877 1071 1957 ostenditur,magnum
1126 1879 1407 1941 Basilium
1461 1876 1896 1939 immunditiam
1945 1895 2046 1937 no-

2142 1876 2328 1952 θυμίαν
2363 1896 2380 1914 ο
2423 1878 2492 1944 ἧς
2520 1877 2825 1955 ἡγουμένης
2857 1878 2945 1934 καὶ
3000 1879 3035 1944 ἡ
3110 1878 3244 1934 κατὰ
3286 1875 3518 1934 διάνοιαν
3577 1874 3802 1955 ἁμαρτία

407 1965 667 2028 minasse
717 1986 833 2028 non
892 1969 1141 2030 seminis
1201 1968 1628 2048 excretionem,
1665 1965 1768 2028 sed
1823 1982 2046 2046 pravam

2142 1963 2377 2022 τελεῖται
2421 1963 2505 2024 διὰ
2548 1965 3002 2044 συγκαταθέσεως.
3078 1966 3177 2023 Καὶ
3247 1963 3382 2021 οὕτω
3435 1966 3631 2043 γίνεται
3662 1984 3798 2042 φαν-

405 2057 977 2137 concupiscentiam.
1034 2058 1160 2132 Qua
1217 2066 1518 2140 praeeunte
1578 2054 2046 2127 mentisnetiam

2141 2055 2292 2110 τασία
2352 2054 2464 2111 καθ’
2534 2054 2749 2135 ὕπνους,
2795 2058 2882 2112 καὶ
2924 2065 3017 2115 τοῦ
3073 2055 3374 2135 σπέρματος
3433 2053 3615 2132 ὲκροή.
3651 2051 3800 2110 Οῧτω

404 2153 707 2225 peccatum
761 2163 868 2226 per
913 2146 1326 2208 assensionem
1377 2145 1704 2226 perﬁcitur,
1755 2152 1930 2223 atque
1977 2142 2046 2204 ita

2140 2144 2239 2222 γαρ
2298 2142 2405 2225 οὔτ⁶
2462 2146 2616 2211 αὐτὸς
2679 2145 2849 2220 ἐαοτῷ
2905 2146 3256 2213 ἠναντιῶσθαι
3308 2143 3498 2210 δόξειεν
3566 2143 3650 2219 ἃν,
3723 2143 3797 2204 ὡς

404 2233 745 2314 imaginatio
777 2235 841 2296 ﬁt
870 2235 932 2297 in
965 2236 1214 2310 somnis,
1273 2253 1332 2296 et
1381 2234 1628 2297 seminis
1660 2233 1920 2295 efﬂuxio.
1959 2231 2058 2295 Sic

403 2321 564 2385 enim
628 2341 829 2404 neque
885 2325 1016 2406 ipse
1072 2325 1185 2387 sibi
1235 2343 1572 2406 repugnare
1618 2321 1960 2396 videbitur;
1996 2330 2058 2382 ut

405 2411 611 2473 dicens
643 2413 864 2475 malum
897 2423 955 2474 et
985 2414 1360 2475 immundum
1406 2431 1536 2475 esse
1596 2429 1813 2491 corpus
1864 2429 2056 2493 neque

403 2517 619 2580 magno
648 2501 972 2564 Athanasio
1004 2505 1300 2565 contraria
1333 2503 1659 2584 praecipere
1690 2500 2052 2564 censebitur.

401 2590 516 2652 Sed
569 2597 627 2652 et
664 2608 734 2651 ex
783 2610 854 2653 eo
907 2593 1062 2674 quod
1119 2592 1288 2668 dicit,
1343 2595 1468 2671 Ego
1515 2599 1711 2652 autem
1757 2591 1881 2651 scio
1931 2590 2056 2651 haec

401 2693 676 2742 correcta
735 2680 916 2744 fuisse
940 2696 986 2756 ο,
1013 2681 1122 2744 Dei
1177 2683 1385 2762 gratia,
1437 2690 1494 2744 et
1541 2701 1575 2744 a
1624 2681 1791 2755 viris,
1829 2690 1889 2742 et
1919 2699 2055 2741 mu-

405 2767 688 2832 lieribus:
725 2769 871 2832 illud
933 2781 1176 2854 apparet
1223 2773 1311 2834 vel
1347 2772 1540 2854 potius
1593 2770 1768 2852 plane
1797 2769 2051 2831 demon-

400 2865 644 2934 stratur,
681 2859 758 2921 de
788 2861 1036 2922 seminis
1067 2861 1415 2924 excrezione
1445 2861 1596 2922 facta
1646 2878 1783 2921 cum
1835 2859 2051 2936 imagi-

397 2946 660 3022 natione,
693 2967 828 3009 eum
859 2950 1042 3031 loqui,
1075 2970 1250 3032 quam
1281 2951 1466 3012 animi
1500 2947 1805 3030 prazcessit
1835 2957 2050 3029 motus,

399 3044 460 3097 et
487 3035 894 3116 intelligentia:
915 3051 940 3092 P
971 3049 1282 3120 peccatum
1331 3041 1458 3102 Hoc
1489 3039 1648 3100 enim
1672 3037 2052 3098 emendatum

2139 2233 2303 2288 κακὸν
2363 2233 2503 2290 εἶναι
2561 2236 2624 2292 τὸ
2666 2236 2821 2309 σῶμα
2889 2236 2977 2290 καὶ
3040 2234 3333 2313 ἀκάθαρτον
3401 2232 3571 2311 λέγων
3606 2252 3621 2266 ·
3681 2228 3798 2286 οὔτε

2137 2328 2215 2396 τῷ
2271 2321 2489 2401 μεγάλῳ
2558 2320 2850 2396 Ἀθανασίῳ
2940 2324 3185 2382 τάναντία
3261 2322 3621 2383 διατάττεσθαι
3696 2319 3795 2376 λο-

2137 2413 2468 2489 γισθήσεται.
2503 2410 2667 2469 Ἀλλὰ
2695 2414 2784 2470 καὶ
2813 2412 2874 2468 ἐκ
2927 2423 3018 2472 τοῦ
3073 2423 3255 2493 φάναι,
3301 2413 3447 2492 Ἐγὼ
3495 2409 3569 2469 ,δὲ
3627 2407 3794 2489 ἔγνων

2139 2499 2219 2556 ὅτι
2272 2507 2433 2559 ταῦτα
2545 2502 2892 2583 κατωρθώθη,
2969 2509 3100 2558 Θεοῦ
3170 2503 3376 2583 χάριτι,
3433 2503 3520 2557 καὶ
3578 2499 3790 2578 ἀνδράσι

2137 2591 2225 2646 καὶ
2294 2589 2514 2668 γυναιξὶ,
2577 2597 2730 2646 τοῦτο
2802 2590 3132 2671 ἐμφαίνεται,
3186 2592 3222 2660 ἢ
3293 2589 3495 2667 μᾶλλον
3552 2591 3790 2667 καθαρῶς

2137 2677 2524 2754 ἀποδείκνυται,
2597 2679 2678 2736 ὅτι
2764 2683 2882 2761 περὶ
2951 2681 3233 2761 ἐκκρίσεως
3293 2679 3594 2760 σπέρματος
3652 2678 3791 2755 μετὰ

2135 2768 2422 2848 φαντασίας
2506 2768 2796 2848 γενομένης
2854 2771 3036 2850 φησὶν,
3092 2771 3163 2837 ἧς
3223 2770 3482 2846 ἐμπάθεια
3538 2768 3788 2847 προηγή-

2137 2878 2287 2932 σατο,
2333 2859 2483 2926 καὶὴ
2527 2860 2663 2914 κατὰ
2712 2856 2943 2916 διάνοιαν
2976 2860 3224 2939 ἁμαρτία.
3273 2869 3436 2918 Τοῦτο
3492 2859 3592 2937 γὰρ
3650 2879 3786 2913 κατ-

2136 2947 2372 3026 ὡρθωται
2430 2947 2555 3026 παρ’
2624 2951 2799 3027 ὧνπερ
2889 2949 3255 3029 κατώρθωται,
3351 2949 3476 3028 οὔχὶ
3555 2949 3615 3002 τὸ
3709 2946 3787 3022 μὴ

2135 3034 2478 3112 ἐπιθυμῆσαι,
2553 3035 2581 3093 ὅ
2651 3037 2762 3094 ἐστι
2850 3039 2912 3094 τὸ
2971 3038 3049 3113 μὴ
3158 3035 3448 3117 προϐαλεῖν
3530 3036 3788 3115 λογισμὸν

396 3124 506 3186 fuit
529 3136 576 3208 ει,
614 3146 731 3189 non
776 3118 1018 3209 quidem
1077 3148 1198 3192 nou
1252 3129 1704 3210 concupiscere,
1754 3128 1910 3209 quod
1962 3135 2046 3188 est

2134 3128 2311 3205 (τοῦτο
2379 3127 2478 3206 γὰρ
2549 3126 2817 3208 φυσικὸν),
2874 3126 3012 3183 ἀλλὰ
3081 3129 3146 3186 τὸ
3188 3128 3265 3204 μὴ
3323 3125 3670 3193 ὑποκλιθῆναι
3715 3131 3783 3202 τῇ

395 3233 515 3276 non
560 3215 853 3297 imputum
911 3217 1108 3280 facere
1165 3219 1636 3298 cogitationem:
1687 3218 1825 3297 (hoc
1885 3215 2044 3277 enim

391 3313 482 3367 est
499 3306 930 3385 naturale),sed
955 3327 1072 3369 non
1095 3307 1491 3371 succumbere
1521 3307 2042 3388 concupiscentia,

390 3412 501 3454 nec
531 3395 808 3457 assentiri
848 3395 1213 3476 cogitationi,
1269 3416 1379 3460 nec
1410 3397 1616 3476 perﬁci
1653 3394 1870 3458 mentis
1900 3413 2042 3476 pec-

390 3485 1083 3565 catum.Nequeseminis
1112 3487 1372 3557 ﬂuxumIt
1395 3507 1512 3548 non
1527 3485 1680 3560 ﬁeri,
1708 3499 2043 3546 correctum

386 3573 496 3634 fuit
522 3574 661 3653 (hoc
702 3573 859 3636 enim
913 3584 1001 3637 est
1051 3590 1279 3639 natura),
1325 3596 1474 3658 opus
1531 3575 1857 3658 expellere,
1889 3573 2048 3635 velut

385 3665 919 3741 excrementa),sed
939 3685 1058 3727 non
1073 3665 1392 3728 libidinoso
1411 3665 1623 3728 affectu
1638 3663 2042 3728 excretionem

387 3750 538 3826 ﬁeri,
575 3771 643 3812 ex
686 3753 1138 3834 imaginatione,
1181 3775 1352 3837 quam
1388 3774 1567 3836 prava
1594 3753 1762 3834 ﬁngit
1809 3773 2042 3816 concu-

384 3841 695 3920 piscentia,
754 3861 823 3902 ex
880 3863 996 3924 qua
1053 3844 1451 3923 intelligentia
1500 3866 1516 3904 t
1564 3845 1870 3925 inquinata
1925 3850 2037 3904 est.

381 3927 542 3991 Heus
575 3941 656 4008 tu,
690 3932 964 4011 cogitatio
1019 3936 1365 3996 assensione
1406 3934 1624 3996 fmdata
1667 3941 1776 4014 est,
1833 3951 2038 3994 excre-

386 4019 570 4081 menli
600 4030 796 4082 autem
829 4023 1169 4102 spermatici
1200 4024 1480 4103 dejectio,
1519 4042 1636 4085 non
1663 4023 2039 4084 estimmun~

388 4107 834 4172 da.Fabricator
856 4111 1016 4172 enim
1047 4113 1336 4192 corporis,
1364 4115 1555 4176 Deus:
1581 4131 1786 4176 eorum
1811 4119 2035 4184 autem,

387 4216 518 4278 quae
549 4217 583 4258 a
611 4199 733 4261 Deo
791 4200 1072 4263 fabricata
1126 4212 1287 4278 sunt,
1323 4203 1471 4264 nihil
1505 4211 1594 4265 est
1636 4201 2036 4263 immundum.

385 4286 610 4359 Quibus
640 4287 897 4368 genitale
927 4293 1276 4374 proﬂuvium
1308 4293 1678 4355 existimatur
1706 4290 2036 4352 immundi-

2132 3215 2399 3292 ἐπιθυμίᾳ,
2459 3214 2595 3291 μηδὲ
2678 3215 2945 3274 συνθέσθαι
3034 3225 3112 3292 τῷ
3163 3217 3428 3298 λογισμῷ,
3493 3213 3629 3284 μηδὲ
3687 3215 3782 3281 τήν

2130 3305 2265 3361 κατὰ
2306 3303 2542 3363 διάνοιαν
2585 3306 2845 3384 ἁμαρτίαν
2919 3305 3309 3375 ἐκτελεσθῆναι.
3379 3303 3505 3365 Οὐδὲ
3575 3306 3638 3361 τὸ
3707 3303 3781 3380 μὴ

2127 3395 2355 3472 γίνεσθαι
2425 3393 2728 3474 σπέρματος
2817 3394 3004 3475 ἐκροὴν
3100 3396 3418 3476 κατωρθώθη
3507 3397 3628 3473 (τῆς
3684 3394 3782 3473 γὰρ

2129 3485 2329 3563 φύσεως
2362 3483 2512 3564 ἔργον
2568 3488 2628 3541 τὸ
2685 3482 2983 3542 διωθεῖσθαι
3049 3487 3204 3543 τοῦτό
3256 3486 3424 3562 ἐστιν,
3483 3486 3558 3548 ὡς
3602 3484 3782 3564 περίτ-

2128 3573 2333 3654 τωμα),
2367 3573 2504 3634 ἀλλά
2534 3577 2592 3631 τὸ
2625 3575 2700 3650 μὴ
2761 3575 3012 3652 ἐμπαθῶς
3064 3575 3304 3656 γενέσθαι
3376 3574 3476 3643 τὴν
3522 3573 3776 3652 ἔκκρισιν,

2128 3661 2188 3720 ἐκ
2217 3665 2528 3745 φαντασίας,
2570 3665 2636 3730 ἣν
2680 3665 2980 3732 συνίστησιν
3009 3665 3254 3741 ἐπιθυμία
3283 3665 3452 3746 κακὴ,
3502 3661 3554 3729 ἐξ
3619 3664 3685 3729 ἧς
3744 3664 3779 3730 ἦ

2127 3749 2329 3811 διάνοια
2372 3753 2686 3834 κέχρανται.
2737 3746 2793 3813 εΟ
2843 3754 3120 3834 λογισμὸς,
3165 3757 3210 3809 ὦ
3253 3757 3429 3828 οὗτος,
3474 3760 3544 3823 τῇ
3575 3774 3779 3831 συγκα-

2125 3843 2328 3899 ταθέσει
2386 3844 2709 3921 μεμόλυνται
2746 3864 2760 3880 ’
2833 3847 2868 3913 ἡ
2925 3843 2980 3901 δὲ
3031 3855 3122 3904 τοῦ
3191 3845 3552 3924 σπερματικοῦ
3607 3863 3782 3922 περιτ-

2123 3932 2369 4008 τώματος
2414 3933 2666 4010 ἔκκρισις,
2727 3934 2822 3991 οὒκ
2906 3934 3222 4014 ἀκάθαρτος,
3285 3935 3526 4002 Ποιητὴς
3556 3934 3654 4013 γὰρ
3684 3938 3778 3989 τοῦ

2123 4021 2370 4097 σώματος
2417 4025 2444 4079 ὁ
2489 4024 2618 4090 Θεός
2657 4039 2671 4053 '
2734 4029 2840 4079 τῶν
2883 4021 2928 4079 δ’
2987 4026 3087 4080 ὑπὸ
3115 4032 3246 4082 Θεοῦ
3287 4024 3602 4080 κτισθέντων
3633 4019 3776 4081 οὐδὲν

2123 4110 2349 4190 ὑπάρχει
2378 4111 2692 4191 ἀκάθαρτον,
2753 4117 2850 4177 Οἷς
2924 4111 2978 4169 δὲ
3022 4113 3310 4191 ἀκαθαρσία
3389 4112 3692 4188 νενόμισται
3738 4113 3773 4178 ἡ

2123 4199 2279 4277 γονὴ,
2341 4203 2710 4281 μανιχα·ἱζειν’
2773 4202 3040 4278 ὑπόληψιν
3126 4199 3379 4259 δώσουσιν
3404 4202 3439 4270 ἦ
3515 4197 3615 4268 τῆς
3669 4201 3775 4258 τῶν

2123 4288 2430 4366 Βογομίλων
2474 4291 2724 4372 μετέχειν
2768 4292 3039 4372 αἱρέσεως,
3101 4291 3252 4350 Ἐπεὶ
3302 4291 3394 4348 καί
3455 4294 3595 4348 οὗτοι
3639 4291 3775 4348 κατέ

385 4376 484 4454 tia,
520 4377 581 4437 in
614 4369 1016 4459 suspicionem
1069 4383 1308 4444 venient
1351 4383 1808 4445 Manichaeorum
1834 4389 2031 4462 sectae,

2130 4398 2180 4455 γε
2224 4380 2284 4434 τὸ
2338 4376 2513 4443 διττὰς
2563 4381 2788 4461 εἰσάγειν
2846 4382 3043 4462 ἀρχὰς,
3118 4383 3204 4438 καὶ
3246 4384 3306 4439 τὸ
3365 4387 3522 4458 σῶμα
3577 4382 3773 4456 κτίσμα

380 4466 497 4528 and
528 4467 686 4547 quod
727 4469 1169 4548 Bogomilorum
1223 4472 1350 4552 (37)
1398 4470 1642 4534 haeresis
1689 4470 1808 4531 sint
1847 4469 2033 4551 parti-

2130 4466 2291 4546 Κέγειν
2386 4470 2477 4527 τοῦ
2526 4478 2783 4551 πονηροῦ,
2838 4470 3118 4551 προδήλως
3182 4475 3594 4553 μανιχαίζουσι.
3657 4475 3772 4547 Χὴρ

378 4555 568 4636 cipes.
601 4555 745 4618 Nam
778 4565 836 4620 et
867 4558 948 4636 hi,
976 4560 1133 4642 quod
1167 4561 1284 4623 duo
1317 4561 1606 4623 inducant
1639 4560 1952 4642 principia,
1977 4565 2036 4620 et

2130 4557 2240 4636 γοῦν
2290 4558 2699 4618 ὑποστέλλεσθαι
2776 4562 2895 4624 τοὺς
2965 4563 3064 4629 τὴν
3136 4561 3366 4642 ἔκκρισιν
3437 4567 3536 4630 τῆς
3607 4565 3773 4640 γονῆς

380 4663 596 4726 corpus
654 4647 792 4708 mali
841 4659 1174 4711 creaturam
1223 4650 1446 4727 dicant,
1495 4650 1803 4712 manifeste
1834 4648 2033 4711 mani-

2130 4645 2394 4724 αολυσμὸν
2425 4649 2718 4731 οἰομένους,
2751 4653 2839 4708 καὶ
2876 4650 3150 4732 λέγοντας,
3196 4651 3247 4718 ἐξ
3304 4657 3369 4721 ἧς
3438 4653 3538 4719 τὴν
3567 4651 3770 4728 ἡμετέ-

380 4735 670 4798 chaizant.
707 4735 1098 4818 Reprimendi
1129 4759 1270 4819 ergo
1319 4741 1402 4802 illi
1456 4749 1616 4816 sunt,
1656 4740 1758 4822 qui
1787 4754 1814 4785 ιι
1845 4738 2032 4801 semi-

2130 4762 2212 4798 >αν
2243 4741 2410 4820 σάρκα
2439 4741 2868 4818 συμπήγνυσθαι,
2900 4745 2928 4800 ὁ
2987 4743 3370 4823 ἀριστοτέχνης
3437 4744 3567 4808 Θεὸς
3624 4743 3768 4816 ᾠκο-

383 4823 475 4916 nis
525 4825 746 4888 ﬂuxum
799 4827 1273 4908 inquinationem
1326 4831 1723 4910 arbitrantur,
1787 4838 1846 4892 et
1900 4847 2033 4893 esse

2130 4835 2370 4913 νόμησεν,
2403 4833 2496 4890 ἵνα
2539 4833 2618 4910 μὴ
2670 4839 2768 4902 τῆς
2811 4834 3039 4912 βεϐήλου
3093 4837 3290 4904 ταύτης
3335 4835 3583 4916 μετέχειν
3637 4833 3774 4914 αἶρέ-

378 4912 602 4990 dicunt,
641 4933 712 4976 ex
743 4935 859 4998 quo
891 4917 1048 4979 Deus
1086 4920 1346 5000 Optimus
1396 4921 1751 4983 architectus
1783 4937 2024 4980 carnem

2130 4945 2248 4987 τεως
2292 4912 2532 4989 δόξωσιν.
2566 4926 2624 4982 Εἰ
2674 4925 2773 5003 γὰρ
2815 4925 3105 5006 ἀκάθαρτος
3162 4929 3197 4996 ἡ
3257 4912 3415 5006 γονὴ,
3462 4912 3550 4983 καὶ
3619 4927 3654 4994 ἡ
3692 4912 3773 4984 ήέκ

382 5014 654 5096 ηοειινειηι
704 5026 1098 5072 concrescere
1143 5011 1398 5074 instituit
1440 5032 1453 5075 :
1491 5031 1568 5074 ne
1623 5011 1868 5090 profana
1916 5011 2026 5072 hac

2130 5014 2302 5080 ςαύτης
2333 5015 2685 5090 συνισταμένη
2737 5013 2861 5090 σὰρξ
2935 5016 3147 5082 πάντως
3205 5015 3359 5074 ἔσται
3421 5016 3712 5096 ἀκάθαρτος
3749 5031 3763 5045 ·

378 5101 540 5156 secta
568 5094 770 5158 infecti
816 5116 950 5160 esse
998 5099 1326 5165 videantur.
1390 5101 1538 5165 Nam
1568 5101 1620 5165 si
1648 5099 2022 5164 immundum

2130 5105 2192 5160 Lati
2221 5105 2295 5167 ὡς
2324 5103 2384 5160 ἐκ
2423 5101 2640 5182 θολερᾶς
2682 5105 2770 5161 καὶ
2837 5103 3191 5186 βορϐορώδους
3246 5111 3465 5186 πηγγῆς
3537 5094 3602 5166 οὗ.
3624 5111 3770 5182 νᾶμα.

1727 5209 1981 5276 VARLE
2024 5211 2452 5280 LECTIONES.

467 5303 999 5410 Tngysqtteritt'o.
1027 5316 1496 5410 {cogitationis
1545 5333 1574 5362 ο
1597 5321 1869 5398 praestita
1902 5325 2162 5410 fuisse."
2215 5326 2678 5410 cogitationis._q
2723 5332 3065 5410 praestitum
3107 5327 3317 5410 fuit,ia
3366 5327 3591 5410 quibus
3617 5344 3771 5390 sane

372 5390 868 5491 ξνμίξξῑὶςυριζι-ςξξι
883 5393 1102 5491 :qu513
1119 5390 1207 5457 est
1235 5390 1661 5491 cogitationem
1689 5417 1813 5491 non
1841 5390 2110 5484 adjicere
2138 5421 2150 5466 :
2188 5413 2206 5439 '
2230 5390 2421 5485 itaque
2439 5390 2777 5487 prtestitunt
2806 5390 2949 5487 fuit,
3006 5413 3074 5471 ut
3107 5390 3613 5491 'seniz'nis‘ﬂuxm
3639 5426 3767 5473 non

369 5461 559 5541 ﬁeret.
593 5461 961 5550 tcogitatz‘o.‘
987 5483 1015 5515 α
1043 5461 1380 5540 Ραεεεδαῖιι
1411 5495 1577 5559 ινρο,
1611 5482 1737 5560 qui.

1926 5591 2177 5658 NOTAE.

605 5679 834 5788 Qljifig
864 5683 1272 5788 fuere‘dictipa
1303 5697 1606 5788 perpetnis
1643 5700 1948 5788 precibus.
1986 5703 2109 5785 Bog
2139 5703 2298 5768 enim
2334 5703 2642 5770 Slavonica
2702 5707 2920 5788 lingua,
2986 5709 3144 5773 Deus
3200 5717 3311 5787 est,
3348 5716 3410 5773 et
3438 5708 3612 5788 milu,
3650 5707 3762 5773 be-

375 5773 614 5839 nignus,
659 5771 827 5844 quasi
862 5776 1148 5848 perpetuo
1177 5771 1466 5852 dicerent,
1504 5771 1775 5862 Benigne
1806 5783 1996 5848 Deus.
