4128 6420
323 537 530 617 πρόεισι
586 537 838 618 καθαρὸν,
889 535 1026 596 ἀλλά
1084 534 1316 616 ῥυπῶδες
1370 538 1459 593 καὶ
1540 535 1752 617 θολερόν
1801 556 1815 572 ·

328 630 482 686 αὖτὸν
517 629 738 708 τρόπον,
771 628 814 684 εἷ
847 627 1174 704 μεμόλυνται
1216 629 1251 696 ἡ
1322 626 1478 705 γονὴ,
1529 629 1614 684 καὶ
1664 629 1698 695 ἡ
1759 623 1905 706 σὰρξ,
1953 624 1989 692 ἢ

331 716 383 784 ἐξ
458 720 621 785 αὒτῆς
693 719 961 789 οὐσίωται,
1027 715 1404 793 μεμόλυσμένη
1449 717 1557 773 ἐστὶ
1601 718 1690 773 καὶ
1759 717 1991 794 ἀκάθαρ-

329 829 420 871 τος
471 826 482 840 ·
542 810 630 864 καὶ
703 807 1060 887 ἀντιστρόφως
1161 805 1329 880 αὖθις,
1429 807 1473 862 εί
1547 805 1835 886 ἀκαθαρσία
1930 805 1990 859 τὸ

331 896 540 976 σπέρμα
572 898 699 967 ἐστὶ,
755 897 842 953 καὶ
900 897 962 952 τὸ
1046 894 1255 975 σπέρμα
1313 894 1364 960 ἐξ
1423 898 1482 952 οὗ
1536 901 1802 970 κεκοῦται,
1865 893 1991 951 ἀκά-

328 989 538 1066 θαρτον,
575 986 675 1043 Καὶ
705 985 843 1041 οὕτω
890 987 952 1040 τὸ
1011 990 1166 1058 σῶμα
1211 982 1276 1051 δὴ
1331 986 1392 1040 τὸ
1448 983 1730 1063 ἡμέτερον,
1793 983 1987 1057 κτίσμα

328 1085 422 1134 τοῦ
449 1078 684 1155 πονηροῦ
709 1073 1106 1152 λογισθήσεται.
1155 1071 1314 1131 Οὒδέν
1357 1075 1456 1153 γαρ
1527 1079 1631 1130 τῶν
1684 1073 1785 1129 ὑπὸ
1858 1080 1990 1130 Θεοῦ

330 1163 647 1242 γενομένων,
703 1163 892 1223 κακόν.
967 1165 1039 1222 Τὸ
1090 1161 1145 1219 δὲ
1204 1164 1625 1244 μεμολυσμένον,
1687 1162 1874 1221 κακόν.
1933 1162 1992 1219 Ei

333 1250 385 1308 δὲ
442 1254 629 1334 κακόν,
693 1252 753 1310 οὒ
836 1253 1031 1329 κτίσμα
1092 1255 1242 1312 Θεοῦ.
1317 1255 1606 1333 Στνάγεται
1664 1251 1872 1326 λοιπὸν,
1949 1255 1995 1309 εί

337 1341 500 1398 ταῦτα
531 1340 726 1417 δῶμεν,
793 1340 948 1421 ἔργον
1007 1341 1148 1398 εἶναι
1203 1343 1302 1410 τὴν
1370 1343 1543 1423 σάρκα
1586 1349 1677 1400 τοῦ
1733 1348 1988 1421 πονηροῦ,

342 1420 522 1510 ’Ὅπερ
565 1433 637 1494 ὡς
703 1420 938 1511 εἴρηται,
991 1436 1090 1498 τῆς
1161 1437 1266 1488 τῶν
1322 1420 1633 1512 Μανιχαίων
1686 1420 1928 1511 αἱρέσεως
1972 1447 1985 1460 ⁶

339 1522 405 1585 ἧς
436 1523 523 1578 καὶ
551 1523 598 1576 οἱ
657 1521 951 1598 Βογόμιλοι
996 1521 1420 1602 συμμετέχουσιν
1454 1538 1466 1551 ⁶
1515 1525 1597 1587 οἷς
1627 1522 1714 1577 καί
1744 1544 1791 1577 τι
1829 1520 1990 1578 πλέον

339 1611 577 1677 εἰσῆκται
641 1611 730 1666 καὶ
791 1607 1160 1690 ἀσεϐέστερον,
1261 1610 1350 1668 Ἐν
1407 1624 1529 1676 ταῖς
1601 1609 1715 1667 καθ’
1799 1610 1988 1675 ὕπνους

335 1701 640 1779 φαντασίαις
672 1701 860 1763 αὖτοὺς
919 1701 1040 1763 τοὺς
1114 1698 1365 1776 δαίμονας
1423 1698 1675 1780 ληροῦσιν
1733 1698 1986 1778 ἀσελγαί-

341 1811 446 1847 νειν
478 1791 549 1854 εἷς
597 1791 662 1846 τὰ
691 1789 915 1868 σώματα
958 1791 1022 1846 τὰ
1079 1790 1398 1870 ἀνθρώπινα,
1472 1793 1506 1861 ἥ
1578 1790 1852 1856 ποιοῦντας
1919 1791 1989 1855 εἷς

1645 381 2364 466 GRECO-ROMANUM.

1889 536 1980 591 τὸν
2001 544 2042 593 Α
2065 537 2152 593 est
2182 528 2439 610 genitale
2470 547 2702 604 semen,
2738 532 2798 591 et
2828 541 2962 610 quae
3003 541 3072 591 ex
3117 547 3187 592 eo
3219 529 3522 592 concrevit
3551 547 3714 605 caro,

3566 391 3730 459 1030

2071 619 2186 681 erit
2213 617 2457 680 omnino
2489 617 2818 681 immunda.
2867 618 2937 680 Et
2966 619 3468 701 quemadmodum
3496 638 3564 681 ex
3599 627 3726 680 tur-

2072 712 2210 776 bido
2262 732 2624 794 ccenosoque
2680 713 2840 775 fonte
2900 715 3056 776 unda
3123 733 3242 776 non
3304 723 3500 776 manat
3555 732 3722 796 pura,

2071 801 2179 864 sed
2223 801 2467 863 sordida
2509 809 2569 862 et
2598 802 2928 864 lntulenta:
2966 803 3052 864 sic
3096 803 3144 865 si
3193 821 3404 866 semen
3437 803 3727 885 pollutum

2073 899 2183 958 est.
2244 902 2302 952 et
2361 910 2521 972 caro,
2584 911 2715 973 quae
2773 912 2842 953 ex
2901 911 2971 954 ea
3034 892 3424 954 substantiam
3481 891 3722 972 accipit,

2072 981 2292 1061 polluta
2323 989 2413 1042 est
2440 990 2497 1043 et
2536 982 2845 1043 immunda
2877 999 2891 1044 :
2941 990 2998 1044 et
3043 983 3168 1044 vice
3217 1001 3408 1058 versa,
3436 983 3489 1045 si
3519 1001 3728 1044 semen

2069 1069 2448 1131 immunditia
2478 1077 2588 1144 est,
2626 1079 2686 1132 et
2708 1070 2852 1132 illud
2889 1071 3285 1145 immundum,
3332 1091 3402 1133 ex
3433 1090 3549 1153 quo
3582 1089 3721 1134 eva-

2074 1165 2299 1220 cuatur.
2334 1161 2526 1240 Atque
2555 1165 2631 1221 ita
2663 1161 2835 1240 plane
2889 1179 3106 1241 corpus
3158 1169 3427 1222 nostrum
3457 1169 3727 1223 creatura

2077 1248 2218 1310 mali
2247 1249 2611 1312 censebitur.
2654 1248 2812 1312 Nihil
2863 1250 3025 1312 enim
3079 1268 3310 1326 eorum,
3346 1269 3477 1329 quae
3524 1269 3558 1311 a
3603 1252 3724 1313 Deo

2075 1347 2273 1400 creata
2321 1347 2479 1415 sunt,
2536 1340 2758 1400 malum
2801 1357 2812 1401 :
2849 1341 3135 1421 pollutum
3169 1349 3365 1402 autem
3400 1341 3618 1402 malum
3647 1364 3671 1395 τ
3707 1361 3719 1396 :

2075 1427 2127 1488 si
2159 1428 2399 1503 malum,
2453 1448 2572 1490 non
2635 1429 2742 1490 Dei
2792 1438 3086 1492 creatura.
3140 1428 3448 1510 Colligitur
3477 1446 3642 1508 ergo,
3676 1427 3727 1489 si

2074 1516 2200 1578 haec
2231 1517 2654 1592 concedamus,
2689 1537 2935 1580 carnem
2983 1537 3114 1581 esse
3161 1537 3314 1600 opus
3347 1517 3484 1580 mali
3521 1535 3534 1578 :
3570 1517 3724 1598 quod

2072 1615 2138 1666 ut
2166 1605 2444 1679 diximus;
2492 1619 2580 1669 est
2628 1609 3090 1671 Manichaeorum
3141 1616 3355 1671 sectae:
3384 1627 3500 1689 qua
3547 1607 3725 1670 etiam

2073 1695 2362 1774 Bogomili
2396 1707 2531 1758 sunt
2561 1697 2774 1759 imbuti
2805 1718 2818 1758 :
2852 1717 2886 1760 a
2916 1697 3137 1779 quibus
3172 1707 3229 1760 et
3264 1698 3519 1780 amplius
3548 1696 3724 1778 quid-

2076 1783 2229 1864 piam
2262 1784 2665 1848 introductum
2699 1796 2809 1867 est,
2856 1797 2914 1849 et
2963 1787 3213 1868 impium
3238 1787 3444 1866 magis.
3479 1787 3545 1849 In
3577 1805 3727 1848 noc-

342 1880 462 1943 τοὺς
516 1881 616 1947 τὴν
680 1880 968 1960 φαντασίαν
1011 1880 1413 1961 ὑφισταμένους,
1472 1881 1508 1949 ἢ
1559 1882 1870 1960 πάσχοντας
1901 1882 1988 1936 ὑπ’

2082 1873 2266 1934 turnis
2293 1874 2820 1954 imaginationibus
2853 1886 3148 1955 nugantur
3190 1876 3490 1938 daemones
3520 1874 3729 1938 libidi-

338 1971 530 2032 αὐτῶν.
564 1970 695 2034 Τοὺς
725 1980 848 2049 γοῦν
883 1972 1089 2047 μίασμα
1155 1971 1254 2038 τὴν
1285 1975 1382 2038 τῆς
1438 1976 1600 2049 γονῆς
1686 1972 1990 2047 νομίζοντας

341 2058 594 2139 ἔκκρισιν,
656 2058 707 2115 εἴ
792 2082 931 2125 τινες
986 2067 1082 2127 τῆς
1151 2058 1305 2128 δόξης
1356 2060 1553 2126 ταύτης
1601 2065 1698 2127 τῆς
1756 2066 1991 2138 μυσαρᾶς

349 2148 598 2228 μετέχειν
670 2151 954 2230 νομίζοιεν,
1011 2150 1069 2205 οὒ
1137 2152 1356 2230 κρίσεως
1427 2148 1776 2229 ἀφεστηκέναι
1835 2171 1993 2224 νομι-

343 2241 520 2294 σθεϊεν
566 2238 722 2316 ὀρθῆς
733 2287 746 2302 ,

423 2511 572 2570 Ἀλλ’
599 2517 710 2596 ἐρεῖ
747 2537 826 2582 τις
881 2515 1038 2592 ἴσως,
1088 2518 1168 2575 ὅτι
1223 2525 1328 2576 τῶν
1379 2519 1476 2593 μὲν
1508 2515 1780 2592 μολυσμὸν
1835 2517 1994 2595 ἡγου-

2073 1981 2211 2023 nem
2246 1982 2528 2026 exercere
2560 1967 2620 2026 in
2647 1985 2898 2048 corpora
2939 1967 3221 2040 humana,
3255 1966 3346 2028 vel
3388 1973 3634 2045 agentes
3666 1967 3727 2026 in

2073 2069 2201 2132 eos,
2233 2053 2334 2134 qui
2363 2053 2848 2134 imaginationem
2896 2055 3147 2116 subeant
3189 2053 3481 2128 libidinis,
3526 2053 3619 2116 vel
3651 2053 3726 2115 ab

2075 2142 2148 2202 iis
2181 2142 2496 2222 patientes.
2534 2144 2647 2205 Eos
2677 2145 2876 2224 igitur,
2913 2145 3014 2226 qui
3046 2145 3292 2207 seminis
3324 2143 3724 2207 excretionem

2076 2233 2274 2293 scelus
2299 2232 2636 2296 existimant
2659 2268 2705 2312 ι,
2734 2236 2787 2297 si
2815 2235 2919 2316 qui
2948 2237 3126 2316 hujus
3148 2233 3564 2298 abominanda;
3593 2232 3730 2314 opi-

2079 2320 2275 2383 nionis
2321 2323 2580 2385 dixorint
2634 2343 2766 2386 esse
2825 2325 3446 2406 participes;arecto
3496 2321 3729 2403 judicio

2079 2428 2197 2470 non
2235 2413 2438 2491 procul
2469 2412 2678 2475 abesse
2699 2414 3078 2476 videbuntur.

2159 2498 2380 2562 Verum
2442 2503 2687 2584 (inquiet
2736 2504 2981 2567 forsitan
3024 2501 3259 2584 aliquis)
3305 2521 3440 2564 cum
3471 2521 3594 2580 eos,
3629 2503 3730 2584 qui

346 2603 518 2680 μένων
550 2591 645 2672 τὴν
691 2611 788 2674 τῆς
838 2591 1029 2685 γονης
1070 2607 1260 2687 ἐκροὴν
1303 2591 1531 2682 καθήψω
1590 2605 1850 2688 σφοδρῶς,
1885 2591 1995 2682 μα-

2082 2591 2548 2671 inquinationem
2595 2611 2726 2658 esse
2745 2602 2953 2674 putant
2997 2593 3246 2654 seminis
3276 2593 3523 2673 ﬂuxum,
3557 2593 3731 2655 vehe-

339 2694 466 2770 κρὸν
495 2695 613 2773 περὶ
640 2695 842 2752 τούτων
871 2695 1106 2760 κενώσας
1138 2696 1297 2776 λόγον
1347 2717 1361 2732 ο
1388 2695 1479 2774 κδτί
1532 2693 1585 2750 δὲ
1615 2694 1869 2762 ποιητέον
1899 2696 1994 2751 αὕ-

2083 2689 2316 2742 menter
2364 2681 2708 2758 incesseris,
2765 2692 2823 2745 et
2869 2684 3109 2763 longum
3143 2681 3221 2744 de
3248 2682 3341 2744 his
3373 2682 3732 2764 protraxeris

344 2795 486 2856 τοῖς,
536 2783 572 2851 ἢ
604 2790 718 2848 πῶς
748 2785 1124 2861 οἰκονομητέον
1172 2787 1294 2850 τοὺς
1376 2785 1631 2848 τοιούτοις
1688 2785 1995 2862 τολμήμασι

2082 2789 2449 2849 sermonem,
2488 2791 2604 2834 non
2639 2773 2940 2848 addidisti,
2977 2773 3115 2855 quid
3148 2773 3220 2834 iis
3249 2772 3609 2847 faciendum,
3634 2781 3732 2834 aut

343 2871 774 2954 περιπίπτοντας,
832 2877 891 2931 οὗ
942 2875 1339 2955 προστέθεικας.
1375 2877 1445 2934 Τὸ
1504 2874 1600 2948 μὲν
1674 2873 1995 2956 μέμφεσθαι,

2083 2862 2383 2939 quomodo
2443 2863 2803 2924 emendandi
2853 2864 2970 2925 sint
3027 2873 3072 2938 ν,
3135 2862 3238 2944 qui
3286 2863 3348 2924 in
3400 2862 3534 2924 talia
3583 2863 3733 2924 facta

347 2969 438 3018 τοῦ
465 2953 784 3037 βουλομένου
814 2953 1013 3028 παντός
1049 2982 1062 2994 ·
1097 2968 1158 3021 τὸ
1200 2964 1254 3022 δὲ
1298 2965 1616 3047 διορθοῦσθαι
1659 2967 1749 3022 τὸν
1802 2953 1995 3043 ’σφαλέ

2082 2953 2420 3047 inciderint.
2469 2955 2934 3037 Beprebendere
2967 2956 3232 3047 quidem,
3267 2963 3355 3018 est
3384 2955 3446 3017 in
3486 2954 3732 3047 arbitrio

351 3045 592 3126 λόμενον,
628 3048 858 3131 ἄριστον.

2079 3044 2339 3123 cujusvis
2387 3056 2736 3108 :errantem
2793 3056 2990 3109 autem
3044 3045 3302 3124 dirigere
3333 3094 3350 3123 ,
3427 3053 3518 3108 est
3572 3045 3730 3126 opti-

2013 3123 2053 3174 (ἶ
2078 3152 2265 3194 mum.

434 3215 554 3286 Ἵνα
601 3232 726 3310 γοῦν
774 3233 852 3307 μὴ
908 3235 1094 3315 χώραν
1151 3233 1324 3312 δῶμεν
1394 3243 1558 3293 ταῦτα
1626 3235 1799 3314 λέγειν
1868 3235 1987 3310 τινὶ,

352 3319 523 3398 φαμὲν
556 3319 636 3377 ὅτι
685 3321 914 3398 μάλιστα
966 3324 1060 3399 μὲν
1117 3328 1204 3382 καὶ
1275 3341 1389 3392 τοῖς
1447 3325 1549 3395 ἤδη
1609 3327 1844 3404 ῥηθεῖσιν
1903 3324 1994 3400 ἒμ-

343 3406 737 3486 περιείληπται,
785 3414 834 3468 αί
917 3414 1014 3489 μὲν
1072 3419 1176 3472 τῶν
1240 3424 1548 3497 νυκτερινῶν
1605 3415 1991 3496 φαντασμάτων

349 3495 701 3580 ἀνέγκλητον,
733 3501 786 3556 τί
812 3499 858 3558 δ’
899 3504 999 3560 ὑπὸ
1057 3495 1412 3582 ἐπιτιμησινλ
1490 3495 1754 3586 εἰρήσεται
1801 3503 1856 3560 δὲ
1913 3509 2000 3564 καὶ

349 3588 490 3649 αὖθις
532 3589 869 3670 σαφέστερον.
946 3595 1048 3658 Οἷς
1107 3597 1275 3652 τοίνυν
1339 3596 1666 3677 ἀφανταστις
1725 3604 1815 3653 τοῦ
1843 3593 2003 3672 σπέρ-

350 3697 518 3751 ματος
575 3680 610 3747 ἡ
699 3680 1000 3763 ἀπόκρισις,
1086 3683 1454 3764 διορθουμένης
1523 3685 1618 3753 τῆς
1663 3685 1866 3765 φύσεως
1938 3685 1998 3738 τὸ

349 3765 674 3845 περίττωμα,
737 3773 825 3826 καὶ
896 3776 980 3838 οἷς
1053 3773 1115 3828 ἂν
1171 3777 1258 3831 καὶ
1316 3777 1449 3851 μετὰ
1505 3774 1789 3854 φαντασίας
1845 3780 1998 3830 τοῦτο

352 3853 640 3934 ἐπισυμϐᾔ,
726 3859 956 3927 ἀπαθοῦς
1007 3863 1100 3920 τοῦ
1153 3862 1412 3943 λογισμοῦ
1480 3853 1838 3926 διαμείναντος
1911 3864 1998 3918 καὶ

352 3945 431 4020 μὴ
511 3945 854 4023 μολυνθέντος
939 3951 1190 4033 πρότερον
1274 3953 1334 4009 ἐκ
1414 3953 1860 4032 συγκαταθέσεως,
1939 3954 1998 4008 τὸ

351 4035 514 4099 πάθος
587 4035 881 4096 ἀκόλαστον
933 4043 1020 4098 καὶ
1088 4043 1466 4120 ἀνεπιτίμητον
1500 4063 1515 4077 ⁸
1563 4045 1649 4100 καὶ
1708 4041 1822 4099 οὔτε
1899 4045 1998 4110 τῆς

352 4123 607 4200 μεθέξεως
651 4129 791 4184 οὗτοι
849 4134 948 4198 τῆς
991 4131 1314 4208 ἀναιμάκτου
1371 4134 1544 4195 θυσίας
1602 4133 1996 4212 εἷρχθῆσονται,

351 4214 488 4270 κατά
529 4216 650 4280 τοὺς
679 4217 843 4283 θείους
875 4221 1110 4301 Πατέρας
1160 4238 1174 4254 ⁸
1227 4221 1344 4279 οὔτε
1401 4223 1500 4299 μὲν
1540 4225 1613 4286 ὡς
1679 4223 1998 4288 ὑποστάντες

354 4301 651 4382 μολυσμὸν,
681 4305 1109 4386 λογισθήσονται.
1162 4315 1221 4371 Εἰ
1276 4314 1376 4393 γὰρ
1433 4315 1460 4369 ὁ
1503 4311 1760 4393 λογισμὸς
1817 4314 1998 4377 αὖτοτς

353 4393 413 4448 οὔ
485 4393 830 4476 μεμόλυνται,
893 4399 930 4467 ἢ
981 4398 1116 4477 μηδὲ
1201 4399 1600 4482 προσϐαλούσης
1668 4401 1998 4478 ἐνθιμήσεως

2161 3223 2249 3286 Ne
2279 3224 2455 3305 igitur
2484 3225 2676 3288 locum
2701 3227 2913 3289 demus
2949 3224 3207 3307 cuipiam
3239 3226 3365 3288 bmc
3395 3223 3726 3306 objicienti,

2079 3314 2334 3376 dicimus
2365 3315 2460 3396 iis,
2494 3336 2622 3396 quae
2645 3317 2768 3397 jam
2794 3315 2950 3378 dicta
2976 3323 3114 3376 sunt
3140 3336 3156 3392 ;
3189 3314 3247 3376 id
3283 3315 3536 3377 maxime
3580 3333 3730 3376 con-

2078 3406 2275 3481 tineri,
2311 3415 2729 3468 nocturnarum
2761 3407 3006 3487 quidem
3054 3405 3546 3485 imaginationum
3601 3422 3734 3467 esse

2083 3496 2307 3577 aliquas
2351 3505 2514 3557 extra
2555 3497 2806 3576 crimen,
2853 3496 3078 3577 aliquas
3131 3504 3326 3556 autem
3378 3512 3510 3557 esse
3557 3512 3731 3575 pcena

2083 3584 2310 3664 dignas.
2362 3583 2745 3665 Exprimetur
2801 3593 2999 3648 autem
3060 3593 3116 3646 et
3174 3601 3383 3645 rursus
3439 3585 3727 3664 apertius.

2081 3673 2307 3746 Quibus
2357 3693 2497 3753 ergo
2553 3675 2803 3736 seminis
2855 3673 3114 3736 excretio
3145 3673 3277 3735 sine
3307 3673 3732 3751 imaginatione

2083 3771 2193 3844 est,
2243 3772 2452 3824 natura
2481 3763 2836 3826 detrudente
2878 3773 3325 3825 excrementum
3371 3780 3385 3824 :
3431 3771 3488 3824 et
3514 3763 3731 3844 quibus

2081 3852 2194 3914 hoc
2225 3871 2358 3913 cum
2391 3852 2812 3932 imaginatione
2845 3853 3186 3934 contigerit,
3224 3851 3579 3931 cogitatione
3611 3851 3728 3912 im-

2084 3941 2424 4023 perturbata
2470 3951 2750 4005 manente
2779 3943 2826 4015 9,
2873 3961 2985 4004 nec
3035 3951 3210 4004 antea
3255 3940 3565 4020 inquinata
3624 3961 3734 4023 per

2082 4031 2752 4108 assensionem,atfectio
2767 4039 2930 4094 extra
2943 4050 3177 4118 poenam
3196 4037 3379 4107 est,et
3396 4033 3728 4110 reprehen-

2083 4120 2554 4202 sionem.Neque
2584 4122 2645 4183 hi
2674 4121 2746 4184 ab
2771 4121 3100 4183 incruentae
3125 4119 3379 4184 victimae
3410 4120 3730 4203 participa-

2083 4210 2245 4273 tione
2275 4211 2656 4289 arcebuntur,
2689 4210 3016 4274 secundum
3052 4210 3218 4275 divos
3249 4208 3450 4273 l’atres
3486 4229 3499 4271 :
3536 4229 3733 4292 neque

2082 4309 2146 4361 ut
2176 4300 2654 4383 inquinationem
2689 4301 2844 4384 passi
2865 4300 3320 4381 reputabuntur.
3347 4299 3409 4361 Si
3443 4300 3602 4362 enim
3637 4321 3732 4364 co-

2080 4389 2282 4469 gitatio
2314 4390 2390 4454 iis
2419 4391 2725 4472 inquinata
2756 4411 2873 4454 non
2904 4399 3015 4467 est,
3050 4391 3137 4453 vel
3171 4391 3325 4452 mala
3354 4390 3541 4454 animi
3582 4410 3730 4454 con-

355 4482 498 4558 αὒτῷ
557 4492 816 4565 πονηρᾶς,
903 4489 962 4565 ἢ,
1047 4487 1144 4546 κᾶν
1225 4480 1539 4572 προσέϐαλε,
1613 4491 1692 4568 μὴ
1774 4489 1995 4572 προσδε-

2087 4481 2363 4562 ceptione
2394 4499 2511 4543 non
2549 4482 2854 4554 irruente;
2889 4483 3005 4557 vel,
3061 4481 3109 4542 si
3159 4480 3423 4558 irruerit,
3467 4498 3584 4542 non
3617 4481 3727 4542 ad-

355 4572 574 4662 χθείσης
612 4591 625 4605 ⁸
659 4574 695 4644 ἢ
726 4575 822 4632 κᾶν
891 4576 1250 4662 προσεδέχθη,
1296 4581 1374 4657 μὴ
1429 4581 1846 4662 προσμεινάσης,
1881 4579 2000 4637 ἀλλ’

353 4660 872 4745 ἐγκαταλειφθείσης,
908 4669 1043 4725 κατά
1110 4660 1200 4726 τὸν
1235 4660 1530 4750 -Μελῳόὅν,
1589 4669 1999 4730 ἀποσκευασθεί-

360 4771 460 4818 σης
507 4749 711 4822 δηλαδή
765 4757 851 4812 καὶ
907 4757 1340 4841 ἀποπεμφθείσης
1368 4777 1382 4792 ⁶
1455 4749 1523 4817 τὸί
1599 4759 1652 4816 δῖ
1703 4769 1858 4836 σῶμα
1919 4757 2002 4816 διὰ

351 4845 452 4908 τῆς
523 4850 888 4922 σπερματικῆς
979 4847 1258 4929 ἐκκρίσεως
1356 4852 1414 4908 οὗ
1510 4851 1792 4928 μεμίανται
1863 4847 2002 4926 (οὔτε

355 4930 455 5010 γὰρ
495 4933 531 5000 ἦ
575 4932 698 5012 σὰρξ
745 4936 927 5009 κανὸν,
987 4939 1060 5002 ὡς
1116 4939 1311 5016 κτίσμα
1367 4947 1500 4996 Θεοῦ
1534 4959 1548 4973 °
1609 4937 1724 4996 οὔτε
1782 4940 1890 5015 μὴν
1939 4940 2007 4997 τὰ

354 5022 551 5089 ταύτης
623 5023 889 5104 ἐκρέοντα,
951 5029 1037 5084 καὶ
1089 5030 1284 5097 ταύτης
1349 5029 1683 5110 συστατικὰ),
1727 5033 1763 5100 ἡ
1836 5030 2004 5088 ἐπιτί-

353 5132 542 5186 μησις,
573 5112 610 5181 ἢ
639 5118 738 5182 τῆς
781 5122 888 5172 τῶν
927 5117 1268 5196 ἀγιασματων
1301 5118 1557 5196 μεθέξεως
1624 5121 1659 5189 ἡ
1703 5120 2002 5201 ἀποτροπὴ,

356 5197 441 5256 διὰ
495 5203 610 5290 τίνα
666 5201 824 5284 λόγον
886 5203 1058 5262 ἔσεται
1118 5204 1335 5287 εὔλογον
1383 5227 1400 5290 ς
1489 5211 1586 5274 Οἷς
1644 5205 1690 5264 δ’
1760 5197 2001 5287 ἐμπαθῆξ

355 5289 702 5370 πρώπέκειτο
766 5291 1050 5374 λογισμὸς,
1095 5297 1183 5352 καὶ
1242 5289 1476 5378 πονηρὸν
1532 5299 1772 5375 ὶνθύμιον
1829 5321 2001 5380 προσ-

355 5376 512 5439 ϐολὸν
566 5381 898 5467 προσεδέχθη
966 5407 1024 5443 τε
1073 5388 1162 5444 καὶ
1229 5376 1566 5468 προσέμεινε,
1646 5390 1733 5446 καὶ
1798 5376 1882 5464 τῷ
1931 5397 2006 5466 νῷ

2087 4570 2289 4648 missa;
2320 4571 2434 4647 vel,
2469 4572 2518 4633 si
2552 4573 2812 4635 admissa
2853 4572 2952 4647 sit,
3001 4590 3120 4632 non
3170 4579 3581 4652 permanente,
3625 4571 3731 4634 sed

2084 4660 2392 4743 derelicta,
2447 4663 2616 4742 juxta
2665 4663 3022 4740 Meloduma,
3077 4661 3310 4722 sublata
3363 4659 3600 4722 videtur
3655 4659 3732 4723 de

2085 4749 2284 4812 medio
2317 4759 2374 4813 et
2395 4752 2711 4815 amandata
2745 4770 2998 4833 :corpus
3045 4761 3241 4813 autem
3277 4767 3384 4830 per
3417 4751 3735 4831 spermati-

2087 4859 2215 4901 cam
2248 4841 2647 4904 excretionem
2709 4842 3175 4906 contaminatum
3227 4858 3344 4902 non
3392 4849 3480 4902 est
3509 4841 3733 4920 (neque

2088 4929 2249 4993 enim
2281 4948 2420 4992 caro
2481 4932 2726 5010 malum,
2779 4941 2841 4994 ut
2892 4931 2995 4993 Dei
3054 4939 3365 5006 creatura;
3409 4947 3601 5010 neque
3634 4948 3726 5012 ea,

2089 5043 2219 5105 quae
2259 5038 2328 5081 ex
2364 5039 2434 5082 eo
2465 5023 2753 5100 defluunt,
2781 5030 2839 5085 et
2868 5039 2998 5083 eam
3025 5019 3734 5105 constituuut):emenda-

2087 5101 2169 5178 tio
2197 5110 2356 5186 bvel,
2392 5111 2860 5195 participatiouis
2919 5117 3426 5174 sacramentorum
3476 5101 3738 5190 prohibi-

2091 5207 2192 5283 tio,
2228 5225 2403 5289 quam
2434 5203 2509 5266 ob
2524 5203 2752 5283 juxtam
2783 5202 3073 5263 rationem
3105 5199 3254 5262 ﬁet?
3283 5198 3508 5272 Quibus
3535 5211 3733 5289 antem

2085 5306 2223 5360 ante
2249 5288 2447 5359 inerat
2477 5291 2794 5355 affectione
2824 5299 3118 5355 commota
3153 5289 3449 5371 cogitatio,
3486 5298 3544 5350 et
3583 5288 3738 5350 mala

2087 5386 2273 5450 animi
2295 5382 2604 5467 conceptio
2634 5382 2922 5466 impetum
2953 5382 3177 5446 faciens
3207 5381 3467 5444 admissa
3511 5379 3641 5457 fuit,
3676 5388 3737 5443 et

1678 5555 1934 5623 VARUE
1976 5554 2408 5634 LECTIONES.

438 5695 467 5772 '_
491 5692 556 5749 at
587 5685 891 5772 quidquid
901 5685 1207 5768 pollutum
1232 5697 1340 5767 est,
1371 5689 1601 5755 malum
1617 5695 1878 5755 est‘esse
1899 5689 2293 5772 pollutionem
2339 5687 2716 5772 existimant.
2743 5727 2770 5769 ς
2799 5687 3095 5768 quomodo
3123 5705 3262 5751 cum
3292 5687 3379 5752 eis
3407 5685 3732 5767 agendum,

358 5767 488 5846 qui.
523 5779 543 5808 ι
571 5770 706 5830 vm'i
733 5767 977 5848 experte
1003 5779 1303 5833 manente.
1329 5785 1353 5818 ι
1371 5775 1742 5853 psalmorum
1770 5773 1862 5835 vel
1889 5767 2261 5834 canticorum
2284 5773 2618 5832 auctorem.
2649 5769 2676 5811 δ
2700 5767 2895 5848 poetice
2921 5772 3245 5849 irrogatio.
