4128 6458
445 361 588 428 1031

1829 360 1861 429 J
1868 367 1962 430 US
2002 364 2154 432 CAN
2157 365 2259 430 ΟΝ
2264 359 2448 430 ICUM

3671 367 3700 428 1
3721 360 3839 432 032

441 499 800 578 permansit,
836 506 891 561 et
919 499 980 561 in
999 497 1199 562 animo
1232 495 1488 562 libenter
1513 505 1741 562 versata
1771 507 1878 562 est:
1899 517 2081 580 eoque

2172 496 2626 578 ἐνεφιλοχώρησε,
2672 499 2760 554 καὶ
2803 495 2996 568 ἡδύνθη
3033 500 3193 574 ἀὖτῷ
3264 501 3300 568 ἡ
3345 499 3526 557 τούτου
3581 497 3828 577 διαλογὴ,

439 587 713 650 deliciata
736 588 873 650 illus
903 588 1248 668 disputatio,
1287 599 1349 651 ut
1381 589 1506 669 jom
1536 588 1876 652 intellectus
1901 630 1924 662 ο
1948 609 2088 671 pec-

440 684 635 739 catum
668 678 982 739 formatum
1013 679 1088 739 sit
1118 697 1131 742 :
1169 680 1294 742 haec
1325 688 1525 741 autem
1559 687 1848 741 nocturna
1880 677 2088 758 imagi-

438 765 597 826 natio
629 775 831 828 secuta
860 775 969 843 est,
999 777 1052 829 et
1087 768 1340 830 seminis
1376 769 1717 850 supervenit
1749 771 1977 830 ﬂuxus:
2006 768 2092 828 hi-

437 854 612 916 etiam
646 865 818 917 erunt
851 857 1220 920 accusationi
1254 867 1312 918 et
1345 877 1610 919 censurae
1633 857 1938 932 obnoxiid,
1974 876 2091 918 non

436 952 678 1026 propter
706 946 1056 1008 seminalem
1102 947 1429 1018 defluxum,
1491 948 1595 1009 sed
1622 955 1860 1028 propter
1879 945 2094 1008 mentis

439 1043 746 1113 peccatum
777 1044 836 1096 et
873 1035 1254 1116 cogitationis
1285 1036 1872 1100 contaminationem.
1930 1035 2094 1097 Licet

437 1123 598 1185 enim
629 1141 741 1185 nec
792 1123 1134 1202 imaginatio
1189 1133 1478 1188 nocturna
1539 1126 1627 1188 eis
1655 1124 2090 1206 supervenerit,

442 1231 552 1274 nec
583 1212 859 1292 genitalis
891 1214 1139 1276 seminis
1170 1215 1550 1294 proﬂuvium;
1585 1214 1976 1276 nihilominus
2001 1233 2097 1276 co-

442 1302 730 1381 gitatione
765 1303 1053 1384 inquinati
1098 1315 1258 1376 sunt,
1312 1313 1370 1366 et
1412 1304 1889 1365 emendationem
1922 1323 1944 1354 e
1975 1322 2092 1364 non

446 1395 750 1476 effugient.
787 1393 891 1456 Est
922 1402 1114 1454 autem
1140 1394 1320 1472 quiet
1350 1393 1708 1473 cogitatione
1743 1412 1858 1454 non
1879 1411 2097 1473 praece-

443 1482 645 1567 dente,
673 1502 809 1566 quae
845 1482 1158 1545 alfectione
1181 1483 1287 1544 rsit
1317 1483 1583 1548 incitata.
1623 1501 1814 1564 neque
1847 1491 2092 1562 peccato

442 1575 660 1635 mentis
691 1571 976 1655 perfecto,
1007 1572 1068 1633 in
1100 1572 1326 1634 somnis
1356 1583 1658 1653 spectrum
1714 1572 2087 1650 imaginatus,

441 1663 794 1743 spermatico
841 1669 1220 1723 excremento
1280 1661 1561 1742 dejecto,
1623 1681 1738 1722 non
1791 1669 1879 1724 est
1932 1670 2092 1724 extra

438 1756 698 1837 culpam.
735 1754 936 1828 Qualis
965 1772 1102 1816 vero
1144 1753 1286 1816 hic?
1317 1753 1428 1827 Qui
1460 1774 1528 1817 ex
1560 1755 1676 1817 cibi
1702 1754 1821 1817 etbi
1846 1760 2092 1834 etpotus

2175 588 2246 649 ὡς
2277 587 2375 654 τὴν
2421 589 2554 644 κατὰ
2584 585 2817 645 διάνοιαν
2888 589 3144 668 ἁμαρτίαν
3216 587 3320 656 ἤδη
3365 594 3624 656 συστῆναι
3659 603 3674 619 ⁸
3707 589 3828 645 τού-

2173 698 2285 738 τοις
2330 674 2384 732 δὲ
2417 677 2691 756 νυκτερινὴ
2751 679 3007 758 φαντασία
3065 677 3402 745 ἐπηκολούθη
3424 701 3503 750 σε,
3564 679 3651 734 καὶ
3705 677 3839 756 ῥύσις

2173 766 2335 845 γονῆς
2408 766 2715 844 ἐπιγέγονεν
2751 786 2768 802 ’
2813 768 2957 824 οὗτοι
3012 769 3101 824 καὶ
3153 769 3254 824 ὑπὸ
3323 768 3544 824 αἰτίασιν
3605 765 3830 842 ἔσονται,

2176 856 2264 910 καὶ
2292 855 2393 911 ὑπὸ
2419 854 2745 931 ἐπιτίμησιν,
2803 860 2864 915 οὒ
2905 855 2990 913 διὰ
3040 859 3139 925 τὴν
3197 857 3564 936 σπερματικὴν
3622 854 3830 936 ἐκροήν,

2176 942 2313 999 ἀλλὰ
2341 941 2425 999 διὰ
2459 944 2558 1011 τὴν
2619 947 2754 1002 κατὰ
2810 943 3042 1004 διάνοιαν
3115 947 3396 1027 ἁμαρτίαν,
3471 946 3558 1002 καὶ
3604 946 3695 1001 τὸν
3745 950 3832 1000 τοῦ

2176 1033 2434 1110 λογισμοῦ
2491 1032 2788 1110 μολυσμόν.
2869 1033 2979 1092 Κᾶν
3033 1057 3132 1114 γαρ
3209 1035 3346 1110 μήτε
3430 1039 3689 1115 φαντασία
3743 1055 3834 1087 νυ-

2175 1122 2400 1200 κτερινὴ
2446 1126 2628 1189 αὐτοῖς
2659 1123 2999 1205 ἐπιγένηται,
3045 1126 3182 1200 μήτε
3240 1125 3387 1200 ῥύσις
3448 1128 3635 1203 γονῆς,
3693 1119 3834 1179 οῦδὲν

2173 1210 2335 1278 ἧττον
2360 1210 2684 1287 μεμόλυνταί
2753 1234 2808 1269 τε
2865 1215 2954 1270 τὸν
3007 1215 3288 1292 λογισμὸν,
3362 1215 3449 1270 καὶ
3500 1213 3602 1280 τὴν
3658 1210 3834 1267 ἐπιτί-

2177 1323 2347 1376 μησιν
2410 1303 2503 1358 οὔκ
2575 1301 2933 1380 ἐκφεύξονται.
3001 1292 3167 1360 ’Ἐστι
3222 1301 3267 1359 δ’
3331 1305 3388 1368 ὃς
3438 1305 3527 1358 καὶ
3585 1300 3836 1380 λογισμοῦ

2177 1390 2255 1458 μὴ
2316 1391 2740 1471 προίόπάρξαντος
2815 1392 3106 1473 ἐμπαθοῦς,
3181 1394 3318 1467 μήτε
3397 1392 3506 1468 μὴν
3550 1396 3649 1458 τῆς
3705 1390 3836 1446 κατὰ

2176 1477 2415 1534 διάνοιαν
2443 1481 2696 1559 ἁμαρτίας
2722 1481 3080 1556 τελεσθείσης,
3149 1481 3204 1537 ἐν
3256 1481 3438 1546 ὕπνοις
3499 1479 3830 1561 φαντασθεὶς,

2175 1569 2263 1624 καὶ
2320 1573 2680 1648 σπερματικὸν
2757 1571 2994 1650 ἐκκρίνας
3094 1572 3425 1651 περίττωμα,
3507 1574 3605 1629 οῦκ
3673 1567 3832 1645 ἀνέγ-

2173 1655 2397 1724 κλητος.
2445 1665 2606 1725 Ποϊος
2677 1658 2732 1716 δὲ
2803 1664 3000 1740 οὗτος,
3047 1663 3102 1726 ὃς
3153 1661 3208 1727 ἐξ
3265 1661 3518 1741 ἀκρασίας
3573 1664 3672 1726 τῆς
3716 1657 3831 1735 περὶ

2174 1747 2369 1826 βρῶσιν
2398 1749 2487 1806 καὶ
2517 1749 2694 1825 πόσιν,
2750 1751 2837 1807 καὶ
2887 1750 2986 1817 τὴν
3030 1751 3260 1829 γαστέρα
3299 1749 3538 1830 ἐϐάρυνε.
3598 1749 3687 1804 καὶ
3743 1747 3830 1802 τὸν

438 1836 898 1926 intemperantia
922 1853 1183 1906 ventrem
1209 1847 1496 1920 oneravit,
1524 1857 1580 1907 et
1605 1853 1863 1907 mentem
1887 1844 2081 1905 confu-

2176 1842 2294 1892 νοῦν
2392 1836 2739 1913 συνεϐόλωσε,
2827 1841 2915 1895 καὶ
2997 1838 3159 1896 ὕπνον
3242 1837 3466 1920 ἀδελφὸν
3551 1836 3830 1894 ὑπνώττων

438 1936 543 2016 dit,
582 1945 638 1996 et
668 1934 873 1997 mortis
903 1935 1140 1995 fratrem
1175 1953 1452 1995 somnum
1485 1935 1812 2015 dormiens,
1848 1936 1903 1995 in
1937 1934 2089 1994 ima-

435 2023 796 2104 ginationem
830 2024 1398 2104 incidit,semen~]uc
1431 2025 1832 2087 excrevit.Hic
1855 2022 2012 2084 enim
2035 2029 2094 2083 et

435 2115 566 2194 ipse
593 2113 704 2175 sibi
737 2121 982 2194 propter
1011 2112 1358 2190 ingluviem,
1394 2113 1820 2194 pbantasmatis
1859 2121 2088 2174 auctor.

438 2205 514 2266 Et
545 2203 643 2284 qui
677 2222 809 2264 eum
847 2203 1159 2282 gubernat,
1197 2211 1371 2283 prout
1421 2204 1648 2264 homini
1684 2203 1954 2265 conferre
1984 2221 2089 2264 co-

433 2294 725 2374 gnoverit,
763 2291 1243 2354 emendationem
1274 2331 1303 2373 κ
1336 2292 1569 2357 inferat.

581 2393 966 2459 THEODORI
1001 2392 1480 2457 BALSAMONIS
1512 2395 1923 2460 RESPONSA.

432 2493 961 2573 Interrogationes
990 2495 1295 2555 canonica
1325 2497 1698 2556 sanctissimi
1718 2495 2089 2574 patriarcha:

511 2574 912 2638 Alexandriae
935 2575 1168 2634 domini
1200 2575 1395 2655 Marci
1414 2592 1426 2636 :
1465 2585 1523 2636 et
1553 2593 1841 2655 responsa
1874 2576 1958 2655 ad
1983 2593 2091 2637 eas

511 2655 885 2717 sanctissimi
913 2653 1288 2734 patriarcha?
1302 2653 1894 2731 Antiochiw,domini
1913 2654 2092 2717 Theo-

511 2737 650 2798 dori
682 2734 1088 2797 Balsamonis.

514 2831 621 2894 Dei
654 2831 898 2914 quidem
926 2841 1223 2914 spectator
1248 2843 1306 2897 et
1331 2835 1618 2916 propheta
1651 2834 1870 2897 Moses:
1904 2837 2088 2898 Inter-

429 2941 573 3002 roga
607 2923 850 3004 (inquit)
901 2931 1128 3002 patrem
1182 2931 1371 3001 tuum,
1427 2933 1486 2985 et
1531 2924 1898 2989 renuntiabit
1927 2925 2081 2988 tibi:

433 3011 699 3073 seniores
730 3021 881 3086 tuos,
917 3020 973 3072 et
1001 3011 1206 3074 dicent
1239 3011 1364 3073 tibi.
1417 3011 1843 3076 Sanctissimus
1888 3023 2083 3075 autem

424 3101 800 3166 Alexandria;
833 3101 1193 3182 patriarcha,
1245 3101 1496 3164 dilectus
1546 3103 1750 3184 frater,
1785 3110 1843 3165 et
1873 3114 2081 3165 nostra!

2172 3125 2506 3184 πατριαρχης
2577 3103 2989 3184 Ἀλεξανδρείας,

418 3188 857 3251 mediocritatis
890 3190 1321 3264 comminister,
1348 3191 1625 3253 dominus
1650 3193 2084 3267 Marcus,Pater

428 3277 718 3342 exsistens
761 3281 1026 3353 Patrum,
1092 3279 1199 3342 Dei
1237 3281 1445 3359 gratia,
1493 3290 1551 3343 et
1598 3281 2076 3363 presbyterorum

419 3367 750 3448 presbyter,
801 3367 1065 3448 indeque
1117 3388 1228 3430 nec
1277 3370 1353 3432 ad
1405 3388 1470 3434 se
1513 3371 1806 3433 directum
1854 3371 2080 3433 habens

419 3456 533 3518 hoc
567 3457 981 3537 propheticum
1015 3459 1254 3535 elegans
1270 3459 1539 3535 verbum,
1575 3459 1634 3520 in
1655 3460 1868 3541 quibus
1897 3461 2082 3523 Iucta-

418 3544 595 3606 batur
626 3545 831 3608 multis
863 3547 1284 3610 ecclesiasticis
1314 3548 2078 3630 interrogationibus,aliud

421 3653 492 3695 ex
543 3634 752 3697 eadem
806 3635 1030 3697 cithara
1080 3637 1323 3718 spiritus
1379 3638 1726 3700 vaticinium
1787 3640 2076 3718 suscepit,

413 3723 739 3804 inquiens:
777 3723 930 3787 Ecce
960 3743 1122 3801 vero,
1155 3728 1296 3807 quid
1335 3729 1648 3808 pulchrum
1693 3736 1797 3790 aut
1840 3729 2070 3809 jucun-

415 3812 556 3874 dum
591 3821 701 3888 est,
728 3833 906 3894 quam
937 3814 1149 3876 fratres
1180 3817 1239 3877 in
1273 3817 1430 3878 idem
1465 3816 1828 3879 consentire!
1859 3817 2074 3889 Quam-

417 3901 626 3963 obrem
661 3903 1167 3982 quemadmodum
1195 3907 1539 3986 psalterium
1569 3907 1830 3988 aliquod,
1857 3908 2073 3970 instru-

415 4001 676 4054 mentum
736 3993 962 4055 musica
1020 4014 1165 4057 cura
1219 3996 1515 4076 indigens,
1571 3999 1852 4077 scriptam
1890 3998 2073 4060 edens

415 4080 968 4161 interrogationem,
1027 4102 1157 4146 eam
1208 4095 1424 4147 nostrae
1485 4086 1884 4148 mediocritati
1930 4106 2072 4168 por-

415 4171 586 4245 rexit,
637 4171 1008 4254 rogavitque,
1070 4176 1540 4255 comprehensas
1585 4175 1643 4237 in
1677 4195 1746 4238 ea
1796 4177 2071 4258 proposi-

416 4259 610 4319 tiones
662 4260 985 4324 canonicas
1017 4271 1074 4323 et
1105 4265 1451 4344 questiones
1483 4264 1544 4324 in
1578 4283 1898 4327 commune
1932 4284 2072 4347 pro-

415 4349 583 4428 ferri,
645 4355 703 4409 et
763 4349 924 4411 hunc
981 4352 1256 4414 fraterna:
1306 4353 1718 4434 responsionis
1768 4358 2074 4433 eleganter

417 4437 644 4499 exarari
675 4439 1043 4501 codicillum.
1099 4440 1394 4525 Scriptum
1429 4443 1608 4523 igitur
1639 4444 1712 4506 ab
1739 4445 1868 4524 ejus
1892 4463 2069 4507 sanc-

417 4527 579 4590 titate
601 4531 1027 4610 compositum,
1069 4531 1194 4593 haec
1227 4532 1554 4612 expressim
1590 4533 2066 4614 comprehendit.

499 4619 563 4681 In
613 4617 857 4680 nomine
905 4620 1116 4692 Patris,
1152 4628 1211 4682 et
1239 4621 1400 4695 Filii,
1453 4630 1511 4683 et
1559 4623 1816 4704 Spiritus
1859 4625 2066 4688 sancti.

412 4706 915 4787 Interrogationes
973 4709 1047 4770 ad
1108 4729 1255 4791 quas
1314 4711 1668 4793 responderi
1720 4711 2074 4775 desiderant

414 4797 768 4872 Christiani,
824 4797 925 4880 qui
983 4798 1423 4863 Saracenorum
1476 4802 1807 4884 regionem,
1863 4810 1922 4865 et
1959 4802 2068 4864 sub

413 4905 620 4949 eorum
667 4887 900 4952 ditione
954 4887 1244 4965 habitant,
1300 4891 1534 4954 factaaa
1564 4894 1762 4955 Marco
1815 4893 2068 4974 patriar-

415 4977 664 5039 charum
696 4978 722 5020 ¹¹
751 4978 1124 5041 Alexandria:
1155 4980 1428 5063 minimo,
1462 4982 1520 5042 in
1573 4981 1787 5044 diebus
1831 4983 2070 5064 imperii

410 5065 662 5146 piissimi
684 5068 974 5131 etChristi
1003 5069 1433 5132 studiosissimi
1457 5071 1835 5153 imperatoris
1855 5071 2062 5146 nostri,

413 5153 644 5215 domini
671 5157 878 5220 lsaacii
910 5157 1144 5238 Angeli,
1189 5169 1246 5222 et
1291 5169 1562 5242 tempore
1615 5161 1981 5224 sanctissimi
2011 5171 2070 5224 et

412 5245 763 5308 aecumenici
808 5248 1158 5328 patriarcha
1215 5249 1443 5313 domini
1501 5249 1758 5332 Georgii,
1815 5270 2069 5334 quorum

2173 1926 2381 2001 θανάτῳ
2437 1926 2523 1999 47,
2607 1932 2865 2008 φαντασίᾳ
2962 1929 3356 2010 περιπέπτωκε,
3457 1930 3547 1986 καὶ
3629 1925 3832 2004 σπέρμα

2172 2013 2423 2094 ἐξέκρινε.
2456 2018 2553 2075 Καὶ
2597 2020 2744 2082 οὗτος
2803 2020 2902 2097 γὰρ
2945 2021 3099 2083 αὐτὸς
3157 2021 3328 2094 ἐαυτῷ
3371 2017 3454 2076 διὰ
3513 2019 3610 2084 τὴν
3663 2015 3825 2094 ἂκρα-

2173 2105 2288 2161 σίαν
2329 2113 2422 2162 τοῦ
2451 2107 2825 2187 φαντάσματος
2873 2108 3044 2173 α’ίτιος
3080 2124 3093 2138 ⁸
3130 2111 3217 2165 καὶ
3249 2111 3276 2165 ὁ
3306 2111 3373 2170 τὰ
3436 2106 3556 2164 κατ’
3625 2105 3826 2162 ἐκεῖνον

2173 2195 2490 2272 οἰκονομῶν,
2523 2199 2597 2261 ὡς
2647 2197 2824 2275 συνίδῃ
2883 2198 3162 2278 συμφέρειν
3213 2206 3289 2273 τῷ
3345 2198 3630 2277 ἀνθρώπῳ,
3701 2193 3826 2251 ἐπε-

2174 2285 2338 2364 νέγκῃ
2367 2287 2466 2353 τὴν
2495 2287 2824 2363 ἐπιτίμησιν,

2295 2397 2645 2448 ΘΕΟΔΩΡΟΥ
2689 2399 2816 2448 ΤΟΥ
2847 2397 3220 2450 ΒΑΛΣΑΜΩΝ
3270 2395 3702 2451 ΛΠΟΚΡΙΣΕΙΣ.

2182 2511 2206 2545 (⁸
2239 2489 2563 2573 Ἐρωτήεξεις
2619 2494 2888 2549 κανονικαὶ
2957 2503 3049 2552 τοῦ
3145 2495 3442 2573 ἁγιωτάτου
3501 2489 3826 2573 πατριάρχου

2253 2569 2642 2650 Ἀλεξανδρείας
2724 2573 2899 2652 κυρίου
2981 2569 3221 2652 Μάρκου,
3311 2575 3409 2630 Καὶ
3519 2571 3820 2649 ἀποκρίσεις

2253 2652 2338 2708 ἐπ’
2382 2653 2570 2714 αὐταῖς
2599 2659 2692 2708 τοῦ
2736 2655 3035 2732 ἁγιωτάτου
3080 2655 3414 2734 πατριάρχου
3458 2653 3821 2730 Ἀντιοχειας,

2251 2733 2425 2812 κυρίου
2471 2731 2738 2812 Θεοδώρου
2765 2731 2858 2793 τοῦ
2889 2731 3210 2810 Βαλσαμὼνζ
3238 2758 3266 2790 ι»

2254 2827 2309 2892 ’0
2342 2835 2441 2910 μὲν
2468 2835 2696 2903 θεόπτης
2726 2837 2814 2894 καὶ
2863 2838 3144 2917 προφήτης
3203 2843 3427 2911 Μωσῆς,
3493 2836 3816 2916 Ἐρώτησον,

2170 2925 2319 3005 φησὶ,
2387 2926 2478 2980 τὸν
2531 2926 2729 3003 πατέρα
2794 2947 2912 3006 σου,
2973 2927 3060 2982 καὶ
3127 2925 3414 3006 ἀναγγελεῖ
3472 2949 3556 2983 σοι
3604 2941 3618 2957 ⁹
3703 2923 3818 2983 τοὺς

2167 3011 2544 3094 πρεσϐυτέρους
2589 3036 2703 3089 σου,
2777 3017 2866 3072 καὶ
2937 3014 3108 3094 ἐροῦσί
3151 3037 3256 3077 σοι.
3326 3026 3365 3074 0
3408 3013 3472 3071 δὲ
3530 3014 3819 3094 ἁγιώτατος

3077 3105 3355 3184 ἀγαπητὸς
3429 3104 3658 3184 ἀδελφὸς
3735 3099 3818 3156 καὶ

2168 3192 2569 3273 συλλειτουργὸς
2619 3198 2718 3260 τῆς
2789 3197 2944 3271 ἡμῶν
3016 3195 3389 3274 μετριότητος,
3435 3196 3614 3270 κύριος
3672 3190 3818 3268 Μάρ-

2161 3305 2277 3363 κος,
2327 3285 2509 3362 Πατὴρ
2543 3283 2789 3364 Πατέρων
2841 3285 3118 3365 ὑπάρχων,
3181 3291 3249 3362 τῇ
3306 3285 3493 3365 χάριτι
3538 3289 3634 3340 τοῦ
3666 3285 3812 3351 Θεοῦ,

2162 3376 2258 3429 καί
2356 3369 2721 3452 πρεσϐυτέρων
2831 3372 3202 3453 πρεσϐύτερος,
3329 3374 3610 3434 κάντεῦθεν
3683 3365 3814 3446 μηδέ

2162 3461 2468 3538 ψάλλουσαν
2541 3460 2687 3542 ἔχων
2781 3467 2923 3538 αὐτῷ
3021 3464 3220 3531 ταύτην
3302 3464 3401 3530 τὴν
3485 3457 3813 3545 προφητικῆν

2161 3551 2546 3626 καλλιέπειαν,
2575 3550 2655 3632 ἐφ’
2716 3557 2802 3616 οἷς
2873 3553 3270 3633 ἐζυγομαχεττο
3324 3551 3556 3617 πολλοῖς
3619 3547 3816 3613 ἐκκλη-

2162 3655 2458 3705 σιαστικοϊς
2489 3642 2851 3723 ἐρωτήμασιν,
2905 3642 3082 3722 ⁸ίτερον
3139 3643 3199 3700 ἐκ
3249 3649 3348 3711 τῆς
3409 3647 3578 3710 αὐτῆς
3607 3638 3811 3716 κινύρας

2154 3738 2245 3787 τοῦ
2275 3732 2570 3807 πνεύματος
2642 3730 2914 3797 ἀνεδέξατο
2997 3731 3368 3815 θεσπιῴδημα,
3427 3732 3586 3812 λέγον
3623 3751 3639 3764 ·
3686 3724 3811 3784 Ἰδοὺ

2154 3819 2215 3877 δῦ
2248 3822 2298 3876 τί
2342 3818 2506 3876 καλὸν
2537 3820 2572 3888 ἢ
2615 3821 2665 3876 τί
2692 3823 2914 3899 τερπνόν
2970 3823 3136 3898 ἐστιν,
3197 3821 3317 3879 ἀλλ’
3379 3823 3415 3891 ἢ
3461 3825 3524 3880 τὸ
3580 3837 3810 3896 συμφρο-

2155 3922 2267 3966 νεῖν
2298 3908 2550 3991 ἀδελφοὺς
2597 3909 2680 3966 ἐπὶ
2709 3913 2772 3966 τὸ
2816 3911 2984 3990 αὐτός
3051 3914 3169 3992 Διὸ,
3227 3914 3361 3970 καθά
3429 3936 3484 3970 τι
3529 3909 3809 3987 ψαλτήριον

2155 3997 2374 4078 ὄργανον
2445 4005 2704 4074 μουσικῆς
2798 3999 3101 4075 ἐπιμελείας
3196 3999 3471 4078 δεόμενον,
3544 3998 3808 4073 ἐκθέμενος

2156 4087 2417 4165 ἐρώτησιν
2487 4087 2772 4170 ἔγγραφον,
2868 4089 3155 4170 ἐνεχείρισε
3251 4093 3448 4158 ταύτην
3535 4096 3602 4168 τῇ
3658 4088 3806 4160 ἡμῶν

2157 4178 2462 4257 μετριότητι
2496 4193 2510 4208 ⁸
2574 4180 2661 4234 καὶ
2717 4179 2944 4250 ἐζήτησε
3004 4181 3069 4236 τὰ
3127 4179 3182 4236 ἐν
3270 4181 3407 4258 αὐτῇ
3452 4176 3805 4261 περιεχόμεναι

2155 4269 2404 4324 κανονικα
2459 4266 2813 4348 προϐλήματα
2869 4271 2957 4326 καὶ
3031 4272 3316 4347 ζητήματα
3371 4259 3669 4338 λαληθῆναι
3725 4259 3804 4317 ἐπὶ

2154 4367 2334 4417 κοινοῦ
2388 4359 2476 4414 καὶ
2545 4355 2831 4439 ἀδελφικ-ῖκ
2915 4359 3243 4439 ἀποκρίσεως
3315 4358 3801 4440 καλλιγραφηθῆναι

2154 4453 2309 4503 τοῦτο
2338 4443 2602 4504 κωδίκιον.
2637 4449 2707 4504 Τὸ
2760 4454 2885 4525 γοῦν
2938 4449 3082 4528 παρὰ
3137 4472 3236 4519 της
3295 4451 3597 4528 ἁγιωσύνης
3653 4444 3803 4500 αὐτοῦ

2156 4537 2393 4594 συντεθὲν
2425 4539 2646 4615 γράμμα
2677 4534 3022 4614 διαλαμϐάνει
3063 4549 3226 4599 ταῦτα
3255 4541 3454 4619 ῥητῶς,

2238 4626 2328 4683 Ἐν
2375 4626 2594 4702 ὀνόματι
2638 4634 2731 4684 τοῦ
2777 4630 3004 4709 Πατρὸς,
3060 4631 3148 4686 καὶ
3216 4637 3308 4686 τοῦ
3380 4634 3525 4706 Υἱοῦ,
3585 4627 3670 4684 καὶ
3713 4624 3796 4709 τοῦ

2156 4715 2308 4794 ἁγίου
2368 4716 2694 4791 Πνεύματος.
2764 4708 3118 4795 Ἐρωτήματα
3201 4719 3334 4799 ἅπερ
3404 4721 3692 4801 χρῄζουσιν
3757 4708 3799 4763 οἱ

2154 4807 2454 4884 Χριστιανοὶ
2483 4808 2530 4861 οἱ
2587 4813 2953 4871 κατοικοῦντες
3009 4807 3063 4864 ἐν
3119 4815 3187 4886 τῇ
3237 4811 3391 4891 χώρᾳ
3447 4816 3556 4866 τῶν
3624 4811 3796 4881 Σαρα-

2151 4900 2356 4972 κηνών,
2411 4895 2498 4950 καὶ
2557 4894 2611 4952 ἐν
2663 4909 2785 4960 ταῖς
2853 4895 3108 4962 ἐξουσίαις
3195 4900 3367 4956 αὐτῶν
3400 4917 3414 4931 ⁶
3477 4891 3796 4979 ἐρωτηθέντα

2151 4985 2293 5064 παρὰ
2351 4984 2564 5064 Μάρκου
2619 4984 2709 5042 τοῦ
2777 4984 3063 5066 ἐλαχίστου
3132 4987 3185 5044 ἐν
3267 5004 3386 5055 τοῖς
3442 4984 3796 5061 πατριάρχαις

2157 5069 2572 5152 Ἀλεξανδρείας,
2631 5073 2683 5130 ἐν
2741 5075 2964 5153 ἡμέραις
3035 5083 3132 5145 τῆς
3189 5077 3456 5155 βασιλείας
3501 5081 3592 5132 τοῦ
3647 5070 3794 5126 εὐσε-

2153 5161 2410 5219 ϐεστάτου
2482 5165 2570 5221 καὶ
2651 5163 2994 5246 φιλοχρίστου
3091 5167 3352 5245 βασιλέως
3408 5171 3561 5246 ἡμῶν
3629 5156 3796 5246 κυρίου

2154 5255 2421 5316 Ἰσαακίου
2464 5265 2556 5315 τοῦ
2612 5245 2892 5337 Ἀγγελου,
2949 5260 3036 5318 καὶ
3092 5259 3178 5315 ἐπὶ
3236 5266 3326 5317 τοῦ
3369 5257 3665 5338 ἆγιωτάτου
3712 5245 3795 5304 καὶ

1735 5420 1992 5490 VARIIE
2035 5425 2472 5494 LECTIONES.

489 5594 552 5647 47
584 5597 832 5661 θανάτου.

486 5735 508 5803 ς
536 5703 949 5803 cogitationis,
973 5707 1096 5803 (1.1ιί
1125 5711 1425 5803 etpulpoe,
1459 5719 1511 5776 et
1538 5731 1729 5795 poem?
1751 5717 2000 5782 obnoxii
2021 5726 2228 5783 erunt.
2275 5725 2298 5756 ⁸
2319 5737 2588 5800 pomum.
2613 5737 2782 5800 {qua
2811 5721 3034 5786 vitiosa
3062 5721 3152 5803 ﬁt.
3187 5734 3217 5778 ε
3239 5736 3505 5801 panum.
3536 5719 3563 5762 ιι
3593 5707 3790 5772 Marco

417 5784 873 5866 Alexandrino,
904 5784 1418 5870 ραινίανοὴανίιιηξ
