4128 6454
303 371 456 438 1033

1631 376 2212 445 ῦΒΛΕΟΟφΒΟΜΑΝ
2220 381 2329 444 UM
2338 427 2354 441 .

3520 383 3678 450 1034

293 505 657 600 οἰκουμενικοῦ
715 511 1046 592 πατριάρχου
1141 512 1317 592 κυρίου
1374 511 1655 592 Γεωργίσυ.
1718 499 1813 568 Ὠν
1883 515 1937 570 τὰ

2029 531 2216 575 annos
2242 522 2454 594 augeat
2480 512 2641 576 Deus
2669 513 2732 576 in
2753 514 2989 580 dierum
3017 516 3682 600 longitudinem.Mense

289 593 387 662 ἔτη
457 595 672 662 αὗξανεϊ
727 601 755 655 6
827 602 956 666 Θεὸς
1002 602 1074 666 εἰς
1144 602 1456 682 μακρότητα
1512 603 1750 682 ἡμερῶν.
1809 603 1950 668 Μηνὶ

291 682 630 767 Φεϐρουαρίῳ
677 687 1041 766 ἐπινεμήσεως
1135 680 1227 770 ιγ’,
1260 680 1268 682 ἡ
1307 692 1396 748 καὶ
1463 691 1594 748 ἐτῶν
1627 680 1797 767 71.1216
1848 691 1946 758 τὴν

293 774 558 860 σάρκωσιν
599 785 692 836 τοῦ
749 779 936 860 Κυρίου
1003 783 1094 838 καὶ
1165 788 1296 840 Θεοῦ
1351 782 1440 838 καὶ
1509 787 1762 860 Σωτῆρος
1790 782 1946 857 ἡμῶν

293 859 470 930 Ἰησοῦ
510 873 742 946 Χριστοῦ
785 937 796 948 .
808 891 912 948 ασγ
924 858 954 932 ⁸,

375 937 695 1041 Ἐρώτησις.
767 937 826 1014 Ai
893 937 1016 1039 περὶ
1074 960 1141 1016 τὰ
1210 959 1346 1041 μέρη
1418 965 1517 1027 τῆς
1564 957 1947 1038 Ἀλεξανδρείας

291 1042 382 1098 καὶ
434 1051 540 1102 τῶν
603 1037 979 1126 Ἱεροσολύμων
1048 1037 1536 1128 ἀναγινωσκόμεναι
1606 1037 1942 1127 λειτουργίαι,

289 1132 382 1187 καὶ
453 1131 738 1213 λεγόμεναι
795 1143 1160 1218 συγγραφῆναι
1216 1140 1359 1217 παρὰ
1408 1145 1512 1196 τῶν
1568 1138 1734 1218 ἁφίων
1803 1137 1946 1194 ἀπο-

289 1219 524 1307 στόλων,
614 1222 851 1282 Ἰακόϐου
931 1221 1024 1282 τοῦ
1124 1225 1455 1307 ἀδελφοθὲου,
1540 1230 1630 1284 καὶ
1706 1226 1940 1306 Μάκρου,

288 1305 474 1367 δεκταί
503 1315 600 1402 εἶσι,
641 1314 709 1390 τῇ
773 1315 896 1394 ἁγίᾳ
953 1318 1040 1372 καὶ
1113 1305 1367 1394 καθολτκῇ
1427 1313 1740 1390 Ἐκκλησίᾳ,
1773 1313 1940 1402 ἣοῦς

373 1399 501 1462 Ἀττ.
582 1394 638 1462 (Ο
698 1402 868 1482 μέγας
922 1404 1218 1470 ἀπόστολος
1276 1405 1509 1481 Παῦλος,
1541 1409 1569 1462 6
1624 1408 1728 1460 τῶν
1782 1394 1942 1482 ἁγίων

289 1487 626 1558 Ἐκκλησιῶν
655 1499 749 1549 τοῦ
779 1499 910 1550 Θεοῦ
979 1496 1155 1574 ρήτωρ
1209 1499 1296 1553 καὶ
1366 1493 1702 1558 διδάσκαλος.
1748 1504 1941 1572 Κοριν-

285 1579 417 1644 θίοις
475 1580 822 1654 ἐπιστέλλων,
870 1584 1026 1662 φησίν
1060 1602 1074 1618 ⁸
1138 1582 1408 1666 ’Λδελφοὶ,
1458 1582 1754 1664 παρακαλῶ
1809 1583 1944 1658 ὑμᾶς

289 1665 376 1725 διὰ
418 1681 510 1730 τοῦ
566 1671 824 1748 ὀνόματος
877 1679 970 1729 τοῦ
1017 1673 1202 1752 Κυρίου
1252 1675 1407 1749 ἡμῶν
1461 1673 1636 1740 Ἰησου
1694 1677 1941 1750 Χριστοῦ,

288 1755 386 1813 ἵνα
426 1761 487 1815 τὸ
516 1759 643 1816 αὐτὸ
680 1759 874 1838 λέγητε
929 1763 1144 1838 πάντες,
1219 1764 1306 1818 καὶ
1361 1761 1505 1838 μὴῇ
1557 1763 1612 1819 ὲν
1655 1762 1783 1837 ὑμῖν
1812 1761 1942 1840 σχί-

286 1867 474 1922 σματα
511 1867 524 1881 ·
585 1848 679 1924 ᾗτε
763 1847 818 1905 δὲ
869 1851 1279 1930 κατηρτισμένοι
1309 1851 1364 1907 ἐν
1417 1858 1494 1926 τῷ
1538 1853 1679 1926 αὐτῷ
1706 1853 1818 1923 νοῒ,
1850 1850 1937 1906 καὶ

286 1934 342 1992 ἐν
368 1941 436 2000 τῆ
466 1939 598 2014 αὐτῇ
629 1939 841 2018 γνώμῃ.
915 1940 1097 2016 Φαμὲν
1141 1942 1334 2015 τοίνυν,
1380 1943 1452 2005 ὡς
1507 1941 1623 1996 οὔτε
1653 1940 1759 1996 ἀπὸ
1796 1940 1936 2002 θείας

289 2025 525 2106 Γραφῆς,
557 2025 674 2084 οὕτε
742 2031 848 2086 ἀπὸ
920 2031 1140 2095 κανόνος
1201 2029 1593 2108 ἐκφωνηθέντος
1654 2025 1933 2092 συνοδικῶς

285 2112 728 2197 ἀνεδιδάχθημεν,
787 2117 1166 2199 ἱεροτελεστίαν
1208 2120 1310 2175 ὑπὸ
1351 2125 1443 2174 τοῦ
1485 2119 1634 2199 ἁγίου
1704 2117 1931 2174 ἀποστό-

285 2199 383 2261 λου
426 2206 638 2288 Μάρκου
673 2198 1033 2288 παραδοθῆναι
1070 2227 1086 2246 ο
1122 2208 1282 2284 μόνος
1326 2206 1381 2264 δὲ
1425 2210 1453 2264 6
1482 2198 1571 2284 λβ’
1620 2209 1796 2265 κανὼν
1837 2207 1936 2273 τῆς

287 2297 342 2354 ἒν
404 2305 480 2372 τῷ
536 2296 780 2375 Τρούλλῳ
845 2305 940 2354 τοῦ
1044 2297 1277 2377 μεγάλου
1355 2296 1611 2357 παλατίου
1673 2297 1938 2362 συστάσης

295 2388 449 2466 ἁγίας
508 2388 595 2443 καὶ
670 2389 1038 2464 οἶκουμενικῆς
1117 2385 1349 2463 συνόδου,
1437 2387 1594 2467 φησὶν
1692 2387 1793 2442 ὑπὸ
1845 2384 1938 2441 τοῦ

283 2478 433 2555 ἆγὲου
505 2467 752 2534 Ἰακώϐου
797 2484 891 2533 τοῦ
945 2475 1258 2556 ἀδελφοθὲου
1339 2475 1602 2551 μυστικὴν
1649 2475 1935 2554 ἱερουργίαν

286 2567 627 2632 συντεθῆναι.
661 2557 718 2623 Ὀ
749 2566 930 2640 μέντοι
971 2555 1060 2622 πε’
1120 2566 1295 2643 κανὼν
1337 2569 1444 2622 τῶν
1487 2565 1650 2643 ἁγίων
1679 2565 1770 2620 καὶ
1795 2585 1934 2620 παν-

285 2656 544 2735 ευφήμων
603 2653 938 2734 ἀποστόλων,
995 2656 1084 2711 καὶ
1140 2657 1168 2710 6
1219 2641 1297 2710 νϐ’
1351 2641 1545 2710 κανὼν.
1578 2653 1674 2721 τῆς
1705 2653 1758 2711 ἐν
1789 2659 1936 2709 Λαο-

289 2742 462 2817 δικείᾳ
519 2743 752 2818 συνόδου,
815 2745 1261 2822 ἀπαριθμούμενοι
1338 2743 1404 2800 τὰ
1485 2741 1759 2823 ὀφείλοντα
1810 2739 1935 2822 παρ’

288 2834 429 2909 ἡμῖν
493 2833 857 2892 πολιτεύεσθαι
925 2832 1100 2911 βιϐλία
1173 2838 1271 2900 τῆς
1371 2831 1608 2897 Παλαιᾶς
1667 2834 1936 2903 Διαθήκης

282 2924 372 2978 καὶ
427 2929 525 2991 τῆς
615 2929 838 2998 Καινῆς,
911 2924 999 2980 καὶ
1075 2923 1206 2980 αὐτὰ
1277 2920 1341 2990 δὴ
1453 2924 1519 2982 τὰ
1587 2921 1931 2996 ἀποστολικὰ,

2029 601 2375 679 Februario,
2421 603 2767 666 indictionis
2818 605 2912 685 13,
2944 608 3086 670 anni
3127 615 3260 690 post
3311 608 3677 671 incarnatio-

2030 710 2173 753 nem
2218 691 2475 768 Domini,
2528 700 2588 756 et
2622 693 2756 775 Dei,
2800 705 2862 758 et
2917 694 3247 761 Servatoris
3302 697 3492 761 nostri
3527 696 3676 762 Iesu

2028 779 2268 857 Christi,
2299 782 2485 847 1203.

2110 961 2297 1020 Inter.
2337 965 2394 1022 l.
2428 959 2568 1032 Qum
2598 960 2661 1022 in
2692 960 2959 1043 partibus
2991 961 3366 1026 Alexandriae
3392 971 3452 1027 et
3470 962 3678 1027 Hiero-

2027 1045 2385 1126 solymorum
2417 1047 2695 1127 leguntur
2717 1050 2990 1129 liturgiae,
3019 1059 3077 1113 et
3091 1053 3443 1134 conscriptae
3461 1053 3678 1116 dicun-

2028 1143 2123 1196 tur
2142 1135 2324 1199 fuisse
2349 1157 2383 1198 a
2403 1139 2626 1201 sanctis
2652 1141 3185 1220 apostolis,Jacoho
3211 1141 3391 1206 fratre
3410 1141 3668 1221 Domini,

2027 1233 2086 1285 et
2126 1229 2349 1302 Marco,
2391 1227 2756 1308 recipiendae
2800 1237 2938 1291 sunt
2963 1248 2999 1292 a
3031 1237 3235 1294 sancta
3279 1239 3338 1294 et
3385 1231 3677 1294 catholica

2026 1313 2319 1391 Ecclesia,
2341 1334 2531 1379 necne
2554 1317 2586 1377 ?
3592 1386 3609 1398 κ,

2105 1403 2240 1466 Res.
2290 1405 2536 1484 Magnus
2577 1407 2881 1487 apostolus
2929 1407 3166 1490 Paulus,
3198 1417 3535 1472 sanctarum
3563 1410 3678 1474 Dei

2024 1490 2420 1554 Ecclesiarum
2451 1503 2648 1556 orator
2679 1502 2738 1558 et
2766 1496 2994 1574 doctor,
3027 1497 3102 1559 ad
3131 1498 3474 1561 Corinthios
3517 1499 3674 1561 scri-

2028 1579 2198 1655 bens,
2234 1581 2635 1658 aitzFratres,
2673 1583 2923 1648 obsecro
2971 1605 3077 1648 vos
3123 1604 3232 1667 per
3278 1605 3500 1650 nomen
3544 1586 3672 1650 Do-

2029 1669 2176 1731 mini
2203 1670 2390 1760 nostri
2421 1673 2560 1735 Jesu
2588 1673 2830 1750 Christi,
2865 1682 2929 1736 ut
2964 1674 3125 1737 idem
3178 1675 3392 1740 dicatis
3435 1694 3668 1760 omnes,

2028 1776 2139 1820 nec
2176 1759 2296 1820 sint
2339 1761 2402 1821 in
2450 1760 2617 1823 vobis
2666 1762 2913 1826 dissidia
2945 1783 2962 1824 :
2994 1763 3125 1826 sitis
3172 1773 3370 1826 autem
3419 1759 3671 1848 compo-F

2021 1846 2158 1908 siti1
2189 1851 2397 1911 eadem
2427 1857 2651 1933 mente,
2676 1853 3006 1934 eademque
3035 1853 3360 1916 voluntate.
3404 1846 3682 1917 Dicimus

2017 1934 2219 2015 igitur,
2281 1957 2391 2001 nos
2449 1958 2644 2021 neque
2688 1960 2723 2004 a
2778 1961 2947 2004 sacra
3007 1940 3334 2023 Scriptura,
3395 1961 3591 2025 neque
3637 1962 3674 2006 a

2017 2043 2246 2089 canone
2302 2029 2584 2108 synodice
2642 2030 2826 2112 edito,
2891 2031 3134 2094 edoctos
3193 2032 3380 2094 fuisse
3432 2051 3670 2095 sacrum

2015 2115 2412 2179 ministerium
2441 2115 2456 2168 i
2485 2118 2604 2182 aS.
2654 2121 2920 2200 apostolo
2967 2123 3168 2184 Marco
3219 2121 3524 2186 traditum.
3554 2124 3672 2184 So-

2027 2203 2118 2265 lus
2149 2205 2310 2266 enim
2353 2209 2430 2268 3'2
2469 2227 2662 2271 canon
2702 2216 2922 2272 sanctae
2951 2219 3010 2273 et
3036 2211 3422 2273 mcumenicae
3459 2210 3673 2292 synodi

2023 2301 2239 2356 coactae
2266 2295 2327 2356 in
2359 2295 2559 2359 Trullo
2585 2299 2784 2377 magni
2814 2300 3136 2382 palatii,ait
3162 2318 3197 2361 a
3227 2298 3291 2364 S.
3320 2299 3542 2363 Iacobo
3562 2299 3674 2364 Dei

2017 2383 2201 2444 tratre
2245 2385 2553 2464 mysticum
2616 2387 2979 2450 sacriﬁcium
3026 2388 3211 2450 fuisse
3253 2388 3670 2469 compositum.

2017 2469 2292 2533 Attamen
2321 2474 2400 2534 85
2427 2492 2619 2536 canon
2646 2484 2985 2538 sanctorum
3019 2485 3078 2538 et
3103 2477 3266 2538 omni
3297 2475 3471 2538 laude
3501 2477 3668 2539 cele-

2020 2558 2216 2620 brium
2288 2563 2754 2643 Apostolorum,
2801 2573 2860 2627 et
2934 2565 3010 2629 59
3070 2584 3261 2627 canon
3318 2563 3672 2629 Laodicenis

2019 2649 2250 2728 synodi,
2275 2661 2693 2716 enumerantes
2735 2653 2972 2718 Veteris
3017 2653 3383 2718 Testamenti
3413 2662 3470 2716 et
3497 2653 3668 2732 Novi,

2017 2736 2296 2818 ipsosque
2324 2743 2678 2821 apostolicos
2706 2743 2914 2820 libros,
2948 2744 3050 2825 qui
3079 2743 3139 2804 in
3172 2763 3283 2805 usu
3333 2743 3508 2806 nobis
3536 2760 3672 2807 esse

2018 2825 2260 2905 debent,
2294 2831 2518 2892 nullam
2550 2833 2832 2896 sacriﬁcii
2921 2832 3111 2895 sancti
3127 2831 3340 2894 Jacobi
3359 2833 3454 2894 vel
3477 2833 3671 2895 sancti

2016 2916 2201 2978 Marci
2228 2921 2591 2983 mentionem
2621 2923 2864 2984 faciunt.
2897 2922 3105 3004 Neque
3154 2921 3334 2984 etiam
3376 2922 3672 2984 catholica

283 3011 569 3091 ἱερυυργίας
626 3023 719 3072 τοῦ
775 2995 923 3092 ἁγίου
975 3008 1225 3070 Ἰακώϐου
1279 3011 1315 3080 ἢ
1371 3017 1463 3068 τοῦ
1518 3012 1669 3090 ἁγίου
1722 2995 1935 3090 Μάρκου

2024 3007 2381 3070 sanctissimi
2412 3018 2471 3071 et
2499 3011 2854 3074 oecumenici
2881 2995 3083 3073 thro-ni
3125 3011 3671 3091 Constantinopolis

287 3102 467 3177 μνείαν
526 3101 662 3168 ὅλως
733 3105 792 3160 οὐ
847 3109 1142 3162 ποιοῦνται.
1227 3099 1391 3158 Ἀλλὰ
1442 3103 1528 3158 καὶ
1584 3103 1619 3170 ἡ
1674 3101 1931 3168 καθολικὴ

289 3189 582 3260 Ἐκκλησία
637 3200 731 3250 τοῦ
788 3193 1078 3272 ἁγιωτάτου
1157 3193 1246 3249 καὶ
1326 3194 1686 3267 οἷκουμενικοῦ
1749 3191 1931 3271 θρόνου

280 3285 381 3347 τῆς
440 3280 1043 3346 Κωνσταντινουπόλεως
1140 3279 1248 3337 οὐδ’
1304 3278 1442 3344 ὅλως
1498 3281 1690 3347 ταύτας
1747 3281 1928 3360 ἐπιγι-

278 3371 499 3433 νώσκει.
534 3372 884 3452 Ψηφιζόμεθα
912 3371 1000 3429 οὖν
1055 3374 1134 3446 μὴ
1164 3370 1305 3427 εἶναι
1357 3369 1543 3434 δεκτὰς
1599 3371 1777 3437 αὐτάς.
1820 3369 1928 3428 Κᾶν

285 3459 389 3538 γὰρ
421 3460 686 3539 ἐγένοντο.
754 3459 1040 3524 παντελοτς
1117 3458 1370 3538 ἀπραξίας
1439 3461 1927 3540 κατεψηφίσθησαν,

279 3548 356 3611 ὡς
412 3549 500 3604 καὶ
554 3546 690 3604 ἄλλα
737 3547 932 3608 πολλά.
993 3548 1093 3606 Καὶ
1147 3544 1306 3614 δῆλόν
1374 3546 1513 3604 ἐστιν
1540 3549 1646 3605 ἀπὸ
1688 3551 1780 3605 τοῦ
1846 3553 1934 3603 πε⁶

276 3636 504 3718 κανόνος
547 3644 654 3694 τῶν
714 3639 874 3718 ἁγίων
908 3637 997 3694 καὶ
1051 3637 1410 3716 πανευφήμων
1455 3635 1787 3713 ἀποστόλων,
1847 3645 1936 3700 καὶ

273 3733 370 3782 τοῦ
447 3715 503 3803 β’
554 3715 777 3792 κανόνος
832 3728 931 3794 τῆς
983 3725 1037 3783 ἐν
1089 3732 1168 3799 τῷ
1233 3715 1482 3804 Τρούλλῳ
1531 3735 1626 3786 τοῦ
1705 3723 1937 3804 μεγάλου

275 3815 535 3873 παλατίω
592 3817 858 3884 συστάσης
910 3817 1062 3895 ἁγίας
1113 3816 1202 3871 καὶ
1285 3817 1651 3892 οἷκουμενικῆς
1701 3811 1934 3882 συνόδου,

286 3897 343 3963 Ὀ
374 3906 471 3982 μὲν
538 3907 661 3986 γὰρ,
723 3909 752 3962 6
812 3905 1164 3968 ἀποστολικὸς
1220 3903 1452 3980 δηλαδή,
1514 3903 1787 3986 διορίζεται
1843 3905 1938 3968 τὰς

287 3995 384 4052 τοῦ
427 3995 735 4072 Κλήμεντος
778 3992 866 4054 δύο
896 3993 1200 4064 ἐπιστολὰς,
1259 3995 1348 4050 καὶ
1403 3996 1497 4059 τὰς
1551 3992 1803 4074 διαταγὰς
1834 3996 1936 4050 τῶν

281 4085 428 4141 ὀκτὼ
456 4083 671 4163 βιϐλίων
723 4084 880 4144 αὐτοῦ
934 4084 1377 4164 ἀναγννώσκεσθαι
1434 4082 1551 4159 μὲν.
1628 4085 1705 4160 μὴ
1761 4081 1932 4159 δημο-

290 4175 523 4231 σιεύσθαι
552 4172 630 4249 δὲ,
663 4171 747 4230 διὰ
799 4175 867 4230 τὰ
922 4173 976 4231 ἐν
1030 4175 1218 4238 αὐταῖς
1263 4172 1493 4248 μυστικά
1518 4191 1532 4206 ·
1579 4175 1606 4228 ὁ
1667 4171 1722 4227 δὲ
1795 4171 1932 4236 θέλει

287 4265 482 4328 ταύτας
552 4262 687 4341 μηδέ
741 4264 1214 4344 ἀναγινώσκεσθαι,
1288 4260 1372 4318 διὰ
1440 4264 1503 4319 τὸ
1555 4265 1932 4342 παρεντεθῆναι
1958 4275 2225 4344 “omnes
2251 4257 2386 4322 ECL.

2014 3092 2282 3157 Ecclesia
2305 3098 2422 3159 ullo
2448 3099 2625 3162 modo
2649 3119 2750 3162 eas
2787 3101 3053 3180 liturgias
3069 3099 3360 3179 agnoscit.
3386 3101 3668 3162 Pronun—

2013 3181 2228 3246 tiamus
2257 3186 2457 3269 igitur,
2490 3207 2611 3251 non
2637 3208 2771 3253 esse
2793 3190 2898 3252 has
2919 3189 3320 3271 recipiendas.
3342 3187 3414 3250 Et
3433 3187 3484 3249 si
3506 3189 3666 3250 enim

2013 3272 2183 3334 abiis
2211 3275 2378 3337 factae
2427 3277 2567 3355 sint,
2611 3279 2684 3340 ab
2737 3279 2899 3341 omni
2947 3298 3062 3342 usu
3101 3296 3314 3342 vacare
3357 3277 3664 3358 jubentur,

2013 3369 2074 3423 ut
2103 3370 2164 3423 et
2191 3364 2305 3426 alia
2330 3367 2534 3428 multa.
2584 3365 2771 3448 quue
2822 3368 3198 3430 manifestum
3234 3376 3323 3430 est
3352 3385 3424 3428 ex
3453 3367 3530 3427 85
3561 3383 3665 3428 ca-

2013 3470 2171 3513 none
2197 3463 2537 3518 sanctorum
2569 3464 2630 3518 et
2657 3458 3111 3520 benedictorum
3141 3457 3571 3538 apostolorum,
3612 3464 3674 3519 et

2015 3544 2053 3600 2
2082 3559 2309 3605 canone
2339 3554 2557 3607 sanctae
2599 3555 2659 3607 et
2688 3547 3075 3609 oecumenicaa
3119 3546 3330 3627 synodi
3378 3546 3442 3608 in
3465 3545 3668 3608 Trullo

2019 3631 2216 3709 magni
2263 3633 2464 3712 palatii
2520 3643 2738 3696 coacta;
2785 3654 2798 3697 :
2855 3635 3007 3697 alter
3063 3635 3248 3711 enim,
3309 3633 3671 3714 apostolicus

2022 3719 2338 3796 videlicet,
2391 3723 2603 3784 definit
2655 3725 2804 3787 duas
2861 3723 3187 3787 Clementis
3247 3722 3550 3802 epistolas,
3611 3730 3672 3786 et

2023 3808 2440 3889 dispositiones
2475 3816 2492 3857 l
2523 3820 2654 3874 octo
2699 3813 2987 3875 librorum
3034 3814 3187 3893 ejus,
3237 3811 3353 3890 legi
3397 3811 3666 3891 quidem,

2019 3915 2221 3959 verum
2254 3919 2374 3960 non
2403 3900 2684 3980 evulgari,
2727 3901 2803 3964 ob
2853 3920 3072 3964 arcana
3118 3919 3250 3982 quae
3295 3901 3360 3961 in
3407 3900 3481 3962 iis
3529 3909 3670 3963 sunt

2021 3988 2365 4051 recondita:
2394 3991 2541 4052 alter
2570 3999 2767 4052 autem
2796 3994 2922 4052 vult
2952 4009 3052 4053 eas
3093 4007 3290 4071 neque
3333 3988 3473 4068 legi,
3520 4007 3666 4069 pro-

2016 4085 2219 4157 pterea
2248 4079 2403 4160 quod
2430 4079 2504 4141 iis
2523 4080 2728 4161 spuria
2757 4081 3028 4162 quaedam
3085 4081 3269 4140 multa
3301 4087 3362 4140 et
3383 4097 3418 4139 a
3447 4077 3668 4157 pietate

2013 4167 2210 4228 aliena
2257 4170 2610 4250 interposita
2650 4168 2770 4230 sint
2797 4171 2870 4233 ab
2902 4169 3222 4232 haereticis.
3271 4165 3667 4240 Quamobrem

2510 4279 2552 4321 θ
2586 4261 2694 4322 Dei
2739 4260 2910 4340 sequi
2955 4259 3179 4321 debent
3225 4275 3454 4318 morem
3503 4274 3670 4319 novae

281 4326 475 4416 αὐταῖς
530 4326 637 4430 παρ
665 4354 699 4409 ἁ
729 4326 1043 4433 ἑτεροδόξων
1109 4326 1286 4410 πολλά
1338 4373 1457 4409 τινα
1513 4326 1660 4426 νόθαι,
1719 4352 1809 4408 καὶ
1836 4351 1930 4418 τῆς

2024 4345 2240 4428 Romae,
2295 4348 2577 4410 nimirum
2619 4326 3184 4430 Constantinopolis,
3218 4358 3278 4409 et
3303 4364 3476 4408 sacra
3505 4347 3670 4409 cele-

277 4439 540 4506 εὐσεϐείας
583 4442 857 4522 ἀλλότρια,
894 4444 993 4500 Διὰ
1033 4463 1114 4498 τοι
1156 4448 1310 4498 τοῦτο
1366 4442 1453 4497 καὶ
1482 4439 1742 4520 ὀφείλουσι
1770 4447 1936 4502 πᾶσαι

2024 4433 2192 4496 brare
2229 4436 2398 4515 juxta
2445 4437 2791 4500 traditiones
2849 4456 3196 4518 magnorum
3243 4436 3554 4497 doctorum
3613 4443 3676 4497 et

277 4536 332 4590 αἱ
372 4532 666 4600 Εκκλησίαι
707 4538 801 4589 τοῦ
845 4539 976 4590 Θεοῦ
1031 4529 1338 4587 ἀκολουθεῖν
1406 4536 1483 4605 τῷ
1541 4528 1641 4587 ἔθει
1685 4535 1783 4598 τῆς
1813 4529 1934 4593 νέας

2024 4525 2398 4587 Iuminarium
2449 4527 2709 4607 pietatis,
2768 4529 2958 4590 sancti
3003 4525 3250 4588 Joannis
3290 4522 3665 4604 Chysostomi

283 4611 520 4699 Ῥώμης,
548 4620 667 4690 ἤτοι
692 4627 792 4690 τῆς
846 4617 1450 4682 Κωνσταντινουπόλεως
1485 4635 1498 4648 ·
1573 4621 1662 4678 καὶ
1727 4621 1932 4699 ἱερουρ-

2024 4621 2077 4674 et
2102 4615 2293 4677 sancti
2341 4617 2563 4680 Basilii.
2609 4619 2714 4679 Ait
2751 4618 2912 4679 enim
2944 4619 3014 4680 41
3052 4621 3251 4696 caput,
3285 4630 3306 4673 ι
3337 4613 3424 4676 tit.
3468 4614 3506 4671 2
3559 4611 3668 4673 lib.

278 4693 405 4792 γεῖν
436 4693 574 4768 κατὰ
614 4713 710 4776 τὰς
750 4709 1064 4791 παραδόσεις
1122 4711 1227 4764 τῶν
1298 4706 1548 4788 μεγάλων
1604 4705 1928 4765 διδασκάλων

2024 4703 2342 4768 Basilicon:
2374 4705 2460 4767 De
2491 4706 2706 4786 quibus
2728 4711 2950 4788 scripta
2974 4706 3072 4768 lex
3095 4693 3217 4767 non
3237 4693 3360 4783 est,
3400 4717 3659 4776 morem,

277 4803 367 4858 καὶ
421 4805 715 4883 φωστήρων
783 4803 883 4868 τῆς
941 4796 1225 4875 εὐσεϐείας,
1307 4805 1400 4855 τοῦ
1485 4799 1634 4876 ἁγίου
1682 4795 1927 4856 Ἰωάννου

2024 4811 2126 4872 luo
2155 4793 2342 4883 Roma
2366 4795 2573 4871 utitur,
2605 4796 2830 4883 servari
2859 4803 3116 4876 oportet.

277 4897 372 4947 τοῦ
415 4874 788 4970 Κρυσοστόμου
831 4891 919 4948 καὶ
966 4896 1060 4947 τοῦ
1115 4874 1263 4968 ἁγίυυ
1314 4874 1610 4951 Βασιλείου,
1664 4889 1806 4956 Φησὶ
1837 4884 2025 4966 γὰρτὸ
2070 4874 2164 4958 μα’
2220 4885 2502 4965 κεφάλαιον
2544 4897 2636 4945 τοῦ
2691 4878 2744 4970 α’
2810 4874 2986 4943 τίτλου
3043 4893 3134 4942 τοῦ
3189 4874 3243 4961 β’
3295 4880 3498 4960 βίϐλιου
3558 4885 3666 4937 τῶν

282 4967 580 5036 Βασιλικῶν
614 4995 630 5011 ⁸
665 4979 788 5059 Περὶ
817 4981 890 5037 ὧν
921 4967 1180 5058 ἔγγραφος
1210 4981 1271 5037 οὒ
1297 4990 1474 5034 κεῖται
1516 4977 1702 5054 νόμος,
1734 4973 2158 5070 παραφυλάττειν
2185 4973 2269 5031 δεῖ
2296 4977 2358 5031 τὸ
2387 4973 2525 5048 ἔθος,
2631 4978 2665 5044 ἡ
2701 4967 2882 5070 Ῥώμη
2911 4976 3210 5070 κέχρηται,-
3295 5059 3308 5070 ⁸
3473 5057 3484 5070 ⁹

362 5064 655 5148 Ἐρώτησις
733 5057 808 5145 β’.
909 5066 1094 5144 Βιβλία
1155 5064 1374 5147 διάφορα
1460 5067 1784 5146 εὑρίσκονται
1857 5067 1929 5128 εἰς

2093 5059 2283 5124 Inter.
2337 5062 2398 5124 2.
2453 5063 2616 5124 Varii
2655 5064 3036 5144 reperiuntur
3079 5062 3239 5143 libri,
3292 5059 3355 5120 in
3399 5057 3667 5148 orienta-

279 5148 376 5211 τὰς
429 5147 764 5212 ίάνατολικὰς
831 5149 920 5205 καὶ
989 5148 1186 5211 νοτίους
1266 5147 1451 5227 χώρας
1488 5166 1502 5180 ·
1559 5149 1648 5204 καὶ
1704 5149 1771 5203 τὰ
1834 5148 1931 5222 μὲν

2024 5150 2171 5212 libus
2203 5161 2261 5214 et
2292 5152 2783 5214 meridionalibus
2812 5152 3198 5233 regionibus:
3228 5157 3287 5213 et
3315 5148 3418 5210 alii
3461 5147 3664 5209 nomi-

280 5238 628 5313 ὀνομάζονται
690 5235 1027 5295 Διδασκαλίαι
1082 5243 1188 5292 τῶν
1271 5237 1432 5314 ἁγίων
1489 5235 1825 5310 ἀποστόλων,
1869 5237 1934 5292 τὰ

2024 5249 2238 5302 nantur
2285 5241 2586 5322 Praecepta
2632 5249 2972 5303 sanctorum
3016 5239 3438 5334 apostolorum.
3481 5253 3496 5298 :
3540 5233 3665 5334 alii,

279 5325 361 5403 δὲ,
393 5321 630 5408 Ὀράσεις
659 5334 749 5386 τοῦ
794 5329 944 5406 ἁγίου
1014 5326 1244 5388 Παύλου,
1317 5325 1534 5404 Ἐρωτῶ
1591 5326 1679 5382 οὖν
1709 5329 1753 5383 εἰ
1782 5327 1933 5408 ὀφεί-

2024 5327 2294 5392 Visiones
2318 5321 2507 5393 sancti
2540 5329 2726 5394 Pauli.
2755 5329 2967 5402 Quaero
2996 5349 3072 5392 an
3106 5330 3167 5390 hi
3220 5327 3392 5390 nobis
3423 5323 3668 5404 legendi

283 5415 447 5495 λομεν
477 5417 859 5497 ἀναγινώσκειν
887 5416 1019 5475 αὐτὰ
1042 5435 1059 5496 ;
2017 5417 2137 5493 sint
2154 5419 2184 5479 ἶ)

1617 5547 1877 5614 νΑΒΙλΕ
1906 5553 2343 5620 LECTIONES.

361 5664 376 5706 ί
417 5662 838 5744 cmtglutinati.
918 5661 936 5715 ί
978 5676 1221 5724 sacram
1247 5661 1692 5723 car-cmonium.
1776 5659 1804 5702 κ
1831 5677 2025 5727 sacra:
2051 5667 2428 5727 carimom'ae.
2514 5663 2528 5703 ¹
2566 5664 3034 5744 ρνωοερε-ἱοηεεζ

842 5789 1104 5859 ΡΑτιιοι.
1139 5794 1252 5859 Gn.
1286 5792 1497 5857 CXIX.
3190 5789 3268 5856 33
