4128 6490
488 387 510 450 1
525 381 643 452 035

563 521 700 585 Res.
735 519 881 584 Cum
911 520 1200 585 Dominus
1230 527 1290 584 et
1315 525 1477 588 Deus
1513 531 1574 586 et
1622 524 1898 589 Servator
1928 531 2129 586 noster
2147 551 2190 598 Α

480 613 652 674 Jesus
681 609 947 676 Christus
976 613 1036 673 in
1067 611 1403 692 Evangeliis
1431 614 1828 691 dicat,Videte
1858 632 1931 677 ue
1953 612 2118 674 deci-

483 701 768 780 piamini:
803 701 971 763 multi
1003 702 1162 764 enim
1184 704 1425 765 venient
1454 704 1516 765 in
1556 704 1798 767 nomine
1838 722 1993 777 meo,
2029 701 2122 762 di-

483 797 706 864 centes,
741 790 885 862 Quia
919 809 1029 870 ego
1060 810 1214 866 sum,
1251 801 1309 853 et
1341 801 1571 874 tempus
1601 790 2117 874 appropinquavit:

482 879 936 960 pronuntiamus
978 888 1037 940 et
1074 898 1203 955 nos,
1247 881 1356 942 Dei
1401 883 1731 944 Ecclesiam
1782 899 1959 943 nosse
1991 885 2038 915 ’τι
2067 887 2126 940 et

483 967 754 1029 conﬁteri
783 969 1110 1048 apostolica
1155 978 1473 1051 praecepta,
1528 977 1587 1034 et
1629 972 1910 1043 visiones,
1945 978 2003 1031 et
2035 968 2128 1029 di—

481 1055 735 1134 sciplina
764 1067 795 1098 η
815 1056 1129 1138 librorum,
1151 1077 1281 1138 qua:
1311 1059 1387 1120 85
1422 1061 1747 1140 apostolico
1781 1077 2009 1121 canone
2029 1057 2129 1118 de-

481 1145 873 1217 clarantur,et
894 1147 1002 1208 Dei
1024 1165 1366 1226 praeconum
1393 1168 1568 1210 voces
1589 1149 1662 1209 iis
1694 1167 1826 1210 esse
1848 1148 2124 1209 creditas.

482 1237 706 1295 Praeter
736 1236 846 1295 hos
874 1234 1057 1296 alium
1089 1237 1318 1297 nullum
1350 1239 1508 1298 novit
1538 1237 1927 1318 apostolicum
1959 1256 2126 1297 com-

483 1323 839 1385 mentarium
865 1336 917 1385 ο.
949 1323 1393 1388 Observandum
1424 1327 1626 1406 igitur,
1648 1335 1711 1387 ut
1733 1325 1804 1388 ab
1837 1326 2128 1387 haereticis

483 1411 622 1473 ﬁcta
651 1430 993 1473 aversemur
1023 1413 1354 1476 mendacia.
1395 1414 1710 1475 Absinthio
1757 1413 1916 1474 enim
1963 1431 2124 1472 ama-

481 1500 664 1574 riora,
701 1499 837 1562 licet
871 1518 977 1581 per
1006 1501 1314 1564 nominum
1345 1512 1684 1564 sanctorum
1724 1500 2124 1582 apostolorum

479 1588 934 1670 inscriptionem
961 1591 1246 1654 mellitam
1276 1592 1540 1654 referant
1570 1591 1925 1672 placentem.

562 1767 760 1831 Inter.
793 1767 852 1829 3.
907 1767 1218 1847 Sexaginta
1249 1770 1636 1832 Basilicorum
1671 1768 1860 1849 capita
1893 1769 1964 1829 ad
2017 1786 2127 1827 no-

1852 393 1885 455 J
1891 391 1984 454 US
2026 389 2475 454 GANONIGUM

3705 374 3863 445 1036

2293 520 2417 582 Ἀπ.
2482 527 2584 580 Τοῦ
2645 521 2833 595 Κυρίου
2883 522 2971 578 καὶ
3028 525 3159 577 Θεοῦ
3232 519 3318 576 καὶ
3385 522 3636 598 Σωτῆρος
3703 515 3860 589 ἡμῶν

2215 609 2387 677 Ἰησοῦ
2417 617 2640 689 Χριστοῦ
2668 609 2722 666 ἒν
2780 609 3114 690 Εὐαγγελίοις
3144 610 3380 672 εἰπόντος
3417 624 3431 636 ’
3493 605 3722 664 Βλέπετε
3778 601 3859 690 μὴ

2213 688 2519 766 πλανηθῆτε
2567 713 2581 728 ⁸
2643 697 2832 756 πολλοὶ
3034 696 3333 754 ἐλεύσονται
3386 695 3472 752 ἐπὶ
3513 700 3590 768 τῷ
3639 688 3861 766 ὀνόματί

2214 809 2338 862 μου,
2383 786 2652 867 λέγοντες,
2704 777 2832 844 ’Ὁτι
2858 787 2966 865 ἐγώ
2991 790 3121 866 εἰμι,
3173 787 3258 842 καὶ
3319 787 3347 842 ὸ
3388 785 3568 862 καιρὸς
3612 781 3802 860 ἤγγικε
3839 793 3852 805 ⁸

2214 876 2550 956 ψηφιζόμεθα
2577 878 2666 933 καὶ
2712 879 2896 952 ἡμεῖς,
2955 873 3036 932 ὅτι
3091 873 3446 937 ἁποστολικὰς
3491 868 3852 943 διδασκαλίας,

2211 966 2298 1020 καὶ
2341 965 2570 1044 ὁράσεις,
2642 965 2738 1022 καί
2781 963 2998 1030 διδάξεις
3083 974 3176 1023 τοῦ
3258 971 3390 1020 Θεου
3445 959 3736 1026 Ἐκκλησία
3761 980 3856 1036 γι-

2213 1057 2400 1112 νώσκει
2429 1059 2516 1113 καὶ
2546 1055 2802 1136 ὁμολογεῖ
2843 1057 2908 1112 τὰ
2939 1055 2993 1112 ὲν
3036 1060 3113 1128 τῷ
3142 1044 3230 1112 πε’
3285 1051 3622 1124 ἀποστολικῷ
3677 1049 3858 1107 κανόνι

2211 1143 2508 1219 δηλούμενα
2565 1143 2763 1225 βιϐλία,
2827 1147 2916 1201 καὶ
2957 1145 3310 1220 πιστευόμενα
3365 1143 3506 1199 εἶναι
3589 1147 3695 1197 τῶν
3735 1141 3858 1194 θεο-

2209 1236 2453 1312 κηρύκων
2486 1236 2660 1314 φωνάς
2694 1277 2708 1292 .
2748 1224 2957 1312 ίὲτερον
3002 1231 3055 1288 δέ
3112 1255 3162 1288 τι
3211 1232 3353 1312 παρὰ
3404 1233 3566 1287 ταῦτα
3595 1231 3688 1286 οὒκ
3715 1224 3862 1282 οἶδεν

2209 1322 2561 1379 ἂποστολικὸν
2617 1324 2957 1402 σύγγραμμα.
3047 1320 3456 1401 Παρατηρητὲον
3540 1319 3634 1376 οὗκ
3715 1315 3856 1370 ἄπο-

2209 1411 2514 1490 στρέφεσθαι
2583 1412 2650 1467 τὰ
2733 1410 3081 1487 πεπλασμένα
3177 1411 3318 1489 παρὰ
3410 1415 3517 1466 τῶν
3589 1408 3860 1484 αἶρετικῶν

2210 1497 2601 1578 σχεδιάσματα.
2690 1498 2957 1574 Ἀψινθίου
3043 1501 3141 1578 γὰρ
3199 1499 3483 1578 πικρότερὰ
3565 1498 3684 1569 εἶσι,
3759 1490 3858 1548 κᾶν

2211 1589 2554 1664 μελιτοῦτταν
2611 1587 2695 1644 διὰ
2763 1594 2860 1655 τῆς
2934 1589 3230 1667 ἐπιγραφῆς
3275 1593 3382 1644 τῶν
3443 1587 3714 1662 ὀνομάτων
3756 1583 3862 1638 των

2213 1678 2373 1754 ἁγίων
2404 1675 2716 1756 ἀποστόλων
2745 1678 3146 1756 ὕποκρίνωνται.

2295 1765 2588 1844 Ἐρώτησις
2646 1755 2721 1844 γ’.
2785 1755 3175 1835 Τὰνέξήκοντα
3231 1765 3492 1843 κεφάλαια
3545 1769 3648 1819 τῶν
3692 1769 3862 1817 Βασι-

481 1864 633 1919 stras
663 1857 938 1937 regiones
959 1878 1080 1920 non
1109 1867 1506 1939 pervenerunt
1530 1877 1543 1921 :
1572 1858 1827 1938 ideoque
1849 1865 2127 1938 quantum

2218 1854 2379 1911 λικῶν
2424 1855 2482 1910 οὗ
2510 1852 2812 1921 διεδόθησαν
2865 1857 2937 1918 εἰς
2981 1857 3075 1917 τὰς
3136 1855 3319 1934 χώρας
3362 1857 3518 1930 ἡμῶν
3551 1868 3565 1881 ·
3602 1850 3686 1907 διὰ
3707 1859 3865 1908 τοῦτο

481 1944 556 2007 ad
586 1963 656 2005 ea
678 1947 954 2025 pertinet,
1007 1945 1071 2006 in
1120 1947 1382 2008 tenebris
1412 1965 1737 2009 versamur.
1776 1944 2126 2020 Quairimus,

483 2051 558 2094 an
587 2033 662 2094 ob
693 2053 824 2097 eam
856 2053 984 2096 rem
1017 2036 1392 2100 damnemur.

561 2125 692 2185 Res.
727 2122 1105 2206 Quaecunque
1137 2125 1229 2188 lex
1261 2126 1362 2207 ait,
1387 2126 1461 2187 iis
1481 2125 1563 2186 ait
1582 2125 1684 2206 qui
1715 2126 1776 2187 in
1806 2127 1939 2204 lege
1967 2131 2126 2202 sunt,

483 2213 818 2275 secundum
844 2232 1121 2292 magnum
1144 2213 1638 2294 Apostolum.Qui
1660 2215 1842 2292 igitur
1855 2213 1931 2275 ob
1948 2213 2126 2275 vitam

480 2300 810 2380 gloriantur
834 2303 1247 2383 orthodoxam,
1293 2303 1416 2364 sive
1462 2321 1530 2364 ex
1572 2303 1803 2364 oriente
1833 2303 1971 2377 sint,
2005 2302 2127 2363 sive

483 2408 556 2453 ex
594 2389 1134 2453 Alexandrinorum
1185 2393 1375 2472 plaga,
1427 2391 1550 2453 sive
1582 2392 1842 2465 aliunde,
1876 2389 2130 2454 Romani

483 2479 782 2561 dicuntur,
814 2486 872 2541 et
899 2478 1228 2543 secundum
1251 2481 1412 2558 leges
1443 2481 1638 2542 vivere
1665 2482 2127 2558 coguntur.Non

481 2568 893 2648 astringuntur
924 2577 1119 2632 tamen
1139 2570 1292 2647 lege,
1318 2589 1449 2650 quae
1476 2569 1578 2651 ait,
1603 2568 1734 2631 Non
1763 2577 1993 2650 oportet
2013 2568 2127 2631 Ro-

484 2674 723 2718 manum
769 2657 958 2719 virum
1011 2658 1172 2737 leges
1220 2659 1515 2737 ignorare.
1558 2657 1606 2720 Ii
1655 2657 1815 2720 enim
1866 2657 1999 2733 soli,
2031 2656 2131 2738 qui

489 2744 758 2807 habitant
791 2747 1069 2820 Romam,
1099 2747 1323 2826 regiam
1358 2747 1634 2810 videlicet
1657 2747 1976 2826 civitatem,
2001 2764 2133 2827 quae

485 2832 781 2896 similibus
812 2842 902 2896 est
914 2836 1139 2896 munita
1152 2836 1632 2916 propugnaculis,
1643 2844 1701 2898 et
1715 2835 1917 2897 multis
1934 2835 2129 2897 abun-

485 2922 584 2984 dat
607 2923 996 3003 jurisperitis,
1029 2925 1244 2987 horum
1291 2925 1501 2986 ferreis
1552 2933 1831 2987 tenentur
1882 2923 2128 3004 pedicis.

484 3009 744 3093 Ideoque
776 3011 827 3073 si
857 3012 918 3073 hi
949 3013 1138 3092 legem
1170 3013 1446 3092 ignorare
1490 3032 1555 3075 se
1586 3013 1862 3092 allegent,
1899 3012 2129 3074 veniam

490 3117 610 3162 non
641 3110 1104 3182 consequuntur,
1166 3102 1287 3163 sive
1329 3103 1631 3164 manuales
1679 3104 1798 3163 sint
1847 3102 2125 3182 operarii,

2218 3121 2386 3174 μενοι,
2446 3102 2505 3157 οὑ
2551 3101 2999 3179 συγγινώσκονται
3035 3121 3048 3134 '

483 3189 608 3250 sive
631 3189 1088 3252 circuml‘oranei
1117 3189 1235 3251 sint
1263 3189 1467 3270 aliqui,
1504 3200 1562 3252 et
1585 3191 1913 3254 litterarum
1947 3191 2132 3270 impe-

487 3278 586 3339 riti
621 3300 635 3339 :
670 3287 736 3339 ut
765 3279 865 3360 qui
897 3281 1118 3360 possint
1151 3300 1184 3341 a
1214 3281 1337 3342 suis
1375 3279 1600 3342 civibus
1652 3282 1845 3360 legum
1900 3281 2132 3341 discere

486 3375 782 3430 tenorem.
816 3368 927 3440 Qui
972 3377 1170 3430 autem
1217 3379 1380 3431 extra
1423 3369 1649 3430 Roman
1702 3379 1903 3447 agunt,
1957 3387 2130 3448 agre-

486 3463 658 3519 stesP
687 3459 916 3520 scilicet
945 3467 1003 3519 et
1032 3458 1268 3538 reliqui,
1305 3459 1605 3539 multoque
1654 3460 1837 3538 magis
1869 3459 2128 3519 Alexan-

485 3545 665 3625 drini,
685 3547 871 3626 legem
905 3547 1138 3608 civilem
1162 3547 1523 3626 ignorantes.
1543 3548 1770 3608 veniam
1797 3566 2124 3609 merentur.

483 3634 715 3696 Bonum
760 3654 898 3714 ergo
956 3643 1063 3712 est,
1117 3645 1180 3696 ut
1229 3635 1288 3697 hi
1333 3655 1568 3716 quoque
1625 3642 2011 3714 interrogent,
2073 3643 2131 3696 et

482 3722 746 3800 legitima
776 3732 1065 3804 praecepta
1095 3724 1521 3796 discant.Quod
1555 3725 1605 3785 si
1632 3734 1722 3787 est
1751 3724 2124 3806 dilﬁcile,ve-

481 3811 639 3875 niam
673 3822 812 3875 sunt
838 3814 1236 3875 consecuturi.

558 3901 744 3964 Inter.
778 3902 838 3963 4.
872 3905 965 3965 An
993 3912 1160 3964 extra
1207 3901 1560 3983 pcriculum,
1613 3921 1802 3978 sacra,
1866 3902 2126 3983 itemque

477 3989 616 4053 laici
635 3990 826 4052 fenori
846 3990 988 4053 dent
1011 3991 1344 4069 pecuniam,
1378 4010 1453 4052 an
1484 3992 1676 4070 potius
1707 3991 1877 4053 sitiis
1908 3992 2122 4053 exitio-

480 4098 610 4141 sum
630 4085 658 4141 ?

567 4169 704 4231 Res.
739 4168 1000 4231 Mosaica
1029 4169 1270 4249 quidem
1305 4169 1553 4246 lex,Non
1585 4170 1905 4252 fenerabis,
1935 4171 2124 4252 inquit

483 4268 792 4336 argentum
825 4267 988 4318 tuum
1016 4258 1182 4319 fratri
1229 4269 1363 4321 tuo:
1401 4259 1588 4320 civilis
1619 4268 1815 4320 autem
1861 4259 2126 4338 agnoscit

484 4363 694 4408 usuras
723 4347 1078 4408 centesimas
1109 4355 1168 4409 et
1197 4347 1465 4410 trientes.
1499 4348 1716 4410 Deﬁnit
1745 4348 1902 4411 enim
1939 4358 2001 4409 ut
2028 4367 2124 4409 se-

481 4443 722 4497 natores
751 4435 1044 4516 accipiant
1071 4454 1281 4498 usuras
1313 4437 1584 4517 trientes,
1617 4437 1899 4499 nimirum
1926 4437 1986 4498 in
2005 4437 2124 4498 sin-

479 4525 650 4604 gulas
673 4525 859 4587 libras
889 4544 1165 4586 nummos
1195 4534 1468 4607 quatuor.
1501 4525 1908 4606 Negotiatores
1929 4535 2124 4588 autem

480 4615 821 4695 vulgaresq,
857 4624 916 4678 et
947 4615 1538 4691 caiteros,dimidiam
1572 4616 1932 4690 centesimae,
1953 4615 2127 4676 nimi-

479 4722 613 4766 rum
645 4705 706 4765 in
733 4705 996 4784 singulas
1027 4705 1208 4766 libras
1239 4725 1514 4767 nummos
1547 4725 1670 4787 sex.
1705 4704 1820 4767 Eos
1849 4704 2124 4786 vero,qui

482 4793 848 4855 maritimum
881 4795 1050 4855 fenus
1080 4796 1499 4873 contrahuntr,
1525 4815 1630 4876 pro
1667 4794 1914 4874 singulis
1956 4793 2127 4854 libris

484 4901 759 4946 nummos
790 4883 1130 4947 duodecim.
1165 4883 1429 4957 Quonam
1476 4895 1670 4946 autem
1702 4884 1879 4945 modo
1919 4891 2123 4944 cente-

479 4972 649 5034 simae
675 4979 960 5036 vocentur
997 4991 1213 5050 usurae,
1267 4993 1399 5036 cum
1450 4973 1618 5034 librae
1665 4973 1960 5054 quantitas
2008 4991 2127 5033 non

478 5061 786 5140 perveniat
819 5061 892 5123 ad
929 5062 1151 5123 solidos
1184 5072 1447 5138 centum,
1499 5063 1605 5125 sed
1644 5063 1718 5123 ad
1757 5060 2126 5143 septuaginta

477 5148 666 5213 duos;
696 5169 814 5211 non
847 5159 936 5212 est
960 5151 1198 5213 dicendi
1229 5164 1484 5232 tempus,
1504 5169 1579 5212 ne
1611 5171 1759 5231 opus
1785 5152 1888 5212 ﬁat
1913 5159 2126 5230 praeter

469 5255 650 5316 .opus.
677 5236 750 5299 Et
773 5241 900 5300 haec
927 5241 1166 5320 quidem
1197 5241 1271 5301 de
1302 5241 1490 5306 laicis.
1548 5240 1805 5303 Sacratis
1852 5259 1986 5301 vera
2031 5241 2123 5300 fe-

479 5326 789 5390 neratione
819 5347 1060 5408 prorsus
1088 5330 1469 5393 interdietum
1502 5338 1610 5395 est.
1657 5331 1756 5392 Ait
1789 5329 1949 5392 enim
1998 5330 2122 5391 haec

2215 1941 2628 2019 νυκτοϐατιιῦμεν
2657 1941 2778 1999 ὅσον
2835 1946 2896 1999 τὸ
2969 1945 3039 2009 εἷς
3094 1945 3247 2006 αὐτά.
3321 1951 3588 2017 Ζητοῦμεν
3644 1939 3729 1997 οὖν
3761 1960 3864 2015 μα-

2211 2036 2346 2107 θεῖν,
2379 2035 2422 2088 εἰ
2454 2036 2686 2090 ἐντεῦθεν
2717 2033 3157 2112 κατακρινόμεθα.

2292 2122 2420 2183 Ἀπ.
2462 2112 2612 2179 ιὈσα
2641 2125 2669 2179 ὁ
2699 2121 2860 2197 νόμος
2913 2120 3095 2202 λαλεῖ,
3143 2135 3262 2186 τοῖς
3311 2121 3366 2178 ἐν
3410 2124 3488 2196 τῷ
3516 2120 3663 2195 νόμῳ
3690 2116 3860 2195 λέγει,

2211 2214 2345 2269 κατὰ
2375 2215 2464 2269 τὸν
2495 2212 2662 2290 μέγαν
2711 2210 3065 2273 Ἀπόστολον.
3098 2214 3157 2269 Οἱ
3221 2218 3347 2291 γοῦν
3402 2214 3690 2290 αὐχοῦντες
3744 2207 3859 2283 βίον

2211 2299 2498 2380 ὀρθόδοξον,
2568 2301 2666 2358 κᾶν
2724 2300 2776 2366 ἐξ
2823 2299 3094 2358 ἀνατολῶν
3151 2303 3277 2374 ὦσι,
3337 2298 3436 2356 κᾶν
3495 2297 3546 2364 ἐξ
3609 2294 3862 2360 Ἀλεξαν-

2211 2388 2395 2466 δρέων,
2428 2389 2526 2446 κᾶν
2569 2389 2843 2470 ἑτέρωθεν,
2916 2387 3176 2465 Ῥωμαῖοι
3246 2388 3515 2468 λέγονται,
3585 2387 3672 2444 καὶ
3726 2385 3877 2440 κατὰ.

2211 2478 2402 2552 νόμους
2452 2478 2834 2557 ἀναγκάζονται
2893 2477 3256 2535 πολιτεύεσθαι
3290 2479 3305 2510 ⁵
3351 2484 3430 2552 τῷ
3485 2477 3634 2552 νόμῳ
3701 2471 3866 2546 δέτῷ

2210 2567 2485 2647 φάσκοντι,
2532 2567 2604 2625 Οὐ
2647 2565 2729 2623 δεῖ
2779 2558 3044 2643 Ῥωμαῖον
3103 2565 3262 2646 ἄνδρα
3320 2567 3479 2642 νόμον
3536 2565 3772 2647 ἂγνοεῖν,
3803 2560 3865 2617 οὒ

2214 2643 2610 2735 συσφίγγονται.
2671 2658 2832 2713 Μόνοι
2875 2657 2975 2736 γὰρ
3044 2659 3091 2714 οἱ
3146 2643 3512 2718 κατοικοῦντες
3569 2654 3667 2721 τὴν
3724 2643 3864 2710 Ῥώ-

2215 2767 2344 2819 μην,
2377 2747 2476 2812 τὴν
2533 2742 2774 2822 βασιλίδα
2830 2742 3074 2812 δηλονότι
3133 2751 3239 2803 τῶν
3295 2742 3529 2825 πόλεων,
3571 2744 3670 2810 τὴν
3727 2763 3865 2798 κατ-

2213 2833 2615 2914 ησφαλισμένην
2647 2835 2851 2910 ὁμοίοις
2895 2835 3238 2914 πυργώμασι,
3281 2835 3369 2890 καὶ
3422 2832 3651 2895 πολλοὺς
3693 2829 3864 2888 πλου-

2211 2933 2400 2982 τοῦσαν
2457 2927 2803 3003 νομομαθεῖς,
2887 2937 3007 2987 τοῖς
3091 2925 3151 2980 ἐκ
3218 2923 3414 2980 τούτων
3493 2917 3862 3000 σιδηροπέδαις

2213 3012 2558 3091 κατέχονται.
2609 3015 2703 3068 Διὸ
2732 3015 2874 3069 οὗτοι
2922 3013 3020 3088 μὲν
3089 3013 3347 3091 ἀγνοῆσαι
3415 3011 3576 3087 νόμον
3606 3008 3862 3066 διενιστά-

3132 3099 3231 3156 κᾶν
3312 3100 3690 3181 χειρωνάκται,
3763 3100 3861 3155 id:

2213 3190 2430 3268 ἀγύρται
2459 3191 2600 3252 τινὲς
2647 3192 2769 3270 ὦσι,
2817 3191 2904 3246 καὶ
2959 3191 3286 3268 γραμμάτων
3342 3190 3560 3260 ἀνήκοοι
3596 3205 3609 3218 ·
3644 3190 3717 3252 ὡς
3763 3185 3856 3244 δυ-

2211 3280 2426 3354 νάμενοι
2471 3280 2534 3334 τὰ
2590 3281 2696 3334 τῶν
2738 3280 2915 3355 νόμων
2958 3282 3148 3354 μαθεῖν
3203 3281 3308 3335 ἀπὸ
3365 3285 3469 3335 τῶν
3498 3277 3858 3356 συγκατοίκων

2211 3367 2403 3427 αὒτῶν.
2439 3369 2498 3422 Οἱ
2555 3364 2608 3421 δὲ
2681 3365 2779 3432 ἔξω
2835 3374 2938 3430 τῶς
3016 3357 3226 3443 Ῥώμης
3295 3365 3588 3445 διάγοντες,
3635 3366 3855 3445 ἀγρόται

2211 3452 2478 3528 δηλονότι,
2505 3457 2592 3510 καὶ
2621 3454 2819 3530 λοιποὶ,
2896 3455 3081 3528 πολλῷ
3137 3454 3192 3511 δὲ
3246 3454 3406 3512 πλέον
3463 3452 3858 3532 Ἀλεξανδρεῖς,

2210 3544 2370 3618 νόμον
2414 3542 2686 3600 πολιτικὸν
2731 3545 3086 3623 ἀγνοήσαντες
3143 3543 3618 3623 συγγινώσκονταε,
3684 3541 3857 3601 Καλὸν

2211 3639 2333 3708 γοῦν
2407 3632 2518 3688 ἐστι
2588 3635 2676 3689 καὶ
2730 3635 2942 3697 τούτους
3015 3634 3237 3713 ἐρωτᾷν,
3295 3635 3382 3690 καὶ
3444 3633 3723 3709 μάνθανειν
3792 3632 3861 3688 τὰ

2210 3723 2402 3796 νομικα
2431 3722 2850 3802 παραγγέλματα
2886 3741 2899 3754 ’
2951 3726 2995 3780 εἰ
3024 3723 3079 3780 δὲ
3135 3722 3387 3804 δυσχερές
3445 3721 3580 3803 ἐστι,
3612 3721 3860 3801 συγγνώ-

2210 3834 2316 3886 μης
2362 3809 2738 3882 ἂξιωθήσονται
2750 3861 2763 3876 .

2290 3899 2580 3980 Ἐρώτησις
2641 3900 2710 3962 δ’.
2773 3893 3064 3959 Ἀκίνδυνόν
3121 3901 3229 3958 ἐστι
3311 3913 3429 3966 τοῖς
3530 3900 3857 3981 ίερωμένοις,

2209 3991 2289 4045 ναὶ
2318 3990 2500 4063 μέντοι
2571 3993 2658 4048 καὶ
2715 4005 2834 4056 τοῖς
2877 3991 3123 4069 λα’ἰκοτς,
3196 3992 3283 4048 Eni
3335 3991 3479 4064 τόκῳ
3520 3987 3788 4064 δανείζειν,
3823 3989 3861 4056 ἢ

2207 4077 2411 4152 μᾶλλον
2441 4079 2676 4162 ὀλέθριον
2703 4100 2720 4162 ς

2290 4168 2410 4229 Ἀπ.
2480 4161 2537 4227 Ὀ
2596 4161 2709 4246 μὲν
2768 4173 3059 4235 Μωσαῖκὸς
3131 4171 3316 4248 νόμος,
3375 4173 3482 4228 Οὐκ
3563 4169 3857 4243 ὲκτοκιεῖς,

2205 4259 2354 4337 φησὶ,
2400 4261 2461 4314 τὸ
2490 4259 2730 4340 ἀργύριόν
2783 4282 2876 4318 σου
2932 4267 3008 4335 τῷ
3062 4260 3273 4341 ἀδελφῷ
3308 4282 3400 4318 σου
3436 4279 3451 4295 ·
3498 4263 3527 4317 ὁ
3582 4257 3636 4315 δὲ
3693 4257 3858 4315 πολι-

2205 4349 2348 4411 τικὸς
2409 4347 2751 4428 ἐπιγινώσκει
2847 4350 3033 4415 τόκους
3117 4350 3532 4426 ἐκατοστιαίοος,
3589 4350 3678 4405 καὶ
3751 4348 3859 4405 ἀπὸ

2207 4437 2386 4516 τρίτης
2475 4439 2791 4506 ἑκατοστῆς.
2870 4442 3157 4521 Διορίζεται
3229 4440 3330 4520 γὰρ
3385 4441 3506 4504 τοὺς
3563 4436 3860 4517 συγκλητι-

2207 4528 2330 4590 κοὺς
2357 4525 2642 4604 λαμϐάνειν
2673 4530 2857 4594 τόκους
2906 4530 3012 4587 ἀπὸ
3065 4531 3258 4611 τρίτης,
3307 4530 3599 4596 ἑκατοστῆς
3633 4546 3650 4564 ·
3693 4526 3857 4606 ἤγουν

2210 4613 2291 4694 ἐφ’
2364 4617 2564 4694 ἑκάστῃ
2629 4617 2777 4697 λίτρα
2859 4608 3159 4696 νομίσματα
3207 4608 3280 4682 δ’.
3330 4619 3461 4682 Τοὺς
3519 4615 3853 4681 κοινολαίτας

2211 4708 2640 4787 πραγματευτὰς,
2696 4710 2783 4764 καὶ
2835 4707 3076 4784 λοιποὺς,
3134 4707 3652 4787 ἡμιεκατοστιαίους.
3692 4705 3853 4785 ἤγουν

2211 4793 2289 4872 ἐφ’
2324 4795 2521 4872 ἑκάστῃ
2580 4785 2730 4875 λίτρᾳ
2781 4799 3078 4874 νομίσματα
3134 4785 3238 4871 ς’.
3311 4797 3440 4860 Τοὺς
3511 4793 3566 4851 δὲ
3623 4793 3857 4856 διδόντας

2211 4882 2508 4966 διαπόντιον
2562 4883 2785 4966 δάνειον,
2858 4887 2987 4965 ὑπὲρ
3037 4886 3265 4953 ἑκάστης
3322 4883 3500 4964 λίτρας
3557 4883 3860 4959 νομίσματα

2213 4963 2306 5048 ιβ’.
2357 4964 2551 5038 ιὈπως
2608 4973 2662 5030 δὲ
2690 4974 2971 5032 καλοῦνται
3041 4978 3090 5032 οἱ
3132 4975 3279 5030 τόκοι
3323 4975 3704 5048 ἑκατοστιαῖοι,
3755 4977 3856 5041 της

2209 5063 2388 5140 λίτρας
2456 5063 2536 5137 μὴ
2593 5064 3032 5140 συμποσουμένης
3103 5066 3177 5128 εἷς
3221 5064 3519 5141 νομίσματα
3563 5052 3634 5140 ρί,
3696 5059 3856 5118 mw

2208 5153 2277 5217 εἰς
2309 5141 2412 5228 οβ’,
2445 5154 2626 5232 καιρὸς
2658 5156 2753 5211 οὐκ
2782 5153 2890 5212 ἔστι
2921 5153 3094 5233 λέγειν
3129 5173 3142 5189 ’
3189 5153 3283 5210 ’ίνα
3337 5155 3416 5229 μὴ
3448 5151 3600 5230 ἔργον
3628 5151 3689 5207 τὸ
3718 5151 3860 5228 πάρ-

2207 5264 2357 5322 εργον
2427 5242 2667 5322 γένηται.
2729 5245 2828 5302 Καὶ
2879 5252 3042 5303 ταῦτα
3097 5245 3194 5320 μὲν
3250 5245 3368 5322 περὶ
3423 5241 3653 5302 λαϊιιῶν.
3721 5242 3857 5306 Τοὺς

2205 5331 2516 5412 ἱερωμένους
2560 5331 2614 5388 δὲ
2669 5334 2890 5406 τοκίζειν
2933 5332 3206 5398 παντελῶς
3262 5332 3643 5412 ἀπηγόρευται.
3712 5331 3858 5398 Φησὶ

1804 5497 2057 5563 ἾΑΒΙᾸΕ
2097 5497 2530 5564 LECTIONES.

556 5639 596 5670 ω
642 5644 987 5707 agnoscere.
1076 5642 1103 5674 η
1129 5633 1453 5698 doctrinas.

1540 5643 1566 5674 ο
1594 5633 1904 5713 scriptum.

479 5714 580 5775 tuo
607 5709 782 5776 dant.

1993 5643 2019 5685 P
2048 5631 2283 5694 rustici.
2370 5643 2396 5685 τι
2425 5629 2637 5695 taieos.
2724 5640 2748 5673 τ
2784 5635 2890 5713 qui
2917 5636 3321 5712 traiectictam
3357 5628 3684 5716 pecuniam
3711 5647 3863 5695 mu-
