4128 6454
229 348 395 414 1037
1160 360 1171 368 ’
1583 344 1911 413 ὃΡιιλΕΟΟ-Ῑ

2010 344 2302 406 ΜΑΝΙΙΜ.
3490 342 3647 410 1038

240 481 344 560 γὰρ
373 483 402 537 6
445 469 539 558 μδ’
565 483 740 538 κανὼν
769 487 872 538 τῶν
913 483 1076 560 ἁγίων
1134 478 1445 537 ἀποστόλων
1475 485 1640 536 ταῦτα
1681 481 1854 558 ῥητῶς
1887 497 1900 511 ⁸

2010 473 2344 536 mminatim
2405 476 2482 538 44
2541 484 2879 538 sanctorum
2936 476 3369 558 apostolorum”
3400 497 3640 542 canon:

234 568 564 634 Ἐπισκοπος
593 570 628 639 ἢ
660 569 1029 651 πρεσϐύτερος,
1090 570 1127 638 ἢ
1197 568 1439 632 διάκονος
1496 567 1683 632 τόκους
1740 569 1896 624 ἀπαι-

2010 561 2328 646 Ipiscspus,
2358 572 2458 627 aut
2488 564 2818 646 presbyter,
2853 572 2956 627 aut
2985 565 3296 649 diaconus,
3329 587 3542 630 usuras
3571 568 3644 631 ab

237 663 343 716 τῶν
372 660 495 723 τοὺς
521 657 938 736 δανειζομένους,
971 659 1008 728 ἢ
1081 659 1389 733 παυσάσθω,
1449 657 1486 725 ἢ
1528 659 1890 739 καθαιρείσθω.

2010 654 2051 713 is
2084 652 2349 732 exigens,
2379 654 2598 736 quibus
2629 664 2896 716 mutuum
2928 654 3112 734 dedit,
3147 656 3241 719 vel
3275 657 3527 739 desinat,
3551 657 3645 721 vel

241 749 342 806 Καὶ
384 750 412 804 6
440 739 510 821 ιζ’
536 750 710 806 κανὼν
771 754 870 817 τῆς
939 750 1092 828 ἁγίας
1150 750 1238 804 καὶ
1287 747 1653 822 οἰκουμενικῆς
1686 737 1742 803 α’
1769 764 1896 802 συν-

2010 742 2331 821 leponatur.
2372 746 2444 806 Et
2503 746 2570 807 17
2603 763 2793 806 canon
2824 755 3047 809 sanctae
3106 737 3579 824 etIcecumenicae
3614 750 3638 811 1

237 834 360 896 όδου
399 844 562 895 ταῦτα
593 836 831 904 διέξεισιν
868 853 882 868 ⁸
958 835 1179 905 Ἐπειδὴ
1236 835 1426 893 πολλοὶ
1475 835 1530 892 ἐν
1586 843 1664 910 τῷ
1716 838 1898 893 κανόνι

2013 831 2190 910 ynodi
2223 832 2349 894 haec
2376 851 2388 894 :
2418 833 2713 906 Quoniam
2730 835 2922 910 multi,
2957 835 3058 915 qui
3088 834 3150 897 in
3167 855 3396 899 canone
3423 856 3643 900 recen-

238 925 625 1003 ἐξεταζόμενοι,
683 929 783 995 την
852 927 1155 994 πλεονεξίαν
1229 928 1320 983 καὶ
1379 927 1440 983 τὸ
1527 923 1898 1005 αἷσγροκερδὲς

238 1013 542 1097 διώκοντες,
572 1015 890 1076 ἐπελάθοντο
955 1024 1044 1073 τοῦ
1117 1017 1253 1072 θείου
1308 1015 1653 1094 Γράμματος,
1706 1013 1897 1092 λέγον-

239 1127 356 1180 τος,
405 1108 475 1164 Τὸ
516 1106 762 1185 ἀργύριον
806 1107 962 1166 αὐτοῦ
1034 1108 1126 1163 οὒκ
1169 1103 1360 1162 ἔδωκεν
1419 1103 1504 1160 ἐπὶ
1560 1104 1705 1178 τόκῳ
1737 1120 1750 1135 ·
1817 1107 1905 1159 καὶ

241 1193 559 1267 δανείζοντες
647 1197 938 1259 ἑκατοστὰς
1033 1195 1398 1268 ἆπαιτοῦσιν,,
1485 1191 1790 1249 ἐδικαίωσεν
1851 1194 1905 1260 ,ιή

1984 927 2212 997 sentur,
2268 923 2444 1003 plura
2497 923 2754 985 habendi
2810 924 3073 987 studium
3117 940 3175 988 et
3208 935 3381 1009 turpe
3412 927 3645 990 lucrum

1992 1019 2440 1099 persequentes,
2497 1013 2710 1074 divinae
2754 1014 3077 1096 Scripturae
3125 1015 3292 1076 obliti
3321 1026 3482 1099 sunt,
3515 1035 3648 1099 quae

1993 1097 2136 1158 dicit
2167 1116 2180 1160 :
2216 1105 2540 1179 Argentum
2571 1122 2742 1164 suum
2795 1122 2915 1164 non
2946 1103 3112 1168 dedit
3144 1105 3216 1166 ad
3265 1097 3553 1184 usuram;
3588 1113 3650 1168 et

1991 1185 2329 1250 fenerantes
2379 1192 2734 1254 centesimas
2789 1193 3076 1273 exigunt:
3126 1212 3360 1276 aequum
3415 1195 3650 1259 censuit

243 1285 368 1364 ἁγία
397 1287 484 1342 καὶ
528 1285 738 1365 μεγάλη
795 1285 1028 1366 σύνοδος,
1090 1287 1162 1348 ὡς
1237 1281 1290 1338 εἴ
1343 1274 1424 1349 τις
1479 1282 1710 1362 εὒρεθείη
1773 1283 1908 1356 μενὰ

2010 1285 2193 1338 iancta
2226 1290 2282 1340 et
2309 1298 2517 1359 magna
2546 1283 2832 1360 synodus,
2868 1291 2932 1344 ut
2964 1284 3014 1344 si
3045 1274 3483 1365 quisfinventus
3510 1285 3644 1346 fue-

242 1375 336 1430 τὸν
365 1372 484 1454 ὅρον
514 1382 702 1433 τοῦτον
730 1375 916 1438 τόκους
986 1371 1271 1450 λαμϐάνων
1329 1372 1390 1428 ἐκ
1444 1373 1904 1451 μετὰχειρήσεως,

2010 1365 2071 1426 rit
2096 1375 2228 1447 post
2261 1369 2372 1431 hoc
2429 1379 2708 1433 statutum
2766 1391 2974 1436 usuras
3029 1383 3232 1437 mutuo
3264 1393 3526 1453 sumere,
3556 1374 3648 1436 vel

244 1464 281 1532 ἢ
317 1461 493 1528 ἄλλως
522 1466 884 1544 ἐπερχόμενος
934 1464 995 1519 τὸ
1049 1468 1288 1542 πρᾶγμα,
1364 1460 1400 1529 ἢ
1429 1459 1701 1536 ιὴμιολίας
1759 1460 1911 1515 άπαιε

2010 1473 2126 1517 3am
2155 1476 2280 1518 rem
2333 1459 2504 1520 aliter
2565 1463 2863 1544 persequi,
2924 1465 3015 1526 vel
3047 1465 3246 1546 sesqui
3274 1464 3491 1527 alteras
3521 1465 3648 1528 exi-

243 1560 375 1628 τῶν,
438 1555 473 1622 ἢ
532 1553 707 1633 ἕτερόν
798 1577 850 1610 τι
930 1553 1154 1609 ἐπινοῶν
1229 1548 1658 1632 αἰσχροκερδείας
1730 1548 1904 1620 ἕνεκα,

2010 1563 2157 1637 gere,
2193 1549 2283 1608 vel
2337 1549 2558 1628 aliquid
2610 1551 2760 1614 alius
2805 1555 3142 1634 excogitare
3171 1555 3361 1636 turpis
3388 1565 3650 1637 quaestus

243 1644 678 1722 καθαιρεθήσεται
729 1649 820 1699 τοῦ
876 1640 1096 1721 κλὴρου,
1169 1641 1256 1696 καὶ
1311 1638 1584 1717 ἀλλοτρίος
1643 1639 1736 1694 τοῦ
1801 1659 1905 1693 κα-

2010 1633 2196 1712 ;ratia,
2234 1656 2266 1698 e
2322 1638 2483 1700 clero
2544 1640 2898 1722 deponatur,
2955 1633 3013 1706 et
3060 1644 3136 1705 sit
3192 1633 3424 1707 alienus
3481 1663 3649 1710 aca-

245 1732 396 1796 νόνος
450 1731 623 1794 ἔσται,
669 1732 744 1789 Τὰ
803 1730 932 1788 αὐτά
986 1752 1117 1810 φησι
1147 1730 1236 1786 καὶ
1278 1731 1306 1784 6
1361 1726 1406 1782 δ’
1477 1728 1650 1784 κανὼν
1695 1727 1793 1792 τῆς
1852 1726 1906 1781 ἐν

2010 1743 2170 1817 ioue.
2228 1725 2448 1790 Eadem
2505 1736 2562 1790 et
2615 1735 2652 1790 4
2717 1751 2910 1795 canon
2938 1733 3296 1797 Laodicenae
3327 1735 3560 1817 synodi,
3592 1743 3652 1797 et

253 1818 532 1893 Λαοδικείᾳ
561 1817 797 1894 συνόδου,
829 1820 917 1876 κπὶ
949 1817 1116 1898 ἕτεροι

334 1907 624 1990 Ἐρώτησις
685 1900 752 1969 ε’.
813 1907 1111 1965 Ἀκίνδυνόν
1196 1906 1335 1963 ἐστιν
1415 1906 1694 1984 ἱερατεύειν
1764 1906 1909 1984 ὀρθο-

248 1996 448 2074 δόξους,
483 2000 704 2080 Σύρους,
763 1999 850 2054 καὶ
910 1997 961 2063 ἐξ
1025 1995 1335 2077 Ἀρμενίων,
1397 1993 1533 2050 ἀλλὰ
1591 1995 1699 2070 μὴν
1743 1996 1832 2050 καὶ
1857 1992 1909 2060 ἐξ

250 2087 441 2167 ἐτέρων
471 2094 666 2168 χωρῶν
720 2088 866 2152 τινὰς
911 2087 1152 2161 πιστοὺς,
1212 2087 1346 2142 κατὰ
1416 2085 1513 2152 τὴν
1571 2085 1764 2141 οἰκείαν
1793 2081 1908 2138 διά-

250 2176 439 2234 λεκτον
469 2195 486 2213 ο
556 2177 591 2244 ἢ
644 2177 909 2240 παντοίως
965 2175 1347 2254 ἀναγκάζονται
1411 2174 1547 2249 μετὰ
1607 2169 1908 2238 ⁹Ελληνίδος

253 2267 536 2362 ἱερατεύειν
565 2271 771 2362 γραφῆς
804 2285 820 2346 ;
964 2354 974 2362 _
1114 2353 1127 2362 _
1199 2352 1208 2362 ι
1312 2353 1327 2362 ι
1496 2358 1540 2362 _
1582 2349 1627 2362 _,
1776 2342 1788 2362 ι

337 2352 664 2435 Ἀπόκρισις.
725 2347 781 2414 Ὀ
853 2354 1017 2432 μεγὰς
1087 2352 1398 2435 ’ἀπόστολος
1496 2349 1699 2416 Παῦλος
1776 2347 1909 2408 Ῥωο

257 2443 435 2522 μαίοις
484 2429 805 2501 ἐπιστέλλων
849 2429 1006 2524 φησίν
1036 2459 1048 2472 ·
1087 2429 1153 2497 Ἠ
1185 2439 1446 2500 Ἰουδαίων
1479 2444 1655 2516 μόνων
1686 2439 1860 2502 ὁΘεός
1887 2458 1903 2518 ς

252 2534 376 2616 ούχὶ
403 2530 458 2588 δὲ
501 2533 589 2589 καὶ
631 2532 789 2590 ἐθνῶν
823 2553 842 2612 ς
898 2533 982 2589 ναὶ
1035 2531 1124 2587 καὶ
1183 2529 1364 2616 ἐθνῶν.
1424 2531 1483 2587 Οἱ
1541 2527 1666 2607 γοῦν
1697 2525 1906 2607 ὀρθοδοο

252 2610 456 2689 ξοῦντες
485 2622 540 2680 ἐν
569 2629 726 2699 πᾶσι,
757 2610 856 2678 κᾶν
895 2621 992 2678 ὦσι
1037 2621 1135 2686 τῆς
1184 2610 1486 2685 Ἑλληνίδος
1545 2623 1725 2698 φωνῆς
1758 2618 1906 2693 πάμ-

253 2733 357 2769 παν
409 2710 697 2792 ἀμέτοχοι,
771 2711 906 2787 μετὰ
972 2714 1071 2776 τῆς
1126 2706 1256 2772 ἰδίας
1299 2706 1572 2767 διαλέκτου
1629 2708 1909 2786 ἱερουργή-

261 2822 463 2874 σουσιν,
495 2801 796 2880 ἀντέγραφα
824 2799 1044 2881 ἔχοντες
1086 2805 1186 2855 τῶν
1244 2797 1480 2867 συνήθων
1540 2797 1700 2874 ἁγίων
1735 2797 1910 2875 εὒχῶν

254 2887 658 2968 ἂπαράλλακτα,
733 2891 806 2953 ὡς
865 2885 1265 2967 μεταγραφέντα
1307 2885 1366 2942 ἐκ
1424 2884 1712 2941 κοντακίων
1769 2883 1907 2941 καλ-

258 2977 684 3057 λιγραφηθέντων
712 2977 798 3058 διὰ
824 2977 1153 3058 γραμμάτων
1199 2973 1547 3042 Ἑλληνικῶν.

341 3063 628 3145 Ἐρώτησις
683 3057 787 3141 ς’.
845 3057 1266 3144 Ἦῤῥαϐωνίσατυ
1349 3084 1430 3127 τις
1505 3074 1756 3142 γυναῖκα,
1819 3064 1906 3119 καὶ

1989 1813 2112 1876 alii.

2071 1902 2261 1968 Inter.
2296 1906 2355 1966 5.
2412 1907 2503 1968 An
2556 1909 2873 1971 orthodoxi
2920 1910 3051 1991 Syri
3106 1919 3165 1974 et
3212 1931 3285 1975 ex
3314 1912 3642 1994 Armeniis,

1992 2009 2228 2084 necnon
2277 2013 2349 2056 ex
2401 1997 2533 2058 aliis
2560 1999 2902 2076 regionibus
2952 2001 3134 2082 aliqui
3164 2001 3373 2064 fideles
3402 2002 3645 2084 propria

1993 2079 2192 2160 lingua
2224 2092 2386 2146 extra
2446 2086 2780 2165 periculum
2828 2107 3001 2151 sacra
3029 2079 3362 2168 celebrent,
3395 2079 3470 2153 an
3502 2079 3642 2154 vero

1990 2180 2279 2262 cogantur
2304 2192 2551 2254 prorsus
2582 2196 2717 2237 cum
2753 2184 2957 2241 hraaca
2987 2181 3285 2262 scriptura
3311 2181 3644 2245 sacerdotio

1990 2257 2198 2338 fungi?

2071 2348 2211 2412 Res.
2291 2351 2533 2432 Magnus
2589 2355 2889 2435 apostolus
2946 2357 3163 2420 Paulus
3218 2359 3290 2421 ad
3345 2362 3646 2424 Romanos

1993 2441 2264 2503 scribens
2283 2443 2508 2525 inquit:
2536 2446 2622 2509 Ad
2645 2446 2984 2510 Judteorum
3018 2457 3239 2511 taetum
3265 2454 3424 2514 Deus
3441 2451 3470 2511 ἱ)
3491 2452 3644 2515 Num

1993 2535 2052 2589 et
2079 2532 2340 2609 gentium
2366 2533 2396 2592 ἱ)
2427 2544 2586 2596 certe
2618 2544 2677 2597 et
2707 2537 2992 2614 gentium.
3036 2538 3146 2611 Qui
3182 2540 3364 2618 igitur
3391 2551 3554 2604 recte
3583 2543 3646 2603 in

1991 2619 2268 2682 omnibus
2291 2622 2365 2684 de
2389 2624 2504 2686 fide
2537 2625 2826 2709 sentiunt,
2862 2637 2920 2690 et
2953 2629 3002 2690 si
3037 2630 3153 2690 sint
3182 2629 3400 2693 Graecae
3433 2631 3648 2711 linguae

1995 2709 2238 2770 omnino
2269 2717 2811 2796 expertes,pr0pria
2835 2717 3088 2780 dialecto
3111 2736 3280 2781 sacra
3297 2709 3640 2796 conﬁcient,

1995 2800 2356 2880 exemplaria
2374 2813 2792 2866 consuetarum
2815 2826 3112 2869 sacrarum
3137 2827 3382 2890 precum
3414 2810 3648 2873 haben-

1992 2893 2082 2948 tes
2109 2907 2228 2950 non
2255 2892 2607 2981 evariantia,
2639 2903 2702 2956 ut
2734 2896 3043 2978 desumpta
3078 2919 3147 2962 ex
3194 2901 3481 2964 contaciis
3505 2918 3648 2981 grae-

1993 2978 2218 3070 canicis
2250 2980 2467 3044 litteris
2493 2985 2797 3065 eleganter
2821 2987 3159 3070 descriptis.

2071 3069 2264 3157 Inter.
2298 3072 2356 3133 6.
2420 3075 2810 3154 Desponsavit
2868 3077 3001 3157 quis
3036 3069 3171 3139 rsibi
3221 3080 3561 3156 mulierem,
3593 3089 3652 3143 et

260 3153 568 3223 ἐτελεύτησε
610 3159 712 3236 πρὸ
780 3165 875 3215 τοῦ
931 3153 1332 3233 ἱερολογηθῆναι
1407 3150 1523 3229 μετ’
1596 3151 1786 3244 αύτῆς,
1833 3155 1905 3244 ᾡς

2010 3155 2335 3239 )riusquam
2364 3179 2498 3222 cum
2523 3150 2591 3224 ea
2615 3183 2722 3244 per
2743 3150 3411 3244 benedictionem,sicut
3435 3169 3650 3230 consti-

256 3244 580 3322 νενόμισται,
614 3247 700 3302 καὶ
741 3247 843 3323 πρὸ
911 3245 1006 3301 τοῦ
1062 3246 1382 3322 συναφθῆναι
1440 3244 1594 3318 αὐτῇ,
1643 3239 1905 3299 ἀκίνδυνόν

255 3334 368 3391 ἐστι
438 3335 634 3401 ταύτην
703 3331 888 3391 λαϐεῖν
957 3334 1046 3388 τὸν
1103 3332 1291 3388 τούτου
1377 3329 1665 3411 aeneas
1694 3330 1730 3397 ἢ
1799 3330 1906 3410 aii;

341 3537 464 3598 Ἀπ.
500 3540 572 3596 Τὸ
599 3536 761 3596 καλὸν
807 3542 900 3596 οὒκ
929 3536 1038 3593 ἔστι
1087 3534 1274 3610 καλὸν,
1334 3538 1378 3591 εἰ
1450 3538 1526 3612 μιὶ
1581 3534 1759 3598 καλῶς
1816 3535 1912 3613 γέ-

258 3650 438 3695 νηται.
473 3635 534 3686 Ει
564 3636 690 3706 γοῦν
720 3629 755 3695 ἡ
788 3626 1067 3702 μνηστεία,
1114 3625 1232 3694 ἢτοι
1283 3627 1310 3680 ὁ
1368 3621 1626 3702 ἆῤῥαϐὼν,
1664 3621 1912 3691 ἐτελέσθη

258 3718 398 3775 κατὰ
463 3717 562 3784 τὴν
620 3717 958 3773 ὑποτύπωσιν
1010 3721 1108 3782 τῆς
1191 3720 1376 3792 νεαρᾶς
1448 3715 1752 3787 νομοθεσίας
1825 3722 1915 3771 τοῦ

257 3802 497 3882 ἀοιδίμου
566 3802 826 3883 βασιλέως
906 3805 1083 3884 κυρίου
1168 3799 1400 3867 Ἀλεξίου
1457 3807 1550 3857 τοῦ
1606 3807 1912 3878 Κομνηνοῦ,

261 3895 398 3972 μετὰ
437 3893 654 3962 τελετῆς
683 3898 788 3952 τῶν
861 3895 1097 3963 συνήθων
1141 3892 1304 3972 ἁγίων
1376 3890 1551 3970 εὐχῶν
1589 3909 1600 3921 ·
1660 3894 1758 3956 τῆς
1815 3911 1916 3967 γυ-

258 3985 438 4047 ναικὸς
482 3983 640 4051 οὔσης
701 3980 1072 4058 δωδεκαετοὺς,
1106 3987 1198 4038 τοῦ
1251 3978 1306 4035 δὲ
1334 3977 1516 4058 ἀνδρος
1576 3980 1664 4034 τὸν
1721 4000 1918 4034 τεσσα-

260 4071 660 4154 ρεσκαιδέκατον
720 4071 915 4152 χρόνον
973 4071 1282 4154 ἀνύσαντος,
1329 4072 1388 4127 οὒ
1444 4067 1674 4143 λήψεται
1717 4069 1918 4134 ταύτην

258 4149 333 4226 εἷς
380 4162 551 4241 γάμον
596 4164 623 4218 6
671 4149 896 4240 ἀδελφὸς
940 4164 1122 4220 αὐτοῦ.
1199 4149 1256 4218 Ὀ
1313 4159 1412 4236 γὰρ
1471 4155 1608 4214 οὕτω
1652 4156 1913 4220 τελεσθεὶς

259 4249 496 4331 άῤῥαϐὼν
525 4250 579 4309 ἐν
608 4254 736 4307 πᾶσι
766 4256 842 4324 τῷ
871 4272 1083 4326 νομιμῳ
1124 4249 1284 4326 γάμῳ
1353 4245 1666 4316 ταυτίζεται.
1735 4247 1792 4302 Εἰ
1861 4242 1915 4300 δὲ

258 4341 397 4398 κατὰ
423 4341 522 4408 τὴν
552 4341 842 4418 κρατοῦσαν
900 4341 1196 4408 συνήθειαν.
1267 4339 1342 4402 ὡς
1412 4335 1764 4418 μανθάνομεν,
1841 4335 1914 4400 εἰς

1993 3255 2180 3308 tutum
2239 3258 2350 3325 est,
2411 3250 2763 3329 initiaretur,
2835 3263 2892 3316 et
2944 3275 3080 3318 cum
3143 3276 3213 3319 ea
3243 3259 3646 3340 copularetur,

1994 3337 2254 3400 decessit
2303 3359 2321 3426 _:
2386 3359 2460 3402 an
2516 3361 2586 3403 ea
2640 3343 2884 3425 impune
2942 3345 3123 3410 nubet
3199 3337 3377 3429 hujus
3457 3346 3648 3420 fratri,

1997 3446 2190 3490 necne
2212 3429 2242 3488 ἵ)

2078 3519 2213 3608 Res.
2250 3517 2417 3608 Quod
2474 3519 2720 3597 bonum,
2782 3542 2900 3584 non
2933 3523 3155 3586 bonum
3187 3533 3302 3608 est,
3333 3525 3450 3588 nisi
3494 3525 3653 3587 bene

1999 3603 2119 3695 fiat.
2157 3603 2230 3695 Si
2268 3606 2450 3685 igitur
2500 3611 2799 3689 sponsalia
2854 3620 2912 3673 et
2969 3603 3322 3678 arrhabonis
3353 3615 3511 3676 datio
3543 3633 3652 3695 per

1998 3693 2154 3754 fecta
2187 3694 2306 3756 sint
2325 3697 2493 3776 juxta
2522 3699 2971 3779 dispositionem
2998 3705 3246 3765 novellae
3267 3693 3645 3766 constitutio-

2000 3782 2092 3842 nis
2136 3783 2340 3864 inclyti
2397 3787 2798 3868 imperatoris,
2859 3789 3086 3852 domini
3116 3792 3291 3855 Alexi
3331 3792 3646 3868 Comneni,

2001 3889 2136 3932 cum
2169 3878 2615 3938 consecratione
2649 3879 2993 3940 1‘solitarum
3015 3889 3351 3944 sanctarum
3376 3900 3646 3963 precum,

2003 3961 2226 4024 femina
2255 3966 2577 4027 evcedente
2606 3987 2830 4030 annum
2862 3969 3306 4046 duodecimum,
3337 3961 3527 4032 virum
3548 3989 3653 4033 au-

2001 4058 2121 4111 tem
2157 4052 2454 4114 decimum
2511 4065 2805 4136 quartum,
2872 4078 2992 4120 non
3024 4061 3203 4122 ducet
3243 4079 3372 4122 eam
3406 4079 3652 4122 uxorem

2001 4139 2184 4203 frater
2212 4142 2573 4224 ejus.Itaque
2597 4147 2755 4206 enim
2781 4149 3079 4228 perfectus
3099 4149 3354 4211 arrhabo
3371 4149 3653 4230 legitimis

1999 4230 2218 4310 nuptiis
2250 4232 2310 4292 in
2342 4234 2618 4296 omnibus
2649 4237 3204 4311 assimilatur.Quod
3237 4241 3287 4302 si
3309 4241 3477 4320 juxta
3506 4259 3652 4301 con-

1997 4321 2530 4403 suetudinem,quae
2555 4326 2642 4404 (ut
2669 4325 3011 4408 didicimus)
3031 4329 3258 4391 obtinet
3285 4331 3346 4391 in
3377 4328 3654 4392 omnibus

259 4431 435 4488 πάντα
459 4409 649 4507 σχεδδν
677 4429 744 4486 τὰ
773 4427 909 4505 μέρη
941 4436 1035 4487 τοῦ
1091 4427 1258 4506 Νόρου
1299 4427 1387 4482 καὶ
1415 4409 1544 4490 ’τῆς
1592 4409 1908 4499 Ἀνατολῆς,

2010 4417 2122 4507 Tete
2138 4409 2336 4473 Austri
2353 4422 2411 4507 et
2431 4412 2688 4476 Orientis
2712 4417 3000 4495 partibus,
3049 4428 3442 4500 praemortuus
3479 4421 3656 4482 aliter

263 4517 630 4596 ἆλλοτροπως,
690 4519 719 4573 6
772 4518 944 4573 θανὼν
1011 4516 1110 4583 τὴν
1167 4513 1448 4595 περιοῦσαν
1502 4509 1916 4595 ὴῤῥαϐωνίσατο,

267 4608 580 4687 συζευχθείη
610 4605 849 4683 νομίμως
884 4605 1018 4683 αὒτῇ
1047 4606 1076 4661 6
1117 4605 1304 4661 τούτου
1334 4601 1676 4684 αὖτάδελφος.

349 4694 642 4776 Ἐρώτησις
723 4702 795 4767 ζ.
886 4693 1407 4774 Ἀπροκριματίστως
1506 4689 1804 4754 διακονικοῦ
1882 4690 1918 4759 ἢ

267 4788 528 4865 ἱερατικοῦ
559 4786 762 4862 βσθμου
833 4782 1077 4851 ἀξιωθείη
1121 4785 1150 4839 6
1217 4781 1301 4840 διὰ
1355 4783 1417 4838 τὸ
1469 4779 1781 4847 τελευτῆσαι
1822 4781 1920 4846 τὴν

267 4877 683 4952 μνηστευθεῖσαν
713 4873 880 4948 αὐτῷ,
943 4871 1122 4953 ἑτέραν
1175 4868 1396 4948 σύμϐιον
1455 4868 1812 4948 ἀγαγόμενος,
1885 4867 1921 4936 ἢ

265 4967 340 5028 ὡς
371 4962 589 5043 δίγαμος
617 4961 1008 5033 κωλυθήσεται.

350 5053 478 5113 Ἀπ.
510 5053 570 5110 Εἰ
597 5051 695 5128 μὲν
761 5052 897 5107 κατὰ
952 5051 1050 5118 τὴν
1109 5054 1209 5117 τῆς
1267 5048 1500 5127 ῥεθείσης
1561 5051 1746 5123 νεαρᾶς
1777 5045 1919 5101 ἁπο-

265 5145 500 5200 τύπωσιν
566 5138 958 5221 ἠρῤαϐωνίσατο
1042 5140 1142 5206 τὴν
1217 5137 1589 5218 ἆποιχομένην
1650 5135 1916 5212 μνηστὴν,

268 5233 418 5312 ἑτέρᾳ
447 5232 651 5310 γυναικὶ
700 5230 836 5305 μετὰ
880 5231 976 5286 τὸν
1032 5229 1230 5294 ταύτης
1314 5230 1537 5283 θάνατον
1592 5223 1919 5302 συζευχθεὶς,

269 5323 365 5379 οὒκ
422 5320 664 5388 ἀξιωθείη
720 5321 921 5396 βαθμοῦ
974 5339 1116 5381 τινος
1171 5317 1277 5375 τῶν
1328 5323 1421 5372 τοῦ
1465 5316 1730 5392 βήματος.
1770 5312 1926 5390 Δίγα-

2002 4495 2116 4588 sibi
2146 4501 2524 4579 superstitem
2584 4495 3086 4584 desponsaverat—z
3124 4508 3302 4586 hujus
3339 4524 3655 4588 germanus

2004 4587 2062 4648 ei
2089 4587 2350 4666 legitime
2381 4592 2794 4672 conjungatur.

2083 4676 2271 4740 Inter.
2301 4680 2355 4742 7.
2389 4680 2480 4742 Au
2496 4681 2627 4743 siue
2657 4683 3000 4762 praejudicio
3030 4683 3340 4747 diaconico
3369 4693 3654 4748 etsacer-

2003 4765 2182 4856 dotali
2232 4770 2418 4848 gradu
2471 4771 2684 4850 dignus
2717 4773 3054 4855 habebitur,
3111 4775 3211 4856 qui
3262 4795 3396 4837 cum
3425 4784 3658 4838 mortua

2002 4855 2190 4936 ipsius
2241 4867 2398 4921 esset
2451 4878 2689 4941 sponsa,
2751 4863 2931 4925 alium
2980 4855 3294 4944 conjugem
3341 4865 3527 4947 duxit,
3579 4883 3656 4928 an

2003 4946 2167 5009 velut
2194 4946 2454 5010 binubus
2485 4950 2947 5030 prohibebitur?

2085 5039 2216 5100 Res.
2253 5036 2316 5100 Si
2345 5039 2586 5118 quidem
2603 5041 2772 5120 juxta
2803 5042 3094 5121 praedicta
3134 5045 3381 5107 novellae
3407 5046 3657 5107 formam

2005 5124 2402 5207 desponderat
2431 5127 2546 5188 sibi
2577 5137 2866 5190 mortuam
2889 5143 3329 5214 sponsam,post
3345 5135 3474 5214 ejus
3493 5153 3655 5197 mor-

2006 5224 2123 5278 tem
2158 5216 2257 5277 alii
2291 5218 2463 5278 uxori
2496 5218 2847 5299 conjunctus
2881 5239 3001 5282 non
3030 5231 3432 5304 consequetur
3471 5225 3661 5286 ullum

2008 5305 2208 5366 altaris
2231 5306 2477 5386 gradum
2513 5329 2526 5365 :
2575 5308 2834 5371 binubus
2888 5311 3045 5372 enim
3079 5320 3376 5375 censetur.
3413 5312 3519 5376 Sin
3549 5333 3654 5376 au-

269 5432 367 5490 μος
396 5411 496 5490 γὰρ
525 5408 813 5489 λογίζεται,
852 5410 910 5466 Εἰ
938 5406 992 5464 δὲ
1049 5407 1192 5486 παρὰ
1248 5405 1344 5472 τὴν
1387 5405 1584 5470 ταύτης
1640 5399 1911 5480 περίληψιε

2010 5405 2128 5459 tem
2178 5410 2395 5477 praeter
2447 5397 2578 5477 ejus
2637 5406 2904 5461 tenorem
2963 5420 3098 5464 cum
3158 5411 3391 5466 mortuo
3445 5422 3666 5486 sponsa

1613 5567 1867 5632 VABUE
1915 5563 2349 5630 LEGTIONES.

320 5751 322 5754 ν
354 5728 374 5760 ³
409 5714 784 5798 peractione.
