4128 6456
593 378 748 445 1039

2003 379 2035 440 J
2043 378 2134 441 US
2182 373 2627 442 CANONIGUM

3785 375 3918 440 1040

587 524 956 580 contractum
985 513 1395 591 iniverat,sine
1425 513 1855 595 impedimento
1878 516 2210 578 sacrabitur

2297 515 2379 583 ﬁt?)
2420 512 2741 582 τελευτῆσαν
2781 515 3172 592 ἐμνηστεύσατο
3201 513 3409 592 γύναιον
3443 532 3461 594 ς
3491 510 3920 593 ἀπαρεμποδίστως

589 613 657 670 ut
688 606 791 687 qui
821 605 1091 686 bigamus
1121 623 1239 667 non
1269 611 1604 667 censeatur.

668 694 861 758 Inter.
897 695 958 758 8.
985 693 1047 757 Si
1075 693 1358 755 sacerdos
1406 700 1613 754 tonsus
1640 691 1844 769 fuerit,
1880 711 2237 757 concessum

585 784 699 846 erit
728 785 784 846 ei
813 792 944 866 post
977 793 1287 846 tonsuram
1310 780 1667 856 sacrificare,
1702 781 1947 845 annon?

661 876 796 938 Ras.
821 873 964 937 Cum
987 872 1293 935 aecundus
1319 890 1509 932 canon
1536 878 1755 932 sanctae
1781 873 2238 936 etmcumenicaa

581 962 792 1042 synodi
821 968 1039 1026 coactae
1066 961 1128 1022 in
1159 958 1533 1022 sanctissimo
1578 960 1790 1022 throno
1822 961 2236 1023 Constantino-

579 1051 731 1132 polis
787 1051 916 1113 hazc
971 1048 1320 1112 nominatim
1379 1049 1775 1130 pronuntiet:
1813 1049 2053 1112 Etiamsi
2116 1051 2232 1112 huc

579 1158 770 1221 usque
795 1139 1067 1204 nonnulli
1095 1137 1410 1210 antistites,
1447 1137 1548 1217 qui
1578 1137 1649 1198 ad
1676 1140 2101 1200 monachorum
2130 1139 2231 1201 ha-

583 1229 770 1291 bitum
812 1228 1267 1305 descenderant,
1305 1236 1368 1287 ut
1416 1227 1477 1287 in
1514 1226 1837 1309 episcopali
1864 1227 2093 1304 fastigio
2120 1247 2239 1292 ma-

580 1326 814 1394 nerent,
849 1318 968 1380 vim
1016 1317 1416 1379 adhibuerunt
1452 1337 1464 1378 :
1501 1325 1560 1376 et
1603 1335 1736 1378 cum
1800 1317 1911 1378 hoc
1945 1318 2229 1394 facerent,

581 1408 839 1486 neglecti
869 1415 1008 1471 sunt
1040 1425 1053 1470 :
1088 1413 1292 1468 sancta
1310 1415 1510 1466 tamen
1538 1412 1598 1466 et
1622 1405 1974 1468 universalis
1996 1407 2120 1468 haec
2144 1426 2233 1487 sy-

580 1497 793 1574 nodus,
822 1497 976 1559 hanc
1003 1494 1422 1576 negligentiam
1457 1512 1688 1575 quoque
1721 1494 2048 1573 corrigens,
2069 1505 2126 1557 et
2153 1494 2226 1556 ad

577 1585 728 1648 ritus
761 1587 1199 1650 ecclesiasticos
1227 1583 1380 1647 hanc
1410 1583 1803 1646 inordinatam
1821 1585 2117 1647 actionem
2133 1603 2229 1647 re-

577 1674 809 1755 digens,
839 1675 1042 1738 statuit
1097 1682 1164 1736 ut
1203 1673 1255 1735 si
1298 1672 1430 1753 quis
1483 1673 1818 1753 episcopus,
1873 1674 1964 1735 vel
2014 1674 2226 1755 aliquis

573 1764 724 1826 alius
781 1783 850 1827 ex
904 1763 1228 1846 pontiﬁcali
1287 1761 1602 1841 dignitate,
1665 1763 1918 1825 voluerit
1944 1763 2017 1825 ad
2049 1764 2224 1824 vitam

577 1822 967 1917 monasticain
990 1822 1384 1926 descendere:
1407 1850 1499 1912 vel
1525 1822 1883 1933 poenitentiae
1904 1853 2096 1914 locum
2118 1854 2228 1914 im-
2247 1822 2286 1872 Β

571 1942 760 2024 plere,
798 1963 871 2005 ne
926 1943 1182 2024 amplius
1239 1939 1518 2003 antistitis
1570 1941 1919 2020 dignitatem
1953 1951 2220 2024 usurpet.

569 2033 995 2095 Monachorum
1055 2032 1214 2095 enim
1265 2029 1690 2111 professiones,
1743 2031 2133 2112 subjectionis
2165 2039 2224 2095 et

569 2121 840 2184 discendi
873 2119 1211 2202 cupiditatis
1239 2118 1533 2181 rationem
1585 2119 1826 2196 habent,
1869 2139 1987 2182 non
2021 2131 2218 2183 autem

569 2210 858 2273 doctrinae
887 2211 977 2273 vel
1008 2209 1297 2291 primatus
1328 2228 1342 2268 :
1380 2225 1494 2269 nec
1547 2208 1697 2269 alios
1720 2227 1989 2290 pascere,
2018 2211 2123 2272 sed
2155 2230 2220 2272 se

567 2302 726 2380 pasci
761 2300 1132 2382 profitentur.
1168 2296 1240 2359 Et
1268 2296 1426 2371 ideo,
1477 2297 1975 2377 quemadmodum
2009 2300 2219 2380 praedi-

567 2395 727 2450 ctum
758 2395 872 2470 est,
930 2387 1316 2450 decernimus
1372 2392 1436 2445 ut
1487 2404 1662 2447 nemo
1723 2405 1954 2462 eorum,
2007 2388 2108 2469 qui
2155 2389 2220 2450 in

565 2477 964 2559 episcopalem
1014 2483 1435 2556 pastorumque
1491 2473 1817 2553 catalogum
1847 2476 2071 2538 relatus
2102 2485 2213 2559 est,

563 2567 637 2627 ad
668 2564 1011 2646 eorum,qui
1034 2570 1357 2645 pascuntur
1387 2571 1445 2622 et
1475 2569 1655 2642 agunt
1681 2565 2212 2644 pmnitentiamJo-

562 2673 697 2715 cum
726 2672 792 2716 se
847 2653 1129 2715 dimittat.
1159 2652 1224 2714 Si
1253 2650 1387 2733 quis
1417 2661 1619 2713 autem
1652 2651 1764 2713 hoc
1807 2652 2002 2715 facere
2031 2673 2214 2716 ausus

560 2743 902 2824 fuerit,post
930 2740 1440 2804 denuntiatiouem
1463 2748 1522 2802 et
1552 2740 2013 2803 declarationem
2033 2743 2210 2823 hujus

2319 605 2689 682 ἱερωθήσεται,
2736 607 2810 670 ὡς
2841 606 2920 680 μὴ
2950 604 3292 683 λογιζόμενος
3326 603 3564 682 είγαμος.

2404 691 2693 772 Ἐρώτησις
2761 684 2841 757 η’,
2892 685 3077 774 Ἰερεὺς
3135 695 3226 752 ἐὰν
3311 694 3573 773 ἀποκαρῇ,
3629 691 3925 772 ἐκχωρηθείη

2319 782 2612 860 ἱερουργεῖν
2633 783 2896 864 μετὰ-τήν
2940 783 3251 864 ἂπόκαρσιν,
3287 783 3323 851 ἢ
3361 782 3418 840 οὔ
3449 802 3468 863 ;

2401 867 2528 928 ’Λπ.
2579 877 2682 928 Τοῦ
2721 861 2779 948 β’
2818 871 3043 935 κανόνος
3099 861 3199 939 τῆς
3231 871 3284 928 ἐν
3355 861 3460 946 τῷ.
3488 869 3755 948 ἁγιωτάτῳ
3789 868 3932 947 Θρόνῳ

2315 963 2413 1024 τῆς
2461 960 3067 1026 Κωνσταντινουπόλεως
3100 961 3362 1028 συστάσης
3420 959 3570 1037 ἁγίας
3636 959 3721 1014 καὶ
3774 958 3930 1015 οἰκου-

2311 1052 2535 1121 μενικῆς
2580 1047 2794 1106 συνόδου
2823 1057 2988 1106 ταῦτα
3014 1051 3150 1106 κατά
3205 1050 3351 1128 ῥῆμα
3419 1046 3686 1114 διεξιόντος
3731 1062 3745 1077 ⁸
3779 1047 3831 1103 Εἰ
3855 1050 3930 1103 καὶ

2311 1135 2476 1215 μέχρι
2507 1137 2600 1193 τοῖ’)
2629 1148 2716 1198 νῦν
2788 1138 2914 1196 ἔνιοι
2969 1146 3077 1196 τῶν
3134 1139 3447 1219 ἀρχιερέων,
3507 1139 3579 1201 εἰς
3632 1139 3691 1192 τὸ
3720 1141 3817 1190 τῶν
3845 1155 3927 1210 μο-

2318 1231 2502 1304 ναχῶν
2535 1226 2806 1292 τατιόντες
2864 1234 3080 1309 σχῆμα,
3143 1229 3198 1284 ἐν
3266 1236 3342 1304 τῷ
3394 1234 3492 1296 τῆς
3564 1225 3926 1307 ἀρχιερωσύνης

2315 1309 2582 1384 ἐϐιάζοντο
2638 1315 2899 1392 διαμένειν
2996 1317 3328 1398 ὕψει,....,..
3408 1316 3525 1374 ἀλλ’
3600 1315 3685 1372 οὖν
3739 1315 3772 1381 ἡ
3824 1313 3929 1390 ἁγία

2312 1403 2399 1459 καὶ
2429 1405 2766 1480 οἰκουμενικὴ
2826 1405 3034 1470 σύνοδος
3109 1407 3268 1482 αὕτη,
3314 1409 3403 1464 καὶ
3461 1412 3612 1463 τοῦτο
3653 1402 3932 1482 ῥυθμίζουσα

2309 1491 2370 1546 τὸ
2394 1493 2694 1572 παρόραμα,
2784 1497 2870 1551 καὶ
2926 1496 3054 1574 πρός
3111 1498 3232 1560 τοὺς
3303 1493 3774 1563 ἐκκλησιαστικοὺς
3849 1493 3930 1545 θε-

2309 1581 2473 1654 σμοὺς
2501 1584 2601 1649 τὴν
2627 1583 2889 1640 ἄστακτον
2931 1586 3128 1652 ταύτην
3198 1585 3533 1664 ἐπανάγουσι
3590 1582 3785 1663 πρᾶξιν,
3813 1578 3931 1656 ὥρι-

2309 1689 2397 1723 σεν
2428 1668 2520 1726 ἵνα
2552 1669 2607 1726 εἴ
2635 1693 2716 1734 τις
2747 1671 3035 1737 ἐπίσκοπος
3068 1673 3102 1741 ἤ
3133 1698 3213 1739 τις
3259 1674 3421 1738 ἄλλος
3473 1683 3563 1733 τοῦ
3590 1672 3934 1752 ἀρχιερατικοῦ

2308 1755 2604 1834 ἅξιώματος
2659 1762 2789 1840 πρὸς
2847 1764 2938 1817 τὸν
3021 1765 3322 1844 μοναχικὸν
3389 1762 3628 1833 θελήσειε
3678 1755 3931 1815 κατελθεῗν

2307 1846 2442 1923 βίον,
2475 1850 2562 1904 καὶ
2590 1851 2679 1906 τὸν
2722 1856 2820 1917 τῆς
2853 1853 3129 1926 μετανοίας
3185 1854 3348 1911 τόπον
3405 1851 3798 1930 ἀναπληρῶσαι,
3827 1868 3928 1923 μη-

2305 1935 2417 1992 κέτι
2462 1934 2648 1995 λοιπὸν
2693 1944 2790 2006 τῆς
2846 1947 3227 2020 αρχιερατικῆς
3279 1942 3615 2009 ἀντιποιηται
3669 1937 3826 2002 ἀξίας.
3876 1936 3928 1989 Al

2304 2025 2403 2104 γὰρ
2445 2027 2550 2083 τῶν
2608 2035 2861 2109 μοναχῶν
2906 2033 3155 2098 συνθῆκαι
3210 2033 3486 2110 ὑποταγῆς
3553 2028 3736 2110 ἔχουσι
3762 2025 3924 2102 λόγον,

2300 2115 2388 2200 καὶ
2419 2119 2729 2194 μαθητείας,
2776 2117 2896 2174 ἀλλ’
2930 2119 3052 2200 οὖχὶ
3100 2118 3436 2185 διδασκαλίας
3486 2122 3572 2176 καὶ
3601 2114 3882 2197 προεδρείας
3911 2129 3923 2141 ⁹

2304 2199 2420 2260 οὐδὲ
2444 2207 2742 2280 ποιμαίνειν
2813 2204 3027 2288 ἄλλους,
3072 2207 3208 2266 ἀλλὰ
3262 2210 3626 2284 ποιμαίνεσθαι
3675 2201 3926 2282 ἐπαγγέλ-

2301 2288 2504 2379 λονται.
2565 2295 2680 2370 Διὸ,
2740 2295 2873 2350 καθὰ
2900 2297 3230 2379 προείρηται,
3278 2299 3590 2374 θεσπίζομεν
3611 2293 3800 2372 μηκέτι
3827 2292 3928 2348 τινὰ

2300 2384 2406 2434 τῶν
2435 2378 2490 2435 ἐν
2537 2380 2894 2461 ἀρχιερατικῷ
2922 2378 3320 2466 καταλόγῳγκαὶ
3374 2385 3643 2462 ποιμένων
3706 2382 3927 2451 ἐξεταζο-

2300 2466 2472 2542 μένων
2509 2471 2581 2537 εῐς
2609 2471 2718 2548 τὴν
2774 2477 2878 2530 τῶν
2948 2475 3384 2551 ποιμαινομένων
3442 2477 3531 2532 καὶ
3589 2472 3928 2550 μετανούντων

2298 2556 2480 2635 χώραν
2510 2559 2694 2616 ἑαυτὸν
2733 2558 3122 2634 καταϐιϐάζειν,
3159 2567 3216 2622 Εἰ
3245 2564 3300 2622 δέ
3341 2588 3424 2630 τις
3481 2572 3638 2623 τοῦτο
3663 2560 3926 2636 τολμήσειε

2293 2645 2482 2723 πρᾶξαι
2513 2649 2647 2722 μετὰ
2673 2649 2770 2716 τὴν
2801 2649 3102 2729 ἐκφώνησιν
3137 2655 3224 2710 καὶ
3265 2652 3549 2733 διάγνωσιν
3612 2657 3710 2719 τῆς
3739 2660 3822 2709 νῦν
3841 2648 3923 2704 ἐκ·

2291 2737 2682 2816 πεφωνημένης
2728 2741 2929 2821 ψήφου.
2977 2745 3133 2808 αύτὸς
3189 2746 3376 2802 ἑαυτὸν
3449 2751 3542 2803 τοῦ
3571 2745 3921 2824 ἀρχιερατικοῦ

558 2832 730 2895 editae
749 2831 1218 2911 sententiae,ipse
1243 2830 1342 2912 qui
1372 2829 1637 2910 seipsum
1669 2829 1986 2910 episcopali
2021 2833 2206 2910 gradu

2297 2824 2653 2906 Ξιποστερήσας
2681 2829 2905 2909 βαθμοῦ,
2951 2832 3123 2889 οὐκέτι
3179 2836 3309 2913 πρὸς
3367 2835 3430 2890 τὸ
3502 2835 3749 2913 πρότερον
3776 2827 3921 2905 ὅσπερ

557 2921 825 3003 privavit,
860 2940 979 2983 non
1009 2919 1263 2999 amplius
1295 2917 1369 2979 ad
1401 2918 2072 2998 priorem,quam,factis
2103 2920 2205 2981 de-

2297 2913 2510 3004 ἧθέτησε
2555 2914 2652 3004 διὰ
2683 2921 2790 2973 τῶν
2847 2918 3012 2998 ἔργων
3043 2919 3244 2998 ἀξίωμα
3287 2921 3696 3004 ἐπαναστρέψει,
3758 2929 3917 2978 Κατα-

555 3000 807 3092 spicatui
825 3009 1030 3072 habuit
1050 3006 1403 3088 dignitatem
1423 3015 1779 3068 revertetur.
1801 3006 1942 3069 Com
1951 3008 2202 3088 prehen-

2297 3000 2611 3078 λαμϐάνεται
2637 3003 2691 3062 δέ
2718 3009 2820 3086 πρὸ
2861 3009 2957 3076 τῆς
3027 3009 3376 3091 ἐκφωνήσεως
3421 3000 3609 3072 τούτου
3651 3011 3727 3087 μὴ
3778 3009 3920 3085 μόνον

556 3100 718 3162 ditur
747 3108 942 3162 autem
995 3106 1054 3160 et
1099 3104 1238 3159 ante
1269 3096 1448 3176 hujus
1480 3096 2042 3179 promulgationem,
2081 3117 2199 3160 non

2297 3093 2407 3158 τοὺς
2462 3104 2554 3153 τοῦ
2623 3096 2891 3175 βήματος,
2991 3098 3154 3178 ἤγουν
3195 3101 3597 3176 ὑποδιακόνους,
3663 3099 3916 3160 διακόνους

550 3189 744 3252 solum
778 3208 903 3265 eos,
937 3187 1038 3269 qui
1065 3185 1237 3248 altari
1266 3187 1552 3259 serviunt,
1604 3184 2003 3247 subdiaconos
2035 3187 2203 3248 vide-

2297 3184 2376 3237 καὶ
2417 3186 2602 3260 ἱερεῖς,
2649 3183 2786 3241 ἀλλὰ
2843 3188 2929 3243 καὶ
2977 3188 3161 3255 αὐτοὺς
3222 3191 3343 3256 τοὺς
3399 3191 3679 3272 ἀρχιερεῖς
3722 3187 3917 3268 ἴερουρ-
4023 3257 4026 3260 ,

552 3278 695 3341 licet
725 3280 1009 3341 diaconos
1032 3284 1089 3338 et
1117 3273 1463 3338 sacerdotes
1492 3291 1508 3348 ;
1529 3273 1633 3335 sed
1659 3282 1715 3334 et
1731 3275 2023 3336 antistites
2043 3276 2205 3357 ipsos

2297 3275 2407 3350 γεῒν
2437 3274 2522 3328 καὶ
2553 3275 2687 3346 μετὰ
2758 3276 2855 3343 τὴν
2913 3277 3228 3356 ἀπόκαρσιν.
3290 3281 3408 3339 Τῶν
3473 3292 3598 3361 γοῦν
3651 3277 3919 3359 ἀρχιερέων

549 3368 724 3430 etiam
759 3375 890 3449 post
935 3375 1234 3428 tonsuram
1268 3363 1623 3426 sacriﬁcare.
1662 3362 1812 3452 Cum
1839 3363 2016 3442 igitur
2044 3370 2201 3427 anti-

2297 3359 2405 3416 aer’
2435 3359 2728 3441 ἐμϐριθείας
2803 3371 3084 3437 κανονικῆς
3152 3369 3213 3424 ἐκ
3264 3375 3364 3437 τῆς
3389 3359 3684 3452 ἱερὼσύνης
3750 3363 3920 3430 ἀποξε-

549 3458 716 3519 stites
749 3476 879 3518 cum
913 3453 1199 3535 gravitate
1231 3452 1516 3513 canonica
1545 3470 1578 3512 a
1609 3451 1942 3514 sacerdotio
1969 3452 2195 3516 abalie-

2297 3453 2572 3530 ιωθὲντων,
2646 3453 2729 3512 διὰ
2783 3458 2845 3514 τὸ
2914 3461 3049 3534 μετὰ
3116 3464 3215 3530 τὴν
3270 3451 3566 3544 ἆπόκαρσιν
3637 3464 3708 3527 εἰς
3769 3459 3917 3516 τόπον

550 3549 669 3608 nati
692 3548 1159 3628 sint,propterea
1187 3542 1347 3634 quod
1385 3550 1516 3634 post
1547 3551 1854 3634 tonsuram
1896 3542 1968 3634 ad
2002 3545 2194 3634 locum

2297 3543 2661 3608 ιαθητιώντων
2715 3547 2802 3602 καὶ
2899 3552 3293 3624 μετανοούντων
3374 3542 3576 3634 ἐλθεῖν,
3659 3551 3916 3609 κάντευθεν

543 3635 971 3717 discipulorum
1027 3641 1088 3695 et
1126 3630 1539 3712 poenitentium
1590 3631 1882 3706 venerint,
1930 3631 2192 3714 indeque

2297 3629 2771 3712 ὶπαλλοτριωθῆναι
2811 3644 2906 3694 τοῦ
2972 3635 3340 3700 διδασκαλικοῦ
3407 3629 3732 3719 ἀξιώματος,
3784 3639 3912 3694 πάν·

542 3724 724 3788 alieni
773 3723 911 3786 facti
961 3720 1184 3784 fuerint
1231 3721 1514 3799 dignitate
1551 3720 1817 3783 doctoria
1847 3722 2190 3809 sacerdotes

2297 3742 2376 3784 ῖως
2407 3723 2454 3777 οἱ
2481 3725 2641 3800 ἱερεῖς
2699 3726 2787 3781 καὶ
2842 3725 3026 3792 ἁπλῶς
3071 3732 3119 3786 οἱ
3175 3737 3270 3787 τοῦ
3324 3732 3581 3808 βήματος
3612 3732 3911 3809 ἀπαρεμπο-

544 3815 812 3895 omnino,
848 3821 906 3874 et
954 3810 1056 3893 qui
1086 3809 1438 3890 simpliciter
1490 3809 1661 3870 altari
1707 3808 1973 3871 serviunt
2010 3811 2186 3872 etiam

2297 3809 2457 3874 ῖίστως
2525 3813 2612 3868 καὶ
2668 3814 2803 3888 μετὰ
2882 3816 2982 3884 τὴν
3053 3807 3344 3898 ἂπόκαρσιν
3410 3807 3490 3878 τὰ
3544 3823 3652 3880 τῶν
3717 3807 3917 3897 βαθμῶν

538 3913 676 3986 post
707 3912 1010 3965 tonsuram
1041 3901 1188 3961 citra
1239 3898 1737 3992 impedimentum
1785 3898 2190 3992 operabunlur

2297 3901 2609 3992 νεργήσουσι
2642 3900 2838 3962 δίκαια.
2917 3909 3018 3964 Καὶ
3072 3909 3174 3987 πρὸ
3229 3915 3328 3977 τῆς
3413 3912 3764 3992 ἀποκάρσεως
3827 3909 3915 3986 γὰρ

541 3985 674 4075 quae
701 3993 773 4054 ad
822 3992 1089 4080 ipsorum
1148 3987 1365 4066 gradus
1421 3985 1744 4080 pertinent:
1788 3985 1934 4048 Nam
1965 3995 2024 4048 et
2050 3998 2187 4052 ante

2297 3989 2544 4070 baadtwq,
2605 3994 2693 4048 καὶ
2748 3994 2884 4068 μετὰ
2961 3996 3063 4064 τὴν
3167 3997 3463 4080 ἆπόκαρσιν
3561 3985 3790 4078 μαθηταὶ
3839 3997 3918 4054 καὶ

532 4092 842 4144 tonsuram
877 4079 1122 4161 pariter,
1154 4097 1222 4139 ac
1248 4083 1382 4158 post
1408 4076 1678 4138 eamdem
1713 4076 1947 4140 fuerant
1974 4085 2033 4140 et
2055 4087 2194 4140 sunt

2297 4080 2618 4136 »ποτακτικοὶ
2645 4079 2780 4148 ἦσαν
2810 4085 2899 4140 καὶ
2928 4085 3048 4147 εἰσί.

536 4169 818 4252 discipuli
845 4178 904 4231 et
934 4167 1213 4246 subjecti.

619 4249 810 4323 Inter.
841 4259 901 4321 9.
1028 4257 1214 4350 laicus
1247 4255 1310 4316 in
1339 4256 1585 4350 somnis
1605 4254 1964 4350 imaginatus
1991 4258 2192 4338 fuerit,

2328 4254 2656 4350 “’Eptbjnctc
2715 4249 2786 4323 θ’.
2844 4265 3050 4328 Amo:
3137 4267 3225 4325 ἐὰν
3304 4274 3607 4350 φανταοθῇ,
3694 4266 3919 4338 ἀξιωθείη

540 4356 804 4411 meretur
826 4365 896 4409 eo
923 4345 1367 4408 diedivinarum
1398 4345 1932 4406 sanctificationem
1959 4347 2200 4427 partici-

2297 4345 2582 4438 rpﬁnpspbv
2652 4353 2752 4413 τῆς
2807 4356 2914 4408 τῶν
2969 4356 3120 4412 θείων
3173 4345 3525 4435 ἁγιασμάτων
3557 4345 3855 4438 μεθέξεως,
3885 4355 3918 4423 ἢ

540 4438 1065 4519 pationem,necne
1085 4433 1117 4494 ?
1137 4434 1208 4496 Et
1237 4452 1312 4496 an
1334 4435 1641 4516 sacerdos,
1668 4435 1767 4515 qui
1788 4435 1950 4497 idem
1989 4443 2198 4516 passus

2297 4432 2342 4528 rh
2375 4451 2392 4514 ς
2426 4436 2520 4528 παὶ.
2542 4437 2705 4516 ἱερεὺς
2738 4439 2828 4494 ἐὰν
2877 4449 3174 4528 φαντασθῇ,
3223 4432 3558 4527 ἱερουργήσει
3584 4432 3594 4438 ’
3616 4449 3734 4511 κατ’
3765 4432 3916 4516 αὐτὴν

541 4536 650 4600 est,
677 4543 846 4588 sacra
875 4523 1172 4599 conﬁciet,
1208 4540 1399 4586 necne
1419 4523 1450 4582 ?

615 4619 751 4679 Res.
778 4613 1094 4677 Antistites
1118 4611 1334 4693 (inquit
1366 4630 1534 4674 sacra
1584 4611 1915 4692 Scriptura)
1949 4612 2106 4675 dona
2138 4626 2197 4677 et

536 4705 763 4768 hostias
792 4704 1074 4782 offerens,
1109 4701 1181 4762 ad
1207 4700 1551 4762 hominibus
1570 4702 1805 4782 accipit,
1840 4709 1899 4764 et
1919 4706 2200 4782 quemad-

537 4793 783 4856 modum
817 4793 988 4856 offert
1021 4793 1142 4851 Deo
1173 4808 1280 4871 pro
1339 4791 1583 4870 p0pulo,
1617 4791 1700 4852 sic
1753 4805 1810 4851 et
1844 4809 1948 4870 pro
1972 4793 2195 4874 seipso.

533 4885 688 4946 Nam
721 4888 780 4944 et
809 4899 947 4943 eum
980 4879 1201 4960 premit
1250 4879 1505 4939 carnalis
1535 4877 1897 4939 infirmitatis
1932 4881 2191 4959 pondus.

535 4969 757 5033 Verum
787 4977 850 5030 et
882 4986 990 5050 per
1018 4967 1243 5030 Mosem
1277 4967 1424 5028 dixit
1452 4966 1764 5048 Dominus,
1792 4966 1994 5028 Mundi
2026 4988 2194 5030 mun-

542 5058 682 5121 dum
715 5057 954 5120 adeant.
987 5056 1276 5118 Maculam
1297 5064 1489 5117 autem
1516 5055 1747 5117 habens
1767 5056 1830 5116 in
1857 5057 2194 5133 anima,sub

541 5151 745 5209 velum
776 5164 977 5208 meum
1007 5165 1128 5206 non
1154 5146 1667 5224 ingredietur,nec
1687 5145 1759 5206 ad
1789 5145 1973 5208 altare
1995 5165 2194 5208 meum

542 5234 1061 5316 appropinquabit.
1108 5237 1274 5297 Undc
1308 5243 1366 5296 et
1394 5243 1516 5297 tres
1545 5234 1910 5296 sanctissimi
1935 5236 2191 5315 patriar-

544 5326 676 5385 chae
705 5324 907 5385 throni
930 5323 1325 5400 Alexandriae,
1359 5334 1599 5386 sanctus
1634 5323 1957 5404 Dionysius
1980 5325 2191 5386 videli-

542 5419 638 5473 cet
665 5413 1003 5474 rescribens
1032 5412 1104 5472 ad
1136 5411 1450 5474 Basilidem
1481 5412 1918 5493 episcopum,et
1946 5432 2194 5493 magnus

545 5501 1197 5580 Athanasius,regulam
1217 5500 1614 5580 praescribens
1636 5501 1930 5563 monacho
1954 5503 2190 5564 euidam

545 5590 763 5652 Amum
794 5589 1233 5670 cognominato,
1273 5598 1330 5650 et
1359 5599 1596 5652 sanctus
1625 5591 1994 5666 Timotheus,
2019 5590 2094 5653 de
2122 5609 2190 5655 re

550 5679 896 5760 hujusmodi
915 5679 1350 5759 respondentes
1380 5678 1755 5761 quibusdam,
1786 5678 1887 5759 qui
1910 5678 2187 5761 ipsosin-

2275 4522 2618 4626 Titflftttégiv
2660 4534 2752 4582 τοῦ
2795 4522 3190 4626 φξιντασμού,ἣ
3235 4522 3344 4617 ούς

2358 4609 2474 4691 Ἀρ·
2539 4609 2596 4708 to
2620 4707 2630 4708 ί
2652 4617 2960 4708 προσφέρων
3023 4609 3173 4703 (and
3234 4627 3297 4682 τδ
3328 4609 3582 4707 Τράμμα
3636 4632 3699 4687 τὸ
3757 4624 3914 4708 ἱερὸν)

2277 4698 2418 4779 δῶρα
2475 4703 2560 4796 καί
2612 4698 2812 4770 θυσίαςί
2862 4698 3163 4795 ἀρχιερεὺς,
3258 4711 3310 4780 ἐξ
3365 4698 3660 4796 ανθρῶπων
3713 4698 3914 4795 λαμϐάί-

2279 4792 2566 4887 νειταικδιαὶ
2595 4795 2770 4887 διαθὼς
2811 4801 2928 4887 περὶ
2976 4808 3069 4857 τοῦ
3123 4792 3252 4860 λαοῦ
3305 4792 3594 4887 προσιρέρει
3644 4815 3722 4883 τῷ
3785 4792 3914 4881 θεῷ,

2280 4877 2418 4978 οῧτιι)
2447 4876 2512 4978 δη
2542 4881 2630 4978 >ιαὶ
2658 4886 2775 4978 περὶ
2804 4876 2990 4978 ἐαύτοῦ
3037 4894 3053 4920 ⁴
3086 4889 3198 4948 ἐπεὶ
3247 4876 3360 4949 καὶ·
3390 4876 3536 4970 αὖτῷ
3595 4876 3754 4978 βάρος
3795 4876 3918 4975 σαρί-

2277 4971 2434 5034 κικῆς
2487 4967 2752 5035 ἀσθενείας
2808 4973 3086 5040 ἐπίκειται.
3159 4979 3306 5040 Αλλὰ
3379 4985 3472 5040 ’καὶ
3509 4967 3628 5044 ἰδιᾶ
3667 4967 3921 5046 ’Μωσέιυς

2465 5058 2738 5157 ὁηΚύριοςι,
2788 5066 2848 5120 Οἱ
2904 5069 3117 5147 καθαροὶ
3171 5077 3249 5144 τῷ
3301 5075 3515 5152 καθαρῷ
3571 5076 3917 5154 προσίτωσαν.

2297 5153 2336 5202 0
2367 5141 2666 5241 δέμῶμον-
2697 5149 2840 5232 ἔχων
2891 5141 3050 5215 κατὰ*
3085 5141 3291 5236 ψυγῆν,
3363 5141 3498 5241 πρδς
3567 5141 3630 5221 τό
3688 5162 3919 5222 καταπέ-

2275 5233 2454 5330 τασμά
2486 5257 2588 5309 μου
2619 5237 2715 5294 οὒκ
2767 5233 3137 5326 εἰσελεύσεται,
3163 5233 3283 5304 ’καὶῖ
3327 5233 3456 5330 πρδς
3514 5255 3577 5309 τὸ
3633 5252 3917 5322 θυσιαστῆ-

2275 5321 2386 5400 ριόν
2440 5345 2542 5397 μου
2593 5329 2687 5386 οὐκ
2752 5329 2926 5411 ἐγγιετ
2959 5350 3003 5409 ὐ
3035 5321 3150 5392 ὅθεν
3233 5339 3320 5394 καὶ
3369 5321 3380 5330 ’
3413 5355 3564 5416 τρεῖς
3637 5344 3915 5422 ἁγιώτατοι

2272 5431 2598 5512 πατρξαρχκι
2815 5422 2997 5512 θρόνου
3054 5426 3152 5491 τῆς
3221 5423 3639 5512 Ἀλεξανδρείας,
3685 5435 3714 5488 ὁ
3772 5431 3916 5510 ἅγιος

2276 5499 2545 5595 Διονύσιοςῄ
2569 5499 2792 5588 δηλαδὴ,
2857 5511 3184 5594 ἀντιγράφων
3237 5517 3368 5595 πρὸς
3427 5499 3747 5590 Βασιλείδην
3802 5499 3919 5577 ἐπί-

2269 5609 2490 5688 σδιοποιν,
2527 5593 2554 5647 ὁ
2610 5595 2772 5676 μέγας
2843 5593 3156 5668 Ἀθανάσιος
3237 5593 3520 5677 κανονίζων
3590 5611 3711 5668 τινὰ
3766 5628 3919 5688 μονα·

2271 5679 2397 5758 χόν,
2431 5677 2629 5766 Ἀμοῦν
2657 5690 3137 5774 ἐπονομαζόμενον,
3195 5695 3281 5751 καὶ
3338 5697 3366 5752 ὁ
3421 5695 3578 5775 ἅγιος
3648 5677 3921 5779 Τιμόθεος,
