4128 6416
233 431 384 499 1041

1571 425 2137 492 θΒίΕΟΟ-ΒΟΜΑΝ
2145 429 2192 490 U
2201 429 2278 490 M.

3456 426 3616 494 1042

223 571 356 652 πρός
385 591 531 634 τινας
602 568 971 649 ἐρωτήσαντας
1026 569 1145 646 περὶ
1199 565 1438 624 τοιούτου
1478 565 1621 627 τιΑὸς
1648 562 1874 641 ἀποκρι-

1962 564 2423 636 terrogaverant,
2457 557 2596 620 olim
2629 576 2718 639 ea,
2753 577 2882 640 quae
2911 566 3047 622 sunt
3075 559 3150 621 de
3181 560 3372 634 laicis,
3397 577 3614 652 conse—

227 661 464 737 νόμενοι,
505 657 638 722 τέως
695 659 761 714 τὰ
819 658 936 737 περὶ
991 661 1095 713 τῶν
1140 654 1346 712 λαϊκῶν
1404 652 1703 719 ἀκολούθως
1754 663 1878 713 ταῖς

225 752 388 814 θείαις
455 748 669 811 ταύταις
721 753 958 828 Γραφαϊς
1042 743 1422 812 διηυλύτωσαν.
1501 743 1642 810 Φησὶ
1684 742 1784 821 γὰρ
1841 741 1876 808 ἦ

227 849 322 899 τοῦ
369 839 518 918 ἁγίου
591 837 858 894 Διονυσίου
941 835 1237 914 ἀπόκρισις,
1313 836 1370 892 Εἰ
1430 833 1524 909 μὲν
1607 831 1877 888 ὑπόκειται

225 927 474 1004 ἐπιθυμίᾳ
530 927 803 1006 γυναικὸς,
864 926 960 982 οὔκ
1049 924 1291 1004 ὀφείλει·
1355 924 1398 978 εἱ
1442 920 1497 977 δὲ
1553 923 1581 978 6
1638 925 1878 982 Σατανᾶς

224 1019 459 1097 πειράζει
537 1015 719 1095 αὐτὸν,
810 1013 902 1070 ’ἶνα
971 1011 1056 1069 διὰ
1110 1015 1208 1079 τῆς
1305 1011 1620 1091 προφάσεως
1681 1009 1878 1097 ταύτης

227 1096 644 1185 ἀπαλλοτριώση
673 1109 774 1171 τῆς
830 1103 1107 1166 κοινωνίας
1149 1101 1256 1159 τῶν
1298 1101 1623 1181 μυστηρίων,
1681 1096 1877 1178 ὀφείλει

223 1195 564 1264 κοινωνῆσαι.
598 1191 836 1251 Ἐπεὶοῦ
877 1193 1134 1249 παύσεται
1178 1194 1205 1248 6
1233 1190 1494 1270 πειράζων
1551 1186 1671 1246 κατ’
1728 1186 1876 1243 ἐκεῖ·

223 1308 312 1344 νον
341 1289 434 1342 τὸν
474 1285 654 1364 καιρὸν
708 1281 1066 1358 ἐπιτιθέμενος
1116 1282 1280 1356 αὐτῷ.
1344 1281 1437 1336 Διὸ
1493 1279 1581 1336 καὶ
1619 1279 1783 1353 ἡμεῖς
1811 1275 1876 1331 τὰ

223 1375 359 1432 αὐτὰ
440 1374 558 1454 περὶ
628 1371 834 1428 λα’ίκῶν
913 1369 1279 1450 διοριζόμενοι,
1357 1369 1475 1448 περὶ
1545 1366 1872 1442 ἐπισκόπων,

223 1461 481 1520 διακόνων
549 1463 640 1519 καὶ
692 1459 872 1540 ἱερέων
927 1457 1332 1540 φανταζομένων
1399 1457 1535 1514 κατὰ
1584 1454 1873 1522 σατανικὴν

218 1554 310 1610 καὶ
369 1551 534 1627 μόνον
597 1549 874 1628 ἐπήρειαν,
931 1549 1020 1604 τὸν
1071 1549 1227 1605 αὐτὸν
1315 1545 1478 1603 τόπον
1547 1556 1762 1623 κρατεῖν
1817 1545 1878 1601 ού

223 1639 664 1720 διαγινώσκομεν,
723 1637 1108 1715 ἒπιζυγωθῆναι
1177 1635 1233 1692 δὲ
1281 1633 1484 1712 μᾶλλον
1539 1636 1723 1696 αὐτοῖς
1774 1634 1879 1720 ,τὴν

220 1719 727 1808 τῆςὶεροτελεστίας
782 1724 1046 1805 ἐνέργειαν
1101 1726 1238 1782 κατὰ
1295 1723 1464 1800 μόνην
1519 1723 1619 1790 τὴν
1675 1719 1877 1800 ἡμέραν

1963 654 2214 728 quenter
2267 646 2484 709 divinis
2542 646 2636 709 his
2694 647 3015 729 Scripturis
3063 648 3476 730 expedierunt.
3520 647 3617 710 Ait

1963 736 2123 796 enim
2154 735 2622 818 sancliDionysii
2659 738 2968 817 reSponsio
2995 759 3008 800 :
3036 735 3343 819 Siquidem
3367 737 3616 820 subjici-

1962 833 2060 888 tur
2085 826 2352 888 mulieris
2379 825 2706 902 desiderio,
2741 846 2859 889 non
2882 827 3080 889 debet.
3115 827 3283 900 Quod
3298 827 3351 888 si
3370 829 3616 892 Satanas

1964 933 2102 977 eum
2137 923 2340 991 tentat,
2374 923 2439 978 ut
2467 915 2582 977 hac
2611 916 2925 978 occasione
2955 916 3253 978 abalienet
3279 934 3314 978 a
3343 934 3619 979 commu—

1964 1004 2142 1065 nione
2200 1011 2734 1078 sacramentorum,
2786 1004 2967 1067 debet
3023 1005 3442 1067 communione
3471 1005 3610 1067 frui.

1961 1091 2250 1165 Quoniam
2277 1099 2534 1154 tentator
2552 1111 2623 1155 eo
2654 1104 2923 1176 tempore
2954 1113 3073 1156 non
3090 1094 3329 1158 desinet
3349 1095 3404 1157 ei
3428 1104 3616 1157 strue-

1959 1199 2025 1242 re
2055 1180 2326 1245 insidias.
2379 1180 2778 1252 Quamobrem
2829 1192 2886 1244 et
2940 1202 3050 1246 nos
3108 1183 3317 1246 eadem
3343 1183 3419 1246 de
3445 1183 3612 1246 laicis

1961 1269 2336 1352 deﬁnientes,
2367 1271 2426 1332 in
2459 1269 2774 1354 episcopis,
2810 1273 3096 1351 diaconis,
3122 1281 3180 1336 et
3204 1273 3612 1336 sacerdotibus

1957 1359 2441 1438 imaginationem
2467 1361 2653 1442 passis
2675 1380 2783 1443 per
2806 1363 3131 1425 satanicum
3156 1363 3350 1425 solum
3382 1362 3610 1444 impro-

1957 1447 2189 1530 perium
2228 1449 2546 1523 ‘,eamdem
2579 1449 2826 1512 formam
2854 1452 3123 1515 obtinere
3152 1472 3268 1514 non
3302 1452 3613 1514 novimus:

1962 1537 2364 1618 operationem
2388 1537 2545 1600 enim
2559 1540 2836 1602 sacriﬁcii
2863 1542 2947 1604 eis
2965 1543 3162 1624 potius
3182 1541 3390 1606 occlud
3400 1541 3614 1604 endam

1963 1645 2278 1688 censemus
2303 1627 2426 1688 solo
2450 1629 2666 1690 somnii
2687 1629 2990 1692 libidinosi
3014 1633 3134 1708 die,
3161 1640 3403 1714 propter
3423 1649 3618 1694 sacer-

1961 1716 2108 1778 dotii
2137 1717 2561 1790 reverentiam,
2595 1719 2711 1780 nisi
2750 1720 2900 1784 forte
2949 1740 3116 1783 mora
3145 1721 3481 1802 periculosa
3511 1720 3612 1794 sit,

219 1819 323 1884 τῆς
353 1805 667 1896 ὀνειρώξεως
725 1816 1084 1895 ψηφιζόμεθα,
1143 1811 1228 1870 διὰ
1306 1815 1367 1869 τὸ
1435 1817 1535 1879 τῆς
1589 1810 1874 1892 ἱερωσύνης

1959 1805 2050 1896 vel
2083 1814 2324 1888 propter
2353 1806 2472 1868 dici
2527 1807 2952 1884 cclebritatem,
3007 1812 3098 1872 vel
3149 1809 3463 1872 utilitatem
3493 1809 3610 1872 rei.

221 1874 532 1982 σεὶἷάσμιέν.
580 1906 638 1963 Εἰ
707 1874 784 1980 μὴ
822 1874 1020 1983 ⁸’τυγὸν
1067 1874 1383 1970 κινδυνώδης
1429 1901 1567 1959 ἐστὶν
1618 1874 1654 1969 ἦ
1709 1898 1874 1978 ὑπέρ-

1961 1874 2148 1956 Noctu
2191 1874 2352 1957 enim
2381 1897 2570 1975 frangi
2601 1907 2778 1979 queat
2806 1874 3051 1981 laqueus
3079 1899 3412 1975 tentatoris,
3444 1899 3611 1962 exal-

221 1999 386 2067 θεσις,
447 1993 484 2063 ἢ
538 1992 626 2050 διὰ
680 1995 741 2050 τὸ
793 1997 889 2060 τῆς
941 1991 1145 2073 ἡμέρας
1188 1991 1656 2072 περιφανέστατον,
1727 1987 1764 2056 ἢ
1795 1985 1874 2042 διὰ

1963 1984 2072 2073 tari
2102 1992 2299 2047 autem
2332 1985 2611 2048 sacriﬁcii
2641 1996 2920 2068 potestas.

221 2086 285 2140 τὸ
313 2090 408 2141 του
435 2083 749 2162 πράγματος
805 2071 1267 2162 χρησιμώτατον,
1443 2081 1585 2137 νυκτὶ
1589 2079 1734 2158 Δῥίγὲιρ
1784 2071 2079 2155 συντριϐείη
2130 2074 2226 2151 μὲν
2285 2077 2319 2144 ἡ
2378 2078 2535 2156 παγὶς
2605 2086 2698 2135 τοῦ
2754 2079 3102 2159 ἐπηρεαστοῦ,
3164 2081 3397 2157 ὕψωθείη
3425 2079 3480 2137 δὲ
3516 2086 3617 2148 τῆς

221 2173 510 2254 ἱερουργίας
537 2175 572 2241 ἡ
601 2170 841 2254 δύναμις.

306 2251 602 2340 Ἐρώτησις
672 2251 730 2324 ι’.
791 2259 851 2320 ’0
909 2263 1045 2340 μετὰ
1130 2261 1355 2338 νομίμου
1433 2257 1650 2337 συμϐίω
1720 2279 1874 2314 αυτου

2039 2253 2229 2317 Inter.
2298 2254 2390 2320 10.
2425 2254 2538 2328 Qui
2566 2276 2702 2319 cum
2740 2259 3004 2339 legitima
3053 2279 3236 2324 uxore
3265 2269 3373 2322 sua
3403 2276 3616 2323 carna—

223 2357 491 2428 σαρκικῶς
548 2352 838 2432 συναφθεὶς,
941 2349 1184 2419 ἀξιωθείη
1243 2352 1536 2430 αὐθημερὸν
1606 2348 1701 2417 τῆς
1771 2354 1874 2404 τῶν

1959 2343 2100 2406 liter
2130 2345 2485 2424 conjunctus
2516 2346 2717 2423 fuerit,
2750 2367 2825 2410 an
2856 2368 2926 2411 eo
2957 2350 3054 2412 die
3075 2351 3287 2431 dignus
3305 2349 3616 2413 habendus

220 2440 568 2520 ἆγιασμάτων
601 2439 978 2516 μεταλήψεως,
1010 2441 1046 2509 ἢ
1091 2441 1150 2498 οὔ
1186 2460 1202 2520 ;

1959 2432 2033 2493 sit
2063 2434 2512 2515 participatione
2543 2437 3074 2500 sanctificationum
3105 2457 3298 2502 necne
3317 2439 3349 2498 Ἰ

303 2531 432 2591 Ἀπ.
470 2523 525 2590 Ὀ
574 2531 824 2612 θεοκήρυξ
894 2532 1123 2608 Παῦλος,
1188 2536 1216 2589 ὁ
1285 2537 1382 2599 τῆς
1419 2529 1737 2600 Ἐκκλησίας
1769 2531 1870 2607 μέ-

2039 2524 2173 2586 Res.
2210 2522 2318 2585 Dei
2341 2543 2534 2604 praeco
2569 2527 3064 2608 Paulus,magnus
3084 2528 3366 2591 Ecclesiae
3385 2528 3616 2606 doctor,

219 2644 321 2701 γας
363 2618 697 2697 διδάσκαλος,
767 2623 1108 2698 Δοκιμαζέτω
1159 2621 1356 2702 (φησὶν)
1414 2620 1633 2687 ἕκαστος
1665 2622 1872 2693 ἑαυτὸν,

1959 2612 2272 2673 Examinet
2302 2612 2544 2693 (inquit)
2579 2617 2994 2696 unusquisque
3039 2619 3299 2700 seipsum
3333 2625 3392 2680 et
3431 2617 3518 2680 sic
3548 2637 3618 2680 ex

218 2712 309 2767 καὶ
347 2707 514 2774 οὕτως
545 2709 608 2767 ἐκ
661 2720 755 2769 τοῦ
811 2707 970 2790 ἄρτου
1041 2712 1278 2787 ἐσθιέτω,
1345 2713 1433 2768 καὶ
1501 2718 1594 2767 τοῦ
1622 2712 1874 2790 ποτηρίου

1960 2719 2112 2780 pane
2143 2703 2436 2779 comedat,
2507 2714 2564 2765 et
2597 2725 2630 2767 e
2680 2707 2865 2768 calice
2922 2707 3110 2772 bibat.
3171 2707 3241 2770 Et
3271 2726 3500 2783 rursus,
3531 2707 3619 2770 Ne

219 2799 440 2862 πινέτω.
518 2801 626 2857 Καὲ
681 2797 864 2880 πάλιν,
945 2801 1035 2868 Μὴ
1131 2800 1585 2880 ἂποστερείτωσαν
1674 2798 1874 2879 (φησὶν)

1959 2791 2212 2872 privent,
2248 2791 2463 2873 inquit,
2494 2793 2725 2876 seipsos
2742 2797 3049 2878 conjuges,
3069 2796 3184 2858 nisi
3201 2815 3272 2859 ex
3294 2815 3614 2874 consensu,

223 2889 442 2951 ἑαυτοὺς
485 2890 532 2946 οἱ
564 2888 839 2970 ὀμόζυγοι,
873 2891 916 2945 εἰ
947 2891 1023 2966 μή
1079 2912 1129 2946 τι
1187 2889 1248 2946 ἐκ
1303 2889 1608 2969 συμφώνου,
1655 2887 1780 2944 ὅταν
1807 2895 1874 2966 τῇ

1959 2881 2196 2962 quando
2228 2881 2299 2941 ad
2355 2889 2574 2970 sanctae
2608 2886 3045 2948 communionis
3074 2887 3480 2967 precationem
3513 2905 3618 2949 ac-

224 2983 506 3057 προσευχῇ
555 2983 652 3046 τῆς
698 2969 849 3058 ἁγίας
906 2979 1186 3044 κοινωνίας
1245 2978 1480 3056 μέλλωσι
1535 2977 1869 3058 προσελθεῖν.

1959 2970 2186 3032 cessuri
2217 2969 2460 3032 sunt.Et
2484 2971 2767 3035 Davidem
2795 2994 3018 3057 eosque
3034 2975 3134 3059 qui
3165 2995 3298 3039 cum
3323 2995 3394 3040 eo
3420 2986 3614 3054 erant,

227 3068 330 3126 Kal
355 3067 446 3123 τὸν
475 3064 633 3124 Δοϐὶδ
673 3064 845 3124 δὲκαὶ
911 3069 1031 3133 τοὺς
1089 3069 1181 3126 σὺν
1232 3069 1398 3145 αύτῷ,
1441 3069 1774 3139 ζητήσαντας
1817 3067 1874 3124 ἐκ

1959 3067 2292 3148 quaerentes
2351 3061 2666 3123 comedere
2729 3081 2799 3124 ex
2856 3064 3109 3146 panibus
3167 3065 3615 3148 propositionis,

225 3162 332 3214 τῶν
376 3153 546 3235 ἄρτων
604 3168 797 3235 φαγεῖν
866 3161 964 3224 τῆς
1035 3155 1356 3236 προθέσεως,
1442 3154 1874 3236 προησφαλίσατο

1960 3155 2131 3210 caute
2160 3147 2752 3252 priusginterrogavit
2781 3155 3064 3235 pontifex.
3101 3174 3244 3217 num
3275 3147 3486 3218 mundi
3515 3174 3619 3218 es-

221 3248 253 3303 6
283 3245 583 3326 ἀρχιερεὺς,
642 3246 685 3301 εἱ
755 3245 972 3326 καθαροί
1041 3248 1168 3303 εἰσιν
1222 3245 1328 3302 ἀπὸ
1385 3247 1568 3314 κοίτης
1599 3245 1871 3324 γυναικός.

1961 3245 2183 3326 senta
2223 3237 2564 3326 concubitu
2617 3241 2909 3304 mulieris.
2972 3243 3092 3307 Sed
3144 3251 3201 3307 et
3258 3244 3321 3306 in
3354 3244 3616 3307 Mosaico

222 3324 391 3396 Ἀλλγᾶ
433 3324 520 3392 καὶ
563 3334 617 3390 ἐν
673 3341 742 3412 τῇ
799 3324 1064 3412 Μωσαϊκῇ
1118 3333 1284 3414 βίϐλῳ
1324 3341 1423 3405 τῆς
1468 3333 1676 3402 Ἐξόδου
1716 3341 1874 3392 ταῦτα

1962 3324 2146 3387 Exodi
2177 3325 2485 3402 libro,hzec
2508 3331 2854 3392 nominatim
2873 3332 3264 3398 instituuntur
3291 3346 3338 3396 ιιε
3355 3335 3438 3398 Et
3457 3335 3616 3398 dixit

227 3426 406 3504 ῥητῶς
437 3423 815 3482 ἆνατάττονται
850 3443 866 3462 ·
919 3448 946 3480 ι
981 3427 1078 3484 Καὶ
1107 3427 1232 3482 εἶπε
1264 3426 1450 3507 Κύριος
1500 3427 1629 3504 πρὸς
1658 3430 1874 3506 Μωσῆν,

1966 3417 2256 3508 pommus
2269 3417 3618 3508 adMosem,Descendenscontestarepopulum

222 3510 468 3577 Καταϐὰς
540 3511 889 3594 διαμάρτυραι
945 3522 1022 3590 τῷ
1077 3513 1192 3591 λαῷ
1251 3503 1439 3590 τούτῳ,
1510 3503 1598 3571 καὶ
1662 3503 1874 3593 ἅγνισον

1963 3503 2146 3580 hunc,
2174 3508 2438 3586 puriﬁca
2463 3525 2559 3571 eos
2577 3510 2760 3573 hodie
2800 3521 2858 3574 et
2887 3530 3044 3587 crus,
3070 3521 3124 3576 et
3154 3503 3618 3578 abluam—vesti-

220 3602 408 3667 αὖτοὺς
465 3603 701 3682 σήμερον
763 3603 852 3659 καὶ
947 3602 1145 3684 αὔριον.
1239 3605 1338 3663 Καὶ
1392 3603 1738 3664 πλυνάτωσαν
1807 3603 1874 3661 τὰ

1959 3602 2160 3684 menta
2179 3603 2377 3684 saa,et
2399 3603 2616 3676 parati
2643 3604 2767 3661 sint
2786 3603 2852 3662 in
2873 3601 3034 3664 diem
3056 3603 3481 3668 tertium.Nam
3505 3611 3619 3664 ter-

219 3691 406 3768 ἱμῖίτια
470 3693 666 3766 αὐτῶν,
727 3693 815 3748 καὶ
870 3691 1106 3750 ἔστωσαν
1190 3693 1396 3769 ἕτοιμοι
1469 3695 1543 3756 εἷς
1587 3693 1686 3760 τὴν
1728 3691 1872 3767 ἡμέ-

1959 3681 2040 3743 tio
2074 3682 2171 3744 die
2193 3682 2521 3746 descendet
2550 3685 2842 3749 Dominus
2877 3688 2940 3750 in
2962 3700 3226 3754 montem
3252 3692 3394 3756 Sina
3414 3710 3614 3755 coram

218 3803 314 3860 ραν
342 3779 440 3848 τὴν
477 3780 680 3860 τρίτην.
719 3803 748 3836 ι
784 3787 862 3858 Τῇ
886 3782 984 3860 γὰρ
1013 3781 1173 3861 ηνέρᾳ
1214 3789 1282 3859 τῇ
1307 3783 1459 3863 τρίτη
1514 3779 1872 3852 καταϐήσεται

1959 3769 2248 3863 universo
2295 3773 2534 3863 populo.
2594 3776 2668 3838 Et
2695 3794 2925 3855 rursus,
2959 3778 3289 3843 Descendit
3316 3782 3513 3846 Moses
3542 3783 3617 3846 de

223 3869 408 3948 Κύριος
436 3867 522 3926 ἐπὶ
549 3871 611 3925 τὸ
652 3867 772 3948 ὄρος
799 3871 860 3926 τὸ
891 3871 1044 3950 Σινὰ,
1102 3860 1556 3934 ἐναντίονπαντὸς
1584 3876 1674 3928 τοῦ
1717 3868 1870 3930 λαοῦ.

1959 3866 2152 3924 monte
2170 3860 2249 3923 ad
2264 3861 2651 3945 populum,et
2670 3868 3079 3948 sanctiﬁcavz't
3095 3887 3193 3933 eos
3211 3890 3224 3930 :
3243 3870 3614 3936 abluerunt-

221 3958 321 4015 Kal
345 3957 526 4039 πάλιν,
566 3980 594 4013 ιι
627 3955 840 4026 Κατέϐη
871 3964 1070 4025 Μωσῆς
1127 3959 1188 4016 ἐκ
1221 3970 1315 4020 τοῦ
1372 3959 1520 4040 ὅρους
1579 3960 1712 4038 πρὸς
1781 3959 1873 4014 τὸν

1959 3966 2070 4029 que
2085 3953 2484 4041 vestimenta.
2510 3953 2596 4015 Et
2613 3955 2778 4017 dixit
2797 3960 3044 4037 populo,
3066 3959 3276 4024 Estote
3293 3964 3496 4041 parati
3515 3962 3617 4025 die

218 4045 373 4126 λαὸν,
451 4048 540 4105 καὶ
616 4047 833 4125 ἡγίασεν
957 4049 1141 4115 αύτούς
1174 4065 1187 4080 ⁸
1299 4052 1388 4107 καὶ
1484 4047 1708 4105 ἔπλυναν
1806 4049 1874 4104 τὰ

1959 4040 2220 4116 tertio,et
2249 4059 2323 4101 ne
2345 4043 2826 4121 congrediamini
2841 4063 2978 4108 cum
2999 4040 3610 4114 muliere.Sanctissi-

221 4136 433 4211 ἱμάτια.
493 4137 593 4194 Καὶ
661 4140 784 4193 εἷπε
831 4140 910 4212 τῷ
978 4136 1117 4218 λαῷ,
1201 4139 1406 4197 Γίνεσθε
1463 4139 1665 4214 ἕτοιμοι
1724 4137 1869 4215 τρίτη

1959 4146 2086 4218 mus
2134 4136 2334 4218 autem
2421 4131 2804 4194 Alexandriae
2873 4135 3210 4216 patriarcha
3264 4137 3615 4202 Timotheus

215 4224 416 4300 ἡμέρᾳ,
447 4225 643 4302 καὶμὴ
707 4224 1032 4304 προσέλθητε
1083 4215 1310 4306 γυναικί,
1351 4252 1377 4284 ι
1443 4219 1500 4286 Ὀ
1569 4225 1623 4283 δὲ
1694 4225 1871 4304 ἁγιώ-

1959 4215 2175 4312 de_boc
2204 4217 2632 4312 interrogatus,
2659 4221 2841 4312 dixit:
2878 4215 3020 4286 ’Non
3042 4225 3262 4289 debent
3303 4229 3613 4312 coniuges,

216 4335 378 4377 τατος
479 4314 825 4395 πατριάρχης
932 4305 1321 4398 Ἀλεξανδρείας
1417 4316 1669 4393 Τιμόθεος
1755 4316 1873 4394 περὶ

1959 4305 2058 4386 qui
2089 4307 2406 4398 carnaliter
2432 4311 2736 4390 conjuncti
2759 4316 3257 4394 sunt,promereri
3280 4305 3613 4382 divinarum

215 4403 406 4459 τούτου
461 4403 766 4483 ἐρωτηθεὶς,
841 4402 1057 4486 ἔφησεν,
1119 4395 1226 4465 Ούκ
1274 4405 1566 4488 ὀφείλουσιν
1622 4406 1668 4462 οἱ
1730 4426 1870 4480 συμ-

1959 4395 2491 4488 sanctiﬁcationum
2528 4399 3038 4481 participationem
3085 4423 3193 4485 per
3221 4406 3417 4488 ipsum
3450 4407 3611 4470 diem

216 4490 507 4557 πλακέντες
579 4493 828 4571 ὁμόζυγοι
883 4499 1146 4574 σαρκικῶς
1217 4485 1580 4563 κατέιξιοῦσθαι
1622 4498 1720 4563 τῆς
1763 4501 1870 4550 τῶν

1959 4485 2212 4547 carnalts
2236 4504 2442 4548 eorum
2467 4489 3041 4574 complexuthaque
3071 4513 3179 4555 nos
3202 4485 3329 4557 haec
3353 4495 3441 4558 sic
3463 4497 3610 4560 deﬁ‘

217 4581 371 4638 θείων
466 4581 810 4659 ἁγιασμάτων
892 4583 1270 4666 μεταλήψεως,
1355 4583 1476 4642 κατ’
1548 4583 1712 4651 αὒτὴν
1769 4583 1868 4650 τὴν

1959 4575 2083 4636 nita
2109 4585 2453 4657 sequentes,
2487 4577 2748 4640 dicimus
2777 4599 2895 4642 non
2925 4600 3055 4644 esse
3085 4585 3436 4665 conjugibus
3467 4605 3609 4668 per-

216 4670 422 4750 ἡμέραν
472 4675 572 4738 τῆς
629 4676 886 4748 σαρκικῆς
942 4677 1114 4732 αὒτῶν
1187 4665 1560 4736 συνελεύσεως,
1625 4673 1725 4728 Διὸ
1781 4673 1869 4728 καὶ

1959 4665 2304 4756 mittendam
2335 4666 2867 4756 sanctiﬁcationum
2893 4665 3488 4756 perceptionem,quo
3513 4674 3612 4738 die

214 4763 381 4836 ἡμεῖς
409 4772 528 4822 τοῖς
601 4758 739 4816 οὕτω
780 4757 1115 4840 διορισθεϊσιν
1173 4764 1450 4843 ἑπόμενοι,
1522 4760 1746 4840 λέγομεν
1793 4761 1866 4821 ὡς

218 4848 315 4906 οὒκ
339 4847 478 4905 ἔστιν
506 4847 822 4928 ἐκχωρητέα
851 4863 971 4914 τοῖς
1000 4853 1280 4931 ὁμοζύγοις
1331 4855 1366 4922 ἡ
1431 4859 1537 4908 τῶν
1594 4849 1866 4928 ἁγιασμά-

216 4960 324 4994 των
355 4935 682 5014 μετάληψις,
739 4940 876 4996 κατὰ
930 4941 1030 5007 τὴν
1084 4942 1288 5020 ἡμέραν
1343 4939 1459 4998 καθ’
1503 4941 1567 5008 ἦν
1597 4940 1868 5018 συνήφθη-

217 5049 317 5083 σαν
388 5027 678 5106 σαρκικῶς.
726 5028 1116 5106 Προστιθέαμεν
1185 5031 1239 5086 δὲ
1300 5032 1374 5094 ὡς
1443 5029 1557 5086 ἐπεὶ
1615 5031 1643 5084 6
1713 5028 1869 5089 αὐτὸς

219 5115 390 5194 μέγας
442 5114 718 5191 Τιμόθεος,
780 5115 1059 5195 ἐρωτηθεὶς
1120 5120 1256 5177 κατὰ
1310 5119 1465 5176 ποίαν
1518 5116 1720 5196 ἡμέραν
1774 5116 1874 5182 τῆς

218 5201 503 5279 ἑϐδομάδος
586 5201 881 5284 ὀφείλουσιν
966 5207 1365 5286 ἐγκρατεύεσθαι
1467 5209 1516 5263 οἱ
1598 5204 1872 5283 ὅμόζυγοι,

217 5291 556 5370 ἀπεκρίνατο,
607 5292 752 5348 Κατὰ
818 5295 881 5350 τὸ
937 5293 1208 5354 Σάϐϐατον
1283 5297 1370 5354 καὶ
1426 5295 1525 5364 τὴν
1585 5291 1872 5373 Κυριακτὶν,

220 5379 310 5437 διὰ
337 5382 398 5436 τὸ
427 5380 481 5436 ὲν
511 5381 699 5445 αὐταῖς
729 5383 815 5438 καὶ
887 5383 1089 5460 μᾶλλον
1141 5385 1239 5455 τήν
1295 5385 1657 5461 πνευματικὴν
1700 5383 1877 5439 θυσίαν

219 5476 298 5545 τῷ
329 5470 500 5548 Κυρίῳ
554 5469 940 5551 προσφέρεσθαι
989 5491 1003 5506 ·
1079 5473 1132 5542 ἐξ
1187 5475 1426 5554 ἀνάγκης
1497 5473 1792 5556 ὀφείλουσιν
1828 5473 1878 5526 ui

1951 4752 2274 4847 carnaliter
2324 4755 2788 4847 copulat_i_sunt.
2840 4759 3132 4822 Addimus
3181 4752 3410 4840 autem,
3455 4764 3614 4847 quod

1951 4845 2242 4934 cumipse
2265 4843 2890 4934 magnusTimotheus
2911 4847 3329 4930 interrogatus,
3368 4843 3492 4934 quo
3516 4851 3615 4916 die

1953 4929 2348 5025 hebdomadis
2379 4933 2929 5025 con_ti_nentes_esse
2987 4929 3247 5000 debeant
3297 4929 3606 5025 conjuges,

1951 5019 2368 5112 responderit:
2394 5020 2661 5112 _Sabbato
2683 5023 3098 5112 etDominico,
3127 5019 3441 5110 propterea
3453 5019 3612 5112 quod

1962 5108 2146 5188 magis
2180 5109 2357 5171 etiam
2389 5110 2450 5171 in
2481 5111 2570 5172 eis
2617 5111 2900 5194 spiritalis
2940 5115 3134 5178 hostia
3152 5108 3277 5180 Deo
3308 5108 3614 5184 oﬂ‘eratur.

1959 5198 2044 5260 Ac
2074 5199 2412 5261 necessario
2447 5198 2670 5266 debent
2697 5203 2980 5283 conjuges
3002 5223 3036 5267 a
3055 5213 3262 5268 mutua
3281 5210 3616 5272 communi-

1963 5288 2192 5350 catione
2223 5288 2489 5370 separari
2521 5309 2636 5372 quo
2693 5291 2794 5356 die
2839 5292 3068 5356 divinas
3116 5296 3619 5362 sanctificationes

1962 5386 2293 5454 assumunt,
2328 5397 2447 5439 non
2481 5379 2658 5469 modo
2689 5387 2825 5444 ante
2875 5382 3372 5449 ministrationem
3401 5387 3616 5469 ipsam,

1961 5467 2068 5530 sed
2089 5467 2267 5529 etiam
2286 5474 2417 5549 post
2433 5467 2673 5532 eam.Et
2701 5481 2974 5553 optamus
2991 5473 3231 5556 corrigi,
3265 5467 3441 5559 quod
3459 5495 3612 5562 prte-

1546 5637 1808 5708 VABIAE
1852 5633 2288 5703 LECTIONES.

308 5739 330 5787 ί
365 5738 777 5808 Mutationem.
811 5760 838 5793 υ
864 5747 1092 5830 scripta
1134 5750 1445 5831 teguntur.
