4128 6456
549 484 702 551 1043

1921 488 1954 549 J
1961 486 2054 549 US
2095 484 2543 552 GANONICUM

3751 489 3883 557 1044

542 626 637 682 ter
663 618 866 682 divina
921 619 1188 682 instituta
1217 627 1276 683 et
1303 627 1601 703 praecepta
1629 621 1788 684 circa
1824 637 2060 701 sponsae
2089 618 2193 681 de-

2287 620 2531 699 δμόζυγοι
2561 619 2622 676 ἐκ
2678 624 2776 687 τῆς
2820 623 2951 700 πρὸς
3009 620 3274 693 ἀλλήλους
3334 627 3586 701 σαρκικῆς
3640 625 3885 691 κοινωνίας

543 708 883 772 ductionem
940 708 1005 770 in
1063 708 1405 790 nuptiarum
1446 710 1722 791 auspices
1771 709 2015 773 maleﬁt.
2046 706 2194 770 Nam

541 804 856 881 postquam
885 815 1055 860 sacra
1085 799 1429 879 precatione
1452 798 1664 862 initiati
1694 806 1853 873 sunt,
1888 806 1948 861 et
1968 797 2196 860 divinas

541 885 1045 949 sanctiﬁcationes
1077 896 1557 968 promeruerunt,
1584 886 1655 949 ad
1697 887 1993 949 carnalem
2022 885 2190 947 festi-

543 982 687 1039 nant
707 975 1016 1051 unionem,
1067 976 1131 1037 in
1159 976 1499 1055 nuptiarum
1532 976 1763 1040 deliciis
1792 975 2189 1052 lascivientes,

542 1083 727 1129 sacrae
781 1063 1220 1127 benedictionis
1283 1065 1401 1127 vim
1460 1084 1579 1127 non
1636 1064 2107 1141 considerantes,
2136 1072 2196 1125 et

541 1157 1079 1220 sanctiﬁcationum
1133 1158 1661 1238 contemptionem.
1724 1156 2021 1237 Conjuges
2051 1174 2192 1236 ergo

541 1266 658 1330 quo
689 1247 788 1311 die
808 1245 1042 1309 divinas
1060 1246 1562 1310 sanctiﬁcationes
1593 1245 2006 1328 participaturi
2030 1252 2189 1320 sunt,

541 1355 663 1400 non
718 1343 948 1399 tantum
992 1344 1130 1399 ante
1180 1354 1385 1399 earum
1430 1336 1920 1417 assnmptionem,
1977 1334 2085 1397 sed
2134 1344 2196 1397 et

2278 706 2669 766 ἀποδιίστασθαι
2700 709 2836 768 κατὰ
2863 710 2962 778 τὴν
3018 710 3219 789 ἡμέραν
3272 715 3372 778 τῆς
3440 717 3543 768 τῶν
3568 711 3712 769 θείων
3738 714 3884 793 ἁγια-

2277 798 2492 874 σμάτων
2527 796 2900 874 μεταλήψεως,
2955 800 3027 858 Οὔ
3083 801 3245 877 μόνον
3301 801 3403 880 πρὸ
3457 806 3556 868 τῆς
3609 800 3885 868 ἐπιστασίας

2277 886 2463 964 αὐτῆς,
2536 885 2675 945 ἀλλὰ
2759 889 2846 945 καὶ
2895 889 2994 957 τὴν
3055 889 3173 966 μετ’
3229 890 3418 959 αὐτήν.
3503 891 3598 948 Καὶ
3650 891 3888 971 εὐχόμεθα

2276 974 2615 1054 διορθωθῆναι
2643 978 2705 1033 τὸ
2748 984 2924 1044 κακῶς
2968 979 3056 1035 καὶ
3109 999 3253 1058 παρα
3319 979 3386 1035 τὰ
3442 982 3560 1036 θεῖα
3588 976 3890 1058 διατάγματα

2273 1068 2362 1123 καὶ
2403 1063 2697 1145 διδάγματα
2750 1067 2886 1125 κατὰ
2926 1067 3026 1136 τὴν
3068 1069 3442 1148 νυμφαγωγίαν
3493 1069 3564 1131 εἷς
3621 1068 3733 1134 τοὺς
3772 1091 3890 1145 νυμ-

2275 1153 2562 1234 φοστόλους
2636 1157 2940 1234 γινόμενον.
2998 1157 3146 1213 Μετὰ
3215 1156 3315 1235 γὰρ
3399 1157 3460 1213 τὸ
3514 1155 3890 1236 ίερολογηθῆναι

2276 1245 2362 1303 καὶ
2420 1240 2535 1300 ¹τῶν
2590 1246 2740 1303 θείων
2826 1246 3168 1324 ἁγιασμάτων
3249 1243 3632 1314 καταξιωθῆναι
3698 1246 3888 1325 αὐτοὺς,

2276 1335 2407 1413 πρὸς
2479 1335 2732 1414 σαρκικὴν
2789 1336 3187 1414 κατεπείγουσιν
3229 1335 3418 1392 ἕνωσιν
3494 1338 3540 1393 οἱ
3594 1341 3700 1393 τῶν
3744 1334 3895 1404 ἡδέων

542 1435 678 1509 post
701 1445 833 1490 eam
863 1425 1010 1488 citra
1028 1425 1468 1489 excusationem
1486 1425 1869 1488 continenter
1890 1441 1954 1486 se
1980 1441 2193 1504 gerere

2287 1428 2367 1479 τοῦ
2422 1421 2596 1501 γάμου
2677 1424 3178 1505 κατατρυφώσαντες
3225 1443 3241 1459 ⁸
3327 1424 3407 1501 μὴ
3490 1422 3896 1503 ἀναλογιζόμενοι

544 1513 786 1579 debent.
820 1514 989 1589 Quod
1014 1514 1066 1578 si
1086 1533 1206 1577 non
1225 1512 1845 1595 faciant,gravioribus
1860 1512 2193 1593 subjicien—

2287 1516 2375 1578 τῆς
2405 1511 2781 1591 ἱεροτελεστίας
2831 1514 2931 1582 τὴν
2987 1511 3226 1595 δύναμιν,
3284 1515 3373 1571 καὶ
3427 1520 3534 1571 τῶν
3573 1515 3900 1594 ἁγιασμάτων

543 1614 641 1669 tur
670 1606 883 1688 pmnis.
2276 1601 2377 1668 τὴν
2431 1601 2846 1682 καταφρόνησιν,
2934 1601 3339 1683 Ἀπαραιτήτως
3409 1603 3498 1660 οὖν
3552 1606 3599 1660 οἱ
3641 1602 3894 1681 ὁμόζυγοι,

541 1695 658 1756 καθ’
689 1697 754 1765 ἢν
786 1695 990 1776 ἡμέραν
1013 1696 1121 1752 τῶν
1147 1695 1299 1752 θείων
1366 1693 1714 1774 άγιασμάτων
1770 1690 2023 1769 μέλλουσι
2070 1702 2390 1770 μετασχεῖν,
2454 1693 2513 1749 οὗ
2544 1690 2705 1765 μόνον
2729 1693 2831 1770 πρὸ
2859 1697 2959 1759 τῆς
3017 1691 3371 1768 μεταλήψεως
3433 1693 3625 1749 τούτων
3670 1689 3797 1748 ἀλλὰ
3825 1691 3904 1746 καὶ

545 1786 681 1865 μετὰ
736 1789 835 1855 τὴν
916 1784 1245 1867 μετάληψιν,
1344 1784 1638 1866 ὀφείλουσιν
1744 1783 2165 1861 ἐγκρατεύεσθαι.
2265 1788 2429 1838 Τοῦτο
2497 1776 2551 1834 δὲ
2634 1780 2712 1856 μὴ
2787 1783 3080 1856 ποιοῦντες,
3180 1782 3581 1862 αὒστηροτέροις
3644 1780 3904 1856 ἐπιτιμίοις

541 1875 1024 1946 δποόληθήσονται.

621 1964 810 2028 Inter.
848 1966 946 2026 11.
987 1967 1100 2039 An,
1126 1963 1176 2025 si
1194 1963 1475 2025 sacerdos
1492 1960 1953 2043 lavetur,!possit
1983 1958 2193 2023 eodem

2363 1955 2662 2038 Ἐρώτησις
2723 1948 2818 2016 ια’.
2852 1957 3011 2031 ἑἘὰν
3065 1962 3230 2040 ἱερεὺς
3314 1960 3501 2039 λουθῇ,
3549 1958 3752 2017 δύναται
3791 1957 3912 2015 κατᾶ

542 2053 645 2116 die
672 2070 843 2115 sacra
858 2052 1055 2115 facere
1079 2051 1105 2114 ἲ
1133 2062 1195 2114 et
1221 2070 1297 2114 an
1326 2051 1476 2114 laico
1507 2051 1706 2127 liceat,
1744 2058 2054 2131 postquam
2082 2067 2189 2110 ve-

2287 2048 2367 2116 τὴν
2398 2047 2562 2115 αὐτὴν
2594 2046 2799 2124 ἡμέραν
2849 2050 3224 2131 ίερουργῆσαις
3272 2051 3358 2110 καὶ
3415 2049 3605 2113 )α“ἰκὸς
3665 2049 3793 2125 μετὰ
3854 2048 3907 2102 τὸ

543 2141 701 2205 nerit
718 2142 781 2205 in
801 2140 1320 2224 balneum,eodem
1347 2140 1446 2203 die
1468 2146 1840 2203 sacramenta
1851 2136 2190 2201 assumere?

2287 2134 2522 2197 ὶιπελθεῖν
2571 2138 2643 2201 εἰς
2695 2135 3004 2224 βαλανεῖον,
3062 2139 3397 2219 ἐκχωρηθείη
3458 2139 3749 2221 αὐθημερὸν
3813 2141 3907 2192 τῶν

540 2231 614 2294 Ει
648 2250 681 2293 e
712 2230 1031 2307 contrario,
1065 2249 1143 2292 an
1177 2229 1460 2294 sacerdos
1488 2237 1725 2309 peracto
1750 2227 2065 2305 sacriﬁcio,
2100 2229 2190 2291 vel

2287 2226 2572 2303 ιυστηρίων
2645 2223 3021 2308 μετιλαϐεϊνς
3080 2230 3167 2284 καὶ
3223 2229 3282 2285 ἐκ
3334 2234 3429 2286 τοῦ
3459 2229 3723 2301 ἐναντίου,
3777 2228 3906 2304 ἱερο-

542 2320 729 2384 laicus
784 2319 1036 2402 sumptis
1093 2317 1309 2380 divinis
1338 2316 1911 2380 sanctiﬁcationibus
1941 2317 2188 2396 lavetur,

2287 2313 2600 2384 τελεστήσας
2630 2317 2658 2371 ὁ
2718 2316 2907 2394 ιερεὺς,
2959 2316 2994 2384 ἢ
3051 2319 3079 2372 ὁ
3134 2315 3322 2381 λα’ίκὸς
3374 2319 3528 2375 θείων
3584 2316 3907 2396 ἀγιασμάτων

542 2418 641 2473 aut
666 2427 832 2472 vena;
852 2408 1183 2470 sectionem
1210 2406 1487 2488 patiatur,
1520 2406 1758 2469 necne?
1854 2433 1859 2437 ·

2287 2404 2510 2469 ἀξιωθεὶς
2541 2403 2880 2488 λουθήσεται,
2914 2404 2951 2473 ἢ
2976 2403 3528 2487 φλεϐοτομηθήσεται,
3562 2406 3598 2476 ἢ
3640 2404 3699 2462 οὔ
3727 2425 3747 2487 ;

622 2499 765 2564 Res.
785 2497 1046 2561 Galenus
1068 2483 1442 2558 medicorum
1468 2483 2191 2572 doctissimus,Ba1neum,

2361 2490 2487 2556 Ἀπ,
2560 2483 2618 2549 Ὀ
2689 2494 2743 2549 ἐν
2799 2483 3002 2574 ἰατροῖς
3083 2492 3595 2560 διδασκαλικώτατος
3663 2483 3907 2567 Γαληνὸς,

543 2587 761 2671 inquit,
813 2596 872 2650 et
915 2585 1025 2662 sol,
1062 2592 1121 2646 et
1150 2585 1518 2665 gymnasium
1551 2583 1623 2645 ad
1658 2592 1880 2645 motum
1916 2583 2193 2661 excitant,

2287 2580 2594 2662 Βαλανεϊον,
2627 2584 2778 2663 φησὶ,
2811 2587 2899 2641 καὶ
2925 2583 3080 2651 ἥλιος
3109 2586 3196 2642 καὶ
3250 2587 3548 2665 γυμνάσιον
3592 2588 3664 2651 εἷς
3720 2587 3911 2650 κίνησιν

546 2669 677 2760 quae
693 2684 830 2739 ante
845 2672 1878 2757 quiescebant,excrementaltaque
1909 2672 2057 2734 nihil
2089 2692 2193 2735 eo-

2287 2669 2476 2749 ἒξορμᾷ
2506 2671 2570 2728 τὰ
2629 2671 2763 2736 τέως
2804 2673 3141 2754 ἡσυχάζοντα
3185 2675 3587 2753 περιττώματα,
3638 2675 3729 2732 Διὸ
3782 2670 3912 2730 οὐδὲν

537 2757 705 2847 rum,
739 2766 815 2827 de
855 2762 1075 2847 quibus
1118 2762 1516 2841 interrogasti,
1551 2762 1673 2824 fiet.
1705 2764 2005 2825 Venarum
2039 2765 2193 2824 enim

2287 2757 2334 2825 ἐξ
2364 2761 2437 2847 ὧν
2466 2760 2750 2838 ἠρώτησας
2813 2764 3115 2840 γενήσεται,
3188 2764 3284 2821 Καὶ
3355 2767 3409 2820 αἱ
3465 2765 3622 2840 τομαὶ
3668 2764 3765 2843 γὰρ
3817 2767 3911 2817 τῶν

544 2846 1108 2927 εθειίοηθείὶιοιοιιω
1141 2852 1462 2913 ostendunt
1503 2850 1646 2912 vitia
1675 2859 1737 2911 et
1785 2852 2193 2932 proprietates,

2287 2846 2488 2929 φλεϐῶν
2517 2848 2803 2932 ἐλέγχουσι
2851 2852 2948 2915 τὰς
3002 2852 3202 2909 τούτων
3255 2854 3445 2917 κακίας
3502 2855 3590 2910 καὶ
3644 2850 3913 2928 ἰδιότητας,

539 2947 710 3027 juxta
758 2941 1135 3024 Hippocratis
1195 2947 1489 3021 praecepta
1549 2961 1562 3000 :
1624 2929 1921 3002 interdum
1954 2940 2193 3022 quidem

2287 2939 2414 2995 κατὰ
2441 2938 2509 2995 τὰ
2578 2929 2946 3019 Ἰπποκρατεια
3000 2939 3240 3019 δόγματα
3287 2958 3301 2971 ·
3333 2943 3469 2998 ποτὲ
3519 2943 3617 3019 μὲν
3675 2942 3913 2999 κυίσκον-

547 3021 982 3097 discussionem
1015 3029 1336 3112 parientes,
1363 3047 1791 3109 nonnunquam
1822 3021 2017 3093 autem
2049 3048 2190 3093 con-

2287 3049 2365 3084 σαι
2391 3025 2722 3108 διαφόρησιν,
2798 3028 2926 3087 ποτὲ
2983 3026 3038 3085 δὲ
3094 3027 3296 3105 μᾶλλον
3350 3031 3708 3111 στεγάνωσιν,
3743 3021 3916 3088 Ἱνατί-

547 3124 920 3188 strictionem
951 3119 1167 3201 potius.
1217 3117 1366 3190 Quid
1393 3117 1604 3198 igitur?
1621 3125 2021 3199 exspectatum
2046 3118 2193 3182 forte

2287 3125 2401 3193 γοῦν
2436 3136 2450 3177 :
2483 3114 2909 3195 προσδοκήσιμον
2955 3115 3090 3183 ἵσως
3146 3120 3312 3174 κακὸν
3352 3125 3423 3189 τῆ
3468 3116 3792 3199 σωτηριώδει
3815 3122 3908 3174 τῶν

548 3213 769 3276 malum
784 3208 1030 3274 salutari
1050 3207 1584 3270 sanctiﬁcationum
1605 3207 2039 3289 participationi
2057 3227 2198 3270 con-

546 3309 879 3377 nectemus,
914 3312 975 3361 et
1002 3297 1210 3360 salutis
1233 3305 1449 3359 nostrae
1468 3296 1669 3358 lumen
1691 3297 1963 3358 socordia
1979 3297 2195 3359 obum-

546 3390 894 3454 brabimus?
920 3406 1056 3450 cum
1080 3387 1241 3466 justa
1267 3386 1416 3448 ratio
1447 3386 1853 3448 sacriﬁcantes
1882 3394 2000 3448 tam
2031 3395 2189 3462 ante,

547 3499 723 3563 quam
759 3487 892 3560 post
916 3476 1300 3551 sacriﬁcium,
1331 3476 1647 3555 compellat
1677 3495 1811 3537 cum
1834 3475 1998 3537 omni
2029 3494 2197 3537 com-

548 3569 873 3653 punctione
898 3575 960 3630 et
989 3563 1320 3628 reverentia
1347 3564 1420 3626 ad
1452 3564 1640 3626 Deum
1682 3566 2104 3647 genuﬂectere,
2139 3573 2199 3627 et

548 3657 766 3739 gratias
795 3674 975 3738 agere
1028 3655 1104 3717 ob
1152 3653 1449 3716 Dominici
1507 3653 1773 3735 corporis
1802 3667 1858 3716 et
1892 3654 2198 3733 sanguinis

544 3746 1039 3829 assumptionem,
1072 3762 1186 3806 nec
1215 3741 1485 3806 deliciari
1506 3742 1791 3819 mollitiis,
1828 3750 1885 3805 et
1911 3761 2196 3825 aquarum

543 3835 870 3899 calidarum
892 3831 1361 3915 aspersionibus.
1396 3830 1563 3905 Quod
1583 3830 1635 3892 si
1652 3848 1822 3894 vena
1839 3831 2196 3895 incisionem

540 3924 788 3988 morbus
810 3930 1017 4004 urgeat
1042 3921 1260 3997 letalis,
1294 3930 1541 4001 propter
1566 3920 1816 3984 salutem
1858 3921 2199 4001 aegrotantis

541 4032 612 4078 ea
641 4013 998 4095 perﬁcietur.

624 4102 819 4167 Inter.
880 4101 978 4163 ιε.
1034 4100 1099 4164 Si
1145 4099 1277 4181 quis
1332 4106 1465 4181 post
1513 4107 1776 4163 sanctam
1834 4099 2193 4180 assumptio-

542 4210 685 4255 nem
712 4191 1034 4266 vomuerit,
1067 4208 1177 4272 per
1205 4207 1380 4270 quam
1430 4187 1811 4250 traditionem
1843 4188 2192 4251 emendabi-

542 4287 639 4343 tur
659 4285 688 4341 ?

622 4370 760 4434 Res.
786 4370 1024 4444 Sancte,
1060 4366 1272 4448 inquit,
1297 4366 1641 4430 custodiens
1662 4372 1885 4429 sancta.
1921 4367 2194 4449 expiabi-

542 4469 638 4523 tur
674 4470 701 4502 '
729 4466 789 4522 et
830 4456 1296 4519 sanctiﬁcabitur
1330 4474 1343 4519 :
1374 4456 1623 4536 gratiam
1679 4465 1874 4519 autem
1908 4450 2190 4538 prodens,

2279 3205 2623 3283 ἁγιασμάτων
2682 3204 2880 3281 μεθέξει
2963 3206 3304 3283 συνάψωμεν,
3388 3210 3481 3266 καὶ
3563 3209 3780 3288 ῥᾳθυμίᾳ
3860 3205 3913 3261 τὸ

2276 3299 2388 3375 φῶς
2445 3296 2544 3361 τῆς
2600 3296 2756 3372 ἡμῶν
2812 3297 3076 3375 σωτηρίας
3153 3295 3637 3379 ὲπηλυγάσωμενς
3700 3295 3827 3355 ὅπιυ
3863 3314 3915 3372 γε

2276 3384 2395 3449 τοὺς
2457 3384 2846 3463 ἱερουργοῦντας
2913 3384 3109 3450 δίκαιος
3166 3385 3325 3467 λόγος
3401 3387 3788 3466 καταναγκάζει
3840 3384 3918 3440 καὶ

2277 3475 2377 3553 πρὸ
2432 3483 2529 3547 τῆς
2585 3477 2874 3557 ἱερουργίας
2944 3480 3030 3535 καὶ
3073 3480 3208 3555 μετὰ
3266 3474 3365 3548 τὴν
3448 3481 3741 3559 ἱερουργίαν
3798 3476 3919 3554 μετὰ

2278 3561 2457 3629 πάσης
2517 3564 2841 3632 κατανύξεως
2891 3570 2977 3625 καὶ
3059 3566 3328 3634 εὐλαϐείας
3385 3568 3733 3648 γονυκλυτεϊν
3799 3566 3917 3644 πρὸς

2280 3652 2434 3727 Θεὸν,
2467 3655 2555 3709 καὶ
2615 3654 2960 3736 εὐχαριστεῖν
3017 3657 3176 3738 χάριν
3245 3661 3344 3725 τῆς
3397 3661 3493 3714 τοῦ
3550 3659 3803 3739 Συριακοῦ
3828 3654 3921 3712 σώ-

2278 3762 2445 3814 ματος
2490 3746 2579 3799 καὶ
2650 3743 2882 3820 αἵματος
2939 3743 3316 3821 μεταλήψεως,
3375 3747 3466 3802 καὶ
3499 3748 3579 3823 μὴ
3626 3746 3919 3825 θρύπτεσθαι

2277 3828 2546 3905 βλακείαις
2597 3835 2685 3891 καὶ
2737 3835 3045 3913 ῥαντισμοτς
3090 3833 3290 3894 ὑδάτων
3344 3839 3581 3915 θερμῶν.
3643 3837 3701 3894 Εἰ
3742 3833 3795 3891 δὲ
3833 3832 3922 3898 τὴν

2250 3919 2626 4005 ’φλεϐοτομίαν
2674 3924 2972 4001 κατεπείγει
3051 3925 3336 4001 θανάσιμον
3395 3927 3636 4006 νοσήμα,
3688 3921 3772 3981 διὰ
3830 3922 3919 3987 τὴν

2280 4013 2541 4092 σωτηρίαν
2570 4022 2662 4071 τοῦ
2691 4013 2986 4092 κάμνοντος
3029 4011 3427 4084 τελεσθήσεται.

2358 4091 2651 4182 Ἐρώτησις
2729 4091 2822 4178 ιβ’.
2885 4101 3011 4159 Ἐὰν
3067 4102 3235 4179 ἐμέσῃ
3291 4125 3370 4168 τις
3429 4105 3571 4180 μετὰ
3640 4104 3740 4171 τὴν
3780 4100 3918 4180 ἁγίαν

2280 4191 2607 4270 μετάληψιν,
2653 4192 2787 4249 κατὰ
2808 4193 2956 4250 ποίαν
2985 4190 3288 4272 διορθωθείη
3324 4192 3618 4273 παράδοσιν
3651 4214 3669 4275 ς

2358 4369 2486 4430 Ἀπ.
2544 4362 2600 4428 Ὀ
2657 4369 2754 4445 μὲν
2826 4369 3101 4450 φυλάττων
3164 4371 3372 4452 (φησὶν)
3439 4374 3602 4439 ὁσίως
3672 4370 3739 4429 τὰ
3788 4366 3918 4439 ὅσια,

2278 4461 2630 4529 ὁσιωθήσεται
2689 4459 2775 4515 καὶ
2832 4460 3207 4538 ἀγιασθήσεται
3243 4478 3258 4495 ο
3306 4464 3335 4518 ὁ
3400 4460 3456 4519 δὲ
3502 4461 3778 4544 προδιδοὺς
3830 4454 3921 4521 τὴν

542 4546 953 4632 inquinabitur
979 4563 1025 4607 ι.
1060 4546 1123 4608 Si
1168 4545 1347 4627 igitur
1377 4546 1739 4626 exingluvie
1783 4548 1982 4628 lapsus
2015 4556 2103 4610 est
2132 4547 2193 4609 in

2287 4550 2460 4630 χάριν,
2517 4545 2969 4625 βεϐηλωθῆσεταιο
3016 4552 3074 4607 Εἷ
3132 4561 3256 4629 γοῦν
3299 4550 3351 4618 ἐξ
3420 4553 3682 4633 ἀκρασίας
3712 4548 3922 4610 ὠλίσθη-

540 4639 829 4703 vomitum
855 4636 929 4712 is,
957 4636 1058 4718 qui
1081 4635 1309 4698 divinas
1332 4634 1829 4699 sanctificationes
1849 4636 2190 4719 assumpsit,

543 4726 918 4808 gravioribus
949 4725 1139 4807 poenis
1170 4723 1719 4788 emendabitur.Sin
1741 4734 1936 4788 autem
1961 4744 2068 4807 per
2094 4725 2189 4787 in-

544 4816 801 4882 cidentis
840 4815 992 4878 forte
1021 4813 1418 4894 aegrotationis
1446 4813 1910 4884 infestationem.
1953 4814 2192 4896 episco-

542 4907 662 4989 pali
684 4904 921 4987 judicio
951 4903 1316 4967 moderatius
1344 4902 1738 4967 coercebitur.
1787 4902 1859 4965 Et
1887 4904 2000 4966 hoc
2032 4904 2192 4967 enim

542 4995 903 5060 desertionis
934 5001 1025 5057 est
1050 5012 1223 5074 opus.

624 5175 820 5238 Inter.
858 5172 954 5238 13.
986 5173 1084 5236 An
1117 5172 1249 5235 sine
1309 5172 1575 5254 periculo
1624 5170 1983 5236 sacriﬁcabit
2028 5171 2195 5254 quis-

545 5262 732 5344 piam,
765 5269 871 5327 aut
905 5260 1102 5324 divina
1157 5261 1335 5325 faciet
1388 5261 1740 5343 baptismata
1790 5261 1853 5324 in
1909 5260 2064 5339 navi,
2105 5261 2196 5325 vel

543 5351 720 5414 domo
752 5369 870 5413 non
904 5350 1117 5414 sacra?

622 5440 756 5503 Res.
790 5440 955 5505 Dixit
1000 5439 1241 5522 quidem
1280 5442 1440 5504 Deus
1489 5459 1597 5523 per
1624 5439 1854 5505 Mosem
1881 5442 1953 5504 ad
1984 5441 2191 5518 Israel,

544 5528 975 5612 Hierosolymis
998 5537 1056 5594 et
1099 5548 1222 5593 non
1242 5530 1357 5593 alio
1380 5531 1500 5594 ullo
1521 5531 1652 5593 loco
1672 5531 1886 5595 festum
1919 5529 2195 5595 celebra-

2279 4661 2367 4696 σεν
2396 4634 2472 4703 εἷς
2525 4638 2615 4694 τὸν
2670 4636 2855 4714 ἔμετον
2899 4641 2927 4694 ὁ
2972 4644 3077 4696 τῶν
3133 4641 3284 4697 θείων
3343 4642 3707 4721 ἁγιασμάτων
3763 4656 3920 4715 μετα·-

2276 4725 2477 4805 λαϐὼν,
2540 4726 2674 4802 μετά
2729 4724 3086 4807 σφοδροτέρων
3131 4728 3433 4809 ἐπιτιμίων,
3467 4729 3873 4812 διορθωθήσεται
3903 4738 3918 4755 ⁶

2277 4814 2410 4873 εἰδὲ
2454 4813 2538 4871 διὰ
2608 4815 2969 4892 συμπεσόντος
3047 4817 3282 4897 τυχαίως
3356 4817 3780 4898 ἆῤῥωστήματος
3832 4812 3925 4869 κά-

2275 4927 2461 4979 κωσιν,
2513 4927 2651 4962 κατα
2691 4905 2792 4973 τὴν
2848 4905 3202 4974 ἐπισκοπικὴν
3244 4904 3509 4986 διάκρισιν
3566 4903 3922 4987 μετριωτέρως

2277 4994 2744 5070 ἐπιτιμηθήσεται,
2807 4995 2907 5053 Καὶ
2962 5002 3117 5052 τοῦτο
3183 4997 3283 5076 γὰρ
3338 4995 3494 5076 ἔργον
3583 4998 3727 5055 ἐστὶν
3768 4994 3923 5074 ἐγκα-

2279 5081 2571 5159 ταλείψεως
2582 5132 2596 5146 ,

2361 5170 2655 5252 Ἐρώτησις
2703 5161 2796 5251 ιγ’.
2858 5169 3170 5239 Ἀκινδύνως
3226 5174 3282 5231 ἐν
3336 5173 3510 5251 πλοίῷ
3553 5176 3592 5245 ἢ
3650 5176 3704 5234 ἐν
3748 5170 3928 5250 ἀνιέρῳ

2281 5262 2417 5334 οίκίᾳ
2448 5263 2774 5341 ἱερουργήσει
2815 5284 2919 5337 τις,
2951 5261 2989 5331 ἢ
3022 5266 3142 5321 θεῖα
3169 5263 3369 5322 τελέσει
3411 5265 3802 5345 βαπτίσματας

2362 5439 2488 5522 ’ᾼπ.
2528 5430 2584 5497 Ὀ
2611 5438 2713 5515 μὲν
2741 5440 2870 5505 Θεὸς
2893 5440 3017 5498 εἶπε
3046 5439 3128 5498 διᾶ
3154 5442 3386 5508 Μωσέως
3411 5444 3547 5522 πρὸς
3582 5446 3675 5501 τὸν
3695 5437 3923 5522 Ἰσραὴλ,

2280 5529 2370 5590 Ἐν
2408 5520 2789 5609 Ἱεροσολύμοις
2820 5532 2907 5587 καὶ
2951 5532 3045 5589 οὒκ
3080 5530 3134 5588 ἐν
3188 5531 3350 5612 ἑτέρῳ
3399 5520 3556 5609 τόπῳ
3613 5535 3717 5591 τινὶ
3748 5520 3929 5610 ἑορτά-

1853 5698 2116 5765 VARIIE
2160 5696 2478 5767 LEGTION
2483 5696 2602 5763 ES.

664 5862 806 5943 pius
831 5862 1061 5927 evadet.
1096 5874 1122 5908 ι
1147 5861 1447 5943 profanus
1473 5861 1598 5944 ﬁet.
