4128 6420
301 416 456 485 1045
1634 415 1950 485 GILEGO-l

2035 415 2194 479 MAN
2202 416 2309 478 UM
3525 413 3680 480 1046

294 573 407 615 σεις
465 551 658 631 Πάσχα
703 554 873 632 Κυρίῳ
928 560 1005 628 τῷ
1049 561 1166 629 Θεῷ
1210 575 1324 616 σου.
1383 552 1652 612 Ἐντεῦθεν
1709 558 1946 632 καθαρῶς

2035 549 2122 611 bis
2149 551 2460 614 Paschatis
2481 550 2733 612 Domino
2753 549 2876 612 Deo
2898 558 3021 612 tuo.
3051 550 3196 614 Inde
3234 551 3393 614 clare
3425 551 3685 615 innuens

296 640 658 715 αἰνιττόμενος
741 648 833 699 τοῦ
893 639 1185 702 Ἰουδαῖκοῦ
1257 643 1449 722 Πάσχα
1517 645 1615 711 τὴν
1711 641 1948 722 παντελῆ,

2035 638 2259 702 ludaici
2289 640 2594 702 Paschatis
2611 639 2845 720 plenam
2873 641 3270 717 vocationem,
3301 649 3548 722 propter
3567 638 3684 703 loci

297 728 576 809 ἀπραξίαν,
623 728 710 787 διὰ
763 732 827 787 τὸ
891 739 985 789 τοῦ
1039 733 1202 788 τόπου
1271 721 1597 803 μονώτατον.
1660 723 1718 790 ιΟ
1761 729 1816 788 δὲ
1874 721 1950 788 νϐ’

2035 727 2523 805 singularitatem.
2551 727 2752 792 Canon
2773 737 2968 790 autem
3003 731 3077 794 59
3097 721 3316 793 sanctae
3339 739 3398 793 et
3413 721 3684 793 mcume-

297 819 475 876 κανὼν
508 824 605 886 τῆς
679 819 734 876 ἐν
784 827 862 895 τῷ
944 819 1190 900 Τρούλλῳ
1241 821 1332 877 τοῦ
1385 821 1617 900 μεγάλου
1697 819 1950 878 παλατίου

2035 817 2179 878 nicae
2201 818 2408 899 synodi
2452 826 2667 881 coactae
2687 818 2748 879 in
2773 817 2974 880 Trullo
3001 820 3196 899 magni
3234 820 3458 901 palatii,
3492 827 3552 882 et
3578 839 3682 882 ca-

299 909 567 976 συστάσης
608 910 759 986 ἁγίας
816 910 904 966 καὶ
946 911 1307 986 οἶκουμενικῆς
1362 909 1598 986 συνόδου,
1630 913 1718 967 καὶ
1777 913 1805 967 6
1862 908 1947 966 πδ’

2035 924 2150 966 ηοη
2184 907 2258 969 84
2318 907 2526 987 synodi
2583 907 3094 986 Carthaginensis,
3151 907 3682 989 depositionisub-

298 999 476 1054 κανὼν
542 1002 642 1066 τῆς
696 999 752 1054 ἐν
809 998 1082 1077 Καθαγένη
1167 997 1402 1079 συνόδου,
1461 997 1760 1073 καθαιρέσει
1814 1003 1947 1055 καθ-

2035 994 2240 1073 iiciunt
2325 1013 2483 1069 eum,
2569 995 2669 1077 qui
2745 996 2811 1057 in
2869 996 3127 1058 oratoria
3184 997 3360 1059 domo
3414 997 3682 1060 divinum

299 1084 650 1145 υποϐάλλουσι
677 1088 770 1143 τὸν
813 1087 868 1143 ἐν
897 1087 1156 1166 εὖκτηρίῳ
1203 1087 1341 1160 οἴκῳ
1393 1091 1538 1146 θεῖον
1605 1087 1950 1145 ἐκτελέσαντα

302 1175 602 1252 βάπτισμα.
691 1178 1010 1255 Διορίζονται
1079 1178 1178 1256 γὰρ
1261 1176 1316 1232 ἐν
1384 1175 1692 1240 καθολικαῖς
1746 1176 1947 1243 ἐκκλη-

303 1266 440 1330 σίαις
471 1268 535 1322 τὰ
562 1266 898 1343 βαπτίσματα
954 1266 1208 1345 γίνεσθαι.
1258 1259 1420 1324 Ἀλλᾶ
1449 1269 1536 1324 καὶ
1579 1270 1607 1324 6
1648 1257 1739 1324 λα’
1777 1269 1949 1324 κανὼν

299 1355 398 1422 τῆς
442 1355 498 1412 ἐν
541 1363 618 1430 τῷ
648 1353 895 1434 Τρούλλῳ
925 1353 1160 1430 συνόδου,
1214 1358 1302 1416 καὶ
1357 1360 1385 1414 6
1447 1359 1498 1434 ιβ
1547 1358 1722 1414 κανὼν
1755 1363 1852 1424 τῆς
1897 1357 1950 1412 ἐν

302 1451 381 1519 τῷ
440 1451 552 1519 ναῷ
606 1447 712 1502 τῶν
771 1445 934 1522 ἁγίων
1003 1444 1315 1502 ἀποστόλων
1381 1447 1649 1513 συστάσης
1707 1444 1946 1524 συνόδου,

302 1530 662 1590 διατάττονται
721 1534 857 1608 μετὰ
913 1533 1267 1614 ἐκχωρήσεως
1339 1534 1688 1602 ἐπισκοπικῆς
1731 1537 1819 1592 καὶ
1876 1537 1947 1599 εἰς

303 1624 604 1702 εὖκτηρίους
663 1620 844 1685 οἴκους
900 1622 1167 1681 τελεῖσθαι
1226 1624 1585 1700 βαπτίσματα.
1665 1616 1721 1682 Ὀ
1767 1624 1945 1700 μέντοι

301 1710 535 1788 ἀοίδιμος
565 1711 808 1789 βασιλεὺς
857 1713 1030 1791 κύριος
1090 1711 1260 1792 Λέων,
1293 1716 1320 1769 6
1361 1715 1542 1794 σοφὸς,
1588 1711 1798 1790 βλέπων
1848 1714 1946 1779 τὴν

2033 1083 2345 1161 perﬁciunt
2375 1083 2687 1165 baptisma.
2724 1083 2998 1148 Statuunt
3050 1085 3208 1146 enim
3241 1085 3592 1166 baptismata
3619 1085 3686 1149 in

2033 1171 2343 1234 catholicis
2380 1172 2663 1235 Ecclesiis
2711 1172 2934 1236 debere
2964 1173 3116 1236 ﬁeri.
3154 1172 3270 1236 Sed
3301 1180 3360 1235 et
3387 1173 3452 1237 31
3494 1191 3686 1237 canon

2031 1261 2240 1340 synodi
2299 1261 2359 1322 in
2390 1261 2620 1339 Trullo,
2684 1270 2742 1324 et
2772 1263 2848 1324 12
2895 1281 3083 1324 canon
3136 1262 3343 1344 synodi
3376 1271 3593 1326 coacta
3621 1263 3683 1324 in

2031 1349 2250 1429 templo
2281 1359 2620 1413 sanctorum
2652 1351 3084 1432 apostolorum,
3133 1351 3502 1413 constituunt
3531 1357 3596 1412 ut
3628 1359 3689 1414 et

2029 1437 2090 1498 in
2113 1438 2386 1500 oratoriis
2397 1440 2671 1502 domibus
2693 1440 3046 1521 baptismata
3063 1441 3207 1502 ﬁant
3230 1459 3364 1501 cum
3387 1440 3686 1521 permissu

2031 1526 2320 1608 episcopi.
2383 1527 2640 1609 Inclytus
2693 1548 2837 1592 sane
2879 1530 3203 1611 imperator
3253 1528 3535 1592 dominus
3565 1529 3685 1591 Leo

2033 1616 2446 1697 philosophus,
2481 1618 2686 1680 videns
2713 1619 3098 1680 orthodoxam
3133 1617 3312 1680 ﬁdem
3343 1618 3686 1681 exuberan-

2035 1713 2156 1766 tem
2187 1713 2255 1766 ut
2285 1705 2483 1787 vitem,
2531 1714 2590 1768 et
2613 1714 2982 1769 crescentem
3023 1716 3087 1769 ut
3107 1707 3391 1769 olivarum
3416 1707 3688 1788 palmites

303 1800 568 1882 ὀρθόδοξον
659 1802 832 1859 πίστιν
933 1801 1316 1877 εύθηνουμένην
1403 1792 1474 1866 ὥς
1531 1801 1793 1882 ἄμπελον,
1865 1797 1950 1859 καῖ

2039 1792 2101 1882 in
2157 1793 2408 1855 circuitu
2470 1813 2690 1857 mensae
2758 1796 3149 1858 ecclesiarum
3211 1798 3363 1877 ejus,
3422 1794 3690 1858 deﬁnivit

307 1893 660 1969 αὐξανομένην
715 1894 790 1956 ὡς
849 1894 1072 1972 νεόφυτα
1142 1891 1354 1966 ἐλαιῶν,
1418 1893 1594 1966 κύκλῳ
1645 1899 1746 1960 τῆς
1817 1916 1948 1972 τρα-

306 1980 471 2052 πέζης
525 1989 631 2038 τῶν
701 1983 897 2049 ταύτης
943 1979 1260 2060 ἐκκλησιῶν,
1319 1978 1593 2059 διωρίσατο
1647 1981 1699 2038 ἐν
1759 1981 1804 2038 δ’
1863 1985 1950 2039 καὶ

307 2069 362 2125 ἐν
423 2059 488 2126 ιε’
557 2077 730 2150 Νεαρᾷ
786 2069 1095 2147 θεσμοθεσία
1150 2059 1310 2128 αὐτοῦ
1363 2071 1440 2144 μὴ
1511 2070 1673 2146 μόνον
1715 2072 1787 2135 εἷς
1857 2073 1949 2134 τὰς

305 2158 586 2225 ἐκκλησίας
628 2158 766 2218 ἀλλὰ
847 2159 941 2216 καὶ
1025 2161 1097 2221 εἰς
1195 2158 1316 2220 τοὺς
1409 2160 1710 2236 εὐκτηρίους
1767 2160 1950 2223 οἴκους

309 2247 650 2314 ἀδιαστίκτως
727 2247 1102 2329 ἱεροτελεστίας
1155 2248 1245 2304 καὶ
1314 2249 1652 2323 βαπτισμάτα
1694 2251 1944 2327 γίνεσθαι,

312 2337 405 2393 Διὸ
445 2338 580 2394 κατὰ
624 2337 719 2405 τὴν
788 2339 986 2394 τούτων
1036 2335 1343 2415 περίληψιν,
1376 2339 1403 2392 6
1435 2337 1568 2411 μετὰ
1624 2337 1948 2414 ἀντιμινσίου

305 2429 666 2507 ἱερουργήσας,
722 2427 757 2495 ἢ
819 2428 1076 2504 βαπτίσας
1147 2427 1219 2488 εἷς
1278 2426 1550 2503 εὐκτήριον
1619 2426 1795 2507 οἶκον,
1871 2427 1946 2502 μὴ

302 2516 578 2596 ἱερωθέντα
633 2514 698 2572 δι’
749 2515 1025 2595 ἐγκαινίων
1095 2511 1356 2588 ἀνοιξίων,
1417 2516 1503 2570 καὶ
1559 2523 1653 2575 τοῦ
1693 2516 1945 2585 συνήθους

303 2604 659 2686 ἐνθρονισμοῦ,
693 2607 780 2662 καὶ
836 2604 1014 2681 μέντοι
1070 2601 1274 2660 καὶδιά
1334 2602 1598 2678 λειψάνων
1661 2606 1824 2682 ἁγίων
1855 2606 1944 2661 ἐν-

302 2696 593 2774 σοριασμοῦ
649 2696 837 2771 (ταῦτα
888 2694 987 2772 γὰρ
1033 2694 1129 2748 εἰσι
1185 2693 1288 2748 τῶν
1332 2690 1625 2750 καθολικῶν
1708 2693 1946 2761 Ἐκκλη-

302 2790 430 2840 σιῶν
460 2783 964 2863 ἀποθησαυρίσματα
1007 2780 1102 2838 καί
1166 2781 1474 2860 ὑψώματα),
1521 2779 1643 2840 ἀλλ’
1675 2784 1748 2847 εἰς
1779 2785 1948 2863 εὐχὴν

304 2872 538 2938 οἷκιακὴν
594 2870 936 2953 ἀφορισθέντα
991 2875 1216 2944 πιστῶν,
1267 2867 1305 2937 ἢ
1349 2871 1422 2934 είς
1478 2871 1706 2928 οἰκίσκον
1756 2870 1948 2928 πλοια-

307 2961 414 3036 ρίου
482 2962 622 3024 τινὸς
675 2957 1124 3036 ἀποταμιευθέντα
1183 2965 1320 3033 Θεῷ,
1395 2961 1483 3015 καὶ
1541 2961 1712 3038 ἁγίαις
1784 2960 1949 3016 είκόσι

305 3050 686 3125 κοσμούμενον,
759 3053 818 3108 οὗ
905 3048 1374 3128 προκριματισθείη
1458 3050 1532 3113 ὡς
1643 3046 1950 3128 παραϐάτης

306 3139 539 3196 κανόνων
594 3139 683 3196 καὶ
752 3136 1056 3218 ἀδιάφορος.
1088 3135 1237 3194 Οὕτω
1272 3137 1373 3216 γὰρ
1426 3138 1514 3193 καὶ
1582 3139 1629 3194 οἱ
1685 3157 1819 3213 μετα
1845 3142 1951 3194 τῶν

305 3227 688 3308 αὖτοκρατόρον
786 3226 1045 3303 ἐπόμενοι
1163 3222 1428 3304 κληρικοὶ,
1525 3227 1598 3290 εἷς

306 3317 535 3396 ἐρήμους
659 3320 948 3395 ἱερουργεῖν
1069 3311 1449 3389 δεδικαίωνται,
1573 3317 1710 3372 κατά
1793 3317 1955 3391 μόνον

303 3409 368 3463 τὸ
437 3408 510 3471 εἰς
604 3404 888 3474 ἐκκλησίαν
959 3403 1236 3486 ἀφορισθέν
1315 3402 1625 3480 βαμϐίκινον
1709 3405 1952 3462 οἷκισκά-

307 3518 441 3576 ριον.
797 3574 804 3576 _
908 3503 912 3510 ’

389 3585 679 3664 Ἐρώτησις
737 3574 824 3648 ιδ’.
895 3582 1207 3648 Ἀκινδύνως
1265 3585 1588 3666 ίερουργήσει
1617 3606 1696 3647 τις
1740 3584 1776 3652 ἢ
1838 3606 1952 3638 συν-

307 3676 506 3742 εύξεται
590 3676 724 3751 μετὰ
781 3675 1077 3753 αίρετικῶν,
1178 3671 1498 3731 Ἰακωϐιτῶν
1590 3671 1794 3739 δηλαδὴ
1866 3675 1952 3728 καὶ

308 3772 692 3845 Νεστοριανῶν,
755 3766 827 3828 εἰς
884 3763 1170 3831 ἐκκλησίαν
1253 3765 1448 3843 αὖτῶν,
1531 3761 1643 3818 εἴτε
1705 3762 1812 3838 μὴν
1867 3763 1953 3817 καὶ

304 3855 565 3934 ἡμετέραν
601 3872 615 3886 ·
643 3853 680 3922 ἢ
708 3859 893 3920 κοινῆς
944 3851 1060 3928 μετ’
1119 3857 1272 3912 αὐτοῦ
1317 3853 1566 3932 μετάσχῃ
1636 3849 1900 3930 τραπέζης
1934 3869 1948 3884 ⁸

1974 1873 2012 1920 Β
2033 1881 2094 1941 in
2127 1883 2165 1944 4
2195 1891 2252 1943 et
2288 1887 2358 1946 15
2413 1883 2672 1959 Novella,
2730 1903 2846 1945 non
2884 1892 3112 1947 tantum
3143 1885 3205 1945 in
3237 1873 3547 1946 catholicis
3578 1902 3684 1944 ec-

2033 1971 2255 2051 clesiis,
2281 1973 2385 2033 sed
2414 1982 2472 2032 et
2504 1973 2563 2034 in
2596 1975 2868 2036 oratoriis
2899 1973 3176 2036 domibus
3206 1973 3551 2035 indistincte
3584 1992 3687 2034 sa-

2033 2077 2136 2121 cra
2198 2061 2549 2138 ministeria,
2607 2072 2664 2123 et
2719 2063 3074 2143 baptismata
3100 2062 3253 2124 ﬁeri.
3286 2061 3685 2134 Quamobrem

2025 2149 2195 2227 juxta
2225 2150 2432 2212 harum
2466 2159 2758 2230 tenorem,
2809 2152 2910 2232 qui
2966 2171 3101 2215 cum
3132 2151 3488 2212 antimensio
3518 2168 3689 2213 sacra

2031 2237 2258 2299 fecerit.
2295 2247 2396 2300 aut
2454 2240 2839 2319 baptisaverit
2883 2239 2946 2302 in
3004 2241 3260 2302 oratoria
3317 2241 3519 2315 domo,
3564 2258 3685 2300 non

2031 2337 2378 2398 consecrata
2409 2348 2516 2409 per
2543 2329 2898 2391 initiatorias
2919 2329 3353 2406 dedicationes,
3377 2336 3438 2391 et
3465 2328 3681 2390 solem-

2031 2433 2168 2477 nem
2205 2418 2408 2478 throni
2440 2418 2976 2497 inaugurationem,
3009 2419 3152 2500 quin
3216 2427 3275 2480 et
3305 2436 3414 2498 per
3443 2425 3682 2478 sancta-

2030 2523 2161 2566 rum
2193 2507 2585 2587 reliquiarum
2646 2509 2938 2570 tumulum
2976 2509 3064 2589 (hi
3114 2509 3274 2570 enim
3305 2517 3441 2569 sunt
3470 2507 3681 2568 catho-

2028 2596 2274 2658 licarum
2294 2596 2695 2660 Ecclesiarum
2723 2599 2986 2661 thesauri
3005 2606 3063 2660 et
3102 2598 3541 2679 exaltationes),
3575 2598 3682 2658 sed

2029 2687 2092 2747 in
2121 2686 2507 2749 domesticam
2545 2688 2873 2750 orationem
2909 2689 3174 2750 ﬁdelium
3197 2695 3598 2768 separata,aut
3619 2687 3683 2747 in

2031 2775 2248 2854 navigii
2278 2776 2529 2855 alicujus
2552 2777 2918 2840 domuncqu
2945 2777 3068 2840 Deo
3100 2777 3417 2848 destinata,
3451 2783 3509 2838 et
3541 2793 3685 2838 san-

2033 2864 2143 2925 ctis
2173 2864 2532 2944 imaginibus
2563 2878 2922 2942 ornata,uon
2967 2867 3223 2947 patietur
3247 2865 3681 2947 praejudicium,

2035 2953 2284 3034 perinde
2315 2972 2384 3014 ac
2407 2955 2458 3014 si
2481 2973 2776 3017 canonum
2800 2963 3205 3037 transgressor
3223 2961 3409 3031 esset,
3435 2955 3688 3016 nullam-

2034 3059 2149 3122 que
2180 3061 2382 3103 eorum
2418 3044 2709 3105 rationem
2742 3044 3175 3108 habuisset.Sic
3193 3043 3352 3106 enim
3373 3052 3431 3105 et
3450 3040 3680 3118 clerici,

2034 3131 2137 3212 qui
2160 3140 2300 3194 sunt
2324 3135 2383 3193 in
2413 3132 2840 3215 imperatorum
2872 3137 3172 3197 comitatu.
3209 3134 3270 3195 in
3321 3131 3549 3214 campis
3578 3151 3680 3193 so-

1706 3224 1952 3292 πεδιάδας
1974 3239 2013 3289 c
2039 3220 2251 3283 litariis
2281 3240 2451 3283 sacra
2471 3221 2588 3285 rite
2608 3223 2807 3284 facere
2836 3229 3177 3299 censentur,
3212 3222 3321 3285 sub
3351 3222 3478 3284 solo
3505 3221 3682 3283 bom-

2037 3308 2269 3390 bycino,
2305 3309 2463 3391 quod
2495 3319 2585 3372 est
2612 3310 2886 3375 ecclesiae
2912 3310 3296 3387 destinatum,
3333 3309 3611 3372 tentorio.

2113 3579 2303 3641 Inter.
2346 3579 2438 3642 t4.
2472 3580 2562 3642 An
2593 3579 2721 3642 sine
2747 3583 3014 3661 periculo
3035 3599 3204 3643 sacra
3223 3581 3313 3644 vel
3346 3588 3476 3642 vota
3507 3578 3687 3642 simul

2038 3666 2216 3728 faciet
2246 3667 2459 3748 aliquis
2488 3687 2622 3730 cum
2656 3670 2975 3741 haereticis,
3011 3670 3295 3733 Jacobitis
3325 3669 3602 3730 videlicet
3630 3680 3691 3729 et

2035 3756 2430 3837 Nestorianis,
2493 3757 2554 3818 in
2587 3776 2797 3819 eorum
2829 3759 3106 3832 ecclesia,
3142 3759 3231 3820 vel
3273 3758 3452 3820 etiam
3482 3757 3546 3818 in
3571 3775 3685 3818 no-

2035 3853 2283 3925 stra,aut
2311 3864 2690 3907 communem
2714 3864 2849 3908 cum
2871 3846 2946 3908 iis
2983 3845 3358 3927 participabit
3387 3863 3684 3922 mensam,

308 3944 346 4012 ἣ
388 3933 600 4014 ποιήσει
683 3940 946 4022 ἀνάδοχον
1001 3945 1062 3998 ἐκ
1113 3951 1206 4000 τοῦ
1264 3943 1413 4020 ἁγίου
1471 3941 1833 4018 βαπτίσματος
1869 3961 1882 3976 ο
1916 3940 1950 4007 ἢ

2038 3942 2136 3994 aut
2160 3933 2422 3995 facietex
2459 3943 2666 3996 sancto
2691 3935 2923 3998 lavacro
2947 3945 3374 4016 susceptorem,
3411 3943 3510 3994 aut
3535 3953 3690 3996 mor-

308 4031 713 4114 κατοιχομένων
794 4033 1007 4102 ποιήσει
1095 4031 1402 4106 μνημοσύνα
1451 4047 1496 4114 Ἀ
1543 4031 1580 4098 ἢ
1665 4027 1950 4105 μεταδώσει

2039 4031 2272 4084 tuorum
2330 4023 2658 4085 celebrabit
2713 4025 3057 4098 memorias,
3111 4033 3210 4086 aut
3247 4023 3530 4102 largietur
3569 4022 3691 4085 illis

307 4130 412 4180 τῶν
466 4111 646 4180 ἠθείων
727 4122 1071 4200 ἀγιασμάτων
1151 4125 1384 4199 αὐτοῖςς
1484 4111 1546 4177 Ἠ
1629 4121 1950 4198 στενοχωρία

2040 4111 2268 4200 divinas
2341 4113 2895 4174 sanctiﬁcationes?
2980 4117 3126 4178 Nam
3213 4114 3326 4175 loci
3388 4112 3692 4200 angustia:

305 4214 406 4292 γὰρ
447 4221 540 4271 τοῦ
592 4211 758 4269 τόπου
811 4209 986 4267 πολλὰ
1041 4216 1257 4266 τοιαῦτα
1314 4222 1485 4271 ποιεῖ.
1548 4210 1645 4268 Καὶ
1701 4214 1846 4279 ζητῶ
1895 4209 1950 4262 τὸ

2040 4199 2228 4292 multa
2282 4200 2626 4280 hujusmodi
2680 4199 2926 4264 faciunt.
2991 4201 3199 4274 Quaero
3260 4199 3402 4281 quid
3462 4188 3688 4262 facien-

304 4301 582 4369 ποιητέον.

2040 4289 2206 4350 dum.

389 4389 515 4452 Ἀπ.
562 4390 652 4458 Μὴ
695 4387 811 4447 δότε
879 4389 946 4446 τὰ
998 4388 1125 4468 ἅγια
1166 4400 1285 4451 τοῖς
1353 4387 1498 4444 κυσὶν
1567 4386 1624 4465 (6
1659 4387 1840 4466 Κύριος
1872 4388 1950 4441 καῖ

2119 4377 2254 4468 ᾆδε.
2290 4375 2375 4438 Ne
2408 4375 2562 4438 detis
2587 4387 2794 4440 sancta
2837 4379 3104 4456 canibus,
3130 4379 3368 4460 (inquit,
3403 4375 3691 4440 Dominus

309 4481 439 4545 Θεὸς
481 4481 636 4555 ἡμῶν
697 4475 964 4558 εἴρηκεν),
1029 4465 1164 4553 μηδ“;
1216 4475 1416 4554 βάλητε
1483 4476 1605 4538 τοὺς
1635 4465 1950 4558 μαργαρίτας

2043 4473 2099 4525 et
2121 4465 2279 4558 Deus
2301 4469 2528 4558 noster)
2552 4485 2662 4528 nec
2687 4468 3015 4547 projiciatis
3028 4473 3376 4548 margaritas
3394 4474 3532 4528 ante
3555 4483 3694 4546 por-

306 4575 414 4626 τῶν
443 4569 644 4650 χοίρων
701 4555 1034 4647 ἐπίπροσθεν,
1095 4567 1192 4624 Διά
1247 4588 1330 4623 τοι
1372 4571 1526 4621 τοῦτο
1577 4565 1665 4620 καὶ
1693 4566 1720 4620 6
1749 4557 1824 4628 ξδ’
1853 4584 1950 4619 κα-

2041 4574 2165 4617 cos.
2198 4555 2324 4628 Qua
2371 4557 2445 4617 de
2497 4575 2676 4618 causa
2708 4564 2766 4618 et
2795 4558 3198 4636 sexagesimus
3227 4565 3470 4637 quartus
3498 4573 3690 4617 canon

310 4660 414 4716 νὼν
442 4664 546 4715 τῶν
588 4657 923 4737 θεοκηρύκων
953 4655 1116 4734 ἁγίων
1171 4653 1480 4711 ἀποστόλων
1537 4653 1717 4734 φησὶν,
1765 4652 1834 4710 Εἴ
1875 4673 1956 4715 τις

308 4747 563 4826 κληρικὸς
619 4747 655 4815 ἢ
699 4745 890 4809 λα’ίκὸς
940 4741 1146 4820 εἰσέλθῃ
1202 4745 1275 4808 εἰς
1319 4743 1638 4821 συναγωγὴν
1698 4740 1956 4800 Ἰουδαίων

309 4835 347 4905 ἢ
406 4839 680 4916 αἱρετικῶν
760 4832 1162 4916 προσεύξασθαι,
1263 4831 1610 4910 καθαιρείσθω
1686 4832 1774 4887 καὶ
1861 4831 1958 4909 ἀφ-

309 4911 578 5006 οριζέσθω,
616 4925 714 4983 Καὶ
742 4925 771 4980 6
800 4911 1092 5006 ly'_mv¢bv
1148 4921 1244 5006 τῆς
1301 4921 1356 4977 ἐν
1411 4917 1686 4992 Λαοδικείᾳ
1716 4917 1952 4992 συνόδου,

309 4999 446 5074 ἀλλὰ
489 5015 596 5090 μὴν
624 5015 712 5070 καὶ
740 5015 769 5070 6
823 4999 906 5086 ’
932 5011 1027 5068 καί
1084 5011 1112 5066 6
1161 4999 1244 5066 λδ⁹
1287 5009 1450 5067 ταῦτά
1517 5032 1647 5089 φησι
1706 5010 1822 5088 περὶ
1865 5017 1955 5064 τοῦ

311 5115 616 5184 συγχωρεῖν
669 5114 787 5165 τοῖς
859 5102 1145 5178 αἱρετικοῖς
1205 5097 1417 5155 εἰσιέναι
1475 5098 1546 5162 είς
1590 5097 1742 5154 οἶκον
1801 5105 1951 5172 Θεου,

309 5171 610 5269 ἐπι-μένουσι
640 5197 708 5268 τῇ
744 5171 960 5270 αἱρέσει,
995 5186 1101 5270 ,δτι
1162 5189 1235 5244 Οὔ
1287 5184 1370 5243 δεῖ
1425 5187 1672 5265 αἱρετικῷ
1730 5185 1765 5254 ἢ
1823 5207 1956 5266 σχι-

311 5267 555 5358 σμαιικῷ
576 5267 954 5360 συνεύχεσθαι,
993 5267 1077 5332 υτι
1123 5278 1182 5334 οὔ
1237 5274 1321 5332 δεῖ
1380 5277 1692 5353 Χριστιανὸν
1722 5274 1957 5353 ἐγκατα-

310 5370 512 5429 λειπειν
568 5371 830 5448 μάρτυρας
915 5375 1164 5446 Χριστοῦ,
1237 5367 1324 5422 καὶ
1379 5365 1588 5421 ἀπιέναι
1653 5367 1785 5444 πρὸς
1840 5367 1958 5431 τοὺς

313 5459 737 5540 ψευδομάρτυρας
772 5475 789 5492 ⁶
833 5455 1099 5513 τουτέστιν
1145 5454 1458 5534 αἶρετικοὺς,
1501 5453 1538 5521 ἢ
1580 5453 1768 5516 αὐτοὺς
1836 5455 1958 5518 τοὺς

311 5548 720 5630 προειρημένους
801 5545 1085 5623 αἱρενικοὺς
1169 5541 1508 5630 γενομέγους.
1609 5545 1762 5599 Οἲτοι
1859 5544 1957 5620 γὰρ

311 5619 576 5717 ἀλλότριοι
619 5641 711 5692 τοῦ
755 5619 885 5692 Θεοί)
926 5619 1300 5712 τυγχάνουσιν.
1375 5619 1662 5688 ’Ἔστωσαν
1704 5631 1794 5686 οὖν
1825 5619 1957 5685 ἀνάὲ-

314 5729 456 5803 θεμαή
478 5729 527 5784 οἱ
581 5723 940 5804 ἀπερχόμενοι
982 5724 1114 5802 πρὸς
1166 5721 1375 5785 αὐτοὺς,
1441 5719 1538 5778 Διά
1565 5741 1645 5777 τοι
1677 5726 1834 5777 τοῦτο
1876 5721 1960 5775 καὶ

2040 4645 2150 4706 Dei
2181 4663 2520 4724 przeconum
2543 4653 2881 4707 sanctorum
2904 4647 3306 4727 apostolorum
3332 4645 3453 4707 ait:
3478 4643 3540 4708 Si
3557 4643 3692 4724 quis

2039 4733 2320 4814 clericus,
2357 4743 2454 4795 aut
2476 4734 2684 4808 laicus,
2707 4735 2916 4795 orandi
2966 4753 3143 4798 causa
3172 4736 3481 4816 ingressus
3509 4731 3690 4794 fuerit

2039 4822 2099 4882 in
2124 4842 2474 4904 synagogam
2502 4824 2864 4904 Judaaorum,
2897 4825 2990 4885 vel
3020 4825 3464 4905 haereticorum,
3495 4824 3686 4904 depo-

2039 4921 2213 4974 natur
2243 4923 2301 4975 et
2349 4911 2921 4977 excommunicetur.
2984 4913 3055 4975 Et
3107 4914 3446 4994 trigesimus
3477 4913 3687 4976 tertius

2039 5021 2227 5064 cauon
2279 5003 2635 5065 Laodicenaa
2681 5003 3089 5082 synodi,~item
3121 5014 3322 5066 sextus
3355 5015 3414 5065 et
3442 5001 3685 5081 trigesi-

2041 5110 2172 5155 mus
2208 5092 2609 5174 quartus,haec
2645 5091 2730 5151 ait
2775 5091 2850 5152 de
2874 5093 3045 5154 venia
3075 5093 3270 5155 danda
3298 5093 3596 5156 haereticis
3623 5091 3687 5153 in

2040 5200 2148 5242 sua
2179 5182 2392 5242 haeresi
2423 5178 2825 5261 perstantibus
2847 5180 3221 5260 ingrediendi
3251 5183 3494 5244 domum
3526 5180 3634 5244 Dei
3667 5199 3682 5242 :

2041 5274 2198 5352 quod
2224 5287 2342 5335 non
2379 5277 2612 5350 oportet
2643 5287 2762 5330 una
2792 5289 2927 5331 cum
2959 5271 3240 5335 haeretica
3270 5273 3360 5334 vel
3393 5271 3691 5335 schisma-

2042 5362 2158 5421 tico
2186 5377 2360 5421 orare
2395 5378 2407 5418 :
2443 5359 2611 5432 Quod
2644 5377 2762 5420 non
2795 5367 3035 5438 Oportet
3065 5361 3253 5424 ullum
3285 5361 3690 5425 Christianum

2041 5447 2264 5511 Christi
2287 5455 2579 5527 martyras
2618 5447 3050 5528 relinquere,et
3073 5449 3146 5512 ad
3166 5450 3344 5513 falsos
3376 5458 3687 5532 martyras,

2042 5538 2154 5598 hoc
2175 5543 2266 5597 est
2286 5536 2624 5612 haereticos,
2651 5535 2840 5613 abire,
2876 5537 2964 5599 vel
3017 5557 3140 5616 eos,
3176 5538 3276 5620 qui
3305 5539 3472 5620 prius
3491 5539 3688 5601 haere-

2042 5623 2144 5686 tici
2176 5625 2364 5689 fuere.
2397 5624 2471 5686 Hi
2522 5623 2682 5686 enim
2712 5632 2850 5686 sunt
2892 5645 2926 5687 a
2981 5626 3104 5691 Deo
3134 5628 3338 5692 alieni.
3367 5625 3501 5691 Sint
3547 5645 3688 5707 ergo

2043 5715 2382 5792 anathema,
2417 5713 2518 5796 qui
2540 5711 2612 5778 ad
2635 5731 2739 5778 eos
2777 5713 3021 5778 abeunt.
3056 5716 3201 5784 Eam
3231 5716 3306 5782 ob
3333 5734 3462 5780 rem
3494 5723 3555 5780 et
3581 5733 3690 5779 nos
