4128 6420
443 382 597 446 1047

1806 384 1838 446 Ι
1843 382 1938 447 US
1977 381 2449 446 CANONICUM.

3691 385 3839 452 1048

425 532 903 587 censemus,non
920 514 1528 577 excommunicationi
1551 521 1781 575 tantum
1809 521 1869 574 et
1895 513 2086 594 depo-

2192 528 2334 590 λμεϊς
2395 518 2730 596 ψηφιζόμεθα
2787 520 2864 593 μὴ
2925 519 3086 594 μόνον
3145 519 3434 600 ἀφορισμῶ
3510 521 3602 578 καὶ
3660 524 3845 580 καθαι-

429 603 636 667 sitioni
665 603 1074 684 subjiciendos
1133 603 1316 665 laicos
1375 612 1433 664 et
1471 603 1724 664 clericos
1756 612 1888 664 vota
1916 603 2093 664 simul

437 693 726 756 facientes
756 693 818 754 in
850 692 1312 754 orthodoxorum
1337 692 1429 754 vel
1455 692 1872 754 haereticorum
1905 692 2097 754 eccle-

437 781 548 854 sia,
595 790 695 843 aut
723 780 1065 862 ubicunque
1098 788 1236 842 vota
1291 800 1426 842 cum
1485 780 1572 841 eis
1602 780 1779 841 simul
1813 780 2098 842 facientes

443 871 760 946 solemnia,
792 879 849 932 et
902 870 1261 933 sacerdotali
1318 887 1507 942 more,
1558 877 1658 929 aut
1689 869 1865 930 etiam
1896 868 2095 929 cibum

438 961 618 1023 simul
648 967 978 1037 sumentes,
1011 977 1218 1020 verum
1252 968 1312 1020 et
1341 957 1576 1037 gravius
1623 957 1913 1034 coerceri,
1933 959 2100 1037 juxta

438 1049 776 1114 divinorum
807 1067 1101 1110 canonum
1136 1047 1554 1128 praedictorum
1584 1055 1878 1108 tenorem.
1913 1049 2098 1108 Loco-

432 1155 570 1200 rum
594 1137 754 1200 enim
779 1137 1062 1215 angustiae
1080 1146 1138 1198 et
1160 1137 1577 1198 haereticorum
1616 1134 1957 1210 multitudo,
1992 1151 2096 1196 ora

435 1226 712 1288 tbodoxaa
741 1225 882 1287 ﬁdei
913 1244 1033 1287 non
1067 1233 1296 1286 mutant
1325 1223 1755 1302 integritatem.

515 1315 708 1378 Inter.
737 1315 837 1376 15.
883 1314 1116 1395 Captivi
1149 1312 1350 1376 Latini
1405 1320 1462 1373 et
1491 1311 1590 1372 alii
1621 1310 1692 1372 ad
1725 1320 1960 1372 nostras
1991 1329 2094 1374 ac-

443 1403 666 1466 cedunt
703 1402 1028 1466 catholicas
1059 1401 1434 1478 ecclesias,et
1489 1399 1806 1480 participes
1833 1400 1965 1462 ﬁeri
1995 1420 2099 1480 po-

2177 605 2314 682 ρέσει
2361 605 2847 663 καθυποϐάλλεσται
2917 608 3036 672 τοὺς
3095 607 3316 672 λα’ίκοὺς
3393 631 3455 664 τε
3504 611 3596 666 καὶ
3653 609 3844 690 κληρι-

2177 695 2324 765 κοὺς,
2387 696 2770 775 συνεχομένους
2841 697 2896 753 ἐν
2967 695 3224 771 ἐκκλησίᾳ
3264 695 3564 778 ὀρθοδόξων
3625 699 3661 767 ἢ
3704 702 3844 779 αἱρε-

2177 790 2362 858 τικῶν,
2433 784 2469 852 ἢ
2529 783 2859 856 ὁπουδήποτε
2915 787 3337 867 συνευχομένους
3402 790 3594 852 αὐτοῖς
3651 792 3845 869 ἱερατι-

2177 878 2308 952 κώς,
2369 874 2404 942 ἢ
2463 875 2568 949 μὴν
2613 877 2700 932 καὶ
2755 877 3112 942 συνεσθίοντας
3157 881 3173 908 ⁴
3234 876 3380 934 ἀλλὰ
3425 880 3520 935 καὶ
3593 881 3845 954 μειζόνως

2178 960 2510 1036 κολάζεσθαι,
2585 965 2722 1020 κατὰ
2776 963 2874 1032 την
2929 970 3034 1021 τῶν
3075 966 3337 1043 ῥηθέντων
3397 967 3560 1024 θείων
3609 969 3845 1025 κανόνων

2179 1048 2486 1128 περίληψιν.
2523 1047 2586 1106 Ἢ
2631 1053 2731 1130 γὰρ
2776 1052 3102 1132 στενοχωρία
3132 1059 3236 1108 τῶν
3290 1051 3479 1111 τόπων
3539 1055 3634 1110 καὶ
3689 1058 3718 1111 ὁ
3747 1061 3847 1111 τῶν

2178 1139 2450 1216 αἱρετικῶν
2493 1138 2800 1216 πληθυσμὸς
2830 1141 2925 1208 τῆς
2990 1138 3258 1220 ὀρθοδόξου
3328 1143 3574 1207 πίστεως
3619 1147 3682 1202 οὗ
3711 1165 3846 1220 μετ-

2177 1227 2376 1302 ήμειψε
2420 1233 2518 1295 τὴν
2555 1229 2932 1308 ἆκεραιότητα.

2258 1315 2549 1395 Ἐρώτησις
2639 1308 2726 1376 ιε’.
2803 1318 3150 1398 Αἱχμάλωτοι
3231 1327 3459 1378 Λατῖνοι
3549 1323 3641 1379 καὶ
3738 1321 3849 1379 ἕτε-

2178 1426 2256 1481 ροι
2314 1407 2744 1485 παρουζιάζουσιν
2828 1409 2901 1472 είς
3003 1409 3098 1472 τὰς
3199 1408 3494 1475 καθολικὰς
3559 1409 3846 1478 ἐκκλησίας

444 1491 668 1554 stulant
706 1491 1038 1553 divinarum
1087 1487 1620 1552 sanctiﬁcationum
1657 1506 1670 1550 :
1706 1487 1861 1551 scire
1889 1489 2093 1566 velim,

2192 1495 2351 1570 ὴμῶν,
2426 1496 2514 1550 καὶ
2589 1502 2806 1566 ζητοῦσι
2860 1494 3183 1571 μεταλαϐεῖν
3212 1499 3302 1556 τὸν
3346 1500 3509 1557 θείων
3571 1501 3846 1580 ἃγιασμά-

441 1598 518 1643 an
549 1583 664 1644 hoc
691 1580 781 1644 eis
813 1579 1267 1643 concedendum
1302 1579 1399 1641 sit.

522 1759 662 1823 Res.
699 1759 806 1848 Qui
833 1777 952 1821 non
971 1768 1066 1848 est
1083 1776 1341 1835 mecum,
1363 1765 1570 1848 contra
1595 1763 1822 1848 meost,
1851 1756 2087 1837 (inquit,
2115 1799 2154 1848 Β

442 1849 706 1912 divinum
737 1847 1144 1929 Evangelium)
1175 1855 1232 1908 et
1281 1847 1383 1928 qui
1409 1866 1529 1908 non
1581 1846 1805 1926 colligit
1835 1865 2088 1922 mecum,

439 1937 1050 2018 dispergit.Quoniam
1088 1937 1275 2016 igitur
1304 1943 1445 1999 ante
1477 1954 1664 1998 annos
1698 1935 2095 2009 multos,occi-

443 2027 700 2090 dentalis
755 2025 1042 2089 Ecclesiae
1075 2028 1325 2107 (Romae,
1360 2026 1630 2106 inquam)
1659 2023 1918 2086 celebris
1949 2043 2097 2086 con-

436 2123 648 2179 ventus
682 2115 908 2178 divisus
936 2123 1024 2177 est
1053 2115 1125 2177 ab
1190 2116 1442 2177 aliorum
1470 2123 1726 2196 quatuor
1756 2122 2095 2176 sanctorum

439 2206 909 2288 patriarcharum
936 2204 1191 2286 spiritali
1221 2205 1677 2279 communione,
1713 2210 1772 2264 et
1800 2203 1871 2264 ad
1905 2222 2100 2265 mores

439 2297 835 2374 institutaque
892 2294 1163 2370 divertit,
1198 2313 1232 2355 a
1263 2293 1558 2355 catholica
1612 2292 1907 2374 Ecclesiaa
1943 2301 2001 2354 et
2029 2293 2102 2354 ab

445 2342 714 2358 ....,........
763 2342 835 2356 ..ν
893 2342 1163 2370 ....-....,
1198 2342 1232 2355 ..
1265 2342 1558 2355 πωπω..
1612 2342 1885 2356 “cum..-
1945 2342 2100 2354 νη.-

445 2342 792 2448 orthodoxiis
808 2383 1002 2444 aliena
1029 2402 1042 2442 :
1074 2401 1249 2464 quam
1272 2381 1346 2443 ob
1371 2401 1606 2444 causam
1646 2400 1839 2461 neque
1857 2342 2015 2462 δορα
2042 2381 2103 2442 in

445 2473 662 2537 divinis
677 2471 1213 2536 sacriﬁcationibus
1247 2483 1272 2524 Υ
1295 2471 1600 2533 communi
1623 2469 2101 2550 patriarchalium

441 2565 754 2626 nominum
806 2561 1102 2625 relatione
1154 2559 1369 2640 dignus
1420 2558 1720 2620 habetur:
1757 2579 1874 2620 non
1929 2558 2107 2620 debet

441 2650 776 2715 Latinicum
827 2669 1014 2730 genus
1068 2667 1248 2711 manu
1301 2649 1657 2711 sacerdotali
1680 2666 1788 2728 per
1816 2648 2016 2708 divina
2045 2656 2104 2708 et

443 2740 826 2802 immaculata
883 2739 1166 2820 mysteria
1222 2735 1606 2817 sanctiﬁcari,
1688 2736 1803 2797 nisi
1846 2736 2102 2816 deponat

448 2831 639 2911 prius,
673 2848 739 2891 se
763 2848 798 2891 a
826 2829 1111 2893 Latinicis
1142 2827 1426 2890 institutis
1457 2835 1515 2888 et
1569 2825 2101 2888 consuetudinibus

443 2919 880 2992 abstenturum,
912 2927 971 2980 et
1005 2918 1333 2982 secundum
1353 2933 1612 2978 canones
1632 2915 1954 2977 instructus
1975 2915 2099 2978 fue-

443 3008 544 3086 rit,
578 3017 638 3073 et
665 3009 1014 3071 orthodoxis
1042 3007 1410 3090 adaequatus.

526 3186 734 3252 Inter.
753 3186 848 3251 16.
864 3185 1209 3248 Divinarum
1226 3182 1757 3248 sanctiﬁcationum
1778 3183 2099 3264 assumptio

449 3275 762 3339 arbitraria
794 3284 883 3338 est
914 3275 1222 3336 monachis
1253 3271 1798 3345 omnibus,clericis
1829 3279 1888 3334 et
1908 3271 2097 3348 laicis,

447 3365 552 3446 qui
583 3384 704 3426 non
732 3373 870 3426 sunt
899 3363 1187 3445 prohibiti
1225 3384 1237 3423 :
1289 3370 1358 3425 ut
1384 3359 1647 3442 quotidie
1677 3359 1802 3421 fere
1836 3378 1943 3440 per
1971 3378 2100 3422 eam

447 3455 814 3518 sanctiﬁcari
858 3455 1108 3534 possint.
1143 3454 1232 3516 An
1257 3461 1321 3515 ut
1350 3453 1460 3514 sub
1491 3449 1758 3532 pondere
1788 3450 2040 3512 libratur
2084 3463 2105 3493 ι

446 3563 666 3606 munus
684 3543 714 3604 Ἰ
734 3542 851 3606 Sed
877 3550 936 3606 et
957 3543 1018 3605 in
1040 3542 1248 3624 iis,qui
1297 3541 1371 3603 ad
1404 3539 1923 3619 congregationem
1955 3559 2104 3602 con-

445 3633 716 3709 veniunt,
760 3631 1184 3696 necessitatem
1216 3629 1395 3693 habet
1437 3629 1578 3692 boni
1606 3627 1996 3710 participatio,
2030 3649 2106 3692 an

445 3722 764 3786 arbitraria
795 3730 908 3798 est,
943 3729 1002 3786 et
1026 3728 1355 3804 spontanea
1374 3722 1404 3782 ?

524 3901 662 3966 Res.
690 3899 1206 3976 Quemadmodum
1240 3899 1371 3977 lege
1393 3904 1674 3960 statutum
1706 3905 1794 3959 est
1823 3907 1876 3971 ε,
1911 3895 2106 3975 dignis

448 3991 581 4055 dari
629 3991 968 4070 dignitates,
1029 3989 1116 4051 sic
1143 3989 1394 4070 ’sancta,
1453 3986 1695 4048 sanctis.
1755 3985 2106 4066 Quicunque

451 4079 634 4161 igitur
667 4098 772 4162 per
798 4081 936 4143 vitae
959 4075 1545 4158 integritatem,viam
1578 4075 1694 4136 sibi
1722 4075 1798 4137 ad
1847 4075 2104 4136 divinam

449 4169 964 4252 participationem
995 4167 1470 4248 complanarunt,
1513 4165 1645 4227 sine
1675 4164 2105 4245 impedimento

452 4258 867 4332 admittentur,
897 4257 1102 4338 Neque
1132 4255 1293 4318 enim
1320 4255 1382 4316 hi
1420 4254 1664 4315 omnino
1697 4273 1850 4334 eam,
1886 4261 1952 4316 ut
1977 4272 2106 4315 rem

453 4345 781 4429 quamlibei
837 4345 1035 4422 aliam,
1091 4343 1534 4425 aggredientur,
1595 4342 1644 4404 si
1686 4343 1887 4422 gratiae
1916 4341 2109 4404 altitu-

453 4435 658 4498 dinem
737 4434 1142 4512 considerent,
1201 4442 1260 4496 et
1319 4431 1677 4495 sacramenti
1743 4431 2104 4512 magnitudi-

455 4542 597 4587 nem
609 4570 622 4585 .

536 4614 676 4694 Cogi
690 4621 889 4676 autem
903 4630 1260 4694 quemquam
1275 4610 1502 4674 divinas
1511 4608 2108 4672 sanctiﬁcationes'as—

450 4721 714 4780 sumere,
749 4721 872 4765 non
899 4701 1142 4785 placuit.
1175 4701 1247 4763 Et
1277 4699 1328 4762 si
1381 4700 1537 4762 enim
1571 4697 1750 4780 aliqui
1781 4699 2106 4779 apostolico

447 4797 709 4855 9canon
765 4792 883 4870 usi,
947 4790 1058 4873 (sic
1111 4789 1445 4871 inquiente,
1496 4786 1848 4869 Quicunque
1897 4789 2105 4852 ﬁdeles

450 4882 873 4962 ingrediuntur
902 4888 961 4943 et
991 4878 1332 4961 Scripturas
1360 4877 1631 4952 audiunt,
1667 4877 1727 4937 in
1760 4879 2104 4958 precatione

453 4980 653 5033 autem
685 4980 746 5035 et
774 4989 943 5034 sacra
991 4967 1415 5032 communione
1468 4983 1588 5028 non
1633 4976 2006 5046 permanent,
2040 4977 2105 5030 ut

449 5059 737 5123 Ecclesiae
765 5059 1180 5123 confusionem
1212 5058 1552 5130 afferentes,
1589 5057 1888 5136 segregari
1920 5075 2102 5137 opor-

449 5149 554 5228 tet)
581 5149 765 5212 velint
786 5166 915 5226 eos,
951 5148 1054 5230 qui
1077 5147 1140 5209 in
1171 5146 1486 5209 ecclesiam
1511 5145 1891 5223 conveniunt,
1927 5146 2102 5208 etiam

448 5236 666 5300 invitos
704 5238 838 5317 cogi
898 5235 1131 5300 divinas
1179 5254 1419 5298 sumere
1450 5234 1946 5298 sanctiﬁcationes
1997 5254 2108 5297 nos

455 5333 653 5390 tamen
701 5345 995 5390 canouem
1027 5344 1146 5388 non
1176 5325 1263 5388 sic
1293 5325 1784 5405 interpretamur.
1821 5326 1896 5387 Et
1949 5325 2106 5387 enim

458 5413 670 5479 ﬁdeles
695 5413 936 5498 quidem
965 5412 1041 5477 ad
1081 5413 1264 5477 ﬁnem
1293 5429 1480 5494 usque
1510 5409 1693 5474 divini
1722 5412 2021 5493 sacriﬁcii,
2052 5421 2110 5475 et

2174 1603 2303 1645 των.
2377 1584 2434 1640 Εἰ
2507 1591 2631 1662 γοῦν
2690 1584 3028 1665 ἐκχωρητέον

3133 1589 3286 1644 τοῦτό
3388 1589 3537 1666 ἐστι,
3573 1596 3851 1666 ζητοῦμεν

2177 1675 2388 1747 μαθεῖν.

2255 1760 2382 1824 Ἀπ.
2422 1753 2478 1819 Ὀ
2548 1764 2626 1838 μη
2683 1765 2756 1822 ὢν
2801 1764 2916 1841 μετ’
2973 1768 3123 1842 ἐμοῦ,
3183 1767 3303 1824 κατ’
3374 1769 3513 1843 ἐμοῦ
3570 1768 3685 1825 ἐστι
3766 1767 3848 1847 (τὸ

2179 1851 2326 1906 θετον
2355 1849 2548 1930 ἔφησεν
2593 1853 2938 1934 Εὐαγγέλιον)
2978 1873 2990 1888 ⁸
3067 1857 3154 1912 καὶ
3213 1859 3240 1912 ὁ
3285 1858 3362 1934 μὴ
3411 1859 3675 1938 συνάχων
3733 1855 3846 1933 μετ’

2178 1939 2333 2018 ἐμοῦ,
2380 1925 2669 2018 σκορπίζει.
2714 1925 2877 2000 *Ἐπεὶ
2918 1925 3016 2002 ὀὖν
3074 1947 3176 2024 πρὸ
3222 1925 3437 2025 χρόνων
3484 1925 3710 2004 πολλῶν
3733 1925 3847 2002 απ-

2180 2028 2403 2107 εσχίσθη
2433 2031 2529 2098 τῆς
2560 2029 2773 2099 δυτικῆς
2834 2031 3151 2100 Ἐκκλησίας
3206 2036 3333 2112 (τῆς
3397 2035 3626 2112 Ῥώμης
3658 2037 3847 2116 φαμὲν)

2179 2119 2240 2173 τὸ
2293 2119 2620 2198 περιώνυμον
2677 2120 2924 2200 ἕθροισμα
2967 2123 3026 2178 ἐκ
3078 2129 3178 2191 τῆς
3236 2131 3342 2181 τῶν
3404 2124 3608 2204 ἐτέρων
3655 2125 3847 2181 τεσσά-

2181 2227 2284 2284 ρων
2368 2207 2530 2285 ἁγίων
2633 2217 2977 2290 πατριαρχῶν
3072 2217 3438 2288 πνευματικῆς
3546 2213 3843 2287 κοινωνίας,

2185 2295 2272 2350 καὶ
2327 2294 2710 2376 ἀπεσχοινίσθη
2769 2301 2898 2379 πρὸς
2953 2299 3045 2367 ἔθη
3102 2303 3190 2356 καὶ
3247 2299 3498 2378 δόγματα
3557 2302 3658 2370 τῆς
3719 2306 3850 2360 καθ-

2186 2382 2370 2452 ολικῆς
2417 2381 2735 2453 Ἐκκλησίας
2779 2389 2866 2444 καὶ
2912 2395 3016 2446 τῶν
3073 2388 3354 2468 ὀρθοδόξων
3429 2389 3717 2470 ἀλλότρια.
3756 2392 3852 2446 Διά

2187 2473 2285 2552 γὰρ
2375 2476 2528 2530 τοῦτο
2611 2476 2726 2531 οὔτε
2783 2476 2837 2533 ἐν
2921 2493 3040 2542 ταῖς
3149 2480 3307 2544 θείαις
3408 2479 3842 2558 ἱεροτελεστίαις,

2189 2567 2371 2628 κοινῆς
2480 2567 2584 2620 τῶν
2690 2574 3090 2646 πατριαρχικῶν
3172 2568 3452 2642 ὀνομάτων
3582 2570 3846 2648 ἀναφορᾶς

2188 2653 2216 2706 ὁ
2284 2652 2465 2715 πάπας
2524 2654 2762 2723 ἠξίωται,
2837 2658 2929 2712 οὐκ
2969 2655 3159 2736 ὀφείλει
3226 2656 3379 2735 γέτος
3446 2660 3738 2714 Λατινικὸν
3789 2658 3846 2713 ἐκ

2184 2741 2366 2818 χειρὸς
2407 2743 2672 2821 ἱερατικῆς
2703 2741 2786 2800 διὰ
2853 2748 2958 2801 τῶν
3034 2746 3184 2804 θείων
3239 2747 3326 2802 καὶ
3400 2746 3696 2827 ἆχράντων
3740 2770 3836 2822 μυο

2184 2829 2412 2906 στηρίων
2492 2831 2795 2910 ἀγιάζεσθαι
2828 2849 2843 2864 ⁶
2928 2835 2970 2890 εἰ
3065 2836 3142 2910 μὴ
3214 2835 3534 2910 ζκατάθηται
3592 2837 3846 2915 πρότερον

2184 2915 2475 2997 ἀπέχεσθαι
2505 2927 2609 2977 τῶν
2641 2927 2932 2980 Λατινικῶν
2987 2921 3262 3002 δογμάτων
3319 2945 3376 2980 τε
3431 2927 3524 2981 καὶ
3557 2929 3847 2991 ωνηθειῶν

2183 3006 2271 3060 καὶ
2325 3009 2461 3064 κατὰ
2529 3010 2752 3073 κανόνας
2807 3017 3120 3092 κατηχηθῇ²
3205 3014 3293 3069 καὶ
3361 3027 3482 3079 τοῖς
3535 3011 3848 3093 ὀρθοδόξοισ

2182 3094 2426 3176 ἐξισωθῇ,

2262 3187 2556 3268 Ἐρώτησις
2607 3190 2686 3264 ις’
2697 3179 2727 3248 ὀ
2786 3181 2849 3248 Ἠ
2905 3197 3010 3248 τῶν
3071 3193 3222 3250 θείων
3293 3194 3650 3272 ἁγιασμάτων
3680 3195 3845 3270 μετά-

2183 3276 2349 3352 ληψις
2407 3278 2704 3358 αὖθαίρετός
2763 3279 2873 3337 ἐστι
2929 3288 3057 3338 πᾶσι
3131 3296 3248 3346 τοῖς
3310 3284 3389 3358 μὴ
3449 3283 3846 3356 κεκωλδμένοις

2185 3380 2454 3446 μοναχοτς
2500 3367 2779 3446 κληρικοϊς
2834 3391 2891 3424 τε
2948 3371 3037 3426 καί
3078 3369 3294 3436 λατκοῖς
3341 3389 3357 3405 ⁸
3389 3372 3533 3430 ὥστε
3603 3372 3843 3429 δύνασθαι

2187 3455 2399 3519 τούτους
2451 3457 2567 3512 καθ’
2625 3457 2857 3524 κέάστην
2901 3457 3094 3539 σχεδὸν
3130 3456 3195 3514 δι’
3247 3459 3416 3526 αὐτῆς
3477 3462 3790 3539 ἁγιάζεσται
3825 3476 3840 3494 ’

2187 3542 2224 3611 ἢ
2268 3545 2340 3608 ὡς
2371 3545 2470 3600 ὑπὸ
2500 3545 2737 3621 στάθμης
2793 3554 3190 3624 ζυγοστατετται
3257 3549 3317 3605 τὸ
3373 3546 3647 3630 δώρημας
3686 3545 3844 3605 Ἀλλὰ

2187 3634 2275 3688 καὶ
2330 3647 2447 3697 τοῖς
2506 3635 2706 3692 τούτων
2769 3635 3202 3708 ἐκκλησιάζουσιν
3293 3636 3662 3716 ἀναγκαστικύ
3732 3636 3841 3692 ἐστι

2187 3728 2281 3778 τοῦ
2310 3722 2510 3800 ἆγαθου
2551 3725 2586 3792 ἡ
2641 3725 2942 3802 μετάληψις
3007 3726 3042 3794 ἢ
3115 3725 3427 3806 προαιρετέα
3482 3729 3574 3786 καὶ
3618 3725 3840 3786 αὐτοκέ-

2189 3809 2406 3874 λευστος
2432 3833 2448 3893 ς

2268 3903 2396 3966 Ἀττ.
2434 3898 2525 3972 Ὠς
2553 3908 2851 3984 νενόμισται
2924 3906 3148 3965 δίδοσται
3204 3921 3322 3975 τοῖς
3377 3909 3541 3976 ἀξίοις
3601 3910 3666 3966 τὰ
3695 3907 3844 3975 ἀξιώ-

2188 4015 2352 4073 ματα,
2399 3993 2537 4050 οὕτω
2563 3997 2798 4061 καὶτοῖς
2862 3997 3030 4075 ἁγίοις
3074 3998 3140 4053 τὰ
3193 3997 3342 4076 ἅγια,
3407 3988 3575 4058 υΟσοι
3606 4004 3734 4077 γοῦν
3763 3995 3844 4052 διὰ

2185 4085 2517 4161 καθαρότητα
2588 4085 2702 4162 βίου
2748 4090 2848 4153 τῆς
2903 4087 3040 4151 θείας
3119 4085 3476 4162 μεταλήψεως
3538 4089 3642 4155 τὴν
3728 4083 3842 4141 ὁδὸν

2193 4174 2371 4236 αὐτοῖς
2455 4172 2805 4250 ἐξωμάλισαν,
2912 4174 3385 4253 ἂπαρεμποδίστως
3490 4175 3839 4256 δεχήσονται.

2194 4261 2410 4325 Πάντως
2455 4264 2554 4341 γὰρ
2610 4261 2724 4319 οὐδὲ
2781 4264 2923 4320 αὐτοὶ
2992 4265 3185 4331 ταύτης
3255 4267 3328 4328 ὡς
3386 4267 3614 4347 τυχαίας
3667 4283 3836 4320 κατα-

2190 4347 2541 4431 τολμήσουσι²
2601 4359 2974 4416 κατανοοῦντες
3028 4354 3090 4408 τὸ
3144 4353 3277 4428 ὕψος
3334 4359 3431 4422 τῆς
3477 4356 3722 4436 χάριτος²
3755 4349 3838 4406 καὶ

2191 4445 2284 4494 τοῦ
2315 4441 2598 4516 μυστηρίου
2624 4442 2686 4496 τὸ
2730 4441 2969 4520 μέγεθος,

2272 4615 2700 4696 Ἀναγκαστικῶς
2756 4618 2810 4676 δέ
2863 4641 3008 4683 τινας
3065 4625 3171 4676 τῶν
3219 4623 3370 4676 θειων
3416 4618 3840 4697 μεταλαμϐάνειν

2187 4706 2527 4788 ἁγιασμᾴτων
2558 4707 2616 4763 οῦ
2657 4706 2916 4766 δέδοκται.
2973 4707 3078 4766 Κᾶν
3121 4711 3220 4788 γὰρ
3290 4731 3426 4773 τινες
3481 4719 3558 4786 τῷ
3614 4711 3840 4766 ἆποστο·

2187 4793 2321 4870 λικῴ
2361 4787 2412 4852 θ’
2437 4797 2615 4853 κανόνι
2647 4797 3001 4876 χρησαμένοι,
3038 4797 3138 4878 (τῷ
3181 4787 3318 4854 οὕτω
3348 4797 3558 4878 λέγοντι
3595 4819 3609 4832 ⁶
3635 4798 3836 4856 Πάντας

2185 4885 2306 4950 τοὺς
2354 4886 2610 4951 εἰσιόντας
2654 4888 2872 4950 πιστοὺς
2917 4889 3005 4943 καὶ
3033 4889 3137 4944 τῶν
3182 4893 3403 4969 Γραφῶν
3447 4886 3835 4970 ἀκροωμένους,

2187 4977 2264 5052 μὴ
2293 4973 2693 5053 παραμένοντας
2752 4973 2805 5030 δὲ
2874 4983 2942 5053 τῇ
2997 4983 3274 5056 προσευχῇ
3325 4979 3412 5033 καὶ
3463 4985 3531 5056 τῇ
3588 4976 3708 5053 ἁγίᾳ
3736 4991 3835 5047 με·-

2185 5065 2438 5140 ταλήψει,
2499 5065 2572 5128 ὠς
2631 5061 2840 5130 ἀταξίαν
2939 5065 3288 5141 ἐμποιοῦντας
3397 5072 3465 5142 τῇ
3550 5060 3836 5129 Ἐκκλησία

2191 5155 2517 5235 ἀφορίζεσθαι
2572 5153 2701 5229 δεῖ),
2771 5151 2977 5210 θέλουσι
3049 5153 3103 5210 δὲ
3186 5155 3306 5220 τοὺς
3394 5147 3832 5223 ἐκκλησιάζδντας

2189 5251 2293 5301 τῶν
2353 5243 2503 5299 θείων
2563 5240 2985 5318 μεταλαμϐάνειν
3040 5244 3382 5322 ἁγιασμάτων
3437 5245 3524 5300 καὶ
3562 5239 3781 5302 ἄκοντας
3816 5251 3828 5264 ⁸

2190 5323 2309 5380 ἀλλ’
2397 5325 2532 5398 ἡμῖν
2591 5321 2728 5379 οὕτω
2783 5324 2848 5378 τὰ
2889 5330 2981 5380 τοῦ
3015 5321 3233 5389 κανόνος
3278 5329 3372 5383 οῦκ
3429 5321 3826 5399 ἐκλαμϐάνεται.

2192 5411 2590 5484 Ἐκκλησιάζειν
2649 5413 2745 5487 μὲν
2799 5412 2898 5492 γὰρ
2948 5414 3068 5478 τοὺς
3168 5415 3382 5477 πιστοὺς
3440 5413 3601 5495 μέχρι
3656 5407 3830 5466 τέλους

1779 5571 2029 5636 VARLE
2070 5569 2508 5638 LECTIONES.

517 5721 544 5768 ι
571 5715 645 5775 in
665 5712 860 5776 sacris
884 5709 1283 5774 caerimoniis.
1369 5708 1590 5795 metu:
1619 5709 1702 5772 ad
1730 5707 1966 5773 lancem
1995 5707 2395 5790 panderetur.
2482 5717 2508 5750 ³
2548 5722 2724 5771 more
2753 5711 3056 5790 receptum
3078 5712 3184 5785 est,
