4128 6428
330 407 488 474 1049

1645 400 2354 472 θΒιΕΟΟ-ΗΟΜΑΝΠΜ.

3546 406 3701 472 1050

321 549 422 612 τῆς
479 541 618 606 θείας
702 539 1105 620 ἱεροτελεστίας,
1183 545 1274 600 καὶ
1340 550 1438 612 τῆς
1509 543 1809 610 τελευταίας
1878 549 1962 599 τοῦ

2054 539 2277 602 ultimae
2291 539 2684 603 sacriﬁcantis
2706 542 3065 622 precationis
3083 543 3701 626 renumerationisque

319 636 706 714 ἱερουργοῦντος
780 633 970 712 εῦχῆς,
1041 633 1129 689 καὶ
1185 643 1275 693 τοῦ
1334 632 1617 715 ἀντιδώρου
1657 635 1752 703 τῆς
1809 655 1969 710 μετα-

314 723 562 799 λήψεως,
625 721 964 801 ψηφιζόμεθα
997 739 1012 755 ⁶
1087 724 1176 780 καὶ
1243 737 1364 788 τοϊς
1421 723 1558 781 οὕτω
1627 725 1706 800 μὴ
1758 729 1966 780 ποιοῦσι

312 813 412 881 τὴν
440 816 500 870 ἐκ
549 818 644 871 τοῦ
688 811 910 873 κανόνος
964 813 1268 889 ἒπισείομεν
1326 813 1708 892 ἀγανάκτησιν,
1785 820 1965 869 Μετα-

312 899 598 978 λαμϐάνειν
630 899 687 957 δὲ
730 900 918 962 αὐτοὺς
975 901 1071 956 οὑκ
1127 901 1512 980 ἀναγκάζομεν,
1572 901 1657 959 διὰ
1704 903 1802 971 τὴν
1871 907 1967 970 τῆς

317 989 666 1061 συνειδήσεως
710 990 961 1066 βάσανον.
1009 991 1333 1070 Προσεκτέον
1367 992 1477 1066 οὖν,
1531 993 1667 1050 κατὰ
1720 993 1820 1060 τὴν
1874 999 1967 1048 τοῦ

316 1079 564 1158 ῥηθέντος
649 1079 872 1141 κανόνος
954 1079 1264 1159 περίληψιν,
1355 1083 1432 1156 μὴ
1515 1082 1850 1145 ἀσυντάκτως
1908 1081 1968 1137 ἐκ

315 1175 416 1236 τῆς
502 1168 791 1248 ἱερουργίας
871 1173 1177 1252 ὑποχωρεῖν
1260 1171 1382 1235 τοὺς
1466 1169 1911 1243 ἐκκλησιάζοντας
1947 1187 1960 1201 ’

317 1257 438 1316 ἀλλ’
468 1258 584 1315 ἐπεὶ
612 1258 748 1325 αὕτη
779 1259 842 1316 ἔκ
880 1283 937 1316 τε
986 1265 1083 1327 τῆς
1128 1258 1363 1323 Παλαιᾶς
1424 1261 1688 1330 Διαθήκης
1729 1262 1818 1316 καὶ
1867 1265 1967 1328 τῆς

316 1346 454 1412 Νέας
512 1349 586 1410 εἰς
638 1348 763 1422 μίαν
845 1349 1145 1416 ταυτότητα
1229 1347 1603 1429 μεγαλύνεται,
1661 1351 1748 1405 καὶ
1805 1349 1965 1428 μέχρι

313 1437 412 1513 μὲν
466 1442 566 1504 τῆς
635 1443 742 1494 τῶν
798 1439 962 1517 ἁγίων
1022 1437 1352 1516 Εὑαγγελίων
1418 1437 1808 1518 ἀνακηρύξεως,
1867 1441 1965 1506 τῆς

319 1531 611 1594 Δαυϊτικῆς
660 1526 870 1607 κινύρας
946 1527 1013 1583 τά
1069 1525 1472 1603 ψαλτῳδήματα
1528 1537 1620 1586 τοῦ
1682 1529 1968 1606 μυστηρίου

312 1615 414 1682 τὴν
454 1613 670 1674 δύναμιν
713 1617 982 1694 ἁγιάζουσι
1016 1631 1030 1646 ⁸
1094 1617 1228 1692 μετά
1287 1616 1341 1672 δὲ
1404 1618 1600 1684 ταύτην
1655 1619 1754 1684 τῆς
1811 1617 1966 1674 ἀναι-

315 1705 518 1781 μάκτου
574 1704 752 1769 θυσίας
805 1705 1110 1782 ἀνοίγονται
1163 1705 1233 1761 τὰ
1281 1705 1561 1786 προαυλία,
1618 1705 1968 1785 ἐπιτρέποντα

2050 628 2544 712 participationis,
2607 631 2898 694 interesse
2948 633 3223 700 concioni
3281 633 3500 696 debere
3551 652 3699 695 cen-

2049 733 2270 780 semus.
2306 717 2374 779 Ει
2403 718 2500 798 iis,
2564 719 2667 800 qui
2715 721 2800 781 sic
2849 738 2966 781 non
3026 721 3275 801 faciunt,
3327 721 3572 784 canonis
3601 721 3699 784 in-

2048 804 2453 884 dignationem
2512 807 2862 870 vibramus:
2927 809 3285 891 participare
3343 819 3542 873 autem
3599 830 3702 874 eos

2049 912 2168 954 non
2202 895 2492 974 cogimus,
2522 897 2596 958 ob
2640 897 3022 962 conscientia;
3067 907 3451 963 tormentum.
3484 900 3696 962 Anim-

2048 983 2477 1048 advertendum
2512 985 2716 1063 igitur,
2745 988 2913 1067 juxta
2955 988 3216 1068 przedicti
3249 989 3495 1051 canonis
3525 998 3696 1052 tenoo

2047 1090 2200 1144 rem,
2257 1092 2332 1136 ne
2391 1074 2492 1156 qui
2544 1077 2861 1138 conventui
2917 1077 3239 1149 intersunt,
3300 1078 3702 1140 inordinatea

2049 1161 2342 1224 sacrificio
2379 1172 2776 1227 revertantur.
2812 1165 2930 1227 Sed
2985 1185 3117 1226 cum
3168 1165 3359 1246 ipsum
3392 1184 3464 1228 ex
3497 1167 3701 1228 Veteri

2047 1249 2328 1332 Novoque
2357 1251 2735 1316 Testamento
2771 1254 2898 1335 pari
2950 1254 3123 1316 modo
3177 1256 3608 1335 magniticetur,
3644 1264 3703 1317 et

2048 1341 2118 1401 ad
2151 1341 2562 1404 recitationem
2584 1343 2824 1423 quidem
2854 1362 3041 1424 usque
3067 1352 3408 1405 sanctorum
3441 1345 3701 1424 Evange-

2050 1429 2290 1505 liorum,
2314 1432 2606 1493 Davidica:
2637 1433 2882 1494 citharae
2911 1433 3175 1494 carmina
3206 1433 3565 1494 sacramenti
3594 1451 3698 1494 ce-

2051 1517 2284 1579 lebrent
2307 1528 2655 1599 potestatem
2680 1539 2693 1583 :
2721 1530 2925 1602 postea
2941 1530 3141 1582 autem
3161 1521 3702 1583 incruentaehostiae

2049 1609 2391 1689 aperiantur
2421 1609 2730 1688 vestibula,
2765 1610 3127 1672 antistitibus
3163 1611 3567 1690 permittentia
3595 1630 3699 1672 su-

2051 1699 2533 1778 peihumeralem
2566 1701 2847 1762 amictum
2879 1700 3206 1780 deponere,
3231 1700 3333 1778 qui
3359 1701 3491 1780 agni
3517 1701 3702 1780 ﬁgura

311 1795 400 1851 καὶ
427 1808 546 1858 τοῖς
602 1794 911 1874 ἀρχιερεῦσι
953 1795 1015 1850 τὸ
1055 1794 1152 1871 μὲν
1209 1793 1520 1870 ἐπωμάδιον
1563 1795 1849 1875 ὁμοφόριον
1904 1797 1962 1852 τὸ

2052 1789 2356 1867 eleganter
2381 1788 2700 1851 fabricatus
2731 1799 2846 1863 est,
2873 1798 2931 1850 et
2953 1797 3201 1850 tractare
3224 1789 3346 1850 veri
3368 1788 3700 1870 viviﬁeique

315 1884 387 1947 εἰς
453 1883 615 1939 τύπον
685 1889 780 1938 τοῦ
863 1883 1030 1959 ἀμνοῦ
1112 1881 1530 1962 καλλιτεχνηθέν
1609 1884 1962 1958 ἀποτίθεσθαι,

315 1971 781 2051 μεταχειρίζεσθαι
812 1969 866 2027 δὲ
895 1978 986 2028 τοῦ
1017 1970 1243 2038 ἀληθοῦς
1281 1973 1368 2028 καὶ
1395 1979 1654 2044 ζωοποιοῦ
1681 1971 1880 2049 Ἀμνοῦ
1906 1976 1967 2030 τὸ

316 2063 602 2140 μυστήριον
629 2080 644 2094 ·
677 2062 720 2116 εἰ
739 2061 836 2135 μὲν
869 2063 915 2117 οἱ
945 2059 1382 2132 ἐκκλησιάζοντες
1411 2063 1553 2125 εὐθὺς
1586 2062 1722 2138 μετὰ
1750 2063 1816 2117 τὰ
1843 2062 1968 2141 ἅγια

315 2147 632 2228 Εὑαγγέλια,
667 2149 981 2228 αὑθαιρέτως
1012 2150 1479 2230 ὑποχωρήσουσιν,
1500 2153 1594 2208 οὑκ
1623 2151 1966 2220 αἰτιαθήσον-

313 2261 406 2295 ται
439 2257 454 2272 ·
511 2239 555 2296 εἰ
596 2235 650 2294 δὲ
692 2238 828 2313 μετά
867 2238 965 2304 τὴν
993 2238 1272 2318 καταρχὴν
1301 2243 1400 2306 τῆς
1432 2238 1764 2313 ἀναιμάκτου
1791 2241 1964 2303 θυσίας

313 2328 401 2383 καὶ
443 2331 726 2402 μυστικῆς,
785 2329 859 2392 ὡς
913 2326 1128 2384 ἅτσκτοι
1186 2329 1273 2384 καὶ
1332 2325 1706 2384 σκανδαλισταὶ
1753 2326 1964 2391 δικαίως

311 2415 777 2494 ἀφορισθήσονται.

395 2493 687 2584 Ἐρώτησις
733 2493 822 2575 ιζ’,
884 2508 943 2563 Οἱ
1000 2505 1136 2580 μετά
1189 2511 1282 2562 τοῦ
1324 2505 1614 2586 ἀρχιερέως
1642 2503 1844 2584 ἢξμετὰ
1874 2515 1966 2565 τοῦ

309 2592 489 2672 ἱερέως
520 2592 1037 2672 συλλειτουργοῦντες
1080 2593 1339 2671 διάκονοι,
1385 2597 1760 2674 ἀπαραιτήτως
1793 2617 1962 2671 μετα-

313 2681 602 2758 λαμόάδειν
633 2681 948 2763 ὀφείλουσιν,
981 2683 1015 2751 ἢ
1049 2683 1108 2741 οὔ
1140 2704 1156 2764 ;

393 2769 522 2836 Ἀπ.
559 2763 616 2830 t0
660 2762 720 2840 ηΙ
741 2774 914 2830 κανὼν
943 2778 1045 2829 τῶν
1093 2774 1254 2852 ἁγίων
1291 2772 1603 2831 ἀποστόλων
1659 2773 1796 2830 οὕτω
1851 2797 1960 2854 (ρη-

311 2862 413 2935 σὶν,
474 2859 541 2918 Εἴ
584 2883 670 2925 τις
726 2861 1036 2934 ἐπίσκοπος,
1093 2862 1130 2930 ἢ
1174 2860 1540 2942 πρεσϐύτερος,
1609 2862 1645 2931 ἢ
1689 2860 1959 2943 διάκονος,

312 2949 350 3017 ἢ
417 2958 507 3007 τοῦ
562 2949 859 3030 καταλόγου
919 2961 1008 3011 τοῦ
1083 2955 1364 3032 ἱερατικοῦ,
1444 2958 1742 3032 προσφορᾶς
1812 2975 1961 3029 γινο-

310 3037 378 3114 μέ
392 3061 475 3107 ρης
505 3040 582 3116 μὴ
611 3038 912 3118 μεταλάϐῃ,
961 3041 1060 3108 τὴν
1113 3042 1281 3098 αἰτίαν
1337 3042 1559 3100 εἰπάτω.
1621 3042 1720 3099 Καὶ
1777 3041 1867 3097 ἐὰν
1923 3043 1958 3117 ᾗ

2049 1876 2202 1956 Agni
2229 1886 2671 1940 sacramentum
2699 1898 2712 1939 :
2743 1879 2790 1938 si
2815 1879 3052 1955 quidem
3078 1877 3142 1952 ii,
3177 1878 3278 1959 qui
3300 1877 3360 1939 in
3384 1896 3701 1957 congrega-

2051 1967 2272 2030 tionem
2309 1978 2738 2044 convenerunt,
2772 1969 2966 2029 statim
3002 1977 3132 2048 post
3155 1976 3355 2030 sancta
3386 1967 3701 2046 Evangelia

2051 2065 2260 2136 sponte
2311 2058 2644 2132 discedant,
2707 2077 2823 2119 non
2873 2057 3271 2138 culpabuntur
3305 2075 3318 2116 :
3355 2059 3458 2120 sed
3490 2057 3539 2119 si
3572 2066 3702 2136 post

2050 2145 2377 2207 incruentas
2401 2147 2785 2228 mysticaeque
2807 2146 3059 2208 victimae
3079 2147 3694 2227 principium,utinor-

2048 2233 2237 2296 dinati
2269 2243 2327 2297 et
2356 2235 2685 2297 offensores
2708 2236 2877 2316 juxte
2907 2234 3600 2298 excommunicabuntur.

2126 2500 2300 2564 Inter
2355 2511 2382 2563 1
2399 2503 2455 2564 7.
2488 2501 2599 2576 Qui
2629 2522 2762 2564 cum
2788 2501 3063 2583 pontiﬁce
3085 2503 3175 2565 vel
3199 2502 3505 2565 sacerdote
3527 2521 3696 2562 com-

2049 2589 2388 2654 ministrant
2439 2594 2700 2673 diaconi,
2761 2594 2986 2654 debent
3055 2592 3203 2654 citra
3257 2593 3696 2653 exousationcm

2047 2684 2528 2746 communionem
2559 2702 2894 2759 assumere,
2920 2702 3118 2744 annon
3143 2685 3167 2744 Υ

2128 2771 2258 2834 Res.
2294 2774 2495 2836 Canon
2525 2774 2561 2834 8
2606 2781 2947 2834 sanctornm
3007 2771 3412 2852 apostolorum
3444 2771 3530 2832 sic
3559 2769 3644 2830 ait
3679 2790 3694 2829 :

2046 2855 2108 2918 Si
2139 2860 2272 2940 quis
2325 2863 2661 2944 episcopus,
2723 2864 3051 2943 presbyter,
3122 2861 3208 2922 vel
3262 2860 3572 2934 diaconus,
3607 2857 3697 2920 vel

2045 2964 2115 3008 ex
2139 2952 2494 3013 sacerdotali
2525 2953 2808 3032 catalogo,
2866 2951 3015 3014 facta
3047 2951 3350 3012 oblatione
3381 2969 3498 3011 non
3527 2967 3696 3010 eom-

2044 3039 2454 3116 municaverit,
2479 3061 2713 3104 causam
2753 3043 2910 3104 dicat
2941 3062 2956 3103 :
2996 3041 3122 3104 etsi
3147 3040 3470 3120 probabilis
3494 3039 3694 3118 fuerit,

308 3126 544 3207 εὖλογος,
603 3129 926 3207 συγγνώμης
999 3129 1336 3209 τυγχανέτω.
1411 3130 1468 3186 Εἰ
1525 3127 1580 3184 δὲ
1653 3128 1729 3203 μὴ
1785 3127 1953 3208 λέγει,

2052 3130 2271 3192 veniam
2305 3140 2744 3210 consequetur;
2779 3131 2873 3192 sin
2905 3150 3042 3192 vero
3069 3130 3289 3204 minus,
3316 3137 3691 3210 segregetur,

305 3216 649 3298 ἀφοριζέσθω,
709 3219 783 3282 ὡς
841 3217 1007 3285 οῗτιος
1067 3217 1271 3296 βλάϐης
1328 3221 1606 3298 γινόμενος
1663 3225 1739 3290 τῷ
1822 3224 1952 3294 λαῷ,

303 3307 396 3363 καὶ
468 3307 728 3365 ὑπόνοιαν
801 3309 1030 3378 ποιήσας
1109 3309 1246 3364 κατὰ
1332 3316 1425 3365 τοῦ
1506 3306 1957 3387 προσενέγκαντος

303 3397 380 3459 ὡς
458 3396 534 3472 μὴ
607 3398 769 3474 ὑγιῶς
842 3397 1307 3477 προσενεγκόντος.
1384 3396 1792 3476 Παρατηρητέον
1871 3397 1959 3453 οὖν

305 3485 428 3544 τοὺς
470 3481 844 3549 ὑποδιακόνους
898 3487 987 3542 καὶ
1039 3486 1160 3549 τοὺς
1226 3484 1520 3559 διακόνους,
1584 3488 1672 3542 καὶ
1755 3485 1959 3561 μᾶλλον

304 3577 429 3638 τοὺς
512 3576 976 3655 χειραπτήσαντας
1081 3574 1505 3652 μεταλαμϐάνειν
1605 3581 1709 3632 τῶν
1811 3576 1960 3632 θείων

304 3665 655 3742 ἀγιασμάτων
688 3678 706 3700 ⁶
778 3664 814 3732 ἢ
871 3665 980 3740 μὴν
1036 3666 1134 3730 τὴν
1192 3666 1358 3721 αἰτίαν
1410 3663 1584 3743 λέγειν
1631 3662 1703 3719 δι’
1761 3664 1826 3730 ἦν
1868 3675 1961 3722 τοῦ

308 3753 506 3832 ἀγαθοῦ
535 3753 716 3809 τούτου
772 3751 1098 3821 ἀπέστησαν.
1148 3763 1310 3812 Τοῦτο
1365 3755 1465 3833 γὰρ
1525 3754 1603 3828 μὴ
1660 3763 1953 3826 ποιοῦντες,

305 3841 748 3921 ἀφορισθήσονται
837 3843 975 3900 κατά
1072 3842 1169 3909 τὴν
1251 3849 1344 3898 τοῦ
1423 3842 1668 3921 ρηθέντος
1739 3842 1956 3906 κανόνος

304 3932 594 4012 περίληψιν
605 3978 618 3992 .

389 4021 675 4102 Ἐρώτηεις
749 4011 848 4088 ιη’,
905 4018 1202 4079 Ἀκίνδυνόν
1246 4020 1357 4079 ἐστι
1392 4021 1620 4100 γίνεσθαι
1691 4025 1788 4091 τὴν
1853 4031 1958 4080 τῶν

302 4112 457 4169 θείων
543 4111 888 4188 ἀγιασμάτων
976 4108 1202 4167 διάδοσιν
1286 4112 1374 4168 καὶ
1457 4111 1758 4188 μετάληψιν
1829 4114 1962 4188 μετά

305 4206 517 4281 ψυχροῦ
561 4197 711 4257 οἴνου
763 4201 850 4256 καὶ
891 4198 1076 4264 ὕδατος
1108 4218 1123 4233 ⁸
1188 4199 1225 4266 ἢ
1278 4200 1636 4280 ἀπαραίτητόν
1701 4202 1815 4258 ἐστι
1873 4205 1961 4258 καὶ

302 4289 421 4360 ζέον
464 4288 600 4368 ὕδωρ
654 4289 792 4345 κατὰ
834 4291 925 4345 τὸν
977 4290 1158 4368 καιρὸν
1201 4293 1298 4358 τῆς
1356 4289 1712 4366 μεταλήψεως
1758 4293 1829 4356 εἰς
1895 4293 1960 4348 τὰ

306 4379 441 4456 ἅγια
468 4377 686 4456 βάλλειν
718 4395 735 4457 ς

2041 3226 2102 3278 ιιι
2133 3223 2231 3300 qui
2267 3223 2481 3301 populo
2507 3221 2854 3283 offensionis
2882 3240 3058 3282 causa
3087 3220 3184 3295 sit,
3210 3229 3269 3282 et
3293 3219 3696 3300 Suspicionem

2042 3308 2274 3370 dederit
2303 3311 2589 3373 adversus
2620 3329 2778 3387 eum,
2805 3309 3154 3391 quiobtulit,
3185 3309 3357 3390 quasi
3377 3327 3491 3371 non
3520 3309 3697 3388 digne

2042 3397 2802 3462 obtulerit.0bservandum
2829 3399 3104 3477 igitur,ut
3124 3398 3695 3473 subdiaconi,etdia-

2044 3491 2175 3546 coni
2192 3495 2251 3548 et
2269 3488 2466 3568 potius
2478 3507 2648 3550 sacra
2659 3487 3673 3568 contrectantes,divinassanctifica

2045 3575 2236 3637 tiones
2258 3587 2586 3648 assumant,
2613 3577 2700 3638 vel
2722 3584 2883 3638 certe
2902 3595 3136 3638 causam
3159 3576 3382 3656 dicant,
3409 3577 3484 3637 ob
3519 3596 3693 3657 quam

2043 3682 2113 3725 eo
2146 3663 2300 3725 bono
2330 3665 2764 3730 abstinuerunt.
2791 3665 2850 3728 ld
2877 3665 3034 3726 cnim
3053 3665 3103 3725 si
3123 3684 3238 3725 non
3269 3665 3507 3738 faciant,
3528 3666 3696 3745 juxta

2045 3753 2314 3832 prmdicti
2343 3754 2587 3817 canonis
2617 3763 2884 3817 tenorem
2915 3754 3610 3816 excommunicabuntur.

2129 4023 2294 4086 Inter
2342 4025 2437 4086 18.
2465 4025 2554 4086 An
2573 4025 2703 4086 sine
2725 4022 2986 4104 periculo
3008 4021 3340 4082 divinarum
3367 4021 3691 4083 sanctifica-

2045 4113 2270 4174 tionum
2306 4113 2645 4176 distributio
2676 4123 2734 4174 et
2790 4112 3116 4192 assumptio
3148 4113 3290 4173 fiant
3321 4131 3452 4172 cum
3481 4110 3694 4189 frigido

2043 4203 2178 4263 vino
2210 4213 2269 4264 et
2297 4222 2486 4281 aqua:
2523 4222 2596 4264 an
2657 4203 2787 4264 sine
2847 4201 3225 4263 ext-usatione
3282 4219 3432 4279 aqua
3465 4198 3490 4259 f
3523 4217 3698 4259 rvcns

2045 4293 2516 4374 participationis
2548 4303 2814 4373 tempore
2841 4293 2898 4352 in
2933 4300 3135 4352 sancta
3167 4289 3246 4351 sit
3271 4287 3614 4351 mittenda?

389 4445 516 4524 Ἀεὶτ.
571 4472 673 4524 Τοῦ
875 4465 1095 4529 κανόνος
1152 4471 1250 4533 τῆς
1311 4464 1364 4521 ἐν
1423 4475 1498 4542 τῷ
1567 4467 1815 4546 Τρούλλνρ
1869 4475 1958 4525 τοῦ

2123 4472 2257 4532 Res.
2280 4471 2424 4531 tium
2439 4469 2514 4530 3‘2
2543 4489 2729 4531 canon
2757 4479 2974 4530 sanctae
2991 4478 3044 4530 et
3063 4467 3446 4530 (ecunienicae
3465 4466 3694 4546 synodi,

307 4556 545 4636 μεγάλου
584 4554 842 4613 παλατίου
900 4556 1164 4623 συστάσης
1220 4557 1372 4634 ἁγίας
1439 4558 1527 4614 καὶ
1584 4561 1956 4634 οἷκουμενικῆς

2052 4569 2260 4621 coactae
2291 4558 2349 4620 in
2386 4559 2590 4621 Trullo
2645 4558 2837 4638 magni
2867 4557 3087 4640 palatii,
3123 4555 3697 4636 depositionisuhji-

306 4644 523 4706 σῦνόδου
605 4644 878 4724 καθαρέσει
947 4642 1435 4710 καθυποϐάλλοντος
1521 4649 1641 4710 τοὺς
1713 4649 1790 4723 μὴ
1873 4670 1959 4705 τε·

2052 4649 2159 4710 ciat
2191 4669 2318 4727 eos,
2368 4649 2468 4730 qui
2527 4648 2790 4710 divinum
2846 4656 2902 4708 et
2955 4656 3219 4707 sanctum
3258 4645 3534 4726 poculum
3581 4663 3696 4703 non

307 4735 582 4800 λειοῦντας
642 4736 704 4790 τὸ
762 4737 904 4790 θεῖον
967 4735 1054 4790 καὶ
1097 4733 1248 4813 ἅγιον
1291 4737 1544 4815 ποτήριον
1587 4736 1638 4802 ἐξ
1697 4735 1844 4793 οἴνου
1873 4740 1959 4793 καὶ

2052 4747 2398 4800 consecrant
2430 4757 2495 4799 ex
2531 4739 2669 4799 vino
2702 4747 2758 4798 ct
2790 4757 2976 4817 aqua;
3003 4735 3331 4797 limresintze
3361 4732 3540 4810 aliqui
3577 4752 3693 4792 non

302 4823 516 4898 ὕδατος,
553 4823 856 4902 αἱρεσιῶταί
899 4844 1038 4888 τινες
1097 4825 1190 4879 οὑκ
1245 4823 1530 4902 ἀνέχονται
1574 4824 1786 4902 βάλλειν
1842 4825 1956 4897 ζέον

2052 4830 2349 4910 patiuntur
2382 4827 2631 4889 calidam
2666 4827 2897 4888 infundi
2929 4826 2988 4887 in
3021 4835 3288 4885 sanctum
3345 4831 3402 4884 ct
3431 4821 3694 4884 divinum

302 4916 378 4978 εἰς
423 4916 484 4971 τὸ
512 4913 670 4992 ἆίγιον
701 4914 789 4968 καὶ
819 4916 964 4969 θετον
993 4913 1248 4992 ποτήριον
1284 4929 1297 4942 ⁶
1353 4906 1488 4973 υΟτι
1537 4914 1706 4996 (φασὶ)
1747 4915 1816 4971 τὰ
1844 4917 1962 4994 περὶ

2052 4906 2348 4999 poculum,
2405 4917 2574 4990 Quia,
2636 4917 2935 4997 inquiunt,
2997 4915 3070 4974 dc
3127 4934 3196 4974 eo
3261 4912 3407 4974 nihil
3469 4929 3698 4972 canone

304 5008 490 5066 τούτου
521 5011 598 5081 τῷ
653 5005 833 5062 κανόνι
891 5008 951 5063 οὗ
1003 5002 1381 5084 διελήιρθησαν,
1438 5006 1714 5064 Ἀκούουσι
1757 5006 1832 5072 δὲ,
1882 5007 1962 5062 ὅτι

307 5098 370 5153 τὸ
425 5095 542 5167 ζέον
599 5098 676 5170 τῷ
759 5095 893 5172 ἁγίῳ
962 5092 1158 5168 α’ἷματι
1240 5096 1645 5174 προστιθέμενον
1712 5097 1813 5164 τὴν
1897 5094 1963 5152 δι’

305 5183 492 5250 ὕδατος
551 5186 638 5240 καὶ
719 5182 869 5241 οἴνου
925 5182 1119 5239 ἕνωσιν
1171 5190 1263 5239 τοῦ
1333 5187 1482 5263 ἁγξου
1538 5187 1789 5263 ποτηρίου
1873 5189 1967 5244 οὑκ

309 5273 519 5332 ἀλλοιοῖ
561 5273 646 5330 ἐπὶ
689 5271 824 5348 μηδέ
869 5273 962 5328 οὑκ
1009 5270 1183 5351 ἕτερόν
1249 5295 1298 5329 τι
1341 5275 1484 5353 παρὰ
1526 5277 1587 5330 τὸ
1643 5272 1777 5353 ὕδωρ
1830 5274 1962 5332 ἐστί.

313 5361 573 5420 Βάλλεται
627 5359 682 5417 δὲ
758 5363 831 5427 εἰς
905 5357 1262 5440 πληροφορίαν
1347 5370 1438 5420 τοῦ
1508 5364 1652 5420 εἶναι
1731 5365 1966 5434 ζωοποιά

307 5453 374 5508 τὰ
430 5451 682 5531 ῥεύσαντα
716 5451 822 5507 ἀπὸ
878 5450 974 5517 τῆς
1021 5450 1172 5528 ἁγίας
1216 5449 1444 5532 πλευρᾶς
1501 5460 1592 5510 τοῦ
1638 5452 1822 5529 Κυρίου
1877 5454 1966 5509 καὶ

309 5549 439 5602 Θεοῦ
480 5542 568 5598 καὶ
627 5545 878 5620 Σωτῆρος
928 5541 1082 5614 ἡμῶν
1144 5537 1322 5606 Ἰησοῦ
1379 5549 1620 5622 Χριστοῦ,
1681 5542 1816 5599 κατά
1871 5542 1960 5598 τὸν

304 5632 486 5708 καιρὸν
528 5637 624 5688 τοῦ
649 5629 909 5708 σωτηρίου
961 5629 1156 5692 πάθους
1199 5633 1382 5711 αὑτοῦ,
1440 5633 1502 5688 τὸ
1541 5635 1681 5707 αἷμα
1710 5628 1956 5698 δηλονότι

303 5721 480 5778 καὶτὸ
501 5717 638 5797 ὕδωρ
675 5734 690 5749 ⁶
756 5719 909 5776 ἅτινα
967 5715 1265 5798 ἐξέῤῥευσαν
1319 5719 1503 5794 ζέοντα
1559 5723 1634 5787 ὡς
1694 5721 1753 5778 ἐκ
1814 5726 1952 5792 ζωο-

2049 5007 2550 5086 εοιιψτειιιιιδυιιι
2613 5015 2722 5067 cst.
2782 5004 3045 5066 Audiurt
3090 5011 3310 5073 autem,
3374 5002 3698 5062 fcrvcntcm

2049 5103 2255 5156 sancto
2315 5095 2583 5174 sanguini
2643 5094 2928 5161 additam,
2984 5092 3271 5153 unionem
3303 5108 3466 5170 aqua:
3498 5097 3553 5150 et
3584 5087 3703 5148 vini

2051 5185 2240 5246 sancti
2299 5184 2503 5246 calicis
2564 5203 2679 5244 non
2741 5196 2995 5260 mutare,
3060 5179 3194 5261 quia
3247 5189 3462 5260 prmter
3490 5195 3701 5259 aquam

2051 5275 2200 5336 nihil
2225 5284 2309 5337 est
2331 5275 2518 5337 aliud.
2572 5273 2906 5336 lnfunditur
2953 5278 3174 5351 autem,
3206 5281 3269 5332 ut
3299 5269 3520 5330 viviﬁca
3572 5285 3704 5327 «sse

2049 5374 2304 5440 constet,
2332 5384 2465 5446 qua:
2485 5367 2674 5426 fluunt
2693 5383 2725 5425 e
2747 5372 2951 5423 sancto
2976 5360 3160 5422 latere
3195 5357 3456 5429 Domini,
3483 5365 3540 5419 et
3571 5354 3708 5435 Dei,

2049 5463 2110 5518 et
2133 5456 2462 5516 Servatoris
2493 5458 2678 5516 nostri
2703 5453 2839 5516 Jesu
2865 5450 3107 5524 Christi,
3137 5458 3404 5528 tempore
3429 5446 3704 5508 salutaris

2049 5543 2344 5624 passionis
2404 5543 2562 5624 ejus,
2621 5540 2974 5620 sanguinem
3025 5537 3306 5600 videlicet
3353 5544 3412 5624 et
3459 5553 3697 5624 aquam,

2045 5622 2178 5715 quae
2219 5622 2507 5694 ferventia
2540 5631 2921 5705 effluxerunt,
2975 5626 3134 5689 velut
3162 5644 3232 5715 ex
3263 5623 3492 5715 vivifico
3523 5622 3701 5715 deifi-

2039 5711 2172 5787 c'ato
2204 5740 2457 5804 corpore
2516 5719 2767 5783 vivifica.
2802 5717 2916 5793 Qui
2965 5715 3053 5778 sic
3104 5714 3282 5794 igitur
3304 5731 3423 5774 non
3453 5711 3697 5790 faciunt,
