4128 6424
1756 455 2059 522 GR/ECO-j

2152 457 2322 520 MAN
2329 456 2439 519 UM
2448 500 2462 514 .
3657 452 3809 517 1054

2236 584 2652 666 Interrogatio
2673 587 2770 650 2|.
2808 589 2900 651 An
2933 589 3115 669 possit
3147 586 3280 670 quis
3327 586 3390 647 in
3421 585 3670 647 diversis
3699 603 3802 648 ec-

2161 674 2359 737 clesiis
2387 676 2646 738 clericus
2675 677 2966 750 ordinari,
3001 676 3237 741 necne?

436 451 588 520 1053

508 589 802 668 Ἐρώτησις
845 579 958 650 καί
1021 579 1270 656 ’Ἔξεστιν
1330 593 1403 656 εἱς
1457 589 1731 672 διαφόρους
1790 589 2134 658 ἒκκλησίαςΑ

427 678 768 758 κληρωυῆναί
795 701 940 750 τινα,
975 679 1010 748 ἢ
1042 681 1101 735 οὔ
1133 698 1150 761 ς

510 765 634 829 Ἀπ.
672 769 840 826 Εἶπεν
883 768 937 824 ἐν
986 770 1326 847 Εὖαγγελίοις
1378 771 1406 826 6
1463 769 1676 847 Κύριος,
1734 765 1910 833 Οὐδεὶς
1981 765 2076 823 δύ-

428 879 579 914 ναται
623 855 733 913 δυσὶ
763 859 957 937 κυρίοις
1008 857 1286 918 δουλεύειν.
1335 865 1437 938 T06
1474 860 1573 938 γὰρ
1629 860 1744 922 ἑνὸς
1787 856 2070 938 ἀνθέξεται,

427 946 517 1001 καὶ
559 951 648 1002 τοῦ
691 936 867 1026 ἑτέρου
924 936 1556 1026 καταφρονήσειηυοθεν
1589 949 1674 1004 καὶ
1730 950 1758 1004 6
1806 936 1874 1002 ιε’
1902 947 2072 1002 κανὼν

429 1056 528 1102 της
580 1036 730 1113 ἁγίας
782 1025 875 1092 καὶ
932 1025 1298 1111 οἰκουμενικῆς
1354 1025 1404 1108 ζ’
1451 1035 1666 1094 συνόδου
1724 1042 1888 1093 ταῦτα
1940 1035 2075 1090 κατὰ

430 1122 574 1199 ῥῆμα
604 1121 834 1201 διέξεισι,
870 1123 1135 1204 Κληρικὸς
1189 1125 1294 1181 ἀπὸ
1331 1131 1422 1181 τοῦ
1464 1126 1720 1204 παρόντος
1778 1125 1856 1201 μὴ
1912 1146 2073 1180 κατα-

430 1211 695 1270 ταττέσθω
776 1213 830 1270 ἐν
923 1212 1062 1270 δυσὶν
1145 1213 1471 1282 ἐκκλησίαις.
1569 1213 1885 1293 Ἐμπορείας
1973 1214 2072 1292 γὰρ

429 1303 516 1361 καὶ
576 1301 998 1383 αἰσχροκερδείας
1050 1302 1185 1360 ἴδιον
1241 1311 1414 1374 τοῦτο,
1467 1305 1556 1360 καὶ
1611 1302 1888 1383 ἀλλότριον
1972 1304 2070 1381 γὰρ

431 1390 817 1459 κλησιαστικῆς
887 1394 1185 1460 συνηθείας,
1247 1393 1579 1470 Ἥκούσαμεν
1649 1395 1747 1472 γὰρ
1809 1391 1861 1457 ἐξ
1916 1394 2076 1458 αὖτῆς

2237 763 2380 828 Res.
2406 763 2564 829 Dixit
2601 765 2663 827 in
2699 765 3031 846 Evangeliis
3064 765 3373 840 Dominus,
3403 764 3590 826 Nemo
3616 770 3805 844 potest

2158 852 2390 916 duobus
2409 853 2925 918 dominisservire.
2948 855 3091 918 Nam
3114 856 3214 916 uni
3235 853 3805 925 adhaerebit,etalte-

2156 961 2290 1004 rum
2349 943 2781 1024 aspernabitur.
2849 945 3019 1009 Unde
3063 953 3121 1007 et
3177 963 3368 1007 canon
3401 945 3476 1006 15
3505 949 3722 1005 sanctae
3751 949 3810 1002 et

2156 1033 2542 1094 oecumenicae
2587 1034 2622 1096 7
2678 1032 2886 1114 synodi
2937 1033 3062 1095 haec
3093 1033 3166 1094 ad
3197 1034 3441 1095 verbum
3472 1029 3755 1112 exprimit
3787 1051 3800 1086 :

2153 1122 2418 1184 Clericus
2447 1121 2520 1183 ab
2553 1123 2667 1184 hoc
2718 1121 3004 1202 deinceps
3055 1131 3323 1202 tempore
3353 1123 3411 1183 in
3442 1119 3668 1182 duabus
3698 1137 3805 1180 ec-

2154 1209 2353 1272 clesiis
2386 1229 2504 1272 non
2535 1211 2863 1274 collocetur
2896 1229 2910 1274 :
2947 1213 3061 1273 hoc
3083 1212 3243 1274 enim
3266 1221 3352 1273 est
3389 1208 3806 1290 negotiationis

2155 1307 2212 1360 et
2235 1299 2428 1380 turpis
2451 1301 2598 1362 lucri
2624 1301 2952 1382 proprium,
2983 1301 3124 1363 etab
3149 1299 3806 1363 ecclesiasticaconsue-

2159 1389 2365 1450 tudine
2391 1389 2676 1452 alienum.
2711 1389 2797 1451 Ab
2829 1390 2961 1470 ipsa
2992 1391 3150 1452 enim
3183 1389 3435 1452 Domini
3463 1406 3604 1450 voce
3628 1386 3800 1448 audi-

428 1486 525 1547 τῆς
559 1487 830 1560 Κυριακῆς
860 1482 1011 1561 ἁγίας
1055 1488 1258 1563 φωνῆς,
1307 1481 1386 1538 ὅτι
1443 1487 1503 1542 οὔ
1559 1481 1768 1539 δύναταί
1821 1503 1901 1545 τις
1967 1479 2059 1536 δυσ

2157 1478 2368 1550 vimus,
2399 1498 2515 1540 non
2541 1497 2712 1560 posse
2733 1479 3071 1560 quempiam
3093 1479 3326 1540 duobus
3345 1475 3802 1540 dominisservi-

428 1571 620 1648 κυρίοις
669 1568 931 1628 δουλεύειν
963 1589 975 1602 ·
1021 1573 1058 1638 ii
1117 1574 1216 1650 γὰρ
1269 1574 1359 1628 τὸν
1402 1571 1493 1629 ἕνα
1549 1572 1788 1646 μισήσει,
1850 1572 1938 1626 καὶ
1985 1573 2059 1626 τόε

2153 1585 2220 1627 re
2255 1585 2267 1629 :
2302 1567 2397 1628 vel
2425 1586 2608 1630 unum
2635 1568 2773 1629 odio
2797 1568 3058 1641 habebit,
3088 1577 3148 1629 et
3166 1569 3417 1630 alterum
3443 1565 3686 1645 diliget;
3709 1564 3798 1624 vel

426 1658 600 1740 ἕτερον
657 1659 923 1739 ἀγαπήσει
959 1677 974 1691 ⁸
1060 1662 1095 1729 ἢ
1161 1669 1252 1718 τοῦ
1307 1663 1423 1727 ἑνὸς
1494 1659 1781 1740 ἀνθέξεται,
1841 1661 1929 1716 καὶ
1983 1670 2059 1718 τοί

2156 1657 3084 1738 unumamplectetur,etalterum
3101 1654 3804 1736 negliget.Unusquisque

424 1749 599 1828 ἑτέρου
629 1750 1039 1830 καταφρονήσει.
1109 1740 1378 1816 ΗΕκαστος
1423 1750 1534 1831 οὖν,
1585 1752 1720 1806 κατὰ
1775 1751 1872 1817 τὴν
1930 1748 2059 1804 ἀπο-

2153 1763 2314 1821 ergo,
2347 1755 2413 1806 ut
2435 1763 2545 1807 vox
2578 1753 2667 1806 est
2695 1746 3044 1824 apostolica,
3094 1746 3152 1806 in
3200 1765 3293 1824 eo,
3325 1746 3384 1807 in
3415 1763 3530 1825 quo
3563 1752 3799 1805 vocatus

422 1837 672 1906 στολικὴν
731 1840 933 1918 φωνὴν,
999 1842 1055 1895 ἒν
1121 1844 1166 1915 ᾧ
1219 1839 1445 1910 ἐκλήθη,
1509 1843 1566 1896 ἒν
1635 1840 1804 1913 τούτῳ
1873 1837 2059 1918 ὀφείλει

2153 1844 2262 1906 est,
2299 1834 2478 1897 debet
2535 1853 2804 1909 manere,
2867 1844 2929 1898 et
2959 1837 3018 1896 in
3052 1855 3166 1897 una
3194 1833 3460 1896 Ecclesia
3507 1833 3794 1894 assidere.

423 1926 620 2001 μένειν,
695 1929 784 1984 καὶ
838 1927 1197 2007 προσεδρεύειν
1282 1931 1338 1984 ἓν
1415 1935 1510 2005 μιᾷ
1593 1927 1903 1999 Ἐκκλησία.
1995 1929 2059 1986 Τό

2154 1923 2293 1997 ρυω
2315 1923 2474 1986 enim
2495 1932 2736 2005 propter
2751 1935 2919 2005 turpe
2941 1925 3168 1986 lucrum
3193 1923 3414 1985 ﬁuntin
3437 1921 3800 1994 ecclesiasii-

422 2015 522 2094 γὰρ
577 2013 647 2071 δι’
703 2015 1130 2096 αἰσχροκέρδειαν
1209 2019 1461 2097 γινόμενα
1546 2018 1632 2074 ἐπὶ
1686 2024 1792 2073 τῶν
1865 2017 2059 2084 ἔκκλη-

2154 2013 2238 2075 cis
2273 2014 2545 2092 negotiis,
2589 2033 2655 2075 ea
2686 2033 2718 2074 a
2746 2013 2867 2076 Deo
2898 2014 3264 2075 suntaliena.
3291 2013 3378 2076 Ad
3399 2013 3577 2092 hujus
3600 2021 3798 2074 autem

425 2111 706 2161 σιαστικῶν
760 2107 1107 2185 πραγμάτων,
1155 2106 1404 2187 ἀλλότρια
1459 2118 1552 2166 τοῦ
1619 2115 1751 2164 Θεοῦ
1801 2109 2059 2177 καθεστή-

2152 2103 2284 2164 vitze
2315 2122 2484 2164 usum
2509 2113 2646 2164 sunt
2692 2103 2925 2165 diversa
2948 2103 3162 2164 studia.
3191 2101 3270 2164 Ex
3297 2101 3370 2162 iis
3399 2120 3562 2178 ergo,
3585 2100 3635 2161 si
3667 2100 3801 2182 quis

425 2215 570 2255 κασι.
619 2196 751 2274 Πρὸς
795 2193 850 2250 δὲ
904 2196 1002 2262 τὴν
1045 2203 1136 2252 τοῦ
1195 2197 1306 2253 Βίου
1361 2197 1546 2253 τούτου
1574 2197 1756 2277 χρείαν
1787 2195 2059 2263 ἐπιτηδεύ-

2152 2193 2311 2265 velit,
2333 2211 2402 2254 ea
2423 2212 2551 2274 qua;
2572 2201 2705 2254 sunt
2720 2194 2951 2272 corpori
2967 2194 3036 2254 ad
3055 2210 3224 2252 usum
3248 2191 3605 2262 necessaria,
3631 2208 3798 2250 com-

427 2283 568 2356 ματά
623 2285 719 2339 εἱσι
782 2281 1024 2364 διάφορα.
1091 2284 1179 2349 Ἐξ
1239 2287 1409 2342 αὐτῶν
1461 2287 1549 2343 οὖν
1594 2285 1648 2342 εἴ
1689 2309 1770 2351 τις
1829 2287 2059 2362 βούλοιτ(

2153 2290 2337 2362 paret.
2379 2283 2537 2343 Dixit
2567 2283 2726 2343 enim
2781 2281 3118 2362 Apostolus,
3179 2278 3398 2342 Usibus
3429 2279 3600 2359 meis,
3636 2289 3698 2341 et
3726 2277 3801 2339 iis

421 2372 488 2426 τὰ
546 2371 777 2452 χρειώδη
842 2383 935 2433 τοῦ
989 2376 1233 2446 σώματος
1305 2376 1616 2456 ποριζέσθω.
1683 2365 1835 2455 ἸΕφη
1886 2377 1984 2454 γὰρ
2043 2377 2059 2431 ἐ

2154 2373 2253 2450 qui
2287 2390 2522 2433 mecum
2554 2380 2713 2447 sunt,
2746 2369 3346 2433 subministraverunt
3379 2387 3587 2429 manus
3628 2387 3796 2430 meae.

435 2457 786 2526 Ἀπόστολος.
821 2472 954 2526 Ταῖς
985 2464 1188 2543 χρείαις
1219 2487 1318 2539 μου
1345 2466 1433 2522 καὶ
1487 2479 1605 2528 τοῖς
1631 2465 1748 2521 «εὗσι
1782 2463 1898 2540 μετ’
1943 2463 2059 2540 ἐμοί

2153 2459 2602 2524 Observandum
2637 2462 2837 2540 igitur.
2872 2469 2934 2520 ut
2965 2459 3061 2520 hic
3087 2476 3277 2522 canon
3305 2457 3623 2521 inviolatus
3653 2477 3802 2519 con-

419 2549 768 2630 ὑπηρέτησαν
798 2555 848 2608 αἱ
879 2553 1067 2633 χεῖρες
1109 2556 1283 2617 αὗται,
1320 2554 1725 2635 Παρατηρητέον
1755 2555 1844 2611 οὖν
1885 2554 1950 2611 τά
1980 2562 2059 2611 τοί

2153 2559 2422 2612 servetur
2454 2568 2468 2612 :
2505 2568 2714 2628 magna
2745 2549 2906 2610 enim
2932 2547 3038 2609 fuit
3069 2547 3244 2626 hujus
3272 2546 3656 2626 contemptio.

415 2639 553 2695 θείου
595 2641 780 2696 τούτου
810 2642 1027 2724 κανόνος
1071 2644 1441 2722 συντηρείσθαι
1485 2643 1915 2724 ἀπαρεγχείρητα
1951 2659 1964 2673 °
1999 2640 2174 2706 πολλὴ
2199 2642 2298 2718 γὰρ
2330 2641 2542 2718 γέγονεν
2573 2639 3165 2718 αὖτοῦκαταφρόνησις.

499 2725 792 2808 Ἐρώτησις
821 2721 930 2808 κβ’,
997 2721 1260 2813 ’Λρχατον
1317 2732 1430 2801 ἔθος
1487 2736 1558 2799 είς
1766 2721 1872 2790 τῶν
1903 2731 2059 2790 Ἀλε-

2231 2728 2642 2808 Interrogatio
2661 2729 2758 2790 ‘22.
2787 2727 2970 2791 Vetus
2990 2725 3361 2788 consuetudo
3378 2725 3437 2788 in
3455 2724 3802 2788 Alexandri-

417 2814 670 2897 ξανδρέων
730 2821 989 2899 ἐκράτησε
1060 2823 1265 2902 χώραν,
1323 2824 1442 2889 τοὺς
1499 2822 1852 2887 τελευτῶντας
1903 2825 2059 2901 ἱερεῖς

2152 2835 2362 2878 norum
2395 2817 2642 2896 regione
2695 2816 2977 2890 obtinuit,
3032 2828 3093 2877 ut
3125 2815 3342 2876 mortui
3372 2815 3715 2877 sacerdotes
3743 2822 3802 2876 et

417 2907 502 2962 καὶ
543 2908 817 2989 ἀρχιερεῖς
861 2908 946 2968 διὰ
1000 2913 1148 2991 ἁγίου
1213 2913 1373 2993 μύρου
1432 2913 1698 2992 χρίεσθαι,
1761 2913 1848 2968 καὶ
1903 2912 2059 2968 ἐντα-

2152 2906 2460 2986 pontiﬁces
2483 2915 2685 2968 sancto
2707 2918 3076 2985 ungerenlur
3095 2912 3421 2993 unguento,
3447 2913 3504 2964 et
3526 2904 3606 2993 ita
3628 2921 3798 2986 sepe-

418 2996 684 3074 φιάζεσθαι
719 3017 732 3030 ⁸
793 3001 881 3056 καὶ
941 3008 1200 3077 ζητοῦμεν
1261 2991 1542 3078 μαθεῖνηεῖ
1585 3001 2059 3080 ἀπροκριμάτιστον

2152 2994 2418 3059 Iirentur.
2450 2996 2540 3057 An
2597 2995 2744 3058 illud
2796 3003 2964 3056 extra
2993 2991 3400 3074 praeiudicium
3430 2993 3527 3074 sit,
3561 2992 3800 3055 discere

413 3086 565 3142 τοῦτό
590 3086 752 3146 ἔστιν.

2145 3083 2439 3164 cupimus.

493 3171 620 3237 Ἀπ.
673 3177 1030 3257 Εὖαγγελικόν
1078 3181 1191 3236 ἔστι
1235 3179 1609 3259 παράγγελμα,
1669 3175 1808 3243 ἅπαξ
1863 3179 2057 3253 βαπτί-

2223 3173 2359 3238 Res.
2391 3175 2807 3255 Evangelicum
2834 3183 2923 3236 est
2945 3182 3324 3255 praeceptum,
3348 3172 3534 3235 semel
3557 3170 3794 3253 eos,qui

413 3269 588 3337 ζεσθαι
639 3267 758 3333 τοὺς
814 3269 1196 3333 πιστεύσαντας
1252 3272 1324 3334 εἱς
1382 3271 1442 3326 τὸ
1497 3268 1664 3344 ὄνομα
1707 3274 1799 3324 τοῦ
1856 3269 2059 3346 Πατρος

417 3359 505 3414 καὶ
548 3366 641 3416 106
667 3360 786 3413 Υἱοῦ
813 3359 902 3414 καὶ
929 3365 1020 3415 106
1063 3358 1213 3437 ἁγίου
1273 3359 1599 3435 [Ινεύματος.
1665 3357 1762 3414 Διά
1790 3379 1872 3413 τοι
1906 3365 2060 3414 τοῦτο

415 3447 502 3503 καὶ
554 3449 581 3503 6
633 3437 724 3522 μζ’
764 3449 937 3504 κανὼν
991 3455 1096 3504 τῶν
1154 3449 1317 3527 ἀγίων
1359 3446 1673 3506 ἀποστόλων
1727 3448 1890 3505 ταῦτά
1946 3470 2056 3526 φη-

412 3558 517 3617 σιν,
579 3533 900 3601 Ἐπίσκοπος
977 3538 1011 3606 ἢ
1067 3536 1412 3617 πρεσϐύτέρος
1470 3540 1560 3594 τὸν
1617 3538 1751 3594 κατὰ
1807 3535 2055 3605 ἀλήθειαν

411 3625 606 3707 ἔχοντα
633 3627 907 3704 βάπτισμα
965 3627 1053 3683 ἐὰν
1097 3627 1290 3685 ἄνωθεν
1347 3630 1600 3704 βαπτίσῃ,
1648 3627 1683 3694 ἢ
1733 3628 1823 3681 τὸν
1884 3647 2054 3700 μεμο-

410 3715 666 3792 λυσμένον
710 3718 852 3795 παρὰ
911 3723 1015 3773 τῶν
1068 3715 1270 3773 ἀσεϐῶν
1341 3719 1418 3792 μὴ
1472 3715 1725 3792 βαπτίσῃ.
1788 3715 2055 3793 καθαιρεί-

411 3810 518 3863 σθω
550 3825 564 3840 ·
627 3807 700 3869 ὡς
770 3806 938 3884 γελῶν
994 3809 1084 3863 τὸν
1141 3808 1360 3885 σταυρὸν
1414 3807 1502 3862 καὶ
1578 3808 1668 3861 τὸν
1724 3813 1817 3862 106
1874 3805 2056 3883 Κυρίου

408 3896 588 3968 θάναν,
649 3894 743 3951 καὶ
815 3896 891 3971 μὴ
949 3893 1223 3976 διακρίνων
1284 3895 1451 3975 ἱερέας
1521 3893 1893 3973 ψεῦδοϊερέων.
1959 3894 2054 3950 Καὶ

410 3985 437 4040 6
483 3973 563 4050 ιη’
624 3985 797 4039 κανὼν
851 3985 946 4051 τῆς
1002 3986 1055 4040 ἒν
1113 3984 1416 4061 Καρθαγένῃ
1470 3981 1682 4039 συνόδου
1750 3989 1914 4038 ταῦτα
1970 3979 2046 4036 δι-

411 4069 626 4145 έξεισιν,
660 4073 786 4129 Ἐὰν
816 4094 895 4136 τις
927 4072 1179 4150 κληρικὸς
1238 4077 1633 4152 χειροτ>νῆται,
1681 4070 1875 4151 ὀφείλει
1930 4073 2056 4126 ὑπο-

407 4163 795 4236 μιμνήσκεσθαι
856 4162 975 4226 τοὺς
1033 4159 1182 4241 ὅρους
1238 4160 1514 4241 φυλάττειν
1546 4177 1559 4190 ⁸
1645 4163 1733 4216 καὶ
1787 4159 1879 4215 ’ίνα
1936 4173 2053 4222 τοῖς

407 4250 618 4325 σώμασι
676 4249 781 4306 τῶν
851 4250 1218 4307 ἀποθανόντων
1305 4249 1612 4330 εὖχαριστία
1670 4249 1747 4324 μὴ
1819 4246 2050 4320 διδῶται,

2143 3263 2556 3339 crediderunt,
2584 3264 2868 3344 baptizari
2895 3264 2954 3326 in
2981 3263 3224 3326 nomine
3248 3262 3459 3337 Patris,
3487 3270 3544 3323 et
3567 3260 3794 3334 Filii,et

2142 3349 2398 3432 Spiritus
2421 3355 2630 3417 sancti.
2650 3351 2738 3417 Ob
2763 3372 2890 3416 eam
2915 3372 3040 3414 rem
3067 3361 3125 3414 et
3141 3354 3218 3414 47
3241 3371 3430 3414 canon
3451 3359 3789 3412 sanctorum

2139 3442 2542 3521 apostolorum
2571 3445 2695 3506 haec
2721 3443 2912 3523 inquit
2938 3461 2951 3506 :
2986 3441 3318 3523 Ep:scopus
3341 3441 3430 3502 vel
3458 3439 3786 3523 presbyter,

2141 3531 2406 3611 eum,qui
2433 3551 2567 3595 vere
2590 3532 2768 3594 habet
2789 3531 3317 3614 baptismum,side
3335 3531 3566 3609 integro
3591 3530 3789 3612 bapti-

2141 3621 2380 3691 zaverit,
2417 3621 2507 3682 vel
2540 3623 2589 3683 si
2617 3640 2774 3695 eum,
2810 3623 2909 3701 qui
2935 3621 3006 3682 ab
3029 3620 3228 3699 impiis
3251 3621 3510 3701 pollutus
3530 3628 3642 3693 est,
3669 3639 3786 3681 non

2143 3707 2543 3790 baptizaverit,
2574 3710 2926 3790 deponatur,
2960 3719 3024 3771 ut
3056 3709 3156 3790 qui
3178 3709 3423 3772 irrideat
3457 3717 3705 3770 mortem
3732 3716 3790 3771 et

2139 3815 2378 3858 crucem
2400 3798 2724 3869 Domini,et
2751 3817 2866 3860 non
2888 3799 3188 3860 discernat
3209 3797 3548 3858 sacerdotes
3567 3816 3600 3859 a
3623 3798 3788 3860 falsis

2138 3887 2574 3950 sacerdotibus.
2610 3888 2678 3950 Et
2739 3889 2812 3950 18
2867 3906 3058 3949 canon
3091 3887 3298 3968 synodi
3329 3886 3788 3964 Carhaginensis

2138 3977 2262 4038 haec
2296 3978 2571 4056 exprimit
2609 3997 2622 4039 :
2659 3977 2718 4038 Si
2764 3977 2896 4058 quis
2937 3977 3192 4038 clericus
3248 3975 3575 4047 ordinetur,
3610 3974 3790 4038 debet

2137 4065 2541 4138 admoneri,ut
2561 4075 2757 4128 servet
2799 4067 3064 4141 decreta;
3089 4073 3148 4126 et
3171 4072 3234 4126 ut
3257 4074 3624 4126 mortuorum
3649 4084 3786 4126 cor-

2139 4154 2380 4234 poribus
2404 4153 2772 4216 Eucharistia
2798 4174 2912 4215 non
2938 4154 3131 4225 delur,
3170 4172 3278 4214 nec
3299 4152 3646 4232 baptismus.
3675 4153 3785 4226 Qui

2139 4242 2316 4321 igitur
2346 4252 2648 4322 unguento
2699 4243 2994 4306 deliniunt
3027 4251 3290 4303 mortuos
3331 4242 3694 4317 sacerdotes,
3729 4252 3788 4304 et

407 4336 543 4414 μηδὲ
597 4338 890 4414 βάπτισμα.
952 4341 1011 4396 Οἱ
1085 4347 1209 4417 γοῦν
1281 4337 1363 4394 διὰ
1419 4340 1580 4418 μύρου
1638 4339 1876 4417 χρίοντες
1932 4339 2051 4399 τοὺς

2152 4333 2466 4410 pontifices,
2493 4342 2591 4393 aut
2639 4333 2786 4394 alios
2809 4333 3066 4412 quosvis,
3095 4342 3151 4393 et
3192 4332 3278 4393 sic
3297 4331 3618 4412 sepeliunt,
3654 4351 3783 4393 ma-

405 4427 758 4492 τελευτῶντας
807 4431 968 4508 ἱερεῖς
1020 4431 1106 4484 καὶ
1164 4429 1460 4509 ἀρχιερετς,
1521 4427 1557 4496 ἢ
1629 4428 1836 4507 ἑτέρους
1907 4428 2051 4489 τινὰς

404 4518 491 4573 καὶ
566 4515 732 4581 οὕτως
808 4517 1225 4596 ἐνταφιάζοντες,
1295 4516 1541 4595 μεγὴλης
1627 4519 1724 4572 εἰσὶ
1781 4515 2052 4580 κολάσεως

405 4604 538 4670 ἄξιοι
574 4624 591 4638 ·
640 4604 676 4673 ii
732 4606 804 4669 ὡς
834 4606 1319 4684 καταγινώσκοντες
1377 4612 1480 4662 τῶν
1537 4605 1902 4682 βαπτιζόντων
1953 4605 2051 4682 ὀρ-

403 4693 611 4760 θοδόξον
644 4696 854 4774 αὖτοὺς³
886 4694 921 4763 ἢ
949 4697 1022 4759 ὡς
1053 4697 1128 4770 μὴ
1171 4695 1529 4776 πληροφορίαν
1588 4695 1805 4775 ἔχοντες
1839 4693 2048 4763 ἐντελῆ,

401 4798 520 4847 τοῖς
543 4781 831 4862 όρθοδόξοις
883 4784 1025 4840 εἶναι
1054 4786 1266 4850 τούτους
1297 4786 1602 4852 κοινωνοὺς,
1635 4787 1718 4842 κοὶ
1747 4786 1848 4863 πρὸ
1879 4806 2050 4840 κατι-

403 4873 622 4952 κρίσεως
651 4873 1075 4954 κατακρίνοντες.

483 4958 773 5039 Ἐρώτησις
828 4952 972 5040 κγ’.
1058 4961 1440 5040 Λελωϐημένος
1536 4964 1570 5031 ἣ
1667 4961 2053 5042 ἑτερόφθαλμος

402 5048 643 5119 ἀξιωθείη
712 5053 917 5129 βαθμοῦ
971 5055 1281 5133 ἱερατικοῦς
1341 5056 1369 5112 6
1433 5054 1566 5128 μετά
1621 5053 1721 5120 τὴν
1764 5053 2050 5132 ἱερωσύνην

399 5141 710 5208 καταπαθὴς
785 5143 1036 5222 γεγονὼς,
1112 5141 1314 5200 ἒσεϊται
1400 5144 1487 5199 καὶ
1558 5143 1694 5218 μετὰ
1748 5143 1814 5198 τὸ
1883 5143 2049 5204 πάθος

398 5231 700 5309 ἱερουργῶν,
732 5231 768 5298 ii
799 5231 856 5287 οὔ
889 5251 906 5310 ;

484 5319 609 5377 Ἀπ.
648 5322 746 5378 Καὶ
789 5318 977 5376 ἄλλοτε
1008 5319 1234 5398 εἴπομεν
1292 5322 1397 5379 ἀπὸ
1453 5330 1544 5379 106
1607 5329 1896 5379 Μωσαϊκοῦ
1953 5319 2047 5375 νό-

401 5429 500 5490 μου
529 5411 655 5490 τοὺς
674 5411 936 5475 τοιούτους
994 5411 1066 5475 εἰς
1111 5413 1396 5490 ἱερωσύνην
1451 5413 1529 5488 μὴ
1585 5408 1991 5490 προϐιϐἀζεσθαι
2031 5421 2042 5433 ’

399 5489 461 5555 Ὀ
492 5496 546 5554 δὲ
575 5489 656 5570 οζ’
682 5501 856 5556 κανὼν
907 5503 1012 5554 τῶν
1071 5489 1231 5578 ἁγίων
1275 5501 1363 5557 καὶ
1403 5489 1762 5582 πανευφήμων
1809 5497 2047 5555 ἀποστό-

399 5584 505 5644 λων
535 5588 696 5644 ταῦτά
726 5611 885 5668 φησιν
920 5603 934 5618 ⁸
970 5585 1038 5644 Εἴ
1065 5611 1145 5654 τις
1193 5588 1463 5670 ἀνάπηρος
1515 5589 1552 5666 ᾗ
1605 5591 1698 5646 τὸν
1755 5585 2047 5668 ὀφθαλμὸν,

2135 4440 2248 4500 gna
2277 4430 2413 4483 sunt
2443 4421 2833 4500 castigatione
2864 4421 3050 4497 digni,
3092 4421 3180 4482 vel
3229 4429 3292 4481 ut
3333 4429 3785 4482 contemnentes

2137 4511 2519 4584 orthodoxos,
2555 4510 2656 4591 qui
2712 4529 2814 4571 eos
2867 4510 3278 4591 baptizarunt;
3338 4509 3423 4570 vel
3457 4517 3516 4570 ut
3548 4509 3780 4590 plenam

2137 4618 2254 4659 non
2286 4598 2574 4662 habentes
2607 4599 3106 4671 testilicalionem,
3142 4598 3296 4678 quod
3327 4599 3387 4659 lii
3418 4618 3548 4659 cum
3572 4599 3782 4659 ortho-

2135 4687 2304 4748 doxis
2334 4688 2558 4749 fuerint
2615 4689 2955 4769 participes,
3018 4698 3076 4748 et
3133 4697 3268 4749 ante
3307 4688 3599 4766 judicium
3632 4707 3782 4749 con-

2135 4777 2504 4840 demnantes.

2216 4955 2408 5019 Inter.
2445 4955 2544 5018 ‘23.
2582 4957 2823 5018 Mancus
2876 4962 2975 5016 aut
3007 4955 3360 5016 mouoculus
3389 4952 3783 5017 liabebiturne

2131 5045 2318 5125 grodu
2340 5045 2689 5108 sacerdotali
2711 5043 2954 5120 dignus?
2977 5055 3072 5104 aut
3095 5043 3194 5125 qui
3223 5052 3350 5124 post
3380 5043 3778 5105 sacerdotium

2133 5135 2434 5196 mutilatos
2458 5142 2567 5210 est,
2595 5133 3044 5214 permitteturne
3067 5132 3418 5212 postvitium
3442 5131 3782 5196 sacriﬁcare

2131 5222 2379 5284 annon?

2211 5312 2331 5375 Res
2360 5311 2428 5373 Et
2455 5311 2596 5373 alibi
2613 5311 3007 5393 diximus,hos
3024 5311 3095 5372 ad
3113 5309 3512 5374 sacerdotium
3530 5309 3781 5374 Mosaica

2133 5403 2261 5483 lege
2288 5422 2402 5464 non
2429 5402 2786 5484 promoveri.
2811 5405 3012 5464 Canou
3035 5409 3232 5463 autem
3251 5401 3328 5464 77
3352 5409 3688 5462 sanctorum
3721 5409 3778 5462 et

2134 5492 2585 5555 benedictorum
2639 5492 3042 5573 apostolorum
3100 5490 3226 5552 haec
3268 5497 3349 5551 ait
3381 5511 3395 5548 :
3431 5489 3492 5552 Si
3526 5491 3657 5572 quis
3688 5493 3776 5552 vel

2133 5581 2304 5646 oculo
2339 5581 2579 5644 orbatus
2635 5580 2725 5643 vel
2783 5581 3010 5644 femore
3063 5579 3315 5642 obltesus
3345 5588 3387 5653 ο,
3432 5579 3776 5661 episcopatu

1713 5751 1970 5820 VARIIE
2012 5748 2450 5819 LECTIONES.

471 5897 496 5931 ⁸
522 5887 620 5954 vel
650 5903 825 5954 cruce
857 5888 1060 5956 Imus.
