4128 6444
342 400 498 466 1055

1691 417 1724 478 ,Ι
1731 415 1824 477 US
1869 411 2318 480 CANONICUM

3553 410 3707 477 1056

335 542 533 596 autem
557 535 770 628 dignus
799 539 898 616 sit,
923 541 1044 604 fiat.
1069 543 1200 606 Non
1223 543 1382 606 enim
1408 546 1674 610 corporis
1702 545 1981 608 damuum

2073 549 2190 617 ἣτὸ
2217 547 2405 613 σκέλος
2443 547 2843 628 πεπληγμένος,
2876 546 3016 614 ἄξιος
3074 547 3128 604 δέ
3191 545 3329 604 ἐστιν
3381 549 3706 626 ἐπισκοπῆς,

336 641 470 684 eum
509 625 739 702 polluit,
772 629 875 690 sed
909 629 1124 694 anima:
1173 633 1526 714 inquinatio.
1586 638 1656 696 Et
1684 637 1762 700 78
1795 654 1985 700 canon

337 714 688 807 earumdem
717 727 1058 782 sanctorum
1111 723 1515 803 apostolorum
1563 725 1648 788 sic
1675 725 1935 807 loquitur
1967 744 1980 789 :

336 799 448 874 Qui
475 810 674 865 autem
707 815 798 868 est
825 808 1041 871 surdus
1089 799 1166 872 et'
1182 830 1398 887 caecus,
1432 831 1508 878 ne
1537 814 1615 876 sit
1642 799 1983 897 episcopus,

337 911 459 987 non
489 904 550 956 ut
582 897 864 987 pollutus,
898 902 1004 963 sed
1030 921 1107 966 ne
1128 905 1532 969 ecclesiastica
1559 905 1981 987 impediantur.

336 982 688 1077 Quicunque
708 986 891 1070 igitur
914 991 1254 1054 morborum
1270 993 1598 1076 aliquorum
1616 982 1754 1056 vitio
1775 996 1984 1077 prohi-

336 1071 691 1166 bitiufueriut
746 1079 1202 1143 sacerdotalium
1231 1071 1521 1162 graduum
1545 1084 1684 1165 jura
1715 1071 1980 1166 exsequi,

336 1161 711 1256 ordinatione
739 1166 904 1248 digni
931 1187 1046 1230 non
1079 1161 1473 1235 habebuntur.
1499 1161 1610 1247 Qui
1629 1185 1825 1238 autem
1853 1161 1984 1256 post

334 1251 769 1317 ordinationem
827 1257 914 1319 sic
963 1259 1116 1321 male
1173 1261 1369 1324 affecti
1397 1271 1554 1334 sunt,
1589 1281 1758 1325 sacra
1787 1251 1984 1326 facere

336 1339 546 1402 morbo
571 1363 688 1405 non
720 1345 1146 1426 impediuntur.
1169 1350 1242 1412 Et
1265 1351 1344 1412 ita
1360 1351 1660 1414 imbecilla
1679 1353 1982 1416 constituti

336 1428 695 1522 valetudine,
729 1433 920 1498 libere
991 1439 1430 1502 sacriﬁcabunt.
1467 1442 1575 1505 Dei
1608 1441 1983 1522 praconibus

338 1521 498 1611 enim
533 1522 770 1601 placuit,
805 1544 911 1606 per
941 1529 1374 1592 mutilationem
1408 1521 1726 1611 corporisa
1747 1530 1979 1592 sacrifi-

338 1607 570 1700 catione
603 1629 722 1672 non
756 1615 1058 1693 prohiberi
1087 1639 1468 1700 quemquam.
1501 1607 1670 1693 Quod
1715 1620 1765 1681 si
1789 1620 1979 1681 morbi

338 1695 601 1796 debitum
616 1700 810 1764 oﬂicio
822 1695 1981 1790 sacerdotiisitimpedimento,exercere

338 1783 888 1875 desinetagrotans,
909 1811 942 1855 a
957 1795 1239 1875 dignitate
1256 1783 1452 1858 tamen
1471 1817 1590 1859 non
1601 1797 1975 1873 alienabitur,

2068 636 2305 717 γινέσθω.
2341 641 2414 696 Ού
2444 639 2542 717 γὰρ
2572 637 2722 704 λώϐη
2777 638 3022 712 σώματος
3078 637 3232 693 αὺτὸν
3289 635 3513 716 μιαίνει,
3571 635 3710 692 ἀλλὰ

2069 716 2252 807 ψυχῆς
2283 716 2578 803 μολυσμύς.
2625 729 2722 785 Καὶ
2764 750 2792 784 ο
2835 716 2925 794 on.
2980 726 3154 782 κανὼν
3208 730 3312 782 τῶν
3352 725 3520 781 αὐτῶν
3549 725 3713 804 ἁγίων

2069 813 2381 872 ἀποστόλων
2438 813 2576 871 οἱῖτω
2629 813 2859 891 διέξεισι,
2935 815 3124 894 Κωφὸς
3195 814 3282 869 καὶ
3342 813 3559 893 τυφλὸς,
3633 813 3712 887 μὴ

2067 903 2296 982 γινέσθω
2339 903 2625 968 ἐπίσκοπος
2659 922 2677 940 ⁶
2734 907 2839 984 οὐχ
2888 904 2959 968 ὡς
3016 902 3401 984 μεμιασμένος,
3457 900 3556 958 ἀλλ
3619 901 3712 958 ἵνα

2068 980 2147 1068 μὴ
2175 995 2243 1050 τὰ
2289 991 2703 1059 ἐκκλησιαστικά
2744 980 3237 1072 παρεμποδίζοιντο.
3296 980 3394 1049 "Oi
3419 1014 3500 1048 σοι
3541 991 3712 1048 τοίνυν

2067 1083 2127 1139 ἐκ
2197 1083 2390 1146 πάθους
2447 1081 2874 1160 ἀῤῥωστημάτων
2946 1086 3105 1137 τινῶν
3168 1082 3441 1159 ἱερατικῶν
3497 1080 3710 1156 βαθμῶν

2067 1173 2300 1252 ἐνεργεῖν
2353 1169 2675 1228 κεκώλυνται
2724 1168 2896 1227 δίκαια
2937 1171 3265 1249 χειροτονίας
3319 1173 3414 1228 οὒκ
3467 1167 3708 1239 ἀξιωθή-

2065 1283 2270 1324 σονται.
2331 1263 2392 1319 Οἱ
2444 1257 2499 1316 δὲ
2559 1261 2695 1336 μετὰ
2749 1259 2848 1326 τὴν
2898 1260 3230 1338 χειροτονίαν
3286 1256 3425 1314 οὕτω
3452 1258 3710 1322 παθόντες

2064 1357 2265 1424 κακῶς,
2325 1350 2420 1406 οὒκ
2476 1346 2838 1425 ἐμποδίζονται
2894 1346 2978 1404 διὰ
3033 1348 3134 1414 τηο
3191 1348 3344 1404 νόσον
3399 1349 3712 1427 ἱερουργεῖν,

2064 1441 2152 1496 καὶ
2210 1439 2375 1504 οὕτως
2447 1437 2727 1517 ἀῤῥώστως
2787 1436 3032 1518 ἔχοντες,
3092 1435 3378 1499 ἀκωλύτως
3434 1438 3714 1514 ἱερουργή-

2063 1552 2233 1588 σουσι.
2298 1538 2428 1591 Τοῖς
2482 1529 2582 1606 γαρ
2631 1526 2929 1607 θεοκήρυξιν
2990 1523 3128 1592 ἔδοξε
3203 1523 3288 1584 διὰ
3361 1522 3540 1593 λώϐην
3613 1526 3718 1581 σώ-

2062 1641 2229 1694 ματος
2282 1623 2380 1685 τῆς
2410 1618 2702 1696 ἱερουργίας
2736 1617 2854 1673 τινὰ
2910 1616 2987 1691 μὴ
3043 1613 3358 1679 κωλύεσθαι.
3417 1616 3477 1675 Εἰ
3520 1614 3574 1672 δὲ
3617 1620 3715 1682 τῆς

2059 1708 2316 1786 ἱερατείας
2358 1708 2420 1762 τὸ
2449 1704 2764 1782 σπούδασμα
2798 1702 3064 1781 ἐμποδίζει
3091 1704 3189 1772 τῆς
3232 1705 3386 1762 τόσου
3433 1706 3495 1761 τὸ
3548 1704 3714 1786 ὄφλη-

2065 1821 2162 1878 μα,
2220 1800 2317 1864 τῆς
2399 1795 2659 1874 ἐνεργείας
2733 1796 3058 1864 παυθήσεται
3130 1796 3158 1850 6
3229 1800 3419 1870 νοσῶν,
3496 1800 3590 1852 τοῦ
3659 1793 3713 1850 δὲ

337 1873 480 1968 quin
539 1878 731 1968 potius
787 1873 1158 1948 miserandus
1215 1887 1351 1968 erit,
1404 1907 1473 1949 ac
1511 1887 1708 1968 priore
1739 1886 1978 1968 quidem

2073 1873 2364 1962 ἀξιώματος
2421 1873 2535 1944 οὐκ
2578 1881 3064 1962 ἀλλοτριωθήσεται
3100 1899 3115 1914 ⁶
3163 1881 3300 1939 ἀλλά
3357 1882 3558 1958 μᾶλλον
3627 1885 3712 1940 οἱ-

335 1962 563 2026 honore
585 1966 838 2051 fruetur,
865 1971 1107 2035 habebit
1128 1962 1525 2038 autem'etiam
1552 1996 1683 2057 quae
1704 1962 1782 2038 ad
1807 1976 1981 2037 vitam

335 2057 780 2149 sustentandam
809 2061 1128 2141 sufticiant,
1163 2073 1222 2126 et
1249 2065 1502 2149 reliqua,
1519 2067 1686 2146 juxta
1719 2066 1982 2147 priorem

333 2145 849 2211 consuetudinem.

410 2231 598 2325 Inter.
633 2236 728 2300 24.
766 2239 856 2300 An
877 2243 1178 2324 sacerdos,
1203 2244 1291 2307 vel
1323 2245 1631 2320 diaconus,
1665 2244 1795 2306 sine
1818 2245 1983 2325 peri-

331 2323 464 2415 culo
489 2321 590 2385 fiat
611 2330 1066 2415 nummularius,
1087 2321 1184 2396 vel
1208 2333 1712 2415 commerciarius,
1735 2321 1832 2396 vel
1850 2352 1982 2397 me-

331 2410 523 2487 dicus,
560 2414 651 2474 vel
681 2415 1032 2497 asirologus,
1068 2425 1310 2484 necne?

411 2502 543 2564 Res.
574 2503 778 2568 Canon
809 2519 1146 2572 sanctorum
1177 2521 1237 2573 et
1279 2513 1441 2574 omni
1473 2513 1642 2575 laude
1677 2513 1982 2580 beatorum

327 2597 754 2673 apostolorum,
785 2598 910 2659 haec
932 2598 1146 2680 inquit:
1167 2599 1514 2683 Episcopus,
1534 2603 1623 2664 vel
1652 2603 1977 2684 presbyter,

2067 1977 2488 2055 κτειρηθήσεται,
2523 1974 2611 2030 καὶ
2641 1971 2928 2029 ἀπολαύσει
2987 1972 3084 2048 μὲν
3112 1971 3210 2040 τῆς
3241 1973 3496 2054 προτέρας
3525 1978 3713 2052 τιμῆς,

2065 2065 2166 2131 ἕξει
2196 2062 2251 2120 δὲ
2281 2065 2368 2120 καὶ
2395 2064 2461 2119 τὰ
2490 2064 2620 2142 πρὸς
2665 2063 2976 2140 ζωάρκειαν,
3029 2062 3116 2118 καὶ
3144 2061 3210 2120 τὰ
3238 2059 3422 2138 λοιπὰ,
3454 2063 3590 2119 κατά
3617 2063 3718 2129 τὴν

2067 2153 2321 2234 προτέραν
2352 2153 2630 2234 στνήθειαν
2641 2199 2654 2214 .

2149 2231 2445 2322 Ἐρώτησις
2475 2231 2580 2302 κδ’.
2615 2237 2926 2305 Ἀκινδύνως
2969 2241 3165 2320 γίνεται
3195 2241 3357 2319 ἱερεὺς
3401 2241 3436 2310 ἢ
3479 2238 3718 2306 διάκονος

2069 2332 2463 2404 καταλλάκτης,
2495 2330 2529 2399 ἢ
2560 2330 2996 2410 κομμερκιάριος,
3025 2329 3061 2398 ἢ
3089 2331 3283 2410 ἰατρὸς,
3309 2329 3346 2398 ἢ
3367 2327 3718 2410 ἀστρολόγος,

2065 2421 2243 2502 ilo-’5;

2147 2497 2272 2567 Ἀπ’
2311 2500 2368 2567 Ὀ
2418 2497 2498 2582 ς’
2551 2508 2726 2564 κανὼν
2789 2512 2895 2563 τῶν
2967 2507 3131 2586 ἁγίων
3201 2509 3287 2563 καὶ
3355 2507 3714 2587 πανευφήμων

2065 2597 2379 2656 ἀποστόλων
2450 2597 2616 2653 ταῦτά
2658 2618 2818 2676 φησιν
2850 2600 2866 2625 ⁸
2941 2593 3285 2676 Ἐπίσκοπος,
3341 2595 3378 2664 ἢ
3423 2593 3714 2674 πρεσϐύτε-

330 2686 422 2746 vel
452 2685 738 2747 diaconus
766 2687 1067 2750 seculares
1097 2708 1270 2752 curas
1293 2709 1410 2752 non
1431 2683 1735 2772 suscipiat:
1758 2692 1977 2773 alioqui

2073 2711 2176 2764 ους,
2220 2689 2255 2756 ἢ
2285 2687 2529 2752 διάκονος
2578 2687 2838 2762 κοσμικὰς
2879 2684 3175 2765 φροντίδας,
3237 2686 3314 2760 μὴ
3343 2683 3715 2760 ἀναλαμλανέ-

333 2773 684 2854 deponatur.
707 2773 895 2838 Nemo
915 2777 1072 2838 enim
1096 2787 1288 2860 potest
1313 2780 1544 2842 duobus
1567 2770 1824 2842 dominis
1847 2770 1977 2842 ser-

2073 2801 2137 2836 τω
2173 2794 2186 2808 ⁸
2223 2779 2266 2833 εί
2297 2776 2351 2833 δὲ
2407 2776 2508 2851 μὴ,
2555 2775 2941 2860 καθαιρείσθω.-
2967 2773 3144 2840 Οὒδεὶς
3196 2775 3296 2854 γὰρ
3354 2771 3563 2830 δύναται
3607 2770 3719 2828 δυσὶ

328 2861 477 2926 vire.
509 2863 580 2925 Et
609 2867 675 2930 81
724 2885 912 2928 canon
964 2856 1476 2940 dicitzDiximus.
1529 2889 1644 2931 non
1697 2880 1976 2951 oportere

2073 2869 2256 2949 κυρίοις
2300 2865 2585 2926 δουλεύειν.
2636 2869 2732 2926 Καὶ
2773 2869 2801 2923 6
2844 2856 2941 2923 πα’
2969 2868 3140 2924 κανὼν
3171 2867 3350 2947 εἶπεν,
3387 2865 3468 2923 ὅτι
3498 2865 3570 2924 0'3
3599 2864 3713 2943 χρὴ

335 2953 707 3034 episcopum,
731 2955 822 3018 vel
858 2959 1288 3038 presbyterum,
1316 2959 1577 3039 seipsum
1624 2960 1694 3021 ad
1717 2959 1981 3040 publicas

2073 2959 2348 3014 επίσκοπον
2404 2960 2439 3022 ἢ
2507 2954 2853 3036 πρεσϐύτερον
2910 2956 3144 3012 καθιέναι
3221 2957 3406 3012 ἑαυτὸν
3463 2955 3535 3018 είς
3604 2951 3706 3020 δη-

335 3042 880 3107 administrationes
911 3045 1249 3123 demittere,
1303 3048 1405 3110 sed
1457 3049 1518 3110 in
1565 3049 1981 3110 ecclesiasticis

2073 3047 2323 3121 μοσιακὰς
2355 3044 2659 3123 διοικήσεις,
2720 3045 2858 3102 ἀλλά
2911 3057 3314 3126 προσευκαιρεῖν
3361 3056 3484 3108 ταῖς
3515 3041 3708 3110 ἐκκλη-

332 3131 585 3210 negotiis
607 3135 849 3196 versari.
887 3133 1074 3198 Nemo
1104 3137 1265 3198 enim
1298 3145 1491 3217 potest
1520 3139 1751 3201 duobus
1783 3138 1977 3200 domi-

333 3220 428 3282 nis
458 3221 702 3304 servire,
736 3224 1066 3287 secundum
1100 3225 1475 3288 Dominicum
1507 3227 1774 3289 verbum.

415 3308 522 3373 Vel
555 3330 692 3392 ergo
724 3312 806 3374 ita
836 3332 956 3375 non
1008 3314 1203 3378 facere
1254 3315 1697 3396 persuadeatur,
1748 3317 1840 3378 vel
1869 3316 1979 3379 de-

334 3407 592 3492 ponatur
660 3403 745 3492 AEt
775 3421 964 3463 canon
997 3404 1033 3464 6
1089 3405 1298 3485 synodi
1357 3405 1838 3492 Carthaginensis
1869 3406 1979 3468 de-

334 3489 488 3570 finit,
539 3508 607 3552 ex
656 3489 861 3554 infami
918 3492 1008 3552 vel
1067 3495 1224 3574 turpi
1284 3495 1518 3574 negotio
1572 3489 1834 3556 Sacratos
1887 3494 1979 3555 vi-

335 3585 494 3640 ctum
529 3599 643 3640 non
702 3599 1069 3660 comparare.
1124 3582 1195 3644 Et
1239 3601 1426 3646 canon
1474 3587 1547 3646 10
1579 3584 1846 3664 ejusdem
1879 3603 1976 3664 sy-

331 3669 472 3731 nodi
505 3669 576 3730 ad
634 3669 1034 3732 institutiones
1085 3691 1400 3752 puerorum
1455 3682 1512 3734 et
1541 3673 1980 3754 Scripturarum

335 3758 653 3820 lectionem
709 3759 929 3822 debere
988 3770 1224 3841 paratos
1279 3781 1412 3824 esse
1472 3762 1721 3824 clericos
1751 3762 1981 3838 deﬁnit,

336 3855 394 3908 et
422 3866 539 3909 non
574 3848 889 3911 mundanis
937 3857 994 3911 et
1040 3851 1421 3913 saecularibus
1470 3851 1629 3912 curis
1679 3854 1981 3932 occupari.

333 3936 438 3999 Est
465 3955 609 3999 vero
667 3937 844 4000 etiam
884 3940 1074 4018 jussio
1119 3940 1138 3982 ί
1187 3939 1387 4020 inclyti
1440 3941 1839 4023 imperatoris,
1872 3939 1985 4001 do-

338 4026 483 4087 mini
514 4027 798 4088 Manuelis
829 4029 1142 4105 Comneni,
1197 4029 1356 4092 edita
1397 4049 1608 4092 mense
1639 4028 1982 4104 Navembri,

334 4113 544 4177 indict.
583 4117 678 4186 15.
713 4117 784 4178 ad
839 4119 1229 4198 quorumdam
1264 4119 1614 4181 clericorum
1646 4117 1983 4180 nummula-

335 4205 561 4267 riorum
592 4206 1050 4284 suggestionem,
1094 4207 1390 4270 insinuata
1419 4207 1479 4268 in
1513 4217 1740 4269 secreto
1773 4207 1988 4267 dome-

335 4293 620 4356 sticorum
651 4307 700 4368 ε,
765 4313 968 4356 mense
1023 4294 1364 4369 Novembri,
1397 4295 1602 4358 indict.
1651 4297 1747 4369 15,
1779 4303 1835 4355 et
1865 4295 1990 4356 hanc

2063 3149 2364 3202 σιαστικαῖς
2406 3137 2634 3216 χρείαις,
2706 3133 2882 3198 Οὐδεὶς
2940 3137 3040 3214 γὰρ
3095 3133 3305 3191 δύναται
3363 3133 3473 3190 δυσὶ
3515 3131 3709 3213 κυρίοις

1999 3249 2040 3298 C
2064 3223 2350 3297 δουλεύειν,
2399 3225 2533 3280 κατά
2561 3225 2660 3293 τὴν
2691 3224 2957 3302 Κυριακὴν
2996 3223 3380 3304 παραγγελίαν.

2165 3320 2210 3370 Η
2255 3313 2509 3370 πειθέσθω
2541 3314 2628 3371 οὖν
2677 3321 2832 3371 τοῦτο
2881 3313 2958 3388 μὴ
3010 3313 3215 3387 ποιεῖν,
3259 3312 3295 3373 ii
3351 3309 3714 3390 καθαιρείσθω.

2067 3405 2163 3460 Καὶ
2207 3405 2234 3458 6
2302 3391 2385 3476 ς’
2453 3404 2627 3460 κανὼν
2683 3407 2780 3470 τῆς
2838 3400 2890 3459 ἐν
2949 3401 3260 3482 Καρθαγένη
3312 3397 3486 3461 συνόδι
3542 3397 3710 3477 διορί-

2061 3497 2230 3567 ζεται,
2315 3491 2423 3548 ἀπὸ
2505 3492 2694 3569 ἀτίμου
2777 3491 2813 3560 ἢ
2898 3493 3123 3572 αἰσχροῦ
3203 3491 3544 3572 πράγματοςΔ
3597 3488 3719 3550 τοὺς

2060 3580 2375 3660 ἱερωμένους
2431 3567 2630 3662 τροφην
2700 3583 2778 3658 μὴ
2845 3567 3166 3660 πορίζεσθαι.
3242 3567 3340 3639 Καὶ
3409 3582 3438 3634 6
3506 3567 3544 3634 ι’
3613 3599 3719 3633 κα-

2064 3671 2166 3728 νὼν
2249 3675 2346 3737 τῆς
2432 3671 2594 3738 αὐτῆς
2676 3669 2892 3727 συνόδου
2975 3672 3106 3746 πρὸς
3190 3666 3526 3731 διδασκαλίας
3586 3665 3718 3723 παί-

2065 3759 2169 3818 δων
2254 3761 2342 3816 καὶ
2411 3760 2707 3839 ἀνάγνωσιν
2780 3763 2996 3839 Γραφῶν
3084 3760 3325 3835 ἑτοίμους
3396 3763 3544 3814 εἱναι
3599 3758 3721 3820 τοὺς

2066 3849 2354 3928 κληροκοὺς
2456 3846 2755 3928 διορίζεται,
2852 3850 2942 3905 καὶ
3054 3848 3132 3924 μὴ
3241 3859 3531 3928 κοσμικαῖς
3633 3847 3721 3902 καὶ

2067 3925 2349 4015 βιωτικαῖς
2420 3925 2683 4016 φροντίσιν
2737 3925 3204 4018 ίένασχολεῖσθαι.
3279 3925 3442 3993 ’Ἐστι
3509 3931 3565 3989 δὲ
3633 3931 3722 3990 καὶ

2068 4024 2386 4104 πρόσταγμα
2453 4031 2545 4082 τοῦ⁹
2604 4025 2843 4102 ἀοιδίμου
2912 4023 3173 4103 βασιλέως
3225 4026 3402 4104 κυρίου
3470 4021 3722 4089 Μανουῆλ

2068 4121 2161 4170 τοῦ
2230 4121 2531 4194 Κομνηνοῠ,
2613 4114 2884 4194 ἐξενεχθὲν
2961 4115 3056 4191 μὲν
3128 4114 3265 4170 κατά
3321 4117 3467 4188 μῆνα
3537 4109 3719 4186 Νοέμ-

2069 4202 2240 4282 ϐριον,
2287 4203 2649 4280 ἐπινεμήσεως
2710 4196 2799 4280 ιε’,
2865 4205 2949 4261 ἐπὶ
3009 4205 3305 4281 ὒπομνήτει
3363 4208 3520 4261 τινῶν
3576 4200 3721 4267 κλη-

2073 4300 2230 4363 ρικῶν
2301 4291 2681 4351 καταλλακτῶν
2717 4313 2730 4326 °
2789 4295 3152 4374 καταστρωθὲν
3217 4292 3271 4348 ἐν
3343 4298 3421 4366 τῷ
3491 4289 3722 4369 σεκρέτῳ

337 4383 664 4463 expressim
719 4383 1068 4464 praecipiens
1102 4407 1115 4442 :
1152 4386 1242 4448 Ad
1275 4403 1662 4466 quoscunque
1697 4402 1981 4464 pervene-

2073 4388 2176 4438 τὼν
2261 4383 2562 4466 οἰκειακῶν,
2633 4385 2768 4443 κατὰ
2862 4406 3005 4461 μηνα
3077 4380 3392 4462 Νοέμϐριον,
3469 4380 3718 4455 ἐπινεμη-

335 4461 456 4533 rint
486 4490 555 4534 ex
587 4461 1060 4552 emptione'tales
1091 4461 1622 4535 nummulariaruin
1651 4461 1981 4533 mensarum

2075 4493 2210 4552 σεως
2295 4461 2384 4548 ιε’,
2471 4473 2560 4528 καὶ
2641 4481 2805 4530 ταῦτα
2904 4474 3080 4549 ῥητῶς
3175 4461 3666 4551 παρακελευόμενον
3703 4487 3722 4505 °

336 4529 1714 4644 angariant;suasistis}.i
1739 4561 1981 4621 transfe-

2081 4549 2280 4622 ιὈσοις
2351 4529 2634 4638 περιῆλθον
2691 4559 2742 4627 ἐξ
2819 4529 3102 4641 ἀγορασίαις
3171 4529 3265 4618 τὰι
3307 4529 3523 4616 τοιαῦτα
3586 4579 3725 4614 κατ-

337 4648 706 4711 rendieasin
730 4651 1042 4712 honestam
1072 4665 1126 4713 et
1149 4650 1472 4714 Romanam
1504 4669 1842 4731 personam,
1863 4669 1981 4730 qua

2075 4647 2371 4706 αλλακτικὰ
2445 4651 2855 4731 τραπεζοτόπια,
2929 4648 3133 4706 δίδωσιν
3219 4647 3396 4706 ἄδειαν
3476 4650 3511 4716 ἡ
3576 4649 3726 4725 βασι.

337 4739 685 4800 occurrerit.
717 4738 902 4801 Vobis
924 4740 1108 4821 enim,
1133 4741 1489 4802 sacraticum
1510 4739 1659 4815 sitis,
1676 4741 1864 4801 talem
1889 4758 1981 4800 ar-

2074 4737 2188 4794 λεία
2263 4761 2362 4813 μου
2432 4737 2792 4821 ἐναλλαγῆναι
2835 4746 2999 4796 ταῦτα
3043 4740 3114 4804 είς
3155 4738 3289 4821 ἅπερ
3347 4736 3409 4792 ἂν
3465 4738 3724 4816 εὑρήσητε

338 4837 454 4888 tem
487 4845 768 4890 exercere
797 4847 916 4890 non
970 4819 1128 4904 licet,
1178 4831 1316 4908 quia
1347 4848 1456 4890 nec
1490 4829 1736 4908 potestis
1764 4847 1981 4891 conve-

2073 4825 2323 4906 ἀξιόλογα
2387 4828 2476 4884 καὶ
2535 4819 2812 4904 (Ρωμαϊκὰ
2853 4827 3134 4906 πρόσωπα,
3187 4819 3351 4904 ’Υμᾶς
3409 4827 3508 4905 γὰρ
3563 4828 3724 4904 ἱερω-

337 4916 525 4979 nienti
551 4917 935 4997 castigatione
965 4919 1258 4991 coerceri,
1297 4919 1344 4980 si
1372 4918 1512 5000 qu3d
1539 4925 1752 4998 praeter
1775 4917 1981 4996 praefe-

2079 4916 2263 4992 μένους
2319 4914 2472 4980 ὄντας
2531 4917 2628 4984 τὴν
2697 4917 2945 4984 τοιαύτην
2992 4916 3298 4993 ἐπιστήμην
3373 4914 3726 4994 μετέρχεσθαι

337 5006 587 5068 ctoriam
636 5005 1046 5069 deﬁnitionem
1107 5008 1357 5083 faciatis,
1392 4999 1556 5070 ﬁcum
1590 5006 1720 5067 sitis
1749 5005 1981 5068 sacrati.

2081 5005 2177 5061 οὒκ
2238 5003 2530 5084 ἐνδέχεται,
2589 5004 2670 5062 ὅτι
2740 5004 2855 5062 οὐδὲ
2911 5004 3128 5063 δυνατὸν
3187 5002 3592 5062 ἀναστέλλεσθαι
3647 4999 3733 5057 δια

338 5093 687 5175 Quicunque
706 5095 886 5174 igitur
902 5105 1158 5158 vestrum
1196 5097 1522 5177 eruptione,
1550 5105 1610 5156 ut
1635 5094 1856 5158 dictum
1880 5101 1981 5164 est,

2084 5096 2444 5174 προσήκοντος
2546 5104 2935 5176 σωφρονισμοῦ,
3062 5095 3292 5162 ὁπηνίκα
3393 5115 3443 5150 τι
3524 5098 3736 5150 ποιεῦτε

338 5185 447 5246 has
502 5183 912 5264 acquisierint,
972 5185 1181 5264 dignas
1216 5185 1286 5246 ad
1321 5186 1661 5266 praefectum
1707 5183 1974 5244 adducan

2088 5185 2227 5262 παρὰ
2264 5185 2362 5266 ,τὸν
2414 5182 2706 5264 ἐπαρχικὸν
2758 5185 3002 5263 ὁρισμὸν,
3061 5182 3145 5240 διὰ
3198 5184 3260 5239 τὸ
3331 5183 3473 5240 εἶναι
3516 5179 3740 5259 ἶερωμέ-

342 5261 648 5353 personas,
678 5281 800 5334 tum
823 5282 887 5336 ut
912 5261 1182 5336 admittat
1220 5261 1342 5348 eas,
1372 5286 1492 5336 tnm
1520 5282 1582 5334 ut
1605 5271 1981 5334 mensulario:

2082 5261 2224 5337 νους.
2261 5261 2426 5330 υΟσοι
2457 5261 2645 5338 οὖν’-ἐξ
2693 5261 2839 5349 ὑμῶν
2898 5270 2950 5338 ἐξ
2988 5261 3314 5353 μάγορασίας,
3360 5274 3434 5336 ὡς
3491 5268 3730 5344 εἴρηται,

340 5379 445 5442 pro
477 5360 629 5442 ipsis
668 5361 853 5441 gratis
884 5371 940 5423 et
971 5362 1194 5443 absque
1224 5362 1657 5426 consuetudine
1687 5361 1981 5422 dationevc

2079 5368 2242 5417 ταῦτα
2311 5360 2588 5436 κέκτησθε,
2667 5359 3176 5442 προσκομισάτωσαν
3234 5360 3487 5442 ἀξιόλογα
3556 5380 3729 5440 προσ-

1665 5528 1928 5592 VARIIE
1974 5525 2430 5594 LECTIONES.

420 5663 440 5710 τ
475 5664 762 5733 edictum.
847 5676 876 5720 κ
903 5664 1163 5729 relatum
1192 5667 1257 5728 in
1284 5668 1673 5732 secretarium
1703 5683 1911 5730 rerum
1935 5666 2330 5748 privatarum
2360 5683 2381 5727 :
