4128 6434
443 312 598 385 1059

440 535 708 598 minatim
740 535 1042 614 eleganter
1071 534 1439 613 scripserunt
1465 552 1479 593 :
1533 531 1669 612 Eos,
1720 532 1818 612 qui
1841 533 1900 596 in
1925 533 2086 597 clero

437 623 622 689 semel
645 622 904 685 ordinati
928 632 1087 705 sunt,
1116 632 1174 685 et
1195 622 1402 684 itidem
1429 622 1755 684 monachos
1775 624 2089 686 statuimus

439 733 552 776 nec
579 713 650 775 ad
685 711 1001 774 militarem
1025 711 1488 793 expeditionem,
1513 729 1622 771 nec
1640 710 1712 772 ad
1738 713 2083 774 saecularem

437 801 783 882 dignitatem
817 819 993 881 posse
1041 802 1266 863 venire.
1327 798 1439 872 Qui
1496 807 1692 860 autem
1723 799 1835 860 hoc
1865 803 2088 866 audent

434 900 494 954 et
525 909 644 955 non
677 890 1026 971 paenitentia
1053 890 1215 952 ducti
1245 887 1318 952 ad
1349 889 1410 950 id
1467 897 1865 963 revertuntur,
1928 893 2081 970 quod

434 990 678 1063 propter
709 985 899 1047 Deum
956 983 1121 1064 prius
1179 983 1507 1061 elegerant,
1571 983 2077 1049 anathematizari.

433 1071 508 1133 Et
536 1073 612 1134 83
669 1091 859 1134 canon
919 1080 1259 1134 sanctorum
1321 1071 1726 1152 apostolorum
1787 1071 1917 1135 haec
1946 1073 2076 1136 ait:

432 1158 784 1242 Episcopus,
817 1161 906 1222 vel
959 1160 1291 1242 presbyter,
1324 1160 1414 1222 vel
1446 1160 1754 1234 diaconus,
1792 1162 2081 1223 exercitui

433 1267 673 1323 vacans,
709 1261 767 1311 et
822 1259 1071 1330 utraque
1125 1248 1400 1311 obtinere
1458 1249 1682 1328 volens,
1747 1249 2077 1310 Romanum

434 1337 662 1399 scilicet
693 1338 1121 1415 magistratum,
1157 1347 1215 1399 et
1244 1337 1671 1399 sacerdotalem
1705 1339 2084 1400 administra-

435 1425 680 1493 tionem,
710 1426 1059 1507 deponatur.
1093 1425 1234 1500 Quae
1264 1435 1400 1488 sunt
1429 1426 1589 1488 enim
1641 1427 1915 1502 Caesaris,
1950 1431 2080 1492 Cae-

436 1515 554 1575 sari
581 1535 595 1595 ;
622 1523 828 1596 etquae.
851 1523 985 1577 sunt
1005 1515 1132 1589 Dei,
1179 1518 1323 1578 Deo.
1363 1514 1533 1578 Fient
1567 1515 1746 1594 igitur
1774 1517 1834 1577 in
1868 1537 2080 1579 mona-

436 1603 586 1679 chis,
623 1612 680 1664 et
709 1604 955 1684 reliquis
983 1605 1132 1667 adeo
1167 1604 1319 1666 bene
1349 1623 1413 1666 se
1441 1605 1808 1684 gerentibus,
1849 1625 1918 1667 ea
1947 1625 2082 1688 quae

433 1691 773 1772 hujusmodi
803 1694 1130 1755 canonibus
1161 1694 1404 1756 deﬁnita
1434 1703 1590 1756 sunt.

513 1779 700 1843 Inter.
736 1784 835 1844 27.
873 1783 1165 1863 Conjuges
1195 1784 1499 1844 communi
1527 1784 1675 1846 forte
1706 1803 2002 1847 consensu
2023 1793 2080 1848 et
2102 1814 2140 1864 Β
2197 1841 2222 1853 .,

1819 313 1948 378 JUS
1989 304 2438 376 CANONICUM

439 446 745 511 ccelestem
768 443 1060 514 fecerunt,
1090 443 1151 506 in
1178 448 1214 505 7
1236 459 1469 509 canone
1483 440 1595 504 sub
1618 442 1744 505 haec
1765 442 1840 504 de
1859 441 1934 505 iis
1966 465 2073 508 no-

2167 441 2382 501 σύνοδον
2463 441 2879 520 ούρανώσαντες,

3665 300 3809 368 1060

2964 439 3019 496 ἂν
3087 429 3138 511 ζ’
3205 437 3386 496 κανόνι
3456 440 3622 496 αὐτῶν
3694 433 3807 492 τάδε

2169 533 2344 610 ῥητῶς
2408 533 2526 611 περὶ
2583 531 2782 589 τούτων
2847 527 3337 608 ἐκαλλιγράγησαν,
3395 526 3523 589 Τοὺς
3573 522 3704 590 ἅπαξ
3755 523 3803 578 ἒν

2169 620 2352 700 κλήρῳ
2406 619 2761 699 τεταγμένους
2827 618 2917 676 καὶ
2993 618 3261 694 μοναστᾶς
3339 616 3599 698 ὡρίσαμεν
3678 615 3804 689 μήτε

2168 711 2255 766 επὶ
2299 709 2596 789 στρατείας,
2669 709 2807 785 μήτε
2851 708 2937 765 ἐπὶ
2992 705 3136 772 ἀξίαν
3195 704 3461 781 κοσμικὴν
3517 703 3800 784 ἔρχεσθαι·

2169 801 2231 872 ἢ,
2277 805 2431 855 τοῦτο
2483 797 2817 873 τολμῶντας,
2878 797 2967 853 καὶ
3027 796 3107 870 μὴ
3165 791 3621 871 μεταμελομένους
3678 790 3806 847 ὥστε

2168 886 2594 966 ἐπιστρέψαι-ἐπὶ
2621 891 2776 942 τοῦτο
2825 887 2854 942 ὃ
2907 883 2988 942 διὰ
3030 886 3159 940 Θεὸν
3220 881 3454 962 εἴλοντο,
3499 880 3801 956 ἀναθεματί-

2165 964 2363 1046 ζεσθαι.
2440 977 2538 1033 Καὶ
2607 977 2636 1030 ὁ
2699 964 2796 1053 πγ’
2877 974 3052 1030 κανὼν
3108 979 3213 1030 τῶν
3283 972 3444 1050 ἁγίων
3507 966 3802 1028 ἀποστόλων

2165 1073 2326 1122 ταῦτα
2396 1062 2632 1129 διέξεισιν
2665 1080 2680 1095 ·
2771 1064 3114 1140 Ἐπίσκοπος,
3202 1062 3238 1131 ἢ
3319 1057 3689 1139 πρεσϐύτερος,
3769 1057 3801 1125 ἢ

2163 1151 2401 1218 διάκονος
2466 1152 2710 1232 στρατείᾳ
2767 1151 3075 1231 σχολάζων,
3133 1153 3221 1208 καὶ
3275 1149 3593 1228 βουλόμενος
3634 1149 3796 1228 ἀμφό-

2162 1264 2284 1314 τερα
2367 1243 2640 1324 κατέχειν,
2731 1233 3039 1317 Ῥωμαϊκὴν
3110 1242 3287 1322 ἀρχὴν
3366 1239 3464 1296 καί
3547 1239 3806 1318 ἱερατικὴν

2164 1332 2451 1413 διακονίαν,
2499 1331 2860 1410 καθαιρείσθω.
2934 1333 3010 1390 Τὰ
3077 1335 3176 1412 γὰρ
3222 1331 3481 1408 Καίσαρος
3545 1328 3800 1405 Καίσαρι·

2162 1424 2250 1478 καὶ
2291 1423 2357 1481 τὰ
2412 1429 2503 1478 τοῦ
2560 1427 2713 1496 Θεοῦ,
2758 1428 2834 1494 τῷ
2880 1428 3017 1495 Θεῷ,
3064 1423 3349 1491 Γενήσεται
3405 1419 3490 1475 οὖν
3541 1417 3624 1474 ἐπὶ
3691 1417 3804 1479 τοῖς

2165 1510 2302 1567 οὕτω
2343 1509 2522 1576 καλῶς
2571 1509 3000 1585 πολιτευομένοις
3057 1521 3326 1590 μοναχοϊς
3371 1529 3429 1564 τε
3485 1509 3572 1564 καὶ
3599 1506 3804 1568 λοιποῖς

2163 1601 2228 1655 τα
2258 1599 2312 1655 ἐν
2337 1600 2742 1680 τοῖςποιούτοις
2767 1599 2951 1655 κανόσι
2982 1597 3321 1678 διωρισμένα,

2245 1777 2536 1857 Ἐρώτησις
2581 1768 2685 1850 κζ’.
2747 1769 3027 1856 ὐμόζυγοι
3071 1779 3206 1834 κατὰ
3248 1776 3433 1834 κοινὴν
3476 1775 3622 1852 τάχα
3667 1777 3802 1852 ψυχ-

435 1868 649 1950 placito
680 1871 894 1934 animae
916 1861 1303 1944 conducibili,
1328 1873 1714 1935 monasticam
1739 1873 1915 1934 vitam
1950 1875 2073 1937 ele-

2164 1867 2346 1949 ωιρελῆ
2375 1867 2588 1936 θέλησιν
2617 1871 2704 1925 καὶ
2733 1868 3007 1948 ἀρέσκειαν
3038 1870 3126 1925 τὸν
3157 1869 3366 1946 μονήρη
3399 1867 3510 1942 βίον
3539 1861 3803 1928 ἐπελέξαν-

434 1970 668 2036 gerunt.
692 1958 841 2033 Quia
861 1969 1055 2024 autem
1081 1981 1287 2024 rursus
1309 1962 1368 2024 in
1414 1964 1624 2025 eadem
1660 1963 1840 2026 domo
1872 1971 2073 2043 agunt,

433 2047 646 2110 eodem
678 2049 855 2125 victu,
919 2051 1249 2132 eademque
1299 2071 1504 2115 mensa
1553 2061 1809 2133 utentes,
1843 2052 2076 2117 discere

431 2135 606 2198 velim
641 2138 785 2219 quid
815 2139 1151 2202 faciendum
1182 2141 1278 2203 sit.

513 2224 652 2290 Res.
672 2226 1134 2290 Divinicanones
1147 2238 1364 2291 sanctae
1375 2230 1828 2294 etoecumenicae
1842 2231 2074 2313 synodi,

427 2323 646 2377 coactae
673 2315 734 2376 in
769 2318 988 2398 templo
1020 2327 1360 2380 sanctorum
1411 2321 1833 2400 apostolorum,
1869 2321 2076 2400 appel-

427 2404 560 2467 lata:
586 2407 601 2464 Ι
635 2415 694 2466 et
718 2406 777 2481 2,
806 2405 1134 2469 deﬁniunt:
1192 2415 1464 2470 tonsuras
1516 2409 1575 2470 in
1601 2409 1959 2472 monasteria
1990 2411 2076 2472 sic

428 2493 582 2569 ﬁeri,
612 2511 687 2556 ne
712 2495 978 2556 recusari
1001 2495 1250 2576 possint,
1274 2505 1331 2557 et
1349 2497 1817 2560 conventionesll
1839 2516 2070 2580 eorum,

427 2581 529 2664 qui
553 2582 896 2660 tondentur,
923 2603 958 2646 a
979 2584 1434 2664 ﬁdeiussoribus
1453 2586 1698 2668 suscipi.
1753 2586 1866 2660 Qui
1899 2586 2076 2666 igitur

427 2689 546 2731 non
559 2671 783 2750 degunt
817 2672 876 2733 in
896 2673 1292 2749 monasteriis,
1320 2674 1380 2734 in
1404 2674 1621 2757 quibus
1642 2674 1845 2737 habitu
1878 2684 2073 2739 muta-

425 2767 586 2836 runt,
621 2771 677 2821 et
709 2762 864 2822 tonsi
894 2769 1056 2844 sunt,
1089 2762 1194 2824 sed
1228 2764 1289 2826 in
1323 2764 1641 2827 mundanis
1674 2765 2019 2827 diversoriis
2055 2788 2070 2843 ;

424 2849 859 2929 compellentur
882 2869 914 2911 a
943 2851 1272 2914 dimccseos
1304 2853 1608 2936 episcopo,
1660 2873 1796 2916 cum
1829 2874 2068 2917 excom-

426 2936 830 3001 municatione
863 2948 921 3001 et
949 2940 1360 3007 acerbissimis
1409 2943 1598 3023 pinnis
1656 2943 1855 3005 redire
1887 2942 2064 3020 bene,

423 3025 582 3088 unde
614 3027 768 3090 male
793 3029 1084 3090 exierunt.
1799 3033 1803 3036 ’

502 3205 695 3268 Inter.
725 3207 825 3268 28.
846 3205 1182 3290 Pontiﬁces,
1209 3212 1305 3290 qui
1328 3208 1631 3285 diaconos,
1660 3212 2069 3292 velzsacerdo-

423 3304 513 3356 tes
545 3294 840 3372 ordinant,
874 3297 1015 3358 item
1047 3298 1147 3378 qui
1179 3299 1564 3376 perdivinum
1594 3301 1886 3364 lavacrum
1923 3323 2072 3384 pue-

423 3401 522 3445 ros
553 3385 1040 3460 orthodoxorum,
1071 3396 1170 3448 aut
1190 3388 1417 3469 aliquos
1455 3389 1772 3453 haereticos
1798 3394 2068 3455 sanctiﬁ-

423 3481 598 3544 cant;
665 3475 884 3552 pariter
941 3475 1040 3555 qui
1091 3477 1389 3557 aliquibus
1448 3478 1788 3540 ministrant
1839 3481 2068 3544 divinas

420 3561 940 3645 sanctiﬁcationes,
975 3566 1024 3626 si
1048 3565 1344 3628 iulahoris
1366 3568 1676 3648 praemium
1701 3573 2067 3634 nummarias

420 3653 648 3732 aliquas
677 3669 938 3714 summas
968 3654 1040 3716 ab
1097 3654 1178 3716 iis‘
1229 3656 1492 3738 exigant,
1539 3667 1784 3721 rectene
1813 3659 2062 3738 faciunt,

417 3760 616 3803 annon
647 3739 678 3799 ?

499 3831 634 3892 Res.
687 3829 922 3904 Milites,
979 3833 1197 3916 inquit,
1263 3835 1519 3915 propriis
1577 3838 1888 3920 stipendiis
1945 3861 2063 3903 non

417 3921 677 3984 aluntur.
722 3920 793 3982 Et
829 3940 937 4002 per
966 3926 1173 3985 Mosen
1220 3922 1368 3985 dixit
1396 3924 1576 4001 Deus,
1610 3926 1738 3989 Non
1778 3933 2066 3993 constrin-

418 4031 521 4093 ges
553 4033 617 4074 os
675 4012 807 4073 bovi
863 4011 1181 4073 trituranti.
1245 4011 1307 4074 Si
1354 4013 1532 4093 igitur
1564 4034 1668 4095 per
1699 4019 2064 4082 mediocrem

421 4102 722 4164 dationem
751 4101 1034 4182 aliquam,
1067 4109 1126 4162 et
1153 4101 1398 4164 arbitrio
1457 4105 1739 4181 ordinati,
1775 4107 1864 4168 vel
1894 4109 2066 4171 aliter

416 4191 790 4271 sanctiﬁcati,
825 4189 1102 4251 solatium
1131 4189 1405 4272 accipere
1427 4203 1697 4274 quaerunt
1721 4197 2063 4260 sacerdotes

421 4287 479 4340 et
510 4279 842 4360 pontiﬁces,
875 4279 976 4356 qui
995 4278 1272 4340 ordinant
1293 4282 1381 4342 vel
1407 4281 1728 4363 baptizant,
1753 4284 1904 4346 nihil
1925 4287 2064 4348 mali

413 4371 657 4434 faciunt.
683 4367 829 4430 Nam
853 4367 1120 4428 solemne
1153 4377 1243 4430 est
1271 4388 1377 4450 per
1407 4373 1923 4452 consuetudinem,
1958 4394 2060 4438 or-

415 4460 693 4522 dinantes
721 4456 996 4537 accipere
1043 4457 1345 4520 solatium.
1408 4459 1580 4532 Quod
1633 4462 1682 4523 si
1718 4462 2062 4540 huiusmodi

415 4549 617 4612 solitas
649 4545 1084 4610 muniﬁcentias
1137 4565 1258 4609 non
1318 4550 1644 4631 requirant,
1701 4551 1806 4614 sed
1840 4554 2064 4633 majora

415 4639 595 4712 dona,
632 4645 690 4699 et
719 4653 850 4718 qua
880 4635 1137 4697 ordinati
1168 4635 1475 4700 facultates
1499 4649 1911 4720 coangustent,
1943 4662 2064 4705 non

418 4737 639 4791 tantum
661 4745 778 4788 non
811 4723 1227 4802 exaudientur,
1261 4727 1366 4788 sed
1399 4735 1458 4789 et
1480 4727 1840 4809 depositioni
1868 4730 2061 4811 subji-

411 4817 664 4880 cientur.
725 4816 821 4878 Ait
867 4815 1028 4876 enim
1058 4815 1097 4876 2
1126 4833 1316 4878 canon
1346 4824 1564 4880 sanctae
1590 4825 1650 4880 et
1676 4825 2062 4884 mcumenicae

411 4907 655 4986 synodi:
692 4905 754 4969 Si
786 4903 919 4986 quis
950 4903 1266 4985 episcopus
1300 4914 1546 4986 propter
1576 4909 1857 4986 pecunias
1889 4909 2060 4972 ordi-

413 4995 711 5059 nationem
744 4993 975 5069 fecerit,
1009 5002 1065 5054 et
1095 5014 1214 5056 non
1246 4997 1514 5057 venalem
1546 4998 1794 5074 gratiam
1826 5000 1886 5059 in
1918 5018 2062 5062 ven-

413 5084 699 5146 ditionem
731 5083 1067 5157 deduxerit,
1103 5091 1160 5147 et
1179 5092 1424 5165 propter
1443 5087 1726 5167 pecunias
1751 5088 2056 5151 ordinave-

409 5173 488 5233 rit
507 5171 976 5253 episcOpum,vel
1002 5173 1614 5255 chorepiscopum,vel
1625 5177 2061 5258 presbyterum,

416 5261 512 5321 vel
542 5261 882 5338 diaconum,
915 5262 1006 5322 vel
1036 5261 1294 5343 aliquem
1330 5282 1560 5342 eorum,
1623 5266 1724 5346 qui
1781 5267 1842 5327 in
1901 5267 2062 5332 clero

409 5357 902 5428 annumerantur,
945 5350 1034 5411 vel
1089 5361 1332 5432 propter
1379 5354 1664 5434 pecunias
1699 5357 2064 5435 promoverit

412 5456 813 5514 (economum,
844 5439 935 5502 vel
967 5439 1370 5524 defensorem,
1417 5441 1507 5504 vel
1557 5446 2056 5529 paramonarium,

2161 1979 2222 2012 το
2255 1973 2268 1986 ⁸
2317 1956 2397 2014 ὅτι
2441 1957 2495 2014 δὲ
2539 1960 2625 2014 καὶ
2651 1958 2794 2022 αὖθις
2825 1957 2876 2013 ἐν
2912 1964 3009 2034 μιᾷ
3054 1957 3293 2028 κατοικία
3349 1953 3638 2032 διάγουσιν,
3685 1955 3806 2026 ὁμο-

2158 2044 2338 2103 δίαιτοι
2369 2048 2579 2112 πάντως
2608 2045 2751 2112 ὅντες
2779 2049 2867 2104 καὶ
2897 2047 3271 2124 ὁμοτράπεζοι,
3303 2051 3449 2116 ζητῶ
3479 2045 3538 2098 τὸ
3560 2040 3801 2108 ποιητέον

2158 2135 2244 2192 ἐπὶ
2272 2137 2474 2200 τούτοις
2503 2140 2715 2211 μαθεῖν.

2241 2223 2367 2288 ’Λπ,
2402 2227 2462 2283 Οἱ
2489 2229 2625 2282 θεῖοι
2681 2231 2896 2292 κανόνες
2927 2232 3026 2294 τῆς
3085 2229 3140 2282 ἒν
3189 2229 3267 2296 τῷ
3321 2224 3431 2297 ναῴ
3492 2227 3590 2278 τῶν
3647 2220 3804 2299 ἁγίων

2159 2312 2470 2371 ἀποστόλων
2537 2314 2803 2382 συστάσης
2887 2316 3038 2394 ἁγίας
3113 2314 3203 2371 καὶ
3259 2315 3630 2386 οἱκουμενικῆς
3683 2331 3804 2365 ουν·-

2157 2402 2298 2480 όδου,
2332 2404 2428 2472 τῆς
2479 2402 2774 2482 λεγομένης
2833 2395 2888 2461 α’
2941 2407 3029 2462 καὶ
3077 2394 3155 2480 β’,
3206 2402 3516 2482 διορίζονται
3570 2401 3704 2456 κατὰ
3747 2401 3806 2453 τὸ

2156 2493 2512 2572 ἀπαραίτητον
2594 2495 2666 2557 είς
2748 2496 3080 2574 μοναστήρια
3153 2494 3244 2558 τὰς
3328 2491 3652 2570 ἀποκάρσει)
3719 2488 3802 2565 γί-

2157 2585 2354 2657 νεσθαι,
2411 2584 2498 2639 καὶ
2553 2584 2654 2640 ὑπὸ
2710 2581 2990 2664 ἀναδόχων
3032 2585 3126 2647 τὰς
3184 2584 3444 2652 συνθήκας
3519 2588 3623 2638 τῶν
3667 2579 3803 2635 ἀπο-

2154 2672 2472 2751 κειρομένων
2526 2669 2795 2752 δέχεσθαι.
2857 2677 2916 2731 Οἱ
2973 2680 3098 2752 γοῦν
3156 2674 3234 2749 μὴ
3284 2670 3555 2751 διάγοντες
3614 2671 3684 2734 εἷς
3741 2668 3802 2724 τὰ

2155 2763 2482 2840 μοναστήρια
2541 2763 2613 2826 εἷς
2690 2763 2724 2818 ἃ
2800 2762 3374 2842 μετεσχηματίσθησαν
3453 2764 3540 2819 καὶ
3597 2759 3800 2817 ἀπεκά-

2153 2871 2343 2930 ρησαν,
2431 2848 2549 2908 ἀλλ’
2622 2853 2694 2915 εἰς
2766 2855 2996 2929 κοσμικὰ
3051 2854 3386 2931 καταγώγια,
3463 2871 3800 2928 καταναγκα-

2152 2940 2434 3008 σθήσονται
2529 2941 2671 3015 παρὰ
2770 2951 2862 3000 τοῦ
2949 2941 3210 3022 ἐγχωρίου
3295 2940 3590 2998 ἐπισκόπου
3673 2938 3802 3014 μετᾶ

2151 3026 2442 3105 ἁφορισμοῦ
2520 3030 2608 3084 καὶ
2680 3026 3004 3108 δριμυτάτων
3107 3030 3384 3106 ἐπιτιμίων
3479 3027 3800 3108 ὑποστρέψαι

2087 3105 2126 3155 C
2154 3115 2332 3178 καλῶς
2377 3115 2492 3172 ὅθεν
2538 3105 2754 3184 ἐξῆλθον
2797 3124 3001 3182 κακῶς.

2237 3202 2527 3285 Ἐρώτησις
2576 3197 2690 3273 κη’,
2751 3211 2810 3264 Οἱ
2867 3216 3292 3288 χειροτονοῦντες
3348 3210 3627 3291 ἀρχιερεῖς
3684 3207 3802 3265 δια-

2153 3293 2337 3358 κόνους
2381 3298 2468 3351 καὶ
2525 3299 2710 3375 ἱερεῖς,
2755 3295 2890 3357 ἀλλὰ
2960 3299 3069 3373 μὴν
3135 3301 3222 3355 καὶ
3293 3303 3339 3356 οἱ
3381 3299 3468 3356 διὰ
3525 3301 3618 3358 τοῦ
3671 3299 3803 3356 θείου

2152 3384 2516 3460 βαπτίσματος
2572 3383 2769 3449 παῖδας
2828 3385 3109 3465 ὀρθοδόξων
3178 3390 3507 3467 άγιάζοντες,
3598 3389 3636 3458 ἢ
3717 3386 3802 3444 καί

2152 3494 2294 3538 νινας
2347 3475 2633 3552 αἱρετικούς
2671 3495 2683 3508 ·
2745 3477 2992 3541 ὡσαύτως
3043 3478 3133 3532 καὶ
3202 3481 3247 3534 οἱ
3294 3477 3661 3554 μεταδιδόντες
3729 3498 3803 3533 τι·

2147 3560 2235 3625 νὰς
2266 3567 2370 3618 τῶν
2411 3563 2560 3619 θείων
2605 3565 2974 3642 ἁγιασμάτων,
3029 3564 3118 3621 ἐὰν
3162 3566 3456 3623 ἀπαιτῶσιν
3529 3565 3582 3632 ἐξ
3635 3570 3801 3625 αὐτῶν

2145 3649 2304 3727 χάριν
2356 3652 2524 3708 κόπου
2581 3654 2781 3708 τούτων
2835 3655 3138 3721 ποσότητάς
3180 3677 3325 3720 τινας
3381 3657 3797 3733 νομισματικὰς,

2143 3738 2319 3804 καλῶς
2350 3749 2611 3816 ποιοῦσιν,
2646 3742 2683 3811 ἢ
2714 3740 2771 3800 οῦ
2809 3763 2824 3824 ς

2232 3829 2565 3910 Ἀπόκρισις.
2626 3836 2685 3890 Οἱ
2743 3840 3086 3911 στρατιῶται,
3160 3836 3340 3916 φησὶν,
3411 3834 3562 3902 ἰδίοις
3646 3838 3799 3912 ὀψω-

2147 3924 2273 3986 νίοις
2327 3927 2422 3982 οὐκ
2482 3923 2878 4006 ἀνατρέφονται,
2955 3928 3053 3983 Καὶ
3105 3924 3190 3983 διὰ
3259 3927 3496 3992 Μωσέως
3558 3929 3715 3985 εἶπεν
3772 3927 3799 3980 ὁ

2148 4014 2301 4092 Θεὸς,
2348 4017 2420 4071 Οὐ
2449 4013 2705 4091 φιμώσεις
2736 4015 2859 4092 βοῦν
2888 4013 3151 4078 ἀλοῶντα,
3212 4019 3270 4072 Εἰ
3300 4023 3424 4095 γοῦν
3457 4016 3544 4074 διὰ
3585 4018 3799 4096 μετρίας

2145 4104 2286 4166 τινὸς
2345 4100 2560 4178 δόσεως,
2621 4105 2710 4163 καὶ
2756 4109 2823 4181 τῇ
2884 4105 3184 4185 προαιρέσει
3233 4115 3323 4162 τοῦ
3380 4107 3798 4188 χειροτονουμέ-

2147 4213 2257 4270 νου,
2302 4190 2339 4258 ἢ
2396 4189 2572 4255 ἄλλως
2624 4195 2997 4275 ἁγιαζομένου,
3053 4200 3495 4277 παρηγορηθῆναι
3553 4204 3801 4269 ζητοῦσιν

2145 4283 2191 4335 οἱ
2223 4291 2646 4359 χειροτονοῦντες
2704 4282 2739 4350 ἢ
2777 4284 3140 4360 βαπτίζοντες.
3204 4280 3389 4366 ἰερεῖς
3446 4309 3505 4343 τε
3559 4290 3650 4344 καὶ
3702 4286 3795 4366 ἆρ-

2147 4382 2380 4449 χιερεῖς,
2414 4369 2558 4428 οὐδέν
2601 4392 2653 4426 τι
2712 4379 2922 4429 ποιοῦσι
2985 4377 3148 4431 κακόν
3206 4375 3528 4452 Νενόμισται
3574 4377 3676 4456 γὰρ
3721 4374 3803 4434 διὰ

2147 4459 2422 4528 συνήθειαν
2495 4465 2911 4540 παρηγορεῖσθαι
3003 4464 3123 4528 τοὺς
3194 4476 3656 4544 χειροτονοῦντας.
3744 4466 3801 4522 Ei

2146 4546 2200 4603 δὲ
2258 4549 2510 4612 ταιαύτας
2581 4549 2678 4624 μὲν
2753 4553 2992 4622 συνήθεις
3074 4551 3314 4632 εὐλογίας
3395 4555 3456 4610 οῦ
3525 4564 3798 4630 ζητοῦσιν,

2145 4633 2280 4695 ἀλλὰ
2309 4635 2511 4713 δόματα
2562 4641 2782 4719 σθεναρὰ
2835 4643 2923 4697 καὶ
2971 4644 3072 4709 τὴν
3127 4643 3284 4723 ἰσχὺν
3325 4654 3418 4704 τοῦ
3461 4667 3801 4726 χειροτονου-

2146 4725 2304 4802 μένου
2359 4736 2812 4807 στενοχωροῦντα,
2888 4732 2948 4786 οὐ
3029 4730 3191 4807 μόνον
3275 4733 3369 4790 οὐκ
3441 4725 3800 4806 εἰσακουσθή-

2143 4836 2348 4896 σονται,
2418 4815 2554 4874 ἀλλὰ
2623 4819 2710 4874 καὶ
2752 4818 3047 4898 καθαιρέσει
3111 4818 3600 4893 ὑποϐληθήσονται.
3659 4825 3801 4892 Φησὶ

2141 4905 2240 4983 γὰρ
2297 4907 2325 4960 ὁ
2378 4905 2411 4982 β
2487 4907 2661 4963 κανὼν
2713 4914 2812 4976 τῆς
2869 4909 3020 4987 ἁγίας
3097 4913 3185 4966 καὶ
3237 4913 3612 4988 οἰκουμενικῆς
3672 4937 3799 4972 συν-

2141 4991 2280 5055 όδου,
2327 4993 2396 5049 Εἴ
2437 5017 2518 5059 τις
2549 4995 2832 5062 ἐπίσκοπος
2865 4997 2948 5055 ἐπὶ
2991 5002 3235 5080 χρήμασι
3269 5006 3608 5082 χειροτονίαν
3638 5005 3796 5074 ποιή-

2139 5103 2244 5158 σει,
2273 5084 2361 5140 καὶ
2389 5085 2462 5146 εἷς
2519 5085 2708 5164 πράσιν
2749 5089 2966 5168 κατάγει
3009 5091 3108 5158 τὴν
3165 5090 3395 5170 ἄπρατον
3455 5095 3644 5174 χάριν,
3710 5095 3797 5150 καὶ

2145 5175 2512 5252 χειροτονήσει
2555 5176 2641 5232 ἐπὶ
2698 5179 2973 5258 χρήμασιν
3029 5179 3339 5256 ἐπίσκοπον,
3489 5184 3790 5264 πρεσϐύτε-

2144 5283 2254 5342 ρον,
2288 5263 2324 5331 ἢ
2355 5261 2614 5343 διάκονον,
2659 5267 2695 5335 ἢ
2742 5271 3175 5352 χωρεπίσκοπον,
3221 5271 3258 5339 ἢ
3298 5271 3472 5353 ἕτερόν
3536 5261 3660 5332 τινα
3689 5282 3792 5331 τὼν

2141 5353 2195 5407 ἐν
2252 5357 2329 5426 τῷ
2383 5351 2564 5433 κλήρῳ
2621 5359 3123 5438 κατηριθμημένων,
3208 5363 3244 5430 ἢ
3311 5351 3638 5441 προϐάλοιτο
3708 5364 3793 5420 ἐπὶ

2142 5442 2416 5522 χρήμασιν
2459 5446 2758 5528 οἰκονόμον,
2813 5447 2850 5516 ἢ
2923 5447 3147 5528 ἔκδικον,
3205 5451 3242 5519 ἢ
3287 5453 3702 5533 προσμονάριον,
3755 5453 3792 5522 ἣ

1726 5596 1984 5662 νΑΡιιιΕ
2033 5600 2348 5670 LECTION
2357 5604 2462 5669 ES.

482 5729 516 5769 ³
535 5721 907 5804 sponsiones.
