4128 6420
364 337 517 404 1061

1693 331 2410 405 ῦΒιΕΟΟ-ΒΟΜΑΝΙῙΜ.

3600 328 3763 396 1062

364 469 540 536 ἄλλως
571 472 688 529 τινά
713 479 808 530 τοῦ
861 471 1082 535 κανόνος
1138 468 1205 529 δι’
1257 469 1712 552 αἰσχροκέρδειαν,
1773 475 1802 528 ὁ
1844 472 2009 547 τούτῳ

2097 467 2186 532 vel
2217 468 2465 530 omnino
2516 466 2778 549 aliquem
2838 485 2908 529 ex
2971 484 3227 549 canone,
3273 465 3466 548 turpis
3495 447 3753 550 quaestu8

365 560 736 642 ἐπιχειρήσας,
787 559 1057 642 ἐλεγχθεὶς
1101 559 1442 619 κινδυνευέτω
1494 563 1612 641 περὶ
1669 563 1761 618 τὸν
1818 563 2014 618 οἰκεῖον

361 649 586 726 βαθμόν,
640 651 737 708 Καὶ
793 653 822 707 ὁ
884 651 1377 732 χειροτονούμενος,
1425 647 1590 727 μηδὲν
1651 649 1712 706 ἐκ
1752 648 1849 717 τῆς
1898 647 2017 705 κατ’

364 737 618 816 ὶμπορίαν
660 736 966 818 ὠφελιίσθω
1007 741 1390 821 χειροτονείας,
1447 739 1484 807 ἢ
1529 736 1798 817 προϐολῆς
1837 755 1851 770 ⁸
1898 736 2016 794 ἀλλ’

365 825 504 884 ’έστω
545 827 838 909 ἀλλότριος¹
877 834 974 896 τῆς
1031 829 1172 895 ἀξίας
1230 829 1266 897 ἢ
1325 836 1418 885 τοῦ
1471 829 1880 908 φροντισμάτος,
1935 829 2019 884 οὗ·

361 938 462 998 περ
492 917 577 975 ἐπὶ
618 919 894 999 χρήμασιν
954 918 1165 999 ἔτυχεν,
1216 921 1272 976 Εἰ
1316 916 1371 974 δέ
1399 940 1479 982 τις
1512 918 1801 993 μεσιτεύων
1830 917 2016 996 φανείη

364 1020 480 1072 τοῖς
535 1006 702 1071 οὕτως
772 1009 1045 1088 αἰσχροῖς,
1120 1009 1208 1064 καὶ
1277 1007 1542 1082 ἀθεμίτοις
1602 1006 1874 1081 λήμμασι,
1932 1008 2020 1061 καὶ

362 1094 535 1169 οὗτος,
584 1098 628 1152 εἰ
686 1097 782 1172 μὲν
836 1095 1088 1174 κληρικὸς
1143 1096 1257 1164 εἴη.
1318 1105 1411 1153 τοῦ
1469 1097 1664 1153 οἰκείου
1719 1094 2020 1151 ἐκπιπτέτω

361 1185 564 1261 βαθμοῦ
600 1205 614 1219 ⁶
677 1187 721 1241 εἰ
779 1183 833 1241 δὲ
862 1184 1080 1265 -λαϊκὸς
1139 1186 1174 1255 ἢ
1233 1187 1319 1242 καὶ
1350 1187 1618 1265 μονάζων,
1651 1182 2020 1258 ἀναθεματιζέο

361 1277 492 1330 σθω⁶
553 1274 651 1332 Καὶ
707 1276 736 1330 ὁ
778 1263 870 1351 κγ’
908 1276 1080 1334 κανὼν
1137 1277 1235 1340 τῆς
1298 1273 1351 1328 ἐν
1395 1280 1470 1347 τῷ
1521 1263 1766 1350 Τρούλλῳ
1796 1278 1886 1327 τοῦ
1917 1293 2018 1336 με-

364 1361 530 1440 γάλου
585 1361 842 1419 παλατίου
926 1363 1190 1430 συστάσης
1276 1363 1425 1441 ἁγίας
1495 1365 1583 1418 καὶ
1652 1362 2018 1437 οἰκοῦμενικῆς

367 1449 581 1508 συνόδου
639 1461 801 1509 ταῦτα
871 1449 1078 1516 διέξεισι
1133 1455 1252 1531 περὶ
1294 1459 1385 1509 τοῦ
1439 1450 1651 1518 Μηδένα
1708 1451 2015 1524 ἐπίσκοπον,

365 1537 478 1596 εἴτε
522 1537 892 1620 πρεσϐύτερον,
937 1540 1048 1596 εἴτε
1107 1539 1369 1614 διάκονον,
1427 1542 1524 1606 τῆς
1596 1540 1862 1620 ἀχράντου
1929 1561 2020 1613 με-

361 1626 635 1686 ταδιδόντα
677 1632 973 1702 κοινωνίας,
1023 1632 1164 1710 παρά
1219 1639 1312 1686 του
1379 1629 1704 1709 μετέχοντος
1765 1629 2018 1706 εἰσπράτ-

358 1738 490 1791 τειν,
576 1723 674 1785 τῆς
758 1719 1005 1785 τοιαύτης
1062 1719 1422 1795 μεταλήψεως
1479 1720 1660 1799 χάριν,
1723 1715 1934 1798 ὀϐολὸν,
1981 1719 2015 1786 ἢ

2098 556 2312 636 gratia,
2347 557 2446 638 qui
2477 557 2592 619 hoc
2623 565 2882 618 tentasse
2911 555 3216 618 convictus
3260 556 3460 630 fuerit,
3493 558 3570 618 de
3621 574 3757 638 pro-

2101 645 2232 728 prio
2251 645 2522 724 graduin
2567 644 2901 726 periculum
2945 645 3165 721 veniat;
3200 653 3258 708 et
3280 645 3380 728 qui
3406 652 3496 706 est
3515 645 3758 708 ordina-

2103 743 2223 812 tus,
2258 752 2328 795 ex
2381 732 2757 795 ordinatione
2810 732 2901 794 vel
2959 734 3355 814 promotione,
3419 751 3550 812 quae
3577 733 3764 796 instar

2103 831 2500 886 mercatorum
2526 821 2925 896 venundatur,
2977 821 3132 886 nihil
3191 824 3454 901 juvetur,
3486 824 3591 886 sed
3621 823 3700 885 sit
3728 845 3762 886 a

2103 912 2391 990 dignitate
2450 912 2541 976 vel
2592 910 2901 974 curatione
2957 911 3206 988 alienus,
3258 931 3433 993 quam
3492 913 3760 993 pecuniis

2103 1002 2358 1084 adeptus
2389 1011 2498 1063 est.
2535 1001 2597 1064 Si
2637 999 2769 1081 quis
2809 1008 3004 1062 autem
3038 1008 3348 1081 sequester
3379 1010 3436 1062 et
3465 1002 3757 1064 interces-

2104 1108 2205 1151 sor
2233 1109 2266 1152 a
2295 1092 2408 1152 deo
2469 1089 2739 1170 turpibus
2791 1097 2848 1150 et
2906 1089 3148 1150 nefariis
3179 1089 3360 1150 lucris
3388 1091 3752 1173 apparuerit,

2104 1178 2202 1240 hic
2234 1197 2494 1261 quoque,
2536 1181 2585 1239 si
2624 1179 2700 1238 sit
2737 1178 2980 1258 quidem
3014 1177 3293 1252 clericus,
3316 1179 3553 1258 proprio
3575 1181 3759 1259 gradu

2105 1268 2380 1342 excidat;
2425 1269 2473 1328 si
2505 1267 2580 1330 sit
2609 1277 2804 1328 autem
2859 1267 3067 1343 laicus,
3102 1267 3194 1328 vel
3228 1269 3573 1344 monachus,
3608 1289 3753 1330 ana-

2107 1357 2544 1422 thematizetur.
2578 1355 2649 1416 Et
2679 1355 2758 1416 ‘23
2798 1375 2989 1417 canon
3043 1367 3260 1417 sanctae
3291 1363 3348 1416 et
3379 1357 3760 1420 mcumenicaa

2105 1445 2312 1528 synodi
2344 1447 2406 1506 in
2436 1443 2641 1506 Trnllo
2677 1443 2870 1522 magni
2904 1443 3106 1524 palatii
3158 1453 3362 1506 coacte
3400 1445 3525 1506 haec
3558 1465 3758 1528 perse-

2102 1535 2301 1615 quitur
2329 1553 2341 1597 :
2367 1531 2442 1596 Ut
2475 1533 2693 1608 nullus,
2735 1533 2858 1594 sive
2908 1533 3250 1612 episc0pus,
3273 1531 3396 1594 sive
3425 1535 3754 1616 presbyter,

2099 1623 2226 1686 sive
2249 1623 2536 1687 diaconus
2555 1671 2570 1696 ,
2610 1621 3053 1683 immucclatam
3083 1621 3352 1702 praebens
3382 1623 3758 1685 communio-

2099 1732 2259 1787 nem,
2302 1712 2374 1773 ab
2399 1731 2491 1785 eo,
2528 1713 2630 1792 qui
2653 1711 3076 1784 communicat,
3128 1711 3258 1789 ejus
3289 1711 3757 1793 participationis

361 1804 504 1870 εἶδος
537 1807 597 1862 τὸ
649 1810 868 1866 οἱονοῦν.
927 1806 1056 1864 Οὐδὲ
1113 1809 1213 1888 γὰρ
1262 1809 1574 1888 πεπραμένη
1633 1808 1771 1864 ἐστὶν
1829 1807 1866 1874 ἢ
1899 1808 2009 1886 χά-

2097 1803 2305 1882 gratia,
2343 1801 2572 1874 obolos,
2606 1803 2692 1860 vel
2726 1800 3000 1880 quamvis
3043 1799 3217 1860 aliam
3247 1799 3511 1878 speciem
3539 1801 3749 1882 exigat.

363 1917 494 1975 ρις,,
556 1894 671 1952 οὐδὲ
713 1898 958 1977 χρήμασι
1019 1900 1108 1954 τὸν
1153 1899 1416 1976 ἀγιασμὸν
1471 1908 1564 1956 τοῦ
1591 1897 1888 1972 πνεύματος
1921 1917 2016 1971 με-

360 1981 696 2065 ταδιδόαμεν,
768 1984 904 2042 ἀλλά
971 2000 1089 2052 τοῖς
1147 1985 1307 2052 ἀξίοις
1379 1994 1472 2044 τοῦ
1523 1985 1688 2065 δώρου
1745 1987 2012 2064 ἆπανουρ-

364 2074 563 2151 γεύτως
595 2072 936 2149 μεταδοτέον.
997 2077 1055 2132 Εἰ
1112 2073 1166 2131 δὲ
1223 2076 1412 2155 φανείη
1455 2097 1534 2138 τις
1564 2078 1668 2133 τῶν
1698 2074 1752 2130 ὲν
1780 2082 1857 2149 τῷ
1883 2073 2016 2144 κλή-

365 2183 441 2241 ρῳ
519 2162 967 2242 κατειλειγμένων
1063 2164 1303 2221 ἀπαιτῶν
1386 2169 1433 2240 ᾧ
1515 2162 1828 2241 μεταδίδωσι
1913 2169 2012 2230 τῆς

366 2252 634 2333 ἀχράντου
695 2255 973 2320 κοινωνίας
1031 2257 1093 2312 τὸ
1155 2259 1350 2316 οἱονοῦν
1408 2255 1572 2336 εἶδος,
1645 2257 2010 2332 καθαιρείσθω,

365 2343 440 2406 ὡς
482 2341 576 2411 τῆς
645 2351 736 2400 τοῦ
805 2344 1046 2420 Σίμωνος
1110 2343 1359 2416 ζηλωτὴς
1413 2344 1621 2412 πλάνης
1664 2346 1749 2401 καὶ
1779 2365 2012 2423 κακουρ-

362 2431 482 2509 γίας
497 2480 510 2493 .

443 2519 738 2600 Ἐρώτησις
770 2511 874 2582 κθ’.
933 2525 993 2580 Οἱ
1035 2522 1156 2579 κατ’
1213 2522 1496 2601 ἐπίγνωσιν
1550 2522 1722 2590 ἀληθῆ
1752 2524 1884 2601 πρὸς
1913 2522 2013 2589 τὴν

361 2607 629 2690 ὀρθόδοξον
659 2609 831 2668 πίστιν
875 2609 1186 2692 ἐρχόμενοι,
1219 2613 1555 2691 Νεστοριανοὶ
1585 2609 1852 2692 δηλονότι,
1885 2609 2014 2690 Ἀρ-

361 2697 560 2775 μένιοι,
594 2695 927 2779 ἰακωϐτται,
957 2701 1044 2755 καὶ
1076 2699 1243 2778 ἕτεροι
1269 2703 1589 2778 αἱρεσιῶται,
1619 2697 1702 2756 διὰ
1732 2700 1894 2775 μόνου
1922 2699 2014 2756 τοῦ

362 2788 512 2866 ἁγίου
556 2788 721 2868 μύρου
781 2786 1046 2868 ὀφείλουσι
1109 2787 1455 2863 τελειοῦσθαι,
1515 2789 1552 2857 ἢ
1598 2791 1685 2846 καὶ
1739 2787 1822 2845 διὰ
1875 2788 2012 2846 θείου

364 2877 727 2954 βαπτίσματος
755 2897 771 2957 ;

445 2963 568 3029 Ἀπ,
607 2957 664 3023 εΟ
701 2956 795 3042 4έ¹
845 2969 1020 3024 κανὼν
1076 2972 1173 3031 τῆς
1227 2966 1282 3023 ἐν
1322 2976 1400 3044 τῷ
1457 2966 1707 3046 Τρούλλῷ
1771 2965 2010 3040 συνόδου,

2095 1889 2224 1952 Non
2248 1900 2334 1951 est
2365 1891 2523 1950 enim
2554 1889 2776 1949 venalis
2806 1889 3016 1967 gratia,
3050 1907 3163 1950 nec
3193 1906 3298 1969 pro
3329 1890 3600 1970 pecuniis
3628 1891 3751 1972 spi-

2095 1979 2245 2042 ritus
2270 1979 2794 2040 sanctiﬁcationem
2826 1977 3204 2057 impertimnr
3239 1999 3250 2037 :
3279 1977 3384 2040 sed
3416 1997 3486 2040 ea
3515 1979 3612 2062 iis,
3646 1981 3752 2061 qui

2097 2067 2260 2146 digni
2295 2077 2462 2139 sunt,
2494 2065 2717 2146 absque
2749 2066 2869 2126 ulla
2901 2073 2994 2126 est
3021 2065 3384 2127 calliditate0
3410 2069 3751 2129 communi-

2097 2155 2382 2219 canda.Si
2421 2155 2552 2236 quis
2593 2163 2785 2216 autem
2812 2172 3042 2231 eorum,
3077 2154 3180 2234 qui
3211 2163 3348 2216 sunt
3376 2154 3437 2216 in
3467 2155 3613 2218 cleri
3642 2176 3747 2219 ca-

2099 2245 2327 2325 talogo,
2362 2243 2547 2319 abeo,
2584 2243 2678 2304 cui
2708 2242 3148 2304 immaculatam
3179 2243 3447 2324 impertit
3475 2264 3750 2308 commn-

2097 2335 2367 2414 nionem,
2393 2333 2573 2393 ullam
2597 2331 2859 2412 speciem
2886 2331 3122 2412 exigere
3144 2338 3301 2394 visus
3324 2333 3523 2410 fuerit,
3557 2335 3745 2417 depo-

2097 2430 2294 2497 natur,
2330 2430 2393 2483 ut
2423 2419 2744 2483 Simoniaci
2775 2421 2995 2483 erroris
3026 2429 3084 2483 et
3114 2420 3392 2484 maleﬁcii
3413 2424 3747 2489 aemulator.

2176 2511 2366 2574 Inter.
2397 2511 2500 2572 29.
2552 2509 2662 2582 Qui
2722 2529 2828 2591 per
2885 2529 3088 2573 veram
3119 2511 3519 2590 cognitionem
3550 2514 3623 2576 ad
3655 2534 3748 2577 or-

2099 2601 2334 2663 thoxam
2397 2599 2575 2661 tidem
2648 2599 2966 2677 accedunt,
3049 2599 3382 2662 Nestoriani
3446 2603 3744 2681 videlicet,

2094 2687 2396 2763 Armenii,
2435 2687 2738 2762 Jacobitze,
2760 2696 2818 2749 et
2840 2688 2941 2750 alii
2971 2689 3258 2764 haeretici,
3285 2707 3360 2750 an
3389 2690 3516 2752 solo
3545 2701 3748 2754 sancto

2095 2785 2396 2856 unguento
2453 2775 2708 2840 debeant
2759 2777 3004 2853 initiari,
3036 2796 3114 2841 an
3165 2797 3304 2840 vero
3334 2779 3512 2842 etiam
3546 2779 3746 2844 divino

2093 2869 2326 2928 lavacro
2350 2867 2375 2926 Υ

2174 2955 2314 3018 Res.
2349 2957 2549 3018 Canon
2607 2955 2686 3016 95
2721 2955 2931 3034 synodi
2960 2954 3021 3016 in
3075 2956 3276 3018 Trullo
3307 2965 3544 3021 secutus
3581 2961 3612 3020 7
3643 2978 3746 3022 ca-

365 3054 719 3139 ἀκολουθήσας
762 3065 838 3133 τῷ
880 3049 930 3130 ζ’
967 3059 1148 3116 κανόνι
1218 3060 1314 3128 τῆς
1371 3045 1522 3139 ἁγίας
1592 3063 1680 3116 καὶ
1724 3060 2009 3133 οἷκουμενι-

2097 3063 2316 3106 nonem
2348 3055 2567 3106 sanctae
2625 3052 2684 3105 et
2733 3045 3116 3107 aacumenicaz
3164 3046 3198 3108 2
3261 3048 3492 3127 synodi,
3527 3049 3650 3111 haec
3672 3051 3745 3112 ad

363 3150 463 3212 κῆς
495 3135 550 3222 β’
576 3144 813 3222 συνόδου,
872 3145 994 3204 τάδε
1042 3150 1178 3205 κατά
1232 3149 1376 3226 ῥῆμα
1420 3135 1775 3224 ’διαλαμϐάνει
1809 3165 1824 3180 ⁸
1875 3151 2006 3210 Τοὺς

359 3235 789 3313 προστιθεμένους
819 3244 888 3313 τῇ
922 3235 1182 3316 ὀρθοδοξίᾳ
1237 3240 1324 3295 καὶ
1377 3246 1446 3317 τῇ
1477 3238 1642 3318 μερίδι
1684 3245 1790 3295 τῶν
1832 3244 2005 3307 σωζο-

363 3324 535 3399 μένων
565 3324 670 3381 ἀπὸ
700 3328 996 3405 αἱρετικῶν,
1043 3324 1308 3407 δεχόμεθα
1365 3331 1501 3387 κατά
1541 3329 1640 3396 τὴν
1677 3329 1779 3384 ὑπὸ
1809 3348 2004 3405 τεταγ-

362 3411 528 3488 μένην
571 3412 879 3473 ἀκολουθίαν
934 3436 992 3471 τε
1050 3420 1137 3472 καὶ
1196 3418 1493 3498 συνήθειαν,
1553 3417 1851 3494 Ἀρειανοὺς
1911 3417 2006 3490 μὲν

357 3501 448 3558 καὶ
519 3500 931 3569 Μακεδονιανοὺς
990 3507 1078 3562 καὶ
1133 3503 1514 3587 Ναϐατιανοὺς,
1577 3508 1698 3570 τοὺς
1753 3505 2005 3584 λέγοντας

361 3590 577 3656 ἑαυτοὺς
627 3595 906 3672 καθαροὺς,
964 3596 1052 3651 καὶ
1108 3595 1432 3676 ἀριστεροὺς,
1496 3598 1584 3652 καὶ
1635 3597 1756 3659 τεὺς
1809 3616 2006 3650 τεσσα-

361 3677 836 3758 ρεσκαιδεκατίτας,
881 3679 1000 3750 ἤτοι
1057 3682 1379 3764 τετραδίτας,
1437 3683 1598 3763 ἤγουν
1641 3684 1668 3726 3
1713 3684 2006 3740 Ἀπολινα-

360 3768 576 3845 ριαστάς
626 3765 892 3849 δεχόμεθα
959 3769 1194 3836 διδόντας
1237 3770 1532 3848 λιϐέλλους,
1592 3775 1679 3830 καὶ
1736 3773 2006 3849 ἀναθεμα-

357 3855 592 3927 τίζοντας
661 3864 835 3915 πᾶσαν
879 3860 1082 3941 αἵρεσιν
1127 3862 1204 3938 μὴ
1263 3870 1552 3944 φρονοῦσαν
1608 3865 1683 3926 ὡς
1745 3875 1930 3942 φρονεῖ
1971 3863 2006 3930 ἡ

358 3945 481 4023 ἁγία
507 3955 602 4006 τοῦ
649 3949 779 4004 Θεοῦ
816 3949 1072 4019 καθολικὴ
1128 3953 1216 4008 καὶ
1259 3950 1588 4018 ἀποστολικὴ
1660 3949 1952 4017 Ἐκκλησία
1988 3967 2001 3980 ⁸

356 4036 804 4114 σφραγιζομὲνους
860 4036 979 4106 ἤτοι
1058 4040 1376 4120 χριομένους
1459 4047 1668 4118 πρῶτον
1739 4047 1815 4115 τῷ
1872 4040 2007 4119 ἀγίῷ

355 4123 502 4202 μύρῳ
532 4125 616 4202 τό,
647 4145 706 4181 τε
749 4125 997 4201 μέτωπον
1056 4131 1144 4186 καὶ
1197 4130 1319 4194 τοὺς
1375 4127 1696 4210 ὀφθαλμοὺς,
1769 4129 1856 4185 καὶ
1911 4131 2005 4192 τὰς

354 4211 526 4288 ῥῖνας,
553 4213 644 4270 καὶ
683 4216 744 4270 τὸ
798 4215 994 4294 στόμα,
1039 4220 1127 4275 καὶ
1181 4220 1246 4275 τὰ
1301 4219 1436 4280 ὦτα.
1504 4219 1603 4276 Καὶ
1633 4218 2004 4298 σφραγίζοντες

2095 3133 2342 3197 verbum
2373 3133 2786 3213 complectitur
2819 3155 2833 3194 :
2868 3133 3005 3208 Eos,
3031 3135 3131 3216 qui
3159 3145 3340 3198 rectae
3370 3137 3442 3199 de
3475 3139 3592 3200 ﬁde
3616 3157 3748 3201 sen-

2093 3222 2292 3283 tentiae
2319 3221 2634 3297 accedunt,
2671 3232 2729 3282 et
2780 3224 2928 3302 parti
2951 3243 3184 3298 eorum,
3220 3225 3322 3306 qui
3352 3244 3420 3287 ex
3451 3227 3748 3290 haereticis

2092 3319 2422 3391 servantur,
2449 3311 2615 3390 juxta
2641 3311 2970 3390 subjectam
3002 3317 3488 3396 consequentiam
3517 3326 3575 3380 et
3595 3337 3739 3380 con-

2092 3401 2473 3463 suetudtnem
2504 3400 2889 3479 recipientes,
2924 3403 3174 3466 Arianos
3198 3407 3530 3488 quidem,et
3551 3410 3744 3471 Mace-

2092 3489 2406 3566 donianos,
2456 3494 2517 3578 et
2565 3490 2943 3566 Novati-mos,
3005 3493 3108 3574 qui
3156 3513 3221 3555 se
3251 3500 3502 3577 καθαρους
3533 3498 3620 3578 [id
3654 3507 3744 3560 est

2091 3579 2305 3658 puros]
2329 3577 2654 3658 appellant,
2689 3587 2746 3639 et
2765 3587 3019 3642 tessares
3039 3583 3328 3648 decatitas
3363 3605 3469 3648 seu
3491 3577 3741 3648 tetradi-

2089 3666 2268 3744 ditas,
2293 3674 2351 3728 et
2367 3667 3176 3750 Apollinaristas,recipimus
3192 3675 3400 3738 dantes
3422 3675 3745 3754 lihellos,et

2091 3773 2330 3817 omnem
2363 3756 2638 3818 haeresim
2656 3758 3382 3845 anathematizantes,quaa
3397 3784 3515 3826 non
3535 3767 3737 3843 sentit,

2091 3853 2154 3933 ut
2173 3845 2357 3908 sentit
2376 3858 2580 3907 sancta
2600 3845 2709 3908 Dei
2730 3847 3081 3911 universalis
3111 3861 3170 3913 et
3192 3855 3512 3933 apostolica
3535 3855 3743 3917 Eccle-

2089 3932 2179 3993 sia
2206 3952 2220 3992 :
2243 3942 2448 3995 sancto
2475 3935 2730 4015 primum
2755 3936 3076 4001 chrismate
3099 3932 3516 4018 etfrontem,et
3535 3945 3740 4007 oculos

2093 4029 2151 4082 et
2173 4039 2372 4100 nares,
2410 4029 2468 4085 et
2525 4041 2614 4104 os,
2664 4033 2722 4086 et
2769 4043 2944 4089 aures
2971 4027 3406 4110 imprimentes,
3439 4033 3736 4098 dicimus:

2089 4111 2473 4205 §ignacnlum
2505 4112 2646 4174 doni
2677 4112 2934 4205 Spiritus
2964 4120 3180 4180 sancti.
3206 4119 3292 4182 De
3313 4121 3386 4183 iis
3405 4124 3740 4205 autem,qni

2088 4199 2355 4289 Pauliani
2383 4211 2609 4265 sectam
2635 4203 2824 4266 secuti
2859 4215 3018 4289 sunt,
3050 4208 3270 4272 deinde
3293 4210 3366 4272 ad
3389 4199 3738 4276 catholicam

349 4301 559 4388 αὖτοὺς,
620 4300 870 4386 λέγομεν,
896 4288 906 4292 1
931 4288 1161 4388 Σίρραγὶς
1220 4305 1418 4388 δωρεᾶς
1475 4288 1796 4378 πνεύματος.
1827 4308 2000 4386 ἁγίου.

2097 4288 2410 4388 Ecclesiam
2440 4291 2856 4372 confugerunt,
2889 4288 3167 4360 statutum
3193 4310 3286 4364 est
3317 4309 3379 4362 ut
3425 4301 3469 4363 ii
3494 4303 3738 4365 omnino

356 4389 480 4464 Περὶ
537 4379 594 4446 δὲ
677 4379 782 4447 τῶν
855 4379 1344 4472 ’παυλιανισᾶντωξη
1417 4396 1541 4453 εἷτα
1595 4379 2003 4476 προσφυγόντων

2097 4379 2552 4476 rebaptiaentur.
2591 4383 3000 4476 _Ennomianos
3025 4406 3286 4470 quoque,
3321 4389 3422 4471 qui
3460 4391 3523 4452 in
3561 4409 3738 4453 unam

355 4482 425 4554 τῇ
474 4477 732 4556 καθολικῇ
788 4479 1100 4561 Ἐκκλησία,
1146 4484 1268 4565 ὅρος
1323 4485 1634 4562 ὶκτέθειται,
1706 4481 2002 4542 ἀναϐαπτί-

355 4569 529 4636 ζεσθαι
577 4570 765 4634 αὐτοὺς
808 4570 860 4638 ἑξ
902 4571 1158 4638 ἅπαντος.
1215 4575 1563 4651 Εὖνομιανοὺς
1634 4573 1813 4650 μέντοι
1883 4575 2005 4638 τοὺς

355 4656 428 4720 αἶς
485 4656 610 4734 μίαν
666 4659 949 4718 κατάδυσιν
1003 4663 1442 4740 βαπτιζομένους,
1504 4663 1594 4724 καὶ
1645 4664 2004 4728 Μοντανιστάς

351 4744 473 4833 τοῦς
528 4743 747 4804 imm:
790 4747 1108 4829 λεγομένους
1156 4753 1388 4831 Φρύγας,
1447 4754 1534 4809 καὶ
1589 4749 2000 4833 Σαϐελλιανοὺς,

354 4832 476 4922 τοὺς
531 4836 864 4918 υἱοπατορίαν
921 4839 1258 4917 δοξάζοντας,
1330 4845 1420 4900 καὶ
1489 4841 1642 4922 ἕτερά
1700 4864 1818 4898 τινα
1887 4832 2002 4922 χαὲ

351 4919 490 5010 λεπά
573 4933 852 4994 ποιοῦντας
885 4945 900 4961 ⁸
976 4931 1065 4987 καὶ
1132 4932 1306 4996 πάσας
1362 4933 1456 4997 τὰς
1529 4919 1696 4995 ἄλλας
1756 4919 2002 5010 αἱρέσεις,

350 5009 534 5080 ἑπειδὴ
601 5013 795 5074 πολλοί
862 5019 991 5075 εἰσιν
1049 5017 1288 5098 ἐνταῦθα,
1347 5020 1581 5096 μάλιστα
1652 5023 1699 5077 οἱ
1750 5009 1856 5076 ἀπὸ
1897 5025 1998 5088 τῆς

350 5098 601 5159 Γαλατῶν
653 5105 837 5185 χώρας
892 5107 1217 5187 ὁόμώμενοι,
1261 5111 1462 5174 πάντας
1511 5111 1631 5174 τοὺς
1688 5107 1780 5166 ἀπ’
1825 5111 1997 5166 αὐτῶν

348 5187 594 5281 θέλοντας
651 5195 1013 5274 προστίθεσθαι
1068 5205 1138 5276 τῇ
1213 5197 1496 5281 ὀρθοδοξίᾳ,
1582 5201 1656 5264 ὡς
1718 5188 1998 5266 ’Έλληνας

347 5275 613 5359 δεχόμεθα
647 5297 661 5313 ·
709 5286 797 5342 καὶ
838 5287 938 5355 τὴν
980 5275 1198 5368 πρώτην
1244 5275 1455 5369 ’ἡμέραν
1481 5275 1752 5365 ⁷ποιοῦμεν
1811 5288 1998 5352 αὐτοὺς

349 5373 714 5450 Χριστιανοὺς,
775 5376 861 5433 οιαὶ
915 5378 1013 5447 τὴν
1055 5377 1296 5460 δευτέραν
1354 5379 1813 5461 κατηχουμένους,
1876 5377 2000 5435 εἶτα

2087 4470 2534 4562 demersionem
2589 4471 2910 4552 haptizant,
2962 4483 3020 4537 et
3066 4470 3473 4561 Montanistas,
3506 4480 3606 4562 (ιυί
3640 4479 3738 4542 hic

2087 4557 2364 4621 dicuntur
2393 4561 2674 4648 Phryges,
2704 4570 2764 4624 et
2783 4563 3176 4648 Sabellianos,
3207 4567 3308 4648 qui
3332 4557 3546 4629 Filium
3575 4567 3738 4630 idem

2088 4667 2222 4712 esse
2255 4667 2391 4710 cum
2413 4647 2587 4711 Patre
2610 4649 3040 4731 existimant,et
3077 4647 3522 4737 aliadquaedam
3541 4657 3739 4737 gravia

2085 4737 2336 4814 faciunt,
2370 4746 2430 4800 et
2475 4755 2688 4803 omnes
2717 4743 2866 4804 alias
2918 4743 3196 4821 haereses,
3239 4746 3516 4826 quoniam
3567 4749 3738 4811 multi

2087 4827 2185 4890 hic
2216 4837 2376 4904 sunt,
2412 4835 2471 4889 et
2527 4829 2784 4892 maxime
2835 4833 2936 4912 qui
2991 4853 3062 4894 ex
3107 4835 3444 4897 Galatarum
3492 4838 3738 4916 regione

2084 4916 2335 4998 profecti
2365 4925 2503 4979 sunt
2529 4939 2543 4978 :
2591 4938 2800 4982 omnes
2823 4941 2893 4984 ex
2930 4921 3025 5000 iis,
3050 4926 3148 5003 qui
3180 4924 3256 4985 ad
3278 4933 3502 4988 rectam
3524 4926 3599 4988 de
3619 4927 3739 4988 ﬁde

2083 5008 2442 5071 sententiam
2458 5007 2660 5070 volunt
2675 5011 3318 5095 accedere,recipimus
3333 5025 3396 5076 ut
3417 5014 3658 5078 Graecos
3688 5028 3735 5079 P.

2081 5104 2154 5166 Et
2204 5105 2396 5185 primo
2455 5105 2698 5187 quidem
2732 5107 2854 5185 die,
2913 5128 3015 5171 eos
3065 5107 3430 5171 Christianos
3465 5109 3734 5188 facimus,

2083 5198 2348 5260 secundo
2371 5205 2595 5278 autem,
2640 5199 3121 5275 cathecumenos,
3155 5199 3373 5262 deinde
3400 5200 3596 5277 tertio,
3626 5201 3738 5263 ad-

2073 5283 2562 5364 jnramus,simnl
2590 5287 2764 5348 etiam
2799 5295 2891 5350 ter
2921 5288 2983 5350 in
3014 5289 3225 5352 faciem
3249 5297 3308 5352 et
3335 5309 3510 5352 aures
3543 5290 3738 5372 inspi-

2080 5383 2283 5438 rantes
2314 5395 2329 5436 :
2368 5384 2427 5439 et
2456 5375 2542 5438 sic
2569 5375 2898 5460 initiamns,
2931 5387 2990 5442 et
3013 5379 3118 5444 diu
3145 5379 3208 5441 in
3233 5380 3487 5444 ecclesia
3514 5380 3740 5445 versari

1689 5545 1918 5612 VAPuE
1963 5542 2390 5611 LECTIONES.

426 5674 451 5707 °
490 5670 734 5755 fraude.
822 5690 850 5736 ι»
871 5693 1168 5761 paganos.
