4128 6426
434 335 587 407 1063

1810 344 1842 409 J
1849 348 1944 410 US
1981 345 2424 412 CANONIGUM

3648 343 3809 410 1064

429 490 488 544 et
515 477 854 559 Scripturas
884 475 1092 539 audire
1124 475 1395 552 facimus,
1451 484 1510 540 et
1535 485 1674 540 tunc
1696 477 1858 560 ipsos
1879 478 2065 561 bapti-

2161 484 2251 540 καὶ
2317 483 2416 550 τὴν
2472 485 2650 562 τρίτην
2705 482 3152 564 ἐξορκιζομένους,
3223 486 3357 562 μετά
3423 490 3518 542 τοῦ
3571 482 3810 561 ἐμφυσᾷν

429 589 652 636 zamus.
687 568 838 642 Quin
869 567 1047 629 etiam
1105 566 1484 642 Manichaeos,
1521 575 1580 629 et
1604 566 2072 644 Valentinianos,

429 673 486 727 et
517 657 950 731 Marcionistas,
985 664 1042 716 et
1072 655 1299 717 similes
1331 656 1666 720 haereticos.
1693 656 2078 720 Nestorianos

427 761 622 816 autem
681 754 914 830 oportet
960 743 1198 807 libellos
1227 745 1442 820 facere,
1493 754 1554 809 et
1602 747 1874 809 haeresim
1909 766 2074 810 suam

427 837 950 915 anathematizare,
1007 843 1064 896 et
1121 833 1482 909 Nestorium,
1535 845 1593 897 et
1640 837 1964 918 Eutychen,
2018 844 2078 899 et

426 933 799 1002 Dioscorum,
833 935 891 988 et
919 925 1225 997 Severum,
1263 939 1320 986 et
1349 925 1611 1006 reliquos
1642 927 1842 988 talium
1878 928 2073 988 haere-

425 1041 569 1084 seon
603 1016 925 1102 principes,
953 1022 1010 1076 et
1030 1014 1129 1096 qui
1161 1015 1394 1085 eadem,
1413 1033 1545 1096 quae
1570 1015 1679 1084 illi,
1707 1017 1988 1093 stantium,
2017 1025 2074 1078 et

427 1128 637 1174 omnes
694 1104 1001 1188 praedictas
1058 1105 1338 1178 haereses,
1401 1113 1458 1165 et
1511 1107 1599 1166 sic
1660 1125 1793 1168 esse
1850 1124 2074 1168 sanctae

425 1194 866 1263 communionis
899 1192 1234 1274 participes.
1261 1192 1460 1274 Itaque
1490 1195 1660 1274 juxta
1683 1196 1926 1257 canonis
1957 1197 2074 1258 hu—

418 1292 519 1370 jus
550 1297 818 1349 tenorem
851 1283 952 1345 alii
975 1282 1214 1363 quidem
1249 1281 1511 1344 haeretici
1543 1285 1774 1346 lavacro
1806 1285 2070 1346 sanctifi-

425 1386 659 1451 cantur,
686 1373 785 1436 alii
809 1381 1004 1434 autem
1039 1381 1246 1434 sancto
1279 1372 1564 1434 duntaxat
1596 1382 1892 1454 unguento
1923 1394 2072 1436 con-

425 1472 763 1530 secrantur.

2157 572 2329 651 τρίτον
2359 573 2430 638 εἷς
2460 575 2520 629 τὸ
2548 573 2856 651 πρόσωπον,
2911 577 2998 631 καὶ
3057 577 3130 640 εἰς
3185 576 3252 633 τὰ
3295 575 3408 632 ὦτα
3441 591 3457 608 ⁸
3517 573 3608 629 καὶ
3637 569 3806 633 οὕτως

2158 671 2526 742 κατηχοῦμεν,
2575 664 2663 719 καὶ
2704 670 2959 740 ποιοῦμεν
3005 663 3267 745 χρονίζειν
3325 665 3399 728 εἷς
3453 662 3555 730 τὴν
3603 657 3809 724 ἐκκλη-

2158 751 2297 828 σίαν,
2352 753 2441 807 καὶ
2496 751 2780 830 ἀκροᾶσθαι
2837 759 2941 811 τῶν
2984 756 3201 834 Γραφῶν
3235 773 3250 788 ⁸
3311 755 3401 810 καὶ
3440 753 3562 809 τότε
3617 748 3806 811 αὖτοὺς

2157 839 2502 915 βαπτίζομεν.
2553 841 2651 898 Καὶ
2705 843 2826 906 τοὺς
2871 843 3197 922 Μανιχαίους
3255 839 3334 922 δὲ,
3394 841 3482 898 καὶ
3535 839 3655 904 τοὺς
3700 842 3808 893 Γα-

2156 926 2507 994 λεντινιανοὺς
2536 929 2620 1004 48,
2676 931 2762 986 καὶ
2815 932 2937 996 τοὺς
2997 932 3420 1011 Μαρκιωνιστὰς,
3478 930 3566 986 καὶ
3592 928 3714 990 τοὺς
3743 925 3808 982 ἐκ

2153 1024 2261 1074 τῶν
2290 1020 2486 1094 ὁμοίων
2542 1018 2814 1100 αἱρέσεων,
2874 1021 2996 1085 τοὺς
3057 1020 3460 1100 Νεστοριανοὺς,
3515 1018 3627 1098 χρὴ
3673 1037 3804 1072 ποι-

2157 1120 2239 1165 εῖν
2279 1105 2574 1188 λιϐέλλους,
2605 1109 2691 1164 καὶ
2733 1108 3124 1184 ἀναθεματίζειν
3169 1110 3268 1177 τὴν
3311 1109 3539 1189 α’ίρεσιν,
3600 1110 3800 1176 αὐτῶν,

2156 1197 2246 1252 καὶ
2328 1198 2630 1276 Νεστόριον,
2716 1199 2804 1255 καὶ
2891 1199 3152 1279 Εὖτυχέα,
3213 1200 3302 1255 καὶ
3362 1197 3672 1277 Διόσκορον,
3715 1195 3807 1249 καὶ

2157 1283 2416 1365 Σεϐῆρον,
2465 1288 2553 1342 καὶ
2623 1288 2742 1351 τοὺς
2799 1286 3015 1352 λοιποὺς
3081 1287 3334 1368 ἐξάρχους
3392 1293 3497 1343 τῶν
3551 1285 3807 1343 τοιούτων

2156 1375 2428 1456 αἱρέσεων,
2487 1377 2575 1432 καὶ
2629 1378 2748 1440 τοὺς
2823 1385 3138 1457 φρονοῦντας
3189 1379 3256 1433 τὰ
3311 1377 3500 1451 αὐτῶν,
3560 1376 3649 1431 καὶ
3691 1374 3804 1430 πά-

3259 1467 3344 1522 καὶ
3415 1464 3578 1529 οὕτως
3635 1485 3804 1540 μετα-

2157 1487 2252 1528 σας
2303 1466 2805 1545 προσαναφυομένας
2891 1467 3114 1546 αἱρέσεις
3153 1483 3168 1498 ⁸

423 1555 708 1634 λαμϐάνειν
740 1560 838 1621 τῆς
883 1553 1032 1630 ἁγίας
1062 1551 1356 1614 κοινωνίας.
1409 1553 1552 1608 Κατᾶ
1593 1560 1716 1630 γοῦν
1745 1554 1844 1622 τὴν
1870 1565 1960 1614 τοῦ
1987 1555 2223 1612 τοιούτου
2276 1560 2494 1619 κανόνος
2525 1555 2832 1636 περίληψιν,
2879 1560 2924 1614 οἱ
2954 1558 3049 1633 μὲν
3073 1563 3178 1613 τῶν
3207 1559 3526 1636 αἱρεσιωτῶν
3555 1552 3640 1612 διὰ
3665 1555 3806 1632 βαπο

422 1651 671 1723 τίσματος
719 1645 1041 1723 ἁγιάζονται,
1075 1643 1120 1697 οἱ
1149 1637 1204 1695 δὲ
1247 1638 1330 1696 διὰ
1362 1640 1523 1716 μόνου
1551 1649 1644 1698 τοῦ
1675 1641 1824 1721 ἁγίου
1852 1645 2014 1722 μύρου
2043 1648 2385 1705 τελειοῦνται,

497 1737 564 1788 48
588 1731 1030 1794 Βαλιντινιανούς.

499 1827 686 1890 Inter.
720 1823 820 1884 30.
857 1819 919 1882 Si
976 1817 1290 1880 haereticus
1337 1819 1616 1882 sacerdos
1664 1821 1756 1884 vel
1786 1822 2065 1884 diaconus

2233 1819 2526 1902 Ἐρώτησις
2556 1811 2629 1885 λ’,
2679 1823 2804 1880 Ἐὰν
2863 1826 3144 1906 αἱρετικὸς,
3203 1827 3392 1906 ἱερεὺς,
3455 1824 3491 1892 ἢ
3534 1822 3803 1904 διάκονος,

419 1915 632 1996 dignus
662 1910 898 1975 habitus
931 1908 1130 1970 divino
1191 1919 1250 1970 et
1293 1919 1496 1971 sancto
1544 1909 1918 1993 baptismate,
1979 1912 2065 1973 vel

2152 1909 2346 1988 ἀξιωθῇ
2374 1911 2466 1968 τοῦ
2487 1915 2623 1972 Θείου
2651 1914 2738 1968 καὶ
2767 1914 2914 1992 ἁγίου
2943 1915 3332 1992 βαπτίσματος,
3363 1915 3399 1984 ἢ
3428 1913 3513 1973 διὰ
3541 1921 3633 1971 τοῦ
3654 1913 3806 1991 ἁγίου

417 2025 525 2088 per
553 2013 814 2067 sanctam
842 2000 1184 2062 unctionem
1213 2001 1613 2062 sanctiﬁcatus
1641 2003 1740 2084 sit,
1789 2003 2065 2066 licebitne

2152 2002 2313 2080 μύρου
2345 2002 2595 2079 ἀγιασθῇ,
2643 2001 2846 2059 ἐσεῖται
2895 2006 3177 2084 ἱερουργῶν
3221 2007 3356 2081 μετά
3400 2009 3496 2072 τῆς
3543 2003 3803 2082 προτέρας

418 2095 474 2156 ei
525 2111 692 2157 sacra
737 2093 933 2153 facere
965 2109 1098 2151 cum
1146 2089 1346 2169 priore
1378 2089 1783 2167 ordinatione,
1821 2111 1894 2153 an
1928 2111 2065 2154 vero

2152 2093 2481 2170 χειροτονίας
2512 2093 2687 2166 αὐτοῦ,
2724 2091 2759 2160 ἢ
2803 2092 2980 2171 ἑτέρας
3037 2092 3278 2163 ἀξιωθείη
3330 2102 3682 2174 χειροτονίας,
3713 2092 3805 2152 ἐὰν

417 2185 468 2246 si
500 2201 666 2246 sacra
697 2180 1039 2242 ministrare
1061 2177 1224 2248 velit,
1248 2177 1557 2240 iterabitur
1580 2181 1710 2260 ejus
1741 2181 2065 2244 ordinatio?

2151 2177 2352 2255 θελήσῃ
2382 2181 2669 2262 ἱερουργεῖν
2705 2200 2721 2262 ς

497 2274 632 2336 Res.
667 2273 868 2333 Canon
899 2269 978 2331 8O
1008 2276 1343 2330 sanctorum
1377 2271 1783 2347 apostolorum
1809 2289 1933 2346 eos,
1969 2271 2065 2352 qui

2233 2265 2360 2331 Ἀπ,
2411 2260 2468 2326 ²0
2523 2277 2628 2327 τῶν
2684 2260 2848 2349 ἀγίων
2914 2271 3228 2330 ἀποστόλων
3257 2262 3319 2329 π’
3345 2273 3521 2330 κανὼν
3569 2271 3690 2336 τοὺς
3748 2270 3803 2337 ἐξ

420 2381 496 2426 ex
531 2379 749 2443 pagana
781 2358 897 2420 vita
927 2357 1000 2418 ad
1062 2355 1448 2417 orthodoxam
1484 2357 1660 2419 ﬁdem
1691 2359 1982 2422 accedunt
2011 2369 2070 2422 et

403 2440 808 2530 baptizautur,
830 2445 1226 2527 episcopalem
1251 2445 1425 2507 etiam
1449 2446 1793 2525 dignitatem
1820 2468 2063 2530 prome-

413 2539 534 2601 reri
552 2537 781 2602 deﬁnit.
831 2534 1035 2596 Priore
1065 2533 1245 2612 igitur
1275 2534 1604 2596 sacerdotio
1639 2556 1742 2617 pro
1774 2538 2064 2616 sacrilego

415 2627 640 2708 habito,
677 2635 734 2687 et
793 2642 898 2705 pro
950 2642 1067 2684 non
1099 2624 1272 2696 facto,
1304 2623 1353 2685 si
1386 2641 1518 2684 cum
1560 2625 1846 2689 canonica
1879 2627 2062 2690 disci-

415 2715 576 2797 plina
597 2714 920 2795 judicatus,
956 2711 1057 2792 qui
1086 2711 1172 2772 sic
1201 2711 1377 2774 fuerit
1403 2714 1768 2777 ortltodoxus
1791 2716 2060 2793 eﬁ‘ectus,

414 2813 472 2867 et
502 2824 636 2867 cum
671 2811 834 2865 esset
857 2802 1174 2882 aliquando
1206 2802 1486 2882 profanus
1521 2805 1825 2880 sacerdos,
1864 2808 1921 2866 in
1955 2825 2063 2887 po-

411 2893 667 2956 steriore
694 2893 809 2953 vita
837 2909 943 2952 sua
998 2890 1421 2954 indemnabilis
1451 2895 1812 2973 apparuerit,
1848 2895 2065 2976 dignus

413 2991 728 3045 censeatur
756 2999 873 3042 non
905 2979 1257 3041 sacerdotali
1304 2983 1494 3043 solum
1527 2982 1835 3061 dignitate,
1871 2985 1975 3046 sed
2007 2994 2068 3048 et

2153 2355 2352 2416 ὲθνικοῦ
2409 2359 2522 2434 βίου
2573 2359 2960 2439 προσελθόντας
3013 2367 3082 2438 τῇ
3134 2359 3388 2441 ὀρθοδόξῳ
3456 2361 3628 2417 πίστει
3712 2361 3803 2416 καὶ

2150 2446 2553 2527 βαπτισθέντας,
2606 2450 2693 2505 καὶ
2761 2447 3107 2506 ἐπισκοπικοῦ
3161 2449 3457 2525 ἀξιώματος
3515 2448 3800 2514 καταξιοῦ-

2147 2539 2262 2592 σθαι
2308 2535 2612 2615 διορίζεται,
2660 2542 2769 2604 Τῆς
2817 2545 2941 2617 γοῦν
2983 2538 3235 2619 προτέρας
3279 2540 3590 2619 ἱερωσύνης,
3662 2561 3795 2615 μια-

2146 2625 2385 2702 ρωσύνης
2414 2625 2790 2706 νομιζομένης,
2821 2629 2909 2683 καὶ
2931 2629 3001 2693 ὡς
3025 2629 3103 2702 μὴ
3120 2628 3402 2706 γινομένης
3417 2626 3796 2707 λογιζομένης,

2146 2714 2235 2771 ἐὰν
2266 2715 2400 2790 μετά
2428 2720 2526 2782 τῆς
2557 2721 2839 2782 κανονικῆς
2869 2713 3132 2794 ἀκριϐείας
3151 2717 3560 2796 ἀνακρινόμενος
3579 2719 3606 2773 6
3628 2715 3795 2780 0'3th

2146 2801 2514 2883 ὀρθοδοξήσας,
2559 2805 2647 2861 καὶ
2691 2803 2764 2861 ὤν
2837 2828 2964 2863 ποτε
3035 2804 3262 2882 βέϐηλος
3316 2807 3503 2887 ἱερεὺς,
3548 2808 3664 2887 περὶ
3705 2812 3799 2862 τοῦ

2147 2891 2362 2971 ὑστέρου
2403 2895 2559 2950 αὐτοῦ
2587 2894 2699 2970 βίου
2732 2893 3078 2974 ἀκατάκριτος
3109 2894 3421 2975 ἀναφανείη,
3463 2894 3706 2962 ἀξιωθείη
3736 2898 3798 2954 οὐ

2149 2981 2310 3056 μόνον
2339 2984 2601 3062 ἱερατικοῦ
2630 2980 2953 3065 ἀξιώματος,
3000 2981 3136 3040 ἀλλά
3184 2985 3270 3040 καὶ
3315 2983 3683 3057 ἐπισκοπικοῦ,
3713 2981 3800 3039 διὰ

413 3070 879 3153 episcopali,per
895 3080 1211 3130 consuetos
1240 3071 1482 3132 omnino
1519 3072 1737 3152 gradus
1758 3074 1828 3135 ad
1853 3075 2065 3136 docto-

2147 3076 2252 3127 τῶν
2297 3072 2531 3142 συνήθων
2561 3072 2772 3135 πάντως
2824 3073 3038 3149 βαθμῶν
3069 3074 3141 3138 εἷς
3173 3074 3233 3129 τὸ
3262 3070 3632 3130 διδασκαλικὸν
3661 3071 3797 3148 ὕψος

412 3160 561 3223 riam
593 3167 900 3241 promotus
929 3157 1374 3221 sublimitatem.

2147 3158 2498 3238 ἀναγόμενος,

495 3240 684 3312 Inter.
717 3248 816 3311 51.
879 3245 942 3309 Si
988 3244 1275 3323 haeretici,
1338 3250 1439 3329 qui
1497 3248 1571 3310 ad
1601 3249 2062 3312 orthodoxorum

2231 3246 2523 3329 Ἐρώτησις
2581 3240 2691 3312 λα’,
2739 3250 2867 3310 Ἐἀν
2937 3260 3028 3310 τοῦ
3071 3249 3450 3330 προσελθόντος
3499 3257 3568 3328 τῇ
3623 3251 3794 3308 πίστει

413 3338 593 3400 ﬁdem
622 3337 890 3413 accessit,
924 3353 1073 3398 uxor
1131 3342 1188 3397 et
1247 3335 1445 3411 liberi,
1474 3338 1566 3400 vel
1595 3341 1771 3401 etiam
1804 3340 1905 3400 alii
1937 3341 2065 3420 ejus

2147 3344 2254 3394 τῶν
2286 3336 2568 3417 ὀρθοδόξων
2623 3344 2883 3420 αἱρετικοῦ
2923 3343 2958 3408 ἡ
2998 3341 3158 3419 γυνὴ,
3205 3342 3292 3397 καὶ
3323 3343 3370 3398 οἱ
3399 3338 3611 3415 παῖδες,
3643 3339 3679 3408 ἢ
3706 3341 3796 3397 καὶ

410 3426 733 3489 familiares
783 3433 841 3486 et
890 3424 1227 3500 domestici,
1264 3443 1384 3486 non
1416 3427 1559 3487 ﬁant
1589 3428 1925 3504 orthodoxi,
1958 3429 2063 3491 sed

2147 3427 2316 3510 ἕτεροι
2343 3431 2512 3506 τούτῳ
2556 3431 2812 3488 συνέστιοι
2869 3432 2956 3488 καὶ
3014 3431 3378 3512 συγκάτοικοι,
3424 3435 3519 3491 οὐκ
3574 3428 3792 3508 ὁρθοδοφ

417 3516 746 3577 inhaereant
803 3513 982 3594 priori
1041 3513 1278 3588 haeresi,
1311 3532 1385 3582 an
1417 3516 1831 3596 prohibebitur
1859 3517 1932 3595 is,
1966 3517 2065 3600 qui

2147 3516 2412 3589 ξήτουσιν⁴
2459 3518 2576 3576 ἀλλ’
2620 3519 2892 3600 ἐξέχονται
2948 3518 3046 3587 τῆς
3088 3519 3345 3599 προτέρας
3403 3519 3672 3598 αἱρέσεως,
3733 3523 3794 3579 οὗ

413 3606 502 3686 (ut
530 3605 812 3683 diximus)
842 3603 1194 3684 baptismate
1223 3603 1488 3666 initiatus
1521 3613 1633 3682 est,
1665 3606 1740 3668 ad
1777 3610 2062 3670 sacerdo-

2147 3606 2505 3678 κωλυθήσεται
2562 3611 2590 3666 6
2645 3609 2958 3685 τελειωθεὶς,
3004 3609 3078 3674 ὡς
3133 3606 3368 3690 εἴρηται,
3412 3607 3495 3664 διὰ
3541 3615 3633 3664 τοῦ
3687 3609 3792 3685 βα-

409 3695 586 3757 talem
620 3695 711 3756 vel
743 3694 1088 3775 episcopum
1119 3693 1450 3755 ascendere
1469 3695 1718 3774 gradum
1757 3715 1770 3760 :
1809 3715 1885 3758 an
1915 3715 2056 3760 vero

2147 3697 2460 3774 κτίσματος,
2549 3700 2619 3764 εἷς
2705 3700 2964 3779 ἱερατικὸν
3053 3699 3255 3775 βαθμὸν
3324 3697 3360 3766 ἢ
3450 3697 3794 3754 ἐπισκοπικὸν

409 3793 652 3865 propter
679 3783 915 3845 illorum
949 3781 1237 3845 malitiam
1272 3789 1334 3845 et
1361 3782 1492 3866 ipse
1538 3783 1638 3846 tali
1670 3783 1829 3849 bono
1862 3787 2059 3868 priva-

2147 3786 2379 3845 ἀνελθεῖν
2417 3803 2430 3818 ⁸
2476 3787 2514 3856 ἢ
2549 3786 2634 3845 διὰ
2663 3789 2762 3856 τὴν
2794 3787 3008 3844 ἐκείνων
3052 3790 3240 3845 κακίαν
3296 3789 3385 3844 καὶ
3414 3789 3570 3852 αὐτὸς
3599 3787 3794 3844 τοσούο

410 3873 567 3934 bitur
586 3872 618 3932 ‘?

2147 3898 2230 3934 του
2259 3876 2456 3958 ἀγαθοῦ
2483 3876 2820 3958 ἀποστερηθῇ
2853 3896 2872 3958 ;

490 3961 625 4024 Res.
659 3963 861 4025 Canon
914 3959 1156 4041 quidem
1213 3959 1289 4023 39
1319 3960 1524 4041 synodi
1577 3963 2060 4042 Carthagiuensis

2222 3964 2352 4027 Ἀπ.
2412 3956 2470 4024 Ὀ
2515 3967 2611 4043 μὲν
2667 3955 2762 4041 λς’
2773 3955 2782 3974 ’
2831 3955 3008 4024 κανὼν
3062 3988 3161 4034 της
3204 3966 3259 4022 ἐν
3303 3965 3610 4046 Καρθαγένῃ
3664 3990 3792 4025 συν-

406 4050 508 4126 ait,
548 4057 608 4111 ut
638 4047 928 4132 episcopi,
964 4057 1022 4110 et
1043 4046 1394 4130 presbyteri,
1421 4058 1479 4111 et
1500 4050 1738 4113 diaconi
1758 4072 1873 4114 non
1897 4055 2059 4116 ordi-

2147 4053 2282 4130 όδου,
2315 4057 2496 4134 φησὶν,
2561 4053 2882 4113 Ἐπίσκοπον
2935 4057 3025 4112 καὶ
3079 4053 3422 4136 πρεσϐύτερον
3471 4057 3560 4112 καὶ
3603 4053 3790 4113 διάκο-

407 4146 644 4215 nentur,
681 4137 1021 4219 priusquam
1055 4155 1265 4198 omnes
1295 4139 1395 4218 qui
1419 4143 1629 4200 suntin
1649 4141 1774 4202 suis
1803 4143 2054 4222 aedibus,

2147 4165 2229 4201 νον
2268 4145 2345 4220 μὴ
2401 4148 2822 4223 χειροτονεῖσθαι
2879 4146 2998 4223 πρὶν
3043 4147 3244 4210 πάντας
3287 4146 3409 4208 τοὺς
3465 4144 3519 4200 ἐν
3547 4145 3623 4220 τῷ
3653 4143 3792 4220 οἴκῳ

409 4227 776 4291 Christianos
832 4225 1192 4287 orthodoxos
1268 4225 1538 4288 fecerint.
1599 4227 1800 4292 Canon
1859 4240 2054 4295 autem

2147 4235 2311 4290 αὐτῶν
2369 4231 2664 4312 ὄρθοδόξους
2721 4236 3064 4313 Χριστιανοὺς
3122 4235 3457 4306 ποιήσουσιν.
3519 4224 3578 4291 ιΟ
3632 4231 3686 4289 δὲ
3734 4224 3791 4310 β’

411 4318 487 4380 ’72
531 4325 749 4379 sanctae
773 4323 830 4376 et
877 4315 1265 4376 mcumenicae
1291 4316 1351 4376 in
1375 4314 1580 4378 Trullo
1607 4320 1816 4400 synodi
1840 4320 1963 4384 haec
1996 4323 2057 4384 in

2147 4323 2316 4378 κανὼν
2357 4328 2456 4390 τῆς
2499 4322 2554 4378 ἐν
2623 4328 2700 4397 τῷ
2771 4321 3019 4402 Τρούλλῳ
3078 4324 3232 4402 ἁγίας
3273 4323 3363 4379 καὶ
3420 4324 3786 4400 οἷκουμενικῆς

408 4413 576 4488 parte
633 4403 841 4494 deﬁnit
879 4403 1240 4494 expressim
1285 4424 1298 4467 :
1363 4402 1425 4494 Si
1459 4393 1657 4469 autem
1698 4408 1902 4490 aliqui,
1957 4413 2058 4494 qui

2147 4410 2354 4467 συνόδου
2382 4393 2752 4492 διορίζεται-ἐν
2799 4393 2943 4491 μέρει
2992 4393 3161 4470 ταῦτα
3215 4413 3414 4491 ῥητῶς,
3466 4414 3526 4470 Εἰ
3567 4393 3620 4469 63'
3647 4433 3788 4477 τινες

405 4497 599 4560 adhuc
628 4506 768 4557 sunt.
796 4492 1093 4568 inﬁdeles,
1127 4500 1186 4554 et
1227 4492 1287 4554 in
1321 4493 1783 4558 orthodoxorum
1814 4492 2054 4580 gregem

2147 4499 2214 4556 ἔτι
2275 4500 2328 4557 ἐν
2396 4507 2466 4578 τῇ
2508 4501 2724 4574 ἀπιστίᾳ
2777 4502 3158 4580 τυγχάνοντες,
3223 4503 3312 4559 καὶ
3367 4502 3513 4559 οὔπω
3554 4507 3625 4578 τῇ
3681 4508 3787 4558 τῶν

407 4586 669 4650 nondum
701 4583 872 4645 relati
901 4589 1058 4659 sunt,
1083 4583 1238 4644 inter
1267 4601 1331 4644 se
1362 4583 1625 4662 legitimo
1656 4595 1792 4649 sunt
1844 4590 2056 4652 matri-

2147 4587 2418 4669 5ρθοδόξων
2474 4588 2914 4670 έγκαταλεγέντες
2979 4591 3204 4669 ποίμνη,
3292 4589 3546 4661 ἀλλήλοις
3629 4591 3790 4669 γάμῳ

407 4675 607 4736 monio
660 4672 1008 4754 conjuncti:
1071 4672 1292 4734 deinde
1350 4673 1448 4735 hic
1495 4674 1736 4755 quidem
1769 4694 1865 4760 eo,
1897 4680 2056 4760 quod

406 4773 495 4827 est
523 4764 838 4826 honestum
869 4773 920 4837 τι,
945 4761 1235 4848 elgcto,ad
1273 4761 1470 4824 lucem
1494 4764 1752 4826 veritatis
1773 4784 2057 4830 accurre-

402 4858 482 4917 rit
514 4871 527 4916 :
563 4852 665 4915 ille
693 4870 833 4914 vero
863 4849 1088 4913 erroris
1117 4850 1354 4912 vinculo
1388 4851 1664 4916 detentus
1707 4853 1906 4932 fuerit,
1942 4875 2056 4919 no-

405 4943 535 5005 lens
565 4942 798 5004 divinos
852 4939 1063 5002 radios
1108 4940 1241 5002 ﬁxis
1285 4940 1476 5002 oculis
1532 4943 1772 5007 intueri.
1810 4955 1869 5006 et
1897 4945 2062 5008 ﬁdeli

406 5033 633 5113 placeat
662 5049 795 5094 cum
848 5030 1080 5091 inﬁdeli
1136 5029 1499 5113 cohabitare,
1535 5051 1611 5094 ne
1641 5051 1676 5094 a
1707 5051 1773 5096 se
1801 5034 2054 5098 invicem

406 5129 780 5202 separentur.
807 5117 887 5180 Ex
912 5118 1093 5181 divini
1110 5119 1266 5181 enim
1288 5119 1453 5182 Pauli
1477 5123 1796 5205 sententia,
1829 5127 2054 5187 sancti-

409 5210 617 5270 ﬁcatus
649 5217 737 5270 est
758 5207 846 5268 vir
861 5208 1122 5269 inﬁdelis
1141 5208 1204 5270 in
1226 5209 1948 5292 muliere,etsanctiﬁcata
1969 5223 2061 5278 est

409 5298 624 5359 mulier
645 5295 981 5358 inﬁdelisin
1005 5299 1150 5359 viro.
1178 5300 1665 5363 Contrarietatem
1706 5302 1886 5382 igitur
1905 5304 2056 5367 duo-

407 5404 540 5449 rum
590 5404 911 5461 canonum,
963 5405 1096 5467 quae
1152 5405 1284 5450 esse
1331 5388 1582 5468 videtur,
1619 5393 1907 5455 canonice
1936 5394 2058 5456 sol-

2138 4679 2347 4755 νομίμῳ
2396 4680 2742 4758 ἡρμόσθησαν
2775 4696 2793 4711 ·
2840 4681 2963 4736 εἶτα
3021 4683 3048 4736 ὁ
3107 4681 3204 4756 μὲν
3259 4681 3322 4737 τὸ
3377 4679 3540 4737 καλὸν
3571 4678 3790 4746 ἐκλεξά-

2137 4789 2320 4850 μενος,
2379 4777 2457 4844 τῷ
2512 4770 2644 4850 φωτὶ
2699 4775 2799 4837 τῆς
2857 4769 3104 4836 ἀληθείας
3159 4769 3514 4851 προσέδραμεν
3559 4785 3575 4800 ⁶
3636 4772 3664 4826 6
3733 4767 3788 4824 δὲ

2137 4859 2237 4914 ὕπὸ
2266 4858 2358 4914 τοῦ
2383 4861 2481 4926 τῆς
2509 4859 2715 4927 πλάνης
2771 4859 3095 4940 κατεσχέθη,
3154 4858 3370 4940 δεσμοῦ,
3428 4860 3506 4935 μὴ
3538 4860 3665 4938 πρὸς
3695 4859 3788 4924 τὰς

2143 4948 2282 5012 θείας
2339 4948 2571 5005 ἀτενίσαι
2645 4949 2865 5013 ἀκτῖνας
2937 4948 3187 5024 ἐλόμενος
3236 4965 3251 4982 ⁸
3320 4947 3527 5008 εὐδοκεῖ
3591 4947 3646 5004 δὲ
3709 4954 3787 5023 τῷ

2137 5045 2310 5113 πιστῷ
2352 5040 2386 5106 ἡ
2420 5035 2662 5114 ἄπιστος,
2724 5038 2761 5106 ἢ
2803 5040 2864 5093 τὸ
2919 5036 3141 5096 ἕκπαλιν
3199 5041 3226 5095 6
3270 5038 3489 5102 ἄπιστος
3522 5051 3783 5096 συνοικεῖν

2137 5133 2206 5204 τῇ
2232 5133 2396 5204 πιστῇ
2432 5146 2446 5162 ο
2507 5127 2585 5203 μὴ
2642 5127 2969 5208 χωριζέσθω,
3030 5129 3165 5184 κατά
3208 5131 3299 5185 τὸν
3340 5131 3485 5184 θεῖον
3541 5127 3784 5184 ἀπόστο-

2137 5215 2255 5280 λον.
2312 5209 2586 5295 Ἠγίασται
2642 5218 2741 5295 γὰρ
2799 5219 2826 5272 6
2877 5214 3099 5282 ἄπιστος
3158 5219 3290 5297 ἀνὴρ
3334 5217 3391 5272 ἐν
3432 5222 3502 5294 τῇ
3556 5217 3784 5296 γυναικὶ,

2136 5305 2174 5374 ἢ
2202 5307 2450 5385 ἡγίασται
2492 5306 2528 5374 ἡ
2582 5305 2800 5369 ἄπιστος
2857 5307 2990 5384 γυνὴ
3045 5307 3100 5362 ἐν
3155 5314 3233 5382 τῷ
3289 5303 3452 5384 ἀνδρί,
3512 5307 3620 5373 Τὴν
3665 5306 3791 5362 ἀνα-

2140 5395 2463 5475 φαινομένην
2519 5395 2607 5454 οὖν
2663 5394 3008 5462 ἐναντιότητα
3062 5401 3168 5453 τῶν
3237 5392 3325 5452 δύο
3369 5395 3568 5452 τούτων
3623 5393 3791 5450 κανό-

1738 5561 1993 5627 VARUE
2037 5561 2473 5628 LECTIONES.

485 5665 546 5716 48
579 5663 1024 5729 Βαλιντινιανούς.

484 5797 509 5838 ιι
536 5772 699 5857 quod
727 5772 946 5837 bonum
975 5776 1090 5838 est.
