4128 6448
296 403 450 477 1065

1630 410 2339 487 GREGOWANUM.

3517 412 3680 489 1066

283 563 389 602 νων
431 549 723 609 κανονικῶς
764 542 999 621 λύοντες,
1049 544 1273 626 λέγομεν
1305 545 1410 623 ὅτι,
1456 549 1485 605 6
1529 547 1627 624 μὲν
1679 547 1739 604 ἐκ
1780 568 1928 628 γενε-

2022 548 2250 625 ventes,
2296 541 2551 609 dicimus
2592 560 2757 619 eum,
2790 543 2892 626 qui
2932 563 3081 615 cum
3128 544 3442 622 .nativitate
3469 545 3681 615 ortho-

276 637 382 700 τῆς
450 631 525 690 ὢν
580 632 872 714 ὁρθόδοξος,
951 637 1087 712 μετὰ
1165 639 1416 716 γυναικὸς
1475 640 1742 718 αἱρετικῆς
1812 661 1937 697 συν-

281 722 485 804 αφθεὶς,
520 725 614 781 οὐκ
655 721 899 791 ἀξιωθείη
949 723 1295 804 κληρώσεως,
1350 727 1393 782 εἰ
1453 727 1530 804 μὴ
1587 728 1675 784 καὶ
1722 728 1843 792 τοὺς
1887 725 1939 783 ἐν

280 819 363 887 τῷ
390 812 529 886 οἴκῳ
573 816 733 873 αὐτοῦ
773 816 988 885 ποιήσει
1044 813 1341 896 ὀρθοδόξους
1395 817 1736 896 Χριστιανούς
1770 835 1784 850 ⁸
1859 814 1941 872 ὅτι

281 903 376 960 καὶ
433 901 530 971 τῆς
603 901 1052 972 ἐκκλησιαπικῆς
1139 906 1544 985 κεχωρισμένος
1633 906 1743 963 ἐστὶ
1811 928 1939 964 συν-

286 990 480 1073 άξεως,
535 993 609 1058 ὡς
651 996 719 1067 τῇ
774 999 868 1049 τοῦ
910 1000 1139 1073 Χριστοῦ
1192 992 1358 1071 μερίδι
1399 995 1699 1072 συμπλέξας
1742 994 1939 1075 κλῆρον

284 1079 625 1162 ἆμαρτωλόν.
689 1074 747 1140 Ὀ
817 1080 872 1138 δὲ
950 1084 1265 1163 αἳρεσιώτης
1333 1084 1407 1142 ὢν
1478 1085 1540 1143 ἐκ
1623 1074 1938 1166 σπαργάνων

281 1172 478 1247 αὐτῶν,
539 1170 629 1228 ἐὰν
670 1171 770 1240 τὴν
812 1169 1079 1250 ὀρθόδοξον
1134 1172 1311 1230 πίστιν
1352 1173 1666 1256 προέληται,
1701 1174 1934 1248 δικαίως,

283 1259 376 1317 ἐὰν
434 1260 539 1317 ἀπό
595 1283 737 1326 τινος
797 1260 975 1341 ἐτέρου
1022 1261 1185 1343 λόγου
1239 1264 1333 1320 οὐκ
1394 1262 1760 1345 ἐμποδίζηται,
1808 1285 1935 1345 χει-

281 1351 520 1429 ροτονίας
578 1348 819 1435 ἀξιωθείη
875 1353 1166 1430 ἱερατικῆς.
1240 1353 1300 1411 Τί
1367 1355 1467 1434 γὰρ
1537 1351 1715 1434 οἶδας,
1778 1356 1936 1435 φησὶν

281 1441 312 1495 6
370 1438 538 1518 μέγας
597 1429 944 1516 Ἀπόστολος,
1004 1439 1093 1499 ἐὰν
1151 1443 1179 1498 6
1238 1429 1450 1506 πιστδς
1502 1429 1803 1523 μεταγᾶγη
1838 1444 1933 1512 τὴν

281 1526 506 1585 ἄπιστον
536 1528 756 1608 σύζυγον
800 1531 957 1588 αὒτοῦ
999 1532 1129 1611 πρὸς
1186 1530 1288 1599 τὴν
1341 1532 1516 1588 πίστιν
1549 1552 1566 1614 ς
1631 1531 1819 1597 Καλῶς
1848 1533 1936 1590 οὖν

282 1620 313 1674 6
369 1618 443 1683 εἷς
498 1618 596 1686 τὴν
655 1616 920 1699 ὀρθόδοξον
990 1621 1166 1678 πίστιν
1249 1619 1411 1679 ἐλθὼν
1496 1622 1603 1681 ἀπὸ
1655 1624 1937 1703 θρησκείας

284 1707 584 1787 αἱρετικῶν,
630 1709 768 1765 κατὰ
827 1710 1051 1776 κανόνας
1122 1708 1367 1778 ἀξιωθείη
1439 1710 1737 1789 ἀξιώματος
1792 1715 1939 1793 ἱερα-

2021 631 2208 695 doxus
2239 639 2418 709 esset,
2442 651 2578 695 cum
2597 632 2880 696 haeretica
2906 633 3160 709 muliere
3180 635 3537 717 conjunctus
3558 642 3671 713 est,

2020 719 2266 800 dignum
2300 740 2418 783 non
2450 719 2709 797 censeri,
2749 721 2852 803 qui
2883 725 2943 784 in
2966 723 3196 786 clerum
3226 724 3542 807 allegatur,
3561 725 3681 788 nisi

2021 807 2382 872 domesticos
2415 828 2555 872 suos
2585 828 2796 872 omnes
2827 812 3197 883 Christianos
3227 814 3436 877 fecerit
3463 814 3677 891 ortho-

2022 898 2206 962 doxos
2234 920 2248 961 :
2283 902 2419 983 quia
2450 915 2509 963 et
2538 900 2611 963 ab
2641 901 3045 967 ecclesiastica
3075 913 3164 969 est
3215 912 3484 969 remotus
3506 924 3669 970 com-

2020 990 2326 1065 munione,
2367 999 2569 1071 utpote
2600 990 2701 1072 qui
2734 990 2951 1057 Christi
2982 993 3253 1075 partibus
3276 995 3674 1077 peccatricem

2019 1088 2245 1140 sortem
2275 1079 2802 1161 implexueritQui
2834 1089 3054 1159 autem,
3080 1083 3399 1147 haereticus
3423 1103 3556 1147 cum
3581 1102 3676 1146 es-

2019 1176 2111 1228 set
2154 1168 2227 1231 ab
2275 1169 2652 1233 incunabulis
2681 1220 2697 1252 ,
2753 1172 3062 1235 orthoxam
3123 1172 3305 1236 ﬁdem
3360 1172 3669 1253 delegerit,

2011 1255 2172 1336 jure,
2206 1258 2318 1320 nisi
2345 1278 2476 1341 quae
2496 1259 2657 1340 justa
2691 1278 2868 1334 causa
2894 1260 3207 1342 impediat,
3230 1261 3671 1339 ordinationem

2018 1347 2447 1410 sacerdotalem
2498 1348 2785 1431 consequi
2816 1349 3027 1431 possit.
3060 1348 3214 1424 Quid
3242 1351 3404 1414 enim
3457 1351 3678 1434 (inquit

2019 1454 2267 1516 magnus
2292 1438 2630 1519 Apostolus)
2661 1438 2841 1512 nosti,
2877 1438 2929 1501 si
2959 1439 3154 1504 ﬁdelis
3182 1441 3439 1521 deducat
3460 1440 3674 1517 intide-

2019 1525 2137 1587 lem
2166 1528 2487 1608 conjugem
2527 1528 2601 1590 ad
2625 1526 3061 1595 ﬁdem?ltecte
3092 1529 3298 1612 igitur,
3334 1530 3435 1613 qui
3463 1530 3540 1609 ad
3570 1547 3674 1593 or-

2020 1615 2339 1679 thodoxam
2394 1617 2573 1679 ﬁdem
2613 1620 2774 1680 venit
2803 1617 2876 1681 ab
2908 1617 3324 1685 haereticorum
3380 1618 3675 1702 supersti-

2028 1705 2210 1781 tione,
2244 1706 2601 1770 sacerdotali
2650 1705 2980 1769 secundum
3020 1727 3292 1781 ,canones
3349 1709 3677 1779 honoretur

283 1804 459 1879 τικοῦ,
488 1795 586 1855 κᾶν
629 1798 708 1875 μὴ
760 1797 1172 1879 ὀρθοδοξήσωσιν
1227 1801 1262 1869 ἡ
1334 1800 1467 1880 γυνῆ
1520 1803 1609 1859 καὶ
1666 1802 1729 1859 τὰ
1785 1792 1928 1859 τέκνα

2025 1792 2338 1874 dignitate,
2390 1796 2532 1859 licet
2561 1814 2713 1859 uxor
2741 1804 2800 1859 et
2826 1794 3005 1858 liberi
3033 1798 3166 1879 ejus
3207 1797 3522 1871 orthodoxi
3551 1816 3674 1867 non

284 1888 466 1950 αὐτοῦ.

2024 1883 2189 1947 ﬁant.

365 1922 558 2058 Ἐἓόπ
602 1967 711 2056 λβ’.
765 1975 1275 2059 Ἀπροκριμάτιστόν
1294 1982 1406 2037 ἔστι
1448 1978 1714 2038 τελεῖσθαι
1744 1980 1928 2039 τέκνωι

2024 1922 2331 2039 "ﬁliaiam
2365 1975 2463 2038 32.
2484 1975 2575 2038 An
2598 1984 2758 2039 extra
2780 1976 2922 2059 praej
2932 1975 3194 2051 udicium
3214 1976 3529 2055 infantium
3542 1994 3671 2041 sus-

279 2067 550 2151 ἀναδοχόις
573 2067 658 2127 διὰ
687 2072 946 2148 Λατίνων,
978 2071 1268 2152 Ἀρμενίων
1299 2072 1702 2155 Μονοθελητῶν,
1736 2085 1928 2134 Νεστο-

2021 2064 2514 2155 ceptionesﬁunt
2541 2085 2575 2128 a
2607 2066 2848 2140 Latinis,
2873 2067 3199 2144 Armeniis,
3231 2065 3671 2144 Mouotheletis,

278 2150 495 2240 ριανῶν,
541 2162 631 2218 καὶ
658 2159 862 2220 λοιπῶν
891 2150 1141 2220 τοιούτων
1175 2179 1190 2194 ’
1237 2162 1274 2231 ἢ
1324 2162 1530 2240 μᾶλλον
1581 2166 1810 2240 μισητὸν
1850 2166 1928 2222 καῖ

2021 2150 2410 2228 Nestorianis,
2444 2160 2503 2216 et
2531 2155 2764 2218 caeteris
2795 2155 3116 2236 ejusmodi,
3162 2175 3244 2233 an
3296 2159 3491 2238 potius
3534 2155 3673 2231 odio

284 2248 647 2329 ἀποτρόπαιον
682 2269 699 2333 ς
804 2329 814 2333 _

2024 2240 2269 2333 dignum
2299 2252 2479 2333 atque
2509 2243 2924 2307 detestandum
2942 2244 2973 2305 ‘I

367 2337 559 2426 ξΑπόκ.
622 2329 693 2398 T6
724 2329 814 2426 ,β’
867 2341 1136 2419 θέσπισμα
1175 2353 1269 2404 τοῦ
1313 2333 1353 2400 ι’
1405 2343 1692 2426 κεφαλαίου
1741 2352 1834 2403 τοῦ
1888 2366 1922 2400 α

2023 2418 2073 2426 __
2104 2332 2282 2426 Resp.
2315 2331 2621 2426 Themaﬁ,
2647 2353 2783 2416 cup.
2814 2337 2913 2426 10,
2940 2334 3126 2426 I,_lib.
3176 2353 3197 2401 ι
3227 2333 3669 2426 Basilicarum:

284 2424 464 2484 τίτλου
518 2436 611 2487 τοῦ
678 2418 734 2486 α⁹
802 2429 1003 2508 βιϐλίου
1058 2418 1162 2490 τῶν
1247 2418 1583 2515 βασιλικῶν;
1644 2434 1928 2513 Αἰρετικὸς⁵

2021 2418 2374 2515 liaereticus,
2408 2422 2621 2515 inquit,
2648 2431 2759 2500 est,
2794 2432 2851 2515 et
2878 2424 3305 2515 legibus_,4qu_aai
3328 2425 3406 2515 de
3433 2425 3671 2515 haereti-

283 2517 467 2597 φησὶν,
499 2516 629 2599 ἐστὶ,
680 2519 769 2575 καὶ
811 2534 930 2584 τοῖς
977 2523 1115 2578 κατὰ
1157 2529 1261 2581 τῶν
1323 2524 1597 2604 αἱρετικῶν
1668 2524 1928 2580 ὑπόκειται

2024 2508 2111 2604 cis
2142 2517 2302 2604 sunt,
2336 2509 2671 2604 subjicitur,
2706 2514 2806 2604 qui
2831 2513 3069 2594 paulum
3096 2513 3177 2604 ab
3200 2512 3527 2583 orthodoxa
3554 2513 3674 2575 ﬁde

283 2605 492 2683 νόμοις,
552 2608 581 2663 6
644 2609 832 2689 μικρὸν
885 2616 1009 2689 γοῦν
1058 2610 1310 2669 ἐκκλίνων
1368 2598 1467 2680 τῆς
1521 2610 1790 2692 ὀρθοδόξου
1845 2611 1928 2669 πί-

2024 2598 2302 2692 declinat.
2339 2600 2485 2663 Cum
2513 2599 2690 2692 igitur
2715 2601 2757 2662 ii
2788 2620 3022 2685 omnes,
3052 2603 3156 2684 qui
3201 2604 3314 2692 hac
3340 2605 3670 2692 interroga-

283 2715 476 2760 στεως,
562 2694 579 2721 ’
585 2698 714 2754 Επεὶ
795 2705 921 2779 γοῦν
1004 2701 1198 2767 πάντες
1270 2704 1318 2759 οἱ
1372 2690 1822 2781 ἀπαριθμηθέντες
1867 2703 1928 2765 εἰς

2025 2691 2185 2751 tione
2215 2690 2548 2781 enumerati
2578 2699 2863 2781 sunt,non
2895 2691 3221 2781 parvo,sed
3250 2691 3427 2781 longo
3455 2691 3672 2773 spatio,

280 2785 381 2852 τὴν
439 2792 706 2867 παροῦσαν
764 2778 1049 2870 ἐρώτησιν,
1107 2791 1169 2847 οὖ
1219 2788 1303 2853 διὰ
1394 2778 1580 2871 μικρὸν
1651 2789 1789 2847 ἀλλὰ
1857 2788 1928 2847 διὰ

2023 2786 2082 2871 et
2110 2778 2266 2871 quod
2301 2779 2547 2842 difﬁcile
2575 2780 2845 2861 superari
2867 2789 3068 2863 queat,
3095 2780 3169 2843 ab
3201 2780 3670 2871 orthodoxorum

283 2871 485 2939 πλάτος
520 2865 684 2954 μέγα
724 2865 813 2933 καὶ
868 2865 1247 2947 δυσδιεξίτητον
1300 2879 1361 2935 ἐκ
1561 2884 1667 2937 τῶν
1723 2877 1928 2959 ὀρθοδό-

2020 2865 2290 2931 Ecclesia
2320 2887 2563 2950 prorsus
2594 2873 2868 2931 exsulent
2896 2887 2908 2932 :
2961 2889 3082 2933 non
3111 2869 3666 2947 communicabunt,

284 2960 386 3027 ξων
443 2962 765 3032 Ἐκκλησίας
840 2965 1264 3043 ἀπεξενώθησαν,
1322 2969 1534 3034 πάντως
1592 2966 1707 3025 οὐδὲ
1758 2957 1928 3049 χάριν

2019 2957 2333 3049 nobiscum
2361 2957 2607 3039 gratiam
2639 2959 3034 3039 susceptiouis
3066 2958 3394 3027 liberorum
3425 2960 3670 3042 spirita-

287 3048 557 3133 ἀναδοχῆς
641 3053 840 3112 παίδων
922 3058 1294 3134 πνευματικῶν
1378 3045 1818 3134 μεσιτευομένηςν
1866 3056 1928 3114 δι’

2018 3045 2188 3124 lium,
2217 3065 2324 3129 per
2351 3066 2550 3110 sacras
2581 3066 2790 3129 preces
2812 3061 2872 3112 et
2903 3049 3410 3113 sanctiﬁcationes
3450 3049 3673 3113 multas

276 3140 441 3219 ἁγίων
483 3144 660 3224 εὐχῶν
698 3146 798 3201 καὶ
843 3145 1187 3226 ἁγιασμάτων
1242 3145 1482 3223 πολλῶν,
1528 3148 1664 3224 ἡμῖν
1721 3169 1928 3227 συγκοι-

2016 3134 2443 3198 intercedentis
2483 3158 2503 3198 :
2536 3157 2612 3199 ne
2641 3145 2699 3200 et
2728 3138 3343 3203 excommunicatione
3373 3138 3669 3201 condem-

274 3209 598 3301 νωνήσουσιν
630 3247 644 3262 ·
680 3232 772 3290 ’ίνα
802 3209 903 3310 μὴ.
1039 3238 1185 3294 αὐτοὶ
1214 3209 1578 3310 ἀκοινωνησία⁸
1598 3209 1928 3315 κατακριθῶ-

2016 3243 2251 3301 nemur,
2282 3227 2450 3308 juxta
2476 3245 2765 3290 canonem
2802 3226 3671 3306 dicentem,Quicommunicat

272 3340 394 3397 μεν,
426 3322 564 3378 κατὰ
592 3322 682 3381 τὸν
710 3322 932 3406 κανόνα,
963 3325 1054 3381 τὸν
1080 3322 1325 3405 λέγοντα,
1377 3317 1434 3385 ζΟ
1478 3332 1746 3383 κοινωνῶν
1774 3325 1928 3384 ἀκοι-

2016 3334 2148 3377 cum
2177 3316 2713 3395 excommunicato,
2748 3325 2837 3380 est
2857 3317 3411 3383 excommunicatus
3432 3316 3662 3398 etipse.

271 3410 519 3485 νωτήτῳ,
555 3413 643 3469 καὶ
678 3412 840 3477 αὐτὸς
872 3413 1232 3483 ἀκοινώνητός
1262 3415 1428 3479 ἐστιν.

354 3497 548 3580 Ἐρώτ.
599 3490 708 3580 λγ”.
763 3491 1057 3583 Ὀρθόδοξαι
1105 3518 1355 3583 γυναῖκες
1411 3506 1759 3564 συνάπτονται
1788 3504 1928 3585 τάχα

2028 3584 2035 3585 7
2094 3495 2322 3559 Interr.
2354 3494 2456 3558 33.
2498 3495 2855 3560 Orthodoxae
2894 3496 3179 3560 mulieres
3222 3496 3673 3577 conjunguntur

271 3595 515 3667 γαμικῶς
548 3590 685 3666 μετὰ
713 3595 1058 3671 Σαρακηνῶν,
1090 3591 1127 3661 ἢ
1150 3594 1238 3650 καὶ
1269 3596 1613 3676 αἱρεσιωτῶν,
1642 3596 1731 3650 καὶ
1758 3584 1928 3654 θέλου-

2016 3584 2164 3646 forte
2197 3603 2306 3666 per
2333 3586 2571 3666 nuptias
2601 3605 2734 3649 cum
2769 3585 3084 3650 Saracenis
3113 3586 3204 3648 vel
3236 3585 3662 3676 hatreticis,vo-

271 3699 378 3748 σιν,
415 3679 489 3743 ὡς
546 3676 930 3762 ὀρθοδοξοῦσαι,
964 3682 1138 3748 καθὼς
1180 3679 1547 3760 διενίστανται,
1582 3674 1925 3761 μεταλαμϐά-

2016 3674 2512 3754 luntque,utbene
2529 3674 2604 3737 de
2638 3675 2755 3737 ﬁde
2786 3675 3660 3756 sentientes,quemadmodum

270 3788 381 3825 νειν
411 3774 516 3827 τῶν
545 3768 694 3826 θείων
723 3770 1067 3849 ἁγιασμάτων
1101 3787 1114 3801 ⁶
1151 3778 1413 3850 ζητοῦμεν
1458 3772 1547 3830 οὖν
1576 3774 1639 3829 τὸ
1669 3770 1922 3840 ποιητέον

2016 3770 2351 3826 constanter
2378 3763 2789 3841 instituerunt,
2817 3765 3138 3846 participes
3168 3764 3302 3826 ﬁeri
3326 3763 3663 3826 divinarum

314 3858 403 3913 αθε
411 3869 485 3920 tv,

314 3879 485 3920 αυειν,

268 3879 312 3931 μ
350 3945 542 4011 Ἀπόκ,
593 3937 650 4005 ιΟ
698 3935 750 4003 θ’
793 3949 969 4006 κανὼν
1026 3954 1125 4018 τῆς
1182 3952 1240 4006 ἒν
1281 3957 1358 4024 τῷ
1408 3949 1657 4031 Τρούλλῳ
1709 3947 1922 4006 συνόδου

260 4036 428 4096 ταῦτά
483 4059 615 4117 φησι
650 4056 667 4075 ⁶
742 4037 833 4106 Μὴ
887 4036 1081 4105 εξετναι
1150 4038 1417 4119 ὁρθόδοξον
1471 4038 1630 4118 ἄνδρα
1694 4042 1931 4119 αἱρετικῇ

2004 3852 2567 3915 sanctiﬁcationum.
2597 3853 2925 3926 Quaerimus
2957 3853 3101 3934 quid
3142 3852 3481 3915 faciendum
3512 3852 3612 3917 sit.

2084 3941 2263 4022 Resp.
2288 3944 2491 4004 Canon
2518 3942 2593 4006 70
2610 3943 2818 4023 synodi
2837 3944 2899 4004 in
2920 3941 3124 4005 Trullo
3148 3943 3276 4004 haec
3299 3942 3383 4003 ait
3406 3962 3420 4003 :
3444 3940 3657 4004 Nonii-

2002 4048 2140 4094 cere
2170 4049 2309 4093 vero
2342 4032 2671 4094 orthodoxo
2715 4051 2851 4094 cum
2899 4031 3149 4094 muliere
3195 4031 3475 4094 haeretica
3501 4050 3649 4094 con-

265 4126 616 4183 συνάπτεσθαι
659 4128 887 4206 γυναικὶ,
948 4129 1087 4205 μήτε
1149 4132 1404 4209 αἱρετικῷ
1446 4127 1588 4209 ἀνδρὶ
1659 4127 1928 4209 ὀρθόδοξον

2016 4120 2193 4199 iungi,
2227 4139 2421 4203 neque
2453 4140 2590 4184 vero
2620 4123 2882 4184 orthoxae
2904 4141 3038 4183 cum
3073 4121 3196 4184 viro
3245 4122 3530 4185 haeretica
3552 4141 3652 4184 co-

262 4228 493 4294 γυναῖκα
561 4216 955 4295 συζεύγνυσθαι.
1043 4215 1195 4274 Ἀλλ’
1253 4220 1298 4274 εἰ
1351 4221 1440 4276 καὶ
1495 4224 1636 4299 φανῇ
1690 4224 1927 4275 τοιοῦτον

262 4304 367 4361 ὑπό
397 4326 536 4369 τινος
561 4310 668 4361 τῶν
716 4306 961 4363 ἁπάντων
1013 4306 1317 4387 γινόμενον,
1364 4306 1552 4389 ἄκυρον
1605 4309 1696 4364 τὸν
1751 4308 1927 4386 γάμον

261 4395 537 4476 ἡγεῖσθαι,
570 4396 659 4452 καὶ
685 4396 749 4451 τὸ
769 4392 995 4471 ἄθεσμον
1023 4392 1317 4453 διαλύεσθαι
1349 4395 1695 4460 συνοικέσιον,
1730 4400 1802 4456 Οὐ
1826 4397 1926 4476 γὰρ

2009 4211 2221 4293 pulari.
2258 4210 2375 4274 Sed
2408 4219 2466 4273 et
2497 4213 2548 4275 si
2575 4211 2720 4294 quid
2747 4211 3046 4292 ejusmodi
3073 4211 3147 4274 ab
3178 4211 3299 4273 ullo
3333 4230 3404 4274 ex
3448 4211 3649 4273 omni-

2008 4301 2119 4361 bus
2152 4302 2369 4363 l'actum
2401 4301 2761 4382 apparuerit,
2795 4301 3000 4364 irritas
3033 4302 3271 4382 nuptias
3296 4301 3653 4378 existimari,

2010 4398 2070 4452 et
2098 4392 2388 4453 nefarium
2423 4392 2759 4473 conjugium
2791 4390 3035 4453 dissolvi
3068 4410 3081 4452 :
3122 4410 3317 4473 neque
3362 4392 3522 4453 enim
3559 4408 3650 4469 ea,

264 4484 381 4564 χρὴ
408 4484 477 4541 τὰ
517 4481 715 4560 ἄμικτα
743 4484 1009 4564 μιγνύναι,
1071 4483 1188 4542 οὐδὲ
1245 4493 1324 4562 τῷ
1365 4485 1616 4566 προϐάτῳ
1643 4487 1735 4542 τὸν
1764 4484 1921 4543 λύκον

2016 4499 2137 4562 quae
2165 4500 2284 4542 non
2315 4490 2451 4541 sunt
2482 4482 2810 4555 miscenda,
2852 4480 3096 4543 misceri
3125 4499 3142 4559 ;
3174 4497 3287 4545 nec
3316 4499 3486 4543 ovem
3515 4498 3651 4543 cum

264 4571 680 4651 συμπλέκεσθαι,
739 4575 828 4631 καὶ
884 4578 951 4652 τῇ
1008 4581 1099 4632 τοῦ
1154 4582 1380 4653 Χριστοῦ
1437 4577 1638 4654 ποίμνη
1695 4576 1786 4632 τὸν
1814 4582 1920 4632 τῶν

263 4661 595 4743 ἁμαρτωλῶν
623 4661 847 4744 κλῆρον.
883 4666 942 4721 Εἰ
972 4663 1034 4744 δὲ
1091 4663 1307 4744 παραϐῇ
1363 4688 1445 4732 τις
1488 4667 1555 4722 τὰ
1597 4664 1722 4744 παρ’
1763 4666 1920 4741 ἡμῶν

260 4753 553 4834 ὁρισθέντα,
586 4752 929 4834 ἀφοριζέσθω.
965 4743 1028 4811 Ἠ
1056 4760 1181 4834 γοῦν
1210 4743 1294 4811 διὰ
1329 4755 1431 4825 τὴν
1465 4743 1690 4831 ἄθεσμον
1719 4755 1918 4823 ταύτην

258 4842 537 4901 κοινωνίαν
567 4844 701 4920 μετὰ
730 4845 1013 4924 αἱρετικοῦ,
1041 4843 1384 4924 ἀφωρισμένη
1416 4844 1544 4902 οὖσα
1570 4845 1659 4902 καὶ
1687 4843 1917 4902 ἀκοινώ-

260 4954 447 5013 νητος,
477 4928 592 4997 πῶς
623 4937 729 4989 τῶν
766 4931 921 4999 ,θείων
964 4933 1310 5012 ἁγιασμάτων
1355 4931 1599 5001 ἀξιωθείη
1627 4953 1644 5015 ς
1706 4933 1918 5000 πάντως

260 5018 515 5098 οὐδαμοῦ,
573 5022 618 5078 εἰ
687 5021 766 5098 μὴ
816 5020 1030 5100 ἀποστῇ
1081 5027 1175 5078 τοῦ
1215 5028 1407 5097 κακοῦ,
1466 5022 1556 5079 καὶ
1609 5033 1914 5085 κανονικοϊς

263 5110 546 5187 ἐπιτιμίοις
570 5107 853 5191 διορθωθδῖμ

344 5288 538 5371 Ἐρώτ.
650 5279 754 5354 λδ’,
863 5290 1016 5354 Τινὲς
1123 5290 1439 5370 γυναικείων
1550 5290 1918 5369 μοναστηρίων

262 5384 596 5464 προεστῶσαι
638 5386 885 5454 ζητοῦσιν
928 5379 1238 5462 ἐγχώρησιν
1318 5380 1674 5447 ἒπισκοπικὴν
1757 5380 1917 5459 χάριν

259 5478 354 5530 τοῦ
409 5470 658 5554 δέχεσθαι
725 5471 1014 5551 λογισμούς
1086 5473 1193 5530 τῶν
1261 5467 1349 5528 ὑπ’
1416 5470 1577 5535 αὐτὰς
1613 5476 1916 5550 ’μοναχῶν,

256 5569 531 5640 Ζητοῦμεν
582 5560 671 5620 οὖν
728 5562 794 5618 εἶ’
826 5559 968 5618 ἔστιν
1022 5559 1374 5643 ἐνδεχόμενον
1439 5567 1596 5619 τοῦτο
1653 5559 1916 5639 γενέσθαι.

2004 4568 2168 4652 lupo,
2204 4589 2314 4632 nec
2348 4580 2727 4652 peccatorum
2757 4578 2977 4632 sortem
3027 4588 3162 4632 cum
3206 4569 3426 4632 Christi
3479 4577 3651 4650 parte

2003 4660 2285 4741 conjungi
2313 4668 2568 4742 oportet.
2605 4660 2666 4723 Si
2707 4660 2841 4742 quis
2883 4668 3082 4722 autem
3116 4677 3208 4736 ea,
3243 4678 3375 4741 quae
3412 4678 3448 4722 a
3476 4658 3652 4721 nobis

2001 4750 2243 4813 decreta
2271 4760 2428 4823 sunt,
2464 4759 2868 4830 transgressus
2896 4748 3098 4812 fuerit.
3131 4747 3650 4830 segregetur.Qute

2001 4839 2179 4919 igitur
2208 4857 2315 4921 per
2347 4840 2610 4902 .llicitam
2633 4843 2786 4902 hanc
2810 4857 2945 4901 cum
2968 4839 3247 4917 haeretica
3270 4840 3646 4917 societatem,

2002 4929 2391 4991 exterminata
2411 4929 3041 5010 excommunicataque
3063 4935 3173 5004 est,
3188 4947 3443 5010 quonam
3477 4926 3654 4989 modo

2001 5018 2318 5081 habebitur
2350 5019 2566 5081 divinis
2596 5016 3176 5083 sanctiﬁcationibus
3222 5017 3401 5098 digna
3425 5016 3456 5078 ?
3489 5016 3653 5080 nullo

1999 5126 2266 5190 prorsus,
2302 5098 2414 5170 nisi
2444 5130 2474 5171 a
2509 5109 2666 5171 malo
2697 5108 2972 5187 divertat,
2999 5114 3057 5169 et
3080 5107 3385 5170 canonicis
3436 5125 3652 5170 emen-

1999 5198 2136 5261 data
2156 5198 2232 5259 sit
2253 5199 2750 5263 correctionibus.

2082 5286 2429 5352 1nterr.34.
2447 5286 2723 5361 Quaedam
2749 5287 3134 5352 muliebrium
3157 5286 3652 5350 monasteriorum

2002 5376 2296 5459 praefectae
2315 5377 2712 5459 episcopalem
2757 5378 3076 5461 requirunt
3103 5377 3338 5440 veniam
3371 5388 3417 5454 ι’,
3446 5385 3511 5441 ιιι
3540 5378 3654 5449 sibi

2001 5466 2371 5530 subditarum
2386 5468 2730 5530 monialium
2751 5468 3064 5535 ratiocinia
3092 5466 3656 5551 8suscipiant.Quaa-

2001 5556 2213 5636 rimus,
2231 5575 2309 5620 an
2337 5557 2485 5620 illud
2514 5558 2747 5621 admitti
2778 5559 2985 5642 possit.

1587 5662 1843 5737 VARUE
1886 5663 2324 5740 LECTIQNES.

376 5747 788 5833 permirum
816 5758 838 5789 ³
861 5748 1284 5828 confessiones.

501 5856 754 5921 ΡΑτιιοι.
786 5853 898 5923 Gn.
928 5852 1130 5919 CXIX-

3175 5854 3249 5919 34
