4128 6432
431 430 582 494 1067

510 566 684 644 Resp.
719 560 874 624 Alibi
897 560 1075 623 etiam
1107 558 1386 641 diximus,
1428 557 1571 622 solis
1621 556 1906 620 tributum
1939 573 2072 618 esse
2093 566 2134 613 Α

430 651 866 728 sacerdotibus,
914 649 1362 714 confessionum
1413 648 1716 710 suscicere
1770 644 2079 710 ratiocinia

429 766 563 810 cum
592 741 918 826 episcopali
951 741 1270 823 permissu.
1308 738 1371 803 Si
1417 739 1597 819 igitur
1648 758 1767 800 non
1814 745 2079 800 sacratus

430 835 748 918 praefectus
776 850 887 896 nec
919 850 1053 894 cum
1097 829 1420 912 episcopali
1465 829 1760 910 permissu
1790 827 1848 888 id
1883 826 2078 918 facere

431 914 648 1007 potest,
676 921 860 986 multo
893 920 1092 984 minus
1120 920 1179 982 id
1207 919 1502 1002 praefectae
1531 936 1878 981 concessum
1911 914 2026 977 erit
2058 933 2072 974 :

428 1014 540 1077 etsi
565 1015 755 1076 virtus
777 1012 908 1092 ejus
937 1011 1125 1074 solem
1156 1009 1474 1092 splendore
1496 1017 1763 1092 superet.

509 1191 755 1256 Interr.
801 1192 900 1256 35.
948 1189 1143 1254 Divini
1186 1209 1438 1254 canonss
1467 1189 1898 1253 diconissarum
1951 1202 2082 1247 me-

434 1281 757 1345 minerunt.
793 1281 1155 1364 Quaerimus,
1187 1281 1360 1362 quale
1381 1279 1454 1343 sit
1479 1299 1684 1343 earum
1715 1275 1998 1340 ofﬁcium.

511 1461 850 1545 Resp.0lim
879 1461 1200 1541 aliquando
1224 1459 1468 1524 ordines
1498 1458 1964 1545 diaconissarum
1989 1472 2083 1516 ca-

444 1544 704 1616 nonibus
733 1552 954 1629 cogniti
983 1551 1172 1628 fuere,
1207 1550 1632 1632 habebantque
1659 1549 1802 1630 ipsa;
1831 1544 2080 1627 gradum

444 1643 518 1704 ad
548 1643 757 1704 altare.
795 1645 1236 1706 Menstruorum
1269 1649 1463 1703 autem
1501 1638 1831 1722 inquinatio
1866 1635 2044 1698 minis
2067 1669 2082 1681 -

1803 423 1835 486 J
1840 422 1936 486 US
1975 419 2424 487 CANONICUM

3656 401 3820 470 1068

2245 553 2435 617 Ἀπόκ.
2485 555 2578 611 Γαῖ
2636 552 2826 612 ἄλλοτε
2889 550 3142 628 εἴπομεν,
3203 546 3385 626 μόνοις
3440 543 3563 610 τοῖς
3629 543 3820 624 ἱερεῦσι

2161 645 2295 720 μετὰ
2354 643 2710 712 ἓπισκοπικῆς
2779 643 3139 724 ἐκχωρήσεως
3211 634 3488 712 δεδομένον
3547 632 3690 690 εἶναι
3757 633 3820 688 τὸ

2161 712 2406 815 δέχεσθαι
2489 733 2798 814 λογισμούς.
2846 712 2979 790 "Civ
3062 739 3188 810 γοῦν
3244 726 3358 785 οὐδὲ
3428 725 3821 815 ἆνίεροςῃκαθ-

2161 811 2458 902 ηχούμενος
2535 811 2669 901 μέτὰ
2755 823 3107 889 ἒπισκοπικης
3177 817 3536 898 ἐκχωρήσεως
3611 811 3821 872 δύναται

2163 911 2408 994 δέχεσθαι
2439 913 2752 993 λογισμοὺς,
2791 910 2976 987 πολλῷ
3017 907 3180 968 πλέον
3227 909 3320 965 οῦκ
3350 905 3642 994 ἐκχωρηθῇ
3665 908 3820 994 τοῦτο

2163 991 2305 1083 παρὰ
2332 991 2734 1083 καθηγουμένης
2764 1003 3018 1083 γίνεσθαι,
3049 997 3146 1058 κᾶν
3177 1000 3212 1069 ἦ
3242 995 3406 1078 ἀρετὴ
3435 993 3599 1060 αὒτῆς
3630 991 3822 1068 λάμπῃ

2164 1094 2254 1149 τὸν
2283 1090 2460 1160 ἥλιον.

2248 1181 2440 1263 Ἐρώτ.
2487 1171 2589 1244 λε’.
2649 1185 2708 1240 Οἱ
2763 1185 2898 1240 θετοι
2948 1182 3168 1244 κανόνες
3227 1176 3496 1254 μέμνηται
3554 1171 3824 1263 διακονισ-

2168 1261 2446 1331 κονισσῶν.
2494 1278 2764 1348 Ζητοῦμεθ
2793 1271 2884 1329 οὖν
2929 1275 3119 1348 μαθεῖν
3156 1267 3316 1326 ποτόν
3360 1266 3471 1324 ἐστι
3515 1264 3576 1320 τὸ
3620 1261 3822 1319 τούτων

2165 1359 2546 1441 λειτούργημα.
3687 1371 3690 1374 ’

2248 1448 2440 1511 Ἀπόκ.
2487 1448 2660 1508 Πάλαι
2705 1451 2832 1508 ποτὲ
2888 1451 2975 1508 καὶ
3021 1450 3268 1528 τάγματα
3308 1445 3653 1503 διακονισσῶν
3707 1452 3825 1503 τοῖς

2167 1540 2381 1598 κανόσιν
2439 1539 2850 1619 ἐπεγινώσκετο,
2925 1543 3012 1598 καὶ
3056 1541 3218 1620 εἶχον
3259 1539 3349 1594 καὶ
3414 1534 3566 1592 αὗται
3623 1531 3822 1620 βαθμῦν

2165 1629 2218 1688 ἒν
2273 1637 2350 1705 τῷ
2419 1632 2623 1708 βήματι
2661 1649 2676 1663 ⁵
2734 1633 2768 1700 ἡ
2843 1629 2897 1687 δὲ
2957 1632 3062 1688 τῶν
3119 1619 3390 1706 ίέμμήνων
3447 1625 3679 1685 κάκωσις
3722 1619 3824 1686 τὴν

437 1729 652 1792 terium
678 1749 880 1793 earum
914 1749 948 1792 a
971 1729 1172 1791 divino
1197 1738 1260 1794 et
1299 1739 1504 1793 sancto
1536 1711 1705 1792 altari
1735 1727 1985 1808 expulit.
2017 1723 2078 1786 In

2197 1722 2449 1802 πηρεσίαν
2479 1722 2676 1789 ταύτην
2705 1725 2768 1778 εκ
2808 1729 2898 1779 τοῦ
2926 1723 3060 1778 θείου
3108 1722 3194 1777 καὶ
3237 1720 3386 1797 ἁγίου
3415 1717 3656 1794 βήματος
3687 1711 3828 1808 ειπε-

434 1819 814 1882 sanctissima
844 1829 1040 1883 autem
1074 1819 1348 1882 Ecclesia
1369 1819 1530 1883 sedis
1553 1801 2078 1896 Constantinopoli-

2197 1813 2356 1868 ἐνωσε
2393 1829 2406 1844 ’
2441 1812 2582 1891 παρὰ
2611 1809 2666 1866 δὲ
2693 1817 2761 1888 τῇ
2805 1811 3076 1890 ἁγιωτάτῃ
3133 1807 3428 1879 Ἐκκλησία
3483 1814 3577 1862 τοῦ
3641 1801 3826 1882 θρόνου

434 1916 710 1972 tanorum
766 1908 1115 1972 diaconissae
1169 1909 1534 1989 deliguntur,
1591 1926 1771 1970 unam
1843 1895 2078 1986 quidem

2195 1903 2272 1960 ὧν
2318 1899 2948 1961 Κωνσταντινουπολιτῶν
3003 1899 3326 1956 διακόνισσαι
3374 1895 3822 1976 προχειρίζονται,

438 1997 1042 2061 communicationem
1095 2019 1215 2061 non
1280 1981 1572 2061 habentes
1629 1997 1703 2060 ad
1754 1981 1957 2071 altare,
2024 1994 2078 2056 in

2195 1993 2292 2048 ιίαν
2324 1991 2421 2068 μὲν
2453 1990 2732 2067 μετουσίαν
2763 1991 2841 2067 μὴ
2871 1988 3092 2071 ἔχουσαι
3138 1988 3192 2045 ὲν
3241 1992 3318 2061 τῷ
3347 1987 3573 2064 βήματι,
3621 1981 3826 2049 ἐκκλη-

442 2087 649 2150 multis
679 2095 880 2151 autem
911 2087 1200 2152 habentes
1230 2096 1607 2167 conventum,
1642 2095 1698 2150 et
1731 2085 2078 2148 muliebrem

2195 2083 2438 2154 ειάζουσαι
2468 2078 2618 2136 δὲτὰ
2659 2079 2859 2155 πολλὰ,
2915 2082 3002 2137 καὶ
3049 2080 3148 2148 τὴν
3205 2088 3578 2158 γυναικωνῖτιν
3623 2072 3828 2141 ἐκκλη-

438 2184 659 2241 ccetum
687 2177 1090 2242 e'cclesiastice
1119 2177 1466 2259 dirigentes.

523 2266 752 2332 Interr.
788 2268 888 2333 36.
923 2271 1013 2331 An
1042 2267 1448 2331 subdiaconus
1479 2277 1538 2332 et
1572 2266 1857 2330 diaconus
1887 2262 2089 2345 legiti-

442 2374 541 2419 me
571 2356 758 2438 possit
787 2375 920 2419 cum
944 2357 1196 2420 muliere
1226 2358 1488 2439 copulari
1511 2375 1724 2421 necne.

519 2445 701 2528 Resp.
735 2445 808 2508 Et
835 2465 1116 2522 canones,
1151 2454 1208 2510 et
1241 2447 1406 2527 leges
1439 2448 1618 2509 variae
1655 2453 1854 2508 vetant
1883 2464 2086 2510 sacra-

2170 2178 2459 2237 σιαστικῶς
2503 2168 2881 2251 διορθούμεναι.

2255 2259 2444 2342 Ἐρώτ.
2478 2255 2617 2338 λς’.
2653 2252 3024 2323 ’Υποδιάκονος
3071 2259 3158 2316 καὶ
3207 2255 3448 2322 διάκονος
3497 2253 3708 2314 δύναται
3739 2259 3832 2312 νο-Δ

2173 2353 2350 2430 μίμως
2384 2358 2705 2434 ωναφθῆναι
2735 2351 2964 2432 γυναικὶ,
2994 2350 3030 2420 ἢ
3074 2349 3132 2406 οὗ
3163 2368 3180 2430 ;

2256 2440 2449 2507 Ἀπόκ.
2496 2445 2596 2503 Καὶ
2653 2442 2869 2508 κανόνες
2939 2442 3027 2498 καὶ
3069 2439 3222 2517 νόμοι
3279 2436 3513 2519 διάφοροι
3565 2435 3826 2494 κωλύυυσι

442 2542 534 2596 tos
562 2526 700 2616 post
728 2535 1164 2599 ordinationem
1197 2526 1549 2599 mulieribus
1592 2537 1893 2618 conjungi.
1943 2535 2078 2600 Cum

2195 2534 2294 2598 ποὺς
2378 2533 2693 2613 ἱερωμένους
2777 2531 3125 2590 συνάπτεσθαι
3226 2527 3424 2609 γυναιξὶ
3506 2526 3646 2604 μετ-ὴ

442 2615 641 2686 autem
676 2625 764 2706 (ut
784 2625 1036 2706 videtur)
1067 2626 1422 2689 canonicum
1472 2627 1586 2690 hoc
1612 2615 2078 2690 contemneretur

2195 2624 2529 2703 εειροτονίαν.
2590 2630 2693 2682 Τοῦ
2771 2620 2826 2679 δὲ
2880 2621 3118 2678 τοιούτου
3185 2623 3465 2677 κανονικοῦ
3518 2615 3828 2697 παραγγέλ-

442 2705 851 2792 interdiCtum,
877 2715 1035 2778 inter
1061 2715 1460 2798 imperatores
1493 2717 1741 2798 inclytus
1773 2725 1830 2778 et
1847 2716 2078 2799 sapien-

2195 2735 2343 2779 ιατος
2413 2712 2784 2793 ἆθετουμένου,
2870 2713 2943 2776 ὡς
3028 2709 3222 2786 ἔοικεν,
3295 2711 3325 2766 ὁ
3392 2707 3446 2764 ἒν
3529 2705 3832 2784 βασιλεῦσιν

446 2804 711 2868 tissimus
742 2806 1020 2870 dominus
1047 2795 1168 2870 Leo
1217 2827 1324 2888 per
1365 2795 1668 2870 Novellam
1719 2795 2078 2871 sanctionem

2195 2801 2413 2879 ιοίδιμος
2482 2803 2570 2860 καὶ
2627 2802 2931 2883 σοφώτατος
3001 2801 3178 2880 κύριος
3261 2798 3433 2875 Λέων,
3493 2795 3577 2853 διὰ
3643 2797 3832 2854 θεσπί-

445 2892 656 2956 vitium
687 2895 1043 2958 emendavit.
1074 2887 1269 2978 Inqu’it
1324 2898 1481 2959 enim
1528 2898 1652 2959 haec
1682 2896 1745 2958 in
1786 2904 1953 2978 parte
1982 2915 2078 2959 ex-

2195 2915 2376 2969 ι-ματος
2424 2898 2624 2970 Νεαροῦ
2685 2894 2746 2948 τὸ
2807 2892 2972 2949 κακὸν
3029 2888 3383 2970 διωρθώσατο.
3448 2889 3590 2954 Φησὶ
3647 2887 3746 2966 γὰρ
3797 2889 3834 2956 ἡ

448 2983 702 3064 pressim
739 2984 908 3046 tertia
939 2986 1070 3065 ejus
1091 2977 1343 3048 Novella
1371 3008 1385 3050 :
1417 2986 1710 3049 Jubemus
1741 2977 1807 3049 ut
1830 2985 1903 3048 ad
1927 2995 2078 3048 vetus

2195 2983 2322 3061 ςρίτη
2383 2982 2557 3061 Νεαρὰ
2614 2982 2768 3038 αὖτοῦ
2837 2980 2891 3036 ἐν
2962 2978 3108 3060 μέρει
3184 2986 3346 3035 ταῦτα
3420 2977 3593 3065 ῥητῶς
3723 2986 3831 3065 Ks-

447 3062 734 3136 Ecclesiw
749 3062 1010 3156 superne
1028 3075 1304 3137 traditum
1335 3076 1730 3159 prescriptum
1755 3075 2078 3138 creatione:

2195 3071 2398 3146 ιεόομεν
2455 3071 2592 3128 κατὰ
2659 3071 2722 3126 τὸ
2793 3067 2988 3127 ἄνωθεν
3043 3068 3282 3150 ἀρχαῖον
3353 3071 3451 3134 τῆς
3508 3062 3827 3159 Ἐκκλησίξις

450 3161 780 3242 procedant
813 3147 839 3226 ε’
864 3181 1059 3246 neque
1089 3165 1250 3226 enim
1303 3147 1547 3244 dignum
1569 3147 1703 3239 Iest,
1739 3172 1801 3225 ut
1833 3163 1932 3246 qui
1964 3162 2078 3245 spi-

2195 3159 2442 3239 ἴιάταγμα
2524 3160 2618 3225 τὰς
2730 3147 3490 3241 χειροτονίαςΠπροϐαίνειν.
3573 3155 3644 3212 Οὐ
3725 3153 3826 3232 γὰρ

447 3250 622 3313 ritali
653 3270 911 3316 ascensu
941 3271 1119 3336 supra
1149 3255 1418 3336 corporis
1465 3253 1865 3334 abjectionem
1906 3257 2078 3316 evecti

2195 3248 2318 3315 ιξιόν
2401 3248 2534 3325 ἐστι,
2623 3251 2758 3326 μετὰ
2839 3251 2900 3306 τὸ
2983 3249 3325 3325 ἆνυψωθῆναι
3382 3246 3476 3314 τῆς
3520 3247 3828 3320 σωματικῆς

444 3348 603 3422 sunt,
636 3341 696 3404 hi
721 3360 931 3405 rursus
959 3331 1034 3406 ad
1063 3331 1275 3406 carnis'
1289 3345 1496 3407 sordes
1543 3331 1936 3424 delabantur;
1987 3343 2078 3404 sec'

2195 3339 2545 3404 ταπεινώσεως
2627 3341 2730 3396 ὑπὸ
2835 3339 2931 3407 τῆς
3031 3342 3396 3414 πνευματικῆς
3498 3331 3826 3408 ἀναϐάσεως,

445 3447 479 3492 e
537 3429 793 3508 diverso,
844 3442 907 3495 ut
949 3433 1214 3496 divinum
1262 3433 1661 3496 ministerium
1704 3453 1772 3496 ex
1827 3433 2078 3514 corporis

2195 3428 2388 3493 τούτους
2417 3427 2576 3486 πάλιν
2623 3427 2708 3485 ἐπὶ
2763 3427 2862 3496 τὴν
2918 3429 3176 3508 σαρκικὴν
3245 3424 3604 3493 ταπεινότητα
3660 3446 3833 3514 κατα-

447 3519 726 3583 sordibus
756 3531 1032 3604 tanquam
1064 3524 1123 3585 in
1156 3525 1337 3586 altum
1371 3525 1630 3605 aliquem
1654 3523 1900 3604 gradum
1927 3508 2078 3585 cons

2195 3516 2383 3571 πίπτειν
2420 3534 2433 3547 ·
2493 3515 2790 3573 τοῦναντίον
2861 3513 2916 3572 δὲ
2989 3514 3189 3592 μᾶλλον
3259 3517 3370 3596 χρὴ
3439 3514 3513 3577 εἷς
3584 3508 3837 3569 ἀνάϐασιν

450 3609 687 3686 cendat,
725 3603 1176 3675 convenientius
1226 3614 1426 3678 fuerit.
1463 3603 1859 3687 Quamobrem
1917 3632 2078 3675 nemc

2195 3603 2392 3681 ›ψηλὴν
2449 3605 2548 3673 τὴν
2602 3606 2744 3662 θείαν
2827 3604 3150 3685 λειτουργίαν
3231 3605 3290 3662 ἐκ
3360 3609 3458 3671 τῆς
3522 3605 3836 3679 σωματικῆς

449 3717 681 3780 eorum,
717 3701 820 3782 qui
850 3703 1023 3766 altari
1053 3704 1320 3765 serviunt
1344 3712 1497 3786 post.
1531 3703 1969 3766 ordinationem
1995 3723 2078 3765 au-

2195 3695 2560 3762 ταπεινότητος
2628 3693 2942 3754 ἀναϐαίνειν.
3007 3697 3100 3752 Διὸ
3157 3693 3319 3760 οὐδεὶς
3376 3701 3481 3752 τῶν
3524 3703 3616 3753 τοῦ
3657 3697 3842 3773 βήμα-

444 3787 651 3851 dacter
691 3789 822 3870 lege
871 3790 1155 3854 connubii
1186 3785 1418 3855 mulieri
1464 3793 1878 3873 conjungetur.
1913 3791 2078 3874 ldqut

2195 3807 2270 3848 εος
2302 3786 2438 3861 μετὰ
2467 3787 2565 3854 τὴν
2623 3787 2952 3866 χειροτονίαν
2995 3785 3281 3866 ταλμηρῶς
3341 3787 3650 3868 συζευχθείη
3700 3789 3838 3844 κατὰ

444 3879 493 3938 si
527 3877 743 3943 fecerit
802 3879 989 3956 licuit,
1041 3881 1197 3962 quod
1261 3891 1392 3962 post
1439 3901 1568 3944 eam
1617 3882 1766 3945 adeo
1798 3881 1954 3944 male
1988 3881 2072 3943 fui

2195 3877 2347 3954 νόμον
2398 3877 2574 3957 γάμου
2631 3880 2838 3957 γυναικί
2871 3898 2886 3914 ο
2974 3885 3130 3937 τοῦτο
3200 3875 3254 3934 δέ
3311 3879 3542 3948 ποιήσας
3586 3882 3838 3957 καθαιρε-

449 3984 651 4032 ausus,
1468 3997 1472 4001 -
2179 3969 2419 4038 θήσεται.
2510 3964 2666 4036 ’Νξῆν
2751 3969 2852 4048 γὰρ
2937 3968 3078 4043 αὒτῷ
3160 3971 3261 4051 πρὸ
3341 3974 3442 4038 τῆς
3503 3969 3837 4050 χειροτονίας

2173 4063 2392 4125 ποιῆσαι
2434 4058 2496 4115 τὸ
2544 4059 2679 4134 μετὰ
2735 4059 2832 4126 τὴν
2875 4061 3206 4140 χειροτονίαν
3276 4059 3413 4118 οὕτω
3457 4065 3642 4136 κακῶς⁸
3705 4057 3833 4116 τολ-

2181 4147 2372 4224 μηθέν.

527 4238 760 4306 Interr.
803 4243 904 4307 3'7.
966 4244 1216 4307 Licitum
1263 4252 1352 4306 est
1389 4243 1730 4307 saceadotes
1788 4243 2078 4326 praefecto:

2263 4233 2453 4317 Ἐρώτ.
2508 4226 2612 4309 λζ’.
2677 4238 3026 4319 Ἐκχωρητόν
3069 4239 3180 4296 ἐστι
3237 4241 3358 4306 τοὺς
3415 4240 3606 4323 ἱερεῖς³
3663 4241 3835 4320 ἡγου-

449 4329 829 4407 exsistentes,
861 4333 949 4394 vel
997 4334 1376 4415 primopapas
1394 4338 1467 4410 δ’,
1503 4341 1561 4395 et
1603 4333 1936 4414 pontiﬁces,
1990 4353 2078 4396 su-

2195 4326 2370 4393 ιένους
2421 4329 2599 4406 ὄντας,
2645 4327 2681 4398 ἢ
2736 4327 3194 4406 πρωτοπαπάδας,
3242 4332 3330 4387 καὶ
3370 4332 3493 4397 τοὺς
3537 4331 3836 4411 ἀρχιερεῖς,

451 4420 818 4502 permanicis
864 4430 922 4484 et
976 4414 1513 4506 supergenualibus
1563 4423 1859 4504 insigniri,
1901 4443 1975 4486 an
2009 4443 2073 4487 es

2195 4414 2264 4473 ita
2321 4416 2647 4493 ἐπιμανίκων
2703 4418 2800 4476 καί
2859 4417 3206 4499 ἐπιγονατίων
3267 4419 3716 4497 ἂποσεμνύνθσθαι
3749 4433 3764 4448 ⁶
3801 4418 3838 4488 ἢ

447 4509 722 4572 vetitum.

2195 4505 2505 4566 κεκώλυται.

529 4601 1287 4684 Resp.Supermanicarum
1302 4611 1359 4665 et
1371 4603 1892 4685 supergenualium
1908 4623 2078 4668 sacra

2265 4594 2457 4660 Ἀπόκ,
2519 4587 2582 4655 Ἠ
2637 4599 2743 4655 τῶν
2800 4596 3124 4675 ἐπιμανίκων
3184 4601 3270 4658 καὶ
3325 4607 3432 4658 τῶν
3489 4599 3838 4679 ἐπιγονατίων

449 4691 719 4756 tissimus
762 4693 1016 4755 amictus
1057 4693 1201 4756 solis
1236 4692 1614 4774 pontiﬁcibus
1635 4695 1952 4756 attributus
1984 4701 2073 4757 est

2195 4687 2442 4765 ,ερωτάτη
2506 4686 2776 4765 ἐνδυμενία
2838 4691 3021 4766 μόνοις
3088 4703 3204 4756 τοῖς
3258 4690 3558 4772 ἀρχιερεῦσι
3611 4689 3840 4772 πεφιλο-

449 4781 605 4844 velut
629 4782 876 4862 ﬁguram
899 4782 1310 4847 obtinentibus
1326 4783 1654 4865 Domini,et
1673 4783 1871 4860 Dei,et
1892 4783 2074 4847 Servo

2195 4777 2424 4851 τίμηται,
2500 4779 2573 4842 ὡς
2625 4780 2717 4835 τὸν
2771 4781 2934 4838 τύπον
2996 4779 3250 4861 ἐπέχουσι
3335 4787 3428 4838 τοῦ
3501 4781 3685 4861 Κυρίου
3752 4781 3843 4838 καὶ

447 4871 666 4934 vatoris
695 4872 885 4934 nostri
910 4871 940 4936 J
949 4891 1050 4934 esu
1081 4873 1331 4936 Christi:
1361 4873 1622 4954 indeque
1651 4881 1891 4954 peccata
1920 4875 2077 4936 etian

2195 4876 2316 4927 θεοῦ
2358 4871 2446 4928 καὶ
2475 4871 2722 4952 Σωτῆρος
2777 4875 2930 4950 ἡμῶν
2987 4871 3164 4942 Ἰησοῦ
3219 4882 3446 4952 Χριστοῦ
3477 4890 3492 4906 ⁸
3566 4875 3841 4932 κάντεῦθεν

447 4961 753 5024 hominum
773 4963 1342 5044 remittunt,aliaque
1366 4963 1673 5043 majoraad
1705 4964 2078 5027 imitationen

2195 4961 2272 5016 ιιαὶ
2315 4960 2569 5040 ἁμαρτίας
2639 4961 2874 5044 ἀφιοῦσιν
2931 4961 3238 5044 ἀνθρώπων,
3302 4966 3390 5022 καὶ
3451 4963 3586 5021 ἄλλα
3629 4987 3838 5022 ποιουσι

451 5049 678 5114 Christi
707 5051 948 5129 faciunt,
988 5071 1120 5134 quae
1159 5053 1575 5116 sacerdotibus
1619 5053 1753 5115 data
1797 5073 1915 5116 non
1940 5062 2076 5116 sunt

2195 5051 2635 5128 Χριστομιμήτως
2723 5054 2958 5135 μείζονα,
3060 5054 3159 5113 ὅσα
3239 5068 3358 5120 τοῖς
3447 5058 3668 5134 ἱερεῦσιν
3745 5059 3839 5115 οῦκ

452 5137 662 5210 Quaere
675 5159 869 5221 neque
891 5142 1672 5224 supermanicarum,neque
1692 5161 2078 5224 supergenua‘

2195 5137 2520 5208 ἑνεδόθησαν,
2558 5142 2652 5198 Διὸ
2706 5141 2822 5199 οὐδὲ
2877 5145 2975 5211 τῆς
3019 5151 3126 5203 σῶν
3183 5145 3507 5223 ἐπιμανίκων
3562 5143 3679 5205 οὐδὲ
3734 5151 3843 5205 τῶν

451 5226 597 5288 lium
631 5230 1023 5292 merebuntur
1088 5232 1396 5296 amictum.
1450 5232 1595 5294 Nam
1671 5233 2078 5311 supermanica

2195 5229 2534 5309 ἑπιγονατίων
2643 5229 2940 5308 ἐνδυμενίας
3040 5232 3443 5305 ἆξιωθήσονται.
3557 5236 3634 5294 Τὰ
3741 5237 3843 5316 γὰρ

454 5317 640 5396 ﬁgura
700 5326 836 5380 sunt
885 5320 1276 5402 manicarum,
1308 5320 1523 5402 quibus
1570 5329 1738 5383 erant
1768 5323 2078 5385 constricta

2195 5320 2475 5396 ἐπιμάνικα
2531 5320 2692 5388 τύπος
2749 5324 2844 5380 εἰσὶ
2899 5329 3005 5380 τῶν
3064 5324 3393 5407 χειροπεδῶν
3447 5326 3554 5385 τῶν
3599 5324 3843 5407 ἑλιχθει-

455 5423 666 5470 manus
694 5407 958 5484 Domini,
1003 5418 1060 5471 et
1088 5409 1217 5486 Dei,
1261 5418 1318 5472 et
1347 5409 1680 5474 Servatoris
1732 5409 1921 5475 nostri
1958 5411 2078 5475 Jesu

2195 5417 2292 5468 τῶν
2352 5411 2423 5476 εἷς
2478 5411 2571 5476 τὰς
2615 5425 2807 5492 χεῖρας
2851 5423 2943 5473 τοῦ
3002 5417 3187 5494 Κυρίου
3243 5417 3329 5474 καὶ
3387 5422 3516 5474 Θεοῦ
3570 5417 3657 5474 καὶ
3727 5422 3847 5473 Σω.

453 5495 700 5580 Christi,
721 5498 955 5579 quando
975 5500 1046 5561 ad
1069 5500 1463 5562 voluntariam
1483 5501 1823 5581 passionem
1847 5508 2078 5565 conten-

2195 5501 2340 5580 τῆρος
2393 5502 2549 5576 ἡμῶν
2605 5504 2786 5569 Ἰησοῦ
2858 5510 3084 5582 Χριστοῦ
3141 5504 3228 5562 ὅτε
3287 5508 3416 5588 πρὸς
3478 5507 3537 5562 τὸ
3609 5507 3850 5565 ἑκούσιον

1789 5662 2041 5726 VARle
2084 5661 2520 5726 LECTIONES.

535 5796 592 5835 ’³⁵⁸
624 5800 733 5880 (ιιιὲ
762 5796 1009 5863 abbates
1034 5799 1180 5881 sint,
1213 5801 1307 5864 vel
1331 5800 1790 5881 pro(0papades.
