4128 6412
293 396 450 467 161⁸13

367 530 557 613 Ἐρώτ.
651 520 776 608 ρλβ’.
857 541 983 595 Ἓοτς

284 623 380 680 τέα
435 621 572 679 ἐστὶν
630 621 666 688 ἡ
730 625 840 678 τῶν
903 621 1054 678 θείων
1126 621 1470 700 ἁγιασμάντων
1539 620 1868 702 μετάληψις,
1913 621 1954 691 ἢ

285 730 409 792 οῡ;

370 800 563 862 Ἀπόκ.
628 792 685 858 Ὀ
729 796 897 877 μέγας
941 799 996 856 ἐν
1027 797 1325 880 ἀρχιερεῦσι
1355 799 1618 876 βασίλειος
1661 800 1716 857 ἐν
1755 799 1945 882 διαφό-

287 913 398 972 ροις
453 889 666 948 κανόσιν
726 888 890 948 αὑτοῇ
933 890 992 944 οὒ
1045 886 1250 945 δίδωσιν
1311 885 1486 947 ἄδειαν
1539 903 1658 955 τοῖς
1717 891 1943 970 πορνεύ-

285 1004 400 1042 ουσι
450 986 556 1038 τῶν
617 979 767 1036 θείων
830 977 1172 1056 ἁγιασμάτων
1232 977 1682 1056 μεταλαμϐάνειν.
1742 978 1831 1038 Ἐν
1887 977 1944 1036 δὲ

284 1079 363 1147 τῷ
418 1061 480 1127 π’
533 1069 714 1125 κανόνι
785 1069 941 1124 αὐτοῦ
1010 1063 1302 1145 διορίζεται,
1390 1067 1490 1136 τήν
1564 1069 1938 1148 πορνεύουσαν,

285 1163 600 1220 ἀποττᾶσαν
621 1164 720 1226 τῆς
763 1157 1041 1237 πορνείας,
1077 1155 1156 1231 μὴ
1216 1154 1546 1230 ἂτιεντεῦθεν,
1609 1157 1750 1219 ἀλλὰ
1804 1159 1941 1236 μετὰ

280 1251 509 1333 τριετίαν
532 1255 639 1306 τῶν
679 1248 831 1306 θείων
865 1245 1210 1326 ἁγιασμάτων
1241 1245 1692 1321 μεταλαμϐάνειν.

366 1338 562 1421 Ἐρώτ.
595 1329 711 1418 μγ’,
761 1327 824 1394 Ἦ
877 1333 1225 1413 συμπενθερία
1279 1341 1384 1391 τῶν
1423 1336 1715 1395 συντέχνων
1773 1337 1938 1419 μέχρι

281 1430 451 1488 πόσου
479 1431 680 1507 βαθμοῦ
708 1425 969 1507 κωλύεται
1004 1443 1020 1505 ;

365 1504 502 1578 Ἀπό
549 1510 606 1576 Ὀ
663 1517 763 1593 μὲν
817 1504 902 1594 νγ’
952 1504 1126 1571 κανὼν
1177 1521 1274 1584 τῆς
1319 1514 1374 1571 ὲν
1414 1521 1489 1590 τῷ
1545 1514 1792 1596 Τρούλλεμ
1848 1523 1940 1575 τοῦ

283 1609 518 1690 μεγάλου
591 1605 847 1664 πα)ατίου
897 1605 1164 1672 συστάσης
1222 1605 1372 1684 ἁγίας
1431 1605 1520 1660 καὶ
1574 1607 1942 1682 οἷκουμενικῆς

282 1699 498 1758 συνόδου
540 1696 754 1768 κολάζει
807 1695 929 1758 τοὺς
988 1692 1284 1776 ἀναδόχους
1357 1695 1704 1753 συνάπτεσθαι
1770 1720 1940 1777 γαμι-

1633 387 2314 465 GRECOrROMANUM

1090 530 1580 610 παλλακευομένας
1658 553 1913 612 συγχωρίη
1927 563 1943 573 ο

2113 526 2340 594 Intern
2369 528 2472 614 4.2.
2506 524 2575 588 In
2603 523 3000 593 concubinam
3055 525 3372 607 agentibus
3419 528 3678 614 permit-

3532 386 3690 454 1074

2036 614 2215 680 tenda
2243 623 2333 682 est
2356 613 2689 682 divinarum
2711 614 3243 686 sanctiﬁcationum
3273 613 3677 702 participialia,

2033 721 2227 767 necne
2250 708 2280 768 ?

2111 796 2288 876 Resp.
2331 796 2578 874 Magnus
2618 795 2680 857 in
2724 795 3040 859 anstitibus
3083 795 3362 872 Basilius,
3396 796 3459 858 in
3508 795 3688 858 variis

2031 883 2360 948 canonibus
2391 884 2515 948 suis
2545 904 2662 948 non
2681 885 2781 950 dat
2793 884 3195 954 scortantibus.
3209 885 3512 954 licentiam
3536 886 3688 949 divi.

2024 989 2131 1036 nas
2164 973 2668 1036 sanctiﬁcationes
2697 975 3145 1041 assumendiln
3169 973 3249 1041 80
3276 981 3473 1042 autem
3493 993 3681 1038 cano-

2023 1079 2098 1125 ne
2141 1061 2371 1136 deﬁnit,
2406 1066 2838 1147 scortatricem,
2873 1083 3003 1147 qum
3052 1065 3408 1131 scortatione
3437 1065 3636 1128 disces
3661 1099 3689 1113 -

2021 1151 2118 1224 sit,
2153 1171 2280 1216 non.
2317 1152 2556 1235 exinde,
2607 1153 2715 1218 sed
2764 1161 2896 1235 post
2949 1154 3305 1229 triennium,
3339 1153 3680 1221 divinarum

2023 1241 2572 1306 sanctiﬁcationum
2599 1242 2945 1326 participem
2979 1243 3138 1308 ﬁeri.

2101 1331 2328 1394 Interr.
2347 1330 2894 1400 43.Consoceratus
2922 1339 3293 1416 compatrum
3326 1331 3399 1401 ad
3431 1339 3676 1418 quotum

2024 1437 2218 1502 usque
2237 1420 2487 1502 gradum
2512 1423 2861 1503 prohibetur
2883 1423 2916 1484 ‘I

2105 1509 2286 1590 Resp.
2340 1511 2544 1574 Canon
2582 1512 2822 1593 quidem
2871 1513 3400 1597 q‘uinquagesimus
3443 1519 3688 1594 quartus

2027 1607 2249 1662 sanctae
2275 1608 2332 1664 et
2356 1601 2742 1664 oecumenicae
2770 1601 2999 1684 synodi,
3036 1602 3099 1665 in
3130 1600 3336 1665 Trullo
3367 1601 3564 1682 magni
3579 1619 3680 1683 pa-

2025 1687 2152 1752 latii
2170 1696 2410 1766 coactae,
2437 1699 2590 1753 vetat
2619 1699 2996 1774 susceptores
3027 1691 3326 1760 connubio
3349 1691 3524 1774 jungi
3547 1711 3681 1754 cum

282 1797 392 1854 κῶς
447 1801 572 1852 ταῖς
629 1786 861 1865 μητράσι
923 1790 1028 1842 τῶν
1097 1784 1157 1841 ἐκ
1222 1790 1316 1842 τοῦ
1371 1785 1522 1864 ἁγίου
1576 1785 1940 1862 βαπτίσματος

2036 1778 2315 1873 matribus
2344 1779 2661 1842 infantium
2693 1800 2726 1843 e
2755 1790 2960 1845 sancto
2983 1781 3214 1850 lavacro
3239 1788 3681 1862 susceptorum,

283 1878 677 1960 ἆναδεχθὲντων
759 1873 956 1933 παίδων
968 1921 980 1934 .

282 1959 479 2050 κακου,
544 1963 934 2025 καθυποϐάλλει
1003 1964 1360 2050 πορνευόντων
1419 1962 1707 2050 ἐπιτιμίῳ..
1759 1967 1831 2023 Τὸ
1891 1959 1947 2021 δὲ

284 2043 589 2118 τελευταῖον
632 2057 892 2132 θέσπισμα
927 2061 1020 2113 τοῦ
1075 2043 1116 2111 ι’
1167 2053 1453 2135 κεφαλαίου
1509 2061 1602 2111 τοῦ
1657 2044 1707 2110 ε’
1772 2054 1950 2115 τίτλου

285 2161 379 2212 τοῦ
423 2138 515 2218 κη’
556 2144 766 2204 Βιϐλίου
819 2147 925 2201 τῶν
979 2143 1269 2221 βασιλικῶν
1325 2143 1413 2201 ἐπὶ
1455 2142 1618 2201 πλέον
1661 2143 1950 2202 ἐπεκτείνει

288 2243 388 2310 τὴν
411 2238 653 2298 κόλασιν,
689 2224 819 2294 υΟτι
850 2231 905 2290 δὲ
933 2234 1020 2290 καὶ
1050 2235 1078 2289 ὁ
1107 2230 1360 2302 δηλωθεὶς
1417 2234 1592 2290 κανὼν
1633 2235 1721 2290 καὶ
1751 2235 1779 2291 ὁ
1823 2231 1943 2290 δια-

291 2330 508 2412 ληφθεὶς
537 2328 697 2402 νόμος
758 2324 972 2400 μείζονα
1020 2322 1118 2390 τὴν
1175 2322 1311 2379 κατὰ
1377 2329 1584 2400 πνεῦμα
1639 2322 1943 2403 συγγένειαν

291 2410 503 2500 λέγουσι
531 2421 631 2484 τῆς
687 2417 1002 2490 σωματικῆς
1065 2415 1368 2492 συναφείας,
1415 2410 1600 2491 γέγονε
1657 2414 1944 2488 σημείωμα

288 2507 556 2568 συνοδικὸν
614 2504 699 2562 ἐπὶ
753 2512 846 2563 τοῦ
927 2502 1248 2582 ἀγιωτάτου.
1326 2501 1558 2561 Ἐκείνου
1611 2501 1944 2582 πατριάρχου

287 2600 464 2678 κυρίου
495 2594 778 2668 Νικολάου,
814 2593 954 2650 κατὰ
982 2581 1153 2667 μῆνα
1210 2589 1385 2647 Μάϊον
1415 2595 1514 2661 τῆς
1573 2581 1642 2648 ιε’
1682 2581 1951 2667 ἐπινεμή-

288 2712 451 2765 σεως,
482 2687 568 2745 ἰπὶ
611 2685 866 2764 ἐρωτήσει
896 2688 988 2739 τοῦ
1016 2680 1302 2760 ὑπερτίμω
1358 2679 1556 2738 ἐκείνου
1583 2682 1758 2761 κυρίου
1806 2687 1948 2761 Γρη-

290 2780 468 2860 γορίου
497 2782 590 2833 τοῦ
621 2778 828 2853 Ξηροῦ,
853 2770 1208 2850 διοριζόμενον
1226 2781 1342 2834 τοῖς
1363 2772 1543 2836 αὐτοῖς
1565 2768 1707 2850 ὅροις
1738 2771 1952 2852 συσφίγ.

293 2873 472 2950 γεσθαι
500 2868 587 2924 καὶ
606 2863 975 2945 ὑφαπλοῦσθαι
1006 2863 1102 2929 τὴν
1131 2859 1216 2919 διὰ
1242 2864 1340 2928 τῆς
1363 2863 1662 2926 συντεκνίας
1687 2868 1951 2919 συστᾶσαν

297 2955 684 3034 πνευμνατικιὶν
727 2953 1054 3032 συγγένειαν,
1087 2954 1174 3015 οἷς
1203 2952 1292 3008 καὶ
1319 2953 1372 3011 αἱ
1425 2953 1726 3028 σωματικαὶ
1754 2950 1950 3031 συγγέ-

298 3070 450 3122 νειαι,
481 3044 868 3126 περιορίζονται
880 3092 894 3106 ,

1069 1875 1169 1933 Καὶ
1253 1874 1389 1951 μετὰ
1470 1874 1764 1932 ἀπόστασιν
1850 1883 1943 1934 τοῦ

2036 1874 2092 1929 et
2121 1878 2252 1948 post
2276 1869 2708 1934 discessionem
2739 1891 2773 1934 a
2801 1871 2977 1948 malo,
3011 1870 3254 1951 subjicit
3298 1871 3688 1933 scortantium

2036 1975 2245 2038 poenae.
2280 1957 2534 2021 Ultimus
2562 1968 2757 2023 autem
2791 1959 3118 2024 versiculus
3153 1961 3226 2022 10
3255 1980 3310 2024 ο.
3344 1963 3403 2035 5,
3456 1961 3547 2024 tit.
3580 1959 3682 2034 28,

2035 2046 2188 2109 libre
2213 2047 2528 2125 Basiliam,
2555 2050 2804 2113 alterius
2836 2050 3239 2131 puntitionem
3261 2049 3548 2113 extendit.
3567 2049 3686 2114 Sed

2037 2138 2319 2217 quoniam
2352 2146 2411 2199 et
2439 2139 2770 2203 declaratus
2800 2161 3014 2218 canon,
3049 2149 3107 2202 et
3137 2140 3569 2222 suprascripta
3592 2139 3686 2202 lex

2027 2225 2401 2306 spiritualem
2434 2229 2850 2308 cognationem
2873 2229 3082 2296 dicunt
3110 2230 3394 2311 majorem
3427 2230 3684 2310 conjun-

2027 2315 2227 2376 ctione
2259 2317 2554 2397 corporali
2577 2335 2590 2381 :
2615 2317 2766 2380 facta
2782 2318 2891 2382 fuit
2919 2319 3206 2401 synodica
3237 2317 3680 2390 subnotatione,

2029 2413 2299 2488 tempore
2331 2409 2693 2473 sanctissimi
2706 2411 2867 2473 illius
2881 2411 3486 2494 patriarchae,domini
3502 2409 3688 2473 Nico-

2036 2495 2140 2577 lai,
2191 2516 2397 2560 mense
2425 2499 2597 2576 Maio,
2628 2500 3066 2583 decimaquinta
3094 2500 3442 2577 indictione,
3481 2500 3554 2561 ad
3587 2500 3685 2560 in-

2037 2588 2492 2667 terrogationem
2526 2608 2810 2672 perquam
2865 2590 3205 2654 honorandi
3253 2591 3413 2652 illius
3461 2588 3690 2652 domini

2037 2675 2309 2757 Gregorii
2331 2677 2494 2753 Xeri,
2532 2679 2827 2742 deﬁniens
2857 2680 3072 2743 iisdem
3120 2680 3447 2758 constringi
3478 2687 3537 2744 et
3577 2697 3685 2740 ex-

2041 2765 2247 2846 plicari
2279 2769 2551 2831 terminis
2577 2782 2609 2826 b
2638 2770 3170 2854 spiritualem,quze
3210 2788 3318 2853 per
3347 2777 3692 2848 compater-

2035 2855 2281 2919 nitatem
2310 2858 2700 2935 contrahitur,
2735 2861 3188 2941 cognationem;
3220 2858 3436 2940 quibus
3467 2877 3686 2940 corpo-

2032 2945 2189 3007 rales
2211 2948 2592 3026 cognationes
2624 2948 3218 3014 circumscribuntur.
3297 3006 3301 3010 .

2112 3034 2341 3100 Interr.
2372 3037 2474 3101 44.
2508 3037 3048 3104 Alexandrinorum
3078 3039 3241 3120 regio
3273 3037 3477 3108 multis
3497 3055 3687 3118 gene-

375 3114 565 3218 'Bpo'n:
625 3114 738 3211 μδ’,
815 3123 877 3189 Ἦ
949 3129 1107 3211 χώρα
1179 3134 1286 3186 τῶν
1357 3127 1740 3207 Ἀλεξανδρέων
1814 3131 1943 3190 πολ-

2036 3123 2728 3218 rationummyriadibus
2755 3130 3043 3210 populosa
3085 3114 3175 3190 est
3211 3137 3270 3191 et
3299 3114 3682 3218 amplificata,

291 3227 415 3294 λαϊς
499 3225 712 3306 μυριάσι
795 3218 1279 3301 γενεαλογουμένη,
1378 3221 1466 3277 καὶ
1547 3218 1948 3299 πληθυνομὲνη,

289 3315 573 3399 ὀρθοδόξων
672 3317 1131 3393 Χριστιανῶν.....
1216 3315 1476 3399 ζῃτοῦμεν
1561 3309 1648 3368 οὖν
1733 3315 1946 3387 μαθεῖν,

290 3388 336 3466 εί
387 3407 594 3487 ἐφεῖται
663 3388 749 3460 καὶ
818 3401 966 3466 ἐντὸς
1022 3409 1118 3459 τοῦ
1181 3388 1264 3474 ς’
1330 3399 1533 3477 βαθμοῦ
1606 3400 1951 3481 συνάλλαγμα

288 3499 519 3578 γίνεσθαι
589 3494 840 3574 γαμικὸν,
907 3487 992 3546 διὰ
1062 3489 1162 3558 τὴν
1235 3488 1474 3568 ἀνάγκην
1531 3498 1624 3550 τοῦ
1692 3490 1950 3571 πράγμα-

290 3610 406 3652 τος.

373 3676 389 3702 ³
398 3676 569 3735 Απόκ.
604 3677 665 3733 Οἱ
691 3678 827 3733 θεῖοι
857 3673 944 3730 καὶ
998 3671 1125 3750 ἱεροὶ
1166 3667 1384 3732 κανόνες
1441 3669 1528 3727 καὶ
1571 3668 1723 3744 νόμοι
1788 3669 1948 3749 χάριν

293 3767 402 3824 τῶν
453 3770 696 3842 γαμικῶν
752 3759 1208 3840 συναλλαγμάτων
1294 3756 1349 3813 ἐν
1418 3763 1578 3814 πᾶσιν
1649 3761 1948 3839 ὁμοφρονή-

293 3877 505 3924 σαντες,
563 3855 651 3911 καὶ
731 3851 1026 3932 θεαρέστοις
1099 3848 1443 3928 σχοινίσμασι
1519 3847 1608 3902 καὶ
1662 3844 1945 3925 διδάγμασι

289 3945 357 4002 τὰ
397 3944 602 4024 γαμικὰ
654 3943 1044 4020 περιορίσαντες
1116 3934 1548 4024 συναλλάγματα,
1613 3933 1665 4000 ἐξ
1731 3935 1943 4024 οἱσυδπνς.ἶ

287 4019 432 4098 τινος
473 4033 672 4114 τρόπου
714 4019 942 4098 ἐξελθεῖν
1012 4037 1175 4087 ταῦτα
1217 4025 1315 4082 σύκ
1370 4023 1710 4105 ἐξεγώρησαν
1743 4045 1757 4059 ·
1823 4019 1944 4083 ἀλλ’

285 4124 373 4181 ἐπὶ
416 4125 514 4198 μὲν
581 4129 688 4180 τῶν
759 4120 1014 4177 ἀνιόντων
1063 4123 1152 4174 καὶ
1207 4114 1496 4172 κατιόντων
1565 4115 1664 4182 τὴν
1705 4118 1944 4194 γαμικὴν

283 4215 566 4294 συνάφειαν
623 4208 1002 4286 κεκωλυμένην
1049 4208 1192 4265 εἶναι
1248 4202 1524 4269 παντελῶς
1581 4201 1889 4285 διωρίσαντο
1924 4225 1937 4238 .

281 4310 389 4362 τῶν
430 4292 508 4359 -ἐκ
547 4300 775 4380 πλαγίου
816 4298 873 4356 δὲ
935 4303 1034 4366 τὴν
1104 4295 1410 4375 συγγένειαν
1466 4292 1660 4373 μέχρις
1717 4293 1944 4372 ἑϐδόμου

281 4396 485 4472 βαθμοῦ
539 4389 754 4488 δικαίως
807 4388 1273 4488 ἐστενοχωρησαν,
1358 4384 1469 4488 Τὴν
1535 4381 1590 4438 δὲ
1645 4381 1697 4450 ἐξ
1753 4385 1939 4488 ιᾶηι-
1962 4439 2006 4488 D

279 4483 480 4550 στείας,
554 4480 674 4549 ἤτοι
745 4477 1150 4557 συμπενθερίας,
1227 4472 1559 4553 συγγένειαν,
1643 4473 1779 4533 κατὰ
1846 4477 1940 4532 τὸν

278 4571 430 4630 ἕκτον
460 4572 663 4649 βαθμὸν
710 4555 1023 4630 ἀπέλυσαν(
1051 4555 1344 4645 Ὀφείλουσι
1387 4568 1512 4642 γοῦν
1540 4563 1631 4619 καὶ
1671 4565 1718 4619 οἱ
1751 4561 1938 4631 Ἀλεξ-

277 4661 488 4742 ανδρεῖς
546 4659 684 4717 οὕτω
725 4665 969 4739 γαμικῶς
1040 4653 1435 4726 συναλλάττειν,
1506 4651 1594 4708 καὶ
1648 4651 1748 4720 τὴν
1811 4674 1939 4709 στε-

278 4751 546 4832 νοχωρίαν
599 4756 707 4808 τῶν
789 4745 1072 4829 ὀρθοδόξων
1156 4750 1486 4825 Χριστιανῶν
1546 4743 1619 4806 εἰς
1678 4743 1937 4823 ἁμαρτίας

275 4831 541 4917 δικαίωμα
584 4841 661 4917 μὴ
704 4836 1120 4920 προϐάλλεσθαι,
1183 4833 1648 4903 Διασπασθήσεται
1718 4831 1818 4910 γὰρ
1873 4834 1936 4891 τὸ

273 4932 418 5011 παρὰ
471 4940 635 4990 ταῦτα
685 4928 1046 5010 γενησόμενον
1074 4923 1397 4982 ωνοικέσιον
1431 4937 1445 4952 ⁶
1506 4923 1596 4978 καὶ
1639 4921 1936 5001 μοιχετόν-

269 5009 382 5078 των
423 5019 708 5096 ἐπιτιμίοις
783 5021 830 5076 οἱ
887 5019 949 5074 τὸ
1016 5014 1262 5091 ἀθέμιτον
1319 5009 1734 5078 συναλλάξαντες
1805 5014 1937 5067 καθ-

270 5107 758 5179 υποϐληθήσονται,
819 5105 970 5165 Ἐπεὶ
1035 5104 1092 5162 δὲ
1159 5105 1248 5161 καὶ
1311 5101 1418 5159 ἀπὸ
1474 5108 1566 5158 τοῦ
1620 5101 1789 5176 τόμου
1847 5107 1940 5157 τοῦ

270 5199 572 5279 ἁγιωτάτου
627 5197 962 5278 πατριάρχου
1016 5193 1212 5252 ἐκείνου
1275 5191 1453 5272 κυρίου
1509 5191 1770 5248 Σισιννίου
1849 5187 1938 5279 δύο

269 5274 471 5369 πρῶτοι
539 5274 808 5370 ἐξάδελςροι
829 5274 838 5276 ⁷
862 5274 952 5343 δόο
1007 5282 1234 5365 ἀδελφὰς
1295 5283 1355 5339 οὔ
1423 5279 1783 5370 λαμϐάνουσι,
1853 5274 1942 5370 καί

270 5366 462 5452 ταῦτα,
505 5384 600 5435 τοῦ
643 5366 1083 5455 συναλλάγματος
1139 5371 1471 5451 ἀναγομένου
1547 5370 1620 5432 εἷς
1672 5369 1830 5426 ἕκτον
1887 5366 1938 5433 ἐξ

270 5467 585 5548 ἀγχιστείας
639 5467 863 5544 βαθμὸν,
910 5463 1002 5522 ἔσο
1057 5463 1144 5520 καὶ
1189 5463 1257 5522 τὰ
1319 5461 1438 5540 περὶ
1487 5460 1673 5520 τούτου
1736 5456 1890 5548 εἰδιθς
1919 5476 1934 5492 ·

270 5545 476 5634 ’ίναμῆ
518 5557 658 5625 κατὴ
701 5555 870 5628 λήθην
897 5559 976 5630 τῷ
1017 5558 1118 5621 τῆς
1148 5550 1472 5620 Ἐκκλησίας
1517 5548 1621 5608 ἔθει
1653 5545 1938 5628 ψυχοϐλα-

275 5643 384 5713 ϐῶς
412 5646 756 5724 ἐναντιωθῃς.

2031 3215 2389 3280 Christianis
2413 3223 2612 3281 autem
2644 3217 2987 3280 orthodoxis
3023 3224 3423 3296 coangustata.
3456 3215 3686 3289 Quaeri-

2034 3322 2166 3368 mus
2187 3322 2327 3384 ergo
2358 3304 2612 3381 discere,
2643 3325 2717 3367 an
2753 3308 3112 3388 permissum
3150 3307 3232 3370 sit
3272 3313 3332 3368 et
3361 3308 3514 3369 intra
3543 3323 3684 3368 sex-

2036 3396 2438 3492 tumgradum
2466 3395 2702 3477 nuptias
2731 3397 3110 3473 contrahere,
3146 3405 3389 3479 propter
3442 3395 3534 3459 rei
3582 3413 3686 3458 ne-

2033 3489 2399 3546 cessitatem.

2110 3661 2295 3743 Resp.
2330 3662 2522 3726 Divini
2552 3673 2608 3727 et
2637 3665 2790 3729 sacri
2835 3672 3191 3742 canones,et
3219 3665 3408 3746 leges,
3439 3664 3682 3746 nuptia-

2031 3750 2175 3813 lium
2198 3761 2607 3814 contractuum
2621 3771 2798 3816 causa
2816 3753 2878 3816 in
2911 3753 3190 3816 omnibus
3212 3753 3682 3830 consentientes,

2032 3848 2090 3902 et
2133 3843 2256 3904 Deo
2299 3842 2487 3922 gratis
2533 3843 2865 3906 intervallis
2911 3851 2970 3906 et
3017 3842 3328 3924 praeceptis
3387 3842 3682 3924 nuptiales

2027 3938 2364 3992 contractus
2388 3931 2971 4007 circumscribentes,
3005 3932 3168 3996 nullo
3201 3931 3376 3994 modo
3399 3929 3688 4010 eaegredi

2027 4017 2293 4082 siverunt
2337 4023 2486 4083 :sed
2531 4020 2686 4082 inter
2738 4022 3133 4084 ascendentes
3180 4020 3423 4103 quidem
3454 4029 3512 4083 et
3541 4020 3688 4082 des-

2028 4107 2353 4170 cendentes
2408 4109 2736 4191 nuptialem
2798 4111 3072 4192 copulam
3131 4109 3489 4192 prohibitam
3549 4127 3682 4172 esse

2028 4197 2640 4261 deﬁnierunt.Eorum
2670 4208 2893 4276 autem,
2914 4201 3016 4282 qui
3045 4209 3183 4262 sunt
3211 4219 3278 4262 ex
3309 4207 3682 4275 transverso,

2026 4287 2441 4367 cognationcm
2495 4288 2571 4350 ad
2631 4289 2954 4370 septimum
3007 4309 3197 4372 usque
3251 4289 3496 4370 gradum
3546 4289 3684 4370 jure

2025 4387 2490 4457 coangustarunt
2522 4399 2536 4439 :
2573 4380 2983 4459 cognationem
3016 4399 3321 4462 vero,quae
3346 4397 3455 4461 per
3482 4377 3684 4440 affini-

2026 4474 2227 4542 tatem,
2259 4467 2348 4528 vel
2375 4476 2827 4530 consoceratum
2879 4469 3254 4550 conciliatur,
3289 4475 3423 4550 post
3451 4476 3681 4528 sextum

2023 4557 2269 4636 gradum
2300 4555 2714 4620 obsoluerunt.
2734 4557 2967 4621 Debent
2996 4559 3174 4639 igitur
3202 4567 3260 4621 et
3289 4555 3685 4621 Alexandrini

2022 4646 2256 4727 nuptias
2280 4645 2342 4707 in
2372 4647 2530 4708 hunc
2566 4647 2811 4710 modum
2834 4650 3211 4726 contrahere,
3237 4655 3296 4709 et
3318 4645 3677 4727 paucitatem

2022 4735 2485 4801 orthodoxorum
2517 4735 2995 4799 Christianorum
3026 4737 3099 4799 ad
3131 4737 3359 4818 peccati
3377 4735 3679 4816 justiﬁca-

2021 4826 2242 4887 tionem
2301 4843 2419 4886 non
2479 4843 2834 4905 proponere.
2889 4826 3246 4888 Distrahitur
3305 4843 3471 4905 ergo,
3515 4823 3678 4906 quod

2026 4923 2238 4997 praeter
2268 4913 2393 4975 haec
2422 4913 2641 4976 factum
2666 4913 2864 4992 fuerit,
2899 4916 3263 4997 conjugium;
3289 4922 3350 4978 et
3374 4914 3680 4977 mcechan-

2024 5005 2169 5068 tium
2201 5005 2413 5085 poenis,
2447 5003 2547 5084 qui
2576 5002 2849 5066 illicitum
2881 5004 3305 5076 contraxerint,
3340 5001 3675 5084 subjicien-

2024 5104 2139 5157 tur.
2166 5092 2314 5166 Quia
2328 5099 2522 5154 autem
2541 5092 2902 5155 sanctissimi
2920 5093 3098 5156 etiam
3117 5093 3470 5174 patriarchae
3488 5091 3671 5171 illius,

2022 5181 2252 5246 domini
2281 5179 2532 5245 Sisinnii
2577 5181 2908 5259 decisione,
2948 5182 3067 5245 duo
3100 5183 3406 5264 patrueles
3428 5199 3494 5244 se
3522 5200 3675 5244 con-

2023 5270 2274 5344 sobrini,
2307 5287 2542 5332 sorores
2571 5269 2722 5332 duas
2754 5290 2874 5334 non
2895 5271 3218 5353 accipiunt,
3253 5279 3312 5335 et
3339 5272 3488 5349 haec,
3523 5290 3674 5335 con-

2024 5368 2214 5426 tractu
2243 5358 2498 5422 deducto
2528 5358 2602 5422 ad
2634 5369 2862 5424 sextum
2896 5361 3199 5424 aﬂinitatis
3229 5360 3679 5448 gradum,disce

2020 5469 2153 5536 quae
2181 5449 2243 5511 in
2277 5468 2347 5512 ea
2378 5449 2759 5513 continentur
2785 5472 2801 5512 :
2828 5469 2928 5528 ne,
2951 5469 3060 5534 per
3087 5451 3414 5529 oblionem,
3461 5449 3674 5518 Eccle-

2019 5544 2121 5604 siae
2149 5539 2570 5604 consuetudini
2601 5558 2735 5603 cum
2785 5541 3002 5604 animae
3049 5541 3409 5606 detrimento
3457 5540 3670 5604 adver-

2017 5628 2191 5696 seris.

1615 5741 1876 5816 VABIE
1919 5731 2362 5806 LEGTIONES.

347 5859 376 5906 δ
406 5859 654 5929 extendi
679 5859 928 5946 ﬁnibus.
