4128 6426
470 392 625 471 1075

464 629 692 711 captiva
721 629 1077 708 Christiana,
1111 631 1452 713 pariterque
1478 632 1824 709 orthodoxa,
1844 631 1976 696 sine
2006 652 2116 715 pe-

461 719 652 782 riculo
683 727 747 782 ut
774 738 1003 783 servam
1035 739 1164 784 eam
1197 721 1416 784 vendet
1443 727 1471 782 ‘I

541 897 721 980 Resp.
758 901 1111 962 Potestatem
1164 898 1342 963 habet
1396 899 1679 965 dominus
1708 920 1742 964 a
1770 920 1834 968 se
1866 910 2113 966 constu-

463 998 687 1069 pratam
719 988 995 1051 ancillam
1029 1008 1193 1052 suam
1230 989 1545 1066 vendendi,
1584 990 1834 1072 ejusque
1865 991 2116 1072 pretium

462 1077 897 1141 lucrifaciendi.
931 1077 1100 1141 Tunc
1153 1077 1313 1140 enim
1359 1077 1699 1142 libertatem
1749 1090 2123 1161 promeretur

461 1167 700 1246 ancilla,
748 1187 881 1250 quae
927 1188 1064 1232 cum
1122 1169 1365 1232 domino
1414 1170 1591 1232 simul
1628 1179 1903 1253 corrupta
1946 1181 2116 1239 estd.

463 1255 699 1338 quando
727 1256 801 1319 ad
822 1264 1150 1321 extremum
1184 1277 1371 1340 usque
1400 1258 1700 1341 spiritum,
1735 1259 1961 1322 nullum
1990 1259 2122 1341 ejus

464 1346 860 1413 divendendaa
888 1348 1135 1412 rrzebuit
1161 1358 1597 1428 argumentum.
1623 1350 1718 1412 Ait
1742 1350 1899 1412 enim
1928 1351 1963 1414 2
1983 1369 2115 1433 cap.

467 1436 543 1499 19
566 1436 658 1498 tit.
708 1438 786 1502 48
830 1436 934 1501 lib.
987 1441 1115 1501 haec
1166 1438 1515 1501 nominatim
1551 1460 1564 1500 :
1595 1437 1657 1502 Si
1689 1440 1822 1520 quis
1853 1458 1971 1501 non
2007 1440 2118 1502 ha-

464 1521 616 1586 bens
647 1545 912 1604 uxorem,
946 1527 1010 1588 in
1039 1546 1146 1589 suo
1199 1525 1515 1589 concubitu
1568 1527 1843 1590 ancillam
1875 1527 2115 1604 habeat,

467 1622 529 1677 et
558 1634 692 1676 cum
724 1634 793 1678 ea
822 1616 895 1679 ad
952 1624 1205 1679 mortem
1253 1634 1442 1698 usque
1494 1625 1756 1693 maneat,
1796 1616 1919 1679 sive
1949 1637 2020 1679 ex
2049 1636 2120 1680 ea

466 1705 816 1786 susceperit,
851 1706 975 1769 sive
1023 1725 1144 1769 non
1178 1715 1236 1768 et
1278 1704 1353 1767 de
1384 1724 1454 1768 ea
1484 1705 1634 1768 nihil
1667 1706 1727 1769 in
1760 1713 2117 1769 testamento

465 1811 575 1856 suo
607 1794 827 1858 dixerit
854 1813 868 1860 ε
898 1795 976 1859 sit
999 1796 1102 1859 illa
1129 1795 1342 1860 libera.

1854 409 1885 474 ,Ι
1891 412 1986 475 US
2025 410 2175 476 CAN
2179 410 2280 477 ON
2285 407 2469 475 IGUM

543 538 774 604 Interr.
791 540 892 606 46.
919 538 1118 622 Siquis
1141 548 1433 604 scortatus
1460 541 1603 605 furit
1630 580 1659 614 ο
1686 562 1821 605 cum
1852 543 2106 606 muliere
2126 553 2170 602 A

3696 393 3853 463 1076

2271 543 2465 625 Ἐρώτ.
2574 534 2719 623 pg".
2828 542 2953 605 Ἐὰν
3059 564 3139 605 τις
3222 547 3486 621 πορνικῶς
3571 538 3850 625 συμφθαρῖι

2201 622 2345 712 μετὰή
2420 622 2667 715 γυναικὸς
2753 631 3103 715 αἰχμαλώτου
3172 630 3518 710 Χριστιανῆς,
3586 626 3674 683 καὶ
3698 622 3852 715 ’κατὰ

2197 726 2385 783 ταῦτὸν
2434 712 2762 807 δρθοδόξου,
2808 712 3112 787 ήᾶκινδύνως
3183 723 3257 786 ὡς
3335 718 3526 787 δούλην
3611 712 3853 783 πωλήσει

2198 817 2363 887 αὐτήν
2394 835 2410 896 ;

2276 892 2469 965 Ἀπόκ.
2536 894 2758 963 ’Ἀδειαν
2808 905 2836 960 ὁ
2892 900 3153 970 δεσπότης
3195 900 3309 973 ἥξει
3350 900 3450 968 τὴν
3509 898 3609 954 ὑπὸ
3664 892 3851 951 τούτου

2199 994 2586 1075 πορνευομένην
2660 991 2851 1060 δούλην
2921 992 3078 1050 αὐτοῦ
3158 989 3388 1070 πωλεῖν,
3472 988 3562 1045 καὶ
3615 984 3851 1060 ἀποκερ-

2201 1082 2393 1142 δαίνειν
2461 1086 2523 1141 τὸ
2609 1083 2807 1151 ταύτης
2862 1082 3096 1159 τίμημα.
3171 1078 3495 1159 Ἐλευθερίας
3566 1076 3667 1155 γὰρ
3734 1091 3855 1127 τοτε
3919 1152 3928 1159 ο

2203 1171 2434 1239 ἀξιοῦται
2504 1175 2538 1242 ἡ
2593 1171 2753 1240 δούλη
2826 1171 2961 1247 μετὰ
3028 1177 3121 1227 τοῦ
3203 1168 3459 1226 δεσπότου
3534 1167 3852 1245 συμορθειρο-

2204 1261 2359 1338 μένη,
2424 1261 2511 1319 ὅτε
2571 1261 2730 1342 μέχρι
2795 1259 3095 1324 τελευταίας
3141 1260 3324 1316 τούτου
3374 1257 3641 1322 ἀναπνοῆς
3707 1248 3853 1342 οὐδέν

2201 1375 2253 1409 τι
2310 1355 2426 1433 περὶ
2503 1340 2830 1432 διαπράσεως
2888 1351 3088 1433 ταύτης
3141 1351 3323 1431 φθάσει
3393 1347 3654 1433 γενέσθαι.
3712 1340 3855 1433 (ξησί

2202 1443 2301 1522 γὰρ
2331 1426 2476 1521 139'
2528 1426 2814 1523 κεφαλαιον
2871 1448 2964 1497 τοῦ
3020 1430 3089 1497 ιθ⁹
3142 1426 3317 1497 τίτλου
3369 1426 3463 1498 τοῦ
3506 1426 3605 1514 μη’
3652 1430 3854 1512 βιϐλίου

2200 1538 2364 1589 ταῦτα
2406 1534 2581 1611 ῥητῶς
2617 1549 2630 1563 ⁶
2693 1528 2820 1590 Ἐάν
2860 1551 2939 1596 τις
2982 1528 3173 1597 δούλην
3225 1535 3338 1610 σχῇ
3381 1528 3435 1587 ἐν
3478 1534 3548 1605 τῇ
3592 1523 3694 1598 ἱδίᾳ
3724 1545 3852 1580 συν-

2201 1623 2378 1702 αφεία,
2450 1623 2527 1699 μὴ
2598 1621 2744 1703 ἔχων
2803 1620 3066 1700 γαμετὴν,
3133 1620 3221 1676 καὶ
3284 1619 3436 1695 μείνᾳ
3490 1614 3604 1694 μετ’
3690 1615 3855 1679 αὐτῆς

2201 1711 2372 1793 μέχρε
2409 1711 2685 1792 τελευτῆς,
2734 1708 2846 1767 εἴτε
2876 1710 3021 1791 ἔχων
3064 1707 3260 1773 παῖδας
3292 1706 3344 1775 ἐξ
3376 1710 3565 1782 αὐτῆς,
3591 1704 3703 1762 εἴτε
3731 1704 3810 1779 μή
3833 1716 3846 1731 ·

2198 1804 2287 1859 καὶ
2316 1800 2483 1879 μηδὲν
2515 1800 2650 1879 εἴπῃ
2678 1803 2796 1878 περὶ
2849 1800 3012 1868 αὐτῆς
3056 1798 3111 1855 ὲν
3166 1796 3268 1872 ἰδίᾳ
3322 1796 3549 1874 διαθήκῃ
3583 1813 3597 1827 ·
3658 1794 3857 1873 γίνεται

2136 1886 2175 1936 Β
2198 1892 2373 1960 ἐκείνη
2419 1889 2681 1969 ἐλευθέρα.

2280 1980 2470 2061 Ἐρώτ.
2504 1970 2619 2057 μί.
2653 1979 2779 2037 Ἐὰν
2811 1977 3079 2059 ὀρθόδοξος
3105 1982 3383 2060 συμφθαρῇ
3426 1982 3688 2056 πορνικῶς
3721 1972 3857 2049 μετὰ

2202 2070 2454 2135 Ἰουδαίας
2495 2069 2532 2139 ἢ
2567 2068 2872 2149 Ἀγαρηνῆς
2915 2070 3188 2147 γυναικὸς,
3246 2065 3313 2124 δι’
3344 2065 3608 2143 ἐπιτιμίου
3636 2063 3857 2142 διορθω-

2197 2161 2335 2241 θείη,
2369 2160 2406 2229 ἢ
2437 2157 2950 2229 ἐιναϐαπτισθήσεται
2978 2178 2993 2240 ς

544 1973 780 2039 Interr.
812 1976 915 2040 4'7.
949 1975 1011 2039 Si
1042 1975 1401 2039 orthodoxus
1430 1982 1723 2039 scortatus
1744 1975 1822 2039 sit
1853 1994 1989 2037 cum
2009 1976 2115 2039 Ju-

466 2061 614 2140 daea,
649 2070 749 2125 aut
775 2063 1047 2144 Agarena
1074 2065 1349 2144 muliere,
1393 2084 1644 2129 censura
1675 2063 2110 2139 emendabitur,

465 2170 544 2215 an
573 2151 1081 2236 rebaptizabitur?
2197 2161 2335 2240 θείη,
2369 2160 2406 2229 ἢ
2437 2157 2950 2240 ἐιναϐαπτισθήσεται
2978 2178 2995 2240 ς

546 2246 730 2330 Resp.
763 2248 1265 2331 Quadragesimus
1309 2250 1600 2331 septimus
1650 2247 1889 2331 quidem
1925 2266 2114 2310 canon

2279 2240 2471 2309 Ἀπόκ.
2509 2240 2566 2308 Ὀ
2612 2249 2709 2325 μὲν
2740 2240 2831 2325 μζ’
2871 2250 3044 2305 κανὼν
3098 2253 3206 2304 τῶν
3256 2246 3418 2325 ἁγίων
3448 2246 3535 2301 καὶ
3577 2242 3855 2321 πανευφή-

465 2345 807 2400 sanctorum
839 2347 898 2402 et
927 2340 1087 2403 omni
1120 2340 1296 2403 laude
1332 2339 1659 2401 celebrium
1707 2337 2113 2419 apostolorum

2218 2362 2315 2397 ιων
2357 2337 2668 2396 ἀποστόλων
2741 2339 2905 2394 ταῦτά
2975 2358 3135 2419 φησιν
3169 2356 3182 2371 ·
3246 2336 3568 2397 Ἐπίσκοπος
3632 2331 3670 2400 ἢ
3727 2350 3859 2409 πρε-

466 2426 593 2489 haec
624 2429 707 2490 ait
739 2447 753 2491 :
789 2428 1141 2510 Episcopus,
1192 2429 1284 2491 vel
1345 2427 1668 2509 presbyter,
1719 2428 1771 2488 si
1817 2445 1979 2500 eum,
2015 2427 2117 2508 qui

2218 2428 2443 2508 ι-ὄύτερος
2500 2420 2615 2485 τὸν»
2647 2428 2782 2484 κατὰ
2851 2426 3102 2497 ἀλήθειαν
3185 2424 3384 2506 ἔχοντα
3438 2424 3713 2502 βάπτισμα
3768 2419 3856 2476 ἐὰν

467 2535 608 2580 vere
638 2517 821 2580 habet
871 2517 1257 2599 baptismum,
1307 2518 1382 2580 de
1431 2518 1661 2596 integro
1707 2515 2113 2598 baptizavorit,

2218 2518 2394 2577 ίνωθεν
2477 2520 2710 2596 βαπτίση
2792 2514 2829 2584 ἢ
2885 2517 2976 2572 τὸν
3042 2513 3445 2592 μεμολυσμένον
3527 2512 3670 2591 παρὰ
3751 2516 3858 2566 τῶν

468 2607 559 2669 vel
590 2607 642 2669 si
671 2626 834 2684 eum,
858 2612 958 2690 qui
987 2607 1060 2683 ab
1082 2608 1285 2690 impiis
1336 2608 1595 2689 pollutus
1627 2616 1735 2685 est,
1784 2626 1901 2669 non
1923 2606 2121 2689 bapti-

2218 2607 2409 2665 Ξισεϐῶν
2465 2608 2542 2684 μὴ
2604 2607 2861 2684 βαπτίση,
2943 2605 3311 2685 καθαιρείσθω,
3383 2605 3457 2667 ὡς
3528 2601 3700 2681 γελῶν
3768 2601 3859 2655 τὸν

469 2697 716 2778 zaverit,
748 2686 1102 2779 deponatur,
1132 2686 1196 2760 ut
1221 2698 1320 2780 qui
1336 2686 1595 2759 irrideat
1627 2704 1879 2758 mortem
1905 2686 2121 2760 etcru-

2218 2697 2425 2775 τταυρὸν
2474 2697 2562 2752 καὶ
2604 2696 2692 2751 τὸν
2751 2700 2843 2750 τοῦ
2917 2693 3103 2773 Κυρίου
3155 2693 3415 2780 θάνατον,
3474 2693 3565 2749 καὶ
3627 2690 3707 2766 μὴ
3750 2686 3862 2745 δια-

473 2803 601 2847 cem
634 2772 896 2867 Domini,
920 2794 979 2850 et
1007 2772 1125 2849 non
1156 2772 1457 2850 discernat
1498 2786 1843 2848 sacerdotes
1886 2806 1918 2848 a
1959 2786 2123 2849 falsis

2218 2772 2394 2865 ιρίνων
2463 2784 2630 2865 ἱερέας
2701 2772 3077 2863 ψευδοίερέων.
3155 2772 3321 2846 "loco;
3406 2782 3494 2839 οὖν
3578 2780 3725 2837 εἴποι
3778 2800 3859 2842 τις

472 2874 909 2940 sacerdotibus.
937 2876 1161 2939 Forsan
1193 2877 1372 2957 igitur
1400 2877 1617 2940 dixerit
1666 2875 1985 2959 quispiam,
2021 2896 2119 2939 or-

2218 2873 2432 2956 Ξφείλειν
2501 2875 2590 2931 καὶ
2656 2875 2748 2932 τὸν
2796 2873 3152 2954 πορνεύσαντα
3207 2870 3474 2953 ὀρθόδοξον
3556 2870 3691 2948 μετὰ
3760 2873 3859 2935 τῆς

474 2963 822 3042 thodoxum,
844 2965 948 3047 qui
976 2985 1113 3027 cum
1144 2965 1327 3047 impia
1358 2975 1651 3029 scortatus
1684 2956 2121 3047 est,vpollutum

2218 2963 2424 3028 Ξισεϐοὖς
2498 2962 2844 3040 μολυνθῆναι,
2919 2962 3008 3018 καὶ
3076 2960 3524 3031 ἆναϐαπτισθῆναι
3605 2956 3855 3041 ὀφείλειν,

475 3070 631 3135 esse,
668 3063 727 3118 et
755 3053 1110 3137 rebaptizari
1138 3054 1380 3118 debere.
1411 3054 1578 3129 Quod
1611 3073 1815 3117 verum
1849 3047 2119 3117 non'est:

2218 3057 2317 3113 Οὐ(
2369 3054 2481 3111 ἔστι
2522 3051 2575 3109 δὲ
2630 3059 2784 3109 τοῦτο
2852 3050 3068 3119 ἀληθές,
3120 3050 3361 3116 Ἐκεῖνος
3426 3053 3525 3131 γὰρ
3582 3048 3855 3126 μολύνεται

471 3141 524 3204 is
593 3142 754 3241 enim
793 3143 899 3241 _ab
952 3144 1028 3208 iis
1085 3144 1389 3227 polluitur,
1419 3145 1520 3241 qui
1577 3154 1785 3241 sponte
1814 3144 2123 3241 abluendo

2218 3145 2349 3225 παρὰ
2404 3150 2509 3200 τῶν
2567 3140 2793 3219 ἀσεϐῶν,
2873 3142 2931 3206 ὃς
2988 3143 3160 3200 ἑκοντὶ
3230 3142 3326 3217 μὲν
3388 3142 3722 3199 ἄπονίπτεται
3790 3139 3851 3193 τὸ

474 3232 636 3295 exuit
692 3233 955 3295 divinum
1002 3244 1392 3317 sanctumque
1451 3236 1743 3316 baptisma
1810 3236 2123 3317 induitque

2218 3238 2352 3292 θετον
2395 3236 2482 3291 καὶ
2522 3232 2673 3311 ἅγιον
2714 3232 3011 3309 βάπτισμα,
3059 3230 3288 3289 ἐνδύεται
3330 3230 3386 3289 δὲ
3429 3232 3668 3310 βάπισμα
3722 3227 3853 3283 ἆσε-

473 3323 774 3405 baptisma
803 3324 1149 3406 impiorum.
1198 3324 1434 3388 Judicio
1495 3343 1634 3403 ergo
1667 3325 1987 3406 episcopali
2020 3344 2123 3406 per

2218 3321 2338 3383 δῶν.
2391 3320 2471 3379 Δι’
2521 3322 2786 3398 ἐπιτιμίου
2841 3328 2966 3399 γοῦν
3036 3319 3378 3402 σφοδροτέρου
3456 3321 3572 3378 κατ’
3634 3320 3857 3377 ἐπισκο-

474 3412 805 3492 graviorem
842 3432 1074 3495 poenam
1103 3414 1541 3496 emendabitur,
1565 3424 1624 3476 et
1652 3422 1721 3478 ut
1749 3423 2123 3487 scortator,et

2218 3413 2372 3481 πικὴν
2426 3411 2681 3491 διάκρισιν
2739 3408 3063 3492 διορθωθείη,
3118 3412 3206 3468 καὶ
3248 3413 3321 3475 ὡς
3369 3413 3587 3491 πόρνος,
3645 3410 3735 3467 καὶ
3788 3410 3863 3474 ὡς

476 3508 542 3564 ut
564 3502 839 3567 satanicae
868 3504 1303 3568 communionis
1335 3504 1673 3586 cumimpio
1702 3504 1890 3567 factus
1937 3504 2121 3587 parti—

2218 3505 2536 3574 κοινωνήσας
2566 3502 2701 3578 μεαὰ
2724 3497 2940 3566 ἆσεϐους
2969 3502 3245 3566 κοινωνίας
3275 3507 3565 3569 σατανικῆς
3601 3521 3616 3537 ⁸
3652 3498 3772 3556 ἀλλ’
3802 3502 3864 3557 οὔ

472 3609 614 3674 ceps
646 3610 660 3657 ς
697 3612 902 3657 verum
935 3614 1055 3657 non
1085 3593 1503 3677 baptizabitur.

550 3683 786 3749 Interr.
819 3685 917 3750 48.
953 3684 1105 3759 Quot
1151 3703 1444 3748 annorum
1477 3704 1604 3748 mas
1634 3693 1735 3747 aut
1763 3683 1985 3747 femina
2015 3684 2123 3747 ad-

470 3773 738 3838 mittatur
765 3775 840 3839 ad
869 3775 1309 3841 confessionem
1332 3780 1359 3835 'I

550 3865 736 3946 Resp.
759 3868 946 3945 Leges
968 3865 1210 3948 quidem
1235 3864 1472 3928 delictis
1497 3863 1875 3945 impuberum
1892 3864 2122 3926 condo-

471 3954 736 4019 nandum
766 3974 896 4018 esse
920 3954 1510 4035 dicunt.lmpuberes
1541 3961 1736 4017 autem
1761 3961 1903 4016 sunt
1933 3970 2127 4015 mares

471 4044 739 4127 quidem,
780 4044 881 4127 qui
931 4044 1233 4108 decimum
1276 4052 1547 4125 quartum
1579 4061 1799 4105 annum
1831 4042 2126 4123 impleve-

471 4141 612 4195 runt
644 4153 657 4196 :
693 4134 931 4196 femina)
960 4153 1122 4209 vero,
1154 4133 1471 4196 duodecim
1515 4150 1831 4195 annorum.
1865 4130 2118 4194 Forsan-

470 4222 655 4301 igitur
677 4223 893 4286 dixerit
912 4223 1125 4305 aliquis
1148 4232 1281 4304 post
1304 4222 1726 4284 duodecimum
1752 4230 1808 4282 et
1826 4220 2124 4283 decimum

473 4320 747 4391 quartum
783 4312 969 4375 aetatis
989 4330 1209 4375 annum
1246 4330 1349 4375 eos
1378 4311 1599 4375 debere
1632 4318 1874 4392 peccata
1891 4330 1993 4372 sua
2025 4311 2127 4373 de-

474 4401 703 4465 clarare
733 4420 749 4479 ;
778 4410 983 4481 utpote
1028 4403 1380 4465 delictorum
1422 4400 1715 4483 judicium
1776 4398 2122 4475 subeuntes,

2205 3594 2644 3670 βαπτισθήσεται.

2288 3680 2476 3761 Ἐρώτ.
2525 3671 2644 3757 μη’.
2707 3681 2979 3746 Ποσαετῆς
3035 3680 3170 3760 ἀνὴρ
3232 3680 3269 3750 ἢ
3324 3680 3457 3759 γυνὴ
3516 3678 3732 3760 δεχθείη
3788 3681 3864 3745 εἷς

2206 3772 2505 3852 ἒξαγορείαν
2539 3791 2554 3852 ;

2290 3861 2479 3920 Ἀπόκ.
2530 3864 2589 3920 Οἱ
2632 3862 2728 3937 μὲν
2778 3861 2930 3938 νόμοι
2988 3861 3342 3942 συγχωρητέα
3384 3861 3448 3917 τὰ
3501 3866 3606 3917 τῶν
3650 3859 3867 3931 ἀνήῖ’ων

2208 3952 2568 4031 ἁμαρτήματα
2624 3949 2864 4031 λέγουσιν
2943 3940 3126 4013 εἶναι,
3187 3940 3424 4017 ”Ανηϐοι
3478 3948 3533 4007 δὲ
3590 3951 3718 4006 εἰσιν
3779 3950 3867 4005 ἐπὶ

2208 4041 2305 4118 μὲν
2334 4047 2440 4097 τῶν
2484 4038 2733 4121 ἆρῤένων,
2793 4042 2840 4097 οἱ
2892 4041 2972 4095 τὸν
3028 4037 3596 4119 τεσσαρεσκαιδέκατον
3666 4039 3907 4119 χρόνον’

2206 4128 2582 4209 πληρώσαντες
2618 4145 2633 4161 ⁸
2692 4129 2778 4185 ἐπὶ
2835 4127 2891 4185 δὲ
2918 4134 3026 4185 τῶν
3096 4128 3345 4210 θηλειῶν,
3393 4132 3445 4185 αἱ
3487 4126 3861 4192 δωδεκαετεῗς.

2213 4208 2379 4283 ⁷Ἰσως
2433 4218 2520 4277 οὗν
2566 4218 2697 4296 εἴπῃ
2726 4242 2829 4292 τις,
2878 4220 3011 4294 μετὰ
3034 4221 3125 4276 τὸν
3153 4216 3446 4276 δωδέκατον
3496 4220 3585 4276 καὶ
3613 4220 3704 4274 τὸν
3732 4240 3864 4276 τεσ-

2210 4309 2679 4391 σαρεσκαιδέκατον
2735 4312 2929 4392 χρόνον
2992 4318 3090 4381 τῆς
3146 4310 3355 4381 ἡλικίας
3425 4315 3595 4371 αὐτῶν
3633 4310 3864 4390 ὀφείλειν

2212 4401 2422 4467 τούτους
2466 4399 2809 4480 ἐξαγορεύειν,
2874 4404 2948 4465 ὡς
3008 4403 3095 4459 καὶ
3154 4400 3204 4468 ἐξ
3262 4402 3662 4482 ἁμαρτημάτων
3712 4404 3858 4461 εὒθυ·

474 4500 533 4556 et
563 4510 816 4573 capaces
846 4491 1249 4568 scortationis,
1283 4481 1659 4573 aliorumque
1715 4489 2123 4571 quorumpiam

2218 4490 2480 4566 νομένους,
2513 4489 2608 4545 καί
2637 4490 2923 4569 γεγονότας
2969 4491 3223 4573 ,πορνείας
3267 4492 3353 4547 καὶ
3397 4488 3572 4547 ἄλλων
3624 4491 3837 4571 ἆμαρτη

474 4590 853 4664 peccatorum
884 4582 1153 4645 effectos.
1179 4583 1299 4644 Nos
1327 4590 1525 4644 autem
1556 4580 1629 4643 ab
1664 4580 1790 4660 ipsa
1820 4578 2133 4660 experien-

474 4672 574 4749 tia,
610 4672 714 4735 sed
746 4672 819 4735 ab
851 4671 947 4747 iis,
982 4692 1116 4754 quae
1148 4671 1352 4734 talium
1384 4669 1781 4753 quorumdam
1815 4688 1994 4730 causa
2025 4686 2133 4750 per

472 4763 634 4826 varia
662 4770 931 4844 tempora
951 4761 1231 4845 synodice
1264 4761 1491 4843 prolata
1522 4766 1683 4834 sunt,
1721 4757 2086 4820 consulimus
2112 4778 2128 4834 ;

473 4863 538 4916 ut
567 4861 764 4935 potest
793 4870 998 4915 sexum
1024 4870 1247 4915 annum
1283 4870 1478 4913 mares
1503 4859 1559 4912 et
1581 4849 1817 4911 femine
1843 4866 1950 4930 per
1976 4866 2128 4909 con-

472 4941 768 5006 fessiones
796 4940 1107 5005 emendari
1138 4948 1195 5002 et
1225 4939 1582 5002 sanctiﬁcari
1618 4935 2051 5009 debeant.Quia
2075 4944 2134 4997 et

473 5032 729 5095 clericus
768 5032 1006 5114 quidam
1043 5048 1151 5111 per
1179 5028 1533 5108 obligatoria
1563 5026 1803 5108 scripta,
1836 5025 2134 5103 deSponsa

2214 4582 2397 4657 μάτων
2426 4586 2583 4637 τινῶν
2613 4578 2903 4645 δεκτικούς.
2965 4572 3129 4657 Ἠμϊν
3180 4579 3236 4637 δὲ
3291 4580 3397 4636 ἀπὸ
3456 4581 3640 4661 πείρας
3671 4585 3862 4657 αὐτῆς,

2212 4669 2348 4729 ἀλλὰ
2378 4670 2485 4747 μὴν
2528 4670 2615 4726 καὶ
2669 4669 2775 4726 ἀπὸ
2833 4668 3169 4737 λαληθέντων
3222 4668 3511 4734 συνοδικῶς
3568 4671 3704 4726 κατὰ
3755 4670 3871 4728 δια-

2211 4760 2400 4840 φόρους
2449 4758 2686 4838 καιροὺς,
2734 4758 2895 4838 χάριν
2937 4760 3188 4817 τοιούτων
3244 4764 3425 4834 τινῶν,
3498 4758 3867 4838 γνωμοδοτεῖ-

2210 4871 2297 4905 ται
2332 4864 2345 4878 ⁸
2395 4849 2529 4924 μετὰ
2558 4849 2646 4905 τὸν
2679 4847 2827 4905 ἕκτον
2871 4847 3104 4905 ἐνιαυτὸν
3163 4847 3391 4928 ὀφείλειν
3434 4850 3523 4905 καὶ
3590 4850 3709 4915 τοὺς
3764 4849 3869 4929 ἄῤ-

2211 4939 2361 5016 ῥενας
2432 4938 2521 4994 καὶ
2602 4938 2696 5003 τὰς
2749 4935 2964 5004 θηλείας
3035 4936 3103 4993 δι’
3174 4936 3471 5017 ἐξαγορείας
3543 4936 3867 5015 διορθοῦσθαι

2210 5028 2299 5084 καὶ
2329 5027 2659 5105 ἁγιάζεσθαι.
2726 5017 2857 5085 υΟτι
2912 5028 3001 5083 καὶ
3057 5026 3313 5097 κληρικός
3355 5049 3437 5092 τις
3481 5024 3565 5083 διὰ
3594 5025 3867 5104 δεσμωτι-

476 5139 660 5183 uxore
718 5113 1019 5202 septenni,
1068 5129 1127 5182 et
1174 5126 1309 5201 post
1356 5119 1485 5199 ejus
1532 5124 1784 5179 mortem
1835 5114 1936 5176 alii
1979 5133 2123 5177 con-

2218 5122 2320 5172 κῶν
2377 5113 2654 5195 ἐγγράφων
2725 5116 3222 5194 κατεγγυησάμενος
3305 5129 3534 5195 γυνανκα
3606 5116 3862 5187 ἑπταετῆ.

469 5211 717 5290 junctus
750 5209 1008 5285 mulieri,
1042 5208 1323 5289 synodico
1376 5227 1493 5269 non
1540 5204 1898 5288 impetravit,
1931 5212 1992 5266 ut
2023 5222 2123 5266 ea-

2218 5206 2298 5261 καὶ
2343 5206 2479 5281 μετὰ
2536 5205 2758 5261 θάνατον
2800 5207 2998 5273 ταύτης
3056 5204 3207 5285 ἑτέρᾳ
3277 5205 3575 5285 συζευχθεὶς
3633 5210 3865 5287 γυναικὶ,

476 5296 751 5360 nonicam
824 5306 1294 5379 consequeretur
1374 5295 1810 5359 ordinationem
1845 5343 1863 5378 ,
1923 5301 2123 5374 utpote

2218 5296 2270 5352 οὒ
2352 5295 2715 5375 παρεχωρήθη
2814 5293 3098 5360 συνοδικῶς
3199 5297 3481 5362 καωνικῆς
3583 5294 3871 5363 ἀξιωθῆναι

475 5386 772 5468 bigamus.
829 5388 931 5451 Ait
985 5387 1144 5449 enim
1199 5395 1403 5451 sancta
1474 5382 2123 5465 Constantinopolitana

2218 5383 2560 5465 χειροτονίας,
2622 5386 2693 5448 ὡς
2750 5381 2996 5464 δίγαμος,
3058 5385 3198 5443 Εῒπε
3255 5386 3355 5465 γὰρ
3410 5386 3445 5453 ἡ
3486 5384 3540 5443 ἐν
3586 5396 3873 5446 Κωνσταν,

477 5476 761 5560 synodus,
795 5485 1144 5559 septennem
1193 5476 1474 5539 feminam
1532 5474 1752 5539 amoris
1784 5493 1915 5539 esse
1947 5490 2123 5555 capa-

2218 5470 2511 5531 τινουπόλει
2555 5473 2676 5553 ἁγία
2720 5473 2931 5539 σύνοδος
2988 5474 3087 5543 τὴν
3132 5474 3363 5543 ἑπταετῆ
3406 5488 3628 5553 γυνατνα
3685 5475 3869 5534 δεκτι-

1802 5641 2064 5710 VARUE
2106 5640 2541 5707 LEGTIONES.

552 5789 575 5822 ε
601 5780 804 5861 stupri
828 5773 1330 5841 consuetudinem
1359 5773 1658 5838 habuerit.
1693 5790 1718 5832 α
1746 5778 1950 5857 stupri
1977 5779 2470 5844 consuetudinem
2494 5776 2695 5843 habet.
