4128 6414
338 375 445 441 107
450 374 487 439 7
1651 365 2363 440 ῦΒλΕΟΟ-ΗΟΜΑΝΗΜ.
2956 366 2963 377 ’
3561 357 3721 426 1078

331 512 419 569 καὶ
488 508 682 590 ἔρωτος
747 511 889 567 εἶναι
936 509 1179 570 κάτεῦθεν
1235 511 1323 568 καὶ
1375 510 1569 591 φθορὰν
1636 510 2016 591 ὑφίστασθαι,Α

2107 523 2211 583 am,
2235 503 2568 586 exindeque
2600 510 2872 584 stuprum
2891 500 3037 591 pati,
3062 508 3125 591 et
3149 499 3525 564 scortationis
3544 498 3717 580 argui

333 601 423 657 καὶ
454 604 553 667 τῆς
584 600 826 681 πορνείας
866 612 982 666 τοῖς
1024 598 1307 679 λογισμοῖς
1351 590 1689 663 ἁλίσκεσθαι,
1732 600 1791 657 Εἰ
1820 596 1876 654 δὲ
1903 597 1990 655 ἐπὶ

2107 593 2423 659 atiociniis.
2457 590 2625 668 Quod
2653 591 2705 654 si
2726 592 2853 655 haec
2884 590 2959 655 de
2988 590 3215 681 femina
3252 591 3416 673 justo
3446 595 3716 653 tractan-

332 691 583 770 γ›ναικὸς
625 680 789 747 ταῦτα
846 687 1059 755 δικαίως
1118 689 1558 773 φειριλοσόιρηται,
1604 686 1792 763 πολλῷ
1826 686 1988 746 πλέον

2107 704 2192 760 ur,
2225 684 2414 748 multo
2436 682 2620 766 magis
2648 681 2711 746 in
2745 699 2911 745 mare
2940 680 3295 750 sciscentur.

335 777 421 836 ἐπὶ
451 777 634 859 ἀνδρὸς
666 781 1080 860 ψηφισθήσεται,
1623 780 1627 784 ’

415 857 609 947 Ἐρῶτ.
646 872 713 944 μθ
726 857 930 932 ’.Κατὰ
970 880 1070 937 τὴν
1100 868 1325 950 ἑσπέραν
1354 875 1452 939 τῆς
1496 870 1823 951 κυριωνύμου
1848 869 1991 950 πρώο

2156 864 2389 928 Iuterr.
2432 864 2532 928 49.
2569 862 2637 925 In
2664 878 2912 951 vespera
2928 859 3116 951 primi
3137 859 3257 925 diei
3284 857 3583 923 Dominici
3610 895 3639 929 ο
3669 858 3723 921 si

334 980 437 1025 της
465 959 667 1039 ἡμέρας
712 959 801 1016 ἐὰν
846 957 1224 1036 συμπλακᾶκτιν
1270 960 1520 1040 ὁμόζυγοι
1551 950 1839 1042 σαρκικῶς,
1865 960 1989 1018 ἐπι-

2107 955 2360 1036 onjuges
2404 952 2726 1017 carnaliter
2769 950 3180 1033 implicentur,
3207 967 3459 1013 censura
3480 966 3723 1013 coerce-

336 1048 724 1124 τιμηθήσονται
754 1050 826 1116 ὡς
870 1049 1370 1129 παρανομήσαντες,
1405 1049 1442 1119 ἢ
1484 1047 1543 1107 οὗ
1580 1070 1597 1132 ς

2107 1059 2317 1125 ιυηιυν,
2347 1056 2412 1111 ιιι
2441 1056 2914 1127 transgressores
2942 1044 3162 1126 legum,
3195 1045 3437 1132 annon?

422 1135 613 1201 Ἀπόκ.
663 1140 759 1197 Καὶ
797 1137 976 1197 ἄνοθεν
1007 1138 1244 1215 εἴρηται,
1292 1141 1428 1199 κατά
1469 1142 1531 1198 τὸ
1583 1131 1860 1199 Σάϐϐατον
1902 1142 1991 1198 καὶ

2148 1138 2321 1220 Resp.
2356 1139 2434 1202 Et
2465 1136 2743 1219 superius
2789 1134 3014 1198 dictum
3075 1141 3185 1211 est,
3245 1132 3309 1196 in
3367 1131 3624 1196 Sabbato
3665 1131 3727 1196 el

338 1226 440 1295 τὴν
499 1229 768 1308 Κυριακὴν
838 1227 1068 1309 ὀφείλειν
1151 1230 1447 1312 ἀπέχεσθαι
1514 1231 1636 1296 τοὺς
1701 1232 1988 1311 ὁμοζύγους

2107 1227 2382 1290 Dominico
2413 1227 2699 1308 conjuges
2739 1223 3043 1287 abstinere
3090 1221 3313 1289 debere
3352 1221 3581 1312 carnali
3612 1239 3720 1283 s0-

337 1320 437 1384 τῆς
496 1321 753 1397 σαρκικῆς
785 1318 1057 1385 κοινωνίας
1089 1335 1104 1351 ⁸
1165 1311 1265 1376 διὰ
1289 1311 1363 1377 τὸ
1406 1320 1461 1377 ἐν
1491 1321 1678 1388 αὐταῖς
1700 1323 1798 1390 τὴν
1839 1342 1995 1379 πνευ-

2110 1318 2313 1394 ietate,
2345 1316 2503 1400 quod
2534 1315 2598 1378 in
2627 1314 2715 1379 eis
2742 1313 3026 1396 spiritalis
3063 1313 3258 1377 hostia
3281 1311 3565 1376 oﬂ‘eratur
3595 1312 3722 1400 llo—

339 1406 573 1481 ματικὴν
640 1405 816 1465 θυσίαν
908 1407 1251 1489 ἀναφέρεσθαι
1333 1416 1411 1486 τῷ
1505 1410 1674 1490 Κυρίῳ
1720 1431 1734 1445 °
1817 1410 1992 1474 καθώς

2107 1407 2239 1470 nino
2274 1425 2288 1470 :
2323 1398 2826 1489 quemadmodum
2856 1421 3104 1485 magnus
3151 1403 3310 1466 inter
3351 1408 3588 1464 sanctos
3603 1398 3722 1490 iTi-

339 1503 497 1554 τοῦτο
551 1496 639 1552 καὶ
682 1497 710 1552 ὁ
767 1495 935 1575 μέγας
995 1497 1050 1553 ἐν
1116 1499 1284 1578 ἁγίοις
1345 1488 1600 1576 Τιμόθεος
1654 1500 1992 1581 πατριάρχης

2107 1488 2357 1559 notheus
2401 1494 2785 1559 Alexandriae
2830 1493 3192 1574 patriarcha,
3236 1491 3312 1555 ad
3347 1509 3475 1573 eos,
3510 1489 3623 1581 qui
3646 1488 3724 1552 de

341 1582 733 1663 Ἀλεξανδρείας
789 1588 922 1665 πρὸς
994 1588 1116 1653 τοὺς
1167 1577 1565 1669 νέρωτήσαντας
1640 1577 1775 1670 περὶ-
1812 1577 1995 1649 τούτου

2107 1606 2191 1650 ιοο
2219 1582 3021 1667 interrogabant,respondit.
3043 1582 3157 1657 Qui
3180 1582 3360 1663 igitur
3388 1581 3483 1643 his
3508 1577 3724 1642 diebus

342 1673 682 1763 ἀπεκρίνατο,
768 1679 827 1733 Οἱ
898 1683 1023 1757 γοῦν
1097 1677 1174 1755 μὴ
1233 1679 1304 1745 εἰς
1375 1680 1568 1744 ταύτας
1649 1681 1744 1746 τὰς
1795 1681 1995 1763 ἡμέρας

2107 1676 2456 1740 .ontiuenter
2478 1695 2596 1738 non
2629 1682 2828 1755 agunt,
2865 1692 3119 1756 quonam
3150 1670 3328 1734 modo
3373 1678 3513 1732 tunc
3552 1686 3722 1731 com-

343 1762 810 1845 ἐγκρατευόμενοι,
867 1774 980 1834 πῶς
1047 1769 1138 1826 καὶ
1220 1770 1342 1828 τότε
1426 1771 1563 1828 κατά
1611 1771 1795 1840 κοινὴν
1850 1760 1991 1849 συμ-

2107 1767 2245 1830 nuni
2276 1764 2560 1829 vacabant
2584 1764 2675 1847 (ut
2695 1781 2941 1844 magnus
2970 1770 3028 1825 et
3056 1760 3391 1843 Apostolus)
3436 1774 3723 1849 congres-

344 1854 543 1934 φωνίαν
574 1854 944 1946 σχολάσουσιν
978 1857 1073 1939 (ὡς
1115 1861 1144 1916 ὁ
1186 1858 1353 1939 μέγας
1395 1857 1722 1926 Ἀπόστολος
1780 1844 1992 1943 εἴρηκε)

2107 1857 2174 1920 .ui
2202 1875 2337 1919 cum
2368 1858 2493 1920 Deo
2524 1863 2583 1918 et
2599 1844 2896 1917 orationi?
2933 1850 3107 1914 Nullo
3146 1851 3321 1946 plane
3366 1848 3570 1946 modo.
3601 1844 3722 1946 lta-_

344 1948 413 2021 τῇ
454 1945 585 2023 πρὸς
616 1945 746 2002 Θεὸν
788 1938 1007 2012 ἐντεᾶει
1051 1948 1140 2005 καὶ
1194 1938 1471 2030 προσευχῇ
1504 1970 1520 2031 ς
1566 1950 1783 2016 Πάντως
1838 1938 1998 2008 ὀὐδέ-λ-

2107 1969 2199 2033 ιυε
2229 1949 2332 2030 qni
2362 1948 2448 2012 sic
2494 1947 2893 2030 deliquerunt,
2928 1945 3120 2028 pcenis
3167 1938 3667 2006 moderatioribus
3707 1940 3726 1983 ί

347 2055 501 2096 ποτε.
569 2035 663 2091 Διὸ
694 2035 778 2092 ναὶ
807 2032 874 2092 δι’
903 2036 1178 2114 ἐπιτιμίων
1234 2037 1458 2119 μετρίων
1488 2041 1539 2096 οἱ
1594 2038 1761 2103 οὕτως
1815 2041 1998 2119 ἡμαρ-

2107 2032 2580 2104 ιιῐιεηάεδυηῑιιιδ.

349 2123 574 2223 τηκότες
609 2121 1068 2223 διορθωθήσονται,

432 2209 624 2292 Ἐρώτ.
697 2209 768 2273 ν’.
844 2210 971 2272 Ἐὰν
1044 2216 1181 2275 κατά
1256 2216 1357 2286 τὴν
1435 2219 1998 2300 Τεσσαρακονθήμερον

433 2301 534 2324 ,.__'
560 2323 564 2324 ν
585 2323 593 2324 κ
697 2302 712 2324 9
825 2307 836 2324 I
1060 2306 1074 2324 Ι
1342 2311 1355 2324 ο
1433 2310 1446 2324 ο
1519 2309 1562 2324 1.,
1772 2309 1786 2324 9
1800 2307 1822 2324 ν
1894 2312 1917 2324 Α
1944 2311 1955 2324 ο

2161 2227 2385 2292 Interr.
2419 2226 2517 2324 5_0.
2553 2225 2617 2291 Si
2646 2245 2753 2309 per
2781 2221 3520 2324 Quadragenaeujejunium
3570 2238 3731 2324 con-

352 2301 597 2368 νηστείας
648 2302 758 2408 cur.
825 2306 1239 2385 ὶγκρατεύωνται
1313 2311 1358 2365 οἱ
1427 2309 1703 2391 ὁμόζυγοι,
1762 2307 1996 2381 ἀξιωθή-

2107 2301 2680 2411 ugesucontiuenter
2732 2333 2873 2411 non
2913 2301 3122 2411 agant.
3172 2301 3338 2395 digni
3413 2308 3733 2411 habebun-

353 2412 533 2501 σονται
614 2396 712 2460 τῆς
814 2401 922 2451 τῶν
1023 2395 1173 2455 θείων
1269 2397 1616 2476 ἁγιασμάτων
1695 2400 1997 2479 κοινωνίας,

432 2502 439 2503 κ
554 2481 570 2503 ς
706 2491 731 2502 ο
897 2483 938 2503 I‘
1056 2485 1132 2503 πο
1598 2489 1610 2503 Ι
1789 2490 1803 2503 ο
1912 2489 1924 2503 |

2110 2395 2179 2471 ur
2240 2406 2578 2470 divinarum
2653 2405 3183 2471 sanctiﬁcationum
3254 2399 3679 2503 comm‘unione
3711 2447 3730 2475 ,

351 2483 488 2638 Ξατὲ
516 2483 616 2551 τὴν
642 2491 736 2543 τοῦ
776 2483 1012 2564 μεγάλου
1056 2485 1252 2568 Πάσχα
1293 2489 1728 2570 κοσμοσωτήριον
1785 2489 1995 2570 ἑορτὴν,

416 2594 477 2628 ου
507 2590 524 2638 ξ

2107 2516 2144 2558 ιι
2177 2495 2376 2575 magni
2404 2495 2677 2560 Paschali
2727 2495 2935 2558 mundi
2964 2493 3207 2557 salutari
3232 2492 3405 2569 festo,
3437 2489 3604 2566 fests,
3635 2505 3740 2551 an-

2107 2604 2204 2638 mn
2226 2592 2255 2638 ?
2802 2628 2807 2631 .

416 2590 524 2654 ους

2107 2604 2205 2648 ton
2226 2592 2255 2650 ?
2802 2628 2807 2631 -

363 2753 377 2768 ο
428 2660 627 2770 Ἀπόᾉ
708 2666 777 2770 lix.
814 2664 955 2770 μηέῗ
1002 2667 1351 2770 Ξᾉθυοφαγετν
1423 2667 1801 2752 ἐδιδάχθημεν,
1865 2667 2003 2747 μηδὲ

2167 2679 2344 2758 Resp.
2381 2674 2446 2739 Si
2486 2693 2683 2759 neque
2712 2675 2906 2757 pisces
2945 2674 3128 2738 edere
3172 2671 3484 2747 docemur,
3537 2684 3736 2748 neque

352 2751 537 2861 ἁπλῶς
580 2751 858 2861 καταλύειν
887 2753 955 2812 δι’
1000 2756 1133 2825 ὅλης
1189 2763 1287 2827 τῆς
1343 2760 1495 2839 ἁγίας
1539 2751 2000 2841 Τεσσαρακοστῆς,

2107 2751 2441 2861 simpliciter
2469 2751 2771 2848 jejunium
2819 2764 3052 2861 solvere
3102 2780 3209 2846 per
3251 2768 3434 2861 totam
3468 2763 3733 2861 sanctam

354 2843 453 2946 καὶ⁸
502 2844 659 2946 κατὰ.
696 2850 871 2902 πᾶσαν
927 2844 1172 2928 τετράδα,
1230 2848 1320 2905 καὶ
1381 2850 1747 2931 Παρασκευὴν,
1818 2847 2007 2922 πολλῷ

2107 2843 2615 2935 ὶυείάτεςεηέωέ,
2650 2862 2841 2919 multo
2873 2853 3061 2935 magis
3089 2843 3126 2915 a
3160 2850 3387 2915 carnali
3421 2846 3734 2931 complexu

357 2931 517 3027 πλέον
596 2933 694 3003 τῆς
778 2938 1037 3017 σαρκικῆς
1118 2937 1428 3015 συμπλοκῆς
1483 2939 1710 3021 ἀπέχειν
1765 2938 2005 3018 ἀναγκα-

2107 2931 2393 3009 tbstinere
2440 2953 2747 3025 cogentur.
2772 2931 3068 3027 Conjuges
3098 2960 3264 3024 ergo,
3290 2942 3388 3022 qui
3421 2939 3510 3002 sic
3543 2946 3738 3000 trans-

359 3023 662 3118 σθίῖσῦνῖσιιἸ
710 3027 788 3118 Οἱ-
832 3035 957 3118 γοῦν
1020 3029 1493 3107 παρανομήσαντες
1575 3028 1744 3094 οὕτως
1800 3028 1999 3104 ὁμόζυο

2107 3036 2276 3117 ;ressi
2352 3023 2536 3117 sunt;
2578 3044 2638 3099 et
2709 3037 2771 3098 in
2828 3023 3189 3098 satanicam’
3239 3029 3734 3118 incontinentiam

356 3133 463 3191 γοι,
495 3114 583 3171 καὶ
624 3115 698 3178 εἷς
766 3115 1018 3196 ἀκρασίαν
1074 3119 1365 3186 σατανικὴν
1419 3118 2000 3200 μεταστοιχειώσαντες

2107 3114 2740 3219 notaruntsalutarem
2770 3123 3202 3219 ptenitentiam,
3235 3140 3470 3219 quaecx
3499 3115 3735 3219 jejunio

356 3204 453 3273 τὴν
482 3204 589 3262 ἀπὸ
630 3207 728 3273 τῆς
786 3207 1032 3274 νηστείας
1086 3209 1174 3265 καὶ
1229 3212 1328 3276 τῆς
1355 3206 1674 3288 ἀπαλλαγῆς
1715 3214 1822 3266 τῶν
1866 3230 2001 3289 σαρ-

357 3301 522 3352 κικῶν
575 3297 864 3371 ὲπιθυμιῶν
944 3295 1260 3378 σωτηριώδη
1328 3298 1614 3375 μετάνοιαν
1687 3299 1893 3380 (ὥσπερ
1964 3300 2008 3355 εί

360 3387 439 3461 μὴ
482 3392 574 3442 του
629 3384 756 3443 ὅλου
809 3385 1046 3447 ἐνιαυτοῦ
1086 3388 1122 3457 ἡ
1180 3385 1473 3469 περιδρομὴ
1530 3388 1735 3470 ἐξήρκει
1801 3389 2008 3452 τούτοις

359 3476 431 3539 εἷς
461 3473 844 3556 ἀποπλήρωσιν
872 3481 979 3533 τῶν
1007 3482 1274 3558 σαρκικῶν
1301 3477 1588 3556 ἐπιθυμίῶν
1619 3478 1810 3561 αὐτῶν)
1841 3498 1854 3513 ·
1889 3475 2009 3537 οὔτε

357 3566 453 3636 τῆς
482 3568 622 3634 θείας
652 3569 740 3624 καὶ
781 3568 934 3647 ἁγίας
966 3567 1322 3647 μεταλήψεως
1347 3571 1485 3631 κατὰ
1531 3570 1631 3639 τὴν
1676 3569 1862 3649 ἑορτὴν
1918 3568 2012 3628 τοὸ

359 3658 509 3738 ἀγίιου
552 3658 637 3715 καὶ
680 3656 915 3737 μεγάλου
965 3658 1160 3740 Πάσχα
1212 3658 1615 3736 ἀξιωθήσονται,
1648 3658 1786 3717 ἀλλὰ
1813 3660 1901 3717 καὶ
1942 3657 2010 3716 δι’

360 3747 640 3823 ἰπιτιμιῶν
671 3746 1136 3828 διορθωθήσονται.

441 3836 632 3919 Ἐρώτ.
666 3828 771 3901 ναί
831 3836 1128 3898 Ἀκίνδυνόν
1171 3838 1282 3896 ἐστι
1329 3839 1466 3896 κατὰ
1514 3840 1611 3908 τὴν
1671 3839 2008 3921 Κυριώνυμον

359 3926 561 4009 ἡμέραν
605 3929 679 3993 είς
708 3927 994 4006 βαλανεῖον
1022 3929 1374 4011 ἀπέρχεσθαι,
1402 3929 1491 3986 καὶ
1516 3932 1734 4008 θερμοῖς
1764 3928 2009 4011 λουτροῖς

359 4017 762 4092 ἀπονίπτεσθαι,
790 4017 827 4087 ἢ
871 4017 930 4076 οὔ
959 4039 977 4101 ς

445 4107 640 4170 Ἀπόκ,
674 4108 821 4167 Κατὰ
861 4109 963 4177 τὴν
1008 4108 1344 4189 Κυριώνυμον
1389 4108 1542 4191 ἔργου
1570 4110 1768 4173 παντὸς
1799 4107 2009 4167 ἀποδιί-

362 4201 582 4281 στασθαι
624 4197 746 4261 τοὺς
775 4199 1018 4281 πιστοὺς,
1052 4200 1139 4257 καὶ
1168 4202 1216 4257 οἱ
1245 4203 1381 4258 θεῖοι
1410 4199 1637 4279 Πατέρες
1667 4197 1895 4266 ἐδίδαξαν
1923 4201 2014 4256 καὶ

360 4276 499 4356 ἡνδ’
524 4287 700 4368 Νεαρὰ
727 4294 820 4345 τοῦ
863 4276 1133 4355 Βασιλέως
1181 4290 1355 4370 κυρίου
1411 4276 1636 4353 Λέοντος
1692 4296 1785 4347 τοῦ
1841 4290 2015 4370 Σοφοῦ

360 4373 576 4461 δικαίως
606 4375 985 4454 ἐθεσπιῳδησε,
1018 4380 1149 4461 φησὶ
1176 4380 1277 4461 γὰρ
1306 4378 1361 4436 ἐν
1391 4378 1535 4458 μέρει
1562 4388 1726 4439 ταῦτα
1753 4398 1769 4413 ⁶

2090 3223 2202 3295 est,
2245 3226 2306 3278 et
2350 3215 2706 3279 liberatione
2754 3206 3145 3298 cupiditatum
3177 3211 3529 3287 carnalium,
3562 3206 3734 3291 quasi

2091 3307 2271 3369 totius
2312 3305 2453 3368 anni
2498 3305 2859 3368 curriculum
2907 3305 3002 3367 his
3050 3322 3170 3365 non
3219 3301 3468 3364 sufﬁciat
3497 3298 3570 3361 ad
3601 3315 3740 3360 suas

2091 3395 2414 3478 explendas
2441 3394 2724 3458 libidines
2755 3413 2768 3458 :
2804 3394 3063 3458 divinam
3095 3400 3155 3455 et
3191 3399 3454 3454 sanctam
3501 3385 3739 3471 partici-

2093 3485 2395 3569 pationem
2428 3484 2490 3546 in
2520 3484 2617 3547 die
2647 3483 2835 3547 sancti
2879 3482 3197 3565 magnique
3252 3478 3561 3545 Paschatis
3616 3493 3739 3569 non

2094 3564 2600 3658 promerebulur:
2635 3573 2906 3656 quinimo
2957 3564 3156 3654 potius
3209 3569 3401 3651 poenis
3444 3564 3738 3632 emenda-

2093 3664 2337 3728 buntur.

2174 3835 2396 3899 Interr.
2423 3834 2524 3898 51.
2552 3832 2696 3898 Sine
2726 3832 2991 3916 periculo
3026 3838 3135 3914 est,
3156 3829 3257 3892 die
3286 3825 3603 3893 Dominico
3633 3824 3734 3888 in-

2091 3924 2260 4006 gredi
2310 3926 2625 4001 balneum,
2685 3932 2745 3986 et
2797 3923 3007 3986 calidis
3064 3922 3314 3984 lavacris
3365 3917 3571 3994 ablui,
3630 3935 3743 3980 an-

2093 4033 2211 4077 non
2234 4013 2259 4077 ?

2176 4106 2353 4184 Resp.
2385 4103 2490 4166 Die
2506 4103 2817 4168 Dominico
2840 4103 3064 4167 debere
3086 4101 3160 4164 ab
3182 4099 3345 4163 omni
3363 4115 3547 4181 opere
3566 4095 3748 4161 absti-

2095 4213 2242 4258 nere
2272 4193 2503 4270 ﬁdeles,
2538 4207 2601 4257 et
2629 4194 2749 4256 divi
2779 4193 2985 4257 Patres
3022 4192 3380 4271 docuerunt,
3413 4196 3472 4252 et
3512 4189 3590 4250 54
3618 4188 3749 4251 Νο-

2097 4284 2249 4348 vella
2272 4283 2652 4365 imperatoris
2680 4284 2911 4347 domini
2958 4283 3172 4346 Leonis
3198 4279 3562 4365 philosophi,
3588 4277 3752 4359 justo

2102 4373 2408 4437 oraculum
2439 4372 2648 4448 edidit,
2674 4374 2802 4437 haec
2832 4375 2993 4436 enim
3022 4372 3103 4435 ait
3125 4372 3186 4434 in
3216 4377 3385 4450 parte
3411 4387 3427 4432 :

447 4456 723 4547 Ὀρίζομεν
777 4452 866 4525 καὶ
935 4452 1101 4545 ἡμεῖς
1181 4452 1260 4525 ἀ.
1283 4473 1361 4543 τῷ
1392 4452 1403 4457 ⁷
1430 4452 1567 4548 ἁγίῳ
1635 4466 1776 4535 ἔδοξε
1862 4468 2016 4526 Πνεύ-

2184 4464 2506 4527 Statuimus
2553 4483 2663 4526 nos
2705 4464 2908 4545 etiam,
2941 4462 3097 4544 quod
3144 4459 3390 4542 Spiritui
3421 4463 3651 4548 sancto,

361 4577 515 4630 ματι,
599 4557 688 4614 καὶ
770 4571 889 4624 τοῖς
971 4559 1058 4617 ὑπ’
1143 4563 1303 4620 αὐτοῦ
1385 4556 1749 4635 μεμνημένοις
1793 4558 2022 4616 ἀποστό-

363 4643 479 4711 λοις
517 4661 532 4676 ⁸
594 4649 731 4712 ὠςτε
784 4646 989 4713 πάντας
1058 4647 1113 4705 ἐν
1170 4654 1241 4726 τῇ
1306 4648 1419 4722 θείᾳ
1485 4648 1574 4705 καὶ
1641 4648 1741 4717 τὴν
1815 4648 2021 4730 ἀφθαρ-

367 4736 484 4793 σίαν
564 4736 720 4813 ἡμῶν
803 4736 1214 4818 ἐγκαινισαμένῃ
1302 4738 1470 4817 ἡμέρᾳ
1552 4737 1838 4820 σχολάζειν
1921 4738 2021 4817 ἀρ-

366 4826 480 4907 γίᾳ,
550 4828 639 4884 καὶ
710 4828 847 4904 μήτε
919 4830 1152 4908 γεωργὸν
1224 4830 1362 4906 μήτε
1421 4829 1538 4886 τινὰ
1621 4828 1798 4909 ἕτερον
1858 4827 2022 4885 ἅπτε-

366 4918 484 4973 σθαι
566 4914 721 4997 ἔργου
803 4915 857 4974 ὲν
940 4919 1108 4995 ταύτῃ
1190 4923 1297 4976 τῶν
1366 4918 1445 4995 μὴ
1487 4916 1900 4996 νενομισμένων.
1964 4919 2022 4975 Εἰ

369 5007 469 5084 γὰρ
512 5008 559 5064 οἱ
601 5005 820 5066 παλαιοὶ
873 5008 968 5073 τὰς
1011 5009 1162 5075 σκιὰς
1203 5009 1293 5066 καὶ
1334 5009 1456 5073 τοὺς
1499 5009 1693 5073 τύπους
1738 5013 2021 5088 τιμῶντες,

368 5092 454 5151 διὰ
481 5096 743 5163 τοσαύτης
799 5096 934 5172 ἦγον
977 5102 1140 5174 τιμῆς
1182 5099 1279 5166 τὴν
1330 5107 1425 5158 τοῦ
1466 5095 1740 5155 Σαϐϐάτου
1791 5096 2016 5175 ἡμέραν,

368 5185 443 5249 ὡς
474 5183 731 5243 παντελεῖ
779 5187 962 5253 αὐτοὺς
1019 5186 1242 5266 ἀπραξίᾳ
1298 5185 1516 5265 διδόναι,
1563 5187 1678 5252 πῶς
1736 5187 1876 5250 εἰκὸς
1935 5188 2021 5250 οὓς

367 5275 404 5342 ἡ
434 5275 595 5355 χάρις
636 5277 955 5353 θεραπευτὰς
986 5275 1104 5356 ἔχει
1161 5277 1248 5333 καὶ
1290 5277 1325 5346 ἡ
1380 5275 1628 5355 ἀλήθεια,
1670 5276 1887 5340 τούτους
1944 5276 2048 5352 μὴ·

370 5369 530 5439 τιμᾷν
571 5363 670 5432 τὴν
726 5364 930 5445 ἡμέραν
982 5364 1096 5433 ἥτις
1141 5366 1203 5423 τὸ
1245 5368 1420 5441 τίμιον
1446 5366 1588 5448 παρὰ
1629 5373 1721 5423 τοῦ
1755 5365 2025 5424 Δεσπότοῦ

370 5451 689 5531 ἐπλούτησε,
748 5455 838 5512 καὶ
893 5456 1038 5533 ἡμᾶς
1124 5453 1449 5536 ἠλευθέρωσε
1530 5460 1631 5524 τῆς
1700 5454 1763 5512 ἐκ
1828 5457 2023 5535 φθορᾶς

2104 4554 2354 4636 ipsoque
2383 4552 2667 4617 institutis
2695 4552 2976 4635 apostolis
3007 4550 3317 4633 placuit,ut
3340 4564 3550 4610 omnes
3566 4545 3630 4607 in
3654 4545 3754 4607 die

2105 4662 2297 4721 sacro,
2332 4661 2565 4725 quoque
2615 4650 2817 4705 nostra
2862 4641 3182 4723 integritas
3217 4639 3543 4702 instaurata
3573 4642 3686 4712 est,
3719 4654 3757 4725 a

2105 4732 2309 4796 labore
2339 4723 2549 4797 vacent
2570 4750 2589 4795 :
2614 4751 2809 4814 neque
2826 4731 3324 4813 agricolaemeque
3340 4726 3619 4808 quiquam
3651 4723 3755 4788 alii

2102 4823 2166 4885 in
2195 4822 2297 4884 illo
2329 4821 2605 4885 illicitum
2644 4840 2796 4904 opus
2838 4819 3284 4903 aggrediantur.
3329 4814 3390 4879 Si
3437 4814 3599 4878 enim
3650 4814 3754 4896 qui

2102 4913 2374 4976 umbram
2397 4915 2711 4995 quamdam
2728 4920 2905 4994 atque
2926 4912 3174 4990 ﬁguram
3205 4904 3755 4983 observabant,tan-

2106 5012 2314 5085 topere
2360 5001 2603 5067 Sabbati
2658 5002 2816 5064 diem
2858 4999 3317 5074 venerabantur,
3354 5003 3419 5059 ut
3467 4995 3539 5058 ab
3589 4995 3754 5085 omni

2104 5082 2349 5173 prorsus
2397 5110 2580 5170 Opere
2625 5091 2998 5154 abstinerent
3034 5108 3049 5151 :
3081 5085 3380 5170 quomodo
3420 5085 3525 5168 qui
3553 5082 3757 5165 gratiae

2107 5183 2324 5259 lucem,
2362 5182 2679 5264 ipsamque
2708 5179 3013 5242 veritatem
3038 5175 3379 5253 colunt,bos
3409 5194 3546 5238 eum
3566 5174 3753 5253 diem,

2106 5273 2207 5354 qui
2239 5290 2273 5334 a
2300 5270 2554 5333 Domino
2584 5271 2820 5333 honore
2849 5269 3065 5332 ditatus
3094 5274 3210 5344 est,
3242 5283 3472 5348 nosque
3502 5264 3575 5328 ab
3594 5264 3760 5327 exitii

2106 5363 2401 5425 dedecore
2431 5360 2720 5436 liberavit,
2741 5379 2861 5422 non
2888 5357 3164 5423 venerari
3182 5375 3289 5440 par
3310 5355 3453 5421 est?
3480 5363 3584 5418 aut
3602 5374 3756 5438 quo-

2108 5451 2283 5515 modo
2304 5470 2439 5513 cum
2460 5470 2528 5514 ex
2547 5457 2776 5532 septem
2794 5448 3006 5513 diebus
3021 5465 3173 5512 unus
3200 5446 3265 5511 in
3301 5443 3542 5510 Domini
3566 5445 3759 5508 hono-

1688 5600 1953 5667 VARLE
1998 5598 2433 5666 LECTIONES.

455 5750 478 5781 ο
505 5757 545 5805 a
570 5740 821 5806 domino
848 5742 1242 5810 denominati.
1275 5743 1295 5789 τ
1313 5743 1510 5826 pomis
1536 5741 1812 5807 modicis.
1845 5767 1874 5812 ε
1897 5755 2006 5821 per
2036 5740 2222 5802 totam
2252 5735 2807 5817 quadragesimum,
2837 5741 2892 5799 et
2921 5730 3205 5815 quamvis
3232 5737 3460 5814 quarta
3487 5727 3676 5809 feria,
3708 5732 3767 5792 et

372 5818 441 5883 in
465 5839 810 5906 parasceve.
