4128 6468
412 411 568 476 1079

1780 411 1914 475 JUS
1960 404 2408 479 CANONIGUM

3644 415 3799 483 1080

402 563 534 611 rem
567 553 955 610 consecratus
1005 545 1104 626 sit,
1156 560 1269 608 nos
1298 544 1552 608 aliorum
1609 545 1682 607 ad
1729 563 1909 626 opera
1956 562 2064 607 usu

2151 545 2413 628 ἀτιμίας;
2485 524 2540 605 ’ᾗ
2612 548 2727 613 πῶς
2792 551 2853 606 οὗ
2933 547 3205 616 παντελῶς
3261 549 3594 620 ἀσυνείδητον
3664 552 3800 609 ἑπτὰ

402 640 725 699 contentos
754 655 874 698 non
901 652 1054 710 esse,
1083 651 1279 715 neque
1300 633 1469 697 illum
1492 633 1746 697 Domino
1778 632 2061 696 eximium

402 734 463 789 et
490 725 841 788 inviolatum
874 734 1233 788 conservare
1260 744 1273 787 :
1305 725 1413 788 sed
1442 724 1637 806 ipsum
1664 723 1840 786 etiam
1869 724 2064 803 vulga-

399 831 530 879 rem
561 814 779 891 facere,
820 813 1166 895 nostrisque
1200 812 1483 894 operibus
1510 812 1929 895 applicandum
1953 832 2064 894 pu-

400 917 553 983 tare,
584 903 900 985 religionis
928 912 1050 965 non
1081 908 1172 965 est
1200 920 1445 984 prorsus
1463 901 2063 984 dissolutae‘iQuapro-

401 1001 536 1077 pter
556 992 812 1057 dicimus
841 1001 900 1056 et
929 1012 1066 1066 nos,
1089 991 1255 1054 omni
1286 992 1636 1073 operatione
1659 991 2038 1074 (quemadmo

401 1073 544 1146 dum
596 1083 821 1147 dictum
875 1088 989 1158 est)
1034 1088 1309 1145 cessante
1329 1103 1385 1158 h,
1414 1099 1548 1147 cum
1591 1091 1650 1144 et
1691 1073 1806 1163 ipsi
1853 1073 2065 1145 rustici

399 1172 802 1254 negotientur,
837 1180 899 1235 et
925 1171 1203 1235 omnibus
1252 1171 1473 1233 coactis
1523 1171 1748 1236 versari
1782 1171 1842 1233 in
1876 1170 2068 1233 eccle-

403 1262 599 1340 siis,et
621 1262 955 1343 gloriﬁcare
983 1260 1181 1343 potius
1203 1259 1390 1323 Deum
1421 1260 1524 1323 die
1552 1258 2066 1343 Dominico,|quod

402 1351 617 1415 ﬁdeles
646 1350 749 1433 qui
778 1368 1007 1431 sumus,
1036 1350 1100 1412 in
1131 1369 1201 1413 ea
1229 1350 1557 1413 viderimus
1589 1350 1838 1430 justitiaa
1862 1350 2065 1413 Solem

400 1440 851 1523 resplenduisse
872 1453 914 1502 i.
935 1438 1142 1522 Neque
1171 1439 1354 1519 igitur
1384 1440 1488 1521 qui
1516 1439 1868 1502 balneorum
1906 1459 2062 1521 prie-

401 1529 679 1595 censoria
707 1530 1059 1611 lavacraque
1080 1537 1137 1592 et
1149 1529 1739 1610 reliquafaciunt,his
1762 1529 2061 1592 ministra-

400 1619 571 1696 bunt,
604 1638 800 1701 neque
831 1619 1026 1683 ﬁdelis
1051 1619 1209 1682 ullus
1238 1618 1474 1681 veniam
1501 1617 1963 1700 merebitur,qui
1985 1617 2059 1681 ab

402 1709 671 1774 oratione
700 1707 1031 1785 abstinens,
1063 1717 1122 1771 et
1149 1728 1184 1772 a
1212 1709 1469 1771 multum
1510 1708 1887 1770 celebrandis
1926 1708 2057 1788 glo—

401 1798 834 1863 riﬁcationibus
902 1797 1522 1881 praeceptionibusque
1581 1797 1704 1860 diei
1763 1797 2058 1860 Dominici

2145 638 2359 717 ἡμερῶν
2387 637 2580 719 οὒσῶν,
2621 640 2695 695 ὧν
2762 638 2855 715 μία
2909 641 2981 705 εἰς
3039 641 3371 709 Δεσποτικὴν
3437 642 3601 719 τιμὴν
3643 641 3798 700 ἀνεῖ-

2145 747 2254 806 ται,
2316 728 2394 803 μὴ
2478 726 2755 807 ἀρκεῖσθαι
2820 729 2962 803 ἡμᾶς
3020 742 3143 795 ταῖς
3200 729 3251 796 ἐξ
3321 729 3799 812 ἀποκεχρημένους

2147 817 2220 879 εἰς
2304 815 2478 896 ἔργον,
2563 817 2652 873 καὶ
2734 817 3082 900 ἀναφαίρετον
3162 826 3241 894 τῷ
3299 820 3548 898 Δεσπότῃ
3592 819 3799 887 ἐκείνην

2145 918 2335 984 τηρεῖν
2366 923 2382 938 °
2444 904 2581 963 ἀλλὰ
2650 909 2740 963 καὶ
2791 907 2987 975 ταύτην
3043 913 3484 982 κοινοποιεϊσθαι,
3554 911 3643 967 καὶ
3695 917 3799 968 τῶν

2148 994 2420 1074 ἡμετέρων
2505 995 2674 1075 ἔργων
2741 997 2972 1073 νομίζειν
3039 998 3270 1079 καιρόνς
3336 1000 3430 1056 Διό
3486 1022 3658 1079 φαμεν
3714 1007 3804 1061 καὶ

2148 1085 2336 1161 ἡμεῖς,
2403 1087 2580 1154 πάσης
2647 1087 2910 1167 ἐνεργείας
2966 1087 3431 1168 ἐμπορευομένων,
3501 1093 3589 1150 καὶ
3630 1093 3802 1149 αὐτῶν

2149 1172 2215 1243 δὴ
2271 1182 2375 1233 τῶν
2435 1181 2713 1257 γεωργῶν,
2773 1175 3215 1257 ἀπρακτησάσης,
3275 1181 3349 1244 ὡς
3407 1178 3644 1260 εἴρηται,
3713 1181 3803 1237 καὶ

2148 1265 2361 1321 πάντων
2409 1263 2853 1345 ἀναγκαζομένων
2923 1280 3045 1334 ταῖς
3119 1267 3428 1336 ἐκκλησίαις
3489 1268 3803 1350 ἐνασχολεϊ-

2147 1357 2286 1435 σθαι,
2320 1355 2407 1411 καὶ
2456 1353 2758 1435 δοξολογεϊν
2815 1360 2923 1413 τῶν
2982 1358 3112 1416 Θεὸν
3170 1356 3376 1433 μᾶλλον
3424 1358 3562 1416 κατᾶ
3601 1358 3803 1425 ταύτην

2145 1443 2242 1511 τὴν
2286 1443 2632 1523 κυριώνυμον,
2708 1442 2792 1501 διὰ
2844 1446 2906 1503 τὸ
2960 1445 3016 1503 ἐν
3068 1445 3206 1525 αὐτῇ
3277 1445 3411 1505 ἰδεῖν
3467 1449 3613 1524 ἡμᾶς
3680 1448 3802 1511 τοὺς

2141 1534 2356 1599 πιστοὺς
2388 1534 2479 1590 τὸν
2509 1539 2608 1602 τῆς
2649 1531 2984 1603 δικαιοσύνης
3062 1540 3226 1595 Ηλιον
3283 1534 3573 1614 λάμψαντα
3609 1556 3622 1569 ·
3685 1534 3803 1595 οὔτε

2143 1620 2231 1677 οὖν
2260 1623 2401 1679 οἱτά
2435 1625 2540 1685 τῶν
2596 1621 2888 1700 βαλανείων
2941 1627 3360 1705 προκαυστήρια,
3411 1624 3663 1706 λουτήριά
3715 1647 3799 1703 τε,

2143 1712 2230 1766 καὶ
2279 1708 2440 1768 λοιπά
2497 1712 2828 1791 ἐνεργοῦντες
2914 1714 3117 1777 τούτοις
3175 1715 3621 1795 ὑπηρετήσουσιν,
3684 1714 3802 1773 οὔτε

2141 1821 2220 1863 τις
2263 1802 2449 1867 πιστὸς
2495 1801 2817 1880 συγγνώμης
2849 1800 3093 1871 ἀξιωθείη
3132 1819 3147 1834 ⁸
3197 1809 3298 1871 τῆς
3358 1804 3457 1879 μὲν
3489 1809 3803 1884 προσευχῆς

397 1888 716 1966 recedens,
741 1891 911 1970 aquis
948 1887 1155 1951 calidis
1196 1888 1462 1952 adhaeret
1490 1895 1548 1950 et
1570 1894 1929 1968 occupatur:
1959 1886 2063 1950 sed

2151 1888 2524 1969 ἀποσχόμενος
2580 1891 2666 1947 καὶ
2719 1897 2827 1947 τῶν
2900 1890 3284 1968 πολυϋμνήτων
3339 1890 3655 1971 δοξολογιῶν
3713 1893 3804 1948 καὶ

404 1979 731 2062 episcopali
746 1978 977 2060 judicio
1005 1978 1527 2042 emendationibus
1556 1977 1913 2057 corrigetur.

405 2083 529 2147 μοῖς
585 2068 733 2129 ὕδασι
809 2070 1159 2151 προσανὲχων
1218 2071 1307 2127 καὶ
1362 2067 1758 2150 ἀσχολούμενος
1807 2086 1821 2101 ’

407 2159 611 2241 ορθωθή
617 2180 761 2216 σεται
773 2205 784 2219 .

485 2247 713 2313 Interr.
744 2246 847 2309 ὅθ.
877 2245 1179 2327 Jejunium
1207 2247 1444 2310 solvens
1473 2245 1778 2323 carnibus,
1813 2264 1984 2309 caseo
2006 2252 2067 2307 et

404 2356 539 2419 ovo,
569 2335 781 2399 diebus
810 2332 1099 2399 Mercurii
1129 2342 1189 2397 et
1207 2336 1464 2399 Veneris
1487 2336 1673 2399 totius
1696 2334 1863 2412 anni,
1894 2334 2067 2397 venia

406 2427 642 2508 dignus,
678 2425 927 2488 annon?

486 2516 669 2597 Resp.
697 2514 1116 2593 Sexagesimus
1140 2533 1332 2577 nonus
1354 2533 1549 2577 canon
1573 2522 1914 2576 sanctorum
1927 2531 2065 2595 apo-

405 2605 703 2669 stolorum
723 2604 842 2667 ait:
870 2602 934 2666 Si
962 2603 1095 2685 quis
1117 2603 1464 2684 episcopus,
1498 2604 1588 2666 vel
1614 2602 1943 2683 presbyter,
1974 2601 2061 2663 vel

404 2693 714 2769 diaconus,
745 2693 838 2755 vel
868 2692 1076 2767 lector,
1115 2692 1205 2755 vel
1239 2701 1468 2769 cantor,
1519 2700 1781 2753 sanctam
1821 2691 2065 2754 Pascha:

413 2782 939 2862 Quadragesimam
966 2800 1083 2846 non
1111 2783 1754 2865 jejunat,velquartum
1781 2780 2063 2856 diem,vel

411 2873 1028 2954 Parasceven,praater
1050 2891 1228 2954 quam
1254 2873 1303 2935 si
1330 2880 1570 2954 propter
1590 2870 2061 2933 imbecillitatem

405 2961 782 3043 corporalem
834 2961 1217 3043 impediatur,
1263 2962 1631 3043 deponatur:
1656 2961 1705 3024 si
1745 2961 1822 3023 sit
1860 2970 2057 3023 autem

406 3051 616 3127 laicus,
651 3059 1020 3132 segregetur.
1046 3051 1158 3124 Qui
1187 3051 1367 3131 igitur
1398 3052 1529 3114 sine
1558 3051 1856 3133 corporali
1892 3050 2061 3112 inﬁr-

406 3141 611 3205 mitate
639 3140 908 3204 dissolvit
938 3140 958 3202 i
987 3141 1116 3202 dies
1144 3133 1423 3204 Mercurii
1449 3149 1510 3203 et
1537 3140 2065 3222 Veneris,punitur

2143 1975 2493 2035 διδασκαλιῶν
2547 1984 2647 2047 τῆς
2717 1980 3044 2060 κυριωνύμου
3101 1980 3483 2061 ἀφιστάμενος,
3542 1983 3630 2038 καὶ
3688 1984 3801 2060 θερ-

1885 2067 2022 2125 ἀλλά
2095 2064 2180 2126 διὰ
2264 2068 2584 2149 ἐπιτιμίωνξ
2613 2071 2749 2126 κατὰ
2823 2070 2923 2139 τὴν
2984 2070 3336 2140 ὲπισκοπικὴν
3406 2068 3663 2152 διάκρισιν
3717 2069 3800 2128 δι-

2227 2245 2420 2327 Ἐρώτ,
2465 2237 2573 2326 νβ’.
2610 2239 2666 2308 Ὀ
2691 2246 2971 2309 καταλύων
2993 2246 3078 2305 διὰ
3104 2248 3348 2329 κρέατος,
3380 2257 3535 2330 τυροῦ
3561 2250 3650 2307 καὶ
3668 2250 3799 2332 ὠοῦ,

2145 2337 2238 2404 τὰς
2280 2336 2529 2418 τετράδας
2570 2340 2657 2396 καὶ
2698 2339 2794 2405 τὰς
2837 2339 3174 2418 παρασκευὰς
3234 2346 3327 2397 τοῦ
3383 2339 3509 2398 ὅλου
3574 2341 3798 2420 χρόνον,

2145 2426 2510 2511 συγγνωστὲος
2556 2428 2718 2511 ἐστιν,
2749 2428 2784 2497 ἢ
2815 2428 2875 2485 οὔ
2906 2448 2923 2511 ς

2227 2516 2420 2580 Ἀπόκ.
2486 2509 2543 2577 ’0
2587 2507 2664 2585 ξθ’
2706 2519 2879 2576 κανὼν
2907 2507 3036 2575 *τῶν
3062 2517 3229 2598 ἁγίων
3256 2516 3570 2577 ἀποστόλων
3614 2522 3795 2600 φησίν·

2147 2605 2216 2664 Εἴ
2244 2629 2324 2671 τις
2369 2606 2678 2683 ἐπίσκοπος,
2726 2607 2762 2677 ἢ
2791 2605 3160 2688 πρεσϐύτερος,
3206 2607 3242 2678 ἢ
3287 2606 3549 2683 διάκονος,
3592 2607 3628 2676 ἢ
3662 2609 3798 2666 ἀνα-

2143 2694 2412 2774 γνώστης,
2461 2696 2497 2766 ἣ
2562 2696 2798 2779 ψάλτης,
2857 2698 2956 2765 τὴν
3013 2698 3165 2776 ἁγίαν
3222 2698 3663 2778 Τεσσαρακοστὴν
3705 2705 3803 2756 τοῦ

2145 2785 2342 2865 Πάσχα
2383 2789 2443 2846 οὒ
2492 2787 2755 2864 νηστεύει,
2813 2786 2848 2856 ἢ
2891 2784 3134 2867 τετράδα,
3191 2786 3227 2855 ἣ
3282 2786 3641 2866 παρασκευὴν,
3675 2791 3801 2845 καθ’

2143 2876 2385 2953 αιρείσθω
2414 2894 2429 2910 ’
2483 2877 2529 2933 εί
2599 2877 2674 2952 μὴ
2746 2874 2812 2932 δι’
2871 2876 3140 2934 ἀσθένειυν
3197 2873 3550 2953 ἐμποδίζοιτο.
3610 2877 3670 2934 Εἰ
3741 2875 3798 2934 δὲ

2142 2961 2334 3028 λα’ίκὸς
2364 2962 2479 3039 εἴη,
2513 2965 2856 3046 ἀφοριζὲσθω.
2907 2957 2965 3025 Ὀ
3021 2975 3145 3045 γοῦν
3201 2963 3481 3023 καταλύων
3528 2963 3649 3022 ἄνευ
3692 2988 3798 3023 σω·

2145 3058 2377 3130 ματικῆς
2460 3055 2728 3119 ἀσθενείας
2799 3056 2894 3122 τὰς
2961 3053 3210 3136 τετράδας
3279 3056 3368 3113 καὶ
3444 3055 3536 3120 τὰς
3617 3077 3793 3134 παρα-

2145 3145 2357 3220 σκευὰς,
2435 3143 2713 3216 κολάζεται
2776 3145 2914 3202 κατὰ
2967 3146 3066 3213 τὴν
3110 3151 3202 3201 τοῦ
3270 3144 3509 3202 τοιούτου
3575 3143 3787 3208 κανόνος

402 3232 569 3314 juxta
587 3231 840 3295 canonis
859 3231 1038 3312 hujus
1064 3238 1359 3294 tenorem.
1381 3230 1630 3305 Quando
1662 3249 1798 3293 vero
1822 3237 2063 3312 propter

2151 3232 2453 3309 περίληψιν.
2518 3224 2655 3292 ιὈτε
2734 3231 2790 3290 δὲ
2853 3231 2920 3291 δι’
2978 3233 3249 3292 ἀσθένειαν
3290 3234 3643 3313 ἀναγκασθείη
3711 3255 3791 3299 τις

403 3320 880 3384 imbecillitatem
912 3330 1152 3384 coactus
1200 3321 1383 3383 fuerit
1415 3321 1766 3401 dissolvere,
1802 3319 2064 3401 piscibus

403 3410 640 3473 veloleo
666 3409 1075 3473 moderabitur
1090 3410 1493 3491 aegrotationis
1505 3408 2064 3472 afﬂictionem.Car-

408 3518 519 3565 nes
536 3499 696 3564 enim
721 3499 812 3563 vel
833 3519 1101 3583 caseum,
1126 3509 1226 3563 aut
1252 3517 1426 3563 ovum
1445 3501 1735 3580 attingere
1752 3519 1871 3561 non
1894 3498 2068 3562 fuerit

406 3589 930 3668 concessum,licet
960 3598 1286 3653 extremam
1307 3589 1469 3653 efﬂet
1497 3590 1981 3670 animam,neque
2002 3588 2064 3649 in

409 3699 625 3760 magna
646 3679 1264 3763 Quadragena,neque
1286 3681 1347 3742 in
1370 3679 1770 3762 qualicunque
1787 3678 2066 3743 Mercurii

405 3770 498 3833 vel
524 3768 778 3833 Veneris
805 3770 1165 3835 die.Sufﬁcit
1188 3771 1345 3833 enim
1384 3769 1572 3851 ei,qui
1598 3767 1937 3832 necessario
1962 3785 2068 3849 per

407 3857 711 3923 aridorum
733 3878 901 3922 esum
931 3860 1314 3942 magniﬁcare
1344 3859 1523 3922 debet
1544 3860 1675 3922 dies
1704 3858 1986 3921 Mercurii
2010 3865 2067 3919 et

405 3948 684 4026 Veneris,
718 3968 826 4031 per
875 3950 1075 4015 oleum
1108 3959 1165 4013 et
1198 3951 1394 4034 pisces
1436 3949 1630 4012 morbi
1678 3948 2065 4012 acerbitatem

409 4037 701 4117 mitigare.
749 4038 974 4121 Excipe
1015 4040 1166 4103 mihi
1214 4041 1344 4103 dies
1392 4039 1675 4106 Mercurii
1709 4046 1767 4101 et
1788 4038 2064 4111 Veneris,

410 4127 807 4208 carniSprivii,
827 4129 1308 4210 septuagesimae,
1328 4129 1732 4195 renovationis
1755 4136 1813 4191 et
1836 4128 2069 4190 duode-

410 4215 530 4280 cim
562 4216 823 4279 dierum.
857 4217 924 4280 In
948 4219 1041 4281 his
1078 4218 1240 4282 enim
1274 4239 1382 4303 per
1423 4238 1634 4284 carnes
1687 4218 1888 4290 etiam,
1923 4216 2073 4279 citra

411 4305 745 4387 periculum
773 4307 1006 4388 jejunia
1035 4308 1406 4389 frangimus:
1437 4311 1576 4392 quia
1608 4309 1767 4371 circa
1810 4307 2071 4369 dodeca—

408 4395 724 4458 hemerum
743 4397 1305 4477 jejunantArmenii
1328 4396 2076 4482 propterArIziburium,in

409 4483 790 4548 hebdomade
812 4486 1005 4567 prima
1032 4489 1434 4572 carnisprivii,
1470 4496 1710 4572 propter
1739 4485 2029 4553 Ninivitas
2061 4503 2077 4548 :

2144 3321 2460 3403 καταλῦσαι,
2507 3321 2591 3379 διά
2636 3324 2835 3405 ἰχθύων
2889 3322 2926 3393 ἢ
2985 3322 3162 3381 ἐλαίου
3226 3324 3498 3403 μετριάσει
3554 3323 3648 3378 τοῦ
3698 3321 3797 3401 ἀῤ-

2145 3412 2494 3490 ρωστήματος
2548 3412 2646 3481 τὴν
2705 3412 3003 3481 κακότητα.
3078 3412 3309 3492 Κρὲατος
3396 3413 3497 3493 γὰρ
3551 3411 3588 3481 ἢ
3646 3418 3802 3492 τυροῦ

2146 3500 2183 3570 ἢ
2215 3502 2321 3559 ὠοῦ
2350 3502 2582 3577 ἅψασθαι
2629 3503 2688 3560 οὗ
2744 3502 3142 3584 συγχωρηθείη,
3204 3501 3303 3559 κᾶν
3356 3501 3493 3579 πνέῃ
3550 3502 3617 3557 τὰ
3681 3498 3802 3559 λοί-

2146 3594 2287 3665 σθια,
2344 3590 2459 3648 οὔτε
2505 3590 2559 3647 ἐν
2631 3597 2700 3669 τῇ
2766 3590 2978 3671 μεγάλῃ
3047 3597 3485 3671 Τεσσαρακοστῇ,
3545 3590 3664 3647 οὔτε
3748 3590 3803 3647 ἐν

2149 3678 2403 3753 οἱᾳδήτινι
2445 3678 2650 3761 τετράδι
2692 3682 2781 3738 καὶ
2836 3686 3141 3762 παρασκευῇ
3175 3695 3190 3711 ⁸
3251 3680 3407 3761 ἀρκεῖ
3449 3681 3548 3759 γὰρ
3604 3686 3682 3755 τῷ
3752 3680 3805 3746 ἐξ

2150 3768 2385 3849 ἀνάγκης
2471 3768 2555 3826 διὰ
2626 3768 2949 3850 ξηροφαγίας
3019 3766 3330 3848 μεγαλύνειν
3384 3767 3644 3849 ὀφείλοντι
3709 3770 3805 3834 τὰς

2148 3857 2395 3937 τετράδας
2428 3861 2511 3916 καὶ
2569 3860 2663 3925 τὰς
2711 3860 3069 3938 παρασκευὰς,
3128 3857 3213 3915 διὰ
3256 3857 3432 3915 ἐλαίου
3475 3858 3563 3915 καὶ
3604 3858 3805 3939 ἰχθύων

2150 3948 2469 4009 ἐπιεικεῦσαι
2520 3949 2583 4005 τὸ
2640 3948 2872 4023 νόσημα.
2925 3939 3169 4014 (Υπέξελέ
3229 3970 3319 4025 μοι
3377 3948 3470 4011 τὰς
3527 3945 3800 4025 τετράδας,

2150 4040 2237 4095 καὶ
2293 4039 2387 4103 τὰς
2445 4038 2780 4117 παρασκευὰς
2838 4039 2937 4104 τῆς
3004 4036 3275 4117 ἀπόκρεω,
3353 4042 3453 4103 τῆς
3510 4036 3807 4117 τυροφάγου

2151 4134 2251 4196 τῆς
2309 4126 2680 4204 κιακινησίμου
2705 4125 2790 4202 49,
2863 4128 2952 4183 καὶ
3037 4135 3129 4186 τοῦ
3199 4124 3626 4205 δωδεκαημὲρου.
3716 4124 3807 4182 Ἐν

2153 4219 2368 4283 ταύταις
2440 4218 2539 4297 γὰρ
2607 4218 2696 4274 καὶ
2752 4212 2837 4272 διὰ
2903 4214 3122 4295 κρέατος
3190 4213 3473 4278 ἀκινδύνως
3543 4212 3806 4271 καταλύο-

2157 4330 2254 4380 μεν
2283 4327 2298 4341 ⁶
2374 4306 2455 4364 ὅτι
2525 4307 2661 4363 κατά
2740 4306 2801 4361 τὸ
2880 4302 3282 4384 δωδεκαήμερον
3352 4305 3690 4372 νηστεύουσιν
3761 4306 3809 4360 οἱ

2159 4396 2406 4478 Ἀρμένοι
2490 4394 2574 4452 διὰ
2653 4395 2746 4452 τὸν
2804 4390 3187 4473 Ἀρτζιϐούριον
3223 4413 3237 4427 ’
3308 4394 3447 4450 κατὰ
3501 4394 3597 4461 τὴν
3668 4389 3812 4449 ἐϐδο-

2165 4486 2305 4564 μάδα
2347 4491 2446 4554 τῆς
2476 4484 2694 4565 πρώτης
2726 4482 2992 4561 ἀπόκρεω,
3051 4480 3136 4538 διὰ
3185 4482 3308 4547 τοὺς
3342 4483 3622 4547 Νινευΐτας
3655 4500 3672 4516 ⁸
3720 4482 3811 4538 καὶ

413 4581 476 4638 et
501 4576 563 4636 in
590 4574 975 4639 hebdomade
991 4569 1297 4660 tyrophagi
1313 4569 1631 4642 Tetraditae
1654 4575 1916 4640 haeretici
1923 4576 2064 4657 jeju-

2159 4598 2294 4636 κατα
2362 4574 2463 4642 τὴν
2520 4569 2780 4648 ἑϐδομαδα
2836 4571 2933 4638 τῆς
3001 4571 3297 4651 τυροφάγου
3355 4570 3694 4638 νηστεύουσιν
3763 4577 3811 4630 οἱ

413 4664 583 4727 nium
614 4683 897 4746 magnum
930 4651 1272 4734 observant:
1305 4667 1427 4732 Nos
1458 4668 1637 4749 igitur
1669 4651 1971 4730 contraria
1985 4651 2064 4727 iis

2161 4661 2470 4745 Τετραδτται
2535 4665 2581 4719 οἱ
2652 4661 2900 4740 αἱρετικοὶ
2969 4661 3215 4727 νηστείαν
3287 4658 3554 4740 μεγάλην.
3617 4651 3810 4736 Ἡμεῖς

415 4752 743 4836 facientes,
796 4754 1128 4833 frangimus
1148 4763 1202 4835 ις,
1228 4776 1305 4821 ne
1336 4747 1644 4821 videamur
1667 4775 1800 4819 cum
1843 4755 1917 4817 iis
1932 4774 2064 4817 con-

2163 4756 2251 4813 οὖν
2312 4753 2773 4832 ἀντιπράττοντες,
2846 4749 3074 4823 τούτοις,
3161 4748 3515 4830 καταλύομεν,
3571 4748 3667 4806 ’ἕνα
3732 4747 3810 4823 μὴ

414 4843 665 4925 sentire,
702 4862 797 4921 eo,
824 4853 1104 4926 excepto,
1129 4847 1287 4927 quod
1331 4846 1477 4910 illud
1525 4847 1649 4919 ﬁet,
1691 4848 1737 4907 si
1788 4844 1921 4926 quis
1949 4862 2064 4906 cun

2167 4844 2396 4920 δόξωμεν
2424 4845 2741 4922 ὁμοφρονεῖν
2796 4844 3001 4904 αὖτοῖς.
3065 4837 3212 4907 Πλὴν
3267 4842 3355 4898 καὶ
3436 4849 3590 4900 τοῦτο
3647 4841 3810 4918 γενή-

412 4930 748 4997 Tetraditis
786 4941 890 4997 aut
918 4925 1223 4998 Armeniis
1260 4935 1511 4999 habitet.
1547 4935 1783 5017 Alioqui
1809 4925 1994 5011 enim,
2030 4952 2057 4994 s

2164 4957 2332 5008 σεται,
2379 4932 2506 4989 ὅταν
2543 4953 2624 4994 τις
2684 4930 2818 5005 μετά
2871 4925 3194 5008 Τετραδιτῶν
3237 4928 3273 4997 ἢ
3330 4928 3618 5009 Ἀρμενίων
3687 4950 3808 4985 συν.

410 5020 473 5083 in
502 5022 752 5102 regione
781 5024 976 5104 degat,
1007 5022 1109 5086 ubi
1144 5026 1346 5089 nullus
1375 5034 1464 5089 est
1492 5016 1881 5107 ejuscemodi,
1900 5023 2064 5103 degu'

2162 5022 2459 5094 αυλίζηται.
2519 5023 2576 5079 Εἰ
2617 5020 2718 5099 γὰρ
2781 5020 2853 5083 εἷς
2917 5018 3102 5099 χώραν
3154 5016 3320 5107 διάγει
3377 5016 3497 5075 ἔνθα
3553 5020 3647 5075 οὐκ
3702 5017 3813 5075 ἔστι

414 5110 598 5174 stabit
628 5120 857 5175 tantum
892 5114 952 5177 in
988 5115 1292 5199 carnibus,
1334 5117 1424 5180 vel
1458 5105 1657 5192 caseo,
1692 5121 1752 5177 et
1780 5112 2064 5194 suspicio-

2161 5119 2422 5183 τοιοῦτος,
2496 5110 2843 5189 ἀπογεύσεται
2901 5107 3060 5180 μόνον
3118 5105 3339 5185 κρέατος
3399 5107 3434 5177 ἢ
3491 5113 3667 5187 τυροῦ,
3727 5108 3813 5163 καὶ

414 5217 554 5264 nem
586 5202 920 5268 attenuabit
952 5222 1062 5285 per
1090 5194 1549 5284 continentiam,
1584 5224 1703 5268 non
1738 5221 1845 5287 per
1874 5201 2064 5280 inglu-

2162 5201 2467 5281 μετεωρίσει
2511 5202 2609 5272 τήν
2652 5199 2881 5276 ὑποψίαν
2939 5195 3005 5254 δι’
3064 5195 3401 5279 ἐγκρατείας,
3462 5197 3523 5254 οὒ
3580 5197 3691 5273 μὴν
3732 5194 3817 5253 διὰ

1754 5372 2010 5437 νΑΡιΙιΕ
2054 5368 2484 5436 LECTIONES.

495 5465 560 5517 49
589 5465 1019 5547 διακαινησίμου.

492 5608 521 5651 ιι
549 5605 688 5671 cu_m
717 5606 897 5652 omne
925 5606 1075 5671 opus
1103 5567 1574 5671 negotiatorum,
1605 5596 1662 5653 et
1691 5590 1962 5671 ipsorum
1990 5603 2221 5669 quoque
2276 5584 2689 5671 agricolarum
2740 5588 2947 5671 cesset,
2979 5586 3062 5671 _ut
3090 5577 3328 5671 dictum
3351 5585 3463 5654 est,
3495 5594 3820 5671 omnesque

408 5666 476 5729 in
506 5669 779 5733 ecclesiis
808 5658 1067 5734 versari.
1100 5658 1624 5751 irEsplenduisse:
1660 5658 1737 5733 ne
1767 5658 2161 5751 quidenieos,
2198 5658 2691 5751 qui'balnearum
2743 5665 3030 5728 actuaria
3074 5667 3130 5723 et
3180 5659 3460 5742 lavacra,
3494 5665 3549 5725 et
3578 5658 3819 5741 reliqua

407 5751 695 5827 tractant,
730 5751 826 5816 his
856 5767 1076 5832 operas
1104 5744 1253 5815 suae
1271 5753 1582 5831 factumsi
1616 5744 1821 5816 violat.
1856 5751 1883 5792 ¹ί
1910 5744 2225 5814 uiolamus
2253 5744 2401 5810 haec.
