4128 6448
382 434 528 500 1081

1708 426 2430 498 GRECO-ROMANUM.

3608 430 3771 499 1082

366 565 720 649 ἀδδηφαγίας.
797 566 947 626 Κατά
986 563 1042 622 8‘:
1109 566 1208 635 την
1268 563 1533 645 ἑϐδομάδα
1589 569 1689 634 τῆς
1735 561 2014 634 διακινησί-

2118 563 2297 626 viem.
2331 563 2720 627 Hebdomade
2748 571 2947 628 autem
2995 565 3421 647 antipaschalis
3451 566 3583 631 sine
3607 569 3772 651 peri-

364 679 469 734 μου
494 655 560 709 50
612 653 898 721 ἀκινδύνως
956 655 1433 737 κρεωφαγήσομεν,

362 747 608 829 τετράδα,
667 747 758 806 καὶ
817 748 1181 828 παρασκευήν,

364 839 693 920 κυριώνυμος
839 839 1187 919 ὶπταήμερον
1209 846 1367 898 τοῦτο
1395 834 1688 912 διάστημα.

447 926 639 1010 Ἐρώτ.
709 916 814 1008 νγ’.
879 930 943 985 Αἱ
999 916 1245 996 meum
1298 926 1398 996 τῆς
1456 926 1643 1006 ἑορτῆς
1684 926 1791 982 τῶν
1862 924 2027 1004 ἁγίων

363 1017 703 1094 ἀποστόλων,
758 1015 854 1075 καῖ
926 1022 1027 1085 τῆς
1100 1019 1328 1098 Χριστοῦ
1402 1017 1731 1097 γεννήσεως,
1784 1015 1874 1072 καὶ
1926 1021 2026 1085 τῆς

364 1110 673 1182 κοιμήσεως
728 1113 827 1176 τῆν
883 1106 1037 1186 ἁγίας
1095 1107 1378 1183 Θεοτόκου,
1436 1107 1526 1165 καὶ
1598 1112 1692 1165 τοῦ
1745 1110 2020 1190 Σωτῆρος,

363 1195 713 1279 ἀπαραίτητοί
739 1198 894 1279 εἰσιν,
925 1195 963 1266 ἢ
994 1197 1370 1277 συγχωρητέαι
1414 1197 1502 1254 καὶ
1527 1193 1798 1276 ἀδιάφοροι
1828 1212 1845 1275 ς

441 1276 637 1351 Ἀπόκ.
740 1276 804 1343 Ἠ
896 1286 994 1363 μὲν
1074 1276 1133 1342 ἐν
1191 1276 1195 1277 ν
1244 1282 1795 1346 Κωνσταντινουπόλει
1899 1284 2021 1364 ἁγία

355 1374 570 1443 σύνοδος
643 1374 731 1433 ἐπὶ
809 1379 916 1433 τῶν
1024 1376 1238 1456 ἡμερῶν
1326 1376 1420 1434 τοῦ
1471 1374 1767 1455 ἁγιωτάτου
1822 1372 2021 1432 ἐκείνου

351 1466 875 1546 πατριάρχου.......
930 1464 1264 1545 ἐρωτηθεῖσα
1310 1465 1356 1522 εί
1403 1464 1515 1545 χρὴ
1558 1463 1660 1532 τὴν
1709 1461 1764 1519 ἐν
1793 1469 1869 1539 τῷ
1912 1464 2022 1520 Αύ-

348 1555 560 1635 γούστῳ
630 1554 877 1623 νηστείαν
934 1552 1224 1630 ἐπιτελεῖν,
1309 1552 1688 1634 ἀπελογήσατο
1757 1554 1831 1618 ὡς
1886 1552 2021 1620 αὕτη

350 1647 386 1715 ἡ
418 1644 636 1713 νηστεία
715 1642 993 1720 μετετέθη,
1055 1642 1141 1700 διὰ
1189 1646 1251 1702 τὸ
1322 1644 1400 1720 μὴ
1483 1644 1816 1723 περιπίπτειν
1897 1656 2020 1713 ταῖς

355 1735 496 1794 κατὰ
525 1736 617 1791 τὸν
669 1734 851 1814 καιρὸν
923 1743 1108 1794 τοῦτον
1156 1733 1459 1814 γινομέναις
1515 1731 1748 1796 ἐθνικαῖς
1800 1734 2018 1800 νηστεί-

353 1846 462 1889 αις.
513 1822 661 1891 Πλὴν
703 1823 794 1880 καὶ
823 1819 899 1879 ἔτι
930 1820 1120 1880 πολλοὶ
1174 1824 1282 1880 τῶν
1337 1822 1627 1904 ἀνθρώπων
1682 1822 1879 1891 ταύτην
1922 1823 2021 1889 τὴν

355 1911 603 1981 νηστείαν
671 1911 1036 1979 νηστεύουσιν.
1124 1901 1317 1989 Ἡμεῖς
1394 1909 1473 1991 δὲ,
1533 1911 1899 1981 σκοπήσαντες
1954 1910 2021 1967 τὰ

353 2000 480 2082 περὶ
551 2000 760 2079 τούτου,
818 1999 1116 2080 ἆπολογούμ
1127 2004 1241 2083 εθα,
1314 2000 1397 2058 ὅτι
1471 1999 1524 2067 ἐξ
1580 2000 1820 2079 ἀνάγκης
1890 2023 2019 2081 προ-

351 2097 607 2170 ηγοῦνται
638 2104 882 2159 νηστεται
931 2091 1035 2171 πρὸ
1075 2097 1180 2149 τῶν
1223 2090 1492 2172 τεσσάρων
1539 2090 1738 2148 τούτων
1767 2090 1961 2168 ἑορτῶν
1997 2109 2011 2127 ⁸

352 2177 517 2258 ἤγουν
544 2180 647 2258 πρὸ
675 2178 772 2248 τῆς
831 2170 1019 2257 ἑορτῆς
1079 2184 1187 2236 τῶν
1243 2170 1435 2260 Ἀγίων
1489 2176 1859 2261 Ἀποστόλων,
1916 2178 2013 2249 τῆς

353 2268 654 2339 Γεννήσεως
721 2275 817 2327 τοῦ
890 2272 1138 2348 Χριστοῦ,
1210 2274 1314 2337 τῆς
1396 2269 1878 2351 Μεταμορφώσεως
1919 2276 2014 2328 τοῦ

355 2356 583 2437 Χριστοῦ
636 2357 721 2415 καὶ
776 2366 910 2415 Θεου
975 2360 1157 2436 ἡμῶν,
1234 2359 1324 2416 καὶ
1379 2360 1479 2426 τῆς
1549 2359 1868 2436 Κοιμήσεως
1908 2363 2011 2428 τῆς

353 2446 507 2525 ἁγίας
573 2446 800 2506 Θετόκου
830 2466 844 2482 ⁸
903 2446 1045 2517 πλὴν
1130 2449 1482 2529 ἐπταήμεροι,
1541 2448 1646 2505 Μία
1732 2448 1833 2528 γὰρ
1889 2469 2013 2505 τεσ-

353 2537 816 2618 σαρακονθήμερος
873 2538 1090 2606 νηστεία
1144 2537 1306 2614 ἐστὶν,
1353 2540 1389 2607 ἡ
1446 2539 1537 2596 τοῦ
1593 2537 1745 2617 ἁγίου
1785 2537 1874 2594 καὶ
1910 2559 2014 2615 με-

349 2623 519 2705 γάλου
561 2626 780 2709 Πάσχα,
827 2628 886 2685 El.
943 2625 999 2685 δέ
1025 2650 1108 2692 τις
1144 2627 1251 2709 ,καὶ
1299 2626 1462 2686 πλέον
1521 2633 1626 2684 τῶν
1682 2625 1817 2684 ἐπτὰ
1885 2629 2018 2704 ἡμεο

347 2722 453 2797 ρῶν
480 2717 618 2775 κατὰ
658 2707 756 2787 τὴν
784 2718 972 2799 ἑορτὴν
999 2718 1106 2776 τῶν
1140 2707 1332 2797 Ἃγίων
1362 2714 1702 2776 Ἀποστόλων
1750 2717 1846 2773 καὶ
1879 2717 2014 2776 κατὰ

348 2806 450 2875 τὴν
519 2805 709 2886 ἑορτὴν
779 2812 878 2874 τῆς
934 2807 1253 2878 Γηννήσεως
1308 2816 1402 2868 τοῦ
1456 2815 1684 2889 Χριστοῦ
1745 2807 2009 2888 νηστεύει,

346 2894 386 2964 ἢ
427 2894 621 2974 ἑκοντὶ,
685 2895 721 2961 ἢ
780 2896 887 2954 ἀπὸ
928 2904 1250 2976 κτητορικοῦ
1315 2903 1538 2955 τυπικοῦ
1595 2895 2010 2972 συνωθούμενος,

350 2984 409 3042 οὔ
461 2988 998 3068 καταισχυνθήσεται.
1067 2977 1267 3052 ’Ὀπως
1325 2982 1381 3043 δὲ
1437 2985 1529 3043 καὶ
1571 2983 1710 3042 διατί
1736 2987 1840 3065 πρὸ
1882 2985 2010 3042 ἑκά-

350 3095 481 3141 στης
554 3076 758 3134 τούτων
853 3083 962 3133 τῶν
1043 3076 1311 3156 τεσσάρων
1396 3075 1593 3155 ἑορτῶν
1672 3074 2007 3154 ἑπταήμερον

1520 654 1659 713 κατὰ
1713 653 1814 722 τὴν
1869 653 2014 722 αὐτῆς

2113 652 2248 716 culo
2281 653 2566 718 carnibus
2619 672 2933 718 vescemur
2990 655 3051 718 in
3084 656 3217 737 ejus
3265 657 3546 721 Mercurii
3579 658 3680 723 die
3711 670 3773 724 et

1282 737 1375 813 Ὠς
1446 747 1540 822 μία
1615 745 1717 826 γὰρ
1768 742 2010 826 λογίζετα

2112 742 2389 809 Veneris.
2424 743 2571 807 Nam
2605 762 2713 827 pro
2742 763 2862 806 uno
2888 743 2987 807 die
3016 745 3335 811 Dominico
3371 744 3626 813 habetur
3656 751 3770 815 hoc

2110 843 2341 915 septem
2372 833 2613 897 dierum
2638 832 3037 899 intervallum.

2189 923 2416 988 Interr.
2440 922 2517 989 53
2533 923 2773 1006 Jejunia
2793 923 2910 986 diei
2932 924 3066 987 t'esti
3087 923 3440 989 Sanctorum
3459 926 3772 1008 Apostolo-

2107 1031 2267 1090 rum,
2301 1022 2359 1077 et
2386 1013 2611 1077 Natalis
2668 1013 2912 1089 Christi,
2945 1023 3006 1077 et
3047 1013 3524 1079 Obdormit-ionis
3552 1026 3770 1082 sanctae

2109 1103 2380 1185 Deiparae
2409 1109 2471 1167 et
2501 1102 2853 1179 Servatoris,
2890 1103 3319 1168 inexcusabilia
3339 1115 3509 1188 sunt,
3531 1124 3606 1169 an
3635 1126 3767 1190 per-

2108 1192 2400 1255 mittenda
2429 1201 2489 1256 et
2509 1191 2914 1256 inditferentia
2936 1198 2964 1255 ?

2184 1283 2361 1364 Resp.
2381 1282 3030 1365 ConstantinOpolitana
3043 1280 3283 1365 quidem
3299 1287 3767 1368 sanctasynodus

2104 1370 2164 1434 in
2192 1371 2406 1435 diebus
2436 1372 2802 1436 sanctissimi
2834 1372 2996 1435 illius
3028 1371 3481 1455 patriarcha...
3518 1374 3767 1439 interro-

2103 1468 2254 1541 gata,
2289 1480 2365 1524 an
2401 1470 2673 1543 oporteat
2703 1463 2953 1543 Augusti
3008 1461 3233 1526 mensis
3256 1462 3555 1544 jejunium
3583 1467 3765 1546 perti-

2104 1569 2241 1614 cere
2268 1552 2289 1595 ¹
2324 1551 2700 1634 :respondit,
2739 1553 2796 1614 id
2815 1552 3116 1634 jejunium
3166 1561 3457 1615 mutatum
3500 1573 3657 1626 esse,
3691 1576 3767 1620 ne

2102 1659 2236 1701 cum
2268 1640 2510 1722 paganis
2533 1641 2785 1722 jejuniis
2842 1661 2973 1724 quae
3027 1644 3240 1705 eodem
3286 1651 3557 1724 tempone
3590 1645 3761 1723 ﬁunt,

2101 1738 2435 1793 concurrat.
2471 1731 2638 1793 Multi
2659 1739 2858 1793 tamen
2875 1731 3149 1794 homines
3171 1730 3230 1793 id
3249 1731 3546 1813 jejunium
3571 1733 3764 1798 adhuc

2103 1818 2442 1882 observant.
2479 1818 2597 1882 Nos
2630 1829 2824 1883 autem
2859 1839 2996 1883 eum
3031 1815 3118 1883 ea.
3156 1839 3288 1903 quae
3316 1820 3391 1883 ad
3424 1822 3539 1883 hoc
3571 1823 3761 1904 perti-

2104 1918 2267 1985 nent,
2294 1909 2895 1985 consideraverimus,
2919 1909 3298 1974 defendimus
3307 1910 3537 1991 jejunia
3558 1931 3760 1976 neces-

2099 1998 2257 2061 sario
2281 1999 2621 2080 praecedere
2633 2000 2758 2062 haec
2782 2008 3035 2082 quatuor
3055 2000 3221 2062 festa:
3239 1998 3522 2062 nimirum
3540 2001 3754 2064 festum

2096 2089 2447 2152 Sanctorum
2497 2089 2940 2170 Apostolorum,
2996 2088 3218 2151 Natalis
3266 2088 3503 2162 Christi,
3539 2090 3762 2156 Trans-

2093 2175 2466 2239 t'ormationis
2498 2176 2719 2242 Christi
2744 2186 2802 2240 et
2827 2177 2934 2240 Dei
2968 2178 3178 2252 nostri,
3213 2187 3273 2240 et
3293 2176 3765 2244 Obdormitionis

2092 2274 2315 2329 sancta:
2334 2266 2439 2329 Dei
2448 2286 2629 2349 perae,
2655 2267 2760 2329 sed
2780 2274 3007 2330 tantum
3025 2277 3256 2348 septem
3273 2267 3537 2333 dierum.
3563 2267 3759 2333 Unum

2091 2356 2252 2419 enim
2272 2369 2360 2419 est
2385 2357 2772 2440 quadraginta
2794 2357 3025 2420 dierum
3042 2356 3342 2439 jejunium
3360 2359 3617 2422 sanctiet
3642 2380 3758 2423 ma-

2096 2445 2199 2528 gni
2230 2447 2557 2531 Paschalis.
2591 2446 2758 2521 Quod
2783 2448 2833 2509 si
2857 2447 2991 2529 quis
3037 2447 3349 2530 plusquam
3373 2456 3600 2531 septem
3622 2450 3756 2513 die-

2098 2534 2210 2598 bus
2239 2530 2400 2599 circa
2418 2537 2633 2600 festum
2651 2536 3000 2600 Sanctorum
3027 2530 3455 2618 Apostolorum
3469 2538 3755 2603 etfestum

2100 2624 2312 2711 natalis
2336 2625 2555 2689 Christi
2586 2626 2846 2708 jejunet,
2878 2644 2983 2688 seu
3018 2634 3250 2707 sponte,
3285 2645 3391 2688 seu
3420 2645 3454 2689 a
3480 2627 3756 2691 fundato-

2098 2713 2188 2778 ria
2217 2716 2421 2797 regula
2443 2730 2484 2760 ω
2508 2715 2821 2798 impulsus.
2868 2734 2989 2778 non
3018 2714 3467 2798 vituperabitur.
3500 2717 3755 2791 Quomo-

2094 2806 2169 2869 do
2182 2815 2379 2871 autem
2391 2816 2471 2879 ,et
2489 2817 2733 2891 propter
2750 2808 2890 2891 quid
2905 2815 3042 2870 ante
3063 2809 3528 2891 unumquodque
3541 2810 3754 2874 horum

2093 2905 2347 2978 quatuor
2372 2897 2656 2961 festorum
2684 2897 2966 2978 jejunare
2994 2896 3347 2973 debeamus,
3388 2897 3751 2962 declaratum

2091 2984 2151 3047 in
2183 2986 2451 3067 synodali
2482 2986 2810 3062 decisione,
2877 2985 2953 3048 de
3011 3004 3082 3049 eo
3137 2985 3375 3048 anobis
3407 2986 3586 3052 facta.
3638 2988 3754 3062 Qni

2089 3073 2267 3153 igitur
2297 3095 2412 3138 non
2428 3076 2706 3157 jejunant
2726 3083 2866 3138 ante
2889 3074 3363 3157 unumquodque
3384 3076 3596 3139 borum
3613 3096 3751 3160 qua-

351 3163 604 3231 νηστείαν
651 3162 705 3231 ἐξ
759 3165 1000 3245 ἀνάγκης
1055 3166 1325 3235 νηστεύειν
1393 3163 1696 3248 ὀφείλομεν,
1765 3160 2005 3232 ἐδηλώθη

2108 3183 2223 3227 υοτ
2242 3165 2684 3244 ἰοειοτυιηξεὶηο
2704 3164 2827 3228 ulla
2847 3165 3094 3228 omnino
3117 3164 3502 3228 excusatione
3521 3168 3751 3248 magnis

346 3252 406 3310 ἐν
468 3260 547 3330 τῷ
599 3254 842 3335 γεγονότι
897 3253 1024 3335 παρ’
1079 3257 1235 3333 ἡμῶν
1290 3254 1448 3337 χάριν
1517 3254 1703 3312 τούτου
1758 3250 2013 3329 συνοδικῷ

2095 3254 2575 3317 emendabuntur
2602 3254 2827 3337 poenis.

346 3343 521 3420 τόμῳ.
555 3346 615 3403 Oi
657 3350 784 3424 γοῦν
831 3345 911 3421 μὴ
960 3346 1301 3413 νηστεύοντες
1369 3345 1472 3425 πρὸ
1541 3343 1769 3412 ἑκάστης
1837 3344 2036 3401 τούτων
2077 3351 2183 3401 τῶν
2242 3346 2507 3425 τεσσάρων
2565 3347 2762 3426 ἑορτῶν
2816 3346 2953 3403 κατὰ
3009 3347 3069 3402 τὸ
3118 3344 3294 3413 πάντη
3349 3342 3738 3427 ἀπαραίτητον,

349 3431 421 3491 δι’
451 3433 731 3512 ἐπιτιμίων
761 3432 1010 3515 μεγάλων
1038 3433 1498 3517 διορθωθήσονται.

430 3521 622 3605 Ἐρών,
668 3522 743 3582 νδ’
800 3527 861 3584 Οἱ
915 3525 1054 3582 κατά
1109 3524 1302 3591 ταύτας
1369 3524 1464 3589 τὰς
1524 3522 1767 3591 νηστείας
1820 3520 2007 3602 ἐγκραο

343 3613 648 3692 τευόμενοι,
702 3615 833 3694 πρὸς
891 3613 947 3672 δέ
1053 3616 1143 3672 καὶ
1225 3617 1274 3671 οἱ
1370 3614 1509 3671 κατὰ
1589 3614 1683 3677 τὰς
1752 3610 2004 3691 τετράδας

342 3705 432 3761 καὶ
476 3705 813 3785 παρασκευὰς
887 3702 1328 3786 ξηροφαγοῶτες,
1389 3703 1864 3784 ἐκχωρηθήσονται
1921 3699 2005 3758 διὰ

344 3790 589 3873 δευτέρας
671 3793 936 3875 τραπέζης
1020 3797 1335 3873 θεραπεῦσαι
1418 3793 1519 3861 τὴν
1601 3799 1695 3851 τοῦ
1754 3792 2002 3869 σώματος

341 3881 566 3965 ἔνδειαν,
598 3883 634 3953 ἢ
664 3885 724 3942 οὔ
755 3904 773 3967 ς

424 3971 618 4037 Ἀπύκ,
666 3974 852 4053 Κυρίος
881 3975 918 4044 ἡ
951 3972 1252 4054 ἐγκράτεια,
1327 3971 1546 4040 νηστεία
1586 3969 1725 4028 ἐστίν
1759 3986 1773 4001 °
1807 3967 1888 4026 ὅτι
1916 3968 2005 4026 καὶ

345 4062 694 4139 παθοκτόνος,
769 4064 864 4121 οὒκ
931 4062 1364 4143 ἀνθρωποκτόνος
1425 4059 1695 4119 καλεῖται.
1770 4061 1830 4118 Εἰ
1882 4065 2006 4143 γοῦν

2171 3523 2394 3587 lnlerr.
2430 3524 2529 3589 54.
2564 3522 2677 3597 Qui
2709 3523 2802 3586 his
2845 3522 3099 3606 jejuniis
3129 3524 3511 3588 continenter
3538 3534 3743 3608 agunt,

2090 3611 2296 3675 adhazc
2319 3620 2377 3675 et
2396 3612 2613 3675 diebus
2637 3613 2915 3676 Mercurii
2942 3620 3001 3676 et
3019 3614 3271 3678 Veneris
3292 3613 3477 3677 aridis
3499 3634 3746 3678 vescun-

2088 3708 2205 3777 tur,
2236 3700 2510 3764 sinentur
2532 3720 2637 3781 per
2658 3702 3074 3764 secundat-iam
3098 3720 3364 3765 mensam
3389 3722 3597 3767 curare
3617 3721 3747 3771 cor-

2087 3789 2252 3871 poris
2279 3789 2692 3872 indigentiam,
2723 3809 2920 3853 annon
2942 3790 2973 3853 ‘3

2170 3970 2342 4051 Resp.
2394 3968 2645 4050 Proprie
2674 3968 3063 4040 continentia,
3093 3968 3393 4051 jejunium
3446 3978 3574 4049 est;
3609 3973 3747 4056 quia

2089 4067 2148 4122 et
2176 4059 2532 4135 aﬂecticida,
2569 4078 2687 4120 non
2719 4058 3019 4121 homicida
3045 4067 3306 4136 vocatur,
3345 4056 3406 4124 Si
3450 4079 3614 4140 ergo,
3644 4064 3746 4144 qui

344 4153 391 4208 οἱ
455 4150 916 4233 ἐγκρατευόμενοι,
976 4141 1061 4209 διά
1130 4152 1378 4210 συστάσιν
1449 4158 1541 4208 τοῦ
1597 4149 1847 4226 σώματος
1919 4141 2006 4205 καὶ

2108 4149 2471 4211 :ontinenter
2523 4147 2745 4225 vivunt,
2801 4148 2875 4210 ad
2939 4147 3205 4230 corporis
3253 4141 3745 4216 sustentationem

341 4239 581 4321 δευτέρας
657 4242 925 4322 τραπέζης
1008 4240 1291 4318 δεηθῶσιν,
1405 4245 1466 4301 οὗ
1561 4238 2009 4320 προκριματισθή·

2108 4238 2442 4300 =ecundaria
2494 4256 2698 4299 mensa
2756 4236 3083 4317 indigeant,
3154 4239 3566 4321 praejudicium
3626 4261 3745 4305 non

340 4352 541 4390 σονται.
607 4331 825 4398 Πάντως
883 4333 983 4413 γὰρ
1039 4333 1129 4389 καὶ
1184 4332 1328 4392 αὐτοὶ
1384 4331 1483 4399 τὴν
1542 4330 1840 4410 ὁλοήμερον
1911 4330 2007 4387 οὒκ

2108 4329 2410 4426 iatientur.
2436 4327 2582 4426 Nam
2610 4346 2717 4426 nec
2742 4327 2802 4389 hi
2829 4335 2947 4426 tota
2993 4327 3091 4393 die
3124 4329 3555 4426 continentiam
3588 4331 3744 4426 inta-

337 4419 683 4496 ἀτιμάσουσιν
771 4421 1102 4501 ἐγκράτειαν,
1174 4420 1264 4481 διὰ
1361 4420 1641 4499 ἐσπερινῆς
1725 4416 1999 4499 ἀκρασίκς.

2108 4416 2333 4479 nabunt
2358 4436 2465 4499 per
2494 4417 2988 4480 incontinentiam
3022 4427 3369 4481 nocturnam
3400 4430 3448 4483 ιι.
3484 4419 3548 4482 Id
3580 4421 3742 4484 enim

341 4516 512 4568 Τοῦτο
545 4509 608 4567 δὰ
630 4512 977 4588 ποιήσαντες,
1019 4510 1520 4587 ἐπιτιμηθησονται.

2108 4507 2144 4568 si
2175 4506 2449 4580 fecerint,
2486 4506 2945 4569 cocrcehuntur.

430 4594 623 4679 Ἐρώτ.
683 4590 785 4664 νε’,
862 4600 1009 4659 Κατὰ
1078 4600 1178 4668 τὴν
1247 4598 1563 4681 παραμονὴν
1621 4603 1720 4666 τῆς
1801 4596 1862 4653 ἐκ
1915 4617 2005 4653 νε-

2168 4596 2401 4660 lnlerr.
2447 4596 2545 4661 55.
2613 4599 2675 4660 1n
2735 4599 3146 4678 expectatione
3203 4597 3665 4662 resurrectionis
3711 4619 3746 4662 a

344 4691 485 4766 κρῶν
528 4687 785 4769 ἐγέρσεως
842 4696 936 4747 τοῦ
1005 4687 1205 4746 δικαίου
1262 4691 1526 4771 Λαζάρου,
1583 4689 1672 4746 καὶ
1729 4687 1866 4745 κατὰ
1908 4686 2009 4754 τὴν

2108 4686 2347 4749 mortuis
2371 4686 2516 4768 justi
2550 4685 2774 4749 Lazari.
2810 4694 2867 4748 et
2915 4687 2974 4748 in
3019 4686 3167 4747 festo
3199 4686 3552 4750 Sanctorum
3579 4687 3740 4762 Qua-

346 4776 534 4856 ἑορτὴν
576 4784 686 4834 τῶν
753 4777 929 4856 Ᾱγίων
984 4778 1412 4859 Τεσσαράκοντα,
1468 4775 1750 4859 ἀκινδύνως
1800 4772 2007 4831 τελειαν

2108 4773 2385 4856 lraginta.
2420 4775 2548 4836 sine
2575 4774 2839 4856 periculo
2860 4774 3219 4837 sacriﬁcium
3244 4775 3532 4857 quispiam
3554 4779 3746 4858 perfe-

345 4865 635 4945 ἱερουργίαν
726 4868 1056 4948 ἱερουργήσει
1137 4857 1245 4948 τις,
1300 4866 1338 4936 ἢ
1397 4865 1507 4949 οὖ;
1593 4857 1864 4928 Ὡσαύτως
1921 4865 2009 4920 καὶ

2108 4873 2253 4925 :tum
2289 4862 2638 4939 celebrabit,
2698 4864 2947 4927 annon?
2979 4865 3208 4929 Pariter
3268 4874 3322 4925 ct
3377 4874 3494 4926 tota
3542 4857 3745 4930 sancta

343 4955 482 5012 κατὰ
521 4956 622 5024 τὴν
679 4955 813 5023 ὃλην
868 4958 1021 5037 ἁγίαν
1080 4957 1520 5037 Τεσσαρακοστὴν
1578 4954 1747 5021 ἔξεστι
1810 4952 2004 5030 βαπτί-

2108 4952 2484 5032 Quadragena
2543 4953 2681 5015 licet
2754 4952 3073 5036 baptizare,
3139 4961 3238 5016 aut
3295 4954 3744 5020 benedictiones

340 5050 471 5118 ζειν,
552 5043 588 5114 ἢ
673 5044 967 5126 ἱερολογίας
1038 5045 1230 5126 γάμων
1295 5047 1383 5104 καὶ
1440 5050 1741 5124 μνηστειῶν
1800 5055 2000 5117 ποιεῖν,

2108 5041 2425 5125 nuptiarum
2462 5041 3012 5125 sponsalicrumque
3039 5044 3259 5120 facere,
3291 5061 3490 5107 annon
3516 5045 3542 5106 ’ἰ

340 5130 519 5214 ἢοῧς

424 5213 617 5285 Ἀπόκ.
654 5214 745 5282 ’Πν
785 5213 797 5233 ’
822 5224 997 5281 κανὼν
1022 5229 1122 5294 τῆς
1164 5224 1217 5283 ἐν
1247 5232 1324 5302 τῷ
1352 5224 1600 5305 Τρούλλῳ
1635 5223 1729 5283 τοῦ
1757 5216 1996 5301 μεγάλου

2158 5220 2336 5303 Resp.
2366 5218 2907 5304 Quinquagesimus
2920 5222 3220 5285 secundus
3234 5241 3420 5286 canon
3439 5232 3656 5289 sanctae
3685 5233 3744 5290 et

1669 5382 1932 5457 VARIIE
1971 5386 2413 5456 LECTIONES.

425 5525 492 5579 50
516 5525 944 5604 διακαινησίμου.

430 5660 453 5754 μ
485 5661 771 5754 Angusto.
786 5672 1015 5754 laenae,
1041 5662 1350 5754 ieiunium
1368 5667 1641 5754 servaret
1662 5682 1683 5725 :
1705 5673 1744 5704 ι·
1763 5678 1874 5725 seu
1895 5679 1933 5726 ο
1954 5660 2315 5754 municipali
2332 5662 2875 5754 quodumdecretq.
2912 5677 2939 5709 ιι
2963 5664 3229 5754 Omnino
3247 5672 3444 5730 tamen
3477 5678 3591 5729 nec
3617 5664 3739 5754 ipsi

348 5745 479 5808 tota
504 5741 608 5806 die
632 5742 1059 5807 continuatam
1075 5745 1574 5828 temperantiam,
1600 5759 1713 5828 per
1738 5743 2148 5827 vespertinam
2179 5741 2725 5826 intemperantiam
2750 5743 3204 5826 deformabunt.
