4128 6424
378 333 533 401 1083

1735 339 1768 400 Ι
1774 337 1868 400 US
1913 329 2363 398 CANONICUM

3617 329 3769 397 1084

369 467 761 531 mcumenicaa
805 467 1038 550 synodi,
1072 469 1132 531 in
1174 468 1376 532 Trullo
1410 469 1617 547 magni
1649 467 1846 548 palatii
1869 485 2052 530 COD-4

2147 467 2363 528 αλατίου
2444 469 2706 536 συστάσης
2764 468 2916 547 ἁγίας
2977 467 3062 524 καὶ
3114 468 3490 542 οἷκουμενικῆς
3524 463 3770 546 συνόδου,

372 563 659 638 gregatae,
713 557 840 620 haec
880 557 1002 620 ait:
1033 556 1100 619 In
1131 557 1408 620 omnibus
1439 565 1663 620 sanctae
1687 557 2033 639 Quadrage-

381 647 550 710 simae
599 647 814 728 jejunii
864 646 1100 722 diebus,
1165 655 1381 728 praeter
1435 667 1609 729 quam
1662 647 1942 723 Sabbato,
1976 654 2038 710 et

387 736 727 818 Dominico,
752 745 810 800 et
825 745 1027 799 sancto
1052 736 1536 800 Annuntiationis
1556 737 2036 812 die,ﬁatsacrum

388 827 1011 908 praesanctiﬁcatorum
1092 826 1512 888 ministerium.
1574 826 1646 888 Et
1700 827 1777 891 49
1847 845 2038 889 canon

384 916 734 980 Laodicenae
759 917 966 998 synodi
995 919 1121 980 haec
1139 917 1404 980 enuntiat
1436 935 1450 980 :
1485 916 1651 990 Quod
1669 936 1785 978 non
1808 924 2040 998 oportet

383 1007 444 1068 in
477 1006 942 1088 Quadragesima
986 1025 1198 1088 panem
1251 1009 1485 1082 oﬁ‘erre,
1519 1006 1636 1068 nisi
1667 1004 1947 1086 Sabbato,
1983 1013 2041 1068 et

383 1095 527 1157 solis
583 1094 934 1163 Dominicis.
999 1104 1058 1158 et
1113 1099 1180 1160 51
1245 1115 1438 1159 canon
1501 1095 1770 1176 ejusdem
1829 1094 2039 1176 synodi

384 1186 614 1267 inquit:
657 1185 824 1258 Quod
887 1205 1007 1248 non
1038 1194 1268 1267 oportet
1297 1187 1356 1247 in
1390 1186 1852 1264 Quadragesima
1885 1202 2038 1246 mar-

388 1283 578 1355 tyrum
612 1275 838 1338 natales
871 1293 1181 1356 peragere,
1215 1275 1318 1338 sed
1345 1283 1685 1337 sanctorum
1717 1281 2038 1354 martyrum

388 1363 585 1425 facere
615 1364 1217 1426 commemorationes
1234 1363 1292 1426 in
1316 1363 1588 1428 Sabbatis
1609 1372 1665 1425 et
1691 1363 2039 1438 Dominicis,

390 1452 463 1514 Et
485 1451 562 1513 52
584 1452 698 1514 ait:
738 1452 902 1526 Quod
928 1473 1044 1515 non
1078 1461 1314 1534 oportet
1343 1454 1403 1514 in
1448 1453 1910 1532 Quadragesima
1939 1473 2040 1513 nu-

393 1543 568 1623 ptias,
600 1542 688 1604 vel
722 1543 985 1604 natalitia
1032 1543 1362 1606 celebrare.
1414 1543 1692 1622 Ejusdem
1725 1542 1933 1622 synodi
1972 1543 2049 1605 45

395 1635 810 1714 complectitur
844 1651 856 1693 :
885 1633 1050 1707 Quod
1087 1655 1204 1696 non
1228 1644 1461 1716 oportet
1487 1643 1616 1714 post
1647 1634 1792 1695 duas
1811 1634 2044 1696 hebdo-

396 1723 600 1784 madas
631 1723 1105 1801 Quadragesimze
1158 1724 1228 1784 ad
1264 1724 1756 1786 illuminationem
1789 1723 2044 1787 admitti.

395 1812 508 1885 Qui
541 1813 722 1891 igitur
771 1820 977 1874 contra
1037 1815 1244 1875 horum
1300 1822 1566 1875 tenorem
1602 1814 1821 1874 faciunt
1855 1811 2045 1894 bapti-

395 1912 606 1975 smata,
640 1904 728 1964 vel
763 1902 1056 1983 nuptiales
1114 1903 1562 1965 benedictiones
1614 1903 1673 1964 in
1702 1911 1819 1964 tota
1847 1911 2048 1964 sancta

399 2010 611 2072 magna
641 1991 1046 2072 Quadragena,
1105 1993 1192 2053 vel
1247 1993 1532 2074 perfectas
1563 1993 1788 2054 hostias
1818 1992 2049 2054 sacriﬁ-

397 2089 624 2158 cantes,
647 2091 897 2162 excepto
950 2083 1076 2144 solo
1099 2081 1379 2163 Sabbato,
1419 2095 1477 2143 et
1502 2081 1597 2144 die
1627 2081 1961 2158 Dominico,
1993 2089 2051 2143 et

399 2171 899 2250 evangelizatione
930 2171 2052 2254 P,injusteagunt,etgravibusemenda-

401 2260 624 2322 buntur
655 2262 870 2342 pcenis.
908 2262 1064 2342 quod
1097 2281 1165 2324 ea
1195 2261 1624 2334 commiserint,
1660 2281 1788 2341 qua;
1821 2262 2048 2323 veniam

399 2370 518 2411 non
554 2360 885 2416 merentur.
921 2351 1259 2414 Canonibus
1307 2369 1451 2412 sane
1503 2350 1810 2412 deﬁnitum
1845 2359 1957 2422 est,
1989 2351 2050 2413 in

400 2458 618 2516 magno
671 2440 924 2504 Sabbato
986 2441 1340 2520 baptismata
1394 2440 1523 2502 ﬁeri
1599 2440 1765 2513 Quod
1816 2441 1864 2502 si
1920 2442 2052 2502 vita;

399 2530 592 2594 exitus
649 2539 856 2612 urgeat
933 2531 1118 2592 divini
1191 2530 1561 2612 baptismatis
1635 2531 2049 2608 initiationem,

401 2619 700 2681 lavacrum
727 2619 1128 2695 exhibebitur,
1153 2620 1330 2682 etiam
1359 2619 1474 2683 alio
1498 2621 1594 2683 die
1625 2620 2051 2701 Quadragenaa.

401 2707 546 2770 Nam
577 2717 634 2771 et
665 2709 760 2783 iis,
783 2709 883 2791 qui
915 2709 986 2772 ad
1015 2719 1344 2772 extremum
1373 2719 1728 2772 coercentur
1755 2723 1803 2785 ιι,
1839 2725 1895 2773 et
1920 2730 2057 2794 per-

405 2804 581 2878 petua
633 2800 1251 2863 excommunicatione
1309 2803 1568 2862 damnati
1627 2809 1788 2881 sunt,
1854 2803 2059 2864 mortis

406 2886 722 2949 auxiliatur
748 2888 1128 2967 mysterium,
1162 2889 1234 2951 ad
1267 2898 1605 2952 sanctorum
1643 2889 2052 2972 mysteriorum

408 2975 944 3058 participationem.

483 3065 705 3130 Interr.
743 3068 840 3128 56.
877 3067 1018 3130 Sine
1041 3067 1302 3149 periculo
1328 3069 1474 3130 ﬁunt
1495 3068 1900 3131 ordinationes
1918 3069 2049 3132 sub-

405 3153 816 3231 diaconorum,
847 3143 1256 3232 diaconorum,
1291 3159 1689 3233 sacerdotum,
1727 3167 1785 3218 et
1816 3159 2056 3239 pontiﬁ-
2076 3143 2116 3194 C

407 3263 540 3306 cum
576 3247 636 3306 in
663 3254 865 3308 sancta
897 3254 958 3310 et
988 3266 1196 3328 magna
1229 3249 1638 3330 Quadragena,
1665 3267 1862 3310 annon
1887 3248 1918 3309 ?

490 3424 664 3506 Resp.
693 3428 1030 3490 Canonibus
1060 3436 1339 3490 statutum
1365 3436 1454 3490 est
1494 3428 1582 3510 (ut
1606 3428 1880 3509 superius
1899 3427 2058 3490 dixi-

409 3518 571 3586 mus)
596 3535 672 3578 ne
721 3519 977 3598 perfecta
1033 3517 1386 3580 sacriﬁcatio
1433 3518 1534 3579 ﬁat
1566 3527 1688 3581 toto
1719 3519 1798 3582 40
1827 3517 2056 3579 dierum

398 3603 660 3685 jejunio,
695 3607 959 3687 exceptis
1009 3607 1152 3668 solis
1209 3606 1502 3681 Sabbatis,
1540 3616 1596 3668 et
1627 3606 1972 3682 Dominicis,
2003 3614 2062 3670 et

403 3693 555 3756 festo
587 3694 1135 3774 Evangelizationis.
1185 3696 1293 3760 His
1323 3697 1524 3776 itaque
1555 3695 1784 3767 diebus,
1821 3695 2057 3778 quando

411 3785 656 3865 mystica
679 3793 1025 3849 consecrata
1046 3785 1279 3848 victima
1304 3785 1628 3867 perﬁcitur,
1654 3786 2059 3847 ordinationes

410 3873 558 3936 citra
591 3874 775 3937 ullum
810 3877 1039 3938 crimen
1073 3877 1220 3938 ﬁunt
1250 3898 1262 3934 :
1299 3874 1526 3937 caeteris
1548 3885 1745 3938 autem
1767 3876 2064 3956 jejunato—

407 3962 515 4024 riis
545 3963 782 4042 diebus,
817 3965 1056 4046 quando
1109 3965 1371 4046 perfecta
1422 3965 1774 4027 sacriﬁcatio
1825 3985 1942 4026 non
1975 3965 2060 4040 ﬁt,

410 4070 524 4115 nec
553 4053 847 4116 ordinatio
870 4055 1049 4117 ullius
1086 4073 1318 4127 eorum,
1372 4053 1471 4133 qui
1501 4053 1670 4115 altari
1703 4054 2061 4134 ministrant,

413 4142 716 4223 multoque
737 4142 932 4204 minus
952 4142 1306 4224 episcopalis
1331 4141 1694 4222 perﬁcietur.
1722 4141 2028 4205 Ordinatio
2052 4145 2070 4170 '

2117 558 2282 616 ταῦτά
2323 579 2485 638 φησιν
2521 577 2534 591 ”
2591 556 2680 616 Ἐν
2723 557 2920 621 πάσαις
2949 556 3075 623 ταῖς
3117 562 3217 625 τῆς
3288 556 3440 635 ἁγίας
3499 565 3774 635 Τέσσαρα-

2117 649 2316 715 κοστῆς
2371 653 2479 704 τῶν
2531 652 2789 714 νηστειῶν
2844 646 3092 728 ἡμέραις,
3151 643 3313 726 παρὲξ
3356 642 3632 702 Σαϐϐάτου
3686 645 3777 702 καὶ

2124 737 2412 818 Κυριακῆς,
2459 738 2548 794 καὶ
2592 742 2690 804 τῆς
2734 737 2886 816 ἁγίας
2943 744 3036 794 τοῦ
3089 734 3490 814 Εὔαγγελισμοῦ
3545 733 3772 814 ἡμέρας,

2120 829 2155 896 ἡ
2226 829 2332 884 τῶν
2405 828 2854 906 προηγιασμένων
2934 829 3086 906 ἱερῶν
3171 824 3469 905 λειτουργία
3523 822 3770 903 γινέσθω.

2125 917 2221 975 Καὶ
2265 920 2292 974 ὁ
2324 906 2537 994 μθ’τῆς
2598 917 2652 974 έν
2710 914 2988 990 Λαοδικείᾳ
3045 914 3259 974 συνόδου
3316 922 3481 973 ταῦτα
3511 911 3775 993 διέξεισιν,

2121 1005 2201 1062 ὅτι
2233 1006 2306 1065 Οὒ
2357 1004 2441 1063 δεῖ
2511 1014 2579 1084 τῇ
2633 1013 3045 1086 Τεσσαρακοστῇ
3104 1004 3260 1085 ἄρτον
3330 1003 3668 1086 προσφέρειν,
3735 1004 3781 1058 εἷ

2121 1097 2198 1172 μὴ
2269 1095 2322 1152 ἐν
2368 1080 2625 1170 Σαϐϐάτῳ
2679 1099 2767 1154 καὶ
2810 1080 3056 1174 ’Κυριακῇ
3087 1080 3274 1172 μόνον,
3339 1080 3436 1152 Κάὶ
3482 1080 3779 1150 ’δῖναῐχα-

2121 1188 2223 1243 νὼν
2253 1187 2352 1253 τῆς
2383 1187 2544 1254 αὐτῆς
2573 1183 2787 1243 συνόδου
2812 1187 2993 1266 φησὶν,
3027 1184 3108 1241 ὅτι
3138 1184 3211 1242 Οὒ
3255 1182 3340 1240 δεῖ
3381 1191 3450 1261 τῇ
3503 1192 3778 1260 Τεσσαρα-

2121 1282 2291 1353 κοστῇ
2363 1277 2636 1355 μαρτύρων
2712 1274 2949 1354 γένέθλία
3020 1273 3228 1347 τελεῖν,
3306 1271 3444 1330 ἀλλὰ
3504 1273 3598 1337 τὰς
3673 1279 3779 1328 τῶν

2125 1365 2287 1444 ἁγίων
2358 1366 2632 1445 μαρτύρων
2703 1367 2918 1442 μνήμας
2975 1365 3155 1445 ποιεῖν
3234 1363 3288 1420 ἐν
3359 1376 3476 1426 τοῖς
3546 1360 3781 1420 Σάϐϐασι

2128 1443 2216 1512 καὶ
2243 1469 2365 1518 ταῖς
2403 1443 2717 1534 Κυριακατς.
2754 1457 2852 1514 Καὶ
2895 1457 2923 1512 δ
2951 1443 3036 1531 νβ’
3062 1451 3232 1532 λέγει,
3287 1451 3368 1508 ὅτι
3398 1455 3471 1511 Οῦ
3498 1449 3593 1534 δεῖ,
3623 1451 3676 1509 ἐν

2129 1529 2536 1622 Τεσσαρακοστῇ
2583 1545 2784 1623 γάμους
2830 1543 2866 1612 ἢ
2910 1529 3150 1622 γενέθλια
3221 1540 3510 1603 ἐπιτελεῖν,
3580 1532 3638 1599 Ὀ
3695 1529 3789 1618 με’

2129 1638 2228 1700 τῆς
2260 1632 2420 1702 αὐτῆς
2464 1632 2678 1690 συνόδου
2739 1631 3083 1708 διαλαμϐάνει
3141 1632 3222 1690 ὅτι
3267 1635 3326 1690 οὗ
3381 1628 3466 1687 δεῖ
3510 1632 3644 1706 μετὰ
3698 1629 3788 1687 δύο

2133 1720 2420 1798 ἑϐδομάδας
2478 1728 2575 1790 τῆς
2645 1727 3080 1802 Τεσσαρακοστῆς
3146 1720 3391 1802 δέχεσθαι
3446 1721 3520 1784 εἷς
3576 1723 3638 1777 τὸ
3666 1720 3788 1801 φώ-

2132 1835 2317 1888 τισμα.
2353 1814 2412 1871 Οἱ
2453 1821 2578 1892 γοῦν
2633 1823 2905 1877 ποιοῦντες
2963 1813 3105 1892 παρὰ
3155 1812 3252 1879 τὴν
3307 1811 3508 1868 τούτων
3564 1809 3786 1890 περίληο

2134 1909 2226 1979 ψιν
2256 1903 2618 1984 βαπτίσματα,
2676 1903 2712 1972 ἢ
2770 1901 3061 1982 ἱερολογίας
3106 1901 3364 1980 γαμικᾶς,
3425 1898 3494 1956 δι’
3523 1899 3655 1967 ὅλης
3685 1905 3787 1966 τῆς

2131 1993 2284 2072 ἁγίας
2370 1991 2610 2071 μεγάλης
2698 1997 3160 2071 Τεσσαρακοστῆς,
3232 1991 3268 2058 ἢ
3351 1987 3554 2054 τελείας
3611 1991 3789 2053 θυσίας

2131 2086 2536 2164 ἱερουργοῦντες,
2599 2080 2721 2139 ἄνευ
2795 2083 2958 2159 μόνου
3014 2088 3107 2138 τοῦ
3178 2076 3452 2136 Σαϐϐάτου
3532 2080 3622 2136 καὶ
3689 2084 3789 2146 τῆς

2135 2173 2394 2250 Κυριακῆς
2424 2185 2524 2230 κατ
2549 2180 2642 2229 τοῦ
2668 2170 3090 2251 Εὒαγγελισμοῦ,
3143 2174 3531 2248 παρανομοῦσι,
3593 2167 3678 2224 καὶ
3714 2166 3780 2224 δι’

2134 2262 2412 2338 ἐπιτιμίων
2485 2260 2734 2340 μεγάλων
2794 2259 3257 2341 διορθωθήσονται,
3316 2260 3388 2324 ὡς
3445 2257 3791 2337 ἀσύγγνωστα

2133 2351 2628 2428 πλεμμελήσαντες.
2715 2352 2862 2410 Κατᾶ
2932 2349 3111 2426 μέντοι
3186 2351 3247 2405 τὸ
3324 2347 3463 2426 μέγα
3518 2345 3790 2404 Σάϐϐατον

2134 2442 2497 2498 κεκανόνισται
2569 2442 2634 2498 τὰ
2702 2442 3041 2518 βαπτίσματα
3112 2439 3364 2516 γίνεσθαι,
3423 2439 3482 2494 Εἰ
3539 2435 3596 2494 δὲ
3652 2459 3790 2494 κατ-

2137 2533 2331 2612 επείγει
2389 2534 2486 2599 τὴν
2538 2538 2630 2588 τοῦ
2684 2532 2818 2588 θείου
2890 2529 3254 2606 βαπτίσματος
3332 2523 3553 2594 τελετὴν
3607 2529 3643 2596 ἡ
3701 2536 3795 2587 τοῦ

2136 2621 2250 2698 βίου
2282 2621 2624 2697 μετάστασις,
2667 2621 2946 2699 γενήσεται
3016 2619 3290 2695 βάπτισμα
3346 2617 3436 2672 καὶ
3507 2614 3620 2674 καθ’
3665 2617 3789 2674 ἑτέ-

2139 2733 2232 2790 ραν
2275 2711 2476 2790 ἡμέραν
2503 2714 2602 2779 τῆς
2658 2713 3095 2790 Τεσσαρακοστῆς
3133 2727 3148 2742 ’
3197 2706 3277 2762 ὅτι
3333 2707 3422 2762 καὶ
3478 2718 3596 2769 τοῖς
3626 2705 3796 2787 ἐσχά-

2140 2823 2243 2866 τως
2280 2800 2643 2877 ὲπιτιμηθεϊσι
2712 2800 2800 2855 καὶ
2853 2796 3206 2870 ἁκοινωνησίᾳ
3253 2799 3615 2874 κατακριθετσι
3658 2818 3793 2852 παν-

2139 2894 2290 2947 τελεῖ
2330 2892 2390 2946 τὸ
2419 2897 2510 2947 τοῦ
2537 2890 2758 2948 θανάτου
2789 2889 3074 2967 μυστήριον
3129 2887 3320 2964 βοηθεῖ
3357 2887 3486 2964 πρὸς
3540 2888 3640 2954 τὴν
3683 2893 3793 2945 τῶν

2140 2979 2302 3058 ἁγίων
2327 2980 2624 3058 μυστηρίων
2655 2977 2980 3054 μετάληψιν.

2219 3067 2412 3148 Ἐρώτ,
2499 3057 2632 3143 ’,
2723 3065 3029 3132 Ἀκινδύνως
3149 3066 3379 3145 γίνονται
3472 3065 3788 3146 χειροτονίαι

2141 3162 2275 3217 κατὰ
2320 3160 2420 3228 τὴν
2466 3159 2618 3237 ἁγίαν
2697 3159 2782 3214 καὶ
2872 3154 3114 3235 μεγάλην
3185 3155 3623 3235 Τεσσαρακοστὴν
3678 3160 3783 3210 τῶν

2138 3247 2523 3324 ὑποδιακόνων,
2581 3254 2688 3304 τῶν
2758 3244 3040 3321 διακόνων,
3129 3251 3234 3302 τῶν
3322 3244 3506 3325 ἱερέων
3562 3245 3650 3301 καὶ
3687 3250 3790 3300 τῶν

2140 3339 2460 3419 ἀρχιεράων,
2491 3339 2527 3406 ἢ
2558 3339 2615 3394 οὔ
2643 3355 2658 3409 ;

2223 3427 2413 3491 Ἀπόκ.
2478 3427 2851 3486 Κεκανόνισται
2907 3427 3098 3500 (καθὼς
3154 3425 3347 3481 Ξίνωθεν
3420 3421 3657 3504 εἴρηται)
3719 3423 3800 3500 μὴ

2142 3518 2369 3597 γίνεσθαι
2439 3515 2642 3574 τελείαν
2699 3514 3074 3595 ἱεροτελεστίαν
3133 3511 3200 3571 δι’
3258 3512 3390 3580 ὃλης
3446 3517 3544 3580 τῆς
3597 3534 3800 3569 τεσσα-

2147 3606 2538 3688 ρακονθημέρου
2592 3605 2859 3685 νηστείας,
2919 3603 3041 3662 ἄνευ
3113 3605 3288 3681 μόνων
3348 3609 3452 3659 τῶν
3511 3599 3804 3659 Σαϐϐάτων

2140 3700 2227 3755 καὶ
2256 3704 2359 3754 τῶν
2401 3697 2689 3776 Κυριακῶν,
2726 3696 2814 3751 καὶ
2856 3700 2955 3762 τῆς
3000 3696 3188 3774 ἑορτῆς
3236 3699 3330 3750 τοῦ
3376 3691 3800 3770 Εὐαγγελισμοῦ,

2147 3789 2240 3844 Διὸ
2268 3788 2404 3844 κατὰ
2463 3786 2558 3861 μὲν
2616 3785 2710 3847 τὰς
2753 3783 2958 3864 ἡμέρας
3028 3783 3245 3855 ταύτας,
3292 3781 3380 3838 ὅτε
3425 3783 3512 3838 καὶ
3570 3781 3802 3857 μυστική

2143 3879 2530 3955 τετελειωμένη
2581 3878 2728 3934 θυσία
2785 3875 3051 3950 τελεῖται,
3113 3875 3431 3952 γενήσονται
3485 3873 3807 3952 χειροτονίαι

2145 3971 2282 4029 κατὰ
2307 3971 2369 4026 τὸ
2426 3969 2600 4033 πάντη
2659 3966 3042 4045 ἆκρεμάτιστον
3078 3984 3096 4002 ο
3169 3963 3224 4019 ἐν
3279 3960 3335 4018 δὲ
3387 3975 3510 4027 ταῖς
3579 3960 3802 4027 λοιπαῖς

2148 4057 2424 4134 νηστίμοις
2493 4054 2738 4133 ἡμέραις,
2813 4053 2900 4110 ὅτε
2948 4053 3122 4110 τελεία
3165 4049 3515 4131 ἱεροτελεστία
3565 4051 3625 4106 οὗ
3651 4049 3803 4128 γίνε-

2150 4171 2259 4219 ται,
2320 4144 2433 4202 οὐδὲ
2465 4144 2768 4224 χειροτονία
2809 4145 2950 4209 τινὸς
3003 4150 3108 4201 τῶν
3159 4149 3251 4199 τοῦ
3301 4142 3567 4218 βήματος,
3617 4139 3805 4214 πολλῷ

2499 3069 2632 3143 νς,

413 4230 574 4292 enim
605 4239 696 4294 est
725 4231 947 4313 publici
999 4240 1322 4294 conventus
1371 4239 1626 4312 tempus,
1681 4240 1742 4293 et
1769 4232 2052 4312 gloriﬁca-

2150 4235 2204 4292 δὲ
2234 4235 2397 4293 πλέον
2455 4233 2778 4302 ἐπισκοπικὴ
2841 4232 3239 4303 τελεσθήσεται,
3294 4232 3393 4289 Καὶ
3432 4232 3466 4298 ἡ
3500 4229 3804 4310 χειροτονία

411 4320 592 4381 tionis
654 4323 781 4400 Dei,
857 4321 1051 4402 dignis
1130 4320 1424 4401 elargiens
1506 4321 1803 4403 spiritales
1877 4322 2068 4402 digni-

415 4417 564 4472 tates

495 4499 731 4566 [πίει-ν.
763 4503 863 4565 57.
897 4501 1116 4576 Quaain
1152 4499 1377 4564 sanctis
1407 4499 1509 4562 Dei
1543 4501 1822 4563 Ecclesiis
1852 4499 1925 4563 ab
1953 4500 2064 4562 ali-

413 4589 627 4672 quibus
685 4592 1015 4654 oﬂ'eruntur
1070 4611 1168 4655 res
1219 4590 1688 4672 qualescunque,
1746 4592 1837 4654 vel
1887 4589 2064 4651 etiam

413 4680 634 4755 edulia,
675 4681 750 4742 ad
809 4682 928 4744 ullo
982 4682 1354 4763 accipientur
1396 4690 1437 4758 ⁸,
1468 4690 1526 4742 et
1570 4701 1776 4751 eorum
1832 4680 2064 4742 tribue-

416 4777 510 4831 tur
538 4770 828 4834 licentia?
877 4771 1017 4835 Ilem
1053 4791 1203 4853 quae,
1259 4781 1318 4835 et
1363 4771 1559 4856 qualia
1590 4779 1727 4832 sunt
1757 4768 2064 4844 canonica,

2089 4461 2131 4511 D

2151 4327 2249 4404 γὰρ
2312 4321 2656 4403 πανηγύρεώς
2716 4327 2829 4380 ἔστι
2885 4325 3088 4403 καιρὸς,
3142 4322 3231 4378 καὶ
3285 4318 3584 4398 δοξολογίας
3643 4327 3799 4394 Θεοῦ,

2150 4428 2267 4479 τοῖς
2299 4413 2458 4481 ἀξίοις
2503 4413 2832 4494 χαριζομένη
2862 4411 3190 4488 πνευματικὰ
3219 4407 3520 4485 ἀξιώματα.

2231 4502 2422 4584 Ἐρώτ.
2477 4497 2590 4579 νς“
2631 4505 2706 4562 Τὰ
2763 4502 2817 4558 ἐν
2877 4502 3004 4565 ταῖς
3062 4501 3237 4578 ἁγίαις
3278 4505 3372 4556 τοῦ
3451 4504 3585 4556 Θεοῦ
3667 4494 3802 4555 Ἐκ-

2149 4591 2393 4660 χλησῖαις
2467 4594 2610 4674 παρά
2666 4614 2820 4648 τινων
2877 4589 3274 4670 προσφερόμενα
3316 4584 3588 4657 οἰαδήτινα
3659 4587 3802 4665 πρά-

2149 4703 2349 4760 γματα,
2383 4681 2419 4750 ἢ
2466 4685 2552 4740 καὶ
2599 4681 2830 4762 τρωκτὰ,
2903 4679 3044 4757 παρὰ
3101 4677 3238 4742 τίνος
3296 4675 3650 4756 δέχθήσονται
3709 4677 3802 4731 καὶ

2150 4769 2686 4852 ἐξουσιασθήσονταις
2761 4769 2858 4828 Καὶ
2901 4768 3038 4842 τίνα,
3085 4767 3174 4822 καὶ
3226 4765 3361 4822 ποτά
3417 4765 3516 4821 εἶσι
3558 4765 3625 4820 τὰ
3667 4762 3802 4830 ἐτη-

415 4878 550 4938 quaz
579 4861 988 4925 sacerdotibus
1037 4871 1095 4924 et
1125 4855 1504 4945 pontiﬁcibus
1545 4859 1865 4944 quotannis
1917 4859 2052 4922 dan-

2153 4860 2278 4925 σίως
2309 4858 2553 4938 διδόμενα
2606 4873 2722 4925 τοϊς
2787 4861 3002 4939 ἱερεῦσι,
3061 4857 3149 4913 καί
3217 4855 3522 4936 ἀρχιερεῦσι
3579 4875 3800 4911 κανονι-

419 4957 513 5010 tur
536 4953 564 5009 ?

501 5039 673 5120 Resp.
734 5044 926 5105 Aurea
987 5041 1229 5124 quidem
1287 5051 1346 5105 et
1395 5051 1697 5122 argentea,
1760 5060 1894 5122 quae
1947 5041 2070 5104 Deo

2152 4949 2265 5006 κάε

2233 4999 2430 5101 ᾗπάκ.
2462 5040 2538 5100 Τὰ
2568 5039 2665 5116 μὲν
2693 5047 2770 5115 τῷ
2799 5047 2914 5116 θεῷ
2966 5037 3339 5118 προσαγόμεναι
3368 5040 3542 5117 χρυσᾶ
3581 5035 3672 5091 καὶ
3703 5034 3808 5114 ἀρ-

419 5129 772 5204 οίΐετιιηιυτ,
832 5150 968 5194 vasa
1006 5121 1102 5195 iet
1158 5121 1572 5214 supellectilia,
1637 5121 1794 5194 sine,
1827 5129 2052 5191 domim

2156 5135 2287 5208 γυρᾶ
2317 5129 2480 5198 σκεύη
2526 5129 2615 5186 καὶ
2666 5127 2887 5204 ἔπιπλα,
2944 5126 3206 5184 ἀδέσποτά
3275 5127 3397 5204 εἶσι,
3441 5121 3540 5178 κᾶν
3589 5121 3672 5178 διὰ
3701 5129 3808 5179 τῶν

418 5221 596 5280 sunt‘
636 5267 652 5295 ,
689 5226 747 5282 et
779 5239 886 5300 per
921 5210 1384 5303 episcopos-Deo
1416 5229 1866 5285 consecrantur.
1895 5219 2047 5282 Escu

2157 5218 2464 5276 ἐπισκόπων
2544 5218 2936 5300 προτφέρωνται
3020 5222 3098 5290 τῷ
3139 5220 3256 5288 Θεῷ
3286 5229 3303 5247 ⁸
3361 5213 3429 5270 τὰ
3496 5210 3556 5303 δὲ,
3601 5212 3812 5292 τρωκτὰ

421 5308 578 5371 lenta
636 5317 859 5390 autem,
919 5319 977 5373 et
1027 5302 1350 5393 potulenta,
1415 5331 1548 5395 quae
1589 5312 1758 5394 juxta
1820 5328 2043 5374 morem

2157 5311 2244 5369 καὶ
2271 5310 2409 5366 ποτα
2457 5309 2692 5379 συνήθως
2748 5308 2802 5366 ἐν
2833 5309 3069 5386 μνήμαις
3115 5306 3280 5386 ἁγίων
3331 5305 3417 5361 καὶ
3474 5302 3605 5383 ὑπὲρ
3648 5323 3800 5378 μνη-

1735 5479 1996 5546 VARLE
2041 5477 2358 5546 LECTION
2373 5476 2482 5542 ES.

503 5647 527 5676 °
555 5639 638 5703 ad
657 5638 1054 5725 baptismum.
1082 5647 1169 5704 ret
1186 5642 1719 5725 Annuptiationis.
1743 5667 1768 5708 «ι
1785 5647 1890 5724 qui
1911 5651 2182 5708 extreme
2201 5647 2614 5725 puniuntur.)
2632 5657 2778 5706 nam
2806 5647 2862 5705 et
2883 5638 3220 5725 ordinatio,
3239 5634 3474 5725 publici
3483 5641 3817 5725 conventus

423 5727 510 5784 est
531 5723 785 5797 occasio,
820 5727 877 5784 et
905 5721 1322 5787 celebrationis
1357 5723 1490 5788 Dri.
1523 5745 1542 5772 ο
1571 5719 1833 5807 quonon:
1863 5719 2249 5808 accipiuntur
2277 5733 2338 5789 et
2366 5723 2797 5791 retinebuntur
2814 5725 2848 5786 7
2875 5733 2894 5771 ι
2918 5723 2986 5786 in
3003 5719 3530 5786 nullius‘dominio
3556 5723 3720 5781 sunt.
