4128 6422
421 369 574 438 1087

494 510 721 576 Iule".
749 512 847 577 58.
868 510 1246 576 Orthodoxus
1263 509 1504 594 quidam
1526 509 1604 573 ab
1614 510 1904 592 Agarenis
1925 531 2060 592 cap—
2080 520 2126 572 Α,

1835 371 1966 438 JUS
2003 363 2449 435 CANONIOUM

3643 372 3800 440 1088

2225 505 2416 585 Ἐρώτ.
2529 497 2620 574 νη’
2742 503 3046 586 Ὀρθόδοξός
3153 531 3231 574 τις
3351 509 3796 592 αἰχμαλωτισθεὶς

413 604 530 675 tus,
564 609 626 664 et
681 618 791 682 per
846 600 964 663 vim
1020 599 1407 663 orthodoxam
1465 599 1642 665 ﬁdem
1675 601 1956 680 ejuratus,
1991 621 2053 666 ac

2145 595 2287 676 παρά
2328 595 2661 676 Ἀγαρηνῶν,
2735 597 2824 653 καὶ
2883 597 3018 657 κατὰ
3069 597 3188 675 βίαν
3243 601 3343 668 τὴν
3385 597 3654 678 ὀρθόδοξον
3703 601 3799 657 πί-

413 687 826 766 circumcisus,
873 689 1100 772 absque
1127 689 1572 753 intermissione
1600 691 1730 753 fere
1756 691 2062 754 immund-

413 777 554 840 tiem
603 777 810 854 deﬂet,
865 787 925 842 et
970 780 1121 842 clam
1177 799 1312 841 cum
1362 779 1706 843 orthodoxis
1761 781 2066 864 convenit,

411 866 764 944 invocatque
785 869 1060 932 salutem.
1095 867 1244 942 Quia
1267 881 1468 932 autem
1500 869 1621 930 vult
1651 881 2060 935 sacramento-

409 974 542 1017 rum
573 957 704 1019 ﬁeri
732 957 1049 1041 particeps,
1103 958 1446 1041 quazrimus,
1497 959 1640 1040 quid
1699 961 1774 1024 sit
1828 961 2060 1026 facien-

409 1044 572 1110 dum.

493 1135 667 1218 Resp.
699 1135 1066 1200 Certantium
1118 1146 1254 1202 sunt
1294 1159 1551 1216 coronae,
1586 1148 1645 1203 et
1671 1140 1961 1204 Dominus
1989 1162 2059 1206 ac

405 1223 563 1287 Deus
592 1234 795 1288 noster
815 1225 990 1291 Jesus
1019 1227 1293 1292 Christus
1327 1250 1340 1293 :
1375 1231 1436 1294 Si
1471 1231 1603 1313 quis
1634 1249 1730 1293 me
1770 1233 2058 1296 conﬁteap

407 1320 526 1396 tur,
558 1314 772 1398 inquit,
806 1335 1008 1380 coram
1067 1319 1432 1403 hominibus,
1494 1330 1555 1384 et
1587 1340 1694 1401 ego
1725 1321 2058 1386 conﬁtebor

405 1421 544 1466 eum
575 1423 775 1466 coram
812 1408 979 1468 Patre
1012 1427 1167 1484 meo,
1219 1409 1320 1490 qui
1368 1409 1430 1472 in
1452 1409 1620 1474 ctelis
1638 1422 1750 1474 est.
1783 1409 2058 1474 Immun—

403 1491 546 1553 dum
579 1513 719 1573 ergo
778 1515 896 1563 vas.
961 1496 1032 1558 ad
1086 1499 1526 1579 susceptionem
1576 1501 1880 1580 unguenti,
1945 1522 2060 1582 qua

406 1583 622 1645 mentis
651 1583 1012 1649 alienatione
1059 1587 1404 1651 admittetur
1423 1589 1454 1650 ?
1483 1588 1880 1662 Quamobrem
1907 1611 2056 1652 con-

402 1672 757 1734 solationem
789 1676 1029 1756 quidem
1063 1679 1487 1759 episcopicam,
1514 1689 1571 1742 et
1600 1680 1758 1741 aliud
1795 1680 2058 1760 spiritale

401 1763 764 1844 colloquium
798 1765 900 1826 ille
951 1766 1036 1828 sic
1096 1768 1411 1848 paenitens,
1460 1777 1518 1830 et
1548 1768 1702 1830 bona
1736 1768 2059 1830 mutatione

2145 707 2260 742 στιν
2319 683 2738 766 ἐξομοσάμενος,
2779 688 2867 742 καὶ
2945 690 3311 770 περιτμηθεὶς,
3371 685 3546 747 διόλου
3605 686 3799 772 σχεδὸν

2145 775 2246 843 τὴν
2307 773 2625 853 ἀκαθαρσίαν
2667 773 3040 854 ἀποκλαίεται,
3107 777 3197 835 καί
3263 778 3399 855 μετά
3451 785 3559 836 τῶν
3597 777 3803 856 ὀρθοδό-

2149 861 2248 928 ξων
2305 861 2562 938 λαθραίως
2619 863 2954 946 συνέρχεται,
3013 866 3102 923 καὶ
3157 867 3258 936 τὴν
3301 867 3565 948 σωτηρίαν
3595 867 3800 924 ἀνακα-

2141 949 2340 1014 λεῖται.
2393 952 2543 1011 Ἐπεὶ
2587 950 2641 1008 δὲ
2700 951 2864 1010 ἐθέλει
2920 955 3009 1011 καὶ
3065 958 3171 1012 τῶν
3228 957 3575 1036 ἁγωσμὰτων
3625 978 3799 1034 μετα-

2142 1039 2456 1122 λαμϐάνειν,
2484 1049 2744 1118 ζητοῦμεν
2787 1045 2849 1099 τὸ
2879 1043 3133 1111 ποιητέον
3177 1048 3391 1121 μαθεῖν,

2222 1129 2414 1194 Ἀπόκ,
2489 1137 2607 1189 Τῶν
2663 1131 3067 1212 ἀγωνιζομένων
3123 1135 3250 1191 εἰσὶν
3310 1138 3356 1193 0i
3406 1132 3676 1215 στέφανοι,
3707 1137 3800 1193 καὶ

2140 1222 2168 1278 6
2201 1221 2386 1300 Κύριος
2416 1223 2504 1278 καὶ
2574 1222 2704 1286 Θεὸς
2767 1223 2924 1297 ἡμῶν
2978 1220 3181 1290 ἰησοῦς
3213 1223 3460 1304 Χριστός.
3491 1220 3561 1281 Εἴ
3603 1245 3682 1288 τις
3725 1245 3796 1300 με

2138 1309 2488 1389 ὅμολογήσει,
2552 1313 2734 1393 φησὶν,
2789 1309 3077 1392 ἔμπροσθεν
3135 1319 3242 1370 τῶν
3300 1312 3610 1393 ἀνθρώπων,
3642 1313 3796 1392 κάγὼ

2141 1399 2486 1479 ὁμολογήσω,
2538 1403 2718 1475 αὐτὸν,
2779 1399 3071 1481 ἔμπροσθεν
3113 1408 3208 1460 τοῦ
3262 1402 3464 1481 [ἰατρός
3488 1425 3591 1460 που
3620 1408 3713 1460 τοῦ
3740 1402 3796 1460 ἐν

2141 1492 2408 1568 οὐρανο⁹ς,
2473 1490 2793 1570 Ἀκάθαρτον
2845 1498 2970 1569 γοῦν
3053 1491 3275 1571 ἀγγεῖον
3345 1493 3478 1572 πρὸς
3525 1490 3799 1572 ὑποδοχὴν

2141 1580 2303 1659 μύρου
2359 1586 2475 1643 πῶς
2545 1581 3018 1661 παραφρονούντως
3071 1579 3433 1662 δεχθήσεταις
3509 1583 3604 1637 Διὸ
3659 1603 3800 1661 παρ-

2140 1670 2358 1749 ηγορίας
2423 1669 2520 1744 μὲν
2576 1669 2926 1738 ἐπισκοπικῆς
3000 1673 3089 1728 καὶ
3173 1669 3344 1740 ἄλλης
3429 1677 3798 1748 πνευματικῆς

2141 1757 2376 1835 ὁμιλίας,
2450 1762 2478 1816 6
2551 1760 2690 1818 οὕτω
2757 1761 3055 1836 μετανοῶν,
3100 1763 3188 1817 καὶ
3245 1761 3344 1828 τὴν
3402 1758 3574 1828 καλὴν
3626 1758 3796 1818 θέλων

400 1853 614 1913 mutari
649 1854 877 1929 volens,
939 1847 1414 1935 promerebitur;
1475 1857 1581 1919 sed
1613 1859 1836 1920 sanctis
1866 1877 2053 1920 sacra-

2143 1847 2496 1917 ἀλλοιωθῆναι
2542 1848 2847 1925 ἀλλοίωσιν,
2907 1847 3254 1921 ἀξιωθήσεται
3290 1868 3305 1885 ·
3339 1857 3446 1906 τῶν
3521 1847 3576 1905 δὲ
3631 1850 3797 1928 ἁγίων

400 1941 620 2004 mentis
637 1943 850 2023 dignus
867 1963 981 2006 non
1006 1945 1338 2008 habebitur.
1357 1945 1716 2009 Debetenim
1734 1947 2058 2029 impietatis

395 2030 604 2094 sordes
632 2032 898 2109 abluere,
935 2043 992 2096 et
1023 2035 1102 2096 ita
1130 2035 1403 2098 admitti:
1433 2043 1490 2097 et
1513 2045 1642 2116 post
1666 2037 2054 2117 praestitutum

397 2128 632 2203 tempus
661 2133 878 2186 sanctae
909 2124 1089 2186 etiam
1121 2125 1682 2188 communicationis
1713 2127 1818 2190 [iet
1863 2127 2052 2209 parti-

396 2228 563 2292 ceps.

474 2301 696 2363 Interr.
733 2303 834 2366 59.
901 2302 1254 2366 Vicanorum
1299 2301 1484 2366 turbae
1535 2323 1696 2380 eum,
1749 2303 1851 2386 qui
1908 2304 2054 2386 ipsis

395 2389 627 2452 videtur
656 2410 790 2454 esse
821 2391 1035 2472 dignus
1067 2393 1413 2475 episcopali,
1459 2394 1546 2456 vel
1578 2395 1928 2457 sacerdotali
1956 2395 2051 2456 di-

394 2477 645 2558 gnitate,
682 2481 826 2543 mihi
858 2482 1186 2558 exhibent;
1219 2493 1543 2564 petuntque
1575 2483 1788 2545 utsine
1817 2484 2056 2564 repulsa

397 2569 774 2631 renuntietur
830 2571 1262 2653 ordineturque
1302 2567 1582 2652 pontifex,
1617 2585 1715 2634 aut
1748 2573 2050 2647 sarerdos,

393 2657 486 2719 vel
541 2657 850 2723 diaconus.
909 2659 1120 2732 Quaero
1192 2661 1392 2738 igitur,
1465 2680 1541 2723 an
1591 2661 2057 2726 acclamationes

395 2747 595 2827 populi
631 2749 798 2828 sequi
831 2751 1157 2832 compellar
1185 2750 1238 2814 ι).

473 2837 626 2916 Resp
668 2836 823 2900 Olim
843 2839 1160 2921 aliquando
1180 2841 1586 2903 ordinationes
1603 2841 2050 2923 episcoporum,

393 2931 454 2986 et
483 2925 854 3008 reliquorum
883 2929 1068 2991 sacris
1099 2929 1466 2993 initiatorutn
1493 2930 1809 2992 ordinibus
1835 2931 2056 3008 ﬁebant

389 3033 501 3096 per
525 3007 882 3080 electionem
918 3019 1341 3101 multitudinis,
1363 3039 1711 3100 eorumque,
1745 3021 1847 3102 qui
1873 3007 2053 3082 simul

2142 1943 2442 2020 μυστηρίων
2501 1945 2597 2000 οὒκ
2651 1941 3020 2012 ἀξιωθήσεται.
3111 1942 3380 2020 Πρότηρον
3435 1942 3535 2022 γὰρ
3595 1940 3796 2022 ὀφείλει

2138 2031 2238 2097 τῆς
2269 2028 2508 2094 ἀσεϐείας
2561 2031 2658 2098 τὴν
2715 2029 3015 2108 βεϐήλωσιν
3074 2031 3451 2106 ἀπονίψασθαι,
3498 2032 3586 2088 καὶ
3631 2030 3798 2096 οὕτως

2137 2116 2392 2200 δεχθῆναι
2428 2138 2445 2155 ο
2477 2121 2565 2176 καὶ
2613 2121 2748 2195 μετὰ
2778 2121 2869 2176 τὸν
2923 2119 3302 2196 νενομισμένον
3358 2121 3540 2200 καιρὸν
3583 2121 3799 2188 καὶτῆς

2136 2210 2288 2288 ἁγίας
2321 2207 2676 2290 μεταλήψεως
2720 2210 3001 2287 γενήσεται
3032 2209 3291 2290 μέτοχος.

2218 2295 2412 2378 Ἐρώτ,
2469 2287 2547 2355 νθ⁶
2606 2297 2792 2369 Πλήθη
2853 2300 3135 2380 χωριτικὰ
3171 2287 3278 2354 τὸν
3351 2295 3605 2356 δοκοῦντα
3663 2298 3792 2355 tod-

2135 2409 2244 2452 τοις
2303 2385 2442 2452 ἄξιον
2499 2387 2641 2444 εἶναι
2715 2388 2846 2466 πρὸς
2904 2385 3107 2464 ἀξίωμα
3163 2386 3512 2445 ἐπισκοπικὸν
3541 2386 3577 2456 ἢ
3647 2390 3798 2466 ἱερα-

2135 2477 2282 2532 τικὸν
2337 2477 2628 2556 παριστῶσί
2669 2499 2759 2553 μοι
2794 2495 2810 2512 ⁶
2857 2478 2944 2534 καὶ
3000 2483 3214 2548 ζητοῦσι
3268 2478 3404 2533 κατὰ
3459 2479 3521 2533 τὸ
3577 2476 3802 2555 ἀπαραί-

2137 2587 2299 2632 τητον
2369 2566 2794 2646 ἐπικηρυχθῆναι
2849 2568 2936 2623 καὶ
3013 2569 3457 2647 χειροτονηθῆναι
3514 2566 3794 2648 ἀρχιερέα,

2137 2655 2174 2723 ἢ
2203 2652 2464 2716 διάκονον.
2499 2663 2654 2723 Ζητῶ
2696 2655 2869 2714 τοίνυν
2926 2659 3116 2733 μαθεῖν
3174 2656 3218 2712 εί
3271 2671 3392 2721 ταῖς
3439 2669 3646 2738 φωναῖς
3690 2662 3802 2713 τῶν

2139 2742 2322 2825 ὄχλων
2352 2745 2752 2824 ἀναγκαζόμεθα
2796 2743 3230 2804 κατακολουθεῖν.

2217 2830 2343 2896 Ἀπ.
2380 2834 2550 2892 Πάλαι
2573 2843 2701 2893 ποτε
2751 2838 2803 2892 αἱ
2851 2836 3172 2916 χειροτονίαι
3227 2840 3332 2892 τῶν
3363 2833 3665 2892 ἐπισκόπων
3709 2836 3801 2892 καὶ

2136 2929 2242 2979 τῶν
2297 2922 2500 2981 λοιπῶν
2571 2925 2871 3004 ἱερωμένων
2915 2923 2983 2981 δι’
3035 2923 3292 3004 ἐπιλογὴς
3349 2929 3449 3004 τοῦ,
3484 2922 3653 3004 ὄχλου
3709 2934 3800 2988 καὶ

2137 3018 2244 3070 τῶν
2285 3013 2845 3094 παραδυναστευόντων
2875 3014 3106 3095 ἐγίνοντο
3140 3033 3155 3049 ⁶
3214 3017 3242 3071 ὁ
3272 3013 3327 3070 δὲ
3373 3002 3451 3093 ιγ’
3475 3015 3649 3070 κανὼν
3693 3019 3794 3080 τῆς

386 3093 785 3185 imperabant.
814 3107 1094 3171 Decimus
1127 3093 1339 3172 tertius
1385 3093 1802 3173 autem-canon
1838 3111 2053 3175 Laodi'

2143 3101 2194 3158 ἐν
2223 3101 2498 3176 Λαοδικείᾳ
2530 3103 2765 3204 συγόδου,
2839 3093 2928 3161 καί
2982 3107 3010 3161 6
3080 3093 3137 3184 γ’
3189 3105 3364 3162 κανὼν
3394 3108 3493 3171 τῆς
3525 3103 3672 3182 ἁγίας
3704 3104 3790 3159 καὶ

386 3211 554 3256 cenae
585 3195 821 3276 synodi,
881 3210 942 3260 et
976 3202 1013 3260 3
1043 3217 1233 3260 canon
1283 3211 1501 3262 sanctae
1555 3207 1614 3260 et
1662 3201 2051 3263 cacumenij

2143 3193 2500 3269 οἷκουμενικῆς
2571 3193 2624 3266 ζ’
2680 3193 2915 3268 συνόδου,
2994 3195 3090 3258 τὰς
3158 3194 3404 3256 τοιαύτας
3466 3193 3790 3273 χειροτονίας

389 3283 422 3344 7
456 3285 688 3366 synodi,
724 3286 1068 3367 hujusmodi
1101 3288 1509 3352 ordinationes
1537 3289 1610 3352 ab
1645 3290 2050 3354 ecclesiastico

384 3373 603 3452 rejecit
631 3382 806 3436 statu.
843 3375 949 3440 Ille
1001 3381 1160 3440 enim
1219 3380 1321 3455 ait,
1359 3380 1547 3462 turbis
1595 3400 1711 3442 non
1745 3399 1877 3442 esse
1909 3399 2052 3462 per-

389 3463 742 3526 mittendum
777 3483 1010 3543 eorum,
1062 3469 1162 3550 qui
1207 3479 1345 3533 sunt
1376 3471 1434 3532 in
1467 3471 1800 3534 sacerdotio
1825 3471 2052 3533 consti-

385 3551 613 3640 tuendi,
649 3553 1002 3618 electionem
1035 3557 1252 3622 facere.
1287 3558 1397 3621 Hic
1435 3569 1631 3622 autem
1666 3560 2006 3640 pronuntiat
2037 3581 2051 3626 :

381 3639 634 3704 Omnem
667 3643 1048 3720 electionem,
1105 3667 1238 3729 quae
1261 3650 1325 3711 ﬁt
1354 3669 1386 3710 a
1418 3639 1879 3729 magistratibus,
1917 3651 2045 3728 epi-

379 3731 569 3812 scopi,
609 3733 696 3794 vel
717 3735 1079 3815 presbyteri,
1105 3738 1197 3799 vel
1225 3738 1484 3813 diaeoni,
1508 3739 1731 3800 irritam
1761 3752 2045 3802 manere:

381 3837 449 3881 ex
483 3839 712 3910 canone
758 3822 1021 3888 dicente.
1052 3824 1111 3889 Si
1147 3827 1280 3908 quis
1312 3827 1628 3910 episcopus
1659 3829 2046 3892 smcularibus

380 3909 829 3990 magistratibus
855 3933 1020 3990 usus,
1057 3935 1161 3996 pcr
1191 3935 1295 3980 eos
1326 3909 1637 3978 ecclesiam
1682 3917 2038 3996 obtinuvrit,

380 3998 738 4079 deponatur,
798 4011 857 4064 et
912 4013 1277 4085 segregetur,
1313 4017 1372 4068 et
1431 4025 1638 4068 omnes
1669 4007 1769 4088 qui
1801 4027 1935 4070 cum
1971 4026 2040 4069 eo

375 4089 844 4178 communicant.
869 4090 1116 4174 Oportet
1147 4097 1304 4157 enim
1357 4114 1516 4172 eum,
1545 4095 1644 4177 qui
1673 4105 1763 4158 est
1791 4115 2036 4178 promo-

372 4177 604 4266 vendus
633 4179 706 4240 ad
729 4181 1159 4263 episcopatum,
1190 4185 1262 4246 ab
1297 4185 1597 4266 episcopis
1629 4177 2033 4265 eligi,quem-

372 4265 695 4329 admodum
726 4288 760 4331 a
795 4271 1018 4332 sanctis
1049 4265 1480 4337 PalribusNic.
1504 4293 1554 4335 aa
1581 4272 1887 4335 decretum
1922 4281 2031 4351 est,

370 4353 432 4416 in
466 4373 694 4420 canone
724 4360 824 4440 qui
869 4359 1014 4424 dicit
1045 4379 1059 4425 :
1105 4361 1459 4444 Episcopum
1516 4372 1748 4444 oportet
1779 4362 2035 4425 maxime

371 4444 611 4522 quidem
638 4446 711 4508 ab
742 4449 1044 4526 omnibus,
1076 4452 1178 4534 qui
1202 4461 1340 4514 sunt
1360 4452 1419 4513 in
1455 4451 1778 4532 provincia,
1803 4452 2032 4515 consti-
2054 4483 2097 4533 ι)

2133 3281 2240 3338 ἀπὸ
2308 3281 2404 3351 τῆς
2461 3281 2916 3352 ἐκκλησιαστικῆς
2987 3281 3322 3350 ἀπεξένωσαν
3379 3283 3779 3346 καταστάσεως.

2138 3361 2196 3428 Ὀ
2224 3369 2323 3446 μέν
2353 3372 2452 3451 γάρ
2508 3395 2639 3453 φησι
2684 3375 2802 3452 περὶ
2843 3379 2938 3429 τοῦ
2981 3372 3060 3449 μὴ
3123 3371 3312 3452 ὄχλοις
3369 3369 3666 3450 ἐπιτρέπειν
3694 3373 3789 3436 τὰς

2136 3459 2362 3540 ἐκλογὰς
2411 3465 2681 3520 ποιεῖσθαι
2769 3466 2876 3519 τῶν
2967 3460 3270 3539 μελλόντων
3329 3462 3665 3518 καθίστασθαι
3723 3462 3798 3524 είς

2139 3551 2400 3629 ἱερατεῖον
2435 3567 2449 3581 ⁸
2480 3553 2508 3607 6
2556 3549 2612 3607 δὲ
2666 3561 2828 3611 ταῦτα
2884 3548 3114 3625 διέξεισι,
3175 3557 3358 3610 Πᾶσαν
3409 3555 3588 3631 ψῆφον
3647 3573 3799 3630 γινο-

2135 3639 2302 3715 μένην
2331 3641 2471 3719 παρὰ
2539 3647 2647 3697 τῶν
2703 3641 3002 3722 ἀρχόντων,
3061 3639 3375 3715 ἐπισκόπου,
3419 3641 3454 3710 ἢ
3496 3637 3794 3721 πρεσϐυτέ-

2131 3751 2243 3806 ρου,
2275 3729 2310 3798 ἢ
2341 3728 2604 3808 διακόνου,
2637 3728 2822 3810 ἄκυρον
2878 3730 3080 3807 μένειν,
3137 3731 3273 3787 κατὰ
3327 3732 3419 3788 τὸν
3473 3729 3668 3787 κανόνα
3698 3732 3794 3788 τὸν

2127 3815 2374 3898 λέγοντα,
2408 3819 2476 3877 Εἴ
2503 3841 2585 3883 τις
2629 3819 2914 3884 ἐπίσκοπος
2971 3833 3254 3896 κοσμικοῖς
3286 3817 3512 3900 ἄρχουσι
3555 3819 3780 3899 χρησὰ-

2127 3930 2309 3990 μενος,
2341 3907 2408 3965 δι’
2440 3914 2612 3969 αὐτῶν
2655 3910 2916 3990 ἐγκρατὴς
2967 3907 3254 3976 ἐκκλησίας
3298 3910 3540 3989 γένηται,
3584 3911 3777 3966 καθαι-

2124 3999 2308 4077 ρείσθω
2357 4000 2444 4055 καὶ
2499 3999 2843 4079 ἀφοριζέσθω,
2921 4000 3008 4054 καὶ
3079 4001 3128 4057 0i
3196 3998 3567 4063 κοινωνοῦντες
3632 4003 3778 4073 αὐτῷ

2121 4086 2337 4151 πάντες.
2389 4097 2486 4144 Δεῖ
2514 4091 2612 4168 γὰρ
2662 4091 2752 4144 τὸν
2795 4087 3060 4163 μέλλοτνα
3102 4085 3506 4168 προϐιϐάζεσθαι
3562 4089 3634 4152 είς
3663 4087 3777 4144 ἐπι-

2119 4177 2348 4252 σκοπὴν,
2439 4179 2541 4234 ὑπὸ
2616 4177 2920 4236 ἐπισκόπων
3006 4180 3321 4260 ψηφίζεσθαι
3356 4192 3371 4208 ⁸
3419 4178 3592 4242 καθὼς
3685 4180 3775 4234 καὶ

2119 4267 2260 4345 παρὰ
2305 4272 2410 4323 τῶν
2461 4267 2626 4346 ἁγίων
2698 4267 2945 4347 Πατέρων
2999 4275 3105 4324 τῶν
3171 4266 3224 4323 ἐν
3279 4267 3471 4340 Νικαίᾳ
3528 4267 3769 4346 ὥρισται,

2119 4353 2172 4410 ἐν
2230 4363 2306 4432 τῷ
2363 4358 2542 4413 κανόνι
2585 4364 2662 4432 τῷ
2705 4355 2937 4437 λέγοντι,
2989 4355 3310 4416 Ἐπίσκοπον
3352 4358 3611 4436 προσήκει
3653 4358 3766 4433 μά-

2117 4443 2270 4502 λιστα
2301 4447 2397 4521 μὲν
2428 4447 2529 4503 ὑπὸ
2589 4448 2801 4504 πάντων
2856 4454 2962 4504 τῶν
3018 4448 3073 4504 ἐν
3127 4455 3196 4527 τῇ
3254 4447 3486 4528 ἐπαρχίᾳ
3514 4447 3768 4504 καθίστα-

371 4534 503 4598 tui:
569 4539 618 4599 si
677 4545 876 4600 autem
935 4542 1048 4603 hoc
1096 4533 1346 4606 difﬁcile
1391 4541 1590 4619 fuerit,
1643 4542 1734 4604 vel
1789 4553 2033 4624 propter

2143 4537 2230 4591 θαι
2265 4553 2276 4566 ·
2305 4537 2348 4591 εί
2378 4534 2432 4592 δὲ
2462 4533 2713 4617 δυσχερὲς
2770 4535 2862 4604 εἴη
2891 4544 3068 4613 τοῦτο,
3116 4538 3151 4606 ἣ
3208 4536 3293 4594 διὰ
3349 4537 3766 4615 κατεπείγουσαν

366 4634 674 4703 urgentem
731 4631 1188 4707 necessitatem,
1221 4632 1311 4693 vel
1361 4641 1603 4713 propter
1628 4631 1734 4693 viae
1764 4623 2027 4711 longitu-

2143 4625 2376 4702 ηνάγκην,
2419 4625 2455 4694 ἢ
2484 4623 2568 4685 διὰ
2609 4631 2784 4701 μῆκος
2809 4624 2950 4704 ὁδοῦ,
3016 4627 3068 4694 ἐξ
3126 4627 3356 4691 ἅπαντος
3407 4638 3554 4706 τρεῖς
3587 4625 3674 4682 ἐπὶ
3703 4628 3765 4682 τὸ

364 4713 591 4790 dinem,
615 4725 735 4780 tres
749 4719 993 4782 omnino
1011 4721 1220 4783 eodem
1245 4723 1774 4799 convenientes,iis
1787 4739 2023 4803 quoque

2143 4717 2234 4774 ὗτὸ
2287 4715 2692 4797 συναγομένους,
2779 4719 3080 4799 συμψήφων
3150 4717 3441 4796 γινομένων
3514 4717 3603 4772 καὶ
3653 4722 3762 4772 τῶν

365 4803 468 4884 qui
498 4803 737 4884 absunt,
765 4809 940 4870 simul
964 4811 1306 4890 suffragium
1339 4809 1694 4886 ferentibus,
1733 4817 1790 4872 et
1808 4829 2018 4872 assen-

2143 4804 2368 4884 πόντων,
2423 4806 2512 4862 καί
2594 4806 2970 4882 συντιθεμένων
3054 4805 3139 4864 διὰ
3179 4808 3536 4887 γραμμάτων,
3595 4804 3752 4862 τόντε

366 4892 654 4958 tientibus
711 4917 822 4978 per
875 4899 1126 4976 litteras,
1193 4911 1332 4962 tunc
1388 4900 1585 4962 facere
1633 4899 2016 4964 electionem.

2143 4905 2197 4965 ὴν
2225 4898 2552 4977 χειροτονίαν
2582 4903 2872 4959 ποιεῖσθαι.
2919 4901 2991 4958 Τὸ
3059 4898 3114 4956 δὲ
3158 4907 3313 4980 κῦρος
3369 4905 3476 4956 τῶν
3529 4897 3757 4978 γινομέ-

361 4980 576 5071 Eorum
608 4995 832 5064 autem,
890 5008 1023 5070 quae
1059 5007 1094 5050 a
1149 5010 1214 5052 se
1271 4991 1442 5071 ﬁunt,
1501 4989 2018 5052 conﬁrmationem

2143 5010 2203 5042 ov
2287 4984 2512 5044 δίδοσθαι
2565 4986 2682 5046 καθ’
2743 4989 2972 5057 ἑκάστην
3037 4991 3301 5071 ἐπαρχίαν
3353 5012 3429 5064 τῳ
3470 5010 3754 5069 μητροπο-

361 5070 503 5133 dare
535 5075 858 5158 unicuique
891 5081 1367 5160 metropolitano.
1430 5070 1435 5071 ί
2097 5075 2243 5154 λίτῃ.

439 5161 671 5252 Interr.
701 5156 800 5228 ϐό.
827 5165 1024 5230 Liberi
1044 5156 1113 5232 ei
1135 5169 1420 5233 secundis
1446 5168 1668 5250 nuptiis
1690 5169 2015 5252 procreati,

2179 5166 2373 5247 Ἐώρτ.
2408 5156 2475 5232 ξ’.
2538 5170 2598 5227 Οἱ
2653 5174 2746 5226 τοῦ
2795 5167 3034 5249 δευτέρου
3092 5192 3266 5249 γαμου
3322 5166 3538 5246 παῖδες,
3569 5170 3660 5226 καὶ
3702 5173 3751 5227 οἱ

359 5257 419 5343 et
448 5251 660 5343 quiex
689 5255 944 5333 ancillis,
979 5276 1045 5319 ac
1076 5259 1451 5334 concubinis,
1487 5251 1818 5322 sacerdotio
1851 5258 2016 5341 digni

2143 5257 2203 5314 πὸ
2233 5254 2480 5316 δουλίδων
2510 5259 2597 5316 καὶ
2659 5256 2949 5318 παλλακῶν
3004 5259 3311 5343 τεχθέντες,
3369 5257 3749 5331 ἀξιωθήσονται

358 5339 810 5427 judicabuntur,
841 5347 1087 5411 annon?
1922 5339 1935 5341 ν

2143 5347 2411 5428 ρωσύνης,
2443 5346 2478 5416 ἢ
2510 5347 2568 5406 οὔ
2600 5366 2617 5429 ;

432 5429 615 5518 Resp.
632 5431 1040 5499 Secundarum
1057 5437 1395 5521 nuptiarum
1412 5436 1586 5504 liberi
1600 5437 1762 5502 nulla
1783 5437 2014 5500 ratione

2176 5435 2367 5497 Ἀπόκ.
2401 5441 2461 5497 Οἱ
2493 5445 2586 5496 τοῦ
2613 5435 2850 5521 δευτέρου
2877 5441 3052 5523 γάμου
3105 5438 3294 5507 παῖδες
3326 5438 3378 5509 ἐξ
3407 5437 3612 5506 οὐδενὸς
3641 5439 3743 5498 λό-

1681 5605 1944 5675 νΑΒΙΔΕ
1975 5603 2413 5675 LECTIONES.

480 5758 566 5809 an
594 5757 764 5807 voces
778 5746 1113 5830 poputdm
1138 5744 1314 5826 sequi
1339 5759 1651 5829 cogamur.
1918 5720 1946 5765 θ
