4128 6454
395 425 554 498 1089

1731 424 2448 504 onmno-Romam.

3626 425 3786 501 1090

386 590 486 645 γου
557 565 852 626 κωλύονται
888 572 1151 649 ἱερᾶσθαι.
1204 561 1269 630 '0
1328 572 1427 651 γάρ
1486 571 1573 628 ἐπὶ
1621 581 1714 631 τοῦ
1768 578 2026 654 Πορφυρο·

2132 576 2405 631 vetantur
2435 567 2625 631 sacris
2666 567 2977 631 ordinibus
3006 568 3258 634 initiari.
3280 567 3586 651 Synodica
3612 569 3771 632 enim

384 658 638 734 γεννήτου
708 660 797 715 καὶ
851 658 1111 724 3ασιλέως
1194 662 1369 740 κυρίου
1460 661 1855 721 Κωνσταντίνου
1939 683 2036 741 γε-

384 747 555 822 γονὼς
585 746 749 823 τόμος
781 746 1048 814 συνοδικὸς
1098 753 1175 826 τῷ
1216 749 1410 829 πρώτῳ
1461 750 1619 828 γάμῳ
1655 753 1746 807 τὸν
1800 748 2036 831 δεύτερον

385 838 470 897 ἐπὶ
538 847 713 897 πᾶσαν
780 841 994 907 ἐξίσωσε
1056 847 1149 900 Διὸ
1198 845 1286 901 καὶ
1363 844 1651 909 ὅπεξούσιοι
1711 843 2034 924 κληρονόμοι

382 933 474 986 τοῦ
515 930 712 1010 πατρός
745 932 898 994 εἰσιν.
930 930 1097 990 Ἀλλά
1138 933 1235 991 καὶ
1270 936 1317 991 οἱ
1386 933 1491 990 ἀπὸ
1534 931 1780 990 δουλίδων
1808 934 2035 1015 τεχθέν-

380 1040 491 1093 τες,
542 1020 630 1076 καὶ
713 1019 1002 1102 ἐλευθερίας
1058 1022 1386 1103 ἀξιωθέντες,
1433 1024 1683 1086 ὡσαύτως
1752 1026 1839 1081 καὶ
1899 1027 1946 1079 οἱ
1975 1023 2035 1079 ἐκ

378 1108 667 1167 παλλακῶν
726 1111 1088 1189 γεννηθέντες,
1174 1114 1235 1171 οὒ
1302 1111 1700 1183 κωλυθήσονται
1756 1113 2031 1192 ίερωθῆναι

378 1201 441 1255 Αἱ
470 1200 569 1279 γάρ
625 1200 851 1277 μητέρες
910 1202 1080 1258 αὐτῶν
1119 1201 1404 1278 ἐπιτιμίοις
1448 1203 1803 1281 πορνευόντων
1841 1203 2035 1259 ὑπέπε-

377 1310 493 1368 σον,
541 1290 686 1345 αύτοὶ
728 1287 782 1345 δὲ
827 1288 974 1349 οὐδὲν
1004 1288 1263 1370 ἥμαρτον,
1314 1292 1402 1347 καὶ
1457 1290 1541 1346 διὰ
1582 1299 1737 1348 τοῦτο
1765 1289 1879 1348 ούδέ
1909 1292 2032 1348 ἐπι·-

374 1378 569 1454 τιμίοις
626 1378 952 1443 ὑπόκεινται,
1000 1381 1147 1438 Κατά
1202 1388 1329 1459 γοῦν
1384 1382 1504 1445 τοὺς
1564 1379 1779 1447 λοιποὺς
1827 1380 2031 1460 ἀνθρώ-

375 1490 508 1531 πους
558 1472 681 1531 τοὺς
726 1466 891 1544 μηδὲν
948 1470 1355 1549 ἡμαρτηκότας,
1412 1472 1499 1527 καὶ
1556 1469 1703 1529 αὒτοὶ
1760 1475 1918 1547 τιμῆς
1962 1473 2033 1527 ἱε-

376 1557 596 1635 ρατίκῆς
626 1558 762 1614 κατὰ
781 1557 1008 1623 κανόνας
1052 1556 1458 1629 ἀξιωθήσονται.

452 1640 646 1724 Ἐρώτ.
758 1635 863 1711 ξαῖ.
980 1647 1357 1724 Ἀναγνώστης
1469 1648 1611 1728 παρά
1736 1648 2033 1729 ἡγουμένου

374 1733 679 1815 ἐπιτραπεὶς
771 1733 971 1791 διέπειν
1042 1737 1290 1812 κτήματα
1387 1740 1807 1818 μοναστηριακά,
1893 1737 2029 1795 θέλει

372 1828 730 1903 προκαθῆσθαι
786 1829 892 1880 τῶν
949 1824 1125 1882 ἐκεῖσε
1185 1824 1348 1884 ὄντων
1412 1826 1611 1907 ἱερέων,
1677 1830 1764 1885 καὶ
1827 1827 2028 1885 λοιπῶν

370 1912 663 1994 κληρικῶν,
731 1915 819 1970 καὶ
876 1913 929 1969 ἐν
966 1928 1096 1978 ταῖς
1154 1918 1322 1996 ἱεραῖς
1393 1917 1680 1995 ἁγιστείαις
1740 1919 1874 1994 μετά
1938 1919 2027 1974 τὸν

370 2004 665 2081 ἡγούμενον
722 2006 1165 2081 μνημονεύεσθαι.
1248 2002 1464 2085 Ἐρωτῶ
1537 2010 1706 2065 τοίνυν
1764 2012 1954 2084 μαθεῖν
1983 2009 2026 2064 εί

370 2098 545 2156 καλῶς
576 2094 694 2171 περὶ
735 2093 918 2149 τούτου
948 2092 1274 2174 φιλονεικεῖ.

452 2181 645 2244 Ἀπόκ,
708 2181 861 2247 Τάξις
919 2183 1137 2264 συνέχει
1194 2184 1259 2240 τὰ
1302 2184 1511 2264 οὖράνια
1564 2186 1653 2242 καὶ
1694 2186 1760 2242 τὰ
1790 2187 2020 2267 ἐπίγεια,

2121 658 2371 732 deciSio,
2405 658 2556 719 facta
2587 668 2856 739 tempore
2912 656 3293 738 imperatoris
3342 657 3567 719 domini
3612 659 3773 720 Con-

2120 747 2360 809 stantini
2390 747 2582 828 Porph
2593 768 2612 827 }
2630 756 2989 826 rogennetae,
3010 748 3220 829 primis
3245 748 3469 828 nuptiis
3482 747 3776 809 secundas

2119 835 2179 897 in
2209 836 2488 899 omnibus
2522 836 2868 918 exmquavit.
2916 836 3179 918 ideoque
3238 845 3296 898 et
3353 837 3445 898 sui
3503 836 3773 899 heredes

2118 934 2257 987 sunt
2285 927 2457 1008 patri.
2514 925 2631 989 Sed
2679 934 2738 989 et
2782 927 2883 1005 qui
2941 945 3008 988 ex
3040 926 3271 989 ancillis
3302 929 3443 1002 nati,
3470 936 3538 989 et
3568 926 3772 989 donati

2116 1014 2412 1092 libertate,
2448 1016 2691 1098 parique
2722 1016 2926 1091 modo,
2951 1016 3052 1097 qui
3076 1034 3146 1077 ex
3189 1016 3539 1079 concubinis
3560 1015 3768 1096 geniti,

2118 1123 2236 1166 non
2269 1114 2539 1168 vetantur
2581 1106 2824 1167 sacrari.
2879 1105 3096 1169 Matres
3149 1106 3303 1167 enim
3340 1124 3544 1168 eorum
3572 1105 3770 1187 poenis

2116 1196 2501 1257 scortantium
2551 1196 2939 1257 succiderunt
2967 1206 3017 1270 ε,
3050 1195 3164 1276 ipsi
3198 1203 3403 1257 autem
3434 1195 3582 1257 nihil
3614 1195 3769 1257 deli-

2116 1295 2373 1366 querunt
2408 1307 2421 1348 :
2449 1284 2841 1367 quamobrem
2868 1304 2984 1347 nec
3018 1285 3208 1366 poenis
3238 1284 3664 1364 subjiciuntur.
3692 1285 3772 1348 Ut

2115 1374 2329 1456 reliqui
2356 1375 2537 1453 igitur
2567 1374 2864 1450 homines,
2898 1374 3003 1453 qui
3034 1374 3180 1435 nihil
3207 1383 3548 1457 peccaram,
3583 1376 3770 1436 hono-

2114 1480 2240 1525 rem
2261 1464 3034 1527 sacerdotalemsecundum
3054 1482 3315 1527 canones
3326 1482 3667 1546 eonsequen
3677 1474 3771 1527 tur

2119 1561 2176 1615 et
2206 1552 2342 1635 ipsi.

2194 1643 2417 1706 Interr.
2452 1644 2551 1706 61.
2588 1646 2801 1706 Lector
2831 1650 3121 1725 potestate
3142 1662 3176 1705 a
3208 1642 3467 1724 priore“1
3490 1652 3763 1725 accepta,

2114 1732 2571 1793 administrandi
2634 1733 3043 1812 possessiones
3112 1732 3586 1807 monasteriales,
3643 1734 3769 1794 vult

2052 1798 2091 1848 Β
2114 1823 2455 1902 przecedere
2486 1798 2848 1899 sacerdotes,
2901 1831 2959 1884 et
2989 1821 3135 1883 alios
3166 1822 3418 1884 clericos
3440 1820 3569 1883 illic
3602 1820 3767 1884 exsi»

2111 1919 2355 1985 stentes,
2391 1920 2449 1974 et
2473 1912 2532 1972 in
2556 1913 2775 1972 sanctis
2792 1910 3100 1973 sacriﬁciis
3122 1918 3253 1992 post
3268 1910 3623 1991 praefectum
3657 1930 3765 1973 seu

2111 2000 2374 2080 priorem
2396 2014 2443 2081 ο,
2475 2004 3103 2066 commemorationem
3136 2000 3228 2061 sui
3252 1999 3413 2062 *ﬁeri.
3446 1998 3659 2073 Quaero
3689 2020 3765 2063 an

2107 2101 2269 2151 recte
2306 2092 2382 2151 de
2408 2109 2483 2152 eo
2514 2090 2857 2153 contendat.

2188 2179 2367 2259 Resp.
2430 2176 2589 2241 Ordo
2646 2179 2909 2240 ccelestia
2966 2187 3026 2241 et
3085 2178 3391 2242 terrestria
3472 2178 3760 2241 continet.

378 2273 470 2327 Διὸ
499 2272 589 2327 καὶ
644 2273 672 2326 ὃ
707 2272 901 2349 ιΚύριος
957 2274 1116 2347 ἡμῶν
1168 2269 1380 2340 Ἰησοῦς
1422 2276 1674 2353 Χριστὸς,
1734 2281 1831 2343 τῆς
1864 2266 2021 2333 κενο-

2123 2266 2366 2349 Ideoque
2424 2268 2711 2330 Dominus
2773 2277 2977 2331 noster
3029 2270 3207 2330 .lesus
3264 2266 3536 2331 Christus
3564 2266 3763 2328 inanis

372 2357 539 2425 δοξίας
613 2358 945 2417 ἀναστέλλων
1000 2361 1099 2429 την
1156 2364 1515 2439 ματαιότητα,
1581 2353 1758 2422 (Ὀταν
1815 2365 2020 2445 κληθῇς

2123 2357 2307 2435 gloriae
2334 2358 2647 2419 vanitatem
2678 2356 3035 2438 reprimens,
3090 2358 3237 2420 Cum
3280 2366 3519 2418 vocatus
3550 2356 3757 2431 fueris,

371 2451 445 2512 εἰς
500 2449 671 2527 γέμον
720 2450 821 2506 ὑπό
870 2472 1033 2527 τινος,
1093 2450 1311 2531 ἔφησεν,
1370 2455 1443 2517 εἷς
1501 2454 1889 2534 πρωτοκλισίας
1918 2458 2019 2513 τά-

2123 2447 2319 2527 nqnit,
2353 2447 2426 2508 ad
2485 2445 2720 2527 nuptias
2776 2446 2849 2507 ab
2904 2446 3132 2526 aliquo,
3182 2465 3268 2508 ne
3306 2446 3656 2508 discnmbas
3685 2447 3756 2507 ad

366 2561 542 2606 πητας
586 2539 665 2614 μὴ
708 2538 1018 2621 ἀνακλιθῇς,
1050 2539 1170 2597 ἀλλ’
1228 2543 1301 2604 εἷς
1346 2540 1577 2623 ἔσχατον
1624 2546 1787 2601 τόπον
1831 2545 2026 2602 ἀνάπε-

2123 2534 2620 2617 πίηιίδςευὺιωε
2671 2543 2918 2617 tapetes,
2980 2536 3087 2597 sed
3137 2535 3420 2597 recumbe
3450 2536 3509 2596 in
3540 2535 3757 2597 ultimo

365 2651 457 2685 σον
504 2644 518 2657 ⁸
554 2627 653 2685 ’ἴνα
710 2628 943 2706 ἀκούσῃς
1020 2631 1163 2709 παρὰ
1213 2639 1306 2687 τοῦ
1362 2631 1692 2701 κεκληκότος
1724 2656 1781 2690 σε
1814 2651 1832 2668 ⁶
1867 2636 2017 2717 Φίλε,

2129 2645 2273 2687 oco:
2306 2635 2373 2717 ut
2401 2626 2609 2717 audias
2652 2624 2726 2686 ab
2774 2641 2851 2717 eo
2899 2625 3004 2717 qui
3060 2632 3119 2717 te
3169 2624 3478 2717 invitavit;
3512 2624 3756 2717 Amice,

362 2714 748 2799 προσανάϐηθι,
852 2720 949 2776 Καὶ
1003 2718 1170 2785 οὕτως
1230 2719 1373 2777 ἔσται
1445 2745 1527 2779 σοι
1612 2721 1733 2790 δόξα
1814 2714 2018 2797 πολλήξ

2123 2714 2360 2777 ιεεεηόε
2412 2714 2710 2795 superius.
2772 2714 2842 2775 Et
2896 2716 2978 2776 ita
3030 2714 3151 2776 erit
3178 2714 3298 2775 tibi
3328 2714 3514 2795 gloria
3547 2715 3753 2777 multa.

367 2798 425 2865 Ὀ
474 2814 613 2886 ’γοῦν
663 2813 837 2878 ζητῶν
906 2807 1251 2887 ἀναγνώστης
1319 2812 1420 2889 πρὸ
1504 2812 1611 2868 τῶν
1652 2812 1833 2876 ἱερέων
1886 2819 2018 2872 καθ-

2123 2807 2323 2866 ;ector
2375 2803 2553 2884 igitur
2595 2804 2812 2865 'volens
2866 2813 3005 2866 ante
3038 2804 3398 2866 :sacerdotes
3418 2803 3664 2884 sedere,
3697 2811 3759 2865 et

364 2897 539 2972 ἧσθαι,
572 2897 661 2953 καὶ
704 2898 839 2972 μετά
895 2898 988 2953 τὸν
1057 2899 1353 2975 ἡγούμενον
1425 2903 1868 2978 μνημονεύεσθαι,
1902 2917 2020 2969 τοῖς

2123 2902 2229 2954 )ost
2254 2896 2607 2974 przet'ectum
2631 2892 3150 2970 'commemorari,
3188 2893 3514 2955 Dominicis
3540 2894 3757 2955 adver-

372 2995 650 3065 Κυριακοῖς
721 2986 1111 3067 ἐναντιοφρονεῖ
1162 2988 1628 3068 παραγγέλμασιν,
1690 2994 1750 3048 Εἰ
1786 2990 1841 3048 δὲ
1884 2997 2021 3051 κατὰ

2123 2989 2264 3043 ίαιιιι·
2285 2983 2619 3064 praeceptis.
2671 2983 2836 3055 Quod
2867 2982 2940 3058 si,
2974 2984 3477 3064 quemadmodum
3523 3001 3750 3059 niarras,

367 3076 461 3139 τὴν
492 3074 740 3156 διήγησιν
797 3098 889 3132 σου
938 3078 965 3132 ὁ
1008 3075 1354 3155 ἀναγνώστης
1412 3081 1482 3145 εἰς
1512 3080 1697 3160 χώραν
1738 3079 2015 3160 ἐπιδημεῖ,

2125 3075 2381 3152 εειοτξὶη
2426 3072 2674 3152 regione
2725 3071 3158 3153 peregrinatur,
3209 3072 3468 3154 praefecti
3492 3073 3757 3134 1locumg

363 3165 757 3243 καθηγουμένου
812 3165 975 3221 τόπον
1060 3164 1408 3247 ἀναπληρῶν,
1470 3167 1753 3235 ἀκινδύνως
1813 3170 2016 3246 μᾶλλον

2127 3162 2378 3243 mplens,
2416 3163 2547 3224 sine
2577 3162 2865 3243 periculo,
2894 3164 2982 3225 vel
3004 3162 3472 3243 potinsmerito,
3502 3171 3755 3225 conten-

362 3251 417 3309 δὲ
488 3253 642 3320 ἀξίως
696 3253 992 3335 φιλονεικεῖ
1048 3256 1149 3333 πρὸ
1205 3261 1312 3313 τῶν
1363 3257 1543 3339 ἱερέων
1599 3262 1880 3328 καθῆσθαι,
1930 3263 2016 3317 καὶ

2123 3253 2180 3314 Iit
2212 3262 2350 3316 ante
2382 3255 2725 3318 sacerdotes
2748 3254 2961 3317 sedere
2993 3264 3050 3317 et
3068 3254 3553 3331 commemorari,
3579 3254 3759 3323 veluti

362 3344 804 3421 μνημονεύεσθαι,
838 3345 911 3408 ὡς
963 3344 1127 3401 τόπον
1187 3344 1402 3427 ἐπέχων
1486 3355 1578 3405 τοῦ
1634 3348 2014 3428 ἐπιτρέψαντος

2123 3362 2294 3405 ocum
2352 3343 2662 3406 obstinens
2719 3346 2874 3426 ejus,
2926 3344 3027 3426 qni
3086 3345 3383 3408 mandavit
3423 3345 3479 3407 ei
3515 3363 3753 3408 munus.

361 3436 530 3518 «imp
576 3436 639 3489 τὸ
696 3432 1079 3514 λειτουργημα,
1158 3436 1255 3493 Καὶ
1322 3439 1635 3518 παρίσταται
1705 3447 1858 3497 τοῦτο
1908 3442 2013 3498 ἀπὸ

2127 3433 2283 3515 dque
2313 3434 2645 3496 ostenditur
2674 3452 2707 3496 e
2737 3452 2964 3496 canone
2993 3434 3247 3515 septimo
3274 3442 3500 3497 sanctae
3516 3442 3575 3496 et
3595 3453 3753 3497 aecu-

358 3530 451 3579 τοῦ
479 3512 530 3595 ζ’
570 3524 792 3588 κανόνος
1020 3523 1079 3582 ἐν
1135 3512 1411 3602 Τρούλλῳ’
1436 3537 1529 3587 τοῦ
1585 3528 1819 3607 μεγάλου
1847 3528 2019 3587 παλα-

2123 3512 2350 3584 ηέηἰρω
2380 3532 2560 3585 sextae
2580 3524 2819 3605 synodi,
2846 3512 3217 3603 congregata:
3238 3524 3299 3585 in
3326 3524 3530 3587 Troilo
3557 3524 3757 3604 magni

361 3612 470 3672 νίου
524 3614 792 3681 συστάσης
852 3614 1005 3692 ἁγίας
1062 3615 1152 3671 καὶ
1208 3616 1580 3692 οἰκουμενικῆς
1651 3608 1735 3691 ς’
1802 3617 2018 3676 συνόδου

2123 3612 2325 3693 ialatii,
2348 3614 2485 3674 'hzec
2516 3614 2576 3674 in
2638 3623 2805 3693 parte
2852 3614 3267 3695 persequentis
3302 3630 3315 3675 :
3352 3612 3418 3675 In
3450 3616 3757 3677 nonnullis

359 3701 414 3757 ἐν
485 3702 631 3783 μέρει
702 3714 865 3763 ταῦτα
929 3702 1231 3770 διεξιόντος.
1335 3709 1731 3784 Μεμαθοζκχμεν
1788 3707 1841 3765 ἔν
1910 3731 2017 3766 τισι

2123 3701 2386 3764 Εεοιοείἱε
2444 3702 2727 3764 diacones
2800 3703 2995 3765 ofﬁcia
3066 3702 3474 3765 ecclesiastica
3531 3704 3755 3766 habere

358 3797 465 3849 τῶν
521 3790 856 3861 Ἐκκλησιῶν
903 3792 1171 3859 διακόνους
1228 3795 1371 3860 τινὰς
1428 3794 1667 3871 αὐθαδείᾳ
1725 3799 1812 3854 καὶ
1856 3802 2016 3857 αὖτο-

2123 3792 2457 3855 lidicimus:
2493 3802 2551 3854 et
2577 3812 2646 3854 ex
2679 3792 2791 3855 hoc
2823 3792 3139 3854 nonnullos
3164 3811 3392 3874 eorum,
3419 3795 3755 3873 arrogantia

360 3882 515 3958 νομίᾳ
572 3882 965 3963 κεχρημένους,
1038 3889 1240 3962 τολμᾷν
1308 3887 1411 3965 πρὸ
1484 3892 1588 3942 τῶν
1656 3885 2017 3968 πρεσϐυτέρων

2123 3891 2161 3945 ξι
2190 3881 2430 3944 licentia
2457 3883 2640 3944 fretos
2661 3890 2798 3944 ante
2822 3881 3200 3964 presbyteros
3240 3881 3453 3944 sedere
3481 3903 3493 3945 :
3536 3884 3751 3944 statui-

356 3973 2008 4053 καθέζεσθαι,..⁶.........

2123 3991 2251 4052 nus,
2277 3981 2341 4033 ut
2370 3971 2679 4053 diaconus,
2718 3971 2951 4035 etiamsi
2981 3971 3041 4032 in
3092 3969 3400 4050 dignitate,
3453 3970 3513 4031 id
3546 3981 3655 4048 est,
3692 3973 3751 4036 in

356 4061 583 4128 ἐκτὸς-εἷ
641 4064 720 4140 μὴ
779 4065 840 4120 τὸ
910 4066 1193 4141 πρόσωπον
1238 4065 1454 4147 ἐπέχων
1503 4077 1597 4127 τοῦ
1650 4069 1840 4127 οἰκείου
1894 4093 2009 4127 πα-

2123 4062 2299 4145 [novis
2330 4062 2407 4124 sit
2463 4060 2657 4124 ofﬁcio
2690 4060 3111 4137 ecclesiastica,
3167 4068 3305 4122 ante
3330 4058 3749 4141 presbyterum

354 4156 632 4236 τριάρχου,
693 4155 730 4224 ἢ
788 4155 1202 4234 μητροπολίτοο,
1234 4156 1287 4213 ἐν
1357 4158 1508 4239 ἐτέρα
1561 4158 1715 4217 πόλει
1764 4164 2005 4242 ’παραγί-
2092 4152 2394 4215 πολεεάεῖιι
2425 4173 2439 4213 ;
2470 4150 3226 4242 praterquam,sitproprii
3248 4149 3619 4242 patriarchae,
3657 4160 3755 4221 vel

354 4264 535 4326 νηται,
568 4243 655 4302 ἐπί
680 4266 783 4301 τινι
813 4244 1105 4326 κεφαλαίῳ.
1168 4247 1298 4306 Τότε
1339 4249 1461 4328 γὰρ,
1522 4252 1593 4316 ὡς
1662 4252 1754 4307 τὸν
1810 4241 2007 4310 ἐκείνου

2123 4242 2539 4326 netropolitani
2586 4243 2775 4306 vicem
2807 4261 3045 4323 gerens,
3078 4241 3233 4302 adsit
3260 4241 3322 4303 in
3355 4242 3470 4304 alia
3508 4241 3748 4305 civitate

354 4332 518 4390 τόπον
567 4333 910 4415 ἀναπληρῶν,
959 4338 1331 4417 τιμηθήσετρι.

2124 4350 2275 4415 uper
2320 4334 2527 4415 aliquo
2581 4332 2795 4415 capite.
2856 4332 3025 4396 Tunc
3076 4330 3331 4393 ειιὶηιύι
3360 4332 3556 4395 locum
3590 4332 3750 4395 illius

2096 4421 2376 4504 implens,
2411 4425 2833 4487 honorabitur.

436 4512 630 4595 Ἐρώτ.
702 4503 809 4591 ξβ’.
895 4512 1307 4597 Ἀγροικώτερος
1402 4518 1567 4599 ἱερεὺς
1651 4520 1743 4576 ἐὰν
1836 4521 2010 4601 τρίτου

2172 4503 2397 4577 Interr.
2431 4516 2531 4578 62.
2556 4513 2861 4595 Agrestior
2884 4514 3170 4577 sacerdos
3192 4513 3241 4578 si
3261 4513 3419 4578 tertii
3443 4510 3748 4575 matrimo-

354 4603 529 4683 γάμου
592 4603 904 4684 ’ἱερολογίαν
986 4608 1213 4685 ποιήσῃ,
1313 4608 1413 4676 τὴν
1492 4609 1835 4689 τριτογαμίαν
1931 4612 2010 4667 εἷο

2123 4604 2179 4667 iii
2210 4623 2439 4667 sacram
2454 4604 2945 4668 benedictionem
2964 4604 3164 4667 sciens
3181 4603 3413 4681 fecerit,
3439 4602 3749 4685 punietur,

357 4691 484 4775 δὼς,
542 4693 855 4770 κολασθειη,
913 4694 949 4764 ἢ
1008 4699 1080 4762 ὡς
1125 4707 1389 4779 χωρίτης,
1464 4700 1784 4778 συγγνώμης
1845 4696 2009 4766 ἀξιω-

2123 4711 2193 4769 m,
2228 4708 2293 4755 ut
2316 4691 2605 4769 rusticus,
2636 4692 2869 4756 veniam
2900 4691 3287 4756 merebitur'?

352 4785 570 4855 θήσεται
598 4803 615 4867 ;

428 4863 630 4937 "Aridi.
687 4863 745 4932 Ὀ
824 4873 923 4951 μὲν
993 4875 1193 4957 φάκτον
1248 4876 1539 4956 ἀγνοήσας,
1618 4883 1734 4946 οἷος
1802 4878 1867 4936 ἂν
1912 4883 2009 4937 οιαὶ

352 4962 517 5039 ἔστιν,
566 4962 803 5030 ἀξιοῦται
860 4966 997 5023 κατὰ
1053 4965 1243 5042 νόμους
1296 4968 1606 5047 συγγνώμες
1654 4990 1667 5003 ·
1716 4972 1746 5027 ὁ
1800 4967 1855 5027 δὲ
1912 4970 2008 5026 νό-

352 5076 454 5131 μον
512 5055 814 5134 ίάγνοήσας,
882 5055 1318 5135 συγγινώτκεται.
1368 5052 1530 5115 Ἐπεὶ
1608 5056 1663 5115 δὲ
1734 5058 1838 5117 ἀπὸ
1909 5060 2008 5129 τῆς

353 5150 556 5224 Νεαρᾶς
607 5144 912 5220 νομοθεσίας
994 5156 1087 5206 τοῦ
1181 5145 1421 5223 ἀοιδίμου
1490 5148 1755 5227 βασιλέως
1833 5152 2010 5231 κυρίου

353 5235 748 5292 Κωνσταντίνου
829 5242 924 5292 τοῦ
992 5239 1485 5317 Πορφυρογεννήτου
1569 5241 1598 5296 ὁ
1670 5241 1839 5319 τρίτος
1902 5229 2011 5320 γά-

2123 5241 2393 5316 ;ennetze,
2426 5232 2612 5296 tertia:
2662 5231 2884 5313 nuptiae
2917 5230 3128 5313 partim
3159 5238 3298 5293 sunt
3327 5229 3497 5293 venia
3529 5231 3744 5320 dignae,

353 5346 455 5399 μος
498 5328 576 5392 πῆ
618 5322 716 5400 μὲν
774 5326 1138 5404 συγγνωστέος
1196 5326 1330 5408 ἐστὶ,
1390 5332 1468 5396 πῆ
1526 5326 1579 5385 δὲ
1636 5319 2011 5410 ἀσύγγνωστος

2123 5324 2309 5387 »ιιι-ιίη]
2364 5324 2613 5386 minime
2662 5326 2820 5402 (nam
2880 5320 2981 5403 qui
3012 5339 3081 5383 ex
3113 5320 3328 5403 primo,
3354 5320 3449 5410 vel
3480 5319 3746 5410 secundo

348 5414 423 5493 (οἱ
456 5415 558 5495 γὰρ
611 5412 830 5495 ἔχοντες
876 5413 1074 5482 παῖδας
1132 5415 1192 5474 ἐκ
1259 5417 1471 5498 πρώτου
1520 5418 1557 5487 ἢ
1614 5408 1852 5501 δευτέρου
1907 5422 2008 5502 γά-

2123 5413 2717 5478 natrimoniohabent
2747 5410 2994 5494 liberos,
3017 5418 3076 5474 et
3091 5410 3193 5492 qui
3225 5408 3745 5492 quadragesimum

2170 4868 3750 4954 RespiQuifactumignoratqualiscunquesit,legibus

2090 4970 2406 5026 excusatur
2436 4984 2451 5024 :
2486 4963 2589 5046 qni
2637 4969 2835 5025 autem
2860 4963 3058 5043 legem
3082 4960 3325 5042 ignorat
3360 4959 3596 5022 veniam
3632 4979 3751 5023 non

2092 5053 2819 5135 consequitur.'Quoniam
2842 5061 3040 5115 autem
3066 5050 3306 5114 Novella
3324 5049 3751 5113 constitutione

2095 5142 2299 5224 inclyti
2329 5143 2730 5225 imperatoris,
2750 5141 2979 5203 domini
3012 5139 3391 5205 Constantini
3421 5142 3750 5222 Porpher-

1700 5598 1929 5665 VARIE
1974 5595 2400 5664 LECTIONES.

434 5754 456 5786 c
484 5723 751 5789 obnoacia
776 5723 1056 5805 fuerunt.
1100 5719 1128 5762 (³
1154 5725 1232 5789 ab
1257 5725 1499 5795 abbate.
1531 5735 1555 5764 '
1573 5736 1711 5809 post
1733 5729 2036 5798 abbatem.
2068 5729 2090 5773 ί
2111 5728 2413 5794 abbatem.
2444 5737 2474 5781 σ
2496 5726 2730 5789 abbatis
2758 5727 2957 5789 viceris
2983 5742 3217 5808 gerens.
