4128 6434
404 379 552 446 1091
1782 379 1814 440 J
1820 377 1916 441 US
1957 373 2405 442 GANONICUM
3639 367 3794 436 1099.

395 513 588 579 astatis
619 531 847 577 annum
875 521 1280 594 excesserunt,
1312 512 1518 576 tertias
1549 513 1904 577 contrahere
1935 531 2025 576 n01

2168 531 2261 582 ιου,
2295 510 2383 566 καὶ
2412 510 2459 565 οἶ
2489 506 2907 588 τεσσαρακοστὸν
2938 507 3134 589 χρόνον
3203 510 3302 577 τῆς
3359 504 3568 575 ἡλικίας
3625 509 3798 566 αὐτῶν

396 612 663 687 possunt;
694 623 707 668 :
734 604 992 668 dicimus
1018 593 1415 679 sacerdotem,
1437 603 1893 686 quihujusmodi
1910 603 2026 666 veti

2161 595 2584 678 »περαναϐάντες,
2672 598 2843 677 τρίτον
2928 596 3298 655 συνολλάττειν
3384 598 3442 654 οὔ
3494 593 3753 671 δύνανται)
3779 613 3791 627 ·

395 686 594 756 tarum
629 693 967 774 nuptiarum
990 692 1474 756 benedictionem
1499 693 1730 767 fecerit,
1752 692 2025 774 deponen

2163 687 2312 765 upév
2367 686 2446 743 ὅτι
2491 690 2518 744 ὁ
2554 688 2792 744 τοιούτου
2850 686 3218 764 κεκωλυμένου
3276 686 3450 765 τρίτου
3490 686 3661 765 γάμου
3689 689 3793 742 15--

395 783 537 846 dum
573 801 704 846 esse
741 803 756 848 :
791 784 924 864 ejus
954 783 1114 846 enim
1175 801 1376 846 crassa
1399 791 1489 845 est
1517 781 1666 862 legis
1697 781 2025 862 ignorantia

2162 775 2383 855 μολογίαν
2454 778 2766 844 πεποιηκώς
2831 779 3017 858 ἱερεὺς,
3064 777 3397 858 καθαιρετέος
3444 779 3582 835 εστίν
3614 798 3628 812 ·
3681 800 3792 834 πα-

399 871 624 936 Rustici
649 882 847 936 autem
880 873 931 936 si
959 871 1345 936 subtilitatem
1373 872 1522 952 legis
1544 872 1838 954 ignorent,
1874 873 2029 934 inter

2166 867 2350 940 [ύτητα
2379 868 2479 946 γὰρ
2526 867 2690 942 νόμου
2743 869 3029 946 ἠγνόησεν.
3091 871 3150 925 Οἱ
3208 866 3262 923 δὲ
3307 882 3561 949 χωρῖται,
3596 867 3796 926 λεπτό-

398 961 542 1024 dum
575 969 955 1041 excusantur,
989 981 1108 1026 non
1162 970 1380 1039 tamen,
1416 962 1466 1024 si
1494 961 1772 1024 omnibus
1801 961 2028 1024 manifel

2167 979 2276 1023 ἠτα
2310 955 2472 1033 νόμου
2502 956 2832 1035 ἡγνοηκότες
2871 957 3034 1014 ἐνίοτε
3078 958 3554 1036 συγγινώσκονται,
3602 959 3660 1015 οὗ
3690 957 3797 1032 μὴν

400 1060 491 1116 sta
513 1055 673 1134 jura.

2139 1048 2204 1102 τὰ
2230 1051 2360 1119 πᾷσι
2391 1044 2526 1115 δῆλα
2557 1046 2780 1134 νόμιμα,

481 1125 722 1206 Interr.
739 1142 838 1206 63.
857 1141 1073 1206 Mulier
1084 1142 1352 1223 quaedam
1367 1161 1401 1204 a
1421 1141 1663 1225 proprio
1681 1150 1844 1221 patre
1858 1147 2058 1203 coacta

2222 1134 2412 1215 Ἐρώτ.
2488 1125 2590 1214 ξγ’.
2655 1139 2791 1207 Γυνή
2853 1159 2931 1200 τις
3018 1136 3421 1216 ἆναγκαζομένη
3505 1137 3649 1216 παρὰ
3703 1143 3795 1194 τοῦ

398 1230 663 1313 legitime
694 1231 975 1312 conjungi
1008 1231 1156 1309 viro,
1192 1239 1250 1295 et
1279 1232 1485 1295 videns
1517 1231 1886 1309 obligatoriis
1913 1230 2028 1293 scri

2165 1226 2332 1283 νίκείου
2401 1226 2598 1305 πατρὸς
2703 1227 2942 1303 νομίμως
3047 1229 3400 1306 συζευχθῆναι
3473 1225 3632 1307 ἀνδρὶ,
3707 1227 3795 1284 καὶ

401 1323 516 1404 ptis
540 1322 885 1402 conjugium
919 1341 953 1384 a
986 1329 1150 1403 patre
1181 1321 1503 1404 munitum,
1562 1319 1864 1401 indicavit,
1898 1339 2031 1401 qum

2167 1313 2404 1372 ,λέπουσα
2461 1314 2529 1370 δι’
2613 1315 2890 1396 ἐγγράφων
2961 1315 3302 1394 δεσμωτικῶν
3379 1317 3477 1386 τήν
3553 1317 3797 1396 συζυγίαν

398 1419 562 1474 recte
590 1411 808 1475 factum
871 1419 1023 1488 erat,
1083 1411 1321 1474 cuidam
1379 1410 1665 1473 amatorie
1696 1428 1835 1491 erga
1865 1409 2028 1492 ipsan

2165 1406 2238 1462 ιπὸ
2286 1415 2378 1464 τοῦ
2432 1407 2630 1486 πατρὸς
2685 1405 3136 1489 ἀσφαλιζομένην,
3197 1408 3414 1484 μήνυμα
3459 1406 3603 1464 ἔθετο
3662 1407 3795 1481 πρός

401 1502 639 1565 affecto.
667 1499 778 1562 Hic
798 1509 1024 1582 autem,
1049 1507 1114 1563 ut
1136 1501 1366 1582 perdite
1383 1519 1612 1582 amans,
1638 1499 1784 1562 nihil
1806 1491 2031 1562 cuncta-

2160 1517 2256 1550 τινα
2311 1491 2637 1569 διακείμενον
2691 1495 2956 1575 ἐρωτικῶς
3009 1499 3137 1576 πρὸς
3204 1497 3370 1565 αὐτὴν
3427 1503 3519 1554 τοῦ
3571 1495 3790 1576 γινομέ-

397 1599 516 1672 tus,
548 1608 683 1652 cum
714 1578 1021 1652 nonnullis
1074 1578 1164 1652 rei
1218 1590 1442 1669 ignaris
1496 1578 1895 1652 familiaribus
1929 1589 2022 1650 sui

2160 1607 2230 1640 νου
2257 1582 2443 1644 καλου.
2482 1578 2538 1643 ῑΟ
2590 1583 2669 1658 δὲ,
2728 1583 2893 1661 μηδὲν
2954 1585 3249 1667 μελλήσας,
3307 1588 3379 1649 ὡς
3412 1586 3790 1666 ἐρωτομανῶν,

397 1687 571 1742 nocte
592 1679 842 1761 quadam
871 1679 932 1740 in
959 1679 1225 1742 mulieris
1246 1679 1615 1742 domicilium
1638 1679 1874 1761 irrupit,
1900 1697 2026 1741 cam

2164 1673 2274 1730 ιετά
2329 1696 2486 1731 τινων
2559 1673 2888 1731 ἀπαιδεύτων
2957 1677 3192 1746 συνήθων
3277 1677 3420 1751 αὒτῷ
3491 1676 3545 1732 ἐν
3599 1676 3794 1751 ἑσπερᾷ

396 1788 513 1852 que
541 1755 833 1831 volentem
892 1769 1108 1851 rapuit,
1163 1769 1532 1850 abduxitque
1587 1755 1828 1831 domum
1858 1785 2024 1831 suam

2159 1770 2234 1836 ιιᾷ
2263 1763 2359 1831 τὴν
2405 1765 2500 1833 τῆς
2531 1767 2776 1843 γυναικὸς
2826 1767 3096 1822 κατοικίαν
3153 1763 3411 1823 κατέλαϐε
3447 1783 3460 1796 ·
3514 1768 3601 1822 καὶ
3657 1765 3789 1822 ταύ-

395 1858 552 1920 intra
599 1857 750 1919 ﬁnes
802 1857 952 1920 alius
1013 1858 1298 1921 territorii
1355 1858 1529 1922 sitam
1583 1857 1814 1935 Quaero,
1849 1876 1923 1919 an
1954 1877 2025 1939 qu

2161 1853 2235 1920 τὴν
2272 1852 2471 1934 ἥρπασε
2521 1853 2797 1935 θέλουσαν,
2859 1855 2946 1910 καὶ
2989 1854 3265 1934 ἀπήγαγεν
3312 1857 3383 1920 εἷς
3440 1856 3539 1923 τὴν
3601 1878 3791 1912 κατοι-

401 1947 576 2009 talem
596 1955 831 2028 raptum
859 1947 1049 2009 moliti
1073 1958 1234 2025 sunt,
1262 1947 1490 2030 possint
1514 1965 1619 2029 per
1634 1965 1860 2010 sacram
1876 1945 2031 2010 bene

2162 1946 2253 2000 :iav
2319 1946 2498 2020 αὺτοῦ,
2559 1944 2898 2022 διακειμένην
2969 1948 3040 2010 εἷς
3097 1946 3277 2027 ἑτέρου
3366 1948 3567 2028 χωρίου
3637 1971 3792 2028 περι-

399 2035 723 2099 dictionem
749 2038 1036 2100 canonice
1057 2037 1360 2118 conjungi:
1387 2035 1664 2114 maxime,
1691 2055 1822 2100 cum
1844 2035 2029 2118 puella

2162 2036 2302 2114 ιχήν.
2342 2033 2558 2116 Ἐρωτῶ
2629 2036 2716 2092 οὖν
2773 2039 2962 2112 μαθεῖν
3020 2038 3064 2092 εἰ
3121 2034 3362 2093 δύνανται
3389 2037 3472 2095 δια
3501 2037 3792 2118 ίερολογίας

400 2132 678 2206 parentes
707 2124 855 2188 illud
891 2126 1069 2189 modo
1101 2125 1235 2190 ﬁeri
1262 2126 1467 2191 velint.

2164 2132 2436 2190 ιανονικῶς
2467 2129 2788 2206 συναφθῆναι
2846 2128 2891 2181 οἱ
2924 2125 3061 2182 οὕτω
3114 2127 3213 2194 τὴν
3269 2127 3516 2194 τοιαύτην
3547 2127 3794 2207 ἁρπαγὴν

2145 2215 2581 2280 συσκευάσαντες.
2646 2216 2744 2273 Καὶ
2799 2217 2846 2272 οἱ
2906 2229 3086 2294 γονεῖς
3142 2217 3243 2297 γὰρ
3286 2220 3383 2284 τῆς
3431 2220 3683 2298 γυναικὸς
3713 2217 3797 2274 θέ-

2085 2308 2108 2334 ’
2141 2302 2321 2362 λουσιν
2349 2305 2538 2386 ἀρτίως
2581 2306 2735 2362 τοῦτο
2763 2305 3023 2384 γενέσθαι,

479 2391 944 2474 Resp.Tertium
969 2401 1148 2476 caput
1163 2393 1240 2459 58
1261 2393 1345 2456 tit.
1377 2393 1458 2456 lib
1483 2393 1561 2458 60
1586 2392 1900 2472 Basilicon,
1926 2393 2054 2458 haec

2220 2382 2412 2454 Ἀπόκ.
2448 2396 2519 2454 Τὸ
2545 2384 2600 2475 γ’
2643 2382 2932 2475 κεφάλαιον
2987 2400 3081 2451 τοῦ
3110 2382 3203 2460 vn.
3248 2393 3425 2451 τίτλου
3495 2404 3586 2454 τοῦ
3642 2393 3685 2462 ξ’
3715 2396 3796 2473 βι-

394 2483 476 2546 ait
508 2482 880 2546 nominatim.
916 2482 1003 2545 Ne
1034 2483 1218 2545 nubat
1265 2492 1432 2566 rapta
1485 2484 1738 2565 raptori.
1771 2483 1890 2546 Sed
1917 2491 2024 2546 ets

2161 2480 2281 2540 ἶλιου
2310 2491 2416 2540 τῶν
2451 2484 2746 2541 Βασιλικῶν
2800 2484 2965 2540 ταῦτά
2995 2506 3124 2564 φησι
3181 2483 3357 2561 ῥητῶς
3394 2505 3408 2521 ν
3473 2485 3565 2552 Μὴ
3597 2486 3791 2564 γαμεί-

395 2572 493 2634 tali
525 2571 797 2652 conjugio
823 2581 1101 2653 parentes
1129 2574 1259 2653 ejus
1290 2574 1686 2656 consentiant,
1713 2574 1919 2636 exsilio
1937 2575 2025 2635 cir

2159 2576 2241 2630 θω
2314 2575 2349 2642 ἡ
2408 2575 2712 2655 ἁρπαγεῖσα
2767 2581 2844 2649 τῷ
2901 2575 3192 2653 ἁρπάσαντι
3238 2575 3402 2644 αὐτήν
3447 2591 3462 2606 ’
3525 2573 3663 2631 ἀλλὰ
3706 2598 3789 2632 κα

393 2661 896 2724 cumscribuntur.
925 2661 1096 2724 Et‘27
1123 2681 1310 2724 canon
1336 2671 1556 2725 sancta:
1579 2671 1640 2726 et
1662 2662 2023 2725 (ecumenica

2160 2664 2174 2718 ἰ
2246 2665 2602 2721 συναινέσουσι
2671 2671 2748 2738 τῷ
2832 2664 3056 2738 τοιούτῳ
3140 2664 3450 2739 συνοικεσίῳ
3493 2667 3540 2720 οἱ
3601 2679 3790 2745 γονεῖς

394 2757 617 2832 quartae
645 2750 852 2830 synodi
877 2751 1001 2813 haec
1026 2751 1256 2833 inquit:
1285 2771 1412 2834 eos,
1431 2753 1535 2832 qui
1553 2751 1794 2814 nomine
1825 2753 2024 2833 conju-

2151 2753 2318 2826 ιύτῆς,
2371 2755 2772 2834 περιορίζονται.
2849 2754 2946 2812 Καὶ
3015 2755 3044 2808 6
3109 2742 3194 2825 κζ’
3237 2754 3409 2810 κανὼν
3467 2756 3564 2822 τῆς
3616 2742 3781 2834 ’ἁγίας

392 2837 476 2916 gii
505 2837 787 2900 mulieres
829 2839 1088 2920 rapiunt,
1129 2840 1219 2902 vel
1251 2833 1425 2922 opem
1456 2842 1655 2904 ferunt
1683 2859 1752 2903 ac
1782 2860 2022 2904 consen-

2154 2843 2214 2898 ιαὶ
2256 2844 2626 2919 οἷκουμενικῆς
2689 2833 2737 2898 δ’
2803 2841 3018 2900 συνόδου
3060 2853 3224 2902 ταῦτα
3280 2865 3409 2924 φησι
3444 2859 3457 2874 ·
3522 2845 3652 2909 Τοὺς
3682 2845 3784 2925 ἆρ-

394 2929 547 2989 tiunt
576 2926 673 3003 iis,
695 2928 796 3008 qui
844 2929 1116 3009 rapiunt;
1161 2930 1668 3011 statuitsynodus,
1691 2930 1741 2992 si
1762 2931 1881 2992 sint
1907 2930 2024 3012 qui-

2163 2933 2388 3004 ςάζοντας
2470 2933 2730 3012 γυναῖκας
2834 2931 2920 2990 ἐπ’
3006 2932 3224 3008 ὀνόματι
3311 2935 3665 3015 συνοικεσίου,
3757 2934 3793 3002 η’

391 3017 530 3079 dem
581 3015 806 3099 clerici,
869 3019 1112 3099 proprio
1143 3019 1335 3098 gradu
1367 3019 1644 3098 excidere
1680 3042 1692 3079 :
1726 3021 1817 3082 sin
1847 3029 2021 3082 auten

2142 3022 2582 3100 τυμπράττοντας,
2643 3023 2679 3091 ἢ
2735 3021 3136 3102 συναιρομένους
3219 3035 3338 3087 τοῖς
3428 3024 3772 3105 ἁρπάζουσιν,

393 3106 556 3188 laici,
579 3107 1087 3171 anathematizari.
1114 3107 1514 3180 Quamobrem
1537 3117 1593 3170 et
1617 3127 1726 3171 nos
1749 3110 1873 3171 haec
1895 3109 2023 3189 legi.

2139 3110 2314 3191 ὥρισεν
2352 3114 2386 3180 ἡ
2418 3110 2541 3191 ἄγία
2597 3111 2833 3194 σύνοδος,
2879 3114 2922 3168 εί
2966 3112 3062 3188 μὲν
3129 3111 3372 3193 κληρικοὶ
3432 3113 3571 3190 εἷεν,
3619 3114 3769 3170 ἐκπί-

394 3194 538 3256 time
567 3195 974 3277 canoniceque
1006 3197 1331 3259 constituta
1362 3204 1705 3278 sequentes,
1739 3197 1996 3261 dicimus

2154 3223 2284 3257 πτειν
2339 3209 2429 3260 τοῦ
2484 3204 2688 3280 βαθμοῦ
2719 3219 2735 3234 ’
2822 3205 2865 3259 εἰ
2921 3200 2975 3258 δὲ
3056 3201 3236 3260 λα’ίκοὶ
3293 3203 3784 3280 ἀναθεματίζεσθαι.

395 3285 446 3346 si
475 3303 597 3361 res,
654 3291 718 3346 ut
775 3285 1240 3365 interrogatione
1300 3294 1399 3348 tua
1453 3286 1839 3370 proposuisti,
1874 3288 1956 3352 ita
1987 3307 2025 3351 St

2162 3292 2234 3348 n6
2263 3293 2349 3348 καὶ
2405 3294 2568 3368 ἡμεῖς
2654 3306 2774 3357 τοῖς
2823 3293 2962 3350 οὕτω
3006 3289 3433 3373 διατεταγμένοις
3466 3295 3704 3372 νομίμως
3733 3317 3792 3352 τε

394 3373 578 3435 habet
605 3394 622 3448 ;
651 3391 847 3455 neque
877 3377 1115 3456 nuptias
1144 3376 1370 3438 futuras
1401 3375 1558 3438 inter
1599 3385 1829 3458 raptam
1859 3385 1914 3441 et
1947 3397 2024 3440 ra«

2161 3382 2226 3438 ιαὶ
2311 3389 2602 3446 κανονικῶς
2693 3382 3171 3464 ἀκολουθήσαντες,
3258 3381 3486 3463 λέγομεν
3577 3387 3649 3450 ὡς
3747 3387 3791 3441 εἶ

395 3471 650 3543 plorem,
701 3472 758 3524 et
789 3464 838 3524 si
889 3473 1060 3544 pater
1108 3465 1270 3528 illius
1324 3484 1454 3528 rem
1485 3465 1774 3547 approbet
1807 3487 1820 3528 :
1855 3486 2025 3550 nequi

2157 3469 2308 3535 ιῦτως
2359 3470 2546 3551 ἔχουσι
2590 3473 2655 3533 τὰ
2695 3475 2790 3529 τοῦ
2830 3473 3140 3553 πράγματος
3199 3473 3374 3535 καθὼς
3434 3476 3468 3542 ἠ
3527 3472 3787 3554 ἐρώτησις

391 3560 598 3634 raptus
628 3571 834 3634 poenas
866 3554 1232 3644 eﬂ‘ugituros,
1267 3555 1368 3636 qui
1391 3556 1518 3637 ejus
1553 3555 1774 3644 fuerint
1802 3557 2021 3620 conscii

2163 3559 2504 3641 περιέστησεν,
2581 3562 2696 3618 οὔτε
2753 3566 2926 3642 γάμος
2971 3564 3252 3641 γενήσεται
3308 3563 3502 3639 μεταξὺ
3566 3563 3661 3631 τῆς
3693 3564 3793 3644 ἆρ-

394 3642 502 3734 sed
534 3642 714 3703 etiam
744 3643 952 3705 ultimo
985 3643 1226 3706 affectos
1252 3645 1326 3706 iri
1358 3643 1674 3726 supplicio.

2163 3651 2392 3730 ταγείσης
2423 3653 2628 3708 καὶτοῦ
2711 3652 3066 3733 ἁρπάσαντος,
3112 3652 3207 3710 κᾶν
3273 3655 3300 3709 6
3357 3654 3534 3734 πατὴρ
3590 3642 3793 3728 ταύτης

394 3733 706 3804 ἀσπάζηται
737 3733 796 3789 τὸ
827 3735 1130 3816 γινόμενον,
1161 3735 1275 3793 οὔτε
1304 3759 1371 3792 τα
1398 3738 1496 3802 τῆς
1531 3735 1776 3815 ἁρπαγῆς
1810 3736 2048 3813 ἐπιτίμια
2073 3737 2440 3820 διαδράσουσιν
2469 3743 2515 3797 οἱ
2543 3742 2741 3810 ταύτης
2815 3742 3135 3823 συνίστορες,
3192 3740 3330 3799 ἀλλὰ
3397 3744 3484 3799 καὶ
3510 3733 3514 3734 ί
3542 3743 3794 3825 ἐσχάτως

389 3824 875 3902 τιμωρηθήσονται,

474 3911 696 3974 lnterr.
831 3912 1042 4004 Mulier
1063 3914 1329 3995 quaedam
1344 3913 1505 3993 gravi
1521 3913 1728 3977 morbo
1749 3915 2046 3994 laborans,

2212 3919 2406 3999 Ἐρώτ,
2507 3911 2603 3987 ξς’.
2692 3923 2829 3992 Γυνή
2909 3944 2989 3986 τις
3074 3919 3334 4000 ἀρῤωστίᾳ
3432 3935 3792 4004 περιπεσοῦσα

394 4009 571 4063 nocte
624 4001 762 4062 mali
813 4003 1193 4065 afﬂictionem
1234 4005 1376 4081 ulta,
1409 4005 1667 4085 seipsam
1701 4006 1761 4067 in
1794 4015 2024 4069 morten

2161 4015 2300 4090 εινῇ,
2368 4011 2423 4066 ἐν
2478 4010 2590 4091 ὥρᾳ
2665 4018 2964 4091 νυκτερινῇ,
3045 4011 3136 4067 τοῦ
3208 4014 3512 4088 νοσήματος
3583 4015 3791 4090 ἀμυνο-

395 4091 669 4184 projecit,
707 4100 764 4152 et
791 4091 999 4154 mortis
1036 4093 1230 4184 hausit
1259 4094 1562 4176 poculum.
1597 4092 1700 4156 Vir
1728 4095 1882 4178 ejus,
1910 4115 2025 4159 cun

2162 4099 2266 4166 ιένη
2325 4097 2476 4173 δῆθεν
2547 4101 2646 4169 τὴν
2703 4103 2958 4176 κάκωσιν,
3041 4101 3232 4169 ἑαυτὴν
3306 4103 3378 4165 εἷς
3435 4104 3656 4161 θάνατον
3710 4105 3792 4184 ἔῤ-

392 4180 582 4240 lector
633 4187 774 4242 tunc
833 4191 1015 4274 esset,
1064 4183 1380 4274 bodieque
1436 4184 1534 4266 sit,
1597 4184 1830 4264 quaerit,
1862 4203 1939 4247 an
1971 4185 2022 4248 οι

2161 4193 2279 4269 ιψε,
2337 4191 2426 4246 καὶ
2477 4192 2538 4246 τὸ
2594 4191 2686 4247 τοῦ
2739 4191 2963 4248 θανάτου
3027 4192 3282 4270 ποτήριον
3352 4191 3520 4252 ἔπιεν.
3582 4193 3791 4274 Ἠρωτᾷ

393 4287 524 4330 eam
545 4286 684 4361 rem
747 4269 1180 4333 sacerdotalem
1215 4271 1562 4353 dignitatem
1615 4274 1900 4355 consequi
1931 4294 2023 4337 non

2150 4277 2225 4335 ›ὖν
2281 4281 2308 4335 6
2365 4281 2560 4348 ταύτης
2619 4280 2771 4361 ἀνὴρ,
2825 4280 3195 4360 ἀναγνώστης,
3255 4281 3331 4337 ὢν
3387 4283 3474 4338 καὶ
3517 4283 3636 4340 τότε
3690 4288 3780 4341 καὶ

395 4357 607 4440 possit.
2134 4368 2390 4448 σήμερον,
2452 4371 2496 4425 εἰ
2580 4357 2813 4430 ἐντεῦθεν
2903 4357 3165 4426 κωλύεται
3247 4385 3439 4450 τυχεῖν
3527 4375 3793 4454 ἱερατικοῦ

2134 4455 2456 4536 ἀξιώματος,

472 4537 654 4628 Resp.
666 4535 754 4619 Si,
779 4537 1281 4628 quemadmodum
1299 4557 1529 4618 narras,
1547 4542 1626 4603 ita
1648 4543 1830 4624 slees
1841 4542 2046 4618 habet,
2077 4625 2102 4628 _

2218 4543 2410 4610 Ἀπόκ.
2470 4549 2530 4606 Εἰ
2599 4549 2735 4606 κατὰ
2799 4550 2896 4617 τὴν
2967 4547 3213 4628 διήγησίν
3270 4572 3363 4606 σου
3407 4551 3688 4610 συνέπεσον
3720 4553 3789 4609 τὰ

391 4628 583 4690 lector
611 4627 742 4720 sine
783 4627 1218 4720 impedimento
1243 4629 1597 4694 sacrabitur.
1631 4631 1704 4695 Ut
1732 4633 1891 4695 enim
1923 4633 2021 4696 dili

2160 4641 2232 4690 τοῦ
2308 4637 2640 4718 πράγματος,
2749 4625 3222 4716 ἀπαρεμποδίστως
3313 4642 3340 4696 6
3445 4641 3790 4720 άναγνώστης

395 4727 636 4798 gentem
651 4717 895 4800 pigritia
913 4738 1028 4781 non
1054 4719 1217 4783 laedit
1235 4721 2025 4801 negligentis,exdivinorun

2160 4729 2504 4806 ερωθήσεται,
2596 4717 2688 4793 Ὠς
2784 4730 2884 4809 γὰρ
2939 4729 2996 4786 οὗ
3095 4729 3319 4807 βλάπτει
3377 4731 3471 4787 τὸν
3500 4717 3790 4791 σπουδαῖον

391 4825 692 4872 canonum
726 4810 1024 4873 sententia
1056 4829 1069 4868 :
1109 4809 1197 4872 sic
1229 4811 1438 4873 lectori
1495 4811 1905 4892 praejudicium
1934 4832 2021 4875 n01

2159 4840 2171 4884 ι
2228 4818 2448 4894 ῥᾳθυμία
2517 4825 2610 4875 τοῦ
2679 4817 2932 4895 ἂμελοῠς,
2995 4821 3128 4875 κατὰ
3181 4819 3281 4887 τὴν
3336 4822 3442 4876 τῶν
3498 4823 3649 4879 θείων
3698 4823 3789 4879 νό-

390 4897 568 4961 faciet
597 4899 800 4961 uxoris
858 4900 987 4991 ejus
1047 4912 1382 4981 peccatum.
1433 4899 1856 4983 Unusquisque
1888 4903 2020 4966 enin

2160 4928 2247 4963 ιων
2303 4905 2612 4987 περίληψιν,
2690 4907 2804 4966 οὐδὲ
2873 4909 2966 4964 τὸν
3035 4908 3383 4989 ἀναγνώστην
3438 4911 3790 4991 προκριματί-

394 4988 649 5082 prepriis
760 4987 986 5052 catenis
1065 4991 1158 5070 (ut
1243 4991 1416 5072 vulgo
1493 4991 1704 5072 fertur)
1793 5011 2024 5056 coerce-

2158 5017 2208 5052 ·ει
2239 5001 2338 5064 τῆς
2381 4999 2627 5076 γυναικὸς
2689 5001 2846 5058 αὐτοῦ
2919 4999 2981 5054 τὸ
3019 4987 3302 5075 ὀλίσθημα.
3368 4987 3642 5065 ζἘκίπισειξος
3686 5002 3788 5082 γὰρ

395 5085 492 5138 tur
511 5078 567 5140 η.
2129 5098 2252 5150 ταῖς
2337 5087 2553 5152 οἰκείαις
2608 5101 2834 5168 σειραῖς,
2893 5088 3031 5145 κατὰ
3120 5091 3211 5145 τὸν
3268 5090 3506 5165 εἰπόντα,
3567 5078 3759 5171 συσφίγ

556 5251 906 5322 OFFICIUM
950 5257 1048 5321 ET
1094 5256 1474 5324 DEFINITIO
1522 5258 1885 5324 EPISCOPI.
2130 5197 2186 5254 γε

2167 5197 2303 5238 εται.

2130 5199 2165 5254 γ
2253 5274 2335 5324 ΤΟ
2368 5273 2691 5327 ΚΑΘΗΚΟΝ
2738 5277 2849 5325 ΚΑΙ
2881 5274 3048 5326 ΟΡΟΣ
3079 5275 3207 5325 ΤΟΥ
3237 5275 3652 5331 ΕΠΙΣΚΟΠΟΥ.

395 5339 500 5406 Ea:
523 5342 678 5408 libro
700 5347 773 5409 de
791 5350 956 5450 inre,
990 5353 1097 5450 qui
1136 5355 1238 5450 est.
1261 5348 1512 5428 Basilii,
1572 5351 1963 5415 Constantini
1991 5370 2023 5414 e

2154 5385 2162 5418 l
2229 5360 2393 5450 ἈπὸΔ
2448 5374 2540 5421 τοὺ
2610 5367 2849 5450 ,νομίμου
2942 5353 3142 5450 βιϐλίου
3239 5366 3535 5450 Βασιλείου,
3627 5378 3784 5450 Κων-

821 5440 1063 5520 Leonis,
1097 5436 1275 5500 titulo
1304 5454 1364 5514 v,
1400 5457 1535 5521 cap.
1570 5455 1612 5504 1.
2211 5445 2451 5538 σταντίκίο

2211 5445 2484 5538 σταντίγου
2539 5448 2628 5504 καὶ
2688 5436 2960 5524 ⁷Λέοντος,
3061 5448 3167 5505 ἀπὸ
3240 5457 3335 5508 τοῦ
3434 5438 3482 5504 ε’
3520 5436 3534 5450 ’
3577 5449 3776 5527 τίτλου,

2209 5547 2330 5607 κεφ.
2366 5551 2399 5583 α
2428 5576 2442 5591 ,
2481 5549 2504 5586 Ι)

473 5612 805 5698 Episcopus
834 5623 926 5680 est
952 5615 1261 5698 inspector
1301 5626 1360 5682 et
1405 5626 1645 5683 curator
1673 5621 1940 5685 omnium
1971 5625 2045 5689 ad

2212 5621 2534 5692 Ἐπίσκοπος
2617 5627 2759 5685 ἐστιν
2848 5627 3179 5710 ἐπιτηρητὴς
3277 5631 3365 5687 καὶ
3445 5628 3783 5709 ἐπιμελητὴς

1723 5754 1981 5821 VARUE
2023 5752 2454 5820 LECTIONES.

473 5854 501 5898 ¹¹
529 5861 997 5943 constringitur.
