4128 6434
392 382 548 459 1095
1775 390 1905 457 JUS
1946 377 2038 451 CA

2122 377 2399 449 )NICUM
2891 449 2904 459 ,
3640 367 3794 438 1096

387 516 481 580 sin
544 536 614 582 ex
673 518 908 582 luxuria
968 527 1027 582 et
1086 516 1385 600 potatione
1470 515 1675 600 nimia,
1755 539 1868 583 nec
1922 523 2040 605 hic,

2138 520 2194 576 Ei
2267 516 2322 574 δὲ
2394 516 2454 574 ἐκ
2511 521 2712 605 τρυφῆς
2796 517 2886 574 καὶ
2955 513 3304 605 πολυποσίας,
3394 513 3562 605 μήτε,
3605 511 3791 605 ὀὗτοςξ

390 625 502 670 uec
531 608 735 670 ille.—
766 611 988 673 Interr.
1017 597 1128 681 Qui
1155 613 1363 689 captus
1388 625 1422 670 a
1451 597 1800 688 gentilibus,
1826 621 1883 673 et
1911 597 2040 674 am?

2135 606 2266 684 μήτ’
2297 607 2526 671 ἐκεῖνος.
2568 597 2646 654 ..μ
2703 604 2898 688 Ἐρώτ,
2960 597 3018 663 Ὀ
3078 606 3151 668 εἰς
3223 602 3344 671 ἔθνη
3373 601 3678 689 κρατηθεὶς,
3707 598 3795 689 καὶ

394 695 601 778 plexus
629 697 982 778 religionem
1001 685 1322 780 paganam,
1368 685 1544 778 atque
1567 695 1624 758 in
1649 697 1832 761 cubili
1851 702 2040 782 pollu-

2137 697 2456 778 μαγαρίσας,
2518 698 2606 754 καὶ
2657 696 2712 752 ἐν
2755 685 2908 773 κοίτῃ
2975 694 3233 771 μιανθεὶς,
3265 693 3461 782 ,μήπω
3533 688 3587 747 δὲ
3620 685 3790 766 μουλ-

396 795 488 848 tus
520 787 776 881 necdum
829 786 1273 881 tamen_factus
1329 793 1417 881 est
1467 786 1866 881 Musulmanus
1891 789 2040 872 (40),

2139 789 2458 862 σοομανίσας
2513 785 2595 856 ὕί,
2642 786 2934 862 μυρώνεται
2981 799 2997 846 ζ
3071 785 3169 848 τὰς
3231 781 3395 862 εὒχὰς
3439 785 3551 881 ’τῆςι
3597 799 3792 856 μιαρο-

391 893 464 939 an
500 877 797 938 unctionis
824 879 887 939 ﬁt
916 874 1259 959 particeps?
1288 876 1378 938 vel
1408 877 1508 956 qui
1535 885 1668 940 vota
1698 879 1843 942 dirae
1874 870 2040 943 man-

2140 878 2328 957 φαγίας
2384 873 2668 952 λαμϐάνει,
2728 876 2816 932 καὶ
2871 885 3175 953 κοινωνεῖ,
3262 870 3458 933 Ἀπόκ,
3536 870 3594 927 Ὀ
3653 889 3793 942 μια-

389 966 727 1028 ducationis
747 965 984 1049 accipit,
1010 985 1083 1028 an
1110 965 1287 1028 etiam
1305 966 1917 1050 communicat?Resp.
1939 969 2040 1044 Qui

2142 967 2475 1047 ρορραγήσας,
2561 967 2652 1022 τὸν
2723 965 2946 1044 Χριστὸν
3003 963 3240 1050 ἀρνεῖται
3274 964 3291 993 ⁴
3330 962 3418 1016 καὶ
3500 960 3596 1017 οὐκ

389 1054 536 1117 (ϋηο
564 1046 1041 1119 manducationis
1071 1055 1261 1118 factus
1292 1063 1381 1116 est
1397 1055 1722 1137 particeps,
1749 1046 2040 1121 Christum

2142 1046 2288 1112 ἔσται
2318 1054 2525 1137 δεκτὸς,
2571 1053 2709 1111 ἀλλά
2738 1054 2874 1130 μετὰ
2903 1051 3121 1134 χρόνον,
3149 1049 3266 1117 ἄξια
3295 1050 3574 1111 μετανοίας
3627 1046 3792 1127 ’ἐργα-

391 1153 564 1224 negat
592 1163 746 1222 ;nec
775 1144 1095 1208 confestim
1127 1143 1359 1207 admitti
1389 1153 1606 1227 potest,
1637 1146 1740 1208 sed
1774 1156 1904 1229 post
1933 1148 2040 1211 ali-

2135 1145 2387 1218 ποιήσας,
2419 1143 2512 1202 ’ίνα
2553 1147 2769 1226 μυρωθῇ
2803 1163 2817 1178 ⁶
2878 1145 2967 1200 καὶ
3025 1141 3162 1217 μετά
3211 1150 3398 1219 ταῦτα,
3470 1138 3563 1196 ’ίνα
3619 1159 3792 1213 μετα-

383 1235 544 1315 quod
575 1243 833 1316 tempus,
865 1233 1064 1314 dignis
1085 1226 1450 1317 poenitentiae
1477 1226 1736 1316 peractis
1767 1226 2040 1320 operibut

2134 1231 2297 1311 λάϐῃ.
2374 1267 2445 1278 -
2509 1233 2703 1313 Ἐρώτ.
2763 1235 2821 1290 Εἰ
2879 1235 2974 1291 οὐκ
3029 1231 3147 1311 ἔχει
3218 1230 3384 1320 τόπον
3420 1231 3473 1320 ᾖ,
3536 1226 3794 1294 ἐκκλησία

387 1333 452 1386 ut
479 1315 820 1387 unctionem
850 1315 1266 1405 consequatur,
1297 1343 1366 1386 ac
1391 1315 1594 1406 postea
1617 1315 2040 1390 communicet.

2133 1330 2226 1380 τοῦ
2253 1323 2543 1404 ἀποχύνειν
2590 1326 2651 1380 τὸ
2723 1321 3004 1397 ἀπόλουμα
3063 1321 3159 1388 τῆς
3219 1315 3630 1419 ικολυμῒίῖήθρας,
3690 1321 3794 1372 ποῦ

389 1413 702 1478 -Ιηιεηκ
731 1413 794 1478 Si
809 1414 1064 1477 ecclesia
1094 1413 1292 1476 locum
1323 1405 1549 1476 certum
1584 1432 1704 1477 non
1736 1415 1951 1480 habeat
1977 1418 2040 1480 ad

2133 1412 2333 1492 ὀφείλει
2404 1412 2708 1493 χύνεσθαις
2800 1412 3131 1489 Ἀπόκρισις.
3219 1405 3405 1466 ’Ὀπου
3449 1405 3558 1461 ἐστι
3627 1405 3792 1466 τόπος

389 1503 812 1566 effundendum
843 1521 1056 1585 aquam
1090 1501 1394 1585 baptismi,
1429 1502 1675 1566 ubinam
1699 1505 1851 1568 hanc
1873 1505 2040 1569 debet

2133 1503 2381 1580 καθαρὸς,
2415 1503 2501 1558 καὶ
2531 1502 2612 1577 μὴ
2637 1501 2992 1577 πατούμενος.
3025 1533 3106 1543 —
3174 1497 3385 1585 Ἐρώτα
3421 1499 3482 1552 At
3512 1500 3616 1552 τῶν
3642 1495 3792 1585 ἑται-

389 1591 746 1688 efl‘undere?
779 1583 953 1688 Resp,
983 1590 1097 1656 Ubi
1131 1583 1391 1688 m_uudus
1420 1601 1520 1688 est
1572 1593 1761 1688 locus,
1799 1595 1900 1676 qui
1933 1615 2040 1688 non

2134 1588 2286 1667 ρίδων
2351 1593 2671 1673 πρκσφοραὶ,
2719 1588 2895 1647 δεκταί
2939 1591 3093 1663 εἰσιν,
3132 1588 3167 1656 ἣ
3217 1586 3327 1668 οὗ,
3374 1583 3566 1645 Ἀπόκ.
3629 1584 3789 1664 Οὒχί.

392 1683 771 1763 proculcatur
795 1673 1390 1764 pedibus.—Interr.
1411 1681 1757 1746 Oblationes
1780 1673 2040 1749 meretri-

2137 1674 2267 1736 ’Υπὸ
2311 1679 2572 1755 ἐπιτίμιον
2611 1681 2713 1760 γάρ
2783 1681 2881 1736 εἰσι
2917 1697 2932 1713 ⁸
2991 1679 3078 1734 καὶ
3137 1675 3616 1764 οὖταπροσφοραὶ,
3673 1673 3793 1764 οὔτε

389 1757 522 1834 cum
549 1757 993 1854 accipiendaene
1010 1781 1166 1852 sunt,
1195 1771 1610 1852 annon?Resp.
1634 1771 2040 1857 Nequaquam.

2133 1769 2367 1846 θυμίαμα
2430 1757 2770 1850 δεχθήσεται,
2843 1800 2924 1818 ςι-
3009 1765 3198 1836 Ἐρώτ.
3266 1757 3452 1870 (lapsi);
3499 1765 3598 1870 ’ἐὰν
3661 1763 3796 1870 ἀπρ-

385 1863 536 1926 Nam
562 1851 948 1924 sub'ceusura
965 1851 1246 1939 sunt,nec
1267 1861 1340 1923 ab
1362 1861 1448 1923 eis
1469 1851 1695 1926 oblatio
1719 1851 1831 1927 nec
1847 1851 2040 1928 incen-

2131 1863 2294 1938 καρῇ,
2389 1857 2528 1916 ἔστιν
2623 1855 2764 1924 ἄξιος
2861 1855 3267 1936 ἱερουργῆσαι;
3375 1853 3568 1916 Ἀπόκ.
3668 1851 3792 1909 Ἐὰν

388 1971 519 2015 sum
549 1952 896 2034 accipietur.
911 1952 1213 2015 —Interr.
1231 1952 1525 2047 Sacerdos
1546 1952 1597 2015 si
1621 1965 1827 2047 to_nsus
1847 1955 2040 2047 fuerit,

2131 1949 2218 2003 καὶ
2245 1945 2431 2026 πρώην
2485 1947 2551 2016 ἦν
2609 1945 2774 2047 ἄξιος,
2834 1947 2894 2004 οὗ
2949 1944 3211 2002 κωλύεται
3271 1942 3356 2000 διὰ
3399 1949 3498 2010 τῆς
3543 1941 3792 2020 ἀποκάρ-

2449 2035 2462 2047 ι
2492 2045 2502 2047 -
2562 2035 2574 2047 ι
2701 2026 2746 2047 ’,Α
2928 2033 2978 2047 υ-
3467 2034 3476 2047 l
3726 2037 3751 2044 -ν

387 2043 580 2139 θηᾼΐεε
609 2043 722 2139 erit
751 2061 886 2105 eum
909 2060 1079 2104 sacra
1103 2041 1422 2123 peragere?
1451 2042 1626 2124 Resp.
1668 2041 1972 2139 Siquidem
1995 2056 2040 2109 et

2132 2057 2292 2100 σεως,
2342 2069 2418 2082 —-
2447 2035 2638 2115 Ἐρώτ.
2677 2033 2870 2094 ⁷Ἐστιν
2922 2033 3064 2100 ἀξιον
3119 2047 3297 2091 ποιεῖν
3343 2034 3656 2113 φωτίσματα
3685 2037 3790 2087 τῶν

2145 2126 2158 2139 ο
2210 2125 2221 2139 Ι
2351 2133 2374 2139 Α
2558 2127 2567 2139 ι
2812 2126 2825 2139 ι
2873 2123 2892 2139 \
3008 2130 3035 2139 α
3150 2123 3163 2139 ἱ
3253 2123 3265 2139 1
3386 2123 3396 2139 Ι
3530 2123 3542 2139 I
3598 2119 3621 2139 κ

388 2137 564 2193 antea
591 2131 807 2212 dignus
835 2139 986 2206 erat,
1022 2149 1129 2212 per
1159 2141 1466 2192 tonsizram
1522 2123 1642 2194 non
1675 2123 2040 2213 prohibetur.

2134 2125 2296 2204 ἁγίων
2342 2127 2667 2207 Θεοφανίων,
2741 2126 2829 2181 καὶ
2872 2123 3098 2204 λοιπῶν,
3147 2123 3200 2179 ἐν
3244 2123 3442 2201 ἀγγείῳ
3498 2123 3791 2196 οἰῳδηποτ-

384 2219 800 2320 —Inter_'r.Est
819 2239 896 2283 ne
918 2221 1004 2320 fas
1025 2219 1249 2282 lumina
1270 2229 1606 2320 sanctorum
1621 2222 2038 2320 Theophanio-

2122 2221 2258 2295 οὖν,
2319 2213 2512 2278 Ἀπόκ,
2577 2217 2654 2274 Τὰ
2721 2220 2827 2270 τῶν
2913 2214 3066 2270 θείων
3147 2213 3504 2292 φωτισμάτων
3564 2212 3786 2289 ἀγγεῖα,

2175 2304 2186 2320 Ι
2437 2317 2444 2320 .
2667 2306 2678 2320 Ι
2950 2302 2962 2320 9
3099 2301 3151 2320 ια’
3196 2305 3220 2320 Λ
3592 2299 3648 2320 ἰη
3707 2300 3719 2320 1

384 2329 542 2392 rum,
577 2310 951 2392 aliorumque
973 2310 1259 2372 festorum
1285 2310 1480 2372 facere
1503 2299 1857 2394 quocunque
1879 2313 2040 2376 lubet

2122 2304 2299 2380 μόνοις
2355 2317 2474 2368 τοῖς
2544 2306 2880 2382 φωτίσμασιν
2940 2301 3535 2394 ἀφοριζέσθωσανη-
3592 2299 3785 2378 Ἐρώτ.

378 2399 439 2461 in
460 2399 628 2461 vase?
645 2399 830 2480 Resp.
875 2402 1194 2463 Sacrorum
1231 2399 1521 2462 luminum
1553 2419 1689 2463 vasa
1743 2402 1886 2465 solis
1913 2402 2042 2465 istis

379 2487 2054 2555 luminibusdedicatasunto—lnterr.Servoscumservis

379 2579 685 2659 copulatos
712 2577 1162 2640 adominissuis
1176 2577 1404 2659 absque
1430 2577 1880 2663 benedictione,
1907 2600 2047 2644 num

382 2667 706 2749 participes
737 2685 921 2730 sacrae
973 2667 1414 2728 communionis
1458 2667 1773 2750 fociemus,
1812 2670 1903 2734 vel
1934 2671 2048 2732 ho-

379 2756 555 2818 stiam
585 2775 792 2819 eorum
840 2755 1268 2838 suscipiemus?
1317 2757 1493 2838 Resp.
1525 2756 1819 2830 Quoniam
1851 2759 2041 2822 coitus

379 2845 604 2927 absque
634 2845 818 2907 sacris
872 2845 1175 2927 precibus,
1228 2853 1320 2907 est
1349 2848 1649 2928 scortatio,
1684 2848 1807 2911 sive
1835 2867 2041 2912 servus

379 2934 476 3014 sit,
503 2934 602 3016 qui
627 2933 1066 2996 benedictionis
1087 2952 1298 3016 expers
1321 2942 1438 3007 est,
1465 2936 1595 2998 sive
1620 2936 1795 3012 liber,
1821 2957 1934 3000 nec
1963 2939 2037 3001 ad

379 3023 741 3084 oblationem
770 3022 1037 3084 muneris
1072 3031 1161 3086 est
1190 3021 1619 3099 admittendus,
1656 3044 1765 3088 nec
1795 3027 1870 3088 ad
1896 3045 2038 3108 pre-

2122 2392 2348 2457 Δούλους
2423 2395 2511 2450 καὶ
2581 2392 2769 2458 δούλας
2839 2391 3219 2470 ζευγνυμένους
3305 2391 3450 2470 παρά
3530 2396 3638 2446 τῶν
3693 2412 3788 2445 κυ-

2125 2485 2252 2565 ρίων
2279 2489 2450 2544 αὐτῶν
2482 2487 2604 2541 ἄνευ
2656 2483 3014 2562 εύλογήσεως,
3077 2479 3456 2558 μεταδώσομεδ
3514 2479 3611 2548 τῆς
3642 2480 3786 2542 θείας

2123 2576 2395 2640 κοινωνίας
2492 2574 2527 2643 ἣ
2582 2572 2972 2654 προσδεξόμεθα
3067 2572 3167 2640 τὴν
3279 2572 3459 2627 θυσίαν
3558 2571 3782 2649 αὑτῶν,

2123 2660 2316 2724 Ἀπόκ.
2443 2661 2591 2721 Ἐπεὶ
2689 2662 2825 2738 μίξις
2939 2660 3061 2716 ἄνευ
3156 2658 3450 2739 ἱερολογίας
3568 2664 3786 2736 πορνεία

2122 2750 2256 2834 ἐστὶ,
2285 2751 2384 2808 κᾶν
2413 2773 2470 2808 τε
2499 2750 2681 2816 δούλος
2731 2753 2768 2828 ᾗ
2819 2753 2847 2808 6
2890 2749 3275 2829 ἀνευλόγητος,
3335 2749 3434 2807 κᾶν
3465 2772 3523 2806 τε
3567 2748 3783 2805 ἐλεύθε-

2123 2863 2232 2922 ρος,
2279 2840 2398 2899 οὔτε
2440 2843 2514 2908 εἰς
2559 2840 2880 2922 δωροφορίαν
2932 2838 3304 2921 προσδεκτέος,
3340 2838 3456 2896 οὔτε
3501 2841 3574 2906 εἷς
3604 2861 3782 2918 προσ-

2123 2932 2293 3012 ευχὴν
2323 2931 2376 2988 ἐν
2421 2939 2497 3007 τῷ
2540 2929 2677 3005 οἴκῳ
2737 2930 2942 3011 Κυρίου.
3006 2929 3155 2987 Ἐπεὶ
3198 2931 3285 2986 καὶ
3316 2928 3350 2986 ὀ¹
3410 2929 3557 2995 θεῖος
3607 2928 3782 2986 Ἀπό-

2123 3020 2307 3086 στολος
2367 3023 2507 3098 μήτε
2599 3021 2914 3077 συνεσθείειν
2973 3018 3201 3094 κελεύει,
3292 3021 3432 3095 μήτε
3488 3020 3780 3094 συναναμί-

381 3111 677 3174 cationem
709 3111 770 3172 in
798 3111 980 3173 domo
1029 3110 1293 3175 Domini.
1329 3110 1560 3194 Quippe
1593 3114 1830 3177 divinus
1861 3107 2039 3182 eiiam

2125 3113 2339 3188 γνυσθαι
2424 3111 2652 3176 τούτοις.
2716 3108 2882 3168 Ἀλλά
2926 3111 3013 3166 καὶ
3059 3112 3104 3168 οἱ
3161 3107 3436 3184 δεσπόται,
3474 3108 3588 3167 ἐπεὶ
3641 3131 3777 3188 προ-

378 3200 702 3282 Apostolus
730 3199 832 3262 ille
863 3218 975 3262 nec
1004 3200 1166 3264 vesei
1198 3219 1332 3262 cum
1365 3201 1474 3279 cis,
1511 3221 1619 3265 nec
1650 3205 2040 3270 consuetudi-

380 3308 517 3351 nem
553 3289 774 3351 habere
807 3290 1098 3372 praecipit.
1139 3288 1474 3363 Quinetiam
1503 3293 1615 3374 ipsi
1649 3293 1875 3355 domini
1905 3314 2040 3357 cum

379 3386 656 3441 auctores
675 3379 795 3439 sint
817 3379 1097 3441 interitus
1122 3397 1460 3456 servorum,
1486 3380 1630 3443 dum
1655 3401 1758 3446 eos
1775 3383 1849 3446 ad
1870 3384 2040 3446 illum

378 3469 594 3530 coitum
627 3467 895 3545 invitant,
925 3487 1102 3549 quem
1134 3467 1417 3532 inhibere
1453 3478 1747 3551 poterant,
1775 3473 2040 3537 dominio

378 3576 684 3620 servorum
715 3557 996 3620 excidunt
1019 3559 1186 3638 juvta
1219 3559 1508 3622 novellam
1539 3563 1908 3626 sanctionem
1941 3565 2038 3626 in-

377 3647 514 3728 clyti
537 3647 828 3728 principis
842 3646 1928 3720 nostri,dominiAlexii.—Inlerr.An
1951 3654 2041 3719 fas

382 3745 474 3798 est
502 3754 534 3798 e
565 3735 860 3818 baptismo
906 3735 1216 3818 suscipere
1246 3736 1574 3800 liberorum
1603 3759 1848 3803 suorum
1882 3742 2038 3805 libe-

379 3825 523 3888 ros?
554 3826 724 3906 Resp.
763 3827 966 3907 Ncque
997 3826 1115 3898 lex,
1167 3845 1362 3908 neque
1421 3827 1702 3910 princeps
1733 3831 2044 3914 quisquam

379 3916 495 3979 hoc
508 3915 800 4005 prohibet.
815 3915 1373 4005 finierribicetne
1388 3919 1704 3999 sacerdoti,
1722 3937 1890 3983 suum
1908 3922 2046 4005 bap—

383 4006 560 4066 tizare
579 4004 1082 4084 infantem?Resp.
1107 4003 1237 4067 Hoc
1261 4007 1516 4069 minime
1544 4009 1908 4088 prohibitum
1931 4003 2042 4074 est.

378 4098 692 4157 —Interr.
715 4093 779 4157 Si
815 4094 1040 4157 fuerint
1059 4095 1272 4157 fratres
1295 4096 1434 4170 duo,
1463 4099 1552 4159 vel
1578 4107 1722 4172 tres,
1738 4101 1828 4162 vel
1843 4119 2042 4184 pures,

381 4195 441 4247 et
472 4202 625 4245 unus
655 4203 688 4246 e
719 4184 1006 4265 baptisms
1036 4186 1368 4266 susceperit
1387 4187 1701 4259 infantem,
1736 4207 1814 4251 an
1836 4209 2045 4254 omnes

379 4273 836 4355 ap,-ellabuntur
865 4283 1201 4355 compatres
1223 4274 1442 4356 ?Resp.
1476 4275 1630 4354 Non,
1667 4278 1773 4340 sed
1802 4278 1853 4340 is
1883 4281 2040 4343 dun-

381 4371 558 4437 taxat,
585 4361 686 4444 qui
703 4363 985 4443 suscepit.
999 4397 1072 4407 —
1090 4362 1388 4426 Interr.Si
1413 4365 1629 4426 mulier
1651 4378 1854 4448 parata
1873 4369 1948 4430 sit
1967 4369 2040 4431 ad

2124 3197 2269 3258 δόται
2318 3205 2418 3268 τῆς
2485 3207 2590 3258 τῶν
2660 3198 2858 3257 δούλων
2932 3198 3198 3264 ἀπωλείας
3279 3201 3428 3274 εἰσὶν,
3491 3201 3564 3264 ὡς
3636 3199 3779 3255 αὐτοὶ

2122 3290 2545 3370 προτρεπόμενοι
2615 3290 2830 3353 τούτους
2880 3287 3260 3369 ἐπιγίγνυσθαι,
3325 3288 3378 3346 εἴ
3434 3310 3495 3368 γε
3541 3288 3782 3349 δύναιντο

2124 3378 2461 3437 ἀναστέλλειν
2492 3381 2554 3436 τὸ
2611 3381 2804 3454 πάθος,
2863 3383 2961 3446 τῆς
3027 3386 3135 3436 τῶν
3205 3378 3403 3437 δούλων
3470 3378 3780 3443 δεσποτείας

2124 3469 2454 3542 ἐκπίπτουσι,
2515 3471 2653 3526 κατά
2707 3472 2769 3526 τὸ
2854 3470 3038 3549 νεαρὸν
3111 3469 3378 3547 Θέσπισμα
3436 3480 3529 3530 τοῦ
3571 3467 3782 3549 κλεινοῦ

2123 3559 2275 3633 ἡμῶν
2307 3559 2710 3639 αὐτοκράτορος,
2757 3565 2918 3638 κυροῠ
2948 3548 3209 3624 Ἀλεξίου,
3251 3593 3321 3604 -
3360 3557 3549 3638 Ἐρώτ.
3583 3548 3781 3615 ’Ἔστιν

2124 3647 2266 3714 ἄξιοί
2337 3646 2686 3728 ἀναδέχεσθαι
2771 3649 2837 3704 τὰ
2893 3645 3076 3704 παιδία
3134 3654 3240 3704 τῶν
3313 3647 3513 3706 παίδων
3568 3649 3780 3727 αύτῶνς

2124 3733 2456 3817 Ἀπόκρισις.
2495 3739 2603 3795 Οὔκ
2657 3736 2766 3794 ἔστι
2826 3737 3014 3813 νόμος,
3088 3738 3124 3806 ἢ
3181 3736 3428 3816 βασιλεὺς
3457 3737 3622 3794 ταῦτα
3663 3758 3782 3793 κω-

2128 3823 2289 3888 λύων.
2321 3861 2396 3872 --
2429 3827 2617 3907 Ἐρώτ.
2669 3817 2862 3886 ’Ἑστιν
2920 3827 3062 3893 ἄξιον
3097 3829 3239 3908 ἱερέα
3291 3829 3612 3905 βαπτίσαιτὸ
3642 3824 3781 3882 ἴδιον

2127 3914 2332 3974 παιδίον
2365 3933 2380 3979 :
2416 3917 2608 3981 Ἀπόκ,
2641 3916 2943 3974 Ἀκώλυτόν
2977 3915 3088 3974 ἐστι
3119 3929 3297 3978 τοῦτο.
3325 3952 3400 3963 —
3425 3917 3616 3998 Ἐρώτ.
3653 3915 3782 3976 Ἐὰν

2121 4007 2258 4062 ,ὦσιν
2287 4003 2498 4086 ἀδελφοὶ
2527 4004 2638 4081 δύο,
2696 4007 2732 4076 ἢ
2787 4019 2958 4086 τρεῖς,
2991 4007 3029 4076 ἢ
3085 4007 3319 4084 πλείους,
3365 4010 3454 4065 καὶ
3509 4005 3720 4074 δέξηται
3753 4008 3780 4061 6

2129 4098 2211 4158 εἷς
2234 4094 2460 4170 παιδίον,
2499 4095 2592 4152 ’ίνα
2619 4096 2879 4175 λέγωνται
2905 4095 3020 4154 ὅλοι
3043 4097 3353 4178 σύντεκνοις
3387 4096 3582 4158 Ἀπόκ.
3617 4097 3775 4175 Οὐχί.

2126 4183 2296 4240 Ἀλλὰ
2325 4185 2484 4260 μόνος
2529 4187 2557 4241 6
2587 4183 2890 4262 δεξάμενος,
2925 4221 3001 4233 -
3044 4186 3232 4268 Ἐρώτ,
3269 4187 3396 4246 Ἐὰν
3427 4187 3562 4266 γτνὴ
3592 4189 3776 4266 εὔτρε-

2125 4277 2286 4351 πισθῇ
2329 4275 2460 4353 πρὸς
2520 4274 2696 4352 γάμου
2780 4275 3088 4355 εὐλόγησιν,
3161 4277 3250 4336 καὶ
3305 4274 3484 4354 συμϐῇ
3523 4280 3656 4352 αὐτῇ
3710 4277 3776 4333 τὰ

2125 4365 2349 4443 συνήθη,
2381 4366 2480 4443 ἄρα
2534 4362 2730 4444 ὀφείλει
2799 4363 3176 4447 μεταλαϐεϊνς
3237 4364 3432 4427 Ἀπόκ.
3493 4371 3778 4444 Περιμενεϊ

379 4451 720 4533 nuptiarum
754 4449 1259 4527 benedictionem,
1316 4453 1491 4533 eique
1535 4455 1862 4517 acciderint
1889 4475 2037 4518 con-

2123 4451 2222 4520 τὴν
2249 4453 2521 4533 κάθαρσιν,
2578 4454 2663 4510 καὶ
2709 4452 2847 4518 οὕτω
2909 4457 2978 4512 τὰ
3045 4461 3146 4524 τῆς
3206 4456 3500 4536 ἱερολογίας
3557 4452 3776 4530 ἀκωλύρ

380 4549 571 4616 sueta,
591 4557 731 4603 uum
754 4539 1113 4622 participare
1133 4540 1346 4605 debet?
1363 4541 2038 4623 Resp.Purificationem

381 4629 771 4712 exspectabit,
794 4637 972 4712 atque
989 4631 1071 4692 ita
1094 4637 1209 4692 tam
1234 4649 1538 4694 sacrarum
1564 4635 1879 4716 conceptio
1894 4654 2036 4717 pre-

380 4741 540 4796 cum,
572 4739 749 4803 quam
777 4727 1289 4783 sacramentorum
1324 4721 1699 4806 participatio
1727 4726 2034 4792 succedet.

378 4809 756 4874 --luterr.Si
775 4829 914 4872 vero
935 4809 1165 4890 indigni
1181 4819 1318 4873 sunt
1336 4811 1639 4896 ambo,qui
1656 4813 2034 4898 participem,

380 4919 456 4963 an
487 4899 848 4982 participare
879 4908 1124 4982 propter
1167 4899 1648 4966 benedictionem
1694 4903 1938 4980 debent,
1970 4925 2040 4969 ac

381 4989 600 5052 deinde
616 5006 885 5054 censurae
897 4988 1319 5072 subjici'.’Resp.
1333 4995 1441 5054 Pro
1454 4991 1656 5074 specie
1667 4993 2038 5057 differentia-

381 5097 498 5160 que
527 5078 778 5158 peccati,
812 5087 1097 5160 sequetur
1126 5087 1185 5140 et
1215 5080 1680 5162 dispensatio.-—
1715 5081 1942 5146 Interr.
1976 5084 2041 5146 Si

383 5167 601 5229 mulier
629 5176 861 5248 partum
886 5168 1164 5250 ediderit,
1199 5178 1258 5231 et
1284 5170 1525 5252 quidam
1551 5170 1613 5233 in
1639 5171 1772 5252 ejus
1793 5172 2036 5235 domum

381 5256 636 5336 ingressi
659 5257 904 5332 fuerint,
936 5257 1202 5340 quandiu
1252 5277 1360 5340 per
1389 5278 1706 5323 censuram
1737 5280 1769 5323 a
1801 5263 2041 5343 partici-

389 5346 626 5428 patione
647 5344 871 5409 debent
892 5347 1135 5410 arceri?
1167 5350 1340 5431 Resp.
1369 5349 1570 5413 Abluti
1600 5350 1889 5434 postridie
1919 5372 2040 5416 non

2121 4562 2250 4612 τως,
2282 4542 2463 4598 καὶτὰ
2516 4546 2616 4609 τῆς
2667 4541 3003 4617 μεταδόσεως
3062 4552 3170 4602 τῶν
3227 4545 3573 4624 ἁγιυσμάτων
3637 4565 3776 4622 προ-

2120 4627 2365 4701 ϐήσεται.
2410 4661 2488 4677 -
2520 4631 2685 4712 Ἐρώτ
2762 4635 2820 4690 Εἰ
2856 4631 2909 4688 δὲ
2969 4633 3175 4700 ἀνάξιοί
3233 4637 3362 4692 εἰσιν
3392 4637 3438 4692 οἱ
3489 4635 3776 4712 ἀμφότεροι

2119 4729 2214 4780 τοῦ
2283 4719 2728 4797 μεταλαμϐάνειν,
2801 4721 2900 4800 ἄρα
2959 4723 3224 4804 ὀφείλουσι
3313 4721 3636 4801 μεταλαϐεῖν
3693 4721 3778 4778 διὰ

2119 4811 2218 4878 τὴν
2249 4809 2553 4889 εύλόγησιν,
2578 4813 2666 4868 καὶ
2707 4811 2886 4868 ἔκτοτε
2936 4811 3354 4896 ἐπιτιμηθῆναιές
3407 4814 3602 4877 Ἀπόκ,
3638 4815 3776 4891 Πρὸς

2118 4925 2180 4982 το
2211 4903 2355 4968 εἶδος
2379 4906 2464 4961 καὶ
2523 4906 2624 4972 τὴν
2671 4902 2924 4986 διαφορὰν
2978 4917 3072 4968 τοῦ
3143 4894 3530 4989 άμφτῆματος
3589 4906 3776 4984 ἕψεται

2121 4995 2210 5049 καὶ
2237 4996 2272 5062 ἡ
2301 4994 2591 5070 οἰκονομία.
2627 5027 2706 5039 -
2755 4995 2950 5076 Ἐρώτ,
3013 4995 3138 5054 Ἐὰν
3194 4999 3328 5078 γυνὴ
3383 4999 3640 5077 γεννήσῃ,
3687 4998 3776 5053 καὶ

2123 5082 2393 5145 εἰσέλθωσι
2421 5105 2558 5149 τινες
2591 5086 2663 5148 εἰς
2704 5084 2802 5154 τὴν
2831 5087 3024 5142 οἰκείαν
3085 5090 3274 5169 αὐτῆς,
3344 5088 3510 5145 πόσον
3539 5085 3776 5168 ὀφείλου-

2121 5195 2203 5228 σιν
2231 5172 2607 5250 ἐπιτιμηθῆναι
2638 5175 2722 5232 ἐπὶ
2750 5179 2826 5248 τῷ
2855 5173 3180 5251 μεταλαϐεῖν
3214 5194 3230 5254 ;
3274 5175 3464 5234 Ἀπόκ.
3502 5174 3776 5233 ’Λπολου-

2123 5262 2340 5338 σάμενοι
2373 5262 2425 5320 ἐν
2453 5270 2522 5341 τῇ
2567 5262 2686 5331 ἑξῆς
2759 5271 2865 5320 τῶν
2927 5266 3275 5344 ἀγιασμάτων
3321 5266 3381 5324 οὗ
3435 5264 3776 5335 κωλυθήσον-

2120 5377 2230 5416 ται.
2265 5389 2344 5400 -
2369 5355 2562 5438 Ἐρώτ,
2592 5359 2650 5416 Ei
2680 5354 2735 5414 δὲ
2782 5359 2870 5414 καὶ
2900 5358 2963 5417 τὸ
3019 5358 3210 5439 βρέφος
3253 5361 3541 5439 βαπτισθῇ,
3575 5357 3775 5439 ὀφείλει

1715 5521 1969 5589 VARUS
2010 5523 2350 5592 LECTION
2363 5523 2480 5592 ES.

458 5625 514 5679 51
544 5623 1035 5706 μουσουλμανίσας.

1956 5737 2206 5807 ΝΟΤΕ.

468 5846 600 5932 (40)
630 5844 758 5912 Hoc
798 5853 910 5930 est,
943 5842 1200 5925 Turcus,
1245 5845 1569 5916 accedente
1599 5850 2078 5919 circumcisione.
