4128 6430
467 398 640 479 .1099

477 610 754 684 Nicolaus
782 610 1076 683 Plotinam
1110 623 1404 699 procreat.
1428 614 1519 676 An
1550 610 1943 675 consobrinos
1971 610 2128 671 inter

478 710 592 773 se?
619 714 710 775 An
743 710 940 790 potius
989 706 1265 769 sobrinos
1293 704 1325 765 ?
1368 702 1549 785 Atqui
1580 710 1861 790 parentes
1892 718 2125 790 eorum,

484 788 1071 881 nequefratressunt,
1087 814 1279 876 neque
1310 791 1677 856 consobrini.
1705 788 1858 852 Num
1879 789 2129 852 alterum

482 877 784 970 patruum,
818 886 1069 948 alterum
1099 882 1296 946 fratris
1353 881 1538 944 ﬁlium
1568 879 1599 939 ?
1654 878 1973 939 Enimvero
2005 877 2132 939 ﬁeri

479 966 713 1058 nequit,
748 984 812 1037 ut
840 974 1135 1056 quispiam
1166 969 1534 1053 cognationis
1554 968 2013 1050 appellationem
2045 966 2132 1058 eis

482 1055 662 1146 ﬁngat
689 1065 786 1128 vel
816 1055 1225 1127 accommodet
1252 1059 1573 1140 nequidem
1608 1058 1657 1119 si
1689 1055 2134 1146 portentuosior

478 1155 555 1217 sit
571 1143 666 1236 iis,
682 1152 1154 1236 quiScindapsos
1177 1148 1769 1228 etTragelaphos(42)
1810 1143 2130 1236 commini-

479 1234 749 1307 scuntur.
772 1242 1038 1316 Quorum
1065 1259 1203 1303 vero
1235 1237 1647 1320 propinquatis
1672 1234 2129 1316 appellationem

484 1342 692 1397 natura
721 1350 965 1413 prorsus
994 1330 1251 1411 ignorat,
1294 1328 1379 1390 ita
1407 1334 1471 1389 ut
1501 1345 1576 1387 ne
1636 1325 1858 1387 nudum
1892 1324 2131 1404 quidem

480 1442 707 1487 nomen
720 1423 863 1485 hinc
883 1420 971 1483 eis
994 1419 1304 1495 indiderit;
1324 1436 1425 1480 eos
1449 1426 1580 1497 post
1596 1423 1938 1496 procreatos
1956 1413 2131 1475 etiam

479 1513 704 1575 liberos
734 1530 769 1575 a
799 1530 864 1573 se
892 1510 1149 1572 invicem
1180 1507 1467 1571 dirimere
1500 1504 1671 1584 velle,
1703 1522 1772 1565 ac
1819 1503 2134 1565 matrimo-

483 1603 651 1665 nium
685 1619 891 1663 eorum
924 1600 1156 1662 solvere
1187 1616 1299 1660 ceu
1363 1594 1756 1677 prohibitum,
1811 1611 1929 1654 non
1961 1592 2135 1654 modo

478 1708 588 1753 nos
608 1709 714 1771 pro
735 1689 1061 1751 abolitione
1088 1687 1284 1767 legum
1310 1692 1371 1748 et
1391 1702 1712 1758 canonum,
1735 1700 1939 1744 verum
1959 1681 2136 1743 etiam

479 1798 585 1861 pro
608 1768 828 1856 magna
856 1777 913 1838 vi
940 1795 1009 1839 ac
1039 1773 1348 1857 tyrannide
1398 1769 1892 1861 ducimus:_Qu_od
1926 1768 1977 1831 si
2003 1768 2136 1850 quis

476 1859 630 1929 forte
644 1866 974 1930 ferventior
994 1865 1092 1939 sit,
1109 1863 1327 1926 dixerit
1344 1863 1456 1924 hoc
1473 1860 1654 1923 etiam
1674 1859 2133 1921 Manichaeorum

478 1955 695 2019 haresi
724 1973 857 2017 esse
879 1955 1076 2030 afﬁne,
1107 1954 1209 2035 qui
1230 1951 1530 2032 legitimas
1551 1948 1790 2029 nuptias
1811 1947 2029 2027 injuste
2048 1947 2133 2008 di-

478 2046 728 2127 rimunt,
762 2045 921 2106 velut
951 2062 1051 2105 eas
1080 2041 1518 2103 abominantes.
1552 2037 1783 2119 Quippe
1804 2045 1940 2127 sunt
1969 2037 2134 2116 ejus-

479 2133 619 2197 dem
648 2125 1033 2196 absurditatis
1062 2129 1262 2204 ambo,
1292 2126 1622 2209 prohibitus
1655 2125 2002 2206 permittere
2031 2144 2135 2186 nu-

480 2226 654 2305 ptias,
690 2231 751 2286 et
780 2241 901 2283 non
922 2219 1254 2301 prohibitas
1276 2217 1507 2278 solvere
1536 2238 1548 2274 :
1576 2214 1732 2305 quod
1756 2232 1899 2305 sane
1916 2231 2134 2305 parum

478 2301 683 2389 abfuit,
719 2311 1041 2392 quominus
1073 2319 1131 2370 et
1163 2305 1338 2369 modo
1368 2305 1587 2366 factum
1621 2303 1801 2366 fuerit
1816 2302 1888 2365 ab
1912 2303 2010 2377 iis,
2035 2301 2138 2383 qui

477 2400 769 2485 quidquid
799 2400 945 2482 ipsis
976 2405 1066 2460 est
1093 2396 1313 2471 visum,
1350 2403 1472 2485 tum
1520 2394 1739 2485 facere,
1770 2400 1895 2485 tum
1931 2392 2137 2485 dicere

477 2481 839 2554 moliunturi
870 2485 1324 2564 nisisingularis
1345 2484 1446 2545 illa
1467 2482 1665 2545 cautio
1698 2481 2134 2563 prudentiaque

478 2576 982 2663 perspicacissimi
1038 2575 1226 2637 Patris
1285 2573 1499 2652 nostri,
1531 2572 1986 2652 communisque
2016 2572 2128 2632 do-

481 2659 653 2749 mini,
684 2685 862 2748 quem
890 2663 1124 2727 divinus
1156 2663 1330 2744 plane
1359 2661 1622 2724 calculus
1650 2660 1941 2723 Ecclesiis
1972 2659 2133 2722 orbis

477 2748 771 2819 terrarum
792 2756 865 2818 ad
886 2753 1379 2816 instaurationem
1403 2748 1915 2827 sacrarumlegum
1955 2756 2133 2830 atque

1860 387 1992 451 JUS
2031 378 2480 451 GANONICUM

477 553 549 597 ex
579 533 675 596 his
687 536 1005 614 prognatos
1025 528 1057 589 ‘I
1084 529 1235 594 Nam
1248 524 1587 590 Demetrius
1598 522 1837 614 quidem
1854 521 2126 614 Mariam,

2220 521 2382 614 αὑτῶν
2428 518 2615 614 (τίκτει
2667 518 2767 597 γὰρ
2823 520 2853 574 ὸ
2896 518 2994 614 μὲν
3052 519 3377 614 θημήτριος,
3425 518 3626 599 Μαρίαν
3674 534 3689 549 ⁸

3707 373 3863 443 4100

3752 513 3864 579 δδὲ

2209 606 2492 688 Νικόλαος,
2546 605 2865 688 Πλωτϊνον),
2910 608 3024 675 πῶς
3055 606 3115 666 ἄν
3171 630 3251 673 τις
3298 606 3563 689 καλέσοι;
3628 604 3866 673 Ἐξαδέλ-

2210 720 2336 778 φους
2394 697 2633 776 πρώτους
2687 695 2984 768 ἆλλήλωνζ
3060 697 3197 756 ἀλλὰ
3248 696 3686 779 δισεξαδὲλφουςς
3768 696 3867 754 Καὶ

2212 788 2321 863 μὴν
2352 790 2399 845 οἱ
2443 788 2708 864 τεκόντες,
2741 786 2860 844 οὔτε
2908 784 3147 869 ἀδελφοί,
3203 786 3319 845 οὔτε
3376 785 3668 868 ἐξάδελφοι.
3702 783 3869 843 Ἀλλὰ

2213 878 2302 932 τὸν
2334 877 2454 952 μὲιν,
2498 880 2645 933 θεῖον
2679 893 2692 906 ·
2744 878 2837 934 τὸν
2879 875 2959 953 δὲ,
2991 878 3208 954 ἀνεψιόν
3241 898 3258 958 ;
3288 874 3437 935 Ἀλλ’
3481 876 3576 934 οὒκ
3627 875 3689 934 ἂν
3746 874 3867 955 ἔχοι

2212 987 2291 1031 τις
2348 964 2540 1033 κλῆσιν
2590 967 2707 1022 τινὰ
2765 967 3067 1047 συγγενείας
3143 972 3325 1031 αὐτοῖς
3381 965 3781 1026 ἆναπλᾶσασθαι
3830 963 3869 1032 ἢ

2213 1054 2532 1134 ἐφαρμόσαι,
2580 1052 2689 1114 οὐδ’
2716 1054 2843 1133 ἂνῇ
2897 1062 3002 1114 τῶν
3074 1055 3392 1134 σκινδαψοὺς
3422 1056 3460 1124 ἢ
3516 1056 3640 1119 τοὺς
3698 1076 3869 1133 τραγ-

2214 1144 2437 1225 ελάφους
2493 1143 2834 1203 πλαττόντων
2878 1144 3347 1228 τερατωδέστερος.
3380 1141 3476 1201 Ὧν
3528 1144 3583 1202 δὲ
3625 1147 3659 1214 ἡ
3717 1146 3872 1225 φύσις

2213 1236 2311 1304 τὴν
2341 1234 2402 1292 ἐκ
2479 1238 2782 1316 συγγενείας
2854 1236 3046 1305 κλῆσιν
3117 1236 3255 1303 ὅλως
3312 1238 3568 1318 ἠγνόησε,
3611 1237 3701 1294 καὶ
3756 1232 3876 1292 οὒδὲ

2215 1324 2372 1402 ψιλόν
2429 1328 2610 1390 αὐτοῖς
2686 1327 2918 1384 ἐντεῦθεν
3005 1327 3318 1408 περιέθηκεν
3376 1326 3570 1404 ὄνομα,
3656 1325 3877 1387 τούτους

2215 1415 2345 1472 κετὰ
2400 1413 2733 1472 παιδοποιίαν
2790 1414 3040 1487 ἀλλήλων
3141 1421 3415 1497 πειρᾶσθαι
3486 1414 3712 1496 διιστᾷν,
3784 1414 3879 1472 καὶ

2217 1503 2357 1560 λύειν
2401 1506 2474 1569 ὡς
2517 1504 2882 1581 κεκωλυμένον
2947 1508 3009 1562 τὸ
3053 1507 3399 1580 συνοικέσιον,
3433 1508 3528 1563 οὒκ
3573 1505 3879 1575 ἂθετήσεως

2219 1593 2397 1669 νόμων
2454 1615 2508 1650 τε
2552 1595 2639 1651 καὶ
2695 1594 2930 1651 κανόνων
3001 1598 3146 1656 αὐτοὶ
3201 1597 3447 1673 τιθέμεθα
3502 1595 3689 1675 μόνον,
3735 1590 3883 1650 ἀλλᾶ

2221 1684 2312 1739 καὶ
2367 1683 2483 1759 βίας
2554 1682 2821 1762 μεγάλης,
2893 1686 2982 1741 καὶ
3049 1683 3371 1765 τυραννίδος,
3445 1683 3768 1764 Θερμότερος
3825 1678 3882 1736 δ’

2161 1816 2196 1866 Β
2221 1771 2281 1830 ἄν
2324 1795 2402 1839 τις
2460 1772 2607 1847 εἶπε,
2665 1775 2753 1829 καὶ
2819 1778 2919 1840 τῆς
2977 1776 3290 1855 Μανιχαίων
3358 1778 3672 1854 παραψαῦον
3724 1770 3882 1851 αἱρέ-

2219 1882 2353 1927 σεως
2389 1881 2403 1895 ⁸
2438 1864 2491 1918 οἳ
2522 1862 2646 1925 τοὺς
2690 1863 2942 1938 νομίμους
2983 1862 3196 1939 ἀνόμως
3251 1861 3511 1920 διασπῶσι
3542 1862 3765 1942 γάμους,
3798 1862 3881 1924 ὼς

2217 1948 2647 2027 βδελυσσόμενοι.
2682 1948 2828 2008 Ἐπεὶ
2883 1953 2970 2008 καὶ
3039 1957 3138 2019 τῆς
3200 1951 3365 2020 αὐτῆς
3422 1951 3643 2016 ἀτοπίας
3689 1950 3881 2028 ἀμφό-

2217 2062 2363 2119 τερα,
2396 2053 2700 2120 συγχωρεῖν
2762 2062 2822 2123 τε
2852 2041 3055 2119 γάμους
3106 2040 3530 2123 κεκωλυμένους,
3586 2063 3675 2098 και
3729 2037 3880 2096 λύειν

2217 2118 2337 2192 τοὺς
2380 2118 2711 2215 ἀκωλιξτους.
2761 2118 2939 2209 ιὈπερ
2982 2129 3044 2188 ἂν
3098 2132 3186 2188 καὶ
3228 2141 3316 2190 νῦν
3386 2118 3673 2210 παρολίγον
3705 2129 3879 2208 ἐπρά-

2217 2221 2328 2298 χθη
2351 2220 2439 2275 καὶ
2480 2216 2730 2286 διηνύσθη
2774 2231 2893 2282 τοῖς
2940 2225 3045 2276 πᾶν
3076 2221 3137 2276 τὸ
3194 2217 3379 2280 δοκοῦν
3434 2222 3525 2277 καὶ
3567 2232 3744 2276 ποιεῖν
3785 2219 3882 2274 καὶ

2218 2305 2394 2385 λέγειν
2437 2306 2855 2387 μηχανωμένοις
2890 2327 2907 2345 ο
2940 2308 3087 2384 εἰμὴ
3154 2310 3215 2364 τὸ
3278 2306 3411 2388 ἄγαν
3468 2306 3881 2389 πεφυλαγμένον

2217 2415 2275 2451 τε
2303 2396 2391 2452 καὶ
2448 2396 2702 2476 ἀγχίνουν
2772 2401 2866 2454 τοῦ
2920 2394 3359 2476 διορατικωτάτου
3417 2398 3651 2479 Πατρρὸς
3716 2399 3881 2473 ἡμῶν

2216 2486 2303 2541 καὶ
2331 2485 2510 2541 κοινοῦ
2552 2482 2830 2561 δεσπότου,
2899 2486 2956 2542 ὃν
3014 2490 3194 2568 ψῆφος
3267 2486 3514 2568 ἐμφανῶς
3584 2486 3695 2544 θεία
3747 2499 3879 2550 ταῖς

2214 2576 2314 2641 τῆς
2380 2572 2693 2650 οἰκουμένης
2750 2571 3094 2642 Ἐκκλησίαις
3160 2573 3245 2633 ἐπ’
3305 2576 3589 2633 ἂνανεώσει
3636 2580 3742 2631 τῶν
3800 2577 3879 2631 ia-

2214 2668 2318 2742 ρῶν
2348 2664 2554 2740 θεσμῶν
2614 2665 2703 2721 καὶ
2757 2664 2991 2723 κανόνων
3050 2664 3334 2748 ἐπέστησε,
3394 2664 3641 2743 συνοδικῇ
3686 2662 3880 2721 δεασκέ

2215 2756 2304 2827 ψει
2333 2753 2396 2808 τὸ
2437 2758 2658 2831 πρᾶγμα
2701 2753 2935 2816 ἀνέθετο.

479 2865 774 2911 canonum
808 2844 1096 2927 praefecit,
1130 2842 1205 2905 ad
1240 2841 1588 2921 synodicam
1622 2838 2114 2902 deliberationem
2149 2840 2446 2921 negotium
2478 2840 2801 2904 retulisset.

561 2935 831 3007 Atenim,
878 2932 1071 3014 inquit
1090 2930 1481 2994 adversarius.
1510 2928 1609 2991 hic
1631 2928 1956 2991 avunculus
1976 2930 2129 2991 ami-

479 3035 597 3088 tam
622 3025 843 3086 ducere
864 3020 1374 3103 deprehenditur;
1423 3027 1481 3080 et
1503 3018 1700 3079 fratris
1721 3017 1897 3090 ﬁlius,
1937 3017 2134 3078 fratris

479 3115 686 3178 ﬁliam.
717 3112 863 3175 Nam
895 3111 991 3173 his
1025 3108 1219 3172 verbis
1276 3107 1599 3182 auditores,
1654 3114 1754 3167 aut
1777 3106 2035 3188 judices,
2069 3126 2134 3169 se

480 3202 1038 3283 circumscripluros
1069 3206 1275 3279 putant
1309 3220 1322 3258 :
1384 3196 1484 3278 qui
1527 3215 1600 3258 an
1627 3195 1968 3258 dialecticas
2003 3215 2133 3257 me-
2154 3190 2193 3242 ο

484 3294 703 3378 thodos
733 3300 907 3374 atque
929 3289 1316 3378 sophismata,
1342 3287 1436 3348 vel
1455 3285 1806 3366 simpliciter
1831 3286 1992 3378 ipsas
2023 3286 2134 3347 de-

482 3375 806 3456 ﬁnitiones,
841 3388 900 3442 et
959 3376 1422 3460 propositiones,
1485 3382 1544 3437 et
1584 3393 1713 3455 quae
1745 3375 2139 3437 conﬁciuntur

480 3473 622 3534 inde
635 3470 1072 3549 conclusiones,
1091 3464 1571 3539 calleant;dicere
1590 3484 1706 3525 non
1725 3463 2138 3545 possumus.In

485 3580 553 3624 re
578 3560 818 3642 quidem
854 3555 1133 3639 praesenti
1182 3555 1569 3617 vehementer
1614 3552 1996 3632 SOphismatis
2028 3570 2137 3613 nos

484 3639 916 3714 circumvenire
945 3646 1237 3708 nituntur.
1273 3644 1637 3723 Avunculus,
1663 3642 1957 3722 inquiunt,
1993 3639 2141 3702 ami-

488 3748 606 3803 tam
641 3739 828 3818 duxit,
881 3738 1139 3799 Joannes
1198 3733 1425 3795 scilicet
1480 3730 1746 3803 Mariam,
1801 3749 1932 3812 quae
1961 3731 2140 3792 amita

495 3829 738 3912 proprie
754 3826 971 3892 Plotini
991 3835 1101 3901 est,
1129 3834 1409 3905 tanquam
1435 3823 1542 3884 ﬁlii
1566 3822 1765 3883 fratris
1788 3824 1944 3902 ejus.
1971 3821 2140 3912 Quod

484 3911 684 4002 ipsum
717 3917 997 3980 continuo
1047 3914 1201 3996 apud
1254 3932 1363 3975 nos
1393 3912 1571 3975 etiam
1632 3920 1720 3973 est
1777 3911 2139 3973 excusabile.

492 3999 609 4071 Sed
645 4016 704 4069 et
731 4005 930 4068 fratris
960 4003 1139 4078 ﬁlius,
1180 4002 1378 4064 fratris
1428 4000 1594 4062 duxit
1642 3999 1823 4061 ﬁliam
1867 4022 1879 4060 :
1941 4000 2145 4063 Mariae

495 4097 725 4160 scilicet
752 4093 950 4156 fratris
1006 4092 1187 4165 ﬁlius,
1248 4091 1566 4154 Plotinus:
1631 4098 1690 4150 at
1746 4090 1917 4169 cujus
1948 4089 2145 4150 fratris

2295 2929 2461 2989 Ἀλλὰ
2513 2936 2680 3007 θεῖος,
2739 2934 2919 3013 φησὶν,
2981 2932 3199 2992 ἐνταῦθα
3249 2934 3391 2991 θείαν
3446 2932 3734 3012 λαμϐάνων
3778 2937 3875 2995 εὖ-

2215 3023 2468 3102 ρίσκεται,
2541 3024 2629 3079 καὶ
2686 3020 2903 3099 ἀνεψιὸς
2982 3023 3227 3100 ἀνεψιάν.
3310 3023 3578 3084 Ἐντεῦθεν
3631 3026 3731 3104 γὰρ
3787 3026 3877 3081 καὶ

2217 3110 2655 3192 παραλογίζεσθαι
2710 3113 2831 3178 τοὺς
2901 3112 3166 3193 ἀκροατὰς
3223 3113 3259 3182 ἢ
3332 3112 3581 3179 δικαστὰς
3639 3115 3868 3190 οἴονται,

2219 3203 2262 3257 εἰ
2321 3201 2418 3277 μὲν
2473 3202 2561 3257 καὶ
2643 3198 2985 3259 διαλεκτικῶν
3046 3199 3301 3279 μεθόδων,
3366 3204 3453 3263 καὶ
3504 3205 3870 3286 σοφισμάτων,

2218 3289 2254 3357 ἢ
2282 3296 2388 3346 τῶν
2418 3287 2600 3356 ἁπλῶς
2658 3288 2793 3369 ὅρων
2848 3312 2932 3371 τε,
2989 3293 3076 3349 καὶ
3137 3293 3472 3375 προτάσεων,
3526 3296 3613 3351 καὶ
3681 3295 3786 3351 τῶν
3814 3292 3877 3350 ἐκ

2218 3380 2416 3435 τούτων
2511 3381 2971 3459 συμπερασμάτων
3073 3379 3222 3448 ὄντες
3317 3381 3613 3461 εἰδήμονες,
3698 3383 3877 3463 λέγειν

2222 3469 2315 3525 οὐκ
2357 3467 2516 3545 ἴσμεν
2564 3484 2577 3499 ⁸
2626 3469 2712 3527 ἐπὶ
2740 3469 2831 3526 τοῦ
2858 3470 3118 3550 παρόντος
3169 3478 3296 3552 γοῦν
3340 3472 3489 3551 ὅμως
3531 3476 3621 3532 καὶ
3678 3472 3881 3553 σφόδρα

2221 3558 2651 3638 κατασοφίζεσθαι
2698 3557 3032 3626 σπεύδοντες.
3085 3569 3243 3627 Θεϊος
3290 3564 3391 3643 γὰρ
3445 3563 3649 3645 εἰλήφει
3706 3564 3884 3638 θείαν,

2222 3649 2380 3730 φησὶν
2420 3668 2432 3684 ·
2469 3651 2498 3705 6
2531 3646 2781 3717 Ἰωάννης
2832 3647 3037 3719 δηλαδή
3079 3653 3179 3719 τὴν
3254 3654 3478 3734 Μαρίαν,
3520 3654 3632 3734 ,τὴν
3686 3654 3883 3733 κυρίως

2222 3729 2313 3793 τοὺ
2369 3736 2636 3794 Πλωτίνου
2690 3740 2828 3796 θείαν
2885 3740 2961 3805 ὡς
3045 3729 3443 3821 ἐδελφόπαιδος,
3519 3729 3583 3802 “Ο
3642 3744 3731 3800 καὶ
3754 3729 3884 3822 παρ

2222 3827 2357 3901 ἡμῖν
2404 3828 2613 3883 απόθεν
2667 3826 3021 3906 ἀνέγκλητον,
3094 3829 3263 3887 ’Λλλὰ
3318 3832 3406 3888 καὶ
3453 3831 3695 3907 ἀνεψιὸς,
3754 3832 3882 3887 ἆνε-

2225 3915 2354 3990 ψιάν
2389 3930 2401 3944 °
2431 3916 2459 3971 6
2508 3916 2607 3983 τῆς
2679 3918 2880 3995 Μαρίας
2931 3917 3147 3994 ἀνεψιὸς
3218 3917 3488 3995 δηλονότι,
3549 3920 3825 3985 Πλωττνος
3863 3942 3879 3957 ·

2227 4004 2446 4080 ἀνεψιὰν
2484 4002 2539 4061 δὲ
2568 4007 2747 4086 τινὸς;
2796 4008 2855 4064 Εἰ
2896 4006 2994 4083 μὲν
3050 4011 3150 4077 τῆς
3179 4009 3342 4077 αὐτῆς
3369 4014 3594 4089 Μαρίας,
3630 4010 3884 4091 ἐσχάτως

2228 4091 2447 4171 ἄτοπον,
2507 4097 2594 4151 καὶ
2647 4094 2831 4151 κανόσι
2913 4096 3075 4162 θείοις
3150 4096 3541 4176 κεκωλυμένον,
3614 4100 3724 4170 Τὴν
3780 4101 3885 4179 γὰρ

491 4186 672 4248 filiam
693 4182 719 4246 ἳ
740 4184 789 4244 si
809 4181 1049 4264 quidem
1077 4180 1351 4260 ejusdem
1374 4178 1591 4259 Mariae,
1614 4178 1793 4240 fuerit
1818 4181 1930 4240 hoc
1952 4190 2135 4239 extre-

2226 4179 2356 4238 ἰδίαν
2408 4181 2699 4263 ἐλαδέλφην
2755 4182 3065 4262 λαμϐάνειν,
3135 4188 3223 4243 καὶ
3275 4190 3412 4264 ἡμῖν
3470 4187 3657 4264 πολλῷ
3717 4178 3881 4247 πλέον

492 4294 587 4337 me
636 4249 991 4345 absurdum,
1063 4249 1130 4331 et
1190 4267 1436 4331 canibus
1516 4249 1700 4329 sacris
1752 4267 2135 4349 prohibitum.

2228 4269 2496 4349 ἐξάγιστον
2538 4249 2626 4329 καί
2659 4249 2993 4352 -άπόϐλητον,
3041 4249 3128 4333 καὶ
3175 4249 3352 4345 πάσης
3402 4249 3669 4343 κολάσεως
3711 4276 3878 4345 ἄξιον.

493 4363 727 4444 Quippe
739 4379 902 4423 suam
926 4358 1342 4422 consobrinam
1363 4358 1605 4433 ducere,
1623 4356 1795 4419 nobis
1808 4358 1984 4419 etiam
1997 4357 2135 4418 mul-

2230 4363 2287 4417 Εἰ
2316 4358 2371 4417 δὲ
2412 4368 2505 4418 τοῦ
2547 4360 2793 4425 Ἰωάννου
2846 4370 2942 4421 τοῦ
3134 4366 3303 4444 Μαρίᾳ
3359 4368 3757 4449 συζευχθέντος,
3800 4368 3881 4433 τίς

490 4461 552 4518 to
587 4416 775 4532 magis
805 4446 1170 4513 exsecrabile
1202 4446 1722 4536 damnandumque
1773 4446 2025 4527 videtur,
2086 4453 2135 4508 et

2570 4416 2786 4425 -νίτηπ
2859 4416 2937 4421 ⁷-⁷
3020 4416 3075 4442 ".I
3134 4416 3303 4444 "‘"T'T
3362 4416 3507 4440 ‘W"
3559 4416 3729 4434 *ν’-ν’·
3812 4416 3878 4433 ’τ’

2228 4452 2256 4505 6
2286 4457 2441 4508 τοῦτο
2481 4449 2704 4507 κωλύων
2731 4453 2929 4533 κανὼν,
2980 4456 3016 4522 ἢ
3073 4456 3259 4536 νόμος,
3291 4455 3327 4524 ἢ
3370 4416 3834 4533 τόμοέσυνοδιίιός
3862 4476 3878 4536 ;

493 4543 657 4607 omni
684 4505 930 4621 dignum
963 4536 1277 4628 supplicio.
1313 4535 1416 4598 Sin
1451 4505 1644 4597 duxit1
1675 4554 1832 4611 eam,
1867 4505 2135 4616 qumIMa-

2228 4537 2377 4595 Ἀλλ’
2461 4539 2679 4598 ἐνταῦθα
2734 4505 2929 4598 λοιπὸί
2981 4505 3166 4609 αὐτοτὲ
3208 4505 3327 4602 κίιὶ¹
3355 4548 3418 4603 τὸ
3434 4505 3733 4628 Γσόφισμνα,
3793 4505 3886 4605 καί

491 4632 597 4696 riae
626 4627 1066 4693 maritoJoanni
1116 4626 1312 4688 fratris
1343 4634 1431 4689 est
1456 4624 1597 4701 ﬁlia,
1633 4625 1916 4717 quis-hoc
1937 4624 2135 4717 prohi-

2224 4629 2291 4717 τα
2317 4634 2421 4687 τῶν
2460 4628 2879 4711 ἀσυλλογιστῶν,
2935 4630 3326 4711 συλλογισμῶν,
3390 4638 3479 4694 καὶ
3508 4624 3751 4717 δ’μέγας
3782 4645 3886 4694 Βα-

493 4724 598 4785 bet
624 4739 837 4790 canon,
868 4729 971 4780 aut
1000 4718 1116 4793 lex,
1167 4723 1273 4807 aut
1312 4723 1512 4807 tomus
1556 4713 1854 4795 synodalis
1881 4715 1907 4773 ?
1937 4712 2135 4774 Enim-

2225 4715 2419 4807 σίλειος
2452 4719 2525 4782 εἷς
2583 4719 2744 4794 μέσον
2801 4720 3085 4799 ἀγόμενος,
3145 4725 3236 4780 καὶ
3289 4712 3721 4807 περιφερόμενος,
3795 4728 3884 4784 καὶ

495 4772 598 4785 -.η
627 4772 837 4790 -_-----,
869 4772 969 4780 η-
1001 4772 1116 4793 ----,
1168 4772 1263 4778 π-
1318 4772 1507 4776 η
1558 4772 1579 4774 _

489 4830 631 4874 vero
661 4810 760 4871 hic
778 4807 1079 4890 reliquum
1113 4813 1202 4866 est
1224 4805 1314 4867 eis
1332 4772 1657 4884 s0pbismda,
1676 4803 1999 4883 vitiumque
2026 4820 2135 4863 non

2319 4772 2329 4774 τ
2371 4772 2418 4782 τ-
2458 4772 2522 4782 ην
2583 4772 2736 4794 ι--νην
2805 4772 3085 4799 "l'|'""‘1
3149 4772 3236 4780 "'"
3297 4772 3721 4807 "'r"r'r"r""‘-’

2226 4806 2442 4883 ἀμαθῶς
2520 4808 3047 4889 παρερμηνευόμενος
3081 4832 3096 4848 ·
3184 4814 3250 4870 τὰ
3358 4812 3440 4890 ἐφ’
3539 4816 3714 4890 ἑτέρον

493 4897 924 4962 cohaerentium
976 4893 1480 4977 syllogismorum,
1529 4900 1587 4953 et
1636 4911 1883 4972 magnus
1912 4909 2148 4973 quoque

494 4989 751 5052 Basilius
780 4987 843 5048 in
875 4984 1138 5049 medium
1169 4983 1513 5066 productus,
1548 4982 1891 5063 passimque
1910 4983 2147 5062 citatus,

494 5098 562 5141 ac
590 5076 865 5158 imperita
893 5063 1384 5156 interpretatione
1433 5080 1792 5152 corruptus:
1852 5072 1991 5132 dum
2020 5089 2135 5153 qua

2231 5063 2361 5155 παρ’
2402 5076 2431 5131 ὃ
2472 5077 2561 5133 καὶ
2587 5074 2670 5133 διὰ
2711 5086 2828 5152 τοῦ,
2875 5068 3134 5136 ἸΕσονται
3172 5084 3219 5137 οἱ
3261 5079 3348 5139 δύο
3404 5085 3478 5148 εἰς
3535 5063 3703 5165 σάρκα
3734 5089 3861 5164 μίαν

498 5170 571 5232 ab
603 5133 733 5250 ipso
753 5168 827 5230 de
847 5167 983 5230 aliis
1006 5133 1324 5228 admodum
1343 5133 1792 5226 accommodate
1813 5163 1973 5225 dicta
1988 5133 2135 5235 sunt,

2311 5133 2322 5155 ι
2727 5133 2828 5152 *"1
2913 5133 3010 5136 —"
3062 5133 3133 5136 ""
3181 5133 3217 5137 "
3267 5133 3345 5139 "'
3405 5133 3476 5148 "‘
3538 5133 3602 5145 ""
3636 5133 3703 5143 ""
3780 5133 3859 5146 "'"

2233 5168 2348 5222 θεῖν
2417 5165 2831 5245 ἠναγκασμένως
2890 5179 2982 5229 τοῦ
3092 5168 3364 5230 Πλωτινου
3460 5176 3550 5231 τὸν
3603 5133 3888 5247 ι’Ἰωάινν-ηηί

496 5260 649 5321 biad
675 5257 969 5320 iudicatas
982 5274 1268 5346 personas
1273 5256 1518 5346 trahere
1542 5261 1833 5346 satagunt.
1857 5255 2135 5316 Praetere:

2236 5252 2595 5332 κυριολεκτεϊν
2665 5259 2804 5313 οὗτοι
2861 5258 3327 5343 ἇποθρασύνονται,
3401 5262 3459 5320 ὃν
3548 5263 3609 5322 ἐκ
3663 5264 3891 5346 πλαγὶου

500 5365 607 5430 per
628 5346 774 5410 illud
791 5346 969 5407 etiam
984 5345 1231 5419 dictum,
1252 5344 1445 5405 Erunt
1467 5342 1583 5404 duo
1606 5342 1667 5403 in
1686 5361 1929 5404 carnem
1949 5361 2123 5432 unam

2234 5343 2546 5424 ἀγχιστείας
2604 5346 2782 5423 τρόπῳ
2837 5354 2914 5423 τῷ
2970 5355 3064 5405 τοῦ
3147 5347 3416 5411 Πλωτίνου
3490 5353 3629 5432 γένει
3682 5342 3888 5414 οἰκειω-

500 5437 722 5502 audent
749 5434 1043 5515 iactitare,
1085 5432 1375 5496 Joannem
1434 5451 1499 5495 se
1557 5432 1900 5496 necessario
1931 5431 2135 5496 Plotin

2233 5433 2408 5515 θέντα,
2476 5432 2638 5499 οὐδεὶς
2693 5433 2901 5493 οὐδέπω
2971 5436 3132 5514 νόμος
3189 5441 3335 5498 θετον
3402 5431 3559 5503 αὐτοῦ
3616 5446 3888 5522 ὀνομάζων

2075 5592 2300 5658 NOTAE

593 5728 713 5813 (42)
747 5731 836 5794 De
864 5725 957 5789 his
984 5724 1146 5788 Elias
1189 5725 1490 5788 Cretensis
1515 5723 1576 5786 in
1607 5736 1930 5794 comment.
1963 5729 2025 5792 in
2054 5672 2507 5796 Iiazianzenum.

3184 4814 3250 4870 τὰ
3358 4812 3440 4895 ἐφ’
3539 4816 3714 4896 ἑτέρον
3793 4816 3885 4874 ὑπ’

2230 4896 2437 5004 ἑκείνου,
2482 4896 2628 5004 μάλα
2672 4899 3020 5004 ,προσφόρως
3090 4902 3459 5004 ὲκφωνηθέντα
3543 4906 3702 4985 ῥητὰ,
3760 4908 3888 4989 σφό-

2231 4987 2323 5060 δρα
2346 4987 2546 5076 τούτων
2604 4988 2689 5045 ἐπὶ
2729 4989 2795 5044 τὰ
2839 4990 3089 5076 εἰρημένα
3146 4990 3509 5053 καθελκόντων
3557 4987 3819 5076 πρόσωπα
3866 5018 3883 5036 ⁸
