4128 6418
236 411 257 473 ι
280 404 389 468 101
1570 397 2268 467 GRAECO-ROMANUM
3444 381 3633 461 ἠοξ

228 537 512 595 δείκνυται.
545 525 710 592 Τὸδὲ
780 531 840 589 ἐκ
897 535 996 601 τῆς
1052 538 1146 587 τοῦ
1212 529 1500 588 ἀκολούθου
1559 532 1799 612 εἰσφορᾶς
1830 555 1858 588 τ

2012 529 2330 591 vunculum
2363 530 2604 612 proprie
2635 530 2934 615 loquendo
2967 531 3272 614 appellare
3307 552 3321 598 :
3356 536 3642 616 quemjex

230 624 501 693 σιωπηθὲν
559 620 972 700 συλλογίζεσθαι,
1033 616 1153 676 κατ’
1210 619 1369 676 αὒτὸν
1426 619 1585 700 φάναι
1635 623 1728 677 τὸν
1767 624 1854 678 θεο

2007 637 2336 698 ransverso,
2371 638 2477 700 per
2505 621 2750 684 modum
2780 621 3104 700 afﬁnitatis,
3135 622 3381 686 familiae
3410 625 3637 688 Plotini

230 717 487 798 φάντορα,
521 710 926 790 νομοθετοῦντός
985 709 1149 787 ἐστιν,
1224 713 1284 769 οὗ
1352 710 1417 769 τὰ
1481 716 1574 767 τοῦ
1603 711 1764 787 νόμου
1793 710 1860 768 λέ

2002 707 2417 769 necessitudine
2439 709 2755 789 junctum,
2776 712 2938 775 nulla
2983 731 3247 794 unquam
3279 713 3410 795 lege
3441 732 3632 777 avun-

231 796 444 885 γοντος,
1972 796 2176 857 culum
2200 796 2331 876 ejus
2352 796 2471 859 dici
2496 798 2798 879 probatur.
2820 802 2896 864 At
2915 820 3053 865 vero
3102 821 3173 865 ex
3195 802 3465 866 illatione
3483 824 3632 868 con-

1971 886 2276 966 sequentis
2293 885 2351 947 id
2376 887 2721 951 ratiocinari
2739 891 2915 968 velle,
2940 890 3099 974 quod
3121 891 3361 956 silentio
3385 894 3632 975 tegitur,

1971 982 2034 1036 ut
2062 993 2198 1035 cum
2230 976 2341 1038 hoc
2374 975 2503 1057 ipso
2538 978 2815 1061 theologo
2860 980 3071 1064 loquar
3119 981 3481 1064 legislatoris
3517 993 3636 1061 est,

1973 1082 2092 1125 non
2126 1064 2316 1143 legem
2346 1065 2684 1145 allegantis.

226 1200 238 1212 .
323 1160 472 1219 Ἐπεὶ
541 1157 679 1216 οὕτω
747 1180 808 1236 γε
868 1155 1067 1223 ἐξέσται
1123 1163 1199 1231 τῷ
1246 1157 1620 1236 πονηρεύεσθαι
1694 1156 1853 1234 βουλο

2050 1154 2199 1246 _Narn
2233 1154 2345 1246 hoc
2375 1155 2616 1246 quidem
2647 1158 2824 1220 modo
2872 1158 3076 1224 licebit
3130 1162 3421 1226 malitiose
3450 1183 3636 1246 agere

239 1252 409 1330 μένῳ,
455 1252 544 1309 καὶ
571 1247 660 1305 ἐπὶ
744 1248 867 1312 τοὺς
917 1245 993 1303 ἔτι
1062 1245 1376 1325 ποῤῥωτέρω
1443 1245 1535 1303 τοῦ
1592 1246 1772 1324 γένους
1801 1249 1869 1303 τὸε

1999 1241 2217 1315 ποιθηιί,
2239 1243 2416 1304 etiam
2433 1244 2510 1306 ad
2524 1246 2879 1310 remotiores
2891 1268 3112 1330 genere
3124 1251 3279 1313 hanc
3292 1241 3629 1316 orationem

238 1341 402 1421 λόγον
466 1338 726 1408 ἐκτείνην,
814 1340 910 1393 καὶ
969 1342 1128 1392 πᾶσιν
1200 1334 1498 1393 ἀποκλείειν
1556 1336 1740 1404 επίσης
1793 1338 1868 1403 τὴ

2004 1331 2322 1414 ixtendere,
2358 1341 2527 1414 atqus
2585 1355 2794 1399 omnes
2851 1339 3072 1420 pariter
3126 1343 3634 1408 aconsuetudine

239 1420 373 1510 πρὸς
447 1426 709 1498 ἀλλήλους
768 1425 1003 1504 γαμικὴν
1073 1424 1306 1500 ὁμιλίαν,
1359 1423 1443 1481 διὰ
1501 1430 1599 1493 τῆς
1656 1447 1869 1505 παρατε.

2000 1420 2405 1514 natrimoniali
2423 1424 2766 1508 excludere,
2786 1437 3028 1510 propter
3045 1431 3204 1493 hanc
3219 1431 3454 1512 longius
3485 1452 3630 1514 pro-

238 1518 479 1595 ταμένης
521 1517 717 1583 ταύτης
768 1515 1027 1595 ἀπεράνου
1085 1521 1260 1594 σειρᾶς
1319 1514 1355 1581 ἢ
1424 1514 1705 1591 κλίμακος,
1768 1518 1826 1572 οὗ
1850 1537 1868 1570 τ

1999 1529 2211 1573 ensam
2240 1510 2656 1595 inﬁnitamque
2687 1515 2905 1579 lineam
2938 1527 2998 1581 et
3026 1520 3247 1583 scalam
3281 1543 3295 1586 :
3331 1510 3454 1603 quo
3485 1510 3629 1586 sane

238 1605 437 1689 γένοιτ’
467 1605 529 1663 ἂν
571 1603 887 1684 ἀδικώτερον
924 1623 940 1684 ς
977 1604 1220 1683 Καίτοιγε
1288 1603 1372 1661 ἐπὶ
1428 1602 1569 1661 τέλει
1623 1612 1716 1661 τοῦ
1744 1607 1867 1661 αὒτο

2002 1600 2120 1680 [uid
2144 1599 2283 1689 ﬁeri
2308 1601 2494 1681 possit
2523 1603 2804 1684 injustius
2835 1607 2860 1667 Υ
2890 1610 3221 1689 praesertim
3254 1599 3388 1673 cum
3421 1611 3484 1673 in
3514 1613 3632 1677 ﬁne

240 1688 449 1779 Πατρὸς
477 1703 600 1759 τοῦς
634 1695 878 1771 νομίμοις
928 1694 1123 1771 γάμοις
1179 1692 1440 1750 πλατεῖαν
1500 1693 1618 1751 ὁδὸν
1687 1695 1870 1751 ὑπανοί

1999 1691 2077 1750 lic
2097 1688 2255 1781 idem
2284 1697 2450 1781 pater
2470 1691 2750 1769 legitimis
2773 1696 3190 1777 nuptiislatam
3219 1700 3446 1781 aperiat
3472 1702 3629 1765 viam

238 1808 457 1867 γοντος,
489 1784 586 1843 καὶ
639 1791 819 1864 σαφῶς
867 1782 952 1838 ἐπὶ
1015 1792 1171 1842 τοῦτο
1228 1782 1678 1863 προτρεπομένου.
1736 1783 1868 1841 Ἐπιι

1999 1778 2356 1841 etevidenter
2377 1780 2494 1842 huc
2516 1781 3185 1866 invitet.Subjicitenim
3213 1812 3225 1848 :
3251 1778 3391 1853 Haec
3421 1810 3629 1856 eorum

241 1877 388 1959 φέρει
431 1877 532 1954 γάρ
578 1891 594 1906 ⁸
642 1870 943 1953 Κεφάλαιον
970 1869 1025 1927 δὲ
1052 1877 1161 1929 τῶν
1203 1871 1518 1952 εἰρημένων,
1551 1874 1594 1928 εἰ
1628 1873 1724 1933 μὲν
1750 1872 1871 1948 νόμι

2000 1875 2069 1959 εει
2098 1886 2329 1959 summa
2358 1887 2491 1959 quae
2519 1869 2676 1934 dicta
2728 1882 2888 1935 sunt.
2952 1874 3016 1939 Si
3072 1878 3205 1958 quis
3233 1879 3364 1959 lege
3392 1881 3630 1944 ducitur

242 1945 325 2032 τις
356 1945 584 2046 ὁρμᾶται
804 1961 999 2064 γάμον,
1045 1945 1284 2064 ἤνοικται
1324 1945 1522 2064 τούτω
1574 1967 1718 2064 πᾶσα
1746 1963 1781 2029 ἡ
1815 1963 1872 2017 οἶι

1997 1955 2050 2016 td
2083 1956 2341 2055 nuptias,
2375 1945 2619 2064 ei'totus
2650 1960 2814 2024 orbis
2836 1972 3075 2064 apertus
3092 1945 3208 2031 est.
3243 1945 3399 2064 Quid
3431 1979 3627 2064 autem

244 2044 503 2133 κουμένη.
536 2055 597 2113 Τί
625 2044 674 2108 δ’
715 2050 1068 2130 ἐννομώτερον
1090 2051 1310 2127 ἐκείνου,
1357 2052 1385 2106 ὃ
1428 2052 1567 2126 μήτε
1612 2052 1771 2127 νόμος
1801 2072 1874 2107 ποι

1999 2044 2169 2124 nagis
2199 2054 2288 2106 est
2317 2064 2388 2107 eo
2444 2046 2800 2139 legitimum,
2860 2044 3019 2133 quod
3079 2074 3275 2138 neque
3299 2058 3400 2139 jus
3432 2059 3629 2137 civile,

244 2146 471 2213 λιτικὸς,
521 2145 659 2219 μήτε
700 2142 876 2198 κανὼν
904 2141 1040 2230 ἱερὸς
1086 2140 1452 2230 ἀπαγορεύσας
1502 2163 1603 2230 που
1632 2140 1868 2220 φαίνεται

1995 2151 2173 2213 1eque
2193 2152 2425 2195 sacrum
2446 2136 2707 2217 aliquem
2726 2159 3016 2203 canonem
3037 2136 3416 2224 prohibuisse
3436 2136 3625 2230 paret,

245 2238 292 2293 εἰ
322 2238 402 2311 μὴ
429 2234 517 2290 καὶ
581 2233 753 2310 ῥητῶς
824 2231 990 2318 αὖθιςΔ
1023 2228 1315 2310 ἐπέτρεψαν
1344 2249 1361 2311 ς
1438 2227 1688 2308 Ἐπείπερ
1744 2230 1801 2286 οὐ
1831 2230 1875 2286 τὶ

2003 2223 2214 2285 ametsi
2243 2223 2465 2285 diserte
2517 2245 2634 2289 non
2688 2223 3123 2310 permiserint?
3152 2233 3383 2318 Quippe
3414 2223 3535 2300 non
3563 2223 3633 2303 ea

246 2321 699 2404 συγκεχωρημένα
728 2316 1136 2399 περιλαμϐάνειν
1175 2319 1381 2376 οἴδασιν
1437 2322 1483 2376 οἱ
1540 2321 1656 2399 περὶ
1696 2320 1876 2375 τούτωτ

2000 2329 2108 2392 [uae
2136 2331 2422 2375 concessa
2449 2323 2608 2390 sunt,
2635 2321 3149 2400 comprehendere
3163 2316 3630 2405 promulgatores

244 2390 699 2491 θεσμοθετοῦντες,
787 2408 925 2466 ἀλλὰ
981 2410 1118 2485 μόνα
1167 2412 1234 2468 τὰ
1288 2407 1629 2485 κεκωλυμένα
1696 2409 1874 2489 ἀπαρι·

2000 2390 2189 2462 larum
2220 2405 2428 2464 rerum
2467 2406 2709 2468 solent:
2773 2390 2878 2471 Sed
2936 2390 3218 2475 duntaxat
3277 2390 3630 2480 enumerare

242 2490 514 2582 θμεϊσθαι,
547 2502 636 2559 καὶ
663 2503 738 2557 ὧν
792 2501 828 2567 ἡ
874 2497 1171 2601 παράϐασις
1230 2498 1487 2601 μεγίστην
1546 2496 1662 2601 οἶδε
1692 2495 1872 2601 βλάϐη

1999 2490 2278 2553 irohibita
2348 2501 2406 2554 et
2465 2514 2718 2576 quorum
2766 2500 3160 2579 transgressio
3205 2504 3524 2567 maximam
3553 2505 3629 2569 iis

241 2580 548 2651 ἀποτίκτειν
640 2602 760 2653 τοῖς
818 2588 1245 2669 περιπίπτουσιν,
1295 2580 1512 2667 ιὨσπερ
1564 2588 1652 2645 καὶ
1705 2584 1760 2643 εἴ
1814 2609 1865 2643 τι

2001 2597 2192 2639 noxam
2227 2598 2436 2660 parere
2466 2585 2801 2663 consuevit,
2829 2588 2930 2669 qui
2974 2606 3042 2652 ea
3081 2591 3483 2655 committunt.
3515 2593 3631 2658 Pe-

243 2684 420 2764 ίατρὸς
462 2688 539 2756 τῷ
570 2680 825 2757 κάμνοντι
884 2666 1249 2757 ἀπαγορεύσας
1307 2677 1374 2735 τὰ
1443 2675 1768 2757 βλάπτοντα,
1841 2697 1873 2731 οι

1998 2666 2151 2730 rinde
2166 2686 2234 2729 ac
2256 2671 2304 2731 si
2331 2670 2598 2734 medicus
2618 2666 3070 2754 aegroto—noxiis
3089 2679 3270 2743 rebus
3299 2680 3628 2748 interdixe-

244 2756 457 2835 πάντως
509 2770 749 2847 ἀνάγκην
830 2766 950 2849 ἔχει
1036 2756 1124 2824 καὶ
1206 2766 1518 2845 καταλέγειν
1570 2766 1670 2824 ἀνά
1740 2764 1874 2845 μέρο

1999 2756 2079 2831 rit,
2106 2775 2224 2851 non
2246 2760 2489 2822 omnino
2510 2761 2566 2825 ei
2596 2782 2841 2827 necesse
2891 2775 2979 2829 est
3021 2769 3200 2831 etiam
3224 2772 3629 2851 particulatim

248 2862 454 2921 ἅπαντα
480 2861 549 2917 τὰ
576 2845 646 2936 τῇ
686 2858 835 2937 φύσει
864 2845 1057 2934 -μηδὲν
1100 2856 1481 2932 λυμαινόμενα.
1556 2854 1724 2912 Ἀλλὰ
1752 2852 1878 2934 δεῦρ‹

1997 2845 2183 2906 )mnia
2202 2858 2533 2937 recenseat,
2561 2870 2690 2932 quae
2714 2860 2940 2916 naturae
2963 2856 3114 2918 nihil
3132 2845 3370 2921 nocent.
3406 2862 3627 2923 Verum

248 2951 433 3008 λοιπὸν
462 2953 490 3007 ὁ
560 2949 628 3007 τὰ
678 2936 798 3004 θεῖα
867 2945 1348 3026 παρεξηγούμενος,
1410 2945 1539 3005 αὒτά
1589 2945 1721 3025 πρὸς
1772 2942 1878 3001 ἔποε

1996 2952 2091 3015 age
2121 2936 2381 3014 tandem,
2416 2939 2515 3019 qui
2546 2960 2715 3005 sacra
2772 2944 2917 3007 falso
2970 2947 3219 3025 exponis
3247 2949 3321 3010 ad
3355 2951 3626 3026 verbum,

250 3038 644 3119 διερμηνεύθητι
692 3036 757 3092 τὰ
817 3041 915 3103 τῆς
949 3025 1260 3104 ἐπιστολῆς
1318 3041 1411 3091 τοῦ
1472 3032 1704 3113 μεγάλου
1732 3034 1880 3112 ῥήτο-

2005 3035 2383 3104 nterpretare
2413 3048 2546 3109 quae
2572 3031 2634 3093 in
2664 3033 2826 3096 illius
2877 3037 3075 3114 magni
3105 3040 3355 3102 oratoris
3380 3041 3631 3123 epistola

246 3114 370 3210 ρος,
403 3134 474 3206 τῇ
499 3125 701 3199 διανοίᾳ
728 3128 817 3182 καὶ
866 3133 942 3201 τῷ
1007 3132 1193 3201 σκοπῷ
1261 3129 1366 3183 τῶν
1433 3123 1736 3203 λεγομένων
1805 3124 1876 3179 τὸε

1998 3114 2204 3194 scripta
2232 3125 2391 3198 sunt,
2421 3128 2622 3183 mente
2641 3124 2804 3203 prius
2826 3125 2889 3185 in
2911 3127 3268 3190 sententiam
3292 3137 3351 3191 et
3381 3114 3628 3211 scopum

245 3207 364 3275 νοῦν
392 3224 602 3297 πρῶτον
670 3214 895 3304 ἐρείσας.
959 3215 1057 3273 Καὶ
1099 3221 1276 3290 σαυτῷ
1317 3214 1463 3294 τάχα
1518 3214 1651 3270 ποτὲ
1706 3210 1875 3304 μέμψ]

2002 3221 2187 3264 :orum
2219 3222 2360 3304 quae
2378 3207 2673 3304 dicuntur
2706 3212 2920 3280 deﬁxa.
2970 3213 3097 3288 Quo
3154 3216 3331 3295 facto,
3364 3207 3632 3281 fortassis

242 3313 344 3375 τῆς
374 3294 709 3387 προπετείας.
762 3294 909 3362 Ἐπεὶ
952 3306 1038 3361 καὶ
1080 3306 1274 3377 κανὼν,
1340 3306 1414 3370 ὡς
1472 3303 1631 3361 οἶσθα
1680 3303 1867 3378 νομικό

1998 3312 2110 3388 ἱρεο
2150 3296 2543 3388 temeritatem
2599 3299 2916 3383 aliquando
2977 3313 3132 3367 tuam
3192 3294 3628 3388 reprehendes.

244 3380 428 3477 ἔστιν,
469 3394 555 3453 ἐπ’
624 3395 836 3454 ἐκείνων
894 3394 1067 3471 μόνων
1152 3394 1245 3458 τὰς
1305 3396 1411 3450 τῶν
1481 3393 1659 3469 νόμων
1732 3391 1869 3448 θέσει

2005 3380 2130 3477 iam
2161 3390 2219 3443 et
2241 3386 2445 3463 regula
2457 3388 2610 3468 juris
2634 3380 2894 3472 est(43),
2945 3403 3006 3455 ut
3048 3395 3226 3472 nosti,
3261 3380 3543 3460 duntaxat
3570 3397 3635 3460 in

241 3471 475 3568 ἰσχύειν,
508 3485 588 3568 ἐφ’
619 3487 693 3545 ὧν
737 3486 824 3542 καὶ
869 3482 1295 3565 ἐξεφωνήθησαν,
1350 3480 1476 3541 Καθ’
1510 3483 1567 3539 ὃν
1625 3480 1786 3560 λόγον
1815 3504 1871 3537 κο

2002 3471 2060 3568 is
2092 3471 2287 3568 legum
2320 3477 2516 3568 valere
2544 3471 2782 3558 statuta,
2845 3483 2921 3545 de
2970 3484 3189 3565 quibus
3219 3487 3465 3567 prolatae
3488 3488 3632 3553 sint.

245 3559 353 3640 πᾶξ
382 3559 600 3651 votitqu
627 3576 803 3633 κανὼν
840 3559 977 3653 πρὸς.
1000 3586 1118 3636 τοϊς
1172 3571 1351 3637 ἄλλοις
1398 3573 1586 3652 σαθρὸς
1646 3571 1789 3627 εἶναι
1819 3568 1875 3626 λέ

2009 3559 2111 3658 ξοδ
2145 3561 2335 3658 etiam.
2354 3566 2585 3631 ratione
2609 3570 2743 3649 (44)
2769 3572 2965 3634 omnis
2986 3559 3197 3653 regula
3219 3559 3399 3655 :iuris,
3421 3585 3639 3658 praeter

244 3650 472 3745 1611!”)
497 3667 625 3722 Οθεν
668 3662 855 3740 ἀμέλει
883 3650 981 3719 κᾶν
1030 3664 1204 3721 ὁτιοῦν
1273 3660 1516 3739 γένηται,
1577 3657 1662 3716 ἐπ’
1692 3659 1873 3716 ἐκείνω

2003 3650 2120 3724 ilia,
2139 3651 2371 3745 fragilis
2393 3673 2525 3718 esse
2547 3658 2785 3722 dicitur.
2835 3650 3152 3743 Propterea
3181 3650 3395 3745 siquid
3421 3650 3507 3728 ἐκ
3538 3666 3633 3728 his

244 3738 463 3818 πάντως
520 3738 774 3833 κρατήσει
831 3753 919 3808 καὶ
972 3751 1038 3808 τὰ
1092 3751 1194 3807 ὑπὸ
1257 3750 1350 3806 τοῦ
1402 3748 1699 3819 θεολήπτου
1755 3746 1874 3807 τοῦδ

1999 3738 2275 3837 sequitur,
2324 3762 2455 3823 quae
2504 3746 2576 3808 ab
2636 3749 2881 3811 homine
2938 3738 3139 3813 divino
3199 3738 3425 3815 sancita
3468 3764 3629 3837 sunt,

241 3828 651 3924 διηγορευμένα,
683 3842 765 3922 ἐφ’
796 3843 870 3897 ὧν
899 3841 1018 3898 τότε
1066 3838 1352 3920 ἐξηνέχθη.
1430 3838 1602 3907 Δῆλον
1654 3836 1730 3918 δὲ,
1765 3837 1871 3895 ὣστ

2006 3828 2230 3889 imnnio
2278 3830 2353 3893 de
2410 3834 2483 3895 iis
2538 3836 2886 3918 accipienda
2915 3849 3111 3924 erunt,
3144 3841 3218 3904 de
3249 3841 3464 3924 quibus
3495 3828 3636 3907 tunc

245 3932 327 4010 μὴ
351 3917 443 3989 bdo
475 3917 735 4012 ἀδελφαῖς.
758 3928 852 3988 ἕνα
918 3931 1007 3987 καὶ
1062 3929 1151 3985 τὸν
1221 3917 1376 3984 αὑτὸν
1420 3925 1578 4006 ἄνδρα
1625 3917 1785 4005 γάμῳ
1814 3927 1875 4005 ἁρ

2004 3917 2147 3978 'uere
2177 3920 2427 3998 prolata.
2461 3917 2838 3988 Manifestum
2866 3936 2955 3991 est
2977 3917 3203 4006 autem,
3237 3917 3308 3993 eo
3337 3940 3634 4014 spectare,

243 4022 492 4099 μόζεσθαι
540 4038 553 4051 ·
590 4010 770 4099 ὣσπερ
797 4018 862 4076 αὖ
892 4017 1051 4075 πάλιν
1081 4020 1170 4074 καὶ
1224 4018 1290 4076 τὰ
1333 4017 1437 4074 ἀπὸ
1464 4014 1613 4074 τοῦδε
1634 4017 1710 4091 τῷ
1749 4016 1873 4091 ἰόμι

1997 4026 2059 4069 ne
2089 4010 2176 4070 vir
2205 4030 2356 4073 unus
2388 4022 2444 4075 et
2475 4015 2631 4077 idem
2652 4016 2880 4080 duabus
2903 4019 3217 4083 sororibus
3249 4010 3627 4086 matrimonio

244 4096 677 4193 μεταληφθέντα,
742 4096 805 4165 ἓν
850 4108 1066 4172 ἐκείνοις
1138 4105 1240 4173 ἕξει
1296 4108 1358 4164 τὸ
1412 4106 1628 4185 κράτος,
1662 4107 1735 4171 εἰς
1765 4105 1874 4183 ἅπεγ

2009 4109 2274 4193 ungatur,
2311 4100 2494 4164 Sicuti
2523 4122 2758 4168 rursum
2790 4125 2921 4188 quae
2968 4107 3041 4170 ab
3095 4109 3195 4171 illo
3234 4118 3506 4192 tempore
3539 4130 3638 4193 pa-

245 4186 377 4267 ἕστη
459 4186 522 4257 τὸ
591 4197 931 4274 ἀποτέλεσμα
985 4206 1101 4272 τοῦ,
1163 4198 1300 4268 μήτε
1370 4195 1458 4252 δύο
1514 4193 1765 4276 ἀδελφοὺς
1809 4192 1875 4251 δύη

2005 4186 2281 4252 riarchali
2314 4201 2471 4254 tomo
2502 4203 2640 4255 sunt
2669 4186 2909 4272 inserta,
2943 4198 3131 4260 robur
3173 4199 3236 4261 in
3293 4186 3380 4261 iis—
3401 4186 3635 4263 obtine-

242 4287 528 4370 ’ἐξαδέλφας
560 4285 876 4367 λαμϐάνειν,
937 4288 1074 4364 μήτε
1148 4290 1293 4346 θετον
1350 4287 1438 4343 καὶ
1491 4274 1709 4361 ἀνεψιὸν
1738 4283 1872 4341 ἀδελι

2011 4287 2153 4355 νυοί,
2187 4281 2246 4341 in
2277 4301 2411 4362 quae
2441 4283 2582 4344 tomi
2614 4285 2832 4347 desinit
2872 4287 3119 4352 affectus
3151 4307 3166 4344 τ
3233 4288 3544 4366 nimirum,
3576 4296 3641 4352 ut

244 4379 350 4459 φὰς
379 4369 467 4434 δύο
500 4395 516 4410 ⁸
553 4379 639 4434 καὶ
669 4378 733 4434 τὰ
770 4377 969 4433 τούτων
1025 4374 1279 4453 ἔμπαλιν,
1311 4377 1355 4433 εἰ
1410 4377 1497 4432 καὶ
1540 4373 1783 4438 πολλαῖς
1814 4373 1874 4430 διε

2004 4383 2175 4448 neque
2196 4369 2312 4431 duo
2334 4370 2546 4433 fratres
2565 4372 2712 4435 duas
2742 4376 3132 4440 consobrinas
3156 4377 3399 4456 ducant,
3434 4397 3634 4461 neque

246 4444 412 4545 μέσου
465 4479 589 4530 ταῖς
660 4444 1066 4549 παρεκϐάσεων,
1087 4444 1431 4545 ἐξυφαίνεται.
1503 4461 1649 4520 Ἀλλ’
1708 4465 1736 4520 8
1801 4461 1876 4519 λέ·

2008 4444 2227 4522 iatruus
2245 4468 2303 4522 et
2320 4460 2518 4523 fratris
2544 4463 2701 4525 ﬁlius
2739 4463 2887 4528 duas
2908 4484 3168 4544 sorores,
3188 4487 3257 4530 ac
3280 4471 3406 4530 vice
3428 4444 3599 4531 versa
3624 4493 3638 4538 :

247 4577 363 4637 γειν
393 4556 741 4636 ὡρμήθημεν,
773 4546 998 4634 ἀμέγας
1058 4561 1334 4633 τοιγαροῦν
1393 4556 1567 4629 οὗτος,
1630 4553 1746 4617 ἑνὸς
1798 4553 1877 4609 ἀν-

2009 4546 2127 4610 icet
2148 4549 2275 4611 haec
2298 4552 2500 4614 multis
2532 4551 2864 4634 interjectis
2887 4555 3357 4634 digressionibus
3387 4557 3468 4621 ita
3496 4577 3639 4620 con-

249 4645 370 4725 δρὸς
414 4642 730 4721 συμπλοκὴν
785 4644 919 4723 πρὸς
973 4641 1200 4723 ἀδελφὰς
1258 4641 1346 4700 δύο
1387 4642 1754 4722 ἀπαγορεύων,
1815 4662 1879 4696 κα

2005 4646 2279 4728 exantur.
2318 4639 2430 4702 Sed
2463 4649 2527 4702 ut
2555 4652 2924 4706 revertamur
2946 4645 3019 4706 ad
3067 4645 3150 4723 id,
3180 4648 3338 4728 quod
3371 4647 3635 4710 institui-

249 4737 315 4792 τὸ
342 4732 790 4815 κατεγνωσμένων
819 4730 1073 4811 διασύρων
1129 4737 1229 4799 τῆς
1286 4730 1547 4812 πράξεως,
1608 4732 1682 4794 ὡς
1737 4730 1879 4812 ἔκφυ·

2010 4746 2122 4789 nus
2153 4727 2380 4805 dicere,
2398 4749 2646 4809 magnus
2668 4731 2763 4793 hic
2780 4741 2983 4796 noster
3004 4727 3280 4813 Basilius,
3318 4736 3640 4817 prohibens

158 4838 161 4841 ’
251 4824 347 4882 λον
389 4825 563 4892 πάντη
628 4825 716 4880 καὶ
785 4820 912 4899 μηδ’
983 4821 1120 4899 ἀκοῇ
1175 4823 1404 4902 φορητὸν
1459 4822 1600 4899 ὁσία,
1658 4821 1743 4902 τὸ,

2012 4817 2166 4879 unius
2191 4817 2301 4879 viri
2331 4821 2768 4900 copulationem
2799 4842 2933 4885 cum
2967 4823 3196 4887 duabus
3226 4827 3554 4902 sororibus,
3583 4834 3642 4889 et

252 4913 522 4992 εἰσελεύσῃ
569 4913 700 4993 πρὸς
745 4912 918 4970 πάντα
973 4913 1171 4968 οἰκεῖον
1212 4912 1405 4992 σαρκός
1459 4933 1573 4987 σου,
1630 4908 1882 4968 ἀποκαλύ-

2011 4905 2329 4996 lamnabile
2360 4908 2589 4972 facinus
2617 4911 2731 4976 hoc
2762 4912 3037 4993 culpans,
3092 4916 3174 4976 uti
3207 4916 3365 4996 quod
3396 4916 3641 4979 omnino

252 5010 352 5082 ψαι
393 5003 782 5084 ἀσχημοσύνην
813 5004 991 5075 αὐτοῦ,
1064 5001 1177 5057 ἀωὸ
1218 5007 1315 5070 τῆς
1366 5007 1576 5081 Γραφῆς
1607 5002 1737 5079 πρὸς
1768 5000 1882 5057 ἀπο

2008 4995 2065 5057 sit
2095 4997 2351 5059 alienum
2382 5017 2417 5060 a
2447 4998 2686 5079 pietate,
2719 5019 2833 5064 nec
2884 5003 3178 5083 religiosis
3211 4995 3453 5066 auribus
3485 5004 3638 5068 tole-

249 5093 460 5175 τροπὴν
484 5090 685 5166 λαϐὼν,
720 5089 886 5157 δεῖξαι
916 5088 1259 5171 βουλόμενος,
1313 5091 1385 5153 ὡς
1416 5092 1477 5146 τὸ
1506 5089 1667 5168 ῥητὸυ
1697 5089 1879 5146 ἐκεῖνο

2010 5085 2220 5167 'abile;
2260 5087 2580 5170 simulque,
2608 5090 2764 5152 dicto
2798 5091 2921 5169 illo,
2956 5090 3088 5155 Non
3147 5094 3507 5173 ingredieris
3567 5094 3640 5157 ad

252 5181 656 5263 ἒμπεριεκτικόν
701 5180 811 5237 ἐστι
854 5181 942 5239 καὶ
985 5179 1168 5237 τούτου
1237 5185 1330 5235 τοῦ
1360 5177 1534 5244 εἴδους
1577 5184 1675 5247 τῆς
1707 5179 1882 5235 οἰκειό·

2017 5177 2267 5258 [uemvis
2301 5179 2704 5242 necessarium
2726 5180 2921 5242 carnis
2950 5189 3090 5256 tuae,
3121 5195 3187 5247 ut
3216 5186 3484 5248 deducus
3515 5186 3647 5266 ejus

254 5295 442 5350 τητος,
507 5274 596 5329 καὶ
650 5273 724 5336 ὡς
783 5271 886 5327 ὑπὸ
956 5274 1056 5337 τῆς
1110 5269 1250 5334 θείας
1308 5273 1521 5350 Γραφῆς
1572 5269 1607 5336 ἡ
1651 5278 1742 5327 τοῦ
1801 5269 1884 5324 sva

2012 5265 2245 5341 .‘eveles,
2280 5285 2313 5327 e
2358 5267 2548 5329 sacris
2604 5267 2840 5330 Litteris
2896 5271 3251 5335 dehortandi
3297 5293 3473 5336 causa
3499 5265 3642 5355 pro-

256 5360 442 5445 ἀνδρὸς
484 5363 615 5440 πρὸς
681 5360 909 5440 ἀδελφὰς
980 5356 1069 5415 δύο
1125 5359 1331 5437 γαμική
1387 5356 1569 5434 ὁμιλία
1615 5354 1718 5425 ἤδη
1776 5380 1886 5436 προ·

2021 5366 2138 5432 ato,
2173 5356 2311 5417 dum
2346 5356 2599 5437 probare
2629 5358 2770 5440 vult,
2805 5358 3030 5422 dictum
3063 5362 3209 5424 illud
3228 5364 3382 5426 hanc
3411 5354 3650 5445 quoque

257 5443 646 5534 ἀπηγόρευται,
681 5452 878 5529 εἰσαγει
929 5448 1144 5513 τούτους
1200 5449 1322 5512 τοὸς
1378 5445 1687 5526 λεγισμούς.
1734 5448 1794 5505 Τί
1816 5448 1886 5527 γὰ

2022 5445 2454 5527 iropinquitatis
2508 5448 2773 5528 speciem
2832 5452 3172 5531 complecti,
3233 5443 3512 5537 quodque
3543 5443 3652 5536 per

1819 5614 2068 5682 ΝΟΤιΕ.

344 5755 468 5838 (43)
497 5756 600 5820 96.
638 5753 705 5816 D.
739 5755 811 5817 de
842 5771 974 5833 reg.
1005 5757 1131 5829 iur.
1908 5752 1969 5832 (4

1118 5799 1131 5814 .
1908 5752 2027 5832 (44)
2061 5748 2270 5814 Omnis
2298 5751 2416 5815 202
2450 5768 2463 5814 :
2500 5750 2570 5816 D.
2606 5754 2740 5816 eod.
