4128 6430
520 367 674 435 1103

1895 375 1928 436 J
1935 373 2029 435 US
2069 375 2523 441 CANONIGUM

3756 383 3777 435 t
3796 371 3908 437 104

509 522 709 568 sacras
736 502 995 567 Litteras
1021 501 1200 565 nnius
1247 503 1358 566 viri
1417 522 1552 567 cum
1601 503 1833 568 duabus
1862 505 2153 569 sororibus

2250 507 2311 565 ἂν
2343 509 2578 586 γένοιτο,
2651 506 2826 588 λάγει,
2879 506 3022 585 ἀνδρὶ
3073 509 3385 589 οἰκειότερον
3434 508 3532 577 τῆς
3588 509 3776 565 ἑαυτοῦ
3813 527 3904 584 γυ-

509 593 687 657 coitio
718 591 1174 656 matrimonialis
1193 593 1314 673 jam
1375 601 1514 656 ante
1551 594 1850 675 prohibita
1880 595 1956 657 sit
1986 613 1999 657 :
2038 595 2165 658 haec

507 682 637 764 ipsa
661 680 937 765 prodncit
981 690 1352 761 argumenta.
1412 681 1587 756 Quid,
1649 683 1885 764 inquid,
1920 692 2162 765 tangere

508 771 697 835 virum
730 771 1008 854 propiore
1064 772 1508 834 necessitudine
1538 776 1749 855 possit,
1783 794 1958 855 quam
1991 793 2157 838 uxor.

504 861 598 925 vel
632 862 762 944 ipsa
792 860 991 943 potius
1016 861 1208 943 ipsius
1239 879 1375 925 caro
1403 861 1434 922 ?
1481 860 1609 924 Non
1663 862 1822 925 enim
1881 865 1997 925 duo
2029 872 2165 926 sunt

504 950 784 1034 amplius,
819 950 922 1013 sed
955 968 1075 1013 una
1103 968 1263 1014 caro.
1298 949 1426 1024 Quo
1459 951 1547 1025 ﬁt,
1608 961 1672 1014 ut
1730 971 1836 1033 per
1888 971 2157 1035 uxorem,

506 1040 681 1104 etiam
728 1045 858 1122 ipsa
904 1058 1075 1102 soror
1135 1040 1287 1120 ejus,
1357 1039 1429 1102 ad
1488 1040 1596 1101 viri
1655 1042 2157 1105 necessitudinem

504 1137 786 1194 transeat.
812 1129 899 1192 De
922 1129 1135 1192 eodem
1154 1129 1280 1191 haec
1294 1129 1529 1193 tandem
1551 1129 2159 1203 infert.Quemadmo-

2246 598 2448 671 ναικὸς,
2482 596 2685 673 μᾶλλον
2714 595 2770 656 δὲ
2799 601 2897 667 τῆς
2954 599 3142 658 ἑαυτοῦ
3196 598 3437 679 σαακόςς
3511 599 3584 655 Οὐ
3665 597 3766 676 γὰρ
3823 593 3899 651 ἔτι

2245 690 2341 746 εἰσὶ
2370 687 2482 771 δύο,
2535 689 2672 749 ἀλλὰ
2728 688 2853 768 σὰρξ
2925 691 3043 769 μία.
3093 680 3269 747 ’Ὥστε
3320 688 3404 748 διὰ
3448 696 3547 759 τῆς
3590 688 3837 768 γυναικὸς
3864 689 3901 755 ἢ

2244 775 2445 858 ἀδελφὴ
2505 781 2625 860 πρὸς
2679 783 2778 852 τήν
2834 789 2927 840 τοῦ
2984 778 3167 859 ἀνδρὸς
3225 780 3527 847 οἰκειότητα
3578 773 3897 835 κεταϐαίνει.

2247 868 2406 935 Καὶὴ
2449 866 2710 948 ἐπαγωγὴ
2763 871 2883 950 περί
2949 876 3043 926 τοῦ
3094 870 3273 931 αὐτοῦ.
3352 860 3444 935 Ὠς
3512 869 3611 948 γὰρ
3669 865 3897 944 μητέρα,

2242 957 2395 1036 φησὶ,
2440 960 2687 1036 γυναικὸς
2758 963 2817 1019 οὐ
2871 958 3127 1036 λήψεται,
3187 956 3301 1016 οὐδὲ
3367 956 3621 1037 ὼγοτέρα
3672 959 3771 1023 τῆς
3802 978 3902 1032 γυ·

2245 1046 2447 1120 ναικὸς,
2483 1044 2613 1104 διότι
2647 1046 2783 1124 μηδὲ
2865 1050 2965 1117 τὴν
3026 1048 3215 1104 ἑαυτοῦ
3272 1046 3500 1125 μητέρα.
3549 1045 3729 1108 Οὕτως
3783 1041 3903 1099 οὐδὲ

2242 1131 2473 1214 ἀδελφὴν
2528 1140 2798 1219 γυναικὸς,
2854 1136 2984 1195 διότι
3044 1133 3179 1213 μηδὲ
3245 1136 3342 1205 τὴν
3400 1137 3585 1193 ἐαῦτοῠ
3640 1132 3903 1213 ἀδελφήν,

502 1218 644 1281 dum
709 1231 984 1294 matrem,
1045 1216 1257 1298 inquit,
1321 1217 1541 1293 uxoris,
1602 1238 1719 1280 non
1787 1219 1986 1295 ducet,
2050 1237 2153 1283 nec

2246 1223 2344 1279 Καὶ
2375 1225 2434 1280 τὸ
2476 1224 2759 1302 ἀνάπαλίν,
2783 1216 2912 1287 -οὒδὲ
2960 1232 3029 1303 τῇ
3085 1226 3289 1304 γυναικὶ
3358 1224 3585 1297 ἐξέσται,
3636 1230 3730 1281 τοῦ
3799 1222 3903 1278 ἀν-

504 1306 690 1371 ﬁliam
731 1306 958 1384 uxoris,
993 1305 1068 1367 ob
1102 1325 1231 1369 eam
1264 1325 1525 1382 causam,
1559 1307 1715 1388 quod
1752 1327 1865 1370 nec
1911 1317 2153 1370 matrem

2245 1309 2363 1390 δρὸς
2405 1327 2521 1379 τοῖς
2592 1316 2802 1379 οἰκείοις
2850 1329 3138 1376 συνοικεῖν.
3200 1315 3361 1372 Κοινὰ
3402 1315 3502 1393 γὰρ
3544 1312 3629 1371 ἐπ’
3659 1310 3903 1393 ἀμφοτέ-

505 1414 715 1461 suam:
779 1396 867 1458 sic
895 1412 1091 1477 neque
1124 1414 1390 1459 sororem
1424 1396 2153 1478 uxoris,,quandoquidem

2247 1423 2356 1479 ροις
2388 1404 2453 1459 τὰ
2483 1409 2583 1472 τῆς
2613 1406 2914 1484 συγγενείας
2946 1403 3144 1466 δίκαια.

504 1503 620 1548 nec
650 1503 927 1549 sororem
958 1485 1285 1567 propriam.
1320 1489 1405 1550 Ac
1436 1486 1563 1547 vice
1591 1503 1782 1561 versa,
1822 1506 1939 1549 non
1973 1495 2149 1549 etiam
2184 1489 2424 1552 mulieri
2468 1491 2696 1574 licebit,
2731 1493 2931 1556 mariti
2961 1489 3320 1555 necessariis
3350 1489 3715 1556 cohabitare.
3748 1489 3899 1554 Nam

507 1576 849 1638 communia
878 1583 1014 1637 sunt
1044 1575 1105 1636 in
1129 1574 1399 1657 utrisque
1421 1576 1559 1655 jura
1584 1575 1975 1655 cognationis.

583 1665 764 1728 Hisce
795 1663 1417 1746 determinationibus,
1471 1663 1559 1725 vir
1614 1672 1852 1726 sanctus
1902 1664 2153 1727 absurdo

2328 1673 2543 1736 Τούτοις
2586 1685 2704 1736 τοῖς
2736 1674 2990 1752 ὁρισμοῖς
3034 1675 3061 1730 ὁ
3085 1674 3357 1737 θεσπέσιος
3401 1674 3462 1730 τὸ
3512 1668 3707 1729 ἄτοπον
3736 1668 3897 1748 ἀποῤ-

505 1763 721 1818 conatu
748 1755 1052 1834 castigato,
1082 1753 1364 1817 duntaxat
1420 1755 1713 1817 hactenus
1740 1753 2153 1818 inhibitionem

2245 1761 2466 1838 ῥαπίσας
2496 1767 2595 1830 τῆς
2636 1760 3022 1842 ἐγχειρήσεως,
3069 1764 3233 1843 μέχρι
3284 1763 3468 1820 τούτου
3523 1763 3610 1817 καὶ
3642 1761 3805 1837 μόνου
3836 1760 3902 1815 τὰ

500 1863 668 1907 suam
700 1852 958 1908 coercet.
984 1843 1165 1925 Atqui
1195 1844 1411 1907 licebat
1442 1843 1520 1920 ei,
1554 1844 1606 1905 si
1637 1843 1945 1916 voluisset,
1983 1844 2153 1906 etiam

2244 1835 2344 1918 τῆς
2376 1835 2804 1931 ἀπαγορεύσεως.
2823 1835 3035 1918 ἳστησιν.
3070 1835 3333 1931 *Καίτοιγε
3377 1851 3499 1918 ἐξῆν
3549 1835 3715 1926 αὐτῷ,
3749 1847 3902 1929 εἴπερ

499 1934 574 1997 ad
595 1934 950 1997 remotiores
966 1934 1443 1996 necessitudines
1456 1932 1782 1995 orationem
1803 1931 2159 2013 producere;

506 2023 1009 2106 quemadmodum
1034 2022 1237 2085 multis
1262 2040 1398 2084 eum
1416 2022 1565 2084 locis
1587 2041 1880 2084 canonum
1909 2040 2162 2083 suorum

503 2113 702 2176 facere
726 2112 1107 2175 manifestum
1128 2119 1239 2174 est.
1282 2110 1513 2193 Quippe
1545 2112 1922 2192 respondens
1955 2111 2027 2172 ad
2067 2130 2158 2187 ea,

500 2221 633 2285 quae
687 2200 760 2264 ab
817 2201 1117 2284 aliquibus
1185 2200 1669 2283 proponebantur
1730 2200 1921 2262 sicubi
1983 2201 2164 2263 tacite

501 2291 787 2375 quiddam
819 2292 980 2354 velut
1011 2291 1210 2355 enasci
1239 2291 1422 2366 videt,
1456 2297 1512 2352 et
1561 2289 1870 2371 consequi,
1906 2288 2159 2370 subjun-

501 2400 644 2461 εει-ο
675 2381 846 2444 solet.
873 2380 1035 2444 Idem
1063 2380 1203 2444 etin
1251 2380 1348 2462 iis,
1396 2379 1496 2461 qui
1518 2380 1645 2442 hrec
1664 2378 1757 2441 vel
1784 2378 1885 2441 illa
1915 2379 2157 2443 faciunt.

500 2471 768 2544 Quorum
802 2488 944 2533 sane
972 2470 1121 2532 nihil
1150 2469 1248 2531 hic
1276 2468 1351 2531 ab
1399 2488 1469 2531 eo
1502 2468 1577 2530 sit
1607 2468 1795 2530 secuti
1828 2486 1941 2530 nec
1972 2486 2005 2529 a
2039 2476 2159 2530 toto

497 2569 656 2623 emta
688 2560 999 2623 beatorum
1030 2567 1211 2621 sextae
1258 2557 1467 2639 synodi
1522 2555 1759 2619 Patrum
1794 2555 1878 2637 (et
1908 2556 2153 2619 omnino

501 2661 562 2711 te
593 2649 704 2711 hos
732 2648 1129 2711 admissurum
1164 2655 1305 2728 puto
1338 2649 1696 2727 interpretes
1746 2645 1908 2707 illius
1958 2645 2157 2726 magni

499 2738 610 2801 viri
632 2735 1000 2814 verborum),
1035 2737 1138 2819 qui
1166 2736 1239 2799 ab
1269 2755 1340 2799 eo
1384 2736 1665 2797 duntaxat
1694 2733 1864 2816 quasi
1896 2735 2154 2815 compli-

2245 1938 2511 2017 ἐϐούλετο,
2546 1942 2632 1998 καὶ
2674 1940 2760 1997 ἐπὶ
2789 1941 2879 2005 τὰς
2928 1939 3006 1997 ἔτι
3064 1939 3380 2021 ποῤῥωτέρω
3436 1941 3767 2007 οἰκειότητας
3809 1940 3901 1994 τὸν

2244 2029 2404 2108 λόγον
2475 2043 2826 2111 προαγαγεῖν,
2888 2030 3126 2109 καθάπερ
3208 2029 3490 2111 πολλαχοῦ
3553 2030 3658 2087 τῶν
3715 2030 3901 2087 ἑαυτοῦ

2244 2121 2478 2177 κανόνων
2521 2125 2689 2177 ποιῶν
2758 2119 3018 2200 φαίνεται.
3072 2117 3459 2196 Ἐπιλυόμενος
3506 2119 3609 2199 γὰρ
3665 2118 3732 2175 τὰ
3799 2118 3899 2173 ὑπό

2244 2232 2399 2268 τινων
2458 2209 2865 2291 προτεινόμενα,
2924 2207 2978 2263 ἐν
3033 2212 3120 2273 οἷς
3189 2209 3553 2289 ὑποφυόμενον
3609 2210 3706 2288 ὁρᾷ
3734 2229 3786 2264 τι
3813 2209 3900 2264 καὶ

2244 2298 2676 2374 συνακολουθῶν,
2723 2299 2942 2378 ἐπάγειν
2973 2296 3153 2360 ε’ίωθε.
3202 2299 3314 2378 To‘
3334 2299 3462 2356 αὐτὸ
3503 2299 3595 2355 καὶ
3651 2297 3738 2354 ἐπὶ
3794 2300 3898 2354 τῶν

2244 2386 2364 2445 τάδε
2392 2390 2481 2446 καὶ
2510 2386 2655 2463 τάδε,
2730 2389 2883 2469 φησὶ,
2940 2388 3254 2447 ποιούντων.
3286 2374 3381 2469 ’ῼν
3452 2384 3600 2446 οὐδὲν
3656 2385 3896 2447 ἐνταῦθα.

2242 2479 2372 2535 καθὸ
2412 2479 2501 2535 καὶ
2530 2481 2558 2535 ὁ
2588 2463 2758 2554 δῆμος
2788 2463 2912 2541 ὅλος
2943 2482 3050 2535 τῶν
3090 2480 3188 2543 τῆς
3240 2463 3325 2550 ς’
3378 2473 3595 2535 συνόδου
3624 2477 3899 2556 μακαρίων

2240 2567 2511 2648 Πατέρων,
2553 2568 2640 2631 οὓς
2682 2567 2744 2623 ἃν
2792 2563 2913 2643 δέξῃ
2984 2565 3196 2630 πάντως
3252 2570 3358 2621 τῶν
3410 2573 3506 2625 τοῦ
3547 2564 3783 2644 μεγάλου
3809 2563 3900 2621 λό-

2238 2680 2348 2738 γων
2376 2657 2665 2738 ἐξηγῆτὰς,
2700 2658 2754 2714 οἳ
2786 2657 2852 2713 τὰ
2902 2653 3037 2720 τέως
3092 2653 3185 2712 ὑπ’
3241 2653 3440 2712 ἐκείνου
3504 2654 3899 2733 συνεπτυγμένα

2238 2750 2327 2805 καὶ
2396 2751 2514 2805 οἷον
2610 2744 2998 2827 διηγορευμένα
3051 2742 3308 2801 πλατύναι
3402 2744 3493 2800 καὶ
3561 2742 3897 2801 δίαλευκᾶναι

498 2835 628 2889 cata
682 2827 1026 2909 sancitaque
1072 2824 1355 2901 strictius,
1445 2823 1694 2885 dilatare
1752 2822 2038 2899 volentes,
2102 2832 2153 2886 et

2241 2835 2578 2915 βουλόμενοι,
2653 2822 2743 2893 τὸν
2775 2822 2785 2826 ⁷
2818 2822 2896 2890 νδ”
2981 2833 3177 2890 κανόνα
3235 2830 3486 2909 ἐξέθεντο,
3568 2834 3700 2913 πρὸς
3759 2830 3898 2899 λέξιν

497 2915 751 2980 clariora
834 2916 1115 2991 reddere,
1202 2933 1490 2977 canonem
1549 2930 1642 2975 LIV
1725 2923 2153 2998 exposuerunt,

2242 2924 2440 3007 ἔχοντα
2482 2924 2649 2987 οὕτως
2682 2939 2697 2955 ⁸
2750 2945 2775 2980 α
2812 2927 2921 2990 Τῆς
2978 2924 3117 2987 θείας
3160 2923 3303 2998 ἡμᾶς
3356 2919 3522 2987 οὕτως
3555 2920 3896 2979 ἐκδιδασκού-

495 3005 568 3067 ad
604 3005 849 3069 verbum
882 3006 1009 3067 haec
1040 3004 1448 3067 continentem
1486 3024 1501 3063 :
1568 3023 1597 3062 ‹
1647 3003 1792 3065 Cum
1830 3002 1941 3064 hoc
1974 3021 2153 3064 sacrm

2249 3002 2409 3081 «non;
2470 3017 2707 3092 Γραφῆς,
2760 3013 2867 3069 Οὐκ
2938 3009 3208 3086 εἰσελεύσῃ
3263 3012 3397 3089 πρὸς
3465 3011 3638 3067 πάντα
3698 3012 3898 3067 οἰκεῖον

501 3121 530 3154 α
564 3100 885 3182 Scriptum
935 3106 1300 3180 praeceptum
1350 3096 1447 3171 sit,
1502 3097 1635 3159 Non
1695 3095 2050 3173 ingredieris
2082 3095 2152 3157 ad

2251 3124 2273 3158 ιι
2336 3101 2529 3182 σαρκός
2585 3123 2705 3178 σου,
2777 3097 3120 3175 ἀποκαλύψαι
3179 3099 3575 3179 ἀσχημοσύνην
3630 3102 3806 3176 αὐτοῦ,
3865 3102 3894 3156 ὁ

497 3207 529 3249 ‹
568 3188 838 3271 quemvis
868 3187 1277 3250 necessarium
1308 3185 1505 3248 carnis
1561 3192 1699 3258 tuae,
1765 3191 1828 3245 ut
1884 3184 2150 3247 dedecus

2241 3216 2268 3248 α
2296 3196 2544 3271 θεοφορος
2603 3189 2880 3253 Βασιλειός
2945 3210 3094 3252 τινας
3150 3190 3256 3243 τῶν
3308 3187 3756 3267 ἀπηγορευμένων
3799 3189 3890 3266 γά-

501 3298 526 3334 ιι
561 3277 695 3358 ejus
723 3278 959 3340 reveles
992 3299 1005 3337 :
1060 3276 1261 3338 divino
1291 3278 1519 3337 adlatus
1578 3273 1676 3335 ille
1706 3272 1951 3335 numine
1986 3275 2148 3336 Basi-

2241 3305 2268 3338 α
2317 3303 2432 3357 μων
2462 3281 2515 3338 ἐν
2548 3294 2663 3346 τοῖς
2716 3279 2926 3343 οἰκείοις
2984 3277 3202 3334 κανόσιν
3271 3276 3687 3353 ἀπηαιθμήσατο
3716 3281 3894 3353 σιωπῇ

503 3388 526 3419 ι
566 3367 683 3428 lius
713 3367 950 3448 nuptias
981 3366 1266 3448 quasdam
1298 3363 1627 3446 prohibitas
1654 3362 1774 3423 suis
1806 3362 1865 3423 in
1898 3364 2148 3425 canoni-

2239 3391 2262 3427 α
2297 3374 2363 3428 τὰ
2412 3369 2643 3428 πλεῖστα
2697 3367 3079 3449 παραδραμὼν,
3152 3366 3241 3424 καὶ
3294 3366 3415 3423 κατ’
3470 3365 3746 3447 ἀμφότερα
3800 3389 3897 3423 κα-

501 3476 526 3512 α
565 3455 677 3517 bus
706 3455 1032 3531 recensuit,
1094 3454 1399 3536 plerisque
1452 3452 1693 3515 silentio
1727 3452 2062 3534 praeteritis,
2094 3461 2153 3515 et

2238 3481 2269 3518 ι
2307 3460 2632 3525 τκσκευάσας
2663 3460 2798 3535 ἡμῖν
2828 3458 2889 3513 τὸ
2920 3454 3214 3537 ὠφέλιμον,
3264 3456 3335 3512 Τὸ
3389 3455 3489 3534 γὰρ
3520 3458 3625 3511 τῶν
3656 3456 3896 3536 αἰσχρῶν

503 3568 525 3601 ι
565 3553 821 3627 utraque
853 3545 944 3607 via
1001 3553 1200 3606 nostro
1259 3550 1571 3624 procurato
1631 3542 1969 3605 commodo.
2001 3541 2146 3604 Nam

2238 3572 2265 3605 α
2300 3551 2600 3627 ὀνομασιῶν
2631 3546 2833 3615 πλῆθος
2890 3544 3380 3625 παραιτησάμενος,
3442 3545 3517 3609 ὼς
3576 3541 3636 3601 ἂν
3697 3546 3775 3620 μὴ
3803 3547 3896 3602 τὸν

501 3657 523 3691 ι
562 3633 776 3696 evitata
802 3634 1093 3696 fwdarum
1124 3632 1587 3715 appellationum
1638 3630 2036 3713 multitudine,
2073 3650 2149 3693 ne

2238 3663 2265 3695 α
2299 3638 2459 3719 λόγον
2512 3636 2914 3717 καταῤῥυπαίνοι
2972 3647 3090 3698 τοῖς
3144 3634 3371 3713 ῥήμασι,
3428 3639 3624 3712 γενικῷ
3672 3633 3897 3710 ὀνόματι

499 3747 526 3780 α
559 3722 757 3786 verbis
785 3723 859 3786 iis
908 3724 1240 3785 orationem
1273 3741 1438 3784 suam
1472 3720 1944 3801 contaminaret;
1973 3741 2122 3801 gene

2237 3752 2265 3783 α
2297 3730 2392 3794 τὰς
2466 3727 2783 3807 ἀκαθαρσίας
2840 3722 3049 3781 διέλαϐε
3080 3740 3095 3756 ⁸
3173 3724 3250 3778 ὧν
3344 3742 3441 3800 περ
3455 3728 3697 3787 ιεκτικῶς
3754 3724 3894 3799 ἡμῖν

497 3838 523 3870 α
558 3813 669 3875 rali
728 3814 973 3876 nomine
1023 3812 1369 3893 complexus
1428 3819 1519 3873 est
1579 3809 1976 3891 impuritates,
2044 3830 2149 3891 per

2238 3840 2260 3873 ι
2301 3818 2417 3882 τοὺς
2477 3814 2814 3897 παρανόμους
2887 3816 3089 3893 γάμους
3187 3810 3472 3878 ὑπέδειξεν.
3561 3809 3780 3880 Ἐπειδὴ
3839 3811 3893 3868 δὲ

498 3924 523 3961 ιι
562 3922 710 3984 quas
739 3903 1076 3965 summatim
1111 3900 1283 3964 nobis
1339 3900 1604 3962 nefarias
1662 3901 2149 3962 commonstravit

2241 3931 2265 3963 α
2301 3914 2369 3985 τῇ
2435 3908 2656 3983 τοιαύτῃ
2729 3910 2853 3984 σιγῇ
2908 3906 2996 3961 καὶ
3052 3908 3131 3976 τῷ
3202 3900 3546 3980 ἀδιαγνώστῳ
3629 3907 3731 3970 τῆς
3787 3904 3893 3958 τῶν

493 4011 525 4054 (
560 3990 815 4074 nuptias.
881 3991 1031 4065 Quia
1086 4010 1225 4053 vero
1282 4009 1352 4052 ex
1419 3988 1715 4069 ejusmodi
1774 3988 2033 4065 silentio,
2095 4006 2153 4059 et

2241 4014 2272 4056 (
2299 3996 2537 4072 ἀθέσμων
2622 3995 2810 4075 γάμων
2870 3992 3273 4072 ἀπαγορεύσεως
3358 3991 3552 4060 ἑαυτὴν
3647 3992 3683 4059 ἡ
3742 3992 3895 4071 φύσις

497 4104 520 4138 ι
560 4098 771 4162 parum
797 4081 1089 4162 explicata
1111 4077 1519 4161 prohibitione
1539 4075 1879 4157 nuptiarum
1905 4075 2148 4141 illicita-

2240 4108 2268 4140 α
2315 4086 2559 4165 συνέχεε,
2628 4081 2927 4159 συνείδομεν
2983 4078 3300 4161 γυμνότερον
3373 4080 3439 4135 τὰ
3523 4080 3641 4156 περὶ
3697 4080 3895 4139 τούτων

471 4185 524 4227 ἀ
561 4188 719 4243 rum,
779 4169 1050 4231 confusio
1106 4176 1330 4230 naturae
1408 4166 1675 4248 quaedam
1749 4175 1839 4227 est
1887 4178 2146 4231 secuta:

2240 4196 2263 4230 α
2315 4173 2572 4249 ἐκθέσθαι,
2649 4173 2907 4253 ὁρίζοντες
2964 4171 3071 4228 ἀπὸ
3143 4178 3237 4229 τοῦ
3305 4170 3391 4226 νῦν
3449 4169 3539 4227 τὸν
3597 4168 3666 4244 τῇ
3721 4170 3892 4243 οἰκείᾳ

506 4281 530 4316 ι
565 4258 786 4321 nudius
815 4259 942 4321 haec
971 4257 1325 4339 exponenda
1352 4256 1687 4325 statuimus,
1740 4255 2007 4336 adeoque
2043 4257 2149 4318 de-

2236 4286 2263 4318 α
2297 4260 2555 4343 ἐξαδέλφῃ
2621 4264 2755 4344 πρὸς
2810 4263 2985 4340 γάμου
3035 4259 3310 4317 κοινωνίαν
3368 4259 3786 4334 συναπτόμενον,
3851 4260 3889 4324 ἢ

498 4368 523 4404 α
562 4347 867 4410 cernimus
900 4367 917 4425 ;
967 4348 1252 4429 deinceps
1301 4365 1460 4418 eum,
1494 4344 1596 4426 qui
1627 4363 1762 4406 cum
1793 4363 1900 4406 sua
1929 4364 2144 4408 conso-

2236 4375 2262 4407 α
2309 4352 2511 4432 πατέρα
2542 4352 2630 4409 καὶ
2656 4352 2765 4409 υἱὸν
2797 4352 2958 4427 μητρὶ
3007 4350 3095 4406 καὶ
3175 4348 3409 4427 θυγατρὶ,
3484 4347 3521 4417 ἢ
3566 4345 3655 4405 δύο
3708 4347 3894 4428 κόραις

496 4460 525 4493 α
560 4436 732 4499 brina
753 4437 1116 4499 matrimonii
1131 4436 1418 4500 societate
1433 4433 1764 4515 copulatur,
1794 4446 1896 4496 aut
1919 4446 2142 4516 patrem

2236 4464 2263 4496 α
2309 4440 2564 4521 ἀδελφαῖς
2594 4440 2817 4521 πατέρα,
2850 4441 2940 4497 καὶ
2984 4441 3115 4515 υἱὸν,
3170 4438 3207 4507 ἢ
3237 4434 3489 4518 ἀδελφοῖς
3533 4434 3646 4494 δυσὶ
3687 4437 3894 4517 μητέρα

498 4550 526 4584 α
560 4535 619 4589 et
648 4527 840 4590 ﬁlium
870 4545 1003 4589 cum
1059 4536 1247 4588 matre
1291 4544 1361 4587 ac
1419 4524 1568 4604 ﬁlia,
1627 4524 1718 4585 vel
1751 4542 1886 4585 cum
1917 4524 2146 4587 duabus

2236 4554 2261 4586 α
2293 4533 2381 4589 καὶ
2422 4530 2700 4610 θυγατέρα,
2733 4529 2770 4598 ἢ
2802 4527 3054 4610 ἀδελφοὺς
3113 4526 3202 4584 δύο
3247 4524 3387 4583 δυσὶν
3452 4523 3732 4606 ἀδελφαῖς,
3787 4525 3894 4584 ὐπὸ

497 4639 526 4673 α
561 4616 778 4698 puellis
807 4616 1115 4679 sororibus
1146 4624 1375 4698 patrem
1435 4621 1612 4694 atque
1668 4612 1857 4674 ﬁlium
1889 4613 1977 4674 vel
2008 4633 2141 4676 cum

2236 4643 2262 4676 α
2308 4622 2400 4676 τὸν
2452 4620 2547 4688 τῆς
2620 4619 2900 4682 ἑπταετίας
2973 4618 3184 4674 πίπτειν
3239 4615 3462 4691 κανόνα,
3520 4614 3895 4696 ἀφισταμένων

498 4725 529 4766 ι
558 4707 791 4769 duobus
820 4706 1108 4769 fratribus
1138 4715 1387 4768 matrem
1414 4712 1474 4766 et
1527 4703 1734 4779 ﬁliam,
1787 4703 1878 4766 vel
1934 4700 2156 4766 fratres

494 4813 524 4855 ‹
556 4795 707 4858 duos
768 4814 904 4859 cum
962 4794 1192 4859 duabus
1247 4793 1556 4856 sororibus
1613 4811 1848 4873 poenam
1900 4795 2147 4856 canonis

493 4907 521 4940 α
555 4885 870 4966 septennio
899 4883 1413 4965 circumscriptam
1471 4883 1802 4963 incurrere,
1858 4881 2140 4944 nimirum

493 4995 518 5031 α
556 4983 615 5035 et
644 4973 790 5055 ipsis
843 4992 879 5036 a
924 4974 1153 5036 nefario
1206 4970 1585 5034 matrimonio
1618 4970 2072 5036 divertentibus.
2112 4997 2136 5029 υ

489 5061 558 5125 Et
587 5064 715 5126 haec
745 5065 985 5145 quidem
1017 5072 1107 5126 est
1134 5062 1294 5124 illius
1351 5060 1645 5124 sententia
1689 5060 1957 5136 canonis,
1992 5060 2143 5123 etin

487 5156 645 5218 hunc
703 5156 946 5219 modum
1002 5157 1075 5219 ab
1132 5157 1234 5217 illo
1311 5157 1488 5219 Patre
1548 5153 1788 5217 silentio
1846 5154 2144 5235 praeterita

488 5244 710 5308 nudius
742 5244 967 5326 pariter
991 5253 1167 5327 atque
1192 5245 1365 5307 latius
1395 5264 1429 5306 a
1482 5243 1919 5325 posterioribus
1951 5262 2137 5324 expo-

487 5333 601 5394 sita
628 5342 767 5397 sunt
794 5333 1089 5411 Patribus,
1125 5343 1184 5397 et
1239 5333 1590 5396 nominatim
1639 5353 1707 5396 ac
1739 5333 2137 5415 particulatim

489 5422 737 5487 deﬁnita
764 5423 1204 5507 prohibitaque.
1264 5426 1568 5506 Nusquam
1599 5441 1738 5487 vero
1772 5424 2137 5486 mentionem

2230 4730 2258 4768 α
2308 4711 2478 4767 αὐτῶν
2507 4707 2785 4789 προδήλως
2839 4715 2931 4764 τοῦ
3000 4702 3310 4786 παρανόμου
3367 4704 3716 4764 συνοικεσίου.
3756 4728 3784 4759 ι
3820 4708 3895 4765 Τὸ

2228 4798 2325 4874 μὲν
2391 4804 2486 4853 τοῦ
2542 4798 2764 4861 κανόνος
2822 4794 3158 4875 ἐπάγγελμα,
3222 4792 3471 4851 τοσοῦτον
3519 4807 3535 4823 ⁹
3579 4795 3669 4851 καὶ
3723 4793 3892 4860 οὕτως

2225 4888 2293 4944 τά
2337 4908 2398 4966 γε
2418 4887 2518 4943 ὑπὸ
2550 4894 2642 4943 τοῦ
2676 4889 2879 4967 Πατρὸς
2903 4884 3235 4953 σιωπηθέντα
3278 4882 3598 4963 γυμνότερον
3646 4885 3781 4944 ὁμοῦ
3801 4886 3892 4941 καὶ

2224 4975 2545 5057 πλατύτερον
2594 4978 2696 5033 ὑπὸ
2751 4983 2857 5033 τῶν
2927 4974 3212 5053 μετέπειτα
3284 4972 3534 5052 Πατέρων
3606 4971 3893 5030 ἐκτέθειται

2224 5068 2312 5123 καὶ
2393 5065 2696 5146 προσόνομα
2792 5064 3089 5145 καταμέρπ
3178 5061 3421 5143 ὥρισται,
3479 5062 3569 5117 καὶ
3638 5058 3895 5118 διακεκώ-

2223 5153 2398 5217 λυται.
2434 5155 2636 5229 Μνήμη
2681 5151 2735 5210 δέ
2762 5176 2841 5220 τις
2868 5154 2993 5234 παρ’
3044 5153 3227 5216 αὒτοῖς
3288 5155 3395 5207 τῶν
3444 5149 3611 5215 οὕτως
3644 5150 3887 5231 ἐχόντων

2223 5248 2353 5327 πρὸς
2385 5244 2522 5302 ἄλλα
2563 5243 2629 5293 62
2657 5246 2982 5326 προσώπων,
3038 5241 3264 5318 οὐδαμοῦ
3319 5238 3409 5296 ὑπ’
3464 5240 3798 5327 αἰτίαν-ὅλως
3831 5264 3882 5298 τι

2222 5337 2421 5392 τούτων
2492 5334 2720 5415 ἠνέχθη,
2798 5337 2884 5392 καὶ
2940 5325 3207 5391 διαστάσει
3256 5329 3539 5392 ὑπέπεσεν.
3614 5325 3737 5406 Ὧν,
3812 5333 3887 5396 ὡς

2221 5424 2416 5500 ἔοικεν,
2475 5424 2833 5506 ἐντελέστεροι
2881 5424 3027 5488 ὄντες
3101 5425 3148 5480 οἰ
3210 5429 3295 5480 νῦν
3377 5418 3729 5497 ἐνιστάμενοι,
3793 5421 3889 5478 καὶ

1816 5593 2079 5659 VARle
2108 5592 2545 5660 LECTIONES.

565 5754 626 5808 δ’
653 5754 887 5826 ἄλληλα.
