4128 6416
213 410 383 478 1105

1581 407 2146 477 ΗτΡιλΕΟΟ-ΒΟΜΑΝ
2154 409 2263 472 UM

3459 411 3617 478 1106

220 549 389 599 ταῦτα
459 544 627 619 μήπω
685 540 821 619 μηδὲ
877 542 1306 625 ἀντιφθέγγεσθαι
1379 544 1560 624 καιρὸν
1622 542 1659 612 ἢ
1715 544 1879 602 τόπον

1967 543 2157 606 facere
2188 563 2576 626 personarum
2620 566 2752 612 eam
2804 568 2942 630 erga
2999 550 3145 614 alias
3171 549 3467 613 rationem
3499 549 3614 614 ha-

223 633 468 713 ἕχοντες,
555 634 693 708 μήτε
762 634 984 712 γνώμην
1045 635 1237 692 οἰκείαν
1305 635 1530 710 εἰσάγειν
1615 632 1699 691 ἐπὶ
1756 647 1878 698 ταῖς

220 722 483 803 κρίσεσιν,
556 723 650 779 οὒκ
697 721 806 781 οἶδ’
865 723 893 780 ὅ
943 746 994 780 τι
1052 723 1330 798 παθόντες,
1391 725 1478 779 καὶ
1521 724 1640 789 τοὺς
1667 724 1878 803 θύραθεν

219 811 327 880 ἤδη
407 810 711 892 διαγράφειν
809 813 1187 893 ἐπιχειροῦσι·
1256 815 1425 870 καίτοι
1511 815 1601 870 τὸν
1686 814 1879 893 συγγέ-

217 923 494 964 νειαν,....
588 901 723 976 μηδὲ
803 902 1036 982 ἐξαρχῆς
1124 902 1498 969 ἐπινοηθεϊσαν
1594 906 1691 972 τῆς
1772 907 1881 959 τῶν

216 995 281 1049 ἒκ
323 990 552 1071 πλαγίου
580 992 768 1070 γάμων
797 991 1077 1055 κωλύσεως
1122 991 1298 1067 ἕνεκα,
1364 990 1502 1048 ἄλλα
1576 989 1645 1047 δι’
1702 992 1880 1072 ἐτέρας

216 1080 410 1145 αἰτίας.
445 1079 709 1137 Πλατῦναι
737 1082 858 1159 γὰρ,
893 1082 1074 1161 φησὶν,
1147 1083 1195 1136 οἱ
1252 1078 1515 1137 πολιτικοὶ
1583 1080 1738 1156 νόμοι
1780 1082 1877 1148 τὴν

217 1171 327 1227 τῶν
391 1169 627 1228 πολιτῶν
718 1169 835 1237 ἤτοι
868 1170 1120 1237 ὑπηκόων
1149 1168 1457 1247 βουλόμενοι
1527 1169 1875 1250 γνησιότητα,

223 1260 316 1317 καὶ
370 1260 449 1335 μὴ
512 1257 895 1339 περικλείεσθαι
952 1260 1053 1326 τὴν
1122 1258 1445 1338 συγγένειαν,
1510 1260 1630 1324 τοὺς
1687 1257 1880 1335 μεταξὺ

222 1353 333 1405 τῶν
395 1348 452 1405 ἐκ
524 1348 751 1427 πλαγίου
822 1346 1142 1405 διεκώλυσαν
1211 1348 1435 1426 γάμους,
1498 1350 1572 1412 ὡς
1626 1348 1688 1404 ἃν
1756 1361 1874 1412 τοῖς

220 1438 411 1504 ἔξῶθεν
472 1444 572 1506 τῆς
629 1439 827 1497 ἑαυτῶν
883 1439 1186 1518 συγγενείας
1252 1436 1538 1516 ὲξανάγκης
1606 1438 1874 1495 συναπτὸ-

222 1549 401 1604 μενοι,
430 1527 532 1595 τὴν
561 1529 690 1608 πρὸς
733 1528 919 1592 αὖτοὺς
964 1541 1156 1608 σχο⁴εν
1226 1520 1555 1606 γνησιότητά
1581 1549 1638 1584 τε
1666 1529 1754 1585 καὶ
1785 1524 1874 1584 εὸ-

220 1639 390 1680 νοιαν.
424 1622 524 1681 Οἷς
554 1615 757 1691 συνῳδὰ
786 1619 873 1674 καὶ
914 1620 941 1674 ὁ
984 1617 1084 1686 τὴν
1141 1615 1381 1696 γλῶτταν
1412 1623 1640 1697 χρυσοῦς
1670 1619 1725 1673 ἒν
1755 1631 1872 1682 τοῖς

217 1706 564 1786 ἐξηγητικο⁴ς
596 1709 754 1764 αὗτοῦ
793 1711 891 1776 τῆς
936 1708 1195 1771 Γενέσεως
1227 1706 1407 1786 λόγοις
1452 1705 1710 1773 διέξεισιν,

1961 632 2254 708 bentium,
2280 634 2356 697 de
2390 654 2510 715 qua
2544 637 2719 700 modo
2741 639 3015 720 agimus:
3051 659 3163 702 nec
3193 639 3409 702 horum
3432 639 3615 721 quid-

1961 741 2135 804 quam
2157 722 2230 785 ab
2254 726 2338 786 eis
2358 726 2840 806 reprehenditur,
2869 737 2970 792 aut
2997 729 3060 792 in
3076 729 3322 793 dubium
3347 738 3612 796 vocatur.

1960 811 2206 908 Quibus,
2239 822 2305 877 ut
2332 825 2597 908 apparet,
2631 817 3019 899 perfectiores
3047 821 3377 886 adversarii
3399 821 3611 908 nostri,

1962 903 2228 992 quamvis
2251 904 2510 968 necdum
2540 907 3012 983 contradicendi,
3070 929 3184 973 nec
3241 931 3409 979 suam
3442 903 3617 992 inju-

1962 990 2137 1053 diciis
2163 994 2500 1056 sententian
2548 996 2889 1076 proferendi
2944 1000 3323 1064 occasionem
3380 990 3615 1068 locum-

1963 1098 2032 1141 ve
2060 1082 2241 1157 nacti,
2276 1083 2432 1146 haud
2464 1085 2590 1147 scio
2621 1105 2878 1169 quonam
2910 1088 3153 1169 impulsi
3180 1092 3337 1154 malo
3372 1113 3390 1170 ;
3435 1094 3615 1156 etiam

1964 1177 2276 1234 extraneos
2302 1172 2661 1254 quibusdam
2719 1176 3221 1243 circumscribere
3248 1181 3467 1246 ﬁnibus
3498 1201 3610 1246 co-

1965 1268 2185 1355 nantur
2212 1278 2225 1324 :
2265 1262 2413 1355 licet
2436 1264 2591 1355 haud
2646 1265 2944 1346 ignorent,
2998 1286 3073 1331 ne
3120 1269 3310 1352 ipsam
3370 1272 3615 1355 quidem

1958 1351 2369 1443 cognationem
2398 1352 2565 1417 initio
2595 1357 2936 1438 nuptiarum
2986 1378 3058 1422 ex
3106 1351 3445 1425 transverso
3478 1380 3613 1443 pro-

1958 1436 2351 1502 hibendarum
2383 1443 2590 1519 gratia,
2645 1436 2750 1506 sed
2776 1444 2923 1508 alias
2953 1447 3030 1509 ob
3060 1466 3271 1510 causas
3302 1436 3611 1528 excogita-

1957 1534 2099 1619 tam.
2138 1529 2323 1619 Leges
2353 1531 2511 1594 enim
2565 1533 2793 1607 civiles,
2856 1545 2920 1598 ut
2974 1536 3216 1619 quidam
3245 1536 3353 1615 ait,
3387 1537 3614 1601 civium

1955 1615 2080 1679 sive
2108 1618 2481 1683 subditorum
2536 1623 2835 1686 sinceram
2891 1615 3049 1688 inter
3106 1644 3173 1689 se
3231 1625 3615 1689 affectionem

1959 1707 2208 1770 dilatare
2236 1710 2524 1786 volentes,
2560 1731 2671 1775 nec
2700 1714 2843 1776 artis
2858 1716 3272 1796 cognationem
3301 1715 3618 1780 includere

222 1795 443 1857 ﬁnibus
474 1795 715 1878 nuptias
739 1795 896 1858 inter
925 1815 1050 1870 eos,
1086 1795 1189 1877 qui
1222 1795 1336 1857 sibi
1368 1804 1507 1857 sunt
1535 1813 1605 1857 ex
1638 1802 1999 1871 transverso,
2043 1799 2314 1861 contrahi
2357 1811 2715 1865 vetuerunt:
2749 1812 2814 1866 ut
2842 1795 3184 1869 neCessario
3218 1824 3352 1868 cum
3384 1805 3618 1868 consti-

224 1884 366 1946 tutis
396 1886 1005 1977 extra_cognationem
1037 1903 1200 1947 suam
1233 1884 1495 1967 copulati
1527 1884 1763 1947 sincera
1785 1886 2028 1977 eosdem
2057 1888 2398 1951 animorum
2428 1892 2743 1955 aﬂ'ectione
2773 1912 2841 1956 ac
2870 1894 3290 1960 benevolentia
3319 1895 3618 1977 complec-

227 1983 519 2037 terentur.
556 1974 785 2048 Quibus
811 1983 1212 2037 consentanea
1242 1982 1670 2037 commemorat
1698 1983 1757 2037 et
1786 1983 1986 2037 orator
2013 1975 2117 2039 ille
2162 1979 2449 2059 praeditus
2477 1999 2656 2045 aurea
2699 1984 2960 2064 linguai,
2993 1985 3057 2047 in
3088 1974 3475 2049 orationibus
3489 1983 3618 2048 suis

225 2063 443 2146 quibus
473 2064 693 2127 librum
730 2066 805 2128 de
835 2074 964 2127 ortu
996 2083 1202 2127 rerum
1235 2073 1493 2129 enarrat.

332 2162 462 2212 Ηκει
491 2154 544 2211 δὲ
570 2155 754 2213 λοιπὸν
812 2159 839 2213 ὁ
882 2155 1042 2235 λόγος
1111 2157 1200 2212 καὶ
1259 2159 1374 2236 περὶ
1428 2162 1528 2225 τῆς
1572 2155 1870 2235 συγγενείας

2034 2158 2331 2220 Caeterum
2363 2163 2624 2243 postulat
2673 2181 2836 2227 nunc
2884 2164 3168 2227 orationis
3215 2162 3405 2228 series
3435 2163 3615 2227 etiam

226 2246 533 2326 διαιρέσεως
560 2254 664 2303 τῶν
720 2246 818 2313 ἔξω
875 2248 1053 2325 νόμων
1107 2249 1515 2323 ἐπιμνησθῆναι,
1576 2250 1664 2305 καὶ
1711 2245 1877 2311 δεῖξαι

229 2337 505 2393 κάντεῦθεν
561 2337 617 2394 τό
674 2338 964 2413 ματαιάζον
1031 2339 1118 2395 καὶ
1187 2337 1356 2418 δύσερι
1443 2339 1546 2396 τῶν
1600 2339 1672 2403 εἷς
1733 2335 1879 2393 οὒδὲν

227 2425 408 2503 ἕτερον
439 2427 832 2504 εὖκαιρούντων,
879 2426 915 2495 ἢ
988 2426 1161 2505 λέγειν
1217 2429 1305 2484 καὶ
1372 2427 1578 2484 ἀκούειν
1630 2426 1878 2482 καινότε-

228 2515 320 2595 ρόν
349 2538 397 2572 τι
442 2517 529 2572 καὶ
572 2513 809 2596 ἄκαιρον,
869 2518 1009 2585 Φησὶ
1080 2519 1180 2597 γάρ
1210 2535 1226 2552 ⁸
1301 2519 1372 2576 Τὸ
1417 2523 1516 2585 τῆς
1575 2515 1877 2595 συγγενείαις

228 2605 400 2680 ὄνομα
454 2606 527 2669 εἰς
598 2605 714 2686 τρία
770 2604 1038 2686 διῄρηται,
1100 2609 1190 2687 Εἰς
1243 2606 1507 2687 ἀνιόντας,
1569 2607 1639 2671 εἷς
1670 2606 1883 2662 κατιόν-

225 2715 345 2767 τας,
392 2695 480 2750 καὶ
508 2697 631 2758 τους
675 2693 735 2750 ἐκ
788 2694 1031 2773 πλαγίου.
1094 2686 1325 2763 Ἐκάστη
1380 2694 1435 2752 δὲ
1486 2686 1688 2753 τούτων
1739 2692 1881 2759 τάξις

228 2780 507 2863 διαφόρους
551 2782 669 2864 ἔχει
710 2785 961 2861 βαθμούς.
996 2781 1145 2841 Ἀλλ’
1190 2784 1276 2842 ἐπὶ
1347 2787 1443 2861 μὲν
1486 2791 1592 2842 τῶν
1632 2783 1885 2841 ἀνιόντων

229 2874 319 2929 καὶ
368 2887 681 2944 κατιόντων,
765 2874 839 2938 εἷς
924 2873 1213 2954 ἀπέραντον
1282 2877 1310 2931 ὁ
1403 2875 1573 2954 γάμος
1644 2872 1885 2930 κεγώλυ-

230 2980 362 3018 ται·
438 2961 573 3038 μηδὲ
628 2964 728 3042 γὰρ
811 2960 956 3020 ὅσιον
1029 2963 1195 3038 εἶναι,
1266 2965 1327 3020 τὸ
1409 2965 1503 3033 τῆς
1586 2964 1883 3042 γεννήσεως

237 3049 409 3109 αἴτιον
466 3050 764 3109 ὑποϐαίνειν
819 3059 896 3127 τῷ
982 3052 1318 3131 γεννωμένῳ,
1391 3051 1521 3134 ὅπερ
1577 3052 1754 3111 πολλὰ
1796 3053 1883 3109 καὶ

231 3144 340 3197 τῶν
425 3140 633 3219 ἀλόγων
712 3141 1015 3199 ἀποσείεται
1095 3143 1268 3214 ζώων.
1333 3140 1455 3201 Ἐπὶ
1525 3141 1579 3200 δὲ
1635 3149 1741 3199 τῶν
1822 3142 1883 3198 ἐκ

230 3230 457 3311 πλαγίου
553 3233 618 3288 τὰ
700 3236 799 3299 τῆς
854 3230 1134 3296 κωλύσεως
1223 3237 1284 3292 οὔ
1380 3232 1674 3314 περαιτέρω
1769 3233 1886 3311 ἀρι-

227 3326 447 3399 θμεῖται
476 3328 566 3379 τοῦ
622 3319 775 3377 ἕκτου
833 3321 1061 3397 βαθμοῦ.
1118 3319 1434 3379 Ἀκόλουθον
1504 3320 1559 3378 δὲ
1628 3326 1886 3403 προσθετ-

1960 2245 2036 2308 de
2066 2247 2361 2312 divisione
2392 2253 2761 2331 cognationis
2791 2255 3187 2317 extrariarum
3218 2253 3415 2334 legum
3447 2273 3615 2316 men-

1961 2334 2181 2400 tionem
2207 2339 2337 2399 tieri
2363 2341 2476 2420 ;§ut
2504 2341 2643 2403 hinc
2664 2362 2901 2425 quoque
2921 2343 3369 2407 demonstretur
3400 2360 3611 2404 eorum

1960 2425 2184 2487 vanitas
2232 2436 2289 2489 et
2333 2429 2681 2510 pertinacia,
2743 2432 2846 2513 qui
2894 2432 3042 2495 nulli
3098 2438 3307 2494 vacant
3359 2428 3461 2493 alii
3492 2429 3605 2504 rei,

1963 2534 2139 2595 quam
2155 2526 2217 2580 ut
2246 2517 2474 2599 aliquid
2496 2520 2760 2583 insolens
2779 2540 2847 2584 ac
2868 2522 3274 2604 importunum
3306 2520 3612 2603 proferant

1964 2612 2021 2667 et
2051 2605 2319 2669 audiant.
2348 2609 2447 2672 Ait
2485 2609 2646 2671 enim
2681 2610 3144 2690 jurisconsultus
3163 2608 3294 2693 (45)
3324 2628 3338 2674 :
3374 2608 3608 2691 Cogna-

1966 2693 2144 2757 tionis
2174 2716 2415 2773 nomen,
2451 2698 2514 2761 in
2545 2699 2657 2762 tria
2682 2700 2963 2764 dividitur
2994 2722 3009 2762 :
3072 2701 3135 2763 in
3192 2699 3611 2779 ascendentes,

1965 2784 2026 2844 in
2059 2785 2512 2864 descendentes,
2549 2798 2608 2851 et
2638 2809 2763 2872 eos,
2798 2791 2900 2873 qui
2945 2798 3085 2853 sunt
3136 2808 3208 2853 ex
3250 2803 3614 2853 transverso.

1966 2873 2195 2937 Horum
2218 2896 2355 2939 vero
2373 2878 2623 2959 quilibet
2641 2880 2810 2956 ordo,
2848 2881 3126 2943 diversos
3155 2880 3377 2961 gradus
3403 2880 3612 2942 habet.

1966 2965 2082 3027 Sed
2105 2965 2165 3026 in
2187 2968 2648 3032 ascendentibus
2669 2970 2936 3052 quidem,
2980 2988 3048 3033 ac
3077 2968 3611 3046 descendentibus,

1965 3052 2027 3114 in
2060 3054 2359 3119 inﬁnitum
2393 3059 2703 3139 prohibita
2731 3068 2868 3123 sunt
2914 3062 3154 3142 nuptiae.
3188 3060 3315 3126 Nec
3343 3057 3504 3123 enim
3524 3064 3619 3120 est

1965 3162 2226 3225 aequum,
2260 3153 2323 3207 ut
2341 3147 2498 3229 quod
2523 3149 2950 3230 procreationis
2968 3158 3059 3213 est
3078 3168 3277 3229 causa,
3305 3154 3615 3232 procreato

1967 3251 2101 3296 sese
2153 3234 2507 3302 submittat:
2550 3238 2611 3300 id
2661 3238 2818 3322 quod
2874 3240 3054 3303 etiam
3103 3239 3278 3302 bruta
3329 3239 3618 3321 pleraque

1967 3323 2248 3386 animalia
2273 3325 2471 3389 facere
2521 3336 2816 3392 recusant.
2871 3328 2938 3391 In
2986 3329 3061 3392 iis
3089 3337 3315 3412 autem,
3347 3328 3449 3411 qui
3476 3334 3619 3389 sunt

230 3432 319 3467 ναι
362 3412 450 3468 καὶ
492 3412 557 3467 τὰ
626 3408 678 3476 ἐξ
730 3410 1044 3490 ἀγχιστείας
1088 3413 1230 3491 παρὰ
1270 3422 1363 3472 τοῦ
1418 3413 1582 3488 νόμου
1619 3414 1749 3491 πρὸς
1781 3411 1884 3490 γά-

1971 3431 2039 3512 ex
2064 3421 2428 3512 transverso,
2459 3437 2579 3480 non
2617 3419 2773 3481 ultra
2819 3427 3048 3483 sextum
3100 3408 3385 3500 gradumi
3408 3415 3620 3512 prohi-

233 3523 338 3575 μου
381 3500 654 3556 κοινωνίαν
684 3498 997 3574 κωλυόμενα
1045 3501 1325 3579 πρόσωπα,
1386 3502 1478 3583 ἀφ’
1499 3503 1565 3578 ᾗς
1609 3499 1723 3560 οὐδὲ
1754 3525 1884 3580 συγ-

1973 3504 2118 3566 bitio
2143 3523 2279 3569 sese
2311 3507 2577 3587 porrigit.
2614 3507 2917 3591 Sequitur,
2954 3517 3018 3571 ut
3045 3498 3373 3571 aﬂiciamus
3403 3498 3464 3569 et
3485 3505 3619 3569 illas

233 3590 443 3668 γένειαν
503 3590 645 3645 εἶναι
702 3591 731 3645 ὁ
788 3589 947 3665 νόμος
1025 3589 1300 3671 ἀνέχεται.
1377 3590 1693 3671 Ἀγχιστεία
1763 3592 1886 3670 γὰρ,

235 3680 421 3761 φησὶν,
483 3678 619 3735 ἐστὶν
692 3679 955 3746 οἰκειότης
1031 3680 1331 3759 προσώπων
1399 3680 1460 3736 ἐκ
1514 3682 1700 3758 γάμων
1755 3682 1890 3755 ἡμῖν

238 3767 617 3845 συνημμένων,
690 3770 992 3847 συγγενείας
1051 3768 1224 3832 ἐκτός,
1287 3766 1436 3826 Ἀλλ’
1496 3771 1641 3845 ὅμως
1685 3768 1891 3837 πολλὴν

236 3860 500 3917 κάνταύθκ
595 3864 687 3914 τοῦ
772 3866 964 3934 σεμνοῦ
1065 3858 1335 3925 τιθέμενος
1446 3860 1720 3940 πρόνοιαν,
1806 3860 1894 3915 καὶ

236 3950 356 4029 περὶ
408 3949 590 4005 τούτου
639 3948 797 4028 φησίν
825 3964 838 3977 ⁸
899 3949 970 4007 Οὔ
1037 3946 1260 4024 δύναμαι
1345 3946 1532 4006 λαϐεῖν
1587 3950 1686 4017 τὴν
1759 3948 1895 4025 ἐμὴν

235 4039 506 4119 προγονδνδ
535 4037 571 4106 ἢ
629 4038 857 4117 νύμφην,
931 4037 1047 4095 οὔδε
1101 4040 1201 4107 τὴν
1272 4040 1626 4118 συμπενθεράν
1713 4061 1834 4120 μου,
1860 4038 1894 4106 ἢ

237 4131 340 4197 τὴν
372 4128 630 4207 μητρυιάν
701 4150 822 4202 μου,
883 4126 997 4185 οὔδε
1041 4129 1140 4197 τὴν
1222 4128 1478 4207 θυγατέρα
1536 4134 1635 4197 τῆς
1664 4129 1894 4201 ἀποζευ-

235 4220 461 4301 χθείσης
506 4239 607 4293 μου
633 4219 909 4294 γυναικὸς,
965 4219 1063 4285 τὴν
1120 4220 1254 4294 μετᾶ
1298 4220 1393 4286 τὴν
1477 4217 1747 4289 ἀπόζευξιν
1802 4239 1894 4275 τε-

238 4312 466 4390 χθετσκν
498 4306 549 4372 ἐξ
609 4306 787 4386 ἐτέρου
860 4305 1066 4386 ἀνδρός.
1124 4309 1234 4375 Τὴν
1287 4314 1381 4363 τοῦ
1435 4307 1633 4387 πατρός
1691 4329 1813 4383 μου,
1860 4308 1896 4376 ἢ

241 4406 337 4455 τοῦ
395 4395 624 4478 ἀδελφοῦ
694 4418 795 4472 μου
842 4397 1109 4477 μνηστὴν,
1168 4397 1227 4453 οὔ
1287 4394 1507 4472 δύναμαι
1565 4393 1771 4459 λαϐεῖν,
1826 4398 1898 4454 Οὔ

242 4488 407 4565 μόνον
447 4488 483 4554 ἡ
512 4492 605 4542 τοῦ
646 4487 867 4564 πατρὸς,
928 4484 1063 4542 ἀλλὰ
1118 4488 1207 4542 καὶ
1262 4488 1297 4554 ἡ
1355 4493 1447 4542 τοῦ
1501 4486 1743 4567 πὶππο),
1791 4509 1896 4562 μη-

241 4578 395 4657 τρυιὰ
450 4574 711 4654 λέγεται·
770 4577 858 4632 καὶ
916 4574 1186 4652 κωλύομαι
1274 4574 1460 4633 λαϐεῖν
1540 4578 1722 4639 αὐτάς.
1786 4575 1896 4634 Κᾶν

243 4665 450 4730 πολλὰς
519 4664 681 4745 ἔσχεν
726 4667 753 4722 ὁ
823 4666 1021 4745 πατὴρ,
1082 4665 1322 4742 οὐδεμίαν
1372 4666 1540 4723 ανότῶν
1611 4663 1893 4741 λαμϐάνω.

1976 3611 2281 3673 personas,
2315 3614 2446 3677 quae
2476 3614 2585 3675 per
2610 3597 2804 3678 legem
2858 3598 3090 3661 ratione
3118 3596 3420 3661 affinitatis
3453 3613 3487 3657 a
3516 3613 3620 3657 so-

1974 3683 2187 3745 cietate
2216 3685 2555 3765 nuptiarum
2611 3694 2894 3749 arcentur
2928 3709 2943 3751 :
2980 3706 3096 3769 qua
3120 3686 3365 3769 quidem
3389 3703 3461 3747 ex
3489 3682 3626 3745 afﬁ-

1975 3773 2155 3836 nitate
2184 3775 2573 3854 nullamjoriri
2601 3775 3016 3857 cognationem
3069 3776 3163 3839 lex
3221 3774 3461 3858 patitur.
3520 3770 3623 3834 Est

1978 3863 2135 3925 enim
2167 3863 2442 3947 afﬁnitas,
2465 3865 2677 3947 inquit,
2700 3865 3079 3930 necessitudo
3104 3878 3491 3947 personarum
3515 3878 3629 3945 per

1978 3953 2212 4034 nuptias
2242 3953 2414 4016 nobis
2445 3956 2920 4037 conjunctarum,
2979 3955 3130 4018 citra
3184 3952 3622 4034 cognationem.

1980 4040 2096 4105 Sed
2128 4051 2327 4106 tamen
2353 4053 2410 4107 et
2440 4045 2577 4108 huic
2609 4063 2876 4127 magnam
2934 4045 3172 4108 honesti
3197 4042 3485 4107 rationem
3516 4042 3630 4104 ha-

1980 4132 2151 4209 bens,
2207 4132 2446 4214 inquit:
2530 4136 2664 4199 Non
2722 4153 2967 4218 possum
3023 4133 3247 4197 ducere
3304 4131 3631 4216 privignam

1977 4240 2194 4297 meam,
2228 4224 2318 4285 vel
2347 4243 2559 4285 nurum
2586 4249 2602 4297 ;
2637 4243 2751 4288 nec
2773 4243 3129 4287 consocrum
3151 4242 3368 4297 meam,
3390 4222 3483 4285 vel
3513 4239 3628 4284 no-

1977 4330 2211 4374 vercam
2250 4330 2441 4375 meam
2472 4334 2487 4391 ;
2548 4334 2660 4377 nec
2717 4315 2899 4377 filiam
2932 4319 3155 4387 uxoris,
3187 4332 3318 4398 qua;
3345 4332 3380 4377 a
3410 4331 3507 4376 me
3536 4310 3632 4374 di-

1975 4401 2171 4478 vertit,
2206 4410 2340 4483 post
2368 4402 2689 4466 divortium
2720 4423 2791 4467 ex
2820 4403 2935 4467 alio
2996 4405 3207 4467 marito
3265 4409 3629 4486 susceptam.

1978 4491 2169 4554 Patris
2199 4492 2341 4568 mei,
2374 4494 2464 4554 vel
2497 4493 2699 4557 fratris
2748 4493 2870 4558 mei
2920 4511 3224 4576 sponsam,
3258 4492 3481 4555 ducere
3509 4509 3634 4554 non

1981 4579 2397 4661 possum.Non
2427 4582 2619 4645 solum
2672 4584 2856 4664 patris
2909 4602 3079 4661 uxor,
3138 4582 3245 4645 sed
3303 4580 3484 4644 etiam
3516 4579 3633 4655 avi,

1981 4689 2235 4732 noverca
2257 4669 2514 4747 dicitur;
2546 4691 2767 4755 easque
2791 4674 3009 4736 ducere
3031 4671 3373 4755 prohibeor.
3388 4668 3639 4734 Etiamsi

247 4754 379 4816 Οὖδὲ
408 4755 508 4823 τὴν
551 4752 758 4834 μητέρα
812 4756 909 4820 τῆς
970 4754 1099 4811 ποτέ
1144 4778 1243 4831 μου
1311 4760 1580 4831 μνηστῆς,
1640 4752 1754 4811 οὔδε
1796 4756 1884 4823 τὴι

1980 4760 2184 4840 plures
2210 4767 2373 4841 pater
2388 4759 2616 4839 habuit,
2650 4752 2872 4825 nullam
2909 4781 2979 4826 ex
3019 4752 3106 4825 eis
3144 4761 3319 4825 duco.
3351 4761 3478 4825 Nec
3501 4776 3634 4822 ma-

245 4845 480 4926 γυναῗκά
528 4864 657 4900 ποτε
717 4853 807 4902 τοῦ
877 4850 1139 4923 προγοδοῦ
1195 4869 1321 4921 μου.
1380 4841 1509 4902 Ούτε
1575 4846 1608 4913 ἡ
1670 4845 1884 4921 μητρυιὲ

1985 4830 2138 4912 trem
2161 4830 2396 4930 sponsae
2417 4830 2715 4932 quondam
2730 4870 2900 4915 meae.
2919 4853 3045 4916 Nec
3067 4850 3319 4933 privigni
3335 4847 3637 4933 quondam

246 4931 506 5011 λαμϐάνει
604 4934 695 4990 τόν
777 4934 1133 5013 γεγενημένον
1216 4932 1374 5014 ἄνδρα
1454 4939 1554 5001 τῆς
1637 4940 1884 5014 προγονῆι

1991 4938 2107 5032 mei
2128 4958 2237 5000 con
2239 4939 2468 5033 juge-m.
2511 4939 2561 5033 1f
2567 4959 2636 5033 ec
2657 4960 2916 5033 noverca
2935 4931 3106 5033 nubit
3126 4940 3204 5033 ei,
3228 4931 3334 5022 qui
3356 4931 3640 5033 privigna

248 5024 442 5091 αὒτῆς.
475 5024 585 5091 Τὴν
614 5024 882 5103 προγονὴν
912 5030 1002 5080 τοῦ
1047 5021 1273 5102 ἀδελφοῦ
1324 5046 1425 5098 μθ)
1478 5020 1664 5080 λαϐεῖν
1725 5024 1784 5079 οὔ
1813 5022 1884 5081 δύ-

1988 5019 2182 5099 ipsius
2220 5017 2467 5082 maritus
2512 5020 2641 5097 fuit,
2675 5021 3004 5104 privignam
3034 5017 3384 5083 fratris'mei
3412 5017 3640 5083 ducere

246 5135 437 5193 ναμαι,
465 5112 588 5193 οὔτε
642 5113 742 5179 τὴν
796 5111 1053 5191 θυγατέρα
1094 5116 1193 5181 τῆς
1248 5113 1517 5193 προγόνης
1588 5134 1688 5187 μου
1760 5111 1884 5189 λαμ-

1991 5128 2110 5171 non
2140 5128 2405 5192 possum,
2440 5128 2553 5173 nec
2579 5111 2722 5174 item
2751 5111 2930 5174 ﬁliam
2964 5109 3249 5191 privignm
3277 5126 3428 5174 meae
3453 5108 3634 5171 duco.

245 5190 431 5264 λάνωξ
463 5190 558 5257 ἐιν
627 5198 745 5258 καθ’
802 5190 1023 5257 ἕκαστόν
1064 5223 1146 5265 τις
1202 5190 1451 5281 ἐφιστῶν,
1526 5202 1614 5258 καὶ
1682 5206 1884 5259 σκοπού

1990 5190 2215 5273 Quaesi
2244 5190 2746 5281 quis‘singulatim
2776 5190 3059 5281 inspiciat
3094 5190 3155 5263 et
3183 5198 3523 5263 consideret
3550 5216 3643 5262 ac-

250 5314 409 5371 μενος
478 5290 730 5371 ἀκριϐῶς,
790 5288 996 5359 πολλὴν
1051 5289 1106 5345 ἐν
1160 5292 1365 5355 τούτοις
1400 5302 1419 5313 "
1450 5296 1557 5347 τῶν
1614 5294 1884 5366 νομοθετῶ

1992 5300 2222 5369 curate,
2255 5289 2627 5373 magnamjn
2683 5290 2772 5354 eis
2799 5289 3205 5371 legislatorum
3234 5287 3651 5373 deprehendet

1571 5449 1832 5514 VARLE
1874 5447 2317 5517 LECTIONES.

343 5562 363 5607 ¹
399 5559 884 5644 Chrysostormts.
1989 5583 2028 5633 ο

1814 5663 2061 5733 NOTIE.

341 5776 455 5860 (45)
482 5778 513 5860 §
549 5792 595 5855 1,
627 5773 821 5840 Instit.
856 5775 948 5840 De
976 5793 1129 5860 nup.
1160 5782 1221 5841 et
1247 5775 1277 5857 §
1309 5776 1465 5858 Ergo
1493 5792 1617 5840 non
1647 5791 1877 5841 omnes.
1911 5774 2112 5842 Instit.
2145 5776 2280 5842 eod.
