  <div class='ocr_page' id='page_1' title='image "/cluster/home/n/w/nwhite01/storage/ocr_20150623/119:no.2/coo.31924054870237/566.png"; bbox 0 0 4128 6468; ppageno 0'>
   <div class='ocr_carea' id='block_1_1' title="bbox 326 396 484 462">
    <p class='ocr_par' dir='ltr' id='par_1_1' title="bbox 326 396 484 462">
     <span class='ocr_line' id='line_1_1' title="bbox 326 396 484 462; baseline 0.013 -2"><span class='ocrx_word' id='word_1_1' title='bbox 326 396 484 462; x_wconf 78' lang='grc'><strong>1109</strong></span> 
     </span>
    </p>
   </div>
   <div class='ocr_carea' id='block_1_2' title="bbox 1688 395 2371 465">
    <p class='ocr_par' dir='ltr' id='par_1_2' title="bbox 1688 395 2371 465">
     <span class='ocr_line' id='line_1_2' title="bbox 1688 395 2371 465; baseline -0.004 0"><span class='ocrx_word' id='word_1_2' title='bbox 1688 395 2371 465; x_wconf 67' lang='grc' dir='ltr'><strong>(ὶΒᾹΕΟΟ-ΒΟΜΑΝΗΜ</strong></span> 
     </span>
    </p>
   </div>
   <div class='ocr_carea' id='block_1_3' title="bbox 3559 396 3727 462">
    <p class='ocr_par' dir='ltr' id='par_1_3' title="bbox 3559 396 3727 462">
     <span class='ocr_line' id='line_1_3' title="bbox 3559 396 3727 462; baseline -0.006 0"><span class='ocrx_word' id='word_1_3' title='bbox 3559 396 3727 462; x_wconf 72' lang='lat'><strong>1410-</strong></span> 
     </span>
    </p>
   </div>
   <div class='ocr_carea' id='block_1_4' title="bbox 320 517 1971 618">
    <p class='ocr_par' dir='ltr' id='par_1_4' title="bbox 320 533 1971 618">
     <span class='ocr_line' id='line_1_4' title="bbox 320 533 1971 618; baseline -0.001 -26"><span class='ocrx_word' id='word_1_4' title='bbox 320 534 598 611; x_wconf 80' lang='grc' dir='ltr'><strong>ὀνομάτων</strong></span> <span class='ocrx_word' id='word_1_5' title='bbox 661 533 838 602; x_wconf 87' lang='grc' dir='ltr'>πολλη</span> <span class='ocrx_word' id='word_1_6' title='bbox 909 536 997 593; x_wconf 85' lang='grc' dir='ltr'><strong>καὶ</strong></span> <span class='ocrx_word' id='word_1_7' title='bbox 1063 537 1394 618; x_wconf 79' lang='grc' dir='ltr'>καταφανὴς,</span> <span class='ocrx_word' id='word_1_8' title='bbox 1478 538 1551 601; x_wconf 87' lang='grc' dir='ltr'>ὡς</span> <span class='ocrx_word' id='word_1_9' title='bbox 1625 542 1730 592; x_wconf 80' lang='grc' dir='ltr'>τῶν</span> <span class='ocrx_word' id='word_1_10' title='bbox 1801 540 1971 595; x_wconf 73' lang='grc' dir='ltr'>αὐτῶν</span> 
     </span>
    </p>
   </div>
   <div class='ocr_carea' id='block_1_5' title="bbox 2055 517 3704 618">
    <p class='ocr_par' dir='ltr' id='par_1_5' title="bbox 2055 528 3704 615">
     <span class='ocr_line' id='line_1_5' title="bbox 2055 528 3704 615; baseline 0.001 -21"><span class='ocrx_word' id='word_1_11' title='bbox 2055 551 2193 594; x_wconf 92' lang='lat' dir='ltr'><strong>nem</strong></span> <span class='ocrx_word' id='word_1_12' title='bbox 2225 532 2587 613; x_wconf 83' lang='lat' dir='ltr'><strong>prohiberi?</strong></span> <span class='ocrx_word' id='word_1_13' title='bbox 2644 550 2893 615; x_wconf 91' lang='lat' dir='ltr'><strong>quorum</strong></span> <span class='ocrx_word' id='word_1_14' title='bbox 2952 540 3150 598; x_wconf 87' lang='lat' dir='ltr'><strong>tamen</strong></span> <span class='ocrx_word' id='word_1_15' title='bbox 3180 528 3610 596; x_wconf 75' lang='lat' dir='ltr'><strong>commercium</strong></span> <span class='ocrx_word' id='word_1_16' title='bbox 3638 532 3704 596; x_wconf 92' lang='lat' dir='ltr'><strong>in</strong></span> 
     </span>
    </p>
   </div>
   <div class='ocr_carea' id='block_1_6' title="bbox 317 623 1975 707">
    <p class='ocr_par' dir='ltr' id='par_1_6' title="bbox 317 623 1975 707">
     <span class='ocr_line' id='line_1_6' title="bbox 317 623 1975 707; baseline -0.001 -26"><span class='ocrx_word' id='word_1_17' title='bbox 317 625 575 704; x_wconf 85' lang='grc' dir='ltr'>πρότερον</span> <span class='ocrx_word' id='word_1_18' title='bbox 606 626 703 701; x_wconf 76' lang='grc' dir='ltr'>μὲν</span> <span class='ocrx_word' id='word_1_19' title='bbox 762 623 1067 707; x_wconf 77' lang='grc' dir='ltr'>ἐξαδέλφοὺς</span> <span class='ocrx_word' id='word_1_20' title='bbox 1124 625 1391 697; x_wconf 78' lang='grc' dir='ltr'>ἀλλήλους</span> <span class='ocrx_word' id='word_1_21' title='bbox 1462 625 1784 706; x_wconf 88' lang='grc' dir='ltr'>καλούντων,</span> <span class='ocrx_word' id='word_1_22' title='bbox 1840 624 1975 701; x_wconf 82' lang='grc' dir='ltr'>μετὰ</span> 
     </span>
    </p>
   </div>
   <div class='ocr_carea' id='block_1_7' title="bbox 318 711 1974 797">
    <p class='ocr_par' dir='ltr' id='par_1_7' title="bbox 318 711 1974 797">
     <span class='ocr_line' id='line_1_7' title="bbox 318 711 1974 797; baseline 0 -28"><span class='ocrx_word' id='word_1_23' title='bbox 318 711 375 769; x_wconf 74' lang='grc' dir='ltr'>δὲ</span> <span class='ocrx_word' id='word_1_24' title='bbox 402 714 502 782; x_wconf 86' lang='grc' dir='ltr'><strong>τὴν</strong></span> <span class='ocrx_word' id='word_1_25' title='bbox 563 716 695 795; x_wconf 81' lang='grc' dir='ltr'>πρὸς</span> <span class='ocrx_word' id='word_1_26' title='bbox 766 713 989 781; x_wconf 77' lang='grc' dir='ltr'><strong>ἐκείνους</strong></span> <span class='ocrx_word' id='word_1_27' title='bbox 1045 716 1346 797; x_wconf 71' lang='grc' dir='ltr'>συνάφειαν,</span> <span class='ocrx_word' id='word_1_28' title='bbox 1410 713 1776 795; x_wconf 77' lang='grc' dir='ltr'>συγγάμϐρους</span> <span class='ocrx_word' id='word_1_29' title='bbox 1834 714 1974 779; x_wconf 82' lang='grc' dir='ltr'>αὖθις</span> 
     </span>
    </p>
   </div>
   <div class='ocr_carea' id='block_1_8' title="bbox 320 801 1973 880">
    <p class='ocr_par' dir='ltr' id='par_1_8' title="bbox 320 801 1973 880">
     <span class='ocr_line' id='line_1_8' title="bbox 320 801 1973 880; baseline -0.002 -18"><span class='ocrx_word' id='word_1_30' title='bbox 320 801 730 880; x_wconf 81' lang='grc' dir='ltr'>συνελαυμένους</span> <span class='ocrx_word' id='word_1_31' title='bbox 757 804 823 855; x_wconf 78' lang='grc'><strong>54</strong></span> <span class='ocrx_word' id='word_1_32' title='bbox 866 805 1266 880; x_wconf 76' lang='grc' dir='ltr'>κατονομάζειν,</span> <span class='ocrx_word' id='word_1_33' title='bbox 1317 804 1447 864; x_wconf 84' lang='grc' dir='ltr'>Κατ’</span> <span class='ocrx_word' id='word_1_34' title='bbox 1479 804 1599 862; x_wconf 76' lang='grc' dir='ltr'>ἴσον</span> <span class='ocrx_word' id='word_1_35' title='bbox 1642 804 1697 861; x_wconf 73' lang='grc' dir='ltr'>δὲ</span> <span class='ocrx_word' id='word_1_36' title='bbox 1753 824 1841 861; x_wconf 82' lang='grc' dir='ltr'><strong>και</strong></span> <span class='ocrx_word' id='word_1_37' title='bbox 1868 809 1973 860; x_wconf 82' lang='grc' dir='ltr'><strong>τῶν</strong></span> 
     </span>
    </p>
   </div>
   <div class='ocr_carea' id='block_1_9' title="bbox 316 891 1973 975">
    <p class='ocr_par' dir='ltr' id='par_1_9' title="bbox 316 891 1973 975">
     <span class='ocr_line' id='line_1_9' title="bbox 316 891 1973 975; baseline -0.001 -25"><span class='ocrx_word' id='word_1_38' title='bbox 316 891 545 960; x_wconf 78' lang='grc' dir='ltr'>θηλειῶν</span> <span class='ocrx_word' id='word_1_39' title='bbox 610 892 890 975; x_wconf 73' lang='grc' dir='ltr'>ἐξαδέλφας</span> <span class='ocrx_word' id='word_1_40' title='bbox 973 897 1106 970; x_wconf 82' lang='grc' dir='ltr'>ὁμοῦ</span> <span class='ocrx_word' id='word_1_41' title='bbox 1204 896 1297 951; x_wconf 83' lang='grc' dir='ltr'>καὶ</span> <span class='ocrx_word' id='word_1_42' title='bbox 1380 896 1674 974; x_wconf 81' lang='grc' dir='ltr'>συννύμφας</span> <span class='ocrx_word' id='word_1_43' title='bbox 1743 892 1973 964; x_wconf 83' lang='grc' dir='ltr'>ἀλέήλας</span> 
     </span>
    </p>
   </div>
   <div class='ocr_carea' id='block_1_10' title="bbox 317 981 1977 1060">
    <p class='ocr_par' dir='ltr' id='par_1_10' title="bbox 317 981 1977 1060">
     <span class='ocr_line' id='line_1_10' title="bbox 317 981 1977 1060; baseline -0.001 -20"><span class='ocrx_word' id='word_1_44' title='bbox 317 981 532 1043; x_wconf 82' lang='grc' dir='ltr'>καλεῖν.</span> <span class='ocrx_word' id='word_1_45' title='bbox 565 984 675 1051; x_wconf 86' lang='grc' dir='ltr'>Τὴν</span> <span class='ocrx_word' id='word_1_46' title='bbox 731 984 895 1051; x_wconf 72' lang='grc' dir='ltr'>αὐτὴν</span> <span class='ocrx_word' id='word_1_47' title='bbox 949 981 993 1039; x_wconf 86' lang='grc' dir='ltr'>δ’</span> <span class='ocrx_word' id='word_1_48' title='bbox 1052 984 1114 1039; x_wconf 83' lang='grc' dir='ltr'>ἃν</span> <span class='ocrx_word' id='word_1_49' title='bbox 1184 1006 1263 1047; x_wconf 88' lang='grc' dir='ltr'><strong>τις</strong></span> <span class='ocrx_word' id='word_1_50' title='bbox 1334 989 1437 1040; x_wconf 84' lang='grc' dir='ltr'>τῶν</span> <span class='ocrx_word' id='word_1_51' title='bbox 1507 984 1781 1060; x_wconf 80' lang='grc' dir='ltr'>ὀνομάτων</span> <span class='ocrx_word' id='word_1_52' title='bbox 1852 982 1977 1060; x_wconf 85' lang='grc' dir='ltr'>σύγ-</span> 
     </span>
    </p>
   </div>
   <div class='ocr_carea' id='block_1_11' title="bbox 316 1070 1975 1154">
    <p class='ocr_par' dir='ltr' id='par_1_11' title="bbox 316 1070 1975 1154">
     <span class='ocr_line' id='line_1_11' title="bbox 316 1070 1975 1154; baseline -0.001 -26"><span class='ocrx_word' id='word_1_53' title='bbox 316 1094 473 1153; x_wconf 87' lang='grc' dir='ltr'>χυσιν</span> <span class='ocrx_word' id='word_1_54' title='bbox 532 1070 638 1129; x_wconf 80' lang='grc' dir='ltr'>ἴδοι</span> <span class='ocrx_word' id='word_1_55' title='bbox 703 1074 795 1129; x_wconf 82' lang='grc' dir='ltr'>καὶ</span> <span class='ocrx_word' id='word_1_56' title='bbox 848 1073 934 1129; x_wconf 77' lang='grc' dir='ltr'><strong>ἐπὶ</strong></span> <span class='ocrx_word' id='word_1_57' title='bbox 992 1079 1097 1129; x_wconf 83' lang='grc' dir='ltr'><strong>τῶν</strong></span> <span class='ocrx_word' id='word_1_58' title='bbox 1163 1071 1400 1154; x_wconf 71' lang='grc' dir='ltr'>ἀδελφῶν</span> <span class='ocrx_word' id='word_1_59' title='bbox 1488 1079 1595 1129; x_wconf 81' lang='grc' dir='ltr'>τῶν</span> <span class='ocrx_word' id='word_1_60' title='bbox 1676 1071 1729 1138; x_wconf 81' lang='grc' dir='ltr'>ἐξ</span> <span class='ocrx_word' id='word_1_61' title='bbox 1799 1071 1975 1151; x_wconf 83' lang='grc' dir='ltr'>ἐτέρου</span> 
     </span>
    </p>
   </div>
   <div class='ocr_carea' id='block_1_12' title="bbox 316 1158 1976 1243">
    <p class='ocr_par' dir='ltr' id='par_1_12' title="bbox 316 1158 1976 1243">
     <span class='ocr_line' id='line_1_12' title="bbox 316 1158 1976 1243; baseline -0.001 -26"><span class='ocrx_word' id='word_1_62' title='bbox 316 1160 502 1239; x_wconf 77' lang='grc' dir='ltr'>γένους</span> <span class='ocrx_word' id='word_1_63' title='bbox 585 1158 848 1239; x_wconf 79' lang='grc' dir='ltr'><strong>δευτέραις</strong></span> <span class='ocrx_word' id='word_1_64' title='bbox 950 1159 1252 1243; x_wconf 78' lang='grc' dir='ltr'>ἐξαδέλφαις</span> <span class='ocrx_word' id='word_1_65' title='bbox 1352 1161 1845 1242; x_wconf 83' lang='grc' dir='ltr'>συναρμοζομένων.</span> <span class='ocrx_word' id='word_1_66' title='bbox 1916 1161 1976 1218; x_wconf 86' lang='grc' dir='ltr'>Τί</span> 
     </span>
    </p>
   </div>
   <div class='ocr_carea' id='block_1_13' title="bbox 317 1247 1975 1331">
    <p class='ocr_par' dir='ltr' id='par_1_13' title="bbox 317 1247 1975 1331">
     <span class='ocr_line' id='line_1_13' title="bbox 317 1247 1975 1331; baseline 0 -25"><span class='ocrx_word' id='word_1_67' title='bbox 317 1247 363 1306; x_wconf 83' lang='grc' dir='ltr'>δ’</span> <span class='ocrx_word' id='word_1_68' title='bbox 396 1249 459 1307; x_wconf 76' lang='grc' dir='ltr'><strong>ἄν</strong></span> <span class='ocrx_word' id='word_1_69' title='bbox 491 1271 575 1313; x_wconf 89' lang='grc' dir='ltr'><strong>τις</strong></span> <span class='ocrx_word' id='word_1_70' title='bbox 624 1248 776 1307; x_wconf 78' lang='grc' dir='ltr'>εἴποι</span> <span class='ocrx_word' id='word_1_71' title='bbox 835 1251 924 1306; x_wconf 87' lang='grc' dir='ltr'><strong>καὶ</strong></span> <span class='ocrx_word' id='word_1_72' title='bbox 993 1253 1112 1330; x_wconf 86' lang='grc' dir='ltr'>περὶ</span> <span class='ocrx_word' id='word_1_73' title='bbox 1154 1254 1258 1308; x_wconf 77' lang='grc' dir='ltr'><strong>τῶν</strong></span> <span class='ocrx_word' id='word_1_74' title='bbox 1307 1249 1759 1331; x_wconf 59' lang='grc' dir='ltr'>τρισεξαδέλςων,</span> <span class='ocrx_word' id='word_1_75' title='bbox 1813 1250 1914 1314; x_wconf 71' lang='grc' dir='ltr'>Οἷς</span> <span class='ocrx_word' id='word_1_76' title='bbox 1947 1251 1975 1306; x_wconf 96' lang='lat'><strong>6</strong></span> 
     </span>
    </p>
   </div>
   <div class='ocr_carea' id='block_1_14' title="bbox 318 1338 1973 1420">
    <p class='ocr_par' dir='ltr' id='par_1_14' title="bbox 318 1338 1973 1420">
     <span class='ocr_line' id='line_1_14' title="bbox 318 1338 1973 1420; baseline 0.001 -27"><span class='ocrx_word' id='word_1_77' title='bbox 318 1339 481 1415; x_wconf 90' lang='grc' dir='ltr'>νόμος</span> <span class='ocrx_word' id='word_1_78' title='bbox 534 1338 632 1406; x_wconf 88' lang='grc' dir='ltr'><strong>τὴν</strong></span> <span class='ocrx_word' id='word_1_79' title='bbox 712 1339 947 1417; x_wconf 87' lang='grc' dir='ltr'>γαμικὴν</span> <span class='ocrx_word' id='word_1_80' title='bbox 1031 1339 1348 1420; x_wconf 75' lang='grc' dir='ltr'>ἐπαγγελίαν</span> <span class='ocrx_word' id='word_1_81' title='bbox 1405 1342 1464 1398; x_wconf 77' lang='grc' dir='ltr'>οὐ</span> <span class='ocrx_word' id='word_1_82' title='bbox 1545 1341 1704 1416; x_wconf 89' lang='grc' dir='ltr'>μόνον</span> <span class='ocrx_word' id='word_1_83' title='bbox 1773 1339 1973 1420; x_wconf 76' lang='grc' dir='ltr'>ἀφῆκεν</span> 
     </span>
    </p>
   </div>
   <div class='ocr_carea' id='block_1_15' title="bbox 316 1427 1974 1510">
    <p class='ocr_par' dir='ltr' id='par_1_15' title="bbox 316 1427 1974 1510">
     <span class='ocr_line' id='line_1_15' title="bbox 316 1427 1974 1510; baseline -0.001 -24"><span class='ocrx_word' id='word_1_84' title='bbox 316 1428 617 1500; x_wconf 81' lang='grc' dir='ltr'>ἀκώλυτον,</span> <span class='ocrx_word' id='word_1_85' title='bbox 650 1427 788 1496; x_wconf 74' lang='grc' dir='ltr'>ἀλλὴ</span> <span class='ocrx_word' id='word_1_86' title='bbox 819 1430 907 1485; x_wconf 84' lang='grc' dir='ltr'>καὶ</span> <span class='ocrx_word' id='word_1_87' title='bbox 962 1429 1137 1507; x_wconf 80' lang='grc' dir='ltr'>ῥητῶς</span> <span class='ocrx_word' id='word_1_88' title='bbox 1179 1430 1377 1497; x_wconf 87' lang='grc' dir='ltr'>ταύτην</span> <span class='ocrx_word' id='word_1_89' title='bbox 1419 1429 1726 1510; x_wconf 79' lang='grc' dir='ltr'><strong>ἐπέτρεψεν,</strong></span> <span class='ocrx_word' id='word_1_90' title='bbox 1802 1429 1855 1485; x_wconf 88' lang='grc' dir='ltr'><strong>ἐν</strong></span> <span class='ocrx_word' id='word_1_91' title='bbox 1885 1429 1974 1493; x_wconf 71' lang='grc' dir='ltr'>οἷς</span> 
     </span>
    </p>
   </div>
   <div class='ocr_carea' id='block_1_16' title="bbox 315 1511 1973 1600">
    <p class='ocr_par' dir='ltr' id='par_1_16' title="bbox 315 1511 1973 1600">
     <span class='ocr_line' id='line_1_16' title="bbox 315 1511 1973 1600; baseline 0 -26"><span class='ocrx_word' id='word_1_92' title='bbox 315 1519 479 1599; x_wconf 76' lang='grc' dir='ltr'>φησὶν</span> <span class='ocrx_word' id='word_1_93' title='bbox 514 1534 528 1550; x_wconf 81' lang='grc'><strong><em>⁸</em></strong></span> <span class='ocrx_word' id='word_1_94' title='bbox 593 1511 656 1575; x_wconf 63' lang='grc' dir='ltr'><strong>Ἠ</strong></span> <span class='ocrx_word' id='word_1_95' title='bbox 701 1531 967 1598; x_wconf 71' lang='grc' dir='ltr'>γραφεῖσα</span> <span class='ocrx_word' id='word_1_96' title='bbox 995 1518 1096 1575; x_wconf 77' lang='grc' dir='ltr'><strong>ὑπὸ</strong></span> <span class='ocrx_word' id='word_1_97' title='bbox 1153 1519 1357 1600; x_wconf 71' lang='grc' dir='ltr'>αἵρεσιν</span> <span class='ocrx_word' id='word_1_98' title='bbox 1416 1519 1513 1587; x_wconf 69' lang='grc' dir='ltr'><strong>τῆς</strong></span> <span class='ocrx_word' id='word_1_99' title='bbox 1584 1520 1784 1599; x_wconf 85' lang='grc' dir='ltr'>μητρὸς</span> <span class='ocrx_word' id='word_1_100' title='bbox 1839 1517 1973 1584; x_wconf 87' lang='grc' dir='ltr'>κλη-</span> 
     </span>
    </p>
   </div>
   <div class='ocr_carea' id='block_1_17' title="bbox 315 1605 1972 1689">
    <p class='ocr_par' dir='ltr' id='par_1_17' title="bbox 315 1605 1972 1689">
     <span class='ocr_line' id='line_1_17' title="bbox 315 1605 1972 1689; baseline -0.001 -24"><span class='ocrx_word' id='word_1_101' title='bbox 315 1608 569 1689; x_wconf 79' lang='grc' dir='ltr'>ρονόμος,</span> <span class='ocrx_word' id='word_1_102' title='bbox 609 1630 637 1661; x_wconf 78' lang='grc' dir='ltr'><strong>α</strong></span> <span class='ocrx_word' id='word_1_103' title='bbox 667 1605 882 1682; x_wconf 84' lang='grc' dir='ltr'>Ἐὰντῷ</span> <span class='ocrx_word' id='word_1_104' title='bbox 901 1606 1280 1689; x_wconf 79' lang='grc' dir='ltr'>τρισεξαδέλφῳ</span> <span class='ocrx_word' id='word_1_105' title='bbox 1333 1613 1575 1687; x_wconf 78' lang='grc' dir='ltr'>γαμηθῇ,</span> <span class='ocrx_word' id='word_1_106' title='bbox 1617 1630 1641 1665; x_wconf 75' lang='grc' dir='ltr'>ι)</span> <span class='ocrx_word' id='word_1_107' title='bbox 1688 1607 1972 1686; x_wconf 87' lang='grc' dir='ltr'>πληρούτω</span> 
     </span>
    </p>
   </div>
   <div class='ocr_carea' id='block_1_18' title="bbox 314 1696 1967 1779">
    <p class='ocr_par' dir='ltr' id='par_1_18' title="bbox 314 1696 1967 1779">
     <span class='ocr_line' id='line_1_18' title="bbox 314 1696 1967 1779; baseline -0.002 -24"><span class='ocrx_word' id='word_1_108' title='bbox 314 1699 530 1762; x_wconf 84' lang='grc' dir='ltr'>πάντως</span> <span class='ocrx_word' id='word_1_109' title='bbox 564 1698 667 1766; x_wconf 90' lang='grc' dir='ltr'><strong>τὴν</strong></span> <span class='ocrx_word' id='word_1_110' title='bbox 698 1696 926 1775; x_wconf 80' lang='grc' dir='ltr'>αἵρεσιν.</span> <span class='ocrx_word' id='word_1_111' title='bbox 987 1698 1060 1755; x_wconf 74' lang='grc' dir='ltr'>Οὐ</span> <span class='ocrx_word' id='word_1_112' title='bbox 1091 1699 1190 1778; x_wconf 81' lang='grc' dir='ltr'><strong>γὰρ</strong></span> <span class='ocrx_word' id='word_1_113' title='bbox 1250 1699 1473 1779; x_wconf 79' lang='grc' dir='ltr'>αἰσχρός</span> <span class='ocrx_word' id='word_1_114' title='bbox 1519 1699 1659 1755; x_wconf 83' lang='grc' dir='ltr'>ἐστιν</span> <span class='ocrx_word' id='word_1_115' title='bbox 1702 1701 1730 1755; x_wconf 77' lang='lat'><strong>6</strong></span> <span class='ocrx_word' id='word_1_116' title='bbox 1773 1698 1967 1776; x_wconf 87' lang='grc' dir='ltr'>γάμος.</span> 
     </span>
    </p>
   </div>
   <div class='ocr_carea' id='block_1_19' title="bbox 318 1783 1970 1867">
    <p class='ocr_par' dir='ltr' id='par_1_19' title="bbox 318 1783 1970 1867">
     <span class='ocr_line' id='line_1_19' title="bbox 318 1783 1970 1867; baseline -0.002 -22"><span class='ocrx_word' id='word_1_117' title='bbox 318 1790 375 1846; x_wconf 84' lang='grc' dir='ltr'><strong>Εἰ</strong></span> <span class='ocrx_word' id='word_1_118' title='bbox 419 1787 498 1863; x_wconf 87' lang='grc' dir='ltr'><strong>μὴ</strong></span> <span class='ocrx_word' id='word_1_119' title='bbox 559 1783 658 1867; x_wconf 73' lang='grc' dir='ltr'>ἄρα</span> <span class='ocrx_word' id='word_1_120' title='bbox 701 1786 907 1851; x_wconf 76' lang='grc' dir='ltr'>ἐκεῖνος</span> <span class='ocrx_word' id='word_1_121' title='bbox 979 1785 1269 1863; x_wconf 83' lang='grc' dir='ltr'><strong>ἐμποδίζοι.</strong></span> <span class='ocrx_word' id='word_1_122' title='bbox 1332 1791 1486 1846; x_wconf 74' lang='grc' dir='ltr'>Οὗτοι</span> <span class='ocrx_word' id='word_1_123' title='bbox 1532 1794 1656 1866; x_wconf 81' lang='grc' dir='ltr'>γοῦν</span> <span class='ocrx_word' id='word_1_124' title='bbox 1713 1787 1970 1844; x_wconf 85' lang='grc' dir='ltr'>συναπτό-</span> 
     </span>
    </p>
   </div>
   <div class='ocr_carea' id='block_1_20' title="bbox 320 1874 1974 1956">
    <p class='ocr_par' dir='ltr' id='par_1_20' title="bbox 320 1874 1974 1956">
     <span class='ocr_line' id='line_1_20' title="bbox 320 1874 1974 1956; baseline -0.002 -23"><span class='ocrx_word' id='word_1_125' title='bbox 320 1898 494 1953; x_wconf 85' lang='grc' dir='ltr'>μενοι,</span> <span class='ocrx_word' id='word_1_126' title='bbox 580 1880 667 1934; x_wconf 72' lang='grc' dir='ltr'><strong>οὗ·</strong></span> <span class='ocrx_word' id='word_1_127' title='bbox 722 1876 993 1941; x_wconf 88' lang='grc' dir='ltr'>συνεύνους</span> <span class='ocrx_word' id='word_1_128' title='bbox 1095 1877 1256 1953; x_wconf 88' lang='grc' dir='ltr'>μόνον</span> <span class='ocrx_word' id='word_1_129' title='bbox 1352 1877 1465 1934; x_wconf 88' lang='grc' dir='ltr'>ἀντὶ</span> <span class='ocrx_word' id='word_1_130' title='bbox 1563 1874 1974 1956; x_wconf 66' lang='grc' dir='ltr'>τρισεξαδέλφων</span> 
     </span>
    </p>
   </div>
   <div class='ocr_carea' id='block_1_21' title="bbox 316 1964 1974 2046">
    <p class='ocr_par' dir='ltr' id='par_1_21' title="bbox 316 1964 1974 2046">
     <span class='ocr_line' id='line_1_21' title="bbox 316 1964 1974 2046; baseline -0.001 -23"><span class='ocrx_word' id='word_1_131' title='bbox 316 1965 656 2039; x_wconf 79' lang='grc' dir='ltr'>καλέσουσιν,</span> <span class='ocrx_word' id='word_1_132' title='bbox 689 1964 827 2022; x_wconf 83' lang='grc' dir='ltr'><strong>ἀλλά</strong></span> <span class='ocrx_word' id='word_1_133' title='bbox 874 1968 972 2022; x_wconf 77' lang='grc' dir='ltr'><strong>καὶ</strong></span> <span class='ocrx_word' id='word_1_134' title='bbox 1032 1968 1152 2030; x_wconf 84' lang='grc' dir='ltr'>τοὺς</span> <span class='ocrx_word' id='word_1_135' title='bbox 1199 1965 1447 2037; x_wconf 82' lang='grc' dir='ltr'>ἀλλήλων</span> <span class='ocrx_word' id='word_1_136' title='bbox 1493 1966 1752 2046; x_wconf 82' lang='grc' dir='ltr'>πατέρας,</span> <span class='ocrx_word' id='word_1_137' title='bbox 1810 1965 1974 2029; x_wconf 78' lang='grc' dir='ltr'>θείους</span> 
     </span>
    </p>
   </div>
   <div class='ocr_carea' id='block_1_22' title="bbox 314 2054 1972 2135">
    <p class='ocr_par' dir='ltr' id='par_1_22' title="bbox 314 2054 1972 2135">
     <span class='ocr_line' id='line_1_22' title="bbox 314 2054 1972 2135; baseline -0.001 -24"><span class='ocrx_word' id='word_1_138' title='bbox 314 2056 428 2132; x_wconf 80' lang='grc' dir='ltr'>ἅμα</span> <span class='ocrx_word' id='word_1_139' title='bbox 483 2056 572 2110; x_wconf 87' lang='grc' dir='ltr'>καὶ</span> <span class='ocrx_word' id='word_1_140' title='bbox 626 2055 903 2134; x_wconf 87' lang='grc' dir='ltr'>πενθερούς</span> <span class='ocrx_word' id='word_1_141' title='bbox 940 2075 955 2092; x_wconf 90' lang='grc'><strong>·</strong></span> <span class='ocrx_word' id='word_1_142' title='bbox 1020 2057 1107 2111; x_wconf 84' lang='grc' dir='ltr'><strong>καὶ</strong></span> <span class='ocrx_word' id='word_1_143' title='bbox 1149 2058 1195 2111; x_wconf 76' lang='grc' dir='ltr'>οἱ</span> <span class='ocrx_word' id='word_1_144' title='bbox 1253 2057 1563 2135; x_wconf 73' lang='grc' dir='ltr'>γεννήτορες</span> <span class='ocrx_word' id='word_1_145' title='bbox 1620 2056 1786 2127; x_wconf 78' lang='grc' dir='ltr'>αὖθις,</span> <span class='ocrx_word' id='word_1_146' title='bbox 1847 2054 1972 2111; x_wconf 87' lang='grc' dir='ltr'>ἀνε-</span> 
     </span>
    </p>
   </div>
   <div class='ocr_carea' id='block_1_23' title="bbox 317 2142 1975 2224">
    <p class='ocr_par' dir='ltr' id='par_1_23' title="bbox 317 2142 1975 2224">
     <span class='ocr_line' id='line_1_23' title="bbox 317 2142 1975 2224; baseline 0 -24"><span class='ocrx_word' id='word_1_147' title='bbox 317 2145 472 2220; x_wconf 76' lang='grc' dir='ltr'>ψιοὺς</span> <span class='ocrx_word' id='word_1_148' title='bbox 503 2145 624 2208; x_wconf 86' lang='grc' dir='ltr'>τοὺς</span> <span class='ocrx_word' id='word_1_149' title='bbox 655 2144 842 2208; x_wconf 70' lang='grc' dir='ltr'>αὐτοὺς</span> <span class='ocrx_word' id='word_1_150' title='bbox 898 2146 986 2202; x_wconf 89' lang='grc' dir='ltr'><strong>καὶ</strong></span> <span class='ocrx_word' id='word_1_151' title='bbox 1041 2142 1331 2224; x_wconf 79' lang='grc' dir='ltr'>γαμϐρούς.</span> <span class='ocrx_word' id='word_1_152' title='bbox 1404 2147 1503 2203; x_wconf 84' lang='grc' dir='ltr'>Καὶ</span> <span class='ocrx_word' id='word_1_153' title='bbox 1554 2146 1614 2201; x_wconf 83' lang='grc' dir='ltr'>τὸ</span> <span class='ocrx_word' id='word_1_154' title='bbox 1658 2143 1721 2212; x_wconf 86' lang='grc' dir='ltr'><strong>δὴ</strong></span> <span class='ocrx_word' id='word_1_155' title='bbox 1776 2147 1975 2219; x_wconf 86' lang='grc' dir='ltr'>θαυμα-</span> 
     </span>
    </p>
   </div>
   <div class='ocr_carea' id='block_1_24' title="bbox 318 2230 1972 2314">
    <p class='ocr_par' dir='ltr' id='par_1_24' title="bbox 318 2230 1972 2314">
     <span class='ocr_line' id='line_1_24' title="bbox 318 2230 1972 2314; baseline -0.001 -26"><span class='ocrx_word' id='word_1_156' title='bbox 318 2234 566 2312; x_wconf 88' lang='grc' dir='ltr'>στότερον</span> <span class='ocrx_word' id='word_1_157' title='bbox 596 2254 610 2270; x_wconf 88' lang='grc'><strong>·</strong></span> <span class='ocrx_word' id='word_1_158' title='bbox 644 2232 725 2291; x_wconf 81' lang='grc' dir='ltr'><strong>ὅτι</strong></span> <span class='ocrx_word' id='word_1_159' title='bbox 784 2236 873 2290; x_wconf 81' lang='grc' dir='ltr'>καὶ</span> <span class='ocrx_word' id='word_1_160' title='bbox 921 2232 1339 2314; x_wconf 75' lang='grc' dir='ltr'>κληρονομοῦσιν</span> <span class='ocrx_word' id='word_1_161' title='bbox 1399 2232 1688 2308; x_wconf 88' lang='grc' dir='ltr'>ἀλλήλους,</span> <span class='ocrx_word' id='word_1_162' title='bbox 1752 2230 1972 2309; x_wconf 75' lang='grc' dir='ltr'>ἑϐδόμου</span> 
     </span>
    </p>
   </div>
   <div class='ocr_carea' id='block_1_25' title="bbox 318 2321 1970 2405">
    <p class='ocr_par' dir='ltr' id='par_1_25' title="bbox 318 2321 1970 2405">
     <span class='ocr_line' id='line_1_25' title="bbox 318 2321 1970 2405; baseline -0.001 -26"><span class='ocrx_word' id='word_1_163' title='bbox 318 2324 522 2400; x_wconf 79' lang='grc' dir='ltr'>βαθμοῦ</span> <span class='ocrx_word' id='word_1_164' title='bbox 566 2325 940 2404; x_wconf 73' lang='grc' dir='ltr'>τυγχάνοντες,</span> <span class='ocrx_word' id='word_1_165' title='bbox 992 2325 1098 2380; x_wconf 79' lang='grc' dir='ltr'>τῶν</span> <span class='ocrx_word' id='word_1_166' title='bbox 1166 2323 1602 2405; x_wconf 81' lang='grc' dir='ltr'>προσεχεστέρων</span> <span class='ocrx_word' id='word_1_167' title='bbox 1674 2321 1725 2389; x_wconf 81' lang='grc' dir='ltr'>ἐξ</span> <span class='ocrx_word' id='word_1_168' title='bbox 1794 2322 1970 2379; x_wconf 86' lang='grc' dir='ltr'>ἐπιλι-</span> 
     </span>
    </p>
   </div>
   <div class='ocr_carea' id='block_1_26' title="bbox 318 2411 1971 2493">
    <p class='ocr_par' dir='ltr' id='par_1_26' title="bbox 318 2411 1971 2493">
     <span class='ocr_line' id='line_1_26' title="bbox 318 2411 1971 2493; baseline -0.001 -25"><span class='ocrx_word' id='word_1_169' title='bbox 318 2412 529 2470; x_wconf 85' lang='grc' dir='ltr'>πόντων</span> <span class='ocrx_word' id='word_1_170' title='bbox 585 2414 820 2493; x_wconf 78' lang='grc' dir='ltr'>βαθμῶν,</span> <span class='ocrx_word' id='word_1_171' title='bbox 893 2415 1089 2486; x_wconf 86' lang='grc' dir='ltr'>καθὼς,</span> <span class='ocrx_word' id='word_1_172' title='bbox 1163 2415 1251 2470; x_wconf 81' lang='grc' dir='ltr'><strong>καὶ</strong></span> <span class='ocrx_word' id='word_1_173' title='bbox 1331 2417 1359 2470; x_wconf 90' lang='lat'><strong>6</strong></span> <span class='ocrx_word' id='word_1_174' title='bbox 1441 2415 1560 2492; x_wconf 88' lang='grc' dir='ltr'>περὶ</span> <span class='ocrx_word' id='word_1_175' title='bbox 1613 2411 1971 2493; x_wconf 75' lang='grc' dir='ltr'>κληρονομίας</span> 
     </span>
    </p>
   </div>
   <div class='ocr_carea' id='block_1_27' title="bbox 316 2494 1969 2583">
    <p class='ocr_par' dir='ltr' id='par_1_27' title="bbox 316 2494 1969 2583">
     <span class='ocr_line' id='line_1_27' title="bbox 316 2494 1969 2583; baseline -0.002 -24"><span class='ocrx_word' id='word_1_176' title='bbox 316 2502 600 2582; x_wconf 84' lang='grc' dir='ltr'>παρίστησι</span> <span class='ocrx_word' id='word_1_177' title='bbox 625 2503 811 2579; x_wconf 88' lang='grc' dir='ltr'>νόμος.</span> <span class='ocrx_word' id='word_1_178' title='bbox 868 2494 930 2559; x_wconf 45' lang='grc' dir='ltr'><strong>(Η</strong></span> <span class='ocrx_word' id='word_1_179' title='bbox 988 2504 1282 2583; x_wconf 79' lang='grc' dir='ltr'>συγγενικὴ</span> <span class='ocrx_word' id='word_1_180' title='bbox 1326 2504 1564 2580; x_wconf 77' lang='grc' dir='ltr'>βοήθεια,</span> <span class='ocrx_word' id='word_1_181' title='bbox 1625 2500 1676 2568; x_wconf 77' lang='grc' dir='ltr'><strong>’ἐξ</strong></span> <span class='ocrx_word' id='word_1_182' title='bbox 1739 2501 1969 2579; x_wconf 83' lang='grc' dir='ltr'>βαθμοὺς</span> 
     </span>
    </p>
   </div>
   <div class='ocr_carea' id='block_1_28' title="bbox 315 2590 1465 2673">
    <p class='ocr_par' dir='ltr' id='par_1_28' title="bbox 315 2590 1465 2673">
     <span class='ocr_line' id='line_1_28' title="bbox 315 2590 1465 2673; baseline 0 -25"><span class='ocrx_word' id='word_1_183' title='bbox 315 2591 623 2670; x_wconf 72' lang='grc' dir='ltr'>συγγενείας</span> <span class='ocrx_word' id='word_1_184' title='bbox 698 2590 1104 2673; x_wconf 77' lang='grc' dir='ltr'>περιλαμϐάνει,</span> <span class='ocrx_word' id='word_1_185' title='bbox 1190 2595 1280 2649; x_wconf 86' lang='grc' dir='ltr'>καὶ</span> <span class='ocrx_word' id='word_1_186' title='bbox 1361 2592 1465 2648; x_wconf 82' lang='grc' dir='ltr'>ἀπὸ</span> 
     </span>
    </p>
   </div>
   <div class='ocr_carea' id='block_1_29' title="bbox 2057 622 3706 706">
    <p class='ocr_par' dir='ltr' id='par_1_29' title="bbox 2057 622 3706 706">
     <span class='ocr_line' id='line_1_29' title="bbox 2057 622 3706 706; baseline 0.002 -23"><span class='ocrx_word' id='word_1_187' title='bbox 2057 622 2416 687; x_wconf 91' lang='lat' dir='ltr'><strong>hodiernum</strong></span> <span class='ocrx_word' id='word_1_188' title='bbox 2452 641 2642 704; x_wconf 90' lang='lat' dir='ltr'><strong>usque</strong></span> <span class='ocrx_word' id='word_1_189' title='bbox 2672 623 2832 685; x_wconf 89' lang='lat' dir='ltr'><strong>diem</strong></span> <span class='ocrx_word' id='word_1_190' title='bbox 2883 640 3078 704; x_wconf 88' lang='lat' dir='ltr'><strong>neque</strong></span> <span class='ocrx_word' id='word_1_191' title='bbox 3136 623 3255 706; x_wconf 85' lang='lat' dir='ltr'><strong>lex,</strong></span> <span class='ocrx_word' id='word_1_192' title='bbox 3290 642 3487 705; x_wconf 89' lang='lat' dir='ltr'><strong>neque</strong></span> <span class='ocrx_word' id='word_1_193' title='bbox 3515 641 3706 686; x_wconf 87' lang='lat' dir='ltr'><strong>canon</strong></span> 
     </span>
    </p>
   </div>
   <div class='ocr_carea' id='block_1_30' title="bbox 2055 711 3709 795">
    <p class='ocr_par' dir='ltr' id='par_1_30' title="bbox 2055 711 3709 795">
     <span class='ocr_line' id='line_1_30' title="bbox 2055 711 3709 795; baseline 0.001 -22"><span class='ocrx_word' id='word_1_194' title='bbox 2055 712 2212 775; x_wconf 89' lang='lat' dir='ltr'><strong>ullus</strong></span> <span class='ocrx_word' id='word_1_195' title='bbox 2241 712 2424 773; x_wconf 93' lang='lat' dir='ltr'><strong>vetuit</strong></span> <span class='ocrx_word' id='word_1_196' title='bbox 2451 735 2466 787; x_wconf 92' lang='lat'><strong>;</strong></span> <span class='ocrx_word' id='word_1_197' title='bbox 2521 712 2627 773; x_wconf 85' lang='lat' dir='ltr'><strong>sed</strong></span> <span class='ocrx_word' id='word_1_198' title='bbox 2660 711 2809 773; x_wconf 90' lang='lat' dir='ltr'><strong>citra</strong></span> <span class='ocrx_word' id='word_1_199' title='bbox 2840 712 3326 795; x_wconf 80' lang='lat' dir='ltr'><strong>prohibitionem,</strong></span> <span class='ocrx_word' id='word_1_200' title='bbox 3375 726 3435 774; x_wconf 90' lang='lat' dir='ltr'><strong>et</strong></span> <span class='ocrx_word' id='word_1_201' title='bbox 3460 711 3709 794; x_wconf 86' lang='lat' dir='ltr'><strong>impune</strong></span> 
     </span>
    </p>
   </div>
   <div class='ocr_carea' id='block_1_31' title="bbox 2056 799 3714 882">
    <p class='ocr_par' dir='ltr' id='par_1_31' title="bbox 2056 799 3714 882">
     <span class='ocr_line' id='line_1_31' title="bbox 2056 799 3714 882; baseline 0.001 -20"><span class='ocrx_word' id='word_1_202' title='bbox 2056 819 2153 862; x_wconf 86' lang='lat' dir='ltr'><strong>res</strong></span> <span class='ocrx_word' id='word_1_203' title='bbox 2183 800 2446 880; x_wconf 87' lang='lat' dir='ltr'><strong>quotidie</strong></span> <span class='ocrx_word' id='word_1_204' title='bbox 2477 800 2802 882; x_wconf 80' lang='lat' dir='ltr'><strong>peragitur.</strong></span> <span class='ocrx_word' id='word_1_205' title='bbox 2852 799 3253 863; x_wconf 88' lang='lat' dir='ltr'><strong>Nihilominus</strong></span> <span class='ocrx_word' id='word_1_206' title='bbox 3300 801 3442 863; x_wconf 87' lang='lat' dir='ltr'><strong>hinc</strong></span> <span class='ocrx_word' id='word_1_207' title='bbox 3499 820 3714 881; x_wconf 88' lang='lat' dir='ltr'><strong>magna</strong></span> 
     </span>
    </p>
   </div>
   <div class='ocr_carea' id='block_1_32' title="bbox 2057 889 3708 971">
    <p class='ocr_par' dir='ltr' id='par_1_32' title="bbox 2057 889 3708 971">
     <span class='ocr_line' id='line_1_32' title="bbox 2057 889 3708 971; baseline 0 -20"><span class='ocrx_word' id='word_1_208' title='bbox 2057 889 2489 971; x_wconf 88' lang='lat' dir='ltr'><strong>manifestaque</strong></span> <span class='ocrx_word' id='word_1_209' title='bbox 2519 889 2788 952; x_wconf 80' lang='lat' dir='ltr'><strong>confusio</strong></span> <span class='ocrx_word' id='word_1_210' title='bbox 2811 898 2869 952; x_wconf 92' lang='lat' dir='ltr'><strong>et</strong></span> <span class='ocrx_word' id='word_1_211' title='bbox 2890 892 3247 971; x_wconf 80' lang='lat' dir='ltr'><strong>permutatio</strong></span> <span class='ocrx_word' id='word_1_212' title='bbox 3270 891 3577 953; x_wconf 90' lang='lat' dir='ltr'><strong>nominum</strong></span> <span class='ocrx_word' id='word_1_213' title='bbox 3601 909 3708 952; x_wconf 87' lang='lat' dir='ltr'><strong>co-</strong></span> 
     </span>
    </p>
   </div>
   <div class='ocr_carea' id='block_1_33' title="bbox 2057 978 3735 1062">
    <p class='ocr_par' dir='ltr' id='par_1_33' title="bbox 2057 978 3735 1062">
     <span class='ocr_line' id='line_1_33' title="bbox 2057 978 3735 1062; baseline 0.002 -24"><span class='ocrx_word' id='word_1_214' title='bbox 2057 978 2353 1058; x_wconf 88' lang='lat' dir='ltr'><strong>gnationis</strong></span> <span class='ocrx_word' id='word_1_215' title='bbox 2383 978 2633 1053; x_wconf 86' lang='lat' dir='ltr'><strong>exsistit,</strong></span> <span class='ocrx_word' id='word_1_216' title='bbox 2686 997 2822 1041; x_wconf 91' lang='lat' dir='ltr'><strong>cum</strong></span> <span class='ocrx_word' id='word_1_217' title='bbox 2878 979 3094 1041; x_wconf 91' lang='lat' dir='ltr'><strong>illimet</strong></span> <span class='ocrx_word' id='word_1_218' title='bbox 3150 979 3288 1062; x_wconf 89' lang='lat' dir='ltr'><strong>ipsi,</strong></span> <span class='ocrx_word' id='word_1_219' title='bbox 3321 980 3422 1061; x_wconf 89' lang='lat' dir='ltr'><strong>qui</strong></span> <span class='ocrx_word' id='word_1_220' title='bbox 3450 979 3612 1061; x_wconf 89' lang='lat' dir='ltr'><strong>prius</strong></span> <span class='ocrx_word' id='word_1_221' title='bbox 3644 990 3735 1042; x_wconf 87' lang='lat' dir='ltr'><strong>se</strong></span> 
     </span>
    </p>
   </div>
   <div class='ocr_carea' id='block_1_34' title="bbox 2057 1066 3706 1149">
    <p class='ocr_par' dir='ltr' id='par_1_34' title="bbox 2057 1066 3706 1149">
     <span class='ocr_line' id='line_1_34' title="bbox 2057 1066 3706 1149; baseline 0.002 -21"><span class='ocrx_word' id='word_1_222' title='bbox 2057 1066 2451 1128; x_wconf 88' lang='lat' dir='ltr'><strong>consobrinos</strong></span> <span class='ocrx_word' id='word_1_223' title='bbox 2477 1067 2789 1145; x_wconf 86' lang='lat' dir='ltr'><strong>vocabant,</strong></span> <span class='ocrx_word' id='word_1_224' title='bbox 2824 1078 2959 1149; x_wconf 91' lang='lat' dir='ltr'><strong>post</strong></span> <span class='ocrx_word' id='word_1_225' title='bbox 2987 1069 3195 1132; x_wconf 89' lang='lat' dir='ltr'><strong>initam</strong></span> <span class='ocrx_word' id='word_1_226' title='bbox 3226 1070 3381 1131; x_wconf 89' lang='lat' dir='ltr'><strong>hanc</strong></span> <span class='ocrx_word' id='word_1_227' title='bbox 3421 1087 3556 1130; x_wconf 90' lang='lat' dir='ltr'><strong>cum</strong></span> <span class='ocrx_word' id='word_1_228' title='bbox 3584 1067 3706 1130; x_wconf 88' lang='lat' dir='ltr'><strong>illis</strong></span> 
     </span>
    </p>
   </div>
   <div class='ocr_carea' id='block_1_35' title="bbox 2059 1155 3710 1241">
    <p class='ocr_par' dir='ltr' id='par_1_35' title="bbox 2059 1155 3710 1241">
     <span class='ocr_line' id='line_1_35' title="bbox 2059 1155 3710 1241; baseline 0.002 -23"><span class='ocrx_word' id='word_1_229' title='bbox 2059 1155 2541 1237; x_wconf 90' lang='lat' dir='ltr'><strong>conjunctionem</strong></span> <span class='ocrx_word' id='word_1_230' title='bbox 2574 1175 2707 1219; x_wconf 91' lang='lat' dir='ltr'><strong>sese</strong></span> <span class='ocrx_word' id='word_1_231' title='bbox 2738 1176 3109 1237; x_wconf 85' lang='lat' dir='ltr'><strong>congeneros</strong></span> <span class='ocrx_word' id='word_1_232' title='bbox 3173 1159 3476 1241; x_wconf 88' lang='lat' dir='ltr'><strong>appellare</strong></span> <span class='ocrx_word' id='word_1_233' title='bbox 3496 1176 3710 1238; x_wconf 89' lang='lat' dir='ltr'><strong>cogan-</strong></span> 
     </span>
    </p>
   </div>
   <div class='ocr_carea' id='block_1_36' title="bbox 2060 1245 3703 1327">
    <p class='ocr_par' dir='ltr' id='par_1_36' title="bbox 2060 1245 3703 1327">
     <span class='ocr_line' id='line_1_36' title="bbox 2060 1245 3703 1327; baseline 0.002 -20"><span class='ocrx_word' id='word_1_234' title='bbox 2060 1252 2175 1308; x_wconf 90' lang='lat' dir='ltr'><strong>tur.</strong></span> <span class='ocrx_word' id='word_1_235' title='bbox 2210 1245 2344 1308; x_wconf 90' lang='lat' dir='ltr'><strong>Pari</strong></span> <span class='ocrx_word' id='word_1_236' title='bbox 2377 1245 2555 1307; x_wconf 91' lang='lat' dir='ltr'><strong>modo</strong></span> <span class='ocrx_word' id='word_1_237' title='bbox 2587 1254 2646 1307; x_wconf 90' lang='lat' dir='ltr'><strong>et</strong></span> <span class='ocrx_word' id='word_1_238' title='bbox 2675 1246 2819 1327; x_wconf 83' lang='lat' dir='ltr'><strong>ipsae</strong></span> <span class='ocrx_word' id='word_1_239' title='bbox 2868 1247 3106 1309; x_wconf 70' lang='lat' dir='ltr'><strong>feminae</strong></span> <span class='ocrx_word' id='word_1_240' title='bbox 3133 1256 3259 1311; x_wconf 89' lang='lat' dir='ltr'><strong>tum</strong></span> <span class='ocrx_word' id='word_1_241' title='bbox 3291 1245 3703 1325; x_wconf 89' lang='lat' dir='ltr'><strong>consobrinas,</strong></span> 
     </span>
    </p>
   </div>
   <div class='ocr_carea' id='block_1_37' title="bbox 2059 1333 3705 1400">
    <p class='ocr_par' dir='ltr' id='par_1_37' title="bbox 2059 1333 3705 1400">
     <span class='ocr_line' id='line_1_37' title="bbox 2059 1333 3705 1400; baseline 0.002 -5"><span class='ocrx_word' id='word_1_242' title='bbox 2059 1342 2182 1395; x_wconf 85' lang='lat' dir='ltr'><strong>tum</strong></span> <span class='ocrx_word' id='word_1_243' title='bbox 2208 1333 2440 1396; x_wconf 87' lang='lat' dir='ltr'><strong>fratrias</strong></span> <span class='ocrx_word' id='word_1_244' title='bbox 2457 1353 2522 1396; x_wconf 90' lang='lat' dir='ltr'><strong>se</strong></span> <span class='ocrx_word' id='word_1_245' title='bbox 2544 1334 2798 1398; x_wconf 86' lang='lat' dir='ltr'><strong>invicem</strong></span> <span class='ocrx_word' id='word_1_246' title='bbox 2830 1336 3245 1400; x_wconf 83' lang='lat' dir='ltr'><strong>nominabunt.</strong></span> <span class='ocrx_word' id='word_1_247' title='bbox 3277 1335 3561 1398; x_wconf 91' lang='lat' dir='ltr'><strong>Eamdem</strong></span> <span class='ocrx_word' id='word_1_248' title='bbox 3590 1355 3705 1399; x_wconf 93' lang='lat' dir='ltr'><strong>no-</strong></span> 
     </span>
    </p>
   </div>
   <div class='ocr_carea' id='block_1_38' title="bbox 2060 1422 3734 1489">
    <p class='ocr_par' dir='ltr' id='par_1_38' title="bbox 2060 1422 3734 1489">
     <span class='ocr_line' id='line_1_38' title="bbox 2060 1422 3734 1489; baseline 0.002 -5"><span class='ocrx_word' id='word_1_249' title='bbox 2060 1422 2286 1485; x_wconf 91' lang='lat' dir='ltr'><strong>minum</strong></span> <span class='ocrx_word' id='word_1_250' title='bbox 2310 1424 2723 1486; x_wconf 83' lang='lat' dir='ltr'><strong>confusionem</strong></span> <span class='ocrx_word' id='word_1_251' title='bbox 2739 1425 2945 1487; x_wconf 90' lang='lat' dir='ltr'><strong>videre</strong></span> <span class='ocrx_word' id='word_1_252' title='bbox 2967 1424 3108 1487; x_wconf 89' lang='lat' dir='ltr'><strong>licet</strong></span> <span class='ocrx_word' id='word_1_253' title='bbox 3135 1426 3314 1489; x_wconf 89' lang='lat' dir='ltr'><strong>etiam</strong></span> <span class='ocrx_word' id='word_1_254' title='bbox 3337 1426 3401 1486; x_wconf 90' lang='lat' dir='ltr'><strong>in</strong></span> <span class='ocrx_word' id='word_1_255' title='bbox 3426 1424 3734 1488; x_wconf 80' lang='lat' dir='ltr'><strong>fratribus</strong></span> 
     </span>
    </p>
   </div>
   <div class='ocr_carea' id='block_1_39' title="bbox 2058 1513 3708 1596">
    <p class='ocr_par' dir='ltr' id='par_1_39' title="bbox 2058 1513 3708 1596">
     <span class='ocr_line' id='line_1_39' title="bbox 2058 1513 3708 1596; baseline 0.002 -22"><span class='ocrx_word' id='word_1_256' title='bbox 2058 1513 2159 1594; x_wconf 91' lang='lat' dir='ltr'><strong>qui</strong></span> <span class='ocrx_word' id='word_1_257' title='bbox 2192 1514 2496 1594; x_wconf 76' lang='lat' dir='ltr'><strong>prognatis</strong></span> <span class='ocrx_word' id='word_1_258' title='bbox 2528 1532 2598 1576; x_wconf 86' lang='lat' dir='ltr'><strong>ex</strong></span> <span class='ocrx_word' id='word_1_259' title='bbox 2628 1514 2744 1576; x_wconf 90' lang='lat' dir='ltr'><strong>alia</strong></span> <span class='ocrx_word' id='word_1_260' title='bbox 2792 1514 3013 1576; x_wconf 88' lang='lat' dir='ltr'><strong>familia</strong></span> <span class='ocrx_word' id='word_1_261' title='bbox 3044 1515 3303 1578; x_wconf 90' lang='lat' dir='ltr'><strong>sobrinis</strong></span> <span class='ocrx_word' id='word_1_262' title='bbox 3332 1514 3708 1596; x_wconf 87' lang='lat' dir='ltr'><strong>copulantur.</strong></span> 
     </span>
    </p>
   </div>
   <div class='ocr_carea' id='block_1_40' title="bbox 2055 1601 3708 1686">
    <p class='ocr_par' dir='ltr' id='par_1_40' title="bbox 2055 1601 3708 1686">
     <span class='ocr_line' id='line_1_40' title="bbox 2055 1601 3708 1686; baseline 0.002 -23"><span class='ocrx_word' id='word_1_263' title='bbox 2055 1601 2126 1663; x_wconf 88' lang='lat' dir='ltr'><strong>Et</strong></span> <span class='ocrx_word' id='word_1_264' title='bbox 2143 1603 2307 1683; x_wconf 88' lang='lat' dir='ltr'><strong>quid,</strong></span> <span class='ocrx_word' id='word_1_265' title='bbox 2332 1621 2555 1684; x_wconf 72' lang='lat' dir='ltr'><strong>quaeso,</strong></span> <span class='ocrx_word' id='word_1_266' title='bbox 2580 1603 2794 1665; x_wconf 81' lang='lat' dir='ltr'><strong>dixerit</strong></span> <span class='ocrx_word' id='word_1_267' title='bbox 2814 1604 3030 1686; x_wconf 83' lang='lat' dir='ltr'><strong>aliquis</strong></span> <span class='ocrx_word' id='word_1_268' title='bbox 3060 1605 3133 1666; x_wconf 92' lang='lat' dir='ltr'><strong>de</strong></span> <span class='ocrx_word' id='word_1_269' title='bbox 3157 1604 3536 1666; x_wconf 90' lang='lat' dir='ltr'><strong>sobrinorum</strong></span> <span class='ocrx_word' id='word_1_270' title='bbox 3553 1623 3708 1686; x_wconf 90' lang='lat' dir='ltr'><strong>quo-</strong></span> 
     </span>
    </p>
   </div>
   <div class='ocr_carea' id='block_1_41' title="bbox 2056 1691 3711 1775">
    <p class='ocr_par' dir='ltr' id='par_1_41' title="bbox 2056 1691 3711 1775">
     <span class='ocr_line' id='line_1_41' title="bbox 2056 1691 3711 1775; baseline 0.002 -23"><span class='ocrx_word' id='word_1_271' title='bbox 2056 1710 2170 1771; x_wconf 91' lang='lat' dir='ltr'><strong>que</strong></span> <span class='ocrx_word' id='word_1_272' title='bbox 2201 1691 2458 1753; x_wconf 86' lang='lat' dir='ltr'><strong>liberis?</strong></span> <span class='ocrx_word' id='word_1_273' title='bbox 2490 1692 2705 1773; x_wconf 88' lang='lat' dir='ltr'><strong>quibus</strong></span> <span class='ocrx_word' id='word_1_274' title='bbox 2734 1693 2827 1755; x_wconf 87' lang='lat' dir='ltr'><strong>lex</strong></span> <span class='ocrx_word' id='word_1_275' title='bbox 2848 1694 3382 1775; x_wconf 90' lang='lat' dir='ltr'><strong>repromissionem</strong></span> <span class='ocrx_word' id='word_1_276' title='bbox 3406 1691 3711 1756; x_wconf 84' lang='lat' dir='ltr'><strong>matrimo-</strong></span> 
     </span>
    </p>
   </div>
   <div class='ocr_carea' id='block_1_42' title="bbox 2055 1779 3706 1864">
    <p class='ocr_par' dir='ltr' id='par_1_42' title="bbox 2055 1779 3706 1864">
     <span class='ocr_line' id='line_1_42' title="bbox 2055 1779 3706 1864; baseline 0.004 -24"><span class='ocrx_word' id='word_1_277' title='bbox 2055 1779 2273 1842; x_wconf 90' lang='lat' dir='ltr'><strong>nialem</strong></span> <span class='ocrx_word' id='word_1_278' title='bbox 2301 1800 2419 1842; x_wconf 91' lang='lat' dir='ltr'><strong>non</strong></span> <span class='ocrx_word' id='word_1_279' title='bbox 2484 1781 2659 1843; x_wconf 92' lang='lat' dir='ltr'><strong>modo</strong></span> <span class='ocrx_word' id='word_1_280' title='bbox 2710 1801 2831 1843; x_wconf 92' lang='lat' dir='ltr'><strong>non</strong></span> <span class='ocrx_word' id='word_1_281' title='bbox 2884 1783 3245 1864; x_wconf 88' lang='lat' dir='ltr'><strong>prohibitam</strong></span> <span class='ocrx_word' id='word_1_282' title='bbox 3298 1780 3564 1864; x_wconf 83' lang='lat' dir='ltr'><strong>reliquit,</strong></span> <span class='ocrx_word' id='word_1_283' title='bbox 3599 1784 3706 1847; x_wconf 91' lang='lat' dir='ltr'><strong>sed</strong></span> 
     </span>
    </p>
   </div>
   <div class='ocr_carea' id='block_1_43' title="bbox 2058 1870 3711 1952">
    <p class='ocr_par' dir='ltr' id='par_1_43' title="bbox 2058 1870 3711 1952">
     <span class='ocr_line' id='line_1_43' title="bbox 2058 1870 3711 1952; baseline 0.003 -23"><span class='ocrx_word' id='word_1_284' title='bbox 2058 1870 2235 1932; x_wconf 79' lang='lat' dir='ltr'><strong>etiam</strong></span> <span class='ocrx_word' id='word_1_285' title='bbox 2266 1870 2491 1933; x_wconf 88' lang='lat' dir='ltr'><strong>diserte</strong></span> <span class='ocrx_word' id='word_1_286' title='bbox 2525 1871 2821 1952; x_wconf 89' lang='lat' dir='ltr'><strong>permisit,</strong></span> <span class='ocrx_word' id='word_1_287' title='bbox 2855 1889 3035 1952; x_wconf 91' lang='lat' dir='ltr'><strong>quum</strong></span> <span class='ocrx_word' id='word_1_288' title='bbox 3071 1871 3152 1933; x_wconf 87' lang='lat' dir='ltr'><strong>ait</strong></span> <span class='ocrx_word' id='word_1_289' title='bbox 3184 1893 3198 1936; x_wconf 91' lang='lat'><strong>:</strong></span> <span class='ocrx_word' id='word_1_290' title='bbox 3244 1871 3386 1946; x_wconf 66' lang='lat' dir='ltr'><strong>Quae</strong></span> <span class='ocrx_word' id='word_1_291' title='bbox 3418 1874 3528 1936; x_wconf 90' lang='lat' dir='ltr'><strong>sub</strong></span> <span class='ocrx_word' id='word_1_292' title='bbox 3560 1891 3711 1935; x_wconf 91' lang='lat' dir='ltr'><strong>con-</strong></span> 
     </span>
    </p>
   </div>
   <div class='ocr_carea' id='block_1_44' title="bbox 2058 1958 3714 2043">
    <p class='ocr_par' dir='ltr' id='par_1_44' title="bbox 2058 1958 3714 2043">
     <span class='ocr_line' id='line_1_44' title="bbox 2058 1958 3714 2043; baseline 0.002 -22"><span class='ocrx_word' id='word_1_293' title='bbox 2058 1959 2287 2021; x_wconf 90' lang='lat' dir='ltr'><strong>ditione</strong></span> <span class='ocrx_word' id='word_1_294' title='bbox 2320 1958 2522 2021; x_wconf 86' lang='lat' dir='ltr'><strong>matris</strong></span> <span class='ocrx_word' id='word_1_295' title='bbox 2554 1967 2643 2021; x_wconf 90' lang='lat' dir='ltr'><strong>est</strong></span> <span class='ocrx_word' id='word_1_296' title='bbox 2672 1960 2864 2022; x_wconf 82' lang='lat' dir='ltr'><strong>haeres</strong></span> <span class='ocrx_word' id='word_1_297' title='bbox 2911 1960 3152 2041; x_wconf 90' lang='lat' dir='ltr'><strong>scripta,</strong></span> <span class='ocrx_word' id='word_1_298' title='bbox 3205 1960 3280 2024; x_wconf 76' lang='lat' dir='ltr'><strong>Si</strong></span> <span class='ocrx_word' id='word_1_299' title='bbox 3324 1961 3558 2025; x_wconf 68' lang='grc' dir='ltr'><strong>θοι)ήηὶ</strong></span> <span class='ocrx_word' id='word_1_300' title='bbox 3584 1962 3714 2043; x_wconf 76' lang='lat' dir='ltr'><strong>ﬁlio</strong></span> 
     </span>
    </p>
   </div>
   <div class='ocr_carea' id='block_1_45' title="bbox 2057 2049 3711 2133">
    <p class='ocr_par' dir='ltr' id='par_1_45' title="bbox 2057 2049 3711 2133">
     <span class='ocr_line' id='line_1_45' title="bbox 2057 2049 3711 2133; baseline 0.001 -22"><span class='ocrx_word' id='word_1_301' title='bbox 2057 2052 2332 2128; x_wconf 73' lang='lat' dir='ltr'><strong>nupserit</strong></span> <span class='ocrx_word' id='word_1_302' title='bbox 2351 2049 2507 2130; x_wconf 79' lang='lat'>(46),</span> <span class='ocrx_word' id='word_1_303' title='bbox 2541 2050 2784 2111; x_wconf 89' lang='lat' dir='ltr'><strong>omnino</strong></span> <span class='ocrx_word' id='word_1_304' title='bbox 2835 2050 3240 2113; x_wconf 89' lang='lat' dir='ltr'><strong>conditionem</strong></span> <span class='ocrx_word' id='word_1_305' title='bbox 3272 2051 3541 2133; x_wconf 87' lang='lat' dir='ltr'><strong>impleat.</strong></span> <span class='ocrx_word' id='word_1_306' title='bbox 3578 2052 3711 2115; x_wconf 93' lang='lat' dir='ltr'><strong>Non</strong></span> 
     </span>
    </p>
   </div>
   <div class='ocr_carea' id='block_1_46' title="bbox 2058 2139 3711 2223">
    <p class='ocr_par' dir='ltr' id='par_1_46' title="bbox 2058 2139 3711 2223">
     <span class='ocr_line' id='line_1_46' title="bbox 2058 2139 3711 2223; baseline 0.002 -24"><span class='ocrx_word' id='word_1_307' title='bbox 2058 2139 2219 2200; x_wconf 91' lang='lat' dir='ltr'><strong>enim</strong></span> <span class='ocrx_word' id='word_1_308' title='bbox 2252 2146 2455 2220; x_wconf 91' lang='lat' dir='ltr'><strong>turpes</strong></span> <span class='ocrx_word' id='word_1_309' title='bbox 2476 2147 2611 2201; x_wconf 90' lang='lat' dir='ltr'><strong>sunt</strong></span> <span class='ocrx_word' id='word_1_310' title='bbox 2632 2140 2877 2221; x_wconf 70' lang='lat' dir='ltr'><strong>nuptiae.</strong></span> <span class='ocrx_word' id='word_1_311' title='bbox 2900 2139 3022 2202; x_wconf 91' lang='lat' dir='ltr'><strong>Nisi</strong></span> <span class='ocrx_word' id='word_1_312' title='bbox 3039 2140 3194 2204; x_wconf 88' lang='lat' dir='ltr'><strong>forte</strong></span> <span class='ocrx_word' id='word_1_313' title='bbox 3223 2159 3332 2222; x_wconf 92' lang='lat' dir='ltr'><strong>per</strong></span> <span class='ocrx_word' id='word_1_314' title='bbox 3358 2142 3554 2223; x_wconf 91' lang='lat' dir='ltr'><strong>ipsum</strong></span> <span class='ocrx_word' id='word_1_315' title='bbox 3586 2149 3711 2203; x_wconf 91' lang='lat' dir='ltr'><strong>ste-</strong></span> 
     </span>
    </p>
   </div>
   <div class='ocr_carea' id='block_1_47' title="bbox 2061 2228 3712 2311">
    <p class='ocr_par' dir='ltr' id='par_1_47' title="bbox 2061 2228 3712 2311">
     <span class='ocr_line' id='line_1_47' title="bbox 2061 2228 3712 2311; baseline 0.002 -23"><span class='ocrx_word' id='word_1_316' title='bbox 2061 2228 2217 2304; x_wconf 89' lang='lat' dir='ltr'><strong>terit,</strong></span> <span class='ocrx_word' id='word_1_317' title='bbox 2250 2228 2572 2308; x_wconf 89' lang='lat' dir='ltr'><strong>quominus</strong></span> <span class='ocrx_word' id='word_1_318' title='bbox 2603 2229 2724 2290; x_wconf 83' lang='lat' dir='ltr'><strong>ﬁat.</strong></span> <span class='ocrx_word' id='word_1_319' title='bbox 2761 2228 2819 2291; x_wconf 93' lang='lat' dir='ltr'><strong>Si</strong></span> <span class='ocrx_word' id='word_1_320' title='bbox 2850 2248 2989 2309; x_wconf 90' lang='lat' dir='ltr'><strong>ergo</strong></span> <span class='ocrx_word' id='word_1_321' title='bbox 3031 2230 3092 2290; x_wconf 91' lang='lat' dir='ltr'><strong>bi</strong></span> <span class='ocrx_word' id='word_1_322' title='bbox 3148 2230 3529 2311; x_wconf 83' lang='lat' dir='ltr'><strong>copulentur,</strong></span> <span class='ocrx_word' id='word_1_323' title='bbox 3590 2248 3712 2292; x_wconf 89' lang='lat' dir='ltr'><strong>non</strong></span> 
     </span>
    </p>
   </div>
   <div class='ocr_carea' id='block_1_48' title="bbox 2056 2318 3731 2401">
    <p class='ocr_par' dir='ltr' id='par_1_48' title="bbox 2056 2318 3731 2401">
     <span class='ocr_line' id='line_1_48' title="bbox 2056 2318 3731 2401; baseline 0.002 -23"><span class='ocrx_word' id='word_1_324' title='bbox 2056 2318 2233 2379; x_wconf 91' lang='lat' dir='ltr'><strong>modo</strong></span> <span class='ocrx_word' id='word_1_325' title='bbox 2264 2336 2329 2380; x_wconf 90' lang='lat' dir='ltr'><strong>se</strong></span> <span class='ocrx_word' id='word_1_326' title='bbox 2362 2318 2474 2379; x_wconf 91' lang='lat' dir='ltr'><strong>tori</strong></span> <span class='ocrx_word' id='word_1_327' title='bbox 2510 2326 2815 2380; x_wconf 83' lang='lat' dir='ltr'><strong>consortes</strong></span> <span class='ocrx_word' id='word_1_328' title='bbox 2846 2338 2953 2400; x_wconf 91' lang='lat' dir='ltr'><strong>pro</strong></span> <span class='ocrx_word' id='word_1_329' title='bbox 2992 2318 3373 2382; x_wconf 88' lang='lat' dir='ltr'><strong>sobrinorum</strong></span> <span class='ocrx_word' id='word_1_330' title='bbox 3404 2320 3565 2395; x_wconf 87' lang='lat' dir='ltr'><strong>ﬁliis,</strong></span> <span class='ocrx_word' id='word_1_331' title='bbox 3599 2338 3731 2401; x_wconf 88' lang='lat' dir='ltr'><strong>ap--</strong></span> 
     </span>
    </p>
   </div>
   <div class='ocr_carea' id='block_1_49' title="bbox 2056 2408 3714 2490">
    <p class='ocr_par' dir='ltr' id='par_1_49' title="bbox 2056 2408 3714 2490">
     <span class='ocr_line' id='line_1_49' title="bbox 2056 2408 3714 2490; baseline 0.002 -21"><span class='ocrx_word' id='word_1_332' title='bbox 2056 2408 2388 2489; x_wconf 87' lang='lat' dir='ltr'><strong>pellabunt,</strong></span> <span class='ocrx_word' id='word_1_333' title='bbox 2422 2409 2810 2471; x_wconf 88' lang='lat' dir='ltr'><strong>verumetiam</strong></span> <span class='ocrx_word' id='word_1_334' title='bbox 2866 2418 3068 2490; x_wconf 85' lang='lat' dir='ltr'><strong>patres</strong></span> <span class='ocrx_word' id='word_1_335' title='bbox 3125 2428 3266 2472; x_wconf 90' lang='lat' dir='ltr'><strong>suos</strong></span> <span class='ocrx_word' id='word_1_336' title='bbox 3292 2417 3418 2472; x_wconf 92' lang='lat' dir='ltr'><strong>tum</strong></span> <span class='ocrx_word' id='word_1_337' title='bbox 3445 2409 3714 2473; x_wconf 88' lang='lat' dir='ltr'><strong>minores</strong></span> 
     </span>
    </p>
   </div>
   <div class='ocr_carea' id='block_1_50' title="bbox 2054 2497 3713 2580">
    <p class='ocr_par' dir='ltr' id='par_1_50' title="bbox 2054 2497 3713 2580">
     <span class='ocr_line' id='line_1_50' title="bbox 2054 2497 3713 2580; baseline 0.002 -23"><span class='ocrx_word' id='word_1_338' title='bbox 2054 2504 2293 2576; x_wconf 89' lang='lat' dir='ltr'><strong>patruos</strong></span> <span class='ocrx_word' id='word_1_339' title='bbox 2325 2497 2743 2573; x_wconf 88' lang='lat' dir='ltr'><strong>avunculosve,</strong></span> <span class='ocrx_word' id='word_1_340' title='bbox 2796 2505 2918 2560; x_wconf 91' lang='lat' dir='ltr'><strong>tum</strong></span> <span class='ocrx_word' id='word_1_341' title='bbox 2978 2516 3221 2561; x_wconf 83' lang='lat' dir='ltr'><strong>soceros</strong></span> <span class='ocrx_word' id='word_1_342' title='bbox 3255 2519 3268 2559; x_wconf 94' lang='lat'><strong>:</strong></span> <span class='ocrx_word' id='word_1_343' title='bbox 3333 2517 3404 2562; x_wconf 90' lang='lat' dir='ltr'><strong>ac</strong></span> <span class='ocrx_word' id='word_1_344' title='bbox 3431 2507 3713 2580; x_wconf 86' lang='lat' dir='ltr'><strong>parentes</strong></span> 
     </span>
    </p>
   </div>
   <div class='ocr_carea' id='block_1_51' title="bbox 1574 2585 3710 2670">
    <p class='ocr_par' dir='ltr' id='par_1_51' title="bbox 1574 2585 3710 2670">
     <span class='ocr_line' id='line_1_51' title="bbox 1574 2585 3710 2670; baseline 0.001 -22"><span class='ocrx_word' id='word_1_345' title='bbox 1574 2601 1667 2651; x_wconf 83' lang='grc' dir='ltr'>τοῦ</span> <span class='ocrx_word' id='word_1_346' title='bbox 1758 2588 1978 2665; x_wconf 75' lang='grc' dir='ltr'>ἐϐδόμου</span> <span class='ocrx_word' id='word_1_347' title='bbox 2061 2586 2191 2648; x_wconf 83' lang='lat' dir='ltr'><strong>vice</strong></span> <span class='ocrx_word' id='word_1_348' title='bbox 2222 2605 2394 2649; x_wconf 89' lang='lat' dir='ltr'><strong>versa</strong></span> <span class='ocrx_word' id='word_1_349' title='bbox 2427 2585 2818 2649; x_wconf 88' lang='lat' dir='ltr'><strong>nominabunt</strong></span> <span class='ocrx_word' id='word_1_350' title='bbox 2874 2588 3118 2649; x_wconf 92' lang='lat' dir='ltr'><strong>eosdem</strong></span> <span class='ocrx_word' id='word_1_351' title='bbox 3171 2597 3294 2649; x_wconf 90' lang='lat' dir='ltr'><strong>tum</strong></span> <span class='ocrx_word' id='word_1_352' title='bbox 3356 2589 3710 2670; x_wconf 88' lang='lat' dir='ltr'><strong>patruelium</strong></span> 
     </span>
    </p>
   </div>
   <div class='ocr_carea' id='block_1_52' title="bbox 314 2675 1971 2759">
    <p class='ocr_par' dir='ltr' id='par_1_52' title="bbox 314 2678 1971 2759">
     <span class='ocr_line' id='line_1_52' title="bbox 314 2678 1971 2759; baseline -0.002 -21"><span class='ocrx_word' id='word_1_353' title='bbox 314 2681 576 2759; x_wconf 88' lang='grc' dir='ltr'>πρόσωπα</span> <span class='ocrx_word' id='word_1_354' title='bbox 628 2679 741 2754; x_wconf 85' lang='grc' dir='ltr'>δύο,</span> <span class='ocrx_word' id='word_1_355' title='bbox 807 2683 873 2738; x_wconf 83' lang='grc' dir='ltr'><strong>τὰ</strong></span> <span class='ocrx_word' id='word_1_356' title='bbox 920 2683 1207 2757; x_wconf 80' lang='grc' dir='ltr'>τικτόμενα</span> <span class='ocrx_word' id='word_1_357' title='bbox 1277 2682 1384 2738; x_wconf 84' lang='grc' dir='ltr'>ἀπὸ</span> <span class='ocrx_word' id='word_1_358' title='bbox 1453 2688 1544 2737; x_wconf 81' lang='grc' dir='ltr'>τοῦ</span> <span class='ocrx_word' id='word_1_359' title='bbox 1612 2678 1971 2759; x_wconf 76' lang='grc' dir='ltr'>δισεξαδέλφου</span> 
     </span>
    </p>
   </div>
   <div class='ocr_carea' id='block_1_53' title="bbox 2055 2675 3713 2759">
    <p class='ocr_par' dir='ltr' id='par_1_53' title="bbox 2063 2675 3713 2758">
     <span class='ocr_line' id='line_1_53' title="bbox 2063 2675 3713 2758; baseline 0.002 -22"><span class='ocrx_word' id='word_1_360' title='bbox 2063 2675 2307 2752; x_wconf 89' lang='lat' dir='ltr'><strong>liberos,</strong></span> <span class='ocrx_word' id='word_1_361' title='bbox 2343 2684 2467 2737; x_wconf 93' lang='lat' dir='ltr'><strong>tum</strong></span> <span class='ocrx_word' id='word_1_362' title='bbox 2496 2675 2878 2756; x_wconf 46' lang='lat' dir='ltr'><strong>generos.‘Et</strong></span> <span class='ocrx_word' id='word_1_363' title='bbox 2906 2678 3063 2757; x_wconf 90' lang='lat' dir='ltr'><strong>quod</strong></span> <span class='ocrx_word' id='word_1_364' title='bbox 3093 2677 3279 2756; x_wconf 86' lang='lat' dir='ltr'><strong>magis</strong></span> <span class='ocrx_word' id='word_1_365' title='bbox 3336 2685 3426 2740; x_wconf 91' lang='lat' dir='ltr'><strong>est</strong></span> <span class='ocrx_word' id='word_1_366' title='bbox 3467 2678 3713 2758; x_wconf 88' lang='lat' dir='ltr'><strong>dignum</strong></span> 
     </span>
    </p>
   </div>
   <div class='ocr_carea' id='block_1_54' title="bbox 311 2763 1971 2850">
    <p class='ocr_par' dir='ltr' id='par_1_54' title="bbox 311 2766 1969 2850">
     <span class='ocr_line' id='line_1_54' title="bbox 311 2766 1969 2850; baseline -0.001 -24"><span class='ocrx_word' id='word_1_367' title='bbox 311 2772 402 2826; x_wconf 88' lang='grc' dir='ltr'>καὶ</span> <span class='ocrx_word' id='word_1_368' title='bbox 431 2774 528 2837; x_wconf 79' lang='grc' dir='ltr'>τῆς</span> <span class='ocrx_word' id='word_1_369' title='bbox 572 2766 970 2850; x_wconf 79' lang='grc' dir='ltr'>δισεξαδέλφης.</span> <span class='ocrx_word' id='word_1_370' title='bbox 1041 2770 1101 2828; x_wconf 90' lang='grc' dir='ltr'>Τί</span> <span class='ocrx_word' id='word_1_371' title='bbox 1158 2770 1357 2847; x_wconf 76' lang='grc' dir='ltr'>τούτων</span> <span class='ocrx_word' id='word_1_372' title='bbox 1427 2769 1570 2834; x_wconf 75' lang='grc' dir='ltr'>αὖθις</span> <span class='ocrx_word' id='word_1_373' title='bbox 1629 2768 1969 2850; x_wconf 65' lang='grc' dir='ltr'>συγχυτικώ-</span> 
     </span>
    </p>
   </div>
   <div class='ocr_carea' id='block_1_55' title="bbox 2055 2763 3714 2850">
    <p class='ocr_par' dir='ltr' id='par_1_55' title="bbox 2059 2763 3714 2849">
     <span class='ocr_line' id='line_1_55' title="bbox 2059 2763 3714 2849; baseline 0.002 -23"><span class='ocrx_word' id='word_1_374' title='bbox 2059 2765 2128 2826; x_wconf 90' lang='lat' dir='ltr'><strong>ad</strong></span> <span class='ocrx_word' id='word_1_375' title='bbox 2138 2763 2599 2839; x_wconf 88' lang='lat' dir='ltr'><strong>miratione,sibi</strong></span> <span class='ocrx_word' id='word_1_376' title='bbox 2624 2766 2955 2828; x_wconf 87' lang='lat' dir='ltr'><strong>succedunt</strong></span> <span class='ocrx_word' id='word_1_377' title='bbox 2972 2766 3441 2849; x_wconf 90' lang='lat' dir='ltr'><strong>invicem,quum</strong></span> <span class='ocrx_word' id='word_1_378' title='bbox 3459 2767 3714 2848; x_wconf 90' lang='lat' dir='ltr'><strong>septimo</strong></span> 
     </span>
    </p>
   </div>
   <div class='ocr_carea' id='block_1_56' title="bbox 312 2854 1971 2939">
    <p class='ocr_par' dir='ltr' id='par_1_56' title="bbox 312 2857 1970 2939">
     <span class='ocr_line' id='line_1_56' title="bbox 312 2857 1970 2939; baseline -0.001 -24"><span class='ocrx_word' id='word_1_379' title='bbox 312 2880 464 2936; x_wconf 80' lang='grc' dir='ltr'>τερον</span> <span class='ocrx_word' id='word_1_380' title='bbox 494 2877 510 2939; x_wconf 67' lang='grc' dir='ltr'><strong>ς</strong></span> <span class='ocrx_word' id='word_1_381' title='bbox 546 2857 693 2915; x_wconf 85' lang='grc' dir='ltr'>Ἀλλ’</span> <span class='ocrx_word' id='word_1_382' title='bbox 737 2861 766 2915; x_wconf 84' lang='grc' dir='ltr'><strong>ὁ</strong></span> <span class='ocrx_word' id='word_1_383' title='bbox 808 2858 1122 2933; x_wconf 79' lang='grc' dir='ltr'>νομοθέτης,</span> <span class='ocrx_word' id='word_1_384' title='bbox 1155 2860 1248 2915; x_wconf 86' lang='grc' dir='ltr'>τὸν</span> <span class='ocrx_word' id='word_1_385' title='bbox 1307 2858 1461 2915; x_wconf 72' lang='grc' dir='ltr'>αὐτὸν</span> <span class='ocrx_word' id='word_1_386' title='bbox 1492 2861 1737 2939; x_wconf 75' lang='grc' dir='ltr'>πενθερὸν</span> <span class='ocrx_word' id='word_1_387' title='bbox 1768 2858 1970 2932; x_wconf 85' lang='grc' dir='ltr'>ὀνομά-</span> 
     </span>
    </p>
   </div>
   <div class='ocr_carea' id='block_1_57' title="bbox 2055 2854 3708 2939">
    <p class='ocr_par' dir='ltr' id='par_1_57' title="bbox 2057 2854 3708 2936">
     <span class='ocr_line' id='line_1_57' title="bbox 2057 2854 3708 2936; baseline 0.002 -22"><span class='ocrx_word' id='word_1_388' title='bbox 2057 2854 2280 2915; x_wconf 90' lang='lat' dir='ltr'><strong>distent</strong></span> <span class='ocrx_word' id='word_1_389' title='bbox 2297 2854 2510 2932; x_wconf 83' lang='lat' dir='ltr'><strong>gradu,</strong></span> <span class='ocrx_word' id='word_1_390' title='bbox 2537 2855 2919 2936; x_wconf 92' lang='lat' dir='ltr'><strong>propioribus</strong></span> <span class='ocrx_word' id='word_1_391' title='bbox 2940 2855 3044 2917; x_wconf 90' lang='lat' dir='ltr'><strong>sed</strong></span> <span class='ocrx_word' id='word_1_392' title='bbox 3070 2857 3354 2934; x_wconf 83' lang='lat' dir='ltr'><strong>gradibus</strong></span> <span class='ocrx_word' id='word_1_393' title='bbox 3381 2856 3708 2934; x_wconf 86' lang='lat' dir='ltr'><strong>exstinctis,</strong></span> 
     </span>
    </p>
   </div>
   <div class='ocr_carea' id='block_1_58' title="bbox 313 2942 1971 3027">
    <p class='ocr_par' dir='ltr' id='par_1_58' title="bbox 313 2945 1971 3027">
     <span class='ocr_line' id='line_1_58' title="bbox 313 2945 1971 3027; baseline 0 -24"><span class='ocrx_word' id='word_1_394' title='bbox 313 2955 424 3019; x_wconf 87' lang='grc' dir='ltr'>ζειν</span> <span class='ocrx_word' id='word_1_395' title='bbox 466 2948 551 3003; x_wconf 87' lang='grc' dir='ltr'>καὶ</span> <span class='ocrx_word' id='word_1_396' title='bbox 582 2950 750 3027; x_wconf 79' lang='grc' dir='ltr'>θετον,</span> <span class='ocrx_word' id='word_1_397' title='bbox 784 2948 871 3004; x_wconf 85' lang='grc' dir='ltr'><strong>καὶ</strong></span> <span class='ocrx_word' id='word_1_398' title='bbox 919 2946 1253 3024; x_wconf 86' lang='grc' dir='ltr'>κληρονόμον</span> <span class='ocrx_word' id='word_1_399' title='bbox 1289 2948 1446 3007; x_wconf 70' lang='grc' dir='ltr'>αὐτοῦ</span> <span class='ocrx_word' id='word_1_400' title='bbox 1514 2945 1565 3013; x_wconf 78' lang='grc' dir='ltr'>ἐξ</span> <span class='ocrx_word' id='word_1_401' title='bbox 1609 2946 1971 3020; x_wconf 85' lang='grc' dir='ltr'>ἀποτελέσμα-</span> 
     </span>
    </p>
   </div>
   <div class='ocr_carea' id='block_1_59' title="bbox 2055 2942 3713 3027">
    <p class='ocr_par' dir='ltr' id='par_1_59' title="bbox 2055 2942 3713 3026">
     <span class='ocr_line' id='line_1_59' title="bbox 2055 2942 3713 3026; baseline 0.002 -23"><span class='ocrx_word' id='word_1_402' title='bbox 2055 2943 2210 3005; x_wconf 90' lang='lat' dir='ltr'><strong>sicut</strong></span> <span class='ocrx_word' id='word_1_403' title='bbox 2236 2951 2293 3005; x_wconf 88' lang='lat' dir='ltr'><strong>et</strong></span> <span class='ocrx_word' id='word_1_404' title='bbox 2317 2942 2411 3005; x_wconf 89' lang='lat' dir='ltr'><strong>lex</strong></span> <span class='ocrx_word' id='word_1_405' title='bbox 2429 2943 2505 3005; x_wconf 92' lang='lat' dir='ltr'><strong>de</strong></span> <span class='ocrx_word' id='word_1_406' title='bbox 2522 2943 2904 3006; x_wconf 88' lang='lat' dir='ltr'><strong>successione</strong></span> <span class='ocrx_word' id='word_1_407' title='bbox 2924 2945 3239 3007; x_wconf 83' lang='lat' dir='ltr'><strong>conﬁrmat</strong></span> <span class='ocrx_word' id='word_1_408' title='bbox 3262 2944 3411 3026; x_wconf 75' lang='lat'><strong>(46‘)</strong></span> <span class='ocrx_word' id='word_1_409' title='bbox 3441 2963 3456 3008; x_wconf 89' lang='lat'><strong>:</strong></span> <span class='ocrx_word' id='word_1_410' title='bbox 3484 2947 3713 3010; x_wconf 83' lang='lat' dir='ltr'><strong>Reme-</strong></span> 
     </span>
    </p>
   </div>
   <div class='ocr_carea' id='block_1_60' title="bbox 316 3027 1971 3118">
    <p class='ocr_par' dir='ltr' id='par_1_60' title="bbox 316 3027 1970 3118">
     <span class='ocr_line' id='line_1_60' title="bbox 1837 3027 1873 3049; baseline 0 -5"><span class='ocrx_word' id='word_1_411' title='bbox 1837 3027 1873 3049; x_wconf 77' lang='grc' dir='ltr'><em>υ</em></span> 
     </span>
     <span class='ocr_line' id='line_1_61' title="bbox 316 3034 1970 3118; baseline -0.002 -24"><span class='ocrx_word' id='word_1_412' title='bbox 316 3059 405 3101; x_wconf 89' lang='grc' dir='ltr'><strong>τος</strong></span> <span class='ocrx_word' id='word_1_413' title='bbox 450 3034 761 3110; x_wconf 75' lang='grc' dir='ltr'>δείκνυσθαι,</span> <span class='ocrx_word' id='word_1_414' title='bbox 796 3037 899 3116; x_wconf 74' lang='grc' dir='ltr'>οὐχ</span> <span class='ocrx_word' id='word_1_415' title='bbox 940 3037 1185 3115; x_wconf 77' lang='grc' dir='ltr'>ἡγήσατο</span> <span class='ocrx_word' id='word_1_416' title='bbox 1245 3037 1521 3117; x_wconf 87' lang='grc' dir='ltr'>σύγχυσιν.</span> <span class='ocrx_word' id='word_1_417' title='bbox 1584 3040 1788 3118; x_wconf 68' lang='grc' dir='ltr'>Διατί,</span> <span class='ocrx_word' id='word_1_418' title='bbox 1877 3047 1970 3095; x_wconf 91' lang='grc' dir='ltr'>Οτι</span> 
     </span>
    </p>
   </div>
   <div class='ocr_carea' id='block_1_61' title="bbox 2055 3027 3709 3118">
    <p class='ocr_par' dir='ltr' id='par_1_61' title="bbox 2055 3031 3709 3113">
     <span class='ocr_line' id='line_1_62' title="bbox 2055 3031 3709 3113; baseline 0.002 -21"><span class='ocrx_word' id='word_1_419' title='bbox 2055 3031 2217 3093; x_wconf 91' lang='lat' dir='ltr'><strong>dium</strong></span> <span class='ocrx_word' id='word_1_420' title='bbox 2249 3033 2417 3095; x_wconf 80' lang='lat' dir='ltr'><strong>Unde</strong></span> <span class='ocrx_word' id='word_1_421' title='bbox 2444 3034 2708 3112; x_wconf 80' lang='lat' dir='ltr'><strong>cognati,</strong></span> <span class='ocrx_word' id='word_1_422' title='bbox 2746 3051 2850 3094; x_wconf 88' lang='lat' dir='ltr'><strong>sex</strong></span> <span class='ocrx_word' id='word_1_423' title='bbox 2892 3032 3110 3113; x_wconf 87' lang='lat' dir='ltr'><strong>gradus</strong></span> <span class='ocrx_word' id='word_1_424' title='bbox 3139 3033 3507 3113; x_wconf 84' lang='lat' dir='ltr'><strong>cognationis</strong></span> <span class='ocrx_word' id='word_1_425' title='bbox 3536 3053 3709 3097; x_wconf 91' lang='lat' dir='ltr'><strong>com-</strong></span> 
     </span>
    </p>
   </div>
   <div class='ocr_carea' id='block_1_62' title="bbox 317 3122 1971 3213">
    <p class='ocr_par' dir='ltr' id='par_1_62' title="bbox 317 3124 1969 3206">
     <span class='ocr_line' id='line_1_63' title="bbox 317 3124 1969 3206; baseline 0 -24"><span class='ocrx_word' id='word_1_426' title='bbox 317 3124 484 3203; x_wconf 78' lang='grc' dir='ltr'>μηδὲν</span> <span class='ocrx_word' id='word_1_427' title='bbox 553 3127 764 3189; x_wconf 84' lang='grc' dir='ltr'>πάντως</span> <span class='ocrx_word' id='word_1_428' title='bbox 808 3125 1064 3203; x_wconf 79' lang='grc' dir='ltr'>ἔκθεσμον</span> <span class='ocrx_word' id='word_1_429' title='bbox 1118 3125 1286 3183; x_wconf 79' lang='grc' dir='ltr'>ἐνεϊδε</span> <span class='ocrx_word' id='word_1_430' title='bbox 1354 3132 1432 3203; x_wconf 83' lang='grc' dir='ltr'>τῷ</span> <span class='ocrx_word' id='word_1_431' title='bbox 1492 3127 1784 3206; x_wconf 86' lang='grc' dir='ltr'>πράγματι.</span> <span class='ocrx_word' id='word_1_432' title='bbox 1830 3129 1969 3185; x_wconf 74' lang='grc' dir='ltr'>Καθὸ</span> 
     </span>
    </p>
   </div>
   <div class='ocr_carea' id='block_1_63' title="bbox 2055 3122 3711 3213">
    <p class='ocr_par' dir='ltr' id='par_1_63' title="bbox 2055 3122 3711 3213">
     <span class='ocr_line' id='line_1_64' title="bbox 2055 3122 3711 3213; baseline 0.001 -29"><span class='ocrx_word' id='word_1_433' title='bbox 2055 3122 2354 3202; x_wconf 88' lang='lat' dir='ltr'><strong>plectitur,</strong></span> <span class='ocrx_word' id='word_1_434' title='bbox 2393 3132 2451 3184; x_wconf 91' lang='lat' dir='ltr'><strong>et</strong></span> <span class='ocrx_word' id='word_1_435' title='bbox 2480 3141 2513 3184; x_wconf 92' lang='lat' dir='ltr'><strong>e</strong></span> <span class='ocrx_word' id='word_1_436' title='bbox 2540 3122 2822 3213; x_wconf 67' lang='lat' dir='ltr'><strong>septimo</strong></span> <span class='ocrx_word' id='word_1_437' title='bbox 2872 3141 3158 3213; x_wconf 86' lang='lat' dir='ltr'><strong>personas</strong></span> <span class='ocrx_word' id='word_1_438' title='bbox 3178 3125 3372 3213; x_wconf 31' lang='lat' dir='ltr'><strong>Aduas,</strong></span> <span class='ocrx_word' id='word_1_439' title='bbox 3404 3142 3535 3213; x_wconf 60' lang='lat' dir='ltr'><strong>quae</strong></span> <span class='ocrx_word' id='word_1_440' title='bbox 3568 3142 3711 3205; x_wconf 92' lang='lat' dir='ltr'><strong>pro-</strong></span> 
     </span>
    </p>
   </div>
   <div class='ocr_carea' id='block_1_64' title="bbox 317 3203 1971 3298">
    <p class='ocr_par' dir='ltr' id='par_1_64' title="bbox 317 3217 1969 3298">
     <span class='ocr_line' id='line_1_65' title="bbox 317 3217 1969 3298; baseline 0 -24"><span class='ocrx_word' id='word_1_441' title='bbox 317 3220 407 3274; x_wconf 61' lang='grc' dir='ltr'><strong>καὶ⁹</strong></span> <span class='ocrx_word' id='word_1_442' title='bbox 436 3220 603 3293; x_wconf 87' lang='grc' dir='ltr'>μήπω</span> <span class='ocrx_word' id='word_1_443' title='bbox 630 3217 850 3282; x_wconf 85' lang='grc' dir='ltr'>κανόνος</span> <span class='ocrx_word' id='word_1_444' title='bbox 910 3218 1050 3298; x_wconf 74' lang='grc' dir='ltr'>ἱεροῦ</span> <span class='ocrx_word' id='word_1_445' title='bbox 1115 3218 1151 3287; x_wconf 77' lang='grc' dir='ltr'>ἢ</span> <span class='ocrx_word' id='word_1_446' title='bbox 1208 3217 1375 3294; x_wconf 90' lang='grc' dir='ltr'>νόμου</span> <span class='ocrx_word' id='word_1_447' title='bbox 1428 3225 1610 3275; x_wconf 75' lang='grc' dir='ltr'>καινοῦ</span> <span class='ocrx_word' id='word_1_448' title='bbox 1663 3218 1784 3282; x_wconf 80' lang='grc' dir='ltr'>τοὺς</span> <span class='ocrx_word' id='word_1_449' title='bbox 1837 3219 1969 3294; x_wconf 85' lang='grc' dir='ltr'>πρὸς</span> 
     </span>
    </p>
   </div>
   <div class='ocr_carea' id='block_1_65' title="bbox 2055 3203 3709 3298">
    <p class='ocr_par' dir='ltr' id='par_1_65' title="bbox 2055 3203 3709 3285">
     <span class='ocr_line' id='line_1_66' title="bbox 2055 3203 3709 3285; baseline 0.001 -12"><span class='ocrx_word' id='word_1_450' title='bbox 2055 3218 2339 3274; x_wconf 90' lang='lat' dir='ltr'><strong>creantur</strong></span> <span class='ocrx_word' id='word_1_451' title='bbox 2368 3230 2438 3273; x_wconf 87' lang='lat' dir='ltr'><strong>ex</strong></span> <span class='ocrx_word' id='word_1_452' title='bbox 2468 3209 2713 3272; x_wconf 90' lang='lat' dir='ltr'><strong>sobrino</strong></span> <span class='ocrx_word' id='word_1_453' title='bbox 2745 3218 2802 3272; x_wconf 91' lang='lat' dir='ltr'><strong>et</strong></span> <span class='ocrx_word' id='word_1_454' title='bbox 2831 3203 3101 3274; x_wconf 76' lang='lat' dir='ltr'><strong>subrina.</strong></span> <span class='ocrx_word' id='word_1_455' title='bbox 3163 3210 3318 3285; x_wconf 89' lang='lat' dir='ltr'><strong>Quid</strong></span> <span class='ocrx_word' id='word_1_456' title='bbox 3349 3203 3449 3275; x_wconf 68' lang='lat' dir='ltr'><strong>his</strong></span> <span class='ocrx_word' id='word_1_457' title='bbox 3471 3203 3709 3275; x_wconf 83' lang='lat' dir='ltr'><strong>rursum</strong></span> 
     </span>
    </p>
   </div>
   <div class='ocr_carea' id='block_1_66' title="bbox 319 3305 1970 3387">
    <p class='ocr_par' dir='ltr' id='par_1_66' title="bbox 319 3305 1970 3387">
     <span class='ocr_line' id='line_1_67' title="bbox 319 3305 1970 3387; baseline 0 -24"><span class='ocrx_word' id='word_1_458' title='bbox 319 3306 587 3377; x_wconf 79' lang='grc' dir='ltr'>ἀλλήλους</span> <span class='ocrx_word' id='word_1_459' title='bbox 644 3313 749 3364; x_wconf 80' lang='grc' dir='ltr'>τῶν</span> <span class='ocrx_word' id='word_1_460' title='bbox 790 3308 1044 3364; x_wconf 79' lang='grc' dir='ltr'>τοιούτων</span> <span class='ocrx_word' id='word_1_461' title='bbox 1104 3307 1402 3387; x_wconf 86' lang='grc' dir='ltr'>προσώπων</span> <span class='ocrx_word' id='word_1_462' title='bbox 1455 3307 1657 3385; x_wconf 83' lang='grc' dir='ltr'>γάμους</span> <span class='ocrx_word' id='word_1_463' title='bbox 1711 3305 1970 3364; x_wconf 86' lang='grc' dir='ltr'>ἀποκλει-</span> 
     </span>
    </p>
   </div>
   <div class='ocr_carea' id='block_1_67' title="bbox 320 3394 1970 3477">
    <p class='ocr_par' dir='ltr' id='par_1_67' title="bbox 320 3394 1970 3477">
     <span class='ocr_line' id='line_1_68' title="bbox 320 3394 1970 3477; baseline -0.001 -24"><span class='ocrx_word' id='word_1_464' title='bbox 320 3398 549 3472; x_wconf 88' lang='grc' dir='ltr'>σάντων,</span> <span class='ocrx_word' id='word_1_465' title='bbox 597 3403 864 3477; x_wconf 78' lang='grc' dir='ltr'>χωροῦσιν</span> <span class='ocrx_word' id='word_1_466' title='bbox 892 3400 1034 3454; x_wconf 83' lang='grc' dir='ltr'>οὗτοι</span> <span class='ocrx_word' id='word_1_467' title='bbox 1060 3395 1145 3454; x_wconf 79' lang='grc' dir='ltr'><strong>διὰ</strong></span> <span class='ocrx_word' id='word_1_468' title='bbox 1213 3397 1448 3471; x_wconf 81' lang='grc' dir='ltr'>πάντων,</span> <span class='ocrx_word' id='word_1_469' title='bbox 1508 3399 1598 3453; x_wconf 82' lang='grc' dir='ltr'>καὶ</span> <span class='ocrx_word' id='word_1_470' title='bbox 1638 3394 1970 3475; x_wconf 84' lang='grc' dir='ltr'>διαδίδονται,</span> 
     </span>
    </p>
   </div>
   <div class='ocr_carea' id='block_1_68' title="bbox 313 3483 1973 3568">
    <p class='ocr_par' dir='ltr' id='par_1_68' title="bbox 313 3483 1973 3568">
     <span class='ocr_line' id='line_1_69' title="bbox 313 3483 1973 3568; baseline -0.001 -25"><span class='ocrx_word' id='word_1_471' title='bbox 313 3492 423 3543; x_wconf 85' lang='grc' dir='ltr'><strong>τῶν</strong></span> <span class='ocrx_word' id='word_1_472' title='bbox 522 3487 832 3566; x_wconf 84' lang='grc' dir='ltr'>συγχύσεων</span> <span class='ocrx_word' id='word_1_473' title='bbox 930 3485 1083 3566; x_wconf 77' lang='grc' dir='ltr'>ὀλίγα</span> <span class='ocrx_word' id='word_1_474' title='bbox 1168 3486 1549 3568; x_wconf 80' lang='grc' dir='ltr'>φροντίζοντες.</span> <span class='ocrx_word' id='word_1_475' title='bbox 1639 3483 1804 3543; x_wconf 80' lang='grc' dir='ltr'>Ἀλλὰ</span> <span class='ocrx_word' id='word_1_476' title='bbox 1873 3488 1973 3565; x_wconf 82' lang='grc' dir='ltr'>γὰρ</span> 
     </span>
    </p>
   </div>
   <div class='ocr_carea' id='block_1_69' title="bbox 315 3573 1971 3656">
    <p class='ocr_par' dir='ltr' id='par_1_69' title="bbox 315 3573 1971 3656">
     <span class='ocr_line' id='line_1_70' title="bbox 315 3573 1971 3656; baseline -0.001 -24"><span class='ocrx_word' id='word_1_477' title='bbox 315 3575 496 3655; x_wconf 80' lang='grc' dir='ltr'>ὥσπερ</span> <span class='ocrx_word' id='word_1_478' title='bbox 531 3575 619 3643; x_wconf 67' lang='grc' dir='ltr'>ἐπὶ</span> <span class='ocrx_word' id='word_1_479' title='bbox 645 3580 753 3630; x_wconf 80' lang='grc' dir='ltr'>τῶν</span> <span class='ocrx_word' id='word_1_480' title='bbox 778 3574 839 3631; x_wconf 88' lang='grc' dir='ltr'><strong>ἐκ</strong></span> <span class='ocrx_word' id='word_1_481' title='bbox 907 3573 1132 3655; x_wconf 87' lang='grc' dir='ltr'>πλαγίου</span> <span class='ocrx_word' id='word_1_482' title='bbox 1199 3577 1362 3656; x_wconf 76' lang='grc' dir='ltr'>μέχρι</span> <span class='ocrx_word' id='word_1_483' title='bbox 1435 3583 1540 3633; x_wconf 84' lang='grc' dir='ltr'>τῶν</span> <span class='ocrx_word' id='word_1_484' title='bbox 1594 3573 1971 3655; x_wconf 79' lang='grc' dir='ltr'>δισεξαδέλφων</span> 
     </span>
    </p>
   </div>
   <div class='ocr_carea' id='block_1_70' title="bbox 315 3663 1972 3745">
    <p class='ocr_par' dir='ltr' id='par_1_70' title="bbox 315 3663 1972 3745">
     <span class='ocr_line' id='line_1_71' title="bbox 315 3663 1972 3745; baseline -0.001 -24"><span class='ocrx_word' id='word_1_485' title='bbox 315 3667 343 3721; x_wconf 89' lang='lat'><strong>6</strong></span> <span class='ocrx_word' id='word_1_486' title='bbox 376 3665 535 3741; x_wconf 77' lang='grc' dir='ltr'>νόμος</span> <span class='ocrx_word' id='word_1_487' title='bbox 565 3666 631 3721; x_wconf 84' lang='grc' dir='ltr'><strong>τά</strong></span> <span class='ocrx_word' id='word_1_488' title='bbox 660 3669 758 3732; x_wconf 80' lang='grc' dir='ltr'>τῆς</span> <span class='ocrx_word' id='word_1_489' title='bbox 813 3663 1092 3729; x_wconf 83' lang='grc' dir='ltr'>κωλύσεως</span> <span class='ocrx_word' id='word_1_490' title='bbox 1139 3667 1467 3745; x_wconf 81' lang='grc' dir='ltr'>ὁρισάμενος,</span> <span class='ocrx_word' id='word_1_491' title='bbox 1528 3666 1648 3729; x_wconf 77' lang='grc' dir='ltr'>τοὺς</span> <span class='ocrx_word' id='word_1_492' title='bbox 1678 3665 1972 3744; x_wconf 70' lang='grc' dir='ltr'>περαιτέρω</span> 
     </span>
    </p>
   </div>
   <div class='ocr_carea' id='block_1_71' title="bbox 317 3753 1974 3836">
    <p class='ocr_par' dir='ltr' id='par_1_71' title="bbox 317 3753 1974 3836">
     <span class='ocr_line' id='line_1_72' title="bbox 317 3753 1974 3836; baseline -0.001 -25"><span class='ocrx_word' id='word_1_493' title='bbox 317 3755 517 3812; x_wconf 87' lang='grc' dir='ltr'>τούτων</span> <span class='ocrx_word' id='word_1_494' title='bbox 561 3753 726 3819; x_wconf 80' lang='grc' dir='ltr'>ἀδεῶς</span> <span class='ocrx_word' id='word_1_495' title='bbox 781 3754 953 3836; x_wconf 75' lang='grc' dir='ltr'>ἀφῆκε</span> <span class='ocrx_word' id='word_1_496' title='bbox 1010 3753 1400 3831; x_wconf 82' lang='grc' dir='ltr'>συμπλέκεσθαι</span> <span class='ocrx_word' id='word_1_497' title='bbox 1431 3774 1446 3791; x_wconf 90' lang='grc'><strong>·</strong></span> <span class='ocrx_word' id='word_1_498' title='bbox 1509 3754 1674 3811; x_wconf 66' lang='grc' dir='ltr'>οὕτων</span> <span class='ocrx_word' id='word_1_499' title='bbox 1733 3753 1830 3833; x_wconf 71' lang='grc' dir='ltr'><strong>ἄρα</strong></span> <span class='ocrx_word' id='word_1_500' title='bbox 1886 3755 1974 3810; x_wconf 88' lang='grc' dir='ltr'><strong>καὶ</strong></span> 
     </span>
    </p>
   </div>
   <div class='ocr_carea' id='block_1_72' title="bbox 318 3842 1971 3925">
    <p class='ocr_par' dir='ltr' id='par_1_72' title="bbox 318 3842 1971 3925">
     <span class='ocr_line' id='line_1_73' title="bbox 318 3842 1971 3925; baseline -0.001 -25"><span class='ocrx_word' id='word_1_501' title='bbox 318 3846 385 3905; x_wconf 77' lang='grc' dir='ltr'>τὰ</span> <span class='ocrx_word' id='word_1_502' title='bbox 439 3842 491 3910; x_wconf 79' lang='grc' dir='ltr'>ἐξ</span> <span class='ocrx_word' id='word_1_503' title='bbox 548 3844 859 3925; x_wconf 72' lang='grc' dir='ltr'>ἀγχιστείας</span> <span class='ocrx_word' id='word_1_504' title='bbox 935 3843 1226 3910; x_wconf 77' lang='grc' dir='ltr'>καταλέξας</span> <span class='ocrx_word' id='word_1_505' title='bbox 1299 3843 1613 3920; x_wconf 83' lang='grc' dir='ltr'>κωλυόμενοι</span> <span class='ocrx_word' id='word_1_506' title='bbox 1690 3844 1971 3924; x_wconf 76' lang='grc' dir='ltr'><strong>πρόσωπα⁹</strong></span> 
     </span>
    </p>
   </div>
   <div class='ocr_carea' id='block_1_73' title="bbox 317 3933 1975 4014">
    <p class='ocr_par' dir='ltr' id='par_1_73' title="bbox 317 3933 1975 4014">
     <span class='ocr_line' id='line_1_74' title="bbox 317 3933 1975 4014; baseline 0.001 -25"><span class='ocrx_word' id='word_1_507' title='bbox 317 3934 405 3989; x_wconf 83' lang='grc' dir='ltr'><strong>καὶ</strong></span> <span class='ocrx_word' id='word_1_508' title='bbox 458 3935 660 3999; x_wconf 78' lang='grc' dir='ltr'>τούτοις</span> <span class='ocrx_word' id='word_1_509' title='bbox 718 3935 814 4002; x_wconf 87' lang='grc' dir='ltr'><strong>τὴν</strong></span> <span class='ocrx_word' id='word_1_510' title='bbox 913 3934 1268 4014; x_wconf 83' lang='grc' dir='ltr'>ἀπαρίθμησιν</span> <span class='ocrx_word' id='word_1_511' title='bbox 1381 3935 1573 3990; x_wconf 86' lang='grc' dir='ltr'>ὡσανεί</span> <span class='ocrx_word' id='word_1_512' title='bbox 1621 3955 1739 3989; x_wconf 86' lang='grc' dir='ltr'>τινα</span> <span class='ocrx_word' id='word_1_513' title='bbox 1797 3933 1975 4013; x_wconf 73' lang='grc' dir='ltr'>τειχία</span> 
     </span>
    </p>
   </div>
   <div class='ocr_carea' id='block_1_74' title="bbox 320 4021 1970 4102">
    <p class='ocr_par' dir='ltr' id='par_1_74' title="bbox 320 4021 1970 4102">
     <span class='ocr_line' id='line_1_75' title="bbox 320 4021 1970 4102; baseline 0.001 -25"><span class='ocrx_word' id='word_1_514' title='bbox 320 4024 403 4079; x_wconf 68' lang='grc' dir='ltr'><strong>καὶ</strong></span> <span class='ocrx_word' id='word_1_515' title='bbox 432 4021 583 4102; x_wconf 83' lang='grc' dir='ltr'>ὅρους</span> <span class='ocrx_word' id='word_1_516' title='bbox 608 4022 850 4099; x_wconf 81' lang='grc' dir='ltr'>θέμενος,</span> <span class='ocrx_word' id='word_1_517' title='bbox 911 4025 1009 4091; x_wconf 83' lang='grc' dir='ltr'><strong>τὴν</strong></span> <span class='ocrx_word' id='word_1_518' title='bbox 1068 4024 1306 4102; x_wconf 86' lang='grc' dir='ltr'>γαμικὴν</span> <span class='ocrx_word' id='word_1_519' title='bbox 1362 4022 1571 4099; x_wconf 83' lang='grc' dir='ltr'>ὁμιλίαν</span> <span class='ocrx_word' id='word_1_520' title='bbox 1637 4035 1756 4087; x_wconf 75' lang='grc' dir='ltr'>τοῖς</span> <span class='ocrx_word' id='word_1_521' title='bbox 1787 4021 1970 4087; x_wconf 75' lang='grc' dir='ltr'>ἄλλοις</span> 
     </span>
    </p>
   </div>
   <div class='ocr_carea' id='block_1_75' title="bbox 316 4111 1968 4192">
    <p class='ocr_par' dir='ltr' id='par_1_75' title="bbox 316 4111 1968 4192">
     <span class='ocr_line' id='line_1_76' title="bbox 316 4111 1968 4192; baseline -0.001 -23"><span class='ocrx_word' id='word_1_522' title='bbox 316 4111 625 4192; x_wconf 79' lang='grc' dir='ltr'>ἐπέτρεψεν,</span> <span class='ocrx_word' id='word_1_523' title='bbox 685 4115 783 4175; x_wconf 84' lang='grc' dir='ltr'><strong>Οἷς</strong></span> <span class='ocrx_word' id='word_1_524' title='bbox 856 4115 884 4169; x_wconf 88' lang='lat'><strong>6</strong></span> <span class='ocrx_word' id='word_1_525' title='bbox 981 4113 1418 4189; x_wconf 81' lang='grc' dir='ltr'>ἀντινομοθετῶν,</span> <span class='ocrx_word' id='word_1_526' title='bbox 1506 4114 1594 4170; x_wconf 87' lang='grc' dir='ltr'><strong>καὶ</strong></span> <span class='ocrx_word' id='word_1_527' title='bbox 1688 4114 1754 4168; x_wconf 82' lang='grc' dir='ltr'>τὰ</span> <span class='ocrx_word' id='word_1_528' title='bbox 1839 4112 1968 4192; x_wconf 87' lang='grc' dir='ltr'>γένη</span> 
     </span>
    </p>
   </div>
   <div class='ocr_carea' id='block_1_76' title="bbox 315 4199 1968 4281">
    <p class='ocr_par' dir='ltr' id='par_1_76' title="bbox 315 4199 1968 4281">
     <span class='ocr_line' id='line_1_77' title="bbox 315 4199 1968 4281; baseline -0.001 -22"><span class='ocrx_word' id='word_1_529' title='bbox 315 4199 595 4280; x_wconf 78' lang='grc' dir='ltr'>προδήλως</span> <span class='ocrx_word' id='word_1_530' title='bbox 625 4199 841 4275; x_wconf 77' lang='grc' dir='ltr'>ἀδικῶν,</span> <span class='ocrx_word' id='word_1_531' title='bbox 877 4200 1066 4269; x_wconf 84' lang='grc' dir='ltr'>λέληθε</span> <span class='ocrx_word' id='word_1_532' title='bbox 1124 4199 1293 4272; x_wconf 83' lang='grc' dir='ltr'>δήπου</span> <span class='ocrx_word' id='word_1_533' title='bbox 1348 4200 1533 4276; x_wconf 87' lang='grc' dir='ltr'>πολλῷ</span> <span class='ocrx_word' id='word_1_534' title='bbox 1588 4200 1838 4281; x_wconf 84' lang='grc' dir='ltr'>πρότερον</span> <span class='ocrx_word' id='word_1_535' title='bbox 1882 4203 1968 4257; x_wconf 82' lang='grc' dir='ltr'>καὶ</span> 
     </span>
    </p>
   </div>
   <div class='ocr_carea' id='block_1_77' title="bbox 317 4290 1967 4373">
    <p class='ocr_par' dir='ltr' id='par_1_77' title="bbox 317 4290 1967 4373">
     <span class='ocr_line' id='line_1_78' title="bbox 317 4290 1967 4373; baseline -0.001 -25"><span class='ocrx_word' id='word_1_536' title='bbox 317 4293 504 4356; x_wconf 74' lang='grc' dir='ltr'>αὐτοὺς</span> <span class='ocrx_word' id='word_1_537' title='bbox 533 4291 623 4349; x_wconf 78' lang='grc' dir='ltr'><strong>ὑπ’</strong></span> <span class='ocrx_word' id='word_1_538' title='bbox 666 4293 880 4360; x_wconf 81' lang='grc' dir='ltr'>εὐθύνην</span> <span class='ocrx_word' id='word_1_539' title='bbox 939 4292 1086 4373; x_wconf 72' lang='grc' dir='ltr'>ἄγων</span> <span class='ocrx_word' id='word_1_540' title='bbox 1143 4294 1264 4358; x_wconf 78' lang='grc' dir='ltr'>τοὺς</span> <span class='ocrx_word' id='word_1_541' title='bbox 1323 4290 1635 4372; x_wconf 78' lang='grc' dir='ltr'>παριδόντας</span> <span class='ocrx_word' id='word_1_542' title='bbox 1691 4293 1763 4356; x_wconf 81' lang='grc' dir='ltr'>εἷς</span> <span class='ocrx_word' id='word_1_543' title='bbox 1821 4290 1967 4369; x_wconf 68' lang='grc' dir='ltr'>δεῦρο</span> 
     </span>
    </p>
   </div>
   <div class='ocr_carea' id='block_1_78' title="bbox 316 4380 1965 4462">
    <p class='ocr_par' dir='ltr' id='par_1_78' title="bbox 316 4380 1965 4462">
     <span class='ocr_line' id='line_1_79' title="bbox 316 4380 1965 4462; baseline -0.001 -23"><span class='ocrx_word' id='word_1_544' title='bbox 316 4383 383 4439; x_wconf 75' lang='grc' dir='ltr'>τὰ</span> <span class='ocrx_word' id='word_1_545' title='bbox 425 4394 641 4441; x_wconf 78' lang='grc' dir='ltr'>τοιαῦτα</span> <span class='ocrx_word' id='word_1_546' title='bbox 712 4382 877 4446; x_wconf 84' lang='grc' dir='ltr'>θείους</span> <span class='ocrx_word' id='word_1_547' title='bbox 925 4382 1160 4462; x_wconf 88' lang='grc' dir='ltr'>Πατέρας</span> <span class='ocrx_word' id='word_1_548' title='bbox 1232 4383 1319 4439; x_wconf 89' lang='grc' dir='ltr'><strong>καὶ</strong></span> <span class='ocrx_word' id='word_1_549' title='bbox 1375 4382 1734 4462; x_wconf 74' lang='grc' dir='ltr'>πατριάρχας.</span> <span class='ocrx_word' id='word_1_550' title='bbox 1793 4380 1861 4439; x_wconf 70' lang='grc' dir='ltr'><strong>Οἵ</strong></span> <span class='ocrx_word' id='word_1_551' title='bbox 1906 4403 1965 4460; x_wconf 88' lang='grc' dir='ltr'><strong>γε</strong></span> 
     </span>
    </p>
   </div>
   <div class='ocr_carea' id='block_1_79' title="bbox 2055 3298 3711 3381">
    <p class='ocr_par' dir='ltr' id='par_1_79' title="bbox 2055 3298 3711 3381">
     <span class='ocr_line' id='line_1_80' title="bbox 2055 3298 3711 3381; baseline 0.001 -20"><span class='ocrx_word' id='word_1_552' title='bbox 2055 3299 2392 3362; x_wconf 82' lang='lat' dir='ltr'><strong>confusioni</strong></span> <span class='ocrx_word' id='word_1_553' title='bbox 2416 3299 2657 3381; x_wconf 90' lang='lat' dir='ltr'><strong>propius</strong></span> <span class='ocrx_word' id='word_1_554' title='bbox 2675 3298 2699 3363; x_wconf 87' lang='lat'><strong>?</strong></span> <span class='ocrx_word' id='word_1_555' title='bbox 2717 3300 3047 3381; x_wconf 84' lang='lat' dir='ltr'><strong>Legislator</strong></span> <span class='ocrx_word' id='word_1_556' title='bbox 3069 3309 3269 3364; x_wconf 88' lang='lat' dir='ltr'><strong>tamen</strong></span> <span class='ocrx_word' id='word_1_557' title='bbox 3290 3302 3567 3364; x_wconf 87' lang='lat' dir='ltr'><strong>eumdem</strong></span> <span class='ocrx_word' id='word_1_558' title='bbox 3586 3311 3711 3366; x_wconf 87' lang='lat' dir='ltr'><strong>tum</strong></span> 
     </span>
    </p>
   </div>
   <div class='ocr_carea' id='block_1_80' title="bbox 2056 3389 3719 3472">
    <p class='ocr_par' dir='ltr' id='par_1_80' title="bbox 2056 3389 3719 3472">
     <span class='ocr_line' id='line_1_81' title="bbox 2056 3389 3719 3472; baseline 0.001 -21"><span class='ocrx_word' id='word_1_559' title='bbox 2056 3408 2331 3451; x_wconf 89' lang='lat' dir='ltr'><strong>socerum</strong></span> <span class='ocrx_word' id='word_1_560' title='bbox 2380 3389 2713 3465; x_wconf 88' lang='lat' dir='ltr'><strong>nominare,</strong></span> <span class='ocrx_word' id='word_1_561' title='bbox 2769 3396 2909 3450; x_wconf 86' lang='lat' dir='ltr'><strong>tum‘</strong></span> <span class='ocrx_word' id='word_1_562' title='bbox 2944 3390 3238 3452; x_wconf 90' lang='lat' dir='ltr'><strong>minorem</strong></span> <span class='ocrx_word' id='word_1_563' title='bbox 3295 3399 3607 3472; x_wconf 72' lang='lat' dir='ltr'><strong>patruum,</strong></span> <span class='ocrx_word' id='word_1_564' title='bbox 3657 3397 3719 3453; x_wconf 86' lang='lat' dir='ltr'><strong>et</strong></span> 
     </span>
    </p>
   </div>
   <div class='ocr_carea' id='block_1_81' title="bbox 2056 3476 3712 3563">
    <p class='ocr_par' dir='ltr' id='par_1_81' title="bbox 2056 3476 3712 3563">
     <span class='ocr_line' id='line_1_82' title="bbox 2056 3476 3712 3563; baseline 0.002 -23"><span class='ocrx_word' id='word_1_565' title='bbox 2056 3479 2402 3541; x_wconf 90' lang='lat' dir='ltr'><strong>conditione</strong></span> <span class='ocrx_word' id='word_1_566' title='bbox 2431 3476 2681 3561; x_wconf 87' lang='lat' dir='ltr'><strong>impleta</strong></span> <span class='ocrx_word' id='word_1_567' title='bbox 2711 3477 3009 3541; x_wconf 86' lang='lat' dir='ltr'><strong>baeredem</strong></span> <span class='ocrx_word' id='word_1_568' title='bbox 3060 3479 3191 3560; x_wconf 89' lang='lat' dir='ltr'><strong>ejus</strong></span> <span class='ocrx_word' id='word_1_569' title='bbox 3219 3480 3443 3558; x_wconf 89' lang='lat' dir='ltr'><strong>facere,</strong></span> <span class='ocrx_word' id='word_1_570' title='bbox 3479 3498 3712 3563; x_wconf 87' lang='lat' dir='ltr'><strong>nequa-</strong></span> 
     </span>
    </p>
   </div>
   <div class='ocr_carea' id='block_1_82' title="bbox 2054 3568 3712 3649">
    <p class='ocr_par' dir='ltr' id='par_1_82' title="bbox 2054 3568 3712 3649">
     <span class='ocr_line' id='line_1_83' title="bbox 2054 3568 3712 3649; baseline 0.002 -20"><span class='ocrx_word' id='word_1_571' title='bbox 2054 3586 2231 3649; x_wconf 90' lang='lat' dir='ltr'><strong>quam</strong></span> <span class='ocrx_word' id='word_1_572' title='bbox 2293 3568 2516 3649; x_wconf 90' lang='lat' dir='ltr'><strong>putavit</strong></span> <span class='ocrx_word' id='word_1_573' title='bbox 2569 3586 2702 3630; x_wconf 92' lang='lat' dir='ltr'><strong>esse</strong></span> <span class='ocrx_word' id='word_1_574' title='bbox 2758 3568 3197 3631; x_wconf 88' lang='lat' dir='ltr'><strong>confusionem.</strong></span> <span class='ocrx_word' id='word_1_575' title='bbox 3247 3568 3647 3642; x_wconf 82' lang='lat' dir='ltr'><strong>Quamobrem</strong></span> <span class='ocrx_word' id='word_1_576' title='bbox 3680 3571 3712 3633; x_wconf 86' lang='lat'><strong>?</strong></span> 
     </span>
    </p>
   </div>
   <div class='ocr_carea' id='block_1_83' title="bbox 2056 3656 3715 3738">
    <p class='ocr_par' dir='ltr' id='par_1_83' title="bbox 2056 3656 3715 3738">
     <span class='ocr_line' id='line_1_84' title="bbox 2056 3656 3715 3738; baseline 0.003 -20"><span class='ocrx_word' id='word_1_577' title='bbox 2056 3657 2333 3738; x_wconf 90' lang='lat' dir='ltr'><strong>quoniam</strong></span> <span class='ocrx_word' id='word_1_578' title='bbox 2366 3656 2506 3719; x_wconf 89' lang='lat' dir='ltr'><strong>huic</strong></span> <span class='ocrx_word' id='word_1_579' title='bbox 2563 3657 2652 3719; x_wconf 91' lang='lat' dir='ltr'><strong>rei</strong></span> <span class='ocrx_word' id='word_1_580' title='bbox 2704 3656 2857 3719; x_wconf 91' lang='lat' dir='ltr'><strong>nihil</strong></span> <span class='ocrx_word' id='word_1_581' title='bbox 2905 3658 3153 3719; x_wconf 87' lang='lat' dir='ltr'><strong>omnino</strong></span> <span class='ocrx_word' id='word_1_582' title='bbox 3212 3658 3437 3720; x_wconf 85' lang='lat' dir='ltr'><strong>illicili&#39;</strong></span> <span class='ocrx_word' id='word_1_583' title='bbox 3470 3659 3715 3723; x_wconf 83' lang='lat' dir='ltr'><strong>videbat</strong></span> 
     </span>
    </p>
   </div>
   <div class='ocr_carea' id='block_1_84' title="bbox 2054 3746 3714 3824">
    <p class='ocr_par' dir='ltr' id='par_1_84' title="bbox 2054 3746 3714 3824">
     <span class='ocr_line' id='line_1_85' title="bbox 2054 3746 3714 3824; baseline 0.002 -17"><span class='ocrx_word' id='word_1_584' title='bbox 2054 3746 2278 3808; x_wconf 90' lang='lat' dir='ltr'><strong>inesse.</strong></span> <span class='ocrx_word' id='word_1_585' title='bbox 2306 3746 2432 3819; x_wconf 92' lang='lat' dir='ltr'><strong>Quo</strong></span> <span class='ocrx_word' id='word_1_586' title='bbox 2461 3748 2547 3821; x_wconf 79' lang='lat' dir='ltr'><strong>ﬁt,</strong></span> <span class='ocrx_word' id='word_1_587' title='bbox 2585 3754 2648 3806; x_wconf 90' lang='lat' dir='ltr'><strong>ut</strong></span> <span class='ocrx_word' id='word_1_588' title='bbox 2676 3764 2811 3807; x_wconf 92' lang='lat' dir='ltr'><strong>cum</strong></span> <span class='ocrx_word' id='word_1_589' title='bbox 2866 3746 3066 3807; x_wconf 89' lang='lat' dir='ltr'><strong>nullus</strong></span> <span class='ocrx_word' id='word_1_590' title='bbox 3113 3763 3375 3824; x_wconf 90' lang='lat' dir='ltr'><strong>unquam</strong></span> <span class='ocrx_word' id='word_1_591' title='bbox 3407 3765 3580 3810; x_wconf 88' lang='lat' dir='ltr'><strong>sacer</strong></span> <span class='ocrx_word' id='word_1_592' title='bbox 3608 3767 3714 3810; x_wconf 89' lang='lat' dir='ltr'><strong>ca-</strong></span> 
     </span>
    </p>
   </div>
   <div class='ocr_carea' id='block_1_85' title="bbox 2059 3834 3713 3917">
    <p class='ocr_par' dir='ltr' id='par_1_85' title="bbox 2059 3834 3713 3917">
     <span class='ocr_line' id='line_1_86' title="bbox 2059 3834 3713 3917; baseline 0.002 -21"><span class='ocrx_word' id='word_1_593' title='bbox 2059 3853 2202 3916; x_wconf 92' lang='lat' dir='ltr'><strong>non,</strong></span> <span class='ocrx_word' id='word_1_594' title='bbox 2233 3843 2332 3897; x_wconf 88' lang='lat' dir='ltr'><strong>aut</strong></span> <span class='ocrx_word' id='word_1_595' title='bbox 2362 3836 2455 3897; x_wconf 90' lang='lat' dir='ltr'><strong>lex</strong></span> <span class='ocrx_word' id='word_1_596' title='bbox 2485 3835 2682 3915; x_wconf 89' lang='lat' dir='ltr'><strong>aliqua</strong></span> <span class='ocrx_word' id='word_1_597' title='bbox 2711 3850 2888 3915; x_wconf 90' lang='lat' dir='ltr'><strong>nova,</strong></span> <span class='ocrx_word' id='word_1_598' title='bbox 2919 3834 3160 3915; x_wconf 81' lang='lat' dir='ltr'><strong>nuptias</strong></span> <span class='ocrx_word' id='word_1_599' title='bbox 3210 3835 3372 3896; x_wconf 86' lang='lat' dir='ltr'><strong>inter</strong></span> <span class='ocrx_word' id='word_1_600' title='bbox 3423 3853 3713 3917; x_wconf 86' lang='lat' dir='ltr'><strong>personas</strong></span> 
     </span>
    </p>
   </div>
   <div class='ocr_carea' id='block_1_86' title="bbox 2058 3922 3716 4006">
    <p class='ocr_par' dir='ltr' id='par_1_86' title="bbox 2058 3922 3716 4006">
     <span class='ocr_line' id='line_1_87' title="bbox 2058 3922 3716 4006; baseline 0.001 -21"><span class='ocrx_word' id='word_1_601' title='bbox 2058 3923 2400 4003; x_wconf 90' lang='lat' dir='ltr'><strong>hujusmodi</strong></span> <span class='ocrx_word' id='word_1_602' title='bbox 2456 3930 2790 3985; x_wconf 90' lang='lat' dir='ltr'><strong>contractas</strong></span> <span class='ocrx_word' id='word_1_603' title='bbox 2833 3922 3199 3986; x_wconf 85' lang='lat' dir='ltr'><strong>excluserint</strong></span> <span class='ocrx_word' id='word_1_604' title='bbox 3234 3970 3250 4000; x_wconf 90' lang='lat'><strong>,</strong></span> <span class='ocrx_word' id='word_1_605' title='bbox 3281 3923 3345 3985; x_wconf 91' lang='lat' dir='ltr'><strong>hi</strong></span> <span class='ocrx_word' id='word_1_606' title='bbox 3374 3931 3571 3986; x_wconf 90' lang='lat' dir='ltr'><strong>tamen</strong></span> <span class='ocrx_word' id='word_1_607' title='bbox 3605 3943 3716 4006; x_wconf 91' lang='lat' dir='ltr'><strong>per</strong></span> 
     </span>
    </p>
   </div>
   <div class='ocr_carea' id='block_1_87' title="bbox 2055 4013 3711 4094">
    <p class='ocr_par' dir='ltr' id='par_1_87' title="bbox 2055 4013 3711 4094">
     <span class='ocr_line' id='line_1_88' title="bbox 2055 4013 3711 4094; baseline 0 -18"><span class='ocrx_word' id='word_1_608' title='bbox 2055 4014 2256 4076; x_wconf 89' lang='lat' dir='ltr'><strong>omnia</strong></span> <span class='ocrx_word' id='word_1_609' title='bbox 2284 4021 2475 4076; x_wconf 90' lang='lat' dir='ltr'><strong>semet</strong></span> <span class='ocrx_word' id='word_1_610' title='bbox 2503 4013 2780 4092; x_wconf 89' lang='lat' dir='ltr'><strong>ingerant</strong></span> <span class='ocrx_word' id='word_1_611' title='bbox 2806 4031 2875 4074; x_wconf 87' lang='lat' dir='ltr'><strong>ac</strong></span> <span class='ocrx_word' id='word_1_612' title='bbox 2924 4020 3210 4091; x_wconf 87' lang='lat' dir='ltr'><strong>vagentur</strong></span> <span class='ocrx_word' id='word_1_613' title='bbox 3262 4031 3380 4074; x_wconf 91' lang='lat' dir='ltr'><strong>non</strong></span> <span class='ocrx_word' id='word_1_614' title='bbox 3434 4031 3711 4094; x_wconf 84' lang='lat' dir='ltr'><strong>magnam</strong></span> 
     </span>
    </p>
   </div>
   <div class='ocr_carea' id='block_1_88' title="bbox 2052 4100 3716 4185">
    <p class='ocr_par' dir='ltr' id='par_1_88' title="bbox 2052 4100 3716 4185">
     <span class='ocr_line' id='line_1_89' title="bbox 2052 4100 3716 4185; baseline 0 -19"><span class='ocrx_word' id='word_1_615' title='bbox 2052 4103 2469 4167; x_wconf 88' lang='lat' dir='ltr'><strong>confusionum</strong></span> <span class='ocrx_word' id='word_1_616' title='bbox 2502 4103 2795 4164; x_wconf 90' lang='lat' dir='ltr'><strong>rationem</strong></span> <span class='ocrx_word' id='word_1_617' title='bbox 2855 4100 3167 4165; x_wconf 89' lang='lat' dir='ltr'><strong>habentes.</strong></span> <span class='ocrx_word' id='word_1_618' title='bbox 3219 4100 3507 4165; x_wconf 91' lang='lat' dir='ltr'><strong>Sedenim</strong></span> <span class='ocrx_word' id='word_1_619' title='bbox 3566 4121 3716 4185; x_wconf 86' lang='lat' dir='ltr'><strong>que-</strong></span> 
     </span>
    </p>
   </div>
   <div class='ocr_carea' id='block_1_89' title="bbox 2056 4190 3709 4275">
    <p class='ocr_par' dir='ltr' id='par_1_89' title="bbox 2056 4190 3709 4275">
     <span class='ocr_line' id='line_1_90' title="bbox 2056 4190 3709 4275; baseline 0 -21"><span class='ocrx_word' id='word_1_620' title='bbox 2056 4194 2437 4256; x_wconf 87' lang='lat' dir='ltr'><strong>madmodum</strong></span> <span class='ocrx_word' id='word_1_621' title='bbox 2487 4192 2549 4254; x_wconf 91' lang='lat' dir='ltr'><strong>in</strong></span> <span class='ocrx_word' id='word_1_622' title='bbox 2580 4192 2678 4272; x_wconf 79' lang='lat' dir='ltr'><strong>iis,</strong></span> <span class='ocrx_word' id='word_1_623' title='bbox 2711 4190 2814 4272; x_wconf 91' lang='lat' dir='ltr'><strong>qui</strong></span> <span class='ocrx_word' id='word_1_624' title='bbox 2844 4198 2982 4252; x_wconf 87' lang='lat' dir='ltr'><strong>sunt</strong></span> <span class='ocrx_word' id='word_1_625' title='bbox 3011 4208 3081 4253; x_wconf 85' lang='lat' dir='ltr'><strong>ex</strong></span> <span class='ocrx_word' id='word_1_626' title='bbox 3107 4198 3466 4275; x_wconf 89' lang='lat' dir='ltr'><strong>transverso,</strong></span> <span class='ocrx_word' id='word_1_627' title='bbox 3497 4192 3573 4255; x_wconf 88' lang='lat' dir='ltr'><strong>ad</strong></span> <span class='ocrx_word' id='word_1_628' title='bbox 3604 4210 3709 4256; x_wconf 92' lang='lat' dir='ltr'><strong>so-</strong></span> 
     </span>
    </p>
   </div>
   <div class='ocr_carea' id='block_1_90' title="bbox 2053 4280 3713 4364">
    <p class='ocr_par' dir='ltr' id='par_1_90' title="bbox 2053 4280 3713 4364">
     <span class='ocr_line' id='line_1_91' title="bbox 2053 4280 3713 4364; baseline 0 -20"><span class='ocrx_word' id='word_1_629' title='bbox 2053 4283 2258 4344; x_wconf 87' lang='lat' dir='ltr'><strong>brinos</strong></span> <span class='ocrx_word' id='word_1_630' title='bbox 2288 4300 2473 4364; x_wconf 91' lang='lat' dir='ltr'><strong>usque</strong></span> <span class='ocrx_word' id='word_1_631' title='bbox 2502 4280 2751 4343; x_wconf 82' lang='lat' dir='ltr'><strong>definita</strong></span> <span class='ocrx_word' id='word_1_632' title='bbox 2783 4280 3214 4361; x_wconf 89' lang='lat' dir='ltr'><strong>prohibitione,</strong></span> <span class='ocrx_word' id='word_1_633' title='bbox 3274 4281 3713 4346; x_wconf 87' lang='lat' dir='ltr'><strong>remotioribus</strong></span> 
     </span>
    </p>
   </div>
   <div class='ocr_carea' id='block_1_91' title="bbox 2051 4373 3710 4454">
    <p class='ocr_par' dir='ltr' id='par_1_91' title="bbox 2051 4373 3710 4454">
     <span class='ocr_line' id='line_1_92' title="bbox 2051 4373 3710 4454; baseline 0 -16"><span class='ocrx_word' id='word_1_634' title='bbox 2051 4375 2241 4438; x_wconf 89' lang='lat' dir='ltr'><strong>libere</strong></span> <span class='ocrx_word' id='word_1_635' title='bbox 2271 4373 2526 4437; x_wconf 90' lang='lat' dir='ltr'><strong>coeundi</strong></span> <span class='ocrx_word' id='word_1_636' title='bbox 2560 4380 2910 4454; x_wconf 88' lang='lat' dir='ltr'><strong>potestatem</strong></span> <span class='ocrx_word' id='word_1_637' title='bbox 2936 4373 3031 4435; x_wconf 89' lang='lat' dir='ltr'><strong>lex</strong></span> <span class='ocrx_word' id='word_1_638' title='bbox 3064 4374 3205 4437; x_wconf 88' lang='lat' dir='ltr'><strong>fecit</strong></span> <span class='ocrx_word' id='word_1_639' title='bbox 3231 4394 3246 4438; x_wconf 88' lang='lat'><strong>:</strong></span> <span class='ocrx_word' id='word_1_640' title='bbox 3282 4376 3369 4437; x_wconf 92' lang='lat' dir='ltr'><strong>sic</strong></span> <span class='ocrx_word' id='word_1_641' title='bbox 3394 4376 3572 4438; x_wconf 89' lang='lat' dir='ltr'><strong>etiam</strong></span> <span class='ocrx_word' id='word_1_642' title='bbox 3603 4394 3710 4438; x_wconf 92' lang='lat' dir='ltr'><strong>re-</strong></span> 
     </span>
    </p>
   </div>
   <div class='ocr_carea' id='block_1_92' title="bbox 316 4463 1971 4548">
    <p class='ocr_par' dir='ltr' id='par_1_92' title="bbox 316 4469 1965 4548">
     <span class='ocr_line' id='line_1_93' title="bbox 316 4469 1965 4548; baseline -0.002 -19"><span class='ocrx_word' id='word_1_643' title='bbox 316 4475 405 4529; x_wconf 83' lang='grc' dir='ltr'><strong>καὶ</strong></span> <span class='ocrx_word' id='word_1_644' title='bbox 460 4470 849 4529; x_wconf 84' lang='grc' dir='ltr'>κινδυνεύσουσι</span> <span class='ocrx_word' id='word_1_645' title='bbox 908 4472 1120 4535; x_wconf 81' lang='grc' dir='ltr'>πάντως</span> <span class='ocrx_word' id='word_1_646' title='bbox 1163 4473 1223 4528; x_wconf 84' lang='grc' dir='ltr'>τὸ</span> <span class='ocrx_word' id='word_1_647' title='bbox 1275 4469 1390 4529; x_wconf 81' lang='grc' dir='ltr'>κατ’</span> <span class='ocrx_word' id='word_1_648' title='bbox 1435 4473 1645 4542; x_wconf 61' lang='grc' dir='ltr'>αὖτοὺς,</span> <span class='ocrx_word' id='word_1_649' title='bbox 1706 4470 1965 4548; x_wconf 66' lang='grc' dir='ltr'>ἀπείρατοι</span> 
     </span>
    </p>
   </div>
   <div class='ocr_carea' id='block_1_93' title="bbox 2055 4463 3712 4548">
    <p class='ocr_par' dir='ltr' id='par_1_93' title="bbox 2055 4463 3712 4547">
     <span class='ocr_line' id='line_1_94' title="bbox 2055 4463 3712 4547; baseline -0.002 -17"><span class='ocrx_word' id='word_1_650' title='bbox 2055 4466 2299 4530; x_wconf 84' lang='lat' dir='ltr'><strong>censitis</strong></span> <span class='ocrx_word' id='word_1_651' title='bbox 2322 4467 2595 4547; x_wconf 89' lang='lat' dir='ltr'><strong>personis</strong></span> <span class='ocrx_word' id='word_1_652' title='bbox 2617 4463 2849 4525; x_wconf 90' lang='lat' dir='ltr'><strong>ratione</strong></span> <span class='ocrx_word' id='word_1_653' title='bbox 2873 4463 3179 4527; x_wconf 87' lang='lat' dir='ltr'><strong>affinitatis</strong></span> <span class='ocrx_word' id='word_1_654' title='bbox 3197 4465 3712 4546; x_wconf 86' lang='lat' dir='ltr'><strong>prohibitis,hanc</strong></span> 
     </span>
    </p>
   </div>
   <div class='ocr_carea' id='block_1_94' title="bbox 316 4560 1972 4640">
    <p class='ocr_par' dir='ltr' id='par_1_94' title="bbox 316 4560 1972 4640">
     <span class='ocr_line' id='line_1_95' title="bbox 316 4560 1972 4640; baseline 0.001 -22"><span class='ocrx_word' id='word_1_655' title='bbox 316 4560 577 4640; x_wconf 85' lang='grc' dir='ltr'>γενέσθαι,</span> <span class='ocrx_word' id='word_1_656' title='bbox 649 4562 737 4617; x_wconf 84' lang='grc' dir='ltr'><strong>καὶ</strong></span> <span class='ocrx_word' id='word_1_657' title='bbox 787 4565 885 4630; x_wconf 82' lang='grc' dir='ltr'>τῆς</span> <span class='ocrx_word' id='word_1_658' title='bbox 959 4561 1280 4640; x_wconf 72' lang='grc' dir='ltr'>Ἐκκλησίας</span> <span class='ocrx_word' id='word_1_659' title='bbox 1363 4560 1698 4635; x_wconf 85' lang='grc' dir='ltr'>ἐκκήρυκτοι,</span> <span class='ocrx_word' id='word_1_660' title='bbox 1786 4562 1830 4616; x_wconf 77' lang='grc' dir='ltr'>εἷ</span> <span class='ocrx_word' id='word_1_661' title='bbox 1885 4566 1972 4621; x_wconf 82' lang='grc' dir='ltr'>καὶ</span> 
     </span>
    </p>
   </div>
   <div class='ocr_carea' id='block_1_95' title="bbox 318 4636 1972 4732">
    <p class='ocr_par' dir='ltr' id='par_1_95' title="bbox 318 4636 1972 4732">
     <span class='ocr_line' id='line_1_96' title="bbox 318 4636 1972 4732; baseline -0.001 -25"><span class='ocrx_word' id='word_1_662' title='bbox 318 4636 611 4732; x_wconf 64' lang='grc' dir='ltr'>ιρωττήρων</span> <span class='ocrx_word' id='word_1_663' title='bbox 652 4648 803 4718; x_wconf 86' lang='grc' dir='ltr'>δίκην</span> <span class='ocrx_word' id='word_1_664' title='bbox 846 4649 1171 4727; x_wconf 77' lang='grc' dir='ltr'>ἐξέλαμψαν.</span> <span class='ocrx_word' id='word_1_665' title='bbox 1218 4636 1311 4708; x_wconf 54' lang='grc' dir='ltr'><strong>’Ἑρ</strong></span> <span class='ocrx_word' id='word_1_666' title='bbox 1363 4649 1448 4707; x_wconf 82' lang='grc' dir='ltr'><strong>ἐπὶ</strong></span> <span class='ocrx_word' id='word_1_667' title='bbox 1517 4651 1722 4715; x_wconf 85' lang='grc' dir='ltr'>τούσοις</span> <span class='ocrx_word' id='word_1_668' title='bbox 1754 4648 1972 4731; x_wconf 74' lang='grc' dir='ltr'>ἐροῦμεν</span> 
     </span>
    </p>
   </div>
   <div class='ocr_carea' id='block_1_96' title="bbox 318 4740 1970 4821">
    <p class='ocr_par' dir='ltr' id='par_1_96' title="bbox 318 4740 1970 4821">
     <span class='ocr_line' id='line_1_97' title="bbox 318 4740 1970 4821; baseline 0 -24"><span class='ocrx_word' id='word_1_669' title='bbox 318 4742 406 4797; x_wconf 87' lang='grc' dir='ltr'><strong>καὶ</strong></span> <span class='ocrx_word' id='word_1_670' title='bbox 472 4742 751 4816; x_wconf 84' lang='grc' dir='ltr'>σύντομον.</span> <span class='ocrx_word' id='word_1_671' title='bbox 825 4742 885 4797; x_wconf 74' lang='grc' dir='ltr'>Εἰ</span> <span class='ocrx_word' id='word_1_672' title='bbox 959 4740 1055 4815; x_wconf 74' lang='grc' dir='ltr'><strong>μὲν</strong></span> <span class='ocrx_word' id='word_1_673' title='bbox 1126 4743 1259 4799; x_wconf 65' lang='grc' dir='ltr'>αὐτὰ</span> <span class='ocrx_word' id='word_1_674' title='bbox 1338 4741 1404 4795; x_wconf 79' lang='grc' dir='ltr'><strong>τὰ</strong></span> <span class='ocrx_word' id='word_1_675' title='bbox 1473 4741 1591 4819; x_wconf 88' lang='grc' dir='ltr'>περὶ</span> <span class='ocrx_word' id='word_1_676' title='bbox 1663 4741 1970 4821; x_wconf 64' lang='grc' dir='ltr'>συγχύσεως</span> 
     </span>
    </p>
   </div>
   <div class='ocr_carea' id='block_1_97' title="bbox 318 4828 1971 4910">
    <p class='ocr_par' dir='ltr' id='par_1_97' title="bbox 318 4828 1971 4910">
     <span class='ocr_line' id='line_1_98' title="bbox 318 4828 1971 4910; baseline 0 -24"><span class='ocrx_word' id='word_1_677' title='bbox 318 4830 741 4910; x_wconf 85' lang='grc' dir='ltr'>ἀπεριμερίμνως</span> <span class='ocrx_word' id='word_1_678' title='bbox 786 4837 880 4906; x_wconf 51' lang='grc' dir='ltr'><strong>πτῷ</strong></span> <span class='ocrx_word' id='word_1_679' title='bbox 933 4830 1081 4903; x_wconf 89' lang='grc' dir='ltr'>τόπῳ</span> <span class='ocrx_word' id='word_1_680' title='bbox 1138 4828 1528 4909; x_wconf 82' lang='grc' dir='ltr'>παρεῤῥιμμένα</span> <span class='ocrx_word' id='word_1_681' title='bbox 1585 4830 1740 4907; x_wconf 75' lang='grc' dir='ltr'>ῥητὰ,</span> <span class='ocrx_word' id='word_1_682' title='bbox 1790 4833 1875 4887; x_wconf 69' lang='grc' dir='ltr'>οιαὶ</span> <span class='ocrx_word' id='word_1_683' title='bbox 1904 4837 1971 4907; x_wconf 77' lang='grc' dir='ltr'><strong>τῇ</strong></span> 
     </span>
    </p>
   </div>
   <div class='ocr_carea' id='block_1_98' title="bbox 316 4915 1967 4998">
    <p class='ocr_par' dir='ltr' id='par_1_98' title="bbox 316 4915 1967 4998">
     <span class='ocr_line' id='line_1_99' title="bbox 316 4915 1967 4998; baseline -0.001 -23"><span class='ocrx_word' id='word_1_684' title='bbox 316 4926 409 4975; x_wconf 79' lang='grc' dir='ltr'>τοῦ</span> <span class='ocrx_word' id='word_1_685' title='bbox 484 4916 720 4998; x_wconf 80' lang='grc' dir='ltr'>μεγάλου</span> <span class='ocrx_word' id='word_1_686' title='bbox 843 4917 1117 4975; x_wconf 87' lang='grc' dir='ltr'>Βασιλείου</span> <span class='ocrx_word' id='word_1_687' title='bbox 1223 4915 1477 4995; x_wconf 79' lang='grc' dir='ltr'>ἐπιστολῇ</span> <span class='ocrx_word' id='word_1_688' title='bbox 1560 4918 1967 4998; x_wconf 76' lang='grc' dir='ltr'>ἀπαραλείπτιης</span> 
     </span>
    </p>
   </div>
   <div class='ocr_carea' id='block_1_99' title="bbox 317 5004 1969 5089">
    <p class='ocr_par' dir='ltr' id='par_1_99' title="bbox 317 5004 1969 5089">
     <span class='ocr_line' id='line_1_100' title="bbox 317 5004 1969 5089; baseline -0.001 -25"><span class='ocrx_word' id='word_1_689' title='bbox 317 5007 596 5087; x_wconf 84' lang='grc' dir='ltr'>ἐγκείμενα</span> <span class='ocrx_word' id='word_1_690' title='bbox 661 5005 903 5089; x_wconf 79' lang='grc' dir='ltr'>δείξουσι,</span> <span class='ocrx_word' id='word_1_691' title='bbox 959 5005 1177 5064; x_wconf 84' lang='grc' dir='ltr'>διδόσθω</span> <span class='ocrx_word' id='word_1_692' title='bbox 1270 5004 1390 5063; x_wconf 85' lang='grc' dir='ltr'>κατ’</span> <span class='ocrx_word' id='word_1_693' title='bbox 1445 5008 1654 5082; x_wconf 75' lang='grc' dir='ltr'>αὐτοὺς,</span> <span class='ocrx_word' id='word_1_694' title='bbox 1712 5009 1802 5064; x_wconf 91' lang='grc' dir='ltr'>καὶ</span> <span class='ocrx_word' id='word_1_695' title='bbox 1870 5008 1969 5075; x_wconf 86' lang='grc' dir='ltr'><strong>τὴν</strong></span> 
     </span>
    </p>
   </div>
   <div class='ocr_carea' id='block_1_100' title="bbox 316 5096 1970 5177">
    <p class='ocr_par' dir='ltr' id='par_1_100' title="bbox 316 5096 1970 5177">
     <span class='ocr_line' id='line_1_101' title="bbox 316 5096 1970 5177; baseline -0.002 -23"><span class='ocrx_word' id='word_1_696' title='bbox 316 5104 423 5154; x_wconf 80' lang='grc' dir='ltr'><strong>τῶν</strong></span> <span class='ocrx_word' id='word_1_697' title='bbox 467 5096 728 5161; x_wconf 80' lang='grc' dir='ltr'>πολλάκις</span> <span class='ocrx_word' id='word_1_698' title='bbox 803 5097 1269 5177; x_wconf 84' lang='grc' dir='ltr'>μνημονευθέντων</span> <span class='ocrx_word' id='word_1_699' title='bbox 1320 5097 1618 5177; x_wconf 87' lang='grc' dir='ltr'>προσὼπων</span> <span class='ocrx_word' id='word_1_700' title='bbox 1690 5098 1970 5177; x_wconf 77' lang='grc' dir='ltr'>συνάφειαν</span> 
     </span>
    </p>
   </div>
   <div class='ocr_carea' id='block_1_101' title="bbox 316 5175 1969 5268">
    <p class='ocr_par' dir='ltr' id='par_1_101' title="bbox 316 5175 1969 5268">
     <span class='ocr_line' id='line_1_102' title="bbox 316 5175 1969 5268; baseline -0.001 -25"><span class='ocrx_word' id='word_1_701' title='bbox 316 5193 424 5244; x_wconf 81' lang='grc' dir='ltr'><strong>τῶν</strong></span> <span class='ocrx_word' id='word_1_702' title='bbox 454 5186 713 5264; x_wconf 88' lang='grc' dir='ltr'>ἀθεμίτων</span> <span class='ocrx_word' id='word_1_703' title='bbox 753 5187 1039 5266; x_wconf 74' lang='grc' dir='ltr'>ὑπάρχειν.</span> <span class='ocrx_word' id='word_1_704' title='bbox 1074 5175 1251 5268; x_wconf 72' lang='grc' dir='ltr'>’Ἔχει</span> <span class='ocrx_word' id='word_1_705' title='bbox 1281 5175 1371 5243; x_wconf 65' lang='grc' dir='ltr'><strong>καὶ</strong></span> <span class='ocrx_word' id='word_1_706' title='bbox 1410 5187 1510 5267; x_wconf 76' lang='grc' dir='ltr'>γὰρ</span> <span class='ocrx_word' id='word_1_707' title='bbox 1566 5184 1731 5252; x_wconf 57' lang='grc' dir='ltr'>οὕτως</span> <span class='ocrx_word' id='word_1_708' title='bbox 1760 5188 1788 5242; x_wconf 87' lang='lat'><strong>6</strong></span> <span class='ocrx_word' id='word_1_709' title='bbox 1832 5175 1969 5267; x_wconf 60' lang='grc' dir='ltr'>ἱερὸς</span> 
     </span>
    </p>
   </div>
   <div class='ocr_carea' id='block_1_102' title="bbox 2054 4551 3713 4637">
    <p class='ocr_par' dir='ltr' id='par_1_102' title="bbox 2054 4551 3713 4637">
     <span class='ocr_line' id='line_1_103' title="bbox 2054 4551 3713 4637; baseline -0.003 -18"><span class='ocrx_word' id='word_1_710' title='bbox 2054 4557 2241 4637; x_wconf 91' lang='lat' dir='ltr'><strong>ipsam</strong></span> <span class='ocrx_word' id='word_1_711' title='bbox 2275 4552 2789 4617; x_wconf 88' lang='lat' dir='ltr'><strong>enumerationem</strong></span> <span class='ocrx_word' id='word_1_712' title='bbox 2823 4551 2910 4615; x_wconf 92' lang='lat' dir='ltr'><strong>eis</strong></span> <span class='ocrx_word' id='word_1_713' title='bbox 2940 4553 3120 4615; x_wconf 90' lang='lat' dir='ltr'><strong>veluti</strong></span> <span class='ocrx_word' id='word_1_714' title='bbox 3140 4563 3310 4635; x_wconf 89' lang='lat' dir='ltr'><strong>septo</strong></span> <span class='ocrx_word' id='word_1_715' title='bbox 3335 4553 3611 4636; x_wconf 76' lang='lat' dir='ltr'><strong>quaedam</strong></span> <span class='ocrx_word' id='word_1_716' title='bbox 3642 4572 3713 4616; x_wconf 87' lang='lat' dir='ltr'><strong>ac</strong></span> 
     </span>
    </p>
   </div>
   <div class='ocr_carea' id='block_1_103' title="bbox 2052 4641 3710 4718">
    <p class='ocr_par' dir='ltr' id='par_1_103' title="bbox 2052 4641 3710 4718">
     <span class='ocr_line' id='line_1_104' title="bbox 2052 4641 3710 4718; baseline -0.002 -11"><span class='ocrx_word' id='word_1_717' title='bbox 2052 4646 2274 4708; x_wconf 89' lang='lat' dir='ltr'><strong>limites</strong></span> <span class='ocrx_word' id='word_1_718' title='bbox 2306 4643 2632 4718; x_wconf 89' lang='lat' dir='ltr'><strong>constituit,</strong></span> <span class='ocrx_word' id='word_1_719' title='bbox 2671 4641 3094 4703; x_wconf 86' lang='lat' dir='ltr'><strong>matrimoniali</strong></span> <span class='ocrx_word' id='word_1_720' title='bbox 3124 4643 3356 4705; x_wconf 84' lang='lat' dir='ltr'><strong>caeteris</strong></span> <span class='ocrx_word' id='word_1_721' title='bbox 3381 4650 3710 4706; x_wconf 89' lang='lat' dir='ltr'><strong>consuetu-</strong></span> 
     </span>
    </p>
   </div>
   <div class='ocr_carea' id='block_1_104' title="bbox 2054 4729 3712 4815">
    <p class='ocr_par' dir='ltr' id='par_1_104' title="bbox 2054 4729 3712 4815">
     <span class='ocr_line' id='line_1_105' title="bbox 2054 4729 3712 4815; baseline 0 -19"><span class='ocrx_word' id='word_1_722' title='bbox 2054 4735 2192 4797; x_wconf 89' lang='lat' dir='ltr'><strong>dine</strong></span> <span class='ocrx_word' id='word_1_723' title='bbox 2224 4733 2533 4815; x_wconf 88' lang='lat' dir='ltr'><strong>permissa.</strong></span> <span class='ocrx_word' id='word_1_724' title='bbox 2568 4729 2795 4803; x_wconf 83' lang='lat' dir='ltr'><strong>Quibus</strong></span> <span class='ocrx_word' id='word_1_725' title='bbox 2824 4748 2969 4792; x_wconf 89' lang='lat' dir='ltr'><strong>sane</strong></span> <span class='ocrx_word' id='word_1_726' title='bbox 3022 4731 3123 4812; x_wconf 89' lang='lat' dir='ltr'><strong>qui</strong></span> <span class='ocrx_word' id='word_1_727' title='bbox 3180 4732 3296 4793; x_wconf 90' lang='lat' dir='ltr'><strong>lata</strong></span> <span class='ocrx_word' id='word_1_728' title='bbox 3351 4733 3523 4813; x_wconf 90' lang='lat' dir='ltr'><strong>quasi</strong></span> <span class='ocrx_word' id='word_1_729' title='bbox 3575 4731 3712 4812; x_wconf 87' lang='lat' dir='ltr'><strong>lege</strong></span> 
     </span>
    </p>
   </div>
   <div class='ocr_carea' id='block_1_105' title="bbox 2055 4819 3707 4902">
    <p class='ocr_par' dir='ltr' id='par_1_105' title="bbox 2055 4819 3707 4902">
     <span class='ocr_line' id='line_1_106' title="bbox 2055 4819 3707 4902; baseline -0.002 -15"><span class='ocrx_word' id='word_1_730' title='bbox 2055 4822 2349 4887; x_wconf 85' lang='lat' dir='ltr'><strong>contraria</strong></span> <span class='ocrx_word' id='word_1_731' title='bbox 2368 4820 2595 4889; x_wconf 89' lang='lat' dir='ltr'><strong>statuit,</strong></span> <span class='ocrx_word' id='word_1_732' title='bbox 2625 4828 2685 4882; x_wconf 89' lang='lat' dir='ltr'><strong>et</strong></span> <span class='ocrx_word' id='word_1_733' title='bbox 2709 4819 3018 4882; x_wconf 89' lang='lat' dir='ltr'><strong>manifesto</strong></span> <span class='ocrx_word' id='word_1_734' title='bbox 3051 4819 3289 4883; x_wconf 90' lang='lat' dir='ltr'><strong>familiis</strong></span> <span class='ocrx_word' id='word_1_735' title='bbox 3308 4819 3588 4902; x_wconf 85' lang='lat' dir='ltr'><strong>injuriam</strong></span> <span class='ocrx_word' id='word_1_736' title='bbox 3612 4820 3707 4883; x_wconf 88' lang='lat' dir='ltr'><strong>fa-</strong></span> 
     </span>
    </p>
   </div>
   <div class='ocr_carea' id='block_1_106' title="bbox 2052 4907 3704 4991">
    <p class='ocr_par' dir='ltr' id='par_1_106' title="bbox 2052 4907 3704 4991">
     <span class='ocr_line' id='line_1_107' title="bbox 2052 4907 3704 4991; baseline -0.001 -16"><span class='ocrx_word' id='word_1_737' title='bbox 2052 4914 2181 4987; x_wconf 90' lang='lat' dir='ltr'><strong>cit;</strong></span> <span class='ocrx_word' id='word_1_738' title='bbox 2235 4911 2411 4974; x_wconf 90' lang='lat' dir='ltr'><strong>etiam</strong></span> <span class='ocrx_word' id='word_1_739' title='bbox 2458 4910 2636 4971; x_wconf 88' lang='lat' dir='ltr'><strong>tacite</strong></span> <span class='ocrx_word' id='word_1_740' title='bbox 2664 4921 2903 4970; x_wconf 85' lang='lat' dir='ltr'><strong>sanctos</strong></span> <span class='ocrx_word' id='word_1_741' title='bbox 2931 4907 3137 4972; x_wconf 89' lang='lat' dir='ltr'><strong>Patres</strong></span> <span class='ocrx_word' id='word_1_742' title='bbox 3186 4927 3256 4971; x_wconf 87' lang='lat' dir='ltr'><strong>ac</strong></span> <span class='ocrx_word' id='word_1_743' title='bbox 3313 4909 3704 4991; x_wconf 86' lang='lat' dir='ltr'><strong>patriarchas,</strong></span> 
     </span>
    </p>
   </div>
   <div class='ocr_carea' id='block_1_107' title="bbox 2051 4995 3711 5085">
    <p class='ocr_par' dir='ltr' id='par_1_107' title="bbox 2051 4995 3711 5085">
     <span class='ocr_line' id='line_1_108' title="bbox 2051 4995 3711 5085; baseline -0.002 -21"><span class='ocrx_word' id='word_1_744' title='bbox 2051 5002 2153 5085; x_wconf 89' lang='lat' dir='ltr'><strong>qui</strong></span> <span class='ocrx_word' id='word_1_745' title='bbox 2184 5003 2475 5063; x_wconf 88' lang='lat' dir='ltr'><strong>hactenus</strong></span> <span class='ocrx_word' id='word_1_746' title='bbox 2507 4997 2649 5061; x_wconf 89' lang='lat' dir='ltr'><strong>talia</strong></span> <span class='ocrx_word' id='word_1_747' title='bbox 2678 4995 3074 5077; x_wconf 85' lang='lat' dir='ltr'><strong>neglexerint,</strong></span> <span class='ocrx_word' id='word_1_748' title='bbox 3107 5015 3244 5060; x_wconf 91' lang='lat' dir='ltr'><strong>reos</strong></span> <span class='ocrx_word' id='word_1_749' title='bbox 3277 4996 3545 5079; x_wconf 81' lang='lat' dir='ltr'><strong>peragit:</strong></span> <span class='ocrx_word' id='word_1_750' title='bbox 3605 4999 3711 5080; x_wconf 92' lang='lat' dir='ltr'><strong>qui</strong></span> 
     </span>
    </p>
   </div>
   <div class='ocr_carea' id='block_1_108' title="bbox 2053 5085 3709 5175">
    <p class='ocr_par' dir='ltr' id='par_1_108' title="bbox 2053 5085 3709 5175">
     <span class='ocr_line' id='line_1_109' title="bbox 2053 5085 3709 5175; baseline -0.004 -21"><span class='ocrx_word' id='word_1_751' title='bbox 2053 5091 2296 5175; x_wconf 90' lang='lat' dir='ltr'><strong>quidem</strong></span> <span class='ocrx_word' id='word_1_752' title='bbox 2328 5087 2599 5162; x_wconf 90' lang='lat' dir='ltr'><strong>omnino,</strong></span> <span class='ocrx_word' id='word_1_753' title='bbox 2632 5094 2915 5169; x_wconf 89' lang='lat' dir='ltr'><strong>quantum</strong></span> <span class='ocrx_word' id='word_1_754' title='bbox 2947 5085 3009 5148; x_wconf 90' lang='lat' dir='ltr'><strong>in</strong></span> <span class='ocrx_word' id='word_1_755' title='bbox 3039 5086 3173 5149; x_wconf 91' lang='lat' dir='ltr'><strong>istis</strong></span> <span class='ocrx_word' id='word_1_756' title='bbox 3202 5095 3313 5162; x_wconf 93' lang='lat' dir='ltr'><strong>est,</strong></span> <span class='ocrx_word' id='word_1_757' title='bbox 3344 5093 3512 5148; x_wconf 87' lang='lat' dir='ltr'><strong>extra</strong></span> <span class='ocrx_word' id='word_1_758' title='bbox 3539 5087 3709 5167; x_wconf 85' lang='lat' dir='ltr'><strong>peri-</strong></span> 
     </span>
    </p>
   </div>
   <div class='ocr_carea' id='block_1_109' title="bbox 2054 5176 3708 5258">
    <p class='ocr_par' dir='ltr' id='par_1_109' title="bbox 2054 5176 3708 5258">
     <span class='ocr_line' id='line_1_110' title="bbox 2054 5176 3708 5258; baseline -0.005 -11"><span class='ocrx_word' id='word_1_759' title='bbox 2054 5183 2254 5247; x_wconf 90' lang='lat' dir='ltr'><strong>culum</strong></span> <span class='ocrx_word' id='word_1_760' title='bbox 2285 5176 2590 5244; x_wconf 91' lang='lat' dir='ltr'><strong>constituti</strong></span> <span class='ocrx_word' id='word_1_761' title='bbox 2642 5193 2762 5239; x_wconf 90' lang='lat' dir='ltr'><strong>non</strong></span> <span class='ocrx_word' id='word_1_762' title='bbox 2794 5183 2991 5252; x_wconf 91' lang='lat' dir='ltr'><strong>erunt,</strong></span> <span class='ocrx_word' id='word_1_763' title='bbox 3024 5176 3344 5258; x_wconf 88' lang='lat' dir='ltr'><strong>quominus</strong></span> <span class='ocrx_word' id='word_1_764' title='bbox 3373 5176 3708 5241; x_wconf 82' lang='lat' dir='ltr'><strong>exsecrabi-</strong></span> 
     </span>
    </p>
   </div>
   <div class='ocr_carea' id='block_1_110' title="bbox 1655 5337 2391 5412">
    <p class='ocr_par' dir='ltr' id='par_1_110' title="bbox 1655 5337 2391 5412">
     <span class='ocr_line' id='line_1_111' title="bbox 1655 5337 2391 5412; baseline -0.01 -3"><span class='ocrx_word' id='word_1_765' title='bbox 1655 5345 1911 5409; x_wconf 64' lang='lat' dir='ltr'><strong>VARI/E</strong></span> <span class='ocrx_word' id='word_1_766' title='bbox 1955 5337 2391 5412; x_wconf 86' lang='lat' dir='ltr'><strong>LECTlONES.</strong></span> 
     </span>
    </p>
   </div>
   <div class='ocr_carea' id='block_1_111' title="bbox 399 5467 969 5545">
    <p class='ocr_par' dir='ltr' id='par_1_111' title="bbox 399 5467 969 5545">
     <span class='ocr_line' id='line_1_112' title="bbox 399 5467 969 5545; baseline 0.002 -23"><span class='ocrx_word' id='word_1_767' title='bbox 399 5469 464 5522; x_wconf 72' lang='grc'><strong>54</strong></span> <span class='ocrx_word' id='word_1_768' title='bbox 490 5467 969 5545; x_wconf 88' lang='grc' dir='ltr'>συνελαυνομένων.</span> 
     </span>
    </p>
   </div>
   <div class='ocr_carea' id='block_1_112' title="bbox 396 5574 1167 5656">
    <p class='ocr_par' dir='ltr' id='par_1_112' title="bbox 396 5574 1167 5656">
     <span class='ocr_line' id='line_1_113' title="bbox 396 5574 1167 5656; baseline 0.001 -22"><span class='ocrx_word' id='word_1_769' title='bbox 396 5579 415 5634; x_wconf 79' lang='lat' dir='ltr'><strong>t</strong></span> <span class='ocrx_word' id='word_1_770' title='bbox 454 5576 550 5640; x_wconf 77' lang='lat' dir='ltr'><strong>vel</strong></span> <span class='ocrx_word' id='word_1_771' title='bbox 582 5581 824 5654; x_wconf 74' lang='lat' dir='ltr'><strong>rectius,</strong></span> <span class='ocrx_word' id='word_1_772' title='bbox 858 5574 1167 5656; x_wconf 77' lang='lat' dir='ltr'><strong>coafﬁnes.</strong></span> 
     </span>
    </p>
   </div>
   <div class='ocr_carea' id='block_1_113' title="bbox 401 5790 1574 5873">
    <p class='ocr_par' dir='ltr' id='par_1_113' title="bbox 401 5790 1574 5873">
     <span class='ocr_line' id='line_1_114' title="bbox 401 5790 1574 5873; baseline 0 -15"><span class='ocrx_word' id='word_1_773' title='bbox 401 5793 519 5873; x_wconf 75' lang='lat'><strong>(46)</strong></span> <span class='ocrx_word' id='word_1_774' title='bbox 549 5791 594 5858; x_wconf 94' lang='lat' dir='ltr'><strong>l.</strong></span> <span class='ocrx_word' id='word_1_775' title='bbox 627 5808 691 5873; x_wconf 87' lang='lat' dir='ltr'><strong>Il,</strong></span> <span class='ocrx_word' id='word_1_776' title='bbox 725 5794 788 5857; x_wconf 90' lang='lat' dir='ltr'><strong>C.</strong></span> <span class='ocrx_word' id='word_1_777' title='bbox 823 5790 918 5856; x_wconf 83' lang='lat' dir='ltr'><strong>De</strong></span> <span class='ocrx_word' id='word_1_778' title='bbox 946 5792 1139 5858; x_wconf 70' lang='lat' dir='ltr'><strong>insul.</strong></span> <span class='ocrx_word' id='word_1_779' title='bbox 1177 5799 1231 5857; x_wconf 82' lang='lat' dir='ltr'><strong>et</strong></span> <span class='ocrx_word' id='word_1_780' title='bbox 1259 5791 1574 5859; x_wconf 75' lang='lat' dir='ltr'><strong>substitut.</strong></span> 
     </span>
    </p>
   </div>
   <div class='ocr_carea' id='block_1_114' title="bbox 1875 5616 2143 5748">
    <p class='ocr_par' dir='ltr' id='par_1_114' title="bbox 1875 5616 2143 5748">
     <span class='ocr_line' id='line_1_115' title="bbox 1875 5616 2143 5748; baseline -0.007 0"><span class='ocrx_word' id='word_1_781' title='bbox 1875 5616 2143 5748; x_wconf 33' lang='lat' dir='ltr'><strong>Mirm.</strong></span> 
     </span>
    </p>
   </div>
   <div class='ocr_carea' id='block_1_115' title="bbox 2154 5786 3649 5872">
    <p class='ocr_par' dir='ltr' id='par_1_115' title="bbox 2154 5786 3649 5872">
     <span class='ocr_line' id='line_1_116' title="bbox 2154 5786 3649 5872; baseline -0.013 -1"><span class='ocrx_word' id='word_1_782' title='bbox 2154 5788 2272 5872; x_wconf 78' lang='grc'><strong>(46)</strong></span> <span class='ocrx_word' id='word_1_783' title='bbox 2305 5788 2349 5854; x_wconf 88' lang='grc'><strong>1-</strong></span> <span class='ocrx_word' id='word_1_784' title='bbox 2384 5804 2430 5851; x_wconf 81' lang='grc' dir='ltr'>ιο</span> <span class='ocrx_word' id='word_1_785' title='bbox 2463 5787 2492 5869; x_wconf 83' lang='lat'>§</span> <span class='ocrx_word' id='word_1_786' title='bbox 2521 5786 2666 5852; x_wconf 55' lang='lat' dir='ltr'><strong>Have</strong></span> <span class='ocrx_word' id='word_1_787' title='bbox 2690 5793 2915 5861; x_wconf 76' lang='lat' dir='ltr'><strong>autem;</strong></span> <span class='ocrx_word' id='word_1_788' title='bbox 2951 5786 3027 5869; x_wconf 54' lang='lat' dir='ltr'><strong>D,</strong></span> <span class='ocrx_word' id='word_1_789' title='bbox 3066 5786 3230 5854; x_wconf 79' lang='lat' dir='ltr'><strong>Unde</strong></span> <span class='ocrx_word' id='word_1_790' title='bbox 3255 5787 3554 5870; x_wconf 68' lang='lat' dir='ltr'><strong>cogiiatis;</strong></span> <span class='ocrx_word' id='word_1_791' title='bbox 3597 5824 3649 5835; x_wconf 68' lang='grc'><strong>..-</strong></span> 
     </span>
    </p>
   </div>
  </div>
