4128 6458
395 365 544 431 Mli
1780 361 1912 428 JUS
1949 359 2396 428 GANONICUM
3612 359 3768 427 1112

387 501 478 565 les
509 501 753 579 fuerint,
783 500 941 564 etab
973 499 1239 562 Ecclesia
1267 498 1513 574 exclusi,
1547 497 1687 559 licet
1720 497 1910 558 instar
1933 493 2033 556 lu—

2134 497 2202 553 ιαὶ
2231 495 2398 576 μέγας
2430 499 2722 575 Βασίλειος,
2750 505 2778 559 6
2807 502 2901 558 καί
2944 501 3012 557 τὰ
3061 500 3197 577 βάθη
3269 503 3361 556 τοῦ
3430 499 3762 574 Πνεύμασος,

387 590 710 655 minarium
742 589 1179 672 splenduerint.
1236 589 1433 653 Unum
1493 594 1707 670 praeter
1761 586 1911 658 haec,
1971 590 2030 645 et

2134 585 2246 644 ιατὰ
2287 587 2387 654 τὴν
2431 589 2716 670 Θεολόγου,
2752 591 2971 672 ἐρευνῶν
3007 606 3020 620 ⁸

388 680 591 762 paucis
619 671 862 762 quidem
891 679 1113 755 verbis,
1148 679 1524 760 adjiciamus.
1562 676 1624 740 Si
1655 675 1897 758 quidem
1929 671 2159 762 illade
2181 675 2534 740 confusione
2564 671 3198 761 verba,incogitanter
3237 678 3502 760 ipsorum
3553 678 3774 759 injecta

387 760 843 851 scriptofetiam
877 769 1008 831 sine
1053 768 1289 831 defectu
1343 768 1407 830 in
1455 767 1652 847 magni
1699 764 1903 828 Basilii
1953 760 2204 841 epistola
2255 765 2444 842 posita
2492 769 2919 846 probaverim:
2959 760 3322 832 concedatur
3349 786 3519 844 sane,
3551 779 3614 832 ut
3641 787 3770 852 quae

385 862 653 942 ipsorum
684 868 776 922 est
803 860 1120 935 sententia,
1155 857 1372 939 saepius
1421 856 1820 919 iudicatarum
1869 867 2268 942 personarum
2307 857 2660 942 conjunctio
2713 859 2786 923 sit
2819 861 3043 924 illicita.
3078 862 3224 924 Nam
3258 859 3346 924 sic
3376 857 3556 921 habet
3606 877 3774 926 sacer

385 940 456 1012 ac
486 967 734 1028 magnus
762 948 865 1010 ille
893 947 1179 1023 Basilius,
1212 946 1312 1028 qui
1339 954 1398 1008 et
1426 946 1671 1028 spiritus
1704 940 2157 1031 profunditates,
2193 949 2258 1002 ut
2287 941 2605 1025 Gregorius
2633 947 2969 1031 Theologus
3004 952 3109 1029 ait,
3145 963 3467 1017 scrutatur.

467 1038 718 1103 Basilius
748 1056 889 1118 ergo
920 1040 997 1100 de
1039 1036 1259 1118 nuptiis
1281 1035 1634 1118 quibusdam
1683 1031 1908 1095 illicitis
1938 1030 2031 1090 lo-

388 1146 602 1213 quens,
634 1127 1139 1209 compendiariam
1169 1126 1392 1208 praebet
1421 1135 1643 1198 notam,
1668 1141 1783 1204 qua
1801 1120 2039 1213 illicitae

387 1208 609 1300 nuptias
634 1236 669 1281 ι
698 1208 980 1297 legitimis
1035 1215 1209 1278 facile
1259 1215 1495 1277 secerni
1527 1213 1771 1295 possint.
1801 1209 1867 1272 In
1901 1208 2038 1300 qui-

387 1299 524 1390 bus,
546 1307 761 1389 inquit,
787 1306 1028 1386 generis
1048 1305 1476 1387 appellationes
1496 1302 1962 1390 confunduntur,
1977 1299 2039 1359 in

387 1397 486 1460 his
512 1389 759 1459 nefariae
780 1402 921 1459 sunt
945 1395 1186 1476 nuptiae.
1212 1393 1354 1457 Haec
1389 1393 1476 1454 illi
1503 1402 1664 1454 tomo
1695 1389 1871 1452 verba
1901 1395 2040 1450 sunt

387 1487 645 1550 incerto.
677 1485 901 1549 Verum
931 1483 1187 1565 epistola
1219 1502 1353 1546 cum
1376 1486 1451 1545 de
1473 1482 1548 1543 iis
1569 1481 1825 1560 differat,
1845 1478 1945 1560 qui
1969 1496 2036 1539 ex

389 1595 509 1639 uno
540 1575 666 1638 viro
695 1581 756 1636 et
783 1573 1014 1638 duabus
1060 1572 1301 1635 feminis
1351 1571 1658 1634 sororibus
1690 1577 2037 1648 nascuntur,

389 1664 539 1728 nihil
567 1663 728 1726 aliud
764 1663 1020 1743 positum
1051 1661 1323 1726 invenire
1375 1668 1484 1736 est,
1547 1678 1723 1740 quam
1755 1660 1882 1720 haec
1913 1657 2040 1738 ipsa

389 1753 570 1817 verba
602 1770 644 1852 :_
677 1752 965 1852 Quanam,
1024 1750 1243 1832 inquit,
1280 1768 1349 1812 ex
1380 1749 1730 1829 cognatione
1755 1748 1843 1810 sic
1873 1755 2039 1808 natos
2064 1801 2102 1852 Β

390 1841 775 1926 appellabunt
805 1849 833 1905 ?
862 1840 1016 1904 Num
1045 1840 1258 1904 fratres
1279 1841 1435 1902 inter
1466 1859 1530 1902 se
1554 1839 1776 1915 dicent,
1806 1857 1881 1900 an
1903 1855 2042 1899 con-

391 1932 672 1996 sobrinos
701 1937 729 1995 ?
783 1929 1044 2012 Utraque
1092 1938 1255 1993 certe
1286 1937 1624 2010 competent
1658 1928 1767 2004 eis,
1803 1934 2044 2009 propter

392 2021 829 2084 confusionem.
853 2018 1256 2093 Quamobrem
1281 2037 1416 2081 cum
1441 2019 1618 2082 verba
1643 2017 1808 2094 tomi,
1841 2016 1913 2078 ab
1942 2015 2040 2077 in-

393 2110 672 2193 terpretis
692 2126 896 2172 rerum
924 2107 1258 2170 divinarum
1289 2107 1494 2170 Basilii
1510 2107 1703 2169 verbis
1733 2114 2040 2186 tantopere

393 2203 758 2284 discrepent,
794 2213 920 2264 tum
949 2201 1217 2284 ipsorum
1272 2200 1613 2276 verborum,
1661 2209 1784 2261 tum
1833 2217 2046 2262 sensus

391 2293 662 2370 ratione;
722 2310 978 2374 cumque
1006 2291 1156 2354 adeo
1190 2299 1425 2354 remota
1456 2290 1575 2351 sint
1603 2309 1638 2352 a
1666 2308 1730 2352 se
1761 2289 2042 2365 invicem,

394 2390 460 2447 ut
487 2401 664 2446 nemo
720 2402 842 2444 non
897 2382 1002 2444 illa
1057 2389 1219 2443 tomo
1277 2380 1713 2460 comprehensa
1763 2399 1870 2460 pro
1900 2398 2045 2441 vano

393 2472 677 2552 ﬁgmento
699 2471 982 2536 duntaxat
997 2469 1213 2535 habeat
1239 2491 1252 2530 :
1287 2470 1559 2550 quisquis
1591 2487 1734 2531 sane
1768 2477 2044 2549 tanquam

392 2562 666 2644 generali
680 2562 934 2642 quadam
948 2561 1152 2640 regula
1171 2568 1400 2622 temere
1411 2559 1607 2620 volent
1623 2559 1716 2620 his
1728 2558 2048 2639 uti,totque

396 2649 777 2714 confusiones
805 2650 946 2713 inde
999 2647 1392 2712 matrimoniis
1441 2647 2045 2729 invehereﬁseipsum

395 2739 749 2820 imprudens
778 2737 1024 2820 decipit,
1055 2737 1196 2800 dum
1228 2736 1390 2799 falsis
1432 2756 1502 2799 ex
1553 2736 1883 2818 principiis,
1937 2756 2047 2816 ceu

398 2829 520 2892 dici
547 2828 720 2905 solet,
753 2827 1066 2908 opiniones
1094 2845 1231 2891 suas
1262 2826 1516 2908 probare
1543 2826 1772 2889 nititur.

478 2917 706 2996 Restat,
737 2928 806 2979 ut
828 2918 904 2979 ad
934 2917 1202 2998 ipsorum
1247 2918 1590 2990 honestum,
1623 2917 1859 2978 honesti
1891 2933 2046 2996 prae-

399 3014 623 3074 textum
651 3027 720 3070 ac
745 3006 1023 3084 fulcrum,
1060 3007 1264 3087 paucis
1292 3005 1626 3068 differendo
1672 3006 2042 3086 respondea-

2201 1036 2362 1125 Οὗτος
2431 1040 2550 1116 περί
2616 1062 2756 1106 τινος
2812 1042 3055 1118 ἀθεμίτου
3132 1046 3304 1123 γάμου
3365 1045 3766 1125 διαλεγόμενος,

2120 1120 2369 1199 ἐπίτομον
2399 1128 2671 1206 γνώρισμα
2700 1127 2927 1205 δίδωσιν,
2987 1132 3040 1189 ἐν
3208 1120 3278 1191 τὰ
3346 1141 3449 1193 τῶν
3506 1120 3766 1211 ἆθεμίτων

2121 1212 2320 1304 γάμον
2349 1213 2535 1292 ῥᾳδίως
2614 1219 2721 1274 τῶν
2803 1223 3040 1297 νομίμων
3125 1223 3571 1304 ἀποκριθήσονται
3609 1243 3624 1259 ⁸
3682 1222 3772 1281 Ἐν

2123 1305 2231 1394 οἷς,
2265 1301 2460 1386 λέγων,
2491 1307 2557 1364 τὰ
2595 1307 2686 1364 τοῦ
2767 1309 2948 1388 γένους
2997 1301 3316 1392 συγχέονται
3387 1315 3647 1394 ὀνόματα,
3720 1313 3774 1370 ἐν

2120 1392 2322 1456 τούτοις
2353 1397 2380 1450 6
2438 1397 2608 1474 γάμος
2667 1398 2938 1475 ἀθέμιτος.
3001 1404 3100 1461 Καὶ
3141 1410 3306 1460 ταῦτα
3362 1405 3458 1480 μὲν
3482 1407 3509 1460 6
3553 1392 3718 1479 τόμος
3754 1421 3766 1435 ⁸

2123 1483 2262 1572 {Uni}
2291 1481 2344 1538 δὲ
2375 1490 2443 1562 τῇ
2485 1485 2741 1564 ἐπιστολῇ
2825 1491 2942 1570 περὶ
2997 1498 3095 1548 τῶν
3165 1490 3217 1558 ἐξ
3279 1493 3392 1557 ὲνὸς
3446 1491 3628 1572 ἀνδρὸς
3685 1493 3772 1548 καὶ

2118 1565 2266 1659 δυοῖν
2293 1577 2553 1650 γυναικῶν
2574 1573 2808 1656 ἀδελφῶν
2855 1580 3178 1656 τικτομένων
3249 1581 3400 1646 ὄντος
3468 1565 3554 1638 τού
3583 1581 3770 1659 λόγου,

2120 1658 2283 1716 πλέον
2340 1661 2484 1720 οὒδὲν
2563 1669 2940 1745 προσκείμενον
3020 1672 3192 1750 εύρετν
3275 1671 3384 1730 ἔστι
3447 1673 3553 1730 τῶν
3611 1658 3776 1733 ούτωξ

2125 1747 2362 1828 ἐχόντων
2422 1753 2620 1830 ῥητῶν.
2677 1755 2773 1813 Ἐκ
2837 1759 3017 1840 ποίας,
3080 1747 3234 1840 ιρησὶ,
3292 1762 3594 1841 συγγενείας
3653 1761 3776 1823 τοὺς

2124 1841 2466 1930 γεννηθέντας
2544 1850 3094 1930 προσαγορεῖσουσινς
3181 1848 3457 1930 Ἀδελγοὺς
3530 1849 3780 1921 ἀλλήλων

2123 1927 2158 1996 ἢ
2230 1929 2475 2006 ἀνεψιοὺς
2534 1947 2913 2019 προσεροῦωνς
3020 1927 3357 2020 Ἀμφότεραή
3403 1943 3502 2020 γὰρ
3593 1944 3776 2002 αὐτοῖς

2124 2020 2480 2099 προσαρμόσει
2548 2021 2631 2080 διὰ
2673 2029 2768 2094 τὴν
2827 2029 3104 2109 σύγχυσιν.
3178 2031 3450 2097 Τοσαύτης
3523 2034 3611 2087 οὖν
3669 2027 3773 2086 δια-

2123 2109 2318 2187 φωνίας
2348 2111 2582 2179 ὑπούσης
2648 2119 2750 2172 τῶν
2810 2118 2903 2174 τοῦ
2972 2118 3136 2194 νόμου
3186 2119 3251 2171 55
3305 2121 3480 2198 ῥητῶν
3537 2121 3670 2199 πρὸς
3713 2120 3779 2176 τὰ

2129 2205 2224 2254 αοῦ
2279 2201 2620 2281 θεοφάντορος
2691 2207 2777 2262 καὶ
2819 2213 2885 2283 τῇ
2941 2209 3126 2286 φράσει
3157 2211 3244 2266 καὶ
3313 2216 3380 2286 τῇ
3438 2210 3630 2283 ἐννοίᾳ,
3692 2211 3781 2266 καὶ

2130 2285 2296 2352 οὕτως
2339 2287 2750 2367 ἀπεξενωμένων
2780 2298 2911 2374 πρὸς
2956 2296 3189 2379 ἄλληλα,
3236 2300 3308 2362 ὡς
3339 2285 3572 2356 διάκενον
3619 2297 3782 2376 μόνον

2129 2376 2475 2454 ἀναπλασμὸν
2545 2384 2685 2462 παρὰ
2729 2392 2857 2442 πᾶσι
2912 2387 2977 2444 τὰ
3045 2395 3137 2444 τοῦ
3175 2376 3359 2465 ’τόμου
3419 2396 3582 2446 ταῦτα
3625 2389 3782 2464 νομί-

2129 2470 2326 2546 ζεσθαι,
2403 2473 2431 2525 6
2487 2472 2692 2536 τούτοις
2782 2475 3015 2555 καθάπερ
3082 2479 3181 2534 τινὶ
3237 2477 3505 2553 καθολικῷ
3558 2477 3778 2535 κανόνι-

2130 2555 2490 2622 ἆνεπιστάτως
2563 2562 2865 2641 χρώμενος,
2919 2567 3007 2622 καὶ
3065 2567 3159 2630 τὰς
3231 2567 3552 2634 τηλικαύτας
3597 2568 3782 2624 ἐντεῦ-

2259 2648 2542 2727 συγχύσεις
2573 2649 2868 2731 ἐπεισάγων
2915 2669 3032 2720 τοῖς
3088 2657 3303 2734 γάμοις,
3365 2659 3549 2714 ἑαυτὸν
3606 2656 3786 2715 δώπου

2129 2733 2349 2801 λέληθεν
2410 2738 2652 2810 ἀπατῶν,
2740 2741 2790 2808 ἐξ
2863 2745 3239 2802 ἁνυποστάτων
3320 2747 3528 2827 ἀρχῶν,
3611 2749 3639 2804 ὃ
3717 2745 3784 2815 δὴ

2129 2822 2365 2905 λέγεται,
2398 2829 2464 2885 τὰ
2489 2827 2736 2887 δοκοῦντα
2766 2835 3174 2906 κατασκευάζειν
3204 2822 3570 2916 τεχνώμενος,

2131 2915 2377 2973 Λεὶπεται
2434 2919 2602 2976 τοίνυν
2703 2923 2834 3000 πρὸς
2931 2924 2990 2980 τὸ
3069 2915 3323 3004 εὐπρεπὲς
3409 2929 3598 3000 αὐτῶν,
3693 2937 3789 2986 τοῦ

2131 3001 2418 3094 εὐπρεποῦς
2474 3006 2761 3085 πρόϐλημα
2829 3033 2887 3068 τε
2957 3014 3044 3069 καὶ
3114 3001 3353 3094 ἔρεισμα,
3437 3015 3600 3094 μικρά
3669 3037 3786 3070 τινα

398 3117 551 3162 mus.
577 3096 652 3159 Hi
681 3096 846 3161 enim
876 3095 1152 3159 homines
1182 3096 1332 3158 citra
1365 3095 1693 3156 discrimen
1725 3095 1911 3156 ullum
1934 3095 2048 3158 alia

2134 3089 2426 3156 διαλαϐεῖν.
2505 3100 2601 3155 Καὶ
2671 3102 2770 3178 γὰρ
2831 3103 2972 3159 οὗτοι
3041 3089 3152 3178 μὴ’
3189 3089 3606 3181 διαστέλλοντές,
3667 3102 3785 3160 ἀλλ’

399 3207 507 3272 pro
529 3187 662 3250 aliis
684 3181 1079 3268 proferentes,
1103 3185 1298 3266 deque
1319 3185 1454 3246 aliis
1475 3183 1854 3265 pronuntiata
1886 3185 2050 3246 mali-

397 3296 512 3360 gne
533 3277 913 3353 suﬂ'urantes,
943 3283 1190 3346 etaures
1207 3273 1318 3336 sim
1326 3273 1635 3355 pliciorum
1650 3273 2050 3336 demulcendo

397 3372 876 3447 corrumpentes,
907 3364 1132 3428 dictum
1163 3363 1318 3426 istud
1347 3386 1360 3422 :
1393 3362 1459 3425 In
1483 3361 1708 3445 nuptiis
1728 3382 1846 3425 non
1858 3363 2052 3425 solum

400 3456 542 3540 quid
573 3473 948 3530 concessum,
1007 3456 1116 3517 sed
1171 3453 1347 3516 etiam
1403 3453 1542 3533 quid
1601 3455 1918 3516 honestum
1951 3452 2048 3525 sit,

401 3544 726 3629 quaerimus
757 3562 771 3608 :
806 3561 1067 3619 sursum,
1101 3542 1382 3606 deorsum
1414 3543 1696 3622 allegant.
1733 3542 2052 3605 Enimvero

401 3635 505 3720 qui
525 3637 664 3717 jura
693 3636 783 3697 vel
815 3634 1052 3716 paulum
1117 3633 1540 3714 inSpectitavit,
1573 3634 1816 3694 omnino
1850 3633 2055 3712 nequit

398 3727 698 3807 ignorare,
723 3723 1226 3807 quemadmodum
1241 3724 1300 3785 in
1317 3723 1488 3804 paulo
1506 3730 1643 3785 ante
1665 3722 2048 3804 prmcedenti,

401 3824 464 3879 et
489 3832 591 3878 xxx
641 3833 878 3896 quoque
942 3813 1156 3895 capite,
1221 3811 1296 3874 de
1346 3812 1714 3874 naturalibus
1761 3811 1966 3873 liberis
1998 3819 2056 3874 et

401 3903 723 3986 adoptivis,
752 3903 975 3986 quique
998 3920 1033 3963 a
1059 3901 1246 3964 servis
1272 3900 1669 3978 descendunt,
1705 3907 1763 3962 et
1790 3919 1823 3962 a
1853 3900 2053 3963 servili

400 3992 715 4069 afﬁnitate,
749 3993 942 4072 deque
970 3990 1104 4053 aliis
1132 3989 1484 4072 quibusdam
1518 3991 1610 4053 lex
1640 3989 1930 4053 disserat:
1973 3990 2057 4052 ita

402 4083 812 4165 pervulgatum
843 4080 1003 4143 istud
1043 4080 1283 4143 honesti
1320 4079 1660 4162 capitulum
1708 4079 1929 4157 regulae
1957 4098 2056 4143 cu-

395 4173 636 4256 jusdam
667 4173 855 4235 instar
882 4171 1038 4253 legis
1071 4171 1423 4234 auctoritate
1457 4171 1890 4253 promulgatum
1923 4190 2055 4234 esse

404 4264 481 4327 de
509 4261 716 4325 liberis
738 4260 1196 4323 constitutorum
1220 4260 1280 4322 in
1304 4261 1612 4344 dignitate,
1635 4262 1829 4342 deque
1852 4270 2052 4342 patro-

402 4351 540 4415 nis:
578 4359 643 4412 ut
659 4348 723 4412 hi
745 4348 987 4430 quidem
1022 4349 1334 4422 libertinis,
1363 4351 1450 4412 illi
1474 4369 1612 4413 vero
1639 4350 1910 4432 personis
1930 4369 2057 4412 sce-
2076 4425 2114 4432 _
2139 4350 2428 4428 πατρώνων
2476 4367 2488 4382 ·

405 4441 558 4505 uicis
587 4425 970 4503 matrimonio
1002 4457 1121 4501 non
1153 4441 1528 4520 copulentur.
1563 4425 1911 4522 Et'quidem
1942 4441 2048 4502 hoc

2142 4436 2198 4493 δὲ
2269 4441 2346 4516 μὴ
2419 4457 2696 4509 σκηνικοϊς
2751 4445 3055 4523 προσώποις

405 4537 580 4612 caput
600 4527 932 4610 expositum
956 4545 1090 4590 esse
1108 4528 1513 4609 peculiariter,
1529 4530 1602 4590 ad
1621 4529 2058 4610 prohibendum

405 4618 891 4702 conjunctionem
922 4616 1190 4699 illorum,
1215 4618 1317 4700 qui
1341 4619 1629 4681 senatorii
1651 4626 1788 4681 sunt
1809 4618 2058 4691 ordinis,

405 4729 542 4774 cum
575 4706 902 4782 libertinis,
933 4714 1036 4769 aut
1065 4707 1365 4770 scenicam
1415 4707 1819 4786 factitantibus
1853 4729 1867 4770 :
1931 4710 2061 4788 ipse

405 4807 601 4863 textus
629 4796 784 4878 legis
813 4795 1072 4858 silectus
1122 4796 1325 4871 fuerit,
1377 4797 1674 4861 ostendet.
1707 4800 1769 4858 In
1803 4799 2063 4878 conjun-

405 4887 704 4952 ctionibus
734 4884 1103 4968 nuptiarum,
1137 4886 1356 4969 inquit,
1390 4906 1511 4950 non
1567 4887 1759 4949 solum
1792 4889 2065 4951 conside-

403 4977 597 5042 randa
624 4976 925 5040 subtilitas
953 4982 1070 5056 est,
1124 4994 1329 5039 verum
1379 4977 1555 5040 etiam
1601 4995 1744 5038 num
1775 4976 1850 5038 sit
1879 4977 2064 5040 hone-

406 5067 749 5149 stum,qu0d
762 5065 982 5147 agitur.
998 5065 1195 5148 Atque
1214 5067 1393 5148 hujus
1405 5067 1626 5147 regulae
1638 5066 2062 5130 obscuritatem

407 5156 710 5238 explicans
735 5154 1095 5237 Stephanus,
1123 5164 1180 5218 et
1225 5155 1444 5238 quibus
1479 5164 1767 5234 congruat
1795 5156 2054 5232 casibus,

406 5247 665 5310 docens:
700 5245 827 5310 Hoc
856 5247 1032 5324 dixit,
1090 5247 1307 5330 inquit,
1359 5249 1554 5330 capite
1585 5264 1708 5329 XVI,
1739 5249 1908 5329 cujus
1939 5247 2057 5308 ini-

404 5337 578 5419 tium,
601 5336 916 5401 Senatoris
935 5337 1070 5419 ﬁlia
1093 5357 1107 5402 :
1161 5337 1333 5420 quasi
1354 5336 1846 5412 diceret,‘clarius
1877 5337 2056 5400 isthic

407 5424 740 5509 expositum
764 5444 916 5492 esse.
951 5425 1182 5491 Deinde
1211 5426 1458 5510 apponit
1481 5427 1610 5508 ipsa
1639 5427 1817 5491 etiam
1849 5425 2049 5504 verba,

2134 3181 2285 3273 έτερα
2313 3184 2422 3264 ἀνθ,
2467 3187 2657 3267 ἐτέρων
2695 3187 3138 3273 προϐαλλόμενοι,
3183 3195 3270 3249 καὶ
3329 3195 3393 3249 τὰ
3450 3192 3532 3273 ἐφ’
3594 3193 3787 3273 ἑτέρων

2134 3271 2503 3351 ἐκφωνηθέντα
2589 3280 2892 3358 κακούργως
2980 3271 3320 3356 κλέπτοντες,
3394 3271 3502 3340 κπὶ-
3533 3285 3628 3348 τὰς
3685 3271 3791 3341 τῶν

2134 3359 2502 3441 ἁπλουστέρων
2571 3366 2732 3433 ἀκοὰς
2813 3373 3245 3448 παρασαίνοντες,
3333 3372 3417 3450 16,
3521 3369 3610 3428 Ἐν
3671 3375 3792 3434 τοῖς

2136 3450 2352 3532 γάμοις,
2413 3455 2590 3533 φασὶν,
2645 3456 2704 3512 0'5
2764 3458 2923 3533 μόνον
2981 3461 3040 3515 τὸ
3112 3459 3584 3540 ἐπιτετραμμένον,
3655 3458 3793 3516 ἀλλὰ

2136 3542 2222 3596 καὶ
2269 3543 2331 3597 τὸ
2391 3545 2654 3630 ,εὐπρεπὲς
2712 3553 2998 3628 ζητουμεν,
3066 3546 3175 3604 ἅνω
3231 3552 3318 3606 καὶ
3387 3551 3535 3606 κάτω
3589 3550 3789 3630 προφέ-

2136 3652 2334 3709 ρουσιν.
2391 3623 2568 3713 εὈπερ
2624 3637 2651 3690 6
2709 3637 2798 3693 καὶ
2868 3623 3054 3716 μικρὸν
3110 3637 3343 3718 ἐγκύψας
3401 3653 3520 3704 τοῖς
3579 3623 3788 3715 νόμοις,

2136 3724 2230 3778 οὒκ
2257 3721 2510 3800 ἀγνοήσει
2568 3725 2800 3799 πάντως,
2844 3727 2924 3782 ὅτι
2981 3727 3158 3807 ὥσπερ
3213 3729 3277 3784 ἀν
3332 3735 3408 3804 τῷ
3465 3737 3637 3808 μικρῷ
3682 3731 3788 3806 πρὸ

2137 3811 2319 3867 τούτου
2349 3811 2639 3892 κεφαλαίῳ,
2686 3818 2816 3894 πρὸς
2847 3815 2925 3891 δὲ,
2957 3819 3043 3873 καὶ
3095 3821 3141 3874 ιθ
3155 3808 3185 3892 ’,
3247 3820 3364 3897 περὶ
3420 3820 3528 3876 τῶν
3559 3824 3792 3897 φυσικῶν

2137 3898 2334 3956 παίδων
2365 3905 2452 3959 καὶ
2495 3909 2599 3959 τῶν
2659 3907 2842 3979 θετῶν,
2919 3908 3006 3963 καὶ
3061 3914 3168 3963 τῶν
3224 3907 3328 3964 ἀπὸ
3398 3906 3597 3965 δούλων
3653 3931 3792 3964 κατ-

2137 3990 2436 4072 αγομένων,
2498 3994 2584 4049 καὶ
2639 4001 2743 4052 τῶν
2806 3995 2866 4052 ἐκ
2948 3994 3194 4066 δουλικῆς
3281 3997 3616 4078 ἀγχιστείας,
3701 4001 3793 4054 καὶ

2137 4079 2328 4158 ἑτέρων
2355 4085 2510 4138 τινῶν
2540 4090 2618 4158 τῷ
2661 4083 2808 4160 νόμῳ
2850 4084 3146 4152 διείληπται
3195 4102 3208 4116 ⁸
3267 4086 3406 4143 οὕτω
3448 4086 3514 4154 δὴ
3571 4088 3659 4144 καὶ
3720 4089 3784 4143 τὸ

2136 4170 2484 4250 περιφόρητον
2541 4171 2605 4241 δὴ
2691 4185 2844 4233 τοῦτο
2927 4183 3020 4233 τοῦ
3093 4179 3382 4255 εὐπρεποῦς
3479 4175 3784 4255 κεφάλαιον,

2138 4262 2255 4338 περὶ
2311 4262 2414 4318 τῶν
2487 4263 2593 4319 ἀπὸ
2650 4267 2776 4321 τῶν¹
2840 4264 3208 4342 ἀξιωματικῶν
3307 4267 3629 4342 τικτομένων
3697 4267 3783 4320 γαὶ

2567 4353 2703 4410 ὥστε
2757 4356 2877 4417 τοὺς
2939 4357 3006 4431 μὲ
3079 4355 3156 4429 μὴ
3209 4354 3596 4436 ἀπελευθέροις,
3669 4355 3785 4418 τοὺς

3139 4447 3269 4520 πρὸς
3325 4447 3494 4524 γάμον
3561 4446 3791 4524 ἁρμόζε-

2143 4531 2283 4603 σθαι,
2345 4538 2422 4605 τῷ
2483 4530 2631 4607 νόμῳ
2695 4534 3081 4596 κεκανόνισται,
3160 4526 3289 4594 εὈτι
3374 4534 3428 4591 δὲ
3479 4536 3540 4591 16
3609 4542 3789 4590 τοιοῦ-

2144 4639 2233 4676 τον
2319 4619 2602 4700 κεφάλαιον
2677 4621 2978 4694 ἰδιαζόντως
3059 4627 3189 4703 πρὸς
3275 4625 3626 4704 ἀπαγόρευσιν
3693 4630 3793 4690 τῆς

2146 4716 2250 4765 τῶν
2312 4709 2681 4789 συγκλητικῶν
2740 4715 2870 4791 πρὸς
2940 4712 3314 4794 ἀπελευθέρους
3388 4715 3423 4782 ἢ
3511 4718 3792 4782 σκηνικοὺς

2147 4801 2426 4880 συναφείας
2484 4800 2878 4882 ἐκπεφώνηται,
2938 4805 3063 4862 αὐτὸ
3121 4805 3182 4860 16
3255 4810 3347 4861 τοῦ
3403 4803 3565 4880 νόμου
3593 4801 3792 4866 πλάτος

2146 4891 2474 4968 παραστήσει
2527 4889 2878 4968 ἀναγνωσθέν,
2942 4889 3031 4949 Ἐν
3126 4906 3249 4957 ταῖς
3334 4893 3628 4973 συναφείαίς
3694 4893 3795 4971 γὰρ

2147 4976 2325 5058 (φησὶ)
2378 4985 2482 5035 τῶν
2534 4978 2746 5060 γάμων,
2804 4980 2863 5036 οὖ
2921 4979 3081 5057 μόνον
3149 4982 3248 5048 τὴν
3329 4979 3594 5059 ἀκρίϐειαν
3663 5004 3789 5038 σκο-

2148 5071 2362 5124 πεῖσθαι
2394 5070 2594 5148 χρεὼν,
2648 5067 2766 5125 ἀλλ’
2799 5072 2843 5126 εἰ
2897 5072 2986 5128 καὶ
3042 5073 3235 5147 σεμνὸν
3291 5073 3397 5129 ἐστι
3451 5073 3513 5128 τὸ
3569 5071 3793 5151 πραττό-

2149 5180 2327 5234 μενον.
2364 5166 2464 5216 Τοῦ
2495 5157 2550 5215 δὲ
2620 5161 2857 5218 τοιούτου
2925 5162 3145 5225 κανόνος
3200 5162 3300 5232 τιὶν
3342 5162 3598 5243 ἀσάφειαν
3659 5163 3794 5219 ἀνα-

2142 5246 2424 5305 καλύπτων
2457 5251 2484 5304 6
2542 5249 2833 5330 Στέφανος,
2878 5252 2964 5307 καὶ
3022 5252 3192 5316 ποίοις
3245 5249 3500 5313 διδάσκων
3555 5251 3790 5332 ἁρμόζε-

2140 5341 2256 5395 σθαι
2285 5335 2348 5389 56
2376 5337 2564 5413 θέμασι
2599 5355 2612 5367 ’
2646 5349 2800 5398 τοῦτο
2828 5341 2952 5397 εἷπε
2986 5339 3185 5421 (φησὶν)
3220 5341 3273 5398 ἐν
3316 5349 3394 5416 τῷ
3450 5331 3554 5416 ις’
3596 5331 3795 5422 κειρα-

2137 5427 2291 5502 λαίῳ,
2359 5429 2637 5508 Σενάτορις
2691 5427 2837 5508 φίλια
2870 5445 2882 5459 ⁸
2943 5431 3133 5487 ὡσανεὶ
3217 5428 3412 5509 λέγων,
3475 5429 3796 5511 σαφέστερον

1743 5593 2006 5663 unus
2049 5594 2509 5698 LECTIONES.

484 5767 551 5823 ω
571 5777 666 5833 τοῦ
703 5766 1049 5852 «pugn
1077 5769 1386 5852 ἁρμόζεται.
