4128 6428
421 353 578 419 1115

1798 366 1829 427 J
1838 362 1930 427 US
1970 362 2413 431 CANONICUM

3655 359 3809 427 1116

421 512 554 555 mus
584 512 759 574 quam
791 493 935 575 ipsa;
963 492 1146 573 leges,
1181 512 1294 557 nec
1323 494 1654 558 canonibus
1685 497 1811 560 sive
1847 496 2068 578 regulis

2155 523 2326 581 τερος,
2373 497 2488 557 0'38‘3
2547 506 2652 557 τῶν
2710 499 2943 556 κανόνων
3001 498 3289 579 εὖθύτερος,
3347 496 3464 558 οὐδὲ
3521 502 3627 553 τῶν
3669 498 3799 554 τού-

417 583 664 654 rectior,
697 603 810 647 nec
865 584 1013 666 ipsis
1071 585 1347 649 Patribus
1400 586 1501 667 qui
1555 586 1768 648 harum
1797 596 2073 651 auctores

421 680 583 748 sunt,
619 673 679 735 in
710 675 990 737 sanandis
1015 694 1084 737 ac
1113 675 1506 757 repurgandis
1534 676 1751 739 animis
1801 677 2066 759 peritior,

422 763 763 845 quicunque
808 765 1049 826 tandem
1091 765 1196 829 sis.
1241 763 1355 829 Ubi
1384 784 1522 828 vero
1556 786 1741 829 novas
1801 768 2070 847 coegeris

417 854 696 935 synodos,
730 872 1036 936 novosque
1067 863 1258 917 tomos
1285 857 1729 938 composueris,
1773 858 2071 940 adjunctis

418 944 733 1006 sententiis
749 944 1188 1027 [mperatoriisz
1219 953 1358 1007 tunc
1383 945 1629 1008 fortasse
1659 967 1767 1009 nos
1799 950 1979 1011 etiam
2012 958 2070 1011 te

419 1052 743 1116 sequemur
769 1035 830 1096 in
863 1034 959 1116 iis,
993 1053 1127 1116 quae
1180 1044 1384 1115 postea
1431 1037 1775 1116 contingent
1809 1059 1823 1097 :
1858 1038 1964 1100 sed
1988 1037 2070 1100 ita

418 1132 640 1198 tamen,
676 1131 741 1185 ut
770 1143 874 1186 eos
913 1124 1013 1204 qui
1051 1126 1177 1205 jam
1230 1124 1377 1204 legis
1419 1127 1770 1189 auctoritate
1809 1127 2069 1209 copulati

419 1222 577 1289 sunt,
610 1233 680 1276 ac
710 1214 930 1276 liberos
961 1224 1373 1296 procrearunt,
1410 1235 1780 1298 nequaquam
1823 1236 2066 1299 separa-

418 1304 536 1365 turi
587 1303 811 1373 simus;
844 1323 920 1365 ne
969 1305 1189 1366 malum
1245 1305 1400 1366 malo
1450 1316 1752 1384 sanantes,
1807 1316 1865 1369 et
1905 1308 2070 1388 ipsos

418 1394 687 1472 digamos
735 1393 1081 1467 efﬁciamus,
1116 1402 1174 1455 et
1221 1406 1562 1475 procreatos
1608 1415 1678 1459 ex
1725 1396 1813 1458 eis
1842 1398 2070 1460 liberos

418 1483 790 1558 exhaaredes,
828 1491 885 1544 et
914 1483 1244 1558 mendicos,
1268 1491 1327 1545 et
1355 1483 1567 1559 Iros,et
1593 1485 1780 1566 ipsius
1811 1487 2070 1568 denique

2155 612 2277 654 τους
2306 590 2541 667 θεμένων
2590 589 2836 668 Πατέρων
2894 587 3463 668 ἐπιστημονικώτερος,
3486 589 3558 650 εἷς
3616 588 3810 667 ψυχῶν

2155 680 2431 760 θεραπείαν
2460 682 2548 736 καὶ
2576 667 2847 759 κάθαρσιν,
2911 677 3057 742 ὅστις
3100 679 3231 736 ποτὲ
3287 667 3365 741 εἶ,
3429 667 3566 736 υΟτε
3607 675 3665 733 δὲ
3719 687 3810 741 καὶ

2157 770 2276 833 νέας
2306 767 2552 832 συνόδους
2582 769 2859 848 ἀθροῖσεις,
2908 769 2997 824 καὶ
3037 768 3234 844 τόμους
3275 766 3481 846 ἑτέρους
3510 766 3806 841 συνθήσεις,

2153 860 2241 916 καὶ
2292 857 2572 936 βασιλικὰς
2616 857 2898 937 ἐπικρίσεις
2953 858 3294 937 προσθήσεις,
3350 857 3471 913 τότε
3522 855 3673 936 τάχα
3722 872 3837 912 σοι’

2153 949 2241 1003 καὶ
2281 948 2446 1021 ἡμεῖς
2490 946 2621 1025 πρὸς
2664 944 2759 1021 μὲν
2830 945 2895 1000 τὰ
2952 943 3240 1025 ἔμπροσθεν
3282 942 3806 1019 ἐπακολουθήσομεν,

2150 1038 2271 1100 τοὺς
2302 1034 2357 1091 δὲ
2413 1035 2562 1111 νόμῳ
2597 1034 2945 1115 συναφθέντας
3003 1032 3106 1101 ἤδη
3162 1036 3251 1090 καὶ
3287 1031 3798 1104 παιδοποιήσαντας,

2151 1125 2392 1201 οὐδαμῶς
2436 1122 2789 1204 διαζεύξομεν,
2847 1126 2921 1187 ὡς
2979 1122 3040 1179 ἂν
3100 1123 3177 1199 μὴ
3236 1121 3490 1202 διγάμους
3551 1122 3803 1201 ἀπεργα-

2151 1215 2386 1294 σώμεθα,
2419 1215 2568 1289 κακῷ
2596 1216 2658 1270 τὸ
2687 1216 2853 1270 κακὸν
2908 1214 3149 1289 ἰώμενοι,
3209 1211 3547 1291 ἆ··.οκλήρους
3602 1210 3658 1306 δὲ
3716 1223 3810 1276 καὶ

2149 1307 2270 1369 τοὺς
2304 1305 2501 1361 τούτων
2545 1302 2963 1383 ἁποτεχθέντας,
2994 1304 3082 1359 καὶ
3124 1302 3435 1383 προσαίτας,
3479 1303 3566 1358 καὶ
3610 1302 3806 1382 Ίρους,

2220 1397 2234 1417 κ
2309 1396 2381 1427 ’,κ
2491 1400 2512 1410 υ
2650 1395 2663 1409 ς
2731 1382 2772 1447 ιδ
2894 1392 2955 1427 ν.
3064 1393 3077 1413 ι
3193 1414 3215 1431 ί
3291 1382 3327 1403 υ
3351 1400 3363 1413 ε
3476 1389 3521 1446 δν
3552 1390 3585 1447 ἃ
3680 1391 3709 1447 ὁ

2149 1417 2237 1451 και
2267 1416 2395 1453 amo
2425 1414 2604 1474 τουτο,
2637 1414 2741 1449 ονει
2773 1416 2809 1459 η
2860 1415 2952 1459 τη,
3013 1413 3239 1472 eodem”
3329 1401 3446 1455 hu);
3587 1414 3613 1445 ν
3648 1413 3678 1447 τ
3711 1411 3808 1466 μος

2152 1484 2249 1560 μὲν
2308 1483 2454 1541 οὔπω
2518 1485 2695 1547 καινὸς
2742 1482 2942 1562 ἕτερος,
3004 1484 3051 1537 οἱ
3108 1482 3253 1538 αὐτοὶ
3308 1478 3365 1536 δὲ
3420 1482 3574 1557 νόμοι
3617 1502 3675 1536 τε
3718 1481 3811 1536 καὶ

418 1580 645 1634 naturae
700 1573 938 1653 probra.
1002 1572 1204 1635 Donec
1257 1582 1455 1636 autem
1529 1591 1716 1636 novus
1770 1576 2064 1657 quispiam

2155 1575 2368 1640 κανόνες
2440 1572 2733 1653 ἐπέχωσιν,
2808 1572 3140 1651 ἀναιρεθῆναι
3196 1568 3251 1627 δὲ
3305 1572 3518 1635 τούτους
3576 1570 3809 1650 ἀμήχα-

419 1672 615 1724 tomus
660 1662 813 1724 haud
857 1662 1163 1744 prodierit,
1200 1670 1258 1725 et
1286 1665 1508 1726 eaedem
1550 1665 1710 1745 leges
1759 1676 1935 1747 atque
1965 1685 2067 1728 ca-

2155 1687 2267 1744 νον,
2313 1662 2700 1744 ἀδυνατώτερον
2732 1664 2787 1720 εὖ
2820 1662 2926 1721 ἴσθι
2959 1665 3047 1719 καὶ
3100 1663 3165 1719 τὰ
3222 1663 3387 1725 οὕτως
3448 1660 3644 1742 ἔχοντα
3686 1659 3806 1716 δια-

419 1770 608 1815 nones
665 1754 924 1830 vigorem
977 1771 1147 1814 suum
1198 1753 1588 1828 obtinuerint,
1641 1773 1750 1815 nec
1787 1756 1915 1817 fieri
1957 1776 2068 1837 po-

2155 1753 2371 1821 λυθῆναι
2402 1755 2720 1814 συνοικέσια.
2757 1751 2930 1826 Ἀλλ’,
2977 1753 3022 1809 ὦ
3081 1751 3329 1809 Βέλτιστε
3371 1752 3460 1807 καὶ
3518 1771 3805 1829 σεμνοπρε-

418 1842 577 1911 terit.
630 1852 689 1905 ut
751 1842 1147 1904 aboleantur:
1208 1843 1395 1905 multo
1456 1843 1653 1907 minus
1709 1845 1835 1906 ﬁeri
1897 1866 2068 1926 posse

2156 1844 2405 1923 πέστατε,
2454 1847 2542 1900 καὶ
2587 1844 2765 1920 νόμων
2826 1843 3085 1921 εἰσηγητὲι
3141 1843 3335 1897 καινῶν
3395 1840 3503 1915 (καί
3575 1862 3657 1897 σοι
3701 1862 3807 1915 μηο

2160 1933 2200 1949 R‘
2399 1937 2410 1949 \
2553 1936 2564 1947 η
2644 1935 2656 1949 \
2847 1935 2860 1949 ι
2949 1934 2959 1949 ο
3237 1930 3281 1949 θ(
3418 1938 3444 1949 υ
3533 1929 3543 1946 θ
3742 1934 3768 1944 ο

418 1933 664 2007 scias,ut
693 1933 805 1994 hoc
837 1932 1011 1993 modo
1045 1940 1342 1995 contracta
1375 1933 1752 1995 matrimonia
1776 1935 2068 1998 diriman-

2155 1933 2239 1989 6‘2v
2322 1937 2455 2013 πρὸς
2540 1935 2727 2013 ὀργὴν,
2814 1934 3065 2011 εὖκαίρως
3150 1929 3645 2009 παρρησιαζομένης
3707 1934 3806 1995 τῆς

418 2029 534 2084 tur.
568 2021 682 2085 Sed
717 2021 904 2097 enim,
938 2021 1028 2083 vir
1055 2022 1278 2103 optime
1323 2040 1391 2085 ac
1444 2023 1813 2104 gravissime,
1853 2026 2068 2107 quique

2155 2022 2454 2104 ἀληθείας),
2496 2024 2716 2103 ἐπίσχες
2763 2025 2949 2102 μικρ3ν
3006 2022 3103 2089 τὴν
3157 2020 3423 2099 γλῶτταν,
3484 2019 3731 2098 ἐπίσχες,
3768 2021 3811 2074 εἷ

416 2110 611 2192 legum
641 2131 922 2173 novarum
957 2130 1022 2173 es
1044 2121 1251 2173 auctor
1279 2116 1447 2191 (cave
1478 2114 1898 2196 excandescas,
1927 2116 2066 2178 dum

2155 2111 2392 2187 δυνατὸν,
2441 2112 2687 2178 αἰδεσθεὶς
2746 2112 2846 2188 ὀψέ
2891 2132 3019 2168 ποτε
3063 2110 3265 2170 παλαιά
3316 2131 3372 2166 τε
3432 2108 3566 2185 ὁμοῦ
3604 2109 3693 2165 καὶ
3722 2108 3812 2164 νέα

417 2209 748 2280 opportune
770 2202 984 2262 veritas
1012 2201 1264 2262 liberius
1295 2211 1485 2263 tecum
1519 2202 1687 2282 agit),
1722 2223 1933 2267 coerce
1960 2205 2068 2267 lin—

2160 2203 2404 2282 Πατέρων
2436 2200 2748 2280 διδάγματα,
2808 2205 2882 2257 ὧν
2940 2202 3016 2277 μὴ
3062 2200 3276 2279 μέταιρε
3328 2198 3467 2278 ὅρια.
3502 2196 3813 2274 Ἀνάμεινον

418 2310 616 2370 gnam,
649 2310 862 2353 coerce
894 2292 1197 2372 paululum
1214 2293 1263 2353 si
1281 2300 1470 2371 potes;
1494 2293 1730 2354 tandem
1754 2292 2068 2375 aliquando

2155 2298 2245 2351 τὸν
2276 2304 2367 2352 τοῦ
2396 2295 2570 2374 λέγειν
2613 2299 2701 2352 καὶ
2755 2294 3048 2373 ἀντιλέγειν
3092 2294 3255 2351 τόπον
3305 2314 3361 2349 τε
3399 2294 3486 2349 καὶ
3528 2293 3734 2371 καιρὸν,
3779 2293 3812 2347 ἃ

419 2380 613 2461 prisca
642 2380 863 2462 pariter
905 2399 972 2443 ac
1001 2384 1266 2443 recentia
1299 2386 1529 2443 Patrum
1566 2383 1806 2445 decreta
1837 2384 2068 2447 reveri-

2157 2384 2274 2461 μετ’
2308 2384 2485 2463 ὁλὲγον
2524 2384 2630 2451 ἥξει
2663 2407 2770 2446 σοι.
2805 2375 2932 2442 ’Ἔτι
2975 2386 3175 2465 βραχὺ,
3219 2384 3307 2439 καὶ
3349 2382 3405 2438 ἐν
3432 2381 3654 2459 καθέδρᾳ
3682 2401 3809 2457 πρε-

412 2479 543 2542 tus,
604 2490 856 2551 quorum
937 2474 1228 2532 terminos
1304 2489 1379 2532 ne
1451 2492 1708 2536 moveas.
1785 2473 2068 2554 Exspecta

2158 2474 2421 2553 σϐυτέρων
2456 2475 2674 2539 αἰνέσεις
2717 2477 2809 2531 τὸν
2848 2476 3054 2553 Κύριον.
3113 2475 3173 2532 Τί
3215 2475 3315 2551 πρὸ
3358 2477 3465 2528 τῶν
3519 2471 3714 2550 θρόνων
3745 2471 3811 2526 τὰ

414 2559 656 2621 dicendi
715 2570 773 2622 et
828 2560 1281 2622 contradicendi
1338 2563 1532 2623 locum
1584 2572 1758 2644 atque
1812 2572 2065 2645 tempus,

2155 2565 2261 2620 τῶν
2317 2564 2514 2644 θρόνων
2577 2565 2875 2643 ἁρπάζειςς
2938 2566 2997 2621 Τί
3053 2561 3320 2638 δεσμενεις
3383 2562 3566 2640 φορτία
3611 2556 3806 2615 δυσϐά-

415 2650 589 2729 panlo
645 2658 773 2730 post
824 2650 1156 2713 obventnra
1217 2650 1343 2713 tibi.
1405 2649 1619 2713 Parum
1660 2654 1858 2714 adhuc
1893 2655 2067 2733 Spatii

2155 2676 2376 2728 στακτα,
2427 2655 2457 2708 ἃ
2514 2652 2647 2729 μηδὲ
2683 2660 2759 2728 τῷ
2802 2651 3042 2726 δακτύλῳ
3069 2656 3283 2719 κινῆσαι
3312 2647 3529 2707 δυνατόν
3561 2668 3578 2729 ;
3614 2650 3811 2726 Μικρὸν

413 2745 620 2814 restat,
669 2751 731 2800 et
780 2739 840 2800 in
887 2739 1037 2801 solio
1076 2739 1379 2802 seniorum
1410 2740 1680 2803 laudabis
1714 2742 2064 2805 Dominum.

2155 2741 2275 2821 ὅσον
2329 2744 2417 2799 καὶ
2477 2745 2505 2799 ὁ
2561 2747 2662 2809 τῆς
2717 2740 3050 2805 διδασκαλίας
3113 2740 3293 2821 θρόνος
3365 2761 3425 2796 σε
3481 2736 3807 2804 ὑποδέξεται.

413 2828 534 2892 Cnr
556 2836 695 2891 ante
724 2830 993 2905 thronos,
1022 2848 1271 2892 munera
1302 2829 1619 2893 tbonorum
1654 2830 1727 2893 ad
1757 2843 1815 2893 te
1847 2832 2010 2913 rapis
2040 2832 2068 2893 ‘1

2155 2820 2309 2911 Ἀρον
2336 2830 2515 2905 κύκλῳ
2542 2833 2664 2897 τοὺς
2695 2832 2994 2912 ὀφθαλμούς
3053 2820 3171 2910 σου,
3230 2830 3318 2886 καὶ
3375 2826 3480 2903 ἴδε,
3530 2829 3605 2892 ὡς
3632 2829 3669 2896 ἦ
3712 2829 3811 2903 μὲν

417 2936 523 2980 cur
552 2937 737 2981 onera
767 2926 1003 2998 portatu
1033 2918 1303 2982 difﬁcilia
1330 2920 1594 2999 colligas,
1629 2940 1762 3003 quae
1785 2940 1896 2983 nec
1920 2922 2068 3000 digi-

2155 2920 2318 3002 ἔνθεν,
2351 2923 2385 2988 ἠ
2416 2920 2472 2977 δὲ
2521 2920 2753 2981 ἐντεῦθεν
2810 2927 2918 2977 τῶν
2974 2917 3354 2998 μητροπόλεων
3410 2916 3808 2996 περιμένουσαι,

421 3016 477 3069 ιο
531 3007 757 3068 moveri
792 3009 1083 3089 possunt?
1112 3008 1224 3073 Ubi
1266 3010 1501 3091 paulum
1556 3011 1753 3073 adhuc
1783 3013 2068 3093 temporis

2155 3011 2354 3076 ὑπτίαις
2383 3031 2440 3067 σε
2472 3013 2654 3090 χερσὶν
2710 3007 3123 3090 ἀπεκδέχονται,
3184 3009 3270 3064 καὶ
3312 3005 3813 3078 ἀντιζηλοτυποῦσιν

416 3096 634 3205 abierit
698 3096 961 3200 doctoris
1029 3106 1086 3160 te
1141 3100 1764 3205 “thronusuexcipiet.
1802 3189 1816 3205 ‘
1849 3103 2068 3205 Uculos

2155 3098 2415 3170 ἀλλήλαις
2460 3099 2734 3178 ἐρίζουσαι.
2773 3099 2968 3179 ποτέρα
3024 3098 3224 3156 τούτων
3252 3096 3569 3205 καθηγητὴν
3600 3095 3698 3205 Bx'a'tl
3727 3092 3810 3151 δι-

413 3186 679 3269 undique
733 3195 865 3249 tuos
906 3188 1264 3261 circumfer;
1299 3209 1368 3252 ac
1397 3190 1531 3251 vide
1562 3189 2067 3269 quemadmodum

417 3277 545 3339 haec
605 3277 682 3338 ab
740 3277 893 3353 hac,
952 3277 1106 3340 illaec
1163 3278 1236 3341 ab
1311 3279 1426 3341 ista
1486 3287 1654 3361 parte
1723 3281 2071 3361 metropolis

418 3374 773 3442 exspectans
822 3366 1055 3447 supinis
1103 3375 1162 3430 te
1205 3368 1477 3431 manibus
1508 3368 1847 3449 excipiant;
1884 3370 2070 3433 altera

417 3454 695 3517 invidens
721 3455 916 3530 alteri,
945 3455 1083 3517 dum
1126 3465 1257 3520 utra
1287 3458 1499 3520 ducem
1550 3458 1977 3541 doctoremque
2010 3471 2067 3523 te

418 3544 497 3607 sit
526 3545 802 3607 habitura
830 3546 1217 3609 contendunt.
1242 3546 1391 3609 Tum
1452 3548 1733 3609 nimirum
1789 3557 1848 3611 et
1897 3568 2067 3611 com-

420 3634 658 3697 modius
713 3635 937 3716 trades,
996 3656 1126 3716 quae
1170 3638 1291 3699 visa
1347 3637 1449 3699 tibi
1507 3637 1766 3708 fuerint;
1820 3641 2068 3719 etleges

420 3724 642 3804 majore
685 3744 821 3786 cum
874 3726 1238 3789 confidentia
1265 3726 1442 3798 feres,
1479 3736 1535 3788 et
1571 3726 1829 3790 vicissim
1884 3731 2069 3809 magis

416 3813 614 3876 adhuc
643 3833 794 3876 nova
825 3815 1249 3896 promulgabis.
1288 3825 1349 3879 et
1380 3816 1527 3879 alios
1556 3817 1814 3879 clamore
1844 3820 2063 3881 vinces.

417 3901 569 3975 Quin
603 3910 777 3966 etiam
804 3905 956 3966 elato
988 3905 1337 3985 supercilio,
1393 3914 1621 3967 torvum
1657 3926 1758 3968 eos
1791 3908 2071 3970 intuebe-

416 3992 522 4065 ris,
556 4011 625 4054 ac
667 3992 973 4055 titanicum
1006 3993 1067 4054 in
1103 4013 1372 4075 morem;
1408 4013 1738 4076 nasumque
1783 4005 1968 4057 totum
2008 3997 2070 4058 in

421 4098 525 4143 eos
552 4083 874 4163 expandes,
911 4093 968 4146 et
997 4082 1246 4145 fortasse
1271 4085 1699 4146 moderatiores
1725 4104 1801 4145 ne
1830 4086 2068 4167 quidem

420 4172 741 4233 mussitare
773 4174 957 4247 sines,
992 4174 1221 4233 tametsi
1278 4173 1518 4236 canitiei
1550 4183 1608 4235 et
1639 4175 1827 4236 astatis
1873 4175 2068 4254 digni-

2153 3186 2414 3247 δάσκαλον
2454 3189 2555 3268 ἕξει
2600 3211 2681 3251 σε,
2740 3190 2870 3248 Τότε
2927 3195 3049 3267 γοῦν
3092 3189 3181 3244 καὶ
3211 3187 3473 3264 εἶσηγήσῃ
3502 3186 3567 3241 τὰ
3595 3182 3812 3250 δόξαντα

2154 3282 2538 3360 εὐκαιρότερον,
2616 3282 2702 3337 καὶ
2772 3279 3131 3356 θεμιστεύσεις
3198 3275 3641 3355 θαρραλεώτερον,
3722 3274 3814 3330 καὶ

2152 3372 2644 3448 ἂντινομοθετήσεις
2703 3374 2769 3429 τὰ
2822 3371 2899 3427 ἔτι
2968 3370 3268 3448 καινότερα,
3343 3370 3433 3425 καὶ
3486 3367 3807 3447 ὕπερφωνή-

2152 3485 2262 3527 σεις
2292 3462 2411 3526 τοὺς
2443 3459 2660 3526 ἄλλους.
2696 3462 2793 3520 Καί
2822 3482 2923 3517 που
2976 3460 3064 3516 καὶ
3119 3460 3210 3524 τὰς
3262 3458 3418 3538 ὀφρῦς
3473 3456 3806 3526 ἀνασπάσας,

2150 3550 2303 3632 δριμύ
2331 3573 2381 3607 τι
2438 3552 2641 3615 τούτοις
2686 3548 2996 3627 ἐμϐλέψεις,
3041 3549 3129 3605 καὶ
3184 3543 3490 3619 τιτανῶδες,
3533 3546 3623 3601 καὶ
3678 3542 3804 3600 ὅλον

2152 3642 2333 3705 αὖτοϊς
2376 3643 2465 3697 τὸν
2511 3642 2753 3721 μυκτῆρα
2822 3636 3187 3714 δημοσιεύσεις
3222 3651 3239 3668 ⁸
3313 3636 3400 3691 καὶ
3456 3632 3572 3692 οὐδὲ
3623 3632 3806 3713 γρύξαι

2150 3732 2319 3811 τυχὸν
2359 3733 2479 3795 τοὺς
2554 3729 2970 3809 ἐπιεικεστέρους
3034 3727 3281 3808 ἀφήσεις,
3348 3722 3447 3782 κᾶν
3501 3722 3665 3795 πολιᾷ
3718 3723 3812 3779 καὶ

2152 3810 2334 3900 χρόνῳ
2362 3820 2665 3900 προέχωσιν
2700 3835 2714 3849 ⁸
2777 3820 2850 3881 ὡς
2907 3819 2993 3874 νῦν
3024 3837 3084 3895 γε
3130 3821 3233 3872 τῶν
3278 3810 3644 3893 πρεσϐυτέρων
3668 3833 3809 3869 κατ-

2154 3910 2525 3987 επαιρόμενος,
2560 3910 2737 3965 καὶτὸ
2792 3915 2886 3965 τοῦ
2938 3905 3102 3985 λόγου
3158 3904 3213 3959 ἐν
3268 3905 3430 3982 καρὸς
3460 3902 3592 3979 αἴσῃ
3622 3901 3809 3966 αὐτοὺς

2154 3998 2520 4077 λογιζόμενος.
2559 3999 2740 4077 Κρῖμα
2768 4003 2971 4071 σεαυτῷ
3015 3994 3363 4073 θησαυρίζεις,
3412 3992 3467 4048 ἐν
3506 3991 3681 4069 ἡμέρᾳ
3708 3990 3809 4046 ἆν-

2153 4086 2489 4152 ταποδόσεως
2522 4088 2801 4167 περιμένον
2851 4108 2933 4149 σε,
2969 4083 3116 4143 Ἀλλ’
3149 4085 3209 4141 οὗ
3264 4083 3534 4159 πείθομεν.
3594 4083 3692 4140 Καὶ
3746 4082 3808 4137 τὸ

2156 4177 2276 4245 ἐξῆς
2307 4179 2462 4243 αὐτὸς
2506 4184 2708 4251 σεαυτῷ
2752 4175 2985 4254 ἐπέλεγε.

421 4268 538 4323 tate
569 4268 851 4340 praestent
883 4279 897 4323 :
933 4262 1171 4342 quando
1211 4263 1334 4342 jam
1393 4271 1575 4325 temet
1617 4263 1900 4325 adversus
1947 4265 2220 4328 seniores
2249 4267 2525 4345 efferens,
2562 4284 2782 4347 eosque
2812 4265 2943 4328 loco
2973 4262 3379 4343 gregariorum
3412 4260 3587 4342 (quod
3619 4259 3806 4335 aiunt)

418 4350 673 4412 militum
725 4349 976 4432 habens,
1028 4351 1595 4413 condemnationem
1649 4352 1779 4432 ipse
1822 4352 1928 4415 tibi
1968 4356 2255 4430 cumulas,
2291 4374 2421 4437 quae
2469 4355 2576 4417 tibi
2623 4356 2695 4417 ad
2747 4355 2907 4418 diem
2955 4354 3123 4416 illum
3167 4349 3673 4435 compensationis
3719 4356 3810 4412 est

416 4440 837 4521 exspectanda.
866 4440 986 4504 Sed
1015 4440 1234 4502 frustra
1263 4442 1389 4503 haec
1448 4440 1535 4503 Tu
1568 4441 1694 4523 ipse
1724 4441 1828 4503 tibi
1861 4444 2017 4523 quod
2053 4456 2355 4526 superest,
2388 4444 2720 4526 adjungito.

1035 4547 1445 4613 RESPONSIO

415 4643 515 4707 Ad
545 4661 707 4725 cum,
740 4645 848 4726 qui
876 4643 1214 4726 prohibitus
1238 4644 1443 4726 aiebat
1473 4661 1599 4706 esse
1636 4650 1886 4726 nuptias
1911 4645 2073 4709 inter

654 4724 946 4803 personas
972 4742 1051 4787 ea:
1081 4724 1274 4787 tribus
1296 4725 1549 4786 diversis
1578 4724 1853 4788 fam-iliis.

498 4818 762 4883 Caniclei
793 4818 1034 4900 quidem
1079 4837 1299 4898 prases
1327 4817 1649 4901 obstinate,
1682 4831 1860 4902 atque
1891 4819 2067 4882 etiam

414 4910 956 4981 inconsiderate(ut
986 4909 1119 4970 lene
1149 4908 1292 4990 quid
1326 4908 1779 4988 dicam),instat,
1814 4910 2071 4972 nefarias

416 4999 697 5080 inquiens
757 5017 891 5061 esse
950 4997 1187 5079 nuptias
1238 4998 1395 5059 inter
1449 5016 1733 5079 personas
1765 4998 1937 5062 trium
1971 4999 2067 5062 di-

417 5108 721 5152 versarum
793 5088 1174 5151 familiarum.
1236 5086 1491 5151 Temere
1552 5108 1695 5153 vero
1747 5090 1807 5151 id
1865 5090 2068 5154 dicere

416 5178 813 5242 convincitur.
845 5177 1078 5259 Quippe
1108 5177 1257 5239 nihil
1288 5177 1458 5240 affert
1490 5197 1558 5241 ex
1583 5180 1744 5259 jure,
1782 5180 1941 5261 quod
1973 5180 2067 5242 lo-

419 5287 552 5330 cum
610 5266 849 5329 habeat.
885 5268 1009 5347 Ego
1057 5286 1194 5329 vero
1228 5283 1435 5330 servus
1468 5276 1623 5344 tuus,
1658 5270 1815 5350 quod
1847 5269 2070 5332 diserte

420 5375 536 5418 non
562 5354 810 5417 vetitum
845 5365 934 5418 est
955 5373 987 5418 a
1018 5356 1173 5435 lege,
1209 5373 1581 5437 nequaquam
1604 5375 1675 5420 ex
1707 5357 2068 5439 conjectuiis

416 5445 734 5509 admittere
765 5463 1027 5526 possum,
1063 5454 1341 5526 tanquam
1372 5464 1741 5527 eXpressum.
1771 5449 1886 5510 Lex
1906 5446 2067 5511 enim

415 5536 492 5598 de
543 5534 821 5617 personis
871 5534 1051 5595 trium
1110 5534 1476 5597 diversarum
1527 5536 1884 5599 familiarum
1937 5555 2070 5619 quae

419 5622 775 5689 contrahere
802 5630 1101 5705 vetantur,
1127 5622 1351 5688 diserte
1373 5625 1570 5690 verbis
1598 5628 1765 5693 hisce
1793 5628 2054 5692 disserit:

2780 4558 3169 4611 ΛΠᾹΝῙἩΣΙΣ

2161 4671 2183 4706 e
2222 4650 2357 4728 Πρὸς
2391 4650 2483 4706 τὸν
2505 4644 2729 4726 λέγοντα
2753 4644 3282 4728 κεκωλυμένον-εἷναι
3314 4645 3406 4700 τὸν
3437 4641 3497 4699 ἐκ
3525 4640 3808 4722 τριγενείας

2548 4728 2743 4806 γάμον,
2785 4727 2873 4783 καὶ
2923 4726 3332 4807 ἀσυγχώρητον.
3370 4747 3398 4779 ι

2236 4813 2293 4881 Ὀ
2355 4822 2453 4899 μὲν
2507 4820 2592 4878 ἐπὶ
2642 4819 2969 4891 Κανικλείου,
3030 4819 3388 4897 ἀμεταθέτως,
3451 4819 3511 4874 οὺ
3566 4815 3701 4875 πολὺ
3755 4814 3810 4872 δὲ

2153 4913 2325 4969 εἰπεῖν
2372 4912 2461 4968 καὶ
2516 4910 2913 4991 ἀπερισκέπτως
2970 4909 3257 4984 ἐνίσταται,
3302 4907 3476 4987 λέγων
3521 4908 3664 4965 εἶναι
3720 4907 3811 4962 τὸν

2154 4999 2430 5082 εἰρημένον
2502 4999 2563 5058 ἐκ
2632 5001 2917 5079 τριγενείας
2975 5000 3148 5078 γάμον
3216 4998 3549 5073 παράνομον.
3611 4994 3808 5073 Ἐλέγ-

2151 5114 2308 5173 χεται
2362 5088 2417 5147 δὲ
2489 5090 2666 5166 μάτην
2732 5091 3114 5170 φθεγγόμενος.
3185 5086 3344 5146 Οὐδὲν
3400 5088 3488 5143 καὶ
3544 5086 3808 5166 παρίστη-

2153 5204 2234 5238 σιν
2258 5180 2319 5237 ἐκ
2354 5186 2446 5238 τοῦ
2489 5180 2653 5256 νόμου
2707 5179 2932 5260 καίριον.
2993 5175 3138 5257 Ἐγὼ
3180 5175 3235 5234 δὲ
3294 5179 3323 5234 ὁ
3365 5174 3549 5240 δοῦλός
3609 5197 3701 5233 σου
3743 5176 3807 5232 τὸ

2153 5270 2231 5347 μὴ
2275 5270 2418 5350 παρὰ
2466 5268 2558 5326 τοῦ
2606 5269 2772 5346 νόμου
2831 5276 2999 5337 ,ητῶς
3043 5267 3277 5326 κωλυθὲν
3320 5268 3380 5324 οὗ
3421 5265 3644 5341 δύναμαι
3701 5264 3809 5321 ἀπὸ

2153 5366 2482 5441 στοχασμῶν
2539 5360 2611 5425 ὡς
2670 5358 2974 5439 ἐκφωνηθὶν
3056 5355 3471 5440 παραδέχεσθαι.
3536 5357 3636 5416 Καὶ
3706 5354 3810 5435 γὰρ

2153 5452 2181 5506 ὁ
2211 5450 2372 5526 νόμος
2416 5451 2535 5529 περὶ
2588 5454 2696 5506 τῶν
2752 5447 2813 5504 ἐκ
2865 5448 3152 5528 τριγενείας
3210 5443 3593 5521 κεκωλυμένων
3634 5444 3811 5523 ῥητῶς

2153 5536 2381 5613 διέλαϐε,
2428 5540 2645 5619 φάσκων
2672 5535 2839 5601 οὕτως
2874 5556 2890 5571 ⁶
2947 5534 3077 5596 Οὐδὲ
3130 5536 3230 5605 τὴν
3279 5535 3409 5593 ποτὲ
3450 5547 3681 5615 γυναῖκα
3718 5540 3814 5591 τοῦ

2154 5629 2416 5707 προγόνου
2476 5624 2577 5703 μου
2648 5625 2926 5704 λαμϐάνω.
2988 5624 3118 5686 Οὖδὲ
3175 5628 3210 5696 ἡ
3267 5625 3496 5707 μητρυιὰ
3552 5621 3811 5703 λαμϐάνει
