4128 6416
386 385 408 450 1
427 386 448 451 1
467 387 534 449 17
1725 386 2025 451 ϐΒιΕΟΟ-

2113 386 2416 452 )MANUM
3615 383 3768 448 1118

377 526 468 581 τὸν
499 524 781 602 γενόμενον
824 521 981 602 ἄνδρα
1023 527 1119 592 τῆς
1180 523 1444 604 προγόνης
1495 527 1658 590 αὐτῆς
1694 541 1709 558 ο
1764 522 1797 576 ἃ
1839 517 2025 601 σχεδὸν

2115 516 2236 580 Nec
2289 536 2532 580 uxorem
2592 518 2841 600 privigni
2896 519 3194 600 quondam
3258 517 3377 580 mei
3427 519 3601 581 duco.
3649 516 3772 580 Nec

377 615 464 670 καὶ
493 612 703 693 πρώτου
733 613 934 690 βαθμου
966 614 1117 686 εἰσιν,
1155 612 1208 668 εἴ
1265 634 1344 675 τις
1374 612 1471 668 κᾶν
1529 612 1742 673 τούτους
1802 611 2025 688 εἰσάγειν

2115 623 2370 669 noverca
2399 606 2569 670 nubit
2614 608 2668 670 ei
2703 608 2804 689 qui
2830 609 2917 669 vir
2944 607 3226 688 privignm
3253 607 3439 688 ipsius
3470 607 3598 668 fuit.
3631 605 3773 679 Qua:

375 703 607 780 βαθμοὺς
667 699 990 760 ἐκϐιάσοιτο.
1049 704 1171 782 Περὶ
1226 701 1280 758 δὲ
1335 709 1442 758 τῶν
1512 699 1686 757 ἄλλων
1745 698 1803 755 ἐκ
1859 718 2025 778 τριγε-

2115 715 2258 758 sane
2285 697 2716 778 propemodum
2737 697 2914 778 primi
2946 705 3080 759 sunt
3103 696 3346 777 gradus,
3376 695 3426 757 si
3447 694 3656 776 quisin
3684 695 3776 757 his

375 794 535 866 νείας,
585 794 659 856 ὡς
713 790 1026 872 ἀκωλύτων,
1101 790 1245 848 οὒδὲν
1310 791 1449 854 ὅλως
1506 793 1534 848 ὁ
1591 791 1753 866 νόμος
1803 785 2025 845 διέλαϐε.

2117 785 2294 848 etiam
2326 786 2542 865 gradus
2591 786 2977 848 introducere
3046 794 3237 866 cogat.
3321 788 3406 849 De
3445 784 3676 846 ueteris
3707 803 3774 846 ex

381 883 474 938 Διὸ
527 883 614 938 καὶ
685 879 847 946 οὐδεὶς
907 879 1153 937 οὑόέποτε
1233 880 1484 947 δικαστὴς
1548 887 1785 936 τοιοῦτον
1863 878 2025 955 γάμον

2118 874 2307 936 tribus
2335 874 2580 937 familiis
2611 875 2881 950 diversis,
2907 876 3064 937 velut
3087 877 3162 938 ad
3194 893 3343 956 quos
3375 875 3535 936 nulla
3561 873 3771 954 prohi-

375 970 617 1030 διέσεισε.
655 971 899 1050 Καθάπερ
928 969 1114 1046 ἀμέλει
1159 971 1334 1028 καὶέν
1392 975 1470 1044 τῷ
1532 969 1683 1046 τόμῳ
1735 975 1825 1024 τοῦ
1883 973 2034 1022 Σισι-

377 1061 504 1134 νίου,
573 1059 601 1116 ὃ
672 1060 770 1136 μὲν
823 1060 1000 1138 ῥητῶς
1056 1059 1372 1133 κεκώλυται,
1422 1057 1586 1115 ’ἕκτου
1633 1059 1836 1134 βαθμοῦ
1892 1057 2034 1133 εὑρι-

376 1151 657 1230 σκόμενον,
717 1149 1017 1226 μεμένηκεν
1088 1147 1424 1229 ἀπαράϐατον
1450 1168 1466 1184 ⁸
1535 1149 1562 1204 ὃ
1633 1145 1686 1202 δὲ
1755 1159 2028 1225 παρεῖται,

376 1237 579 1308 δηλαδὴ
637 1240 710 1302 ὡς
765 1238 1060 1320 ἀκώλυτον,
1119 1239 1242 1319 παρ’
1288 1237 1494 1301 οὐδενὸς
1554 1237 1688 1312 μετά
1739 1242 1903 1292 ταῦτα
1932 1255 2028 1290 κε-

374 1327 609 1387 κώλυται
642 1345 657 1360 ⁶
722 1327 851 1409 ὅπερ
908 1328 1017 1385 ἐστὶ
1073 1331 1132 1385 τὸ
1176 1329 1228 1395 ἐξ
1272 1327 1518 1407 ἐκατέρου
1577 1327 1764 1406 μέρους
1825 1325 2022 1405 ἰσάζον,

375 1419 500 1475 ὅταν
531 1421 672 1484 θεῖος
701 1419 788 1474 καὶ
844 1419 1082 1494 ἀνεψιὸς,
1131 1418 1268 1475 θείαν
1327 1417 1584 1493 λαμϐάνει
1640 1418 1728 1474 καὶ
1783 1416 2026 1492 ἀνεψιάν,

379 1507 516 1564 Δέκα
571 1508 671 1586 γὰρ
712 1509 798 1564 καὶ
841 1509 976 1564 ἑπτὰ
1037 1507 1128 1574 ἔτη
1186 1508 1489 1586 κοιαίστωρι
1533 1506 1641 1562 ὄντι
1700 1505 2028 1583 ἐξυπηρετη-

375 1597 555 1672 σάμην
610 1602 688 1670 τῷ
746 1598 1010 1676 μακαρίτῃ
1071 1599 1231 1678 κυρίῳ
1307 1620 1407 1673 μου
1465 1604 1544 1672 τῷ
1602 1602 1873 1671 ὺίυστικῷ,
1945 1596 2031 1650 καὶ

373 1693 610 1743 τοιαῦται
637 1683 830 1742 πολλαὶ
861 1687 1132 1750 ὑποθέσεις
1192 1687 1513 1757 ἐκινήθησαν
1569 1684 1620 1742 ἕν
1650 1707 1706 1741 τε
1742 1691 1810 1761 τῇ
1869 1685 2028 1760 βασι-

2121 964 2264 1026 bitio
2299 965 2612 1045 pertineat,
2669 965 2817 1026 nihil
2875 965 3119 1027 omnino
3151 965 3243 1026 lex
3290 973 3378 1027 est
3434 963 3768 1044 complexa.

2119 1053 2242 1127 Quo
2271 1054 2356 1128 ﬁt,
2382 1061 2446 1115 ut
2467 1054 2666 1116 nullus
2714 1073 2970 1136 unquam
2998 1055 3177 1134 judex
3202 1051 3498 1134 ejusmodi
3531 1049 3773 1132 nuptias

2115 1144 2487 1226 oppugnarit.
2541 1144 2750 1207 Itidem
2783 1145 2842 1205 in
2897 1144 3100 1208 Sisinii
3153 1152 3336 1218 tomo,
3372 1142 3526 1222 quod
3551 1141 3773 1203 diserte

2115 1233 2480 1316 prohibitum
2535 1233 2666 1310 fuit,
2727 1235 2904 1295 veluti
2960 1234 3118 1316 (μικά
3176 1233 3328 1296 sexti
3375 1232 3591 1313 gradus
3639 1248 3773 1292 esse

2112 1324 2686 1404 deprehenderetur,
2709 1343 2744 1386 a
2771 1324 3010 1386 nemine
3042 1332 3328 1387 tentatum
3348 1322 3584 1384 mansit:
3613 1318 3771 1401 quod

2113 1422 2310 1476 autem
2343 1414 2652 1485 omissum,
2687 1414 2870 1476 veluti
2919 1415 3076 1494 quod
3111 1413 3355 1475 minime
3381 1417 3702 1484 vetaretur,
3738 1427 3773 1470 a

2112 1504 2355 1566 nemine
2411 1503 2694 1585 deinceps
2749 1503 3113 1584 prohibitum
3170 1503 3302 1566 fuit.
3357 1502 3420 1564 Id
3473 1518 3610 1562 vero
3659 1505 3768 1572 est,

2114 1593 2266 1673 quod
2302 1611 2372 1654 ex
2401 1601 2652 1674 utraque
2683 1602 2847 1674 parte
2879 1594 3198 1674 quamdam
3244 1591 3422 1654 habet
3459 1588 3770 1670 aequalita-

2115 1689 2231 1743 tem
2269 1700 2282 1744 :
2322 1682 2408 1743 uti
2438 1701 2572 1745 cum
2608 1691 2849 1764 patruus
2881 1690 2939 1744 et
2969 1684 3166 1743 fratris
3219 1682 3399 1756 ﬁlius,
3434 1679 3676 1743 amitam
3713 1685 3776 1738 et

374 1775 598 1852 λευούσῃ
639 1777 728 1831 καὶ
771 1775 824 1830 ἐν
865 1789 984 1840 τοῖς
1029 1773 1147 1842 ἔξω.
1212 1777 1308 1833 Καὶ
1365 1777 1494 1855 πρὸς
1556 1775 1760 1832 ἐκεῖνον
1805 1773 2025 1853 ἔγραφον

2113 1771 2305 1834 fratris
2334 1773 2512 1836 ﬁliam
2561 1773 2803 1834 ducunt.
2866 1772 3154 1854 Equidem
3199 1772 3371 1833 annis
3423 1786 3545 1832 xvu
3603 1767 3773 1829 bona)

375 1869 421 1923 οἱ
456 1865 649 1944 κριταὶ.
688 1866 787 1922 Καὶ
842 1866 912 1930 εἷς
958 1867 1020 1921 τὸ
1077 1866 1448 1944 κοιαιστώριον
1503 1862 1556 1920 δὲ
1599 1864 1834 1921 τοιαῦται
1893 1862 2029 1919 πολ-

375 1953 461 2010 λαὶ
532 1955 802 2018 ὑποθέσεις
886 1953 1176 2015 ἐκινοῦντο,
1271 1953 1420 2011 Ἀλλ’
1481 1952 1728 2010 οὐδέποτε
1799 1952 2033 2015 τοιοῦτος

378 2041 615 2111 ἐκωλύθη
673 2044 895 2120 βαθμός.
951 2042 1041 2101 Ἐν
1097 2043 1194 2118 μὲν
1246 2045 1345 2121 γὰρ
1389 2049 1456 2120 τῇ
1513 2050 1707 2124 φυσικῇ
1761 2041 2034 2120 συγγενείᾳ

379 2136 471 2189 τὸν
522 2131 743 2210 ἕϐδομον
787 2134 986 2210 βαθμὸν
1043 2136 1101 2192 οὒ
1157 2132 1608 2212 παρεξερχόμεθα.
1671 2130 1797 2188 Οὒδὲ
1855 2132 1953 2209 γὰρ
1995 2133 2030 2198 ἡ

381 2222 528 2302 φύσις
597 2221 848 2302 ἀνέχεται
905 2222 1034 2301 ὑπὲρ
1089 2228 1273 2278 τοῦτον
1340 2223 1432 2277 τὸν
1488 2222 1690 2298 βαθμὸν
1739 2220 1838 2288 τὴν
1890 2219 2030 2290 ζωὰν

281 2343 286 2347 -
379 2317 485 2366 σῶν
536 2310 822 2390 ἀνθρώπων
877 2311 1284 2373 ἐπεκτείνεσθαι,
1346 2307 1434 2368 Ἐν
1490 2309 1544 2366 δὲ
1586 2323 1705 2373 τοῖς
1750 2309 1800 2374 ἐξ
1860 2309 2028 2388 ἀγχι-

377 2399 552 2464 στείας
581 2401 668 2456 καὶ
708 2413 824 2458 τοῖς
856 2400 916 2457 ἐκ
944 2400 1252 2479 τριγενείας,
1289 2399 1387 2457 ὅσα
1444 2401 1472 2455 6
1504 2399 1662 2475 νόμος
1693 2399 1758 2477 ῥη
1773 2403 1866 2462 τῶς
1898 2396 2021 2454 διωο

376 2490 575 2568 ρίσατο,
609 2488 772 2546 ταῦτα
801 2488 1066 2568 ὀφείλουσι
1097 2487 1551 2569 διαφῡλάττεσθαι.
1587 2493 1658 2546 Τὸ
1709 2488 1763 2543 δὲ
1813 2486 1896 2544 διὰ
1954 2489 2024 2568 τί,

373 2581 434 2636 οὗ
489 2579 600 2658 χρὴ
657 2577 1147 2657 πολυπραγμονεῖν,
1195 2576 1309 2637 οὐδὲ
1366 2578 1460 2643 τὰς
1508 2578 1672 2641 αἰτίας
1727 2577 2021 2648 ἐπιζητεῖν.

378 2659 510 2727 ’Ὁτι
541 2671 628 2725 καὶ
664 2672 692 2725 6
722 2671 884 2745 νόμος
915 2669 1052 2725 οὕτω
1080 2670 1238 2748 φησίν
1275 2688 1289 2701 ⁸
1346 2672 1419 2727 06
1447 2667 1530 2725 δεῖ
1557 2669 1768 2725 πάντων
1798 2676 1904 2724 τῶν
1937 2692 2028 2725 νο-

374 2762 550 2838 μίμων
607 2761 864 2842 λογισμὸν
909 2763 1179 2824 ἀπαιτεῖν.
1242 2763 1578 2841 Εὑρίσκουται
1609 2763 1707 2840 γὰρ
1739 2765 1785 2819 οἱ
1815 2761 2025 2838 πολλοὶ,

373 2849 829 2930 ἀναιτιαλόγητοι.
866 2853 966 2910 Καὶ
997 2851 1105 2908 ἔστι
1137 2852 1199 2906 τὸ
1227 2857 1464 2906 τοιοῦτον
1514 2850 1764 2929 νόμιμον,
1795 2847 2029 2927 δίγεστον

372 2942 459 2996 καὶ
487 2929 737 3021 παλαιὸν,
769 2943 856 2997 καὶ
878 2942 978 3021 πρὸ
1006 2945 1105 3007 τῆς
1139 2940 1458 3020 μοναρχίας.
1487 2929 1637 2996 U0cm:
1667 2937 1720 2994 δὲ
1751 2941 1826 3014 μὴ
1857 2939 2030 3016 ῥητῶς

371 3030 472 3086 ὑπὸ
505 3036 610 3086 τῶν
669 3029 843 3106 νόμων
900 3028 1218 3108 κεκώλυται,
1276 3035 1440 3084 ταῦτα
1497 3029 1600 3083 τῶν
1644 3025 2028 3102 κεκωλυμένων

373 3120 758 3199 ὑπερτείνοντα,
793 3119 1078 3198 πράττεται
1108 3117 1298 3181 ἀδεῶς,

2115 1863 2421 1924 memoria)
2449 1862 2693 1942 Mystico
2746 1862 2946 1935 servii,
3001 1881 3132 1924 cum
3181 1870 3438 1942 quaestor
3468 1865 3626 1920 esset
3659 1879 3672 1916 :
3703 1876 3772 1919 ac

2115 1953 2411 2031 ejusmodi
2438 1971 2632 2014 causae
2663 1952 2999 2033 complures
3029 1961 3145 2013 tam
3180 1951 3241 2012 in
3273 1951 3419 2012 urbe
3450 1950 3774 2030 imperato-

2113 2041 2226 2116 ria,
2273 2061 2447 2123 quam
2481 2041 2646 2122 foris,
2699 2053 2837 2102 sunt
2873 2052 3081 2104 motae:
3117 2041 3192 2103 de
3237 2040 3450 2122 quibus
3481 2039 3551 2100 ad
3600 2037 3769 2098 illum

2111 2130 2350 2210 judices
2377 2131 2847 2212 perscribebant.
2890 2130 3271 2194 Movebantur
3302 2131 3478 2192 etiam
3504 2128 3566 2190 in
3597 2126 3774 2199 Quae-

2116 2220 2298 2282 storio
2329 2221 2666 2302 complures
2696 2221 2986 2299 ejusmodi
3018 2241 3230 2284 causae.
3271 2220 3387 2284 Sed
3421 2218 3636 2300 gradus
3675 2217 3777 2278 ille

2116 2329 2414 2392 nunquam
2477 2311 2808 2391 prohibitus
2853 2311 2982 2372 fuit.
3044 2311 3276 2372 Etenim
3324 2311 3383 2371 in
3415 2307 3768 2387 cognatione

2114 2401 2364 2463 naturali
2388 2402 2631 2480 gradum
2651 2401 2966 2482 septimum
2989 2420 3104 2462 non
3126 2399 3517 2481 praeterimus.
3535 2396 3768 2478 Quippe

2112 2508 2225 2551 nec
2255 2489 2385 2570 ipsa
2416 2497 2623 2552 natura
2652 2490 2950 2572 concedit,
2983 2497 3046 2551 ut
3101 2490 3215 2551 vita
3245 2488 3585 2550 mortalium
3618 2486 3770 2548 ultra

2113 2579 2359 2658 gradum
2418 2579 2577 2642 hunc
2609 2580 2962 2660 porrigatur.
2999 2581 3062 2642 In
3111 2579 3183 2640 iis
3213 2587 3434 2650 autem,
3468 2595 3600 2658 quae
3631 2579 3769 2636 sunt

2114 2687 2182 2730 ex
2237 2669 2544 2744 afﬁnitate,
2577 2669 2882 2750 triumque
2930 2668 3285 2731 familiarum
3348 2665 3771 2747 conjunctione

2114 2758 2611 2832 necrssitudines,
2645 2758 2949 2820 observari
2979 2758 3221 2832 debent,
3256 2773 3626 2838 quazcunque
3675 2753 3767 2816 lex

2114 2847 2334 2910 diserte
2366 2848 2581 2910 statuit.
2606 2847 2727 2910 Nec
2759 2847 3227 2927 investigandum
3260 2846 3517 2921 curiose,
3553 2863 3770 2926 quam-

2115 2937 2323 2999 obrem
2357 2957 2371 3001 :
2408 2942 2534 3000 Nec
2583 2937 2957 3019 inquirendae
2983 2955 3196 3000 causae.
3252 2955 3387 2998 nam
3429 2944 3486 2998 et
3514 2937 3642 3016 ipsa
3676 2933 3768 2995 lex

2112 3025 2344 3107 inquit:
2379 3026 2506 3089 Non
2537 3027 2828 3108 omnium,
2871 3046 3005 3108 quae
3046 3026 3276 3106 legibus
3322 3026 3577 3088 traditas
3606 3031 3766 3098 sunt,

2044 3125 2083 3174 C
2110 3115 2367 3196 petenda
2393 3125 2480 3178 est
2521 3117 2697 3179 ratio.
2731 3115 2962 3198 Quippe
3012 3116 3172 3196 leges
3217 3116 3513 3196 pleraeque
3542 3113 3766 3176 nullam

378 3206 605 3270 habere
633 3226 872 3270 causam
904 3207 1308 3270 inveniuntur.
1347 3205 1538 3288 Atque
1569 3207 1682 3269 hoc
1713 3224 1858 3268 sane
1881 3205 1984 3287 jus
2016 3212 2074 3267 et
2102 3223 2171 3266 ex
2205 3204 2489 3287 Digestis,
2527 3213 2586 3269 et
2619 3214 2786 3268 vetus
2817 3214 2925 3278 est,
2962 3213 3021 3268 et
3051 3212 3188 3267 aute
3218 3203 3628 3268 monarchiam
3662 3220 3768 3284 pro

376 3297 587 3360 ditum.
626 3297 1024 3380 Quaecumque
1049 3316 1188 3358 vero
1219 3315 1339 3358 non
1371 3296 1594 3359 diserte
1627 3295 1925 3377 prohibita
1955 3303 2093 3357 sunt
2134 3312 2167 3355 a
2199 3294 2430 3375 legibus
2477 3315 2547 3358 ea
2596 3303 2872 3378 tanquam
2907 3304 3071 3360 extra
3102 3314 3418 3358 numerum
3451 3294 3766 3356 vetitorum

377 3404 510 3449 sese
543 3387 926 3468 porrigentia,
966 3389 1116 3450 ﬁunt
1149 3386 1416 3468 impune.

459 3470 515 3536 Ὀ
588 3476 642 3533 δὲ
728 3477 889 3537 πάλιν
974 3481 1046 3542 ὡς
1117 3479 1256 3556 μέγα
1312 3501 1363 3533 τι
1422 3475 1846 3557 προϐαλλόμενος
1917 3499 2025 3556 φη-

458 3613 476 3643 ,
563 3566 643 3623 ὅτι
729 3567 816 3625 Ἐν
900 3582 1018 3633 τοῖς
1101 3570 1296 3648 γάμοις
1383 3569 1440 3625 οὒ
1517 3568 1676 3643 μόνον
1733 3568 1792 3623 τὸ
1853 3567 2029 3622 ἐπιτε-

375 3657 694 3734 τραμμένον,
773 3657 909 3716 ἀλλὰ
991 3660 1079 3716 καὶ
1167 3658 1227 3714 τὸ
1314 3657 1567 3736 εὐπρεπὲς
1649 3655 1731 3713 δεῖ
1819 3663 2027 3735 ζητεῖν,

374 3749 461 3802 καὶ
545 3747 604 3803 ἐκ
690 3749 876 3807 τούτου
948 3755 1192 3828 πειρᾶται
1277 3753 1538 3824 κρατῆσαι
1623 3757 1714 3805 τοῦ
1797 3747 2026 3823 ἀγῶνος.

377 3837 596 3892 Αὖτόθεν
668 3835 723 3892 δὲ
779 3839 877 3904 την
936 3837 1080 3894 λῦσιν
1137 3841 1164 3894 6
1219 3839 1382 3912 νόμος
1439 3836 1649 3915 ἐπάγει,
1706 3837 1793 3891 καὶ
1857 3842 2029 3892 πᾶσαν

373 3924 661 4004 ἀπολογίαν
733 3925 1090 4005 ἀποῤῥαπίζει.
1175 3929 1298 4007 Περὶ
1368 3928 1467 4005 γὰρ
1525 3948 1628 3982 των
1688 3925 1751 3982 ἐκ
1802 3927 2028 4005 φυσικῆς

374 4013 645 4089 ἐπιθυμίας
699 4013 1160 4093 προϐιϐαζομένων
1229 4019 1302 4080 εἰς
1367 4017 1428 4070 τὸ
1486 4014 1813 4094 παράνομον,
1875 4024 2028 4072 τοῦτο

1053 4097 1109 4163 Ὀ
1157 4107 1374 4187 φυσικὸς
1431 4106 1610 4182 πατὴρ
1667 4103 1726 4158 οὗ
1770 4101 2028 4178 λαμϐάνει

375 3569 453 3624 σὶν

373 4101 604 4183 διέξεισι,
643 4105 732 4160 καί
775 4127 934 4184 φησιν
972 4124 986 4140 ⁸

371 4193 470 4261 τὴν
527 4199 822 4274 πορνογενῆ
881 4197 1038 4254 αὑτοῦ
1088 4195 1369 4274 θυγατέρα,
1441 4195 1511 4252 T6
1582 4195 1682 4273 γὰρ
1739 4195 1885 4274 φύσει
1946 4192 2027 4249 δί-

371 4305 520 4338 καιον
574 4285 662 4340 καὶ
718 4286 778 4340 τὸ
836 4283 1088 4364 εὐπρεπὲς
1161 4284 1215 4340 ἐν
1275 4298 1390 4348 το⁴ς
1453 4284 1646 4362 γάμοις
1719 4297 2021 4345 σκοπεῖται,

2193 3474 2448 3538 Rursum
2487 3476 2879 3548 adversarius,
2918 3475 3100 3538 veluti
3125 3493 3400 3556 magnum
3431 3474 3572 3555 quid
3597 3469 3771 3534 nobis

2114 3563 2428 3644 objiciens;
2455 3565 2517 3628 In
2557 3565 2800 3648 nuptiis,
2835 3565 3045 3646 inquit,
3075 3585 3190 3626 non
3221 3565 3414 3627 solum
3447 3563 3588 3644 quid
3623 3582 3770 3624 con-

2115 3671 2374 3729 cessum,
2408 3673 2610 3716 verum
2646 3655 2824 3716 etiam
2882 3655 3021 3736 quid
3081 3655 3398 3716 honesrum
3446 3653 3542 3727 sit,
3589 3654 3772 3732 quaeri

2113 3743 2297 3805 debet
2326 3753 2535 3824 .atque
2581 3745 2765 3806 fretus
2793 3745 2906 3805 hoc
2927 3743 3108 3815 dicto,
3146 3742 3321 3823 potiri
3350 3741 3599 3804 victoria
3632 3743 3770 3805 niti-

2114 3839 2230 3896 tur.
2276 3835 2496 3895 Verum
2552 3832 2906 3894 solutionem
2965 3832 3250 3894 continuo
3300 3833 3392 3892 lex
3453 3829 3659 3912 infert,
3716 3841 3773 3894 et

2113 3939 2351 3983 omnem
2403 3921 2815 3983 defensionem
2874 3920 3158 3984 retundit.
3213 3919 3442 4002 Quippe
3488 3921 3574 3982 sic
3627 3920 3772 3981 illud

2111 4009 2558 4091 intcrpretatur,
2595 4019 2654 4072 ut
2690 4011 2760 4072 ad
2816 4029 2919 4072 cos
2968 4010 3187 4072 referat
3231 4011 3278 4084 ¹,
3313 4013 3409 4091 qui
3455 4029 3487 4070 a
3519 4009 3769 4072 libidine

2111 4101 2366 4162 naturali
2399 4100 2656 4162 nefarias
2682 4100 2754 4162 ad
2799 4100 3254 4181 conjunctiones
3285 4099 3768 4182 progrediuntur,

2110 4209 2244 4251 cum
2277 4191 2403 4252 ait:
2445 4189 2742 4252 Naturalis
2773 4199 2937 4272 pater
2987 4191 3166 4250 ﬁliam
3227 4190 3402 4269 vulgo
3463 4191 3768 4271 quaesitam

2112 4299 2230 4341 non
2264 4279 2424 4341 ducit
2481 4298 2747 4343 uxorem.
2806 4279 2970 4352 Quod
3005 4281 3164 4341 enim
3221 4286 3428 4340 natura
3451 4281 3681 4359 justum
3716 4289 3773 4343 et

370 4373 446 4429 Τὰ
511 4374 642 4431 αὐτὰ
690 4375 776 4430 καὶ
834 4378 951 4454 περὶ
1005 4373 1253 4442 δουλικῆς
1314 4372 1614 4451 συγγενείας
1683 4371 2025 4453 φυλάττεσθαι

2114 4369 2428 4431 honestum
2463 4378 2572 4436 est,
2610 4370 2668 4430 in
2706 4369 2930 4450 nuptiis
2979 4378 3301 4451 spectatur.
3352 4369 3570 4430 Eadem
3623 4377 3682 4432 et
3711 4372 3771 4431 in

367 4457 474 4522 δεῖ.
527 4463 625 4518 Καὶ
677 4462 894 4527 εἰκότως
983 4465 1044 4519 Εἰ
1101 4465 1200 4542 γὰρ
1242 4464 1333 4519 καὶ
1376 4461 1652 4540 συγγένεια
1707 4462 1760 4517 ἐν
1820 4463 2025 4525 τούτοις

367 4549 425 4606 οὗ
467 4551 748 4629 θεωρεῖται
793 4550 876 4610 διὰ
931 4554 993 4608 τὸ
1037 4552 1327 4634 ἀκέφαλον,
1361 4550 1495 4607 ἀλλὰ
1525 4549 1608 4607 διὰ
1654 4554 1715 4607 τὸ
1746 4550 2022 4632 εὔσχημον

311 4698 313 4700 ,
368 4639 743 4718 συντηροῦνται
773 4642 860 4697 καὶ
888 4651 1075 4704 ταῦτα.
1147 4644 1245 4699 Καὶ
1301 4644 1348 4698 οἱ
1390 4639 1566 4721 λόγοι,
1613 4640 1666 4696 ἐν
1704 4644 1790 4704 οἷς
1819 4640 2020 4722 ἐξειρω-

367 4729 628 4801 νήθησαν,
687 4729 741 4784 ἐν
798 4729 1013 4794 ἐκείνοις
1077 4732 1163 4786 καὶ
1219 4731 1320 4798 τὴν
1376 4730 1533 4809 ἰσχὺν
1590 4729 1796 4810 ἔχουσι.
1847 4732 1918 4787 Τὸ
1965 4727 2021 4785 δὲ

363 4815 751 4896 περιϐιάζεσθαι
806 4820 1013 4892 αὐτοὺς,
1091 4820 1128 4887 ἢ
1216 4818 1268 4884 ἐξ
1326 4816 1726 4886 ἀντιδιαστολῆς
1795 4819 2022 4900 ἀποκρί-

364 4909 558 4973 νεσθαι,
606 4915 993 4987 παρανοοῦντος
1052 4909 1270 4973 τούτους
1327 4906 1457 4967 ἐστί.
1537 4909 1632 4964 Καὶ
1703 4911 1750 4964 οἱ
1807 4907 2023 4965 ἀντιλέ-

362 5017 570 5073 γοντες,
617 4995 754 5071 μηδὲ
799 4997 1048 5072 ἑπόμενοι
1108 5010 1226 5062 τοῖς
1279 4995 1546 5073 κειμένοις
1616 4997 1824 5077 νόμοις,
1894 4996 2018 5054 ἀλλ’

363 5084 512 5164 έτερα
556 5084 608 5151 ἐξ
651 5086 856 5142 οἰκείων
918 5086 1352 5165 παρεισάγοντες,
1414 5087 1474 5142 οὗ
1544 5083 1827 5159 δικαστῶν,
1884 5085 2021 5144 ἀλλὰ

360 5178 656 5250 νομοθετῶν
725 5175 868 5240 τάξιν
939 5181 1223 5254 πειρῶνται
1311 5174 1487 5254 ἔχειν.
1558 5172 1842 5256 Ἀπαρχῆς
1922 5179 2020 5256 γὰρ

361 5261 656 5342 ἀδιάκριτος
707 5265 772 5332 ἧν
815 5267 850 5333 ἡ
917 5267 1048 5345 πρὸς
1104 5263 1371 5335 ἀλλήλους
1430 5264 1703 5345 συνάφεια,
1779 5273 1892 5323 Τῶν
1964 5264 2020 5322 δὲ

363 5356 657 5428 νομοθετῶν
707 5353 881 5430 ῥητῶς
941 5351 1287 5410 κωλυσάννων
1344 5353 1410 5408 τὰ
1465 5349 1715 5412 δοκοῦντα
1773 5353 2014 5430 ἀθέμιτα,

359 5442 425 5497 τὰ
467 5440 630 5498 λοιπὰ
670 5439 938 5521 προϐαίνει
995 5442 1074 5518 μὴ
1124 5441 1462 5518 κωλυόμενα.
1527 5442 1619 5497 Διὸ
1662 5442 1749 5497 καὶ
1807 5444 1866 5498 εὖ
1909 5445 2020 5524 χρὴ

2110 4458 2310 4519 servili
2341 4459 2694 4537 cognatione
2725 4459 3027 4520 servanda
3078 4467 3234 4533 sunt,
3271 4477 3382 4520 nec
3414 4458 3636 4540 absque
3665 4478 3769 4522 ra-

2112 4549 2290 4610 tione.
2327 4549 2488 4610 Licet
2517 4552 2672 4610 enim
2699 4551 2977 4627 cognatio
3008 4548 3202 4609 locum
3229 4548 3288 4608 in
3309 4549 3395 4610 eis
3414 4568 3529 4608 non
3554 4547 3772 4611 habeat

2108 4649 2427 4719 propterea
2452 4639 2606 4720 quod
2635 4640 2827 4719 capite
2858 4657 2974 4700 non
3007 4646 3387 4713 censeantur,
3415 4645 3609 4699 tamen
3642 4639 3767 4701 hac

2108 4747 2343 4809 quoque
2375 4738 2620 4810 propter
2667 4729 3036 4791 honestatem
3092 4736 3426 4789 serventur.
3476 4727 3549 4789 Et
3591 4729 3770 4790 verba

2108 4819 2304 4898 legum
2328 4818 2523 4880 valere
2571 4818 2630 4879 in
2677 4817 2750 4880 iis
2799 4818 3041 4887 debent.
3096 4818 3168 4878 de
3219 4816 3433 4898 quibus
3463 4826 3599 4879 sunt
3629 4836 3771 4898 pro-

2109 4909 2392 4972 nuutiala.
2419 4909 2581 4971 Velle
2601 4919 2796 4970 autem
2825 4923 3106 4989 torquere
3139 4907 3320 4986 leges,
3363 4907 3450 4968 vel
3477 4926 3544 4969 ex
3577 4927 3770 4988 oppo-

2106 4999 2217 5060 sito
2238 4998 2634 5080 respondere,
2663 4998 2921 5060 hominis
2945 5007 3056 5076 est,
3081 4996 3153 5059 ab
3174 5015 3375 5058 earum
3400 5015 3574 5057 sensu
3605 4997 3772 5058 aber-

2103 5087 2314 5149 rantis.
2363 5087 2434 5149 Et
2489 5088 2589 5168 qui
2646 5087 3083 5167 contradicunt,
3146 5103 3255 5146 nec
3314 5085 3562 5165 scriptas
3611 5085 3771 5166 leges

2105 5187 2460 5258 sequuntur,
2486 5179 2590 5237 sed
2623 5175 2738 5239 alia
2758 5177 3026 5258 quaedam
3055 5177 3130 5237 de
3149 5193 3256 5236 suo
3281 5173 3625 5255 proferunt:
3653 5195 3770 5237 non

2104 5267 2301 5328 locum
2350 5265 2646 5347 judicum,
2712 5267 2816 5328 sed
2868 5263 3403 5348 jurisconditorum
3464 5263 3769 5328 vindicare

2107 5355 2221 5418 sibi
2252 5363 2572 5418 conantur.
2617 5355 2916 5419 Ab-initio
2947 5354 3190 5437 quidem
3222 5353 3497 5415 homines
3530 5353 3686 5417 inter
3706 5373 3772 5419 se

2105 5446 2236 5509 siue
2261 5443 2613 5510 discrimine
2634 5444 3086 5529 copulabantur.
3110 5447 3186 5507 At
3207 5450 3519 5524 postquam
3545 5442 3772 5507 diserte

1679 5597 1948 5665 VARLE
1994 5604 2432 5674 LECTIONES.

437 5724 464 5770 ¹ι
489 5723 541 5788 l.
572 5722 678 5790 20.
713 5729 784 5790 D.
819 5727 894 5792 de
925 5727 1105 5812 legib.
1195 5723 1207 5767 '
1252 5723 1297 5787 ι.
1332 5724 1430 5787 14.
1467 5724 1496 5806 §
1537 5725 1728 5790 Unde.
1762 5722 1834 5788 D.
1874 5723 1960 5787 De
1988 5726 2090 5790 rit.
2130 5735 2302 5810 nupt.
