4128 6428
330 385 487 449 1119

1692 383 1724 444 J
1730 381 1823 446 US
1862 378 2311 446 CANONICUM

3560 381 3711 448 1120

320 522 519 598 legum
575 528 853 582 auctores
908 538 979 582 ea
1054 518 1436 601 prohibuere,
1513 536 1645 599 quae
1699 516 1975 579 videntur

2072 524 2268 590 ζητεῖν,
2300 530 2377 582 τίς
2408 520 2436 574 6
2493 517 2795 597 προτρέψας
2851 518 3027 597 ῥητῶς
3070 520 3132 575 τὸ
3186 516 3385 576 τοιόνδε
3446 517 3709 598 γενέσθαι,

321 609 573 673 illicita:
635 609 786 672 citra
833 608 1294 691 prohibitionem
1354 614 1568 670 caetera
1626 606 1977 687 procedunt.

321 699 582 780 Ideoque
612 716 733 761 nan
764 719 920 782 opus
950 708 1042 761 est
1095 715 1389 780 quaerere,
1450 696 1724 778 quisnam
1758 696 1984 758 diserte

325 788 662 870 permiserit
681 788 906 870 aliquid
933 788 1058 850 ﬁeri
1087 805 1102 850 :
1129 786 1232 849 sed
1256 786 1475 868 potius,
1510 785 1643 867 quis
1685 787 1807 847 tieri
1842 802 1982 866 pro-

326 878 609 940 hihuerit.
634 877 802 951 Quod
827 877 876 940 si
898 876 1205 959 prohibuit
1226 895 1424 956 nemo,
1447 893 1691 937 necesse
1714 883 1803 936 est
1825 874 1986 955 ejus-

325 966 488 1028 modi
518 974 859 1030 contractus
888 965 1188 1029 succedat.
1236 964 1441 1043 Neque
1478 982 1618 1026 vero
1650 982 1758 1025 nos
1808 962 1981 1043 primi

325 1063 652 1118 statuemus
681 1056 796 1118 hoc
847 1063 1015 1118 extra
1062 1048 1548 1137 prohibitionem,
1581 1052 1687 1114 sed
1717 1051 1981 1130 procedit

323 1162 357 1205 a
389 1153 677 1224 tempore,
738 1145 913 1225 cujus
965 1143 1256 1207 memoria
1316 1162 1433 1203 non
1464 1140 1983 1221 exstat:qnando~

322 1233 563 1315 quidem
596 1248 833 1296 causam
864 1232 1284 1315 prohibitionis
1314 1251 1429 1293 non
1455 1232 1653 1294 habet.
1688 1229 1982 1292 Nimirum

324 1331 524 1385 rectus
550 1322 738 1402 judex
782 1330 1049 1384 mentem
1098 1322 1366 1399 deﬁgens
1395 1320 1455 1381 in
1481 1320 1564 1392 id,
1598 1318 1757 1400 quod
1791 1336 1827 1379 a
1854 1318 1985 1396 lege

325 1412 761 1494 pronuntiatur,
796 1412 953 1474 velut
982 1410 1053 1473 ad
1084 1410 1351 1489 regulam
1382 1409 1696 1491 quamdam
1729 1429 1741 1470 :
1770 1417 1985 1470 caetera

327 1521 460 1584 quae
488 1503 644 1563 hanc
675 1514 840 1563 extra
859 1500 1123 1581 regulam
1151 1517 1284 1562 sese
1308 1498 1634 1580 porrigunt,
1661 1498 1839 1558 veluti
1867 1515 1980 1557 non

328 1590 629 1673 prohibita
660 1593 985 1672 permittit:
1040 1590 1156 1651 nisi
1184 1589 1316 1670 quis
1364 1592 1453 1650 vel
1484 1587 1852 1668 arrogantia,
1891 1587 1978 1648 vel

328 1682 464 1743 odio
494 1680 734 1757 ductus,
768 1683 923 1741 circa
952 1680 1113 1759 leges
1166 1680 1453 1759 praeclare
1482 1677 1759 1756 scriptas,
1787 1685 1844 1738 et
1877 1695 1979 1735 rc-

327 1776 557 1850 ceptam
587 1788 619 1830 a
648 1769 974 1849 majoribus
1023 1768 1539 1842 consuetudinem,
1589 1766 1767 1828 rixari
1819 1765 1956 1827 velit

327 1858 711 1939 Superiorum
744 1870 907 1920 certe
938 1858 1227 1919 memoria
1255 1866 1609 1935 temporum,
1636 1853 1981 1934 hujusmodi

328 1948 513 2010 multa
544 1947 920 2010 matrimonia
958 1954 1257 2009 contracta
1288 1946 1476 2021 fuere,
1513 1964 1623 2007 nec
1654 1945 1728 2006 ab
1776 1944 1987 2006 Eccle-

2068 606 2205 663 ἀλλὰ
2247 605 2479 683 μάλιστα
2534 629 2616 672 τις
2649 610 2678 664 6
2734 607 2972 687 γενέσθαι
3015 606 3284 673 κωλύσας.
3333 610 3392 667 El
3421 607 3477 665 δὲ
3507 606 3716 686 μηδεὶς,

2067 694 2365 775 προϐαίνειν
2400 696 2606 774 ἀνάγκη
2650 698 2711 753 τὸ
2769 707 3006 757 τοιοῦτον
3065 696 3431 776 συνάλλαγμα.
3507 699 3605 757 Καὶ
3660 706 3722 757 οὗ

2069 793 2181 861 νῦν,
2236 786 2462 866 πρώτως
2518 787 2686 862 ἡμεῖς
2743 795 2896 846 τοῦτο
2952 785 3223 844 ἀκώλυτον
3280 786 3527 863 τάξομεν,
3599 784 3717 843 ἀλλ’

2068 874 2178 930 ἔστι
2235 871 2528 951 προϐαῖνον
2584 874 2637 941 ἐξ
2692 876 3107 951 ἀμνημονεύτων
3149 882 3255 932 τῶν
3309 877 3523 956 χρόνων
3577 877 3721 956 παρά

2067 965 2129 1020 τὸ
2194 961 2457 1039 μηδεμίαν
2506 962 2654 1044 ἔχειν
2712 964 2878 1022 αἰτίαν
2936 964 3237 1029 κωλύσεως.
3299 959 3358 1024 Ὀ
3417 967 3517 1044 γὰρ
3565 966 3719 1033 εὒθὴς

2067 1051 2319 1120 δικαστὴς
2390 1054 2523 1131 πρὸς
2592 1055 2654 1110 τὸ
2710 1056 2851 1134 παρὰ
2905 1054 2998 1111 τοῦ
3079 1055 3242 1130 νόμω
3325 1055 3720 1136 ἐκφωνούμενον

2066 1139 2244 1220 ὥσπερ
2299 1141 2497 1197 κανόνα
2550 1142 2667 1198 τινὰ
2724 1144 2816 1198 τὸν
2872 1151 2990 1202 νοῦν
3048 1142 3334 1223 ἀπερείδων
3396 1145 3459 1201 τὰ
3499 1145 3720 1222 περιττᾶ

2066 1231 2154 1286 καὶ
2180 1236 2274 1286 τοῦ
2323 1230 2543 1293 κανόνος
2592 1230 2836 1287 ἐπέκεινα
2896 1231 3146 1311 παρίησιν
3202 1236 3275 1298 ὡς
3334 1232 3580 1291 ἀκώλυτα
3611 1250 3626 1265 ’
3675 1235 3720 1289 εί

2068 1320 2144 1394 μή
2193 1340 2275 1381 τις
2324 1316 2407 1377 διὰ
2462 1318 2737 1401 φιλαυτίαν
2791 1322 2933 1394 τινὰ,
2979 1321 3015 1389 ἢ
3065 1321 3380 1403 ἀπέχθειαν,
3425 1324 3544 1402 περὶ
3597 1324 3719 1387 τοὺς

2065 1406 2243 1471 καλῶς
2286 1409 2557 1485 κειμένους
2626 1411 2818 1485 νόμους
2877 1413 2965 1468 καὶ
3007 1412 3105 1480 τὴν
3160 1412 3355 1470 ἄνωθεν
3426 1420 3720 1492 κρατούσαν

2067 1499 2343 1567 συνήθειαν
2427 1496 2783 1579 διαμάχεσθαι
2840 1499 3108 1576 βούλεται.
3174 1504 3272 1559 Καὶ
3327 1501 3558 1559 ἐπὶτῶν
3616 1503 3719 1580 πρὸ

2061 1588 2216 1661 ἡμῶν
2273 1590 2373 1667 γαρ
2435 1588 2610 1646 πολλα
2665 1597 2880 1647 τοιαῦτα
2937 1591 3122 1669 γέγονε
3187 1592 3507 1665 συνοικέσια,
3579 1593 3718 1667 μήτε

2062 1676 2203 1755 παρέ
2259 1684 2356 1745 τῆς
2412 1676 2752 1747 Ἐκκλησίας,
2788 1681 2926 1755 μήτε
2958 1682 3099 1761 παρά
3141 1704 3282 1746 τινος
3325 1680 3574 1740 δικαστοῦ
3602 1704 3718 1737 κω-

2063 1763 2279 1822 λυθέντα
2314 1786 2325 1798 ”
2389 1768 2422 1824 ἆ
2475 1771 2562 1825 καὶ
2609 1771 2852 1848 περιττόν
2883 1768 2992 1826 ἐστι
3049 1769 3381 1849 καταλέγειν,
3441 1770 3579 1828 οὕτω
3608 1792 3713 1826 σα-

2068 1860 2195 1933 φοῦς
2248 1853 2397 1922 ὄντος
2466 1860 2553 1915 καὶ
2612 1856 2972 1938 ἀναμφιϐόλω
3057 1870 3152 1920 τοῦ
3227 1859 3485 1941 παρόντος
3542 1861 3720 1932 ζητή-

2073 1966 2237 2017 ματος
2249 1993 2260 2006 ,

325 2038 435 2114 sia,
470 2056 580 2099 nec
608 2036 682 2099 ab
713 2037 909 2119 aliquo
938 2036 1145 2117 judice
1170 2034 1466 2116 prohibita
1519 2053 1689 2116 :quae
1736 2033 1978 2114 quidem
2021 2048 2341 2096 recensere
2368 2036 2517 2097 velle
2570 2038 2936 2118 superﬂuum
2986 2038 3183 2113 fuerit,
3218 2057 3351 2100 cum
3384 2038 3538 2101 adeo
3572 2056 3712 2119 per-

329 2127 536 2206 spicua
563 2126 663 2200 sit,
698 2134 756 2188 et
786 2127 982 2188 omnis
1012 2144 1227 2207 expers
1256 2125 1448 2201 dubii,
1498 2124 1795 2205 proposita
1832 2122 2004 2184 nobis
2033 2122 2289 2203 questio.

362 2232 683 2296 BASILII
741 2232 1397 2298 THESSALONICA‘I
1460 2230 1945 2295 ANTISTITIS.
2014 2238 2051 2287 Β

405 2335 695 2409 Quoniam
721 2335 1229 2417 emergitquaastio
1254 2343 1370 2407 tua,
1389 2334 1835 2414 religiosissime
1850 2338 1987 2414 Dyr-

330 2426 563 2489 rhachii
617 2445 828 2505 magne
867 2425 1170 2505 Sacellari,
1206 2444 1346 2486 num
1382 2426 1499 2485 duo
1531 2425 1741 2485 fratres
1769 2424 1985 2485 admit-

331 2524 530 2578 tantur
558 2515 627 2577 ad
662 2515 991 2595 legitimum
1025 2514 1365 2594 conjugium
1402 2533 1534 2575 cum
1569 2514 1751 2575 amita
1779 2532 1987 2575 conso-

331 2604 510 2684 brini,
545 2612 604 2666 et
627 2605 873 2666 sobrina
904 2614 1035 2665 nata
1072 2623 1141 2666 ex
1172 2604 1289 2665 alio
1321 2602 1703 2677 consobrino,
1740 2622 1987 2684 respon-

328 2697 566 2770 demus,
598 2695 658 2757 id
688 2695 818 2757 ﬁeri
848 2696 1053 2757 licere.
1087 2694 1208 2757 Nec
1240 2694 1399 2756 enim
1431 2694 1706 2756 illicitum
1732 2703 1842 2767 est,
1877 2713 1988 2755 nec

334 2784 698 2866 prohibitum
710 2783 837 2847 .Illa
853 2801 1107 2866 namque
1123 2784 1423 2866 prohibita
1442 2783 1990 2859 dicuntur,etillici-

330 2883 410 2950 ta,
440 2881 495 2936 et
519 2873 768 2947 nefaria,
795 2873 855 2937 in
885 2874 1099 2955 quibus
1123 2893 1345 2954 genera
1372 2873 1816 2936 confunduntur
1841 2890 1855 2937 :
1877 2874 1989 2936 hoc

336 2970 429 3026 est
458 2964 506 3024 si
532 2963 863 3045 periculum
914 2965 1012 3042 sit,
1064 2982 1138 3026 ne
1189 2965 1289 3046 qui
1324 2971 1569 3044 patruus
1598 2971 1707 3036 est,
1744 2970 1988 3045 propter

337 3052 840 3115 cohabitationem
889 3071 1026 3114 cum
1081 3073 1265 3116 uxore
1294 3054 1525 3116 dicatur
1554 3055 1681 3134 ejus
1711 3072 1780 3115 ex
1811 3054 1989 3115 fratre

2334 2241 2688 2293 BASIABIOY
2731 2247 2858 2297 ΤΟΥ
2903 2243 3451 2297 ΘΕΣΣΑΛΟΝΙΚΗΣ.

2370 2338 2706 2419 ἀναφαίνεται
2765 2342 2825 2396 τὸ
2881 2340 3136 2419 ἒρώτημα
3190 2362 3304 2420 σου,
3377 2342 3422 2397 ὦ
3474 2341 3720 2422 θεοῳιλέ-

2314 2425 2601 2507 Δυῤῥαχίου
2687 2430 2822 2509 μέγα
2892 2429 3238 2511 Σακελλάριε,
3301 2432 3345 2486 εί
3400 2431 3719 2489 ἀπολύονται

2067 2512 2153 2570 δύο
2224 2513 2436 2592 ἀδελφοὶ
2492 2520 2620 2597 πρὸς
2675 2520 2816 2575 θείαν
2885 2518 3339 2600 πρωτεξαδέλφου,
3426 2522 3513 2577 καὶ
3596 2521 3720 2576 ἀνε-

2071 2605 2196 2678 ψιὰν
2241 2604 2292 2670 ἐξ
2336 2606 2509 2685 ἑτέρου
2556 2607 2986 2690 πρωτεξαδέλφου
3045 2616 3177 2687 πρὸς
3251 2606 3469 2685 ἔννομον
3538 2632 3720 2667 συνοι-

2069 2693 2268 2764 κέσιον,
2331 2694 2495 2761 ἔξεστι
2553 2708 2706 2757 τοῦτο
2774 2699 3037 2778 γενέσθαι.
3116 2697 3247 2757 Οὔτε
3314 2700 3413 2778 γὰρ
3493 2699 3721 2776 ἄθεσμόν

2071 2782 2231 2860 ἐστιν,
2292 2782 2407 2841 οὔτε
2466 2786 2858 2863 κεκωλυμένον,
2921 2788 3139 2846 Ἐκεῖνα
3222 2788 3323 2867 γὰρ
3378 2786 3724 2864 κεκωλυμένα

2071 2871 2307 2953 λέγεται,
2339 2876 2426 2931 καὶ
2482 2874 2705 2952 ἄθεσμα,
2770 2879 2857 2935 καὶ
2912 2878 3216 2957 παράνομα,
3261 2877 3316 2934 ἐν
3372 2881 3459 2943 οἷς
3485 2879 3550 2936 τά
3591 2877 3723 2957 γένη

2068 2963 2406 3043 συγχέονται.
2469 2965 2765 3048 Τουτέστιν,
2826 2969 2870 3023 εἰ
2937 2971 3104 3047 θεῖος,
3172 2975 3240 3041 τῇ
3307 2965 3362 3023 δὲ
3420 2969 3722 3038 συνοικήσει

2069 3058 2166 3119 τῆς
2237 3056 2509 3132 γυναικὸς,
2554 3053 2831 3113 κινδυνεύει
2890 3056 3106 3133 ἀνεψιὸς
3164 3057 3403 3135 λέγεσθαι
3457 3063 3535 3132 τῷ
3577 3055 3725 3135 λόγῳ

2149 2332 2293 2391 θεοςῒ

2220 2374 2296 2391 σιν.

2070 2447 2166 2480 στα
2184 2447 2224 2480 ΖΞ

335 3142 515 3217 filius,
548 3142 779 3204 ratione
810 3142 1203 3224 copulationis
1261 3162 1397 3205 cum
1430 3144 1717 3205 muliere:
1765 3162 1833 3204 ac
1858 3160 1990 3204 rur-

330 3250 486 3306 sum,
517 3230 568 3292 si
599 3231 700 3312 qui
728 3231 912 3293 frater
952 3231 1153 3295 uxoris
1194 3240 1304 3303 est,
1336 3251 1472 3294 eum
1504 3232 1655 3293 forte
1679 3232 1988 3295 coafllnem

330 3319 447 3381 dici
470 3320 790 3400 contingat.
815 3320 1004 3402 Atque
1024 3320 1138 3383 alia
1156 3320 1520 3401 hujusmodi.
1539 3319 1686 3382 Tale
1704 3320 1989 3403 quiddam

2071 3144 2166 3210 τῆς
2196 3144 2325 3219 πρὸς
2355 3144 2454 3211 τὴν
2484 3158 2712 3224 γυναῖκα
2760 3147 3125 3226 συναρμογῆς.
3181 3147 3278 3205 Καὶ
3321 3146 3386 3203 αὖ
3443 3144 3626 3226 πάλιν,
3678 3147 3723 3202 εἰ

2072 3229 2479 3312 γυναικάδελφός
2548 3234 2679 3302 ἐστι,
2769 3237 2857 3292 καὶ
2932 3233 3202 3311 συμϐαίνει
3260 3238 3428 3317 τυχὸν
3479 3233 3723 3315 λέγεσθαι

2073 3318 2433 3401 σύγγαμϐρος,
2471 3325 2568 3381 Καὶ
2611 3322 2870 3389 ἄλλαττα,
2926 3326 3154 3394 Τοιαύτη
3211 3328 3247 3395 ἡ
3303 3326 3582 3406 σύγχυσις,
3637 3326 3729 3381 καί

332 3415 421 3470 est
452 3409 577 3471 haec
610 3408 906 3490 confusio,
940 3421 999 3473 et
1027 3410 1139 3472 hoc
1188 3409 1564 3473 indecorum.
1625 3409 1859 3492 Quippe
1887 3428 1987 3472 se—

2072 3412 2133 3467 τὸ
2190 3411 2446 3491 ἀπρεπές.
2508 3414 2655 3471 Κατὰ
2696 3415 2795 3492 γάρ
2849 3416 2939 3471 τὶν
2980 3416 3230 3496 θεοφόρον
3279 3413 3573 3495 Βασίλειον,
3634 3413 3728 3472 Ἐν

332 3497 593 3559 cundum
627 3497 895 3560 divinum
946 3500 1114 3561 illum
1170 3499 1477 3567 Basilium.
1530 3500 1587 3561 in
1622 3500 1843 3579 nuptiis
1871 3518 1987 3561 non

2076 3513 2190 3565 το⁴ς
2245 3500 2436 3579 γάμοις
2496 3501 2556 3559 οὗ
2612 3503 2774 3578 μόνον
2830 3506 2891 3560 τὸ
2946 3504 3393 3584 ἐπιτετραμμένον
3437 3512 3725 3583 ζητοῦμεν,

333 3587 511 3649 modo
529 3588 668 3670 quid
692 3607 1040 3651 concessum
1057 3588 1153 3657 sit.
1183 3588 1568 3651 verumetiam
1594 3589 1734 3671 quid
1758 3589 1987 3663 deceat,

2076 3588 2212 3645 ἀλλά
2242 3591 2327 3647 καὶ
2371 3591 2430 3645 τὸ
2475 3591 2749 3671 εὖπρεπές.
2808 3593 2904 3650 Καὶ
2948 3592 3158 3673 ἑτέρωθι
3205 3596 3232 3651 6
3280 3596 3435 3659 αὐτός
3472 3613 3485 3627 ⁸
3521 3591 3611 3651 Ἐν
3642 3597 3728 3658 οἷς

334 3676 674 3757 quaerimus.
742 3678 818 3742 Et
873 3678 1034 3739 idem
1088 3677 1226 3740 alibi
1282 3698 1295 3739 :
1361 3677 1424 3740 In
1483 3678 1700 3759 quibus
1757 3679 1987 3758 generis

2075 3680 2142 3735 τὰ
2199 3685 2292 3737 τοῦ
2349 3679 2530 3758 γένους
2588 3680 2934 3762 ωγιέονται,
2999 3683 3053 3739 ὲν
3091 3683 3297 3747 τούτοις
3356 3687 3383 3741 6
3414 3685 3583 3764 γάμος
3613 3682 3732 3740 ἀθέ-

331 3765 762 3847 appellationes
820 3766 1291 3842 confunduntur,
1355 3767 1414 3827 in
1466 3768 1558 3829 his
1590 3768 1829 3830 nefaria}
1859 3776 1987 3829 sunt

2079 3791 2253 3844 μιτος.
2320 3768 2498 3834 Οὖτως
2553 3770 2643 3827 οὖν
2701 3769 2819 3827 οὔτε
2874 3793 2953 3835 τις
3026 3772 3286 3852 ἀπρέπεια
3327 3776 3547 3832 ἐνταῦθα
3589 3771 3727 3828 ἀνα-

334 3855 581 3935 nuptiae.
638 3855 738 3921 Sic
792 3857 973 3937 igitur
1027 3858 1124 3920 hic
1181 3875 1294 3919 nec
1342 3856 1641 3919 inhonesti
1672 3857 1987 3939 quidquam

2078 3860 2285 3938 κόπτει,
2346 3859 2462 3915 οὔτε
2525 3867 2614 3917 τοῦ
2658 3860 2837 3939 γένους
2896 3862 3173 3941 σύγχυσις.
3236 3872 3339 3922 Τοῦ
3396 3864 3495 3943 γὰρ
3549 3860 3729 3941 ἑτέρου

332 3947 607 4023 emergit,
625 3964 738 4008 nec
754 3947 1027 4009 confusio
1047 3946 1285 4026 generis
1329 3946 1589 4010 Alterius
1606 3947 1763 4007 enim
1782 3945 1989 4028 partis,

2079 3948 2293 4029 μέρους,
2353 3948 2596 4024 πέμπτος
2652 3951 2852 4026 βαθμός
2889 3966 2902 3979 ⁸
2950 3951 3042 4007 τςῦ
3099 3949 3154 4007 δὲ
3207 3952 3405 4031 ἐτέρου,
3466 3950 3728 4030 δεύτερος.

335 4033 578 4115 quintus
605 4043 694 4096 est
735 4035 995 4113 gradus;
1026 4037 1159 4097 alter
1180 4035 1293 4109 ius,
1333 4037 1670 4098 secundus:
1711 4043 1886 4117 atque
1917 4036 1987 4097 ita

2083 4039 2179 4121 ξςαὶ
2262 4037 2429 4103 οὕτως
2513 4036 2733 4115 ἕϐδομος
2817 4038 2869 4106 ἐξ
2940 4039 3252 4121 ἀγχιστείας
3310 4040 3728 4117 ὀνομαζόμενος.

332 4121 551 4201 gradus
581 4141 652 4184 ex
680 4123 986 4197 affinitate,
1021 4143 1198 4206 quem
1224 4133 1457 4195 vocant,
1482 4126 1770 4206 septimus
1802 4129 1994 4186 conti-

331 4210 507 4273 citur.
558 4210 725 4285 Quod
776 4231 923 4275 sane
954 4212 1402 4274 matrimonium
1434 4220 1491 4274 et
1523 4213 1749 4275 licitum
1785 4221 1895 4286 est,
1935 4222 1994 4275 et

333 4299 687 4381 legitimum,
719 4310 778 4362 et
797 4302 1213 4382 prohibitionis
1233 4320 1466 4381 expers.
1496 4303 1771 4364 Afﬁnitas
1794 4321 1987 4364 autem

329 4390 499 4469 juxta
526 4390 1045 4471 jurisconsultum,
1080 4399 1170 4453 est
1192 4390 1572 4453 necessitudo
1597 4410 1988 4472 personarum

337 4479 691 4561 pernuptias
711 4479 881 4541 nobis
894 4482 1346 4561 conjunctarum
1362 4530 1373 4553 ,
1391 4480 1537 4541 citra
1550 4482 1985 4560 cognationem.

334 4569 543 4649 Neque
599 4568 927 4631 discrimen
984 4570 1281 4652 quoddam
1335 4571 1450 4631 erit
1497 4578 1869 4649 agnatorum,
1935 4580 1993 4633 et

335 4665 741 4737 cognatorum,
767 4677 801 4719 a
823 4660 1084 4722 masculo
1130 4657 1429 4731 videlicet,
1454 4678 1523 4720 ac
1567 4660 1825 4722 femineo
1845 4678 1991 4722 sexu

334 4747 812 4827 provenientium
838 4770 853 4830 ;
881 4768 1014 4813 cum
1047 4748 1264 4829 gradus
1290 4767 1356 4809 ex
1390 4743 1992 4831 afﬁnitatc'septimus

336 4835 676 4940 intervenit.
711 4835 862 4917 Ergo
896 4837 1091 4940 locum
1109 4836 1351 4899 habebit
1380 4837 1721 4940 hujusmodi
1752 4846 1992 4940 contra-
2016 4890 2061 4940 Β

338 4932 489 5000 ctus,
507 4925 876 5009 minimeque
889 4927 1214 4990 vetabitur:
1239 4927 1739 5005 quemadmodum
1764 4928 1996 5008 legibus

339 5020 396 5074 et
426 5014 758 5079 canonibus
788 5016 977 5080 innixi
1005 5015 1402 5080 ostendimus.

499 5101 873 5187 Subscriplio
909 5129 923 5170 :

423 5190 694 5257 Basilius
714 5194 967 5259 humilis
1001 5195 1439 5259 Thessalonicae
1461 5196 1992 5278 metmpolitanus.

2084 4116 2383 4204 ’Ἑνθεσμος
2430 4131 2457 4185 6
2500 4139 2735 4193 τοιοῦτος
2778 4129 2975 4209 γάμος,
3038 4132 3125 4189 καὶ
3183 4129 3428 4207 ἔννομος,
3461 4133 3550 4187 καὶ
3579 4129 3728 4187 ἀκώ-

2079 4214 2257 4280 λυτος.
2323 4216 2635 4296 Ἀγγιστεία
2687 4216 2741 4273 δέ
2793 4218 2903 4275 ἐστι
2963 4220 3098 4276 κατά
3154 4222 3241 4276 τὸν
3300 4219 3611 4293 νομοθέτην,
3648 4221 3733 4275 οἰ-

2073 4305 2287 4372 κειότης
2332 4306 2632 4385 προσώπων
2690 4305 2749 4362 ἐκ
2805 4306 2995 4384 γάμων
3051 4308 3362 4383 συνημμένη
3391 4307 3475 4384 58,
3533 4329 3733 4387 συγγε-

2074 4395 2213 4457 νείας
2244 4395 2418 4457 ἐκτός.
2468 4396 2567 4453 Καὶ
2621 4393 2840 4475 διαφορά
2883 4417 2962 4460 τις
3020 4401 3115 4455 οὒκ
3171 4396 3315 4453 ἔσται
3358 4396 3599 4474 ἀγνάτων
3646 4399 3737 4455 καὶ

2072 4484 2370 4563 κογνάτων,
2402 4492 2507 4541 τῶν
2539 4484 2590 4550 ἐξ
2631 4485 2991 4564 ἀρῥενογονίας
3037 4484 3241 4555 δηλαδὴ
3271 4487 3360 4543 καὶ
3386 4484 3730 4567 θηλυγονίας,

2075 4569 2296 4648 ἑϐδόμου
2326 4571 2377 4639 ἐξ
2404 4574 2717 4655 ἀγχιστείας
2745 4572 3163 4649 μεσολαϐοῦντος
3192 4577 3420 4653 βαθμοῦ.
3463 4575 3736 4634 Ἐντεῦθεν

2075 4660 2161 4717 οὖν
2205 4662 2485 4740 γενήσεται
2517 4664 2578 4719 τὸ
2606 4670 2843 4720 τοιοῦτον
2874 4663 3243 4745 συνάλλαγμα,
3276 4666 3364 4721 καὶ
3392 4667 3452 4722 οὒ
3479 4663 3734 4736 κωλυθή-

2076 4772 2244 4824 σεται,
2271 4749 2385 4808 καθ’
2419 4754 2506 4816 οὒς
2529 4751 2728 4834 ἔφαμεν
2755 4751 3003 4831 τρόπους,
3030 4757 3211 4832 νόμοις
3234 4756 3321 4811 καὶ
3348 4755 3563 4813 κανόσιν
3594 4754 3729 4811 έπε-

2080 4838 2391 4919 ρειδόμενοι.

2288 5130 2311 5163 ε
2351 5100 2412 5166 Ἠ
2442 5111 2722 5193 ὑπογραφή
2760 5131 2774 5147 ο
2811 5135 2838 5168 ι

2158 5197 2434 5263 Βασίλειος
2473 5202 2501 5257 6
2544 5199 2819 5282 1711:8wa
2854 5202 3252 5282 μητροπολίτης
3318 5202 3739 5274 Θεσσαλονίκης.

1659 5375 1914 5443 VARI/lt}
1956 5376 2396 5446 LECTIONES.

421 5544 492 5598 58
519 5540 894 5623 συνημμένων.
