4128 6412
1736 371 2436 446 ϐΠλΕῦΟ-ΒΟΜΑΝΠΜ
3636 370 3796 442 1192

1020 518 1419 574 ΥΠΟΜΝΗΣΙΣ

2743 507 3162 575 SUGGESTIO

403 641 427 677 ι
527 622 666 703 Πρδς
750 622 844 678 τὸν
927 619 1321 703 Θεσσαλονίκης
1403 628 1560 703 κῦρον
1643 622 1876 703 Νικήταν
1958 622 2041 679 τὸν

2132 617 2177 679 Α
2188 618 2231 678 d
2239 616 2586 703 antistitem
2602 613 3043 703 Thessalonicae
3051 616 3784 703 Nicetamjllitylenceum,

476 696 879 778 Μιτυληναϊον,-
972 704 1090 782 περὶ
1197 700 1417 781 δούλων,
1472 696 1483 703 ’
1528 702 1622 759 ἵνα
1727 700 2041 783 ἰερολογῶν-

473 804 585 841 ται.
635 804 662 839 ιι

2212 698 2287 838 pe
2311 699 2531 773 servis,
2564 702 2633 759 ut
2664 696 3108 761 interveniente
3164 696 3573 762 benedictione
3597 718 3785 780 capu-

2236 787 2438 840 enlur.

2214 881 2427 945 Sancte
2450 882 2730 963 Domine,
2761 882 2900 945 dum
2936 883 3213 965 equidem
3246 884 3308 946 in
3336 885 3559 947 munda
3589 885 3786 947 dami-

2132 972 2333 1034 cilium
2364 974 2580 1054 habeo,
2615 983 2673 1035 et
2702 974 3111 1035 accedentium
3142 973 3214 1035 ad
3246 992 3343 1036 me
3375 975 3501 1055 (49)
3524 974 3787 1037 rationes

393 373 541 443 {121

478 887 722 946 Δέσποτά
790 910 893 965 μου
965 887 1109 970 ἅγιε,
1169 887 1223 945 ἐν
1277 896 1355 964 τῷ
1422 889 1611 967 κόσμῳ
1678 891 1777 958 τὴν
1834 886 2048 957 οἴκησιν

392 979 733 1059 ποιούμενος,
794 979 884 1036 καὶ
952 983 1059 1035 τῶν
1111 978 1561 1059 προσερχομένων
1631 1002 1720 1057 μοι
1779 980 1897 1044 τοὺς
1950 978 2048 1036 λο-

393 1069 614 1147 γισμοὺς
671 1065 1086 1148 ἀναδεχόμενος,
1156 1071 1301 1147 εὗρον
1359 1066 1411 1133 ἐξ
1467 1073 1637 1128 αὐτῶν
1694 1090 1862 1139 τινας,
1921 1067 2043 1125 δού-

391 1155 512 1224 λους
567 1159 656 1215 καὶ
712 1148 946 1221 δουλίδας
1001 1156 1254 1238 ἔχοντας,
1299 1161 1386 1215 καὶ
1426 1160 1548 1223 τούς
1606 1156 1821 1222 δούλους
1872 1158 2044 1214 αὐτῶν

393 1246 547 1312 ἐκτὸς
587 1246 881 1327 ἱερολογίας
924 1253 1187 1326 πορνικῶς
1243 1247 1614 1329 συναφθέντας,
1679 1254 1759 1324 Τῇ
1816 1247 1871 1303 δὲ
1921 1245 2042 1304 δευ-

391 1334 516 1415 τέρᾳ
585 1332 813 1399 διατάξει
894 1342 989 1391 τοῦ
1071 1334 1306 1413 μεγάλου
1390 1334 1600 1394 Παύλου
1657 1335 1916 1415 ἐντυχὼν,
1976 1340 2045 1412 τῇ

390 1422 642 1505 λεγούσῃ,
701 1442 728 1483 (
775 1425 832 1480 Εἰ
873 1425 963 1480 καὶ
1017 1423 1220 1481 ἐθνικοῢ
1276 1423 1367 1493 εἴη
1420 1424 1653 1501 οἰκέτης,
1727 1422 2045 1481 διδασκέσθω

398 1537 427 1569 α
461 1518 765 1593 εὐαρεστεῖν
819 1520 897 1587 τῷ
955 1511 1210 1593 δεσπότῃ,
1268 1514 1361 1571 ἵνα
1432 1515 1508 1591 μὴ
1576 1513 1959 1595 βλασφημῆται
2015 1515 2043 1569 6

400 1622 424 1659 α
459 1601 645 1681 λόγος.
695 1603 793 1659 Καὶ
837 1603 881 1657 εἰ
911 1600 1010 1677 μὲν
1060 1601 1148 1658 οὖν
1192 1600 1309 1683 ἔχει
1352 1617 1601 1681 γυναῖκα,
1631 1602 1667 1671 ἣ
1696 1601 1829 1682 γυνη
1859 1599 2038 1680 ἄνδρα,

396 1714 425 1746 α
457 1688 877 1748 διδασκέσθωσαν
950 1690 1223 1764 ἀρκεῖσθαι
1304 1692 1485 1757 αὐτοῖς
1520 1708 1535 1722 ’
1609 1693 1653 1747 εἰ
1725 1688 1779 1746 δὲ
1844 1688 2040 1768 ἄγαμοι

397 1804 423 1835 ιι
459 1782 583 1860 εἰσι,
659 1778 1064 1856 μανθανέτωσαν
1135 1780 1212 1853 μὴ
1281 1781 1574 1860 πορνεύειν,
1645 1777 1781 1835 ἀλλὰ
1844 1792 2041 1857 γαμεῖν

2128 1062 2399 1140 explora,
2454 1067 2741 1142 quosdam
2798 1081 2869 1123 ex
2928 1062 3014 1123 eis
3065 1062 3286 1143 reperi,
3350 1064 3452 1144 qui
3497 1081 3702 1127 servos
3728 1073 3788 1126 et

2125 1150 2371 1211 ancilias
2396 1151 2638 1227 habent,
2665 1168 2885 1231 eosque
2899 1150 3029 1213 sine
3045 1169 3349 1213 sacrarum
3383 1171 3622 1233 precum
3643 1172 3786 1215 con-

2127 1240 2405 1319 ceptione
2458 1258 2593 1299 Cum
2645 1238 2952 1301 scortandi
3001 1240 3245 1301 licentia
3301 1240 3626 1321 copulatas.
3660 1244 3783 1320 Ego

2125 1346 2263 1390 vero
2297 1329 2559 1409 perlecta
2614 1329 2810 1408 magni
2843 1328 3002 1390 illius
3058 1330 3224 1392 Pauli
3267 1331 3531 1392 secunda
3556 1349 3785 1412 praece-

2129 1424 2251 1498 pto,
2285 1419 2455 1497 cujus
2484 1417 2663 1479 verba
2721 1427 2903 1481 sunt:
2943 1443 2965 1480 ι
3026 1418 3272 1480 Etiamsi
3322 1421 3531 1500 pagani
3581 1439 3785 1484 servus

2128 1506 2227 1582 sit,
2288 1508 2375 1570 sic
2407 1508 2767 1577 instituatur,
2824 1517 2888 1569 ut
2935 1508 3180 1570 domina
3233 1509 3469 1589 placere
3518 1510 3679 1592 velit,
3710 1531 3785 1573 ne

2126 1603 2257 1676 ipsa
2305 1598 2573 1658 doctrina
2620 1597 2856 1678 probris
2912 1597 3267 1677 exagitetur.
3319 1599 3403 1661 Ac
3460 1598 3511 1660 si
3541 1601 3781 1680 quidem

2128 1704 2369 1746 uxorm"
2404 1686 2602 1760 habet,
2665 1696 2765 1747 aut
2825 1686 3037 1747 mulier
3087 1688 3408 1764 maritum;
3458 1687 3784 1752 doceantur

2127 1775 2215 1834 eis
2247 1794 2382 1835 esse
2440 1777 2728 1838 contenti.
2781 1776 2884 1837 Sin
2946 1776 3324 1838 matrimonio
3375 1777 3633 1858 copulati
3662 1797 3782 1842 non

397 1892 426 1925 ιι
460 1869 630 1945 νόμῳ.
666 1870 724 1927 Εἰ
753 1867 808 1924 δὲ
842 1871 870 1924 6
923 1865 1186 1935 δεσπότης
1245 1870 1402 1926 αὐτοῦ
1458 1866 1677 1932 ἄπιστος
1705 1868 1771 1919 59
1811 1866 1908 1948 ὢν,
1954 1869 2041 1923 καὶ

2129 1872 2282 1938 sunt,
2313 1883 2346 1925 a
2376 1866 2692 1927 scortando
2725 1864 2958 1926 discant
2985 1864 3313 1942 abstinere,
3338 1866 3692 1948 nuptiasque
3706 1868 3782 1931 de

391 1958 539 2024 εἰδὼς
597 1957 678 2040 ὅτι
726 1958 986 2038 πορνεύει,
1035 1961 1095 2015 οὐ
1149 1956 1357 2015 δίδωσιν
1425 1958 1568 2034 αὐτῷ
1610 1970 1861 2038 γυναῖκα,
1906 1957 1942 2026 ἢ
1973 1962 2041 2032 τῇ

390 2050 596 2127 γυναικὶ
674 2043 853 2127 ἄνδρα,
934 2045 1254 2127 ἀφοριζέσθω
1288 2062 1302 2077 ⁸
1386 2047 1552 2125 ταύτῃ
1639 2046 1736 2127 (ὡς
1801 2045 2040 2126 εἴρηται)

392 2137 653 2218 ἐντυχὼν,
696 2136 970 2216 παρῄνεσα
1033 2149 1152 2199 τοϊς
1211 2133 1516 2211 δεσπόταις,
1581 2135 1864 2214 εὐλογῆσαι
1918 2135 2038 2197 τοὺς

393 2226 596 2290 οἰκέτας
647 2228 842 2289 αὐτῶν,
911 2223 1083 2282 Ἀλλὰ
1137 2227 1225 2283 καὶ
1281 2226 1444 2293 αὐτὴν
1498 2227 1598 2295 τὴν
1653 2223 1882 2290 διάταξιν
1937 2226 2040 2281 ὐπ-

398 2302 563 2381 ἐδειξα
604 2319 808 2391 αὐτοῖς,
843 2318 903 2374 Οἱ
930 2313 1010 2389 δὲ,
1039 2315 1139 2383 τὴν
1198 2315 1295 2392 μὲν
1326 2313 1550 2380 διάταξιν
1592 2325 1686 2374 τοῦ
1712 2313 2043 2372 Ἀποστόλου

393 2404 651 2486 ἐδέξαντο,
680 2408 753 2470 ὡς
798 2405 951 2485 ἁγίαν
1005 2407 1093 2463 καὶ
1137 2412 1253 2481 Θεῷ
1308 2404 1432 2485 φίλα
1476 2404 1733 2483 λέγουσαν
1765 2427 1779 2441 ’
1839 2403 2043 2461 ἀπελο-

390 2502 580 2574 γιῦντο
610 2493 686 2570 δὲ,
733 2494 815 2552 ὅτι
871 2492 1211 2572 Φοϐούμεθα,
1268 2497 1314 2552 εἰ
1367 2498 1670 2571 πεισθῶμεν
1718 2499 1786 2570 τῇ
1814 2492 2040 2560 διατάξει

390 2584 674 2665 εὐλογῆσαι
728 2585 854 2649 τοὺς
910 2582 1145 2656 δούλους,
1220 2586 1417 2660 μήπως
1460 2584 1876 2664 ἐλευθερωθῶσιν
1934 2584 2040 2641 ἀπὸ

385 2675 485 2744 τῆς
531 2673 793 2754 εὐλογίας,
844 2675 932 2731 καὶ
987 2677 1325 2753 στερηθῶμεν
1379 2679 1479 2742 τῆς
1536 2676 1707 2732 αὐτῶν
1777 2672 2035 2737 δουλείας.

387 2770 560 2822 Ταῦτα
629 2764 832 2820 τούτων
887 2761 1210 2835 λαλούντων,
1285 2762 1432 2838 ἤμην
1514 2763 1675 2821 πάλιν
1758 2762 2041 2841 ἐναγώνιος

390 2855 524 2933 πρὸς
581 2853 642 2909 τὸ
699 2851 1069 2929 προκείμενον.
1134 2854 1235 2910 Καὶ
1290 2851 1438 2928 ὅμως
1486 2850 1662 2910 πολλὰ
1717 2850 2038 2925 σπουδάσας,

386 2946 534 3022 εὗρον
614 2942 698 2997 κνὶ
778 2951 873 3000 τοῦ
967 2942 1409 3021 τρισμακαρίστου
1512 2941 1798 3023 βασιλέως,
1882 2950 2040 3022 κυροῦ

2122 1951 2271 2031 legis
2305 1954 2692 2035 praeescripto
2723 1955 3103 2017 contrahere.
3134 1978 3162 2009 ι
3195 1952 3362 2026 Quod
3393 1957 3445 2015 si
3472 1956 3776 2042 dominus,

2123 2043 2353 2104 alienus
2408 2061 2441 2104 a
2472 2044 2667 2115 ﬁdem,
2701 2061 2838 2105 cum
2888 2061 3124 2105 servum
3157 2043 3409 2105 scortari
3439 2046 3621 2121 norit,
3659 2065 3780 2108 non

2125 2136 2224 2193 dat
2253 2132 2308 2193 ei
2332 2133 2673 2212 conjugem,
2710 2133 2804 2194 ιρι
2839 2132 3112 2194 maritum
3142 2132 3772 2215 mulieri,separatar:

2122 2220 2238 2282 hac
2279 2220 2459 2301 igitur
2506 2230 2600 2302 tut
2623 2221 2767 2303 dixi)
2804 2222 3091 2303 perlecta,
3151 2221 3352 2283 monui
3384 2222 3679 2300 dominas,
3718 2232 3779 2286 ut

2125 2309 2609 2373 benedictionem
2670 2313 2864 2373 servis
2945 2310 3073 2372 suis
3148 2311 3619 2393 impertirentur,
3670 2316 3779 2377 hsc

2122 2399 2252 2479 ipso
2283 2410 2579 2481 praecepto
2632 2401 2721 2462 eis
2750 2415 3020 2463 aStensa.
3074 2402 3294 2462 Verum
3337 2400 3427 2462 illi
3477 2411 3777 2483 praecepta

2121 2490 2392 2571 Apastoli
2414 2490 2803 2572 comprobato
2831 2499 3107 2571 tanquam
3128 2499 3353 2566 sancta,
3381 2499 3440 2552 et
3470 2491 3589 2553 Deo
3608 2511 3777 2556 acce-

2125 2588 2229 2660 pta
2256 2582 2637 2660 proferente;
2674 2580 3066 2642 nihilominus
3094 2580 3206 2641 hac
3249 2580 3563 2642 utebantur
3593 2600 3780 2645 excu-

2125 2669 2377 2746 satione,
2441 2670 2597 2750 quod
2650 2669 2843 2733 vereri
2897 2688 2961 2731 se
3026 2669 3317 2747 dicerent,
3373 2670 3425 2731 si
3480 2683 3781 2753 praecepto

2125 2756 2523 2821 benedicendi
2568 2777 2771 2821 servos
2801 2767 3117 2840 parerent:
3154 2778 3228 2820 ne
3259 2758 3378 2820 illis
3408 2762 3637 2822 ratione
3668 2764 3742 2824 be
3762 2796 3780 2809 -

2123 2847 2487 2910 nedictionis
2542 2846 2953 2929 emancipatis,
3000 2847 3115 2928 ipsi
3150 2848 3252 2928 jus
3281 2866 3454 2910 suum
3487 2850 3546 2910 in
3579 2869 3782 2913 servos

2120 2936 2478 2998 amitterent.
2514 2939 2657 3010 Quae
2715 2955 2850 2999 cum
2882 2936 2968 2997 illi
3016 2936 3311 3013 dicerent,
3360 2956 3567 2999 rursus
3620 2939 3682 3000 in
3712 2958 3781 3002 re

389 3030 621 3097 Ἀλεξίου
683 3033 893 3111 νεαρὰν,
953 3030 1265 3088 κελεύουσαν
1322 3029 1654 3110 εὐλογεῖσθαι
1710 3032 1833 3096 τοὺς
1914 3029 2035 3089 δού-

2129 3025 2424 3105 proposita
2452 3045 2659 3088 anxms
2690 3024 3062 3088 haesitabam.
3120 3025 3328 3105 Magna
3375 3036 3572 3088 tamen
3600 3028 3777 3090 adhi-

385 3119 532 3196 λους,
565 3121 655 3178 καὶ
698 3119 874 3195 μένειν
904 3120 1090 3184 αὐτοὺς
1145 3119 1303 3177 πάλιν
1356 3118 1570 3192 δούλους
1613 3122 1702 3178 καὶ
1746 3121 1880 3196 μετὰ
1936 3122 2036 3189 τὴν

2129 3113 2243 3175 bita
2274 3115 2472 3176 studia
2490 3114 2818 3176 felicissimi
2850 3114 3150 3176 memoria;-
3205 3116 3604 3196 imperatoris,
3665 3117 3778 3179 da-

387 3210 652 3290 εὐλογίαν,
702 3202 971 3275 ’Υπέδειξα
1021 3210 1109 3266 οὖν
1163 3210 1362 3277 ταύτην
1404 3214 1610 3275 αὐτοῖς.
1671 3212 1731 3268 Οἱ
1780 3207 1835 3266 δὲ
1878 3209 2038 3267 πάλιν

2129 3202 2273 3263 mini
2322 3204 2520 3266 Alexii
2549 3204 2853 3266 Novallam
2885 3204 3108 3279 iuveni,
3170 3222 3300 3285 quas
3352 3205 3538 3267 servis
3584 3206 3777 3269 hene-

390 3298 771 3379 ἀπελογοῦντο,
843 3299 922 3375 μὴ
995 3299 1135 3356 εἶναι
1206 3300 1403 3368 ταύτην
1447 3300 1549 3367 τὴν
1592 3300 1904 3375 νομοθεσίαν
1946 3309 2040 3360 τοῦ

2129 3291 2445 3354 dictionem
2471 3293 2766 3374 impertiri
2798 3292 3087 3374 praecipit,
3140 3311 3210 3354 ea
3239 3294 3393 3373 lege,
3428 3302 3560 3374 past
3586 3294 3776 3376 ipsam

389 3391 678 3469 μακαρίτου
731 3388 1015 3466 βασιλέως.
1063 3391 1153 3457 Μὴ
1185 3387 1330 3469 ἔχων
1372 3389 1461 3447 οὖν
1512 3389 1564 3446 τί
1612 3394 1860 3464 ποιῆσαι,
1915 3387 2037 3447 δέο-

2129 3400 2363 3462 quoque
2416 3382 2901 3445 benedictionem
2952 3392 3016 3444 ut
3046 3383 3199 3444 servi
3230 3393 3531 3446 maneant.
3586 3384 3776 3458 Quam

389 3500 483 3555 μαι
526 3482 624 3547 τῆς
682 3480 788 3541 σῶς
847 3477 1173 3557 ἁγιωσύνης,
1235 3477 1328 3535 ἵνα
1398 3479 1442 3534 εἰ
1493 3476 1704 3545 ἀληθῶς
1748 3479 1776 3534 6
1818 3478 2037 3545 τοιαύτη

2129 3489 2258 3532 cum
2291 3471 2378 3533 eis
2430 3479 3018 3549 communstrassem,
3054 3472 3143 3533 illi
3175 3472 3433 3535 vicissim
3467 3477 3776 3554 praeterie-

384 3568 544 3649 νεαρὰ
598 3565 721 3648 παρ’
793 3566 992 3625 ἐκείνου
1076 3566 1315 3647 γέγονεν,
1387 3567 1597 3624 ὄπισθεν
1653 3566 2038 3645 ἐπικυρωθῆναι

2129 3560 2289 3636 bant,
2325 3560 2517 3640 legem
2546 3561 2709 3622 illam
2740 3562 2870 3641 ejus
2892 3560 3297 3642 imperatoris,
3331 3563 3520 3625 beatae
3549 3582 3779 3627 memo-

386 3654 454 3712 δι’
523 3656 819 3737 ἐπιγραφῆς
878 3658 1005 3737 σῆς,
1077 3659 1166 3712 καὶ
1215 3655 1548 3737 ὑπογραφῆς,
1597 3653 1683 3712 διὰ
1733 3661 1833 3723 τῆς
1886 3656 2037 3735 ἁγίας

2129 3649 2249 3725 τίω,
2302 3667 2675 3730 nequaquam
2736 3668 2890 3712 esse.
2950 3651 3144 3722 Quare
3202 3670 3336 3712 cum
3384 3650 3528 3730 quid
3573 3670 3768 3732 agam,

387 3747 571 3829 χειρός
627 3768 743 3823 σου,
827 3748 958 3827 πρὸς
1031 3747 1281 3805 σύστασιν
1358 3747 1448 3802 καὶ
1503 3745 1869 3829 πληροφορίαν
1935 3751 2041 3802 τῶν

2129 3757 2245 3799 non
2301 3739 2576 3813 habeam,
2638 3739 3007 3801 sanctitatem
3070 3748 3226 3802 tuam
3284 3741 3557 3818 obsecro,
3590 3751 3651 3802 ut
3679 3743 3767 3803 si-

391 3813 750 3894 ῖπίστούντων
791 3813 946 3914 αὐτῇ,
992 3837 1082 3893 καὶ
1110 3835 1367 3917 ὠφέλειαν
1422 3833 1661 3898 πολλῶν,
1719 3813 1831 3892 νΕτι
1859 3832 2041 3912 δέομαι

2129 3827 2365 3909 quidem
2390 3847 2460 3890 ea
2491 3829 2723 3890 novella
2777 3847 2988 3891 revera
3044 3829 3203 3892 illius
3252 3813 3628 3911 imperatoris
3660 3840 3770 3910 est,

385 3930 575 4004 μαθεῖν
617 3927 760 4007 παρὰ
813 3930 914 3994 τῆς
973 3926 1270 4004 ἁγιωσύνης
1308 3947 1424 4006 σου,
1483 3925 1535 3982 τί
1576 3922 1771 4007 ὀφείλω
1813 3926 2035 3991 ποιῆσαι

2129 3919 2281 3980 illam
2316 3927 2375 3980 et
2405 3919 2794 3999 inscriptione
2823 3927 3043 3980 sancta
3101 3927 3214 3980 tuae
3270 3938 3504 3995 manus,
3536 3930 3596 3982 et
3622 3920 3770 3984 sub-

384 4018 458 4083 εἰς
516 4014 704 4098 [πρὸς]
762 4016 882 4079 τούς
926 4013 1018 4072 ἕνα
1070 4015 1297 4097 ἔχοντας
1355 4013 1590 4083 οἰκέτην.
1653 4006 1710 4073 Ὀ
1767 4014 1864 4091 μὲν
1935 4016 2036 4094 γὰρ

2129 4008 2449 4089 scriptione
2480 4017 2665 4070 ratam
2725 4007 2943 4069 facias:
2979 4015 3042 4069 ut
3072 4016 3129 4070 et
3170 4008 3510 4098 confirmes,
3547 4016 3606 4071 et
3633 4029 3772 4073 cer-

383 4105 501 4189 ἔχει
518 4096 652 4165 Ῠὲνα
706 4105 913 4180 δοῦλον,
976 4108 1067 4164 καὶ
1132 4096 1214 4183 μὴ
1284 4103 1570 4171 δυναμένου
1622 4114 1716 4165 τοῦ
1783 4103 2037 4162 δεσπότου

2129 4106 2210 4189 tos
2239 4098 2611 4189 reddaseos,
2670 4097 2771 4178 qui
2823 4096 3004 4158 ﬁdem
3035 4096 3091 4159 ei
3120 4116 3237 4189 non
3268 4097 3509 4174 habent,
3545 4106 3605 4162 et
3634 4099 3770 4180 plu-

382 4186 738 4269 ἐξωνήσασθαι
806 4197 896 4253 καὶ
951 4193 1166 4267 δούλην,
1223 4196 1463 4276 πορνεύει
1507 4198 1535 4252 6
1589 4192 1772 4259 δοῦλος
1830 4192 2029 4251 ἀπολε-

2129 4186 2288 4249 ribus
2320 4186 2535 4268 prosis.
2571 4190 2858 4249 Praeterea
2892 4188 3127 4250 discere
3155 4186 3261 4248 abs
3306 4196 3420 4276 tua
3464 4194 3772 4254 sanctitate

382 4284 622 4363 λυμένως
651 4284 752 4352 ἔξω
785 4304 799 4320 ⁸
847 4289 876 4343 6
934 4284 989 4342 δὲ
1027 4284 1245 4366 δούλην,
1309 4287 1397 4343 καὶ
1452 4285 1530 4361 μὴ
1585 4283 1869 4361 δυναμένου
1897 4284 2037 4355 ὠνή-

2129 4276 2322 4358 cupio,
2356 4276 2497 4366 quid
2519 4276 2597 4339 de
2630 4275 3031 4366 iisagendum
3092 4277 3238 4337 mihi
3266 4275 3364 4350 sit,
3391 4276 3494 4358 qui
3525 4278 3768 4342 unicum

380 4379 567 4433 σασθαι
627 4377 716 4433 καὶ
770 4373 953 4434 δοῦλον
1008 4378 1105 4432 τοῦ
1158 4364 1437 4446 δεσπότου,
1486 4373 1724 4454 πορνεύει
1767 4375 1857 4430 καὶ
1899 4374 2034 4442 αὐτὴ

2129 4384 2355 4428 servum
2386 4364 2636 4429 habent.
2678 4364 2868 4429 Unius
2910 4367 3071 4429 enim
3103 4366 3261 4429 servi
3289 4366 3568 4430 dominus
3597 4369 3649 4431 si
3677 4370 3769 4432 fa-

380 4466 601 4542 ὁμοίως.
661 4466 762 4524 Καὶ
814 4469 959 4541 αὐτῳ
1014 4468 1204 4543 μαθεῖν
1274 4465 1373 4533 τὴν
1417 4462 1516 4532 σήν
1570 4463 1895 4539 οἰκονομίαν,
1946 4465 2035 4520 καὶ

2129 4456 2393 4518 cultatem
2426 4455 2667 4518 emendi
2695 4456 2976 4519 ancillam
3006 4475 3126 4519 non
3157 4456 3392 4533 habeat,
3426 4456 3614 4520 libere
3634 4477 3768 4522 ser-

377 4522 454 4622 τίς
499 4565 536 4633 ιζ.
560 4522 822 4635 ’θεραπεία
858 4522 971 4614 ὧν
1010 4522 1289 4631 τοιούτων,
1331 4522 1422 4612 καὶ
1474 4522 1519 4609 εἰ
1574 4550 1716 4619 ἄξιόν
1747 4522 1856 4609 έστὶ
1878 4522 2033 4617 ’τοὺς

2129 4564 2222 4608 vus
2275 4555 2442 4607 extra
2494 4546 2838 4627 conjugium
2886 4555 3182 4609 scortatur
3221 4564 3235 4609 :
3290 4522 3501 4608 itidem
3539 4548 3770 4611 ancillae

377 4642 635 4709 δεσπότας
690 4648 861 4705 αὐτῶν
917 4646 1052 4721 μετὰ
1107 4645 1209 4709 τὴν
1245 4643 1412 4724 κρίσιν
1469 4646 1570 4709 τῆς
1601 4638 1920 4708 Ἐκκλησίας
1950 4641 2032 4717 μή

2129 4634 2419 4717 laminas,
2451 4635 2503 4697 si
2553 4636 2893 4698 facultatem
2946 4635 3186 4698 emendi
3241 4654 3475 4698 servum
3509 4655 3628 4699 non
3656 4638 3768 4701 ha-

376 4736 704 4806 ποιήσαντας
772 4731 1072 4815 διόρθωσιν,
1141 4732 1455 4814 προσφέρειν
1507 4730 1673 4810 δῶρον
1728 4738 1805 4807 τῷ
1865 4739 1981 4807 Θεῷ
2013 4751 2024 4763 ⁸

2129 4727 2272 4815 beat,
2301 4724 2696 4788 consimiliter
2742 4734 2801 4787 et
2833 4725 2962 4806 ipsa
2996 4733 3314 4815 scortatur.
3347 4724 3453 4788 His
3479 4744 3587 4806 ego
3618 4746 3769 4790 ean-

374 4826 464 4882 καὶ
492 4826 538 4883 εἰ
579 4821 851 4906 ἐνδέχεται
879 4826 971 4881 τὸν
1000 4814 1139 4904 ἱερέα
1198 4819 1444 4904 δέχεσθαι
1486 4823 1578 4879 τὸν
1608 4821 1808 4879 τούτων
1863 4819 2025 4900 δῶρα,

2129 4814 2315 4875 silium
2363 4823 2529 4877 tuum
2576 4831 2938 4894 cognoscere
2985 4814 3184 4896 cupio,
3243 4823 3303 4876 et
3348 4815 3646 4896 quodnam
3677 4816 3770 4879 his

375 4917 463 4972 καὶ
543 4903 802 4991 μάλιστα,
877 4912 965 4970 ὅτε
1036 4903 1088 4970 αἰ
1160 4903 1508 4993 πορνεύουσαι
1578 4912 1672 4976 τὰς
1725 4912 2027 4992 προσφορὰς

2129 4904 2446 4966 remedium
2474 4904 2551 4965 sit
2581 4903 3141 4993 adhibendum.An
3170 4906 3310 4966 item
3334 4905 3421 4966 fas
3451 4906 3528 4966 sit
3554 4906 3767 4968 harum

373 5003 726 5080 ζυμώσουσιν.
1238 4992 1244 4993 ⁷

2129 4993 2412 5076 laminas,
2448 4994 2546 5075 qai
2570 5002 2701 5075 post
2708 4993 3006 5073 judicium
3025 4992 3309 5058 Ecclesiae
3330 4994 3550 5057 nullam
3574 5012 3772 5060 emen.

379 5091 683 5156 dationem
711 5091 1103 5168 instituerint,
1136 5093 1260 5155 Dea
1291 5107 1509 5153 munus
1537 5089 1757 5154 afferre
1791 5110 1805 5151 :
1841 5107 2108 5171 numque
2138 5085 2372 5151 licitum
2426 5085 2527 5161 sit,
2561 5094 2624 5146 ut
2670 5084 2884 5146 horum
2933 5084 3093 5146 dona
3139 5084 3418 5147 sacerdos
3454 5084 3765 5167 suscipiat,

376 5181 711 5265 praesertim
741 5202 876 5247 cum
939 5181 1273 5247 oblationes
1320 5182 1759 5251 fermentantur
1786 5179 1965 5243 abiis
1994 5199 2128 5263 quae
2156 5176 2520 5241 scartatione
2549 5193 2614 5239 se
2644 5173 2937 5257 polluant.

1703 5350 1960 5414 VARUE
2003 5345 2440 5415 LECTIONES.

450 5466 514 5518 59
540 5468 751 5533 πιστός.

453 5598 494 5631 ιιι
541 5586 787 5670 rectius,
818 5587 1035 5667 ﬁdelis.
1933 5659 2161 5725 NOTIE

459 5795 907 5881 (49)Tanquam
944 5806 1115 5882 pater
1142 5795 1493 5888 spiritualis,
1524 5795 1601 5860 de
1630 5811 1746 5879 quo
1770 5792 1931 5859 infra
1952 5795 2065 5861 sub
2095 5794 2202 5862 ﬁn.
2235 5797 2415 5882 hujus
2441 5797 2602 5866 libri.
