4128 6432
392 392 549 459 1123

1773 384 1806 450 J
1813 385 1907 449 US
1945 381 2400 451 CANONICUM

3624 381 3779 447 1124

390 532 629 594 Solutio
647 531 873 594 Nicena
889 526 1227 609 Mitylenaei
1249 523 1696 589 Thessalonica
1717 522 2034 587 antistitis.

2132 541 2154 576 ι
2235 520 2395 584 Λύσις
2477 526 2571 577 τοῦ
2657 515 3074 609 Θεσσαλονίκης,
3148 517 3308 596 κυροῦ
3404 518 3614 589 Νικήτα
3691 524 3784 576 τοῦ

471 700 755 774 Quisnam
786 699 889 776 sis,
930 698 1013 761 mi
1036 698 1238 771 homo,
1263 698 1362 778 qui
1397 713 1608 774 magno
1632 712 1702 756 ex
1728 689 2042 753 intervallo

390 790 466 853 de
496 790 589 852 his
616 790 973 868 interrogas,
1016 785 1293 868 equidem
1325 784 1536 864 ign0ro
1570 802 1585 843 :
1623 800 1755 843 cum
1818 785 1876 843 te
1920 796 2043 868 nec

391 878 663 953 viderim,
696 897 809 941 nec
858 867 1146 940 allouitus
1197 877 1332 938 sim.
1388 872 1600 935 Errata
1641 869 1883 952 quidem
1914 867 2033 933 illa.

390 988 526 1051 qua
546 968 846 1048 suggestio
876 975 977 1029 tua
1020 964 1305 1035 continet,
1366 961 1720 1051 corrigenda
1775 958 2041 1051 veniunt,

393 1044 682 1140 tuamque
701 1058 777 1120 de
808 1056 901 1119 his
949 1052 1475 1133 interrogationem
1509 1049 1734 1140 probo;
1771 1044 2044 1140 quando-

389 1136 628 1229 quidem
659 1164 864 1209 eorum
900 1152 1161 1226 peccata,
1208 1142 1310 1224 qui
1364 1138 1626 1229 dominis
1683 1136 2038 1229 inserviunt,

391 1224 513 1300 sive
540 1238 659 1299 sint
686 1236 862 1311 servi,
899 1224 1021 1296 sive
1050 1232 1246 1295 liberi.
1275 1230 1368 1293 vel
1420 1228 1611 1310 potius
1654 1228 1702 1289 si
1735 1224 1909 1298 servi,
1944 1234 2041 1286 aut

390 1346 632 1409 prorsus
663 1326 907 1388 alterius
937 1324 995 1386 iu
1031 1329 1338 1404 potestate,
1374 1319 1763 1382 conferuntur
1801 1318 1856 1375 in
1882 1314 2044 1409 ipsos

390 1402 870 1497 patresfamilias,
933 1414 981 1475 si
1032 1402 1173 1494 quis
1245 1408 1405 1470 omni
1479 1406 1671 1469 studio
1729 1405 1804 1467 de
1850 1402 2042 1497 corri-

390 1492 603 1585 gendis
633 1503 720 1566 eis
750 1522 867 1565 non
928 1492 1167 1579 cogitet.
1227 1497 1392 1572 Quod
1455 1497 1504 1558 si
1561 1514 1671 1558 nec
1737 1492 2047 1585 manifesta

2734 595 3112 664 Μιτυληναίου,
3150 619 3174 654 ε

2203 694 2291 758 Τίς
2324 694 2420 769 μὲν
2450 693 2531 767 εἶ,
2559 690 2819 772 ἄνθρωπε,
2873 691 3074 771 ἀγνοῶ,
3120 693 3149 747 6
3203 700 3366 751 ταῦτα
3410 690 3691 772 ἐπερωτῶν
3720 691 3780 748 ἐκ

2124 793 2327 863 μακροῦ
2381 781 2765 860 διαστήματος,
2836 781 2973 856 μήτε
3025 778 3150 837 ἰδών
3197 801 3280 855 σε,
3346 781 3485 857 μήτε
3538 781 3779 861 ἐντυχών

2129 895 2235 936 σοι.
2281 871 2369 938 Ἐξ
2397 870 2636 950 ἀνάγκης
2665 868 2720 926 δὲ
2771 869 2804 926 ἃ
2860 867 3203 946 διαλαμϐάνει
3245 871 3282 938 ἡ
3336 869 3632 947 ὑπόμνησίς
3687 892 3781 928 σου

2128 960 2442 1043 σφάλματα,
2488 958 2769 1039 διορθωτέα
2811 958 2933 1018 εἰσί.
2982 960 3080 1016 Καὶ
3150 955 3489 1039 ἀποδέχομαι
3543 980 3636 1017 σου
3679 959 3777 1026 τὴν

2126 1052 2244 1131 περὶ
2312 1051 2512 1109 τούτων
2596 1048 2876 1128 ἐρώτησιν,
2950 1045 3031 1104 ὅτι
3099 1048 3166 1105 τὰ
3233 1049 3591 1129 ἁμαρτήματα
3672 1051 3778 1104 τῶν

2124 1142 2525 1221 ὑπηρετούντων
2592 1152 2709 1203 τοῖς
2778 1135 3085 1213 δεσπόταις,
3181 1136 3294 1193 εἴτε
3364 1135 3539 1197 δοῦλοί
3622 1139 3775 1211 εἰσιν,

2126 1230 2237 1288 εἴτε
2281 1228 2558 1305 ἐλεύθεροι,
2626 1230 2714 1287 καὶ
2767 1225 2971 1302 μᾶλλον
3029 1228 3073 1283 εἰ
3131 1224 3326 1301 δοῦλοι,
3386 1226 3422 1295 ἢ
3473 1224 3612 1290 ὅλως
3670 1227 3777 1283 ὑπ-

2125 1318 2346 1386 εξούσιοι
2419 1318 2504 1375 ἐπὶ
2558 1341 2677 1384 τοςς
2749 1314 3122 1381 οἰκοδεσπότας
3195 1315 3465 1397 φέρονται,
3524 1313 3642 1394 εἴγε
3699 1316 3779 1392 μὴ

2125 1409 2388 1472 παντοίως
2436 1408 2695 1488 φροντίζοι
2749 1428 2830 1469 τις
2886 1411 2986 1473 τῆς
3044 1406 3239 1462 τούτων
3287 1403 3631 1484 διορθώσεως.
3681 1406 3782 1463 Καὶ

2128 1499 2172 1555 εἰ
2200 1499 2297 1574 μὲν
2342 1499 2467 1554 εἰσὶν
2508 1497 2714 1577 ἀφανῆ,
2766 1502 2844 1571 τῷ
2899 1502 3015 1571 Θεῷ
3057 1495 3211 1577 δώσει
3241 1492 3400 1572 λόγον
3430 1497 3458 1551 6
3487 1494 3735 1574 πράττων
3759 1513 3776 1529 θ

390 1568 551 1670 sunt,
581 1596 704 1658 Deo
749 1568 1038 1655 rationem
1090 1590 1302 1652 reddet
1343 1588 1415 1662 is,
1450 1586 1550 1668 qui
1580 1604 1649 1647 ea
1675 1582 1993 1646 committit
2025 1598 2034 1643 :

2129 1590 2173 1645 εἰ
2202 1568 2282 1643 ’δὲ
2335 1568 2570 1667 φανερὰ,
2601 1588 2628 1642 6
2687 1568 3090 1651 όίἀοδεσπότης,
3154 1568 3247 1646 "Oc
3290 1568 3379 1639 καὶ
3444 1568 3640 1663 ὀφείλει
3711 1588 3782 1659 τῇ

391 1684 482 1746 sin
516 1682 848 1751 manifesta,
883 1678 1341 1763 paterfamilias:
1389 1676 1488 1758 qui
1519 1676 1759 1756 quidem
1793 1690 1864 1733 ea
1892 1670 2034 1732 loci-

2125 1678 2261 1735 κατά
2289 1677 2450 1734 τόπον
2504 1673 2761 1747 ἐκκλησίᾳ
2802 1681 2967 1731 ταῦτα
3023 1672 3299 1755 φανεροῦν,
3343 1672 3439 1729 ’ἕνα
3496 1674 3525 1729 6
3570 1671 3785 1729 ἐπίσκο-

390 1775 521 1854 ejus
552 1772 820 1835 ecclesia
850 1761 1182 1852 patefacere
1211 1768 1411 1842 debet,
1448 1773 1511 1826 ut
1548 1774 1672 1827 tum
1705 1765 2034 1854 episcopus1

2129 1787 2227 1829 πος
2258 1766 2347 1821 καὶ
2378 1767 2425 1821 οἱ
2454 1763 2630 1820 ἐκεῖσε
2662 1766 2823 1842 ἱερεῖς
2889 1763 2976 1818 καὶ
3019 1762 3250 1841 μοναχοὶ
3304 1762 3421 1841 περὶ
3450 1765 3549 1827 τῆς
3580 1761 3781 1817 τούτων

389 1848 513 1925 tum
562 1862 684 1923 illic
739 1848 1040 1923 constituti
1096 1857 1439 1919 sacerdotes
1494 1873 1560 1916 ac
1609 1849 1911 1925 monachi,
1973 1848 2034 1911 de

2128 1853 2449 1933 διορθώσεως
2503 1852 2884 1931 ἀγωνίζωνται.
2946 1852 3077 1909 Τότε
3134 1852 3234 1930 γὰρ
3295 1853 3323 1908 6
3377 1848 3779 1928 οἰκοδεσπότης,

387 1950 756 2031 corrigendis
810 1949 928 2011 illis
986 1947 1225 2010 solliciti
1260 1946 1400 2019 sint,
1461 1942 1690 2025 Quippe
1749 1939 2034 2031 tuncloco

2128 1942 2549 2023 ei'nepﬂpsloin
2593 1942 2970 2018 ὑπομνησθεὶς,
3020 1942 3108 1997 καὶ
3151 1942 3274 2024 οὐχὶ
3302 1941 3368 1997 τὰ
3424 1937 3549 2019 παρ’
3597 1940 3781 1997 ἑαυτοῦ

384 2062 497 2105 suo
523 2028 905 2121 castigandus
954 2047 1043 2101 est
1087 2034 1537 2118 paterfamilias,
1571 2042 1629 2094 et
1655 2032 1729 2093 ab
1793 2028 2047 2121 ecclesia

384 2117 773 2213 separandos,
810 2148 944 2192 cum
986 2117 1343 2189 admonibus
1369 2123 1742 2213 negligenter
1771 2139 1835 2181 se
1863 2117 2037 2213 gerit,

384 2209 497 2284 nec
525 2222 597 2283 ad
632 2219 1113 2283 emendationem
1146 2214 1347 2278 delicti
1382 2212 1520 2276 facit
1552 2211 1775 2282 omnia,
1800 2226 1931 2289 qua
1963 2209 2041 2268 ab

374 2309 505 2392 ipso
552 2315 936 2391 requiruntur
1018 2305 1224 2387 Itaque
1273 2322 1407 2366 cum
1468 2300 1737 2392 alicujus
1774 2296 1929 2361 servi
1985 2303 2044 2358 et

382 2388 617 2461 ancilla
640 2388 1007 2471 scortantur,
1043 2395 1236 2475 deque
1254 2394 1368 2455 hoc
1392 2395 1575 2452 factus
1588 2388 1814 2452 certior
1833 2403 2039 2447 eorum

380 2488 686 2569 dominus,
722 2506 838 2549 non
892 2484 1053 2547 omni
1107 2482 1284 2544 modo
1334 2488 1641 2562 peccatum
1677 2478 1734 2538 id
1771 2475 2038 2555 corrigit,

378 2586 563 2656 utque
592 2568 777 2639 sacra
822 2572 1259 2637 benedictionis
1319 2570 1636 2652 participes
1678 2568 1842 2647 ﬁant,
1900 2583 2037 2646 per-

378 2667 559 2728 mittit
589 2663 1017 2746 segregationis
1049 2679 1282 2743 panam
1316 2667 1604 2733 meretur,
1646 2658 1813 2737 juxta
1835 2672 2037 2716 sacros

376 2774 446 2817 ac
495 2754 725 2817 divinos
755 2770 1037 2831 canones,
1098 2750 1183 2812 uti
1242 2756 1301 2810 tu
1352 2764 1593 2829 quoque
1655 2750 2038 2827 peraccurate

378 2843 729 2906 disserendo
761 2837 1264 2904 commonstrasti.
1325 2837 1567 2900 Frustra
1598 2853 1738 2897 vero
1767 2841 2039 2897 metuunt

380 2931 631 3007 domini,
691 2949 768 2993 ne
825 2930 875 2991 si
907 2937 1166 3010 potes'as
1233 2926 1387 2988 facta
1467 2925 1646 2987 fuerit
1713 2921 1918 2996 servis,
1973 2928 2037 2982 ut

379 3020 809 3083 interveniente
860 3016 1281 3097 benedictione
1321 3013 1604 3093 legitimis
1660 3031 1792 3074 cum
1826 3010 2028 3072 uxori-

379 3111 490 3173 bus
544 3110 640 3202 vel
699 3128 836 3202 cum
894 3106 1123 3202 maritis
1186 3104 1419 3168 ancilla
1456 3102 1840 3202 .copulentur
1919 3098 2093 3202 lpSiC

380 3200 696 3282 mancipiis
748 3198 873 3260 suis
944 3196 1244 3270 excidant,
1301 3214 1370 3257 ac
1424 3193 1472 3255 si
1522 3191 1831 3273 conceptio
1890 3208 2031 3272 pre-

379 3309 515 3351 cum
546 3278 848 3351 sacrarum
879 3304 981 3348 eos
1026 3285 1085 3346 in
1142 3284 1475 3346 libertatem
1511 3288 1769 3363 raperet.
1805 3278 2034 3361 Quippe

379 3386 604 3440 metum
664 3378 823 3438 hunc
851 3375 940 3436 eis
971 3374 1212 3437 abstulit
1268 3372 1520 3453 inclytus
1551 3372 1879 3451 imperator
1908 3370 2030 3444 ille,

380 3468 663 3530 dominus
715 3463 956 3529 Alexius
1014 3483 1124 3543 per
1181 3462 1473 3525 novellam
1503 3460 1580 3523 ab
1606 3459 1892 3522 Ecclesiis
1920 3478 2031 3540 ap-

386 3556 716 3639 probatam.
752 3554 1009 3635 Ideoque
1042 3572 1118 3615 ne
1150 3552 1305 3614 servi
1334 3558 2033 3639 scortentur,receptum

378 3638 489 3719 est,
518 3654 581 3709 ut
608 3644 1028 3708 benedictione
1052 3660 1220 3705 sacra
1251 3659 1524 3723 persona
1564 3638 1810 3702 serviles
1843 3658 2033 3719 copu-

380 3737 601 3812 lentur,
657 3755 726 3796 ac.
782 3733 1176 3796 nihilominus
1232 3730 1502 3793 servituti
1552 3729 1670 3790 sint
1716 3728 2027 3790 obnoxia:

378 3844 571 3908 neque
621 3824 857 3887 Domini
889 3842 1132 3885 causam
1188 3822 1367 3884 ullam
1414 3820 1659 3894 habent,
1713 3818 2033 3900 quominus

377 3935 581 3979 servos
612 3935 752 3977 suos
805 3913 1069 3993 legitime
1126 3931 1260 3974 cum
1316 3910 1551 3974 ancillis
1608 3908 1913 3985 uxoribus,
1976 3916 2033 3971 et

376 4004 625 4068 ancillas
656 4024 790 4067 cum
840 4003 1025 4065 servis
1080 4001 1329 4083 maritis,
1380 4000 1813 4062 interveniente
1865 4016 2035 4059 sacra

376 4094 818 4168 benedictionc,
847 4091 1148 4173 copulent:
1173 4092 1466 4171 adeoque,
1496 4091 1557 4151 ni
1576 4089 1811 4167 faciant,
1839 4087 2031 4169 panis

375 4184 678 4247 canonicis
702 4181 941 4244 obnoxii
972 4188 1131 4259 sunt,
1182 4181 1464 4244 videlicet
1514 4178 2031 4259 segregationibus

375 4282 436 4338 et
489 4271 932 4336 exclusionibus
988 4291 1023 4334 a
1064 4270 1487 4334 communione
1546 4287 1736 4331 sacra.
1795 4268 2028 4331 Talium

373 4382 613 4446 quoque
659 4378 1049 4441 personarum
1114 4360 1447 4423 oblationes
1503 4357 1869 4437 recipienda
1908 4377 2026 4420 non

2126 2039 2300 2095 πάντα
2357 2051 2502 2094 ποιεῖ
2552 2038 2680 2116 πρὸς
2743 2035 3039 2114 διόρθωσιν,
3098 2033 3441 2116 ἐπςιμητέος
3500 2033 3609 2090 ἐστὶ
3644 2034 3781 2090 κατά

2124 2127 2225 2195 τὴν
2256 2128 2410 2184 αὐτοῦ
2438 2108 2605 2201 τάξιν,
2656 2126 2744 2182 καὶ
2790 2108 3121 2205 ἀέροριστὲος.
3175 2108 3288 2182 ’ὅτε
3332 2130 3458 2202 γοῦν
3500 2127 3547 2180 οἱ
3606 2120 3779 2182 δοῦλοι

2124 2218 2211 2273 καὶ
2241 2218 2293 2272 αἱ
2323 2213 2550 2280 δουλίδες
2592 2215 2734 2278 τινὸς
2795 2214 3125 2292 πορνεύουσι,
3181 2215 3270 2269 καὶ
3326 2210 3532 2280 εἴδησιν
3577 2209 3782 2288 λαμϐά-

2124 2326 2226 2360 νων
2295 2307 2323 2361 6
2393 2305 2569 2384 κύριος
2627 2303 2819 2376 αὒτῶν,
2897 2304 2958 2359 οὗ
3029 2302 3291 2365 παντοίως
3361 2300 3652 2381 διορθοῦται
3720 2303 3781 2357 16

2120 2401 2352 2451 τοιοῦτον
2382 2394 2697 2473 ἁμάρτημα,
2756 2394 2843 2449 καὶ
2899 2391 3167 2472 ἐπιτρέπει
3212 2389 3445 2466 αὒτῷῧο
3492 2392 3593 2458 τὴν
3634 2393 3778 2470 ἱερο-

2120 2481 2326 2561 λογίαν,
2371 2476 2664 2564 ἀφορισμοῦ
2707 2481 2851 2538 ἐστιν
2910 2478 3049 2547 ἄξιος
3106 2481 3243 2539 κατὰ
3303 2481 3423 2546 τοὺς
3465 2480 3633 2559 ἱεροὺς
3691 2480 3780 2536 καὶ

2120 2573 2286 2636 θείους
2366 2572 2614 2651 κανόνας,
2691 2572 2863 2635 καθὼς
2943 2572 3033 2627 καὶ
3103 2568 3258 2632 αὐτὸς
3335 2566 3776 2649 ἠκριϐολογήσω.

2120 2659 2333 2719 Ἐκεῖνο
2375 2658 2431 2716 δὲ
2490 2660 2666 2736 μάτην
2721 2658 3068 2717 ὑποπτεύεται
3127 2658 3269 2721 παρὰ
3310 2664 3417 2714 τῶν
3476 2655 3774 2732 δεσποτῶν,

2118 2748 2199 2806 ὅτι
2243 2750 2332 2809 ἐὰν
2387 2751 2805 2829 συγχωρηθῶσιν
2849 2751 2897 2806 οἱ
2952 2746 3126 2805 δοῦλοι
3177 2746 3581 2827 ἱερολογηθῆναι
3640 2747 3779 2822 μετά

2117 2849 2379 2921 γυναικῶν
2408 2844 2669 2920 νομίμων,
2730 2841 2766 2911 ἢ
2821 2845 2872 2899 αἱ
2915 2838 3142 2904 δουλίδες
3195 2841 3330 2916 μετά
3384 2838 3607 2920 ἀνδρῶν,
3651 2839 3776 2902 τοὺς

2118 2932 2335 2996 οἰκείους
2390 2931 2595 2996 οἰκέτας
2666 2930 3018 2990 ἀπολέσουσιν
3053 2949 3067 2961 ·
3155 2931 3229 2994 ὡς
3304 2930 3404 2996 τῆς
3489 2925 3778 3007 ἱερολογίας

2117 3023 2449 3101 ἀρπαζούσης
2492 3021 2675 3086 αὖτοὺς
2734 3023 2806 3085 εἰς
2864 3019 3176 3099 ἐλευθερίαν.
3242 3019 3452 3085 Ταύτην
3517 3019 3617 3096 γὰρ
3672 3016 3774 3084 τὴν

2116 3113 2347 3189 ὑποψίαν
2389 3109 2597 3169 ἀνεῖλεν
2646 3114 2673 3168 6
2729 3108 2964 3186 ἀοίδιμος
3019 3108 3265 3187 βασιλεὺς
3317 3117 3472 3187 κῦρος
3535 3104 3771 3173 Ἀλὲξιος

2116 3199 2201 3259 διὰ
2233 3208 2442 3281 νεαρᾶς,
2488 3202 2552 3267 ἣν
2596 3201 2685 3258 καὶ
2727 3204 2778 3258 αἰ
2836 3198 3112 3267 ἐκκλησίαι
3172 3196 3432 3263 ἐδέξαντο,
3497 3198 3596 3255 Καὶ
3652 3194 3773 3253 λοι-

2116 3293 2218 3348 πὸν
2259 3288 2354 3347 ἵνα
2398 3291 2475 3367 μὴ
2530 3291 2849 3369 πορνεύωσιν
2909 3292 2954 3345 οἱ
2998 3286 3196 3369 δοῦλοι,
3259 3285 3453 3368 ἐδέχθη
3485 3288 3545 3342 τὸ
3574 3283 3774 3365 ἱερολοο

2117 3383 2327 3457 γεῖσθαι
2399 3380 2465 3436 τὰ
2537 3376 2751 3437 δουλικὰ
2827 3377 3109 3458 πρόσωπα,
3194 3378 3281 3434 καὶ
3352 3376 3527 3452 μένειν
3610 3372 3773 3431 πάλιν

2116 3470 2218 3525 ὑπὸ
2260 3470 2358 3536 την
2401 3466 2657 3528 δουλείαν.
2707 3477 2808 3546 Καὶ
2861 3465 3104 3543 οὐδεμίαν
3160 3466 3376 3547 ἔχουσιν
3433 3468 3481 3521 οἱ
3523 3461 3772 3520 δεσπόται

2116 3563 2376 3641 πρόφασιν
2438 3564 2511 3626 εἰς
2572 3564 2633 3618 16
2676 3562 2754 3638 μὴ
2812 3561 3135 3640 συζευγνύειν
3173 3560 3294 3625 τοὺς
3349 3558 3572 3622 οἰκείους
3644 3555 3773 3613 δού-

2116 3651 2240 3715 λους
2271 3653 2509 3728 νομίμως
2540 3665 2661 3716 ταῖς
2721 3648 2929 3714 δούλαις
2980 3646 3200 3729 γυναιξὶ,
3261 3650 3349 3705 καὶ
3404 3649 3500 3711 τὰς
3530 3644 3771 3713 δουλίδας

2116 3738 2327 3821 ἀνδράσι
2388 3738 2594 3804 δούλοις
2652 3740 2786 3816 μετά
2841 3738 3160 3819 ἱερολογίας.
3222 3740 3320 3796 Καὶ
3377 3738 3421 3793 εἰ
3493 3736 3572 3813 μὴ
3614 3742 3771 3794 τοῦτο

2115 3840 2379 3905 ποιοῦσιν,
2427 3831 2695 3887 ὑπεύθδνοί
2767 3830 2865 3885 εἰσι
2922 3843 3039 3894 τοῖς
3097 3840 3401 3891 κανονικοῖς
3458 3826 3769 3905 ἐπιτιμίοις,

2114 3919 2278 3999 ἤγουν
2307 3920 2626 4001 ἀφορισμοῖς
2684 3920 2772 3975 καὶ
2826 3918 3257 3986 ἀκοινωνησίαις,
3318 3921 3434 3975 Τῶν
3492 3913 3547 3972 δὲ
3586 3916 3771 3972 τοιού-

2113 4030 2246 4089 των,
2292 4008 2408 4066 οὒδὲ
2451 4014 2502 4066 αἱ
2557 4010 2849 4090 προσφοραὶ
2892 4007 3091 4088 δεκταὶ,
3153 4006 3253 4071 ἕως
3314 4005 3377 4062 ἂν
3448 4003 3771 4086 διορθώσων-

2114 4121 2223 4159 ται.
2297 4097 2463 4156 Ἀλλά
2545 4101 2632 4156 καὶ
2718 4102 2763 4155 οἱ
2833 4097 3275 4177 ἐπιτετραμμένοι
3359 4095 3634 4171 ἐπιτηρεῖν
3704 4096 3770 4151 τὰ

2112 4198 2327 4248 τοιαῶα
2368 4188 2458 4245 καὶ
2499 4185 2698 4268 διορᾷν,
2758 4190 2802 4245 εἰ
2858 4189 2936 4264 μὴ
2979 4186 3133 4245 τοῦτο
3190 4193 3423 4261 ποιοῦσι,
3479 4186 3565 4245 καὶ
3623 4187 3769 4244 αύτοὶ

2112 4291 2228 4342 τοῖς
2264 4280 2449 4357 ,ἱεροῖς
2515 4277 2733 4334 κανόσιν
2790 4277 3059 4335 ὑπευθύνοι
3129 4277 3384 4355 γίνονται.
3461 4277 3519 4333 Εἰ
3574 4272 3628 4331 δέ
3685 4297 3766 4339 τις

2111 4369 2327 4446 εὐπορεῖ
2388 4367 2502 4431 ἐνὸς
2560 4365 2748 4423 δούλου
2816 4366 2852 4434 ἢ
2924 4363 3182 4446 δουλίδος,
3241 4365 3435 4444 ἀπορεῖ
3491 4361 3546 4419 δὲ
3588 4362 3766 4444 ἕτερον

2230 4057 2246 4089 3

375 4461 533 4524 sunt,
594 4451 786 4515 donec
836 4450 1229 4530 corrigantur.
1292 4448 1444 4523 Quin
1492 4449 1669 4510 etiam
1702 4446 1766 4521 ii,
1813 4446 2029 4527 quibus

2119 4456 2403 4526 κτήσασθαι
2468 4456 2599 4535 πρὸς
2670 4456 2731 4511 16
2789 4453 3022 4527 συζεῦξαι
3089 4456 3270 4535 αὐτὸν,
3327 4454 3416 4510 καὶ
3471 4450 3555 4508 διὰ
3611 4462 3766 4513 τοῦτο

374 4552 464 4606 est
492 4540 902 4623 commissum,
931 4549 995 4602 ut
1014 4540 1227 4603 isthac
1258 4540 1574 4601 observent
1602 4545 1663 4598 et
1689 4536 2027 4618 inSpiciant,

375 4632 490 4694 nisi
519 4630 737 4695 faciant
792 4630 1078 4709 ofﬁcium,
1127 4647 1318 4712 pana
1375 4645 1680 4692 sacrorum
1734 4644 2028 4689 canonum

374 4740 507 4785 sese
558 4720 819 4783 reddunt
847 4719 1160 4784 obnoxios.
1219 4718 1388 4793 Quod
1436 4717 1487 4779 si
1517 4716 1652 4798 quis
1676 4733 1863 4777 unum
1892 4732 2028 4777 ser-

372 4830 533 4888 vum,
584 4810 676 4873 vel
734 4826 914 4873 unam
967 4810 1247 4873 ancillam
1306 4806 1591 4888 possidet,
1658 4812 1717 4869 et
1785 4812 2027 4886 propter

371 4900 630 4982 inopiam
663 4917 1008 4979 comparare
1045 4899 1253 4981 nequit
1281 4896 1558 4970 alterum,
1608 4894 1701 4958 vel
1751 4895 2020 4971 alteram,

371 5009 580 5053 eorum
626 4989 1093 5069 copulandorum
1145 5007 1343 5069 causa,
1417 4986 1673 5067 ideoque
1725 4983 2027 5046 scortandi

372 5078 674 5141 licentiam
706 5080 983 5141 concedit
1013 5079 1090 5154 ei,
1127 5097 1306 5161 quem
1349 5093 1601 5159 quamve
1631 5092 1737 5135 sua
1765 5073 1826 5134 in
1859 5082 2028 5155 pote-

373 5176 524 5231 state
552 5166 767 5229 habet:
803 5167 853 5229 is
897 5168 1069 5247 sciat,
1105 5168 1334 5231 idcirco
1395 5184 1458 5228 se
1492 5182 1613 5226 non
1660 5163 1906 5226 liberari
1953 5163 2025 5226 ab

374 5256 781 5320 ecclesiastica
833 5264 890 5319 et
939 5259 1232 5321 canonica
1285 5274 1458 5339 pana
1511 5276 1524 5313 :

2111 4544 2362 4626 ἀνέχεται
2406 4545 2673 4623 πορνεύειν
2716 4545 2774 4601 ὃν
2835 4542 2975 4625 ἔχει,
3022 4543 3059 4613 ἢ
3091 4544 3155 4611 ἣν
3187 4543 3331 4624 ἔχει,
3375 4544 3478 4600 ὑπὸ
3506 4541 3605 4611 τὴν
3634 4540 3766 4601 ἰδίαν

2109 4632 2366 4708 ἐξουσίαν,
2422 4631 2561 4692 ἴστω
2614 4636 2688 4699 ὡς
2746 4643 2904 4693 τοῦτο
2962 4635 3057 4691 οὒκ
3101 4630 3347 4691 ἐκϐάλλει
3403 4632 3590 4696 αὐτοὺς
3660 4633 3765 4699 τῆς

2107 4722 2551 4792 ἐκκλησιαπικῆς
2592 4724 2680 4781 καὶ
2719 4727 3005 4790 κανονικῆς
3051 4722 3407 4799 ἐπιτιμήσεως
3444 4742 3455 4755 '
3512 4720 3649 4779 ἀλλά
3675 4723 3764 4779 καὶ

2108 4814 2262 4877 αὐτὸς
2292 4814 2556 4878 παντοίως
2600 4813 2885 4871 ἀπαιτεῖτα
2927 4810 3124 4879 διδάξαι
3178 4813 3269 4869 τὸν
3327 4812 3525 4869 οἰκεῖον
3555 4810 3764 4880 οἰκέτην

2107 4915 2423 4983 σωφρονεῖν,
2450 4902 2487 4970 ἢ
2505 4900 2733 4959 κωλύσει
2751 4899 2809 4951 61
2839 4902 2936 4969 τὴν
2958 4900 3200 4980 πορνείαν
3222 4898 3307 4957 διὰ
3326 4900 3522 4979 τρόπου
3540 4901 3760 4975 παντὸς,

2107 4993 2268 5070 γάμῳ
2298 4989 2651 5062 ὁπωσδήποτε
2693 4991 2937 5064 συζεύξας
2966 4992 3027 5047 16
3059 4999 3308 5069 πορνεῦον
3337 4988 3645 5067 πρόσωπον,
3674 4994 3763 5047 καὶ

2110 5079 2277 5145 οὕτως
2338 5079 2485 5180 ἐσται
2529 5082 2825 5147 ἀνεύθυνος.
2873 5082 3014 5148 Μηνὶ
3072 5076 3439 5160 Σεπτεμϐρίῳ,
3495 5077 3763 5156 ἐπινεμή-

2110 5191 2245 5236 σεως
2279 5193 2333 5227 ια
2361 5219 2375 5233 .

1580 5252 1684 5315 sed
1739 5252 1983 5317 omnino
2023 5258 2096 5321 ab
2143 5257 2274 5340 ipso
2318 5257 2670 5341 requiritur,
2720 5272 2787 5323 ut
2837 5277 3073 5323 servum
3114 5277 3288 5321 suum
3326 5256 3399 5322 ad
3432 5256 3760 5321 castitatem

372 5348 837 5426 condocefaciat,
900 5349 992 5411 vel
1035 5347 1200 5411 omni
1252 5345 1427 5410 modo
1480 5343 1899 5432 scortationem
1958 5346 2295 5431 impediat;
2357 5365 2636 5430 persona,
2667 5368 2800 5431 qua
2840 5350 2953 5413 hac
3002 5368 3067 5411 se
3119 5348 3354 5429 polluit,
3388 5348 3461 5411 ad
3494 5348 3762 5432 conjugii

370 5441 564 5521 legem
596 5437 859 5501 astricta.
895 5438 996 5503 Sic
1024 5438 1182 5501 enim
1214 5436 1404 5516 culpa
1432 5452 1644 5516 expers
1674 5433 1807 5496 erit.
1842 5431 2052 5499 Datum
2090 5456 2297 5500 mense
2323 5436 2688 5521 Septembri,
2722 5439 3053 5505 indictione
3082 5455 3163 5503 x1.

449 5528 831 5611 Subscriptio
862 5546 881 5590 :

528 5617 768 5683 Nicetes
790 5615 1235 5682 Thessalonica
1262 5612 1772 5697 metropolitanus.

2181 5531 2217 5598 ἡ
2230 5609 2235 5610 γ
2246 5530 2526 5610 ὑπογραφή
2555 5548 2569 5565 ’

2225 5609 2282 5677 ι0
2314 5609 2712 5698 μητροπολίτης
2744 5619 3132 5687 Θεσσαλονίκης
3162 5619 3424 5690 Νικήτας.

1712 5733 1966 5799 VARLE
2008 5735 2436 5805 LEGTIONES.

448 5849 513 5903 σο
538 5854 732 5912 αὒτῶν.
818 5849 874 5900 σί
905 5849 1165 5917 κωλῦσαι.
