4128 6434
305 398 469 470 1125
1649 389 1990 461 GIUECO-B

2075 390 2363 455 ﬁANUM.
3540 379 3704 451 H26

312 566 336 599 ι
388 546 492 600 Τοῦ
518 538 922 620 μακαριώτάτου
949 537 1376 620 ἀρχιεπισκόπου
1404 537 1582 605 πάσης
1609 530 1949 620 Βουλγαρίας,
1975 543 1990 585 1

2075 520 2845 620 manumisisset:
2860 522 3411 620 ερξίμέηθνιααντω
3451 522 3705 620 limini

388 600 546 702 κυροῦ
579 600 967 702 AH'unrptor
986 600 1123 678 'T'br
1149 600 1656 693 xouusmmbr,
1675 600 1961 691 σημείωμα

2124 600 2550 702 ῌΕΜῙΒΙΙ
2576 601 2850 702 ςῌΟΜΑ
2867 601 3088 666 ΤΙΑΝΙ
3133 600 3451 688 scriptum,
3477 605 3554 669 de
3582 606 3701 670 hu-

392 682 510 781 περὶ
538 707 633 759 τοῦ
660 700 899 759 τοιούτου
927 702 1254 772 ζητήματος.
1293 722 1318 757 ι
1639 682 1653 693 ’
1751 682 1761 691 1
1886 682 1898 689 ’

2112 682 2396 763 jusmodi
2424 683 2766 763 quastione.

396 804 866 887 Μεγαλοδοζότατε
918 806 1241 888 περιπόθητέ
1310 829 1404 883 μοι
1475 802 1782 883 αὐτάδελφε,
1842 808 1966 882 κῦρε

2129 789 2570 853 Gloriosissime
2618 808 2688 852 ac
2743 790 3134 853 dilectissime
3184 792 3367 857 frater
3394 814 3700 877 germane,

314 879 571 980 Στέφανε,
640 897 925 977 ἠρώτησας
989 879 1134 974 ημᾶς
1190 894 1276 954 διὰ
1314 879 1644 976 ’γράμματος
1712 879 1837 971 -σου,
1913 879 1968 946 εἰ

2075 880 2294 943 lominc
2353 879 2676 980 Stephane,
2746 897 2850 980 per
2892 879 3119 943 litteras
3175 890 3302 980 tuas
3359 903 3469 947 nos
3513 886 3702 949 inter-

310 968 478 1054 ἔξεστι
553 968 776 1066 μιγέντα
844 987 945 1043 τινὶ
1016 968 1241 1066 γυναικὶ,
1327 968 1653 1062 συμμιγῆναι
1726 968 1968 1059 γαμικῶς

2075 973 2291 1051 'ogasti,
2323 987 2463 1031 num
2497 969 2584 1031 tas
2615 969 2693 1030 sit
2752 968 2833 1045 ei,
2886 974 2983 1050 qui
3040 990 3175 1032 cum
3224 972 3422 1054 aliqua
3450 975 3706 1038 muliere

310 1083 380 1156 τῇ
421 1058 642 1144 ἐκείνης’
667 1058 1041 1157 δισεξαδέλφῃξ
1096 1077 1194 1133 Καὶ
1234 1076 1367 1155 πρὸς
1548 1058 1797 1138 τοιαύτην
1828 1068 1964 1149 ἐρώ-

2075 1080 2175 1123 ’θηι
2240 1059 2466 1134 habuit,
2537 1058 2979 1121 matrimonium
3058 1080 3194 1122 cum
3272 1063 3403 1142 ejus
3464 1064 3707 1128 sobrina

308 1189 487 1241 τησιν,
519 1162 725 1224 τοιάνδε
754 1165 1041 1240 ποιούμεθα
1064 1164 1164 1232 τὴν
1221 1164 1522 1244 ἀπόκρισιν,
1578 1163 1651 1225 ὡς
1693 1161 1756 1217 τὸ
1784 1165 1962 1216 τοιοῦο

2075 1149 2425 1212 :ontrahere.
2486 1147 2671 1220 Quam
2730 1167 2838 1210 nos
2883 1150 2951 1212 ad
2987 1150 3398 1235 quaestionem,
3431 1153 3491 1215 in
3547 1155 3705 1217 hunc

304 1278 397 1314 τον
446 1239 793 1333 συνάλλαγμα
848 1239 937 1311 καὶ
994 1254 1081 1310 ἐπὶ
1135 1260 1242 1310 τῶν
1284 1239 1517 1333 ἡμερῶν
1552 1257 1644 1307 τοῦ
1701 1247 1962 1326 βασιλέως

2075 1239 2287 1301 nodum
2319 1241 2752 1319 reapondemus
2788 1256 2802 1301 :
2855 1239 3131 1301 videlicet
3180 1241 3523 1321 hujusmodi
3554 1264 3705 1307 eon-

302 1351 398 1403 τοῦ
480 1327 972 1423 πορφυρογεννήτου
1058 1352 1218 1421 κυροῦ
1310 1327 1588 1414 Μανουὴλ,
1674 1340 1763 1395 καὶ
1832 1338 1967 1413 μετὰ

2075 1337 2299 1391 raetum
2331 1336 2621 1404 regnante
2674 1327 2925 1390 Domino
2987 1330 3256 1393 Manuele
3302 1333 3702 1412 imperatore;

309 1440 498 1513 ταῦτα,
654 1417 747 1496 ἐιξ
777 1431 985 1500 πολλὴν
1027 1417 1327 1510 ἀντιλογίαν
1371 1430 1613 1487 ἐνέπεσεν
1650 1448 1661 1461 ·
1714 1430 1788 1492 ὡς
1818 1427 1968 1484 ἐνίων

2075 1428 2188 1480 tato
2220 1418 2279 1478 in
2312 1418 2640 1513 Porphyra,
2673 1427 2741 1513 et
2771 1417 3066 1513 deinceps
3124 1423 3708 1513 quoquemaximam

315 1524 413 1601 μὲν
468 1506 903 1603 ἀπαγορευόντων
979 1523 1105 1581 αὐτὸ
1188 1524 1260 1588 ὡς
1348 1520 1619 1597 ἀθέμιτον,
1694 1517 1842 1575 ἐνίων
1917 1514 1972 1572 δὲ

2082 1527 2114 1567 n
2138 1506 2600 1568 controversiam
2626 1506 2909 1570 incidisse
2936 1528 2951 1569 :
2977 1509 3116 1570 dum
3134 1511 3404 1572 nonnulli
3432 1520 3708 1593 tanquam

317 1595 397 1689 μὴ
430 1595 789 1691 ἀπειργόντων
858 1621 1014 1671 τοῦτο
1084 1614 1159 1674 ὡς
1214 1595 1456 1687 ἔννομον,
1506 1611 1604 1668 Καὶ
1640 1611 1688 1665 οἱ
1731 1609 1827 1683 μὲν
1860 1628 1973 1664 κω-

2084 1597 2332 1659 Ilicitum
2394 1595 2711 1659 interdicto
2783 1597 3213 1678 prohiberent,
3274 1601 3408 1664 aliis
3465 1602 3713 1663 minime

319 1700 534 1767 λύοντες
601 1708 782 1781 τοῦτο,
854 1703 953 1771 τὴν
1045 1703 1240 1759 οἰκείαν
1328 1699 1567 1757 ἔνστασιν
1642 1698 1976 1778 συνεκρότουν

2075 1686 2390 1747 retantibus
2448 1694 2724 1765 tanquam
2781 1686 3011 1765 legibus
3063 1698 3545 1754 consectaneum.
3601 1689 3713 1763 Qui

321 1790 384 1847 ἔκ
421 1812 479 1847 τε
532 1789 732 1866 ἄλλων,
794 1794 881 1849 καὶ
939 1791 1000 1849 ἐκ
1041 1798 1134 1850 τοῦ
1176 1790 1567 1871 διαγινώσκειν,
1616 1788 1731 1852 ἕνὸς
1778 1789 1979 1864 βαθμοῦ

2075 1775 2477 1854 prohibebant,
2540 1794 2673 1835 cum
2731 1775 2863 1836 aliis
2892 1777 3261 1856 argumentis
3319 1779 3715 1842 conﬁcit-bant

319 1880 605 1961 τυγχάνειν
637 1882 729 1936 τὸν
773 1878 932 1957 ἄνδρα
990 1883 1125 1956 μετᾶ
1165 1887 1263 1949 τῆς
1321 1879 1589 1959 γυναικός,
1647 1880 1746 1937 Καὶ
1803 1876 1968 1940 οὕτως

2079 1865 2136 1939 ιΙ,
2178 1866 2330 1946 quod
2369 1865 2442 1926 ab
2504 1865 2670 1961 ipsis,
2733 1865 3113 1928 asserebatur
3143 1876 3315 1961 ;‘tum
3351 1887 3420 1930 ex
3452 1887 3522 1930 eo
3552 1868 3713 1961 quod

319 1955 623 2027 τὸνηὲκτον
705 1955 905 2047 βαθμδν
973 1955 1081 2027 τῶν
1136 1955 1516 2049 δισεξαδέλφων
1596 1968 1770 2045 μένειν
1843 1965 1974 2021 ἀκέσ-

2075 1955 2394 2029 statuerint,
2448 1955 2722 2016 maritum
2756 1965 2814 2017 ct
2864 1975 3113 2018 umrem
3164 1956 3224 2018 in
3258 1976 3377 2020 uno
3409 1967 3469 2020 et
3499 1960 3713 2021 eodem

322 2080 469 2138 ραιον
551 2044 940 2138 ςυνεπνέραινον,
1027 2058 1293 2136 μηδαμῶς
1376 2044 1605 2126 δηλαδὴ
1664 2064 1733 2135 τῇ
1790 2055 1975 2112 ἐπεισ-

2075 2044 2245 2123 gradu
2298 2044 2627 2107 consistere
2714 2047 2911 2126 Atque
2940 2046 3020 2109 ita
3067 2055 3297 2109 sextum
3330 2047 3711 2110 sobrinorum

325 2152 513 2226 αγωγῇ
593 2157 686 2207 τοῦ
766 2146 950 2228 ἀνδρὸς
1006 2147 1592 2229 παρατιτρωσκόμενον,
1651 2146 1788 2203 ὥστε
1846 2145 1977 2200 ἀνα-

327 2234 521 2292 ϐαίνειν
575 2238 648 2303 εἷς
709 2233 956 2313 ἕϐδομον,
1016 2240 1107 2294 τὸν
1151 2251 1268 2302 τοῖς
1326 2240 1481 2302 θείοις
1524 2237 1707 2312 νόμοις
1764 2233 1978 2290 ἀκώλυ-

329 2347 422 2381 τον
492 2321 992 2403 ἐπιγινωσκόμενον.
1053 2328 1151 2386 Ναὶ
1193 2327 1300 2403 μὴν
1345 2327 1436 2383 καὶ
1478 2326 1539 2382 ἐκ
1593 2333 1686 2381 τοῦ
1728 2333 1984 2405 γραφικοῦ

330 2412 468 2470 θείου
533 2413 793 2491 ῥήματος,
859 2423 951 2473 τοῦ
998 2416 1353 2488 θεσπίζοντος.
1417 2416 1524 2473 Οὐκ
1567 2414 1836 2490 εἶσελεύσῃ
1909 2415 1982 2477 εἰς

328 2503 502 2561 πάντα
530 2504 731 2563 οἰκεῖον
774 2506 969 2586 σαρκός
1025 2527 1143 2583 σου,
1189 2503 1532 2581 ἀποκαλύψαι
1590 2503 1982 2584 ἀσχημοσύνην

2063 2134 2314 2211 gradum
2350 2152 2590 2195 manere
2647 2134 2939 2215 integrum
3000 2137 3460 2212 concludebant,
3494 2147 3556 2199 ut
3603 2156 3715 2199 ne-

2065 2242 2356 2305 quaquam
2392 2242 2499 2304 per
2520 2225 2923 2286 accessionem
2957 2224 3145 2307 ipsius
3175 2227 3282 2288 viri
3306 2228 3535 2290 scilicet
3551 2226 3721 2308 quasi

2065 2313 2846 2387 scinderetur,ascendendo
2859 2317 2931 2378 ad
2946 2316 3191 2394 gradum
3206 2318 3526 2399 septimum
3545 2333 3723 2400 quem

2067 2422 2189 2465 non
2248 2402 2612 2485 prohibitum
2696 2422 2879 2466 sacra:
2948 2406 3110 2485 leges
3178 2417 3531 2485 agnoscunt.
3587 2409 3712 2471 Imo

2068 2493 2245 2554 etiam
2286 2491 2468 2554 divini
2502 2510 2807 2555 sacrarum
2832 2493 3156 2557 litteratum
3177 2496 3323 2560 dicti
3341 2499 3713 2582 auctoritate,

328 2591 511 2650 αὐτοῦ.
556 2594 762 2652 Οἰκείαν
806 2583 999 2676 σαρκὸς
1059 2603 1152 2653 τοῦ
1207 2593 1413 2675 ἀνδρὸς,
1471 2595 1569 2662 τὴν
1609 2583 1977 2673 δισὲξαὸἐλφην

2075 2584 2237 2663 cujus
2290 2583 2401 2645 hoc
2455 2591 2815 2664 praeceptum
2875 2599 2985 2647 est.
3045 2588 3177 2648 Non
3230 2589 3588 2667 ingredieris
3640 2592 3715 2652 ad

326 2685 426 2749 τῆς
499 2681 593 2764 (ὡς
657 2672 891 2764 εἴρηται)
949 2686 1195 2764 μιγείσης
1280 2672 1423 2759 αὖτῷ
1478 2683 1722 2762 γυναικός
1775 2672 1979 2758 ὀνομά-

2075 2672 2332 2754 quemvis
2363 2674 2762 2735 necessarium
2793 2674 2990 2736 carnis
3020 2685 3155 2751 tuae,
3192 2685 3256 2738 ut
3295 2680 3427 2759 ejus
3456 2681 3716 2760 ignomi-

328 2759 533 2841 Covtecv.
566 2759 628 2853 ’ῼ
672 2759 738 2841 δὴ
796 2759 995 2852 ῥήματι
1025 2759 1113 2831 καὶ
1143 2777 1172 2830 ὁ
1233 2774 1399 2851 μέγας
1442 2759 1717 2853 ἐχρήσατο
1763 2772 1982 2853 φωστὴρ

2075 2764 2224 2825 niam
2258 2762 2523 2825 reveles:
2579 2762 2880 2825 sobrinam
2940 2766 3234 2848 mulieris,
3267 2788 3400 2831 cum
3433 2759 3548 2852 qua
3583 2771 3718 2852 (ceu

330 2866 423 2917 τοῦ
490 2861 694 2938 κόσμου
786 2862 1059 2930 Βασίλειος
1138 2862 1385 2940 ἀθέμιτον
1451 2863 1715 2941 ἀπείργων
1785 2859 1982 2920 συνάλ-

2075 2853 2293 2916 dictum
2328 2853 2437 2935 est)
2500 2872 2628 2915 rem
2690 2854 2852 2934 prius
2910 2854 3218 2931 habuerat,
3260 2859 3491 2923 ratione
3522 2861 3719 2923 carnis

331 2948 536 3029 λαγμα.
583 2954 644 3009 Οἱ
686 2950 740 3008 δέ
770 2975 831 3031 γε
871 2960 1027 3011 τοῦτο
1078 2967 1193 3019 τοῖς
1253 2954 1755 3033 συγκεχωρημένοις
1787 2951 1984 3030 ἐγγρά-

2075 2944 2195 3004 viro
2229 2943 2620 3024 propinquam
2674 2944 3115 3024 nunt-upabant.
3177 2945 3305 3019 Quo
3353 2967 3496 3012 sane
3558 2949 3718 3011 dicto

330 3060 541 3120 φοντες,
574 3037 799 3118 ἑϐδόμου
851 3040 903 3109 ἐξ
932 3042 1243 3124 ἀγχιστείας
1276 3042 1501 3121 συνῆγον
1560 3042 1702 3099 εἶναι
1732 3042 1935 3118 βαθμοῦ
1967 3055 1980 3069 ⁸

2075 3033 2328 3095 Basilius
2357 3033 2560 3107 etiam,
2621 3053 2900 3112 magnum
2956 3034 3103 3097 illud
3159 3037 3453 3101 luminare
3487 3039 3716 3116 mundi,

335 3129 409 3193 ὡς
435 3127 488 3196 ἓξ
516 3130 613 3205 μὲν
666 3130 728 3187 ἐκ
773 3142 866 3191 τοῦ
920 3133 1037 3197 ἐνὸς
1079 3133 1262 3212 γένους
1305 3131 1687 3211 εὑρισκομένων
1744 3130 1982 3207 βαθμῶν.

334 3217 398 3275 ἐκ
424 3215 481 3275 δὲ
509 3226 601 3276 τοῦ
628 3220 806 3301 ἐτέρου
834 3221 1042 3300 γένους,
1087 3222 1290 3299 βαθμοῦ
1344 3220 1505 3281 ἄλλου
1549 3222 1690 3286 ἑνὸς.
1724 3220 1821 3279 Καὶ
1848 3217 1986 3275 οὕτω

334 3307 401 3363 τὰ
443 3309 585 3388 παρὰ
625 3314 733 3367 τῶν
759 3310 1119 3390 ἀπειργόντων
1162 3310 1533 3391 προτιθέμενα,
1580 3312 1653 3375 ὡς
1693 3307 1978 3384 ἀπᾴδοντα,

332 3397 423 3453 καὶ
489 3397 882 3480 ἀπεμφαίνοντα
947 3398 1305 3481 διεγράφοντο.
1388 3401 1448 3459 El
1513 3401 1613 3480 γὰρ
1669 3405 1813 3455 πᾶσα
1880 3397 1980 3453 ἀν-

334 3483 501 3562 άγκη,
562 3488 709 3566 φασὶ,
762 3485 851 3544 δύο
905 3488 1036 3568 γένη
1080 3488 1329 3559 ἀλλήλων
1389 3488 1641 3568 ἀλλότρια
1689 3486 1977 3561 συνελθεῖν,

332 3571 428 3633 ἵνα
453 3575 553 3642 τὴν
598 3578 911 3657 ἀγχιστείαν
962 3577 1311 3657 ἐργάσωνται,
1371 3577 1424 3644 ἐξ
1464 3577 1725 3657 ἐκῖιτέρων
1782 3573 1837 3632 δὲ
1877 3577 1984 3632 τῶν

334 3669 504 3742 γενῶν
544 3666 744 3723 τούτων
796 3667 1110 3747 συνάγονται
1166 3671 1213 3724 οἱ
1266 3669 1482 3745 βαθμοὶ,
1527 3669 1614 3725 καὶ
1662 3665 1828 3731 οὕτως
1859 3666 1895 3733 ἢ
1922 3665 1987 3720 τὰ

336 3751 681 3831 κεκωλυμένα
762 3755 798 3824 ἢ
880 3757 948 3813 τὰ
1028 3756 1487 3837 συγκεχωρημένα
1568 3763 1675 3814 τῶν
1756 3755 1987 3813 ἐντεῦθεν

342 3841 792 3925 συναλλαγμάτων
852 3846 1246 3926 ἀναφαίνονται,
1291 3851 1406 3911 πῶς
1464 3842 1526 3903 ἄν
1567 3869 1648 3911 τις
1706 3847 1779 3909 εἰς
1832 3844 1988 3921 βάθος

340 3934 728 4014 πεπειραμένος
784 3940 882 4002 τῆς
953 3937 1179 4013 νομικῆς
1236 3934 1627 4015 συλλογίσαιτο,
1701 3937 1815 4000 ἑνὸς
1893 3935 1989 4010 βα-

337 4025 471 4097 θμοῦ
514 4023 656 4080 εἶναι
685 4026 774 4082 τὸν
804 4023 964 4105 ἄνδρα
1010 4026 1146 4102 μετά
1199 4031 1300 4093 τῆς
1361 4026 1608 4105 γυναικός
1643 4045 1660 4107 ;
1722 4024 1987 4082 Ἐντεῦθεν

337 4111 439 4191 γὰρ
495 4111 788 4194 ἀσύμφωνα
858 4115 1075 4178 ἑαυταῖς
1158 4117 1212 4175 αἱ
1291 4115 1619 4191 θεσμοθεσίαι
1676 4114 1764 4171 καὶ
1819 4111 1989 4170 ἄτοπα

335 4201 668 4274 θεσπίζουσαι
744 4204 1143 4283 εὑρηθήσονται,
1223 4205 1291 4261 τὰ
1376 4203 1473 4281 μὲν
1556 4203 1816 4285 δευτέρου,
1902 4203 1991 4259 καὶ

339 4294 535 4377 τρίτου,
601 4297 692 4353 καὶ
743 4297 1015 4379 τετάρτου,
1088 4299 1177 4355 καὶ
1228 4297 1498 4379 πέμπτου,
1553 4299 1636 4356 ναὶ
1691 4295 1746 4354 δὲ
1788 4299 1876 4355 καὶ
1930 4296 1991 4354 ἐκ

342 4383 610 4465 τεσσάρων
650 4387 740 4443 καὶ
794 4383 905 4467 δύο,
965 4385 1119 4445 ἕκτου
1146 4387 1350 4464 βαθμοῦ
1404 4385 1838 4467 συναλλάγματα,
1885 4408 1990 4443 κω-

2070 3123 2364 3186 nefarium
2395 3131 2759 3185 contractum
2800 3133 3029 3206 vetans,
3093 3133 3186 3186 est
3234 3145 3397 3188 usus.
3452 3129 3526 3191 At
3576 3147 3716 3192 vero

2068 3212 2168 3293 qui
2199 3212 2500 3274 concessis
2532 3212 2642 3274 hoc
2673 3212 3014 3292 conjugium
3045 3215 3539 3299 annumerabant,
3572 3236 3717 3299 sep-

2069 3301 2197 3364 timi
2228 3321 2298 3364 ex
2330 3302 2613 3363 afﬁnitate
2643 3302 2862 3381 gradus
2887 3321 3020 3365 esse
3050 3304 3405 3383 colligebant
3432 3325 3445 3369 :
3482 3307 3719 3388 quando

2066 3412 2169 3454 sex
2225 3392 2464 3473 quidem
2522 3390 2738 3469 gradus
2793 3391 2969 3453 unius
3020 3395 3259 3472 generis
3309 3412 3443 3458 esse
3500 3396 3721 3479 depre-

2067 3481 2453 3557 henderetur,
2476 3481 2720 3543 alterius
2738 3491 2936 3542 autem
2954 3502 3132 3546 unus.
3158 3485 3356 3565 Atque
3379 3486 3493 3548 hoc
3516 3487 3719 3565 modo,

2067 3589 2200 3653 quae
2242 3590 2275 3632 a
2305 3570 2636 3632 vetant:bus
2668 3571 2781 3632 hoc
2826 3571 3268 3633 matrimonium
3306 3593 3720 3655 proponeren-

2071 3671 2184 3735 tur,
2219 3660 2378 3720 velut
2431 3678 2465 3720 a
2523 3659 2827 3740 proposito
2884 3660 3099 3736 aliena,
3162 3661 3527 3745 minimeque
3571 3686 3720 3728 con-

2069 3758 2351 3813 sentanea
2363 3750 2870 3814 cancellabantur.
2892 3750 3123 3832 Quippe
3144 3753 3193 3813 si
3214 3754 3455 3817 omnino
3475 3774 3722 3820 necesse

2070 3849 2183 3921 est,
2208 3839 2466 3916 aiebant,
2490 3839 2604 3900 duo
2627 3858 2849 3919 genera
2882 3840 3113 3903 diversa
3137 3841 3294 3905 inter
3314 3862 3378 3904 se
3402 3846 3723 3910 convenire

2070 3931 2139 3993 ad
2176 3929 2551 3991 efﬁciendam
2602 3929 2970 4003 afﬁnitatem,
3026 3939 3084 3992 et
3129 3931 3403 3994 ambolus
3459 3953 3529 3996 ex
3558 3936 3724 4000 hisce

2071 4019 2393 4098 generibus
2450 4019 2499 4081 si
2552 4021 2773 4100 gradus
2832 4020 3211 4099 colliguntur,
3275 4031 3450 4104 atque
3501 4024 3582 4087 ita
3627 4026 3722 4090 vel

2072 4109 2379 4190 prohibiti,
2433 4107 2523 4170 vel
2575 4108 2853 4189 permissi
2909 4118 3249 4172 contractus
3298 4113 3584 4175 elucent:
3621 4123 3727 4195 qui

2073 4198 2204 4261 ﬁeri
2234 4198 2439 4280 possit,
2476 4208 2539 4260 ut
2557 4197 2716 4279 juris
2741 4208 3013 4262 accurate
3056 4199 3282 4281 peritus
3311 4203 3724 4266 ratiocinando

2072 4287 2331 4367 colligat,
2362 4287 2538 4349 unius
2567 4306 2700 4350 esse
2748 4289 2966 4368 gradus
2995 4289 3271 4351 maritum
3317 4310 3453 4354 cum
3487 4311 3671 4356 uxore
3698 4298 3728 4356 ?

2072 4377 2224 4439 Hinc
2254 4377 2415 4438 enim
2447 4377 2610 4455 leges
2638 4377 2796 4440 inter
2822 4396 2889 4440 se
2918 4378 3319 4461 discrepantia
3337 4381 3631 4462 quaedam,
3666 4390 3727 4444 et

345 4456 560 4530 λύουσαι
613 4476 688 4539 ὡς
743 4456 964 4553 ἀθέμιτα
993 4492 1007 4507 ⁸
1054 4476 1122 4533 τὰ
1146 4456 1217 4532 ’δὲ
1247 4456 1259 4462 ⁷
1288 4481 1380 4534 τοῦ
1431 4476 1569 4550 ἑνὸς,
1621 4456 1990 4556 ἐπιτρέπουσαι

2076 4466 2335 4529 absurda
2363 4475 2624 4529 statuere
2653 4456 3221 4548 deprchendemur;
3254 4456 3423 4551 quasi
3450 4456 3723 4550 secundi,

345 4562 576 4663 γίνεσθαι
607 4582 621 4597 ·
684 4565 911 4663 ὃῃποίκς
943 4563 1030 4663 ’ἂν
1057 4565 1276 4631 ἀτοπίας
1318 4565 1617 4663 καταλείψῃ
1646 4563 1941 4663 ὑπερϐολήν
1973 4584 1991 4647 ;

383 4639 580 4718 Ἀλλως
613 4674 672 4710 τε
714 4652 792 4731 δὲ,
824 4656 913 4712 καὶ
940 4655 1001 4711 ἐκ
1026 4658 1125 4725 τῆς
1180 4662 1272 4712 τοῦ
1326 4655 1388 4735 γέ
1401 4679 1508 4722 μους
1537 4639 1712 4735 σειρᾶς
1748 4639 1860 4713 ’τῶν
1890 4639 1996 4734 βαλ

345 4742 493 4816 θμῶν
551 4743 809 4800 εἰωθότων
863 4747 1165 4824 γεννᾶσθαι,
1220 4745 1448 4814 ἑκάστης
1503 4747 1801 4825 γεννήσεως
1861 4747 1998 4805 κατὰ

342 4830 462 4897 τούς
491 4831 684 4909 νόμους
731 4832 824 4891 ἕνα
878 4835 1081 4912 βαθμὸν
1122 4833 1510 4909 ἀποτελούσης,
1569 4834 1623 4901 ἐξ
1674 4834 1913 4914 ἀνάγκης
1968 4838 1998 4893 ὁ

346 4917 481 5000 ἀνὴρ
522 4924 611 4978 καὶ
663 4923 698 4990 ἡ
743 4924 903 5004 γυνὴ,
960 4922 997 4992 ἢ
1053 4925 1127 4988 ὡς
1183 4926 1358 5003 πατὴρ
1407 4927 1497 4982 καὶ
1552 4924 1784 5005 θυγάτηρ
1839 4923 1996 5005 λογι-

349 5011 653 5089 σθήσονται,
697 5014 771 5077 ὣς
819 5011 882 5070 ἂν
930 5011 1135 5081 δηλαδὴ
1187 5015 1290 5071 ὑπὸ
1344 5015 1547 5092 βαθμὸν
1591 5014 1682 5072 ἕνα
1738 5013 1996 5095 γένωνται

350 5100 438 5155 καὶ
494 5100 815 5177 ἀκολούθως,
876 5102 912 5171 ἢ
970 5104 1044 5168 ὡς
1099 5101 1322 5184 ἀδελφὸς
1376 5106 1465 5162 καὶ
1522 5102 1746 5185 ἀδελφὴ,
1814 5105 1850 5174 ἢ
1920 5107 1994 5169 ὡς

352 5190 496 5255 θεῖος
524 5192 613 5247 καὶ
662 5191 876 5269 ἀνεψιὰ,
924 5191 961 5261 ἢ
1003 5193 1075 5258 ὡς
1118 5191 1393 5274 ἐξάδελφος
1449 5196 1536 5252 καὶ
1592 5193 1872 5276 ἐξαδέλφη,
1915 5196 2004 5253 καὶ

356 5276 566 5357 ἐφεξῆς.
613 5280 899 5341 Κάντεῦθεν
965 5278 1152 5350 ἀνέδην
1216 5283 1283 5339 τὰ
1322 5290 1541 5341 τοιαῦτα
1582 5284 1841 5365 πρόσωπα
1892 5308 2005 5365 χω-

356 5368 605 5446 ρήσουσιν
634 5368 812 5451 ὥσπερ
842 5370 947 5428 ἀπό
975 5393 1115 5435 τινος
1164 5373 1509 5453 ὁρμητηρίου,
1565 5376 1697 5453 πρὸς
1748 5374 1842 5439 τὰς
1900 5381 2003 5431 τῶν

358 5456 617 5535 ἀθεμίτων
692 5460 888 5540 χάμων
971 5460 1326 5541 συναλλαγείς.
1392 5464 1488 5522 Καὶ
1546 5464 1642 5539 μὲν
1701 5463 2004 5542 συγγενείας

358 5549 435 5622 μὴ
464 5546 862 5623 μεσολαϐούσης
892 5547 946 5605 ἐν
988 5556 1066 5625 τῷ
1107 5549 1272 5631 ἀνδρὶ,
1330 5553 1420 5609 καὶ
1474 5558 1541 5629 τῇ
1594 5555 1820 5632 γυναικὶ,
1888 5561 2005 5610 νοῦν

358 5636 495 5706 ὅλως
523 5641 617 5697 οὒκ
647 5637 761 5719 ἔχει
790 5640 850 5696 τὸ
894 5637 1090 5721 λέγειν,
1135 5641 1250 5707 ἑνὸς
1281 5642 1482 5719 βαθμοῦ
1538 5642 1575 5708 ἢ
1603 5640 1692 5721 δύο
1738 5642 1879 5699 εἶναι
1910 5645 2004 5698 τὸν

361 5726 519 5809 ἄνδρα
574 5717 714 5805 μετά
768 5733 865 5796 τῆς
910 5717 1177 5808 γυναικός.
1251 5717 1329 5789 Τὰ
1369 5717 1653 5812 συγγενικά
1711 5733 1809 5813 γὰρ
1866 5731 2003 5803 πρόξ-

2078 4566 2138 4619 et
2168 4556 2350 4631 tertii,
2382 4566 2443 4620 et
2469 4555 2685 4639 quarti,
2717 4565 2778 4618 et
2808 4557 3023 4639 quinti,
3056 4567 3232 4640 atque
3272 4567 3450 4621 etiam
3476 4578 3545 4622 ex
3576 4580 3724 4641 qua-

2083 4655 2218 4709 tuor
2248 4655 2307 4708 rt
2335 4645 2568 4708 duobus
2607 4653 2913 4711 contracta
2963 4648 3113 4709 sexti
3144 4647 3364 4727 gradus
3414 4648 3726 4713 matrimo-

2082 4736 2200 4813 nia,
2230 4735 2387 4797 velut
2411 4735 2621 4799 illicita
2676 4735 3072 4817 prohibeant;
3128 4756 3259 4818 quae
3314 4756 3453 4800 vero
3508 4738 3729 4819 gradus

2082 4826 2260 4889 unius
2287 4823 2429 4906 sint,
2494 4824 2624 4887 ﬁeri
2666 4824 3011 4906 permittant
3040 4844 3054 4888 :
3088 4845 3204 4907 quo
3252 4846 3397 4889 sane
3426 4830 3566 4908 quid
3595 4847 3729 4893 esse

2082 4916 2268 4998 possit
2295 4913 2614 4977 absurdius
2636 4914 2661 4977 ?
2682 4914 2960 4995 Alioquin
2983 4915 3188 4995 etiam,
3221 4935 3355 4978 cum
3388 4935 3458 4979 ex
3488 4919 3727 4998 generis

2083 5005 2237 5067 linea
2267 5004 2489 5083 gradus
2519 5003 2684 5066 nasci
2714 5005 3153 5080 consueverint,
3186 5004 3451 5086 qualibet
3476 5025 3732 5087 genera-

2080 5095 2243 5160 tione
2272 5095 2597 5157 secundum
2626 5093 2787 5173 leges
2815 5094 3061 5173 gradum
3116 5113 3300 5156 unum
3332 5097 3728 5182 conﬁciente;

2087 5185 2421 5246 necessario
2474 5182 2722 5245 maritus
2754 5191 2810 5243 et
2841 5202 2989 5245 uxor
3022 5183 3112 5245 vel
3168 5192 3445 5266 tanquam
3477 5194 3645 5268 pater
3675 5198 3733 5251 et

2087 5275 2206 5337 ﬁlia
2239 5276 2691 5357 reputabuntur,
2745 5276 2826 5336 uti
2858 5274 2968 5336 sub
3018 5295 3196 5337 unum
3228 5278 3473 5356 gradum
3507 5279 3737 5343 scilicet

2090 5367 2435 5446 redigantur
2461 5389 2476 5443 ;
2500 5375 2556 5429 et
2576 5375 3029 5445 consequenter.
3056 5367 3144 5427 vel
3171 5376 3446 5447 tanquam
3472 5368 3652 5431 frater
3676 5378 3736 5433 et

2087 5474 2281 5533 soror,
2343 5458 2434 5519 vel
2488 5467 2762 5538 tanquam
2821 5465 3060 5537 patruus
3118 5464 3180 5519 et
3223 5457 3417 5519 fratris
3450 5459 3589 5533 ﬁlia,
3643 5460 3733 5522 vel

2091 5556 2366 5629 tauquam
2387 5547 2781 5610 consobrinus
2803 5555 2862 5610 et
2882 5545 3262 5623 consobrina,
3286 5566 3534 5629 quaeque
3554 5549 3733 5612 dein-s

2087 5656 2229 5717 ceps
2280 5644 2631 5719 sequuntur.
2690 5634 2861 5700 Unde
2919 5653 3191 5717 personae
3260 5636 3600 5715 hujusmodi
3654 5639 3733 5699 ti-

2087 5730 2252 5806 bere,
2285 5730 2446 5794 velut
2472 5748 2507 5793 a
2563 5739 2723 5795 meta
2777 5727 3058 5809 quadam,
3117 5726 3193 5790 ad
3223 5726 3585 5793 nefariarum
3615 5746 3732 5792 nu-
