4128 6420
433 386 588 460 1127

1819 380 1853 446 J
1861 383 1954 447 US
1995 376 2447 448 CANONICUM

3675 383 3833 448 1128

443 527 695 610 ptiarum
753 530 1089 587 contractus
1149 521 1635 610 progrediantur,
1666 520 1741 582 At
1767 537 1912 582 vero
1962 537 2085 582 cum

2183 539 2338 574 σωπα
2396 517 2516 580 τοὺς
2572 516 2803 592 βαθμοὺς
2873 517 3260 593 ἀποτίκτουσιν,
3350 517 3425 580 ὡς
3509 515 3836 585 διείληπται,

437 609 597 678 inter
655 615 930 676 maritum
989 619 1048 674 et
1105 629 1350 673 uxorem
1414 611 1574 671 nulla
1621 609 1959 671 intercedat
1987 628 2094 671 co-

437 706 660 786 gnatio,
695 721 935 784 prorsus
965 701 1233 782 ineptum
1269 709 1358 761 est
1388 699 1613 779 dicere,
1645 697 1925 786 virumﬂet
1953 717 2095 760 uxo-

441 785 564 856 rem
590 794 680 855 vel
713 794 886 854 unius
915 808 1046 852 esse
1077 788 1316 868 gradus,
1359 789 1446 849 vel
1480 788 1756 849 duorum.
1807 785 1951 848 Nam
1985 806 2091 848 co-

437 883 688 965 gnaticze
723 882 1011 943 duntaxat
1043 895 1453 960 personat,ceu
1479 877 1701 938 dictum
1729 883 1840 951 est,
1873 897 1923 955 g:
1946 876 2092 936 adus

435 975 684 1054 gignunt
711 979 769 1032 et
795 967 1184 1031 constituunt.
1217 965 1360 1038 Qua:
1397 985 1530 1027 cum
1554 965 1819 1054 omnium
1853 965 2093 1026 confes-

435 1053 605 1124 sione
664 1061 743 1121 ita
803 1078 868 1120 se
926 1056 1208 1131 habeant,
1265 1054 1534 1136 sequitur
1595 1053 1652 1115 in
1687 1054 1864 1116 etiam
1899 1054 2094 1116 locum

437 1172 556 1214 non
605 1151 850 1222 habere,
935 1145 1092 1228 quod
1181 1145 1380 1206 uxoris
1437 1143 1679 1205 sobrina
1729 1163 1834 1224 pro
1895 1144 2092 1204 mariti

438 1240 775 1304 necessaria
821 1235 1043 1299 carnali
1099 1234 1177 1296 sit
1208 1233 1500 1295 habenda.
1537 1233 1822 1294 Caeternm
1868 1231 2027 1294 illius
2059 1251 2091 1294 e

435 1332 621 1393 sacris
654 1328 889 1389 Litteris
947 1324 1090 1386 dicti
1129 1325 1508 1396 sententiam,
1543 1341 1576 1382 a
1607 1341 1816 1400 magno
1847 1330 1905 1382 et
1937 1321 2088 1382 divi-

439 1421 594 1480 nitus
619 1418 817 1479 amato
850 1414 1018 1475 Patre
1049 1411 1265 1476 Basilio
1315 1420 1520 1490 argute
1544 1430 1612 1472 ac
1635 1411 1895 1472 breviter
1913 1429 2089 1491 expo-

436 1512 634 1583 sitam,
673 1505 828 1568 beati
884 1503 1090 1565 Patres
1146 1511 1367 1563 sanctae
1424 1501 1582 1563 illius
1642 1509 1698 1560 et
1739 1500 2088 1562 universalis

438 1606 622 1659 sexta;
649 1594 856 1677 synodi
880 1591 1191 1673 perspicue
1218 1591 1579 1670 explicantes
1602 1599 1659 1651 et
1687 1591 2082 1664 declarantes,

435 1705 532 1749 LIV
562 1703 848 1749 canonem
909 1681 1320 1754 confecerunt,
1385 1680 1482 1760 qui
1516 1679 1670 1740 circ:
1707 1679 1969 1739 medium
2000 1680 2086 1740 sic

2177 605 2387 663 Τούτων
2430 603 2486 661 δὲ
2545 603 2708 670 οὕτως
2774 605 3211 686 ὁμολογουμένως
3272 605 3540 686 ἀχόντων,
3603 607 3840 687 ἀναιρεῖ-

2173 716 2259 750 ται
2321 693 2505 750 λοιπὸν
2561 697 2648 750 καὶ
2705 696 2767 752 τὸ
2844 695 3137 774 λογίζεσθαι
3221 697 3419 752 οἰκείαν
3489 697 3681 776 σαρκὸς
3739 703 3838 754 τοῦ

2175 781 2358 863 ἀνδρὸς
2428 784 2527 850 τὴν
2597 781 2974 866 δισεξαδέλφην
3028 790 3127 851 τῆς
3171 784 3328 842 αύτοῦ
3382 787 3655 863 γυναικός.
3721 786 3832 853 Τὴν

2177 871 2355 947 μέντοι
2419 874 2536 952 περὶ
2595 882 2687 932 τοῦ
2755 879 3015 954 Γραφικοῦ
3082 874 3263 931 τούτου
3321 874 3555 952 ῥήματος
3627 873 3834 930 ἔννοιαν

2177 961 2452 1019 Βασιλείου
2491 969 2583 1018 τού
2627 961 2862 1041 μεγάλου
2903 964 2989 1020 καὶ
3044 963 3290 1044 θεοφόρου
3353 965 3557 1041 Πατρὸς
3615 968 3834 1043 γορ-(ὦς

2176 1052 2262 1106 καί
2345 1051 2780 1130 συνεπτυγμένως
2839 1050 3230 1133 ἐξενεχθεῖσαν,
3290 1055 3336 1108 οἱ
3391 1057 3490 1120 τῆς
3532 1052 3684 1130 ἁγίας
3742 1052 3835 1108 καὶ

2175 1141 2540 1216 οἰκουμενικῆς
2599 1139 2758 1208 ἕκτης
2816 1141 3030 1199 συνόδου
3111 1142 3362 1222 μακάριοι
3422 1149 3670 1222 Πατερεςλ
3693 1162 3831 1220 τρα-

2173 1233 2274 1292 νῶς
2319 1229 2738 1295 ἀναπτύσσοντες
2795 1232 2883 1287 καὶ
2930 1229 3400 1305 διαλευκαίνοντες,
3457 1233 3548 1286 τὸν
3593 1220 3672 1286 νδ’
3717 1251 3830 1286 κα-

2172 1317 2295 1372 νόνα
2352 1317 2604 1396 ἐξέθεντο,
2650 1320 2769 1396 περὶ
2812 1320 2874 1374 τὰ
2935 1319 3072 1394 μέσα
3115 1321 3244 1397 πρὸς
3315 1318 3455 1385 λέξιν
3525 1317 3664 1374 οὕτω
3731 1321 3830 1373 θε-

2171 1405 2420 1476 σπίζοντα
2455 1425 2468 1439 ⁸
2511 1430 2533 1462 α
2573 1407 2720 1464 Ἐπεὶ
2761 1405 2816 1462 δὲ
2871 1414 2939 1484 τῇ
2983 1409 3198 1484 τοιαύτη
3252 1414 3379 1486 σιγῇ
3427 1409 3515 1464 καὶ
3556 1414 3634 1480 τῷ
3663 1403 3824 1462 ἀδια-

2170 1495 2391 1572 γνώστῳ
2433 1500 2531 1562 τῆς
2563 1501 2668 1551 τῶν
2715 1495 2957 1572 ἀθέσμων
3012 1498 3200 1576 γάμων
3256 1497 3657 1576 ἀπαγορεύσεως
3692 1495 3825 1550 ἐαυ-

2169 1585 2266 1650 τὴν
2295 1585 2330 1652 ἡ
2363 1588 2513 1664 φύσις
2557 1584 2798 1664 συνέχεε,
2852 1585 3148 1662 συνείδομεν
3206 1588 3525 1665 γυμνότερον
3566 1586 3634 1642 τὰ
3703 1585 3827 1663 περὶ

2168 1673 2366 1728 τούτων
2425 1673 2660 1730 ἐκθέσθαι
2695 1693 2710 1708 ⁶
2774 1677 3029 1754 ὁρίζοντες
3102 1675 3206 1731 ἀπὸ
3262 1682 3352 1731 τοῦ
3417 1685 3528 1750 νῦν,
3589 1676 3680 1732 τὸν
3750 1678 3824 1749 τῇ

436 1777 510 1838 ad
569 1775 813 1836 verbum
875 1771 1131 1831 statuit:
1198 1795 1222 1825 α
1269 1767 1418 1840 Quia
1476 1787 1613 1829 vero
1673 1786 1742 1828 ex
1801 1767 2085 1846 ejusmodi

2177 1763 2340 1834 οἰκείᾳ
2410 1761 2662 1842 ἐξαδέλφη
2733 1767 2862 1841 πρὸς
2930 1765 3103 1841 γάμου
3158 1764 3434 1821 κοινωνίαν
3481 1763 3819 1839 συναπτόμε-

436 1865 700 1946 silentio,
763 1869 822 1924 et
878 1879 1083 1941 parum
1162 1859 1453 1940 explicata
1513 1857 1917 1937 prohibitione
1972 1875 2085 1946 nu-

2175 1874 2285 1927 νον,
2332 1851 2367 1920 ἢ
2411 1853 2499 1907 καὶ
2565 1851 2765 1932 πατέρα
2823 1855 2910 1910 καὶ
2967 1857 3075 1911 υἱὸν
3124 1856 3285 1933 μητρὶ
3343 1856 3430 1910 καὶ
3485 1855 3722 1932 θυγατρὶ,
3783 1852 3820 1920 ἢ

440 1944 694 2036 ptiarum
749 1951 1114 2025 illicitarum,
1190 1947 1460 2009 confusio
1541 1955 1766 2036 naturae
1819 1944 2087 2036 quaedam

434 2035 525 2106 est
578 2050 780 2106 secuta
828 2061 842 2099 :
888 2039 1104 2100 nudius
1162 2037 1288 2098 haec
1337 2035 1693 2115 exponenda
1745 2035 2084 2110 statuimus,

433 2135 704 2213 adeoque
760 2128 1165 2200 decernimus,
1227 2125 1516 2205 deinceps
1572 2144 1733 2199 eum,
1795 2123 2085 2213 quicum

436 2243 544 2285 sua
595 2212 956 2283 consobrina
1004 2215 1367 2278 matrimonii
1415 2213 1696 2275 societate
1753 2212 2086 2292 c0pulatur,

434 2323 535 2374 aut
564 2320 794 2393 patrem
826 2317 884 2368 et
933 2307 1121 2368 lilium
1152 2323 1286 2365 cum
1337 2311 1521 2364 matre
1552 2321 1620 2364 ac
1652 2301 1795 2382 ﬁlia,
1827 2301 2088 2393 velucum

439 2391 668 2462 duabus
728 2396 941 2480 puellis
999 2393 1306 2456 sororibus
1368 2401 1595 2472 patrem
1656 2400 1830 2479 atque
1874 2391 2086 2464 ﬁlium,

436 2493 526 2552 vel
585 2509 721 2552 cum
780 2486 1013 2548 duobus
1069 2481 1354 2544 fratribus
1443 2488 1690 2541 matrem
1750 2488 1808 2541 et
1876 2481 2083 2556 ﬁliam,

435 2583 524 2642 vel
555 2581 765 2641 fratres
823 2575 972 2636 duos
1031 2589 1167 2634 cum
1219 2569 1446 2631 duabus
1503 2567 1810 2630 sororibus
1854 2587 2086 2649 pcenam

435 2671 684 2731 canonis
773 2662 1088 2744 septennio
1166 2657 1676 2738 circumscriptam
1735 2657 2086 2734 incurrere;

437 2759 722 2819 nimirum
755 2763 813 2817 et
871 2751 1017 2833 ipsis
1046 2769 1079 2812 a
1111 2747 1338 2810 nefario
1373 2745 1752 2808 matrimonio
1780 2746 2084 2809 diverten-

437 2847 617 2910 tibus.
649 2870 672 2905 ι
710 2843 848 2904 Haec
872 2859 1005 2903 cum
1064 2837 1219 2900 sacri
1271 2834 1519 2898 canonis
1549 2834 1726 2896 verba
1750 2835 1889 2911 sint=
1925 2837 2088 2897 nulla

433 2954 578 2998 sane
625 2932 845 2995 mentio
902 2928 1034 2990 ﬁeri
1091 2925 1246 3006 apud
1308 2943 1444 2986 eum
1502 2942 1914 3003 personarum,
1957 2942 2086 3006 qua:

436 3043 581 3094 eraa
633 3040 698 3085 se
758 3020 1009 3082 invicem
1043 3015 1127 3077 sic
1185 3021 1540 3094 comparatae
1570 3021 1728 3087 sunt,
1764 3023 1823 3073 et
1879 3013 2083 3073 matri-

437 3114 701 3179 monium
727 3111 988 3172 indicato
1007 3105 1182 3166 modo
1203 3101 2082 3182 contrabunt,deprehenditur:

2171 1938 2258 1996 δύο
2305 1941 2483 2020 κόραις
2562 1939 2817 2022 ἀδελφαῖς
2892 1943 3090 2023 πατέρα
3155 1945 3243 2000 καὶ
3313 1945 3422 1999 υἱὸν
3479 1943 3515 2010 ἢ
3575 1941 3824 2022 ἀδελφοῖς

2171 2027 2280 2086 δυσὶ
2350 2029 2556 2110 μητέρα
2625 2032 2714 2087 καὶ
2785 2031 3071 2111 θυγατέρα,
3129 2032 3164 2100 ἢ
3223 2031 3475 2112 ἀδελφοὺς
3538 2031 3626 2088 δύο
3681 2029 3822 2088 δυσὶν

2170 2115 2448 2199 ἀδελφαῖς,
2508 2119 2608 2175 ὑπὸ
2670 2122 2760 2176 τὸν
2813 2130 2910 2187 τῆς
2977 2121 3262 2186 ἅπταετίας
3326 2122 3520 2179 κανόνα
3582 2121 3818 2190 πίπτειν,

2171 2207 2537 2288 ἀφιστομένων
2569 2209 2739 2266 αὐτῶν
2796 2208 3075 2289 προδήλως
3134 2217 3226 2266 τοῦ
3282 2211 3594 2290 παρανόμου
3652 2230 3825 2266 συνοι-

2171 2297 2364 2358 κεσίου.
2429 2317 2460 2357 )
2524 2305 2697 2355 Ταῦτα
2766 2308 2860 2359 τοῦ
2919 2302 3055 2378 ἱεροῦ
3121 2299 3340 2363 κανόνος
3397 2297 3818 2378 διαγορεύοντος,

2172 2385 2384 2462 οωεμία
2426 2409 2507 2452 τις
2581 2389 2770 2464 μνήμη
2827 2387 2950 2468 παρ’
3009 2391 3151 2464 αὐτῷ
3193 2391 3298 2444 τῶν
3350 2387 3514 2452 οὕτως
3573 2386 3820 2468 ἐχόντων

2169 2477 2299 2555 πρὸς
2333 2474 2542 2543 ἄλληλα
2586 2478 2908 2556 προσώπων,
2966 2479 3053 2533 καὶ
3089 2480 3179 2534 τὸν
3250 2478 3445 2556 γάμον,
3490 2479 3562 2539 ὡς
3606 2475 3816 2542 διείλη-

2170 2589 2320 2642 πται,
2381 2565 2847 2626 συναλλασσόντων
2903 2568 3194 2646 εὑρίσκεται
3230 2587 3245 2600 ·
3324 2565 3439 2623 οὐδὲ
3500 2566 3590 2622 ὑπ’
3649 2565 3818 2621 αἰτίαν

2170 2655 2308 2721 ὅλως
2351 2678 2402 2713 τι
2445 2657 2641 2713 τούτων
2701 2657 2930 2737 ἠνέχθη,
2976 2656 3014 2725 ἢ
3069 2655 3336 2713 διαστάσει
3385 2655 3630 2713 ὑπέπεσε.
3683 2663 3815 2718 Τοῖς

2168 2749 2420 2813 τοιούτοις
2475 2745 2531 2803 δὲ
2586 2747 2865 2828 λογισμοῖς
2917 2751 3005 2806 καὶ
3061 2762 3184 2814 ταῖς
3251 2748 3470 2827 πράξεσι
3529 2746 3816 2824 μετέπειτα

2167 2838 2451 2913 κινουμένη
2505 2839 2592 2893 καὶ
2653 2840 2682 2906 ἱ,
2740 2840 2876 2895 κατά
2927 2841 3028 2902 την
3086 2835 3638 2896 Κωνσταντινούπολιν
3692 2835 3817 2914 ἁγία

2168 2925 2400 3002 σύνοδος,
2447 2927 2531 2983 ἐπὶ
2588 2931 2687 2994 τῆς
2751 2929 3040 3008 ἔφημερίας
3100 2938 3193 2987 τοῦ
3233 2933 3332 2995 τῆς
3391 2928 3536 2991 ὁσίας
3593 2926 3814 3003 μνήμης

2169 3015 2442 3073 Θεοδοσίου
2485 3023 2576 3072 τοῦ
2631 3017 2928 3094 ἁγιωτάτου
2981 3018 3309 3097 πατριάρχου
3384 3026 3813 3074 Κωνσταντινου-

2166 3105 2396 3181 πόλεως,
2432 3106 2717 3181 σημείωμα
2747 3108 2883 3162 κατά
2910 3107 3008 3174 τὴν
3037 3097 3090 3162 λ’
3115 3114 3206 3163 τοῦ
3237 3105 3454 3163 ἰουλίοδ
3484 3107 3680 3181 μηνὸς,
3714 3107 3811 3170 τῆς

432 3227 544 3269 nec
574 3203 822 3266 omnino
854 3197 1176 3279 quidquam
1204 3193 1413 3254 horum
1431 3191 1540 3252 sub
1568 3192 1801 3272 culpam
1831 3191 2084 3253 reiatum

2171 3185 2210 3250 ι’
2233 3195 2614 3270 ἐπινεμήσεως,
2654 3194 2852 3260 ἐξέθετο
2886 3213 2899 3229 °
2923 3195 3086 3260 οὕτως
3130 3195 3258 3276 ἕχον
3301 3197 3386 3252 ἐπὶ
3415 3193 3630 3260 λέξεων.

432 3297 564 3370 fuit,
601 3300 703 3355 aut
733 3289 841 3350 sub
873 3285 1106 3348 divortii
1141 3300 1370 3364 poenam
1429 3280 1669 3343 cecidit.
1724 3282 1994 3362 Cumque
2037 3282 2369 3345 rationibus
2422 3281 2766 3362 hujusmodi
2814 3291 2874 3345 et
2922 3285 3072 3346 actis
3115 3284 3400 3365 deinceps
3437 3289 3815 3344 sacrosancta

432 3369 1082 3458 Constantinopolitana
1129 3371 1385 3452 synadus
1431 3377 1788 3445 moveretur,
1843 3369 2044 3433 habita
2093 3381 2360 3453 tempore
2410 3371 2759 3446 Theodosii,
2807 3372 2921 3454 piae
2975 3373 3404 3436 recordationis
3455 3370 3815 3434 sanctissimi

428 3465 1070 3548 Constantinopolitani
1119 3461 1495 3542 patriarchae,
1547 3462 1834 3542 scriptum
1887 3463 2184 3541 quoddam
2235 3461 2380 3526 Julii
2430 3463 2653 3524 mensis
2699 3462 2796 3525 die
2829 3462 3158 3546 trigesimo,
3192 3464 3518 3527 indictione
3555 3461 3812 3539 decima,

427 3562 701 3647 exposuit
736 3576 749 3621 :
785 3558 954 3636 cujus
986 3556 1109 3615 haec
1141 3554 1268 3632 ipsa
1309 3551 1485 3612 verba
1515 3557 1674 3647 sunt.

509 3639 942 3718 Sanctissimus
977 3648 1216 3724 Aprous
1257 3639 1771 3718 metropolitanus,
1801 3641 2002 3718 frater
2027 3650 2081 3705 ει

430 3763 674 3810 consors
696 3737 1018 3802 ministerii
1041 3733 1481 3794 mediocritatis
1499 3739 1746 3810 nostrae,
1778 3729 2082 3794 Romanus

430 3837 536 3899 ille
550 3828 1228 3903 Artabasdus,scriptuin
1246 3821 1312 3882 in
1324 3821 1553 3900 synodo
1563 3821 1993 3900 protulil.quod
2003 3821 2082 3883 ad

422 3925 677 3989 verbum
696 3923 821 3981 hac
841 3913 1210 3978 continebat.
1237 3910 1452 3972 Puella
1476 3910 2080 3990 quadam,cujusno-

421 4033 559 4078 men
586 4014 798 4082 Irena,
827 4004 1110 4086 precibus
1140 4017 1334 4063 sacris
1373 3997 1919 4061 intervenientibus
1947 4016 2082 4060 eum

423 4107 664 4167 Joanne
684 4098 945 4180 quodam
964 4089 1276 4180 sponsalia
1322 4091 1656 4180 contraxit,
1687 4104 1821 4150 cum
1851 4105 2081 4149 annum

423 4191 622 4255 (Blatis
640 4177 939 4250 decimum
962 4177 1341 4261 agereLHazc
1358 4177 1662 4256 sponsalia
1679 4193 1817 4238 cum
1838 4193 1962 4238 esse
1975 4193 2081 4238 ne-

423 4283 590 4361 faria
608 4276 1071 4359 pronuntiatum
1095 4269 1337 4348 fuisset,
1366 4275 1641 4361 sanctum
1683 4270 2080 4361 estscriptum

423 4355 1079 4448 synodalepermiltens
1090 4361 1250 4419 inter
1259 4371 1558 4448 personas
1569 4355 1745 4417 hasce
1753 4357 2080 4435 desponsus

425 4446 1105 4535 divortium,propterea
1117 4449 1275 4535 quod
1287 4452 1476 4507 essent
1493 4446 1627 4525 ipsa
1645 4448 1957 4535 sponsalia
1973 4462 2079 4507 ne-

421 4549 721 4627 faria,ceu
743 4533 969 4604 dictum
1004 4538 1148 4627 fuit.
1169 4534 1299 4627 Vult
1322 4551 1648 4627 ergonunc
1663 4533 1850 4596 lrena
1872 4535 2078 4627 legiti-

425 4623 521 4699 me
539 4623 814 4716 copulari
852 4645 986 4691 cum
1017 4624 1350 4716 Theodoro,
1383 4623 1488 4716 qui
1509 4623 2076 4716 Joannisestsom-i-

2254 3663 2277 3698 α
2355 3634 2410 3700 Ὀ
2471 3643 2750 3723 ἱερώτατος
2835 3644 3229 3722 μητροπολίτης
3301 3624 3504 3726 νΛπρω,
3590 3641 3812 3726 ἀδελφὸς

2164 3734 2251 3788 καὶ
2334 3731 2726 3812 συλλειτουργὸς
2812 3739 2910 3800 τῆς
2977 3736 3135 3811 ἡμῶν
3219 3724 3585 3815 μετριότητος,
3676 3724 3814 3789 ιΡω-

2168 3824 2332 3896 μανὸς
2390 3823 2418 3877 ὁ
2491 3819 2871 3902 Ἀρτάϐασδος,
2939 3823 3201 3904 ἔγγραφον
3278 3825 3599 3904 προεκόμισε
3683 3844 3813 3879 συν·-

2166 3908 2379 3990 οδικῶς,
2466 3909 2587 3967 τάδε
2670 3913 2807 3968 κατὰ
2888 3913 3034 3989 ῥῆμπ
3091 3911 3470 3990 διαλαμϐάνον,
3532 3913 3676 3993 Κόρη
3732 3934 3814 3976 τις

2165 3999 2364 4078 Εἰρήνη
2489 3999 2788 4077 καλουμένη
2799 4049 2813 4076 ,
2927 4000 3112 4059 ἔλαϐεν
3223 4004 3393 4084 εὐχὴν
3517 4003 3808 4078 μνηστείας

2165 4090 2299 4164 μετά
2351 4111 2490 4153 τινος
2550 4087 2794 4147 Ἰωάννου
2863 4089 3116 4160 δεκαετὴς
3179 4094 3300 4150 τότε
3359 4095 3482 4151 οὖσο
3531 4093 3631 4160 τὴν
3685 4090 3811 4161 ἡλι-

2163 4179 2300 4238 κίαν.
2362 4179 2690 4247 Λαληθείσης
2751 4179 2805 4236 δὲ
2889 4187 2989 4250 τῆς
3056 4185 3174 4264 περὶ
3246 4184 3430 4240 τούτου
3501 4183 3811 4262 παρανόμου

2163 4269 2473 4349 μνηστείας,
2574 4268 2758 4348 γέγονε
2859 4271 3142 4347 σημείωμα
3238 4270 3504 4330 συνοδικὸν
3605 4271 3812 4350 επιτρέ-

2159 4379 2259 4415 πον
2369 4355 2675 4438 διαζυγῆναι
2786 4361 2906 4425 τοὺς
3019 4363 3162 4442 τάχα
3287 4360 3805 4437 μνηστευσαμένους,

2159 4445 2242 4504 διὰ
2310 4448 2370 4503 τὸ
2429 4447 2572 4504 εἶναι
2641 4449 2742 4516 τὴν
2800 4450 3086 4525 μνηστείαν
3168 4452 3498 4532 παράνομον,
3559 4453 3634 4514 ὼς
3689 4447 3809 4506 διεί-

2157 4534 2381 4604 ληπται.
2469 4534 2722 4593 Βούλεται
2804 4548 2934 4616 γαῦν
3017 4540 3250 4620 σήμερον
3332 4541 3368 4607 ἡ
3452 4540 3650 4619 Εἰρήνη
3723 4560 3810 4594 νο-

2160 4625 2336 4702 μίμως
2421 4628 2743 4706 ωναφθῆναι
2840 4633 2917 4701 τῷ
3028 4627 3281 4708 Θεοδώρῳ
3389 4626 3616 4708 δουτέρῳ
3695 4625 3806 4685 ὄντι

420 4742 560 4789 nus.
585 4712 714 4786 Hoc
733 4722 796 4782 in
825 4715 1216 4780 matrimonio
1236 4712 1947 4790 contrahendomunquid
1963 4715 2076 4776 im-

2171 4713 2423 4794 ἰξαδέλφῳ
2487 4723 2578 4772 τοῦ
2629 4713 2894 4780 Ἰωάννου.
2971 4720 3069 4776 Καὶ
3139 4717 3343 4799 ἐρωτῶ,
3403 4720 3446 4775 εἰ
3515 4717 3633 4798 ἔχει
3690 4719 3806 4775 τινὰ

411 4812 751 4895 pedimenti
771 4804 1408 4895 sit,interrogo_._Peliit
1426 4803 1623 4883 igitur
1641 4818 1676 4863 a
1689 4804 2072 4866 mediocrita-

2171 4801 2618 4884 παρεμποδισμόν.
2699 4803 2950 4870 Ἠξίωσεν
3035 4807 3122 4865 οὗν
3194 4809 3294 4876 την
3363 4811 3517 4885 ἡμῶν
3591 4810 3806 4886 μετριό-

422 4891 476 4965 te
496 4907 787 4973 nastra,et
809 4912 982 4959 sacro
1008 4891 1263 4956 concilio
1301 4898 1568 4968 [ratrum
1589 4913 1614 4963 ;
1631 4897 1905 4966 uli,num
1925 4910 2074 4954 con-

2171 4917 2316 4968 εητα,
2403 4897 2492 4952 καὶ
2573 4895 2672 4962 τὴν
2739 4897 2880 4976 ἱερὰν
2963 4895 3314 4978 ἀδελφότητα,
3403 4901 3594 4971 μαθεῖν
3653 4896 3808 4978 εἴπερ

422 4997 654 5053 tractus
685 4988 791 5051 ille
809 4987 1033 5066 scripto
1069 4979 1559 5060 comprehensus,
1593 4983 1839 5060 aliquod
1861 4984 2076 5045 habeat

2171 4988 2253 5043 ὡκ
2308 4982 2424 5066 ἔχει
2497 4984 2756 5060 κωλύμην
2839 4987 2955 5068 τινά
3019 4988 3104 5062 τὸ,
3166 4989 3285 5067 περὶ
3353 4991 3411 5043 οὗ
3488 4987 3702 5068 γέγονεν
3770 4991 3805 5057 ἡ

422 5065 1191 5152 obstaculum,intelligeret
1203 5121 1214 5134 .
1226 5070 1599 5152 Responsum
1613 5089 1649 5133 a
1662 5069 1832 5132 nobis
1851 5079 2020 5147 est,el
2036 5090 2076 5135 a

2171 5075 2356 5154 γραφὴ,
2429 5072 2796 5152 συνάλλαγμα.
2889 5065 3127 5133 ’Ἡκουσε
3195 5065 3251 5132 δέ
3307 5077 3366 5132 ὲκ
3418 5065 3647 5151 ταύτης,
3720 5079 3806 5133 καὶ

419 5170 690 5248 fratrum
711 5174 865 5230 ccetu
878 5167 1581 5245 prasente,contraetum
1597 5164 2072 5242 ejusmodipror-

2171 5165 2218 5220 ἐκ
2273 5168 2370 5230 τῆς
2457 5165 2908 5242 παρουσιαζούσης
2977 5169 3083 5222 τῶν
3164 5164 3402 5247 ἀδελφῶν
3460 5167 3800 5247 ὁμηγύρεως,

419 5277 523 5320 sus
544 5259 620 5319 ab
645 5256 809 5319 omni
819 5252 1227 5334 prohibitione
1243 5253 1572 5313 immunem
1585 5249 1897 5313 esse.Cum
1909 5257 2073 5314 enim

2171 5253 2236 5309 Ξτι
2320 5254 2381 5308 τὸ
2465 5259 2703 5310 τοιοῦτον
2807 5253 3151 5334 συνέλλαγμα
3233 5255 3571 5335 πανταχόθεν
3654 5255 3806 5312 ἀκώ-

416 5345 720 5427 sponsalia
740 5360 875 5407 cum
888 5345 1127 5404 Joanne
1142 5338 1807 5418 contracta,velutiquw
1829 5348 2034 5404 consta
2049 5377 2073 5389 ι

2171 5342 2308 5402 Κυτόν
2390 5342 2557 5402 ἐστιν.
2643 5341 2792 5400 Ἐπεὶ
2855 5345 2954 5423 γὰρ
3027 5346 3064 5413 ἡ
3121 5344 3257 5420 μετά
3314 5342 3561 5401 Ἰωάννου
3615 5343 3805 5402 τελεσ-

415 5452 482 5498 re
503 5451 629 5496 non
645 5434 908 5516 possint,
939 5435 1434 5511 propterletatem
1456 5428 1655 5493 [reme
1678 5431 2068 5514 impuberem,

2171 5432 2311 5490 ls‘iea
2366 5429 2648 5508 μνηστεία,
2703 5434 2776 5495 ὡς
2846 5432 3204 5498 ἀνυπόστατος
3276 5431 3483 5509 λύεται,
3569 5431 3653 5490 διὰ
3706 5434 3803 5501 τὴν

414 5523 740 5588 solvantur
760 5543 775 5581 :
799 5529 954 5583 recte
977 5520 1223 5582 sobrina
1242 5521 1367 5598 ejus
1385 5517 1568 5582 Irena
1582 5521 1911 5583 secundum
1932 5537 2070 5583 ma-

2171 5526 2248 5588 έης
2332 5524 2558 5600 Εἰρήνης
2642 5519 2972 5605 ἀνηϐότητα,
3057 5522 3232 5588 καλῶς
3298 5525 3334 5592 ἡ
3413 5525 3611 5603 Εἰρήνη
3679 5521 3804 5579 δευ-

415 5611 697 5675 trimonit
718 5610 904 5692 legem
924 5606 1325 5690 copulabitur.
1343 5608 1575 5691 Quippe
1594 5609 1936 5674 Theodorus
1950 5627 2071 5691 pro

2352 5609 2615 5693 ἐξαδέλφῳ
2682 5614 2834 5671 νύτοῦ
2919 5614 3057 5672 κατὰ
3129 5613 3293 5690 νόμον
3362 5613 3536 5692 γάμου
3619 5620 3806 5684 συζευ-

406 5714 676 5782 persona
703 5699 901 5766 [rem
950 5695 1230 5781 Cognata
1277 5715 1401 5762 non
1429 5697 1708 5780 habetur,
1738 5717 1848 5764 nec
1875 5700 2073 5781 afﬁni-

2171 5703 2436 5783 (θήσεται.
2525 5701 2654 5760 Οὔτε
2759 5705 2860 5783 γὰρ
2959 5705 3269 5783 συγγενικὸν
3369 5702 3655 5782 πρόσωπον
3734 5708 3806 5781 τῇ
