  <div class='ocr_page' id='page_1' title='image "/cluster/home/n/w/nwhite01/storage/ocr_20150623/119:no.2/coo.31924054870237/577.png"; bbox 0 0 4128 6434; ppageno 0'>
   <div class='ocr_carea' id='block_1_1' title="bbox 472 406 2122 522">
    <p class='ocr_par' dir='ltr' id='par_1_1' title="bbox 472 450 2122 522">
     <span class='ocr_line' id='line_1_1' title="bbox 472 450 2122 522; baseline -0.001 -2"><span class='ocrx_word' id='word_1_1' title='bbox 472 451 620 522; x_wconf 81' lang='grc'><strong>1131</strong></span> <span class='ocrx_word' id='word_1_2' title='bbox 1845 454 1975 520; x_wconf 78' lang='lat' dir='ltr'><strong>JUS</strong></span> <span class='ocrx_word' id='word_1_3' title='bbox 2015 450 2122 521; x_wconf 79' lang='lat' dir='ltr'><strong>CA]</strong></span> 
     </span>
    </p>
   </div>
   <div class='ocr_carea' id='block_1_2' title="bbox 2213 406 3879 522">
    <p class='ocr_par' dir='ltr' id='par_1_2' title="bbox 2213 406 3879 521">
     <span class='ocr_line' id='line_1_2' title="bbox 2213 406 3879 521; baseline -0.002 0"><span class='ocrx_word' id='word_1_4' title='bbox 2213 406 2465 521; x_wconf 71' lang='lat' dir='ltr'><strong>manu</strong></span> <span class='ocrx_word' id='word_1_5' title='bbox 3718 451 3879 519; x_wconf 68' lang='lat'><strong>1132</strong></span> 
     </span>
    </p>
   </div>
   <div class='ocr_carea' id='block_1_3' title="bbox 468 585 2122 674">
    <p class='ocr_par' dir='ltr' id='par_1_3' title="bbox 468 587 2122 674">
     <span class='ocr_line' id='line_1_3' title="bbox 468 587 2122 674; baseline -0.003 -20"><span class='ocrx_word' id='word_1_6' title='bbox 468 592 640 669; x_wconf 86' lang='lat' dir='ltr'><strong>lium,</strong></span> <span class='ocrx_word' id='word_1_7' title='bbox 656 588 910 674; x_wconf 78' lang='lat' dir='ltr'><strong>apostoli</strong></span> <span class='ocrx_word' id='word_1_8' title='bbox 936 609 951 655; x_wconf 90' lang='lat'>:</span> <span class='ocrx_word' id='word_1_9' title='bbox 978 597 1104 654; x_wconf 91' lang='lat' dir='ltr'><strong>tum</strong></span> <span class='ocrx_word' id='word_1_10' title='bbox 1126 608 1268 654; x_wconf 89' lang='lat' dir='ltr'><strong>vero</strong></span> <span class='ocrx_word' id='word_1_11' title='bbox 1291 588 1506 655; x_wconf 63' lang='lat' dir='ltr'><strong>littera</strong></span> <span class='ocrx_word' id='word_1_12' title='bbox 1525 608 1710 654; x_wconf 64' lang='lat' dir='ltr'><strong>sacrae</strong></span> <span class='ocrx_word' id='word_1_13' title='bbox 1731 608 1851 653; x_wconf 90' lang='lat' dir='ltr'><strong>non</strong></span> <span class='ocrx_word' id='word_1_14' title='bbox 1874 587 2122 672; x_wconf 80' lang='lat' dir='ltr'><strong>amplius</strong></span> 
     </span>
    </p>
   </div>
   <div class='ocr_carea' id='block_1_4' title="bbox 2213 585 3875 674">
    <p class='ocr_par' dir='ltr' id='par_1_4' title="bbox 2213 585 3875 671">
     <span class='ocr_line' id='line_1_4' title="bbox 2213 585 3875 671; baseline 0 -28"><span class='ocrx_word' id='word_1_15' title='bbox 2213 585 2273 643; x_wconf 81' lang='grc' dir='ltr'>ἐκ</span> <span class='ocrx_word' id='word_1_16' title='bbox 2324 595 2530 669; x_wconf 90' lang='grc' dir='ltr'>μακροῦ</span> <span class='ocrx_word' id='word_1_17' title='bbox 2583 592 2818 671; x_wconf 79' lang='grc' dir='ltr'>θεωρῶν,</span> <span class='ocrx_word' id='word_1_18' title='bbox 2893 586 3082 649; x_wconf 79' lang='grc' dir='ltr'>ὤδινον</span> <span class='ocrx_word' id='word_1_19' title='bbox 3163 596 3377 668; x_wconf 81' lang='grc' dir='ltr'>πνεῦμα</span> <span class='ocrx_word' id='word_1_20' title='bbox 3443 588 3727 669; x_wconf 74' lang='grc' dir='ltr'>σωτήριον,</span> <span class='ocrx_word' id='word_1_21' title='bbox 3811 587 3875 643; x_wconf 81' lang='grc' dir='ltr'>τὸ</span> 
     </span>
    </p>
   </div>
   <div class='ocr_carea' id='block_1_5' title="bbox 468 675 2122 760">
    <p class='ocr_par' dir='ltr' id='par_1_5' title="bbox 468 677 2122 757">
     <span class='ocr_line' id='line_1_5' title="bbox 468 677 2122 757; baseline -0.003 -14"><span class='ocrx_word' id='word_1_22' title='bbox 468 680 654 745; x_wconf 90' lang='lat' dir='ltr'><strong>verba</strong></span> <span class='ocrx_word' id='word_1_23' title='bbox 682 681 828 744; x_wconf 92' lang='lat' dir='ltr'><strong>mihi</strong></span> <span class='ocrx_word' id='word_1_24' title='bbox 858 681 1142 745; x_wconf 79' lang='lat' dir='ltr'><strong>duntaxat</strong></span> <span class='ocrx_word' id='word_1_25' title='bbox 1200 699 1338 745; x_wconf 89' lang='lat' dir='ltr'><strong>esse</strong></span> <span class='ocrx_word' id='word_1_26' title='bbox 1392 680 1769 757; x_wconf 81' lang='lat' dir='ltr'><strong>videbantur,</strong></span> <span class='ocrx_word' id='word_1_27' title='bbox 1828 680 1934 743; x_wconf 89' lang='lat' dir='ltr'><strong>sed</strong></span> <span class='ocrx_word' id='word_1_28' title='bbox 1987 677 2122 740; x_wconf 78' lang='lat' dir='ltr'><strong>clavi</strong></span> 
     </span>
    </p>
   </div>
   <div class='ocr_carea' id='block_1_6' title="bbox 2213 675 3874 760">
    <p class='ocr_par' dir='ltr' id='par_1_6' title="bbox 2215 675 3874 760">
     <span class='ocr_line' id='line_1_6' title="bbox 2215 675 3874 760; baseline 0.01 -26"><span class='ocrx_word' id='word_1_29' title='bbox 2215 675 2485 747; x_wconf 81' lang='grc' dir='ltr'>ὲνδυθῆναί</span> <span class='ocrx_word' id='word_1_30' title='bbox 2527 701 2594 757; x_wconf 88' lang='grc' dir='ltr'><strong>με</strong></span> <span class='ocrx_word' id='word_1_31' title='bbox 2649 677 2854 750; x_wconf 79' lang='grc' dir='ltr'>δηλαδὴ</span> <span class='ocrx_word' id='word_1_32' title='bbox 2897 683 2959 740; x_wconf 84' lang='grc' dir='ltr'>τὸ</span> <span class='ocrx_word' id='word_1_33' title='bbox 3015 682 3115 749; x_wconf 78' lang='grc' dir='ltr'>τῆς</span> <span class='ocrx_word' id='word_1_34' title='bbox 3167 682 3450 757; x_wconf 77' lang='grc' dir='ltr'><strong>μετανοίας</strong></span> <span class='ocrx_word' id='word_1_35' title='bbox 3506 684 3724 760; x_wconf 71' lang='grc' dir='ltr'>σχῆμα,</span> <span class='ocrx_word' id='word_1_36' title='bbox 3785 677 3874 734; x_wconf 61' lang='grc' dir='ltr'><strong>καὶ</strong></span> 
     </span>
    </p>
   </div>
   <div class='ocr_carea' id='block_1_7' title="bbox 478 767 2122 850">
    <p class='ocr_par' dir='ltr' id='par_1_7' title="bbox 478 769 2122 845">
     <span class='ocr_line' id='line_1_7' title="bbox 478 769 2122 845; baseline -0.005 -10"><span class='ocrx_word' id='word_1_37' title='bbox 478 772 705 835; x_wconf 85' lang='lat' dir='ltr'><strong>tantum</strong></span> <span class='ocrx_word' id='word_1_38' title='bbox 738 789 859 833; x_wconf 91' lang='lat' dir='ltr'><strong>non</strong></span> <span class='ocrx_word' id='word_1_39' title='bbox 888 771 951 832; x_wconf 91' lang='lat' dir='ltr'><strong>in</strong></span> <span class='ocrx_word' id='word_1_40' title='bbox 982 787 1079 834; x_wconf 91' lang='lat' dir='ltr'><strong>me</strong></span> <span class='ocrx_word' id='word_1_41' title='bbox 1113 769 1316 845; x_wconf 84' lang='lat' dir='ltr'><strong>deﬁxi,</strong></span> <span class='ocrx_word' id='word_1_42' title='bbox 1349 789 1464 833; x_wconf 91' lang='lat' dir='ltr'><strong>nec</strong></span> <span class='ocrx_word' id='word_1_43' title='bbox 1496 789 1696 833; x_wconf 85' lang='lat' dir='ltr'><strong>aerem</strong></span> <span class='ocrx_word' id='word_1_44' title='bbox 1726 769 2122 842; x_wconf 71' lang='lat' dir='ltr'><strong>verberantes,</strong></span> 
     </span>
    </p>
   </div>
   <div class='ocr_carea' id='block_1_8' title="bbox 2213 767 3874 850">
    <p class='ocr_par' dir='ltr' id='par_1_8' title="bbox 2215 767 3874 850">
     <span class='ocr_line' id='line_1_8' title="bbox 2215 767 3874 850; baseline -0.001 -27"><span class='ocrx_word' id='word_1_45' title='bbox 2215 768 2306 825; x_wconf 81' lang='grc' dir='ltr'><strong>τὸν</strong></span> <span class='ocrx_word' id='word_1_46' title='bbox 2362 769 2574 850; x_wconf 80' lang='grc' dir='ltr'><strong>μονήρη</strong></span> <span class='ocrx_word' id='word_1_47' title='bbox 2659 770 2856 850; x_wconf 81' lang='grc' dir='ltr'><strong>τρόπον</strong></span> <span class='ocrx_word' id='word_1_48' title='bbox 2913 768 3264 832; x_wconf 78' lang='grc' dir='ltr'>ἐπεισελθεῖν.</span> <span class='ocrx_word' id='word_1_49' title='bbox 3340 770 3439 827; x_wconf 85' lang='grc' dir='ltr'><strong>Καὶ</strong></span> <span class='ocrx_word' id='word_1_50' title='bbox 3494 767 3599 837; x_wconf 71' lang='grc' dir='ltr'>ἤδη</span> <span class='ocrx_word' id='word_1_51' title='bbox 3650 773 3721 845; x_wconf 76' lang='grc' dir='ltr'><strong>τῇ</strong></span> <span class='ocrx_word' id='word_1_52' title='bbox 3779 771 3874 823; x_wconf 77' lang='grc' dir='ltr'>τοῦ</span> 
     </span>
    </p>
   </div>
   <div class='ocr_carea' id='block_1_9' title="bbox 476 855 2122 941">
    <p class='ocr_par' dir='ltr' id='par_1_9' title="bbox 476 857 2122 941">
     <span class='ocr_line' id='line_1_9' title="bbox 476 857 2122 941; baseline -0.004 -17"><span class='ocrx_word' id='word_1_53' title='bbox 476 859 581 924; x_wconf 91' lang='lat' dir='ltr'><strong>sed</strong></span> <span class='ocrx_word' id='word_1_54' title='bbox 614 878 748 923; x_wconf 85' lang='lat' dir='ltr'><strong>mea</strong></span> <span class='ocrx_word' id='word_1_55' title='bbox 775 858 1131 941; x_wconf 64' lang='lat' dir='ltr'><strong>praecordia.</strong></span> <span class='ocrx_word' id='word_1_56' title='bbox 1151 857 1294 923; x_wconf 68' lang='lat' dir='ltr'><strong>Haec</strong></span> <span class='ocrx_word' id='word_1_57' title='bbox 1314 858 1496 939; x_wconf 85' lang='lat' dir='ltr'><strong>igitur</strong></span> <span class='ocrx_word' id='word_1_58' title='bbox 1511 860 1712 923; x_wconf 85' lang='lat' dir='ltr'><strong>omnia</strong></span> <span class='ocrx_word' id='word_1_59' title='bbox 1743 858 1967 921; x_wconf 93' lang='lat' dir='ltr'><strong>dudum</strong></span> <span class='ocrx_word' id='word_1_60' title='bbox 1999 875 2122 918; x_wconf 27' lang='lat' dir='ltr'><strong>coni</strong></span> 
     </span>
    </p>
   </div>
   <div class='ocr_carea' id='block_1_10' title="bbox 2213 855 3869 941">
    <p class='ocr_par' dir='ltr' id='par_1_10' title="bbox 2218 855 3869 941">
     <span class='ocr_line' id='line_1_10' title="bbox 2218 855 3869 941; baseline 0.008 -28"><span class='ocrx_word' id='word_1_61' title='bbox 2218 864 2445 937; x_wconf 76' lang='grc' dir='ltr'><strong>Χριστοῦ</strong></span> <span class='ocrx_word' id='word_1_62' title='bbox 2512 858 2779 938; x_wconf 77' lang='grc' dir='ltr'><strong>ἐπισκοπῇ</strong></span> <span class='ocrx_word' id='word_1_63' title='bbox 2824 859 3305 941; x_wconf 24' lang='grc' dir='ltr'>,ἀναζωπυρησάσῃ</span> <span class='ocrx_word' id='word_1_64' title='bbox 3384 865 3479 917; x_wconf 78' lang='grc' dir='ltr'>τοῦ</span> <span class='ocrx_word' id='word_1_65' title='bbox 3548 855 3869 936; x_wconf 72' lang='grc' dir='ltr'>συλληφθὲν,</span> 
     </span>
    </p>
   </div>
   <div class='ocr_carea' id='block_1_11' title="bbox 469 938 2122 1031">
    <p class='ocr_par' dir='ltr' id='par_1_11' title="bbox 469 938 2122 1031">
     <span class='ocr_line' id='line_1_11' title="bbox 469 938 2122 1031; baseline -0.004 -18"><span class='ocrx_word' id='word_1_66' title='bbox 469 938 841 1031; x_wconf 81' lang='lat' dir='ltr'><strong>siderans,sp</strong></span> <span class='ocrx_word' id='word_1_67' title='bbox 852 946 1056 1012; x_wconf 86' lang='lat' dir='ltr'><strong>iritum</strong></span> <span class='ocrx_word' id='word_1_68' title='bbox 1071 938 1351 1030; x_wconf 86' lang='lat' dir='ltr'><strong>equidem</strong></span> <span class='ocrx_word' id='word_1_69' title='bbox 1365 948 1686 1011; x_wconf 76' lang='lat' dir='ltr'><strong>salutarem</strong></span> <span class='ocrx_word' id='word_1_70' title='bbox 1705 945 2122 1031; x_wconf 84' lang='lat' dir='ltr'><strong>parturiebam,</strong></span> 
     </span>
    </p>
   </div>
   <div class='ocr_carea' id='block_1_12' title="bbox 2213 938 3867 1031">
    <p class='ocr_par' dir='ltr' id='par_1_12' title="bbox 2216 938 3867 1028">
     <span class='ocr_line' id='line_1_12' title="bbox 2216 938 3867 1028; baseline -0.001 -27"><span class='ocrx_word' id='word_1_71' title='bbox 2216 943 2395 1003; x_wconf 72' lang='grc' dir='ltr'>ἔτεκον</span> <span class='ocrx_word' id='word_1_72' title='bbox 2451 947 2480 1002; x_wconf 83' lang='grc' dir='ltr'><strong>ὃ</strong></span> <span class='ocrx_word' id='word_1_73' title='bbox 2535 946 2743 1010; x_wconf 79' lang='grc' dir='ltr'>ὤδινον.</span> <span class='ocrx_word' id='word_1_74' title='bbox 2820 938 2985 1008; x_wconf 69' lang='grc' dir='ltr'>’Ὅθεν</span> <span class='ocrx_word' id='word_1_75' title='bbox 3037 938 3127 1008; x_wconf 75' lang='grc' dir='ltr'><strong>καὶ</strong></span> <span class='ocrx_word' id='word_1_76' title='bbox 3188 950 3279 1006; x_wconf 78' lang='grc' dir='ltr'>τὸν</span> <span class='ocrx_word' id='word_1_77' title='bbox 3320 946 3557 1028; x_wconf 76' lang='grc' dir='ltr'>παρόντα</span> <span class='ocrx_word' id='word_1_78' title='bbox 3610 943 3867 1025; x_wconf 74' lang='grc' dir='ltr'>ὲξιτήριον</span> 
     </span>
    </p>
   </div>
   <div class='ocr_carea' id='block_1_13' title="bbox 473 1035 2132 1119">
    <p class='ocr_par' dir='ltr' id='par_1_13' title="bbox 473 1035 2132 1119">
     <span class='ocr_line' id='line_1_13' title="bbox 473 1035 2132 1119; baseline -0.004 -16"><span class='ocrx_word' id='word_1_79' title='bbox 473 1039 757 1104; x_wconf 88' lang='lat' dir='ltr'><strong>nimirum</strong></span> <span class='ocrx_word' id='word_1_80' title='bbox 783 1046 844 1100; x_wconf 91' lang='lat' dir='ltr'><strong>ut</strong></span> <span class='ocrx_word' id='word_1_81' title='bbox 870 1036 1135 1101; x_wconf 89' lang='lat' dir='ltr'><strong>habitum</strong></span> <span class='ocrx_word' id='word_1_82' title='bbox 1167 1038 1533 1119; x_wconf 67' lang='lat' dir='ltr'><strong>poenitentiae</strong></span> <span class='ocrx_word' id='word_1_83' title='bbox 1564 1037 1901 1116; x_wconf 86' lang='lat' dir='ltr'><strong>induerem,</strong></span> <span class='ocrx_word' id='word_1_84' title='bbox 1926 1035 2132 1098; x_wconf 90' lang='lat' dir='ltr'><strong>solita-</strong></span> 
     </span>
    </p>
   </div>
   <div class='ocr_carea' id='block_1_14' title="bbox 473 1126 2136 1211">
    <p class='ocr_par' dir='ltr' id='par_1_14' title="bbox 473 1126 2136 1211">
     <span class='ocr_line' id='line_1_14' title="bbox 473 1126 2136 1211; baseline -0.005 -17"><span class='ocrx_word' id='word_1_85' title='bbox 473 1128 748 1211; x_wconf 90' lang='lat' dir='ltr'><strong>riamque</strong></span> <span class='ocrx_word' id='word_1_86' title='bbox 804 1126 979 1190; x_wconf 89' lang='lat' dir='ltr'><strong>vitam</strong></span> <span class='ocrx_word' id='word_1_87' title='bbox 1012 1126 1264 1189; x_wconf 87' lang='lat' dir='ltr'><strong>adirem.</strong></span> <span class='ocrx_word' id='word_1_88' title='bbox 1310 1127 1388 1190; x_wconf 89' lang='lat' dir='ltr'><strong>Et</strong></span> <span class='ocrx_word' id='word_1_89' title='bbox 1438 1145 1595 1189; x_wconf 93' lang='lat' dir='ltr'><strong>nunc</strong></span> <span class='ocrx_word' id='word_1_90' title='bbox 1639 1126 1789 1191; x_wconf 89' lang='lat' dir='ltr'><strong>adeo</strong></span> <span class='ocrx_word' id='word_1_91' title='bbox 1848 1126 1967 1187; x_wconf 87' lang='lat' dir='ltr'><strong>fetu</strong></span> <span class='ocrx_word' id='word_1_92' title='bbox 2026 1140 2136 1202; x_wconf 88' lang='lat' dir='ltr'><strong>per</strong></span> 
     </span>
    </p>
   </div>
   <div class='ocr_carea' id='block_1_15' title="bbox 472 1214 2131 1301">
    <p class='ocr_par' dir='ltr' id='par_1_15' title="bbox 472 1214 2131 1301">
     <span class='ocr_line' id='line_1_15' title="bbox 472 1214 2131 1301; baseline -0.005 -18"><span class='ocrx_word' id='word_1_93' title='bbox 472 1216 911 1301; x_wconf 90' lang='lat' dir='ltr'><strong>inspectionem</strong></span> <span class='ocrx_word' id='word_1_94' title='bbox 933 1215 1151 1279; x_wconf 83' lang='lat' dir='ltr'><strong>Christi</strong></span> <span class='ocrx_word' id='word_1_95' title='bbox 1172 1216 1486 1291; x_wconf 89' lang='lat' dir='ltr'><strong>viviﬁcato,</strong></span> <span class='ocrx_word' id='word_1_96' title='bbox 1512 1216 1723 1298; x_wconf 87' lang='lat' dir='ltr'><strong>peperi</strong></span> <span class='ocrx_word' id='word_1_97' title='bbox 1746 1214 1902 1298; x_wconf 89' lang='lat' dir='ltr'><strong>quod</strong></span> <span class='ocrx_word' id='word_1_98' title='bbox 1926 1223 2131 1296; x_wconf 86' lang='lat' dir='ltr'><strong>partu-</strong></span> 
     </span>
    </p>
   </div>
   <div class='ocr_carea' id='block_1_16' title="bbox 471 1304 2130 1389">
    <p class='ocr_par' dir='ltr' id='par_1_16' title="bbox 471 1304 2130 1389">
     <span class='ocr_line' id='line_1_16' title="bbox 471 1304 2130 1389; baseline -0.005 -16"><span class='ocrx_word' id='word_1_99' title='bbox 471 1307 728 1373; x_wconf 88' lang='lat' dir='ltr'><strong>riebam.</strong></span> <span class='ocrx_word' id='word_1_100' title='bbox 760 1304 1022 1389; x_wconf 88' lang='lat' dir='ltr'><strong>Ideoque</strong></span> <span class='ocrx_word' id='word_1_101' title='bbox 1051 1306 1341 1388; x_wconf 90' lang='lat' dir='ltr'><strong>scriptum</strong></span> <span class='ocrx_word' id='word_1_102' title='bbox 1371 1307 1486 1370; x_wconf 92' lang='lat' dir='ltr'><strong>hoc</strong></span> <span class='ocrx_word' id='word_1_103' title='bbox 1515 1304 1911 1369; x_wconf 76' lang='lat' dir='ltr'><strong>abdicationis</strong></span> <span class='ocrx_word' id='word_1_104' title='bbox 1941 1322 2130 1385; x_wconf 81' lang='lat' dir='ltr'><strong>expo—</strong></span> 
     </span>
    </p>
   </div>
   <div class='ocr_carea' id='block_1_17' title="bbox 473 1390 2133 1480">
    <p class='ocr_par' dir='ltr' id='par_1_17' title="bbox 473 1390 2133 1480">
     <span class='ocr_line' id='line_1_17' title="bbox 473 1390 2133 1480; baseline -0.005 -18"><span class='ocrx_word' id='word_1_105' title='bbox 473 1416 648 1480; x_wconf 86' lang='lat' dir='ltr'><strong>nens,</strong></span> <span class='ocrx_word' id='word_1_106' title='bbox 677 1414 795 1459; x_wconf 91' lang='lat' dir='ltr'><strong>non</strong></span> <span class='ocrx_word' id='word_1_107' title='bbox 809 1404 1036 1472; x_wconf 83' lang='lat' dir='ltr'><strong>coacte,</strong></span> <span class='ocrx_word' id='word_1_108' title='bbox 1063 1395 1167 1458; x_wconf 92' lang='lat' dir='ltr'><strong>sed</strong></span> <span class='ocrx_word' id='word_1_109' title='bbox 1186 1405 1426 1478; x_wconf 86' lang='lat' dir='ltr'><strong>sponte;</strong></span> <span class='ocrx_word' id='word_1_110' title='bbox 1450 1414 1570 1458; x_wconf 90' lang='lat' dir='ltr'><strong>non</strong></span> <span class='ocrx_word' id='word_1_111' title='bbox 1587 1395 2006 1476; x_wconf 79' lang='lat' dir='ltr'><strong>incogitanter,</strong></span> <span class='ocrx_word' id='word_1_112' title='bbox 2027 1390 2133 1455; x_wconf 92' lang='lat' dir='ltr'><strong>sed</strong></span> 
     </span>
    </p>
   </div>
   <div class='ocr_carea' id='block_1_18' title="bbox 2214 1034 3863 1117">
    <p class='ocr_par' dir='ltr' id='par_1_18' title="bbox 2214 1034 3863 1117">
     <span class='ocr_line' id='line_1_18' title="bbox 2214 1034 3863 1117; baseline 0.002 -27"><span class='ocrx_word' id='word_1_113' title='bbox 2214 1035 2378 1110; x_wconf 87' lang='grc' dir='ltr'>τόμον</span> <span class='ocrx_word' id='word_1_114' title='bbox 2408 1034 2709 1113; x_wconf 80' lang='grc' dir='ltr'>ἐκθέμενος,</span> <span class='ocrx_word' id='word_1_115' title='bbox 2756 1040 2852 1096; x_wconf 77' lang='grc' dir='ltr'>οὔκ</span> <span class='ocrx_word' id='word_1_116' title='bbox 2892 1037 3320 1117; x_wconf 73' lang='grc' dir='ltr'>ἀναγκαπικῶς,</span> <span class='ocrx_word' id='word_1_117' title='bbox 3378 1034 3497 1094; x_wconf 83' lang='grc' dir='ltr'>ἀλλ’</span> <span class='ocrx_word' id='word_1_118' title='bbox 3554 1035 3805 1098; x_wconf 77' lang='grc' dir='ltr'><strong>ἑκουσίως</strong></span> <span class='ocrx_word' id='word_1_119' title='bbox 3847 1049 3863 1063; x_wconf 88' lang='grc'>⁶</span> 
     </span>
    </p>
   </div>
   <div class='ocr_carea' id='block_1_19' title="bbox 2214 1123 3867 1208">
    <p class='ocr_par' dir='ltr' id='par_1_19' title="bbox 2214 1123 3867 1208">
     <span class='ocr_line' id='line_1_19' title="bbox 2214 1123 3867 1208; baseline 0.004 -27"><span class='ocrx_word' id='word_1_120' title='bbox 2214 1125 2309 1181; x_wconf 69' lang='grc' dir='ltr'><strong>οὒκ</strong></span> <span class='ocrx_word' id='word_1_121' title='bbox 2365 1123 2732 1208; x_wconf 76' lang='grc' dir='ltr'>ἀμελετήτως,</span> <span class='ocrx_word' id='word_1_122' title='bbox 2790 1126 2927 1185; x_wconf 71' lang='grc' dir='ltr'>ἀλλὰ</span> <span class='ocrx_word' id='word_1_123' title='bbox 2982 1128 3117 1205; x_wconf 79' lang='grc' dir='ltr'>μετὰ</span> <span class='ocrx_word' id='word_1_124' title='bbox 3179 1125 3384 1208; x_wconf 77' lang='grc' dir='ltr'>σχολῆς</span> <span class='ocrx_word' id='word_1_125' title='bbox 3441 1127 3530 1183; x_wconf 87' lang='grc' dir='ltr'><strong>καὶ</strong></span> <span class='ocrx_word' id='word_1_126' title='bbox 3598 1125 3867 1204; x_wconf 76' lang='grc' dir='ltr'>ἱκετηρίας</span> 
     </span>
    </p>
   </div>
   <div class='ocr_carea' id='block_1_20' title="bbox 2212 1206 3866 1296">
    <p class='ocr_par' dir='ltr' id='par_1_20' title="bbox 2212 1206 3866 1296">
     <span class='ocr_line' id='line_1_20' title="bbox 2212 1206 3866 1296; baseline 0.011 -28"><span class='ocrx_word' id='word_1_127' title='bbox 2212 1218 2310 1281; x_wconf 77' lang='grc' dir='ltr'>τῆς</span> <span class='ocrx_word' id='word_1_128' title='bbox 2341 1215 2414 1279; x_wconf 84' lang='grc' dir='ltr'><strong>εἰς</strong></span> <span class='ocrx_word' id='word_1_129' title='bbox 2460 1214 2587 1272; x_wconf 84' lang='grc' dir='ltr'>Θεόν</span> <span class='ocrx_word' id='word_1_130' title='bbox 2621 1231 2637 1247; x_wconf 78' lang='grc'><strong><em>⁸</em></strong></span> <span class='ocrx_word' id='word_1_131' title='bbox 2689 1206 2939 1293; x_wconf 82' lang='grc' dir='ltr'>”Αλλων,</span> <span class='ocrx_word' id='word_1_132' title='bbox 2974 1218 3136 1296; x_wconf 77' lang='grc' dir='ltr'>φημὶ,</span> <span class='ocrx_word' id='word_1_133' title='bbox 3197 1206 3335 1273; x_wconf 59' lang='grc' dir='ltr'>ἔστω</span> <span class='ocrx_word' id='word_1_134' title='bbox 3374 1217 3438 1273; x_wconf 70' lang='grc' dir='ltr'>τὸ</span> <span class='ocrx_word' id='word_1_135' title='bbox 3464 1220 3564 1282; x_wconf 75' lang='grc' dir='ltr'><strong>τῆς</strong></span> <span class='ocrx_word' id='word_1_136' title='bbox 3594 1214 3866 1294; x_wconf 81' lang='grc' dir='ltr'>ἀρχιερω-</span> 
     </span>
    </p>
   </div>
   <div class='ocr_carea' id='block_1_21' title="bbox 2215 1301 3870 1386">
    <p class='ocr_par' dir='ltr' id='par_1_21' title="bbox 2215 1301 3870 1386">
     <span class='ocr_line' id='line_1_21' title="bbox 2215 1301 3870 1386; baseline 0 -28"><span class='ocrx_word' id='word_1_137' title='bbox 2215 1303 2375 1371; x_wconf 91' lang='grc' dir='ltr'>σύνης</span> <span class='ocrx_word' id='word_1_138' title='bbox 2410 1301 2776 1386; x_wconf 69' lang='grc' dir='ltr'><strong>ἀναφαίρετον,</strong></span> <span class='ocrx_word' id='word_1_139' title='bbox 2835 1309 2888 1363; x_wconf 78' lang='grc' dir='ltr'>οἳ</span> <span class='ocrx_word' id='word_1_140' title='bbox 2949 1309 3087 1364; x_wconf 79' lang='grc' dir='ltr'>κατὰ</span> <span class='ocrx_word' id='word_1_141' title='bbox 3141 1309 3239 1374; x_wconf 80' lang='grc' dir='ltr'>τὴν</span> <span class='ocrx_word' id='word_1_142' title='bbox 3292 1305 3437 1372; x_wconf 78' lang='grc' dir='ltr'>τάξιν</span> <span class='ocrx_word' id='word_1_143' title='bbox 3491 1311 3585 1363; x_wconf 78' lang='grc' dir='ltr'><strong>τοῦ</strong></span> <span class='ocrx_word' id='word_1_144' title='bbox 3642 1307 3870 1383; x_wconf 74' lang='grc' dir='ltr'>Χριστοῦ</span> 
     </span>
    </p>
   </div>
   <div class='ocr_carea' id='block_1_22' title="bbox 2214 1390 3871 1476">
    <p class='ocr_par' dir='ltr' id='par_1_22' title="bbox 2214 1390 3871 1476">
     <span class='ocr_line' id='line_1_22' title="bbox 2214 1390 3871 1476; baseline 0 -29"><span class='ocrx_word' id='word_1_145' title='bbox 2214 1391 2515 1472; x_wconf 77' lang='grc' dir='ltr'>ἱεράτευσαν</span> <span class='ocrx_word' id='word_1_146' title='bbox 2568 1401 2662 1450; x_wconf 84' lang='grc' dir='ltr'>τοῦ</span> <span class='ocrx_word' id='word_1_147' title='bbox 2712 1395 3003 1476; x_wconf 75' lang='grc' dir='ltr'>ἀρχιερέως</span> <span class='ocrx_word' id='word_1_148' title='bbox 3062 1397 3136 1458; x_wconf 76' lang='grc' dir='ltr'>εἷς</span> <span class='ocrx_word' id='word_1_149' title='bbox 3194 1396 3284 1453; x_wconf 81' lang='grc' dir='ltr'>τὸν</span> <span class='ocrx_word' id='word_1_150' title='bbox 3328 1396 3514 1469; x_wconf 75' lang='grc' dir='ltr'>αἰῶνα,</span> <span class='ocrx_word' id='word_1_151' title='bbox 3562 1395 3650 1449; x_wconf 83' lang='grc' dir='ltr'>καὶ</span> <span class='ocrx_word' id='word_1_152' title='bbox 3693 1390 3871 1448; x_wconf 81' lang='grc' dir='ltr'>ἄλλων</span> 
     </span>
    </p>
   </div>
   <div class='ocr_carea' id='block_1_23' title="bbox 472 1481 2122 1572">
    <p class='ocr_par' dir='ltr' id='par_1_23' title="bbox 472 1484 2122 1572">
     <span class='ocr_line' id='line_1_23' title="bbox 472 1484 2122 1572; baseline -0.005 -20"><span class='ocrx_word' id='word_1_153' title='bbox 472 1507 584 1572; x_wconf 92' lang='lat' dir='ltr'><strong>per</strong></span> <span class='ocrx_word' id='word_1_154' title='bbox 612 1487 823 1564; x_wconf 84' lang='lat' dir='ltr'><strong>otium,</strong></span> <span class='ocrx_word' id='word_1_155' title='bbox 884 1493 943 1548; x_wconf 92' lang='lat' dir='ltr'><strong>et</strong></span> <span class='ocrx_word' id='word_1_156' title='bbox 987 1485 1423 1568; x_wconf 89' lang='lat' dir='ltr'><strong>supplicatione</strong></span> <span class='ocrx_word' id='word_1_157' title='bbox 1472 1484 1548 1547; x_wconf 92' lang='lat' dir='ltr'><strong>ad</strong></span> <span class='ocrx_word' id='word_1_158' title='bbox 1595 1484 1785 1547; x_wconf 92' lang='lat' dir='ltr'><strong>Deum</strong></span> <span class='ocrx_word' id='word_1_159' title='bbox 1814 1485 2122 1572; x_wconf 77' lang='lat' dir='ltr'><strong>instituta:</strong></span> 
     </span>
    </p>
   </div>
   <div class='ocr_carea' id='block_1_24' title="bbox 2213 1481 3868 1572">
    <p class='ocr_par' dir='ltr' id='par_1_24' title="bbox 2216 1481 3868 1564">
     <span class='ocr_line' id='line_1_24' title="bbox 2216 1481 3868 1564; baseline -0.001 -26"><span class='ocrx_word' id='word_1_160' title='bbox 2216 1484 2264 1539; x_wconf 73' lang='grc' dir='ltr'>οἱ</span> <span class='ocrx_word' id='word_1_161' title='bbox 2306 1481 2629 1562; x_wconf 77' lang='grc' dir='ltr'>ἐνθρονισμοὶ</span> <span class='ocrx_word' id='word_1_162' title='bbox 2675 1484 3009 1561; x_wconf 76' lang='grc' dir='ltr'>ἀμετάθετοι,</span> <span class='ocrx_word' id='word_1_163' title='bbox 3069 1489 3155 1551; x_wconf 78' lang='grc' dir='ltr'>οἷς</span> <span class='ocrx_word' id='word_1_164' title='bbox 3193 1482 3431 1564; x_wconf 74' lang='grc' dir='ltr'>σύνεδρος</span> <span class='ocrx_word' id='word_1_165' title='bbox 3486 1485 3522 1552; x_wconf 79' lang='grc' dir='ltr'>ἡ</span> <span class='ocrx_word' id='word_1_166' title='bbox 3580 1505 3672 1540; x_wconf 81' lang='grc' dir='ltr'><strong>του</strong></span> <span class='ocrx_word' id='word_1_167' title='bbox 3703 1481 3868 1539; x_wconf 89' lang='grc' dir='ltr'>πνεύ-</span> 
     </span>
    </p>
   </div>
   <div class='ocr_carea' id='block_1_25' title="bbox 473 1570 2122 1659">
    <p class='ocr_par' dir='ltr' id='par_1_25' title="bbox 473 1570 2122 1659">
     <span class='ocr_line' id='line_1_25' title="bbox 473 1570 2122 1659; baseline -0.005 -16"><span class='ocrx_word' id='word_1_168' title='bbox 473 1570 728 1659; x_wconf 74' lang='lat' dir='ltr'><strong>Maneat,</strong></span> <span class='ocrx_word' id='word_1_169' title='bbox 751 1576 1020 1658; x_wconf 89' lang='lat' dir='ltr'><strong>inquam,</strong></span> <span class='ocrx_word' id='word_1_170' title='bbox 1047 1575 1179 1638; x_wconf 84' lang='lat' dir='ltr'><strong>aliis</strong></span> <span class='ocrx_word' id='word_1_171' title='bbox 1201 1574 1362 1638; x_wconf 90' lang='lat' dir='ltr'><strong>haud</strong></span> <span class='ocrx_word' id='word_1_172' title='bbox 1411 1572 1609 1638; x_wconf 90' lang='lat' dir='ltr'><strong>ablata</strong></span> <span class='ocrx_word' id='word_1_173' title='bbox 1639 1574 2015 1656; x_wconf 89' lang='lat' dir='ltr'><strong>pontiﬁcatus</strong></span> <span class='ocrx_word' id='word_1_174' title='bbox 2042 1570 2122 1634; x_wconf 91' lang='lat' dir='ltr'><strong>di-</strong></span> 
     </span>
    </p>
   </div>
   <div class='ocr_carea' id='block_1_26' title="bbox 2213 1570 3872 1659">
    <p class='ocr_par' dir='ltr' id='par_1_26' title="bbox 2217 1570 3872 1651">
     <span class='ocr_line' id='line_1_26' title="bbox 2217 1570 3872 1651; baseline -0.001 -24"><span class='ocrx_word' id='word_1_175' title='bbox 2217 1591 2387 1647; x_wconf 83' lang='grc' dir='ltr'>ματος</span> <span class='ocrx_word' id='word_1_176' title='bbox 2468 1570 2756 1649; x_wconf 77' lang='grc' dir='ltr'>ἕλλαμψις,</span> <span class='ocrx_word' id='word_1_177' title='bbox 2817 1572 2970 1651; x_wconf 85' lang='grc' dir='ltr'>Ἐμοὶ</span> <span class='ocrx_word' id='word_1_178' title='bbox 3023 1572 3078 1630; x_wconf 77' lang='grc' dir='ltr'><strong>δὲ</strong></span> <span class='ocrx_word' id='word_1_179' title='bbox 3132 1572 3387 1645; x_wconf 81' lang='grc' dir='ltr'>ζητείσθω</span> <span class='ocrx_word' id='word_1_180' title='bbox 3442 1570 3708 1651; x_wconf 77' lang='grc' dir='ltr'>ὑποταγὴ,</span> <span class='ocrx_word' id='word_1_181' title='bbox 3781 1571 3872 1627; x_wconf 81' lang='grc' dir='ltr'><strong>καὶ</strong></span> 
     </span>
    </p>
   </div>
   <div class='ocr_carea' id='block_1_27' title="bbox 473 1659 2122 1750">
    <p class='ocr_par' dir='ltr' id='par_1_27' title="bbox 473 1660 2122 1750">
     <span class='ocr_line' id='line_1_27' title="bbox 473 1660 2122 1750; baseline -0.005 -21"><span class='ocrx_word' id='word_1_182' title='bbox 473 1666 687 1750; x_wconf 77' lang='lat' dir='ltr'><strong>gnitas,</strong></span> <span class='ocrx_word' id='word_1_183' title='bbox 713 1664 816 1746; x_wconf 91' lang='lat' dir='ltr'><strong>qui</strong></span> <span class='ocrx_word' id='word_1_184' title='bbox 846 1662 1180 1728; x_wconf 88' lang='lat' dir='ltr'><strong>sacerdotio</strong></span> <span class='ocrx_word' id='word_1_185' title='bbox 1208 1662 1395 1726; x_wconf 82' lang='lat' dir='ltr'><strong>functi</strong></span> <span class='ocrx_word' id='word_1_186' title='bbox 1426 1671 1567 1727; x_wconf 89' lang='lat' dir='ltr'><strong>sunt</strong></span> <span class='ocrx_word' id='word_1_187' title='bbox 1595 1661 1924 1727; x_wconf 90' lang='lat' dir='ltr'><strong>secundum</strong></span> <span class='ocrx_word' id='word_1_188' title='bbox 1957 1660 2122 1750; x_wconf 88' lang='lat' dir='ltr'><strong>ordi-</strong></span> 
     </span>
    </p>
   </div>
   <div class='ocr_carea' id='block_1_28' title="bbox 2213 1659 3868 1750">
    <p class='ocr_par' dir='ltr' id='par_1_28' title="bbox 2213 1659 3868 1742">
     <span class='ocr_line' id='line_1_28' title="bbox 2213 1659 3868 1742; baseline 0.001 -27"><span class='ocrx_word' id='word_1_189' title='bbox 2213 1664 2447 1739; x_wconf 86' lang='grc' dir='ltr'>τρίχινον</span> <span class='ocrx_word' id='word_1_190' title='bbox 2477 1661 2660 1740; x_wconf 78' lang='grc' dir='ltr'>ῥάκος,</span> <span class='ocrx_word' id='word_1_191' title='bbox 2694 1664 2879 1719; x_wconf 83' lang='grc' dir='ltr'>καὶτὸ</span> <span class='ocrx_word' id='word_1_192' title='bbox 2921 1665 3021 1732; x_wconf 82' lang='grc' dir='ltr'><strong>τῆς</strong></span> <span class='ocrx_word' id='word_1_193' title='bbox 3070 1663 3353 1738; x_wconf 70' lang='grc' dir='ltr'>μετανοίας</span> <span class='ocrx_word' id='word_1_194' title='bbox 3409 1659 3650 1742; x_wconf 79' lang='grc' dir='ltr'>δάκρυον,</span> <span class='ocrx_word' id='word_1_195' title='bbox 3720 1660 3868 1716; x_wconf 87' lang='grc' dir='ltr'>ἀπο-</span> 
     </span>
    </p>
   </div>
   <div class='ocr_carea' id='block_1_29' title="bbox 469 1742 2122 1835">
    <p class='ocr_par' dir='ltr' id='par_1_29' title="bbox 469 1742 2122 1835">
     <span class='ocr_line' id='line_1_29' title="bbox 469 1742 2122 1835; baseline -0.005 -15"><span class='ocrx_word' id='word_1_196' title='bbox 469 1742 610 1820; x_wconf 70' lang='lat' dir='ltr'><strong>nem</strong></span> <span class='ocrx_word' id='word_1_197' title='bbox 642 1742 882 1831; x_wconf 77' lang='lat' dir='ltr'><strong>Chi-isti,</strong></span> <span class='ocrx_word' id='word_1_198' title='bbox 914 1753 1123 1817; x_wconf 72' lang='lat' dir='ltr'><strong>aeterni</strong></span> <span class='ocrx_word' id='word_1_199' title='bbox 1158 1753 1456 1835; x_wconf 89' lang='lat' dir='ltr'><strong>pontiﬁcis</strong></span> <span class='ocrx_word' id='word_1_200' title='bbox 1491 1773 1506 1814; x_wconf 89' lang='lat'><strong>:</strong></span> <span class='ocrx_word' id='word_1_201' title='bbox 1566 1752 1822 1815; x_wconf 89' lang='lat' dir='ltr'><strong>aliorum</strong></span> <span class='ocrx_word' id='word_1_202' title='bbox 1871 1750 1931 1813; x_wconf 88' lang='lat' dir='ltr'><strong>in</strong></span> <span class='ocrx_word' id='word_1_203' title='bbox 1981 1749 2122 1813; x_wconf 88' lang='lat' dir='ltr'><strong>solia</strong></span> 
     </span>
    </p>
   </div>
   <div class='ocr_carea' id='block_1_30' title="bbox 2213 1742 3871 1835">
    <p class='ocr_par' dir='ltr' id='par_1_30' title="bbox 2213 1742 3871 1835">
     <span class='ocr_line' id='line_1_30' title="bbox 2213 1742 3871 1835; baseline -0.001 -28"><span class='ocrx_word' id='word_1_204' title='bbox 2213 1746 2403 1808; x_wconf 85' lang='grc' dir='ltr'>πλῦνόν</span> <span class='ocrx_word' id='word_1_205' title='bbox 2474 1772 2576 1826; x_wconf 92' lang='grc' dir='ltr'><strong>μου</strong></span> <span class='ocrx_word' id='word_1_206' title='bbox 2634 1752 2702 1813; x_wconf 75' lang='grc' dir='ltr'><strong>τὰ</strong></span> <span class='ocrx_word' id='word_1_207' title='bbox 2770 1751 3141 1833; x_wconf 81' lang='grc' dir='ltr'>πεπραγμένα.</span> <span class='ocrx_word' id='word_1_208' title='bbox 3221 1758 3579 1831; x_wconf 84' lang='grc' dir='ltr'>Παραιτοῦμαι</span> <span class='ocrx_word' id='word_1_209' title='bbox 3658 1747 3713 1807; x_wconf 73' lang='grc' dir='ltr'><em>δὲ</em></span> <span class='ocrx_word' id='word_1_210' title='bbox 3779 1742 3871 1835; x_wconf 50' lang='lat' dir='ltr'><strong>ita?</strong></span> 
     </span>
    </p>
   </div>
   <div class='ocr_carea' id='block_1_31' title="bbox 471 1824 2122 1935">
    <p class='ocr_par' dir='ltr' id='par_1_31' title="bbox 471 1824 2122 1935">
     <span class='ocr_line' id='line_1_31' title="bbox 471 1824 2122 1935; baseline -0.004 -27"><span class='ocrx_word' id='word_1_211' title='bbox 471 1824 898 1935; x_wconf 70' lang='lat' dir='ltr'><strong>collocationes</strong></span> <span class='ocrx_word' id='word_1_212' title='bbox 924 1824 1377 1935; x_wconf 68' lang='lat' dir='ltr'><strong>n_ulli_obnoxi_ze</strong></span> <span class='ocrx_word' id='word_1_213' title='bbox 1407 1841 1723 1905; x_wconf 88' lang='lat' dir='ltr'><strong>mutationi</strong></span> <span class='ocrx_word' id='word_1_214' title='bbox 1755 1840 1899 1922; x_wconf 86' lang='lat' dir='ltr'><strong>sint,</strong></span> <span class='ocrx_word' id='word_1_215' title='bbox 1923 1840 1985 1935; x_wconf 81' lang='lat' dir='ltr'><strong>in</strong></span> <span class='ocrx_word' id='word_1_216' title='bbox 2002 1838 2122 1922; x_wconf 90' lang='lat' dir='ltr'><strong>qui-</strong></span> 
     </span>
    </p>
   </div>
   <div class='ocr_carea' id='block_1_32' title="bbox 2213 1824 3869 1935">
    <p class='ocr_par' dir='ltr' id='par_1_32' title="bbox 2213 1824 3869 1924">
     <span class='ocr_line' id='line_1_32' title="bbox 2213 1824 3869 1924; baseline 0.001 -27"><span class='ocrx_word' id='word_1_217' title='bbox 2213 1841 2298 1899; x_wconf 80' lang='grc' dir='ltr'><strong>τὸν</strong></span> <span class='ocrx_word' id='word_1_218' title='bbox 2351 1842 2556 1921; x_wconf 84' lang='grc' dir='ltr'>θρόνον,</span> <span class='ocrx_word' id='word_1_219' title='bbox 2618 1843 2707 1900; x_wconf 81' lang='grc' dir='ltr'>καὶ</span> <span class='ocrx_word' id='word_1_220' title='bbox 2761 1844 2860 1911; x_wconf 77' lang='grc' dir='ltr'>τὴν</span> <span class='ocrx_word' id='word_1_221' title='bbox 2916 1844 3119 1924; x_wconf 70' lang='grc' dir='ltr'>ἀρχὴν,</span> <span class='ocrx_word' id='word_1_222' title='bbox 3165 1844 3255 1900; x_wconf 83' lang='grc' dir='ltr'><strong>καὶ</strong></span> <span class='ocrx_word' id='word_1_223' title='bbox 3297 1844 3395 1911; x_wconf 78' lang='grc' dir='ltr'><strong>τὴν</strong></span> <span class='ocrx_word' id='word_1_224' title='bbox 3424 1842 3737 1922; x_wconf 80' lang='grc' dir='ltr'>ἱερωσύνην.</span> <span class='ocrx_word' id='word_1_225' title='bbox 3768 1824 3869 1898; x_wconf 73' lang='grc' dir='ltr'>Καὶ</span> 
     </span>
    </p>
   </div>
   <div class='ocr_carea' id='block_1_33' title="bbox 471 1927 2122 2016">
    <p class='ocr_par' dir='ltr' id='par_1_33' title="bbox 471 1927 2122 2013">
     <span class='ocr_line' id='line_1_33' title="bbox 471 1927 2122 2013; baseline -0.003 -16"><span class='ocrx_word' id='word_1_226' title='bbox 471 1932 586 1997; x_wconf 90' lang='lat' dir='ltr'><strong>bus</strong></span> <span class='ocrx_word' id='word_1_227' title='bbox 610 1927 922 1996; x_wconf 80' lang='lat' dir='ltr'><strong>illustratio</strong></span> <span class='ocrx_word' id='word_1_228' title='bbox 947 1929 1203 2013; x_wconf 89' lang='lat' dir='ltr'><strong>Spiritus</strong></span> <span class='ocrx_word' id='word_1_229' title='bbox 1228 1930 1435 1995; x_wconf 87' lang='lat' dir='ltr'><strong>sedem</strong></span> <span class='ocrx_word' id='word_1_230' title='bbox 1448 1948 1616 1993; x_wconf 90' lang='lat' dir='ltr'><strong>suam</strong></span> <span class='ocrx_word' id='word_1_231' title='bbox 1642 1929 1788 1993; x_wconf 83' lang='lat' dir='ltr'><strong>ﬁxit.</strong></span> <span class='ocrx_word' id='word_1_232' title='bbox 1815 1928 2122 2011; x_wconf 67' lang='lat' dir='ltr'><strong>Mihiquaa-</strong></span> 
     </span>
    </p>
   </div>
   <div class='ocr_carea' id='block_1_34' title="bbox 2213 1927 3869 2016">
    <p class='ocr_par' dir='ltr' id='par_1_34' title="bbox 2213 1927 3869 2011">
     <span class='ocr_line' id='line_1_34' title="bbox 2213 1927 3869 2011; baseline -0.001 -26"><span class='ocrx_word' id='word_1_233' title='bbox 2213 1927 2503 1986; x_wconf 80' lang='grc' dir='ltr'>παόαιιαλῶ</span> <span class='ocrx_word' id='word_1_234' title='bbox 2544 1930 2748 1995; x_wconf 83' lang='grc' dir='ltr'>τούτοις</span> <span class='ocrx_word' id='word_1_235' title='bbox 2792 1932 2882 1988; x_wconf 86' lang='grc' dir='ltr'>τὸν</span> <span class='ocrx_word' id='word_1_236' title='bbox 2936 1930 3393 2011; x_wconf 80' lang='grc' dir='ltr'>προκαλούμενον,</span> <span class='ocrx_word' id='word_1_237' title='bbox 3425 1931 3515 1987; x_wconf 86' lang='grc' dir='ltr'><strong>καὶ</strong></span> <span class='ocrx_word' id='word_1_238' title='bbox 3557 1930 3614 1986; x_wconf 83' lang='grc' dir='ltr'>ὃν</span> <span class='ocrx_word' id='word_1_239' title='bbox 3671 1931 3699 1986; x_wconf 85' lang='grc' dir='ltr'>ὁ</span> <span class='ocrx_word' id='word_1_240' title='bbox 3746 1933 3869 1985; x_wconf 86' lang='grc' dir='ltr'><strong>Πα-</strong></span> 
     </span>
    </p>
   </div>
   <div class='ocr_carea' id='block_1_35' title="bbox 470 2017 2122 2103">
    <p class='ocr_par' dir='ltr' id='par_1_35' title="bbox 470 2018 2122 2103">
     <span class='ocr_line' id='line_1_35' title="bbox 470 2018 2122 2103; baseline -0.004 -17"><span class='ocrx_word' id='word_1_241' title='bbox 470 2023 621 2086; x_wconf 88' lang='lat' dir='ltr'><strong>riter</strong></span> <span class='ocrx_word' id='word_1_242' title='bbox 651 2019 1016 2097; x_wconf 89' lang='lat' dir='ltr'><strong>obedientia,</strong></span> <span class='ocrx_word' id='word_1_243' title='bbox 1047 2020 1351 2103; x_wconf 84' lang='lat' dir='ltr'><strong>vestisque</strong></span> <span class='ocrx_word' id='word_1_244' title='bbox 1382 2019 1520 2102; x_wconf 88' lang='lat' dir='ltr'><strong>pilis</strong></span> <span class='ocrx_word' id='word_1_245' title='bbox 1550 2027 1853 2095; x_wconf 90' lang='lat' dir='ltr'><strong>constans,</strong></span> <span class='ocrx_word' id='word_1_246' title='bbox 1914 2026 1973 2081; x_wconf 91' lang='lat' dir='ltr'><strong>et</strong></span> <span class='ocrx_word' id='word_1_247' title='bbox 2035 2018 2122 2081; x_wconf 89' lang='lat' dir='ltr'><strong>la-</strong></span> 
     </span>
    </p>
   </div>
   <div class='ocr_carea' id='block_1_36' title="bbox 2213 2017 3867 2103">
    <p class='ocr_par' dir='ltr' id='par_1_36' title="bbox 2213 2017 3867 2100">
     <span class='ocr_line' id='line_1_36' title="bbox 2213 2017 3867 2100; baseline -0.001 -26"><span class='ocrx_word' id='word_1_248' title='bbox 2213 2017 2477 2098; x_wconf 77' lang='grc' dir='ltr'>ράκλητος</span> <span class='ocrx_word' id='word_1_249' title='bbox 2528 2020 2601 2085; x_wconf 80' lang='grc' dir='ltr'><strong>εἰς</strong></span> <span class='ocrx_word' id='word_1_250' title='bbox 2671 2024 2770 2088; x_wconf 72' lang='grc' dir='ltr'>τὴν</span> <span class='ocrx_word' id='word_1_251' title='bbox 2829 2019 3137 2089; x_wconf 77' lang='grc' dir='ltr'>ἀποστολὴν</span> <span class='ocrx_word' id='word_1_252' title='bbox 3192 2022 3352 2078; x_wconf 73' lang='grc' dir='ltr'><strong>αὒτοῦ</strong></span> <span class='ocrx_word' id='word_1_253' title='bbox 3406 2018 3663 2100; x_wconf 70' lang='grc' dir='ltr'>ἀφορίσει.</span> <span class='ocrx_word' id='word_1_254' title='bbox 3699 2024 3867 2097; x_wconf 74' lang='grc' dir='ltr'>Χαῖρε</span> 
     </span>
    </p>
   </div>
   <div class='ocr_carea' id='block_1_37' title="bbox 470 2105 2122 2196">
    <p class='ocr_par' dir='ltr' id='par_1_37' title="bbox 470 2107 2122 2196">
     <span class='ocr_line' id='line_1_37' title="bbox 470 2107 2122 2196; baseline -0.004 -20"><span class='ocrx_word' id='word_1_255' title='bbox 470 2130 669 2196; x_wconf 74' lang='lat' dir='ltr'><strong>cryma</strong></span> <span class='ocrx_word' id='word_1_256' title='bbox 698 2109 1083 2194; x_wconf 57' lang='lat' dir='ltr'><strong>poenitentiae,</strong></span> <span class='ocrx_word' id='word_1_257' title='bbox 1118 2128 1235 2192; x_wconf 92' lang='lat' dir='ltr'><strong>quo</strong></span> <span class='ocrx_word' id='word_1_258' title='bbox 1293 2108 1615 2173; x_wconf 89' lang='lat' dir='ltr'><strong>abluantur</strong></span> <span class='ocrx_word' id='word_1_259' title='bbox 1677 2107 1942 2170; x_wconf 85' lang='lat' dir='ltr'><strong>facinora</strong></span> <span class='ocrx_word' id='word_1_260' title='bbox 1971 2125 2122 2196; x_wconf 90' lang='lat' dir='ltr'><strong>mea.</strong></span> 
     </span>
    </p>
   </div>
   <div class='ocr_carea' id='block_1_38' title="bbox 2213 2105 3871 2196">
    <p class='ocr_par' dir='ltr' id='par_1_38' title="bbox 2213 2105 3871 2191">
     <span class='ocr_line' id='line_1_38' title="bbox 2213 2105 3871 2191; baseline 0.001 -28"><span class='ocrx_word' id='word_1_261' title='bbox 2213 2105 2323 2187; x_wconf 82' lang='grc' dir='ltr'>οὗν,</span> <span class='ocrx_word' id='word_1_262' title='bbox 2383 2108 2428 2165; x_wconf 86' lang='grc' dir='ltr'><strong>ὦ</strong></span> <span class='ocrx_word' id='word_1_263' title='bbox 2495 2110 2858 2191; x_wconf 84' lang='grc' dir='ltr'>ποιμενάρχα,</span> <span class='ocrx_word' id='word_1_264' title='bbox 2921 2111 3011 2168; x_wconf 79' lang='grc' dir='ltr'><strong>καὶ</strong></span> <span class='ocrx_word' id='word_1_265' title='bbox 3085 2111 3268 2191; x_wconf 81' lang='grc' dir='ltr'>Πατὴρ</span> <span class='ocrx_word' id='word_1_266' title='bbox 3323 2108 3589 2188; x_wconf 75' lang='grc' dir='ltr'>πατέρων,</span> <span class='ocrx_word' id='word_1_267' title='bbox 3627 2108 3718 2166; x_wconf 86' lang='grc' dir='ltr'><strong>καὶ</strong></span> <span class='ocrx_word' id='word_1_268' title='bbox 3743 2120 3871 2170; x_wconf 73' lang='grc' dir='ltr'>ταῖς</span> 
     </span>
    </p>
   </div>
   <div class='ocr_carea' id='block_1_39' title="bbox 468 2195 2122 2280">
    <p class='ocr_par' dir='ltr' id='par_1_39' title="bbox 468 2195 2122 2279">
     <span class='ocr_line' id='line_1_39' title="bbox 468 2195 2122 2279; baseline -0.004 -13"><span class='ocrx_word' id='word_1_269' title='bbox 468 2195 771 2266; x_wconf 84' lang='lat' dir='ltr'><strong>Renuntio</strong></span> <span class='ocrx_word' id='word_1_270' title='bbox 801 2198 957 2276; x_wconf 90' lang='lat' dir='ltr'><strong>sedi,</strong></span> <span class='ocrx_word' id='word_1_271' title='bbox 989 2205 1049 2261; x_wconf 89' lang='lat' dir='ltr'><strong>et</strong></span> <span class='ocrx_word' id='word_1_272' title='bbox 1076 2197 1372 2279; x_wconf 76' lang='lat' dir='ltr'><strong>dignitati,</strong></span> <span class='ocrx_word' id='word_1_273' title='bbox 1405 2207 1465 2262; x_wconf 91' lang='lat' dir='ltr'><strong>et</strong></span> <span class='ocrx_word' id='word_1_274' title='bbox 1519 2197 1875 2261; x_wconf 90' lang='lat' dir='ltr'><strong>sacerdotio.</strong></span> <span class='ocrx_word' id='word_1_275' title='bbox 1935 2195 2122 2260; x_wconf 90' lang='lat' dir='ltr'><strong>Simul</strong></span> 
     </span>
    </p>
   </div>
   <div class='ocr_carea' id='block_1_40' title="bbox 2213 2195 3873 2280">
    <p class='ocr_par' dir='ltr' id='par_1_40' title="bbox 2213 2195 3873 2280">
     <span class='ocr_line' id='line_1_40' title="bbox 2213 2195 3873 2280; baseline 0 -27"><span class='ocrx_word' id='word_1_276' title='bbox 2213 2200 2404 2278; x_wconf 68' lang='grc' dir='ltr'>εὐχαῖς</span> <span class='ocrx_word' id='word_1_277' title='bbox 2460 2198 2556 2257; x_wconf 88' lang='grc' dir='ltr'><strong>σού</strong></span> <span class='ocrx_word' id='word_1_278' title='bbox 2609 2220 2678 2276; x_wconf 88' lang='grc' dir='ltr'><strong>με</strong></span> <span class='ocrx_word' id='word_1_279' title='bbox 2742 2197 3040 2280; x_wconf 75' lang='grc' dir='ltr'>ἐφοδίασον,</span> <span class='ocrx_word' id='word_1_280' title='bbox 3097 2204 3184 2257; x_wconf 78' lang='grc' dir='ltr'>καὶ</span> <span class='ocrx_word' id='word_1_281' title='bbox 3237 2204 3307 2277; x_wconf 76' lang='grc' dir='ltr'><strong>τῇ</strong></span> <span class='ocrx_word' id='word_1_282' title='bbox 3387 2220 3717 2276; x_wconf 81' lang='grc' dir='ltr'>ποιμαντικῃ</span> <span class='ocrx_word' id='word_1_283' title='bbox 3758 2195 3873 2254; x_wconf 76' lang='grc' dir='ltr'>εἴτε</span> 
     </span>
    </p>
   </div>
   <div class='ocr_carea' id='block_1_41' title="bbox 466 2285 2122 2370">
    <p class='ocr_par' dir='ltr' id='par_1_41' title="bbox 466 2285 2122 2370">
     <span class='ocr_line' id='line_1_41' title="bbox 466 2285 2122 2370; baseline -0.004 -16"><span class='ocrx_word' id='word_1_284' title='bbox 466 2291 635 2355; x_wconf 90' lang='lat' dir='ltr'><strong>hisce</strong></span> <span class='ocrx_word' id='word_1_285' title='bbox 660 2288 860 2353; x_wconf 80' lang='lat' dir='ltr'><strong>verbis</strong></span> <span class='ocrx_word' id='word_1_286' title='bbox 889 2297 1013 2351; x_wconf 91' lang='lat' dir='ltr'><strong>tum</strong></span> <span class='ocrx_word' id='word_1_287' title='bbox 1044 2287 1213 2350; x_wconf 92' lang='lat' dir='ltr'><strong>illum</strong></span> <span class='ocrx_word' id='word_1_288' title='bbox 1243 2287 1549 2369; x_wconf 81' lang='lat' dir='ltr'><strong>exhortor,</strong></span> <span class='ocrx_word' id='word_1_289' title='bbox 1581 2286 1683 2370; x_wconf 93' lang='lat' dir='ltr'><strong>qui</strong></span> <span class='ocrx_word' id='word_1_290' title='bbox 1716 2304 1810 2349; x_wconf 88' lang='lat' dir='ltr'><strong>me</strong></span> <span class='ocrx_word' id='word_1_291' title='bbox 1841 2285 1984 2348; x_wconf 90' lang='lat' dir='ltr'><strong>olim</strong></span> <span class='ocrx_word' id='word_1_292' title='bbox 2016 2304 2122 2348; x_wconf 82' lang='lat' dir='ltr'><strong>ex-</strong></span> 
     </span>
    </p>
   </div>
   <div class='ocr_carea' id='block_1_42' title="bbox 2213 2285 3874 2370">
    <p class='ocr_par' dir='ltr' id='par_1_42' title="bbox 2213 2286 3874 2369">
     <span class='ocr_line' id='line_1_42' title="bbox 2213 2286 3874 2369; baseline 0.002 -27"><span class='ocrx_word' id='word_1_293' title='bbox 2213 2288 2300 2343; x_wconf 82' lang='grc' dir='ltr'><strong>καὶ</strong></span> <span class='ocrx_word' id='word_1_294' title='bbox 2366 2294 2600 2366; x_wconf 85' lang='grc' dir='ltr'>πατρικῇ</span> <span class='ocrx_word' id='word_1_295' title='bbox 2667 2289 2931 2368; x_wconf 78' lang='grc' dir='ltr'>βακτηρίᾳ</span> <span class='ocrx_word' id='word_1_296' title='bbox 2998 2310 3093 2346; x_wconf 89' lang='grc' dir='ltr'><strong>σου</strong></span> <span class='ocrx_word' id='word_1_297' title='bbox 3175 2288 3440 2369; x_wconf 80' lang='grc' dir='ltr'>στήριξον.</span> <span class='ocrx_word' id='word_1_298' title='bbox 3529 2286 3714 2347; x_wconf 77' lang='grc' dir='ltr'>Οὐκέτι</span> <span class='ocrx_word' id='word_1_299' title='bbox 3769 2286 3874 2367; x_wconf 81' lang='grc' dir='ltr'>γάρ</span> 
     </span>
    </p>
   </div>
   <div class='ocr_carea' id='block_1_43' title="bbox 468 2375 2122 2460">
    <p class='ocr_par' dir='ltr' id='par_1_43' title="bbox 468 2375 2122 2458">
     <span class='ocr_line' id='line_1_43' title="bbox 468 2375 2122 2458; baseline -0.003 -15"><span class='ocrx_word' id='word_1_300' title='bbox 468 2378 855 2456; x_wconf 85' lang='lat' dir='ltr'><strong>hortabatur;</strong></span> <span class='ocrx_word' id='word_1_301' title='bbox 888 2384 1012 2440; x_wconf 91' lang='lat' dir='ltr'><strong>tum</strong></span> <span class='ocrx_word' id='word_1_302' title='bbox 1044 2394 1224 2458; x_wconf 89' lang='lat' dir='ltr'><strong>quem</strong></span> <span class='ocrx_word' id='word_1_303' title='bbox 1254 2376 1509 2458; x_wconf 90' lang='lat' dir='ltr'><strong>Spiritus</strong></span> <span class='ocrx_word' id='word_1_304' title='bbox 1552 2375 1657 2439; x_wconf 88' lang='lat' dir='ltr'><strong>ille</strong></span> <span class='ocrx_word' id='word_1_305' title='bbox 1685 2375 2022 2439; x_wconf 89' lang='lat' dir='ltr'><strong>consolator</strong></span> <span class='ocrx_word' id='word_1_306' title='bbox 2048 2375 2122 2438; x_wconf 89' lang='lat' dir='ltr'><strong>ad</strong></span> 
     </span>
    </p>
   </div>
   <div class='ocr_carea' id='block_1_44' title="bbox 2213 2375 3874 2460">
    <p class='ocr_par' dir='ltr' id='par_1_44' title="bbox 2213 2375 3874 2460">
     <span class='ocr_line' id='line_1_44' title="bbox 2213 2375 3874 2460; baseline 0 -29"><span class='ocrx_word' id='word_1_307' title='bbox 2213 2375 2313 2451; x_wconf 78' lang='grc' dir='ltr'>εἶμι</span> <span class='ocrx_word' id='word_1_308' title='bbox 2380 2376 2608 2457; x_wconf 78' lang='grc' dir='ltr'>ποιμὴν,</span> <span class='ocrx_word' id='word_1_309' title='bbox 2678 2378 2974 2455; x_wconf 86' lang='grc' dir='ltr'>ποιμαίνων</span> <span class='ocrx_word' id='word_1_310' title='bbox 3055 2379 3283 2460; x_wconf 81' lang='grc' dir='ltr'>ἀπείρως</span> <span class='ocrx_word' id='word_1_311' title='bbox 3315 2394 3331 2410; x_wconf 84' lang='grc'><strong><em>⁸</em></strong></span> <span class='ocrx_word' id='word_1_312' title='bbox 3422 2375 3560 2436; x_wconf 84' lang='grc' dir='ltr'>ἀλλᾶ</span> <span class='ocrx_word' id='word_1_313' title='bbox 3625 2375 3874 2453; x_wconf 84' lang='grc' dir='ltr'>ποίμνιον</span> 
     </span>
    </p>
   </div>
   <div class='ocr_carea' id='block_1_45' title="bbox 466 2462 2122 2552">
    <p class='ocr_par' dir='ltr' id='par_1_45' title="bbox 466 2463 2121 2552">
     <span class='ocr_line' id='line_1_45' title="bbox 466 2463 2121 2552; baseline -0.005 -19"><span class='ocrx_word' id='word_1_314' title='bbox 466 2468 859 2552; x_wconf 90' lang='lat' dir='ltr'><strong>apostolatum</strong></span> <span class='ocrx_word' id='word_1_315' title='bbox 918 2484 1092 2529; x_wconf 90' lang='lat' dir='ltr'><strong>suum</strong></span> <span class='ocrx_word' id='word_1_316' title='bbox 1142 2465 1498 2546; x_wconf 76' lang='lat' dir='ltr'><strong>segregabit.</strong></span> <span class='ocrx_word' id='word_1_317' title='bbox 1561 2463 1755 2542; x_wconf 89' lang='lat' dir='ltr'><strong>Salve,</strong></span> <span class='ocrx_word' id='word_1_318' title='bbox 1818 2474 2121 2546; x_wconf 89' lang='lat' dir='ltr'><strong>pastorum</strong></span> 
     </span>
    </p>
   </div>
   <div class='ocr_carea' id='block_1_46' title="bbox 2213 2462 3869 2552">
    <p class='ocr_par' dir='ltr' id='par_1_46' title="bbox 2213 2462 3869 2542">
     <span class='ocr_line' id='line_1_46' title="bbox 2213 2462 3869 2542; baseline 0.005 -22"><span class='ocrx_word' id='word_1_319' title='bbox 2213 2462 2336 2539; x_wconf 73' lang='grc' dir='ltr'>ἤδη,</span> <span class='ocrx_word' id='word_1_320' title='bbox 2381 2467 2471 2523; x_wconf 82' lang='grc' dir='ltr'>καὶ</span> <span class='ocrx_word' id='word_1_321' title='bbox 2514 2464 2725 2528; x_wconf 87' lang='grc' dir='ltr'>τέκνον.</span> <span class='ocrx_word' id='word_1_322' title='bbox 2791 2466 2896 2536; x_wconf 81' lang='grc' dir='ltr'><strong>Εἵη</strong></span> <span class='ocrx_word' id='word_1_323' title='bbox 2948 2465 3003 2525; x_wconf 78' lang='grc' dir='ltr'>δὲ</span> <span class='ocrx_word' id='word_1_324' title='bbox 3047 2470 3220 2526; x_wconf 79' lang='grc' dir='ltr'>εἰπεῖν</span> <span class='ocrx_word' id='word_1_325' title='bbox 3272 2468 3363 2525; x_wconf 86' lang='grc' dir='ltr'>καὶ</span> <span class='ocrx_word' id='word_1_326' title='bbox 3414 2463 3712 2542; x_wconf 75' lang='grc' dir='ltr'>ηὔξημένον</span> <span class='ocrx_word' id='word_1_327' title='bbox 3741 2478 3869 2529; x_wconf 70' lang='grc' dir='ltr'>ταῖς</span> 
     </span>
    </p>
   </div>
   <div class='ocr_carea' id='block_1_47' title="bbox 465 2552 2118 2640">
    <p class='ocr_par' dir='ltr' id='par_1_47' title="bbox 465 2552 2118 2640">
     <span class='ocr_line' id='line_1_47' title="bbox 465 2552 2118 2640; baseline -0.004 -18"><span class='ocrx_word' id='word_1_328' title='bbox 465 2559 755 2640; x_wconf 89' lang='lat' dir='ltr'><strong>deinceps</strong></span> <span class='ocrx_word' id='word_1_329' title='bbox 784 2566 845 2620; x_wconf 88' lang='lat' dir='ltr'><strong>et</strong></span> <span class='ocrx_word' id='word_1_330' title='bbox 870 2554 1046 2619; x_wconf 89' lang='lat' dir='ltr'><strong>Pater</strong></span> <span class='ocrx_word' id='word_1_331' title='bbox 1074 2564 1311 2637; x_wconf 90' lang='lat' dir='ltr'><strong>patrum</strong></span> <span class='ocrx_word' id='word_1_332' title='bbox 1347 2575 1361 2618; x_wconf 89' lang='lat'>:</span> <span class='ocrx_word' id='word_1_333' title='bbox 1421 2552 1703 2637; x_wconf 90' lang='lat' dir='ltr'><strong>precibus</strong></span> <span class='ocrx_word' id='word_1_334' title='bbox 1734 2571 1830 2616; x_wconf 92' lang='lat' dir='ltr'><strong>me</strong></span> <span class='ocrx_word' id='word_1_335' title='bbox 1862 2553 1977 2616; x_wconf 90' lang='lat' dir='ltr'><strong>tuis</strong></span> <span class='ocrx_word' id='word_1_336' title='bbox 2006 2552 2118 2615; x_wconf 84' lang='lat' dir='ltr'><strong>de-</strong></span> 
     </span>
    </p>
   </div>
   <div class='ocr_carea' id='block_1_48' title="bbox 462 2641 2118 2728">
    <p class='ocr_par' dir='ltr' id='par_1_48' title="bbox 462 2641 2118 2728">
     <span class='ocr_line' id='line_1_48' title="bbox 462 2641 2118 2728; baseline -0.005 -16"><span class='ocrx_word' id='word_1_337' title='bbox 462 2647 689 2728; x_wconf 85' lang='lat' dir='ltr'><strong>ducito,</strong></span> <span class='ocrx_word' id='word_1_338' title='bbox 719 2654 938 2728; x_wconf 88' lang='lat' dir='ltr'><strong>tuoque</strong></span> <span class='ocrx_word' id='word_1_339' title='bbox 965 2644 1087 2707; x_wconf 84' lang='lat' dir='ltr'><strong>sive</strong></span> <span class='ocrx_word' id='word_1_340' title='bbox 1116 2643 1463 2727; x_wconf 87' lang='lat' dir='ltr'><strong>pastoricio,</strong></span> <span class='ocrx_word' id='word_1_341' title='bbox 1513 2642 1638 2708; x_wconf 86' lang='lat' dir='ltr'><strong>sive</strong></span> <span class='ocrx_word' id='word_1_342' title='bbox 1687 2650 1933 2725; x_wconf 89' lang='lat' dir='ltr'><strong>paterno</strong></span> <span class='ocrx_word' id='word_1_343' title='bbox 1965 2641 2118 2723; x_wconf 92' lang='lat' dir='ltr'><strong>pedo</strong></span> 
     </span>
    </p>
   </div>
   <div class='ocr_carea' id='block_1_49' title="bbox 468 2734 2116 2817">
    <p class='ocr_par' dir='ltr' id='par_1_49' title="bbox 468 2734 2116 2817">
     <span class='ocr_line' id='line_1_49' title="bbox 468 2734 2116 2817; baseline -0.004 -16"><span class='ocrx_word' id='word_1_344' title='bbox 468 2756 566 2801; x_wconf 91' lang='lat' dir='ltr'><strong>me</strong></span> <span class='ocrx_word' id='word_1_345' title='bbox 595 2738 823 2801; x_wconf 84' lang='lat' dir='ltr'><strong>fulcite.</strong></span> <span class='ocrx_word' id='word_1_346' title='bbox 849 2734 1078 2817; x_wconf 89' lang='lat' dir='ltr'><strong>Quippe</strong></span> <span class='ocrx_word' id='word_1_347' title='bbox 1108 2754 1229 2797; x_wconf 92' lang='lat' dir='ltr'><strong>non</strong></span> <span class='ocrx_word' id='word_1_348' title='bbox 1279 2742 1400 2797; x_wconf 90' lang='lat' dir='ltr'><strong>tam</strong></span> <span class='ocrx_word' id='word_1_349' title='bbox 1455 2754 1562 2815; x_wconf 82' lang='lat' dir='ltr'><strong>ego</strong></span> <span class='ocrx_word' id='word_1_350' title='bbox 1593 2741 1795 2815; x_wconf 86' lang='lat' dir='ltr'><strong>pastor</strong></span> <span class='ocrx_word' id='word_1_351' title='bbox 1823 2752 1954 2796; x_wconf 91' lang='lat' dir='ltr'><strong>sum</strong></span> <span class='ocrx_word' id='word_1_352' title='bbox 1983 2752 2116 2796; x_wconf 90' lang='lat' dir='ltr'><strong>am-</strong></span> 
     </span>
    </p>
   </div>
   <div class='ocr_carea' id='block_1_50' title="bbox 467 2822 2116 2911">
    <p class='ocr_par' dir='ltr' id='par_1_50' title="bbox 467 2822 2116 2911">
     <span class='ocr_line' id='line_1_50' title="bbox 467 2822 2116 2911; baseline -0.002 -22"><span class='ocrx_word' id='word_1_353' title='bbox 467 2826 648 2911; x_wconf 83' lang='lat' dir='ltr'><strong>plius,</strong></span> <span class='ocrx_word' id='word_1_354' title='bbox 688 2825 789 2908; x_wconf 91' lang='lat' dir='ltr'><strong>qui</strong></span> <span class='ocrx_word' id='word_1_355' title='bbox 821 2842 1069 2888; x_wconf 91' lang='lat' dir='ltr'><strong>munere</strong></span> <span class='ocrx_word' id='word_1_356' title='bbox 1103 2824 1356 2906; x_wconf 90' lang='lat' dir='ltr'><strong>pastoris</strong></span> <span class='ocrx_word' id='word_1_357' title='bbox 1385 2824 1663 2907; x_wconf 90' lang='lat' dir='ltr'><strong>imperite</strong></span> <span class='ocrx_word' id='word_1_358' title='bbox 1693 2822 1983 2903; x_wconf 72' lang='lat' dir='ltr'><strong>iungebat</strong></span> <span class='ocrx_word' id='word_1_359' title='bbox 2010 2822 2116 2886; x_wconf 90' lang='lat' dir='ltr'><strong>sed</strong></span> 
     </span>
    </p>
   </div>
   <div class='ocr_carea' id='block_1_51' title="bbox 468 2912 2123 2998">
    <p class='ocr_par' dir='ltr' id='par_1_51' title="bbox 468 2912 2123 2998">
     <span class='ocr_line' id='line_1_51' title="bbox 468 2912 2123 2998; baseline -0.004 -18"><span class='ocrx_word' id='word_1_360' title='bbox 468 2917 719 2998; x_wconf 90' lang='lat' dir='ltr'><strong>ovicula,</strong></span> <span class='ocrx_word' id='word_1_361' title='bbox 761 2914 866 2978; x_wconf 91' lang='lat' dir='ltr'><strong>sed</strong></span> <span class='ocrx_word' id='word_1_362' title='bbox 892 2913 1074 2978; x_wconf 91' lang='lat' dir='ltr'><strong>ﬁlius.</strong></span> <span class='ocrx_word' id='word_1_363' title='bbox 1107 2914 1302 2996; x_wconf 85' lang='lat' dir='ltr'><strong>Atque</strong></span> <span class='ocrx_word' id='word_1_364' title='bbox 1357 2914 1584 2977; x_wconf 89' lang='lat' dir='ltr'><strong>utinam</strong></span> <span class='ocrx_word' id='word_1_365' title='bbox 1641 2913 1863 2976; x_wconf 87' lang='lat' dir='ltr'><strong>addere</strong></span> <span class='ocrx_word' id='word_1_366' title='bbox 1921 2912 2123 2993; x_wconf 90' lang='lat' dir='ltr'><strong>liceat,</strong></span> 
     </span>
    </p>
   </div>
   <div class='ocr_carea' id='block_1_52' title="bbox 466 3002 2127 3076">
    <p class='ocr_par' dir='ltr' id='par_1_52' title="bbox 466 3002 2127 3076">
     <span class='ocr_line' id='line_1_52' title="bbox 466 3002 2127 3076; baseline -0.003 -8"><span class='ocrx_word' id='word_1_367' title='bbox 466 3014 678 3071; x_wconf 89' lang='lat' dir='ltr'><strong>auctus</strong></span> <span class='ocrx_word' id='word_1_368' title='bbox 709 3004 925 3069; x_wconf 82' lang='lat' dir='ltr'><strong>divinis</strong></span> <span class='ocrx_word' id='word_1_369' title='bbox 973 3002 1498 3067; x_wconf 81' lang='lat' dir='ltr'><strong>benedictionibus</strong></span> <span class='ocrx_word' id='word_1_370' title='bbox 1527 3002 1667 3076; x_wconf 91' lang='lat' dir='ltr'><strong>tuis,</strong></span> <span class='ocrx_word' id='word_1_371' title='bbox 1704 3010 1764 3066; x_wconf 90' lang='lat' dir='ltr'><strong>et</strong></span> <span class='ocrx_word' id='word_1_372' title='bbox 1792 3003 1853 3064; x_wconf 90' lang='lat' dir='ltr'><strong>in</strong></span> <span class='ocrx_word' id='word_1_373' title='bbox 1883 3010 2127 3065; x_wconf 87' lang='lat' dir='ltr'><strong>senecta</strong></span> 
     </span>
    </p>
   </div>
   <div class='ocr_carea' id='block_1_53' title="bbox 468 3088 2123 3178">
    <p class='ocr_par' dir='ltr' id='par_1_53' title="bbox 468 3088 2123 3178">
     <span class='ocr_line' id='line_1_53' title="bbox 468 3088 2123 3178; baseline -0.003 -20"><span class='ocrx_word' id='word_1_374' title='bbox 468 3094 790 3178; x_wconf 87' lang='lat' dir='ltr'><strong>proﬁciens</strong></span> <span class='ocrx_word' id='word_1_375' title='bbox 818 3093 1016 3172; x_wconf 80' lang='lat' dir='ltr'><strong>vigore</strong></span> <span class='ocrx_word' id='word_1_376' title='bbox 1067 3092 1555 3174; x_wconf 87' lang='lat' dir='ltr'><strong>perfectioneque</strong></span> <span class='ocrx_word' id='word_1_377' title='bbox 1580 3088 1832 3154; x_wconf 73' lang='lat' dir='ltr'><strong>virtutis.</strong></span> <span class='ocrx_word' id='word_1_378' title='bbox 1869 3089 2123 3165; x_wconf 87' lang='lat' dir='ltr'><strong>Salvete,</strong></span> 
     </span>
    </p>
   </div>
   <div class='ocr_carea' id='block_1_54' title="bbox 467 3180 2123 3264">
    <p class='ocr_par' dir='ltr' id='par_1_54' title="bbox 467 3180 2123 3264">
     <span class='ocr_line' id='line_1_54' title="bbox 467 3180 2123 3264; baseline -0.004 -18"><span class='ocrx_word' id='word_1_379' title='bbox 467 3204 573 3247; x_wconf 91' lang='lat' dir='ltr'><strong>vos</strong></span> <span class='ocrx_word' id='word_1_380' title='bbox 599 3184 800 3260; x_wconf 90' lang='lat' dir='ltr'><strong>etiam,</strong></span> <span class='ocrx_word' id='word_1_381' title='bbox 832 3181 1036 3245; x_wconf 90' lang='lat' dir='ltr'><strong>astites</strong></span> <span class='ocrx_word' id='word_1_382' title='bbox 1054 3200 1277 3245; x_wconf 68' lang='lat' dir='ltr'><strong>mensae</strong></span> <span class='ocrx_word' id='word_1_383' title='bbox 1300 3182 1580 3264; x_wconf 82' lang='lat' dir='ltr'><strong>mysticae,</strong></span> <span class='ocrx_word' id='word_1_384' title='bbox 1612 3180 1752 3244; x_wconf 90' lang='lat' dir='ltr'><strong>acin</strong></span> <span class='ocrx_word' id='word_1_385' title='bbox 1769 3181 2123 3243; x_wconf 89' lang='lat' dir='ltr'><strong>hodiernum</strong></span> 
     </span>
    </p>
   </div>
   <div class='ocr_carea' id='block_1_55' title="bbox 472 3245 2185 3356">
    <p class='ocr_par' dir='ltr' id='par_1_55' title="bbox 472 3245 2185 3356">
     <span class='ocr_line' id='line_1_55' title="bbox 472 3245 2185 3356; baseline -0.005 -18"><span class='ocrx_word' id='word_1_386' title='bbox 472 3292 665 3356; x_wconf 87' lang='lat' dir='ltr'><strong>usque</strong></span> <span class='ocrx_word' id='word_1_387' title='bbox 695 3245 857 3335; x_wconf 73' lang='lat' dir='ltr'><strong>diem</strong></span> <span class='ocrx_word' id='word_1_388' title='bbox 888 3269 1037 3333; x_wconf 88' lang='lat' dir='ltr'><strong>socii</strong></span> <span class='ocrx_word' id='word_1_389' title='bbox 1070 3278 1128 3332; x_wconf 91' lang='lat' dir='ltr'><strong>et</strong></span> <span class='ocrx_word' id='word_1_390' title='bbox 1159 3245 1468 3334; x_wconf 67' lang='lat' dir='ltr'><strong>consortes</strong></span> <span class='ocrx_word' id='word_1_391' title='bbox 1527 3245 1671 3334; x_wconf 71' lang='lat' dir='ltr'><strong>niei.</strong></span> <span class='ocrx_word' id='word_1_392' title='bbox 1720 3269 1975 3332; x_wconf 88' lang='lat' dir='ltr'><strong>Posthac</strong></span> <span class='ocrx_word' id='word_1_393' title='bbox 2006 3287 2126 3331; x_wconf 88' lang='lat' dir='ltr'><strong>non</strong></span> <span class='ocrx_word' id='word_1_394' title='bbox 2145 3245 2185 3295; x_wconf 66' lang='grc' dir='ltr'><strong>θ</strong></span> 
     </span>
    </p>
   </div>
   <div class='ocr_carea' id='block_1_56' title="bbox 468 3357 2126 3425">
    <p class='ocr_par' dir='ltr' id='par_1_56' title="bbox 468 3357 2126 3425">
     <span class='ocr_line' id='line_1_56' title="bbox 468 3357 2126 3425; baseline -0.004 0"><span class='ocrx_word' id='word_1_395' title='bbox 468 3361 670 3425; x_wconf 90' lang='lat' dir='ltr'><strong>bibam</strong></span> <span class='ocrx_word' id='word_1_396' title='bbox 699 3359 1001 3425; x_wconf 89' lang='lat' dir='ltr'><strong>vobiscum</strong></span> <span class='ocrx_word' id='word_1_397' title='bbox 1030 3358 1106 3421; x_wconf 92' lang='lat' dir='ltr'><strong>de</strong></span> <span class='ocrx_word' id='word_1_398' title='bbox 1151 3359 1263 3423; x_wconf 89' lang='lat' dir='ltr'><strong>hac</strong></span> <span class='ocrx_word' id='word_1_399' title='bbox 1291 3359 1425 3422; x_wconf 65' lang='lat' dir='ltr'><strong>vitae</strong></span> <span class='ocrx_word' id='word_1_400' title='bbox 1470 3358 1828 3422; x_wconf 89' lang='lat' dir='ltr'><strong>intellectili.</strong></span> <span class='ocrx_word' id='word_1_401' title='bbox 1862 3357 2126 3421; x_wconf 90' lang='lat' dir='ltr'><strong>Memen-</strong></span> 
     </span>
    </p>
   </div>
   <div class='ocr_carea' id='block_1_57' title="bbox 470 3446 2129 3530">
    <p class='ocr_par' dir='ltr' id='par_1_57' title="bbox 470 3446 2129 3530">
     <span class='ocr_line' id='line_1_57' title="bbox 470 3446 2129 3530; baseline -0.002 -18"><span class='ocrx_word' id='word_1_402' title='bbox 470 3457 595 3514; x_wconf 87' lang='lat' dir='ltr'><strong>tote</strong></span> <span class='ocrx_word' id='word_1_403' title='bbox 628 3451 744 3513; x_wconf 91' lang='lat' dir='ltr'><strong>mei</strong></span> <span class='ocrx_word' id='word_1_404' title='bbox 775 3448 988 3513; x_wconf 89' lang='lat' dir='ltr'><strong>vestris</strong></span> <span class='ocrx_word' id='word_1_405' title='bbox 1015 3446 1078 3508; x_wconf 92' lang='lat' dir='ltr'><strong>in</strong></span> <span class='ocrx_word' id='word_1_406' title='bbox 1128 3449 1429 3530; x_wconf 89' lang='lat' dir='ltr'><strong>precibus,</strong></span> <span class='ocrx_word' id='word_1_407' title='bbox 1461 3455 1546 3525; x_wconf 93' lang='lat' dir='ltr'><strong>ut,</strong></span> <span class='ocrx_word' id='word_1_408' title='bbox 1573 3446 1806 3510; x_wconf 90' lang='lat' dir='ltr'><strong>tametsi</strong></span> <span class='ocrx_word' id='word_1_409' title='bbox 1833 3466 1866 3510; x_wconf 91' lang='lat' dir='ltr'><strong>a</strong></span> <span class='ocrx_word' id='word_1_410' title='bbox 1886 3465 2129 3509; x_wconf 90' lang='lat' dir='ltr'><strong>consor-</strong></span> 
     </span>
    </p>
   </div>
   <div class='ocr_carea' id='block_1_58' title="bbox 472 3535 2124 3619">
    <p class='ocr_par' dir='ltr' id='par_1_58' title="bbox 472 3535 2124 3619">
     <span class='ocr_line' id='line_1_58' title="bbox 472 3535 2124 3619; baseline -0.002 -18"><span class='ocrx_word' id='word_1_411' title='bbox 472 3539 555 3601; x_wconf 89' lang='lat' dir='ltr'><strong>tio</strong></span> <span class='ocrx_word' id='word_1_412' title='bbox 584 3547 781 3604; x_wconf 90' lang='lat' dir='ltr'><strong>vestro</strong></span> <span class='ocrx_word' id='word_1_413' title='bbox 813 3545 993 3618; x_wconf 90' lang='lat' dir='ltr'><strong>atque</strong></span> <span class='ocrx_word' id='word_1_414' title='bbox 1020 3535 1093 3598; x_wconf 85' lang='lat' dir='ltr'><strong>ab</strong></span> <span class='ocrx_word' id='word_1_415' title='bbox 1124 3537 1226 3599; x_wconf 90' lang='lat' dir='ltr'><strong>illa</strong></span> <span class='ocrx_word' id='word_1_416' title='bbox 1264 3536 1533 3619; x_wconf 90' lang='lat' dir='ltr'><strong>jucunda</strong></span> <span class='ocrx_word' id='word_1_417' title='bbox 1556 3544 1613 3599; x_wconf 93' lang='lat' dir='ltr'><strong>et</strong></span> <span class='ocrx_word' id='word_1_418' title='bbox 1638 3535 1943 3618; x_wconf 87' lang='lat' dir='ltr'><strong>spirituali</strong></span> <span class='ocrx_word' id='word_1_419' title='bbox 1971 3554 2124 3599; x_wconf 91' lang='lat' dir='ltr'><strong>con-</strong></span> 
     </span>
    </p>
   </div>
   <div class='ocr_carea' id='block_1_59' title="bbox 465 3624 2125 3703">
    <p class='ocr_par' dir='ltr' id='par_1_59' title="bbox 465 3624 2125 3703">
     <span class='ocr_line' id='line_1_59' title="bbox 465 3624 2125 3703; baseline -0.001 -15"><span class='ocrx_word' id='word_1_420' title='bbox 465 3628 806 3692; x_wconf 88' lang='lat' dir='ltr'><strong>versatione</strong></span> <span class='ocrx_word' id='word_1_421' title='bbox 834 3643 992 3689; x_wconf 91' lang='lat' dir='ltr'><strong>nunc</strong></span> <span class='ocrx_word' id='word_1_422' title='bbox 1023 3624 1263 3689; x_wconf 90' lang='lat' dir='ltr'><strong>avulsus</strong></span> <span class='ocrx_word' id='word_1_423' title='bbox 1295 3627 1432 3703; x_wconf 89' lang='lat' dir='ltr'><strong>sim,</strong></span> <span class='ocrx_word' id='word_1_424' title='bbox 1479 3625 1784 3689; x_wconf 89' lang='lat' dir='ltr'><strong>vobiscum</strong></span> <span class='ocrx_word' id='word_1_425' title='bbox 1837 3633 2032 3688; x_wconf 91' lang='lat' dir='ltr'><strong>tamen</strong></span> <span class='ocrx_word' id='word_1_426' title='bbox 2063 3625 2125 3687; x_wconf 92' lang='lat' dir='ltr'><strong>in</strong></span> 
     </span>
    </p>
   </div>
   <div class='ocr_carea' id='block_1_60' title="bbox 466 3713 2126 3798">
    <p class='ocr_par' dir='ltr' id='par_1_60' title="bbox 466 3713 2126 3798">
     <span class='ocr_line' id='line_1_60' title="bbox 466 3713 2126 3798; baseline -0.002 -18"><span class='ocrx_word' id='word_1_427' title='bbox 466 3734 655 3798; x_wconf 79' lang='lat' dir='ltr'><strong>regno</strong></span> <span class='ocrx_word' id='word_1_428' title='bbox 685 3715 974 3781; x_wconf 77' lang='lat' dir='ltr'><strong>ccelorum</strong></span> <span class='ocrx_word' id='word_1_429' title='bbox 1028 3732 1099 3777; x_wconf 92' lang='lat' dir='ltr'><strong>eo</strong></span> <span class='ocrx_word' id='word_1_430' title='bbox 1157 3723 1299 3797; x_wconf 89' lang='lat' dir='ltr'><strong>potu</strong></span> <span class='ocrx_word' id='word_1_431' title='bbox 1354 3714 1679 3778; x_wconf 88' lang='lat' dir='ltr'><strong>recentiori</strong></span> <span class='ocrx_word' id='word_1_432' title='bbox 1733 3713 1919 3777; x_wconf 85' lang='lat' dir='ltr'><strong>fruar.</strong></span> <span class='ocrx_word' id='word_1_433' title='bbox 1974 3715 2126 3778; x_wconf 88' lang='lat' dir='ltr'><strong>Ante</strong></span> 
     </span>
    </p>
   </div>
   <div class='ocr_carea' id='block_1_61' title="bbox 463 3803 2128 3888">
    <p class='ocr_par' dir='ltr' id='par_1_61' title="bbox 463 3803 2128 3888">
     <span class='ocr_line' id='line_1_61' title="bbox 463 3803 2128 3888; baseline -0.001 -20"><span class='ocrx_word' id='word_1_434' title='bbox 463 3806 668 3868; x_wconf 91' lang='lat' dir='ltr'><strong>omnia</strong></span> <span class='ocrx_word' id='word_1_435' title='bbox 684 3823 851 3888; x_wconf 88' lang='lat' dir='ltr'><strong>vero,</strong></span> <span class='ocrx_word' id='word_1_436' title='bbox 878 3810 936 3866; x_wconf 93' lang='lat' dir='ltr'><strong>et</strong></span> <span class='ocrx_word' id='word_1_437' title='bbox 956 3820 1137 3884; x_wconf 90' lang='lat' dir='ltr'><strong>supra</strong></span> <span class='ocrx_word' id='word_1_438' title='bbox 1159 3822 1390 3880; x_wconf 89' lang='lat' dir='ltr'><strong>omnes,</strong></span> <span class='ocrx_word' id='word_1_439' title='bbox 1414 3803 1597 3881; x_wconf 91' lang='lat' dir='ltr'><strong>salve,</strong></span> <span class='ocrx_word' id='word_1_440' title='bbox 1624 3810 1686 3866; x_wconf 89' lang='lat' dir='ltr'><strong>tu</strong></span> <span class='ocrx_word' id='word_1_441' title='bbox 1706 3821 1966 3885; x_wconf 92' lang='lat' dir='ltr'><strong>quoque,</strong></span> <span class='ocrx_word' id='word_1_442' title='bbox 1983 3803 2128 3866; x_wconf 85' lang='lat' dir='ltr'><strong>fide-</strong></span> 
     </span>
    </p>
   </div>
   <div class='ocr_carea' id='block_1_62' title="bbox 2205 2552 3871 2639">
    <p class='ocr_par' dir='ltr' id='par_1_62' title="bbox 2205 2552 3871 2639">
     <span class='ocr_line' id='line_1_62' title="bbox 2205 2552 3871 2639; baseline 0.001 -29"><span class='ocrx_word' id='word_1_443' title='bbox 2205 2566 2329 2617; x_wconf 84' lang='grc' dir='ltr'>σαϊς</span> <span class='ocrx_word' id='word_1_444' title='bbox 2374 2552 2637 2634; x_wconf 74' lang='grc' dir='ltr'>εὐλογίαις</span> <span class='ocrx_word' id='word_1_445' title='bbox 2678 2557 2815 2617; x_wconf 82' lang='grc' dir='ltr'>κατὰ</span> <span class='ocrx_word' id='word_1_446' title='bbox 2878 2558 3032 2634; x_wconf 81' lang='grc' dir='ltr'>Θεὸν,</span> <span class='ocrx_word' id='word_1_447' title='bbox 3091 2558 3180 2615; x_wconf 84' lang='grc' dir='ltr'><strong>καὶ</strong></span> <span class='ocrx_word' id='word_1_448' title='bbox 3249 2558 3303 2614; x_wconf 80' lang='grc' dir='ltr'>ἐν</span> <span class='ocrx_word' id='word_1_449' title='bbox 3359 2558 3500 2639; x_wconf 70' lang='grc' dir='ltr'>γήρα</span> <span class='ocrx_word' id='word_1_450' title='bbox 3567 2555 3871 2637; x_wconf 83' lang='grc' dir='ltr'>προκόπτον</span> 
     </span>
    </p>
   </div>
   <div class='ocr_carea' id='block_1_63' title="bbox 2201 2641 3868 2725">
    <p class='ocr_par' dir='ltr' id='par_1_63' title="bbox 2201 2641 3868 2725">
     <span class='ocr_line' id='line_1_63' title="bbox 2201 2641 3868 2725; baseline 0.001 -26"><span class='ocrx_word' id='word_1_451' title='bbox 2201 2643 2301 2710; x_wconf 68' lang='grc' dir='ltr'>τὴν</span> <span class='ocrx_word' id='word_1_452' title='bbox 2357 2641 2479 2700; x_wconf 87' lang='grc' dir='ltr'>κατ’</span> <span class='ocrx_word' id='word_1_453' title='bbox 2544 2643 2738 2725; x_wconf 78' lang='grc' dir='ltr'>ἀρετὴν</span> <span class='ocrx_word' id='word_1_454' title='bbox 2792 2645 2972 2722; x_wconf 81' lang='grc' dir='ltr'>ἀκμὴν</span> <span class='ocrx_word' id='word_1_455' title='bbox 3029 2647 3120 2706; x_wconf 87' lang='grc' dir='ltr'>καὶ</span> <span class='ocrx_word' id='word_1_456' title='bbox 3173 2645 3470 2709; x_wconf 87' lang='grc' dir='ltr'>τελείωσιν,</span> <span class='ocrx_word' id='word_1_457' title='bbox 3536 2644 3755 2724; x_wconf 75' lang='grc' dir='ltr'>Χαίρετε</span> <span class='ocrx_word' id='word_1_458' title='bbox 3812 2642 3868 2700; x_wconf 77' lang='grc' dir='ltr'><em>δὲ</em></span> 
     </span>
    </p>
   </div>
   <div class='ocr_carea' id='block_1_64' title="bbox 2198 2732 3867 2814">
    <p class='ocr_par' dir='ltr' id='par_1_64' title="bbox 2198 2732 3867 2814">
     <span class='ocr_line' id='line_1_64' title="bbox 2198 2732 3867 2814; baseline 0.005 -25"><span class='ocrx_word' id='word_1_459' title='bbox 2198 2732 2287 2789; x_wconf 79' lang='grc' dir='ltr'><strong>καὶ</strong></span> <span class='ocrx_word' id='word_1_460' title='bbox 2332 2732 2510 2808; x_wconf 73' lang='grc' dir='ltr'>ὑμεῖς,</span> <span class='ocrx_word' id='word_1_461' title='bbox 2581 2736 2628 2791; x_wconf 77' lang='grc' dir='ltr'>οἱ</span> <span class='ocrx_word' id='word_1_462' title='bbox 2680 2734 2776 2803; x_wconf 79' lang='grc' dir='ltr'><strong>τῆς</strong></span> <span class='ocrx_word' id='word_1_463' title='bbox 2840 2741 3100 2813; x_wconf 80' lang='grc' dir='ltr'>μυστικῆς</span> <span class='ocrx_word' id='word_1_464' title='bbox 3173 2734 3502 2810; x_wconf 79' lang='grc' dir='ltr'>παραστάται</span> <span class='ocrx_word' id='word_1_465' title='bbox 3570 2732 3867 2814; x_wconf 82' lang='grc' dir='ltr'>τραπέζης,</span> 
     </span>
    </p>
   </div>
   <div class='ocr_carea' id='block_1_65' title="bbox 2205 2818 3870 2905">
    <p class='ocr_par' dir='ltr' id='par_1_65' title="bbox 2205 2818 3870 2905">
     <span class='ocr_line' id='line_1_65' title="bbox 2205 2818 3870 2905; baseline 0.001 -29"><span class='ocrx_word' id='word_1_466' title='bbox 2205 2821 2292 2876; x_wconf 83' lang='grc' dir='ltr'>καὶ</span> <span class='ocrx_word' id='word_1_467' title='bbox 2333 2818 2435 2884; x_wconf 76' lang='grc' dir='ltr'>ἕως</span> <span class='ocrx_word' id='word_1_468' title='bbox 2489 2826 2591 2889; x_wconf 75' lang='grc' dir='ltr'>τῆς</span> <span class='ocrx_word' id='word_1_469' title='bbox 2666 2824 2900 2904; x_wconf 76' lang='grc' dir='ltr'>σήμερον</span> <span class='ocrx_word' id='word_1_470' title='bbox 2958 2826 3301 2905; x_wconf 87' lang='grc' dir='ltr'>συγκοινωνοί</span> <span class='ocrx_word' id='word_1_471' title='bbox 3370 2846 3473 2901; x_wconf 91' lang='grc' dir='ltr'><strong>μου</strong></span> <span class='ocrx_word' id='word_1_472' title='bbox 3527 2825 3617 2881; x_wconf 84' lang='grc' dir='ltr'><strong>καὶ</strong></span> <span class='ocrx_word' id='word_1_473' title='bbox 3659 2844 3870 2899; x_wconf 85' lang='grc' dir='ltr'>συμμε-</span> 
     </span>
    </p>
   </div>
   <div class='ocr_carea' id='block_1_66' title="bbox 2206 2906 3871 2994">
    <p class='ocr_par' dir='ltr' id='par_1_66' title="bbox 2206 2906 3871 2994">
     <span class='ocr_line' id='line_1_66' title="bbox 2206 2906 3871 2994; baseline 0.006 -28"><span class='ocrx_word' id='word_1_474' title='bbox 2206 2910 2368 2991; x_wconf 86' lang='grc' dir='ltr'>ρίται.</span> <span class='ocrx_word' id='word_1_475' title='bbox 2427 2906 2653 2992; x_wconf 77' lang='grc' dir='ltr'>Ἀπάρτι</span> <span class='ocrx_word' id='word_1_476' title='bbox 2714 2914 2814 2994; x_wconf 80' lang='grc' dir='ltr'><strong>γὰρ</strong></span> <span class='ocrx_word' id='word_1_477' title='bbox 2869 2915 2930 2972; x_wconf 72' lang='grc' dir='ltr'>οὗ</span> <span class='ocrx_word' id='word_1_478' title='bbox 2985 2915 3064 2991; x_wconf 80' lang='grc' dir='ltr'><strong>μὴ</strong></span> <span class='ocrx_word' id='word_1_479' title='bbox 3122 2915 3226 2973; x_wconf 87' lang='grc' dir='ltr'><strong>πίω</strong></span> <span class='ocrx_word' id='word_1_480' title='bbox 3279 2914 3395 2992; x_wconf 80' lang='grc' dir='ltr'>μεθ’</span> <span class='ocrx_word' id='word_1_481' title='bbox 3435 2915 3581 2989; x_wconf 78' lang='grc' dir='ltr'>ὑμῶν</span> <span class='ocrx_word' id='word_1_482' title='bbox 3646 2913 3706 2969; x_wconf 79' lang='grc' dir='ltr'>ἐκ</span> <span class='ocrx_word' id='word_1_483' title='bbox 3767 2916 3871 2981; x_wconf 75' lang='grc' dir='ltr'>τῆς</span> 
     </span>
    </p>
   </div>
   <div class='ocr_carea' id='block_1_67' title="bbox 2206 2998 3870 3081">
    <p class='ocr_par' dir='ltr' id='par_1_67' title="bbox 2206 2998 3870 3081">
     <span class='ocr_line' id='line_1_67' title="bbox 2206 2998 3870 3081; baseline 0.001 -26"><span class='ocrx_word' id='word_1_484' title='bbox 2206 2998 2448 3076; x_wconf 76' lang='grc' dir='ltr'>ἀμπέλου</span> <span class='ocrx_word' id='word_1_485' title='bbox 2502 3002 2701 3070; x_wconf 84' lang='grc' dir='ltr'>ταύτης</span> <span class='ocrx_word' id='word_1_486' title='bbox 2752 3008 2853 3071; x_wconf 79' lang='grc' dir='ltr'>τῆς</span> <span class='ocrx_word' id='word_1_487' title='bbox 2907 3009 3127 3072; x_wconf 78' lang='grc' dir='ltr'>νοητῆς.</span> <span class='ocrx_word' id='word_1_488' title='bbox 3179 3006 3277 3062; x_wconf 79' lang='grc' dir='ltr'>Καὶ</span> <span class='ocrx_word' id='word_1_489' title='bbox 3320 3001 3590 3081; x_wconf 86' lang='grc' dir='ltr'>μέμνησθέ</span> <span class='ocrx_word' id='word_1_490' title='bbox 3641 3023 3743 3078; x_wconf 89' lang='grc' dir='ltr'><strong>μου</strong></span> <span class='ocrx_word' id='word_1_491' title='bbox 3815 3002 3870 3057; x_wconf 83' lang='grc' dir='ltr'>ἐν</span> 
     </span>
    </p>
   </div>
   <div class='ocr_carea' id='block_1_68' title="bbox 2207 3090 3866 3171">
    <p class='ocr_par' dir='ltr' id='par_1_68' title="bbox 2207 3090 3866 3171">
     <span class='ocr_line' id='line_1_68' title="bbox 2207 3090 3866 3171; baseline 0.001 -26"><span class='ocrx_word' id='word_1_492' title='bbox 2207 3102 2327 3152; x_wconf 74' lang='grc' dir='ltr'>ταῖς</span> <span class='ocrx_word' id='word_1_493' title='bbox 2362 3091 2576 3171; x_wconf 71' lang='grc' dir='ltr'>εὐχαῖς,</span> <span class='ocrx_word' id='word_1_494' title='bbox 2624 3091 2717 3148; x_wconf 84' lang='grc' dir='ltr'>’ίνα</span> <span class='ocrx_word' id='word_1_495' title='bbox 2775 3094 2819 3148; x_wconf 77' lang='grc' dir='ltr'>εἷ</span> <span class='ocrx_word' id='word_1_496' title='bbox 2875 3092 2965 3149; x_wconf 83' lang='grc' dir='ltr'><strong>καὶ</strong></span> <span class='ocrx_word' id='word_1_497' title='bbox 3021 3098 3121 3161; x_wconf 80' lang='grc' dir='ltr'>τῆς</span> <span class='ocrx_word' id='word_1_498' title='bbox 3164 3096 3311 3171; x_wconf 78' lang='grc' dir='ltr'>ὐμῶν</span> <span class='ocrx_word' id='word_1_499' title='bbox 3342 3090 3610 3159; x_wconf 81' lang='grc' dir='ltr'>ξυναυλίας</span> <span class='ocrx_word' id='word_1_500' title='bbox 3653 3090 3866 3159; x_wconf 73' lang='grc' dir='ltr'>καὶτῆς</span> 
     </span>
    </p>
   </div>
   <div class='ocr_carea' id='block_1_69' title="bbox 2209 3176 3862 3258">
    <p class='ocr_par' dir='ltr' id='par_1_69' title="bbox 2209 3176 3862 3258">
     <span class='ocr_line' id='line_1_69' title="bbox 2209 3176 3862 3258; baseline 0.002 -25"><span class='ocrx_word' id='word_1_501' title='bbox 2209 3176 2365 3258; x_wconf 80' lang='grc' dir='ltr'>φίλης</span> <span class='ocrx_word' id='word_1_502' title='bbox 2436 3180 2525 3238; x_wconf 84' lang='grc' dir='ltr'><strong>καὶ</strong></span> <span class='ocrx_word' id='word_1_503' title='bbox 2571 3186 2935 3257; x_wconf 81' lang='grc' dir='ltr'>πνευματικῆς</span> <span class='ocrx_word' id='word_1_504' title='bbox 2992 3179 3195 3250; x_wconf 83' lang='grc' dir='ltr'>διαίτης</span> <span class='ocrx_word' id='word_1_505' title='bbox 3276 3181 3489 3245; x_wconf 83' lang='grc' dir='ltr'>τωτέως</span> <span class='ocrx_word' id='word_1_506' title='bbox 3561 3179 3862 3258; x_wconf 78' lang='grc' dir='ltr'>ἀπέρῤωγα,</span> 
     </span>
    </p>
   </div>
   <div class='ocr_carea' id='block_1_70' title="bbox 2208 3265 3865 3351">
    <p class='ocr_par' dir='ltr' id='par_1_70' title="bbox 2208 3265 3865 3351">
     <span class='ocr_line' id='line_1_70' title="bbox 2208 3265 3865 3351; baseline 0 -27"><span class='ocrx_word' id='word_1_507' title='bbox 2208 3265 2331 3324; x_wconf 83' lang='grc' dir='ltr'>ἀλλ’</span> <span class='ocrx_word' id='word_1_508' title='bbox 2372 3268 2427 3325; x_wconf 85' lang='grc' dir='ltr'>ἐν</span> <span class='ocrx_word' id='word_1_509' title='bbox 2495 3275 2562 3346; x_wconf 82' lang='grc' dir='ltr'><strong>τῇ</strong></span> <span class='ocrx_word' id='word_1_510' title='bbox 2617 3268 2856 3348; x_wconf 79' lang='grc' dir='ltr'>βασιλείᾳ</span> <span class='ocrx_word' id='word_1_511' title='bbox 2905 3276 3011 3327; x_wconf 84' lang='grc' dir='ltr'><strong>τῶν</strong></span> <span class='ocrx_word' id='word_1_512' title='bbox 3067 3274 3299 3351; x_wconf 73' lang='grc' dir='ltr'>οὐρανῶν</span> <span class='ocrx_word' id='word_1_513' title='bbox 3354 3274 3460 3329; x_wconf 88' lang='grc' dir='ltr'><strong>πίω</strong></span> <span class='ocrx_word' id='word_1_514' title='bbox 3532 3276 3690 3328; x_wconf 71' lang='grc' dir='ltr'>τοῦτο</span> <span class='ocrx_word' id='word_1_515' title='bbox 3750 3269 3865 3345; x_wconf 89' lang='grc' dir='ltr'>μεθ’</span> 
     </span>
    </p>
   </div>
   <div class='ocr_carea' id='block_1_71' title="bbox 2207 3358 3869 3442">
    <p class='ocr_par' dir='ltr' id='par_1_71' title="bbox 2207 3358 3869 3442">
     <span class='ocr_line' id='line_1_71' title="bbox 2207 3358 3869 3442; baseline 0.001 -29"><span class='ocrx_word' id='word_1_516' title='bbox 2207 3358 2353 3433; x_wconf 77' lang='grc' dir='ltr'>ὑμῶν</span> <span class='ocrx_word' id='word_1_517' title='bbox 2412 3359 2737 3439; x_wconf 85' lang='grc' dir='ltr'>καινότερον.</span> <span class='ocrx_word' id='word_1_518' title='bbox 2803 3362 3015 3441; x_wconf 81' lang='grc' dir='ltr'>Χαίροις</span> <span class='ocrx_word' id='word_1_519' title='bbox 3071 3359 3126 3418; x_wconf 76' lang='grc' dir='ltr'><strong>δὲ</strong></span> <span class='ocrx_word' id='word_1_520' title='bbox 3195 3363 3297 3442; x_wconf 80' lang='grc' dir='ltr'>πρὸ</span> <span class='ocrx_word' id='word_1_521' title='bbox 3367 3361 3579 3418; x_wconf 84' lang='grc' dir='ltr'>πάντων</span> <span class='ocrx_word' id='word_1_522' title='bbox 3639 3360 3725 3416; x_wconf 89' lang='grc' dir='ltr'><strong>καὶ</strong></span> <span class='ocrx_word' id='word_1_523' title='bbox 3784 3358 3869 3415; x_wconf 79' lang='grc' dir='ltr'>ἐπὶ</span> 
     </span>
    </p>
   </div>
   <div class='ocr_carea' id='block_1_72' title="bbox 2210 3446 3866 3533">
    <p class='ocr_par' dir='ltr' id='par_1_72' title="bbox 2210 3446 3866 3533">
     <span class='ocr_line' id='line_1_72' title="bbox 2210 3446 3866 3533; baseline 0.001 -29"><span class='ocrx_word' id='word_1_524' title='bbox 2210 3453 2339 3504; x_wconf 79' lang='grc' dir='ltr'>πᾶσι</span> <span class='ocrx_word' id='word_1_525' title='bbox 2368 3449 2456 3505; x_wconf 84' lang='grc' dir='ltr'>καὶ</span> <span class='ocrx_word' id='word_1_526' title='bbox 2486 3448 2570 3526; x_wconf 81' lang='grc' dir='ltr'>σὺ,</span> <span class='ocrx_word' id='word_1_527' title='bbox 2602 3450 2630 3505; x_wconf 85' lang='grc' dir='ltr'><strong>ὁ</strong></span> <span class='ocrx_word' id='word_1_528' title='bbox 2686 3448 3003 3515; x_wconf 87' lang='grc' dir='ltr'>πιστότατος</span> <span class='ocrx_word' id='word_1_529' title='bbox 3078 3449 3226 3533; x_wconf 76' lang='grc' dir='ltr'>ἅναξ,</span> <span class='ocrx_word' id='word_1_530' title='bbox 3261 3453 3289 3508; x_wconf 84' lang='grc' dir='ltr'>ὁ</span> <span class='ocrx_word' id='word_1_531' title='bbox 3311 3450 3372 3508; x_wconf 77' lang='grc' dir='ltr'>ἐκ</span> <span class='ocrx_word' id='word_1_532' title='bbox 3401 3448 3534 3508; x_wconf 77' lang='grc' dir='ltr'>θεοῦ</span> <span class='ocrx_word' id='word_1_533' title='bbox 3588 3446 3866 3506; x_wconf 86' lang='grc' dir='ltr'>ἀπεσταλ-</span> 
     </span>
    </p>
   </div>
   <div class='ocr_carea' id='block_1_73' title="bbox 2210 3535 3867 3621">
    <p class='ocr_par' dir='ltr' id='par_1_73' title="bbox 2210 3535 3867 3621">
     <span class='ocr_line' id='line_1_73' title="bbox 2210 3535 3867 3621; baseline 0.001 -29"><span class='ocrx_word' id='word_1_534' title='bbox 2210 3535 2392 3613; x_wconf 90' lang='grc' dir='ltr'>μένος,</span> <span class='ocrx_word' id='word_1_535' title='bbox 2454 3540 2483 3595; x_wconf 83' lang='grc' dir='ltr'>ὁ</span> <span class='ocrx_word' id='word_1_536' title='bbox 2539 3536 2746 3614; x_wconf 79' lang='grc' dir='ltr'>ὑψηλὸς</span> <span class='ocrx_word' id='word_1_537' title='bbox 2810 3541 2903 3596; x_wconf 83' lang='grc' dir='ltr'><strong>τὸν</strong></span> <span class='ocrx_word' id='word_1_538' title='bbox 2960 3540 3222 3621; x_wconf 83' lang='grc' dir='ltr'>βραχίονα</span> <span class='ocrx_word' id='word_1_539' title='bbox 3286 3541 3375 3598; x_wconf 81' lang='grc' dir='ltr'><strong>καὶ</strong></span> <span class='ocrx_word' id='word_1_540' title='bbox 3431 3536 3717 3616; x_wconf 85' lang='grc' dir='ltr'>μετενδύης</span> <span class='ocrx_word' id='word_1_541' title='bbox 3790 3536 3867 3594; x_wconf 76' lang='grc' dir='ltr'>ἔτι</span> 
     </span>
    </p>
   </div>
   <div class='ocr_carea' id='block_1_74' title="bbox 2209 3623 3867 3707">
    <p class='ocr_par' dir='ltr' id='par_1_74' title="bbox 2209 3623 3867 3707">
     <span class='ocr_line' id='line_1_74' title="bbox 2209 3623 3867 3707; baseline 0 -24"><span class='ocrx_word' id='word_1_542' title='bbox 2209 3623 2459 3690; x_wconf 69' lang='grc' dir='ltr'><strong>ἕ6²,..αὶ</strong></span> <span class='ocrx_word' id='word_1_543' title='bbox 2500 3626 2577 3685; x_wconf 73' lang='grc' dir='ltr'><strong>ἔτι</strong></span> <span class='ocrx_word' id='word_1_544' title='bbox 2620 3625 2815 3697; x_wconf 82' lang='grc' dir='ltr'>λευκὴν</span> <span class='ocrx_word' id='word_1_545' title='bbox 2858 3627 3055 3698; x_wconf 78' lang='grc' dir='ltr'>στολὴν</span> <span class='ocrx_word' id='word_1_546' title='bbox 3112 3631 3179 3687; x_wconf 83' lang='grc' dir='ltr'><strong>τὰ</strong></span> <span class='ocrx_word' id='word_1_547' title='bbox 3221 3628 3488 3707; x_wconf 85' lang='grc' dir='ltr'>βασίλεια,</span> <span class='ocrx_word' id='word_1_548' title='bbox 3517 3630 3601 3685; x_wconf 68' lang='grc' dir='ltr'><strong>καί</strong></span> <span class='ocrx_word' id='word_1_549' title='bbox 3661 3626 3754 3695; x_wconf 83' lang='grc' dir='ltr'><strong>εἴη</strong></span> <span class='ocrx_word' id='word_1_550' title='bbox 3784 3629 3867 3684; x_wconf 84' lang='grc' dir='ltr'>εί-</span> 
     </span>
    </p>
   </div>
   <div class='ocr_carea' id='block_1_75' title="bbox 2209 3715 3868 3797">
    <p class='ocr_par' dir='ltr' id='par_1_75' title="bbox 2209 3715 3868 3797">
     <span class='ocr_line' id='line_1_75' title="bbox 2209 3715 3868 3797; baseline 0.001 -25"><span class='ocrx_word' id='word_1_551' title='bbox 2209 3717 2398 3797; x_wconf 88' lang='grc' dir='ltr'>ρηναία</span> <span class='ocrx_word' id='word_1_552' title='bbox 2426 3718 2461 3785; x_wconf 79' lang='grc' dir='ltr'><strong>ἡ</strong></span> <span class='ocrx_word' id='word_1_553' title='bbox 2483 3717 2742 3794; x_wconf 76' lang='grc' dir='ltr'>βασιλεία,</span> <span class='ocrx_word' id='word_1_554' title='bbox 2791 3720 2880 3776; x_wconf 84' lang='grc' dir='ltr'><strong>καὶ</strong></span> <span class='ocrx_word' id='word_1_555' title='bbox 2920 3720 2955 3787; x_wconf 77' lang='grc' dir='ltr'><strong>ἡ</strong></span> <span class='ocrx_word' id='word_1_556' title='bbox 2984 3726 3077 3777; x_wconf 80' lang='grc' dir='ltr'>τοῦ</span> <span class='ocrx_word' id='word_1_557' title='bbox 3107 3727 3239 3779; x_wconf 83' lang='grc' dir='ltr'>Θεοῦ</span> <span class='ocrx_word' id='word_1_558' title='bbox 3266 3718 3583 3794; x_wconf 84' lang='grc' dir='ltr'>Ἐκκλησία,</span> <span class='ocrx_word' id='word_1_559' title='bbox 3618 3715 3673 3776; x_wconf 80' lang='grc' dir='ltr'>ἐν</span> <span class='ocrx_word' id='word_1_560' title='bbox 3700 3718 3868 3774; x_wconf 85' lang='grc' dir='ltr'>πνεύ-</span> 
     </span>
    </p>
   </div>
   <div class='ocr_carea' id='block_1_76' title="bbox 2210 3802 3472 3889">
    <p class='ocr_par' dir='ltr' id='par_1_76' title="bbox 2210 3802 3472 3889">
     <span class='ocr_line' id='line_1_76' title="bbox 2210 3802 3472 3889; baseline 0.005 -28"><span class='ocrx_word' id='word_1_561' title='bbox 2210 3827 2336 3881; x_wconf 91' lang='grc' dir='ltr'>ματι</span> <span class='ocrx_word' id='word_1_562' title='bbox 2379 3806 2467 3862; x_wconf 84' lang='grc' dir='ltr'><strong>καὶ</strong></span> <span class='ocrx_word' id='word_1_563' title='bbox 2507 3802 2722 3882; x_wconf 78' lang='grc' dir='ltr'>δυνάμει</span> <span class='ocrx_word' id='word_1_564' title='bbox 2750 3816 2844 3866; x_wconf 83' lang='grc' dir='ltr'><strong>τοῦ</strong></span> <span class='ocrx_word' id='word_1_565' title='bbox 2873 3808 3190 3889; x_wconf 83' lang='grc' dir='ltr'>εἶρηνάρχου</span> <span class='ocrx_word' id='word_1_566' title='bbox 3219 3815 3472 3888; x_wconf 82' lang='grc' dir='ltr'>Χριστοῦ.</span> 
     </span>
    </p>
   </div>
   <div class='ocr_carea' id='block_1_77' title="bbox 470 3890 3866 3978">
    <p class='ocr_par' dir='ltr' id='par_1_77' title="bbox 470 3890 3866 3978">
     <span class='ocr_line' id='line_1_77' title="bbox 470 3890 3866 3978; baseline 0 -20"><span class='ocrx_word' id='word_1_567' title='bbox 470 3894 703 3959; x_wconf 88' lang='lat' dir='ltr'><strong>lissime</strong></span> <span class='ocrx_word' id='word_1_568' title='bbox 731 3914 857 3972; x_wconf 86' lang='lat' dir='ltr'><strong>rex,</strong></span> <span class='ocrx_word' id='word_1_569' title='bbox 889 3912 924 3956; x_wconf 92' lang='lat' dir='ltr'><strong>a</strong></span> <span class='ocrx_word' id='word_1_570' title='bbox 954 3890 1079 3957; x_wconf 91' lang='lat' dir='ltr'><strong>Deo</strong></span> <span class='ocrx_word' id='word_1_571' title='bbox 1112 3893 1316 3976; x_wconf 90' lang='lat' dir='ltr'><strong>misse,</strong></span> <span class='ocrx_word' id='word_1_572' title='bbox 1350 3893 1521 3974; x_wconf 85' lang='lat' dir='ltr'><strong>cujus</strong></span> <span class='ocrx_word' id='word_1_573' title='bbox 1550 3891 1812 3957; x_wconf 88' lang='lat' dir='ltr'><strong>sublime</strong></span> <span class='ocrx_word' id='word_1_574' title='bbox 1842 3891 2153 3956; x_wconf 88' lang='lat' dir='ltr'><strong>brachium</strong></span> <span class='ocrx_word' id='word_1_575' title='bbox 2182 3899 2293 3957; x_wconf 90' lang='lat' dir='ltr'><strong>est.</strong></span> <span class='ocrx_word' id='word_1_576' title='bbox 2321 3891 2542 3956; x_wconf 89' lang='lat' dir='ltr'><strong>Induas</strong></span> <span class='ocrx_word' id='word_1_577' title='bbox 2568 3893 2796 3974; x_wconf 76' lang='lat' dir='ltr'><strong>regiam</strong></span> <span class='ocrx_word' id='word_1_578' title='bbox 2824 3894 2958 3958; x_wconf 91' lang='lat' dir='ltr'><strong>albo</strong></span> <span class='ocrx_word' id='word_1_579' title='bbox 2987 3894 3063 3958; x_wconf 87' lang='lat' dir='ltr'><strong>ab</strong></span> <span class='ocrx_word' id='word_1_580' title='bbox 3091 3896 3265 3959; x_wconf 91' lang='lat' dir='ltr'><strong>annis</strong></span> <span class='ocrx_word' id='word_1_581' title='bbox 3292 3895 3368 3959; x_wconf 89' lang='lat' dir='ltr'><strong>ad</strong></span> <span class='ocrx_word' id='word_1_582' title='bbox 3398 3913 3589 3960; x_wconf 83' lang='lat' dir='ltr'><strong>annos</strong></span> <span class='ocrx_word' id='word_1_583' title='bbox 3614 3892 3866 3978; x_wconf 78' lang='lat' dir='ltr'><strong>amictu,</strong></span> 
     </span>
    </p>
   </div>
   <div class='ocr_carea' id='block_1_78' title="bbox 462 3981 3865 4071">
    <p class='ocr_par' dir='ltr' id='par_1_78' title="bbox 462 3981 3865 4071">
     <span class='ocr_line' id='line_1_78' title="bbox 462 3981 3865 4071; baseline 0 -26"><span class='ocrx_word' id='word_1_584' title='bbox 462 3991 523 4046; x_wconf 90' lang='lat' dir='ltr'><strong>et</strong></span> <span class='ocrx_word' id='word_1_585' title='bbox 554 3992 825 4065; x_wconf 87' lang='lat' dir='ltr'><strong>pacatum</strong></span> <span class='ocrx_word' id='word_1_586' title='bbox 856 3986 1205 4071; x_wconf 89' lang='lat' dir='ltr'><strong>imperium,</strong></span> <span class='ocrx_word' id='word_1_587' title='bbox 1238 3990 1445 4067; x_wconf 87' lang='lat' dir='ltr'><strong>pacata</strong></span> <span class='ocrx_word' id='word_1_588' title='bbox 1474 3981 1746 4046; x_wconf 89' lang='lat' dir='ltr'><strong>Ecclesia</strong></span> <span class='ocrx_word' id='word_1_589' title='bbox 1777 3981 1887 4045; x_wconf 89' lang='lat' dir='ltr'><strong>Dei</strong></span> <span class='ocrx_word' id='word_1_590' title='bbox 1917 3981 2013 4061; x_wconf 89' lang='lat' dir='ltr'><strong>sit,</strong></span> <span class='ocrx_word' id='word_1_591' title='bbox 2052 3981 2115 4045; x_wconf 92' lang='lat' dir='ltr'><strong>in</strong></span> <span class='ocrx_word' id='word_1_592' title='bbox 2145 3982 2365 4066; x_wconf 85' lang='lat' dir='ltr'><strong>spiritu</strong></span> <span class='ocrx_word' id='word_1_593' title='bbox 2398 4000 2468 4046; x_wconf 90' lang='lat' dir='ltr'><strong>ac</strong></span> <span class='ocrx_word' id='word_1_594' title='bbox 2512 3982 2727 4047; x_wconf 90' lang='lat' dir='ltr'><strong>virtute</strong></span> <span class='ocrx_word' id='word_1_595' title='bbox 2772 3984 3020 4061; x_wconf 86' lang='lat' dir='ltr'><strong>Christi,</strong></span> <span class='ocrx_word' id='word_1_596' title='bbox 3055 3986 3160 4069; x_wconf 88' lang='lat' dir='ltr'><strong>qui</strong></span> <span class='ocrx_word' id='word_1_597' title='bbox 3208 3986 3375 4067; x_wconf 86' lang='lat' dir='ltr'><strong>pacis</strong></span> <span class='ocrx_word' id='word_1_598' title='bbox 3422 3994 3514 4049; x_wconf 89' lang='lat' dir='ltr'><strong>est</strong></span> <span class='ocrx_word' id='word_1_599' title='bbox 3557 3985 3865 4068; x_wconf 88' lang='lat' dir='ltr'><strong>princeps.</strong></span> 
     </span>
    </p>
   </div>
   <div class='ocr_carea' id='block_1_79' title="bbox 464 4158 2125 4241">
    <p class='ocr_par' dir='ltr' id='par_1_79' title="bbox 464 4158 2125 4241">
     <span class='ocr_line' id='line_1_79' title="bbox 464 4158 2125 4241; baseline 0.002 -18"><span class='ocrx_word' id='word_1_600' title='bbox 464 4161 745 4226; x_wconf 74' lang='lat' dir='ltr'><strong>MANDA</strong></span> <span class='ocrx_word' id='word_1_601' title='bbox 757 4163 853 4228; x_wconf 81' lang='lat' dir='ltr'><strong>TA</strong></span> <span class='ocrx_word' id='word_1_602' title='bbox 883 4163 1081 4241; x_wconf 67' lang='lat' dir='ltr'><strong>QUxE</strong></span> <span class='ocrx_word' id='word_1_603' title='bbox 1122 4164 1299 4229; x_wconf 81' lang='grc' dir='ltr'><strong>ΒΑΝ</strong></span> <span class='ocrx_word' id='word_1_604' title='bbox 1303 4164 1351 4224; x_wconf 87' lang='grc' dir='ltr'><em>Τ</em></span> <span class='ocrx_word' id='word_1_605' title='bbox 1353 4161 1456 4226; x_wconf 90' lang='lat' dir='ltr'><strong><em>UR</em></strong></span> <span class='ocrx_word' id='word_1_606' title='bbox 1497 4159 1621 4241; x_wconf 84' lang='grc' dir='ltr'><strong>ΜΕ</strong></span> <span class='ocrx_word' id='word_1_607' title='bbox 1634 4158 2125 4241; x_wconf 61' lang='grc' dir='ltr'><strong>ΤΒΟΡΟΙιῘΪζᾎτ</strong></span> 
     </span>
    </p>
   </div>
   <div class='ocr_carea' id='block_1_80' title="bbox 541 4238 2123 4390">
    <p class='ocr_par' dir='ltr' id='par_1_80' title="bbox 541 4238 2123 4389">
     <span class='ocr_line' id='line_1_80' title="bbox 541 4238 2123 4389; baseline -0.003 -80"><span class='ocrx_word' id='word_1_608' title='bbox 541 4238 2123 4389; x_wconf 40' lang='grc' dir='ltr'><strong>ΙὸἒςύξῆΑιῖῧὲιῖΙΕΡΙιςΟΟΡῙᾶΕΤΑιΙΙΒβΠΜ</strong></span> 
     </span>
    </p>
   </div>
   <div class='ocr_carea' id='block_1_81' title="bbox 960 4412 1651 4497">
    <p class='ocr_par' dir='ltr' id='par_1_81' title="bbox 960 4412 1651 4497">
     <span class='ocr_line' id='line_1_81' title="bbox 960 4412 1651 4497; baseline -0.003 -20"><span class='ocrx_word' id='word_1_609' title='bbox 960 4415 1232 4497; x_wconf 76' lang='lat' dir='ltr'><strong>Epistola</strong></span> <span class='ocrx_word' id='word_1_610' title='bbox 1256 4412 1651 4497; x_wconf 68' lang='lat' dir='ltr'><strong>patriarchas.</strong></span> 
     </span>
    </p>
   </div>
   <div class='ocr_carea' id='block_1_82' title="bbox 434 4499 2116 4586">
    <p class='ocr_par' dir='ltr' id='par_1_82' title="bbox 434 4499 2116 4586">
     <span class='ocr_line' id='line_1_82' title="bbox 434 4499 2116 4586; baseline -0.003 -19"><span class='ocrx_word' id='word_1_611' title='bbox 434 4505 438 4513; x_wconf 86' lang='grc'><em>’</em></span> <span class='ocrx_word' id='word_1_612' title='bbox 541 4503 947 4567; x_wconf 88' lang='lat' dir='ltr'><strong>Sanctissimis</strong></span> <span class='ocrx_word' id='word_1_613' title='bbox 977 4504 1293 4586; x_wconf 90' lang='lat' dir='ltr'><strong>episcopis,</strong></span> <span class='ocrx_word' id='word_1_614' title='bbox 1317 4499 1788 4582; x_wconf 82' lang='lat' dir='ltr'><strong>religiosissimis</strong></span> <span class='ocrx_word' id='word_1_615' title='bbox 1819 4500 2116 4583; x_wconf 78' lang='lat' dir='ltr'><strong>presbyte-</strong></span> 
     </span>
    </p>
   </div>
   <div class='ocr_carea' id='block_1_83' title="bbox 456 4589 2117 4669">
    <p class='ocr_par' dir='ltr' id='par_1_83' title="bbox 456 4589 2117 4669">
     <span class='ocr_line' id='line_1_83' title="bbox 456 4589 2117 4669; baseline -0.001 -16"><span class='ocrx_word' id='word_1_616' title='bbox 456 4590 567 4669; x_wconf 91' lang='lat' dir='ltr'><strong>ris,</strong></span> <span class='ocrx_word' id='word_1_617' title='bbox 599 4593 1028 4656; x_wconf 89' lang='lat' dir='ltr'><strong>amantissimis</strong></span> <span class='ocrx_word' id='word_1_618' title='bbox 1061 4592 1168 4657; x_wconf 90' lang='lat' dir='ltr'><strong>Dei</strong></span> <span class='ocrx_word' id='word_1_619' title='bbox 1198 4590 1493 4665; x_wconf 92' lang='lat' dir='ltr'><strong>diaconis,</strong></span> <span class='ocrx_word' id='word_1_620' title='bbox 1528 4597 1587 4652; x_wconf 93' lang='lat' dir='ltr'><strong>et</strong></span> <span class='ocrx_word' id='word_1_621' title='bbox 1636 4589 1917 4651; x_wconf 61' lang='lat' dir='ltr'><strong>universo</strong></span> <span class='ocrx_word' id='word_1_622' title='bbox 1948 4608 2117 4651; x_wconf 91' lang='lat' dir='ltr'><strong>sacro</strong></span> 
     </span>
    </p>
   </div>
   <div class='ocr_carea' id='block_1_84' title="bbox 458 4678 2119 4762">
    <p class='ocr_par' dir='ltr' id='par_1_84' title="bbox 458 4678 2119 4762">
     <span class='ocr_line' id='line_1_84' title="bbox 458 4678 2119 4762; baseline -0.002 -20"><span class='ocrx_word' id='word_1_623' title='bbox 458 4679 670 4744; x_wconf 88' lang='lat' dir='ltr'><strong>clero:</strong></span> <span class='ocrx_word' id='word_1_624' title='bbox 719 4680 1177 4762; x_wconf 83' lang='lat' dir='ltr'><strong>gloriosissimis</strong></span> <span class='ocrx_word' id='word_1_625' title='bbox 1229 4689 1287 4745; x_wconf 89' lang='lat' dir='ltr'><strong>et</strong></span> <span class='ocrx_word' id='word_1_626' title='bbox 1335 4678 1687 4744; x_wconf 89' lang='lat' dir='ltr'><strong>clarissimis</strong></span> <span class='ocrx_word' id='word_1_627' title='bbox 1716 4678 2119 4760; x_wconf 88' lang='lat' dir='ltr'><strong>municipibus</strong></span> 
     </span>
    </p>
   </div>
   <div class='ocr_carea' id='block_1_85' title="bbox 456 4765 1712 4834">
    <p class='ocr_par' dir='ltr' id='par_1_85' title="bbox 456 4765 1712 4834">
     <span class='ocr_line' id='line_1_85' title="bbox 456 4765 1712 4834; baseline -0.001 -3"><span class='ocrx_word' id='word_1_628' title='bbox 456 4775 517 4831; x_wconf 89' lang='lat' dir='ltr'><strong>et</strong></span> <span class='ocrx_word' id='word_1_629' title='bbox 544 4768 759 4833; x_wconf 87' lang='lat' dir='ltr'><strong>incolis</strong></span> <span class='ocrx_word' id='word_1_630' title='bbox 789 4770 1102 4834; x_wconf 72' lang='lat' dir='ltr'><strong>custoditaa</strong></span> <span class='ocrx_word' id='word_1_631' title='bbox 1132 4770 1412 4833; x_wconf 89' lang='lat' dir='ltr'><strong>divinitus</strong></span> <span class='ocrx_word' id='word_1_632' title='bbox 1443 4766 1609 4830; x_wconf 91' lang='lat' dir='ltr'><strong>urbis</strong></span> <span class='ocrx_word' id='word_1_633' title='bbox 1640 4765 1712 4830; x_wconf 90' lang='lat' dir='ltr'><strong>N.</strong></span> 
     </span>
    </p>
   </div>
   <div class='ocr_carea' id='block_1_86' title="bbox 536 4943 2119 5030">
    <p class='ocr_par' dir='ltr' id='par_1_86' title="bbox 536 4943 2119 5030">
     <span class='ocr_line' id='line_1_86' title="bbox 536 4943 2119 5030; baseline -0.003 -21"><span class='ocrx_word' id='word_1_634' title='bbox 536 4944 676 5010; x_wconf 83' lang='lat' dir='ltr'><strong>Vult</strong></span> <span class='ocrx_word' id='word_1_635' title='bbox 704 4947 1030 5030; x_wconf 90' lang='lat' dir='ltr'><strong>spiritualis</strong></span> <span class='ocrx_word' id='word_1_636' title='bbox 1061 4947 1290 5011; x_wconf 90' lang='lat' dir='ltr'><strong>ordinis</strong></span> <span class='ocrx_word' id='word_1_637' title='bbox 1350 4947 1441 5010; x_wconf 82' lang='lat' dir='ltr'><strong>lex</strong></span> <span class='ocrx_word' id='word_1_638' title='bbox 1504 4952 1678 5026; x_wconf 89' lang='lat' dir='ltr'><strong>atque</strong></span> <span class='ocrx_word' id='word_1_639' title='bbox 1723 4943 1952 5025; x_wconf 79' lang='lat' dir='ltr'><strong>regula,</strong></span> <span class='ocrx_word' id='word_1_640' title='bbox 1986 4962 2119 5026; x_wconf 65' lang='lat' dir='ltr'><strong>qua:</strong></span> 
     </span>
    </p>
   </div>
   <div class='ocr_carea' id='block_1_87' title="bbox 455 5032 2119 5119">
    <p class='ocr_par' dir='ltr' id='par_1_87' title="bbox 455 5032 2119 5119">
     <span class='ocr_line' id='line_1_87' title="bbox 455 5032 2119 5119; baseline -0.001 -22"><span class='ocrx_word' id='word_1_641' title='bbox 455 5037 784 5099; x_wconf 90' lang='lat' dir='ltr'><strong>secundum</strong></span> <span class='ocrx_word' id='word_1_642' title='bbox 814 5037 1188 5118; x_wconf 77' lang='lat' dir='ltr'><strong>evangelicas</strong></span> <span class='ocrx_word' id='word_1_643' title='bbox 1216 5046 1277 5099; x_wconf 91' lang='lat' dir='ltr'><strong>et</strong></span> <span class='ocrx_word' id='word_1_644' title='bbox 1305 5033 1659 5119; x_wconf 89' lang='lat' dir='ltr'><strong>apostolicas</strong></span> <span class='ocrx_word' id='word_1_645' title='bbox 1688 5032 1966 5113; x_wconf 78' lang='lat' dir='ltr'><strong>dirigitur</strong></span> <span class='ocrx_word' id='word_1_646' title='bbox 1988 5052 2119 5114; x_wconf 84' lang='lat' dir='ltr'><strong>gra-</strong></span> 
     </span>
    </p>
   </div>
   <div class='ocr_carea' id='block_1_88' title="bbox 455 5120 2117 5206">
    <p class='ocr_par' dir='ltr' id='par_1_88' title="bbox 455 5120 2117 5206">
     <span class='ocr_line' id='line_1_88' title="bbox 455 5120 2117 5206; baseline -0.001 -21"><span class='ocrx_word' id='word_1_647' title='bbox 455 5123 592 5205; x_wconf 90' lang='lat' dir='ltr'><strong>tias,</strong></span> <span class='ocrx_word' id='word_1_648' title='bbox 629 5125 911 5187; x_wconf 59' lang='lat' dir='ltr'><strong>ornandis</strong></span> <span class='ocrx_word' id='word_1_649' title='bbox 939 5143 1125 5188; x_wconf 58' lang='lat' dir='ltr'><strong>sacras</strong></span> <span class='ocrx_word' id='word_1_650' title='bbox 1169 5124 1440 5206; x_wconf 85' lang='lat' dir='ltr'><strong>dignitati</strong></span> <span class='ocrx_word' id='word_1_651' title='bbox 1489 5122 1839 5195; x_wconf 87' lang='lat' dir='ltr'><strong>destinatos,</strong></span> <span class='ocrx_word' id='word_1_652' title='bbox 1872 5120 1932 5183; x_wconf 89' lang='lat' dir='ltr'><strong>in</strong></span> <span class='ocrx_word' id='word_1_653' title='bbox 1962 5130 2117 5184; x_wconf 89' lang='lat' dir='ltr'><strong>statu</strong></span> 
     </span>
    </p>
   </div>
   <div class='ocr_carea' id='block_1_89' title="bbox 456 5207 2113 5295">
    <p class='ocr_par' dir='ltr' id='par_1_89' title="bbox 456 5207 2113 5295">
     <span class='ocr_line' id='line_1_89' title="bbox 456 5207 2113 5295; baseline -0.001 -22"><span class='ocrx_word' id='word_1_654' title='bbox 456 5211 699 5274; x_wconf 88' lang='lat' dir='ltr'><strong>decenti</strong></span> <span class='ocrx_word' id='word_1_655' title='bbox 727 5220 786 5274; x_wconf 86' lang='lat' dir='ltr'><strong>et</strong></span> <span class='ocrx_word' id='word_1_656' title='bbox 806 5213 1109 5295; x_wconf 89' lang='lat' dir='ltr'><strong>inculpato</strong></span> <span class='ocrx_word' id='word_1_657' title='bbox 1132 5232 1486 5277; x_wconf 88' lang='lat' dir='ltr'><strong>conservare</strong></span> <span class='ocrx_word' id='word_1_658' title='bbox 1516 5232 1531 5272; x_wconf 80' lang='grc' dir='ltr'><strong>τ</strong></span> <span class='ocrx_word' id='word_1_659' title='bbox 1577 5218 1643 5273; x_wconf 92' lang='lat' dir='ltr'><strong>ut</strong></span> <span class='ocrx_word' id='word_1_660' title='bbox 1662 5221 1779 5271; x_wconf 90' lang='lat' dir='ltr'><strong>tam</strong></span> <span class='ocrx_word' id='word_1_661' title='bbox 1810 5207 2113 5286; x_wconf 69' lang='lat' dir='ltr'><strong>Ecclesiae,</strong></span> 
     </span>
    </p>
   </div>
   <div class='ocr_carea' id='block_1_90' title="bbox 457 5297 2119 5385">
    <p class='ocr_par' dir='ltr' id='par_1_90' title="bbox 457 5297 2119 5385">
     <span class='ocr_line' id='line_1_90' title="bbox 457 5297 2119 5385; baseline -0.001 -23"><span class='ocrx_word' id='word_1_662' title='bbox 457 5317 634 5383; x_wconf 88' lang='lat' dir='ltr'><strong>quam</strong></span> <span class='ocrx_word' id='word_1_663' title='bbox 665 5301 1015 5382; x_wconf 69' lang='lat' dir='ltr'><strong>reipublicae</strong></span> <span class='ocrx_word' id='word_1_664' title='bbox 1036 5320 1275 5382; x_wconf 90' lang='lat' dir='ltr'><strong>corpus,</strong></span> <span class='ocrx_word' id='word_1_665' title='bbox 1311 5320 1418 5385; x_wconf 92' lang='lat' dir='ltr'><strong>per</strong></span> <span class='ocrx_word' id='word_1_666' title='bbox 1444 5300 1784 5379; x_wconf 77' lang='lat' dir='ltr'><strong>religiosam</strong></span> <span class='ocrx_word' id='word_1_667' title='bbox 1817 5297 2119 5378; x_wconf 84' lang='lat' dir='ltr'><strong>guberna-</strong></span> 
     </span>
    </p>
   </div>
   <div class='ocr_carea' id='block_1_91' title="bbox 454 5387 2119 5473">
    <p class='ocr_par' dir='ltr' id='par_1_91' title="bbox 454 5387 2119 5473">
     <span class='ocr_line' id='line_1_91' title="bbox 454 5387 2119 5473; baseline -0.001 -22"><span class='ocrx_word' id='word_1_668' title='bbox 454 5389 703 5464; x_wconf 88' lang='lat' dir='ltr'><strong>tionem,</strong></span> <span class='ocrx_word' id='word_1_669' title='bbox 736 5388 799 5451; x_wconf 91' lang='lat' dir='ltr'><strong>in</strong></span> <span class='ocrx_word' id='word_1_670' title='bbox 821 5390 1141 5473; x_wconf 61' lang='lat' dir='ltr'><strong>tranquilla</strong></span> <span class='ocrx_word' id='word_1_671' title='bbox 1165 5400 1489 5473; x_wconf 90' lang='lat' dir='ltr'><strong>pacataque</strong></span> <span class='ocrx_word' id='word_1_672' title='bbox 1545 5387 1868 5451; x_wconf 87' lang='lat' dir='ltr'><strong>serenitate</strong></span> <span class='ocrx_word' id='word_1_673' title='bbox 1899 5406 2119 5451; x_wconf 90' lang='lat' dir='ltr'><strong>secun-</strong></span> 
     </span>
    </p>
   </div>
   <div class='ocr_carea' id='block_1_92' title="bbox 457 5475 2119 5561">
    <p class='ocr_par' dir='ltr' id='par_1_92' title="bbox 457 5475 2119 5561">
     <span class='ocr_line' id='line_1_92' title="bbox 457 5475 2119 5561; baseline 0.001 -21"><span class='ocrx_word' id='word_1_674' title='bbox 457 5477 601 5542; x_wconf 87' lang='lat' dir='ltr'><strong>dum</strong></span> <span class='ocrx_word' id='word_1_675' title='bbox 631 5476 987 5542; x_wconf 89' lang='lat' dir='ltr'><strong>voluntatem</strong></span> <span class='ocrx_word' id='word_1_676' title='bbox 1022 5477 1134 5541; x_wconf 92' lang='lat' dir='ltr'><strong>Dei</strong></span> <span class='ocrx_word' id='word_1_677' title='bbox 1158 5486 1430 5561; x_wconf 73' lang='lat' dir='ltr'><strong>regatur,</strong></span> <span class='ocrx_word' id='word_1_678' title='bbox 1479 5486 1655 5560; x_wconf 88' lang='lat' dir='ltr'><strong>atque</strong></span> <span class='ocrx_word' id='word_1_679' title='bbox 1672 5475 1868 5538; x_wconf 90' lang='lat' dir='ltr'><strong>omnis</strong></span> <span class='ocrx_word' id='word_1_680' title='bbox 1889 5475 2119 5541; x_wconf 89' lang='lat' dir='ltr'><strong>alieno-</strong></span> 
     </span>
    </p>
   </div>
   <div class='ocr_carea' id='block_1_93' title="bbox 2210 4167 3865 4226">
    <p class='ocr_par' dir='ltr' id='par_1_93' title="bbox 2210 4167 3865 4226">
     <span class='ocr_line' id='line_1_93' title="bbox 2210 4167 3865 4226; baseline 0.003 -8"><span class='ocrx_word' id='word_1_681' title='bbox 2210 4186 2239 4218; x_wconf 69' lang='grc' dir='ltr'><strong>ε</strong></span> <span class='ocrx_word' id='word_1_682' title='bbox 2287 4167 2696 4221; x_wconf 80' lang='grc' dir='ltr'><strong>ΕΝΤΑΛΜΑΤΑ</strong></span> <span class='ocrx_word' id='word_1_683' title='bbox 2757 4171 3102 4225; x_wconf 78' lang='grc' dir='ltr'><strong>ΔΙΔΟΜΕΝΑ</strong></span> <span class='ocrx_word' id='word_1_684' title='bbox 3172 4174 3325 4225; x_wconf 80' lang='grc' dir='ltr'><strong>ΤΟΙΣ</strong></span> <span class='ocrx_word' id='word_1_685' title='bbox 3398 4173 3865 4226; x_wconf 76' lang='grc' dir='ltr'><strong>ΧΕῙΡΟΤΟΝΟΥ-</strong></span> 
     </span>
    </p>
   </div>
   <div class='ocr_carea' id='block_1_94' title="bbox 2286 4248 3867 4323">
    <p class='ocr_par' dir='ltr' id='par_1_94' title="bbox 2286 4248 3867 4323">
     <span class='ocr_line' id='line_1_94' title="bbox 2286 4248 3867 4323; baseline 0.006 -25"><span class='ocrx_word' id='word_1_686' title='bbox 2286 4248 2539 4300; x_wconf 78' lang='grc' dir='ltr'><strong>ΜΕΝΟΙΣ</strong></span> <span class='ocrx_word' id='word_1_687' title='bbox 2599 4250 3173 4323; x_wconf 78' lang='grc' dir='ltr'><strong>ΜΗΤΡΟΠΟΛΙΤΑΙΣ,</strong></span> <span class='ocrx_word' id='word_1_688' title='bbox 3236 4255 3350 4306; x_wconf 80' lang='grc' dir='ltr'><strong>ΚΑΙ</strong></span> <span class='ocrx_word' id='word_1_689' title='bbox 3422 4253 3867 4306; x_wconf 78' lang='grc' dir='ltr'><strong>ΑΡΧΙΕΠΙΣΚΟ-</strong></span> 
     </span>
    </p>
   </div>
   <div class='ocr_carea' id='block_1_95' title="bbox 2286 4327 3040 4395">
    <p class='ocr_par' dir='ltr' id='par_1_95' title="bbox 2286 4327 3040 4395">
     <span class='ocr_line' id='line_1_95' title="bbox 2286 4327 3040 4395; baseline 0 -15"><span class='ocrx_word' id='word_1_690' title='bbox 2286 4327 2468 4395; x_wconf 82' lang='grc' dir='ltr'>ΠΟΙΣ,</span> <span class='ocrx_word' id='word_1_691' title='bbox 2513 4330 2628 4383; x_wconf 78' lang='grc' dir='ltr'><strong>ΚΑΙ</strong></span> <span class='ocrx_word' id='word_1_692' title='bbox 2671 4332 2976 4386; x_wconf 87' lang='grc' dir='ltr'><strong>ΕΤΕΡΟῙΣ.</strong></span> <span class='ocrx_word' id='word_1_693' title='bbox 3015 4348 3040 4380; x_wconf 79' lang='grc' dir='ltr'><strong>ιι</strong></span> 
     </span>
    </p>
   </div>
   <div class='ocr_carea' id='block_1_96' title="bbox 2749 4414 3311 4496">
    <p class='ocr_par' dir='ltr' id='par_1_96' title="bbox 2749 4414 3311 4496">
     <span class='ocr_line' id='line_1_96' title="bbox 2749 4414 3311 4496; baseline -0.002 -23"><span class='ocrx_word' id='word_1_694' title='bbox 2749 4431 2780 4473; x_wconf 83' lang='grc'>‹</span> <span class='ocrx_word' id='word_1_695' title='bbox 2813 4414 3231 4496; x_wconf 86' lang='grc' dir='ltr'>Πατριαρχικόν.</span> <span class='ocrx_word' id='word_1_696' title='bbox 3282 4438 3311 4472; x_wconf 74' lang='grc' dir='ltr'><em>ι</em></span> 
     </span>
    </p>
   </div>
   <div class='ocr_carea' id='block_1_97' title="bbox 2282 4500 3863 4586">
    <p class='ocr_par' dir='ltr' id='par_1_97' title="bbox 2282 4500 3863 4586">
     <span class='ocr_line' id='line_1_97' title="bbox 2282 4500 3863 4586; baseline 0.003 -28"><span class='ocrx_word' id='word_1_697' title='bbox 2282 4510 2410 4564; x_wconf 66' lang='lat' dir='ltr'><strong>Tot;</strong></span> <span class='ocrx_word' id='word_1_698' title='bbox 2481 4500 2793 4567; x_wconf 80' lang='grc' dir='ltr'>ὁσιωτάτοις</span> <span class='ocrx_word' id='word_1_699' title='bbox 2843 4502 3180 4579; x_wconf 80' lang='grc' dir='ltr'>ἐπισκόποις,</span> <span class='ocrx_word' id='word_1_700' title='bbox 3239 4502 3667 4570; x_wconf 76' lang='grc' dir='ltr'>θεοσεϐεστάτοις</span> <span class='ocrx_word' id='word_1_701' title='bbox 3722 4527 3863 4586; x_wconf 86' lang='grc' dir='ltr'>πρε-</span> 
     </span>
    </p>
   </div>
   <div class='ocr_carea' id='block_1_98' title="bbox 2202 4588 3863 4671">
    <p class='ocr_par' dir='ltr' id='par_1_98' title="bbox 2202 4588 3863 4671">
     <span class='ocr_line' id='line_1_98' title="bbox 2202 4588 3863 4671; baseline 0.003 -24"><span class='ocrx_word' id='word_1_702' title='bbox 2202 4589 2488 4669; x_wconf 76' lang='grc' dir='ltr'>σὲυτέροις,</span> <span class='ocrx_word' id='word_1_703' title='bbox 2559 4588 2986 4671; x_wconf 71' lang='grc' dir='ltr'>θεοφιλεστάτοις</span> <span class='ocrx_word' id='word_1_704' title='bbox 3065 4591 3353 4669; x_wconf 83' lang='grc' dir='ltr'>διακόνοις,</span> <span class='ocrx_word' id='word_1_705' title='bbox 3426 4595 3515 4652; x_wconf 86' lang='grc' dir='ltr'><strong>καὶ</strong></span> <span class='ocrx_word' id='word_1_706' title='bbox 3569 4595 3729 4652; x_wconf 82' lang='grc' dir='ltr'>παντὶ</span> <span class='ocrx_word' id='word_1_707' title='bbox 3783 4602 3863 4670; x_wconf 84' lang='grc' dir='ltr'>τῷ</span> 
     </span>
    </p>
   </div>
   <div class='ocr_carea' id='block_1_99' title="bbox 2200 4676 3860 4763">
    <p class='ocr_par' dir='ltr' id='par_1_99' title="bbox 2200 4676 3860 4763">
     <span class='ocr_line' id='line_1_99' title="bbox 2200 4676 3860 4763; baseline 0.004 -28"><span class='ocrx_word' id='word_1_708' title='bbox 2200 4678 2384 4757; x_wconf 63' lang='grc' dir='ltr'>εὒαγεϊ</span> <span class='ocrx_word' id='word_1_709' title='bbox 2441 4676 2625 4758; x_wconf 80' lang='grc' dir='ltr'>κλήρῳ</span> <span class='ocrx_word' id='word_1_710' title='bbox 2658 4695 2671 4709; x_wconf 85' lang='grc'><em>”</em></span> <span class='ocrx_word' id='word_1_711' title='bbox 2732 4693 2850 4746; x_wconf 79' lang='grc' dir='ltr'>τοῖς</span> <span class='ocrx_word' id='word_1_712' title='bbox 2908 4680 3266 4747; x_wconf 46' lang='grc' dir='ltr'>ἐνδοξοτάτοις</span> <span class='ocrx_word' id='word_1_713' title='bbox 3323 4683 3410 4742; x_wconf 89' lang='grc' dir='ltr'>καὶ</span> <span class='ocrx_word' id='word_1_714' title='bbox 3462 4681 3860 4763; x_wconf 76' lang='grc' dir='ltr'>λαμπροτάτοις</span> 
     </span>
    </p>
   </div>
   <div class='ocr_carea' id='block_1_100' title="bbox 2199 4766 3865 4851">
    <p class='ocr_par' dir='ltr' id='par_1_100' title="bbox 2199 4766 3865 4851">
     <span class='ocr_line' id='line_1_100' title="bbox 2199 4766 3865 4851; baseline 0.006 -29"><span class='ocrx_word' id='word_1_715' title='bbox 2199 4766 2453 4847; x_wconf 73' lang='grc' dir='ltr'>αλήτορσι</span> <span class='ocrx_word' id='word_1_716' title='bbox 2510 4768 2597 4824; x_wconf 87' lang='grc' dir='ltr'><strong>καὶ</strong></span> <span class='ocrx_word' id='word_1_717' title='bbox 2655 4769 2924 4851; x_wconf 72' lang='grc' dir='ltr'>οἰκήτορσι</span> <span class='ocrx_word' id='word_1_718' title='bbox 2986 4776 3089 4841; x_wconf 81' lang='grc' dir='ltr'><strong>τῆς</strong></span> <span class='ocrx_word' id='word_1_719' title='bbox 3143 4773 3443 4831; x_wconf 83' lang='grc' dir='ltr'>θεοσώστου</span> <span class='ocrx_word' id='word_1_720' title='bbox 3494 4770 3705 4837; x_wconf 88' lang='grc' dir='ltr'>πόλεως</span> <span class='ocrx_word' id='word_1_721' title='bbox 3760 4778 3865 4841; x_wconf 81' lang='grc' dir='ltr'><strong>τῆς</strong></span> 
     </span>
    </p>
   </div>
   <div class='ocr_carea' id='block_1_101' title="bbox 2201 4854 2379 4917">
    <p class='ocr_par' dir='ltr' id='par_1_101' title="bbox 2201 4854 2379 4917">
     <span class='ocr_line' id='line_1_101' title="bbox 2201 4854 2379 4917; baseline -0.011 -4"><span class='ocrx_word' id='word_1_722' title='bbox 2201 4854 2379 4917; x_wconf 80' lang='grc' dir='ltr'>δεῖνα.</span> 
     </span>
    </p>
   </div>
   <div class='ocr_carea' id='block_1_102' title="bbox 2286 4936 3863 5032">
    <p class='ocr_par' dir='ltr' id='par_1_102' title="bbox 2286 4936 3863 5032">
     <span class='ocr_line' id='line_1_102' title="bbox 2286 4936 3863 5032; baseline 0.004 -29"><span class='ocrx_word' id='word_1_723' title='bbox 2286 4936 2343 5003; x_wconf 66' lang='grc' dir='ltr'><strong>ιΟ</strong></span> <span class='ocrx_word' id='word_1_724' title='bbox 2385 4950 2486 5013; x_wconf 81' lang='grc' dir='ltr'>τῆς</span> <span class='ocrx_word' id='word_1_725' title='bbox 2548 4949 2909 5022; x_wconf 72' lang='grc' dir='ltr'>πνευματικῆς</span> <span class='ocrx_word' id='word_1_726' title='bbox 2981 4949 3288 5017; x_wconf 82' lang='grc' dir='ltr'>ἀκολουθίας</span> <span class='ocrx_word' id='word_1_727' title='bbox 3363 4948 3484 5031; x_wconf 81' lang='grc' dir='ltr'>ὅρος</span> <span class='ocrx_word' id='word_1_728' title='bbox 3541 4952 3631 5009; x_wconf 88' lang='grc' dir='ltr'><strong>καὶ</strong></span> <span class='ocrx_word' id='word_1_729' title='bbox 3673 4951 3863 5032; x_wconf 86' lang='grc' dir='ltr'>νόμος,</span> 
     </span>
    </p>
   </div>
   <div class='ocr_carea' id='block_1_103' title="bbox 2198 5033 3865 5121">
    <p class='ocr_par' dir='ltr' id='par_1_103' title="bbox 2198 5033 3865 5121">
     <span class='ocr_line' id='line_1_103' title="bbox 2198 5033 3865 5121; baseline 0.004 -31"><span class='ocrx_word' id='word_1_730' title='bbox 2198 5047 2320 5097; x_wconf 72' lang='grc' dir='ltr'>ταΐς</span> <span class='ocrx_word' id='word_1_731' title='bbox 2389 5033 2761 5115; x_wconf 74' lang='grc' dir='ltr'>εὖαγγελικαῖς</span> <span class='ocrx_word' id='word_1_732' title='bbox 2813 5039 2901 5095; x_wconf 88' lang='grc' dir='ltr'><strong>καὶ</strong></span> <span class='ocrx_word' id='word_1_733' title='bbox 2957 5037 3341 5104; x_wconf 79' lang='grc' dir='ltr'>ἂποστολικατς</span> <span class='ocrx_word' id='word_1_734' title='bbox 3386 5041 3687 5117; x_wconf 83' lang='grc' dir='ltr'>ἰθυνόμενος</span> <span class='ocrx_word' id='word_1_735' title='bbox 3744 5042 3865 5121; x_wconf 81' lang='grc' dir='ltr'><strong>χά-</strong></span> 
     </span>
    </p>
   </div>
   <div class='ocr_carea' id='block_1_104' title="bbox 2200 5125 3865 5212">
    <p class='ocr_par' dir='ltr' id='par_1_104' title="bbox 2200 5125 3865 5212">
     <span class='ocr_line' id='line_1_104' title="bbox 2200 5125 3865 5212; baseline 0.006 -33"><span class='ocrx_word' id='word_1_736' title='bbox 2200 5146 2330 5204; x_wconf 90' lang='grc' dir='ltr'>ρισι,</span> <span class='ocrx_word' id='word_1_737' title='bbox 2389 5125 2510 5212; x_wconf 83' lang='grc' dir='ltr'>τοὺς</span> <span class='ocrx_word' id='word_1_738' title='bbox 2553 5126 2651 5193; x_wconf 73' lang='grc' dir='ltr'><strong>τὴν</strong></span> <span class='ocrx_word' id='word_1_739' title='bbox 2709 5128 2851 5207; x_wconf 83' lang='grc' dir='ltr'>ἱερὰν</span> <span class='ocrx_word' id='word_1_740' title='bbox 2905 5128 3049 5195; x_wconf 81' lang='grc' dir='ltr'>ἀξίαν</span> <span class='ocrx_word' id='word_1_741' title='bbox 3106 5143 3331 5207; x_wconf 82' lang='grc' dir='ltr'>κοσμεῖν</span> <span class='ocrx_word' id='word_1_742' title='bbox 3389 5129 3715 5206; x_wconf 78' lang='grc' dir='ltr'>ἠξιωμένους</span> <span class='ocrx_word' id='word_1_743' title='bbox 3773 5129 3865 5212; x_wconf 66' lang='grc' dir='ltr'>οὗ,</span> 
     </span>
    </p>
   </div>
   <div class='ocr_carea' id='block_1_105' title="bbox 2201 5211 3864 5301">
    <p class='ocr_par' dir='ltr' id='par_1_105' title="bbox 2201 5211 3864 5301">
     <span class='ocr_line' id='line_1_105' title="bbox 2201 5211 3864 5301; baseline 0.007 -33"><span class='ocrx_word' id='word_1_744' title='bbox 2201 5212 2255 5269; x_wconf 60' lang='grc' dir='ltr'>ἐν</span> <span class='ocrx_word' id='word_1_745' title='bbox 2292 5211 2551 5294; x_wconf 74' lang='grc' dir='ltr'>ἀξιολόγῳ</span> <span class='ocrx_word' id='word_1_746' title='bbox 2620 5217 2708 5272; x_wconf 87' lang='grc' dir='ltr'><strong>καὶ</strong></span> <span class='ocrx_word' id='word_1_747' title='bbox 2756 5216 3105 5295; x_wconf 76' lang='grc' dir='ltr'>ἀνεπιλήπτῳ</span> <span class='ocrx_word' id='word_1_748' title='bbox 3158 5233 3344 5301; x_wconf 77' lang='grc' dir='ltr'>τηρεῖν</span> <span class='ocrx_word' id='word_1_749' title='bbox 3388 5218 3634 5297; x_wconf 86' lang='grc' dir='ltr'>βούλεται</span> <span class='ocrx_word' id='word_1_750' title='bbox 3687 5211 3864 5282; x_wconf 55' lang='grc' dir='ltr'>καταὲ</span> 
     </span>
    </p>
   </div>
   <div class='ocr_carea' id='block_1_106' title="bbox 2203 5303 3866 5379">
    <p class='ocr_par' dir='ltr' id='par_1_106' title="bbox 2203 5303 3866 5379">
     <span class='ocr_line' id='line_1_106' title="bbox 2203 5303 3866 5379; baseline 0.005 -18"><span class='ocrx_word' id='word_1_751' title='bbox 2203 5305 2437 5379; x_wconf 73' lang='grc' dir='ltr'>στήματι</span> <span class='ocrx_word' id='word_1_752' title='bbox 2472 5322 2488 5339; x_wconf 87' lang='grc'><strong>·</strong></span> <span class='ocrx_word' id='word_1_753' title='bbox 2549 5306 2623 5368; x_wconf 83' lang='grc' dir='ltr'>ὡς</span> <span class='ocrx_word' id='word_1_754' title='bbox 2663 5303 2726 5361; x_wconf 78' lang='grc' dir='ltr'><strong>ἂν</strong></span> <span class='ocrx_word' id='word_1_755' title='bbox 2778 5308 2840 5363; x_wconf 79' lang='grc' dir='ltr'>τὸ</span> <span class='ocrx_word' id='word_1_756' title='bbox 2895 5308 2992 5377; x_wconf 75' lang='grc' dir='ltr'>τῆς</span> <span class='ocrx_word' id='word_1_757' title='bbox 3064 5308 3386 5379; x_wconf 86' lang='grc' dir='ltr'>Ἐκκλησίας</span> <span class='ocrx_word' id='word_1_758' title='bbox 3443 5310 3531 5367; x_wconf 80' lang='grc' dir='ltr'><strong>καὶ</strong></span> <span class='ocrx_word' id='word_1_759' title='bbox 3586 5308 3866 5378; x_wconf 88' lang='grc' dir='ltr'>πολιτείας</span> 
     </span>
    </p>
   </div>
   <div class='ocr_carea' id='block_1_107' title="bbox 2203 5391 3870 5480">
    <p class='ocr_par' dir='ltr' id='par_1_107' title="bbox 2203 5391 3870 5480">
     <span class='ocr_line' id='line_1_107' title="bbox 2203 5391 3870 5480; baseline 0.005 -31"><span class='ocrx_word' id='word_1_760' title='bbox 2203 5393 2407 5472; x_wconf 72' lang='grc' dir='ltr'>εὒαγῶς</span> <span class='ocrx_word' id='word_1_761' title='bbox 2505 5391 2983 5474; x_wconf 82' lang='grc' dir='ltr'>διακυϐερνώμενον</span> <span class='ocrx_word' id='word_1_762' title='bbox 3066 5397 3359 5480; x_wconf 78' lang='grc' dir='ltr'>πλήρωμα,</span> <span class='ocrx_word' id='word_1_763' title='bbox 3439 5398 3494 5455; x_wconf 84' lang='grc' dir='ltr'>ἐν</span> <span class='ocrx_word' id='word_1_764' title='bbox 3577 5399 3870 5477; x_wconf 70' lang='grc' dir='ltr'>ἀκυμάντῳ</span> 
     </span>
    </p>
   </div>
   <div class='ocr_carea' id='block_1_108' title="bbox 2200 5483 3872 5569">
    <p class='ocr_par' dir='ltr' id='par_1_108' title="bbox 2200 5483 3872 5569">
     <span class='ocr_line' id='line_1_108' title="bbox 2200 5483 3872 5569; baseline 0.006 -31"><span class='ocrx_word' id='word_1_765' title='bbox 2200 5483 2289 5539; x_wconf 87' lang='grc' dir='ltr'><strong>καὶ</strong></span> <span class='ocrx_word' id='word_1_766' title='bbox 2371 5483 2606 5563; x_wconf 79' lang='grc' dir='ltr'>εἷρηναίᾳ</span> <span class='ocrx_word' id='word_1_767' title='bbox 2690 5484 2899 5564; x_wconf 76' lang='grc' dir='ltr'>γαλήνῃ</span> <span class='ocrx_word' id='word_1_768' title='bbox 2981 5490 3286 5569; x_wconf 77' lang='grc' dir='ltr'>θεοπρεπῶς</span> <span class='ocrx_word' id='word_1_769' title='bbox 3368 5486 3699 5568; x_wconf 83' lang='grc' dir='ltr'>διεξάγηται,</span> <span class='ocrx_word' id='word_1_770' title='bbox 3777 5491 3872 5548; x_wconf 79' lang='grc' dir='ltr'><strong>καὶ</strong></span> 
     </span>
    </p>
   </div>
   <div class='ocr_carea' id='block_1_109' title="bbox 1803 5645 2529 5716">
    <p class='ocr_par' dir='ltr' id='par_1_109' title="bbox 1803 5645 2529 5716">
     <span class='ocr_line' id='line_1_109' title="bbox 1803 5645 2529 5716; baseline 0.015 -11"><span class='ocrx_word' id='word_1_771' title='bbox 1803 5645 2062 5712; x_wconf 69' lang='grc' dir='ltr'><strong>νΑΒΙλΕ</strong></span> <span class='ocrx_word' id='word_1_772' title='bbox 2091 5648 2529 5716; x_wconf 87' lang='lat' dir='ltr'><strong>LECTIONES.</strong></span> 
     </span>
    </p>
   </div>
   <div class='ocr_carea' id='block_1_110' title="bbox 530 5806 1754 5887">
    <p class='ocr_par' dir='ltr' id='par_1_110' title="bbox 530 5806 1754 5887">
     <span class='ocr_line' id='line_1_110' title="bbox 530 5806 1754 5887; baseline -0.002 -19"><span class='ocrx_word' id='word_1_773' title='bbox 530 5806 592 5859; x_wconf 59' lang='grc' dir='ltr'><strong>οἳ</strong></span> <span class='ocrx_word' id='word_1_774' title='bbox 619 5807 803 5876; x_wconf 69' lang='grc' dir='ltr'>ἐπὶέτη</span> <span class='ocrx_word' id='word_1_775' title='bbox 847 5808 936 5863; x_wconf 86' lang='grc' dir='ltr'><strong>καὶ</strong></span> <span class='ocrx_word' id='word_1_776' title='bbox 966 5806 1085 5876; x_wconf 71' lang='grc' dir='ltr'>ἔτη,</span> <span class='ocrx_word' id='word_1_777' title='bbox 1168 5808 1236 5859; x_wconf 73' lang='grc'>63</span> <span class='ocrx_word' id='word_1_778' title='bbox 1260 5808 1341 5872; x_wconf 79' lang='lat' dir='ltr'><strong>al.</strong></span> <span class='ocrx_word' id='word_1_779' title='bbox 1377 5808 1754 5887; x_wconf 75' lang='grc' dir='ltr'>ἠπειγμένους.</span> 
     </span>
    </p>
   </div>
  </div>
