4128 6416
271 429 299 490 1
318 427 432 494 133
1609 431 1919 496 GPuECO-l

2003 434 2314 501 'MANUM.
3507 447 3667 514 1134

256 565 406 625 πᾶσα
495 564 772 644 δογμάτων
858 564 1194 660 ἀλλοφύλωνΔ
1248 565 1607 646 ἆποκρούηται
1697 568 1916 639 ζήτησις

2003 581 2132 628 rum
2166 568 2503 660 dogmatum
2534 573 2841 654 inquisitio
2873 594 2941 638 ac
2966 583 3290 658 tempestas
3307 577 3658 660 repellatur,

250 659 340 714 καὶ
381 656 541 737 ζάλη,
571 657 660 712 καὶ
703 662 806 712 τῶν
869 654 1303 732 ἐπανισταμένων
1361 655 1638 715 λαιλάπων
1699 657 1760 713 ἐκ
1819 679 1919 713 πο-

2007 664 2066 718 et
2094 658 2436 739 caliginosae
2467 663 2769 726 turbinum
2801 683 2875 728 ex
2903 654 3108 728 hostili
3145 666 3358 729 hzeresi
3380 654 3457 730 se
3488 654 3654 732 com;

254 745 441 824 λεμίας
501 745 770 826 αἱρέσεως,
827 742 1230 817 διασκεδάζηται
1287 744 1526 826 ζοφώδης
1586 745 1917 823 σκοτόμηνα.

2005 750 2368 812 moventium
2433 752 2695 817 tenebm
2746 754 3132 837 dissipentur.
3195 754 3428 838 Quippe
3474 759 3652 822 talem

257 844 502 894 Τοιοῦτον
531 837 630 915 γὰρ
673 835 816 892 εἶναι
875 833 958 892 δεῖ
1000 837 1090 891 τὸν
1144 833 1274 891 λαοῦ
1316 835 1772 915 προστησόμενον,
1831 834 1918 892 καὶ

256 927 600 1002 ἁνθεξόμενον
643 933 735 982 τοῦ
778 927 914 983 κατὰ
971 926 1067 994 τὴν
1117 923 1342 1005 διδαχὴν
1399 937 1588 985 πιστοῦ
1614 925 1797 1007 λόγου,
1829 913 1916 983 καὶ

257 1016 559 1097 ὀφθαλμὸν,
595 1017 683 1072 καὶ
712 1017 903 1091 ἀκοὴν,
961 1017 1052 1072 καὶ
1109 1028 1296 1095 χεῖρα,
1344 1018 1432 1072 καὶ
1474 1015 1610 1072 πόδα
1663 1022 1761 1084 τῆς
1793 1015 1920 1074 ποί-

257 1129 430 1182 μνης,
486 1108 618 1186 πρὸς
662 1103 880 1184 ὁδηγίαν
938 1105 1035 1180 μὲν
1083 1104 1172 1160 κλί
1215 1103 1456 1184 φυλακὴν
1513 1111 1620 1162 τῶν
1677 1105 1921 1184 κρειττό-

256 1217 385 1258 νων,
446 1195 666 1274 ἀποχήν
736 1192 790 1250 δὲ
847 1195 935 1250 καὶ
1005 1193 1309 1272 ἀνατροπὴν
1366 1200 1472 1250 τῶν
1532 1193 1777 1258 ἐναντίως
1836 1187 1925 1250 καὶ

266 1283 462 1363 ἑτέρως
512 1283 753 1364 ἐχόντων
822 1283 1100 1358 ἐσόμενον.
1153 1280 1305 1338 Ἐπεὶ
1370 1289 1466 1343 οῦν,
1528 1283 1582 1338 ἐν
1681 1285 1923 1364 στερήσει

262 1373 524 1449 ποιμένος
581 1373 679 1441 τὴν
737 1373 854 1429 καθ’
939 1374 1074 1448 ὑμᾶς
1135 1372 1456 1450 εὖγεστάτην
1515 1373 1749 1448 ποίμνην
1822 1371 1923 1430 ἐπ-

260 1463 499 1540 έγνωμεν
561 1461 928 1538 διαμένουσαν,
975 1468 1067 1519 τοῦ
1123 1462 1588 1542 προποιμάναντος
1644 1460 1748 1530 ἤδη
1793 1465 1924 1543 πρὸς

255 1553 358 1620 τὴν
411 1555 588 1608 ἐκεῖσε
644 1550 796 1619 λῆξιν
851 1551 1173 1629 ἀπάραντος,
1234 1553 1323 1607 καὶ
1374 1554 1505 1633 πρὸς
1561 1554 1655 1617 τὰς
1683 1553 1799 1610 ἐκεῖ
1827 1577 1926 1630 μο-

258 1643 350 1706 νὰς
428 1641 818 1714 εἰσελάσαντος,
879 1641 973 1697 οὒκ
1015 1641 1267 1715 ᾠήθημεν
1323 1638 1437 1698 δεῖν
1494 1640 1588 1698 ἐπὶ
1635 1641 1771 1699 πολὺ
1804 1666 1920 1722 χη-

263 1731 514 1811 ρεύουσαν
573 1732 661 1786 καὶ
717 1728 964 1810 ἄνανδρον
1041 1733 1298 1796 καθῆσθαι
1325 1728 1393 1780 64
1453 1731 1551 1798 τὴν
1598 1729 1710 1788 κοθ’
1782 1733 1918 1807 ὑμᾶς

259 1810 610 1896 Ἐκκλησίαν,
671 1830 765 1880 τοῦ
810 1818 1144 1899 διαξάγοντος
1199 1818 1422 1899 ἔρημον.
1474 1810 1639 1879 υΟθεν
1697 1821 1920 1887 ἐκλεξά-

260 1932 415 1986 μενοι
504 1911 596 1966 τὸν
678 1907 826 1966 δεῖνα
908 1911 999 1966 τὸν
1079 1905 1488 1967 θεοσεϐέστατον
1543 1907 1916 1991 πρεσϐύτερον,

262 1999 546 2056 ἐπικλίσει
628 2009 723 2058 τοῦ
804 1999 1148 2078 προανάρχου
1233 2001 1462 2078 Πατρὸς,
1522 2000 1610 2056 καὶ
1663 1998 1921 2057 ἐπινεύσει

262 2096 355 2147 τοῦ
426 2089 760 2170 συνανάρχου
816 2091 960 2161 Υἱοῦ,
1025 2089 1114 2145 καὶ
1168 2089 1412 2167 συνεργίᾳ
1480 2098 1572 2147 τοῦ
1645 2091 1922 2164 ὁμοουσίου

264 2181 356 2236 καὶ
398 2180 724 2258 ἡγεμονικοῦ
782 2178 1111 2252 Πνεύματος,
1171 2180 1244 2241 ὡς
1306 2176 1582 2257 ἐλάχιστοι
1648 2179 1736 2235 καὶ
1819 2179 1921 2235 ἆν-

271 2268 408 2333 άξιοι
452 2281 614 2348 χεῖρα
667 2267 952 2346 ἐπιθέντες,
999 2269 1087 2324 καί
1141 2267 1412 2347 ἱρωνύμως
1470 2268 1536 2323 τὰ
1591 2265 1710 2325 κατ’
1765 2270 1920 2326 αὐτὸν

268 2355 662 2430 ἐκτελέσαντες,
749 2355 1007 2436 ἐρχιερὲαῖ
1064 2359 1161 2425 τῆς
1245 2357 1540 2413 θεοσώστου
1619 2359 1767 2433 ὑμῶν
1819 2358 1919 2414 ἆν-

261 2447 624 2527 ηγορεύσαμεν
679 2435 910 2509 πόλεως,
973 2435 1240 2522 ’Ὰσμενοι
1297 2445 1408 2526 οὗν,
1469 2447 1560 2502 καὶ
1614 2447 1920 2526 γηθόσυνοι,

258 2538 350 2593 καὶ
379 2534 478 2614 ὅλῃ
524 2540 678 2616 ψυχῇ
734 2536 823 2591 καὶ
877 2533 1078 2608 διανοίᾳ
1133 2545 1316 2594 τοῦτον
1376 2532 1686 2610 εἰσδέξασθε,
1731 2538 1820 2593 καὶ
1848 2538 1920 2601 ὡς

261 2625 467 2706 πατέρα
518 2623 813 2704 αἰδέσθητε,
889 2625 976 2681 καὶ
1033 2626 1107 2690 ὡς
1157 2623 1386 2701 ποιμένα
1430 2625 1729 2705 ὁμοψύχως
1801 2625 1920 2682 ’ἐπί-

261 2736 460 2794 γνωτε,
532 2715 621 2772 καὶ
676 2715 748 2777 ὡς
779 2711 958 2792 ὁδηγῷ
986 2715 1117 2794 πρὸς
1171 2713 1435 2792 σωτηρίαν
1495 2712 1764 2772 ἐλαύνοντι
1819 2714 1923 2771 ἐπ-

260 2805 680 2878 ακολουθήσατε,
751 2804 839 2859 καὶ
895 2805 968 2866 ὡς
1052 2801 1192 2860 τίδιον
1260 2804 1474 2881 θήραμα
1534 2803 1922 2882 παριθάλψατε,

258 2897 348 2951 καὶ
391 2895 465 2958 ὡς
521 2893 666 2959 τάξιν
710 2895 835 2948 υἱῶν
891 2889 1018 2970 παρ’
1075 2891 1216 2966 αὐτῷ
1261 2891 1510 2972 φέροντες
1569 2894 1871 2971 ὑποτάγητε
1905 2911 1921 2926 °

2002 846 2236 926 oportet
2267 859 2400 902 eum
2449 861 2606 917 esse,
2640 842 2742 924 qui
2774 845 2990 926 p0pulo
3023 844 3383 925 przefuturus
3439 847 3539 922 sit,
3598 855 3657 910 et

2001 922 2286 1023 doctrinae
2317 930 2455 992 ﬁdei
2509 922 2710 994 curam
2766 922 3100 1012 habiturus,
3156 934 3375 1016 quique
3428 935 3660 999 futurus

2006 1019 2084 1105 sit
2111 1019 2341 1095 oculus,
2379 1028 2435 1082 et
2461 1022 2643 1099 auris,
2679 1031 2736 1085 et
2766 1041 2996 1102 manus,
3047 1031 3107 1086 et
3159 1041 3263 1105 pes
3317 1025 3534 1104 gregis,
3599 1034 3664 1088 ut

2006 1104 2195 1170 bonos
2227 1109 2401 1171 ducat
2429 1118 2606 1193 atque
2630 1113 2943 1194 custodiat,
2978 1104 3170 1176 malos
3223 1120 3282 1174 et
3307 1112 3481 1176 aliter
3507 1115 3657 1178 aﬁ‘e-

2006 1204 2134 1259 ctos
2165 1197 2360 1279 abigat
2382 1219 2450 1263 ac
2475 1201 2796 1264 subvertat.
2822 1201 3028 1284 Itaque
3057 1221 3195 1265 cum
3216 1203 3652 1283 acceperimus,

2006 1286 2525 1366 religiosissimum
2543 1291 2709 1354 urbis
2721 1301 2930 1354 vestrae
2941 1309 3188 1374 gregem
3204 1291 3399 1354 adhuc
3424 1301 3658 1374 pastore

2007 1395 2238 1456 carere,
2274 1386 2586 1462 postquam
2619 1380 2691 1458 is,
2727 1381 2831 1463 qui
2890 1382 3180 1444 hactenus
3211 1380 3342 1461 ejus
3370 1381 3656 1462 pascendi

2006 1485 2207 1528 curam
2240 1469 2445 1547 gessit,
2485 1470 2558 1532 ad
2589 1470 2836 1534 alteram
2893 1471 3073 1534 vitam
3107 1469 3400 1550 migravit,
3438 1478 3498 1532 et
3525 1472 3662 1534 coeli

2007 1556 2348 1620 mansiones
2379 1559 2686 1640 ingressus
2719 1569 2845 1624 est:
2885 1561 3135 1624 minime
3167 1559 3659 1624 committendum

2006 1646 2363 1724 putavimus,
2398 1657 2462 1712 ut
2509 1648 2773 1712 Ecclesia
2806 1658 3000 1713 vestra
3028 1649 3242 1710 marito
3273 1665 3380 1710 suo
3411 1649 3664 1730 spoliata

2003 1743 2358 1818 rectoreque
2378 1738 2678 1815 destituta,
2710 1739 2812 1801 diu
2835 1757 2967 1802 cum
2991 1736 3292 1802 viduitatis
3319 1736 3661 1801 incommo-

2003 1823 2096 1886 dis
2117 1826 2578 1890 conﬁictaretur.
2611 1828 2869 1910 Ideoque
2891 1847 3024 1890 cum
3049 1825 3384 1908 piissimum
3405 1825 3654 1908 presby-

2008 1921 2198 1976 terum
2222 1913 2292 1978 N.
2318 1915 2762 1998 selegissemus,
2789 1916 2962 1998 eique
2997 1913 3435 1978 interveniente
3465 1915 3658 1977 Patris

2004 2010 2142 2065 ante
2159 2005 2361 2066 omnia
2383 2005 2661 2086 principii
2674 2003 3340 2086 expertisinvocatione,
3353 2012 3662 2067 annucnte

2005 2090 2184 2154 simul
2215 2101 2457 2174 cxpcrte
2487 2094 2766 2177 principii
2808 2095 2982 2172 Filio,
3017 2099 3378 2174 cooperante
3406 2091 3666 2155 consub-

2004 2181 2266 2244 stantiali
2298 2201 2369 2245 ac
2401 2183 2672 2265 principe
2725 2182 2970 2265 Spiritu,
3029 2190 3313 2263 tanquam
3343 2179 3573 2243 nemini
3602 2189 3662 2244 et

2002 2269 2236 2350 indigni
2283 2290 2527 2335 manum
2584 2273 3103 2355 imposuissemus.
3137 2278 3198 2333 et
3225 2269 3341 2333 rite
3397 2287 3530 2351 quae
3585 2270 3660 2332 ad

2003 2358 2199 2437 ipsum
2260 2359 2649 2441 pertinerent,
2710 2361 3242 2443 expedivissemus,
3301 2377 3438 2420 eum
3496 2357 3664 2420 urbis

2003 2462 2237 2525 vestra},
2273 2449 2489 2512 divinae
2517 2449 2800 2513 custodiae
2831 2449 3284 2520 commendatae,
3319 2446 3661 2528 pontiﬁcem

2005 2536 2465 2617 designavimus.
2528 2539 2827 2602 Lubentes
2885 2538 3084 2618 igitur,
3149 2544 3209 2598 et
3258 2535 3504 2612 hilares,
3540 2543 3660 2598 toto

2006 2627 2186 2687 corde
2217 2635 2394 2705 atque
2417 2627 2618 2690 animo
2637 2628 2807 2690 illum
2842 2627 3117 2707 excipite,
3141 2644 3251 2688 ceu
3270 2632 3522 2706 patrem,
3552 2643 3658 2686 re-

2006 2716 2320 2792 veremini,
2354 2735 2464 2780 ceu
2495 2726 2802 2780 vocantem
2837 2734 2941 2780 vos
2968 2724 3266 2797 pastorem
3297 2712 3665 2776 unanimiter

2005 2806 2336 2882 agnoscite,
2369 2826 2481 2868 ceu
2512 2806 2727 2869 ducem
2758 2806 2831 2869 ad
2855 2805 3108 2869 salutem
3121 2823 3223 2866 vos
3251 2802 3662 2884 impellentem

2007 2895 2352 2976 sequimini,
2391 2915 2500 2958 ceu
2519 2904 2749 2978 captam
2773 2913 2808 2957 a
2829 2895 2994 2957 vobis
3024 2893 3284 2975 praedam
3317 2893 3530 2976 fovete,
3553 2911 3664 2955 ceu

261 2984 640 3060 γινώσκοντες,
686 2984 760 3045 ὡς
823 2982 959 3038 κατὰ
1021 2979 1227 3037 Παῦλον
1298 2983 1386 3036 τὸν
1447 2981 1615 3058 μέγαν
1672 2979 1919 3039 διδάσκα-

2008 2980 2265 3045 ﬁliorum
2287 2983 2402 3064 ipsi
2424 2985 2554 3048 loco
2575 2984 2880 3047 constituti
2910 2982 3310 3046 obedientiam
3343 2988 3652 3062 prastate:

261 3073 380 3147 λον,
447 3073 765 3148 ἀκοιμήτοις
823 3069 1122 3150 ὀφθαλμο”ς
1195 3069 1612 3152 ἐπαγρυπνήσει,
1670 3073 1759 3128 καὶ
1825 3077 1919 3139 τῆς

2010 3072 2270 3134 scientes
2301 3093 2461 3148 eum,
2496 3075 2570 3136 de
2602 3073 2764 3136 illius
2794 3073 2990 3152 magni
3019 3070 3286 3135 doctoris
3314 3069 3488 3132 Pauli
3516 3087 3664 3132 sen-

263 3163 504 3242 ψυχικῆς
562 3163 710 3236 ὑμῶν
767 3161 1030 3240 σωτηρίας
1084 3159 1331 3224 ἐπιεικῶς
1375 3161 1748 3238 προνοήσεται.
1826 3171 1919 3227 Καὶ

2012 3162 2216 3238 tentia,
2253 3181 2359 3243 pro
2385 3161 2939 3226 vobisinsomnibus
2957 3160 3142 3224 oculis
3161 3158 3557 3238 vigilaturum,
3586 3176 3658 3221 ac

261 3254 363 3333 γὰρ
405 3249 470 3308 δι’
531 3255 688 3309 αὑτοῦ
731 3249 880 3316 ἐλπνς
945 3253 1082 3326 ἡμῖν
1125 3248 1310 3328 βεϐαία
1365 3251 1498 3322 ἐστὶ,
1549 3251 1616 3307 τὰ
1670 3251 1919 3330 κράτιστα

2007 3251 2274 3314 studiose
2296 3253 2502 3314 salutis
2523 3253 2861 3315 animarum
2881 3258 3213 3313 vestrarum
3237 3245 3528 3310 rationem
3550 3249 3662 3310 ba-

264 3343 411 3420 παρὰ
475 3349 590 3416 Θεῷ
649 3341 738 3397 καὶ
794 3340 1058 3418 σωτηρίας
1142 3340 1380 3420 ἐχόμενα
1437 3341 1572 3416 ὑμᾶς
1629 3338 1917 3415 λήψεσθαι.

263 3434 325 3490 Εἰ
368 3432 466 3511 γὰρ
512 3431 653 3503 αὐτῷ
681 3432 742 3486 τὸ
787 3429 872 3494 οὖς
931 3431 1079 3505 ὑμῶν
1135 3428 1488 3505 ὑποκλίνοιτε,
1544 3431 1632 3486 καὶ
1682 3430 1802 3493 τοῖς
1832 3427 1920 3486 ὑπ’

265 3525 424 3580 αὐτοῦ
508 3520 816 3600 λεγομένοις
923 3519 1265 3600 προσέχοιτε,
1371 3527 1476 3578 τῶν
1560 3518 1920 3596 ἐλπιζομένων

265 3612 480 3690 ἀγαθῶν
527 3609 901 3689 ἐπιτεύξοισθε,
943 3611 1032 3665 καὶ
1082 3616 1189 3666 τῶν
1232 3609 1436 3666 ἐκεῖθεν
1479 3607 1714 3685 ἂμοιϐῶν
1779 3611 1921 3685 αὐτῷ

263 3701 722 3781 συμμετάσχοιτε.
811 3701 920 3775 Πρὸ
1003 3697 1058 3754 δὲ
1139 3699 1363 3772 τούτων,
1407 3696 1622 3774 καὶῡδιὰ
1679 3699 1915 3774 πάντων,

264 3788 472 3860 δεήσεις
531 3790 768 3851 ἐκτενεῖς
840 3789 929 3844 καὶ
981 3785 1234 3853 ἐντεύξεις
1292 3785 1558 3855 διηνεκεῖς
1628 3787 1758 3868 ὑπὲρ
1828 3794 1920 3846 τοῦ

266 3879 528 3960 σωτηρίου
582 3879 805 3958 κράτους
860 3882 965 3934 τῶν
1037 3876 1096 3933 ἐκ
1147 3884 1278 3936 Θεοῦ
1319 3875 1744 3958 προλαμπόντων
1815 3898 1918 3953 με-

263 3967 446 4048 γάλων
530 3965 792 4044 βασιλέων
875 3968 1030 4043 ἡμῶν
1115 3969 1384 4024 ποιεῖσθαι
1469 3967 1547 4044 μὴ
1605 3963 1915 4024 διαλίποιτε’

263 4058 409 4123 ὅπως
456 4059 641 4136 Κύριος
685 4059 714 4113 6
773 4058 903 4119 Θεὸς
965 4059 993 4113 ὁ
1035 4056 1254 4136 στέψας,
1314 4055 1409 4113 καὶ
1452 4062 1780 4136 συμμαχῶν,
1833 4057 1922 4115 καὶ

264 4160 567 4216 νικητικαϊς
626 4146 928 4226 εὐημερίαις
985 4146 1085 4213 τὴν
1141 4144 1396 4225 γαλήνιον
1453 4144 1693 4225 κεφαλὴν
1719 4144 1784 4197 65
1829 4149 1919 4206 αὖ·

262 4245 368 4296 τῶν
423 4236 650 4317 στέφων,
700 4236 786 4292 ἐπὶ
814 4234 1004 4293 πλεῖον
1045 4235 1134 4292 καὶ
1175 4235 1366 4292 πλεῖον
1409 4249 1534 4301 ταῖς
1563 4233 1684 4293 κατ’
1714 4236 1918 4316 ἐχθρῶν

261 4326 559 4402 ἆνυψώσειε
642 4338 947 4406 προκοπαϊς
1031 4330 1264 4405 φρουρῶν
1371 4327 1460 4382 καὶ
1556 4323 1917 4405 διαφυλάττων

260 4413 542 4495 ἆδιάδοχον
578 4417 640 4471 τὸ
699 4415 890 4496 στέφος
932 4418 1128 4491 αὐτῶν,
1183 4416 1256 4479 εἰς
1312 4416 1510 4478 παντὸς
1566 4421 1658 4471 τοῦ
1717 4415 1918 4490 κόσμου

261 4507 526 4585 σωτηρίαν
556 4506 644 4562 καὶ
688 4503 934 4564 εὖόδωσιν
970 4523 986 4540 ⁸

261 4597 334 4660 ὡς
367 4596 528 4670 εἰκὸς,
563 4596 934 4676 μετριότητος.
995 4595 1132 4674 Πρὸς
1191 4591 1245 4649 δὲ
1304 4595 1404 4662 τὴν
1453 4603 1548 4653 τοῦ
1575 4615 1917 4674 προκεχειρισ-

264 4687 457 4764 σμένου
516 4689 659 4764 ὃμῶν
713 4687 1006 4768 ἀρχιερέως
1062 4686 1116 4744 ἐν
1163 4694 1232 4765 τῇ
1290 4687 1490 4762 ποίμνῃ
1551 4686 1921 4745 ἀποκατάστα-

261 4799 366 4852 σιν,
415 4778 504 4834 καὶ
556 4779 688 4856 πρὸς
743 4779 836 4833 τὸν
893 4777 1030 4857 ἱερὸν
1071 4776 1254 4855 θρόνον
1310 4774 1623 4855 καθίδρυσιν,
1679 4778 1768 4833 τὸν
1825 4779 1918 4834 εὖ-

261 4865 582 4923 λαϐέστατον
626 4867 717 4923 τὸν
761 4864 910 4924 δεῖνα
966 4864 1376 4942 ἀπεστείλαμεν,
1434 4865 1572 4923 ὥστε
1627 4867 1689 4922 τὸ
1735 4872 1915 4922 τοιοῦ-

262 4977 352 5012 τον
422 4955 574 5035 ἔργον
631 4958 958 5036 ἱεροπρεπῶς
1017 4953 1386 5036 ἐκτελέσαντα,
1434 4956 1565 5033 πρὸς
1610 4956 1754 5030 ἡμᾶς
1825 4955 1917 5011 εὖ-

263 5047 454 5126 καίρως
500 5035 950 5124 παλινδρομῆσαι.
1017 5035 1072 5102 Ὀ
1132 5042 1186 5100 δὲ
1246 5044 1625 5124 παντοκράτωρ
1665 5045 1754 5102 καὶ
1810 5045 1916 5121 μό-

264 5158 351 5199 νος
411 5137 541 5200 Θεὸς
596 5137 774 5212 ἡμῶν,
852 5138 880 5191 6
937 5134 993 5190 ἐν
1048 5132 1224 5213 Τριάδι
1281 5134 1648 5209 ὑποστάσεων,
1719 5133 1811 5191 καὶ
1865 5133 1920 5190 ἐν

266 5223 450 5302 μονάδι
509 5225 818 5292 οὐσιότητος
905 5225 1384 5304 προσκυνούμενος,
1459 5226 1486 5280 ὁ
1543 5225 1611 5280 τὰ
1665 5222 1919 5282 διεστῶτα

265 5315 527 5392 συνάγων,
577 5317 662 5371 καὶ
704 5316 769 5370 τὰ
828 5312 1006 5392 πόῤῥω
1047 5313 1271 5392 ἐγγίζειν
1328 5319 1518 5385 ποιῶν,
1583 5315 1612 5370 6
1667 5315 1753 5370 καὶ
1822 5320 1919 5382 τῆς

264 5404 527 5483 ἡμετέρας
583 5405 813 5481 ποίμνης
843 5405 904 5460 τὸ
948 5406 1135 5460 λεῖπον
1192 5403 1626 5479 ἀνασωσάμενος,
1687 5401 1920 5482 εὐλογῶν

267 5492 569 5573 εὖλοτήσει,
601 5496 690 5552 καὶ
719 5493 1000 5561 πληθύνων
1049 5491 1333 5570 πληθυνεῖ,
1391 5493 1479 5548 καὶ
1538 5490 1706 5558 αὐξων
1755 5493 1920 5574 ὑπερ-

2005 3337 2295 3406 biturum.
2341 3341 2488 3404 Nam
2523 3350 2685 3404 certa
2712 3343 2774 3402 in
2807 3359 2913 3422 spe
2973 3358 3200 3417 sumus,
3251 3355 3362 3418 per
3394 3354 3532 3399 eum
3561 3356 3665 3399 vos

2004 3430 2162 3510 apud
2192 3433 2380 3494 Deum
2409 3430 2898 3514 praestantissima
2923 3446 3194 3511 quaeque,
3224 3433 3284 3489 et
3305 3425 3380 3488 ad
3411 3425 3663 3488 salutem

2005 3519 2388 3597 pertinentia,
2415 3528 2863 3582 consecuturos.
2891 3518 3126 3600 Quippe
3153 3516 3206 3579 si
3233 3533 3437 3578 aurem
3461 3516 3514 3577 ei
3547 3533 3656 3577 ve-

2003 3615 2184 3669 stram
2216 3609 2664 3683 inclinaveritis,
2701 3617 2761 3671 et
2788 3607 3052 3670 animum
3110 3605 3207 3685 iis,
3267 3621 3397 3685 quae
3424 3603 3498 3664 ab
3526 3605 3658 3685 ipso

2002 3698 2407 3780 proferuntur,
2433 3697 2840 3762 adverteritis:
2877 3697 2939 3758 in
2961 3713 3068 3776 spe
3092 3693 3284 3776 posita
3299 3692 3475 3754 nobis
3507 3691 3664 3754 bona

2003 3787 2457 3864 nanciscemini,
2489 3805 2738 3869 quaeque
2793 3786 2950 3848 vices
2980 3787 3042 3846 in
3067 3784 3256 3845 altera
3285 3780 3400 3844 vita
3433 3798 3659 3862 repen-

2003 3876 2248 3953 duntur,
2279 3896 2483 3941 earum
2515 3896 2647 3939 cum
2667 3877 2796 3958 ipso
2821 3875 3141 3958 participes
3154 3872 3343 3935 eritis.
3363 3869 3654 3958 Caeterum

2005 3973 2147 4028 ante
2177 3967 2325 4045 haec,
2365 3974 2423 4030 et
2448 3985 2554 4047 per
2584 3957 2806 4040 omnia,
2826 3957 3050 4046 preces
3080 3964 3340 4025 intentas
3380 3968 3440 4021 et
3468 3957 3662 4022 inter-

2006 4056 2314 4118 cessiones
2343 4064 2658 4137 perpetuas
2683 4073 2790 4136 pro
2811 4053 3056 4116 salutari
3075 4058 3370 4134 potestate
3393 4047 3657 4137 colloca-

2005 4151 2204 4207 torum
2237 4136 2519 4208 divinitus
2538 4145 2599 4206 in
2643 4143 2859 4206 illustri
2892 4143 3024 4205 loco
3051 4155 3524 4222 magnorumque
3544 4136 3658 4198 im-

2003 4242 2348 4314 peratorum
2391 4243 2756 4306 nostrorum,
2806 4231 3031 4295 habere
3081 4249 3156 4294 ne
3204 4227 3493 4292 desinatis
3531 4245 3546 4287 :
3596 4235 3662 4289 ut

2004 4323 2294 4387 Dominus
2321 4325 2442 4403 ille,
2476 4324 2578 4407 qui
2607 4323 2767 4386 Deus
2797 4329 2906 4398 est,
2959 4321 3178 4403 quique
3227 4315 3536 4382 coronavit
3595 4323 3656 4407 et

2000 4422 2353 4495 propugnat,
2387 4421 2445 4476 et
2474 4405 2816 4475 victricibus
2864 4427 3142 4474 serenum
3171 4409 3436 4491 ipsorum
3466 4405 3650 4466 verti-

1049 4503 1381 4581 μεμνημένοι
1437 4505 1526 4561 καὶ
1580 4509 1679 4571 τῆς
1734 4506 1911 4580 ἡμῶν,

2003 4523 2132 4567 cem
2159 4502 2652 4586 prosperitatibus
2663 4521 2774 4564 ceu
2788 4507 2946 4563 serto
2963 4496 3503 4580 redimit,magisac
3517 4512 3649 4556 ma-

1999 4593 2090 4673 gis
2147 4612 2249 4656 eos
2277 4591 2689 4675 progressibus
2717 4589 3000 4653 adversus
3031 4589 3236 4651 hostes
3278 4587 3515 4666 exaltet,
3549 4603 3649 4646 cu-

1999 4683 2266 4745 stodiens
2325 4693 2385 4746 et
2441 4699 2797 4745 conservans
2875 4679 2938 4741 in
3017 4677 3450 4758 gubernatione
3531 4693 3650 4737 non

1999 4773 2331 4854 interrupta
2361 4790 2641 4836 coronam
2673 4785 2906 4844 eorum,
2938 4767 3012 4830 ad
3040 4767 3221 4829 totius
3249 4763 3455 4827 mundi
3486 4763 3652 4825 salu-

1999 4869 2118 4924 tem
2153 4880 2221 4924 ac
2250 4863 2591 4924 felicitatem
2629 4877 2644 4923 :
2708 4856 3140 4920 mediocritatis
3193 4855 3374 4919 etiam
3406 4862 3646 4929 nostrae,

2001 4970 2111 5015 ceu
2145 4969 2251 5032 par
2271 4959 2379 5032 est,
2404 4950 2810 5012 recordantes.
2834 4946 3125 5010 Caeterum
3150 4945 3250 5027 qui
3278 4943 3648 5023 designatum

2002 5041 2346 5123 pontiﬁcem
2379 5047 2640 5102 vestrum
2671 5036 2786 5102 insi
2815 5035 2980 5116 gregi
3011 5034 3341 5109 exhiberet,
3395 5049 3651 5123 eumque

2001 5119 2169 5193 sacro
2203 5130 2263 5190 in
2295 5129 2445 5191 solio
2475 5129 2816 5201 collocaret,
2847 5123 3366 5205 religiosissimum
3390 5123 3464 5185 N.
3485 5119 3648 5182 able-

2001 5223 2298 5299 gavimus:
2351 5229 2415 5281 ut
2438 5219 2550 5281 hoc
2573 5233 2825 5279 munere
2847 5215 2960 5277 rite
2981 5213 3163 5288 obito,
3191 5213 3264 5274 ad
3290 5229 3398 5273 nos
3428 5229 3651 5292 oppor-

2002 5319 2147 5374 tune
2178 5317 2539 5372 recurreret.
2575 5305 2970 5385 Omnipotens
3017 5311 3240 5379 autem,
3271 5309 3330 5363 et
3356 5301 3519 5362 solus
3548 5299 3650 5361 ille

2001 5404 2162 5465 Deus
2179 5396 2585 5480 uoster,quiin
2603 5395 2895 5457 Trinitate
2911 5409 3326 5475 personarum,
3344 5390 3483 5480 etin
3509 5391 3651 5450 uni-

2001 5500 2119 5556 tate
2148 5488 2424 5552 essentiaa
2454 5487 2734 5550 adoretur
2767 5508 2784 5562 ;
2833 5483 2936 5562 qui
2987 5481 3263 5544 distantia
3317 5479 3560 5560 colligit,
3597 5486 3658 5540 et

1583 5659 1846 5726 VARUE
1893 5658 2210 5729 LECTION
2222 5660 2326 5725 ES.

346 5834 411 5884 64
436 5835 795 5897 καθίστασθαι,
882 5832 947 5884 65
974 5834 1052 5898 al.
1096 5833 1354 5912 κορυφήν.
