4128 6434
462 447 616 515 1135

1823 444 1956 510 JUS
1995 442 2467 510 CANONICUM.

3691 435 3854 502 1136

458 579 665 662 procul
692 585 920 643 remota
947 578 1087 642 facit
1116 595 1248 641 esse
1280 576 1611 660 propinqua
1645 597 1661 653 ;
1719 577 1820 659 qui
1850 576 2104 658 denique

2190 575 2402 646 αὐξήσει
2457 574 2580 639 τοὺς
2637 571 2822 637 οἴκους
2879 575 3057 662 ἡμῶν,
3119 574 3184 631 τά
3254 595 3310 630 τε
3385 573 3720 653 γεννήματα,
3763 564 3855 627 καὶ

456 669 655 749 gregis
686 669 862 731 etiam
895 668 1080 734 nostri
1109 667 1393 749 reliquias
1423 666 1677 729 servavit
1722 666 2056 729 incolumes
2093 686 2110 742 ;

460 758 872 822 benedicendo
903 755 1701 837 benedicat,multiplicando
1733 754 2112 837 multiplicet,

464 847 734 928 augendo
767 847 1056 927 adaugeat
1101 845 1310 908 domos
1340 853 1585 921 vestras,
1621 852 1680 906 et
1733 843 1961 906 futuras
2020 861 2115 906 ve-

457 945 631 1019 stras,
648 945 815 1001 etres
825 936 900 1000 ad
918 954 1021 998 vos
1034 935 1428 1017 pertinentes;
1454 933 1850 1012 benignecom
1860 951 2114 1012 pascens

2193 664 2500 746 διαφέροντα
2582 664 2734 741 ὑμῖν,
2823 661 3204 746 φιλανθρώπως
3291 663 3712 740 συμποιμαίνων
3779 666 3859 734 τῷ

2193 753 2406 830 ποιμένι
2485 753 2654 830 ὑμῶν,
2743 754 2832 810 καὶ
2914 752 3274 835 συνεκτρέφων
3340 753 3476 828 ὑμᾶς
3534 751 3620 809 ἐπὶ
3687 749 3856 826 νομὰς

2193 842 2522 924 ζωηφὸρους,
2608 843 2698 900 καὶ
2780 838 2866 900 ἐπ’
2948 841 3085 925 ὕδωρ
3167 841 3412 923 ψυχικῆς
3481 841 3854 904 ἀναπαύσεως.

2197 931 2397 1009 Ἀμήν.

455 1046 592 1092 cum
618 1018 860 1108 pastore
890 1032 1109 1102 vestro,
1143 1033 1362 1088 etcum
1393 1023 1494 1086 illo
1533 1042 1636 1086 vos
1665 1023 1736 1085 ad
1772 1022 2001 1086 viviﬁca
2035 1039 2279 1104 pascua,
2331 1027 2388 1084 ct
2431 1018 2506 1083 ad
2552 1035 2771 1102 aquam
2822 1019 3111 1102 requietis
3139 1019 3483 1086 animorum
3512 1019 3853 1084 enutriens.

454 1119 673 1180 Amen.

454 1207 838 1284 Mandatum,
861 1206 1026 1287 quod
1066 1205 1206 1268 dari
1235 1205 1386 1267 solet
1415 1202 1885 1287 metropolitano
1916 1210 1972 1265 et
2003 1220 2112 1265 ar-

810 1285 1207 1367 ch'iepiscOpo,
1241 1303 1378 1349 cum
1409 1285 1761 1348 ordinatur.

536 1375 583 1441 Ι.
619 1376 787 1440 Cum
809 1374 1054 1456 benigni
1083 1374 1214 1451 Dei,
1248 1392 1365 1455 qua
1395 1393 1582 1453 genus
1602 1374 1932 1436 humanum
1952 1391 2106 1434 com-

457 1465 759 1548 plectitur,
793 1484 929 1528 cum
984 1464 1130 1527 alias
1184 1463 1402 1526 multas
1457 1462 1860 1544 adipiscenda:
1907 1461 2113 1524 salutis

457 1554 804 1618 occasiones
835 1554 890 1617 ei
920 1552 1285 1636 suppeditat,
1320 1571 1388 1615 ac
1417 1551 1668 1614 diversis
1689 1551 2000 1614 beneficiis
2023 1551 2113 1612 in-

454 1644 634 1726 vitat;
670 1651 794 1706 tum
823 1642 1119 1724 imprimis
1150 1661 1257 1724 per
1299 1641 1516 1704 eximia
1566 1641 1722 1703 bona
1764 1648 1928 1703 recte
1973 1640 2114 1701 lata-

456 1750 590 1794 rum
624 1733 817 1812 legum
846 1738 904 1795 et
937 1749 1045 1812 per
1073 1731 1413 1794 sanctiones
1471 1731 1808 1805 canonicas,
1841 1728 2112 1792 devotio-

457 1841 593 1885 nem
623 1839 765 1902 erga
782 1839 917 1884 sese
938 1821 1174 1883 illorum
1199 1820 1260 1883 in
1287 1821 1524 1896 animis,
1547 1818 2110 1900 quieasobservant,

457 1911 841 1993 providenter
857 1912 1216 1974 excitaLPer
1233 1911 1338 1973 bas
1355 1909 1514 1972 enim
1532 1907 2110 1990 agnoscimusipsum

454 1984 796 2083 principem
830 2000 1024 2080 legum
1054 2007 1356 2063 auctorem
1378 2007 1437 2062 et
1457 1984 1773 2062 Dominum
1801 2019 1817 2074 ;
1847 1984 2107 2078 dumque
2134 1984 2172 2034 Β

457 2089 679 2152 divinis
708 2089 840 2170 ejus
871 2088 1373 2171 praceptionibus
1429 2090 1596 2170 quasi
1630 2086 2109 2163 manuducimur,

456 2177 684 2261 absque
711 2179 940 2242 offensa
969 2179 1124 2242 viam
1183 2178 1504 2242 voluntatis
1554 2180 1682 2259 ejus
1713 2175 2065 2241 conﬁcimus
2093 2191 2109 2250 ;

456 2285 563 2350 per
573 2269 683 2331 has
695 2287 857 2351 puras
870 2277 1047 2350 atque
1062 2268 1304 2332 illibata;
1319 2268 1462 2332 ﬁdei
1483 2277 1703 2332 nostrae
1723 2273 2112 2328 monumenta

459 2366 910 2434 conservantur,
944 2367 1003 2420 et
1033 2357 1303 2439 ejusdem
1337 2357 1399 2419 in
1456 2365 1620 2420 recta
1649 2355 1938 2418 doctrinae
1965 2373 2109 2416 sen-

459 2447 646 2511 tentia
672 2447 869 2510 nativa
896 2456 1174 2510 venustas
1205 2447 1401 2510 elucet
1428 2465 1498 2510 ac
1555 2447 1780 2526 fulget;
1840 2463 1950 2527 per
2002 2444 2109 2505 has

452 2535 700 2619 rapina,
720 2536 1332 2618 circumscriptiones,
1365 2545 1424 2598 et
1453 2554 1661 2599 eorum
1678 2535 1778 2616 qui
1798 2534 2107 2616 potestatis

453 2624 646 2688 abusu
677 2625 796 2689 vim
831 2625 1118 2706 proximis
1149 2625 1425 2704 afferunt,
1458 2625 1738 2689 libidines
1767 2625 2105 2687 retundun-

453 2721 588 2790 tur;
622 2733 729 2796 per
757 2715 865 2777 has
887 2722 1006 2777 tum
1029 2714 1460 2793 contentiones,
1487 2722 1611 2776 tum
1639 2714 1783 2776 rixae
1812 2733 2102 2776 coercen-

459 2811 556 2864 tur
589 2811 648 2865 et
677 2803 1048 2880 inhibentur,
1099 2823 1168 2866 ac
1218 2805 1382 2887 pacis
1427 2812 1485 2866 et
1515 2803 1852 2866 concordiae
1880 2802 2100 2864 bonum

451 2894 632 2955 sumit
659 2893 1051 2956 incrementa.
1086 2892 1426 2971 Enimvere,
1463 2892 1964 2976 quemadmodum
1998 2911 2106 2973 per

455 2981 564 3043 has
595 2999 734 3045 cum
767 2981 881 3045 alia
897 2981 1054 3044 bona
1077 2978 1487 3064 perﬁciuntur,
1527 2989 1649 3044 tum
1683 2982 1798 3044 vita
1828 2990 1886 3044 et
1915 2981 2100 3044 oratio

451 3070 761 3147 formatur,
796 3070 855 3133 in
888 3071 1199 3134 hominum
1229 3071 1401 3153 vulgo
1432 3073 1710 3134 virtutum
1742 3090 1886 3152 opes
1915 3071 2104 3133 incre-

452 3167 923 3236 mentasumunt,
941 3160 1171 3243 justitia
1200 3169 1465 3244 pacatam
1503 3179 1702 3224 rerum
1728 3161 1940 3224 faciem
1967 3169 2100 3222 tue-

454 3256 570 3326 tur,
607 3259 666 3312 et
694 3249 1211 3314 administratione
1239 3269 1345 3314 sua
1395 3269 1754 3314 consensum
1811 3249 1886 3312 ab
1942 3251 2105 3312 omni

2203 1224 2230 1258 α
2281 1191 2571 1279 ’Ἐνταλμα
2599 1199 2871 1282 διδόμενον
2891 1207 2968 1277 τῷ
2997 1201 3454 1282 χειροτονουμένῳ
3485 1199 3860 1282 μητροπολίτῃ

2720 1284 2819 1340 καὶ
2841 1281 3272 1362 ἀρχιεπισκόπῳ.
3309 1307 3338 1340 ι

2276 1360 2351 1436 α’.
2389 1363 2452 1429 Ἦ
2507 1379 2599 1429 τού
2656 1360 3026 1454 φιλανθρώπου
3075 1378 3206 1429 Θεοῦ
3245 1373 3404 1450 ἡμῶν
3445 1374 3562 1452 περὶ
3615 1373 3678 1428 τὸ
3719 1370 3860 1447 ἡμέ-

2193 1483 2343 1541 τερον
2399 1463 2551 1540 γένος
2607 1459 2918 1537 κηδεμονία,
2978 1458 3179 1524 πολλὰς
3263 1463 3360 1536 μὲν
3418 1462 3560 1536 αὖτῴ
3617 1462 3712 1525 τὰς
3746 1464 3852 1527 τῆς

2194 1553 2456 1632 σωτηρίας
2501 1550 2741 1631 ἀφορμὰς
2791 1549 3206 1629 παρασχομένη,
3260 1548 3528 1632 διαφόροις
3585 1549 3640 1607 δὲ
3695 1559 3855 1608 τοῦτο

2192 1654 2310 1708 τοῖς
2369 1643 2782 1721 εὖεργετήμασιν
2827 1637 3255 1721 ἀνακαλουμένη,
3309 1639 3511 1717 μᾶλλον
3570 1653 3688 1706 τοῖς
3748 1645 3855 1706 τῆς

2195 1732 2434 1806 εὐνομίας
2492 1730 2856 1810 προτερήμασι
2917 1730 3006 1787 καὶ
3091 1742 3213 1793 ταῖς
3268 1743 3577 1794 κανονικατς
3648 1734 3854 1806 θεσμο-

2193 1821 2386 1885 θεσίαις
2442 1819 2542 1887 τὴν
2589 1819 2662 1882 εἷς
2718 1819 2904 1874 ἑαυτὸν
2966 1818 3268 1884 οἰκειότητα
3322 1825 3427 1876 τῶν
3483 1819 3676 1882 ταύτας
3734 1840 3859 1874 συν-

2192 1909 2495 1988 τηρούντων
2550 1907 3004 1988 προεμηθεύσατο.
3083 1908 3181 1963 Διά
3251 1908 3452 1964 τούτων
3527 1909 3627 1987 γὰρ
3693 1909 3858 1966 αὺτὸν

2197 1999 2295 2074 μὲν
2346 2003 2555 2079 πρῶτον
2611 1996 3033 2075 ἐπιγινώσκομεν
3093 1997 3186 2054 τὸν
3243 1994 3538 2074 νομοδότην
3593 1997 3680 2054 καὶ
3739 1995 3854 2055 Κύ-

2197 2109 2306 2167 ριον
2365 2090 2521 2146 αὐτοῦ
2577 2083 2631 2142 δὲ
2694 2084 3185 2166 χειραγωγούμενοι
3267 2099 3390 2150 ταῖς
3449 2086 3612 2150 θείαις
3697 2085 3854 2142 ἐντο-

2195 2175 2345 2257 λαῖς,
2405 2175 2758 2256 ἀπροσκόπως
2812 2174 2912 2242 τὴν
2987 2181 3078 2231 τού
3163 2172 3464 2247 θελήματος
3532 2179 3690 2236 αὺτοῦ
3761 2171 3848 2230 δι-

2193 2268 2419 2343 ανύομεν
2467 2263 2584 2322 ὁδόν
2618 2282 2634 2299 ⁸
2697 2262 2783 2321 διὰ
2836 2263 3037 2320 τούτων
3092 2264 3159 2322 ’ιά
3185 2269 3284 2333 τῆς
3326 2267 3556 2344 καθαρᾶς
3585 2266 3740 2341 ἡμῶν
3763 2265 3855 2320 καὶ

2191 2355 2490 2432 ἀμωμήτου
2571 2356 2800 2418 πίστεως
2870 2350 3272 2434 διαφυλάττεται
3330 2355 3692 2434 γνωρίσματα,
3760 2356 3854 2411 καὶ

2188 2445 2465 2503 ἀνόθευτον
2548 2445 2610 2501 τὸ
2679 2443 2878 2512 ταύτης
2958 2441 3301 2524 ὲναστράπτει
3386 2448 3487 2511 τῆς
3559 2442 3854 2522 ὀρθοδοξίας

2185 2533 2384 2599 κάλλος
2421 2552 2436 2569 ⁸
2497 2531 2582 2590 διὰ
2623 2533 2823 2592 τούτων
2879 2533 3112 2612 ἁρπαγαί
3155 2555 3212 2589 τε
3268 2533 3358 2591 καὶ
3386 2531 3706 2608 πλεονεξίαι,
3763 2544 3855 2598 καὶ

2185 2626 2238 2681 αἱ
2286 2629 2394 2682 τῶν
2464 2620 3022 2681 καταδυναστευόντων
3065 2622 3184 2688 τοὺς
3227 2620 3454 2690 πλησίον
3506 2622 3848 2680 ἀνακόπτον-

2185 2737 2272 2772 ται
2315 2713 2474 2794 ὁρμαί
2506 2728 2520 2744 ⁸
2568 2714 2773 2777 τούτοις
2831 2710 3143 2794 φιλονεικίαι
3199 2714 3288 2770 καὶ
3345 2710 3508 2791 ἔριδες
3564 2711 3889 2788 ἐπιστομιο-

2185 2806 2400 2880 ζόμεναι
2427 2803 2768 2884 κατέχονται,
2801 2803 2890 2860 καὶ
2943 2804 3006 2860 τὸ
3057 2806 3156 2870 τῆς
3216 2804 3430 2882 εἰρήνης
3479 2804 3566 2859 καὶ
3596 2804 3848 2880 ὁμονοίας

2185 2892 2346 2951 καλὸν
2403 2891 2722 2956 ἐπιδίδωσιν.
2785 2889 2934 2950 Ἀλλ’
2995 2890 3175 2972 ὥσπερ
3231 2888 3299 2948 δι’
3331 2895 3502 2952 αὐτῶν
3530 2891 3596 2949 τά
3617 2913 3673 2948 τε
3705 2889 3845 2947 ἄλλα

2185 2983 2354 3061 ἀγαθά
2409 2985 2804 3062 κατορθοῦνται,
2849 2982 2938 3038 γαὶ
2977 2981 3089 3058 βίος
3145 2979 3242 3056 μὲν
3299 2982 3386 3038 καὶ
3443 2980 3604 3061 λύγος
3659 2983 3845 3038 εντεῦ-

2183 3075 2269 3128 θεν
2324 3072 2641 3150 ῥυθμίζεται,
2702 3073 2772 3137 εἷς
2828 3068 3031 3138 πλῆθος
3090 3068 3146 3126 δὲ
3209 3072 3238 3126 ὁ
3295 3076 3402 3127 τῶν
3461 3070 3661 3151 ἀρετῶν
3720 3070 3846 3127 ἐπι-

2185 3158 2358 3216 δίδωσι
2411 3159 2665 3237 πλοῦτος,
2738 3158 3044 3226 δικαιοσύνη
3113 3179 3170 3215 τε
3226 3160 3286 3215 τὸ
3343 3160 3616 3237 εἷρηναῖον
3689 3181 3840 3238 περι-

2162 3262 2394 3331 ’κρατετ,
2467 3250 2555 3306 καὶ
2605 3251 2667 3306 τὸ
2723 3247 3040 3327 δμόγνωμον
3113 3249 3202 3304 καὶ
3257 3246 3607 3304 ἀστασίαστον
3666 3245 3844 3304 διακυ-

450 3337 714 3402 alienum
750 3340 1007 3403 discidio
1038 3349 1351 3403 conservat
1385 3361 1400 3402 :
1447 3340 1529 3403 ita
1587 3359 1722 3402 cum
1756 3338 1828 3401 ab
1861 3338 1955 3400 his
1983 3359 2101 3401 non

2190 3335 2425 3418 ϐερνῶσα
2467 3338 2702 3419 συνέχει,
2763 3335 2901 3395 οὕτω
2953 3337 3014 3392 τὸ
3067 3337 3146 3412 μὴ
3204 3337 3407 3401 τούτοις
3465 3350 3841 3418 χειραγωγεῖ-

451 3428 933 3506 manuducimur,
970 3428 1264 3510 injustitia
1293 3438 1352 3492 et
1379 3429 1647 3504 avaritia,
1683 3428 1928 3506 maligni
1957 3427 2098 3489 libi-

459 3515 617 3578 dinis
639 3516 1020 3600 inexplebilis
1040 3520 1217 3601 fetus,
1242 3519 1303 3581 in
1340 3519 1456 3581 vita
1479 3518 1814 3580 mortalium
1838 3534 2101 3578 nascun-

449 3611 584 3667 tur:
621 3605 846 3670 bellum
871 3607 1033 3671 inter
1061 3626 1171 3671 nos
1201 3607 1580 3689 implacabile
1597 3607 1951 3676 suscitatur;
1979 3625 2104 3668 om-

449 3694 543 3755 nis
571 3693 646 3758 de
677 3695 868 3760 salute
898 3703 1103 3760 nostra
1132 3715 1270 3779 spes
1297 3697 1358 3759 in
1391 3696 1720 3779 periculum
1755 3704 1814 3757 et
1841 3695 2102 3757 difﬁcul-

446 3789 625 3846 tatem
657 3786 1004 3867 conjicitur.
1039 3785 1240 3869 Itaque
1271 3785 1322 3848 si
1367 3785 1789 3848 liberationem
1839 3803 1874 3847 a
1926 3783 2105 3846 tantis

445 3872 616 3935 malis
645 3875 983 3938 divinarum
1019 3876 1214 3957 legum
1251 3875 1566 3957 disciplina
1595 3874 1766 3937 nobis
1798 3874 2098 3955 conciliat,

445 3970 505 4022 et
535 3963 800 4042 ejusdem
836 3965 1084 4046 privatio
1112 3965 1474 4028 contrarium
1508 3964 1650 4026 huic
1693 3964 1966 4027 ell'ectum
1987 3963 2098 4025 ha-

2183 3431 2322 3502 σθαι,
2389 3424 2590 3484 ἀδικίαν
2650 3429 2747 3503 μὲν
2815 3429 2903 3484 καὶ
2973 3423 3301 3502 πλεόνεξίαν,
3361 3427 3427 3484 τὰ
3477 3427 3687 3504 πονηρά
3745 3433 3845 3494 τῆς

2184 3517 2482 3586 ἀπληστίας
2562 3518 2942 3598 ἀποκυήματα,
3014 3523 3091 3592 τῷ
3165 3517 3264 3594 βίῳ
3321 3517 3674 3591 Εναποτίκτει,
3750 3519 3845 3573 τὸν

2183 3604 2303 3662 κατ’
2355 3604 2605 3677 ἀλλήλων
2683 3603 2739 3662 δὲ
2795 3606 3092 3686 ἀκήρυκτον
3149 3606 3386 3682 πόλεμον
3445 3605 3742 3686 ἀντεισάγει
3790 3607 3846 3663 ἐν

2185 3695 2370 3771 ἀπόρῳ
2424 3702 2530 3753 τῶν
2573 3700 2672 3764 τῆς
2736 3702 3002 3774 σωτηρίας
3075 3697 3232 3771 ἡμῶν
3311 3693 3842 3775 ὲναποῤῥιπτομένων

2186 3783 2430 3845 ἐλπίδων.
2466 3789 2525 3844 Εἰ
2579 3807 2750 3864 το)νυν
2801 3787 3067 3843 τοσούτων
3125 3785 3224 3862 μὲν
3281 3789 3462 3844 κακῶν
3518 3783 3843 3864 ἀπαλλαγὴν

2183 3876 2218 3943 ἡ
2249 3882 2355 3932 τῶν
2400 3875 2551 3932 θείων
2608 3875 2784 3950 νόμων
2829 3872 3072 3952 προξενεῖ
3130 3871 3490 3954 παιδαγωγία,
3549 3876 3583 3942 ἡ
3637 3875 3838 3943 ταύτης

2183 3962 2238 4020 δὲ
2286 3963 2533 4044 στέρησις
2589 3971 2696 4022 τῶν
2751 3965 3000 4022 ἐναντίων
3057 3966 3306 4046 παραιτία
3368 3965 3697 4038 καθίσταται,
3757 3963 3840 4023 δεῖ

441 4047 562 4126 bet,
599 4052 830 4134 supinis
860 4053 1132 4117 manibus
1181 4063 1280 4117 tua
1332 4054 1518 4135 pietas
1548 4053 1746 4115 divina
1775 4061 1833 4115 et
1861 4060 2096 4135 aposto-

2190 4054 2280 4121 τὴν
2333 4061 2435 4122 σὴν
2489 4053 2780 4137 θεοφίλειαν
2833 4056 2899 4112 τὰ
2952 4058 3073 4112 θεῖα
3115 4056 3202 4112 καὶ
3255 4053 3583 4112 ἀποστολικά
3650 4056 3841 4112 θεσπῖ-

439 4138 559 4201 lica
589 4142 856 4219 oracula,
890 4161 1024 4205 cum
1083 4143 1404 4206 salutiferis
1456 4151 1515 4206 et
1542 4142 1948 4223 spiritualibus
1979 4141 2090 4204 do-

2176 4163 2376 4222 σματα,
2442 4144 2569 4201 τάτε
2625 4145 2864 4225 σωτήρια
2920 4146 3009 4202 καὶ
3060 4145 3292 4224 πατρικά
3317 4142 3383 4194 66
3428 4141 3722 4223 διδάγματά
3779 4167 3836 4202 τε

440 4229 647 4290 ctrinis
675 4238 852 4311 atque
883 4232 1217 4313 praeceptis,
1252 4233 1525 4314 excipere
1555 4231 1734 4294 debet
1760 4254 1774 4309 ;
1805 4232 2094 4314 quasique

2190 4234 2264 4289 ιαὶ
2292 4231 2650 4314 διατάγματα,
2709 4234 2896 4315 χερσὶν
2948 4233 3156 4298 ὑπτίαις
3217 4231 3570 4315 εἰσδέχεσθαι,
3627 4233 3716 4290 καὶ
3761 4236 3836 4300 ὡς

440 4315 668 4380 tabulas
697 4318 978 4383 divinitus
1009 4321 1288 4403 sculptas,
1324 4330 1447 4383 tum
1505 4321 1565 4383 in
1621 4321 1810 4402 pretio
1843 4321 2090 4396 habere,

2190 4322 2564 4402 νεοχαράκτους
2634 4329 2799 4380 ταῦτα
2873 4321 3082 4389 πλάκας
3147 4329 3308 4400 τιμᾷν
3365 4324 3451 4380 καὶ
3508 4321 3789 4404 φυλάττειν
3815 4342 3831 4357 ·

441 4414 564 4468 tum
604 4425 878 4473 servare:
915 4409 1311 4492 similiterque
1337 4411 1532 4490 legum
1569 4410 1828 4472 civilium
1861 4410 2089 4472 doctri-

2190 4411 2271 4482 τήν
2296 4432 2354 4468 τε
2383 4409 2554 4479 ἀλλην
2607 4419 2715 4469 τῶν
2759 4410 3048 4470 πολιτικῶν
3105 4413 3555 4490 νομοθετημάτων
3611 4413 3834 4492 εἰσήγη-

439 4514 575 4558 nam
605 4515 811 4560 amore
840 4499 1155 4580 complecti
1214 4508 1273 4562 et
1329 4499 1625 4577 venerari,
1686 4520 1755 4562 ac
1812 4501 1872 4561 in
1926 4500 2091 4562 omni

2190 4520 2252 4556 rw
2308 4499 2545 4580 στέργειν
2593 4523 2650 4557 τε
2714 4502 2803 4558 καὶ
2867 4499 3277 4583 διευλαϐεῖσθαι,
3343 4504 3428 4559 καὶ
3487 4502 3695 4566 τούτοις
3739 4501 3827 4560 ἐπὶ

435 4585 670 4648 actione
701 4595 1051 4650 constanter
1077 4589 1184 4651 has
1205 4589 1376 4671 sequi
1412 4611 1426 4666 ;
1459 4589 1746 4671 quidquid
1802 4589 2080 4660 occurrit,

2190 4591 2314 4666 πάσῃ
2344 4589 2525 4665 πράξει
2556 4589 2795 4669 ἀρῤεπῶς
2826 4591 3227 4669 ἐπακολουθεῖν,
3277 4593 3362 4650 καὶ
3403 4593 3465 4649 τὸ
3509 4591 3594 4648 ἐπὶ
3637 4605 3829 4673 χεῖρας

434 4675 506 4736 ad
540 4693 642 4738 eas
671 4676 933 4757 dirigere
954 4688 1011 4741 et
1029 4679 1483 4741 accommodare
1510 4701 1523 4738 :
1559 4699 1693 4742 cum
1726 4698 1816 4741 ces'
1831 4689 1887 4741 to
1904 4679 2083 4754 norit,

2190 4679 2472 4737 ὶπευθύνειν
2528 4700 2586 4735 τε
2627 4681 2716 4737 καὶ
2769 4680 3052 4759 ῥυθμίζειν,
3109 4682 3200 4738 τὸν
3258 4680 3343 4738 ἐπὶ
3399 4682 3613 4740 πάντων
3646 4682 3830 4762 Κύριον

435 4783 570 4826 eum
600 4765 942 4843 Dominum,
977 4767 1079 4849 qui
1123 4786 1327 4830 rerum
1389 4769 1759 4832 universitati
1791 4777 2023 4850 praeest,
2055 4788 2090 4831 a

2190 4765 2366 4824 ἰδυῖαν
2395 4773 2577 4849 σαφῶς
2609 4766 2669 4825 ἐκ
2710 4767 2891 4834 δεξιῶν
2921 4771 3069 4846 ὑμῶν
3098 4768 3161 4819 67
3212 4783 3486 4852 παρεῖναι,
3521 4772 3610 4826 καὶ
3639 4777 3744 4827 πᾶν
3771 4774 3834 4829 τὸ

434 4853 658 4916 dextris
689 4855 862 4917 nobis
879 4855 1128 4933 adesse;
1155 4857 1443 4939 quidquid
1468 4866 1693 4938 agatur,
1721 4859 2084 4942 perspicere;

431 4943 853 5024 respondentia
881 4945 1046 5007 factis
1076 4947 1320 5027 praemia
1353 4947 1639 5010 tribuere.

513 5031 574 5094 2.
606 5031 796 5095 Debet
824 5042 923 5096 tua
953 5035 1161 5116 pietas,
1195 5055 1327 5118 qua;
1357 5055 1464 5118 per
1491 5037 1746 5099 divinam
1773 5043 1975 5098 vocata
1997 5043 2084 5098 est

2168 4854 2433 4936 δρώμενον
2462 4857 2676 4939 ἐφορᾷν,
2709 4862 2796 4917 καὶ
2839 4861 2934 4926 τὰς
2966 4861 3286 4942 ἐφαμίλλους
3316 4875 3436 4928 τοῖς
3468 4862 3640 4942 ἔργοις
3673 4861 3827 4939 ἀμοι-

2167 4943 2264 5011 ϐας
2308 4946 2774 5023 ἀποταμιεύεσθαι.

2249 5029 2323 5112 β’.
2373 5044 2467 5092 Δεῖ
2520 5039 2620 5104 τὴν
2664 5037 2763 5105 σὴν
2821 5039 3114 5122 θεοφίλειαν
3170 5043 3272 5099 ὑπὸ
3301 5046 3399 5110 τῆς
3431 5043 3570 5105 θείας
3603 5042 3828 5122 χάριτος

432 5119 680 5212 gratiam
695 5123 980 5212 etjugum
1002 5125 1145 5188 illud
1164 5126 1571 5206 evangelicum
1588 5127 1740 5189 collo
1756 5127 2085 5206 recepit,ex

2190 5126 2579 5207 τροκληθεῒσαν,
2629 5129 2716 5184 καὶ
2772 5130 2862 5186 τὸν
2919 5119 3263 5210 εὐαγγελικὸν
3320 5130 3405 5188 ἐπ’
3451 5119 3828 5212 αὒχένοςεῖσ-

431 5205 1505 5294 Ενεηεοιίἱρτεοεοτὶρῑοετεςθιηίνοῢίε
1523 5205 2002 5278 commendatum
2016 5235 2084 5278 ac

2165 5213 2485 5295 δεδεγμένην
2540 5217 2695 5296 ζυγὸν
2776 5218 3134 5299 εὖαγγελικῶς
3217 5221 3317 5289 τὴν
3393 5219 3830 5301 ἐγχειρισθετσαν

434 5295 712 5398 traditum
741 5299 813 5361 ab
855 5301 1068 5398 Opiﬁce
1098 5321 1299 5398 rerum
1331 5303 1548 5398 Spiritu
1608 5323 1817 5398 regere
1849 5325 1863 5365 :
1900 5305 2079 5398 vitam

2190 5319 2292 5382 ημῖν
2337 5306 2438 5398 ὑπὸ
2523 5313 2650 5398 τοῦ,
2676 5295 3006 5390 παντωργοῠ
3064 5312 3370 5389 Πνεύματος
3431 5295 3664 5386 ποίμνην
3709 5313 3825 5369 ἰθύ-

431 5391 735 5482 propriam
769 5391 1049 5482 proipsis
1107 5392 1314 5482 ovibus
1370 5393 1680 5474 objicere:
1736 5394 1797 5456 in
1829 5395 2082 5475 caligine

2194 5417 2293 5476 ειν,
2352 5395 2448 5461 τὴν
2520 5396 2715 5454 οἰκείαν
2784 5399 2914 5480 ὑπὲρ
2996 5403 3104 5457 τῶν
3182 5398 3461 5482 προϐάτων
3517 5401 3828 5480 προτιθέναι

431 5475 661 5553 peccati
688 5477 1060 5542 ambulantes
1105 5481 1178 5543 ad
1238 5483 1429 5547 lucem
1489 5482 1788 5547 deducere
1819 5503 1834 5546 :
1870 5502 1976 5566 pro
2007 5485 2081 5548 iis

2190 5475 2369 5565 ιυχῆν,
2428 5484 2546 5552 τοὺς
2606 5485 2660 5545 ἐν
2711 5475 2897 5546 σκότει
2959 5493 3058 5558 τῆς
3130 5475 3388 5571 ἁμαρτίας
3429 5475 3823 5569 πορευομένους

1754 5644 2016 5711 VARLE
2046 5643 2480 5712 LECTIONES.

505 5798 573 5851 θθ
600 5799 676 5862 al.
709 5803 1061 5882 πνευματικά,
1146 5802 1209 5856 θΊ
