4128 6452
368 385 388 448 1
408 382 518 448 137
1713 366 2392 439 ϐΗιΕϐΟ-ΒΟΜΑΝΗΜ
3607 373 3764 442 1138

363 526 740 598 φωταγωγεῖν,
812 510 1168 587 ἀδικουμένων
1242 506 1695 598 προκινδυνεύειν,
1762 499 2010 598 θλιϐομέ-

2106 497 2208 578 qui
2229 497 2564 562 aiticiuntur
2603 498 2863 580 injuriis,
2906 498 3077 562 obire
3107 501 3376 580 pericula
3411 525 3424 562 :
3455 506 3758 570 consolari

365 587 484 672 νους
512 587 896 686 ᾧυχξαγωγεῖν,
942 615 1060 666 τοῖς
1107 587 1302 658 ἐνδεέσι
1360 599 1460 667 τὴν
1523 596 1746 686 δυνατὴν
1803 595 2010 674 ἐπάγειη

2103 606 2226 660 eos,
2260 588 2362 670 qui
2389 587 2733 669 affliguntur
2765 607 2778 652 :
2813 589 3018 668 egenis
3043 590 3266 652 afferre
3314 593 3613 679 solatium,
3647 617 3760 679 pro

2103 678 2352 756 viribus,
2389 679 2642 761 apostoli
2667 679 2968 760 exemplo,
2999 679 3254 742 inﬁrmis
3284 700 3351 746 se
3374 678 3760 763 praebereso-

365 767 504 860 νεῖν,
561 796 680 847 τοῖς
737 778 1235 856 σκανδαλιζομένοις
1291 777 1654 856 συμπάσχειν,
1715 775 1802 832 καὶ
1859 773 2010 830 τύποι

2105 769 2264 830 cium
2295 767 2657 830 inﬁrmitatis
2691 820 2699 830 .
2738 784 2875 832 cum
2906 768 3002 844 iis,
3037 769 3134 860 cui
3162 770 3568 860 oﬁ'enduntur,
3601 793 3762 838 com-

365 857 559 955 ἀρετῆς
615 874 704 930 καὶ
775 868 1009 936 εὐταξίας
1068 867 1136 925 δι’
1195 866 1499 945 ἐμπράκτου
1556 861 1824 955 πολιτείας
1895 867 2010 955 πᾷσπ

2111 857 2276 920 muni
2307 858 2514 921 dolore
2545 858 2697 922 afﬁci
2733 878 2746 922 :
2780 857 2852 920 ab
2881 857 3158 921 omnibus
3203 859 3465 944 denique
3495 882 3600 945 pro
3634 865 3758 929 vir-

365 947 825 1043 δίαγινώσκεσθαι,
886 959 1025 1017 ὥστε
1079 959 1141 1015 τὸ
1225 962 1336 1038 φῶς
1420 957 1566 1030 ὑμῶν
1625 951 1856 1030 λάμπειν

2111 947 2253 1043 tutis
2301 956 2366 1043 _e_t
2413 947 2643 1043 ordinis
2698 947 2839 1010 boni
2914 949 3213 1043 exemplo,
3293 970 3398 1032 per
3448 954 3755 1019 efﬁcacem

365 1037 585 1134 προσθεν
614 1057 721 1109 τῶν
763 1049 1073 1128 ἀνθρώπων,
1118 1048 1207 1106 καὶ
1242 1037 1339 1104 τὸν
1390 1043 1598 1124 Πατέρα
1655 1044 1803 1121 ὓμῶν
1849 1043 1938 1100 τὸν
1968 1041 2010 1098 ἐι

2109 1037 2342 1099 vivendi
2395 1038 2686 1100 rationem
2743 1037 3023 1118 agnosci;
3085 1045 3147 1100 ut
3196 1039 3290 1102 lex
3338 1050 3533 1106 vestra
3557 1063 3757 1108 coram

364 1125 481 1210 τοῖς
507 1146 753 1224 οὐρανοῖς
784 1125 1111 1212 δοξάζεσθαι.

2107 1125 2450 1224 hominibus
2478 1126 2695 1204 luceat,
2717 1135 2775 1190 et
2794 1129 2966 1190 Pater
2984 1135 3203 1210 vester,
3226 1129 3329 1212 qui
3358 1129 3422 1193 in
3445 1132 3610 1196 ccelis
3643 1143 3755 1211 est,

2103 1215 2496 1293 gloriﬁcetur.

443 1309 519 1400 γ’.
570 1329 668 1379 Δεῖ
695 1319 794 1388 τὴν
823 1318 926 1387 σὴν
953 1315 1246 1399 θεοφίλειαν
1291 1314 1558 1383 νηστείαις
1615 1312 1704 1369 καὶ
1731 1324 1856 1376 ταῖς
1885 1312 2010 1392 πρὸς

2103 1395 2135 1400 _
2184 1305 2242 1370 3.
2258 1303 2557 1371 Debettua
2579 1307 2766 1388 pietas
2775 1307 3030 1400 jejuniis
3053 1315 3110 1400 et
3124 1308 3658 1400 supplicationibus
3682 1313 3756 1377 ad

362 1412 425 1468 σὺ
456 1395 636 1468 ⁷Θεῖον
666 1407 952 1490 σχολάζειν
1008 1395 1318 1486 ἱκετηρίαις,
1379 1405 1524 1468 ὁσίας
1581 1415 1775 1484 χεῖρας
1830 1402 2010 1465 νυκτὸς

2103 1395 2292 1458 Deum
2323 1413 2557 1478 vacare,
2593 1404 2771 1459 noctu
2803 1405 2862 1458 et
2888 1395 3148 1460 interdiu
3183 1398 3312 1480 pias
3341 1398 3415 1462 ad
3435 1399 3756 1466 Dominum

362 1499 451 1557 καὶ
533 1479 742 1579 ἡμέρας
811 1498 942 1578 πρὸς
1031 1479 1218 1575 Κύριον
1289 1479 1720 1551 ἐκπεταννύσαν·
1795 1491 2010 1570 ἐπαγρυ-

2105 1503 2314 1546 manus
2345 1486 2784 1569 exporrigendo
2821 1507 2834 1547 :
2867 1495 2927 1548 et
2949 1479 3312 1552 creditarum
3344 1489 3517 1553 nobis
3538 1493 3758 1556 anima-

361 1601 518 1647 πνεῖν
573 1576 657 1646 τε.
690 1588 820 1667 ὑπὲρ
858 1576 985 1643 τῶν
1053 1583 1555 1662 ἐμπεπιστευμένων
1609 1583 1744 1658 ἡμῖν
1801 1585 2010 1661 ψυχῶν,

2103 1592 2232 1636 rum
2264 1594 2443 1638 causa
2471 1576 2681 1656 vigilax
2722 1594 2877 1652 esse,
2905 1583 3089 1667 atque
3121 1578 3356 1642 caelitus
3389 1579 3476 1643 eis
3501 1582 3754 1646 salutem

367 1679 456 1736 καὶ
513 1679 732 1742 ταύταις
787 1665 980 1733 ἀνωθεν
1065 1674 1380 1741 ἐξαιτεῖσθαι
1436 1672 1536 1741 τὴν
1599 1671 1888 1750 σωτηρίαν,
1947 1672 2010 1732 ὡς

2103 1680 2450 1746 exposcere,
2509 1666 2688 1728 veluti
2713 1683 2843 1747 qua
2898 1665 3134 1730 illarum
3174 1669 3418 1732 nomine
3459 1671 3756 1736 rationem

357 1767 520 1848 λόγον
573 1769 702 1847 ὑπὲρ
754 1766 927 1824 αὐτῶν
997 1763 1283 1824 ἀποδοῦναι
1339 1761 1668 1844 ὀφείλουσαν,
1745 1758 1874 1839 ὅπερ
1915 1761 2010 1840 πρὸ

2103 1753 2405 1848 redditura
2436 1754 2533 1848 sit,
2561 1754 2717 1848 quod
2753 1756 3104 1848 ipsumAante
3120 1776 3230 1848 nos
3244 1777 3491 1840 magnus
3513 1760 3616 1825 ille
3640 1763 3755 1825 do-

357 1843 514 1934 ἡμῶν
582 1859 611 1914 ὁ
676 1843 854 1936 μέγας
927 1852 1218 1912 ἐκδιδάσκει
1301 1849 1634 1914 Ἀπόστολος
1667 1869 1684 1885 ⁸
1771 1849 2010 1936 Πείθεσθε

2103 1851 2195 1936 cet
2221 1843 2561 1936 Apostolus,
2589 1843 2754 1936 hisce
2795 1843 2992 1936 verbis
3019 1863 3032 1908 :
3067 1843 3489 1936 obtemperate
3516 1851 3615 1928 iis,
3648 1852 3750 1934 qui

359 1933 482 2028 γὰρ’
516 1947 668 2029 φησὶν
696 1933 815 2011 tot;
846 1943 1164 2024 ἡ’ίουμένοις
1208 1945 1380 2020 ὑμῶν,
1411 1944 1500 2000 καὶ
1541 1939 1804 2001 ὑπείκετε.
1841 1933 2010 2029 ’ᾼίιτοῖ

2103 1933 2266 2029 vobis
2284 1941 2564 2016 praesunt,
2590 1941 2648 1996 et
2665 1933 3090 2029 obsecundate.
3113 1935 3260 1999 Nam
3285 1937 3401 2029 ipsi
3421 1933 3750 2005 vestrarum

527 2023 874 2116 ἀγρυπνοῦσιν
900 2023 905 2024 ⁷
930 2034 1060 2113 ὑπὲρ
1128 2036 1235 2089 τῶν
1278 2033 1469 2113 ψυχῶν
1510 2032 1680 2107 ὑμῶν,
1728 2031 1824 2117 ὡς,
1857 2027 2010 2106 λόγον

2103 2023 2432 2084 animarum
2465 2042 2642 2086 causa
2673 2024 2935 2103 vigilant,
2970 2024 3247 2108 ianquam
3279 2028 3571 2093 rationem
3603 2031 3751 2096 red-

363 2111 750 2190 ἀποδώσοντες.
799 2125 859 2182 Εἰ
902 2123 1002 2203 γὰρ
1035 2111 1074 2178 -ὁ
1127 2111 1442 2203 θρεμμάτων
1481 2118 1749 2200 προεστὼς
1780 2115 2010 2196 ἀλόγων,

2103 2111 2302 2203 dituri.
2338 2112 2651 2203 Quippesi
2683 2133 2799 2175 non
2831 2114 2943 2175 fert
2973 2114 3240 2203 impune,
3276 2118 3378 2198 qui
3409 2120 3753 2183 carentibus

362 2213 476 2280 ἑνὸς
504 2213 673 2271 αὐτῶν
696 2201 1038 2276 ἀπολωλότος
1067 2201 1167 2270 οὒκ
1181 2211 1541 2290 ἀτιμώρητος,
1565 2205 1751 2283 πολλῴ
1771 2205 1940 2278 δήπου
1950 2204 2010 2256 ϐε

2103 2201 2330 2263 ratione
2363 2201 2693 2283 pecudibus
2725 2216 2960 2284 praeest,
2998 2202 3096 2265 ubi
3129 2222 3331 2267 earum
3364 2207 3456 2270 vel
3488 2227 3605 2272 una
3636 2227 3748 2290 pe-

363 2306 390 2360 ὁ
433 2307 617 2384 ψυχῆς
661 2301 1004 2378 καταμελῶν,
1051 2309 1144 2359 τοῦ
1194 2299 1516 2378 τιμιωτάτου
1573 2305 1668 2356 τοῦ
1719 2296 2010 2375 ἐγκοσμίων

2103 2291 2267 2353 rierit
2300 2313 2313 2352 :
2353 2292 2534 2354 multo
2570 2296 2755 2372 magis
2778 2292 2882 2374 qui
2911 2293 3172 2356 animam
3205 2296 3472 2377 negligit,
3499 2318 3628 2362 rem
3654 2319 3750 2364 su-

363 2381 658 2473 κτήματος,
691 2393 784 2450 οὒκ
812 2392 1106 2457 ἀνεύθυνος.

2103 2399 2204 2461 pra
2226 2381 2432 2443 mundi
2450 2400 2545 2444 rcs
2561 2381 2708 2444 alias
2731 2383 2970 2445 maximi
3003 2383 3203 2467 pretii,
3226 2386 3400 2468 culpa
3419 2407 3627 2452 carere
3647 2410 3751 2454 ne-

2097 2471 2246 2551 quit.

436 2559 506 2633 δ’.
540 2570 654 2650 Χρή
682 2592 740 2627 σε
799 2571 876 2648 μὴ
927 2571 1256 2648 ἀποκάμνειν
1325 2566 1658 2643 διδάσκοντα,
1731 2566 1869 2626 ἀλλὰ
1925 2566 2010 2625 δι-

2177 2559 2562 2643 4.Οροιίειιε
2584 2561 2829 2624 minime
2853 2561 3582 2650 defatigaridocendo,sed
3607 2589 3751 2632 con-

355 2666 560 2727 ηνεκῶς
601 2663 692 2718 τὸν
731 2660 1198 2741 ἐγκεχειρισμένον
1254 2681 1336 2718 σοι
1380 2656 1510 2715 λαὸν
1565 2658 1630 2715 τὰ
1658 2659 1790 2738 πρὸς
1833 2681 2010 2728 σωτη-

2103 2650 2260 2713 tinuo
2281 2651 2764 2714 commendatum
2787 2651 2896 2715 tibi
2920 2654 3208 2734 populum
3227 2654 3289 2718 in
3303 2655 3400 2733 iis,
3419 2677 3550 2739 quae
3565 2659 3638 2722 ad
3659 2679 3750 2722 sa-

355 2751 466 2829 ρίαν
511 2749 830 2808 ἐκπαιδεύειν
876 2752 963 2807 καὶ
1011 2749 1077 2806 δι’
1139 2751 1348 2829 ἑαυτοῦ,
1405 2748 1493 2806 καὶ
1547 2745 1615 2804 δι’
1674 2747 1874 2828 ἑτέρου,
1918 2751 2010 2806 τοῦ

2103 2741 2276 2830 lutem
2309 2749 2598 2822 spectant,
2634 2750 2756 2830 tum
2786 2760 2892 2823 per
2915 2743 3171 2824 teipsum
3201 2747 3463 2824 erudire,
3494 2756 3618 2812 tum
3641 2769 3752 2830 per

354 2839 452 2907 τὴν
496 2840 749 2907 τοιαύτην
805 2838 1069 2896 διακονίαν
1113 2837 1411 2918 ἐκπληροῦν
1469 2835 1754 2915 δυναμένου
1787 2854 1802 2869 ⁵
1863 2836 2008 2904 ὅπως

2103 2829 2403 2910 alium,qui
2419 2829 2715 2910 ejusmodi
2731 2831 2964 2893 muneri
2979 2832 3324 2898 satisfacere
3337 2835 3543 2917 possit:
3556 2857 3630 2901 ne
3644 2829 3752 2902 he-

356 2929 434 3006 μὴ
477 2928 818 3006 καταμελῶν,
878 2935 947 3006 τῇ
1003 2935 1256 3007 κανονικῇ
1310 2926 1564 3008 αύστηρίᾳ
1617 2928 1811 2985 σαυτὸν
1839 2927 2008 3008 ἐγκα-

2103 2919 2385 3009 gligenter
2408 2930 2463 2982 te
2487 2939 2700 3009 gerens
2721 2921 3022 2984 severitati
3046 2925 3351 2988 canonica:
3366 2926 3750 3009 temetipsum

351 3021 622 3098 ταστήσης
650 3019 954 3082 ὑπεύθυνον,
1005 3006 1329 3086 Ἐπίσκοπος
1369 3006 1491 3099 γὰρ,
1537 3017 1722 3098 φησὶν,
1779 3015 1817 3084 ἥ
1873 3006 2008 3098 πρε-

2103 3006 2307 3070 reddas
2328 3007 2674 3100 obnoxium.
2700 3009 2797 3100 Sic
2821 3009 2981 3072 enim
3001 3010 3108 3074 illa
3124 3013 3326 3075 statuit
3345 3031 3359 3077 ε
3395 3006 3748 3100 Episcopus,

354 3079 621 3190 661318.90:
651 3108 866 3186 ἀμελῶν
907 3079 1000 3170 τοῦ
1067 3108 1267 3190 κλήρου
1315 3079 1395 3178 τῆ.
1427 3079 1520 3167 τοῦ
1551 3079 1726 3183 ⁸λθιοῦ;
1779 3079 1868 3166 καὶ
1917 3079 2009 3185 ιμὴ

2103 3105 2192 3158 aut
2207 3099 2541 3190 presbyter,
2558 3099 2908 3190 iquiclerum
2920 3101 3011 3164 vel
3042 3103 3325 3186 populum
3349 3079 3748 3186 neéligiﬁned

354 3189 675 3258 ἐκπαιδεύων
703 3199 890 3263 αὐτοὺς
921 3200 1018 3268 τὴν
1047 3197 1344 3281 εὐλάϐειαν,
1389 3197 1715 3280 ἀφοριζέσθω
1745 3196 2009 3276 ἐπιμένων

2103 3189 2503 3281 cospietatem
2535 3189 2732 3281 docet,
2762 3198 3126 3271 segregator,
3178 3199 3238 3254 et
3269 3211 3656 3276 perseverans
3689 3199 3749 3260 in

368 685 729 777 παράκλησιν,
823 690 1190 754 ἀποστολικῶς
1273 688 1394 752 τοῖς
1459 685 1694 744 ἀσθενέσι
1765 687 2024 742 δυνασθε-

353 3286 411 3344 δέ
550 3289 796 3371 ῥᾳθυμίᾳ,
830 3290 1195 3370 καθαιρείσθω.

435 3368 505 3444 ε’,
552 3368 684 3458 Χρὴ
741 3368 800 3436 σε
879 3380 958 3456 μὴ
991 3368 1093 3455 τῷ
1161 3385 1260 3448 τῆς
1317 3377 1590 3460 προεδρίας
1660 3378 2009 3459 ἐπαιρόμενον

348 3466 630 3545 ἀξιώματι,
716 3474 824 3526 τῶν
938 3468 1418 3550 ἐγκεχειρισμένων
1515 3466 2008 3550 κατεξανίστασθαι,

353 3556 500 3624 ὅπως
583 3557 660 3634 μή
743 3559 831 3614 καὶ
913 3557 1004 3615 τοῦ
1085 3549 1184 3627 τῆς
1240 3549 1723 3640 ταπεινοφροσύνης
1775 3555 2008 3633 ἐκπέσῃς

353 3653 716 3726 μακαρισμοῦ,
749 3648 838 3704 καί
865 3654 942 3722 τῷ
983 3652 1090 3704 τῶν
1125 3647 1464 3729 τυφουμένων
1517 3645 1815 3725 ἐγκλήματι
1873 3649 2008 3704 καθ-

350 3735 704 3804 υποϐληθείης
739 3751 753 3767 ⁸
839 3737 1003 3794 τύπον
1076 3735 1131 3793 δὲ
1204 3735 1407 3813 μᾶλλον
1491 3737 1676 3793 ἑαυτὸν
1757 3740 2008 3810 καθιστᾷν

353 3826 833 3907 ταπεινοφροσύνης
904 3839 1024 3890 τοῖς
1080 3829 1266 3905 ὁρῶσι,
1343 3825 1433 3883 καὶ
1505 3825 1723 3888 τούτους
1793 3822 1861 3881 δι’
1914 3825 2008 3905 ἕρ-

351 3937 460 3995 γων
524 3917 618 3982 τὰς
676 3922 770 3972 τοῦ
829 3917 1015 3996 Κυρίου
1059 3914 1276 3979 ἐντολὰς
1333 3920 1608 3995 παρορμᾷν
1657 3913 1954 3995 ἐκπληροῦν
1987 3931 2002 3947 ⁸

357 4029 385 4060 α
437 4005 640 4062 Μάθετε
688 4007 810 4085 γὰρ,
858 4007 1044 4088 φησὶν,
1089 4004 1190 4088 &1r'_
1205 4008 1367 4088 ἐμοῦ,
1400 4004 1481 4062 ὅτι
1543 4004 1711 4084 πρᾶός
1771 4007 1880 4082 εἰμι
1923 4007 2012 4062 καὶ

351 4096 594 4160 ταπεινὸς
625 4101 692 4173 τῇ
721 4085 926 4176 καρδία.
962 4119 990 4151 ι
1028 4085 1150 4172 Καὶ,
1177 4085 1372 4160 υΟστις
1392 4099 1602 4174 πρῶτος
1624 4092 1678 4150 ἐν
1698 4094 1828 4172 ὑμῖν
1846 4094 2010 4152 ἐθέλει

352 4186 518 4259 εἶναι,
564 4185 704 4243 ἔστω
728 4185 940 4242 πάντων
970 4184 1229 4266 ἔσχατος,
1893 4238 1898 4244 .

432 4267 540 4353 ς’.
590 4286 687 4333 Δεῖ
741 4276 842 4343 τὴν
887 4276 986 4343 σὴν
1031 4275 1348 4357 θεοφίλειαν,
1408 4274 1506 4343 τὴν
1577 4272 1861 4344 ἐπαινετὴν
1904 4274 2006 4334 ἐπ-

350 4365 735 4446 αναιρουμένην
783 4366 1124 4432 ταπείνωσιν,
1177 4363 1344 4442 μηδὲν
1384 4360 1594 4430 ἀνάξιον
1638 4363 1692 4421 ἐν
1749 4378 1868 4432 τοῖς
1909 4367 2012 4422 ὑπὸ

350 4470 517 4538 χεῖρα
567 4456 949 4536 ἀρχιερατικῆς
988 4454 1311 4532 ὑπολήψεως
1354 4455 1762 4534 κιαπράττεσθαι
1798 4474 1812 4490 ’

345 4547 510 4616 ἡνίκα
551 4568 631 4611 τις
673 4545 873 4602 τούτων
929 4546 1017 4602 καὶ
1059 4543 1148 4604 ὅτε
1190 4547 1455 4622 ὀψόμενος
1499 4544 1664 4614 αὐτὴν
1701 4546 2004 4626 παραγίνη-

346 4659 460 4716 ται,
519 4635 598 4712 μὴ
668 4633 722 4701 ἐξ
773 4633 1022 4699 ἀπονοίας
1092 4637 1180 4694 καὶ
1248 4633 1554 4716 φυσιώσεως
1598 4635 1696 4703 τὴν
1753 4635 2009 4712 αύτοψίαν

348 4726 536 4783 τούτου
593 4723 682 4780 καὶ
718 4721 1062 4802 προσομιλίαν
1117 4722 1551 4783 διαναϐάλλεσθαι
1585 4743 1602 4762 ο
1649 4723 1770 4782 ἀλλ’
1825 4724 2012 4782 αύτίκα

349 4817 439 4872 καὶ
480 4814 578 4882 τὴν
637 4809 956 4894 παραδοχὴν
1012 4815 1196 4873 τούτου
1250 4817 1544 4889 ποιεῖσθαι,
1600 4817 1688 4871 καὶ
1745 4815 1878 4894 πρὸς
1920 4811 2008 4870 δε-

349 4903 530 4971 ξίωσιν
558 4903 630 4967 ὡς
690 4899 806 4958 δέον
847 4901 1203 4984 προέρχεσθαι
1262 4900 1401 4983 (καθ’
1447 4903 1508 4958 ὃν
1572 4903 1766 4982 τρόπον
1821 4905 1857 4971 ἡ
1921 4923 2019 4980 με.

351 4994 569 5075 τριότης
611 4992 766 5068 ἡμῶν
808 4993 936 5072 πρὸς
965 4995 1064 5063 τήν
1114 4995 1262 5070 ὑμῶν
1317 4991 1616 5074 θεοφίλειαν
1685 4990 2012 5078 διατίθεται),

349 5079 579 5163 ἀκριϐῶς
638 5078 858 5162 εἰδυῖαν,
914 5082 989 5148 ὡς
1054 5083 1099 5139 εἰ
1162 5084 1252 5140 καὶ
1306 5088 1376 5159 τῇ
1431 5080 1680 5162 προεδρίᾳ
1731 5083 1792 5139 τὸ
1824 5089 2013 5158 μεῖζον

351 5171 721 5252 ἐκληρώσατο,
790 5168 910 5228 ἀλλ’
964 5170 1052 5228 οὖν
1115 5177 1184 5250 τῇ
1227 5173 1483 5248 ὁμοτιμία
1537 5176 1637 5239 τῆς
1694 5171 1927 5252 φύσεως,
1975 5171 2012 5241 ἢ

349 5263 439 5320 καὶ
505 5267 584 5336 τῷ
652 5258 981 5341 παραλλήλῳ
1044 5260 1142 5330 τῆς
1213 5267 1306 5319 τοῦ
1377 5263 1637 5340 παναγίου
1706 5261 2011 5339 Πνεύματος

353 5350 638 5431 ἐνεργείας,
669 5347 787 5408 κατ’
819 5348 964 5410 ούδὲν
993 5349 1212 5412 ἔλαττον
1240 5353 1397 5427 ἡμῶν
1424 5348 1524 5402 38"L
1567 5353 1596 5409 ὁ
1637 5349 1872 5416 τοιοῦτος
1903 5349 2011 5408 διαο

349 5438 516 5520 φέρει.

2093 3279 2475 3358 negligentia,
2515 3279 2856 3360 deponitor.

2175 3373 2232 3431 5.
2259 3369 2576 3452 Oportette
2600 3391 2717 3434 non
2733 3381 2974 3452 propter
2987 3370 3336 3451 dignitatem
3349 3374 3529 3439 oﬂicii
3547 3376 3748 3459 prasi-

2093 3457 2188 3520 dis
2197 3459 2412 3522 elatum
2423 3461 2732 3536 ,adversus
2745 3460 2994 3524 tibicom
3005 3460 3312 3526 mandatos
3325 3457 3660 3546 insurgere,
3671 3485 3748 3530 ne

2095 3548 2314 3628 pariter
2339 3557 2396 3611 et
2417 3549 2774 3614 humilitatis
2787 3549 3178 3615 felicitatione
3199 3563 3490 3632 careas,et
3510 3555 3750 3620 inﬂato-

2091 3657 2223 3700 rum
2250 3639 2479 3702 crimen
2502 3639 2773 3702 incurras
2793 3660 2809 3722 ;
2833 3639 2938 3702 sed
2959 3640 3154 3722 potius
3178 3642 3438 3725 teipsum
3463 3645 3750 3711 exhibere

2091 3727 2518 3811 spectantibus,
2548 3729 2884 3810 exemplum
2908 3729 3284 3803 humilitatis,
3311 3739 3370 3794 et
3406 3751 3509 3795 eos
3529 3735 3602 3797 ad
3625 3735 3748 3798 im-

2092 3818 2309 3899 plenda
2341 3818 2580 3882 Domini
2604 3818 2880 3881 mandata
2906 3819 3086 3880 fuctis
3113 3819 3261 3900 ipsis
3311 3821 3594 3887 excitare.
3629 3825 3744 3889 Di-

2091 3911 2264 3984 scite,
2286 3909 2496 3990 inquit,
2513 3927 2588 3972 ex
2610 3927 2725 3986 me,
2749 3910 3043 3990 quoniam
3060 3910 3226 3972 mitis
3243 3927 3400 3986 sum,
3427 3911 3749 3979 ethumz‘lis

2092 4000 2296 4062 corde.
2332 4001 2504 4080 Item,
2537 3998 2818 4080 Quisquis
2846 3998 3004 4062 inter
3023 4017 3125 4062 vos
3169 3998 3396 4081 primus
3428 4018 3560 4064 esse
3595 4003 3746 4084 vult,

2095 4089 2456 4151 sitomnium
2487 4089 2759 4152 ultimus.

2175 4268 2234 4333 6.
2262 4267 2452 4331 Debet
2468 4277 2564 4331 tua
2593 4268 2778 4351 pietas
2800 4268 2974 4331 laude
2991 4268 3228 4350 dignam
3263 4270 3598 4353 suscipiens
3623 4273 3747 4335 hu-

2098 4357 2426 4433 militatem,
2457 4358 2607 4420 nihil
2638 4358 2946 4439 indignum
2981 4359 3418 4424 existimatione
3441 4361 3745 4443 pontiﬁcia

1886 4454 2005 4513 ἀλλ²
2027 4467 2074 4523 ι)
2097 4445 2253 4508 inler
2279 4446 2548 4509 subditos
2567 4450 2941 4510 committere
2971 4469 2985 4513 :
3014 4449 3120 4511 sed
3143 4450 3618 4532 quandocunque
3637 4451 3747 4513 lio-

2091 4555 2223 4597 rum
2253 4537 2466 4617 aliquis
2491 4537 2779 4601 invisendi
2805 4557 2982 4600 causa
3003 4539 3256 4613 accedit,
3275 4559 3395 4602 non
3415 4559 3485 4602 ex
3516 4539 3749 4604 insania

2093 4635 2150 4687 ct
2181 4626 2484 4689 inﬂatione
2510 4627 2770 4690 hominis
2791 4636 3094 4708 aspectum
3113 4637 3173 4691 et
3191 4629 3613 4692 allocutionem
3638 4629 3751 4693 dif-

2094 4717 2298 4779 ferre:
2334 4717 2438 4779 sed
2496 4735 2631 4780 eum
2677 4717 2876 4780 statim
2925 4717 3265 4796 admittere,
3320 4737 3546 4802 proque
3578 4738 3746 4783 more

2103 4805 2341 4887 prodire
2367 4807 2438 4868 ad
2479 4807 2676 4888 ipsum
2737 4807 3156 4889 excipiendum
3191 4809 3405 4890 (qualis
3436 4817 3495 4872 et
3525 4817 3747 4873 nostra:

2102 4897 2529 4958 mediocritatis
2577 4915 2708 4959 esse
2763 4897 2916 4960 solet
2981 4897 3216 4960 affectio
3274 4915 3416 4979 erga
3462 4898 3744 4980 pietatem

2099 4985 2400 5064 vestram),
2421 5003 2556 5047 cum
2587 4993 2863 5048 accurate
2879 4986 3056 5064 norit,
3075 4987 3310 5050 tametsi
3329 4987 3559 5052 ratione
3585 5007 3744 5069 prae-

2098 5074 2337 5137 fecturae
2351 5076 2539 5156 major
2562 5074 2690 5156 ipsa
2711 5075 2826 5158 sit;
2861 5076 3030 5138 illum
3056 5084 3255 5138 tamen
3283 5077 3535 5141 alterum
3564 5086 3742 5141 natu-

2097 5184 2179 5227 ras
2205 5165 2492 5245 dignitate
2525 5183 2749 5246 parem,
2801 5165 2892 5231 vel
2942 5165 3118 5228 etiam
3169 5166 3439 5231 instituta
3489 5167 3745 5252 Spiritus

2096 5255 2285 5318 sancti
2312 5254 2682 5318 efﬁcacitatis
2716 5255 3182 5339 comparatione,
3214 5257 3438 5321 nullius
3465 5265 3745 5342 respectu

2095 5345 2461 5408 discriminis
2487 5343 2835 5411 inferiorem
2867 5345 3042 5410 nobis
3070 5365 3224 5412 esse.

1664 5606 1930 5677 νΑΡιΙᾹς
1971 5603 2415 5680 LECTIONES.

427 5730 495 5784 68
521 5730 690 5807 δήπου
718 5729 944 5813 μᾶλλον.
1028 5731 1130 5786 68*
1157 5734 1329 5814 ύμῶν.
