4128 6434
477 353 639 422 H39
1851 358 1983 421 JUS
2025 356 2121 419 CA

2214 357 2474 422 lNICUM
3705 363 3730 425 l
3750 361 3872 429 140

545 492 607 555 '7.
628 488 819 556 Debet
838 495 937 553 tua
953 488 1165 572 pietas,
1185 488 1483 571 siquidem
1511 490 1693 553 malas
1713 491 1894 553 vitare
1916 490 2119 573 suspi-

2283 479 2355 563 ζ’,
2420 499 2517 550 Δεῖ
2572 492 2672 561 τὴν
2715 493 2816 562 σὴν
2871 494 3188 576 θεοφίλειαν,
3250 496 3403 569 εἴπερ
3473 498 3568 562 τὰς
3620 499 3870 578 πονηρὰς

466 581 674 645 cioues
693 579 857 662 velit,
879 579 976 658 iis,
997 579 1100 662 qui
1136 580 1300 644 clero
1340 587 1759 656 accensentur,
1784 599 1985 645 rerum
2015 580 2121 643 ad-

2214 579 2482 662 ἐκφεύγειν
2509 581 2805 659 ὑπολήψεις
2850 582 3040 659 ἐθέλει,
3085 598 3203 650 τοῖς
3258 585 3314 642 ἐν
3340 592 3419 661 τῷ
3472 584 3659 667 κλήρῳ
3685 609 3867 645 κατα-

465 669 965 733 ministrationem
979 677 1156 751 atque
1173 668 1320 733 alias
1329 669 1674 733 functiones
1688 670 2121 733 ecclesiasticas

2214 670 2513 750 λεγομένοις
2568 672 2669 743 τήν
2724 695 2781 729 τε
2851 679 2961 730 τῶν
3003 675 3333 754 πραγμάτων
3390 676 3715 753 οἰκονομίαν,
3774 679 3873 735 καὶ

462 757 526 821 in
556 776 769 820 manus
801 756 1062 821 tradere.
1117 759 1246 821 Hoc
1292 758 1454 821 enim
1485 766 1546 822 et
1597 778 1632 821 a
1676 777 1905 822 canone
1950 777 2121 823 sacro

2214 761 2301 825 τὰς
2360 758 2521 825 ἄλλος
2626 760 3071 830 ἐκκλησιαστικὰς
3176 764 3489 845 ἐγχειρίζειν
3572 764 3869 831 διακονίας.

461 854 823 929 praeceptum
876 854 990 929 est,
1042 854 1101 909 et
1148 847 1317 911 omni
1360 866 1465 910 vos
1495 849 1721 911 oﬂ‘ensa
1749 848 1999 913 liberat:
2033 849 2121 913 uti

2214 856 2373 908 Γοῦτο
2395 852 2495 931 γὰρ
2533 851 2627 907 καί
2675 853 2703 908 ὁ
2760 854 2897 932 ἱερός
2951 854 3127 910 κανὼν
3181 853 3536 933 ἐγκελεύεται,
3592 856 3681 913 καὶ
3735 857 3869 932 ὑμῖν

460 936 696 1000 scilicet
714 934 1152 1024 administratio
1181 954 1384 1000 rerum
1434 936 1717 1001 Ecclesiae
1763 938 2119 1001 testimoniis

2214 940 2265 996 τὸ
2291 939 2631 1017 ἀπρόσκοπον
2686 937 2954 1022 προξενεῖ,
2998 941 3135 999 ὥστε
3193 943 3271 1020 μὴ
3331 942 3627 1024 ἀμάρτυρον
3714 944 3865 1002 εἶναι

458 1044 578 1089 non
609 1032 831 1104 careat,
863 1032 931 1088 ut
979 1023 1145 1089 nulla
1180 1044 1428 1109 prorsus
1458 1045 1530 1091 ex
1577 1034 1746 1111 parte
1780 1028 2117 1093 sacerdotio

2214 1028 2300 1097 τὴν
2341 1028 2440 1097 τῆς
2496 1026 2817 1098 Ἐκκλησίας
2885 1031 3187 1109 οἰκονομίαν
3210 1051 3228 1070 ⁸
3272 1034 3360 1090 καὶ
3403 1034 3542 1108 μήτε
3600 1033 3867 1109 ἐντεῦθεν,

456 1117 714 1181 convicii
742 1114 911 1181 labes
937 1124 1315 1198 aspergatur.

2214 1119 2339 1188 ιήτε
2382 1119 2489 1194 μὴν
2533 1117 2806 1199 ἑτέρωθεν,
2865 1117 3126 1200 λοιδορίαν
3181 1128 3251 1200 τῇ
3291 1120 3545 1201 ἱερωσύνη
3602 1124 3866 1202 προστρί-

1429 1207 1438 1215 ’
2203 1204 2408 1271 ϐεσθαι,
3734 1254 3737 1257 .

2281 1290 2364 1369 η’.
2412 1309 2510 1358 Δεῖ
2538 1301 2638 1370 τὴν
2679 1302 2779 1371 σὴν
2834 1302 3155 1385 θεοφιλειαν,
3186 1302 3241 1359 εἴ
3291 1303 3423 1362 ποτέ
3464 1326 3566 1362 τινι
3607 1306 3714 1362 τῶν
3746 1304 3873 1363 ἐπι-

460 1404 598 1449 cum
619 1392 811 1448 morte
840 1385 1244 1473 commutarit,
1270 1384 1514 1448 omnino
1538 1385 1685 1449 nihil
1715 1405 1786 1449 ex
1818 1386 1999 1449 rebus
2022 1387 2118 1469 ip-

2214 1391 2420 1449 τκόπων
2451 1392 2513 1448 τὸ
2570 1398 2664 1450 τοῦ
2708 1392 2820 1469 βίου
2875 1384 3025 1457 τέλος
3071 1390 3313 1473 ἀπέλθοι,
3371 1391 3539 1470 μηδὲν
3596 1393 3870 1472 μηδαμῶς

461 1474 587 1539 sius
616 1474 885 1539 auferre;
923 1472 1053 1538 nec'
1082 1475 1335 1537 honesto
1366 1475 1609 1539 nomine
1640 1476 2117 1553 consuetudinis,

2214 1479 2264 1536 ix
2318 1486 2423 1536 τῶν
2493 1484 2651 1540 αὗτοὺ
2693 1480 3027 1562 ἀφαιρεῖσθαι
3069 1472 3423 1561 πραγμάτων,
3483 1481 3625 1559 μηδὲ
3680 1491 3868 1560 σεμνῷ

460 1563 828 1644 prohibitum
850 1564 1076 1646 rapina:
1090 1564 1390 1627 violentiae
1405 1583 1536 1646 quae
1548 1565 1781 1628 facinus
1814 1565 2116 1629 obvelare:

2214 1569 2423 1646 Ξνόματι
2467 1570 2739 1637 συνηθείας
2798 1568 3118 1641 ἐπισκιάζειν
3173 1571 3273 1638 τὴν
3327 1576 3427 1639 τῆς
3485 1572 3728 1652 ἁρπαγῆς
3771 1575 3868 1630 καὶ

461 1653 570 1719 sed
600 1654 897 1718 universis
924 1655 1304 1732 denuntiare,
1327 1654 1696 1731 futurum,ut
1726 1658 1926 1719 omnia
1958 1656 2119 1720 salva

2214 1658 2492 1740 τυραννίδος
2593 1658 3035 1738 ἂπηγορευμένην
3147 1659 3331 1739 πρᾶξιν
3368 1680 3381 1694 ⁸
3467 1665 3865 1741 παρεγγυᾶσθαι

459 1751 907 1822 conserventur,
942 1750 1005 1807 et
1033 1743 1365 1806 secundum
1394 1743 1584 1824 ipsius
1609 1756 1734 1806 met
1760 1744 2114 1826 dispositio-

2214 1747 2252 1804 ῑέ
2307 1754 2461 1823 πᾶσι,
2508 1753 2623 1805 σῶα
2663 1748 2835 1809 πάντα
2892 1746 3348 1829 διαφυλάττεσθαι,
3423 1751 3509 1807 καὶ
3566 1752 3702 1809 κατὰ
3756 1752 3865 1819 τὴν

458 1851 599 1896 nem
617 1844 646 1877 ι·
665 1832 947 1915 quaelibet
964 1832 1189 1896 relictae
1213 1832 1449 1914 species
1484 1832 1980 1897 administrentur
2011 1853 2025 1899 :
2051 1834 2115 1898 in

2214 1838 2363 1894 ιῦτοῢ
2430 1837 2627 1894 ἐκείνου
2676 1835 2929 1911 διάταξιν,
3004 1836 3171 1904 οὕτως
3240 1837 3466 1896 ἕκαστον
3520 1846 3626 1897 τῶν
3682 1861 3864 1896 κατα-ο

462 1921 673 2005 primis
701 1940 1072 2005 quaecunque
1099 1922 1190 1985 vel
1220 1922 1294 1985 ab
1325 1922 1429 1985 illo
1460 1931 1753 2004 tempore,
1808 1943 1923 2005 quo
1954 1943 2112 2006 prae-

2214 1926 2611 2003 ίιμπανομένων
2658 1924 2807 1983 εἰδῶν
2866 1923 3178 1984 διοικεῖσθαι
3213 1945 3230 1962 ⁶
3282 1925 3513 2003 μάλιστα
3543 1925 3598 1984 δὲ
3667 1927 3765 1985 ὅσα
3825 1930 3863 1997 ἢ

460 2012 652 2075 fectus
681 2011 1049 2095 episcOpatui
1074 2012 1274 2094 fuerit,
1308 2013 1730 2094 acquisiverit;
1761 2014 1852 2076 vel
1872 2013 1926 2077 ei
1958 2024 2115 2096 post-

2214 2017 2336 2072 ιατὰ
2392 2017 2484 2072 τὸν
2553 2017 2759 2096 καιρὸν,
2833 2016 2889 2072 ὃν
2972 2017 3373 2097 προεχειρίσθη,
3434 2016 3690 2086 ἐκέκτητο
3726 2037 3739 2050 ⁸
3825 2018 3863 2085 ἢ

462 2104 705 2165 modum
738 2121 773 2165 a
827 2104 1095 2183 cognatis
1142 2104 1529 2167 accesserint.
1587 2102 1755 2177 Quod
1815 2104 1864 2166 si
1921 2110 2114 2168 morte

2214 2105 2341 2180 μετὰ
2364 2111 2528 2162 ταῦτα
2559 2104 2619 2161 ἐκ
2675 2109 2943 2185 συγγενῶν
3000 2109 3142 2180 αὒτῷ
3197 2105 3515 2185 προσετέθη,
3562 2109 3621 2164 Εἰ
3649 2104 3694 2163 δ’
3737 2107 3867 2173 ἐξά-

462 2191 773 2255 subitanea
799 2191 977 2255 vitam
999 2192 1247 2263 ﬁnierit,
1287 2210 1364 2254 ne
1395 2193 1483 2255 sic
1512 2192 1755 2274 quidem
1809 2192 2118 2256 facultates

2214 2217 2332 2252 πινα
2385 2196 2449 2252 τὸ
2498 2203 2591 2253 τοῦ
2657 2195 2771 2270 βίου
2829 2193 2979 2258 τέλος
3018 2196 3187 2271 τούτῳ
3239 2194 3473 2273 ἐπέλθοι,
3531 2195 3658 2273 μηδ’
3691 2196 3861 2261 οὕτως

466 2280 654 2363 ipsius
683 2280 865 2364 diripi
891 2281 1183 2345 auferrive
1213 2280 1475 2364 debent;
1508 2282 1610 2347 sed
1643 2283 1694 2345 si
1736 2282 1836 2365 qui
1888 2282 2118 2363 cognati

2214 2283 2450 2364 ὶρπαγὴν
2503 2285 2591 2341 καὶ
2641 2283 2911 2364 ἀφαίρεσιν
2984 2291 3090 2342 τῶν
3161 2287 3469 2366 προσόντων
3522 2287 3662 2363 αὐτῷ
3716 2310 3863 2366 πρα-

458 2372 591 2451 ejus
609 2379 864 2453 exstent,
893 2371 1014 2434 illis
1042 2389 1140 2433 res
1169 2371 1357 2453 ipsius
1388 2372 1647 2454 propriae
1678 2373 2073 2436 attribuantur
2098 2392 2113 2437 :

2214 2374 2422 2453 γμάτων
2453 2376 2680 2453 γίνεσθαι
2716 2389 2729 2403 ⁸
2776 2371 2897 2430 ἀλλ’
2940 2375 2985 2431 εί
3026 2374 3123 2450 μὲν
3177 2388 3453 2455 συγγενεῖς
3492 2377 3663 2450 τούτῳ
3721 2375 3863 2445 εἴη-

460 2461 554 2522 sin
583 2461 733 2523 nulli
764 2461 912 2525 tales
945 2461 1271 2543 supersint,
1305 2469 1448 2523 tunc
1498 2461 1792 2544 siquidem
1824 2463 1998 2543 inops
2029 2471 2121 2526 est

2214 2485 2323 2544 ταν,
2382 2461 2599 2527 ἐκείνοις
2642 2464 2729 2519 καὶ
2784 2463 2851 2519 τὰ
2912 2463 3097 2520 τούτου
3152 2461 3265 2520 ἴδια
3322 2466 3718 2545 περιποιεῖσθαι
3752 2482 3767 2497 '
3820 2467 3865 2521 εἰ

464 2550 722 2614 ecclesia
768 2551 864 2614 cui
926 2550 1181 2633 praefuit,
1216 2558 1393 2633 atque
1422 2552 1636 2613 horum
1670 2550 1892 2632 indiga,
1925 2552 2115 2615 facul-

2214 2550 2255 2608 se
2286 2553 2364 2628 μὴ
2406 2552 2630 2609 τοιοῦτοί
2671 2573 2809 2616 τινες
2868 2552 3003 2628 εἶεν,
3063 2552 3184 2610 τότε
3227 2554 3273 2610 εἰ
3315 2554 3414 2630 μὲν
3471 2554 3668 2633 ἄπορός
3714 2554 3862 2612 ἐστιν

462 2648 611 2703 tates
631 2642 762 2722 ejus
790 2640 1042 2723 accipiet
1068 2639 1157 2702 :si
1184 2640 1449 2723 locuples
1470 2649 1529 2703 et
1569 2641 1872 2721 epulenta,
1906 2642 2114 2705 saltem

2214 2642 2233 2709 ἢ
2293 2639 2413 2698 κατ’
2456 2643 2612 2699 αὐτὸν
2655 2638 2970 2717 Ἐκκλησία,
3021 2644 3109 2699 καὶ
3152 2649 3258 2700 τῶν
3309 2644 3562 2700 τοιούτων
3618 2642 3860 2719 ἐπιδεὴς,

462 2738 532 2793 ut
581 2729 645 2791 in
677 2748 970 2812 pauperes
999 2730 1133 2811 ejns
1184 2730 1341 2793 bona
1388 2729 1841 2808 distribuantur,
1875 2750 2117 2812 operam

2214 2728 2375 2798 εκείνη
2418 2730 2507 2787 καὶ
2562 2730 2628 2786 τὰ
2671 2729 2813 2805 αύτῴ
2868 2732 3206 2810 προσήκοντα
3261 2731 3597 2809 ἀναλήψεται
3630 2748 3645 2764 ’
3714 2734 3758 2789 εὶ
3804 2731 3862 2789 δὲ

464 2819 612 2883 dare
647 2818 830 2883 debet
855 2840 872 2896 ;
895 2838 1016 2882 non
1038 2819 1242 2901 specie
1254 2819 1507 2902 quadam
1530 2819 1846 2882 dominica:
1864 2822 2119 2885 auctori-

2214 2819 2255 2874 ἓν
2284 2818 2496 2900 εὐπορίᾳ
2551 2820 2908 2895 καθειστήκει,
2954 2820 3075 2886 τοῖς
3102 2827 3226 2901 γοῦν
3281 2820 3474 2892 πένησι
3533 2829 3694 2880 ταῦτα
3746 2820 3863 2879 δια-

466 2908 606 2974 tatis
635 2915 696 2971 et
722 2908 1032 2991 potestatis
1063 2909 1419 2984 invadenda,
1468 2926 1568 2971 res
1618 2908 1808 2989 ipsius
1856 2909 2115 2975 auferre.

2214 2906 2422 2966 itSocOat
2490 2908 2927 2991 παρασκευάζειν,
3008 2908 3145 2967 ἀλλὰ
3221 2910 3298 2987 μὴ
3357 2911 3622 2975 αὖθεντίας
3676 2912 3863 2989 τρόπῳ

467 2998 701 3083 Quippe
730 2997 782 3061 si
808 2998 954 3081 quid
984 3016 1019 3060 a
1045 2998 1214 3061 vobis
1255 2998 1551 3079 ejusmodi
1587 3005 1873 3087 tentatum
1914 3000 2121 3085 fuerit,

2214 2995 2289 3051 ιαὶ
2310 2995 2570 3087 ἐξορσίαςῌ
2597 2995 2937 3087 ἐπέρχεσθαι,
2996 2998 3086 3055 καί
3134 3019 3184 3055 τι
3226 3004 3332 3057 τῶν
3387 2998 3546 3059 αὐτοῦ
3602 3001 3858 3081 ἀφαιρετ-

468 3077 680 3152 ιιιιῐῖἱό
713 3077 872 3170 quod
895 3088 1158 3153 ablatum
1184 3077 1365 3152 fuerit
1389 3087 1453 3150 in
1476 3086 1721 3169 duplum
1750 3077 2121 3169 restituetur,

2214 3088 2341 3145 rOat.
2391 3077 2483 3151 Ὧς
2516 3084 2635 3165 εἴγε
2677 3086 2914 3144 τοιοῦτόν
2959 3109 3010 3144 τι
3039 3087 3164 3168 παρ’
3218 3089 3365 3165 ὑμῶν
3420 3077 3743 3166 τολμηθείη,
3772 3093 3858 3147 καί

468 3186 595 3244 tum
616 3176 748 3261 ipse
765 3196 885 3240 non
904 3177 1186 3261 exiguum
1201 3177 1274 3241 ad
1299 3185 1534 3260 tempus
1550 3177 2117 3242 excommunicatio-

2214 3175 2230 3231 Ξ
2287 3171 2333 3230 δ’
2389 3173 2452 3231 ἂν
2494 3174 2797 3256 ἀφαιρεθείη
2868 3177 2944 3243 εἰς
3018 3177 3079 3233 τὸ
3135 3174 3410 3238 διπλάσιον
3464 3178 3856 3260 ἀναστραφήσε-

539 1296 601 1359 8.
633 1294 827 1360 Debet
854 1303 957 1359 tua
986 1295 1200 1379 pietas,
1250 1294 1299 1357 si
1323 1296 1460 1378 quis
1489 1297 1907 1380 episcoporum
1939 1298 2117 1362 vitam

462 3268 557 3332 nis
583 3286 772 3352 poenas
798 3266 1106 3349 subjectus
1133 3269 1270 3332 eris.

542 3448 605 3512 9.
624 3445 834 3530 Siquis
857 3448 1302 3530 episcoporum,
1344 3448 1453 3511 tibi
1492 3446 1891 3527 subditorum,
1921 3447 1994 3512 ad
2024 3449 2117 3513 al—

468 3543 656 3600 teram
685 3537 863 3601 vitam
916 3537 1437 3621 commigraverit;
1498 3538 1691 3617 pietas
1723 3543 1820 3600 tua
1849 3537 2025 3619 longe
2059 3558 2123 3601 se

465 3645 785 3691 removens
812 3628 887 3690 ab
919 3627 1083 3690 omni
1112 3627 1434 3710 cupiditate
1457 3628 1739 3700 humana,
1759 3627 1853 3691 vel
1871 3629 2067 3709 potius
2088 3648 2122 3690 a

466 3715 797 3782 simoniaco
824 3717 967 3781 vitio
988 3716 1241 3781 liberam
1259 3735 1394 3781 sese
1415 3716 1860 3791 demonstrans,
1887 3724 1944 3778 et
1960 3716 2123 3779 omni

468 3806 645 3870 modo
669 3815 850 3889 atque
870 3806 1151 3871 omnibus
1176 3806 1406 3871 viribus
1429 3805 1682 3886 gratiam
1706 3805 1965 3887 Spiritus
1988 3825 2125 3869 san-

467 3898 546 3961 cti
564 3896 810 3960 minime
836 3897 1110 3960 venalem
1137 3914 1405 3974 servans,
1452 3896 1769 3977 Deumque
1802 3896 1992 3958 solum
2024 3897 2123 3959 in-

467 3996 804 4070 spectorem
829 3987 1097 4051 cordium
1116 3999 1457 4050 nostrorum
1480 3986 1742 4061 intuens,
1768 4005 1903 4047 eum
1925 3986 2117 4048 homi-

465 4095 605 4141 nem
632 4077 706 4139 ad
735 4076 983 4157 gradum
1040 4075 1444 4159 episcopalem
1506 4076 1760 4138 evehere
1792 4074 1993 4157 debet,
2022 4075 2125 4157 qui

465 4166 811 4229 testimonia
824 4166 958 4229 vitae
970 4167 1261 4243 honestae,
1283 4165 1591 4241 doctrinae,
1618 4162 1850 4225 ordinis
1864 4172 1920 4226 et
1941 4165 2121 4227 studii

466 4255 799 4338 spiritualis
811 4254 1053 4328 habeat,
1074 4254 1259 4317 etrite
1273 4255 1605 4318 secundum
1625 4271 1887 4315 canones
1899 4253 2124 4316 electus

466 4346 545 4409 sit
575 4366 592 4408 :
618 4353 681 4408 ut
710 4363 923 4427 magna
940 4344 1045 4407 illa
1089 4344 1462 4427 pontiﬁcatus
1489 4343 1745 4424 dignitas
1772 4342 2060 4406 immunis
2090 4362 2124 4406 a

2199 3285 2310 3341 ται,
2383 3265 2471 3321 καὶ
2537 3266 2894 3341 ἀκοινωνησίᾳ
2963 3265 3050 3325 ἐπὶ
3116 3266 3371 3326 πλεῖστον
3412 3268 3857 3349 κυθυποϐληθήσῃ

2201 3353 2422 3434 χρόνον.

2320 3431 2332 3452 ⁸
2558 3443 2569 3462 θ
2647 3444 2660 3461 ν
3135 3447 3159 3468 ν
3279 3445 3289 3460 ⁸
3506 3454 3533 3465 -ο

2281 3446 2310 3500 θ
2338 3487 2352 3503 .
2388 3451 2487 3501 Δεῖ
2513 3466 2582 3512 τη
2606 3464 2705 3512 σην
2736 3444 3056 3527 θεοφίλειαν,
3106 3468 3294 3504 ειποτε
3345 3470 3426 3513 τις
3466 3472 3572 3506 των
3619 3446 3708 3506 ὑπ’
3765 3455 3859 3510 αὖ·-

2202 3533 2303 3601 τὴν
2356 3532 2652 3591 τελούντων
2707 3535 3019 3594 ἐπισκόπων
3085 3537 3216 3615 πρὸς
3285 3539 3384 3606 τὴν
3438 3538 3616 3596 ἐκεῖθε
3686 3561 3859 3616 μενα-

2204 3624 2360 3691 σταίη
2415 3621 2589 3699 ληξιν,
2636 3625 2834 3689 παντὸς
2902 3623 3223 3703 ἀνθρωπίνου
3295 3627 3485 3696 ἑαυτὴν
3568 3630 3863 3709 μακρύνου⁶

2204 3734 2299 3772 σαν
2330 3713 2724 3790 ἐλαττώματος,
2787 3712 2989 3789 μᾶλλον
3033 3712 3088 3770 δὲ
3129 3716 3227 3784 τῆς
3278 3719 3610 3795 σιμωνιακῆς
3669 3719 3862 3783 κακίας

2205 3802 2684 3884 ἐλευθεριάζουσαν,
2738 3804 2825 3860 καὶ
2879 3805 3036 3861 παντὶ
3094 3807 3274 3886 τρόπῳ
3331 3809 3419 3865 καὶ
3467 3808 3615 3884 πάσῃ
3643 3806 3863 3884 δυνάμει

2205 3894 2303 3962 τὴν
2361 3900 2454 3950 τοῦ
2497 3894 2800 3970 Πνεύματος
2854 3893 2995 3949 θείαν
3066 3896 3225 3975 χάριν
3288 3894 3520 3976 ἄπρατον
3578 3896 3864 3970 διασώζου-

2207 4004 2327 4057 σαν,
2373 3985 2504 4062 πρὸς
2549 3984 2711 4060 μόνον
2770 3982 2900 4038 Θεὸν
2943 3983 3033 4041 τὸν
3076 3990 3183 4041 τῶν
3233 3984 3459 4066 καρδιῶν
3506 3989 3662 4063 ἡμῶν
3716 3988 3861 4046 ἁπο-

2208 4069 2505 4129 ὄλέπουσαν
2534 4070 2743 4152 ἔφορον,
2788 4072 2879 4128 τὸν
2923 4071 3009 4129 ἐπὶ
3060 4073 3159 4150 βίῳ
3213 4082 3415 4151 σεμνῷ,
3461 4078 3548 4133 καὶ
3577 4075 3742 4155 λόγῳ,
3776 4079 3864 4134 καὶ

2208 4163 2525 4220 καταστάσει
2600 4167 2935 4238 πνευματικῇ
3017 4165 3476 4243 μαρτυμούμενον,
3548 4167 3635 4221 καὶ
3690 4188 3861 4224 κανο-

2206 4258 2364 4315 νικῶς
2396 4251 2777 4333 ψηφιζόμενον,
2834 4252 2908 4315 εἰς
2949 4252 3037 4308 τὸν
3095 4251 3441 4310 ἐπισκοπικὸν
3497 4254 3710 4333 ἀνάγειν
3753 4256 3857 4331 βλ-

2205 4343 2359 4419 θμὸν,
2404 4340 2498 4398 ’ἕνα
2524 4338 2589 4408 δὴ
2619 4341 2706 4399 καὶ
2734 4342 2796 4397 τὸ
2840 4340 2977 4419 μέγα
3031 4346 3129 4410 τῆς
3185 4342 3581 4423 ἀρχιερωσύνης
3640 4343 3861 4414 chum"-

465 4437 903 4518 cauponatione
933 4443 1343 4511 conservetur,
1373 4453 1443 4498 ac
1494 4441 1617 4495 tum
1659 4432 1788 4514 ipse
1816 4432 2121 4497 canonicis

2214 4431 2266 4489 λε
2281 4455 2392 4490 λτον
2441 4442 2757 4501 συντηροῖτο
2799 4428 3028 4511 ἀξίωμα,
3088 4432 3176 4488 καὶ
3232 4435 3385 4499 αὐτὸς
3440 4434 3537 4509 μὲν
3591 4436 3733 4514 παρὰ
3760 4436 3857 4502 τῆς

468 4524 879 4590 sanctionibus
906 4543 1027 4587 non
1049 4523 1495 4602 condemneris,
1520 4531 1644 4585 tum
1677 4521 1779 4585 ille
1820 4522 1944 4585 suis
1977 4542 2120 4605 pro-

466 4616 641 4681 batus
669 4616 783 4697 boc
834 4614 1012 4677 modo
1038 4614 1112 4678 ad
1142 4614 1551 4697 episcopatum
1612 4612 1854 4695 propria
1909 4612 2121 4677 virtute

472 4696 741 4789 provehi,
768 4703 918 4767 liber
939 4703 1012 4766 ab
1035 4696 1197 4766 omni
1222 4704 1301 4766 sit
1350 4704 1578 4769 offensa
1605 4721 1622 4780 ;
1649 4720 1762 4765 nec
1783 4702 2121 4784 spirituales

465 4796 532 4860 in
560 4797 731 4876 leges
767 4794 1130 4877 impingens,
1165 4812 1276 4856 nec
1304 4792 1649 4858 inevitabile
1694 4791 1801 4855 Dei
1820 4791 2118 4873 judicium

467 4886 758 4950 adversus
776 4903 910 4948 sese
941 4902 1293 4966 provocans.

550 4984 647 5040 10.
679 4976 748 5040 In
771 4974 937 5039 omni
953 4975 1188 5038 actione
1208 4984 1384 5056 atque
1404 4973 1782 5056 tractatione,
1818 4992 2062 5057 prorsus
2089 4993 2125 5038 a

470 5065 822 5129 muneribus
837 5064 1145 5128 continere
1159 5071 1217 5126 te
1227 5062 1438 5140 debes,
1456 5070 1515 5126 et
1525 5072 1691 5125 certo
1705 5062 1882 5140 scire,
1906 5081 2120 5144 pecca-

469 5161 595 5217 tum
629 5153 937 5236 quodlibet
986 5153 1268 5235 simplum
1325 5152 1561 5235 perpeti
1608 5151 1968 5235 supplicium
2003 5153 2123 5216 :ad

467 5240 642 5305 istam
674 5241 939 5307 Simonis
959 5241 1259 5318 haeresim,
1288 5241 1530 5325 duplam
1554 5240 1614 5303 in
1639 5259 1706 5303 ea
1728 5240 2122 5323 depraehenso

473 5330 1036 5394 condemnationem
1053 5330 1292 5396 afferre.
1317 5330 1693 5414 Quapropter
1718 5330 1846 5394 haec
1876 5331 2121 5396 omnino

469 5418 875 5484 exscindenda
901 5419 1083 5499 venit,
1111 5438 1179 5483 ac
1197 5438 1275 5485 ne
1290 5420 1826 5486 consuetudinibus
1848 5420 2115 5504 quidem,

2203 4519 2482 4589 κανονικῆς
2510 4518 2848 4595 θεσμοθεσίας
2892 4519 3244 4600 ἀκατάκριτος
3274 4522 3580 4603 ἐποφθείης,
3611 4523 3858 4587 κακεῖνος

2203 4610 2254 4678 ἐξ
2298 4612 2484 4668 ἑαυτοῦ
2529 4608 2667 4667 οὕτω
2708 4608 3129 4689 προχειρίζεσθαι
3160 4612 3280 4677 τοὺς
3330 4610 3463 4693 ἀμφ’
3492 4615 3647 4670 αὐτὸν
3689 4611 3856 4669 διδασ-

2201 4702 2451 4781 κόμενος,
2496 4699 2833 4779 ἀπρόσκοπος
2889 4697 2982 4767 εἴη
3013 4715 3029 4732 ⁸
3107 4701 3247 4776 μήτε
3304 4715 3424 4766 τοῖς
3482 4704 3857 4779 πνευματικοῖξ

2205 4791 2390 4868 νόμοις
2420 4789 2782 4870 προσκρούων,
2844 4790 2983 4863 μήτε
3043 4792 3101 4846 τὸ
3156 4788 3385 4871 ἄφυκτον
3415 4799 3504 4850 τοῦ
3530 4800 3661 4850 Θεοὺ
3689 4806 3858 4873 κρῖμα

2205 4878 2321 4939 καθ’
2364 4881 2551 4937 ἑαυτοῦ
2577 4876 2988 4953 ἐκκαλούμενος.

2287 4961 2328 5028 ι’
2372 4979 2470 5027 Δεῖ
2500 4990 2559 5026 σε
2614 4966 2699 5025 ἐπὶ
2753 4968 2902 5045 πάσῃ
2955 4965 3137 5046 πράξει
3180 4971 3268 5027 καὶ
3311 4972 3673 5051 μεταχειρίσει
3727 4995 3859 5029 παν-

2205 5062 2402 5119 τάπασι
2445 5056 2626 5138 δώρων
2691 5055 3010 5137 ἀπέχεσθαι,
3071 5056 3301 5139 ἀκριϐῶς
3344 5057 3543 5134 εἰδότα,
3600 5063 3675 5128 ὡς
3717 5069 3861 5119 πᾶσα

2207 5152 2303 5230 μὲν
2361 5149 2593 5228 ἁμαρτία
2651 5145 2830 5215 ἁπλῆν
2887 5148 2988 5215 τὴν
3031 5149 3286 5228 τιμωρίαν
3342 5150 3617 5231 ὒφῖσταται
3653 5168 3667 5182 ·
3714 5154 3749 5222 ἡ
3806 5150 3860 5209 δὲ

2204 5248 2297 5301 τοῦ
2357 5240 2597 5317 Σίμωνος
2654 5237 2855 5317 αἵρεσις
2898 5235 3092 5304 διπλῆν
3135 5237 3322 5318 ἐπάγει
3364 5248 3441 5316 τῷ
3490 5240 3671 5299 ἁλόντι
3698 5266 3853 5301 καταο

2203 5355 2397 5414 κρισιν.
2473 5329 2567 5386 Διὸ
2630 5325 2714 5386 δεῖ
2776 5324 3049 5393 παντελῶς
3101 5330 3297 5397 ταύτην
3354 5331 3715 5414 περικόπτειν,
3773 5335 3862 5391 καὶ

2203 5420 2340 5502 μηδὲ
2407 5431 2531 5483 ταῖς
2585 5417 2899 5500 λεγομέναις
2948 5422 3242 5489 συνηθείαις
3299 5417 3507 5479 εἴσοδον
3562 5425 3649 5480 καὶ
3716 5446 3861 5505 παρ-

1815 5581 2069 5649 VABLE
2110 5578 2551 5651 LEGTIONES.

543 5718 570 5749 ³
600 5709 1066 5774 testamentum.
