4128 6430
421 349 572 417 1143
1803 349 1935 414 JUS
1975 351 2069 412 CA

2164 344 2420 413 DNICUM
3648 344 3674 403 1
3689 343 3711 404 1
3728 342 3810 404 44

413 488 536 544 tum
570 500 705 545 esse
727 481 1133 564 pratendunt,
1169 500 1296 544 rem
1349 500 1589 544 omnem
1620 481 2069 562 investigatione

2164 480 2372 562 λεστὲρᾳ
2433 481 2661 548 ἐξετάσει
2717 480 3003 562 διερευνᾷν,
3063 484 3150 538 καὶ
3207 482 3302 548 τὴν
3357 478 3627 558 διόρθωσιν
3696 484 3806 534 τῶν

413 568 688 650 diligenti
735 568 1126 653 perscrutari,
1175 577 1237 632 et
1291 589 1423 654 qua
1451 570 1770 632 commissa
1797 579 1957 646 sunt,
1991 571 2071 632 ita

2164 570 2544 652 ἡμαρτημένων
2596 575 2863 628 ποιεῖσθαι
2895 587 2908 602 ·
2970 570 3068 648 ἴσῃ
3124 570 3220 646 μὲν
3266 575 3334 646 τῇ
3363 568 3534 641 εὖνοίᾳ
3560 566 3803 654 ἀμφοτέ-

413 659 755 740 corrigere:
808 667 874 722 ut
936 661 1064 742 pari
1117 659 1362 741 quidem
1413 659 1828 723 benevolentia
1887 659 2070 742 partis

2164 682 2257 718 now
2289 667 2463 739 μερῶν
2492 661 2614 725 τοὺς
2672 659 2860 740 λόγους
2914 658 3316 740 διευκρινοῦντα,
3393 664 3460 736 τῇ
3515 658 3722 733 στάθμῇ
3747 653 3806 711 δὲ

415 747 724 831 utriusque
748 750 1010 812 rationes
1041 748 1364 831 expendas,
1389 748 1939 812 atobservationum
1963 769 2068 812 ca-

416 836 769 901 nonicarum
799 837 1034 902 lancem
1068 837 1362 922 sequaris,
1383 837 1581 921 iisque
1601 838 1830 919 singula
1850 838 2072 920 dirigas

416 932 478 988 et
506 925 710 990 ﬁnias.

498 1013 602 1081 l3.
633 1015 825 1079 Debet
854 1022 954 1079 tua
999 1015 1189 1098 pietas
1236 1014 1424 1079 sacris
1473 1015 1728 1078 cimeliis
1761 1015 2075 1080 maximam

2151 757 2257 807 τῶν
2286 756 2575 810 κανονικῶν
2605 751 3071 831 παρατηρημάτων
3121 749 3398 826 ἐπόμενον,
3457 748 3544 804 καὶ
3599 745 3805 808 τούτοις

2161 839 2358 897 ἕκαστα
2398 837 2724 898 διευθύνοντά
2753 863 2810 896 τε
2841 841 2928 896 καὶ
2957 840 3355 920 περαιούμενον.

2240 1007 2336 1097 ιγ’.
2372 1027 2469 1075 Δεῖ
2496 1018 2593 1087 την
2625 1018 2724 1087 σήν
2764 1017 3058 1096 θεοφίλειαν
3114 1033 3232 1082 τοῖς
3288 1020 3448 1096 ἱεροις
3501 1011 3803 1090 κειμηλίοις

413 1103 704 1168 adhibere
738 1123 940 1168 curam
969 1113 1151 1186 atque
1173 1104 1635 1186 providentiam,
1669 1113 1732 1167 ut
1750 1123 1820 1166 ea
1844 1105 2073 1169 scilicet

2164 1107 2414 1186 μεγίστην
2470 1105 2892 1165 καταϐάλλεσθαι
2955 1107 3226 1188 πρόνοιαν,
3297 1106 3434 1164 ὥστε
3509 1110 3672 1160 ταῦτα
3728 1103 3807 1166 εἷς

416 1192 492 1256 ad
519 1202 936 1257 ornamentum
958 1194 1587 1258 ecclesiadetrimenti
1605 1195 2075 1278 omnisexpertia

416 1291 869 1359 conserventur,
923 1283 1016 1345 vel
1064 1281 1505 1346 incrementum
1563 1302 1823 1365 quoque,
1860 1283 1911 1346 si
1942 1285 2072 1347 fieri

421 1370 635 1454 possit,
667 1370 907 1453 capiant
939 1392 954 1432 :
985 1371 1312 1453 itidemque
1342 1379 1555 1434 catera
1578 1371 1822 1454 pradia,
1846 1393 1978 1455 qua
1995 1372 2068 1437 ad

415 1479 590 1522 usum
623 1459 894 1525 ecclesia
930 1461 1269 1538 conferunt,
1329 1481 1448 1523 non
1478 1461 1732 1524 alienata
1777 1482 2015 1526 servare
2046 1483 2060 1525 :

416 1567 547 1632 qua
570 1549 875 1612 nonnullis
901 1550 1344 1631 emphyteutico
1385 1551 1525 1631 jure
1555 1551 1805 1614 concedi
1850 1552 2067 1628 solent,

416 1657 553 1701 cum
584 1645 789 1701 nostro
819 1658 1114 1702 consensu
1135 1639 1558 1702 administrare
1583 1663 1595 1704 :
1620 1640 1910 1723 quidquid
1931 1640 2072 1704 inde

417 1727 738 1808 colligitur,
772 1728 845 1791 ad
873 1728 1157 1792 Ecclesia
1212 1728 1678 1792 stabilimentum
1703 1731 2064 1812 expendere.

2154 1195 2354 1271 κόσμον
2407 1196 2502 1264 τῆς
2572 1195 2893 1264 Ἐκκλησίας
2951 1196 3107 1274 ὰσινῇ
3163 1195 3526 1272 διασώζεσθαι,
3591 1191 3626 1260 ἢ
3711 1191 3803 1246 καὶ

2154 1283 2390 1362 αὔξησιν,
2425 1286 2469 1341 εί
2526 1290 2642 1343 οἷον
2686 1285 2743 1342 τὲ
2790 1284 2952 1358 ἐστιν,
3000 1283 3337 1366 ἐπιδὲχεσθαι
3372 1302 3387 1316 ·
3447 1284 3515 1359 τᾷ
3566 1303 3622 1338 τε
3665 1279 3805 1336 ἄλλα

2153 1374 2373 1441 ἀκίνητα
2423 1376 2694 1456 κτήματα,
2745 1375 2844 1432 ὅσα
2910 1399 2971 1455 γε
3035 1378 3107 1441 εἷς
3165 1377 3265 1440 τὴν
3318 1384 3415 1448 τῆς
3480 1371 3805 1439 Ἐκκλησίας

2153 1461 2395 1522 συντελεῖ
2457 1466 2663 1544 χρείαν,
2709 1465 3034 1534 ἆνεκποίητα
3075 1478 3354 1545 συντηρεῖδ
3387 1481 3402 1496 ⁶
3462 1463 3527 1520 τά
3575 1483 3632 1518 τε
3699 1461 3808 1536 ἐμ-

2152 1554 2488 1633 φυτευτικοῖς
2559 1553 2779 1619 δικαίοις
2854 1554 3258 1636 ἐγχειριζόμενά
3316 1577 3447 1634 τισι,
3513 1552 3646 1628 μετὰ
3702 1554 3807 1616 τῆς

2152 1635 2414 1721 ἡμετέρας
2455 1643 2675 1721 γνώμης
2723 1645 3024 1720 οἰκονομεῖν
3064 1665 3075 1676 ·
3135 1646 3224 1701 καὶ
3279 1645 3340 1701 τὸ
3397 1643 3628 1700 ἐντεῦθεν
3675 1639 3806 1720 ἐρα-

2155 1730 2424 1806 νιζόμενον
2507 1733 2578 1796 εἷς
2662 1733 2762 1801 τὴν
2844 1738 2944 1801 τῆς
3030 1732 3350 1802 Ἐκκλησίας
3432 1730 3808 1812 προσδαπανᾷν

418 1817 569 1880 Nam
593 1823 652 1880 et
673 1834 844 1879 sacer
855 1816 958 1880 ille
979 1836 1170 1881 canon
1182 1818 1586 1899 apostolorum
1600 1820 1685 1882 sic
1700 1820 1802 1884 ait:
1817 1844 1838 1878 ιι
1849 1823 2068 1902 Cujus-

2164 1820 2512 1880 ίπισύστασιν.
2583 1825 2680 1880 Καὶ
2731 1824 2831 1903 γὰρ
2887 1825 2973 1880 καὶ
3032 1825 3060 1880 ὁ
3116 1824 3253 1903 ἱερὸς
3315 1825 3420 1881 τῶν
3490 1819 3806 1879 ἀποστόλων

416 1905 563 1971 libet
592 1907 787 1986 gentis
816 1907 1084 1990 episcopi
1142 1909 1298 1971 scire
1327 1907 1568 1986 debent,
1603 1910 1704 1991 qui
1735 1911 1812 1973 sit
1858 1930 2068 1974 eorum

2164 1910 2324 1968 ιανὼν
2355 1910 2492 1968 οὕτω
2521 1912 2650 1992 φησί
2683 1928 2696 1942 ⁶
2731 1936 2752 1968 ‹
2791 1913 2922 1977 Τοὺς
2970 1913 3290 1977 ἐπισκόπους
3343 1914 3540 1976 παντὸς
3599 1909 3807 1986 ἔθνους,

417 1997 640 2078 primas
669 2017 683 2059 :
720 2015 916 2080 neque
947 2015 1458 2080 snpervacaneum
1489 1999 1814 2080 quidquam
1843 2001 2070 2084 absque

415 2084 576 2148 illius
595 2086 893 2150 sententia
910 2086 1130 2151 facere.
1161 2112 1188 2144 ι
1213 2085 1376 2149 Idem
1400 2087 1599 2150 habita
1612 2108 1849 2172 quoque
1874 2094 2072 2153 Vene-

417 2174 597 2238 thalis
626 2184 830 2238 sancta
851 2177 1112 2256 synodus
1133 2176 1462 2251 afﬁrmans,
1483 2177 1772 2240 decrevit:
1800 2179 1919 2242 «Ne
1941 2180 2073 2262 quis

419 2264 914 2348 metropolitanus
939 2275 996 2329 et
1015 2267 1330 2349 episcopus
1350 2266 1670 2348 quidquam
1698 2277 1828 2347 agat
1847 2269 2071 2352 absque

415 2352 519 2416 illo
565 2353 668 2436 qui
717 2355 998 2418 thronum
1060 2355 1454 2438 apostolicum
1512 2356 1826 2437 gubernat.
1866 2383 1888 2416 ι
1919 2357 2073 2431 Quin

419 2443 598 2505 etiam
625 2445 873 2506 canonis
897 2443 1146 2508 alterius
1166 2444 1295 2508 hac
1324 2444 1504 2507 verba
1523 2455 1696 2509 sunt:
1727 2469 1755 2506 ‹
1787 2447 2075 2511 Similiter

417 2531 663 2614 placuit,
683 2543 748 2596 ut
775 2532 1108 2615 presbyteri
1141 2542 1358 2615 prater
1386 2535 1742 2597 sententiam
1768 2537 2074 2619 episcopo-

414 2638 550 2683 rum
583 2640 851 2695 suorum,
888 2623 1019 2704 ejus
1049 2623 1344 2704 ecclesia,
1377 2623 1447 2684 ad
1476 2625 1650 2704 cujus
1672 2625 2074 2688 sacerdotium

417 2709 676 2773 ordinati
697 2717 860 2788 sunt,
881 2730 1008 2774 rem
1033 2711 1282 2777 minime
1307 2711 1659 2777 distrahant.
1692 2737 1716 2773 ο
1746 2714 1872 2787 Quo
1895 2715 2074 2778 etiam

415 2797 592 2860 modo
625 2818 746 2862 non
777 2799 917 2862 licet
943 2800 1241 2882 episcopis
1281 2800 1555 2864 ecclesia
1585 2802 1808 2884 pradia
1852 2803 2073 2866 distra-

416 2887 586 2964 here,
621 2887 934 2968 ignorante
963 2890 1214 2971 synodo.

503 2977 598 3040 14.
624 2976 812 3044 Debet
834 2985 933 3040 tua
954 2978 1169 3060 pietas,
1192 2978 1244 3040 si
1260 2996 1435 3060 quem
1455 2980 1584 3060 ejus
1595 2980 1868 3043 abbatem
1891 2981 2075 3046 rebus

2152 1997 2337 2056 εἰδέναι
2369 1999 2480 2080 χρὴ
2523 2002 2615 2056 τὸν
2658 2001 2855 2059 ἑαυτῶν
2913 2007 3144 2082 πρῶτον,
3189 2003 3279 2058 καὶ
3335 1998 3500 2077 μηδὲν
3557 1999 3807 2078 περιττὸν

2153 2084 2274 2144 ἄνευ
2319 2094 2418 2156 τῆς
2471 2089 2667 2146 ἐκείνου
2722 2091 2970 2170 πράττειν
3027 2090 3272 2169 γνώμης.
3339 2114 3367 2145 ι
3429 2092 3501 2148 Τὸ
3560 2090 3686 2146 αὖτὸ
3745 2085 3805 2143 δὲ

2152 2179 2301 2246 καὶὴ
2331 2176 2384 2234 ἐν
2428 2177 2731 2244 Βενεθάλοις
2792 2181 2918 2258 ἁγία
2963 2177 3174 2245 σύνοδος
3226 2177 3613 2258 διαϐεϐαιοῦσα,
3676 2177 3810 2234 ἐκύ-

2154 2289 2318 2347 ρωσεν
2356 2287 2370 2303 ’
2411 2291 2438 2324 ι
2503 2259 2594 2333 Ὠς
2652 2269 3051 2349 μητροπολίτην
3109 2269 3317 2326 ἅπαντα
3360 2270 3447 2325 καὶ
3518 2268 3807 2325 ἐπίσκοπον

2155 2355 2321 2433 μηδὲν
2377 2362 2578 2438 χρῆναι
2635 2360 2907 2438 πράττειν,
2967 2360 3089 2417 ἄνευ
3151 2366 3244 2416 τοῦ
3304 2361 3395 2415 τὸν
3454 2356 3810 2415 ἀποστολικὸν

2154 2447 2334 2526 θρόνον
2401 2448 2686 2512 ἰθύνοντος.
2748 2473 2776 2504 ι
2850 2447 3016 2506 Ἀλλὰ
3071 2452 3159 2506 καὶ
3201 2449 3374 2528 ἕτερος
3432 2450 3568 2528 ἱερὸς
3630 2449 3810 2504 κανὼν

2155 2535 2256 2592 ῶδέ
2285 2554 2466 2617 φησιν·
2508 2558 2532 2594 ιι
2572 2529 2798 2608 Ὁμοίως
2841 2537 3050 2617 ἤρεσεν,
3081 2539 3217 2596 ὥστε
3260 2541 3382 2602 τοὺς
3429 2536 3809 2618 πρεσϐυτέρους

2156 2626 2299 2704 παρὰ
2354 2625 2578 2706 γνώμην
2618 2628 2726 2684 τῶν
2781 2626 2921 2685 ἰδίων
2965 2628 3268 2685 ἐπισκόπων
3312 2635 3533 2708 πρᾶγμα
3588 2627 3666 2702 μὴ
3709 2650 3810 2708 πι-

2157 2701 2407 2794 πρόισκειν
2463 2701 2561 2782 τῆς
2622 2715 2964 2791 Ἐκκλησίας,
3013 2716 3067 2773 ἐν
3121 2719 3158 2794 ᾗ
3206 2701 3650 2798 καθιέρωνται,ι›
3713 2701 3812 2774 "Ov

2157 2805 2352 2884 τρόπον
2409 2806 2497 2862 καὶ
2551 2820 2668 2872 τοῖς
2727 2805 3035 2872 ἐπισκόποις
3095 2811 3190 2868 οὐκ
3258 2806 3423 2874 ἔξεστι
3492 2807 3812 2886 πιπράσκειν

2155 2895 2330 2978 χωρία
2359 2900 2458 2964 τῆς
2489 2894 2798 2978 ἐκκλησίας,
2831 2897 3126 2976 ἀγνοούσης
3154 2903 3252 2965 τῆς
3296 2896 3534 2962 συνόδου,

2236 2974 2326 3044 ιδ’.
2392 2995 2488 3043 Δεῖ
2533 2992 2629 3055 τὴν
2673 2986 2772 3055 σὴν
2819 2986 3136 3067 θεοφίλειαν,
3184 2986 3369 3044 εἵποτὲ
3399 3011 3500 3045 τινι
3541 2995 3646 3044 τῶν
3675 2982 3812 3066 ἀμφ’

419 3065 702 3128 humanis
731 3065 1022 3129 excedere
1065 3067 1388 3147 contingat,
1416 3070 1671 3150 primum
1705 3070 1944 3151 quidem
1975 3091 2073 3135 res

2164 3074 2324 3142 αὐτὴν
2353 3075 2665 3154 ἡγουμένων
2694 3078 2729 3144 ἡ
2787 3077 2892 3133 ἀπὸ
2933 3084 3038 3134 τῶν
3084 3075 3314 3134 ἐντεῦθεν
3359 3075 3530 3143 ἔξοδος
3558 3076 3805 3157 γένηται,

419 3172 541 3232 eas,
569 3173 701 3237 qua
716 3155 873 3238 apud
895 3155 1094 3237 ipsum
1119 3156 1400 3230 existunt,
1424 3157 1496 3219 ad
1547 3159 1677 3240 ejus
1705 3159 2074 3224 functionem

417 3248 654 3314 scilicet
687 3257 1056 3332 spectantes,
1086 3251 1179 3314 vel
1213 3251 1388 3314 etiam
1419 3251 1470 3314 si
1499 3272 1631 3334 qua
1660 3263 1889 3317 exstant
1917 3256 2073 3334 alia,

416 3339 563 3402 citra
611 3339 797 3402 ullam
854 3339 1303 3404 innovationem
1368 3343 1533 3406 omni
1594 3344 1768 3407 modo
1800 3363 2074 3424 servare;

416 3427 616 3510 neque
689 3429 1144 3494 consuetudinis
1209 3437 1494 3512 pratextu
1550 3433 1801 3510 nefario,
1864 3454 2076 3498 manus

414 3517 665 3598 injustas
685 3517 774 3582 eis
795 3518 1044 3584 inferre.
1074 3519 1303 3583 Deinde
1325 3539 1465 3584 vero
1489 3540 1648 3600 eum,
1678 3523 1775 3586 cui
1800 3525 2073 3588 testimo—

415 3607 581 3670 nium
615 3606 855 3689 pietatis
886 3616 946 3673 et
979 3608 1312 3692 prudentia
1367 3612 1644 3674 monachi
1675 3613 1966 3690 tribuunt,
1999 3614 2070 3676 ad

412 3697 592 3780 hujus
607 3699 975 3779 prafectura
991 3699 1242 3780 gradum
1266 3700 1618 3780 provehere:
1649 3701 1828 3765 nullis
1848 3703 2078 3767 scilicet

2158 3170 2342 3242 πρῶτα
2373 3165 2469 3241 μὲν
2525 3167 2591 3221 τὰ
2641 3167 2812 3242 τούτῳ
2855 3168 3143 3246 προσόντα,
3205 3165 3305 3223 ὅσα
3347 3188 3408 3245 γε
3466 3169 3538 3231 είς
3595 3169 3805 3245 ὑπηρε-

2158 3253 2272 3308 σίαν
2325 3251 2515 3335 ἐτέλει,
2571 3253 2606 3322 ἢ
2651 3255 2694 3310 εὶ
2751 3255 2838 3314 καί
2891 3277 3009 3311 τινι)
3058 3252 3193 3311 ἄλλα
3250 3255 3553 3336 πρόσεστιν,
3587 3256 3809 3312 ἀκαινο-

2156 3340 2368 3417 τόμητα
2423 3344 2561 3400 κατὰ
2603 3344 2775 3401 πάντα
2816 3344 3011 3422 τρόπον
3054 3358 3265 3425 τηρεῖν,
3323 3346 3410 3401 καὶ
3453 3345 3532 3421 μὴ
3575 3351 3652 3418 τῷ
3705 3347 3809 3410 τῆς

2158 3432 2430 3497 συνηθείας
2459 3434 2770 3515 παρανόμῳ,
2803 3435 3151 3514 προσχήματι
3211 3447 3406 3515 χεῖρας
3453 3437 3637 3499 αὐτοῖς
3683 3436 3808 3491 ἑπι-

2157 3515 2371 3576 ϐάλλειν
2428 3513 2658 3586 ἀδίκους,
2735 3513 2977 3580 ’Ἔπειτα
3010 3520 3065 3578 δὲ
3120 3513 3353 3580 τὸν-ἐπ’
3425 3521 3667 3597 εὐλαϐείᾳ
3723 3525 3814 3579 καὶ

2158 3607 2356 3665 συνέσει
2399 3611 2541 3685 παρὰ
2596 3616 2701 3668 τῶν
2761 3615 3017 3692 μοναχῶν
3080 3612 3524 3691 μαρτυρούμενον,
3587 3614 3658 3676 εἰς
3720 3613 3813 3667 τὸν

2156 3703 2256 3764 τῆς
2313 3701 2660 3779 ἡγουμενείας
2719 3701 2919 3779 βαθμὸν
2977 3703 3396 3782 προχειρίζεσθαι
3433 3717 3447 3732 '
3527 3701 3652 3784 δίχα
3703 3701 3810 3770 δη-

417 3787 593 3851 donis
621 3788 1186 3870 intervenientibus,
1247 3807 1379 3871 qua
1410 3789 1540 3872 capi
1571 3790 1722 3854 citra
1745 3792 2073 3874 periculum

2165 3786 2340 3846 λονότι
2385 3788 2711 3866 λημμάτων,
2772 3791 2804 3846 ἃ
2864 3791 2951 3847 καὶ
3003 3797 3070 3867 τῇ
3154 3791 3519 3872 ἀρχιερωσύνη
3578 3791 3812 3849 κίνδυνον

413 3877 715 3960 pontiﬁcis
738 3887 1048 3961 nequeunt
1075 3900 1091 3957 ;
1123 3887 1182 3941 et
1212 3878 1290 3955 ei,
1339 3879 1440 3961 qui
1475 3899 1545 3941 ea
1575 3880 1813 3944 dedisse
1843 3883 2078 3966 depra-

414 3965 640 4030 hensus
670 3967 871 4043 fuerit,
903 3967 1129 4050 absque
1159 3967 1685 4033 commiseratione
1709 3965 1940 4052 panam
1978 3993 2079 4037 ca-

416 4074 574 4118 none
602 4055 908 4118 decretam
931 4057 1213 4121 afferunt.

503 4145 596 4210 15.
611 4143 978 4208 Exhortandi
999 4144 1389 4228 sunt,quibus
1410 4145 1623 4208 tradita
1641 4149 2070 4214 monachorum

2163 3878 2373 3960 ἐπάγει,
2405 3881 2492 3935 καὶ
2522 3887 2598 3954 τῷ
2629 3878 2808 3938 ἁλόντι
2839 3879 2936 3947 τὴν
2995 3879 3056 3936 ἐκ
3111 3887 3204 3937 τοῦ
3234 3881 3452 3946 κανόνος
3484 3882 3809 3947 ἂσυμπαθῶς

2162 3967 2362 4045 ἄμυναν
2398 3967 2652 4049 ἐπιφέρει·

2240 4139 2326 4210 ιε’.
2363 4149 2477 4228 Χρὴ
2534 4160 2651 4212 τοῖς
2681 4149 2779 4217 τὴν
2810 4148 3113 4207 ἐπιστασίαν
3170 4156 3275 4206 τῶν
3334 4152 3591 4232 μοναχῶν
3621 4150 3811 4232 ἐγχει-

415 4242 508 4322 est
529 4233 903 4316 praefectura,
924 4243 988 4298 ut
1005 4235 1094 4298 eis
1114 4238 1215 4317 qui
1239 4234 1561 4298 solitariam
1586 4237 1658 4299 ad
1683 4237 1858 4300 vitam
1894 4258 2072 4303 acce-

2164 4237 2446 4318 ριζομὲνοις
2503 4244 2831 4317 παρεγγυᾷν,
2887 4246 2964 4314 τῷ
3034 4239 3399 4317 νενομισμένῳ
3468 4241 3649 4322 χρόνῳ
3721 4243 3810 4297 καὶ

415 4321 591 4412 dunt,
616 4322 1055 4412 interveniente
1076 4332 1364 4389 consueto
1390 4333 1658 4403 tempore
1675 4338 1851 4409 atque
1878 4333 2073 4412 explo-

2164 4335 2225 4405 τῇ
2295 4328 2638 4408 προσηκούσῃ
2707 4325 2987 4404 δοκιμασίᾳ
3069 4330 3192 4393 τοὺς
3261 4336 3337 4405 τῷ
3420 4331 3639 4409 μονήρει
3715 4331 3814 4407 βίῳ

413 4410 647 4475 ratione
667 4410 892 4490 debita,
917 4413 1142 4477 tribuat
1162 4412 1433 4477 habitum
1448 4414 1810 4494 angelicum,
1827 4410 2072 4500 etplene

2164 4417 2614 4498 προστιθεμένους,
2675 4427 2767 4476 τοῦ
2837 4439 2894 4474 τε
2963 4417 3248 4498 ἀγγελικοῦ
3318 4417 3593 4486 καταξιοῦν
3652 4423 3807 4500 σχή-

416 4501 701 4565 tondeat:
731 4521 848 4584 quo
880 4521 987 4585 per
1000 4503 1487 4567 exercitationem
1520 4502 1860 4568 diuturnam
1882 4527 2073 4573 mores

2164 4530 2354 4588 ματος,
2387 4509 2476 4565 καὶ
2530 4507 2636 4574 τὴν
2683 4506 2883 4565 τελείαν
2939 4507 3230 4588 ἆπόκαρσιν
3291 4512 3602 4565 ποιεῖσθαι·
3662 4508 3808 4575 ὅπως

414 4608 623 4654 eorum
675 4591 1134 4674 perspiciantur,
1195 4603 1376 4676 atque
1420 4589 1685 4656 habitum
1748 4600 2072 4678 consecuti,

416 4688 763 4746 constantes
792 4680 854 4744 in
886 4681 1042 4746 bono
1069 4688 1481 4764 permaneant.

497 4860 594 4925 i6.
630 4859 776 4926 Cum
808 4860 1214 4925 aliasolitaria
1235 4862 1368 4926 vita
1387 4862 1825 4940 convenientia,
1857 4883 2078 4928 secun-

414 4950 910 5015 dumsanctiones
932 4953 1172 5016 Palmm
1199 4952 1476 5033 regulare
1499 4951 1686 5016 debes
1710 4969 1724 5017 :
1753 4961 1874 5016 tum
1900 4974 2078 5018 senes

415 5048 476 5103 et
504 5048 700 5105 castos
749 5040 1066 5106 eunuchos
1127 5059 1422 5123 quarere,
1473 5040 1576 5124 qui
1627 5041 1986 5106 mulieribus
2015 5045 2077 5107 in

415 5128 677 5192 semneis
700 5129 832 5210 (50)
861 5147 1091 5192 sacram
1124 5129 1559 5194 institutionem
1591 5130 1664 5192 ad
1687 5131 2078 5214 intelligenda

417 5217 696 5299 mysteria
743 5218 1128 5300 suscipiant:
1176 5238 1253 5282 ex
1306 5218 1520 5283 iisdem
1556 5226 1683 5282 tum
1716 5225 2078 5286 commercia

415 5308 907 5388 promiscuasque
938 5307 1142 5371 turbas
1160 5307 1468 5372 hominum
1497 5308 1936 5374 mundanorum
1958 5311 2076 5374 tol-

416 5395 565 5472 lere,
598 5401 723 5459 tum
753 5394 1072 5478 duplorum
1108 5395 1266 5481 (qua
1291 5400 1524 5472 vocant)
1578 5399 2075 5464 monasteriorum

2159 4597 2222 4654 ἂν
2265 4604 2332 4675 τῇ
2387 4597 2572 4678 χρονίᾳ
2629 4598 2889 4676 γυμνασίᾳ
2935 4599 3079 4655 καὶὸ
3123 4597 3316 4676 τρόπος
3376 4602 3544 4673 αὗτῷν
3571 4597 3807 4679 ἐμφανὴς

2157 4687 2275 4761 εἴη,
2313 4687 2402 4744 καὶ
2426 4687 2572 4744 αὐτοὶ
2627 4686 2810 4764 πάγιοι
2842 4688 2974 4766 πρὸς
3002 4688 3062 4743 τὸ
3107 4685 3269 4744 καλὸν
3329 4687 3515 4745 τούτου
3556 4689 3810 4768 τυχόντες

2160 4777 2454 4855 διαμένοιεν
2465 4822 2477 4836 .

2243 4856 2364 4941 ις’.
2429 4875 2525 4922 Δεῖ
2582 4885 2641 4920 σε
2712 4865 2781 4920 τά
2835 4888 2890 4922 τε
2948 4863 3085 4922 ἄλλα
3126 4873 3193 4944 τῇ
3250 4865 3513 4945 μοναδικῇ
3569 4865 3809 4941 πολιτεία

2160 4955 2406 5036 ἁρμόδια,
2469 4954 2605 5010 κατὰ
2655 4955 2776 5019 τοὺς
2851 4956 3135 5035 πατρικοὺς
3220 4958 3504 5028 κανονίζειν
3559 4957 3809 5032 θεσμοὺς,

2161 5047 2247 5103 καὶ
2326 5045 2582 5126 γηραιοὺς
2665 5047 2753 5102 καὶ
2837 5045 3110 5125 σώφρονας
3195 5047 3475 5127 εὐνούχους
3560 5046 3613 5102 ἐν
3697 5060 3814 5111 τοῖς

2159 5134 2476 5215 γυναικείοις
2559 5137 2820 5211 σεμνείοις
2903 5136 3003 5203 τὴν
3085 5137 3225 5194 θείαν
3301 5135 3568 5193 ἐπιτελεῖν
3643 5159 3815 5212 μυστ-

2157 5226 2392 5305 αγωτίαν
2466 5221 2740 5296 ἐπιζητεῖν
2775 5244 2789 5258 ⁸
2837 5226 2924 5282 καὶ
2978 5223 3254 5282 ἐκκόπτειν
3297 5225 3399 5300 μὲν
3450 5223 3654 5283 ἐκεῖθεν
3717 5227 3813 5290 τὰς

2159 5312 2420 5391 ἐπιμιξίας
2505 5315 2591 5370 καὶ
2675 5314 2989 5394 ἀναφύρσεις
3101 5318 3204 5371 τῶν
3289 5321 3586 5395 κοσμικῶν,
3673 5314 3815 5371 ἁπο-

2158 5403 2356 5477 διιστᾷν
2415 5402 2470 5460 δὲ
2511 5405 2605 5471 τὰς
2643 5410 2749 5461 τῶν
2807 5402 3110 5483 λεγομένων
3151 5401 3350 5461 διπλῶν
3421 5405 3814 5486 μοναστηρίων,

1758 5559 2004 5625 VARIIE
2045 5561 2484 5630 LEGTIONES.

499 5675 620 5760 (52)
653 5675 778 5743 Hoc
805 5686 918 5762 est,
952 5676 1108 5743 locis
1135 5676 1210 5744 ad
1242 5677 1694 5746 exercitationes
1723 5698 1942 5764 graves
1975 5691 2034 5748 et
2060 5683 2340 5751 honestas
2368 5682 2700 5751 destinatis.
