4128 6418
343 398 495 462 1145

1667 389 2388 460 GRECO-ROMANUM.

3566 382 3730 448 1146

333 529 489 609 εἴπερ
546 530 645 585 εἱσὶ
715 528 854 585 κατά
892 530 987 585 τὸν
1014 527 1200 609 τόπον,
1235 529 1513 609 συναφείας
1554 548 1612 584 τε
1674 528 1768 584 καὶ
1816 547 1993 606 παρα-

2079 523 2377 606 siquidem
2404 542 2473 587 eo
2505 523 2621 586 loci
2651 524 2792 601 sint,
2848 520 3310 605 conjunctiones
3360 529 3420 584 et
3476 518 3734 609 nefarias

336 619 531 696 νόμους
574 615 959 697 συνδιατριϐάς.
1018 616 1170 676 Οῧτω
1222 624 1410 680 ταῦτα.
1458 616 1557 676 Καὶ
1612 614 1666 672 εἴ
1722 637 1773 672 τι
1821 614 1997 695 ἕτερον

335 708 365 765 ὅ
432 729 492 765 τε
551 708 731 789 καιρὸς
786 707 875 764 καὶ
934 707 1004 775 ἡ·
1042 707 1201 788 χρεία
1272 703 1650 786 προϐάλλοιτο,
1711 705 1847 781 μετά
1899 704 1997 773 τῆς

335 797 621 867 ἐπαινετῆς
676 797 767 855 καὶ
825 798 1205 879 προσηκούσης
1281 797 1369 855 καὶ
1441 793 1710 877 θεοφιλοῦς
1766 792 1999 861 σπουδῆς

334 885 644 969 ἐκπληρῶν,
690 887 871 955 πάσης
931 886 1028 964 μὲν
1078 884 1249 955 λκϐἧς
1305 887 1393 943 καὶ
1447 882 1735 953 καταδίκης
1798 880 1996 964 ἐξαιρε-

331 978 472 1055 θήσῃ
521 993 538 1010 ⁶
584 977 658 1042 είς
702 976 906 1053 κόσμον
949 974 1004 1032 δὲ
1037 982 1144 1040 τῶς
1189 974 1533 1055 Ἐκκλησίας,
1578 975 1668 1031 καὶ
1710 971 1861 1040 δόξαν
1904 978 1999 1029 τοῦ

333 1068 397 1124 τὸ
427 1069 627 1125 οἰκεῖον
657 1070 797 1143 αἷμα
848 1066 979 1145 ὑπὲρ
1048 1067 1213 1134 αὒτῆς
1269 1064 1584 1147 ἐαχέαντος,
1630 1071 1854 1139 Χριστοῦ
1906 1068 1999 1120 τοῦ

334 1155 584 1225 ἀληθινοῦ
625 1163 757 1214 Θεοῦ
808 1156 990 1233 ἡμῶν,
1033 1156 1241 1237 ὀφθήσῃ
1273 1173 1291 1191 ⁸
1392 1154 1522 1234 ὅπερ
1577 1154 1666 1212 καὶ
1719 1151 1999 1228 ἐλπίζομεν

336 1247 424 1303 καὶ
454 1247 723 1327 εὐχόμεθα
755 1265 771 1280 ο
835 1246 924 1307 καὶ
987 1246 1123 1323 μετὰ
1164 1244 1414 1325 μεγάλων
1476 1244 1584 1302 τῶν
1654 1239 1878 1300 ἐλπίδων
1924 1242 1998 1306 εἷς

335 1335 435 1403 τὴν
506 1333 926 1409 ἐναποκειμένην
981 1335 1104 1400 τοῖς
1160 1335 1325 1414 ἁγίοις
1391 1333 1824 1414 παραπεμφθήσῃ
1881 1353 1993 1407 μα-

333 1422 648 1503 καριότητα,
703 1423 823 1481 ἔνθα
870 1423 1084 1480 πάντων
1142 1424 1177 1492 ἡ
1238 1420 1654 1503 προσδοκωμένη
1711 1419 1993 1503 κατάπαυ-

332 1491 415 1580 σις
444 1511 675 1593 γένοιτο,
707 1512 768 1571 ἐκ
816 1520 1027 1591 Χριστῷ
1079 1491 1290 1581 Ἰησοῦ.
1316 1519 1394 1589 τῷ
1439 1491 1611 1592 Κυρίῳ
1668 1513 1844 1588 ἡμῶν,
1887 1491 1993 1568 (δτι

334 1603 496 1668 αὐτός
557 1601 669 1660 ἐστι
725 1606 833 1659 τῶν
889 1600 1100 1680 ἀγαθῶν
1169 1600 1331 1680 δοτὴρ
1385 1603 1474 1660 καὶ
1543 1600 1857 1681 πληρωτὴς,
1903 1600 1993 1657 καὶ

334 1690 476 1766 αῦτῷ
516 1689 706 1772 πρέπει
755 1690 889 1767 τιμὴ
940 1693 1028 1749 καὶ
1055 1689 1197 1768 δόξα,
1255 1697 1344 1747 νῦν
1376 1692 1466 1748 καὶ
1515 1691 1588 1755 εἷς
1617 1690 1739 1755 τοὺς
1773 1690 1989 1752 αἰῶνας,

341 1778 541 1851 Ἀμήν.

490 1802 541 1844 ν.

408 1802 486 1856 μη
582 1887 606 1924 ι
660 1855 948 1944 ’Ἐνταλμα
990 1864 1256 1943 διδόμενον
1282 1881 1399 1934 τοῖς
1432 1867 1699 1949 ἐξάρχοις.
1738 1890 1765 1923 ι

421 1953 501 2019 α’.
536 1965 634 2015 Δεῖ
652 1958 751 2021 τὴν
795 1956 897 2025 σὴν
944 1954 1236 2035 εὒλάϐειεν,
1284 1957 1384 2026 τὴν
1414 1957 1719 2015 ἐπιστασίαν
1748 1957 1836 2014 καὶ
1869 1957 1994 2036 πρό-

338 2068 484 2104 νοιαν
556 2052 663 2103 τῶν
762 2050 1166 2127 πατριαρχικῶν
1256 2049 1625 2128 μοναστηρίων
1712 2046 1855 2126 παρὰ
1896 2050 1995 2114 τῆς

337 2137 494 2212 ἡμῶν
525 2135 871 2216 μετριότητος
914 2134 1334 2216 ἀναδεδεγμένην
1382 2135 1469 2212 69,
1529 2136 1664 2213 μετά
1704 2141 1803 2203 τῆς
1833 2136 1994 2192 ἐπαι-

335 2228 493 2289 νετῆς
552 2223 900 2297 συνειδήσεως
1010 2224 1219 2296 πολλήν
1318 2223 1607 2284 ἀναλαϐεῖν
1686 2223 1994 2302 ἐπιμέλειαν

337 2315 428 2371 καὶ
476 2312 733 2390 σπουδὴν,
788 2317 862 2381 ὡς
919 2316 1023 2396 οὔχ
1062 2317 1201 2392 ἡμῖν
1260 2316 1422 2391 μόνον
1490 2317 1580 2373 τὸν
1633 2316 1751 2396 περὶ
1792 2314 1994 2372 τούτων

336 2401 495 2483 λόγον
538 2401 847 2486 ὀφείλουσαν
899 2403 1207 2485 ἀποδοῦναι,
1271 2403 1408 2462 ἀλλά
1450 2426 1511 2485 γε
1565 2405 1654 2461 καὶ
1707 2405 1809 2485 πρὸ
1838 2405 1992 2479 ἡμῶν

336 2498 415 2568 τῷ
443 2492 655 2550 πάντων
682 2492 883 2573 -ἐφόρῳ
937 2501 1053 2570 Θεῷ
1122 2510 1139 2526 ⁸
1215 2496 1303 2551 καὶ
1386 2496 1523 2576 μήτε
1619 2495 1749 2573 πρὸς
1808 2492 1990 2574 χάριν,

337 2582 478 2658 μήτε
531 2582 663 2660 πρὸς
735 2580 955 2663 ἔχθραν,
1041 2583 1179 2658 μήτε
1232 2584 1363 2662 πρὸς
1432 2583 1621 2662 δῶρον,
1694 2584 1833 2659 μήτε
1861 2584 1994 2663 πρὸς

341 2668 704 2751 παράκλησιν,
764 2673 904 2749 μήτε
960 2674 1091 2752 πρὸς
1159 2671 1291 2730 ἄλλο
1360 2695 1411 2729 τι
1480 2680 1588 2731 τῶν
1656 2671 1993 2752 ἀνθρωπίνων

338 2758 750 2836 ἀποκλίνουσαν,
850 2761 1307 2843 μεταχειρίζεσθαι
1393 2762 1491 2831 τὴν
1566 2762 1816 2830 τοιαύτην
1888 2761 1996 2818 δια-

338 2849 517 2908 κονίαν
548 2868 565 2885 ⁸
610 2847 748 2908 ἀλλά
798 2852 934 2908 κατά
984 2852 1106 2915 τοὺς
1163 2852 1468 2916 κανονικοὺς
1533 2852 1756 2929 θεσμοὺς
1825 2851 1996 2909 πάντα

344 2938 617 3020 πράττειν,
667 2940 756 2997 καὶ
797 2941 933 2999 κατὰ
1000 2940 1098 3008 τὴν
1139 2941 1401 3020 ἡμετέραν
1472 2939 1752 3020 διαταγὴν,
1824 2941 1994 2998 ἀνεπ-

2080 611 2565 675 conversationes
2594 630 2924 676 removere.
2987 611 3179 693 Atque
3229 611 3357 672 haec
3402 607 3641 691 quidem
3670 607 3732 668 in

2079 701 2240 764 hunc
2268 702 2533 764 modum.
2570 700 2695 774 Quo
2722 700 2773 762 si
2831 701 2972 783 quid
3027 700 3186 763 aliud
3245 698 3353 761 tibi
3410 697 3498 759 vel
3536 696 3731 779 ipsum

2080 801 2337 874 tempus,
2366 791 2456 853 vel
2495 790 2820 853 necessitas
2848 792 3077 864 offerat,
3106 789 3166 852 id
3198 788 3250 851 si
3281 785 3586 867 laudabili,
3620 788 3729 849 de-

2079 890 2275 956 cente,
2308 880 2593 960 religioso
2620 881 2818 943 studio
2851 879 3150 963 perficies,
3203 877 3367 940 omni
3414 884 3598 938 temet
3624 894 3727 937 re-

2081 969 2497 1051 prehensione
2527 980 2586 1031 et
2631 968 3136 1032 condemnatione
3167 966 3418 1047 eximes,
3453 964 3735 1027 Ecclesia:

2080 1071 2431 1125 ornamento
2463 1061 2604 1137 eris,
2634 1062 2840 1142 gloriae
2863 1060 3081 1123 Christi
3105 1060 3227 1121 veri
3253 1058 3361 1121 Dei
3392 1056 3600 1134 nostri,
3632 1057 3733 1137 qui

2079 1151 2428 1233 sanguinem
2488 1171 2593 1233 pro
2650 1151 2916 1216 Ecciesia
2972 1170 3143 1214 suum
3202 1147 3478 1231 profudit,
3511 1147 3736 1209 servies

2080 1240 2193 1322 (uti
2220 1242 2487 1304 futurum
2519 1260 2829 1323 speramus
2864 1251 2921 1303 et
2973 1238 3296 1322 optamus),
3348 1256 3481 1300 cum
3516 1254 3729 1316 magna

2075 1349 2182 1411 spe
2211 1330 2471 1412 denique
2492 1331 2562 1393 ad
2592 1332 2754 1393 illam
2775 1330 2999 1393 sanctis
3043 1333 3369 1410 repositam
3390 1325 3729 1388 beatitatem

2075 1419 2482 1499 ablegaberis:
2515 1420 2618 1483 ubi
2659 1422 2901 1502 requies
2940 1427 3215 1502 exoptata
3260 1416 3562 1496 contingat
3592 1413 3730 1476 uni-

2076 1509 2289 1584 versis,
2322 1509 2382 1571 iu
2416 1508 2650 1572 Christo
2672 1509 2812 1573 Jesu
2864 1509 3119 1573 Domino
3161 1515 3365 1569 nost:o
3395 1524 3408 1569 :
3446 1504 3726 1587 quoniam

2077 1598 2208 1680 ipse
2236 1597 2529 1661 bonorum
2562 1599 2810 1680 largitor
2840 1606 2930 1661 est
2985 1608 3043 1662 et
3092 1597 3436 1671 absolutor;
3499 1593 3596 1656 cui
3628 1611 3733 1675 par

2079 1694 2171 1748 est
2192 1686 2374 1749 tribui
2406 1688 2695 1751 bonorom
2720 1696 2901 1771 atque
2922 1688 3195 1769 gloriam.
3221 1704 3379 1748 nunc
3409 1693 3469 1748 et
3492 1682 3731 1746 saeculis

2016 1816 2056 1867 Β
2078 1775 2347 1867 infinitis.
2383 1778 2599 1867 Amen.

2226 1864 2587 1929 Mandatum
2619 1866 2778 1948 quod
2839 1867 3059 1949 legatis
3092 1864 3214 1943 (52)
3235 1864 3381 1927 dari
3408 1863 3585 1927 solet.

2163 1957 2182 2017 l
2204 1954 2412 2018 .Debet
2427 1963 2525 2016 tua
2538 1955 3038 2037 reverentia,quae
3052 1954 3463 2036 praefecturam
3481 1960 3726 2015 etcura-

2077 2043 2299 2107 tionem
2339 2045 2821 2126 patriarchalium
2884 2044 3381 2107 monasteriorum
3441 2062 3473 2104 a
3530 2054 3733 2104 nostra

2078 2134 2489 2198 mediocritate
2518 2144 2687 2196 nacta
2720 2143 2829 2212 est,
2865 2154 2999 2196 cum
3033 2133 3319 2197 laudabili
3366 2132 3734 2195 conscientia

2078 2223 2329 2285 multum
2362 2222 2687 2303 diligentia)
2733 2244 2801 2285 ac
2859 2223 3038 2285 studii
3097 2222 3426 2304 suscipere,
3481 2220 3565 2282 uti
3596 2240 3729 2302 quae

2080 2331 2198 2374 uon
2221 2312 2412 2374 solum
2438 2312 2605 2374 nobis
2640 2314 2852 2375 horum
2880 2311 3092 2375 debeat
3123 2312 3418 2374 rationem
3441 2310 3724 2391 reddere,

2077 2418 2279 2463 verum
2302 2401 2477 2463 etiam
2502 2409 2638 2464 ante
2656 2421 2784 2477 nos,
2811 2400 3135 2484 inspectori
3173 2403 3436 2463 omnium
3466 2403 3587 2462 Deo
3614 2420 3628 2459 :
3659 2418 3728 2461 ac

2077 2509 2272 2573 neque
2300 2490 2546 2571 gratiam
2578 2509 2774 2573 neque
2815 2490 3212 2565 inimicitiam,
3249 2509 3443 2572 neque
3474 2489 3720 2569 donum,

2077 2597 2268 2662 neque
2288 2598 2720 2662 preces,neque
2733 2579 3058 2662 quidquam
3077 2580 3236 2641 aliud
3254 2580 3313 2641 in
3328 2578 3507 2642 rebus
3522 2579 3728 2640 huma-

2077 2673 2170 2731 nis
2197 2668 2597 2752 respiciendo,
2633 2669 3027 2732 minisierium
3054 2670 3346 2751 ejusmodi
3377 2668 3544 2730 obire
3570 2686 3584 2731 ε
3618 2667 3725 2729 sed

2078 2758 2278 2820 omnia
2309 2759 2641 2822 secundum
2673 2759 2991 2822 canonicas
3039 2758 3223 2839 leges,
3286 2767 3345 2821 et
3377 2757 3721 2820 mandatum

2080 2856 2347 2910 nostrum
2372 2867 2576 2928 agere,
2591 2848 2855 2931 citraque
2874 2866 3194 2928 grava'nen
3233 2857 3291 2910 et
3313 2866 3464 2909 onus
3479 2847 3722 2928 aliquod

2076 2937 2353 3007 aliorum.
2388 2937 2741 3000 visitationis
2798 2956 3046 3001 munere
3105 2937 3370 3017 defungi,
3417 2955 3550 2999 cum
3586 2955 3726 2997 usus

340 3034 523 3112 αχθῶς
577 3052 634 3086 τε
689 3030 779 3088 καὶ
845 3029 1052 3111 ἀϐαρῶς
1105 3031 1204 3100 τὴν
1259 3030 1495 3111 περίοδον
1568 3036 1860 3107 ποιεῖσθαι,
1904 3031 1993 3090 ὅτε

2079 3027 2373 3105 postulat:
2410 3045 2485 3089 ne
2517 3027 2747 3089 scilicet
2781 3027 2867 3089 illi
2893 3035 3131 3109 propter
3154 3028 3440 3089 comitum
3464 3025 3720 3087 multitu-

336 3119 492 3201 χρεία
520 3116 681 3177 καλεῖ
712 3138 730 3157 ο
761 3118 855 3178 ἵνα
885 3120 964 3195 μὴ
1006 3126 1083 3196 τῷ
1110 3120 1300 3188 πλὴθει
1328 3122 1419 3179 καὶ
1456 3135 1571 3186 τοῖς
1602 3121 1837 3179 πλείοσιν
1868 3121 1992 3179 ἀνα-

2079 3115 2299 3188 dinem,
2335 3126 2399 3178 et
2428 3116 2685 3198 majores
2715 3124 3010 3198 sumptus,
3063 3124 3241 3199 atque
3271 3121 3446 3180 etiam
3481 3127 3726 3197 propter

337 3206 601 3290 λώμασιν,
650 3207 726 3266 ἔτι
776 3206 831 3265 δὲ
884 3210 974 3267 καὶ
1014 3215 1084 3288 τῇ
1151 3210 1350 3289 ἀκαίρῳ
1418 3210 1693 3289 ἐπιδημίᾳ,
1754 3211 1866 3268 ἀντὶ
1892 3210 1989 3280 τῆς

2079 3203 2476 3286 importunum
2536 3204 2880 3281 adventum,
2959 3205 3140 3267 futuri
3215 3204 3512 3268 commodi
3569 3204 3723 3275 loco.

340 3296 643 3374 μελλούσης
686 3297 967 3381 ὠφελείας,
998 3297 1102 3368 ἤδη
1161 3301 1428 3381 παροῦσάν
1478 3324 1538 3358 τε
1565 3303 1653 3359 καὶ
1680 3300 1989 3381 ἐνεργοῦσαν

2079 3312 2336 3377 praesens
2360 3304 2420 3356 et
2448 3312 2667 3374 urgens
2698 3294 2979 3356 damnum
3003 3313 3067 3357 se
3106 3295 3341 3359 videant
3392 3293 3727 3377 percipere.

340 3387 441 3455 τὴν
495 3384 699 3465 βλάϐην
781 3388 971 3453 αὐτοὺς
1043 3387 1260 3470 ἐνορῶσι
1328 3388 1860 3467 καταλαμϐάνουσαν.
1893 3390 1992 3449 Καὶ

340 3476 440 3556 γὰρ
472 3477 516 3533 εἰ
559 3479 874 3554 σωματικήν
928 3500 1045 3535 τινα
1113 3478 1174 3536 ἐκ
1225 3483 1325 3548 τῆς
1393 3482 1494 3547 σῆς
1535 3482 1819 3561 παρουσίας
1873 3501 1992 3536 συν-

334 3565 598 3624 αίσθονταὶ
653 3564 883 3644 βλάϐην,
937 3565 1055 3627 οὐδὲ
1111 3568 1210 3636 τὴν
1251 3570 1492 3650 ψυχικὴν
1545 3568 1992 3650 ἐπαγγελλομένῳ

337 3656 672 3714 πιστεύσουσι
715 3656 1006 3737 σωτηρίαν,
1064 3657 1165 3717 Καὶ
1204 3658 1336 3737 πρός
1393 3681 1454 3737 γε
1510 3660 1717 3722 τούτοις
1774 3658 1834 3716 ἐκ
1876 3658 1987 3716 πά-

336 3766 437 3812 σης
492 3742 829 3824 δωροληψίας
884 3744 948 3797 70
1014 3747 1247 3827 καθαρὰν
1313 3746 1477 3815 αὐτὴν
1549 3748 1636 3804 καὶ
1692 3747 1987 3824 ἀμόλυντον

336 3831 673 3914 διατηρήσεις
708 3849 721 3864 ⁸
779 3837 867 3893 καὶ
925 3836 1062 3912 μήτε
1118 3848 1240 3901 ταῖς
1325 3835 1639 3915 λεγομέναις
1696 3836 1990 3904 συνηθείαις

337 3921 690 3996 ὁπωσδήποτε
748 3928 1204 4006 καταχρανθῆναι,
1251 3927 1390 4001 μήτε
1449 3925 1645 4007 ἑτέροις
1672 3926 1992 4006 πρόσκομμα

2072 3382 2306 3465 Quippe
2347 3382 2397 3444 si
2430 3383 2738 3464 corporale
2788 3383 3086 3465 quoddam
3141 3404 3210 3447 ex
3259 3383 3575 3465 praesentia
3629 3391 3728 3445 tua

2072 3471 2498 3535 detrimentum
2530 3473 2813 3553 sentiant,
2868 3491 2977 3535 nec
3023 3473 3208 3535 animi
3261 3475 3509 3536 salutem
3547 3473 3724 3554 polli-

2070 3561 2229 3624 centi
2255 3561 2360 3623 tibi
2382 3561 2564 3623 ﬁdem
2590 3561 3021 3623 habiturisunt.
3068 3562 3362 3624 Praeterea
3412 3571 3467 3626 te
3509 3580 3723 3641 purum

2072 3658 2130 3712 et
2160 3649 2535 3732 impollutum
2562 3650 2635 3712 ab
2667 3650 2832 3711 omni
2857 3652 3191 3730 captatione
3243 3670 3557 3713 munerum
3594 3669 3725 3732 per-

2071 3746 2247 3821 petuo
2275 3739 2563 3814 servabis,
2618 3758 2686 3801 ac
2736 3759 2929 3822 neque
2989 3741 3520 3803 consuetudinibus
3579 3757 3728 3822 quas

2073 3835 2306 3903 vocant,
2344 3828 2505 3890 nullo
2540 3827 2715 3890 modo
2764 3827 3309 3904 contaminaberis;
3343 3848 3538 3911 neque
3572 3829 3724 3891 alius

2074 3916 2438 3979 offendiculo
2472 3916 2612 3979 eris.
2648 3916 2776 3979 Non
2808 3917 2969 3979 enim
2998 3917 3266 3980 vocabuli
3303 3919 3583 3981 honestas
3605 3919 3723 3980 im-

338 4012 574 4092 γενὲσθαι
610 4032 623 4046 ·
654 4016 713 4071 οὐ
741 4015 839 4095 γάρ
880 4005 1229 4091 ἡνσεμνότης
1258 4017 1351 4072 τοῦ
1411 4005 1672 4091 ὀνόματος
1718 4005 1825 4083 τὴν
1871 4012 1993 4072 δυσ-

2079 4006 2354 4087 pietatem
2388 4005 2526 4068 facti
2556 4014 2835 4087 excusat;
2868 4006 2991 4095 sed
3040 4007 3129 4068 rei
3174 4008 3507 4082 scelerilas,
3540 4008 3727 4089 ipsius

332 4098 539 4159 σέϐειαν
595 4104 942 4176 αποσκευάζει
1027 4103 1123 4173 τῆς
1167 4103 1403 4185 πραξεως
1444 4122 1460 4138 '
1522 4103 1660 4162 ἀλλά
1701 4106 1763 4162 τὸ
1820 4104 1992 4183 παρά-

2079 4096 2253 4159 etiam
2285 4095 2707 4177 appellationis
2739 4094 3060 4157 bonitatem
3089 4095 3403 4161 deminuit.
3433 4096 3727 4159 Nimirum

337 4213 500 4269 νομον
552 4199 647 4250 τοῦ
713 4214 1053 4274 πραγματος,
1110 4193 1199 4249 καὶ
1254 4198 1351 4261 τῆς
1396 4194 1681 4270 ὀνομασίας
1728 4192 1988 4266 ἐκκακίζει

2079 4187 2175 4267 qui
2208 4185 2478 4266 praecipit
2508 4185 2686 4266 alliis,
2718 4195 2780 4248 ut
2806 4186 2968 4266 juste
3000 4203 3066 4248 se
3124 4196 3331 4267 gerant
3387 4188 3567 4250 etiam
3600 4188 3729 4270 ipse

336 4280 434 4349 τὴν
464 4278 770 4349 δεξιότητα.
805 4283 901 4340 Καὶ
956 4282 1057 4361 γὰρ
1114 4284 1143 4338 ὁ
1206 4280 1410 4362 ἐτέρους
1466 4281 1864 4362 δικαιοπραγεῖν
1895 4304 1988 4339 νο-

2079 4275 2165 4337 vel
2197 4275 2270 4337 ab
2303 4275 2463 4336 omni
2497 4275 2841 4356 suspicione
2872 4275 3107 4355 injutite
3138 4296 3318 4357 purus
3360 4297 3492 4341 esse
3523 4277 3724 4341 debet.

338 4370 598 4447 μοθετῶν,
630 4370 787 4436 αὐτὸς
832 4371 919 4427 καὶ
974 4360 1076 4439 τῆς
1120 4381 1213 4431 τοῦ
1262 4360 1467 4428 ἀδικεῖν
1521 4360 1842 4448 ὓπολήψεως
1884 4394 1988 4428 κα-

2079 4360 2252 4428 Enim
2287 4381 2425 4427 vero
2456 4363 2503 4426 si
2526 4372 2740 4447 prmter
2758 4365 2883 4426 haec
2907 4364 3170 4445 injunctu
3199 4366 3304 4427 tibi
3327 4386 3431 4447 per
3462 4366 3727 4448 Scriptu-

333 4460 489 4540 θαρὸς
543 4458 740 4539 ὀφείλει
823 4461 1183 4523 καθίστασθαι.
1285 4462 1346 4520 Εἰ
1447 4460 1628 4538 μέντοι
1714 4462 1857 4540 παρά
1925 4463 1990 4518 τΞι

2079 4473 2198 4515 ram
2223 4452 2407 4535 (quod
2440 4453 2613 4534 absit,
2651 4473 2844 4534 neque
2873 4454 3161 4516 Dominus
3210 4456 3337 4517 ﬁeri
3364 4456 3722 4537 permiserit)

339 4548 626 4630 ἐγγράφως
701 4570 784 4606 σοι
869 4547 1252 4628 διατεταγμένα
1303 4551 1360 4628 (ὃ
1389 4550 1468 4626 μὴ
1563 4551 1794 4630 γένοιτο,
1853 4548 1990 4626 μηδὲ

2079 4544 2377 4605 diversum
2410 4544 2691 4624 quiddam
2720 4544 2896 4604 fuerit
2927 4553 3145 4613 actum.
3179 4554 3236 4605 et
3260 4545 3509 4620 alicu;us
3540 4566 3610 4607 ex
3636 4546 3729 4608 his

338 4635 450 4716 δώῃ
513 4636 721 4719 Κύριος)
778 4635 910 4696 ἄλλο
977 4660 1029 4694 τι
1098 4635 1473 4720 διαπραχθείη,
1548 4641 1640 4697 καὶ
1695 4639 1989 4719 παράϐασίς

2079 4632 2372 4694 mandatis
2394 4640 2681 4695 attentata
2705 4630 2942 4693 violatio
2971 4653 2987 4709 ;
3014 4633 3293 4715 maxime,
3320 4634 3368 4695 si
3403 4643 3724 4696 consuetu-

336 4748 481 4791 τινος
551 4732 657 4784 τῶν
746 4726 1208 4807 παραγγελμάτων
1294 4727 1700 4805 ἐπιτολμηθείη,
1760 4727 1993 4805 μάλιστα

2079 4720 2760 4804 αἰηεδξνειιοιιιειὶρευιη
2774 4720 3131 4801 exig:-re,vel
3156 4723 3334 4782 alium
3362 4742 3724 4805 quemquam

337 4813 394 4873 δὲ
424 4816 470 4872 εἰ
496 4815 770 4883 συνηθείας
816 4815 853 4884 ἢ
902 4818 1083 4893 αὐτὸς,
1146 4816 1183 4885 ἢ
1242 4815 1420 4899 ἕτερός
1472 4839 1553 4891 τις
1610 4824 1717 4875 τῶν
1760 4839 1991 4876 συνεπο-

338 4904 514 4982 μένων
557 4925 641 4963 σοι
697 4904 940 4963 ἀπαιτῶν
984 4906 1273 4987 φωραθείη,
1318 4907 1355 4975 ἢ
1415 4903 1588 4975 ἀλλην
1655 4908 1773 4964 τινὰ
1798 4908 1992 4984 ζημίαν

340 4994 602 5077 ἐπιφέρων
659 5007 775 5060 τοῖς
823 4996 911 5052 ἐπὶ
959 4993 1250 5075 ἀπαλλαγῇ
1309 4996 1505 5074 ζημίας
1563 5002 1747 5078 ψυχῆς
1791 5019 1848 5053 τε
1906 4999 1991 5053 καὶ

2077 4830 2144 4873 cx
2168 4809 2484 4873 comitibus
2505 4811 2620 4872 tuis
2642 4821 3010 4891 compertum
3036 4811 3248 4887 fuerit;
3279 4811 3511 4873 aliudve
3535 4812 3725 4874 detri-

2078 4908 2342 4962 mentum
2392 4898 2691 4980 quoddam
2754 4899 2838 4960 eis
2890 4898 3124 4973 inferri,
3186 4900 3287 4982 qui
3331 4902 3724 4963 reverentiam

2080 4998 2234 5052 tuam
2272 4988 2577 5070 excipiunt
2609 5008 2680 5051 eo
2715 4988 2977 5064 nomine,
3015 4997 3076 5051 ut
3131 4989 3313 5052 animi
3338 4991 3727 5073 corporisque

340 5082 590 5160 σώματος
637 5081 1055 5164 ὑποδεχομένοις
1119 5084 1218 5153 τὴν
1287 5084 1388 5153 σὴν
1465 5082 1738 5145 εὐλάϐειαν
1772 5103 1788 5120 ⁸
1847 5084 1992 5149 ὅστις

2079 5079 2309 5141 damnis
2343 5078 2676 5141 liberentur
2708 5095 2722 5141 :
2760 5078 3031 5161 quisquis
3058 5078 3237 5159 igitur
3284 5081 3344 5141 in
3388 5080 3726 5162 hujusmodi

340 5174 430 5231 οὖν
471 5177 548 5247 τῷ
605 5172 830 5247 τοιούτῳ
886 5173 1149 5249 νοσήματι
1220 5172 1378 5238 ἀλοὺς
1444 5174 1731 5255 φωραθείη,
1792 5172 1845 5241 ἐξ
1892 5178 1993 5234 αὖ·

2080 5167 2224 5230 vitio
2253 5167 2667 5250 deprehensus
2699 5168 2897 5245 fuerit,
2932 5168 3010 5230 ob
3059 5169 3171 5231 hoc
3213 5168 3407 5251 ipsum
3435 5169 3726 5232 nefarium

336 5266 437 5330 τῆς
493 5260 699 5332 ἐκείνης
768 5262 866 5332 τῆς
951 5261 1259 5342 παρανόμου
1349 5262 1589 5343 πράξεως
1648 5262 1784 5319 ἔστω
1841 5262 1993 5342 γινώ-

2079 5259 2330 5341 facinus,
2361 5259 2533 5337 sciat,
2560 5258 2817 5342 primum
2840 5259 3079 5344 quidem
3113 5279 3177 5323 se
3224 5261 3411 5325 sacris
3439 5280 3473 5325 a
3503 5270 3722 5346 myste-

1659 5394 1919 5462 VARIE
1961 5392 2403 5462 LECTIONES.

417 5530 485 5586 σο
510 5531 592 5601 al,
624 5532 937 5615 δεξαμένην.
1023 5533 1086 5588 7.
1115 5535 1481 5616 δωσοληψίας.

1908 5663 2155 5735 ΝΟΤΑΕ.

424 5799 555 5886 (52)
583 5799 838 5869 Vicariis
866 5804 992 5872 sive
1017 5806 1426 5891 suﬂ'raganeis.
