4128 6430
414 310 570 375 1147
1786 319 1918 382 JUS
1958 318 2077 381 CA1

2167 316 2406 381 NICUM
3634 318 3792 383 1148

410 441 517 501 riis
547 443 763 520 arceri,
796 452 854 504 et
881 443 956 505 ab
989 445 1391 509 ecclesiastico
1451 450 1662 530 repelli
1721 460 2054 514 conventu:

2167 475 2308 529 rzwv,
2342 453 2412 515 ὠ,
2444 457 2627 533 πρῶτα
2697 452 2794 528 μὲν
2848 455 2952 510 τιον
3011 455 3161 510 θείων
3220 453 3524 534 ἀπείργεται
3573 476 3791 524 μυστη-

410 531 630 624 deinde
656 551 785 624 mon
813 534 988 596 etiam
1008 535 1293 617 futurum,
1327 547 1395 600 ut
1424 538 1496 599 ab
1530 557 1600 600 eo
1624 558 1797 621 poena
1822 560 2060 624 quoque

2167 543 2289 618 ›ίων,
2346 543 2435 599 καὶ
2488 531 2611 610 ήτῆς
2723 541 3171 612 εκκλησιαστικῆς
3259 542 3608 601 ἀπελαύνεται
3665 565 3796 600 συν-

410 620 602 682 civilis
634 621 921 701 exigatur.
954 624 1098 686 Nam
1121 627 1221 707 qui
1243 620 2058 708 sanctionesetleges—eccle-

2167 630 2261 690 ὲδου
2292 649 2306 665 ⁸
2338 635 2434 690 οὒκ
2489 632 2561 696 εἰς
2640 633 2847 714 μακρὰν
2902 630 2957 689 δὲ
3029 635 3117 691 καὶ
3173 633 3271 702 τὴν
3330 631 3610 702 πολιτικὴν
3639 633 3805 690 ἀπαι-

412 713 681 772 siasticas
696 713 1043 795 contemnit,
1074 716 1654 795 nequeformidabile
1672 727 1833 799 putat
1852 740 2058 783 earum

2167 726 2427 795 ηθήσεταιι
2524 722 2696 793 δίκην.
2786 719 2843 785 Ὀ
2929 726 3028 806 γὰρ
3108 724 3579 795 ἐκκλησιαστικοὺς
3650 747 3798 805 παρ-

411 802 794 896 supplicium.
830 805 1084 896 ipsemet
1112 826 1246 869 sese
1274 809 1469 889 paenis
1496 810 1768 874 civilibus
1791 812 2056 894 subjicit.

2167 821 2276 894 ιρῶν
2321 814 2543 888 θεσμοὺς
2613 814 2709 872 καί
2779 802 3012 896 νόμους,
3072 816 3159 873 καὶ
3214 816 3293 892 μὴ
3347 813 3571 895 φοϐερὰν
3623 802 3799 894 ἡγού-

412 892 517 953 HIS
546 912 579 953 a
607 892 780 992 nobis
832 894 892 956 in
947 896 1190 958 exordio
1241 898 1564 976 collocatis,
1619 902 1691 963 ad
1723 892 1915 984 ipsius
1941 903 2059 965 mi-

2167 892 2303 968 ιενος
2347 904 2445 973 τὴν
2516 902 2728 961 ἐκείνων
2793 902 2966 986 δίκην,
3028 905 3186 970 αὐτὸς
3248 906 3433 964 ἑαυτὸν
3500 916 3625 969 ταῖς
3684 928 3796 963 πο-

415 984 643 1044 nisterii
679 984 1017 1047 mandatum
1051 987 1333 1067 procedat
1364 988 1576 1051 oratio.

2167 1006 2379 1059 armant:
2464 994 2695 1058 εὐθύναις
2766 984 3179 1057 καθυποϐάλλει.
3281 1002 3492 1053 Τοῠτων
3545 996 3687 1070 ἡμῖν
3741 993 3800 1050 ἐν

2143 1084 2443 1163 προοιμίοις
2485 1083 2760 1159 τεθέντων,
2792 1084 2925 1162 πρὸς
2955 1085 3016 1141 τὸ
3073 1088 3172 1153 τῆς
3223 1081 3487 1149 διακονίας
3527 1083 3798 1162 ἐπίταγμα

2145 1177 2173 1231 ὁ
2203 1173 2363 1255 λόγος
2394 1173 2659 1255 χωρείτω.

492 1250 551 1311 2.
588 1250 775 1314 Debet
804 1255 1135 1318 reverentia
1190 1263 1285 1319 tua
1323 1274 1628 1321 sacrorum
1662 1260 2064 1324 monasterio-

2223 1250 2299 1340 β’,
2355 1250 2452 1320 Δεῖ
2485 1250 2597 1331 τὴν
2652 1262 2752 1331 σὴν
2802 1259 3075 1319 εὒλαϐειαν
3133 1262 3255 1327 τοὺς
3305 1260 3613 1320 ἐπιστατεῖν
3641 1263 3798 1341 ἱερῶν

412 1357 544 1402 rum
581 1342 912 1422 praefectos,
939 1345 1041 1426 qui
1072 1346 1331 1427 superbo
1353 1348 1608 1429 quodam
1629 1360 1980 1431 contemptu
2005 1357 2064 1414 et

2167 1353 2556 1432 ?POVTt3MPin
2606 1350 2901 1433 λαχόντας,
2985 1350 3245 1430 ὑπεροψίᾳ
3318 1348 3375 1406 δὲ
3461 1350 3550 1407 καὶ
3591 1350 3799 1423 ἀλαζο-

413 1434 747 1511 arrogantia
777 1433 1042 1515 reliquos
1091 1453 1228 1515 erga
1278 1438 1577 1501 solitarios
1623 1447 1887 1518 utuntur,
1923 1460 2059 1503 ora-

2167 1441 2254 1515 ιείᾳ
2310 1442 2440 1522 πρὸς
2483 1441 2606 1505 τοὺς
2676 1439 2892 1507 λοιποὺς
2948 1439 3259 1520 χρωμένους
3316 1439 3660 1516 μονάζοντας,
3708 1460 3806 1517 με-

416 1520 578 1582 tione
608 1530 664 1583 et
695 1521 1198 1587 admonitionibus
1225 1527 1466 1590 efﬁcere
1525 1529 1733 1591 modes
1773 1549 1840 1591 os
1869 1539 1926 1592 et
1957 1531 2062 1592 hu-

2167 1532 2314 1610 τρίους
2355 1520 2472 1587 καὶ
2540 1530 2953 1611 ταπεινόφρονας
3054 1528 3200 1609 λόγῳ
3259 1530 3348 1586 καὶ
3427 1528 3803 1610 παραινέσεσιν

417 1610 589 1674 miles
616 1620 827 1693 ;atque
851 1614 1111 1689 erudire,
1135 1622 1199 1678 ut
1222 1619 1555 1680 monachus
1581 1639 1685 1700 pro
1710 1620 1835 1684 suis
1865 1640 2061 1683 mem-

2167 1621 2551 1700 ιπεργάζεσθαι,
2612 1621 2700 1677 καὶ
2752 1610 2826 1684 ὥς
2898 1617 3038 1695 μέλη
3101 1620 3275 1677 οἰκεῖα
3348 1620 3471 1683 τοὺς
3529 1619 3807 1699 μοναχοὺς

416 1698 541 1761 bris
598 1711 962 1780 agnoscant;
1014 1724 1207 1786 neque
1256 1706 1538 1770 duntaxat
1583 1698 1788 1771 eorum
1835 1710 2063 1772 animas

2167 1698 2469 1766 ικπαιδεύειν
2524 1710 2790 1787 ἡγεῖσθαι,
2854 1708 2932 1785 μὴ
2989 1708 3150 1785 μόνον
3208 1713 3315 1764 τῶν
3383 1709 3573 1788 ψυχῶν
3606 1708 3805 1787 αὐτῶν,

416 1808 520 1869 pro
546 1790 668 1851 suis
726 1791 951 1854 viribus
1006 1796 1110 1856 sed
1176 1814 1426 1879 corpora
1486 1818 1728 1881 quoque
1785 1818 1929 1861 cura
1957 1817 2064 1863 sua

2167 1796 2282 1855 ιλλὰ
2336 1800 2425 1855 καὶ
2465 1806 2570 1857 τῶν
2629 1798 2892 1871 σώματων
2949 1794 3052 1866 ὅση
3113 1794 3329 1872 δύναμις
3410 1795 3737 1874 κηδομένους
3785 1813 3803 1829 ⁸

418 1880 925 1971 complectantur:
1007 1892 1064 1946 et
1124 1904 1300 1965 agere
1384 1888 1561 1951 debet
1631 1890 1854 1964 omnia,
1935 1909 2067 1971 qua“:

2167 1887 2319 1947 πάντα
2362 1886 2417 1944 δὲ
2446 1888 2694 1967 πράττειν
2749 1889 2815 1943 τὰ
2857 1887 3182 1967 καιριώτατα
3230 1885 3343 1967 70⁸,
3390 1887 3527 1962 μετὰ
3574 1891 3673 1953 τῆς
3702 1890 3807 1946 αὗ-

418 1970 701 2031 momenti
759 1971 1015 2053 alicujus
1069 1983 1232 2049 sunt,
1313 1996 1447 2039 cum
1509 1997 1713 2040 eorum
1769 1970 2061 2041 consilio:

2167 1982 2254 2034 τῶν
2324 1977 2571 2056 γνώμης,
2630 1979 2814 2047 κοινήν
2870 1996 2927 2031 τε
2975 1976 3073 2044 τὴν
3128 1974 3380 2055 ἑστίασιν,
3416 1977 3503 2033 καὶ
3560 1976 3659 2043 τὴν
3699 1974 3805 2035 ἄλ-

415 2076 792 2121 communem
826 2080 963 2123 cum
996 2063 1083 2125 eis
1114 2064 1353 2140 victum,
1406 2087 1542 2129 cum
1591 2078 1803 2131 caetera
1834 2064 2066 2130 vivendi

2167 2073 2253 2133 inv
2282 2064 2481 2123 δίαιταν
2530 2066 2701 2148 ἔχειν,
2763 2066 2828 2122 τά
2871 2086 2929 2121 τε
2987 2064 3210 2131 ἀκίνητα
3252 2065 3427 2122 πάντα
3481 2063 3810 2132 ἂνεκποίητα

415 2148 645 2210 ratione
690 2150 953 2237 habere:
1015 2164 1227 2216 cuncta
1277 2156 1607 2220 immobilia
1664 2177 1781 2220 non
1813 2158 2069 2221 alienata

2167 2170 2361 2235 τηρεῖν,
2420 2157 2508 2213 καὶ
2589 2157 2656 2213 τὰ
2754 2155 3224 2236 καρποφορούμενα
3322 2152 3459 2221 δῆλα
3554 2158 3808 2227 καθιστᾷν

421 2256 679 2314 servare,
705 2242 928 2322 quique
969 2244 1385 2326 percipiuntur
1435 2266 1504 2310 ex
1558 2247 1644 2308 eis
1676 2247 1898 2309 fructus
1937 2266 2070 2310 ma-

2167 2242 2339 2321 ἰίπασι,
2414 2248 2507 2305 καὶ
2580 2242 2804 2309 δεόντως
2861 2250 3025 2299 ταυτα
3099 2244 3579 2324 μεταχειρίζεσθαι,
3638 2244 3712 2306 ὡς
3744 2241 3810 2299 ἂν

422 2327 667 2389 nifestos
698 2331 976 2395 omnibns
993 2333 1209 2399 facere.
1241 2348 1300 2396 et
1354 2336 1570 2399 idonee
1610 2336 2067 2412 administrare;

2167 2337 2212 2392 ἐκ
2241 2334 2441 2391 τούτων
2471 2335 2536 2391 τά
2604 2356 2662 2391 τε
2718 2334 2941 2410 ποίμνια
2997 2334 3166 2389 αὒτῶν
3237 2336 3483 2410 εὖσταθῇ,
3542 2332 3629 2388 καὶ
3658 2334 3808 2389 αὐτοὶ

420 2426 484 2478 ut
516 2435 588 2479 ex
621 2418 707 2479 eis
729 2438 938 2500 greges
962 2423 1225 2502 ipsorum
1250 2424 1309 2485 in
1336 2424 1488 2486 bono
1522 2435 1676 2489 statu
1704 2446 2068 2488 conserven-

2167 2425 2535 2504 ὶπροφάσιστοι
2568 2424 2683 2482 ε’ίεν
2714 2426 2847 2503 πρὸς
2898 2422 3019 2486 τοὺς
3077 2422 3248 2478 αὐτῶν
3291 2422 3601 2501 καθηγητάς
3633 2443 3690 2477 τε
3719 2424 3811 2479 καὶ

424 2514 540 2582 tur,
602 2517 775 2588 atque
830 2510 941 2590 ipsi
997 2514 1275 2575 monachi
1346 2534 1538 2576 causze
1611 2515 1759 2577 nihil
1818 2514 2074 2577 habeant

2167 2512 2522 2578 διδασκάλους,

421 2595 703 2658 adversus
727 2599 1038 2677 magistros
1068 2620 1204 2663 suos
1236 2613 1412 2686 atque
1444 2604 1738 2668 doctores.

478 2684 1074 2751 3.Debetreverentia
1089 2699 1181 2753 tua
1193 2684 1365 2753 vitam
1389 2694 1771 2756 monasticam
1794 2714 2069 2756 exercen-

2236 2684 2312 2773 γ’.
2392 2693 2489 2751 Δεῖ
2543 2694 2641 2763 τήν
2678 2692 2779 2759 σὴν
2837 2687 3111 2750 εὖλάϐειαν
3170 2690 3293 2752 τοὺς
3337 2691 3415 2766 μὴ
3495 2693 3813 2769 πειθαρχεῖν

424 2781 533 2847 tcs,
563 2774 661 2853 qui
681 2779 898 2856 pastori
937 2798 1042 2841 suo
1088 2783 1720 2863 noluntobtemperare
1737 2786 1840 2845 sed
1876 2784 2072 2847 ordini

2167 2783 2426 2849 ἐθέλοντας
2454 2790 2535 2858 τῷ
2605 2785 2804 2839 ἑαυτῶν
2859 2780 3071 2857 ποιμένι
3127 2780 3473 2859 μονάζοντας,
3534 2778 3649 2835 ἀλλ’
3696 2779 3811 2834 ἀπ-

423 2863 688 2928 solitario
712 2872 1008 2930 contraria
1026 2871 1315 2935 incedunt
1345 2873 1434 2934 via
1458 2883 1512 2934 el
1536 2874 1782 2955 reliquae
1815 2875 2070 2937 multitu-

2167 2875 2387 2941 εναντίας
2418 2876 2515 2941 τῆς
2546 2871 2835 2949 μοναδικῆς
2890 2869 3192 2948 βαδίζοντας
3248 2866 3470 2949 τάξεως,
3502 2870 3590 2925 καὶ
3632 2868 3808 2948 πρόσ-

422 2952 927 3019 dinioll‘endiculo
981 2970 1138 3034 sunt,
1193 2962 1599 3044 obsequentes
1650 2952 1708 3024 et
1738 2967 2071 3042 morigeros

2167 2986 2336 3040 ιομμα
2392 2970 2460 3041 τῇ
2515 2962 2680 3039 λοιπῇ
2735 2960 3044 3040 γινομένους
3143 2957 3368 3032 πληθύϊ,
3441 2959 3656 3022 τούτους
3713 2959 3806 3014 εὗ-

425 3043 688 3119 el‘licere,
709 3057 765 3108 et
778 3050 1047 3112 oratione
1064 3070 1134 3112 ac
1150 3042 1556 3132 spiritualibus
1579 3054 1803 3115 instruc
1816 3052 2071 3116 tionibus

2167 3058 2357 3117 πειθεῖς
2388 3056 2474 3109 καὶ
2527 3051 2864 3131 εὒγνώμονας
2920 3052 3205 3122 ποιεῖσθνι,
3277 3050 3365 3104 καὶ
3419 3048 3517 3116 τὴν
3573 3054 3667 3104 τοῦ
3698 3056 3811 3105 Κυ-

422 3153 527 3195 cos
576 3134 918 3199 obedientia
973 3141 1200 3203 domini
1270 3142 1489 3204 docere
1557 3151 1735 3223 atque
1811 3144 1890 3205 ita
1946 3144 2074 3204 for-

426 3242 611 3305 mare,
649 3233 801 3288 utex
841 3228 1127 3305 dignitate
1165 3232 1552 3311 professionis
1600 3251 1720 3294 sua;
1743 3251 1806 3294 se
1825 3241 2072 3314 gerant;

424 3332 619 3393 neque
653 3315 1050 3380 voluntatibus
1073 3321 1194 3382 suis
1224 3321 1634 3401 obsequendo,
1684 3340 1875 3402 neque
1898 3320 2078 3384 rebus

426 3405 705 3487 propriis,
757 3407 879 3469 sive
930 3410 1179 3491 peculiis
1218 3415 1375 3492 (quae
1408 3413 1641 3492 vocant)
1669 3431 1869 3474 curam
1900 3412 2076 3474 adhi-

426 3492 672 3556 bendo:
734 3498 819 3558 uti
873 3499 1064 3560 facitis
1132 3506 1565 3562 aversationem
1637 3501 1769 3562 vitae
1828 3510 2079 3564 terrena;

423 3593 779 3659 asserentes,
815 3606 846 3648 a
880 3591 1215 3651 commissis
1250 3589 1943 3670 peccatisliherationem
1976 3591 2076 3653 in—

425 3673 689 3749 veniant,
725 3684 781 3737 et
811 3675 1102 3739 bonorum
1155 3679 1215 3740 in
1260 3698 1498 3741 omnem
1549 3678 1940 3741 aeternitatem
1973 3679 2080 3742 du-

422 3767 682 3827 rantium
717 3767 1034 3849 participes
1068 3770 1228 3831 tiant.

506 3855 565 3918 4.
627 3855 820 3918 Debet
869 3858 1204 3921 reverentia
1264 3867 1361 3920 tua
1407 3856 1859 3927 controversias,
1911 3877 2073 3939 quaa-

426 3962 661 4025 cunque
722 3948 1150 4010 monachorum
1201 3949 1485 4010 adversus
1512 3947 1803 4029 falibates,
1840 3956 1897 4009 et
1950 3948 2081 4010 vice

427 4052 596 4094 versa
629 4034 906 4098 abbatum
939 4038 1224 4099 adversus
1257 4038 1583 4099 monachos
1628 4037 1924 4110 incidunt,
1956 4044 2077 4098 tum

426 4124 808 4203 investigare,
846 4136 965 4188 tum
1013 4128 1335 4189 dissolvere
1382 4127 1745 4208 justitizeque
1795 4126 2079 4188 auxilium

425 4215 792 4296 adhibendo,
817 4227 979 4280 recte
1008 4236 1370 4298 componere
1397 4239 1408 4277 :
1436 4217 1721 4278 olfensam
1744 4235 1979 4276 onmem
2005 4217 2080 4277 de

2157 3144 2266 3222 ρίου
2332 3141 2570 3208 ὑπακοὴν
2628 3136 2953 3195 ἕκπαιδεύειν
3029 3136 3175 3216 λόγῳ
3268 3138 3355 3193 καὶ
3418 3147 3810 3212 πνευματικαῖς

2158 3219 2521 3309 εἰσηγήσεσιν,
2588 3227 2743 3294 ἀξίως
2813 3226 3222 3306 παρασκευάζων
3255 3224 3310 3272 Ἡ
3369 3230 3462 3281 τοῦ
3533 3219 3807 3302 ἐπαγγέλ-

2159 3341 2324 3388 ματος
2381 3316 2768 3392 πολιτεύεσθαι,
2850 3316 2988 3391 μήτε
3064 3314 3358 3390 θελήμασιν
3410 3312 3622 3376 οἰκείοις
3680 3311 3816 3369 ἄκο-

2158 3407 2494 3489 λουθοῦντας,
2529 3409 2669 3483 μήτε
2700 3412 2769 3483 τῇ
2821 3403 2921 3478 ἰδίᾳ
2977 3405 3164 3475 κτήσει
3224 3403 3260 3472 ἢ
3315 3416 3433 3468 τοῖς
3502 3400 3815 3482 λεγομένοις

2159 3496 2455 3562 πεκουλίοις
2488 3496 2851 3576 προσέχοντας
2898 3513 2911 3527 ⁶
2945 3492 3040 3551 ἵνα
3084 3492 3150 3562 δὴ
3204 3506 3320 3557 τοῖς
3374 3492 3547 3573 ἔργοις
3590 3491 3691 3558 τὴν
3717 3496 3816 3547 τοῦ

2158 3589 2271 3666 βίου
2366 3586 2645 3668 ἀποφυγὴν
2739 3581 3130 3664 βεϐαιούμενοι,
3224 3588 3330 3640 τῶν
3414 3585 3815 3661 ἡμαρτημένων

2160 3678 2356 3757 εὕροιεν
2399 3678 2494 3746 τὴν
2539 3672 2881 3755 ἀπαλλαγὴν,
2939 3672 3027 3729 καὶ
3111 3672 3218 3730 τῶν
3273 3669 3670 3743 διαιωνιζόντων
3704 3689 3812 3745 με·

2158 3769 2410 3847 τάσχοιεν
2440 3767 2673 3845 ἀγαθῶν.

2241 3845 2310 3921 δ’,
2368 3868 2465 3914 Δεῖ
2545 3857 2644 3923 τὴν
2705 3853 2806 3921 σὴν
2861 3848 3132 3912 εὐλάϐειαν
3201 3851 3333 3931 πρὸς
3389 3849 3510 3915 τοὺς
3567 3845 3813 3927 ἡγουμέ·

2163 3972 2280 4013 νους
2334 3947 2477 4026 παρὰ
2519 3952 2626 4003 τῶν
2696 3947 2978 4023 μοναχῶν,
3037 3941 3125 3997 καὶ
3179 3940 3244 3997 αὖ
3298 3938 3458 3996 πάλιν
3527 3939 3669 4019 παρὰ
3709 3939 3819 4026 τῶν

2162 4037 2471 4117 ἡγουμένων
2527 4036 2658 4115 πρὸς
2748 4034 2872 4096 τοὺς
2976 4030 3298 4105 μονάζοντας
3355 4026 3634 4117 γινομένας
3706 4025 3821 4117 δια-

2162 4114 2348 4208 φορὰς,
2396 4114 2605 4206 ἐρεονᾷν
2662 4144 2719 4179 τε
2787 4124 2875 4178 καὶ
2943 4117 3193 4199 διαλύειν,
3227 4119 3314 4174 καὶ
3369 4123 3439 4195 τῇ
3509 4114 3817 4193 δικαιοσύνῃ

2162 4206 2341 4294 βοηθῷ
2399 4214 2702 4297 χρώμενον,
2749 4212 2881 4291 πρὸς
2950 4212 3012 4266 τὸ
3062 4206 3179 4266 δέον
3218 4206 3547 4297 ῤ·)θμίξειν.μ
3585 4207 3683 4297 limi
3712 4212 3819 4261 πᾶν

427 4306 625 4366 medio
687 4293 918 4379 tollere,
998 4293 1408 4387 vicissimque
1457 4315 1727 4386 paeatum
1790 4304 2077 4368 reducere

2167 4308 2261 4382 μὲν
2293 4293 2582 4362 σκάνδαλον
2613 4302 2674 4359 ἐκ
2722 4302 2886 4378 μέσου
2952 4300 3243 4377 ποιεῖσθαι,
3302 4302 3476 4352 πᾶσαν
3506 4293 3561 4351 δὲ
3602 4296 3818 4351 ἀντεισ-

427 4405 681 4457 statum:
717 4397 948 4459 vivendi
974 4397 1229 4477 denique
1255 4395 1543 4456 rationem
1590 4394 1649 4456 in
1677 4394 1765 4457 eis
1791 4394 2078 4476 plantare,

426 4506 556 4567 qua)
584 4486 896 4562 religiosos
930 4486 1205 4548 homines
1236 4491 1467 4547 deceat.

505 4579 564 4639 5.
600 4575 785 4637 Debet
817 4577 1153 4639 reverentia
1187 4584 1287 4636 tua
1347 4574 1692 4652 monachos,
1750 4572 1850 4654 qui
1885 4573 1961 4635 de
1990 4571 2082 4634 via

427 4679 592 4728 recta
617 4665 965 4748 deﬂectunt,
997 4676 1053 4747 et
1074 4663 1488 4727 inobedientia
1520 4662 1942 4741 laboranterga
1967 4662 2081 4723 sibi

427 4759 758 4837 prrefectos,
819 4776 886 4819 ac
945 4764 1255 4838 peccatum
1291 4755 1363 4817 ad
1412 4763 1661 4814 mortem
1695 4752 2074 4827 commitunt,

428 4847 508 4909 uti
569 4847 804 4908 divinus
862 4845 963 4907 ille
1046 4848 1304 4907 Joannes
1378 4842 1659 4924 loquitur.
1719 4860 1822 4922 pro
1865 4841 2081 4921 quibus

426 4955 637 5017 preces
696 4945 753 4997 et
822 4934 1279 4998 obsecrationes
1338 4933 1452 4994 vim
1518 4948 1789 5008 magnam
1855 4930 2081 4994 habent

428 5026 538 5087 hos
597 5044 735 5104 ergo
786 5026 942 5087 velut
992 5024 1248 5086 orationi
1296 5021 1545 5085 doctrici
1597 5039 1713 5081 non
1760 5019 2073 5099 obtempe-

427 5124 648 5196 rantes,
712 5118 902 5198 pccnis
946 5115 1439 5178 convenientibus
1498 5111 1800 5193 subjicere
1856 5110 2078 5185 debet;

428 5206 510 5266 uti
547 5225 652 5286 per
683 5226 784 5269 eas
807 5206 1097 5286 castigati,
1124 5205 1194 5267 ad
1220 5207 1475 5268 salutem
1500 5202 1779 5265 facientia
1811 5199 2081 5277 discant;

426 5307 601 5378 atque
633 5297 734 5358 alii
786 5314 893 5376 per
944 5295 1391 5376 castigationem
1437 5293 1626 5375 magis
1675 5288 2080 5370 sobriispiri-

429 5387 646 5450 tualem
672 5386 745 5450 ad
778 5385 1073 5452 culturam
1106 5384 1452 5449 reddantur.

2164 4395 2337 4475 φέρειν
2367 4393 2629 4474 εἰρηναίαν
2673 4391 3019 4468 κατάστασιν,
3060 4387 3148 4443 καὶ
3175 4386 3273 4453 τὴν
3311 4385 3472 4449 ὁσίοις
3516 4383 3816 4464 πρέπουσαν

2163 4484 2471 4567 ἐμφυτεύειν
2500 4482 2706 4544 τούτοις
2737 4478 3033 4567 διαγωγῇν.

2244 4562 2311 4636 ε’,
2362 4583 2459 4628 Δεῖ
2506 4571 2605 4638 τὴν
2654 4569 2752 4637 σὴν
2812 4564 3085 4627 εὐλάϐειαν
3142 4565 3263 4628 τοὺς
3334 4564 3433 4633 τῆς
3496 4564 3690 4630 εὐθείας
3719 4562 3811 4620 ὲκ-

2163 4661 2517 4743 τρεπομένους
2607 4660 2953 4735 μονάζοντας,
3031 4656 3120 4713 καὶ
3213 4654 3476 4721 ἀνηκοΐαν
3535 4656 3632 4731 μὲν
3691 4655 3822 4743 πρδς

2165 4741 2283 4816 τοὺς
2342 4751 2680 4832 προεστῶτας
2730 4753 3038 4827 νοσοῦντας,
3095 4746 3196 4814 τὴν
3280 4746 3412 4824 πρὸς
3482 4744 3706 4801 θάνατον
3767 4741 3823 4799 δὲ

2165 4842 2422 4922 ἁμαρτίαν
2492 4836 2898 4921 ἐργαζομένους,
2959 4837 3034 4901 ὡς
3117 4837 3146 4892 ὁ
3215 4834 3493 4899 θεσπέσιος
3569 4832 3823 4922 Ἰωάννης

2163 4920 2344 5014 φησὶν,
2421 4931 2551 5010 ὑπὲρ
2626 4932 2701 4985 ὧν
2788 4927 2929 5007 εὐχὴ
3012 4926 3102 4983 καὶ
3187 4922 3549 5014 παράκλησις,
3583 4920 3825 5014 μεγαλην

2160 5009 2491 5103 ἰσχὺν-ἔχει,
2527 5009 2768 5083 τούτους
2825 5019 2899 5081 ὡς
2962 5016 3040 5093 μὴ
3097 5013 3447 5103 πειθομένους
3490 5012 3660 5103 λόγῳ-
3684 5009 3829 5069 διδα-

2161 5101 2423 5191 σκαλικῷ,
2479 5101 2632 5173 ταῖς
2725 5104 3094 5189 ὁφειλομέναις
3168 5102 3588 5161 καθυποϐάλλειν
3646 5101 3826 5160 ἐπιτι-

2166 5202 2415 5281 μήσεσιν,
2468 5201 2542 5265 ὡς
2598 5197 2660 5256 ἂν
2719 5197 2947 5256 ἐντεῦθεν
3004 5193 3526 5275 παιδαγωγούμενοι,
3580 5194 3645 5251 τὰ
3703 5191 3822 5249 σώ-

2163 5298 2320 5363 ζοντα
2377 5290 2617 5371 μάθοιεν,
2676 5289 2765 5345 καὶ
2819 5284 2975 5343 ἄλλοι
3043 5292 3120 5360 τῷ
3187 5283 3403 5342 ἐκείνων
3462 5288 3825 5365 σωφρονισμῷ

2163 5378 2559 5461 νηφαλεώτεροι
2656 5378 2775 5458 περὶ
2858 5375 2959 5445 τὴν
3054 5374 3424 5452 πνευματικὴν
3508 5373 3835 5455 εὑρίσκοιντο

2164 5469 2437 5554 ἐργασίαν.

1759 5637 2022 5704 νΑιιιιΕ
2066 5638 2503 5708 LECTIONES.

518 5788 609 5843 70'
641 5786 975 5871 καιριώτερα.
1062 5784 1116 5836 71
1153 5787 1238 5845 καὶ
1268 5780 1420 5850 ἀξίως
1454 5780 1886 5862 παρασκευάζειν.
