4128 6416
376 330 531 398 1149

1694 335 2410 405 GRzECO-ROMANUM.

3605 341 3763 410 H50

448 460 552 546 ς’.
605 472 704 530 Δεῖ
746 473 844 541 τὴν
875 474 975 542 σὴν
1018 473 1292 534 εὐλάϐειαν
1320 476 1664 553 ἐντείλασθαι²
1686 483 1777 535 τοῦ
1801 479 1861 534 τὸ
1880 477 2008 555 ἱερὸκ

2104 558 2116 560 _
2278 470 2594 555 Percipere
2628 481 2724 536 tua
2754 475 3089 539 reverentia
3117 476 3320 560 debet,
3384 485 3445 539 ut
3473 485 3761 559 quotquot

368 559 605 626 ἅπαντας
638 561 981 638 ἐκμανθάνειν
1019 562 1316 645 ψαλτήριον
1364 566 1484 631 τούς
1515 565 1569 623 ἐν
1612 574 1688 642 τῷ
1734 572 2020 645 μοναχικῷ

367 652 616 731 σχήματι
677 650 1168 732 καταλάγομένους,
1241 656 1330 713 καὶ
1386 656 1464 732 μὴ
1559 654 1758 715 δούλων
1827 655 2019 713 ἀθλίων

372 738 536 819 λόγον
563 738 808 822 δπέχειν,
855 743 944 800 καὶ
1013 744 1076 800 τὸ
1132 749 1236 801 πᾶν
1292 743 1591 804 ἀναλίσκειν
1635 746 1709 809 εἷς
1761 746 1859 814 τὴν
1915 745 2019 802 τῶν

369 832 577 910 γηίνων
632 829 902 912 ἐργασίαν,
949 830 1034 888 διὰ
1083 835 1181 901 τὴν
1251 833 1489 915 ἀκρισίαν
1545 840 1651 891 τῶν
1677 839 2018 915 καθηγουμέ-

370 921 647 997 νευόντων,
721 920 758 990 ἢ
817 922 1094 1001 παρακοὴν
1145 928 1253 980 τὼν
1335 924 1861 1002 καθυποτατομένων,
1935 924 2022 980 καὶ

371 1005 615 1076 ἄκηδίαν,

451 1088 523 1171 ζ’.
562 1108 659 1156 Δεῖ
684 1098 787 1168 τὴν
816 1100 917 1168 σὴν
950 1098 1221 1159 εὐλάϐειαν
1249 1109 1573 1183 παρεγγυᾷν,
1598 1103 1881 1177 ἀναζητεῖν
1902 1102 2018 1165 τοὺς

364 1188 692 1267 ἡγουμένους
743 1191 866 1256 τοὺς
935 1189 1409 1259 λειππακτοῦντας
1479 1194 1774 1275 μοναχοὺς,
1831 1194 1918 1250 καὶ
1947 1193 2019 1255 εἷς

360 1278 460 1346 τὴν
530 1279 724 1336 οἰκείαν
794 1280 982 1344 αὐτοὺς
1054 1279 1458 1363 ἐπαναστρέφειν
1522 1283 1794 1361 ὑποταγήν
1836 1297 1851 1311 '
1899 1280 2018 1343 τοὺς

367 1365 423 1424 δῖ
468 1370 546 1446 μὴ
578 1367 932 1446 βουλομένους
973 1377 1128 1429 τοῦτο
1185 1385 1387 1453 ποιεῖν,
1443 1369 1561 1451 εἴγε
1614 1371 1871 1452 εὐλόγως,
1905 1393 2015 1427 πα-

362 1456 625 1539 ραδιδόναι
682 1458 735 1516 ἐν
794 1459 992 1540 ἑτέροις
1064 1461 1436 1541 μοναστηρίοις
1485 1464 1558 1526 εἰς
1629 1459 1871 1525 εὐλαϐεῖς
1920 1458 2014 1517 xz:

356 1550 448 1607 τὸν
502 1553 648 1610 θετον
704 1549 867 1630 φόϐον
939 1549 1199 1609 διδάσκειν
1289 1550 1595 1628 δυναμένοις
1662 1551 2007 1631 ἡγουμένους.

365 1637 676 1704 Διδακτικδς
704 1639 768 1689 72
795 1642 895 1720 γὰρ
922 1643 1065 1700 ἐστιν
1092 1644 1226 1700 ὁτοῦ
1249 1650 1379 1702 Θεοῦ
1406 1640 1593 1723 φόϐος,
1632 1641 1806 1705 καθώς
1851 1664 2012 1722 φησιν

364 1731 394 1786 ὁ
425 1732 710 1809 Προφήτης
746 1747 763 1767 ⁸
799 1738 982 1814 Δεῦτε,
1011 1732 1191 1809 τέκνα,
1239 1731 1495 1790 ἀκούσατέ
1550 1755 1672 1808 μου.
1704 1728 1875 1787 Φόϐον
1903 1741 2009 1789 Κυ-

362 1817 471 1897 ρίου
500 1816 688 1885 διδάξω
716 1822 851 1897 ὑμᾶς
862 1868 877 1883 .

441 1896 521 1974 η’.
571 1916 668 1965 Δεῖ
694 1910 794 1978 τὴν
824 1910 923 1978 σὴν
973 1906 1246 1968 εὐλάϐειαν
1285 1912 1405 1978 τοὺς
1462 1914 1519 1968 ἒν
1573 1909 1887 1990 γυναικείοις
1920 1933 2014 1986 μο-

362 2000 665 2077 ναστηρίοις
695 2000 957 2080 τήνὶεράν
1015 1998 1321 2081 ὀφείλοντας
1389 2001 1677 2081 ἱερουργίαν
1722 1998 2006 2072 ἐπιτελεῖν,

364 2085 660 2165 γηραλέους
719 2100 859 2145 εῖναι
930 2087 1331 2168 προτρέπεσθαι,
1404 2091 1493 2147 καὶ
1536 2088 1813 2168 εὐνούχους
1848 2104 1862 2119 ³
1920 2088 2013 2143 'fvx

364 2176 442 2252 μη
512 2173 817 2256 διασύρηται
873 2179 908 2246 ἡ
951 2184 1057 2235 τῶν
1112 2177 1382 2257 παρθένων
1435 2178 1696 2254 ὒκόληψις
1738 2178 1839 2236 ὑπό
1907 2181 2010 2233 τῶν

360 2265 684 2345 αἱρουμένων
727 2263 1071 2345 διαλοιδορεῖν
1100 2266 1221 2330 τοὺς
1251 2266 1499 2334 πλησίον.

442 2342 512 2416 θ’,
552 2361 648 2411 Δεῖ
676 2355 775 2422 τὴν
804 2355 905 2423 σὴν
953 2342 1224 2413 εὐλάϐειαν
1270 2356 1598 2414 ἐντέλλεσθαι
1658 2370 1774 2421 τοῖς
1837 2358 2005 2436 ἡγου-

366 2440 570 2523 μένοις,
600 2444 720 2509 τοὺς
776 2442 828 2500 ἐν
871 2445 1068 2525 ἑτέροις
1126 2458 1494 2525 μοναστηρίοις
1562 2446 1654 2512 τάς
1723 2468 1781 2503 τε
1810 2448 2006 2516 συνθή-

362 2553 461 2596 κας
519 2534 607 2589 καὶ
662 2531 1016 2613 ἐξαγορεύσεις
1090 2535 1504 2613 ποιησαμένους,
1590 2535 1710 2592 ἄνευ
1787 2536 2006 2615 γνώμῆς

361 2627 454 2677 τοῦ
512 2622 889 2702 ἀποκείραντπ
977 2624 1055 2700 μὴ
1148 2623 1555 2706 προσδέχεσθαι,
1615 2624 1751 2681 ἀλλὰ
1807 2624 2007 2702 σπουὲξ,

358 2710 506 2789 πάσῃ
558 2715 854 2792 κεχρῆσθαι
897 2713 1027 2792 πρὸς
1097 2715 1159 2770 τὸ
1214 2716 1407 2771 πείθειν
1464 2714 1649 2778 αὐτοὺς
1706 2716 1779 2778 εἰς
1809 2715 1908 2782 τὴν
1938 2716 2008 2771 οἷ-

356 2800 499 2856 κείαν
531 2800 909 2881 παλινδρομεῖν
940 2803 1132 2878 μονήν,
1192 2804 1324 2866 Τοὺς
1381 2802 1435 2859 δὲ
1503 2806 1657 2863 τοῦτο
1686 2803 2005 2884 παραλόγως

357 2887 804 2966 κατατολμῶντας
874 2904 1076 2966 ποιεῖν,
1136 2890 1386 2967 ἐπιτιμᾷν
1454 2894 1545 2949 καὶ
1589 2892 1871 2972 ἀφορίζειν,
1932 2896 2005 2960 ὡς

356 2975 523 3043 ἐξίσου
549 2991 667 3044 τοῖς
698 2976 1131 3059 ἀνδραποδισταῖς
1158 2981 1579 3060 ἁμαρτάνοντας,

439 3144 496 3221 ι’,
548 3165 645 3215 Δεῖ
671 3157 771 3226 τὴν
826 3158 927 3226 σὴν
983 3155 1253 3219 εὐλάϐειαν
1310 3171 1427 3226 τοῖς
1483 3160 1800 3239 ἡγουμένοις
1844 3184 2011 3240 πρασ-

359 3244 590 3321 τάττειν,
650 3252 757 3306 τῶν
866 3247 1307 3327 ὑποτεταγμένων
1404 3248 1710 3308 διακωλύειν
1801 3253 1895 3316 τὰς
1952 3251 2006 3308 ἐν

364 3347 486 3400 ταῖς
515 3335 703 3393 πόλεσι
758 3336 1006 3418 προδους.
1080 3338 1255 3394 πᾶσάν
1308 3360 1366 3395 τε
1421 3340 1775 3420 προσπάθειαν
1805 3363 2047 3420 σνγγε-ι

358 3430 462 3480 νῶν
490 3427 577 3482 καὶ
619 3425 807 3509 φίλων,
853 3427 949 3485 καί
991 3428 1085 3492 τὰς
1150 3426 1444 3508 λεγομένας
1492 3430 1791 3495 συντεκνίας
1822 3429 2003 3487 τέλεον

356 3511 632 3572 ἐκκόπτειν
667 3533 683 3549 ⁸
736 3515 811 3574 ἔτι
868 3539 930 3598 γε
979 3519 1087 3593 μὴν
1141 3519 1231 3575 καὶ
1287 3519 1380 3583 τὰς
1411 3519 1545 3594 μετὰ
1584 3527 1847 3598 γυναικῶν
1878 3518 2004 3577 διαί-

354 3624 450 3667 τας
492 3606 581 3662 καὶ
655 3605 989 3688 ἀναφύρσεις.
1023 3609 1096 3666 Οὐ
1164 3609 1263 3688 γὰρ
1318 3606 1606 3681 μοναδικῆς
1657 3619 1820 3668 ταῦτα
1874 3613 1972 3667 καθ

354 3695 607 3766 εστήκασι
649 3694 845 3763 τάξεως
875 3695 1113 3774 σύμϐολα
1124 3746 1137 3760 .

438 3863 534 3935 ια’.
598 3882 695 3932 Δεῖ
723 3875 823 3943 τὴν
881 3876 979 3944 σὴν
1052 3872 1324 3936 εὐλάϐειαν
1392 3873 1705 3955 προτρέπειν
1775 3879 1999 3950 πάντας,

356 3964 623 4030 νηστείαις
654 3965 742 4021 καὶ
786 3962 996 4035 δεήσεσι
1049 3966 1185 4021 κατά
1229 3966 1349 4028 τοὺς
1398 3968 1682 4042 πατρικοὺς
1725 3968 1814 4024 καὶ
1842 3990 2003 4025 πνευ-

358 4055 613 4127 ματικούς
684 4054 875 4119 τύπους
946 4054 1253 4136 σχολάζειν,
1315 4057 1394 4133 μὴ
1459 4057 1551 4112 τὸν
1621 4054 1851 4137 χυδαῖον
1892 4060 2001 4135 βίον

354 4141 697 4217 μεταδιώκειν
732 4163 748 4179 ’
812 4146 969 4202 τοῦτο
1024 4144 1121 4221 μὲν
1175 4146 1304 4226 ὑπὲρ
1359 4151 1455 4213 τῆς
1515 4146 1707 4221 αὐτ-ὗν,
1768 4159 1921 4208 τοῦτο
1952 4147 2004 4205 δὲ

350 4232 437 4288 καὶ
464 4234 596 4312 ὑπὲρ
640 4239 741 4301 τῆς
772 4241 863 4291 τοῦ
908 4241 1088 4292 κοινοῦ
1143 4234 1407 4314 σωτηρίας
1443 4250 1456 4264 ⁸
1489 4248 1608 4298 τοῖς
1668 4257 1725 4291 τε
1780 4235 2003 4296 ἐνδεέσιν

348 4322 448 4391 ὅση
506 4324 728 4402 δύναμις
785 4327 851 4382 τὰ
911 4323 1097 4384 δέοντα
1185 4325 1538 4405 εὐαγγελικιύς
1623 4327 1999 4409 ἐπιχορηγεῖν,

350 4415 422 4478 εἰς
454 4412 669 4472 πλείονα
722 4420 828 4471 τῶν
860 4416 1052 4496 ψυχῶν
1109 4417 1280 4475 αὐτῶν
1331 4414 1574 4476 εὐόδωσιν
1631 4439 1687 4473 τε
1730 4420 1818 4476 καὶ
1847 4441 2002 4499 περι-

350 4503 585 4570 ποίησιν,

500 4584 510 4603 ⁸
735 4595 747 4613 ε
897 4594 911 4612 \
1348 4593 1372 4612 ἢ
1875 4603 1895 4614 η

436 4596 487 4672 ιβ
515 4642 530 4656 .
568 4606 665 4653 Δεῖ
694 4617 794 4661 την
857 4617 956 4662 σην
1015 4592 1287 4656 εὐλάϐειαν
1343 4596 1782 4675 (διαμαρτύρασθαι
1825 4620 2007 4681 πασιν,

356 4683 409 4740 ους
494 4684 910 4765 φροντιστηρίων
1023 4683 1392 4761 ἐπιμελεῖσθαι
1472 4684 1777 4765 ἐτάχθηςαν
1834 4689 2008 4769 ἱερῶν,

357 4783 450 4833 τοῦ
477 4776 557 4850 μὴ
614 4773 909 4852 ἀποκείρειν
967 4774 1240 4854 μοναχοὺς
1374 4774 1688 4852 μοναστρίας
1744 4777 1845 4853 πρὸ
1896 4799 2007 4854 τρι-

355 4871 502 4928 ετοῦς
560 4862 897 4942 δοκιμασίας,
970 4864 1057 4919 καὶ
1139 4862 1259 4919 τότε
1355 4863 1651 4943 ἀποκείρειν
1734 4866 1854 4929 τοὺς
1912 4865 2008 4942 μὶν

350 4953 565 5033 ἄῤῥενας
645 4952 750 5009 ἀπὸ
845 4949 1373 5015 πεντεωιδεκαεεούς
1458 4953 1653 5034 χρόνου
1690 4972 1704 4986 ’
1794 4954 1889 5019 τὰς
1953 4954 2007 5011 δέ

347 5055 626 5124 γυναῖκας,
686 5042 792 5100 ἀπὸ
863 5038 1394 5106 ἑπτακαιδεκαετοῦς.
1477 5043 1641 5101 Τοῦτο
1729 5045 1828 5123 γὰρ
1884 5058 2004 5107 τοθς

348 5145 631 5214 πατρικοῖς
683 5130 1018 5191 διαωποῦται
1068 5133 1314 5207 θεσμοῖς.
1362 5133 1434 5191 Τὸ
1490 5133 1591 5213 γὰρ
1643 5134 1786 5212 παρά
1841 5140 2004 5190 ταῦτα

352 5222 659 5304 γινομένον,
717 5224 1029 5303 συγχύσεως
1080 5222 1167 5277 καὶ
1222 5227 1477 5303 ταραχῶν
1529 5220 1850 5281 ὡσταπολλὰ
1906 5220 2004 5278 δεί-

350 5335 526 5371 κνυτα·
562 5311 757 5373 ατῖτιον,

436 5392 529 5485 ιγ’.
586 5412 684 5460 Δεῖ
723 5402 823 5470 τὴν
883 5400 983 5471 σὴν
1040 5397 1314 5459 εὐλαϐειαν
1369 5399 1533 5461 ἅπασι
1588 5415 1886 5482 ποραινεϊν,
1919 5407 2005 5468 οἷς

2103 557 2341 623 habitus
2373 564 2955 627 monasticicoatibus
2976 557 3390 646 aggregantiir,
3438 557 3750 628 sacrosan—

2103 656 2262 711 ctum
2297 652 2641 732 psalterium
2675 654 2962 730 ediscant,
2998 674 3109 717 nec
3156 656 3392 718 illorum
3426 655 3755 718 infelicium

2107 756 2412 802 servorum
2447 744 2635 824 culpae
2664 746 2808 805 ﬁant
2864 746 2938 807 ad
2988 746 3162 821 fines,
3217 764 3409 827 neque
3461 752 3649 806 totum
3697 744 3754 804 in

2104 845 2305 889 rerum
2338 833 2709 894 terrestrium
2769 834 3058 895 culturam
3096 836 3454 915 expendant,
3513 840 3757 914 propter

2103 915 2468 998 imperitiam
2524 922 2964 1003 praefectorum,
3020 923 3111 985 vel
3167 922 3637 986 inobedientiam
3696 930 3755 982 et

2104 1009 2439 1071 socordiam
2470 1011 2872 1076 subditorum.

2183 1097 2242 1159 7.
2276 1098 2517 1163 Monere
2546 1109 2638 1163 tua
2664 1102 2998 1164 reverentia
3038 1101 3238 1179 debet,
3287 1110 3348 1163 ut
3376 1101 3621 1164 abbates
3651 1119 3755 1163 eos

2105 1188 2428 1251 monachos
2450 1190 2795 1271 perquirant
2821 1192 2921 1273 qui
2948 1191 3218 1255 ordinem
3244 1192 3551 1266 deserunt,
3578 1199 3753 1271 atque

2103 1273 2264 1355 ipsos
2294 1276 2365 1339 ad
2420 1278 2825 1343 obedientiam
2876 1299 3043 1342 suam
3104 1282 3429 1344 reducant:
3484 1280 3584 1362 qui
3640 1281 3752 1342 hoc

2098 1373 2377 1427 recusant
2399 1366 2618 1445 facere,
2645 1368 2946 1449 siquidem
2975 1388 3046 1431 ex
3090 1376 3252 1431 certa
3270 1372 3526 1442 ratione,
3553 1368 3613 1430 in
3635 1368 3750 1430 alia

2098 1453 2334 1515 tradant
2355 1458 2719 1519 monasteria
2739 1458 3033 1538 religiosis
3047 1458 3396 1540 quibusdam
3411 1457 3747 1538 abbatibus,

2098 1542 2199 1623 qui
2245 1542 2521 1607 timorem
2576 1546 2842 1608 divinum
2886 1548 3104 1608 docere
3159 1547 3407 1628 possint.
3464 1550 3614 1610 Nam
3644 1548 3747 1607 Dei

2097 1639 2291 1694 metus
2317 1633 2561 1697 omnino
2616 1636 2896 1717 quiddam
2924 1645 3015 1698 est
3034 1636 3352 1716 ejusmodi,
3405 1634 3562 1717 quod
3597 1636 3747 1697 tradi

2095 1720 2367 1783 docendo
2387 1724 2591 1805 possit,
2612 1724 3113 1806 quemadmodum
3144 1724 3322 1786 Vates
3352 1725 3470 1787 ait:
3497 1726 3744 1797 Adeste,

2034 1844 2074 1894 Β
2097 1809 2227 1885 ﬁlii,
2263 1813 2462 1875 audite
2486 1833 2616 1876 me:
2658 1815 2931 1877 timorem
2967 1815 3205 1895 Domini
3235 1814 3462 1877 docebo
3494 1829 3622 1876 vos.

2177 1902 2232 1965 8.
2264 1905 2491 1965 Auctor
2520 1923 2652 1966 esse
2682 1905 3015 1967 reverentia
3048 1914 3144 1965 tua
3165 1903 3366 1980 debet,
3391 1912 3456 1965 ut
3478 1902 3579 1985 qui
3603 1920 3738 1963 mu-

2095 1988 2345 2053 lieribus
2395 1992 2455 2054 in
2513 1994 2889 2056 monasteriis
2956 2013 3186 2056 sacram
3270 1992 3439 2055 obire
3518 1991 3747 2054 debent

2092 2078 2482 2157 functionem,
2518 2102 2694 2145 senes
2725 2084 2843 2145 sint
2902 2092 2960 2144 et
2988 2083 3271 2155 eunuchi,
3327 2101 3402 2144 ne
3451 2081 3742 2161 virginum

2096 2170 2450 2233 existimatio
2485 2172 2775 2235 laceretur
2805 2173 2877 2235 ab
2896 2173 2991 2250 iis,
3016 2173 3231 2254 quibus
3257 2173 3465 2253 volupe
3488 2180 3576 2233 est
3599 2188 3740 2252 pro-

2094 2260 2286 2321 ximos
2313 2260 2599 2323 conviciis
2631 2264 3035 2343 proscindere.

2174 2348 2231 2409 9.
2258 2348 2447 2411 Debet
2488 2360 2586 2412 tua
2627 2351 2965 2414 reverentia
3025 2349 3305 2412 mandare
3333 2347 3647 2412 abbatibus
3679 2356 3745 2408 ut

2094 2453 2218 2518 eos,
2253 2438 2353 2519 qui
2403 2439 2537 2500 aliis
2592 2439 2652 2500 in
2705 2439 3083 2502 monasteriis
3132 2448 3302 2518 pacta
3348 2447 3640 2500 conventa
3690 2451 3745 2499 et

2090 2526 2494 2589 confessiones
2521 2528 2793 2591 fecerunt
2842 2530 3069 2608 absque
3099 2527 3257 2589 illius
3286 2526 3602 2600 sententia,
3638 2525 3737 2606 qui

2089 2614 2336 2696 capillos
2392 2636 2596 2679 eorum
2674 2619 2955 2692 totondit,
3028 2636 3143 2679 non
3222 2617 3567 2678 admittant:
3629 2617 3733 2676 sed

2090 2722 2328 2767 omnem
2358 2707 2683 2770 adhibeant
2728 2708 3093 2788 diligentiam
3142 2715 3317 2788 atque
3356 2705 3642 2780 studium,
3677 2714 3739 2765 ut

2088 2797 2237 2878 ipsis
2262 2801 2685 2878 persuadeant,
2707 2822 2821 2884 quo
2845 2819 3013 2863 suam
3037 2801 3109 2861 ad
3135 2798 3501 2861 mansionem
3525 2815 3732 2859 recur-

2087 2902 2247 2952 rant.
2274 2892 2390 2954 Eos
2420 2895 2669 2976 veroqui
2701 2894 3215 2976 praeterrationem
3249 2891 3564 2953 admittere
3588 2890 3735 2952 tales

2087 2988 2328 3056 audent,
2365 2985 2575 3065 punies
2595 2993 2769 3067 atque
2818 2982 3186 3064 segregabis,
3239 2981 3417 3044 veluti
3468 2998 3577 3061 par
3606 2999 3740 3042 cum

2027 3089 2066 3139 C
2092 3069 2394 3152 plagiariis
2424 3073 2657 3137 crimen
2692 3075 3158 3137 committentes.

2174 3160 2272 3224 10.
2291 3161 2621 3226 Abbatibus
2636 3164 2974 3226 reverentia
2993 3171 3089 3225 tua
3107 3161 3432 3243 praecipere
3450 3159 3650 3240 debet,
3680 3169 3743 3221 ut

2090 3249 2205 3312 sibi
2235 3251 2607 3315 subditorum
2644 3272 2752 3335 per
2781 3253 2963 3315 urbes
2994 3253 3055 3313 in
3089 3251 3389 3333 publicum
3446 3250 3743 3331 prodeun-

2092 3340 2234 3403 tium
2255 3340 2766 3405 obambulationes
2800 3342 3181 3425 prohibeant,
3213 3349 3388 3423 atque
3419 3358 3657 3402 omnem
3680 3339 3738 3401 in

2089 3430 2176 3492 eis
2206 3448 2346 3510 erga
2374 3442 2654 3513 cognatos
2684 3442 2742 3495 et
2771 3433 2996 3495 amicos
3046 3431 3533 3513 propensionem.
3559 3447 3739 3512 quas-

2088 3537 2206 3601 que
2287 3522 2778 3602 compaternilate
2852 3529 3062 3584 vocant
3136 3528 3193 3582 et
3260 3520 3742 3582 conversationes

2087 3617 2264 3689 atque
2318 3611 2660 3690 promiscua
2720 3630 2854 3673 cum
2933 3608 3284 3672 mulieribus
3352 3608 3736 3682 commercia,

2088 3697 2326 3779 penitus
2359 3699 2705 3781 exstirpcnt.
2741 3699 2870 3761 Non
2919 3698 3079 3760 enim
3129 3700 3220 3761 hae
3259 3696 3571 3760 monastici
3601 3708 3740 3758 sunt

2091 3788 2320 3850 ordinis
2352 3797 2611 3852 tesserae.

2172 3879 2242 3938 11
2286 3876 2599 3941 Exhortari
2616 3879 2948 3941 reverentia
2964 3886 3060 3939 tua
3076 3876 3254 3940 debet
3274 3875 3735 3958 omnes,utjeju-

2088 3965 2204 4028 niis
2230 3976 2401 4049 atque
2435 3968 3046 4050 precibussecundum
3064 3966 3308 4049 patritos
3324 3966 3738 4047 etspirttuales

2088 4055 2237 4118 ritus
2257 4068 2490 4139 vacent,
2522 4078 2640 4120 non
2664 4063 2793 4121 vitae
2821 4057 3078 4137 vulgaris
3110 4055 3351 4135 vestigia
3378 4063 3735 4136 sequantur:

2088 4144 2341 4206 alterum
2358 4156 2802 4228 proptersuam,
2827 4148 3077 4209 alterum
3095 4155 3333 4226 propter
3358 4162 3737 4206 communem

2086 4234 2339 4296 aliorum
2381 4237 2731 4299 utilitatem:
2783 4245 2961 4318 utque
2983 4253 3086 4315 pro
3130 4234 3378 4309 viribus,
3404 4234 3732 4296 secundum

2086 4322 2232 4387 illud
2269 4327 2674 4406 evangelicum
2693 4323 3502 4406 przeceptum,indigentibus
3535 4342 3731 4385 neces-

2086 4412 2240 4476 saria
2256 4416 2659 4495 suppeditent,
2686 4416 2757 4477 ad
2786 4416 3067 4496 majorem
3082 4416 3412 4476 animarum
3430 4413 3733 4494 prosperi-

2026 4528 2070 4578 ι)
2092 4510 2271 4564 tatem
2305 4513 2364 4566 et
2393 4506 2877 4587 acquisiliouem.

2185 4594 2253 4655 l2
2294 4592 2480 4656 Debet
2500 4606 2597 4657 tua
2610 4595 2938 4658 reverentia
2963 4592 3284 4657 contesmri
3302 4594 3372 4656 ad
3400 4595 3733 4670 universos,

2095 4679 2195 4760 qui
2219 4700 2527 4746 sacrorum
2561 4696 2618 4747 ut
2647 4684 3210 4766 phromisteriorum
3236 4699 3434 4745 curam
3457 4681 3734 4754 habeant,

2095 4772 2349 4835 ordinati
2380 4784 2540 4845 sunt,
2577 4795 2652 4838 ne
2682 4775 3007 4837 monachos
3064 4782 3162 4834 aut
3216 4772 3571 4833 monastrias
3600 4784 3736 4833 ante

2093 4860 2342 4923 triennii
2376 4865 2659 4928 tondeant
2710 4864 3216 4944 explorationem;
3267 4880 3382 4941 quo
3416 4862 3733 4942 pl'wlerilu,

2090 4969 2287 5015 mares
2309 4954 2551 5032 quidem
2570 4955 3006 5037 postdecimum
3033 4951 3303 5034 quintum
3316 4952 3503 5012 aetatis
3517 4969 3734 5011 annum

2088 5039 2370 5103 tondeant
2398 5065 2411 5100 τ
2437 5043 2712 5118 feminas,
2743 5062 2884 5105 vero
2917 5040 3363 5124 postdecimum
3387 5038 3733 5119 septimum.

2088 5128 2215 5193 Hoc
2238 5132 2396 5193 enim
2429 5133 2658 5214 patritis
2688 5141 2777 5195 est
2796 5131 3094 5195 sancitum
3115 5128 3367 5208 legibus.
3396 5131 3543 5192 Nam
3576 5131 3734 5210 quod

2093 5229 2306 5301 praeter
2331 5223 2457 5285 haec
2485 5224 2615 5285 ﬁeri
2637 5222 2944 5303 contingit,
2994 5220 3346 5302 plerumque
3366 5220 3736 5282 confusionis

2091 5318 2146 5371 et
2172 5309 2474 5374 turbarum
2507 5331 2742 5374 causam
2776 5331 2907 5375 esse
2930 5318 3184 5374 constat.

2176 5401 2273 5465 13.
2302 5400 2493 5465 Debet
2509 5402 2844 5466 reverentia
2868 5410 2966 5465 tua
2986 5415 3232 5463 monere
3245 5398 3574 5473 universos,
3602 5399 3737 5480 qui-

1677 5568 1935 5637 VARI/F4
1978 5568 2407 5640 LECTIONES.

428 5733 492 5785 72
532 5732 795 5797 διδακτός.
