4128 6434
429 363 570 429 1151

1838 369 1969 431 JUS
2008 362 2452 432 CANONICUM

3657 365 3815 431 1152

423 496 784 592 buaanimus
798 507 888 564 est
903 495 1592 583 sacraphrontiSteriade
1616 522 1763 566 novo
1808 512 2067 582 struere,

2172 504 2188 592 ξ
2217 502 2409 581 γνώμη
2436 504 2568 583 πρὸς
2597 503 2658 559 τὸ
2688 514 2957 592 νεουργεῐν
3012 501 3165 592 Δἐστιν
3221 503 3332 592 ἱερά
3386 503 3795 592 φροντιπηρια,

423 606 499 649 ne
530 587 589 649 in
621 587 766 651 lacis
792 608 862 653 ea
893 609 1095 672 parum
1127 592 1394 654 honestis
1421 591 1738 668 aediﬁcent,
1771 592 1866 655 vel
1899 610 2075 672 quam

423 677 689 757 proxime
719 679 874 760 apud
907 681 1113 753 villas;
1172 700 1283 744 nec
1332 682 1394 743 in
1437 682 1581 759 illis,
1630 682 1730 745 ubi
1763 701 1880 744 non
1911 681 2080 744 adest

419 765 637 830 idonea
668 768 839 850 ecpia
862 771 1305 852 suppeditandit
1326 771 1413 834 eis
1436 790 1533 833 res
1551 772 1940 835 necessarias.
1963 772 2078 835 Al—

423 862 616 918 ternm
652 858 813 919 enim
836 862 1234 942 corruptelam
1265 860 1829 942 animisexpeditam
1860 863 2079 923 otl'erre

420 946 593 1018 solet,
643 947 895 1010 alterum
953 948 1041 1011 eis
1089 951 1473 1013 manifestum
1524 952 1693 1014 aﬂ‘ert
1764 952 2076 1014 interitum

424 1033 590 1117 prius
613 1036 794 1099 etiam
829 1057 1003 1119 quam
1038 1040 1411 1103 excolantur.

509 1125 607 1190 t4.
642 1125 831 1189 Debet
862 1129 1195 1191 reverentia
1254 1138 1371 1205 tua,
1428 1128 1619 1193 sicubi
1670 1129 2079 1213 patriarchalis

425 1219 771 1282 monasterii
787 1239 1005 1301 praeses
1022 1221 1152 1302 (ceu
1169 1222 1296 1285 ﬁeri
1311 1233 1775 1288 consentaneum
1795 1233 1901 1295 est;
1917 1225 2074 1288 diem

423 1307 667 1385 obierit,
696 1328 832 1372 eum
859 1312 960 1392 qui
978 1312 1052 1374 ab
1096 1312 1389 1375 universis
1406 1313 1659 1393 eligitur,
1676 1315 1749 1377 ad
1776 1334 1884 1377 nos
1907 1315 2076 1378 able-

423 1415 564 1477 gare
592 1421 606 1458 :
635 1418 751 1461 non
765 1400 971 1478 alium,
990 1422 1165 1483 quem
1188 1402 1301 1485 ipsi
1320 1404 1725 1466 monachinon
1750 1405 2074 1486 postulant,

424 1486 526 1576 sed
560 1506 736 1569 quem
761 1488 1051 1569 elegerint
1097 1510 1345 1554 omnes:
1406 1502 1466 1553 ut
1512 1493 1592 1555 ita
1624 1513 1829 1556 manus
1877 1494 2075 1576 impo-

426 1575 705 1667 sitionem
732 1587 1108 1663 consecutus,
1133 1600 1370 1661 gregem
1391 1581 1503 1644 sibi
1522 1583 1824 1646 subditum
1851 1575 2050 1667 pascat

507 1668 604 1730 15.
638 1665 824 1730 Debet
879 1671 1213 1733 reverentia
1260 1680 1383 1753 tua,
1416 1671 1607 1734 sicubi
1653 1665 1865 1755 poscat
1905 1693 2072 1751 usus,

423 1756 622 1817 omnia
652 1759 1015 1821 monasteria
1045 1760 1550 1844 describere,qu:e
1559 1762 1715 1843 juris
1734 1772 1869 1826 sunt
1891 1765 2075 1845 patri-

423 1846 670 1911 archici.
709 1867 825 1909 una
863 1868 997 1912 cum
1059 1851 1238 1913 rebus
1294 1852 1367 1914 ad
1428 1872 1507 1914 ea
1556 1853 1979 1934 pertinentibu.
2019 1862 2134 1935 etB

424 1954 558 2025 cum
615 1936 768 1999 vasis
813 1938 1050 2005 sacris:
1106 1959 1357 2024 eamque
1402 1942 1868 2025 descziptionem
1901 1943 2074 2007 nobis

425 2023 685 2085 mittere.

504 2115 603 2177 16.
638 2116 995 2180 Reverentia
1022 2128 1121 2182 tua
1162 2119 1340 2183 debet
1376 2141 1501 2194 eos,
1556 2122 1658 2204 qui
1688 2122 1983 2185 divertunt
2015 2125 2075 2184 in

427 2206 825 2281 monasteriis,
883 2228 951 2270 ac
977 2213 1141 2272 novis
1164 2229 1231 2272 ea
1250 2221 1489 2290 gravant
1514 2213 1821 2287 oneribus,
1850 2224 1906 2274 et
1931 2212 2077 2275 alias

427 2293 793 2384 importunas
824 2298 1075 2379 injurias
1098 2309 1274 2383 atque
1300 2302 2077 2384 detrimentainferunt,pro

429 2382 649 2446 viribus
662 2406 945 2451 coercere
967 2382 1291 2472 :animique
1308 2392 1692 2471 cogitationes
1705 2412 1773 2453 eo
1792 2382 2075 2471 dirigere,

430 2481 492 2534 nt
513 2472 635 2537 illic
658 2485 848 2539 semet
867 2489 1237 2552 exercentes,
1268 2500 1300 2542 a
1326 2481 1558 2543 damnis
1596 2481 1894 2544 immunes
1934 2481 2075 2563 sint,

431 2570 488 2624 et
517 2565 575 2625 in
593 2565 871 2644 religioso
889 2568 1085 2631 studio
1114 2569 1291 2631 nullis
1317 2569 1606 2632 molestiis
1650 2570 2077 2651 impediantur.

519 2655 610 2716 l7.
636 2654 823 2718 Debet
845 2658 1181 2720 reverentia
1207 2668 1302 2720 tua
1325 2659 1660 2740 quolibetin
1692 2660 2076 2729 monasterio,

430 2743 585 2821 quod
637 2744 741 2807 tibi
788 2746 899 2807 erit
947 2748 1311 2824 adeundum,
1340 2750 1451 2812 hoc
1499 2750 1692 2830 ipsum
1741 2749 1938 2809 datum
1974 2749 2078 2811 tibi

434 2842 861 2914 praeceptorum
891 2836 1350 2899 instrumentum
1400 2858 1433 2898 a
1467 2838 1761 2919 principio
1794 2839 1864 2899 ad
1899 2839 2079 2900 linem

430 2939 618 3001 usque
641 2923 965 3004 perlegere,
988 2944 1120 2987 cum
1143 2926 1272 3006 ejus
1294 2927 1381 2989 rei
1409 2928 1747 2989 mandatum
1773 2928 1847 2989 ab
1880 2931 2078 2990 omni-

434 3011 658 3089 potenti
691 3012 812 3077 Deo
846 3014 1078 3075 scilicet
1116 3016 1374 3078 habeas:
1428 3026 1490 3079 ut
1546 3025 1804 3078 nostram
1832 3017 1905 3079 de
1935 3018 2080 3098 ipsis

428 3099 1245 3184 ordinationemintelligant,
1304 3125 1372 3168 ac
1429 3115 1483 3168 te
1534 3106 1714 3170 veluti
1747 3116 1971 3189 patrem
2021 3116 2078 3169 et

2158 589 2237 667 μὴ
2268 589 2570 668 οἰκοδομεῖν
2612 601 2798 672 ταῦτα,
2843 590 2897 647 ἐν
2928 589 3177 667 ἀσέμνοις
3219 591 3428 664 τύποις,
3458 590 3495 660 ἢ
3541 592 3615 656 ὡς
3646 591 3812 670 ἐγγυ-

2157 680 2303 737 τάτω
2359 683 2596 762 χωρίων,
2644 679 2771 757 μηδ’
2831 683 2897 738 αὖ
2939 684 3027 746 οἷς
3067 681 3102 750 ἡ
3163 681 3433 760 περιουσία
3475 682 3569 737 οὒκ
3624 681 3817 760 αὖτάρ-

2160 792 2263 837 κης
2319 770 2480 851 ἐστὶν,
2541 771 2614 837 εἰς
2669 772 2730 828 τὸ
2779 783 3051 851 χορηγεῖν
3097 770 3301 835 τούτοις
3331 771 3395 828 τά
3423 770 3715 853 πρόσφορα.
3748 770 3824 829 Τὸ

2162 859 2259 936 μὲν
2287 862 2386 941 γάρ
2429 859 2648 928 ἐτοίμην
2704 860 2818 917 οἶδε
2865 865 3050 941 ψυχῆς
3091 858 3155 910 73
3200 860 3457 942 παρέχειν
3507 861 3722 942 φθορὰν,
3753 860 3819 916 τὸ

2160 946 2217 1005 δέ
2245 949 2343 1017 νὴν
2368 949 2738 1031 καταστροφὴν
2768 954 2952 1013 αὐτοῖς
3004 947 3269 1028 πρόδηλον
3315 963 3551 1009 ποιεῖται
3579 951 3667 1007 καὶ
3710 950 3815 1027 πρὸ

2160 1039 2258 1109 τῆς
2288 1040 2530 1123 ἐργασίας
2542 1088 2557 1102 .

2243 1128 2310 1193 ιδ,
2362 1140 2459 1190 Δεῖ
2498 1132 2598 1201 τὴν
2658 1131 2759 1201 σὴν
2802 1128 3097 1207 εὐλάϐειαν,
3171 1133 3215 1189 εἱ
3298 1139 3401 1190 ποῦ
3459 1132 3817 1210 μοναστηρίου

2159 1231 2573 1303 πατριαρχικοϋ,
2635 1225 2728 1279 οἶα
2790 1222 2952 1303 εἰκὸς,
3009 1222 3306 1302 ἡγούμενος
3350 1220 3676 1294 τελευτήσει,
3724 1222 3820 1280 τὸν

2157 1308 2260 1366 ὺπὸ
2317 1310 2531 1367 πάντων
2628 1310 2991 1391 ψηφιζόμενον
3079 1313 3211 1392 πρὸς
3256 1313 3400 1388 ἡμᾶς
3458 1310 3816 1387 ἀναπέμπειν,

2161 1401 2256 1475 μαὶ
2286 1400 2364 1476 μὴ
2391 1399 2592 1481 ἕτερον,
2624 1400 2682 1457 δν
2738 1400 2842 1481 οὐχ
2912 1402 3054 1480 αἱροῦ
3068 1423 3171 1458 δται
3216 1404 3263 1459 οἱ
3315 1402 3569 1482 μοναχοὶ,
3602 1399 3722 1457 ἀλλ’
3753 1400 3819 1457 ὅν

2159 1487 2350 1552 πάντες
2383 1487 2685 1555 έκλέξονται
2721 1504 2737 1519 ⁸
2783 1491 2858 1552 ὡς
2888 1486 2950 1545 ἂν
2994 1493 3094 1556 τῆς
3124 1490 3449 1571 χειροθεσίας
3478 1487 3817 1570 ἀξιούμενος,

2157 1576 2296 1633 οὕτω
2323 1578 2562 1656 ποιμάιῃ
2607 1579 2664 1635 τὸ
2692 1577 3019 1658 ὑποχείριον.

2243 1659 2311 1727 ιε’
2343 1678 2440 1725 Δεῖ
2478 1669 2576 1737 τὴν
2647 1669 2745 1736 σὴν
2817 1665 3115 1745 εὖλπίϐειαν,
3169 1666 3327 1728 εἵπου
3380 1669 3537 1749 χρεία
3589 1668 3819 1751 ἐπείγοι,

2158 1757 2595 1837 καταγράψασοαι
2646 1754 2854 1815 ἅπαντα
2910 1758 2976 1816 τά
3031 1771 3151 1823 τοῖς
3221 1771 3634 1839 πατριαρχικοτς
3692 1781 3826 1839 προ-

2159 1851 2359 1927 νομίοις
2413 1847 2676 1917 ἀνήκοντα
2727 1848 3081 1927 μοναστήρια,
3143 1847 3256 1924 ἅμα
3326 1861 3444 1911 τοῖς
3487 1846 3820 1928 διαφέρωσιν

2157 1940 2337 2003 αὒτοϊς
2380 1936 2654 2017 πράγμασί
2696 1958 2752 1993 τε
2779 1937 2866 1993 καὶ
2908 1938 3072 2017 ἱεροῖς
3089 1938 3346 2016 ξσκεύεσι,
3392 1937 3480 1994 καὶ
3510 1938 3638 2017 πρὸς
3670 1939 3819 2014 ἡμᾶς

2157 2028 2473 2104 ἀναπέμψαι
2482 2070 2497 2084 .

2244 2110 2367 2194 ις’,
2406 2127 2501 2174 Δεῖ
2526 2117 2625 2185 τὴν
2648 2116 2748 2184 σὴν
2771 2112 3043 2173 εὖλάϐειαν
3062 2117 3185 2180 τοὺς
3215 2115 3269 2172 ἐν
3289 2128 3407 2180 τοῖς
3439 2117 3819 2195 μοναστηρίοις

2159 2206 2618 2289 παραϐάλλοντας,
2716 2206 2804 2262 καὶ
2868 2215 3030 2265 ταῦτα
3113 2215 3595 2286 καινοτομοῦντας,
3657 2204 3825 2270 ἄλλας

2159 2320 2216 2354 τε
2260 2297 2502 2377 ἀκαίρους
2534 2295 2719 2359 αὐτοῖς
2772 2295 3022 2373 ἐπηρείας
3093 2296 3184 2352 καὶ
3238 2292 3447 2371 βλάϐας
3493 2295 3825 2374 ἀπάγοντας,

2162 2388 2262 2456 ὅση
2293 2385 2506 2462 δύναμις
2534 2384 2852 2442 ἀνακόπτειν
2886 2401 2902 2416 ⁶
2938 2385 3027 2441 καὶ
3066 2396 3183 2450 τοῖς
3226 2384 3403 2441 ἐκεῖσε
3460 2383 3722 2461 ἀσκουμέν
3742 2407 3825 2450 οις

2161 2478 2222 2533 τὸ
2254 2476 2480 2552 ἀζήμιον
2508 2475 2596 2530 καὶ
2638 2471 3025 2554 ἀνενόχλητον,
3084 2474 3221 2530 κατά
3276 2474 3367 2530 τὸν
3409 2470 3597 2542 εὐσεϐῆ
3627 2472 3816 2553 λόγον,

2164 2563 2508 2623 διανοεῖσθαι.

2247 2644 2337 2726 ιζ’.
2375 2662 2472 2710 Δεῖ
2499 2651 2598 2720 τήν
2642 2653 2742 2720 σὴν
2772 2649 3045 2711 εύλάϐειαν
3102 2650 3157 2707 ἐν
3214 2650 3412 2729 ἐκᾶστῃ
3484 2658 3652 2733 μονῇ,
3698 2650 3753 2707 ἐν
3786 2654 3823 2729 ᾗ

2164 2739 2520 2823 παραϐάλλειν
2592 2740 2840 2820 ὀφείλεις,
2941 2743 3092 2799 τοῦτο
3166 2739 3231 2809 δὴ
3282 2743 3343 2798 τὸ
3401 2742 3820 2823 παρεσχημένον

2165 2855 2245 2889 σοι
2302 2837 2409 2888 τῶν
2464 2832 2889 2910 προσταγμάτων
2949 2829 3211 2911 ἔγγραφον
3268 2831 3825 2911 καθυπαναγινώσκειν

2163 2920 2257 2978 ἀπ’
2288 2921 2464 3002 ἀρχῆς
2496 2920 2658 3000 μέχρι
2702 2919 2907 3001 τέλους,
2941 2919 3164 2989 ἐντολήν
3234 2918 3440 2989 δηλαδὴ
3499 2922 3641 3002 παρά
3686 2928 3823 2980 Θεοῦ

2162 3011 2588 3091 παντοκράτορος
2645 3009 2876 3090 ἔχουσαν
2906 3028 2926 3047 ο
3000 3012 3074 3074 ὡς
3142 3011 3204 3066 ἃν
3257 3011 3346 3066 καὶ
3400 3010 3499 3078 τὴν
3554 3008 3823 3090 ἡμετέραν

2160 3102 2275 3181 περὶ
2331 3103 2503 3160 αὐτῶν
2586 3100 2855 3179 ἐπιγνοϊεν
2950 3097 3227 3179 διαταγὴν,
3320 3101 3404 3156 καὶ
3460 3100 3531 3167 ᾡς
3592 3099 3797 3168 πατέρα

433 3199 833 3254 correctorem
868 3181 1110 3276 eorum,
1133 3214 1263 3275 qua:
1293 3195 1558 3273 neglecta
1581 3181 2078 3268 sunt,'nonviola-

2172 3188 2406 3270 Βέχοιντο
2465 3190 2551 3247 καὶ
2591 3187 2876 3270 διορθωτὴν
2932 3195 3039 3246 τῶν
3097 3188 3476 3270 ἠμελημένων,
3549 3185 3671 3246 ἀλλ’
3700 3189 3824 3270 οὐχὶ

432 3286 623 3342 torem
684 3290 741 3341 et
797 3291 1170 3359 vastatorem,
1249 3284 1573 3365 excipiant:
1639 3287 1907 3367 adeoque
1965 3288 2078 3349 tuis

433 3368 940 3433 admonitionibus
968 3372 1287 3435 alacriores
1304 3374 1787 3455 ctdiligentiores
1816 3375 2078 3438 ettician-

433 3465 551 3521 tur.

514 3548 618 3610 His
652 3557 706 3612 te
738 3570 870 3613 cum
900 3551 958 3613 in
995 3552 1260 3626 exordio,
1293 3561 1412 3614 tum
1442 3555 1557 3615 hoc
1588 3555 1762 3617 etiam
1791 3555 1920 3617 loco
1956 3576 2082 3618 mu-

431 3636 715 3701 niendum
779 3641 1136 3724 putavimus,
1198 3643 1755 3707 condemnationem
1817 3646 2079 3707 divinam

431 3728 841 3792 formidantes.
880 3731 968 3793 Tu
1000 3734 1045 3794 si
1081 3742 1322 3795 cuostns
1337 3733 1450 3795 erit
1483 3734 1655 3814 hujus
1686 3736 2083 3800 ordinationis

431 3825 670 3892 nostra),
693 3821 849 3882 vices
883 3821 982 3884 tixi
1013 3821 1247 3884 coalitus
1272 3821 1428 3884 Deus
1463 3825 1587 3904 ipse
1632 3824 1932 3887 laboribus
1966 3826 2080 3887 tuis

433 3910 870 3988 respondentes
901 3919 957 3973 et
984 3912 1106 3991 jam
1139 3912 1453 3992 rependet,
1488 3920 1546 3973 et
1580 3911 1637 3973 in
1659 3914 1890 3994 judicio
1916 3934 2078 3976 mor-

434 4004 691 4061 tuorum.
718 4000 821 4061 Sin
852 4018 983 4063 esse
1011 4001 1287 4082 praecepti
1308 4002 1491 4062 nostri
1539 4001 1784 4065 violator
1806 4004 2082 4067 inventus

432 4084 636 4161 fueris,
670 4096 727 4150 et
751 4090 1018 4170 quaedam
1046 4092 1474 4170 corrUperisac
1525 4092 1919 4167 innovaveris,
1943 4104 2080 4158 ante

430 4177 790 4257 supplicium
826 4180 1173 4261 humanum,
1210 4181 1465 4242 ultorem
1500 4184 1835 4263 experieris
1884 4184 2075 4265 ipsum

432 4263 645 4348 Deum,
679 4266 778 4348 qui
814 4287 1017 4348 poenas
1050 4278 1107 4330 et
1132 4290 1290 4331 nunc
1320 4269 1520 4349 exigit,
1561 4281 1619 4333 et
1648 4289 1781 4335 cum
1837 4263 2080 4354 prieinia

420 4352 646 4438 'cuique
673 4376 777 4437 pro
810 4357 932 4419 suis
965 4357 1135 4420 factis
1164 4358 1391 4423 tribuit.

2160 3279 2351 3362 φθορέα
2396 3282 2483 3337 καὶ
2540 3279 2785 3357 λυμεῶνα
2830 3296 2845 3311 ⁸
2892 3282 2981 3337 καὶ
3007 3293 3128 3345 ταῖς
3178 3293 3298 3342 ταῖς
3379 3280 3655 3344 οουθεσίαις
3686 3278 3796 3337 ἐτοι

2163 3371 2376 3451 μότεροι
2408 3384 2731 3429 κατασταϊεν
2760 3371 2849 3427 καὶ
2892 3367 3312 3450 σπουδαιότεροι.

2244 3549 2459 3614 Τούτοις
2522 3570 2581 3606 σε
2644 3551 2733 3606 καὶ
2802 3548 2857 3606 ἐν
2913 3549 3236 3624 προοιμίοις,
3290 3549 3379 3606 καὶ
3447 3555 3537 3606 νῦν
3565 3549 3826 3625 ᾠήθημεν

2164 3637 2277 3697 δέον
2310 3638 2783 3721 ,ἐξασφαλίσασθαη
2854 3640 2916 3695 τὸ
2971 3641 3117 3696 Θετον
3170 3635 3463 3702 δεδοικότες
3493 3639 3823 3717 κατάκριμα,

2165 3720 2317 3786 Ἀλλἱ
2345 3731 2388 3786 εἷ
2432 3729 2527 3805 μὲν
2557 3727 2721 3810 φύλαξ
2747 3727 2869 3796 εἴης
2914 3729 3009 3797 τῆς
3054 3727 3315 3807 ἡμετέρας
3361 3725 3640 3807 διαταγῆς,
3675 3728 3821 3785 ἄνω-

2161 3824 2245 3877 Θεν
2290 3821 2419 3883 Θεὸς
2450 3818 2731 3896 ἀμείψετκί
2799 3822 3010 3898 σεδίτῶν
3039 3820 3214 3875 πύνωθ
3282 3817 3462 3898 ἀξίως,
3536 3826 3623 3874 νυν
3652 3819 3742 3875 καὶ
3771 3819 3827 3875 ἐν

2161 3916 2230 3987 τῇ
2257 3912 2361 3966 τῶν
2391 3906 2727 3985 βεϐιωμένων
2758 3907 3060 3988 διαγνώσει.
3145 3908 3200 3965 1-ὶὶ
3256 3905 3310 3963 δὲ
3366 3904 3678 3985 παραϐάτης
3722 3909 3824 3975 τῆς

2161 3996 2424 4077 ἡμετέρας
2479 4000 2689 4077 εὒρεθῇς
2744 3996 2989 4076 ἐντολῆς,
3049 3996 3134 4054 ἐπὶ
3186 3994 3327 4073 λύμη
3382 3997 3470 4052 καὶ
3511 3997 3827 4073 καινοτομίᾳ

2161 4088 2319 4145 τινῶν
2378 4087 2687 4167 γενόμενος,
2748 4088 2877 4143 Θεὸν
2948 4084 3080 4152 ἕξεις
3162 4086 3266 4160 πρὸ
3322 4089 3421 4152 τῆς
3488 4084 3824 4164 ἀνθρωπίνης

2162 4175 2311 4245 δίκης
2368 4180 2459 4233 τὸν
2511 4176 2869 4253 ἀμυνόμενον,
2946 4176 3158 4238 εὐθύνας
3237 4197 3294 4231 τε
3351 4174 3679 4235 ἀπαιτοῦντα
3734 4179 3831 4234 καὶ

2163 4273 2272 4342 νῦν,
2310 4268 2396 4323 καὶ
2453 4267 2681 4333 ὁπηνίκα
2763 4265 2973 4340 ἑκάστῷ
3026 4265 3096 4321 τὰ
3165 4263 3411 4345 ἐπίχειρα
3467 4270 3571 4321 τῶν
3615 4266 3824 4322 οἰκείων

2162 4354 2479 4414 ἀποδίδωσιν
2508 4355 2700 4433 ἔργων.

465 4464 796 4522 Mandatum
813 4481 918 4537 pro
949 4480 1027 4531 eo,
1059 4466 1158 4538 qui
1178 4471 1336 4538 pater
1376 4468 1690 4539 spiritantia
1717 4469 1844 4541 ﬁeri
1873 4469 2041 4526 debet.

2218 4486 2239 4517 ιι
2292 4453 2577 4538 ’Ἐνταλμα
2606 4464 2774 4528 είςςτὸ
2803 4461 3044 4541 γενέσθαι
3086 4461 3286 4541 πατέρα
3329 4461 3707 4537 πνευματικόν.
3755 4485 3778 4518 ε

510 4559 804 4621 Decessor
821 4567 1042 4636 noster,
1068 4559 1479 4622 sani-tissimus
1500 4560 1601 4623 ille.
1626 4561 1958 4643 patriarcha
1980 4563 2081 4637 N.,

431 4649 1127 4731 perlitterasmandatum
1153 4649 1552 4728 continentes,
1582 4652 2082 4737 reverendissimo

431 4741 720 4803 monacho
742 4749 799 4802 et
814 4739 1028 4801 abbate
1042 4739 1401 4802 venerabilis
1417 4742 1759 4803 monasterii
1775 4761 2083 4806 successo-

429 4848 560 4892 rum
591 4828 966 4892 Ammoniaci
996 4829 1278 4891 Dositheo
1311 4831 1584 4910 permisit
1608 4840 1746 4893 ante
1778 4832 1889 4894 hoc
1919 4842 2077 4894 tem-

432 4938 562 4999 pus.
580 4919 895 4981 utillorum
917 4918 1701 5001 rationesau.diret,quieum
1718 4940 1827 4984 ceu
1853 4931 2078 5003 patrem

432 5007 797 5088 spiritualem
856 5008 1256 5085 accederent;
1317 5028 1428 5071 nec
1480 5009 1715 5072 illorum
1773 5011 2076 5093 duntaxat,

431 5116 636 5158 verum
668 5098 844 5160 etiam
872 5098 1325 5160 constitutorum
1361 5099 1470 5161 sub
1523 5119 1591 5162 ne
1614 5101 2075 5162 monachorum:

429 5193 605 5267 atque
635 5188 718 5248 uti
747 5192 820 5249 ad
843 5206 948 5251 eos
972 5189 1362 5271 pertinentia,
1395 5188 1589 5251 studio
1610 5189 1865 5271 quodam
1895 5208 2077 5252 accu-

428 5285 557 5338 rate
590 5276 983 5339 examinaret.
1009 5277 1160 5352 Quia
1183 5296 1319 5340 vero
1348 5287 1552 5341 nostra
1582 5298 1820 5361 quoque
1844 5279 2077 5341 medio-

430 5364 609 5427 critas
629 5364 858 5427 invenit
878 5365 1034 5428 hunc
1046 5366 1232 5428 virum
1260 5366 1455 5429 omnis
1471 5366 1707 5449 pietatis
1718 5369 2075 5445 studiosum,

432 5460 492 5528 et
508 5452 870 5526 conditionis
888 5454 1016 5535 ejus
1031 5454 1378 5537 participem
1389 5505 1406 5534 ,
1418 5474 1552 5542 quae
1564 5474 1703 5520 vere
1717 5459 2076 5521 monachum

2251 4546 2491 4636 ’Ἐφθασε
2539 4556 2637 4632 μὲν
2680 4558 2708 4613 ὁ
2752 4559 2852 4635 πρὸ
2918 4557 3075 4631 ἡμῶν
3131 4557 3428 4635 ἀγιώτατος
3487 4556 3691 4620 ἐκεῖνος
3723 4580 3826 4614 πα-

2166 4644 2427 4728 τριάρχης
2498 4649 2525 4703 ὁ
2582 4643 2752 4726 δεῖνα,
2799 4644 3107 4727 ἐκχωρῆσαι
3176 4644 3243 4702 δι’
3299 4645 3636 4727 ἐνταλτηρίου
3666 4647 3826 4705 αὺτοῦ

2164 4740 2475 4820 γράμματος
2503 4743 2580 4811 τῷ
2624 4736 2931 4812 τιμιωτέτῷ
2987 4737 3325 4817 ἱερομονάχῳ
3394 4737 3483 4793 καὶ
3524 4739 3824 4816 καθηγουν-

2164 4830 2309 4905 μένῳ
2350 4829 2449 4894 τῆς
2507 4822 2793 4901 σεϐασμίας
2839 4830 3010 4900 μονῆς
3065 4832 3171 4883 τῶν
3228 4823 3609 4902 Ἀμμωνιακοῦ
3656 4836 3824 4883 Δοσι-

2162 4918 2287 4998 θέῳ,
2348 4914 2593 4996 δέχεσθαι
2664 4919 2759 4969 τοῦ
2825 4912 3112 4993 λογισμοὺς
3168 4920 3276 4972 τῶν
3359 4915 3434 4978 ὡς
3478 4924 3823 4992 πνευματικῷ

2163 5008 2319 5087 πατρὶ
2366 5003 2690 5085 προσιόντων
2748 5003 2890 5078 αὖτῷ
2921 5019 2933 5033 ⁸
2968 5005 3028 5062 οὗ
3104 5005 3267 5079 μόνον
3315 5004 3370 5062 δὲ
3427 5006 3647 5081 τούτων,
3684 5004 3824 5064 ἀλλά

2163 5098 2250 5154 καὶ
2278 5102 2383 5153 τῶν
2434 5090 2523 5150 ὑπ’
2580 5093 2736 5148 αὒτὸν
2806 5099 3062 5174 μοναχῶν
3099 5115 3114 5131 °
3173 5096 3263 5152 καὶ
3319 5093 3575 5167 ἐξετάζειν
3606 5096 3673 5152 τά
3699 5095 3817 5154 κατ’

2162 5187 2346 5249 αὖτοὺς
2430 5179 2825 5262 ἀκριϐέστερον.
2903 5181 3054 5241 Ἐπεί
3132 5181 3187 5241 δὲ
3260 5185 3349 5243 καὶ
3443 5184 3479 5252 ἢ
3535 5185 3825 5266 μετριότης

2160 5280 2314 5353 ἡμῶν
2368 5274 2482 5353 εὗρε
2554 5272 2645 5328 τὸν
2708 5278 2945 5329 τοιοῦτον
3040 5269 3223 5356 ἄνδρα,
3307 5274 3488 5342 πάσης
3550 5272 3827 5341 εὐλαϐείας

2161 5365 2618 5442 ἀντιποιούμενον,
2649 5362 2738 5418 καὶ
2789 5366 2888 5430 τῆς
2928 5374 3046 5427 τοῖς
3104 5364 3225 5421 κατ’
3284 5362 3537 5435 ἀλήθειαν
3581 5366 3823 5444 πρεπού-

2161 5481 2262 5526 σης
2333 5465 2601 5536 μοναχοτς
2659 5452 3035 5518 καταστάσεως
3113 5453 3441 5536 μετέχοντα,
3520 5454 3611 5511 καὶ
3671 5452 3828 5536 (συν-

1773 5625 2003 5692 ἾΑΙΗΕ
2048 5621 2476 5694 LECTIONES.

513 5753 578 5808 73
603 5768 806 5843 φυχαης
818 5801 831 5821 ν
