4128 6420
330 405 485 471 1153

1660 366 2379 473 σωοο-ιιοΜἈΝυΜ.

3555 413 3719 479 H54-

326 540 515 598 ελόντα
564 542 743 623 φᾶναι)
796 541 978 599 ἰκανὸν
1045 541 1163 620 περὶ
1254 541 1353 608 τὴν
1422 541 1673 610 τοιαύτην
1742 542 1982 624 λειτουρ-

2078 540 2265 619 decet;
2296 560 2366 603 ac
2395 541 2658 605 breviter
2676 544 2763 608 uti
2799 563 2898 608 res
2939 555 3289 628 exponatur,
3317 549 3464 611 adeo
3481 550 3715 613 muneri

326 631 470 712 γίαν,
527 628 682 711 ε’ίπερ
749 630 868 689 τινὰ
941 628 1142 712 ἕτερον,
1222 629 1495 698 ἀνατίθησι
1552 633 1642 688 καὶ
1708 634 1840 701 αὐτὴ
1908 638 1987 710 τῷ

329 719 537 799 ῥηθέντι
593 719 980 800 καθηγουμένῳ
1054 720 1155 788 τὴν
1223 720 1473 788 τοιαύτην
1556 718 1842 797 διακονίαν,
1901 721 1986 780 διὰ

327 818 421 869 τοῦ
468 812 729 892 παρόντος
800 814 964 880 αὑτῆς
1021 810 1350 888 ἒντάλματος
1384 828 1400 845 ⁸
1461 810 1528 869 δι’
1577 814 1638 870 οὗ
1707 816 1794 872 καὶ
1843 812 1982 872 ἐνδι-

332 899 461 958 δωσι
520 901 690 977 τούτῳ
748 900 1040 980 ἀνακρίνειν
1108 901 1231 965 τοὺς
1299 902 1761 983 προσερχομένους
1816 906 1980 980 αὐτῷ,

332 993 420 1049 καὶ
488 992 555 1050 τὰ
611 992 666 1049 ὲν
720 992 868 1070 βάθει
922 992 1121 1049 τούτων
1194 991 1405 1072 ἐρευνᾷν
1487 989 1841 1069 διανοήματα,
1896 996 1986 1052 καὶ

334 1082 428 1145 τὰς
472 1080 685 1162 πράξεις
741 1081 1187 1157 καταμανθάνειν,
1259 1080 1339 1161 ἐφ’
1398 1085 1444 1157 ᾧ
1498 1082 1592 1145 τὰς
1660 1083 1833 1165 ἀρχὰς
1888 1083 1986 1160 μὲν

334 1172 422 1228 καί
447 1172 542 1236 τας
586 1172 754 1235 αἰτίας
782 1174 881 1246 (ὡς
913 1170 1031 1229 οἷόν
1060 1168 1142 1248 τε)
1203 1168 1439 1228 σπεύδειν
1489 1174 1656 1247 ἱστᾷν,
1690 1177 1778 1229 καὶ
1804 1171 1984 1231 τέλεον

336 1260 652 1318 ἀνακόπτειν
691 1275 706 1291 ⁸
768 1263 834 1317 τὰ
888 1258 943 1316 δὲ
999 1259 1127 1327 τέλη
1207 1261 1295 1317 καὶ
1369 1260 1704 1340 ἐνεργήματα
1761 1262 1986 1320 εὖθύνειν

336 1355 651 1414 κανονικῶς.
714 1351 852 1430 Πρὸς
923 1348 1016 1416 τὰς
1087 1348 1218 1415 ἕξεις
1289 1349 1491 1431 μέντοι,
1572 1352 1659 1407 καὶ
1706 1349 1985 1426 διαθέσεις,

337 1440 425 1496 καὶ
478 1441 574 1503 τὰς
645 1437 891 1517 δυνάμεις
936 1446 1043 1496 τῶν
1097 1439 1564 1519 προσερχομένων,
1613 1443 1701 1499 καὶ
1752 1442 1985 1511 ποιότη-

337 1551 458 1602 τας,
537 1530 731 1610 ciosum
804 1527 1081 1608 ἀναλόγως
1173 1526 1687 1607 μεταρρυθμίζεσθαι,
1746 1532 1834 1588 καὶ
1898 1534 1987 1611 γί-

338 1620 513 1674 νεσθαι
541 1631 659 1682 τοῖς
688 1625 820 1676 πᾶσι
868 1620 934 1675 τὰ
982 1618 1179 1693 πάντα,
1232 1625 1319 1675 νῦν
1379 1619 1476 1694 μὲν
1518 1616 1756 1700 ἐπέχων,
1817 1628 1905 1678 νῦν
1935 1620 1989 1678 δὲ

336 1707 517 1773 ἀνιείς.
583 1709 680 1765 Καὶ
749 1715 836 1765 νῦν
909 1707 1006 1783 μὲν
1067 1721 1184 1773 τοῖς
1256 1708 1657 1787 αὒστηροτέροις
1713 1713 1991 1790 χρώμενος

2069 630 2208 720 huic
2239 630 2542 708 idoneum,
2570 641 2633 695 ut
2654 633 2969 717 quisquam
3000 636 3152 699 alius
3185 656 3317 702 esse
3350 640 3535 720 possit
3560 663 3572 702 :
3594 651 3717 703 tra-

2067 719 2152 780 dit
2178 729 2236 782 et
2266 721 2395 800 ipsa
2425 723 2582 785 dicto
2608 723 2809 795 abbati
2832 723 3132 805 ejusmodi
3157 719 3584 805 ministerium,
3614 747 3722 809 per

2069 810 2181 872 hoc
2208 828 2472 891 praesens
2496 814 2835 875 mandatum
2866 834 3078 877 suum:
3118 835 3233 898 quo
3264 818 3442 880 etiam
3469 828 3722 900 potesta-

2066 904 2186 962 tcm
2215 900 2326 981 ipsi
2353 900 2497 963 iacit
2521 903 2901 966 examinandi
2934 923 3059 980 eos,
3087 905 3187 986 qui
3209 906 3281 968 ad
3312 906 3509 987 ipsum
3539 928 3717 971 acce-

2067 987 2302 1059 dunt,et
2330 990 2718 1071 cogitationes
2752 992 2988 1055 illorum
3022 993 3081 1055 in
3114 996 3234 1057 imo
3290 1015 3533 1060 recessu
3569 1018 3714 1079 per-

2067 1079 2462 1162 scrutandi,et
2485 1083 2756 1147 actiones
2769 1085 3262 1163 cognoscendi;ut
3284 1100 3406 1149 tum
3429 1087 3721 1170 principia

2068 1175 2127 1228 et
2180 1187 2407 1245 causas,
2462 1182 2750 1252 quantum
2810 1173 2936 1254 ejus
2995 1173 3123 1236 fieri
3186 1176 3390 1256 possit,
3442 1176 3718 1240 inhibere

2066 1259 2325 1333 studeat,
2364 1278 2433 1321 ac
2457 1279 2702 1341 prorsus
2741 1279 3053 1327 resecare:
3083 1270 3204 1325 tum
3239 1266 3389 1327 ﬁnes
3420 1276 3475 1328 et
3509 1268 3720 1330 alfecta

2068 1347 2396 1411 secundum
2431 1368 2692 1412 canones
2722 1358 3003 1430 corrigat.
3039 1352 3130 1414 Ad
3160 1353 3401 1416 habitus
3432 1363 3627 1417 tamen
3661 1366 3719 1418 et

2068 1434 2507 1529 dispositiones,
2543 1449 2599 1501 et
2621 1441 2775 1503 vires
2792 1442 3235 1519 accedentium,
3279 1453 3337 1505 et
3374 1446 3711 1529 qualitates,

2069 1527 2523 1613 accommodare
2568 1548 2631 1591 se
2679 1531 2909 1594 ratione
2957 1531 3213 1613 quadam
3267 1533 3476 1597 harum
3520 1527 3719 1597 habita

2073 1611 2458 1696 debet,atque
2488 1619 2767 1681 omnibus
2800 1611 3000 1684 omnia
3031 1623 3159 1686 fieri
3189 1640 3203 1686 :
3230 1642 3387 1685 nunc
3411 1624 3717 1700 inhibens,

2079 1721 2233 1764 nunc
2248 1709 2746 1771 remittensznunc
2768 1712 3195 1776 austerioribus
3212 1722 3387 1776 utens
3407 1713 3718 1792 remediis,

333 1800 442 1858 τῶν
486 1798 808 1882 Δφαρμάκων,
871 1808 956 1857 νῦν
1009 1795 1065 1853 δὲ
1120 1799 1209 1855 καὶ
1249 1799 1310 1853 τὸ
1378 1796 1636 1876 γλυκάζον
1702 1820 1992 1880 συγκεραν-

2081 1811 2239 1854 nunc
2268 1794 2524 1876 aliquam
2551 1799 2928 1861 dulcedinem
2946 1802 3317 1865 admiscens:
3352 1802 3498 1863 alias
3518 1803 3715 1865 redar-

338 1890 447 1953 νύς,
485 1877 724 1945 ’Ἄλλοτε
754 1885 1018 1967 ἐλέγχων,
1077 1886 1339 1963 ἐπιτιμῶν
1372 1906 1388 1920 ⁸
1434 1884 1624 1943 ἄλλοτε
1684 1887 1846 1945 πάλιν
1867 1877 1988 1946 Vm—

2078 1883 2656 1967 guens,increpans;
2687 1888 2835 1951 alias
2865 1908 3102 1954 rursum
3134 1891 3480 1967 obsecrans,
3516 1891 3723 1955 admo-

337 1977 604 2060 ρακαλῶν,
657 1978 909 2038 νουθετῶν
946 1995 961 2011 ⁸
1011 1978 1100 2034 καὶ
1156 1976 1311 2033 παντὶ
1378 1977 1559 2057 τρόπῳ
1601 1978 1668 2033 τὰ
1717 1979 1847 2057 πρὸς
1877 2000 1988 2035 σω-

338 2071 524 2145 τηρίαν
579 2074 684 2125 τῶν
746 2065 1110 2143 ἀνακειμένων
1164 2064 1307 2141 αὖτῷ
1373 2071 1565 2147 ψυχῶν
1620 2064 1989 2143 διοικονομού·

343 2179 527 2234 μενος.
574 2157 673 2215 Διὰ
698 2158 798 2236 γὰρ
827 2165 980 2215 τοῦτο
1022 2158 1110 2212 καὶ
1164 2153 1312 2226 δήσει
1383 2155 1478 2233 μὲν
1510 2154 1564 2211 ἐν
1620 2169 1738 2220 τοῖς
1767 2155 1857 2214 ὑπ’
1887 2162 1989 2217 αὒ-

342 2250 433 2304 τὸν
464 2248 494 2302 ἃ
524 2244 756 2321 δεθῆναι,
816 2244 960 2303 λύσει
1018 2242 1072 2300 δὲ
1142 2245 1284 2310 αὗθις
1349 2246 1413 2302 τὰ
1469 2244 1668 2311 λύσεως
1699 2245 1815 2313 ἄξια
1853 2262 1869 2278 ⁸
1902 2250 1990 2305 καὶ

343 2338 463 2402 τοὺς
505 2345 595 2396 τοῦ
648 2332 772 2413 τῇδε
841 2334 956 2395 ϐίου
1010 2333 1421 2412 μεθισταμένους
1492 2335 1583 2393 σὺν
1643 2336 1824 2417 ἀφέσει
1883 2344 1988 2394 τῶν

340 2424 706 2501 ἒπταισμένων
759 2426 832 2491 εἷς
881 2424 948 2481 τὰ
1037 2422 1213 2481 ἐκεῖσε
1298 2424 1645 2504 παραπέμψει
1708 2423 1993 2498 δικαιωτή-

344 2515 480 2594 ρεία.
540 2514 920 2595 Ἐκχωρουμεν
1017 2511 1071 2569 δὲ
1119 2515 1289 2588 τούτῳ
1384 2514 1656 2593 ἀποκιρειν
1727 2516 1813 2571 καὶ
1867 2517 1988 2581 τοὺς

338 2611 492 2661 τοῦτο
542 2603 878 2683 αἱρουμένους
944 2602 1000 2660 ἐν
1056 2610 1125 2681 τῇ
1194 2610 1307 2681 ζωῇ
1375 2602 1569 2684 αὖτών,
1629 2604 1741 2660 εἴτε
1794 2607 1882 2662 καὶ
1936 2605 1991 2662 ἐν

339 2707 463 2759 ταῖς
492 2690 816 2759 τελευταίαις
847 2692 1172 2758 ἆναπνοσατς
1205 2708 1219 2722 ⁸
1282 2693 1417 2768 μετὰ
1454 2694 1824 2773 συντηρήσεως
1854 2695 1990 2772 μέν-

342 2806 421 2840 τοι
502 2788 607 2839 τῶν
676 2782 1147 2862 παρατηρημάτων
1212 2788 1306 2839 τοῦ
1363 2790 1660 2862 μοναχικοῦ
1729 2782 1990 2864 ἐπαγγέλ-

345 2893 536 2948 ματος,
568 2876 668 2939 τῆς
722 2893 780 2928 τε
828 2868 1032 2940 δηλαδὴ
1092 2874 1320 2950 καθαρᾶς
1390 2870 1848 2951 ἐξομολογήσεως,
1881 2880 1987 2932 τῶν

344 2962 628 3041 ἆποταγῶν
702 2983 784 3036 τε,
862 2962 951 3017 καὶ
1038 2966 1333 3040 συνταγῶν,
1401 2962 1491 3018 καὶ
1558 2961 1654 3030 τῆς
1697 2964 1829 3041 πρὸς
1900 2966 1993 3021 τὸν

2072 1990 2222 2062 nens
2248 1991 2261 2036 :
2290 1975 2451 2036 omni
2483 1977 2743 2059 denique
2777 1978 2952 2042 modo
2983 1981 3337 2062 dispensans
3366 2000 3457 2056 ea,
3487 1999 3620 2061 qua:
3644 1983 3719 2043 ad

2073 2061 2322 2125 salutem
2340 2065 2672 2127 animarum
2686 2087 2841 2130 curae
2863 2088 2985 2132 suae
3002 2061 3364 2135 creditarum
3394 2069 3716 2151 pertinent.

2074 2152 2219 2241 Nam
2254 2162 2564 2234 propterea
2587 2155 2963 2235 ligabitinter
2976 2158 3246 2221 subditos
3274 2159 3560 2241 sibi,quze
3578 2158 3722 2240 liga-

2074 2240 2167 2315 ri;
2217 2260 2573 2324 rursumque
2621 2248 2830 2321 solvet,
2884 2266 3016 2328 qua;
3063 2247 3210 2309 solvi
3280 2240 3628 2310 merentur:
3658 2258 3718 2311 et

2073 2329 2393 2420 migrantes
2424 2352 2492 2394 ex
2513 2333 2621 2396 hac
2638 2334 2914 2405 vitacum
2943 2336 3299 2399 remissione
3330 2336 3714 2420 delictorum,

2073 2418 2144 2480 ad
2175 2418 2421 2482 alterius
2451 2421 2582 2485 vitae
2606 2423 2920 2486 tribunalia
2951 2426 3228 2490 dimittet.
3261 2425 3471 2487 Eidem
3504 2418 3716 2488 conca;

2075 2508 2291 2592 dimus,
2324 2521 2383 2571 ut
2425 2510 2541 2573 illis
2575 2522 2873 2575 tonsuram
2918 2514 3312 2595 impertiatur,
3345 2513 3447 2595 qui
3473 2534 3603 2577 eam
3625 2516 3715 2577 vel

2072 2598 2134 2659 in
2158 2600 2273 2660 vita
2295 2618 2424 2676 sua,
2453 2604 2540 2665 vel
2576 2602 2749 2665 etiam
2786 2604 2844 2665 in
2886 2604 3168 2666 extremis
3216 2604 3719 2685 respirationibus

2074 2696 2391 2769 expetunt:
2430 2691 2507 2751 ita
2540 2699 2759 2774 tamen,
2794 2702 2858 2754 ut
2879 2692 3321 2755 observationes
3355 2693 3721 2756 monachica;

2073 2777 2456 2859 professionis
2487 2800 2603 2841 non
2638 2782 3006 2860 omittantur;
3027 2800 3175 2862 pura
3188 2781 3467 2844 nimirum
3481 2783 3722 2845 confes-

2074 2868 2187 2942 sio,
2215 2868 2662 2951 valedictiones,
2698 2870 3133 2951 cooptationes,
3175 2879 3235 2935 et
3265 2869 3601 2951 depositum
3634 2871 3713 2933 il-

2074 2956 2214 3037 lius,
2249 2956 2348 3038 qui
2380 2959 2678 3033 tondetur,
2727 2961 2797 3021 ad
2844 2968 3286 3040 susceptorem.
3323 2958 3524 3040 Itaque
3565 2980 3720 3042 pra:—

342 3050 608 3132 ἆνάδοχον
678 3050 1129 3131 παρακαταθήκης
1209 3057 1302 3108 τοῦ
1385 3050 1819 3130 ἆποκειρομένου.
1898 3054 1992 3112 Καὶ

2078 3045 2350 3110 sentibus
2363 3047 2527 3110 hisce
2550 3048 2763 3111 litteris
2794 3048 3223 3111 mediocritatis
3244 3057 3478 3123 nostrae,
3508 3047 3725 3129 quibus

341 3139 511 3196 τοίνυν
564 3138 847 3219 προσέσται
901 3146 979 3215 τῷ
1059 3137 1390 3221 διαληφθέντι
1454 3139 1839 3219 καθηγουμένῳ
1899 3151 1992 3199 Δο-

2079 3135 2338 3199 mandati
2384 3137 2641 3199 formula
2684 3138 3042 3220 continetur,
3076 3138 3317 3217 majoris
3347 3138 3724 3201 certitudinis

345 3228 501 3305 σιθέῳ
531 3230 592 3285 τὸ
632 3231 798 3309 παρὸν
852 3226 1189 3306 ὲνταλτήριον
1245 3250 1467 3308 γραμμα
1535 3232 1633 3298 τῆς
1688 3230 1844 3306 ἡμῶν
1890 3253 1991 3308 με-

353 3319 632 3397 τριότητος
663 3320 736 3383 είς
766 3317 1078 3399 ἀσφάλειαν.

540 3442 565 3479 α
617 3411 908 3500 ’Ἐνταλμα
935 3419 1203 3499 διδόμενον
1247 3422 1367 3490 τοῖς
1395 3423 1734 3502 ἡγουμενοις.
1774 3446 1798 3483 ι

431 3515 491 3584 Ὀ
560 3532 667 3583 τῶν
737 3523 1070 3594 Ἐκκλησιῶν
1138 3523 1474 3608 διδάσκαλος,
1561 3528 1589 3583 ὁ
1656 3524 1758 3591 ἕως
1823 3549 1999 3607 τριτου

348 3620 567 3697 οὐρανοῦ
621 3614 992 3698 ἀναϐεϐηκὼς,
1064 3617 1152 3674 καὶ
1207 3615 1448 3681 ἀκούσας
1508 3614 1706 3695 ἅρῤητα
1759 3616 1995 3695 ῥήματα,

346 3708 591 3769 κάκεῖθεν
618 3707 945 3788 ἀρυσάμενος
993 3707 1082 3763 καὶ
1136 3704 1343 3786 ἐκχέων
1397 3707 1469 3770 εἷς
1540 3707 1711 3763 πάντα
1753 3708 1818 3764 τὰ
1876 3705 1999 3775 ἔθνη

348 3798 450 3867 τὴν
505 3799 648 3855 θείαν
702 3794 1037 3854 διδασκαλίαν
1108 3802 1199 3853 τοῦ
1253 3794 1402 3874 ἁγίου
1471 3794 1815 3874 Εὖαγγελίου,
1864 3797 1997 3876 πρὸς

346 3889 439 3944 τὸν
470 3886 622 3967 ἅγιον
676 3895 831 3945 Τιτον
880 3884 1119 3966 γράφων,
1176 3882 1342 3949 οὕτως
1412 3881 1513 3964 ἔφη
1549 3899 1564 3914 ⁸
1648 3884 1999 3953 Κατάστησον

348 3976 465 4034 καθ’
537 3976 768 4044 ἑκάστην
838 3973 1158 4042 Ἐκκλησίαν
1211 3970 1590 4054 πρεσϐυτέρους
1666 3975 1756 4031 καὶ
1823 3975 1995 4053 ἡγου-

348 4065 562 4142 μένους,
596 4067 671 4130 ὼς
720 4065 829 4144 ἐγώ
870 4086 953 4123 σοι
996 4060 1326 4140 διεταξάμεν.
1372 4062 1550 4140 Ταύτῃ
1600 4065 1686 4120 οὗν
1729 4070 1800 4141 τῇ
1848 4061 1998 4121 διδα-

350 4154 543 4229 σκαλίᾳ
593 4154 1014 4213 ἔπακολουθοῦσα
1083 4155 1119 4222 ἡ
1175 4154 1335 4230 ἡμῶν
1378 4152 1689 4231 μετριότης,
1770 4174 1999 4234 προχειο

346 4247 539 4326 ρίζεται
566 4245 668 4314 τὴν
696 4242 968 4303 εὐλάϐειαν
1034 4245 1181 4321 ὑμῶν
1230 4244 1304 4307 εἷς
1361 4244 1424 4300 τὸ
1480 4241 1757 4323 εἰρημένον
1815 4243 2001 4321 εὐαγὲς

352 4335 733 4418 μοναστήριον,
790 4335 880 4392 καὶ
961 4333 1252 4414 ἐπικρατὴς
1304 4333 1467 4415 06106
1521 4333 1701 4412 γενοῦ,
1762 4330 1875 4408 ἅμα
1903 4331 2003 4389 καὶ

347 4425 563 4483 πάντων
639 4429 747 4482 τῶν
828 4422 1076 4481 ἀνέκαθεν
1159 4419 1553 4498 δικαιωμάτων,
1639 4426 1807 4478 ποιῶν
1875 4427 2005 4479 πᾶσι

347 4513 449 4583 τήν
506 4511 774 4595 φροντίδα,
843 4514 933 4570 καὶ
990 4512 1091 4581 τὴν
1141 4509 1402 4580 διοίκησιν
1466 4520 1563 4570 τοῦ
1629 4513 1786 4570 αὐτοῦ
1828 4532 2004 4585 μονα-

349 4603 567 4686 στηρίου
605 4621 622 4638 ⁸
667 4608 853 4683 πρῶτα
903 4602 1001 4680 μὲν
1049 4601 1147 4670 τὴν
1204 4602 1405 4672 συνήθη
1456 4598 1759 4679 δοξολογίαν
1786 4599 1876 4656 καὶ
1906 4597 2004 4655 αἵ-

350 4715 494 4751 νεσιν
549 4694 880 4770 ἀναπέμπων
934 4693 1107 4773 Κυρίῳ
1160 4698 1239 4767 τῷ
1324 4695 1442 4765 Θεῷ
1489 4692 1646 4766 ἡμῶν
1704 4689 1839 4766 μετὰ
1899 4694 2006 4746 τῶν

348 4782 792 4863 ὑποτεταγμένων
839 4788 1121 4862 μοναχῶν,
1179 4778 1383 4863 ὄρθρον,
1453 4781 1541 4837 καὶ
1604 4775 1890 4860 λυχ....7⁴
1915 4779 2004 4836 καὶ

347 4874 443 4938 τὰς
502 4872 833 4954 ἂρμοζούσας
873 4871 1039 4953 ὥρας.
1104 4869 1209 4930 Εἶθ’
1282 4870 1448 4934 οὕτως
1519 4871 1607 4926 καὶ
1647 4867 2004 4951 φωταγωγίαν

2079 3243 2255 3288 causa
2286 3225 2480 3289 dictus
2510 3226 2692 3290 abbas
2726 3227 3043 3291 Dositheus
3071 3234 3292 3290 utetur.

2157 3418 2539 3501 Mandatum,
2570 3421 2726 3501 quod
2755 3419 3069 3483 abbatibu:
3096 3418 3405 3501 prioribus
3434 3420 3641 3485 datur.

2158 3520 2561 3584 Ecclesiarum
2594 3523 2695 3585 ile
2727 3523 2955 3599 doctor,
2999 3522 3099 3605 qui
3146 3521 3219 3583 ad
3266 3522 3507 3585 tertium
3538 3541 3730 3605 usque

2081 3610 2296 3673 cadum
2328 3612 2622 3693 ascendit,
2650 3621 2707 3675 et
2735 3612 2957 3674 audivit
2978 3610 3302 3674 ineﬂ‘abilia
3322 3610 3527 3685 verba,
3552 3619 3730 3693 atque

2080 3699 2223 3761 hinc
2252 3699 2508 3763 divinam
2549 3702 2738 3763 sancti
2778 3700 3077 3780 Evangelii
3122 3700 3454 3763 doctrinam
3505 3700 3723 3779 hausit,

2081 3807 2255 3870 quam
2282 3788 2342 3850 in
2375 3808 2585 3852 omnes
2614 3797 2822 3869 gentes
2852 3790 3082 3871 etiudit,
3116 3789 3186 3851 ad
3222 3795 3493 3850 sanctum
3523 3788 3720 3851 Titum

2081 3877 2377 3956 scribens,
2411 3879 2538 3941 haac
2566 3879 2750 3942 verba
2802 3880 2997 3961 posuit
3030 3902 3046 3957 ς
3080 3877 3437 3943 Constituito
3466 3876 3733 3960 qualibet

2080 3967 2143 4029 in
2171 3968 2424 4032 ecclesia
2445 3969 2823 4051 presbyteros
2836 3978 2893 4032 et
2907 3967 3727 4050 praesules,quemadmodum

2083 4076 2192 4137 ego
2247 4058 2352 4121 tibi
2396 4060 2677 4141 praecepi.
2724 4061 2889 4123 Hanc
2938 4077 3078 4137 ergo
3110 4056 3443 4121 doctrinam
3473 4075 3732 4139 sequens

2083 4148 2466 4210 mediocritas
2497 4165 2703 4213 nostra
2729 4149 2881 4231 (53),
2908 4147 3173 4231 praefecit
3203 4146 3600 4210 reverentiam
3624 4165 3729 4210 ve-

2082 4242 2263 4298 stram
2289 4236 2551 4301 indicato
2571 4238 2851 4319 religioso
2881 4236 3246 4300 monasterio
3274 4258 3287 4296 :
3313 4235 3484 4317 cujus
3506 4244 3565 4298 tu
3598 4254 3735 4317 pos-

2087 4326 2419 4389 sessionem
2485 4327 2761 4409 accipito,
2820 4346 2955 4390 cum
3016 4326 3296 4389 omnibus
3354 4325 3733 4407 superiorum

2088 4422 2456 4497 temporums
2477 4416 2738 4498 juribus;
2772 4435 2977 4481 curam
2999 4435 3134 4479 cum
3159 4415 3407 4478 aliorum
3436 4414 3729 4492 omnium,

2091 4511 2213 4565 tum
2254 4506 2791 4569 administrationis
2832 4506 3100 4586 ejusdem
3144 4503 3487 4566 monasterii
3511 4503 3598 4565 sic
3621 4520 3732 4583 ge-

2087 4602 2324 4669 rens,ut
2350 4596 2608 4676 primum
2641 4605 2983 4659 consuetam
3017 4592 3479 4659 celebrationem
3511 4610 3581 4654 ac
3599 4591 3733 4653 lau-

2086 4682 2225 4745 dem
2245 4682 2497 4747 Domino
2524 4691 2642 4749 Deo
2675 4695 2878 4748 nostro
2909 4701 3146 4747 sursum
3180 4681 3401 4762 mittas,
3440 4698 3557 4742 una
3598 4699 3734 4742 cum

2087 4770 2375 4853 subjectis
2404 4773 2514 4835 tibi
2546 4775 2877 4850 monachis,
2905 4781 3019 4834 tam
3047 4789 3245 4848 mane,
3275 4788 3452 4852 quam
3474 4770 3733 4851 vesperi,

2086 4863 2350 4927 lucernis
2378 4867 2673 4949 accensis,
2729 4866 2981 4948 aliisque
3010 4862 3493 4944 competentibus
3529 4861 3736 4939 horis;

346 4963 447 5031 τὴν
470 4952 855 5044 αὐταρκοῦσαν,
884 4952 974 5019 καί
1030 4960 1083 5018 εἴ
1138 4984 1190 5018 τι
1253 4958 1301 5017 δ’
1343 4961 1406 5019 ἃν
1448 4957 1720 5027 ὲπιδέηται
1752 4960 1781 5015 ὁ
1811 4957 1992 5037 εὖαγὴς

2087 4953 2311 5044 deinde
2341 4964 2624 5037 quantum
2648 4956 2793 5019 satis
2823 4965 2914 5018 est
2940 4952 3327 5044 luminarium
3359 4960 3740 5044 procures,et

348 5053 491 5116 οἰκος
575 5039 649 5132 είς
707 5039 1062 5132 ἒπανόρθωσιν
1130 5050 1436 5127 κτισμάτων
1493 5049 1582 5107 καὶ
1640 5047 1830 5113 ἑτέρων
1874 5069 1992 5126 πρα·

2087 5041 2139 5105 si
2180 5043 2322 5125 quid
2357 5045 2656 5127 religiosae
2684 5045 2889 5109 domui
2919 5061 3069 5125 opus
3099 5042 3213 5132 erit
3240 5042 3314 5104 ad
3347 5039 3734 5132 refectionem

347 5142 592 5219 γμάτων.
628 5131 780 5210 ’Ἡδη
807 5130 909 5222 γὰρ
958 5146 1134 5197 πᾶσαν
1185 5136 1428 5220 φροντίδα
1499 5136 1848 5213 ἆνατιθέμεθὰ
1890 5157 1992 5211 σοι¹

2087 5134 2477 5198 aediﬁciorum
2508 5137 2876 5218 aliarumque
2907 5151 3129 5197 rerum.
3157 5130 3408 5222 Omnem
3436 5130 3597 5222 enim
3620 5131 3738 5193 sol-

347 5232 422 5295 ὡς
454 5230 713 5313 ὀφείλοντι
740 5219 954 5290 πάντων
981 5219 1322 5311 προνοεῖσθαι
1365 5226 1641 5306 ἐμμελῶς.

2085 5222 2460 5288 licitudinem
2496 5226 2601 5289 tibi
2629 5245 2787 5289 nunc
2817 5223 3206 5313 imponimus,
3239 5220 3325 5284 uti
3346 5221 3449 5302 qui
3485 5219 3740 5294 diligen-

2083 5320 2175 5376 ter
2202 5314 2500 5379 universis
2530 5315 2876 5399 prospicere
2904 5312 3152 5379 debeas.

1676 5480 1934 5548 VARUE
1974 5481 2428 5552 LECTIONES.

430 5570 496 5622 74
516 5569 874 5656 λυχνοκαίαν.

434 5788 564 5874 (53)
597 5787 796 5855 Verba
824 5789 1175 5872 patriarchae
1925 5697 2154 5767 NOTE
